symbol,name,ticktime,price,volume,prev_price,kind
sz002517,恺英网络,2025-10-23 09:25:00,24.18,39500,0.0,D
sz002517,恺英网络,2025-10-23 09:30:00,24.2,17800,24.18,U
sz002517,恺英网络,2025-10-23 09:30:03,24.19,45200,24.2,D
sz002517,恺英网络,2025-10-23 09:30:06,24.23,15400,24.19,E
sz002517,恺英网络,2025-10-23 09:30:09,24.19,23900,24.23,D
sz002517,恺英网络,2025-10-23 09:30:12,24.18,20900,24.19,D
sz002517,恺英网络,2025-10-23 09:30:15,24.16,87300,24.18,D
sz002517,恺英网络,2025-10-23 09:30:18,24.13,35300,24.16,D
sz002517,恺英网络,2025-10-23 09:30:21,24.14,33500,24.13,U
sz002517,恺英网络,2025-10-23 09:30:27,24.14,17600,24.1,U
sz002517,恺英网络,2025-10-23 09:30:30,24.19,65100,24.14,U
sz002517,恺英网络,2025-10-23 09:30:33,24.16,17700,24.19,D
sz002517,恺英网络,2025-10-23 09:30:36,24.17,10500,24.16,U
sz002517,恺英网络,2025-10-23 09:30:48,24.13,9800,24.14,D
sz002517,恺英网络,2025-10-23 09:30:57,24.14,10000,24.13,U
sz002517,恺英网络,2025-10-23 09:31:00,24.14,22000,24.14,D
sz002517,恺英网络,2025-10-23 09:31:03,24.08,27000,24.14,D
sz002517,恺英网络,2025-10-23 09:31:06,24.06,13400,24.08,D
sz002517,恺英网络,2025-10-23 09:31:09,24.04,16300,24.06,D
sz002517,恺英网络,2025-10-23 09:31:12,24.07,115900,24.04,U
sz002517,恺英网络,2025-10-23 09:31:15,24.12,16400,24.07,U
sz002517,恺英网络,2025-10-23 09:31:21,24.07,14900,24.09,D
sz002517,恺英网络,2025-10-23 09:31:30,24.07,11000,24.09,D
sz002517,恺英网络,2025-10-23 09:31:33,24.06,22800,24.07,D
sz002517,恺英网络,2025-10-23 09:31:39,24.05,35500,24.04,U
sz002517,恺英网络,2025-10-23 09:31:51,24.03,14900,24.02,U
sz002517,恺英网络,2025-10-23 09:31:57,24.01,38700,24.05,D
sz002517,恺英网络,2025-10-23 09:32:06,24.02,9700,24.03,D
sz002517,恺英网络,2025-10-23 09:32:15,24.01,20100,24.01,D
sz002517,恺英网络,2025-10-23 09:32:18,24.01,51500,24.01,D
sz002517,恺英网络,2025-10-23 09:32:24,24.1,12800,24.05,U
sz002517,恺英网络,2025-10-23 09:32:30,24.1,15300,24.1,D
sz002517,恺英网络,2025-10-23 09:32:39,24.08,13000,24.09,D
sz002517,恺英网络,2025-10-23 09:32:42,24.1,11000,24.08,U
sz002517,恺英网络,2025-10-23 09:32:51,24.09,9800,24.09,D
sz002517,恺英网络,2025-10-23 09:32:57,24.14,15800,24.12,U
sz002517,恺英网络,2025-10-23 09:33:09,24.16,48800,24.13,U
sz002517,恺英网络,2025-10-23 09:33:51,24.1,18100,24.11,D
sz002517,恺英网络,2025-10-23 09:34:03,24.05,11900,24.07,D
sz002517,恺英网络,2025-10-23 09:34:09,24.05,33300,24.05,D
sz002517,恺英网络,2025-10-23 09:34:12,24.05,11500,24.05,U
sz002517,恺英网络,2025-10-23 09:34:21,24.05,12200,24.05,U
sz002517,恺英网络,2025-10-23 09:34:33,24.02,10000,24.02,D
sz002517,恺英网络,2025-10-23 09:34:36,24.02,8500,24.02,D
sz002517,恺英网络,2025-10-23 09:34:48,24.04,12700,24.05,D
sz002517,恺英网络,2025-10-23 09:35:00,24.06,11900,24.07,E
sz002517,恺英网络,2025-10-23 09:35:48,24.06,12800,24.06,U
sz002517,恺英网络,2025-10-23 09:36:03,24.08,12900,24.06,U
sz002517,恺英网络,2025-10-23 09:37:18,24.06,48300,24.02,U
sz002517,恺英网络,2025-10-23 09:37:21,24.1,12400,24.06,U
sz002517,恺英网络,2025-10-23 09:37:33,24.08,15800,24.09,E
sz002517,恺英网络,2025-10-23 09:37:42,24.07,67000,24.07,U
sz002517,恺英网络,2025-10-23 09:37:48,24.04,52800,24.04,D
sz002517,恺英网络,2025-10-23 09:37:54,24.05,20300,24.04,E
sz002517,恺英网络,2025-10-23 09:37:57,24.08,12900,24.05,U
sz002517,恺英网络,2025-10-23 09:38:00,24.1,13600,24.08,U
sz002517,恺英网络,2025-10-23 09:38:30,24.05,18800,24.05,D
sz002517,恺英网络,2025-10-23 09:38:33,24.08,15600,24.05,E
sz002517,恺英网络,2025-10-23 09:38:45,24.1,17700,24.08,U
sz002517,恺英网络,2025-10-23 09:39:03,24.05,9300,24.09,D
sz002517,恺英网络,2025-10-23 09:39:30,24.03,12100,24.04,D
sz002517,恺英网络,2025-10-23 09:39:57,24.0,9200,24.01,D
sz002517,恺英网络,2025-10-23 09:40:00,23.98,127900,24.0,D
sz002517,恺英网络,2025-10-23 09:40:03,24.0,29200,23.98,U
sz002517,恺英网络,2025-10-23 09:40:06,23.97,14600,24.0,D
sz002517,恺英网络,2025-10-23 09:40:09,23.96,10800,23.97,D
sz002517,恺英网络,2025-10-23 09:40:12,23.96,20500,23.96,D
sz002517,恺英网络,2025-10-23 09:40:18,23.96,32800,23.96,E
sz002517,恺英网络,2025-10-23 09:40:21,23.97,9800,23.96,D
sz002517,恺英网络,2025-10-23 09:40:33,23.97,11100,23.97,E
sz002517,恺英网络,2025-10-23 09:40:36,23.97,43500,23.97,U
sz002517,恺英网络,2025-10-23 09:41:03,23.98,30800,23.95,U
sz002517,恺英网络,2025-10-23 09:41:12,23.97,8400,23.96,U
sz002517,恺英网络,2025-10-23 09:41:15,23.99,38800,23.97,U
sz002517,恺英网络,2025-10-23 09:41:24,24.03,26000,24.0,U
sz002517,恺英网络,2025-10-23 09:41:39,24.01,30900,24.05,D
sz002517,恺英网络,2025-10-23 09:42:03,24.04,8800,24.04,D
sz002517,恺英网络,2025-10-23 09:42:51,24.01,54400,23.99,U
sz002517,恺英网络,2025-10-23 09:43:03,23.99,8600,24.0,D
sz002517,恺英网络,2025-10-23 09:43:06,23.99,9000,23.99,D
sz002517,恺英网络,2025-10-23 09:43:09,23.97,12000,23.99,D
sz002517,恺英网络,2025-10-23 09:43:12,24.0,23200,23.97,U
sz002517,恺英网络,2025-10-23 09:43:30,24.03,25100,24.01,U
sz002517,恺英网络,2025-10-23 09:43:33,24.02,40500,24.03,D
sz002517,恺英网络,2025-10-23 09:43:36,23.99,11000,24.02,D
sz002517,恺英网络,2025-10-23 09:44:03,24.01,19200,24.02,D
sz002517,恺英网络,2025-10-23 09:44:12,24.06,29300,24.01,U
sz002517,恺英网络,2025-10-23 09:44:39,24.08,14600,24.06,U
sz002517,恺英网络,2025-10-23 09:44:48,24.11,9900,24.09,U
sz002517,恺英网络,2025-10-23 09:44:57,24.11,8300,24.11,U
sz002517,恺英网络,2025-10-23 09:45:15,24.05,9800,24.09,D
sz002517,恺英网络,2025-10-23 09:46:09,24.03,16000,24.03,U
sz002517,恺英网络,2025-10-23 09:46:18,24.02,14600,24.01,E
sz002517,恺英网络,2025-10-23 09:46:21,24.04,11000,24.02,U
sz002517,恺英网络,2025-10-23 09:46:36,24.05,150400,24.0,U
sz002517,恺英网络,2025-10-23 09:46:54,24.08,13900,24.08,E
sz002517,恺英网络,2025-10-23 09:47:12,24.1,30000,24.07,U
sz002517,恺英网络,2025-10-23 09:47:15,24.07,16200,24.1,D
sz002517,恺英网络,2025-10-23 09:48:09,24.05,11700,24.06,D
sz002517,恺英网络,2025-10-23 09:48:33,24.05,12500,24.05,D
sz002517,恺英网络,2025-10-23 09:49:09,24.08,12900,24.08,D
sz002517,恺英网络,2025-10-23 09:50:30,24.06,8700,24.07,D
sz002517,恺英网络,2025-10-23 09:50:45,24.05,52400,24.06,D
sz002517,恺英网络,2025-10-23 09:50:48,24.04,11300,24.05,D
sz002517,恺英网络,2025-10-23 09:51:00,24.0,18700,24.01,D
sz002517,恺英网络,2025-10-23 09:51:48,24.06,30300,24.04,U
sz002517,恺英网络,2025-10-23 09:51:57,24.1,25000,24.08,U
sz002517,恺英网络,2025-10-23 09:52:03,24.08,11900,24.08,U
sz002517,恺英网络,2025-10-23 09:52:57,24.04,10400,24.05,D
sz002517,恺英网络,2025-10-23 09:53:03,24.03,14600,24.05,D
sz002517,恺英网络,2025-10-23 09:54:06,24.05,10200,24.05,D
sz002517,恺英网络,2025-10-23 09:54:09,24.07,10400,24.05,U
sz002517,恺英网络,2025-10-23 09:54:12,24.04,10800,24.07,D
sz002517,恺英网络,2025-10-23 09:54:15,24.09,12000,24.04,U
sz002517,恺英网络,2025-10-23 09:54:57,24.05,11200,24.07,D
sz002517,恺英网络,2025-10-23 09:55:03,24.02,13000,24.03,D
sz002517,恺英网络,2025-10-23 09:55:06,24.01,9400,24.02,D
sz002517,恺英网络,2025-10-23 09:55:27,24.0,9900,24.0,D
sz002517,恺英网络,2025-10-23 09:55:45,24.0,23700,24.0,D
sz002517,恺英网络,2025-10-23 09:55:54,24.02,16300,24.02,D
sz002517,恺英网络,2025-10-23 09:56:06,24.0,10900,24.0,D
sz002517,恺英网络,2025-10-23 09:57:12,24.05,16700,24.06,D
sz002517,恺英网络,2025-10-23 09:57:21,24.0,11400,24.02,D
sz002517,恺英网络,2025-10-23 09:57:27,24.0,9500,24.01,D
sz002517,恺英网络,2025-10-23 09:57:30,24.0,14200,24.0,D
sz002517,恺英网络,2025-10-23 09:57:39,24.01,10300,24.01,D
sz002517,恺英网络,2025-10-23 09:58:21,23.99,79100,24.01,D
sz002517,恺英网络,2025-10-23 09:58:36,23.98,9900,23.99,D
sz002517,恺英网络,2025-10-23 09:59:30,24.01,10400,24.03,D
sz002517,恺英网络,2025-10-23 09:59:33,24.04,9400,24.01,U
sz002517,恺英网络,2025-10-23 09:59:57,24.04,8800,24.02,U
sz002517,恺英网络,2025-10-23 10:00:00,24.06,14500,24.04,U
sz002517,恺英网络,2025-10-23 10:00:18,24.05,10100,24.06,D
sz002517,恺英网络,2025-10-23 10:01:09,24.01,14300,24.01,D
sz002517,恺英网络,2025-10-23 10:01:15,24.0,15400,24.01,D
sz002517,恺英网络,2025-10-23 10:01:21,23.98,33900,24.01,D
sz002517,恺英网络,2025-10-23 10:01:33,24.0,19300,23.98,U
sz002517,恺英网络,2025-10-23 10:02:00,23.99,9400,23.98,U
sz002517,恺英网络,2025-10-23 10:02:03,23.98,20900,23.99,U
sz002517,恺英网络,2025-10-23 10:02:24,24.02,9600,24.0,U
sz002517,恺英网络,2025-10-23 10:03:03,23.99,15600,24.0,D
sz002517,恺英网络,2025-10-23 10:03:06,23.99,13500,23.99,E
sz002517,恺英网络,2025-10-23 10:03:24,24.02,13800,24.02,E
sz002517,恺英网络,2025-10-23 10:03:57,24.02,9800,24.02,U
sz002517,恺英网络,2025-10-23 10:04:03,24.03,8600,24.02,U
sz002517,恺英网络,2025-10-23 10:04:51,24.0,17500,24.01,D
sz002517,恺英网络,2025-10-23 10:04:54,24.0,9200,24.0,D
sz002517,恺英网络,2025-10-23 10:05:57,23.97,66700,23.98,D
sz002517,恺英网络,2025-10-23 10:06:06,24.0,23000,23.97,U
sz002517,恺英网络,2025-10-23 10:07:03,24.03,26900,24.0,U
sz002517,恺英网络,2025-10-23 10:07:15,24.03,9600,24.03,D
sz002517,恺英网络,2025-10-23 10:07:42,24.06,40500,24.01,U
sz002517,恺英网络,2025-10-23 10:07:45,24.08,22800,24.06,U
sz002517,恺英网络,2025-10-23 10:09:21,24.05,9300,24.06,D
sz002517,恺英网络,2025-10-23 10:10:03,24.06,29300,24.06,U
sz002517,恺英网络,2025-10-23 10:10:09,24.06,12500,24.07,D
sz002517,恺英网络,2025-10-23 10:10:21,24.08,19100,24.05,U
sz002517,恺英网络,2025-10-23 10:10:54,24.09,9600,24.08,U
sz002517,恺英网络,2025-10-23 10:11:21,24.08,55200,24.09,D
sz002517,恺英网络,2025-10-23 10:12:06,24.07,85300,24.06,U
sz002517,恺英网络,2025-10-23 10:12:24,24.09,58100,24.08,U
sz002517,恺英网络,2025-10-23 10:12:48,24.08,11200,24.08,U
sz002517,恺英网络,2025-10-23 10:13:12,24.1,13200,24.08,U
sz002517,恺英网络,2025-10-23 10:13:15,24.11,36400,24.1,U
sz002517,恺英网络,2025-10-23 10:13:57,24.08,9400,24.1,D
sz002517,恺英网络,2025-10-23 10:15:36,23.92,246000,24.03,D
sz002517,恺英网络,2025-10-23 10:15:39,23.93,20200,23.92,E
sz002517,恺英网络,2025-10-23 10:15:42,23.94,14200,23.93,E
sz002517,恺英网络,2025-10-23 10:15:45,23.94,12000,23.94,U
sz002517,恺英网络,2025-10-23 10:16:06,23.93,13100,23.94,D
sz002517,恺英网络,2025-10-23 10:16:09,23.95,11300,23.93,U
sz002517,恺英网络,2025-10-23 10:16:18,23.95,21500,23.96,D
sz002517,恺英网络,2025-10-23 10:16:39,23.94,19300,23.93,U
sz002517,恺英网络,2025-10-23 10:16:54,23.92,11000,23.93,D
sz002517,恺英网络,2025-10-23 10:16:57,23.92,22500,23.92,E
sz002517,恺英网络,2025-10-23 10:17:03,23.97,8500,23.9,U
sz002517,恺英网络,2025-10-23 10:17:15,23.93,11100,23.93,D
sz002517,恺英网络,2025-10-23 10:17:39,23.92,18900,23.93,U
sz002517,恺英网络,2025-10-23 10:17:42,23.88,221500,23.92,D
sz002517,恺英网络,2025-10-23 10:17:51,23.89,15700,23.89,E
sz002517,恺英网络,2025-10-23 10:17:54,23.89,15700,23.89,D
sz002517,恺英网络,2025-10-23 10:18:00,23.89,29100,23.89,E
sz002517,恺英网络,2025-10-23 10:18:03,23.91,48200,23.89,E
sz002517,恺英网络,2025-10-23 10:18:12,23.91,42800,23.91,D
sz002517,恺英网络,2025-10-23 10:18:21,23.95,9700,23.94,U
sz002517,恺英网络,2025-10-23 10:18:36,23.93,12700,23.92,E
sz002517,恺英网络,2025-10-23 10:18:45,23.92,9600,23.94,D
sz002517,恺英网络,2025-10-23 10:18:57,23.95,9300,23.92,U
sz002517,恺英网络,2025-10-23 10:19:03,23.95,12300,23.94,E
sz002517,恺英网络,2025-10-23 10:19:06,23.96,17300,23.95,E
sz002517,恺英网络,2025-10-23 10:19:18,23.94,14000,23.96,D
sz002517,恺英网络,2025-10-23 10:19:27,23.93,9200,23.94,D
sz002517,恺英网络,2025-10-23 10:19:42,23.96,10300,23.93,U
sz002517,恺英网络,2025-10-23 10:19:54,23.98,18200,23.95,U
sz002517,恺英网络,2025-10-23 10:20:12,24.0,10000,23.97,U
sz002517,恺英网络,2025-10-23 10:20:18,24.02,10500,24.0,U
sz002517,恺英网络,2025-10-23 10:20:24,24.02,26400,24.01,U
sz002517,恺英网络,2025-10-23 10:20:30,24.05,11000,24.02,U
sz002517,恺英网络,2025-10-23 10:20:36,24.0,11900,24.01,D
sz002517,恺英网络,2025-10-23 10:20:45,24.0,10800,24.03,D
sz002517,恺英网络,2025-10-23 10:20:51,24.01,12500,24.0,D
sz002517,恺英网络,2025-10-23 10:20:54,24.05,12600,24.01,U
sz002517,恺英网络,2025-10-23 10:21:12,23.99,23100,23.97,U
sz002517,恺英网络,2025-10-23 10:21:42,23.93,30500,23.94,D
sz002517,恺英网络,2025-10-23 10:21:54,23.92,22000,23.92,D
sz002517,恺英网络,2025-10-23 10:21:57,23.9,21900,23.92,D
sz002517,恺英网络,2025-10-23 10:22:06,23.87,224800,23.9,D
sz002517,恺英网络,2025-10-23 10:22:09,23.87,8500,23.87,U
sz002517,恺英网络,2025-10-23 10:22:12,23.88,10300,23.87,U
sz002517,恺英网络,2025-10-23 10:22:21,23.88,8800,23.88,D
sz002517,恺英网络,2025-10-23 10:22:24,23.88,11100,23.88,U
sz002517,恺英网络,2025-10-23 10:22:27,23.87,9400,23.88,D
sz002517,恺英网络,2025-10-23 10:22:30,23.87,13400,23.87,D
sz002517,恺英网络,2025-10-23 10:22:33,23.85,39200,23.87,D
sz002517,恺英网络,2025-10-23 10:22:36,23.83,18800,23.85,D
sz002517,恺英网络,2025-10-23 10:22:39,23.84,11200,23.83,E
sz002517,恺英网络,2025-10-23 10:22:45,23.84,65400,23.85,D
sz002517,恺英网络,2025-10-23 10:22:54,23.84,14800,23.84,D
sz002517,恺英网络,2025-10-23 10:23:21,23.84,13600,23.84,D
sz002517,恺英网络,2025-10-23 10:23:39,23.83,64500,23.83,D
sz002517,恺英网络,2025-10-23 10:23:42,23.81,32300,23.83,D
sz002517,恺英网络,2025-10-23 10:23:45,23.8,173700,23.81,D
sz002517,恺英网络,2025-10-23 10:23:51,23.8,26300,23.79,U
sz002517,恺英网络,2025-10-23 10:23:54,23.81,10800,23.8,E
sz002517,恺英网络,2025-10-23 10:24:03,23.9,13800,23.82,U
sz002517,恺英网络,2025-10-23 10:24:45,23.91,14700,23.9,E
sz002517,恺英网络,2025-10-23 10:24:51,23.9,21600,23.9,U
sz002517,恺英网络,2025-10-23 10:24:54,23.9,28700,23.9,E
sz002517,恺英网络,2025-10-23 10:24:57,23.9,10800,23.9,D
sz002517,恺英网络,2025-10-23 10:25:00,23.93,12100,23.9,U
sz002517,恺英网络,2025-10-23 10:25:09,23.88,12300,23.91,D
sz002517,恺英网络,2025-10-23 10:25:12,23.9,13900,23.88,E
sz002517,恺英网络,2025-10-23 10:25:24,23.89,9700,23.88,U
sz002517,恺英网络,2025-10-23 10:25:42,23.87,26600,23.87,D
sz002517,恺英网络,2025-10-23 10:25:57,23.93,26600,23.89,U
sz002517,恺英网络,2025-10-23 10:26:06,23.92,9000,23.92,U
sz002517,恺英网络,2025-10-23 10:26:12,23.93,12500,23.92,U
sz002517,恺英网络,2025-10-23 10:26:30,23.92,13500,23.91,U
sz002517,恺英网络,2025-10-23 10:26:48,23.86,10400,23.87,D
sz002517,恺英网络,2025-10-23 10:26:51,23.9,13800,23.86,U
sz002517,恺英网络,2025-10-23 10:26:54,23.9,13300,23.9,D
sz002517,恺英网络,2025-10-23 10:27:00,23.92,17700,23.91,U
sz002517,恺英网络,2025-10-23 10:27:21,23.94,23100,23.93,U
sz002517,恺英网络,2025-10-23 10:27:51,23.91,23700,23.92,D
sz002517,恺英网络,2025-10-23 10:28:42,23.96,10300,23.95,U
sz002517,恺英网络,2025-10-23 10:30:18,23.97,9900,23.97,D
sz002517,恺英网络,2025-10-23 10:30:36,23.96,8700,23.95,U
sz002517,恺英网络,2025-10-23 10:31:18,23.95,12700,23.95,D
sz002517,恺英网络,2025-10-23 10:31:30,23.94,10400,23.95,D
sz002517,恺英网络,2025-10-23 10:32:12,23.97,14000,23.95,E
sz002517,恺英网络,2025-10-23 10:33:09,23.97,9800,23.95,U
sz002517,恺英网络,2025-10-23 10:33:33,24.02,29400,23.97,U
sz002517,恺英网络,2025-10-23 10:33:36,24.02,22200,24.02,D
sz002517,恺英网络,2025-10-23 10:33:42,24.02,12900,24.02,D
sz002517,恺英网络,2025-10-23 10:33:45,24.06,15600,24.02,U
sz002517,恺英网络,2025-10-23 10:34:42,24.02,17800,24.02,U
sz002517,恺英网络,2025-10-23 10:35:45,24.03,8900,24.02,U
sz002517,恺英网络,2025-10-23 10:35:54,24.0,8700,24.02,D
sz002517,恺英网络,2025-10-23 10:37:33,23.95,15600,23.93,U
sz002517,恺英网络,2025-10-23 10:40:21,23.94,9700,23.95,D
sz002517,恺英网络,2025-10-23 10:40:24,23.95,16500,23.94,U
sz002517,恺英网络,2025-10-23 10:40:27,23.94,8400,23.95,E
sz002517,恺英网络,2025-10-23 10:40:39,23.94,9300,23.95,D
sz002517,恺英网络,2025-10-23 10:40:57,23.95,15000,23.93,U
sz002517,恺英网络,2025-10-23 10:41:24,23.92,9800,23.93,D
sz002517,恺英网络,2025-10-23 10:42:00,23.9,9800,23.9,D
sz002517,恺英网络,2025-10-23 10:42:18,23.96,14100,23.9,U
sz002517,恺英网络,2025-10-23 10:42:24,23.91,9900,23.94,D
sz002517,恺英网络,2025-10-23 10:42:30,23.93,8600,23.96,E
sz002517,恺英网络,2025-10-23 10:42:42,23.94,9100,23.93,E
sz002517,恺英网络,2025-10-23 10:43:15,23.99,8500,23.97,U
sz002517,恺英网络,2025-10-23 10:44:00,23.94,8800,23.96,D
sz002517,恺英网络,2025-10-23 10:44:12,23.93,18600,23.94,D
sz002517,恺英网络,2025-10-23 10:44:36,23.93,8500,23.92,E
sz002517,恺英网络,2025-10-23 10:44:42,23.92,11600,23.92,D
sz002517,恺英网络,2025-10-23 10:46:00,23.94,12800,23.94,U
sz002517,恺英网络,2025-10-23 10:47:18,24.03,37800,23.99,U
sz002517,恺英网络,2025-10-23 10:48:00,23.99,8900,24.0,D
sz002517,恺英网络,2025-10-23 10:48:39,23.97,10800,23.98,D
sz002517,恺英网络,2025-10-23 10:50:00,23.99,31300,24.01,D
sz002517,恺英网络,2025-10-23 10:50:03,24.0,9200,23.99,U
sz002517,恺英网络,2025-10-23 10:51:42,23.97,11000,23.95,U
sz002517,恺英网络,2025-10-23 10:51:51,24.0,10000,23.97,U
sz002517,恺英网络,2025-10-23 10:52:12,23.97,13400,23.97,D
sz002517,恺英网络,2025-10-23 10:52:21,24.02,19900,23.97,U
sz002517,恺英网络,2025-10-23 10:52:54,24.02,9800,24.02,D
sz002517,恺英网络,2025-10-23 10:53:03,24.0,9300,24.02,D
sz002517,恺英网络,2025-10-23 10:53:18,24.0,26000,24.01,D
sz002517,恺英网络,2025-10-23 10:53:36,24.01,10400,24.03,D
sz002517,恺英网络,2025-10-23 10:53:48,24.07,69300,24.01,U
sz002517,恺英网络,2025-10-23 10:53:54,24.06,9600,24.07,D
sz002517,恺英网络,2025-10-23 10:54:09,24.06,11100,24.06,D
sz002517,恺英网络,2025-10-23 10:54:12,24.07,8800,24.06,U
sz002517,恺英网络,2025-10-23 10:57:12,24.0,11300,24.03,D
sz002517,恺英网络,2025-10-23 10:58:57,24.03,11800,24.04,D
sz002517,恺英网络,2025-10-23 10:59:51,24.02,10000,24.03,D
sz002517,恺英网络,2025-10-23 11:00:03,24.0,27400,24.03,D
sz002517,恺英网络,2025-10-23 11:01:21,23.96,14400,23.97,D
sz002517,恺英网络,2025-10-23 11:02:57,23.96,19000,23.96,D
sz002517,恺英网络,2025-10-23 11:03:09,23.94,8700,23.95,D
sz002517,恺英网络,2025-10-23 11:04:30,23.96,16900,23.93,U
sz002517,恺英网络,2025-10-23 11:04:33,23.97,10700,23.96,U
sz002517,恺英网络,2025-10-23 11:04:57,24.0,20000,23.95,U
sz002517,恺英网络,2025-10-23 11:05:03,23.96,24700,24.0,D
sz002517,恺英网络,2025-10-23 11:05:09,24.0,10000,23.96,U
sz002517,恺英网络,2025-10-23 11:05:15,24.0,10000,23.97,U
sz002517,恺英网络,2025-10-23 11:05:42,23.98,21000,23.98,D
sz002517,恺英网络,2025-10-23 11:08:54,23.97,11900,23.96,U
sz002517,恺英网络,2025-10-23 11:09:06,24.01,14500,24.01,U
sz002517,恺英网络,2025-10-23 11:10:09,24.01,10100,24.01,D
sz002517,恺英网络,2025-10-23 11:10:12,24.01,14500,24.01,D
sz002517,恺英网络,2025-10-23 11:10:15,24.0,9000,24.01,D
sz002517,恺英网络,2025-10-23 11:10:42,24.01,11900,24.01,U
sz002517,恺英网络,2025-10-23 11:11:12,24.03,19400,24.03,U
sz002517,恺英网络,2025-10-23 11:11:54,23.98,12100,24.02,D
sz002517,恺英网络,2025-10-23 11:12:03,23.98,8500,23.99,D
sz002517,恺英网络,2025-10-23 11:12:24,24.05,9700,24.03,U
sz002517,恺英网络,2025-10-23 11:13:45,24.02,24700,23.99,U
sz002517,恺英网络,2025-10-23 11:14:15,24.0,10300,24.0,D
sz002517,恺英网络,2025-10-23 11:14:48,23.96,12100,23.98,D
sz002517,恺英网络,2025-10-23 11:15:27,23.94,16000,23.96,D
sz002517,恺英网络,2025-10-23 11:16:45,23.98,14800,23.97,U
sz002517,恺英网络,2025-10-23 11:18:39,24.01,10800,24.01,D
sz002517,恺英网络,2025-10-23 11:18:51,24.05,20000,24.0,U
sz002517,恺英网络,2025-10-23 11:19:48,24.06,22500,24.01,U
sz002517,恺英网络,2025-10-23 11:20:18,24.03,40100,24.03,D
sz002517,恺英网络,2025-10-23 11:21:15,24.04,8500,24.06,D
sz002517,恺英网络,2025-10-23 11:22:06,24.04,51900,24.05,D
sz002517,恺英网络,2025-10-23 11:22:09,24.03,12300,24.04,D
sz002517,恺英网络,2025-10-23 11:23:03,24.05,74800,24.02,U
sz002517,恺英网络,2025-10-23 11:23:09,24.05,20200,24.05,D
sz002517,恺英网络,2025-10-23 11:23:18,24.05,58000,24.02,U
sz002517,恺英网络,2025-10-23 11:23:42,24.08,36400,24.04,U
sz002517,恺英网络,2025-10-23 11:23:45,24.09,46700,24.08,U
sz002517,恺英网络,2025-10-23 11:23:48,24.12,10500,24.09,U
sz002517,恺英网络,2025-10-23 11:24:06,24.1,66500,24.09,U
sz002517,恺英网络,2025-10-23 11:24:45,24.09,12000,24.12,D
sz002517,恺英网络,2025-10-23 11:25:03,24.06,14500,24.08,D
sz002517,恺英网络,2025-10-23 11:26:09,24.06,41900,24.07,D
sz002517,恺英网络,2025-10-23 11:26:15,24.05,40200,24.07,D
sz002517,恺英网络,2025-10-23 11:26:36,24.05,32900,24.05,D
sz002517,恺英网络,2025-10-23 11:27:33,24.01,11200,24.01,D
sz002517,恺英网络,2025-10-23 11:27:45,23.98,8600,24.0,D
sz002517,恺英网络,2025-10-23 11:28:27,23.97,17800,23.98,D
sz002517,恺英网络,2025-10-23 11:29:39,23.94,8400,23.95,D
sz002517,恺英网络,2025-10-23 13:00:00,23.93,28700,23.92,U
sz002517,恺英网络,2025-10-23 13:00:03,23.93,17500,23.93,D
sz002517,恺英网络,2025-10-23 13:00:27,23.93,49900,23.94,D
sz002517,恺英网络,2025-10-23 13:00:30,23.92,24400,23.93,D
sz002517,恺英网络,2025-10-23 13:02:30,23.95,10400,23.95,D
sz002517,恺英网络,2025-10-23 13:02:36,23.97,13800,23.96,U
sz002517,恺英网络,2025-10-23 13:03:39,23.96,10700,23.97,D
sz002517,恺英网络,2025-10-23 13:04:00,23.94,8900,23.94,D
sz002517,恺英网络,2025-10-23 13:06:30,23.94,15100,23.94,D
sz002517,恺英网络,2025-10-23 13:08:54,23.95,19000,23.97,D
sz002517,恺英网络,2025-10-23 13:09:21,23.96,9300,23.94,U
sz002517,恺英网络,2025-10-23 13:09:30,23.98,12400,23.95,U
sz002517,恺英网络,2025-10-23 13:10:00,23.96,10400,23.97,D
sz002517,恺英网络,2025-10-23 13:10:03,23.98,48000,23.96,U
sz002517,恺英网络,2025-10-23 13:10:21,24.04,11100,24.01,U
sz002517,恺英网络,2025-10-23 13:11:12,24.09,25100,24.08,U
sz002517,恺英网络,2025-10-23 13:11:15,24.08,8500,24.09,D
sz002517,恺英网络,2025-10-23 13:12:18,24.05,8600,24.04,U
sz002517,恺英网络,2025-10-23 13:12:42,24.08,20200,24.04,U
sz002517,恺英网络,2025-10-23 13:12:45,24.08,12300,24.08,U
sz002517,恺英网络,2025-10-23 13:12:48,24.09,11700,24.08,U
sz002517,恺英网络,2025-10-23 13:13:09,24.11,14600,24.1,U
sz002517,恺英网络,2025-10-23 13:13:36,24.1,15500,24.07,U
sz002517,恺英网络,2025-10-23 13:14:09,24.14,39500,24.11,U
sz002517,恺英网络,2025-10-23 13:14:18,24.15,14600,24.15,U
sz002517,恺英网络,2025-10-23 13:14:33,24.15,22100,24.14,U
sz002517,恺英网络,2025-10-23 13:15:03,24.17,8400,24.17,U
sz002517,恺英网络,2025-10-23 13:15:18,24.19,33400,24.18,U
sz002517,恺英网络,2025-10-23 13:15:21,24.18,26700,24.19,D
sz002517,恺英网络,2025-10-23 13:15:24,24.21,11800,24.18,U
sz002517,恺英网络,2025-10-23 13:15:39,24.18,11100,24.2,D
sz002517,恺英网络,2025-10-23 13:15:48,24.19,46900,24.21,D
sz002517,恺英网络,2025-10-23 13:15:51,24.17,53200,24.19,D
sz002517,恺英网络,2025-10-23 13:16:00,24.15,8500,24.17,D
sz002517,恺英网络,2025-10-23 13:16:57,24.13,11100,24.12,U
sz002517,恺英网络,2025-10-23 13:17:36,24.17,8900,24.17,U
sz002517,恺英网络,2025-10-23 13:17:48,24.18,8700,24.16,U
sz002517,恺英网络,2025-10-23 13:18:00,24.18,12500,24.18,D
sz002517,恺英网络,2025-10-23 13:18:33,24.17,38500,24.18,D
sz002517,恺英网络,2025-10-23 13:18:36,24.17,22700,24.17,U
sz002517,恺英网络,2025-10-23 13:18:54,24.21,60000,24.18,U
sz002517,恺英网络,2025-10-23 13:18:57,24.2,12600,24.21,D
sz002517,恺英网络,2025-10-23 13:19:00,24.25,85200,24.2,U
sz002517,恺英网络,2025-10-23 13:19:03,24.27,33400,24.25,U
sz002517,恺英网络,2025-10-23 13:19:09,24.26,21100,24.27,E
sz002517,恺英网络,2025-10-23 13:19:30,24.25,106900,24.23,U
sz002517,恺英网络,2025-10-23 13:19:33,24.26,50200,24.25,U
sz002517,恺英网络,2025-10-23 13:19:51,24.23,11000,24.24,D
sz002517,恺英网络,2025-10-23 13:20:12,24.2,40200,24.2,D
sz002517,恺英网络,2025-10-23 13:20:15,24.2,11500,24.2,U
sz002517,恺英网络,2025-10-23 13:21:09,24.21,14400,24.2,U
sz002517,恺英网络,2025-10-23 13:21:21,24.22,15700,24.21,U
sz002517,恺英网络,2025-10-23 13:21:42,24.22,36900,24.23,D
sz002517,恺英网络,2025-10-23 13:21:45,24.22,14800,24.22,U
sz002517,恺英网络,2025-10-23 13:21:57,24.21,38700,24.22,E
sz002517,恺英网络,2025-10-23 13:22:21,24.16,14800,24.16,D
sz002517,恺英网络,2025-10-23 13:22:24,24.17,20000,24.16,U
sz002517,恺英网络,2025-10-23 13:23:42,24.18,11600,24.18,U
sz002517,恺英网络,2025-10-23 13:24:21,24.24,9500,24.23,U
sz002517,恺英网络,2025-10-23 13:24:30,24.23,12600,24.24,D
sz002517,恺英网络,2025-10-23 13:24:57,24.24,21900,24.24,U
sz002517,恺英网络,2025-10-23 13:25:00,24.24,31800,24.24,U
sz002517,恺英网络,2025-10-23 13:25:06,24.25,12700,24.24,U
sz002517,恺英网络,2025-10-23 13:25:12,24.25,8700,24.25,U
sz002517,恺英网络,2025-10-23 13:25:27,24.26,12400,24.26,U
sz002517,恺英网络,2025-10-23 13:25:33,24.25,8400,24.25,U
sz002517,恺英网络,2025-10-23 13:25:36,24.26,11100,24.25,U
sz002517,恺英网络,2025-10-23 13:25:48,24.22,36200,24.25,D
sz002517,恺英网络,2025-10-23 13:25:51,24.21,10700,24.22,E
sz002517,恺英网络,2025-10-23 13:26:36,24.25,10800,24.23,U
sz002517,恺英网络,2025-10-23 13:26:42,24.25,38600,24.25,U
sz002517,恺英网络,2025-10-23 13:26:45,24.25,18200,24.25,D
sz002517,恺英网络,2025-10-23 13:27:03,24.27,19400,24.26,U
sz002517,恺英网络,2025-10-23 13:27:06,24.27,8800,24.27,U
sz002517,恺英网络,2025-10-23 13:27:18,24.28,21100,24.27,U
sz002517,恺英网络,2025-10-23 13:27:27,24.28,12100,24.28,E
sz002517,恺英网络,2025-10-23 13:27:30,24.29,14700,24.28,U
sz002517,恺英网络,2025-10-23 13:27:33,24.29,18400,24.29,U
sz002517,恺英网络,2025-10-23 13:27:39,24.3,17900,24.29,U
sz002517,恺英网络,2025-10-23 13:27:48,24.32,8800,24.31,U
sz002517,恺英网络,2025-10-23 13:27:54,24.32,15000,24.32,U
sz002517,恺英网络,2025-10-23 13:27:57,24.32,9000,24.32,U
sz002517,恺英网络,2025-10-23 13:28:00,24.32,16700,24.32,U
sz002517,恺英网络,2025-10-23 13:28:03,24.32,10400,24.32,E
sz002517,恺英网络,2025-10-23 13:28:09,24.34,17900,24.34,U
sz002517,恺英网络,2025-10-23 13:28:12,24.32,15400,24.34,E
sz002517,恺英网络,2025-10-23 13:28:15,24.34,13300,24.32,U
sz002517,恺英网络,2025-10-23 13:28:21,24.31,14600,24.34,D
sz002517,恺英网络,2025-10-23 13:28:24,24.33,8900,24.31,U
sz002517,恺英网络,2025-10-23 13:28:33,24.31,13400,24.31,D
sz002517,恺英网络,2025-10-23 13:28:39,24.3,16400,24.31,D
sz002517,恺英网络,2025-10-23 13:28:45,24.3,15100,24.3,D
sz002517,恺英网络,2025-10-23 13:29:00,24.31,44500,24.3,U
sz002517,恺英网络,2025-10-23 13:29:03,24.3,14500,24.31,U
sz002517,恺英网络,2025-10-23 13:29:12,24.3,16500,24.3,U
sz002517,恺英网络,2025-10-23 13:29:33,24.27,11300,24.3,D
sz002517,恺英网络,2025-10-23 13:29:42,24.27,10000,24.28,E
sz002517,恺英网络,2025-10-23 13:29:54,24.28,8300,24.28,E
sz002517,恺英网络,2025-10-23 13:30:09,24.29,10600,24.3,U
sz002517,恺英网络,2025-10-23 13:30:18,24.24,17200,24.26,D
sz002517,恺英网络,2025-10-23 13:30:21,24.23,22900,24.24,D
sz002517,恺英网络,2025-10-23 13:30:24,24.23,11200,24.23,D
sz002517,恺英网络,2025-10-23 13:30:45,24.21,13200,24.21,U
sz002517,恺英网络,2025-10-23 13:30:48,24.2,54500,24.21,D
sz002517,恺英网络,2025-10-23 13:30:54,24.22,9700,24.22,D
sz002517,恺英网络,2025-10-23 13:32:12,24.24,11400,24.23,U
sz002517,恺英网络,2025-10-23 13:32:36,24.25,17400,24.25,D
sz002517,恺英网络,2025-10-23 13:32:39,24.23,10400,24.25,D
sz002517,恺英网络,2025-10-23 13:32:42,24.22,14800,24.23,D
sz002517,恺英网络,2025-10-23 13:32:45,24.22,9300,24.22,D
sz002517,恺英网络,2025-10-23 13:33:00,24.21,13200,24.21,D
sz002517,恺英网络,2025-10-23 13:33:09,24.2,14900,24.21,D
sz002517,恺英网络,2025-10-23 13:33:24,24.19,14000,24.19,D
sz002517,恺英网络,2025-10-23 13:33:48,24.18,9600,24.18,E
sz002517,恺英网络,2025-10-23 13:35:06,24.2,21600,24.21,D
sz002517,恺英网络,2025-10-23 13:35:18,24.19,12700,24.2,D
sz002517,恺英网络,2025-10-23 13:35:39,24.18,9300,24.19,D
sz002517,恺英网络,2025-10-23 13:36:54,24.15,56400,24.16,D
sz002517,恺英网络,2025-10-23 13:36:57,24.15,19200,24.15,D
sz002517,恺英网络,2025-10-23 13:37:00,24.14,20000,24.15,D
sz002517,恺英网络,2025-10-23 13:37:18,24.13,10700,24.13,D
sz002517,恺英网络,2025-10-23 13:37:36,24.13,44600,24.13,U
sz002517,恺英网络,2025-10-23 13:37:54,24.11,14100,24.11,D
sz002517,恺英网络,2025-10-23 13:37:57,24.11,10200,24.11,D
sz002517,恺英网络,2025-10-23 13:38:42,24.13,10200,24.13,D
sz002517,恺英网络,2025-10-23 13:39:12,24.12,31000,24.12,D
sz002517,恺英网络,2025-10-23 13:39:15,24.11,10500,24.12,D
sz002517,恺英网络,2025-10-23 13:39:51,24.11,11000,24.11,D
sz002517,恺英网络,2025-10-23 13:40:27,24.2,30000,24.14,U
sz002517,恺英网络,2025-10-23 13:40:30,24.15,31100,24.2,E
sz002517,恺英网络,2025-10-23 13:40:33,24.16,58100,24.15,U
sz002517,恺英网络,2025-10-23 13:40:57,24.18,11600,24.17,U
sz002517,恺英网络,2025-10-23 13:43:33,24.14,15200,24.14,U
sz002517,恺英网络,2025-10-23 13:44:00,24.12,10800,24.13,D
sz002517,恺英网络,2025-10-23 13:45:15,24.11,20000,24.1,U
sz002517,恺英网络,2025-10-23 13:46:03,24.12,10700,24.13,D
sz002517,恺英网络,2025-10-23 13:46:12,24.14,10800,24.12,U
sz002517,恺英网络,2025-10-23 13:46:18,24.14,11800,24.17,D
sz002517,恺英网络,2025-10-23 13:47:27,24.13,35800,24.12,U
sz002517,恺英网络,2025-10-23 13:47:51,24.14,11000,24.14,U
sz002517,恺英网络,2025-10-23 13:48:03,24.14,12700,24.14,U
sz002517,恺英网络,2025-10-23 13:49:33,24.16,16400,24.16,U
sz002517,恺英网络,2025-10-23 13:49:39,24.2,8400,24.16,U
sz002517,恺英网络,2025-10-23 13:52:06,24.16,25800,24.15,U
sz002517,恺英网络,2025-10-23 13:52:30,24.17,10600,24.16,U
sz002517,恺英网络,2025-10-23 13:53:27,24.19,10800,24.18,U
sz002517,恺英网络,2025-10-23 13:54:15,24.16,8700,24.15,U
sz002517,恺英网络,2025-10-23 13:55:21,24.13,9100,24.15,D
sz002517,恺英网络,2025-10-23 13:55:45,24.13,18500,24.14,D
sz002517,恺英网络,2025-10-23 13:56:42,24.16,20000,24.13,U
sz002517,恺英网络,2025-10-23 13:56:54,24.12,114500,24.14,D
sz002517,恺英网络,2025-10-23 13:58:12,24.14,24500,24.17,D
sz002517,恺英网络,2025-10-23 13:58:21,24.14,8600,24.15,D
sz002517,恺英网络,2025-10-23 13:58:48,24.13,13800,24.14,D
sz002517,恺英网络,2025-10-23 13:59:00,24.12,10800,24.14,D
sz002517,恺英网络,2025-10-23 13:59:30,24.11,12100,24.11,D
sz002517,恺英网络,2025-10-23 14:01:51,24.13,12100,24.14,D
sz002517,恺英网络,2025-10-23 14:01:54,24.12,23700,24.13,D
sz002517,恺英网络,2025-10-23 14:02:06,24.12,12900,24.13,D
sz002517,恺英网络,2025-10-23 14:02:36,24.11,18800,24.11,D
sz002517,恺英网络,2025-10-23 14:03:54,24.16,23100,24.15,U
sz002517,恺英网络,2025-10-23 14:04:57,24.14,17800,24.13,U
sz002517,恺英网络,2025-10-23 14:05:03,24.15,15100,24.14,U
sz002517,恺英网络,2025-10-23 14:05:06,24.15,8500,24.15,U
sz002517,恺英网络,2025-10-23 14:05:48,24.16,12400,24.16,D
sz002517,恺英网络,2025-10-23 14:06:42,24.2,13200,24.18,U
sz002517,恺英网络,2025-10-23 14:07:36,24.23,18400,24.22,U
sz002517,恺英网络,2025-10-23 14:08:03,24.23,9500,24.24,D
sz002517,恺英网络,2025-10-23 14:08:24,24.24,10300,24.23,E
sz002517,恺英网络,2025-10-23 14:08:39,24.25,12400,24.24,U
sz002517,恺英网络,2025-10-23 14:08:42,24.23,11500,24.25,D
sz002517,恺英网络,2025-10-23 14:09:54,24.25,14400,24.24,U
sz002517,恺英网络,2025-10-23 14:10:03,24.26,17400,24.26,U
sz002517,恺英网络,2025-10-23 14:10:24,24.27,50200,24.28,U
sz002517,恺英网络,2025-10-23 14:10:27,24.27,8500,24.27,U
sz002517,恺英网络,2025-10-23 14:11:00,24.28,17700,24.27,U
sz002517,恺英网络,2025-10-23 14:11:03,24.26,22500,24.28,D
sz002517,恺英网络,2025-10-23 14:11:06,24.28,18100,24.26,U
sz002517,恺英网络,2025-10-23 14:11:12,24.26,101000,24.28,E
sz002517,恺英网络,2025-10-23 14:11:15,24.24,16700,24.26,D
sz002517,恺英网络,2025-10-23 14:11:36,24.24,8600,24.24,D
sz002517,恺英网络,2025-10-23 14:12:30,24.26,22100,24.25,U
sz002517,恺英网络,2025-10-23 14:13:15,24.23,12500,24.24,D
sz002517,恺英网络,2025-10-23 14:14:06,24.25,8500,24.25,U
sz002517,恺英网络,2025-10-23 14:14:09,24.27,8700,24.25,U
sz002517,恺英网络,2025-10-23 14:14:21,24.29,16000,24.27,U
sz002517,恺英网络,2025-10-23 14:15:06,24.29,11300,24.27,U
sz002517,恺英网络,2025-10-23 14:15:36,24.25,21400,24.24,U
sz002517,恺英网络,2025-10-23 14:16:09,24.21,11600,24.23,D
sz002517,恺英网络,2025-10-23 14:16:42,24.2,14400,24.21,D
sz002517,恺英网络,2025-10-23 14:16:48,24.2,15700,24.2,D
sz002517,恺英网络,2025-10-23 14:16:51,24.21,46600,24.2,E
sz002517,恺英网络,2025-10-23 14:19:48,24.23,16500,24.24,D
sz002517,恺英网络,2025-10-23 14:19:54,24.25,8700,24.25,U
sz002517,恺英网络,2025-10-23 14:20:18,24.25,21000,24.24,U
sz002517,恺英网络,2025-10-23 14:21:12,24.28,8300,24.28,U
sz002517,恺英网络,2025-10-23 14:21:21,24.29,9300,24.29,U
sz002517,恺英网络,2025-10-23 14:21:27,24.28,11200,24.28,D
sz002517,恺英网络,2025-10-23 14:21:36,24.28,11900,24.27,E
sz002517,恺英网络,2025-10-23 14:22:33,24.26,10200,24.27,D
sz002517,恺英网络,2025-10-23 14:23:00,24.24,15100,24.25,D
sz002517,恺英网络,2025-10-23 14:23:09,24.24,12900,24.25,D
sz002517,恺英网络,2025-10-23 14:23:42,24.24,12200,24.24,U
sz002517,恺英网络,2025-10-23 14:25:15,24.23,24300,24.23,U
sz002517,恺英网络,2025-10-23 14:25:51,24.27,17300,24.24,U
sz002517,恺英网络,2025-10-23 14:26:36,24.29,12000,24.28,U
sz002517,恺英网络,2025-10-23 14:26:39,24.3,18800,24.29,U
sz002517,恺英网络,2025-10-23 14:26:42,24.3,11100,24.3,U
sz002517,恺英网络,2025-10-23 14:27:24,24.32,15800,24.33,D
sz002517,恺英网络,2025-10-23 14:27:51,24.34,13200,24.32,U
sz002517,恺英网络,2025-10-23 14:28:00,24.33,11700,24.34,D
sz002517,恺英网络,2025-10-23 14:28:09,24.32,44300,24.32,D
sz002517,恺英网络,2025-10-23 14:28:12,24.36,159600,24.32,U
sz002517,恺英网络,2025-10-23 14:28:15,24.37,85100,24.36,E
sz002517,恺英网络,2025-10-23 14:28:18,24.37,74900,24.37,D
sz002517,恺英网络,2025-10-23 14:28:21,24.39,13000,24.37,U
sz002517,恺英网络,2025-10-23 14:28:27,24.4,53500,24.4,U
sz002517,恺英网络,2025-10-23 14:28:30,24.39,12400,24.4,D
sz002517,恺英网络,2025-10-23 14:28:33,24.4,8900,24.39,U
sz002517,恺英网络,2025-10-23 14:28:36,24.39,41500,24.4,U
sz002517,恺英网络,2025-10-23 14:28:39,24.39,16800,24.39,U
sz002517,恺英网络,2025-10-23 14:28:42,24.39,25100,24.39,U
sz002517,恺英网络,2025-10-23 14:28:45,24.4,9300,24.39,U
sz002517,恺英网络,2025-10-23 14:28:48,24.4,33500,24.4,U
sz002517,恺英网络,2025-10-23 14:28:54,24.42,100400,24.37,U
sz002517,恺英网络,2025-10-23 14:28:57,24.39,44000,24.42,D
sz002517,恺英网络,2025-10-23 14:29:00,24.39,20400,24.39,D
sz002517,恺英网络,2025-10-23 14:29:09,24.38,15000,24.39,D
sz002517,恺英网络,2025-10-23 14:29:45,24.35,10900,24.37,D
sz002517,恺英网络,2025-10-23 14:30:00,24.32,9200,24.32,U
sz002517,恺英网络,2025-10-23 14:30:51,24.33,25800,24.33,U
sz002517,恺英网络,2025-10-23 14:31:12,24.32,16000,24.34,D
sz002517,恺英网络,2025-10-23 14:31:15,24.3,20200,24.32,D
sz002517,恺英网络,2025-10-23 14:31:21,24.3,53700,24.31,D
sz002517,恺英网络,2025-10-23 14:31:45,24.27,9700,24.28,D
sz002517,恺英网络,2025-10-23 14:32:36,24.28,9200,24.28,D
sz002517,恺英网络,2025-10-23 14:33:00,24.3,17100,24.29,U
sz002517,恺英网络,2025-10-23 14:33:12,24.32,15500,24.31,U
sz002517,恺英网络,2025-10-23 14:34:03,24.29,76800,24.31,D
sz002517,恺英网络,2025-10-23 14:34:06,24.29,43300,24.29,U
sz002517,恺英网络,2025-10-23 14:34:24,24.3,15200,24.31,D
sz002517,恺英网络,2025-10-23 14:34:27,24.32,10200,24.3,U
sz002517,恺英网络,2025-10-23 14:34:48,24.32,15200,24.32,U
sz002517,恺英网络,2025-10-23 14:34:51,24.33,8700,24.32,U
sz002517,恺英网络,2025-10-23 14:35:45,24.34,10000,24.33,U
sz002517,恺英网络,2025-10-23 14:36:12,24.34,13200,24.34,D
sz002517,恺英网络,2025-10-23 14:36:36,24.35,12000,24.34,U
sz002517,恺英网络,2025-10-23 14:36:57,24.34,24200,24.33,U
sz002517,恺英网络,2025-10-23 14:37:30,24.32,18400,24.33,D
sz002517,恺英网络,2025-10-23 14:38:15,24.33,13300,24.34,D
sz002517,恺英网络,2025-10-23 14:38:30,24.34,17800,24.34,U
sz002517,恺英网络,2025-10-23 14:38:36,24.35,12400,24.34,U
sz002517,恺英网络,2025-10-23 14:39:00,24.34,14100,24.35,D
sz002517,恺英网络,2025-10-23 14:39:06,24.34,17100,24.34,U
sz002517,恺英网络,2025-10-23 14:40:15,24.33,15300,24.32,U
sz002517,恺英网络,2025-10-23 14:40:18,24.34,12400,24.33,U
sz002517,恺英网络,2025-10-23 14:40:21,24.34,22300,24.34,U
sz002517,恺英网络,2025-10-23 14:40:24,24.33,18200,24.34,D
sz002517,恺英网络,2025-10-23 14:41:12,24.32,9900,24.33,D
sz002517,恺英网络,2025-10-23 14:41:21,24.32,15700,24.33,D
sz002517,恺英网络,2025-10-23 14:41:30,24.32,13300,24.32,D
sz002517,恺英网络,2025-10-23 14:42:27,24.32,11800,24.31,U
sz002517,恺英网络,2025-10-23 14:42:39,24.32,34000,24.31,U
sz002517,恺英网络,2025-10-23 14:42:42,24.32,10600,24.32,U
sz002517,恺英网络,2025-10-23 14:42:48,24.32,12500,24.32,U
sz002517,恺英网络,2025-10-23 14:43:18,24.32,8800,24.32,U
sz002517,恺英网络,2025-10-23 14:43:21,24.3,29900,24.32,D
sz002517,恺英网络,2025-10-23 14:43:45,24.3,9600,24.3,D
sz002517,恺英网络,2025-10-23 14:44:00,24.29,12900,24.3,D
sz002517,恺英网络,2025-10-23 14:44:03,24.31,34300,24.29,U
sz002517,恺英网络,2025-10-23 14:44:54,24.3,14800,24.31,D
sz002517,恺英网络,2025-10-23 14:44:57,24.32,10600,24.3,U
sz002517,恺英网络,2025-10-23 14:45:03,24.32,8300,24.32,U
sz002517,恺英网络,2025-10-23 14:45:21,24.33,12400,24.33,U
sz002517,恺英网络,2025-10-23 14:45:57,24.33,8700,24.33,U
sz002517,恺英网络,2025-10-23 14:46:00,24.32,10500,24.33,D
sz002517,恺英网络,2025-10-23 14:46:06,24.33,34600,24.33,U
sz002517,恺英网络,2025-10-23 14:46:09,24.34,14400,24.33,U
sz002517,恺英网络,2025-10-23 14:46:27,24.34,16200,24.34,U
sz002517,恺英网络,2025-10-23 14:46:33,24.34,8900,24.34,U
sz002517,恺英网络,2025-10-23 14:46:54,24.33,19700,24.33,D
sz002517,恺英网络,2025-10-23 14:47:00,24.32,14200,24.33,D
sz002517,恺英网络,2025-10-23 14:47:33,24.34,11000,24.32,U
sz002517,恺英网络,2025-10-23 14:47:57,24.33,8600,24.34,D
sz002517,恺英网络,2025-10-23 14:48:12,24.34,9400,24.34,U
sz002517,恺英网络,2025-10-23 14:48:18,24.34,25000,24.34,U
sz002517,恺英网络,2025-10-23 14:48:24,24.35,50400,24.34,U
sz002517,恺英网络,2025-10-23 14:48:27,24.36,9100,24.35,U
sz002517,恺英网络,2025-10-23 14:48:33,24.36,14300,24.36,U
sz002517,恺英网络,2025-10-23 14:48:36,24.36,9700,24.36,U
sz002517,恺英网络,2025-10-23 14:48:54,24.37,12200,24.37,U
sz002517,恺英网络,2025-10-23 14:49:00,24.37,11200,24.37,U
sz002517,恺英网络,2025-10-23 14:49:03,24.36,27300,24.37,D
sz002517,恺英网络,2025-10-23 14:49:06,24.36,11600,24.36,D
sz002517,恺英网络,2025-10-23 14:49:09,24.35,16800,24.36,D
sz002517,恺英网络,2025-10-23 14:49:36,24.34,8900,24.34,D
sz002517,恺英网络,2025-10-23 14:49:39,24.35,21200,24.34,U
sz002517,恺英网络,2025-10-23 14:49:42,24.35,10900,24.35,D
sz002517,恺英网络,2025-10-23 14:49:48,24.34,17700,24.35,D
sz002517,恺英网络,2025-10-23 14:50:03,24.32,126200,24.34,D
sz002517,恺英网络,2025-10-23 14:50:09,24.33,9900,24.32,U
sz002517,恺英网络,2025-10-23 14:50:12,24.32,10500,24.33,D
sz002517,恺英网络,2025-10-23 14:50:15,24.32,8400,24.32,D
sz002517,恺英网络,2025-10-23 14:50:30,24.35,81400,24.35,U
sz002517,恺英网络,2025-10-23 14:50:33,24.35,11700,24.35,D
sz002517,恺英网络,2025-10-23 14:50:45,24.35,10100,24.35,U
sz002517,恺英网络,2025-10-23 14:50:57,24.35,11000,24.34,U
sz002517,恺英网络,2025-10-23 14:51:06,24.32,9600,24.34,D
sz002517,恺英网络,2025-10-23 14:51:09,24.32,14800,24.32,D
sz002517,恺英网络,2025-10-23 14:51:12,24.31,20300,24.32,D
sz002517,恺英网络,2025-10-23 14:51:30,24.32,22600,24.32,D
sz002517,恺英网络,2025-10-23 14:51:48,24.33,9700,24.33,U
sz002517,恺英网络,2025-10-23 14:51:54,24.32,14300,24.33,E
sz002517,恺英网络,2025-10-23 14:52:06,24.34,8400,24.33,U
sz002517,恺英网络,2025-10-23 14:52:15,24.33,9700,24.33,U
sz002517,恺英网络,2025-10-23 14:52:33,24.33,29800,24.32,U
sz002517,恺英网络,2025-10-23 14:52:36,24.34,41500,24.33,U
sz002517,恺英网络,2025-10-23 14:52:39,24.33,8300,24.34,D
sz002517,恺英网络,2025-10-23 14:52:42,24.34,67100,24.33,U
sz002517,恺英网络,2025-10-23 14:52:45,24.35,30100,24.34,U
sz002517,恺英网络,2025-10-23 14:52:48,24.35,29900,24.35,D
sz002517,恺英网络,2025-10-23 14:52:51,24.35,28300,24.35,D
sz002517,恺英网络,2025-10-23 14:52:57,24.37,8900,24.36,U
sz002517,恺英网络,2025-10-23 14:53:00,24.35,15400,24.37,D
sz002517,恺英网络,2025-10-23 14:53:03,24.36,12800,24.35,E
sz002517,恺英网络,2025-10-23 14:53:06,24.34,9300,24.36,D
sz002517,恺英网络,2025-10-23 14:53:09,24.36,8500,24.34,D
sz002517,恺英网络,2025-10-23 14:53:15,24.34,22700,24.36,D
sz002517,恺英网络,2025-10-23 14:53:51,24.34,9300,24.35,D
sz002517,恺英网络,2025-10-23 14:53:54,24.34,20200,24.34,D
sz002517,恺英网络,2025-10-23 14:54:03,24.35,18100,24.34,U
sz002517,恺英网络,2025-10-23 14:54:06,24.34,14800,24.35,D
sz002517,恺英网络,2025-10-23 14:54:15,24.35,25500,24.34,U
sz002517,恺英网络,2025-10-23 14:54:18,24.36,29000,24.35,E
sz002517,恺英网络,2025-10-23 14:54:30,24.35,10200,24.36,U
sz002517,恺英网络,2025-10-23 14:55:00,24.37,10600,24.36,U
sz002517,恺英网络,2025-10-23 14:55:03,24.35,14100,24.37,D
sz002517,恺英网络,2025-10-23 14:55:06,24.37,11800,24.35,U
sz002517,恺英网络,2025-10-23 14:55:09,24.35,24600,24.37,D
sz002517,恺英网络,2025-10-23 14:55:12,24.36,51900,24.35,U
sz002517,恺英网络,2025-10-23 14:55:18,24.34,10700,24.36,D
sz002517,恺英网络,2025-10-23 14:55:21,24.36,27200,24.34,U
sz002517,恺英网络,2025-10-23 14:55:24,24.35,12800,24.36,U
sz002517,恺英网络,2025-10-23 14:55:27,24.36,32400,24.35,U
sz002517,恺英网络,2025-10-23 14:55:42,24.36,23500,24.36,D
sz002517,恺英网络,2025-10-23 14:55:51,24.36,10900,24.37,D
sz002517,恺英网络,2025-10-23 14:55:54,24.35,29500,24.36,D
sz002517,恺英网络,2025-10-23 14:55:57,24.38,13900,24.35,U
sz002517,恺英网络,2025-10-23 14:56:06,24.35,30700,24.37,D
sz002517,恺英网络,2025-10-23 14:56:09,24.34,16200,24.35,D
sz002517,恺英网络,2025-10-23 14:56:12,24.35,27600,24.34,E
sz002517,恺英网络,2025-10-23 14:56:15,24.37,40900,24.35,U
sz002517,恺英网络,2025-10-23 14:56:21,24.35,22400,24.35,D
sz002517,恺英网络,2025-10-23 14:56:27,24.35,14200,24.35,E
sz002517,恺英网络,2025-10-23 14:56:48,24.35,92000,24.35,D
sz002517,恺英网络,2025-10-23 14:56:51,24.36,10100,24.35,U
sz002517,恺英网络,2025-10-23 15:00:00,24.36,129700,24.36,E
