symbol,name,ticktime,price,volume,prev_price,kind
sz002517,恺英网络,2025-10-29 09:25:00,23.9,85700,0.0,D
sz002517,恺英网络,2025-10-29 09:30:00,23.83,19900,23.9,D
sz002517,恺英网络,2025-10-29 09:30:03,23.83,27800,23.83,U
sz002517,恺英网络,2025-10-29 09:30:06,23.76,27600,23.83,D
sz002517,恺英网络,2025-10-29 09:30:09,23.75,10200,23.76,D
sz002517,恺英网络,2025-10-29 09:30:12,23.75,33700,23.75,U
sz002517,恺英网络,2025-10-29 09:30:15,23.77,13000,23.75,U
sz002517,恺英网络,2025-10-29 09:30:18,23.85,43000,23.77,U
sz002517,恺英网络,2025-10-29 09:30:21,23.85,17300,23.85,U
sz002517,恺英网络,2025-10-29 09:30:24,23.89,63700,23.85,U
sz002517,恺英网络,2025-10-29 09:30:27,23.92,62300,23.89,U
sz002517,恺英网络,2025-10-29 09:30:30,23.92,28500,23.92,D
sz002517,恺英网络,2025-10-29 09:30:33,23.96,25200,23.92,E
sz002517,恺英网络,2025-10-29 09:30:36,23.93,35700,23.96,D
sz002517,恺英网络,2025-10-29 09:30:39,23.88,62700,23.93,D
sz002517,恺英网络,2025-10-29 09:30:42,23.89,45600,23.88,U
sz002517,恺英网络,2025-10-29 09:30:45,23.95,44900,23.89,U
sz002517,恺英网络,2025-10-29 09:30:48,23.97,12400,23.95,U
sz002517,恺英网络,2025-10-29 09:30:57,23.97,16300,23.97,U
sz002517,恺英网络,2025-10-29 09:31:00,23.97,12200,23.97,U
sz002517,恺英网络,2025-10-29 09:31:03,23.97,32900,23.97,D
sz002517,恺英网络,2025-10-29 09:31:06,23.97,12500,23.97,U
sz002517,恺英网络,2025-10-29 09:31:09,23.94,16000,23.97,D
sz002517,恺英网络,2025-10-29 09:31:15,23.98,32700,23.95,U
sz002517,恺英网络,2025-10-29 09:31:21,23.97,22300,23.98,D
sz002517,恺英网络,2025-10-29 09:31:24,23.99,32300,23.97,E
sz002517,恺英网络,2025-10-29 09:31:33,24.01,29500,24.01,D
sz002517,恺英网络,2025-10-29 09:31:36,24.0,12500,24.01,D
sz002517,恺英网络,2025-10-29 09:31:39,24.0,10800,24.0,D
sz002517,恺英网络,2025-10-29 09:31:48,23.98,15200,23.99,D
sz002517,恺英网络,2025-10-29 09:31:51,24.0,16000,23.98,U
sz002517,恺英网络,2025-10-29 09:31:54,24.0,19100,24.0,U
sz002517,恺英网络,2025-10-29 09:31:57,24.01,24700,24.0,U
sz002517,恺英网络,2025-10-29 09:32:00,24.01,8600,24.01,U
sz002517,恺英网络,2025-10-29 09:32:03,23.97,88700,24.01,D
sz002517,恺英网络,2025-10-29 09:32:06,23.96,25200,23.97,D
sz002517,恺英网络,2025-10-29 09:32:09,23.95,10600,23.96,D
sz002517,恺英网络,2025-10-29 09:32:15,23.99,12200,23.98,U
sz002517,恺英网络,2025-10-29 09:32:24,23.98,15100,23.99,D
sz002517,恺英网络,2025-10-29 09:32:39,23.97,11800,23.95,U
sz002517,恺英网络,2025-10-29 09:32:42,23.98,23000,23.97,U
sz002517,恺英网络,2025-10-29 09:32:48,23.99,12900,23.98,U
sz002517,恺英网络,2025-10-29 09:32:51,24.01,67700,23.99,U
sz002517,恺英网络,2025-10-29 09:33:00,23.98,27300,24.01,D
sz002517,恺英网络,2025-10-29 09:33:03,23.98,19900,23.98,D
sz002517,恺英网络,2025-10-29 09:33:15,23.96,12500,23.98,D
sz002517,恺英网络,2025-10-29 09:33:18,23.96,21500,23.96,D
sz002517,恺英网络,2025-10-29 09:33:30,23.96,33200,23.96,D
sz002517,恺英网络,2025-10-29 09:33:39,23.98,16700,23.98,U
sz002517,恺英网络,2025-10-29 09:33:42,23.99,11100,23.98,U
sz002517,恺英网络,2025-10-29 09:33:45,24.0,15100,23.99,U
sz002517,恺英网络,2025-10-29 09:33:51,23.99,13500,23.99,D
sz002517,恺英网络,2025-10-29 09:33:54,23.99,10500,23.99,U
sz002517,恺英网络,2025-10-29 09:33:57,23.99,8700,23.99,U
sz002517,恺英网络,2025-10-29 09:34:00,23.99,11000,23.99,U
sz002517,恺英网络,2025-10-29 09:34:09,23.96,8800,23.99,D
sz002517,恺英网络,2025-10-29 09:34:15,23.97,12200,23.97,U
sz002517,恺英网络,2025-10-29 09:34:18,23.95,20600,23.97,D
sz002517,恺英网络,2025-10-29 09:34:30,23.97,17900,23.95,U
sz002517,恺英网络,2025-10-29 09:34:36,23.97,11300,23.96,U
sz002517,恺英网络,2025-10-29 09:34:39,23.97,17100,23.97,E
sz002517,恺英网络,2025-10-29 09:34:42,24.01,149400,23.97,U
sz002517,恺英网络,2025-10-29 09:34:48,24.0,24600,24.03,E
sz002517,恺英网络,2025-10-29 09:34:51,24.03,18000,24.0,U
sz002517,恺英网络,2025-10-29 09:34:57,24.01,9100,24.01,U
sz002517,恺英网络,2025-10-29 09:35:00,24.01,19600,24.01,D
sz002517,恺英网络,2025-10-29 09:35:06,24.01,28700,24.01,U
sz002517,恺英网络,2025-10-29 09:35:12,24.01,13500,24.01,D
sz002517,恺英网络,2025-10-29 09:35:15,24.02,20400,24.01,U
sz002517,恺英网络,2025-10-29 09:35:18,24.03,16200,24.02,U
sz002517,恺英网络,2025-10-29 09:35:21,24.04,11600,24.03,U
sz002517,恺英网络,2025-10-29 09:35:24,24.05,10400,24.04,U
sz002517,恺英网络,2025-10-29 09:35:27,24.05,16400,24.05,U
sz002517,恺英网络,2025-10-29 09:35:30,24.05,10400,24.05,D
sz002517,恺英网络,2025-10-29 09:35:33,24.06,14700,24.05,U
sz002517,恺英网络,2025-10-29 09:35:36,24.07,28800,24.06,U
sz002517,恺英网络,2025-10-29 09:35:39,24.06,10600,24.07,D
sz002517,恺英网络,2025-10-29 09:35:42,24.07,27600,24.06,E
sz002517,恺英网络,2025-10-29 09:35:48,24.09,44000,24.08,U
sz002517,恺英网络,2025-10-29 09:35:54,24.1,61200,24.09,U
sz002517,恺英网络,2025-10-29 09:35:57,24.1,16100,24.1,U
sz002517,恺英网络,2025-10-29 09:36:00,24.1,64700,24.1,U
sz002517,恺英网络,2025-10-29 09:36:03,24.09,14000,24.1,E
sz002517,恺英网络,2025-10-29 09:36:06,24.09,31900,24.09,U
sz002517,恺英网络,2025-10-29 09:36:09,24.09,10600,24.09,U
sz002517,恺英网络,2025-10-29 09:36:12,24.06,30300,24.09,D
sz002517,恺英网络,2025-10-29 09:36:15,24.07,12200,24.06,E
sz002517,恺英网络,2025-10-29 09:36:18,24.07,11900,24.07,U
sz002517,恺英网络,2025-10-29 09:36:21,24.07,20800,24.07,U
sz002517,恺英网络,2025-10-29 09:36:24,24.07,25500,24.07,U
sz002517,恺英网络,2025-10-29 09:36:27,24.12,276300,24.07,U
sz002517,恺英网络,2025-10-29 09:36:30,24.11,29900,24.12,D
sz002517,恺英网络,2025-10-29 09:36:33,24.15,41200,24.11,U
sz002517,恺英网络,2025-10-29 09:36:39,24.14,8800,24.13,U
sz002517,恺英网络,2025-10-29 09:36:45,24.13,18100,24.13,D
sz002517,恺英网络,2025-10-29 09:36:51,24.14,34400,24.13,U
sz002517,恺英网络,2025-10-29 09:36:54,24.14,13900,24.14,U
sz002517,恺英网络,2025-10-29 09:36:57,24.14,21300,24.14,U
sz002517,恺英网络,2025-10-29 09:37:00,24.14,10100,24.14,U
sz002517,恺英网络,2025-10-29 09:37:03,24.14,44300,24.14,U
sz002517,恺英网络,2025-10-29 09:37:06,24.15,29000,24.14,U
sz002517,恺英网络,2025-10-29 09:37:09,24.18,28600,24.15,U
sz002517,恺英网络,2025-10-29 09:37:12,24.21,24400,24.18,U
sz002517,恺英网络,2025-10-29 09:37:15,24.19,17700,24.21,D
sz002517,恺英网络,2025-10-29 09:37:18,24.2,8700,24.19,E
sz002517,恺英网络,2025-10-29 09:37:21,24.2,28500,24.2,U
sz002517,恺英网络,2025-10-29 09:37:24,24.22,16900,24.2,U
sz002517,恺英网络,2025-10-29 09:37:27,24.24,37900,24.22,U
sz002517,恺英网络,2025-10-29 09:37:30,24.24,10200,24.24,D
sz002517,恺英网络,2025-10-29 09:37:33,24.24,29800,24.24,U
sz002517,恺英网络,2025-10-29 09:37:36,24.24,24000,24.24,U
sz002517,恺英网络,2025-10-29 09:37:39,24.25,41800,24.24,U
sz002517,恺英网络,2025-10-29 09:37:42,24.25,82900,24.25,U
sz002517,恺英网络,2025-10-29 09:37:45,24.26,21600,24.25,E
sz002517,恺英网络,2025-10-29 09:37:48,24.27,18600,24.26,U
sz002517,恺英网络,2025-10-29 09:37:51,24.27,25200,24.27,D
sz002517,恺英网络,2025-10-29 09:37:54,24.25,20200,24.27,D
sz002517,恺英网络,2025-10-29 09:37:57,24.26,14200,24.25,E
sz002517,恺英网络,2025-10-29 09:38:03,24.27,23900,24.23,U
sz002517,恺英网络,2025-10-29 09:38:06,24.27,19300,24.27,U
sz002517,恺英网络,2025-10-29 09:38:12,24.26,39100,24.26,U
sz002517,恺英网络,2025-10-29 09:38:15,24.25,12400,24.26,D
sz002517,恺英网络,2025-10-29 09:38:18,24.22,57700,24.25,D
sz002517,恺英网络,2025-10-29 09:38:21,24.19,41000,24.22,D
sz002517,恺英网络,2025-10-29 09:38:33,24.18,10700,24.18,U
sz002517,恺英网络,2025-10-29 09:38:36,24.17,13100,24.18,D
sz002517,恺英网络,2025-10-29 09:38:45,24.17,16700,24.15,U
sz002517,恺英网络,2025-10-29 09:38:51,24.19,12500,24.17,U
sz002517,恺英网络,2025-10-29 09:38:54,24.19,11400,24.19,U
sz002517,恺英网络,2025-10-29 09:38:57,24.21,20100,24.19,U
sz002517,恺英网络,2025-10-29 09:39:00,24.2,10600,24.21,D
sz002517,恺英网络,2025-10-29 09:39:09,24.21,14600,24.21,D
sz002517,恺英网络,2025-10-29 09:39:12,24.21,19200,24.21,D
sz002517,恺英网络,2025-10-29 09:39:15,24.22,21100,24.21,U
sz002517,恺英网络,2025-10-29 09:39:18,24.22,34400,24.22,D
sz002517,恺英网络,2025-10-29 09:39:24,24.24,8900,24.23,U
sz002517,恺英网络,2025-10-29 09:39:27,24.25,15600,24.24,U
sz002517,恺英网络,2025-10-29 09:39:30,24.25,16500,24.25,D
sz002517,恺英网络,2025-10-29 09:39:33,24.25,33600,24.25,D
sz002517,恺英网络,2025-10-29 09:39:36,24.28,65300,24.25,U
sz002517,恺英网络,2025-10-29 09:39:39,24.28,18700,24.28,U
sz002517,恺英网络,2025-10-29 09:39:45,24.27,19900,24.27,U
sz002517,恺英网络,2025-10-29 09:39:51,24.27,39000,24.27,U
sz002517,恺英网络,2025-10-29 09:39:54,24.26,15400,24.27,U
sz002517,恺英网络,2025-10-29 09:39:57,24.27,9300,24.26,U
sz002517,恺英网络,2025-10-29 09:40:00,24.23,34800,24.27,D
sz002517,恺英网络,2025-10-29 09:40:03,24.22,8500,24.23,D
sz002517,恺英网络,2025-10-29 09:40:06,24.23,8500,24.22,U
sz002517,恺英网络,2025-10-29 09:40:09,24.23,13200,24.23,D
sz002517,恺英网络,2025-10-29 09:40:12,24.23,12400,24.23,D
sz002517,恺英网络,2025-10-29 09:40:15,24.23,11400,24.23,U
sz002517,恺英网络,2025-10-29 09:40:18,24.23,15300,24.23,U
sz002517,恺英网络,2025-10-29 09:40:21,24.2,34900,24.23,D
sz002517,恺英网络,2025-10-29 09:40:24,24.21,9400,24.2,U
sz002517,恺英网络,2025-10-29 09:40:27,24.18,12000,24.21,D
sz002517,恺英网络,2025-10-29 09:40:30,24.2,16500,24.18,U
sz002517,恺英网络,2025-10-29 09:40:33,24.2,25100,24.2,D
sz002517,恺英网络,2025-10-29 09:40:36,24.21,11000,24.2,U
sz002517,恺英网络,2025-10-29 09:40:39,24.2,9000,24.21,U
sz002517,恺英网络,2025-10-29 09:40:42,24.21,10700,24.2,U
sz002517,恺英网络,2025-10-29 09:40:45,24.21,12800,24.21,D
sz002517,恺英网络,2025-10-29 09:40:48,24.21,16600,24.21,U
sz002517,恺英网络,2025-10-29 09:40:51,24.2,18400,24.21,D
sz002517,恺英网络,2025-10-29 09:40:57,24.2,16200,24.19,E
sz002517,恺英网络,2025-10-29 09:41:09,24.22,31400,24.17,U
sz002517,恺英网络,2025-10-29 09:41:12,24.19,25900,24.22,D
sz002517,恺英网络,2025-10-29 09:41:15,24.22,49800,24.19,U
sz002517,恺英网络,2025-10-29 09:41:24,24.22,9400,24.22,U
sz002517,恺英网络,2025-10-29 09:41:30,24.2,13700,24.21,D
sz002517,恺英网络,2025-10-29 09:41:42,24.2,56600,24.2,U
sz002517,恺英网络,2025-10-29 09:41:48,24.22,10800,24.2,U
sz002517,恺英网络,2025-10-29 09:41:51,24.22,10100,24.22,U
sz002517,恺英网络,2025-10-29 09:41:54,24.23,13100,24.22,U
sz002517,恺英网络,2025-10-29 09:41:57,24.24,18200,24.23,U
sz002517,恺英网络,2025-10-29 09:42:00,24.24,23500,24.24,U
sz002517,恺英网络,2025-10-29 09:42:03,24.23,10900,24.24,E
sz002517,恺英网络,2025-10-29 09:42:06,24.23,10200,24.23,D
sz002517,恺英网络,2025-10-29 09:42:09,24.22,27300,24.23,D
sz002517,恺英网络,2025-10-29 09:42:12,24.22,19400,24.22,D
sz002517,恺英网络,2025-10-29 09:42:18,24.22,10800,24.23,E
sz002517,恺英网络,2025-10-29 09:42:33,24.2,13100,24.22,D
sz002517,恺英网络,2025-10-29 09:42:36,24.2,14100,24.2,D
sz002517,恺英网络,2025-10-29 09:42:39,24.18,25200,24.2,D
sz002517,恺英网络,2025-10-29 09:42:42,24.23,53400,24.18,U
sz002517,恺英网络,2025-10-29 09:42:45,24.24,35200,24.23,U
sz002517,恺英网络,2025-10-29 09:42:48,24.25,60400,24.24,U
sz002517,恺英网络,2025-10-29 09:42:51,24.26,8900,24.25,U
sz002517,恺英网络,2025-10-29 09:42:54,24.28,203500,24.26,U
sz002517,恺英网络,2025-10-29 09:42:57,24.27,20700,24.28,D
sz002517,恺英网络,2025-10-29 09:43:00,24.28,12000,24.27,U
sz002517,恺英网络,2025-10-29 09:43:03,24.27,9200,24.28,D
sz002517,恺英网络,2025-10-29 09:43:06,24.28,42300,24.27,U
sz002517,恺英网络,2025-10-29 09:43:09,24.29,35200,24.28,U
sz002517,恺英网络,2025-10-29 09:43:12,24.31,81100,24.29,U
sz002517,恺英网络,2025-10-29 09:43:15,24.33,84000,24.31,U
sz002517,恺英网络,2025-10-29 09:43:18,24.34,60500,24.33,U
sz002517,恺英网络,2025-10-29 09:43:21,24.35,46200,24.34,U
sz002517,恺英网络,2025-10-29 09:43:24,24.37,24600,24.35,U
sz002517,恺英网络,2025-10-29 09:43:27,24.37,8400,24.37,U
sz002517,恺英网络,2025-10-29 09:43:30,24.37,22300,24.37,U
sz002517,恺英网络,2025-10-29 09:43:33,24.36,9500,24.37,U
sz002517,恺英网络,2025-10-29 09:43:39,24.35,66500,24.36,U
sz002517,恺英网络,2025-10-29 09:43:45,24.32,56900,24.33,D
sz002517,恺英网络,2025-10-29 09:43:48,24.35,29700,24.32,U
sz002517,恺英网络,2025-10-29 09:43:51,24.32,19300,24.35,E
sz002517,恺英网络,2025-10-29 09:43:57,24.38,88900,24.33,U
sz002517,恺英网络,2025-10-29 09:44:00,24.39,47300,24.38,U
sz002517,恺英网络,2025-10-29 09:44:03,24.4,60200,24.39,U
sz002517,恺英网络,2025-10-29 09:44:06,24.39,111600,24.4,D
sz002517,恺英网络,2025-10-29 09:44:09,24.42,52600,24.39,U
sz002517,恺英网络,2025-10-29 09:44:12,24.45,52400,24.42,U
sz002517,恺英网络,2025-10-29 09:44:15,24.43,12200,24.45,D
sz002517,恺英网络,2025-10-29 09:44:18,24.48,56900,24.43,U
sz002517,恺英网络,2025-10-29 09:44:21,24.49,102500,24.48,U
sz002517,恺英网络,2025-10-29 09:44:24,24.48,35000,24.49,D
sz002517,恺英网络,2025-10-29 09:44:27,24.45,78700,24.48,D
sz002517,恺英网络,2025-10-29 09:44:30,24.49,126000,24.45,U
sz002517,恺英网络,2025-10-29 09:44:33,24.51,129400,24.49,U
sz002517,恺英网络,2025-10-29 09:44:36,24.54,54700,24.51,U
sz002517,恺英网络,2025-10-29 09:44:39,24.55,52400,24.54,U
sz002517,恺英网络,2025-10-29 09:44:42,24.55,66500,24.55,U
sz002517,恺英网络,2025-10-29 09:44:45,24.56,77200,24.55,U
sz002517,恺英网络,2025-10-29 09:44:48,24.59,47900,24.56,U
sz002517,恺英网络,2025-10-29 09:44:51,24.6,125400,24.59,U
sz002517,恺英网络,2025-10-29 09:44:54,24.63,37500,24.6,U
sz002517,恺英网络,2025-10-29 09:44:57,24.65,85800,24.63,U
sz002517,恺英网络,2025-10-29 09:45:00,24.69,89500,24.65,U
sz002517,恺英网络,2025-10-29 09:45:03,24.69,90800,24.69,U
sz002517,恺英网络,2025-10-29 09:45:06,24.67,103700,24.69,D
sz002517,恺英网络,2025-10-29 09:45:09,24.69,57600,24.67,U
sz002517,恺英网络,2025-10-29 09:45:12,24.67,67200,24.69,U
sz002517,恺英网络,2025-10-29 09:45:15,24.67,98200,24.67,U
sz002517,恺英网络,2025-10-29 09:45:18,24.67,48300,24.67,U
sz002517,恺英网络,2025-10-29 09:45:21,24.67,51100,24.67,U
sz002517,恺英网络,2025-10-29 09:45:24,24.67,81600,24.67,D
sz002517,恺英网络,2025-10-29 09:45:27,24.66,15900,24.67,U
sz002517,恺英网络,2025-10-29 09:45:30,24.67,28400,24.66,U
sz002517,恺英网络,2025-10-29 09:45:33,24.68,73200,24.67,U
sz002517,恺英网络,2025-10-29 09:45:36,24.68,87000,24.68,U
sz002517,恺英网络,2025-10-29 09:45:39,24.67,31300,24.68,D
sz002517,恺英网络,2025-10-29 09:45:42,24.68,83100,24.67,U
sz002517,恺英网络,2025-10-29 09:45:45,24.72,90300,24.68,U
sz002517,恺英网络,2025-10-29 09:45:48,24.69,76700,24.72,D
sz002517,恺英网络,2025-10-29 09:45:51,24.72,33700,24.69,U
sz002517,恺英网络,2025-10-29 09:45:54,24.71,21400,24.72,E
sz002517,恺英网络,2025-10-29 09:45:57,24.71,27600,24.71,U
sz002517,恺英网络,2025-10-29 09:46:00,24.7,70200,24.71,E
sz002517,恺英网络,2025-10-29 09:46:03,24.7,60000,24.7,D
sz002517,恺英网络,2025-10-29 09:46:06,24.69,45200,24.7,D
sz002517,恺英网络,2025-10-29 09:46:09,24.68,48100,24.69,D
sz002517,恺英网络,2025-10-29 09:46:12,24.69,59000,24.68,U
sz002517,恺英网络,2025-10-29 09:46:15,24.68,33200,24.69,U
sz002517,恺英网络,2025-10-29 09:46:18,24.69,112500,24.68,U
sz002517,恺英网络,2025-10-29 09:46:21,24.72,32900,24.69,U
sz002517,恺英网络,2025-10-29 09:46:24,24.7,25400,24.72,D
sz002517,恺英网络,2025-10-29 09:46:27,24.7,60800,24.7,U
sz002517,恺英网络,2025-10-29 09:46:30,24.7,23100,24.7,U
sz002517,恺英网络,2025-10-29 09:46:33,24.71,37300,24.7,U
sz002517,恺英网络,2025-10-29 09:46:36,24.72,57200,24.71,U
sz002517,恺英网络,2025-10-29 09:46:39,24.72,20800,24.72,U
sz002517,恺英网络,2025-10-29 09:46:42,24.72,36300,24.72,D
sz002517,恺英网络,2025-10-29 09:46:45,24.72,33900,24.72,D
sz002517,恺英网络,2025-10-29 09:46:48,24.73,56600,24.72,U
sz002517,恺英网络,2025-10-29 09:46:51,24.72,32500,24.73,D
sz002517,恺英网络,2025-10-29 09:46:54,24.73,26200,24.72,U
sz002517,恺英网络,2025-10-29 09:46:57,24.72,17000,24.73,D
sz002517,恺英网络,2025-10-29 09:47:00,24.76,142100,24.72,U
sz002517,恺英网络,2025-10-29 09:47:03,24.76,62600,24.76,U
sz002517,恺英网络,2025-10-29 09:47:06,24.76,34500,24.76,D
sz002517,恺英网络,2025-10-29 09:47:09,24.77,18500,24.76,U
sz002517,恺英网络,2025-10-29 09:47:12,24.75,38300,24.77,D
sz002517,恺英网络,2025-10-29 09:47:15,24.72,133000,24.75,D
sz002517,恺英网络,2025-10-29 09:47:18,24.72,34200,24.72,U
sz002517,恺英网络,2025-10-29 09:47:21,24.71,9200,24.72,E
sz002517,恺英网络,2025-10-29 09:47:24,24.69,19000,24.71,D
sz002517,恺英网络,2025-10-29 09:47:27,24.69,29300,24.69,U
sz002517,恺英网络,2025-10-29 09:47:30,24.69,30600,24.69,U
sz002517,恺英网络,2025-10-29 09:47:33,24.69,28300,24.69,U
sz002517,恺英网络,2025-10-29 09:47:36,24.68,28400,24.69,U
sz002517,恺英网络,2025-10-29 09:47:39,24.68,61500,24.68,U
sz002517,恺英网络,2025-10-29 09:47:42,24.75,94100,24.68,U
sz002517,恺英网络,2025-10-29 09:47:45,24.76,63100,24.75,U
sz002517,恺英网络,2025-10-29 09:47:48,24.78,69200,24.76,U
sz002517,恺英网络,2025-10-29 09:47:51,24.78,42200,24.78,D
sz002517,恺英网络,2025-10-29 09:47:54,24.79,68200,24.78,U
sz002517,恺英网络,2025-10-29 09:47:57,24.81,66700,24.79,U
sz002517,恺英网络,2025-10-29 09:48:00,24.8,60700,24.81,U
sz002517,恺英网络,2025-10-29 09:48:03,24.82,43900,24.8,U
sz002517,恺英网络,2025-10-29 09:48:06,24.8,34400,24.82,D
sz002517,恺英网络,2025-10-29 09:48:09,24.81,35700,24.8,U
sz002517,恺英网络,2025-10-29 09:48:12,24.81,87300,24.81,U
sz002517,恺英网络,2025-10-29 09:48:15,24.82,23300,24.81,E
sz002517,恺英网络,2025-10-29 09:48:18,24.84,37800,24.82,U
sz002517,恺英网络,2025-10-29 09:48:21,24.84,14900,24.84,D
sz002517,恺英网络,2025-10-29 09:48:24,24.84,55200,24.84,D
sz002517,恺英网络,2025-10-29 09:48:27,24.81,306000,24.84,D
sz002517,恺英网络,2025-10-29 09:48:30,24.81,47800,24.81,U
sz002517,恺英网络,2025-10-29 09:48:33,24.81,44200,24.81,E
sz002517,恺英网络,2025-10-29 09:48:36,24.78,86600,24.81,E
sz002517,恺英网络,2025-10-29 09:48:39,24.78,59400,24.78,D
sz002517,恺英网络,2025-10-29 09:48:42,24.78,25600,24.78,D
sz002517,恺英网络,2025-10-29 09:48:45,24.79,22800,24.78,E
sz002517,恺英网络,2025-10-29 09:48:48,24.78,27800,24.79,E
sz002517,恺英网络,2025-10-29 09:48:51,24.78,8300,24.78,D
sz002517,恺英网络,2025-10-29 09:48:54,24.77,49700,24.78,D
sz002517,恺英网络,2025-10-29 09:48:57,24.84,146200,24.77,U
sz002517,恺英网络,2025-10-29 09:49:00,24.85,81300,24.84,U
sz002517,恺英网络,2025-10-29 09:49:03,24.84,44800,24.85,U
sz002517,恺英网络,2025-10-29 09:49:06,24.84,34400,24.84,U
sz002517,恺英网络,2025-10-29 09:49:09,24.84,13100,24.84,U
sz002517,恺英网络,2025-10-29 09:49:12,24.83,37900,24.84,E
sz002517,恺英网络,2025-10-29 09:49:15,24.84,34900,24.83,U
sz002517,恺英网络,2025-10-29 09:49:18,24.82,24200,24.84,D
sz002517,恺英网络,2025-10-29 09:49:21,24.82,80000,24.82,U
sz002517,恺英网络,2025-10-29 09:49:24,24.84,99300,24.82,U
sz002517,恺英网络,2025-10-29 09:49:27,24.84,40600,24.84,D
sz002517,恺英网络,2025-10-29 09:49:30,24.85,47500,24.84,U
sz002517,恺英网络,2025-10-29 09:49:33,24.84,71600,24.85,D
sz002517,恺英网络,2025-10-29 09:49:36,24.85,69900,24.84,U
sz002517,恺英网络,2025-10-29 09:49:39,24.85,31200,24.85,D
sz002517,恺英网络,2025-10-29 09:49:42,24.84,36300,24.85,D
sz002517,恺英网络,2025-10-29 09:49:45,24.85,34000,24.84,U
sz002517,恺英网络,2025-10-29 09:49:48,24.85,60400,24.85,D
sz002517,恺英网络,2025-10-29 09:49:51,24.86,20700,24.85,U
sz002517,恺英网络,2025-10-29 09:49:54,24.86,31700,24.86,D
sz002517,恺英网络,2025-10-29 09:49:57,24.89,205300,24.86,U
sz002517,恺英网络,2025-10-29 09:50:00,24.92,41300,24.89,U
sz002517,恺英网络,2025-10-29 09:50:03,24.94,52300,24.92,U
sz002517,恺英网络,2025-10-29 09:50:06,24.96,71200,24.94,U
sz002517,恺英网络,2025-10-29 09:50:09,24.96,87500,24.96,U
sz002517,恺英网络,2025-10-29 09:50:12,24.97,49500,24.96,U
sz002517,恺英网络,2025-10-29 09:50:15,25.0,134600,24.97,U
sz002517,恺英网络,2025-10-29 09:50:18,24.98,93500,25.0,E
sz002517,恺英网络,2025-10-29 09:50:21,24.99,43500,24.98,U
sz002517,恺英网络,2025-10-29 09:50:24,24.97,69700,24.99,D
sz002517,恺英网络,2025-10-29 09:50:27,24.97,31200,24.97,U
sz002517,恺英网络,2025-10-29 09:50:30,24.97,84400,24.97,U
sz002517,恺英网络,2025-10-29 09:50:33,24.96,34500,24.97,E
sz002517,恺英网络,2025-10-29 09:50:36,24.98,36000,24.96,U
sz002517,恺英网络,2025-10-29 09:50:39,24.98,34654,24.98,U
sz002517,恺英网络,2025-10-29 09:50:42,24.99,181600,24.98,U
sz002517,恺英网络,2025-10-29 09:50:45,25.01,101600,24.99,U
sz002517,恺英网络,2025-10-29 09:50:48,24.99,49000,25.01,D
sz002517,恺英网络,2025-10-29 09:50:51,24.99,35200,24.99,D
sz002517,恺英网络,2025-10-29 09:50:54,25.01,37100,24.99,U
sz002517,恺英网络,2025-10-29 09:50:57,25.02,27300,25.01,U
sz002517,恺英网络,2025-10-29 09:51:00,25.0,90100,25.02,D
sz002517,恺英网络,2025-10-29 09:51:03,24.98,93200,25.0,D
sz002517,恺英网络,2025-10-29 09:51:06,24.96,50600,24.98,D
sz002517,恺英网络,2025-10-29 09:51:09,24.95,21000,24.96,D
sz002517,恺英网络,2025-10-29 09:51:12,24.9,86600,24.95,D
sz002517,恺英网络,2025-10-29 09:51:15,24.92,25300,24.9,U
sz002517,恺英网络,2025-10-29 09:51:18,24.92,56100,24.92,U
sz002517,恺英网络,2025-10-29 09:51:21,24.91,14100,24.92,U
sz002517,恺英网络,2025-10-29 09:51:27,24.88,23900,24.9,D
sz002517,恺英网络,2025-10-29 09:51:30,24.87,9200,24.88,D
sz002517,恺英网络,2025-10-29 09:51:33,24.88,29500,24.87,U
sz002517,恺英网络,2025-10-29 09:51:36,24.86,60800,24.88,D
sz002517,恺英网络,2025-10-29 09:51:39,24.86,13700,24.86,D
sz002517,恺英网络,2025-10-29 09:51:42,24.87,59300,24.86,U
sz002517,恺英网络,2025-10-29 09:51:45,24.85,33600,24.87,D
sz002517,恺英网络,2025-10-29 09:51:48,24.85,17300,24.85,U
sz002517,恺英网络,2025-10-29 09:51:51,24.88,73100,24.85,U
sz002517,恺英网络,2025-10-29 09:51:54,24.85,23800,24.88,D
sz002517,恺英网络,2025-10-29 09:51:57,24.86,31100,24.85,U
sz002517,恺英网络,2025-10-29 09:52:03,24.88,19700,24.86,U
sz002517,恺英网络,2025-10-29 09:52:06,24.92,64700,24.88,U
sz002517,恺英网络,2025-10-29 09:52:09,24.92,49800,24.92,D
sz002517,恺英网络,2025-10-29 09:52:12,24.92,32200,24.92,D
sz002517,恺英网络,2025-10-29 09:52:15,24.92,26900,24.92,D
sz002517,恺英网络,2025-10-29 09:52:18,24.95,14600,24.92,U
sz002517,恺英网络,2025-10-29 09:52:21,24.93,8400,24.95,D
sz002517,恺英网络,2025-10-29 09:52:24,24.95,30800,24.93,U
sz002517,恺英网络,2025-10-29 09:52:30,24.95,13400,24.95,D
sz002517,恺英网络,2025-10-29 09:52:33,24.96,35400,24.95,U
sz002517,恺英网络,2025-10-29 09:52:36,24.94,59900,24.96,D
sz002517,恺英网络,2025-10-29 09:52:39,24.93,25000,24.94,D
sz002517,恺英网络,2025-10-29 09:52:42,24.88,23300,24.93,D
sz002517,恺英网络,2025-10-29 09:52:48,24.88,9400,24.88,D
sz002517,恺英网络,2025-10-29 09:52:54,24.88,11000,24.88,U
sz002517,恺英网络,2025-10-29 09:52:57,24.87,10400,24.88,D
sz002517,恺英网络,2025-10-29 09:53:00,24.87,72200,24.87,U
sz002517,恺英网络,2025-10-29 09:53:03,24.88,39400,24.87,U
sz002517,恺英网络,2025-10-29 09:53:06,24.89,81000,24.88,U
sz002517,恺英网络,2025-10-29 09:53:09,24.92,39000,24.89,E
sz002517,恺英网络,2025-10-29 09:53:12,24.92,9300,24.92,U
sz002517,恺英网络,2025-10-29 09:53:15,24.92,60300,24.92,U
sz002517,恺英网络,2025-10-29 09:53:18,24.92,8600,24.92,U
sz002517,恺英网络,2025-10-29 09:53:21,24.92,8600,24.92,U
sz002517,恺英网络,2025-10-29 09:53:30,24.9,9600,24.91,D
sz002517,恺英网络,2025-10-29 09:53:36,24.91,39300,24.91,U
sz002517,恺英网络,2025-10-29 09:53:39,24.91,18200,24.91,U
sz002517,恺英网络,2025-10-29 09:53:45,24.88,46600,24.9,D
sz002517,恺英网络,2025-10-29 09:53:51,24.88,17300,24.88,U
sz002517,恺英网络,2025-10-29 09:53:54,24.88,16400,24.88,U
sz002517,恺英网络,2025-10-29 09:53:57,24.91,77900,24.88,U
sz002517,恺英网络,2025-10-29 09:54:00,24.91,36900,24.91,D
sz002517,恺英网络,2025-10-29 09:54:03,24.91,8300,24.91,D
sz002517,恺英网络,2025-10-29 09:54:12,24.9,8800,24.9,U
sz002517,恺英网络,2025-10-29 09:54:15,24.91,22800,24.9,U
sz002517,恺英网络,2025-10-29 09:54:18,24.91,18100,24.91,D
sz002517,恺英网络,2025-10-29 09:54:21,24.92,31400,24.91,E
sz002517,恺英网络,2025-10-29 09:54:24,24.92,9800,24.92,D
sz002517,恺英网络,2025-10-29 09:54:27,24.92,17200,24.92,D
sz002517,恺英网络,2025-10-29 09:54:30,24.92,9400,24.92,D
sz002517,恺英网络,2025-10-29 09:54:33,24.93,13000,24.92,E
sz002517,恺英网络,2025-10-29 09:54:36,24.9,13400,24.93,D
sz002517,恺英网络,2025-10-29 09:54:39,24.91,30900,24.9,E
sz002517,恺英网络,2025-10-29 09:54:48,24.91,10700,24.92,U
sz002517,恺英网络,2025-10-29 09:54:54,24.91,17000,24.93,D
sz002517,恺英网络,2025-10-29 09:54:57,24.91,15400,24.91,D
sz002517,恺英网络,2025-10-29 09:55:03,24.9,13400,24.91,D
sz002517,恺英网络,2025-10-29 09:55:15,24.89,49400,24.89,U
sz002517,恺英网络,2025-10-29 09:55:18,24.89,9200,24.89,E
sz002517,恺英网络,2025-10-29 09:55:21,24.89,38000,24.89,U
sz002517,恺英网络,2025-10-29 09:55:24,24.93,272200,24.89,U
sz002517,恺英网络,2025-10-29 09:55:27,24.95,124300,24.93,U
sz002517,恺英网络,2025-10-29 09:55:30,24.97,32600,24.95,U
sz002517,恺英网络,2025-10-29 09:55:33,24.98,49500,24.97,U
sz002517,恺英网络,2025-10-29 09:55:36,24.98,72400,24.98,U
sz002517,恺英网络,2025-10-29 09:55:39,24.98,28500,24.98,D
sz002517,恺英网络,2025-10-29 09:55:42,24.99,52000,24.98,U
sz002517,恺英网络,2025-10-29 09:55:45,24.98,26700,24.99,D
sz002517,恺英网络,2025-10-29 09:55:48,24.98,11900,24.98,U
sz002517,恺英网络,2025-10-29 09:55:51,24.98,10600,24.98,U
sz002517,恺英网络,2025-10-29 09:55:54,24.96,20000,24.98,D
sz002517,恺英网络,2025-10-29 09:55:57,24.95,28600,24.96,D
sz002517,恺英网络,2025-10-29 09:56:00,24.93,37300,24.95,D
sz002517,恺英网络,2025-10-29 09:56:03,24.93,17000,24.93,D
sz002517,恺英网络,2025-10-29 09:56:06,24.91,12500,24.93,D
sz002517,恺英网络,2025-10-29 09:56:09,24.93,16800,24.91,U
sz002517,恺英网络,2025-10-29 09:56:15,24.92,8300,24.93,D
sz002517,恺英网络,2025-10-29 09:56:18,24.92,14200,24.92,E
sz002517,恺英网络,2025-10-29 09:56:27,24.92,27700,24.92,D
sz002517,恺英网络,2025-10-29 09:56:30,24.93,123000,24.92,U
sz002517,恺英网络,2025-10-29 09:56:33,24.93,33100,24.93,D
sz002517,恺英网络,2025-10-29 09:56:39,24.91,8200,24.93,D
sz002517,恺英网络,2025-10-29 09:56:42,24.93,16400,24.91,U
sz002517,恺英网络,2025-10-29 09:56:48,24.9,36200,24.9,D
sz002517,恺英网络,2025-10-29 09:56:51,24.9,12500,24.9,U
sz002517,恺英网络,2025-10-29 09:56:54,24.88,13100,24.9,D
sz002517,恺英网络,2025-10-29 09:57:00,24.88,81000,24.88,U
sz002517,恺英网络,2025-10-29 09:57:03,24.86,22900,24.88,D
sz002517,恺英网络,2025-10-29 09:57:06,24.9,37400,24.86,U
sz002517,恺英网络,2025-10-29 09:57:09,24.9,16400,24.9,D
sz002517,恺英网络,2025-10-29 09:57:12,24.9,17000,24.9,D
sz002517,恺英网络,2025-10-29 09:57:15,24.9,56100,24.9,U
sz002517,恺英网络,2025-10-29 09:57:18,24.92,103800,24.9,U
sz002517,恺英网络,2025-10-29 09:57:21,24.95,49100,24.92,U
sz002517,恺英网络,2025-10-29 09:57:24,24.96,25300,24.95,U
sz002517,恺英网络,2025-10-29 09:57:27,24.94,11900,24.96,D
sz002517,恺英网络,2025-10-29 09:57:33,24.98,121100,24.95,U
sz002517,恺英网络,2025-10-29 09:57:36,24.97,10800,24.98,D
sz002517,恺英网络,2025-10-29 09:57:39,24.98,27400,24.97,U
sz002517,恺英网络,2025-10-29 09:57:48,24.95,56500,24.96,D
sz002517,恺英网络,2025-10-29 09:57:51,24.96,18800,24.95,U
sz002517,恺英网络,2025-10-29 09:57:54,24.9,68500,24.96,D
sz002517,恺英网络,2025-10-29 09:57:57,24.94,16800,24.9,E
sz002517,恺英网络,2025-10-29 09:58:09,24.91,34500,24.9,E
sz002517,恺英网络,2025-10-29 09:58:12,24.93,10200,24.91,U
sz002517,恺英网络,2025-10-29 09:58:15,24.95,15400,24.93,U
sz002517,恺英网络,2025-10-29 09:58:18,24.93,29700,24.95,E
sz002517,恺英网络,2025-10-29 09:58:21,24.93,15000,24.93,U
sz002517,恺英网络,2025-10-29 09:58:24,24.93,16500,24.93,U
sz002517,恺英网络,2025-10-29 09:58:27,24.93,22500,24.93,D
sz002517,恺英网络,2025-10-29 09:58:30,24.93,21100,24.93,D
sz002517,恺英网络,2025-10-29 09:58:36,24.91,9900,24.93,D
sz002517,恺英网络,2025-10-29 09:58:45,24.91,8300,24.92,D
sz002517,恺英网络,2025-10-29 09:58:48,24.92,15700,24.91,U
sz002517,恺英网络,2025-10-29 09:58:51,24.91,13600,24.92,D
sz002517,恺英网络,2025-10-29 09:58:54,24.9,27200,24.91,D
sz002517,恺英网络,2025-10-29 09:58:57,24.91,23800,24.9,U
sz002517,恺英网络,2025-10-29 09:59:00,24.9,40300,24.91,D
sz002517,恺英网络,2025-10-29 09:59:03,24.91,19300,24.9,D
sz002517,恺英网络,2025-10-29 09:59:06,24.93,24000,24.91,U
sz002517,恺英网络,2025-10-29 09:59:09,24.93,25400,24.93,U
sz002517,恺英网络,2025-10-29 09:59:12,24.93,28300,24.93,D
sz002517,恺英网络,2025-10-29 09:59:39,24.91,13200,24.92,D
sz002517,恺英网络,2025-10-29 09:59:48,24.91,10000,24.92,D
sz002517,恺英网络,2025-10-29 09:59:54,24.91,13600,24.91,U
sz002517,恺英网络,2025-10-29 10:00:00,24.91,11200,24.9,U
sz002517,恺英网络,2025-10-29 10:00:12,24.92,111300,24.89,U
sz002517,恺英网络,2025-10-29 10:00:15,24.94,42300,24.92,U
sz002517,恺英网络,2025-10-29 10:00:18,24.95,11000,24.94,U
sz002517,恺英网络,2025-10-29 10:00:21,24.95,110000,24.95,U
sz002517,恺英网络,2025-10-29 10:00:24,24.95,16300,24.95,D
sz002517,恺英网络,2025-10-29 10:00:27,24.94,27700,24.95,D
sz002517,恺英网络,2025-10-29 10:00:30,24.93,11500,24.94,D
sz002517,恺英网络,2025-10-29 10:00:33,24.94,42900,24.93,E
sz002517,恺英网络,2025-10-29 10:00:36,24.95,8900,24.94,U
sz002517,恺英网络,2025-10-29 10:00:39,24.95,25600,24.95,U
sz002517,恺英网络,2025-10-29 10:00:42,24.94,14300,24.95,D
sz002517,恺英网络,2025-10-29 10:00:45,24.95,77400,24.94,U
sz002517,恺英网络,2025-10-29 10:00:48,24.97,21300,24.95,U
sz002517,恺英网络,2025-10-29 10:00:54,24.97,34300,24.96,U
sz002517,恺英网络,2025-10-29 10:01:00,24.96,20100,24.97,D
sz002517,恺英网络,2025-10-29 10:01:09,24.97,14900,24.97,U
sz002517,恺英网络,2025-10-29 10:01:12,24.97,16000,24.97,D
sz002517,恺英网络,2025-10-29 10:01:21,24.96,15400,24.96,U
sz002517,恺英网络,2025-10-29 10:01:27,24.95,10900,24.96,D
sz002517,恺英网络,2025-10-29 10:01:33,24.94,13100,24.95,D
sz002517,恺英网络,2025-10-29 10:01:48,24.93,9500,24.94,D
sz002517,恺英网络,2025-10-29 10:02:00,24.94,22100,24.94,U
sz002517,恺英网络,2025-10-29 10:02:06,24.97,89800,24.94,U
sz002517,恺英网络,2025-10-29 10:02:09,24.97,9300,24.97,D
sz002517,恺英网络,2025-10-29 10:02:12,24.97,47700,24.97,D
sz002517,恺英网络,2025-10-29 10:02:15,24.98,31100,24.97,U
sz002517,恺英网络,2025-10-29 10:02:18,24.97,18500,24.98,D
sz002517,恺英网络,2025-10-29 10:02:24,24.97,37900,24.97,U
sz002517,恺英网络,2025-10-29 10:02:27,24.97,13300,24.97,U
sz002517,恺英网络,2025-10-29 10:02:33,24.94,24200,24.96,D
sz002517,恺英网络,2025-10-29 10:02:36,24.91,11500,24.94,D
sz002517,恺英网络,2025-10-29 10:02:42,24.89,104200,24.9,D
sz002517,恺英网络,2025-10-29 10:02:45,24.89,12600,24.89,U
sz002517,恺英网络,2025-10-29 10:02:48,24.86,8300,24.89,D
sz002517,恺英网络,2025-10-29 10:02:51,24.83,86200,24.86,D
sz002517,恺英网络,2025-10-29 10:02:54,24.8,22900,24.83,D
sz002517,恺英网络,2025-10-29 10:02:57,24.81,16700,24.8,U
sz002517,恺英网络,2025-10-29 10:03:00,24.8,14100,24.81,D
sz002517,恺英网络,2025-10-29 10:03:03,24.8,12800,24.8,D
sz002517,恺英网络,2025-10-29 10:03:06,24.79,8100,24.8,D
sz002517,恺英网络,2025-10-29 10:03:12,24.78,20300,24.78,D
sz002517,恺英网络,2025-10-29 10:03:15,24.78,9800,24.78,U
sz002517,恺英网络,2025-10-29 10:03:18,24.77,15500,24.78,D
sz002517,恺英网络,2025-10-29 10:03:21,24.76,9700,24.77,D
sz002517,恺英网络,2025-10-29 10:03:24,24.76,10400,24.76,D
sz002517,恺英网络,2025-10-29 10:03:30,24.76,19300,24.76,U
sz002517,恺英网络,2025-10-29 10:03:36,24.74,34100,24.74,D
sz002517,恺英网络,2025-10-29 10:03:42,24.73,14000,24.74,D
sz002517,恺英网络,2025-10-29 10:03:51,24.73,14300,24.72,U
sz002517,恺英网络,2025-10-29 10:03:54,24.74,51200,24.73,U
sz002517,恺英网络,2025-10-29 10:04:03,24.77,55800,24.74,U
sz002517,恺英网络,2025-10-29 10:04:06,24.81,19600,24.77,U
sz002517,恺英网络,2025-10-29 10:04:09,24.81,12000,24.81,U
sz002517,恺英网络,2025-10-29 10:04:12,24.82,25200,24.81,U
sz002517,恺英网络,2025-10-29 10:04:18,24.87,12200,24.83,U
sz002517,恺英网络,2025-10-29 10:04:33,24.88,10800,24.86,U
sz002517,恺英网络,2025-10-29 10:04:39,24.9,12600,24.88,U
sz002517,恺英网络,2025-10-29 10:04:45,24.9,41300,24.92,D
sz002517,恺英网络,2025-10-29 10:05:00,24.9,12100,24.89,U
sz002517,恺英网络,2025-10-29 10:05:21,24.89,11100,24.9,D
sz002517,恺英网络,2025-10-29 10:05:36,24.89,13100,24.89,D
sz002517,恺英网络,2025-10-29 10:05:39,24.88,20700,24.89,D
sz002517,恺英网络,2025-10-29 10:06:00,24.9,47600,24.87,U
sz002517,恺英网络,2025-10-29 10:06:06,24.9,13100,24.89,U
sz002517,恺英网络,2025-10-29 10:06:12,24.89,53200,24.9,E
sz002517,恺英网络,2025-10-29 10:06:18,24.87,10500,24.88,D
sz002517,恺英网络,2025-10-29 10:06:21,24.88,9400,24.87,U
sz002517,恺英网络,2025-10-29 10:06:24,24.89,11000,24.88,U
sz002517,恺英网络,2025-10-29 10:06:30,24.89,25200,24.87,U
sz002517,恺英网络,2025-10-29 10:06:33,24.9,14200,24.89,U
sz002517,恺英网络,2025-10-29 10:06:42,24.9,10000,24.9,D
sz002517,恺英网络,2025-10-29 10:06:48,24.87,14300,24.9,D
sz002517,恺英网络,2025-10-29 10:07:12,24.85,14400,24.84,U
sz002517,恺英网络,2025-10-29 10:07:33,24.84,10600,24.83,U
sz002517,恺英网络,2025-10-29 10:07:39,24.84,22600,24.83,E
sz002517,恺英网络,2025-10-29 10:07:48,24.83,12700,24.84,D
sz002517,恺英网络,2025-10-29 10:07:57,24.84,26000,24.81,U
sz002517,恺英网络,2025-10-29 10:08:18,24.81,11400,24.81,D
sz002517,恺英网络,2025-10-29 10:08:24,24.81,28300,24.8,U
sz002517,恺英网络,2025-10-29 10:08:27,24.81,11700,24.81,E
sz002517,恺英网络,2025-10-29 10:08:36,24.8,11200,24.81,D
sz002517,恺英网络,2025-10-29 10:08:45,24.8,8400,24.8,D
sz002517,恺英网络,2025-10-29 10:08:51,24.78,11300,24.81,D
sz002517,恺英网络,2025-10-29 10:09:18,24.76,25700,24.76,D
sz002517,恺英网络,2025-10-29 10:09:27,24.78,8700,24.77,U
sz002517,恺英网络,2025-10-29 10:09:39,24.75,12500,24.77,D
sz002517,恺英网络,2025-10-29 10:09:48,24.76,9100,24.76,U
sz002517,恺英网络,2025-10-29 10:09:57,24.74,10000,24.74,D
sz002517,恺英网络,2025-10-29 10:10:06,24.73,17400,24.73,D
sz002517,恺英网络,2025-10-29 10:10:09,24.72,9900,24.73,D
sz002517,恺英网络,2025-10-29 10:10:12,24.74,57600,24.72,U
sz002517,恺英网络,2025-10-29 10:10:36,24.77,10100,24.76,U
sz002517,恺英网络,2025-10-29 10:10:45,24.76,9400,24.77,D
sz002517,恺英网络,2025-10-29 10:10:54,24.76,40500,24.77,D
sz002517,恺英网络,2025-10-29 10:11:27,24.76,9700,24.77,D
sz002517,恺英网络,2025-10-29 10:11:33,24.78,17900,24.78,U
sz002517,恺英网络,2025-10-29 10:11:39,24.76,9700,24.77,D
sz002517,恺英网络,2025-10-29 10:11:54,24.78,8600,24.77,U
sz002517,恺英网络,2025-10-29 10:11:57,24.82,96300,24.78,U
sz002517,恺英网络,2025-10-29 10:12:03,24.82,8500,24.83,D
sz002517,恺英网络,2025-10-29 10:12:12,24.82,9700,24.83,D
sz002517,恺英网络,2025-10-29 10:12:18,24.83,16900,24.83,U
sz002517,恺英网络,2025-10-29 10:12:33,24.8,67900,24.84,D
sz002517,恺英网络,2025-10-29 10:12:36,24.83,18900,24.8,U
sz002517,恺英网络,2025-10-29 10:12:39,24.81,10600,24.83,E
sz002517,恺英网络,2025-10-29 10:13:06,24.83,28500,24.8,U
sz002517,恺英网络,2025-10-29 10:13:21,24.82,9600,24.82,D
sz002517,恺英网络,2025-10-29 10:13:33,24.81,16300,24.83,D
sz002517,恺英网络,2025-10-29 10:14:09,24.83,80400,24.8,U
sz002517,恺英网络,2025-10-29 10:14:15,24.82,16200,24.83,D
sz002517,恺英网络,2025-10-29 10:14:27,24.84,48900,24.84,D
sz002517,恺英网络,2025-10-29 10:14:33,24.83,12100,24.84,E
sz002517,恺英网络,2025-10-29 10:14:42,24.84,15500,24.83,U
sz002517,恺英网络,2025-10-29 10:14:45,24.83,8600,24.84,D
sz002517,恺英网络,2025-10-29 10:15:30,24.8,8500,24.8,D
sz002517,恺英网络,2025-10-29 10:15:33,24.79,10000,24.8,D
sz002517,恺英网络,2025-10-29 10:15:54,24.76,26500,24.78,D
sz002517,恺英网络,2025-10-29 10:15:57,24.8,51700,24.76,U
sz002517,恺英网络,2025-10-29 10:16:00,24.81,34800,24.8,U
sz002517,恺英网络,2025-10-29 10:16:09,24.83,10100,24.82,U
sz002517,恺英网络,2025-10-29 10:16:12,24.85,44400,24.83,U
sz002517,恺英网络,2025-10-29 10:16:15,24.86,47800,24.85,U
sz002517,恺英网络,2025-10-29 10:16:21,24.89,29800,24.87,U
sz002517,恺英网络,2025-10-29 10:16:24,24.87,11800,24.89,E
sz002517,恺英网络,2025-10-29 10:16:27,24.89,11500,24.87,U
sz002517,恺英网络,2025-10-29 10:16:45,24.87,19600,24.87,U
sz002517,恺英网络,2025-10-29 10:16:48,24.87,11300,24.87,D
sz002517,恺英网络,2025-10-29 10:16:51,24.89,20400,24.87,U
sz002517,恺英网络,2025-10-29 10:16:57,24.9,10000,24.88,U
sz002517,恺英网络,2025-10-29 10:17:09,24.9,14300,24.89,U
sz002517,恺英网络,2025-10-29 10:17:15,24.89,20100,24.9,D
sz002517,恺英网络,2025-10-29 10:17:21,24.9,42100,24.89,U
sz002517,恺英网络,2025-10-29 10:17:24,24.88,8500,24.9,D
sz002517,恺英网络,2025-10-29 10:17:27,24.9,33800,24.88,U
sz002517,恺英网络,2025-10-29 10:17:30,24.91,32300,24.9,U
sz002517,恺英网络,2025-10-29 10:17:33,24.92,31000,24.91,U
sz002517,恺英网络,2025-10-29 10:17:39,24.92,14800,24.9,U
sz002517,恺英网络,2025-10-29 10:17:42,24.92,25000,24.92,D
sz002517,恺英网络,2025-10-29 10:17:45,24.94,12000,24.92,U
sz002517,恺英网络,2025-10-29 10:17:54,24.95,70200,24.93,U
sz002517,恺英网络,2025-10-29 10:18:00,24.97,199100,24.95,U
sz002517,恺英网络,2025-10-29 10:18:03,24.98,99300,24.97,U
sz002517,恺英网络,2025-10-29 10:18:09,24.98,45900,24.98,E
sz002517,恺英网络,2025-10-29 10:18:15,24.99,8100,24.98,U
sz002517,恺英网络,2025-10-29 10:18:18,24.97,8400,24.99,U
sz002517,恺英网络,2025-10-29 10:18:24,24.96,59000,24.96,D
sz002517,恺英网络,2025-10-29 10:18:27,24.97,24000,24.96,U
sz002517,恺英网络,2025-10-29 10:18:39,24.93,14300,24.93,U
sz002517,恺英网络,2025-10-29 10:18:42,24.94,16600,24.93,E
sz002517,恺英网络,2025-10-29 10:18:48,24.91,8600,24.95,D
sz002517,恺英网络,2025-10-29 10:18:54,24.92,8600,24.92,D
sz002517,恺英网络,2025-10-29 10:19:00,24.93,8300,24.93,U
sz002517,恺英网络,2025-10-29 10:19:03,24.92,11200,24.93,D
sz002517,恺英网络,2025-10-29 10:19:27,24.91,9200,24.91,D
sz002517,恺英网络,2025-10-29 10:19:33,24.9,17200,24.91,D
sz002517,恺英网络,2025-10-29 10:20:09,24.92,26800,24.89,U
sz002517,恺英网络,2025-10-29 10:20:12,24.93,56700,24.92,U
sz002517,恺英网络,2025-10-29 10:20:15,24.92,21700,24.93,D
sz002517,恺英网络,2025-10-29 10:20:21,24.97,61700,24.95,U
sz002517,恺英网络,2025-10-29 10:20:24,24.98,12700,24.97,U
sz002517,恺英网络,2025-10-29 10:20:27,24.98,50400,24.98,U
sz002517,恺英网络,2025-10-29 10:20:30,24.96,18100,24.98,D
sz002517,恺英网络,2025-10-29 10:20:33,24.98,20900,24.96,U
sz002517,恺英网络,2025-10-29 10:20:39,24.99,26600,24.99,U
sz002517,恺英网络,2025-10-29 10:20:42,24.99,24100,24.99,U
sz002517,恺英网络,2025-10-29 10:20:45,24.99,92200,24.99,U
sz002517,恺英网络,2025-10-29 10:20:48,24.99,24500,24.99,D
sz002517,恺英网络,2025-10-29 10:20:51,24.99,69300,24.99,D
sz002517,恺英网络,2025-10-29 10:20:57,25.0,25100,24.99,U
sz002517,恺英网络,2025-10-29 10:21:03,24.99,24400,24.98,U
sz002517,恺英网络,2025-10-29 10:21:09,24.99,19800,24.98,U
sz002517,恺英网络,2025-10-29 10:21:15,24.98,11700,24.99,D
sz002517,恺英网络,2025-10-29 10:21:18,24.99,10700,24.98,U
sz002517,恺英网络,2025-10-29 10:21:21,24.99,37700,24.99,D
sz002517,恺英网络,2025-10-29 10:21:24,24.99,16100,24.99,D
sz002517,恺英网络,2025-10-29 10:21:27,24.99,28600,24.99,D
sz002517,恺英网络,2025-10-29 10:21:30,25.0,69800,24.99,U
sz002517,恺英网络,2025-10-29 10:21:33,25.01,188200,25.0,U
sz002517,恺英网络,2025-10-29 10:21:36,25.02,110900,25.01,U
sz002517,恺英网络,2025-10-29 10:21:39,25.03,28100,25.02,U
sz002517,恺英网络,2025-10-29 10:21:42,25.04,125900,25.03,U
sz002517,恺英网络,2025-10-29 10:21:45,25.04,9400,25.04,D
sz002517,恺英网络,2025-10-29 10:21:48,25.06,81100,25.04,U
sz002517,恺英网络,2025-10-29 10:21:51,25.07,23700,25.06,U
sz002517,恺英网络,2025-10-29 10:21:54,25.07,33200,25.07,U
sz002517,恺英网络,2025-10-29 10:21:57,25.07,9000,25.07,U
sz002517,恺英网络,2025-10-29 10:22:00,25.07,8800,25.07,E
sz002517,恺英网络,2025-10-29 10:22:06,25.07,37700,25.07,D
sz002517,恺英网络,2025-10-29 10:22:12,25.05,74800,25.07,D
sz002517,恺英网络,2025-10-29 10:22:15,25.05,21900,25.05,U
sz002517,恺英网络,2025-10-29 10:22:36,25.01,22100,25.03,D
sz002517,恺英网络,2025-10-29 10:22:39,25.0,15300,25.01,D
sz002517,恺英网络,2025-10-29 10:22:45,24.98,12000,24.99,D
sz002517,恺英网络,2025-10-29 10:22:48,24.98,8900,24.98,U
sz002517,恺英网络,2025-10-29 10:22:57,25.0,16400,24.99,U
sz002517,恺英网络,2025-10-29 10:23:00,25.0,23400,25.0,D
sz002517,恺英网络,2025-10-29 10:23:03,25.01,12600,25.0,U
sz002517,恺英网络,2025-10-29 10:23:09,25.0,21900,25.0,D
sz002517,恺英网络,2025-10-29 10:23:24,25.01,8100,25.0,U
sz002517,恺英网络,2025-10-29 10:23:45,25.0,13100,24.98,U
sz002517,恺英网络,2025-10-29 10:24:27,24.94,8800,24.95,D
sz002517,恺英网络,2025-10-29 10:24:39,24.93,21600,24.92,U
sz002517,恺英网络,2025-10-29 10:24:48,24.97,14500,24.96,U
sz002517,恺英网络,2025-10-29 10:24:51,24.98,8200,24.97,U
sz002517,恺英网络,2025-10-29 10:25:03,24.98,10900,24.97,U
sz002517,恺英网络,2025-10-29 10:25:09,24.99,9300,24.98,U
sz002517,恺英网络,2025-10-29 10:25:21,25.0,56600,24.99,U
sz002517,恺英网络,2025-10-29 10:25:24,25.01,79000,25.0,U
sz002517,恺英网络,2025-10-29 10:25:33,25.01,17300,25.02,D
sz002517,恺英网络,2025-10-29 10:25:42,25.02,23600,25.01,U
sz002517,恺英网络,2025-10-29 10:25:51,25.0,25700,25.01,D
sz002517,恺英网络,2025-10-29 10:26:03,25.0,13000,25.0,U
sz002517,恺英网络,2025-10-29 10:26:06,25.0,21100,25.0,D
sz002517,恺英网络,2025-10-29 10:26:18,24.97,44100,25.01,D
sz002517,恺英网络,2025-10-29 10:26:21,24.99,13600,24.97,U
sz002517,恺英网络,2025-10-29 10:26:33,24.94,9400,24.94,E
sz002517,恺英网络,2025-10-29 10:26:39,24.95,8700,24.93,U
sz002517,恺英网络,2025-10-29 10:26:48,24.94,15700,24.93,U
sz002517,恺英网络,2025-10-29 10:26:51,24.91,9300,24.94,D
sz002517,恺英网络,2025-10-29 10:27:00,24.93,10400,24.94,E
sz002517,恺英网络,2025-10-29 10:27:36,24.92,15900,24.92,E
sz002517,恺英网络,2025-10-29 10:27:39,24.91,8200,24.92,D
sz002517,恺英网络,2025-10-29 10:27:42,24.9,37900,24.91,D
sz002517,恺英网络,2025-10-29 10:27:57,24.89,18300,24.89,U
sz002517,恺英网络,2025-10-29 10:28:00,24.91,9400,24.89,U
sz002517,恺英网络,2025-10-29 10:28:15,24.91,14700,24.91,D
sz002517,恺英网络,2025-10-29 10:28:18,24.93,15100,24.91,U
sz002517,恺英网络,2025-10-29 10:29:27,24.96,9300,24.94,U
sz002517,恺英网络,2025-10-29 10:29:30,24.97,15500,24.96,U
sz002517,恺英网络,2025-10-29 10:29:45,25.0,8500,24.99,U
sz002517,恺英网络,2025-10-29 10:29:54,25.0,12300,24.99,U
sz002517,恺英网络,2025-10-29 10:29:57,25.0,30500,25.0,U
sz002517,恺英网络,2025-10-29 10:30:00,25.01,8000,25.0,U
sz002517,恺英网络,2025-10-29 10:30:03,25.01,12500,25.01,U
sz002517,恺英网络,2025-10-29 10:30:12,25.01,9900,25.0,U
sz002517,恺英网络,2025-10-29 10:30:21,25.04,97800,25.01,U
sz002517,恺英网络,2025-10-29 10:30:36,25.0,25400,25.03,D
sz002517,恺英网络,2025-10-29 10:30:45,25.01,13400,25.0,U
sz002517,恺英网络,2025-10-29 10:30:51,25.01,13300,25.0,U
sz002517,恺英网络,2025-10-29 10:31:00,25.0,24500,25.01,D
sz002517,恺英网络,2025-10-29 10:31:27,24.98,40700,25.0,D
sz002517,恺英网络,2025-10-29 10:31:30,24.99,12600,24.98,U
sz002517,恺英网络,2025-10-29 10:31:57,24.97,28500,24.97,D
sz002517,恺英网络,2025-10-29 10:32:18,24.97,11500,24.97,D
sz002517,恺英网络,2025-10-29 10:32:24,24.98,9600,24.96,U
sz002517,恺英网络,2025-10-29 10:32:39,24.95,12600,24.95,D
sz002517,恺英网络,2025-10-29 10:32:42,24.94,70800,24.95,D
sz002517,恺英网络,2025-10-29 10:33:09,24.9,18100,24.9,D
sz002517,恺英网络,2025-10-29 10:33:18,24.91,15100,24.91,D
sz002517,恺英网络,2025-10-29 10:33:39,24.91,8200,24.91,D
sz002517,恺英网络,2025-10-29 10:34:03,24.9,13800,24.92,D
sz002517,恺英网络,2025-10-29 10:34:09,24.9,9300,24.91,D
sz002517,恺英网络,2025-10-29 10:34:24,24.91,12100,24.9,U
sz002517,恺英网络,2025-10-29 10:34:27,24.91,12000,24.91,U
sz002517,恺英网络,2025-10-29 10:35:03,24.85,13700,24.86,D
sz002517,恺英网络,2025-10-29 10:35:09,24.87,18900,24.85,U
sz002517,恺英网络,2025-10-29 10:35:18,24.87,13600,24.87,U
sz002517,恺英网络,2025-10-29 10:36:00,24.84,8700,24.83,U
sz002517,恺英网络,2025-10-29 10:37:03,24.91,31200,24.88,U
sz002517,恺英网络,2025-10-29 10:37:12,24.95,10400,24.93,U
sz002517,恺英网络,2025-10-29 10:37:24,24.98,30500,24.94,U
sz002517,恺英网络,2025-10-29 10:38:03,24.92,45700,24.9,U
sz002517,恺英网络,2025-10-29 10:38:36,24.93,11100,24.93,D
sz002517,恺英网络,2025-10-29 10:39:06,24.95,13900,24.93,U
sz002517,恺英网络,2025-10-29 10:39:33,24.94,10000,24.95,D
sz002517,恺英网络,2025-10-29 10:39:39,24.93,11600,24.93,D
sz002517,恺英网络,2025-10-29 10:40:36,24.93,10600,24.91,U
sz002517,恺英网络,2025-10-29 10:41:00,24.94,16400,24.93,U
sz002517,恺英网络,2025-10-29 10:41:06,24.97,10100,24.96,U
sz002517,恺英网络,2025-10-29 10:41:15,24.98,19200,24.97,U
sz002517,恺英网络,2025-10-29 10:41:24,24.95,27700,24.98,D
sz002517,恺英网络,2025-10-29 10:42:12,24.97,8500,24.95,U
sz002517,恺英网络,2025-10-29 10:42:24,24.95,48900,24.95,U
sz002517,恺英网络,2025-10-29 10:43:39,24.95,13900,24.94,U
sz002517,恺英网络,2025-10-29 10:45:27,24.9,10100,24.92,D
sz002517,恺英网络,2025-10-29 10:45:54,24.95,32800,24.93,U
sz002517,恺英网络,2025-10-29 10:46:24,24.9,9800,24.92,D
sz002517,恺英网络,2025-10-29 10:46:51,24.88,28200,24.88,U
sz002517,恺英网络,2025-10-29 10:46:54,24.89,15400,24.88,U
sz002517,恺英网络,2025-10-29 10:47:03,24.91,11000,24.9,U
sz002517,恺英网络,2025-10-29 10:47:06,24.94,18400,24.91,U
sz002517,恺英网络,2025-10-29 10:48:36,24.92,11500,24.92,E
sz002517,恺英网络,2025-10-29 10:49:06,24.93,9900,24.93,U
sz002517,恺英网络,2025-10-29 10:49:24,24.92,13700,24.92,D
sz002517,恺英网络,2025-10-29 10:51:03,24.91,10600,24.9,U
sz002517,恺英网络,2025-10-29 10:51:21,24.92,12200,24.92,U
sz002517,恺英网络,2025-10-29 10:51:30,24.9,10700,24.9,D
sz002517,恺英网络,2025-10-29 10:52:15,24.93,8500,24.92,U
sz002517,恺英网络,2025-10-29 10:53:30,24.92,12500,24.93,D
sz002517,恺英网络,2025-10-29 10:53:51,24.93,14700,24.91,U
sz002517,恺英网络,2025-10-29 10:54:30,24.94,13600,24.93,U
sz002517,恺英网络,2025-10-29 10:55:12,24.94,16300,24.95,D
sz002517,恺英网络,2025-10-29 10:55:15,24.95,33400,24.94,U
sz002517,恺英网络,2025-10-29 10:55:18,24.94,27000,24.95,D
sz002517,恺英网络,2025-10-29 10:55:21,24.94,24700,24.94,U
sz002517,恺英网络,2025-10-29 10:55:24,24.94,18600,24.94,U
sz002517,恺英网络,2025-10-29 10:55:27,24.94,12300,24.94,U
sz002517,恺英网络,2025-10-29 10:55:51,24.95,15000,24.93,U
sz002517,恺英网络,2025-10-29 10:56:15,24.92,9600,24.93,D
sz002517,恺英网络,2025-10-29 10:56:18,24.9,38500,24.92,D
sz002517,恺英网络,2025-10-29 10:56:24,24.89,8100,24.91,D
sz002517,恺英网络,2025-10-29 10:56:30,24.89,18000,24.88,U
sz002517,恺英网络,2025-10-29 10:56:39,24.87,8300,24.87,D
sz002517,恺英网络,2025-10-29 10:56:45,24.86,10000,24.88,D
sz002517,恺英网络,2025-10-29 10:56:54,24.86,11100,24.86,D
sz002517,恺英网络,2025-10-29 10:57:09,24.82,23400,24.85,D
sz002517,恺英网络,2025-10-29 10:57:12,24.86,14700,24.82,U
sz002517,恺英网络,2025-10-29 10:57:27,24.85,9000,24.84,U
sz002517,恺英网络,2025-10-29 10:57:51,24.86,18300,24.84,U
sz002517,恺英网络,2025-10-29 10:57:54,24.86,24700,24.86,E
sz002517,恺英网络,2025-10-29 10:58:00,24.87,14700,24.87,U
sz002517,恺英网络,2025-10-29 10:58:30,24.88,8500,24.85,U
sz002517,恺英网络,2025-10-29 10:58:48,24.86,9100,24.85,U
sz002517,恺英网络,2025-10-29 10:59:03,24.85,11100,24.85,U
sz002517,恺英网络,2025-10-29 10:59:09,24.86,8500,24.83,U
sz002517,恺英网络,2025-10-29 10:59:12,24.85,13800,24.86,E
sz002517,恺英网络,2025-10-29 10:59:36,24.86,10900,24.85,U
sz002517,恺英网络,2025-10-29 10:59:39,24.87,15800,24.86,U
sz002517,恺英网络,2025-10-29 10:59:51,24.89,14800,24.88,U
sz002517,恺英网络,2025-10-29 11:00:45,24.89,27100,24.9,D
sz002517,恺英网络,2025-10-29 11:00:54,24.87,11000,24.89,D
sz002517,恺英网络,2025-10-29 11:01:06,24.89,8200,24.88,U
sz002517,恺英网络,2025-10-29 11:01:57,24.85,69600,24.86,D
sz002517,恺英网络,2025-10-29 11:02:00,24.85,10700,24.85,U
sz002517,恺英网络,2025-10-29 11:02:30,24.85,55900,24.84,U
sz002517,恺英网络,2025-10-29 11:02:33,24.85,30200,24.85,U
sz002517,恺英网络,2025-10-29 11:03:00,24.86,46400,24.85,U
sz002517,恺英网络,2025-10-29 11:03:12,24.83,8700,24.84,D
sz002517,恺英网络,2025-10-29 11:03:18,24.84,25000,24.83,U
sz002517,恺英网络,2025-10-29 11:03:30,24.82,10900,24.81,E
sz002517,恺英网络,2025-10-29 11:03:39,24.8,9000,24.81,D
sz002517,恺英网络,2025-10-29 11:03:48,24.79,63300,24.8,D
sz002517,恺英网络,2025-10-29 11:04:03,24.78,14800,24.8,D
sz002517,恺英网络,2025-10-29 11:05:36,24.77,18500,24.77,D
sz002517,恺英网络,2025-10-29 11:05:54,24.76,13100,24.76,D
sz002517,恺英网络,2025-10-29 11:06:12,24.76,11000,24.76,D
sz002517,恺英网络,2025-10-29 11:06:21,24.76,12700,24.76,D
sz002517,恺英网络,2025-10-29 11:07:00,24.77,16400,24.75,U
sz002517,恺英网络,2025-10-29 11:07:06,24.76,13300,24.77,E
sz002517,恺英网络,2025-10-29 11:09:36,24.8,11800,24.82,D
sz002517,恺英网络,2025-10-29 11:09:42,24.8,15200,24.81,D
sz002517,恺英网络,2025-10-29 11:09:45,24.77,42400,24.8,D
sz002517,恺英网络,2025-10-29 11:11:15,24.78,9700,24.78,D
sz002517,恺英网络,2025-10-29 11:11:36,24.77,12100,24.77,D
sz002517,恺英网络,2025-10-29 11:12:51,24.78,12500,24.78,U
sz002517,恺英网络,2025-10-29 11:12:54,24.8,20400,24.78,U
sz002517,恺英网络,2025-10-29 11:13:42,24.8,14500,24.81,D
sz002517,恺英网络,2025-10-29 11:14:03,24.81,9500,24.8,U
sz002517,恺英网络,2025-10-29 11:14:30,24.8,10000,24.82,D
sz002517,恺英网络,2025-10-29 11:14:57,24.83,11500,24.83,D
sz002517,恺英网络,2025-10-29 11:15:12,24.8,16300,24.82,D
sz002517,恺英网络,2025-10-29 11:16:30,24.77,23000,24.77,D
sz002517,恺英网络,2025-10-29 11:16:51,24.76,34700,24.76,D
sz002517,恺英网络,2025-10-29 11:19:00,24.75,12000,24.76,D
sz002517,恺英网络,2025-10-29 11:19:03,24.74,22824,24.75,D
sz002517,恺英网络,2025-10-29 11:19:24,24.73,34300,24.74,D
sz002517,恺英网络,2025-10-29 11:20:21,24.72,14000,24.72,D
sz002517,恺英网络,2025-10-29 11:20:36,24.72,16800,24.72,U
sz002517,恺英网络,2025-10-29 11:20:48,24.72,18000,24.72,U
sz002517,恺英网络,2025-10-29 11:21:00,24.72,69900,24.71,U
sz002517,恺英网络,2025-10-29 11:22:12,24.73,9800,24.73,D
sz002517,恺英网络,2025-10-29 11:22:51,24.75,8800,24.76,D
sz002517,恺英网络,2025-10-29 11:23:21,24.74,29200,24.75,D
sz002517,恺英网络,2025-10-29 11:24:18,24.76,9300,24.75,U
sz002517,恺英网络,2025-10-29 11:26:09,24.76,19800,24.76,D
sz002517,恺英网络,2025-10-29 11:26:27,24.75,10600,24.75,D
sz002517,恺英网络,2025-10-29 11:26:39,24.76,11600,24.75,U
sz002517,恺英网络,2025-10-29 11:27:15,24.74,18600,24.75,D
sz002517,恺英网络,2025-10-29 11:29:18,24.72,13800,24.73,D
sz002517,恺英网络,2025-10-29 11:29:30,24.72,11900,24.72,E
sz002517,恺英网络,2025-10-29 11:30:00,24.75,8500,24.76,U
sz002517,恺英网络,2025-10-29 13:00:00,24.75,27900,24.75,U
sz002517,恺英网络,2025-10-29 13:00:03,24.75,75900,24.75,D
sz002517,恺英网络,2025-10-29 13:00:06,24.75,18200,24.75,D
sz002517,恺英网络,2025-10-29 13:00:09,24.77,38800,24.75,U
sz002517,恺英网络,2025-10-29 13:00:15,24.75,19700,24.77,D
sz002517,恺英网络,2025-10-29 13:00:21,24.8,12600,24.76,U
sz002517,恺英网络,2025-10-29 13:00:27,24.82,12900,24.8,U
sz002517,恺英网络,2025-10-29 13:00:42,24.86,84300,24.82,U
sz002517,恺英网络,2025-10-29 13:00:45,24.88,29400,24.86,U
sz002517,恺英网络,2025-10-29 13:00:51,24.84,14900,24.88,E
sz002517,恺英网络,2025-10-29 13:01:06,24.85,43000,24.84,U
sz002517,恺英网络,2025-10-29 13:01:54,24.74,8100,24.8,D
sz002517,恺英网络,2025-10-29 13:02:09,24.74,12200,24.77,D
sz002517,恺英网络,2025-10-29 13:02:24,24.76,8200,24.76,D
sz002517,恺英网络,2025-10-29 13:02:30,24.79,8200,24.76,U
sz002517,恺英网络,2025-10-29 13:02:36,24.78,12300,24.78,D
sz002517,恺英网络,2025-10-29 13:03:36,24.8,13700,24.79,U
sz002517,恺英网络,2025-10-29 13:03:57,24.82,10700,24.83,D
sz002517,恺英网络,2025-10-29 13:04:00,24.88,9900,24.82,U
sz002517,恺英网络,2025-10-29 13:04:06,24.92,35300,24.88,U
sz002517,恺英网络,2025-10-29 13:04:18,24.88,8700,24.9,D
sz002517,恺英网络,2025-10-29 13:04:21,24.86,8100,24.88,D
sz002517,恺英网络,2025-10-29 13:04:27,24.86,8700,24.88,D
sz002517,恺英网络,2025-10-29 13:04:45,24.88,13600,24.87,U
sz002517,恺英网络,2025-10-29 13:06:39,24.81,9600,24.82,D
sz002517,恺英网络,2025-10-29 13:08:06,24.85,13000,24.84,U
sz002517,恺英网络,2025-10-29 13:08:18,24.82,75500,24.85,D
sz002517,恺英网络,2025-10-29 13:08:21,24.82,17400,24.82,D
sz002517,恺英网络,2025-10-29 13:08:27,24.83,16000,24.85,D
sz002517,恺英网络,2025-10-29 13:08:45,24.83,129300,24.87,D
sz002517,恺英网络,2025-10-29 13:08:51,24.8,40900,24.8,U
sz002517,恺英网络,2025-10-29 13:09:39,24.74,15700,24.75,D
sz002517,恺英网络,2025-10-29 13:09:48,24.78,8200,24.74,U
sz002517,恺英网络,2025-10-29 13:10:54,24.74,50800,24.76,D
sz002517,恺英网络,2025-10-29 13:11:24,24.75,10100,24.75,D
sz002517,恺英网络,2025-10-29 13:11:27,24.75,8800,24.75,D
sz002517,恺英网络,2025-10-29 13:11:30,24.75,11400,24.75,D
sz002517,恺英网络,2025-10-29 13:11:39,24.73,10000,24.74,D
sz002517,恺英网络,2025-10-29 13:11:45,24.73,9600,24.73,U
sz002517,恺英网络,2025-10-29 13:12:33,24.76,13000,24.77,D
sz002517,恺英网络,2025-10-29 13:12:51,24.75,12700,24.75,D
sz002517,恺英网络,2025-10-29 13:13:24,24.76,9500,24.76,D
sz002517,恺英网络,2025-10-29 13:14:00,24.75,8900,24.76,D
sz002517,恺英网络,2025-10-29 13:15:09,24.77,8400,24.76,U
sz002517,恺英网络,2025-10-29 13:15:42,24.77,13400,24.77,D
sz002517,恺英网络,2025-10-29 13:16:09,24.76,20700,24.76,D
sz002517,恺英网络,2025-10-29 13:16:36,24.76,16600,24.76,D
sz002517,恺英网络,2025-10-29 13:17:03,24.76,13300,24.76,U
sz002517,恺英网络,2025-10-29 13:20:24,24.75,16200,24.76,D
sz002517,恺英网络,2025-10-29 13:21:21,24.76,10500,24.75,E
sz002517,恺英网络,2025-10-29 13:21:36,24.75,8700,24.76,D
sz002517,恺英网络,2025-10-29 13:21:39,24.75,9000,24.75,D
sz002517,恺英网络,2025-10-29 13:23:57,24.77,11400,24.77,D
sz002517,恺英网络,2025-10-29 13:24:30,24.78,8900,24.78,U
sz002517,恺英网络,2025-10-29 13:24:48,24.78,8700,24.79,D
sz002517,恺英网络,2025-10-29 13:26:45,24.78,11100,24.78,D
sz002517,恺英网络,2025-10-29 13:26:48,24.78,28100,24.78,D
sz002517,恺英网络,2025-10-29 13:26:51,24.77,10300,24.78,D
sz002517,恺英网络,2025-10-29 13:27:15,24.75,30400,24.76,D
sz002517,恺英网络,2025-10-29 13:27:24,24.75,10600,24.76,D
sz002517,恺英网络,2025-10-29 13:27:27,24.75,18100,24.75,D
sz002517,恺英网络,2025-10-29 13:27:42,24.74,17800,24.75,D
sz002517,恺英网络,2025-10-29 13:27:45,24.75,13200,24.74,U
sz002517,恺英网络,2025-10-29 13:28:15,24.74,17800,24.74,D
sz002517,恺英网络,2025-10-29 13:28:27,24.76,8800,24.75,U
sz002517,恺英网络,2025-10-29 13:31:21,24.75,13300,24.75,U
sz002517,恺英网络,2025-10-29 13:31:51,24.76,11400,24.75,U
sz002517,恺英网络,2025-10-29 13:31:54,24.76,16700,24.76,U
sz002517,恺英网络,2025-10-29 13:32:54,24.76,26700,24.76,U
sz002517,恺英网络,2025-10-29 13:33:15,24.77,13000,24.77,U
sz002517,恺英网络,2025-10-29 13:33:18,24.78,16800,24.77,U
sz002517,恺英网络,2025-10-29 13:33:24,24.76,12000,24.78,D
sz002517,恺英网络,2025-10-29 13:33:36,24.76,21200,24.76,D
sz002517,恺英网络,2025-10-29 13:33:42,24.76,13200,24.78,D
sz002517,恺英网络,2025-10-29 13:33:45,24.76,14200,24.76,U
sz002517,恺英网络,2025-10-29 13:33:48,24.74,163300,24.76,D
sz002517,恺英网络,2025-10-29 13:33:51,24.74,12900,24.74,D
sz002517,恺英网络,2025-10-29 13:34:06,24.75,9000,24.74,U
sz002517,恺英网络,2025-10-29 13:34:15,24.74,10800,24.75,D
sz002517,恺英网络,2025-10-29 13:35:45,24.75,26700,24.75,D
sz002517,恺英网络,2025-10-29 13:35:51,24.72,140600,24.75,D
sz002517,恺英网络,2025-10-29 13:36:33,24.75,9000,24.73,U
sz002517,恺英网络,2025-10-29 13:39:33,24.74,12800,24.73,U
sz002517,恺英网络,2025-10-29 13:40:03,24.75,13100,24.74,U
sz002517,恺英网络,2025-10-29 13:40:24,24.74,8300,24.74,D
sz002517,恺英网络,2025-10-29 13:40:48,24.74,8900,24.75,D
sz002517,恺英网络,2025-10-29 13:40:57,24.75,8400,24.75,U
sz002517,恺英网络,2025-10-29 13:41:12,24.74,12300,24.75,D
sz002517,恺英网络,2025-10-29 13:41:27,24.73,12300,24.73,D
sz002517,恺英网络,2025-10-29 13:42:03,24.74,12800,24.73,U
sz002517,恺英网络,2025-10-29 13:42:09,24.73,35800,24.73,D
sz002517,恺英网络,2025-10-29 13:43:12,24.74,8200,24.74,D
sz002517,恺英网络,2025-10-29 13:44:21,24.74,10700,24.74,D
sz002517,恺英网络,2025-10-29 13:44:33,24.73,15500,24.75,D
sz002517,恺英网络,2025-10-29 13:44:42,24.74,8600,24.74,D
sz002517,恺英网络,2025-10-29 13:46:03,24.74,11000,24.75,D
sz002517,恺英网络,2025-10-29 13:47:09,24.75,31200,24.75,U
sz002517,恺英网络,2025-10-29 13:47:33,24.77,47400,24.76,U
sz002517,恺英网络,2025-10-29 13:47:54,24.79,56800,24.77,U
sz002517,恺英网络,2025-10-29 13:48:12,24.79,9800,24.79,D
sz002517,恺英网络,2025-10-29 13:48:15,24.78,27500,24.79,D
sz002517,恺英网络,2025-10-29 13:48:33,24.78,10500,24.78,U
sz002517,恺英网络,2025-10-29 13:51:30,24.74,19900,24.74,D
sz002517,恺英网络,2025-10-29 13:51:33,24.73,15200,24.74,D
sz002517,恺英网络,2025-10-29 13:51:45,24.73,11000,24.73,D
sz002517,恺英网络,2025-10-29 13:51:54,24.73,15300,24.73,D
sz002517,恺英网络,2025-10-29 13:52:03,24.72,30800,24.73,D
sz002517,恺英网络,2025-10-29 13:52:12,24.73,26000,24.72,U
sz002517,恺英网络,2025-10-29 13:52:15,24.72,52500,24.73,D
sz002517,恺英网络,2025-10-29 13:52:18,24.71,13100,24.72,D
sz002517,恺英网络,2025-10-29 13:52:24,24.71,9500,24.71,D
sz002517,恺英网络,2025-10-29 13:52:33,24.71,9700,24.72,D
sz002517,恺英网络,2025-10-29 13:52:39,24.71,13100,24.71,D
sz002517,恺英网络,2025-10-29 13:52:42,24.71,32700,24.71,D
sz002517,恺英网络,2025-10-29 13:52:45,24.71,45000,24.71,D
sz002517,恺英网络,2025-10-29 13:52:48,24.71,15100,24.71,D
sz002517,恺英网络,2025-10-29 13:52:51,24.71,25900,24.71,D
sz002517,恺英网络,2025-10-29 13:52:54,24.71,8100,24.71,D
sz002517,恺英网络,2025-10-29 13:52:57,24.71,16600,24.71,D
sz002517,恺英网络,2025-10-29 13:53:03,24.7,17200,24.71,D
sz002517,恺英网络,2025-10-29 13:53:15,24.7,19100,24.7,D
sz002517,恺英网络,2025-10-29 13:53:18,24.71,19700,24.7,U
sz002517,恺英网络,2025-10-29 13:53:42,24.72,8500,24.72,D
sz002517,恺英网络,2025-10-29 13:54:03,24.73,10500,24.72,D
sz002517,恺英网络,2025-10-29 13:54:24,24.74,20600,24.74,D
sz002517,恺英网络,2025-10-29 13:55:33,24.72,10100,24.73,D
sz002517,恺英网络,2025-10-29 13:55:54,24.72,43800,24.72,D
sz002517,恺英网络,2025-10-29 13:56:33,24.72,9500,24.71,U
sz002517,恺英网络,2025-10-29 13:57:00,24.71,9600,24.72,D
sz002517,恺英网络,2025-10-29 13:57:06,24.72,9000,24.7,U
sz002517,恺英网络,2025-10-29 13:57:24,24.71,8300,24.72,D
sz002517,恺英网络,2025-10-29 13:58:03,24.71,8500,24.71,D
sz002517,恺英网络,2025-10-29 13:58:09,24.72,8800,24.71,U
sz002517,恺英网络,2025-10-29 13:58:21,24.72,8400,24.72,U
sz002517,恺英网络,2025-10-29 13:59:09,24.73,21400,24.71,U
sz002517,恺英网络,2025-10-29 13:59:57,24.75,25000,24.72,U
sz002517,恺英网络,2025-10-29 14:00:03,24.75,20000,24.75,U
sz002517,恺英网络,2025-10-29 14:00:06,24.75,9750,24.75,U
sz002517,恺英网络,2025-10-29 14:00:27,24.76,20300,24.75,U
sz002517,恺英网络,2025-10-29 14:00:45,24.75,31700,24.73,U
sz002517,恺英网络,2025-10-29 14:00:54,24.73,9100,24.74,D
sz002517,恺英网络,2025-10-29 14:01:06,24.76,10700,24.73,U
sz002517,恺英网络,2025-10-29 14:01:12,24.75,14400,24.74,U
sz002517,恺英网络,2025-10-29 14:01:15,24.77,14800,24.75,U
sz002517,恺英网络,2025-10-29 14:01:36,24.78,11900,24.77,U
sz002517,恺英网络,2025-10-29 14:01:51,24.79,25700,24.77,U
sz002517,恺英网络,2025-10-29 14:01:54,24.78,15100,24.79,D
sz002517,恺英网络,2025-10-29 14:02:00,24.79,8400,24.79,U
sz002517,恺英网络,2025-10-29 14:02:12,24.79,90400,24.79,D
sz002517,恺英网络,2025-10-29 14:02:15,24.79,12300,24.79,D
sz002517,恺英网络,2025-10-29 14:02:18,24.79,12600,24.79,U
sz002517,恺英网络,2025-10-29 14:02:27,24.79,18400,24.79,U
sz002517,恺英网络,2025-10-29 14:03:06,24.8,58100,24.77,U
sz002517,恺英网络,2025-10-29 14:03:12,24.8,8800,24.8,U
sz002517,恺英网络,2025-10-29 14:03:33,24.8,9400,24.8,U
sz002517,恺英网络,2025-10-29 14:03:54,24.8,18300,24.79,U
sz002517,恺英网络,2025-10-29 14:05:15,24.79,20100,24.8,D
sz002517,恺英网络,2025-10-29 14:05:21,24.8,20300,24.79,U
sz002517,恺英网络,2025-10-29 14:05:27,24.8,9900,24.8,U
sz002517,恺英网络,2025-10-29 14:05:30,24.8,38800,24.8,U
sz002517,恺英网络,2025-10-29 14:05:36,24.84,273700,24.8,U
sz002517,恺英网络,2025-10-29 14:05:39,24.84,12700,24.84,U
sz002517,恺英网络,2025-10-29 14:05:57,24.83,10300,24.84,D
sz002517,恺英网络,2025-10-29 14:06:09,24.83,15300,24.83,D
sz002517,恺英网络,2025-10-29 14:06:24,24.81,13200,24.82,D
sz002517,恺英网络,2025-10-29 14:06:54,24.8,11500,24.79,U
sz002517,恺英网络,2025-10-29 14:07:00,24.8,9600,24.8,D
sz002517,恺英网络,2025-10-29 14:08:57,24.84,15200,24.84,U
sz002517,恺英网络,2025-10-29 14:09:03,24.84,22100,24.84,U
sz002517,恺英网络,2025-10-29 14:09:33,24.83,26400,24.83,D
sz002517,恺英网络,2025-10-29 14:10:06,24.83,8200,24.84,D
sz002517,恺英网络,2025-10-29 14:10:18,24.85,68900,24.85,U
sz002517,恺英网络,2025-10-29 14:10:21,24.85,21300,24.85,U
sz002517,恺英网络,2025-10-29 14:10:24,24.86,12500,24.85,U
sz002517,恺英网络,2025-10-29 14:10:36,24.86,8400,24.85,U
sz002517,恺英网络,2025-10-29 14:10:57,24.86,25100,24.86,U
sz002517,恺英网络,2025-10-29 14:11:06,24.86,20800,24.85,U
sz002517,恺英网络,2025-10-29 14:11:12,24.84,12400,24.85,D
sz002517,恺英网络,2025-10-29 14:11:24,24.85,21500,24.84,U
sz002517,恺英网络,2025-10-29 14:12:24,24.84,13900,24.83,U
sz002517,恺英网络,2025-10-29 14:13:54,24.84,8100,24.83,U
sz002517,恺英网络,2025-10-29 14:14:03,24.84,11300,24.82,U
sz002517,恺英网络,2025-10-29 14:14:45,24.83,19400,24.82,U
sz002517,恺英网络,2025-10-29 14:14:54,24.85,92600,24.83,U
sz002517,恺英网络,2025-10-29 14:15:00,24.85,27400,24.87,D
sz002517,恺英网络,2025-10-29 14:15:27,24.87,16900,24.86,U
sz002517,恺英网络,2025-10-29 14:17:18,24.78,38400,24.8,D
sz002517,恺英网络,2025-10-29 14:17:27,24.8,14900,24.8,U
sz002517,恺英网络,2025-10-29 14:18:12,24.8,8200,24.8,D
sz002517,恺英网络,2025-10-29 14:18:15,24.79,10000,24.8,D
sz002517,恺英网络,2025-10-29 14:18:30,24.82,9200,24.82,U
sz002517,恺英网络,2025-10-29 14:18:42,24.81,32500,24.82,D
sz002517,恺英网络,2025-10-29 14:19:45,24.8,8300,24.79,U
sz002517,恺英网络,2025-10-29 14:20:45,24.78,10300,24.79,D
sz002517,恺英网络,2025-10-29 14:20:48,24.78,9300,24.78,D
sz002517,恺英网络,2025-10-29 14:21:12,24.79,17400,24.78,U
sz002517,恺英网络,2025-10-29 14:21:18,24.8,11600,24.79,U
sz002517,恺英网络,2025-10-29 14:22:12,24.83,8200,24.83,U
sz002517,恺英网络,2025-10-29 14:22:18,24.84,9700,24.83,U
sz002517,恺英网络,2025-10-29 14:22:24,24.84,16100,24.84,U
sz002517,恺英网络,2025-10-29 14:22:27,24.85,15300,24.84,U
sz002517,恺英网络,2025-10-29 14:22:30,24.85,12100,24.85,U
sz002517,恺英网络,2025-10-29 14:22:33,24.85,45300,24.85,U
sz002517,恺英网络,2025-10-29 14:23:15,24.84,13700,24.83,U
sz002517,恺英网络,2025-10-29 14:23:24,24.85,8400,24.84,U
sz002517,恺英网络,2025-10-29 14:24:42,24.84,14800,24.83,U
sz002517,恺英网络,2025-10-29 14:24:45,24.84,10800,24.84,U
sz002517,恺英网络,2025-10-29 14:24:51,24.85,23300,24.85,U
sz002517,恺英网络,2025-10-29 14:25:33,24.85,45400,24.85,D
sz002517,恺英网络,2025-10-29 14:27:09,24.81,16700,24.82,D
sz002517,恺英网络,2025-10-29 14:27:42,24.82,12000,24.83,E
sz002517,恺英网络,2025-10-29 14:28:21,24.8,17600,24.82,D
sz002517,恺英网络,2025-10-29 14:29:06,24.81,35300,24.8,E
sz002517,恺英网络,2025-10-29 14:29:42,24.83,13100,24.81,U
sz002517,恺英网络,2025-10-29 14:31:03,24.83,10000,24.82,U
sz002517,恺英网络,2025-10-29 14:31:36,24.83,12700,24.83,U
sz002517,恺英网络,2025-10-29 14:33:18,24.82,17200,24.82,D
sz002517,恺英网络,2025-10-29 14:34:03,24.82,10400,24.83,E
sz002517,恺英网络,2025-10-29 14:34:06,24.84,23800,24.82,U
sz002517,恺英网络,2025-10-29 14:34:12,24.83,8400,24.83,D
sz002517,恺英网络,2025-10-29 14:34:42,24.83,8600,24.85,D
sz002517,恺英网络,2025-10-29 14:35:18,24.84,16135,24.85,D
sz002517,恺英网络,2025-10-29 14:35:36,24.85,43000,24.83,U
sz002517,恺英网络,2025-10-29 14:36:09,24.84,38500,24.83,D
sz002517,恺英网络,2025-10-29 14:36:18,24.86,51000,24.85,U
sz002517,恺英网络,2025-10-29 14:37:39,24.85,10000,24.86,D
sz002517,恺英网络,2025-10-29 14:37:45,24.85,25500,24.85,U
sz002517,恺英网络,2025-10-29 14:37:57,24.86,27400,24.86,U
sz002517,恺英网络,2025-10-29 14:38:12,24.87,53765,24.85,U
sz002517,恺英网络,2025-10-29 14:38:15,24.86,11200,24.87,D
sz002517,恺英网络,2025-10-29 14:38:24,24.87,8600,24.87,U
sz002517,恺英网络,2025-10-29 14:38:45,24.86,17600,24.86,D
sz002517,恺英网络,2025-10-29 14:38:51,24.87,40800,24.85,U
sz002517,恺英网络,2025-10-29 14:39:00,24.85,8900,24.86,D
sz002517,恺英网络,2025-10-29 14:39:12,24.86,67000,24.86,U
sz002517,恺英网络,2025-10-29 14:39:27,24.86,8800,24.85,U
sz002517,恺英网络,2025-10-29 14:39:48,24.86,17700,24.85,U
sz002517,恺英网络,2025-10-29 14:39:57,24.87,40900,24.87,U
sz002517,恺英网络,2025-10-29 14:40:00,24.87,69400,24.87,D
sz002517,恺英网络,2025-10-29 14:40:45,24.86,8100,24.86,U
sz002517,恺英网络,2025-10-29 14:41:12,24.84,8300,24.85,D
sz002517,恺英网络,2025-10-29 14:42:15,24.86,11100,24.86,U
sz002517,恺英网络,2025-10-29 14:42:24,24.88,53200,24.86,U
sz002517,恺英网络,2025-10-29 14:42:57,24.87,19900,24.86,U
sz002517,恺英网络,2025-10-29 14:43:12,24.87,49700,24.87,U
sz002517,恺英网络,2025-10-29 14:43:24,24.88,43900,24.87,U
sz002517,恺英网络,2025-10-29 14:43:48,24.88,44800,24.87,U
sz002517,恺英网络,2025-10-29 14:43:57,24.9,123800,24.89,U
sz002517,恺英网络,2025-10-29 14:44:00,24.91,45200,24.9,U
sz002517,恺英网络,2025-10-29 14:44:06,24.91,19100,24.91,D
sz002517,恺英网络,2025-10-29 14:44:09,24.92,13900,24.91,U
sz002517,恺英网络,2025-10-29 14:44:15,24.92,18300,24.92,U
sz002517,恺英网络,2025-10-29 14:44:24,24.91,34100,24.92,D
sz002517,恺英网络,2025-10-29 14:44:33,24.92,8400,24.92,U
sz002517,恺英网络,2025-10-29 14:44:36,24.92,10900,24.92,D
sz002517,恺英网络,2025-10-29 14:44:42,24.94,54500,24.92,U
sz002517,恺英网络,2025-10-29 14:44:51,24.93,17200,24.93,D
sz002517,恺英网络,2025-10-29 14:44:57,24.94,27600,24.93,U
sz002517,恺英网络,2025-10-29 14:45:06,24.93,13400,24.93,D
sz002517,恺英网络,2025-10-29 14:45:09,24.93,11800,24.93,D
sz002517,恺英网络,2025-10-29 14:45:21,24.92,11600,24.93,D
sz002517,恺英网络,2025-10-29 14:45:33,24.92,27400,24.92,U
sz002517,恺英网络,2025-10-29 14:45:48,24.92,14500,24.91,U
sz002517,恺英网络,2025-10-29 14:45:51,24.92,9600,24.92,D
sz002517,恺英网络,2025-10-29 14:45:54,24.93,12400,24.92,U
sz002517,恺英网络,2025-10-29 14:45:57,24.93,28600,24.93,U
sz002517,恺英网络,2025-10-29 14:46:00,24.93,9000,24.93,D
sz002517,恺英网络,2025-10-29 14:46:03,24.94,12700,24.93,U
sz002517,恺英网络,2025-10-29 14:46:06,24.94,11000,24.94,D
sz002517,恺英网络,2025-10-29 14:46:09,24.95,9900,24.94,U
sz002517,恺英网络,2025-10-29 14:46:12,24.95,11300,24.95,U
sz002517,恺英网络,2025-10-29 14:46:30,24.94,10300,24.95,D
sz002517,恺英网络,2025-10-29 14:46:36,24.93,13600,24.95,D
sz002517,恺英网络,2025-10-29 14:46:42,24.94,27400,24.93,U
sz002517,恺英网络,2025-10-29 14:46:45,24.94,22800,24.94,D
sz002517,恺英网络,2025-10-29 14:46:51,24.95,63800,24.95,U
sz002517,恺英网络,2025-10-29 14:46:54,24.97,10900,24.95,U
sz002517,恺英网络,2025-10-29 14:46:57,24.97,49000,24.97,D
sz002517,恺英网络,2025-10-29 14:47:06,24.97,21600,24.97,U
sz002517,恺英网络,2025-10-29 14:47:15,24.96,8400,24.96,D
sz002517,恺英网络,2025-10-29 14:47:21,24.95,10300,24.97,D
sz002517,恺英网络,2025-10-29 14:47:33,24.96,11300,24.95,D
sz002517,恺英网络,2025-10-29 14:47:39,24.97,10500,24.97,U
sz002517,恺英网络,2025-10-29 14:47:51,24.97,8700,24.96,U
sz002517,恺英网络,2025-10-29 14:47:54,24.97,9800,24.97,U
sz002517,恺英网络,2025-10-29 14:47:57,24.97,26800,24.97,D
sz002517,恺英网络,2025-10-29 14:48:12,24.98,38800,24.97,U
sz002517,恺英网络,2025-10-29 14:48:15,24.97,25700,24.98,D
sz002517,恺英网络,2025-10-29 14:48:18,24.97,28900,24.97,D
sz002517,恺英网络,2025-10-29 14:48:21,24.98,33000,24.97,U
sz002517,恺英网络,2025-10-29 14:48:24,24.98,27000,24.98,U
sz002517,恺英网络,2025-10-29 14:48:36,24.97,14600,24.96,U
sz002517,恺英网络,2025-10-29 14:48:54,24.96,10200,24.96,D
sz002517,恺英网络,2025-10-29 14:48:57,24.98,48800,24.96,U
sz002517,恺英网络,2025-10-29 14:49:00,24.98,19400,24.98,D
sz002517,恺英网络,2025-10-29 14:49:03,24.98,12000,24.98,D
sz002517,恺英网络,2025-10-29 14:49:06,24.98,12100,24.98,D
sz002517,恺英网络,2025-10-29 14:49:24,24.98,11600,24.98,U
sz002517,恺英网络,2025-10-29 14:49:27,24.98,35100,24.98,D
sz002517,恺英网络,2025-10-29 14:49:33,24.99,19200,24.98,U
sz002517,恺英网络,2025-10-29 14:49:36,24.98,13000,24.99,D
sz002517,恺英网络,2025-10-29 14:49:45,24.97,15200,24.97,U
sz002517,恺英网络,2025-10-29 14:49:48,24.97,14900,24.97,D
sz002517,恺英网络,2025-10-29 14:49:57,24.98,9000,24.97,U
sz002517,恺英网络,2025-10-29 14:50:00,24.98,49400,24.98,D
sz002517,恺英网络,2025-10-29 14:50:03,25.0,32200,24.98,U
sz002517,恺英网络,2025-10-29 14:50:12,24.99,103200,24.97,U
sz002517,恺英网络,2025-10-29 14:50:15,24.97,14700,24.99,E
sz002517,恺英网络,2025-10-29 14:50:27,24.97,27300,24.98,D
sz002517,恺英网络,2025-10-29 14:50:39,24.98,18100,24.98,U
sz002517,恺英网络,2025-10-29 14:50:45,24.98,15700,24.98,U
sz002517,恺英网络,2025-10-29 14:50:48,24.98,18400,24.98,D
sz002517,恺英网络,2025-10-29 14:50:51,24.98,11000,24.98,D
sz002517,恺英网络,2025-10-29 14:50:54,24.99,15700,24.98,U
sz002517,恺英网络,2025-10-29 14:51:06,24.97,22500,24.98,D
sz002517,恺英网络,2025-10-29 14:51:15,24.96,43900,24.97,D
sz002517,恺英网络,2025-10-29 14:51:18,24.95,40900,24.96,D
sz002517,恺英网络,2025-10-29 14:51:21,24.96,10300,24.95,E
sz002517,恺英网络,2025-10-29 14:51:24,24.96,10400,24.96,D
sz002517,恺英网络,2025-10-29 14:51:27,24.96,9400,24.96,D
sz002517,恺英网络,2025-10-29 14:51:30,24.96,9300,24.96,U
sz002517,恺英网络,2025-10-29 14:52:00,24.98,8800,24.98,D
sz002517,恺英网络,2025-10-29 14:52:27,24.97,19300,24.98,D
sz002517,恺英网络,2025-10-29 14:52:30,24.97,11500,24.97,U
sz002517,恺英网络,2025-10-29 14:52:33,24.97,9900,24.97,U
sz002517,恺英网络,2025-10-29 14:52:42,24.97,15100,24.97,D
sz002517,恺英网络,2025-10-29 14:53:00,24.97,65942,24.97,U
sz002517,恺英网络,2025-10-29 14:53:09,24.95,52800,24.96,D
sz002517,恺英网络,2025-10-29 14:53:12,24.94,53858,24.95,D
sz002517,恺英网络,2025-10-29 14:53:21,24.93,18200,24.95,D
sz002517,恺英网络,2025-10-29 14:53:33,24.93,9100,24.94,D
sz002517,恺英网络,2025-10-29 14:54:00,24.94,10800,24.95,D
sz002517,恺英网络,2025-10-29 14:54:06,24.94,15600,24.94,D
sz002517,恺英网络,2025-10-29 14:54:09,24.95,16200,24.94,U
sz002517,恺英网络,2025-10-29 14:54:24,24.95,10400,24.95,U
sz002517,恺英网络,2025-10-29 14:54:27,24.95,9200,24.95,U
sz002517,恺英网络,2025-10-29 14:54:36,24.93,15200,24.95,D
sz002517,恺英网络,2025-10-29 14:54:42,24.94,9100,24.94,D
sz002517,恺英网络,2025-10-29 14:54:45,24.93,8900,24.94,D
sz002517,恺英网络,2025-10-29 14:54:51,24.95,11900,24.94,U
sz002517,恺英网络,2025-10-29 14:54:54,24.94,10800,24.95,D
sz002517,恺英网络,2025-10-29 14:55:03,24.94,25600,24.94,D
sz002517,恺英网络,2025-10-29 14:55:06,24.94,23800,24.94,D
sz002517,恺英网络,2025-10-29 14:55:09,24.95,11400,24.94,U
sz002517,恺英网络,2025-10-29 14:55:15,24.95,23400,24.95,U
sz002517,恺英网络,2025-10-29 14:55:18,24.95,8100,24.95,D
sz002517,恺英网络,2025-10-29 14:55:21,24.96,42200,24.95,U
sz002517,恺英网络,2025-10-29 14:55:24,24.96,16300,24.96,D
sz002517,恺英网络,2025-10-29 14:55:30,24.96,9900,24.96,D
sz002517,恺英网络,2025-10-29 14:55:36,24.96,12300,24.96,U
sz002517,恺英网络,2025-10-29 14:55:48,24.96,14000,24.95,U
sz002517,恺英网络,2025-10-29 14:55:51,24.96,8400,24.96,U
sz002517,恺英网络,2025-10-29 14:56:00,24.97,10400,24.96,U
sz002517,恺英网络,2025-10-29 14:56:18,24.97,11800,24.97,U
sz002517,恺英网络,2025-10-29 14:56:21,24.97,43500,24.97,U
sz002517,恺英网络,2025-10-29 14:56:27,24.97,32800,24.97,U
sz002517,恺英网络,2025-10-29 14:56:30,24.95,16000,24.97,D
sz002517,恺英网络,2025-10-29 14:56:36,24.96,14800,24.97,D
sz002517,恺英网络,2025-10-29 14:56:45,24.97,8900,24.96,U
sz002517,恺英网络,2025-10-29 14:56:51,24.96,41700,24.97,D
sz002517,恺英网络,2025-10-29 14:56:57,24.96,11100,24.97,D
sz002517,恺英网络,2025-10-29 14:57:00,24.98,8900,24.96,U
sz002517,恺英网络,2025-10-29 15:00:00,24.99,462600,24.98,U
