symbol,name,ticktime,price,volume,prev_price,kind
sz002517,恺英网络,2025-09-25 09:25:00,28.95,255650,0.0,U
sz002517,恺英网络,2025-09-25 09:30:00,29.0,72100,28.95,U
sz002517,恺英网络,2025-09-25 09:30:03,28.97,77100,29.0,D
sz002517,恺英网络,2025-09-25 09:30:06,28.97,96000,28.97,D
sz002517,恺英网络,2025-09-25 09:30:09,29.09,39218,28.97,U
sz002517,恺英网络,2025-09-25 09:30:12,29.13,20900,29.09,U
sz002517,恺英网络,2025-09-25 09:30:15,29.15,38800,29.13,U
sz002517,恺英网络,2025-09-25 09:30:18,29.28,45200,29.15,U
sz002517,恺英网络,2025-09-25 09:30:21,29.3,22000,29.28,U
sz002517,恺英网络,2025-09-25 09:30:24,29.29,22500,29.3,D
sz002517,恺英网络,2025-09-25 09:30:27,29.3,19800,29.29,U
sz002517,恺英网络,2025-09-25 09:30:30,29.3,19800,29.3,D
sz002517,恺英网络,2025-09-25 09:30:33,29.36,25100,29.3,E
sz002517,恺英网络,2025-09-25 09:30:36,29.33,13300,29.36,U
sz002517,恺英网络,2025-09-25 09:30:39,29.35,23100,29.33,E
sz002517,恺英网络,2025-09-25 09:30:42,29.41,118900,29.35,U
sz002517,恺英网络,2025-09-25 09:30:45,29.56,107800,29.41,U
sz002517,恺英网络,2025-09-25 09:30:48,29.54,55100,29.56,D
sz002517,恺英网络,2025-09-25 09:30:51,29.56,50531,29.54,U
sz002517,恺英网络,2025-09-25 09:30:54,29.55,47100,29.56,E
sz002517,恺英网络,2025-09-25 09:30:57,29.5,54000,29.55,E
sz002517,恺英网络,2025-09-25 09:31:00,29.43,21300,29.5,D
sz002517,恺英网络,2025-09-25 09:31:03,29.52,59969,29.43,U
sz002517,恺英网络,2025-09-25 09:31:06,29.53,91600,29.52,U
sz002517,恺英网络,2025-09-25 09:31:09,29.52,39100,29.53,D
sz002517,恺英网络,2025-09-25 09:31:12,29.52,57000,29.52,D
sz002517,恺英网络,2025-09-25 09:31:15,29.54,38200,29.52,U
sz002517,恺英网络,2025-09-25 09:31:18,29.51,35231,29.54,D
sz002517,恺英网络,2025-09-25 09:31:21,29.53,29900,29.51,U
sz002517,恺英网络,2025-09-25 09:31:24,29.54,18669,29.53,U
sz002517,恺英网络,2025-09-25 09:31:27,29.55,22899,29.54,E
sz002517,恺英网络,2025-09-25 09:31:30,29.55,28500,29.55,D
sz002517,恺英网络,2025-09-25 09:31:33,29.62,36600,29.55,U
sz002517,恺英网络,2025-09-25 09:31:36,29.62,38800,29.62,D
sz002517,恺英网络,2025-09-25 09:31:39,29.64,31300,29.62,E
sz002517,恺英网络,2025-09-25 09:31:42,29.66,39900,29.64,U
sz002517,恺英网络,2025-09-25 09:31:45,29.7,74600,29.66,U
sz002517,恺英网络,2025-09-25 09:31:48,29.7,15400,29.7,D
sz002517,恺英网络,2025-09-25 09:31:51,29.78,26500,29.7,U
sz002517,恺英网络,2025-09-25 09:31:54,29.78,27100,29.78,U
sz002517,恺英网络,2025-09-25 09:31:57,29.78,26100,29.78,D
sz002517,恺英网络,2025-09-25 09:32:00,29.79,56600,29.78,E
sz002517,恺英网络,2025-09-25 09:32:03,29.73,29100,29.79,D
sz002517,恺英网络,2025-09-25 09:32:06,29.72,37300,29.73,D
sz002517,恺英网络,2025-09-25 09:32:09,29.68,72000,29.72,D
sz002517,恺英网络,2025-09-25 09:32:12,29.71,39900,29.68,U
sz002517,恺英网络,2025-09-25 09:32:15,29.62,58700,29.71,D
sz002517,恺英网络,2025-09-25 09:32:18,29.71,57600,29.62,U
sz002517,恺英网络,2025-09-25 09:32:21,29.72,73400,29.71,U
sz002517,恺英网络,2025-09-25 09:32:24,29.71,73700,29.72,D
sz002517,恺英网络,2025-09-25 09:32:27,29.72,46000,29.71,U
sz002517,恺英网络,2025-09-25 09:32:30,29.72,29500,29.72,D
sz002517,恺英网络,2025-09-25 09:32:33,29.71,49900,29.72,D
sz002517,恺英网络,2025-09-25 09:32:36,29.61,12500,29.71,D
sz002517,恺英网络,2025-09-25 09:32:39,29.62,85100,29.61,E
sz002517,恺英网络,2025-09-25 09:32:42,29.53,50900,29.62,D
sz002517,恺英网络,2025-09-25 09:32:45,29.59,18900,29.53,U
sz002517,恺英网络,2025-09-25 09:32:48,29.55,53100,29.59,E
sz002517,恺英网络,2025-09-25 09:32:51,29.52,16700,29.55,D
sz002517,恺英网络,2025-09-25 09:32:54,29.65,38300,29.52,U
sz002517,恺英网络,2025-09-25 09:32:57,29.6,11900,29.65,D
sz002517,恺英网络,2025-09-25 09:33:00,29.59,19300,29.6,D
sz002517,恺英网络,2025-09-25 09:33:03,29.58,48700,29.59,D
sz002517,恺英网络,2025-09-25 09:33:06,29.57,22100,29.58,E
sz002517,恺英网络,2025-09-25 09:33:09,29.43,181600,29.57,D
sz002517,恺英网络,2025-09-25 09:33:12,29.46,50400,29.43,U
sz002517,恺英网络,2025-09-25 09:33:15,29.44,41000,29.46,E
sz002517,恺英网络,2025-09-25 09:33:18,29.45,41300,29.44,E
sz002517,恺英网络,2025-09-25 09:33:21,29.46,22200,29.45,D
sz002517,恺英网络,2025-09-25 09:33:24,29.5,13700,29.46,U
sz002517,恺英网络,2025-09-25 09:33:27,29.5,18400,29.5,U
sz002517,恺英网络,2025-09-25 09:33:30,29.54,17100,29.5,U
sz002517,恺英网络,2025-09-25 09:33:33,29.54,14800,29.54,D
sz002517,恺英网络,2025-09-25 09:33:36,29.52,32700,29.54,D
sz002517,恺英网络,2025-09-25 09:33:42,29.52,27800,29.5,U
sz002517,恺英网络,2025-09-25 09:33:45,29.5,8400,29.52,D
sz002517,恺英网络,2025-09-25 09:33:48,29.52,20300,29.5,D
sz002517,恺英网络,2025-09-25 09:33:51,29.54,30500,29.52,U
sz002517,恺英网络,2025-09-25 09:33:54,29.54,46300,29.54,D
sz002517,恺英网络,2025-09-25 09:33:57,29.54,12500,29.54,U
sz002517,恺英网络,2025-09-25 09:34:00,29.54,14700,29.54,D
sz002517,恺英网络,2025-09-25 09:34:03,29.57,34200,29.54,U
sz002517,恺英网络,2025-09-25 09:34:06,29.55,18700,29.57,D
sz002517,恺英网络,2025-09-25 09:34:12,29.6,18100,29.59,U
sz002517,恺英网络,2025-09-25 09:34:21,29.61,12000,29.63,E
sz002517,恺英网络,2025-09-25 09:34:24,29.57,80200,29.61,D
sz002517,恺英网络,2025-09-25 09:34:27,29.61,231900,29.57,U
sz002517,恺英网络,2025-09-25 09:34:30,29.65,28901,29.61,U
sz002517,恺英网络,2025-09-25 09:34:33,29.71,79300,29.65,U
sz002517,恺英网络,2025-09-25 09:34:36,29.8,151800,29.71,U
sz002517,恺英网络,2025-09-25 09:34:39,29.99,174600,29.8,U
sz002517,恺英网络,2025-09-25 09:34:42,29.99,87950,29.99,U
sz002517,恺英网络,2025-09-25 09:34:45,29.98,62350,29.99,D
sz002517,恺英网络,2025-09-25 09:34:48,29.99,80000,29.98,U
sz002517,恺英网络,2025-09-25 09:34:51,30.01,60000,29.99,U
sz002517,恺英网络,2025-09-25 09:34:54,30.04,35100,30.01,E
sz002517,恺英网络,2025-09-25 09:34:57,30.03,85800,30.04,E
sz002517,恺英网络,2025-09-25 09:35:00,30.04,32195,30.03,U
sz002517,恺英网络,2025-09-25 09:35:03,30.06,43905,30.04,U
sz002517,恺英网络,2025-09-25 09:35:06,30.05,36500,30.06,E
sz002517,恺英网络,2025-09-25 09:35:09,30.05,49200,30.05,D
sz002517,恺英网络,2025-09-25 09:35:12,30.0,73200,30.05,D
sz002517,恺英网络,2025-09-25 09:35:15,29.97,31700,30.0,E
sz002517,恺英网络,2025-09-25 09:35:18,29.92,23100,29.97,D
sz002517,恺英网络,2025-09-25 09:35:21,29.93,30200,29.92,U
sz002517,恺英网络,2025-09-25 09:35:24,29.93,21400,29.93,U
sz002517,恺英网络,2025-09-25 09:35:27,29.93,35600,29.93,U
sz002517,恺英网络,2025-09-25 09:35:30,29.93,20000,29.93,E
sz002517,恺英网络,2025-09-25 09:35:33,29.99,36000,29.93,U
sz002517,恺英网络,2025-09-25 09:35:36,29.99,24000,29.99,U
sz002517,恺英网络,2025-09-25 09:35:39,30.02,81300,29.99,U
sz002517,恺英网络,2025-09-25 09:35:42,30.02,86700,30.02,D
sz002517,恺英网络,2025-09-25 09:35:45,30.08,60095,30.02,U
sz002517,恺英网络,2025-09-25 09:35:48,30.03,60100,30.08,E
sz002517,恺英网络,2025-09-25 09:35:51,30.03,23000,30.03,D
sz002517,恺英网络,2025-09-25 09:35:54,30.03,14100,30.03,D
sz002517,恺英网络,2025-09-25 09:35:57,30.03,44600,30.03,U
sz002517,恺英网络,2025-09-25 09:36:00,30.03,12700,30.03,U
sz002517,恺英网络,2025-09-25 09:36:03,30.06,23800,30.03,U
sz002517,恺英网络,2025-09-25 09:36:06,30.03,15200,30.06,D
sz002517,恺英网络,2025-09-25 09:36:09,30.05,14700,30.03,E
sz002517,恺英网络,2025-09-25 09:36:12,30.0,95100,30.05,D
sz002517,恺英网络,2025-09-25 09:36:15,29.96,25100,30.0,D
sz002517,恺英网络,2025-09-25 09:36:18,29.96,106000,29.96,D
sz002517,恺英网络,2025-09-25 09:36:21,30.05,23500,29.96,U
sz002517,恺英网络,2025-09-25 09:36:24,30.0,20900,30.05,D
sz002517,恺英网络,2025-09-25 09:36:30,30.0,29100,30.02,D
sz002517,恺英网络,2025-09-25 09:36:33,30.01,97800,30.0,U
sz002517,恺英网络,2025-09-25 09:36:36,30.03,19100,30.01,E
sz002517,恺英网络,2025-09-25 09:36:39,30.07,99200,30.03,U
sz002517,恺英网络,2025-09-25 09:36:42,30.15,14700,30.07,U
sz002517,恺英网络,2025-09-25 09:36:45,30.12,19400,30.15,E
sz002517,恺英网络,2025-09-25 09:36:48,30.15,17400,30.12,U
sz002517,恺英网络,2025-09-25 09:36:51,30.08,198600,30.15,E
sz002517,恺英网络,2025-09-25 09:36:54,30.08,24400,30.08,U
sz002517,恺英网络,2025-09-25 09:36:57,30.02,35200,30.08,E
sz002517,恺英网络,2025-09-25 09:37:00,30.03,30800,30.02,U
sz002517,恺英网络,2025-09-25 09:37:03,30.0,55000,30.03,D
sz002517,恺英网络,2025-09-25 09:37:06,30.0,78000,30.0,U
sz002517,恺英网络,2025-09-25 09:37:09,30.0,54100,30.0,U
sz002517,恺英网络,2025-09-25 09:37:12,30.0,32100,30.0,U
sz002517,恺英网络,2025-09-25 09:37:15,29.98,39100,30.0,D
sz002517,恺英网络,2025-09-25 09:37:18,29.98,38200,29.98,D
sz002517,恺英网络,2025-09-25 09:37:21,29.92,52900,29.98,D
sz002517,恺英网络,2025-09-25 09:37:24,29.88,26000,29.92,D
sz002517,恺英网络,2025-09-25 09:37:27,29.92,28300,29.88,U
sz002517,恺英网络,2025-09-25 09:37:30,29.9,136900,29.92,E
sz002517,恺英网络,2025-09-25 09:37:33,29.89,41300,29.9,E
sz002517,恺英网络,2025-09-25 09:37:36,29.96,22200,29.89,U
sz002517,恺英网络,2025-09-25 09:37:39,29.97,21700,29.96,U
sz002517,恺英网络,2025-09-25 09:37:42,29.97,87100,29.97,D
sz002517,恺英网络,2025-09-25 09:37:45,29.97,22500,29.97,D
sz002517,恺英网络,2025-09-25 09:37:48,29.97,25700,29.97,U
sz002517,恺英网络,2025-09-25 09:37:51,29.97,13500,29.97,U
sz002517,恺英网络,2025-09-25 09:37:57,29.98,23500,29.99,D
sz002517,恺英网络,2025-09-25 09:38:00,29.99,29700,29.98,U
sz002517,恺英网络,2025-09-25 09:38:03,29.99,129800,29.99,U
sz002517,恺英网络,2025-09-25 09:38:06,29.99,15800,29.99,D
sz002517,恺英网络,2025-09-25 09:38:09,30.02,10800,29.99,U
sz002517,恺英网络,2025-09-25 09:38:12,30.01,34700,30.02,E
sz002517,恺英网络,2025-09-25 09:38:15,30.03,17700,30.01,U
sz002517,恺英网络,2025-09-25 09:38:18,30.03,16500,30.03,U
sz002517,恺英网络,2025-09-25 09:38:21,30.05,20800,30.03,U
sz002517,恺英网络,2025-09-25 09:38:24,30.07,10600,30.05,U
sz002517,恺英网络,2025-09-25 09:38:27,30.06,50800,30.07,D
sz002517,恺英网络,2025-09-25 09:38:30,30.02,150900,30.06,D
sz002517,恺英网络,2025-09-25 09:38:33,30.02,59000,30.02,U
sz002517,恺英网络,2025-09-25 09:38:36,30.02,11500,30.02,D
sz002517,恺英网络,2025-09-25 09:38:39,30.02,31300,30.02,U
sz002517,恺英网络,2025-09-25 09:38:42,30.02,40800,30.02,U
sz002517,恺英网络,2025-09-25 09:38:45,30.05,19200,30.02,U
sz002517,恺英网络,2025-09-25 09:38:48,30.03,99100,30.05,U
sz002517,恺英网络,2025-09-25 09:38:51,29.98,62500,30.03,D
sz002517,恺英网络,2025-09-25 09:38:54,30.0,36900,29.98,E
sz002517,恺英网络,2025-09-25 09:38:57,30.0,13800,30.0,U
sz002517,恺英网络,2025-09-25 09:39:00,30.0,111500,30.0,D
sz002517,恺英网络,2025-09-25 09:39:03,29.95,17700,30.0,D
sz002517,恺英网络,2025-09-25 09:39:06,29.95,35300,29.95,U
sz002517,恺英网络,2025-09-25 09:39:09,29.95,35900,29.95,D
sz002517,恺英网络,2025-09-25 09:39:12,30.0,19600,29.95,U
sz002517,恺英网络,2025-09-25 09:39:15,29.96,15300,30.0,D
sz002517,恺英网络,2025-09-25 09:39:18,29.95,17900,29.96,D
sz002517,恺英网络,2025-09-25 09:39:21,29.94,32500,29.95,D
sz002517,恺英网络,2025-09-25 09:39:24,29.9,34800,29.94,D
sz002517,恺英网络,2025-09-25 09:39:27,29.9,11500,29.9,D
sz002517,恺英网络,2025-09-25 09:39:30,29.9,38100,29.9,D
sz002517,恺英网络,2025-09-25 09:39:33,29.88,42600,29.9,D
sz002517,恺英网络,2025-09-25 09:39:36,29.88,32800,29.88,D
sz002517,恺英网络,2025-09-25 09:39:39,29.89,41900,29.88,E
sz002517,恺英网络,2025-09-25 09:39:42,29.89,14800,29.89,D
sz002517,恺英网络,2025-09-25 09:39:45,29.89,12200,29.89,D
sz002517,恺英网络,2025-09-25 09:39:48,29.88,13500,29.89,D
sz002517,恺英网络,2025-09-25 09:39:51,29.89,14300,29.88,U
sz002517,恺英网络,2025-09-25 09:39:54,29.89,33200,29.89,D
sz002517,恺英网络,2025-09-25 09:39:57,29.89,19300,29.89,D
sz002517,恺英网络,2025-09-25 09:40:00,29.94,9400,29.89,U
sz002517,恺英网络,2025-09-25 09:40:03,29.98,36600,29.94,U
sz002517,恺英网络,2025-09-25 09:40:06,29.98,27000,29.98,U
sz002517,恺英网络,2025-09-25 09:40:09,30.0,11100,29.98,U
sz002517,恺英网络,2025-09-25 09:40:12,29.99,10900,30.0,E
sz002517,恺英网络,2025-09-25 09:40:15,29.99,30800,29.99,D
sz002517,恺英网络,2025-09-25 09:40:18,30.0,39800,29.99,U
sz002517,恺英网络,2025-09-25 09:40:21,29.99,17300,30.0,D
sz002517,恺英网络,2025-09-25 09:40:24,29.99,150900,29.99,D
sz002517,恺英网络,2025-09-25 09:40:27,30.0,45700,29.99,U
sz002517,恺英网络,2025-09-25 09:40:30,30.0,26700,30.0,E
sz002517,恺英网络,2025-09-25 09:40:33,30.0,38200,30.0,D
sz002517,恺英网络,2025-09-25 09:40:36,30.0,43400,30.0,D
sz002517,恺英网络,2025-09-25 09:40:39,30.01,13100,30.0,U
sz002517,恺英网络,2025-09-25 09:40:42,30.01,19500,30.01,D
sz002517,恺英网络,2025-09-25 09:40:45,30.01,7100,30.01,E
sz002517,恺英网络,2025-09-25 09:40:48,30.01,15900,30.01,D
sz002517,恺英网络,2025-09-25 09:40:51,30.01,8900,30.01,U
sz002517,恺英网络,2025-09-25 09:40:54,30.04,18000,30.01,U
sz002517,恺英网络,2025-09-25 09:40:57,30.03,19100,30.04,D
sz002517,恺英网络,2025-09-25 09:41:00,30.04,16000,30.03,U
sz002517,恺英网络,2025-09-25 09:41:03,30.05,14900,30.04,U
sz002517,恺英网络,2025-09-25 09:41:06,30.03,10000,30.05,D
sz002517,恺英网络,2025-09-25 09:41:09,30.03,33600,30.03,U
sz002517,恺英网络,2025-09-25 09:41:12,30.04,26100,30.03,U
sz002517,恺英网络,2025-09-25 09:41:15,30.04,21500,30.04,U
sz002517,恺英网络,2025-09-25 09:41:18,30.04,23000,30.04,U
sz002517,恺英网络,2025-09-25 09:41:21,30.04,23400,30.04,E
sz002517,恺英网络,2025-09-25 09:41:24,30.08,22700,30.04,U
sz002517,恺英网络,2025-09-25 09:41:27,30.08,23600,30.08,D
sz002517,恺英网络,2025-09-25 09:41:30,30.09,17400,30.08,E
sz002517,恺英网络,2025-09-25 09:41:33,30.1,14200,30.09,U
sz002517,恺英网络,2025-09-25 09:41:36,30.1,13800,30.1,U
sz002517,恺英网络,2025-09-25 09:41:39,30.09,17100,30.1,E
sz002517,恺英网络,2025-09-25 09:41:42,30.05,77900,30.09,D
sz002517,恺英网络,2025-09-25 09:41:45,30.0,95700,30.05,D
sz002517,恺英网络,2025-09-25 09:41:48,29.97,36100,30.0,D
sz002517,恺英网络,2025-09-25 09:41:51,29.94,55600,29.97,D
sz002517,恺英网络,2025-09-25 09:41:54,29.95,40500,29.94,U
sz002517,恺英网络,2025-09-25 09:41:57,29.92,38500,29.95,U
sz002517,恺英网络,2025-09-25 09:42:00,29.92,12100,29.92,U
sz002517,恺英网络,2025-09-25 09:42:03,29.86,9200,29.92,D
sz002517,恺英网络,2025-09-25 09:42:06,29.89,29000,29.86,E
sz002517,恺英网络,2025-09-25 09:42:12,29.85,14900,29.86,D
sz002517,恺英网络,2025-09-25 09:42:15,29.85,24800,29.85,U
sz002517,恺英网络,2025-09-25 09:42:18,29.85,14200,29.85,U
sz002517,恺英网络,2025-09-25 09:42:21,29.85,12300,29.85,D
sz002517,恺英网络,2025-09-25 09:42:24,29.85,35700,29.85,D
sz002517,恺英网络,2025-09-25 09:42:27,29.85,10800,29.85,D
sz002517,恺英网络,2025-09-25 09:42:30,29.88,12100,29.85,E
sz002517,恺英网络,2025-09-25 09:42:33,29.88,12700,29.88,D
sz002517,恺英网络,2025-09-25 09:42:36,29.88,13400,29.88,D
sz002517,恺英网络,2025-09-25 09:42:39,29.91,11500,29.88,U
sz002517,恺英网络,2025-09-25 09:42:42,29.91,48400,29.91,D
sz002517,恺英网络,2025-09-25 09:42:48,29.88,43400,29.91,D
sz002517,恺英网络,2025-09-25 09:42:51,29.91,29300,29.88,U
sz002517,恺英网络,2025-09-25 09:42:54,29.88,30100,29.91,D
sz002517,恺英网络,2025-09-25 09:43:00,29.88,7400,29.87,E
sz002517,恺英网络,2025-09-25 09:43:03,29.89,65900,29.88,E
sz002517,恺英网络,2025-09-25 09:43:06,29.87,16900,29.89,D
sz002517,恺英网络,2025-09-25 09:43:12,29.84,62700,29.87,D
sz002517,恺英网络,2025-09-25 09:43:21,29.87,38900,29.87,D
sz002517,恺英网络,2025-09-25 09:43:24,29.83,43800,29.87,D
sz002517,恺英网络,2025-09-25 09:43:27,29.8,65400,29.83,D
sz002517,恺英网络,2025-09-25 09:43:30,29.78,8600,29.8,D
sz002517,恺英网络,2025-09-25 09:43:36,29.77,13500,29.77,D
sz002517,恺英网络,2025-09-25 09:43:39,29.77,11700,29.77,D
sz002517,恺英网络,2025-09-25 09:43:42,29.76,7400,29.77,D
sz002517,恺英网络,2025-09-25 09:43:45,29.75,25000,29.76,D
sz002517,恺英网络,2025-09-25 09:43:48,29.75,8700,29.75,U
sz002517,恺英网络,2025-09-25 09:43:51,29.75,93200,29.75,U
sz002517,恺英网络,2025-09-25 09:43:54,29.75,36600,29.75,D
sz002517,恺英网络,2025-09-25 09:43:57,29.79,29400,29.75,U
sz002517,恺英网络,2025-09-25 09:44:00,29.77,32400,29.79,D
sz002517,恺英网络,2025-09-25 09:44:06,29.87,14400,29.79,U
sz002517,恺英网络,2025-09-25 09:44:09,29.84,36500,29.87,E
sz002517,恺英网络,2025-09-25 09:44:12,29.94,14600,29.84,U
sz002517,恺英网络,2025-09-25 09:44:15,29.86,15900,29.94,D
sz002517,恺英网络,2025-09-25 09:44:18,29.94,18400,29.86,E
sz002517,恺英网络,2025-09-25 09:44:21,29.95,13000,29.94,E
sz002517,恺英网络,2025-09-25 09:44:24,29.99,43400,29.95,U
sz002517,恺英网络,2025-09-25 09:44:27,29.99,10100,29.99,U
sz002517,恺英网络,2025-09-25 09:44:33,29.99,27900,29.99,D
sz002517,恺英网络,2025-09-25 09:44:36,30.02,12100,29.99,U
sz002517,恺英网络,2025-09-25 09:44:39,30.0,8100,30.02,D
sz002517,恺英网络,2025-09-25 09:44:42,30.04,8000,30.0,U
sz002517,恺英网络,2025-09-25 09:44:45,30.03,35800,30.04,E
sz002517,恺英网络,2025-09-25 09:44:48,30.01,7800,30.03,D
sz002517,恺英网络,2025-09-25 09:44:51,30.06,20100,30.01,U
sz002517,恺英网络,2025-09-25 09:44:54,30.05,17600,30.06,D
sz002517,恺英网络,2025-09-25 09:44:57,30.07,12500,30.05,U
sz002517,恺英网络,2025-09-25 09:45:00,30.07,11700,30.07,D
sz002517,恺英网络,2025-09-25 09:45:03,30.07,8500,30.07,D
sz002517,恺英网络,2025-09-25 09:45:06,30.07,43000,30.07,U
sz002517,恺英网络,2025-09-25 09:45:09,30.09,25500,30.07,U
sz002517,恺英网络,2025-09-25 09:45:12,30.09,11300,30.09,U
sz002517,恺英网络,2025-09-25 09:45:15,30.1,23600,30.09,U
sz002517,恺英网络,2025-09-25 09:45:18,30.11,91700,30.1,U
sz002517,恺英网络,2025-09-25 09:45:21,30.1,26300,30.11,E
sz002517,恺英网络,2025-09-25 09:45:24,30.11,22500,30.1,U
sz002517,恺英网络,2025-09-25 09:45:27,30.12,11000,30.11,U
sz002517,恺英网络,2025-09-25 09:45:30,30.14,26300,30.12,U
sz002517,恺英网络,2025-09-25 09:45:33,30.13,85000,30.14,D
sz002517,恺英网络,2025-09-25 09:45:36,30.01,27800,30.13,D
sz002517,恺英网络,2025-09-25 09:45:39,30.13,25000,30.01,U
sz002517,恺英网络,2025-09-25 09:45:42,30.05,24600,30.13,E
sz002517,恺英网络,2025-09-25 09:45:45,30.0,22100,30.05,D
sz002517,恺英网络,2025-09-25 09:45:48,29.99,29400,30.0,D
sz002517,恺英网络,2025-09-25 09:45:51,30.0,30000,29.99,U
sz002517,恺英网络,2025-09-25 09:45:54,29.97,11800,30.0,D
sz002517,恺英网络,2025-09-25 09:45:57,29.95,42500,29.97,D
sz002517,恺英网络,2025-09-25 09:46:00,30.0,17400,29.95,U
sz002517,恺英网络,2025-09-25 09:46:03,29.98,40100,30.0,E
sz002517,恺英网络,2025-09-25 09:46:09,29.96,20700,29.98,E
sz002517,恺英网络,2025-09-25 09:46:12,29.98,38800,29.96,E
sz002517,恺英网络,2025-09-25 09:46:15,29.98,21400,29.98,D
sz002517,恺英网络,2025-09-25 09:46:18,29.98,90000,29.98,U
sz002517,恺英网络,2025-09-25 09:46:21,29.98,27200,29.98,U
sz002517,恺英网络,2025-09-25 09:46:24,29.94,14100,29.98,E
sz002517,恺英网络,2025-09-25 09:46:27,29.92,13300,29.94,E
sz002517,恺英网络,2025-09-25 09:46:30,29.93,8300,29.92,E
sz002517,恺英网络,2025-09-25 09:46:33,29.91,10400,29.93,D
sz002517,恺英网络,2025-09-25 09:46:36,29.9,8800,29.91,D
sz002517,恺英网络,2025-09-25 09:46:39,29.9,26100,29.9,U
sz002517,恺英网络,2025-09-25 09:46:42,29.9,19400,29.9,U
sz002517,恺英网络,2025-09-25 09:46:45,29.9,24500,29.9,U
sz002517,恺英网络,2025-09-25 09:46:48,29.91,16764,29.9,E
sz002517,恺英网络,2025-09-25 09:46:51,29.91,7100,29.91,D
sz002517,恺英网络,2025-09-25 09:46:54,29.92,16800,29.91,E
sz002517,恺英网络,2025-09-25 09:46:57,29.91,18100,29.92,D
sz002517,恺英网络,2025-09-25 09:47:00,29.9,15736,29.91,D
sz002517,恺英网络,2025-09-25 09:47:03,29.9,18000,29.9,U
sz002517,恺英网络,2025-09-25 09:47:06,29.89,32000,29.9,D
sz002517,恺英网络,2025-09-25 09:47:09,29.91,15400,29.89,U
sz002517,恺英网络,2025-09-25 09:47:12,29.9,19500,29.91,D
sz002517,恺英网络,2025-09-25 09:47:15,29.88,18300,29.9,D
sz002517,恺英网络,2025-09-25 09:47:21,29.88,37300,29.9,D
sz002517,恺英网络,2025-09-25 09:47:24,29.83,19600,29.88,D
sz002517,恺英网络,2025-09-25 09:47:27,29.85,10200,29.83,U
sz002517,恺英网络,2025-09-25 09:47:30,29.81,24600,29.85,D
sz002517,恺英网络,2025-09-25 09:47:36,29.87,65600,29.83,U
sz002517,恺英网络,2025-09-25 09:47:39,29.9,14200,29.87,U
sz002517,恺英网络,2025-09-25 09:47:42,29.91,14500,29.9,E
sz002517,恺英网络,2025-09-25 09:47:45,29.89,23900,29.91,D
sz002517,恺英网络,2025-09-25 09:47:48,29.89,10700,29.89,D
sz002517,恺英网络,2025-09-25 09:47:51,29.93,12900,29.89,E
sz002517,恺英网络,2025-09-25 09:47:54,29.98,18764,29.93,U
sz002517,恺英网络,2025-09-25 09:47:57,29.99,16900,29.98,U
sz002517,恺英网络,2025-09-25 09:48:00,29.99,7100,29.99,U
sz002517,恺英网络,2025-09-25 09:48:03,29.99,23136,29.99,U
sz002517,恺英网络,2025-09-25 09:48:06,29.99,19900,29.99,U
sz002517,恺英网络,2025-09-25 09:48:09,29.95,119400,29.99,E
sz002517,恺英网络,2025-09-25 09:48:12,30.0,48900,29.95,U
sz002517,恺英网络,2025-09-25 09:48:15,30.0,9200,30.0,D
sz002517,恺英网络,2025-09-25 09:48:18,30.01,6900,30.0,U
sz002517,恺英网络,2025-09-25 09:48:21,30.01,22000,30.01,U
sz002517,恺英网络,2025-09-25 09:48:24,30.0,23300,30.01,D
sz002517,恺英网络,2025-09-25 09:48:27,30.0,24100,30.0,U
sz002517,恺英网络,2025-09-25 09:48:30,29.95,22100,30.0,D
sz002517,恺英网络,2025-09-25 09:48:33,29.95,13800,29.95,U
sz002517,恺英网络,2025-09-25 09:48:36,29.95,26700,29.95,U
sz002517,恺英网络,2025-09-25 09:48:39,29.85,44800,29.95,D
sz002517,恺英网络,2025-09-25 09:48:42,29.82,40400,29.85,D
sz002517,恺英网络,2025-09-25 09:48:45,29.77,99700,29.82,D
sz002517,恺英网络,2025-09-25 09:48:48,29.72,19200,29.77,D
sz002517,恺英网络,2025-09-25 09:48:51,29.68,10600,29.72,D
sz002517,恺英网络,2025-09-25 09:48:54,29.69,8800,29.68,E
sz002517,恺英网络,2025-09-25 09:49:00,29.65,72299,29.68,D
sz002517,恺英网络,2025-09-25 09:49:03,29.64,34200,29.65,E
sz002517,恺英网络,2025-09-25 09:49:06,29.55,28700,29.64,D
sz002517,恺英网络,2025-09-25 09:49:12,29.55,13400,29.61,D
sz002517,恺英网络,2025-09-25 09:49:15,29.55,15000,29.55,D
sz002517,恺英网络,2025-09-25 09:49:18,29.55,28800,29.55,U
sz002517,恺英网络,2025-09-25 09:49:21,29.52,47500,29.55,D
sz002517,恺英网络,2025-09-25 09:49:24,29.49,82300,29.52,D
sz002517,恺英网络,2025-09-25 09:49:27,29.46,18300,29.49,D
sz002517,恺英网络,2025-09-25 09:49:30,29.38,37000,29.46,D
sz002517,恺英网络,2025-09-25 09:49:33,29.36,25600,29.38,D
sz002517,恺英网络,2025-09-25 09:49:36,29.36,20200,29.36,D
sz002517,恺英网络,2025-09-25 09:49:39,29.35,38300,29.36,D
sz002517,恺英网络,2025-09-25 09:49:42,29.31,43400,29.35,E
sz002517,恺英网络,2025-09-25 09:49:45,29.3,14900,29.31,E
sz002517,恺英网络,2025-09-25 09:49:48,29.21,38900,29.3,D
sz002517,恺英网络,2025-09-25 09:49:51,29.22,75400,29.21,E
sz002517,恺英网络,2025-09-25 09:49:54,29.21,30100,29.22,U
sz002517,恺英网络,2025-09-25 09:49:57,29.16,44800,29.21,E
sz002517,恺英网络,2025-09-25 09:50:00,29.16,53300,29.16,U
sz002517,恺英网络,2025-09-25 09:50:03,29.15,69700,29.16,D
sz002517,恺英网络,2025-09-25 09:50:06,29.15,58700,29.15,U
sz002517,恺英网络,2025-09-25 09:50:09,29.14,31900,29.15,D
sz002517,恺英网络,2025-09-25 09:50:12,29.08,46400,29.14,D
sz002517,恺英网络,2025-09-25 09:50:15,29.17,162800,29.08,U
sz002517,恺英网络,2025-09-25 09:50:18,29.24,48500,29.17,U
sz002517,恺英网络,2025-09-25 09:50:21,29.2,80100,29.24,D
sz002517,恺英网络,2025-09-25 09:50:24,29.16,53400,29.2,D
sz002517,恺英网络,2025-09-25 09:50:27,29.15,35700,29.16,D
sz002517,恺英网络,2025-09-25 09:50:30,29.14,41900,29.15,D
sz002517,恺英网络,2025-09-25 09:50:33,29.15,41200,29.14,U
sz002517,恺英网络,2025-09-25 09:50:36,29.15,57100,29.15,U
sz002517,恺英网络,2025-09-25 09:50:39,29.22,69300,29.15,U
sz002517,恺英网络,2025-09-25 09:50:42,29.18,31000,29.22,D
sz002517,恺英网络,2025-09-25 09:50:45,29.19,45900,29.18,E
sz002517,恺英网络,2025-09-25 09:50:48,29.22,19000,29.19,U
sz002517,恺英网络,2025-09-25 09:50:51,29.22,78700,29.22,D
sz002517,恺英网络,2025-09-25 09:50:54,29.29,64600,29.22,U
sz002517,恺英网络,2025-09-25 09:50:57,29.33,39800,29.29,E
sz002517,恺英网络,2025-09-25 09:51:00,29.29,38400,29.33,U
sz002517,恺英网络,2025-09-25 09:51:03,29.35,91700,29.29,U
sz002517,恺英网络,2025-09-25 09:51:06,29.28,54500,29.35,D
sz002517,恺英网络,2025-09-25 09:51:09,29.34,26400,29.28,U
sz002517,恺英网络,2025-09-25 09:51:12,29.38,46700,29.34,U
sz002517,恺英网络,2025-09-25 09:51:15,29.29,60300,29.38,D
sz002517,恺英网络,2025-09-25 09:51:18,29.28,27300,29.29,D
sz002517,恺英网络,2025-09-25 09:51:21,29.3,68800,29.28,U
sz002517,恺英网络,2025-09-25 09:51:24,29.3,37700,29.3,D
sz002517,恺英网络,2025-09-25 09:51:27,29.28,24100,29.3,D
sz002517,恺英网络,2025-09-25 09:51:30,29.26,75900,29.28,D
sz002517,恺英网络,2025-09-25 09:51:33,29.29,28200,29.26,U
sz002517,恺英网络,2025-09-25 09:51:36,29.28,48400,29.29,D
sz002517,恺英网络,2025-09-25 09:51:39,29.26,28600,29.28,D
sz002517,恺英网络,2025-09-25 09:51:42,29.28,44100,29.26,U
sz002517,恺英网络,2025-09-25 09:51:45,29.21,41400,29.28,D
sz002517,恺英网络,2025-09-25 09:51:48,29.22,26200,29.21,E
sz002517,恺英网络,2025-09-25 09:51:51,29.3,18200,29.22,U
sz002517,恺英网络,2025-09-25 09:51:54,29.2,31300,29.3,D
sz002517,恺英网络,2025-09-25 09:51:57,29.26,46900,29.2,U
sz002517,恺英网络,2025-09-25 09:52:00,29.22,28400,29.26,D
sz002517,恺英网络,2025-09-25 09:52:03,29.26,89300,29.22,U
sz002517,恺英网络,2025-09-25 09:52:06,29.37,29200,29.26,U
sz002517,恺英网络,2025-09-25 09:52:09,29.37,23600,29.37,D
sz002517,恺英网络,2025-09-25 09:52:12,29.3,38900,29.37,D
sz002517,恺英网络,2025-09-25 09:52:15,29.37,19700,29.3,U
sz002517,恺英网络,2025-09-25 09:52:18,29.35,17500,29.37,E
sz002517,恺英网络,2025-09-25 09:52:24,29.4,17100,29.38,U
sz002517,恺英网络,2025-09-25 09:52:30,29.45,29200,29.4,U
sz002517,恺英网络,2025-09-25 09:52:33,29.43,18100,29.45,E
sz002517,恺英网络,2025-09-25 09:52:36,29.46,32800,29.43,E
sz002517,恺英网络,2025-09-25 09:52:39,29.46,7700,29.46,D
sz002517,恺英网络,2025-09-25 09:52:42,29.46,15100,29.46,D
sz002517,恺英网络,2025-09-25 09:52:45,29.46,24900,29.46,D
sz002517,恺英网络,2025-09-25 09:52:48,29.53,49500,29.46,E
sz002517,恺英网络,2025-09-25 09:52:51,29.5,13400,29.53,E
sz002517,恺英网络,2025-09-25 09:52:54,29.55,49300,29.5,U
sz002517,恺英网络,2025-09-25 09:52:57,29.55,18600,29.55,U
sz002517,恺英网络,2025-09-25 09:53:00,29.55,24100,29.55,D
sz002517,恺英网络,2025-09-25 09:53:03,29.55,15800,29.55,U
sz002517,恺英网络,2025-09-25 09:53:06,29.55,30000,29.55,U
sz002517,恺英网络,2025-09-25 09:53:09,29.5,8500,29.55,D
sz002517,恺英网络,2025-09-25 09:53:12,29.48,9100,29.5,D
sz002517,恺英网络,2025-09-25 09:53:15,29.48,24000,29.48,U
sz002517,恺英网络,2025-09-25 09:53:18,29.4,43600,29.48,D
sz002517,恺英网络,2025-09-25 09:53:21,29.39,102900,29.4,D
sz002517,恺英网络,2025-09-25 09:53:24,29.37,14100,29.39,D
sz002517,恺英网络,2025-09-25 09:53:27,29.35,11500,29.37,D
sz002517,恺英网络,2025-09-25 09:53:30,29.3,14400,29.35,D
sz002517,恺英网络,2025-09-25 09:53:33,29.3,15300,29.3,D
sz002517,恺英网络,2025-09-25 09:53:36,29.28,37700,29.3,D
sz002517,恺英网络,2025-09-25 09:53:39,29.28,12900,29.28,D
sz002517,恺英网络,2025-09-25 09:53:42,29.27,32400,29.28,D
sz002517,恺英网络,2025-09-25 09:53:45,29.26,13100,29.27,D
sz002517,恺英网络,2025-09-25 09:53:48,29.26,9000,29.26,D
sz002517,恺英网络,2025-09-25 09:53:51,29.23,12400,29.26,D
sz002517,恺英网络,2025-09-25 09:53:54,29.24,10700,29.23,U
sz002517,恺英网络,2025-09-25 09:53:57,29.24,20600,29.24,U
sz002517,恺英网络,2025-09-25 09:54:00,29.23,38600,29.24,D
sz002517,恺英网络,2025-09-25 09:54:03,29.26,63500,29.23,U
sz002517,恺英网络,2025-09-25 09:54:06,29.27,38000,29.26,E
sz002517,恺英网络,2025-09-25 09:54:09,29.27,29686,29.27,D
sz002517,恺英网络,2025-09-25 09:54:12,29.28,11500,29.27,E
sz002517,恺英网络,2025-09-25 09:54:15,29.28,32800,29.28,D
sz002517,恺英网络,2025-09-25 09:54:18,29.27,10200,29.28,D
sz002517,恺英网络,2025-09-25 09:54:21,29.3,11000,29.27,E
sz002517,恺英网络,2025-09-25 09:54:24,29.28,34500,29.3,D
sz002517,恺英网络,2025-09-25 09:54:27,29.29,21400,29.28,E
sz002517,恺英网络,2025-09-25 09:54:30,29.28,29600,29.29,D
sz002517,恺英网络,2025-09-25 09:54:33,29.28,15200,29.28,D
sz002517,恺英网络,2025-09-25 09:54:36,29.3,21400,29.28,U
sz002517,恺英网络,2025-09-25 09:54:39,29.28,32710,29.3,D
sz002517,恺英网络,2025-09-25 09:54:42,29.28,22100,29.28,U
sz002517,恺英网络,2025-09-25 09:54:48,29.3,25800,29.28,E
sz002517,恺英网络,2025-09-25 09:54:51,29.35,21200,29.3,E
sz002517,恺英网络,2025-09-25 09:54:54,29.28,29900,29.35,D
sz002517,恺英网络,2025-09-25 09:54:57,29.28,11200,29.28,U
sz002517,恺英网络,2025-09-25 09:55:00,29.28,60200,29.28,D
sz002517,恺英网络,2025-09-25 09:55:03,29.3,23900,29.28,E
sz002517,恺英网络,2025-09-25 09:55:06,29.3,34800,29.3,D
sz002517,恺英网络,2025-09-25 09:55:09,29.3,10500,29.3,E
sz002517,恺英网络,2025-09-25 09:55:12,29.4,30800,29.3,U
sz002517,恺英网络,2025-09-25 09:55:15,29.3,20800,29.4,D
sz002517,恺英网络,2025-09-25 09:55:18,29.3,31100,29.3,D
sz002517,恺英网络,2025-09-25 09:55:21,29.39,38400,29.3,U
sz002517,恺英网络,2025-09-25 09:55:24,29.29,63600,29.39,D
sz002517,恺英网络,2025-09-25 09:55:27,29.31,15900,29.29,D
sz002517,恺英网络,2025-09-25 09:55:30,29.33,13400,29.31,U
sz002517,恺英网络,2025-09-25 09:55:33,29.31,10800,29.33,D
sz002517,恺英网络,2025-09-25 09:55:36,29.31,26100,29.31,D
sz002517,恺英网络,2025-09-25 09:55:39,29.33,29600,29.31,U
sz002517,恺英网络,2025-09-25 09:55:42,29.33,36721,29.33,D
sz002517,恺英网络,2025-09-25 09:55:45,29.33,7500,29.33,D
sz002517,恺英网络,2025-09-25 09:55:48,29.34,13300,29.33,E
sz002517,恺英网络,2025-09-25 09:55:51,29.34,13300,29.34,D
sz002517,恺英网络,2025-09-25 09:55:54,29.34,16600,29.34,D
sz002517,恺英网络,2025-09-25 09:56:03,29.33,12400,29.34,D
sz002517,恺英网络,2025-09-25 09:56:06,29.39,23900,29.33,U
sz002517,恺英网络,2025-09-25 09:56:09,29.34,8400,29.39,D
sz002517,恺英网络,2025-09-25 09:56:15,29.35,15400,29.34,U
sz002517,恺英网络,2025-09-25 09:56:21,29.43,6900,29.35,E
sz002517,恺英网络,2025-09-25 09:56:24,29.36,9400,29.43,D
sz002517,恺英网络,2025-09-25 09:56:30,29.44,8200,29.43,U
sz002517,恺英网络,2025-09-25 09:56:33,29.43,11800,29.44,D
sz002517,恺英网络,2025-09-25 09:56:36,29.44,13300,29.43,U
sz002517,恺英网络,2025-09-25 09:56:39,29.43,14000,29.44,D
sz002517,恺英网络,2025-09-25 09:56:42,29.43,8800,29.43,D
sz002517,恺英网络,2025-09-25 09:56:45,29.43,15000,29.43,D
sz002517,恺英网络,2025-09-25 09:56:48,29.44,20900,29.43,E
sz002517,恺英网络,2025-09-25 09:56:51,29.37,14700,29.44,D
sz002517,恺英网络,2025-09-25 09:56:54,29.43,9700,29.37,U
sz002517,恺英网络,2025-09-25 09:56:57,29.46,32200,29.43,U
sz002517,恺英网络,2025-09-25 09:57:00,29.49,22500,29.46,U
sz002517,恺英网络,2025-09-25 09:57:03,29.46,63300,29.49,E
sz002517,恺英网络,2025-09-25 09:57:06,29.53,48200,29.46,U
sz002517,恺英网络,2025-09-25 09:57:09,29.5,32100,29.53,D
sz002517,恺英网络,2025-09-25 09:57:12,29.55,28500,29.5,U
sz002517,恺英网络,2025-09-25 09:57:15,29.5,24800,29.55,D
sz002517,恺英网络,2025-09-25 09:57:18,29.46,9000,29.5,D
sz002517,恺英网络,2025-09-25 09:57:21,29.46,16800,29.46,U
sz002517,恺英网络,2025-09-25 09:57:24,29.4,7800,29.46,D
sz002517,恺英网络,2025-09-25 09:57:27,29.38,22900,29.4,D
sz002517,恺英网络,2025-09-25 09:57:30,29.37,9300,29.38,D
sz002517,恺英网络,2025-09-25 09:57:33,29.38,24200,29.37,U
sz002517,恺英网络,2025-09-25 09:57:39,29.35,17900,29.38,D
sz002517,恺英网络,2025-09-25 09:57:42,29.36,25400,29.35,E
sz002517,恺英网络,2025-09-25 09:57:45,29.37,19979,29.36,U
sz002517,恺英网络,2025-09-25 09:57:54,29.33,27300,29.33,D
sz002517,恺英网络,2025-09-25 09:57:57,29.34,14400,29.33,E
sz002517,恺英网络,2025-09-25 09:58:00,29.34,15200,29.34,D
sz002517,恺英网络,2025-09-25 09:58:03,29.34,13600,29.34,U
sz002517,恺英网络,2025-09-25 09:58:06,29.32,9600,29.34,D
sz002517,恺英网络,2025-09-25 09:58:09,29.32,7900,29.32,D
sz002517,恺英网络,2025-09-25 09:58:12,29.36,251700,29.32,U
sz002517,恺英网络,2025-09-25 09:58:15,29.37,10721,29.36,U
sz002517,恺英网络,2025-09-25 09:58:18,29.35,8279,29.37,D
sz002517,恺英网络,2025-09-25 09:58:21,29.38,21200,29.35,U
sz002517,恺英网络,2025-09-25 09:58:24,29.35,11121,29.38,D
sz002517,恺英网络,2025-09-25 09:58:30,29.37,7600,29.35,U
sz002517,恺英网络,2025-09-25 09:58:33,29.37,13600,29.37,U
sz002517,恺英网络,2025-09-25 09:58:36,29.36,7200,29.37,D
sz002517,恺英网络,2025-09-25 09:58:39,29.36,29400,29.36,D
sz002517,恺英网络,2025-09-25 09:58:42,29.35,15000,29.36,E
sz002517,恺英网络,2025-09-25 09:58:45,29.34,8200,29.35,D
sz002517,恺英网络,2025-09-25 09:58:48,29.34,34900,29.34,U
sz002517,恺英网络,2025-09-25 09:58:51,29.32,9000,29.34,D
sz002517,恺英网络,2025-09-25 09:58:54,29.31,60479,29.32,D
sz002517,恺英网络,2025-09-25 09:58:57,29.3,56600,29.31,E
sz002517,恺英网络,2025-09-25 09:59:06,29.26,7800,29.26,D
sz002517,恺英网络,2025-09-25 09:59:09,29.25,37700,29.26,D
sz002517,恺英网络,2025-09-25 09:59:15,29.26,38404,29.26,U
sz002517,恺英网络,2025-09-25 09:59:18,29.25,39500,29.26,D
sz002517,恺英网络,2025-09-25 09:59:21,29.24,13400,29.25,D
sz002517,恺英网络,2025-09-25 09:59:24,29.25,37600,29.24,U
sz002517,恺英网络,2025-09-25 09:59:27,29.23,51300,29.25,U
sz002517,恺英网络,2025-09-25 09:59:30,29.22,48000,29.23,E
sz002517,恺英网络,2025-09-25 09:59:33,29.21,24500,29.22,D
sz002517,恺英网络,2025-09-25 09:59:36,29.21,16900,29.21,D
sz002517,恺英网络,2025-09-25 09:59:39,29.21,18000,29.21,U
sz002517,恺英网络,2025-09-25 09:59:42,29.21,77700,29.21,U
sz002517,恺英网络,2025-09-25 09:59:45,29.21,18600,29.21,U
sz002517,恺英网络,2025-09-25 09:59:51,29.22,17100,29.21,U
sz002517,恺英网络,2025-09-25 09:59:54,29.26,43800,29.22,U
sz002517,恺英网络,2025-09-25 09:59:57,29.36,10100,29.26,U
sz002517,恺英网络,2025-09-25 10:00:03,29.26,64300,29.26,D
sz002517,恺英网络,2025-09-25 10:00:06,29.24,7200,29.26,D
sz002517,恺英网络,2025-09-25 10:00:15,29.25,8300,29.23,U
sz002517,恺英网络,2025-09-25 10:00:18,29.25,18100,29.25,D
sz002517,恺英网络,2025-09-25 10:00:21,29.25,11400,29.25,D
sz002517,恺英网络,2025-09-25 10:00:24,29.25,16000,29.25,U
sz002517,恺英网络,2025-09-25 10:00:27,29.25,10600,29.25,D
sz002517,恺英网络,2025-09-25 10:00:30,29.24,18200,29.25,D
sz002517,恺英网络,2025-09-25 10:00:39,29.24,19800,29.24,D
sz002517,恺英网络,2025-09-25 10:00:42,29.22,15600,29.24,D
sz002517,恺英网络,2025-09-25 10:00:45,29.25,15100,29.22,U
sz002517,恺英网络,2025-09-25 10:00:48,29.22,31300,29.25,D
sz002517,恺英网络,2025-09-25 10:00:51,29.22,29500,29.22,D
sz002517,恺英网络,2025-09-25 10:01:00,29.24,30600,29.21,U
sz002517,恺英网络,2025-09-25 10:01:03,29.22,18100,29.24,D
sz002517,恺英网络,2025-09-25 10:01:09,29.23,14200,29.24,E
sz002517,恺英网络,2025-09-25 10:01:12,29.24,37800,29.23,U
sz002517,恺英网络,2025-09-25 10:01:15,29.26,21400,29.24,U
sz002517,恺英网络,2025-09-25 10:01:27,29.31,10600,29.31,D
sz002517,恺英网络,2025-09-25 10:01:30,29.31,17200,29.31,U
sz002517,恺英网络,2025-09-25 10:01:33,29.36,10400,29.31,U
sz002517,恺英网络,2025-09-25 10:01:36,29.4,311400,29.36,U
sz002517,恺英网络,2025-09-25 10:01:39,29.32,13600,29.4,D
sz002517,恺英网络,2025-09-25 10:01:42,29.44,14200,29.32,U
sz002517,恺英网络,2025-09-25 10:01:45,29.44,53000,29.44,U
sz002517,恺英网络,2025-09-25 10:01:51,29.48,17400,29.48,E
sz002517,恺英网络,2025-09-25 10:02:00,29.56,16900,29.56,U
sz002517,恺英网络,2025-09-25 10:02:03,29.55,16700,29.56,D
sz002517,恺英网络,2025-09-25 10:02:06,29.55,9000,29.55,E
sz002517,恺英网络,2025-09-25 10:02:09,29.55,16500,29.55,U
sz002517,恺英网络,2025-09-25 10:02:15,29.51,8800,29.51,D
sz002517,恺英网络,2025-09-25 10:02:21,29.51,8400,29.51,D
sz002517,恺英网络,2025-09-25 10:02:30,29.54,18500,29.52,E
sz002517,恺英网络,2025-09-25 10:02:33,29.53,12500,29.54,E
sz002517,恺英网络,2025-09-25 10:02:39,29.64,26100,29.53,U
sz002517,恺英网络,2025-09-25 10:02:42,29.7,36700,29.64,U
sz002517,恺英网络,2025-09-25 10:02:45,29.7,51500,29.7,D
sz002517,恺英网络,2025-09-25 10:02:48,29.64,22600,29.7,D
sz002517,恺英网络,2025-09-25 10:02:51,29.61,14500,29.64,D
sz002517,恺英网络,2025-09-25 10:02:57,29.68,8900,29.7,E
sz002517,恺英网络,2025-09-25 10:03:00,29.68,31600,29.68,U
sz002517,恺英网络,2025-09-25 10:03:03,29.66,6864,29.68,E
sz002517,恺英网络,2025-09-25 10:03:12,29.63,8900,29.62,E
sz002517,恺英网络,2025-09-25 10:03:18,29.63,16200,29.61,U
sz002517,恺英网络,2025-09-25 10:03:21,29.62,13600,29.63,U
sz002517,恺英网络,2025-09-25 10:03:24,29.64,15300,29.62,U
sz002517,恺英网络,2025-09-25 10:03:27,29.63,18700,29.64,E
sz002517,恺英网络,2025-09-25 10:03:30,29.65,48900,29.63,E
sz002517,恺英网络,2025-09-25 10:03:36,29.64,27700,29.63,E
sz002517,恺英网络,2025-09-25 10:03:42,29.63,29400,29.65,D
sz002517,恺英网络,2025-09-25 10:03:48,29.63,14500,29.61,U
sz002517,恺英网络,2025-09-25 10:03:51,29.63,8700,29.63,D
sz002517,恺英网络,2025-09-25 10:04:00,29.63,19750,29.63,U
sz002517,恺英网络,2025-09-25 10:04:06,29.7,8200,29.65,U
sz002517,恺英网络,2025-09-25 10:04:12,29.7,7000,29.7,U
sz002517,恺英网络,2025-09-25 10:04:18,29.7,9100,29.7,D
sz002517,恺英网络,2025-09-25 10:04:21,29.71,8200,29.7,E
sz002517,恺英网络,2025-09-25 10:04:24,29.74,19400,29.71,U
sz002517,恺英网络,2025-09-25 10:04:30,29.7,15800,29.74,D
sz002517,恺英网络,2025-09-25 10:04:33,29.71,19100,29.7,E
sz002517,恺英网络,2025-09-25 10:04:36,29.74,11800,29.71,U
sz002517,恺英网络,2025-09-25 10:04:39,29.71,17400,29.74,D
sz002517,恺英网络,2025-09-25 10:04:42,29.73,36000,29.71,E
sz002517,恺英网络,2025-09-25 10:04:45,29.73,8900,29.73,U
sz002517,恺英网络,2025-09-25 10:04:48,29.75,12000,29.73,U
sz002517,恺英网络,2025-09-25 10:04:51,29.74,20300,29.75,D
sz002517,恺英网络,2025-09-25 10:04:57,29.74,10400,29.74,D
sz002517,恺英网络,2025-09-25 10:05:00,29.74,18600,29.74,U
sz002517,恺英网络,2025-09-25 10:05:03,29.73,8700,29.74,U
sz002517,恺英网络,2025-09-25 10:05:06,29.75,12900,29.73,U
sz002517,恺英网络,2025-09-25 10:05:12,29.71,14000,29.72,D
sz002517,恺英网络,2025-09-25 10:05:15,29.71,32200,29.71,D
sz002517,恺英网络,2025-09-25 10:05:18,29.7,20900,29.71,D
sz002517,恺英网络,2025-09-25 10:05:21,29.71,27600,29.7,U
sz002517,恺英网络,2025-09-25 10:05:24,29.71,19500,29.71,U
sz002517,恺英网络,2025-09-25 10:05:27,29.68,13100,29.71,D
sz002517,恺英网络,2025-09-25 10:05:30,29.71,19000,29.68,U
sz002517,恺英网络,2025-09-25 10:05:33,29.71,10300,29.71,U
sz002517,恺英网络,2025-09-25 10:05:36,29.68,12600,29.71,D
sz002517,恺英网络,2025-09-25 10:05:39,29.7,12600,29.68,D
sz002517,恺英网络,2025-09-25 10:05:54,29.63,12300,29.65,D
sz002517,恺英网络,2025-09-25 10:06:00,29.64,13000,29.63,U
sz002517,恺英网络,2025-09-25 10:06:03,29.63,17000,29.64,D
sz002517,恺英网络,2025-09-25 10:06:06,29.65,32300,29.63,U
sz002517,恺英网络,2025-09-25 10:06:27,29.61,6800,29.66,D
sz002517,恺英网络,2025-09-25 10:06:42,29.65,7000,29.65,U
sz002517,恺英网络,2025-09-25 10:06:45,29.64,22800,29.65,D
sz002517,恺英网络,2025-09-25 10:06:54,29.67,12600,29.67,U
sz002517,恺英网络,2025-09-25 10:07:09,29.7,14000,29.68,U
sz002517,恺英网络,2025-09-25 10:07:15,29.7,8100,29.7,U
sz002517,恺英网络,2025-09-25 10:07:18,29.73,8700,29.7,U
sz002517,恺英网络,2025-09-25 10:07:24,29.73,29800,29.73,D
sz002517,恺英网络,2025-09-25 10:07:33,29.78,9700,29.78,U
sz002517,恺英网络,2025-09-25 10:07:39,29.79,28200,29.78,U
sz002517,恺英网络,2025-09-25 10:07:42,29.8,23200,29.79,U
sz002517,恺英网络,2025-09-25 10:07:48,29.8,11200,29.8,D
sz002517,恺英网络,2025-09-25 10:07:54,29.8,14700,29.81,D
sz002517,恺英网络,2025-09-25 10:07:57,29.81,16600,29.8,U
sz002517,恺英网络,2025-09-25 10:08:00,29.84,78800,29.81,U
sz002517,恺英网络,2025-09-25 10:08:03,29.83,31500,29.84,U
sz002517,恺英网络,2025-09-25 10:08:06,29.82,11700,29.83,U
sz002517,恺英网络,2025-09-25 10:08:09,29.77,8000,29.82,E
sz002517,恺英网络,2025-09-25 10:08:15,29.74,14100,29.8,E
sz002517,恺英网络,2025-09-25 10:08:18,29.72,8000,29.74,E
sz002517,恺英网络,2025-09-25 10:08:21,29.73,10200,29.72,U
sz002517,恺英网络,2025-09-25 10:08:27,29.8,8400,29.73,U
sz002517,恺英网络,2025-09-25 10:08:33,29.81,16200,29.74,U
sz002517,恺英网络,2025-09-25 10:08:36,29.74,9100,29.81,D
sz002517,恺英网络,2025-09-25 10:08:39,29.79,8800,29.74,U
sz002517,恺英网络,2025-09-25 10:08:45,29.79,7100,29.8,D
sz002517,恺英网络,2025-09-25 10:08:51,29.76,29700,29.79,D
sz002517,恺英网络,2025-09-25 10:08:54,29.8,25500,29.76,U
sz002517,恺英网络,2025-09-25 10:09:00,29.78,7300,29.76,U
sz002517,恺英网络,2025-09-25 10:09:03,29.8,25100,29.78,U
sz002517,恺英网络,2025-09-25 10:09:06,29.79,20000,29.8,D
sz002517,恺英网络,2025-09-25 10:09:09,29.82,8100,29.79,E
sz002517,恺英网络,2025-09-25 10:09:12,29.86,17400,29.82,U
sz002517,恺英网络,2025-09-25 10:09:18,29.87,12900,29.83,U
sz002517,恺英网络,2025-09-25 10:09:21,29.88,27400,29.87,U
sz002517,恺英网络,2025-09-25 10:09:24,29.87,11300,29.88,E
sz002517,恺英网络,2025-09-25 10:09:27,29.88,9900,29.87,U
sz002517,恺英网络,2025-09-25 10:09:30,29.9,8100,29.88,U
sz002517,恺英网络,2025-09-25 10:09:36,29.9,14700,29.9,D
sz002517,恺英网络,2025-09-25 10:09:39,29.94,18800,29.9,U
sz002517,恺英网络,2025-09-25 10:09:42,29.95,17700,29.94,U
sz002517,恺英网络,2025-09-25 10:09:45,29.96,29700,29.95,U
sz002517,恺英网络,2025-09-25 10:09:48,29.96,70700,29.96,D
sz002517,恺英网络,2025-09-25 10:09:51,29.96,18100,29.96,U
sz002517,恺英网络,2025-09-25 10:09:54,29.96,48626,29.96,U
sz002517,恺英网络,2025-09-25 10:09:57,29.96,53100,29.96,U
sz002517,恺英网络,2025-09-25 10:10:00,29.9,15774,29.96,D
sz002517,恺英网络,2025-09-25 10:10:03,29.95,14400,29.9,U
sz002517,恺英网络,2025-09-25 10:10:09,29.96,10300,29.97,U
sz002517,恺英网络,2025-09-25 10:10:15,29.99,14700,29.97,U
sz002517,恺英网络,2025-09-25 10:10:18,29.99,15300,29.99,U
sz002517,恺英网络,2025-09-25 10:10:21,30.0,20200,29.99,U
sz002517,恺英网络,2025-09-25 10:10:24,29.99,13100,30.0,D
sz002517,恺英网络,2025-09-25 10:10:27,29.99,55500,29.99,D
sz002517,恺英网络,2025-09-25 10:10:30,30.0,36500,29.99,U
sz002517,恺英网络,2025-09-25 10:10:33,29.99,104500,30.0,U
sz002517,恺英网络,2025-09-25 10:10:36,29.99,19100,29.99,U
sz002517,恺英网络,2025-09-25 10:10:39,29.99,17400,29.99,U
sz002517,恺英网络,2025-09-25 10:10:42,29.99,47900,29.99,E
sz002517,恺英网络,2025-09-25 10:10:48,29.99,14500,29.96,U
sz002517,恺英网络,2025-09-25 10:10:51,29.99,10800,29.99,D
sz002517,恺英网络,2025-09-25 10:10:54,29.99,42300,29.99,D
sz002517,恺英网络,2025-09-25 10:11:00,30.0,29300,29.99,U
sz002517,恺英网络,2025-09-25 10:11:03,29.99,11300,30.0,E
sz002517,恺英网络,2025-09-25 10:11:06,30.0,18500,29.99,U
sz002517,恺英网络,2025-09-25 10:11:09,30.0,14700,30.0,U
sz002517,恺英网络,2025-09-25 10:11:12,29.98,13000,30.0,D
sz002517,恺英网络,2025-09-25 10:11:15,29.99,11400,29.98,U
sz002517,恺英网络,2025-09-25 10:11:18,29.99,7000,29.99,U
sz002517,恺英网络,2025-09-25 10:11:21,29.99,11000,29.99,U
sz002517,恺英网络,2025-09-25 10:11:24,29.98,7200,29.99,D
sz002517,恺英网络,2025-09-25 10:11:27,29.99,16000,29.98,U
sz002517,恺英网络,2025-09-25 10:11:36,29.99,8100,29.98,U
sz002517,恺英网络,2025-09-25 10:11:42,29.99,7400,29.99,D
sz002517,恺英网络,2025-09-25 10:11:48,30.0,8300,30.0,U
sz002517,恺英网络,2025-09-25 10:11:51,30.0,36100,30.0,U
sz002517,恺英网络,2025-09-25 10:11:54,29.99,38200,30.0,D
sz002517,恺英网络,2025-09-25 10:11:57,30.0,31900,29.99,U
sz002517,恺英网络,2025-09-25 10:12:00,29.99,11700,30.0,D
sz002517,恺英网络,2025-09-25 10:12:03,30.0,16500,29.99,U
sz002517,恺英网络,2025-09-25 10:12:06,30.0,11200,30.0,U
sz002517,恺英网络,2025-09-25 10:12:09,30.0,20880,30.0,U
sz002517,恺英网络,2025-09-25 10:12:12,30.0,14620,30.0,D
sz002517,恺英网络,2025-09-25 10:12:15,29.99,14200,30.0,E
sz002517,恺英网络,2025-09-25 10:12:18,30.02,10600,29.99,U
sz002517,恺英网络,2025-09-25 10:12:33,29.99,19300,30.0,D
sz002517,恺英网络,2025-09-25 10:12:36,29.98,7800,29.99,E
sz002517,恺英网络,2025-09-25 10:12:39,29.94,22100,29.98,E
sz002517,恺英网络,2025-09-25 10:12:42,29.98,12900,29.94,U
sz002517,恺英网络,2025-09-25 10:12:45,29.98,12700,29.98,U
sz002517,恺英网络,2025-09-25 10:12:48,29.98,8400,29.98,E
sz002517,恺英网络,2025-09-25 10:12:54,29.94,8400,29.95,D
sz002517,恺英网络,2025-09-25 10:13:06,29.89,7700,29.9,U
sz002517,恺英网络,2025-09-25 10:13:12,29.85,9100,29.85,D
sz002517,恺英网络,2025-09-25 10:13:15,29.85,9900,29.85,D
sz002517,恺英网络,2025-09-25 10:13:18,29.84,14600,29.85,D
sz002517,恺英网络,2025-09-25 10:13:21,29.85,8700,29.84,U
sz002517,恺英网络,2025-09-25 10:13:27,29.83,8200,29.86,D
sz002517,恺英网络,2025-09-25 10:13:36,29.83,10300,29.83,D
sz002517,恺英网络,2025-09-25 10:13:42,29.77,9900,29.83,D
sz002517,恺英网络,2025-09-25 10:13:48,29.77,6800,29.77,D
sz002517,恺英网络,2025-09-25 10:13:51,29.83,40300,29.77,U
sz002517,恺英网络,2025-09-25 10:13:54,29.88,17100,29.83,U
sz002517,恺英网络,2025-09-25 10:13:57,29.81,7700,29.88,D
sz002517,恺英网络,2025-09-25 10:14:09,29.88,8300,29.88,D
sz002517,恺英网络,2025-09-25 10:14:12,29.88,9100,29.88,U
sz002517,恺英网络,2025-09-25 10:14:15,29.88,8200,29.88,D
sz002517,恺英网络,2025-09-25 10:14:18,29.91,17700,29.88,E
sz002517,恺英网络,2025-09-25 10:14:21,29.95,10900,29.91,U
sz002517,恺英网络,2025-09-25 10:14:33,29.95,10500,29.95,U
sz002517,恺英网络,2025-09-25 10:14:36,29.95,13400,29.95,U
sz002517,恺英网络,2025-09-25 10:14:39,29.98,10500,29.95,U
sz002517,恺英网络,2025-09-25 10:14:42,29.97,7000,29.98,D
sz002517,恺英网络,2025-09-25 10:14:48,29.97,13600,29.98,D
sz002517,恺英网络,2025-09-25 10:14:51,29.97,12900,29.97,U
sz002517,恺英网络,2025-09-25 10:14:54,29.97,12200,29.97,U
sz002517,恺英网络,2025-09-25 10:14:57,29.95,31100,29.97,D
sz002517,恺英网络,2025-09-25 10:15:00,29.95,8900,29.95,D
sz002517,恺英网络,2025-09-25 10:15:03,29.97,16100,29.95,U
sz002517,恺英网络,2025-09-25 10:15:06,29.97,13400,29.97,U
sz002517,恺英网络,2025-09-25 10:15:09,29.96,16900,29.97,D
sz002517,恺英网络,2025-09-25 10:15:12,29.96,24800,29.96,E
sz002517,恺英网络,2025-09-25 10:15:15,29.91,13300,29.96,E
sz002517,恺英网络,2025-09-25 10:15:18,29.99,17800,29.91,U
sz002517,恺英网络,2025-09-25 10:15:21,29.99,11600,29.99,U
sz002517,恺英网络,2025-09-25 10:15:27,29.93,20600,29.95,U
sz002517,恺英网络,2025-09-25 10:15:30,29.92,12700,29.93,D
sz002517,恺英网络,2025-09-25 10:15:33,29.9,11600,29.92,D
sz002517,恺英网络,2025-09-25 10:15:36,29.99,25600,29.9,U
sz002517,恺英网络,2025-09-25 10:15:39,29.97,9000,29.99,E
sz002517,恺英网络,2025-09-25 10:15:45,29.92,21700,29.92,U
sz002517,恺英网络,2025-09-25 10:15:48,29.88,11000,29.92,D
sz002517,恺英网络,2025-09-25 10:15:51,29.92,7400,29.88,U
sz002517,恺英网络,2025-09-25 10:15:54,29.88,10300,29.92,D
sz002517,恺英网络,2025-09-25 10:15:57,29.88,10400,29.88,U
sz002517,恺英网络,2025-09-25 10:16:00,29.9,9600,29.88,U
sz002517,恺英网络,2025-09-25 10:16:03,29.9,7000,29.9,U
sz002517,恺英网络,2025-09-25 10:16:27,29.92,15600,29.91,U
sz002517,恺英网络,2025-09-25 10:16:30,29.92,8700,29.92,D
sz002517,恺英网络,2025-09-25 10:16:33,29.93,15600,29.92,E
sz002517,恺英网络,2025-09-25 10:16:39,29.94,46300,29.89,U
sz002517,恺英网络,2025-09-25 10:16:42,29.91,14600,29.94,E
sz002517,恺英网络,2025-09-25 10:16:51,29.95,13500,29.95,U
sz002517,恺英网络,2025-09-25 10:16:54,29.95,13100,29.95,U
sz002517,恺英网络,2025-09-25 10:16:57,29.96,28700,29.95,U
sz002517,恺英网络,2025-09-25 10:17:00,29.95,12900,29.96,E
sz002517,恺英网络,2025-09-25 10:17:03,29.97,10400,29.95,U
sz002517,恺英网络,2025-09-25 10:17:06,29.95,12900,29.97,D
sz002517,恺英网络,2025-09-25 10:17:21,29.85,11600,29.88,D
sz002517,恺英网络,2025-09-25 10:17:24,29.82,7800,29.85,D
sz002517,恺英网络,2025-09-25 10:17:48,29.83,7000,29.85,D
sz002517,恺英网络,2025-09-25 10:17:57,29.82,9500,29.85,D
sz002517,恺英网络,2025-09-25 10:18:00,29.82,6800,29.82,D
sz002517,恺英网络,2025-09-25 10:18:21,29.82,7900,29.85,D
sz002517,恺英网络,2025-09-25 10:18:24,29.83,12100,29.82,D
sz002517,恺英网络,2025-09-25 10:18:45,29.8,12200,29.8,U
sz002517,恺英网络,2025-09-25 10:19:00,29.74,8900,29.75,D
sz002517,恺英网络,2025-09-25 10:19:03,29.75,8600,29.74,U
sz002517,恺英网络,2025-09-25 10:19:15,29.72,28900,29.74,D
sz002517,恺英网络,2025-09-25 10:19:18,29.7,30600,29.72,D
sz002517,恺英网络,2025-09-25 10:19:24,29.7,9900,29.67,U
sz002517,恺英网络,2025-09-25 10:19:30,29.67,10300,29.67,D
sz002517,恺英网络,2025-09-25 10:19:36,29.65,12000,29.67,D
sz002517,恺英网络,2025-09-25 10:20:09,29.61,11600,29.64,D
sz002517,恺英网络,2025-09-25 10:20:12,29.61,12700,29.61,D
sz002517,恺英网络,2025-09-25 10:20:15,29.62,17100,29.61,U
sz002517,恺英网络,2025-09-25 10:20:18,29.61,11100,29.62,D
sz002517,恺英网络,2025-09-25 10:20:21,29.61,96700,29.61,D
sz002517,恺英网络,2025-09-25 10:20:24,29.62,21100,29.61,U
sz002517,恺英网络,2025-09-25 10:20:27,29.61,18500,29.62,D
sz002517,恺英网络,2025-09-25 10:20:30,29.59,13900,29.61,D
sz002517,恺英网络,2025-09-25 10:21:03,29.6,6800,29.6,U
sz002517,恺英网络,2025-09-25 10:21:33,29.52,12800,29.56,D
sz002517,恺英网络,2025-09-25 10:21:45,29.53,9600,29.52,D
sz002517,恺英网络,2025-09-25 10:21:51,29.52,13500,29.53,D
sz002517,恺英网络,2025-09-25 10:22:27,29.65,20100,29.65,D
sz002517,恺英网络,2025-09-25 10:22:39,29.72,13800,29.68,U
sz002517,恺英网络,2025-09-25 10:22:51,29.69,42100,29.72,D
sz002517,恺英网络,2025-09-25 10:23:03,29.69,9500,29.66,U
sz002517,恺英网络,2025-09-25 10:23:30,29.67,7300,29.69,D
sz002517,恺英网络,2025-09-25 10:23:39,29.67,10900,29.67,D
sz002517,恺英网络,2025-09-25 10:23:51,29.65,7400,29.66,D
sz002517,恺英网络,2025-09-25 10:23:54,29.61,7200,29.65,D
sz002517,恺英网络,2025-09-25 10:23:57,29.61,10300,29.61,D
sz002517,恺英网络,2025-09-25 10:24:03,29.55,7000,29.61,D
sz002517,恺英网络,2025-09-25 10:24:06,29.56,10500,29.55,U
sz002517,恺英网络,2025-09-25 10:24:09,29.58,8900,29.56,U
sz002517,恺英网络,2025-09-25 10:24:18,29.6,7900,29.6,U
sz002517,恺英网络,2025-09-25 10:24:33,29.64,6900,29.56,U
sz002517,恺英网络,2025-09-25 10:24:36,29.55,11500,29.64,D
sz002517,恺英网络,2025-09-25 10:24:42,29.55,7000,29.53,D
sz002517,恺英网络,2025-09-25 10:25:27,29.59,20500,29.59,U
sz002517,恺英网络,2025-09-25 10:25:30,29.58,7300,29.59,U
sz002517,恺英网络,2025-09-25 10:25:33,29.54,15200,29.58,D
sz002517,恺英网络,2025-09-25 10:25:36,29.52,10900,29.54,D
sz002517,恺英网络,2025-09-25 10:25:57,29.53,9900,29.52,D
sz002517,恺英网络,2025-09-25 10:26:00,29.53,7300,29.53,U
sz002517,恺英网络,2025-09-25 10:26:06,29.53,7000,29.5,U
sz002517,恺英网络,2025-09-25 10:26:39,29.55,9200,29.55,U
sz002517,恺英网络,2025-09-25 10:26:45,29.54,7600,29.54,D
sz002517,恺英网络,2025-09-25 10:26:57,29.55,10200,29.56,D
sz002517,恺英网络,2025-09-25 10:27:54,29.55,96700,29.56,D
sz002517,恺英网络,2025-09-25 10:27:57,29.56,7200,29.55,U
sz002517,恺英网络,2025-09-25 10:28:00,29.55,8800,29.56,U
sz002517,恺英网络,2025-09-25 10:28:06,29.56,7500,29.55,U
sz002517,恺英网络,2025-09-25 10:28:09,29.46,8900,29.56,D
sz002517,恺英网络,2025-09-25 10:28:18,29.6,8600,29.46,U
sz002517,恺英网络,2025-09-25 10:28:24,29.56,13400,29.46,U
sz002517,恺英网络,2025-09-25 10:28:42,29.56,10400,29.56,U
sz002517,恺英网络,2025-09-25 10:28:57,29.55,7700,29.55,U
sz002517,恺英网络,2025-09-25 10:29:24,29.5,52100,29.53,D
sz002517,恺英网络,2025-09-25 10:29:27,29.5,17400,29.5,D
sz002517,恺英网络,2025-09-25 10:29:30,29.55,29000,29.5,U
sz002517,恺英网络,2025-09-25 10:29:45,29.59,25400,29.59,U
sz002517,恺英网络,2025-09-25 10:29:54,29.54,6800,29.54,U
sz002517,恺英网络,2025-09-25 10:30:06,29.57,9400,29.55,U
sz002517,恺英网络,2025-09-25 10:30:42,29.55,8700,29.55,U
sz002517,恺英网络,2025-09-25 10:30:45,29.55,13100,29.55,D
sz002517,恺英网络,2025-09-25 10:30:51,29.6,50700,29.56,U
sz002517,恺英网络,2025-09-25 10:31:06,29.62,27100,29.62,U
sz002517,恺英网络,2025-09-25 10:31:15,29.63,7400,29.63,U
sz002517,恺英网络,2025-09-25 10:31:18,29.6,39000,29.63,U
sz002517,恺英网络,2025-09-25 10:31:45,29.6,7100,29.62,D
sz002517,恺英网络,2025-09-25 10:32:03,29.62,20800,29.57,U
sz002517,恺英网络,2025-09-25 10:32:12,29.55,19100,29.58,D
sz002517,恺英网络,2025-09-25 10:32:27,29.55,10600,29.57,D
sz002517,恺英网络,2025-09-25 10:32:42,29.56,7700,29.57,D
sz002517,恺英网络,2025-09-25 10:33:12,29.61,12400,29.56,U
sz002517,恺英网络,2025-09-25 10:33:36,29.63,18500,29.63,D
sz002517,恺英网络,2025-09-25 10:33:39,29.63,14100,29.63,U
sz002517,恺英网络,2025-09-25 10:33:54,29.63,8700,29.64,D
sz002517,恺英网络,2025-09-25 10:34:39,29.63,9300,29.64,D
sz002517,恺英网络,2025-09-25 10:35:30,29.64,12600,29.64,U
sz002517,恺英网络,2025-09-25 10:35:36,29.65,10800,29.65,U
sz002517,恺英网络,2025-09-25 10:35:42,29.63,7200,29.63,D
sz002517,恺英网络,2025-09-25 10:35:57,29.63,17400,29.65,D
sz002517,恺英网络,2025-09-25 10:36:09,29.63,50900,29.64,D
sz002517,恺英网络,2025-09-25 10:36:18,29.63,12200,29.63,D
sz002517,恺英网络,2025-09-25 10:36:30,29.6,6900,29.61,D
sz002517,恺英网络,2025-09-25 10:36:39,29.6,7000,29.62,D
sz002517,恺英网络,2025-09-25 10:38:00,29.61,7600,29.62,D
sz002517,恺英网络,2025-09-25 10:38:12,29.61,33500,29.62,D
sz002517,恺英网络,2025-09-25 10:38:15,29.62,26200,29.61,U
sz002517,恺英网络,2025-09-25 10:38:21,29.59,10300,29.61,D
sz002517,恺英网络,2025-09-25 10:38:36,29.6,9000,29.6,D
sz002517,恺英网络,2025-09-25 10:38:51,29.62,13400,29.61,U
sz002517,恺英网络,2025-09-25 10:39:12,29.61,9600,29.62,D
sz002517,恺英网络,2025-09-25 10:39:15,29.62,20600,29.61,U
sz002517,恺英网络,2025-09-25 10:39:18,29.67,115300,29.62,U
sz002517,恺英网络,2025-09-25 10:39:21,29.7,14400,29.67,U
sz002517,恺英网络,2025-09-25 10:39:27,29.8,10800,29.76,U
sz002517,恺英网络,2025-09-25 10:39:30,29.88,14200,29.8,U
sz002517,恺英网络,2025-09-25 10:39:36,29.79,12700,29.88,D
sz002517,恺英网络,2025-09-25 10:39:39,29.77,10600,29.79,D
sz002517,恺英网络,2025-09-25 10:39:42,29.88,11000,29.77,U
sz002517,恺英网络,2025-09-25 10:39:51,29.77,14500,29.84,E
sz002517,恺英网络,2025-09-25 10:40:03,29.77,10900,29.75,E
sz002517,恺英网络,2025-09-25 10:40:21,29.86,8300,29.73,U
sz002517,恺英网络,2025-09-25 10:40:27,29.79,7100,29.74,U
sz002517,恺英网络,2025-09-25 10:40:30,29.77,19400,29.79,E
sz002517,恺英网络,2025-09-25 10:40:54,29.77,7100,29.78,E
sz002517,恺英网络,2025-09-25 10:41:12,29.67,8600,29.7,E
sz002517,恺英网络,2025-09-25 10:41:42,29.61,7000,29.61,D
sz002517,恺英网络,2025-09-25 10:41:51,29.61,17000,29.61,D
sz002517,恺英网络,2025-09-25 10:41:54,29.61,6800,29.61,U
sz002517,恺英网络,2025-09-25 10:42:18,29.59,7300,29.58,U
sz002517,恺英网络,2025-09-25 10:42:24,29.59,7900,29.59,U
sz002517,恺英网络,2025-09-25 10:42:27,29.58,10400,29.59,D
sz002517,恺英网络,2025-09-25 10:42:30,29.55,17700,29.58,D
sz002517,恺英网络,2025-09-25 10:43:21,29.68,7300,29.68,U
sz002517,恺英网络,2025-09-25 10:43:24,29.7,10100,29.68,U
sz002517,恺英网络,2025-09-25 10:43:39,29.68,14800,29.71,D
sz002517,恺英网络,2025-09-25 10:45:03,29.74,8000,29.75,E
sz002517,恺英网络,2025-09-25 10:45:06,29.72,12400,29.74,D
sz002517,恺英网络,2025-09-25 10:45:15,29.79,12300,29.79,U
sz002517,恺英网络,2025-09-25 10:45:21,29.82,11200,29.73,U
sz002517,恺英网络,2025-09-25 10:45:36,29.77,12600,29.72,U
sz002517,恺英网络,2025-09-25 10:46:00,29.71,10100,29.72,D
sz002517,恺英网络,2025-09-25 10:46:09,29.73,16400,29.68,U
sz002517,恺英网络,2025-09-25 10:46:57,29.72,12700,29.77,D
sz002517,恺英网络,2025-09-25 10:47:42,29.8,21300,29.79,U
sz002517,恺英网络,2025-09-25 10:48:12,29.79,12900,29.8,E
sz002517,恺英网络,2025-09-25 10:50:42,29.75,15000,29.75,E
sz002517,恺英网络,2025-09-25 10:50:45,29.76,7300,29.75,U
sz002517,恺英网络,2025-09-25 10:50:48,29.76,7100,29.76,U
sz002517,恺英网络,2025-09-25 10:50:54,29.79,8100,29.7,U
sz002517,恺英网络,2025-09-25 10:51:06,29.77,8700,29.73,U
sz002517,恺英网络,2025-09-25 10:51:09,29.71,7300,29.77,D
sz002517,恺英网络,2025-09-25 10:51:18,29.7,44600,29.78,D
sz002517,恺英网络,2025-09-25 10:51:21,29.7,7600,29.7,D
sz002517,恺英网络,2025-09-25 10:51:30,29.79,16700,29.71,U
sz002517,恺英网络,2025-09-25 10:51:42,29.8,20100,29.74,U
sz002517,恺英网络,2025-09-25 10:51:48,29.8,12700,29.8,U
sz002517,恺英网络,2025-09-25 10:51:54,29.81,15700,29.8,U
sz002517,恺英网络,2025-09-25 10:52:36,29.8,18200,29.8,U
sz002517,恺英网络,2025-09-25 10:52:42,29.8,8700,29.79,U
sz002517,恺英网络,2025-09-25 10:52:45,29.77,9800,29.8,E
sz002517,恺英网络,2025-09-25 10:52:48,29.76,7700,29.77,E
sz002517,恺英网络,2025-09-25 10:53:48,29.79,29100,29.77,U
sz002517,恺英网络,2025-09-25 10:53:51,29.8,8300,29.79,U
sz002517,恺英网络,2025-09-25 10:53:54,29.78,9900,29.8,U
sz002517,恺英网络,2025-09-25 10:54:00,29.81,7700,29.78,U
sz002517,恺英网络,2025-09-25 10:54:03,29.78,10200,29.81,D
sz002517,恺英网络,2025-09-25 10:54:06,29.78,9800,29.78,U
sz002517,恺英网络,2025-09-25 10:54:09,29.77,10800,29.78,D
sz002517,恺英网络,2025-09-25 10:55:00,29.76,8300,29.78,D
sz002517,恺英网络,2025-09-25 10:55:06,29.78,13700,29.78,U
sz002517,恺英网络,2025-09-25 10:55:15,29.78,9900,29.76,U
sz002517,恺英网络,2025-09-25 10:55:24,29.7,6800,29.73,D
sz002517,恺英网络,2025-09-25 10:55:30,29.7,7600,29.71,D
sz002517,恺英网络,2025-09-25 10:55:36,29.74,9200,29.7,U
sz002517,恺英网络,2025-09-25 10:55:51,29.74,7800,29.71,U
sz002517,恺英网络,2025-09-25 10:56:36,29.76,7400,29.72,U
sz002517,恺英网络,2025-09-25 10:56:39,29.74,7500,29.76,D
sz002517,恺英网络,2025-09-25 10:56:42,29.74,7500,29.74,U
sz002517,恺英网络,2025-09-25 10:57:00,29.73,8700,29.73,U
sz002517,恺英网络,2025-09-25 10:57:03,29.73,6800,29.73,D
sz002517,恺英网络,2025-09-25 10:58:00,29.69,13200,29.73,D
sz002517,恺英网络,2025-09-25 10:58:12,29.69,8500,29.7,E
sz002517,恺英网络,2025-09-25 10:58:15,29.6,31600,29.69,D
sz002517,恺英网络,2025-09-25 10:58:18,29.65,8400,29.6,U
sz002517,恺英网络,2025-09-25 10:58:36,29.6,8700,29.6,D
sz002517,恺英网络,2025-09-25 10:58:54,29.57,20300,29.57,D
sz002517,恺英网络,2025-09-25 10:59:00,29.55,7189,29.57,D
sz002517,恺英网络,2025-09-25 10:59:03,29.55,8200,29.55,D
sz002517,恺英网络,2025-09-25 10:59:06,29.55,48011,29.55,D
sz002517,恺英网络,2025-09-25 10:59:09,29.54,7800,29.55,D
sz002517,恺英网络,2025-09-25 10:59:12,29.55,11800,29.54,U
sz002517,恺英网络,2025-09-25 10:59:30,29.52,7400,29.52,E
sz002517,恺英网络,2025-09-25 10:59:36,29.5,47900,29.51,D
sz002517,恺英网络,2025-09-25 10:59:51,29.46,7100,29.46,D
sz002517,恺英网络,2025-09-25 10:59:57,29.47,14700,29.45,U
sz002517,恺英网络,2025-09-25 11:00:24,29.48,10800,29.48,U
sz002517,恺英网络,2025-09-25 11:00:27,29.47,28700,29.48,D
sz002517,恺英网络,2025-09-25 11:00:33,29.47,8000,29.47,D
sz002517,恺英网络,2025-09-25 11:00:45,29.46,17600,29.46,D
sz002517,恺英网络,2025-09-25 11:01:09,29.45,10300,29.45,D
sz002517,恺英网络,2025-09-25 11:01:36,29.42,8000,29.42,U
sz002517,恺英网络,2025-09-25 11:01:42,29.4,10800,29.42,D
sz002517,恺英网络,2025-09-25 11:01:45,29.43,8200,29.4,D
sz002517,恺英网络,2025-09-25 11:01:51,29.42,21300,29.42,E
sz002517,恺英网络,2025-09-25 11:01:57,29.4,13200,29.47,D
sz002517,恺英网络,2025-09-25 11:03:21,29.6,15400,29.57,U
sz002517,恺英网络,2025-09-25 11:03:30,29.6,7000,29.59,U
sz002517,恺英网络,2025-09-25 11:03:33,29.62,8347,29.6,U
sz002517,恺英网络,2025-09-25 11:04:00,29.6,8400,29.69,D
sz002517,恺英网络,2025-09-25 11:04:45,29.66,25500,29.62,U
sz002517,恺英网络,2025-09-25 11:05:03,29.66,15200,29.67,D
sz002517,恺英网络,2025-09-25 11:05:33,29.61,10900,29.61,U
sz002517,恺英网络,2025-09-25 11:07:21,29.6,9800,29.6,D
sz002517,恺英网络,2025-09-25 11:07:30,29.6,16900,29.6,D
sz002517,恺英网络,2025-09-25 11:07:36,29.62,47600,29.6,U
sz002517,恺英网络,2025-09-25 11:07:39,29.61,9900,29.62,D
sz002517,恺英网络,2025-09-25 11:07:51,29.59,8700,29.61,D
sz002517,恺英网络,2025-09-25 11:08:06,29.61,10100,29.6,U
sz002517,恺英网络,2025-09-25 11:08:36,29.62,27900,29.59,U
sz002517,恺英网络,2025-09-25 11:09:03,29.62,7000,29.63,D
sz002517,恺英网络,2025-09-25 11:09:06,29.65,16700,29.62,U
sz002517,恺英网络,2025-09-25 11:09:09,29.65,7100,29.65,D
sz002517,恺英网络,2025-09-25 11:09:18,29.65,7400,29.65,D
sz002517,恺英网络,2025-09-25 11:11:12,29.51,16200,29.51,D
sz002517,恺英网络,2025-09-25 11:11:15,29.51,8200,29.51,U
sz002517,恺英网络,2025-09-25 11:11:21,29.5,12000,29.5,D
sz002517,恺英网络,2025-09-25 11:11:24,29.5,17100,29.5,D
sz002517,恺英网络,2025-09-25 11:11:30,29.5,9400,29.5,D
sz002517,恺英网络,2025-09-25 11:11:33,29.49,8000,29.5,D
sz002517,恺英网络,2025-09-25 11:11:39,29.48,10600,29.5,D
sz002517,恺英网络,2025-09-25 11:11:45,29.5,9500,29.47,U
sz002517,恺英网络,2025-09-25 11:11:48,29.53,29700,29.5,U
sz002517,恺英网络,2025-09-25 11:12:09,29.48,17500,29.48,U
sz002517,恺英网络,2025-09-25 11:12:15,29.49,8400,29.52,D
sz002517,恺英网络,2025-09-25 11:12:21,29.59,12400,29.49,U
sz002517,恺英网络,2025-09-25 11:13:18,29.48,16600,29.49,D
sz002517,恺英网络,2025-09-25 11:13:39,29.49,11100,29.51,D
sz002517,恺英网络,2025-09-25 11:13:48,29.49,13500,29.5,D
sz002517,恺英网络,2025-09-25 11:13:51,29.49,17700,29.49,D
sz002517,恺英网络,2025-09-25 11:13:54,29.5,19400,29.49,U
sz002517,恺英网络,2025-09-25 11:13:57,29.5,15200,29.5,U
sz002517,恺英网络,2025-09-25 11:14:00,29.5,16100,29.5,U
sz002517,恺英网络,2025-09-25 11:14:03,29.5,15800,29.5,D
sz002517,恺英网络,2025-09-25 11:14:06,29.53,9700,29.5,U
sz002517,恺英网络,2025-09-25 11:14:12,29.57,19900,29.57,U
sz002517,恺英网络,2025-09-25 11:14:18,29.6,8600,29.6,U
sz002517,恺英网络,2025-09-25 11:14:21,29.6,10400,29.6,U
sz002517,恺英网络,2025-09-25 11:14:24,29.62,7200,29.6,U
sz002517,恺英网络,2025-09-25 11:14:27,29.63,9400,29.62,U
sz002517,恺英网络,2025-09-25 11:14:33,29.65,15300,29.63,U
sz002517,恺英网络,2025-09-25 11:14:39,29.68,7000,29.65,U
sz002517,恺英网络,2025-09-25 11:14:42,29.7,7000,29.68,U
sz002517,恺英网络,2025-09-25 11:14:48,29.75,13600,29.72,U
sz002517,恺英网络,2025-09-25 11:14:51,29.72,11000,29.75,D
sz002517,恺英网络,2025-09-25 11:14:54,29.73,13600,29.72,E
sz002517,恺英网络,2025-09-25 11:15:03,29.6,9800,29.6,D
sz002517,恺英网络,2025-09-25 11:15:06,29.7,14400,29.6,U
sz002517,恺英网络,2025-09-25 11:15:21,29.64,8800,29.62,E
sz002517,恺英网络,2025-09-25 11:15:42,29.66,21700,29.63,U
sz002517,恺英网络,2025-09-25 11:16:03,29.63,32000,29.63,D
sz002517,恺英网络,2025-09-25 11:16:06,29.61,8000,29.63,D
sz002517,恺英网络,2025-09-25 11:16:12,29.63,9500,29.62,U
sz002517,恺英网络,2025-09-25 11:16:21,29.62,7800,29.63,D
sz002517,恺英网络,2025-09-25 11:16:57,29.57,9300,29.59,D
sz002517,恺英网络,2025-09-25 11:18:12,29.5,16100,29.52,D
sz002517,恺英网络,2025-09-25 11:18:18,29.5,13200,29.5,U
sz002517,恺英网络,2025-09-25 11:18:21,29.49,6800,29.5,D
sz002517,恺英网络,2025-09-25 11:18:24,29.5,10000,29.49,U
sz002517,恺英网络,2025-09-25 11:18:33,29.49,7400,29.5,D
sz002517,恺英网络,2025-09-25 11:18:36,29.51,14600,29.49,E
sz002517,恺英网络,2025-09-25 11:18:48,29.49,13600,29.48,E
sz002517,恺英网络,2025-09-25 11:19:03,29.5,10600,29.48,E
sz002517,恺英网络,2025-09-25 11:19:18,29.51,17300,29.49,U
sz002517,恺英网络,2025-09-25 11:19:33,29.53,6800,29.53,U
sz002517,恺英网络,2025-09-25 11:19:36,29.53,12100,29.53,U
sz002517,恺英网络,2025-09-25 11:19:48,29.56,60000,29.56,U
sz002517,恺英网络,2025-09-25 11:20:06,29.52,13700,29.54,D
sz002517,恺英网络,2025-09-25 11:20:33,29.51,16100,29.52,D
sz002517,恺英网络,2025-09-25 11:20:54,29.52,21300,29.52,U
sz002517,恺英网络,2025-09-25 11:21:12,29.53,17500,29.53,D
sz002517,恺英网络,2025-09-25 11:21:18,29.53,7000,29.52,U
sz002517,恺英网络,2025-09-25 11:21:27,29.53,9600,29.53,D
sz002517,恺英网络,2025-09-25 11:21:33,29.54,12200,29.53,U
sz002517,恺英网络,2025-09-25 11:21:42,29.57,7300,29.55,U
sz002517,恺英网络,2025-09-25 11:21:45,29.55,7600,29.57,D
sz002517,恺英网络,2025-09-25 11:22:12,29.67,36000,29.65,U
sz002517,恺英网络,2025-09-25 11:22:18,29.67,26400,29.67,U
sz002517,恺英网络,2025-09-25 11:22:24,29.67,9200,29.66,U
sz002517,恺英网络,2025-09-25 11:22:30,29.66,6800,29.66,D
sz002517,恺英网络,2025-09-25 11:22:33,29.66,7400,29.66,U
sz002517,恺英网络,2025-09-25 11:23:03,29.66,8800,29.65,U
sz002517,恺英网络,2025-09-25 11:23:21,29.64,9700,29.66,D
sz002517,恺英网络,2025-09-25 11:23:30,29.61,12800,29.61,D
sz002517,恺英网络,2025-09-25 11:23:57,29.59,57300,29.59,U
sz002517,恺英网络,2025-09-25 11:24:06,29.56,23900,29.54,E
sz002517,恺英网络,2025-09-25 11:24:15,29.58,10000,29.58,D
sz002517,恺英网络,2025-09-25 11:24:18,29.59,20600,29.58,D
sz002517,恺英网络,2025-09-25 11:24:24,29.63,96153,29.6,U
sz002517,恺英网络,2025-09-25 11:24:27,29.6,23600,29.63,D
sz002517,恺英网络,2025-09-25 11:24:30,29.65,8500,29.6,U
sz002517,恺英网络,2025-09-25 11:24:36,29.67,44300,29.64,U
sz002517,恺英网络,2025-09-25 11:24:42,29.65,21500,29.61,U
sz002517,恺英网络,2025-09-25 11:24:45,29.65,24900,29.65,U
sz002517,恺英网络,2025-09-25 11:24:48,29.65,10800,29.65,U
sz002517,恺英网络,2025-09-25 11:25:06,29.63,6800,29.65,D
sz002517,恺英网络,2025-09-25 11:25:15,29.68,49300,29.63,U
sz002517,恺英网络,2025-09-25 11:25:27,29.62,12000,29.66,D
sz002517,恺英网络,2025-09-25 11:25:36,29.61,11300,29.64,D
sz002517,恺英网络,2025-09-25 11:25:45,29.66,7600,29.64,U
sz002517,恺英网络,2025-09-25 11:25:48,29.66,13200,29.66,U
sz002517,恺英网络,2025-09-25 11:26:54,29.65,8300,29.64,U
sz002517,恺英网络,2025-09-25 11:27:45,29.61,6900,29.63,D
sz002517,恺英网络,2025-09-25 11:28:36,29.61,8900,29.62,D
sz002517,恺英网络,2025-09-25 11:28:45,29.6,11200,29.6,D
sz002517,恺英网络,2025-09-25 11:28:57,29.64,13000,29.61,U
sz002517,恺英网络,2025-09-25 11:29:03,29.67,26300,29.64,U
sz002517,恺英网络,2025-09-25 11:29:33,29.68,7500,29.68,U
sz002517,恺英网络,2025-09-25 11:29:39,29.66,7400,29.68,D
sz002517,恺英网络,2025-09-25 13:00:00,29.6,66200,29.65,D
sz002517,恺英网络,2025-09-25 13:00:03,29.66,76900,29.6,U
sz002517,恺英网络,2025-09-25 13:00:06,29.67,10200,29.66,U
sz002517,恺英网络,2025-09-25 13:00:09,29.66,49800,29.67,D
sz002517,恺英网络,2025-09-25 13:00:18,29.67,13000,29.67,U
sz002517,恺英网络,2025-09-25 13:00:27,29.68,10800,29.67,U
sz002517,恺英网络,2025-09-25 13:00:33,29.65,7800,29.65,D
sz002517,恺英网络,2025-09-25 13:00:42,29.66,14500,29.65,U
sz002517,恺英网络,2025-09-25 13:00:57,29.69,34200,29.67,U
sz002517,恺英网络,2025-09-25 13:01:03,29.68,7700,29.69,D
sz002517,恺英网络,2025-09-25 13:02:06,29.67,7000,29.68,D
sz002517,恺英网络,2025-09-25 13:02:09,29.67,9300,29.67,U
sz002517,恺英网络,2025-09-25 13:03:54,29.53,7300,29.53,U
sz002517,恺英网络,2025-09-25 13:05:09,29.45,66800,29.51,D
sz002517,恺英网络,2025-09-25 13:05:33,29.5,9900,29.51,D
sz002517,恺英网络,2025-09-25 13:05:42,29.5,7500,29.51,D
sz002517,恺英网络,2025-09-25 13:05:48,29.51,6900,29.51,D
sz002517,恺英网络,2025-09-25 13:06:09,29.5,31000,29.5,D
sz002517,恺英网络,2025-09-25 13:06:30,29.57,8900,29.56,U
sz002517,恺英网络,2025-09-25 13:06:39,29.57,11300,29.56,U
sz002517,恺英网络,2025-09-25 13:07:33,29.57,7900,29.6,D
sz002517,恺英网络,2025-09-25 13:07:48,29.56,22500,29.57,D
sz002517,恺英网络,2025-09-25 13:08:54,29.56,6800,29.58,D
sz002517,恺英网络,2025-09-25 13:09:06,29.54,7600,29.55,D
sz002517,恺英网络,2025-09-25 13:10:18,29.5,7300,29.5,D
sz002517,恺英网络,2025-09-25 13:10:24,29.51,11600,29.5,U
sz002517,恺英网络,2025-09-25 13:10:33,29.5,8500,29.5,D
sz002517,恺英网络,2025-09-25 13:10:42,29.52,22200,29.46,U
sz002517,恺英网络,2025-09-25 13:10:54,29.5,7000,29.5,D
sz002517,恺英网络,2025-09-25 13:10:57,29.49,7000,29.5,D
sz002517,恺英网络,2025-09-25 13:11:03,29.49,7000,29.5,D
sz002517,恺英网络,2025-09-25 13:11:06,29.49,7300,29.49,D
sz002517,恺英网络,2025-09-25 13:11:24,29.47,7300,29.47,U
sz002517,恺英网络,2025-09-25 13:11:27,29.48,8700,29.47,U
sz002517,恺英网络,2025-09-25 13:11:39,29.46,8900,29.46,D
sz002517,恺英网络,2025-09-25 13:11:54,29.45,12000,29.46,D
sz002517,恺英网络,2025-09-25 13:11:57,29.45,7000,29.45,D
sz002517,恺英网络,2025-09-25 13:12:00,29.45,9800,29.45,D
sz002517,恺英网络,2025-09-25 13:12:06,29.45,7500,29.45,U
sz002517,恺英网络,2025-09-25 13:12:42,29.42,7200,29.43,D
sz002517,恺英网络,2025-09-25 13:12:45,29.43,14300,29.42,U
sz002517,恺英网络,2025-09-25 13:13:00,29.44,8100,29.44,E
sz002517,恺英网络,2025-09-25 13:13:30,29.44,20700,29.44,U
sz002517,恺英网络,2025-09-25 13:13:42,29.43,10500,29.43,D
sz002517,恺英网络,2025-09-25 13:13:45,29.43,8300,29.43,D
sz002517,恺英网络,2025-09-25 13:13:51,29.44,8300,29.44,U
sz002517,恺英网络,2025-09-25 13:14:09,29.43,12700,29.43,D
sz002517,恺英网络,2025-09-25 13:15:00,29.42,25100,29.42,D
sz002517,恺英网络,2025-09-25 13:15:30,29.42,13900,29.42,D
sz002517,恺英网络,2025-09-25 13:15:45,29.44,8000,29.44,U
sz002517,恺英网络,2025-09-25 13:15:51,29.45,12200,29.45,U
sz002517,恺英网络,2025-09-25 13:15:54,29.45,12300,29.45,U
sz002517,恺英网络,2025-09-25 13:15:57,29.46,33600,29.45,U
sz002517,恺英网络,2025-09-25 13:16:00,29.5,14100,29.46,U
sz002517,恺英网络,2025-09-25 13:16:06,29.5,16000,29.5,U
sz002517,恺英网络,2025-09-25 13:16:12,29.54,11700,29.55,D
sz002517,恺英网络,2025-09-25 13:16:15,29.54,9400,29.54,D
sz002517,恺英网络,2025-09-25 13:16:21,29.5,54200,29.53,D
sz002517,恺英网络,2025-09-25 13:16:24,29.5,16300,29.5,U
sz002517,恺英网络,2025-09-25 13:16:27,29.55,17400,29.5,U
sz002517,恺英网络,2025-09-25 13:16:39,29.58,13600,29.52,U
sz002517,恺英网络,2025-09-25 13:16:54,29.5,12100,29.5,U
sz002517,恺英网络,2025-09-25 13:17:12,29.52,7600,29.53,D
sz002517,恺英网络,2025-09-25 13:17:18,29.5,8800,29.51,D
sz002517,恺英网络,2025-09-25 13:17:51,29.47,9700,29.46,U
sz002517,恺英网络,2025-09-25 13:17:57,29.46,10800,29.46,D
sz002517,恺英网络,2025-09-25 13:18:09,29.46,10900,29.46,U
sz002517,恺英网络,2025-09-25 13:18:12,29.46,7300,29.46,U
sz002517,恺英网络,2025-09-25 13:18:15,29.47,28900,29.46,U
sz002517,恺英网络,2025-09-25 13:18:21,29.47,9000,29.47,U
sz002517,恺英网络,2025-09-25 13:18:45,29.47,9400,29.47,U
sz002517,恺英网络,2025-09-25 13:18:51,29.47,6800,29.47,U
sz002517,恺英网络,2025-09-25 13:18:54,29.46,7400,29.47,D
sz002517,恺英网络,2025-09-25 13:19:00,29.49,9400,29.48,U
sz002517,恺英网络,2025-09-25 13:19:09,29.46,8300,29.47,D
sz002517,恺英网络,2025-09-25 13:20:03,29.49,10200,29.49,D
sz002517,恺英网络,2025-09-25 13:20:24,29.48,13500,29.49,D
sz002517,恺英网络,2025-09-25 13:20:27,29.48,8800,29.48,D
sz002517,恺英网络,2025-09-25 13:20:33,29.49,11400,29.48,D
sz002517,恺英网络,2025-09-25 13:20:39,29.5,10200,29.5,U
sz002517,恺英网络,2025-09-25 13:21:00,29.52,16100,29.5,U
sz002517,恺英网络,2025-09-25 13:21:12,29.53,7800,29.53,U
sz002517,恺英网络,2025-09-25 13:21:27,29.54,11700,29.55,D
sz002517,恺英网络,2025-09-25 13:21:30,29.58,9800,29.54,U
sz002517,恺英网络,2025-09-25 13:21:45,29.55,9000,29.56,D
sz002517,恺英网络,2025-09-25 13:21:48,29.56,35300,29.55,U
sz002517,恺英网络,2025-09-25 13:22:00,29.63,23800,29.59,U
sz002517,恺英网络,2025-09-25 13:22:06,29.65,10900,29.64,U
sz002517,恺英网络,2025-09-25 13:22:21,29.68,15600,29.67,U
sz002517,恺英网络,2025-09-25 13:22:30,29.69,34300,29.67,U
sz002517,恺英网络,2025-09-25 13:22:39,29.69,21400,29.67,U
sz002517,恺英网络,2025-09-25 13:22:45,29.68,9300,29.68,U
sz002517,恺英网络,2025-09-25 13:23:00,29.62,8900,29.64,D
sz002517,恺英网络,2025-09-25 13:23:03,29.63,18200,29.62,E
sz002517,恺英网络,2025-09-25 13:23:15,29.68,21100,29.62,U
sz002517,恺英网络,2025-09-25 13:23:36,29.67,10000,29.67,U
sz002517,恺英网络,2025-09-25 13:25:00,29.62,12800,29.62,D
sz002517,恺英网络,2025-09-25 13:27:09,29.62,12500,29.63,U
sz002517,恺英网络,2025-09-25 13:27:12,29.6,21400,29.62,D
sz002517,恺英网络,2025-09-25 13:27:42,29.57,10300,29.56,U
sz002517,恺英网络,2025-09-25 13:27:45,29.57,7900,29.57,D
sz002517,恺英网络,2025-09-25 13:27:54,29.53,6800,29.58,D
sz002517,恺英网络,2025-09-25 13:28:27,29.57,13800,29.57,D
sz002517,恺英网络,2025-09-25 13:28:54,29.5,12000,29.5,D
sz002517,恺英网络,2025-09-25 13:29:27,29.45,10500,29.46,D
sz002517,恺英网络,2025-09-25 13:29:30,29.43,30600,29.45,D
sz002517,恺英网络,2025-09-25 13:29:33,29.42,29600,29.43,D
sz002517,恺英网络,2025-09-25 13:29:36,29.42,13500,29.42,D
sz002517,恺英网络,2025-09-25 13:29:39,29.42,11600,29.42,D
sz002517,恺英网络,2025-09-25 13:29:42,29.42,11900,29.42,D
sz002517,恺英网络,2025-09-25 13:29:51,29.41,14800,29.41,D
sz002517,恺英网络,2025-09-25 13:30:00,29.41,10900,29.41,U
sz002517,恺英网络,2025-09-25 13:30:03,29.41,9500,29.41,U
sz002517,恺英网络,2025-09-25 13:30:24,29.45,24200,29.45,U
sz002517,恺英网络,2025-09-25 13:30:30,29.46,7600,29.47,D
sz002517,恺英网络,2025-09-25 13:31:09,29.52,8800,29.51,U
sz002517,恺英网络,2025-09-25 13:31:21,29.5,7300,29.5,D
sz002517,恺英网络,2025-09-25 13:31:27,29.5,10900,29.5,U
sz002517,恺英网络,2025-09-25 13:31:39,29.45,22000,29.49,D
sz002517,恺英网络,2025-09-25 13:32:00,29.43,13900,29.47,D
sz002517,恺英网络,2025-09-25 13:32:03,29.41,10000,29.43,D
sz002517,恺英网络,2025-09-25 13:32:09,29.42,38200,29.45,E
sz002517,恺英网络,2025-09-25 13:32:15,29.4,8600,29.41,D
sz002517,恺英网络,2025-09-25 13:32:18,29.39,8200,29.4,D
sz002517,恺英网络,2025-09-25 13:32:39,29.36,13500,29.38,D
sz002517,恺英网络,2025-09-25 13:32:54,29.35,7000,29.35,D
sz002517,恺英网络,2025-09-25 13:33:15,29.31,10700,29.31,D
sz002517,恺英网络,2025-09-25 13:33:18,29.31,16200,29.31,D
sz002517,恺英网络,2025-09-25 13:33:27,29.31,14700,29.3,U
sz002517,恺英网络,2025-09-25 13:33:30,29.3,9100,29.31,D
sz002517,恺英网络,2025-09-25 13:33:36,29.3,16800,29.3,U
sz002517,恺英网络,2025-09-25 13:33:39,29.28,43000,29.3,D
sz002517,恺英网络,2025-09-25 13:33:48,29.27,12300,29.28,D
sz002517,恺英网络,2025-09-25 13:33:51,29.25,18000,29.27,D
sz002517,恺英网络,2025-09-25 13:33:57,29.24,8400,29.24,D
sz002517,恺英网络,2025-09-25 13:34:03,29.23,107100,29.24,D
sz002517,恺英网络,2025-09-25 13:34:09,29.24,27500,29.24,U
sz002517,恺英网络,2025-09-25 13:34:12,29.23,9000,29.24,D
sz002517,恺英网络,2025-09-25 13:34:15,29.25,9200,29.23,U
sz002517,恺英网络,2025-09-25 13:34:24,29.25,13800,29.25,U
sz002517,恺英网络,2025-09-25 13:34:27,29.23,14400,29.25,D
sz002517,恺英网络,2025-09-25 13:34:39,29.24,7600,29.24,U
sz002517,恺英网络,2025-09-25 13:35:00,29.25,15900,29.25,U
sz002517,恺英网络,2025-09-25 13:35:03,29.27,20900,29.25,U
sz002517,恺英网络,2025-09-25 13:35:15,29.3,9000,29.3,U
sz002517,恺英网络,2025-09-25 13:35:24,29.3,7900,29.3,U
sz002517,恺英网络,2025-09-25 13:35:42,29.3,10200,29.3,U
sz002517,恺英网络,2025-09-25 13:35:45,29.3,7500,29.3,U
sz002517,恺英网络,2025-09-25 13:35:51,29.32,19600,29.3,U
sz002517,恺英网络,2025-09-25 13:36:24,29.37,7400,29.39,D
sz002517,恺英网络,2025-09-25 13:37:00,29.36,9000,29.4,D
sz002517,恺英网络,2025-09-25 13:37:24,29.37,8000,29.37,D
sz002517,恺英网络,2025-09-25 13:37:36,29.39,22000,29.37,U
sz002517,恺英网络,2025-09-25 13:37:57,29.36,25100,29.36,U
sz002517,恺英网络,2025-09-25 13:38:03,29.35,7900,29.36,U
sz002517,恺英网络,2025-09-25 13:38:18,29.35,10600,29.35,U
sz002517,恺英网络,2025-09-25 13:38:24,29.34,8800,29.34,U
sz002517,恺英网络,2025-09-25 13:38:30,29.34,13200,29.34,U
sz002517,恺英网络,2025-09-25 13:38:42,29.38,11700,29.36,U
sz002517,恺英网络,2025-09-25 13:38:51,29.35,17600,29.35,U
sz002517,恺英网络,2025-09-25 13:39:03,29.43,6800,29.35,U
sz002517,恺英网络,2025-09-25 13:39:12,29.38,11600,29.43,D
sz002517,恺英网络,2025-09-25 13:39:15,29.39,6900,29.38,E
sz002517,恺英网络,2025-09-25 13:39:18,29.4,7100,29.39,U
sz002517,恺英网络,2025-09-25 13:40:18,29.39,23100,29.39,D
sz002517,恺英网络,2025-09-25 13:40:33,29.39,12800,29.39,U
sz002517,恺英网络,2025-09-25 13:40:45,29.39,23000,29.4,D
sz002517,恺英网络,2025-09-25 13:40:57,29.39,7200,29.4,D
sz002517,恺英网络,2025-09-25 13:41:06,29.41,26800,29.4,U
sz002517,恺英网络,2025-09-25 13:41:09,29.4,24400,29.41,D
sz002517,恺英网络,2025-09-25 13:41:12,29.4,37200,29.4,D
sz002517,恺英网络,2025-09-25 13:41:21,29.39,13600,29.39,D
sz002517,恺英网络,2025-09-25 13:41:36,29.4,7700,29.4,U
sz002517,恺英网络,2025-09-25 13:42:00,29.39,7300,29.39,D
sz002517,恺英网络,2025-09-25 13:42:03,29.37,35000,29.39,D
sz002517,恺英网络,2025-09-25 13:42:54,29.31,7000,29.31,D
sz002517,恺英网络,2025-09-25 13:43:24,29.31,8700,29.32,D
sz002517,恺英网络,2025-09-25 13:43:30,29.31,10600,29.32,D
sz002517,恺英网络,2025-09-25 13:43:36,29.31,15100,29.32,D
sz002517,恺英网络,2025-09-25 13:43:39,29.3,24000,29.31,D
sz002517,恺英网络,2025-09-25 13:43:42,29.29,7400,29.3,D
sz002517,恺英网络,2025-09-25 13:44:06,29.29,8200,29.28,D
sz002517,恺英网络,2025-09-25 13:44:33,29.3,7700,29.29,U
sz002517,恺英网络,2025-09-25 13:44:57,29.3,9100,29.31,D
sz002517,恺英网络,2025-09-25 13:45:30,29.3,7600,29.3,D
sz002517,恺英网络,2025-09-25 13:45:42,29.3,14700,29.3,D
sz002517,恺英网络,2025-09-25 13:45:51,29.3,17100,29.3,U
sz002517,恺英网络,2025-09-25 13:46:18,29.28,7600,29.28,D
sz002517,恺英网络,2025-09-25 13:46:27,29.26,7000,29.27,D
sz002517,恺英网络,2025-09-25 13:46:36,29.23,8700,29.24,D
sz002517,恺英网络,2025-09-25 13:46:45,29.21,12200,29.22,D
sz002517,恺英网络,2025-09-25 13:46:48,29.2,12100,29.21,D
sz002517,恺英网络,2025-09-25 13:46:54,29.19,10100,29.2,D
sz002517,恺英网络,2025-09-25 13:46:57,29.18,9600,29.19,D
sz002517,恺英网络,2025-09-25 13:47:00,29.17,31500,29.18,D
sz002517,恺英网络,2025-09-25 13:47:12,29.17,13100,29.16,D
sz002517,恺英网络,2025-09-25 13:47:21,29.16,11100,29.16,D
sz002517,恺英网络,2025-09-25 13:47:27,29.16,10000,29.16,U
sz002517,恺英网络,2025-09-25 13:47:30,29.16,7600,29.16,U
sz002517,恺英网络,2025-09-25 13:47:33,29.15,20000,29.16,D
sz002517,恺英网络,2025-09-25 13:47:36,29.15,9200,29.15,U
sz002517,恺英网络,2025-09-25 13:47:39,29.15,9300,29.15,U
sz002517,恺英网络,2025-09-25 13:47:42,29.14,7500,29.15,D
sz002517,恺英网络,2025-09-25 13:47:51,29.13,12300,29.14,D
sz002517,恺英网络,2025-09-25 13:47:54,29.13,14700,29.13,D
sz002517,恺英网络,2025-09-25 13:48:06,29.12,15400,29.11,U
sz002517,恺英网络,2025-09-25 13:48:12,29.11,15000,29.11,U
sz002517,恺英网络,2025-09-25 13:48:15,29.11,55700,29.11,U
sz002517,恺英网络,2025-09-25 13:48:18,29.1,18000,29.11,D
sz002517,恺英网络,2025-09-25 13:48:21,29.1,7400,29.1,U
sz002517,恺英网络,2025-09-25 13:48:24,29.1,16600,29.1,U
sz002517,恺英网络,2025-09-25 13:48:33,29.08,13500,29.09,D
sz002517,恺英网络,2025-09-25 13:48:39,29.08,13300,29.09,D
sz002517,恺英网络,2025-09-25 13:48:42,29.12,150400,29.08,U
sz002517,恺英网络,2025-09-25 13:48:45,29.16,24900,29.12,U
sz002517,恺英网络,2025-09-25 13:48:54,29.17,24300,29.18,E
sz002517,恺英网络,2025-09-25 13:49:06,29.19,9900,29.2,D
sz002517,恺英网络,2025-09-25 13:49:09,29.19,10600,29.19,U
sz002517,恺英网络,2025-09-25 13:49:12,29.22,7900,29.19,U
sz002517,恺英网络,2025-09-25 13:49:24,29.2,16700,29.21,D
sz002517,恺英网络,2025-09-25 13:49:36,29.2,22200,29.19,U
sz002517,恺英网络,2025-09-25 13:49:48,29.17,9500,29.17,D
sz002517,恺英网络,2025-09-25 13:49:51,29.17,7700,29.17,D
sz002517,恺英网络,2025-09-25 13:50:03,29.17,9700,29.17,U
sz002517,恺英网络,2025-09-25 13:50:18,29.17,9400,29.16,U
sz002517,恺英网络,2025-09-25 13:50:33,29.17,14600,29.17,U
sz002517,恺英网络,2025-09-25 13:50:51,29.18,13100,29.18,U
sz002517,恺英网络,2025-09-25 13:50:54,29.18,15900,29.18,U
sz002517,恺英网络,2025-09-25 13:50:57,29.17,11900,29.18,D
sz002517,恺英网络,2025-09-25 13:51:09,29.16,11000,29.16,D
sz002517,恺英网络,2025-09-25 13:52:30,29.16,10000,29.17,D
sz002517,恺英网络,2025-09-25 13:52:54,29.16,7600,29.17,D
sz002517,恺英网络,2025-09-25 13:53:00,29.17,8400,29.16,U
sz002517,恺英网络,2025-09-25 13:53:03,29.16,8900,29.17,D
sz002517,恺英网络,2025-09-25 13:53:09,29.17,80900,29.16,E
sz002517,恺英网络,2025-09-25 13:53:15,29.18,9500,29.17,U
sz002517,恺英网络,2025-09-25 13:53:21,29.17,15700,29.16,D
sz002517,恺英网络,2025-09-25 13:53:36,29.18,8100,29.17,U
sz002517,恺英网络,2025-09-25 13:53:45,29.18,20900,29.18,U
sz002517,恺英网络,2025-09-25 13:53:51,29.18,8200,29.18,U
sz002517,恺英网络,2025-09-25 13:54:03,29.18,12100,29.17,U
sz002517,恺英网络,2025-09-25 13:54:21,29.18,9400,29.18,U
sz002517,恺英网络,2025-09-25 13:54:33,29.19,8500,29.19,U
sz002517,恺英网络,2025-09-25 13:54:54,29.2,13400,29.2,U
sz002517,恺英网络,2025-09-25 13:55:06,29.2,7800,29.2,U
sz002517,恺英网络,2025-09-25 13:55:30,29.2,13700,29.2,U
sz002517,恺英网络,2025-09-25 13:55:48,29.22,17600,29.21,U
sz002517,恺英网络,2025-09-25 13:56:12,29.23,10400,29.21,U
sz002517,恺英网络,2025-09-25 13:56:18,29.28,27100,29.24,U
sz002517,恺英网络,2025-09-25 13:57:00,29.29,7800,29.3,D
sz002517,恺英网络,2025-09-25 13:57:06,29.24,12100,29.29,D
sz002517,恺英网络,2025-09-25 13:57:36,29.24,10900,29.25,D
sz002517,恺英网络,2025-09-25 13:58:06,29.2,12000,29.21,D
sz002517,恺英网络,2025-09-25 13:58:09,29.21,12600,29.2,U
sz002517,恺英网络,2025-09-25 13:58:24,29.19,8100,29.2,D
sz002517,恺英网络,2025-09-25 13:58:33,29.19,8300,29.19,D
sz002517,恺英网络,2025-09-25 13:59:30,29.21,6900,29.2,U
sz002517,恺英网络,2025-09-25 14:00:15,29.21,18500,29.21,U
sz002517,恺英网络,2025-09-25 14:00:18,29.21,20800,29.21,U
sz002517,恺英网络,2025-09-25 14:00:24,29.21,8500,29.21,U
sz002517,恺英网络,2025-09-25 14:00:27,29.21,11900,29.21,U
sz002517,恺英网络,2025-09-25 14:00:30,29.2,9800,29.21,D
sz002517,恺英网络,2025-09-25 14:00:33,29.22,10000,29.2,U
sz002517,恺英网络,2025-09-25 14:00:36,29.22,51300,29.22,U
sz002517,恺英网络,2025-09-25 14:00:48,29.29,8700,29.28,U
sz002517,恺英网络,2025-09-25 14:01:06,29.3,10800,29.3,U
sz002517,恺英网络,2025-09-25 14:02:15,29.26,7300,29.25,U
sz002517,恺英网络,2025-09-25 14:03:03,29.24,6900,29.24,D
sz002517,恺英网络,2025-09-25 14:03:33,29.23,12900,29.22,D
sz002517,恺英网络,2025-09-25 14:03:54,29.26,23800,29.24,U
sz002517,恺英网络,2025-09-25 14:04:09,29.28,16500,29.26,U
sz002517,恺英网络,2025-09-25 14:04:27,29.31,26000,29.28,U
sz002517,恺英网络,2025-09-25 14:04:36,29.35,10000,29.32,U
sz002517,恺英网络,2025-09-25 14:05:03,29.35,10200,29.36,D
sz002517,恺英网络,2025-09-25 14:05:06,29.37,10400,29.35,U
sz002517,恺英网络,2025-09-25 14:05:42,29.37,10600,29.37,D
sz002517,恺英网络,2025-09-25 14:07:06,29.36,8500,29.35,U
sz002517,恺英网络,2025-09-25 14:08:57,29.2,49000,29.23,D
sz002517,恺英网络,2025-09-25 14:09:00,29.2,15300,29.2,U
sz002517,恺英网络,2025-09-25 14:09:09,29.19,10400,29.19,D
sz002517,恺英网络,2025-09-25 14:09:15,29.19,11820,29.2,D
sz002517,恺英网络,2025-09-25 14:09:30,29.18,27200,29.19,D
sz002517,恺英网络,2025-09-25 14:09:33,29.21,37180,29.18,U
sz002517,恺英网络,2025-09-25 14:10:00,29.19,8100,29.2,D
sz002517,恺英网络,2025-09-25 14:10:06,29.21,6900,29.19,U
sz002517,恺英网络,2025-09-25 14:11:45,29.24,13000,29.24,D
sz002517,恺英网络,2025-09-25 14:12:09,29.22,7900,29.22,D
sz002517,恺英网络,2025-09-25 14:12:36,29.22,15500,29.23,D
sz002517,恺英网络,2025-09-25 14:13:18,29.24,7300,29.23,U
sz002517,恺英网络,2025-09-25 14:13:21,29.23,11700,29.24,D
sz002517,恺英网络,2025-09-25 14:13:30,29.25,7700,29.23,U
sz002517,恺英网络,2025-09-25 14:15:09,29.25,90500,29.23,U
sz002517,恺英网络,2025-09-25 14:15:21,29.28,8500,29.25,U
sz002517,恺英网络,2025-09-25 14:16:15,29.22,12900,29.23,D
sz002517,恺英网络,2025-09-25 14:16:30,29.21,12000,29.22,D
sz002517,恺英网络,2025-09-25 14:17:15,29.22,26900,29.22,D
sz002517,恺英网络,2025-09-25 14:17:24,29.21,10300,29.21,D
sz002517,恺英网络,2025-09-25 14:17:54,29.2,23800,29.21,D
sz002517,恺英网络,2025-09-25 14:18:06,29.21,9900,29.2,U
sz002517,恺英网络,2025-09-25 14:18:12,29.2,11700,29.21,D
sz002517,恺英网络,2025-09-25 14:18:48,29.16,41300,29.18,D
sz002517,恺英网络,2025-09-25 14:18:57,29.16,9100,29.16,D
sz002517,恺英网络,2025-09-25 14:19:21,29.15,9155,29.16,D
sz002517,恺英网络,2025-09-25 14:19:39,29.14,11000,29.15,D
sz002517,恺英网络,2025-09-25 14:19:51,29.13,31000,29.14,D
sz002517,恺英网络,2025-09-25 14:19:54,29.12,27900,29.13,D
sz002517,恺英网络,2025-09-25 14:20:00,29.15,55855,29.13,U
sz002517,恺英网络,2025-09-25 14:20:06,29.16,15100,29.15,U
sz002517,恺英网络,2025-09-25 14:20:09,29.16,8200,29.16,U
sz002517,恺英网络,2025-09-25 14:20:36,29.17,90700,29.16,U
sz002517,恺英网络,2025-09-25 14:20:57,29.18,10600,29.18,D
sz002517,恺英网络,2025-09-25 14:22:03,29.15,8100,29.16,D
sz002517,恺英网络,2025-09-25 14:22:15,29.15,7000,29.16,D
sz002517,恺英网络,2025-09-25 14:22:30,29.15,8000,29.16,D
sz002517,恺英网络,2025-09-25 14:22:54,29.14,20000,29.15,D
sz002517,恺英网络,2025-09-25 14:23:03,29.14,7900,29.14,D
sz002517,恺英网络,2025-09-25 14:23:12,29.13,17700,29.14,D
sz002517,恺英网络,2025-09-25 14:23:18,29.15,14100,29.14,U
sz002517,恺英网络,2025-09-25 14:23:27,29.13,7400,29.15,D
sz002517,恺英网络,2025-09-25 14:23:36,29.13,7900,29.13,D
sz002517,恺英网络,2025-09-25 14:23:54,29.13,47500,29.13,U
sz002517,恺英网络,2025-09-25 14:23:57,29.1,42000,29.13,D
sz002517,恺英网络,2025-09-25 14:24:00,29.1,9900,29.1,D
sz002517,恺英网络,2025-09-25 14:24:09,29.14,26500,29.12,U
sz002517,恺英网络,2025-09-25 14:24:12,29.12,12200,29.14,D
sz002517,恺英网络,2025-09-25 14:24:48,29.13,16400,29.13,U
sz002517,恺英网络,2025-09-25 14:25:03,29.13,65600,29.12,U
sz002517,恺英网络,2025-09-25 14:25:06,29.16,20100,29.13,U
sz002517,恺英网络,2025-09-25 14:25:18,29.14,10300,29.18,D
sz002517,恺英网络,2025-09-25 14:26:06,29.17,11800,29.17,U
sz002517,恺英网络,2025-09-25 14:26:09,29.18,9900,29.17,U
sz002517,恺英网络,2025-09-25 14:26:12,29.18,7200,29.18,U
sz002517,恺英网络,2025-09-25 14:26:21,29.18,15000,29.18,U
sz002517,恺英网络,2025-09-25 14:27:18,29.18,9600,29.17,U
sz002517,恺英网络,2025-09-25 14:27:39,29.18,7100,29.19,D
sz002517,恺英网络,2025-09-25 14:28:09,29.17,18700,29.17,D
sz002517,恺英网络,2025-09-25 14:28:24,29.17,21200,29.17,D
sz002517,恺英网络,2025-09-25 14:28:30,29.17,8600,29.16,U
sz002517,恺英网络,2025-09-25 14:28:36,29.17,17500,29.17,D
sz002517,恺英网络,2025-09-25 14:28:48,29.17,18700,29.17,U
sz002517,恺英网络,2025-09-25 14:29:03,29.17,12300,29.16,U
sz002517,恺英网络,2025-09-25 14:29:12,29.18,8300,29.17,U
sz002517,恺英网络,2025-09-25 14:29:18,29.25,227900,29.17,U
sz002517,恺英网络,2025-09-25 14:29:33,29.29,10800,29.26,U
sz002517,恺英网络,2025-09-25 14:29:39,29.33,26900,29.3,U
sz002517,恺英网络,2025-09-25 14:29:48,29.35,8600,29.34,U
sz002517,恺英网络,2025-09-25 14:29:51,29.36,11700,29.35,U
sz002517,恺英网络,2025-09-25 14:29:57,29.37,7000,29.36,U
sz002517,恺英网络,2025-09-25 14:30:03,29.38,12600,29.36,U
sz002517,恺英网络,2025-09-25 14:30:06,29.4,14300,29.38,U
sz002517,恺英网络,2025-09-25 14:30:09,29.4,15300,29.4,U
sz002517,恺英网络,2025-09-25 14:30:18,29.38,9100,29.39,D
sz002517,恺英网络,2025-09-25 14:30:45,29.36,8000,29.35,E
sz002517,恺英网络,2025-09-25 14:30:54,29.39,17900,29.38,U
sz002517,恺英网络,2025-09-25 14:30:57,29.41,63300,29.39,U
sz002517,恺英网络,2025-09-25 14:31:00,29.41,32200,29.41,U
sz002517,恺英网络,2025-09-25 14:31:03,29.42,48200,29.41,U
sz002517,恺英网络,2025-09-25 14:31:06,29.43,21500,29.42,U
sz002517,恺英网络,2025-09-25 14:31:09,29.44,39400,29.43,U
sz002517,恺英网络,2025-09-25 14:31:12,29.44,9400,29.44,U
sz002517,恺英网络,2025-09-25 14:31:15,29.43,19000,29.44,D
sz002517,恺英网络,2025-09-25 14:31:27,29.4,14400,29.44,D
sz002517,恺英网络,2025-09-25 14:31:30,29.4,18600,29.4,D
sz002517,恺英网络,2025-09-25 14:31:33,29.41,33800,29.4,E
sz002517,恺英网络,2025-09-25 14:31:39,29.4,21900,29.4,D
sz002517,恺英网络,2025-09-25 14:31:51,29.35,7500,29.38,D
sz002517,恺英网络,2025-09-25 14:31:57,29.34,9000,29.36,D
sz002517,恺英网络,2025-09-25 14:32:36,29.22,58500,29.23,U
sz002517,恺英网络,2025-09-25 14:32:39,29.23,15700,29.22,U
sz002517,恺英网络,2025-09-25 14:32:42,29.22,13100,29.23,U
sz002517,恺英网络,2025-09-25 14:32:57,29.23,8100,29.22,U
sz002517,恺英网络,2025-09-25 14:34:18,29.24,12700,29.23,U
sz002517,恺英网络,2025-09-25 14:34:51,29.22,11100,29.22,U
sz002517,恺英网络,2025-09-25 14:35:45,29.21,7500,29.22,E
sz002517,恺英网络,2025-09-25 14:36:24,29.21,12800,29.2,U
sz002517,恺英网络,2025-09-25 14:36:27,29.21,11400,29.21,D
sz002517,恺英网络,2025-09-25 14:36:57,29.21,9500,29.2,U
sz002517,恺英网络,2025-09-25 14:37:06,29.2,15900,29.21,D
sz002517,恺英网络,2025-09-25 14:38:09,29.21,7200,29.21,U
sz002517,恺英网络,2025-09-25 14:38:21,29.22,18000,29.21,U
sz002517,恺英网络,2025-09-25 14:38:24,29.23,11400,29.22,U
sz002517,恺英网络,2025-09-25 14:38:33,29.23,21500,29.23,U
sz002517,恺英网络,2025-09-25 14:38:42,29.23,12600,29.23,U
sz002517,恺英网络,2025-09-25 14:39:48,29.21,11700,29.21,D
sz002517,恺英网络,2025-09-25 14:39:57,29.22,8300,29.21,U
sz002517,恺英网络,2025-09-25 14:40:09,29.21,8300,29.2,U
sz002517,恺英网络,2025-09-25 14:40:33,29.21,16700,29.21,D
sz002517,恺英网络,2025-09-25 14:40:51,29.2,15600,29.21,D
sz002517,恺英网络,2025-09-25 14:40:54,29.21,9300,29.2,U
sz002517,恺英网络,2025-09-25 14:41:00,29.2,7500,29.21,D
sz002517,恺英网络,2025-09-25 14:41:03,29.2,9100,29.2,D
sz002517,恺英网络,2025-09-25 14:41:33,29.19,10400,29.19,D
sz002517,恺英网络,2025-09-25 14:41:42,29.17,12900,29.19,D
sz002517,恺英网络,2025-09-25 14:41:51,29.16,9000,29.16,D
sz002517,恺英网络,2025-09-25 14:42:00,29.15,18200,29.16,D
sz002517,恺英网络,2025-09-25 14:42:06,29.15,11200,29.15,U
sz002517,恺英网络,2025-09-25 14:42:30,29.12,10900,29.13,D
sz002517,恺英网络,2025-09-25 14:42:36,29.11,15400,29.12,D
sz002517,恺英网络,2025-09-25 14:42:39,29.12,34800,29.11,U
sz002517,恺英网络,2025-09-25 14:42:42,29.12,23500,29.12,U
sz002517,恺英网络,2025-09-25 14:42:48,29.11,23700,29.11,D
sz002517,恺英网络,2025-09-25 14:42:54,29.11,16000,29.11,D
sz002517,恺英网络,2025-09-25 14:42:57,29.11,8200,29.11,D
sz002517,恺英网络,2025-09-25 14:43:00,29.11,7200,29.11,D
sz002517,恺英网络,2025-09-25 14:43:03,29.11,7400,29.11,U
sz002517,恺英网络,2025-09-25 14:43:06,29.11,57288,29.11,U
sz002517,恺英网络,2025-09-25 14:43:09,29.12,26500,29.11,U
sz002517,恺英网络,2025-09-25 14:43:12,29.12,14700,29.12,D
sz002517,恺英网络,2025-09-25 14:43:15,29.14,10400,29.12,U
sz002517,恺英网络,2025-09-25 14:43:18,29.11,11500,29.14,D
sz002517,恺英网络,2025-09-25 14:43:36,29.13,7600,29.12,U
sz002517,恺英网络,2025-09-25 14:43:42,29.12,14000,29.13,D
sz002517,恺英网络,2025-09-25 14:44:06,29.13,24000,29.12,U
sz002517,恺英网络,2025-09-25 14:44:09,29.11,9000,29.13,D
sz002517,恺英网络,2025-09-25 14:44:12,29.12,8900,29.11,D
sz002517,恺英网络,2025-09-25 14:44:21,29.13,15900,29.12,U
sz002517,恺英网络,2025-09-25 14:44:24,29.13,26100,29.13,U
sz002517,恺英网络,2025-09-25 14:44:30,29.12,9700,29.12,D
sz002517,恺英网络,2025-09-25 14:44:39,29.12,6900,29.12,D
sz002517,恺英网络,2025-09-25 14:44:45,29.13,12100,29.12,U
sz002517,恺英网络,2025-09-25 14:44:48,29.13,13500,29.13,U
sz002517,恺英网络,2025-09-25 14:44:51,29.14,69700,29.13,U
sz002517,恺英网络,2025-09-25 14:44:54,29.14,16000,29.14,U
sz002517,恺英网络,2025-09-25 14:45:00,29.15,17300,29.14,U
sz002517,恺英网络,2025-09-25 14:45:03,29.15,8500,29.15,U
sz002517,恺英网络,2025-09-25 14:45:06,29.15,7100,29.15,U
sz002517,恺英网络,2025-09-25 14:45:09,29.15,11800,29.15,U
sz002517,恺英网络,2025-09-25 14:45:15,29.15,11600,29.15,U
sz002517,恺英网络,2025-09-25 14:45:24,29.14,13900,29.15,D
sz002517,恺英网络,2025-09-25 14:45:36,29.14,13800,29.15,D
sz002517,恺英网络,2025-09-25 14:45:57,29.13,13800,29.13,D
sz002517,恺英网络,2025-09-25 14:46:03,29.12,8400,29.13,D
sz002517,恺英网络,2025-09-25 14:46:06,29.13,35600,29.12,U
sz002517,恺英网络,2025-09-25 14:46:09,29.11,21100,29.13,D
sz002517,恺英网络,2025-09-25 14:46:18,29.12,7600,29.12,U
sz002517,恺英网络,2025-09-25 14:46:21,29.11,11200,29.12,D
sz002517,恺英网络,2025-09-25 14:46:24,29.11,16500,29.11,D
sz002517,恺英网络,2025-09-25 14:46:27,29.11,25400,29.11,D
sz002517,恺英网络,2025-09-25 14:46:30,29.11,6900,29.11,U
sz002517,恺英网络,2025-09-25 14:46:33,29.11,13600,29.11,D
sz002517,恺英网络,2025-09-25 14:46:36,29.11,10500,29.11,D
sz002517,恺英网络,2025-09-25 14:46:48,29.1,40900,29.1,D
sz002517,恺英网络,2025-09-25 14:46:51,29.1,10600,29.1,D
sz002517,恺英网络,2025-09-25 14:46:54,29.1,13600,29.1,D
sz002517,恺英网络,2025-09-25 14:46:57,29.11,15600,29.1,U
sz002517,恺英网络,2025-09-25 14:47:03,29.09,21000,29.1,D
sz002517,恺英网络,2025-09-25 14:47:06,29.11,33800,29.09,U
sz002517,恺英网络,2025-09-25 14:47:12,29.09,7000,29.09,D
sz002517,恺英网络,2025-09-25 14:47:15,29.09,8300,29.09,D
sz002517,恺英网络,2025-09-25 14:47:21,29.09,16400,29.09,U
sz002517,恺英网络,2025-09-25 14:47:24,29.08,7800,29.09,D
sz002517,恺英网络,2025-09-25 14:47:27,29.09,14700,29.08,U
sz002517,恺英网络,2025-09-25 14:47:33,29.07,9900,29.08,D
sz002517,恺英网络,2025-09-25 14:47:36,29.07,18400,29.07,D
sz002517,恺英网络,2025-09-25 14:47:42,29.07,9100,29.06,U
sz002517,恺英网络,2025-09-25 14:47:45,29.07,16900,29.07,U
sz002517,恺英网络,2025-09-25 14:47:48,29.06,23292,29.07,D
sz002517,恺英网络,2025-09-25 14:47:51,29.05,15600,29.06,D
sz002517,恺英网络,2025-09-25 14:47:54,29.05,14700,29.05,D
sz002517,恺英网络,2025-09-25 14:47:57,29.05,36400,29.05,D
sz002517,恺英网络,2025-09-25 14:48:00,29.05,12400,29.05,U
sz002517,恺英网络,2025-09-25 14:48:03,29.05,16300,29.05,D
sz002517,恺英网络,2025-09-25 14:48:06,29.06,107500,29.05,U
sz002517,恺英网络,2025-09-25 14:48:09,29.08,28400,29.06,U
sz002517,恺英网络,2025-09-25 14:48:12,29.05,18500,29.08,D
sz002517,恺英网络,2025-09-25 14:48:18,29.03,20300,29.04,D
sz002517,恺英网络,2025-09-25 14:48:30,29.05,11300,29.05,U
sz002517,恺英网络,2025-09-25 14:48:33,29.06,18100,29.05,U
sz002517,恺英网络,2025-09-25 14:48:36,29.06,24700,29.06,U
sz002517,恺英网络,2025-09-25 14:48:42,29.05,45500,29.06,D
sz002517,恺英网络,2025-09-25 14:48:45,29.05,6900,29.05,U
sz002517,恺英网络,2025-09-25 14:48:48,29.05,8900,29.05,D
sz002517,恺英网络,2025-09-25 14:48:57,29.05,18500,29.05,U
sz002517,恺英网络,2025-09-25 14:49:00,29.05,17900,29.05,U
sz002517,恺英网络,2025-09-25 14:49:03,29.05,10900,29.05,D
sz002517,恺英网络,2025-09-25 14:49:06,29.05,11600,29.05,U
sz002517,恺英网络,2025-09-25 14:49:09,29.04,12100,29.05,D
sz002517,恺英网络,2025-09-25 14:49:15,29.04,9000,29.04,D
sz002517,恺英网络,2025-09-25 14:49:21,29.04,24500,29.04,U
sz002517,恺英网络,2025-09-25 14:49:24,29.03,7000,29.04,D
sz002517,恺英网络,2025-09-25 14:49:27,29.03,9300,29.03,D
sz002517,恺英网络,2025-09-25 14:49:30,29.02,15300,29.03,D
sz002517,恺英网络,2025-09-25 14:49:33,29.01,31000,29.02,D
sz002517,恺英网络,2025-09-25 14:49:36,29.01,54900,29.01,D
sz002517,恺英网络,2025-09-25 14:49:39,29.0,12500,29.01,D
sz002517,恺英网络,2025-09-25 14:49:42,29.0,22800,29.0,D
sz002517,恺英网络,2025-09-25 14:49:45,29.0,62100,29.0,D
sz002517,恺英网络,2025-09-25 14:49:48,29.0,110400,29.0,D
sz002517,恺英网络,2025-09-25 14:49:51,29.0,16700,29.0,D
sz002517,恺英网络,2025-09-25 14:49:54,29.0,16900,29.0,D
sz002517,恺英网络,2025-09-25 14:49:57,29.0,16300,29.0,D
sz002517,恺英网络,2025-09-25 14:50:00,29.01,17900,29.0,U
sz002517,恺英网络,2025-09-25 14:50:03,29.01,46200,29.01,U
sz002517,恺英网络,2025-09-25 14:50:06,29.0,39400,29.01,D
sz002517,恺英网络,2025-09-25 14:50:09,29.03,40600,29.0,U
sz002517,恺英网络,2025-09-25 14:50:12,29.01,45100,29.03,D
sz002517,恺英网络,2025-09-25 14:50:15,29.0,15100,29.01,D
sz002517,恺英网络,2025-09-25 14:50:18,29.01,11000,29.0,D
sz002517,恺英网络,2025-09-25 14:50:21,29.01,10200,29.01,D
sz002517,恺英网络,2025-09-25 14:50:24,29.02,12600,29.01,E
sz002517,恺英网络,2025-09-25 14:50:27,29.03,22700,29.02,U
sz002517,恺英网络,2025-09-25 14:50:30,29.04,7100,29.03,U
sz002517,恺英网络,2025-09-25 14:50:33,29.03,21300,29.04,D
sz002517,恺英网络,2025-09-25 14:50:45,29.04,8400,29.04,U
sz002517,恺英网络,2025-09-25 14:50:48,29.03,7300,29.04,D
sz002517,恺英网络,2025-09-25 14:50:57,29.05,42700,29.04,U
sz002517,恺英网络,2025-09-25 14:51:15,29.03,15900,29.03,D
sz002517,恺英网络,2025-09-25 14:51:21,29.04,19000,29.04,U
sz002517,恺英网络,2025-09-25 14:51:24,29.04,9400,29.04,U
sz002517,恺英网络,2025-09-25 14:51:33,29.02,8600,29.03,D
sz002517,恺英网络,2025-09-25 14:51:39,29.0,10900,29.01,D
sz002517,恺英网络,2025-09-25 14:51:42,29.01,30500,29.0,U
sz002517,恺英网络,2025-09-25 14:51:51,29.0,17000,29.0,D
sz002517,恺英网络,2025-09-25 14:51:54,29.0,14500,29.0,D
sz002517,恺英网络,2025-09-25 14:51:57,29.0,10500,29.0,D
sz002517,恺英网络,2025-09-25 14:52:00,29.01,9300,29.0,U
sz002517,恺英网络,2025-09-25 14:52:06,28.99,21400,29.0,D
sz002517,恺英网络,2025-09-25 14:52:09,28.98,11000,28.99,D
sz002517,恺英网络,2025-09-25 14:52:12,28.97,8000,28.98,D
sz002517,恺英网络,2025-09-25 14:52:15,28.96,30600,28.97,D
sz002517,恺英网络,2025-09-25 14:52:18,28.96,16500,28.96,D
sz002517,恺英网络,2025-09-25 14:52:21,28.96,11100,28.96,D
sz002517,恺英网络,2025-09-25 14:52:24,28.95,7940,28.96,D
sz002517,恺英网络,2025-09-25 14:52:27,28.95,14700,28.95,D
sz002517,恺英网络,2025-09-25 14:52:30,28.97,56443,28.95,U
sz002517,恺英网络,2025-09-25 14:52:33,28.99,53300,28.97,U
sz002517,恺英网络,2025-09-25 14:52:36,28.99,21600,28.99,U
sz002517,恺英网络,2025-09-25 14:52:39,28.98,19000,28.99,D
sz002517,恺英网络,2025-09-25 14:52:45,29.0,24600,28.98,U
sz002517,恺英网络,2025-09-25 14:52:48,29.01,101977,29.0,U
sz002517,恺英网络,2025-09-25 14:52:51,29.01,9600,29.01,D
sz002517,恺英网络,2025-09-25 14:52:54,29.0,12000,29.01,D
sz002517,恺英网络,2025-09-25 14:53:00,29.0,9752,29.0,U
sz002517,恺英网络,2025-09-25 14:53:06,29.01,39952,29.01,U
sz002517,恺英网络,2025-09-25 14:53:09,29.0,44461,29.01,D
sz002517,恺英网络,2025-09-25 14:53:21,29.0,17200,29.0,D
sz002517,恺英网络,2025-09-25 14:53:24,29.0,13000,29.0,U
sz002517,恺英网络,2025-09-25 14:53:27,28.99,9700,29.0,D
sz002517,恺英网络,2025-09-25 14:53:33,28.99,25100,28.98,U
sz002517,恺英网络,2025-09-25 14:53:36,28.99,8074,28.99,U
sz002517,恺英网络,2025-09-25 14:53:39,28.99,14000,28.99,U
sz002517,恺英网络,2025-09-25 14:53:42,28.99,13100,28.99,U
sz002517,恺英网络,2025-09-25 14:53:48,28.98,7200,28.98,U
sz002517,恺英网络,2025-09-25 14:53:51,28.98,34100,28.98,U
sz002517,恺英网络,2025-09-25 14:53:54,28.98,12494,28.98,U
sz002517,恺英网络,2025-09-25 14:53:57,28.98,20592,28.98,U
sz002517,恺英网络,2025-09-25 14:54:00,28.97,24500,28.98,D
sz002517,恺英网络,2025-09-25 14:54:03,28.99,60515,28.97,U
sz002517,恺英网络,2025-09-25 14:54:06,29.01,57036,28.99,U
sz002517,恺英网络,2025-09-25 14:54:09,28.99,19750,29.01,D
sz002517,恺英网络,2025-09-25 14:54:12,29.0,11800,28.99,E
sz002517,恺英网络,2025-09-25 14:54:18,29.0,10900,29.01,D
sz002517,恺英网络,2025-09-25 14:54:30,28.99,12500,29.0,E
sz002517,恺英网络,2025-09-25 14:54:33,29.0,72917,28.99,U
sz002517,恺英网络,2025-09-25 14:54:36,29.0,33983,29.0,D
sz002517,恺英网络,2025-09-25 14:54:48,28.99,11802,28.98,U
sz002517,恺英网络,2025-09-25 14:54:51,28.99,7200,28.99,D
sz002517,恺英网络,2025-09-25 14:55:00,29.0,46100,28.99,U
sz002517,恺英网络,2025-09-25 14:55:03,29.0,22000,29.0,U
sz002517,恺英网络,2025-09-25 14:55:06,28.98,25717,29.0,D
sz002517,恺英网络,2025-09-25 14:55:12,28.97,15800,29.0,D
sz002517,恺英网络,2025-09-25 14:55:15,28.98,12600,28.97,E
sz002517,恺英网络,2025-09-25 14:55:18,28.96,13900,28.98,D
sz002517,恺英网络,2025-09-25 14:55:21,28.98,19400,28.96,E
sz002517,恺英网络,2025-09-25 14:55:27,28.98,10600,28.98,D
sz002517,恺英网络,2025-09-25 14:55:30,28.96,12000,28.98,D
sz002517,恺英网络,2025-09-25 14:55:33,28.95,22300,28.96,D
sz002517,恺英网络,2025-09-25 14:55:36,28.97,16800,28.95,E
sz002517,恺英网络,2025-09-25 14:55:39,28.95,10500,28.97,D
sz002517,恺英网络,2025-09-25 14:55:42,28.95,22200,28.95,D
sz002517,恺英网络,2025-09-25 14:55:45,28.95,21600,28.95,D
sz002517,恺英网络,2025-09-25 14:55:48,28.96,18000,28.95,U
sz002517,恺英网络,2025-09-25 14:55:51,28.94,63900,28.96,D
sz002517,恺英网络,2025-09-25 14:55:54,28.93,10100,28.94,D
sz002517,恺英网络,2025-09-25 14:55:57,28.94,15700,28.93,D
sz002517,恺英网络,2025-09-25 14:56:00,28.96,21600,28.94,E
sz002517,恺英网络,2025-09-25 14:56:03,28.94,25000,28.96,E
sz002517,恺英网络,2025-09-25 14:56:06,28.97,42300,28.94,E
sz002517,恺英网络,2025-09-25 14:56:09,28.99,50900,28.97,E
sz002517,恺英网络,2025-09-25 14:56:12,28.99,26100,28.99,D
sz002517,恺英网络,2025-09-25 14:56:15,29.0,14000,28.99,U
sz002517,恺英网络,2025-09-25 14:56:18,29.0,26200,29.0,D
sz002517,恺英网络,2025-09-25 14:56:21,28.99,12100,29.0,D
sz002517,恺英网络,2025-09-25 14:56:27,28.98,19400,28.99,E
sz002517,恺英网络,2025-09-25 14:56:30,28.98,12000,28.98,D
sz002517,恺英网络,2025-09-25 14:56:33,28.99,12200,28.98,D
sz002517,恺英网络,2025-09-25 14:56:36,28.98,31300,28.99,D
sz002517,恺英网络,2025-09-25 14:56:39,28.99,21200,28.98,U
sz002517,恺英网络,2025-09-25 14:56:42,28.99,35400,28.99,D
sz002517,恺英网络,2025-09-25 14:56:45,29.0,7000,28.99,U
sz002517,恺英网络,2025-09-25 14:56:48,29.0,9900,29.0,U
sz002517,恺英网络,2025-09-25 14:56:51,28.99,21700,29.0,D
sz002517,恺英网络,2025-09-25 14:56:54,28.99,15600,28.99,D
sz002517,恺英网络,2025-09-25 14:56:57,28.99,13500,28.99,U
sz002517,恺英网络,2025-09-25 15:00:00,29.0,239376,28.99,U
