symbol,name,ticktime,price,volume,prev_price,kind
sz002409,雅克科技,2025-09-29 09:25:00,72.79,160200,0.0,U
sz002409,雅克科技,2025-09-29 09:30:00,72.79,135600,72.79,U
sz002409,雅克科技,2025-09-29 09:30:03,72.78,116800,72.79,D
sz002409,雅克科技,2025-09-29 09:30:06,72.78,22900,72.78,U
sz002409,雅克科技,2025-09-29 09:30:09,72.75,8400,72.78,E
sz002409,雅克科技,2025-09-29 09:30:12,72.79,9300,72.75,U
sz002409,雅克科技,2025-09-29 09:30:15,72.79,26300,72.79,D
sz002409,雅克科技,2025-09-29 09:30:18,72.8,4600,72.79,U
sz002409,雅克科技,2025-09-29 09:30:21,72.8,4900,72.8,D
sz002409,雅克科技,2025-09-29 09:30:24,72.81,8600,72.8,E
sz002409,雅克科技,2025-09-29 09:30:27,72.9,9200,72.81,E
sz002409,雅克科技,2025-09-29 09:30:30,72.9,6000,72.9,U
sz002409,雅克科技,2025-09-29 09:30:33,72.84,13500,72.9,E
sz002409,雅克科技,2025-09-29 09:30:36,72.8,18000,72.84,E
sz002409,雅克科技,2025-09-29 09:30:39,72.8,30200,72.8,U
sz002409,雅克科技,2025-09-29 09:30:42,72.9,40600,72.8,U
sz002409,雅克科技,2025-09-29 09:30:45,73.21,84561,72.9,U
sz002409,雅克科技,2025-09-29 09:30:48,73.19,6700,73.21,D
sz002409,雅克科技,2025-09-29 09:30:51,73.19,6700,73.19,U
sz002409,雅克科技,2025-09-29 09:30:54,73.18,19900,73.19,U
sz002409,雅克科技,2025-09-29 09:30:57,72.99,19400,73.18,D
sz002409,雅克科技,2025-09-29 09:31:00,72.91,14800,72.99,D
sz002409,雅克科技,2025-09-29 09:31:03,72.96,20100,72.91,U
sz002409,雅克科技,2025-09-29 09:31:06,72.92,11200,72.96,D
sz002409,雅克科技,2025-09-29 09:31:09,72.98,6100,72.92,E
sz002409,雅克科技,2025-09-29 09:31:15,73.08,5000,73.03,U
sz002409,雅克科技,2025-09-29 09:31:18,73.18,10700,73.08,U
sz002409,雅克科技,2025-09-29 09:31:21,73.07,17900,73.18,D
sz002409,雅克科技,2025-09-29 09:31:24,73.12,12500,73.07,D
sz002409,雅克科技,2025-09-29 09:31:27,72.98,17700,73.12,D
sz002409,雅克科技,2025-09-29 09:31:30,72.98,22300,72.98,D
sz002409,雅克科技,2025-09-29 09:31:36,72.92,8000,73.01,D
sz002409,雅克科技,2025-09-29 09:31:39,72.75,22300,72.92,D
sz002409,雅克科技,2025-09-29 09:31:45,72.68,5500,72.68,E
sz002409,雅克科技,2025-09-29 09:31:48,72.67,10200,72.68,U
sz002409,雅克科技,2025-09-29 09:31:51,72.57,14100,72.67,D
sz002409,雅克科技,2025-09-29 09:31:54,72.65,49200,72.57,U
sz002409,雅克科技,2025-09-29 09:31:57,72.65,12900,72.65,D
sz002409,雅克科技,2025-09-29 09:32:00,72.61,8700,72.65,E
sz002409,雅克科技,2025-09-29 09:32:03,72.57,6000,72.61,D
sz002409,雅克科技,2025-09-29 09:32:06,72.57,66900,72.57,U
sz002409,雅克科技,2025-09-29 09:32:09,72.52,19000,72.57,E
sz002409,雅克科技,2025-09-29 09:32:12,72.52,26700,72.52,D
sz002409,雅克科技,2025-09-29 09:32:15,72.6,16800,72.52,U
sz002409,雅克科技,2025-09-29 09:32:18,72.9,9200,72.6,U
sz002409,雅克科技,2025-09-29 09:32:21,72.74,3600,72.9,E
sz002409,雅克科技,2025-09-29 09:32:24,72.86,14700,72.74,U
sz002409,雅克科技,2025-09-29 09:32:27,72.87,8300,72.86,U
sz002409,雅克科技,2025-09-29 09:32:30,72.83,30400,72.87,D
sz002409,雅克科技,2025-09-29 09:32:33,72.73,23600,72.83,D
sz002409,雅克科技,2025-09-29 09:32:39,72.87,8000,72.86,U
sz002409,雅克科技,2025-09-29 09:32:42,72.86,3900,72.87,D
sz002409,雅克科技,2025-09-29 09:32:45,72.92,7900,72.86,U
sz002409,雅克科技,2025-09-29 09:32:48,72.9,12600,72.92,D
sz002409,雅克科技,2025-09-29 09:32:51,72.88,24100,72.9,D
sz002409,雅克科技,2025-09-29 09:32:54,72.86,28800,72.88,D
sz002409,雅克科技,2025-09-29 09:32:57,72.86,9400,72.86,U
sz002409,雅克科技,2025-09-29 09:33:00,72.83,10500,72.86,E
sz002409,雅克科技,2025-09-29 09:33:03,72.94,21600,72.83,U
sz002409,雅克科技,2025-09-29 09:33:06,73.1,12600,72.94,U
sz002409,雅克科技,2025-09-29 09:33:12,73.02,2900,73.09,E
sz002409,雅克科技,2025-09-29 09:33:15,73.03,4100,73.02,U
sz002409,雅克科技,2025-09-29 09:33:18,73.02,7000,73.03,D
sz002409,雅克科技,2025-09-29 09:33:21,73.0,4900,73.02,D
sz002409,雅克科技,2025-09-29 09:33:24,73.02,10300,73.0,E
sz002409,雅克科技,2025-09-29 09:33:27,73.03,20300,73.02,E
sz002409,雅克科技,2025-09-29 09:33:30,72.95,14200,73.03,D
sz002409,雅克科技,2025-09-29 09:33:33,72.86,13000,72.95,D
sz002409,雅克科技,2025-09-29 09:33:36,72.8,6300,72.86,D
sz002409,雅克科技,2025-09-29 09:33:39,72.75,4100,72.8,D
sz002409,雅克科技,2025-09-29 09:33:42,72.66,29500,72.75,D
sz002409,雅克科技,2025-09-29 09:33:45,72.77,4800,72.66,U
sz002409,雅克科技,2025-09-29 09:33:48,72.59,7700,72.77,D
sz002409,雅克科技,2025-09-29 09:33:51,72.66,22400,72.59,U
sz002409,雅克科技,2025-09-29 09:33:54,72.66,2800,72.66,D
sz002409,雅克科技,2025-09-29 09:33:57,72.66,4100,72.66,D
sz002409,雅克科技,2025-09-29 09:34:00,72.73,5400,72.66,D
sz002409,雅克科技,2025-09-29 09:34:03,72.66,14500,72.73,D
sz002409,雅克科技,2025-09-29 09:34:09,72.6,18400,72.59,D
sz002409,雅克科技,2025-09-29 09:34:12,72.65,10100,72.6,E
sz002409,雅克科技,2025-09-29 09:34:15,72.71,7200,72.65,U
sz002409,雅克科技,2025-09-29 09:34:21,72.68,13600,72.69,D
sz002409,雅克科技,2025-09-29 09:34:27,72.69,4200,72.68,U
sz002409,雅克科技,2025-09-29 09:34:30,72.62,5900,72.69,D
sz002409,雅克科技,2025-09-29 09:34:36,72.61,3700,72.6,E
sz002409,雅克科技,2025-09-29 09:34:39,72.6,3300,72.61,E
sz002409,雅克科技,2025-09-29 09:34:42,72.64,19000,72.6,U
sz002409,雅克科技,2025-09-29 09:34:45,72.61,10300,72.64,D
sz002409,雅克科技,2025-09-29 09:34:48,72.68,15100,72.61,U
sz002409,雅克科技,2025-09-29 09:34:51,72.68,11100,72.68,U
sz002409,雅克科技,2025-09-29 09:34:54,72.62,4500,72.68,D
sz002409,雅克科技,2025-09-29 09:34:57,72.6,12900,72.62,D
sz002409,雅克科技,2025-09-29 09:35:00,72.6,16900,72.6,D
sz002409,雅克科技,2025-09-29 09:35:03,72.63,6100,72.6,U
sz002409,雅克科技,2025-09-29 09:35:06,72.61,11800,72.63,D
sz002409,雅克科技,2025-09-29 09:35:09,72.7,3800,72.61,U
sz002409,雅克科技,2025-09-29 09:35:12,72.62,10800,72.7,D
sz002409,雅克科技,2025-09-29 09:35:15,72.75,15500,72.62,U
sz002409,雅克科技,2025-09-29 09:35:18,72.84,16500,72.75,U
sz002409,雅克科技,2025-09-29 09:35:21,72.78,3000,72.84,D
sz002409,雅克科技,2025-09-29 09:35:24,73.1,39600,72.78,U
sz002409,雅克科技,2025-09-29 09:35:27,73.19,30800,73.1,U
sz002409,雅克科技,2025-09-29 09:35:30,73.22,7300,73.19,U
sz002409,雅克科技,2025-09-29 09:35:33,73.21,5800,73.22,D
sz002409,雅克科技,2025-09-29 09:35:36,73.2,7300,73.21,U
sz002409,雅克科技,2025-09-29 09:35:39,73.2,7200,73.2,U
sz002409,雅克科技,2025-09-29 09:35:42,73.18,20000,73.2,E
sz002409,雅克科技,2025-09-29 09:35:45,73.18,7300,73.18,U
sz002409,雅克科技,2025-09-29 09:35:48,73.2,8000,73.18,U
sz002409,雅克科技,2025-09-29 09:35:51,73.2,22300,73.2,D
sz002409,雅克科技,2025-09-29 09:35:54,73.22,10600,73.2,U
sz002409,雅克科技,2025-09-29 09:35:57,73.24,10400,73.22,U
sz002409,雅克科技,2025-09-29 09:36:00,73.25,14100,73.24,U
sz002409,雅克科技,2025-09-29 09:36:03,73.21,15000,73.25,D
sz002409,雅克科技,2025-09-29 09:36:06,73.2,4700,73.21,D
sz002409,雅克科技,2025-09-29 09:36:09,73.14,6500,73.2,D
sz002409,雅克科技,2025-09-29 09:36:12,73.04,8500,73.14,D
sz002409,雅克科技,2025-09-29 09:36:15,73.08,6200,73.04,E
sz002409,雅克科技,2025-09-29 09:36:21,72.96,3600,73.02,D
sz002409,雅克科技,2025-09-29 09:36:24,72.96,16000,72.96,D
sz002409,雅克科技,2025-09-29 09:36:27,72.96,9900,72.96,U
sz002409,雅克科技,2025-09-29 09:36:30,72.96,4300,72.96,U
sz002409,雅克科技,2025-09-29 09:36:33,72.97,3700,72.96,D
sz002409,雅克科技,2025-09-29 09:36:36,73.0,10500,72.97,U
sz002409,雅克科技,2025-09-29 09:36:42,73.09,4300,73.09,U
sz002409,雅克科技,2025-09-29 09:36:45,73.14,5300,73.09,U
sz002409,雅克科技,2025-09-29 09:36:48,73.1,9900,73.14,E
sz002409,雅克科技,2025-09-29 09:36:51,73.14,5700,73.1,U
sz002409,雅克科技,2025-09-29 09:36:54,73.14,19100,73.14,D
sz002409,雅克科技,2025-09-29 09:36:57,73.14,10500,73.14,U
sz002409,雅克科技,2025-09-29 09:37:00,73.1,24800,73.14,D
sz002409,雅克科技,2025-09-29 09:37:03,73.1,6500,73.1,U
sz002409,雅克科技,2025-09-29 09:37:06,73.04,5100,73.1,D
sz002409,雅克科技,2025-09-29 09:37:09,72.98,19500,73.04,D
sz002409,雅克科技,2025-09-29 09:37:12,72.89,4200,72.98,D
sz002409,雅克科技,2025-09-29 09:37:15,72.99,9900,72.89,U
sz002409,雅克科技,2025-09-29 09:37:18,72.9,4700,72.99,E
sz002409,雅克科技,2025-09-29 09:37:21,72.89,19300,72.9,D
sz002409,雅克科技,2025-09-29 09:37:27,73.04,9400,72.99,U
sz002409,雅克科技,2025-09-29 09:37:30,73.1,13200,73.04,U
sz002409,雅克科技,2025-09-29 09:37:33,73.19,11400,73.1,U
sz002409,雅克科技,2025-09-29 09:37:36,73.15,12300,73.19,D
sz002409,雅克科技,2025-09-29 09:37:39,73.2,4300,73.15,U
sz002409,雅克科技,2025-09-29 09:37:42,73.21,7300,73.2,E
sz002409,雅克科技,2025-09-29 09:37:45,73.29,29800,73.21,U
sz002409,雅克科技,2025-09-29 09:37:48,73.23,24600,73.29,D
sz002409,雅克科技,2025-09-29 09:37:51,73.31,20900,73.23,U
sz002409,雅克科技,2025-09-29 09:37:54,73.3,7600,73.31,D
sz002409,雅克科技,2025-09-29 09:37:57,73.28,47000,73.3,D
sz002409,雅克科技,2025-09-29 09:38:00,73.28,9400,73.28,U
sz002409,雅克科技,2025-09-29 09:38:03,73.27,24400,73.28,E
sz002409,雅克科技,2025-09-29 09:38:06,73.28,9400,73.27,U
sz002409,雅克科技,2025-09-29 09:38:09,73.23,8800,73.28,D
sz002409,雅克科技,2025-09-29 09:38:12,73.33,10600,73.23,U
sz002409,雅克科技,2025-09-29 09:38:15,73.32,5100,73.33,E
sz002409,雅克科技,2025-09-29 09:38:18,73.22,7900,73.32,U
sz002409,雅克科技,2025-09-29 09:38:21,73.23,5300,73.22,E
sz002409,雅克科技,2025-09-29 09:38:24,73.22,3000,73.23,D
sz002409,雅克科技,2025-09-29 09:38:27,73.17,25700,73.22,D
sz002409,雅克科技,2025-09-29 09:38:30,73.21,7600,73.17,U
sz002409,雅克科技,2025-09-29 09:38:36,73.21,11900,73.21,D
sz002409,雅克科技,2025-09-29 09:38:39,73.2,3100,73.21,E
sz002409,雅克科技,2025-09-29 09:38:42,73.21,8100,73.2,U
sz002409,雅克科技,2025-09-29 09:38:45,73.19,25700,73.21,D
sz002409,雅克科技,2025-09-29 09:38:48,73.09,8600,73.19,D
sz002409,雅克科技,2025-09-29 09:38:51,73.09,13800,73.09,U
sz002409,雅克科技,2025-09-29 09:38:54,73.01,9900,73.09,D
sz002409,雅克科技,2025-09-29 09:39:00,73.01,13000,73.01,D
sz002409,雅克科技,2025-09-29 09:39:03,73.01,3600,73.01,D
sz002409,雅克科技,2025-09-29 09:39:06,73.0,4900,73.01,D
sz002409,雅克科技,2025-09-29 09:39:09,72.96,6500,73.0,D
sz002409,雅克科技,2025-09-29 09:39:12,73.01,8200,72.96,U
sz002409,雅克科技,2025-09-29 09:39:18,72.92,4500,72.92,U
sz002409,雅克科技,2025-09-29 09:39:21,72.9,12600,72.92,D
sz002409,雅克科技,2025-09-29 09:39:24,72.9,2900,72.9,U
sz002409,雅克科技,2025-09-29 09:39:27,72.9,39900,72.9,U
sz002409,雅克科技,2025-09-29 09:39:30,72.91,5200,72.9,E
sz002409,雅克科技,2025-09-29 09:39:42,72.99,4300,72.99,U
sz002409,雅克科技,2025-09-29 09:39:48,73.0,20800,72.98,U
sz002409,雅克科技,2025-09-29 09:39:51,73.0,3000,73.0,D
sz002409,雅克科技,2025-09-29 09:39:54,73.1,3900,73.0,U
sz002409,雅克科技,2025-09-29 09:39:57,73.18,5300,73.1,U
sz002409,雅克科技,2025-09-29 09:40:00,73.12,5700,73.18,D
sz002409,雅克科技,2025-09-29 09:40:06,73.23,5800,73.23,U
sz002409,雅克科技,2025-09-29 09:40:09,73.09,7800,73.23,D
sz002409,雅克科技,2025-09-29 09:40:15,72.98,12500,73.11,D
sz002409,雅克科技,2025-09-29 09:40:18,72.91,4100,72.98,D
sz002409,雅克科技,2025-09-29 09:40:21,72.96,7200,72.91,E
sz002409,雅克科技,2025-09-29 09:40:27,72.9,9400,72.91,D
sz002409,雅克科技,2025-09-29 09:40:30,72.92,6100,72.9,U
sz002409,雅克科技,2025-09-29 09:40:36,73.0,5400,72.92,U
sz002409,雅克科技,2025-09-29 09:40:39,72.98,8600,73.0,D
sz002409,雅克科技,2025-09-29 09:40:42,73.0,4200,72.98,D
sz002409,雅克科技,2025-09-29 09:40:51,72.99,8500,72.96,U
sz002409,雅克科技,2025-09-29 09:40:54,72.92,13500,72.99,D
sz002409,雅克科技,2025-09-29 09:41:00,72.94,11800,72.95,D
sz002409,雅克科技,2025-09-29 09:41:03,73.09,7300,72.94,U
sz002409,雅克科技,2025-09-29 09:41:06,73.04,3800,73.09,D
sz002409,雅克科技,2025-09-29 09:41:09,73.04,2900,73.04,D
sz002409,雅克科技,2025-09-29 09:41:12,73.04,9900,73.04,D
sz002409,雅克科技,2025-09-29 09:41:15,73.15,11200,73.04,U
sz002409,雅克科技,2025-09-29 09:41:21,73.18,8100,73.18,U
sz002409,雅克科技,2025-09-29 09:41:24,73.2,16300,73.18,U
sz002409,雅克科技,2025-09-29 09:41:27,73.2,4100,73.2,D
sz002409,雅克科技,2025-09-29 09:41:30,73.25,6900,73.2,U
sz002409,雅克科技,2025-09-29 09:41:33,73.27,10113,73.25,U
sz002409,雅克科技,2025-09-29 09:41:36,73.25,7487,73.27,D
sz002409,雅克科技,2025-09-29 09:41:39,73.27,33900,73.25,E
sz002409,雅克科技,2025-09-29 09:41:42,73.3,15113,73.27,U
sz002409,雅克科技,2025-09-29 09:41:45,73.3,4400,73.3,D
sz002409,雅克科技,2025-09-29 09:41:48,73.31,15200,73.3,E
sz002409,雅克科技,2025-09-29 09:41:51,73.33,11100,73.31,U
sz002409,雅克科技,2025-09-29 09:41:54,73.35,6300,73.33,U
sz002409,雅克科技,2025-09-29 09:41:57,73.36,3600,73.35,U
sz002409,雅克科技,2025-09-29 09:42:00,73.28,27600,73.36,D
sz002409,雅克科技,2025-09-29 09:42:03,73.28,118087,73.28,U
sz002409,雅克科技,2025-09-29 09:42:06,73.18,8600,73.28,D
sz002409,雅克科技,2025-09-29 09:42:09,73.18,31900,73.18,D
sz002409,雅克科技,2025-09-29 09:42:12,73.29,5100,73.18,U
sz002409,雅克科技,2025-09-29 09:42:15,73.29,4700,73.29,U
sz002409,雅克科技,2025-09-29 09:42:21,73.25,8900,73.21,E
sz002409,雅克科技,2025-09-29 09:42:27,73.3,2800,73.25,U
sz002409,雅克科技,2025-09-29 09:42:30,73.37,14000,73.3,U
sz002409,雅克科技,2025-09-29 09:42:33,73.64,106300,73.37,U
sz002409,雅克科技,2025-09-29 09:42:36,73.64,11500,73.64,E
sz002409,雅克科技,2025-09-29 09:42:39,73.65,11200,73.64,U
sz002409,雅克科技,2025-09-29 09:42:42,73.65,13700,73.65,D
sz002409,雅克科技,2025-09-29 09:42:45,73.7,23900,73.65,U
sz002409,雅克科技,2025-09-29 09:42:48,73.72,11100,73.7,E
sz002409,雅克科技,2025-09-29 09:42:51,73.72,10000,73.72,D
sz002409,雅克科技,2025-09-29 09:42:54,73.64,24300,73.72,D
sz002409,雅克科技,2025-09-29 09:42:57,73.54,5900,73.64,D
sz002409,雅克科技,2025-09-29 09:43:00,73.58,9000,73.54,E
sz002409,雅克科技,2025-09-29 09:43:03,73.55,9000,73.58,E
sz002409,雅克科技,2025-09-29 09:43:06,73.57,8200,73.55,U
sz002409,雅克科技,2025-09-29 09:43:09,73.42,7700,73.57,D
sz002409,雅克科技,2025-09-29 09:43:12,73.52,14400,73.42,U
sz002409,雅克科技,2025-09-29 09:43:15,73.53,3300,73.52,U
sz002409,雅克科技,2025-09-29 09:43:18,73.52,7000,73.53,E
sz002409,雅克科技,2025-09-29 09:43:21,73.53,5700,73.52,U
sz002409,雅克科技,2025-09-29 09:43:24,73.52,8300,73.53,E
sz002409,雅克科技,2025-09-29 09:43:27,73.52,18200,73.52,U
sz002409,雅克科技,2025-09-29 09:43:30,73.5,4300,73.52,E
sz002409,雅克科技,2025-09-29 09:43:33,73.46,5000,73.5,E
sz002409,雅克科技,2025-09-29 09:43:36,73.41,4700,73.46,E
sz002409,雅克科技,2025-09-29 09:43:39,73.4,17600,73.41,E
sz002409,雅克科技,2025-09-29 09:43:48,73.25,7200,73.36,D
sz002409,雅克科技,2025-09-29 09:43:51,73.29,6500,73.25,U
sz002409,雅克科技,2025-09-29 09:43:54,73.25,3800,73.29,D
sz002409,雅克科技,2025-09-29 09:43:57,73.2,22500,73.25,D
sz002409,雅克科技,2025-09-29 09:44:00,73.21,5500,73.2,U
sz002409,雅克科技,2025-09-29 09:44:03,73.25,6500,73.21,U
sz002409,雅克科技,2025-09-29 09:44:09,73.31,7200,73.12,U
sz002409,雅克科技,2025-09-29 09:44:12,73.26,3100,73.31,E
sz002409,雅克科技,2025-09-29 09:44:15,73.28,5500,73.26,E
sz002409,雅克科技,2025-09-29 09:44:18,73.23,10700,73.28,D
sz002409,雅克科技,2025-09-29 09:44:24,73.1,7500,73.29,D
sz002409,雅克科技,2025-09-29 09:44:27,73.1,5200,73.1,D
sz002409,雅克科技,2025-09-29 09:44:30,72.98,8400,73.1,D
sz002409,雅克科技,2025-09-29 09:44:33,73.1,27300,72.98,U
sz002409,雅克科技,2025-09-29 09:44:36,72.95,5200,73.1,E
sz002409,雅克科技,2025-09-29 09:44:39,72.99,7700,72.95,U
sz002409,雅克科技,2025-09-29 09:44:42,72.95,37700,72.99,E
sz002409,雅克科技,2025-09-29 09:44:45,72.95,4600,72.95,E
sz002409,雅克科技,2025-09-29 09:44:48,73.03,3500,72.95,U
sz002409,雅克科技,2025-09-29 09:44:51,73.03,3500,73.03,U
sz002409,雅克科技,2025-09-29 09:44:57,73.03,14100,73.0,E
sz002409,雅克科技,2025-09-29 09:45:00,73.0,9700,73.03,D
sz002409,雅克科技,2025-09-29 09:45:03,73.03,4976,73.0,E
sz002409,雅克科技,2025-09-29 09:45:06,73.0,3924,73.03,D
sz002409,雅克科技,2025-09-29 09:45:09,73.0,4900,73.0,U
sz002409,雅克科技,2025-09-29 09:45:15,72.9,10400,72.93,D
sz002409,雅克科技,2025-09-29 09:45:18,72.85,3400,72.9,D
sz002409,雅克科技,2025-09-29 09:45:24,72.86,3500,72.85,E
sz002409,雅克科技,2025-09-29 09:45:27,72.87,5000,72.86,E
sz002409,雅克科技,2025-09-29 09:45:30,72.9,6200,72.87,U
sz002409,雅克科技,2025-09-29 09:45:33,72.87,5600,72.9,E
sz002409,雅克科技,2025-09-29 09:45:36,72.9,6500,72.87,U
sz002409,雅克科技,2025-09-29 09:45:39,72.86,8800,72.9,D
sz002409,雅克科技,2025-09-29 09:45:42,72.8,24700,72.86,D
sz002409,雅克科技,2025-09-29 09:45:45,72.85,4300,72.8,E
sz002409,雅克科技,2025-09-29 09:45:48,72.76,6500,72.85,D
sz002409,雅克科技,2025-09-29 09:45:51,72.8,7200,72.76,E
sz002409,雅克科技,2025-09-29 09:45:54,72.79,3500,72.8,D
sz002409,雅克科技,2025-09-29 09:46:00,72.86,5200,72.85,U
sz002409,雅克科技,2025-09-29 09:46:03,72.72,12900,72.86,D
sz002409,雅克科技,2025-09-29 09:46:12,72.91,4800,72.92,D
sz002409,雅克科技,2025-09-29 09:46:15,72.95,14100,72.91,U
sz002409,雅克科技,2025-09-29 09:46:18,73.0,3500,72.95,U
sz002409,雅克科技,2025-09-29 09:46:24,73.12,4500,73.0,U
sz002409,雅克科技,2025-09-29 09:46:30,73.03,19000,73.16,D
sz002409,雅克科技,2025-09-29 09:46:36,73.0,5700,72.89,E
sz002409,雅克科技,2025-09-29 09:46:39,72.89,3400,73.0,D
sz002409,雅克科技,2025-09-29 09:46:42,73.0,13400,72.89,U
sz002409,雅克科技,2025-09-29 09:46:48,72.92,4600,72.98,D
sz002409,雅克科技,2025-09-29 09:46:51,73.03,4700,72.92,U
sz002409,雅克科技,2025-09-29 09:46:54,72.96,3500,73.03,D
sz002409,雅克科技,2025-09-29 09:47:00,73.0,11800,72.9,U
sz002409,雅克科技,2025-09-29 09:47:03,72.8,25724,73.0,D
sz002409,雅克科技,2025-09-29 09:47:06,72.8,3400,72.8,D
sz002409,雅克科技,2025-09-29 09:47:12,72.78,7600,72.88,D
sz002409,雅克科技,2025-09-29 09:47:18,72.77,9700,72.8,D
sz002409,雅克科技,2025-09-29 09:47:24,72.8,32500,72.78,U
sz002409,雅克科技,2025-09-29 09:47:27,72.88,5200,72.8,U
sz002409,雅克科技,2025-09-29 09:47:30,72.78,11600,72.88,D
sz002409,雅克科技,2025-09-29 09:47:33,72.86,3700,72.78,U
sz002409,雅克科技,2025-09-29 09:47:36,72.78,4000,72.86,D
sz002409,雅克科技,2025-09-29 09:47:39,72.78,3500,72.78,U
sz002409,雅克科技,2025-09-29 09:47:42,72.78,7700,72.78,U
sz002409,雅克科技,2025-09-29 09:47:48,72.8,5700,72.8,D
sz002409,雅克科技,2025-09-29 09:48:00,72.83,7300,72.77,U
sz002409,雅克科技,2025-09-29 09:48:06,72.88,12900,72.85,U
sz002409,雅克科技,2025-09-29 09:48:12,73.02,7600,73.0,U
sz002409,雅克科技,2025-09-29 09:48:15,73.0,4600,73.02,D
sz002409,雅克科技,2025-09-29 09:48:18,72.99,5900,73.0,E
sz002409,雅克科技,2025-09-29 09:48:21,73.0,18700,72.99,U
sz002409,雅克科技,2025-09-29 09:48:24,73.0,3100,73.0,U
sz002409,雅克科技,2025-09-29 09:48:27,73.0,9300,73.0,D
sz002409,雅克科技,2025-09-29 09:48:36,73.07,4100,73.1,D
sz002409,雅克科技,2025-09-29 09:48:39,73.09,4200,73.07,U
sz002409,雅克科技,2025-09-29 09:48:42,73.03,4800,73.09,D
sz002409,雅克科技,2025-09-29 09:48:45,73.14,9600,73.03,U
sz002409,雅克科技,2025-09-29 09:48:48,73.15,3500,73.14,U
sz002409,雅克科技,2025-09-29 09:48:51,73.2,4800,73.15,U
sz002409,雅克科技,2025-09-29 09:48:54,73.2,2900,73.2,U
sz002409,雅克科技,2025-09-29 09:48:57,73.16,4000,73.2,D
sz002409,雅克科技,2025-09-29 09:49:00,73.19,3000,73.16,U
sz002409,雅克科技,2025-09-29 09:49:03,73.19,25300,73.19,U
sz002409,雅克科技,2025-09-29 09:49:06,73.19,15500,73.19,U
sz002409,雅克科技,2025-09-29 09:49:09,73.19,19300,73.19,U
sz002409,雅克科技,2025-09-29 09:49:15,73.18,2900,73.11,E
sz002409,雅克科技,2025-09-29 09:49:18,73.1,7500,73.18,D
sz002409,雅克科技,2025-09-29 09:49:21,73.05,10800,73.1,E
sz002409,雅克科技,2025-09-29 09:49:45,73.06,3900,73.04,U
sz002409,雅克科技,2025-09-29 09:49:51,72.9,7300,72.96,D
sz002409,雅克科技,2025-09-29 09:49:57,72.98,3600,73.0,E
sz002409,雅克科技,2025-09-29 09:50:00,72.9,3400,72.98,D
sz002409,雅克科技,2025-09-29 09:50:09,72.89,7500,72.91,D
sz002409,雅克科技,2025-09-29 09:50:12,72.78,6300,72.89,D
sz002409,雅克科技,2025-09-29 09:50:18,72.9,27800,72.78,U
sz002409,雅克科技,2025-09-29 09:50:24,72.78,2800,72.75,D
sz002409,雅克科技,2025-09-29 09:50:30,72.78,7700,72.78,D
sz002409,雅克科技,2025-09-29 09:50:33,72.79,4800,72.78,D
sz002409,雅克科技,2025-09-29 09:50:36,72.76,4200,72.79,D
sz002409,雅克科技,2025-09-29 09:50:39,72.75,3200,72.76,D
sz002409,雅克科技,2025-09-29 09:50:48,72.78,20800,72.72,U
sz002409,雅克科技,2025-09-29 09:50:51,72.72,3300,72.78,D
sz002409,雅克科技,2025-09-29 09:50:57,72.81,3600,72.78,U
sz002409,雅克科技,2025-09-29 09:51:03,72.8,16400,72.8,U
sz002409,雅克科技,2025-09-29 09:51:06,72.81,3500,72.8,U
sz002409,雅克科技,2025-09-29 09:51:12,72.77,3100,72.78,D
sz002409,雅克科技,2025-09-29 09:51:15,72.86,22000,72.77,U
sz002409,雅克科技,2025-09-29 09:51:36,72.82,4700,72.79,U
sz002409,雅克科技,2025-09-29 09:51:39,72.78,4300,72.82,D
sz002409,雅克科技,2025-09-29 09:51:42,72.77,2800,72.78,D
sz002409,雅克科技,2025-09-29 09:51:48,72.77,4100,72.77,U
sz002409,雅克科技,2025-09-29 09:51:51,72.76,8800,72.77,E
sz002409,雅克科技,2025-09-29 09:51:57,72.7,15700,72.75,D
sz002409,雅克科技,2025-09-29 09:52:00,72.68,23200,72.7,D
sz002409,雅克科技,2025-09-29 09:52:06,72.63,3900,72.66,D
sz002409,雅克科技,2025-09-29 09:52:09,72.57,24100,72.63,D
sz002409,雅克科技,2025-09-29 09:52:12,72.62,4200,72.57,U
sz002409,雅克科技,2025-09-29 09:52:21,72.51,4400,72.62,D
sz002409,雅克科技,2025-09-29 09:52:24,72.5,23500,72.51,D
sz002409,雅克科技,2025-09-29 09:52:30,72.4,3900,72.42,D
sz002409,雅克科技,2025-09-29 09:52:33,72.4,6800,72.4,D
sz002409,雅克科技,2025-09-29 09:52:36,72.36,4200,72.4,D
sz002409,雅克科技,2025-09-29 09:52:39,72.3,7500,72.36,D
sz002409,雅克科技,2025-09-29 09:52:42,72.36,26900,72.3,U
sz002409,雅克科技,2025-09-29 09:52:45,72.3,21100,72.36,D
sz002409,雅克科技,2025-09-29 09:52:48,72.29,8600,72.3,D
sz002409,雅克科技,2025-09-29 09:52:51,72.33,5800,72.29,E
sz002409,雅克科技,2025-09-29 09:52:54,72.29,7100,72.33,D
sz002409,雅克科技,2025-09-29 09:52:57,72.29,12000,72.29,U
sz002409,雅克科技,2025-09-29 09:53:00,72.29,7000,72.29,D
sz002409,雅克科技,2025-09-29 09:53:03,72.38,11900,72.29,U
sz002409,雅克科技,2025-09-29 09:53:06,72.42,22100,72.38,U
sz002409,雅克科技,2025-09-29 09:53:09,72.36,3000,72.42,E
sz002409,雅克科技,2025-09-29 09:53:15,72.42,8300,72.42,D
sz002409,雅克科技,2025-09-29 09:53:21,72.38,2800,72.37,U
sz002409,雅克科技,2025-09-29 09:53:30,72.39,3800,72.39,D
sz002409,雅克科技,2025-09-29 09:53:33,72.4,11300,72.39,U
sz002409,雅克科技,2025-09-29 09:53:36,72.39,17900,72.4,E
sz002409,雅克科技,2025-09-29 09:53:45,72.36,3000,72.37,E
sz002409,雅克科技,2025-09-29 09:53:54,72.33,8500,72.35,D
sz002409,雅克科技,2025-09-29 09:54:00,72.33,19900,72.29,U
sz002409,雅克科技,2025-09-29 09:54:03,72.34,6700,72.33,D
sz002409,雅克科技,2025-09-29 09:54:06,72.34,2900,72.34,D
sz002409,雅克科技,2025-09-29 09:54:09,72.41,20200,72.34,U
sz002409,雅克科技,2025-09-29 09:54:12,72.41,11300,72.41,D
sz002409,雅克科技,2025-09-29 09:54:15,72.38,10000,72.41,D
sz002409,雅克科技,2025-09-29 09:54:18,72.34,28200,72.38,D
sz002409,雅克科技,2025-09-29 09:54:24,72.2,35000,72.3,D
sz002409,雅克科技,2025-09-29 09:54:27,72.27,3400,72.2,U
sz002409,雅克科技,2025-09-29 09:54:30,72.2,2900,72.27,D
sz002409,雅克科技,2025-09-29 09:54:36,72.2,3100,72.22,D
sz002409,雅克科技,2025-09-29 09:54:42,72.16,8000,72.2,D
sz002409,雅克科技,2025-09-29 09:54:45,72.18,16600,72.16,U
sz002409,雅克科技,2025-09-29 09:54:48,72.18,4800,72.18,D
sz002409,雅克科技,2025-09-29 09:54:51,72.18,9100,72.18,D
sz002409,雅克科技,2025-09-29 09:54:54,72.18,29900,72.18,D
sz002409,雅克科技,2025-09-29 09:54:57,72.18,27700,72.18,D
sz002409,雅克科技,2025-09-29 09:55:00,72.18,6600,72.18,D
sz002409,雅克科技,2025-09-29 09:55:03,72.18,7800,72.18,D
sz002409,雅克科技,2025-09-29 09:55:06,72.21,15600,72.18,U
sz002409,雅克科技,2025-09-29 09:55:09,72.21,11300,72.21,D
sz002409,雅克科技,2025-09-29 09:55:12,72.18,9300,72.21,D
sz002409,雅克科技,2025-09-29 09:55:15,72.16,6100,72.18,D
sz002409,雅克科技,2025-09-29 09:55:21,72.21,5300,72.16,U
sz002409,雅克科技,2025-09-29 09:55:30,72.16,7400,72.2,D
sz002409,雅克科技,2025-09-29 09:55:33,72.19,6900,72.16,E
sz002409,雅克科技,2025-09-29 09:55:39,72.18,4800,72.16,U
sz002409,雅克科技,2025-09-29 09:55:42,72.14,9400,72.18,D
sz002409,雅克科技,2025-09-29 09:55:51,72.1,10900,72.14,D
sz002409,雅克科技,2025-09-29 09:55:54,72.06,12300,72.1,D
sz002409,雅克科技,2025-09-29 09:56:03,72.0,14800,72.05,D
sz002409,雅克科技,2025-09-29 09:56:06,71.98,37100,72.0,D
sz002409,雅克科技,2025-09-29 09:56:12,72.0,11800,71.96,U
sz002409,雅克科技,2025-09-29 09:56:15,71.91,51300,72.0,D
sz002409,雅克科技,2025-09-29 09:56:18,71.91,6200,71.91,D
sz002409,雅克科技,2025-09-29 09:56:21,71.91,4900,71.91,D
sz002409,雅克科技,2025-09-29 09:56:24,71.88,5700,71.91,D
sz002409,雅克科技,2025-09-29 09:56:27,71.88,3800,71.88,D
sz002409,雅克科技,2025-09-29 09:56:30,71.87,16800,71.88,E
sz002409,雅克科技,2025-09-29 09:56:33,71.83,16700,71.87,D
sz002409,雅克科技,2025-09-29 09:56:36,71.83,13100,71.83,D
sz002409,雅克科技,2025-09-29 09:56:39,71.84,8700,71.83,D
sz002409,雅克科技,2025-09-29 09:56:42,71.91,20000,71.84,U
sz002409,雅克科技,2025-09-29 09:56:45,71.87,7700,71.91,E
sz002409,雅克科技,2025-09-29 09:56:51,71.91,5500,71.87,U
sz002409,雅克科技,2025-09-29 09:56:54,71.88,3400,71.91,D
sz002409,雅克科技,2025-09-29 09:56:57,71.88,6700,71.88,D
sz002409,雅克科技,2025-09-29 09:57:00,71.89,24900,71.88,E
sz002409,雅克科技,2025-09-29 09:57:03,71.91,12600,71.89,D
sz002409,雅克科技,2025-09-29 09:57:06,72.05,5200,71.91,U
sz002409,雅克科技,2025-09-29 09:57:15,72.04,5600,72.06,D
sz002409,雅克科技,2025-09-29 09:57:18,71.99,4800,72.04,D
sz002409,雅克科技,2025-09-29 09:57:21,71.97,12400,71.99,D
sz002409,雅克科技,2025-09-29 09:57:30,72.03,3000,71.98,U
sz002409,雅克科技,2025-09-29 09:57:33,71.99,8600,72.03,D
sz002409,雅克科技,2025-09-29 09:57:36,72.05,76400,71.99,U
sz002409,雅克科技,2025-09-29 09:58:00,72.03,4800,72.04,D
sz002409,雅克科技,2025-09-29 09:58:03,72.11,3300,72.03,E
sz002409,雅克科技,2025-09-29 09:58:06,72.03,10800,72.11,D
sz002409,雅克科技,2025-09-29 09:58:09,72.03,12900,72.03,E
sz002409,雅克科技,2025-09-29 09:58:12,72.03,5200,72.03,U
sz002409,雅克科技,2025-09-29 09:58:15,71.97,14800,72.03,D
sz002409,雅克科技,2025-09-29 09:58:24,71.94,5800,71.96,D
sz002409,雅克科技,2025-09-29 09:58:30,71.88,23700,71.91,D
sz002409,雅克科技,2025-09-29 09:58:33,72.01,36600,71.88,U
sz002409,雅克科技,2025-09-29 09:58:36,72.13,6200,72.01,U
sz002409,雅克科技,2025-09-29 09:58:39,72.18,14500,72.13,U
sz002409,雅克科技,2025-09-29 09:58:45,72.2,4400,72.11,U
sz002409,雅克科技,2025-09-29 09:58:51,72.2,3600,72.2,U
sz002409,雅克科技,2025-09-29 09:58:57,72.2,3200,72.2,D
sz002409,雅克科技,2025-09-29 09:59:00,72.25,3900,72.2,U
sz002409,雅克科技,2025-09-29 09:59:03,72.28,13200,72.25,U
sz002409,雅克科技,2025-09-29 09:59:06,72.31,3500,72.28,U
sz002409,雅克科技,2025-09-29 09:59:15,72.3,3200,72.27,D
sz002409,雅克科技,2025-09-29 09:59:18,72.34,4200,72.3,U
sz002409,雅克科技,2025-09-29 09:59:21,72.32,5200,72.34,E
sz002409,雅克科技,2025-09-29 09:59:24,72.33,6400,72.32,U
sz002409,雅克科技,2025-09-29 09:59:27,72.5,9100,72.33,U
sz002409,雅克科技,2025-09-29 09:59:30,72.4,3200,72.5,D
sz002409,雅克科技,2025-09-29 09:59:36,72.38,8900,72.47,D
sz002409,雅克科技,2025-09-29 09:59:39,72.4,3200,72.38,U
sz002409,雅克科技,2025-09-29 09:59:42,72.4,2800,72.4,U
sz002409,雅克科技,2025-09-29 09:59:45,72.37,2800,72.4,D
sz002409,雅克科技,2025-09-29 09:59:48,72.35,4600,72.37,D
sz002409,雅克科技,2025-09-29 09:59:54,72.36,9700,72.36,D
sz002409,雅克科技,2025-09-29 09:59:57,72.39,6300,72.36,U
sz002409,雅克科技,2025-09-29 10:00:06,72.39,11900,72.39,D
sz002409,雅克科技,2025-09-29 10:00:09,72.36,3200,72.39,D
sz002409,雅克科技,2025-09-29 10:00:12,72.35,11800,72.36,D
sz002409,雅克科技,2025-09-29 10:00:15,72.35,3400,72.35,U
sz002409,雅克科技,2025-09-29 10:00:18,72.3,5500,72.35,D
sz002409,雅克科技,2025-09-29 10:00:21,72.3,5400,72.3,U
sz002409,雅克科技,2025-09-29 10:00:30,72.27,3100,72.28,E
sz002409,雅克科技,2025-09-29 10:00:33,72.24,9000,72.27,D
sz002409,雅克科技,2025-09-29 10:00:39,72.15,5800,72.14,E
sz002409,雅克科技,2025-09-29 10:00:45,72.14,5500,72.14,D
sz002409,雅克科技,2025-09-29 10:00:51,72.16,22600,72.16,D
sz002409,雅克科技,2025-09-29 10:00:54,72.15,14800,72.16,D
sz002409,雅克科技,2025-09-29 10:00:57,72.15,2900,72.15,D
sz002409,雅克科技,2025-09-29 10:01:00,72.17,8800,72.15,D
sz002409,雅克科技,2025-09-29 10:01:03,72.17,5100,72.17,D
sz002409,雅克科技,2025-09-29 10:01:15,72.26,8300,72.25,U
sz002409,雅克科技,2025-09-29 10:01:18,72.29,3000,72.26,U
sz002409,雅克科技,2025-09-29 10:01:21,72.3,3500,72.29,U
sz002409,雅克科技,2025-09-29 10:01:24,72.29,2900,72.3,E
sz002409,雅克科技,2025-09-29 10:01:27,72.24,3400,72.29,D
sz002409,雅克科技,2025-09-29 10:01:30,72.22,9000,72.24,D
sz002409,雅克科技,2025-09-29 10:01:33,72.21,5000,72.22,E
sz002409,雅克科技,2025-09-29 10:01:36,72.2,4300,72.21,E
sz002409,雅克科技,2025-09-29 10:01:39,72.19,6000,72.2,E
sz002409,雅克科技,2025-09-29 10:01:45,72.15,4600,72.19,D
sz002409,雅克科技,2025-09-29 10:01:51,72.17,3500,72.17,U
sz002409,雅克科技,2025-09-29 10:01:54,72.15,3200,72.17,D
sz002409,雅克科技,2025-09-29 10:02:00,72.15,4100,72.16,E
sz002409,雅克科技,2025-09-29 10:02:03,72.13,3800,72.15,D
sz002409,雅克科技,2025-09-29 10:02:06,72.15,8700,72.13,U
sz002409,雅克科技,2025-09-29 10:02:12,72.16,3000,72.16,U
sz002409,雅克科技,2025-09-29 10:02:21,72.2,6800,72.16,U
sz002409,雅克科技,2025-09-29 10:02:24,72.3,2900,72.2,U
sz002409,雅克科技,2025-09-29 10:02:30,72.29,10200,72.33,D
sz002409,雅克科技,2025-09-29 10:02:42,72.32,6300,72.32,U
sz002409,雅克科技,2025-09-29 10:02:54,72.25,11500,72.3,D
sz002409,雅克科技,2025-09-29 10:03:06,72.25,3000,72.25,D
sz002409,雅克科技,2025-09-29 10:03:12,72.27,14700,72.28,D
sz002409,雅克科技,2025-09-29 10:03:15,72.27,5000,72.27,U
sz002409,雅克科技,2025-09-29 10:03:30,72.15,8400,72.23,D
sz002409,雅克科技,2025-09-29 10:03:33,72.15,2900,72.15,U
sz002409,雅克科技,2025-09-29 10:03:48,72.09,3200,72.1,D
sz002409,雅克科技,2025-09-29 10:03:51,72.09,3300,72.09,D
sz002409,雅克科技,2025-09-29 10:03:57,72.08,2800,72.08,D
sz002409,雅克科技,2025-09-29 10:04:09,72.06,3400,72.08,D
sz002409,雅克科技,2025-09-29 10:04:21,72.26,23600,72.04,U
sz002409,雅克科技,2025-09-29 10:04:24,72.08,10700,72.26,D
sz002409,雅克科技,2025-09-29 10:04:27,72.09,3100,72.08,D
sz002409,雅克科技,2025-09-29 10:04:33,72.1,7900,72.08,E
sz002409,雅克科技,2025-09-29 10:04:36,72.14,3400,72.1,U
sz002409,雅克科技,2025-09-29 10:04:39,72.15,3300,72.14,E
sz002409,雅克科技,2025-09-29 10:04:45,72.15,12700,72.14,U
sz002409,雅克科技,2025-09-29 10:05:03,72.21,12700,72.25,D
sz002409,雅克科技,2025-09-29 10:05:12,72.24,5900,72.21,U
sz002409,雅克科技,2025-09-29 10:05:15,72.11,31400,72.24,D
sz002409,雅克科技,2025-09-29 10:05:24,72.12,5200,72.19,D
sz002409,雅克科技,2025-09-29 10:05:33,72.19,2900,72.18,U
sz002409,雅克科技,2025-09-29 10:05:39,72.2,9900,72.18,U
sz002409,雅克科技,2025-09-29 10:05:45,72.2,4100,72.21,D
sz002409,雅克科技,2025-09-29 10:05:48,72.25,11900,72.2,U
sz002409,雅克科技,2025-09-29 10:06:00,72.23,10000,72.27,D
sz002409,雅克科技,2025-09-29 10:06:03,72.27,3200,72.23,E
sz002409,雅克科技,2025-09-29 10:06:09,72.28,3200,72.27,U
sz002409,雅克科技,2025-09-29 10:06:21,72.28,3600,72.3,D
sz002409,雅克科技,2025-09-29 10:06:24,72.31,11300,72.28,U
sz002409,雅克科技,2025-09-29 10:06:30,72.36,3200,72.32,U
sz002409,雅克科技,2025-09-29 10:06:33,72.4,3900,72.36,U
sz002409,雅克科技,2025-09-29 10:06:36,72.42,3800,72.4,U
sz002409,雅克科技,2025-09-29 10:06:39,72.36,11400,72.42,D
sz002409,雅克科技,2025-09-29 10:06:54,72.32,14600,72.32,D
sz002409,雅克科技,2025-09-29 10:06:57,72.28,33400,72.32,D
sz002409,雅克科技,2025-09-29 10:07:06,72.12,17500,72.3,D
sz002409,雅克科技,2025-09-29 10:07:09,72.16,3000,72.12,U
sz002409,雅克科技,2025-09-29 10:07:24,72.05,2900,72.09,D
sz002409,雅克科技,2025-09-29 10:07:27,72.0,12800,72.05,D
sz002409,雅克科技,2025-09-29 10:07:42,72.07,7700,72.0,U
sz002409,雅克科技,2025-09-29 10:07:45,72.04,3700,72.07,D
sz002409,雅克科技,2025-09-29 10:07:48,72.04,2800,72.04,D
sz002409,雅克科技,2025-09-29 10:07:51,72.04,3000,72.04,D
sz002409,雅克科技,2025-09-29 10:08:00,72.09,3800,72.04,U
sz002409,雅克科技,2025-09-29 10:08:03,72.11,10193,72.09,U
sz002409,雅克科技,2025-09-29 10:08:06,72.18,5200,72.11,U
sz002409,雅克科技,2025-09-29 10:08:09,72.11,4700,72.18,E
sz002409,雅克科技,2025-09-29 10:08:36,72.22,5100,72.22,D
sz002409,雅克科技,2025-09-29 10:08:42,72.24,5800,72.24,U
sz002409,雅克科技,2025-09-29 10:08:45,72.18,3300,72.24,D
sz002409,雅克科技,2025-09-29 10:08:48,72.18,3800,72.18,U
sz002409,雅克科技,2025-09-29 10:08:51,72.18,5900,72.18,U
sz002409,雅克科技,2025-09-29 10:08:57,72.11,15400,72.18,D
sz002409,雅克科技,2025-09-29 10:09:00,72.12,6300,72.11,U
sz002409,雅克科技,2025-09-29 10:09:03,72.09,11300,72.12,D
sz002409,雅克科技,2025-09-29 10:09:15,72.02,4500,72.05,D
sz002409,雅克科技,2025-09-29 10:09:24,72.0,3800,72.03,D
sz002409,雅克科技,2025-09-29 10:09:27,72.0,3200,72.0,D
sz002409,雅克科技,2025-09-29 10:09:36,71.94,5100,71.99,D
sz002409,雅克科技,2025-09-29 10:09:45,71.98,21700,71.98,U
sz002409,雅克科技,2025-09-29 10:09:48,71.99,17700,71.98,U
sz002409,雅克科技,2025-09-29 10:09:51,71.98,3700,71.99,D
sz002409,雅克科技,2025-09-29 10:10:00,72.04,11100,71.99,U
sz002409,雅克科技,2025-09-29 10:10:03,72.05,12300,72.04,U
sz002409,雅克科技,2025-09-29 10:10:06,72.03,3700,72.05,D
sz002409,雅克科技,2025-09-29 10:10:24,72.11,3400,72.1,U
sz002409,雅克科技,2025-09-29 10:10:39,72.1,5200,72.11,D
sz002409,雅克科技,2025-09-29 10:10:42,72.14,6200,72.1,U
sz002409,雅克科技,2025-09-29 10:10:45,72.16,4500,72.14,U
sz002409,雅克科技,2025-09-29 10:11:00,72.27,15800,72.2,U
sz002409,雅克科技,2025-09-29 10:11:09,72.29,3700,72.3,D
sz002409,雅克科技,2025-09-29 10:11:15,72.29,4100,72.29,D
sz002409,雅克科技,2025-09-29 10:11:21,72.27,2900,72.27,D
sz002409,雅克科技,2025-09-29 10:11:30,72.29,3400,72.3,D
sz002409,雅克科技,2025-09-29 10:11:51,72.3,9100,72.27,U
sz002409,雅克科技,2025-09-29 10:11:54,72.3,4100,72.3,U
sz002409,雅克科技,2025-09-29 10:12:00,72.3,3100,72.3,U
sz002409,雅克科技,2025-09-29 10:12:03,72.14,42700,72.3,D
sz002409,雅克科技,2025-09-29 10:12:09,72.13,2800,72.12,D
sz002409,雅克科技,2025-09-29 10:12:24,72.2,3200,72.14,D
sz002409,雅克科技,2025-09-29 10:12:39,72.19,4200,72.2,D
sz002409,雅克科技,2025-09-29 10:12:51,72.22,8500,72.19,U
sz002409,雅克科技,2025-09-29 10:12:54,72.2,5200,72.22,D
sz002409,雅克科技,2025-09-29 10:12:57,72.25,6900,72.2,U
sz002409,雅克科技,2025-09-29 10:13:09,72.21,3700,72.21,D
sz002409,雅克科技,2025-09-29 10:13:12,72.2,4800,72.21,D
sz002409,雅克科技,2025-09-29 10:13:33,72.31,11200,72.25,U
sz002409,雅克科技,2025-09-29 10:13:36,72.33,11500,72.31,U
sz002409,雅克科技,2025-09-29 10:13:39,72.33,3100,72.33,U
sz002409,雅克科技,2025-09-29 10:14:03,72.38,3800,72.37,U
sz002409,雅克科技,2025-09-29 10:14:06,72.39,4600,72.38,U
sz002409,雅克科技,2025-09-29 10:14:09,72.37,4700,72.39,D
sz002409,雅克科技,2025-09-29 10:14:15,72.45,6100,72.42,U
sz002409,雅克科技,2025-09-29 10:14:18,72.38,3300,72.45,D
sz002409,雅克科技,2025-09-29 10:14:30,72.49,3600,72.45,U
sz002409,雅克科技,2025-09-29 10:14:39,72.42,4200,72.47,D
sz002409,雅克科技,2025-09-29 10:14:42,72.42,5400,72.42,D
sz002409,雅克科技,2025-09-29 10:14:45,72.44,6000,72.42,U
sz002409,雅克科技,2025-09-29 10:15:00,72.37,22600,72.4,D
sz002409,雅克科技,2025-09-29 10:15:36,72.4,14700,72.42,D
sz002409,雅克科技,2025-09-29 10:15:39,72.41,4600,72.4,U
sz002409,雅克科技,2025-09-29 10:15:42,72.41,5000,72.41,U
sz002409,雅克科技,2025-09-29 10:15:57,72.41,9400,72.44,D
sz002409,雅克科技,2025-09-29 10:16:00,72.47,3000,72.41,U
sz002409,雅克科技,2025-09-29 10:16:09,72.44,6400,72.45,D
sz002409,雅克科技,2025-09-29 10:16:12,72.43,10100,72.44,U
sz002409,雅克科技,2025-09-29 10:16:15,72.43,5600,72.43,D
sz002409,雅克科技,2025-09-29 10:16:33,72.43,11000,72.43,D
sz002409,雅克科技,2025-09-29 10:16:36,72.38,16900,72.43,D
sz002409,雅克科技,2025-09-29 10:16:42,72.39,4700,72.36,U
sz002409,雅克科技,2025-09-29 10:16:45,72.36,5900,72.39,D
sz002409,雅克科技,2025-09-29 10:16:48,72.36,10400,72.36,D
sz002409,雅克科技,2025-09-29 10:16:51,72.36,3000,72.36,D
sz002409,雅克科技,2025-09-29 10:16:54,72.36,3000,72.36,D
sz002409,雅克科技,2025-09-29 10:17:12,72.4,8800,72.35,U
sz002409,雅克科技,2025-09-29 10:17:15,72.46,6600,72.4,U
sz002409,雅克科技,2025-09-29 10:17:18,72.48,10500,72.46,U
sz002409,雅克科技,2025-09-29 10:17:21,72.5,9500,72.48,U
sz002409,雅克科技,2025-09-29 10:17:24,72.53,4000,72.5,U
sz002409,雅克科技,2025-09-29 10:17:27,72.55,3700,72.53,U
sz002409,雅克科技,2025-09-29 10:17:30,72.51,4500,72.55,D
sz002409,雅克科技,2025-09-29 10:17:33,72.55,4600,72.51,U
sz002409,雅克科技,2025-09-29 10:17:36,72.59,3200,72.55,U
sz002409,雅克科技,2025-09-29 10:17:39,72.6,3500,72.59,U
sz002409,雅克科技,2025-09-29 10:17:48,72.46,83000,72.61,D
sz002409,雅克科技,2025-09-29 10:17:51,72.53,2900,72.46,U
sz002409,雅克科技,2025-09-29 10:18:09,72.43,4400,72.43,D
sz002409,雅克科技,2025-09-29 10:18:12,72.43,9100,72.43,U
sz002409,雅克科技,2025-09-29 10:18:15,72.44,4800,72.43,U
sz002409,雅克科技,2025-09-29 10:18:18,72.45,9700,72.44,E
sz002409,雅克科技,2025-09-29 10:18:33,72.52,9400,72.55,D
sz002409,雅克科技,2025-09-29 10:18:48,72.56,3500,72.55,U
sz002409,雅克科技,2025-09-29 10:19:03,72.51,6300,72.55,D
sz002409,雅克科技,2025-09-29 10:19:15,72.47,62200,72.53,D
sz002409,雅克科技,2025-09-29 10:19:33,72.49,3800,72.47,U
sz002409,雅克科技,2025-09-29 10:19:45,72.53,8400,72.5,U
sz002409,雅克科技,2025-09-29 10:19:48,72.55,3400,72.53,U
sz002409,雅克科技,2025-09-29 10:20:03,72.5,8100,72.55,D
sz002409,雅克科技,2025-09-29 10:20:06,72.48,35400,72.5,D
sz002409,雅克科技,2025-09-29 10:20:09,72.48,15700,72.48,D
sz002409,雅克科技,2025-09-29 10:20:12,72.48,19900,72.48,D
sz002409,雅克科技,2025-09-29 10:20:15,72.56,12300,72.48,U
sz002409,雅克科技,2025-09-29 10:20:21,72.48,5600,72.56,D
sz002409,雅克科技,2025-09-29 10:20:39,72.54,4500,72.51,E
sz002409,雅克科技,2025-09-29 10:20:42,72.54,5000,72.54,D
sz002409,雅克科技,2025-09-29 10:20:57,72.61,32600,72.55,U
sz002409,雅克科技,2025-09-29 10:21:06,72.68,5326,72.66,U
sz002409,雅克科技,2025-09-29 10:21:09,72.66,8100,72.68,D
sz002409,雅克科技,2025-09-29 10:21:15,72.68,6874,72.66,U
sz002409,雅克科技,2025-09-29 10:21:18,72.63,5200,72.68,D
sz002409,雅克科技,2025-09-29 10:21:51,72.67,6200,72.69,D
sz002409,雅克科技,2025-09-29 10:21:57,72.66,4300,72.68,E
sz002409,雅克科技,2025-09-29 10:22:00,72.65,3000,72.66,E
sz002409,雅克科技,2025-09-29 10:22:03,72.64,11400,72.65,D
sz002409,雅克科技,2025-09-29 10:22:48,72.7,8900,72.66,U
sz002409,雅克科技,2025-09-29 10:22:54,72.76,4500,72.75,U
sz002409,雅克科技,2025-09-29 10:23:03,72.75,2800,72.76,D
sz002409,雅克科技,2025-09-29 10:23:15,72.75,3200,72.77,D
sz002409,雅克科技,2025-09-29 10:23:27,72.8,4800,72.79,U
sz002409,雅克科技,2025-09-29 10:23:33,72.81,6500,72.8,U
sz002409,雅克科技,2025-09-29 10:23:51,72.98,4200,72.88,U
sz002409,雅克科技,2025-09-29 10:23:57,72.99,3400,72.99,U
sz002409,雅克科技,2025-09-29 10:24:00,72.94,8800,72.99,D
sz002409,雅克科技,2025-09-29 10:24:03,72.95,3400,72.94,E
sz002409,雅克科技,2025-09-29 10:24:09,73.05,61800,72.95,U
sz002409,雅克科技,2025-09-29 10:24:12,73.09,4000,73.05,U
sz002409,雅克科技,2025-09-29 10:24:15,73.05,4100,73.09,D
sz002409,雅克科技,2025-09-29 10:24:18,73.12,3300,73.05,U
sz002409,雅克科技,2025-09-29 10:24:30,73.09,3500,73.1,D
sz002409,雅克科技,2025-09-29 10:24:36,73.09,10800,73.11,D
sz002409,雅克科技,2025-09-29 10:25:03,73.13,3300,73.11,U
sz002409,雅克科技,2025-09-29 10:25:09,73.09,3300,73.09,D
sz002409,雅克科技,2025-09-29 10:25:12,73.08,4100,73.09,D
sz002409,雅克科技,2025-09-29 10:25:15,73.15,6300,73.08,U
sz002409,雅克科技,2025-09-29 10:25:30,73.13,5600,73.15,D
sz002409,雅克科技,2025-09-29 10:25:39,73.17,3900,73.16,U
sz002409,雅克科技,2025-09-29 10:25:45,73.16,2800,73.17,U
sz002409,雅克科技,2025-09-29 10:25:51,73.25,26000,73.17,U
sz002409,雅克科技,2025-09-29 10:25:54,73.23,9300,73.25,D
sz002409,雅克科技,2025-09-29 10:25:57,73.25,6300,73.23,U
sz002409,雅克科技,2025-09-29 10:26:00,73.21,5400,73.25,E
sz002409,雅克科技,2025-09-29 10:26:03,73.25,8100,73.21,E
sz002409,雅克科技,2025-09-29 10:26:06,73.25,7000,73.25,U
sz002409,雅克科技,2025-09-29 10:26:12,73.16,8200,73.23,D
sz002409,雅克科技,2025-09-29 10:26:15,73.13,5800,73.16,D
sz002409,雅克科技,2025-09-29 10:26:21,73.13,3600,73.16,D
sz002409,雅克科技,2025-09-29 10:26:24,73.1,3400,73.13,D
sz002409,雅克科技,2025-09-29 10:26:33,73.12,3600,73.08,U
sz002409,雅克科技,2025-09-29 10:26:45,73.06,6300,73.08,U
sz002409,雅克科技,2025-09-29 10:26:54,73.08,18700,73.05,U
sz002409,雅克科技,2025-09-29 10:26:57,73.16,16600,73.08,U
sz002409,雅克科技,2025-09-29 10:27:03,73.11,3500,73.17,D
sz002409,雅克科技,2025-09-29 10:27:15,73.11,3200,73.12,D
sz002409,雅克科技,2025-09-29 10:27:24,73.12,6700,73.12,U
sz002409,雅克科技,2025-09-29 10:27:36,73.15,7600,73.16,E
sz002409,雅克科技,2025-09-29 10:27:39,73.13,9600,73.15,D
sz002409,雅克科技,2025-09-29 10:27:45,73.12,5800,73.12,D
sz002409,雅克科技,2025-09-29 10:27:54,73.12,4300,73.12,U
sz002409,雅克科技,2025-09-29 10:28:00,73.0,9800,73.1,D
sz002409,雅克科技,2025-09-29 10:28:33,72.98,2900,72.97,U
sz002409,雅克科技,2025-09-29 10:28:39,72.98,3400,72.95,U
sz002409,雅克科技,2025-09-29 10:28:45,72.94,2800,72.95,D
sz002409,雅克科技,2025-09-29 10:28:51,72.95,11200,72.93,U
sz002409,雅克科技,2025-09-29 10:28:54,72.94,5000,72.95,D
sz002409,雅克科技,2025-09-29 10:29:21,73.01,9200,73.0,U
sz002409,雅克科技,2025-09-29 10:29:39,73.02,7000,73.07,D
sz002409,雅克科技,2025-09-29 10:29:42,72.97,7900,73.02,D
sz002409,雅克科技,2025-09-29 10:29:45,72.96,3400,72.97,D
sz002409,雅克科技,2025-09-29 10:29:57,72.96,6700,72.99,D
sz002409,雅克科技,2025-09-29 10:30:00,72.96,3900,72.96,D
sz002409,雅克科技,2025-09-29 10:30:03,72.95,2800,72.96,D
sz002409,雅克科技,2025-09-29 10:30:09,72.95,5500,72.94,U
sz002409,雅克科技,2025-09-29 10:30:12,72.93,10100,72.95,D
sz002409,雅克科技,2025-09-29 10:30:15,72.88,4900,72.93,D
sz002409,雅克科技,2025-09-29 10:30:27,72.86,5300,72.86,E
sz002409,雅克科技,2025-09-29 10:30:33,72.91,3100,72.85,U
sz002409,雅克科技,2025-09-29 10:30:48,72.77,7100,72.87,D
sz002409,雅克科技,2025-09-29 10:30:54,72.82,4400,72.77,U
sz002409,雅克科技,2025-09-29 10:31:03,72.8,9900,72.77,U
sz002409,雅克科技,2025-09-29 10:31:06,72.81,7500,72.8,E
sz002409,雅克科技,2025-09-29 10:31:21,72.82,16400,72.82,U
sz002409,雅克科技,2025-09-29 10:31:30,72.91,10300,72.83,U
sz002409,雅克科技,2025-09-29 10:31:42,72.87,4300,72.83,U
sz002409,雅克科技,2025-09-29 10:31:45,72.8,6600,72.87,D
sz002409,雅克科技,2025-09-29 10:31:57,72.81,5300,72.8,U
sz002409,雅克科技,2025-09-29 10:32:03,72.75,21600,72.81,D
sz002409,雅克科技,2025-09-29 10:32:27,72.67,5900,72.72,D
sz002409,雅克科技,2025-09-29 10:32:45,72.61,3400,72.64,D
sz002409,雅克科技,2025-09-29 10:32:48,72.62,3800,72.61,U
sz002409,雅克科技,2025-09-29 10:32:54,72.66,2900,72.63,U
sz002409,雅克科技,2025-09-29 10:32:57,72.66,5200,72.66,U
sz002409,雅克科技,2025-09-29 10:33:00,72.66,3100,72.66,U
sz002409,雅克科技,2025-09-29 10:33:12,72.62,18600,72.67,D
sz002409,雅克科技,2025-09-29 10:33:18,72.51,5500,72.65,D
sz002409,雅克科技,2025-09-29 10:33:21,72.49,7300,72.51,D
sz002409,雅克科技,2025-09-29 10:33:24,72.5,15800,72.49,E
sz002409,雅克科技,2025-09-29 10:33:30,72.46,6300,72.46,U
sz002409,雅克科技,2025-09-29 10:33:39,72.46,19300,72.46,D
sz002409,雅克科技,2025-09-29 10:33:42,72.5,20500,72.46,U
sz002409,雅克科技,2025-09-29 10:33:45,72.51,12100,72.5,U
sz002409,雅克科技,2025-09-29 10:33:51,72.55,5100,72.52,U
sz002409,雅克科技,2025-09-29 10:33:54,72.5,29500,72.55,D
sz002409,雅克科技,2025-09-29 10:33:57,72.51,2900,72.5,E
sz002409,雅克科技,2025-09-29 10:34:03,72.42,4900,72.48,D
sz002409,雅克科技,2025-09-29 10:34:24,72.5,7700,72.42,U
sz002409,雅克科技,2025-09-29 10:34:27,72.5,4700,72.5,D
sz002409,雅克科技,2025-09-29 10:34:30,72.55,3900,72.5,U
sz002409,雅克科技,2025-09-29 10:35:03,72.68,2800,72.69,D
sz002409,雅克科技,2025-09-29 10:35:06,72.68,6300,72.68,D
sz002409,雅克科技,2025-09-29 10:35:09,72.67,4100,72.68,D
sz002409,雅克科技,2025-09-29 10:35:24,72.88,3300,72.85,E
sz002409,雅克科技,2025-09-29 10:35:33,72.89,8500,72.9,D
sz002409,雅克科技,2025-09-29 10:35:42,72.96,4500,72.92,U
sz002409,雅克科技,2025-09-29 10:35:45,72.99,3200,72.96,U
sz002409,雅克科技,2025-09-29 10:35:51,72.99,2800,72.99,U
sz002409,雅克科技,2025-09-29 10:35:57,73.0,8400,72.99,U
sz002409,雅克科技,2025-09-29 10:36:03,73.0,6000,73.0,U
sz002409,雅克科技,2025-09-29 10:36:06,73.0,9900,73.0,U
sz002409,雅克科技,2025-09-29 10:36:21,73.05,9200,73.09,D
sz002409,雅克科技,2025-09-29 10:36:27,73.06,3000,73.08,E
sz002409,雅克科技,2025-09-29 10:36:30,73.04,4900,73.06,E
sz002409,雅克科技,2025-09-29 10:36:36,73.0,7000,73.04,D
sz002409,雅克科技,2025-09-29 10:36:57,73.07,8400,73.06,U
sz002409,雅克科技,2025-09-29 10:37:00,73.08,3700,73.07,U
sz002409,雅克科技,2025-09-29 10:37:06,73.06,9000,73.04,U
sz002409,雅克科技,2025-09-29 10:37:15,73.06,3500,73.06,D
sz002409,雅克科技,2025-09-29 10:37:21,72.99,8100,73.06,D
sz002409,雅克科技,2025-09-29 10:37:24,73.0,7000,72.99,U
sz002409,雅克科技,2025-09-29 10:37:27,73.0,5400,73.0,U
sz002409,雅克科技,2025-09-29 10:37:33,73.03,2800,73.01,U
sz002409,雅克科技,2025-09-29 10:38:00,72.98,2900,73.0,D
sz002409,雅克科技,2025-09-29 10:38:27,72.89,8700,72.95,D
sz002409,雅克科技,2025-09-29 10:38:30,72.95,4000,72.89,U
sz002409,雅克科技,2025-09-29 10:38:39,72.88,5100,72.89,D
sz002409,雅克科技,2025-09-29 10:39:00,72.94,4100,72.88,U
sz002409,雅克科技,2025-09-29 10:39:15,72.87,4100,72.88,D
sz002409,雅克科技,2025-09-29 10:39:48,72.92,3500,72.9,U
sz002409,雅克科技,2025-09-29 10:39:51,72.93,4000,72.92,U
sz002409,雅克科技,2025-09-29 10:40:00,72.93,4300,72.93,D
sz002409,雅克科技,2025-09-29 10:40:03,72.93,6100,72.93,E
sz002409,雅克科技,2025-09-29 10:40:09,72.85,21700,72.94,D
sz002409,雅克科技,2025-09-29 10:40:12,72.93,4300,72.85,U
sz002409,雅克科技,2025-09-29 10:40:18,72.85,3200,72.91,D
sz002409,雅克科技,2025-09-29 10:40:39,72.77,8800,72.87,D
sz002409,雅克科技,2025-09-29 10:40:42,72.76,3200,72.77,D
sz002409,雅克科技,2025-09-29 10:41:06,72.83,3100,72.76,U
sz002409,雅克科技,2025-09-29 10:41:24,72.8,6300,72.81,D
sz002409,雅克科技,2025-09-29 10:41:27,72.83,4500,72.8,E
sz002409,雅克科技,2025-09-29 10:42:00,72.83,3700,72.84,D
sz002409,雅克科技,2025-09-29 10:42:03,72.8,12200,72.83,D
sz002409,雅克科技,2025-09-29 10:42:06,72.85,10000,72.8,U
sz002409,雅克科技,2025-09-29 10:42:24,72.82,3300,72.82,D
sz002409,雅克科技,2025-09-29 10:42:27,72.82,6100,72.82,D
sz002409,雅克科技,2025-09-29 10:42:30,72.82,4900,72.82,U
sz002409,雅克科技,2025-09-29 10:42:33,72.84,3100,72.82,U
sz002409,雅克科技,2025-09-29 10:42:39,72.82,2900,72.81,U
sz002409,雅克科技,2025-09-29 10:42:42,72.84,7300,72.82,U
sz002409,雅克科技,2025-09-29 10:42:45,72.77,10000,72.84,D
sz002409,雅克科技,2025-09-29 10:42:51,72.76,3900,72.76,D
sz002409,雅克科技,2025-09-29 10:44:00,72.8,3800,72.8,U
sz002409,雅克科技,2025-09-29 10:44:03,72.82,12700,72.8,U
sz002409,雅克科技,2025-09-29 10:44:06,72.84,11000,72.82,U
sz002409,雅克科技,2025-09-29 10:44:18,72.86,4400,72.91,D
sz002409,雅克科技,2025-09-29 10:44:21,72.83,7300,72.86,D
sz002409,雅克科技,2025-09-29 10:44:36,72.88,3300,72.88,U
sz002409,雅克科技,2025-09-29 10:44:42,72.83,3800,72.85,D
sz002409,雅克科技,2025-09-29 10:44:45,72.88,7000,72.83,U
sz002409,雅克科技,2025-09-29 10:45:03,72.78,11900,72.88,D
sz002409,雅克科技,2025-09-29 10:45:06,72.83,5000,72.78,U
sz002409,雅克科技,2025-09-29 10:45:33,72.82,6100,72.82,U
sz002409,雅克科技,2025-09-29 10:45:42,72.82,17100,72.82,U
sz002409,雅克科技,2025-09-29 10:45:48,72.81,3400,72.82,D
sz002409,雅克科技,2025-09-29 10:46:00,72.88,4900,72.86,U
sz002409,雅克科技,2025-09-29 10:46:12,72.84,15100,72.84,E
sz002409,雅克科技,2025-09-29 10:46:30,72.83,5100,72.86,D
sz002409,雅克科技,2025-09-29 10:46:54,72.8,6500,72.84,D
sz002409,雅克科技,2025-09-29 10:47:00,72.78,3700,72.8,D
sz002409,雅克科技,2025-09-29 10:47:03,72.8,3300,72.78,U
sz002409,雅克科技,2025-09-29 10:47:12,72.88,4100,72.84,U
sz002409,雅克科技,2025-09-29 10:47:27,72.86,3700,72.86,D
sz002409,雅克科技,2025-09-29 10:47:45,72.96,4400,72.98,E
sz002409,雅克科技,2025-09-29 10:47:51,72.88,4500,72.89,D
sz002409,雅克科技,2025-09-29 10:47:57,72.79,17900,72.89,D
sz002409,雅克科技,2025-09-29 10:48:00,72.8,3200,72.79,U
sz002409,雅克科技,2025-09-29 10:48:06,72.76,7700,72.8,D
sz002409,雅克科技,2025-09-29 10:48:15,72.79,3700,72.79,U
sz002409,雅克科技,2025-09-29 10:48:24,72.79,5600,72.76,U
sz002409,雅克科技,2025-09-29 10:48:30,72.7,10200,72.72,D
sz002409,雅克科技,2025-09-29 10:48:33,72.71,9400,72.7,U
sz002409,雅克科技,2025-09-29 10:49:03,72.68,5300,72.7,D
sz002409,雅克科技,2025-09-29 10:49:06,72.63,8900,72.68,D
sz002409,雅克科技,2025-09-29 10:49:09,72.69,3100,72.63,U
sz002409,雅克科技,2025-09-29 10:49:27,72.61,3400,72.63,D
sz002409,雅克科技,2025-09-29 10:49:33,72.6,10000,72.63,D
sz002409,雅克科技,2025-09-29 10:49:36,72.57,26200,72.6,D
sz002409,雅克科技,2025-09-29 10:49:48,72.58,9200,72.58,D
sz002409,雅克科技,2025-09-29 10:49:51,72.58,9400,72.58,D
sz002409,雅克科技,2025-09-29 10:50:03,72.69,5600,72.66,U
sz002409,雅克科技,2025-09-29 10:50:15,72.66,3700,72.74,D
sz002409,雅克科技,2025-09-29 10:50:18,72.74,11400,72.66,U
sz002409,雅克科技,2025-09-29 10:50:24,72.75,3100,72.67,U
sz002409,雅克科技,2025-09-29 10:50:39,72.67,3300,72.75,D
sz002409,雅克科技,2025-09-29 10:50:57,72.66,4200,72.7,D
sz002409,雅克科技,2025-09-29 10:51:03,72.67,5400,72.68,D
sz002409,雅克科技,2025-09-29 10:51:09,72.65,3900,72.67,D
sz002409,雅克科技,2025-09-29 10:51:27,72.62,3500,72.65,D
sz002409,雅克科技,2025-09-29 10:51:33,72.63,3700,72.62,U
sz002409,雅克科技,2025-09-29 10:51:51,72.62,14900,72.64,D
sz002409,雅克科技,2025-09-29 10:52:03,72.58,3900,72.62,D
sz002409,雅克科技,2025-09-29 10:52:12,72.62,7100,72.59,U
sz002409,雅克科技,2025-09-29 10:52:15,72.61,12300,72.62,D
sz002409,雅克科技,2025-09-29 10:52:27,72.67,3900,72.75,D
sz002409,雅克科技,2025-09-29 10:52:39,72.65,5600,72.74,D
sz002409,雅克科技,2025-09-29 10:52:45,72.74,2800,72.74,D
sz002409,雅克科技,2025-09-29 10:52:54,72.79,5500,72.71,U
sz002409,雅克科技,2025-09-29 10:53:03,72.65,3900,72.7,D
sz002409,雅克科技,2025-09-29 10:53:27,72.69,3200,72.7,D
sz002409,雅克科技,2025-09-29 10:54:09,72.73,6700,72.8,D
sz002409,雅克科技,2025-09-29 10:54:30,72.75,3000,72.69,U
sz002409,雅克科技,2025-09-29 10:54:48,72.69,3000,72.7,D
sz002409,雅克科技,2025-09-29 10:55:03,72.72,3700,72.73,D
sz002409,雅克科技,2025-09-29 10:55:15,72.71,3800,72.73,D
sz002409,雅克科技,2025-09-29 10:55:18,72.68,7700,72.71,D
sz002409,雅克科技,2025-09-29 10:55:30,72.62,11700,72.66,D
sz002409,雅克科技,2025-09-29 10:55:45,72.6,7000,72.61,D
sz002409,雅克科技,2025-09-29 10:55:51,72.58,4900,72.6,D
sz002409,雅克科技,2025-09-29 10:56:09,72.57,3300,72.56,U
sz002409,雅克科技,2025-09-29 10:56:15,72.56,6400,72.57,D
sz002409,雅克科技,2025-09-29 10:56:33,72.55,5700,72.54,U
sz002409,雅克科技,2025-09-29 10:56:51,72.5,11400,72.55,D
sz002409,雅克科技,2025-09-29 10:57:03,72.54,4600,72.55,E
sz002409,雅克科技,2025-09-29 10:57:09,72.62,5100,72.54,U
sz002409,雅克科技,2025-09-29 10:57:27,72.55,8200,72.66,D
sz002409,雅克科技,2025-09-29 10:57:51,72.58,5100,72.6,D
sz002409,雅克科技,2025-09-29 10:58:00,72.57,3800,72.58,D
sz002409,雅克科技,2025-09-29 10:58:03,72.62,2900,72.57,U
sz002409,雅克科技,2025-09-29 10:58:24,72.68,3100,72.63,U
sz002409,雅克科技,2025-09-29 10:59:06,72.59,10800,72.63,D
sz002409,雅克科技,2025-09-29 10:59:15,72.6,21700,72.59,U
sz002409,雅克科技,2025-09-29 10:59:18,72.58,7400,72.6,D
sz002409,雅克科技,2025-09-29 10:59:21,72.65,5900,72.58,U
sz002409,雅克科技,2025-09-29 10:59:24,72.59,5000,72.65,D
sz002409,雅克科技,2025-09-29 10:59:33,72.69,15500,72.6,U
sz002409,雅克科技,2025-09-29 10:59:36,72.71,9700,72.69,U
sz002409,雅克科技,2025-09-29 10:59:42,72.75,3100,72.72,U
sz002409,雅克科技,2025-09-29 10:59:48,72.73,5200,72.77,D
sz002409,雅克科技,2025-09-29 11:00:12,72.67,2900,72.71,D
sz002409,雅克科技,2025-09-29 11:00:18,72.63,7700,72.67,D
sz002409,雅克科技,2025-09-29 11:00:21,72.72,2900,72.63,U
sz002409,雅克科技,2025-09-29 11:01:00,72.55,23100,72.58,D
sz002409,雅克科技,2025-09-29 11:01:09,72.59,7600,72.59,U
sz002409,雅克科技,2025-09-29 11:02:06,72.56,8300,72.6,D
sz002409,雅克科技,2025-09-29 11:02:33,72.51,12900,72.53,D
sz002409,雅克科技,2025-09-29 11:02:42,72.5,21800,72.51,D
sz002409,雅克科技,2025-09-29 11:02:48,72.51,12300,72.51,U
sz002409,雅克科技,2025-09-29 11:03:00,72.52,10800,72.51,U
sz002409,雅克科技,2025-09-29 11:03:06,72.63,4900,72.62,U
sz002409,雅克科技,2025-09-29 11:04:06,72.59,4700,72.6,D
sz002409,雅克科技,2025-09-29 11:04:12,72.55,13400,72.59,D
sz002409,雅克科技,2025-09-29 11:04:15,72.59,5200,72.55,U
sz002409,雅克科技,2025-09-29 11:04:27,72.5,10600,72.53,D
sz002409,雅克科技,2025-09-29 11:04:30,72.5,4700,72.5,D
sz002409,雅克科技,2025-09-29 11:05:06,72.49,15400,72.5,D
sz002409,雅克科技,2025-09-29 11:05:15,72.5,3700,72.54,D
sz002409,雅克科技,2025-09-29 11:05:18,72.5,3700,72.5,D
sz002409,雅克科技,2025-09-29 11:05:24,72.5,4900,72.53,D
sz002409,雅克科技,2025-09-29 11:05:27,72.54,7300,72.5,U
sz002409,雅克科技,2025-09-29 11:05:30,72.53,7900,72.54,E
sz002409,雅克科技,2025-09-29 11:05:42,72.48,3100,72.48,D
sz002409,雅克科技,2025-09-29 11:05:45,72.48,5400,72.48,D
sz002409,雅克科技,2025-09-29 11:05:57,72.5,6500,72.5,U
sz002409,雅克科技,2025-09-29 11:06:00,72.51,5200,72.5,U
sz002409,雅克科技,2025-09-29 11:06:15,72.51,2800,72.49,U
sz002409,雅克科技,2025-09-29 11:06:21,72.49,3000,72.51,D
sz002409,雅克科技,2025-09-29 11:06:33,72.49,3200,72.48,U
sz002409,雅克科技,2025-09-29 11:06:36,72.47,10200,72.49,D
sz002409,雅克科技,2025-09-29 11:06:39,72.45,5900,72.47,D
sz002409,雅克科技,2025-09-29 11:06:54,72.44,4000,72.46,D
sz002409,雅克科技,2025-09-29 11:07:00,72.48,6500,72.47,U
sz002409,雅克科技,2025-09-29 11:07:03,72.46,35000,72.48,D
sz002409,雅克科技,2025-09-29 11:07:09,72.5,7200,72.49,U
sz002409,雅克科技,2025-09-29 11:07:12,72.53,3520,72.5,U
sz002409,雅克科技,2025-09-29 11:07:30,72.5,3200,72.49,E
sz002409,雅克科技,2025-09-29 11:07:33,72.48,3580,72.5,D
sz002409,雅克科技,2025-09-29 11:07:45,72.5,4200,72.5,U
sz002409,雅克科技,2025-09-29 11:07:51,72.49,8300,72.53,D
sz002409,雅克科技,2025-09-29 11:07:54,72.49,3100,72.49,D
sz002409,雅克科技,2025-09-29 11:07:57,72.5,3500,72.49,U
sz002409,雅克科技,2025-09-29 11:08:00,72.48,18280,72.5,D
sz002409,雅克科技,2025-09-29 11:08:03,72.47,5300,72.48,E
sz002409,雅克科技,2025-09-29 11:08:15,72.43,9100,72.46,D
sz002409,雅克科技,2025-09-29 11:08:27,72.43,3700,72.43,D
sz002409,雅克科技,2025-09-29 11:08:45,72.44,3800,72.45,D
sz002409,雅克科技,2025-09-29 11:08:48,72.44,15900,72.44,D
sz002409,雅克科技,2025-09-29 11:09:03,72.4,2900,72.43,D
sz002409,雅克科技,2025-09-29 11:09:15,72.42,10800,72.43,D
sz002409,雅克科技,2025-09-29 11:09:21,72.38,5300,72.39,D
sz002409,雅克科技,2025-09-29 11:09:27,72.32,4100,72.38,D
sz002409,雅克科技,2025-09-29 11:09:36,72.32,3600,72.32,U
sz002409,雅克科技,2025-09-29 11:09:39,72.3,4300,72.32,D
sz002409,雅克科技,2025-09-29 11:09:42,72.35,11000,72.3,U
sz002409,雅克科技,2025-09-29 11:09:45,72.3,10500,72.35,D
sz002409,雅克科技,2025-09-29 11:09:51,72.3,5600,72.3,D
sz002409,雅克科技,2025-09-29 11:09:54,72.3,2800,72.3,D
sz002409,雅克科技,2025-09-29 11:10:00,72.3,7700,72.29,U
sz002409,雅克科技,2025-09-29 11:10:06,72.27,2800,72.27,D
sz002409,雅克科技,2025-09-29 11:10:09,72.27,3900,72.27,U
sz002409,雅克科技,2025-09-29 11:10:12,72.26,3600,72.27,D
sz002409,雅克科技,2025-09-29 11:10:15,72.27,8300,72.26,E
sz002409,雅克科技,2025-09-29 11:10:24,72.27,4400,72.26,U
sz002409,雅克科技,2025-09-29 11:10:27,72.3,6000,72.27,U
sz002409,雅克科技,2025-09-29 11:10:42,72.26,3400,72.3,D
sz002409,雅克科技,2025-09-29 11:11:00,72.27,2900,72.29,D
sz002409,雅克科技,2025-09-29 11:11:03,72.18,29000,72.27,D
sz002409,雅克科技,2025-09-29 11:11:06,72.16,5800,72.18,D
sz002409,雅克科技,2025-09-29 11:11:42,72.16,2800,72.17,D
sz002409,雅克科技,2025-09-29 11:11:51,72.16,30600,72.17,D
sz002409,雅克科技,2025-09-29 11:12:12,72.11,4900,72.2,D
sz002409,雅克科技,2025-09-29 11:12:21,72.1,25100,72.11,D
sz002409,雅克科技,2025-09-29 11:12:30,72.1,49600,72.09,U
sz002409,雅克科技,2025-09-29 11:12:36,72.09,3400,72.09,U
sz002409,雅克科技,2025-09-29 11:12:45,72.09,5300,72.09,D
sz002409,雅克科技,2025-09-29 11:13:45,72.15,4800,72.18,D
sz002409,雅克科技,2025-09-29 11:14:03,72.14,5400,72.16,D
sz002409,雅克科技,2025-09-29 11:14:42,72.19,13700,72.15,U
sz002409,雅克科技,2025-09-29 11:15:06,72.27,30800,72.24,U
sz002409,雅克科技,2025-09-29 11:15:09,72.27,3700,72.27,D
sz002409,雅克科技,2025-09-29 11:15:24,72.3,6300,72.31,D
sz002409,雅克科技,2025-09-29 11:15:48,72.4,6400,72.44,D
sz002409,雅克科技,2025-09-29 11:16:06,72.4,5800,72.42,D
sz002409,雅克科技,2025-09-29 11:16:12,72.36,4000,72.38,D
sz002409,雅克科技,2025-09-29 11:16:27,72.35,9400,72.35,D
sz002409,雅克科技,2025-09-29 11:16:39,72.35,6100,72.33,U
sz002409,雅克科技,2025-09-29 11:16:54,72.36,4400,72.3,U
sz002409,雅克科技,2025-09-29 11:17:06,72.41,5200,72.4,U
sz002409,雅克科技,2025-09-29 11:17:21,72.4,3400,72.45,D
sz002409,雅克科技,2025-09-29 11:17:42,72.4,4400,72.4,D
sz002409,雅克科技,2025-09-29 11:17:54,72.31,2800,72.39,D
sz002409,雅克科技,2025-09-29 11:18:36,72.27,3000,72.29,D
sz002409,雅克科技,2025-09-29 11:18:45,72.27,2900,72.27,D
sz002409,雅克科技,2025-09-29 11:18:54,72.3,4600,72.27,U
sz002409,雅克科技,2025-09-29 11:18:57,72.26,8700,72.3,D
sz002409,雅克科技,2025-09-29 11:19:00,72.27,8600,72.26,U
sz002409,雅克科技,2025-09-29 11:19:03,72.23,6900,72.27,D
sz002409,雅克科技,2025-09-29 11:19:33,72.25,2900,72.23,U
sz002409,雅克科技,2025-09-29 11:19:57,72.19,5700,72.21,D
sz002409,雅克科技,2025-09-29 11:20:00,72.15,3400,72.19,D
sz002409,雅克科技,2025-09-29 11:20:12,72.15,14500,72.14,U
sz002409,雅克科技,2025-09-29 11:20:18,72.14,5200,72.14,U
sz002409,雅克科技,2025-09-29 11:20:30,72.13,3600,72.15,D
sz002409,雅克科技,2025-09-29 11:20:54,72.1,10800,72.14,D
sz002409,雅克科技,2025-09-29 11:21:06,72.09,9900,72.1,D
sz002409,雅克科技,2025-09-29 11:21:09,72.08,5700,72.09,D
sz002409,雅克科技,2025-09-29 11:21:12,72.08,4400,72.08,D
sz002409,雅克科技,2025-09-29 11:21:24,72.06,8400,72.06,D
sz002409,雅克科技,2025-09-29 11:21:27,72.06,5200,72.06,D
sz002409,雅克科技,2025-09-29 11:21:42,72.05,2900,72.05,D
sz002409,雅克科技,2025-09-29 11:21:48,72.06,2800,72.05,U
sz002409,雅克科技,2025-09-29 11:21:54,72.04,5400,72.07,D
sz002409,雅克科技,2025-09-29 11:22:00,72.08,11200,72.06,U
sz002409,雅克科技,2025-09-29 11:22:09,72.07,3400,72.07,U
sz002409,雅克科技,2025-09-29 11:22:12,72.07,4600,72.07,D
sz002409,雅克科技,2025-09-29 11:22:21,72.03,16500,72.06,D
sz002409,雅克科技,2025-09-29 11:22:30,72.02,6200,72.03,D
sz002409,雅克科技,2025-09-29 11:22:36,72.03,22300,72.03,U
sz002409,雅克科技,2025-09-29 11:22:39,72.01,16800,72.03,D
sz002409,雅克科技,2025-09-29 11:22:51,72.0,6400,72.01,D
sz002409,雅克科技,2025-09-29 11:22:54,72.0,4400,72.0,D
sz002409,雅克科技,2025-09-29 11:22:57,72.07,21000,72.0,U
sz002409,雅克科技,2025-09-29 11:23:03,72.05,3700,72.04,E
sz002409,雅克科技,2025-09-29 11:23:06,72.07,9400,72.05,E
sz002409,雅克科技,2025-09-29 11:23:09,72.07,5700,72.07,D
sz002409,雅克科技,2025-09-29 11:24:00,72.15,3100,72.16,D
sz002409,雅克科技,2025-09-29 11:24:45,72.08,16600,72.09,D
sz002409,雅克科技,2025-09-29 11:24:54,72.05,11400,72.05,D
sz002409,雅克科技,2025-09-29 11:25:18,72.08,16800,72.02,U
sz002409,雅克科技,2025-09-29 11:26:15,72.1,20000,72.06,U
sz002409,雅克科技,2025-09-29 11:26:39,72.07,16300,72.07,D
sz002409,雅克科技,2025-09-29 11:27:00,72.12,3600,72.08,U
sz002409,雅克科技,2025-09-29 11:27:06,72.07,12800,72.06,E
sz002409,雅克科技,2025-09-29 11:27:09,72.11,4500,72.07,E
sz002409,雅克科技,2025-09-29 11:27:57,72.14,5900,72.15,D
sz002409,雅克科技,2025-09-29 11:28:48,72.08,3600,72.08,D
sz002409,雅克科技,2025-09-29 11:29:09,72.06,4300,72.07,D
sz002409,雅克科技,2025-09-29 11:29:12,72.06,8300,72.06,D
sz002409,雅克科技,2025-09-29 11:29:21,72.07,5000,72.06,U
sz002409,雅克科技,2025-09-29 11:29:39,72.04,8400,72.05,D
sz002409,雅克科技,2025-09-29 13:00:00,72.07,33600,72.05,U
sz002409,雅克科技,2025-09-29 13:00:03,72.07,13800,72.07,E
sz002409,雅克科技,2025-09-29 13:00:06,72.08,6500,72.07,U
sz002409,雅克科技,2025-09-29 13:00:09,72.17,4800,72.08,U
sz002409,雅克科技,2025-09-29 13:00:15,72.26,5000,72.17,U
sz002409,雅克科技,2025-09-29 13:00:30,72.23,7300,72.29,D
sz002409,雅克科技,2025-09-29 13:01:09,72.24,4800,72.25,D
sz002409,雅克科技,2025-09-29 13:01:24,72.27,17700,72.24,U
sz002409,雅克科技,2025-09-29 13:01:30,72.25,3300,72.3,D
sz002409,雅克科技,2025-09-29 13:01:33,72.3,3500,72.25,E
sz002409,雅克科技,2025-09-29 13:02:00,72.38,4700,72.39,E
sz002409,雅克科技,2025-09-29 13:02:03,72.27,8200,72.38,D
sz002409,雅克科技,2025-09-29 13:02:09,72.27,7400,72.27,U
sz002409,雅克科技,2025-09-29 13:02:18,72.31,2900,72.27,U
sz002409,雅克科技,2025-09-29 13:02:54,72.38,3800,72.36,U
sz002409,雅克科技,2025-09-29 13:03:03,72.38,3050,72.38,U
sz002409,雅克科技,2025-09-29 13:03:15,72.41,3300,72.41,D
sz002409,雅克科技,2025-09-29 13:03:18,72.39,7100,72.41,D
sz002409,雅克科技,2025-09-29 13:04:03,72.42,15600,72.45,D
sz002409,雅克科技,2025-09-29 13:04:06,72.45,6900,72.42,U
sz002409,雅克科技,2025-09-29 13:04:09,72.56,10900,72.45,U
sz002409,雅克科技,2025-09-29 13:04:39,72.64,3200,72.64,D
sz002409,雅克科技,2025-09-29 13:04:45,72.62,8400,72.65,D
sz002409,雅克科技,2025-09-29 13:05:15,72.6,4200,72.61,D
sz002409,雅克科技,2025-09-29 13:05:21,72.57,3400,72.6,D
sz002409,雅克科技,2025-09-29 13:05:36,72.54,18800,72.5,U
sz002409,雅克科技,2025-09-29 13:05:39,72.55,30000,72.54,U
sz002409,雅克科技,2025-09-29 13:05:42,72.6,3700,72.55,U
sz002409,雅克科技,2025-09-29 13:06:03,72.65,3700,72.64,U
sz002409,雅克科技,2025-09-29 13:06:12,72.63,3900,72.65,D
sz002409,雅克科技,2025-09-29 13:06:15,72.61,8200,72.63,D
sz002409,雅克科技,2025-09-29 13:06:21,72.6,3900,72.65,D
sz002409,雅克科技,2025-09-29 13:06:39,72.55,3700,72.61,D
sz002409,雅克科技,2025-09-29 13:06:48,72.55,2800,72.55,U
sz002409,雅克科技,2025-09-29 13:06:54,72.59,5900,72.6,D
sz002409,雅克科技,2025-09-29 13:07:03,72.59,2800,72.59,D
sz002409,雅克科技,2025-09-29 13:07:42,72.58,3100,72.57,U
sz002409,雅克科技,2025-09-29 13:07:45,72.6,4900,72.58,U
sz002409,雅克科技,2025-09-29 13:07:48,72.59,3800,72.6,D
sz002409,雅克科技,2025-09-29 13:07:51,72.59,9100,72.59,D
sz002409,雅克科技,2025-09-29 13:08:03,72.66,2900,72.63,U
sz002409,雅克科技,2025-09-29 13:08:06,72.66,3000,72.66,D
sz002409,雅克科技,2025-09-29 13:08:21,72.72,6400,72.71,U
sz002409,雅克科技,2025-09-29 13:08:33,72.79,4100,72.77,U
sz002409,雅克科技,2025-09-29 13:08:36,72.82,8700,72.79,U
sz002409,雅克科技,2025-09-29 13:08:45,72.8,9300,72.87,D
sz002409,雅克科技,2025-09-29 13:08:48,72.79,17800,72.8,D
sz002409,雅克科技,2025-09-29 13:08:57,72.77,9800,72.86,D
sz002409,雅克科技,2025-09-29 13:09:03,72.75,4700,72.74,E
sz002409,雅克科技,2025-09-29 13:09:06,72.72,3000,72.75,D
sz002409,雅克科技,2025-09-29 13:09:15,72.72,3500,72.71,E
sz002409,雅克科技,2025-09-29 13:09:18,72.71,3100,72.72,D
sz002409,雅克科技,2025-09-29 13:09:45,72.5,3000,72.65,D
sz002409,雅克科技,2025-09-29 13:10:03,72.59,3600,72.66,D
sz002409,雅克科技,2025-09-29 13:10:27,72.51,4000,72.54,D
sz002409,雅克科技,2025-09-29 13:10:36,72.5,2900,72.5,D
sz002409,雅克科技,2025-09-29 13:10:48,72.57,19700,72.5,U
sz002409,雅克科技,2025-09-29 13:10:54,72.62,15400,72.56,U
sz002409,雅克科技,2025-09-29 13:10:57,72.72,18200,72.62,U
sz002409,雅克科技,2025-09-29 13:11:00,72.78,2900,72.72,U
sz002409,雅克科技,2025-09-29 13:11:03,72.72,5200,72.78,D
sz002409,雅克科技,2025-09-29 13:11:24,72.81,6200,72.76,U
sz002409,雅克科技,2025-09-29 13:11:33,72.77,3200,72.76,E
sz002409,雅克科技,2025-09-29 13:11:36,72.77,4000,72.77,D
sz002409,雅克科技,2025-09-29 13:11:42,72.75,11011,72.78,D
sz002409,雅克科技,2025-09-29 13:11:54,72.77,3100,72.78,D
sz002409,雅克科技,2025-09-29 13:11:57,72.67,3300,72.77,D
sz002409,雅克科技,2025-09-29 13:12:51,72.67,5900,72.69,D
sz002409,雅克科技,2025-09-29 13:13:00,72.69,3500,72.69,U
sz002409,雅克科技,2025-09-29 13:13:03,72.67,3100,72.69,D
sz002409,雅克科技,2025-09-29 13:13:06,72.68,13400,72.67,U
sz002409,雅克科技,2025-09-29 13:13:09,72.7,7700,72.68,U
sz002409,雅克科技,2025-09-29 13:13:18,72.73,4100,72.73,D
sz002409,雅克科技,2025-09-29 13:13:27,72.75,3500,72.75,U
sz002409,雅克科技,2025-09-29 13:13:30,72.72,4700,72.75,D
sz002409,雅克科技,2025-09-29 13:13:51,72.71,6400,72.75,D
sz002409,雅克科技,2025-09-29 13:13:57,72.71,18200,72.74,E
sz002409,雅克科技,2025-09-29 13:14:03,72.74,4500,72.68,U
sz002409,雅克科技,2025-09-29 13:15:06,72.63,11800,72.68,D
sz002409,雅克科技,2025-09-29 13:15:57,72.64,5100,72.62,U
sz002409,雅克科技,2025-09-29 13:16:00,72.64,4500,72.64,E
sz002409,雅克科技,2025-09-29 13:16:15,72.59,3200,72.59,D
sz002409,雅克科技,2025-09-29 13:17:00,72.52,3500,72.53,D
sz002409,雅克科技,2025-09-29 13:17:51,72.51,10600,72.5,U
sz002409,雅克科技,2025-09-29 13:17:54,72.5,2900,72.51,D
sz002409,雅克科技,2025-09-29 13:17:57,72.55,5300,72.5,U
sz002409,雅克科技,2025-09-29 13:18:03,72.58,10100,72.56,U
sz002409,雅克科技,2025-09-29 13:18:09,72.58,4500,72.57,E
sz002409,雅克科技,2025-09-29 13:18:15,72.59,4500,72.59,D
sz002409,雅克科技,2025-09-29 13:18:24,72.62,3000,72.62,U
sz002409,雅克科技,2025-09-29 13:18:33,72.68,4300,72.64,U
sz002409,雅克科技,2025-09-29 13:18:36,72.62,6800,72.68,D
sz002409,雅克科技,2025-09-29 13:18:39,72.69,3300,72.62,E
sz002409,雅克科技,2025-09-29 13:18:45,72.71,5400,72.68,U
sz002409,雅克科技,2025-09-29 13:19:03,72.72,6000,72.72,D
sz002409,雅克科技,2025-09-29 13:19:09,72.72,3200,72.71,U
sz002409,雅克科技,2025-09-29 13:19:24,72.69,3500,72.68,E
sz002409,雅克科技,2025-09-29 13:19:39,72.6,4500,72.65,D
sz002409,雅克科技,2025-09-29 13:20:03,72.59,5700,72.61,D
sz002409,雅克科技,2025-09-29 13:20:15,72.6,3800,72.59,E
sz002409,雅克科技,2025-09-29 13:20:24,72.59,3600,72.59,U
sz002409,雅克科技,2025-09-29 13:20:51,72.56,4300,72.56,D
sz002409,雅克科技,2025-09-29 13:22:06,72.48,4000,72.51,D
sz002409,雅克科技,2025-09-29 13:22:54,72.39,3600,72.41,D
sz002409,雅克科技,2025-09-29 13:23:18,72.49,3300,72.47,U
sz002409,雅克科技,2025-09-29 13:23:33,72.47,4000,72.49,D
sz002409,雅克科技,2025-09-29 13:24:12,72.43,11500,72.43,D
sz002409,雅克科技,2025-09-29 13:24:57,72.42,8200,72.46,D
sz002409,雅克科技,2025-09-29 13:25:09,72.44,6600,72.44,U
sz002409,雅克科技,2025-09-29 13:25:12,72.47,4000,72.44,U
sz002409,雅克科技,2025-09-29 13:25:36,72.46,3200,72.46,D
sz002409,雅克科技,2025-09-29 13:25:39,72.46,3200,72.46,D
sz002409,雅克科技,2025-09-29 13:26:09,72.44,6900,72.43,U
sz002409,雅克科技,2025-09-29 13:26:12,72.44,5200,72.44,D
sz002409,雅克科技,2025-09-29 13:26:39,72.5,6300,72.48,U
sz002409,雅克科技,2025-09-29 13:26:42,72.52,4100,72.5,U
sz002409,雅克科技,2025-09-29 13:26:54,72.52,8600,72.52,U
sz002409,雅克科技,2025-09-29 13:27:06,72.52,3600,72.52,D
sz002409,雅克科技,2025-09-29 13:27:09,72.43,2800,72.52,D
sz002409,雅克科技,2025-09-29 13:27:24,72.51,6900,72.47,U
sz002409,雅克科技,2025-09-29 13:28:00,72.48,3100,72.48,D
sz002409,雅克科技,2025-09-29 13:28:39,72.42,2900,72.46,D
sz002409,雅克科技,2025-09-29 13:29:21,72.42,3700,72.43,D
sz002409,雅克科技,2025-09-29 13:29:48,72.38,2800,72.4,D
sz002409,雅克科技,2025-09-29 13:30:00,72.41,23600,72.39,U
sz002409,雅克科技,2025-09-29 13:30:09,72.49,14300,72.45,U
sz002409,雅克科技,2025-09-29 13:30:12,72.54,61500,72.49,U
sz002409,雅克科技,2025-09-29 13:30:15,72.53,4000,72.54,U
sz002409,雅克科技,2025-09-29 13:30:45,72.5,4200,72.54,D
sz002409,雅克科技,2025-09-29 13:30:51,72.49,2800,72.55,D
sz002409,雅克科技,2025-09-29 13:30:54,72.52,6400,72.49,U
sz002409,雅克科技,2025-09-29 13:31:03,72.5,4000,72.51,D
sz002409,雅克科技,2025-09-29 13:31:06,72.51,4900,72.5,U
sz002409,雅克科技,2025-09-29 13:31:09,72.56,4200,72.51,E
sz002409,雅克科技,2025-09-29 13:31:48,72.53,2900,72.53,D
sz002409,雅克科技,2025-09-29 13:32:00,72.56,3900,72.53,U
sz002409,雅克科技,2025-09-29 13:32:06,72.52,2800,72.51,D
sz002409,雅克科技,2025-09-29 13:32:21,72.58,9900,72.52,U
sz002409,雅克科技,2025-09-29 13:32:27,72.51,42400,72.59,D
sz002409,雅克科技,2025-09-29 13:32:33,72.6,3200,72.6,U
sz002409,雅克科技,2025-09-29 13:32:57,72.55,2900,72.55,U
sz002409,雅克科技,2025-09-29 13:33:03,72.55,3700,72.55,U
sz002409,雅克科技,2025-09-29 13:33:06,72.54,7500,72.55,D
sz002409,雅克科技,2025-09-29 13:33:39,72.52,12300,72.55,D
sz002409,雅克科技,2025-09-29 13:34:12,72.54,4700,72.56,E
sz002409,雅克科技,2025-09-29 13:34:39,72.49,7400,72.51,D
sz002409,雅克科技,2025-09-29 13:34:42,72.46,3800,72.49,D
sz002409,雅克科技,2025-09-29 13:34:45,72.51,5200,72.46,U
sz002409,雅克科技,2025-09-29 13:35:00,72.46,5400,72.5,D
sz002409,雅克科技,2025-09-29 13:35:03,72.43,3300,72.46,D
sz002409,雅克科技,2025-09-29 13:35:06,72.43,4100,72.43,D
sz002409,雅克科技,2025-09-29 13:35:54,72.51,6200,72.5,U
sz002409,雅克科技,2025-09-29 13:36:06,72.48,3000,72.5,D
sz002409,雅克科技,2025-09-29 13:36:24,72.5,3000,72.5,U
sz002409,雅克科技,2025-09-29 13:36:51,72.47,3800,72.47,D
sz002409,雅克科技,2025-09-29 13:38:03,72.48,5900,72.49,D
sz002409,雅克科技,2025-09-29 13:38:06,72.42,6600,72.48,D
sz002409,雅克科技,2025-09-29 13:38:09,72.41,4400,72.42,D
sz002409,雅克科技,2025-09-29 13:38:54,72.41,5700,72.41,D
sz002409,雅克科技,2025-09-29 13:39:21,72.43,8300,72.43,U
sz002409,雅克科技,2025-09-29 13:40:00,72.37,4300,72.36,U
sz002409,雅克科技,2025-09-29 13:40:03,72.39,4500,72.37,U
sz002409,雅克科技,2025-09-29 13:40:15,72.38,3800,72.39,D
sz002409,雅克科技,2025-09-29 13:40:21,72.38,3500,72.39,D
sz002409,雅克科技,2025-09-29 13:40:36,72.38,5700,72.39,D
sz002409,雅克科技,2025-09-29 13:40:42,72.38,2800,72.4,D
sz002409,雅克科技,2025-09-29 13:40:54,72.35,7900,72.38,D
sz002409,雅克科技,2025-09-29 13:41:12,72.37,4600,72.37,D
sz002409,雅克科技,2025-09-29 13:41:33,72.35,3500,72.37,D
sz002409,雅克科技,2025-09-29 13:43:09,72.37,8500,72.4,D
sz002409,雅克科技,2025-09-29 13:43:12,72.36,12700,72.37,D
sz002409,雅克科技,2025-09-29 13:43:21,72.33,7000,72.34,D
sz002409,雅克科技,2025-09-29 13:43:24,72.35,4200,72.33,U
sz002409,雅克科技,2025-09-29 13:43:27,72.32,11300,72.35,U
sz002409,雅克科技,2025-09-29 13:43:30,72.3,9700,72.32,D
sz002409,雅克科技,2025-09-29 13:44:00,72.23,15500,72.27,D
sz002409,雅克科技,2025-09-29 13:44:21,72.32,10400,72.27,U
sz002409,雅克科技,2025-09-29 13:44:27,72.3,3000,72.32,D
sz002409,雅克科技,2025-09-29 13:45:06,72.28,3000,72.29,D
sz002409,雅克科技,2025-09-29 13:45:12,72.28,21000,72.29,D
sz002409,雅克科技,2025-09-29 13:45:18,72.29,3800,72.28,U
sz002409,雅克科技,2025-09-29 13:45:27,72.3,2900,72.28,U
sz002409,雅克科技,2025-09-29 13:45:39,72.34,27800,72.33,U
sz002409,雅克科技,2025-09-29 13:45:42,72.31,3200,72.34,D
sz002409,雅克科技,2025-09-29 13:46:09,72.34,9200,72.33,U
sz002409,雅克科技,2025-09-29 13:46:18,72.39,4200,72.38,U
sz002409,雅克科技,2025-09-29 13:46:24,72.32,10100,72.39,D
sz002409,雅克科技,2025-09-29 13:46:45,72.4,12500,72.35,U
sz002409,雅克科技,2025-09-29 13:46:48,72.4,11400,72.4,D
sz002409,雅克科技,2025-09-29 13:46:57,72.42,6400,72.39,U
sz002409,雅克科技,2025-09-29 13:47:12,72.44,3100,72.46,D
sz002409,雅克科技,2025-09-29 13:47:15,72.39,7500,72.44,D
sz002409,雅克科技,2025-09-29 13:47:27,72.5,5200,72.44,U
sz002409,雅克科技,2025-09-29 13:47:30,72.46,10000,72.5,U
sz002409,雅克科技,2025-09-29 13:47:33,72.46,4100,72.46,U
sz002409,雅克科技,2025-09-29 13:47:36,72.49,7800,72.46,U
sz002409,雅克科技,2025-09-29 13:47:39,72.51,3100,72.49,U
sz002409,雅克科技,2025-09-29 13:47:45,72.59,7800,72.53,U
sz002409,雅克科技,2025-09-29 13:47:54,72.62,3600,72.57,U
sz002409,雅克科技,2025-09-29 13:48:09,72.65,5900,72.62,U
sz002409,雅克科技,2025-09-29 13:48:18,72.65,5000,72.65,D
sz002409,雅克科技,2025-09-29 13:48:24,72.65,2900,72.68,D
sz002409,雅克科技,2025-09-29 13:48:27,72.7,3500,72.65,U
sz002409,雅克科技,2025-09-29 13:48:30,72.7,3500,72.7,D
sz002409,雅克科技,2025-09-29 13:48:33,72.73,10200,72.7,U
sz002409,雅克科技,2025-09-29 13:48:36,72.79,39689,72.73,U
sz002409,雅克科技,2025-09-29 13:48:45,72.85,3100,72.85,U
sz002409,雅克科技,2025-09-29 13:48:54,72.8,5000,72.85,D
sz002409,雅克科技,2025-09-29 13:49:03,72.79,4500,72.71,E
sz002409,雅克科技,2025-09-29 13:49:12,72.84,8500,72.81,U
sz002409,雅克科技,2025-09-29 13:49:21,72.85,5800,72.84,U
sz002409,雅克科技,2025-09-29 13:49:33,72.9,14600,72.85,U
sz002409,雅克科技,2025-09-29 13:49:36,72.81,3100,72.9,D
sz002409,雅克科技,2025-09-29 13:49:54,72.89,7400,72.9,D
sz002409,雅克科技,2025-09-29 13:49:57,72.88,11800,72.89,E
sz002409,雅克科技,2025-09-29 13:50:00,72.86,120900,72.88,E
sz002409,雅克科技,2025-09-29 13:50:03,72.86,5000,72.86,D
sz002409,雅克科技,2025-09-29 13:50:12,72.86,3900,72.9,D
sz002409,雅克科技,2025-09-29 13:50:27,72.88,4100,72.87,U
sz002409,雅克科技,2025-09-29 13:50:48,72.84,21600,72.86,D
sz002409,雅克科技,2025-09-29 13:51:03,72.84,11400,72.83,U
sz002409,雅克科技,2025-09-29 13:51:18,72.76,5200,72.83,D
sz002409,雅克科技,2025-09-29 13:51:36,72.8,5100,72.81,U
sz002409,雅克科技,2025-09-29 13:52:15,72.78,3400,72.76,U
sz002409,雅克科技,2025-09-29 13:52:18,72.79,3100,72.78,U
sz002409,雅克科技,2025-09-29 13:52:21,72.8,3200,72.79,U
sz002409,雅克科技,2025-09-29 13:52:24,72.8,3900,72.8,U
sz002409,雅克科技,2025-09-29 13:52:27,72.8,3900,72.8,U
sz002409,雅克科技,2025-09-29 13:52:30,72.8,8900,72.8,E
sz002409,雅克科技,2025-09-29 13:52:39,72.85,5800,72.8,U
sz002409,雅克科技,2025-09-29 13:52:48,72.84,4300,72.85,U
sz002409,雅克科技,2025-09-29 13:52:57,72.84,5600,72.8,U
sz002409,雅克科技,2025-09-29 13:53:27,72.81,2800,72.81,U
sz002409,雅克科技,2025-09-29 13:53:33,72.65,21600,72.81,D
sz002409,雅克科技,2025-09-29 13:53:42,72.7,4200,72.71,E
sz002409,雅克科技,2025-09-29 13:53:57,72.65,5700,72.65,D
sz002409,雅克科技,2025-09-29 13:55:21,72.68,7500,72.73,D
sz002409,雅克科技,2025-09-29 13:55:27,72.66,3700,72.66,D
sz002409,雅克科技,2025-09-29 13:55:33,72.66,4600,72.62,U
sz002409,雅克科技,2025-09-29 13:55:36,72.61,16100,72.66,E
sz002409,雅克科技,2025-09-29 13:55:39,72.66,7600,72.61,U
sz002409,雅克科技,2025-09-29 13:55:42,72.66,3500,72.66,U
sz002409,雅克科技,2025-09-29 13:55:45,72.61,4800,72.66,D
sz002409,雅克科技,2025-09-29 13:55:48,72.61,9400,72.61,U
sz002409,雅克科技,2025-09-29 13:55:51,72.66,8700,72.61,U
sz002409,雅克科技,2025-09-29 13:56:30,72.6,5800,72.64,D
sz002409,雅克科技,2025-09-29 13:56:33,72.55,5400,72.6,D
sz002409,雅克科技,2025-09-29 13:56:39,72.55,5500,72.54,U
sz002409,雅克科技,2025-09-29 13:56:48,72.66,4000,72.59,U
sz002409,雅克科技,2025-09-29 13:57:39,72.61,6900,72.6,D
sz002409,雅克科技,2025-09-29 13:57:42,72.61,3400,72.61,D
sz002409,雅克科技,2025-09-29 13:58:09,72.64,7300,72.62,U
sz002409,雅克科技,2025-09-29 13:58:36,72.63,17700,72.7,D
sz002409,雅克科技,2025-09-29 13:58:42,72.69,7000,72.68,U
sz002409,雅克科技,2025-09-29 13:58:54,72.74,9100,72.73,U
sz002409,雅克科技,2025-09-29 13:59:00,72.74,7600,72.74,D
sz002409,雅克科技,2025-09-29 13:59:06,72.73,9200,72.74,D
sz002409,雅克科技,2025-09-29 13:59:09,72.77,9100,72.73,U
sz002409,雅克科技,2025-09-29 13:59:33,72.8,3100,72.79,U
sz002409,雅克科技,2025-09-29 13:59:45,72.76,3700,72.78,E
sz002409,雅克科技,2025-09-29 13:59:51,72.8,3400,72.77,U
sz002409,雅克科技,2025-09-29 14:00:00,72.87,8000,72.81,U
sz002409,雅克科技,2025-09-29 14:00:03,72.83,4100,72.87,D
sz002409,雅克科技,2025-09-29 14:00:09,72.89,9200,72.87,U
sz002409,雅克科技,2025-09-29 14:00:12,72.9,4200,72.89,U
sz002409,雅克科技,2025-09-29 14:00:15,72.89,3000,72.9,E
sz002409,雅克科技,2025-09-29 14:00:18,72.9,3000,72.89,U
sz002409,雅克科技,2025-09-29 14:00:21,72.91,2800,72.9,U
sz002409,雅克科技,2025-09-29 14:00:27,72.98,6300,72.91,U
sz002409,雅克科技,2025-09-29 14:00:33,72.91,7200,72.98,D
sz002409,雅克科技,2025-09-29 14:00:36,72.91,3000,72.91,D
sz002409,雅克科技,2025-09-29 14:00:42,72.95,3200,72.94,U
sz002409,雅克科技,2025-09-29 14:00:48,72.97,2900,72.94,U
sz002409,雅克科技,2025-09-29 14:00:54,72.96,3500,72.97,E
sz002409,雅克科技,2025-09-29 14:00:57,72.91,16100,72.96,D
sz002409,雅克科技,2025-09-29 14:01:00,72.9,5100,72.91,D
sz002409,雅克科技,2025-09-29 14:01:09,72.96,6200,72.96,U
sz002409,雅克科技,2025-09-29 14:01:12,72.92,4300,72.96,D
sz002409,雅克科技,2025-09-29 14:01:15,72.92,3400,72.92,U
sz002409,雅克科技,2025-09-29 14:01:24,72.9,4100,72.9,D
sz002409,雅克科技,2025-09-29 14:01:27,72.92,6100,72.9,U
sz002409,雅克科技,2025-09-29 14:01:33,72.9,8400,72.92,D
sz002409,雅克科技,2025-09-29 14:01:39,72.89,6300,72.88,E
sz002409,雅克科技,2025-09-29 14:01:45,72.79,5300,72.83,D
sz002409,雅克科技,2025-09-29 14:01:54,72.78,3100,72.78,U
sz002409,雅克科技,2025-09-29 14:02:18,72.83,4300,72.83,U
sz002409,雅克科技,2025-09-29 14:02:21,72.81,7100,72.83,D
sz002409,雅克科技,2025-09-29 14:02:24,72.81,4500,72.81,U
sz002409,雅克科技,2025-09-29 14:02:27,72.82,9300,72.81,U
sz002409,雅克科技,2025-09-29 14:02:30,72.8,15100,72.82,D
sz002409,雅克科技,2025-09-29 14:03:06,72.88,9200,72.82,U
sz002409,雅克科技,2025-09-29 14:03:09,72.9,6900,72.88,U
sz002409,雅克科技,2025-09-29 14:03:15,72.9,4400,72.9,U
sz002409,雅克科技,2025-09-29 14:03:18,72.92,6500,72.9,U
sz002409,雅克科技,2025-09-29 14:03:24,72.91,6500,72.88,U
sz002409,雅克科技,2025-09-29 14:03:30,72.84,3200,72.88,D
sz002409,雅克科技,2025-09-29 14:03:48,72.88,13300,72.88,U
sz002409,雅克科技,2025-09-29 14:03:57,72.8,22300,72.88,D
sz002409,雅克科技,2025-09-29 14:04:00,72.78,3900,72.8,D
sz002409,雅克科技,2025-09-29 14:04:03,72.81,4500,72.78,E
sz002409,雅克科技,2025-09-29 14:04:33,72.87,3500,72.87,E
sz002409,雅克科技,2025-09-29 14:04:57,72.95,5600,72.94,U
sz002409,雅克科技,2025-09-29 14:05:06,72.92,10300,72.96,D
sz002409,雅克科技,2025-09-29 14:05:09,72.9,3800,72.92,D
sz002409,雅克科技,2025-09-29 14:05:15,72.93,2800,72.92,U
sz002409,雅克科技,2025-09-29 14:05:27,72.9,4700,72.88,U
sz002409,雅克科技,2025-09-29 14:05:54,72.9,3900,72.93,E
sz002409,雅克科技,2025-09-29 14:06:06,72.95,6300,72.92,U
sz002409,雅克科技,2025-09-29 14:06:21,72.98,4400,72.98,D
sz002409,雅克科技,2025-09-29 14:06:24,72.98,23100,72.98,D
sz002409,雅克科技,2025-09-29 14:06:39,72.99,4800,73.0,D
sz002409,雅克科技,2025-09-29 14:06:42,72.98,12800,72.99,D
sz002409,雅克科技,2025-09-29 14:06:45,73.0,6700,72.98,U
sz002409,雅克科技,2025-09-29 14:07:03,72.88,9400,72.93,D
sz002409,雅克科技,2025-09-29 14:07:09,72.9,6500,72.9,U
sz002409,雅克科技,2025-09-29 14:07:36,72.89,4700,72.83,U
sz002409,雅克科技,2025-09-29 14:07:57,72.86,2800,72.88,D
sz002409,雅克科技,2025-09-29 14:08:21,72.84,3200,72.84,D
sz002409,雅克科技,2025-09-29 14:08:27,72.82,8500,72.83,D
sz002409,雅克科技,2025-09-29 14:08:30,72.78,12600,72.82,D
sz002409,雅克科技,2025-09-29 14:08:33,72.77,3700,72.78,D
sz002409,雅克科技,2025-09-29 14:09:06,72.79,3200,72.78,U
sz002409,雅克科技,2025-09-29 14:09:48,72.8,5700,72.82,D
sz002409,雅克科技,2025-09-29 14:09:51,72.8,8900,72.8,D
sz002409,雅克科技,2025-09-29 14:10:06,72.77,3100,72.8,D
sz002409,雅克科技,2025-09-29 14:10:21,72.71,7700,72.72,D
sz002409,雅克科技,2025-09-29 14:10:27,72.7,5600,72.7,D
sz002409,雅克科技,2025-09-29 14:10:30,72.67,12000,72.7,D
sz002409,雅克科技,2025-09-29 14:10:45,72.64,18600,72.66,D
sz002409,雅克科技,2025-09-29 14:11:09,72.66,3100,72.66,D
sz002409,雅克科技,2025-09-29 14:11:33,72.6,7600,72.63,D
sz002409,雅克科技,2025-09-29 14:11:42,72.59,9400,72.61,E
sz002409,雅克科技,2025-09-29 14:11:45,72.54,4200,72.59,D
sz002409,雅克科技,2025-09-29 14:11:51,72.55,3900,72.55,D
sz002409,雅克科技,2025-09-29 14:11:57,72.55,12400,72.55,U
sz002409,雅克科技,2025-09-29 14:12:09,72.55,3500,72.53,U
sz002409,雅克科技,2025-09-29 14:12:12,72.63,10700,72.55,U
sz002409,雅克科技,2025-09-29 14:12:24,72.6,3600,72.63,D
sz002409,雅克科技,2025-09-29 14:12:27,72.57,10100,72.6,D
sz002409,雅克科技,2025-09-29 14:12:45,72.57,6000,72.62,D
sz002409,雅克科技,2025-09-29 14:12:48,72.58,5300,72.57,U
sz002409,雅克科技,2025-09-29 14:13:03,72.6,8200,72.57,E
sz002409,雅克科技,2025-09-29 14:13:06,72.6,2800,72.6,U
sz002409,雅克科技,2025-09-29 14:13:15,72.61,2800,72.57,U
sz002409,雅克科技,2025-09-29 14:13:18,72.56,9400,72.61,D
sz002409,雅克科技,2025-09-29 14:13:36,72.53,10500,72.53,U
sz002409,雅克科技,2025-09-29 14:13:48,72.5,7600,72.51,D
sz002409,雅克科技,2025-09-29 14:13:51,72.53,10800,72.5,U
sz002409,雅克科技,2025-09-29 14:13:54,72.61,3800,72.53,U
sz002409,雅克科技,2025-09-29 14:14:06,72.61,8300,72.59,U
sz002409,雅克科技,2025-09-29 14:15:03,72.53,5500,72.55,D
sz002409,雅克科技,2025-09-29 14:15:12,72.49,4400,72.51,D
sz002409,雅克科技,2025-09-29 14:15:39,72.5,3500,72.5,U
sz002409,雅克科技,2025-09-29 14:15:54,72.55,2800,72.49,U
sz002409,雅克科技,2025-09-29 14:16:03,72.53,3800,72.54,D
sz002409,雅克科技,2025-09-29 14:17:06,72.49,3400,72.46,U
sz002409,雅克科技,2025-09-29 14:17:42,72.53,2900,72.52,U
sz002409,雅克科技,2025-09-29 14:17:54,72.55,4600,72.49,U
sz002409,雅克科技,2025-09-29 14:17:57,72.55,5700,72.55,D
sz002409,雅克科技,2025-09-29 14:18:00,72.58,2800,72.55,U
sz002409,雅克科技,2025-09-29 14:18:15,72.55,7700,72.58,D
sz002409,雅克科技,2025-09-29 14:18:21,72.59,8000,72.58,U
sz002409,雅克科技,2025-09-29 14:18:30,72.58,6500,72.59,D
sz002409,雅克科技,2025-09-29 14:18:42,72.59,3300,72.6,D
sz002409,雅克科技,2025-09-29 14:18:48,72.59,4300,72.61,D
sz002409,雅克科技,2025-09-29 14:19:03,72.59,3900,72.62,D
sz002409,雅克科技,2025-09-29 14:19:12,72.56,3600,72.56,D
sz002409,雅克科技,2025-09-29 14:19:30,72.52,3000,72.51,D
sz002409,雅克科技,2025-09-29 14:19:51,72.56,4000,72.56,D
sz002409,雅克科技,2025-09-29 14:20:03,72.53,6700,72.59,D
sz002409,雅克科技,2025-09-29 14:20:42,72.6,13700,72.56,U
sz002409,雅克科技,2025-09-29 14:20:48,72.6,3300,72.64,D
sz002409,雅克科技,2025-09-29 14:20:54,72.6,6500,72.6,U
sz002409,雅克科技,2025-09-29 14:20:57,72.59,2800,72.6,U
sz002409,雅克科技,2025-09-29 14:21:00,72.6,3900,72.59,U
sz002409,雅克科技,2025-09-29 14:21:12,72.59,7500,72.61,D
sz002409,雅克科技,2025-09-29 14:21:21,72.61,7500,72.6,U
sz002409,雅克科技,2025-09-29 14:21:30,72.61,3500,72.61,D
sz002409,雅克科技,2025-09-29 14:21:36,72.59,5800,72.6,D
sz002409,雅克科技,2025-09-29 14:21:54,72.61,3200,72.59,U
sz002409,雅克科技,2025-09-29 14:22:15,72.63,4400,72.6,U
sz002409,雅克科技,2025-09-29 14:22:39,72.66,4300,72.68,D
sz002409,雅克科技,2025-09-29 14:22:48,72.65,6800,72.66,D
sz002409,雅克科技,2025-09-29 14:23:00,72.66,4100,72.68,D
sz002409,雅克科技,2025-09-29 14:23:12,72.66,5900,72.7,D
sz002409,雅克科技,2025-09-29 14:23:24,72.64,3100,72.65,D
sz002409,雅克科技,2025-09-29 14:23:30,72.65,3100,72.66,D
sz002409,雅克科技,2025-09-29 14:23:45,72.67,3500,72.66,U
sz002409,雅克科技,2025-09-29 14:23:57,72.6,5800,72.61,D
sz002409,雅克科技,2025-09-29 14:24:00,72.59,4800,72.6,E
sz002409,雅克科技,2025-09-29 14:24:09,72.62,7200,72.58,U
sz002409,雅克科技,2025-09-29 14:24:21,72.6,4700,72.6,U
sz002409,雅克科技,2025-09-29 14:24:30,72.62,6900,72.6,U
sz002409,雅克科技,2025-09-29 14:24:39,72.63,3700,72.62,U
sz002409,雅克科技,2025-09-29 14:25:06,72.63,8800,72.63,E
sz002409,雅克科技,2025-09-29 14:25:09,72.64,3200,72.63,U
sz002409,雅克科技,2025-09-29 14:25:12,72.62,8500,72.64,D
sz002409,雅克科技,2025-09-29 14:26:03,72.63,10200,72.66,D
sz002409,雅克科技,2025-09-29 14:26:12,72.6,8500,72.63,D
sz002409,雅克科技,2025-09-29 14:26:33,72.56,7400,72.58,D
sz002409,雅克科技,2025-09-29 14:26:48,72.59,3000,72.57,U
sz002409,雅克科技,2025-09-29 14:27:03,72.61,3500,72.62,D
sz002409,雅克科技,2025-09-29 14:27:15,72.61,4200,72.6,U
sz002409,雅克科技,2025-09-29 14:28:12,72.75,4600,72.75,U
sz002409,雅克科技,2025-09-29 14:28:21,72.78,6200,72.75,U
sz002409,雅克科技,2025-09-29 14:29:27,72.7,3300,72.7,D
sz002409,雅克科技,2025-09-29 14:29:48,72.7,5100,72.7,U
sz002409,雅克科技,2025-09-29 14:30:03,72.7,5900,72.69,U
sz002409,雅克科技,2025-09-29 14:30:09,72.68,5900,72.67,U
sz002409,雅克科技,2025-09-29 14:30:12,72.7,8300,72.68,U
sz002409,雅克科技,2025-09-29 14:30:18,72.74,4100,72.74,U
sz002409,雅克科技,2025-09-29 14:30:21,72.74,6300,72.74,U
sz002409,雅克科技,2025-09-29 14:30:27,72.75,3900,72.75,U
sz002409,雅克科技,2025-09-29 14:30:30,72.74,3900,72.75,D
sz002409,雅克科技,2025-09-29 14:30:42,72.79,4700,72.78,U
sz002409,雅克科技,2025-09-29 14:30:51,72.8,5100,72.8,U
sz002409,雅克科技,2025-09-29 14:30:54,72.83,8000,72.8,U
sz002409,雅克科技,2025-09-29 14:31:03,72.78,29000,72.84,D
sz002409,雅克科技,2025-09-29 14:31:09,72.77,3200,72.79,D
sz002409,雅克科技,2025-09-29 14:31:15,72.77,2900,72.77,D
sz002409,雅克科技,2025-09-29 14:31:21,72.76,3600,72.77,D
sz002409,雅克科技,2025-09-29 14:31:36,72.76,24800,72.76,D
sz002409,雅克科技,2025-09-29 14:31:39,72.73,11000,72.76,D
sz002409,雅克科技,2025-09-29 14:32:00,72.69,10700,72.7,D
sz002409,雅克科技,2025-09-29 14:32:03,72.68,13700,72.69,D
sz002409,雅克科技,2025-09-29 14:32:21,72.69,4200,72.68,U
sz002409,雅克科技,2025-09-29 14:32:24,72.66,2900,72.69,D
sz002409,雅克科技,2025-09-29 14:32:42,72.68,2900,72.65,U
sz002409,雅克科技,2025-09-29 14:33:36,72.62,3800,72.61,E
sz002409,雅克科技,2025-09-29 14:33:42,72.63,4200,72.62,U
sz002409,雅克科技,2025-09-29 14:33:51,72.6,3400,72.62,D
sz002409,雅克科技,2025-09-29 14:34:45,72.6,3400,72.62,D
sz002409,雅克科技,2025-09-29 14:35:03,72.61,3900,72.61,U
sz002409,雅克科技,2025-09-29 14:35:06,72.61,5800,72.61,U
sz002409,雅克科技,2025-09-29 14:35:18,72.54,9700,72.59,D
sz002409,雅克科技,2025-09-29 14:36:06,72.52,6100,72.52,D
sz002409,雅克科技,2025-09-29 14:36:21,72.51,4600,72.51,D
sz002409,雅克科技,2025-09-29 14:36:33,72.53,6000,72.52,U
sz002409,雅克科技,2025-09-29 14:36:36,72.54,2800,72.53,U
sz002409,雅克科技,2025-09-29 14:36:48,72.53,3400,72.53,D
sz002409,雅克科技,2025-09-29 14:36:51,72.54,4300,72.53,U
sz002409,雅克科技,2025-09-29 14:37:12,72.6,3700,72.56,U
sz002409,雅克科技,2025-09-29 14:37:18,72.6,4800,72.59,U
sz002409,雅克科技,2025-09-29 14:37:27,72.61,5100,72.61,U
sz002409,雅克科技,2025-09-29 14:37:30,72.6,3100,72.61,D
sz002409,雅克科技,2025-09-29 14:37:33,72.6,5500,72.6,U
sz002409,雅克科技,2025-09-29 14:37:51,72.6,3100,72.6,D
sz002409,雅克科技,2025-09-29 14:38:18,72.6,4000,72.62,D
sz002409,雅克科技,2025-09-29 14:38:45,72.61,3900,72.6,U
sz002409,雅克科技,2025-09-29 14:38:48,72.6,4300,72.61,D
sz002409,雅克科技,2025-09-29 14:38:57,72.58,7200,72.6,D
sz002409,雅克科技,2025-09-29 14:39:06,72.57,4300,72.58,E
sz002409,雅克科技,2025-09-29 14:39:27,72.54,6600,72.55,D
sz002409,雅克科技,2025-09-29 14:39:30,72.54,5900,72.54,D
sz002409,雅克科技,2025-09-29 14:39:39,72.53,5800,72.55,D
sz002409,雅克科技,2025-09-29 14:39:54,72.52,7900,72.52,D
sz002409,雅克科技,2025-09-29 14:40:00,72.48,34500,72.52,D
sz002409,雅克科技,2025-09-29 14:40:06,72.46,4700,72.48,D
sz002409,雅克科技,2025-09-29 14:40:09,72.44,7000,72.46,D
sz002409,雅克科技,2025-09-29 14:40:15,72.43,4000,72.42,U
sz002409,雅克科技,2025-09-29 14:40:18,72.43,13200,72.43,D
sz002409,雅克科技,2025-09-29 14:40:21,72.43,10000,72.43,D
sz002409,雅克科技,2025-09-29 14:40:30,72.49,3200,72.45,U
sz002409,雅克科技,2025-09-29 14:40:42,72.49,2900,72.48,U
sz002409,雅克科技,2025-09-29 14:41:09,72.5,5200,72.49,U
sz002409,雅克科技,2025-09-29 14:41:18,72.46,3000,72.46,D
sz002409,雅克科技,2025-09-29 14:41:39,72.46,5000,72.48,D
sz002409,雅克科技,2025-09-29 14:42:00,72.46,10600,72.47,D
sz002409,雅克科技,2025-09-29 14:42:06,72.45,11800,72.46,D
sz002409,雅克科技,2025-09-29 14:42:12,72.46,4000,72.45,U
sz002409,雅克科技,2025-09-29 14:43:00,72.41,5200,72.42,D
sz002409,雅克科技,2025-09-29 14:43:06,72.41,5300,72.41,U
sz002409,雅克科技,2025-09-29 14:43:09,72.41,23000,72.41,D
sz002409,雅克科技,2025-09-29 14:43:12,72.4,3700,72.41,D
sz002409,雅克科技,2025-09-29 14:43:36,72.39,3600,72.39,U
sz002409,雅克科技,2025-09-29 14:43:39,72.38,4300,72.39,D
sz002409,雅克科技,2025-09-29 14:43:42,72.38,4000,72.38,D
sz002409,雅克科技,2025-09-29 14:43:48,72.39,3600,72.37,U
sz002409,雅克科技,2025-09-29 14:44:03,72.39,3900,72.4,D
sz002409,雅克科技,2025-09-29 14:44:09,72.39,15400,72.39,D
sz002409,雅克科技,2025-09-29 14:44:12,72.39,21000,72.39,D
sz002409,雅克科技,2025-09-29 14:44:15,72.31,2800,72.39,D
sz002409,雅克科技,2025-09-29 14:44:18,72.31,4400,72.31,D
sz002409,雅克科技,2025-09-29 14:44:36,72.34,3100,72.37,D
sz002409,雅克科技,2025-09-29 14:44:42,72.33,2800,72.36,D
sz002409,雅克科技,2025-09-29 14:44:45,72.33,3700,72.33,D
sz002409,雅克科技,2025-09-29 14:44:51,72.35,5000,72.33,U
sz002409,雅克科技,2025-09-29 14:45:03,72.41,15900,72.38,U
sz002409,雅克科技,2025-09-29 14:45:15,72.4,4200,72.4,D
sz002409,雅克科技,2025-09-29 14:45:18,72.42,3900,72.4,U
sz002409,雅克科技,2025-09-29 14:45:21,72.42,3600,72.42,U
sz002409,雅克科技,2025-09-29 14:45:24,72.42,4700,72.42,D
sz002409,雅克科技,2025-09-29 14:45:33,72.43,4400,72.43,U
sz002409,雅克科技,2025-09-29 14:45:36,72.44,2800,72.43,U
sz002409,雅克科技,2025-09-29 14:45:39,72.44,4800,72.44,U
sz002409,雅克科技,2025-09-29 14:45:42,72.44,7600,72.44,D
sz002409,雅克科技,2025-09-29 14:45:51,72.46,4000,72.45,U
sz002409,雅克科技,2025-09-29 14:45:57,72.45,4900,72.47,D
sz002409,雅克科技,2025-09-29 14:46:03,72.45,5000,72.46,D
sz002409,雅克科技,2025-09-29 14:46:21,72.48,4100,72.47,U
sz002409,雅克科技,2025-09-29 14:46:24,72.49,3200,72.48,U
sz002409,雅克科技,2025-09-29 14:47:00,72.48,3300,72.49,D
sz002409,雅克科技,2025-09-29 14:47:03,72.48,3000,72.48,D
sz002409,雅克科技,2025-09-29 14:47:06,72.49,19400,72.48,U
sz002409,雅克科技,2025-09-29 14:47:12,72.46,6200,72.47,D
sz002409,雅克科技,2025-09-29 14:47:24,72.45,16800,72.46,D
sz002409,雅克科技,2025-09-29 14:47:27,72.43,4400,72.45,D
sz002409,雅克科技,2025-09-29 14:47:30,72.42,6400,72.43,D
sz002409,雅克科技,2025-09-29 14:47:33,72.42,5200,72.42,D
sz002409,雅克科技,2025-09-29 14:47:39,72.43,10500,72.41,U
sz002409,雅克科技,2025-09-29 14:47:45,72.43,3100,72.43,D
sz002409,雅克科技,2025-09-29 14:47:51,72.43,6600,72.43,U
sz002409,雅克科技,2025-09-29 14:48:03,72.44,4300,72.41,U
sz002409,雅克科技,2025-09-29 14:48:15,72.45,7200,72.45,U
sz002409,雅克科技,2025-09-29 14:48:21,72.47,42500,72.46,U
sz002409,雅克科技,2025-09-29 14:48:27,72.5,7500,72.5,U
sz002409,雅克科技,2025-09-29 14:48:33,72.55,3700,72.52,U
sz002409,雅克科技,2025-09-29 14:48:36,72.56,7000,72.55,U
sz002409,雅克科技,2025-09-29 14:48:39,72.57,4700,72.56,U
sz002409,雅克科技,2025-09-29 14:48:42,72.58,6700,72.57,U
sz002409,雅克科技,2025-09-29 14:48:51,72.58,6200,72.59,D
sz002409,雅克科技,2025-09-29 14:48:54,72.57,6400,72.58,D
sz002409,雅克科技,2025-09-29 14:48:57,72.57,4600,72.57,U
sz002409,雅克科技,2025-09-29 14:49:00,72.56,8200,72.57,D
sz002409,雅克科技,2025-09-29 14:49:03,72.57,3400,72.56,U
sz002409,雅克科技,2025-09-29 14:49:06,72.56,11400,72.57,D
sz002409,雅克科技,2025-09-29 14:49:24,72.58,3500,72.59,U
sz002409,雅克科技,2025-09-29 14:49:30,72.57,5400,72.58,D
sz002409,雅克科技,2025-09-29 14:49:33,72.59,5300,72.57,U
sz002409,雅克科技,2025-09-29 14:49:39,72.59,4000,72.58,U
sz002409,雅克科技,2025-09-29 14:49:57,72.51,12600,72.57,D
sz002409,雅克科技,2025-09-29 14:50:00,72.55,6000,72.51,E
sz002409,雅克科技,2025-09-29 14:50:03,72.51,3100,72.55,E
sz002409,雅克科技,2025-09-29 14:50:24,72.5,3900,72.47,U
sz002409,雅克科技,2025-09-29 14:50:30,72.49,5700,72.49,D
sz002409,雅克科技,2025-09-29 14:50:54,72.46,4100,72.47,D
sz002409,雅克科技,2025-09-29 14:50:57,72.47,5300,72.46,D
sz002409,雅克科技,2025-09-29 14:51:00,72.48,23400,72.47,U
sz002409,雅克科技,2025-09-29 14:51:03,72.45,17700,72.48,D
sz002409,雅克科技,2025-09-29 14:51:06,72.44,10000,72.45,D
sz002409,雅克科技,2025-09-29 14:51:09,72.41,8700,72.44,D
sz002409,雅克科技,2025-09-29 14:51:21,72.43,3200,72.43,U
sz002409,雅克科技,2025-09-29 14:51:27,72.43,6800,72.43,D
sz002409,雅克科技,2025-09-29 14:51:36,72.46,4500,72.45,U
sz002409,雅克科技,2025-09-29 14:51:42,72.48,9100,72.48,U
sz002409,雅克科技,2025-09-29 14:51:51,72.51,6000,72.5,U
sz002409,雅克科技,2025-09-29 14:51:54,72.56,11900,72.51,U
sz002409,雅克科技,2025-09-29 14:52:03,72.57,8500,72.57,U
sz002409,雅克科技,2025-09-29 14:52:09,72.54,4600,72.58,D
sz002409,雅克科技,2025-09-29 14:52:12,72.52,4200,72.54,D
sz002409,雅克科技,2025-09-29 14:52:18,72.5,3000,72.52,D
sz002409,雅克科技,2025-09-29 14:52:21,72.52,3300,72.5,E
sz002409,雅克科技,2025-09-29 14:52:27,72.5,5100,72.49,U
sz002409,雅克科技,2025-09-29 14:52:30,72.47,24400,72.5,D
sz002409,雅克科技,2025-09-29 14:52:39,72.45,5900,72.47,E
sz002409,雅克科技,2025-09-29 14:52:45,72.5,4400,72.47,U
sz002409,雅克科技,2025-09-29 14:52:51,72.49,12600,72.49,E
sz002409,雅克科技,2025-09-29 14:52:54,72.53,3300,72.49,U
sz002409,雅克科技,2025-09-29 14:52:57,72.52,5500,72.53,E
sz002409,雅克科技,2025-09-29 14:53:00,72.52,3100,72.52,E
sz002409,雅克科技,2025-09-29 14:53:09,72.58,4600,72.53,U
sz002409,雅克科技,2025-09-29 14:53:15,72.55,4300,72.55,D
sz002409,雅克科技,2025-09-29 14:53:21,72.55,3100,72.55,D
sz002409,雅克科技,2025-09-29 14:53:24,72.58,5200,72.55,E
sz002409,雅克科技,2025-09-29 14:53:27,72.58,3300,72.58,U
sz002409,雅克科技,2025-09-29 14:53:33,72.58,4400,72.58,D
sz002409,雅克科技,2025-09-29 14:53:36,72.6,27800,72.58,U
sz002409,雅克科技,2025-09-29 14:53:42,72.61,6000,72.6,U
sz002409,雅克科技,2025-09-29 14:53:48,72.61,3600,72.6,U
sz002409,雅克科技,2025-09-29 14:53:51,72.61,6600,72.61,D
sz002409,雅克科技,2025-09-29 14:53:54,72.61,19400,72.61,U
sz002409,雅克科技,2025-09-29 14:53:57,72.61,3600,72.61,D
sz002409,雅克科技,2025-09-29 14:54:00,72.63,6800,72.61,U
sz002409,雅克科技,2025-09-29 14:54:03,72.65,9600,72.63,U
sz002409,雅克科技,2025-09-29 14:54:06,72.64,4800,72.65,U
sz002409,雅克科技,2025-09-29 14:54:12,72.62,7500,72.64,D
sz002409,雅克科技,2025-09-29 14:54:15,72.63,20200,72.62,U
sz002409,雅克科技,2025-09-29 14:54:18,72.59,7800,72.63,D
sz002409,雅克科技,2025-09-29 14:54:21,72.55,5600,72.59,D
sz002409,雅克科技,2025-09-29 14:54:27,72.54,5500,72.56,D
sz002409,雅克科技,2025-09-29 14:54:30,72.53,4700,72.54,D
sz002409,雅克科技,2025-09-29 14:54:33,72.53,4200,72.53,D
sz002409,雅克科技,2025-09-29 14:54:39,72.54,13100,72.58,D
sz002409,雅克科技,2025-09-29 14:54:48,72.6,4900,72.6,U
sz002409,雅克科技,2025-09-29 14:54:51,72.6,8000,72.6,U
sz002409,雅克科技,2025-09-29 14:54:54,72.6,4400,72.6,U
sz002409,雅克科技,2025-09-29 14:54:57,72.6,9500,72.6,U
sz002409,雅克科技,2025-09-29 14:55:00,72.6,4900,72.6,U
sz002409,雅克科技,2025-09-29 14:55:03,72.62,8000,72.6,U
sz002409,雅克科技,2025-09-29 14:55:18,72.63,18200,72.62,U
sz002409,雅克科技,2025-09-29 14:55:24,72.65,5900,72.64,U
sz002409,雅克科技,2025-09-29 14:55:27,72.65,15900,72.65,U
sz002409,雅克科技,2025-09-29 14:55:30,72.66,2900,72.65,U
sz002409,雅克科技,2025-09-29 14:55:33,72.65,6800,72.66,D
sz002409,雅克科技,2025-09-29 14:55:36,72.66,4900,72.65,U
sz002409,雅克科技,2025-09-29 14:55:39,72.67,3900,72.66,U
sz002409,雅克科技,2025-09-29 14:55:42,72.7,4200,72.67,U
sz002409,雅克科技,2025-09-29 14:55:45,72.78,7600,72.7,U
sz002409,雅克科技,2025-09-29 14:55:48,72.67,52200,72.78,D
sz002409,雅克科技,2025-09-29 14:55:51,72.7,14400,72.67,U
sz002409,雅克科技,2025-09-29 14:55:54,72.66,5200,72.7,E
sz002409,雅克科技,2025-09-29 14:55:57,72.61,15200,72.66,D
sz002409,雅克科技,2025-09-29 14:56:00,72.61,25200,72.61,U
sz002409,雅克科技,2025-09-29 14:56:03,72.7,7800,72.61,U
sz002409,雅克科技,2025-09-29 14:56:06,72.62,5100,72.7,D
sz002409,雅克科技,2025-09-29 14:56:09,72.61,16500,72.62,D
sz002409,雅克科技,2025-09-29 14:56:12,72.68,7400,72.61,U
sz002409,雅克科技,2025-09-29 14:56:18,72.68,8400,72.65,U
sz002409,雅克科技,2025-09-29 14:56:21,72.66,7300,72.68,E
sz002409,雅克科技,2025-09-29 14:56:24,72.68,3900,72.66,U
sz002409,雅克科技,2025-09-29 14:56:27,72.67,10400,72.68,D
sz002409,雅克科技,2025-09-29 14:56:33,72.67,3100,72.68,E
sz002409,雅克科技,2025-09-29 14:56:36,72.68,6600,72.67,U
sz002409,雅克科技,2025-09-29 14:56:39,72.67,20700,72.68,D
sz002409,雅克科技,2025-09-29 14:56:42,72.64,9100,72.67,D
sz002409,雅克科技,2025-09-29 14:56:45,72.66,14400,72.64,D
sz002409,雅克科技,2025-09-29 14:56:48,72.65,3700,72.66,E
sz002409,雅克科技,2025-09-29 14:56:51,72.66,7100,72.65,U
sz002409,雅克科技,2025-09-29 14:56:54,72.64,10100,72.66,E
sz002409,雅克科技,2025-09-29 14:56:57,72.72,17400,72.64,U
sz002409,雅克科技,2025-09-29 15:00:00,72.9,369700,72.68,U
