symbol,name,ticktime,price,volume,prev_price,kind
sz002409,雅克科技,2025-10-10 09:25:00,80.0,548200,0.0,D
sz002409,雅克科技,2025-10-10 09:30:00,80.15,439288,80.0,U
sz002409,雅克科技,2025-10-10 09:30:03,80.31,469422,80.15,U
sz002409,雅克科技,2025-10-10 09:30:06,81.4,145200,80.31,U
sz002409,雅克科技,2025-10-10 09:30:09,81.11,212400,81.4,D
sz002409,雅克科技,2025-10-10 09:30:12,81.95,184300,81.11,U
sz002409,雅克科技,2025-10-10 09:30:15,81.95,178900,81.95,U
sz002409,雅克科技,2025-10-10 09:30:18,81.95,302000,81.95,D
sz002409,雅克科技,2025-10-10 09:30:21,81.6,281000,81.95,D
sz002409,雅克科技,2025-10-10 09:30:24,81.82,95300,81.6,U
sz002409,雅克科技,2025-10-10 09:30:27,81.97,87800,81.82,U
sz002409,雅克科技,2025-10-10 09:30:30,82.12,139000,81.97,U
sz002409,雅克科技,2025-10-10 09:30:33,82.36,123300,82.12,U
sz002409,雅克科技,2025-10-10 09:30:36,82.66,59500,82.36,U
sz002409,雅克科技,2025-10-10 09:30:39,82.7,75300,82.66,U
sz002409,雅克科技,2025-10-10 09:30:42,82.81,81400,82.7,U
sz002409,雅克科技,2025-10-10 09:30:45,83.0,83300,82.81,U
sz002409,雅克科技,2025-10-10 09:30:48,83.13,143600,83.0,U
sz002409,雅克科技,2025-10-10 09:30:51,83.5,120300,83.13,U
sz002409,雅克科技,2025-10-10 09:30:54,83.76,71700,83.5,U
sz002409,雅克科技,2025-10-10 09:30:57,84.0,54900,83.76,U
sz002409,雅克科技,2025-10-10 09:31:00,84.17,267400,84.0,U
sz002409,雅克科技,2025-10-10 09:31:03,84.28,146300,84.17,U
sz002409,雅克科技,2025-10-10 09:31:06,84.65,247700,84.28,U
sz002409,雅克科技,2025-10-10 09:31:09,84.96,85900,84.65,U
sz002409,雅克科技,2025-10-10 09:31:12,85.0,144700,84.96,U
sz002409,雅克科技,2025-10-10 09:31:15,85.15,81200,85.0,U
sz002409,雅克科技,2025-10-10 09:31:18,85.3,78700,85.15,U
sz002409,雅克科技,2025-10-10 09:31:21,85.37,50200,85.3,U
sz002409,雅克科技,2025-10-10 09:31:24,85.3,188800,85.37,D
sz002409,雅克科技,2025-10-10 09:31:27,85.3,327300,85.3,U
sz002409,雅克科技,2025-10-10 09:31:30,85.38,97700,85.3,U
sz002409,雅克科技,2025-10-10 09:31:33,85.37,78800,85.38,D
sz002409,雅克科技,2025-10-10 09:31:36,85.3,201100,85.37,D
sz002409,雅克科技,2025-10-10 09:31:39,85.02,120300,85.3,D
sz002409,雅克科技,2025-10-10 09:31:42,85.3,128600,85.02,U
sz002409,雅克科技,2025-10-10 09:31:45,85.19,133400,85.3,E
sz002409,雅克科技,2025-10-10 09:31:48,85.02,111400,85.19,D
sz002409,雅克科技,2025-10-10 09:31:51,85.01,107200,85.02,E
sz002409,雅克科技,2025-10-10 09:31:54,84.97,59100,85.01,D
sz002409,雅克科技,2025-10-10 09:31:57,84.95,44800,84.97,D
sz002409,雅克科技,2025-10-10 09:32:00,84.77,42900,84.95,D
sz002409,雅克科技,2025-10-10 09:32:03,84.68,69700,84.77,E
sz002409,雅克科技,2025-10-10 09:32:06,84.71,184800,84.68,U
sz002409,雅克科技,2025-10-10 09:32:09,84.71,157500,84.71,D
sz002409,雅克科技,2025-10-10 09:32:12,84.67,48700,84.71,D
sz002409,雅克科技,2025-10-10 09:32:15,84.55,137800,84.67,D
sz002409,雅克科技,2025-10-10 09:32:18,84.51,61900,84.55,E
sz002409,雅克科技,2025-10-10 09:32:21,84.48,65700,84.51,D
sz002409,雅克科技,2025-10-10 09:32:24,84.51,78516,84.48,U
sz002409,雅克科技,2025-10-10 09:32:27,84.62,67300,84.51,U
sz002409,雅克科技,2025-10-10 09:32:30,84.5,40000,84.62,D
sz002409,雅克科技,2025-10-10 09:32:33,84.59,102100,84.5,U
sz002409,雅克科技,2025-10-10 09:32:36,84.62,72200,84.59,U
sz002409,雅克科技,2025-10-10 09:32:39,84.7,83900,84.62,U
sz002409,雅克科技,2025-10-10 09:32:42,84.64,202000,84.7,D
sz002409,雅克科技,2025-10-10 09:32:45,84.65,36300,84.64,U
sz002409,雅克科技,2025-10-10 09:32:48,84.7,72900,84.65,U
sz002409,雅克科技,2025-10-10 09:32:51,84.81,41700,84.7,U
sz002409,雅克科技,2025-10-10 09:32:54,84.86,93600,84.81,E
sz002409,雅克科技,2025-10-10 09:32:57,84.96,111300,84.86,U
sz002409,雅克科技,2025-10-10 09:33:00,85.14,26800,84.96,U
sz002409,雅克科技,2025-10-10 09:33:03,85.29,81700,85.14,U
sz002409,雅克科技,2025-10-10 09:33:06,85.31,127400,85.29,U
sz002409,雅克科技,2025-10-10 09:33:09,85.18,80200,85.31,D
sz002409,雅克科技,2025-10-10 09:33:12,85.43,53400,85.18,U
sz002409,雅克科技,2025-10-10 09:33:15,85.45,69900,85.43,U
sz002409,雅克科技,2025-10-10 09:33:18,85.81,115500,85.45,U
sz002409,雅克科技,2025-10-10 09:33:21,85.81,224100,85.81,U
sz002409,雅克科技,2025-10-10 09:33:24,85.88,133200,85.81,U
sz002409,雅克科技,2025-10-10 09:33:27,85.79,118900,85.88,D
sz002409,雅克科技,2025-10-10 09:33:30,85.92,147700,85.79,U
sz002409,雅克科技,2025-10-10 09:33:33,86.17,31900,85.92,U
sz002409,雅克科技,2025-10-10 09:33:36,86.3,74000,86.17,U
sz002409,雅克科技,2025-10-10 09:33:39,86.39,25900,86.3,U
sz002409,雅克科技,2025-10-10 09:33:42,86.49,52000,86.39,E
sz002409,雅克科技,2025-10-10 09:33:45,86.49,93200,86.49,D
sz002409,雅克科技,2025-10-10 09:33:48,86.25,148900,86.49,D
sz002409,雅克科技,2025-10-10 09:33:51,85.98,78400,86.25,D
sz002409,雅克科技,2025-10-10 09:33:54,86.24,41300,85.98,U
sz002409,雅克科技,2025-10-10 09:33:57,86.31,71000,86.24,U
sz002409,雅克科技,2025-10-10 09:34:00,86.29,61500,86.31,E
sz002409,雅克科技,2025-10-10 09:34:03,85.98,80700,86.29,D
sz002409,雅克科技,2025-10-10 09:34:06,85.88,79600,85.98,D
sz002409,雅克科技,2025-10-10 09:34:09,85.64,39300,85.88,D
sz002409,雅克科技,2025-10-10 09:34:12,85.63,79400,85.64,D
sz002409,雅克科技,2025-10-10 09:34:15,85.49,47800,85.63,D
sz002409,雅克科技,2025-10-10 09:34:18,85.48,30300,85.49,D
sz002409,雅克科技,2025-10-10 09:34:21,85.51,135100,85.48,U
sz002409,雅克科技,2025-10-10 09:34:24,85.5,58500,85.51,D
sz002409,雅克科技,2025-10-10 09:34:27,85.48,32500,85.5,D
sz002409,雅克科技,2025-10-10 09:34:30,85.5,81400,85.48,U
sz002409,雅克科技,2025-10-10 09:34:33,85.49,99100,85.5,D
sz002409,雅克科技,2025-10-10 09:34:36,85.45,52300,85.49,E
sz002409,雅克科技,2025-10-10 09:34:39,85.18,64500,85.45,D
sz002409,雅克科技,2025-10-10 09:34:42,84.94,46100,85.18,D
sz002409,雅克科技,2025-10-10 09:34:45,84.9,54600,84.94,D
sz002409,雅克科技,2025-10-10 09:34:48,84.7,48800,84.9,D
sz002409,雅克科技,2025-10-10 09:34:51,84.6,34100,84.7,D
sz002409,雅克科技,2025-10-10 09:34:54,84.5,27800,84.6,D
sz002409,雅克科技,2025-10-10 09:34:57,84.5,42500,84.5,D
sz002409,雅克科技,2025-10-10 09:35:00,84.72,42900,84.5,U
sz002409,雅克科技,2025-10-10 09:35:03,84.85,56600,84.72,U
sz002409,雅克科技,2025-10-10 09:35:06,84.72,31900,84.85,D
sz002409,雅克科技,2025-10-10 09:35:09,84.96,33900,84.72,U
sz002409,雅克科技,2025-10-10 09:35:12,84.96,69500,84.96,D
sz002409,雅克科技,2025-10-10 09:35:15,84.96,22400,84.96,U
sz002409,雅克科技,2025-10-10 09:35:18,84.96,80200,84.96,U
sz002409,雅克科技,2025-10-10 09:35:21,84.78,40600,84.96,E
sz002409,雅克科技,2025-10-10 09:35:24,84.66,30200,84.78,E
sz002409,雅克科技,2025-10-10 09:35:27,84.6,32400,84.66,D
sz002409,雅克科技,2025-10-10 09:35:30,84.51,38200,84.6,D
sz002409,雅克科技,2025-10-10 09:35:33,84.59,26000,84.51,E
sz002409,雅克科技,2025-10-10 09:35:36,84.48,38300,84.59,D
sz002409,雅克科技,2025-10-10 09:35:39,84.47,37700,84.48,D
sz002409,雅克科技,2025-10-10 09:35:42,84.42,64500,84.47,E
sz002409,雅克科技,2025-10-10 09:35:45,84.47,54500,84.42,U
sz002409,雅克科技,2025-10-10 09:35:48,84.4,92500,84.47,E
sz002409,雅克科技,2025-10-10 09:35:51,84.32,48500,84.4,E
sz002409,雅克科技,2025-10-10 09:35:54,84.19,51200,84.32,D
sz002409,雅克科技,2025-10-10 09:35:57,84.27,70200,84.19,U
sz002409,雅克科技,2025-10-10 09:36:00,84.41,38800,84.27,U
sz002409,雅克科技,2025-10-10 09:36:03,84.41,57700,84.41,D
sz002409,雅克科技,2025-10-10 09:36:06,84.09,79300,84.41,D
sz002409,雅克科技,2025-10-10 09:36:09,83.75,195584,84.09,D
sz002409,雅克科技,2025-10-10 09:36:12,83.65,6700,83.75,D
sz002409,雅克科技,2025-10-10 09:36:15,83.49,27800,83.65,D
sz002409,雅克科技,2025-10-10 09:36:18,83.49,19100,83.49,U
sz002409,雅克科技,2025-10-10 09:36:21,83.52,69400,83.49,U
sz002409,雅克科技,2025-10-10 09:36:24,83.27,28600,83.52,D
sz002409,雅克科技,2025-10-10 09:36:27,83.93,146400,83.27,U
sz002409,雅克科技,2025-10-10 09:36:30,83.98,104500,83.93,U
sz002409,雅克科技,2025-10-10 09:36:33,83.96,47300,83.98,D
sz002409,雅克科技,2025-10-10 09:36:36,84.18,59200,83.96,U
sz002409,雅克科技,2025-10-10 09:36:39,84.18,83000,84.18,D
sz002409,雅克科技,2025-10-10 09:36:42,84.01,95500,84.18,D
sz002409,雅克科技,2025-10-10 09:36:45,83.9,72500,84.01,D
sz002409,雅克科技,2025-10-10 09:36:48,83.68,28800,83.9,D
sz002409,雅克科技,2025-10-10 09:36:51,83.64,25000,83.68,D
sz002409,雅克科技,2025-10-10 09:36:54,83.4,69100,83.64,D
sz002409,雅克科技,2025-10-10 09:36:57,83.26,62500,83.4,D
sz002409,雅克科技,2025-10-10 09:37:00,83.0,98800,83.26,D
sz002409,雅克科技,2025-10-10 09:37:03,83.04,62000,83.0,E
sz002409,雅克科技,2025-10-10 09:37:06,83.04,80400,83.04,D
sz002409,雅克科技,2025-10-10 09:37:09,83.11,90800,83.04,D
sz002409,雅克科技,2025-10-10 09:37:12,83.26,57800,83.11,U
sz002409,雅克科技,2025-10-10 09:37:15,83.31,49100,83.26,U
sz002409,雅克科技,2025-10-10 09:37:18,83.29,35700,83.31,D
sz002409,雅克科技,2025-10-10 09:37:21,83.28,18700,83.29,E
sz002409,雅克科技,2025-10-10 09:37:24,83.28,41800,83.28,D
sz002409,雅克科技,2025-10-10 09:37:27,83.1,28400,83.28,D
sz002409,雅克科技,2025-10-10 09:37:30,83.1,57400,83.1,D
sz002409,雅克科技,2025-10-10 09:37:33,83.27,56300,83.1,U
sz002409,雅克科技,2025-10-10 09:37:36,83.21,27600,83.27,E
sz002409,雅克科技,2025-10-10 09:37:39,83.22,14100,83.21,U
sz002409,雅克科技,2025-10-10 09:37:42,83.2,15200,83.22,U
sz002409,雅克科技,2025-10-10 09:37:45,83.31,54514,83.2,U
sz002409,雅克科技,2025-10-10 09:37:48,83.33,16600,83.31,E
sz002409,雅克科技,2025-10-10 09:37:51,83.33,23500,83.33,D
sz002409,雅克科技,2025-10-10 09:37:54,83.26,18900,83.33,D
sz002409,雅克科技,2025-10-10 09:37:57,83.3,12500,83.26,U
sz002409,雅克科技,2025-10-10 09:38:00,83.3,35700,83.3,E
sz002409,雅克科技,2025-10-10 09:38:03,83.29,15500,83.3,D
sz002409,雅克科技,2025-10-10 09:38:06,83.37,17600,83.29,U
sz002409,雅克科技,2025-10-10 09:38:09,83.45,19900,83.37,E
sz002409,雅克科技,2025-10-10 09:38:12,83.46,14400,83.45,U
sz002409,雅克科技,2025-10-10 09:38:15,83.55,12100,83.46,U
sz002409,雅克科技,2025-10-10 09:38:18,83.59,5000,83.55,U
sz002409,雅克科技,2025-10-10 09:38:21,83.45,37100,83.59,D
sz002409,雅克科技,2025-10-10 09:38:24,83.37,44600,83.45,D
sz002409,雅克科技,2025-10-10 09:38:27,83.5,16300,83.37,U
sz002409,雅克科技,2025-10-10 09:38:30,83.37,19600,83.5,E
sz002409,雅克科技,2025-10-10 09:38:33,83.5,43900,83.37,U
sz002409,雅克科技,2025-10-10 09:38:36,83.5,23300,83.5,U
sz002409,雅克科技,2025-10-10 09:38:39,83.41,16600,83.5,U
sz002409,雅克科技,2025-10-10 09:38:42,83.42,13100,83.41,E
sz002409,雅克科技,2025-10-10 09:38:45,83.42,11900,83.42,D
sz002409,雅克科技,2025-10-10 09:38:48,83.49,6000,83.42,E
sz002409,雅克科技,2025-10-10 09:38:51,83.49,12500,83.49,U
sz002409,雅克科技,2025-10-10 09:38:54,83.5,15200,83.49,U
sz002409,雅克科技,2025-10-10 09:38:57,83.35,35600,83.5,D
sz002409,雅克科技,2025-10-10 09:39:00,83.35,24400,83.35,U
sz002409,雅克科技,2025-10-10 09:39:03,83.3,36500,83.35,D
sz002409,雅克科技,2025-10-10 09:39:06,83.2,19700,83.3,D
sz002409,雅克科技,2025-10-10 09:39:09,83.11,20600,83.2,D
sz002409,雅克科技,2025-10-10 09:39:12,83.01,31400,83.11,D
sz002409,雅克科技,2025-10-10 09:39:15,82.98,37400,83.01,D
sz002409,雅克科技,2025-10-10 09:39:18,83.08,77800,82.98,U
sz002409,雅克科技,2025-10-10 09:39:21,83.18,88800,83.08,E
sz002409,雅克科技,2025-10-10 09:39:24,83.34,21000,83.18,E
sz002409,雅克科技,2025-10-10 09:39:27,83.38,22300,83.34,E
sz002409,雅克科技,2025-10-10 09:39:30,83.5,31300,83.38,U
sz002409,雅克科技,2025-10-10 09:39:33,83.48,19000,83.5,D
sz002409,雅克科技,2025-10-10 09:39:36,83.53,22200,83.48,U
sz002409,雅克科技,2025-10-10 09:39:39,83.56,24800,83.53,U
sz002409,雅克科技,2025-10-10 09:39:42,83.56,29200,83.56,D
sz002409,雅克科技,2025-10-10 09:39:45,83.52,8500,83.56,E
sz002409,雅克科技,2025-10-10 09:39:48,83.52,34300,83.52,D
sz002409,雅克科技,2025-10-10 09:39:51,83.55,30800,83.52,E
sz002409,雅克科技,2025-10-10 09:39:54,83.5,22100,83.55,E
sz002409,雅克科技,2025-10-10 09:39:57,83.31,32600,83.5,D
sz002409,雅克科技,2025-10-10 09:40:00,83.32,49200,83.31,E
sz002409,雅克科技,2025-10-10 09:40:03,83.39,46800,83.32,U
sz002409,雅克科技,2025-10-10 09:40:06,83.61,39800,83.39,U
sz002409,雅克科技,2025-10-10 09:40:09,83.53,17200,83.61,D
sz002409,雅克科技,2025-10-10 09:40:12,83.4,18800,83.53,D
sz002409,雅克科技,2025-10-10 09:40:15,83.49,41300,83.4,U
sz002409,雅克科技,2025-10-10 09:40:18,83.4,28600,83.49,D
sz002409,雅克科技,2025-10-10 09:40:21,83.45,24900,83.4,E
sz002409,雅克科技,2025-10-10 09:40:24,83.3,25300,83.45,D
sz002409,雅克科技,2025-10-10 09:40:27,83.29,11100,83.3,E
sz002409,雅克科技,2025-10-10 09:40:30,83.22,37700,83.29,D
sz002409,雅克科技,2025-10-10 09:40:33,83.2,11500,83.22,U
sz002409,雅克科技,2025-10-10 09:40:36,83.2,42000,83.2,D
sz002409,雅克科技,2025-10-10 09:40:39,83.19,27200,83.2,E
sz002409,雅克科技,2025-10-10 09:40:42,83.21,40900,83.19,U
sz002409,雅克科技,2025-10-10 09:40:45,83.41,61900,83.21,U
sz002409,雅克科技,2025-10-10 09:40:48,83.31,20900,83.41,D
sz002409,雅克科技,2025-10-10 09:40:51,83.3,25400,83.31,D
sz002409,雅克科技,2025-10-10 09:40:54,83.3,20000,83.3,U
sz002409,雅克科技,2025-10-10 09:40:57,83.29,25400,83.3,E
sz002409,雅克科技,2025-10-10 09:41:00,83.14,16900,83.29,D
sz002409,雅克科技,2025-10-10 09:41:03,83.56,105400,83.14,U
sz002409,雅克科技,2025-10-10 09:41:06,83.57,80700,83.56,U
sz002409,雅克科技,2025-10-10 09:41:09,83.44,61200,83.57,D
sz002409,雅克科技,2025-10-10 09:41:12,83.41,40900,83.44,D
sz002409,雅克科技,2025-10-10 09:41:15,83.3,162200,83.41,D
sz002409,雅克科技,2025-10-10 09:41:18,83.25,10900,83.3,D
sz002409,雅克科技,2025-10-10 09:41:21,83.25,39600,83.25,U
sz002409,雅克科技,2025-10-10 09:41:24,83.26,23200,83.25,U
sz002409,雅克科技,2025-10-10 09:41:27,83.3,19100,83.26,U
sz002409,雅克科技,2025-10-10 09:41:30,83.32,24400,83.3,E
sz002409,雅克科技,2025-10-10 09:41:33,83.43,111000,83.32,U
sz002409,雅克科技,2025-10-10 09:41:36,83.5,57900,83.43,U
sz002409,雅克科技,2025-10-10 09:41:39,83.43,22000,83.5,D
sz002409,雅克科技,2025-10-10 09:41:42,83.5,42300,83.43,U
sz002409,雅克科技,2025-10-10 09:41:45,83.5,16100,83.5,U
sz002409,雅克科技,2025-10-10 09:41:48,83.4,34100,83.5,D
sz002409,雅克科技,2025-10-10 09:41:51,83.4,10700,83.4,U
sz002409,雅克科技,2025-10-10 09:41:54,83.43,11800,83.4,E
sz002409,雅克科技,2025-10-10 09:41:57,83.39,33200,83.43,D
sz002409,雅克科技,2025-10-10 09:42:00,83.43,28300,83.39,U
sz002409,雅克科技,2025-10-10 09:42:03,83.47,48800,83.43,U
sz002409,雅克科技,2025-10-10 09:42:06,83.54,64058,83.47,U
sz002409,雅克科技,2025-10-10 09:42:09,83.64,23100,83.54,U
sz002409,雅克科技,2025-10-10 09:42:12,83.5,20600,83.64,D
sz002409,雅克科技,2025-10-10 09:42:15,83.46,30042,83.5,D
sz002409,雅克科技,2025-10-10 09:42:18,83.6,25358,83.46,U
sz002409,雅克科技,2025-10-10 09:42:21,83.61,34100,83.6,D
sz002409,雅克科技,2025-10-10 09:42:24,83.65,71600,83.61,U
sz002409,雅克科技,2025-10-10 09:42:27,83.61,19600,83.65,D
sz002409,雅克科技,2025-10-10 09:42:30,83.65,16500,83.61,U
sz002409,雅克科技,2025-10-10 09:42:33,83.56,38200,83.65,D
sz002409,雅克科技,2025-10-10 09:42:36,83.65,26200,83.56,U
sz002409,雅克科技,2025-10-10 09:42:39,83.46,19300,83.65,D
sz002409,雅克科技,2025-10-10 09:42:42,83.46,32300,83.46,D
sz002409,雅克科技,2025-10-10 09:42:45,83.43,14600,83.46,D
sz002409,雅克科技,2025-10-10 09:42:48,83.53,22300,83.43,E
sz002409,雅克科技,2025-10-10 09:42:51,83.41,18900,83.53,D
sz002409,雅克科技,2025-10-10 09:42:54,83.46,13100,83.41,E
sz002409,雅克科技,2025-10-10 09:42:57,83.45,53000,83.46,D
sz002409,雅克科技,2025-10-10 09:43:00,83.62,37900,83.45,U
sz002409,雅克科技,2025-10-10 09:43:03,83.87,83600,83.62,U
sz002409,雅克科技,2025-10-10 09:43:06,83.57,34300,83.87,D
sz002409,雅克科技,2025-10-10 09:43:09,83.85,8300,83.57,U
sz002409,雅克科技,2025-10-10 09:43:12,83.66,12400,83.85,D
sz002409,雅克科技,2025-10-10 09:43:15,83.67,15000,83.66,U
sz002409,雅克科技,2025-10-10 09:43:18,83.65,56600,83.67,E
sz002409,雅克科技,2025-10-10 09:43:21,83.67,90100,83.65,U
sz002409,雅克科技,2025-10-10 09:43:24,83.59,85500,83.67,D
sz002409,雅克科技,2025-10-10 09:43:27,83.46,25600,83.59,D
sz002409,雅克科技,2025-10-10 09:43:30,83.46,57600,83.46,U
sz002409,雅克科技,2025-10-10 09:43:33,83.38,29700,83.46,D
sz002409,雅克科技,2025-10-10 09:43:36,83.36,48500,83.38,D
sz002409,雅克科技,2025-10-10 09:43:39,83.3,19500,83.36,D
sz002409,雅克科技,2025-10-10 09:43:42,83.15,76100,83.3,D
sz002409,雅克科技,2025-10-10 09:43:45,83.02,26100,83.15,D
sz002409,雅克科技,2025-10-10 09:43:48,83.34,70600,83.02,U
sz002409,雅克科技,2025-10-10 09:43:51,83.33,17800,83.34,D
sz002409,雅克科技,2025-10-10 09:43:54,83.33,24600,83.33,D
sz002409,雅克科技,2025-10-10 09:43:57,83.33,17500,83.33,D
sz002409,雅克科技,2025-10-10 09:44:00,83.33,17400,83.33,U
sz002409,雅克科技,2025-10-10 09:44:03,83.32,23900,83.33,E
sz002409,雅克科技,2025-10-10 09:44:06,83.5,50300,83.32,U
sz002409,雅克科技,2025-10-10 09:44:09,83.39,8300,83.5,E
sz002409,雅克科技,2025-10-10 09:44:12,83.44,13400,83.39,E
sz002409,雅克科技,2025-10-10 09:44:15,83.5,20100,83.44,E
sz002409,雅克科技,2025-10-10 09:44:18,83.44,8700,83.5,D
sz002409,雅克科技,2025-10-10 09:44:21,83.52,13800,83.44,U
sz002409,雅克科技,2025-10-10 09:44:24,83.53,8500,83.52,U
sz002409,雅克科技,2025-10-10 09:44:27,83.44,11500,83.53,D
sz002409,雅克科技,2025-10-10 09:44:30,83.5,13800,83.44,U
sz002409,雅克科技,2025-10-10 09:44:33,83.43,14900,83.5,D
sz002409,雅克科技,2025-10-10 09:44:36,83.44,16200,83.43,U
sz002409,雅克科技,2025-10-10 09:44:39,83.5,8300,83.44,U
sz002409,雅克科技,2025-10-10 09:44:42,83.48,46000,83.5,D
sz002409,雅克科技,2025-10-10 09:44:45,83.5,12000,83.48,U
sz002409,雅克科技,2025-10-10 09:44:48,83.5,24000,83.5,D
sz002409,雅克科技,2025-10-10 09:44:51,83.5,42600,83.5,U
sz002409,雅克科技,2025-10-10 09:44:54,83.43,15600,83.5,D
sz002409,雅克科技,2025-10-10 09:44:57,83.46,12900,83.43,E
sz002409,雅克科技,2025-10-10 09:45:00,83.49,14400,83.46,E
sz002409,雅克科技,2025-10-10 09:45:03,83.48,15100,83.49,E
sz002409,雅克科技,2025-10-10 09:45:06,83.43,22200,83.48,D
sz002409,雅克科技,2025-10-10 09:45:09,83.38,12800,83.43,E
sz002409,雅克科技,2025-10-10 09:45:12,83.34,43300,83.38,E
sz002409,雅克科技,2025-10-10 09:45:15,83.43,30600,83.34,U
sz002409,雅克科技,2025-10-10 09:45:18,83.36,17500,83.43,D
sz002409,雅克科技,2025-10-10 09:45:21,83.35,11500,83.36,E
sz002409,雅克科技,2025-10-10 09:45:24,83.2,11000,83.35,D
sz002409,雅克科技,2025-10-10 09:45:27,83.21,21200,83.2,E
sz002409,雅克科技,2025-10-10 09:45:30,83.2,20600,83.21,D
sz002409,雅克科技,2025-10-10 09:45:33,83.21,15000,83.2,D
sz002409,雅克科技,2025-10-10 09:45:36,83.12,20900,83.21,D
sz002409,雅克科技,2025-10-10 09:45:39,83.1,21800,83.12,D
sz002409,雅克科技,2025-10-10 09:45:42,83.02,22600,83.1,D
sz002409,雅克科技,2025-10-10 09:45:45,82.93,80400,83.02,D
sz002409,雅克科技,2025-10-10 09:45:48,82.81,13000,82.93,D
sz002409,雅克科技,2025-10-10 09:45:51,82.78,10600,82.81,D
sz002409,雅克科技,2025-10-10 09:45:54,82.81,30700,82.78,U
sz002409,雅克科技,2025-10-10 09:45:57,82.8,24100,82.81,D
sz002409,雅克科技,2025-10-10 09:46:00,82.93,104200,82.8,U
sz002409,雅克科技,2025-10-10 09:46:03,83.01,81700,82.93,E
sz002409,雅克科技,2025-10-10 09:46:06,82.98,76900,83.01,D
sz002409,雅克科技,2025-10-10 09:46:09,83.05,21000,82.98,E
sz002409,雅克科技,2025-10-10 09:46:12,83.01,10900,83.05,E
sz002409,雅克科技,2025-10-10 09:46:15,83.34,27400,83.01,U
sz002409,雅克科技,2025-10-10 09:46:18,83.28,29000,83.34,E
sz002409,雅克科技,2025-10-10 09:46:21,83.16,25600,83.28,D
sz002409,雅克科技,2025-10-10 09:46:24,83.3,8200,83.16,E
sz002409,雅克科技,2025-10-10 09:46:30,83.09,21100,83.29,D
sz002409,雅克科技,2025-10-10 09:46:33,83.09,4900,83.09,D
sz002409,雅克科技,2025-10-10 09:46:36,83.2,37600,83.09,U
sz002409,雅克科技,2025-10-10 09:46:39,83.19,11800,83.2,D
sz002409,雅克科技,2025-10-10 09:46:42,83.1,14100,83.19,D
sz002409,雅克科技,2025-10-10 09:46:45,83.16,22700,83.1,E
sz002409,雅克科技,2025-10-10 09:46:48,83.16,10300,83.16,D
sz002409,雅克科技,2025-10-10 09:46:51,83.18,17500,83.16,E
sz002409,雅克科技,2025-10-10 09:46:54,83.2,21700,83.18,U
sz002409,雅克科技,2025-10-10 09:46:57,83.2,21900,83.2,D
sz002409,雅克科技,2025-10-10 09:47:00,83.2,9400,83.2,D
sz002409,雅克科技,2025-10-10 09:47:03,83.2,22800,83.2,U
sz002409,雅克科技,2025-10-10 09:47:06,83.2,16900,83.2,D
sz002409,雅克科技,2025-10-10 09:47:09,83.1,13600,83.2,D
sz002409,雅克科技,2025-10-10 09:47:12,83.07,14300,83.1,D
sz002409,雅克科技,2025-10-10 09:47:15,83.11,62800,83.07,U
sz002409,雅克科技,2025-10-10 09:47:18,83.0,4000,83.11,D
sz002409,雅克科技,2025-10-10 09:47:21,83.0,9500,83.0,D
sz002409,雅克科技,2025-10-10 09:47:24,82.93,10300,83.0,D
sz002409,雅克科技,2025-10-10 09:47:27,82.81,17700,82.93,D
sz002409,雅克科技,2025-10-10 09:47:30,82.8,8200,82.81,D
sz002409,雅克科技,2025-10-10 09:47:33,82.68,3400,82.8,D
sz002409,雅克科技,2025-10-10 09:47:36,82.66,4400,82.68,D
sz002409,雅克科技,2025-10-10 09:47:39,82.5,14500,82.66,D
sz002409,雅克科技,2025-10-10 09:47:42,82.51,21000,82.5,E
sz002409,雅克科技,2025-10-10 09:47:45,82.51,20700,82.51,D
sz002409,雅克科技,2025-10-10 09:47:48,82.52,37900,82.51,E
sz002409,雅克科技,2025-10-10 09:47:51,82.51,24500,82.52,D
sz002409,雅克科技,2025-10-10 09:47:54,82.57,68900,82.51,E
sz002409,雅克科技,2025-10-10 09:47:57,82.56,25700,82.57,D
sz002409,雅克科技,2025-10-10 09:48:00,82.8,16600,82.56,U
sz002409,雅克科技,2025-10-10 09:48:03,82.97,20600,82.8,U
sz002409,雅克科技,2025-10-10 09:48:06,83.0,24700,82.97,U
sz002409,雅克科技,2025-10-10 09:48:09,82.89,15900,83.0,D
sz002409,雅克科技,2025-10-10 09:48:12,82.84,7600,82.89,D
sz002409,雅克科技,2025-10-10 09:48:15,82.84,6300,82.84,D
sz002409,雅克科技,2025-10-10 09:48:18,82.89,15700,82.84,U
sz002409,雅克科技,2025-10-10 09:48:21,82.97,3000,82.89,E
sz002409,雅克科技,2025-10-10 09:48:24,82.99,10100,82.97,U
sz002409,雅克科技,2025-10-10 09:48:27,82.99,4700,82.99,E
sz002409,雅克科技,2025-10-10 09:48:30,82.9,5900,82.99,D
sz002409,雅克科技,2025-10-10 09:48:33,83.0,27000,82.9,U
sz002409,雅克科技,2025-10-10 09:48:36,82.98,3500,83.0,D
sz002409,雅克科技,2025-10-10 09:48:39,82.9,9100,82.98,D
sz002409,雅克科技,2025-10-10 09:48:42,82.95,32800,82.9,U
sz002409,雅克科技,2025-10-10 09:48:45,83.0,35785,82.95,U
sz002409,雅克科技,2025-10-10 09:48:48,83.0,26800,83.0,D
sz002409,雅克科技,2025-10-10 09:48:51,83.0,11800,83.0,D
sz002409,雅克科技,2025-10-10 09:48:54,83.0,5100,83.0,D
sz002409,雅克科技,2025-10-10 09:48:57,83.2,7400,83.0,U
sz002409,雅克科技,2025-10-10 09:49:00,83.05,7600,83.2,D
sz002409,雅克科技,2025-10-10 09:49:03,83.2,26700,83.05,U
sz002409,雅克科技,2025-10-10 09:49:06,83.34,57000,83.2,U
sz002409,雅克科技,2025-10-10 09:49:09,83.32,13500,83.34,D
sz002409,雅克科技,2025-10-10 09:49:12,83.34,18800,83.32,U
sz002409,雅克科技,2025-10-10 09:49:15,83.47,24200,83.34,U
sz002409,雅克科技,2025-10-10 09:49:18,83.42,4300,83.47,E
sz002409,雅克科技,2025-10-10 09:49:21,83.45,24600,83.42,U
sz002409,雅克科技,2025-10-10 09:49:24,83.45,21700,83.45,D
sz002409,雅克科技,2025-10-10 09:49:27,83.42,6600,83.45,D
sz002409,雅克科技,2025-10-10 09:49:30,83.42,11000,83.42,D
sz002409,雅克科技,2025-10-10 09:49:33,83.51,29700,83.42,U
sz002409,雅克科技,2025-10-10 09:49:36,83.53,7200,83.51,U
sz002409,雅克科技,2025-10-10 09:49:39,83.56,2500,83.53,U
sz002409,雅克科技,2025-10-10 09:49:42,83.61,25500,83.56,U
sz002409,雅克科技,2025-10-10 09:49:45,83.65,15800,83.61,U
sz002409,雅克科技,2025-10-10 09:49:48,83.64,3400,83.65,D
sz002409,雅克科技,2025-10-10 09:49:51,83.68,3400,83.64,U
sz002409,雅克科技,2025-10-10 09:49:54,83.7,7200,83.68,U
sz002409,雅克科技,2025-10-10 09:49:57,83.78,12600,83.7,U
sz002409,雅克科技,2025-10-10 09:50:00,83.85,36500,83.78,U
sz002409,雅克科技,2025-10-10 09:50:03,83.85,53600,83.85,U
sz002409,雅克科技,2025-10-10 09:50:06,83.9,6800,83.85,U
sz002409,雅克科技,2025-10-10 09:50:09,83.91,4000,83.9,U
sz002409,雅克科技,2025-10-10 09:50:12,83.93,7700,83.91,U
sz002409,雅克科技,2025-10-10 09:50:15,83.93,9700,83.93,U
sz002409,雅克科技,2025-10-10 09:50:18,83.93,57400,83.93,U
sz002409,雅克科技,2025-10-10 09:50:21,83.93,23600,83.93,U
sz002409,雅克科技,2025-10-10 09:50:24,83.95,8700,83.93,U
sz002409,雅克科技,2025-10-10 09:50:27,83.95,9700,83.95,U
sz002409,雅克科技,2025-10-10 09:50:30,83.96,18700,83.95,U
sz002409,雅克科技,2025-10-10 09:50:33,83.98,32200,83.96,U
sz002409,雅克科技,2025-10-10 09:50:36,83.97,6100,83.98,E
sz002409,雅克科技,2025-10-10 09:50:39,84.0,12400,83.97,U
sz002409,雅克科技,2025-10-10 09:50:42,84.0,9000,84.0,U
sz002409,雅克科技,2025-10-10 09:50:45,84.0,30900,84.0,U
sz002409,雅克科技,2025-10-10 09:50:48,84.1,8800,84.0,U
sz002409,雅克科技,2025-10-10 09:50:51,84.14,5196,84.1,U
sz002409,雅克科技,2025-10-10 09:50:54,84.14,6600,84.14,U
sz002409,雅克科技,2025-10-10 09:50:57,84.2,9500,84.14,U
sz002409,雅克科技,2025-10-10 09:51:00,84.2,11200,84.2,U
sz002409,雅克科技,2025-10-10 09:51:03,84.28,7800,84.2,U
sz002409,雅克科技,2025-10-10 09:51:06,84.31,10300,84.28,U
sz002409,雅克科技,2025-10-10 09:51:09,84.41,7600,84.31,U
sz002409,雅克科技,2025-10-10 09:51:12,84.35,10800,84.41,D
sz002409,雅克科技,2025-10-10 09:51:15,84.48,31900,84.35,U
sz002409,雅克科技,2025-10-10 09:51:18,84.49,10000,84.48,U
sz002409,雅克科技,2025-10-10 09:51:21,84.51,24300,84.49,U
sz002409,雅克科技,2025-10-10 09:51:24,84.52,21400,84.51,U
sz002409,雅克科技,2025-10-10 09:51:27,84.58,20700,84.52,U
sz002409,雅克科技,2025-10-10 09:51:30,84.53,36100,84.58,D
sz002409,雅克科技,2025-10-10 09:51:33,84.5,65700,84.53,D
sz002409,雅克科技,2025-10-10 09:51:36,84.51,40300,84.5,U
sz002409,雅克科技,2025-10-10 09:51:39,84.3,35400,84.51,D
sz002409,雅克科技,2025-10-10 09:51:42,84.29,14200,84.3,E
sz002409,雅克科技,2025-10-10 09:51:45,84.18,2700,84.29,D
sz002409,雅克科技,2025-10-10 09:51:48,84.14,10900,84.18,D
sz002409,雅克科技,2025-10-10 09:51:51,84.15,17400,84.14,U
sz002409,雅克科技,2025-10-10 09:51:54,84.14,17500,84.15,D
sz002409,雅克科技,2025-10-10 09:51:57,84.14,9200,84.14,U
sz002409,雅克科技,2025-10-10 09:52:00,84.14,17300,84.14,D
sz002409,雅克科技,2025-10-10 09:52:03,84.14,10200,84.14,U
sz002409,雅克科技,2025-10-10 09:52:06,84.14,8000,84.14,D
sz002409,雅克科技,2025-10-10 09:52:09,84.14,104000,84.14,D
sz002409,雅克科技,2025-10-10 09:52:12,84.18,17200,84.14,U
sz002409,雅克科技,2025-10-10 09:52:15,84.2,20100,84.18,U
sz002409,雅克科技,2025-10-10 09:52:18,84.29,10800,84.2,U
sz002409,雅克科技,2025-10-10 09:52:21,84.47,5000,84.29,U
sz002409,雅克科技,2025-10-10 09:52:24,84.52,3700,84.47,U
sz002409,雅克科技,2025-10-10 09:52:27,84.53,10700,84.52,U
sz002409,雅克科技,2025-10-10 09:52:30,84.59,10100,84.53,U
sz002409,雅克科技,2025-10-10 09:52:33,84.56,12600,84.59,E
sz002409,雅克科技,2025-10-10 09:52:36,84.61,16526,84.56,U
sz002409,雅克科技,2025-10-10 09:52:39,84.59,32500,84.61,D
sz002409,雅克科技,2025-10-10 09:52:42,84.6,14000,84.59,U
sz002409,雅克科技,2025-10-10 09:52:45,84.59,28174,84.6,D
sz002409,雅克科技,2025-10-10 09:52:48,84.5,9800,84.59,E
sz002409,雅克科技,2025-10-10 09:52:51,84.5,36600,84.5,D
sz002409,雅克科技,2025-10-10 09:52:54,84.49,24900,84.5,E
sz002409,雅克科技,2025-10-10 09:52:57,84.5,17000,84.49,U
sz002409,雅克科技,2025-10-10 09:53:00,84.5,6600,84.5,U
sz002409,雅克科技,2025-10-10 09:53:03,84.5,11400,84.5,D
sz002409,雅克科技,2025-10-10 09:53:06,84.51,13200,84.5,U
sz002409,雅克科技,2025-10-10 09:53:09,84.5,10500,84.51,U
sz002409,雅克科技,2025-10-10 09:53:12,84.5,17500,84.5,D
sz002409,雅克科技,2025-10-10 09:53:15,84.48,21000,84.5,D
sz002409,雅克科技,2025-10-10 09:53:18,84.5,21200,84.48,U
sz002409,雅克科技,2025-10-10 09:53:21,84.5,17200,84.5,U
sz002409,雅克科技,2025-10-10 09:53:24,84.51,11900,84.5,E
sz002409,雅克科技,2025-10-10 09:53:27,84.56,3100,84.51,E
sz002409,雅克科技,2025-10-10 09:53:30,84.53,7100,84.56,D
sz002409,雅克科技,2025-10-10 09:53:33,84.56,26300,84.53,E
sz002409,雅克科技,2025-10-10 09:53:36,84.52,10300,84.56,D
sz002409,雅克科技,2025-10-10 09:53:39,84.5,9500,84.52,D
sz002409,雅克科技,2025-10-10 09:53:42,84.5,10100,84.5,D
sz002409,雅克科技,2025-10-10 09:53:45,84.57,11300,84.5,U
sz002409,雅克科技,2025-10-10 09:53:48,84.57,9200,84.57,D
sz002409,雅克科技,2025-10-10 09:53:51,84.6,10000,84.57,U
sz002409,雅克科技,2025-10-10 09:53:54,84.58,9000,84.6,D
sz002409,雅克科技,2025-10-10 09:53:57,84.7,13500,84.58,U
sz002409,雅克科技,2025-10-10 09:54:00,84.84,4000,84.7,U
sz002409,雅克科技,2025-10-10 09:54:03,84.85,11300,84.84,U
sz002409,雅克科技,2025-10-10 09:54:06,84.86,16926,84.85,U
sz002409,雅克科技,2025-10-10 09:54:09,84.89,16900,84.86,E
sz002409,雅克科技,2025-10-10 09:54:12,84.93,16400,84.89,U
sz002409,雅克科技,2025-10-10 09:54:15,84.77,25174,84.93,D
sz002409,雅克科技,2025-10-10 09:54:18,84.95,28200,84.77,U
sz002409,雅克科技,2025-10-10 09:54:21,84.98,29800,84.95,U
sz002409,雅克科技,2025-10-10 09:54:24,84.76,14400,84.98,E
sz002409,雅克科技,2025-10-10 09:54:27,84.99,23026,84.76,U
sz002409,雅克科技,2025-10-10 09:54:30,84.92,29674,84.99,D
sz002409,雅克科技,2025-10-10 09:54:33,84.95,23400,84.92,E
sz002409,雅克科技,2025-10-10 09:54:36,84.91,5400,84.95,D
sz002409,雅克科技,2025-10-10 09:54:39,84.88,11400,84.91,D
sz002409,雅克科技,2025-10-10 09:54:42,84.95,10100,84.88,E
sz002409,雅克科技,2025-10-10 09:54:45,84.95,7300,84.95,D
sz002409,雅克科技,2025-10-10 09:54:48,84.96,9400,84.95,U
sz002409,雅克科技,2025-10-10 09:54:51,84.95,11000,84.96,D
sz002409,雅克科技,2025-10-10 09:54:54,84.95,7900,84.95,U
sz002409,雅克科技,2025-10-10 09:54:57,84.96,16400,84.95,U
sz002409,雅克科技,2025-10-10 09:55:00,84.96,68000,84.96,E
sz002409,雅克科技,2025-10-10 09:55:03,84.98,60926,84.96,U
sz002409,雅克科技,2025-10-10 09:55:06,85.0,17600,84.98,E
sz002409,雅克科技,2025-10-10 09:55:09,85.05,18800,85.0,E
sz002409,雅克科技,2025-10-10 09:55:15,85.19,4300,85.24,D
sz002409,雅克科技,2025-10-10 09:55:18,85.29,10600,85.19,U
sz002409,雅克科技,2025-10-10 09:55:21,85.32,7600,85.29,U
sz002409,雅克科技,2025-10-10 09:55:24,85.19,23700,85.32,D
sz002409,雅克科技,2025-10-10 09:55:27,85.3,37500,85.19,U
sz002409,雅克科技,2025-10-10 09:55:30,85.3,28300,85.3,U
sz002409,雅克科技,2025-10-10 09:55:33,85.3,42900,85.3,D
sz002409,雅克科技,2025-10-10 09:55:36,85.24,16900,85.3,E
sz002409,雅克科技,2025-10-10 09:55:39,85.15,25900,85.24,D
sz002409,雅克科技,2025-10-10 09:55:42,85.2,18200,85.15,E
sz002409,雅克科技,2025-10-10 09:55:45,85.19,65800,85.2,D
sz002409,雅克科技,2025-10-10 09:55:48,85.19,6674,85.19,D
sz002409,雅克科技,2025-10-10 09:55:51,85.19,44700,85.19,D
sz002409,雅克科技,2025-10-10 09:55:54,85.24,23826,85.19,U
sz002409,雅克科技,2025-10-10 09:55:57,85.29,4700,85.24,E
sz002409,雅克科技,2025-10-10 09:56:00,85.24,7900,85.29,D
sz002409,雅克科技,2025-10-10 09:56:03,85.15,12700,85.24,D
sz002409,雅克科技,2025-10-10 09:56:06,85.15,38100,85.15,D
sz002409,雅克科技,2025-10-10 09:56:09,85.03,11100,85.15,D
sz002409,雅克科技,2025-10-10 09:56:12,85.0,10400,85.03,D
sz002409,雅克科技,2025-10-10 09:56:15,85.0,9200,85.0,U
sz002409,雅克科技,2025-10-10 09:56:18,84.98,7500,85.0,D
sz002409,雅克科技,2025-10-10 09:56:21,84.99,10900,84.98,U
sz002409,雅克科技,2025-10-10 09:56:24,84.96,17400,84.99,D
sz002409,雅克科技,2025-10-10 09:56:27,84.99,19300,84.96,U
sz002409,雅克科技,2025-10-10 09:56:30,84.99,16100,84.99,D
sz002409,雅克科技,2025-10-10 09:56:33,84.96,11900,84.99,D
sz002409,雅克科技,2025-10-10 09:56:36,84.95,13100,84.96,D
sz002409,雅克科技,2025-10-10 09:56:39,84.92,12000,84.95,D
sz002409,雅克科技,2025-10-10 09:56:42,84.92,9700,84.92,D
sz002409,雅克科技,2025-10-10 09:56:45,84.88,37100,84.92,D
sz002409,雅克科技,2025-10-10 09:56:48,84.86,7200,84.88,E
sz002409,雅克科技,2025-10-10 09:56:51,84.76,3600,84.86,D
sz002409,雅克科技,2025-10-10 09:57:00,84.6,4400,84.63,D
sz002409,雅克科技,2025-10-10 09:57:03,84.57,13600,84.6,D
sz002409,雅克科技,2025-10-10 09:57:06,84.57,20600,84.57,D
sz002409,雅克科技,2025-10-10 09:57:09,84.53,13500,84.57,D
sz002409,雅克科技,2025-10-10 09:57:12,84.5,10700,84.53,D
sz002409,雅克科技,2025-10-10 09:57:15,84.5,6500,84.5,D
sz002409,雅克科技,2025-10-10 09:57:18,84.49,10300,84.5,D
sz002409,雅克科技,2025-10-10 09:57:21,84.38,6400,84.49,D
sz002409,雅克科技,2025-10-10 09:57:24,84.6,30300,84.38,U
sz002409,雅克科技,2025-10-10 09:57:27,84.58,12700,84.6,E
sz002409,雅克科技,2025-10-10 09:57:30,84.63,7900,84.58,U
sz002409,雅克科技,2025-10-10 09:57:33,84.63,20600,84.63,U
sz002409,雅克科技,2025-10-10 09:57:36,84.76,12800,84.63,U
sz002409,雅克科技,2025-10-10 09:57:39,84.79,6500,84.76,U
sz002409,雅克科技,2025-10-10 09:57:42,84.68,20000,84.79,D
sz002409,雅克科技,2025-10-10 09:57:45,84.77,6632,84.68,U
sz002409,雅克科技,2025-10-10 09:57:48,84.77,10200,84.77,U
sz002409,雅克科技,2025-10-10 09:57:51,84.75,2400,84.77,D
sz002409,雅克科技,2025-10-10 09:57:54,84.75,3100,84.75,U
sz002409,雅克科技,2025-10-10 09:57:57,84.76,3500,84.75,U
sz002409,雅克科技,2025-10-10 09:58:00,84.76,9700,84.76,U
sz002409,雅克科技,2025-10-10 09:58:03,84.74,6200,84.76,E
sz002409,雅克科技,2025-10-10 09:58:06,84.72,9668,84.74,D
sz002409,雅克科技,2025-10-10 09:58:09,84.6,10100,84.72,D
sz002409,雅克科技,2025-10-10 09:58:12,84.55,9000,84.6,E
sz002409,雅克科技,2025-10-10 09:58:18,84.49,5500,84.49,U
sz002409,雅克科技,2025-10-10 09:58:24,84.3,8200,84.43,D
sz002409,雅克科技,2025-10-10 09:58:27,84.2,7400,84.3,D
sz002409,雅克科技,2025-10-10 09:58:30,84.18,11900,84.2,D
sz002409,雅克科技,2025-10-10 09:58:33,84.11,8700,84.18,D
sz002409,雅克科技,2025-10-10 09:58:36,84.13,2500,84.11,D
sz002409,雅克科技,2025-10-10 09:58:39,84.11,4004,84.13,E
sz002409,雅克科技,2025-10-10 09:58:42,84.11,8300,84.11,U
sz002409,雅克科技,2025-10-10 09:58:45,84.25,32296,84.11,U
sz002409,雅克科技,2025-10-10 09:58:48,84.12,24700,84.25,D
sz002409,雅克科技,2025-10-10 09:58:51,84.12,9200,84.12,E
sz002409,雅克科技,2025-10-10 09:58:54,84.2,8800,84.12,E
sz002409,雅克科技,2025-10-10 09:58:57,84.18,59700,84.2,D
sz002409,雅克科技,2025-10-10 09:59:00,84.28,6900,84.18,U
sz002409,雅克科技,2025-10-10 09:59:03,84.23,5200,84.28,D
sz002409,雅克科技,2025-10-10 09:59:06,84.3,9600,84.23,E
sz002409,雅克科技,2025-10-10 09:59:12,84.46,14100,84.35,U
sz002409,雅克科技,2025-10-10 09:59:15,84.39,3600,84.46,D
sz002409,雅克科技,2025-10-10 09:59:18,84.45,17600,84.39,E
sz002409,雅克科技,2025-10-10 09:59:21,84.48,10200,84.45,U
sz002409,雅克科技,2025-10-10 09:59:24,84.46,4400,84.48,D
sz002409,雅克科技,2025-10-10 09:59:27,84.49,9800,84.46,U
sz002409,雅克科技,2025-10-10 09:59:30,84.4,15500,84.49,D
sz002409,雅克科技,2025-10-10 09:59:33,84.4,23900,84.4,U
sz002409,雅克科技,2025-10-10 09:59:36,84.4,5600,84.4,U
sz002409,雅克科技,2025-10-10 09:59:39,84.3,7400,84.4,D
sz002409,雅克科技,2025-10-10 09:59:45,84.22,3300,84.27,D
sz002409,雅克科技,2025-10-10 09:59:48,84.21,3300,84.22,D
sz002409,雅克科技,2025-10-10 09:59:51,84.21,6800,84.21,D
sz002409,雅克科技,2025-10-10 09:59:54,84.21,7700,84.21,U
sz002409,雅克科技,2025-10-10 09:59:57,84.1,8600,84.21,D
sz002409,雅克科技,2025-10-10 10:00:00,84.12,9700,84.1,U
sz002409,雅克科技,2025-10-10 10:00:03,84.15,4500,84.12,E
sz002409,雅克科技,2025-10-10 10:00:06,84.2,9900,84.15,U
sz002409,雅克科技,2025-10-10 10:00:09,84.2,10200,84.2,U
sz002409,雅克科技,2025-10-10 10:00:12,84.15,3900,84.2,D
sz002409,雅克科技,2025-10-10 10:00:15,84.2,9400,84.15,E
sz002409,雅克科技,2025-10-10 10:00:21,84.15,3900,84.21,D
sz002409,雅克科技,2025-10-10 10:00:24,84.12,8000,84.15,D
sz002409,雅克科技,2025-10-10 10:00:27,84.09,3500,84.12,D
sz002409,雅克科技,2025-10-10 10:00:30,84.15,4000,84.09,U
sz002409,雅克科技,2025-10-10 10:00:33,84.08,10600,84.15,D
sz002409,雅克科技,2025-10-10 10:00:36,84.08,3600,84.08,U
sz002409,雅克科技,2025-10-10 10:00:42,84.09,6900,84.14,D
sz002409,雅克科技,2025-10-10 10:00:45,84.09,3400,84.09,D
sz002409,雅克科技,2025-10-10 10:00:51,84.11,36300,84.11,D
sz002409,雅克科技,2025-10-10 10:00:54,84.11,14100,84.11,D
sz002409,雅克科技,2025-10-10 10:00:57,84.14,11100,84.11,U
sz002409,雅克科技,2025-10-10 10:01:00,84.11,7400,84.14,D
sz002409,雅克科技,2025-10-10 10:01:03,84.12,8500,84.11,D
sz002409,雅克科技,2025-10-10 10:01:09,84.11,4900,84.13,D
sz002409,雅克科技,2025-10-10 10:01:12,84.17,5100,84.11,U
sz002409,雅克科技,2025-10-10 10:01:15,84.18,6100,84.17,U
sz002409,雅克科技,2025-10-10 10:01:18,84.2,8485,84.18,U
sz002409,雅克科技,2025-10-10 10:01:21,84.26,8000,84.2,U
sz002409,雅克科技,2025-10-10 10:01:24,84.27,12000,84.26,U
sz002409,雅克科技,2025-10-10 10:01:27,84.27,3900,84.27,D
sz002409,雅克科技,2025-10-10 10:01:30,84.26,25300,84.27,D
sz002409,雅克科技,2025-10-10 10:01:33,84.4,7700,84.26,U
sz002409,雅克科技,2025-10-10 10:01:36,84.4,16800,84.4,U
sz002409,雅克科技,2025-10-10 10:01:39,84.47,56400,84.4,U
sz002409,雅克科技,2025-10-10 10:01:42,84.53,13400,84.47,E
sz002409,雅克科技,2025-10-10 10:01:45,84.75,3100,84.53,U
sz002409,雅克科技,2025-10-10 10:01:48,84.8,2900,84.75,U
sz002409,雅克科技,2025-10-10 10:01:51,84.78,6600,84.8,E
sz002409,雅克科技,2025-10-10 10:01:54,84.9,34200,84.78,U
sz002409,雅克科技,2025-10-10 10:01:57,84.92,7800,84.9,U
sz002409,雅克科技,2025-10-10 10:02:00,84.93,10000,84.92,U
sz002409,雅克科技,2025-10-10 10:02:03,84.9,9700,84.93,D
sz002409,雅克科技,2025-10-10 10:02:06,84.82,6800,84.9,D
sz002409,雅克科技,2025-10-10 10:02:09,84.8,8700,84.82,D
sz002409,雅克科技,2025-10-10 10:02:12,84.8,25500,84.8,D
sz002409,雅克科技,2025-10-10 10:02:15,84.8,9000,84.8,E
sz002409,雅克科技,2025-10-10 10:02:18,84.8,9800,84.8,D
sz002409,雅克科技,2025-10-10 10:02:21,84.8,31100,84.8,U
sz002409,雅克科技,2025-10-10 10:02:24,84.83,18800,84.8,U
sz002409,雅克科技,2025-10-10 10:02:27,84.65,84900,84.83,D
sz002409,雅克科技,2025-10-10 10:02:33,84.7,4600,84.75,D
sz002409,雅克科技,2025-10-10 10:02:36,84.7,6600,84.7,U
sz002409,雅克科技,2025-10-10 10:02:39,84.65,4500,84.7,D
sz002409,雅克科技,2025-10-10 10:02:42,84.65,6500,84.65,D
sz002409,雅克科技,2025-10-10 10:02:45,84.64,7700,84.65,D
sz002409,雅克科技,2025-10-10 10:02:48,84.64,8400,84.64,D
sz002409,雅克科技,2025-10-10 10:02:51,84.66,10800,84.64,U
sz002409,雅克科技,2025-10-10 10:02:54,84.65,5700,84.66,D
sz002409,雅克科技,2025-10-10 10:02:57,84.66,10800,84.65,E
sz002409,雅克科技,2025-10-10 10:03:00,84.63,9300,84.66,D
sz002409,雅克科技,2025-10-10 10:03:03,84.62,2500,84.63,U
sz002409,雅克科技,2025-10-10 10:03:06,84.59,13900,84.62,D
sz002409,雅克科技,2025-10-10 10:03:09,84.6,5200,84.59,U
sz002409,雅克科技,2025-10-10 10:03:12,84.65,2400,84.6,U
sz002409,雅克科技,2025-10-10 10:03:15,84.44,14500,84.65,D
sz002409,雅克科技,2025-10-10 10:03:18,84.5,7800,84.44,U
sz002409,雅克科技,2025-10-10 10:03:21,84.84,55200,84.5,U
sz002409,雅克科技,2025-10-10 10:03:24,84.9,4400,84.84,U
sz002409,雅克科技,2025-10-10 10:03:27,84.89,22100,84.9,D
sz002409,雅克科技,2025-10-10 10:03:30,84.89,7100,84.89,U
sz002409,雅克科技,2025-10-10 10:03:33,84.89,4400,84.89,E
sz002409,雅克科技,2025-10-10 10:03:36,84.97,8100,84.89,U
sz002409,雅克科技,2025-10-10 10:03:39,84.95,11900,84.97,E
sz002409,雅克科技,2025-10-10 10:03:42,84.95,6000,84.95,D
sz002409,雅克科技,2025-10-10 10:03:45,84.95,3900,84.95,U
sz002409,雅克科技,2025-10-10 10:03:48,84.84,5500,84.95,D
sz002409,雅克科技,2025-10-10 10:03:51,84.95,4400,84.84,U
sz002409,雅克科技,2025-10-10 10:03:54,84.85,2800,84.95,U
sz002409,雅克科技,2025-10-10 10:03:57,84.85,6300,84.85,U
sz002409,雅克科技,2025-10-10 10:04:00,84.85,5800,84.85,D
sz002409,雅克科技,2025-10-10 10:04:03,84.87,12100,84.85,U
sz002409,雅克科技,2025-10-10 10:04:06,84.9,10500,84.87,E
sz002409,雅克科技,2025-10-10 10:04:09,84.85,7900,84.9,D
sz002409,雅克科技,2025-10-10 10:04:12,84.85,3500,84.85,D
sz002409,雅克科技,2025-10-10 10:04:15,84.9,6700,84.85,U
sz002409,雅克科技,2025-10-10 10:04:18,84.85,3500,84.9,D
sz002409,雅克科技,2025-10-10 10:04:21,84.8,3800,84.85,D
sz002409,雅克科技,2025-10-10 10:04:24,84.69,7400,84.8,D
sz002409,雅克科技,2025-10-10 10:04:30,84.8,3000,84.76,U
sz002409,雅克科技,2025-10-10 10:04:36,84.7,2500,84.75,D
sz002409,雅克科技,2025-10-10 10:04:39,84.7,8600,84.7,E
sz002409,雅克科技,2025-10-10 10:04:45,84.64,4600,84.68,E
sz002409,雅克科技,2025-10-10 10:04:51,84.6,18100,84.65,D
sz002409,雅克科技,2025-10-10 10:04:54,84.59,27100,84.6,D
sz002409,雅克科技,2025-10-10 10:04:57,84.59,9000,84.59,D
sz002409,雅克科技,2025-10-10 10:05:00,84.59,9000,84.59,D
sz002409,雅克科技,2025-10-10 10:05:03,84.59,11200,84.59,D
sz002409,雅克科技,2025-10-10 10:05:06,84.59,5700,84.59,U
sz002409,雅克科技,2025-10-10 10:05:09,84.5,4700,84.59,D
sz002409,雅克科技,2025-10-10 10:05:12,84.55,5800,84.5,U
sz002409,雅克科技,2025-10-10 10:05:15,84.5,3600,84.55,D
sz002409,雅克科技,2025-10-10 10:05:24,84.44,3900,84.45,D
sz002409,雅克科技,2025-10-10 10:05:27,84.44,4900,84.44,U
sz002409,雅克科技,2025-10-10 10:05:30,84.43,2700,84.44,D
sz002409,雅克科技,2025-10-10 10:05:33,84.4,4000,84.43,D
sz002409,雅克科技,2025-10-10 10:05:36,84.4,5100,84.4,D
sz002409,雅克科技,2025-10-10 10:05:42,84.37,9200,84.4,D
sz002409,雅克科技,2025-10-10 10:05:48,84.3,3000,84.32,D
sz002409,雅克科技,2025-10-10 10:05:51,84.28,2800,84.3,D
sz002409,雅克科技,2025-10-10 10:05:54,84.22,2400,84.28,D
sz002409,雅克科技,2025-10-10 10:05:57,84.19,11600,84.22,D
sz002409,雅克科技,2025-10-10 10:06:00,84.2,8400,84.19,U
sz002409,雅克科技,2025-10-10 10:06:06,84.18,3500,84.19,D
sz002409,雅克科技,2025-10-10 10:06:09,84.15,7900,84.18,D
sz002409,雅克科技,2025-10-10 10:06:12,84.17,9100,84.15,U
sz002409,雅克科技,2025-10-10 10:06:15,84.17,2700,84.17,U
sz002409,雅克科技,2025-10-10 10:06:18,84.17,10000,84.17,U
sz002409,雅克科技,2025-10-10 10:06:21,84.17,6100,84.17,U
sz002409,雅克科技,2025-10-10 10:06:24,84.12,3900,84.17,D
sz002409,雅克科技,2025-10-10 10:06:27,84.17,21600,84.12,U
sz002409,雅克科技,2025-10-10 10:06:30,84.13,5500,84.17,E
sz002409,雅克科技,2025-10-10 10:06:33,84.12,7300,84.13,D
sz002409,雅克科技,2025-10-10 10:06:36,84.1,4500,84.12,D
sz002409,雅克科技,2025-10-10 10:06:39,84.09,7200,84.1,D
sz002409,雅克科技,2025-10-10 10:06:42,84.08,7400,84.09,D
sz002409,雅克科技,2025-10-10 10:06:45,84.06,4300,84.08,D
sz002409,雅克科技,2025-10-10 10:06:48,84.08,3400,84.06,E
sz002409,雅克科技,2025-10-10 10:06:51,84.08,9000,84.08,U
sz002409,雅克科技,2025-10-10 10:06:57,84.04,5700,84.04,U
sz002409,雅克科技,2025-10-10 10:07:00,84.01,8800,84.04,D
sz002409,雅克科技,2025-10-10 10:07:03,84.02,31000,84.01,U
sz002409,雅克科技,2025-10-10 10:07:06,84.03,30800,84.02,E
sz002409,雅克科技,2025-10-10 10:07:09,84.03,18300,84.03,U
sz002409,雅克科技,2025-10-10 10:07:12,84.03,6600,84.03,D
sz002409,雅克科技,2025-10-10 10:07:15,84.04,4900,84.03,E
sz002409,雅克科技,2025-10-10 10:07:18,84.0,9400,84.04,D
sz002409,雅克科技,2025-10-10 10:07:21,84.03,8100,84.0,U
sz002409,雅克科技,2025-10-10 10:07:24,84.03,39600,84.03,U
sz002409,雅克科技,2025-10-10 10:07:27,84.16,23100,84.03,U
sz002409,雅克科技,2025-10-10 10:07:30,84.01,7600,84.16,D
sz002409,雅克科技,2025-10-10 10:07:36,84.04,2700,84.15,D
sz002409,雅克科技,2025-10-10 10:07:48,84.03,3900,84.04,D
sz002409,雅克科技,2025-10-10 10:07:51,84.15,6100,84.03,U
sz002409,雅克科技,2025-10-10 10:07:57,84.14,5600,84.02,U
sz002409,雅克科技,2025-10-10 10:08:00,84.02,7900,84.14,D
sz002409,雅克科技,2025-10-10 10:08:09,84.05,7400,84.15,D
sz002409,雅克科技,2025-10-10 10:08:15,84.05,5400,84.1,D
sz002409,雅克科技,2025-10-10 10:08:18,84.05,7500,84.05,D
sz002409,雅克科技,2025-10-10 10:08:21,84.05,10200,84.05,E
sz002409,雅克科技,2025-10-10 10:08:24,84.02,7100,84.05,D
sz002409,雅克科技,2025-10-10 10:08:27,84.03,5600,84.02,E
sz002409,雅克科技,2025-10-10 10:08:30,84.04,5900,84.03,U
sz002409,雅克科技,2025-10-10 10:08:33,84.01,7700,84.04,D
sz002409,雅克科技,2025-10-10 10:08:36,84.04,43700,84.01,U
sz002409,雅克科技,2025-10-10 10:08:39,84.01,2800,84.04,D
sz002409,雅克科技,2025-10-10 10:08:42,84.0,10900,84.01,D
sz002409,雅克科技,2025-10-10 10:08:45,83.99,16200,84.0,D
sz002409,雅克科技,2025-10-10 10:08:48,83.99,6000,83.99,D
sz002409,雅克科技,2025-10-10 10:08:51,83.83,25700,83.99,D
sz002409,雅克科技,2025-10-10 10:08:57,83.84,6700,83.84,U
sz002409,雅克科技,2025-10-10 10:09:00,84.15,115700,83.84,U
sz002409,雅克科技,2025-10-10 10:09:03,84.17,7000,84.15,U
sz002409,雅克科技,2025-10-10 10:09:06,84.25,11500,84.17,U
sz002409,雅克科技,2025-10-10 10:09:09,84.25,3600,84.25,D
sz002409,雅克科技,2025-10-10 10:09:18,84.25,17600,84.26,D
sz002409,雅克科技,2025-10-10 10:09:21,84.44,10500,84.25,U
sz002409,雅克科技,2025-10-10 10:09:24,84.37,18100,84.44,D
sz002409,雅克科技,2025-10-10 10:09:27,84.49,53626,84.37,E
sz002409,雅克科技,2025-10-10 10:09:30,84.55,7600,84.49,E
sz002409,雅克科技,2025-10-10 10:09:33,84.53,3000,84.55,D
sz002409,雅克科技,2025-10-10 10:09:39,84.64,4900,84.72,D
sz002409,雅克科技,2025-10-10 10:09:42,84.75,7600,84.64,U
sz002409,雅克科技,2025-10-10 10:09:45,84.6,13300,84.75,D
sz002409,雅克科技,2025-10-10 10:09:48,84.6,62100,84.6,U
sz002409,雅克科技,2025-10-10 10:09:51,84.53,16800,84.6,D
sz002409,雅克科技,2025-10-10 10:09:54,84.44,17000,84.53,D
sz002409,雅克科技,2025-10-10 10:09:57,84.4,11600,84.44,D
sz002409,雅克科技,2025-10-10 10:10:00,84.49,4800,84.4,U
sz002409,雅克科技,2025-10-10 10:10:03,84.43,8200,84.49,E
sz002409,雅克科技,2025-10-10 10:10:06,84.44,4900,84.43,E
sz002409,雅克科技,2025-10-10 10:10:09,84.37,5600,84.44,D
sz002409,雅克科技,2025-10-10 10:10:12,84.25,5800,84.37,D
sz002409,雅克科技,2025-10-10 10:10:15,84.3,9900,84.25,E
sz002409,雅克科技,2025-10-10 10:10:18,84.27,47800,84.3,D
sz002409,雅克科技,2025-10-10 10:10:21,84.5,11300,84.27,U
sz002409,雅克科技,2025-10-10 10:10:24,84.5,8000,84.5,U
sz002409,雅克科技,2025-10-10 10:10:27,84.4,3600,84.5,E
sz002409,雅克科技,2025-10-10 10:10:30,84.41,14000,84.4,E
sz002409,雅克科技,2025-10-10 10:10:33,84.5,4900,84.41,U
sz002409,雅克科技,2025-10-10 10:10:36,84.49,3900,84.5,E
sz002409,雅克科技,2025-10-10 10:10:39,84.49,18500,84.49,U
sz002409,雅克科技,2025-10-10 10:10:42,84.42,4700,84.49,D
sz002409,雅克科技,2025-10-10 10:10:45,84.49,10000,84.42,D
sz002409,雅克科技,2025-10-10 10:10:48,84.5,10400,84.49,U
sz002409,雅克科技,2025-10-10 10:10:51,84.49,4000,84.5,D
sz002409,雅克科技,2025-10-10 10:10:54,84.45,13000,84.49,D
sz002409,雅克科技,2025-10-10 10:10:57,84.42,6700,84.45,D
sz002409,雅克科技,2025-10-10 10:11:00,84.5,7300,84.42,U
sz002409,雅克科技,2025-10-10 10:11:03,84.5,5100,84.5,U
sz002409,雅克科技,2025-10-10 10:11:09,84.41,3700,84.46,D
sz002409,雅克科技,2025-10-10 10:11:15,84.5,5400,84.46,U
sz002409,雅克科技,2025-10-10 10:11:18,84.5,11000,84.5,D
sz002409,雅克科技,2025-10-10 10:11:21,84.5,6200,84.5,U
sz002409,雅克科技,2025-10-10 10:11:24,84.58,4500,84.5,U
sz002409,雅克科技,2025-10-10 10:11:27,84.56,5100,84.58,E
sz002409,雅克科技,2025-10-10 10:11:30,84.6,3600,84.56,U
sz002409,雅克科技,2025-10-10 10:11:33,84.52,10200,84.6,D
sz002409,雅克科技,2025-10-10 10:11:36,84.53,3300,84.52,D
sz002409,雅克科技,2025-10-10 10:11:39,84.53,4200,84.53,E
sz002409,雅克科技,2025-10-10 10:11:42,84.6,13200,84.53,U
sz002409,雅克科技,2025-10-10 10:11:45,84.51,5300,84.6,D
sz002409,雅克科技,2025-10-10 10:11:51,84.51,5100,84.52,D
sz002409,雅克科技,2025-10-10 10:11:54,84.52,5600,84.51,D
sz002409,雅克科技,2025-10-10 10:11:57,84.52,3000,84.52,U
sz002409,雅克科技,2025-10-10 10:12:00,84.52,4900,84.52,D
sz002409,雅克科技,2025-10-10 10:12:03,84.52,5900,84.52,U
sz002409,雅克科技,2025-10-10 10:12:06,84.52,4300,84.52,U
sz002409,雅克科技,2025-10-10 10:12:09,84.5,3400,84.52,D
sz002409,雅克科技,2025-10-10 10:12:12,84.52,12000,84.5,U
sz002409,雅克科技,2025-10-10 10:12:15,84.52,14000,84.52,U
sz002409,雅克科技,2025-10-10 10:12:18,84.51,10100,84.52,D
sz002409,雅克科技,2025-10-10 10:12:21,84.48,6900,84.51,D
sz002409,雅克科技,2025-10-10 10:12:30,84.49,3100,84.48,E
sz002409,雅克科技,2025-10-10 10:12:33,84.76,42100,84.49,U
sz002409,雅克科技,2025-10-10 10:12:36,84.84,4000,84.76,U
sz002409,雅克科技,2025-10-10 10:12:39,84.81,7100,84.84,D
sz002409,雅克科技,2025-10-10 10:12:48,84.8,5000,84.67,U
sz002409,雅克科技,2025-10-10 10:12:51,84.8,2800,84.8,U
sz002409,雅克科技,2025-10-10 10:12:54,84.83,8000,84.8,U
sz002409,雅克科技,2025-10-10 10:12:57,84.99,32900,84.83,U
sz002409,雅克科技,2025-10-10 10:13:00,84.99,4582,84.99,U
sz002409,雅克科技,2025-10-10 10:13:03,85.0,15700,84.99,U
sz002409,雅克科技,2025-10-10 10:13:06,85.0,17000,85.0,U
sz002409,雅克科技,2025-10-10 10:13:09,85.0,24100,85.0,U
sz002409,雅克科技,2025-10-10 10:13:12,85.0,3100,85.0,U
sz002409,雅克科技,2025-10-10 10:13:15,84.95,8700,85.0,E
sz002409,雅克科技,2025-10-10 10:13:18,84.95,11300,84.95,D
sz002409,雅克科技,2025-10-10 10:13:21,85.0,8700,84.95,U
sz002409,雅克科技,2025-10-10 10:13:24,85.0,13700,85.0,U
sz002409,雅克科技,2025-10-10 10:13:27,85.0,7200,85.0,U
sz002409,雅克科技,2025-10-10 10:13:30,85.01,32100,85.0,U
sz002409,雅克科技,2025-10-10 10:13:33,85.05,13900,85.01,U
sz002409,雅克科技,2025-10-10 10:13:36,85.06,3700,85.05,U
sz002409,雅克科技,2025-10-10 10:13:39,85.07,8700,85.06,U
sz002409,雅克科技,2025-10-10 10:13:42,85.07,6600,85.07,U
sz002409,雅克科技,2025-10-10 10:13:45,85.09,3500,85.07,U
sz002409,雅克科技,2025-10-10 10:13:48,85.19,29800,85.09,U
sz002409,雅克科技,2025-10-10 10:13:51,85.22,13100,85.19,U
sz002409,雅克科技,2025-10-10 10:13:54,85.22,5400,85.22,U
sz002409,雅克科技,2025-10-10 10:13:57,85.25,12400,85.22,U
sz002409,雅克科技,2025-10-10 10:14:00,85.25,14500,85.25,U
sz002409,雅克科技,2025-10-10 10:14:03,85.25,6500,85.25,U
sz002409,雅克科技,2025-10-10 10:14:06,85.37,54300,85.25,U
sz002409,雅克科技,2025-10-10 10:14:09,85.49,15600,85.37,U
sz002409,雅克科技,2025-10-10 10:14:12,85.58,42874,85.49,U
sz002409,雅克科技,2025-10-10 10:14:15,85.49,18100,85.58,D
sz002409,雅克科技,2025-10-10 10:14:18,85.55,10200,85.49,E
sz002409,雅克科技,2025-10-10 10:14:21,85.49,7600,85.55,D
sz002409,雅克科技,2025-10-10 10:14:24,85.2,30000,85.49,D
sz002409,雅克科技,2025-10-10 10:14:27,85.19,23200,85.2,D
sz002409,雅克科技,2025-10-10 10:14:30,85.08,9400,85.19,D
sz002409,雅克科技,2025-10-10 10:14:33,85.19,4700,85.08,U
sz002409,雅克科技,2025-10-10 10:14:36,85.15,9600,85.19,E
sz002409,雅克科技,2025-10-10 10:14:39,85.12,5800,85.15,E
sz002409,雅克科技,2025-10-10 10:14:42,85.12,4800,85.12,U
sz002409,雅克科技,2025-10-10 10:14:45,85.08,3500,85.12,E
sz002409,雅克科技,2025-10-10 10:14:48,85.07,4600,85.08,U
sz002409,雅克科技,2025-10-10 10:14:51,84.9,23100,85.07,D
sz002409,雅克科技,2025-10-10 10:14:54,85.04,7700,84.9,U
sz002409,雅克科技,2025-10-10 10:14:57,85.01,7300,85.04,U
sz002409,雅克科技,2025-10-10 10:15:06,84.94,7610,85.01,D
sz002409,雅克科技,2025-10-10 10:15:09,85.02,5300,84.94,E
sz002409,雅克科技,2025-10-10 10:15:12,85.02,2900,85.02,D
sz002409,雅克科技,2025-10-10 10:15:15,85.0,10000,85.02,U
sz002409,雅克科技,2025-10-10 10:15:18,85.02,48990,85.0,U
sz002409,雅克科技,2025-10-10 10:15:21,85.05,5400,85.02,U
sz002409,雅克科技,2025-10-10 10:15:24,84.94,6500,85.05,D
sz002409,雅克科技,2025-10-10 10:15:30,85.04,7200,84.94,U
sz002409,雅克科技,2025-10-10 10:15:33,84.95,5200,85.04,D
sz002409,雅克科技,2025-10-10 10:15:36,85.0,9900,84.95,U
sz002409,雅克科技,2025-10-10 10:15:39,85.05,7300,85.0,U
sz002409,雅克科技,2025-10-10 10:15:42,85.0,6300,85.05,D
sz002409,雅克科技,2025-10-10 10:15:45,84.99,4800,85.0,D
sz002409,雅克科技,2025-10-10 10:15:48,84.99,8500,84.99,D
sz002409,雅克科技,2025-10-10 10:15:51,85.05,32900,84.99,U
sz002409,雅克科技,2025-10-10 10:15:54,85.0,4700,85.05,D
sz002409,雅克科技,2025-10-10 10:15:57,85.0,2400,85.0,D
sz002409,雅克科技,2025-10-10 10:16:00,85.0,11300,85.0,D
sz002409,雅克科技,2025-10-10 10:16:03,85.08,50500,85.0,U
sz002409,雅克科技,2025-10-10 10:16:06,84.95,21300,85.08,D
sz002409,雅克科技,2025-10-10 10:16:09,84.86,15800,84.95,D
sz002409,雅克科技,2025-10-10 10:16:12,84.85,4200,84.86,E
sz002409,雅克科技,2025-10-10 10:16:18,84.86,5700,84.81,U
sz002409,雅克科技,2025-10-10 10:16:21,84.9,15100,84.86,U
sz002409,雅克科技,2025-10-10 10:16:24,84.98,3200,84.9,U
sz002409,雅克科技,2025-10-10 10:16:27,84.99,11000,84.98,E
sz002409,雅克科技,2025-10-10 10:16:30,85.0,9800,84.99,U
sz002409,雅克科技,2025-10-10 10:16:33,85.0,5200,85.0,U
sz002409,雅克科技,2025-10-10 10:16:36,85.0,3700,85.0,D
sz002409,雅克科技,2025-10-10 10:16:39,85.0,4000,85.0,D
sz002409,雅克科技,2025-10-10 10:16:42,85.0,10800,85.0,D
sz002409,雅克科技,2025-10-10 10:16:45,85.01,5700,85.0,U
sz002409,雅克科技,2025-10-10 10:16:48,85.01,8500,85.01,D
sz002409,雅克科技,2025-10-10 10:16:54,84.99,8000,85.0,D
sz002409,雅克科技,2025-10-10 10:16:57,84.93,9500,84.99,D
sz002409,雅克科技,2025-10-10 10:17:00,84.91,2500,84.93,D
sz002409,雅克科技,2025-10-10 10:17:09,84.88,3900,84.92,D
sz002409,雅克科技,2025-10-10 10:17:18,84.88,4000,84.93,D
sz002409,雅克科技,2025-10-10 10:17:21,84.87,4700,84.88,D
sz002409,雅克科技,2025-10-10 10:17:27,84.89,3100,84.88,U
sz002409,雅克科技,2025-10-10 10:17:33,84.88,28400,84.89,D
sz002409,雅克科技,2025-10-10 10:17:36,84.92,3100,84.88,U
sz002409,雅克科技,2025-10-10 10:17:42,84.93,5600,84.92,U
sz002409,雅克科技,2025-10-10 10:17:45,84.98,5200,84.93,E
sz002409,雅克科技,2025-10-10 10:17:54,84.93,5600,84.92,U
sz002409,雅克科技,2025-10-10 10:17:57,84.92,5000,84.93,D
sz002409,雅克科技,2025-10-10 10:18:00,84.8,14500,84.92,D
sz002409,雅克科技,2025-10-10 10:18:03,84.8,3900,84.8,U
sz002409,雅克科技,2025-10-10 10:18:12,84.9,3700,84.82,U
sz002409,雅克科技,2025-10-10 10:18:21,84.9,23700,84.9,D
sz002409,雅克科技,2025-10-10 10:18:24,84.9,6600,84.9,D
sz002409,雅克科技,2025-10-10 10:18:36,85.0,30200,85.0,U
sz002409,雅克科技,2025-10-10 10:18:39,85.01,6000,85.0,D
sz002409,雅克科技,2025-10-10 10:18:42,85.1,21900,85.01,U
sz002409,雅克科技,2025-10-10 10:18:45,85.1,3400,85.1,U
sz002409,雅克科技,2025-10-10 10:18:48,85.08,6200,85.1,D
sz002409,雅克科技,2025-10-10 10:18:51,85.08,6200,85.08,U
sz002409,雅克科技,2025-10-10 10:18:54,85.07,5700,85.08,D
sz002409,雅克科技,2025-10-10 10:19:03,85.05,2700,85.05,D
sz002409,雅克科技,2025-10-10 10:19:09,85.05,3300,85.05,E
sz002409,雅克科技,2025-10-10 10:19:12,85.01,3600,85.05,D
sz002409,雅克科技,2025-10-10 10:19:18,85.06,3000,85.05,U
sz002409,雅克科技,2025-10-10 10:19:21,85.05,3900,85.06,D
sz002409,雅克科技,2025-10-10 10:19:24,85.06,2800,85.05,E
sz002409,雅克科技,2025-10-10 10:19:30,85.01,4200,85.01,U
sz002409,雅克科技,2025-10-10 10:19:33,85.01,4400,85.01,U
sz002409,雅克科技,2025-10-10 10:19:36,85.09,17200,85.01,U
sz002409,雅克科技,2025-10-10 10:19:39,85.09,8900,85.09,D
sz002409,雅克科技,2025-10-10 10:19:42,85.0,6800,85.09,D
sz002409,雅克科技,2025-10-10 10:19:45,85.0,5000,85.0,D
sz002409,雅克科技,2025-10-10 10:19:48,84.95,8900,85.0,D
sz002409,雅克科技,2025-10-10 10:19:51,84.9,34600,84.95,D
sz002409,雅克科技,2025-10-10 10:20:00,85.0,2800,84.9,U
sz002409,雅克科技,2025-10-10 10:20:03,84.77,21300,85.0,D
sz002409,雅克科技,2025-10-10 10:20:09,84.89,5800,84.96,E
sz002409,雅克科技,2025-10-10 10:20:15,84.94,2900,84.95,E
sz002409,雅克科技,2025-10-10 10:20:21,84.98,4000,84.94,U
sz002409,雅克科技,2025-10-10 10:20:24,84.89,15700,84.98,D
sz002409,雅克科技,2025-10-10 10:20:27,85.0,37500,84.89,U
sz002409,雅克科技,2025-10-10 10:20:30,85.0,10500,85.0,U
sz002409,雅克科技,2025-10-10 10:20:33,85.07,12400,85.0,U
sz002409,雅克科技,2025-10-10 10:20:36,85.05,4100,85.07,E
sz002409,雅克科技,2025-10-10 10:20:39,85.0,3500,85.05,D
sz002409,雅克科技,2025-10-10 10:20:42,85.0,2700,85.0,U
sz002409,雅克科技,2025-10-10 10:20:45,85.0,3100,85.0,U
sz002409,雅克科技,2025-10-10 10:20:48,85.05,6500,85.0,U
sz002409,雅克科技,2025-10-10 10:20:54,85.01,6100,85.06,D
sz002409,雅克科技,2025-10-10 10:20:57,85.06,5700,85.01,D
sz002409,雅克科技,2025-10-10 10:21:00,85.08,3300,85.06,D
sz002409,雅克科技,2025-10-10 10:21:03,85.08,4400,85.08,D
sz002409,雅克科技,2025-10-10 10:21:06,85.08,4200,85.08,U
sz002409,雅克科技,2025-10-10 10:21:09,85.08,8300,85.08,U
sz002409,雅克科技,2025-10-10 10:21:12,85.1,6900,85.08,U
sz002409,雅克科技,2025-10-10 10:21:15,85.1,6900,85.1,U
sz002409,雅克科技,2025-10-10 10:21:18,85.13,9800,85.1,U
sz002409,雅克科技,2025-10-10 10:21:24,85.15,10600,85.08,U
sz002409,雅克科技,2025-10-10 10:21:27,85.18,7800,85.15,U
sz002409,雅克科技,2025-10-10 10:21:30,85.19,3900,85.18,U
sz002409,雅克科技,2025-10-10 10:21:33,85.2,9500,85.19,U
sz002409,雅克科技,2025-10-10 10:21:36,85.19,23000,85.2,D
sz002409,雅克科技,2025-10-10 10:21:39,85.3,4200,85.19,U
sz002409,雅克科技,2025-10-10 10:21:45,85.36,4900,85.36,U
sz002409,雅克科技,2025-10-10 10:21:48,85.23,32900,85.36,D
sz002409,雅克科技,2025-10-10 10:21:51,85.21,26100,85.23,D
sz002409,雅克科技,2025-10-10 10:21:54,85.27,13200,85.21,U
sz002409,雅克科技,2025-10-10 10:21:57,85.27,13600,85.27,U
sz002409,雅克科技,2025-10-10 10:22:00,85.27,25200,85.27,D
sz002409,雅克科技,2025-10-10 10:22:03,85.5,13400,85.27,U
sz002409,雅克科技,2025-10-10 10:22:06,85.35,3100,85.5,E
sz002409,雅克科技,2025-10-10 10:22:12,85.54,21900,85.41,U
sz002409,雅克科技,2025-10-10 10:22:15,85.5,16300,85.54,D
sz002409,雅克科技,2025-10-10 10:22:18,85.46,10300,85.5,D
sz002409,雅克科技,2025-10-10 10:22:21,85.54,5200,85.46,U
sz002409,雅克科技,2025-10-10 10:22:24,85.54,10800,85.54,U
sz002409,雅克科技,2025-10-10 10:22:27,85.59,27600,85.54,U
sz002409,雅克科技,2025-10-10 10:22:30,85.66,8200,85.59,U
sz002409,雅克科技,2025-10-10 10:22:33,85.67,10000,85.66,U
sz002409,雅克科技,2025-10-10 10:22:36,85.7,5300,85.67,U
sz002409,雅克科技,2025-10-10 10:22:39,85.7,7000,85.7,U
sz002409,雅克科技,2025-10-10 10:22:42,85.77,5100,85.7,U
sz002409,雅克科技,2025-10-10 10:22:45,85.78,6800,85.77,U
sz002409,雅克科技,2025-10-10 10:22:48,85.86,17100,85.78,U
sz002409,雅克科技,2025-10-10 10:22:51,85.82,7200,85.86,D
sz002409,雅克科技,2025-10-10 10:22:54,85.88,24500,85.82,U
sz002409,雅克科技,2025-10-10 10:22:57,85.89,19200,85.88,U
sz002409,雅克科技,2025-10-10 10:23:00,86.0,143700,85.89,U
sz002409,雅克科技,2025-10-10 10:23:03,85.96,6000,86.0,D
sz002409,雅克科技,2025-10-10 10:23:06,86.0,20500,85.96,U
sz002409,雅克科技,2025-10-10 10:23:09,86.08,15600,86.0,U
sz002409,雅克科技,2025-10-10 10:23:12,86.1,23800,86.08,U
sz002409,雅克科技,2025-10-10 10:23:15,86.19,5900,86.1,U
sz002409,雅克科技,2025-10-10 10:23:18,86.1,21500,86.19,D
sz002409,雅克科技,2025-10-10 10:23:21,86.17,14600,86.1,U
sz002409,雅克科技,2025-10-10 10:23:24,86.17,15900,86.17,D
sz002409,雅克科技,2025-10-10 10:23:27,86.17,14500,86.17,U
sz002409,雅克科技,2025-10-10 10:23:30,86.17,34400,86.17,D
sz002409,雅克科技,2025-10-10 10:23:33,86.16,13300,86.17,E
sz002409,雅克科技,2025-10-10 10:23:36,86.18,15900,86.16,U
sz002409,雅克科技,2025-10-10 10:23:39,86.18,26800,86.18,D
sz002409,雅克科技,2025-10-10 10:23:42,86.15,17100,86.18,D
sz002409,雅克科技,2025-10-10 10:23:45,86.08,7400,86.15,D
sz002409,雅克科技,2025-10-10 10:23:48,86.09,22600,86.08,U
sz002409,雅克科技,2025-10-10 10:23:51,86.04,10100,86.09,D
sz002409,雅克科技,2025-10-10 10:23:54,86.01,5000,86.04,D
sz002409,雅克科技,2025-10-10 10:23:57,86.08,8500,86.01,U
sz002409,雅克科技,2025-10-10 10:24:00,86.1,8600,86.08,E
sz002409,雅克科技,2025-10-10 10:24:03,86.08,9800,86.1,D
sz002409,雅克科技,2025-10-10 10:24:06,86.14,3400,86.08,E
sz002409,雅克科技,2025-10-10 10:24:09,86.16,20100,86.14,U
sz002409,雅克科技,2025-10-10 10:24:12,86.16,11900,86.16,E
sz002409,雅克科技,2025-10-10 10:24:15,86.16,8300,86.16,E
sz002409,雅克科技,2025-10-10 10:24:18,86.18,4200,86.16,E
sz002409,雅克科技,2025-10-10 10:24:21,86.19,10500,86.18,U
sz002409,雅克科技,2025-10-10 10:24:24,86.2,10800,86.19,U
sz002409,雅克科技,2025-10-10 10:24:27,86.22,46400,86.2,D
sz002409,雅克科技,2025-10-10 10:24:30,86.22,17300,86.22,U
sz002409,雅克科技,2025-10-10 10:24:33,86.28,3000,86.22,E
sz002409,雅克科技,2025-10-10 10:24:36,86.21,19400,86.28,D
sz002409,雅克科技,2025-10-10 10:24:39,86.34,46600,86.21,U
sz002409,雅克科技,2025-10-10 10:24:42,86.21,7700,86.34,D
sz002409,雅克科技,2025-10-10 10:24:45,86.2,6100,86.21,E
sz002409,雅克科技,2025-10-10 10:24:48,86.21,28000,86.2,U
sz002409,雅克科技,2025-10-10 10:24:51,86.21,5700,86.21,U
sz002409,雅克科技,2025-10-10 10:24:54,86.18,3400,86.21,D
sz002409,雅克科技,2025-10-10 10:24:57,86.22,3200,86.18,U
sz002409,雅克科技,2025-10-10 10:25:03,86.22,4900,86.26,D
sz002409,雅克科技,2025-10-10 10:25:06,86.13,51100,86.22,D
sz002409,雅克科技,2025-10-10 10:25:09,86.13,27700,86.13,D
sz002409,雅克科技,2025-10-10 10:25:12,85.98,35200,86.13,D
sz002409,雅克科技,2025-10-10 10:25:15,85.66,3100,85.98,D
sz002409,雅克科技,2025-10-10 10:25:18,85.55,3600,85.66,D
sz002409,雅克科技,2025-10-10 10:25:21,85.5,35300,85.55,D
sz002409,雅克科技,2025-10-10 10:25:24,85.5,3200,85.5,U
sz002409,雅克科技,2025-10-10 10:25:27,85.5,11000,85.5,U
sz002409,雅克科技,2025-10-10 10:25:30,85.31,4100,85.5,D
sz002409,雅克科技,2025-10-10 10:25:33,85.5,2400,85.31,U
sz002409,雅克科技,2025-10-10 10:25:36,85.55,4200,85.5,U
sz002409,雅克科技,2025-10-10 10:25:39,85.5,4900,85.55,D
sz002409,雅克科技,2025-10-10 10:25:42,85.5,24000,85.5,D
sz002409,雅克科技,2025-10-10 10:25:48,85.28,4100,85.32,D
sz002409,雅克科技,2025-10-10 10:25:51,85.15,3200,85.28,D
sz002409,雅克科技,2025-10-10 10:25:54,85.08,4900,85.15,D
sz002409,雅克科技,2025-10-10 10:25:57,85.08,7000,85.08,U
sz002409,雅克科技,2025-10-10 10:26:00,85.0,10600,85.08,D
sz002409,雅克科技,2025-10-10 10:26:03,85.0,10600,85.0,U
sz002409,雅克科技,2025-10-10 10:26:06,85.07,15900,85.0,U
sz002409,雅克科技,2025-10-10 10:26:12,85.12,22100,85.08,U
sz002409,雅克科技,2025-10-10 10:26:18,85.28,2700,85.28,U
sz002409,雅克科技,2025-10-10 10:26:21,85.32,2700,85.28,U
sz002409,雅克科技,2025-10-10 10:26:24,85.38,3700,85.32,U
sz002409,雅克科技,2025-10-10 10:26:27,85.38,2800,85.38,U
sz002409,雅克科技,2025-10-10 10:26:30,85.38,13100,85.38,U
sz002409,雅克科技,2025-10-10 10:26:33,85.38,7600,85.38,U
sz002409,雅克科技,2025-10-10 10:26:36,85.38,21500,85.38,D
sz002409,雅克科技,2025-10-10 10:26:39,85.33,12500,85.38,D
sz002409,雅克科技,2025-10-10 10:26:42,85.39,25900,85.33,U
sz002409,雅克科技,2025-10-10 10:26:45,85.35,4800,85.39,D
sz002409,雅克科技,2025-10-10 10:26:48,85.26,2800,85.35,D
sz002409,雅克科技,2025-10-10 10:26:51,85.2,16400,85.26,D
sz002409,雅克科技,2025-10-10 10:27:00,85.19,2500,85.26,D
sz002409,雅克科技,2025-10-10 10:27:06,85.19,4400,85.19,U
sz002409,雅克科技,2025-10-10 10:27:15,85.25,4500,85.17,U
sz002409,雅克科技,2025-10-10 10:27:24,85.2,3200,85.23,E
sz002409,雅克科技,2025-10-10 10:27:27,85.22,12400,85.2,U
sz002409,雅克科技,2025-10-10 10:27:30,85.23,7600,85.22,E
sz002409,雅克科技,2025-10-10 10:27:33,85.22,6900,85.23,D
sz002409,雅克科技,2025-10-10 10:27:36,85.18,12500,85.22,D
sz002409,雅克科技,2025-10-10 10:27:39,85.16,4900,85.18,D
sz002409,雅克科技,2025-10-10 10:27:42,85.07,11900,85.16,D
sz002409,雅克科技,2025-10-10 10:27:45,85.06,7300,85.07,E
sz002409,雅克科技,2025-10-10 10:27:48,85.0,14800,85.06,D
sz002409,雅克科技,2025-10-10 10:27:51,84.98,27400,85.0,D
sz002409,雅克科技,2025-10-10 10:27:54,85.0,12200,84.98,U
sz002409,雅克科技,2025-10-10 10:27:57,84.99,5700,85.0,D
sz002409,雅克科技,2025-10-10 10:28:00,85.16,2800,84.99,U
sz002409,雅克科技,2025-10-10 10:28:12,85.16,4000,85.16,U
sz002409,雅克科技,2025-10-10 10:28:18,85.04,4100,85.04,U
sz002409,雅克科技,2025-10-10 10:28:21,85.0,5700,85.04,D
sz002409,雅克科技,2025-10-10 10:28:24,85.0,2900,85.0,U
sz002409,雅克科技,2025-10-10 10:28:27,85.0,3400,85.0,U
sz002409,雅克科技,2025-10-10 10:28:30,84.99,3900,85.0,D
sz002409,雅克科技,2025-10-10 10:28:33,85.0,5700,84.99,U
sz002409,雅克科技,2025-10-10 10:28:36,85.04,17200,85.0,U
sz002409,雅克科技,2025-10-10 10:28:39,85.01,3000,85.04,E
sz002409,雅克科技,2025-10-10 10:28:42,85.1,3200,85.01,U
sz002409,雅克科技,2025-10-10 10:28:57,85.04,8000,85.06,D
sz002409,雅克科技,2025-10-10 10:29:00,84.99,17300,85.04,D
sz002409,雅克科技,2025-10-10 10:29:03,84.94,3400,84.99,D
sz002409,雅克科技,2025-10-10 10:29:06,84.95,4600,84.94,U
sz002409,雅克科技,2025-10-10 10:29:09,84.92,4000,84.95,D
sz002409,雅克科技,2025-10-10 10:29:12,84.92,2600,84.92,D
sz002409,雅克科技,2025-10-10 10:29:18,84.9,3400,84.93,D
sz002409,雅克科技,2025-10-10 10:29:21,84.9,5600,84.9,D
sz002409,雅克科技,2025-10-10 10:29:24,84.94,20500,84.9,U
sz002409,雅克科技,2025-10-10 10:29:27,84.99,2600,84.94,U
sz002409,雅克科技,2025-10-10 10:29:30,84.91,24200,84.99,D
sz002409,雅克科技,2025-10-10 10:29:33,84.95,3000,84.91,E
sz002409,雅克科技,2025-10-10 10:29:51,84.9,11000,84.95,D
sz002409,雅克科技,2025-10-10 10:29:54,85.0,7300,84.9,U
sz002409,雅克科技,2025-10-10 10:30:03,84.9,4700,84.91,D
sz002409,雅克科技,2025-10-10 10:30:09,84.91,9100,84.93,D
sz002409,雅克科技,2025-10-10 10:30:12,85.0,4700,84.91,U
sz002409,雅克科技,2025-10-10 10:30:15,85.01,7700,85.0,U
sz002409,雅克科技,2025-10-10 10:30:24,85.1,4100,85.05,U
sz002409,雅克科技,2025-10-10 10:30:27,85.09,6400,85.1,D
sz002409,雅克科技,2025-10-10 10:30:33,85.15,2400,85.09,U
sz002409,雅克科技,2025-10-10 10:30:36,85.2,11000,85.15,U
sz002409,雅克科技,2025-10-10 10:30:45,85.25,2800,85.2,U
sz002409,雅克科技,2025-10-10 10:31:00,85.39,4700,85.37,U
sz002409,雅克科技,2025-10-10 10:31:06,85.5,5000,85.43,U
sz002409,雅克科技,2025-10-10 10:31:09,85.46,3000,85.5,E
sz002409,雅克科技,2025-10-10 10:31:12,85.4,12300,85.46,D
sz002409,雅克科技,2025-10-10 10:31:15,85.4,2800,85.4,D
sz002409,雅克科技,2025-10-10 10:31:18,85.5,29500,85.4,U
sz002409,雅克科技,2025-10-10 10:31:21,85.55,16200,85.5,U
sz002409,雅克科技,2025-10-10 10:31:24,85.46,22500,85.55,D
sz002409,雅克科技,2025-10-10 10:31:27,85.5,5700,85.46,U
sz002409,雅克科技,2025-10-10 10:31:33,85.59,8800,85.47,U
sz002409,雅克科技,2025-10-10 10:31:45,85.7,7800,85.8,D
sz002409,雅克科技,2025-10-10 10:31:48,85.8,4700,85.7,D
sz002409,雅克科技,2025-10-10 10:31:51,85.8,3100,85.8,U
sz002409,雅克科技,2025-10-10 10:31:57,85.89,3600,85.8,U
sz002409,雅克科技,2025-10-10 10:32:00,85.8,10000,85.89,D
sz002409,雅克科技,2025-10-10 10:32:03,85.8,4000,85.8,U
sz002409,雅克科技,2025-10-10 10:32:06,85.79,6400,85.8,E
sz002409,雅克科技,2025-10-10 10:32:09,85.75,10300,85.79,D
sz002409,雅克科技,2025-10-10 10:32:18,85.69,2400,85.73,E
sz002409,雅克科技,2025-10-10 10:32:24,85.69,7000,85.75,D
sz002409,雅克科技,2025-10-10 10:32:30,85.75,4900,85.75,U
sz002409,雅克科技,2025-10-10 10:32:33,85.75,2500,85.75,U
sz002409,雅克科技,2025-10-10 10:32:36,85.68,3300,85.75,D
sz002409,雅克科技,2025-10-10 10:32:45,85.65,2900,85.66,D
sz002409,雅克科技,2025-10-10 10:32:48,85.69,4500,85.65,U
sz002409,雅克科技,2025-10-10 10:32:51,85.75,2700,85.69,U
sz002409,雅克科技,2025-10-10 10:32:54,85.74,3000,85.75,U
sz002409,雅克科技,2025-10-10 10:32:57,85.74,2900,85.74,D
sz002409,雅克科技,2025-10-10 10:33:00,85.74,6400,85.74,D
sz002409,雅克科技,2025-10-10 10:33:03,85.74,6900,85.74,D
sz002409,雅克科技,2025-10-10 10:33:06,85.75,6400,85.74,U
sz002409,雅克科技,2025-10-10 10:33:15,85.66,7300,85.68,D
sz002409,雅克科技,2025-10-10 10:33:18,85.51,4700,85.66,D
sz002409,雅克科技,2025-10-10 10:33:21,85.33,54700,85.51,D
sz002409,雅克科技,2025-10-10 10:33:30,85.52,13100,85.48,U
sz002409,雅克科技,2025-10-10 10:33:36,85.5,4200,85.63,D
sz002409,雅克科技,2025-10-10 10:33:45,85.49,3500,85.5,D
sz002409,雅克科技,2025-10-10 10:33:48,85.4,5400,85.49,D
sz002409,雅克科技,2025-10-10 10:33:57,85.39,2600,85.37,U
sz002409,雅克科技,2025-10-10 10:34:00,85.39,7600,85.39,U
sz002409,雅克科技,2025-10-10 10:34:06,85.49,13100,85.27,U
sz002409,雅克科技,2025-10-10 10:34:09,85.49,4100,85.49,U
sz002409,雅克科技,2025-10-10 10:34:12,85.57,3800,85.49,U
sz002409,雅克科技,2025-10-10 10:34:27,85.31,20300,85.4,D
sz002409,雅克科技,2025-10-10 10:34:39,85.27,7800,85.3,D
sz002409,雅克科技,2025-10-10 10:35:03,85.36,4100,85.34,U
sz002409,雅克科技,2025-10-10 10:35:09,85.39,4100,85.44,E
sz002409,雅克科技,2025-10-10 10:35:15,85.39,4000,85.39,U
sz002409,雅克科技,2025-10-10 10:35:18,85.39,5900,85.39,D
sz002409,雅克科技,2025-10-10 10:35:21,85.27,6000,85.39,D
sz002409,雅克科技,2025-10-10 10:35:24,85.19,14900,85.27,D
sz002409,雅克科技,2025-10-10 10:35:27,85.15,3300,85.19,D
sz002409,雅克科技,2025-10-10 10:35:30,85.16,7300,85.15,E
sz002409,雅克科技,2025-10-10 10:35:42,85.1,6700,85.09,U
sz002409,雅克科技,2025-10-10 10:35:48,85.03,6000,85.1,D
sz002409,雅克科技,2025-10-10 10:36:00,85.27,5200,85.13,U
sz002409,雅克科技,2025-10-10 10:36:03,85.1,3200,85.27,D
sz002409,雅克科技,2025-10-10 10:36:06,85.01,12800,85.1,D
sz002409,雅克科技,2025-10-10 10:36:09,85.04,2500,85.01,E
sz002409,雅克科技,2025-10-10 10:36:12,85.0,17500,85.04,D
sz002409,雅克科技,2025-10-10 10:36:24,84.98,11300,85.02,D
sz002409,雅克科技,2025-10-10 10:36:30,84.94,9100,84.97,D
sz002409,雅克科技,2025-10-10 10:36:33,84.93,2600,84.94,E
sz002409,雅克科技,2025-10-10 10:36:36,84.92,13300,84.93,D
sz002409,雅克科技,2025-10-10 10:36:42,84.91,5400,84.92,D
sz002409,雅克科技,2025-10-10 10:36:51,84.88,12400,84.9,D
sz002409,雅克科技,2025-10-10 10:36:54,84.87,6400,84.88,E
sz002409,雅克科技,2025-10-10 10:37:12,84.85,3900,84.84,U
sz002409,雅克科技,2025-10-10 10:37:18,84.85,2400,84.79,U
sz002409,雅克科技,2025-10-10 10:37:21,84.85,3900,84.85,D
sz002409,雅克科技,2025-10-10 10:37:36,84.83,13900,84.78,U
sz002409,雅克科技,2025-10-10 10:38:00,84.78,18200,84.91,D
sz002409,雅克科技,2025-10-10 10:38:03,84.73,4300,84.78,D
sz002409,雅克科技,2025-10-10 10:38:06,84.68,9400,84.73,D
sz002409,雅克科技,2025-10-10 10:38:09,84.6,2800,84.68,D
sz002409,雅克科技,2025-10-10 10:38:15,84.51,10900,84.58,D
sz002409,雅克科技,2025-10-10 10:38:24,84.54,9800,84.59,D
sz002409,雅克科技,2025-10-10 10:38:27,84.51,5000,84.54,D
sz002409,雅克科技,2025-10-10 10:38:30,84.54,3100,84.51,U
sz002409,雅克科技,2025-10-10 10:38:33,84.51,5300,84.54,D
sz002409,雅克科技,2025-10-10 10:38:36,84.5,10100,84.51,E
sz002409,雅克科技,2025-10-10 10:38:39,84.33,4200,84.5,D
sz002409,雅克科技,2025-10-10 10:38:42,84.27,51900,84.33,D
sz002409,雅克科技,2025-10-10 10:38:45,84.33,10700,84.27,E
sz002409,雅克科技,2025-10-10 10:38:48,84.36,3600,84.33,U
sz002409,雅克科技,2025-10-10 10:38:51,84.44,3800,84.36,E
sz002409,雅克科技,2025-10-10 10:38:54,84.54,29500,84.44,U
sz002409,雅克科技,2025-10-10 10:39:00,84.53,2800,84.41,U
sz002409,雅克科技,2025-10-10 10:39:03,84.52,4600,84.53,U
sz002409,雅克科技,2025-10-10 10:39:24,84.36,7300,84.5,D
sz002409,雅克科技,2025-10-10 10:39:33,84.51,6000,84.49,U
sz002409,雅克科技,2025-10-10 10:39:36,84.49,3400,84.51,D
sz002409,雅克科技,2025-10-10 10:39:39,84.49,5300,84.49,D
sz002409,雅克科技,2025-10-10 10:39:42,84.53,2500,84.49,U
sz002409,雅克科技,2025-10-10 10:39:45,84.53,4700,84.53,U
sz002409,雅克科技,2025-10-10 10:39:51,84.53,2500,84.53,U
sz002409,雅克科技,2025-10-10 10:39:57,84.5,18400,84.49,U
sz002409,雅克科技,2025-10-10 10:40:06,84.5,4000,84.51,D
sz002409,雅克科技,2025-10-10 10:40:09,84.4,27500,84.5,D
sz002409,雅克科技,2025-10-10 10:40:12,84.43,4100,84.4,U
sz002409,雅克科技,2025-10-10 10:40:21,84.42,4800,84.38,E
sz002409,雅克科技,2025-10-10 10:40:30,84.6,11343,84.43,U
sz002409,雅克科技,2025-10-10 10:40:42,84.62,3200,84.6,U
sz002409,雅克科技,2025-10-10 10:40:45,84.62,2400,84.62,U
sz002409,雅克科技,2025-10-10 10:40:57,84.62,9200,84.61,U
sz002409,雅克科技,2025-10-10 10:41:39,84.64,3100,84.64,D
sz002409,雅克科技,2025-10-10 10:41:45,84.64,2800,84.63,U
sz002409,雅克科技,2025-10-10 10:41:57,84.63,2500,84.64,D
sz002409,雅克科技,2025-10-10 10:42:00,84.61,3400,84.63,D
sz002409,雅克科技,2025-10-10 10:42:03,84.65,8200,84.61,U
sz002409,雅克科技,2025-10-10 10:42:06,84.63,14200,84.65,D
sz002409,雅克科技,2025-10-10 10:42:15,84.7,5000,84.66,U
sz002409,雅克科技,2025-10-10 10:42:24,84.66,2900,84.7,D
sz002409,雅克科技,2025-10-10 10:42:27,84.63,5000,84.66,D
sz002409,雅克科技,2025-10-10 10:42:30,84.7,8000,84.63,U
sz002409,雅克科技,2025-10-10 10:42:42,84.65,4100,84.65,D
sz002409,雅克科技,2025-10-10 10:42:45,84.69,9300,84.65,U
sz002409,雅克科技,2025-10-10 10:42:51,84.7,6400,84.69,U
sz002409,雅克科技,2025-10-10 10:43:00,84.75,6700,84.75,U
sz002409,雅克科技,2025-10-10 10:43:03,84.76,5200,84.75,U
sz002409,雅克科技,2025-10-10 10:43:15,84.95,4300,84.88,U
sz002409,雅克科技,2025-10-10 10:43:18,84.98,3100,84.95,U
sz002409,雅克科技,2025-10-10 10:43:42,84.84,15900,84.9,D
sz002409,雅克科技,2025-10-10 10:43:54,84.74,3800,84.73,U
sz002409,雅克科技,2025-10-10 10:44:00,84.66,2800,84.66,D
sz002409,雅克科技,2025-10-10 10:44:03,84.75,3500,84.66,U
sz002409,雅克科技,2025-10-10 10:44:06,84.73,68500,84.75,D
sz002409,雅克科技,2025-10-10 10:44:09,84.73,8300,84.73,D
sz002409,雅克科技,2025-10-10 10:44:12,84.59,27800,84.73,D
sz002409,雅克科技,2025-10-10 10:44:15,84.51,3000,84.59,D
sz002409,雅克科技,2025-10-10 10:44:18,84.6,3300,84.51,E
sz002409,雅克科技,2025-10-10 10:44:21,84.66,3700,84.6,U
sz002409,雅克科技,2025-10-10 10:44:30,84.6,4700,84.6,D
sz002409,雅克科技,2025-10-10 10:44:42,84.6,2600,84.62,D
sz002409,雅克科技,2025-10-10 10:44:48,84.59,9400,84.6,D
sz002409,雅克科技,2025-10-10 10:44:54,84.6,63900,84.6,U
sz002409,雅克科技,2025-10-10 10:44:57,84.64,4300,84.6,U
sz002409,雅克科技,2025-10-10 10:45:00,84.6,9100,84.64,D
sz002409,雅克科技,2025-10-10 10:45:06,84.45,5900,84.58,D
sz002409,雅克科技,2025-10-10 10:45:09,84.45,3200,84.45,U
sz002409,雅克科技,2025-10-10 10:45:21,84.59,11000,84.45,U
sz002409,雅克科技,2025-10-10 10:45:24,84.59,4700,84.59,U
sz002409,雅克科技,2025-10-10 10:45:27,84.46,17500,84.59,D
sz002409,雅克科技,2025-10-10 10:45:33,84.56,4000,84.45,E
sz002409,雅克科技,2025-10-10 10:45:39,84.46,3100,84.56,D
sz002409,雅克科技,2025-10-10 10:45:42,84.46,11600,84.46,D
sz002409,雅克科技,2025-10-10 10:45:48,84.5,4400,84.41,U
sz002409,雅克科技,2025-10-10 10:45:51,84.5,5100,84.5,D
sz002409,雅克科技,2025-10-10 10:46:06,84.57,8400,84.45,U
sz002409,雅克科技,2025-10-10 10:46:09,84.58,2600,84.57,U
sz002409,雅克科技,2025-10-10 10:46:12,84.58,17200,84.58,U
sz002409,雅克科技,2025-10-10 10:46:27,84.51,17600,84.51,D
sz002409,雅克科技,2025-10-10 10:46:36,84.68,4300,84.68,D
sz002409,雅克科技,2025-10-10 10:47:00,84.84,3900,84.74,U
sz002409,雅克科技,2025-10-10 10:47:03,84.75,6800,84.84,D
sz002409,雅克科技,2025-10-10 10:47:09,84.84,2500,84.84,U
sz002409,雅克科技,2025-10-10 10:47:24,84.98,3600,84.97,U
sz002409,雅克科技,2025-10-10 10:47:27,84.88,3900,84.98,D
sz002409,雅克科技,2025-10-10 10:47:33,84.98,5700,84.97,U
sz002409,雅克科技,2025-10-10 10:47:36,84.98,8900,84.98,U
sz002409,雅克科技,2025-10-10 10:47:39,84.98,7800,84.98,D
sz002409,雅克科技,2025-10-10 10:47:45,85.0,3000,84.9,U
sz002409,雅克科技,2025-10-10 10:47:54,85.03,12800,84.89,U
sz002409,雅克科技,2025-10-10 10:47:57,85.03,2700,85.03,D
sz002409,雅克科技,2025-10-10 10:48:00,85.1,4800,85.03,U
sz002409,雅克科技,2025-10-10 10:48:03,85.09,3300,85.1,E
sz002409,雅克科技,2025-10-10 10:48:06,85.03,4700,85.09,D
sz002409,雅克科技,2025-10-10 10:48:09,85.03,3700,85.03,D
sz002409,雅克科技,2025-10-10 10:48:12,84.99,12400,85.03,D
sz002409,雅克科技,2025-10-10 10:48:18,84.9,3000,84.98,D
sz002409,雅克科技,2025-10-10 10:48:21,85.0,10400,84.9,U
sz002409,雅克科技,2025-10-10 10:48:33,84.88,2800,84.9,D
sz002409,雅克科技,2025-10-10 10:48:57,84.96,2800,84.91,U
sz002409,雅克科技,2025-10-10 10:49:00,85.03,10500,84.96,U
sz002409,雅克科技,2025-10-10 10:49:03,85.04,8200,85.03,E
sz002409,雅克科技,2025-10-10 10:49:06,85.05,3800,85.04,U
sz002409,雅克科技,2025-10-10 10:49:24,85.15,3000,85.14,U
sz002409,雅克科技,2025-10-10 10:49:33,85.19,2400,85.18,U
sz002409,雅克科技,2025-10-10 10:50:00,85.38,10100,85.25,U
sz002409,雅克科技,2025-10-10 10:50:03,85.27,4700,85.38,D
sz002409,雅克科技,2025-10-10 10:50:06,85.3,10100,85.27,E
sz002409,雅克科技,2025-10-10 10:50:21,85.39,3300,85.5,D
sz002409,雅克科技,2025-10-10 10:50:24,85.56,14000,85.39,U
sz002409,雅克科技,2025-10-10 10:50:30,85.39,3500,85.53,D
sz002409,雅克科技,2025-10-10 10:50:33,85.4,4000,85.39,E
sz002409,雅克科技,2025-10-10 10:50:36,85.53,8400,85.4,U
sz002409,雅克科技,2025-10-10 10:50:42,85.39,3900,85.5,D
sz002409,雅克科技,2025-10-10 10:50:48,85.5,9500,85.41,E
sz002409,雅克科技,2025-10-10 10:50:54,85.5,2700,85.5,D
sz002409,雅克科技,2025-10-10 10:50:57,85.53,9500,85.5,U
sz002409,雅克科技,2025-10-10 10:51:06,85.51,6300,85.51,U
sz002409,雅克科技,2025-10-10 10:51:18,85.5,9300,85.43,U
sz002409,雅克科技,2025-10-10 10:51:33,85.42,3200,85.42,D
sz002409,雅克科技,2025-10-10 10:51:39,85.42,2600,85.46,D
sz002409,雅克科技,2025-10-10 10:51:42,85.65,38400,85.42,U
sz002409,雅克科技,2025-10-10 10:51:45,85.75,6600,85.65,U
sz002409,雅克科技,2025-10-10 10:51:48,85.8,11900,85.75,U
sz002409,雅克科技,2025-10-10 10:51:51,85.75,4800,85.8,D
sz002409,雅克科技,2025-10-10 10:51:54,85.8,3400,85.75,U
sz002409,雅克科技,2025-10-10 10:51:57,85.8,4700,85.8,U
sz002409,雅克科技,2025-10-10 10:52:00,85.75,3500,85.8,D
sz002409,雅克科技,2025-10-10 10:52:18,85.8,10900,85.75,U
sz002409,雅克科技,2025-10-10 10:52:24,85.98,9800,85.79,U
sz002409,雅克科技,2025-10-10 10:52:27,85.91,6500,85.98,D
sz002409,雅克科技,2025-10-10 10:52:30,85.99,3200,85.91,U
sz002409,雅克科技,2025-10-10 10:52:33,85.98,4200,85.99,U
sz002409,雅克科技,2025-10-10 10:52:39,85.98,5100,85.98,U
sz002409,雅克科技,2025-10-10 10:52:42,85.98,11600,85.98,D
sz002409,雅克科技,2025-10-10 10:52:45,85.99,3000,85.98,U
sz002409,雅克科技,2025-10-10 10:52:48,86.0,11200,85.99,U
sz002409,雅克科技,2025-10-10 10:52:51,86.0,22800,86.0,U
sz002409,雅克科技,2025-10-10 10:52:54,86.0,7500,86.0,U
sz002409,雅克科技,2025-10-10 10:52:57,85.99,6100,86.0,D
sz002409,雅克科技,2025-10-10 10:53:00,85.99,11700,85.99,U
sz002409,雅克科技,2025-10-10 10:53:03,85.99,6200,85.99,U
sz002409,雅克科技,2025-10-10 10:53:06,85.98,9900,85.99,D
sz002409,雅克科技,2025-10-10 10:53:09,86.0,4500,85.98,U
sz002409,雅克科技,2025-10-10 10:53:12,86.0,3600,86.0,U
sz002409,雅克科技,2025-10-10 10:53:15,85.99,3200,86.0,E
sz002409,雅克科技,2025-10-10 10:53:18,85.98,2700,85.99,D
sz002409,雅克科技,2025-10-10 10:53:21,85.94,5800,85.98,D
sz002409,雅克科技,2025-10-10 10:53:27,85.8,2800,85.88,D
sz002409,雅克科技,2025-10-10 10:53:30,85.88,5300,85.8,U
sz002409,雅克科技,2025-10-10 10:53:42,85.81,2600,85.79,E
sz002409,雅克科技,2025-10-10 10:53:45,85.79,13463,85.81,D
sz002409,雅克科技,2025-10-10 10:53:48,85.79,8200,85.79,D
sz002409,雅克科技,2025-10-10 10:53:51,85.8,9800,85.79,U
sz002409,雅克科技,2025-10-10 10:53:54,85.81,8700,85.8,U
sz002409,雅克科技,2025-10-10 10:54:00,85.79,2600,85.8,D
sz002409,雅克科技,2025-10-10 10:54:03,85.8,4500,85.79,U
sz002409,雅克科技,2025-10-10 10:54:06,85.8,4800,85.8,U
sz002409,雅克科技,2025-10-10 10:54:12,85.8,4300,85.8,D
sz002409,雅克科技,2025-10-10 10:54:21,85.79,7900,85.79,D
sz002409,雅克科技,2025-10-10 10:54:24,85.79,11900,85.79,D
sz002409,雅克科技,2025-10-10 10:54:27,85.79,10300,85.79,D
sz002409,雅克科技,2025-10-10 10:54:30,85.8,9700,85.79,U
sz002409,雅克科技,2025-10-10 10:54:33,85.87,4900,85.8,U
sz002409,雅克科技,2025-10-10 10:54:39,85.87,3800,85.87,D
sz002409,雅克科技,2025-10-10 10:54:54,85.88,7100,85.87,D
sz002409,雅克科技,2025-10-10 10:54:57,85.93,3200,85.88,U
sz002409,雅克科技,2025-10-10 10:55:06,85.89,5200,85.88,U
sz002409,雅克科技,2025-10-10 10:55:12,85.79,2600,85.88,D
sz002409,雅克科技,2025-10-10 10:55:18,85.88,4700,85.79,U
sz002409,雅克科技,2025-10-10 10:55:30,85.8,4800,85.8,D
sz002409,雅克科技,2025-10-10 10:55:39,85.8,6900,85.79,U
sz002409,雅克科技,2025-10-10 10:55:45,85.76,44037,85.79,D
sz002409,雅克科技,2025-10-10 10:55:48,85.75,4600,85.76,D
sz002409,雅克科技,2025-10-10 10:55:54,85.71,7600,85.75,D
sz002409,雅克科技,2025-10-10 10:56:12,85.79,19363,85.71,U
sz002409,雅克科技,2025-10-10 10:56:15,85.72,9900,85.79,D
sz002409,雅克科技,2025-10-10 10:56:18,85.7,2500,85.72,E
sz002409,雅克科技,2025-10-10 10:56:33,85.71,3200,85.77,D
sz002409,雅克科技,2025-10-10 10:56:39,85.87,11500,85.83,U
sz002409,雅克科技,2025-10-10 10:56:42,85.95,16100,85.87,U
sz002409,雅克科技,2025-10-10 10:56:45,85.97,3000,85.95,U
sz002409,雅克科技,2025-10-10 10:56:48,86.0,55100,85.97,U
sz002409,雅克科技,2025-10-10 10:56:51,86.0,9300,86.0,U
sz002409,雅克科技,2025-10-10 10:56:54,86.12,71700,86.0,U
sz002409,雅克科技,2025-10-10 10:56:57,86.12,7500,86.12,U
sz002409,雅克科技,2025-10-10 10:57:00,86.25,38500,86.12,U
sz002409,雅克科技,2025-10-10 10:57:03,86.31,17000,86.25,U
sz002409,雅克科技,2025-10-10 10:57:06,86.35,8500,86.31,U
sz002409,雅克科技,2025-10-10 10:57:09,86.39,37500,86.35,U
sz002409,雅克科技,2025-10-10 10:57:12,86.4,11500,86.39,U
sz002409,雅克科技,2025-10-10 10:57:15,86.39,5200,86.4,D
sz002409,雅克科技,2025-10-10 10:57:18,86.39,3800,86.39,U
sz002409,雅克科技,2025-10-10 10:57:21,86.39,26100,86.39,U
sz002409,雅克科技,2025-10-10 10:57:24,86.48,12000,86.39,U
sz002409,雅克科技,2025-10-10 10:57:27,86.48,7997,86.48,U
sz002409,雅克科技,2025-10-10 10:57:30,86.5,43400,86.48,U
sz002409,雅克科技,2025-10-10 10:57:33,86.5,6900,86.5,U
sz002409,雅克科技,2025-10-10 10:57:36,86.5,5600,86.5,U
sz002409,雅克科技,2025-10-10 10:57:39,86.5,4800,86.5,U
sz002409,雅克科技,2025-10-10 10:57:42,86.5,7200,86.5,U
sz002409,雅克科技,2025-10-10 10:57:45,86.5,24200,86.5,U
sz002409,雅克科技,2025-10-10 10:57:48,86.4,9000,86.5,D
sz002409,雅克科技,2025-10-10 10:57:51,86.47,40203,86.4,U
sz002409,雅克科技,2025-10-10 10:57:54,86.4,4700,86.47,E
sz002409,雅克科技,2025-10-10 10:58:00,86.35,9300,86.39,D
sz002409,雅克科技,2025-10-10 10:58:03,86.35,2900,86.35,D
sz002409,雅克科技,2025-10-10 10:58:06,86.5,25100,86.35,U
sz002409,雅克科技,2025-10-10 10:58:09,86.35,34300,86.5,D
sz002409,雅克科技,2025-10-10 10:58:15,86.35,14600,86.46,D
sz002409,雅克科技,2025-10-10 10:58:18,86.59,86197,86.35,U
sz002409,雅克科技,2025-10-10 10:58:21,86.59,43800,86.59,D
sz002409,雅克科技,2025-10-10 10:58:27,86.59,30700,86.59,D
sz002409,雅克科技,2025-10-10 10:58:30,86.6,10500,86.59,E
sz002409,雅克科技,2025-10-10 10:58:33,86.65,18400,86.6,U
sz002409,雅克科技,2025-10-10 10:58:36,86.66,9500,86.65,U
sz002409,雅克科技,2025-10-10 10:58:42,86.65,22200,86.66,U
sz002409,雅克科技,2025-10-10 10:58:45,86.64,6500,86.65,D
sz002409,雅克科技,2025-10-10 10:58:48,86.66,67500,86.64,U
sz002409,雅克科技,2025-10-10 10:58:51,86.66,4700,86.66,U
sz002409,雅克科技,2025-10-10 10:58:54,86.61,13800,86.66,D
sz002409,雅克科技,2025-10-10 10:58:57,86.58,16600,86.61,D
sz002409,雅克科技,2025-10-10 10:59:00,86.47,55000,86.58,D
sz002409,雅克科技,2025-10-10 10:59:06,86.65,4300,86.65,E
sz002409,雅克科技,2025-10-10 10:59:09,86.59,5800,86.65,D
sz002409,雅克科技,2025-10-10 10:59:12,86.65,9600,86.59,U
sz002409,雅克科技,2025-10-10 10:59:15,86.59,7200,86.65,D
sz002409,雅克科技,2025-10-10 10:59:18,86.65,2600,86.59,U
sz002409,雅克科技,2025-10-10 10:59:21,86.64,18900,86.65,E
sz002409,雅克科技,2025-10-10 10:59:24,86.6,2700,86.64,D
sz002409,雅克科技,2025-10-10 10:59:30,86.58,13800,86.6,D
sz002409,雅克科技,2025-10-10 10:59:33,86.59,13800,86.58,U
sz002409,雅克科技,2025-10-10 10:59:36,86.6,4200,86.59,U
sz002409,雅克科技,2025-10-10 10:59:39,86.59,4500,86.6,D
sz002409,雅克科技,2025-10-10 10:59:42,86.62,4100,86.59,E
sz002409,雅克科技,2025-10-10 10:59:45,86.6,2700,86.62,E
sz002409,雅克科技,2025-10-10 10:59:51,86.63,4500,86.6,U
sz002409,雅克科技,2025-10-10 10:59:54,86.6,2400,86.63,D
sz002409,雅克科技,2025-10-10 10:59:57,86.61,3700,86.6,U
sz002409,雅克科技,2025-10-10 11:00:00,86.61,6700,86.61,U
sz002409,雅克科技,2025-10-10 11:00:03,86.55,5000,86.61,D
sz002409,雅克科技,2025-10-10 11:00:06,86.48,12200,86.55,D
sz002409,雅克科技,2025-10-10 11:00:09,86.47,4200,86.48,D
sz002409,雅克科技,2025-10-10 11:00:12,86.44,3500,86.47,D
sz002409,雅克科技,2025-10-10 11:00:21,86.3,3000,86.37,D
sz002409,雅克科技,2025-10-10 11:00:30,86.0,5800,86.2,D
sz002409,雅克科技,2025-10-10 11:00:39,86.05,3200,86.03,E
sz002409,雅克科技,2025-10-10 11:00:42,86.08,9300,86.05,D
sz002409,雅克科技,2025-10-10 11:00:45,86.15,2900,86.08,U
sz002409,雅克科技,2025-10-10 11:00:48,86.18,7400,86.15,U
sz002409,雅克科技,2025-10-10 11:00:51,86.12,4800,86.18,E
sz002409,雅克科技,2025-10-10 11:00:57,86.13,3000,86.22,D
sz002409,雅克科技,2025-10-10 11:01:06,86.22,7400,86.22,D
sz002409,雅克科技,2025-10-10 11:01:24,86.3,3000,86.25,U
sz002409,雅克科技,2025-10-10 11:01:27,86.26,3000,86.3,D
sz002409,雅克科技,2025-10-10 11:01:30,86.27,4700,86.26,U
sz002409,雅克科技,2025-10-10 11:01:33,86.27,3700,86.27,D
sz002409,雅克科技,2025-10-10 11:01:36,86.27,3200,86.27,D
sz002409,雅克科技,2025-10-10 11:01:39,86.19,87100,86.27,D
sz002409,雅克科技,2025-10-10 11:01:45,86.1,2700,86.19,D
sz002409,雅克科技,2025-10-10 11:01:48,86.09,2800,86.1,D
sz002409,雅克科技,2025-10-10 11:01:51,86.08,7900,86.09,D
sz002409,雅克科技,2025-10-10 11:01:57,86.1,7500,86.08,U
sz002409,雅克科技,2025-10-10 11:02:00,86.04,4400,86.1,D
sz002409,雅克科技,2025-10-10 11:02:06,86.04,10800,86.04,D
sz002409,雅克科技,2025-10-10 11:02:09,86.08,4800,86.04,U
sz002409,雅克科技,2025-10-10 11:02:12,86.04,17200,86.08,D
sz002409,雅克科技,2025-10-10 11:02:30,86.0,7700,86.0,U
sz002409,雅克科技,2025-10-10 11:02:33,85.86,7200,86.0,D
sz002409,雅克科技,2025-10-10 11:02:39,85.92,11500,85.92,E
sz002409,雅克科技,2025-10-10 11:02:45,85.99,5400,85.92,U
sz002409,雅克科技,2025-10-10 11:02:48,86.01,14400,85.99,U
sz002409,雅克科技,2025-10-10 11:02:51,85.92,9300,86.01,D
sz002409,雅克科技,2025-10-10 11:03:00,85.77,4100,85.78,D
sz002409,雅克科技,2025-10-10 11:03:09,85.84,5400,85.78,U
sz002409,雅克科技,2025-10-10 11:03:12,85.78,2700,85.84,U
sz002409,雅克科技,2025-10-10 11:03:18,85.86,7100,85.74,U
sz002409,雅克科技,2025-10-10 11:03:21,85.88,4900,85.86,U
sz002409,雅克科技,2025-10-10 11:03:27,85.9,2600,85.9,D
sz002409,雅克科技,2025-10-10 11:03:30,85.93,5800,85.9,U
sz002409,雅克科技,2025-10-10 11:03:33,85.95,6500,85.93,U
sz002409,雅克科技,2025-10-10 11:03:36,85.97,11300,85.95,U
sz002409,雅克科技,2025-10-10 11:03:39,85.97,4400,85.97,U
sz002409,雅克科技,2025-10-10 11:03:42,85.98,3900,85.97,U
sz002409,雅克科技,2025-10-10 11:03:45,85.88,3900,85.98,D
sz002409,雅克科技,2025-10-10 11:03:54,85.79,3500,85.75,U
sz002409,雅克科技,2025-10-10 11:03:57,85.8,4100,85.79,U
sz002409,雅克科技,2025-10-10 11:04:03,85.8,3800,85.81,D
sz002409,雅克科技,2025-10-10 11:04:09,85.79,4600,85.8,D
sz002409,雅克科技,2025-10-10 11:04:12,85.83,10800,85.79,U
sz002409,雅克科技,2025-10-10 11:04:21,85.75,2400,85.78,D
sz002409,雅克科技,2025-10-10 11:04:24,85.74,10600,85.75,D
sz002409,雅克科技,2025-10-10 11:04:27,85.8,3600,85.74,U
sz002409,雅克科技,2025-10-10 11:04:33,85.8,6200,85.75,U
sz002409,雅克科技,2025-10-10 11:04:36,85.75,3500,85.8,D
sz002409,雅克科技,2025-10-10 11:04:42,85.8,17300,85.75,U
sz002409,雅克科技,2025-10-10 11:04:45,85.8,3500,85.8,D
sz002409,雅克科技,2025-10-10 11:04:48,85.81,5500,85.8,U
sz002409,雅克科技,2025-10-10 11:04:51,85.83,3900,85.81,U
sz002409,雅克科技,2025-10-10 11:05:03,85.82,3600,85.81,U
sz002409,雅克科技,2025-10-10 11:05:15,85.82,3300,85.82,D
sz002409,雅克科技,2025-10-10 11:05:51,85.96,3700,85.95,U
sz002409,雅克科技,2025-10-10 11:05:57,85.98,8100,85.97,U
sz002409,雅克科技,2025-10-10 11:06:03,85.96,2900,85.97,D
sz002409,雅克科技,2025-10-10 11:06:09,85.89,3900,85.94,D
sz002409,雅克科技,2025-10-10 11:06:12,85.94,3400,85.89,U
sz002409,雅克科技,2025-10-10 11:06:18,85.88,21500,85.88,D
sz002409,雅克科技,2025-10-10 11:06:21,85.94,6500,85.88,U
sz002409,雅克科技,2025-10-10 11:06:24,85.96,7200,85.94,U
sz002409,雅克科技,2025-10-10 11:06:33,85.96,3200,85.94,U
sz002409,雅克科技,2025-10-10 11:06:36,85.97,29800,85.96,U
sz002409,雅克科技,2025-10-10 11:06:39,86.19,5500,85.97,U
sz002409,雅克科技,2025-10-10 11:06:42,86.02,32400,86.19,D
sz002409,雅克科技,2025-10-10 11:06:51,86.2,26900,86.29,D
sz002409,雅克科技,2025-10-10 11:06:57,86.3,3200,86.27,U
sz002409,雅克科技,2025-10-10 11:07:36,86.03,6800,86.16,D
sz002409,雅克科技,2025-10-10 11:07:48,85.95,3300,85.99,D
sz002409,雅克科技,2025-10-10 11:07:51,85.93,5700,85.95,D
sz002409,雅克科技,2025-10-10 11:07:54,85.82,6800,85.93,D
sz002409,雅克科技,2025-10-10 11:08:00,85.75,3100,85.82,D
sz002409,雅克科技,2025-10-10 11:08:03,85.93,11000,85.75,U
sz002409,雅克科技,2025-10-10 11:08:12,86.0,4500,85.97,U
sz002409,雅克科技,2025-10-10 11:08:15,85.95,6100,86.0,D
sz002409,雅克科技,2025-10-10 11:08:18,86.0,2900,85.95,U
sz002409,雅克科技,2025-10-10 11:08:21,86.0,8600,86.0,U
sz002409,雅克科技,2025-10-10 11:08:24,86.0,6000,86.0,U
sz002409,雅克科技,2025-10-10 11:08:33,86.0,13400,85.97,U
sz002409,雅克科技,2025-10-10 11:08:36,86.0,17000,86.0,U
sz002409,雅克科技,2025-10-10 11:08:39,86.0,5900,86.0,U
sz002409,雅克科技,2025-10-10 11:08:51,86.02,2500,86.01,E
sz002409,雅克科技,2025-10-10 11:08:57,86.04,3000,86.06,D
sz002409,雅克科技,2025-10-10 11:09:09,86.12,2800,86.07,U
sz002409,雅克科技,2025-10-10 11:09:12,86.1,3100,86.12,E
sz002409,雅克科技,2025-10-10 11:09:18,86.04,2700,86.06,D
sz002409,雅克科技,2025-10-10 11:09:33,86.05,2800,86.05,D
sz002409,雅克科技,2025-10-10 11:09:45,86.08,3700,86.05,U
sz002409,雅克科技,2025-10-10 11:09:57,86.0,3700,86.02,D
sz002409,雅克科技,2025-10-10 11:10:00,85.99,8300,86.0,D
sz002409,雅克科技,2025-10-10 11:10:03,85.94,11000,85.99,D
sz002409,雅克科技,2025-10-10 11:10:06,85.88,11800,85.94,D
sz002409,雅克科技,2025-10-10 11:10:15,85.85,2700,85.86,E
sz002409,雅克科技,2025-10-10 11:10:24,85.75,11100,85.82,D
sz002409,雅克科技,2025-10-10 11:10:27,85.82,8800,85.75,U
sz002409,雅克科技,2025-10-10 11:10:30,85.84,2800,85.82,E
sz002409,雅克科技,2025-10-10 11:10:45,85.92,3300,85.93,D
sz002409,雅克科技,2025-10-10 11:11:09,85.84,2800,85.87,D
sz002409,雅克科技,2025-10-10 11:11:21,85.76,3300,85.78,D
sz002409,雅克科技,2025-10-10 11:11:30,85.71,5400,85.72,D
sz002409,雅克科技,2025-10-10 11:11:36,85.7,2500,85.73,D
sz002409,雅克科技,2025-10-10 11:11:42,85.78,16400,85.7,U
sz002409,雅克科技,2025-10-10 11:11:54,85.76,2600,85.75,U
sz002409,雅克科技,2025-10-10 11:11:57,85.77,5700,85.76,E
sz002409,雅克科技,2025-10-10 11:12:00,85.84,5500,85.77,U
sz002409,雅克科技,2025-10-10 11:12:03,85.85,6500,85.84,U
sz002409,雅克科技,2025-10-10 11:12:06,85.91,5600,85.85,U
sz002409,雅克科技,2025-10-10 11:12:15,85.93,7500,85.92,U
sz002409,雅克科技,2025-10-10 11:12:18,85.92,5200,85.93,D
sz002409,雅克科技,2025-10-10 11:12:30,85.95,10900,85.92,U
sz002409,雅克科技,2025-10-10 11:12:36,85.94,2900,85.95,D
sz002409,雅克科技,2025-10-10 11:12:42,85.93,2800,85.94,D
sz002409,雅克科技,2025-10-10 11:12:54,85.96,8500,85.95,U
sz002409,雅克科技,2025-10-10 11:13:06,86.02,4600,85.99,U
sz002409,雅克科技,2025-10-10 11:13:09,85.94,2400,86.02,D
sz002409,雅克科技,2025-10-10 11:13:24,86.02,2900,86.02,D
sz002409,雅克科技,2025-10-10 11:13:33,86.01,6000,86.0,U
sz002409,雅克科技,2025-10-10 11:13:36,85.97,3900,86.01,D
sz002409,雅克科技,2025-10-10 11:13:42,86.08,25200,85.93,U
sz002409,雅克科技,2025-10-10 11:14:36,85.85,3900,85.87,D
sz002409,雅克科技,2025-10-10 11:14:48,85.85,4600,85.87,U
sz002409,雅克科技,2025-10-10 11:15:03,85.83,2400,85.83,D
sz002409,雅克科技,2025-10-10 11:15:33,85.69,8800,85.69,D
sz002409,雅克科技,2025-10-10 11:15:36,85.67,3400,85.69,D
sz002409,雅克科技,2025-10-10 11:15:39,85.7,11900,85.67,U
sz002409,雅克科技,2025-10-10 11:15:42,85.78,7900,85.7,U
sz002409,雅克科技,2025-10-10 11:15:45,85.8,8300,85.78,U
sz002409,雅克科技,2025-10-10 11:15:48,85.84,4200,85.8,U
sz002409,雅克科技,2025-10-10 11:15:51,85.79,4400,85.84,D
sz002409,雅克科技,2025-10-10 11:15:54,85.8,2500,85.79,U
sz002409,雅克科技,2025-10-10 11:16:06,85.74,5400,85.75,D
sz002409,雅克科技,2025-10-10 11:16:21,85.7,6300,85.7,D
sz002409,雅克科技,2025-10-10 11:16:24,85.73,4100,85.7,D
sz002409,雅克科技,2025-10-10 11:16:33,85.7,3200,85.7,D
sz002409,雅克科技,2025-10-10 11:16:36,85.7,4100,85.7,U
sz002409,雅克科技,2025-10-10 11:16:42,85.7,3000,85.71,D
sz002409,雅克科技,2025-10-10 11:16:45,85.7,3200,85.7,D
sz002409,雅克科技,2025-10-10 11:16:48,85.7,4000,85.7,D
sz002409,雅克科技,2025-10-10 11:17:09,85.66,2800,85.66,D
sz002409,雅克科技,2025-10-10 11:17:12,85.66,5700,85.66,D
sz002409,雅克科技,2025-10-10 11:17:21,85.67,2800,85.67,U
sz002409,雅克科技,2025-10-10 11:17:24,85.65,7900,85.67,D
sz002409,雅克科技,2025-10-10 11:17:45,85.64,9300,85.58,U
sz002409,雅克科技,2025-10-10 11:17:48,85.64,19100,85.64,U
sz002409,雅克科技,2025-10-10 11:18:00,85.6,2500,85.6,D
sz002409,雅克科技,2025-10-10 11:18:21,85.6,2400,85.59,E
sz002409,雅克科技,2025-10-10 11:18:27,85.62,6000,85.6,U
sz002409,雅克科技,2025-10-10 11:18:30,85.65,5600,85.62,U
sz002409,雅克科技,2025-10-10 11:18:39,85.62,2900,85.62,D
sz002409,雅克科技,2025-10-10 11:18:48,85.62,3500,85.62,D
sz002409,雅克科技,2025-10-10 11:18:54,85.68,4300,85.62,U
sz002409,雅克科技,2025-10-10 11:19:00,85.65,2700,85.64,E
sz002409,雅克科技,2025-10-10 11:19:45,85.61,4400,85.64,D
sz002409,雅克科技,2025-10-10 11:19:51,85.58,4800,85.6,D
sz002409,雅克科技,2025-10-10 11:19:54,85.57,4200,85.58,D
sz002409,雅克科技,2025-10-10 11:20:03,85.52,3300,85.53,D
sz002409,雅克科技,2025-10-10 11:20:06,85.53,3400,85.52,U
sz002409,雅克科技,2025-10-10 11:20:09,85.49,22300,85.53,D
sz002409,雅克科技,2025-10-10 11:20:12,85.46,8600,85.49,D
sz002409,雅克科技,2025-10-10 11:20:18,85.43,4900,85.46,D
sz002409,雅克科技,2025-10-10 11:20:27,85.42,2500,85.4,E
sz002409,雅克科技,2025-10-10 11:20:33,85.4,4900,85.42,D
sz002409,雅克科技,2025-10-10 11:20:36,85.39,6300,85.4,D
sz002409,雅克科技,2025-10-10 11:20:39,85.38,6800,85.39,D
sz002409,雅克科技,2025-10-10 11:20:42,85.3,6000,85.38,D
sz002409,雅克科技,2025-10-10 11:20:51,85.31,2400,85.3,E
sz002409,雅克科技,2025-10-10 11:20:54,85.35,15900,85.31,U
sz002409,雅克科技,2025-10-10 11:20:57,85.39,5100,85.35,U
sz002409,雅克科技,2025-10-10 11:21:00,85.32,8000,85.39,D
sz002409,雅克科技,2025-10-10 11:21:03,85.31,13900,85.32,D
sz002409,雅克科技,2025-10-10 11:21:12,85.33,21000,85.42,D
sz002409,雅克科技,2025-10-10 11:21:21,85.36,6400,85.37,D
sz002409,雅克科技,2025-10-10 11:21:24,85.36,3000,85.36,D
sz002409,雅克科技,2025-10-10 11:21:36,85.39,4600,85.4,D
sz002409,雅克科技,2025-10-10 11:21:45,85.5,3500,85.43,U
sz002409,雅克科技,2025-10-10 11:21:48,85.51,2700,85.5,U
sz002409,雅克科技,2025-10-10 11:21:54,85.51,3800,85.52,D
sz002409,雅克科技,2025-10-10 11:21:57,85.5,3400,85.51,D
sz002409,雅克科技,2025-10-10 11:22:00,85.52,16700,85.5,U
sz002409,雅克科技,2025-10-10 11:22:03,85.51,3800,85.52,D
sz002409,雅克科技,2025-10-10 11:22:09,85.51,4700,85.5,U
sz002409,雅克科技,2025-10-10 11:22:18,85.52,11700,85.52,D
sz002409,雅克科技,2025-10-10 11:22:30,85.43,3400,85.51,D
sz002409,雅克科技,2025-10-10 11:22:33,85.43,4500,85.43,U
sz002409,雅克科技,2025-10-10 11:22:45,85.56,24100,85.5,U
sz002409,雅克科技,2025-10-10 11:22:48,85.65,11932,85.56,U
sz002409,雅克科技,2025-10-10 11:22:51,85.67,18800,85.65,U
sz002409,雅克科技,2025-10-10 11:22:54,85.68,6100,85.67,U
sz002409,雅克科技,2025-10-10 11:22:57,85.69,4810,85.68,E
sz002409,雅克科技,2025-10-10 11:23:00,85.72,5400,85.69,E
sz002409,雅克科技,2025-10-10 11:23:03,85.62,5300,85.72,D
sz002409,雅克科技,2025-10-10 11:23:24,85.69,4400,85.66,U
sz002409,雅克科技,2025-10-10 11:23:27,85.69,14400,85.69,D
sz002409,雅克科技,2025-10-10 11:23:30,85.69,7900,85.69,D
sz002409,雅克科技,2025-10-10 11:23:39,85.69,7900,85.69,D
sz002409,雅克科技,2025-10-10 11:23:42,85.56,27990,85.69,D
sz002409,雅克科技,2025-10-10 11:23:48,85.5,5800,85.58,D
sz002409,雅克科技,2025-10-10 11:23:51,85.5,4100,85.5,U
sz002409,雅克科技,2025-10-10 11:23:57,85.48,3910,85.49,E
sz002409,雅克科技,2025-10-10 11:24:03,85.38,3800,85.4,D
sz002409,雅克科技,2025-10-10 11:24:06,85.35,4390,85.38,D
sz002409,雅克科技,2025-10-10 11:24:09,85.26,4700,85.35,D
sz002409,雅克科技,2025-10-10 11:24:15,85.26,5400,85.22,E
sz002409,雅克科技,2025-10-10 11:24:24,85.26,4410,85.23,E
sz002409,雅克科技,2025-10-10 11:24:27,85.27,3500,85.26,E
sz002409,雅克科技,2025-10-10 11:24:30,85.35,2400,85.27,U
sz002409,雅克科技,2025-10-10 11:24:45,85.24,8090,85.24,U
sz002409,雅克科技,2025-10-10 11:24:51,85.2,9200,85.2,D
sz002409,雅克科技,2025-10-10 11:24:54,85.18,11900,85.2,D
sz002409,雅克科技,2025-10-10 11:25:00,85.16,3300,85.16,D
sz002409,雅克科技,2025-10-10 11:25:03,85.02,17600,85.16,D
sz002409,雅克科技,2025-10-10 11:25:06,85.03,7900,85.02,U
sz002409,雅克科技,2025-10-10 11:25:09,85.03,31057,85.03,U
sz002409,雅克科技,2025-10-10 11:25:15,85.03,3700,85.03,D
sz002409,雅克科技,2025-10-10 11:25:18,85.05,4600,85.03,E
sz002409,雅克科技,2025-10-10 11:25:27,85.17,7600,85.14,U
sz002409,雅克科技,2025-10-10 11:25:33,85.19,4300,85.17,U
sz002409,雅克科技,2025-10-10 11:25:36,85.2,10600,85.19,U
sz002409,雅克科技,2025-10-10 11:25:39,85.2,5100,85.2,D
sz002409,雅克科技,2025-10-10 11:25:42,85.2,2400,85.2,D
sz002409,雅克科技,2025-10-10 11:25:45,85.2,7600,85.2,D
sz002409,雅克科技,2025-10-10 11:25:48,85.23,3900,85.2,U
sz002409,雅克科技,2025-10-10 11:25:57,85.19,4800,85.18,U
sz002409,雅克科技,2025-10-10 11:26:00,85.18,2800,85.19,E
sz002409,雅克科技,2025-10-10 11:26:03,85.2,3600,85.18,U
sz002409,雅克科技,2025-10-10 11:26:06,85.19,2500,85.2,D
sz002409,雅克科技,2025-10-10 11:26:09,85.19,2800,85.19,D
sz002409,雅克科技,2025-10-10 11:26:18,85.18,3100,85.18,D
sz002409,雅克科技,2025-10-10 11:26:24,85.15,5100,85.17,D
sz002409,雅克科技,2025-10-10 11:26:30,85.06,8100,85.13,D
sz002409,雅克科技,2025-10-10 11:26:33,85.05,5600,85.06,D
sz002409,雅克科技,2025-10-10 11:26:42,85.04,4900,85.02,E
sz002409,雅克科技,2025-10-10 11:26:45,85.06,3300,85.04,U
sz002409,雅克科技,2025-10-10 11:26:48,85.15,13800,85.06,U
sz002409,雅克科技,2025-10-10 11:26:51,85.15,2900,85.15,U
sz002409,雅克科技,2025-10-10 11:26:54,85.01,31600,85.15,D
sz002409,雅克科技,2025-10-10 11:27:09,85.1,3100,85.05,U
sz002409,雅克科技,2025-10-10 11:27:12,85.03,3900,85.1,D
sz002409,雅克科技,2025-10-10 11:27:18,85.05,2800,85.04,U
sz002409,雅克科技,2025-10-10 11:27:21,85.04,4800,85.05,E
sz002409,雅克科技,2025-10-10 11:27:24,85.02,2700,85.04,D
sz002409,雅克科技,2025-10-10 11:27:27,85.02,2900,85.02,D
sz002409,雅克科技,2025-10-10 11:27:30,85.02,5400,85.02,D
sz002409,雅克科技,2025-10-10 11:27:36,85.03,3200,85.02,U
sz002409,雅克科技,2025-10-10 11:27:39,85.03,3000,85.03,U
sz002409,雅克科技,2025-10-10 11:27:45,85.01,7700,85.03,D
sz002409,雅克科技,2025-10-10 11:27:51,85.0,5800,85.0,D
sz002409,雅克科技,2025-10-10 11:27:57,84.98,5800,85.0,D
sz002409,雅克科技,2025-10-10 11:28:06,85.02,17200,85.0,U
sz002409,雅克科技,2025-10-10 11:28:09,85.24,38510,85.02,U
sz002409,雅克科技,2025-10-10 11:28:12,85.3,4100,85.24,U
sz002409,雅克科技,2025-10-10 11:28:18,85.3,5400,85.25,E
sz002409,雅克科技,2025-10-10 11:28:36,85.24,2800,85.24,U
sz002409,雅克科技,2025-10-10 11:28:39,85.21,4400,85.24,D
sz002409,雅克科技,2025-10-10 11:28:42,85.21,5100,85.21,U
sz002409,雅克科技,2025-10-10 11:28:45,85.2,3200,85.21,D
sz002409,雅克科技,2025-10-10 11:28:57,85.21,3000,85.2,U
sz002409,雅克科技,2025-10-10 11:29:00,85.27,5710,85.21,U
sz002409,雅克科技,2025-10-10 11:29:18,85.33,5100,85.3,U
sz002409,雅克科技,2025-10-10 11:29:21,85.3,2500,85.33,E
sz002409,雅克科技,2025-10-10 11:29:24,85.31,4000,85.3,U
sz002409,雅克科技,2025-10-10 11:29:30,85.32,7800,85.33,D
sz002409,雅克科技,2025-10-10 11:29:33,85.33,3000,85.32,E
sz002409,雅克科技,2025-10-10 11:29:36,85.38,2600,85.33,U
sz002409,雅克科技,2025-10-10 11:29:48,85.42,7300,85.4,U
sz002409,雅克科技,2025-10-10 11:29:57,85.4,2800,85.4,D
sz002409,雅克科技,2025-10-10 13:00:00,85.41,47958,85.4,U
sz002409,雅克科技,2025-10-10 13:00:03,85.43,31000,85.41,E
sz002409,雅克科技,2025-10-10 13:00:06,85.41,4800,85.43,D
sz002409,雅克科技,2025-10-10 13:00:09,85.28,3200,85.41,D
sz002409,雅克科技,2025-10-10 13:00:15,85.18,6200,85.25,D
sz002409,雅克科技,2025-10-10 13:00:24,85.15,5100,85.15,D
sz002409,雅克科技,2025-10-10 13:00:27,85.16,16325,85.15,U
sz002409,雅克科技,2025-10-10 13:00:30,85.07,5400,85.16,E
sz002409,雅克科技,2025-10-10 13:00:33,85.04,3600,85.07,D
sz002409,雅克科技,2025-10-10 13:00:36,85.04,6400,85.04,D
sz002409,雅克科技,2025-10-10 13:00:45,84.98,8675,85.02,D
sz002409,雅克科技,2025-10-10 13:00:48,84.98,2500,84.98,D
sz002409,雅克科技,2025-10-10 13:00:51,84.96,14000,84.98,D
sz002409,雅克科技,2025-10-10 13:00:57,84.95,4200,84.95,D
sz002409,雅克科技,2025-10-10 13:01:00,84.95,5400,84.95,E
sz002409,雅克科技,2025-10-10 13:01:03,84.95,8900,84.95,U
sz002409,雅克科技,2025-10-10 13:01:06,84.99,7000,84.95,E
sz002409,雅克科技,2025-10-10 13:01:09,84.98,2800,84.99,D
sz002409,雅克科技,2025-10-10 13:01:12,84.96,3400,84.98,D
sz002409,雅克科技,2025-10-10 13:01:18,84.91,4400,84.96,D
sz002409,雅克科技,2025-10-10 13:01:24,84.91,10600,84.95,D
sz002409,雅克科技,2025-10-10 13:01:33,84.92,13753,84.92,U
sz002409,雅克科技,2025-10-10 13:01:36,84.91,3700,84.92,D
sz002409,雅克科技,2025-10-10 13:01:39,84.91,2400,84.91,D
sz002409,雅克科技,2025-10-10 13:01:42,84.88,2500,84.91,D
sz002409,雅克科技,2025-10-10 13:01:48,84.86,2400,84.91,D
sz002409,雅克科技,2025-10-10 13:01:51,84.86,5900,84.86,D
sz002409,雅克科技,2025-10-10 13:02:06,84.8,7800,84.83,D
sz002409,雅克科技,2025-10-10 13:02:15,84.74,10900,84.77,D
sz002409,雅克科技,2025-10-10 13:02:18,84.67,5900,84.74,D
sz002409,雅克科技,2025-10-10 13:02:27,84.63,5200,84.65,D
sz002409,雅克科技,2025-10-10 13:02:30,84.6,3900,84.63,D
sz002409,雅克科技,2025-10-10 13:02:33,84.59,2500,84.6,D
sz002409,雅克科技,2025-10-10 13:02:36,84.62,16200,84.59,U
sz002409,雅克科技,2025-10-10 13:02:39,84.61,9400,84.62,D
sz002409,雅克科技,2025-10-10 13:02:42,84.61,8200,84.61,D
sz002409,雅克科技,2025-10-10 13:02:45,84.59,10300,84.61,D
sz002409,雅克科技,2025-10-10 13:02:48,84.62,6900,84.59,U
sz002409,雅克科技,2025-10-10 13:02:51,84.73,3600,84.62,U
sz002409,雅克科技,2025-10-10 13:02:57,84.76,4500,84.68,U
sz002409,雅克科技,2025-10-10 13:03:03,84.78,12600,84.77,U
sz002409,雅克科技,2025-10-10 13:03:06,84.77,7000,84.78,E
sz002409,雅克科技,2025-10-10 13:03:09,84.78,11100,84.77,U
sz002409,雅克科技,2025-10-10 13:03:12,84.78,2900,84.78,D
sz002409,雅克科技,2025-10-10 13:03:24,84.68,4700,84.7,D
sz002409,雅克科技,2025-10-10 13:03:30,84.63,6700,84.66,D
sz002409,雅克科技,2025-10-10 13:03:33,84.52,6400,84.63,D
sz002409,雅克科技,2025-10-10 13:03:36,84.5,10000,84.52,D
sz002409,雅克科技,2025-10-10 13:03:39,84.51,6200,84.5,U
sz002409,雅克科技,2025-10-10 13:03:42,84.5,11100,84.51,D
sz002409,雅克科技,2025-10-10 13:03:48,84.46,3700,84.48,D
sz002409,雅克科技,2025-10-10 13:03:51,84.46,4800,84.46,D
sz002409,雅克科技,2025-10-10 13:03:54,84.46,4300,84.46,D
sz002409,雅克科技,2025-10-10 13:03:57,84.45,5500,84.46,D
sz002409,雅克科技,2025-10-10 13:04:00,84.4,4700,84.45,D
sz002409,雅克科技,2025-10-10 13:04:03,84.39,6900,84.4,D
sz002409,雅克科技,2025-10-10 13:04:06,84.35,6000,84.39,D
sz002409,雅克科技,2025-10-10 13:04:12,84.35,3272,84.35,D
sz002409,雅克科技,2025-10-10 13:04:18,84.32,3300,84.35,D
sz002409,雅克科技,2025-10-10 13:04:24,84.31,6600,84.31,D
sz002409,雅克科技,2025-10-10 13:04:27,84.26,6900,84.31,D
sz002409,雅克科技,2025-10-10 13:04:30,84.22,4000,84.26,D
sz002409,雅克科技,2025-10-10 13:04:33,84.17,12700,84.22,D
sz002409,雅克科技,2025-10-10 13:04:36,84.15,3800,84.17,D
sz002409,雅克科技,2025-10-10 13:04:39,84.18,11700,84.15,U
sz002409,雅克科技,2025-10-10 13:04:42,84.17,10500,84.18,D
sz002409,雅克科技,2025-10-10 13:04:45,84.17,16300,84.17,D
sz002409,雅克科技,2025-10-10 13:04:48,84.18,11400,84.17,U
sz002409,雅克科技,2025-10-10 13:04:51,84.3,6300,84.18,U
sz002409,雅克科技,2025-10-10 13:04:54,84.19,6200,84.3,D
sz002409,雅克科技,2025-10-10 13:04:57,84.15,9700,84.19,D
sz002409,雅克科技,2025-10-10 13:05:00,84.19,12200,84.15,U
sz002409,雅克科技,2025-10-10 13:05:03,84.18,7500,84.19,D
sz002409,雅克科技,2025-10-10 13:05:09,84.19,7100,84.19,D
sz002409,雅克科技,2025-10-10 13:05:15,84.2,2400,84.19,U
sz002409,雅克科技,2025-10-10 13:05:18,84.19,4000,84.2,U
sz002409,雅克科技,2025-10-10 13:05:21,84.16,5500,84.19,D
sz002409,雅克科技,2025-10-10 13:05:24,84.15,2900,84.16,D
sz002409,雅克科技,2025-10-10 13:05:27,84.16,5200,84.15,U
sz002409,雅克科技,2025-10-10 13:05:30,84.14,4500,84.16,D
sz002409,雅克科技,2025-10-10 13:05:33,84.14,6600,84.14,U
sz002409,雅克科技,2025-10-10 13:05:36,84.1,8600,84.14,D
sz002409,雅克科技,2025-10-10 13:05:39,84.15,13000,84.1,U
sz002409,雅克科技,2025-10-10 13:05:42,84.1,4100,84.15,U
sz002409,雅克科技,2025-10-10 13:05:45,84.08,11600,84.1,E
sz002409,雅克科技,2025-10-10 13:05:48,84.05,8800,84.08,D
sz002409,雅克科技,2025-10-10 13:05:51,84.08,3200,84.05,E
sz002409,雅克科技,2025-10-10 13:05:54,84.05,4000,84.08,D
sz002409,雅克科技,2025-10-10 13:05:57,84.05,21600,84.05,D
sz002409,雅克科技,2025-10-10 13:06:00,84.05,19800,84.05,E
sz002409,雅克科技,2025-10-10 13:06:03,84.05,9900,84.05,U
sz002409,雅克科技,2025-10-10 13:06:06,84.05,33300,84.05,U
sz002409,雅克科技,2025-10-10 13:06:09,84.01,10800,84.05,D
sz002409,雅克科技,2025-10-10 13:06:12,84.05,12700,84.01,E
sz002409,雅克科技,2025-10-10 13:06:15,84.02,27400,84.05,D
sz002409,雅克科技,2025-10-10 13:06:18,84.02,4100,84.02,D
sz002409,雅克科技,2025-10-10 13:06:21,84.02,2400,84.02,D
sz002409,雅克科技,2025-10-10 13:06:24,84.0,18800,84.02,D
sz002409,雅克科技,2025-10-10 13:06:30,83.99,20400,84.0,D
sz002409,雅克科技,2025-10-10 13:06:33,84.01,16700,83.99,U
sz002409,雅克科技,2025-10-10 13:06:36,84.0,7200,84.01,D
sz002409,雅克科技,2025-10-10 13:06:42,84.04,19300,84.01,U
sz002409,雅克科技,2025-10-10 13:06:45,84.03,3000,84.04,E
sz002409,雅克科技,2025-10-10 13:06:48,84.05,7000,84.03,U
sz002409,雅克科技,2025-10-10 13:06:51,84.07,4100,84.05,U
sz002409,雅克科技,2025-10-10 13:06:54,84.12,10900,84.07,U
sz002409,雅克科技,2025-10-10 13:06:57,84.09,3300,84.12,D
sz002409,雅克科技,2025-10-10 13:07:00,84.09,2400,84.09,D
sz002409,雅克科技,2025-10-10 13:07:03,84.09,6600,84.09,D
sz002409,雅克科技,2025-10-10 13:07:06,84.08,5400,84.09,U
sz002409,雅克科技,2025-10-10 13:07:09,84.07,3700,84.08,D
sz002409,雅克科技,2025-10-10 13:07:12,84.04,7400,84.07,D
sz002409,雅克科技,2025-10-10 13:07:15,84.01,10300,84.04,D
sz002409,雅克科技,2025-10-10 13:07:18,83.99,6700,84.01,D
sz002409,雅克科技,2025-10-10 13:07:24,83.92,2500,83.97,D
sz002409,雅克科技,2025-10-10 13:07:27,83.9,6400,83.92,D
sz002409,雅克科技,2025-10-10 13:07:30,83.88,12200,83.9,D
sz002409,雅克科技,2025-10-10 13:07:33,83.83,22300,83.88,D
sz002409,雅克科技,2025-10-10 13:07:36,83.88,7500,83.83,U
sz002409,雅克科技,2025-10-10 13:07:39,83.88,12675,83.88,U
sz002409,雅克科技,2025-10-10 13:07:42,83.88,5800,83.88,D
sz002409,雅克科技,2025-10-10 13:07:45,83.88,20800,83.88,D
sz002409,雅克科技,2025-10-10 13:07:48,83.87,5925,83.88,D
sz002409,雅克科技,2025-10-10 13:07:51,83.88,7600,83.87,U
sz002409,雅克科技,2025-10-10 13:07:54,83.87,6400,83.88,D
sz002409,雅克科技,2025-10-10 13:07:57,83.88,8300,83.87,U
sz002409,雅克科技,2025-10-10 13:08:00,83.86,7200,83.88,D
sz002409,雅克科技,2025-10-10 13:08:03,83.88,9875,83.86,U
sz002409,雅克科技,2025-10-10 13:08:06,83.92,12500,83.88,U
sz002409,雅克科技,2025-10-10 13:08:09,84.02,13700,83.92,U
sz002409,雅克科技,2025-10-10 13:08:12,84.08,6000,84.02,U
sz002409,雅克科技,2025-10-10 13:08:15,84.08,7700,84.08,U
sz002409,雅克科技,2025-10-10 13:08:18,84.02,3300,84.08,D
sz002409,雅克科技,2025-10-10 13:08:24,84.16,3800,84.06,E
sz002409,雅克科技,2025-10-10 13:08:27,84.17,4700,84.16,U
sz002409,雅克科技,2025-10-10 13:08:30,84.23,3800,84.17,U
sz002409,雅克科技,2025-10-10 13:08:33,84.23,5300,84.23,U
sz002409,雅克科技,2025-10-10 13:08:36,84.23,6100,84.23,U
sz002409,雅克科技,2025-10-10 13:08:39,84.22,4600,84.23,D
sz002409,雅克科技,2025-10-10 13:08:42,84.28,3700,84.22,D
sz002409,雅克科技,2025-10-10 13:08:45,84.28,4600,84.28,D
sz002409,雅克科技,2025-10-10 13:08:48,84.35,5600,84.28,U
sz002409,雅克科技,2025-10-10 13:08:54,84.34,6000,84.29,U
sz002409,雅克科技,2025-10-10 13:08:57,84.33,5600,84.34,D
sz002409,雅克科技,2025-10-10 13:09:00,84.33,10000,84.33,D
sz002409,雅克科技,2025-10-10 13:09:03,84.27,9400,84.33,D
sz002409,雅克科技,2025-10-10 13:09:06,84.27,2500,84.27,U
sz002409,雅克科技,2025-10-10 13:09:09,84.27,11300,84.27,U
sz002409,雅克科技,2025-10-10 13:09:12,84.26,12700,84.27,D
sz002409,雅克科技,2025-10-10 13:09:15,84.23,7000,84.26,D
sz002409,雅克科技,2025-10-10 13:09:30,84.21,3900,84.19,U
sz002409,雅克科技,2025-10-10 13:09:33,84.21,5300,84.21,D
sz002409,雅克科技,2025-10-10 13:09:36,84.21,10800,84.21,D
sz002409,雅克科技,2025-10-10 13:09:39,84.21,10700,84.21,D
sz002409,雅克科技,2025-10-10 13:09:42,84.21,3800,84.21,U
sz002409,雅克科技,2025-10-10 13:09:45,84.2,3200,84.21,U
sz002409,雅克科技,2025-10-10 13:09:48,84.09,5700,84.2,E
sz002409,雅克科技,2025-10-10 13:09:51,84.2,14900,84.09,U
sz002409,雅克科技,2025-10-10 13:09:54,84.12,2400,84.2,D
sz002409,雅克科技,2025-10-10 13:09:57,84.12,2600,84.12,E
sz002409,雅克科技,2025-10-10 13:10:00,84.1,4400,84.12,D
sz002409,雅克科技,2025-10-10 13:10:03,84.11,5100,84.1,U
sz002409,雅克科技,2025-10-10 13:10:06,84.12,5700,84.11,U
sz002409,雅克科技,2025-10-10 13:10:15,84.13,4800,84.13,D
sz002409,雅克科技,2025-10-10 13:10:21,84.21,2600,84.21,U
sz002409,雅克科技,2025-10-10 13:10:27,84.13,3300,84.17,D
sz002409,雅克科技,2025-10-10 13:10:33,84.11,2700,84.13,D
sz002409,雅克科技,2025-10-10 13:10:36,84.11,6000,84.11,D
sz002409,雅克科技,2025-10-10 13:10:42,84.14,9200,84.1,U
sz002409,雅克科技,2025-10-10 13:10:45,84.18,5800,84.14,U
sz002409,雅克科技,2025-10-10 13:10:48,84.23,12000,84.18,U
sz002409,雅克科技,2025-10-10 13:10:51,84.25,5400,84.23,U
sz002409,雅克科技,2025-10-10 13:10:57,84.29,5159,84.32,D
sz002409,雅克科技,2025-10-10 13:11:00,84.28,4100,84.29,D
sz002409,雅克科技,2025-10-10 13:11:03,84.32,3200,84.28,U
sz002409,雅克科技,2025-10-10 13:11:09,84.45,14100,84.35,U
sz002409,雅克科技,2025-10-10 13:11:12,84.44,13300,84.45,D
sz002409,雅克科技,2025-10-10 13:11:15,84.45,4400,84.44,U
sz002409,雅克科技,2025-10-10 13:11:18,84.38,5300,84.45,D
sz002409,雅克科技,2025-10-10 13:11:21,84.45,10000,84.38,U
sz002409,雅克科技,2025-10-10 13:11:24,84.39,4900,84.45,D
sz002409,雅克科技,2025-10-10 13:11:27,84.38,6200,84.39,U
sz002409,雅克科技,2025-10-10 13:11:30,84.38,4700,84.38,U
sz002409,雅克科技,2025-10-10 13:11:33,84.37,5400,84.38,D
sz002409,雅克科技,2025-10-10 13:11:39,84.4,4000,84.42,D
sz002409,雅克科技,2025-10-10 13:11:42,84.42,3400,84.4,U
sz002409,雅克科技,2025-10-10 13:11:48,84.46,2900,84.44,U
sz002409,雅克科技,2025-10-10 13:11:51,84.47,3200,84.46,U
sz002409,雅克科技,2025-10-10 13:11:54,84.5,4600,84.47,U
sz002409,雅克科技,2025-10-10 13:11:57,84.52,6300,84.5,U
