symbol,name,ticktime,price,volume,prev_price,kind
sz002409,雅克科技,2025-09-26 09:25:00,71.61,222700,0.0,D
sz002409,雅克科技,2025-09-26 09:30:00,71.53,83900,71.61,D
sz002409,雅克科技,2025-09-26 09:30:03,71.7,62287,71.53,U
sz002409,雅克科技,2025-09-26 09:30:06,71.62,26500,71.7,D
sz002409,雅克科技,2025-09-26 09:30:09,71.79,27500,71.62,U
sz002409,雅克科技,2025-09-26 09:30:12,71.97,17900,71.79,U
sz002409,雅克科技,2025-09-26 09:30:15,72.1,21200,71.97,U
sz002409,雅克科技,2025-09-26 09:30:18,72.18,15500,72.1,U
sz002409,雅克科技,2025-09-26 09:30:21,72.13,20500,72.18,D
sz002409,雅克科技,2025-09-26 09:30:24,72.13,3500,72.13,U
sz002409,雅克科技,2025-09-26 09:30:27,72.0,10000,72.13,D
sz002409,雅克科技,2025-09-26 09:30:30,72.1,7100,72.0,U
sz002409,雅克科技,2025-09-26 09:30:33,72.0,15600,72.1,D
sz002409,雅克科技,2025-09-26 09:30:36,72.0,7300,72.0,U
sz002409,雅克科技,2025-09-26 09:30:39,72.11,64200,72.0,U
sz002409,雅克科技,2025-09-26 09:30:42,72.37,8301,72.11,U
sz002409,雅克科技,2025-09-26 09:30:45,72.1,34699,72.37,D
sz002409,雅克科技,2025-09-26 09:30:48,72.0,16500,72.1,E
sz002409,雅克科技,2025-09-26 09:30:51,71.89,37000,72.0,D
sz002409,雅克科技,2025-09-26 09:30:54,72.2,12800,71.89,E
sz002409,雅克科技,2025-09-26 09:30:57,72.13,6600,72.2,E
sz002409,雅克科技,2025-09-26 09:31:00,72.29,6700,72.13,U
sz002409,雅克科技,2025-09-26 09:31:03,72.52,24900,72.29,U
sz002409,雅克科技,2025-09-26 09:31:06,72.61,12501,72.52,U
sz002409,雅克科技,2025-09-26 09:31:09,72.78,10500,72.61,U
sz002409,雅克科技,2025-09-26 09:31:12,72.68,33400,72.78,D
sz002409,雅克科技,2025-09-26 09:31:15,72.73,18700,72.68,U
sz002409,雅克科技,2025-09-26 09:31:18,72.72,16100,72.73,D
sz002409,雅克科技,2025-09-26 09:31:21,72.64,17600,72.72,D
sz002409,雅克科技,2025-09-26 09:31:24,72.43,9800,72.64,D
sz002409,雅克科技,2025-09-26 09:31:27,72.42,9300,72.43,D
sz002409,雅克科技,2025-09-26 09:31:30,72.32,5600,72.42,D
sz002409,雅克科技,2025-09-26 09:31:33,72.31,15900,72.32,E
sz002409,雅克科技,2025-09-26 09:31:36,72.3,11500,72.31,U
sz002409,雅克科技,2025-09-26 09:31:39,71.92,9200,72.3,D
sz002409,雅克科技,2025-09-26 09:31:42,72.0,6100,71.92,D
sz002409,雅克科技,2025-09-26 09:31:45,72.0,7400,72.0,E
sz002409,雅克科技,2025-09-26 09:31:48,71.93,16900,72.0,E
sz002409,雅克科技,2025-09-26 09:31:51,72.11,12400,71.93,U
sz002409,雅克科技,2025-09-26 09:31:54,71.93,4400,72.11,D
sz002409,雅克科技,2025-09-26 09:31:57,71.92,34900,71.93,D
sz002409,雅克科技,2025-09-26 09:32:00,71.92,8400,71.92,U
sz002409,雅克科技,2025-09-26 09:32:03,72.15,20300,71.92,U
sz002409,雅克科技,2025-09-26 09:32:06,72.3,24300,72.15,U
sz002409,雅克科技,2025-09-26 09:32:09,72.37,7800,72.3,U
sz002409,雅克科技,2025-09-26 09:32:12,72.42,13000,72.37,U
sz002409,雅克科技,2025-09-26 09:32:15,72.5,13500,72.42,U
sz002409,雅克科技,2025-09-26 09:32:18,72.49,14500,72.5,E
sz002409,雅克科技,2025-09-26 09:32:21,72.5,9500,72.49,U
sz002409,雅克科技,2025-09-26 09:32:24,72.48,8900,72.5,D
sz002409,雅克科技,2025-09-26 09:32:27,72.48,18400,72.48,D
sz002409,雅克科技,2025-09-26 09:32:30,72.38,7300,72.48,D
sz002409,雅克科技,2025-09-26 09:32:33,72.47,19500,72.38,U
sz002409,雅克科技,2025-09-26 09:32:36,72.41,16100,72.47,D
sz002409,雅克科技,2025-09-26 09:32:39,72.47,16200,72.41,U
sz002409,雅克科技,2025-09-26 09:32:42,72.46,8400,72.47,D
sz002409,雅克科技,2025-09-26 09:32:45,72.46,4200,72.46,U
sz002409,雅克科技,2025-09-26 09:32:48,72.53,19900,72.46,U
sz002409,雅克科技,2025-09-26 09:32:51,72.59,12600,72.53,U
sz002409,雅克科技,2025-09-26 09:32:54,72.59,16000,72.59,U
sz002409,雅克科技,2025-09-26 09:32:57,72.46,35700,72.59,D
sz002409,雅克科技,2025-09-26 09:33:00,72.37,38200,72.46,D
sz002409,雅克科技,2025-09-26 09:33:03,72.4,9100,72.37,E
sz002409,雅克科技,2025-09-26 09:33:06,72.34,8000,72.4,D
sz002409,雅克科技,2025-09-26 09:33:09,72.43,17200,72.34,U
sz002409,雅克科技,2025-09-26 09:33:15,72.29,6700,72.35,U
sz002409,雅克科技,2025-09-26 09:33:18,72.17,12800,72.29,D
sz002409,雅克科技,2025-09-26 09:33:21,72.19,13800,72.17,D
sz002409,雅克科技,2025-09-26 09:33:24,72.2,14300,72.19,U
sz002409,雅克科技,2025-09-26 09:33:27,72.21,16900,72.2,D
sz002409,雅克科技,2025-09-26 09:33:30,72.17,15000,72.21,D
sz002409,雅克科技,2025-09-26 09:33:33,72.18,9800,72.17,U
sz002409,雅克科技,2025-09-26 09:33:39,72.18,6500,72.31,D
sz002409,雅克科技,2025-09-26 09:33:42,72.31,10400,72.18,U
sz002409,雅克科技,2025-09-26 09:33:45,72.32,4300,72.31,U
sz002409,雅克科技,2025-09-26 09:33:48,72.35,18200,72.32,U
sz002409,雅克科技,2025-09-26 09:33:51,72.4,4300,72.35,D
sz002409,雅克科技,2025-09-26 09:33:57,72.4,13700,72.4,D
sz002409,雅克科技,2025-09-26 09:34:00,72.4,4300,72.4,U
sz002409,雅克科技,2025-09-26 09:34:03,72.4,17300,72.4,U
sz002409,雅克科技,2025-09-26 09:34:06,72.45,39300,72.4,U
sz002409,雅克科技,2025-09-26 09:34:09,72.4,11700,72.45,D
sz002409,雅克科技,2025-09-26 09:34:12,72.33,4900,72.4,D
sz002409,雅克科技,2025-09-26 09:34:15,72.35,13200,72.33,E
sz002409,雅克科技,2025-09-26 09:34:18,72.29,4100,72.35,D
sz002409,雅克科技,2025-09-26 09:34:21,72.4,13900,72.29,U
sz002409,雅克科技,2025-09-26 09:34:24,72.29,6500,72.4,D
sz002409,雅克科技,2025-09-26 09:34:27,72.4,6200,72.29,U
sz002409,雅克科技,2025-09-26 09:34:30,72.39,5800,72.4,E
sz002409,雅克科技,2025-09-26 09:34:33,72.39,23100,72.39,U
sz002409,雅克科技,2025-09-26 09:34:39,72.37,3800,72.36,U
sz002409,雅克科技,2025-09-26 09:34:42,72.36,5600,72.37,D
sz002409,雅克科技,2025-09-26 09:34:45,72.36,13500,72.36,E
sz002409,雅克科技,2025-09-26 09:34:48,72.38,29800,72.36,U
sz002409,雅克科技,2025-09-26 09:34:51,72.35,9900,72.38,D
sz002409,雅克科技,2025-09-26 09:34:54,72.35,14500,72.35,U
sz002409,雅克科技,2025-09-26 09:34:57,72.4,12200,72.35,U
sz002409,雅克科技,2025-09-26 09:35:00,72.41,10100,72.4,E
sz002409,雅克科技,2025-09-26 09:35:03,72.47,7500,72.41,U
sz002409,雅克科技,2025-09-26 09:35:06,72.49,21800,72.47,U
sz002409,雅克科技,2025-09-26 09:35:12,72.49,8300,72.48,D
sz002409,雅克科技,2025-09-26 09:35:15,72.49,17300,72.49,U
sz002409,雅克科技,2025-09-26 09:35:18,72.5,21200,72.49,E
sz002409,雅克科技,2025-09-26 09:35:21,72.56,8000,72.5,U
sz002409,雅克科技,2025-09-26 09:35:24,72.56,13200,72.56,D
sz002409,雅克科技,2025-09-26 09:35:27,72.48,6900,72.56,D
sz002409,雅克科技,2025-09-26 09:35:30,72.4,11400,72.48,D
sz002409,雅克科技,2025-09-26 09:35:33,72.41,5000,72.4,E
sz002409,雅克科技,2025-09-26 09:35:36,72.48,4100,72.41,U
sz002409,雅克科技,2025-09-26 09:35:42,72.5,16100,72.43,U
sz002409,雅克科技,2025-09-26 09:35:45,72.4,11900,72.5,D
sz002409,雅克科技,2025-09-26 09:35:48,72.32,18700,72.4,D
sz002409,雅克科技,2025-09-26 09:35:51,72.41,12100,72.32,U
sz002409,雅克科技,2025-09-26 09:35:57,72.47,5300,72.48,D
sz002409,雅克科技,2025-09-26 09:36:00,72.46,6000,72.47,U
sz002409,雅克科技,2025-09-26 09:36:03,72.47,8800,72.46,E
sz002409,雅克科技,2025-09-26 09:36:06,72.44,11800,72.47,D
sz002409,雅克科技,2025-09-26 09:36:09,72.3,35000,72.44,D
sz002409,雅克科技,2025-09-26 09:36:12,72.31,17100,72.3,E
sz002409,雅克科技,2025-09-26 09:36:18,72.31,6900,72.31,E
sz002409,雅克科技,2025-09-26 09:36:21,72.4,40500,72.31,U
sz002409,雅克科技,2025-09-26 09:36:24,72.4,7600,72.4,D
sz002409,雅克科技,2025-09-26 09:36:27,72.45,10200,72.4,U
sz002409,雅克科技,2025-09-26 09:36:30,72.52,56700,72.45,U
sz002409,雅克科技,2025-09-26 09:36:33,72.43,8500,72.52,D
sz002409,雅克科技,2025-09-26 09:36:36,72.4,6700,72.43,D
sz002409,雅克科技,2025-09-26 09:36:39,72.43,7800,72.4,U
sz002409,雅克科技,2025-09-26 09:36:42,72.43,8500,72.43,U
sz002409,雅克科技,2025-09-26 09:36:45,72.47,5300,72.43,E
sz002409,雅克科技,2025-09-26 09:36:48,72.43,12100,72.47,D
sz002409,雅克科技,2025-09-26 09:36:51,72.45,3400,72.43,E
sz002409,雅克科技,2025-09-26 09:36:54,72.52,9200,72.45,U
sz002409,雅克科技,2025-09-26 09:36:57,72.6,33500,72.52,U
sz002409,雅克科技,2025-09-26 09:37:00,72.68,12400,72.6,U
sz002409,雅克科技,2025-09-26 09:37:03,72.68,16000,72.68,U
sz002409,雅克科技,2025-09-26 09:37:06,72.75,9600,72.68,U
sz002409,雅克科技,2025-09-26 09:37:09,72.75,4800,72.75,U
sz002409,雅克科技,2025-09-26 09:37:12,72.75,5000,72.75,U
sz002409,雅克科技,2025-09-26 09:37:15,72.7,19900,72.75,D
sz002409,雅克科技,2025-09-26 09:37:18,72.7,4400,72.7,U
sz002409,雅克科技,2025-09-26 09:37:21,72.61,9600,72.7,D
sz002409,雅克科技,2025-09-26 09:37:24,72.65,6400,72.61,U
sz002409,雅克科技,2025-09-26 09:37:27,72.67,6200,72.65,U
sz002409,雅克科技,2025-09-26 09:37:30,72.6,7700,72.67,D
sz002409,雅克科技,2025-09-26 09:37:33,72.61,12200,72.6,U
sz002409,雅克科技,2025-09-26 09:37:36,72.72,6500,72.61,U
sz002409,雅克科技,2025-09-26 09:37:39,72.75,8600,72.72,U
sz002409,雅克科技,2025-09-26 09:37:42,72.7,7400,72.75,D
sz002409,雅克科技,2025-09-26 09:37:45,72.74,16900,72.7,U
sz002409,雅克科技,2025-09-26 09:37:48,72.81,12000,72.74,U
sz002409,雅克科技,2025-09-26 09:37:51,72.9,31900,72.81,U
sz002409,雅克科技,2025-09-26 09:37:54,72.97,5700,72.9,U
sz002409,雅克科技,2025-09-26 09:38:00,72.97,7100,72.97,U
sz002409,雅克科技,2025-09-26 09:38:03,72.87,31600,72.97,D
sz002409,雅克科技,2025-09-26 09:38:06,72.81,8100,72.87,D
sz002409,雅克科技,2025-09-26 09:38:09,72.8,16100,72.81,D
sz002409,雅克科技,2025-09-26 09:38:12,72.81,7500,72.8,E
sz002409,雅克科技,2025-09-26 09:38:15,72.9,4700,72.81,U
sz002409,雅克科技,2025-09-26 09:38:18,72.9,9100,72.9,U
sz002409,雅克科技,2025-09-26 09:38:21,72.81,4200,72.9,D
sz002409,雅克科技,2025-09-26 09:38:24,72.84,32300,72.81,U
sz002409,雅克科技,2025-09-26 09:38:33,72.87,9600,72.88,D
sz002409,雅克科技,2025-09-26 09:38:36,72.84,14700,72.87,D
sz002409,雅克科技,2025-09-26 09:38:39,72.81,8000,72.84,D
sz002409,雅克科技,2025-09-26 09:38:42,72.8,14800,72.81,D
sz002409,雅克科技,2025-09-26 09:38:45,72.75,12900,72.8,E
sz002409,雅克科技,2025-09-26 09:38:48,72.69,7700,72.75,D
sz002409,雅克科技,2025-09-26 09:38:51,72.68,6000,72.69,D
sz002409,雅克科技,2025-09-26 09:38:54,72.67,8000,72.68,D
sz002409,雅克科技,2025-09-26 09:38:57,72.74,10400,72.67,U
sz002409,雅克科技,2025-09-26 09:39:00,72.73,4200,72.74,D
sz002409,雅克科技,2025-09-26 09:39:03,72.67,20000,72.73,D
sz002409,雅克科技,2025-09-26 09:39:06,72.75,25100,72.67,U
sz002409,雅克科技,2025-09-26 09:39:09,72.71,8700,72.75,D
sz002409,雅克科技,2025-09-26 09:39:12,72.73,5400,72.71,D
sz002409,雅克科技,2025-09-26 09:39:15,72.6,13400,72.73,D
sz002409,雅克科技,2025-09-26 09:39:18,72.59,10700,72.6,E
sz002409,雅克科技,2025-09-26 09:39:21,72.58,3100,72.59,U
sz002409,雅克科技,2025-09-26 09:39:24,72.51,6000,72.58,D
sz002409,雅克科技,2025-09-26 09:39:27,72.47,9600,72.51,D
sz002409,雅克科技,2025-09-26 09:39:30,72.4,8700,72.47,D
sz002409,雅克科技,2025-09-26 09:39:33,72.4,8400,72.4,D
sz002409,雅克科技,2025-09-26 09:39:36,72.25,18300,72.4,D
sz002409,雅克科技,2025-09-26 09:39:39,72.39,19100,72.25,U
sz002409,雅克科技,2025-09-26 09:39:42,72.3,5100,72.39,E
sz002409,雅克科技,2025-09-26 09:39:48,72.4,22500,72.31,U
sz002409,雅克科技,2025-09-26 09:39:51,72.43,12900,72.4,U
sz002409,雅克科技,2025-09-26 09:39:54,72.6,5700,72.43,U
sz002409,雅克科技,2025-09-26 09:39:57,72.6,36000,72.6,U
sz002409,雅克科技,2025-09-26 09:40:00,72.6,6000,72.6,E
sz002409,雅克科技,2025-09-26 09:40:03,72.67,15300,72.6,U
sz002409,雅克科技,2025-09-26 09:40:06,72.75,13000,72.67,U
sz002409,雅克科技,2025-09-26 09:40:09,72.81,6800,72.75,U
sz002409,雅克科技,2025-09-26 09:40:12,72.79,6100,72.81,E
sz002409,雅克科技,2025-09-26 09:40:15,72.81,3100,72.79,U
sz002409,雅克科技,2025-09-26 09:40:18,72.82,12000,72.81,U
sz002409,雅克科技,2025-09-26 09:40:21,72.83,24800,72.82,E
sz002409,雅克科技,2025-09-26 09:40:24,72.9,14500,72.83,U
sz002409,雅克科技,2025-09-26 09:40:27,72.88,5000,72.9,E
sz002409,雅克科技,2025-09-26 09:40:30,72.9,11200,72.88,U
sz002409,雅克科技,2025-09-26 09:40:33,72.9,12400,72.9,U
sz002409,雅克科技,2025-09-26 09:40:36,72.91,6300,72.9,E
sz002409,雅克科技,2025-09-26 09:40:39,72.93,10300,72.91,U
sz002409,雅克科技,2025-09-26 09:40:42,72.98,21300,72.93,U
sz002409,雅克科技,2025-09-26 09:40:45,73.17,78100,72.98,U
sz002409,雅克科技,2025-09-26 09:40:48,73.18,19600,73.17,U
sz002409,雅克科技,2025-09-26 09:40:51,73.25,6900,73.18,U
sz002409,雅克科技,2025-09-26 09:40:54,73.28,11000,73.25,U
sz002409,雅克科技,2025-09-26 09:40:57,73.18,35700,73.28,D
sz002409,雅克科技,2025-09-26 09:41:00,73.21,23700,73.18,U
sz002409,雅克科技,2025-09-26 09:41:03,73.21,29600,73.21,U
sz002409,雅克科技,2025-09-26 09:41:06,73.22,37600,73.21,E
sz002409,雅克科技,2025-09-26 09:41:09,73.39,47500,73.22,U
sz002409,雅克科技,2025-09-26 09:41:12,73.48,10100,73.39,U
sz002409,雅克科技,2025-09-26 09:41:15,73.39,10400,73.48,D
sz002409,雅克科技,2025-09-26 09:41:18,73.29,31600,73.39,D
sz002409,雅克科技,2025-09-26 09:41:21,73.28,18700,73.29,D
sz002409,雅克科技,2025-09-26 09:41:24,73.28,20100,73.28,D
sz002409,雅克科技,2025-09-26 09:41:27,73.39,6400,73.28,U
sz002409,雅克科技,2025-09-26 09:41:30,73.4,16100,73.39,U
sz002409,雅克科技,2025-09-26 09:41:33,73.4,9400,73.4,U
sz002409,雅克科技,2025-09-26 09:41:36,73.42,5800,73.4,E
sz002409,雅克科技,2025-09-26 09:41:39,73.58,85300,73.42,U
sz002409,雅克科技,2025-09-26 09:41:42,73.57,26500,73.58,U
sz002409,雅克科技,2025-09-26 09:41:45,73.62,8200,73.57,U
sz002409,雅克科技,2025-09-26 09:41:48,73.52,61200,73.62,D
sz002409,雅克科技,2025-09-26 09:41:51,73.47,58900,73.52,E
sz002409,雅克科技,2025-09-26 09:41:54,73.47,11300,73.47,U
sz002409,雅克科技,2025-09-26 09:41:57,73.42,39900,73.47,E
sz002409,雅克科技,2025-09-26 09:42:00,73.32,20500,73.42,E
sz002409,雅克科技,2025-09-26 09:42:03,73.36,21700,73.32,E
sz002409,雅克科技,2025-09-26 09:42:06,73.21,39200,73.36,D
sz002409,雅克科技,2025-09-26 09:42:09,73.25,10200,73.21,U
sz002409,雅克科技,2025-09-26 09:42:12,73.28,5500,73.25,U
sz002409,雅克科技,2025-09-26 09:42:15,73.28,21300,73.28,E
sz002409,雅克科技,2025-09-26 09:42:18,73.17,7000,73.28,D
sz002409,雅克科技,2025-09-26 09:42:21,73.15,5800,73.17,E
sz002409,雅克科技,2025-09-26 09:42:24,73.0,13200,73.15,D
sz002409,雅克科技,2025-09-26 09:42:27,73.14,3300,73.0,U
sz002409,雅克科技,2025-09-26 09:42:30,73.14,27800,73.14,U
sz002409,雅克科技,2025-09-26 09:42:33,73.08,18200,73.14,U
sz002409,雅克科技,2025-09-26 09:42:36,73.02,4100,73.08,D
sz002409,雅克科技,2025-09-26 09:42:39,73.02,6900,73.02,D
sz002409,雅克科技,2025-09-26 09:42:42,73.04,7500,73.02,U
sz002409,雅克科技,2025-09-26 09:42:45,73.1,5400,73.04,U
sz002409,雅克科技,2025-09-26 09:42:48,73.08,8500,73.1,D
sz002409,雅克科技,2025-09-26 09:42:51,73.08,10600,73.08,U
sz002409,雅克科技,2025-09-26 09:42:54,73.21,7900,73.08,U
sz002409,雅克科技,2025-09-26 09:43:00,73.17,7900,73.22,D
sz002409,雅克科技,2025-09-26 09:43:03,73.13,34500,73.17,D
sz002409,雅克科技,2025-09-26 09:43:06,73.09,2800,73.13,E
sz002409,雅克科技,2025-09-26 09:43:09,73.03,23700,73.09,D
sz002409,雅克科技,2025-09-26 09:43:12,73.01,8100,73.03,E
sz002409,雅克科技,2025-09-26 09:43:18,73.16,41300,73.0,U
sz002409,雅克科技,2025-09-26 09:43:21,73.14,4200,73.16,D
sz002409,雅克科技,2025-09-26 09:43:24,73.12,3700,73.14,E
sz002409,雅克科技,2025-09-26 09:43:27,73.14,4700,73.12,E
sz002409,雅克科技,2025-09-26 09:43:30,73.11,6600,73.14,D
sz002409,雅克科技,2025-09-26 09:43:33,73.14,8500,73.11,U
sz002409,雅克科技,2025-09-26 09:43:36,73.14,7400,73.14,U
sz002409,雅克科技,2025-09-26 09:43:39,73.23,24400,73.14,U
sz002409,雅克科技,2025-09-26 09:43:42,73.29,16100,73.23,U
sz002409,雅克科技,2025-09-26 09:43:45,73.32,22600,73.29,U
sz002409,雅克科技,2025-09-26 09:43:48,73.4,7000,73.32,U
sz002409,雅克科技,2025-09-26 09:43:51,73.42,3900,73.4,U
sz002409,雅克科技,2025-09-26 09:43:54,73.42,4800,73.42,D
sz002409,雅克科技,2025-09-26 09:43:57,73.5,41000,73.42,U
sz002409,雅克科技,2025-09-26 09:44:00,73.49,10500,73.5,D
sz002409,雅克科技,2025-09-26 09:44:03,73.52,16600,73.49,U
sz002409,雅克科技,2025-09-26 09:44:09,73.52,53100,73.55,D
sz002409,雅克科技,2025-09-26 09:44:12,73.51,10700,73.52,E
sz002409,雅克科技,2025-09-26 09:44:15,73.46,19200,73.51,D
sz002409,雅克科技,2025-09-26 09:44:18,73.32,6300,73.46,D
sz002409,雅克科技,2025-09-26 09:44:24,73.29,4600,73.3,E
sz002409,雅克科技,2025-09-26 09:44:27,73.29,3700,73.29,E
sz002409,雅克科技,2025-09-26 09:44:30,73.23,7600,73.29,U
sz002409,雅克科技,2025-09-26 09:44:33,73.29,14000,73.23,U
sz002409,雅克科技,2025-09-26 09:44:36,73.31,13200,73.29,U
sz002409,雅克科技,2025-09-26 09:44:42,73.3,2900,73.3,U
sz002409,雅克科技,2025-09-26 09:44:45,73.26,5800,73.3,D
sz002409,雅克科技,2025-09-26 09:44:48,73.29,14600,73.26,U
sz002409,雅克科技,2025-09-26 09:44:51,73.25,13200,73.29,D
sz002409,雅克科技,2025-09-26 09:44:54,73.22,5600,73.25,E
sz002409,雅克科技,2025-09-26 09:44:57,73.19,12700,73.22,D
sz002409,雅克科技,2025-09-26 09:45:00,73.17,20500,73.19,D
sz002409,雅克科技,2025-09-26 09:45:03,73.08,8200,73.17,D
sz002409,雅克科技,2025-09-26 09:45:06,73.02,13300,73.08,D
sz002409,雅克科技,2025-09-26 09:45:15,73.01,5100,73.02,D
sz002409,雅克科技,2025-09-26 09:45:18,72.93,31200,73.01,D
sz002409,雅克科技,2025-09-26 09:45:21,72.89,10600,72.93,D
sz002409,雅克科技,2025-09-26 09:45:24,72.8,9200,72.89,D
sz002409,雅克科技,2025-09-26 09:45:27,72.8,6000,72.8,U
sz002409,雅克科技,2025-09-26 09:45:30,72.73,31000,72.8,D
sz002409,雅克科技,2025-09-26 09:45:33,72.9,2800,72.73,U
sz002409,雅克科技,2025-09-26 09:45:36,72.77,26800,72.9,D
sz002409,雅克科技,2025-09-26 09:45:39,72.77,6800,72.77,D
sz002409,雅克科技,2025-09-26 09:45:42,72.82,5600,72.77,E
sz002409,雅克科技,2025-09-26 09:45:45,72.86,7700,72.82,E
sz002409,雅克科技,2025-09-26 09:45:48,72.8,3900,72.86,E
sz002409,雅克科技,2025-09-26 09:45:51,72.8,3700,72.8,E
sz002409,雅克科技,2025-09-26 09:45:54,72.8,3300,72.8,D
sz002409,雅克科技,2025-09-26 09:45:57,72.82,14400,72.8,E
sz002409,雅克科技,2025-09-26 09:46:00,72.9,3200,72.82,U
sz002409,雅克科技,2025-09-26 09:46:03,72.9,15300,72.9,U
sz002409,雅克科技,2025-09-26 09:46:06,72.9,40500,72.9,U
sz002409,雅克科技,2025-09-26 09:46:09,72.88,8400,72.9,E
sz002409,雅克科技,2025-09-26 09:46:12,72.85,23000,72.88,E
sz002409,雅克科技,2025-09-26 09:46:15,72.89,7900,72.85,U
sz002409,雅克科技,2025-09-26 09:46:18,72.75,11600,72.89,D
sz002409,雅克科技,2025-09-26 09:46:21,72.79,10900,72.75,U
sz002409,雅克科技,2025-09-26 09:46:24,72.7,15200,72.79,D
sz002409,雅克科技,2025-09-26 09:46:27,72.75,4700,72.7,U
sz002409,雅克科技,2025-09-26 09:46:30,72.79,5600,72.75,U
sz002409,雅克科技,2025-09-26 09:46:33,72.79,20400,72.79,U
sz002409,雅克科技,2025-09-26 09:46:39,72.75,12900,72.75,D
sz002409,雅克科技,2025-09-26 09:46:45,72.7,8100,72.71,D
sz002409,雅克科技,2025-09-26 09:46:48,72.74,5300,72.7,U
sz002409,雅克科技,2025-09-26 09:46:51,72.81,15200,72.74,U
sz002409,雅克科技,2025-09-26 09:46:54,72.74,6500,72.81,D
sz002409,雅克科技,2025-09-26 09:46:57,72.8,22500,72.74,U
sz002409,雅克科技,2025-09-26 09:47:00,72.68,12900,72.8,E
sz002409,雅克科技,2025-09-26 09:47:03,72.6,9100,72.68,D
sz002409,雅克科技,2025-09-26 09:47:06,72.61,8500,72.6,E
sz002409,雅克科技,2025-09-26 09:47:09,72.67,6300,72.61,U
sz002409,雅克科技,2025-09-26 09:47:12,72.68,12300,72.67,U
sz002409,雅克科技,2025-09-26 09:47:15,72.68,5700,72.68,D
sz002409,雅克科技,2025-09-26 09:47:18,72.99,17800,72.68,U
sz002409,雅克科技,2025-09-26 09:47:21,73.11,13900,72.99,U
sz002409,雅克科技,2025-09-26 09:47:24,73.12,4700,73.11,U
sz002409,雅克科技,2025-09-26 09:47:27,73.05,15900,73.12,E
sz002409,雅克科技,2025-09-26 09:47:33,72.89,7700,72.98,D
sz002409,雅克科技,2025-09-26 09:47:39,72.87,8500,73.02,D
sz002409,雅克科技,2025-09-26 09:47:45,72.93,10300,72.97,D
sz002409,雅克科技,2025-09-26 09:47:48,73.0,2900,72.93,U
sz002409,雅克科技,2025-09-26 09:47:51,73.09,13000,73.0,U
sz002409,雅克科技,2025-09-26 09:47:54,73.0,8600,73.09,D
sz002409,雅克科技,2025-09-26 09:47:57,73.1,4000,73.0,E
sz002409,雅克科技,2025-09-26 09:48:03,73.06,9600,73.02,U
sz002409,雅克科技,2025-09-26 09:48:06,73.06,8100,73.06,U
sz002409,雅克科技,2025-09-26 09:48:09,73.0,10100,73.06,D
sz002409,雅克科技,2025-09-26 09:48:12,72.94,3800,73.0,D
sz002409,雅克科技,2025-09-26 09:48:15,72.98,15300,72.94,U
sz002409,雅克科技,2025-09-26 09:48:18,72.91,3100,72.98,D
sz002409,雅克科技,2025-09-26 09:48:21,72.91,21200,72.91,D
sz002409,雅克科技,2025-09-26 09:48:24,73.1,15400,72.91,U
sz002409,雅克科技,2025-09-26 09:48:30,73.1,6500,73.1,D
sz002409,雅克科技,2025-09-26 09:48:33,73.1,9500,73.1,D
sz002409,雅克科技,2025-09-26 09:48:39,73.1,10200,73.03,U
sz002409,雅克科技,2025-09-26 09:48:42,73.05,12400,73.1,D
sz002409,雅克科技,2025-09-26 09:48:48,73.07,3400,73.02,U
sz002409,雅克科技,2025-09-26 09:48:51,73.1,22761,73.07,U
sz002409,雅克科技,2025-09-26 09:48:54,73.14,12000,73.1,U
sz002409,雅克科技,2025-09-26 09:48:57,73.07,11100,73.14,D
sz002409,雅克科技,2025-09-26 09:49:00,73.09,5800,73.07,E
sz002409,雅克科技,2025-09-26 09:49:03,73.17,9000,73.09,U
sz002409,雅克科技,2025-09-26 09:49:06,73.19,10500,73.17,U
sz002409,雅克科技,2025-09-26 09:49:09,73.22,8200,73.19,U
sz002409,雅克科技,2025-09-26 09:49:12,73.29,30300,73.22,U
sz002409,雅克科技,2025-09-26 09:49:15,73.3,6300,73.29,U
sz002409,雅克科技,2025-09-26 09:49:18,73.36,27700,73.3,U
sz002409,雅克科技,2025-09-26 09:49:21,73.43,14400,73.36,U
sz002409,雅克科技,2025-09-26 09:49:24,73.32,16400,73.43,E
sz002409,雅克科技,2025-09-26 09:49:27,73.41,10600,73.32,U
sz002409,雅克科技,2025-09-26 09:49:30,73.31,5800,73.41,D
sz002409,雅克科技,2025-09-26 09:49:33,73.4,26700,73.31,U
sz002409,雅克科技,2025-09-26 09:49:36,73.31,7900,73.4,E
sz002409,雅克科技,2025-09-26 09:49:42,73.3,3000,73.32,D
sz002409,雅克科技,2025-09-26 09:49:45,73.27,28900,73.3,D
sz002409,雅克科技,2025-09-26 09:49:48,73.22,3600,73.27,D
sz002409,雅克科技,2025-09-26 09:49:51,73.27,5500,73.22,U
sz002409,雅克科技,2025-09-26 09:49:54,73.27,17500,73.27,E
sz002409,雅克科技,2025-09-26 09:49:57,73.27,7700,73.27,U
sz002409,雅克科技,2025-09-26 09:50:00,73.18,5800,73.27,D
sz002409,雅克科技,2025-09-26 09:50:03,73.1,4500,73.18,D
sz002409,雅克科技,2025-09-26 09:50:06,73.03,5000,73.1,D
sz002409,雅克科技,2025-09-26 09:50:12,73.08,9600,73.05,U
sz002409,雅克科技,2025-09-26 09:50:15,73.04,5000,73.08,D
sz002409,雅克科技,2025-09-26 09:50:24,73.22,7000,73.05,U
sz002409,雅克科技,2025-09-26 09:50:27,73.11,13900,73.22,E
sz002409,雅克科技,2025-09-26 09:50:30,73.2,4800,73.11,E
sz002409,雅克科技,2025-09-26 09:50:33,73.24,3900,73.2,U
sz002409,雅克科技,2025-09-26 09:50:36,73.22,5000,73.24,E
sz002409,雅克科技,2025-09-26 09:50:39,73.11,4600,73.22,D
sz002409,雅克科技,2025-09-26 09:50:42,73.08,5000,73.11,D
sz002409,雅克科技,2025-09-26 09:50:51,73.09,5700,73.08,U
sz002409,雅克科技,2025-09-26 09:50:54,73.09,4900,73.09,U
sz002409,雅克科技,2025-09-26 09:50:57,73.12,14800,73.09,U
sz002409,雅克科技,2025-09-26 09:51:00,73.19,12600,73.12,U
sz002409,雅克科技,2025-09-26 09:51:03,73.04,9100,73.19,D
sz002409,雅克科技,2025-09-26 09:51:06,73.04,3300,73.04,E
sz002409,雅克科技,2025-09-26 09:51:09,73.01,5100,73.04,D
sz002409,雅克科技,2025-09-26 09:51:12,73.01,6700,73.01,D
sz002409,雅克科技,2025-09-26 09:51:15,73.0,3900,73.01,E
sz002409,雅克科技,2025-09-26 09:51:21,72.99,3200,72.94,U
sz002409,雅克科技,2025-09-26 09:51:24,72.96,4700,72.99,U
sz002409,雅克科技,2025-09-26 09:51:27,72.99,8200,72.96,U
sz002409,雅克科技,2025-09-26 09:51:30,72.99,8400,72.99,U
sz002409,雅克科技,2025-09-26 09:51:45,72.91,17300,72.96,D
sz002409,雅克科技,2025-09-26 09:51:48,72.91,4200,72.91,U
sz002409,雅克科技,2025-09-26 09:51:54,72.8,7000,72.89,D
sz002409,雅克科技,2025-09-26 09:51:57,72.8,5300,72.8,U
sz002409,雅克科技,2025-09-26 09:52:00,73.0,57300,72.8,U
sz002409,雅克科技,2025-09-26 09:52:03,73.01,7500,73.0,U
sz002409,雅克科技,2025-09-26 09:52:06,73.0,4300,73.01,E
sz002409,雅克科技,2025-09-26 09:52:15,72.95,3700,72.99,D
sz002409,雅克科技,2025-09-26 09:52:18,72.95,3000,72.95,E
sz002409,雅克科技,2025-09-26 09:52:21,72.99,52300,72.95,E
sz002409,雅克科技,2025-09-26 09:52:24,73.0,36700,72.99,U
sz002409,雅克科技,2025-09-26 09:52:27,73.09,6700,73.0,U
sz002409,雅克科技,2025-09-26 09:52:30,73.0,10700,73.09,D
sz002409,雅克科技,2025-09-26 09:52:33,73.1,6300,73.0,U
sz002409,雅克科技,2025-09-26 09:52:39,73.05,6400,73.09,D
sz002409,雅克科技,2025-09-26 09:52:45,73.01,7200,73.05,D
sz002409,雅克科技,2025-09-26 09:52:54,73.0,5900,73.01,D
sz002409,雅克科技,2025-09-26 09:52:57,73.06,4200,73.0,U
sz002409,雅克科技,2025-09-26 09:53:00,73.0,4600,73.06,D
sz002409,雅克科技,2025-09-26 09:53:03,73.05,4800,73.0,U
sz002409,雅克科技,2025-09-26 09:53:06,73.05,8600,73.05,D
sz002409,雅克科技,2025-09-26 09:53:09,72.99,6400,73.05,D
sz002409,雅克科技,2025-09-26 09:53:24,72.9,7000,72.91,D
sz002409,雅克科技,2025-09-26 09:53:27,72.9,3000,72.9,D
sz002409,雅克科技,2025-09-26 09:53:30,72.9,10700,72.9,D
sz002409,雅克科技,2025-09-26 09:53:33,72.9,7600,72.9,U
sz002409,雅克科技,2025-09-26 09:53:36,72.9,10000,72.9,U
sz002409,雅克科技,2025-09-26 09:53:39,72.87,6400,72.9,E
sz002409,雅克科技,2025-09-26 09:53:45,72.87,26200,72.88,D
sz002409,雅克科技,2025-09-26 09:53:51,72.8,4000,72.8,D
sz002409,雅克科技,2025-09-26 09:53:57,72.8,2800,72.8,U
sz002409,雅克科技,2025-09-26 09:54:00,72.8,3400,72.8,U
sz002409,雅克科技,2025-09-26 09:54:03,72.72,47000,72.8,E
sz002409,雅克科技,2025-09-26 09:54:06,72.72,32500,72.72,D
sz002409,雅克科技,2025-09-26 09:54:09,72.71,20600,72.72,U
sz002409,雅克科技,2025-09-26 09:54:12,72.65,3900,72.71,E
sz002409,雅克科技,2025-09-26 09:54:15,72.7,15700,72.65,U
sz002409,雅克科技,2025-09-26 09:54:18,72.63,2800,72.7,E
sz002409,雅克科技,2025-09-26 09:54:24,72.72,13200,72.63,U
sz002409,雅克科技,2025-09-26 09:54:27,72.71,2800,72.72,E
sz002409,雅克科技,2025-09-26 09:54:33,72.71,2800,72.71,U
sz002409,雅克科技,2025-09-26 09:54:36,72.71,12200,72.71,U
sz002409,雅克科技,2025-09-26 09:54:39,72.7,17600,72.71,D
sz002409,雅克科技,2025-09-26 09:54:45,72.72,2800,72.75,D
sz002409,雅克科技,2025-09-26 09:54:48,72.72,9800,72.72,U
sz002409,雅克科技,2025-09-26 09:54:54,72.71,4100,72.73,D
sz002409,雅克科技,2025-09-26 09:55:00,72.7,5200,72.71,D
sz002409,雅克科技,2025-09-26 09:55:09,72.89,4400,72.8,U
sz002409,雅克科技,2025-09-26 09:55:18,72.89,2900,72.89,D
sz002409,雅克科技,2025-09-26 09:55:21,72.87,3400,72.89,E
sz002409,雅克科技,2025-09-26 09:55:27,72.78,4000,72.85,D
sz002409,雅克科技,2025-09-26 09:55:39,72.83,4400,72.88,D
sz002409,雅克科技,2025-09-26 09:55:42,72.89,7000,72.83,U
sz002409,雅克科技,2025-09-26 09:55:48,72.9,8500,72.8,U
sz002409,雅克科技,2025-09-26 09:55:51,72.94,24400,72.9,U
sz002409,雅克科技,2025-09-26 09:55:54,72.97,10700,72.94,U
sz002409,雅克科技,2025-09-26 09:56:03,73.0,6700,72.9,U
sz002409,雅克科技,2025-09-26 09:56:06,72.94,6900,73.0,E
sz002409,雅克科技,2025-09-26 09:56:12,72.89,5100,72.92,E
sz002409,雅克科技,2025-09-26 09:56:15,72.9,4100,72.89,U
sz002409,雅克科技,2025-09-26 09:56:21,72.83,3100,72.82,E
sz002409,雅克科技,2025-09-26 09:56:27,72.8,2800,72.8,U
sz002409,雅克科技,2025-09-26 09:56:33,72.8,3500,72.82,D
sz002409,雅克科技,2025-09-26 09:56:36,72.81,3500,72.8,U
sz002409,雅克科技,2025-09-26 09:56:42,72.81,5700,72.79,D
sz002409,雅克科技,2025-09-26 09:56:45,72.9,6000,72.81,U
sz002409,雅克科技,2025-09-26 09:57:06,72.87,3900,72.92,U
sz002409,雅克科技,2025-09-26 09:57:15,72.85,6800,72.82,U
sz002409,雅克科技,2025-09-26 09:57:30,72.9,13900,72.81,U
sz002409,雅克科技,2025-09-26 09:57:33,72.82,3600,72.9,D
sz002409,雅克科技,2025-09-26 09:57:39,72.82,5100,72.87,D
sz002409,雅克科技,2025-09-26 09:57:45,72.96,3000,72.92,U
sz002409,雅克科技,2025-09-26 09:57:48,72.92,3200,72.96,D
sz002409,雅克科技,2025-09-26 09:57:54,72.91,2900,72.92,E
sz002409,雅克科技,2025-09-26 09:58:00,72.83,30300,72.9,D
sz002409,雅克科技,2025-09-26 09:58:03,72.86,4900,72.83,U
sz002409,雅克科技,2025-09-26 09:58:06,72.72,2900,72.86,D
sz002409,雅克科技,2025-09-26 09:58:09,72.77,3100,72.72,U
sz002409,雅克科技,2025-09-26 09:58:12,72.69,12200,72.77,D
sz002409,雅克科技,2025-09-26 09:58:15,72.83,3400,72.69,U
sz002409,雅克科技,2025-09-26 09:58:18,72.88,9800,72.83,U
sz002409,雅克科技,2025-09-26 09:58:21,72.9,7500,72.88,U
sz002409,雅克科技,2025-09-26 09:58:24,72.89,3600,72.9,D
sz002409,雅克科技,2025-09-26 09:58:27,72.9,3200,72.89,E
sz002409,雅克科技,2025-09-26 09:58:36,72.93,18900,72.88,U
sz002409,雅克科技,2025-09-26 09:58:39,72.9,12500,72.93,E
sz002409,雅克科技,2025-09-26 09:58:42,72.89,6200,72.9,E
sz002409,雅克科技,2025-09-26 09:58:51,72.9,14100,72.91,D
sz002409,雅克科技,2025-09-26 09:58:57,73.01,21300,72.93,U
sz002409,雅克科技,2025-09-26 09:59:00,73.01,4100,73.01,U
sz002409,雅克科技,2025-09-26 09:59:12,73.04,6200,73.09,D
sz002409,雅克科技,2025-09-26 09:59:15,73.04,20500,73.04,D
sz002409,雅克科技,2025-09-26 09:59:18,73.1,7200,73.04,U
sz002409,雅克科技,2025-09-26 09:59:21,73.15,9300,73.1,U
sz002409,雅克科技,2025-09-26 09:59:24,73.17,3500,73.15,U
sz002409,雅克科技,2025-09-26 09:59:30,73.18,4400,73.16,E
sz002409,雅克科技,2025-09-26 09:59:33,73.12,4000,73.18,D
sz002409,雅克科技,2025-09-26 09:59:36,73.13,4100,73.12,U
sz002409,雅克科技,2025-09-26 09:59:42,73.12,5900,73.15,E
sz002409,雅克科技,2025-09-26 09:59:45,73.15,3700,73.12,U
sz002409,雅克科技,2025-09-26 09:59:48,73.15,6000,73.15,U
sz002409,雅克科技,2025-09-26 09:59:51,73.05,3800,73.15,D
sz002409,雅克科技,2025-09-26 09:59:54,73.14,13200,73.05,U
sz002409,雅克科技,2025-09-26 09:59:57,73.29,82900,73.14,U
sz002409,雅克科技,2025-09-26 10:00:00,73.32,10700,73.29,U
sz002409,雅克科技,2025-09-26 10:00:06,73.24,19900,73.28,D
sz002409,雅克科技,2025-09-26 10:00:09,73.23,5700,73.24,E
sz002409,雅克科技,2025-09-26 10:00:18,73.17,53300,73.21,D
sz002409,雅克科技,2025-09-26 10:00:21,73.2,7900,73.17,U
sz002409,雅克科技,2025-09-26 10:00:30,73.07,9700,73.2,D
sz002409,雅克科技,2025-09-26 10:00:39,73.08,31100,73.08,D
sz002409,雅克科技,2025-09-26 10:00:42,73.06,4200,73.08,U
sz002409,雅克科技,2025-09-26 10:00:48,72.99,4900,73.01,D
sz002409,雅克科技,2025-09-26 10:00:51,73.07,7100,72.99,E
sz002409,雅克科技,2025-09-26 10:00:54,73.15,3400,73.07,U
sz002409,雅克科技,2025-09-26 10:01:18,73.27,96974,73.11,U
sz002409,雅克科技,2025-09-26 10:01:21,73.38,9400,73.27,U
sz002409,雅克科技,2025-09-26 10:01:24,73.39,6600,73.38,U
sz002409,雅克科技,2025-09-26 10:01:27,73.4,7900,73.39,U
sz002409,雅克科技,2025-09-26 10:01:30,73.4,5400,73.4,U
sz002409,雅克科技,2025-09-26 10:01:33,73.5,47500,73.4,U
sz002409,雅克科技,2025-09-26 10:01:36,73.48,64100,73.5,D
sz002409,雅克科技,2025-09-26 10:01:39,73.54,8100,73.48,U
sz002409,雅克科技,2025-09-26 10:01:42,73.52,4800,73.54,D
sz002409,雅克科技,2025-09-26 10:01:45,73.5,3800,73.52,E
sz002409,雅克科技,2025-09-26 10:01:48,73.55,9500,73.5,U
sz002409,雅克科技,2025-09-26 10:01:51,73.52,28500,73.55,E
sz002409,雅克科技,2025-09-26 10:01:54,73.65,38900,73.52,U
sz002409,雅克科技,2025-09-26 10:01:57,73.67,84300,73.65,U
sz002409,雅克科技,2025-09-26 10:02:00,73.63,14600,73.67,D
sz002409,雅克科技,2025-09-26 10:02:03,73.66,7700,73.63,U
sz002409,雅克科技,2025-09-26 10:02:06,73.65,13900,73.66,U
sz002409,雅克科技,2025-09-26 10:02:09,73.65,11700,73.65,U
sz002409,雅克科技,2025-09-26 10:02:12,73.83,112700,73.65,U
sz002409,雅克科技,2025-09-26 10:02:15,73.83,17300,73.83,D
sz002409,雅克科技,2025-09-26 10:02:18,73.85,29700,73.83,U
sz002409,雅克科技,2025-09-26 10:02:21,73.9,62800,73.85,U
sz002409,雅克科技,2025-09-26 10:02:24,74.18,173700,73.9,U
sz002409,雅克科技,2025-09-26 10:02:27,74.17,23100,74.18,D
sz002409,雅克科技,2025-09-26 10:02:30,74.22,31000,74.17,U
sz002409,雅克科技,2025-09-26 10:02:33,74.11,13500,74.22,D
sz002409,雅克科技,2025-09-26 10:02:36,74.11,12700,74.11,U
sz002409,雅克科技,2025-09-26 10:02:39,74.11,6300,74.11,U
sz002409,雅克科技,2025-09-26 10:02:42,74.11,13400,74.11,E
sz002409,雅克科技,2025-09-26 10:02:45,74.09,24200,74.11,E
sz002409,雅克科技,2025-09-26 10:02:48,74.09,6000,74.09,U
sz002409,雅克科技,2025-09-26 10:02:51,74.0,12000,74.09,D
sz002409,雅克科技,2025-09-26 10:02:54,74.0,25048,74.0,U
sz002409,雅克科技,2025-09-26 10:02:57,74.0,6600,74.0,D
sz002409,雅克科技,2025-09-26 10:03:00,73.98,62252,74.0,D
sz002409,雅克科技,2025-09-26 10:03:03,73.98,25500,73.98,U
sz002409,雅克科技,2025-09-26 10:03:06,73.98,6200,73.98,U
sz002409,雅克科技,2025-09-26 10:03:09,73.97,146500,73.98,U
sz002409,雅克科技,2025-09-26 10:03:12,73.85,6300,73.97,D
sz002409,雅克科技,2025-09-26 10:03:15,73.8,14800,73.85,D
sz002409,雅克科技,2025-09-26 10:03:18,73.8,8500,73.8,E
sz002409,雅克科技,2025-09-26 10:03:21,73.71,3600,73.8,D
sz002409,雅克科技,2025-09-26 10:03:24,73.71,32100,73.71,U
sz002409,雅克科技,2025-09-26 10:03:27,73.67,24300,73.71,D
sz002409,雅克科技,2025-09-26 10:03:30,73.65,23900,73.67,D
sz002409,雅克科技,2025-09-26 10:03:33,73.61,3700,73.65,D
sz002409,雅克科技,2025-09-26 10:03:39,73.61,16600,73.61,U
sz002409,雅克科技,2025-09-26 10:03:42,73.47,10600,73.61,D
sz002409,雅克科技,2025-09-26 10:03:51,73.6,3000,73.65,D
sz002409,雅克科技,2025-09-26 10:03:54,73.56,6800,73.6,D
sz002409,雅克科技,2025-09-26 10:03:57,73.56,11400,73.56,E
sz002409,雅克科技,2025-09-26 10:04:00,73.6,4000,73.56,U
sz002409,雅克科技,2025-09-26 10:04:03,73.8,83200,73.6,U
sz002409,雅克科技,2025-09-26 10:04:06,73.63,12900,73.8,E
sz002409,雅克科技,2025-09-26 10:04:09,73.65,7700,73.63,E
sz002409,雅克科技,2025-09-26 10:04:15,73.74,6200,73.74,U
sz002409,雅克科技,2025-09-26 10:04:18,73.74,6100,73.74,U
sz002409,雅克科技,2025-09-26 10:04:21,73.74,9000,73.74,U
sz002409,雅克科技,2025-09-26 10:04:24,73.75,14300,73.74,U
sz002409,雅克科技,2025-09-26 10:04:27,73.74,5900,73.75,D
sz002409,雅克科技,2025-09-26 10:04:30,73.75,8400,73.74,U
sz002409,雅克科技,2025-09-26 10:04:33,73.76,19400,73.75,U
sz002409,雅克科技,2025-09-26 10:04:36,73.8,5400,73.76,U
sz002409,雅克科技,2025-09-26 10:04:39,73.87,8800,73.8,U
sz002409,雅克科技,2025-09-26 10:04:42,73.84,9700,73.87,D
sz002409,雅克科技,2025-09-26 10:04:45,73.8,4600,73.84,D
sz002409,雅克科技,2025-09-26 10:04:48,73.84,17900,73.8,U
sz002409,雅克科技,2025-09-26 10:04:51,73.73,14700,73.84,D
sz002409,雅克科技,2025-09-26 10:04:54,73.69,22600,73.73,D
sz002409,雅克科技,2025-09-26 10:04:57,73.8,8500,73.69,U
sz002409,雅克科技,2025-09-26 10:05:00,73.67,6300,73.8,D
sz002409,雅克科技,2025-09-26 10:05:03,73.55,25000,73.67,D
sz002409,雅克科技,2025-09-26 10:05:06,73.58,6300,73.55,U
sz002409,雅克科技,2025-09-26 10:05:09,73.49,3400,73.58,E
sz002409,雅克科技,2025-09-26 10:05:18,73.65,10400,73.59,U
sz002409,雅克科技,2025-09-26 10:05:21,73.57,18100,73.65,E
sz002409,雅克科技,2025-09-26 10:05:27,73.49,16200,73.58,D
sz002409,雅克科技,2025-09-26 10:05:30,73.66,8600,73.49,U
sz002409,雅克科技,2025-09-26 10:05:33,73.52,8600,73.66,E
sz002409,雅克科技,2025-09-26 10:05:36,73.62,6200,73.52,E
sz002409,雅克科技,2025-09-26 10:05:42,73.49,21600,73.5,D
sz002409,雅克科技,2025-09-26 10:05:45,73.43,3000,73.49,E
sz002409,雅克科技,2025-09-26 10:05:48,73.42,3300,73.43,D
sz002409,雅克科技,2025-09-26 10:05:54,73.41,44500,73.42,D
sz002409,雅克科技,2025-09-26 10:05:57,73.42,12700,73.41,U
sz002409,雅克科技,2025-09-26 10:06:03,73.3,4300,73.3,E
sz002409,雅克科技,2025-09-26 10:06:06,73.35,6600,73.3,U
sz002409,雅克科技,2025-09-26 10:06:09,73.41,6500,73.35,U
sz002409,雅克科技,2025-09-26 10:06:15,73.5,10700,73.41,U
sz002409,雅克科技,2025-09-26 10:06:18,73.62,3400,73.5,U
sz002409,雅克科技,2025-09-26 10:06:24,73.62,12200,73.6,E
sz002409,雅克科技,2025-09-26 10:06:33,73.65,3000,73.7,D
sz002409,雅克科技,2025-09-26 10:06:36,73.65,3500,73.65,D
sz002409,雅克科技,2025-09-26 10:06:48,73.62,22900,73.63,U
sz002409,雅克科技,2025-09-26 10:06:51,73.62,3100,73.62,E
sz002409,雅克科技,2025-09-26 10:06:57,73.7,6700,73.69,U
sz002409,雅克科技,2025-09-26 10:07:03,73.73,8800,73.7,U
sz002409,雅克科技,2025-09-26 10:07:09,73.8,11800,73.79,U
sz002409,雅克科技,2025-09-26 10:07:12,73.77,8900,73.8,E
sz002409,雅克科技,2025-09-26 10:07:15,73.67,19300,73.77,D
sz002409,雅克科技,2025-09-26 10:07:18,73.66,10600,73.67,D
sz002409,雅克科技,2025-09-26 10:07:21,73.65,7900,73.66,E
sz002409,雅克科技,2025-09-26 10:07:24,73.67,7000,73.65,U
sz002409,雅克科技,2025-09-26 10:07:27,73.51,17100,73.67,D
sz002409,雅克科技,2025-09-26 10:07:30,73.67,22900,73.51,U
sz002409,雅克科技,2025-09-26 10:07:33,73.68,4300,73.67,U
sz002409,雅克科技,2025-09-26 10:07:36,73.67,6000,73.68,D
sz002409,雅克科技,2025-09-26 10:07:42,73.76,12600,73.7,U
sz002409,雅克科技,2025-09-26 10:07:45,73.76,4100,73.76,U
sz002409,雅克科技,2025-09-26 10:07:51,73.79,7400,73.79,D
sz002409,雅克科技,2025-09-26 10:07:54,73.8,18800,73.79,U
sz002409,雅克科技,2025-09-26 10:07:57,73.82,5100,73.8,E
sz002409,雅克科技,2025-09-26 10:08:00,73.91,8300,73.82,U
sz002409,雅克科技,2025-09-26 10:08:03,74.05,51900,73.91,U
sz002409,雅克科技,2025-09-26 10:08:06,74.05,6800,74.05,U
sz002409,雅克科技,2025-09-26 10:08:09,74.05,21600,74.05,D
sz002409,雅克科技,2025-09-26 10:08:12,74.01,17000,74.05,E
sz002409,雅克科技,2025-09-26 10:08:15,74.1,15300,74.01,U
sz002409,雅克科技,2025-09-26 10:08:18,74.1,47800,74.1,U
sz002409,雅克科技,2025-09-26 10:08:21,74.1,18200,74.1,U
sz002409,雅克科技,2025-09-26 10:08:24,74.18,24100,74.1,U
sz002409,雅克科技,2025-09-26 10:08:27,74.18,5300,74.18,D
sz002409,雅克科技,2025-09-26 10:08:30,74.22,17600,74.18,U
sz002409,雅克科技,2025-09-26 10:08:33,74.24,9400,74.22,U
sz002409,雅克科技,2025-09-26 10:08:36,74.24,21500,74.24,U
sz002409,雅克科技,2025-09-26 10:08:39,74.27,18500,74.24,U
sz002409,雅克科技,2025-09-26 10:08:42,74.3,21200,74.27,E
sz002409,雅克科技,2025-09-26 10:08:45,74.28,29900,74.3,D
sz002409,雅克科技,2025-09-26 10:08:48,74.24,35600,74.28,D
sz002409,雅克科技,2025-09-26 10:08:51,74.26,38200,74.24,E
sz002409,雅克科技,2025-09-26 10:08:54,74.3,30000,74.26,U
sz002409,雅克科技,2025-09-26 10:08:57,74.3,19800,74.3,U
sz002409,雅克科技,2025-09-26 10:09:00,74.42,10900,74.3,U
sz002409,雅克科技,2025-09-26 10:09:03,74.33,28500,74.42,E
sz002409,雅克科技,2025-09-26 10:09:06,74.38,11100,74.33,U
sz002409,雅克科技,2025-09-26 10:09:09,74.37,4400,74.38,D
sz002409,雅克科技,2025-09-26 10:09:12,74.35,18700,74.37,D
sz002409,雅克科技,2025-09-26 10:09:15,74.38,18800,74.35,U
sz002409,雅克科技,2025-09-26 10:09:18,74.34,22500,74.38,D
sz002409,雅克科技,2025-09-26 10:09:21,74.38,16800,74.34,D
sz002409,雅克科技,2025-09-26 10:09:24,74.5,40100,74.38,U
sz002409,雅克科技,2025-09-26 10:09:27,74.51,88100,74.5,U
sz002409,雅克科技,2025-09-26 10:09:30,74.65,18000,74.51,U
sz002409,雅克科技,2025-09-26 10:09:33,74.75,30900,74.65,U
sz002409,雅克科技,2025-09-26 10:09:36,74.77,19537,74.75,E
sz002409,雅克科技,2025-09-26 10:09:39,74.88,6500,74.77,U
sz002409,雅克科技,2025-09-26 10:09:42,74.89,22900,74.88,U
sz002409,雅克科技,2025-09-26 10:09:45,75.12,342100,74.89,U
sz002409,雅克科技,2025-09-26 10:09:48,75.28,18900,75.12,U
sz002409,雅克科技,2025-09-26 10:09:51,75.39,41200,75.28,U
sz002409,雅克科技,2025-09-26 10:09:54,75.45,18300,75.39,U
sz002409,雅克科技,2025-09-26 10:09:57,75.39,44600,75.45,D
sz002409,雅克科技,2025-09-26 10:10:00,75.41,22100,75.39,U
sz002409,雅克科技,2025-09-26 10:10:03,75.33,33800,75.41,D
sz002409,雅克科技,2025-09-26 10:10:06,75.35,35700,75.33,E
sz002409,雅克科技,2025-09-26 10:10:09,75.39,29700,75.35,U
sz002409,雅克科技,2025-09-26 10:10:12,75.49,114800,75.39,U
sz002409,雅克科技,2025-09-26 10:10:15,75.48,24700,75.49,D
sz002409,雅克科技,2025-09-26 10:10:18,75.66,40900,75.48,U
sz002409,雅克科技,2025-09-26 10:10:21,75.66,73700,75.66,U
sz002409,雅克科技,2025-09-26 10:10:24,75.67,39800,75.66,U
sz002409,雅克科技,2025-09-26 10:10:27,75.49,38900,75.67,D
sz002409,雅克科技,2025-09-26 10:10:30,75.59,41000,75.49,U
sz002409,雅克科技,2025-09-26 10:10:33,75.5,81200,75.59,D
sz002409,雅克科技,2025-09-26 10:10:36,75.42,32200,75.5,D
sz002409,雅克科技,2025-09-26 10:10:39,75.42,42600,75.42,U
sz002409,雅克科技,2025-09-26 10:10:42,75.42,21800,75.42,D
sz002409,雅克科技,2025-09-26 10:10:45,75.38,15800,75.42,U
sz002409,雅克科技,2025-09-26 10:10:48,75.42,13600,75.38,U
sz002409,雅克科技,2025-09-26 10:10:51,75.37,28800,75.42,E
sz002409,雅克科技,2025-09-26 10:10:54,75.31,8100,75.37,D
sz002409,雅克科技,2025-09-26 10:10:57,75.33,20000,75.31,U
sz002409,雅克科技,2025-09-26 10:11:00,75.27,8400,75.33,D
sz002409,雅克科技,2025-09-26 10:11:03,75.25,10000,75.27,D
sz002409,雅克科技,2025-09-26 10:11:06,75.21,22200,75.25,E
sz002409,雅克科技,2025-09-26 10:11:09,75.04,7000,75.21,D
sz002409,雅克科技,2025-09-26 10:11:12,74.96,12100,75.04,D
sz002409,雅克科技,2025-09-26 10:11:15,74.97,13600,74.96,D
sz002409,雅克科技,2025-09-26 10:11:18,74.94,5100,74.97,D
sz002409,雅克科技,2025-09-26 10:11:21,74.94,6400,74.94,U
sz002409,雅克科技,2025-09-26 10:11:24,75.08,18400,74.94,U
sz002409,雅克科技,2025-09-26 10:11:27,75.08,11900,75.08,E
sz002409,雅克科技,2025-09-26 10:11:30,75.09,4900,75.08,U
sz002409,雅克科技,2025-09-26 10:11:33,75.1,8300,75.09,U
sz002409,雅克科技,2025-09-26 10:11:36,75.1,7600,75.1,D
sz002409,雅克科技,2025-09-26 10:11:39,75.15,28200,75.1,U
sz002409,雅克科技,2025-09-26 10:11:42,75.17,6200,75.15,E
sz002409,雅克科技,2025-09-26 10:11:45,75.1,60600,75.17,D
sz002409,雅克科技,2025-09-26 10:11:48,75.05,28300,75.1,E
sz002409,雅克科技,2025-09-26 10:11:51,75.13,36800,75.05,U
sz002409,雅克科技,2025-09-26 10:11:54,74.87,10600,75.13,D
sz002409,雅克科技,2025-09-26 10:11:57,74.83,3200,74.87,D
sz002409,雅克科技,2025-09-26 10:12:00,74.84,9200,74.83,E
sz002409,雅克科技,2025-09-26 10:12:03,74.72,17500,74.84,D
sz002409,雅克科技,2025-09-26 10:12:06,74.78,8000,74.72,E
sz002409,雅克科技,2025-09-26 10:12:09,74.72,6100,74.78,D
sz002409,雅克科技,2025-09-26 10:12:12,74.72,6500,74.72,D
sz002409,雅克科技,2025-09-26 10:12:15,74.7,2700,74.72,D
sz002409,雅克科技,2025-09-26 10:12:18,74.6,18100,74.7,D
sz002409,雅克科技,2025-09-26 10:12:21,74.6,21600,74.6,U
sz002409,雅克科技,2025-09-26 10:12:27,74.55,15800,74.47,U
sz002409,雅克科技,2025-09-26 10:12:30,74.73,15900,74.55,U
sz002409,雅克科技,2025-09-26 10:12:36,74.85,5900,74.88,E
sz002409,雅克科技,2025-09-26 10:12:39,74.8,27700,74.85,E
sz002409,雅克科技,2025-09-26 10:12:42,74.85,9900,74.8,E
sz002409,雅克科技,2025-09-26 10:12:45,74.84,17700,74.85,U
sz002409,雅克科技,2025-09-26 10:12:48,74.61,14900,74.84,D
sz002409,雅克科技,2025-09-26 10:12:51,74.71,4400,74.61,U
sz002409,雅克科技,2025-09-26 10:12:54,74.53,12400,74.71,D
sz002409,雅克科技,2025-09-26 10:12:57,74.54,4300,74.53,E
sz002409,雅克科技,2025-09-26 10:13:00,74.56,5800,74.54,U
sz002409,雅克科技,2025-09-26 10:13:03,74.5,16600,74.56,D
sz002409,雅克科技,2025-09-26 10:13:06,74.5,26700,74.5,D
sz002409,雅克科技,2025-09-26 10:13:09,74.39,6500,74.5,E
sz002409,雅克科技,2025-09-26 10:13:12,74.5,4400,74.39,U
sz002409,雅克科技,2025-09-26 10:13:15,74.47,3000,74.5,E
sz002409,雅克科技,2025-09-26 10:13:18,74.46,3900,74.47,E
sz002409,雅克科技,2025-09-26 10:13:21,74.33,6200,74.46,D
sz002409,雅克科技,2025-09-26 10:13:27,74.32,5800,74.33,D
sz002409,雅克科技,2025-09-26 10:13:30,74.31,10000,74.32,D
sz002409,雅克科技,2025-09-26 10:13:33,74.3,7600,74.31,E
sz002409,雅克科技,2025-09-26 10:13:36,74.27,4900,74.3,E
sz002409,雅克科技,2025-09-26 10:13:42,74.26,2700,74.27,U
sz002409,雅克科技,2025-09-26 10:13:45,74.27,4300,74.26,U
sz002409,雅克科技,2025-09-26 10:13:48,74.27,7500,74.27,U
sz002409,雅克科技,2025-09-26 10:13:51,74.3,6300,74.27,U
sz002409,雅克科技,2025-09-26 10:13:54,74.0,41800,74.3,D
sz002409,雅克科技,2025-09-26 10:13:57,74.26,6900,74.0,U
sz002409,雅克科技,2025-09-26 10:14:03,74.16,3200,74.16,E
sz002409,雅克科技,2025-09-26 10:14:06,74.21,6300,74.16,U
sz002409,雅克科技,2025-09-26 10:14:09,74.3,3600,74.21,U
sz002409,雅克科技,2025-09-26 10:14:12,74.28,21700,74.3,E
sz002409,雅克科技,2025-09-26 10:14:15,74.21,4400,74.28,E
sz002409,雅克科技,2025-09-26 10:14:18,74.15,11700,74.21,E
sz002409,雅克科技,2025-09-26 10:14:21,74.28,12800,74.15,U
sz002409,雅克科技,2025-09-26 10:14:27,74.21,3000,74.21,D
sz002409,雅克科技,2025-09-26 10:14:30,74.22,19100,74.21,U
sz002409,雅克科技,2025-09-26 10:14:33,74.28,12500,74.22,U
sz002409,雅克科技,2025-09-26 10:14:39,74.25,6900,74.27,D
sz002409,雅克科技,2025-09-26 10:14:42,74.22,4100,74.25,D
sz002409,雅克科技,2025-09-26 10:14:45,74.17,5400,74.22,D
sz002409,雅克科技,2025-09-26 10:14:48,74.2,6400,74.17,E
sz002409,雅克科技,2025-09-26 10:14:51,74.13,5300,74.2,D
sz002409,雅克科技,2025-09-26 10:14:54,74.07,7800,74.13,D
sz002409,雅克科技,2025-09-26 10:14:57,74.06,3200,74.07,D
sz002409,雅克科技,2025-09-26 10:15:03,74.0,14900,74.06,D
sz002409,雅克科技,2025-09-26 10:15:06,74.0,12700,74.0,D
sz002409,雅克科技,2025-09-26 10:15:09,74.01,2800,74.0,E
sz002409,雅克科技,2025-09-26 10:15:15,74.1,10000,74.1,U
sz002409,雅克科技,2025-09-26 10:15:18,74.1,3400,74.1,E
sz002409,雅克科技,2025-09-26 10:15:27,74.05,3200,74.05,D
sz002409,雅克科技,2025-09-26 10:15:30,74.07,11100,74.05,D
sz002409,雅克科技,2025-09-26 10:15:33,73.93,92000,74.07,D
sz002409,雅克科技,2025-09-26 10:15:36,73.93,6700,73.93,U
sz002409,雅克科技,2025-09-26 10:15:42,74.0,4600,73.91,U
sz002409,雅克科技,2025-09-26 10:15:51,73.99,6300,73.99,U
sz002409,雅克科技,2025-09-26 10:15:57,73.91,4900,73.95,D
sz002409,雅克科技,2025-09-26 10:16:00,73.87,10400,73.91,D
sz002409,雅克科技,2025-09-26 10:16:03,73.87,9600,73.87,E
sz002409,雅克科技,2025-09-26 10:16:06,73.96,14300,73.87,U
sz002409,雅克科技,2025-09-26 10:16:09,73.83,4600,73.96,E
sz002409,雅克科技,2025-09-26 10:16:15,73.88,2800,73.81,U
sz002409,雅克科技,2025-09-26 10:16:18,73.83,3700,73.88,D
sz002409,雅克科技,2025-09-26 10:16:21,74.0,37500,73.83,U
sz002409,雅克科技,2025-09-26 10:16:27,73.98,7300,73.89,U
sz002409,雅克科技,2025-09-26 10:16:33,73.95,66500,73.95,U
sz002409,雅克科技,2025-09-26 10:16:39,73.95,10900,73.95,D
sz002409,雅克科技,2025-09-26 10:16:42,73.96,4900,73.95,E
sz002409,雅克科技,2025-09-26 10:16:45,73.9,7600,73.96,D
sz002409,雅克科技,2025-09-26 10:16:48,73.92,5500,73.9,U
sz002409,雅克科技,2025-09-26 10:16:51,73.9,3600,73.92,D
sz002409,雅克科技,2025-09-26 10:16:54,73.77,47900,73.9,D
sz002409,雅克科技,2025-09-26 10:16:57,73.75,6100,73.77,D
sz002409,雅克科技,2025-09-26 10:17:00,73.73,3400,73.75,E
sz002409,雅克科技,2025-09-26 10:17:03,73.67,5900,73.73,D
sz002409,雅克科技,2025-09-26 10:17:06,73.69,11600,73.67,E
sz002409,雅克科技,2025-09-26 10:17:09,73.69,6100,73.69,U
sz002409,雅克科技,2025-09-26 10:17:18,73.6,6400,73.62,D
sz002409,雅克科技,2025-09-26 10:17:24,73.55,5200,73.59,D
sz002409,雅克科技,2025-09-26 10:17:27,73.52,3400,73.55,D
sz002409,雅克科技,2025-09-26 10:17:33,73.5,17800,73.53,D
sz002409,雅克科技,2025-09-26 10:17:36,73.46,6800,73.5,D
sz002409,雅克科技,2025-09-26 10:17:39,73.46,3100,73.46,D
sz002409,雅克科技,2025-09-26 10:17:42,73.44,4400,73.46,D
sz002409,雅克科技,2025-09-26 10:17:48,73.44,13300,73.44,D
sz002409,雅克科技,2025-09-26 10:17:51,73.46,10800,73.44,E
sz002409,雅克科技,2025-09-26 10:17:54,73.5,2900,73.46,U
sz002409,雅克科技,2025-09-26 10:17:57,73.5,10500,73.5,U
sz002409,雅克科技,2025-09-26 10:18:00,73.5,9200,73.5,U
sz002409,雅克科技,2025-09-26 10:18:03,73.54,100200,73.5,U
sz002409,雅克科技,2025-09-26 10:18:06,73.59,6900,73.54,U
sz002409,雅克科技,2025-09-26 10:18:09,73.54,4400,73.59,E
sz002409,雅克科技,2025-09-26 10:18:12,73.51,9600,73.54,D
sz002409,雅克科技,2025-09-26 10:18:18,73.51,7300,73.51,D
sz002409,雅克科技,2025-09-26 10:18:21,73.57,8400,73.51,U
sz002409,雅克科技,2025-09-26 10:18:27,73.53,65000,73.56,D
sz002409,雅克科技,2025-09-26 10:18:30,73.46,7700,73.53,E
sz002409,雅克科技,2025-09-26 10:18:33,73.51,5000,73.46,U
sz002409,雅克科技,2025-09-26 10:18:36,73.44,3700,73.51,D
sz002409,雅克科技,2025-09-26 10:18:39,73.46,10700,73.44,U
sz002409,雅克科技,2025-09-26 10:18:42,73.5,3500,73.46,E
sz002409,雅克科技,2025-09-26 10:18:48,73.44,2900,73.44,D
sz002409,雅克科技,2025-09-26 10:18:51,73.44,5300,73.44,D
sz002409,雅克科技,2025-09-26 10:18:54,73.45,4800,73.44,U
sz002409,雅克科技,2025-09-26 10:18:57,73.44,5200,73.45,E
sz002409,雅克科技,2025-09-26 10:19:00,73.45,2800,73.44,E
sz002409,雅克科技,2025-09-26 10:19:03,73.44,7300,73.45,D
sz002409,雅克科技,2025-09-26 10:19:06,73.44,8200,73.44,D
sz002409,雅克科技,2025-09-26 10:19:09,73.45,3900,73.44,U
sz002409,雅克科技,2025-09-26 10:19:12,73.44,4200,73.45,D
sz002409,雅克科技,2025-09-26 10:19:15,73.47,4600,73.44,U
sz002409,雅克科技,2025-09-26 10:19:18,73.48,5800,73.47,U
sz002409,雅克科技,2025-09-26 10:19:21,73.45,5200,73.48,D
sz002409,雅克科技,2025-09-26 10:19:24,73.53,24000,73.45,U
sz002409,雅克科技,2025-09-26 10:19:27,73.48,6200,73.53,D
sz002409,雅克科技,2025-09-26 10:19:30,73.52,7500,73.48,U
sz002409,雅克科技,2025-09-26 10:19:33,73.53,10500,73.52,U
sz002409,雅克科技,2025-09-26 10:19:36,73.54,3600,73.53,U
sz002409,雅克科技,2025-09-26 10:19:42,73.56,7100,73.55,U
sz002409,雅克科技,2025-09-26 10:19:45,73.54,3700,73.56,E
sz002409,雅克科技,2025-09-26 10:19:48,73.54,4500,73.54,U
sz002409,雅克科技,2025-09-26 10:19:51,73.51,4600,73.54,E
sz002409,雅克科技,2025-09-26 10:19:54,73.54,5300,73.51,U
sz002409,雅克科技,2025-09-26 10:19:57,73.54,4300,73.54,D
sz002409,雅克科技,2025-09-26 10:20:03,73.56,4700,73.54,U
sz002409,雅克科技,2025-09-26 10:20:06,73.56,9100,73.56,U
sz002409,雅克科技,2025-09-26 10:20:09,73.54,28100,73.56,D
sz002409,雅克科技,2025-09-26 10:20:12,73.55,3200,73.54,U
sz002409,雅克科技,2025-09-26 10:20:15,73.56,3100,73.55,U
sz002409,雅克科技,2025-09-26 10:20:18,73.56,16300,73.56,U
sz002409,雅克科技,2025-09-26 10:20:21,73.61,30600,73.56,U
sz002409,雅克科技,2025-09-26 10:20:30,73.61,4800,73.61,U
sz002409,雅克科技,2025-09-26 10:20:33,73.57,13500,73.61,D
sz002409,雅克科技,2025-09-26 10:20:36,73.59,5100,73.57,U
sz002409,雅克科技,2025-09-26 10:20:39,73.56,4400,73.59,D
sz002409,雅克科技,2025-09-26 10:20:42,73.54,8500,73.56,D
sz002409,雅克科技,2025-09-26 10:20:45,73.53,7300,73.54,D
sz002409,雅克科技,2025-09-26 10:20:48,73.47,18100,73.53,D
sz002409,雅克科技,2025-09-26 10:20:51,73.45,10300,73.47,D
sz002409,雅克科技,2025-09-26 10:20:54,73.42,3800,73.45,D
sz002409,雅克科技,2025-09-26 10:20:57,73.39,36400,73.42,D
sz002409,雅克科技,2025-09-26 10:21:00,73.28,14500,73.39,D
sz002409,雅克科技,2025-09-26 10:21:03,73.19,19600,73.28,D
sz002409,雅克科技,2025-09-26 10:21:06,73.18,27700,73.19,D
sz002409,雅克科技,2025-09-26 10:21:09,73.14,4100,73.18,D
sz002409,雅克科技,2025-09-26 10:21:12,73.18,13100,73.14,U
sz002409,雅克科技,2025-09-26 10:21:15,73.2,8800,73.18,U
sz002409,雅克科技,2025-09-26 10:21:18,73.18,4600,73.2,D
sz002409,雅克科技,2025-09-26 10:21:21,73.1,9400,73.18,D
sz002409,雅克科技,2025-09-26 10:21:24,73.13,9800,73.1,D
sz002409,雅克科技,2025-09-26 10:21:33,73.12,4700,73.12,D
sz002409,雅克科技,2025-09-26 10:21:36,73.1,7100,73.12,D
sz002409,雅克科技,2025-09-26 10:21:39,73.12,10800,73.1,D
sz002409,雅克科技,2025-09-26 10:21:42,73.09,5200,73.12,D
sz002409,雅克科技,2025-09-26 10:21:45,73.09,6500,73.09,D
sz002409,雅克科技,2025-09-26 10:21:48,73.09,6100,73.09,D
sz002409,雅克科技,2025-09-26 10:21:51,73.1,2900,73.09,U
sz002409,雅克科技,2025-09-26 10:21:54,73.1,7700,73.1,U
sz002409,雅克科技,2025-09-26 10:21:57,73.12,7000,73.1,U
sz002409,雅克科技,2025-09-26 10:22:00,73.12,16100,73.12,U
sz002409,雅克科技,2025-09-26 10:22:03,73.11,23200,73.12,E
sz002409,雅克科技,2025-09-26 10:22:06,73.1,3000,73.11,E
sz002409,雅克科技,2025-09-26 10:22:12,73.01,5118,73.07,D
sz002409,雅克科技,2025-09-26 10:22:15,73.07,4982,73.01,U
sz002409,雅克科技,2025-09-26 10:22:18,73.02,3500,73.07,D
sz002409,雅克科技,2025-09-26 10:22:21,73.04,4200,73.02,E
sz002409,雅克科技,2025-09-26 10:22:27,72.98,130900,73.05,D
sz002409,雅克科技,2025-09-26 10:22:30,72.94,6300,72.98,D
sz002409,雅克科技,2025-09-26 10:22:36,72.94,11300,72.93,D
sz002409,雅克科技,2025-09-26 10:22:39,72.89,41500,72.94,D
sz002409,雅克科技,2025-09-26 10:22:42,72.9,4000,72.89,U
sz002409,雅克科技,2025-09-26 10:22:45,72.94,28391,72.9,U
sz002409,雅克科技,2025-09-26 10:22:48,73.0,3800,72.94,U
sz002409,雅克科技,2025-09-26 10:22:51,73.0,8300,73.0,U
sz002409,雅克科技,2025-09-26 10:22:54,72.92,3300,73.0,D
sz002409,雅克科技,2025-09-26 10:22:57,72.92,2800,72.92,D
sz002409,雅克科技,2025-09-26 10:23:03,72.98,14400,72.98,U
sz002409,雅克科技,2025-09-26 10:23:06,72.98,3400,72.98,U
sz002409,雅克科技,2025-09-26 10:23:09,72.93,3900,72.98,D
sz002409,雅克科技,2025-09-26 10:23:12,72.87,12600,72.93,D
sz002409,雅克科技,2025-09-26 10:23:15,72.82,26100,72.87,D
sz002409,雅克科技,2025-09-26 10:23:18,72.8,4300,72.82,D
sz002409,雅克科技,2025-09-26 10:23:21,72.76,8000,72.8,D
sz002409,雅克科技,2025-09-26 10:23:24,72.78,26800,72.76,U
sz002409,雅克科技,2025-09-26 10:23:27,72.71,10900,72.78,D
sz002409,雅克科技,2025-09-26 10:23:33,72.66,3000,72.69,D
sz002409,雅克科技,2025-09-26 10:23:36,72.63,2900,72.66,D
sz002409,雅克科技,2025-09-26 10:23:42,72.61,5300,72.64,D
sz002409,雅克科技,2025-09-26 10:23:45,72.6,8300,72.61,D
sz002409,雅克科技,2025-09-26 10:23:48,72.63,74700,72.6,U
sz002409,雅克科技,2025-09-26 10:23:51,72.71,12800,72.63,U
sz002409,雅克科技,2025-09-26 10:23:54,72.63,9300,72.71,D
sz002409,雅克科技,2025-09-26 10:24:00,72.65,3500,72.67,D
sz002409,雅克科技,2025-09-26 10:24:03,72.75,6000,72.65,E
sz002409,雅克科技,2025-09-26 10:24:06,72.82,9700,72.75,U
sz002409,雅克科技,2025-09-26 10:24:09,72.78,7000,72.82,E
sz002409,雅克科技,2025-09-26 10:24:12,72.83,15400,72.78,U
sz002409,雅克科技,2025-09-26 10:24:15,72.67,8500,72.83,D
sz002409,雅克科技,2025-09-26 10:24:18,72.98,5500,72.67,U
sz002409,雅克科技,2025-09-26 10:24:27,72.91,9000,72.93,E
sz002409,雅克科技,2025-09-26 10:24:30,72.93,4100,72.91,U
sz002409,雅克科技,2025-09-26 10:24:33,72.89,3000,72.93,E
sz002409,雅克科技,2025-09-26 10:24:36,72.88,4700,72.89,E
sz002409,雅克科技,2025-09-26 10:24:39,72.88,3400,72.88,U
sz002409,雅克科技,2025-09-26 10:24:42,72.89,7600,72.88,U
sz002409,雅克科技,2025-09-26 10:24:54,72.92,5000,72.94,D
sz002409,雅克科技,2025-09-26 10:25:03,73.0,22100,72.94,U
sz002409,雅克科技,2025-09-26 10:25:06,73.01,31900,73.0,U
sz002409,雅克科技,2025-09-26 10:25:21,73.0,30600,73.06,D
sz002409,雅克科技,2025-09-26 10:25:24,73.0,2900,73.0,U
sz002409,雅克科技,2025-09-26 10:25:39,73.12,3100,73.06,U
sz002409,雅克科技,2025-09-26 10:25:45,73.1,3400,73.1,D
sz002409,雅克科技,2025-09-26 10:25:48,73.01,14700,73.1,D
sz002409,雅克科技,2025-09-26 10:25:51,72.97,11400,73.01,D
sz002409,雅克科技,2025-09-26 10:25:54,72.95,6300,72.97,D
sz002409,雅克科技,2025-09-26 10:25:57,72.95,3200,72.95,D
sz002409,雅克科技,2025-09-26 10:26:00,72.9,9300,72.95,D
sz002409,雅克科技,2025-09-26 10:26:03,72.89,8800,72.9,D
sz002409,雅克科技,2025-09-26 10:26:06,72.83,5000,72.89,D
sz002409,雅克科技,2025-09-26 10:26:12,72.82,3100,72.81,U
sz002409,雅克科技,2025-09-26 10:26:18,72.82,43800,72.81,U
sz002409,雅克科技,2025-09-26 10:26:21,72.8,5200,72.82,D
sz002409,雅克科技,2025-09-26 10:26:24,72.82,45300,72.8,U
sz002409,雅克科技,2025-09-26 10:26:27,72.82,4200,72.82,D
sz002409,雅克科技,2025-09-26 10:26:33,72.81,4200,72.8,U
sz002409,雅克科技,2025-09-26 10:26:36,72.82,3000,72.81,U
sz002409,雅克科技,2025-09-26 10:26:42,72.82,2900,72.82,U
sz002409,雅克科技,2025-09-26 10:26:45,72.8,3300,72.82,D
sz002409,雅克科技,2025-09-26 10:26:48,72.82,46700,72.8,U
sz002409,雅克科技,2025-09-26 10:26:51,72.8,7000,72.82,E
sz002409,雅克科技,2025-09-26 10:26:54,72.82,3900,72.8,E
sz002409,雅克科技,2025-09-26 10:27:00,72.8,6100,72.8,D
sz002409,雅克科技,2025-09-26 10:27:03,72.77,19200,72.8,D
sz002409,雅克科技,2025-09-26 10:27:06,72.75,13100,72.77,E
sz002409,雅克科技,2025-09-26 10:27:09,72.71,3800,72.75,D
sz002409,雅克科技,2025-09-26 10:27:12,72.82,2800,72.71,U
sz002409,雅克科技,2025-09-26 10:27:18,72.76,4400,72.78,D
sz002409,雅克科技,2025-09-26 10:27:21,72.87,5700,72.76,E
sz002409,雅克科技,2025-09-26 10:27:42,72.88,3600,72.86,U
sz002409,雅克科技,2025-09-26 10:27:45,72.87,3600,72.88,D
sz002409,雅克科技,2025-09-26 10:27:48,72.75,29000,72.87,D
sz002409,雅克科技,2025-09-26 10:27:51,72.79,5200,72.75,U
sz002409,雅克科技,2025-09-26 10:27:54,72.75,3900,72.79,E
sz002409,雅克科技,2025-09-26 10:27:57,72.75,12200,72.75,U
sz002409,雅克科技,2025-09-26 10:28:00,72.75,15000,72.75,U
sz002409,雅克科技,2025-09-26 10:28:03,72.75,12200,72.75,D
sz002409,雅克科技,2025-09-26 10:28:06,72.77,3400,72.75,E
sz002409,雅克科技,2025-09-26 10:28:09,72.8,7700,72.77,U
sz002409,雅克科技,2025-09-26 10:28:21,72.77,3400,72.79,D
sz002409,雅克科技,2025-09-26 10:28:24,72.75,21600,72.77,D
sz002409,雅克科技,2025-09-26 10:28:27,72.7,41400,72.75,D
sz002409,雅克科技,2025-09-26 10:28:30,72.69,3800,72.7,E
sz002409,雅克科技,2025-09-26 10:28:33,72.68,3100,72.69,D
sz002409,雅克科技,2025-09-26 10:28:36,72.66,5500,72.68,D
sz002409,雅克科技,2025-09-26 10:28:39,72.65,10400,72.66,D
sz002409,雅克科技,2025-09-26 10:28:45,72.63,12700,72.65,D
sz002409,雅克科技,2025-09-26 10:28:48,72.6,16400,72.63,D
sz002409,雅克科技,2025-09-26 10:28:51,72.58,4600,72.6,D
sz002409,雅克科技,2025-09-26 10:28:54,72.52,9200,72.58,D
sz002409,雅克科技,2025-09-26 10:28:57,72.53,46700,72.52,E
sz002409,雅克科技,2025-09-26 10:29:00,72.54,18800,72.53,U
sz002409,雅克科技,2025-09-26 10:29:03,72.54,20300,72.54,U
sz002409,雅克科技,2025-09-26 10:29:06,72.57,16700,72.54,U
sz002409,雅克科技,2025-09-26 10:29:09,72.71,13100,72.57,U
sz002409,雅克科技,2025-09-26 10:29:18,72.87,3000,72.76,U
sz002409,雅克科技,2025-09-26 10:29:27,72.85,2800,72.85,U
sz002409,雅克科技,2025-09-26 10:29:30,72.86,9800,72.85,U
sz002409,雅克科技,2025-09-26 10:29:33,72.85,8800,72.86,D
sz002409,雅克科技,2025-09-26 10:29:39,72.84,2900,72.84,E
sz002409,雅克科技,2025-09-26 10:29:42,72.85,9500,72.84,U
sz002409,雅克科技,2025-09-26 10:29:57,72.83,2800,72.81,U
sz002409,雅克科技,2025-09-26 10:30:00,72.84,7100,72.83,U
sz002409,雅克科技,2025-09-26 10:30:06,72.9,3500,72.9,U
sz002409,雅克科技,2025-09-26 10:30:09,72.89,5800,72.9,U
sz002409,雅克科技,2025-09-26 10:30:12,72.88,8600,72.89,D
sz002409,雅克科技,2025-09-26 10:30:30,72.83,5200,72.84,D
sz002409,雅克科技,2025-09-26 10:30:36,72.83,5600,72.83,U
sz002409,雅克科技,2025-09-26 10:30:39,72.86,3900,72.83,U
sz002409,雅克科技,2025-09-26 10:30:45,72.87,5000,72.87,U
sz002409,雅克科技,2025-09-26 10:31:00,72.99,16500,73.0,D
sz002409,雅克科技,2025-09-26 10:31:03,73.1,14600,72.99,U
sz002409,雅克科技,2025-09-26 10:31:06,73.1,3000,73.1,D
sz002409,雅克科技,2025-09-26 10:31:15,73.11,3400,73.11,D
sz002409,雅克科技,2025-09-26 10:31:21,73.13,3700,73.13,D
sz002409,雅克科技,2025-09-26 10:31:24,73.11,29800,73.13,D
sz002409,雅克科技,2025-09-26 10:31:27,73.11,8000,73.11,D
sz002409,雅克科技,2025-09-26 10:31:30,73.12,3800,73.11,E
sz002409,雅克科技,2025-09-26 10:31:33,73.14,3900,73.12,U
sz002409,雅克科技,2025-09-26 10:31:39,73.2,5700,73.14,U
sz002409,雅克科技,2025-09-26 10:31:57,73.2,11300,73.2,U
sz002409,雅克科技,2025-09-26 10:32:00,73.23,8400,73.2,U
sz002409,雅克科技,2025-09-26 10:32:12,73.2,7000,73.2,D
sz002409,雅克科技,2025-09-26 10:32:18,73.19,3100,73.2,E
sz002409,雅克科技,2025-09-26 10:32:21,73.12,20300,73.19,D
sz002409,雅克科技,2025-09-26 10:32:24,73.08,12700,73.12,D
sz002409,雅克科技,2025-09-26 10:32:30,73.15,4900,73.13,U
sz002409,雅克科技,2025-09-26 10:32:39,73.15,5700,73.13,U
sz002409,雅克科技,2025-09-26 10:32:42,73.13,3800,73.15,D
sz002409,雅克科技,2025-09-26 10:32:54,73.2,4400,73.17,U
sz002409,雅克科技,2025-09-26 10:32:57,73.23,12200,73.2,U
sz002409,雅克科技,2025-09-26 10:33:03,73.24,9300,73.24,U
sz002409,雅克科技,2025-09-26 10:33:12,73.34,13100,73.3,U
sz002409,雅克科技,2025-09-26 10:33:21,73.31,3100,73.39,D
sz002409,雅克科技,2025-09-26 10:33:27,73.31,3000,73.31,D
sz002409,雅克科技,2025-09-26 10:33:30,73.31,3100,73.31,D
sz002409,雅克科技,2025-09-26 10:33:48,73.27,4500,73.31,D
sz002409,雅克科技,2025-09-26 10:33:54,73.25,7200,73.29,D
sz002409,雅克科技,2025-09-26 10:33:57,73.27,3000,73.25,U
sz002409,雅克科技,2025-09-26 10:34:00,73.24,10700,73.27,D
sz002409,雅克科技,2025-09-26 10:34:15,73.3,8000,73.24,U
sz002409,雅克科技,2025-09-26 10:34:18,73.4,3800,73.3,U
sz002409,雅克科技,2025-09-26 10:34:24,73.39,3700,73.34,U
sz002409,雅克科技,2025-09-26 10:34:30,73.41,3100,73.4,U
sz002409,雅克科技,2025-09-26 10:34:36,73.42,3500,73.42,U
sz002409,雅克科技,2025-09-26 10:35:09,73.3,6300,73.32,E
sz002409,雅克科技,2025-09-26 10:35:21,73.29,6200,73.3,U
sz002409,雅克科技,2025-09-26 10:35:24,73.32,3500,73.29,U
sz002409,雅克科技,2025-09-26 10:35:27,73.28,7000,73.32,D
sz002409,雅克科技,2025-09-26 10:35:33,73.27,2800,73.26,U
sz002409,雅克科技,2025-09-26 10:35:45,73.3,6200,73.26,U
sz002409,雅克科技,2025-09-26 10:35:48,73.29,2800,73.3,D
sz002409,雅克科技,2025-09-26 10:35:51,73.2,5100,73.29,D
sz002409,雅克科技,2025-09-26 10:36:00,73.21,6100,73.18,U
sz002409,雅克科技,2025-09-26 10:36:18,73.15,8000,73.15,U
sz002409,雅克科技,2025-09-26 10:36:33,73.1,6300,73.12,D
sz002409,雅克科技,2025-09-26 10:37:03,73.0,5100,73.0,D
sz002409,雅克科技,2025-09-26 10:37:15,72.95,6500,72.95,U
sz002409,雅克科技,2025-09-26 10:37:21,72.95,11100,72.91,E
sz002409,雅克科技,2025-09-26 10:37:27,72.99,5700,73.0,E
sz002409,雅克科技,2025-09-26 10:37:39,72.98,3700,72.98,U
sz002409,雅克科技,2025-09-26 10:38:00,73.0,8600,72.99,U
sz002409,雅克科技,2025-09-26 10:38:06,72.98,6200,73.01,D
sz002409,雅克科技,2025-09-26 10:38:15,73.0,11700,73.0,U
sz002409,雅克科技,2025-09-26 10:38:18,73.0,6000,73.0,U
sz002409,雅克科技,2025-09-26 10:38:30,73.14,23800,73.0,U
sz002409,雅克科技,2025-09-26 10:38:36,73.28,3600,73.19,U
sz002409,雅克科技,2025-09-26 10:39:06,73.2,2900,73.19,U
sz002409,雅克科技,2025-09-26 10:39:24,73.38,3500,73.3,U
sz002409,雅克科技,2025-09-26 10:39:39,73.3,5300,73.3,D
sz002409,雅克科技,2025-09-26 10:40:03,73.33,5100,73.31,U
sz002409,雅克科技,2025-09-26 10:40:12,73.36,4500,73.33,U
sz002409,雅克科技,2025-09-26 10:40:18,73.36,3400,73.35,U
sz002409,雅克科技,2025-09-26 10:40:30,73.3,7100,73.34,D
sz002409,雅克科技,2025-09-26 10:41:03,73.27,4800,73.28,D
sz002409,雅克科技,2025-09-26 10:41:12,73.2,5700,73.21,D
sz002409,雅克科技,2025-09-26 10:41:27,73.28,12298,73.19,U
sz002409,雅克科技,2025-09-26 10:41:57,73.33,4500,73.33,U
sz002409,雅克科技,2025-09-26 10:42:12,73.29,3600,73.23,U
sz002409,雅克科技,2025-09-26 10:42:42,73.32,13300,73.25,U
sz002409,雅克科技,2025-09-26 10:43:12,73.21,4600,73.23,D
sz002409,雅克科技,2025-09-26 10:43:15,73.19,20400,73.21,D
sz002409,雅克科技,2025-09-26 10:43:24,73.11,5900,73.14,D
sz002409,雅克科技,2025-09-26 10:43:39,73.11,7000,73.06,U
sz002409,雅克科技,2025-09-26 10:43:42,73.19,14100,73.11,U
sz002409,雅克科技,2025-09-26 10:43:54,73.31,5800,73.18,U
sz002409,雅克科技,2025-09-26 10:44:00,73.11,13700,73.22,D
sz002409,雅克科技,2025-09-26 10:44:06,73.3,3000,73.13,U
sz002409,雅克科技,2025-09-26 10:44:30,73.31,7900,73.3,U
sz002409,雅克科技,2025-09-26 10:44:33,73.32,4500,73.31,U
sz002409,雅克科技,2025-09-26 10:45:15,73.31,123300,73.25,U
sz002409,雅克科技,2025-09-26 10:45:18,73.27,6400,73.31,D
sz002409,雅克科技,2025-09-26 10:45:30,73.38,13400,73.3,U
sz002409,雅克科技,2025-09-26 10:45:39,73.39,2900,73.39,D
sz002409,雅克科技,2025-09-26 10:45:42,73.4,3200,73.39,U
sz002409,雅克科技,2025-09-26 10:45:48,73.43,5300,73.43,U
sz002409,雅克科技,2025-09-26 10:45:57,73.5,4100,73.5,U
sz002409,雅克科技,2025-09-26 10:46:06,73.48,5900,73.57,D
sz002409,雅克科技,2025-09-26 10:46:15,73.51,5200,73.5,U
sz002409,雅克科技,2025-09-26 10:46:24,73.53,3200,73.52,D
sz002409,雅克科技,2025-09-26 10:46:30,73.57,4000,73.53,E
sz002409,雅克科技,2025-09-26 10:46:33,73.57,3400,73.57,D
sz002409,雅克科技,2025-09-26 10:46:57,73.58,4900,73.59,D
sz002409,雅克科技,2025-09-26 10:47:00,73.56,36100,73.58,D
sz002409,雅克科技,2025-09-26 10:47:06,73.56,3700,73.51,U
sz002409,雅克科技,2025-09-26 10:47:21,73.5,36900,73.57,D
sz002409,雅克科技,2025-09-26 10:47:24,73.49,9200,73.5,U
sz002409,雅克科技,2025-09-26 10:47:42,73.42,2900,73.42,D
sz002409,雅克科技,2025-09-26 10:47:45,73.43,14600,73.42,U
sz002409,雅克科技,2025-09-26 10:48:00,73.56,6900,73.56,U
sz002409,雅克科技,2025-09-26 10:48:30,73.6,3100,73.58,U
sz002409,雅克科技,2025-09-26 10:48:33,73.6,3900,73.6,U
sz002409,雅克科技,2025-09-26 10:48:54,73.7,6600,73.62,U
sz002409,雅克科技,2025-09-26 10:49:06,73.74,5100,73.76,D
sz002409,雅克科技,2025-09-26 10:49:09,73.7,11600,73.74,D
sz002409,雅克科技,2025-09-26 10:49:12,73.73,4300,73.7,D
sz002409,雅克科技,2025-09-26 10:49:18,73.8,7300,73.77,U
sz002409,雅克科技,2025-09-26 10:49:24,73.82,4900,73.83,U
sz002409,雅克科技,2025-09-26 10:49:27,73.78,2800,73.82,D
sz002409,雅克科技,2025-09-26 10:49:33,73.78,7500,73.78,U
sz002409,雅克科技,2025-09-26 10:49:39,73.78,2900,73.77,U
sz002409,雅克科技,2025-09-26 10:49:42,73.65,4600,73.78,D
sz002409,雅克科技,2025-09-26 10:49:54,73.82,3100,73.78,U
sz002409,雅克科技,2025-09-26 10:50:00,73.74,6100,73.83,D
sz002409,雅克科技,2025-09-26 10:50:03,73.78,3000,73.74,U
sz002409,雅克科技,2025-09-26 10:50:15,73.79,2800,73.79,U
sz002409,雅克科技,2025-09-26 10:50:18,73.8,5300,73.79,U
sz002409,雅克科技,2025-09-26 10:50:33,73.85,14100,73.85,U
sz002409,雅克科技,2025-09-26 10:50:45,73.88,11200,73.88,U
sz002409,雅克科技,2025-09-26 10:50:48,73.99,9800,73.88,U
sz002409,雅克科技,2025-09-26 10:50:51,74.0,19000,73.99,U
sz002409,雅克科技,2025-09-26 10:50:57,74.05,27200,74.02,E
sz002409,雅克科技,2025-09-26 10:51:00,74.11,4700,74.05,U
sz002409,雅克科技,2025-09-26 10:51:03,74.13,4600,74.11,U
sz002409,雅克科技,2025-09-26 10:51:06,74.15,9700,74.13,U
sz002409,雅克科技,2025-09-26 10:51:09,74.14,5500,74.15,E
sz002409,雅克科技,2025-09-26 10:51:12,74.14,6600,74.14,U
sz002409,雅克科技,2025-09-26 10:51:15,74.13,2900,74.14,E
sz002409,雅克科技,2025-09-26 10:51:18,74.12,4000,74.13,E
sz002409,雅克科技,2025-09-26 10:51:21,74.06,4000,74.12,D
sz002409,雅克科技,2025-09-26 10:51:24,74.1,4400,74.06,U
sz002409,雅克科技,2025-09-26 10:51:30,74.07,5800,74.07,U
sz002409,雅克科技,2025-09-26 10:51:39,74.09,3500,74.08,U
sz002409,雅克科技,2025-09-26 10:51:45,74.07,10400,74.08,D
sz002409,雅克科技,2025-09-26 10:51:48,74.05,3700,74.07,D
sz002409,雅克科技,2025-09-26 10:51:51,74.09,22700,74.05,U
sz002409,雅克科技,2025-09-26 10:51:54,74.06,2900,74.09,U
sz002409,雅克科技,2025-09-26 10:52:00,74.12,3600,74.09,U
sz002409,雅克科技,2025-09-26 10:52:06,74.14,3300,74.13,U
sz002409,雅克科技,2025-09-26 10:52:12,74.15,3500,74.15,U
sz002409,雅克科技,2025-09-26 10:52:15,74.15,10800,74.15,U
sz002409,雅克科技,2025-09-26 10:52:18,74.06,8800,74.15,D
sz002409,雅克科技,2025-09-26 10:52:21,74.07,23100,74.06,U
sz002409,雅克科技,2025-09-26 10:52:24,74.14,2800,74.07,U
sz002409,雅克科技,2025-09-26 10:52:27,74.15,7000,74.14,U
sz002409,雅克科技,2025-09-26 10:52:30,74.16,15600,74.15,U
sz002409,雅克科技,2025-09-26 10:52:33,74.11,10600,74.16,D
sz002409,雅克科技,2025-09-26 10:52:36,74.11,5900,74.11,U
sz002409,雅克科技,2025-09-26 10:52:39,74.12,3100,74.11,U
sz002409,雅克科技,2025-09-26 10:52:42,74.11,3300,74.12,E
sz002409,雅克科技,2025-09-26 10:52:45,74.12,7100,74.11,U
sz002409,雅克科技,2025-09-26 10:52:48,74.13,51300,74.12,U
sz002409,雅克科技,2025-09-26 10:52:54,74.17,9902,74.15,U
sz002409,雅克科技,2025-09-26 10:52:57,74.18,6498,74.17,U
sz002409,雅克科技,2025-09-26 10:53:00,74.11,5800,74.18,E
sz002409,雅克科技,2025-09-26 10:53:03,74.07,22200,74.11,D
sz002409,雅克科技,2025-09-26 10:53:06,74.01,4700,74.07,E
sz002409,雅克科技,2025-09-26 10:53:09,73.94,25100,74.01,D
sz002409,雅克科技,2025-09-26 10:53:12,73.95,7800,73.94,U
sz002409,雅克科技,2025-09-26 10:53:15,73.92,4400,73.95,E
sz002409,雅克科技,2025-09-26 10:53:21,73.9,8100,73.94,D
sz002409,雅克科技,2025-09-26 10:53:24,73.8,5500,73.9,D
sz002409,雅克科技,2025-09-26 10:53:36,73.67,5100,73.71,D
sz002409,雅克科技,2025-09-26 10:53:42,73.78,23800,73.71,U
sz002409,雅克科技,2025-09-26 10:53:45,73.77,6100,73.78,E
sz002409,雅克科技,2025-09-26 10:53:48,73.79,74700,73.77,U
sz002409,雅克科技,2025-09-26 10:53:51,73.68,17300,73.79,D
sz002409,雅克科技,2025-09-26 10:54:06,73.65,2800,73.65,U
sz002409,雅克科技,2025-09-26 10:54:12,73.51,8000,73.58,D
sz002409,雅克科技,2025-09-26 10:54:15,73.66,30400,73.51,U
sz002409,雅克科技,2025-09-26 10:54:27,73.76,9200,73.66,U
sz002409,雅克科技,2025-09-26 10:54:30,73.76,11600,73.76,D
sz002409,雅克科技,2025-09-26 10:54:33,73.68,3600,73.76,D
sz002409,雅克科技,2025-09-26 10:54:39,73.78,3400,73.73,U
sz002409,雅克科技,2025-09-26 10:54:42,73.78,14200,73.78,U
sz002409,雅克科技,2025-09-26 10:55:24,73.56,11100,73.58,E
sz002409,雅克科技,2025-09-26 10:55:27,73.54,4900,73.56,E
sz002409,雅克科技,2025-09-26 10:55:39,73.49,9700,73.49,U
sz002409,雅克科技,2025-09-26 10:55:42,73.46,3200,73.49,D
sz002409,雅克科技,2025-09-26 10:56:03,73.47,3600,73.46,U
sz002409,雅克科技,2025-09-26 10:56:24,73.45,3100,73.45,U
sz002409,雅克科技,2025-09-26 10:56:42,73.4,3600,73.46,D
sz002409,雅克科技,2025-09-26 10:57:12,73.46,4900,73.39,U
sz002409,雅克科技,2025-09-26 10:57:15,73.5,18900,73.46,U
sz002409,雅克科技,2025-09-26 10:58:03,73.6,10700,73.6,D
sz002409,雅克科技,2025-09-26 10:59:12,73.78,3800,73.72,U
sz002409,雅克科技,2025-09-26 11:00:18,73.61,6400,73.61,D
sz002409,雅克科技,2025-09-26 11:00:33,73.78,6400,73.67,U
sz002409,雅克科技,2025-09-26 11:01:09,73.75,3000,73.75,U
sz002409,雅克科技,2025-09-26 11:01:45,73.73,7700,73.77,D
sz002409,雅克科技,2025-09-26 11:02:24,73.82,3400,73.82,D
sz002409,雅克科技,2025-09-26 11:03:06,73.72,31000,73.82,D
sz002409,雅克科技,2025-09-26 11:03:12,73.72,5000,73.72,D
sz002409,雅克科技,2025-09-26 11:03:21,73.68,4000,73.72,D
sz002409,雅克科技,2025-09-26 11:03:33,73.67,3000,73.7,D
sz002409,雅克科技,2025-09-26 11:04:03,74.05,51600,73.72,U
sz002409,雅克科技,2025-09-26 11:04:21,73.91,5000,73.97,E
sz002409,雅克科技,2025-09-26 11:04:27,73.92,4100,73.91,U
sz002409,雅克科技,2025-09-26 11:04:42,73.77,4900,73.84,D
sz002409,雅克科技,2025-09-26 11:05:06,73.72,5400,73.79,D
sz002409,雅克科技,2025-09-26 11:05:15,73.79,5300,73.79,U
sz002409,雅克科技,2025-09-26 11:05:24,73.72,4900,73.78,D
sz002409,雅克科技,2025-09-26 11:05:45,73.73,9400,73.72,U
sz002409,雅克科技,2025-09-26 11:05:48,73.73,4300,73.73,U
sz002409,雅克科技,2025-09-26 11:06:00,73.53,21500,73.7,D
sz002409,雅克科技,2025-09-26 11:06:12,73.4,4600,73.5,D
sz002409,雅克科技,2025-09-26 11:06:39,73.49,21200,73.54,D
sz002409,雅克科技,2025-09-26 11:06:51,73.49,3000,73.41,U
sz002409,雅克科技,2025-09-26 11:07:21,73.4,25100,73.43,D
sz002409,雅克科技,2025-09-26 11:07:24,73.4,12200,73.4,D
sz002409,雅克科技,2025-09-26 11:07:36,73.29,6600,73.3,D
sz002409,雅克科技,2025-09-26 11:07:42,73.28,3900,73.28,U
sz002409,雅克科技,2025-09-26 11:07:57,73.13,3700,73.21,D
sz002409,雅克科技,2025-09-26 11:08:03,73.13,4700,73.13,D
sz002409,雅克科技,2025-09-26 11:08:06,73.12,3200,73.13,D
sz002409,雅克科技,2025-09-26 11:08:09,73.21,7900,73.12,U
sz002409,雅克科技,2025-09-26 11:08:12,73.19,11700,73.21,D
sz002409,雅克科技,2025-09-26 11:08:33,73.2,3100,73.19,E
sz002409,雅克科技,2025-09-26 11:08:48,73.13,16500,73.13,U
sz002409,雅克科技,2025-09-26 11:08:54,73.13,9700,73.12,D
sz002409,雅克科技,2025-09-26 11:09:00,73.12,5702,73.19,D
sz002409,雅克科技,2025-09-26 11:09:15,73.12,3500,73.1,E
sz002409,雅克科技,2025-09-26 11:09:18,73.16,5400,73.12,U
sz002409,雅克科技,2025-09-26 11:09:24,73.2,3800,73.17,U
sz002409,雅克科技,2025-09-26 11:09:33,73.2,3800,73.14,U
sz002409,雅克科技,2025-09-26 11:09:36,73.26,5600,73.2,U
sz002409,雅克科技,2025-09-26 11:09:39,73.15,5002,73.26,E
sz002409,雅克科技,2025-09-26 11:09:48,73.2,3200,73.18,U
sz002409,雅克科技,2025-09-26 11:09:51,73.2,8900,73.2,U
sz002409,雅克科技,2025-09-26 11:09:54,73.16,20400,73.2,D
sz002409,雅克科技,2025-09-26 11:10:09,73.19,14400,73.17,U
sz002409,雅克科技,2025-09-26 11:10:45,73.12,6400,73.12,U
sz002409,雅克科技,2025-09-26 11:10:51,73.12,2800,73.11,U
sz002409,雅克科技,2025-09-26 11:10:54,73.13,5300,73.12,U
sz002409,雅克科技,2025-09-26 11:11:12,73.15,10800,73.13,E
sz002409,雅克科技,2025-09-26 11:11:15,73.13,4900,73.15,D
sz002409,雅克科技,2025-09-26 11:11:21,73.11,3600,73.11,D
sz002409,雅克科技,2025-09-26 11:11:24,73.1,15400,73.11,D
sz002409,雅克科技,2025-09-26 11:11:33,73.1,6700,73.1,D
sz002409,雅克科技,2025-09-26 11:11:51,73.1,2900,73.1,D
sz002409,雅克科技,2025-09-26 11:12:03,73.08,8800,73.1,D
sz002409,雅克科技,2025-09-26 11:12:21,73.0,3100,73.01,D
sz002409,雅克科技,2025-09-26 11:12:27,73.0,8300,73.01,D
sz002409,雅克科技,2025-09-26 11:12:36,72.95,40800,73.0,D
sz002409,雅克科技,2025-09-26 11:12:39,72.89,3500,72.95,D
sz002409,雅克科技,2025-09-26 11:12:45,72.93,5400,72.93,U
sz002409,雅克科技,2025-09-26 11:13:03,72.95,4800,72.93,U
sz002409,雅克科技,2025-09-26 11:13:06,72.93,7300,72.95,D
sz002409,雅克科技,2025-09-26 11:13:18,72.94,5900,72.93,E
sz002409,雅克科技,2025-09-26 11:13:27,72.98,4700,72.97,U
sz002409,雅克科技,2025-09-26 11:13:42,73.0,25500,72.95,U
sz002409,雅克科技,2025-09-26 11:13:51,73.0,6300,73.0,D
sz002409,雅克科技,2025-09-26 11:13:54,73.01,13900,73.0,U
sz002409,雅克科技,2025-09-26 11:14:03,72.94,10500,73.0,D
sz002409,雅克科技,2025-09-26 11:14:15,72.9,4000,72.9,U
sz002409,雅克科技,2025-09-26 11:14:18,72.91,3600,72.9,U
sz002409,雅克科技,2025-09-26 11:14:21,72.9,5100,72.91,D
sz002409,雅克科技,2025-09-26 11:14:30,72.94,11200,72.88,U
sz002409,雅克科技,2025-09-26 11:14:39,72.98,4900,72.94,U
sz002409,雅克科技,2025-09-26 11:14:45,73.07,3800,72.98,U
sz002409,雅克科技,2025-09-26 11:14:48,73.1,3400,73.07,U
sz002409,雅克科技,2025-09-26 11:16:33,73.01,5200,73.03,D
sz002409,雅克科技,2025-09-26 11:16:45,73.01,4200,73.03,D
sz002409,雅克科技,2025-09-26 11:16:48,72.99,6600,73.01,D
sz002409,雅克科技,2025-09-26 11:16:51,73.01,6300,72.99,U
sz002409,雅克科技,2025-09-26 11:17:06,72.97,6300,72.98,D
sz002409,雅克科技,2025-09-26 11:17:27,72.96,3200,72.98,D
sz002409,雅克科技,2025-09-26 11:18:00,72.91,4200,72.92,D
sz002409,雅克科技,2025-09-26 11:18:42,72.89,6800,72.92,D
sz002409,雅克科技,2025-09-26 11:18:48,72.84,11600,72.89,D
sz002409,雅克科技,2025-09-26 11:19:09,72.82,3200,72.81,U
sz002409,雅克科技,2025-09-26 11:19:21,72.8,16300,72.8,D
sz002409,雅克科技,2025-09-26 11:19:48,72.82,9100,72.79,U
sz002409,雅克科技,2025-09-26 11:19:51,72.84,2900,72.82,U
sz002409,雅克科技,2025-09-26 11:20:24,72.91,7500,72.9,U
sz002409,雅克科技,2025-09-26 11:20:54,72.88,9600,72.93,D
sz002409,雅克科技,2025-09-26 11:21:24,72.83,5000,72.84,D
sz002409,雅克科技,2025-09-26 11:23:03,72.74,26600,72.82,D
sz002409,雅克科技,2025-09-26 11:23:12,72.7,3700,72.73,D
sz002409,雅克科技,2025-09-26 11:23:18,72.7,3400,72.72,D
sz002409,雅克科技,2025-09-26 11:23:21,72.68,7600,72.7,D
sz002409,雅克科技,2025-09-26 11:23:48,72.71,3000,72.72,D
sz002409,雅克科技,2025-09-26 11:24:00,72.74,7600,72.71,E
sz002409,雅克科技,2025-09-26 11:24:15,72.69,10600,72.7,D
sz002409,雅克科技,2025-09-26 11:24:24,72.71,11000,72.68,U
sz002409,雅克科技,2025-09-26 11:24:30,72.66,3183,72.68,D
sz002409,雅克科技,2025-09-26 11:24:39,72.66,3700,72.65,D
sz002409,雅克科技,2025-09-26 11:24:42,72.66,12500,72.66,D
sz002409,雅克科技,2025-09-26 11:25:15,72.7,3800,72.71,D
sz002409,雅克科技,2025-09-26 11:25:21,72.69,4000,72.7,D
sz002409,雅克科技,2025-09-26 11:25:27,72.67,4000,72.69,D
sz002409,雅克科技,2025-09-26 11:25:42,72.67,5000,72.68,D
sz002409,雅克科技,2025-09-26 11:25:51,72.67,10400,72.67,D
sz002409,雅克科技,2025-09-26 11:25:57,72.63,3600,72.71,D
sz002409,雅克科技,2025-09-26 11:26:30,72.61,15800,72.72,D
sz002409,雅克科技,2025-09-26 11:26:39,72.7,6300,72.69,E
sz002409,雅克科技,2025-09-26 11:27:00,72.71,5000,72.78,D
sz002409,雅克科技,2025-09-26 11:27:45,72.79,3300,72.8,D
sz002409,雅克科技,2025-09-26 11:27:48,72.8,4600,72.79,U
sz002409,雅克科技,2025-09-26 11:27:51,72.79,2900,72.8,E
sz002409,雅克科技,2025-09-26 11:27:54,72.74,2800,72.79,D
sz002409,雅克科技,2025-09-26 11:28:36,72.8,5200,72.79,D
sz002409,雅克科技,2025-09-26 11:28:39,72.81,5000,72.8,U
sz002409,雅克科技,2025-09-26 11:29:09,72.78,8000,72.81,D
sz002409,雅克科技,2025-09-26 11:29:24,72.78,3200,72.82,D
sz002409,雅克科技,2025-09-26 13:00:00,72.78,43400,72.79,D
sz002409,雅克科技,2025-09-26 13:00:03,72.78,13300,72.78,U
sz002409,雅克科技,2025-09-26 13:00:09,72.68,53600,72.76,D
sz002409,雅克科技,2025-09-26 13:00:12,72.68,14000,72.68,D
sz002409,雅克科技,2025-09-26 13:00:15,72.72,3800,72.68,U
sz002409,雅克科技,2025-09-26 13:00:30,72.64,7100,72.68,D
sz002409,雅克科技,2025-09-26 13:00:39,72.61,2900,72.61,D
sz002409,雅克科技,2025-09-26 13:00:48,72.67,4900,72.64,U
sz002409,雅克科技,2025-09-26 13:00:51,72.63,3300,72.67,D
sz002409,雅克科技,2025-09-26 13:01:03,72.67,4900,72.63,U
sz002409,雅克科技,2025-09-26 13:01:27,72.59,11200,72.63,D
sz002409,雅克科技,2025-09-26 13:01:30,72.54,16700,72.59,D
sz002409,雅克科技,2025-09-26 13:01:33,72.53,4400,72.54,D
sz002409,雅克科技,2025-09-26 13:02:00,72.66,4700,72.55,U
sz002409,雅克科技,2025-09-26 13:02:03,72.52,5000,72.66,D
sz002409,雅克科技,2025-09-26 13:02:33,72.59,3000,72.59,D
sz002409,雅克科技,2025-09-26 13:02:51,72.59,2900,72.67,D
sz002409,雅克科技,2025-09-26 13:03:00,72.77,17600,72.67,U
sz002409,雅克科技,2025-09-26 13:03:24,72.76,2900,72.71,U
sz002409,雅克科技,2025-09-26 13:03:33,72.73,4000,72.73,E
sz002409,雅克科技,2025-09-26 13:03:36,72.72,3900,72.73,D
sz002409,雅克科技,2025-09-26 13:03:57,72.72,13600,72.76,D
sz002409,雅克科技,2025-09-26 13:05:03,72.63,6000,72.61,U
sz002409,雅克科技,2025-09-26 13:05:45,72.65,15300,72.6,U
sz002409,雅克科技,2025-09-26 13:05:57,72.65,4200,72.68,D
sz002409,雅克科技,2025-09-26 13:06:00,72.62,6400,72.65,D
sz002409,雅克科技,2025-09-26 13:06:12,72.6,8600,72.61,D
sz002409,雅克科技,2025-09-26 13:06:15,72.6,12000,72.6,U
sz002409,雅克科技,2025-09-26 13:06:27,72.67,3000,72.66,U
sz002409,雅克科技,2025-09-26 13:07:33,72.66,11800,72.66,D
sz002409,雅克科技,2025-09-26 13:08:24,72.73,13200,72.68,D
sz002409,雅克科技,2025-09-26 13:08:48,72.68,3200,72.74,D
sz002409,雅克科技,2025-09-26 13:09:21,72.68,6900,72.65,U
sz002409,雅克科技,2025-09-26 13:09:36,72.65,3200,72.66,D
sz002409,雅克科技,2025-09-26 13:09:51,72.71,3200,72.65,U
sz002409,雅克科技,2025-09-26 13:10:00,72.59,3200,72.66,D
sz002409,雅克科技,2025-09-26 13:10:15,72.64,7200,72.59,U
sz002409,雅克科技,2025-09-26 13:10:18,72.66,6900,72.64,U
sz002409,雅克科技,2025-09-26 13:10:42,72.64,6300,72.67,D
sz002409,雅克科技,2025-09-26 13:10:51,72.63,4100,72.64,D
sz002409,雅克科技,2025-09-26 13:11:03,72.59,5600,72.64,D
sz002409,雅克科技,2025-09-26 13:11:42,72.65,14400,72.65,U
sz002409,雅克科技,2025-09-26 13:12:03,72.66,4000,72.65,U
sz002409,雅克科技,2025-09-26 13:12:21,72.69,2800,72.67,U
sz002409,雅克科技,2025-09-26 13:13:06,72.79,6800,72.74,U
sz002409,雅克科技,2025-09-26 13:13:12,72.71,4800,72.75,D
sz002409,雅克科技,2025-09-26 13:13:18,72.7,4900,72.71,D
sz002409,雅克科技,2025-09-26 13:13:21,72.73,6800,72.7,U
sz002409,雅克科技,2025-09-26 13:13:24,72.73,3100,72.73,D
sz002409,雅克科技,2025-09-26 13:14:00,72.68,6800,72.73,D
sz002409,雅克科技,2025-09-26 13:14:12,72.68,3500,72.68,D
sz002409,雅克科技,2025-09-26 13:15:18,72.83,3900,72.83,D
sz002409,雅克科技,2025-09-26 13:15:21,72.86,11000,72.83,U
sz002409,雅克科技,2025-09-26 13:15:45,72.95,3700,72.87,U
sz002409,雅克科技,2025-09-26 13:15:54,72.89,3300,72.94,E
sz002409,雅克科技,2025-09-26 13:16:15,73.0,4700,73.0,U
sz002409,雅克科技,2025-09-26 13:16:18,73.0,11200,73.0,U
sz002409,雅克科技,2025-09-26 13:16:24,73.02,3200,73.05,D
sz002409,雅克科技,2025-09-26 13:16:27,73.0,4500,73.02,D
sz002409,雅克科技,2025-09-26 13:16:30,73.0,5200,73.0,U
sz002409,雅克科技,2025-09-26 13:16:36,73.07,2800,73.02,U
sz002409,雅克科技,2025-09-26 13:16:48,73.03,3000,73.07,D
sz002409,雅克科技,2025-09-26 13:17:03,73.02,6800,73.03,D
sz002409,雅克科技,2025-09-26 13:17:06,72.99,5300,73.02,D
sz002409,雅克科技,2025-09-26 13:17:09,73.0,3000,72.99,U
sz002409,雅克科技,2025-09-26 13:17:21,73.05,3100,73.0,U
sz002409,雅克科技,2025-09-26 13:17:27,73.1,6100,73.05,U
sz002409,雅克科技,2025-09-26 13:17:39,73.1,4600,73.15,D
sz002409,雅克科技,2025-09-26 13:17:42,73.15,4400,73.1,U
sz002409,雅克科技,2025-09-26 13:18:06,73.03,9600,73.06,D
sz002409,雅克科技,2025-09-26 13:18:18,73.04,3500,73.09,E
sz002409,雅克科技,2025-09-26 13:18:24,73.0,3900,73.0,U
sz002409,雅克科技,2025-09-26 13:18:36,72.91,3200,73.01,D
sz002409,雅克科技,2025-09-26 13:19:45,72.83,3600,72.84,D
sz002409,雅克科技,2025-09-26 13:20:09,72.82,6200,72.82,D
sz002409,雅克科技,2025-09-26 13:20:42,72.83,6800,72.85,E
sz002409,雅克科技,2025-09-26 13:20:48,72.82,5000,72.85,D
sz002409,雅克科技,2025-09-26 13:21:06,73.02,19400,72.92,U
sz002409,雅克科技,2025-09-26 13:21:54,73.01,3000,73.0,E
sz002409,雅克科技,2025-09-26 13:22:03,72.95,2800,73.0,D
sz002409,雅克科技,2025-09-26 13:22:18,72.95,2900,72.95,D
sz002409,雅克科技,2025-09-26 13:22:24,72.91,5700,72.9,U
sz002409,雅克科技,2025-09-26 13:22:57,72.85,5900,72.85,U
sz002409,雅克科技,2025-09-26 13:23:03,72.91,3000,72.88,U
sz002409,雅克科技,2025-09-26 13:24:12,72.96,12400,72.99,D
sz002409,雅克科技,2025-09-26 13:24:15,73.0,9400,72.96,U
sz002409,雅克科技,2025-09-26 13:24:24,73.09,38300,72.99,U
sz002409,雅克科技,2025-09-26 13:24:36,73.0,6800,73.04,D
sz002409,雅克科技,2025-09-26 13:24:42,72.94,3100,73.0,D
sz002409,雅克科技,2025-09-26 13:25:33,72.97,5200,72.87,U
sz002409,雅克科技,2025-09-26 13:25:48,72.99,5900,72.93,U
sz002409,雅克科技,2025-09-26 13:26:30,72.85,4300,72.86,D
sz002409,雅克科技,2025-09-26 13:26:33,72.82,3100,72.85,D
sz002409,雅克科技,2025-09-26 13:26:36,72.8,12200,72.82,D
sz002409,雅克科技,2025-09-26 13:26:45,72.8,5400,72.8,D
sz002409,雅克科技,2025-09-26 13:27:09,72.8,2900,72.81,D
sz002409,雅克科技,2025-09-26 13:28:24,72.96,3200,72.96,U
sz002409,雅克科技,2025-09-26 13:28:30,72.96,6700,72.91,E
sz002409,雅克科技,2025-09-26 13:29:15,72.89,9800,72.87,U
sz002409,雅克科技,2025-09-26 13:29:21,72.96,30100,72.88,U
sz002409,雅克科技,2025-09-26 13:29:48,72.97,4400,72.98,D
sz002409,雅克科技,2025-09-26 13:30:24,72.91,7000,72.95,D
sz002409,雅克科技,2025-09-26 13:30:45,72.85,2800,72.87,D
sz002409,雅克科技,2025-09-26 13:30:48,72.84,4200,72.85,D
sz002409,雅克科技,2025-09-26 13:30:51,72.79,12200,72.84,D
sz002409,雅克科技,2025-09-26 13:31:03,72.72,9700,72.75,D
sz002409,雅克科技,2025-09-26 13:31:15,72.72,2800,72.74,D
sz002409,雅克科技,2025-09-26 13:31:36,72.71,3400,72.71,U
sz002409,雅克科技,2025-09-26 13:31:42,72.71,8700,72.71,U
sz002409,雅克科技,2025-09-26 13:31:54,72.66,3300,72.66,D
sz002409,雅克科技,2025-09-26 13:32:03,72.65,4000,72.67,D
sz002409,雅克科技,2025-09-26 13:32:06,72.65,10600,72.65,D
sz002409,雅克科技,2025-09-26 13:32:12,72.64,4200,72.65,D
sz002409,雅克科技,2025-09-26 13:32:33,72.62,2800,72.62,D
sz002409,雅克科技,2025-09-26 13:32:51,72.6,5100,72.6,D
sz002409,雅克科技,2025-09-26 13:33:00,72.59,12300,72.6,E
sz002409,雅克科技,2025-09-26 13:33:09,72.65,2900,72.62,U
sz002409,雅克科技,2025-09-26 13:33:54,72.59,5800,72.6,D
sz002409,雅克科技,2025-09-26 13:34:00,72.53,19600,72.59,D
sz002409,雅克科技,2025-09-26 13:34:03,72.52,7700,72.53,D
sz002409,雅克科技,2025-09-26 13:34:09,72.5,5100,72.51,D
sz002409,雅克科技,2025-09-26 13:34:12,72.5,7900,72.5,D
sz002409,雅克科技,2025-09-26 13:34:18,72.51,17600,72.51,U
sz002409,雅克科技,2025-09-26 13:34:21,72.59,13300,72.51,U
sz002409,雅克科技,2025-09-26 13:34:42,72.54,11400,72.56,D
sz002409,雅克科技,2025-09-26 13:34:45,72.54,22500,72.54,U
sz002409,雅克科技,2025-09-26 13:35:15,72.57,33900,72.54,U
sz002409,雅克科技,2025-09-26 13:35:21,72.55,4700,72.59,D
sz002409,雅克科技,2025-09-26 13:36:39,72.53,4900,72.55,D
sz002409,雅克科技,2025-09-26 13:36:54,72.53,4800,72.52,U
sz002409,雅克科技,2025-09-26 13:37:12,72.52,4100,72.52,D
sz002409,雅克科技,2025-09-26 13:37:24,72.5,6200,72.51,D
sz002409,雅克科技,2025-09-26 13:37:30,72.49,12900,72.5,D
sz002409,雅克科技,2025-09-26 13:37:39,72.52,19400,72.5,U
sz002409,雅克科技,2025-09-26 13:37:42,72.6,5600,72.52,U
sz002409,雅克科技,2025-09-26 13:38:06,72.58,5500,72.57,U
sz002409,雅克科技,2025-09-26 13:38:24,72.59,3200,72.6,D
sz002409,雅克科技,2025-09-26 13:38:30,72.61,4600,72.6,U
sz002409,雅克科技,2025-09-26 13:38:33,72.6,12200,72.61,D
sz002409,雅克科技,2025-09-26 13:39:03,72.58,5100,72.6,D
sz002409,雅克科技,2025-09-26 13:40:03,72.58,4000,72.61,D
sz002409,雅克科技,2025-09-26 13:40:45,72.59,4600,72.58,U
sz002409,雅克科技,2025-09-26 13:40:48,72.63,3800,72.59,U
sz002409,雅克科技,2025-09-26 13:40:54,72.62,3600,72.66,D
sz002409,雅克科技,2025-09-26 13:41:00,72.59,3200,72.65,D
sz002409,雅克科技,2025-09-26 13:41:39,72.65,5900,72.65,U
sz002409,雅克科技,2025-09-26 13:41:48,72.65,4100,72.65,U
sz002409,雅克科技,2025-09-26 13:41:57,72.64,2900,72.64,U
sz002409,雅克科技,2025-09-26 13:42:48,72.77,5100,72.75,U
sz002409,雅克科技,2025-09-26 13:42:51,72.79,3200,72.77,U
sz002409,雅克科技,2025-09-26 13:42:57,72.78,4600,72.75,E
sz002409,雅克科技,2025-09-26 13:43:03,72.78,3200,72.78,U
sz002409,雅克科技,2025-09-26 13:43:36,72.76,2900,72.75,U
sz002409,雅克科技,2025-09-26 13:44:48,72.71,3200,72.74,E
sz002409,雅克科技,2025-09-26 13:44:54,72.73,2800,72.75,D
sz002409,雅克科技,2025-09-26 13:45:06,72.68,5000,72.73,D
sz002409,雅克科技,2025-09-26 13:46:18,72.71,8500,72.68,U
sz002409,雅克科技,2025-09-26 13:46:21,72.7,4700,72.71,D
sz002409,雅克科技,2025-09-26 13:46:27,72.76,3000,72.76,U
sz002409,雅克科技,2025-09-26 13:46:30,72.76,4300,72.76,U
sz002409,雅克科技,2025-09-26 13:46:39,72.79,2900,72.79,U
sz002409,雅克科技,2025-09-26 13:47:12,72.77,6700,72.77,U
sz002409,雅克科技,2025-09-26 13:47:21,72.88,3300,72.84,U
sz002409,雅克科技,2025-09-26 13:47:24,72.9,6000,72.88,U
sz002409,雅克科技,2025-09-26 13:47:27,72.94,13700,72.9,U
sz002409,雅克科技,2025-09-26 13:47:33,72.97,8300,72.97,U
sz002409,雅克科技,2025-09-26 13:47:36,72.98,3200,72.97,U
sz002409,雅克科技,2025-09-26 13:47:42,72.91,6600,72.98,D
sz002409,雅克科技,2025-09-26 13:47:48,72.88,2800,72.93,D
sz002409,雅克科技,2025-09-26 13:47:51,72.95,4500,72.88,U
sz002409,雅克科技,2025-09-26 13:48:00,73.06,37200,72.96,U
sz002409,雅克科技,2025-09-26 13:48:03,73.06,10000,73.06,U
sz002409,雅克科技,2025-09-26 13:48:06,73.06,7400,73.06,U
sz002409,雅克科技,2025-09-26 13:48:12,73.05,4100,73.05,U
sz002409,雅克科技,2025-09-26 13:48:15,73.06,3300,73.05,U
sz002409,雅克科技,2025-09-26 13:48:18,73.06,3900,73.06,U
sz002409,雅克科技,2025-09-26 13:48:30,73.04,5800,73.03,E
sz002409,雅克科技,2025-09-26 13:48:36,73.01,3100,73.01,U
sz002409,雅克科技,2025-09-26 13:48:42,73.05,6000,73.0,U
sz002409,雅克科技,2025-09-26 13:48:57,73.03,3500,73.06,E
sz002409,雅克科技,2025-09-26 13:49:15,73.04,4300,73.02,U
sz002409,雅克科技,2025-09-26 13:49:36,73.1,3500,73.05,U
sz002409,雅克科技,2025-09-26 13:49:42,73.14,8700,73.08,U
sz002409,雅克科技,2025-09-26 13:49:48,73.15,4500,73.15,U
sz002409,雅克科技,2025-09-26 13:49:51,73.15,31300,73.15,U
sz002409,雅克科技,2025-09-26 13:49:57,73.18,4000,73.16,U
sz002409,雅克科技,2025-09-26 13:50:03,73.17,13600,73.2,D
sz002409,雅克科技,2025-09-26 13:50:09,73.17,3300,73.17,E
sz002409,雅克科技,2025-09-26 13:50:15,73.16,3900,73.19,E
sz002409,雅克科技,2025-09-26 13:51:00,73.03,3500,73.07,D
sz002409,雅克科技,2025-09-26 13:51:27,73.05,3500,73.09,D
sz002409,雅克科技,2025-09-26 13:51:39,73.06,3800,73.1,D
sz002409,雅克科技,2025-09-26 13:51:57,73.11,3000,73.12,D
sz002409,雅克科技,2025-09-26 13:52:03,73.12,3600,73.08,U
sz002409,雅克科技,2025-09-26 13:52:06,73.1,15100,73.12,D
sz002409,雅克科技,2025-09-26 13:52:09,73.03,4800,73.1,D
sz002409,雅克科技,2025-09-26 13:52:12,73.01,7100,73.03,D
sz002409,雅克科技,2025-09-26 13:52:24,72.97,32700,73.02,D
sz002409,雅克科技,2025-09-26 13:52:27,72.97,11100,72.97,D
sz002409,雅克科技,2025-09-26 13:52:45,73.0,6500,73.0,D
sz002409,雅克科技,2025-09-26 13:52:54,72.95,3800,72.95,U
sz002409,雅克科技,2025-09-26 13:53:03,72.9,11400,72.95,D
sz002409,雅克科技,2025-09-26 13:53:06,72.87,31300,72.9,D
sz002409,雅克科技,2025-09-26 13:53:18,72.8,2800,72.81,D
sz002409,雅克科技,2025-09-26 13:53:39,72.8,4100,72.8,U
sz002409,雅克科技,2025-09-26 13:54:03,72.76,4400,72.81,D
sz002409,雅克科技,2025-09-26 13:55:06,72.81,9200,72.79,U
sz002409,雅克科技,2025-09-26 13:55:09,72.78,7200,72.81,D
sz002409,雅克科技,2025-09-26 13:56:36,72.68,3000,72.7,D
sz002409,雅克科技,2025-09-26 13:57:12,72.64,6000,72.65,D
sz002409,雅克科技,2025-09-26 13:57:18,72.6,5300,72.61,D
sz002409,雅克科技,2025-09-26 13:57:27,72.55,3300,72.57,D
sz002409,雅克科技,2025-09-26 13:57:33,72.55,3100,72.55,D
sz002409,雅克科技,2025-09-26 13:57:51,72.54,3800,72.57,E
sz002409,雅克科技,2025-09-26 13:57:54,72.53,5200,72.54,D
sz002409,雅克科技,2025-09-26 13:57:57,72.53,4200,72.53,U
sz002409,雅克科技,2025-09-26 13:58:03,72.5,53600,72.51,D
sz002409,雅克科技,2025-09-26 13:58:06,72.5,8600,72.5,D
sz002409,雅克科技,2025-09-26 13:58:09,72.51,10700,72.5,U
sz002409,雅克科技,2025-09-26 13:58:15,72.5,12500,72.5,E
sz002409,雅克科技,2025-09-26 13:58:24,72.41,6900,72.42,D
sz002409,雅克科技,2025-09-26 13:58:27,72.4,4300,72.41,D
sz002409,雅克科技,2025-09-26 13:58:36,72.44,21800,72.36,U
sz002409,雅克科技,2025-09-26 13:58:39,72.49,38300,72.44,U
sz002409,雅克科技,2025-09-26 13:58:45,72.45,3700,72.45,U
sz002409,雅克科技,2025-09-26 13:58:48,72.45,4100,72.45,D
sz002409,雅克科技,2025-09-26 13:59:00,72.45,6200,72.45,D
sz002409,雅克科技,2025-09-26 13:59:03,72.54,8900,72.45,U
sz002409,雅克科技,2025-09-26 13:59:06,72.45,13400,72.54,D
sz002409,雅克科技,2025-09-26 13:59:09,72.45,9700,72.45,D
sz002409,雅克科技,2025-09-26 13:59:12,72.54,3100,72.45,E
sz002409,雅克科技,2025-09-26 13:59:27,72.46,7000,72.51,D
sz002409,雅克科技,2025-09-26 13:59:39,72.47,6000,72.51,E
sz002409,雅克科技,2025-09-26 13:59:57,72.47,6500,72.47,E
sz002409,雅克科技,2025-09-26 14:00:09,72.42,3100,72.47,D
sz002409,雅克科技,2025-09-26 14:00:18,72.48,11800,72.42,U
sz002409,雅克科技,2025-09-26 14:00:21,72.5,3600,72.48,U
sz002409,雅克科技,2025-09-26 14:00:24,72.51,4200,72.5,U
sz002409,雅克科技,2025-09-26 14:00:27,72.49,3900,72.51,D
sz002409,雅克科技,2025-09-26 14:01:06,72.46,6700,72.51,D
sz002409,雅克科技,2025-09-26 14:01:30,72.61,3100,72.61,D
sz002409,雅克科技,2025-09-26 14:02:18,72.76,10600,72.7,U
sz002409,雅克科技,2025-09-26 14:02:57,72.66,13600,72.66,D
sz002409,雅克科技,2025-09-26 14:03:06,72.64,5600,72.62,U
sz002409,雅克科技,2025-09-26 14:03:30,72.54,5500,72.5,E
sz002409,雅克科技,2025-09-26 14:04:12,72.52,2800,72.52,D
sz002409,雅克科技,2025-09-26 14:04:24,72.6,19600,72.51,U
sz002409,雅克科技,2025-09-26 14:04:39,72.61,8700,72.59,E
sz002409,雅克科技,2025-09-26 14:04:48,72.69,11000,72.66,U
sz002409,雅克科技,2025-09-26 14:04:51,72.7,3900,72.69,U
sz002409,雅克科技,2025-09-26 14:04:57,72.68,3400,72.7,D
sz002409,雅克科技,2025-09-26 14:05:18,72.6,3400,72.63,D
sz002409,雅克科技,2025-09-26 14:05:21,72.6,7000,72.6,D
sz002409,雅克科技,2025-09-26 14:05:45,72.52,3500,72.54,D
sz002409,雅克科技,2025-09-26 14:05:51,72.5,17300,72.52,D
sz002409,雅克科技,2025-09-26 14:07:06,72.48,3196,72.46,U
sz002409,雅克科技,2025-09-26 14:07:21,72.5,3700,72.47,U
sz002409,雅克科技,2025-09-26 14:07:33,72.46,9100,72.47,D
sz002409,雅克科技,2025-09-26 14:08:00,72.5,7100,72.46,U
sz002409,雅克科技,2025-09-26 14:08:03,72.6,5900,72.5,U
sz002409,雅克科技,2025-09-26 14:08:30,72.66,28400,72.64,U
sz002409,雅克科技,2025-09-26 14:08:45,72.66,4000,72.66,U
sz002409,雅克科技,2025-09-26 14:08:48,72.64,4100,72.66,D
sz002409,雅克科技,2025-09-26 14:09:03,72.56,3600,72.6,D
sz002409,雅克科技,2025-09-26 14:09:09,72.56,4648,72.55,U
sz002409,雅克科技,2025-09-26 14:09:12,72.51,3854,72.56,D
sz002409,雅克科技,2025-09-26 14:09:24,72.6,5452,72.52,U
sz002409,雅克科技,2025-09-26 14:09:57,72.63,19900,72.63,D
sz002409,雅克科技,2025-09-26 14:10:03,72.63,2900,72.55,U
sz002409,雅克科技,2025-09-26 14:11:48,72.53,3048,72.55,D
sz002409,雅克科技,2025-09-26 14:12:00,72.55,3600,72.53,U
sz002409,雅克科技,2025-09-26 14:12:03,72.63,13052,72.55,U
sz002409,雅克科技,2025-09-26 14:12:12,72.75,4900,72.68,U
sz002409,雅克科技,2025-09-26 14:13:21,72.61,10500,72.57,U
sz002409,雅克科技,2025-09-26 14:13:45,72.55,2800,72.57,D
sz002409,雅克科技,2025-09-26 14:13:57,72.53,5400,72.53,D
sz002409,雅克科技,2025-09-26 14:14:09,72.51,6100,72.53,D
sz002409,雅克科技,2025-09-26 14:14:30,72.46,3300,72.48,D
sz002409,雅克科技,2025-09-26 14:14:39,72.46,4500,72.46,U
sz002409,雅克科技,2025-09-26 14:14:57,72.41,4704,72.42,D
sz002409,雅克科技,2025-09-26 14:15:15,72.48,17996,72.41,U
sz002409,雅克科技,2025-09-26 14:15:18,72.49,7600,72.48,U
sz002409,雅克科技,2025-09-26 14:15:24,72.52,29000,72.5,U
sz002409,雅克科技,2025-09-26 14:15:30,72.52,4900,72.47,U
sz002409,雅克科技,2025-09-26 14:15:57,72.46,4300,72.46,U
sz002409,雅克科技,2025-09-26 14:16:00,72.45,7500,72.46,D
sz002409,雅克科技,2025-09-26 14:16:06,72.53,7400,72.52,U
sz002409,雅克科技,2025-09-26 14:16:18,72.58,7200,72.59,D
sz002409,雅克科技,2025-09-26 14:16:45,72.61,4500,72.61,D
sz002409,雅克科技,2025-09-26 14:17:15,72.57,4300,72.49,U
sz002409,雅克科技,2025-09-26 14:18:18,72.56,2800,72.52,U
sz002409,雅克科技,2025-09-26 14:18:21,72.52,3000,72.56,E
sz002409,雅克科技,2025-09-26 14:18:39,72.56,8000,72.59,D
sz002409,雅克科技,2025-09-26 14:18:48,72.63,15500,72.56,U
sz002409,雅克科技,2025-09-26 14:20:24,72.54,3500,72.55,D
sz002409,雅克科技,2025-09-26 14:20:27,72.6,2900,72.54,U
sz002409,雅克科技,2025-09-26 14:20:36,72.65,9800,72.54,U
sz002409,雅克科技,2025-09-26 14:20:42,72.6,4000,72.62,D
sz002409,雅克科技,2025-09-26 14:20:45,72.66,4600,72.6,U
sz002409,雅克科技,2025-09-26 14:21:00,72.72,3800,72.64,U
sz002409,雅克科技,2025-09-26 14:21:03,72.75,3100,72.72,U
sz002409,雅克科技,2025-09-26 14:21:51,72.72,3600,72.75,D
sz002409,雅克科技,2025-09-26 14:22:00,72.67,5700,72.71,D
sz002409,雅克科技,2025-09-26 14:22:06,72.69,7300,72.66,U
sz002409,雅克科技,2025-09-26 14:22:30,72.58,6200,72.63,D
sz002409,雅克科技,2025-09-26 14:22:42,72.56,8400,72.57,D
sz002409,雅克科技,2025-09-26 14:23:06,72.55,3100,72.56,D
sz002409,雅克科技,2025-09-26 14:23:09,72.56,3000,72.55,U
sz002409,雅克科技,2025-09-26 14:23:33,72.5,6800,72.53,D
sz002409,雅克科技,2025-09-26 14:23:57,72.48,9700,72.47,U
sz002409,雅克科技,2025-09-26 14:24:00,72.5,12000,72.48,U
sz002409,雅克科技,2025-09-26 14:24:21,72.48,3900,72.5,D
sz002409,雅克科技,2025-09-26 14:24:39,72.47,3100,72.47,U
sz002409,雅克科技,2025-09-26 14:24:42,72.43,5500,72.47,D
sz002409,雅克科技,2025-09-26 14:24:51,72.42,5100,72.43,D
sz002409,雅克科技,2025-09-26 14:24:54,72.4,3800,72.42,D
sz002409,雅克科技,2025-09-26 14:25:03,72.4,5600,72.41,D
sz002409,雅克科技,2025-09-26 14:25:12,72.4,8600,72.4,D
sz002409,雅克科技,2025-09-26 14:25:21,72.38,4800,72.4,D
sz002409,雅克科技,2025-09-26 14:25:33,72.37,3500,72.38,D
sz002409,雅克科技,2025-09-26 14:25:48,72.37,3500,72.38,D
sz002409,雅克科技,2025-09-26 14:26:06,72.36,3000,72.35,U
sz002409,雅克科技,2025-09-26 14:26:09,72.34,3600,72.36,D
sz002409,雅克科技,2025-09-26 14:26:21,72.33,4500,72.4,D
sz002409,雅克科技,2025-09-26 14:26:30,72.32,4400,72.33,D
sz002409,雅克科技,2025-09-26 14:26:36,72.3,15900,72.31,D
sz002409,雅克科技,2025-09-26 14:26:42,72.31,12100,72.3,U
sz002409,雅克科技,2025-09-26 14:26:48,72.3,8600,72.3,D
sz002409,雅克科技,2025-09-26 14:26:51,72.3,5100,72.3,U
sz002409,雅克科技,2025-09-26 14:26:57,72.28,7300,72.29,E
sz002409,雅克科技,2025-09-26 14:27:09,72.19,5100,72.22,D
sz002409,雅克科技,2025-09-26 14:27:12,72.18,4300,72.19,D
sz002409,雅克科技,2025-09-26 14:27:15,72.19,5600,72.18,E
sz002409,雅克科技,2025-09-26 14:27:18,72.19,20400,72.19,D
sz002409,雅克科技,2025-09-26 14:27:21,72.2,12200,72.19,E
sz002409,雅克科技,2025-09-26 14:27:24,72.15,5000,72.2,D
sz002409,雅克科技,2025-09-26 14:27:27,72.12,6200,72.15,D
sz002409,雅克科技,2025-09-26 14:27:30,72.13,7100,72.12,E
sz002409,雅克科技,2025-09-26 14:27:33,72.1,5100,72.13,D
sz002409,雅克科技,2025-09-26 14:27:36,72.13,8900,72.1,U
sz002409,雅克科技,2025-09-26 14:27:42,72.06,6100,72.08,D
sz002409,雅克科技,2025-09-26 14:27:45,72.06,5800,72.06,D
sz002409,雅克科技,2025-09-26 14:27:48,72.08,7500,72.06,E
sz002409,雅克科技,2025-09-26 14:27:51,72.06,3800,72.08,E
sz002409,雅克科技,2025-09-26 14:27:57,72.0,60200,72.05,D
sz002409,雅克科技,2025-09-26 14:28:00,72.04,62000,72.0,U
sz002409,雅克科技,2025-09-26 14:28:06,72.01,4600,71.99,U
sz002409,雅克科技,2025-09-26 14:28:09,71.99,25900,72.01,E
sz002409,雅克科技,2025-09-26 14:28:12,71.96,4300,71.99,D
sz002409,雅克科技,2025-09-26 14:28:15,72.0,23500,71.96,U
sz002409,雅克科技,2025-09-26 14:28:18,72.0,20900,72.0,D
sz002409,雅克科技,2025-09-26 14:28:21,72.01,13200,72.0,E
sz002409,雅克科技,2025-09-26 14:28:24,72.04,19500,72.01,U
sz002409,雅克科技,2025-09-26 14:28:36,72.01,6200,72.02,D
sz002409,雅克科技,2025-09-26 14:28:39,72.02,3000,72.01,E
sz002409,雅克科技,2025-09-26 14:28:42,72.05,2800,72.02,E
sz002409,雅克科技,2025-09-26 14:28:45,72.12,4000,72.05,U
sz002409,雅克科技,2025-09-26 14:28:48,72.23,9500,72.12,U
sz002409,雅克科技,2025-09-26 14:29:03,72.22,3800,72.22,D
sz002409,雅克科技,2025-09-26 14:29:15,72.32,5900,72.27,U
sz002409,雅克科技,2025-09-26 14:29:18,72.34,11300,72.32,U
sz002409,雅克科技,2025-09-26 14:29:21,72.29,4200,72.34,D
sz002409,雅克科技,2025-09-26 14:29:24,72.31,4700,72.29,E
sz002409,雅克科技,2025-09-26 14:29:27,72.3,3500,72.31,U
sz002409,雅克科技,2025-09-26 14:29:33,72.23,5500,72.28,D
sz002409,雅克科技,2025-09-26 14:29:36,72.26,6300,72.23,U
sz002409,雅克科技,2025-09-26 14:29:42,72.21,34000,72.22,D
sz002409,雅克科技,2025-09-26 14:29:54,72.15,3400,72.2,D
sz002409,雅克科技,2025-09-26 14:29:57,72.18,5600,72.15,E
sz002409,雅克科技,2025-09-26 14:30:09,72.13,4900,72.18,D
sz002409,雅克科技,2025-09-26 14:30:12,72.12,8000,72.13,D
sz002409,雅克科技,2025-09-26 14:30:18,72.12,17000,72.15,D
sz002409,雅克科技,2025-09-26 14:30:21,72.06,10400,72.12,D
sz002409,雅克科技,2025-09-26 14:30:24,72.12,5300,72.06,U
sz002409,雅克科技,2025-09-26 14:30:36,72.19,10400,72.15,U
sz002409,雅克科技,2025-09-26 14:30:39,72.2,9300,72.19,E
sz002409,雅克科技,2025-09-26 14:30:42,72.22,2900,72.2,U
sz002409,雅克科技,2025-09-26 14:30:48,72.2,3000,72.2,D
sz002409,雅克科技,2025-09-26 14:30:57,72.25,3000,72.2,U
sz002409,雅克科技,2025-09-26 14:31:00,72.21,3300,72.25,D
sz002409,雅克科技,2025-09-26 14:31:03,72.24,3800,72.21,D
sz002409,雅克科技,2025-09-26 14:31:06,72.27,9300,72.24,U
sz002409,雅克科技,2025-09-26 14:31:09,72.27,4700,72.27,E
sz002409,雅克科技,2025-09-26 14:31:12,72.24,9700,72.27,D
sz002409,雅克科技,2025-09-26 14:31:15,72.19,5100,72.24,D
sz002409,雅克科技,2025-09-26 14:31:18,72.16,6600,72.19,D
sz002409,雅克科技,2025-09-26 14:31:21,72.06,9600,72.16,D
sz002409,雅克科技,2025-09-26 14:31:27,72.18,152300,72.06,U
sz002409,雅克科技,2025-09-26 14:31:30,72.08,4400,72.18,E
sz002409,雅克科技,2025-09-26 14:31:39,72.15,10000,72.07,U
sz002409,雅克科技,2025-09-26 14:31:45,72.0,8600,72.06,D
sz002409,雅克科技,2025-09-26 14:31:51,72.06,7900,72.12,D
sz002409,雅克科技,2025-09-26 14:32:03,72.06,7100,72.06,D
sz002409,雅克科技,2025-09-26 14:32:06,72.07,10300,72.06,U
sz002409,雅克科技,2025-09-26 14:32:09,72.06,22200,72.07,D
sz002409,雅克科技,2025-09-26 14:32:12,72.07,22400,72.06,U
sz002409,雅克科技,2025-09-26 14:32:15,72.06,4800,72.07,D
sz002409,雅克科技,2025-09-26 14:32:18,72.06,3900,72.06,D
sz002409,雅克科技,2025-09-26 14:32:21,72.06,14400,72.06,D
sz002409,雅克科技,2025-09-26 14:32:24,72.06,4900,72.06,D
sz002409,雅克科技,2025-09-26 14:32:27,72.06,7300,72.06,D
sz002409,雅克科技,2025-09-26 14:32:33,72.06,8000,72.07,D
sz002409,雅克科技,2025-09-26 14:32:36,72.06,7500,72.06,D
sz002409,雅克科技,2025-09-26 14:32:39,72.06,20900,72.06,D
sz002409,雅克科技,2025-09-26 14:32:42,72.06,18800,72.06,D
sz002409,雅克科技,2025-09-26 14:32:45,71.98,21600,72.06,D
sz002409,雅克科技,2025-09-26 14:32:51,71.98,3200,71.98,D
sz002409,雅克科技,2025-09-26 14:33:09,71.91,9600,71.95,D
sz002409,雅克科技,2025-09-26 14:33:12,71.91,7600,71.91,D
sz002409,雅克科技,2025-09-26 14:33:15,71.91,3700,71.91,D
sz002409,雅克科技,2025-09-26 14:33:21,71.94,2800,71.91,U
sz002409,雅克科技,2025-09-26 14:33:24,71.95,3500,71.94,U
sz002409,雅克科技,2025-09-26 14:33:27,71.92,23700,71.95,D
sz002409,雅克科技,2025-09-26 14:33:30,72.1,68100,71.92,U
sz002409,雅克科技,2025-09-26 14:33:33,72.01,26500,72.1,D
sz002409,雅克科技,2025-09-26 14:33:36,72.0,4800,72.01,D
sz002409,雅克科技,2025-09-26 14:33:39,72.0,4000,72.0,D
sz002409,雅克科技,2025-09-26 14:33:42,72.02,6100,72.0,E
sz002409,雅克科技,2025-09-26 14:33:48,72.0,6500,72.02,D
sz002409,雅克科技,2025-09-26 14:33:51,71.99,8100,72.0,D
sz002409,雅克科技,2025-09-26 14:33:54,71.94,14500,71.99,D
sz002409,雅克科技,2025-09-26 14:33:57,71.99,9000,71.94,U
sz002409,雅克科技,2025-09-26 14:34:00,71.98,3900,71.99,U
sz002409,雅克科技,2025-09-26 14:34:03,71.9,22500,71.98,D
sz002409,雅克科技,2025-09-26 14:34:06,71.91,6400,71.9,D
sz002409,雅克科技,2025-09-26 14:34:09,71.9,8900,71.91,D
sz002409,雅克科技,2025-09-26 14:34:12,71.85,5500,71.9,D
sz002409,雅克科技,2025-09-26 14:34:15,71.88,3100,71.85,E
sz002409,雅克科技,2025-09-26 14:34:21,71.87,3100,71.83,U
sz002409,雅克科技,2025-09-26 14:34:24,71.87,31700,71.87,D
sz002409,雅克科技,2025-09-26 14:34:27,71.81,6000,71.87,D
sz002409,雅克科技,2025-09-26 14:34:30,71.81,3000,71.81,E
sz002409,雅克科技,2025-09-26 14:34:33,71.8,4700,71.81,D
sz002409,雅克科技,2025-09-26 14:34:36,71.83,8100,71.8,U
sz002409,雅克科技,2025-09-26 14:34:39,71.81,31300,71.83,U
sz002409,雅克科技,2025-09-26 14:34:42,71.81,6800,71.81,D
sz002409,雅克科技,2025-09-26 14:34:45,71.79,28400,71.81,D
sz002409,雅克科技,2025-09-26 14:34:48,71.79,5400,71.79,D
sz002409,雅克科技,2025-09-26 14:34:51,71.88,25500,71.79,U
sz002409,雅克科技,2025-09-26 14:34:54,72.03,33900,71.88,U
sz002409,雅克科技,2025-09-26 14:34:57,72.01,7900,72.03,D
sz002409,雅克科技,2025-09-26 14:35:03,71.93,3400,71.96,D
sz002409,雅克科技,2025-09-26 14:35:06,71.94,5100,71.93,E
sz002409,雅克科技,2025-09-26 14:35:09,71.93,11000,71.94,U
sz002409,雅克科技,2025-09-26 14:35:12,71.8,4100,71.93,D
sz002409,雅克科技,2025-09-26 14:35:21,71.88,6000,71.88,U
sz002409,雅克科技,2025-09-26 14:35:24,71.82,18800,71.88,D
sz002409,雅克科技,2025-09-26 14:35:33,71.88,53900,71.89,D
sz002409,雅克科技,2025-09-26 14:35:36,71.88,22500,71.88,E
sz002409,雅克科技,2025-09-26 14:35:42,71.93,3600,71.93,D
sz002409,雅克科技,2025-09-26 14:35:48,71.86,42200,71.89,D
sz002409,雅克科技,2025-09-26 14:35:51,71.89,5000,71.86,E
sz002409,雅克科技,2025-09-26 14:35:54,71.86,25000,71.89,D
sz002409,雅克科技,2025-09-26 14:35:57,71.86,5500,71.86,U
sz002409,雅克科技,2025-09-26 14:36:03,71.86,3700,71.86,D
sz002409,雅克科技,2025-09-26 14:36:09,71.86,6800,71.86,U
sz002409,雅克科技,2025-09-26 14:36:12,71.85,10600,71.86,D
sz002409,雅克科技,2025-09-26 14:36:15,71.86,9400,71.85,E
sz002409,雅克科技,2025-09-26 14:36:18,71.87,3500,71.86,E
sz002409,雅克科技,2025-09-26 14:36:21,71.87,2800,71.87,U
sz002409,雅克科技,2025-09-26 14:36:36,71.86,10500,71.86,U
sz002409,雅克科技,2025-09-26 14:36:39,71.86,19600,71.86,U
sz002409,雅克科技,2025-09-26 14:36:42,71.93,11800,71.86,U
sz002409,雅克科技,2025-09-26 14:36:45,71.93,10800,71.93,U
sz002409,雅克科技,2025-09-26 14:36:48,71.92,5200,71.93,U
sz002409,雅克科技,2025-09-26 14:36:51,71.93,4800,71.92,U
sz002409,雅克科技,2025-09-26 14:36:54,71.93,6800,71.93,U
sz002409,雅克科技,2025-09-26 14:36:57,71.89,7700,71.93,D
sz002409,雅克科技,2025-09-26 14:37:00,71.98,6900,71.89,U
sz002409,雅克科技,2025-09-26 14:37:03,72.01,20600,71.98,U
sz002409,雅克科技,2025-09-26 14:37:06,71.99,6400,72.01,D
sz002409,雅克科技,2025-09-26 14:37:09,72.05,3800,71.99,D
sz002409,雅克科技,2025-09-26 14:37:12,72.05,4800,72.05,U
sz002409,雅克科技,2025-09-26 14:37:15,72.09,3100,72.05,E
sz002409,雅克科技,2025-09-26 14:37:21,72.0,3200,72.05,D
sz002409,雅克科技,2025-09-26 14:37:48,71.99,3100,71.99,U
sz002409,雅克科技,2025-09-26 14:37:54,71.98,3800,71.9,U
sz002409,雅克科技,2025-09-26 14:38:03,71.98,8900,71.97,U
sz002409,雅克科技,2025-09-26 14:38:06,71.98,3600,71.98,U
sz002409,雅克科技,2025-09-26 14:38:12,71.94,4100,71.98,D
sz002409,雅克科技,2025-09-26 14:38:27,71.96,7000,71.95,U
sz002409,雅克科技,2025-09-26 14:38:30,71.97,6800,71.96,U
sz002409,雅克科技,2025-09-26 14:38:36,71.98,4600,71.98,U
sz002409,雅克科技,2025-09-26 14:38:39,71.99,7300,71.98,U
sz002409,雅克科技,2025-09-26 14:38:48,71.96,54800,71.98,D
sz002409,雅克科技,2025-09-26 14:38:51,71.97,7100,71.96,U
sz002409,雅克科技,2025-09-26 14:38:57,71.96,3000,71.97,D
sz002409,雅克科技,2025-09-26 14:39:06,71.94,3200,71.96,D
sz002409,雅克科技,2025-09-26 14:39:09,71.93,2800,71.94,D
sz002409,雅克科技,2025-09-26 14:39:12,71.9,4100,71.93,D
sz002409,雅克科技,2025-09-26 14:39:18,71.94,7600,71.89,U
sz002409,雅克科技,2025-09-26 14:39:21,71.94,15900,71.94,D
sz002409,雅克科技,2025-09-26 14:39:24,71.88,49700,71.94,D
sz002409,雅克科技,2025-09-26 14:39:42,71.86,3200,71.87,D
sz002409,雅克科技,2025-09-26 14:39:45,71.86,5100,71.86,D
sz002409,雅克科技,2025-09-26 14:39:48,71.87,15300,71.86,U
sz002409,雅克科技,2025-09-26 14:40:00,71.87,3900,71.87,D
sz002409,雅克科技,2025-09-26 14:40:03,71.88,16700,71.87,U
sz002409,雅克科技,2025-09-26 14:40:06,71.94,11300,71.88,U
sz002409,雅克科技,2025-09-26 14:40:09,71.95,4300,71.94,U
sz002409,雅克科技,2025-09-26 14:40:12,72.03,38800,71.95,U
sz002409,雅克科技,2025-09-26 14:40:15,72.05,5900,72.03,U
sz002409,雅克科技,2025-09-26 14:40:18,72.1,21000,72.05,U
sz002409,雅克科技,2025-09-26 14:40:21,72.1,10000,72.1,U
sz002409,雅克科技,2025-09-26 14:40:24,72.03,4700,72.1,E
sz002409,雅克科技,2025-09-26 14:40:33,72.02,4200,72.04,D
sz002409,雅克科技,2025-09-26 14:40:36,72.0,10400,72.02,E
sz002409,雅克科技,2025-09-26 14:40:54,72.03,3300,72.01,E
sz002409,雅克科技,2025-09-26 14:41:03,72.01,3000,72.0,U
sz002409,雅克科技,2025-09-26 14:41:09,72.02,8200,72.03,E
sz002409,雅克科技,2025-09-26 14:41:12,72.03,4800,72.02,U
sz002409,雅克科技,2025-09-26 14:41:15,72.01,5500,72.03,D
sz002409,雅克科技,2025-09-26 14:41:18,72.01,93700,72.01,U
sz002409,雅克科技,2025-09-26 14:41:21,72.06,2800,72.01,U
sz002409,雅克科技,2025-09-26 14:41:30,72.03,3200,72.0,U
sz002409,雅克科技,2025-09-26 14:41:36,72.0,3000,72.0,D
sz002409,雅克科技,2025-09-26 14:41:42,72.0,5000,71.99,U
sz002409,雅克科技,2025-09-26 14:42:06,71.93,10000,71.91,U
sz002409,雅克科技,2025-09-26 14:42:09,71.93,4400,71.93,U
sz002409,雅克科技,2025-09-26 14:42:12,71.99,5800,71.93,U
sz002409,雅克科技,2025-09-26 14:42:15,71.98,10100,71.99,E
sz002409,雅克科技,2025-09-26 14:42:18,71.92,3100,71.98,E
sz002409,雅克科技,2025-09-26 14:42:21,71.98,8900,71.92,E
sz002409,雅克科技,2025-09-26 14:42:27,71.89,52400,71.98,D
sz002409,雅克科技,2025-09-26 14:42:39,71.95,2900,71.98,D
sz002409,雅克科技,2025-09-26 14:42:45,71.95,3000,71.95,U
sz002409,雅克科技,2025-09-26 14:42:48,71.95,12000,71.95,U
sz002409,雅克科技,2025-09-26 14:43:00,71.95,3100,71.95,D
sz002409,雅克科技,2025-09-26 14:43:06,72.0,41400,71.95,U
sz002409,雅克科技,2025-09-26 14:43:09,72.05,12700,72.0,U
sz002409,雅克科技,2025-09-26 14:43:12,72.06,15000,72.05,E
sz002409,雅克科技,2025-09-26 14:43:18,72.1,3400,72.08,U
sz002409,雅克科技,2025-09-26 14:43:21,72.1,3200,72.1,U
sz002409,雅克科技,2025-09-26 14:43:33,72.11,6500,72.1,U
sz002409,雅克科技,2025-09-26 14:43:39,72.05,2900,72.11,E
sz002409,雅克科技,2025-09-26 14:43:45,72.04,42200,72.02,U
sz002409,雅克科技,2025-09-26 14:43:51,72.13,11300,72.05,U
sz002409,雅克科技,2025-09-26 14:44:06,72.1,4400,72.05,E
sz002409,雅克科技,2025-09-26 14:44:21,72.06,7800,72.12,E
sz002409,雅克科技,2025-09-26 14:44:24,72.12,4400,72.06,U
sz002409,雅克科技,2025-09-26 14:44:27,72.12,3600,72.12,U
sz002409,雅克科技,2025-09-26 14:44:30,72.12,8200,72.12,U
sz002409,雅克科技,2025-09-26 14:44:33,72.15,7500,72.12,U
sz002409,雅克科技,2025-09-26 14:44:36,72.14,3100,72.15,D
sz002409,雅克科技,2025-09-26 14:44:42,72.15,5200,72.14,U
sz002409,雅克科技,2025-09-26 14:44:45,72.09,14800,72.15,D
sz002409,雅克科技,2025-09-26 14:44:48,72.16,2800,72.09,E
sz002409,雅克科技,2025-09-26 14:45:00,72.18,2800,72.17,U
sz002409,雅克科技,2025-09-26 14:45:03,72.2,3700,72.18,U
sz002409,雅克科技,2025-09-26 14:45:06,72.19,3000,72.2,D
sz002409,雅克科技,2025-09-26 14:45:09,72.2,3500,72.19,E
sz002409,雅克科技,2025-09-26 14:45:12,72.29,5000,72.2,U
sz002409,雅克科技,2025-09-26 14:45:18,72.28,4000,72.28,U
sz002409,雅克科技,2025-09-26 14:45:21,72.3,12400,72.28,U
sz002409,雅克科技,2025-09-26 14:45:27,72.31,6600,72.3,U
sz002409,雅克科技,2025-09-26 14:45:30,72.36,4300,72.31,U
sz002409,雅克科技,2025-09-26 14:45:33,72.35,3700,72.36,E
sz002409,雅克科技,2025-09-26 14:45:42,72.29,12100,72.34,D
sz002409,雅克科技,2025-09-26 14:45:45,72.33,6500,72.29,U
sz002409,雅克科技,2025-09-26 14:45:51,72.29,5800,72.33,D
sz002409,雅克科技,2025-09-26 14:45:54,72.33,3100,72.29,U
sz002409,雅克科技,2025-09-26 14:46:00,72.31,3100,72.33,D
sz002409,雅克科技,2025-09-26 14:46:06,72.33,6400,72.33,U
sz002409,雅克科技,2025-09-26 14:46:09,72.34,11300,72.33,U
sz002409,雅克科技,2025-09-26 14:46:12,72.38,25000,72.34,U
sz002409,雅克科技,2025-09-26 14:46:15,72.36,6400,72.38,D
sz002409,雅克科技,2025-09-26 14:46:21,72.45,16500,72.45,U
sz002409,雅克科技,2025-09-26 14:46:24,72.45,23000,72.45,D
sz002409,雅克科技,2025-09-26 14:46:27,72.6,14400,72.45,U
sz002409,雅克科技,2025-09-26 14:46:30,72.61,2800,72.6,U
sz002409,雅克科技,2025-09-26 14:46:33,72.66,7300,72.61,U
sz002409,雅克科技,2025-09-26 14:46:36,72.66,10900,72.66,U
sz002409,雅克科技,2025-09-26 14:46:39,72.62,12800,72.66,E
sz002409,雅克科技,2025-09-26 14:46:42,72.62,16600,72.62,D
sz002409,雅克科技,2025-09-26 14:46:45,72.61,12200,72.62,D
sz002409,雅克科技,2025-09-26 14:46:48,72.61,65100,72.61,E
sz002409,雅克科技,2025-09-26 14:46:51,72.65,6900,72.61,U
sz002409,雅克科技,2025-09-26 14:46:54,72.66,9200,72.65,E
sz002409,雅克科技,2025-09-26 14:46:57,72.64,7400,72.66,D
sz002409,雅克科技,2025-09-26 14:47:00,72.67,10100,72.64,E
sz002409,雅克科技,2025-09-26 14:47:03,72.65,13000,72.67,E
sz002409,雅克科技,2025-09-26 14:47:06,72.47,6500,72.65,D
sz002409,雅克科技,2025-09-26 14:47:09,72.47,9300,72.47,E
sz002409,雅克科技,2025-09-26 14:47:12,72.45,4000,72.47,D
sz002409,雅克科技,2025-09-26 14:47:15,72.6,3800,72.45,U
sz002409,雅克科技,2025-09-26 14:47:18,72.46,4000,72.6,D
sz002409,雅克科技,2025-09-26 14:47:30,72.46,7800,72.52,D
sz002409,雅克科技,2025-09-26 14:47:39,72.46,3900,72.47,D
sz002409,雅克科技,2025-09-26 14:47:42,72.46,10800,72.46,U
sz002409,雅克科技,2025-09-26 14:47:48,72.53,4000,72.46,U
