symbol,name,ticktime,price,volume,prev_price,kind
sz002409,雅克科技,2025-09-24 09:25:00,67.27,141700,0.0,U
sz002409,雅克科技,2025-09-24 09:30:00,67.27,124800,67.27,U
sz002409,雅克科技,2025-09-24 09:30:03,67.08,125700,67.27,D
sz002409,雅克科技,2025-09-24 09:30:06,67.16,52700,67.08,U
sz002409,雅克科技,2025-09-24 09:30:09,67.17,30100,67.16,U
sz002409,雅克科技,2025-09-24 09:30:12,67.28,34600,67.17,U
sz002409,雅克科技,2025-09-24 09:30:15,67.48,10400,67.28,U
sz002409,雅克科技,2025-09-24 09:30:18,67.48,9100,67.48,U
sz002409,雅克科技,2025-09-24 09:30:21,67.6,17200,67.48,U
sz002409,雅克科技,2025-09-24 09:30:24,67.6,6500,67.6,U
sz002409,雅克科技,2025-09-24 09:30:27,67.6,23500,67.6,D
sz002409,雅克科技,2025-09-24 09:30:30,67.86,47500,67.6,U
sz002409,雅克科技,2025-09-24 09:30:33,67.93,190100,67.86,U
sz002409,雅克科技,2025-09-24 09:30:36,68.09,69700,67.93,U
sz002409,雅克科技,2025-09-24 09:30:39,67.87,77900,68.09,D
sz002409,雅克科技,2025-09-24 09:30:42,67.95,58800,67.87,U
sz002409,雅克科技,2025-09-24 09:30:45,67.99,14600,67.95,U
sz002409,雅克科技,2025-09-24 09:30:48,67.93,19100,67.99,E
sz002409,雅克科技,2025-09-24 09:30:51,67.93,12600,67.93,U
sz002409,雅克科技,2025-09-24 09:30:54,67.93,19400,67.93,U
sz002409,雅克科技,2025-09-24 09:30:57,67.87,40700,67.93,E
sz002409,雅克科技,2025-09-24 09:31:00,67.92,31600,67.87,E
sz002409,雅克科技,2025-09-24 09:31:03,67.93,17800,67.92,U
sz002409,雅克科技,2025-09-24 09:31:06,68.05,91674,67.93,U
sz002409,雅克科技,2025-09-24 09:31:09,68.09,55200,68.05,U
sz002409,雅克科技,2025-09-24 09:31:12,68.16,21100,68.09,E
sz002409,雅克科技,2025-09-24 09:31:15,68.29,7300,68.16,U
sz002409,雅克科技,2025-09-24 09:31:18,68.3,20000,68.29,U
sz002409,雅克科技,2025-09-24 09:31:21,68.39,11100,68.3,U
sz002409,雅克科技,2025-09-24 09:31:24,68.34,49100,68.39,E
sz002409,雅克科技,2025-09-24 09:31:27,68.4,55700,68.34,U
sz002409,雅克科技,2025-09-24 09:31:30,68.47,27000,68.4,U
sz002409,雅克科技,2025-09-24 09:31:33,68.47,19600,68.47,D
sz002409,雅克科技,2025-09-24 09:31:36,68.5,42300,68.47,U
sz002409,雅克科技,2025-09-24 09:31:39,68.47,32900,68.5,D
sz002409,雅克科技,2025-09-24 09:31:42,68.38,42900,68.47,D
sz002409,雅克科技,2025-09-24 09:31:45,68.37,28000,68.38,E
sz002409,雅克科技,2025-09-24 09:31:48,68.29,12500,68.37,E
sz002409,雅克科技,2025-09-24 09:31:51,68.28,26800,68.29,E
sz002409,雅克科技,2025-09-24 09:31:54,68.26,21200,68.28,E
sz002409,雅克科技,2025-09-24 09:31:57,68.25,49600,68.26,E
sz002409,雅克科技,2025-09-24 09:32:00,68.26,24600,68.25,U
sz002409,雅克科技,2025-09-24 09:32:03,68.28,64800,68.26,E
sz002409,雅克科技,2025-09-24 09:32:06,68.28,48200,68.28,U
sz002409,雅克科技,2025-09-24 09:32:09,68.29,19100,68.28,U
sz002409,雅克科技,2025-09-24 09:32:12,68.25,25000,68.29,E
sz002409,雅克科技,2025-09-24 09:32:15,68.18,20200,68.25,D
sz002409,雅克科技,2025-09-24 09:32:18,68.2,5800,68.18,E
sz002409,雅克科技,2025-09-24 09:32:21,68.32,39600,68.2,U
sz002409,雅克科技,2025-09-24 09:32:24,68.36,17000,68.32,U
sz002409,雅克科技,2025-09-24 09:32:27,68.32,19700,68.36,D
sz002409,雅克科技,2025-09-24 09:32:30,68.38,19600,68.32,E
sz002409,雅克科技,2025-09-24 09:32:33,68.48,25500,68.38,U
sz002409,雅克科技,2025-09-24 09:32:36,68.55,154600,68.48,U
sz002409,雅克科技,2025-09-24 09:32:39,68.55,23500,68.55,U
sz002409,雅克科技,2025-09-24 09:32:42,68.55,25400,68.55,D
sz002409,雅克科技,2025-09-24 09:32:45,68.66,60300,68.55,U
sz002409,雅克科技,2025-09-24 09:32:48,68.58,21400,68.66,D
sz002409,雅克科技,2025-09-24 09:32:51,68.74,20500,68.58,U
sz002409,雅克科技,2025-09-24 09:32:54,68.73,32500,68.74,D
sz002409,雅克科技,2025-09-24 09:32:57,68.84,48100,68.73,U
sz002409,雅克科技,2025-09-24 09:33:00,68.81,8500,68.84,D
sz002409,雅克科技,2025-09-24 09:33:03,68.86,32700,68.81,U
sz002409,雅克科技,2025-09-24 09:33:06,68.86,57100,68.86,U
sz002409,雅克科技,2025-09-24 09:33:09,69.03,101196,68.86,U
sz002409,雅克科技,2025-09-24 09:33:12,69.01,36200,69.03,D
sz002409,雅克科技,2025-09-24 09:33:15,68.96,50400,69.01,D
sz002409,雅克科技,2025-09-24 09:33:18,69.01,129700,68.96,U
sz002409,雅克科技,2025-09-24 09:33:21,69.02,17700,69.01,U
sz002409,雅克科技,2025-09-24 09:33:24,69.09,18900,69.02,E
sz002409,雅克科技,2025-09-24 09:33:27,68.99,61200,69.09,D
sz002409,雅克科技,2025-09-24 09:33:30,69.01,80800,68.99,U
sz002409,雅克科技,2025-09-24 09:33:33,69.03,12100,69.01,U
sz002409,雅克科技,2025-09-24 09:33:36,69.09,22000,69.03,U
sz002409,雅克科技,2025-09-24 09:33:39,69.09,18800,69.09,D
sz002409,雅克科技,2025-09-24 09:33:42,69.09,27000,69.09,U
sz002409,雅克科技,2025-09-24 09:33:45,69.15,33100,69.09,U
sz002409,雅克科技,2025-09-24 09:33:48,69.09,42900,69.15,D
sz002409,雅克科技,2025-09-24 09:33:51,69.0,48400,69.09,D
sz002409,雅克科技,2025-09-24 09:33:54,69.08,24100,69.0,U
sz002409,雅克科技,2025-09-24 09:33:57,69.0,27400,69.08,D
sz002409,雅克科技,2025-09-24 09:34:00,69.08,21700,69.0,E
sz002409,雅克科技,2025-09-24 09:34:03,69.09,18300,69.08,U
sz002409,雅克科技,2025-09-24 09:34:06,69.09,22000,69.09,D
sz002409,雅克科技,2025-09-24 09:34:09,69.11,31400,69.09,U
sz002409,雅克科技,2025-09-24 09:34:12,69.12,23800,69.11,U
sz002409,雅克科技,2025-09-24 09:34:15,69.28,95400,69.12,U
sz002409,雅克科技,2025-09-24 09:34:18,69.34,21500,69.28,E
sz002409,雅克科技,2025-09-24 09:34:21,69.27,20400,69.34,E
sz002409,雅克科技,2025-09-24 09:34:24,69.37,49900,69.27,U
sz002409,雅克科技,2025-09-24 09:34:27,69.37,43000,69.37,U
sz002409,雅克科技,2025-09-24 09:34:30,69.47,38500,69.37,U
sz002409,雅克科技,2025-09-24 09:34:33,69.47,14700,69.47,D
sz002409,雅克科技,2025-09-24 09:34:36,69.48,22800,69.47,E
sz002409,雅克科技,2025-09-24 09:34:39,69.6,53400,69.48,U
sz002409,雅克科技,2025-09-24 09:34:42,69.66,28600,69.6,U
sz002409,雅克科技,2025-09-24 09:34:45,69.71,20700,69.66,U
sz002409,雅克科技,2025-09-24 09:34:48,69.8,12883,69.71,U
sz002409,雅克科技,2025-09-24 09:34:51,69.71,39300,69.8,D
sz002409,雅克科技,2025-09-24 09:34:54,69.75,23200,69.71,U
sz002409,雅克科技,2025-09-24 09:34:57,69.75,42100,69.75,D
sz002409,雅克科技,2025-09-24 09:35:00,69.77,74200,69.75,E
sz002409,雅克科技,2025-09-24 09:35:03,69.77,53300,69.77,E
sz002409,雅克科技,2025-09-24 09:35:06,69.8,51600,69.77,U
sz002409,雅克科技,2025-09-24 09:35:09,69.83,14200,69.8,U
sz002409,雅克科技,2025-09-24 09:35:12,69.88,61500,69.83,U
sz002409,雅克科技,2025-09-24 09:35:15,69.94,35569,69.88,U
sz002409,雅克科技,2025-09-24 09:35:18,70.09,233800,69.94,U
sz002409,雅克科技,2025-09-24 09:35:21,70.08,38400,70.09,D
sz002409,雅克科技,2025-09-24 09:35:24,70.06,16900,70.08,D
sz002409,雅克科技,2025-09-24 09:35:27,70.13,29700,70.06,U
sz002409,雅克科技,2025-09-24 09:35:30,70.18,23400,70.13,U
sz002409,雅克科技,2025-09-24 09:35:33,70.26,18200,70.18,E
sz002409,雅克科技,2025-09-24 09:35:36,70.35,43300,70.26,E
sz002409,雅克科技,2025-09-24 09:35:39,70.39,34500,70.35,U
sz002409,雅克科技,2025-09-24 09:35:42,70.39,49100,70.39,U
sz002409,雅克科技,2025-09-24 09:35:45,70.3,98100,70.39,D
sz002409,雅克科技,2025-09-24 09:35:48,70.37,67000,70.3,U
sz002409,雅克科技,2025-09-24 09:35:51,70.29,52000,70.37,D
sz002409,雅克科技,2025-09-24 09:35:54,70.29,35700,70.29,U
sz002409,雅克科技,2025-09-24 09:35:57,70.29,40900,70.29,U
sz002409,雅克科技,2025-09-24 09:36:00,70.21,30900,70.29,D
sz002409,雅克科技,2025-09-24 09:36:03,70.19,28400,70.21,D
sz002409,雅克科技,2025-09-24 09:36:06,70.3,33200,70.19,U
sz002409,雅克科技,2025-09-24 09:36:09,70.29,25197,70.3,D
sz002409,雅克科技,2025-09-24 09:36:12,70.18,44803,70.29,D
sz002409,雅克科技,2025-09-24 09:36:15,70.14,64500,70.18,D
sz002409,雅克科技,2025-09-24 09:36:18,70.01,27400,70.14,E
sz002409,雅克科技,2025-09-24 09:36:21,70.01,19900,70.01,D
sz002409,雅克科技,2025-09-24 09:36:24,70.18,43100,70.01,U
sz002409,雅克科技,2025-09-24 09:36:27,70.04,30200,70.18,D
sz002409,雅克科技,2025-09-24 09:36:30,70.05,14197,70.04,E
sz002409,雅克科技,2025-09-24 09:36:33,70.04,23900,70.05,D
sz002409,雅克科技,2025-09-24 09:36:36,70.11,23200,70.04,U
sz002409,雅克科技,2025-09-24 09:36:39,70.08,31100,70.11,E
sz002409,雅克科技,2025-09-24 09:36:42,70.1,26400,70.08,U
sz002409,雅克科技,2025-09-24 09:36:45,70.1,51900,70.1,D
sz002409,雅克科技,2025-09-24 09:36:48,70.1,31400,70.1,D
sz002409,雅克科技,2025-09-24 09:36:51,70.09,32100,70.1,D
sz002409,雅克科技,2025-09-24 09:36:54,70.0,25300,70.09,D
sz002409,雅克科技,2025-09-24 09:36:57,69.94,18000,70.0,D
sz002409,雅克科技,2025-09-24 09:37:00,69.86,5800,69.94,D
sz002409,雅克科技,2025-09-24 09:37:03,69.86,22100,69.86,D
sz002409,雅克科技,2025-09-24 09:37:06,70.06,21700,69.86,U
sz002409,雅克科技,2025-09-24 09:37:09,69.87,31000,70.06,D
sz002409,雅克科技,2025-09-24 09:37:12,69.97,12700,69.87,U
sz002409,雅克科技,2025-09-24 09:37:15,69.84,25300,69.97,D
sz002409,雅克科技,2025-09-24 09:37:18,69.91,24500,69.84,U
sz002409,雅克科技,2025-09-24 09:37:21,69.91,6400,69.91,D
sz002409,雅克科技,2025-09-24 09:37:24,69.84,27100,69.91,D
sz002409,雅克科技,2025-09-24 09:37:27,69.73,21931,69.84,D
sz002409,雅克科技,2025-09-24 09:37:30,69.84,15300,69.73,U
sz002409,雅克科技,2025-09-24 09:37:33,69.89,39800,69.84,U
sz002409,雅克科技,2025-09-24 09:37:36,69.94,19500,69.89,U
sz002409,雅克科技,2025-09-24 09:37:39,70.02,47500,69.94,U
sz002409,雅克科技,2025-09-24 09:37:42,69.9,173823,70.02,D
sz002409,雅克科技,2025-09-24 09:37:45,70.24,127600,69.9,U
sz002409,雅克科技,2025-09-24 09:37:48,70.26,6200,70.24,U
sz002409,雅克科技,2025-09-24 09:37:51,70.16,17900,70.26,D
sz002409,雅克科技,2025-09-24 09:37:54,70.24,26800,70.16,U
sz002409,雅克科技,2025-09-24 09:37:57,70.04,34100,70.24,D
sz002409,雅克科技,2025-09-24 09:38:00,70.09,21000,70.04,E
sz002409,雅克科技,2025-09-24 09:38:03,70.15,36900,70.09,U
sz002409,雅克科技,2025-09-24 09:38:06,70.0,36400,70.15,D
sz002409,雅克科技,2025-09-24 09:38:09,70.01,22700,70.0,U
sz002409,雅克科技,2025-09-24 09:38:12,70.1,35200,70.01,U
sz002409,雅克科技,2025-09-24 09:38:15,70.07,5000,70.1,E
sz002409,雅克科技,2025-09-24 09:38:18,70.07,20400,70.07,D
sz002409,雅克科技,2025-09-24 09:38:21,70.1,25400,70.07,U
sz002409,雅克科技,2025-09-24 09:38:24,70.1,8600,70.1,D
sz002409,雅克科技,2025-09-24 09:38:27,70.11,18400,70.1,E
sz002409,雅克科技,2025-09-24 09:38:30,70.1,9300,70.11,D
sz002409,雅克科技,2025-09-24 09:38:33,70.1,45500,70.1,U
sz002409,雅克科技,2025-09-24 09:38:36,70.1,21300,70.1,D
sz002409,雅克科技,2025-09-24 09:38:39,70.1,12100,70.1,U
sz002409,雅克科技,2025-09-24 09:38:42,70.1,15300,70.1,U
sz002409,雅克科技,2025-09-24 09:38:45,69.98,242900,70.1,D
sz002409,雅克科技,2025-09-24 09:38:48,70.13,131300,69.98,U
sz002409,雅克科技,2025-09-24 09:38:51,70.17,60100,70.13,U
sz002409,雅克科技,2025-09-24 09:38:54,70.17,9500,70.17,U
sz002409,雅克科技,2025-09-24 09:38:57,70.3,156800,70.17,U
sz002409,雅克科技,2025-09-24 09:39:00,70.37,8200,70.3,U
sz002409,雅克科技,2025-09-24 09:39:03,70.38,40600,70.37,U
sz002409,雅克科技,2025-09-24 09:39:06,70.44,62000,70.38,U
sz002409,雅克科技,2025-09-24 09:39:09,70.49,25500,70.44,U
sz002409,雅克科技,2025-09-24 09:39:12,70.73,117400,70.49,U
sz002409,雅克科技,2025-09-24 09:39:15,70.96,53500,70.73,U
sz002409,雅克科技,2025-09-24 09:39:18,71.16,90700,70.96,U
sz002409,雅克科技,2025-09-24 09:39:21,70.98,32000,71.16,D
sz002409,雅克科技,2025-09-24 09:39:24,71.02,19200,70.98,U
sz002409,雅克科技,2025-09-24 09:39:27,71.18,23300,71.02,U
sz002409,雅克科技,2025-09-24 09:39:30,71.22,38400,71.18,U
sz002409,雅克科技,2025-09-24 09:39:33,71.29,11600,71.22,U
sz002409,雅克科技,2025-09-24 09:39:36,71.35,34500,71.29,U
sz002409,雅克科技,2025-09-24 09:39:39,71.32,29300,71.35,D
sz002409,雅克科技,2025-09-24 09:39:42,71.24,73700,71.32,D
sz002409,雅克科技,2025-09-24 09:39:45,71.24,35400,71.24,D
sz002409,雅克科技,2025-09-24 09:39:48,71.38,93500,71.24,U
sz002409,雅克科技,2025-09-24 09:39:51,71.41,82200,71.38,U
sz002409,雅克科技,2025-09-24 09:39:54,71.41,10600,71.41,D
sz002409,雅克科技,2025-09-24 09:39:57,71.4,237400,71.41,E
sz002409,雅克科技,2025-09-24 09:40:00,71.42,24600,71.4,U
sz002409,雅克科技,2025-09-24 09:40:03,71.41,53700,71.42,D
sz002409,雅克科技,2025-09-24 09:40:06,71.41,18100,71.41,D
sz002409,雅克科技,2025-09-24 09:40:09,71.3,38800,71.41,D
sz002409,雅克科技,2025-09-24 09:40:12,71.16,38000,71.3,D
sz002409,雅克科技,2025-09-24 09:40:15,71.17,41400,71.16,E
sz002409,雅克科技,2025-09-24 09:40:18,71.32,12683,71.17,U
sz002409,雅克科技,2025-09-24 09:40:21,71.25,87117,71.32,D
sz002409,雅克科技,2025-09-24 09:40:24,71.51,51100,71.25,U
sz002409,雅克科技,2025-09-24 09:40:27,71.5,17300,71.51,E
sz002409,雅克科技,2025-09-24 09:40:30,71.39,11400,71.5,D
sz002409,雅克科技,2025-09-24 09:40:33,71.51,76500,71.39,U
sz002409,雅克科技,2025-09-24 09:40:36,71.6,16100,71.51,U
sz002409,雅克科技,2025-09-24 09:40:39,71.6,8900,71.6,U
sz002409,雅克科技,2025-09-24 09:40:42,71.49,30600,71.6,D
sz002409,雅克科技,2025-09-24 09:40:45,71.6,15200,71.49,U
sz002409,雅克科技,2025-09-24 09:40:48,71.6,49683,71.6,D
sz002409,雅克科技,2025-09-24 09:40:51,71.4,56117,71.6,D
sz002409,雅克科技,2025-09-24 09:40:54,71.55,18400,71.4,U
sz002409,雅克科技,2025-09-24 09:40:57,71.42,12100,71.55,D
sz002409,雅克科技,2025-09-24 09:41:00,71.42,39100,71.42,D
sz002409,雅克科技,2025-09-24 09:41:03,71.5,19200,71.42,U
sz002409,雅克科技,2025-09-24 09:41:06,71.47,22000,71.5,D
sz002409,雅克科技,2025-09-24 09:41:09,71.5,47100,71.47,U
sz002409,雅克科技,2025-09-24 09:41:12,71.49,10500,71.5,E
sz002409,雅克科技,2025-09-24 09:41:15,71.44,19300,71.49,U
sz002409,雅克科技,2025-09-24 09:41:18,71.31,26000,71.44,D
sz002409,雅克科技,2025-09-24 09:41:21,71.4,24800,71.31,U
sz002409,雅克科技,2025-09-24 09:41:24,71.42,51500,71.4,U
sz002409,雅克科技,2025-09-24 09:41:27,71.42,40100,71.42,U
sz002409,雅克科技,2025-09-24 09:41:30,71.6,78400,71.42,U
sz002409,雅克科技,2025-09-24 09:41:33,71.64,27700,71.6,U
sz002409,雅克科技,2025-09-24 09:41:36,71.67,29100,71.64,U
sz002409,雅克科技,2025-09-24 09:41:39,71.78,39400,71.67,U
sz002409,雅克科技,2025-09-24 09:41:42,71.72,12000,71.78,D
sz002409,雅克科技,2025-09-24 09:41:45,71.71,29000,71.72,D
sz002409,雅克科技,2025-09-24 09:41:48,71.65,29900,71.71,D
sz002409,雅克科技,2025-09-24 09:41:51,71.56,44400,71.65,D
sz002409,雅克科技,2025-09-24 09:41:54,71.34,62100,71.56,D
sz002409,雅克科技,2025-09-24 09:41:57,71.56,29200,71.34,U
sz002409,雅克科技,2025-09-24 09:42:00,71.52,24700,71.56,E
sz002409,雅克科技,2025-09-24 09:42:03,71.52,27700,71.52,U
sz002409,雅克科技,2025-09-24 09:42:06,71.43,9200,71.52,E
sz002409,雅克科技,2025-09-24 09:42:09,71.42,20600,71.43,E
sz002409,雅克科技,2025-09-24 09:42:12,71.28,16000,71.42,D
sz002409,雅克科技,2025-09-24 09:42:15,71.38,6800,71.28,U
sz002409,雅克科技,2025-09-24 09:42:18,71.25,16900,71.38,D
sz002409,雅克科技,2025-09-24 09:42:21,71.16,367100,71.25,D
sz002409,雅克科技,2025-09-24 09:42:24,71.25,71000,71.16,U
sz002409,雅克科技,2025-09-24 09:42:27,71.16,10400,71.25,E
sz002409,雅克科技,2025-09-24 09:42:30,71.22,8800,71.16,U
sz002409,雅克科技,2025-09-24 09:42:33,71.25,11200,71.22,U
sz002409,雅克科技,2025-09-24 09:42:36,71.25,19700,71.25,D
sz002409,雅克科技,2025-09-24 09:42:39,71.25,18200,71.25,D
sz002409,雅克科技,2025-09-24 09:42:42,71.25,12800,71.25,D
sz002409,雅克科技,2025-09-24 09:42:45,71.25,9500,71.25,D
sz002409,雅克科技,2025-09-24 09:42:48,71.25,5100,71.25,U
sz002409,雅克科技,2025-09-24 09:42:51,71.17,24100,71.25,D
sz002409,雅克科技,2025-09-24 09:42:54,71.31,63700,71.17,U
sz002409,雅克科技,2025-09-24 09:42:57,71.42,39700,71.31,U
sz002409,雅克科技,2025-09-24 09:43:00,71.43,19600,71.42,U
sz002409,雅克科技,2025-09-24 09:43:03,71.43,14200,71.43,U
sz002409,雅克科技,2025-09-24 09:43:06,71.5,18000,71.43,U
sz002409,雅克科技,2025-09-24 09:43:09,71.69,75300,71.5,U
sz002409,雅克科技,2025-09-24 09:43:12,71.58,21800,71.69,D
sz002409,雅克科技,2025-09-24 09:43:15,71.7,15900,71.58,U
sz002409,雅克科技,2025-09-24 09:43:18,71.66,27900,71.7,D
sz002409,雅克科技,2025-09-24 09:43:21,71.69,17000,71.66,E
sz002409,雅克科技,2025-09-24 09:43:24,71.49,67200,71.69,D
sz002409,雅克科技,2025-09-24 09:43:27,71.42,18500,71.49,E
sz002409,雅克科技,2025-09-24 09:43:30,71.4,16800,71.42,E
sz002409,雅克科技,2025-09-24 09:43:33,71.25,23800,71.4,D
sz002409,雅克科技,2025-09-24 09:43:36,71.18,15300,71.25,D
sz002409,雅克科技,2025-09-24 09:43:39,71.19,11800,71.18,U
sz002409,雅克科技,2025-09-24 09:43:48,71.06,36500,71.1,D
sz002409,雅克科技,2025-09-24 09:43:51,71.06,9700,71.06,D
sz002409,雅克科技,2025-09-24 09:43:54,71.0,17000,71.06,D
sz002409,雅克科技,2025-09-24 09:43:57,70.96,19900,71.0,D
sz002409,雅克科技,2025-09-24 09:44:03,70.88,10400,70.9,D
sz002409,雅克科技,2025-09-24 09:44:06,70.86,3100,70.88,D
sz002409,雅克科技,2025-09-24 09:44:12,70.82,4300,70.82,D
sz002409,雅克科技,2025-09-24 09:44:15,70.63,27200,70.82,D
sz002409,雅克科技,2025-09-24 09:44:18,70.61,19900,70.63,E
sz002409,雅克科技,2025-09-24 09:44:21,70.49,43100,70.61,D
sz002409,雅克科技,2025-09-24 09:44:24,70.39,6700,70.49,D
sz002409,雅克科技,2025-09-24 09:44:27,70.34,17200,70.39,D
sz002409,雅克科技,2025-09-24 09:44:30,70.28,23800,70.34,D
sz002409,雅克科技,2025-09-24 09:44:33,70.34,9900,70.28,U
sz002409,雅克科技,2025-09-24 09:44:36,70.29,16400,70.34,D
sz002409,雅克科技,2025-09-24 09:44:39,70.36,24500,70.29,U
sz002409,雅克科技,2025-09-24 09:44:42,70.26,7200,70.36,E
sz002409,雅克科技,2025-09-24 09:44:45,70.29,7900,70.26,U
sz002409,雅克科技,2025-09-24 09:44:48,70.4,32600,70.29,U
sz002409,雅克科技,2025-09-24 09:44:51,70.34,21200,70.4,E
sz002409,雅克科技,2025-09-24 09:44:54,70.34,5000,70.34,E
sz002409,雅克科技,2025-09-24 09:44:57,70.23,19700,70.34,D
sz002409,雅克科技,2025-09-24 09:45:00,70.34,62700,70.23,U
sz002409,雅克科技,2025-09-24 09:45:03,70.39,9300,70.34,U
sz002409,雅克科技,2025-09-24 09:45:06,70.56,21400,70.39,U
sz002409,雅克科技,2025-09-24 09:45:09,70.31,26400,70.56,D
sz002409,雅克科技,2025-09-24 09:45:12,70.51,9100,70.31,U
sz002409,雅克科技,2025-09-24 09:45:15,70.48,8500,70.51,U
sz002409,雅克科技,2025-09-24 09:45:18,70.38,23900,70.48,E
sz002409,雅克科技,2025-09-24 09:45:21,70.37,18400,70.38,E
sz002409,雅克科技,2025-09-24 09:45:24,70.35,22000,70.37,E
sz002409,雅克科技,2025-09-24 09:45:27,70.3,63100,70.35,E
sz002409,雅克科技,2025-09-24 09:45:30,70.18,15600,70.3,D
sz002409,雅克科技,2025-09-24 09:45:33,70.1,28800,70.18,D
sz002409,雅克科技,2025-09-24 09:45:36,70.08,5900,70.1,D
sz002409,雅克科技,2025-09-24 09:45:39,70.0,15300,70.08,D
sz002409,雅克科技,2025-09-24 09:45:42,70.0,9900,70.0,D
sz002409,雅克科技,2025-09-24 09:45:45,70.0,19900,70.0,U
sz002409,雅克科技,2025-09-24 09:45:48,70.02,9600,70.0,E
sz002409,雅克科技,2025-09-24 09:45:51,70.0,19800,70.02,D
sz002409,雅克科技,2025-09-24 09:45:54,70.08,8900,70.0,U
sz002409,雅克科技,2025-09-24 09:45:57,70.09,11400,70.08,E
sz002409,雅克科技,2025-09-24 09:46:00,70.05,23800,70.09,D
sz002409,雅克科技,2025-09-24 09:46:03,70.1,16000,70.05,U
sz002409,雅克科技,2025-09-24 09:46:06,70.13,9300,70.1,U
sz002409,雅克科技,2025-09-24 09:46:09,70.26,20700,70.13,U
sz002409,雅克科技,2025-09-24 09:46:12,70.22,3500,70.26,E
sz002409,雅克科技,2025-09-24 09:46:15,70.32,3500,70.22,U
sz002409,雅克科技,2025-09-24 09:46:18,70.32,5200,70.32,U
sz002409,雅克科技,2025-09-24 09:46:21,70.23,43900,70.32,D
sz002409,雅克科技,2025-09-24 09:46:24,70.18,21200,70.23,E
sz002409,雅克科技,2025-09-24 09:46:27,70.18,7800,70.18,E
sz002409,雅克科技,2025-09-24 09:46:30,70.16,12000,70.18,E
sz002409,雅克科技,2025-09-24 09:46:33,70.06,19100,70.16,D
sz002409,雅克科技,2025-09-24 09:46:36,70.02,84300,70.06,D
sz002409,雅克科技,2025-09-24 09:46:39,70.03,14200,70.02,U
sz002409,雅克科技,2025-09-24 09:46:42,70.03,7300,70.03,D
sz002409,雅克科技,2025-09-24 09:46:45,70.01,14400,70.03,D
sz002409,雅克科技,2025-09-24 09:46:48,70.01,8300,70.01,D
sz002409,雅克科技,2025-09-24 09:46:51,70.0,30000,70.01,D
sz002409,雅克科技,2025-09-24 09:46:54,70.0,12600,70.0,D
sz002409,雅克科技,2025-09-24 09:46:57,70.0,6700,70.0,D
sz002409,雅克科技,2025-09-24 09:47:00,70.03,9300,70.0,U
sz002409,雅克科技,2025-09-24 09:47:03,69.99,29500,70.03,D
sz002409,雅克科技,2025-09-24 09:47:06,69.93,58400,69.99,D
sz002409,雅克科技,2025-09-24 09:47:09,69.98,3600,69.93,U
sz002409,雅克科技,2025-09-24 09:47:12,69.77,13800,69.98,D
sz002409,雅克科技,2025-09-24 09:47:18,69.76,22200,69.76,U
sz002409,雅克科技,2025-09-24 09:47:21,69.73,12300,69.76,E
sz002409,雅克科技,2025-09-24 09:47:24,69.65,7000,69.73,D
sz002409,雅克科技,2025-09-24 09:47:27,69.68,23200,69.65,U
sz002409,雅克科技,2025-09-24 09:47:30,69.61,5200,69.68,D
sz002409,雅克科技,2025-09-24 09:47:33,69.61,12700,69.61,U
sz002409,雅克科技,2025-09-24 09:47:36,69.6,27400,69.61,D
sz002409,雅克科技,2025-09-24 09:47:39,69.57,14200,69.6,D
sz002409,雅克科技,2025-09-24 09:47:42,69.57,13500,69.57,U
sz002409,雅克科技,2025-09-24 09:47:45,69.55,23900,69.57,D
sz002409,雅克科技,2025-09-24 09:47:48,69.57,26900,69.55,U
sz002409,雅克科技,2025-09-24 09:47:51,69.57,9200,69.57,D
sz002409,雅克科技,2025-09-24 09:47:54,69.57,7200,69.57,U
sz002409,雅克科技,2025-09-24 09:47:57,69.61,10736,69.57,U
sz002409,雅克科技,2025-09-24 09:48:00,69.68,10300,69.61,U
sz002409,雅克科技,2025-09-24 09:48:03,69.72,13200,69.68,U
sz002409,雅克科技,2025-09-24 09:48:06,69.68,15900,69.72,E
sz002409,雅克科技,2025-09-24 09:48:09,69.57,27964,69.68,D
sz002409,雅克科技,2025-09-24 09:48:12,69.65,4900,69.57,U
sz002409,雅克科技,2025-09-24 09:48:18,69.68,3900,69.68,U
sz002409,雅克科技,2025-09-24 09:48:21,69.75,7136,69.68,U
sz002409,雅克科技,2025-09-24 09:48:24,69.66,20964,69.75,D
sz002409,雅克科技,2025-09-24 09:48:27,69.68,23200,69.66,U
sz002409,雅克科技,2025-09-24 09:48:30,69.68,16800,69.68,U
sz002409,雅克科技,2025-09-24 09:48:33,69.78,4300,69.68,U
sz002409,雅克科技,2025-09-24 09:48:36,69.91,19500,69.78,E
sz002409,雅克科技,2025-09-24 09:48:39,69.71,17300,69.91,D
sz002409,雅克科技,2025-09-24 09:48:42,69.74,35100,69.71,U
sz002409,雅克科技,2025-09-24 09:48:45,69.77,16500,69.74,U
sz002409,雅克科技,2025-09-24 09:48:48,70.03,45200,69.77,U
sz002409,雅克科技,2025-09-24 09:48:51,70.05,7800,70.03,U
sz002409,雅克科技,2025-09-24 09:48:54,70.06,15600,70.05,U
sz002409,雅克科技,2025-09-24 09:49:00,70.32,3600,70.23,U
sz002409,雅克科技,2025-09-24 09:49:03,70.32,18200,70.32,U
sz002409,雅克科技,2025-09-24 09:49:06,70.36,27700,70.32,E
sz002409,雅克科技,2025-09-24 09:49:09,70.34,25500,70.36,E
sz002409,雅克科技,2025-09-24 09:49:12,70.19,17100,70.34,D
sz002409,雅克科技,2025-09-24 09:49:15,70.21,13300,70.19,U
sz002409,雅克科技,2025-09-24 09:49:18,70.17,39300,70.21,D
sz002409,雅克科技,2025-09-24 09:49:21,70.2,14100,70.17,D
sz002409,雅克科技,2025-09-24 09:49:24,70.15,19100,70.2,D
sz002409,雅克科技,2025-09-24 09:49:27,70.14,12600,70.15,U
sz002409,雅克科技,2025-09-24 09:49:30,69.99,4300,70.14,E
sz002409,雅克科技,2025-09-24 09:49:33,69.84,11400,69.99,E
sz002409,雅克科技,2025-09-24 09:49:36,69.75,11500,69.84,D
sz002409,雅克科技,2025-09-24 09:49:39,69.75,43400,69.75,D
sz002409,雅克科技,2025-09-24 09:49:42,69.76,35300,69.75,D
sz002409,雅克科技,2025-09-24 09:49:45,69.83,17900,69.76,U
sz002409,雅克科技,2025-09-24 09:49:48,69.77,3700,69.83,D
sz002409,雅克科技,2025-09-24 09:49:51,69.77,11300,69.77,D
sz002409,雅克科技,2025-09-24 09:49:54,69.99,6900,69.77,U
sz002409,雅克科技,2025-09-24 09:49:57,69.95,4300,69.99,D
sz002409,雅克科技,2025-09-24 09:50:00,69.86,4000,69.95,D
sz002409,雅克科技,2025-09-24 09:50:03,69.95,5300,69.86,E
sz002409,雅克科技,2025-09-24 09:50:06,69.95,6500,69.95,E
sz002409,雅克科技,2025-09-24 09:50:09,69.81,9400,69.95,E
sz002409,雅克科技,2025-09-24 09:50:12,69.75,22500,69.81,D
sz002409,雅克科技,2025-09-24 09:50:15,69.76,49700,69.75,E
sz002409,雅克科技,2025-09-24 09:50:18,69.75,19200,69.76,E
sz002409,雅克科技,2025-09-24 09:50:21,69.68,3400,69.75,E
sz002409,雅克科技,2025-09-24 09:50:24,69.68,12800,69.68,D
sz002409,雅克科技,2025-09-24 09:50:27,69.67,16800,69.68,U
sz002409,雅克科技,2025-09-24 09:50:30,69.64,4900,69.67,D
sz002409,雅克科技,2025-09-24 09:50:33,69.63,3800,69.64,D
sz002409,雅克科技,2025-09-24 09:50:36,69.65,3500,69.63,U
sz002409,雅克科技,2025-09-24 09:50:39,69.65,26200,69.65,U
sz002409,雅克科技,2025-09-24 09:50:42,69.62,12700,69.65,D
sz002409,雅克科技,2025-09-24 09:50:45,69.65,22500,69.62,U
sz002409,雅克科技,2025-09-24 09:50:48,69.64,26800,69.65,D
sz002409,雅克科技,2025-09-24 09:50:51,69.9,78700,69.64,U
sz002409,雅克科技,2025-09-24 09:50:54,69.61,12700,69.9,D
sz002409,雅克科技,2025-09-24 09:51:00,69.77,6700,69.62,U
sz002409,雅克科技,2025-09-24 09:51:03,69.87,3200,69.77,U
sz002409,雅克科技,2025-09-24 09:51:06,69.69,7800,69.87,D
sz002409,雅克科技,2025-09-24 09:51:09,69.8,8500,69.69,E
sz002409,雅克科技,2025-09-24 09:51:12,69.76,24200,69.8,D
sz002409,雅克科技,2025-09-24 09:51:15,69.73,12800,69.76,E
sz002409,雅克科技,2025-09-24 09:51:18,69.65,7300,69.73,D
sz002409,雅克科技,2025-09-24 09:51:21,69.66,18500,69.65,U
sz002409,雅克科技,2025-09-24 09:51:24,69.73,26200,69.66,U
sz002409,雅克科技,2025-09-24 09:51:27,69.82,3000,69.73,U
sz002409,雅克科技,2025-09-24 09:51:30,69.98,11100,69.82,U
sz002409,雅克科技,2025-09-24 09:51:33,70.02,14000,69.98,U
sz002409,雅克科技,2025-09-24 09:51:36,69.82,12700,70.02,D
sz002409,雅克科技,2025-09-24 09:51:39,70.08,8800,69.82,U
sz002409,雅克科技,2025-09-24 09:51:42,70.05,4200,70.08,E
sz002409,雅克科技,2025-09-24 09:51:45,70.05,18400,70.05,E
sz002409,雅克科技,2025-09-24 09:51:48,69.85,51200,70.05,D
sz002409,雅克科技,2025-09-24 09:51:51,70.05,32200,69.85,U
sz002409,雅克科技,2025-09-24 09:51:54,70.08,9000,70.05,U
sz002409,雅克科技,2025-09-24 09:51:57,70.07,19500,70.08,E
sz002409,雅克科技,2025-09-24 09:52:00,70.08,5900,70.07,U
sz002409,雅克科技,2025-09-24 09:52:03,70.02,18400,70.08,D
sz002409,雅克科技,2025-09-24 09:52:06,69.96,3800,70.02,D
sz002409,雅克科技,2025-09-24 09:52:09,69.96,22900,69.96,D
sz002409,雅克科技,2025-09-24 09:52:12,70.04,19200,69.96,U
sz002409,雅克科技,2025-09-24 09:52:15,69.96,6400,70.04,D
sz002409,雅克科技,2025-09-24 09:52:18,69.92,5800,69.96,D
sz002409,雅克科技,2025-09-24 09:52:21,69.96,30800,69.92,U
sz002409,雅克科技,2025-09-24 09:52:24,70.05,32200,69.96,U
sz002409,雅克科技,2025-09-24 09:52:33,70.1,6300,70.08,U
sz002409,雅克科技,2025-09-24 09:52:36,70.11,6100,70.1,U
sz002409,雅克科技,2025-09-24 09:52:39,70.1,19900,70.11,D
sz002409,雅克科技,2025-09-24 09:52:42,70.11,14200,70.1,U
sz002409,雅克科技,2025-09-24 09:52:45,70.12,10900,70.11,E
sz002409,雅克科技,2025-09-24 09:52:48,70.15,11300,70.12,U
sz002409,雅克科技,2025-09-24 09:52:51,70.14,27000,70.15,E
sz002409,雅克科技,2025-09-24 09:52:54,70.1,7100,70.14,E
sz002409,雅克科技,2025-09-24 09:52:57,70.11,5000,70.1,U
sz002409,雅克科技,2025-09-24 09:53:00,70.12,4200,70.11,U
sz002409,雅克科技,2025-09-24 09:53:03,70.12,5700,70.12,E
sz002409,雅克科技,2025-09-24 09:53:06,70.11,8500,70.12,D
sz002409,雅克科技,2025-09-24 09:53:09,70.13,6100,70.11,U
sz002409,雅克科技,2025-09-24 09:53:12,70.13,26600,70.13,U
sz002409,雅克科技,2025-09-24 09:53:15,70.14,37000,70.13,U
sz002409,雅克科技,2025-09-24 09:53:18,70.14,12500,70.14,D
sz002409,雅克科技,2025-09-24 09:53:21,70.19,9000,70.14,U
sz002409,雅克科技,2025-09-24 09:53:24,70.2,67600,70.19,U
sz002409,雅克科技,2025-09-24 09:53:27,70.22,5800,70.2,E
sz002409,雅克科技,2025-09-24 09:53:30,70.3,15300,70.22,U
sz002409,雅克科技,2025-09-24 09:53:33,70.29,8900,70.3,E
sz002409,雅克科技,2025-09-24 09:53:36,70.32,8500,70.29,U
sz002409,雅克科技,2025-09-24 09:53:39,70.29,13100,70.32,D
sz002409,雅克科技,2025-09-24 09:53:42,70.24,13800,70.29,D
sz002409,雅克科技,2025-09-24 09:53:45,70.27,7000,70.24,U
sz002409,雅克科技,2025-09-24 09:53:48,70.08,33700,70.27,D
sz002409,雅克科技,2025-09-24 09:53:51,70.16,14600,70.08,U
sz002409,雅克科技,2025-09-24 09:53:54,69.96,12500,70.16,D
sz002409,雅克科技,2025-09-24 09:53:57,70.0,15600,69.96,U
sz002409,雅克科技,2025-09-24 09:54:00,70.0,3500,70.0,E
sz002409,雅克科技,2025-09-24 09:54:03,70.25,28000,70.0,U
sz002409,雅克科技,2025-09-24 09:54:06,70.15,3000,70.25,E
sz002409,雅克科技,2025-09-24 09:54:09,70.15,19800,70.15,U
sz002409,雅克科技,2025-09-24 09:54:12,70.15,4200,70.15,D
sz002409,雅克科技,2025-09-24 09:54:15,70.15,2900,70.15,U
sz002409,雅克科技,2025-09-24 09:54:21,70.11,14900,70.15,D
sz002409,雅克科技,2025-09-24 09:54:24,69.99,19800,70.11,D
sz002409,雅克科技,2025-09-24 09:54:27,69.88,19100,69.99,D
sz002409,雅克科技,2025-09-24 09:54:30,69.99,6300,69.88,U
sz002409,雅克科技,2025-09-24 09:54:33,69.98,2900,69.99,E
sz002409,雅克科技,2025-09-24 09:54:39,70.0,5300,69.81,U
sz002409,雅克科技,2025-09-24 09:54:42,70.01,7000,70.0,U
sz002409,雅克科技,2025-09-24 09:54:45,70.01,9200,70.01,U
sz002409,雅克科技,2025-09-24 09:54:48,70.0,6800,70.01,D
sz002409,雅克科技,2025-09-24 09:54:51,70.0,5900,70.0,D
sz002409,雅克科技,2025-09-24 09:54:54,70.0,8200,70.0,D
sz002409,雅克科技,2025-09-24 09:54:57,70.09,23000,70.0,U
sz002409,雅克科技,2025-09-24 09:55:00,70.0,11600,70.09,D
sz002409,雅克科技,2025-09-24 09:55:03,70.06,2900,70.0,E
sz002409,雅克科技,2025-09-24 09:55:06,70.09,3000,70.06,U
sz002409,雅克科技,2025-09-24 09:55:09,70.11,14900,70.09,U
sz002409,雅克科技,2025-09-24 09:55:15,70.15,3900,70.11,U
sz002409,雅克科技,2025-09-24 09:55:18,70.14,6300,70.15,E
sz002409,雅克科技,2025-09-24 09:55:21,70.08,11300,70.14,D
sz002409,雅克科技,2025-09-24 09:55:24,69.99,80200,70.08,D
sz002409,雅克科技,2025-09-24 09:55:27,69.89,11300,69.99,D
sz002409,雅克科技,2025-09-24 09:55:30,69.99,21500,69.89,U
sz002409,雅克科技,2025-09-24 09:55:33,69.89,9800,69.99,E
sz002409,雅克科技,2025-09-24 09:55:36,69.92,4900,69.89,E
sz002409,雅克科技,2025-09-24 09:55:39,70.0,7700,69.92,U
sz002409,雅克科技,2025-09-24 09:55:45,69.96,10700,70.0,D
sz002409,雅克科技,2025-09-24 09:55:48,69.96,5100,69.96,U
sz002409,雅克科技,2025-09-24 09:55:54,69.96,4600,69.92,E
sz002409,雅克科技,2025-09-24 09:55:57,69.98,5500,69.96,U
sz002409,雅克科技,2025-09-24 09:56:00,69.9,8300,69.98,D
sz002409,雅克科技,2025-09-24 09:56:03,69.9,27800,69.9,D
sz002409,雅克科技,2025-09-24 09:56:06,69.92,4500,69.9,U
sz002409,雅克科技,2025-09-24 09:56:12,69.79,5500,69.9,D
sz002409,雅克科技,2025-09-24 09:56:15,69.78,6900,69.79,D
sz002409,雅克科技,2025-09-24 09:56:18,69.73,3100,69.78,D
sz002409,雅克科技,2025-09-24 09:56:21,69.73,3500,69.73,E
sz002409,雅克科技,2025-09-24 09:56:24,69.78,2900,69.73,U
sz002409,雅克科技,2025-09-24 09:56:27,69.7,12900,69.78,D
sz002409,雅克科技,2025-09-24 09:56:30,69.69,11800,69.7,D
sz002409,雅克科技,2025-09-24 09:56:33,69.64,20700,69.69,D
sz002409,雅克科技,2025-09-24 09:56:36,69.64,8500,69.64,U
sz002409,雅克科技,2025-09-24 09:56:39,69.63,17700,69.64,U
sz002409,雅克科技,2025-09-24 09:56:42,69.61,7600,69.63,D
sz002409,雅克科技,2025-09-24 09:56:45,69.64,9800,69.61,U
sz002409,雅克科技,2025-09-24 09:56:48,69.58,8800,69.64,D
sz002409,雅克科技,2025-09-24 09:56:51,69.63,4800,69.58,D
sz002409,雅克科技,2025-09-24 09:56:54,69.63,13900,69.63,U
sz002409,雅克科技,2025-09-24 09:56:57,69.57,17300,69.63,D
sz002409,雅克科技,2025-09-24 09:57:00,69.54,7100,69.57,D
sz002409,雅克科技,2025-09-24 09:57:03,69.53,15000,69.54,D
sz002409,雅克科技,2025-09-24 09:57:06,69.57,16600,69.53,U
sz002409,雅克科技,2025-09-24 09:57:15,69.69,13100,69.59,U
sz002409,雅克科技,2025-09-24 09:57:18,69.63,4800,69.69,D
sz002409,雅克科技,2025-09-24 09:57:21,69.69,4400,69.63,E
sz002409,雅克科技,2025-09-24 09:57:30,69.78,8500,69.74,U
sz002409,雅克科技,2025-09-24 09:57:33,69.78,19000,69.78,D
sz002409,雅克科技,2025-09-24 09:57:36,69.88,3100,69.78,U
sz002409,雅克科技,2025-09-24 09:57:39,69.81,12100,69.88,D
sz002409,雅克科技,2025-09-24 09:57:45,70.0,33800,69.8,U
sz002409,雅克科技,2025-09-24 09:57:48,70.06,2900,70.0,U
sz002409,雅克科技,2025-09-24 09:57:51,70.07,10800,70.06,U
sz002409,雅克科技,2025-09-24 09:57:54,70.12,4700,70.07,U
sz002409,雅克科技,2025-09-24 09:57:57,70.12,3000,70.12,U
sz002409,雅克科技,2025-09-24 09:58:00,70.07,9700,70.12,D
sz002409,雅克科技,2025-09-24 09:58:03,70.02,8500,70.07,D
sz002409,雅克科技,2025-09-24 09:58:06,70.0,13400,70.02,D
sz002409,雅克科技,2025-09-24 09:58:09,70.0,16000,70.0,D
sz002409,雅克科技,2025-09-24 09:58:12,70.0,5300,70.0,D
sz002409,雅克科技,2025-09-24 09:58:15,70.12,13300,70.0,U
sz002409,雅克科技,2025-09-24 09:58:18,70.07,6700,70.12,D
sz002409,雅克科技,2025-09-24 09:58:21,70.08,6800,70.07,E
sz002409,雅克科技,2025-09-24 09:58:24,70.09,4000,70.08,U
sz002409,雅克科技,2025-09-24 09:58:27,70.07,10800,70.09,D
sz002409,雅克科技,2025-09-24 09:58:33,70.1,6000,70.1,D
sz002409,雅克科技,2025-09-24 09:58:36,70.05,54300,70.1,D
sz002409,雅克科技,2025-09-24 09:58:39,70.12,16100,70.05,U
sz002409,雅克科技,2025-09-24 09:58:42,69.99,8900,70.12,E
sz002409,雅克科技,2025-09-24 09:58:45,69.99,17500,69.99,U
sz002409,雅克科技,2025-09-24 09:58:51,69.99,6400,70.0,D
sz002409,雅克科技,2025-09-24 09:58:54,70.02,4700,69.99,U
sz002409,雅克科技,2025-09-24 09:58:57,69.89,8000,70.02,D
sz002409,雅克科技,2025-09-24 09:59:03,69.99,6700,69.91,U
sz002409,雅克科技,2025-09-24 09:59:06,69.76,32700,69.99,D
sz002409,雅克科技,2025-09-24 09:59:09,69.98,8800,69.76,U
sz002409,雅克科技,2025-09-24 09:59:12,69.89,11600,69.98,E
sz002409,雅克科技,2025-09-24 09:59:15,70.03,12700,69.89,U
sz002409,雅克科技,2025-09-24 09:59:21,70.07,3000,70.0,U
sz002409,雅克科技,2025-09-24 09:59:24,69.99,13200,70.07,D
sz002409,雅克科技,2025-09-24 09:59:27,69.99,4900,69.99,U
sz002409,雅克科技,2025-09-24 09:59:30,70.03,4300,69.99,U
sz002409,雅克科技,2025-09-24 09:59:36,70.07,9400,70.03,U
sz002409,雅克科技,2025-09-24 09:59:39,70.03,9100,70.07,D
sz002409,雅克科技,2025-09-24 09:59:42,70.03,15400,70.03,U
sz002409,雅克科技,2025-09-24 09:59:48,70.06,3100,70.08,U
sz002409,雅克科技,2025-09-24 09:59:51,70.06,3200,70.06,U
sz002409,雅克科技,2025-09-24 09:59:54,70.07,9500,70.06,U
sz002409,雅克科技,2025-09-24 09:59:57,70.05,8600,70.07,D
sz002409,雅克科技,2025-09-24 10:00:00,70.06,3200,70.05,U
sz002409,雅克科技,2025-09-24 10:00:03,70.0,4300,70.06,D
sz002409,雅克科技,2025-09-24 10:00:06,69.9,15800,70.0,D
sz002409,雅克科技,2025-09-24 10:00:09,69.84,4300,69.9,D
sz002409,雅克科技,2025-09-24 10:00:12,69.84,10500,69.84,U
sz002409,雅克科技,2025-09-24 10:00:15,69.84,11800,69.84,U
sz002409,雅克科技,2025-09-24 10:00:18,69.95,5600,69.84,U
sz002409,雅克科技,2025-09-24 10:00:24,69.84,3500,69.89,D
sz002409,雅克科技,2025-09-24 10:00:27,69.84,3100,69.84,D
sz002409,雅克科技,2025-09-24 10:00:30,69.94,4800,69.84,U
sz002409,雅克科技,2025-09-24 10:00:33,70.0,11700,69.94,U
sz002409,雅克科技,2025-09-24 10:00:36,69.99,3000,70.0,D
sz002409,雅克科技,2025-09-24 10:00:39,70.02,8600,69.99,U
sz002409,雅克科技,2025-09-24 10:00:42,69.96,5000,70.02,D
sz002409,雅克科技,2025-09-24 10:00:45,70.0,16100,69.96,U
sz002409,雅克科技,2025-09-24 10:00:51,70.06,10300,70.01,U
sz002409,雅克科技,2025-09-24 10:00:54,70.07,4500,70.06,U
sz002409,雅克科技,2025-09-24 10:00:57,70.07,11100,70.07,U
sz002409,雅克科技,2025-09-24 10:01:03,70.07,5600,70.07,D
sz002409,雅克科技,2025-09-24 10:01:06,70.08,7100,70.07,U
sz002409,雅克科技,2025-09-24 10:01:09,70.04,6200,70.08,D
sz002409,雅克科技,2025-09-24 10:01:12,70.02,7400,70.04,D
sz002409,雅克科技,2025-09-24 10:01:15,69.98,29200,70.02,D
sz002409,雅克科技,2025-09-24 10:01:18,69.91,10100,69.98,D
sz002409,雅克科技,2025-09-24 10:01:27,69.99,3200,70.0,D
sz002409,雅克科技,2025-09-24 10:01:33,70.0,7500,70.0,U
sz002409,雅克科技,2025-09-24 10:01:39,70.0,4600,70.0,U
sz002409,雅克科技,2025-09-24 10:01:42,69.93,8500,70.0,D
sz002409,雅克科技,2025-09-24 10:01:45,69.95,14700,69.93,U
sz002409,雅克科技,2025-09-24 10:01:48,69.95,5600,69.95,U
sz002409,雅克科技,2025-09-24 10:01:51,69.9,8800,69.95,D
sz002409,雅克科技,2025-09-24 10:02:00,70.0,14200,69.95,U
sz002409,雅克科技,2025-09-24 10:02:03,69.95,4000,70.0,D
sz002409,雅克科技,2025-09-24 10:02:06,69.98,5100,69.95,E
sz002409,雅克科技,2025-09-24 10:02:09,70.01,8800,69.98,U
sz002409,雅克科技,2025-09-24 10:02:12,70.02,5800,70.01,U
sz002409,雅克科技,2025-09-24 10:02:15,69.99,8300,70.02,D
sz002409,雅克科技,2025-09-24 10:02:18,70.08,23300,69.99,U
sz002409,雅克科技,2025-09-24 10:02:21,70.0,5600,70.08,D
sz002409,雅克科技,2025-09-24 10:02:24,70.07,14900,70.0,U
sz002409,雅克科技,2025-09-24 10:02:30,70.03,6400,70.03,E
sz002409,雅克科技,2025-09-24 10:02:33,70.08,6300,70.03,U
sz002409,雅克科技,2025-09-24 10:02:36,70.09,15600,70.08,U
sz002409,雅克科技,2025-09-24 10:02:39,70.1,15300,70.09,U
sz002409,雅克科技,2025-09-24 10:02:42,70.12,28400,70.1,U
sz002409,雅克科技,2025-09-24 10:02:45,70.24,61200,70.12,U
sz002409,雅克科技,2025-09-24 10:02:48,70.28,8900,70.24,U
sz002409,雅克科技,2025-09-24 10:02:51,70.24,20300,70.28,D
sz002409,雅克科技,2025-09-24 10:02:54,70.14,5600,70.24,D
sz002409,雅克科技,2025-09-24 10:02:57,70.24,9600,70.14,U
sz002409,雅克科技,2025-09-24 10:03:03,70.27,16600,70.18,E
sz002409,雅克科技,2025-09-24 10:03:06,70.23,4400,70.27,E
sz002409,雅克科技,2025-09-24 10:03:09,70.26,28000,70.23,U
sz002409,雅克科技,2025-09-24 10:03:12,70.26,18900,70.26,D
sz002409,雅克科技,2025-09-24 10:03:15,70.33,72500,70.26,U
sz002409,雅克科技,2025-09-24 10:03:18,70.37,9900,70.33,U
sz002409,雅克科技,2025-09-24 10:03:21,70.47,13400,70.37,U
sz002409,雅克科技,2025-09-24 10:03:24,70.52,37700,70.47,U
sz002409,雅克科技,2025-09-24 10:03:27,70.57,8300,70.52,U
sz002409,雅克科技,2025-09-24 10:03:30,70.52,16000,70.57,D
sz002409,雅克科技,2025-09-24 10:03:33,70.67,4100,70.52,E
sz002409,雅克科技,2025-09-24 10:03:36,70.69,15700,70.67,U
sz002409,雅克科技,2025-09-24 10:03:39,70.66,38700,70.69,D
sz002409,雅克科技,2025-09-24 10:03:42,70.6,10800,70.66,E
sz002409,雅克科技,2025-09-24 10:03:45,70.59,38600,70.6,E
sz002409,雅克科技,2025-09-24 10:03:48,70.58,13800,70.59,E
sz002409,雅克科技,2025-09-24 10:03:51,70.55,17300,70.58,E
sz002409,雅克科技,2025-09-24 10:03:54,70.5,10700,70.55,E
sz002409,雅克科技,2025-09-24 10:03:57,70.44,14000,70.5,E
sz002409,雅克科技,2025-09-24 10:04:00,70.31,7200,70.44,E
sz002409,雅克科技,2025-09-24 10:04:03,70.35,41000,70.31,E
sz002409,雅克科技,2025-09-24 10:04:06,70.13,14400,70.35,E
sz002409,雅克科技,2025-09-24 10:04:09,70.12,6600,70.13,D
sz002409,雅克科技,2025-09-24 10:04:12,70.05,11300,70.12,D
sz002409,雅克科技,2025-09-24 10:04:15,70.03,6200,70.05,D
sz002409,雅克科技,2025-09-24 10:04:18,70.16,22600,70.03,E
sz002409,雅克科技,2025-09-24 10:04:21,70.16,10000,70.16,U
sz002409,雅克科技,2025-09-24 10:04:24,70.09,5000,70.16,E
sz002409,雅克科技,2025-09-24 10:04:27,70.2,13600,70.09,U
sz002409,雅克科技,2025-09-24 10:04:33,70.23,3800,70.2,U
sz002409,雅克科技,2025-09-24 10:04:36,70.24,11400,70.23,U
sz002409,雅克科技,2025-09-24 10:04:39,70.3,14200,70.24,U
sz002409,雅克科技,2025-09-24 10:04:42,70.38,7600,70.3,U
sz002409,雅克科技,2025-09-24 10:04:45,70.36,5900,70.38,E
sz002409,雅克科技,2025-09-24 10:04:48,70.36,18700,70.36,D
sz002409,雅克科技,2025-09-24 10:04:51,70.35,12100,70.36,U
sz002409,雅克科技,2025-09-24 10:04:54,70.35,3600,70.35,U
sz002409,雅克科技,2025-09-24 10:04:57,70.27,6200,70.35,D
sz002409,雅克科技,2025-09-24 10:05:00,70.27,11400,70.27,D
sz002409,雅克科技,2025-09-24 10:05:06,70.31,5500,70.21,U
sz002409,雅克科技,2025-09-24 10:05:09,70.22,6000,70.31,D
sz002409,雅克科技,2025-09-24 10:05:12,70.29,2900,70.22,E
sz002409,雅克科技,2025-09-24 10:05:18,70.29,3700,70.25,U
sz002409,雅克科技,2025-09-24 10:05:21,70.3,12200,70.29,U
sz002409,雅克科技,2025-09-24 10:05:24,70.29,8600,70.3,D
sz002409,雅克科技,2025-09-24 10:05:27,70.29,6000,70.29,U
sz002409,雅克科技,2025-09-24 10:05:30,70.3,14100,70.29,U
sz002409,雅克科技,2025-09-24 10:05:33,70.3,3600,70.3,U
sz002409,雅克科技,2025-09-24 10:05:36,70.32,8900,70.3,U
sz002409,雅克科技,2025-09-24 10:05:39,70.3,4700,70.32,E
sz002409,雅克科技,2025-09-24 10:05:42,70.28,14700,70.3,D
sz002409,雅克科技,2025-09-24 10:05:45,70.35,12100,70.28,U
sz002409,雅克科技,2025-09-24 10:05:48,70.4,34500,70.35,U
sz002409,雅克科技,2025-09-24 10:05:51,70.32,9100,70.4,D
sz002409,雅克科技,2025-09-24 10:05:54,70.34,9600,70.32,E
sz002409,雅克科技,2025-09-24 10:05:57,70.32,6100,70.34,E
sz002409,雅克科技,2025-09-24 10:06:00,70.45,7600,70.32,U
sz002409,雅克科技,2025-09-24 10:06:03,70.48,3800,70.45,U
sz002409,雅克科技,2025-09-24 10:06:06,70.47,19700,70.48,E
sz002409,雅克科技,2025-09-24 10:06:09,70.5,5600,70.47,U
sz002409,雅克科技,2025-09-24 10:06:12,70.55,12800,70.5,U
sz002409,雅克科技,2025-09-24 10:06:15,70.55,8700,70.55,U
sz002409,雅克科技,2025-09-24 10:06:18,70.58,10500,70.55,U
sz002409,雅克科技,2025-09-24 10:06:21,70.56,21200,70.58,D
sz002409,雅克科技,2025-09-24 10:06:24,70.61,16700,70.56,U
sz002409,雅克科技,2025-09-24 10:06:27,70.61,10600,70.61,E
sz002409,雅克科技,2025-09-24 10:06:30,70.68,10600,70.61,U
sz002409,雅克科技,2025-09-24 10:06:33,70.67,21100,70.68,U
sz002409,雅克科技,2025-09-24 10:06:36,70.67,6100,70.67,U
sz002409,雅克科技,2025-09-24 10:06:39,70.67,22400,70.67,E
sz002409,雅克科技,2025-09-24 10:06:42,70.67,15900,70.67,D
sz002409,雅克科技,2025-09-24 10:06:45,70.61,20300,70.67,D
sz002409,雅克科技,2025-09-24 10:06:48,70.68,17800,70.61,U
sz002409,雅克科技,2025-09-24 10:06:51,70.61,5400,70.68,D
sz002409,雅克科技,2025-09-24 10:06:54,70.67,26000,70.61,U
sz002409,雅克科技,2025-09-24 10:06:57,70.67,8900,70.67,E
sz002409,雅克科技,2025-09-24 10:07:00,70.57,18900,70.67,D
sz002409,雅克科技,2025-09-24 10:07:03,70.61,92900,70.57,E
sz002409,雅克科技,2025-09-24 10:07:06,70.46,55100,70.61,D
sz002409,雅克科技,2025-09-24 10:07:09,70.7,44200,70.46,U
sz002409,雅克科技,2025-09-24 10:07:12,70.74,14100,70.7,U
sz002409,雅克科技,2025-09-24 10:07:15,70.75,7700,70.74,U
sz002409,雅克科技,2025-09-24 10:07:18,70.63,6500,70.75,E
sz002409,雅克科技,2025-09-24 10:07:21,70.7,8200,70.63,U
sz002409,雅克科技,2025-09-24 10:07:24,70.62,22300,70.7,D
sz002409,雅克科技,2025-09-24 10:07:27,70.63,12000,70.62,U
sz002409,雅克科技,2025-09-24 10:07:30,70.59,4800,70.63,E
sz002409,雅克科技,2025-09-24 10:07:33,70.38,6500,70.59,D
sz002409,雅克科技,2025-09-24 10:07:36,70.49,18300,70.38,U
sz002409,雅克科技,2025-09-24 10:07:39,70.38,3700,70.49,D
sz002409,雅克科技,2025-09-24 10:07:42,70.48,8800,70.38,U
sz002409,雅克科技,2025-09-24 10:07:45,70.5,8100,70.48,U
sz002409,雅克科技,2025-09-24 10:07:48,70.49,19100,70.5,E
sz002409,雅克科技,2025-09-24 10:07:51,70.48,20300,70.49,D
sz002409,雅克科技,2025-09-24 10:07:54,70.51,3700,70.48,U
sz002409,雅克科技,2025-09-24 10:07:57,70.53,11900,70.51,U
sz002409,雅克科技,2025-09-24 10:08:00,70.5,25800,70.53,D
sz002409,雅克科技,2025-09-24 10:08:03,70.67,66100,70.5,U
sz002409,雅克科技,2025-09-24 10:08:06,70.7,20300,70.67,U
sz002409,雅克科技,2025-09-24 10:08:09,70.59,12300,70.7,D
sz002409,雅克科技,2025-09-24 10:08:12,70.68,9100,70.59,U
sz002409,雅克科技,2025-09-24 10:08:15,70.68,3700,70.68,E
sz002409,雅克科技,2025-09-24 10:08:18,70.65,7400,70.68,E
sz002409,雅克科技,2025-09-24 10:08:21,70.7,7400,70.65,U
sz002409,雅克科技,2025-09-24 10:08:24,70.69,45100,70.7,D
sz002409,雅克科技,2025-09-24 10:08:27,70.7,16400,70.69,U
sz002409,雅克科技,2025-09-24 10:08:30,70.69,19900,70.7,E
sz002409,雅克科技,2025-09-24 10:08:33,70.68,9500,70.69,E
sz002409,雅克科技,2025-09-24 10:08:36,70.69,11400,70.68,U
sz002409,雅克科技,2025-09-24 10:08:39,70.7,6500,70.69,U
sz002409,雅克科技,2025-09-24 10:08:42,70.68,9800,70.7,D
sz002409,雅克科技,2025-09-24 10:08:45,70.67,6400,70.68,D
sz002409,雅克科技,2025-09-24 10:08:48,70.67,6900,70.67,U
sz002409,雅克科技,2025-09-24 10:08:54,70.62,9300,70.68,D
sz002409,雅克科技,2025-09-24 10:08:57,70.68,7100,70.62,E
sz002409,雅克科技,2025-09-24 10:09:00,70.68,6300,70.68,U
sz002409,雅克科技,2025-09-24 10:09:03,70.67,6900,70.68,E
sz002409,雅克科技,2025-09-24 10:09:06,70.5,5800,70.67,D
sz002409,雅克科技,2025-09-24 10:09:15,70.5,16800,70.5,U
sz002409,雅克科技,2025-09-24 10:09:18,70.5,3700,70.5,U
sz002409,雅克科技,2025-09-24 10:09:27,70.52,3500,70.51,E
sz002409,雅克科技,2025-09-24 10:09:30,70.55,4000,70.52,E
sz002409,雅克科技,2025-09-24 10:09:33,70.59,4000,70.55,E
sz002409,雅克科技,2025-09-24 10:09:36,70.59,13300,70.59,U
sz002409,雅克科技,2025-09-24 10:09:39,70.6,5700,70.59,D
sz002409,雅克科技,2025-09-24 10:09:42,70.56,13700,70.6,U
sz002409,雅克科技,2025-09-24 10:09:45,70.56,13600,70.56,U
sz002409,雅克科技,2025-09-24 10:09:51,70.6,9400,70.58,U
sz002409,雅克科技,2025-09-24 10:09:57,70.57,10200,70.58,D
sz002409,雅克科技,2025-09-24 10:10:00,70.37,65900,70.57,D
sz002409,雅克科技,2025-09-24 10:10:03,70.27,16500,70.37,D
sz002409,雅克科技,2025-09-24 10:10:06,70.12,10000,70.27,D
sz002409,雅克科技,2025-09-24 10:10:09,70.12,4800,70.12,U
sz002409,雅克科技,2025-09-24 10:10:12,70.08,9900,70.12,D
sz002409,雅克科技,2025-09-24 10:10:15,70.06,10800,70.08,D
sz002409,雅克科技,2025-09-24 10:10:18,69.96,6500,70.06,D
sz002409,雅克科技,2025-09-24 10:10:21,69.96,9500,69.96,D
sz002409,雅克科技,2025-09-24 10:10:27,69.89,11900,69.95,D
sz002409,雅克科技,2025-09-24 10:10:30,69.87,11500,69.89,E
sz002409,雅克科技,2025-09-24 10:10:33,69.87,5300,69.87,U
sz002409,雅克科技,2025-09-24 10:10:36,69.81,5500,69.87,D
sz002409,雅克科技,2025-09-24 10:10:39,69.87,13200,69.81,E
sz002409,雅克科技,2025-09-24 10:10:42,69.84,9600,69.87,E
sz002409,雅克科技,2025-09-24 10:10:45,69.81,7900,69.84,D
sz002409,雅克科技,2025-09-24 10:10:48,69.87,10000,69.81,U
sz002409,雅克科技,2025-09-24 10:10:51,69.84,3000,69.87,D
sz002409,雅克科技,2025-09-24 10:10:54,69.84,5100,69.84,U
sz002409,雅克科技,2025-09-24 10:10:57,69.84,7000,69.84,U
sz002409,雅克科技,2025-09-24 10:11:00,69.76,22800,69.84,D
sz002409,雅克科技,2025-09-24 10:11:03,69.75,6100,69.76,D
sz002409,雅克科技,2025-09-24 10:11:06,69.75,5900,69.75,D
sz002409,雅克科技,2025-09-24 10:11:09,69.73,14000,69.75,D
sz002409,雅克科技,2025-09-24 10:11:12,69.74,9400,69.73,U
sz002409,雅克科技,2025-09-24 10:11:15,69.8,9300,69.74,U
sz002409,雅克科技,2025-09-24 10:11:18,69.83,2900,69.8,U
sz002409,雅克科技,2025-09-24 10:11:21,69.88,10100,69.83,U
sz002409,雅克科技,2025-09-24 10:11:24,69.91,7000,69.88,U
sz002409,雅克科技,2025-09-24 10:11:30,69.9,4600,69.9,U
sz002409,雅克科技,2025-09-24 10:11:33,69.9,4100,69.9,U
sz002409,雅克科技,2025-09-24 10:11:36,69.9,18000,69.9,D
sz002409,雅克科技,2025-09-24 10:11:39,69.9,3700,69.9,U
sz002409,雅克科技,2025-09-24 10:11:42,69.88,19700,69.9,D
sz002409,雅克科技,2025-09-24 10:11:45,69.84,8800,69.88,D
sz002409,雅克科技,2025-09-24 10:11:48,69.88,9000,69.84,U
sz002409,雅克科技,2025-09-24 10:11:51,69.86,9200,69.88,D
sz002409,雅克科技,2025-09-24 10:11:54,69.82,6600,69.86,D
sz002409,雅克科技,2025-09-24 10:11:57,69.84,4300,69.82,U
sz002409,雅克科技,2025-09-24 10:12:03,69.84,10800,69.83,U
sz002409,雅克科技,2025-09-24 10:12:06,69.83,4200,69.84,D
sz002409,雅克科技,2025-09-24 10:12:09,69.82,7000,69.83,D
sz002409,雅克科技,2025-09-24 10:12:12,69.81,11500,69.82,D
sz002409,雅克科技,2025-09-24 10:12:18,69.82,6900,69.81,U
sz002409,雅克科技,2025-09-24 10:12:21,69.86,12000,69.82,U
sz002409,雅克科技,2025-09-24 10:12:33,69.9,3400,69.89,U
sz002409,雅克科技,2025-09-24 10:12:36,69.9,8300,69.9,U
sz002409,雅克科技,2025-09-24 10:12:42,69.9,11100,69.92,E
sz002409,雅克科技,2025-09-24 10:12:45,69.95,4700,69.9,E
sz002409,雅克科技,2025-09-24 10:12:48,69.94,6900,69.95,E
sz002409,雅克科技,2025-09-24 10:12:51,69.94,8100,69.94,U
sz002409,雅克科技,2025-09-24 10:12:54,69.94,3100,69.94,E
sz002409,雅克科技,2025-09-24 10:12:57,69.94,20600,69.94,D
sz002409,雅克科技,2025-09-24 10:13:00,69.95,4000,69.94,E
sz002409,雅克科技,2025-09-24 10:13:06,69.83,4700,69.85,D
sz002409,雅克科技,2025-09-24 10:13:09,69.84,9500,69.83,E
sz002409,雅克科技,2025-09-24 10:13:12,69.84,23100,69.84,D
sz002409,雅克科技,2025-09-24 10:13:15,69.83,7700,69.84,E
sz002409,雅克科技,2025-09-24 10:13:18,69.83,5800,69.83,U
sz002409,雅克科技,2025-09-24 10:13:21,69.83,6500,69.83,U
sz002409,雅克科技,2025-09-24 10:13:27,69.82,6500,69.83,U
sz002409,雅克科技,2025-09-24 10:13:30,69.83,6000,69.82,U
sz002409,雅克科技,2025-09-24 10:13:36,69.83,11700,69.84,D
sz002409,雅克科技,2025-09-24 10:13:39,69.84,6400,69.83,E
sz002409,雅克科技,2025-09-24 10:13:42,69.85,4700,69.84,U
sz002409,雅克科技,2025-09-24 10:13:45,69.85,5800,69.85,U
sz002409,雅克科技,2025-09-24 10:13:48,69.85,12100,69.85,E
sz002409,雅克科技,2025-09-24 10:13:51,69.8,4000,69.85,D
sz002409,雅克科技,2025-09-24 10:13:54,69.79,10300,69.8,D
sz002409,雅克科技,2025-09-24 10:13:57,69.85,10100,69.79,U
sz002409,雅克科技,2025-09-24 10:14:00,69.84,3000,69.85,U
sz002409,雅克科技,2025-09-24 10:14:03,69.84,5300,69.84,D
sz002409,雅克科技,2025-09-24 10:14:06,69.85,3600,69.84,U
sz002409,雅克科技,2025-09-24 10:14:15,69.85,3900,69.89,D
sz002409,雅克科技,2025-09-24 10:14:18,69.84,8100,69.85,D
sz002409,雅克科技,2025-09-24 10:14:21,69.93,3700,69.84,U
sz002409,雅克科技,2025-09-24 10:14:27,69.93,3600,69.93,D
sz002409,雅克科技,2025-09-24 10:14:33,69.93,9800,69.93,E
sz002409,雅克科技,2025-09-24 10:14:36,69.98,3100,69.93,U
sz002409,雅克科技,2025-09-24 10:14:42,69.99,6300,69.99,U
sz002409,雅克科技,2025-09-24 10:14:45,69.99,19500,69.99,D
sz002409,雅克科技,2025-09-24 10:14:48,69.99,9100,69.99,D
sz002409,雅克科技,2025-09-24 10:14:51,69.98,6100,69.99,E
sz002409,雅克科技,2025-09-24 10:14:54,69.92,14100,69.98,D
sz002409,雅克科技,2025-09-24 10:15:15,69.93,13400,69.97,D
sz002409,雅克科技,2025-09-24 10:15:18,69.9,4800,69.93,D
sz002409,雅克科技,2025-09-24 10:15:24,69.93,8300,69.9,U
sz002409,雅克科技,2025-09-24 10:15:27,69.98,4000,69.93,U
sz002409,雅克科技,2025-09-24 10:15:30,69.92,6700,69.98,E
sz002409,雅克科技,2025-09-24 10:15:33,69.92,5300,69.92,D
sz002409,雅克科技,2025-09-24 10:15:45,69.97,3100,69.94,U
sz002409,雅克科技,2025-09-24 10:15:48,69.92,5300,69.97,D
sz002409,雅克科技,2025-09-24 10:15:54,69.88,3000,69.9,D
sz002409,雅克科技,2025-09-24 10:15:57,69.82,14800,69.88,D
sz002409,雅克科技,2025-09-24 10:16:00,69.79,16700,69.82,D
sz002409,雅克科技,2025-09-24 10:16:03,69.76,7400,69.79,D
sz002409,雅克科技,2025-09-24 10:16:06,69.75,3900,69.76,D
sz002409,雅克科技,2025-09-24 10:16:09,69.73,25700,69.75,D
sz002409,雅克科技,2025-09-24 10:16:18,69.8,7400,69.8,D
sz002409,雅克科技,2025-09-24 10:16:21,69.76,12800,69.8,D
sz002409,雅克科技,2025-09-24 10:16:27,69.9,8100,69.85,U
sz002409,雅克科技,2025-09-24 10:16:33,69.99,9600,69.9,U
sz002409,雅克科技,2025-09-24 10:16:36,70.02,14000,69.99,U
sz002409,雅克科技,2025-09-24 10:16:45,70.04,9200,70.03,U
sz002409,雅克科技,2025-09-24 10:16:51,70.04,3200,70.05,D
sz002409,雅克科技,2025-09-24 10:16:54,70.03,15100,70.04,D
sz002409,雅克科技,2025-09-24 10:17:00,69.95,3200,69.93,D
sz002409,雅克科技,2025-09-24 10:17:03,69.95,3600,69.95,U
sz002409,雅克科技,2025-09-24 10:17:12,69.95,5700,70.0,D
sz002409,雅克科技,2025-09-24 10:17:15,70.0,8400,69.95,D
sz002409,雅克科技,2025-09-24 10:17:18,70.0,3700,70.0,D
sz002409,雅克科技,2025-09-24 10:17:21,70.01,3900,70.0,U
sz002409,雅克科技,2025-09-24 10:17:27,70.04,4000,70.01,U
sz002409,雅克科技,2025-09-24 10:17:30,70.07,13600,70.04,U
sz002409,雅克科技,2025-09-24 10:17:33,70.1,8600,70.07,U
sz002409,雅克科技,2025-09-24 10:17:36,70.16,2900,70.1,U
sz002409,雅克科技,2025-09-24 10:17:42,70.2,11700,70.16,U
sz002409,雅克科技,2025-09-24 10:17:48,70.2,6700,70.2,D
sz002409,雅克科技,2025-09-24 10:17:54,70.26,4000,70.2,U
sz002409,雅克科技,2025-09-24 10:18:00,70.26,13900,70.26,U
sz002409,雅克科技,2025-09-24 10:18:03,70.2,6100,70.26,D
sz002409,雅克科技,2025-09-24 10:18:06,70.2,13300,70.2,D
sz002409,雅克科技,2025-09-24 10:18:15,70.2,3500,70.2,U
sz002409,雅克科技,2025-09-24 10:18:18,70.23,5200,70.2,U
sz002409,雅克科技,2025-09-24 10:18:33,70.17,3300,70.24,D
sz002409,雅克科技,2025-09-24 10:18:51,70.17,6000,70.1,U
sz002409,雅克科技,2025-09-24 10:18:54,70.2,3200,70.17,U
sz002409,雅克科技,2025-09-24 10:18:57,70.22,27300,70.2,U
sz002409,雅克科技,2025-09-24 10:19:00,70.2,6600,70.22,D
sz002409,雅克科技,2025-09-24 10:19:03,70.17,3100,70.2,D
sz002409,雅克科技,2025-09-24 10:19:06,70.14,4300,70.17,D
sz002409,雅克科技,2025-09-24 10:19:09,70.17,3200,70.14,E
sz002409,雅克科技,2025-09-24 10:19:12,70.12,11300,70.17,D
sz002409,雅克科技,2025-09-24 10:19:21,70.25,4900,70.19,U
sz002409,雅克科技,2025-09-24 10:19:24,70.3,21800,70.25,U
sz002409,雅克科技,2025-09-24 10:19:27,70.35,5500,70.3,U
sz002409,雅克科技,2025-09-24 10:19:39,70.23,4000,70.27,D
sz002409,雅克科技,2025-09-24 10:19:48,70.35,51200,70.21,U
sz002409,雅克科技,2025-09-24 10:19:54,70.35,5000,70.44,U
sz002409,雅克科技,2025-09-24 10:20:00,70.29,3700,70.35,D
sz002409,雅克科技,2025-09-24 10:20:03,70.35,9300,70.29,U
sz002409,雅克科技,2025-09-24 10:20:06,70.39,3100,70.35,U
sz002409,雅克科技,2025-09-24 10:20:09,70.35,13400,70.39,D
sz002409,雅克科技,2025-09-24 10:20:12,70.39,3000,70.35,U
sz002409,雅克科技,2025-09-24 10:20:15,70.36,3800,70.39,E
sz002409,雅克科技,2025-09-24 10:20:18,70.35,2900,70.36,D
sz002409,雅克科技,2025-09-24 10:20:24,70.39,7000,70.35,U
sz002409,雅克科技,2025-09-24 10:20:27,70.39,4300,70.39,D
sz002409,雅克科技,2025-09-24 10:20:33,70.42,3300,70.4,E
sz002409,雅克科技,2025-09-24 10:20:36,70.44,5000,70.42,U
sz002409,雅克科技,2025-09-24 10:20:39,70.42,9600,70.44,D
sz002409,雅克科技,2025-09-24 10:20:42,70.39,8900,70.42,D
sz002409,雅克科技,2025-09-24 10:20:45,70.42,7900,70.39,U
sz002409,雅克科技,2025-09-24 10:20:48,70.4,3700,70.42,E
sz002409,雅克科技,2025-09-24 10:20:54,70.4,6600,70.4,U
sz002409,雅克科技,2025-09-24 10:20:57,70.39,3500,70.4,D
sz002409,雅克科技,2025-09-24 10:21:06,70.29,8800,70.37,D
sz002409,雅克科技,2025-09-24 10:21:30,70.21,6000,70.22,D
sz002409,雅克科技,2025-09-24 10:21:33,70.22,5200,70.21,U
sz002409,雅克科技,2025-09-24 10:21:36,70.21,9900,70.22,D
sz002409,雅克科技,2025-09-24 10:21:42,70.19,5300,70.22,D
sz002409,雅克科技,2025-09-24 10:21:45,70.22,4200,70.19,U
sz002409,雅克科技,2025-09-24 10:22:03,70.2,3100,70.19,U
sz002409,雅克科技,2025-09-24 10:22:06,70.22,3400,70.2,U
sz002409,雅克科技,2025-09-24 10:22:09,70.15,27200,70.22,D
sz002409,雅克科技,2025-09-24 10:22:12,70.11,4600,70.15,D
sz002409,雅克科技,2025-09-24 10:22:15,70.18,3700,70.11,U
sz002409,雅克科技,2025-09-24 10:22:24,70.2,3300,70.2,U
sz002409,雅克科技,2025-09-24 10:22:36,70.23,3400,70.21,U
sz002409,雅克科技,2025-09-24 10:22:42,70.23,5400,70.23,U
sz002409,雅克科技,2025-09-24 10:22:45,70.25,6400,70.23,U
sz002409,雅克科技,2025-09-24 10:22:48,70.3,5300,70.25,U
sz002409,雅克科技,2025-09-24 10:23:00,70.34,2900,70.33,U
sz002409,雅克科技,2025-09-24 10:23:06,70.3,5900,70.32,D
sz002409,雅克科技,2025-09-24 10:23:12,70.31,6400,70.32,E
sz002409,雅克科技,2025-09-24 10:23:15,70.32,6700,70.31,U
sz002409,雅克科技,2025-09-24 10:23:18,70.32,8500,70.32,D
sz002409,雅克科技,2025-09-24 10:23:30,70.36,16500,70.32,U
sz002409,雅克科技,2025-09-24 10:23:33,70.32,10000,70.36,D
sz002409,雅克科技,2025-09-24 10:23:36,70.35,8700,70.32,U
sz002409,雅克科技,2025-09-24 10:23:42,70.38,35500,70.32,U
sz002409,雅克科技,2025-09-24 10:23:45,70.41,21500,70.38,U
sz002409,雅克科技,2025-09-24 10:23:48,70.49,33500,70.41,U
sz002409,雅克科技,2025-09-24 10:23:51,70.5,7700,70.49,U
sz002409,雅克科技,2025-09-24 10:23:54,70.4,19900,70.5,D
sz002409,雅克科技,2025-09-24 10:24:00,70.47,16500,70.49,D
sz002409,雅克科技,2025-09-24 10:24:06,70.28,6300,70.47,D
sz002409,雅克科技,2025-09-24 10:24:09,70.46,10100,70.28,U
sz002409,雅克科技,2025-09-24 10:24:12,70.46,16600,70.46,U
sz002409,雅克科技,2025-09-24 10:24:15,70.46,4200,70.46,U
sz002409,雅克科技,2025-09-24 10:24:18,70.45,20200,70.46,E
sz002409,雅克科技,2025-09-24 10:24:21,70.48,6600,70.45,U
sz002409,雅克科技,2025-09-24 10:24:33,70.46,6400,70.45,U
sz002409,雅克科技,2025-09-24 10:24:36,70.57,30200,70.46,U
sz002409,雅克科技,2025-09-24 10:24:39,70.55,2900,70.57,D
sz002409,雅克科技,2025-09-24 10:24:45,70.55,7800,70.56,E
sz002409,雅克科技,2025-09-24 10:24:48,70.58,5700,70.55,U
sz002409,雅克科技,2025-09-24 10:24:51,70.53,3900,70.58,D
sz002409,雅克科技,2025-09-24 10:24:54,70.57,24900,70.53,U
sz002409,雅克科技,2025-09-24 10:25:00,70.6,9700,70.59,U
sz002409,雅克科技,2025-09-24 10:25:03,70.64,5700,70.6,U
sz002409,雅克科技,2025-09-24 10:25:06,70.68,16400,70.64,U
sz002409,雅克科技,2025-09-24 10:25:09,70.68,4400,70.68,U
sz002409,雅克科技,2025-09-24 10:25:12,70.7,4100,70.68,U
sz002409,雅克科技,2025-09-24 10:25:15,70.73,15400,70.7,U
sz002409,雅克科技,2025-09-24 10:25:18,70.7,7400,70.73,D
sz002409,雅克科技,2025-09-24 10:25:21,70.75,12000,70.7,U
sz002409,雅克科技,2025-09-24 10:25:24,70.76,5800,70.75,U
sz002409,雅克科技,2025-09-24 10:25:27,70.76,4400,70.76,D
sz002409,雅克科技,2025-09-24 10:25:30,70.81,32600,70.76,U
sz002409,雅克科技,2025-09-24 10:25:33,70.85,4000,70.81,U
sz002409,雅克科技,2025-09-24 10:25:39,70.87,6000,70.85,U
sz002409,雅克科技,2025-09-24 10:25:42,70.87,14500,70.87,D
sz002409,雅克科技,2025-09-24 10:25:48,70.87,10800,70.87,D
sz002409,雅克科技,2025-09-24 10:25:51,70.94,27000,70.87,U
sz002409,雅克科技,2025-09-24 10:25:54,70.91,9300,70.94,D
sz002409,雅克科技,2025-09-24 10:25:57,70.94,2900,70.91,U
sz002409,雅克科技,2025-09-24 10:26:00,70.94,13600,70.94,D
sz002409,雅克科技,2025-09-24 10:26:03,70.92,52600,70.94,D
sz002409,雅克科技,2025-09-24 10:26:06,70.91,14500,70.92,E
sz002409,雅克科技,2025-09-24 10:26:09,70.7,19500,70.91,D
sz002409,雅克科技,2025-09-24 10:26:12,70.78,9000,70.7,E
sz002409,雅克科技,2025-09-24 10:26:15,70.7,13600,70.78,E
sz002409,雅克科技,2025-09-24 10:26:21,70.7,4800,70.7,U
sz002409,雅克科技,2025-09-24 10:26:27,70.76,10600,70.66,U
sz002409,雅克科技,2025-09-24 10:26:45,70.75,4200,70.7,U
sz002409,雅克科技,2025-09-24 10:26:48,70.7,4500,70.75,D
sz002409,雅克科技,2025-09-24 10:26:54,70.76,16400,70.75,U
sz002409,雅克科技,2025-09-24 10:26:57,70.73,8200,70.76,D
sz002409,雅克科技,2025-09-24 10:27:00,70.78,3300,70.73,U
sz002409,雅克科技,2025-09-24 10:27:03,70.78,3778,70.78,U
sz002409,雅克科技,2025-09-24 10:27:09,70.75,5000,70.77,D
sz002409,雅克科技,2025-09-24 10:27:12,70.77,16800,70.75,U
sz002409,雅克科技,2025-09-24 10:27:21,70.8,14378,70.76,U
sz002409,雅克科技,2025-09-24 10:27:27,70.79,5078,70.77,U
sz002409,雅克科技,2025-09-24 10:27:30,70.76,14300,70.79,D
sz002409,雅克科技,2025-09-24 10:27:33,70.8,7600,70.76,U
sz002409,雅克科技,2025-09-24 10:27:48,70.79,5900,70.79,U
sz002409,雅克科技,2025-09-24 10:27:51,70.92,44200,70.79,U
sz002409,雅克科技,2025-09-24 10:27:54,70.93,14600,70.92,U
sz002409,雅克科技,2025-09-24 10:27:57,70.97,19500,70.93,U
sz002409,雅克科技,2025-09-24 10:28:00,70.89,3900,70.97,D
sz002409,雅克科技,2025-09-24 10:28:06,70.94,7000,70.89,U
sz002409,雅克科技,2025-09-24 10:28:09,70.98,5600,70.94,U
sz002409,雅克科技,2025-09-24 10:28:12,70.99,5400,70.98,U
sz002409,雅克科技,2025-09-24 10:28:15,70.99,7200,70.99,U
sz002409,雅克科技,2025-09-24 10:28:18,70.93,9400,70.99,D
sz002409,雅克科技,2025-09-24 10:28:21,70.82,5600,70.93,D
sz002409,雅克科技,2025-09-24 10:28:24,70.8,7800,70.82,D
sz002409,雅克科技,2025-09-24 10:28:30,70.87,14100,70.9,D
sz002409,雅克科技,2025-09-24 10:28:33,70.84,13700,70.87,E
sz002409,雅克科技,2025-09-24 10:28:39,70.9,21500,70.85,U
sz002409,雅克科技,2025-09-24 10:28:45,70.91,2900,70.9,U
sz002409,雅克科技,2025-09-24 10:28:54,70.93,4900,70.91,U
sz002409,雅克科技,2025-09-24 10:28:57,70.97,3900,70.93,U
sz002409,雅克科技,2025-09-24 10:29:00,70.93,3100,70.97,D
sz002409,雅克科技,2025-09-24 10:29:06,70.85,6600,70.92,D
sz002409,雅克科技,2025-09-24 10:29:09,70.81,3200,70.85,D
sz002409,雅克科技,2025-09-24 10:29:12,70.79,19422,70.81,D
sz002409,雅克科技,2025-09-24 10:29:15,70.82,3800,70.79,U
sz002409,雅克科技,2025-09-24 10:29:18,70.79,14100,70.82,U
sz002409,雅克科技,2025-09-24 10:29:21,70.78,7900,70.79,U
sz002409,雅克科技,2025-09-24 10:29:24,70.81,5300,70.78,U
sz002409,雅克科技,2025-09-24 10:29:27,70.81,3600,70.81,U
sz002409,雅克科技,2025-09-24 10:29:30,70.8,11200,70.81,D
sz002409,雅克科技,2025-09-24 10:29:33,70.78,5200,70.8,D
sz002409,雅克科技,2025-09-24 10:29:36,70.8,5700,70.78,E
sz002409,雅克科技,2025-09-24 10:29:39,70.81,24700,70.8,D
sz002409,雅克科技,2025-09-24 10:29:42,70.85,5300,70.81,E
sz002409,雅克科技,2025-09-24 10:29:45,70.9,4600,70.85,U
sz002409,雅克科技,2025-09-24 10:29:48,70.9,12300,70.9,U
sz002409,雅克科技,2025-09-24 10:29:51,70.96,3300,70.9,U
sz002409,雅克科技,2025-09-24 10:29:54,70.9,6000,70.96,D
sz002409,雅克科技,2025-09-24 10:29:57,70.9,3300,70.9,U
sz002409,雅克科技,2025-09-24 10:30:00,70.87,9000,70.9,D
sz002409,雅克科技,2025-09-24 10:30:03,70.87,4700,70.87,U
sz002409,雅克科技,2025-09-24 10:30:06,70.9,5800,70.87,U
sz002409,雅克科技,2025-09-24 10:30:09,70.94,18800,70.9,U
sz002409,雅克科技,2025-09-24 10:30:12,70.95,6200,70.94,U
sz002409,雅克科技,2025-09-24 10:30:15,70.9,7500,70.95,D
sz002409,雅克科技,2025-09-24 10:30:18,70.95,8100,70.9,U
sz002409,雅克科技,2025-09-24 10:30:21,70.97,3800,70.95,U
sz002409,雅克科技,2025-09-24 10:30:24,70.97,10300,70.97,U
sz002409,雅克科技,2025-09-24 10:30:27,70.97,8800,70.97,D
sz002409,雅克科技,2025-09-24 10:30:30,70.98,4600,70.97,U
sz002409,雅克科技,2025-09-24 10:30:33,70.99,11400,70.98,U
sz002409,雅克科技,2025-09-24 10:30:36,71.1,176000,70.99,U
sz002409,雅克科技,2025-09-24 10:30:39,71.16,7900,71.1,U
sz002409,雅克科技,2025-09-24 10:30:42,71.22,19000,71.16,U
sz002409,雅克科技,2025-09-24 10:30:45,71.25,13300,71.22,U
sz002409,雅克科技,2025-09-24 10:30:48,71.27,14800,71.25,U
sz002409,雅克科技,2025-09-24 10:30:51,71.29,14500,71.27,U
sz002409,雅克科技,2025-09-24 10:30:54,71.32,9800,71.29,U
sz002409,雅克科技,2025-09-24 10:30:57,71.36,8100,71.32,U
sz002409,雅克科技,2025-09-24 10:31:00,71.32,70300,71.36,D
sz002409,雅克科技,2025-09-24 10:31:03,71.3,43700,71.32,E
sz002409,雅克科技,2025-09-24 10:31:06,71.28,20000,71.3,E
sz002409,雅克科技,2025-09-24 10:31:09,71.31,32000,71.28,U
sz002409,雅克科技,2025-09-24 10:31:12,71.27,19200,71.31,E
sz002409,雅克科技,2025-09-24 10:31:15,71.26,14200,71.27,E
sz002409,雅克科技,2025-09-24 10:31:18,71.26,8100,71.26,U
sz002409,雅克科技,2025-09-24 10:31:21,71.1,11400,71.26,D
sz002409,雅克科技,2025-09-24 10:31:24,71.1,14900,71.1,U
sz002409,雅克科技,2025-09-24 10:31:27,71.0,30700,71.1,D
sz002409,雅克科技,2025-09-24 10:31:30,71.0,4200,71.0,U
sz002409,雅克科技,2025-09-24 10:31:33,70.95,8000,71.0,D
sz002409,雅克科技,2025-09-24 10:31:36,70.91,6300,70.95,E
sz002409,雅克科技,2025-09-24 10:31:39,70.86,9800,70.91,E
sz002409,雅克科技,2025-09-24 10:31:42,70.84,5500,70.86,E
sz002409,雅克科技,2025-09-24 10:31:45,70.84,3600,70.84,U
sz002409,雅克科技,2025-09-24 10:31:48,70.8,6000,70.84,E
sz002409,雅克科技,2025-09-24 10:31:51,70.78,4400,70.8,D
sz002409,雅克科技,2025-09-24 10:31:54,70.78,9900,70.78,U
sz002409,雅克科技,2025-09-24 10:31:57,70.78,6100,70.78,U
sz002409,雅克科技,2025-09-24 10:32:00,70.77,15900,70.78,D
sz002409,雅克科技,2025-09-24 10:32:03,70.78,12500,70.77,U
sz002409,雅克科技,2025-09-24 10:32:06,70.77,7600,70.78,D
sz002409,雅克科技,2025-09-24 10:32:09,70.78,4800,70.77,U
sz002409,雅克科技,2025-09-24 10:32:12,70.78,2900,70.78,U
sz002409,雅克科技,2025-09-24 10:32:15,70.74,4000,70.78,D
sz002409,雅克科技,2025-09-24 10:32:18,70.73,4400,70.74,D
sz002409,雅克科技,2025-09-24 10:32:21,70.7,6500,70.73,E
sz002409,雅克科技,2025-09-24 10:32:24,70.71,3600,70.7,E
sz002409,雅克科技,2025-09-24 10:32:33,70.66,6800,70.65,U
sz002409,雅克科技,2025-09-24 10:32:36,70.65,7100,70.66,D
sz002409,雅克科技,2025-09-24 10:32:39,70.64,4200,70.65,E
sz002409,雅克科技,2025-09-24 10:32:42,70.57,17500,70.64,D
sz002409,雅克科技,2025-09-24 10:32:51,70.57,7000,70.57,E
sz002409,雅克科技,2025-09-24 10:32:57,70.57,5700,70.61,D
sz002409,雅克科技,2025-09-24 10:33:06,70.54,23000,70.61,D
sz002409,雅克科技,2025-09-24 10:33:09,70.6,6200,70.54,U
sz002409,雅克科技,2025-09-24 10:33:12,70.62,6400,70.6,U
sz002409,雅克科技,2025-09-24 10:33:15,70.61,9600,70.62,E
sz002409,雅克科技,2025-09-24 10:33:18,70.61,7800,70.61,E
sz002409,雅克科技,2025-09-24 10:33:21,70.63,3300,70.61,E
sz002409,雅克科技,2025-09-24 10:33:24,70.68,11500,70.63,U
sz002409,雅克科技,2025-09-24 10:33:30,70.68,7400,70.68,E
sz002409,雅克科技,2025-09-24 10:33:33,70.68,14600,70.68,D
sz002409,雅克科技,2025-09-24 10:33:36,70.67,25800,70.68,E
sz002409,雅克科技,2025-09-24 10:33:39,70.67,6100,70.67,U
sz002409,雅克科技,2025-09-24 10:33:51,70.64,4800,70.58,E
sz002409,雅克科技,2025-09-24 10:34:00,70.63,6900,70.65,D
sz002409,雅克科技,2025-09-24 10:34:03,70.6,3700,70.63,D
sz002409,雅克科技,2025-09-24 10:34:15,70.62,3800,70.62,D
sz002409,雅克科技,2025-09-24 10:34:18,70.62,7500,70.62,U
sz002409,雅克科技,2025-09-24 10:34:24,70.69,6700,70.65,U
sz002409,雅克科技,2025-09-24 10:34:27,70.71,10600,70.69,U
sz002409,雅克科技,2025-09-24 10:34:30,70.73,8200,70.71,U
sz002409,雅克科技,2025-09-24 10:34:33,70.75,2900,70.73,U
sz002409,雅克科技,2025-09-24 10:34:39,70.76,6400,70.75,U
sz002409,雅克科技,2025-09-24 10:34:42,70.77,8200,70.76,U
sz002409,雅克科技,2025-09-24 10:34:45,70.78,3600,70.77,U
sz002409,雅克科技,2025-09-24 10:34:54,70.8,5900,70.8,U
sz002409,雅克科技,2025-09-24 10:34:57,70.8,4200,70.8,U
sz002409,雅克科技,2025-09-24 10:35:12,70.98,4000,70.95,U
sz002409,雅克科技,2025-09-24 10:35:15,71.0,6300,70.98,U
sz002409,雅克科技,2025-09-24 10:35:18,70.99,6100,71.0,E
sz002409,雅克科技,2025-09-24 10:35:21,71.0,17000,70.99,U
sz002409,雅克科技,2025-09-24 10:35:24,71.0,6200,71.0,U
sz002409,雅克科技,2025-09-24 10:35:27,71.0,11200,71.0,D
sz002409,雅克科技,2025-09-24 10:35:33,71.04,3300,71.01,E
sz002409,雅克科技,2025-09-24 10:35:45,71.08,4500,71.07,U
sz002409,雅克科技,2025-09-24 10:35:48,71.08,7500,71.08,U
sz002409,雅克科技,2025-09-24 10:35:51,71.04,3700,71.08,D
sz002409,雅克科技,2025-09-24 10:35:54,71.18,13000,71.04,U
sz002409,雅克科技,2025-09-24 10:35:57,71.18,5200,71.18,U
sz002409,雅克科技,2025-09-24 10:36:00,71.1,14600,71.18,D
sz002409,雅克科技,2025-09-24 10:36:03,71.18,31200,71.1,U
sz002409,雅克科技,2025-09-24 10:36:06,71.09,4700,71.18,E
sz002409,雅克科技,2025-09-24 10:36:09,71.09,14900,71.09,D
sz002409,雅克科技,2025-09-24 10:36:12,71.01,32790,71.09,D
sz002409,雅克科技,2025-09-24 10:36:24,70.95,3100,70.84,U
sz002409,雅克科技,2025-09-24 10:36:36,70.99,4700,70.99,U
sz002409,雅克科技,2025-09-24 10:36:39,70.97,13800,70.99,D
sz002409,雅克科技,2025-09-24 10:36:45,70.97,7800,70.97,U
sz002409,雅克科技,2025-09-24 10:36:48,70.97,5000,70.97,U
sz002409,雅克科技,2025-09-24 10:36:51,70.94,8000,70.97,D
sz002409,雅克科技,2025-09-24 10:36:54,71.0,6900,70.94,U
sz002409,雅克科技,2025-09-24 10:36:57,71.0,7800,71.0,U
sz002409,雅克科技,2025-09-24 10:37:03,71.0,11400,70.96,U
sz002409,雅克科技,2025-09-24 10:37:09,70.99,10800,70.97,U
sz002409,雅克科技,2025-09-24 10:37:12,70.99,3400,70.99,D
sz002409,雅克科技,2025-09-24 10:37:18,71.0,6600,71.0,D
sz002409,雅克科技,2025-09-24 10:37:24,71.07,6000,71.05,U
sz002409,雅克科技,2025-09-24 10:37:27,71.05,5300,71.07,D
sz002409,雅克科技,2025-09-24 10:37:30,71.08,11388,71.05,U
sz002409,雅克科技,2025-09-24 10:37:33,71.09,13012,71.08,U
sz002409,雅克科技,2025-09-24 10:37:36,71.11,3288,71.09,U
sz002409,雅克科技,2025-09-24 10:37:48,71.1,7400,71.12,D
sz002409,雅克科技,2025-09-24 10:37:51,71.12,4400,71.1,D
sz002409,雅克科技,2025-09-24 10:37:57,71.09,5400,71.12,D
sz002409,雅克科技,2025-09-24 10:38:00,71.1,11500,71.09,E
sz002409,雅克科技,2025-09-24 10:38:03,71.12,18400,71.1,U
sz002409,雅克科技,2025-09-24 10:38:06,71.12,14900,71.12,D
sz002409,雅克科技,2025-09-24 10:38:09,71.12,4600,71.12,D
sz002409,雅克科技,2025-09-24 10:38:15,71.04,25900,71.15,D
sz002409,雅克科技,2025-09-24 10:38:21,71.12,14900,71.04,U
sz002409,雅克科技,2025-09-24 10:38:30,71.0,5600,71.09,D
sz002409,雅克科技,2025-09-24 10:38:33,70.99,4800,71.0,D
sz002409,雅克科技,2025-09-24 10:38:51,71.02,5100,71.02,D
sz002409,雅克科技,2025-09-24 10:38:54,70.98,4100,71.02,D
sz002409,雅克科技,2025-09-24 10:39:03,70.9,5100,70.98,D
sz002409,雅克科技,2025-09-24 10:39:21,70.88,3700,70.93,D
sz002409,雅克科技,2025-09-24 10:39:30,70.9,4400,70.89,E
sz002409,雅克科技,2025-09-24 10:39:36,70.92,10100,70.92,U
sz002409,雅克科技,2025-09-24 10:39:39,70.93,7000,70.92,U
sz002409,雅克科技,2025-09-24 10:39:42,70.97,4000,70.93,U
sz002409,雅克科技,2025-09-24 10:39:54,70.99,10000,70.97,D
sz002409,雅克科技,2025-09-24 10:39:57,70.99,8200,70.99,U
sz002409,雅克科技,2025-09-24 10:40:03,71.0,12300,70.99,U
sz002409,雅克科技,2025-09-24 10:40:09,70.78,40800,70.98,D
sz002409,雅克科技,2025-09-24 10:40:18,70.73,8500,70.72,E
sz002409,雅克科技,2025-09-24 10:40:21,70.72,5400,70.73,E
sz002409,雅克科技,2025-09-24 10:40:24,70.71,3600,70.72,D
sz002409,雅克科技,2025-09-24 10:40:33,70.72,10100,70.73,E
sz002409,雅克科技,2025-09-24 10:40:36,70.67,6400,70.72,D
sz002409,雅克科技,2025-09-24 10:40:39,70.66,4900,70.67,D
sz002409,雅克科技,2025-09-24 10:40:54,70.7,7700,70.7,D
sz002409,雅克科技,2025-09-24 10:40:57,70.71,9800,70.7,U
sz002409,雅克科技,2025-09-24 10:41:00,70.69,12600,70.71,D
sz002409,雅克科技,2025-09-24 10:41:06,70.82,8400,70.7,U
sz002409,雅克科技,2025-09-24 10:41:09,70.73,6300,70.82,D
sz002409,雅克科技,2025-09-24 10:41:12,70.81,5000,70.73,U
sz002409,雅克科技,2025-09-24 10:41:33,70.88,4700,70.88,U
sz002409,雅克科技,2025-09-24 10:41:36,70.93,8600,70.88,U
sz002409,雅克科技,2025-09-24 10:41:39,70.98,3200,70.93,U
sz002409,雅克科技,2025-09-24 10:41:51,70.98,9100,70.98,D
sz002409,雅克科技,2025-09-24 10:42:00,70.88,19700,70.95,D
sz002409,雅克科技,2025-09-24 10:42:03,70.8,10500,70.88,D
sz002409,雅克科技,2025-09-24 10:42:06,70.8,5400,70.8,U
sz002409,雅克科技,2025-09-24 10:42:09,70.77,11500,70.8,D
sz002409,雅克科技,2025-09-24 10:42:18,70.82,15000,70.81,D
sz002409,雅克科技,2025-09-24 10:42:21,70.82,31100,70.82,D
sz002409,雅克科技,2025-09-24 10:42:24,70.81,13400,70.82,U
sz002409,雅克科技,2025-09-24 10:42:36,70.8,20300,70.8,D
sz002409,雅克科技,2025-09-24 10:42:39,70.8,3500,70.8,D
sz002409,雅克科技,2025-09-24 10:42:42,70.79,18200,70.8,D
sz002409,雅克科技,2025-09-24 10:42:57,70.74,20900,70.75,D
sz002409,雅克科技,2025-09-24 10:43:00,70.54,30800,70.74,D
sz002409,雅克科技,2025-09-24 10:43:03,70.54,5000,70.54,U
sz002409,雅克科技,2025-09-24 10:43:06,70.52,11600,70.54,E
sz002409,雅克科技,2025-09-24 10:43:09,70.42,11400,70.52,D
sz002409,雅克科技,2025-09-24 10:43:15,70.47,5100,70.47,E
sz002409,雅克科技,2025-09-24 10:43:18,70.46,3100,70.47,E
sz002409,雅克科技,2025-09-24 10:43:24,70.45,6800,70.46,D
sz002409,雅克科技,2025-09-24 10:43:30,70.4,4200,70.45,D
sz002409,雅克科技,2025-09-24 10:43:33,70.38,3300,70.4,D
sz002409,雅克科技,2025-09-24 10:43:39,70.4,2900,70.37,U
sz002409,雅克科技,2025-09-24 10:43:42,70.41,15000,70.4,U
sz002409,雅克科技,2025-09-24 10:43:45,70.48,18000,70.41,U
sz002409,雅克科技,2025-09-24 10:43:48,70.48,7100,70.48,U
sz002409,雅克科技,2025-09-24 10:44:12,70.56,12400,70.59,D
sz002409,雅克科技,2025-09-24 10:44:15,70.58,7244,70.56,U
sz002409,雅克科技,2025-09-24 10:44:18,70.56,3500,70.58,E
sz002409,雅克科技,2025-09-24 10:44:30,70.56,6200,70.53,U
sz002409,雅克科技,2025-09-24 10:44:36,70.6,3700,70.57,U
sz002409,雅克科技,2025-09-24 10:44:48,70.62,3400,70.62,D
sz002409,雅克科技,2025-09-24 10:44:51,70.62,3000,70.62,U
sz002409,雅克科技,2025-09-24 10:44:54,70.63,14800,70.62,U
sz002409,雅克科技,2025-09-24 10:45:12,70.62,3700,70.55,U
sz002409,雅克科技,2025-09-24 10:45:24,70.67,9500,70.66,U
sz002409,雅克科技,2025-09-24 10:45:33,70.65,3000,70.68,D
sz002409,雅克科技,2025-09-24 10:45:39,70.65,27600,70.65,U
sz002409,雅克科技,2025-09-24 10:45:42,70.67,4000,70.65,E
sz002409,雅克科技,2025-09-24 10:45:45,70.65,3000,70.67,D
sz002409,雅克科技,2025-09-24 10:45:51,70.64,9200,70.67,D
sz002409,雅克科技,2025-09-24 10:45:54,70.62,10500,70.64,D
sz002409,雅克科技,2025-09-24 10:46:00,70.5,6200,70.55,D
sz002409,雅克科技,2025-09-24 10:46:06,70.53,3900,70.53,U
sz002409,雅克科技,2025-09-24 10:46:15,70.54,3200,70.55,D
sz002409,雅克科技,2025-09-24 10:46:18,70.54,10600,70.54,U
sz002409,雅克科技,2025-09-24 10:46:24,70.55,4100,70.62,E
sz002409,雅克科技,2025-09-24 10:46:48,70.61,30600,70.57,U
sz002409,雅克科技,2025-09-24 10:47:00,70.47,7500,70.52,D
sz002409,雅克科技,2025-09-24 10:47:06,70.41,9300,70.41,D
sz002409,雅克科技,2025-09-24 10:47:21,70.38,4400,70.33,U
sz002409,雅克科技,2025-09-24 10:47:27,70.38,29200,70.39,E
sz002409,雅克科技,2025-09-24 10:48:00,70.43,3200,70.42,U
sz002409,雅克科技,2025-09-24 10:48:06,70.45,3800,70.44,U
sz002409,雅克科技,2025-09-24 10:48:18,70.5,2900,70.45,U
sz002409,雅克科技,2025-09-24 10:48:24,70.6,6900,70.5,U
sz002409,雅克科技,2025-09-24 10:48:27,70.6,7700,70.6,U
sz002409,雅克科技,2025-09-24 10:48:39,70.59,2900,70.6,D
sz002409,雅克科技,2025-09-24 10:48:42,70.54,4700,70.59,E
sz002409,雅克科技,2025-09-24 10:48:57,70.52,4500,70.52,U
sz002409,雅克科技,2025-09-24 10:49:03,70.49,3900,70.54,D
sz002409,雅克科技,2025-09-24 10:49:15,70.52,16200,70.54,D
sz002409,雅克科技,2025-09-24 10:49:18,70.49,4600,70.52,E
sz002409,雅克科技,2025-09-24 10:49:39,70.52,4400,70.59,D
sz002409,雅克科技,2025-09-24 10:49:54,70.57,4200,70.6,D
sz002409,雅克科技,2025-09-24 10:50:03,70.62,6300,70.56,U
sz002409,雅克科技,2025-09-24 10:50:09,70.62,3500,70.62,U
sz002409,雅克科技,2025-09-24 10:50:24,70.59,3500,70.52,U
sz002409,雅克科技,2025-09-24 10:50:39,70.51,3400,70.5,E
sz002409,雅克科技,2025-09-24 10:50:42,70.5,3300,70.51,D
sz002409,雅克科技,2025-09-24 10:50:51,70.51,5200,70.51,D
sz002409,雅克科技,2025-09-24 10:50:54,70.48,3000,70.51,D
sz002409,雅克科技,2025-09-24 10:50:57,70.49,4200,70.48,U
sz002409,雅克科技,2025-09-24 10:51:00,70.5,3100,70.49,D
sz002409,雅克科技,2025-09-24 10:51:09,70.51,6600,70.5,U
sz002409,雅克科技,2025-09-24 10:51:12,70.52,5100,70.51,U
sz002409,雅克科技,2025-09-24 10:51:15,70.51,3500,70.52,D
sz002409,雅克科技,2025-09-24 10:51:24,70.52,6100,70.55,D
sz002409,雅克科技,2025-09-24 10:51:39,70.65,3400,70.66,D
sz002409,雅克科技,2025-09-24 10:51:48,70.69,2900,70.7,D
sz002409,雅克科技,2025-09-24 10:51:51,70.71,4400,70.69,U
sz002409,雅克科技,2025-09-24 10:51:54,70.77,3200,70.71,E
sz002409,雅克科技,2025-09-24 10:52:03,70.8,7000,70.8,U
sz002409,雅克科技,2025-09-24 10:52:21,70.84,4200,70.88,E
sz002409,雅克科技,2025-09-24 10:52:24,70.87,3100,70.84,U
sz002409,雅克科技,2025-09-24 10:52:30,70.87,3700,70.87,D
sz002409,雅克科技,2025-09-24 10:52:33,70.98,12100,70.87,U
sz002409,雅克科技,2025-09-24 10:52:36,71.0,14900,70.98,U
sz002409,雅克科技,2025-09-24 10:52:39,71.02,18800,71.0,U
sz002409,雅克科技,2025-09-24 10:52:42,71.09,4200,71.02,U
sz002409,雅克科技,2025-09-24 10:52:45,71.1,3100,71.09,U
sz002409,雅克科技,2025-09-24 10:52:48,71.1,2900,71.1,U
sz002409,雅克科技,2025-09-24 10:52:51,71.1,7700,71.1,U
sz002409,雅克科技,2025-09-24 10:52:54,71.1,3100,71.1,U
sz002409,雅克科技,2025-09-24 10:52:57,71.01,6600,71.1,D
sz002409,雅克科技,2025-09-24 10:53:00,70.96,8900,71.01,D
sz002409,雅克科技,2025-09-24 10:53:03,70.96,7700,70.96,U
sz002409,雅克科技,2025-09-24 10:53:27,70.99,7400,70.87,U
sz002409,雅克科技,2025-09-24 10:53:30,71.0,12000,70.99,U
sz002409,雅克科技,2025-09-24 10:53:33,71.0,2900,71.0,U
sz002409,雅克科技,2025-09-24 10:53:42,71.0,3800,70.91,U
sz002409,雅克科技,2025-09-24 10:54:03,71.0,3100,70.99,U
sz002409,雅克科技,2025-09-24 10:54:06,70.97,10700,71.0,E
sz002409,雅克科技,2025-09-24 10:54:15,71.06,20800,71.0,U
sz002409,雅克科技,2025-09-24 10:54:18,71.06,46700,71.06,D
sz002409,雅克科技,2025-09-24 10:54:27,71.06,16800,71.06,U
sz002409,雅克科技,2025-09-24 10:54:30,71.11,12000,71.06,U
sz002409,雅克科技,2025-09-24 10:54:33,71.08,3300,71.11,D
sz002409,雅克科技,2025-09-24 10:54:42,71.12,10800,71.12,D
sz002409,雅克科技,2025-09-24 10:54:45,71.1,5600,71.12,D
sz002409,雅克科技,2025-09-24 10:54:51,71.07,15900,71.1,D
sz002409,雅克科技,2025-09-24 10:55:03,70.91,4800,70.98,D
sz002409,雅克科技,2025-09-24 10:55:15,70.9,6900,70.93,D
sz002409,雅克科技,2025-09-24 10:55:48,70.8,5400,70.85,D
sz002409,雅克科技,2025-09-24 10:56:36,71.0,8200,71.0,D
sz002409,雅克科技,2025-09-24 10:56:42,71.03,3900,71.0,U
sz002409,雅克科技,2025-09-24 10:56:51,71.07,3200,71.0,U
sz002409,雅克科技,2025-09-24 10:56:54,71.06,8900,71.07,E
sz002409,雅克科技,2025-09-24 10:56:57,71.11,3300,71.06,U
sz002409,雅克科技,2025-09-24 10:57:00,71.11,6500,71.11,U
sz002409,雅克科技,2025-09-24 10:57:03,71.12,4700,71.11,U
sz002409,雅克科技,2025-09-24 10:57:06,71.08,9100,71.12,D
sz002409,雅克科技,2025-09-24 10:57:12,71.12,16100,71.12,U
sz002409,雅克科技,2025-09-24 10:57:18,71.12,12500,71.12,U
sz002409,雅克科技,2025-09-24 10:57:21,71.12,7700,71.12,U
sz002409,雅克科技,2025-09-24 10:57:24,71.09,3600,71.12,D
sz002409,雅克科技,2025-09-24 10:57:27,71.1,8400,71.09,U
sz002409,雅克科技,2025-09-24 10:57:33,71.11,4500,71.09,U
sz002409,雅克科技,2025-09-24 10:57:36,71.11,4600,71.11,D
sz002409,雅克科技,2025-09-24 10:57:42,71.11,9000,71.11,D
sz002409,雅克科技,2025-09-24 10:57:45,71.1,48200,71.11,D
sz002409,雅克科技,2025-09-24 10:57:54,71.1,6100,71.09,U
sz002409,雅克科技,2025-09-24 10:58:00,71.1,4900,71.1,D
sz002409,雅克科技,2025-09-24 10:58:03,71.1,4300,71.1,U
sz002409,雅克科技,2025-09-24 10:58:09,71.09,6000,71.09,D
sz002409,雅克科技,2025-09-24 10:58:12,71.1,3700,71.09,U
sz002409,雅克科技,2025-09-24 10:58:18,71.1,6300,71.1,U
sz002409,雅克科技,2025-09-24 10:58:21,71.12,46000,71.1,U
sz002409,雅克科技,2025-09-24 10:58:24,71.13,7200,71.12,U
sz002409,雅克科技,2025-09-24 10:58:27,71.16,16200,71.13,U
sz002409,雅克科技,2025-09-24 10:58:30,71.13,4200,71.16,D
sz002409,雅克科技,2025-09-24 10:58:33,71.17,5900,71.13,U
sz002409,雅克科技,2025-09-24 10:58:36,71.18,17300,71.17,U
sz002409,雅克科技,2025-09-24 10:58:39,71.16,4000,71.18,D
sz002409,雅克科技,2025-09-24 10:58:42,71.18,13300,71.16,U
sz002409,雅克科技,2025-09-24 10:58:48,71.19,6500,71.18,U
sz002409,雅克科技,2025-09-24 10:58:54,71.18,6600,71.18,D
sz002409,雅克科技,2025-09-24 10:58:57,71.19,11300,71.18,U
sz002409,雅克科技,2025-09-24 10:59:00,71.2,3800,71.19,U
sz002409,雅克科技,2025-09-24 10:59:03,71.2,8200,71.2,U
sz002409,雅克科技,2025-09-24 10:59:06,71.2,15100,71.2,U
sz002409,雅克科技,2025-09-24 10:59:09,71.28,40200,71.2,U
sz002409,雅克科技,2025-09-24 10:59:12,71.28,8100,71.28,U
sz002409,雅克科技,2025-09-24 10:59:15,71.29,3200,71.28,U
sz002409,雅克科技,2025-09-24 10:59:18,71.3,5000,71.29,U
sz002409,雅克科技,2025-09-24 10:59:21,71.36,70200,71.3,U
sz002409,雅克科技,2025-09-24 10:59:30,71.38,5400,71.36,U
sz002409,雅克科技,2025-09-24 10:59:33,71.38,3400,71.38,U
sz002409,雅克科技,2025-09-24 10:59:36,71.38,4900,71.38,U
sz002409,雅克科技,2025-09-24 10:59:39,71.38,6900,71.38,U
sz002409,雅克科技,2025-09-24 10:59:48,71.41,13400,71.38,U
sz002409,雅克科技,2025-09-24 10:59:51,71.47,8800,71.41,U
sz002409,雅克科技,2025-09-24 10:59:54,71.42,3700,71.47,D
sz002409,雅克科技,2025-09-24 10:59:57,71.55,123600,71.42,U
sz002409,雅克科技,2025-09-24 11:00:00,71.58,25900,71.55,U
sz002409,雅克科技,2025-09-24 11:00:03,71.66,74500,71.58,U
sz002409,雅克科技,2025-09-24 11:00:06,71.66,3700,71.66,U
sz002409,雅克科技,2025-09-24 11:00:09,71.68,5900,71.66,U
sz002409,雅克科技,2025-09-24 11:00:15,71.71,67700,71.68,U
sz002409,雅克科技,2025-09-24 11:00:18,71.74,16900,71.71,U
sz002409,雅克科技,2025-09-24 11:00:21,71.75,3100,71.74,U
sz002409,雅克科技,2025-09-24 11:00:24,71.75,10600,71.75,U
sz002409,雅克科技,2025-09-24 11:00:27,71.76,9100,71.75,U
sz002409,雅克科技,2025-09-24 11:00:30,71.77,3800,71.76,U
sz002409,雅克科技,2025-09-24 11:00:33,71.77,5500,71.77,U
sz002409,雅克科技,2025-09-24 11:00:36,71.76,9100,71.77,D
sz002409,雅克科技,2025-09-24 11:00:39,71.77,13500,71.76,U
sz002409,雅克科技,2025-09-24 11:00:42,71.76,35100,71.77,D
sz002409,雅克科技,2025-09-24 11:00:45,71.75,22500,71.76,D
sz002409,雅克科技,2025-09-24 11:00:48,71.68,51700,71.75,D
sz002409,雅克科技,2025-09-24 11:00:51,71.66,18300,71.68,D
sz002409,雅克科技,2025-09-24 11:00:57,71.63,3800,71.63,U
sz002409,雅克科技,2025-09-24 11:01:00,71.56,9800,71.63,D
sz002409,雅克科技,2025-09-24 11:01:03,71.5,3700,71.56,D
sz002409,雅克科技,2025-09-24 11:01:09,71.49,10500,71.58,D
sz002409,雅克科技,2025-09-24 11:01:12,71.58,19700,71.49,U
sz002409,雅克科技,2025-09-24 11:01:15,71.63,28600,71.58,U
sz002409,雅克科技,2025-09-24 11:01:18,71.69,5300,71.63,U
sz002409,雅克科技,2025-09-24 11:01:21,71.63,10600,71.69,D
sz002409,雅克科技,2025-09-24 11:01:24,71.71,17600,71.63,E
sz002409,雅克科技,2025-09-24 11:01:27,71.72,8600,71.71,U
sz002409,雅克科技,2025-09-24 11:01:30,71.76,19500,71.72,U
sz002409,雅克科技,2025-09-24 11:01:33,71.76,7300,71.76,U
sz002409,雅克科技,2025-09-24 11:01:36,71.76,13900,71.76,U
sz002409,雅克科技,2025-09-24 11:01:39,71.79,21902,71.76,U
sz002409,雅克科技,2025-09-24 11:01:42,71.8,96900,71.79,U
sz002409,雅克科技,2025-09-24 11:01:45,71.82,8800,71.8,U
sz002409,雅克科技,2025-09-24 11:01:48,71.82,30800,71.82,U
sz002409,雅克科技,2025-09-24 11:01:51,71.8,23543,71.82,U
sz002409,雅克科技,2025-09-24 11:01:54,71.79,21500,71.8,D
sz002409,雅克科技,2025-09-24 11:01:57,71.74,14455,71.79,E
sz002409,雅克科技,2025-09-24 11:02:03,71.71,7500,71.68,U
sz002409,雅克科技,2025-09-24 11:02:06,71.73,21100,71.71,U
sz002409,雅克科技,2025-09-24 11:02:09,71.73,3800,71.73,U
sz002409,雅克科技,2025-09-24 11:02:15,71.46,13400,71.66,D
sz002409,雅克科技,2025-09-24 11:02:21,71.43,4000,71.55,D
sz002409,雅克科技,2025-09-24 11:02:24,71.4,29400,71.43,D
sz002409,雅克科技,2025-09-24 11:02:27,71.43,39000,71.4,E
sz002409,雅克科技,2025-09-24 11:02:30,71.43,5700,71.43,U
sz002409,雅克科技,2025-09-24 11:02:36,71.36,13600,71.43,D
sz002409,雅克科技,2025-09-24 11:02:39,71.4,4500,71.36,U
sz002409,雅克科技,2025-09-24 11:02:42,71.8,54400,71.4,U
sz002409,雅克科技,2025-09-24 11:02:48,71.7,2900,71.72,E
sz002409,雅克科技,2025-09-24 11:02:54,71.45,12400,71.67,D
sz002409,雅克科技,2025-09-24 11:02:57,71.59,4400,71.45,E
sz002409,雅克科技,2025-09-24 11:03:00,71.47,6600,71.59,D
sz002409,雅克科技,2025-09-24 11:03:06,71.59,3200,71.46,U
sz002409,雅克科技,2025-09-24 11:03:09,71.59,6600,71.59,D
sz002409,雅克科技,2025-09-24 11:03:12,71.7,12000,71.59,U
sz002409,雅克科技,2025-09-24 11:03:15,71.73,9800,71.7,U
sz002409,雅克科技,2025-09-24 11:03:18,71.73,3200,71.73,E
sz002409,雅克科技,2025-09-24 11:03:21,71.73,14400,71.73,U
sz002409,雅克科技,2025-09-24 11:03:24,71.7,3300,71.73,D
sz002409,雅克科技,2025-09-24 11:03:27,71.7,3400,71.7,U
sz002409,雅克科技,2025-09-24 11:03:30,71.73,22100,71.7,U
sz002409,雅克科技,2025-09-24 11:03:36,71.7,5000,71.73,D
sz002409,雅克科技,2025-09-24 11:03:42,71.7,14000,71.71,D
sz002409,雅克科技,2025-09-24 11:03:45,71.73,4700,71.7,U
sz002409,雅克科技,2025-09-24 11:03:48,71.73,10500,71.73,U
sz002409,雅克科技,2025-09-24 11:03:51,71.75,6800,71.73,U
sz002409,雅克科技,2025-09-24 11:04:00,71.79,5800,71.76,U
sz002409,雅克科技,2025-09-24 11:04:03,71.75,7500,71.79,D
sz002409,雅克科技,2025-09-24 11:04:06,71.79,6800,71.75,U
sz002409,雅克科技,2025-09-24 11:04:09,71.79,10200,71.79,U
sz002409,雅克科技,2025-09-24 11:04:12,71.76,5200,71.79,D
sz002409,雅克科技,2025-09-24 11:04:15,71.76,3400,71.76,U
sz002409,雅克科技,2025-09-24 11:04:18,71.74,3000,71.76,D
sz002409,雅克科技,2025-09-24 11:04:21,71.73,7200,71.74,D
sz002409,雅克科技,2025-09-24 11:04:24,71.7,12600,71.73,D
sz002409,雅克科技,2025-09-24 11:04:33,71.57,4500,71.59,D
sz002409,雅克科技,2025-09-24 11:04:39,71.56,3700,71.5,U
sz002409,雅克科技,2025-09-24 11:04:57,71.59,3800,71.6,U
sz002409,雅克科技,2025-09-24 11:05:00,71.55,5200,71.59,D
sz002409,雅克科技,2025-09-24 11:05:15,71.4,5600,71.51,D
sz002409,雅克科技,2025-09-24 11:05:24,71.36,5800,71.39,D
sz002409,雅克科技,2025-09-24 11:05:27,71.39,18100,71.36,U
sz002409,雅克科技,2025-09-24 11:05:33,71.41,4300,71.37,D
sz002409,雅克科技,2025-09-24 11:05:42,71.47,5300,71.5,D
sz002409,雅克科技,2025-09-24 11:05:48,71.43,4700,71.47,D
sz002409,雅克科技,2025-09-24 11:05:51,71.5,8900,71.43,U
sz002409,雅克科技,2025-09-24 11:05:57,71.55,3600,71.52,U
sz002409,雅克科技,2025-09-24 11:06:21,71.43,5500,71.5,D
sz002409,雅克科技,2025-09-24 11:06:27,71.43,3500,71.43,U
sz002409,雅克科技,2025-09-24 11:06:36,71.51,3100,71.5,E
sz002409,雅克科技,2025-09-24 11:06:51,71.43,4400,71.48,D
sz002409,雅克科技,2025-09-24 11:06:54,71.46,5300,71.43,U
sz002409,雅克科技,2025-09-24 11:06:57,71.41,8000,71.46,D
sz002409,雅克科技,2025-09-24 11:07:00,71.42,33600,71.41,U
sz002409,雅克科技,2025-09-24 11:07:30,71.43,8000,71.42,U
sz002409,雅克科技,2025-09-24 11:07:36,71.43,3500,71.44,D
sz002409,雅克科技,2025-09-24 11:07:39,71.43,7900,71.43,U
sz002409,雅克科技,2025-09-24 11:07:42,71.4,3500,71.43,D
sz002409,雅克科技,2025-09-24 11:07:57,71.4,3000,71.41,D
sz002409,雅克科技,2025-09-24 11:08:00,71.41,5800,71.4,U
sz002409,雅克科技,2025-09-24 11:08:03,71.4,4800,71.41,D
sz002409,雅克科技,2025-09-24 11:08:06,71.4,7700,71.4,D
sz002409,雅克科技,2025-09-24 11:08:09,71.36,35100,71.4,D
sz002409,雅克科技,2025-09-24 11:08:15,71.33,5500,71.36,D
sz002409,雅克科技,2025-09-24 11:08:18,71.25,6600,71.33,D
sz002409,雅克科技,2025-09-24 11:08:42,71.28,9900,71.35,D
sz002409,雅克科技,2025-09-24 11:08:51,71.38,3400,71.36,U
sz002409,雅克科技,2025-09-24 11:09:03,71.48,22900,71.39,U
sz002409,雅克科技,2025-09-24 11:09:06,71.5,12100,71.48,U
sz002409,雅克科技,2025-09-24 11:09:18,71.54,4400,71.53,U
sz002409,雅克科技,2025-09-24 11:09:21,71.59,3000,71.54,U
sz002409,雅克科技,2025-09-24 11:09:27,71.53,9400,71.59,D
sz002409,雅克科技,2025-09-24 11:09:45,71.5,11045,71.51,D
sz002409,雅克科技,2025-09-24 11:09:48,71.51,14255,71.5,U
sz002409,雅克科技,2025-09-24 11:10:06,71.49,5900,71.5,E
sz002409,雅克科技,2025-09-24 11:10:36,71.53,11700,71.52,U
sz002409,雅克科技,2025-09-24 11:10:48,71.5,6300,71.55,D
sz002409,雅克科技,2025-09-24 11:11:00,71.5,2800,71.54,E
sz002409,雅克科技,2025-09-24 11:11:03,71.53,12100,71.5,U
sz002409,雅克科技,2025-09-24 11:11:15,71.41,30600,71.53,D
sz002409,雅克科技,2025-09-24 11:11:18,71.43,7600,71.41,E
sz002409,雅克科技,2025-09-24 11:11:21,71.57,10200,71.43,U
sz002409,雅克科技,2025-09-24 11:11:30,71.55,10100,71.46,U
sz002409,雅克科技,2025-09-24 11:11:39,71.55,10000,71.41,U
sz002409,雅克科技,2025-09-24 11:12:39,71.39,3200,71.38,U
sz002409,雅克科技,2025-09-24 11:12:42,71.41,6200,71.39,U
sz002409,雅克科技,2025-09-24 11:12:54,71.48,22500,71.48,U
sz002409,雅克科技,2025-09-24 11:12:57,71.48,5300,71.48,U
sz002409,雅克科技,2025-09-24 11:13:06,71.48,4900,71.48,U
sz002409,雅克科技,2025-09-24 11:13:12,71.5,2900,71.48,U
sz002409,雅克科技,2025-09-24 11:13:30,71.51,2800,71.5,U
sz002409,雅克科技,2025-09-24 11:13:45,71.54,3400,71.54,U
sz002409,雅克科技,2025-09-24 11:14:03,71.54,4900,71.54,U
sz002409,雅克科技,2025-09-24 11:14:15,71.54,5200,71.54,U
sz002409,雅克科技,2025-09-24 11:14:21,71.54,16500,71.51,U
sz002409,雅克科技,2025-09-24 11:14:24,71.51,3800,71.54,D
sz002409,雅克科技,2025-09-24 11:14:33,71.55,20900,71.53,U
sz002409,雅克科技,2025-09-24 11:14:36,71.55,11000,71.55,U
sz002409,雅克科技,2025-09-24 11:14:42,71.55,4900,71.53,U
sz002409,雅克科技,2025-09-24 11:14:54,71.55,35200,71.54,U
sz002409,雅克科技,2025-09-24 11:14:57,71.55,10500,71.55,U
sz002409,雅克科技,2025-09-24 11:15:00,71.55,8200,71.55,U
sz002409,雅克科技,2025-09-24 11:15:03,71.54,4100,71.55,E
sz002409,雅克科技,2025-09-24 11:15:06,71.6,12600,71.54,U
sz002409,雅克科技,2025-09-24 11:15:09,71.6,8100,71.6,U
sz002409,雅克科技,2025-09-24 11:15:15,71.6,13400,71.6,D
sz002409,雅克科技,2025-09-24 11:15:27,71.59,13500,71.57,E
sz002409,雅克科技,2025-09-24 11:15:36,71.6,30500,71.59,U
sz002409,雅克科技,2025-09-24 11:15:54,71.66,36000,71.57,U
sz002409,雅克科技,2025-09-24 11:16:00,71.59,2800,71.65,E
sz002409,雅克科技,2025-09-24 11:16:12,71.4,22400,71.52,D
sz002409,雅克科技,2025-09-24 11:17:06,71.52,3600,71.51,E
sz002409,雅克科技,2025-09-24 11:17:21,71.55,3500,71.56,E
sz002409,雅克科技,2025-09-24 11:17:36,71.54,5300,71.55,D
sz002409,雅克科技,2025-09-24 11:17:39,71.55,4500,71.54,U
sz002409,雅克科技,2025-09-24 11:17:51,71.51,6300,71.54,D
sz002409,雅克科技,2025-09-24 11:18:12,71.49,12100,71.49,U
sz002409,雅克科技,2025-09-24 11:18:21,71.48,4200,71.45,U
sz002409,雅克科技,2025-09-24 11:18:48,71.4,4000,71.42,D
sz002409,雅克科技,2025-09-24 11:18:54,71.39,11200,71.4,D
sz002409,雅克科技,2025-09-24 11:18:57,71.41,2900,71.39,U
sz002409,雅克科技,2025-09-24 11:19:06,71.42,3700,71.39,U
sz002409,雅克科技,2025-09-24 11:19:15,71.41,4300,71.39,U
sz002409,雅克科技,2025-09-24 11:19:18,71.45,5000,71.41,U
sz002409,雅克科技,2025-09-24 11:19:21,71.49,13100,71.45,U
sz002409,雅克科技,2025-09-24 11:19:30,71.5,14400,71.49,U
sz002409,雅克科技,2025-09-24 11:19:33,71.5,4800,71.5,U
sz002409,雅克科技,2025-09-24 11:19:36,71.54,3400,71.5,U
sz002409,雅克科技,2025-09-24 11:19:39,71.54,3100,71.54,U
sz002409,雅克科技,2025-09-24 11:19:45,71.53,4400,71.54,U
sz002409,雅克科技,2025-09-24 11:19:54,71.55,6700,71.54,U
sz002409,雅克科技,2025-09-24 11:20:00,71.56,4000,71.55,U
sz002409,雅克科技,2025-09-24 11:20:03,71.6,17900,71.56,U
sz002409,雅克科技,2025-09-24 11:20:06,71.68,13400,71.6,U
sz002409,雅克科技,2025-09-24 11:20:09,71.69,12200,71.68,U
sz002409,雅克科技,2025-09-24 11:20:18,71.76,7000,71.72,U
sz002409,雅克科技,2025-09-24 11:20:24,71.78,6500,71.77,U
sz002409,雅克科技,2025-09-24 11:20:27,71.77,6900,71.78,D
sz002409,雅克科技,2025-09-24 11:20:30,71.77,22300,71.77,U
sz002409,雅克科技,2025-09-24 11:20:33,71.77,11500,71.77,U
sz002409,雅克科技,2025-09-24 11:20:39,71.72,8800,71.77,D
sz002409,雅克科技,2025-09-24 11:20:45,71.77,123900,71.71,U
sz002409,雅克科技,2025-09-24 11:20:51,71.68,7700,71.77,D
sz002409,雅克科技,2025-09-24 11:20:54,71.76,8200,71.68,U
sz002409,雅克科技,2025-09-24 11:21:06,71.76,5000,71.76,D
sz002409,雅克科技,2025-09-24 11:21:09,71.76,15800,71.76,U
sz002409,雅克科技,2025-09-24 11:21:15,71.76,18800,71.76,U
sz002409,雅克科技,2025-09-24 11:21:18,71.79,15000,71.76,U
sz002409,雅克科技,2025-09-24 11:21:24,71.8,6700,71.79,U
sz002409,雅克科技,2025-09-24 11:21:27,71.79,8700,71.8,D
sz002409,雅克科技,2025-09-24 11:21:33,71.78,3400,71.79,D
sz002409,雅克科技,2025-09-24 11:21:36,71.79,15600,71.78,U
sz002409,雅克科技,2025-09-24 11:21:42,71.8,16900,71.79,U
sz002409,雅克科技,2025-09-24 11:21:45,71.81,5400,71.8,U
sz002409,雅克科技,2025-09-24 11:21:48,71.81,4300,71.81,U
sz002409,雅克科技,2025-09-24 11:21:51,71.83,5500,71.81,U
sz002409,雅克科技,2025-09-24 11:21:54,71.83,8000,71.83,U
sz002409,雅克科技,2025-09-24 11:22:03,71.85,10200,71.84,U
sz002409,雅克科技,2025-09-24 11:22:06,71.88,12600,71.85,U
sz002409,雅克科技,2025-09-24 11:22:12,71.93,68800,71.88,U
sz002409,雅克科技,2025-09-24 11:22:21,71.97,3800,71.95,U
sz002409,雅克科技,2025-09-24 11:22:24,71.97,5100,71.97,U
sz002409,雅克科技,2025-09-24 11:22:30,71.98,22700,71.97,U
sz002409,雅克科技,2025-09-24 11:22:33,71.99,26200,71.98,U
sz002409,雅克科技,2025-09-24 11:22:36,71.99,12700,71.99,U
sz002409,雅克科技,2025-09-24 11:22:39,71.99,16200,71.99,U
sz002409,雅克科技,2025-09-24 11:22:42,71.99,9700,71.99,U
sz002409,雅克科技,2025-09-24 11:22:45,71.99,12300,71.99,U
sz002409,雅克科技,2025-09-24 11:22:48,72.0,9700,71.99,U
sz002409,雅克科技,2025-09-24 11:22:51,72.0,17400,72.0,U
sz002409,雅克科技,2025-09-24 11:22:54,72.0,36900,72.0,U
sz002409,雅克科技,2025-09-24 11:22:57,72.0,19600,72.0,U
sz002409,雅克科技,2025-09-24 11:23:00,72.0,14600,72.0,U
sz002409,雅克科技,2025-09-24 11:23:03,72.0,22900,72.0,U
sz002409,雅克科技,2025-09-24 11:23:06,72.0,15100,72.0,U
sz002409,雅克科技,2025-09-24 11:23:09,72.0,10100,72.0,U
sz002409,雅克科技,2025-09-24 11:23:12,72.0,11000,72.0,U
sz002409,雅克科技,2025-09-24 11:23:15,72.0,13300,72.0,U
sz002409,雅克科技,2025-09-24 11:23:18,72.0,9000,72.0,U
sz002409,雅克科技,2025-09-24 11:23:21,72.0,5300,72.0,U
sz002409,雅克科技,2025-09-24 11:23:24,72.0,9200,72.0,U
sz002409,雅克科技,2025-09-24 11:23:27,72.0,8000,72.0,U
sz002409,雅克科技,2025-09-24 11:23:30,72.01,30500,72.0,U
sz002409,雅克科技,2025-09-24 11:23:33,72.12,27300,72.01,U
sz002409,雅克科技,2025-09-24 11:23:36,72.17,7100,72.12,U
sz002409,雅克科技,2025-09-24 11:23:39,72.19,3300,72.17,U
sz002409,雅克科技,2025-09-24 11:23:45,72.2,6500,72.2,U
sz002409,雅克科技,2025-09-24 11:23:51,72.25,3000,72.23,U
sz002409,雅克科技,2025-09-24 11:23:54,72.28,2900,72.25,U
sz002409,雅克科技,2025-09-24 11:23:57,72.29,27800,72.28,U
sz002409,雅克科技,2025-09-24 11:24:00,72.29,6400,72.29,U
sz002409,雅克科技,2025-09-24 11:24:03,72.34,9600,72.29,U
sz002409,雅克科技,2025-09-24 11:24:06,72.36,5800,72.34,U
sz002409,雅克科技,2025-09-24 11:24:09,72.36,19500,72.36,U
sz002409,雅克科技,2025-09-24 11:24:12,72.39,11900,72.36,U
sz002409,雅克科技,2025-09-24 11:24:15,72.39,8900,72.39,U
sz002409,雅克科技,2025-09-24 11:24:18,72.43,5500,72.39,E
sz002409,雅克科技,2025-09-24 11:24:21,72.46,4400,72.43,U
sz002409,雅克科技,2025-09-24 11:24:24,72.47,7200,72.46,U
sz002409,雅克科技,2025-09-24 11:24:27,72.48,7500,72.47,U
sz002409,雅克科技,2025-09-24 11:24:30,72.34,68400,72.48,D
sz002409,雅克科技,2025-09-24 11:24:33,72.29,15500,72.34,D
sz002409,雅克科技,2025-09-24 11:24:36,72.26,15800,72.29,D
sz002409,雅克科技,2025-09-24 11:24:39,72.23,3100,72.26,D
sz002409,雅克科技,2025-09-24 11:24:42,72.2,4800,72.23,D
sz002409,雅克科技,2025-09-24 11:24:45,72.19,6800,72.2,D
sz002409,雅克科技,2025-09-24 11:24:48,72.2,9300,72.19,U
sz002409,雅克科技,2025-09-24 11:24:51,72.19,21700,72.2,D
sz002409,雅克科技,2025-09-24 11:24:54,72.12,10700,72.19,D
sz002409,雅克科技,2025-09-24 11:24:57,72.19,4900,72.12,U
sz002409,雅克科技,2025-09-24 11:25:03,71.97,23000,72.17,D
sz002409,雅克科技,2025-09-24 11:25:06,71.91,3700,71.97,D
sz002409,雅克科技,2025-09-24 11:25:18,71.97,5000,71.96,U
sz002409,雅克科技,2025-09-24 11:25:21,71.97,5700,71.97,U
sz002409,雅克科技,2025-09-24 11:25:24,71.99,3400,71.97,U
sz002409,雅克科技,2025-09-24 11:25:27,71.99,3300,71.99,U
sz002409,雅克科技,2025-09-24 11:25:30,71.93,4500,71.99,D
sz002409,雅克科技,2025-09-24 11:25:33,71.97,3400,71.93,U
sz002409,雅克科技,2025-09-24 11:25:36,71.97,2800,71.97,U
sz002409,雅克科技,2025-09-24 11:25:42,72.01,26500,71.93,U
sz002409,雅克科技,2025-09-24 11:25:45,72.02,23100,72.01,U
sz002409,雅克科技,2025-09-24 11:25:48,71.81,3100,72.02,D
sz002409,雅克科技,2025-09-24 11:25:51,71.98,3400,71.81,U
sz002409,雅克科技,2025-09-24 11:26:00,71.97,3400,71.97,U
sz002409,雅克科技,2025-09-24 11:26:03,72.0,4100,71.97,U
sz002409,雅克科技,2025-09-24 11:26:15,71.97,2900,72.01,D
sz002409,雅克科技,2025-09-24 11:26:18,71.97,5500,71.97,U
sz002409,雅克科技,2025-09-24 11:26:21,71.97,3100,71.97,U
sz002409,雅克科技,2025-09-24 11:26:30,72.0,4000,72.0,U
sz002409,雅克科技,2025-09-24 11:26:33,72.0,9638,72.0,U
sz002409,雅克科技,2025-09-24 11:26:36,72.11,14500,72.0,U
sz002409,雅克科技,2025-09-24 11:26:48,72.1,4900,72.11,E
sz002409,雅克科技,2025-09-24 11:26:54,72.08,3500,72.07,U
sz002409,雅克科技,2025-09-24 11:27:00,72.08,7600,72.08,E
sz002409,雅克科技,2025-09-24 11:27:03,72.01,6500,72.08,D
sz002409,雅克科技,2025-09-24 11:27:09,72.03,3700,72.02,E
sz002409,雅克科技,2025-09-24 11:27:21,72.01,3000,72.0,D
sz002409,雅克科技,2025-09-24 11:27:24,71.94,53662,72.01,D
sz002409,雅克科技,2025-09-24 11:27:27,71.94,8000,71.94,U
sz002409,雅克科技,2025-09-24 11:27:48,71.83,12300,71.85,E
sz002409,雅克科技,2025-09-24 11:27:51,71.82,3600,71.83,D
sz002409,雅克科技,2025-09-24 11:27:54,71.82,4600,71.82,U
sz002409,雅克科技,2025-09-24 11:28:21,71.83,3200,71.82,U
sz002409,雅克科技,2025-09-24 11:28:24,71.83,5200,71.83,U
sz002409,雅克科技,2025-09-24 11:28:27,71.83,14000,71.83,U
sz002409,雅克科技,2025-09-24 11:28:30,71.83,7400,71.83,U
sz002409,雅克科技,2025-09-24 11:28:51,71.9,6300,71.91,D
sz002409,雅克科技,2025-09-24 11:29:03,71.9,6700,71.9,U
sz002409,雅克科技,2025-09-24 11:29:06,71.9,4800,71.9,U
sz002409,雅克科技,2025-09-24 11:29:09,71.87,6700,71.9,D
sz002409,雅克科技,2025-09-24 11:29:12,71.83,9400,71.87,D
sz002409,雅克科技,2025-09-24 11:29:15,71.83,3000,71.83,E
sz002409,雅克科技,2025-09-24 11:29:18,71.86,3700,71.83,U
sz002409,雅克科技,2025-09-24 11:29:21,71.88,3800,71.86,U
sz002409,雅克科技,2025-09-24 11:29:30,71.88,3400,71.88,D
sz002409,雅克科技,2025-09-24 11:29:42,71.85,9500,71.88,D
sz002409,雅克科技,2025-09-24 11:29:45,71.89,6800,71.85,U
sz002409,雅克科技,2025-09-24 11:29:51,71.89,29100,71.94,D
sz002409,雅克科技,2025-09-24 11:29:54,72.09,13000,71.89,U
sz002409,雅克科技,2025-09-24 11:29:57,72.03,3600,72.09,D
sz002409,雅克科技,2025-09-24 13:00:00,72.3,93813,72.03,U
sz002409,雅克科技,2025-09-24 13:00:03,72.26,64400,72.3,D
sz002409,雅克科技,2025-09-24 13:00:06,72.39,24100,72.26,E
sz002409,雅克科技,2025-09-24 13:00:09,72.44,6300,72.39,U
sz002409,雅克科技,2025-09-24 13:00:12,72.4,7400,72.44,D
sz002409,雅克科技,2025-09-24 13:00:15,71.94,234587,72.4,D
sz002409,雅克科技,2025-09-24 13:00:18,72.14,36400,71.94,U
sz002409,雅克科技,2025-09-24 13:00:21,72.12,13400,72.14,E
sz002409,雅克科技,2025-09-24 13:00:24,72.01,5200,72.12,E
sz002409,雅克科技,2025-09-24 13:00:30,72.1,5100,72.0,U
sz002409,雅克科技,2025-09-24 13:00:33,71.91,13400,72.1,D
sz002409,雅克科技,2025-09-24 13:00:36,72.14,20000,71.91,U
sz002409,雅克科技,2025-09-24 13:00:39,71.78,19000,72.14,D
sz002409,雅克科技,2025-09-24 13:00:42,71.72,4700,71.78,D
sz002409,雅克科技,2025-09-24 13:00:45,71.66,8800,71.72,D
sz002409,雅克科技,2025-09-24 13:00:48,71.54,17200,71.66,D
sz002409,雅克科技,2025-09-24 13:00:51,71.46,45700,71.54,D
sz002409,雅克科技,2025-09-24 13:00:54,71.46,8600,71.46,D
sz002409,雅克科技,2025-09-24 13:00:57,71.6,10200,71.46,U
sz002409,雅克科技,2025-09-24 13:01:00,71.62,13300,71.6,U
sz002409,雅克科技,2025-09-24 13:01:03,71.53,12900,71.62,D
sz002409,雅克科技,2025-09-24 13:01:06,71.51,5300,71.53,D
sz002409,雅克科技,2025-09-24 13:01:09,71.47,21700,71.51,D
sz002409,雅克科技,2025-09-24 13:01:12,71.46,5300,71.47,E
sz002409,雅克科技,2025-09-24 13:01:21,71.4,7300,71.42,D
sz002409,雅克科技,2025-09-24 13:01:24,71.35,18500,71.4,D
sz002409,雅克科技,2025-09-24 13:01:33,71.4,6500,71.4,U
sz002409,雅克科技,2025-09-24 13:01:36,71.32,7900,71.4,D
sz002409,雅克科技,2025-09-24 13:01:48,71.4,17300,71.32,E
sz002409,雅克科技,2025-09-24 13:01:51,71.43,19400,71.4,E
sz002409,雅克科技,2025-09-24 13:01:54,71.45,5400,71.43,U
sz002409,雅克科技,2025-09-24 13:02:03,71.44,3000,71.37,U
sz002409,雅克科技,2025-09-24 13:02:06,71.46,3200,71.44,U
sz002409,雅克科技,2025-09-24 13:02:09,71.53,8200,71.46,U
sz002409,雅克科技,2025-09-24 13:02:15,71.49,5600,71.53,E
sz002409,雅克科技,2025-09-24 13:02:21,71.71,5400,71.59,U
sz002409,雅克科技,2025-09-24 13:02:27,71.55,7500,71.65,D
sz002409,雅克科技,2025-09-24 13:02:30,71.64,7800,71.55,U
sz002409,雅克科技,2025-09-24 13:02:33,71.56,17000,71.64,D
sz002409,雅克科技,2025-09-24 13:02:39,71.54,11900,71.54,D
sz002409,雅克科技,2025-09-24 13:02:42,71.45,11100,71.54,D
sz002409,雅克科技,2025-09-24 13:02:45,71.51,3800,71.45,U
sz002409,雅克科技,2025-09-24 13:02:48,71.51,4300,71.51,U
sz002409,雅克科技,2025-09-24 13:02:51,71.52,22400,71.51,U
sz002409,雅克科技,2025-09-24 13:03:00,71.53,21700,71.53,D
sz002409,雅克科技,2025-09-24 13:03:03,71.54,7000,71.53,D
sz002409,雅克科技,2025-09-24 13:03:06,71.53,8700,71.54,D
sz002409,雅克科技,2025-09-24 13:03:09,71.54,3500,71.53,U
sz002409,雅克科技,2025-09-24 13:03:18,71.5,5400,71.5,D
sz002409,雅克科技,2025-09-24 13:03:21,71.5,4300,71.5,U
sz002409,雅克科技,2025-09-24 13:03:30,71.5,2800,71.49,U
sz002409,雅克科技,2025-09-24 13:03:36,71.45,3100,71.5,D
sz002409,雅克科技,2025-09-24 13:03:39,71.42,12800,71.45,D
sz002409,雅克科技,2025-09-24 13:03:42,71.4,4600,71.42,D
sz002409,雅克科技,2025-09-24 13:03:51,71.32,18600,71.39,D
sz002409,雅克科技,2025-09-24 13:04:06,71.31,7900,71.31,U
sz002409,雅克科技,2025-09-24 13:04:09,71.3,5200,71.31,D
sz002409,雅克科技,2025-09-24 13:04:15,71.27,9300,71.27,D
sz002409,雅克科技,2025-09-24 13:04:21,71.22,35000,71.26,D
sz002409,雅克科技,2025-09-24 13:04:27,71.15,8100,71.21,D
sz002409,雅克科技,2025-09-24 13:04:30,71.08,17500,71.15,D
sz002409,雅克科技,2025-09-24 13:04:39,71.16,4400,71.17,E
sz002409,雅克科技,2025-09-24 13:04:45,71.1,3000,71.1,D
sz002409,雅克科技,2025-09-24 13:04:48,71.11,4300,71.1,E
sz002409,雅克科技,2025-09-24 13:04:54,71.2,3600,71.18,U
sz002409,雅克科技,2025-09-24 13:05:06,71.3,11700,71.2,U
sz002409,雅克科技,2025-09-24 13:05:09,71.34,12800,71.3,U
sz002409,雅克科技,2025-09-24 13:05:12,71.35,6700,71.34,E
sz002409,雅克科技,2025-09-24 13:05:21,71.3,3300,71.37,D
sz002409,雅克科技,2025-09-24 13:05:24,71.33,2900,71.3,U
sz002409,雅克科技,2025-09-24 13:05:27,71.32,3100,71.33,D
sz002409,雅克科技,2025-09-24 13:05:48,71.3,16700,71.32,D
sz002409,雅克科技,2025-09-24 13:05:51,71.29,7400,71.3,D
sz002409,雅克科技,2025-09-24 13:06:00,71.24,6300,71.26,D
sz002409,雅克科技,2025-09-24 13:06:06,71.2,4800,71.24,D
sz002409,雅克科技,2025-09-24 13:06:09,71.18,10600,71.2,D
sz002409,雅克科技,2025-09-24 13:06:21,71.11,3500,71.15,D
sz002409,雅克科技,2025-09-24 13:06:30,71.1,5000,71.11,D
sz002409,雅克科技,2025-09-24 13:06:33,71.1,21500,71.1,U
sz002409,雅克科技,2025-09-24 13:06:45,71.01,2900,71.01,D
sz002409,雅克科技,2025-09-24 13:06:51,71.1,15700,71.04,U
sz002409,雅克科技,2025-09-24 13:06:54,71.1,13100,71.1,U
sz002409,雅克科技,2025-09-24 13:06:57,71.14,11000,71.1,U
sz002409,雅克科技,2025-09-24 13:07:00,71.1,4700,71.14,D
sz002409,雅克科技,2025-09-24 13:07:03,71.06,7200,71.1,D
sz002409,雅克科技,2025-09-24 13:07:06,71.14,3883,71.06,U
sz002409,雅克科技,2025-09-24 13:07:12,71.15,3600,71.15,U
sz002409,雅克科技,2025-09-24 13:07:15,71.15,6300,71.15,U
sz002409,雅克科技,2025-09-24 13:07:18,71.12,41417,71.15,D
sz002409,雅克科技,2025-09-24 13:07:24,71.01,13600,71.09,D
sz002409,雅克科技,2025-09-24 13:07:27,71.02,24500,71.01,E
sz002409,雅克科技,2025-09-24 13:07:30,70.99,33200,71.02,D
sz002409,雅克科技,2025-09-24 13:07:33,70.98,2900,70.99,E
sz002409,雅克科技,2025-09-24 13:07:42,70.91,4300,70.91,D
sz002409,雅克科技,2025-09-24 13:07:48,70.9,5600,70.91,D
sz002409,雅克科技,2025-09-24 13:07:51,70.84,8600,70.9,D
sz002409,雅克科技,2025-09-24 13:07:54,70.91,25900,70.84,U
sz002409,雅克科技,2025-09-24 13:08:06,70.89,3700,70.86,U
sz002409,雅克科技,2025-09-24 13:08:09,70.91,19500,70.89,U
sz002409,雅克科技,2025-09-24 13:08:12,70.89,4600,70.91,D
sz002409,雅克科技,2025-09-24 13:08:15,70.87,3800,70.89,E
sz002409,雅克科技,2025-09-24 13:08:24,70.84,14300,70.86,D
sz002409,雅克科技,2025-09-24 13:08:33,70.8,3600,70.82,E
sz002409,雅克科技,2025-09-24 13:08:42,70.82,7200,70.8,U
sz002409,雅克科技,2025-09-24 13:09:00,70.86,5600,70.85,U
sz002409,雅克科技,2025-09-24 13:09:03,70.8,5600,70.86,D
sz002409,雅克科技,2025-09-24 13:09:12,70.8,20100,70.98,D
sz002409,雅克科技,2025-09-24 13:09:18,70.92,6500,70.95,D
sz002409,雅克科技,2025-09-24 13:09:21,70.99,7100,70.92,U
sz002409,雅克科技,2025-09-24 13:09:24,70.98,5200,70.99,E
sz002409,雅克科技,2025-09-24 13:09:30,70.99,11000,70.98,U
sz002409,雅克科技,2025-09-24 13:09:42,71.03,11100,71.03,D
sz002409,雅克科技,2025-09-24 13:09:51,71.08,3200,71.07,U
sz002409,雅克科技,2025-09-24 13:09:54,71.11,3600,71.08,U
sz002409,雅克科技,2025-09-24 13:10:06,71.07,16700,71.13,D
sz002409,雅克科技,2025-09-24 13:10:09,71.08,4500,71.07,E
sz002409,雅克科技,2025-09-24 13:10:12,71.15,8300,71.08,U
sz002409,雅克科技,2025-09-24 13:10:21,71.12,2900,71.12,U
sz002409,雅克科技,2025-09-24 13:10:36,71.12,3700,71.1,U
sz002409,雅克科技,2025-09-24 13:10:42,71.1,5100,71.11,D
sz002409,雅克科技,2025-09-24 13:10:45,71.07,8400,71.1,D
sz002409,雅克科技,2025-09-24 13:10:48,71.08,7000,71.07,U
sz002409,雅克科技,2025-09-24 13:10:57,71.08,5800,71.08,U
sz002409,雅克科技,2025-09-24 13:11:00,71.08,4700,71.08,D
sz002409,雅克科技,2025-09-24 13:11:06,71.06,6600,71.08,D
sz002409,雅克科技,2025-09-24 13:11:21,71.03,9700,71.04,D
sz002409,雅克科技,2025-09-24 13:11:36,71.0,5000,71.0,D
sz002409,雅克科技,2025-09-24 13:11:39,71.0,3900,71.0,D
sz002409,雅克科技,2025-09-24 13:11:45,71.01,5600,71.02,D
sz002409,雅克科技,2025-09-24 13:11:48,71.04,4900,71.01,U
sz002409,雅克科技,2025-09-24 13:12:00,70.98,51000,71.05,D
sz002409,雅克科技,2025-09-24 13:12:27,70.86,5200,70.86,U
sz002409,雅克科技,2025-09-24 13:12:30,70.85,3100,70.86,D
sz002409,雅克科技,2025-09-24 13:12:36,70.87,4408,70.85,U
sz002409,雅克科技,2025-09-24 13:12:39,70.8,10100,70.87,D
sz002409,雅克科技,2025-09-24 13:12:57,70.81,5200,70.83,D
sz002409,雅克科技,2025-09-24 13:13:00,70.83,4000,70.81,U
sz002409,雅克科技,2025-09-24 13:13:09,70.81,3400,70.83,D
sz002409,雅克科技,2025-09-24 13:13:15,70.8,7200,70.83,D
sz002409,雅克科技,2025-09-24 13:13:21,70.78,9600,70.8,D
sz002409,雅克科技,2025-09-24 13:13:24,70.76,7000,70.78,D
sz002409,雅克科技,2025-09-24 13:13:27,70.78,5600,70.76,U
sz002409,雅克科技,2025-09-24 13:13:30,70.85,3900,70.78,U
sz002409,雅克科技,2025-09-24 13:13:42,70.81,4000,70.8,U
sz002409,雅克科技,2025-09-24 13:13:45,70.85,3600,70.81,U
sz002409,雅克科技,2025-09-24 13:14:00,70.75,3000,70.78,D
sz002409,雅克科技,2025-09-24 13:14:03,70.75,4600,70.75,U
sz002409,雅克科技,2025-09-24 13:14:09,70.73,5000,70.74,D
sz002409,雅克科技,2025-09-24 13:14:12,70.73,2900,70.73,U
sz002409,雅克科技,2025-09-24 13:14:15,70.72,18400,70.73,D
sz002409,雅克科技,2025-09-24 13:14:21,70.72,13200,70.72,U
sz002409,雅克科技,2025-09-24 13:14:33,70.72,6000,70.7,U
sz002409,雅克科技,2025-09-24 13:14:36,70.75,23900,70.72,U
sz002409,雅克科技,2025-09-24 13:14:51,70.73,18800,70.74,D
sz002409,雅克科技,2025-09-24 13:14:57,70.75,6700,70.75,U
sz002409,雅克科技,2025-09-24 13:15:06,70.79,3100,70.76,U
sz002409,雅克科技,2025-09-24 13:15:18,70.88,3200,70.85,U
sz002409,雅克科技,2025-09-24 13:15:24,70.84,17100,70.88,D
sz002409,雅克科技,2025-09-24 13:15:27,70.83,3600,70.84,D
sz002409,雅克科技,2025-09-24 13:15:30,70.83,3800,70.83,U
sz002409,雅克科技,2025-09-24 13:15:33,70.79,3800,70.83,D
sz002409,雅克科技,2025-09-24 13:15:36,70.78,4100,70.79,D
sz002409,雅克科技,2025-09-24 13:15:42,70.73,3100,70.76,D
sz002409,雅克科技,2025-09-24 13:15:48,70.73,6500,70.73,U
sz002409,雅克科技,2025-09-24 13:15:57,70.74,3400,70.74,U
sz002409,雅克科技,2025-09-24 13:16:12,70.75,8700,70.75,D
sz002409,雅克科技,2025-09-24 13:16:24,70.75,5700,70.75,D
sz002409,雅克科技,2025-09-24 13:16:30,70.74,4700,70.75,D
sz002409,雅克科技,2025-09-24 13:16:51,70.86,20400,70.79,U
sz002409,雅克科技,2025-09-24 13:17:03,70.82,4800,70.88,D
sz002409,雅克科技,2025-09-24 13:17:21,70.91,6100,70.94,D
sz002409,雅克科技,2025-09-24 13:17:24,70.99,4000,70.91,U
sz002409,雅克科技,2025-09-24 13:17:36,70.94,12700,70.91,U
sz002409,雅克科技,2025-09-24 13:17:48,70.94,3700,71.0,D
sz002409,雅克科技,2025-09-24 13:17:51,70.92,5100,70.94,D
sz002409,雅克科技,2025-09-24 13:17:54,70.91,4200,70.92,D
sz002409,雅克科技,2025-09-24 13:17:57,70.93,5400,70.91,U
sz002409,雅克科技,2025-09-24 13:18:03,70.91,4500,70.91,D
sz002409,雅克科技,2025-09-24 13:18:06,70.88,2900,70.91,D
sz002409,雅克科技,2025-09-24 13:18:09,70.82,20400,70.88,D
sz002409,雅克科技,2025-09-24 13:18:12,70.87,5200,70.82,U
sz002409,雅克科技,2025-09-24 13:18:18,70.88,4000,70.87,U
sz002409,雅克科技,2025-09-24 13:18:21,70.8,3000,70.88,D
sz002409,雅克科技,2025-09-24 13:18:24,70.8,4100,70.8,U
sz002409,雅克科技,2025-09-24 13:18:30,70.8,2900,70.8,U
sz002409,雅克科技,2025-09-24 13:18:36,70.77,11100,70.77,U
sz002409,雅克科技,2025-09-24 13:19:00,70.77,3200,70.78,D
sz002409,雅克科技,2025-09-24 13:19:03,70.75,5800,70.77,D
sz002409,雅克科技,2025-09-24 13:19:06,70.74,19400,70.75,D
sz002409,雅克科技,2025-09-24 13:19:18,70.73,4600,70.73,U
sz002409,雅克科技,2025-09-24 13:19:33,70.77,10800,70.71,U
sz002409,雅克科技,2025-09-24 13:19:48,70.78,6000,70.77,U
sz002409,雅克科技,2025-09-24 13:19:54,70.79,7400,70.78,U
sz002409,雅克科技,2025-09-24 13:20:06,70.78,3000,70.76,U
sz002409,雅克科技,2025-09-24 13:20:09,70.75,4700,70.78,D
sz002409,雅克科技,2025-09-24 13:20:15,70.79,12300,70.79,U
sz002409,雅克科技,2025-09-24 13:20:30,70.9,7700,70.85,U
sz002409,雅克科技,2025-09-24 13:20:33,70.85,12100,70.9,E
sz002409,雅克科技,2025-09-24 13:20:39,70.92,6500,70.9,U
sz002409,雅克科技,2025-09-24 13:20:48,70.92,8200,70.92,U
sz002409,雅克科技,2025-09-24 13:20:54,70.82,24700,70.92,D
sz002409,雅克科技,2025-09-24 13:20:57,70.85,10700,70.82,U
sz002409,雅克科技,2025-09-24 13:21:00,70.84,3600,70.85,U
sz002409,雅克科技,2025-09-24 13:21:06,70.85,7400,70.82,U
sz002409,雅克科技,2025-09-24 13:21:12,70.86,9300,70.85,U
sz002409,雅克科技,2025-09-24 13:21:30,70.85,3500,70.86,D
sz002409,雅克科技,2025-09-24 13:21:39,70.85,3200,70.88,D
sz002409,雅克科技,2025-09-24 13:22:03,70.84,15100,70.9,D
sz002409,雅克科技,2025-09-24 13:22:06,70.87,9200,70.84,U
sz002409,雅克科技,2025-09-24 13:22:15,70.88,3700,70.82,U
sz002409,雅克科技,2025-09-24 13:22:18,70.88,7200,70.88,D
sz002409,雅克科技,2025-09-24 13:22:21,70.82,36800,70.88,D
sz002409,雅克科技,2025-09-24 13:22:24,70.81,3900,70.82,E
sz002409,雅克科技,2025-09-24 13:22:33,70.72,9700,70.8,D
sz002409,雅克科技,2025-09-24 13:22:36,70.69,31500,70.72,D
sz002409,雅克科技,2025-09-24 13:22:39,70.66,7100,70.69,D
sz002409,雅克科技,2025-09-24 13:22:45,70.67,4900,70.65,U
sz002409,雅克科技,2025-09-24 13:22:48,70.68,3700,70.67,U
sz002409,雅克科技,2025-09-24 13:22:54,70.64,4500,70.67,D
sz002409,雅克科技,2025-09-24 13:23:03,70.62,7100,70.65,D
sz002409,雅克科技,2025-09-24 13:23:06,70.62,6900,70.62,U
sz002409,雅克科技,2025-09-24 13:23:18,70.61,10900,70.62,D
sz002409,雅克科技,2025-09-24 13:23:24,70.63,10500,70.62,U
sz002409,雅克科技,2025-09-24 13:23:27,70.68,4500,70.63,U
sz002409,雅克科技,2025-09-24 13:23:30,70.8,5400,70.68,U
sz002409,雅克科技,2025-09-24 13:23:39,70.73,11600,70.85,D
sz002409,雅克科技,2025-09-24 13:23:48,70.76,19400,70.92,D
sz002409,雅克科技,2025-09-24 13:23:51,71.0,5300,70.76,U
sz002409,雅克科技,2025-09-24 13:23:54,70.93,10500,71.0,E
sz002409,雅克科技,2025-09-24 13:24:00,70.93,10700,70.93,U
sz002409,雅克科技,2025-09-24 13:24:06,70.96,4400,70.96,U
sz002409,雅克科技,2025-09-24 13:24:09,70.84,4600,70.96,D
sz002409,雅克科技,2025-09-24 13:24:12,70.92,3000,70.84,U
sz002409,雅克科技,2025-09-24 13:24:21,70.83,5000,70.92,D
sz002409,雅克科技,2025-09-24 13:24:48,70.8,4400,70.81,D
sz002409,雅克科技,2025-09-24 13:25:45,70.96,6500,70.88,U
sz002409,雅克科技,2025-09-24 13:25:51,70.96,4400,70.96,U
sz002409,雅克科技,2025-09-24 13:25:57,70.99,8900,70.96,U
sz002409,雅克科技,2025-09-24 13:26:15,70.95,14200,70.97,D
sz002409,雅克科技,2025-09-24 13:26:18,70.96,3700,70.95,U
