symbol,name,ticktime,price,volume,prev_price,kind
sz002409,雅克科技,2025-10-15 09:25:00,76.65,317900,0.0,U
sz002409,雅克科技,2025-10-15 09:30:00,76.95,89200,76.65,U
sz002409,雅克科技,2025-10-15 09:30:03,76.97,56400,76.95,U
sz002409,雅克科技,2025-10-15 09:30:06,77.02,70400,76.97,U
sz002409,雅克科技,2025-10-15 09:30:09,77.06,27500,77.02,E
sz002409,雅克科技,2025-10-15 09:30:12,76.95,44600,77.06,D
sz002409,雅克科技,2025-10-15 09:30:15,76.76,28400,76.95,E
sz002409,雅克科技,2025-10-15 09:30:18,76.76,7800,76.76,D
sz002409,雅克科技,2025-10-15 09:30:21,76.69,28800,76.76,D
sz002409,雅克科技,2025-10-15 09:30:24,76.66,42500,76.69,D
sz002409,雅克科技,2025-10-15 09:30:27,76.64,66200,76.66,D
sz002409,雅克科技,2025-10-15 09:30:30,76.32,22500,76.64,D
sz002409,雅克科技,2025-10-15 09:30:33,76.24,15400,76.32,D
sz002409,雅克科技,2025-10-15 09:30:36,76.12,55300,76.24,D
sz002409,雅克科技,2025-10-15 09:30:39,76.0,11200,76.12,E
sz002409,雅克科技,2025-10-15 09:30:42,75.88,33700,76.0,D
sz002409,雅克科技,2025-10-15 09:30:45,75.93,44300,75.88,U
sz002409,雅克科技,2025-10-15 09:30:48,75.8,43600,75.93,D
sz002409,雅克科技,2025-10-15 09:30:51,75.79,14200,75.8,E
sz002409,雅克科技,2025-10-15 09:30:54,75.93,50200,75.79,U
sz002409,雅克科技,2025-10-15 09:30:57,75.93,26100,75.93,U
sz002409,雅克科技,2025-10-15 09:31:00,75.93,19400,75.93,D
sz002409,雅克科技,2025-10-15 09:31:03,75.88,78400,75.93,D
sz002409,雅克科技,2025-10-15 09:31:06,75.69,63300,75.88,D
sz002409,雅克科技,2025-10-15 09:31:09,75.87,115000,75.69,U
sz002409,雅克科技,2025-10-15 09:31:12,75.79,25600,75.87,D
sz002409,雅克科技,2025-10-15 09:31:15,75.85,34200,75.79,U
sz002409,雅克科技,2025-10-15 09:31:18,75.87,51200,75.85,E
sz002409,雅克科技,2025-10-15 09:31:21,75.87,10500,75.87,D
sz002409,雅克科技,2025-10-15 09:31:24,75.96,19800,75.87,U
sz002409,雅克科技,2025-10-15 09:31:27,76.1,9000,75.96,U
sz002409,雅克科技,2025-10-15 09:31:30,75.88,53400,76.1,D
sz002409,雅克科技,2025-10-15 09:31:33,75.93,14300,75.88,U
sz002409,雅克科技,2025-10-15 09:31:36,75.82,14600,75.93,D
sz002409,雅克科技,2025-10-15 09:31:39,75.69,15200,75.82,D
sz002409,雅克科技,2025-10-15 09:31:42,75.85,14800,75.69,U
sz002409,雅克科技,2025-10-15 09:31:45,75.75,6500,75.85,D
sz002409,雅克科技,2025-10-15 09:31:48,75.74,24000,75.75,D
sz002409,雅克科技,2025-10-15 09:31:51,75.71,17000,75.74,D
sz002409,雅克科技,2025-10-15 09:31:54,75.71,29600,75.71,U
sz002409,雅克科技,2025-10-15 09:31:57,75.7,25400,75.71,U
sz002409,雅克科技,2025-10-15 09:32:00,75.6,20200,75.7,E
sz002409,雅克科技,2025-10-15 09:32:03,75.6,36000,75.6,D
sz002409,雅克科技,2025-10-15 09:32:06,75.66,15400,75.6,E
sz002409,雅克科技,2025-10-15 09:32:09,75.67,28600,75.66,E
sz002409,雅克科技,2025-10-15 09:32:12,75.69,50700,75.67,E
sz002409,雅克科技,2025-10-15 09:32:15,75.7,29600,75.69,D
sz002409,雅克科技,2025-10-15 09:32:18,75.87,26500,75.7,U
sz002409,雅克科技,2025-10-15 09:32:21,75.82,11700,75.87,E
sz002409,雅克科技,2025-10-15 09:32:24,75.83,14200,75.82,D
sz002409,雅克科技,2025-10-15 09:32:27,75.73,8700,75.83,D
sz002409,雅克科技,2025-10-15 09:32:30,75.73,4600,75.73,D
sz002409,雅克科技,2025-10-15 09:32:33,75.71,13300,75.73,E
sz002409,雅克科技,2025-10-15 09:32:36,75.52,22800,75.71,D
sz002409,雅克科技,2025-10-15 09:32:39,75.5,13700,75.52,D
sz002409,雅克科技,2025-10-15 09:32:42,75.48,11500,75.5,D
sz002409,雅克科技,2025-10-15 09:32:45,75.5,29200,75.48,U
sz002409,雅克科技,2025-10-15 09:32:48,75.38,7900,75.5,D
sz002409,雅克科技,2025-10-15 09:32:51,75.38,10200,75.38,D
sz002409,雅克科技,2025-10-15 09:32:54,75.37,15800,75.38,D
sz002409,雅克科技,2025-10-15 09:32:57,75.36,19100,75.37,D
sz002409,雅克科技,2025-10-15 09:33:00,75.31,19200,75.36,D
sz002409,雅克科技,2025-10-15 09:33:03,75.28,29700,75.31,D
sz002409,雅克科技,2025-10-15 09:33:06,75.24,28000,75.28,E
sz002409,雅克科技,2025-10-15 09:33:09,75.24,28800,75.24,D
sz002409,雅克科技,2025-10-15 09:33:12,75.24,59400,75.24,D
sz002409,雅克科技,2025-10-15 09:33:15,75.23,21858,75.24,D
sz002409,雅克科技,2025-10-15 09:33:18,75.15,66800,75.23,D
sz002409,雅克科技,2025-10-15 09:33:21,75.35,12800,75.15,D
sz002409,雅克科技,2025-10-15 09:33:24,75.34,6100,75.35,E
sz002409,雅克科技,2025-10-15 09:33:27,75.23,9200,75.34,D
sz002409,雅克科技,2025-10-15 09:33:30,75.19,14900,75.23,D
sz002409,雅克科技,2025-10-15 09:33:33,75.11,6700,75.19,D
sz002409,雅克科技,2025-10-15 09:33:36,75.05,12100,75.11,D
sz002409,雅克科技,2025-10-15 09:33:39,75.0,47800,75.05,D
sz002409,雅克科技,2025-10-15 09:33:42,74.93,26300,75.0,D
sz002409,雅克科技,2025-10-15 09:33:45,74.98,10400,74.93,U
sz002409,雅克科技,2025-10-15 09:33:48,74.89,28000,74.98,D
sz002409,雅克科技,2025-10-15 09:33:51,74.89,46500,74.89,E
sz002409,雅克科技,2025-10-15 09:33:54,74.9,25100,74.89,D
sz002409,雅克科技,2025-10-15 09:33:57,75.04,124200,74.9,U
sz002409,雅克科技,2025-10-15 09:34:00,75.06,37100,75.04,E
sz002409,雅克科技,2025-10-15 09:34:03,75.04,23400,75.06,D
sz002409,雅克科技,2025-10-15 09:34:06,75.03,22100,75.04,E
sz002409,雅克科技,2025-10-15 09:34:09,75.0,46800,75.03,D
sz002409,雅克科技,2025-10-15 09:34:12,75.03,53800,75.0,E
sz002409,雅克科技,2025-10-15 09:34:15,75.03,28300,75.03,D
sz002409,雅克科技,2025-10-15 09:34:18,75.0,35500,75.03,D
sz002409,雅克科技,2025-10-15 09:34:21,74.98,24000,75.0,D
sz002409,雅克科技,2025-10-15 09:34:24,74.96,19100,74.98,D
sz002409,雅克科技,2025-10-15 09:34:27,74.91,10900,74.96,E
sz002409,雅克科技,2025-10-15 09:34:30,74.85,10400,74.91,D
sz002409,雅克科技,2025-10-15 09:34:33,74.81,55500,74.85,D
sz002409,雅克科技,2025-10-15 09:34:36,74.74,10100,74.81,E
sz002409,雅克科技,2025-10-15 09:34:39,74.72,75700,74.74,D
sz002409,雅克科技,2025-10-15 09:34:42,74.75,13500,74.72,D
sz002409,雅克科技,2025-10-15 09:34:45,74.74,19300,74.75,E
sz002409,雅克科技,2025-10-15 09:34:48,74.76,67700,74.74,U
sz002409,雅克科技,2025-10-15 09:34:51,74.78,70900,74.76,E
sz002409,雅克科技,2025-10-15 09:34:54,74.77,66300,74.78,D
sz002409,雅克科技,2025-10-15 09:34:57,74.77,61300,74.77,D
sz002409,雅克科技,2025-10-15 09:35:00,74.95,72300,74.77,U
sz002409,雅克科技,2025-10-15 09:35:03,74.96,51400,74.95,E
sz002409,雅克科技,2025-10-15 09:35:06,75.0,12100,74.96,E
sz002409,雅克科技,2025-10-15 09:35:09,74.96,31700,75.0,D
sz002409,雅克科技,2025-10-15 09:35:12,74.87,7600,74.96,D
sz002409,雅克科技,2025-10-15 09:35:15,74.86,15300,74.87,D
sz002409,雅克科技,2025-10-15 09:35:18,74.86,16900,74.86,U
sz002409,雅克科技,2025-10-15 09:35:21,74.88,13700,74.86,U
sz002409,雅克科技,2025-10-15 09:35:24,74.84,20900,74.88,D
sz002409,雅克科技,2025-10-15 09:35:27,74.88,15100,74.84,D
sz002409,雅克科技,2025-10-15 09:35:30,74.9,42300,74.88,U
sz002409,雅克科技,2025-10-15 09:35:33,75.08,44900,74.9,U
sz002409,雅克科技,2025-10-15 09:35:36,75.32,59900,75.08,U
sz002409,雅克科技,2025-10-15 09:35:39,75.35,16200,75.32,E
sz002409,雅克科技,2025-10-15 09:35:42,75.32,74200,75.35,D
sz002409,雅克科技,2025-10-15 09:35:45,75.27,26400,75.32,E
sz002409,雅克科技,2025-10-15 09:35:48,75.3,16900,75.27,D
sz002409,雅克科技,2025-10-15 09:35:51,75.31,9400,75.3,E
sz002409,雅克科技,2025-10-15 09:35:54,75.22,14800,75.31,D
sz002409,雅克科技,2025-10-15 09:35:57,75.19,25000,75.22,D
sz002409,雅克科技,2025-10-15 09:36:00,75.05,5600,75.19,D
sz002409,雅克科技,2025-10-15 09:36:03,75.0,19700,75.05,D
sz002409,雅克科技,2025-10-15 09:36:06,74.98,91200,75.0,D
sz002409,雅克科技,2025-10-15 09:36:09,74.97,61700,74.98,D
sz002409,雅克科技,2025-10-15 09:36:12,74.97,93600,74.97,U
sz002409,雅克科技,2025-10-15 09:36:15,75.08,52500,74.97,U
sz002409,雅克科技,2025-10-15 09:36:18,75.08,7700,75.08,E
sz002409,雅克科技,2025-10-15 09:36:21,75.08,3300,75.08,D
sz002409,雅克科技,2025-10-15 09:36:24,75.17,12100,75.08,U
sz002409,雅克科技,2025-10-15 09:36:27,75.18,11700,75.17,U
sz002409,雅克科技,2025-10-15 09:36:30,75.17,5900,75.18,E
sz002409,雅克科技,2025-10-15 09:36:33,75.1,2900,75.17,D
sz002409,雅克科技,2025-10-15 09:36:36,75.05,11400,75.1,D
sz002409,雅克科技,2025-10-15 09:36:39,75.05,26100,75.05,D
sz002409,雅克科技,2025-10-15 09:36:42,75.0,8100,75.05,E
sz002409,雅克科技,2025-10-15 09:36:45,75.0,16000,75.0,U
sz002409,雅克科技,2025-10-15 09:36:48,74.95,19200,75.0,D
sz002409,雅克科技,2025-10-15 09:36:51,74.95,6400,74.95,U
sz002409,雅克科技,2025-10-15 09:36:54,74.92,15400,74.95,D
sz002409,雅克科技,2025-10-15 09:36:57,74.89,8600,74.92,D
sz002409,雅克科技,2025-10-15 09:37:00,74.85,5400,74.89,D
sz002409,雅克科技,2025-10-15 09:37:03,74.78,14200,74.85,D
sz002409,雅克科技,2025-10-15 09:37:06,74.72,4300,74.78,D
sz002409,雅克科技,2025-10-15 09:37:09,74.76,3100,74.72,U
sz002409,雅克科技,2025-10-15 09:37:12,74.52,15400,74.76,D
sz002409,雅克科技,2025-10-15 09:37:15,74.64,8500,74.52,E
sz002409,雅克科技,2025-10-15 09:37:18,74.55,19300,74.64,D
sz002409,雅克科技,2025-10-15 09:37:21,74.52,20800,74.55,D
sz002409,雅克科技,2025-10-15 09:37:24,74.5,9000,74.52,D
sz002409,雅克科技,2025-10-15 09:37:27,74.38,36100,74.5,D
sz002409,雅克科技,2025-10-15 09:37:30,74.49,6100,74.38,E
sz002409,雅克科技,2025-10-15 09:37:33,74.45,59600,74.49,E
sz002409,雅克科技,2025-10-15 09:37:36,74.46,55900,74.45,E
sz002409,雅克科技,2025-10-15 09:37:39,74.43,13900,74.46,D
sz002409,雅克科技,2025-10-15 09:37:42,74.4,41900,74.43,D
sz002409,雅克科技,2025-10-15 09:37:45,74.4,22700,74.4,U
sz002409,雅克科技,2025-10-15 09:37:48,74.39,28400,74.4,D
sz002409,雅克科技,2025-10-15 09:37:51,74.37,23300,74.39,D
sz002409,雅克科技,2025-10-15 09:37:54,74.37,11300,74.37,U
sz002409,雅克科技,2025-10-15 09:37:57,74.34,9500,74.37,D
sz002409,雅克科技,2025-10-15 09:38:00,74.42,125100,74.34,U
sz002409,雅克科技,2025-10-15 09:38:03,74.55,22400,74.42,U
sz002409,雅克科技,2025-10-15 09:38:06,74.56,13500,74.55,U
sz002409,雅克科技,2025-10-15 09:38:09,74.65,4500,74.56,U
sz002409,雅克科技,2025-10-15 09:38:12,74.72,15000,74.65,U
sz002409,雅克科技,2025-10-15 09:38:15,74.72,5600,74.72,U
sz002409,雅克科技,2025-10-15 09:38:18,74.67,11900,74.72,D
sz002409,雅克科技,2025-10-15 09:38:21,74.52,7800,74.67,D
sz002409,雅克科技,2025-10-15 09:38:24,74.55,7800,74.52,U
sz002409,雅克科技,2025-10-15 09:38:27,74.42,18000,74.55,D
sz002409,雅克科技,2025-10-15 09:38:30,74.42,12400,74.42,D
sz002409,雅克科技,2025-10-15 09:38:33,74.37,4700,74.42,D
sz002409,雅克科技,2025-10-15 09:38:36,74.42,12100,74.37,U
sz002409,雅克科技,2025-10-15 09:38:39,74.37,28800,74.42,U
sz002409,雅克科技,2025-10-15 09:38:42,74.3,5100,74.37,D
sz002409,雅克科技,2025-10-15 09:38:45,74.25,9100,74.3,D
sz002409,雅克科技,2025-10-15 09:38:48,74.24,72800,74.25,E
sz002409,雅克科技,2025-10-15 09:38:51,74.22,20800,74.24,D
sz002409,雅克科技,2025-10-15 09:38:54,74.21,25400,74.22,D
sz002409,雅克科技,2025-10-15 09:38:57,74.2,19600,74.21,D
sz002409,雅克科技,2025-10-15 09:39:00,74.16,7000,74.2,D
sz002409,雅克科技,2025-10-15 09:39:03,74.16,12800,74.16,D
sz002409,雅克科技,2025-10-15 09:39:06,74.3,170800,74.16,U
sz002409,雅克科技,2025-10-15 09:39:09,74.22,19000,74.3,D
sz002409,雅克科技,2025-10-15 09:39:12,74.22,8100,74.22,D
sz002409,雅克科技,2025-10-15 09:39:15,74.3,9400,74.22,U
sz002409,雅克科技,2025-10-15 09:39:18,74.45,25300,74.3,U
sz002409,雅克科技,2025-10-15 09:39:21,74.42,10300,74.45,D
sz002409,雅克科技,2025-10-15 09:39:24,74.42,12400,74.42,U
sz002409,雅克科技,2025-10-15 09:39:27,74.42,9500,74.42,U
sz002409,雅克科技,2025-10-15 09:39:30,74.5,11300,74.42,U
sz002409,雅克科技,2025-10-15 09:39:33,74.46,6100,74.5,E
sz002409,雅克科技,2025-10-15 09:39:36,74.5,56300,74.46,U
sz002409,雅克科技,2025-10-15 09:39:39,74.45,6500,74.5,D
sz002409,雅克科技,2025-10-15 09:39:42,74.42,20100,74.45,D
sz002409,雅克科技,2025-10-15 09:39:45,74.45,3200,74.42,D
sz002409,雅克科技,2025-10-15 09:39:48,74.42,5100,74.45,D
sz002409,雅克科技,2025-10-15 09:39:51,74.42,21900,74.42,U
sz002409,雅克科技,2025-10-15 09:39:54,74.52,36800,74.42,U
sz002409,雅克科技,2025-10-15 09:39:57,74.43,14800,74.52,D
sz002409,雅克科技,2025-10-15 09:40:03,74.63,7000,74.52,U
sz002409,雅克科技,2025-10-15 09:40:06,74.72,9200,74.63,U
sz002409,雅克科技,2025-10-15 09:40:09,74.64,17100,74.72,D
sz002409,雅克科技,2025-10-15 09:40:12,74.64,7800,74.64,U
sz002409,雅克科技,2025-10-15 09:40:15,74.56,9600,74.64,D
sz002409,雅克科技,2025-10-15 09:40:18,74.6,10300,74.56,U
sz002409,雅克科技,2025-10-15 09:40:24,74.48,6600,74.55,D
sz002409,雅克科技,2025-10-15 09:40:27,74.48,4300,74.48,D
sz002409,雅克科技,2025-10-15 09:40:30,74.48,7500,74.48,D
sz002409,雅克科技,2025-10-15 09:40:33,74.5,14600,74.48,U
sz002409,雅克科技,2025-10-15 09:40:36,74.48,22000,74.5,D
sz002409,雅克科技,2025-10-15 09:40:39,74.48,3200,74.48,D
sz002409,雅克科技,2025-10-15 09:40:42,74.48,13900,74.48,D
sz002409,雅克科技,2025-10-15 09:40:45,74.5,25700,74.48,U
sz002409,雅克科技,2025-10-15 09:40:48,74.55,8000,74.5,U
sz002409,雅克科技,2025-10-15 09:40:51,74.55,4400,74.55,U
sz002409,雅克科技,2025-10-15 09:40:54,74.54,6800,74.55,D
sz002409,雅克科技,2025-10-15 09:40:57,74.51,33000,74.54,D
sz002409,雅克科技,2025-10-15 09:41:00,74.44,25400,74.51,D
sz002409,雅克科技,2025-10-15 09:41:03,74.43,8800,74.44,E
sz002409,雅克科技,2025-10-15 09:41:06,74.31,13600,74.43,D
sz002409,雅克科技,2025-10-15 09:41:12,74.33,8400,74.39,E
sz002409,雅克科技,2025-10-15 09:41:15,74.3,10800,74.33,D
sz002409,雅克科技,2025-10-15 09:41:18,74.31,18400,74.3,U
sz002409,雅克科技,2025-10-15 09:41:21,74.22,19200,74.31,D
sz002409,雅克科技,2025-10-15 09:41:24,74.19,17100,74.22,D
sz002409,雅克科技,2025-10-15 09:41:27,74.18,10500,74.19,D
sz002409,雅克科技,2025-10-15 09:41:30,74.21,18500,74.18,E
sz002409,雅克科技,2025-10-15 09:41:33,74.31,503300,74.21,U
sz002409,雅克科技,2025-10-15 09:41:36,74.22,72300,74.31,D
sz002409,雅克科技,2025-10-15 09:41:39,74.22,51500,74.22,E
sz002409,雅克科技,2025-10-15 09:41:42,74.17,76300,74.22,D
sz002409,雅克科技,2025-10-15 09:41:45,74.22,45700,74.17,U
sz002409,雅克科技,2025-10-15 09:41:48,74.18,14500,74.22,D
sz002409,雅克科技,2025-10-15 09:41:51,74.25,21000,74.18,E
sz002409,雅克科技,2025-10-15 09:41:54,74.49,14600,74.25,U
sz002409,雅克科技,2025-10-15 09:41:57,74.64,30635,74.49,U
sz002409,雅克科技,2025-10-15 09:42:00,74.77,10400,74.64,U
sz002409,雅克科技,2025-10-15 09:42:03,74.8,5400,74.77,U
sz002409,雅克科技,2025-10-15 09:42:06,74.76,7100,74.8,D
sz002409,雅克科技,2025-10-15 09:42:09,74.76,4100,74.76,D
sz002409,雅克科技,2025-10-15 09:42:15,74.8,4800,74.8,U
sz002409,雅克科技,2025-10-15 09:42:18,74.83,4400,74.8,U
sz002409,雅克科技,2025-10-15 09:42:21,74.83,4600,74.83,U
sz002409,雅克科技,2025-10-15 09:42:24,74.8,4200,74.83,D
sz002409,雅克科技,2025-10-15 09:42:27,74.81,4100,74.8,U
sz002409,雅克科技,2025-10-15 09:42:30,74.81,9000,74.81,E
sz002409,雅克科技,2025-10-15 09:42:33,74.65,7700,74.81,D
sz002409,雅克科技,2025-10-15 09:42:36,74.6,5500,74.65,E
sz002409,雅克科技,2025-10-15 09:42:42,74.59,6300,74.6,D
sz002409,雅克科技,2025-10-15 09:42:45,74.6,7700,74.59,U
sz002409,雅克科技,2025-10-15 09:42:48,74.65,3700,74.6,E
sz002409,雅克科技,2025-10-15 09:42:51,74.68,3200,74.65,U
sz002409,雅克科技,2025-10-15 09:42:54,74.65,4600,74.68,D
sz002409,雅克科技,2025-10-15 09:43:00,74.74,3800,74.77,U
sz002409,雅克科技,2025-10-15 09:43:03,74.8,14300,74.74,U
sz002409,雅克科技,2025-10-15 09:43:06,74.63,8300,74.8,D
sz002409,雅克科技,2025-10-15 09:43:15,74.68,7300,74.69,D
sz002409,雅克科技,2025-10-15 09:43:18,74.7,6600,74.68,U
sz002409,雅克科技,2025-10-15 09:43:21,74.74,4300,74.7,U
sz002409,雅克科技,2025-10-15 09:43:24,74.86,19100,74.74,U
sz002409,雅克科技,2025-10-15 09:43:27,74.87,4400,74.86,U
sz002409,雅克科技,2025-10-15 09:43:30,74.87,2800,74.87,U
sz002409,雅克科技,2025-10-15 09:43:33,74.84,5500,74.87,E
sz002409,雅克科技,2025-10-15 09:43:36,74.83,6000,74.84,E
sz002409,雅克科技,2025-10-15 09:43:39,74.83,7500,74.83,U
sz002409,雅克科技,2025-10-15 09:43:42,74.87,4300,74.83,U
sz002409,雅克科技,2025-10-15 09:43:45,74.9,5700,74.87,U
sz002409,雅克科技,2025-10-15 09:43:54,75.05,27800,74.98,U
sz002409,雅克科技,2025-10-15 09:43:57,75.06,5100,75.05,U
sz002409,雅克科技,2025-10-15 09:44:03,75.1,8500,75.09,U
sz002409,雅克科技,2025-10-15 09:44:06,75.25,13600,75.1,U
sz002409,雅克科技,2025-10-15 09:44:09,75.31,5800,75.25,U
sz002409,雅克科技,2025-10-15 09:44:12,75.35,4600,75.31,U
sz002409,雅克科技,2025-10-15 09:44:15,75.37,15500,75.35,U
sz002409,雅克科技,2025-10-15 09:44:18,75.42,14300,75.37,U
sz002409,雅克科技,2025-10-15 09:44:21,75.42,9400,75.42,U
sz002409,雅克科技,2025-10-15 09:44:24,75.42,3400,75.42,U
sz002409,雅克科技,2025-10-15 09:44:27,75.42,9000,75.42,D
sz002409,雅克科技,2025-10-15 09:44:30,75.1,26800,75.42,D
sz002409,雅克科技,2025-10-15 09:44:33,75.33,5800,75.1,U
sz002409,雅克科技,2025-10-15 09:44:42,75.35,3700,75.35,U
sz002409,雅克科技,2025-10-15 09:44:45,75.35,6100,75.35,D
sz002409,雅克科技,2025-10-15 09:44:48,75.44,12300,75.35,U
sz002409,雅克科技,2025-10-15 09:44:51,75.49,5100,75.44,U
sz002409,雅克科技,2025-10-15 09:44:54,75.59,24000,75.49,U
sz002409,雅克科技,2025-10-15 09:44:57,75.58,4600,75.59,E
sz002409,雅克科技,2025-10-15 09:45:00,75.43,66600,75.58,D
sz002409,雅克科技,2025-10-15 09:45:03,75.33,22600,75.43,D
sz002409,雅克科技,2025-10-15 09:45:06,75.51,5700,75.33,U
sz002409,雅克科技,2025-10-15 09:45:09,75.48,6500,75.51,D
sz002409,雅克科技,2025-10-15 09:45:12,75.4,22300,75.48,D
sz002409,雅克科技,2025-10-15 09:45:15,75.4,8300,75.4,U
sz002409,雅克科技,2025-10-15 09:45:18,75.5,7900,75.4,U
sz002409,雅克科技,2025-10-15 09:45:21,75.5,30200,75.5,U
sz002409,雅克科技,2025-10-15 09:45:24,75.52,8000,75.5,E
sz002409,雅克科技,2025-10-15 09:45:27,75.5,33600,75.52,D
sz002409,雅克科技,2025-10-15 09:45:30,75.6,5200,75.5,U
sz002409,雅克科技,2025-10-15 09:45:33,75.63,3800,75.6,U
sz002409,雅克科技,2025-10-15 09:45:36,75.64,4300,75.63,U
sz002409,雅克科技,2025-10-15 09:45:39,75.68,6900,75.64,U
sz002409,雅克科技,2025-10-15 09:45:42,75.71,21500,75.68,U
sz002409,雅克科技,2025-10-15 09:45:45,75.75,11400,75.71,U
sz002409,雅克科技,2025-10-15 09:45:48,75.78,14600,75.75,U
sz002409,雅克科技,2025-10-15 09:45:51,75.8,6200,75.78,U
sz002409,雅克科技,2025-10-15 09:45:54,75.75,7400,75.8,D
sz002409,雅克科技,2025-10-15 09:45:57,75.7,5100,75.75,E
sz002409,雅克科技,2025-10-15 09:46:00,75.79,5000,75.7,U
sz002409,雅克科技,2025-10-15 09:46:03,75.76,18100,75.79,D
sz002409,雅克科技,2025-10-15 09:46:06,75.82,6200,75.76,U
sz002409,雅克科技,2025-10-15 09:46:09,75.89,5700,75.82,U
sz002409,雅克科技,2025-10-15 09:46:18,75.91,24900,75.96,D
sz002409,雅克科技,2025-10-15 09:46:21,75.87,31900,75.91,E
sz002409,雅克科技,2025-10-15 09:46:24,75.89,6900,75.87,E
sz002409,雅克科技,2025-10-15 09:46:30,75.7,46400,75.9,D
sz002409,雅克科技,2025-10-15 09:46:33,75.61,73100,75.7,D
sz002409,雅克科技,2025-10-15 09:46:36,75.6,8500,75.61,D
sz002409,雅克科技,2025-10-15 09:46:39,75.6,7600,75.6,D
sz002409,雅克科技,2025-10-15 09:46:42,75.6,2800,75.6,D
sz002409,雅克科技,2025-10-15 09:46:48,75.74,9500,75.7,U
sz002409,雅克科技,2025-10-15 09:46:51,75.69,7500,75.74,D
sz002409,雅克科技,2025-10-15 09:46:57,75.66,14600,75.68,D
sz002409,雅克科技,2025-10-15 09:47:00,75.69,9500,75.66,U
sz002409,雅克科技,2025-10-15 09:47:03,75.6,11000,75.69,D
sz002409,雅克科技,2025-10-15 09:47:06,75.6,2900,75.6,E
sz002409,雅克科技,2025-10-15 09:47:09,75.7,31600,75.6,U
sz002409,雅克科技,2025-10-15 09:47:12,75.83,5800,75.7,U
sz002409,雅克科技,2025-10-15 09:47:15,75.9,17300,75.83,U
sz002409,雅克科技,2025-10-15 09:47:18,75.9,18200,75.9,U
sz002409,雅克科技,2025-10-15 09:47:21,75.8,8600,75.9,D
sz002409,雅克科技,2025-10-15 09:47:24,75.69,15500,75.8,D
sz002409,雅克科技,2025-10-15 09:47:27,75.77,3000,75.69,U
sz002409,雅克科技,2025-10-15 09:47:30,75.7,8700,75.77,D
sz002409,雅克科技,2025-10-15 09:47:36,75.75,3700,75.74,U
sz002409,雅克科技,2025-10-15 09:47:39,75.7,3900,75.75,D
sz002409,雅克科技,2025-10-15 09:47:42,75.63,8800,75.7,D
sz002409,雅克科技,2025-10-15 09:47:45,75.7,6700,75.63,U
sz002409,雅克科技,2025-10-15 09:47:51,75.59,16200,75.64,D
sz002409,雅克科技,2025-10-15 09:47:57,75.57,3300,75.57,D
sz002409,雅克科技,2025-10-15 09:48:03,75.57,15900,75.57,U
sz002409,雅克科技,2025-10-15 09:48:06,75.54,11500,75.57,D
sz002409,雅克科技,2025-10-15 09:48:09,75.6,3700,75.54,D
sz002409,雅克科技,2025-10-15 09:48:12,75.6,5600,75.6,U
sz002409,雅克科技,2025-10-15 09:48:15,75.59,2900,75.6,E
sz002409,雅克科技,2025-10-15 09:48:18,75.58,4500,75.59,E
sz002409,雅克科技,2025-10-15 09:48:21,75.54,19100,75.58,D
sz002409,雅克科技,2025-10-15 09:48:24,75.5,20200,75.54,D
sz002409,雅克科技,2025-10-15 09:48:30,75.47,6700,75.49,D
sz002409,雅克科技,2025-10-15 09:48:33,75.43,8500,75.47,D
sz002409,雅克科技,2025-10-15 09:48:36,75.33,6900,75.43,D
sz002409,雅克科技,2025-10-15 09:48:42,75.31,3300,75.31,D
sz002409,雅克科技,2025-10-15 09:48:48,75.28,20500,75.31,D
sz002409,雅克科技,2025-10-15 09:48:54,75.28,4200,75.28,U
sz002409,雅克科技,2025-10-15 09:48:57,75.17,5500,75.28,E
sz002409,雅克科技,2025-10-15 09:49:00,75.08,8900,75.17,D
sz002409,雅克科技,2025-10-15 09:49:03,74.99,25100,75.08,D
sz002409,雅克科技,2025-10-15 09:49:06,74.87,3100,74.99,D
sz002409,雅克科技,2025-10-15 09:49:09,74.82,9800,74.87,D
sz002409,雅克科技,2025-10-15 09:49:15,74.83,8800,74.82,U
sz002409,雅克科技,2025-10-15 09:49:18,74.79,6600,74.83,D
sz002409,雅克科技,2025-10-15 09:49:21,74.7,4100,74.79,D
sz002409,雅克科技,2025-10-15 09:49:30,74.81,6800,74.81,U
sz002409,雅克科技,2025-10-15 09:49:33,74.82,8600,74.81,U
sz002409,雅克科技,2025-10-15 09:49:36,74.81,5400,74.82,D
sz002409,雅克科技,2025-10-15 09:49:39,74.79,6200,74.81,D
sz002409,雅克科技,2025-10-15 09:49:42,74.71,5900,74.79,D
sz002409,雅克科技,2025-10-15 09:49:45,74.66,11600,74.71,D
sz002409,雅克科技,2025-10-15 09:49:51,74.66,5600,74.65,E
sz002409,雅克科技,2025-10-15 09:49:54,74.63,4300,74.66,D
sz002409,雅克科技,2025-10-15 09:49:57,74.65,12100,74.63,U
sz002409,雅克科技,2025-10-15 09:50:00,74.63,9600,74.65,D
sz002409,雅克科技,2025-10-15 09:50:06,74.64,3900,74.65,D
sz002409,雅克科技,2025-10-15 09:50:12,74.65,5700,74.63,D
sz002409,雅克科技,2025-10-15 09:50:18,74.67,3400,74.65,E
sz002409,雅克科技,2025-10-15 09:50:21,74.67,3600,74.67,D
sz002409,雅克科技,2025-10-15 09:50:27,74.8,10000,74.8,U
sz002409,雅克科技,2025-10-15 09:50:48,74.91,6100,74.9,U
sz002409,雅克科技,2025-10-15 09:50:51,74.92,4000,74.91,U
sz002409,雅克科技,2025-10-15 09:50:54,74.9,3700,74.92,D
sz002409,雅克科技,2025-10-15 09:50:57,74.9,15600,74.9,D
sz002409,雅克科技,2025-10-15 09:51:03,74.9,5700,74.9,U
sz002409,雅克科技,2025-10-15 09:51:06,74.88,25000,74.9,D
sz002409,雅克科技,2025-10-15 09:51:09,75.02,4700,74.88,U
sz002409,雅克科技,2025-10-15 09:51:15,75.15,6100,75.07,E
sz002409,雅克科技,2025-10-15 09:51:18,75.14,24300,75.15,D
sz002409,雅克科技,2025-10-15 09:51:21,74.91,12800,75.14,D
sz002409,雅克科技,2025-10-15 09:51:24,75.02,4000,74.91,U
sz002409,雅克科技,2025-10-15 09:51:27,75.05,4700,75.02,U
sz002409,雅克科技,2025-10-15 09:51:48,75.11,2700,75.14,D
sz002409,雅克科技,2025-10-15 09:51:51,75.12,3700,75.11,U
sz002409,雅克科技,2025-10-15 09:51:54,75.17,4900,75.12,U
sz002409,雅克科技,2025-10-15 09:51:57,75.2,22500,75.17,U
sz002409,雅克科技,2025-10-15 09:52:00,75.19,53100,75.2,D
sz002409,雅克科技,2025-10-15 09:52:03,75.16,30300,75.19,D
sz002409,雅克科技,2025-10-15 09:52:06,75.13,31200,75.16,D
sz002409,雅克科技,2025-10-15 09:52:09,74.99,30900,75.13,D
sz002409,雅克科技,2025-10-15 09:52:12,75.12,16300,74.99,U
sz002409,雅克科技,2025-10-15 09:52:15,75.0,12200,75.12,E
sz002409,雅克科技,2025-10-15 09:52:21,75.01,7400,75.06,D
sz002409,雅克科技,2025-10-15 09:52:27,75.0,6800,75.01,D
sz002409,雅克科技,2025-10-15 09:52:30,75.0,4700,75.0,U
sz002409,雅克科技,2025-10-15 09:52:36,75.0,7600,75.0,U
sz002409,雅克科技,2025-10-15 09:52:39,74.99,6600,75.0,D
sz002409,雅克科技,2025-10-15 09:52:45,74.98,5900,75.01,D
sz002409,雅克科技,2025-10-15 09:52:54,74.92,19000,74.96,D
sz002409,雅克科技,2025-10-15 09:53:00,74.91,9600,74.92,D
sz002409,雅克科技,2025-10-15 09:53:03,74.9,14000,74.91,D
sz002409,雅克科技,2025-10-15 09:53:06,74.88,10600,74.9,D
sz002409,雅克科技,2025-10-15 09:53:15,74.88,7600,74.9,D
sz002409,雅克科技,2025-10-15 09:53:18,74.87,9200,74.88,D
sz002409,雅克科技,2025-10-15 09:53:21,74.88,9300,74.87,U
sz002409,雅克科技,2025-10-15 09:53:27,74.88,3800,74.88,U
sz002409,雅克科技,2025-10-15 09:53:30,74.88,2900,74.88,U
sz002409,雅克科技,2025-10-15 09:53:36,74.89,8700,74.88,U
sz002409,雅克科技,2025-10-15 09:53:48,74.8,12800,74.87,D
sz002409,雅克科技,2025-10-15 09:53:57,74.77,3000,74.84,D
sz002409,雅克科技,2025-10-15 09:54:00,74.82,7200,74.77,U
sz002409,雅克科技,2025-10-15 09:54:03,74.81,2700,74.82,D
sz002409,雅克科技,2025-10-15 09:54:06,74.97,42100,74.81,U
sz002409,雅克科技,2025-10-15 09:54:09,74.96,12300,74.97,E
sz002409,雅克科技,2025-10-15 09:54:15,74.97,4100,74.99,D
sz002409,雅克科技,2025-10-15 09:54:18,74.99,3600,74.97,U
sz002409,雅克科技,2025-10-15 09:54:24,74.99,12200,74.99,D
sz002409,雅克科技,2025-10-15 09:54:27,74.96,19900,74.99,D
sz002409,雅克科技,2025-10-15 09:54:33,74.96,6200,74.96,U
sz002409,雅克科技,2025-10-15 09:54:36,74.9,5400,74.96,D
sz002409,雅克科技,2025-10-15 09:54:39,75.0,15000,74.9,U
sz002409,雅克科技,2025-10-15 09:54:45,74.9,2900,74.89,D
sz002409,雅克科技,2025-10-15 09:54:48,74.9,7000,74.9,D
sz002409,雅克科技,2025-10-15 09:54:51,74.9,8200,74.9,D
sz002409,雅克科技,2025-10-15 09:54:54,74.95,4400,74.9,E
sz002409,雅克科技,2025-10-15 09:55:00,74.94,3000,74.9,E
sz002409,雅克科技,2025-10-15 09:55:03,74.89,3600,74.94,D
sz002409,雅克科技,2025-10-15 09:55:06,74.87,8400,74.89,D
sz002409,雅克科技,2025-10-15 09:55:09,74.71,30800,74.87,D
sz002409,雅克科技,2025-10-15 09:55:12,74.69,11500,74.71,D
sz002409,雅克科技,2025-10-15 09:55:15,74.66,12800,74.69,D
sz002409,雅克科技,2025-10-15 09:55:24,74.75,6100,74.8,U
sz002409,雅克科技,2025-10-15 09:55:39,74.83,4100,74.88,D
sz002409,雅克科技,2025-10-15 09:55:45,74.88,3700,74.88,U
sz002409,雅克科技,2025-10-15 09:55:48,74.87,3900,74.88,U
sz002409,雅克科技,2025-10-15 09:55:51,74.9,3000,74.87,U
sz002409,雅克科技,2025-10-15 09:56:03,74.99,10100,74.94,U
sz002409,雅克科技,2025-10-15 09:56:09,74.99,6400,74.99,D
sz002409,雅克科技,2025-10-15 09:56:21,74.95,17000,75.08,D
sz002409,雅克科技,2025-10-15 09:56:33,74.94,6200,74.99,D
sz002409,雅克科技,2025-10-15 09:56:36,75.01,3300,74.94,U
sz002409,雅克科技,2025-10-15 09:56:39,74.92,7400,75.01,D
sz002409,雅克科技,2025-10-15 09:56:42,74.99,7700,74.92,U
sz002409,雅克科技,2025-10-15 09:56:45,74.81,6600,74.99,D
sz002409,雅克科技,2025-10-15 09:56:51,74.81,17700,74.89,D
sz002409,雅克科技,2025-10-15 09:56:57,74.76,3200,74.78,D
sz002409,雅克科技,2025-10-15 09:57:03,74.61,44400,74.76,D
sz002409,雅克科技,2025-10-15 09:57:06,74.67,2900,74.61,U
sz002409,雅克科技,2025-10-15 09:57:12,74.57,45100,74.57,U
sz002409,雅克科技,2025-10-15 09:57:33,74.89,7000,74.75,U
sz002409,雅克科技,2025-10-15 09:57:39,74.84,6600,74.8,E
sz002409,雅克科技,2025-10-15 09:57:57,74.8,3600,74.88,E
sz002409,雅克科技,2025-10-15 09:58:03,74.88,4500,74.88,U
sz002409,雅克科技,2025-10-15 09:58:27,74.87,3500,74.8,U
sz002409,雅克科技,2025-10-15 09:58:30,74.88,3200,74.87,U
sz002409,雅克科技,2025-10-15 09:58:33,74.86,3600,74.88,D
sz002409,雅克科技,2025-10-15 09:58:36,74.81,11800,74.86,D
sz002409,雅克科技,2025-10-15 09:58:42,74.84,6800,74.8,U
sz002409,雅克科技,2025-10-15 09:58:54,74.79,3400,74.8,D
sz002409,雅克科技,2025-10-15 09:59:00,74.86,22100,74.82,U
sz002409,雅克科技,2025-10-15 09:59:03,74.9,16000,74.86,U
sz002409,雅克科技,2025-10-15 09:59:06,74.9,2700,74.9,U
sz002409,雅克科技,2025-10-15 09:59:15,74.93,5000,74.93,D
sz002409,雅克科技,2025-10-15 09:59:21,74.74,41700,74.93,D
sz002409,雅克科技,2025-10-15 09:59:24,74.75,3100,74.74,E
sz002409,雅克科技,2025-10-15 09:59:33,74.73,9100,74.73,U
sz002409,雅克科技,2025-10-15 09:59:39,74.73,6700,74.72,E
sz002409,雅克科技,2025-10-15 09:59:42,74.73,3300,74.73,D
sz002409,雅克科技,2025-10-15 09:59:45,74.72,3000,74.73,D
sz002409,雅克科技,2025-10-15 09:59:48,74.72,11200,74.72,U
sz002409,雅克科技,2025-10-15 09:59:51,74.73,5000,74.72,U
sz002409,雅克科技,2025-10-15 09:59:57,74.8,3200,74.8,U
sz002409,雅克科技,2025-10-15 10:00:00,74.73,4800,74.8,D
sz002409,雅克科技,2025-10-15 10:00:03,74.72,7900,74.73,D
sz002409,雅克科技,2025-10-15 10:00:06,74.74,4400,74.72,E
sz002409,雅克科技,2025-10-15 10:00:12,74.75,4300,74.78,D
sz002409,雅克科技,2025-10-15 10:00:18,74.76,3100,74.77,D
sz002409,雅克科技,2025-10-15 10:00:24,74.76,3600,74.77,D
sz002409,雅克科技,2025-10-15 10:00:27,74.76,4800,74.76,U
sz002409,雅克科技,2025-10-15 10:00:39,74.74,4500,74.75,D
sz002409,雅克科技,2025-10-15 10:00:42,74.74,16400,74.74,U
sz002409,雅克科技,2025-10-15 10:00:54,74.68,2800,74.68,E
sz002409,雅克科技,2025-10-15 10:00:57,74.68,4100,74.68,D
sz002409,雅克科技,2025-10-15 10:01:00,74.74,3200,74.68,U
sz002409,雅克科技,2025-10-15 10:01:03,74.69,14000,74.74,D
sz002409,雅克科技,2025-10-15 10:01:06,74.56,37000,74.69,D
sz002409,雅克科技,2025-10-15 10:01:12,74.52,3100,74.67,D
sz002409,雅克科技,2025-10-15 10:01:18,74.69,10600,74.55,U
sz002409,雅克科技,2025-10-15 10:01:21,74.72,4000,74.69,U
sz002409,雅克科技,2025-10-15 10:01:24,74.7,5500,74.72,D
sz002409,雅克科技,2025-10-15 10:01:30,74.74,5000,74.7,U
sz002409,雅克科技,2025-10-15 10:01:33,74.75,24100,74.74,U
sz002409,雅克科技,2025-10-15 10:01:36,74.74,11900,74.75,D
sz002409,雅克科技,2025-10-15 10:01:39,74.72,6200,74.74,D
sz002409,雅克科技,2025-10-15 10:01:45,74.74,3000,74.73,E
sz002409,雅克科技,2025-10-15 10:01:48,74.73,4800,74.74,D
sz002409,雅克科技,2025-10-15 10:01:51,74.75,2700,74.73,E
sz002409,雅克科技,2025-10-15 10:02:00,74.76,2700,74.74,U
sz002409,雅克科技,2025-10-15 10:02:03,74.72,3000,74.76,D
sz002409,雅克科技,2025-10-15 10:02:09,74.69,15700,74.71,D
sz002409,雅克科技,2025-10-15 10:02:12,74.71,4400,74.69,U
sz002409,雅克科技,2025-10-15 10:02:18,74.75,11100,74.7,U
sz002409,雅克科技,2025-10-15 10:02:21,74.7,5100,74.75,D
sz002409,雅克科技,2025-10-15 10:02:24,74.72,4900,74.7,E
sz002409,雅克科技,2025-10-15 10:02:54,74.83,3300,74.82,U
sz002409,雅克科技,2025-10-15 10:02:57,74.86,30600,74.83,U
sz002409,雅克科技,2025-10-15 10:03:06,74.77,13300,74.85,D
sz002409,雅克科技,2025-10-15 10:03:09,74.85,2700,74.77,U
sz002409,雅克科技,2025-10-15 10:03:12,74.88,7500,74.85,U
sz002409,雅克科技,2025-10-15 10:03:27,74.85,3000,74.86,D
sz002409,雅克科技,2025-10-15 10:03:33,74.85,4200,74.88,D
sz002409,雅克科技,2025-10-15 10:03:36,74.78,20300,74.85,D
sz002409,雅克科技,2025-10-15 10:03:39,74.8,4600,74.78,U
sz002409,雅克科技,2025-10-15 10:03:42,74.7,6700,74.8,D
sz002409,雅克科技,2025-10-15 10:03:45,74.68,5000,74.7,D
sz002409,雅克科技,2025-10-15 10:03:48,74.67,9200,74.68,D
sz002409,雅克科技,2025-10-15 10:03:57,74.67,3300,74.59,U
sz002409,雅克科技,2025-10-15 10:04:03,74.59,8900,74.67,D
sz002409,雅克科技,2025-10-15 10:04:06,74.57,16000,74.59,D
sz002409,雅克科技,2025-10-15 10:04:09,74.5,6300,74.57,D
sz002409,雅克科技,2025-10-15 10:04:18,74.51,4400,74.5,D
sz002409,雅克科技,2025-10-15 10:04:21,74.57,3100,74.51,E
sz002409,雅克科技,2025-10-15 10:04:24,74.51,6700,74.57,D
sz002409,雅克科技,2025-10-15 10:04:30,74.5,3600,74.51,D
sz002409,雅克科技,2025-10-15 10:04:33,74.5,12700,74.5,D
sz002409,雅克科技,2025-10-15 10:04:36,74.51,3100,74.5,D
sz002409,雅克科技,2025-10-15 10:04:39,74.53,10200,74.51,E
sz002409,雅克科技,2025-10-15 10:04:45,74.7,5000,74.7,D
sz002409,雅克科技,2025-10-15 10:04:51,74.7,6300,74.7,D
sz002409,雅克科技,2025-10-15 10:05:03,74.68,3400,74.7,D
sz002409,雅克科技,2025-10-15 10:05:09,74.68,4000,74.68,D
sz002409,雅克科技,2025-10-15 10:05:36,74.79,2800,74.82,D
sz002409,雅克科技,2025-10-15 10:05:48,74.81,14500,74.81,U
sz002409,雅克科技,2025-10-15 10:05:54,74.81,2700,74.81,E
sz002409,雅克科技,2025-10-15 10:06:12,74.8,13600,74.81,D
sz002409,雅克科技,2025-10-15 10:06:21,74.65,21700,74.8,D
sz002409,雅克科技,2025-10-15 10:06:24,74.58,4700,74.65,D
sz002409,雅克科技,2025-10-15 10:06:30,74.57,3500,74.59,D
sz002409,雅克科技,2025-10-15 10:06:45,74.54,4100,74.56,D
sz002409,雅克科技,2025-10-15 10:06:48,74.5,12000,74.54,D
sz002409,雅克科技,2025-10-15 10:06:54,74.46,8700,74.5,D
sz002409,雅克科技,2025-10-15 10:06:57,74.4,3700,74.46,D
sz002409,雅克科技,2025-10-15 10:07:00,74.38,25100,74.4,D
sz002409,雅克科技,2025-10-15 10:07:03,74.37,6200,74.38,D
sz002409,雅克科技,2025-10-15 10:07:06,74.39,4900,74.37,U
sz002409,雅克科技,2025-10-15 10:07:09,74.37,14900,74.39,D
sz002409,雅克科技,2025-10-15 10:07:12,74.41,6900,74.37,U
sz002409,雅克科技,2025-10-15 10:07:15,74.41,5000,74.41,D
sz002409,雅克科技,2025-10-15 10:07:18,74.44,8800,74.41,E
sz002409,雅克科技,2025-10-15 10:07:21,74.42,4800,74.44,E
sz002409,雅克科技,2025-10-15 10:07:24,74.41,27100,74.42,D
sz002409,雅克科技,2025-10-15 10:07:30,74.5,3800,74.43,U
sz002409,雅克科技,2025-10-15 10:07:33,74.56,6000,74.5,U
sz002409,雅克科技,2025-10-15 10:07:36,74.45,6100,74.56,D
sz002409,雅克科技,2025-10-15 10:07:39,74.6,6100,74.45,U
sz002409,雅克科技,2025-10-15 10:07:42,74.54,13500,74.6,D
sz002409,雅克科技,2025-10-15 10:08:00,74.72,4900,74.73,D
sz002409,雅克科技,2025-10-15 10:08:12,74.6,6400,74.65,D
sz002409,雅克科技,2025-10-15 10:08:21,74.59,5600,74.59,D
sz002409,雅克科技,2025-10-15 10:08:24,74.6,26400,74.59,U
sz002409,雅克科技,2025-10-15 10:08:27,74.64,96600,74.6,U
sz002409,雅克科技,2025-10-15 10:08:39,74.64,3000,74.63,U
sz002409,雅克科技,2025-10-15 10:08:45,74.65,11300,74.7,D
sz002409,雅克科技,2025-10-15 10:08:48,74.65,3600,74.65,U
sz002409,雅克科技,2025-10-15 10:09:03,74.69,4900,74.66,D
sz002409,雅克科技,2025-10-15 10:09:09,74.73,6300,74.69,U
sz002409,雅克科技,2025-10-15 10:09:12,74.79,2700,74.73,U
sz002409,雅克科技,2025-10-15 10:09:21,74.77,3200,74.78,E
sz002409,雅克科技,2025-10-15 10:09:42,74.81,4300,74.78,U
sz002409,雅克科技,2025-10-15 10:09:48,74.88,83500,74.79,U
sz002409,雅克科技,2025-10-15 10:09:51,74.88,32200,74.88,U
sz002409,雅克科技,2025-10-15 10:09:54,74.9,56800,74.88,U
sz002409,雅克科技,2025-10-15 10:10:00,74.98,4300,74.9,U
sz002409,雅克科技,2025-10-15 10:10:03,74.9,5100,74.98,D
sz002409,雅克科技,2025-10-15 10:10:09,75.02,22300,74.99,U
sz002409,雅克科技,2025-10-15 10:10:12,75.03,4000,75.02,U
sz002409,雅克科技,2025-10-15 10:10:21,75.05,5500,75.08,D
sz002409,雅克科技,2025-10-15 10:10:24,75.08,5100,75.05,U
sz002409,雅克科技,2025-10-15 10:10:27,75.0,11900,75.08,D
sz002409,雅克科技,2025-10-15 10:10:42,75.1,15400,75.15,D
sz002409,雅克科技,2025-10-15 10:10:45,75.07,12700,75.1,D
sz002409,雅克科技,2025-10-15 10:10:51,75.09,3200,75.06,E
sz002409,雅克科技,2025-10-15 10:10:54,75.1,8500,75.09,U
sz002409,雅克科技,2025-10-15 10:11:03,75.09,2900,75.1,D
sz002409,雅克科技,2025-10-15 10:11:06,75.05,8100,75.09,D
sz002409,雅克科技,2025-10-15 10:11:18,75.07,3900,75.08,D
sz002409,雅克科技,2025-10-15 10:11:21,75.07,4300,75.07,U
sz002409,雅克科技,2025-10-15 10:11:24,75.07,3900,75.07,E
sz002409,雅克科技,2025-10-15 10:11:30,75.09,2800,75.09,U
sz002409,雅克科技,2025-10-15 10:11:36,75.06,21000,75.07,D
sz002409,雅克科技,2025-10-15 10:11:48,75.14,8600,75.08,U
sz002409,雅克科技,2025-10-15 10:11:51,75.11,3400,75.14,D
sz002409,雅克科技,2025-10-15 10:12:00,75.13,3000,75.14,D
sz002409,雅克科技,2025-10-15 10:12:09,75.18,3600,75.14,U
sz002409,雅克科技,2025-10-15 10:12:12,75.19,3900,75.18,U
sz002409,雅克科技,2025-10-15 10:12:30,75.28,3000,75.26,U
sz002409,雅克科技,2025-10-15 10:12:45,75.25,74900,75.36,D
sz002409,雅克科技,2025-10-15 10:12:54,75.26,4000,75.21,U
sz002409,雅克科技,2025-10-15 10:13:00,75.18,8500,75.2,D
sz002409,雅克科技,2025-10-15 10:13:03,75.13,19300,75.18,D
sz002409,雅克科技,2025-10-15 10:13:18,75.16,3100,75.13,U
sz002409,雅克科技,2025-10-15 10:13:42,75.22,34100,75.3,D
sz002409,雅克科技,2025-10-15 10:13:57,75.29,3000,75.26,U
sz002409,雅克科技,2025-10-15 10:14:03,75.27,10800,75.3,D
sz002409,雅克科技,2025-10-15 10:14:09,75.25,10900,75.29,D
sz002409,雅克科技,2025-10-15 10:14:12,75.25,4200,75.25,U
sz002409,雅克科技,2025-10-15 10:14:30,75.26,6500,75.27,D
sz002409,雅克科技,2025-10-15 10:14:33,75.26,3200,75.26,U
sz002409,雅克科技,2025-10-15 10:14:39,75.26,5900,75.26,U
sz002409,雅克科技,2025-10-15 10:14:42,75.26,2700,75.26,U
sz002409,雅克科技,2025-10-15 10:14:48,75.2,5100,75.22,D
sz002409,雅克科技,2025-10-15 10:14:54,75.23,3100,75.24,U
sz002409,雅克科技,2025-10-15 10:14:57,75.22,2800,75.23,U
sz002409,雅克科技,2025-10-15 10:15:03,75.2,2800,75.2,U
sz002409,雅克科技,2025-10-15 10:15:06,75.16,5800,75.2,E
sz002409,雅克科技,2025-10-15 10:15:09,75.19,3200,75.16,U
sz002409,雅克科技,2025-10-15 10:15:12,75.18,20800,75.19,D
sz002409,雅克科技,2025-10-15 10:15:15,75.25,2900,75.18,U
sz002409,雅克科技,2025-10-15 10:15:18,75.18,4200,75.25,U
sz002409,雅克科技,2025-10-15 10:15:21,75.2,3200,75.18,U
sz002409,雅克科技,2025-10-15 10:15:27,75.25,3500,75.2,U
sz002409,雅克科技,2025-10-15 10:15:30,75.25,4700,75.25,E
sz002409,雅克科技,2025-10-15 10:15:33,75.29,3800,75.25,U
sz002409,雅克科技,2025-10-15 10:15:39,75.28,7300,75.3,D
sz002409,雅克科技,2025-10-15 10:15:48,75.34,3600,75.33,U
sz002409,雅克科技,2025-10-15 10:15:51,75.2,18500,75.34,D
sz002409,雅克科技,2025-10-15 10:15:54,75.15,7000,75.2,D
sz002409,雅克科技,2025-10-15 10:16:00,75.05,5100,75.15,D
sz002409,雅克科技,2025-10-15 10:16:06,75.22,9900,75.04,U
sz002409,雅克科技,2025-10-15 10:16:12,75.2,3200,75.12,U
sz002409,雅克科技,2025-10-15 10:16:15,75.22,4900,75.2,U
sz002409,雅克科技,2025-10-15 10:16:24,75.19,2800,75.2,D
sz002409,雅克科技,2025-10-15 10:16:27,75.2,2900,75.19,U
sz002409,雅克科技,2025-10-15 10:16:36,75.14,8500,75.2,D
sz002409,雅克科技,2025-10-15 10:16:39,75.17,12100,75.14,E
sz002409,雅克科技,2025-10-15 10:17:12,75.18,6100,75.18,U
sz002409,雅克科技,2025-10-15 10:17:18,75.2,5400,75.18,U
sz002409,雅克科技,2025-10-15 10:17:24,75.2,6100,75.19,U
sz002409,雅克科技,2025-10-15 10:17:39,75.24,5000,75.22,U
sz002409,雅克科技,2025-10-15 10:17:42,75.25,2700,75.24,U
sz002409,雅克科技,2025-10-15 10:17:45,75.28,4800,75.25,U
sz002409,雅克科技,2025-10-15 10:17:51,75.24,8300,75.28,D
sz002409,雅克科技,2025-10-15 10:17:54,75.24,8600,75.24,E
sz002409,雅克科技,2025-10-15 10:17:57,75.25,2800,75.24,U
sz002409,雅克科技,2025-10-15 10:18:03,75.27,5300,75.25,U
sz002409,雅克科技,2025-10-15 10:18:09,75.23,5600,75.23,D
sz002409,雅克科技,2025-10-15 10:18:12,75.19,4900,75.23,D
sz002409,雅克科技,2025-10-15 10:18:15,75.22,4300,75.19,U
sz002409,雅克科技,2025-10-15 10:18:18,75.13,7700,75.22,D
sz002409,雅克科技,2025-10-15 10:18:21,75.19,7600,75.13,U
sz002409,雅克科技,2025-10-15 10:18:24,75.11,11900,75.19,E
sz002409,雅克科技,2025-10-15 10:18:27,75.04,17200,75.11,D
sz002409,雅克科技,2025-10-15 10:18:39,75.03,4400,75.04,D
sz002409,雅克科技,2025-10-15 10:18:42,75.03,4600,75.03,D
sz002409,雅克科技,2025-10-15 10:18:45,75.01,6900,75.03,D
sz002409,雅克科技,2025-10-15 10:18:48,75.0,8300,75.01,D
sz002409,雅克科技,2025-10-15 10:18:51,75.0,18100,75.0,D
sz002409,雅克科技,2025-10-15 10:18:54,75.0,4100,75.0,D
sz002409,雅克科技,2025-10-15 10:18:57,75.04,7900,75.0,U
sz002409,雅克科技,2025-10-15 10:19:00,75.07,4900,75.04,U
sz002409,雅克科技,2025-10-15 10:19:12,75.2,4500,75.2,U
sz002409,雅克科技,2025-10-15 10:19:15,75.2,5900,75.2,U
sz002409,雅克科技,2025-10-15 10:19:21,75.2,4200,75.2,D
sz002409,雅克科技,2025-10-15 10:19:39,75.25,4700,75.26,U
sz002409,雅克科技,2025-10-15 10:19:42,75.26,3300,75.25,U
sz002409,雅克科技,2025-10-15 10:19:45,75.26,5300,75.26,U
sz002409,雅克科技,2025-10-15 10:19:48,75.18,19100,75.26,D
sz002409,雅克科技,2025-10-15 10:20:00,75.11,6100,75.19,D
sz002409,雅克科技,2025-10-15 10:20:03,75.1,4200,75.11,D
sz002409,雅克科技,2025-10-15 10:20:06,75.0,30700,75.1,D
sz002409,雅克科技,2025-10-15 10:20:12,75.05,3000,75.03,U
sz002409,雅克科技,2025-10-15 10:20:24,75.07,5500,75.04,U
sz002409,雅克科技,2025-10-15 10:20:39,75.13,3000,75.18,D
sz002409,雅克科技,2025-10-15 10:20:48,75.13,3900,75.13,D
sz002409,雅克科技,2025-10-15 10:20:51,75.13,8000,75.13,D
sz002409,雅克科技,2025-10-15 10:20:57,75.13,3200,75.11,U
sz002409,雅克科技,2025-10-15 10:21:00,75.15,9300,75.13,U
sz002409,雅克科技,2025-10-15 10:21:03,75.15,7900,75.15,U
sz002409,雅克科技,2025-10-15 10:21:12,75.13,2900,75.17,D
sz002409,雅克科技,2025-10-15 10:21:27,75.11,5700,75.13,D
sz002409,雅克科技,2025-10-15 10:21:30,75.11,3300,75.11,U
sz002409,雅克科技,2025-10-15 10:21:48,75.0,26900,75.07,D
sz002409,雅克科技,2025-10-15 10:21:51,75.0,2700,75.0,U
sz002409,雅克科技,2025-10-15 10:21:54,75.0,14300,75.0,U
sz002409,雅克科技,2025-10-15 10:21:57,75.01,4000,75.0,E
sz002409,雅克科技,2025-10-15 10:22:03,75.1,3700,75.07,U
sz002409,雅克科技,2025-10-15 10:22:06,75.06,6200,75.1,D
sz002409,雅克科技,2025-10-15 10:22:27,75.01,4300,75.03,D
sz002409,雅克科技,2025-10-15 10:22:36,74.95,18600,75.0,D
sz002409,雅克科技,2025-10-15 10:23:00,74.79,13000,74.89,D
sz002409,雅克科技,2025-10-15 10:23:09,74.77,11700,74.79,D
sz002409,雅克科技,2025-10-15 10:23:15,74.78,4100,74.85,D
sz002409,雅克科技,2025-10-15 10:23:45,74.73,6800,74.79,D
sz002409,雅克科技,2025-10-15 10:23:48,74.66,6000,74.73,D
sz002409,雅克科技,2025-10-15 10:23:54,74.7,4300,74.71,D
sz002409,雅克科技,2025-10-15 10:23:57,74.6,12600,74.7,D
sz002409,雅克科技,2025-10-15 10:24:00,74.66,4100,74.6,U
sz002409,雅克科技,2025-10-15 10:24:06,74.65,3200,74.7,D
sz002409,雅克科技,2025-10-15 10:24:12,74.7,2900,74.65,U
sz002409,雅克科技,2025-10-15 10:24:18,74.72,10200,74.7,U
sz002409,雅克科技,2025-10-15 10:24:21,74.77,3600,74.72,U
sz002409,雅克科技,2025-10-15 10:24:24,74.68,4500,74.77,D
sz002409,雅克科技,2025-10-15 10:24:33,74.73,3400,74.73,U
sz002409,雅克科技,2025-10-15 10:24:54,74.77,3300,74.77,D
sz002409,雅克科技,2025-10-15 10:24:57,74.78,3900,74.77,U
sz002409,雅克科技,2025-10-15 10:25:00,74.71,12300,74.78,D
sz002409,雅克科技,2025-10-15 10:25:03,74.72,5000,74.71,E
sz002409,雅克科技,2025-10-15 10:25:06,74.77,5600,74.72,U
sz002409,雅克科技,2025-10-15 10:25:09,74.8,8300,74.77,U
sz002409,雅克科技,2025-10-15 10:25:12,74.8,3600,74.8,U
sz002409,雅克科技,2025-10-15 10:25:18,74.8,10900,74.77,U
sz002409,雅克科技,2025-10-15 10:25:21,74.77,20100,74.8,D
sz002409,雅克科技,2025-10-15 10:25:24,74.81,6100,74.77,E
sz002409,雅克科技,2025-10-15 10:25:30,74.81,3000,74.82,D
sz002409,雅克科技,2025-10-15 10:25:33,74.82,5000,74.81,D
sz002409,雅克科技,2025-10-15 10:25:36,74.83,3600,74.82,D
sz002409,雅克科技,2025-10-15 10:25:39,74.89,7600,74.83,E
sz002409,雅克科技,2025-10-15 10:25:42,74.92,5900,74.89,U
sz002409,雅克科技,2025-10-15 10:25:45,74.89,3800,74.92,D
sz002409,雅克科技,2025-10-15 10:25:54,74.92,4700,74.97,D
sz002409,雅克科技,2025-10-15 10:25:57,74.95,12500,74.92,E
sz002409,雅克科技,2025-10-15 10:26:00,74.92,2700,74.95,D
sz002409,雅克科技,2025-10-15 10:26:06,74.91,3700,74.92,D
sz002409,雅克科技,2025-10-15 10:26:12,75.08,10900,74.91,U
sz002409,雅克科技,2025-10-15 10:26:21,75.12,2800,75.12,U
sz002409,雅克科技,2025-10-15 10:26:36,75.09,3300,75.11,D
sz002409,雅克科技,2025-10-15 10:26:45,75.03,3700,74.99,U
sz002409,雅克科技,2025-10-15 10:26:48,74.97,3500,75.03,D
sz002409,雅克科技,2025-10-15 10:26:54,74.98,3900,74.98,U
sz002409,雅克科技,2025-10-15 10:26:57,75.09,13300,74.98,U
sz002409,雅克科技,2025-10-15 10:27:00,74.99,4500,75.09,E
sz002409,雅克科技,2025-10-15 10:27:03,74.98,3300,74.99,D
sz002409,雅克科技,2025-10-15 10:27:06,75.09,5500,74.98,U
sz002409,雅克科技,2025-10-15 10:27:12,75.09,4100,75.09,U
sz002409,雅克科技,2025-10-15 10:27:15,75.01,5700,75.09,D
sz002409,雅克科技,2025-10-15 10:27:21,75.01,2700,75.02,D
sz002409,雅克科技,2025-10-15 10:27:39,75.0,7600,75.01,D
sz002409,雅克科技,2025-10-15 10:27:42,75.0,4000,75.0,U
sz002409,雅克科技,2025-10-15 10:27:45,74.99,9000,75.0,D
sz002409,雅克科技,2025-10-15 10:27:51,74.98,7000,74.99,D
sz002409,雅克科技,2025-10-15 10:28:12,74.95,3500,74.97,D
sz002409,雅克科技,2025-10-15 10:28:15,74.94,4700,74.95,D
sz002409,雅克科技,2025-10-15 10:28:30,74.87,31000,74.94,D
sz002409,雅克科技,2025-10-15 10:28:45,74.8,45000,74.86,D
sz002409,雅克科技,2025-10-15 10:28:51,74.91,23600,74.9,U
sz002409,雅克科技,2025-10-15 10:28:54,74.91,3300,74.91,D
sz002409,雅克科技,2025-10-15 10:28:57,74.91,3600,74.91,U
sz002409,雅克科技,2025-10-15 10:29:00,74.91,2900,74.91,U
sz002409,雅克科技,2025-10-15 10:29:03,74.91,3600,74.91,D
sz002409,雅克科技,2025-10-15 10:29:06,74.94,7700,74.91,U
sz002409,雅克科技,2025-10-15 10:29:12,74.94,30200,74.93,E
sz002409,雅克科技,2025-10-15 10:29:18,74.96,3400,74.92,U
sz002409,雅克科技,2025-10-15 10:29:45,74.96,7000,74.96,U
sz002409,雅克科技,2025-10-15 10:29:51,74.9,44900,74.94,D
sz002409,雅克科技,2025-10-15 10:30:15,74.86,5400,74.81,U
sz002409,雅克科技,2025-10-15 10:30:18,74.81,4000,74.86,E
sz002409,雅克科技,2025-10-15 10:30:21,74.8,9100,74.81,D
sz002409,雅克科技,2025-10-15 10:30:30,74.8,3500,74.8,D
sz002409,雅克科技,2025-10-15 10:30:33,74.8,3100,74.8,U
sz002409,雅克科技,2025-10-15 10:30:42,74.78,20300,74.8,D
sz002409,雅克科技,2025-10-15 10:31:03,74.66,19700,74.86,D
sz002409,雅克科技,2025-10-15 10:31:18,74.64,4800,74.65,E
sz002409,雅克科技,2025-10-15 10:31:30,74.63,21900,74.62,U
sz002409,雅克科技,2025-10-15 10:31:42,74.63,3600,74.54,U
sz002409,雅克科技,2025-10-15 10:31:45,74.63,6000,74.63,U
sz002409,雅克科技,2025-10-15 10:31:54,74.6,2700,74.6,D
sz002409,雅克科技,2025-10-15 10:32:12,74.62,10600,74.6,U
sz002409,雅克科技,2025-10-15 10:32:24,74.63,3500,74.63,U
sz002409,雅克科技,2025-10-15 10:32:27,74.63,19700,74.63,U
sz002409,雅克科技,2025-10-15 10:32:51,74.64,4300,74.63,U
sz002409,雅克科技,2025-10-15 10:33:21,74.64,21900,74.64,D
sz002409,雅克科技,2025-10-15 10:33:33,74.63,3300,74.64,D
sz002409,雅克科技,2025-10-15 10:34:15,74.58,30000,74.64,D
sz002409,雅克科技,2025-10-15 10:34:30,74.52,3200,74.52,D
sz002409,雅克科技,2025-10-15 10:34:36,74.5,7600,74.52,D
sz002409,雅克科技,2025-10-15 10:34:45,74.51,3500,74.52,D
sz002409,雅克科技,2025-10-15 10:35:03,74.5,20900,74.5,D
sz002409,雅克科技,2025-10-15 10:35:30,74.42,2900,74.43,D
sz002409,雅克科技,2025-10-15 10:35:39,74.4,5900,74.44,D
sz002409,雅克科技,2025-10-15 10:35:42,74.44,3900,74.4,E
sz002409,雅克科技,2025-10-15 10:35:51,74.4,3500,74.42,D
sz002409,雅克科技,2025-10-15 10:35:54,74.4,3700,74.4,U
sz002409,雅克科技,2025-10-15 10:35:57,74.4,2800,74.4,U
sz002409,雅克科技,2025-10-15 10:36:00,74.39,8100,74.4,D
sz002409,雅克科技,2025-10-15 10:36:03,74.39,5700,74.39,D
sz002409,雅克科技,2025-10-15 10:36:09,74.39,26500,74.36,U
sz002409,雅克科技,2025-10-15 10:36:12,74.37,5600,74.39,D
sz002409,雅克科技,2025-10-15 10:36:27,74.36,9900,74.35,U
sz002409,雅克科技,2025-10-15 10:36:33,74.35,9000,74.34,U
sz002409,雅克科技,2025-10-15 10:36:36,74.34,6600,74.35,D
sz002409,雅克科技,2025-10-15 10:36:39,74.35,5700,74.34,E
sz002409,雅克科技,2025-10-15 10:36:42,74.35,7200,74.35,D
sz002409,雅克科技,2025-10-15 10:37:00,74.39,2900,74.47,D
sz002409,雅克科技,2025-10-15 10:37:18,74.47,4200,74.49,E
sz002409,雅克科技,2025-10-15 10:37:21,74.4,2800,74.47,D
sz002409,雅克科技,2025-10-15 10:37:27,74.4,2800,74.47,D
sz002409,雅克科技,2025-10-15 10:37:42,74.5,3200,74.47,U
sz002409,雅克科技,2025-10-15 10:38:00,74.39,6300,74.39,D
sz002409,雅克科技,2025-10-15 10:38:03,74.38,10300,74.39,D
sz002409,雅克科技,2025-10-15 10:38:12,74.38,12000,74.38,D
sz002409,雅克科技,2025-10-15 10:38:15,74.35,3400,74.38,D
sz002409,雅克科技,2025-10-15 10:38:21,74.32,32400,74.35,D
sz002409,雅克科技,2025-10-15 10:38:33,74.21,20000,74.31,D
sz002409,雅克科技,2025-10-15 10:38:39,74.31,9500,74.31,U
sz002409,雅克科技,2025-10-15 10:38:42,74.3,12300,74.31,U
sz002409,雅克科技,2025-10-15 10:38:48,74.26,4200,74.29,D
sz002409,雅克科技,2025-10-15 10:38:51,74.29,2800,74.26,U
sz002409,雅克科技,2025-10-15 10:38:54,74.26,2900,74.29,D
sz002409,雅克科技,2025-10-15 10:38:57,74.19,46500,74.26,D
sz002409,雅克科技,2025-10-15 10:39:00,74.18,10100,74.19,D
sz002409,雅克科技,2025-10-15 10:39:03,74.15,25100,74.18,D
sz002409,雅克科技,2025-10-15 10:39:06,74.17,16800,74.15,E
sz002409,雅克科技,2025-10-15 10:39:09,74.14,12200,74.17,E
sz002409,雅克科技,2025-10-15 10:39:12,74.09,34700,74.14,D
sz002409,雅克科技,2025-10-15 10:39:15,74.16,6400,74.09,E
sz002409,雅克科技,2025-10-15 10:39:18,74.15,3500,74.16,D
sz002409,雅克科技,2025-10-15 10:39:21,74.15,5700,74.15,U
sz002409,雅克科技,2025-10-15 10:39:24,74.16,24200,74.15,U
sz002409,雅克科技,2025-10-15 10:39:27,74.12,14300,74.16,D
sz002409,雅克科技,2025-10-15 10:39:30,74.16,4100,74.12,D
sz002409,雅克科技,2025-10-15 10:39:36,74.15,6000,74.13,U
sz002409,雅克科技,2025-10-15 10:39:39,74.13,35100,74.15,D
sz002409,雅克科技,2025-10-15 10:39:42,74.13,26600,74.13,U
sz002409,雅克科技,2025-10-15 10:39:51,74.13,5500,74.18,D
sz002409,雅克科技,2025-10-15 10:39:54,74.18,5700,74.13,U
sz002409,雅克科技,2025-10-15 10:39:57,74.2,10400,74.18,U
sz002409,雅克科技,2025-10-15 10:40:00,74.16,4700,74.2,D
sz002409,雅克科技,2025-10-15 10:40:03,74.16,3400,74.16,D
sz002409,雅克科技,2025-10-15 10:40:15,74.16,6000,74.16,D
sz002409,雅克科技,2025-10-15 10:40:18,74.23,26500,74.16,U
sz002409,雅克科技,2025-10-15 10:40:21,74.26,6000,74.23,U
sz002409,雅克科技,2025-10-15 10:40:30,74.29,3500,74.28,U
sz002409,雅克科技,2025-10-15 10:40:36,74.27,6900,74.29,D
sz002409,雅克科技,2025-10-15 10:40:39,74.28,3200,74.27,U
sz002409,雅克科技,2025-10-15 10:40:45,74.28,6700,74.28,U
sz002409,雅克科技,2025-10-15 10:40:48,74.28,3300,74.28,U
sz002409,雅克科技,2025-10-15 10:40:51,74.28,12200,74.28,U
sz002409,雅克科技,2025-10-15 10:40:54,74.26,7900,74.28,D
sz002409,雅克科技,2025-10-15 10:40:57,74.26,6400,74.26,D
sz002409,雅克科技,2025-10-15 10:41:00,74.28,3100,74.26,U
sz002409,雅克科技,2025-10-15 10:41:27,74.28,33000,74.28,U
sz002409,雅克科技,2025-10-15 10:41:36,74.29,3600,74.24,U
sz002409,雅克科技,2025-10-15 10:41:39,74.25,2700,74.29,E
sz002409,雅克科技,2025-10-15 10:41:51,74.24,8500,74.24,U
sz002409,雅克科技,2025-10-15 10:42:00,74.17,6800,74.22,D
sz002409,雅克科技,2025-10-15 10:42:03,74.17,3600,74.17,D
sz002409,雅克科技,2025-10-15 10:42:06,74.14,7500,74.17,D
sz002409,雅克科技,2025-10-15 10:42:09,74.14,8200,74.14,U
sz002409,雅克科技,2025-10-15 10:42:12,74.1,10500,74.14,D
sz002409,雅克科技,2025-10-15 10:42:15,74.12,9400,74.1,U
sz002409,雅克科技,2025-10-15 10:42:18,74.07,12600,74.12,D
sz002409,雅克科技,2025-10-15 10:42:24,74.06,8200,74.06,D
sz002409,雅克科技,2025-10-15 10:42:27,74.05,2900,74.06,D
sz002409,雅克科技,2025-10-15 10:42:33,74.05,5100,74.06,D
sz002409,雅克科技,2025-10-15 10:42:36,74.04,9200,74.05,D
sz002409,雅克科技,2025-10-15 10:42:39,74.03,17800,74.04,E
sz002409,雅克科技,2025-10-15 10:42:42,74.01,5000,74.03,D
sz002409,雅克科技,2025-10-15 10:42:45,74.04,17200,74.01,U
sz002409,雅克科技,2025-10-15 10:42:48,74.05,15900,74.04,U
sz002409,雅克科技,2025-10-15 10:42:51,74.05,11400,74.05,D
sz002409,雅克科技,2025-10-15 10:43:03,74.05,7100,74.04,U
sz002409,雅克科技,2025-10-15 10:43:06,74.02,7800,74.05,D
sz002409,雅克科技,2025-10-15 10:43:18,74.02,18200,74.04,D
sz002409,雅克科技,2025-10-15 10:43:21,74.0,5400,74.02,D
sz002409,雅克科技,2025-10-15 10:43:24,74.0,20500,74.0,D
sz002409,雅克科技,2025-10-15 10:43:27,74.0,3300,74.0,D
sz002409,雅克科技,2025-10-15 10:43:30,74.0,6500,74.0,D
sz002409,雅克科技,2025-10-15 10:43:33,74.02,7200,74.0,U
sz002409,雅克科技,2025-10-15 10:43:36,73.99,49300,74.02,D
sz002409,雅克科技,2025-10-15 10:43:39,73.99,6900,73.99,D
sz002409,雅克科技,2025-10-15 10:43:42,73.98,11400,73.99,D
sz002409,雅克科技,2025-10-15 10:43:57,73.92,21500,73.92,U
sz002409,雅克科技,2025-10-15 10:44:00,73.92,4700,73.92,U
sz002409,雅克科技,2025-10-15 10:44:03,73.92,4600,73.92,U
sz002409,雅克科技,2025-10-15 10:44:06,73.91,10900,73.92,D
sz002409,雅克科技,2025-10-15 10:44:12,73.89,4000,73.9,D
sz002409,雅克科技,2025-10-15 10:44:15,73.9,3500,73.89,U
sz002409,雅克科技,2025-10-15 10:44:21,73.89,6400,73.89,D
sz002409,雅克科技,2025-10-15 10:44:27,73.89,3200,73.89,U
sz002409,雅克科技,2025-10-15 10:44:33,73.86,8800,73.89,D
sz002409,雅克科技,2025-10-15 10:44:45,73.86,5500,73.85,U
sz002409,雅克科技,2025-10-15 10:44:48,73.89,27400,73.86,U
sz002409,雅克科技,2025-10-15 10:44:51,73.86,14400,73.89,D
sz002409,雅克科技,2025-10-15 10:44:57,73.89,3400,73.89,D
sz002409,雅克科技,2025-10-15 10:45:00,73.87,14000,73.89,E
sz002409,雅克科技,2025-10-15 10:45:03,73.86,12600,73.87,D
sz002409,雅克科技,2025-10-15 10:45:06,73.92,3200,73.86,U
sz002409,雅克科技,2025-10-15 10:45:09,73.94,24700,73.92,E
sz002409,雅克科技,2025-10-15 10:45:12,73.96,4000,73.94,U
sz002409,雅克科技,2025-10-15 10:45:15,73.93,5800,73.96,D
sz002409,雅克科技,2025-10-15 10:45:18,73.98,24600,73.93,U
sz002409,雅克科技,2025-10-15 10:45:24,74.01,9700,73.98,U
sz002409,雅克科技,2025-10-15 10:45:27,74.06,45900,74.01,U
sz002409,雅克科技,2025-10-15 10:45:30,74.06,3300,74.06,U
sz002409,雅克科技,2025-10-15 10:45:36,74.01,11100,74.08,D
sz002409,雅克科技,2025-10-15 10:45:39,74.0,13500,74.01,D
sz002409,雅克科技,2025-10-15 10:45:51,73.99,2900,73.99,E
sz002409,雅克科技,2025-10-15 10:46:06,73.99,3700,73.96,U
sz002409,雅克科技,2025-10-15 10:46:12,73.99,3100,73.99,U
sz002409,雅克科技,2025-10-15 10:46:18,74.01,5300,74.0,U
sz002409,雅克科技,2025-10-15 10:46:21,74.0,5300,74.01,D
sz002409,雅克科技,2025-10-15 10:46:27,73.95,16000,73.99,D
sz002409,雅克科技,2025-10-15 10:46:30,73.94,3700,73.95,E
sz002409,雅克科技,2025-10-15 10:46:54,73.94,12800,73.94,E
sz002409,雅克科技,2025-10-15 10:46:57,73.94,2800,73.94,E
sz002409,雅克科技,2025-10-15 10:47:00,73.94,3100,73.94,U
sz002409,雅克科技,2025-10-15 10:47:06,73.93,5100,73.93,U
sz002409,雅克科技,2025-10-15 10:47:09,73.93,7100,73.93,U
sz002409,雅克科技,2025-10-15 10:47:12,73.91,5300,73.93,D
sz002409,雅克科技,2025-10-15 10:47:21,73.92,4600,73.95,D
sz002409,雅克科技,2025-10-15 10:47:27,73.92,10400,73.94,D
sz002409,雅克科技,2025-10-15 10:47:36,73.9,4500,73.92,D
sz002409,雅克科技,2025-10-15 10:47:39,73.9,3900,73.9,U
sz002409,雅克科技,2025-10-15 10:47:54,73.88,5600,73.89,D
sz002409,雅克科技,2025-10-15 10:48:03,73.88,4100,73.89,D
sz002409,雅克科技,2025-10-15 10:48:06,73.98,28100,73.88,U
sz002409,雅克科技,2025-10-15 10:48:09,74.02,55600,73.98,U
sz002409,雅克科技,2025-10-15 10:48:18,74.1,2900,74.05,U
sz002409,雅克科技,2025-10-15 10:48:33,74.1,6800,74.1,D
sz002409,雅克科技,2025-10-15 10:48:36,74.08,7400,74.1,D
sz002409,雅克科技,2025-10-15 10:48:42,74.02,5500,74.02,D
sz002409,雅克科技,2025-10-15 10:48:51,73.94,4400,73.96,D
sz002409,雅克科技,2025-10-15 10:48:54,73.94,4200,73.94,U
sz002409,雅克科技,2025-10-15 10:49:18,73.9,4100,73.91,D
sz002409,雅克科技,2025-10-15 10:49:36,73.9,5400,73.9,D
sz002409,雅克科技,2025-10-15 10:49:45,73.87,10500,73.87,D
sz002409,雅克科技,2025-10-15 10:49:51,73.87,4300,73.87,U
sz002409,雅克科技,2025-10-15 10:49:54,73.86,3300,73.87,D
sz002409,雅克科技,2025-10-15 10:49:57,73.86,4000,73.86,D
sz002409,雅克科技,2025-10-15 10:50:00,73.85,5000,73.86,D
sz002409,雅克科技,2025-10-15 10:50:03,73.84,2800,73.85,D
sz002409,雅克科技,2025-10-15 10:50:06,73.82,3100,73.84,D
sz002409,雅克科技,2025-10-15 10:50:12,73.81,4500,73.82,D
sz002409,雅克科技,2025-10-15 10:50:15,73.8,5000,73.81,D
sz002409,雅克科技,2025-10-15 10:50:18,73.78,19500,73.8,D
sz002409,雅克科技,2025-10-15 10:50:21,73.77,29700,73.78,D
sz002409,雅克科技,2025-10-15 10:50:24,73.77,12400,73.77,D
sz002409,雅克科技,2025-10-15 10:50:27,73.76,10100,73.77,D
sz002409,雅克科技,2025-10-15 10:50:30,73.75,8900,73.76,D
sz002409,雅克科技,2025-10-15 10:50:33,73.74,5800,73.75,D
sz002409,雅克科技,2025-10-15 10:50:36,73.73,4800,73.74,D
sz002409,雅克科技,2025-10-15 10:50:39,73.73,4500,73.73,D
sz002409,雅克科技,2025-10-15 10:50:42,73.68,22300,73.73,D
sz002409,雅克科技,2025-10-15 10:50:45,73.72,8600,73.68,U
sz002409,雅克科技,2025-10-15 10:50:48,73.67,11300,73.72,D
sz002409,雅克科技,2025-10-15 10:50:51,73.67,12200,73.67,D
sz002409,雅克科技,2025-10-15 10:50:57,73.65,3200,73.66,D
sz002409,雅克科技,2025-10-15 10:51:00,73.66,8500,73.65,U
sz002409,雅克科技,2025-10-15 10:51:03,73.69,35900,73.66,U
sz002409,雅克科技,2025-10-15 10:51:06,73.78,17700,73.69,U
sz002409,雅克科技,2025-10-15 10:51:09,73.77,4100,73.78,D
sz002409,雅克科技,2025-10-15 10:51:12,73.78,3000,73.77,E
sz002409,雅克科技,2025-10-15 10:51:15,73.84,6600,73.78,U
sz002409,雅克科技,2025-10-15 10:51:18,73.82,6200,73.84,D
sz002409,雅克科技,2025-10-15 10:51:21,73.81,3200,73.82,D
sz002409,雅克科技,2025-10-15 10:51:42,73.93,4500,73.9,U
sz002409,雅克科技,2025-10-15 10:51:45,73.93,4222,73.93,U
sz002409,雅克科技,2025-10-15 10:51:57,73.88,7300,73.9,D
sz002409,雅克科技,2025-10-15 10:52:03,73.9,4000,73.9,U
sz002409,雅克科技,2025-10-15 10:52:12,73.9,9100,73.89,U
sz002409,雅克科技,2025-10-15 10:52:36,73.81,3000,73.85,D
sz002409,雅克科技,2025-10-15 10:52:54,73.77,4700,73.76,E
sz002409,雅克科技,2025-10-15 10:52:57,73.81,3000,73.77,U
sz002409,雅克科技,2025-10-15 10:53:00,73.88,12100,73.81,U
sz002409,雅克科技,2025-10-15 10:53:03,73.85,2900,73.88,D
sz002409,雅克科技,2025-10-15 10:53:06,73.9,9900,73.85,U
sz002409,雅克科技,2025-10-15 10:53:09,73.88,7100,73.9,D
sz002409,雅克科技,2025-10-15 10:53:42,73.89,19400,73.86,U
sz002409,雅克科技,2025-10-15 10:53:45,73.93,3000,73.89,U
sz002409,雅克科技,2025-10-15 10:53:51,74.0,12600,73.93,U
sz002409,雅克科技,2025-10-15 10:54:03,73.98,5400,73.98,D
sz002409,雅克科技,2025-10-15 10:54:15,74.02,5600,73.99,U
sz002409,雅克科技,2025-10-15 10:54:18,73.99,6100,74.02,D
sz002409,雅克科技,2025-10-15 10:54:33,73.99,13300,74.0,D
sz002409,雅克科技,2025-10-15 10:54:36,74.03,3400,73.99,U
sz002409,雅克科技,2025-10-15 10:54:42,74.02,2800,74.03,D
sz002409,雅克科技,2025-10-15 10:54:57,74.0,2900,73.99,U
sz002409,雅克科技,2025-10-15 10:55:15,73.98,5100,73.99,D
sz002409,雅克科技,2025-10-15 10:55:33,73.99,3000,73.98,D
sz002409,雅克科技,2025-10-15 10:55:48,74.0,3900,74.0,U
sz002409,雅克科技,2025-10-15 10:55:57,74.0,3100,74.02,D
sz002409,雅克科技,2025-10-15 10:56:00,73.99,4400,74.0,D
sz002409,雅克科技,2025-10-15 10:56:06,73.97,4900,73.98,D
sz002409,雅克科技,2025-10-15 10:56:33,73.95,12900,73.94,U
sz002409,雅克科技,2025-10-15 10:56:36,73.95,3000,73.95,D
sz002409,雅克科技,2025-10-15 10:56:39,73.96,4500,73.95,U
sz002409,雅克科技,2025-10-15 10:57:03,73.91,4300,73.9,U
sz002409,雅克科技,2025-10-15 10:57:27,73.91,6300,73.9,U
sz002409,雅克科技,2025-10-15 10:57:39,73.87,4700,73.89,D
sz002409,雅克科技,2025-10-15 10:57:42,73.81,8000,73.87,D
sz002409,雅克科技,2025-10-15 10:57:51,73.74,5500,73.8,D
sz002409,雅克科技,2025-10-15 10:57:57,73.7,8600,73.74,D
sz002409,雅克科技,2025-10-15 10:58:00,73.74,17900,73.7,E
sz002409,雅克科技,2025-10-15 10:58:09,73.72,10900,73.72,U
sz002409,雅克科技,2025-10-15 10:58:15,73.71,3900,73.66,U
sz002409,雅克科技,2025-10-15 10:58:18,73.68,3200,73.71,D
sz002409,雅克科技,2025-10-15 10:58:21,73.65,4300,73.68,D
sz002409,雅克科技,2025-10-15 10:58:27,73.65,4800,73.64,E
sz002409,雅克科技,2025-10-15 10:58:33,73.62,13100,73.63,D
sz002409,雅克科技,2025-10-15 10:58:36,73.62,3300,73.62,D
sz002409,雅克科技,2025-10-15 10:58:39,73.6,5400,73.62,D
sz002409,雅克科技,2025-10-15 10:58:45,73.6,2800,73.61,D
sz002409,雅克科技,2025-10-15 10:58:48,73.58,8100,73.6,D
sz002409,雅克科技,2025-10-15 10:58:51,73.56,3700,73.58,D
sz002409,雅克科技,2025-10-15 10:58:54,73.53,6000,73.56,D
sz002409,雅克科技,2025-10-15 10:59:00,73.52,6200,73.56,D
sz002409,雅克科技,2025-10-15 10:59:03,73.53,13600,73.52,U
sz002409,雅克科技,2025-10-15 10:59:06,73.54,37400,73.53,U
sz002409,雅克科技,2025-10-15 10:59:12,73.61,9100,73.62,E
sz002409,雅克科技,2025-10-15 10:59:18,73.57,28000,73.61,D
sz002409,雅克科技,2025-10-15 10:59:21,73.62,11200,73.57,U
sz002409,雅克科技,2025-10-15 10:59:24,73.69,8300,73.62,U
sz002409,雅克科技,2025-10-15 10:59:27,73.71,49200,73.69,U
sz002409,雅克科技,2025-10-15 10:59:30,73.62,8200,73.71,D
sz002409,雅克科技,2025-10-15 10:59:33,73.64,4000,73.62,E
sz002409,雅克科技,2025-10-15 10:59:39,73.64,6300,73.62,U
sz002409,雅克科技,2025-10-15 10:59:48,73.64,2900,73.64,D
sz002409,雅克科技,2025-10-15 11:00:00,73.65,5800,73.65,D
sz002409,雅克科技,2025-10-15 11:00:03,73.69,15500,73.65,U
sz002409,雅克科技,2025-10-15 11:00:09,73.79,5600,73.69,U
sz002409,雅克科技,2025-10-15 11:00:12,73.7,10100,73.79,D
sz002409,雅克科技,2025-10-15 11:00:18,73.79,11700,73.7,U
sz002409,雅克科技,2025-10-15 11:00:21,73.77,3500,73.79,D
sz002409,雅克科技,2025-10-15 11:00:30,73.79,6300,73.79,D
sz002409,雅克科技,2025-10-15 11:00:33,73.8,3100,73.79,D
sz002409,雅克科技,2025-10-15 11:00:36,73.79,5100,73.8,D
sz002409,雅克科技,2025-10-15 11:00:39,73.79,7100,73.79,U
sz002409,雅克科技,2025-10-15 11:00:42,73.78,3400,73.79,D
sz002409,雅克科技,2025-10-15 11:00:45,73.77,2900,73.78,D
sz002409,雅克科技,2025-10-15 11:01:00,73.83,9900,73.79,U
sz002409,雅克科技,2025-10-15 11:01:12,73.78,14500,73.9,D
sz002409,雅克科技,2025-10-15 11:01:15,73.76,4100,73.78,D
sz002409,雅克科技,2025-10-15 11:01:18,73.75,4900,73.76,D
sz002409,雅克科技,2025-10-15 11:01:21,73.75,2900,73.75,U
sz002409,雅克科技,2025-10-15 11:01:57,73.68,11100,73.68,U
sz002409,雅克科技,2025-10-15 11:02:00,73.67,7000,73.68,D
sz002409,雅克科技,2025-10-15 11:02:03,73.65,2900,73.67,D
sz002409,雅克科技,2025-10-15 11:02:12,73.62,5000,73.67,D
sz002409,雅克科技,2025-10-15 11:02:21,73.59,4400,73.64,D
sz002409,雅克科技,2025-10-15 11:02:30,73.55,5600,73.62,D
sz002409,雅克科技,2025-10-15 11:02:36,73.59,8300,73.55,D
sz002409,雅克科技,2025-10-15 11:02:48,73.59,3500,73.59,D
sz002409,雅克科技,2025-10-15 11:03:15,73.56,4000,73.6,D
sz002409,雅克科技,2025-10-15 11:03:24,73.59,11600,73.58,U
sz002409,雅克科技,2025-10-15 11:03:30,73.6,8200,73.53,U
sz002409,雅克科技,2025-10-15 11:03:33,73.61,8300,73.6,U
sz002409,雅克科技,2025-10-15 11:03:36,73.6,3900,73.61,D
sz002409,雅克科技,2025-10-15 11:03:39,73.6,3000,73.6,D
sz002409,雅克科技,2025-10-15 11:03:57,73.54,4400,73.54,U
sz002409,雅克科技,2025-10-15 11:04:00,73.53,3600,73.54,D
sz002409,雅克科技,2025-10-15 11:04:03,73.56,32600,73.53,U
sz002409,雅克科技,2025-10-15 11:04:06,73.69,32400,73.56,U
sz002409,雅克科技,2025-10-15 11:04:09,73.6,7100,73.69,D
sz002409,雅克科技,2025-10-15 11:05:00,73.62,3200,73.62,U
sz002409,雅克科技,2025-10-15 11:05:06,73.61,6000,73.64,D
sz002409,雅克科技,2025-10-15 11:05:12,73.62,3200,73.66,D
sz002409,雅克科技,2025-10-15 11:05:15,73.6,21600,73.62,D
sz002409,雅克科技,2025-10-15 11:05:27,73.67,5700,73.67,D
sz002409,雅克科技,2025-10-15 11:05:33,73.66,3900,73.66,D
sz002409,雅克科技,2025-10-15 11:05:51,73.62,6300,73.61,U
sz002409,雅克科技,2025-10-15 11:05:54,73.62,5200,73.62,U
sz002409,雅克科技,2025-10-15 11:05:57,73.62,2900,73.62,D
sz002409,雅克科技,2025-10-15 11:06:03,73.56,26600,73.62,D
sz002409,雅克科技,2025-10-15 11:06:06,73.54,5800,73.56,D
sz002409,雅克科技,2025-10-15 11:06:09,73.58,6000,73.54,U
sz002409,雅克科技,2025-10-15 11:06:15,73.51,7600,73.52,D
sz002409,雅克科技,2025-10-15 11:06:18,73.53,2800,73.51,U
sz002409,雅克科技,2025-10-15 11:06:21,73.53,2800,73.53,E
sz002409,雅克科技,2025-10-15 11:06:27,73.51,3000,73.53,D
sz002409,雅克科技,2025-10-15 11:06:36,73.5,6500,73.51,D
sz002409,雅克科技,2025-10-15 11:06:42,73.5,13500,73.5,D
sz002409,雅克科技,2025-10-15 11:06:48,73.49,5700,73.49,D
sz002409,雅克科技,2025-10-15 11:06:51,73.49,18800,73.49,D
sz002409,雅克科技,2025-10-15 11:06:54,73.5,17600,73.49,U
sz002409,雅克科技,2025-10-15 11:06:57,73.5,5900,73.5,E
sz002409,雅克科技,2025-10-15 11:07:00,73.49,3300,73.5,D
sz002409,雅克科技,2025-10-15 11:07:03,73.49,6100,73.49,U
sz002409,雅克科技,2025-10-15 11:07:09,73.45,7200,73.45,U
sz002409,雅克科技,2025-10-15 11:07:12,73.45,2900,73.45,D
sz002409,雅克科技,2025-10-15 11:07:18,73.45,5100,73.45,U
sz002409,雅克科技,2025-10-15 11:07:21,73.44,24200,73.45,D
sz002409,雅克科技,2025-10-15 11:07:24,73.43,7100,73.44,D
sz002409,雅克科技,2025-10-15 11:07:27,73.43,3100,73.43,D
sz002409,雅克科技,2025-10-15 11:07:30,73.43,8500,73.43,U
sz002409,雅克科技,2025-10-15 11:07:33,73.41,12800,73.43,D
sz002409,雅克科技,2025-10-15 11:07:36,73.39,28000,73.41,D
sz002409,雅克科技,2025-10-15 11:07:42,73.41,4300,73.39,U
sz002409,雅克科技,2025-10-15 11:07:45,73.4,7700,73.41,D
sz002409,雅克科技,2025-10-15 11:07:48,73.4,5400,73.4,D
sz002409,雅克科技,2025-10-15 11:07:54,73.39,3500,73.39,E
sz002409,雅克科技,2025-10-15 11:07:57,73.39,15700,73.39,D
sz002409,雅克科技,2025-10-15 11:08:00,73.39,4800,73.39,D
sz002409,雅克科技,2025-10-15 11:08:03,73.39,8700,73.39,D
sz002409,雅克科技,2025-10-15 11:08:06,73.37,6200,73.39,D
sz002409,雅克科技,2025-10-15 11:08:12,73.39,4200,73.39,U
sz002409,雅克科技,2025-10-15 11:08:15,73.38,4300,73.39,E
sz002409,雅克科技,2025-10-15 11:08:24,73.36,3400,73.37,D
sz002409,雅克科技,2025-10-15 11:08:30,73.36,3100,73.36,E
sz002409,雅克科技,2025-10-15 11:08:36,73.36,3400,73.36,D
sz002409,雅克科技,2025-10-15 11:08:42,73.42,3300,73.42,U
sz002409,雅克科技,2025-10-15 11:08:45,73.5,16100,73.42,U
sz002409,雅克科技,2025-10-15 11:08:48,73.5,3000,73.5,D
sz002409,雅克科技,2025-10-15 11:08:51,73.48,6300,73.5,D
sz002409,雅克科技,2025-10-15 11:09:03,73.45,3900,73.46,D
sz002409,雅克科技,2025-10-15 11:09:06,73.46,4800,73.45,U
sz002409,雅克科技,2025-10-15 11:09:12,73.47,4300,73.46,E
sz002409,雅克科技,2025-10-15 11:09:21,73.46,5100,73.46,D
sz002409,雅克科技,2025-10-15 11:09:24,73.46,3000,73.46,D
sz002409,雅克科技,2025-10-15 11:09:48,73.38,7500,73.38,D
sz002409,雅克科技,2025-10-15 11:09:54,73.46,6800,73.39,U
sz002409,雅克科技,2025-10-15 11:09:57,73.47,14800,73.46,U
sz002409,雅克科技,2025-10-15 11:10:00,73.53,7100,73.47,U
sz002409,雅克科技,2025-10-15 11:10:03,73.48,5400,73.53,D
sz002409,雅克科技,2025-10-15 11:10:06,73.48,3400,73.48,D
sz002409,雅克科技,2025-10-15 11:10:09,73.48,2800,73.48,D
sz002409,雅克科技,2025-10-15 11:10:12,73.47,4100,73.48,D
sz002409,雅克科技,2025-10-15 11:10:15,73.46,4400,73.47,D
sz002409,雅克科技,2025-10-15 11:10:21,73.59,4500,73.55,U
sz002409,雅克科技,2025-10-15 11:10:27,73.59,10200,73.59,D
sz002409,雅克科技,2025-10-15 11:10:42,73.6,6900,73.57,U
sz002409,雅克科技,2025-10-15 11:10:54,73.57,2900,73.56,U
sz002409,雅克科技,2025-10-15 11:11:00,73.64,3000,73.59,U
sz002409,雅克科技,2025-10-15 11:11:12,73.56,18200,73.64,D
sz002409,雅克科技,2025-10-15 11:11:15,73.6,4100,73.56,U
sz002409,雅克科技,2025-10-15 11:11:18,73.6,3200,73.6,D
sz002409,雅克科技,2025-10-15 11:11:36,73.6,7000,73.55,U
sz002409,雅克科技,2025-10-15 11:11:39,73.66,4100,73.6,U
sz002409,雅克科技,2025-10-15 11:11:42,73.68,2900,73.66,U
sz002409,雅克科技,2025-10-15 11:11:54,73.7,5300,73.64,U
sz002409,雅克科技,2025-10-15 11:12:03,73.74,3100,73.7,U
sz002409,雅克科技,2025-10-15 11:12:06,73.79,11100,73.74,U
sz002409,雅克科技,2025-10-15 11:12:12,73.79,22400,73.79,D
sz002409,雅克科技,2025-10-15 11:12:21,73.8,8800,73.77,U
sz002409,雅克科技,2025-10-15 11:12:36,73.85,3700,73.82,U
sz002409,雅克科技,2025-10-15 11:12:48,73.9,3700,73.87,U
sz002409,雅克科技,2025-10-15 11:12:57,73.88,9300,73.9,D
sz002409,雅克科技,2025-10-15 11:13:00,73.87,8200,73.88,D
sz002409,雅克科技,2025-10-15 11:13:03,73.79,32000,73.87,D
sz002409,雅克科技,2025-10-15 11:13:06,73.78,15000,73.79,D
sz002409,雅克科技,2025-10-15 11:13:09,73.78,6000,73.78,U
sz002409,雅克科技,2025-10-15 11:13:12,73.7,11700,73.78,D
sz002409,雅克科技,2025-10-15 11:13:15,73.7,3700,73.7,D
sz002409,雅克科技,2025-10-15 11:13:42,73.73,6700,73.74,E
sz002409,雅克科技,2025-10-15 11:13:45,73.69,3800,73.73,D
sz002409,雅克科技,2025-10-15 11:14:03,73.61,26500,73.6,U
sz002409,雅克科技,2025-10-15 11:14:30,73.72,8500,73.72,D
sz002409,雅克科技,2025-10-15 11:14:33,73.75,7000,73.72,U
sz002409,雅克科技,2025-10-15 11:14:45,73.71,3300,73.72,D
sz002409,雅克科技,2025-10-15 11:14:48,73.71,4000,73.71,E
sz002409,雅克科技,2025-10-15 11:15:27,73.71,3700,73.7,U
sz002409,雅克科技,2025-10-15 11:15:45,73.67,10200,73.71,D
sz002409,雅克科技,2025-10-15 11:16:15,73.68,8400,73.64,U
sz002409,雅克科技,2025-10-15 11:16:33,73.7,3600,73.67,U
sz002409,雅克科技,2025-10-15 11:16:57,73.7,4200,73.7,U
sz002409,雅克科技,2025-10-15 11:17:06,73.67,9800,73.68,D
sz002409,雅克科技,2025-10-15 11:17:09,73.71,6900,73.67,U
sz002409,雅克科技,2025-10-15 11:17:12,73.68,13400,73.71,D
sz002409,雅克科技,2025-10-15 11:17:51,73.7,6900,73.73,D
sz002409,雅克科技,2025-10-15 11:18:06,73.79,3500,73.77,U
sz002409,雅克科技,2025-10-15 11:18:27,73.79,14700,73.78,U
sz002409,雅克科技,2025-10-15 11:18:36,73.73,7400,73.78,D
sz002409,雅克科技,2025-10-15 11:18:51,73.72,3500,73.71,U
sz002409,雅克科技,2025-10-15 11:18:54,73.72,4500,73.72,U
sz002409,雅克科技,2025-10-15 11:19:09,73.78,4300,73.78,U
sz002409,雅克科技,2025-10-15 11:19:15,73.79,12100,73.77,U
sz002409,雅克科技,2025-10-15 11:19:18,73.8,10000,73.79,U
sz002409,雅克科技,2025-10-15 11:19:39,73.88,2800,73.9,E
sz002409,雅克科技,2025-10-15 11:20:03,73.84,2800,73.81,U
sz002409,雅克科技,2025-10-15 11:20:12,73.83,2800,73.83,U
sz002409,雅克科技,2025-10-15 11:20:27,73.81,14100,73.77,U
sz002409,雅克科技,2025-10-15 11:20:42,73.8,2900,73.76,U
sz002409,雅克科技,2025-10-15 11:21:00,73.74,3500,73.76,D
sz002409,雅克科技,2025-10-15 11:21:33,73.75,4600,73.72,U
sz002409,雅克科技,2025-10-15 11:21:39,73.78,2800,73.78,U
sz002409,雅克科技,2025-10-15 11:22:03,73.77,3200,73.8,D
sz002409,雅克科技,2025-10-15 11:22:33,73.79,2900,73.79,D
sz002409,雅克科技,2025-10-15 11:23:15,73.82,3600,73.81,U
sz002409,雅克科技,2025-10-15 11:23:21,73.84,3400,73.83,U
sz002409,雅克科技,2025-10-15 11:23:39,73.9,4200,73.84,U
sz002409,雅克科技,2025-10-15 11:24:27,73.98,3700,73.95,U
sz002409,雅克科技,2025-10-15 11:24:57,73.93,2900,73.93,U
sz002409,雅克科技,2025-10-15 11:25:09,73.9,6400,73.92,D
sz002409,雅克科技,2025-10-15 11:25:42,73.98,3400,73.98,U
sz002409,雅克科技,2025-10-15 11:25:45,73.99,5700,73.98,U
sz002409,雅克科技,2025-10-15 11:26:00,74.03,25400,74.0,U
sz002409,雅克科技,2025-10-15 11:26:27,74.08,3500,74.09,D
sz002409,雅克科技,2025-10-15 11:27:54,74.12,2800,74.13,D
sz002409,雅克科技,2025-10-15 11:28:21,74.2,2900,74.19,U
sz002409,雅克科技,2025-10-15 11:28:24,74.2,3200,74.2,E
sz002409,雅克科技,2025-10-15 11:28:30,74.2,4100,74.22,D
sz002409,雅克科技,2025-10-15 11:28:45,74.16,2800,74.17,D
sz002409,雅克科技,2025-10-15 11:28:51,74.17,16500,74.19,D
sz002409,雅克科技,2025-10-15 11:29:42,74.0,4200,74.0,D
sz002409,雅克科技,2025-10-15 11:29:48,73.98,3400,73.99,E
sz002409,雅克科技,2025-10-15 11:30:00,73.92,2900,73.99,D
sz002409,雅克科技,2025-10-15 13:00:00,74.0,16300,73.92,D
sz002409,雅克科技,2025-10-15 13:00:03,73.97,29800,74.0,E
sz002409,雅克科技,2025-10-15 13:00:09,74.12,4400,74.02,U
sz002409,雅克科技,2025-10-15 13:00:18,74.17,3200,74.12,U
sz002409,雅克科技,2025-10-15 13:00:24,74.26,3300,74.26,U
sz002409,雅克科技,2025-10-15 13:00:30,74.27,5000,74.21,U
sz002409,雅克科技,2025-10-15 13:00:48,74.24,3700,74.25,D
sz002409,雅克科技,2025-10-15 13:01:12,74.33,12900,74.25,U
sz002409,雅克科技,2025-10-15 13:01:18,74.35,6800,74.43,D
sz002409,雅克科技,2025-10-15 13:01:21,74.42,2900,74.35,U
sz002409,雅克科技,2025-10-15 13:01:30,74.37,4400,74.42,E
sz002409,雅克科技,2025-10-15 13:01:54,74.4,2700,74.4,U
sz002409,雅克科技,2025-10-15 13:02:03,74.4,4000,74.39,U
sz002409,雅克科技,2025-10-15 13:02:15,74.28,11100,74.41,D
sz002409,雅克科技,2025-10-15 13:02:21,74.2,3900,74.27,D
sz002409,雅克科技,2025-10-15 13:02:45,74.18,4900,74.2,D
sz002409,雅克科技,2025-10-15 13:03:00,74.25,5500,74.24,D
sz002409,雅克科技,2025-10-15 13:03:09,74.31,2700,74.3,E
sz002409,雅克科技,2025-10-15 13:03:15,74.28,5000,74.4,D
sz002409,雅克科技,2025-10-15 13:03:18,74.22,4100,74.28,D
sz002409,雅克科技,2025-10-15 13:03:21,74.26,3300,74.22,U
sz002409,雅克科技,2025-10-15 13:03:42,74.18,3700,74.19,D
sz002409,雅克科技,2025-10-15 13:03:45,74.2,3900,74.18,U
sz002409,雅克科技,2025-10-15 13:04:12,74.32,6400,74.3,U
sz002409,雅克科技,2025-10-15 13:04:42,74.49,5400,74.48,U
sz002409,雅克科技,2025-10-15 13:04:45,74.5,3400,74.49,U
sz002409,雅克科技,2025-10-15 13:04:48,74.46,11800,74.5,D
sz002409,雅克科技,2025-10-15 13:04:51,74.41,5100,74.46,D
sz002409,雅克科技,2025-10-15 13:05:03,74.5,10700,74.49,U
sz002409,雅克科技,2025-10-15 13:05:12,74.51,10000,74.53,D
sz002409,雅克科技,2025-10-15 13:05:15,74.53,8800,74.51,U
sz002409,雅克科技,2025-10-15 13:05:18,74.53,2700,74.53,U
sz002409,雅克科技,2025-10-15 13:05:21,74.55,3000,74.53,U
sz002409,雅克科技,2025-10-15 13:05:24,74.6,3900,74.55,U
sz002409,雅克科技,2025-10-15 13:05:27,74.56,3500,74.6,D
sz002409,雅克科技,2025-10-15 13:05:45,74.65,4700,74.62,U
sz002409,雅克科技,2025-10-15 13:06:00,74.65,14200,74.68,D
sz002409,雅克科技,2025-10-15 13:06:03,74.67,11500,74.65,U
sz002409,雅克科技,2025-10-15 13:06:09,74.65,3800,74.67,D
sz002409,雅克科技,2025-10-15 13:06:12,74.56,30500,74.65,D
sz002409,雅克科技,2025-10-15 13:06:42,74.54,3600,74.54,D
sz002409,雅克科技,2025-10-15 13:06:51,74.56,3800,74.55,D
sz002409,雅克科技,2025-10-15 13:07:00,74.56,38500,74.59,D
sz002409,雅克科技,2025-10-15 13:07:03,74.49,4500,74.56,D
sz002409,雅克科技,2025-10-15 13:07:06,74.58,3300,74.49,U
sz002409,雅克科技,2025-10-15 13:07:09,74.68,21500,74.58,U
sz002409,雅克科技,2025-10-15 13:07:12,74.73,11300,74.68,U
sz002409,雅克科技,2025-10-15 13:07:18,74.74,6900,74.73,E
sz002409,雅克科技,2025-10-15 13:08:06,74.73,14800,74.65,U
sz002409,雅克科技,2025-10-15 13:08:18,74.65,10100,74.73,D
sz002409,雅克科技,2025-10-15 13:08:21,74.64,2700,74.65,D
sz002409,雅克科技,2025-10-15 13:08:24,74.58,4900,74.64,D
sz002409,雅克科技,2025-10-15 13:08:57,74.58,12100,74.58,D
sz002409,雅克科技,2025-10-15 13:09:00,74.52,22600,74.58,D
sz002409,雅克科技,2025-10-15 13:09:03,74.56,2700,74.52,E
sz002409,雅克科技,2025-10-15 13:09:15,74.45,3100,74.46,D
sz002409,雅克科技,2025-10-15 13:09:45,74.33,3500,74.33,D
sz002409,雅克科技,2025-10-15 13:09:54,74.32,6300,74.33,D
sz002409,雅克科技,2025-10-15 13:10:03,74.35,4100,74.37,U
sz002409,雅克科技,2025-10-15 13:10:06,74.3,15400,74.35,D
sz002409,雅克科技,2025-10-15 13:10:12,74.3,3000,74.3,U
sz002409,雅克科技,2025-10-15 13:10:21,74.3,9300,74.31,D
sz002409,雅克科技,2025-10-15 13:11:00,74.3,4700,74.28,U
sz002409,雅克科技,2025-10-15 13:11:06,74.26,3200,74.3,D
sz002409,雅克科技,2025-10-15 13:11:12,74.21,4100,74.23,D
sz002409,雅克科技,2025-10-15 13:11:36,74.36,17700,74.27,U
sz002409,雅克科技,2025-10-15 13:12:06,74.3,7400,74.3,D
sz002409,雅克科技,2025-10-15 13:12:09,74.33,4100,74.3,U
sz002409,雅克科技,2025-10-15 13:12:21,74.46,6900,74.37,U
sz002409,雅克科技,2025-10-15 13:12:33,74.56,3400,74.56,U
sz002409,雅克科技,2025-10-15 13:12:36,74.57,2700,74.56,U
sz002409,雅克科技,2025-10-15 13:12:45,74.51,7300,74.63,D
sz002409,雅克科技,2025-10-15 13:13:00,74.44,6500,74.5,D
sz002409,雅克科技,2025-10-15 13:13:33,74.55,5700,74.57,E
sz002409,雅克科技,2025-10-15 13:13:39,74.54,8100,74.55,D
sz002409,雅克科技,2025-10-15 13:13:51,74.52,5300,74.54,D
sz002409,雅克科技,2025-10-15 13:14:33,74.54,4200,74.54,U
sz002409,雅克科技,2025-10-15 13:15:03,74.56,23900,74.51,U
sz002409,雅克科技,2025-10-15 13:15:24,74.55,24500,74.55,U
sz002409,雅克科技,2025-10-15 13:15:30,74.55,6900,74.55,U
sz002409,雅克科技,2025-10-15 13:15:36,74.55,3900,74.55,U
sz002409,雅克科技,2025-10-15 13:15:39,74.54,8700,74.55,D
sz002409,雅克科技,2025-10-15 13:15:42,74.55,11500,74.54,U
sz002409,雅克科技,2025-10-15 13:15:45,74.55,17700,74.55,U
sz002409,雅克科技,2025-10-15 13:15:48,74.55,12900,74.55,U
sz002409,雅克科技,2025-10-15 13:15:51,74.55,4800,74.55,U
sz002409,雅克科技,2025-10-15 13:15:54,74.54,2800,74.55,D
sz002409,雅克科技,2025-10-15 13:16:12,74.62,2900,74.67,E
sz002409,雅克科技,2025-10-15 13:16:51,74.51,15400,74.58,D
sz002409,雅克科技,2025-10-15 13:16:54,74.55,12600,74.51,E
sz002409,雅克科技,2025-10-15 13:16:57,74.5,9700,74.55,E
sz002409,雅克科技,2025-10-15 13:17:15,74.55,4400,74.55,D
sz002409,雅克科技,2025-10-15 13:17:45,74.64,3500,74.61,U
sz002409,雅克科技,2025-10-15 13:17:57,74.64,4300,74.63,U
sz002409,雅克科技,2025-10-15 13:18:00,74.61,5400,74.64,D
sz002409,雅克科技,2025-10-15 13:18:30,74.56,4400,74.56,D
sz002409,雅克科技,2025-10-15 13:18:39,74.6,7200,74.57,U
sz002409,雅克科技,2025-10-15 13:18:45,74.56,6700,74.57,D
sz002409,雅克科技,2025-10-15 13:18:51,74.57,5800,74.56,U
sz002409,雅克科技,2025-10-15 13:18:57,74.54,9300,74.56,D
sz002409,雅克科技,2025-10-15 13:19:00,74.52,6100,74.54,D
sz002409,雅克科技,2025-10-15 13:19:27,74.53,3000,74.53,D
sz002409,雅克科技,2025-10-15 13:19:30,74.53,5900,74.53,D
sz002409,雅克科技,2025-10-15 13:19:39,74.53,2900,74.55,D
sz002409,雅克科技,2025-10-15 13:20:00,74.48,6300,74.49,D
sz002409,雅克科技,2025-10-15 13:20:27,74.55,3100,74.54,U
sz002409,雅克科技,2025-10-15 13:20:30,74.53,9200,74.55,D
sz002409,雅克科技,2025-10-15 13:20:33,74.6,4200,74.53,U
sz002409,雅克科技,2025-10-15 13:20:48,74.55,4900,74.6,D
sz002409,雅克科技,2025-10-15 13:20:51,74.56,6600,74.55,U
sz002409,雅克科技,2025-10-15 13:21:33,74.58,10600,74.58,D
sz002409,雅克科技,2025-10-15 13:21:57,74.6,7300,74.6,U
sz002409,雅克科技,2025-10-15 13:22:24,74.67,3400,74.66,U
sz002409,雅克科技,2025-10-15 13:22:30,74.67,29800,74.66,U
sz002409,雅克科技,2025-10-15 13:22:42,74.68,3100,74.66,U
sz002409,雅克科技,2025-10-15 13:23:03,74.66,12500,74.68,D
sz002409,雅克科技,2025-10-15 13:23:24,74.61,6100,74.62,D
sz002409,雅克科技,2025-10-15 13:23:51,74.58,3700,74.57,U
sz002409,雅克科技,2025-10-15 13:24:36,74.55,9900,74.56,D
sz002409,雅克科技,2025-10-15 13:24:39,74.46,29100,74.55,D
sz002409,雅克科技,2025-10-15 13:24:45,74.45,3000,74.46,D
sz002409,雅克科技,2025-10-15 13:25:12,74.45,7800,74.45,D
sz002409,雅克科技,2025-10-15 13:25:30,74.42,9600,74.43,D
sz002409,雅克科技,2025-10-15 13:25:33,74.46,4500,74.42,U
sz002409,雅克科技,2025-10-15 13:25:39,74.47,10200,74.48,E
sz002409,雅克科技,2025-10-15 13:26:00,74.49,2900,74.53,D
sz002409,雅克科技,2025-10-15 13:26:03,74.53,3300,74.49,U
sz002409,雅克科技,2025-10-15 13:26:45,74.5,3300,74.5,D
sz002409,雅克科技,2025-10-15 13:27:06,74.54,3100,74.54,U
sz002409,雅克科技,2025-10-15 13:27:09,74.6,6200,74.54,U
sz002409,雅克科技,2025-10-15 13:27:39,74.63,4700,74.63,U
sz002409,雅克科技,2025-10-15 13:27:48,74.68,4000,74.68,U
sz002409,雅克科技,2025-10-15 13:27:57,74.69,2900,74.68,U
sz002409,雅克科技,2025-10-15 13:28:09,74.69,3400,74.69,U
sz002409,雅克科技,2025-10-15 13:28:12,74.7,8200,74.69,U
sz002409,雅克科技,2025-10-15 13:28:18,74.74,3600,74.72,U
sz002409,雅克科技,2025-10-15 13:28:33,74.78,10700,74.78,U
sz002409,雅克科技,2025-10-15 13:28:42,74.79,4100,74.8,D
sz002409,雅克科技,2025-10-15 13:28:45,74.8,3600,74.79,U
sz002409,雅克科技,2025-10-15 13:29:03,74.85,2900,74.85,U
sz002409,雅克科技,2025-10-15 13:29:09,74.85,7300,74.85,D
sz002409,雅克科技,2025-10-15 13:29:18,74.86,2700,74.85,U
sz002409,雅克科技,2025-10-15 13:29:24,74.88,3900,74.85,U
sz002409,雅克科技,2025-10-15 13:29:33,74.83,7100,74.85,D
sz002409,雅克科技,2025-10-15 13:29:36,74.82,7400,74.83,D
sz002409,雅克科技,2025-10-15 13:29:39,74.86,3900,74.82,U
sz002409,雅克科技,2025-10-15 13:29:48,74.83,4100,74.83,U
sz002409,雅克科技,2025-10-15 13:29:57,74.79,2800,74.78,U
sz002409,雅克科技,2025-10-15 13:30:06,74.76,3000,74.78,D
sz002409,雅克科技,2025-10-15 13:30:15,74.7,8400,74.72,D
sz002409,雅克科技,2025-10-15 13:30:36,74.76,3700,74.75,U
sz002409,雅克科技,2025-10-15 13:30:51,74.79,6700,74.78,U
sz002409,雅克科技,2025-10-15 13:31:00,74.78,4100,74.79,D
sz002409,雅克科技,2025-10-15 13:31:03,74.73,7800,74.78,D
sz002409,雅克科技,2025-10-15 13:31:06,74.69,4600,74.73,D
sz002409,雅克科技,2025-10-15 13:31:09,74.68,4200,74.69,D
sz002409,雅克科技,2025-10-15 13:31:39,74.76,6600,74.76,E
sz002409,雅克科技,2025-10-15 13:32:12,74.79,3500,74.79,U
sz002409,雅克科技,2025-10-15 13:32:15,74.78,7300,74.79,D
sz002409,雅克科技,2025-10-15 13:32:21,74.8,7000,74.73,U
sz002409,雅克科技,2025-10-15 13:32:24,74.74,6500,74.8,D
sz002409,雅克科技,2025-10-15 13:32:27,74.78,20600,74.74,E
sz002409,雅克科技,2025-10-15 13:33:06,74.74,8900,74.78,D
sz002409,雅克科技,2025-10-15 13:33:21,74.73,3500,74.73,E
sz002409,雅克科技,2025-10-15 13:33:33,74.72,19400,74.74,D
sz002409,雅克科技,2025-10-15 13:33:39,74.72,2800,74.73,D
sz002409,雅克科技,2025-10-15 13:34:00,74.7,7700,74.73,D
sz002409,雅克科技,2025-10-15 13:34:03,74.68,3300,74.7,D
sz002409,雅克科技,2025-10-15 13:34:21,74.7,5600,74.72,D
sz002409,雅克科技,2025-10-15 13:34:24,74.72,9500,74.7,U
sz002409,雅克科技,2025-10-15 13:34:54,74.79,3700,74.75,U
sz002409,雅克科技,2025-10-15 13:35:00,74.81,3900,74.79,U
sz002409,雅克科技,2025-10-15 13:35:03,74.82,2700,74.81,U
sz002409,雅克科技,2025-10-15 13:35:06,74.82,11800,74.82,U
sz002409,雅克科技,2025-10-15 13:35:09,74.83,16600,74.82,U
sz002409,雅克科技,2025-10-15 13:35:12,74.85,5800,74.83,U
sz002409,雅克科技,2025-10-15 13:35:36,74.91,3400,74.92,D
sz002409,雅克科技,2025-10-15 13:35:42,74.88,4700,74.9,D
sz002409,雅克科技,2025-10-15 13:35:45,74.87,6400,74.88,D
sz002409,雅克科技,2025-10-15 13:35:48,74.86,10200,74.87,E
sz002409,雅克科技,2025-10-15 13:35:51,74.82,3200,74.86,D
sz002409,雅克科技,2025-10-15 13:36:54,74.92,5100,74.93,D
sz002409,雅克科技,2025-10-15 13:37:00,74.96,10300,74.95,U
sz002409,雅克科技,2025-10-15 13:37:03,74.96,11900,74.96,U
sz002409,雅克科技,2025-10-15 13:37:06,74.98,2700,74.96,U
sz002409,雅克科技,2025-10-15 13:37:09,74.98,3000,74.98,U
sz002409,雅克科技,2025-10-15 13:37:15,74.99,4600,74.97,U
sz002409,雅克科技,2025-10-15 13:37:18,75.0,56300,74.99,U
sz002409,雅克科技,2025-10-15 13:37:21,75.04,6900,75.0,U
sz002409,雅克科技,2025-10-15 13:37:24,75.05,5900,75.04,U
sz002409,雅克科技,2025-10-15 13:37:30,75.1,3900,75.08,U
sz002409,雅克科技,2025-10-15 13:37:36,75.18,3200,75.14,U
sz002409,雅克科技,2025-10-15 13:37:39,75.2,9300,75.18,U
sz002409,雅克科技,2025-10-15 13:37:42,75.2,7100,75.2,U
sz002409,雅克科技,2025-10-15 13:37:45,75.2,4400,75.2,U
sz002409,雅克科技,2025-10-15 13:37:48,75.14,15600,75.2,D
sz002409,雅克科技,2025-10-15 13:37:51,75.17,13400,75.14,E
sz002409,雅克科技,2025-10-15 13:37:54,75.09,6200,75.17,E
sz002409,雅克科技,2025-10-15 13:37:57,75.0,12300,75.09,D
sz002409,雅克科技,2025-10-15 13:38:03,75.1,3500,75.09,U
sz002409,雅克科技,2025-10-15 13:38:09,75.1,6200,75.1,U
sz002409,雅克科技,2025-10-15 13:38:21,75.18,6300,75.1,U
sz002409,雅克科技,2025-10-15 13:38:27,75.11,4000,75.13,D
sz002409,雅克科技,2025-10-15 13:38:48,75.18,5300,75.17,U
sz002409,雅克科技,2025-10-15 13:39:00,75.13,18400,75.18,D
sz002409,雅克科技,2025-10-15 13:39:03,75.06,9200,75.13,D
sz002409,雅克科技,2025-10-15 13:39:06,75.03,3300,75.06,D
sz002409,雅克科技,2025-10-15 13:39:15,75.06,3700,75.06,D
sz002409,雅克科技,2025-10-15 13:39:24,75.06,6300,75.09,D
sz002409,雅克科技,2025-10-15 13:39:27,75.13,5800,75.06,U
sz002409,雅克科技,2025-10-15 13:39:30,75.06,11300,75.13,D
sz002409,雅克科技,2025-10-15 13:39:33,75.06,5200,75.06,U
sz002409,雅克科技,2025-10-15 13:39:36,75.04,6800,75.06,D
sz002409,雅克科技,2025-10-15 13:40:00,75.06,3300,75.05,U
sz002409,雅克科技,2025-10-15 13:40:06,75.11,4600,75.06,U
sz002409,雅克科技,2025-10-15 13:40:21,75.12,2900,75.11,U
sz002409,雅克科技,2025-10-15 13:40:45,75.1,2800,75.1,U
sz002409,雅克科技,2025-10-15 13:40:54,75.08,6200,75.12,D
sz002409,雅克科技,2025-10-15 13:40:57,75.08,7900,75.08,U
sz002409,雅克科技,2025-10-15 13:41:03,75.09,3800,75.05,U
sz002409,雅克科技,2025-10-15 13:41:24,75.11,2900,75.1,U
sz002409,雅克科技,2025-10-15 13:41:36,75.1,2900,75.11,D
sz002409,雅克科技,2025-10-15 13:41:42,75.08,3200,75.1,D
sz002409,雅克科技,2025-10-15 13:41:54,74.96,89900,75.07,D
sz002409,雅克科技,2025-10-15 13:41:57,74.92,4400,74.96,D
sz002409,雅克科技,2025-10-15 13:42:00,75.0,3000,74.92,U
sz002409,雅克科技,2025-10-15 13:42:03,74.93,3000,75.0,D
sz002409,雅克科技,2025-10-15 13:42:06,75.04,6400,74.93,U
sz002409,雅克科技,2025-10-15 13:42:51,75.1,7300,75.09,U
sz002409,雅克科技,2025-10-15 13:43:03,75.01,25700,75.14,D
sz002409,雅克科技,2025-10-15 13:43:06,75.01,13600,75.01,D
sz002409,雅克科技,2025-10-15 13:43:09,75.15,21500,75.01,U
sz002409,雅克科技,2025-10-15 13:43:27,75.01,3700,75.03,D
sz002409,雅克科技,2025-10-15 13:43:33,74.95,52000,74.96,D
sz002409,雅克科技,2025-10-15 13:43:39,74.95,3600,74.96,D
sz002409,雅克科技,2025-10-15 13:43:45,74.9,3500,74.96,D
sz002409,雅克科技,2025-10-15 13:43:48,74.9,5800,74.9,D
sz002409,雅克科技,2025-10-15 13:43:57,74.88,12900,74.9,D
sz002409,雅克科技,2025-10-15 13:44:00,74.97,2900,74.88,U
sz002409,雅克科技,2025-10-15 13:44:09,74.98,3400,74.97,U
sz002409,雅克科技,2025-10-15 13:44:12,74.97,3000,74.98,D
sz002409,雅克科技,2025-10-15 13:44:24,74.98,3000,74.98,D
sz002409,雅克科技,2025-10-15 13:44:45,75.13,6600,75.05,U
sz002409,雅克科技,2025-10-15 13:45:03,75.02,6000,75.02,U
sz002409,雅克科技,2025-10-15 13:45:27,75.05,4800,75.03,E
sz002409,雅克科技,2025-10-15 13:46:03,75.0,12400,75.0,D
sz002409,雅克科技,2025-10-15 13:46:09,75.0,5200,75.0,U
sz002409,雅克科技,2025-10-15 13:46:12,74.97,40000,75.0,D
sz002409,雅克科技,2025-10-15 13:46:21,74.95,40800,74.95,U
sz002409,雅克科技,2025-10-15 13:46:33,74.98,2700,74.96,E
sz002409,雅克科技,2025-10-15 13:46:45,74.97,5900,74.98,D
sz002409,雅克科技,2025-10-15 13:46:51,75.0,2800,74.97,U
sz002409,雅克科技,2025-10-15 13:47:00,75.03,15200,74.95,U
sz002409,雅克科技,2025-10-15 13:47:03,75.05,7500,75.03,U
sz002409,雅克科技,2025-10-15 13:47:06,75.06,3400,75.05,E
sz002409,雅克科技,2025-10-15 13:47:15,75.03,3000,75.04,D
sz002409,雅克科技,2025-10-15 13:47:33,75.0,7000,75.03,D
sz002409,雅克科技,2025-10-15 13:48:21,74.88,3500,74.93,D
sz002409,雅克科技,2025-10-15 13:48:54,74.9,2800,74.9,D
sz002409,雅克科技,2025-10-15 13:49:00,74.9,2900,74.9,U
sz002409,雅克科技,2025-10-15 13:49:12,74.87,3400,74.92,D
sz002409,雅克科技,2025-10-15 13:49:15,74.85,3000,74.87,D
sz002409,雅克科技,2025-10-15 13:49:27,74.82,4500,74.81,U
sz002409,雅克科技,2025-10-15 13:49:30,74.81,5600,74.82,D
sz002409,雅克科技,2025-10-15 13:49:45,74.78,3300,74.77,U
sz002409,雅克科技,2025-10-15 13:49:57,74.82,4300,74.79,U
sz002409,雅克科技,2025-10-15 13:50:18,74.82,4400,74.82,E
sz002409,雅克科技,2025-10-15 13:50:21,74.79,3100,74.82,D
sz002409,雅克科技,2025-10-15 13:51:15,74.76,20500,74.78,D
sz002409,雅克科技,2025-10-15 13:51:27,74.7,20700,74.72,D
sz002409,雅克科技,2025-10-15 13:51:33,74.74,3000,74.76,E
sz002409,雅克科技,2025-10-15 13:51:36,74.76,18600,74.74,U
sz002409,雅克科技,2025-10-15 13:52:00,74.79,3100,74.76,U
sz002409,雅克科技,2025-10-15 13:52:45,74.63,3100,74.69,D
sz002409,雅克科技,2025-10-15 13:52:54,74.65,4300,74.64,U
sz002409,雅克科技,2025-10-15 13:53:15,74.65,2700,74.65,D
sz002409,雅克科技,2025-10-15 13:53:21,74.71,10300,74.65,U
sz002409,雅克科技,2025-10-15 13:53:36,74.69,10300,74.78,D
sz002409,雅克科技,2025-10-15 13:53:39,74.69,2900,74.69,U
sz002409,雅克科技,2025-10-15 13:54:03,74.7,3000,74.73,D
sz002409,雅克科技,2025-10-15 13:54:18,74.69,5900,74.7,D
sz002409,雅克科技,2025-10-15 13:54:57,74.67,10000,74.74,D
sz002409,雅克科技,2025-10-15 13:55:06,74.66,6300,74.66,U
sz002409,雅克科技,2025-10-15 13:55:09,74.63,4400,74.66,D
sz002409,雅克科技,2025-10-15 13:55:21,74.65,3000,74.65,D
sz002409,雅克科技,2025-10-15 13:55:30,74.61,7500,74.65,D
sz002409,雅克科技,2025-10-15 13:55:42,74.63,4900,74.64,D
sz002409,雅克科技,2025-10-15 13:55:57,74.6,22900,74.64,D
sz002409,雅克科技,2025-10-15 13:56:00,74.6,6500,74.6,D
sz002409,雅克科技,2025-10-15 13:56:03,74.6,4900,74.6,U
sz002409,雅克科技,2025-10-15 13:56:12,74.6,16300,74.6,D
sz002409,雅克科技,2025-10-15 13:57:09,74.67,14300,74.62,U
sz002409,雅克科技,2025-10-15 13:57:33,74.74,35300,74.74,D
sz002409,雅克科技,2025-10-15 13:57:39,74.8,2700,74.65,U
sz002409,雅克科技,2025-10-15 13:57:42,74.74,5200,74.8,D
sz002409,雅克科技,2025-10-15 13:58:30,75.02,15000,74.96,U
sz002409,雅克科技,2025-10-15 13:58:33,74.95,79000,75.02,D
sz002409,雅克科技,2025-10-15 13:58:36,74.94,14600,74.95,D
sz002409,雅克科技,2025-10-15 13:59:09,74.91,5900,74.98,D
sz002409,雅克科技,2025-10-15 13:59:30,74.82,3800,74.86,D
sz002409,雅克科技,2025-10-15 14:00:00,74.85,10200,74.82,U
sz002409,雅克科技,2025-10-15 14:00:09,74.79,3100,74.79,U
sz002409,雅克科技,2025-10-15 14:00:45,74.79,6800,74.82,D
sz002409,雅克科技,2025-10-15 14:00:51,74.78,5400,74.79,D
sz002409,雅克科技,2025-10-15 14:00:54,74.74,7900,74.78,E
sz002409,雅克科技,2025-10-15 14:01:15,74.74,4600,74.77,D
sz002409,雅克科技,2025-10-15 14:03:00,74.83,3400,74.82,U
sz002409,雅克科技,2025-10-15 14:03:12,74.8,4400,74.83,D
sz002409,雅克科技,2025-10-15 14:03:54,74.85,4100,74.85,U
sz002409,雅克科技,2025-10-15 14:04:00,74.86,3000,74.85,E
sz002409,雅克科技,2025-10-15 14:04:15,74.82,8200,74.86,D
sz002409,雅克科技,2025-10-15 14:05:48,74.79,6500,74.78,U
sz002409,雅克科技,2025-10-15 14:05:51,74.73,3500,74.79,D
sz002409,雅克科技,2025-10-15 14:06:30,74.73,3500,74.73,U
sz002409,雅克科技,2025-10-15 14:06:51,74.8,6700,74.76,U
sz002409,雅克科技,2025-10-15 14:06:57,74.9,19400,74.8,U
sz002409,雅克科技,2025-10-15 14:07:00,74.95,9400,74.9,U
sz002409,雅克科技,2025-10-15 14:07:15,74.94,3100,74.99,D
sz002409,雅克科技,2025-10-15 14:08:03,74.99,4100,74.99,U
sz002409,雅克科技,2025-10-15 14:08:09,74.98,3900,74.98,D
sz002409,雅克科技,2025-10-15 14:08:21,75.0,9900,74.99,U
sz002409,雅克科技,2025-10-15 14:08:24,75.02,9300,75.0,U
sz002409,雅克科技,2025-10-15 14:08:36,75.03,7200,75.03,U
sz002409,雅克科技,2025-10-15 14:08:39,74.99,7300,75.03,D
sz002409,雅克科技,2025-10-15 14:08:54,75.04,3400,75.06,E
sz002409,雅克科技,2025-10-15 14:10:00,75.06,7800,75.07,D
sz002409,雅克科技,2025-10-15 14:10:06,75.06,2900,75.06,U
sz002409,雅克科技,2025-10-15 14:10:15,75.06,9000,75.08,D
sz002409,雅克科技,2025-10-15 14:10:30,75.07,3500,75.05,U
sz002409,雅克科技,2025-10-15 14:10:33,75.09,14500,75.07,U
sz002409,雅克科技,2025-10-15 14:10:54,75.11,6100,75.14,D
sz002409,雅克科技,2025-10-15 14:11:15,75.19,4600,75.19,U
sz002409,雅克科技,2025-10-15 14:11:33,75.2,5700,75.18,U
sz002409,雅克科技,2025-10-15 14:11:57,75.2,5200,75.2,U
sz002409,雅克科技,2025-10-15 14:12:09,75.15,26100,75.21,D
sz002409,雅克科技,2025-10-15 14:12:12,75.16,6000,75.15,U
sz002409,雅克科技,2025-10-15 14:12:18,75.2,16100,75.11,U
sz002409,雅克科技,2025-10-15 14:12:24,75.15,6700,75.16,D
sz002409,雅克科技,2025-10-15 14:12:45,75.16,7000,75.16,D
sz002409,雅克科技,2025-10-15 14:12:57,75.15,16400,75.16,D
sz002409,雅克科技,2025-10-15 14:13:00,75.18,2700,75.15,U
sz002409,雅克科技,2025-10-15 14:13:06,75.15,5200,75.17,D
sz002409,雅克科技,2025-10-15 14:13:12,75.18,6100,75.12,U
sz002409,雅克科技,2025-10-15 14:13:18,75.16,3600,75.19,D
sz002409,雅克科技,2025-10-15 14:13:24,75.19,11800,75.16,U
sz002409,雅克科技,2025-10-15 14:13:30,75.12,6700,75.16,D
sz002409,雅克科技,2025-10-15 14:13:33,75.19,14900,75.12,U
sz002409,雅克科技,2025-10-15 14:13:42,75.2,13000,75.19,U
sz002409,雅克科技,2025-10-15 14:14:09,75.16,4100,75.14,U
sz002409,雅克科技,2025-10-15 14:14:12,75.16,4000,75.16,U
sz002409,雅克科技,2025-10-15 14:14:18,75.15,3500,75.16,D
sz002409,雅克科技,2025-10-15 14:14:48,75.15,6300,75.16,D
sz002409,雅克科技,2025-10-15 14:14:54,75.2,11100,75.15,U
sz002409,雅克科技,2025-10-15 14:14:57,75.22,3000,75.2,U
sz002409,雅克科技,2025-10-15 14:15:00,75.25,24100,75.22,U
sz002409,雅克科技,2025-10-15 14:15:09,75.25,3800,75.25,U
sz002409,雅克科技,2025-10-15 14:15:18,75.25,3900,75.25,U
sz002409,雅克科技,2025-10-15 14:15:21,75.24,20900,75.25,D
sz002409,雅克科技,2025-10-15 14:15:42,75.26,5400,75.26,D
sz002409,雅克科技,2025-10-15 14:16:00,75.3,4800,75.3,U
sz002409,雅克科技,2025-10-15 14:17:03,75.26,17000,75.27,D
sz002409,雅克科技,2025-10-15 14:17:51,75.27,3700,75.26,U
sz002409,雅克科技,2025-10-15 14:17:54,75.25,4300,75.27,D
sz002409,雅克科技,2025-10-15 14:18:18,75.22,3400,75.23,D
sz002409,雅克科技,2025-10-15 14:18:27,75.23,4000,75.23,U
sz002409,雅克科技,2025-10-15 14:18:42,75.22,2700,75.23,D
sz002409,雅克科技,2025-10-15 14:18:51,75.25,5700,75.25,U
sz002409,雅克科技,2025-10-15 14:19:03,75.33,23200,75.26,U
sz002409,雅克科技,2025-10-15 14:19:18,75.32,2700,75.3,U
sz002409,雅克科技,2025-10-15 14:19:21,75.3,8000,75.32,D
sz002409,雅克科技,2025-10-15 14:19:30,75.29,10900,75.3,U
sz002409,雅克科技,2025-10-15 14:19:48,75.23,5000,75.25,D
sz002409,雅克科技,2025-10-15 14:19:51,75.13,58700,75.23,D
sz002409,雅克科技,2025-10-15 14:20:21,75.2,3100,75.18,U
sz002409,雅克科技,2025-10-15 14:20:48,75.23,3600,75.2,U
sz002409,雅克科技,2025-10-15 14:21:06,75.3,9600,75.24,U
sz002409,雅克科技,2025-10-15 14:21:09,75.32,3300,75.3,U
sz002409,雅克科技,2025-10-15 14:21:24,75.4,5800,75.34,U
sz002409,雅克科技,2025-10-15 14:21:30,75.39,3500,75.35,U
sz002409,雅克科技,2025-10-15 14:21:54,75.43,9900,75.41,U
sz002409,雅克科技,2025-10-15 14:22:27,75.42,5400,75.44,D
sz002409,雅克科技,2025-10-15 14:22:39,75.45,4300,75.44,U
sz002409,雅克科技,2025-10-15 14:22:48,75.44,6800,75.45,D
sz002409,雅克科技,2025-10-15 14:22:54,75.41,6600,75.43,D
sz002409,雅克科技,2025-10-15 14:23:12,75.4,4100,75.44,D
sz002409,雅克科技,2025-10-15 14:23:15,75.44,15600,75.4,U
sz002409,雅克科技,2025-10-15 14:23:18,75.46,4100,75.44,U
sz002409,雅克科技,2025-10-15 14:23:33,75.47,3000,75.46,U
sz002409,雅克科技,2025-10-15 14:23:39,75.47,6100,75.46,U
sz002409,雅克科技,2025-10-15 14:23:45,75.48,3200,75.48,U
sz002409,雅克科技,2025-10-15 14:23:51,75.48,27000,75.48,U
sz002409,雅克科技,2025-10-15 14:23:54,75.48,2800,75.48,U
sz002409,雅克科技,2025-10-15 14:24:06,75.48,2800,75.47,U
sz002409,雅克科技,2025-10-15 14:24:12,75.48,4900,75.48,U
sz002409,雅克科技,2025-10-15 14:24:30,75.5,4700,75.49,U
sz002409,雅克科技,2025-10-15 14:24:33,75.48,13800,75.5,D
sz002409,雅克科技,2025-10-15 14:24:36,75.48,22600,75.48,U
sz002409,雅克科技,2025-10-15 14:24:57,75.45,5700,75.5,D
sz002409,雅克科技,2025-10-15 14:25:00,75.48,7500,75.45,E
sz002409,雅克科技,2025-10-15 14:25:27,75.39,4600,75.44,D
sz002409,雅克科技,2025-10-15 14:25:45,75.42,3500,75.39,U
sz002409,雅克科技,2025-10-15 14:25:48,75.43,4200,75.42,U
sz002409,雅克科技,2025-10-15 14:25:51,75.44,6900,75.43,E
sz002409,雅克科技,2025-10-15 14:26:12,75.54,6000,75.52,U
sz002409,雅克科技,2025-10-15 14:26:27,75.53,3900,75.55,D
sz002409,雅克科技,2025-10-15 14:26:36,75.5,5900,75.58,D
sz002409,雅克科技,2025-10-15 14:28:18,75.6,4700,75.59,U
sz002409,雅克科技,2025-10-15 14:28:24,75.65,8000,75.64,U
sz002409,雅克科技,2025-10-15 14:28:33,75.6,33400,75.66,D
sz002409,雅克科技,2025-10-15 14:28:36,75.63,5200,75.6,U
sz002409,雅克科技,2025-10-15 14:28:39,75.56,5600,75.63,D
sz002409,雅克科技,2025-10-15 14:28:42,75.57,9300,75.56,U
sz002409,雅克科技,2025-10-15 14:28:45,75.53,4100,75.57,D
sz002409,雅克科技,2025-10-15 14:28:48,75.54,3100,75.53,E
sz002409,雅克科技,2025-10-15 14:28:51,75.55,3000,75.54,U
sz002409,雅克科技,2025-10-15 14:29:00,75.44,11100,75.55,D
sz002409,雅克科技,2025-10-15 14:29:03,75.51,16300,75.44,U
sz002409,雅克科技,2025-10-15 14:29:30,75.42,6600,75.48,D
sz002409,雅克科技,2025-10-15 14:29:36,75.42,2900,75.45,D
sz002409,雅克科技,2025-10-15 14:29:42,75.44,3100,75.42,E
sz002409,雅克科技,2025-10-15 14:29:45,75.41,4800,75.44,D
sz002409,雅克科技,2025-10-15 14:29:48,75.44,3300,75.41,U
sz002409,雅克科技,2025-10-15 14:30:45,75.46,5200,75.47,D
sz002409,雅克科技,2025-10-15 14:30:48,75.46,9300,75.46,D
sz002409,雅克科技,2025-10-15 14:30:57,75.43,3200,75.44,U
sz002409,雅克科技,2025-10-15 14:31:03,75.45,5000,75.45,U
sz002409,雅克科技,2025-10-15 14:31:18,75.5,4700,75.47,U
sz002409,雅克科技,2025-10-15 14:31:24,75.48,2900,75.51,D
sz002409,雅克科技,2025-10-15 14:31:42,75.46,17300,75.49,D
sz002409,雅克科技,2025-10-15 14:31:45,75.44,3900,75.46,D
sz002409,雅克科技,2025-10-15 14:31:48,75.42,7200,75.44,D
sz002409,雅克科技,2025-10-15 14:31:51,75.39,6100,75.42,D
sz002409,雅克科技,2025-10-15 14:32:00,75.35,3000,75.39,D
sz002409,雅克科技,2025-10-15 14:32:06,75.49,7200,75.39,U
sz002409,雅克科技,2025-10-15 14:32:12,75.43,6000,75.48,D
sz002409,雅克科技,2025-10-15 14:32:24,75.41,3500,75.44,D
sz002409,雅克科技,2025-10-15 14:32:33,75.42,5900,75.44,D
sz002409,雅克科技,2025-10-15 14:32:42,75.44,6700,75.48,U
sz002409,雅克科技,2025-10-15 14:32:51,75.41,7300,75.44,D
sz002409,雅克科技,2025-10-15 14:32:54,75.4,5400,75.41,D
sz002409,雅克科技,2025-10-15 14:32:57,75.45,5500,75.4,U
sz002409,雅克科技,2025-10-15 14:33:00,75.42,3400,75.45,E
sz002409,雅克科技,2025-10-15 14:33:03,75.41,7900,75.42,D
sz002409,雅克科技,2025-10-15 14:33:15,75.39,14700,75.44,D
sz002409,雅克科技,2025-10-15 14:33:33,75.35,3300,75.38,D
sz002409,雅克科技,2025-10-15 14:33:45,75.31,5900,75.32,D
sz002409,雅克科技,2025-10-15 14:33:48,75.23,14300,75.31,D
sz002409,雅克科技,2025-10-15 14:33:51,75.31,4100,75.23,U
sz002409,雅克科技,2025-10-15 14:33:54,75.32,8700,75.31,U
sz002409,雅克科技,2025-10-15 14:34:00,75.32,3000,75.32,D
sz002409,雅克科技,2025-10-15 14:34:03,75.42,6700,75.32,U
sz002409,雅克科技,2025-10-15 14:34:27,75.36,8800,75.42,D
sz002409,雅克科技,2025-10-15 14:34:33,75.35,10900,75.37,D
sz002409,雅克科技,2025-10-15 14:34:36,75.36,5400,75.35,U
sz002409,雅克科技,2025-10-15 14:34:45,75.42,3000,75.41,U
sz002409,雅克科技,2025-10-15 14:35:18,75.48,2900,75.44,U
sz002409,雅克科技,2025-10-15 14:35:30,75.5,28400,75.46,U
sz002409,雅克科技,2025-10-15 14:36:12,75.56,27600,75.56,U
sz002409,雅克科技,2025-10-15 14:36:18,75.56,2800,75.55,U
sz002409,雅克科技,2025-10-15 14:36:27,75.56,2700,75.55,U
sz002409,雅克科技,2025-10-15 14:36:42,75.62,4400,75.6,U
sz002409,雅克科技,2025-10-15 14:36:45,75.6,3000,75.62,D
sz002409,雅克科技,2025-10-15 14:36:48,75.6,4500,75.6,D
sz002409,雅克科技,2025-10-15 14:36:51,75.61,4500,75.6,U
sz002409,雅克科技,2025-10-15 14:36:54,75.62,5500,75.61,U
sz002409,雅克科技,2025-10-15 14:37:00,75.62,4100,75.61,U
sz002409,雅克科技,2025-10-15 14:37:03,75.59,8700,75.62,D
sz002409,雅克科技,2025-10-15 14:37:06,75.56,6100,75.59,D
sz002409,雅克科技,2025-10-15 14:37:09,75.56,5700,75.56,U
sz002409,雅克科技,2025-10-15 14:37:24,75.6,3400,75.57,U
sz002409,雅克科技,2025-10-15 14:37:27,75.58,3300,75.6,D
sz002409,雅克科技,2025-10-15 14:37:36,75.61,3100,75.6,U
sz002409,雅克科技,2025-10-15 14:37:39,75.6,5400,75.61,D
sz002409,雅克科技,2025-10-15 14:38:00,75.69,26800,75.61,U
sz002409,雅克科技,2025-10-15 14:38:03,75.71,7400,75.69,U
sz002409,雅克科技,2025-10-15 14:38:12,75.78,5100,75.75,U
sz002409,雅克科技,2025-10-15 14:38:15,75.76,6800,75.78,E
sz002409,雅克科技,2025-10-15 14:38:24,75.79,5700,75.78,U
sz002409,雅克科技,2025-10-15 14:38:27,75.8,14900,75.79,U
sz002409,雅克科技,2025-10-15 14:38:30,75.79,7900,75.8,E
sz002409,雅克科技,2025-10-15 14:38:33,75.81,14400,75.79,E
sz002409,雅克科技,2025-10-15 14:38:36,75.76,4700,75.81,D
sz002409,雅克科技,2025-10-15 14:38:39,75.8,3400,75.76,U
sz002409,雅克科技,2025-10-15 14:38:45,75.79,3100,75.8,U
sz002409,雅克科技,2025-10-15 14:38:48,75.8,9800,75.79,U
sz002409,雅克科技,2025-10-15 14:38:54,75.81,2700,75.81,U
sz002409,雅克科技,2025-10-15 14:38:57,75.7,63900,75.81,D
sz002409,雅克科技,2025-10-15 14:39:00,75.74,4900,75.7,U
sz002409,雅克科技,2025-10-15 14:39:06,75.76,6100,75.75,U
sz002409,雅克科技,2025-10-15 14:39:12,75.81,4100,75.77,U
sz002409,雅克科技,2025-10-15 14:39:18,75.86,5500,75.8,U
sz002409,雅克科技,2025-10-15 14:39:24,75.81,2700,75.81,D
sz002409,雅克科技,2025-10-15 14:39:30,75.83,4800,75.83,U
sz002409,雅克科技,2025-10-15 14:39:33,75.8,15000,75.83,D
sz002409,雅克科技,2025-10-15 14:39:36,75.77,7100,75.8,D
sz002409,雅克科技,2025-10-15 14:39:39,75.74,9400,75.77,D
sz002409,雅克科技,2025-10-15 14:39:42,75.75,3400,75.74,E
sz002409,雅克科技,2025-10-15 14:39:48,75.78,15500,75.77,U
sz002409,雅克科技,2025-10-15 14:39:51,75.74,3100,75.78,D
sz002409,雅克科技,2025-10-15 14:39:54,75.73,3600,75.74,D
sz002409,雅克科技,2025-10-15 14:40:00,75.8,8200,75.78,U
sz002409,雅克科技,2025-10-15 14:40:06,75.74,3000,75.78,D
sz002409,雅克科技,2025-10-15 14:40:09,75.7,10000,75.74,D
sz002409,雅克科技,2025-10-15 14:40:18,75.72,10300,75.73,D
sz002409,雅克科技,2025-10-15 14:40:30,75.71,8400,75.74,E
sz002409,雅克科技,2025-10-15 14:40:33,75.7,3600,75.71,D
sz002409,雅克科技,2025-10-15 14:40:42,75.73,3000,75.73,U
sz002409,雅克科技,2025-10-15 14:40:45,75.78,4400,75.73,U
sz002409,雅克科技,2025-10-15 14:40:51,75.78,7200,75.77,U
sz002409,雅克科技,2025-10-15 14:40:57,75.79,4700,75.79,U
sz002409,雅克科技,2025-10-15 14:41:06,75.78,9400,75.77,U
sz002409,雅克科技,2025-10-15 14:41:12,75.77,28800,75.74,U
sz002409,雅克科技,2025-10-15 14:41:15,75.71,9900,75.77,D
sz002409,雅克科技,2025-10-15 14:41:27,75.76,5600,75.75,U
sz002409,雅克科技,2025-10-15 14:41:30,75.75,2900,75.76,D
sz002409,雅克科技,2025-10-15 14:41:42,75.75,5200,75.73,U
sz002409,雅克科技,2025-10-15 14:41:48,75.73,3600,75.75,D
sz002409,雅克科技,2025-10-15 14:41:57,75.8,4400,75.79,U
sz002409,雅克科技,2025-10-15 14:42:03,75.84,8500,75.8,U
sz002409,雅克科技,2025-10-15 14:42:09,75.86,2900,75.84,U
sz002409,雅克科技,2025-10-15 14:42:12,75.87,10100,75.86,U
sz002409,雅克科技,2025-10-15 14:42:15,75.85,6500,75.87,D
sz002409,雅克科技,2025-10-15 14:42:18,75.8,12600,75.85,D
sz002409,雅克科技,2025-10-15 14:42:21,75.82,3700,75.8,U
sz002409,雅克科技,2025-10-15 14:42:24,75.8,2700,75.82,D
sz002409,雅克科技,2025-10-15 14:42:27,75.77,5100,75.8,D
sz002409,雅克科技,2025-10-15 14:42:30,75.77,3200,75.77,D
sz002409,雅克科技,2025-10-15 14:42:36,75.8,19100,75.77,U
sz002409,雅克科技,2025-10-15 14:42:42,75.81,3000,75.8,U
sz002409,雅克科技,2025-10-15 14:42:48,75.77,3400,75.8,D
sz002409,雅克科技,2025-10-15 14:42:51,75.78,4900,75.77,U
sz002409,雅克科技,2025-10-15 14:43:06,75.8,2700,75.8,U
sz002409,雅克科技,2025-10-15 14:43:15,75.79,5900,75.8,D
sz002409,雅克科技,2025-10-15 14:43:18,75.83,9124,75.79,U
sz002409,雅克科技,2025-10-15 14:43:30,75.78,10200,75.81,D
sz002409,雅克科技,2025-10-15 14:43:33,75.8,9500,75.78,U
sz002409,雅克科技,2025-10-15 14:43:36,75.74,6400,75.8,D
sz002409,雅克科技,2025-10-15 14:43:39,75.74,11200,75.74,D
sz002409,雅克科技,2025-10-15 14:43:42,75.78,4500,75.74,E
sz002409,雅克科技,2025-10-15 14:43:48,75.82,6300,75.81,U
sz002409,雅克科技,2025-10-15 14:43:57,75.78,3000,75.8,D
sz002409,雅克科技,2025-10-15 14:44:06,75.86,7500,75.82,U
sz002409,雅克科技,2025-10-15 14:44:09,75.81,6700,75.86,D
sz002409,雅克科技,2025-10-15 14:44:12,75.86,2700,75.81,U
sz002409,雅克科技,2025-10-15 14:44:15,75.85,23800,75.86,U
sz002409,雅克科技,2025-10-15 14:44:18,75.81,7100,75.85,D
sz002409,雅克科技,2025-10-15 14:44:24,75.8,3600,75.82,D
sz002409,雅克科技,2025-10-15 14:44:30,75.83,6700,75.8,U
sz002409,雅克科技,2025-10-15 14:44:33,75.79,19000,75.83,D
sz002409,雅克科技,2025-10-15 14:44:39,75.76,9100,75.8,D
sz002409,雅克科技,2025-10-15 14:44:45,75.81,3500,75.79,U
sz002409,雅克科技,2025-10-15 14:44:51,75.87,6700,75.83,U
sz002409,雅克科技,2025-10-15 14:45:00,75.83,18900,75.82,E
sz002409,雅克科技,2025-10-15 14:45:03,75.74,29700,75.83,D
sz002409,雅克科技,2025-10-15 14:45:09,75.73,4500,75.74,D
sz002409,雅克科技,2025-10-15 14:45:12,75.74,10400,75.73,D
sz002409,雅克科技,2025-10-15 14:45:15,75.74,8400,75.74,D
sz002409,雅克科技,2025-10-15 14:45:18,75.74,6200,75.74,D
sz002409,雅克科技,2025-10-15 14:45:27,75.77,7500,75.75,U
sz002409,雅克科技,2025-10-15 14:45:33,75.77,4900,75.77,D
sz002409,雅克科技,2025-10-15 14:45:42,75.75,7600,75.75,U
sz002409,雅克科技,2025-10-15 14:45:48,75.73,4100,75.77,D
sz002409,雅克科技,2025-10-15 14:45:51,75.83,22300,75.73,U
sz002409,雅克科技,2025-10-15 14:46:03,75.87,5500,75.85,U
sz002409,雅克科技,2025-10-15 14:46:06,75.85,10100,75.87,D
sz002409,雅克科技,2025-10-15 14:46:12,75.84,5900,75.82,U
sz002409,雅克科技,2025-10-15 14:46:15,75.82,16100,75.84,D
sz002409,雅克科技,2025-10-15 14:46:24,75.84,8800,75.81,U
sz002409,雅克科技,2025-10-15 14:46:39,75.83,4100,75.83,U
sz002409,雅克科技,2025-10-15 14:46:54,75.84,3400,75.8,U
sz002409,雅克科技,2025-10-15 14:47:06,75.78,10200,75.82,D
sz002409,雅克科技,2025-10-15 14:47:09,75.78,6300,75.78,D
sz002409,雅克科技,2025-10-15 14:47:12,75.78,7700,75.78,D
sz002409,雅克科技,2025-10-15 14:47:24,75.87,5600,75.81,U
sz002409,雅克科技,2025-10-15 14:47:27,75.88,7100,75.87,U
sz002409,雅克科技,2025-10-15 14:47:30,75.89,2700,75.88,U
sz002409,雅克科技,2025-10-15 14:47:33,75.89,5800,75.89,U
sz002409,雅克科技,2025-10-15 14:47:36,75.89,5700,75.89,U
sz002409,雅克科技,2025-10-15 14:47:39,75.88,3700,75.89,D
sz002409,雅克科技,2025-10-15 14:47:51,75.94,4800,75.93,U
sz002409,雅克科技,2025-10-15 14:47:57,75.96,4800,75.93,U
sz002409,雅克科技,2025-10-15 14:48:00,75.95,5600,75.96,E
sz002409,雅克科技,2025-10-15 14:48:03,75.95,3900,75.95,D
sz002409,雅克科技,2025-10-15 14:48:06,75.94,8600,75.95,U
sz002409,雅克科技,2025-10-15 14:48:09,75.89,16300,75.94,D
sz002409,雅克科技,2025-10-15 14:48:12,75.83,11600,75.89,D
sz002409,雅克科技,2025-10-15 14:48:15,75.84,6000,75.83,U
sz002409,雅克科技,2025-10-15 14:48:18,75.81,8800,75.84,D
sz002409,雅克科技,2025-10-15 14:48:21,75.83,30300,75.81,E
sz002409,雅克科技,2025-10-15 14:48:27,75.82,23900,75.82,D
sz002409,雅克科技,2025-10-15 14:48:30,75.81,22700,75.82,D
sz002409,雅克科技,2025-10-15 14:48:33,75.8,5200,75.81,U
sz002409,雅克科技,2025-10-15 14:48:42,75.75,3300,75.78,D
sz002409,雅克科技,2025-10-15 14:48:45,75.77,3000,75.75,E
sz002409,雅克科技,2025-10-15 14:48:48,75.75,5600,75.77,D
sz002409,雅克科技,2025-10-15 14:48:51,75.74,4100,75.75,U
sz002409,雅克科技,2025-10-15 14:48:54,75.76,5200,75.74,U
sz002409,雅克科技,2025-10-15 14:49:00,75.77,6800,75.78,D
sz002409,雅克科技,2025-10-15 14:49:03,75.79,3500,75.77,U
sz002409,雅克科技,2025-10-15 14:49:06,75.78,3600,75.79,D
sz002409,雅克科技,2025-10-15 14:49:12,75.76,8400,75.76,D
sz002409,雅克科技,2025-10-15 14:49:15,75.77,3600,75.76,U
sz002409,雅克科技,2025-10-15 14:49:18,75.76,6300,75.77,D
sz002409,雅克科技,2025-10-15 14:49:21,75.74,14900,75.76,D
sz002409,雅克科技,2025-10-15 14:49:24,75.74,3700,75.74,D
sz002409,雅克科技,2025-10-15 14:49:30,75.75,3300,75.74,U
sz002409,雅克科技,2025-10-15 14:49:39,75.75,5600,75.75,U
sz002409,雅克科技,2025-10-15 14:49:45,75.75,4100,75.76,D
sz002409,雅克科技,2025-10-15 14:49:48,75.75,4500,75.75,D
sz002409,雅克科技,2025-10-15 14:49:51,75.76,8800,75.75,E
sz002409,雅克科技,2025-10-15 14:49:57,75.75,11700,75.78,D
sz002409,雅克科技,2025-10-15 14:50:00,75.73,59700,75.75,D
sz002409,雅克科技,2025-10-15 14:50:03,75.72,20100,75.73,D
sz002409,雅克科技,2025-10-15 14:50:09,75.74,5200,75.71,U
sz002409,雅克科技,2025-10-15 14:50:12,75.73,6700,75.74,D
sz002409,雅克科技,2025-10-15 14:50:15,75.74,4800,75.73,U
sz002409,雅克科技,2025-10-15 14:50:24,75.74,3300,75.73,U
sz002409,雅克科技,2025-10-15 14:50:36,75.76,3600,75.77,D
sz002409,雅克科技,2025-10-15 14:50:39,75.72,14300,75.76,D
sz002409,雅克科技,2025-10-15 14:50:42,75.7,6800,75.72,D
sz002409,雅克科技,2025-10-15 14:50:45,75.72,3600,75.7,U
sz002409,雅克科技,2025-10-15 14:50:48,75.7,7400,75.72,D
sz002409,雅克科技,2025-10-15 14:50:51,75.7,5000,75.7,D
sz002409,雅克科技,2025-10-15 14:50:54,75.72,2700,75.7,U
sz002409,雅克科技,2025-10-15 14:51:00,75.73,5681,75.69,U
sz002409,雅克科技,2025-10-15 14:51:03,75.81,14600,75.73,U
sz002409,雅克科技,2025-10-15 14:51:06,75.85,8400,75.81,U
sz002409,雅克科技,2025-10-15 14:51:09,75.89,15100,75.85,U
sz002409,雅克科技,2025-10-15 14:51:12,75.9,4200,75.89,U
sz002409,雅克科技,2025-10-15 14:51:21,75.89,3800,75.88,E
sz002409,雅克科技,2025-10-15 14:51:27,75.9,5500,75.89,U
sz002409,雅克科技,2025-10-15 14:51:30,75.9,6600,75.9,U
sz002409,雅克科技,2025-10-15 14:51:33,75.91,4600,75.9,U
sz002409,雅克科技,2025-10-15 14:51:36,75.91,15000,75.91,D
sz002409,雅克科技,2025-10-15 14:51:39,75.91,5000,75.91,D
sz002409,雅克科技,2025-10-15 14:51:42,75.92,8300,75.91,D
sz002409,雅克科技,2025-10-15 14:51:45,75.95,8700,75.92,U
sz002409,雅克科技,2025-10-15 14:51:48,75.93,15900,75.95,D
sz002409,雅克科技,2025-10-15 14:51:54,75.94,5700,75.96,D
sz002409,雅克科技,2025-10-15 14:51:57,75.97,10600,75.94,U
sz002409,雅克科技,2025-10-15 14:52:00,75.92,5200,75.97,D
sz002409,雅克科技,2025-10-15 14:52:03,75.94,6300,75.92,E
sz002409,雅克科技,2025-10-15 14:52:06,75.91,8000,75.94,D
sz002409,雅克科技,2025-10-15 14:52:12,75.91,7600,75.91,U
sz002409,雅克科技,2025-10-15 14:52:18,75.91,5300,75.91,D
sz002409,雅克科技,2025-10-15 14:52:21,75.89,5000,75.91,D
sz002409,雅克科技,2025-10-15 14:52:24,75.89,5100,75.89,U
sz002409,雅克科技,2025-10-15 14:52:30,75.87,5500,75.88,E
sz002409,雅克科技,2025-10-15 14:52:33,75.88,4000,75.87,U
sz002409,雅克科技,2025-10-15 14:52:45,75.87,12000,75.9,D
sz002409,雅克科技,2025-10-15 14:52:48,75.81,11800,75.87,D
sz002409,雅克科技,2025-10-15 14:52:51,75.83,9400,75.81,U
sz002409,雅克科技,2025-10-15 14:52:57,75.88,6000,75.85,U
sz002409,雅克科技,2025-10-15 14:53:00,75.89,2800,75.88,U
sz002409,雅克科技,2025-10-15 14:53:03,75.89,12500,75.89,U
sz002409,雅克科技,2025-10-15 14:53:06,75.87,12800,75.89,D
sz002409,雅克科技,2025-10-15 14:53:09,75.88,3800,75.87,U
sz002409,雅克科技,2025-10-15 14:53:12,75.83,10300,75.88,D
sz002409,雅克科技,2025-10-15 14:53:15,75.81,23800,75.83,E
sz002409,雅克科技,2025-10-15 14:53:18,75.81,4100,75.81,U
sz002409,雅克科技,2025-10-15 14:53:24,75.83,4300,75.81,U
sz002409,雅克科技,2025-10-15 14:53:27,75.8,10800,75.83,D
sz002409,雅克科技,2025-10-15 14:53:30,75.81,4500,75.8,U
sz002409,雅克科技,2025-10-15 14:53:36,75.81,3900,75.82,D
sz002409,雅克科技,2025-10-15 14:53:42,75.8,5000,75.82,D
sz002409,雅克科技,2025-10-15 14:53:54,75.8,4200,75.8,U
sz002409,雅克科技,2025-10-15 14:53:57,75.81,16400,75.8,U
sz002409,雅克科技,2025-10-15 14:54:03,75.82,9300,75.83,D
sz002409,雅克科技,2025-10-15 14:54:15,75.79,7100,75.8,D
sz002409,雅克科技,2025-10-15 14:54:18,75.8,6500,75.79,U
sz002409,雅克科技,2025-10-15 14:54:27,75.78,3600,75.78,U
sz002409,雅克科技,2025-10-15 14:54:30,75.8,6500,75.78,U
sz002409,雅克科技,2025-10-15 14:54:39,75.78,3000,75.78,U
sz002409,雅克科技,2025-10-15 14:54:45,75.78,41700,75.78,U
sz002409,雅克科技,2025-10-15 14:55:03,75.85,8000,75.88,D
sz002409,雅克科技,2025-10-15 14:55:15,75.81,3000,75.82,D
sz002409,雅克科技,2025-10-15 14:55:18,75.8,2900,75.81,D
sz002409,雅克科技,2025-10-15 14:55:21,75.8,5300,75.8,E
sz002409,雅克科技,2025-10-15 14:55:27,75.79,15400,75.81,D
sz002409,雅克科技,2025-10-15 14:55:30,75.8,3500,75.79,U
sz002409,雅克科技,2025-10-15 14:55:33,75.8,24300,75.8,U
sz002409,雅克科技,2025-10-15 14:55:36,75.81,16700,75.8,U
sz002409,雅克科技,2025-10-15 14:55:39,75.8,7500,75.81,D
sz002409,雅克科技,2025-10-15 14:55:42,75.81,9500,75.8,U
