symbol,name,ticktime,price,volume,prev_price,kind
sz002409,雅克科技,2025-09-30 09:25:00,73.99,200719,0.0,U
sz002409,雅克科技,2025-09-30 09:30:00,74.2,93900,73.99,U
sz002409,雅克科技,2025-09-30 09:30:03,74.21,94900,74.2,U
sz002409,雅克科技,2025-09-30 09:30:06,74.38,21600,74.21,D
sz002409,雅克科技,2025-09-30 09:30:09,74.38,33400,74.38,U
sz002409,雅克科技,2025-09-30 09:30:12,74.1,49700,74.38,D
sz002409,雅克科技,2025-09-30 09:30:15,74.06,51400,74.1,D
sz002409,雅克科技,2025-09-30 09:30:18,74.01,38400,74.06,D
sz002409,雅克科技,2025-09-30 09:30:21,74.0,244900,74.01,D
sz002409,雅克科技,2025-09-30 09:30:24,73.95,39181,74.0,D
sz002409,雅克科技,2025-09-30 09:30:27,73.91,24000,73.95,D
sz002409,雅克科技,2025-09-30 09:30:30,73.83,25200,73.91,D
sz002409,雅克科技,2025-09-30 09:30:33,73.78,30100,73.83,D
sz002409,雅克科技,2025-09-30 09:30:36,73.55,10500,73.78,D
sz002409,雅克科技,2025-09-30 09:30:39,73.5,12100,73.55,D
sz002409,雅克科技,2025-09-30 09:30:42,73.35,12600,73.5,D
sz002409,雅克科技,2025-09-30 09:30:45,73.6,26100,73.35,U
sz002409,雅克科技,2025-09-30 09:30:48,73.68,34800,73.6,U
sz002409,雅克科技,2025-09-30 09:30:51,73.75,17000,73.68,U
sz002409,雅克科技,2025-09-30 09:30:54,73.85,16700,73.75,U
sz002409,雅克科技,2025-09-30 09:30:57,73.83,41800,73.85,D
sz002409,雅克科技,2025-09-30 09:31:00,73.76,21000,73.83,E
sz002409,雅克科技,2025-09-30 09:31:03,73.77,27800,73.76,U
sz002409,雅克科技,2025-09-30 09:31:06,73.76,14900,73.77,U
sz002409,雅克科技,2025-09-30 09:31:09,73.67,33700,73.76,E
sz002409,雅克科技,2025-09-30 09:31:12,73.68,12900,73.67,U
sz002409,雅克科技,2025-09-30 09:31:15,73.8,8900,73.68,U
sz002409,雅克科技,2025-09-30 09:31:18,73.66,21600,73.8,D
sz002409,雅克科技,2025-09-30 09:31:21,73.66,10200,73.66,D
sz002409,雅克科技,2025-09-30 09:31:24,73.63,29500,73.66,D
sz002409,雅克科技,2025-09-30 09:31:27,73.47,15700,73.63,E
sz002409,雅克科技,2025-09-30 09:31:30,73.48,7800,73.47,D
sz002409,雅克科技,2025-09-30 09:31:33,73.47,6000,73.48,E
sz002409,雅克科技,2025-09-30 09:31:36,73.48,6900,73.47,U
sz002409,雅克科技,2025-09-30 09:31:39,73.45,6000,73.48,E
sz002409,雅克科技,2025-09-30 09:31:42,73.45,10500,73.45,U
sz002409,雅克科技,2025-09-30 09:31:45,73.46,6700,73.45,E
sz002409,雅克科技,2025-09-30 09:31:48,73.54,22700,73.46,U
sz002409,雅克科技,2025-09-30 09:31:51,73.66,7600,73.54,E
sz002409,雅克科技,2025-09-30 09:31:54,73.68,6500,73.66,U
sz002409,雅克科技,2025-09-30 09:31:57,73.66,7900,73.68,E
sz002409,雅克科技,2025-09-30 09:32:00,73.89,28500,73.66,U
sz002409,雅克科技,2025-09-30 09:32:03,73.93,8200,73.89,U
sz002409,雅克科技,2025-09-30 09:32:06,73.93,14000,73.93,E
sz002409,雅克科技,2025-09-30 09:32:09,73.88,24300,73.93,E
sz002409,雅克科技,2025-09-30 09:32:12,73.8,8400,73.88,D
sz002409,雅克科技,2025-09-30 09:32:15,73.99,17300,73.8,U
sz002409,雅克科技,2025-09-30 09:32:18,73.94,5100,73.99,D
sz002409,雅克科技,2025-09-30 09:32:21,73.97,10300,73.94,E
sz002409,雅克科技,2025-09-30 09:32:24,73.89,6100,73.97,E
sz002409,雅克科技,2025-09-30 09:32:27,73.98,8400,73.89,U
sz002409,雅克科技,2025-09-30 09:32:30,73.97,3400,73.98,E
sz002409,雅克科技,2025-09-30 09:32:33,73.98,18100,73.97,U
sz002409,雅克科技,2025-09-30 09:32:36,74.0,20400,73.98,U
sz002409,雅克科技,2025-09-30 09:32:39,74.01,8100,74.0,U
sz002409,雅克科技,2025-09-30 09:32:42,74.02,6500,74.01,U
sz002409,雅克科技,2025-09-30 09:32:45,74.08,6800,74.02,U
sz002409,雅克科技,2025-09-30 09:32:48,74.19,5200,74.08,U
sz002409,雅克科技,2025-09-30 09:32:51,74.1,5600,74.19,U
sz002409,雅克科技,2025-09-30 09:32:54,74.19,12300,74.1,U
sz002409,雅克科技,2025-09-30 09:32:57,74.11,15800,74.19,E
sz002409,雅克科技,2025-09-30 09:33:00,74.19,68600,74.11,U
sz002409,雅克科技,2025-09-30 09:33:03,74.26,27200,74.19,U
sz002409,雅克科技,2025-09-30 09:33:06,74.32,5600,74.26,U
sz002409,雅克科技,2025-09-30 09:33:09,74.39,10800,74.32,U
sz002409,雅克科技,2025-09-30 09:33:12,74.39,13700,74.39,U
sz002409,雅克科技,2025-09-30 09:33:15,74.4,12800,74.39,U
sz002409,雅克科技,2025-09-30 09:33:18,74.5,17700,74.4,U
sz002409,雅克科技,2025-09-30 09:33:21,74.45,11300,74.5,E
sz002409,雅克科技,2025-09-30 09:33:24,74.4,29700,74.45,D
sz002409,雅克科技,2025-09-30 09:33:27,74.59,40700,74.4,U
sz002409,雅克科技,2025-09-30 09:33:30,74.38,12000,74.59,E
sz002409,雅克科技,2025-09-30 09:33:33,74.25,34900,74.38,D
sz002409,雅克科技,2025-09-30 09:33:36,74.36,19000,74.25,U
sz002409,雅克科技,2025-09-30 09:33:39,74.42,26200,74.36,U
sz002409,雅克科技,2025-09-30 09:33:42,74.46,8900,74.42,U
sz002409,雅克科技,2025-09-30 09:33:45,74.55,9200,74.46,U
sz002409,雅克科技,2025-09-30 09:33:48,74.5,5700,74.55,D
sz002409,雅克科技,2025-09-30 09:33:51,74.6,5400,74.5,U
sz002409,雅克科技,2025-09-30 09:33:54,74.61,10800,74.6,E
sz002409,雅克科技,2025-09-30 09:33:57,74.6,23600,74.61,D
sz002409,雅克科技,2025-09-30 09:34:00,74.57,38200,74.6,E
sz002409,雅克科技,2025-09-30 09:34:03,74.59,26700,74.57,U
sz002409,雅克科技,2025-09-30 09:34:06,74.6,12800,74.59,U
sz002409,雅克科技,2025-09-30 09:34:09,74.56,19800,74.6,D
sz002409,雅克科技,2025-09-30 09:34:12,74.42,17300,74.56,D
sz002409,雅克科技,2025-09-30 09:34:15,74.41,29000,74.42,E
sz002409,雅克科技,2025-09-30 09:34:18,74.51,25100,74.41,U
sz002409,雅克科技,2025-09-30 09:34:21,74.44,9500,74.51,E
sz002409,雅克科技,2025-09-30 09:34:24,74.44,14300,74.44,D
sz002409,雅克科技,2025-09-30 09:34:27,74.5,18700,74.44,E
sz002409,雅克科技,2025-09-30 09:34:30,74.54,10800,74.5,E
sz002409,雅克科技,2025-09-30 09:34:33,74.5,24800,74.54,D
sz002409,雅克科技,2025-09-30 09:34:36,74.5,5500,74.5,U
sz002409,雅克科技,2025-09-30 09:34:39,74.53,15100,74.5,U
sz002409,雅克科技,2025-09-30 09:34:42,74.59,27900,74.53,U
sz002409,雅克科技,2025-09-30 09:34:45,74.68,14200,74.59,U
sz002409,雅克科技,2025-09-30 09:34:48,74.75,5200,74.68,U
sz002409,雅克科技,2025-09-30 09:34:51,74.79,14600,74.75,U
sz002409,雅克科技,2025-09-30 09:34:54,74.88,30200,74.79,U
sz002409,雅克科技,2025-09-30 09:34:57,74.84,15600,74.88,D
sz002409,雅克科技,2025-09-30 09:35:00,74.93,28400,74.84,U
sz002409,雅克科技,2025-09-30 09:35:03,74.96,7600,74.93,U
sz002409,雅克科技,2025-09-30 09:35:06,74.99,50200,74.96,U
sz002409,雅克科技,2025-09-30 09:35:09,75.05,54500,74.99,U
sz002409,雅克科技,2025-09-30 09:35:12,75.18,8100,75.05,U
sz002409,雅克科技,2025-09-30 09:35:15,75.09,20800,75.18,D
sz002409,雅克科技,2025-09-30 09:35:18,75.16,59400,75.09,E
sz002409,雅克科技,2025-09-30 09:35:21,75.18,22100,75.16,U
sz002409,雅克科技,2025-09-30 09:35:24,75.27,33600,75.18,U
sz002409,雅克科技,2025-09-30 09:35:27,75.32,62000,75.27,U
sz002409,雅克科技,2025-09-30 09:35:30,75.32,15400,75.32,U
sz002409,雅克科技,2025-09-30 09:35:33,75.35,20100,75.32,U
sz002409,雅克科技,2025-09-30 09:35:36,75.3,87100,75.35,D
sz002409,雅克科技,2025-09-30 09:35:39,75.16,46100,75.3,D
sz002409,雅克科技,2025-09-30 09:35:42,75.09,14600,75.16,D
sz002409,雅克科技,2025-09-30 09:35:45,74.96,64800,75.09,D
sz002409,雅克科技,2025-09-30 09:35:48,75.0,18100,74.96,E
sz002409,雅克科技,2025-09-30 09:35:51,75.02,32800,75.0,U
sz002409,雅克科技,2025-09-30 09:35:54,75.07,30000,75.02,U
sz002409,雅克科技,2025-09-30 09:35:57,75.13,23700,75.07,U
sz002409,雅克科技,2025-09-30 09:36:00,75.13,17300,75.13,D
sz002409,雅克科技,2025-09-30 09:36:03,75.13,48700,75.13,D
sz002409,雅克科技,2025-09-30 09:36:06,75.13,18500,75.13,D
sz002409,雅克科技,2025-09-30 09:36:09,75.1,16800,75.13,D
sz002409,雅克科技,2025-09-30 09:36:12,75.09,9000,75.1,D
sz002409,雅克科技,2025-09-30 09:36:15,75.09,46200,75.09,U
sz002409,雅克科技,2025-09-30 09:36:18,74.99,37300,75.09,D
sz002409,雅克科技,2025-09-30 09:36:21,75.0,22000,74.99,U
sz002409,雅克科技,2025-09-30 09:36:24,74.88,6200,75.0,E
sz002409,雅克科技,2025-09-30 09:36:27,75.08,62000,74.88,U
sz002409,雅克科技,2025-09-30 09:36:30,75.12,19900,75.08,U
sz002409,雅克科技,2025-09-30 09:36:33,75.09,6900,75.12,D
sz002409,雅克科技,2025-09-30 09:36:36,75.08,10300,75.09,D
sz002409,雅克科技,2025-09-30 09:36:39,75.07,14200,75.08,D
sz002409,雅克科技,2025-09-30 09:36:42,74.85,29400,75.07,D
sz002409,雅克科技,2025-09-30 09:36:45,74.97,13600,74.85,E
sz002409,雅克科技,2025-09-30 09:36:48,74.95,7100,74.97,E
sz002409,雅克科技,2025-09-30 09:36:51,74.93,5100,74.95,E
sz002409,雅克科技,2025-09-30 09:36:54,74.85,9200,74.93,E
sz002409,雅克科技,2025-09-30 09:36:57,74.86,9600,74.85,E
sz002409,雅克科技,2025-09-30 09:37:00,74.98,11500,74.86,U
sz002409,雅克科技,2025-09-30 09:37:03,75.0,17500,74.98,U
sz002409,雅克科技,2025-09-30 09:37:06,74.95,7200,75.0,D
sz002409,雅克科技,2025-09-30 09:37:09,74.98,11700,74.95,U
sz002409,雅克科技,2025-09-30 09:37:12,75.0,34200,74.98,U
sz002409,雅克科技,2025-09-30 09:37:15,75.01,6500,75.0,U
sz002409,雅克科技,2025-09-30 09:37:18,75.01,17700,75.01,D
sz002409,雅克科技,2025-09-30 09:37:21,75.01,16500,75.01,U
sz002409,雅克科技,2025-09-30 09:37:24,74.96,11500,75.01,D
sz002409,雅克科技,2025-09-30 09:37:27,74.96,6300,74.96,U
sz002409,雅克科技,2025-09-30 09:37:30,74.91,18300,74.96,E
sz002409,雅克科技,2025-09-30 09:37:33,75.0,13800,74.91,U
sz002409,雅克科技,2025-09-30 09:37:39,74.95,8300,74.96,D
sz002409,雅克科技,2025-09-30 09:37:42,74.98,31400,74.95,U
sz002409,雅克科技,2025-09-30 09:37:45,74.99,21200,74.98,U
sz002409,雅克科技,2025-09-30 09:37:48,74.99,8500,74.99,U
sz002409,雅克科技,2025-09-30 09:37:51,74.99,4600,74.99,U
sz002409,雅克科技,2025-09-30 09:37:54,74.97,5600,74.99,D
sz002409,雅克科技,2025-09-30 09:37:57,75.01,13100,74.97,U
sz002409,雅克科技,2025-09-30 09:38:00,74.96,39700,75.01,D
sz002409,雅克科技,2025-09-30 09:38:03,75.02,20300,74.96,U
sz002409,雅克科技,2025-09-30 09:38:06,75.02,10100,75.02,U
sz002409,雅克科技,2025-09-30 09:38:09,75.04,33100,75.02,U
sz002409,雅克科技,2025-09-30 09:38:12,75.08,7700,75.04,U
sz002409,雅克科技,2025-09-30 09:38:15,75.04,7800,75.08,D
sz002409,雅克科技,2025-09-30 09:38:18,75.09,4900,75.04,U
sz002409,雅克科技,2025-09-30 09:38:21,75.04,7200,75.09,D
sz002409,雅克科技,2025-09-30 09:38:24,75.07,16100,75.04,U
sz002409,雅克科技,2025-09-30 09:38:27,75.07,4500,75.07,D
sz002409,雅克科技,2025-09-30 09:38:30,75.09,6700,75.07,U
sz002409,雅克科技,2025-09-30 09:38:33,75.05,18600,75.09,E
sz002409,雅克科技,2025-09-30 09:38:36,75.03,20200,75.05,E
sz002409,雅克科技,2025-09-30 09:38:39,75.03,6300,75.03,E
sz002409,雅克科技,2025-09-30 09:38:42,75.04,23600,75.03,U
sz002409,雅克科技,2025-09-30 09:38:45,75.01,6900,75.04,D
sz002409,雅克科技,2025-09-30 09:38:48,75.01,11000,75.01,U
sz002409,雅克科技,2025-09-30 09:38:51,75.0,10600,75.01,D
sz002409,雅克科技,2025-09-30 09:38:54,74.87,33600,75.0,D
sz002409,雅克科技,2025-09-30 09:38:57,74.68,33300,74.87,D
sz002409,雅克科技,2025-09-30 09:39:00,74.61,7900,74.68,D
sz002409,雅克科技,2025-09-30 09:39:03,74.51,6800,74.61,D
sz002409,雅克科技,2025-09-30 09:39:06,74.51,46400,74.51,D
sz002409,雅克科技,2025-09-30 09:39:09,74.43,8100,74.51,D
sz002409,雅克科技,2025-09-30 09:39:12,74.44,8000,74.43,D
sz002409,雅克科技,2025-09-30 09:39:15,74.43,26100,74.44,D
sz002409,雅克科技,2025-09-30 09:39:18,74.4,13000,74.43,E
sz002409,雅克科技,2025-09-30 09:39:21,74.25,20500,74.4,D
sz002409,雅克科技,2025-09-30 09:39:24,74.3,6300,74.25,U
sz002409,雅克科技,2025-09-30 09:39:27,74.3,3100,74.3,U
sz002409,雅克科技,2025-09-30 09:39:30,74.36,13500,74.3,E
sz002409,雅克科技,2025-09-30 09:39:33,74.41,22100,74.36,U
sz002409,雅克科技,2025-09-30 09:39:36,74.49,8100,74.41,U
sz002409,雅克科技,2025-09-30 09:39:39,74.47,42400,74.49,D
sz002409,雅克科技,2025-09-30 09:39:45,74.47,12700,74.49,D
sz002409,雅克科技,2025-09-30 09:39:48,74.38,17600,74.47,D
sz002409,雅克科技,2025-09-30 09:39:51,74.41,5600,74.38,U
sz002409,雅克科技,2025-09-30 09:39:57,74.51,10400,74.46,U
sz002409,雅克科技,2025-09-30 09:40:00,74.56,13200,74.51,U
sz002409,雅克科技,2025-09-30 09:40:03,74.69,6500,74.56,U
sz002409,雅克科技,2025-09-30 09:40:06,74.62,2900,74.69,E
sz002409,雅克科技,2025-09-30 09:40:09,74.76,11200,74.62,U
sz002409,雅克科技,2025-09-30 09:40:12,74.77,9100,74.76,U
sz002409,雅克科技,2025-09-30 09:40:15,74.76,6400,74.77,E
sz002409,雅克科技,2025-09-30 09:40:18,74.69,12700,74.76,E
sz002409,雅克科技,2025-09-30 09:40:21,74.63,19700,74.69,E
sz002409,雅克科技,2025-09-30 09:40:24,74.58,9500,74.63,E
sz002409,雅克科技,2025-09-30 09:40:27,74.6,30200,74.58,U
sz002409,雅克科技,2025-09-30 09:40:30,74.6,9500,74.6,D
sz002409,雅克科技,2025-09-30 09:40:33,74.67,11000,74.6,E
sz002409,雅克科技,2025-09-30 09:40:36,74.76,35800,74.67,U
sz002409,雅克科技,2025-09-30 09:40:39,74.7,9100,74.76,U
sz002409,雅克科技,2025-09-30 09:40:42,74.6,4300,74.7,E
sz002409,雅克科技,2025-09-30 09:40:45,74.63,5300,74.6,U
sz002409,雅克科技,2025-09-30 09:40:54,74.64,2800,74.64,E
sz002409,雅克科技,2025-09-30 09:41:03,74.66,10400,74.76,D
sz002409,雅克科技,2025-09-30 09:41:06,74.7,3300,74.66,E
sz002409,雅克科技,2025-09-30 09:41:09,74.6,18052,74.7,D
sz002409,雅克科技,2025-09-30 09:41:12,74.74,5400,74.6,U
sz002409,雅克科技,2025-09-30 09:41:15,74.7,7000,74.74,D
sz002409,雅克科技,2025-09-30 09:41:18,74.78,10600,74.7,U
sz002409,雅克科技,2025-09-30 09:41:21,74.79,20700,74.78,U
sz002409,雅克科技,2025-09-30 09:41:24,74.79,17800,74.79,E
sz002409,雅克科技,2025-09-30 09:41:27,74.78,13900,74.79,E
sz002409,雅克科技,2025-09-30 09:41:30,74.72,3800,74.78,D
sz002409,雅克科技,2025-09-30 09:41:33,74.78,18200,74.72,U
sz002409,雅克科技,2025-09-30 09:41:36,74.74,3100,74.78,E
sz002409,雅克科技,2025-09-30 09:41:39,74.72,12200,74.74,D
sz002409,雅克科技,2025-09-30 09:41:42,74.71,3600,74.72,U
sz002409,雅克科技,2025-09-30 09:41:45,74.56,17900,74.71,D
sz002409,雅克科技,2025-09-30 09:41:48,74.6,7100,74.56,U
sz002409,雅克科技,2025-09-30 09:41:51,74.59,4000,74.6,E
sz002409,雅克科技,2025-09-30 09:41:54,74.56,5700,74.59,U
sz002409,雅克科技,2025-09-30 09:41:57,74.57,14800,74.56,E
sz002409,雅克科技,2025-09-30 09:42:00,74.59,9000,74.57,D
sz002409,雅克科技,2025-09-30 09:42:03,74.56,9900,74.59,D
sz002409,雅克科技,2025-09-30 09:42:06,74.57,4600,74.56,U
sz002409,雅克科技,2025-09-30 09:42:09,74.51,12500,74.57,D
sz002409,雅克科技,2025-09-30 09:42:12,74.56,53300,74.51,U
sz002409,雅克科技,2025-09-30 09:42:15,74.5,12000,74.56,D
sz002409,雅克科技,2025-09-30 09:42:18,74.55,15800,74.5,E
sz002409,雅克科技,2025-09-30 09:42:21,74.55,15100,74.55,U
sz002409,雅克科技,2025-09-30 09:42:27,74.6,43100,74.57,E
sz002409,雅克科技,2025-09-30 09:42:30,74.56,5500,74.6,U
sz002409,雅克科技,2025-09-30 09:42:36,74.66,5300,74.64,U
sz002409,雅克科技,2025-09-30 09:42:39,74.66,4300,74.66,U
sz002409,雅克科技,2025-09-30 09:42:45,74.72,10000,74.68,U
sz002409,雅克科技,2025-09-30 09:42:48,74.71,3100,74.72,E
sz002409,雅克科技,2025-09-30 09:42:51,74.71,3400,74.71,U
sz002409,雅克科技,2025-09-30 09:42:54,74.71,12900,74.71,E
sz002409,雅克科技,2025-09-30 09:42:57,74.7,26700,74.71,U
sz002409,雅克科技,2025-09-30 09:43:00,74.68,6100,74.7,E
sz002409,雅克科技,2025-09-30 09:43:03,74.52,7000,74.68,D
sz002409,雅克科技,2025-09-30 09:43:06,74.7,5500,74.52,U
sz002409,雅克科技,2025-09-30 09:43:09,74.77,5600,74.7,U
sz002409,雅克科技,2025-09-30 09:43:12,74.7,3700,74.77,D
sz002409,雅克科技,2025-09-30 09:43:15,74.68,5000,74.7,D
sz002409,雅克科技,2025-09-30 09:43:18,74.68,6900,74.68,U
sz002409,雅克科技,2025-09-30 09:43:21,74.69,3300,74.68,U
sz002409,雅克科技,2025-09-30 09:43:24,74.68,3500,74.69,E
sz002409,雅克科技,2025-09-30 09:43:27,74.61,3500,74.68,D
sz002409,雅克科技,2025-09-30 09:43:30,74.62,6900,74.61,U
sz002409,雅克科技,2025-09-30 09:43:33,74.62,4300,74.62,U
sz002409,雅克科技,2025-09-30 09:43:39,74.62,3600,74.67,D
sz002409,雅克科技,2025-09-30 09:43:42,74.52,12000,74.62,D
sz002409,雅克科技,2025-09-30 09:43:45,74.52,15100,74.52,D
sz002409,雅克科技,2025-09-30 09:43:48,74.52,4900,74.52,U
sz002409,雅克科技,2025-09-30 09:43:51,74.53,4200,74.52,E
sz002409,雅克科技,2025-09-30 09:43:54,74.59,4600,74.53,E
sz002409,雅克科技,2025-09-30 09:43:57,74.61,32500,74.59,U
sz002409,雅克科技,2025-09-30 09:44:00,74.54,43200,74.61,D
sz002409,雅克科技,2025-09-30 09:44:03,74.59,6500,74.54,D
sz002409,雅克科技,2025-09-30 09:44:06,74.59,6700,74.59,D
sz002409,雅克科技,2025-09-30 09:44:09,74.61,3800,74.59,U
sz002409,雅克科技,2025-09-30 09:44:18,74.76,7000,74.59,U
sz002409,雅克科技,2025-09-30 09:44:21,74.55,6800,74.76,D
sz002409,雅克科技,2025-09-30 09:44:24,74.5,17600,74.55,D
sz002409,雅克科技,2025-09-30 09:44:27,74.5,7700,74.5,D
sz002409,雅克科技,2025-09-30 09:44:30,74.5,3600,74.5,U
sz002409,雅克科技,2025-09-30 09:44:33,74.5,16400,74.5,U
sz002409,雅克科技,2025-09-30 09:44:39,74.5,10900,74.54,D
sz002409,雅克科技,2025-09-30 09:44:45,74.42,6000,74.46,D
sz002409,雅克科技,2025-09-30 09:44:48,74.4,6300,74.42,D
sz002409,雅克科技,2025-09-30 09:44:51,74.41,3900,74.4,E
sz002409,雅克科技,2025-09-30 09:44:54,74.41,7900,74.41,U
sz002409,雅克科技,2025-09-30 09:44:57,74.41,7100,74.41,D
sz002409,雅克科技,2025-09-30 09:45:00,74.41,6100,74.41,E
sz002409,雅克科技,2025-09-30 09:45:03,74.55,7000,74.41,U
sz002409,雅克科技,2025-09-30 09:45:06,74.41,13800,74.55,D
sz002409,雅克科技,2025-09-30 09:45:09,74.5,9400,74.41,E
sz002409,雅克科技,2025-09-30 09:45:12,74.57,15700,74.5,E
sz002409,雅克科技,2025-09-30 09:45:18,74.57,7400,74.67,D
sz002409,雅克科技,2025-09-30 09:45:21,74.79,8600,74.57,U
sz002409,雅克科技,2025-09-30 09:45:27,74.83,17700,74.75,U
sz002409,雅克科技,2025-09-30 09:45:33,74.87,5200,74.86,U
sz002409,雅克科技,2025-09-30 09:45:36,74.86,9000,74.87,D
sz002409,雅克科技,2025-09-30 09:45:39,74.89,4200,74.86,U
sz002409,雅克科技,2025-09-30 09:45:45,74.86,2800,74.87,E
sz002409,雅克科技,2025-09-30 09:45:48,74.86,9400,74.86,U
sz002409,雅克科技,2025-09-30 09:45:54,74.8,7600,74.86,D
sz002409,雅克科技,2025-09-30 09:45:57,74.8,5400,74.8,U
sz002409,雅克科技,2025-09-30 09:46:00,74.82,9900,74.8,U
sz002409,雅克科技,2025-09-30 09:46:03,74.82,11100,74.82,U
sz002409,雅克科技,2025-09-30 09:46:06,74.82,4700,74.82,D
sz002409,雅克科技,2025-09-30 09:46:09,74.82,4200,74.82,D
sz002409,雅克科技,2025-09-30 09:46:12,74.82,7800,74.82,U
sz002409,雅克科技,2025-09-30 09:46:15,74.8,6500,74.82,E
sz002409,雅克科技,2025-09-30 09:46:18,74.7,32900,74.8,D
sz002409,雅克科技,2025-09-30 09:46:24,74.77,22600,74.7,U
sz002409,雅克科技,2025-09-30 09:46:27,74.7,10900,74.77,E
sz002409,雅克科技,2025-09-30 09:46:30,74.56,8200,74.7,D
sz002409,雅克科技,2025-09-30 09:46:42,74.51,4000,74.51,U
sz002409,雅克科技,2025-09-30 09:46:45,74.48,7000,74.51,D
sz002409,雅克科技,2025-09-30 09:46:48,74.56,5300,74.48,U
sz002409,雅克科技,2025-09-30 09:46:51,74.54,2700,74.56,E
sz002409,雅克科技,2025-09-30 09:46:54,74.52,7600,74.54,D
sz002409,雅克科技,2025-09-30 09:47:00,74.63,3700,74.63,U
sz002409,雅克科技,2025-09-30 09:47:06,74.55,7700,74.63,D
sz002409,雅克科技,2025-09-30 09:47:09,74.54,10300,74.55,D
sz002409,雅克科技,2025-09-30 09:47:12,74.47,44600,74.54,D
sz002409,雅克科技,2025-09-30 09:47:15,74.29,29400,74.47,D
sz002409,雅克科技,2025-09-30 09:47:18,74.25,3600,74.29,D
sz002409,雅克科技,2025-09-30 09:47:24,74.23,4900,74.25,D
sz002409,雅克科技,2025-09-30 09:47:27,74.2,4300,74.23,D
sz002409,雅克科技,2025-09-30 09:47:30,74.2,8500,74.2,D
sz002409,雅克科技,2025-09-30 09:47:33,74.2,15300,74.2,U
sz002409,雅克科技,2025-09-30 09:47:36,74.27,34500,74.2,U
sz002409,雅克科技,2025-09-30 09:47:39,74.36,5200,74.27,U
sz002409,雅克科技,2025-09-30 09:47:45,74.37,12900,74.27,U
sz002409,雅克科技,2025-09-30 09:47:48,74.37,8000,74.37,D
sz002409,雅克科技,2025-09-30 09:47:51,74.52,6200,74.37,E
sz002409,雅克科技,2025-09-30 09:47:54,74.38,4100,74.52,D
sz002409,雅克科技,2025-09-30 09:48:00,74.38,5700,74.37,U
sz002409,雅克科技,2025-09-30 09:48:06,74.37,4200,74.51,D
sz002409,雅克科技,2025-09-30 09:48:09,74.36,8800,74.37,D
sz002409,雅克科技,2025-09-30 09:48:12,74.42,2900,74.36,E
sz002409,雅克科技,2025-09-30 09:48:18,74.4,6700,74.4,U
sz002409,雅克科技,2025-09-30 09:48:21,74.37,6500,74.4,D
sz002409,雅克科技,2025-09-30 09:48:24,74.3,5700,74.37,D
sz002409,雅克科技,2025-09-30 09:48:27,74.29,6400,74.3,D
sz002409,雅克科技,2025-09-30 09:48:30,74.29,6100,74.29,U
sz002409,雅克科技,2025-09-30 09:48:33,74.28,15600,74.29,D
sz002409,雅克科技,2025-09-30 09:48:36,74.28,12100,74.28,D
sz002409,雅克科技,2025-09-30 09:48:39,74.27,4400,74.28,D
sz002409,雅克科技,2025-09-30 09:48:42,74.27,3200,74.27,D
sz002409,雅克科技,2025-09-30 09:48:48,74.25,6500,74.25,U
sz002409,雅克科技,2025-09-30 09:48:51,74.16,16600,74.25,D
sz002409,雅克科技,2025-09-30 09:48:54,74.23,4600,74.16,E
sz002409,雅克科技,2025-09-30 09:49:00,74.2,10500,74.23,D
sz002409,雅克科技,2025-09-30 09:49:03,74.16,11800,74.2,D
sz002409,雅克科技,2025-09-30 09:49:06,74.2,4400,74.16,E
sz002409,雅克科技,2025-09-30 09:49:12,74.19,12100,74.2,E
sz002409,雅克科技,2025-09-30 09:49:18,74.15,6100,74.16,D
sz002409,雅克科技,2025-09-30 09:49:21,74.15,3500,74.15,D
sz002409,雅克科技,2025-09-30 09:49:24,74.17,11300,74.15,U
sz002409,雅克科技,2025-09-30 09:49:27,74.17,9800,74.17,D
sz002409,雅克科技,2025-09-30 09:49:33,74.18,5100,74.18,D
sz002409,雅克科技,2025-09-30 09:49:36,74.17,5800,74.18,D
sz002409,雅克科技,2025-09-30 09:49:39,74.16,12400,74.17,D
sz002409,雅克科技,2025-09-30 09:49:45,74.15,6900,74.16,D
sz002409,雅克科技,2025-09-30 09:49:48,74.11,7800,74.15,D
sz002409,雅克科技,2025-09-30 09:49:51,74.14,2700,74.11,U
sz002409,雅克科技,2025-09-30 09:49:54,74.1,3000,74.14,D
sz002409,雅克科技,2025-09-30 09:49:57,74.13,7900,74.1,U
sz002409,雅克科技,2025-09-30 09:50:00,74.11,4300,74.13,E
sz002409,雅克科技,2025-09-30 09:50:03,74.15,21600,74.11,U
sz002409,雅克科技,2025-09-30 09:50:06,74.15,14800,74.15,U
sz002409,雅克科技,2025-09-30 09:50:09,74.17,5300,74.15,U
sz002409,雅克科技,2025-09-30 09:50:12,74.2,12800,74.17,U
sz002409,雅克科技,2025-09-30 09:50:15,74.24,7400,74.2,U
sz002409,雅克科技,2025-09-30 09:50:24,74.35,6700,74.33,U
sz002409,雅克科技,2025-09-30 09:50:27,74.34,6700,74.35,D
sz002409,雅克科技,2025-09-30 09:50:30,74.4,2900,74.34,U
sz002409,雅克科技,2025-09-30 09:50:33,74.35,4500,74.4,D
sz002409,雅克科技,2025-09-30 09:50:39,74.4,3200,74.46,U
sz002409,雅克科技,2025-09-30 09:50:42,74.42,11000,74.4,U
sz002409,雅克科技,2025-09-30 09:50:48,74.37,8000,74.48,D
sz002409,雅克科技,2025-09-30 09:50:51,74.4,4800,74.37,D
sz002409,雅克科技,2025-09-30 09:50:57,74.5,3000,74.49,D
sz002409,雅克科技,2025-09-30 09:51:00,74.49,8500,74.5,D
sz002409,雅克科技,2025-09-30 09:51:03,74.49,14300,74.49,U
sz002409,雅克科技,2025-09-30 09:51:09,74.57,4000,74.5,U
sz002409,雅克科技,2025-09-30 09:51:12,74.64,11400,74.57,U
sz002409,雅克科技,2025-09-30 09:51:15,74.57,2900,74.64,E
sz002409,雅克科技,2025-09-30 09:51:18,74.48,12200,74.57,D
sz002409,雅克科技,2025-09-30 09:51:24,74.36,22400,74.48,D
sz002409,雅克科技,2025-09-30 09:51:27,74.35,17700,74.36,D
sz002409,雅克科技,2025-09-30 09:51:33,74.35,6400,74.34,E
sz002409,雅克科技,2025-09-30 09:51:39,74.35,8400,74.34,E
sz002409,雅克科技,2025-09-30 09:51:42,74.38,16200,74.35,U
sz002409,雅克科技,2025-09-30 09:51:48,74.34,3800,74.36,D
sz002409,雅克科技,2025-09-30 09:51:51,74.34,3800,74.34,D
sz002409,雅克科技,2025-09-30 09:51:54,74.35,6900,74.34,U
sz002409,雅克科技,2025-09-30 09:51:57,74.38,19000,74.35,U
sz002409,雅克科技,2025-09-30 09:52:00,74.36,4300,74.38,D
sz002409,雅克科技,2025-09-30 09:52:03,74.35,2800,74.36,D
sz002409,雅克科技,2025-09-30 09:52:12,74.44,9300,74.47,D
sz002409,雅克科技,2025-09-30 09:52:15,74.47,3400,74.44,U
sz002409,雅克科技,2025-09-30 09:52:24,74.47,4800,74.48,E
sz002409,雅克科技,2025-09-30 09:52:33,74.44,16400,74.44,D
sz002409,雅克科技,2025-09-30 09:52:39,74.4,42800,74.4,D
sz002409,雅克科技,2025-09-30 09:52:42,74.33,11700,74.4,D
sz002409,雅克科技,2025-09-30 09:52:45,74.31,2700,74.33,D
sz002409,雅克科技,2025-09-30 09:52:48,74.25,4700,74.31,D
sz002409,雅克科技,2025-09-30 09:52:51,74.18,3400,74.25,D
sz002409,雅克科技,2025-09-30 09:52:54,74.13,6900,74.18,D
sz002409,雅克科技,2025-09-30 09:53:00,74.11,3300,74.12,D
sz002409,雅克科技,2025-09-30 09:53:03,74.11,3700,74.11,U
sz002409,雅克科技,2025-09-30 09:53:06,74.08,25800,74.11,D
sz002409,雅克科技,2025-09-30 09:53:09,74.1,3800,74.08,U
sz002409,雅克科技,2025-09-30 09:53:15,74.02,23600,74.04,D
sz002409,雅克科技,2025-09-30 09:53:18,74.03,19200,74.02,U
sz002409,雅克科技,2025-09-30 09:53:21,74.04,5500,74.03,U
sz002409,雅克科技,2025-09-30 09:53:24,74.0,30800,74.04,D
sz002409,雅克科技,2025-09-30 09:53:27,74.04,11400,74.0,U
sz002409,雅克科技,2025-09-30 09:53:30,74.05,4400,74.04,U
sz002409,雅克科技,2025-09-30 09:53:33,74.05,8700,74.05,D
sz002409,雅克科技,2025-09-30 09:53:39,74.06,6400,74.08,D
sz002409,雅克科技,2025-09-30 09:53:42,74.0,42500,74.06,D
sz002409,雅克科技,2025-09-30 09:53:45,73.99,9000,74.0,E
sz002409,雅克科技,2025-09-30 09:53:54,74.04,5500,74.0,E
sz002409,雅克科技,2025-09-30 09:53:57,74.01,2800,74.04,D
sz002409,雅克科技,2025-09-30 09:54:00,74.01,4800,74.01,D
sz002409,雅克科技,2025-09-30 09:54:03,73.98,23600,74.01,D
sz002409,雅克科技,2025-09-30 09:54:06,73.93,15500,73.98,D
sz002409,雅克科技,2025-09-30 09:54:09,73.94,3400,73.93,E
sz002409,雅克科技,2025-09-30 09:54:12,73.93,9400,73.94,D
sz002409,雅克科技,2025-09-30 09:54:15,73.93,3100,73.93,U
sz002409,雅克科技,2025-09-30 09:54:18,73.93,6400,73.93,D
sz002409,雅克科技,2025-09-30 09:54:21,73.93,3900,73.93,U
sz002409,雅克科技,2025-09-30 09:54:24,73.85,6800,73.93,D
sz002409,雅克科技,2025-09-30 09:54:27,73.93,7600,73.85,U
sz002409,雅克科技,2025-09-30 09:54:30,73.89,3500,73.93,D
sz002409,雅克科技,2025-09-30 09:54:36,73.91,3700,73.89,E
sz002409,雅克科技,2025-09-30 09:54:45,73.91,7400,73.91,D
sz002409,雅克科技,2025-09-30 09:54:48,73.91,2900,73.91,D
sz002409,雅克科技,2025-09-30 09:54:51,73.91,6300,73.91,D
sz002409,雅克科技,2025-09-30 09:54:54,73.9,10300,73.91,D
sz002409,雅克科技,2025-09-30 09:55:00,73.79,21000,73.91,D
sz002409,雅克科技,2025-09-30 09:55:03,73.81,9700,73.79,D
sz002409,雅克科技,2025-09-30 09:55:06,73.84,4300,73.81,E
sz002409,雅克科技,2025-09-30 09:55:09,73.86,23700,73.84,U
sz002409,雅克科技,2025-09-30 09:55:12,73.81,4100,73.86,D
sz002409,雅克科技,2025-09-30 09:55:18,73.82,5200,73.81,U
sz002409,雅克科技,2025-09-30 09:55:21,73.86,46600,73.82,U
sz002409,雅克科技,2025-09-30 09:55:24,73.91,4600,73.86,U
sz002409,雅克科技,2025-09-30 09:55:33,73.91,7200,73.91,U
sz002409,雅克科技,2025-09-30 09:55:39,73.93,4100,73.91,U
sz002409,雅克科技,2025-09-30 09:55:42,73.93,3000,73.93,D
sz002409,雅克科技,2025-09-30 09:55:45,73.94,3500,73.93,U
sz002409,雅克科技,2025-09-30 09:56:00,73.97,3900,73.96,U
sz002409,雅克科技,2025-09-30 09:56:06,73.99,7800,73.97,U
sz002409,雅克科技,2025-09-30 09:56:12,74.06,10700,74.04,U
sz002409,雅克科技,2025-09-30 09:56:15,74.08,26700,74.06,U
sz002409,雅克科技,2025-09-30 09:56:18,74.08,5400,74.08,D
sz002409,雅克科技,2025-09-30 09:56:24,73.98,5100,74.06,D
sz002409,雅克科技,2025-09-30 09:56:27,73.93,13200,73.98,D
sz002409,雅克科技,2025-09-30 09:56:33,73.86,21500,73.98,D
sz002409,雅克科技,2025-09-30 09:56:42,73.79,7800,73.86,D
sz002409,雅克科技,2025-09-30 09:56:45,73.77,7300,73.79,D
sz002409,雅克科技,2025-09-30 09:56:48,73.77,4000,73.77,U
sz002409,雅克科技,2025-09-30 09:56:51,73.77,4400,73.77,U
sz002409,雅克科技,2025-09-30 09:56:54,73.77,3500,73.77,E
sz002409,雅克科技,2025-09-30 09:56:57,73.77,2800,73.77,E
sz002409,雅克科技,2025-09-30 09:57:00,73.77,3800,73.77,D
sz002409,雅克科技,2025-09-30 09:57:03,73.77,3300,73.77,E
sz002409,雅克科技,2025-09-30 09:57:09,73.79,3800,73.76,U
sz002409,雅克科技,2025-09-30 09:57:21,73.78,5500,73.8,D
sz002409,雅克科技,2025-09-30 09:57:24,73.77,6500,73.78,D
sz002409,雅克科技,2025-09-30 09:57:27,73.73,12200,73.77,D
sz002409,雅克科技,2025-09-30 09:57:30,73.79,9500,73.73,U
sz002409,雅克科技,2025-09-30 09:57:33,73.79,23000,73.79,D
sz002409,雅克科技,2025-09-30 09:57:45,73.82,11500,73.79,U
sz002409,雅克科技,2025-09-30 09:57:48,73.8,13000,73.82,D
sz002409,雅克科技,2025-09-30 09:57:51,73.77,13800,73.8,D
sz002409,雅克科技,2025-09-30 09:57:54,73.8,3800,73.77,U
sz002409,雅克科技,2025-09-30 09:57:57,73.82,65300,73.8,U
sz002409,雅克科技,2025-09-30 09:58:09,73.89,3900,73.89,U
sz002409,雅克科技,2025-09-30 09:58:39,73.8,14500,73.86,D
sz002409,雅克科技,2025-09-30 09:58:42,73.8,3900,73.8,U
sz002409,雅克科技,2025-09-30 09:58:45,73.77,2800,73.8,D
sz002409,雅克科技,2025-09-30 09:58:48,73.77,3400,73.77,D
sz002409,雅克科技,2025-09-30 09:58:51,73.78,5800,73.77,U
sz002409,雅克科技,2025-09-30 09:58:54,73.76,24400,73.78,D
sz002409,雅克科技,2025-09-30 09:58:57,73.78,7700,73.76,U
sz002409,雅克科技,2025-09-30 09:59:06,73.8,38500,73.77,U
sz002409,雅克科技,2025-09-30 09:59:15,73.88,6200,73.9,E
sz002409,雅克科技,2025-09-30 09:59:18,73.88,3100,73.88,D
sz002409,雅克科技,2025-09-30 09:59:21,73.9,7400,73.88,U
sz002409,雅克科技,2025-09-30 09:59:24,74.0,6900,73.9,U
sz002409,雅克科技,2025-09-30 09:59:27,74.07,9700,74.0,U
sz002409,雅克科技,2025-09-30 09:59:33,74.07,5200,74.05,U
sz002409,雅克科技,2025-09-30 09:59:39,74.07,5800,74.08,D
sz002409,雅克科技,2025-09-30 09:59:42,74.05,19400,74.07,D
sz002409,雅克科技,2025-09-30 09:59:45,74.03,10500,74.05,D
sz002409,雅克科技,2025-09-30 09:59:51,74.04,4300,74.03,U
sz002409,雅克科技,2025-09-30 09:59:54,74.03,11900,74.04,U
sz002409,雅克科技,2025-09-30 09:59:57,74.03,3100,74.03,D
sz002409,雅克科技,2025-09-30 10:00:00,74.03,3300,74.03,E
sz002409,雅克科技,2025-09-30 10:00:03,74.04,12800,74.03,E
sz002409,雅克科技,2025-09-30 10:00:12,74.13,31300,74.04,U
sz002409,雅克科技,2025-09-30 10:00:15,74.01,25839,74.13,D
sz002409,雅克科技,2025-09-30 10:00:21,74.16,6876,74.04,U
sz002409,雅克科技,2025-09-30 10:00:33,74.16,7800,74.14,U
sz002409,雅克科技,2025-09-30 10:00:42,74.14,4900,74.16,D
sz002409,雅克科技,2025-09-30 10:00:45,74.15,7500,74.14,U
sz002409,雅克科技,2025-09-30 10:00:51,74.1,9000,74.14,D
sz002409,雅克科技,2025-09-30 10:01:00,74.02,26100,74.06,D
sz002409,雅克科技,2025-09-30 10:01:03,73.99,23474,74.02,D
sz002409,雅克科技,2025-09-30 10:01:09,74.0,6200,73.95,U
sz002409,雅克科技,2025-09-30 10:01:12,73.95,5600,74.0,D
sz002409,雅克科技,2025-09-30 10:01:24,73.86,6300,73.88,D
sz002409,雅克科技,2025-09-30 10:01:27,73.8,2900,73.86,D
sz002409,雅克科技,2025-09-30 10:01:30,73.77,10800,73.8,D
sz002409,雅克科技,2025-09-30 10:01:33,73.72,9400,73.77,D
sz002409,雅克科技,2025-09-30 10:01:36,73.7,10000,73.72,D
sz002409,雅克科技,2025-09-30 10:01:39,73.65,6800,73.7,D
sz002409,雅克科技,2025-09-30 10:01:42,73.68,11400,73.65,U
sz002409,雅克科技,2025-09-30 10:01:45,73.67,2800,73.68,D
sz002409,雅克科技,2025-09-30 10:01:48,73.62,8400,73.67,D
sz002409,雅克科技,2025-09-30 10:01:51,73.62,4900,73.62,U
sz002409,雅克科技,2025-09-30 10:01:54,73.59,3200,73.62,D
sz002409,雅克科技,2025-09-30 10:01:57,73.59,5500,73.59,D
sz002409,雅克科技,2025-09-30 10:02:00,73.61,73500,73.59,U
sz002409,雅克科技,2025-09-30 10:02:03,73.64,6200,73.61,E
sz002409,雅克科技,2025-09-30 10:02:06,73.68,8500,73.64,U
sz002409,雅克科技,2025-09-30 10:02:09,73.67,12800,73.68,E
sz002409,雅克科技,2025-09-30 10:02:12,73.76,13200,73.67,U
sz002409,雅克科技,2025-09-30 10:02:15,73.71,4700,73.76,D
sz002409,雅克科技,2025-09-30 10:02:18,73.74,3700,73.71,U
sz002409,雅克科技,2025-09-30 10:02:24,73.74,8100,73.75,D
sz002409,雅克科技,2025-09-30 10:02:27,73.74,14400,73.74,D
sz002409,雅克科技,2025-09-30 10:02:36,73.77,9500,73.77,E
sz002409,雅克科技,2025-09-30 10:02:48,73.81,10000,73.77,U
sz002409,雅克科技,2025-09-30 10:03:03,73.91,9500,73.88,U
sz002409,雅克科技,2025-09-30 10:03:12,73.93,3800,73.94,D
sz002409,雅克科技,2025-09-30 10:03:18,73.83,13900,73.94,D
sz002409,雅克科技,2025-09-30 10:03:21,73.82,3000,73.83,D
sz002409,雅克科技,2025-09-30 10:03:24,73.79,5200,73.82,D
sz002409,雅克科技,2025-09-30 10:03:27,73.77,4000,73.79,D
sz002409,雅克科技,2025-09-30 10:03:30,73.81,25200,73.77,U
sz002409,雅克科技,2025-09-30 10:03:33,73.82,3400,73.81,E
sz002409,雅克科技,2025-09-30 10:03:36,73.94,22800,73.82,U
sz002409,雅克科技,2025-09-30 10:03:48,73.98,15300,73.98,D
sz002409,雅克科技,2025-09-30 10:03:51,74.0,7011,73.98,U
sz002409,雅克科技,2025-09-30 10:04:03,73.94,7489,73.98,D
sz002409,雅克科技,2025-09-30 10:04:06,74.0,15500,73.94,U
sz002409,雅克科技,2025-09-30 10:04:12,73.99,15500,74.0,E
sz002409,雅克科技,2025-09-30 10:04:18,73.98,13100,73.99,U
sz002409,雅克科技,2025-09-30 10:04:21,73.99,2800,73.98,E
sz002409,雅克科技,2025-09-30 10:04:24,74.08,6537,73.99,U
sz002409,雅克科技,2025-09-30 10:04:30,74.02,4200,74.09,D
sz002409,雅克科技,2025-09-30 10:04:39,74.11,3300,74.11,U
sz002409,雅克科技,2025-09-30 10:04:42,74.11,4200,74.11,U
sz002409,雅克科技,2025-09-30 10:04:45,74.11,5300,74.11,D
sz002409,雅克科技,2025-09-30 10:04:48,74.14,2700,74.11,U
sz002409,雅克科技,2025-09-30 10:04:57,74.15,4300,74.14,U
sz002409,雅克科技,2025-09-30 10:05:00,74.15,2700,74.15,U
sz002409,雅克科技,2025-09-30 10:05:09,74.19,3300,74.15,U
sz002409,雅克科技,2025-09-30 10:05:15,74.25,52600,74.19,U
sz002409,雅克科技,2025-09-30 10:05:24,74.35,3500,74.32,U
sz002409,雅克科技,2025-09-30 10:05:33,74.4,17000,74.38,U
sz002409,雅克科技,2025-09-30 10:05:39,74.44,13900,74.4,U
sz002409,雅克科技,2025-09-30 10:05:42,74.41,3100,74.44,E
sz002409,雅克科技,2025-09-30 10:05:45,74.41,3100,74.41,D
sz002409,雅克科技,2025-09-30 10:05:48,74.42,3500,74.41,D
sz002409,雅克科技,2025-09-30 10:05:51,74.44,4200,74.42,E
sz002409,雅克科技,2025-09-30 10:05:54,74.46,3800,74.44,E
sz002409,雅克科技,2025-09-30 10:05:57,74.49,7100,74.46,U
sz002409,雅克科技,2025-09-30 10:06:00,74.5,4700,74.49,U
sz002409,雅克科技,2025-09-30 10:06:03,74.51,8500,74.5,U
sz002409,雅克科技,2025-09-30 10:06:06,74.51,2800,74.51,E
sz002409,雅克科技,2025-09-30 10:06:12,74.51,2700,74.52,D
sz002409,雅克科技,2025-09-30 10:06:15,74.5,12000,74.51,D
sz002409,雅克科技,2025-09-30 10:06:21,74.51,5500,74.5,E
sz002409,雅克科技,2025-09-30 10:06:24,74.52,8000,74.51,U
sz002409,雅克科技,2025-09-30 10:06:27,74.5,10600,74.52,E
sz002409,雅克科技,2025-09-30 10:06:30,74.6,35200,74.5,U
sz002409,雅克科技,2025-09-30 10:06:33,74.56,7800,74.6,D
sz002409,雅克科技,2025-09-30 10:06:39,74.67,5400,74.66,U
sz002409,雅克科技,2025-09-30 10:06:42,74.66,5100,74.67,D
sz002409,雅克科技,2025-09-30 10:06:45,74.7,21500,74.66,U
sz002409,雅克科技,2025-09-30 10:06:48,74.8,6200,74.7,U
sz002409,雅克科技,2025-09-30 10:06:51,74.68,4300,74.8,D
sz002409,雅克科技,2025-09-30 10:06:54,74.67,5500,74.68,D
sz002409,雅克科技,2025-09-30 10:07:00,74.68,5100,74.7,E
sz002409,雅克科技,2025-09-30 10:07:03,74.71,7100,74.68,U
sz002409,雅克科技,2025-09-30 10:07:06,74.75,6800,74.71,E
sz002409,雅克科技,2025-09-30 10:07:09,74.68,6000,74.75,D
sz002409,雅克科技,2025-09-30 10:07:12,74.76,11700,74.68,U
sz002409,雅克科技,2025-09-30 10:07:15,74.72,3500,74.76,E
sz002409,雅克科技,2025-09-30 10:07:18,74.8,8100,74.72,U
sz002409,雅克科技,2025-09-30 10:07:21,74.76,3800,74.8,D
sz002409,雅克科技,2025-09-30 10:07:24,74.8,3000,74.76,U
sz002409,雅克科技,2025-09-30 10:07:27,74.8,9100,74.8,U
sz002409,雅克科技,2025-09-30 10:07:30,74.79,11700,74.8,D
sz002409,雅克科技,2025-09-30 10:07:36,74.76,3800,74.76,U
sz002409,雅克科技,2025-09-30 10:07:39,74.76,5800,74.76,U
sz002409,雅克科技,2025-09-30 10:07:45,74.69,27100,74.73,D
sz002409,雅克科技,2025-09-30 10:07:48,74.68,4400,74.69,D
sz002409,雅克科技,2025-09-30 10:07:51,74.68,11500,74.68,U
sz002409,雅克科技,2025-09-30 10:07:54,74.64,11800,74.68,D
sz002409,雅克科技,2025-09-30 10:07:57,74.63,5500,74.64,E
sz002409,雅克科技,2025-09-30 10:08:00,74.53,3800,74.63,D
sz002409,雅克科技,2025-09-30 10:08:15,74.31,5400,74.39,D
sz002409,雅克科技,2025-09-30 10:08:18,74.31,3000,74.31,U
sz002409,雅克科技,2025-09-30 10:08:21,74.3,2900,74.31,U
sz002409,雅克科技,2025-09-30 10:08:24,74.26,5200,74.3,D
sz002409,雅克科技,2025-09-30 10:08:27,74.26,9300,74.26,U
sz002409,雅克科技,2025-09-30 10:08:33,74.2,3300,74.22,D
sz002409,雅克科技,2025-09-30 10:08:36,74.17,3700,74.2,D
sz002409,雅克科技,2025-09-30 10:08:48,74.2,4700,74.2,U
sz002409,雅克科技,2025-09-30 10:08:54,74.22,10900,74.2,U
sz002409,雅克科技,2025-09-30 10:08:57,74.22,3700,74.22,U
sz002409,雅克科技,2025-09-30 10:09:00,74.21,13100,74.22,D
sz002409,雅克科技,2025-09-30 10:09:03,74.23,4100,74.21,E
sz002409,雅克科技,2025-09-30 10:09:12,74.21,23200,74.22,D
sz002409,雅克科技,2025-09-30 10:09:15,74.21,10800,74.21,U
sz002409,雅克科技,2025-09-30 10:09:21,74.14,5900,74.12,D
sz002409,雅克科技,2025-09-30 10:09:24,74.12,5800,74.14,E
sz002409,雅克科技,2025-09-30 10:09:27,74.16,11400,74.12,U
sz002409,雅克科技,2025-09-30 10:09:30,74.15,10200,74.16,U
sz002409,雅克科技,2025-09-30 10:09:33,74.16,14800,74.15,U
sz002409,雅克科技,2025-09-30 10:09:36,74.16,4700,74.16,U
sz002409,雅克科技,2025-09-30 10:09:42,74.17,5800,74.14,U
sz002409,雅克科技,2025-09-30 10:09:51,74.11,4900,74.1,U
sz002409,雅克科技,2025-09-30 10:10:00,74.15,3700,74.12,U
sz002409,雅克科技,2025-09-30 10:10:03,74.14,3000,74.15,D
sz002409,雅克科技,2025-09-30 10:10:06,74.22,3500,74.14,U
sz002409,雅克科技,2025-09-30 10:10:27,74.35,8800,74.31,U
sz002409,雅克科技,2025-09-30 10:10:36,74.38,12100,74.36,U
sz002409,雅克科技,2025-09-30 10:10:39,74.37,4200,74.38,D
sz002409,雅克科技,2025-09-30 10:10:45,74.33,4500,74.36,D
sz002409,雅克科技,2025-09-30 10:10:48,74.29,3200,74.33,D
sz002409,雅克科技,2025-09-30 10:10:51,74.26,4800,74.29,D
sz002409,雅克科技,2025-09-30 10:10:54,74.28,10000,74.26,E
sz002409,雅克科技,2025-09-30 10:11:06,74.25,3200,74.24,U
sz002409,雅克科技,2025-09-30 10:11:09,74.26,7600,74.25,U
sz002409,雅克科技,2025-09-30 10:11:51,74.36,3300,74.35,U
sz002409,雅克科技,2025-09-30 10:11:57,74.38,6600,74.37,U
sz002409,雅克科技,2025-09-30 10:12:00,74.4,3100,74.38,U
sz002409,雅克科技,2025-09-30 10:12:03,74.65,14100,74.4,U
sz002409,雅克科技,2025-09-30 10:12:09,74.67,2700,74.67,E
sz002409,雅克科技,2025-09-30 10:12:15,74.74,4000,74.68,U
sz002409,雅克科技,2025-09-30 10:12:18,74.7,4300,74.74,D
sz002409,雅克科技,2025-09-30 10:12:21,74.69,3400,74.7,D
sz002409,雅克科技,2025-09-30 10:12:24,74.69,6300,74.69,D
sz002409,雅克科技,2025-09-30 10:12:27,74.72,7900,74.69,U
sz002409,雅克科技,2025-09-30 10:12:30,74.7,7700,74.72,E
sz002409,雅克科技,2025-09-30 10:12:36,74.73,7000,74.69,U
sz002409,雅克科技,2025-09-30 10:12:39,74.74,5300,74.73,U
sz002409,雅克科技,2025-09-30 10:12:45,74.84,36700,74.75,U
sz002409,雅克科技,2025-09-30 10:12:48,74.93,12800,74.84,U
sz002409,雅克科技,2025-09-30 10:12:57,74.9,4600,74.94,E
sz002409,雅克科技,2025-09-30 10:13:00,74.85,11600,74.9,D
sz002409,雅克科技,2025-09-30 10:13:03,74.9,16000,74.85,U
sz002409,雅克科技,2025-09-30 10:13:06,74.9,3400,74.9,U
sz002409,雅克科技,2025-09-30 10:13:09,74.94,8500,74.9,U
sz002409,雅克科技,2025-09-30 10:13:12,74.93,58500,74.94,E
sz002409,雅克科技,2025-09-30 10:13:15,74.95,3800,74.93,E
sz002409,雅克科技,2025-09-30 10:13:18,74.95,24800,74.95,D
sz002409,雅克科技,2025-09-30 10:13:21,74.9,3300,74.95,D
sz002409,雅克科技,2025-09-30 10:13:24,74.94,11472,74.9,U
sz002409,雅克科技,2025-09-30 10:13:27,75.08,135206,74.94,U
sz002409,雅克科技,2025-09-30 10:13:30,75.14,12600,75.08,E
sz002409,雅克科技,2025-09-30 10:13:33,75.17,84300,75.14,U
sz002409,雅克科技,2025-09-30 10:13:36,75.23,3700,75.17,U
sz002409,雅克科技,2025-09-30 10:13:39,75.26,6700,75.23,U
sz002409,雅克科技,2025-09-30 10:13:42,75.29,32500,75.26,U
sz002409,雅克科技,2025-09-30 10:13:45,75.32,22200,75.29,U
sz002409,雅克科技,2025-09-30 10:13:48,75.32,8900,75.32,U
sz002409,雅克科技,2025-09-30 10:13:51,75.35,36900,75.32,U
sz002409,雅克科技,2025-09-30 10:13:54,75.35,6700,75.35,U
sz002409,雅克科技,2025-09-30 10:13:57,75.36,11400,75.35,U
sz002409,雅克科技,2025-09-30 10:14:00,75.35,3600,75.36,D
sz002409,雅克科技,2025-09-30 10:14:03,75.36,13400,75.35,U
sz002409,雅克科技,2025-09-30 10:14:06,75.35,13500,75.36,D
sz002409,雅克科技,2025-09-30 10:14:09,75.35,35700,75.35,E
sz002409,雅克科技,2025-09-30 10:14:12,75.36,18400,75.35,E
sz002409,雅克科技,2025-09-30 10:14:15,75.33,23900,75.36,D
sz002409,雅克科技,2025-09-30 10:14:18,75.2,7700,75.33,D
sz002409,雅克科技,2025-09-30 10:14:21,75.12,3400,75.2,D
sz002409,雅克科技,2025-09-30 10:14:24,75.09,17100,75.12,D
sz002409,雅克科技,2025-09-30 10:14:27,75.05,3100,75.09,D
sz002409,雅克科技,2025-09-30 10:14:36,75.04,3100,75.04,U
sz002409,雅克科技,2025-09-30 10:14:39,75.01,10200,75.04,E
sz002409,雅克科技,2025-09-30 10:14:42,74.94,14800,75.01,D
sz002409,雅克科技,2025-09-30 10:14:48,74.94,3300,75.02,U
sz002409,雅克科技,2025-09-30 10:14:57,74.9,10700,74.92,D
sz002409,雅克科技,2025-09-30 10:15:03,74.89,5500,74.9,D
sz002409,雅克科技,2025-09-30 10:15:06,74.9,3600,74.89,U
sz002409,雅克科技,2025-09-30 10:15:12,74.92,7500,74.92,D
sz002409,雅克科技,2025-09-30 10:15:15,74.85,7200,74.92,D
sz002409,雅克科技,2025-09-30 10:15:21,74.79,12500,74.89,D
sz002409,雅克科技,2025-09-30 10:15:24,74.84,26100,74.79,U
sz002409,雅克科技,2025-09-30 10:15:27,74.67,17600,74.84,D
sz002409,雅克科技,2025-09-30 10:15:33,74.72,7400,74.73,E
sz002409,雅克科技,2025-09-30 10:15:36,74.66,3000,74.72,D
sz002409,雅克科技,2025-09-30 10:15:39,74.66,3400,74.66,U
sz002409,雅克科技,2025-09-30 10:15:48,74.74,6400,74.67,U
sz002409,雅克科技,2025-09-30 10:15:51,74.65,6100,74.74,D
sz002409,雅克科技,2025-09-30 10:15:54,74.66,3800,74.65,U
sz002409,雅克科技,2025-09-30 10:15:57,74.61,5500,74.66,D
sz002409,雅克科技,2025-09-30 10:16:00,74.64,9000,74.61,E
sz002409,雅克科技,2025-09-30 10:16:03,74.54,14900,74.64,D
sz002409,雅克科技,2025-09-30 10:16:06,74.67,3600,74.54,U
sz002409,雅克科技,2025-09-30 10:16:12,74.6,6500,74.6,D
sz002409,雅克科技,2025-09-30 10:16:15,74.54,6300,74.6,D
sz002409,雅克科技,2025-09-30 10:16:18,74.5,27400,74.54,D
sz002409,雅克科技,2025-09-30 10:16:21,74.49,6900,74.5,E
sz002409,雅克科技,2025-09-30 10:16:24,74.49,5800,74.49,U
sz002409,雅克科技,2025-09-30 10:16:36,74.43,16300,74.47,D
sz002409,雅克科技,2025-09-30 10:16:39,74.42,3800,74.43,D
sz002409,雅克科技,2025-09-30 10:16:42,74.47,3100,74.42,U
sz002409,雅克科技,2025-09-30 10:16:45,74.48,5400,74.47,U
sz002409,雅克科技,2025-09-30 10:16:48,74.36,15800,74.48,D
sz002409,雅克科技,2025-09-30 10:16:51,74.36,9500,74.36,D
sz002409,雅克科技,2025-09-30 10:16:54,74.36,6200,74.36,E
sz002409,雅克科技,2025-09-30 10:16:57,74.32,28900,74.36,D
sz002409,雅克科技,2025-09-30 10:17:00,74.37,3700,74.32,U
sz002409,雅克科技,2025-09-30 10:17:09,74.4,3600,74.38,E
sz002409,雅克科技,2025-09-30 10:17:12,74.43,2800,74.4,U
sz002409,雅克科技,2025-09-30 10:17:15,74.4,9600,74.43,E
sz002409,雅克科技,2025-09-30 10:17:18,74.4,4800,74.4,U
sz002409,雅克科技,2025-09-30 10:17:24,74.42,4500,74.42,U
sz002409,雅克科技,2025-09-30 10:17:30,74.45,7000,74.4,U
sz002409,雅克科技,2025-09-30 10:17:39,74.42,12200,74.47,D
sz002409,雅克科技,2025-09-30 10:17:42,74.42,4200,74.42,U
sz002409,雅克科技,2025-09-30 10:17:45,74.38,4500,74.42,D
sz002409,雅克科技,2025-09-30 10:17:48,74.43,10300,74.38,E
sz002409,雅克科技,2025-09-30 10:17:51,74.38,3700,74.43,D
sz002409,雅克科技,2025-09-30 10:18:00,74.44,6800,74.44,D
sz002409,雅克科技,2025-09-30 10:18:03,74.47,9200,74.44,U
sz002409,雅克科技,2025-09-30 10:18:09,74.48,3700,74.41,U
sz002409,雅克科技,2025-09-30 10:18:15,74.41,7500,74.47,D
sz002409,雅克科技,2025-09-30 10:18:18,74.38,26700,74.41,D
sz002409,雅克科技,2025-09-30 10:18:21,74.37,5100,74.38,D
sz002409,雅克科技,2025-09-30 10:18:24,74.39,5100,74.37,U
sz002409,雅克科技,2025-09-30 10:18:33,74.36,3100,74.37,E
sz002409,雅克科技,2025-09-30 10:18:48,74.45,5900,74.41,U
sz002409,雅克科技,2025-09-30 10:19:03,74.41,3700,74.47,D
sz002409,雅克科技,2025-09-30 10:19:06,74.52,20600,74.41,U
sz002409,雅克科技,2025-09-30 10:19:12,74.58,3500,74.56,U
sz002409,雅克科技,2025-09-30 10:19:27,74.66,5200,74.66,U
sz002409,雅克科技,2025-09-30 10:19:33,74.68,4600,74.66,U
sz002409,雅克科技,2025-09-30 10:19:36,74.92,5700,74.68,U
sz002409,雅克科技,2025-09-30 10:20:00,74.78,6500,74.8,D
sz002409,雅克科技,2025-09-30 10:20:03,74.75,3800,74.78,D
sz002409,雅克科技,2025-09-30 10:20:09,74.72,4600,74.77,E
sz002409,雅克科技,2025-09-30 10:20:21,74.72,12300,74.73,E
sz002409,雅克科技,2025-09-30 10:20:24,74.77,5300,74.72,U
sz002409,雅克科技,2025-09-30 10:20:27,74.77,5900,74.77,U
sz002409,雅克科技,2025-09-30 10:20:36,74.85,3800,74.85,E
sz002409,雅克科技,2025-09-30 10:20:39,74.86,3900,74.85,U
sz002409,雅克科技,2025-09-30 10:20:42,74.85,10800,74.86,D
sz002409,雅克科技,2025-09-30 10:20:48,74.84,4500,74.85,U
sz002409,雅克科技,2025-09-30 10:20:54,74.82,20800,74.83,E
sz002409,雅克科技,2025-09-30 10:20:57,74.81,2700,74.82,E
sz002409,雅克科技,2025-09-30 10:21:00,74.74,3200,74.81,E
sz002409,雅克科技,2025-09-30 10:21:12,74.87,3900,74.85,U
sz002409,雅克科技,2025-09-30 10:21:18,74.92,14800,74.86,U
sz002409,雅克科技,2025-09-30 10:21:24,74.95,3500,74.88,U
sz002409,雅克科技,2025-09-30 10:21:39,74.96,5600,74.96,E
sz002409,雅克科技,2025-09-30 10:21:42,75.0,29300,74.96,U
sz002409,雅克科技,2025-09-30 10:21:45,75.02,9400,75.0,U
sz002409,雅克科技,2025-09-30 10:21:48,75.0,3400,75.02,D
sz002409,雅克科技,2025-09-30 10:21:51,75.04,5400,75.0,U
sz002409,雅克科技,2025-09-30 10:21:54,75.07,4800,75.04,U
sz002409,雅克科技,2025-09-30 10:21:57,75.13,15300,75.07,U
sz002409,雅克科技,2025-09-30 10:22:00,75.18,5200,75.13,U
sz002409,雅克科技,2025-09-30 10:22:03,75.13,6500,75.18,D
sz002409,雅克科技,2025-09-30 10:22:06,75.2,7100,75.13,U
sz002409,雅克科技,2025-09-30 10:22:09,75.09,215000,75.2,D
sz002409,雅克科技,2025-09-30 10:22:12,75.09,17400,75.09,U
sz002409,雅克科技,2025-09-30 10:22:15,75.09,3400,75.09,E
sz002409,雅克科技,2025-09-30 10:22:18,75.0,3000,75.09,E
sz002409,雅克科技,2025-09-30 10:22:24,74.93,5200,75.02,D
sz002409,雅克科技,2025-09-30 10:22:30,74.9,7100,74.91,D
sz002409,雅克科技,2025-09-30 10:22:33,74.9,5300,74.9,D
sz002409,雅克科技,2025-09-30 10:22:36,74.81,7200,74.9,D
sz002409,雅克科技,2025-09-30 10:22:39,74.83,4000,74.81,U
sz002409,雅克科技,2025-09-30 10:22:45,74.85,4200,74.82,U
sz002409,雅克科技,2025-09-30 10:22:48,74.73,5200,74.85,D
sz002409,雅克科技,2025-09-30 10:22:51,74.8,3800,74.73,U
sz002409,雅克科技,2025-09-30 10:23:03,74.8,5800,74.8,U
sz002409,雅克科技,2025-09-30 10:23:06,74.83,5300,74.8,U
sz002409,雅克科技,2025-09-30 10:23:09,74.93,5900,74.83,U
sz002409,雅克科技,2025-09-30 10:23:12,75.11,27800,74.93,U
sz002409,雅克科技,2025-09-30 10:23:15,75.15,3200,75.11,U
sz002409,雅克科技,2025-09-30 10:23:18,75.18,3400,75.15,U
sz002409,雅克科技,2025-09-30 10:23:21,75.2,8900,75.18,U
sz002409,雅克科技,2025-09-30 10:23:24,75.2,3400,75.2,U
sz002409,雅克科技,2025-09-30 10:23:27,75.2,9700,75.2,D
sz002409,雅克科技,2025-09-30 10:23:30,75.14,6500,75.2,D
sz002409,雅克科技,2025-09-30 10:23:33,75.18,12300,75.14,U
sz002409,雅克科技,2025-09-30 10:23:36,75.11,2700,75.18,D
sz002409,雅克科技,2025-09-30 10:23:39,75.14,11300,75.11,U
sz002409,雅克科技,2025-09-30 10:23:42,75.06,2700,75.14,D
sz002409,雅克科技,2025-09-30 10:23:45,75.11,8400,75.06,U
sz002409,雅克科技,2025-09-30 10:23:48,75.06,6000,75.11,D
sz002409,雅克科技,2025-09-30 10:23:51,75.0,12300,75.06,D
sz002409,雅克科技,2025-09-30 10:24:00,74.92,5300,74.93,D
sz002409,雅克科技,2025-09-30 10:24:03,75.0,4900,74.92,U
sz002409,雅克科技,2025-09-30 10:24:09,75.05,14200,74.94,U
sz002409,雅克科技,2025-09-30 10:24:15,75.0,6600,74.94,U
sz002409,雅克科技,2025-09-30 10:24:21,75.02,12700,75.02,U
sz002409,雅克科技,2025-09-30 10:24:24,75.0,11400,75.02,D
sz002409,雅克科技,2025-09-30 10:24:27,75.02,13000,75.0,D
sz002409,雅克科技,2025-09-30 10:24:36,75.0,4500,75.02,D
sz002409,雅克科技,2025-09-30 10:24:39,75.0,2900,75.0,D
sz002409,雅克科技,2025-09-30 10:24:48,75.0,21100,75.0,D
sz002409,雅克科技,2025-09-30 10:24:51,75.0,2900,75.0,U
sz002409,雅克科技,2025-09-30 10:24:54,74.95,17900,75.0,D
sz002409,雅克科技,2025-09-30 10:24:57,74.8,6500,74.95,D
sz002409,雅克科技,2025-09-30 10:25:06,74.72,2700,74.74,D
sz002409,雅克科技,2025-09-30 10:25:18,74.65,21600,74.72,D
sz002409,雅克科技,2025-09-30 10:25:21,74.66,3700,74.65,U
sz002409,雅克科技,2025-09-30 10:25:24,74.59,3200,74.66,E
sz002409,雅克科技,2025-09-30 10:25:27,74.68,82100,74.59,U
sz002409,雅克科技,2025-09-30 10:25:39,74.64,4400,74.64,U
sz002409,雅克科技,2025-09-30 10:25:45,74.59,3400,74.6,D
sz002409,雅克科技,2025-09-30 10:25:48,74.63,7524,74.59,U
sz002409,雅克科技,2025-09-30 10:25:54,74.6,5400,74.61,D
sz002409,雅克科技,2025-09-30 10:26:06,74.55,3700,74.58,D
sz002409,雅克科技,2025-09-30 10:26:15,74.59,5300,74.54,U
sz002409,雅克科技,2025-09-30 10:26:24,74.53,3200,74.59,D
sz002409,雅克科技,2025-09-30 10:26:27,74.58,9100,74.53,U
sz002409,雅克科技,2025-09-30 10:26:30,74.51,25500,74.58,D
sz002409,雅克科技,2025-09-30 10:26:36,74.5,4200,74.57,D
sz002409,雅克科技,2025-09-30 10:26:39,74.5,5500,74.5,D
sz002409,雅克科技,2025-09-30 10:26:45,74.5,5200,74.5,D
sz002409,雅克科技,2025-09-30 10:26:51,74.46,6600,74.48,D
sz002409,雅克科技,2025-09-30 10:26:54,74.46,14200,74.46,D
sz002409,雅克科技,2025-09-30 10:27:03,74.38,6300,74.44,D
sz002409,雅克科技,2025-09-30 10:27:06,74.38,15200,74.38,D
sz002409,雅克科技,2025-09-30 10:27:12,74.34,4100,74.38,D
sz002409,雅克科技,2025-09-30 10:27:15,74.32,4300,74.34,D
sz002409,雅克科技,2025-09-30 10:27:18,74.38,3400,74.32,U
sz002409,雅克科技,2025-09-30 10:27:24,74.36,3100,74.36,U
sz002409,雅克科技,2025-09-30 10:27:27,74.32,3300,74.36,D
sz002409,雅克科技,2025-09-30 10:27:39,74.34,11400,74.32,U
sz002409,雅克科技,2025-09-30 10:27:42,74.36,2800,74.34,U
sz002409,雅克科技,2025-09-30 10:27:45,74.33,8400,74.36,D
sz002409,雅克科技,2025-09-30 10:27:51,74.35,10300,74.34,U
sz002409,雅克科技,2025-09-30 10:28:03,74.45,14200,74.34,U
sz002409,雅克科技,2025-09-30 10:28:15,74.49,4300,74.5,D
sz002409,雅克科技,2025-09-30 10:28:30,74.52,3400,74.49,U
sz002409,雅克科技,2025-09-30 10:28:33,74.52,3400,74.52,D
sz002409,雅克科技,2025-09-30 10:28:42,74.56,3600,74.54,U
sz002409,雅克科技,2025-09-30 10:28:54,74.58,4900,74.58,U
sz002409,雅克科技,2025-09-30 10:29:00,74.58,3800,74.59,D
sz002409,雅克科技,2025-09-30 10:29:06,74.6,3900,74.58,U
sz002409,雅克科技,2025-09-30 10:29:09,74.59,10000,74.6,D
sz002409,雅克科技,2025-09-30 10:29:15,74.6,4300,74.58,U
sz002409,雅克科技,2025-09-30 10:29:18,74.57,6700,74.6,D
sz002409,雅克科技,2025-09-30 10:29:21,74.63,4400,74.57,U
sz002409,雅克科技,2025-09-30 10:29:27,74.66,4100,74.65,U
sz002409,雅克科技,2025-09-30 10:29:33,74.7,4800,74.64,E
sz002409,雅克科技,2025-09-30 10:29:39,74.63,3101,74.66,D
sz002409,雅克科技,2025-09-30 10:29:45,74.62,10300,74.64,D
sz002409,雅克科技,2025-09-30 10:29:48,74.65,4000,74.62,E
sz002409,雅克科技,2025-09-30 10:29:51,74.65,6100,74.65,D
sz002409,雅克科技,2025-09-30 10:29:54,74.63,3600,74.65,D
sz002409,雅克科技,2025-09-30 10:30:00,74.6,4000,74.63,D
sz002409,雅克科技,2025-09-30 10:30:03,74.59,3400,74.6,D
sz002409,雅克科技,2025-09-30 10:30:30,74.65,3900,74.66,D
sz002409,雅克科技,2025-09-30 10:30:36,74.6,4500,74.62,D
sz002409,雅克科技,2025-09-30 10:30:39,74.46,61900,74.6,D
sz002409,雅克科技,2025-09-30 10:30:42,74.4,4400,74.46,D
sz002409,雅克科技,2025-09-30 10:30:45,74.33,8900,74.4,D
sz002409,雅克科技,2025-09-30 10:30:48,74.25,20100,74.33,D
sz002409,雅克科技,2025-09-30 10:30:51,74.23,36000,74.25,D
sz002409,雅克科技,2025-09-30 10:30:57,74.2,4700,74.2,D
sz002409,雅克科技,2025-09-30 10:31:00,74.27,4700,74.2,U
sz002409,雅克科技,2025-09-30 10:31:03,74.22,10000,74.27,E
sz002409,雅克科技,2025-09-30 10:31:06,74.26,9700,74.22,E
sz002409,雅克科技,2025-09-30 10:31:09,74.29,3400,74.26,E
sz002409,雅克科技,2025-09-30 10:31:12,74.29,4100,74.29,D
sz002409,雅克科技,2025-09-30 10:31:15,74.29,18300,74.29,D
sz002409,雅克科技,2025-09-30 10:31:18,74.26,6500,74.29,D
sz002409,雅克科技,2025-09-30 10:31:21,74.26,4000,74.26,U
sz002409,雅克科技,2025-09-30 10:31:39,74.28,10200,74.27,U
sz002409,雅克科技,2025-09-30 10:31:42,74.29,13800,74.28,U
sz002409,雅克科技,2025-09-30 10:31:45,74.27,3900,74.29,D
sz002409,雅克科技,2025-09-30 10:31:48,74.27,10800,74.27,D
sz002409,雅克科技,2025-09-30 10:31:51,74.26,12300,74.27,D
sz002409,雅克科技,2025-09-30 10:31:54,74.25,8700,74.26,D
sz002409,雅克科技,2025-09-30 10:32:03,74.31,17252,74.28,U
sz002409,雅克科技,2025-09-30 10:32:21,74.45,4400,74.44,U
sz002409,雅克科技,2025-09-30 10:32:24,74.46,3000,74.45,U
sz002409,雅克科技,2025-09-30 10:32:27,74.45,3500,74.46,D
sz002409,雅克科技,2025-09-30 10:32:42,74.47,4300,74.45,E
sz002409,雅克科技,2025-09-30 10:32:45,74.51,3400,74.47,U
sz002409,雅克科技,2025-09-30 10:33:06,74.53,4100,74.52,U
sz002409,雅克科技,2025-09-30 10:33:12,74.55,3900,74.54,U
sz002409,雅克科技,2025-09-30 10:33:21,74.56,3100,74.56,U
sz002409,雅克科技,2025-09-30 10:33:24,74.6,20600,74.56,U
sz002409,雅克科技,2025-09-30 10:33:33,74.62,21500,74.59,U
sz002409,雅克科技,2025-09-30 10:33:48,74.78,13400,74.74,U
sz002409,雅克科技,2025-09-30 10:33:54,74.81,4300,74.8,U
sz002409,雅克科技,2025-09-30 10:34:00,74.8,3800,74.81,D
sz002409,雅克科技,2025-09-30 10:34:03,74.81,8500,74.8,U
sz002409,雅克科技,2025-09-30 10:34:06,74.78,2700,74.81,U
sz002409,雅克科技,2025-09-30 10:34:09,74.73,4500,74.78,D
sz002409,雅克科技,2025-09-30 10:34:15,74.69,20490,74.69,D
sz002409,雅克科技,2025-09-30 10:34:18,74.71,8199,74.69,E
sz002409,雅克科技,2025-09-30 10:34:21,74.77,76880,74.71,U
sz002409,雅克科技,2025-09-30 10:34:24,74.88,3300,74.77,U
sz002409,雅克科技,2025-09-30 10:34:27,74.79,3900,74.88,D
sz002409,雅克科技,2025-09-30 10:34:33,74.81,24100,74.79,U
sz002409,雅克科技,2025-09-30 10:34:36,74.83,3500,74.81,U
sz002409,雅克科技,2025-09-30 10:34:39,74.83,4700,74.83,U
sz002409,雅克科技,2025-09-30 10:34:42,74.83,4800,74.83,U
sz002409,雅克科技,2025-09-30 10:34:48,74.83,7800,74.82,U
sz002409,雅克科技,2025-09-30 10:35:12,74.82,37100,74.82,U
sz002409,雅克科技,2025-09-30 10:35:27,74.84,9900,74.83,U
sz002409,雅克科技,2025-09-30 10:35:33,74.85,3700,74.83,U
sz002409,雅克科技,2025-09-30 10:35:42,74.86,13800,74.85,U
sz002409,雅克科技,2025-09-30 10:35:45,74.88,3700,74.86,U
sz002409,雅克科技,2025-09-30 10:35:48,74.9,4000,74.88,U
sz002409,雅克科技,2025-09-30 10:35:51,74.93,5800,74.9,U
sz002409,雅克科技,2025-09-30 10:35:54,74.97,6000,74.93,U
sz002409,雅克科技,2025-09-30 10:35:57,74.99,10900,74.97,U
sz002409,雅克科技,2025-09-30 10:36:00,75.0,14200,74.99,U
sz002409,雅克科技,2025-09-30 10:36:09,75.0,6100,75.0,U
sz002409,雅克科技,2025-09-30 10:36:15,74.95,6900,74.98,D
sz002409,雅克科技,2025-09-30 10:36:18,74.95,3300,74.95,D
sz002409,雅克科技,2025-09-30 10:36:21,74.92,2700,74.95,D
sz002409,雅克科技,2025-09-30 10:36:24,74.88,9200,74.92,D
sz002409,雅克科技,2025-09-30 10:36:27,74.78,3300,74.88,D
sz002409,雅克科技,2025-09-30 10:36:30,74.81,12000,74.78,U
sz002409,雅克科技,2025-09-30 10:36:33,74.84,18600,74.81,U
sz002409,雅克科技,2025-09-30 10:36:42,74.81,2800,74.77,U
sz002409,雅克科技,2025-09-30 10:36:48,74.79,5200,74.81,U
sz002409,雅克科技,2025-09-30 10:36:51,74.8,3200,74.79,U
sz002409,雅克科技,2025-09-30 10:36:57,74.79,3800,74.77,U
sz002409,雅克科技,2025-09-30 10:37:00,74.77,7700,74.79,D
sz002409,雅克科技,2025-09-30 10:37:03,74.79,5700,74.77,U
sz002409,雅克科技,2025-09-30 10:37:06,74.83,10500,74.79,U
sz002409,雅克科技,2025-09-30 10:37:09,74.89,9900,74.83,U
sz002409,雅克科技,2025-09-30 10:37:15,74.95,9400,74.88,U
sz002409,雅克科技,2025-09-30 10:37:21,75.05,42000,74.86,U
sz002409,雅克科技,2025-09-30 10:37:24,75.1,26000,75.05,U
sz002409,雅克科技,2025-09-30 10:37:27,75.16,8500,75.1,U
sz002409,雅克科技,2025-09-30 10:37:30,75.3,104700,75.16,U
sz002409,雅克科技,2025-09-30 10:37:33,75.27,39100,75.3,D
sz002409,雅克科技,2025-09-30 10:37:36,75.45,158600,75.27,U
sz002409,雅克科技,2025-09-30 10:37:39,75.46,11400,75.45,U
sz002409,雅克科技,2025-09-30 10:37:42,75.48,9300,75.46,U
sz002409,雅克科技,2025-09-30 10:37:45,75.48,3700,75.48,U
sz002409,雅克科技,2025-09-30 10:37:48,75.48,9950,75.48,U
sz002409,雅克科技,2025-09-30 10:37:51,75.5,79700,75.48,U
sz002409,雅克科技,2025-09-30 10:37:54,75.53,6500,75.5,E
sz002409,雅克科技,2025-09-30 10:37:57,75.58,33500,75.53,U
sz002409,雅克科技,2025-09-30 10:38:00,75.6,13600,75.58,U
sz002409,雅克科技,2025-09-30 10:38:03,75.61,36000,75.6,U
sz002409,雅克科技,2025-09-30 10:38:06,75.74,42500,75.61,U
sz002409,雅克科技,2025-09-30 10:38:09,75.75,5200,75.74,U
sz002409,雅克科技,2025-09-30 10:38:12,75.75,25900,75.75,U
sz002409,雅克科技,2025-09-30 10:38:15,75.7,31200,75.75,D
sz002409,雅克科技,2025-09-30 10:38:18,75.7,40900,75.7,U
sz002409,雅克科技,2025-09-30 10:38:21,75.61,32600,75.7,D
sz002409,雅克科技,2025-09-30 10:38:24,75.58,18500,75.61,D
sz002409,雅克科技,2025-09-30 10:38:30,75.55,35051,75.6,D
sz002409,雅克科技,2025-09-30 10:38:33,75.55,4600,75.55,D
sz002409,雅克科技,2025-09-30 10:38:36,75.5,7100,75.55,D
sz002409,雅克科技,2025-09-30 10:38:39,75.53,4700,75.5,U
sz002409,雅克科技,2025-09-30 10:38:42,75.5,3800,75.53,E
sz002409,雅克科技,2025-09-30 10:38:45,75.53,3951,75.5,U
sz002409,雅克科技,2025-09-30 10:38:48,75.5,5500,75.53,U
sz002409,雅克科技,2025-09-30 10:38:51,75.5,16900,75.5,U
sz002409,雅克科技,2025-09-30 10:38:54,75.49,6900,75.5,D
sz002409,雅克科技,2025-09-30 10:38:57,75.49,13000,75.49,U
sz002409,雅克科技,2025-09-30 10:39:00,75.45,67200,75.49,D
sz002409,雅克科技,2025-09-30 10:39:09,75.46,5800,75.46,D
sz002409,雅克科技,2025-09-30 10:39:12,75.45,37700,75.46,D
sz002409,雅克科技,2025-09-30 10:39:15,75.47,5300,75.45,D
sz002409,雅克科技,2025-09-30 10:39:18,75.59,3900,75.47,U
sz002409,雅克科技,2025-09-30 10:39:24,75.57,5800,75.56,U
sz002409,雅克科技,2025-09-30 10:39:27,75.6,18200,75.57,U
sz002409,雅克科技,2025-09-30 10:39:33,75.62,13300,75.6,E
sz002409,雅克科技,2025-09-30 10:39:36,75.6,7100,75.62,E
sz002409,雅克科技,2025-09-30 10:39:39,75.57,5000,75.6,D
sz002409,雅克科技,2025-09-30 10:39:42,75.57,4300,75.57,D
sz002409,雅克科技,2025-09-30 10:39:45,75.59,8500,75.57,U
sz002409,雅克科技,2025-09-30 10:39:48,75.6,3100,75.59,U
sz002409,雅克科技,2025-09-30 10:39:54,75.65,2800,75.61,U
sz002409,雅克科技,2025-09-30 10:39:57,75.65,10300,75.65,U
sz002409,雅克科技,2025-09-30 10:40:00,75.65,28600,75.65,E
sz002409,雅克科技,2025-09-30 10:40:03,75.69,33900,75.65,E
sz002409,雅克科技,2025-09-30 10:40:06,75.8,86000,75.69,U
sz002409,雅克科技,2025-09-30 10:40:09,75.83,20900,75.8,U
sz002409,雅克科技,2025-09-30 10:40:12,75.85,6700,75.83,U
sz002409,雅克科技,2025-09-30 10:40:15,75.86,4000,75.85,U
sz002409,雅克科技,2025-09-30 10:40:18,75.87,20500,75.86,U
sz002409,雅克科技,2025-09-30 10:40:21,75.87,12500,75.87,D
sz002409,雅克科技,2025-09-30 10:40:24,75.91,14000,75.87,U
sz002409,雅克科技,2025-09-30 10:40:30,75.79,79500,75.93,D
sz002409,雅克科技,2025-09-30 10:40:33,75.76,19900,75.79,E
sz002409,雅克科技,2025-09-30 10:40:36,75.57,43800,75.76,D
sz002409,雅克科技,2025-09-30 10:40:39,75.59,9200,75.57,E
sz002409,雅克科技,2025-09-30 10:40:42,75.49,42200,75.59,D
sz002409,雅克科技,2025-09-30 10:40:45,75.38,3600,75.49,D
sz002409,雅克科技,2025-09-30 10:40:48,75.38,6400,75.38,D
sz002409,雅克科技,2025-09-30 10:40:51,75.4,34200,75.38,E
sz002409,雅克科技,2025-09-30 10:40:54,75.48,3500,75.4,E
sz002409,雅克科技,2025-09-30 10:40:57,75.46,46100,75.48,E
sz002409,雅克科技,2025-09-30 10:41:00,75.3,6200,75.46,D
sz002409,雅克科技,2025-09-30 10:41:03,75.31,14300,75.3,U
sz002409,雅克科技,2025-09-30 10:41:06,75.28,6800,75.31,U
sz002409,雅克科技,2025-09-30 10:41:18,75.18,3700,75.21,E
sz002409,雅克科技,2025-09-30 10:41:21,75.17,6900,75.18,D
sz002409,雅克科技,2025-09-30 10:41:27,75.08,4700,75.15,D
sz002409,雅克科技,2025-09-30 10:41:30,75.08,3700,75.08,D
sz002409,雅克科技,2025-09-30 10:41:33,75.08,8800,75.08,D
sz002409,雅克科技,2025-09-30 10:41:36,75.09,3900,75.08,U
sz002409,雅克科技,2025-09-30 10:41:39,75.18,12000,75.09,U
sz002409,雅克科技,2025-09-30 10:41:42,75.1,2800,75.18,D
sz002409,雅克科技,2025-09-30 10:41:48,75.15,14000,75.13,U
sz002409,雅克科技,2025-09-30 10:41:51,75.2,3900,75.15,U
sz002409,雅克科技,2025-09-30 10:41:54,75.2,2900,75.2,D
sz002409,雅克科技,2025-09-30 10:42:00,75.2,3500,75.24,U
sz002409,雅克科技,2025-09-30 10:42:03,75.19,7600,75.2,E
sz002409,雅克科技,2025-09-30 10:42:06,75.18,3300,75.19,U
sz002409,雅克科技,2025-09-30 10:42:09,75.17,4200,75.18,E
sz002409,雅克科技,2025-09-30 10:42:12,75.17,4600,75.17,E
sz002409,雅克科技,2025-09-30 10:42:18,75.2,7300,75.18,U
sz002409,雅克科技,2025-09-30 10:42:21,75.2,2700,75.2,E
sz002409,雅克科技,2025-09-30 10:42:36,75.23,3500,75.21,U
sz002409,雅克科技,2025-09-30 10:42:39,75.23,20800,75.23,D
sz002409,雅克科技,2025-09-30 10:42:42,75.24,4200,75.23,U
sz002409,雅克科技,2025-09-30 10:42:51,75.26,2900,75.24,U
sz002409,雅克科技,2025-09-30 10:42:54,75.25,5000,75.26,D
sz002409,雅克科技,2025-09-30 10:43:00,75.27,7900,75.25,U
sz002409,雅克科技,2025-09-30 10:43:03,75.25,11600,75.27,D
sz002409,雅克科技,2025-09-30 10:43:06,75.27,8900,75.25,U
sz002409,雅克科技,2025-09-30 10:43:12,75.15,33200,75.25,D
sz002409,雅克科技,2025-09-30 10:43:15,75.16,14600,75.15,U
sz002409,雅克科技,2025-09-30 10:43:24,75.14,3000,75.11,U
sz002409,雅克科技,2025-09-30 10:43:30,75.11,6200,75.11,D
sz002409,雅克科技,2025-09-30 10:43:33,75.16,4100,75.11,U
sz002409,雅克科技,2025-09-30 10:43:42,75.2,13000,75.2,D
sz002409,雅克科技,2025-09-30 10:43:45,75.26,5200,75.2,U
sz002409,雅克科技,2025-09-30 10:43:57,75.3,3000,75.3,U
sz002409,雅克科技,2025-09-30 10:44:00,75.29,3500,75.3,U
sz002409,雅克科技,2025-09-30 10:44:03,75.26,3200,75.29,D
sz002409,雅克科技,2025-09-30 10:44:06,75.23,4700,75.26,D
sz002409,雅克科技,2025-09-30 10:44:09,75.2,5600,75.23,D
sz002409,雅克科技,2025-09-30 10:44:12,75.23,2800,75.2,U
sz002409,雅克科技,2025-09-30 10:44:21,75.2,5900,75.2,D
sz002409,雅克科技,2025-09-30 10:44:24,75.18,4000,75.2,D
sz002409,雅克科技,2025-09-30 10:44:27,75.2,3700,75.18,U
sz002409,雅克科技,2025-09-30 10:44:33,75.26,4900,75.2,U
sz002409,雅克科技,2025-09-30 10:44:36,75.3,7300,75.26,U
sz002409,雅克科技,2025-09-30 10:44:39,75.37,4600,75.3,U
sz002409,雅克科技,2025-09-30 10:44:42,75.37,4400,75.37,E
sz002409,雅克科技,2025-09-30 10:44:57,75.49,8400,75.41,U
sz002409,雅克科技,2025-09-30 10:45:00,75.6,11200,75.49,U
sz002409,雅克科技,2025-09-30 10:45:03,75.75,15600,75.6,U
sz002409,雅克科技,2025-09-30 10:45:06,75.79,8600,75.75,E
sz002409,雅克科技,2025-09-30 10:45:09,75.8,15900,75.79,U
sz002409,雅克科技,2025-09-30 10:45:12,75.8,3400,75.8,U
sz002409,雅克科技,2025-09-30 10:45:15,75.71,7900,75.8,D
sz002409,雅克科技,2025-09-30 10:45:18,75.79,10200,75.71,U
sz002409,雅克科技,2025-09-30 10:45:24,75.79,17000,75.78,U
sz002409,雅克科技,2025-09-30 10:45:27,75.75,3000,75.79,E
sz002409,雅克科技,2025-09-30 10:45:30,75.75,5900,75.75,U
sz002409,雅克科技,2025-09-30 10:45:33,75.75,5400,75.75,E
sz002409,雅克科技,2025-09-30 10:45:36,75.64,12600,75.75,D
sz002409,雅克科技,2025-09-30 10:45:39,75.64,5800,75.64,U
sz002409,雅克科技,2025-09-30 10:45:42,75.62,4800,75.64,E
sz002409,雅克科技,2025-09-30 10:45:48,75.56,11000,75.59,E
sz002409,雅克科技,2025-09-30 10:45:51,75.56,3900,75.56,U
sz002409,雅克科技,2025-09-30 10:45:57,75.48,3700,75.54,E
sz002409,雅克科技,2025-09-30 10:46:00,75.38,9300,75.48,D
sz002409,雅克科技,2025-09-30 10:46:03,75.41,3000,75.38,U
sz002409,雅克科技,2025-09-30 10:46:09,75.38,4500,75.33,E
sz002409,雅克科技,2025-09-30 10:46:18,75.33,5000,75.27,U
sz002409,雅克科技,2025-09-30 10:46:24,75.31,4600,75.3,E
sz002409,雅克科技,2025-09-30 10:46:30,75.31,2700,75.29,U
sz002409,雅克科技,2025-09-30 10:46:33,75.3,3300,75.31,D
sz002409,雅克科技,2025-09-30 10:46:42,75.3,3600,75.33,D
sz002409,雅克科技,2025-09-30 10:46:48,75.3,2900,75.3,U
sz002409,雅克科技,2025-09-30 10:46:54,75.31,8400,75.3,U
sz002409,雅克科技,2025-09-30 10:47:00,75.3,12800,75.3,D
sz002409,雅克科技,2025-09-30 10:47:06,75.3,14200,75.24,U
sz002409,雅克科技,2025-09-30 10:47:12,75.18,18400,75.22,D
sz002409,雅克科技,2025-09-30 10:47:15,75.15,4100,75.18,D
sz002409,雅克科技,2025-09-30 10:47:30,75.1,12200,75.11,E
sz002409,雅克科技,2025-09-30 10:47:36,75.1,5300,75.03,U
sz002409,雅克科技,2025-09-30 10:47:45,75.1,3600,75.11,D
sz002409,雅克科技,2025-09-30 10:47:48,75.1,3500,75.1,D
sz002409,雅克科技,2025-09-30 10:48:00,75.02,4600,75.05,D
sz002409,雅克科技,2025-09-30 10:48:03,75.04,33600,75.02,E
sz002409,雅克科技,2025-09-30 10:48:18,75.0,3200,75.01,D
sz002409,雅克科技,2025-09-30 10:48:21,75.0,3500,75.0,U
sz002409,雅克科技,2025-09-30 10:48:27,75.0,2900,74.98,U
sz002409,雅克科技,2025-09-30 10:48:42,74.98,8500,75.0,D
sz002409,雅克科技,2025-09-30 10:48:48,75.0,4700,74.97,U
sz002409,雅克科技,2025-09-30 10:49:06,74.88,2800,74.92,D
sz002409,雅克科技,2025-09-30 10:49:09,74.87,5200,74.88,D
sz002409,雅克科技,2025-09-30 10:49:21,74.89,5100,74.89,E
sz002409,雅克科技,2025-09-30 10:49:24,74.88,3000,74.89,D
sz002409,雅克科技,2025-09-30 10:49:39,74.88,2900,74.9,D
sz002409,雅克科技,2025-09-30 10:49:45,74.91,3600,74.88,U
sz002409,雅克科技,2025-09-30 10:49:57,74.92,10846,74.92,U
sz002409,雅克科技,2025-09-30 10:50:06,74.85,51520,74.92,D
sz002409,雅克科技,2025-09-30 10:50:09,74.8,15800,74.85,D
sz002409,雅克科技,2025-09-30 10:50:18,74.76,3400,74.77,D
sz002409,雅克科技,2025-09-30 10:50:21,74.8,3200,74.76,U
sz002409,雅克科技,2025-09-30 10:50:27,74.8,5200,74.8,D
sz002409,雅克科技,2025-09-30 10:50:54,74.84,3800,74.85,D
sz002409,雅克科技,2025-09-30 10:51:00,74.87,3800,74.86,U
sz002409,雅克科技,2025-09-30 10:51:06,74.85,11300,74.87,D
sz002409,雅克科技,2025-09-30 10:51:09,74.85,3600,74.85,D
sz002409,雅克科技,2025-09-30 10:51:21,74.96,3600,74.93,U
sz002409,雅克科技,2025-09-30 10:51:24,74.98,44600,74.96,U
sz002409,雅克科技,2025-09-30 10:51:42,75.04,2900,75.05,U
sz002409,雅克科技,2025-09-30 10:51:51,75.08,3100,75.06,U
sz002409,雅克科技,2025-09-30 10:51:54,75.14,3600,75.08,U
sz002409,雅克科技,2025-09-30 10:52:03,74.98,23400,75.15,D
sz002409,雅克科技,2025-09-30 10:52:06,74.99,13300,74.98,U
sz002409,雅克科技,2025-09-30 10:52:09,74.99,3900,74.99,U
sz002409,雅克科技,2025-09-30 10:52:12,75.12,11700,74.99,U
sz002409,雅克科技,2025-09-30 10:52:15,75.28,5800,75.12,U
sz002409,雅克科技,2025-09-30 10:52:21,75.28,6800,75.2,U
sz002409,雅克科技,2025-09-30 10:52:24,75.28,4500,75.28,U
sz002409,雅克科技,2025-09-30 10:52:57,75.1,28800,75.22,D
sz002409,雅克科技,2025-09-30 10:53:27,75.0,6700,75.0,U
sz002409,雅克科技,2025-09-30 10:54:06,75.04,4200,75.02,U
sz002409,雅克科技,2025-09-30 10:54:30,75.08,2800,75.08,U
sz002409,雅克科技,2025-09-30 10:54:48,75.1,6500,75.17,D
sz002409,雅克科技,2025-09-30 10:54:51,75.1,5800,75.1,U
sz002409,雅克科技,2025-09-30 10:54:54,75.1,3400,75.1,U
sz002409,雅克科技,2025-09-30 10:54:57,75.1,4000,75.1,U
sz002409,雅克科技,2025-09-30 10:55:00,75.1,8500,75.1,U
sz002409,雅克科技,2025-09-30 10:55:18,75.13,4500,75.1,U
sz002409,雅克科技,2025-09-30 10:56:00,75.1,15800,75.18,D
sz002409,雅克科技,2025-09-30 10:56:03,75.08,3900,75.1,D
sz002409,雅克科技,2025-09-30 10:56:06,75.09,10100,75.08,E
sz002409,雅克科技,2025-09-30 10:56:45,75.05,3000,75.02,U
sz002409,雅克科技,2025-09-30 10:56:54,75.06,3600,75.03,U
sz002409,雅克科技,2025-09-30 10:57:09,75.08,2707,75.07,U
sz002409,雅克科技,2025-09-30 10:57:45,75.2,6800,75.2,U
sz002409,雅克科技,2025-09-30 10:57:54,75.2,5600,75.2,U
sz002409,雅克科技,2025-09-30 10:57:57,75.2,8100,75.2,U
sz002409,雅克科技,2025-09-30 10:58:21,75.24,9200,75.27,D
sz002409,雅克科技,2025-09-30 10:58:30,75.2,3100,75.24,D
sz002409,雅克科技,2025-09-30 10:58:33,75.19,16200,75.2,D
sz002409,雅克科技,2025-09-30 10:58:36,75.18,6700,75.19,D
sz002409,雅克科技,2025-09-30 10:58:57,75.15,7900,75.21,D
sz002409,雅克科技,2025-09-30 10:59:03,75.06,7959,75.12,D
sz002409,雅克科技,2025-09-30 10:59:12,75.06,67400,75.04,U
sz002409,雅克科技,2025-09-30 10:59:45,75.0,11800,75.0,U
sz002409,雅克科技,2025-09-30 10:59:48,75.0,3400,75.0,U
sz002409,雅克科技,2025-09-30 10:59:57,75.0,2800,75.0,U
sz002409,雅克科技,2025-09-30 11:00:03,75.04,4100,74.98,U
sz002409,雅克科技,2025-09-30 11:00:18,74.99,6900,75.02,D
sz002409,雅克科技,2025-09-30 11:00:24,74.98,4500,74.99,D
sz002409,雅克科技,2025-09-30 11:00:30,74.93,24500,74.99,D
sz002409,雅克科技,2025-09-30 11:00:33,74.92,6500,74.93,D
sz002409,雅克科技,2025-09-30 11:00:48,74.9,2700,74.89,U
sz002409,雅克科技,2025-09-30 11:01:30,74.85,30400,74.88,D
sz002409,雅克科技,2025-09-30 11:01:36,74.7,7200,74.78,D
sz002409,雅克科技,2025-09-30 11:01:45,74.71,15800,74.78,E
sz002409,雅克科技,2025-09-30 11:01:54,74.77,3600,74.73,U
sz002409,雅克科技,2025-09-30 11:02:12,74.88,3200,74.88,D
sz002409,雅克科技,2025-09-30 11:02:51,74.84,6200,74.86,D
sz002409,雅克科技,2025-09-30 11:02:54,74.84,5600,74.84,D
sz002409,雅克科技,2025-09-30 11:03:48,74.81,3300,74.83,D
sz002409,雅克科技,2025-09-30 11:04:18,74.88,22100,74.81,U
sz002409,雅克科技,2025-09-30 11:04:21,74.89,4600,74.88,U
sz002409,雅克科技,2025-09-30 11:04:45,74.91,3500,74.89,U
sz002409,雅克科技,2025-09-30 11:05:33,75.0,3200,74.99,U
sz002409,雅克科技,2025-09-30 11:06:03,75.0,7500,75.01,D
sz002409,雅克科技,2025-09-30 11:06:06,74.98,3300,75.0,D
sz002409,雅克科技,2025-09-30 11:06:09,74.97,4600,74.98,D
sz002409,雅克科技,2025-09-30 11:06:57,74.95,3200,74.95,U
sz002409,雅克科技,2025-09-30 11:07:18,74.96,5600,74.96,D
sz002409,雅克科技,2025-09-30 11:07:21,74.98,3000,74.96,U
sz002409,雅克科技,2025-09-30 11:07:30,75.09,8200,75.01,U
sz002409,雅克科技,2025-09-30 11:07:48,75.1,4000,75.13,D
sz002409,雅克科技,2025-09-30 11:07:57,75.09,11800,75.02,U
sz002409,雅克科技,2025-09-30 11:08:00,75.09,3200,75.09,U
sz002409,雅克科技,2025-09-30 11:08:30,75.02,6300,75.07,D
sz002409,雅克科技,2025-09-30 11:08:54,74.99,3700,74.99,U
sz002409,雅克科技,2025-09-30 11:09:42,75.0,3900,75.01,D
sz002409,雅克科技,2025-09-30 11:10:00,74.98,3100,75.0,D
sz002409,雅克科技,2025-09-30 11:10:03,75.02,23300,74.98,U
sz002409,雅克科技,2025-09-30 11:10:06,75.03,2900,75.02,U
sz002409,雅克科技,2025-09-30 11:10:18,74.99,3000,75.02,D
sz002409,雅克科技,2025-09-30 11:10:48,75.01,5682,75.01,U
sz002409,雅克科技,2025-09-30 11:10:54,75.05,3569,75.05,U
sz002409,雅克科技,2025-09-30 11:11:06,75.1,3500,75.1,U
sz002409,雅克科技,2025-09-30 11:11:09,75.05,4639,75.1,D
sz002409,雅克科技,2025-09-30 11:11:12,75.11,7061,75.05,U
sz002409,雅克科技,2025-09-30 11:12:03,75.06,17400,75.08,D
sz002409,雅克科技,2025-09-30 11:12:45,75.1,2800,75.1,U
sz002409,雅克科技,2025-09-30 11:12:51,75.09,2900,75.1,D
sz002409,雅克科技,2025-09-30 11:13:15,75.15,2900,75.11,U
sz002409,雅克科技,2025-09-30 11:13:21,75.23,14900,75.17,U
sz002409,雅克科技,2025-09-30 11:13:33,75.34,3500,75.3,U
sz002409,雅克科技,2025-09-30 11:13:39,75.36,4500,75.35,U
sz002409,雅克科技,2025-09-30 11:13:42,75.31,3300,75.36,D
sz002409,雅克科技,2025-09-30 11:13:45,75.3,3200,75.31,D
sz002409,雅克科技,2025-09-30 11:13:48,75.26,15800,75.3,D
sz002409,雅克科技,2025-09-30 11:13:54,75.31,6800,75.32,E
sz002409,雅克科技,2025-09-30 11:14:00,75.34,5300,75.31,E
sz002409,雅克科技,2025-09-30 11:14:03,75.4,4400,75.34,U
sz002409,雅克科技,2025-09-30 11:14:12,75.45,2900,75.39,U
sz002409,雅克科技,2025-09-30 11:14:27,75.44,4100,75.44,D
sz002409,雅克科技,2025-09-30 11:14:30,75.43,3200,75.44,D
sz002409,雅克科技,2025-09-30 11:14:33,75.44,9100,75.43,U
sz002409,雅克科技,2025-09-30 11:14:36,75.43,6200,75.44,E
sz002409,雅克科技,2025-09-30 11:14:48,75.42,2700,75.39,U
sz002409,雅克科技,2025-09-30 11:14:57,75.42,4100,75.37,U
sz002409,雅克科技,2025-09-30 11:15:03,75.36,7500,75.42,D
sz002409,雅克科技,2025-09-30 11:15:09,75.37,3600,75.37,D
sz002409,雅克科技,2025-09-30 11:15:12,75.34,5100,75.37,D
sz002409,雅克科技,2025-09-30 11:15:15,75.37,3200,75.34,U
sz002409,雅克科技,2025-09-30 11:15:18,75.27,6800,75.37,D
sz002409,雅克科技,2025-09-30 11:15:33,75.25,4300,75.25,D
sz002409,雅克科技,2025-09-30 11:15:42,75.26,3800,75.27,D
sz002409,雅克科技,2025-09-30 11:16:06,75.25,6400,75.2,U
sz002409,雅克科技,2025-09-30 11:16:18,75.3,4900,75.26,U
sz002409,雅克科技,2025-09-30 11:16:24,75.3,18000,75.3,D
sz002409,雅克科技,2025-09-30 11:16:27,75.25,5300,75.3,D
sz002409,雅克科技,2025-09-30 11:16:33,75.24,6100,75.24,U
sz002409,雅克科技,2025-09-30 11:16:36,75.21,4400,75.24,D
sz002409,雅克科技,2025-09-30 11:16:57,75.25,3000,75.26,D
sz002409,雅克科技,2025-09-30 11:17:12,75.29,6700,75.29,U
sz002409,雅克科技,2025-09-30 11:17:24,75.27,3300,75.27,U
sz002409,雅克科技,2025-09-30 11:17:27,75.25,4600,75.27,D
sz002409,雅克科技,2025-09-30 11:18:06,75.24,3200,75.25,D
sz002409,雅克科技,2025-09-30 11:18:09,75.18,13300,75.24,D
sz002409,雅克科技,2025-09-30 11:18:12,75.14,7300,75.18,D
sz002409,雅克科技,2025-09-30 11:18:57,75.1,3100,75.1,U
sz002409,雅克科技,2025-09-30 11:19:12,75.08,2800,75.08,D
sz002409,雅克科技,2025-09-30 11:19:18,75.09,3000,75.08,U
sz002409,雅克科技,2025-09-30 11:19:24,75.1,3000,75.1,D
sz002409,雅克科技,2025-09-30 11:19:30,75.11,3900,75.11,D
sz002409,雅克科技,2025-09-30 11:19:48,75.15,2800,75.15,D
sz002409,雅克科技,2025-09-30 11:19:51,75.2,2800,75.15,U
sz002409,雅克科技,2025-09-30 11:20:18,75.2,2800,75.19,U
sz002409,雅克科技,2025-09-30 11:20:21,75.2,3700,75.2,U
sz002409,雅克科技,2025-09-30 11:20:48,75.39,5100,75.39,U
sz002409,雅克科技,2025-09-30 11:21:03,75.34,3900,75.42,D
sz002409,雅克科技,2025-09-30 11:21:06,75.42,6600,75.34,U
sz002409,雅克科技,2025-09-30 11:21:27,75.36,7100,75.32,U
sz002409,雅克科技,2025-09-30 11:21:42,75.2,2700,75.2,D
sz002409,雅克科技,2025-09-30 11:21:48,75.19,3900,75.2,D
sz002409,雅克科技,2025-09-30 11:22:27,75.21,3800,75.2,E
sz002409,雅克科技,2025-09-30 11:22:33,75.25,8300,75.26,D
sz002409,雅克科技,2025-09-30 11:22:45,75.38,2700,75.31,U
sz002409,雅克科技,2025-09-30 11:22:51,75.31,8900,75.33,D
sz002409,雅克科技,2025-09-30 11:22:57,75.3,3500,75.3,U
sz002409,雅克科技,2025-09-30 11:23:00,75.2,2900,75.3,D
sz002409,雅克科技,2025-09-30 11:23:03,75.27,3000,75.2,E
sz002409,雅克科技,2025-09-30 11:23:24,75.24,2900,75.24,D
sz002409,雅克科技,2025-09-30 11:23:27,75.19,8000,75.24,D
sz002409,雅克科技,2025-09-30 11:23:30,75.19,11200,75.19,D
sz002409,雅克科技,2025-09-30 11:23:33,75.19,3200,75.19,U
sz002409,雅克科技,2025-09-30 11:23:48,75.12,4800,75.12,D
sz002409,雅克科技,2025-09-30 11:23:51,75.15,4200,75.12,U
sz002409,雅克科技,2025-09-30 11:24:03,75.18,5700,75.15,E
sz002409,雅克科技,2025-09-30 11:24:06,75.1,3900,75.18,D
sz002409,雅克科技,2025-09-30 11:24:09,75.11,4900,75.1,U
sz002409,雅克科技,2025-09-30 11:24:15,75.11,7400,75.11,D
sz002409,雅克科技,2025-09-30 11:24:24,75.11,4800,75.1,E
sz002409,雅克科技,2025-09-30 11:24:54,75.05,3500,75.03,U
sz002409,雅克科技,2025-09-30 11:25:18,75.03,3600,75.03,U
sz002409,雅克科技,2025-09-30 11:25:30,75.04,2700,75.03,U
sz002409,雅克科技,2025-09-30 11:25:48,74.94,30300,75.03,D
sz002409,雅克科技,2025-09-30 11:26:06,74.9,2800,74.91,D
sz002409,雅克科技,2025-09-30 11:26:12,74.88,3400,74.9,D
sz002409,雅克科技,2025-09-30 11:26:15,74.9,3500,74.88,U
sz002409,雅克科技,2025-09-30 11:26:24,74.87,2800,74.9,D
sz002409,雅克科技,2025-09-30 11:26:27,74.85,3700,74.87,D
sz002409,雅克科技,2025-09-30 11:26:30,74.92,8800,74.85,U
sz002409,雅克科技,2025-09-30 11:26:33,74.92,4400,74.92,D
sz002409,雅克科技,2025-09-30 11:26:54,74.95,3000,74.95,U
sz002409,雅克科技,2025-09-30 11:27:18,75.0,3000,75.0,U
sz002409,雅克科技,2025-09-30 11:27:24,75.09,5200,75.02,U
sz002409,雅克科技,2025-09-30 11:27:45,75.04,4100,75.07,D
sz002409,雅克科技,2025-09-30 11:28:00,75.04,6100,75.04,D
sz002409,雅克科技,2025-09-30 11:28:06,75.04,5500,75.05,D
sz002409,雅克科技,2025-09-30 11:28:09,75.0,6400,75.04,D
sz002409,雅克科技,2025-09-30 11:28:15,75.04,2800,75.03,U
sz002409,雅克科技,2025-09-30 11:28:30,75.05,4200,75.03,U
sz002409,雅克科技,2025-09-30 11:28:33,75.06,5700,75.05,U
sz002409,雅克科技,2025-09-30 11:29:09,75.08,17300,75.08,D
sz002409,雅克科技,2025-09-30 11:29:12,74.88,33300,75.08,D
sz002409,雅克科技,2025-09-30 11:29:15,74.83,4300,74.88,D
sz002409,雅克科技,2025-09-30 11:29:18,74.83,4700,74.83,D
sz002409,雅克科技,2025-09-30 11:29:30,74.86,2900,74.9,E
sz002409,雅克科技,2025-09-30 11:29:33,74.83,8000,74.86,D
sz002409,雅克科技,2025-09-30 11:29:36,74.85,6900,74.83,E
sz002409,雅克科技,2025-09-30 11:29:42,74.88,4300,74.83,U
sz002409,雅克科技,2025-09-30 11:29:51,74.87,2900,74.86,E
sz002409,雅克科技,2025-09-30 11:29:54,74.8,62300,74.87,D
sz002409,雅克科技,2025-09-30 11:29:57,74.8,18200,74.8,D
sz002409,雅克科技,2025-09-30 13:00:00,74.95,20800,74.79,U
sz002409,雅克科技,2025-09-30 13:00:03,74.98,15700,74.95,U
sz002409,雅克科技,2025-09-30 13:00:06,75.0,4700,74.98,U
sz002409,雅克科技,2025-09-30 13:00:09,74.99,12800,75.0,D
sz002409,雅克科技,2025-09-30 13:00:15,74.96,5100,74.97,U
sz002409,雅克科技,2025-09-30 13:00:21,74.87,9900,74.95,D
sz002409,雅克科技,2025-09-30 13:00:24,74.81,34900,74.87,D
sz002409,雅克科技,2025-09-30 13:00:27,74.78,34200,74.81,D
sz002409,雅克科技,2025-09-30 13:00:30,74.79,4800,74.78,U
sz002409,雅克科技,2025-09-30 13:00:33,74.75,5800,74.79,D
sz002409,雅克科技,2025-09-30 13:00:36,74.85,7100,74.75,U
sz002409,雅克科技,2025-09-30 13:00:39,74.84,4400,74.85,E
sz002409,雅克科技,2025-09-30 13:00:45,74.78,5200,74.78,D
sz002409,雅克科技,2025-09-30 13:01:06,74.75,7757,74.77,D
sz002409,雅克科技,2025-09-30 13:01:12,74.74,6300,74.74,U
sz002409,雅克科技,2025-09-30 13:01:24,74.74,24100,74.75,D
sz002409,雅克科技,2025-09-30 13:01:27,74.68,13500,74.74,D
sz002409,雅克科技,2025-09-30 13:01:30,74.7,4800,74.68,U
sz002409,雅克科技,2025-09-30 13:02:03,74.74,3700,74.69,D
sz002409,雅克科技,2025-09-30 13:02:12,74.77,6200,74.69,U
sz002409,雅克科技,2025-09-30 13:02:30,74.85,2700,74.86,E
sz002409,雅克科技,2025-09-30 13:02:33,74.78,5300,74.85,D
sz002409,雅克科技,2025-09-30 13:02:51,74.85,4800,74.78,U
sz002409,雅克科技,2025-09-30 13:02:54,74.8,4400,74.85,E
sz002409,雅克科技,2025-09-30 13:03:09,74.83,2800,74.81,E
sz002409,雅克科技,2025-09-30 13:03:15,74.86,2900,74.85,U
sz002409,雅克科技,2025-09-30 13:03:33,74.86,3400,74.84,U
sz002409,雅克科技,2025-09-30 13:03:48,74.96,2700,75.0,D
sz002409,雅克科技,2025-09-30 13:03:51,75.0,6700,74.96,U
sz002409,雅克科技,2025-09-30 13:04:03,75.05,4000,75.02,U
sz002409,雅克科技,2025-09-30 13:04:09,75.11,2900,75.09,U
sz002409,雅克科技,2025-09-30 13:04:12,75.13,3100,75.11,U
sz002409,雅克科技,2025-09-30 13:04:21,75.13,3800,75.18,D
sz002409,雅克科技,2025-09-30 13:04:27,75.05,13800,75.16,D
sz002409,雅克科技,2025-09-30 13:04:30,75.05,13700,75.05,D
sz002409,雅克科技,2025-09-30 13:04:36,75.05,6000,75.08,D
sz002409,雅克科技,2025-09-30 13:04:39,75.08,3200,75.05,U
sz002409,雅克科技,2025-09-30 13:04:45,75.02,9300,75.08,D
sz002409,雅克科技,2025-09-30 13:04:48,75.0,3100,75.02,D
sz002409,雅克科技,2025-09-30 13:05:06,74.91,10200,75.05,D
sz002409,雅克科技,2025-09-30 13:05:30,75.0,4700,75.0,D
sz002409,雅克科技,2025-09-30 13:06:03,74.86,9300,74.95,D
sz002409,雅克科技,2025-09-30 13:06:06,74.86,8800,74.86,D
sz002409,雅克科技,2025-09-30 13:06:21,74.94,2900,74.91,U
sz002409,雅克科技,2025-09-30 13:06:27,74.95,3500,74.94,U
sz002409,雅克科技,2025-09-30 13:06:51,75.11,2900,75.06,U
sz002409,雅克科技,2025-09-30 13:07:03,75.0,11900,75.06,D
sz002409,雅克科技,2025-09-30 13:07:12,74.97,3200,74.94,U
sz002409,雅克科技,2025-09-30 13:07:24,74.97,3800,74.98,D
sz002409,雅克科技,2025-09-30 13:07:33,74.91,18800,74.99,D
sz002409,雅克科技,2025-09-30 13:07:36,74.94,3900,74.91,U
sz002409,雅克科技,2025-09-30 13:07:51,74.89,6000,74.85,U
sz002409,雅克科技,2025-09-30 13:08:15,74.82,10600,74.81,U
sz002409,雅克科技,2025-09-30 13:09:03,74.7,55700,74.81,D
sz002409,雅克科技,2025-09-30 13:09:06,74.68,11400,74.7,D
sz002409,雅克科技,2025-09-30 13:09:27,74.67,3600,74.68,D
sz002409,雅克科技,2025-09-30 13:09:33,74.64,7900,74.67,D
sz002409,雅克科技,2025-09-30 13:09:45,74.67,3400,74.66,U
sz002409,雅克科技,2025-09-30 13:09:48,74.64,2900,74.67,D
sz002409,雅克科技,2025-09-30 13:10:03,74.87,5200,74.69,U
sz002409,雅克科技,2025-09-30 13:10:06,74.69,5700,74.87,D
sz002409,雅克科技,2025-09-30 13:10:15,74.77,3000,74.7,U
sz002409,雅克科技,2025-09-30 13:10:27,74.7,6900,74.7,D
sz002409,雅克科技,2025-09-30 13:11:12,74.75,4300,74.75,U
sz002409,雅克科技,2025-09-30 13:11:33,74.75,7500,74.78,D
sz002409,雅克科技,2025-09-30 13:11:45,74.75,2700,74.75,U
sz002409,雅克科技,2025-09-30 13:12:09,74.76,11300,74.75,U
sz002409,雅克科技,2025-09-30 13:12:18,74.66,36500,74.72,D
sz002409,雅克科技,2025-09-30 13:12:21,74.63,8400,74.66,D
sz002409,雅克科技,2025-09-30 13:12:24,74.62,5500,74.63,D
sz002409,雅克科技,2025-09-30 13:12:27,74.62,3100,74.62,D
sz002409,雅克科技,2025-09-30 13:12:30,74.62,3200,74.62,D
sz002409,雅克科技,2025-09-30 13:12:39,74.6,3700,74.61,D
sz002409,雅克科技,2025-09-30 13:12:42,74.6,4900,74.6,D
sz002409,雅克科技,2025-09-30 13:12:48,74.6,7100,74.6,U
sz002409,雅克科技,2025-09-30 13:12:51,74.59,4800,74.6,U
sz002409,雅克科技,2025-09-30 13:12:54,74.6,8400,74.59,U
sz002409,雅克科技,2025-09-30 13:13:06,74.59,2700,74.6,E
sz002409,雅克科技,2025-09-30 13:13:09,74.58,2800,74.59,D
sz002409,雅克科技,2025-09-30 13:13:21,74.6,3900,74.59,U
sz002409,雅克科技,2025-09-30 13:13:33,74.62,7100,74.62,U
sz002409,雅克科技,2025-09-30 13:13:36,74.59,7900,74.62,D
sz002409,雅克科技,2025-09-30 13:13:48,74.59,2719,74.59,U
sz002409,雅克科技,2025-09-30 13:13:54,74.55,28281,74.59,D
sz002409,雅克科技,2025-09-30 13:13:57,74.53,2700,74.55,D
sz002409,雅克科技,2025-09-30 13:14:06,74.54,8300,74.52,E
sz002409,雅克科技,2025-09-30 13:14:24,74.57,3600,74.57,U
sz002409,雅克科技,2025-09-30 13:14:27,74.56,3200,74.57,D
sz002409,雅克科技,2025-09-30 13:14:36,74.51,12600,74.52,D
sz002409,雅克科技,2025-09-30 13:14:39,74.52,52200,74.51,U
sz002409,雅克科技,2025-09-30 13:14:42,74.53,3600,74.52,U
sz002409,雅克科技,2025-09-30 13:14:45,74.5,3300,74.53,D
sz002409,雅克科技,2025-09-30 13:14:48,74.5,5800,74.5,U
sz002409,雅克科技,2025-09-30 13:14:57,74.5,8300,74.5,U
sz002409,雅克科技,2025-09-30 13:15:00,74.5,3300,74.5,D
sz002409,雅克科技,2025-09-30 13:15:03,74.51,3800,74.5,U
sz002409,雅克科技,2025-09-30 13:15:09,74.51,3400,74.51,U
sz002409,雅克科技,2025-09-30 13:15:15,74.52,10200,74.5,U
sz002409,雅克科技,2025-09-30 13:15:24,74.52,2800,74.52,U
sz002409,雅克科技,2025-09-30 13:15:36,74.48,12500,74.53,D
sz002409,雅克科技,2025-09-30 13:15:39,74.48,4600,74.48,E
sz002409,雅克科技,2025-09-30 13:15:51,74.43,2900,74.43,D
sz002409,雅克科技,2025-09-30 13:16:06,74.41,5800,74.44,D
sz002409,雅克科技,2025-09-30 13:16:12,74.42,5700,74.41,U
sz002409,雅克科技,2025-09-30 13:16:21,74.41,6500,74.42,D
sz002409,雅克科技,2025-09-30 13:16:36,74.4,41900,74.43,D
sz002409,雅克科技,2025-09-30 13:16:39,74.4,3400,74.4,U
sz002409,雅克科技,2025-09-30 13:16:48,74.36,12600,74.4,D
sz002409,雅克科技,2025-09-30 13:16:51,74.37,20200,74.36,E
sz002409,雅克科技,2025-09-30 13:16:57,74.31,5000,74.35,D
sz002409,雅克科技,2025-09-30 13:17:03,74.3,4300,74.31,D
sz002409,雅克科技,2025-09-30 13:17:09,74.3,4600,74.3,D
sz002409,雅克科技,2025-09-30 13:17:12,74.2,37000,74.3,D
sz002409,雅克科技,2025-09-30 13:17:15,74.2,2900,74.2,U
sz002409,雅克科技,2025-09-30 13:17:21,74.2,2700,74.2,U
sz002409,雅克科技,2025-09-30 13:17:24,74.19,5200,74.2,D
sz002409,雅克科技,2025-09-30 13:17:27,74.2,5400,74.19,U
sz002409,雅克科技,2025-09-30 13:17:30,74.19,13300,74.2,D
sz002409,雅克科技,2025-09-30 13:17:36,74.2,3600,74.2,D
sz002409,雅克科技,2025-09-30 13:17:39,74.2,7400,74.2,D
sz002409,雅克科技,2025-09-30 13:17:42,74.2,50100,74.2,D
sz002409,雅克科技,2025-09-30 13:17:45,74.2,12500,74.2,U
sz002409,雅克科技,2025-09-30 13:17:48,74.2,16300,74.2,U
sz002409,雅克科技,2025-09-30 13:17:51,74.15,57700,74.2,D
sz002409,雅克科技,2025-09-30 13:17:54,74.15,4900,74.15,U
sz002409,雅克科技,2025-09-30 13:18:00,74.15,9500,74.14,U
sz002409,雅克科技,2025-09-30 13:18:03,74.15,3300,74.15,U
sz002409,雅克科技,2025-09-30 13:18:09,74.15,14300,74.14,U
sz002409,雅克科技,2025-09-30 13:18:12,74.15,20500,74.15,U
sz002409,雅克科技,2025-09-30 13:18:15,74.15,13100,74.15,D
sz002409,雅克科技,2025-09-30 13:18:21,74.17,3200,74.15,U
sz002409,雅克科技,2025-09-30 13:18:30,74.19,6900,74.18,U
sz002409,雅克科技,2025-09-30 13:18:36,74.21,4700,74.2,U
sz002409,雅克科技,2025-09-30 13:18:39,74.18,24700,74.21,D
sz002409,雅克科技,2025-09-30 13:18:42,74.2,3000,74.18,U
sz002409,雅克科技,2025-09-30 13:18:51,74.24,3000,74.21,U
sz002409,雅克科技,2025-09-30 13:18:54,74.21,6200,74.24,E
sz002409,雅克科技,2025-09-30 13:18:57,74.22,5300,74.21,E
sz002409,雅克科技,2025-09-30 13:19:00,74.15,24600,74.22,D
sz002409,雅克科技,2025-09-30 13:19:03,74.15,13500,74.15,D
sz002409,雅克科技,2025-09-30 13:19:06,74.22,4200,74.15,U
sz002409,雅克科技,2025-09-30 13:19:12,74.14,31700,74.21,D
sz002409,雅克科技,2025-09-30 13:19:15,74.15,7400,74.14,U
sz002409,雅克科技,2025-09-30 13:19:21,74.14,5100,74.15,D
sz002409,雅克科技,2025-09-30 13:19:30,74.16,7300,74.16,U
sz002409,雅克科技,2025-09-30 13:19:36,74.15,5400,74.14,D
sz002409,雅克科技,2025-09-30 13:19:42,74.16,5000,74.14,U
sz002409,雅克科技,2025-09-30 13:19:51,74.1,15100,74.15,D
sz002409,雅克科技,2025-09-30 13:19:54,74.05,12700,74.1,D
sz002409,雅克科技,2025-09-30 13:20:09,74.07,10100,74.13,D
sz002409,雅克科技,2025-09-30 13:20:12,74.07,3200,74.07,U
sz002409,雅克科技,2025-09-30 13:20:15,74.32,23600,74.07,U
sz002409,雅克科技,2025-09-30 13:20:30,74.25,3400,74.24,U
sz002409,雅克科技,2025-09-30 13:20:42,74.26,3300,74.26,U
sz002409,雅克科技,2025-09-30 13:20:48,74.26,9300,74.25,U
sz002409,雅克科技,2025-09-30 13:20:51,74.26,5000,74.26,U
sz002409,雅克科技,2025-09-30 13:20:57,74.26,4500,74.26,U
sz002409,雅克科技,2025-09-30 13:21:00,74.25,4200,74.26,D
sz002409,雅克科技,2025-09-30 13:21:03,74.25,9800,74.25,D
sz002409,雅克科技,2025-09-30 13:21:06,74.24,5700,74.25,E
sz002409,雅克科技,2025-09-30 13:21:15,74.21,2800,74.21,U
sz002409,雅克科技,2025-09-30 13:21:27,74.27,3611,74.22,U
sz002409,雅克科技,2025-09-30 13:21:30,74.21,4755,74.27,D
sz002409,雅克科技,2025-09-30 13:21:33,74.29,3307,74.21,U
sz002409,雅克科技,2025-09-30 13:21:51,74.34,3500,74.29,U
sz002409,雅克科技,2025-09-30 13:22:00,74.37,6900,74.3,U
sz002409,雅克科技,2025-09-30 13:22:06,74.3,14600,74.34,D
sz002409,雅克科技,2025-09-30 13:22:09,74.24,5200,74.3,D
sz002409,雅克科技,2025-09-30 13:22:15,74.23,9400,74.22,U
sz002409,雅克科技,2025-09-30 13:23:21,74.32,3500,74.29,U
sz002409,雅克科技,2025-09-30 13:23:27,74.32,4300,74.31,U
sz002409,雅克科技,2025-09-30 13:23:42,74.39,3600,74.38,U
sz002409,雅克科技,2025-09-30 13:23:48,74.38,3000,74.37,D
sz002409,雅克科技,2025-09-30 13:24:09,74.43,2800,74.43,U
sz002409,雅克科技,2025-09-30 13:24:15,74.44,3300,74.43,U
sz002409,雅克科技,2025-09-30 13:24:21,74.5,4100,74.44,U
sz002409,雅克科技,2025-09-30 13:24:45,74.49,2700,74.5,D
sz002409,雅克科技,2025-09-30 13:24:51,74.53,3200,74.49,U
sz002409,雅克科技,2025-09-30 13:25:03,74.49,24700,74.53,D
sz002409,雅克科技,2025-09-30 13:25:06,74.44,2700,74.49,D
sz002409,雅克科技,2025-09-30 13:25:15,74.4,7600,74.43,D
sz002409,雅克科技,2025-09-30 13:25:21,74.38,19500,74.41,D
sz002409,雅克科技,2025-09-30 13:25:30,74.38,5800,74.36,U
sz002409,雅克科技,2025-09-30 13:25:33,74.37,6100,74.38,D
sz002409,雅克科技,2025-09-30 13:25:36,74.39,6100,74.37,U
sz002409,雅克科技,2025-09-30 13:25:39,74.39,7100,74.39,U
sz002409,雅克科技,2025-09-30 13:25:42,74.4,3900,74.39,U
sz002409,雅克科技,2025-09-30 13:25:57,74.43,3700,74.43,U
sz002409,雅克科技,2025-09-30 13:26:21,74.5,7600,74.43,U
sz002409,雅克科技,2025-09-30 13:26:30,74.53,5700,74.44,U
sz002409,雅克科技,2025-09-30 13:26:33,74.43,6100,74.53,D
sz002409,雅克科技,2025-09-30 13:26:51,74.53,3000,74.53,U
sz002409,雅克科技,2025-09-30 13:27:06,74.58,4000,74.58,U
sz002409,雅克科技,2025-09-30 13:27:12,74.58,7600,74.58,U
sz002409,雅克科技,2025-09-30 13:27:18,74.55,4800,74.58,D
sz002409,雅克科技,2025-09-30 13:27:21,74.5,5700,74.55,D
sz002409,雅克科技,2025-09-30 13:27:24,74.49,3600,74.5,D
sz002409,雅克科技,2025-09-30 13:27:33,74.5,3800,74.49,U
sz002409,雅克科技,2025-09-30 13:27:57,74.52,4100,74.51,U
sz002409,雅克科技,2025-09-30 13:28:00,74.49,4000,74.52,D
sz002409,雅克科技,2025-09-30 13:28:03,74.43,6400,74.49,D
sz002409,雅克科技,2025-09-30 13:28:33,74.47,16500,74.49,D
sz002409,雅克科技,2025-09-30 13:28:48,74.46,3000,74.46,U
sz002409,雅克科技,2025-09-30 13:28:51,74.45,4100,74.46,D
sz002409,雅克科技,2025-09-30 13:28:54,74.43,12600,74.45,D
sz002409,雅克科技,2025-09-30 13:29:06,74.3,5400,74.37,D
sz002409,雅克科技,2025-09-30 13:29:15,74.35,2800,74.33,E
sz002409,雅克科技,2025-09-30 13:29:24,74.31,3200,74.32,D
sz002409,雅克科技,2025-09-30 13:29:30,74.3,5700,74.31,D
sz002409,雅克科技,2025-09-30 13:29:36,74.3,14700,74.3,D
sz002409,雅克科技,2025-09-30 13:29:45,74.28,3900,74.34,D
sz002409,雅克科技,2025-09-30 13:30:00,74.31,7400,74.31,D
sz002409,雅克科技,2025-09-30 13:30:09,74.32,3000,74.32,E
sz002409,雅克科技,2025-09-30 13:30:27,74.37,4900,74.31,U
sz002409,雅克科技,2025-09-30 13:30:36,74.3,4300,74.37,D
sz002409,雅克科技,2025-09-30 13:30:39,74.3,8100,74.3,D
sz002409,雅克科技,2025-09-30 13:30:42,74.3,2700,74.3,U
sz002409,雅克科技,2025-09-30 13:30:48,74.28,3700,74.29,D
sz002409,雅克科技,2025-09-30 13:30:51,74.28,8900,74.28,D
sz002409,雅克科技,2025-09-30 13:31:00,74.28,4800,74.27,U
sz002409,雅克科技,2025-09-30 13:31:12,74.26,4700,74.27,D
sz002409,雅克科技,2025-09-30 13:31:33,74.28,3300,74.27,U
sz002409,雅克科技,2025-09-30 13:31:42,74.25,20000,74.29,D
sz002409,雅克科技,2025-09-30 13:31:45,74.25,12200,74.25,D
sz002409,雅克科技,2025-09-30 13:31:48,74.22,5400,74.25,D
sz002409,雅克科技,2025-09-30 13:31:54,74.19,23100,74.21,D
sz002409,雅克科技,2025-09-30 13:31:57,74.17,2800,74.19,D
sz002409,雅克科技,2025-09-30 13:32:00,74.0,91500,74.17,D
sz002409,雅克科技,2025-09-30 13:32:03,74.02,3200,74.0,U
sz002409,雅克科技,2025-09-30 13:32:06,74.02,54500,74.02,U
sz002409,雅克科技,2025-09-30 13:32:09,74.03,4000,74.02,U
sz002409,雅克科技,2025-09-30 13:32:18,74.11,2900,74.03,U
sz002409,雅克科技,2025-09-30 13:32:30,74.11,4200,74.12,U
sz002409,雅克科技,2025-09-30 13:32:33,74.04,11300,74.11,D
sz002409,雅克科技,2025-09-30 13:32:36,74.1,19700,74.04,U
sz002409,雅克科技,2025-09-30 13:32:39,74.02,12500,74.1,D
sz002409,雅克科技,2025-09-30 13:32:42,74.0,7200,74.02,D
sz002409,雅克科技,2025-09-30 13:32:45,73.99,25300,74.0,D
sz002409,雅克科技,2025-09-30 13:32:57,73.96,4800,73.98,D
sz002409,雅克科技,2025-09-30 13:33:00,73.94,3800,73.96,D
sz002409,雅克科技,2025-09-30 13:33:06,73.91,7100,73.94,D
sz002409,雅克科技,2025-09-30 13:33:12,73.93,19800,73.93,U
sz002409,雅克科技,2025-09-30 13:33:18,73.84,6200,73.91,D
sz002409,雅克科技,2025-09-30 13:33:21,73.8,44900,73.84,D
sz002409,雅克科技,2025-09-30 13:33:30,73.82,34000,73.83,E
sz002409,雅克科技,2025-09-30 13:33:36,73.7,9200,73.78,D
sz002409,雅克科技,2025-09-30 13:33:39,73.7,3300,73.7,U
sz002409,雅克科技,2025-09-30 13:33:45,73.69,6900,73.7,D
sz002409,雅克科技,2025-09-30 13:33:51,73.77,3300,73.73,U
sz002409,雅克科技,2025-09-30 13:33:54,73.71,9000,73.77,E
sz002409,雅克科技,2025-09-30 13:34:06,73.7,6600,73.78,D
sz002409,雅克科技,2025-09-30 13:34:09,73.72,3400,73.7,D
sz002409,雅克科技,2025-09-30 13:34:15,73.73,3200,73.72,E
sz002409,雅克科技,2025-09-30 13:34:24,73.76,5100,73.73,D
sz002409,雅克科技,2025-09-30 13:34:27,73.76,3200,73.76,U
sz002409,雅克科技,2025-09-30 13:34:30,73.72,13000,73.76,D
sz002409,雅克科技,2025-09-30 13:34:33,73.73,7400,73.72,U
sz002409,雅克科技,2025-09-30 13:34:36,73.72,4300,73.73,E
sz002409,雅克科技,2025-09-30 13:34:45,73.73,3600,73.73,D
sz002409,雅克科技,2025-09-30 13:34:48,73.74,8000,73.73,U
sz002409,雅克科技,2025-09-30 13:34:51,73.74,11200,73.74,D
sz002409,雅克科技,2025-09-30 13:34:54,73.74,3500,73.74,D
sz002409,雅克科技,2025-09-30 13:35:00,73.73,7100,73.74,D
sz002409,雅克科技,2025-09-30 13:35:03,73.69,14900,73.73,D
sz002409,雅克科技,2025-09-30 13:35:06,73.66,6500,73.69,D
sz002409,雅克科技,2025-09-30 13:35:09,73.65,6100,73.66,D
sz002409,雅克科技,2025-09-30 13:35:12,73.65,3100,73.65,D
sz002409,雅克科技,2025-09-30 13:35:18,73.64,4200,73.64,U
sz002409,雅克科技,2025-09-30 13:35:21,73.61,3500,73.64,D
sz002409,雅克科技,2025-09-30 13:35:24,73.6,6100,73.61,D
sz002409,雅克科技,2025-09-30 13:35:27,73.59,6200,73.6,D
sz002409,雅克科技,2025-09-30 13:35:30,73.58,7000,73.59,D
sz002409,雅克科技,2025-09-30 13:35:33,73.58,5900,73.58,D
sz002409,雅克科技,2025-09-30 13:35:36,73.57,3000,73.58,D
sz002409,雅克科技,2025-09-30 13:35:39,73.58,5200,73.57,U
sz002409,雅克科技,2025-09-30 13:35:48,73.5,36000,73.53,D
sz002409,雅克科技,2025-09-30 13:35:51,73.49,3300,73.5,D
sz002409,雅克科技,2025-09-30 13:35:54,73.49,6800,73.49,D
sz002409,雅克科技,2025-09-30 13:35:57,73.49,3200,73.49,U
sz002409,雅克科技,2025-09-30 13:36:03,73.52,13900,73.47,U
sz002409,雅克科技,2025-09-30 13:36:06,73.52,10800,73.52,U
sz002409,雅克科技,2025-09-30 13:36:09,73.53,4400,73.52,U
sz002409,雅克科技,2025-09-30 13:36:12,73.5,4900,73.53,D
sz002409,雅克科技,2025-09-30 13:36:18,73.59,10600,73.53,U
sz002409,雅克科技,2025-09-30 13:36:21,73.6,5800,73.59,U
sz002409,雅克科技,2025-09-30 13:36:24,73.64,3900,73.6,U
sz002409,雅克科技,2025-09-30 13:36:30,73.64,4500,73.64,U
sz002409,雅克科技,2025-09-30 13:36:33,73.63,9400,73.64,D
sz002409,雅克科技,2025-09-30 13:36:36,73.64,2900,73.63,U
sz002409,雅克科技,2025-09-30 13:36:45,73.65,3200,73.66,D
sz002409,雅克科技,2025-09-30 13:36:51,73.72,4800,73.68,U
sz002409,雅克科技,2025-09-30 13:36:54,73.7,3800,73.72,E
sz002409,雅克科技,2025-09-30 13:36:57,73.64,16200,73.7,D
sz002409,雅克科技,2025-09-30 13:37:00,73.6,4800,73.64,D
sz002409,雅克科技,2025-09-30 13:37:03,73.65,10200,73.6,U
sz002409,雅克科技,2025-09-30 13:37:15,73.61,5900,73.65,D
sz002409,雅克科技,2025-09-30 13:37:18,73.61,6100,73.61,U
sz002409,雅克科技,2025-09-30 13:37:21,73.6,3900,73.61,D
sz002409,雅克科技,2025-09-30 13:37:24,73.6,6100,73.6,U
sz002409,雅克科技,2025-09-30 13:37:27,73.5,26900,73.6,D
sz002409,雅克科技,2025-09-30 13:37:30,73.5,4600,73.5,U
sz002409,雅克科技,2025-09-30 13:37:48,73.45,5100,73.45,U
sz002409,雅克科技,2025-09-30 13:37:57,73.44,2800,73.44,U
sz002409,雅克科技,2025-09-30 13:38:00,73.42,25400,73.44,D
sz002409,雅克科技,2025-09-30 13:38:03,73.4,4800,73.42,D
sz002409,雅克科技,2025-09-30 13:38:09,73.4,4000,73.4,D
sz002409,雅克科技,2025-09-30 13:38:15,73.36,60300,73.4,D
sz002409,雅克科技,2025-09-30 13:38:21,73.43,3800,73.44,D
sz002409,雅克科技,2025-09-30 13:38:33,73.55,3300,73.56,E
sz002409,雅克科技,2025-09-30 13:38:39,73.45,3600,73.56,D
sz002409,雅克科技,2025-09-30 13:38:45,73.56,3700,73.55,U
sz002409,雅克科技,2025-09-30 13:38:54,73.5,5200,73.5,D
sz002409,雅克科技,2025-09-30 13:39:00,73.5,6100,73.5,E
sz002409,雅克科技,2025-09-30 13:39:06,73.45,8300,73.5,D
sz002409,雅克科技,2025-09-30 13:39:09,73.45,5400,73.45,D
sz002409,雅克科技,2025-09-30 13:39:15,73.5,3100,73.5,U
sz002409,雅克科技,2025-09-30 13:39:18,73.5,8300,73.5,U
sz002409,雅克科技,2025-09-30 13:39:21,73.45,4700,73.5,E
sz002409,雅克科技,2025-09-30 13:39:24,73.41,3100,73.45,D
sz002409,雅克科技,2025-09-30 13:39:39,73.5,3000,73.43,U
sz002409,雅克科技,2025-09-30 13:39:54,73.45,3100,73.45,U
sz002409,雅克科技,2025-09-30 13:40:03,73.5,4100,73.45,U
sz002409,雅克科技,2025-09-30 13:40:15,73.53,5300,73.55,D
sz002409,雅克科技,2025-09-30 13:40:24,73.61,4200,73.59,U
sz002409,雅克科技,2025-09-30 13:40:27,73.61,5900,73.61,U
sz002409,雅克科技,2025-09-30 13:40:30,73.61,9900,73.61,E
sz002409,雅克科技,2025-09-30 13:40:48,73.63,3100,73.63,U
sz002409,雅克科技,2025-09-30 13:40:51,73.63,4000,73.63,D
sz002409,雅克科技,2025-09-30 13:40:54,73.6,5800,73.63,D
sz002409,雅克科技,2025-09-30 13:41:06,73.55,3378,73.56,E
sz002409,雅克科技,2025-09-30 13:41:09,73.57,2822,73.55,U
sz002409,雅克科技,2025-09-30 13:41:12,73.57,4900,73.57,U
sz002409,雅克科技,2025-09-30 13:41:15,73.56,3766,73.57,E
sz002409,雅克科技,2025-09-30 13:41:27,73.59,3800,73.6,E
sz002409,雅克科技,2025-09-30 13:41:42,73.6,8800,73.6,U
sz002409,雅克科技,2025-09-30 13:41:54,73.6,10300,73.61,D
sz002409,雅克科技,2025-09-30 13:42:09,73.63,3200,73.62,U
sz002409,雅克科技,2025-09-30 13:42:21,73.68,3300,73.65,U
sz002409,雅克科技,2025-09-30 13:42:24,73.66,3700,73.68,E
sz002409,雅克科技,2025-09-30 13:42:27,73.65,6800,73.66,E
sz002409,雅克科技,2025-09-30 13:42:30,73.6,7200,73.65,D
sz002409,雅克科技,2025-09-30 13:42:33,73.6,5300,73.6,D
sz002409,雅克科技,2025-09-30 13:42:39,73.6,3100,73.61,D
sz002409,雅克科技,2025-09-30 13:42:45,73.6,5000,73.6,D
sz002409,雅克科技,2025-09-30 13:42:51,73.6,4500,73.63,D
sz002409,雅克科技,2025-09-30 13:42:57,73.6,3700,73.6,D
sz002409,雅克科技,2025-09-30 13:43:03,73.59,12300,73.6,D
sz002409,雅克科技,2025-09-30 13:43:15,73.56,10500,73.59,D
sz002409,雅克科技,2025-09-30 13:43:21,73.55,3702,73.59,D
sz002409,雅克科技,2025-09-30 13:43:24,73.57,4800,73.55,U
sz002409,雅克科技,2025-09-30 13:43:33,73.58,11000,73.58,U
sz002409,雅克科技,2025-09-30 13:43:36,73.58,7800,73.58,U
sz002409,雅克科技,2025-09-30 13:43:54,73.62,7600,73.63,E
sz002409,雅克科技,2025-09-30 13:43:57,73.62,7200,73.62,U
sz002409,雅克科技,2025-09-30 13:44:00,73.56,10500,73.62,D
sz002409,雅克科技,2025-09-30 13:44:24,73.58,4300,73.57,U
sz002409,雅克科技,2025-09-30 13:44:27,73.52,10300,73.58,D
sz002409,雅克科技,2025-09-30 13:44:36,73.57,3600,73.57,E
sz002409,雅克科技,2025-09-30 13:44:45,73.58,9200,73.56,U
sz002409,雅克科技,2025-09-30 13:44:54,73.59,4500,73.59,U
sz002409,雅克科技,2025-09-30 13:45:30,73.54,3600,73.55,D
sz002409,雅克科技,2025-09-30 13:45:33,73.54,3000,73.54,U
sz002409,雅克科技,2025-09-30 13:45:36,73.52,13700,73.54,D
sz002409,雅克科技,2025-09-30 13:45:39,73.52,4000,73.52,D
sz002409,雅克科技,2025-09-30 13:45:42,73.51,13100,73.52,D
sz002409,雅克科技,2025-09-30 13:45:45,73.51,2734,73.51,D
sz002409,雅克科技,2025-09-30 13:45:48,73.48,33500,73.51,D
sz002409,雅克科技,2025-09-30 13:45:51,73.49,7400,73.48,U
sz002409,雅克科技,2025-09-30 13:45:57,73.45,9672,73.47,D
sz002409,雅克科技,2025-09-30 13:46:03,73.43,9852,73.43,D
sz002409,雅克科技,2025-09-30 13:46:09,73.57,7753,73.47,U
sz002409,雅克科技,2025-09-30 13:46:18,73.58,7800,73.51,U
sz002409,雅克科技,2025-09-30 13:46:57,73.56,5500,73.57,D
sz002409,雅克科技,2025-09-30 13:47:03,73.58,4000,73.58,U
sz002409,雅克科技,2025-09-30 13:47:09,73.55,8100,73.58,D
sz002409,雅克科技,2025-09-30 13:47:30,73.56,4400,73.52,U
sz002409,雅克科技,2025-09-30 13:48:03,73.47,27000,73.53,D
sz002409,雅克科技,2025-09-30 13:48:06,73.44,3800,73.47,D
sz002409,雅克科技,2025-09-30 13:48:24,73.46,5100,73.45,E
sz002409,雅克科技,2025-09-30 13:48:27,73.44,5100,73.46,D
sz002409,雅克科技,2025-09-30 13:48:33,73.44,5400,73.44,D
sz002409,雅克科技,2025-09-30 13:48:36,73.43,5527,73.44,D
sz002409,雅克科技,2025-09-30 13:48:48,73.42,9600,73.42,U
sz002409,雅克科技,2025-09-30 13:48:51,73.42,12400,73.42,U
sz002409,雅克科技,2025-09-30 13:49:00,73.37,32900,73.4,D
sz002409,雅克科技,2025-09-30 13:49:03,73.35,28600,73.37,D
sz002409,雅克科技,2025-09-30 13:49:12,73.32,5300,73.34,D
sz002409,雅克科技,2025-09-30 13:49:15,73.29,7200,73.32,D
sz002409,雅克科技,2025-09-30 13:49:21,73.26,5200,73.28,D
sz002409,雅克科技,2025-09-30 13:49:24,73.27,12400,73.26,E
sz002409,雅克科技,2025-09-30 13:49:27,73.26,9900,73.27,D
sz002409,雅克科技,2025-09-30 13:49:30,73.26,24900,73.26,E
sz002409,雅克科技,2025-09-30 13:49:33,73.26,3500,73.26,D
sz002409,雅克科技,2025-09-30 13:49:36,73.29,4200,73.26,E
sz002409,雅克科技,2025-09-30 13:49:42,73.34,4000,73.34,U
sz002409,雅克科技,2025-09-30 13:49:45,73.36,6500,73.34,U
sz002409,雅克科技,2025-09-30 13:49:51,73.41,6000,73.37,U
sz002409,雅克科技,2025-09-30 13:50:06,73.3,5900,73.37,D
sz002409,雅克科技,2025-09-30 13:50:09,73.3,3100,73.3,D
sz002409,雅克科技,2025-09-30 13:50:15,73.28,4500,73.3,D
sz002409,雅克科技,2025-09-30 13:50:21,73.28,3100,73.29,D
sz002409,雅克科技,2025-09-30 13:50:27,73.27,5200,73.27,D
sz002409,雅克科技,2025-09-30 13:50:33,73.26,3800,73.27,E
sz002409,雅克科技,2025-09-30 13:50:45,73.25,7300,73.24,U
sz002409,雅克科技,2025-09-30 13:50:51,73.22,6100,73.25,D
sz002409,雅克科技,2025-09-30 13:50:54,73.22,3900,73.22,D
sz002409,雅克科技,2025-09-30 13:50:57,73.25,3300,73.22,U
sz002409,雅克科技,2025-09-30 13:51:00,73.27,40400,73.25,U
sz002409,雅克科技,2025-09-30 13:51:03,73.29,10900,73.27,U
sz002409,雅克科技,2025-09-30 13:51:06,73.34,5600,73.29,U
sz002409,雅克科技,2025-09-30 13:51:09,73.38,3000,73.34,U
sz002409,雅克科技,2025-09-30 13:51:18,73.3,9100,73.3,D
sz002409,雅克科技,2025-09-30 13:51:24,73.3,3000,73.4,D
sz002409,雅克科技,2025-09-30 13:51:33,73.33,3100,73.32,E
sz002409,雅克科技,2025-09-30 13:51:39,73.39,10700,73.38,U
sz002409,雅克科技,2025-09-30 13:51:48,73.34,8300,73.33,D
sz002409,雅克科技,2025-09-30 13:51:51,73.38,5300,73.34,U
sz002409,雅克科技,2025-09-30 13:52:00,73.33,7000,73.33,D
sz002409,雅克科技,2025-09-30 13:52:03,73.34,3100,73.33,U
sz002409,雅克科技,2025-09-30 13:52:30,73.34,13700,73.34,D
sz002409,雅克科技,2025-09-30 13:52:33,73.32,3200,73.34,D
sz002409,雅克科技,2025-09-30 13:52:45,73.33,10500,73.33,D
sz002409,雅克科技,2025-09-30 13:52:54,73.32,12600,73.31,U
sz002409,雅克科技,2025-09-30 13:52:57,73.27,3900,73.32,D
sz002409,雅克科技,2025-09-30 13:53:03,73.3,4300,73.3,U
sz002409,雅克科技,2025-09-30 13:53:06,73.28,6500,73.3,D
sz002409,雅克科技,2025-09-30 13:53:15,73.28,6700,73.29,U
sz002409,雅克科技,2025-09-30 13:53:18,73.27,18700,73.28,D
sz002409,雅克科技,2025-09-30 13:53:21,73.25,20700,73.27,D
sz002409,雅克科技,2025-09-30 13:53:24,73.26,2900,73.25,U
sz002409,雅克科技,2025-09-30 13:53:33,73.24,3800,73.26,D
sz002409,雅克科技,2025-09-30 13:53:39,73.2,19653,73.23,D
sz002409,雅克科技,2025-09-30 13:53:42,73.22,19469,73.2,U
sz002409,雅克科技,2025-09-30 13:53:48,73.18,4126,73.2,D
sz002409,雅克科技,2025-09-30 13:53:51,73.23,3800,73.18,D
sz002409,雅克科技,2025-09-30 13:53:54,73.23,3100,73.23,D
sz002409,雅克科技,2025-09-30 13:53:57,73.25,5100,73.23,U
sz002409,雅克科技,2025-09-30 13:54:00,73.23,2800,73.25,D
sz002409,雅克科技,2025-09-30 13:54:06,73.27,5900,73.23,U
sz002409,雅克科技,2025-09-30 13:54:09,73.21,6900,73.27,E
sz002409,雅克科技,2025-09-30 13:54:12,73.21,16400,73.21,E
sz002409,雅克科技,2025-09-30 13:54:33,73.22,5700,73.2,U
sz002409,雅克科技,2025-09-30 13:54:39,73.25,33400,73.2,U
sz002409,雅克科技,2025-09-30 13:54:42,73.31,8300,73.25,U
sz002409,雅克科技,2025-09-30 13:55:00,73.3,3100,73.31,D
sz002409,雅克科技,2025-09-30 13:55:06,73.28,4300,73.29,D
sz002409,雅克科技,2025-09-30 13:55:09,73.27,3700,73.28,D
sz002409,雅克科技,2025-09-30 13:55:33,73.27,3300,73.22,U
sz002409,雅克科技,2025-09-30 13:55:36,73.26,4500,73.27,E
sz002409,雅克科技,2025-09-30 13:55:54,73.24,5300,73.25,D
sz002409,雅克科技,2025-09-30 13:55:57,73.24,5300,73.24,D
sz002409,雅克科技,2025-09-30 13:56:03,73.26,3900,73.24,E
sz002409,雅克科技,2025-09-30 13:56:06,73.27,2900,73.26,U
sz002409,雅克科技,2025-09-30 13:56:09,73.25,11000,73.27,D
sz002409,雅克科技,2025-09-30 13:56:15,73.2,8100,73.23,D
sz002409,雅克科技,2025-09-30 13:56:18,73.2,4000,73.2,D
sz002409,雅克科技,2025-09-30 13:56:30,73.2,5100,73.2,U
sz002409,雅克科技,2025-09-30 13:56:33,73.19,6400,73.2,U
sz002409,雅克科技,2025-09-30 13:56:54,73.17,3000,73.17,D
sz002409,雅克科技,2025-09-30 13:57:00,73.16,3200,73.17,D
sz002409,雅克科技,2025-09-30 13:57:06,73.16,3100,73.15,U
sz002409,雅克科技,2025-09-30 13:57:09,73.15,3700,73.16,D
sz002409,雅克科技,2025-09-30 13:57:12,73.13,5800,73.15,D
sz002409,雅克科技,2025-09-30 13:57:18,73.13,3300,73.13,D
sz002409,雅克科技,2025-09-30 13:57:21,73.1,11100,73.13,D
sz002409,雅克科技,2025-09-30 13:57:24,73.11,16100,73.1,E
sz002409,雅克科技,2025-09-30 13:57:30,73.09,3300,73.08,U
sz002409,雅克科技,2025-09-30 13:57:33,73.07,7000,73.09,D
sz002409,雅克科技,2025-09-30 13:57:36,73.07,3600,73.07,U
sz002409,雅克科技,2025-09-30 13:57:51,73.07,19700,73.05,U
sz002409,雅克科技,2025-09-30 13:57:57,73.07,17400,73.08,D
sz002409,雅克科技,2025-09-30 13:58:00,73.13,7300,73.07,U
sz002409,雅克科技,2025-09-30 13:58:03,73.18,7100,73.13,U
sz002409,雅克科技,2025-09-30 13:58:09,73.15,13600,73.19,D
sz002409,雅克科技,2025-09-30 13:58:12,73.2,5000,73.15,U
sz002409,雅克科技,2025-09-30 13:58:15,73.21,4800,73.2,U
sz002409,雅克科技,2025-09-30 13:58:30,73.24,7500,73.25,D
sz002409,雅克科技,2025-09-30 13:58:39,73.25,3900,73.25,U
sz002409,雅克科技,2025-09-30 13:59:00,73.3,8000,73.24,U
sz002409,雅克科技,2025-09-30 13:59:03,73.24,3300,73.3,D
sz002409,雅克科技,2025-09-30 13:59:27,73.42,3100,73.42,U
sz002409,雅克科技,2025-09-30 13:59:39,73.45,8200,73.45,U
sz002409,雅克科技,2025-09-30 13:59:42,73.46,2900,73.45,U
sz002409,雅克科技,2025-09-30 13:59:45,73.45,3100,73.46,D
sz002409,雅克科技,2025-09-30 13:59:57,73.44,4100,73.44,E
sz002409,雅克科技,2025-09-30 14:00:00,73.42,3343,73.44,D
sz002409,雅克科技,2025-09-30 14:00:06,73.4,3800,73.4,U
sz002409,雅克科技,2025-09-30 14:00:18,73.31,3900,73.31,U
sz002409,雅克科技,2025-09-30 14:00:24,73.3,4800,73.3,D
sz002409,雅克科技,2025-09-30 14:00:42,73.26,10800,73.3,D
sz002409,雅克科技,2025-09-30 14:00:51,73.3,6400,73.29,U
sz002409,雅克科技,2025-09-30 14:00:54,73.3,4800,73.3,U
sz002409,雅克科技,2025-09-30 14:01:06,73.31,14800,73.3,U
sz002409,雅克科技,2025-09-30 14:02:00,73.45,4900,73.44,U
sz002409,雅克科技,2025-09-30 14:02:06,73.44,3900,73.44,D
sz002409,雅克科技,2025-09-30 14:02:09,73.46,5500,73.44,U
sz002409,雅克科技,2025-09-30 14:02:15,73.5,5500,73.5,U
sz002409,雅克科技,2025-09-30 14:02:18,73.49,2800,73.5,D
sz002409,雅克科技,2025-09-30 14:02:36,73.56,3000,73.57,E
sz002409,雅克科技,2025-09-30 14:02:39,73.57,4000,73.56,U
sz002409,雅克科技,2025-09-30 14:02:42,73.58,5900,73.57,U
sz002409,雅克科技,2025-09-30 14:02:45,73.49,7600,73.58,D
sz002409,雅克科技,2025-09-30 14:02:51,73.6,3300,73.59,U
sz002409,雅克科技,2025-09-30 14:02:57,73.6,3100,73.6,U
sz002409,雅克科技,2025-09-30 14:03:00,73.6,2800,73.6,D
sz002409,雅克科技,2025-09-30 14:03:09,73.6,3900,73.61,D
sz002409,雅克科技,2025-09-30 14:03:18,73.58,2900,73.61,D
sz002409,雅克科技,2025-09-30 14:03:21,73.61,6700,73.58,U
sz002409,雅克科技,2025-09-30 14:03:24,73.63,4500,73.61,U
sz002409,雅克科技,2025-09-30 14:03:30,73.63,3100,73.63,U
sz002409,雅克科技,2025-09-30 14:03:48,73.67,3600,73.64,U
sz002409,雅克科技,2025-09-30 14:03:57,73.7,4500,73.7,U
sz002409,雅克科技,2025-09-30 14:04:06,73.73,11500,73.71,U
sz002409,雅克科技,2025-09-30 14:04:24,73.71,4300,73.66,U
sz002409,雅克科技,2025-09-30 14:04:42,73.67,5800,73.67,U
sz002409,雅克科技,2025-09-30 14:04:51,73.66,3100,73.66,U
sz002409,雅克科技,2025-09-30 14:05:15,73.65,4400,73.64,U
sz002409,雅克科技,2025-09-30 14:05:27,73.72,9500,73.66,U
sz002409,雅克科技,2025-09-30 14:05:51,73.72,3000,73.71,D
sz002409,雅克科技,2025-09-30 14:05:54,73.75,3500,73.72,U
sz002409,雅克科技,2025-09-30 14:06:06,73.76,13200,73.76,D
sz002409,雅克科技,2025-09-30 14:06:09,73.76,4500,73.76,D
sz002409,雅克科技,2025-09-30 14:06:12,73.77,6600,73.76,U
sz002409,雅克科技,2025-09-30 14:06:30,73.72,4100,73.77,D
sz002409,雅克科技,2025-09-30 14:06:39,73.68,3000,73.72,D
sz002409,雅克科技,2025-09-30 14:06:42,73.71,10900,73.68,U
sz002409,雅克科技,2025-09-30 14:06:57,73.67,2800,73.67,D
sz002409,雅克科技,2025-09-30 14:07:18,73.63,15900,73.66,D
sz002409,雅克科技,2025-09-30 14:07:21,73.61,3100,73.63,D
sz002409,雅克科技,2025-09-30 14:07:24,73.61,4900,73.61,U
sz002409,雅克科技,2025-09-30 14:07:36,73.54,4800,73.55,D
sz002409,雅克科技,2025-09-30 14:07:57,73.52,6300,73.52,D
sz002409,雅克科技,2025-09-30 14:08:12,73.62,6000,73.55,U
sz002409,雅克科技,2025-09-30 14:08:18,73.6,2900,73.62,D
sz002409,雅克科技,2025-09-30 14:08:33,73.64,3000,73.65,U
sz002409,雅克科技,2025-09-30 14:08:45,73.64,3100,73.63,U
sz002409,雅克科技,2025-09-30 14:08:48,73.63,3000,73.64,E
sz002409,雅克科技,2025-09-30 14:09:00,73.62,4700,73.6,U
sz002409,雅克科技,2025-09-30 14:09:21,73.58,9567,73.54,U
sz002409,雅克科技,2025-09-30 14:09:45,73.62,6900,73.59,U
sz002409,雅克科技,2025-09-30 14:09:51,73.64,3200,73.63,U
sz002409,雅克科技,2025-09-30 14:10:03,73.62,7000,73.63,D
sz002409,雅克科技,2025-09-30 14:10:42,73.66,12700,73.65,U
sz002409,雅克科技,2025-09-30 14:11:03,73.68,15100,73.73,D
sz002409,雅克科技,2025-09-30 14:11:27,73.65,2900,73.68,D
sz002409,雅克科技,2025-09-30 14:11:30,73.65,4800,73.65,U
sz002409,雅克科技,2025-09-30 14:11:33,73.65,3600,73.65,U
sz002409,雅克科技,2025-09-30 14:12:09,73.61,3800,73.62,D
sz002409,雅克科技,2025-09-30 14:12:15,73.59,3100,73.61,D
sz002409,雅克科技,2025-09-30 14:13:09,73.57,8200,73.55,U
sz002409,雅克科技,2025-09-30 14:13:12,73.6,25700,73.57,U
sz002409,雅克科技,2025-09-30 14:13:24,73.59,3700,73.59,D
sz002409,雅克科技,2025-09-30 14:14:27,73.61,6400,73.6,E
sz002409,雅克科技,2025-09-30 14:14:30,73.6,5100,73.61,D
sz002409,雅克科技,2025-09-30 14:14:57,73.58,10500,73.59,D
sz002409,雅克科技,2025-09-30 14:15:45,73.53,10800,73.55,D
sz002409,雅克科技,2025-09-30 14:16:00,73.58,5664,73.52,U
sz002409,雅克科技,2025-09-30 14:16:15,73.6,11200,73.6,U
sz002409,雅克科技,2025-09-30 14:16:39,73.65,3100,73.66,D
sz002409,雅克科技,2025-09-30 14:17:45,73.76,5500,73.76,U
sz002409,雅克科技,2025-09-30 14:17:54,73.7,7000,73.75,D
sz002409,雅克科技,2025-09-30 14:18:18,73.79,4000,73.78,U
sz002409,雅克科技,2025-09-30 14:18:30,73.81,4000,73.83,D
sz002409,雅克科技,2025-09-30 14:19:03,73.85,2900,73.85,U
sz002409,雅克科技,2025-09-30 14:19:12,73.85,3600,73.87,D
sz002409,雅克科技,2025-09-30 14:19:15,73.81,12200,73.85,D
sz002409,雅克科技,2025-09-30 14:19:18,73.81,3000,73.81,D
sz002409,雅克科技,2025-09-30 14:19:21,73.81,3500,73.81,U
sz002409,雅克科技,2025-09-30 14:20:27,73.76,3200,73.75,E
sz002409,雅克科技,2025-09-30 14:20:30,73.76,3800,73.76,U
sz002409,雅克科技,2025-09-30 14:21:15,73.8,3200,73.76,U
sz002409,雅克科技,2025-09-30 14:21:45,73.86,3900,73.85,U
sz002409,雅克科技,2025-09-30 14:22:00,73.84,4900,73.84,D
sz002409,雅克科技,2025-09-30 14:22:03,73.87,7400,73.84,U
sz002409,雅克科技,2025-09-30 14:22:06,73.83,3200,73.87,E
sz002409,雅克科技,2025-09-30 14:22:09,73.84,3100,73.83,U
sz002409,雅克科技,2025-09-30 14:22:30,73.9,2900,73.85,U
sz002409,雅克科技,2025-09-30 14:22:54,73.9,10000,73.89,E
sz002409,雅克科技,2025-09-30 14:23:27,73.87,11000,73.91,D
sz002409,雅克科技,2025-09-30 14:23:45,73.99,9100,73.91,U
sz002409,雅克科技,2025-09-30 14:23:57,73.99,4500,73.99,U
sz002409,雅克科技,2025-09-30 14:24:00,73.99,6600,73.99,D
sz002409,雅克科技,2025-09-30 14:24:06,73.95,3800,73.98,D
sz002409,雅克科技,2025-09-30 14:24:09,73.95,2800,73.95,D
sz002409,雅克科技,2025-09-30 14:24:15,73.89,6000,73.94,D
sz002409,雅克科技,2025-09-30 14:24:18,73.85,7200,73.89,D
