symbol,name,ticktime,price,volume,prev_price,kind
sz002409,雅克科技,2025-09-17 09:25:00,62.11,106900,0.0,U
sz002409,雅克科技,2025-09-17 09:30:00,62.3,66800,62.11,U
sz002409,雅克科技,2025-09-17 09:30:03,62.21,56800,62.3,E
sz002409,雅克科技,2025-09-17 09:30:06,62.19,36200,62.21,D
sz002409,雅克科技,2025-09-17 09:30:09,62.18,31400,62.19,D
sz002409,雅克科技,2025-09-17 09:30:12,62.12,19700,62.18,D
sz002409,雅克科技,2025-09-17 09:30:15,62.12,14500,62.12,D
sz002409,雅克科技,2025-09-17 09:30:18,62.1,33700,62.12,D
sz002409,雅克科技,2025-09-17 09:30:21,62.05,7100,62.1,D
sz002409,雅克科技,2025-09-17 09:30:24,62.03,8900,62.05,D
sz002409,雅克科技,2025-09-17 09:30:27,62.01,34200,62.03,D
sz002409,雅克科技,2025-09-17 09:30:30,62.0,7600,62.01,D
sz002409,雅克科技,2025-09-17 09:30:33,61.95,6300,62.0,D
sz002409,雅克科技,2025-09-17 09:30:36,61.93,6900,61.95,D
sz002409,雅克科技,2025-09-17 09:30:42,61.8,4000,61.88,D
sz002409,雅克科技,2025-09-17 09:30:45,61.93,16600,61.8,U
sz002409,雅克科技,2025-09-17 09:30:48,62.1,48600,61.93,U
sz002409,雅克科技,2025-09-17 09:30:51,61.97,23900,62.1,D
sz002409,雅克科技,2025-09-17 09:30:54,61.97,6000,61.97,D
sz002409,雅克科技,2025-09-17 09:30:57,62.05,13100,61.97,U
sz002409,雅克科技,2025-09-17 09:31:00,61.97,53000,62.05,D
sz002409,雅克科技,2025-09-17 09:31:06,62.05,19900,62.0,U
sz002409,雅克科技,2025-09-17 09:31:09,61.93,5700,62.05,D
sz002409,雅克科技,2025-09-17 09:31:15,61.9,4000,61.96,D
sz002409,雅克科技,2025-09-17 09:31:18,61.68,16600,61.9,D
sz002409,雅克科技,2025-09-17 09:31:24,61.63,11200,61.74,D
sz002409,雅克科技,2025-09-17 09:31:48,61.62,39600,61.62,D
sz002409,雅克科技,2025-09-17 09:31:51,61.61,4900,61.62,D
sz002409,雅克科技,2025-09-17 09:31:54,61.61,5800,61.61,U
sz002409,雅克科技,2025-09-17 09:31:57,61.65,15100,61.61,U
sz002409,雅克科技,2025-09-17 09:32:03,61.58,6200,61.59,D
sz002409,雅克科技,2025-09-17 09:32:09,61.5,22200,61.56,D
sz002409,雅克科技,2025-09-17 09:32:15,61.51,4200,61.51,D
sz002409,雅克科技,2025-09-17 09:32:18,61.52,6700,61.51,U
sz002409,雅克科技,2025-09-17 09:32:21,61.57,6200,61.52,U
sz002409,雅克科技,2025-09-17 09:32:24,61.55,7700,61.57,D
sz002409,雅克科技,2025-09-17 09:32:33,61.52,5100,61.53,D
sz002409,雅克科技,2025-09-17 09:32:39,61.52,7800,61.55,D
sz002409,雅克科技,2025-09-17 09:32:45,61.51,10000,61.57,D
sz002409,雅克科技,2025-09-17 09:32:48,61.52,6000,61.51,U
sz002409,雅克科技,2025-09-17 09:32:54,61.51,7100,61.52,D
sz002409,雅克科技,2025-09-17 09:32:57,61.52,4000,61.51,U
sz002409,雅克科技,2025-09-17 09:33:03,61.55,29900,61.51,U
sz002409,雅克科技,2025-09-17 09:33:09,61.52,44400,61.56,D
sz002409,雅克科技,2025-09-17 09:33:12,61.46,4700,61.52,D
sz002409,雅克科技,2025-09-17 09:33:15,61.49,17500,61.46,U
sz002409,雅克科技,2025-09-17 09:33:21,61.45,3600,61.46,E
sz002409,雅克科技,2025-09-17 09:33:39,61.51,7600,61.55,D
sz002409,雅克科技,2025-09-17 09:33:42,61.45,6900,61.51,D
sz002409,雅克科技,2025-09-17 09:33:48,61.48,3300,61.41,U
sz002409,雅克科技,2025-09-17 09:33:51,61.45,4900,61.48,D
sz002409,雅克科技,2025-09-17 09:33:57,61.52,3300,61.48,U
sz002409,雅克科技,2025-09-17 09:34:00,61.47,5200,61.52,D
sz002409,雅克科技,2025-09-17 09:34:06,61.55,8600,61.46,U
sz002409,雅克科技,2025-09-17 09:34:18,61.59,6600,61.52,U
sz002409,雅克科技,2025-09-17 09:34:33,61.69,6000,61.69,U
sz002409,雅克科技,2025-09-17 09:34:42,61.62,13800,61.7,D
sz002409,雅克科技,2025-09-17 09:34:45,61.6,4600,61.62,U
sz002409,雅克科技,2025-09-17 09:34:48,61.66,5800,61.6,U
sz002409,雅克科技,2025-09-17 09:34:54,61.59,9300,61.6,D
sz002409,雅克科技,2025-09-17 09:35:03,61.57,20400,61.56,U
sz002409,雅克科技,2025-09-17 09:35:06,61.56,5500,61.57,U
sz002409,雅克科技,2025-09-17 09:35:09,61.56,5900,61.56,D
sz002409,雅克科技,2025-09-17 09:35:15,61.55,5800,61.55,D
sz002409,雅克科技,2025-09-17 09:35:18,61.55,3300,61.55,U
sz002409,雅克科技,2025-09-17 09:35:27,61.55,7200,61.56,D
sz002409,雅克科技,2025-09-17 09:35:33,61.55,7300,61.56,D
sz002409,雅克科技,2025-09-17 09:35:36,61.49,9300,61.55,D
sz002409,雅克科技,2025-09-17 09:35:45,61.48,4300,61.5,D
sz002409,雅克科技,2025-09-17 09:35:51,61.52,3300,61.52,U
sz002409,雅克科技,2025-09-17 09:35:54,61.52,7200,61.52,U
sz002409,雅克科技,2025-09-17 09:35:57,61.47,4600,61.52,D
sz002409,雅克科技,2025-09-17 09:36:03,61.72,73700,61.46,U
sz002409,雅克科技,2025-09-17 09:36:27,61.9,4200,61.88,U
sz002409,雅克科技,2025-09-17 09:36:36,61.88,13300,61.9,D
sz002409,雅克科技,2025-09-17 09:36:39,61.94,11500,61.88,U
sz002409,雅克科技,2025-09-17 09:36:45,61.9,5100,61.98,D
sz002409,雅克科技,2025-09-17 09:36:48,61.93,8500,61.9,E
sz002409,雅克科技,2025-09-17 09:36:57,61.94,3800,61.94,D
sz002409,雅克科技,2025-09-17 09:37:03,62.0,12000,61.94,U
sz002409,雅克科技,2025-09-17 09:37:09,62.03,20600,62.04,D
sz002409,雅克科技,2025-09-17 09:37:15,62.04,11100,62.04,U
sz002409,雅克科技,2025-09-17 09:37:18,61.98,11400,62.04,D
sz002409,雅克科技,2025-09-17 09:37:21,61.88,12200,61.98,D
sz002409,雅克科技,2025-09-17 09:37:24,61.93,7000,61.88,U
sz002409,雅克科技,2025-09-17 09:37:30,61.79,8300,61.84,D
sz002409,雅克科技,2025-09-17 09:37:42,61.82,5100,61.8,U
sz002409,雅克科技,2025-09-17 09:37:45,61.84,7600,61.82,U
sz002409,雅克科技,2025-09-17 09:37:48,61.82,15800,61.84,D
sz002409,雅克科技,2025-09-17 09:37:54,61.81,17200,61.82,D
sz002409,雅克科技,2025-09-17 09:37:57,61.78,11400,61.81,D
sz002409,雅克科技,2025-09-17 09:38:15,61.8,3400,61.8,D
sz002409,雅克科技,2025-09-17 09:38:18,61.81,9300,61.8,U
sz002409,雅克科技,2025-09-17 09:38:21,61.79,10900,61.81,E
sz002409,雅克科技,2025-09-17 09:38:30,61.81,6300,61.81,D
sz002409,雅克科技,2025-09-17 09:38:39,61.82,15300,61.76,U
sz002409,雅克科技,2025-09-17 09:38:45,61.83,3400,61.81,U
sz002409,雅克科技,2025-09-17 09:38:51,61.9,3300,61.86,U
sz002409,雅克科技,2025-09-17 09:39:03,62.02,12800,61.93,U
sz002409,雅克科技,2025-09-17 09:39:09,61.97,4700,62.0,D
sz002409,雅克科技,2025-09-17 09:39:12,62.0,3900,61.97,E
sz002409,雅克科技,2025-09-17 09:39:15,62.01,9300,62.0,U
sz002409,雅克科技,2025-09-17 09:39:18,61.94,15500,62.01,D
sz002409,雅克科技,2025-09-17 09:39:21,61.83,3800,61.94,D
sz002409,雅克科技,2025-09-17 09:39:27,61.94,7300,61.91,U
sz002409,雅克科技,2025-09-17 09:39:33,61.99,37600,61.94,U
sz002409,雅克科技,2025-09-17 09:39:39,62.01,3900,61.99,U
sz002409,雅克科技,2025-09-17 09:39:42,62.05,4400,62.01,U
sz002409,雅克科技,2025-09-17 09:39:51,62.03,16500,62.03,D
sz002409,雅克科技,2025-09-17 09:39:54,62.05,4000,62.03,U
sz002409,雅克科技,2025-09-17 09:39:57,62.02,6200,62.05,E
sz002409,雅克科技,2025-09-17 09:40:00,62.01,9600,62.02,E
sz002409,雅克科技,2025-09-17 09:40:03,62.04,22800,62.01,E
sz002409,雅克科技,2025-09-17 09:40:24,62.1,11100,62.08,U
sz002409,雅克科技,2025-09-17 09:40:27,62.09,14000,62.1,D
sz002409,雅克科技,2025-09-17 09:40:30,62.1,5400,62.09,E
sz002409,雅克科技,2025-09-17 09:40:33,62.09,9000,62.1,D
sz002409,雅克科技,2025-09-17 09:40:36,62.07,4200,62.09,D
sz002409,雅克科技,2025-09-17 09:40:42,62.08,10100,62.1,D
sz002409,雅克科技,2025-09-17 09:40:45,62.1,4200,62.08,U
sz002409,雅克科技,2025-09-17 09:40:48,62.1,4500,62.1,D
sz002409,雅克科技,2025-09-17 09:40:51,62.2,21800,62.1,U
sz002409,雅克科技,2025-09-17 09:40:54,62.18,6600,62.2,D
sz002409,雅克科技,2025-09-17 09:41:00,62.26,4300,62.21,U
sz002409,雅克科技,2025-09-17 09:41:03,62.31,13300,62.26,U
sz002409,雅克科技,2025-09-17 09:41:06,62.46,24700,62.31,U
sz002409,雅克科技,2025-09-17 09:41:12,62.4,9300,62.34,E
sz002409,雅克科技,2025-09-17 09:41:15,62.41,3400,62.4,D
sz002409,雅克科技,2025-09-17 09:41:18,62.41,7600,62.41,D
sz002409,雅克科技,2025-09-17 09:41:21,62.41,20300,62.41,D
sz002409,雅克科技,2025-09-17 09:41:24,62.42,10300,62.41,U
sz002409,雅克科技,2025-09-17 09:41:30,62.42,5200,62.42,D
sz002409,雅克科技,2025-09-17 09:41:33,62.41,6800,62.42,D
sz002409,雅克科技,2025-09-17 09:41:36,62.38,32300,62.41,D
sz002409,雅克科技,2025-09-17 09:41:39,62.39,11200,62.38,U
sz002409,雅克科技,2025-09-17 09:41:42,62.33,3400,62.39,E
sz002409,雅克科技,2025-09-17 09:41:45,62.26,15000,62.33,D
sz002409,雅克科技,2025-09-17 09:41:48,62.25,6500,62.26,D
sz002409,雅克科技,2025-09-17 09:41:51,62.2,9700,62.25,D
sz002409,雅克科技,2025-09-17 09:41:54,62.24,3600,62.2,E
sz002409,雅克科技,2025-09-17 09:41:57,62.26,13100,62.24,U
sz002409,雅克科技,2025-09-17 09:42:00,62.19,8600,62.26,D
sz002409,雅克科技,2025-09-17 09:42:12,62.15,6800,62.15,D
sz002409,雅克科技,2025-09-17 09:42:15,62.18,4200,62.15,U
sz002409,雅克科技,2025-09-17 09:42:21,62.13,6900,62.09,U
sz002409,雅克科技,2025-09-17 09:42:24,62.13,10500,62.13,U
sz002409,雅克科技,2025-09-17 09:42:30,62.11,4900,62.18,D
sz002409,雅克科技,2025-09-17 09:42:36,62.18,11100,62.18,E
sz002409,雅克科技,2025-09-17 09:42:48,62.2,4800,62.23,U
sz002409,雅克科技,2025-09-17 09:42:51,62.2,12100,62.2,D
sz002409,雅克科技,2025-09-17 09:43:00,62.2,9600,62.2,U
sz002409,雅克科技,2025-09-17 09:43:03,62.18,10900,62.2,D
sz002409,雅克科技,2025-09-17 09:43:15,62.13,4800,62.19,D
sz002409,雅克科技,2025-09-17 09:43:18,62.19,6600,62.13,U
sz002409,雅克科技,2025-09-17 09:43:24,62.1,6100,62.14,D
sz002409,雅克科技,2025-09-17 09:43:27,62.09,12400,62.1,D
sz002409,雅克科技,2025-09-17 09:43:42,62.1,4100,62.12,D
sz002409,雅克科技,2025-09-17 09:43:45,62.1,3900,62.1,U
sz002409,雅克科技,2025-09-17 09:43:48,62.13,3500,62.1,U
sz002409,雅克科技,2025-09-17 09:43:51,62.15,5800,62.13,U
sz002409,雅克科技,2025-09-17 09:44:03,62.19,6400,62.12,U
sz002409,雅克科技,2025-09-17 09:44:42,62.19,8400,62.15,U
sz002409,雅克科技,2025-09-17 09:44:45,62.2,5200,62.19,U
sz002409,雅克科技,2025-09-17 09:44:51,62.22,9100,62.2,U
sz002409,雅克科技,2025-09-17 09:45:00,62.24,4500,62.24,D
sz002409,雅克科技,2025-09-17 09:45:03,62.28,7000,62.24,U
sz002409,雅克科技,2025-09-17 09:45:06,62.3,23500,62.28,U
sz002409,雅克科技,2025-09-17 09:45:12,62.4,6700,62.35,U
sz002409,雅克科技,2025-09-17 09:45:15,62.42,17300,62.4,U
sz002409,雅克科技,2025-09-17 09:45:18,62.45,3300,62.42,U
sz002409,雅克科技,2025-09-17 09:45:21,62.46,9900,62.45,U
sz002409,雅克科技,2025-09-17 09:45:24,62.35,20900,62.46,D
sz002409,雅克科技,2025-09-17 09:45:27,62.34,5800,62.35,E
sz002409,雅克科技,2025-09-17 09:45:30,62.35,10800,62.34,U
sz002409,雅克科技,2025-09-17 09:45:33,62.35,18000,62.35,U
sz002409,雅克科技,2025-09-17 09:45:36,62.34,14500,62.35,E
sz002409,雅克科技,2025-09-17 09:45:39,62.29,4400,62.34,E
sz002409,雅克科技,2025-09-17 09:45:42,62.29,12300,62.29,U
sz002409,雅克科技,2025-09-17 09:45:45,62.29,4300,62.29,U
sz002409,雅克科技,2025-09-17 09:45:48,62.22,10800,62.29,D
sz002409,雅克科技,2025-09-17 09:45:51,62.2,28600,62.22,D
sz002409,雅克科技,2025-09-17 09:45:54,62.19,5400,62.2,D
sz002409,雅克科技,2025-09-17 09:45:57,62.17,4300,62.19,D
sz002409,雅克科技,2025-09-17 09:46:00,62.16,5500,62.17,D
sz002409,雅克科技,2025-09-17 09:46:06,62.22,6200,62.18,U
sz002409,雅克科技,2025-09-17 09:46:09,62.22,4500,62.22,D
sz002409,雅克科技,2025-09-17 09:46:15,62.28,14500,62.25,U
sz002409,雅克科技,2025-09-17 09:46:18,62.3,5300,62.28,E
sz002409,雅克科技,2025-09-17 09:46:24,62.36,29300,62.31,U
sz002409,雅克科技,2025-09-17 09:46:27,62.36,13500,62.36,D
sz002409,雅克科技,2025-09-17 09:46:30,62.4,7700,62.36,U
sz002409,雅克科技,2025-09-17 09:46:33,62.34,36100,62.4,D
sz002409,雅克科技,2025-09-17 09:46:36,62.36,7100,62.34,U
sz002409,雅克科技,2025-09-17 09:46:39,62.34,7700,62.36,E
sz002409,雅克科技,2025-09-17 09:46:42,62.34,6400,62.34,U
sz002409,雅克科技,2025-09-17 09:46:45,62.37,8200,62.34,U
sz002409,雅克科技,2025-09-17 09:46:48,62.36,15200,62.37,D
sz002409,雅克科技,2025-09-17 09:46:51,62.36,6000,62.36,U
sz002409,雅克科技,2025-09-17 09:47:03,62.31,4600,62.34,E
sz002409,雅克科技,2025-09-17 09:47:06,62.3,3300,62.31,D
sz002409,雅克科技,2025-09-17 09:47:09,62.34,3700,62.3,U
sz002409,雅克科技,2025-09-17 09:47:15,62.3,16500,62.34,D
sz002409,雅克科技,2025-09-17 09:47:21,62.28,19700,62.31,D
sz002409,雅克科技,2025-09-17 09:47:33,62.25,5700,62.3,D
sz002409,雅克科技,2025-09-17 09:47:36,62.25,4300,62.25,D
sz002409,雅克科技,2025-09-17 09:47:39,62.26,26600,62.25,U
sz002409,雅克科技,2025-09-17 09:47:45,62.26,6400,62.26,D
sz002409,雅克科技,2025-09-17 09:47:51,62.29,6600,62.28,U
sz002409,雅克科技,2025-09-17 09:47:54,62.34,22700,62.29,U
sz002409,雅克科技,2025-09-17 09:47:57,62.43,12900,62.34,U
sz002409,雅克科技,2025-09-17 09:48:00,62.48,53900,62.43,U
sz002409,雅克科技,2025-09-17 09:48:06,62.48,5100,62.47,U
sz002409,雅克科技,2025-09-17 09:48:12,62.47,14400,62.48,D
sz002409,雅克科技,2025-09-17 09:48:15,62.47,7400,62.47,D
sz002409,雅克科技,2025-09-17 09:48:18,62.42,13700,62.47,D
sz002409,雅克科技,2025-09-17 09:48:21,62.4,24200,62.42,D
sz002409,雅克科技,2025-09-17 09:48:27,62.37,4300,62.33,U
sz002409,雅克科技,2025-09-17 09:48:30,62.33,25000,62.37,U
sz002409,雅克科技,2025-09-17 09:48:36,62.35,5400,62.4,D
sz002409,雅克科技,2025-09-17 09:48:39,62.3,10200,62.35,D
sz002409,雅克科技,2025-09-17 09:48:45,62.3,6000,62.3,U
sz002409,雅克科技,2025-09-17 09:48:51,62.36,9800,62.36,U
sz002409,雅克科技,2025-09-17 09:49:00,62.4,7500,62.37,U
sz002409,雅克科技,2025-09-17 09:49:06,62.36,29700,62.43,D
sz002409,雅克科技,2025-09-17 09:49:09,62.38,11400,62.36,E
sz002409,雅克科技,2025-09-17 09:49:21,62.33,4600,62.38,D
sz002409,雅克科技,2025-09-17 09:49:27,62.38,7700,62.39,U
sz002409,雅克科技,2025-09-17 09:49:33,62.42,10100,62.39,E
sz002409,雅克科技,2025-09-17 09:49:48,62.48,8400,62.46,U
sz002409,雅克科技,2025-09-17 09:49:54,62.48,4800,62.45,U
sz002409,雅克科技,2025-09-17 09:50:00,62.48,7600,62.48,E
sz002409,雅克科技,2025-09-17 09:50:03,62.48,3800,62.48,D
sz002409,雅克科技,2025-09-17 09:50:06,62.49,13300,62.48,U
sz002409,雅克科技,2025-09-17 09:50:09,62.5,65900,62.49,U
sz002409,雅克科技,2025-09-17 09:50:12,62.5,24400,62.5,U
sz002409,雅克科技,2025-09-17 09:50:15,62.5,14200,62.5,U
sz002409,雅克科技,2025-09-17 09:50:18,62.5,4100,62.5,U
sz002409,雅克科技,2025-09-17 09:50:21,62.42,64918,62.5,D
sz002409,雅克科技,2025-09-17 09:50:24,62.39,8300,62.42,D
sz002409,雅克科技,2025-09-17 09:50:33,62.43,4000,62.43,U
sz002409,雅克科技,2025-09-17 09:50:42,62.46,6300,62.45,U
sz002409,雅克科技,2025-09-17 09:50:48,62.46,4100,62.47,D
sz002409,雅克科技,2025-09-17 09:50:51,62.49,12000,62.46,U
sz002409,雅克科技,2025-09-17 09:50:54,62.5,4800,62.49,U
sz002409,雅克科技,2025-09-17 09:51:03,62.48,31600,62.49,D
sz002409,雅克科技,2025-09-17 09:51:06,62.49,9000,62.48,U
sz002409,雅克科技,2025-09-17 09:51:12,62.48,13100,62.48,D
sz002409,雅克科技,2025-09-17 09:51:18,62.47,27100,62.48,E
sz002409,雅克科技,2025-09-17 09:51:24,62.45,3600,62.45,U
sz002409,雅克科技,2025-09-17 09:51:27,62.44,7900,62.45,E
sz002409,雅克科技,2025-09-17 09:51:30,62.42,4100,62.44,D
sz002409,雅克科技,2025-09-17 09:51:33,62.39,18500,62.42,D
sz002409,雅克科技,2025-09-17 09:51:45,62.39,20200,62.33,U
sz002409,雅克科技,2025-09-17 09:51:57,62.4,8400,62.38,U
sz002409,雅克科技,2025-09-17 09:52:00,62.4,12500,62.4,D
sz002409,雅克科技,2025-09-17 09:52:06,62.39,3500,62.38,E
sz002409,雅克科技,2025-09-17 09:52:15,62.4,3300,62.4,D
sz002409,雅克科技,2025-09-17 09:52:18,62.42,4800,62.4,U
sz002409,雅克科技,2025-09-17 09:52:21,62.55,59700,62.42,U
sz002409,雅克科技,2025-09-17 09:52:39,62.55,6900,62.55,U
sz002409,雅克科技,2025-09-17 09:52:45,62.57,3300,62.55,U
sz002409,雅克科技,2025-09-17 09:52:48,62.52,18200,62.57,D
sz002409,雅克科技,2025-09-17 09:52:51,62.54,5400,62.52,U
sz002409,雅克科技,2025-09-17 09:53:00,62.42,20400,62.42,D
sz002409,雅克科技,2025-09-17 09:53:03,62.46,13400,62.42,U
sz002409,雅克科技,2025-09-17 09:53:06,62.46,4100,62.46,U
sz002409,雅克科技,2025-09-17 09:53:09,62.52,4100,62.46,U
sz002409,雅克科技,2025-09-17 09:53:12,62.53,4600,62.52,E
sz002409,雅克科技,2025-09-17 09:53:15,62.55,3400,62.53,U
sz002409,雅克科技,2025-09-17 09:53:21,62.55,6400,62.56,D
sz002409,雅克科技,2025-09-17 09:53:24,62.58,15500,62.55,U
sz002409,雅克科技,2025-09-17 09:53:30,62.6,16200,62.58,U
sz002409,雅克科技,2025-09-17 09:53:36,62.57,22100,62.6,D
sz002409,雅克科技,2025-09-17 09:53:39,62.54,10600,62.57,D
sz002409,雅克科技,2025-09-17 09:53:42,62.54,3500,62.54,D
sz002409,雅克科技,2025-09-17 09:53:45,62.58,5700,62.54,U
sz002409,雅克科技,2025-09-17 09:53:48,62.55,6600,62.58,D
sz002409,雅克科技,2025-09-17 09:53:51,62.54,10800,62.55,D
sz002409,雅克科技,2025-09-17 09:53:54,62.55,6800,62.54,U
sz002409,雅克科技,2025-09-17 09:53:57,62.56,9000,62.55,U
sz002409,雅克科技,2025-09-17 09:54:00,62.55,3500,62.56,U
sz002409,雅克科技,2025-09-17 09:54:03,62.56,10900,62.55,U
sz002409,雅克科技,2025-09-17 09:54:06,62.55,5800,62.56,D
sz002409,雅克科技,2025-09-17 09:54:09,62.47,30600,62.55,D
sz002409,雅克科技,2025-09-17 09:54:12,62.46,7500,62.47,D
sz002409,雅克科技,2025-09-17 09:54:21,62.51,14200,62.51,D
sz002409,雅克科技,2025-09-17 09:54:27,62.54,4400,62.52,U
sz002409,雅克科技,2025-09-17 09:54:30,62.51,7100,62.54,D
sz002409,雅克科技,2025-09-17 09:54:33,62.5,6800,62.51,D
sz002409,雅克科技,2025-09-17 09:54:42,62.52,7100,62.52,D
sz002409,雅克科技,2025-09-17 09:54:54,62.5,3400,62.52,D
sz002409,雅克科技,2025-09-17 09:55:00,62.48,10000,62.5,D
sz002409,雅克科技,2025-09-17 09:55:03,62.5,11400,62.48,E
sz002409,雅克科技,2025-09-17 09:55:09,62.43,13200,62.5,D
sz002409,雅克科技,2025-09-17 09:55:12,62.5,30800,62.43,U
sz002409,雅克科技,2025-09-17 09:55:24,62.4,4100,62.38,E
sz002409,雅克科技,2025-09-17 09:55:33,62.4,23600,62.4,U
sz002409,雅克科技,2025-09-17 09:55:36,62.41,28400,62.4,U
sz002409,雅克科技,2025-09-17 09:55:42,62.41,8500,62.45,D
sz002409,雅克科技,2025-09-17 09:55:48,62.4,4200,62.41,D
sz002409,雅克科技,2025-09-17 09:55:51,62.4,10700,62.4,U
sz002409,雅克科技,2025-09-17 09:56:00,62.41,41800,62.41,U
sz002409,雅克科技,2025-09-17 09:56:06,62.34,30400,62.38,D
sz002409,雅克科技,2025-09-17 09:56:09,62.32,4800,62.34,D
sz002409,雅克科技,2025-09-17 09:56:12,62.31,3600,62.32,D
sz002409,雅克科技,2025-09-17 09:56:18,62.31,7000,62.3,U
sz002409,雅克科技,2025-09-17 09:56:21,62.29,6100,62.31,D
sz002409,雅克科技,2025-09-17 09:56:24,62.28,3600,62.29,D
sz002409,雅克科技,2025-09-17 09:56:27,62.28,5200,62.28,D
sz002409,雅克科技,2025-09-17 09:56:30,62.28,13500,62.28,D
sz002409,雅克科技,2025-09-17 09:56:33,62.2,39400,62.28,D
sz002409,雅克科技,2025-09-17 09:56:36,62.17,9100,62.2,D
sz002409,雅克科技,2025-09-17 09:56:42,62.15,6500,62.17,D
sz002409,雅克科技,2025-09-17 09:56:45,62.15,7200,62.15,D
sz002409,雅克科技,2025-09-17 09:56:57,62.13,3400,62.13,D
sz002409,雅克科技,2025-09-17 09:57:03,62.13,5000,62.14,D
sz002409,雅克科技,2025-09-17 09:57:06,62.12,45800,62.13,D
sz002409,雅克科技,2025-09-17 09:57:09,62.08,14000,62.12,D
sz002409,雅克科技,2025-09-17 09:57:18,61.99,36100,62.02,D
sz002409,雅克科技,2025-09-17 09:57:21,61.96,12200,61.99,E
sz002409,雅克科技,2025-09-17 09:57:24,61.94,14000,61.96,E
sz002409,雅克科技,2025-09-17 09:57:30,61.94,4300,61.93,U
sz002409,雅克科技,2025-09-17 09:57:33,61.94,4700,61.94,U
sz002409,雅克科技,2025-09-17 09:57:36,61.94,4500,61.94,U
sz002409,雅克科技,2025-09-17 09:57:39,61.97,4000,61.94,U
sz002409,雅克科技,2025-09-17 09:57:42,61.89,11000,61.97,D
sz002409,雅克科技,2025-09-17 09:57:45,61.96,14100,61.89,U
sz002409,雅克科技,2025-09-17 09:57:51,61.97,5500,61.89,U
sz002409,雅克科技,2025-09-17 09:57:54,61.89,3900,61.97,D
sz002409,雅克科技,2025-09-17 09:57:57,61.9,5700,61.89,E
sz002409,雅克科技,2025-09-17 09:58:00,61.98,11100,61.9,U
sz002409,雅克科技,2025-09-17 09:58:06,61.95,3500,61.99,D
sz002409,雅克科技,2025-09-17 09:58:09,61.97,11000,61.95,U
sz002409,雅克科技,2025-09-17 09:58:12,62.01,39600,61.97,U
sz002409,雅克科技,2025-09-17 09:58:15,61.94,14500,62.01,D
sz002409,雅克科技,2025-09-17 09:58:21,61.98,3600,62.01,E
sz002409,雅克科技,2025-09-17 09:58:27,61.98,6700,61.99,D
sz002409,雅克科技,2025-09-17 09:58:30,61.97,4900,61.98,D
sz002409,雅克科技,2025-09-17 09:58:33,61.96,38400,61.97,D
sz002409,雅克科技,2025-09-17 09:58:36,61.98,10500,61.96,E
sz002409,雅克科技,2025-09-17 09:58:39,61.99,4400,61.98,E
sz002409,雅克科技,2025-09-17 09:58:42,62.0,29100,61.99,U
sz002409,雅克科技,2025-09-17 09:58:45,62.0,10000,62.0,U
sz002409,雅克科技,2025-09-17 09:58:48,62.0,7100,62.0,U
sz002409,雅克科技,2025-09-17 09:58:51,62.01,10000,62.0,U
sz002409,雅克科技,2025-09-17 09:58:54,62.0,11600,62.01,D
sz002409,雅克科技,2025-09-17 09:58:57,62.0,8501,62.0,D
sz002409,雅克科技,2025-09-17 09:59:00,62.0,5399,62.0,D
sz002409,雅克科技,2025-09-17 09:59:03,62.01,27900,62.0,U
sz002409,雅克科技,2025-09-17 09:59:06,61.97,6500,62.01,E
sz002409,雅克科技,2025-09-17 09:59:12,62.01,25701,61.97,U
sz002409,雅克科技,2025-09-17 09:59:15,62.01,12700,62.01,D
sz002409,雅克科技,2025-09-17 09:59:24,61.97,4200,61.97,U
sz002409,雅克科技,2025-09-17 09:59:27,61.95,4200,61.97,D
sz002409,雅克科技,2025-09-17 09:59:33,61.95,3500,61.97,D
sz002409,雅克科技,2025-09-17 09:59:36,61.95,10100,61.95,D
sz002409,雅克科技,2025-09-17 09:59:39,61.93,25200,61.95,D
sz002409,雅克科技,2025-09-17 09:59:42,61.9,7800,61.93,D
sz002409,雅克科技,2025-09-17 09:59:45,61.89,15300,61.9,D
sz002409,雅克科技,2025-09-17 09:59:48,61.86,46800,61.89,D
sz002409,雅克科技,2025-09-17 09:59:54,61.82,5900,61.83,D
sz002409,雅克科技,2025-09-17 09:59:57,61.82,3300,61.82,D
sz002409,雅克科技,2025-09-17 10:00:03,61.78,23800,61.83,D
sz002409,雅克科技,2025-09-17 10:00:06,61.77,9000,61.78,E
sz002409,雅克科技,2025-09-17 10:00:09,61.76,3300,61.77,D
sz002409,雅克科技,2025-09-17 10:00:15,61.84,34300,61.82,U
sz002409,雅克科技,2025-09-17 10:00:18,61.84,15800,61.84,U
sz002409,雅克科技,2025-09-17 10:00:27,61.89,3604,61.86,U
sz002409,雅克科技,2025-09-17 10:00:30,61.9,6200,61.89,U
sz002409,雅克科技,2025-09-17 10:00:33,61.85,12400,61.9,D
sz002409,雅克科技,2025-09-17 10:00:36,61.88,6900,61.85,U
sz002409,雅克科技,2025-09-17 10:00:39,61.88,13800,61.88,U
sz002409,雅克科技,2025-09-17 10:00:42,61.88,12900,61.88,U
sz002409,雅克科技,2025-09-17 10:00:45,61.91,53900,61.88,U
sz002409,雅克科技,2025-09-17 10:00:48,61.95,31400,61.91,U
sz002409,雅克科技,2025-09-17 10:01:00,61.99,8000,61.92,U
sz002409,雅克科技,2025-09-17 10:01:39,62.05,10200,62.06,D
sz002409,雅克科技,2025-09-17 10:01:42,62.05,9400,62.05,D
sz002409,雅克科技,2025-09-17 10:01:48,62.05,6500,62.04,U
sz002409,雅克科技,2025-09-17 10:01:54,62.01,10000,62.05,D
sz002409,雅克科技,2025-09-17 10:02:00,62.0,14300,62.05,D
sz002409,雅克科技,2025-09-17 10:02:06,62.02,3400,62.0,D
sz002409,雅克科技,2025-09-17 10:02:09,62.02,11500,62.02,D
sz002409,雅克科技,2025-09-17 10:02:18,62.0,22900,62.05,D
sz002409,雅克科技,2025-09-17 10:02:21,62.01,27400,62.0,U
sz002409,雅克科技,2025-09-17 10:02:36,61.98,4700,61.98,D
sz002409,雅克科技,2025-09-17 10:02:57,61.97,4000,61.98,D
sz002409,雅克科技,2025-09-17 10:03:06,61.97,3900,61.97,D
sz002409,雅克科技,2025-09-17 10:03:09,62.01,28000,61.97,U
sz002409,雅克科技,2025-09-17 10:03:57,62.05,4200,62.05,U
sz002409,雅克科技,2025-09-17 10:04:12,62.04,14300,62.04,D
sz002409,雅克科技,2025-09-17 10:04:15,61.97,28100,62.04,D
sz002409,雅克科技,2025-09-17 10:04:18,62.01,4500,61.97,U
sz002409,雅克科技,2025-09-17 10:04:45,62.04,4000,62.01,U
sz002409,雅克科技,2025-09-17 10:04:48,62.1,26500,62.04,U
sz002409,雅克科技,2025-09-17 10:04:51,62.08,6000,62.1,D
sz002409,雅克科技,2025-09-17 10:05:00,62.1,4400,62.08,U
sz002409,雅克科技,2025-09-17 10:05:21,62.11,5200,62.12,D
sz002409,雅克科技,2025-09-17 10:05:24,62.07,18300,62.11,D
sz002409,雅克科技,2025-09-17 10:05:27,62.07,17100,62.07,D
sz002409,雅克科技,2025-09-17 10:05:30,62.03,14600,62.07,D
sz002409,雅克科技,2025-09-17 10:05:45,62.02,3400,62.02,D
sz002409,雅克科技,2025-09-17 10:05:48,62.02,6500,62.02,D
sz002409,雅克科技,2025-09-17 10:06:06,62.02,4600,62.01,U
sz002409,雅克科技,2025-09-17 10:06:18,62.0,10500,62.0,D
sz002409,雅克科技,2025-09-17 10:06:21,61.99,6500,62.0,D
sz002409,雅克科技,2025-09-17 10:06:30,61.94,7900,61.98,D
sz002409,雅克科技,2025-09-17 10:06:48,61.91,4800,61.92,D
sz002409,雅克科技,2025-09-17 10:06:57,61.89,6600,61.9,D
sz002409,雅克科技,2025-09-17 10:07:03,61.88,3500,61.86,U
sz002409,雅克科技,2025-09-17 10:07:09,61.82,8200,61.83,D
sz002409,雅克科技,2025-09-17 10:07:12,61.79,11800,61.82,D
sz002409,雅克科技,2025-09-17 10:07:45,61.78,3800,61.78,D
sz002409,雅克科技,2025-09-17 10:07:51,61.78,10000,61.78,U
sz002409,雅克科技,2025-09-17 10:08:21,61.86,6700,61.88,D
sz002409,雅克科技,2025-09-17 10:08:27,61.86,10400,61.89,D
sz002409,雅克科技,2025-09-17 10:08:39,61.86,8800,61.87,E
sz002409,雅克科技,2025-09-17 10:08:51,61.81,5100,61.81,D
sz002409,雅克科技,2025-09-17 10:08:57,61.8,7500,61.82,D
sz002409,雅克科技,2025-09-17 10:09:12,61.81,17200,61.83,D
sz002409,雅克科技,2025-09-17 10:09:42,61.82,3400,61.82,D
sz002409,雅克科技,2025-09-17 10:09:45,61.8,9800,61.82,D
sz002409,雅克科技,2025-09-17 10:09:54,61.8,3600,61.83,D
sz002409,雅克科技,2025-09-17 10:10:03,61.76,9500,61.8,D
sz002409,雅克科技,2025-09-17 10:10:06,61.76,3500,61.76,D
sz002409,雅克科技,2025-09-17 10:10:18,61.72,4900,61.76,D
sz002409,雅克科技,2025-09-17 10:10:21,61.72,4200,61.72,D
sz002409,雅克科技,2025-09-17 10:10:33,61.72,4500,61.72,U
sz002409,雅克科技,2025-09-17 10:10:36,61.72,7000,61.72,D
sz002409,雅克科技,2025-09-17 10:10:51,61.71,5000,61.71,U
sz002409,雅克科技,2025-09-17 10:10:57,61.69,3900,61.71,D
sz002409,雅克科技,2025-09-17 10:11:00,61.7,15300,61.69,U
sz002409,雅克科技,2025-09-17 10:11:03,61.71,4000,61.7,U
sz002409,雅克科技,2025-09-17 10:11:06,61.7,3400,61.71,D
sz002409,雅克科技,2025-09-17 10:11:21,61.7,6400,61.7,U
sz002409,雅克科技,2025-09-17 10:11:27,61.69,5900,61.7,D
sz002409,雅克科技,2025-09-17 10:11:30,61.75,20500,61.69,U
sz002409,雅克科技,2025-09-17 10:11:36,61.75,3900,61.71,U
sz002409,雅克科技,2025-09-17 10:12:12,61.79,3600,61.83,D
sz002409,雅克科技,2025-09-17 10:12:15,61.82,43900,61.79,E
sz002409,雅克科技,2025-09-17 10:12:18,61.76,10900,61.82,D
sz002409,雅克科技,2025-09-17 10:12:30,61.89,5100,61.77,U
sz002409,雅克科技,2025-09-17 10:13:00,61.79,6800,61.8,D
sz002409,雅克科技,2025-09-17 10:13:21,61.8,3400,61.82,D
sz002409,雅克科技,2025-09-17 10:13:33,61.8,3400,61.8,D
sz002409,雅克科技,2025-09-17 10:13:36,61.79,7900,61.8,D
sz002409,雅克科技,2025-09-17 10:13:39,61.79,17800,61.79,D
sz002409,雅克科技,2025-09-17 10:13:42,61.8,8200,61.79,U
sz002409,雅克科技,2025-09-17 10:14:00,61.84,3500,61.81,U
sz002409,雅克科技,2025-09-17 10:14:24,61.89,9000,61.85,U
sz002409,雅克科技,2025-09-17 10:14:45,61.89,8900,61.96,D
sz002409,雅克科技,2025-09-17 10:14:48,61.89,4700,61.89,D
sz002409,雅克科技,2025-09-17 10:15:06,61.9,5500,61.9,U
sz002409,雅克科技,2025-09-17 10:15:15,61.81,44000,61.89,D
sz002409,雅克科技,2025-09-17 10:15:21,61.8,3500,61.82,D
sz002409,雅克科技,2025-09-17 10:15:30,61.8,8600,61.8,D
sz002409,雅克科技,2025-09-17 10:15:57,61.79,5800,61.78,U
sz002409,雅克科技,2025-09-17 10:16:42,61.88,9200,61.9,D
sz002409,雅克科技,2025-09-17 10:16:48,61.93,5200,61.86,U
sz002409,雅克科技,2025-09-17 10:17:39,61.9,4800,61.89,U
sz002409,雅克科技,2025-09-17 10:17:45,61.9,6100,61.9,D
sz002409,雅克科技,2025-09-17 10:17:48,61.93,7900,61.9,U
sz002409,雅克科技,2025-09-17 10:17:54,61.91,6100,61.93,U
sz002409,雅克科技,2025-09-17 10:18:00,61.91,7400,61.88,U
sz002409,雅克科技,2025-09-17 10:18:06,61.95,5600,61.91,U
sz002409,雅克科技,2025-09-17 10:18:12,61.96,4600,61.94,U
sz002409,雅克科技,2025-09-17 10:18:21,61.95,3600,61.95,E
sz002409,雅克科技,2025-09-17 10:18:27,61.87,13700,61.95,D
sz002409,雅克科技,2025-09-17 10:18:36,61.95,19800,61.86,U
sz002409,雅克科技,2025-09-17 10:18:48,61.96,7500,61.96,D
sz002409,雅克科技,2025-09-17 10:20:03,61.93,6800,61.93,D
sz002409,雅克科技,2025-09-17 10:20:06,61.89,7200,61.93,D
sz002409,雅克科技,2025-09-17 10:20:09,61.94,8600,61.89,U
sz002409,雅克科技,2025-09-17 10:20:24,61.9,4000,61.9,D
sz002409,雅克科技,2025-09-17 10:20:30,61.92,3700,61.9,U
sz002409,雅克科技,2025-09-17 10:20:54,61.88,4700,61.9,D
sz002409,雅克科技,2025-09-17 10:21:00,61.84,10900,61.88,D
sz002409,雅克科技,2025-09-17 10:21:12,61.88,3500,61.82,U
sz002409,雅克科技,2025-09-17 10:21:30,61.81,8600,61.82,D
sz002409,雅克科技,2025-09-17 10:21:33,61.8,12600,61.81,D
sz002409,雅克科技,2025-09-17 10:22:03,61.78,8200,61.79,D
sz002409,雅克科技,2025-09-17 10:22:09,61.77,5800,61.76,E
sz002409,雅克科技,2025-09-17 10:22:15,61.75,7000,61.78,D
sz002409,雅克科技,2025-09-17 10:22:30,61.7,15300,61.71,D
sz002409,雅克科技,2025-09-17 10:22:33,61.72,10300,61.7,E
sz002409,雅克科技,2025-09-17 10:22:36,61.68,4000,61.72,D
sz002409,雅克科技,2025-09-17 10:22:39,61.68,10800,61.68,D
sz002409,雅克科技,2025-09-17 10:22:48,61.64,12300,61.66,D
sz002409,雅克科技,2025-09-17 10:23:00,61.61,5000,61.61,D
sz002409,雅克科技,2025-09-17 10:23:03,61.58,8600,61.61,D
sz002409,雅克科技,2025-09-17 10:23:21,61.59,3400,61.61,D
sz002409,雅克科技,2025-09-17 10:23:24,61.61,5400,61.59,U
sz002409,雅克科技,2025-09-17 10:23:33,61.58,18500,61.61,D
sz002409,雅克科技,2025-09-17 10:23:36,61.64,15500,61.58,U
sz002409,雅克科技,2025-09-17 10:23:42,61.6,5500,61.64,D
sz002409,雅克科技,2025-09-17 10:24:12,61.73,5300,61.72,U
sz002409,雅克科技,2025-09-17 10:24:30,61.73,5700,61.75,D
sz002409,雅克科技,2025-09-17 10:25:00,61.69,4300,61.7,D
sz002409,雅克科技,2025-09-17 10:25:03,61.68,12000,61.69,D
sz002409,雅克科技,2025-09-17 10:25:12,61.63,9500,61.7,D
sz002409,雅克科技,2025-09-17 10:25:21,61.61,16900,61.6,E
sz002409,雅克科技,2025-09-17 10:25:33,61.61,8200,61.6,U
sz002409,雅克科技,2025-09-17 10:25:42,61.58,19100,61.6,D
sz002409,雅克科技,2025-09-17 10:26:09,61.53,8700,61.52,D
sz002409,雅克科技,2025-09-17 10:26:27,61.53,4300,61.53,D
sz002409,雅克科技,2025-09-17 10:26:30,61.55,3900,61.53,U
sz002409,雅克科技,2025-09-17 10:26:57,61.54,42100,61.55,D
sz002409,雅克科技,2025-09-17 10:27:00,61.57,5000,61.54,U
sz002409,雅克科技,2025-09-17 10:27:03,61.52,15800,61.57,D
sz002409,雅克科技,2025-09-17 10:27:06,61.51,17800,61.52,D
sz002409,雅克科技,2025-09-17 10:27:24,61.51,7300,61.51,D
sz002409,雅克科技,2025-09-17 10:27:36,61.51,33800,61.51,U
sz002409,雅克科技,2025-09-17 10:27:42,61.5,17700,61.5,D
sz002409,雅克科技,2025-09-17 10:27:45,61.5,4100,61.5,U
sz002409,雅克科技,2025-09-17 10:28:06,61.56,6400,61.5,U
sz002409,雅克科技,2025-09-17 10:28:09,61.5,5900,61.56,D
sz002409,雅克科技,2025-09-17 10:28:21,61.55,5000,61.58,D
sz002409,雅克科技,2025-09-17 10:28:45,61.57,3800,61.58,D
sz002409,雅克科技,2025-09-17 10:28:48,61.58,6700,61.57,U
sz002409,雅克科技,2025-09-17 10:29:03,61.58,5000,61.58,U
sz002409,雅克科技,2025-09-17 10:29:09,61.59,3900,61.59,D
sz002409,雅克科技,2025-09-17 10:29:12,61.57,19600,61.59,D
sz002409,雅克科技,2025-09-17 10:29:15,61.57,8800,61.57,D
sz002409,雅克科技,2025-09-17 10:29:30,61.61,8000,61.58,U
sz002409,雅克科技,2025-09-17 10:29:48,61.59,4400,61.58,U
sz002409,雅克科技,2025-09-17 10:29:54,61.53,12300,61.57,D
sz002409,雅克科技,2025-09-17 10:30:03,61.46,24600,61.53,D
sz002409,雅克科技,2025-09-17 10:30:12,61.46,4500,61.46,D
sz002409,雅克科技,2025-09-17 10:30:21,61.45,3600,61.45,D
sz002409,雅克科技,2025-09-17 10:30:27,61.45,8200,61.45,D
sz002409,雅克科技,2025-09-17 10:30:48,61.47,8500,61.44,U
sz002409,雅克科技,2025-09-17 10:30:51,61.53,4100,61.47,U
sz002409,雅克科技,2025-09-17 10:31:45,61.49,6300,61.51,D
sz002409,雅克科技,2025-09-17 10:31:48,61.5,11200,61.49,U
sz002409,雅克科技,2025-09-17 10:32:12,61.53,7700,61.56,D
sz002409,雅克科技,2025-09-17 10:32:15,61.57,6500,61.53,U
sz002409,雅克科技,2025-09-17 10:32:24,61.59,8000,61.59,D
sz002409,雅克科技,2025-09-17 10:32:27,61.57,8600,61.59,D
sz002409,雅克科技,2025-09-17 10:33:18,61.59,4600,61.59,D
sz002409,雅克科技,2025-09-17 10:33:24,61.6,3300,61.59,U
sz002409,雅克科技,2025-09-17 10:33:30,61.58,5100,61.59,E
sz002409,雅克科技,2025-09-17 10:34:24,61.51,5700,61.53,D
sz002409,雅克科技,2025-09-17 10:35:00,61.51,3300,61.53,D
sz002409,雅克科技,2025-09-17 10:35:03,61.51,21200,61.51,U
sz002409,雅克科技,2025-09-17 10:35:57,61.46,3700,61.46,D
sz002409,雅克科技,2025-09-17 10:36:09,61.46,9200,61.48,D
sz002409,雅克科技,2025-09-17 10:36:51,61.52,9300,61.53,D
sz002409,雅克科技,2025-09-17 10:37:06,61.52,5300,61.5,U
sz002409,雅克科技,2025-09-17 10:37:27,61.53,8100,61.51,E
sz002409,雅克科技,2025-09-17 10:37:30,61.5,6300,61.53,D
sz002409,雅克科技,2025-09-17 10:38:21,61.52,4200,61.53,D
sz002409,雅克科技,2025-09-17 10:39:54,61.6,11900,61.64,D
sz002409,雅克科技,2025-09-17 10:40:12,61.61,9300,61.64,D
sz002409,雅克科技,2025-09-17 10:40:48,61.6,16100,61.64,D
sz002409,雅克科技,2025-09-17 10:41:03,61.56,11400,61.61,D
sz002409,雅克科技,2025-09-17 10:41:12,61.53,5400,61.57,D
sz002409,雅克科技,2025-09-17 10:41:36,61.5,4700,61.51,D
sz002409,雅克科技,2025-09-17 10:41:39,61.51,4000,61.5,E
sz002409,雅克科技,2025-09-17 10:42:06,61.5,5300,61.49,U
sz002409,雅克科技,2025-09-17 10:42:18,61.49,4800,61.48,U
sz002409,雅克科技,2025-09-17 10:42:39,61.48,3500,61.48,U
sz002409,雅克科技,2025-09-17 10:42:45,61.48,4300,61.48,D
sz002409,雅克科技,2025-09-17 10:42:48,61.48,10800,61.48,D
sz002409,雅克科技,2025-09-17 10:43:00,61.48,4300,61.48,U
sz002409,雅克科技,2025-09-17 10:43:06,61.44,14600,61.47,D
sz002409,雅克科技,2025-09-17 10:43:09,61.42,8300,61.44,D
sz002409,雅克科技,2025-09-17 10:43:39,61.42,15500,61.45,D
sz002409,雅克科技,2025-09-17 10:43:48,61.42,11800,61.42,D
sz002409,雅克科技,2025-09-17 10:43:51,61.42,9100,61.42,D
sz002409,雅克科技,2025-09-17 10:44:27,61.43,6100,61.43,U
sz002409,雅克科技,2025-09-17 10:44:54,61.48,4100,61.49,D
sz002409,雅克科技,2025-09-17 10:45:09,61.48,5700,61.48,D
sz002409,雅克科技,2025-09-17 10:45:18,61.52,28000,61.48,U
sz002409,雅克科技,2025-09-17 10:45:24,61.48,5000,61.5,D
sz002409,雅克科技,2025-09-17 10:45:42,61.55,58800,61.55,U
sz002409,雅克科技,2025-09-17 10:46:33,61.58,3500,61.57,U
sz002409,雅克科技,2025-09-17 10:46:54,61.53,11100,61.59,D
sz002409,雅克科技,2025-09-17 10:47:15,61.53,4200,61.53,U
sz002409,雅克科技,2025-09-17 10:47:39,61.54,5600,61.58,D
sz002409,雅克科技,2025-09-17 10:47:48,61.6,3300,61.6,U
sz002409,雅克科技,2025-09-17 10:49:12,61.65,3800,61.65,U
sz002409,雅克科技,2025-09-17 10:49:36,61.7,4700,61.68,U
sz002409,雅克科技,2025-09-17 10:49:51,61.72,5500,61.72,D
sz002409,雅克科技,2025-09-17 10:50:00,61.7,4800,61.71,D
sz002409,雅克科技,2025-09-17 10:50:15,61.73,3900,61.71,U
sz002409,雅克科技,2025-09-17 10:50:33,61.67,5000,61.67,E
sz002409,雅克科技,2025-09-17 10:51:39,61.72,5400,61.74,D
sz002409,雅克科技,2025-09-17 10:51:51,61.73,6300,61.72,U
sz002409,雅克科技,2025-09-17 10:52:00,61.74,4300,61.73,U
sz002409,雅克科技,2025-09-17 10:52:06,61.69,9300,61.75,D
sz002409,雅克科技,2025-09-17 10:52:42,61.68,4600,61.68,D
sz002409,雅克科技,2025-09-17 10:52:57,61.68,4100,61.67,U
sz002409,雅克科技,2025-09-17 10:53:00,61.67,3700,61.68,D
sz002409,雅克科技,2025-09-17 10:53:03,61.66,11400,61.67,D
sz002409,雅克科技,2025-09-17 10:53:36,61.62,5400,61.63,D
sz002409,雅克科技,2025-09-17 10:53:48,61.61,10000,61.63,D
sz002409,雅克科技,2025-09-17 10:54:45,61.73,11000,61.73,U
sz002409,雅克科技,2025-09-17 10:55:09,61.75,3400,61.74,U
sz002409,雅克科技,2025-09-17 10:55:24,61.74,12300,61.76,E
sz002409,雅克科技,2025-09-17 10:55:48,61.74,10900,61.74,U
sz002409,雅克科技,2025-09-17 10:55:54,61.74,8500,61.74,U
sz002409,雅克科技,2025-09-17 10:56:09,61.73,4300,61.75,D
sz002409,雅克科技,2025-09-17 10:56:48,61.67,3300,61.71,D
sz002409,雅克科技,2025-09-17 10:56:51,61.71,5800,61.67,U
sz002409,雅克科技,2025-09-17 10:57:00,61.63,4700,61.67,D
sz002409,雅克科技,2025-09-17 10:57:21,61.67,16700,61.65,U
sz002409,雅克科技,2025-09-17 10:58:30,61.7,9400,61.7,U
sz002409,雅克科技,2025-09-17 10:58:45,61.72,12000,61.71,U
sz002409,雅克科技,2025-09-17 10:58:57,61.71,4200,61.72,D
sz002409,雅克科技,2025-09-17 10:59:03,61.72,18600,61.71,U
sz002409,雅克科技,2025-09-17 10:59:06,61.71,4900,61.72,D
sz002409,雅克科技,2025-09-17 10:59:27,61.75,4700,61.75,U
sz002409,雅克科技,2025-09-17 10:59:33,61.75,8800,61.75,U
sz002409,雅克科技,2025-09-17 11:00:27,61.75,4400,61.76,D
sz002409,雅克科技,2025-09-17 11:00:30,61.76,6200,61.75,U
sz002409,雅克科技,2025-09-17 11:00:42,61.72,3600,61.72,U
sz002409,雅克科技,2025-09-17 11:01:06,61.72,13000,61.71,U
sz002409,雅克科技,2025-09-17 11:03:24,61.64,5900,61.67,D
sz002409,雅克科技,2025-09-17 11:04:30,61.69,6500,61.68,U
sz002409,雅克科技,2025-09-17 11:04:36,61.71,4700,61.69,U
sz002409,雅克科技,2025-09-17 11:05:03,61.75,3900,61.74,U
sz002409,雅克科技,2025-09-17 11:05:06,61.79,13500,61.75,U
sz002409,雅克科技,2025-09-17 11:05:09,61.79,3900,61.79,U
sz002409,雅克科技,2025-09-17 11:05:12,61.82,36600,61.79,U
sz002409,雅克科技,2025-09-17 11:05:42,61.88,5000,61.86,U
sz002409,雅克科技,2025-09-17 11:05:45,61.83,19000,61.88,D
sz002409,雅克科技,2025-09-17 11:06:21,61.8,6000,61.8,D
sz002409,雅克科技,2025-09-17 11:06:24,61.82,23500,61.8,U
sz002409,雅克科技,2025-09-17 11:06:48,61.8,11600,61.81,D
sz002409,雅克科技,2025-09-17 11:07:12,61.78,3300,61.78,U
sz002409,雅克科技,2025-09-17 11:07:30,61.8,6000,61.8,U
sz002409,雅克科技,2025-09-17 11:08:09,61.77,7600,61.8,D
sz002409,雅克科技,2025-09-17 11:11:21,61.73,4000,61.73,U
sz002409,雅克科技,2025-09-17 11:11:42,61.72,9800,61.72,D
sz002409,雅克科技,2025-09-17 11:12:00,61.67,10800,61.69,D
sz002409,雅克科技,2025-09-17 11:12:03,61.64,15200,61.67,D
sz002409,雅克科技,2025-09-17 11:12:06,61.63,8900,61.64,D
sz002409,雅克科技,2025-09-17 11:12:12,61.62,5200,61.62,U
sz002409,雅克科技,2025-09-17 11:13:03,61.66,8500,61.63,U
sz002409,雅克科技,2025-09-17 11:13:06,61.66,6600,61.66,D
sz002409,雅克科技,2025-09-17 11:14:09,61.73,5100,61.72,U
sz002409,雅克科技,2025-09-17 11:14:45,61.8,5300,61.8,U
sz002409,雅克科技,2025-09-17 11:14:54,61.86,14500,61.84,U
sz002409,雅克科技,2025-09-17 11:16:03,61.78,3400,61.8,D
sz002409,雅克科技,2025-09-17 11:16:21,61.51,52400,61.76,D
sz002409,雅克科技,2025-09-17 11:16:48,61.74,4800,61.73,U
sz002409,雅克科技,2025-09-17 11:17:15,61.73,10200,61.8,D
sz002409,雅克科技,2025-09-17 11:17:18,61.8,5400,61.73,U
sz002409,雅克科技,2025-09-17 11:17:39,61.79,3900,61.8,D
sz002409,雅克科技,2025-09-17 11:18:21,61.84,5100,61.86,D
sz002409,雅克科技,2025-09-17 11:19:09,61.88,3400,61.87,U
sz002409,雅克科技,2025-09-17 11:19:36,61.86,5400,61.86,D
sz002409,雅克科技,2025-09-17 11:20:00,61.85,3300,61.86,D
sz002409,雅克科技,2025-09-17 11:20:03,61.86,3800,61.85,U
sz002409,雅克科技,2025-09-17 11:20:09,61.86,3700,61.85,U
sz002409,雅克科技,2025-09-17 11:20:15,61.88,7400,61.87,U
sz002409,雅克科技,2025-09-17 11:20:18,61.88,5200,61.88,U
sz002409,雅克科技,2025-09-17 11:20:33,61.9,4600,61.88,U
sz002409,雅克科技,2025-09-17 11:20:51,61.9,6100,61.89,U
sz002409,雅克科技,2025-09-17 11:21:09,61.93,3500,61.93,U
sz002409,雅克科技,2025-09-17 11:21:27,61.99,14700,61.95,U
sz002409,雅克科技,2025-09-17 11:21:30,62.0,10200,61.99,U
sz002409,雅克科技,2025-09-17 11:21:36,62.0,9200,61.99,U
sz002409,雅克科技,2025-09-17 11:21:39,62.0,13100,62.0,U
sz002409,雅克科技,2025-09-17 11:21:42,62.0,6400,62.0,U
sz002409,雅克科技,2025-09-17 11:21:45,62.02,3900,62.0,U
sz002409,雅克科技,2025-09-17 11:21:48,62.0,11000,62.02,D
sz002409,雅克科技,2025-09-17 11:22:06,61.96,5700,61.96,U
sz002409,雅克科技,2025-09-17 11:22:15,61.98,4500,61.98,U
sz002409,雅克科技,2025-09-17 11:22:18,61.99,8900,61.98,U
sz002409,雅克科技,2025-09-17 11:22:21,62.0,5900,61.99,U
sz002409,雅克科技,2025-09-17 11:22:24,62.01,9000,62.0,U
sz002409,雅克科技,2025-09-17 11:22:27,62.05,7600,62.01,U
sz002409,雅克科技,2025-09-17 11:22:54,62.1,14000,62.08,U
sz002409,雅克科技,2025-09-17 11:23:09,62.04,4400,62.08,D
sz002409,雅克科技,2025-09-17 11:23:30,62.01,4500,62.01,D
sz002409,雅克科技,2025-09-17 11:23:33,62.01,3900,62.01,E
sz002409,雅克科技,2025-09-17 11:23:48,62.05,6500,62.01,U
sz002409,雅克科技,2025-09-17 11:23:51,62.02,3900,62.05,D
sz002409,雅克科技,2025-09-17 11:24:18,62.03,4100,62.03,D
sz002409,雅克科技,2025-09-17 11:24:24,62.03,3900,62.03,E
sz002409,雅克科技,2025-09-17 11:24:30,62.01,5500,62.03,D
sz002409,雅克科技,2025-09-17 11:24:42,62.0,15500,62.0,D
sz002409,雅克科技,2025-09-17 11:25:00,61.98,6200,62.0,D
sz002409,雅克科技,2025-09-17 11:25:03,61.98,5100,61.98,D
sz002409,雅克科技,2025-09-17 11:25:06,61.96,8100,61.98,D
sz002409,雅克科技,2025-09-17 11:25:15,62.0,7900,61.96,U
sz002409,雅克科技,2025-09-17 11:25:21,61.95,4500,61.96,D
sz002409,雅克科技,2025-09-17 11:25:30,61.9,17000,61.95,D
sz002409,雅克科技,2025-09-17 11:25:33,61.9,4200,61.9,D
sz002409,雅克科技,2025-09-17 11:25:39,61.91,5400,61.91,E
sz002409,雅克科技,2025-09-17 11:26:00,61.84,3400,61.9,D
sz002409,雅克科技,2025-09-17 11:26:12,61.78,4800,61.78,U
sz002409,雅克科技,2025-09-17 11:26:33,61.79,6100,61.8,D
sz002409,雅克科技,2025-09-17 11:27:09,61.82,3300,61.81,U
sz002409,雅克科技,2025-09-17 11:28:33,61.86,5500,61.87,D
sz002409,雅克科技,2025-09-17 11:29:06,61.83,25800,61.85,D
sz002409,雅克科技,2025-09-17 11:29:30,61.83,14900,61.84,U
sz002409,雅克科技,2025-09-17 11:29:42,61.93,16400,61.82,U
sz002409,雅克科技,2025-09-17 13:00:00,61.89,18100,61.88,U
sz002409,雅克科技,2025-09-17 13:00:03,61.89,37600,61.89,U
sz002409,雅克科技,2025-09-17 13:00:06,61.88,16000,61.89,D
sz002409,雅克科技,2025-09-17 13:00:09,61.88,9600,61.88,D
sz002409,雅克科技,2025-09-17 13:00:12,61.87,3300,61.88,D
sz002409,雅克科技,2025-09-17 13:00:21,61.8,53700,61.86,D
sz002409,雅克科技,2025-09-17 13:00:39,61.83,30300,61.84,E
sz002409,雅克科技,2025-09-17 13:00:48,61.87,3300,61.87,U
sz002409,雅克科技,2025-09-17 13:01:09,61.89,31900,61.85,U
sz002409,雅克科技,2025-09-17 13:01:30,61.88,3600,61.89,D
sz002409,雅克科技,2025-09-17 13:02:15,61.86,9300,61.87,D
sz002409,雅克科技,2025-09-17 13:02:42,61.82,6500,61.82,D
sz002409,雅克科技,2025-09-17 13:03:00,61.81,6200,61.77,U
sz002409,雅克科技,2025-09-17 13:03:06,61.84,3900,61.82,U
sz002409,雅克科技,2025-09-17 13:03:09,61.95,24000,61.84,U
sz002409,雅克科技,2025-09-17 13:03:12,61.95,4500,61.95,U
sz002409,雅克科技,2025-09-17 13:03:18,62.0,13400,61.95,U
sz002409,雅克科技,2025-09-17 13:03:42,62.03,9100,62.02,U
sz002409,雅克科技,2025-09-17 13:03:48,62.09,54200,62.0,U
sz002409,雅克科技,2025-09-17 13:03:51,62.12,23100,62.09,U
sz002409,雅克科技,2025-09-17 13:03:57,62.18,6600,62.14,U
sz002409,雅克科技,2025-09-17 13:04:03,62.16,4700,62.14,U
sz002409,雅克科技,2025-09-17 13:04:12,62.17,6500,62.14,U
sz002409,雅克科技,2025-09-17 13:04:18,62.17,9000,62.15,U
sz002409,雅克科技,2025-09-17 13:04:33,62.15,3700,62.18,D
sz002409,雅克科技,2025-09-17 13:04:54,62.18,8100,62.17,U
sz002409,雅克科技,2025-09-17 13:04:57,62.16,5100,62.18,E
sz002409,雅克科技,2025-09-17 13:05:00,62.12,5900,62.16,D
sz002409,雅克科技,2025-09-17 13:05:03,62.02,36500,62.12,D
sz002409,雅克科技,2025-09-17 13:06:09,62.1,4100,62.1,U
sz002409,雅克科技,2025-09-17 13:06:18,62.03,6700,62.05,D
sz002409,雅克科技,2025-09-17 13:06:21,62.01,3700,62.03,D
sz002409,雅克科技,2025-09-17 13:06:30,62.02,11600,62.0,U
sz002409,雅克科技,2025-09-17 13:07:12,62.01,13300,62.01,D
sz002409,雅克科技,2025-09-17 13:07:15,62.02,8500,62.01,U
sz002409,雅克科技,2025-09-17 13:07:21,62.02,9500,62.03,D
sz002409,雅克科技,2025-09-17 13:07:24,62.0,9500,62.02,E
sz002409,雅克科技,2025-09-17 13:07:36,62.0,4500,62.0,D
sz002409,雅克科技,2025-09-17 13:08:03,62.02,20000,61.98,U
sz002409,雅克科技,2025-09-17 13:08:18,62.01,8300,61.99,E
sz002409,雅克科技,2025-09-17 13:08:21,62.05,14000,62.01,U
sz002409,雅克科技,2025-09-17 13:08:27,62.07,3900,62.07,U
sz002409,雅克科技,2025-09-17 13:08:33,62.0,7000,62.07,D
sz002409,雅克科技,2025-09-17 13:08:39,62.0,3800,62.0,U
sz002409,雅克科技,2025-09-17 13:09:00,62.05,9700,62.02,U
sz002409,雅克科技,2025-09-17 13:09:12,62.1,10700,62.03,U
sz002409,雅克科技,2025-09-17 13:09:24,62.07,3700,62.04,U
sz002409,雅克科技,2025-09-17 13:09:30,62.05,6400,62.04,U
sz002409,雅克科技,2025-09-17 13:09:48,62.09,5600,62.05,U
sz002409,雅克科技,2025-09-17 13:10:09,62.01,3600,62.05,D
sz002409,雅克科技,2025-09-17 13:10:18,61.98,22200,62.01,D
sz002409,雅克科技,2025-09-17 13:10:45,61.99,4044,62.0,D
sz002409,雅克科技,2025-09-17 13:10:51,62.04,4100,61.99,U
sz002409,雅克科技,2025-09-17 13:11:24,62.06,5700,62.04,U
sz002409,雅克科技,2025-09-17 13:12:12,62.06,6000,62.06,U
sz002409,雅克科技,2025-09-17 13:12:18,62.05,6000,62.07,D
sz002409,雅克科技,2025-09-17 13:12:21,62.08,3400,62.05,E
sz002409,雅克科技,2025-09-17 13:12:45,62.03,5100,62.05,D
sz002409,雅克科技,2025-09-17 13:13:03,62.07,7200,62.01,U
sz002409,雅克科技,2025-09-17 13:13:06,62.08,6800,62.07,U
sz002409,雅克科技,2025-09-17 13:13:09,62.09,7600,62.08,U
sz002409,雅克科技,2025-09-17 13:13:12,62.09,6500,62.09,U
sz002409,雅克科技,2025-09-17 13:13:15,62.12,12500,62.09,U
sz002409,雅克科技,2025-09-17 13:13:21,62.15,4400,62.13,U
sz002409,雅克科技,2025-09-17 13:13:24,62.17,5100,62.15,U
sz002409,雅克科技,2025-09-17 13:13:30,62.14,5000,62.17,D
sz002409,雅克科技,2025-09-17 13:13:57,62.11,20500,62.12,D
sz002409,雅克科技,2025-09-17 13:14:36,62.25,101500,62.13,U
sz002409,雅克科技,2025-09-17 13:14:57,62.3,10000,62.27,U
sz002409,雅克科技,2025-09-17 13:15:03,62.3,10600,62.28,U
sz002409,雅克科技,2025-09-17 13:15:06,62.28,8500,62.3,D
sz002409,雅克科技,2025-09-17 13:15:21,62.4,21100,62.33,U
sz002409,雅克科技,2025-09-17 13:15:27,62.42,4400,62.43,E
sz002409,雅克科技,2025-09-17 13:15:33,62.44,3900,62.43,U
sz002409,雅克科技,2025-09-17 13:15:36,62.45,4100,62.44,U
sz002409,雅克科技,2025-09-17 13:15:39,62.45,4300,62.45,U
sz002409,雅克科技,2025-09-17 13:15:42,62.46,4700,62.45,U
sz002409,雅克科技,2025-09-17 13:15:45,62.47,5200,62.46,U
sz002409,雅克科技,2025-09-17 13:15:48,62.41,34700,62.47,D
sz002409,雅克科技,2025-09-17 13:15:54,62.45,11500,62.4,U
sz002409,雅克科技,2025-09-17 13:15:57,62.4,6100,62.45,E
sz002409,雅克科技,2025-09-17 13:16:03,62.35,4500,62.36,D
sz002409,雅克科技,2025-09-17 13:16:12,62.31,3500,62.35,D
sz002409,雅克科技,2025-09-17 13:16:15,62.3,5000,62.31,D
sz002409,雅克科技,2025-09-17 13:16:21,62.33,4000,62.31,U
sz002409,雅克科技,2025-09-17 13:16:33,62.39,18800,62.33,U
sz002409,雅克科技,2025-09-17 13:16:39,62.34,3500,62.38,D
sz002409,雅克科技,2025-09-17 13:16:42,62.31,51900,62.34,D
sz002409,雅克科技,2025-09-17 13:17:15,62.26,5200,62.28,D
sz002409,雅克科技,2025-09-17 13:17:18,62.26,15200,62.26,D
sz002409,雅克科技,2025-09-17 13:17:24,62.28,9900,62.26,U
sz002409,雅克科技,2025-09-17 13:17:33,62.22,10500,62.2,E
sz002409,雅克科技,2025-09-17 13:17:39,62.28,4600,62.28,D
sz002409,雅克科技,2025-09-17 13:17:48,62.32,9900,62.3,U
sz002409,雅克科技,2025-09-17 13:18:06,62.32,8200,62.34,D
sz002409,雅克科技,2025-09-17 13:18:09,62.27,10400,62.32,D
sz002409,雅克科技,2025-09-17 13:18:12,62.3,9600,62.27,U
sz002409,雅克科技,2025-09-17 13:18:54,62.29,7600,62.28,U
sz002409,雅克科技,2025-09-17 13:18:57,62.34,29300,62.29,U
sz002409,雅克科技,2025-09-17 13:19:30,62.33,6200,62.33,D
sz002409,雅克科技,2025-09-17 13:19:45,62.33,5700,62.33,D
sz002409,雅克科技,2025-09-17 13:19:48,62.37,8800,62.33,U
sz002409,雅克科技,2025-09-17 13:19:54,62.39,11300,62.37,U
sz002409,雅克科技,2025-09-17 13:20:00,62.4,8300,62.39,U
sz002409,雅克科技,2025-09-17 13:20:03,62.42,3300,62.4,U
sz002409,雅克科技,2025-09-17 13:20:18,62.43,4300,62.42,U
sz002409,雅克科技,2025-09-17 13:20:21,62.39,3500,62.43,D
sz002409,雅克科技,2025-09-17 13:20:42,62.36,8800,62.36,D
sz002409,雅克科技,2025-09-17 13:20:51,62.35,109500,62.37,D
sz002409,雅克科技,2025-09-17 13:21:06,62.31,7700,62.32,D
sz002409,雅克科技,2025-09-17 13:21:33,62.39,24300,62.28,U
sz002409,雅克科技,2025-09-17 13:21:36,62.5,219200,62.39,U
sz002409,雅克科技,2025-09-17 13:21:39,62.5,17800,62.5,U
sz002409,雅克科技,2025-09-17 13:21:48,62.52,9000,62.52,U
sz002409,雅克科技,2025-09-17 13:21:51,62.49,11200,62.52,D
sz002409,雅克科技,2025-09-17 13:22:00,62.57,38900,62.49,U
sz002409,雅克科技,2025-09-17 13:22:09,62.56,3300,62.53,U
sz002409,雅克科技,2025-09-17 13:22:12,62.54,3300,62.56,U
sz002409,雅克科技,2025-09-17 13:22:15,62.54,4800,62.54,U
sz002409,雅克科技,2025-09-17 13:22:21,62.54,4500,62.54,U
sz002409,雅克科技,2025-09-17 13:22:24,62.53,4472,62.54,D
sz002409,雅克科技,2025-09-17 13:22:27,62.54,5200,62.53,U
sz002409,雅克科技,2025-09-17 13:22:36,62.54,8100,62.53,U
sz002409,雅克科技,2025-09-17 13:22:39,62.54,5700,62.54,U
sz002409,雅克科技,2025-09-17 13:22:45,62.54,4200,62.54,U
sz002409,雅克科技,2025-09-17 13:23:00,62.54,4272,62.52,U
sz002409,雅克科技,2025-09-17 13:23:03,62.57,21300,62.54,U
sz002409,雅克科技,2025-09-17 13:23:06,62.55,6700,62.57,D
sz002409,雅克科技,2025-09-17 13:23:09,62.58,7100,62.55,U
sz002409,雅克科技,2025-09-17 13:23:12,62.58,3400,62.58,U
sz002409,雅克科技,2025-09-17 13:23:15,62.54,29128,62.58,D
sz002409,雅克科技,2025-09-17 13:23:18,62.51,9800,62.54,D
sz002409,雅克科技,2025-09-17 13:23:21,62.51,5100,62.51,D
sz002409,雅克科技,2025-09-17 13:23:24,62.52,6100,62.51,U
sz002409,雅克科技,2025-09-17 13:23:45,62.48,7300,62.5,D
sz002409,雅克科技,2025-09-17 13:24:18,62.32,4700,62.34,D
sz002409,雅克科技,2025-09-17 13:24:21,62.34,6700,62.32,U
sz002409,雅克科技,2025-09-17 13:25:09,62.32,3700,62.34,D
sz002409,雅克科技,2025-09-17 13:25:30,62.34,3900,62.34,U
sz002409,雅克科技,2025-09-17 13:25:33,62.34,3800,62.34,U
sz002409,雅克科技,2025-09-17 13:25:42,62.33,3900,62.33,D
sz002409,雅克科技,2025-09-17 13:25:45,62.31,4500,62.33,D
sz002409,雅克科技,2025-09-17 13:25:51,62.3,5100,62.31,D
sz002409,雅克科技,2025-09-17 13:25:54,62.29,8200,62.3,D
sz002409,雅克科技,2025-09-17 13:26:09,62.24,3600,62.28,D
sz002409,雅克科技,2025-09-17 13:26:30,62.24,5600,62.25,D
sz002409,雅克科技,2025-09-17 13:26:45,62.29,13000,62.28,U
sz002409,雅克科技,2025-09-17 13:27:24,62.25,3700,62.25,D
sz002409,雅克科技,2025-09-17 13:27:27,62.26,15500,62.25,U
sz002409,雅克科技,2025-09-17 13:27:57,62.23,3800,62.23,D
sz002409,雅克科技,2025-09-17 13:28:12,62.21,6300,62.23,D
sz002409,雅克科技,2025-09-17 13:28:18,62.21,3400,62.21,U
sz002409,雅克科技,2025-09-17 13:28:27,62.21,5200,62.19,U
sz002409,雅克科技,2025-09-17 13:28:57,62.22,7900,62.22,U
sz002409,雅克科技,2025-09-17 13:29:03,62.2,6900,62.22,D
sz002409,雅克科技,2025-09-17 13:29:06,62.18,10500,62.2,D
sz002409,雅克科技,2025-09-17 13:29:18,62.18,11200,62.17,E
sz002409,雅克科技,2025-09-17 13:29:27,62.1,7200,62.17,D
sz002409,雅克科技,2025-09-17 13:29:33,62.1,3500,62.1,U
sz002409,雅克科技,2025-09-17 13:29:36,62.09,11800,62.1,D
sz002409,雅克科技,2025-09-17 13:30:24,62.18,4200,62.18,D
sz002409,雅克科技,2025-09-17 13:30:30,62.21,5000,62.19,U
sz002409,雅克科技,2025-09-17 13:30:39,62.22,6700,62.22,D
sz002409,雅克科技,2025-09-17 13:30:42,62.22,3300,62.22,D
sz002409,雅克科技,2025-09-17 13:30:48,62.24,4600,62.23,U
sz002409,雅克科技,2025-09-17 13:31:33,62.25,11300,62.26,D
sz002409,雅克科技,2025-09-17 13:31:36,62.25,5000,62.25,D
sz002409,雅克科技,2025-09-17 13:31:39,62.3,5500,62.25,U
sz002409,雅克科技,2025-09-17 13:31:54,62.24,10100,62.3,D
sz002409,雅克科技,2025-09-17 13:31:57,62.3,6500,62.24,U
sz002409,雅克科技,2025-09-17 13:32:18,62.28,3400,62.27,E
sz002409,雅克科技,2025-09-17 13:32:27,62.3,3500,62.29,U
sz002409,雅克科技,2025-09-17 13:32:54,62.26,8900,62.27,D
sz002409,雅克科技,2025-09-17 13:32:57,62.26,6100,62.26,D
sz002409,雅克科技,2025-09-17 13:33:00,62.27,6500,62.26,U
sz002409,雅克科技,2025-09-17 13:33:03,62.27,22300,62.27,U
sz002409,雅克科技,2025-09-17 13:33:06,62.31,12300,62.27,U
sz002409,雅克科技,2025-09-17 13:33:09,62.32,4700,62.31,U
sz002409,雅克科技,2025-09-17 13:33:24,62.26,8600,62.33,D
sz002409,雅克科技,2025-09-17 13:33:27,62.35,8800,62.26,E
sz002409,雅克科技,2025-09-17 13:33:39,62.35,4800,62.39,D
sz002409,雅克科技,2025-09-17 13:33:51,62.38,10300,62.37,U
sz002409,雅克科技,2025-09-17 13:33:57,62.32,4800,62.35,D
sz002409,雅克科技,2025-09-17 13:34:06,62.27,20000,62.26,E
sz002409,雅克科技,2025-09-17 13:34:48,62.34,11000,62.35,D
sz002409,雅克科技,2025-09-17 13:34:51,62.3,10200,62.34,D
sz002409,雅克科技,2025-09-17 13:35:12,62.3,3500,62.3,U
sz002409,雅克科技,2025-09-17 13:35:24,62.3,8300,62.29,U
sz002409,雅克科技,2025-09-17 13:35:27,62.27,13800,62.3,D
sz002409,雅克科技,2025-09-17 13:36:33,62.19,4800,62.23,D
sz002409,雅克科技,2025-09-17 13:37:00,62.2,5200,62.2,D
sz002409,雅克科技,2025-09-17 13:37:15,62.2,5400,62.19,U
sz002409,雅克科技,2025-09-17 13:37:18,62.2,3300,62.2,U
sz002409,雅克科技,2025-09-17 13:37:45,62.2,7900,62.18,U
sz002409,雅克科技,2025-09-17 13:38:30,62.2,3600,62.17,U
sz002409,雅克科技,2025-09-17 13:38:36,62.19,22500,62.2,D
sz002409,雅克科技,2025-09-17 13:38:42,62.15,4400,62.18,D
sz002409,雅克科技,2025-09-17 13:38:45,62.16,4200,62.15,U
sz002409,雅克科技,2025-09-17 13:39:03,62.16,4400,62.17,D
sz002409,雅克科技,2025-09-17 13:39:15,62.16,7200,62.16,D
sz002409,雅克科技,2025-09-17 13:40:39,62.14,3800,62.14,U
sz002409,雅克科技,2025-09-17 13:41:12,62.13,3500,62.15,D
sz002409,雅克科技,2025-09-17 13:41:39,62.14,3700,62.15,D
sz002409,雅克科技,2025-09-17 13:41:48,62.12,6600,62.13,D
sz002409,雅克科技,2025-09-17 13:42:12,62.08,16400,62.09,D
sz002409,雅克科技,2025-09-17 13:42:30,62.02,4600,62.01,U
sz002409,雅克科技,2025-09-17 13:42:39,62.0,11000,62.03,D
sz002409,雅克科技,2025-09-17 13:42:48,62.0,5400,62.0,D
sz002409,雅克科技,2025-09-17 13:43:48,62.03,3300,62.05,D
sz002409,雅克科技,2025-09-17 13:45:06,62.04,3800,62.03,U
sz002409,雅克科技,2025-09-17 13:46:00,62.08,4000,62.08,U
sz002409,雅克科技,2025-09-17 13:46:12,62.17,8100,62.08,U
sz002409,雅克科技,2025-09-17 13:46:45,62.18,13600,62.17,U
sz002409,雅克科技,2025-09-17 13:46:48,62.19,3300,62.18,U
sz002409,雅克科技,2025-09-17 13:46:51,62.2,3800,62.19,U
sz002409,雅克科技,2025-09-17 13:47:21,62.23,4300,62.23,D
sz002409,雅克科技,2025-09-17 13:47:39,62.24,4300,62.23,U
sz002409,雅克科技,2025-09-17 13:49:33,62.23,3500,62.23,U
sz002409,雅克科技,2025-09-17 13:50:06,62.17,4600,62.17,D
sz002409,雅克科技,2025-09-17 13:50:12,62.17,6400,62.13,U
sz002409,雅克科技,2025-09-17 13:52:45,62.21,7900,62.22,D
sz002409,雅克科技,2025-09-17 13:53:54,62.23,6100,62.19,U
sz002409,雅克科技,2025-09-17 13:53:57,62.24,29700,62.23,U
sz002409,雅克科技,2025-09-17 13:54:00,62.21,37500,62.24,D
sz002409,雅克科技,2025-09-17 13:54:03,62.24,10400,62.21,U
sz002409,雅克科技,2025-09-17 13:54:06,62.19,11400,62.24,D
sz002409,雅克科技,2025-09-17 13:54:09,62.25,5000,62.19,U
sz002409,雅克科技,2025-09-17 13:54:12,62.26,4100,62.25,U
sz002409,雅克科技,2025-09-17 13:54:24,62.26,3700,62.26,U
sz002409,雅克科技,2025-09-17 13:54:30,62.19,5600,62.2,D
sz002409,雅克科技,2025-09-17 13:54:45,62.18,11100,62.18,D
sz002409,雅克科技,2025-09-17 13:54:54,62.19,5300,62.19,D
sz002409,雅克科技,2025-09-17 13:56:39,62.23,6200,62.24,D
sz002409,雅克科技,2025-09-17 13:56:45,62.21,3400,62.21,D
sz002409,雅克科技,2025-09-17 13:57:21,62.19,42200,62.22,D
sz002409,雅克科技,2025-09-17 13:57:24,62.18,9300,62.19,D
sz002409,雅克科技,2025-09-17 13:57:27,62.18,4500,62.18,D
sz002409,雅克科技,2025-09-17 13:57:33,62.18,3900,62.19,D
sz002409,雅克科技,2025-09-17 13:57:36,62.18,6900,62.18,D
sz002409,雅克科技,2025-09-17 13:59:39,62.19,4500,62.19,U
sz002409,雅克科技,2025-09-17 14:00:06,62.18,3800,62.19,D
sz002409,雅克科技,2025-09-17 14:00:21,62.12,3900,62.13,D
sz002409,雅克科技,2025-09-17 14:00:57,62.18,4100,62.14,U
sz002409,雅克科技,2025-09-17 14:01:06,62.13,4500,62.14,D
sz002409,雅克科技,2025-09-17 14:01:36,62.12,4000,62.12,D
sz002409,雅克科技,2025-09-17 14:01:42,62.14,3700,62.14,U
sz002409,雅克科技,2025-09-17 14:01:48,62.12,6700,62.14,D
sz002409,雅克科技,2025-09-17 14:01:51,62.11,4100,62.12,D
sz002409,雅克科技,2025-09-17 14:02:06,62.11,5300,62.12,D
sz002409,雅克科技,2025-09-17 14:02:09,62.1,6800,62.11,D
sz002409,雅克科技,2025-09-17 14:02:24,62.1,16400,62.1,D
sz002409,雅克科技,2025-09-17 14:02:27,62.1,5100,62.1,D
sz002409,雅克科技,2025-09-17 14:02:36,62.1,10300,62.1,D
sz002409,雅克科技,2025-09-17 14:03:45,62.07,4600,62.07,D
sz002409,雅克科技,2025-09-17 14:04:51,62.11,4600,62.11,D
sz002409,雅克科技,2025-09-17 14:05:24,62.12,21300,62.1,U
sz002409,雅克科技,2025-09-17 14:06:00,62.07,10300,62.07,D
sz002409,雅克科技,2025-09-17 14:06:03,62.07,7900,62.07,U
sz002409,雅克科技,2025-09-17 14:06:27,62.09,6700,62.07,U
sz002409,雅克科技,2025-09-17 14:08:00,62.07,3600,62.09,D
sz002409,雅克科技,2025-09-17 14:08:03,62.06,10600,62.07,D
sz002409,雅克科技,2025-09-17 14:08:06,62.06,6400,62.06,D
sz002409,雅克科技,2025-09-17 14:08:09,62.06,3300,62.06,U
sz002409,雅克科技,2025-09-17 14:08:21,62.05,6500,62.05,D
sz002409,雅克科技,2025-09-17 14:09:06,62.08,4400,62.04,U
sz002409,雅克科技,2025-09-17 14:09:36,62.06,6000,62.06,D
sz002409,雅克科技,2025-09-17 14:09:57,62.04,8100,62.05,D
sz002409,雅克科技,2025-09-17 14:10:12,62.07,5600,62.05,U
sz002409,雅克科技,2025-09-17 14:10:18,62.08,7400,62.07,U
sz002409,雅克科技,2025-09-17 14:10:27,62.08,4000,62.08,D
sz002409,雅克科技,2025-09-17 14:10:54,62.09,10900,62.08,U
sz002409,雅克科技,2025-09-17 14:11:06,62.1,25900,62.08,U
sz002409,雅克科技,2025-09-17 14:11:12,62.06,12400,62.08,D
sz002409,雅克科技,2025-09-17 14:11:36,62.08,8300,62.06,U
sz002409,雅克科技,2025-09-17 14:11:42,62.1,6200,62.08,U
sz002409,雅克科技,2025-09-17 14:13:03,62.08,7300,62.08,D
sz002409,雅克科技,2025-09-17 14:13:09,62.06,12200,62.07,D
sz002409,雅克科技,2025-09-17 14:13:12,62.07,3900,62.06,U
sz002409,雅克科技,2025-09-17 14:13:24,62.08,5100,62.08,U
sz002409,雅克科技,2025-09-17 14:14:15,62.07,3500,62.08,D
sz002409,雅克科技,2025-09-17 14:14:36,62.06,3300,62.08,D
sz002409,雅克科技,2025-09-17 14:14:45,62.07,5800,62.06,E
sz002409,雅克科技,2025-09-17 14:14:51,62.09,3500,62.07,U
sz002409,雅克科技,2025-09-17 14:15:00,62.06,8600,62.08,D
sz002409,雅克科技,2025-09-17 14:15:09,62.09,20900,62.06,U
sz002409,雅克科技,2025-09-17 14:15:12,62.1,19000,62.09,U
sz002409,雅克科技,2025-09-17 14:15:15,62.1,4700,62.1,U
sz002409,雅克科技,2025-09-17 14:15:18,62.12,12400,62.1,U
sz002409,雅克科技,2025-09-17 14:16:57,62.13,3500,62.15,D
sz002409,雅克科技,2025-09-17 14:17:03,62.15,4600,62.13,U
sz002409,雅克科技,2025-09-17 14:17:15,62.18,11500,62.14,U
sz002409,雅克科技,2025-09-17 14:17:33,62.15,12500,62.15,U
sz002409,雅克科技,2025-09-17 14:18:21,62.2,15900,62.18,U
sz002409,雅克科技,2025-09-17 14:18:33,62.2,5000,62.18,U
sz002409,雅克科技,2025-09-17 14:19:03,62.18,5600,62.18,D
sz002409,雅克科技,2025-09-17 14:19:42,62.16,4400,62.17,D
sz002409,雅克科技,2025-09-17 14:20:06,62.15,10300,62.15,D
sz002409,雅克科技,2025-09-17 14:20:15,62.14,7900,62.15,E
sz002409,雅克科技,2025-09-17 14:20:54,62.12,6000,62.11,E
sz002409,雅克科技,2025-09-17 14:21:09,62.1,3300,62.1,D
sz002409,雅克科技,2025-09-17 14:22:21,62.06,3500,62.07,D
sz002409,雅克科技,2025-09-17 14:22:45,62.05,6700,62.04,U
sz002409,雅克科技,2025-09-17 14:22:48,62.06,3700,62.05,U
sz002409,雅克科技,2025-09-17 14:23:33,62.07,6800,62.06,U
sz002409,雅克科技,2025-09-17 14:24:24,62.08,5200,62.08,U
sz002409,雅克科技,2025-09-17 14:24:42,62.11,8000,62.1,U
sz002409,雅克科技,2025-09-17 14:24:45,62.11,32000,62.11,U
sz002409,雅克科技,2025-09-17 14:24:54,62.13,33100,62.1,U
sz002409,雅克科技,2025-09-17 14:24:57,62.15,23100,62.13,U
sz002409,雅克科技,2025-09-17 14:25:03,62.15,5700,62.15,U
sz002409,雅克科技,2025-09-17 14:25:15,62.15,6800,62.15,U
sz002409,雅克科技,2025-09-17 14:25:24,62.12,5000,62.14,D
sz002409,雅克科技,2025-09-17 14:25:42,62.14,6200,62.15,D
sz002409,雅克科技,2025-09-17 14:25:45,62.14,5700,62.14,D
sz002409,雅克科技,2025-09-17 14:26:03,62.15,4600,62.14,U
sz002409,雅克科技,2025-09-17 14:26:12,62.15,4300,62.15,U
sz002409,雅克科技,2025-09-17 14:26:18,62.15,3300,62.15,U
sz002409,雅克科技,2025-09-17 14:26:21,62.12,15300,62.15,D
sz002409,雅克科技,2025-09-17 14:26:33,62.13,4000,62.15,D
sz002409,雅克科技,2025-09-17 14:27:48,62.17,4400,62.16,U
sz002409,雅克科技,2025-09-17 14:28:15,62.17,4600,62.17,D
sz002409,雅克科技,2025-09-17 14:28:18,62.18,8600,62.17,U
sz002409,雅克科技,2025-09-17 14:28:33,62.17,4400,62.16,U
sz002409,雅克科技,2025-09-17 14:28:36,62.14,24700,62.17,D
sz002409,雅克科技,2025-09-17 14:28:39,62.13,46800,62.14,D
sz002409,雅克科技,2025-09-17 14:28:42,62.12,13000,62.13,D
sz002409,雅克科技,2025-09-17 14:29:24,62.06,10000,62.1,D
sz002409,雅克科技,2025-09-17 14:30:09,62.13,3600,62.13,U
sz002409,雅克科技,2025-09-17 14:30:27,62.16,4800,62.15,U
sz002409,雅克科技,2025-09-17 14:30:57,62.13,4600,62.15,D
sz002409,雅克科技,2025-09-17 14:31:06,62.1,11100,62.13,D
sz002409,雅克科技,2025-09-17 14:32:30,62.08,16500,62.14,D
sz002409,雅克科技,2025-09-17 14:32:48,62.02,30600,62.07,D
sz002409,雅克科技,2025-09-17 14:33:00,62.07,7500,62.07,U
sz002409,雅克科技,2025-09-17 14:33:15,62.07,3600,62.07,D
sz002409,雅克科技,2025-09-17 14:33:24,62.05,9400,62.06,D
sz002409,雅克科技,2025-09-17 14:33:45,62.05,8500,62.05,D
sz002409,雅克科技,2025-09-17 14:34:03,62.0,30100,62.04,D
sz002409,雅克科技,2025-09-17 14:34:12,62.01,22800,62.01,E
sz002409,雅克科技,2025-09-17 14:35:39,61.98,52800,62.01,D
sz002409,雅克科技,2025-09-17 14:36:15,61.95,5900,61.96,D
sz002409,雅克科技,2025-09-17 14:36:36,61.91,5500,61.95,D
sz002409,雅克科技,2025-09-17 14:36:54,61.93,3500,61.95,E
sz002409,雅克科技,2025-09-17 14:37:36,61.91,8400,61.92,D
sz002409,雅克科技,2025-09-17 14:37:39,61.91,3500,61.91,U
sz002409,雅克科技,2025-09-17 14:37:48,61.9,11700,61.91,D
sz002409,雅克科技,2025-09-17 14:38:03,61.95,35700,61.91,U
sz002409,雅克科技,2025-09-17 14:38:24,61.95,3500,61.96,D
sz002409,雅克科技,2025-09-17 14:38:42,61.95,3300,61.95,D
sz002409,雅克科技,2025-09-17 14:38:54,61.9,10900,61.95,D
sz002409,雅克科技,2025-09-17 14:39:45,61.94,7400,61.95,D
sz002409,雅克科技,2025-09-17 14:39:48,61.92,9800,61.94,D
sz002409,雅克科技,2025-09-17 14:39:51,61.94,3900,61.92,U
sz002409,雅克科技,2025-09-17 14:40:00,61.92,4300,61.94,D
sz002409,雅克科技,2025-09-17 14:40:03,61.92,13600,61.92,U
sz002409,雅克科技,2025-09-17 14:40:09,61.94,4700,61.94,U
sz002409,雅克科技,2025-09-17 14:40:24,61.95,13300,61.94,U
sz002409,雅克科技,2025-09-17 14:40:36,61.92,12000,61.95,D
sz002409,雅克科技,2025-09-17 14:41:09,61.93,11700,61.92,U
sz002409,雅克科技,2025-09-17 14:41:21,61.91,9500,61.92,D
sz002409,雅克科技,2025-09-17 14:41:33,61.91,9300,61.91,U
sz002409,雅克科技,2025-09-17 14:41:42,61.94,30800,61.9,U
sz002409,雅克科技,2025-09-17 14:41:51,61.94,3900,61.93,U
sz002409,雅克科技,2025-09-17 14:41:54,61.95,7300,61.94,U
sz002409,雅克科技,2025-09-17 14:41:57,61.96,4700,61.95,U
sz002409,雅克科技,2025-09-17 14:42:06,61.96,4100,61.96,U
sz002409,雅克科技,2025-09-17 14:42:15,62.0,10500,61.96,U
sz002409,雅克科技,2025-09-17 14:42:54,61.99,7800,61.98,U
sz002409,雅克科技,2025-09-17 14:43:03,62.0,10000,61.98,U
sz002409,雅克科技,2025-09-17 14:43:33,61.99,13700,61.99,U
sz002409,雅克科技,2025-09-17 14:43:45,61.96,3600,61.98,D
sz002409,雅克科技,2025-09-17 14:44:00,61.97,4300,61.96,U
sz002409,雅克科技,2025-09-17 14:44:24,61.96,5800,61.97,D
sz002409,雅克科技,2025-09-17 14:44:42,61.95,5500,61.95,D
sz002409,雅克科技,2025-09-17 14:45:24,61.96,4400,61.95,U
sz002409,雅克科技,2025-09-17 14:45:33,61.94,3900,61.96,D
sz002409,雅克科技,2025-09-17 14:45:57,61.9,24300,61.91,D
sz002409,雅克科技,2025-09-17 14:46:06,61.9,4300,61.89,U
sz002409,雅克科技,2025-09-17 14:46:09,61.9,3300,61.9,U
sz002409,雅克科技,2025-09-17 14:46:33,61.9,3300,61.9,U
sz002409,雅克科技,2025-09-17 14:46:36,61.9,4700,61.9,U
sz002409,雅克科技,2025-09-17 14:46:39,61.89,6000,61.9,D
sz002409,雅克科技,2025-09-17 14:46:48,61.88,11200,61.88,D
sz002409,雅克科技,2025-09-17 14:46:54,61.89,9100,61.89,U
sz002409,雅克科技,2025-09-17 14:47:00,61.9,6100,61.89,U
sz002409,雅克科技,2025-09-17 14:47:03,61.88,13100,61.9,D
sz002409,雅克科技,2025-09-17 14:47:06,61.89,5200,61.88,U
sz002409,雅克科技,2025-09-17 14:47:09,61.88,7400,61.89,D
sz002409,雅克科技,2025-09-17 14:47:36,61.88,6300,61.89,D
sz002409,雅克科技,2025-09-17 14:48:15,61.9,16200,61.89,U
sz002409,雅克科技,2025-09-17 14:48:48,61.89,19800,61.89,D
sz002409,雅克科技,2025-09-17 14:49:03,61.89,6200,61.9,D
sz002409,雅克科技,2025-09-17 14:49:09,61.89,4000,61.9,D
sz002409,雅克科技,2025-09-17 14:49:21,61.9,11000,61.9,U
sz002409,雅克科技,2025-09-17 14:49:36,61.91,12700,61.9,U
sz002409,雅克科技,2025-09-17 14:49:42,61.96,50500,61.91,U
sz002409,雅克科技,2025-09-17 14:49:51,61.96,13800,61.95,U
sz002409,雅克科技,2025-09-17 14:50:03,61.94,12300,61.94,U
sz002409,雅克科技,2025-09-17 14:50:06,61.94,3900,61.94,U
sz002409,雅克科技,2025-09-17 14:50:09,61.97,53400,61.94,U
sz002409,雅克科技,2025-09-17 14:50:42,62.0,39900,61.97,U
sz002409,雅克科技,2025-09-17 14:50:45,61.97,8700,62.0,E
sz002409,雅克科技,2025-09-17 14:51:00,61.96,6300,61.99,D
sz002409,雅克科技,2025-09-17 14:51:03,61.95,7200,61.96,D
sz002409,雅克科技,2025-09-17 14:51:06,61.97,3300,61.95,U
sz002409,雅克科技,2025-09-17 14:51:09,61.98,5000,61.97,U
sz002409,雅克科技,2025-09-17 14:51:18,61.97,3700,61.97,D
sz002409,雅克科技,2025-09-17 14:51:27,61.97,5800,61.96,U
sz002409,雅克科技,2025-09-17 14:51:54,61.96,4400,61.96,D
sz002409,雅克科技,2025-09-17 14:52:09,61.96,4000,61.95,U
sz002409,雅克科技,2025-09-17 14:52:15,61.95,10000,61.96,D
sz002409,雅克科技,2025-09-17 14:52:48,61.95,3900,61.95,U
sz002409,雅克科技,2025-09-17 14:52:54,61.94,3400,61.95,D
sz002409,雅克科技,2025-09-17 14:53:00,61.96,9200,61.95,U
sz002409,雅克科技,2025-09-17 14:53:03,61.97,3800,61.96,U
sz002409,雅克科技,2025-09-17 14:53:06,61.97,9100,61.97,U
sz002409,雅克科技,2025-09-17 14:53:09,61.98,3300,61.97,U
sz002409,雅克科技,2025-09-17 14:53:15,61.98,4100,61.98,U
sz002409,雅克科技,2025-09-17 14:53:18,61.98,3800,61.98,U
sz002409,雅克科技,2025-09-17 14:53:33,61.98,10400,61.97,U
sz002409,雅克科技,2025-09-17 14:53:48,61.98,3400,61.97,U
sz002409,雅克科技,2025-09-17 14:54:30,61.99,9100,61.99,D
sz002409,雅克科技,2025-09-17 14:54:39,61.99,3700,62.0,D
sz002409,雅克科技,2025-09-17 14:54:42,62.0,4800,61.99,U
sz002409,雅克科技,2025-09-17 14:55:18,62.02,8800,62.01,U
sz002409,雅克科技,2025-09-17 14:55:30,62.03,4400,62.03,D
sz002409,雅克科技,2025-09-17 14:55:39,62.03,11100,62.03,D
sz002409,雅克科技,2025-09-17 14:55:42,62.04,5300,62.03,U
sz002409,雅克科技,2025-09-17 14:55:51,62.03,10600,62.03,D
sz002409,雅克科技,2025-09-17 14:55:57,62.05,5100,62.04,U
sz002409,雅克科技,2025-09-17 14:56:03,62.03,5300,62.04,D
sz002409,雅克科技,2025-09-17 14:56:12,62.03,22300,62.04,D
sz002409,雅克科技,2025-09-17 14:56:18,62.02,3600,62.02,D
sz002409,雅克科技,2025-09-17 14:56:21,62.02,5100,62.02,D
sz002409,雅克科技,2025-09-17 14:56:24,62.02,5900,62.02,U
sz002409,雅克科技,2025-09-17 14:56:27,62.01,3500,62.02,D
sz002409,雅克科技,2025-09-17 14:56:30,62.02,6100,62.01,U
sz002409,雅克科技,2025-09-17 14:56:36,62.0,3600,62.01,D
sz002409,雅克科技,2025-09-17 14:56:39,62.01,3600,62.0,U
sz002409,雅克科技,2025-09-17 14:56:51,61.99,6200,62.0,D
sz002409,雅克科技,2025-09-17 14:56:57,61.99,5800,61.99,U
sz002409,雅克科技,2025-09-17 15:00:00,62.01,100800,61.99,U
