symbol,name,ticktime,price,volume,prev_price,kind
sz002409,雅克科技,2025-10-13 09:25:00,81.01,705800,0.0,U
sz002409,雅克科技,2025-10-13 09:30:00,81.75,293100,81.01,U
sz002409,雅克科技,2025-10-13 09:30:03,81.06,341800,81.75,D
sz002409,雅克科技,2025-10-13 09:30:06,81.32,140500,81.06,E
sz002409,雅克科技,2025-10-13 09:30:09,81.33,41200,81.32,E
sz002409,雅克科技,2025-10-13 09:30:12,81.53,46200,81.33,U
sz002409,雅克科技,2025-10-13 09:30:15,81.51,32200,81.53,D
sz002409,雅克科技,2025-10-13 09:30:18,81.75,37300,81.51,U
sz002409,雅克科技,2025-10-13 09:30:21,81.97,54900,81.75,U
sz002409,雅克科技,2025-10-13 09:30:24,82.0,63200,81.97,U
sz002409,雅克科技,2025-10-13 09:30:27,82.13,61400,82.0,U
sz002409,雅克科技,2025-10-13 09:30:30,82.33,20100,82.13,U
sz002409,雅克科技,2025-10-13 09:30:33,82.3,26600,82.33,D
sz002409,雅克科技,2025-10-13 09:30:36,82.34,14200,82.3,D
sz002409,雅克科技,2025-10-13 09:30:39,82.52,49700,82.34,U
sz002409,雅克科技,2025-10-13 09:30:42,82.62,33000,82.52,U
sz002409,雅克科技,2025-10-13 09:30:45,82.99,34200,82.62,U
sz002409,雅克科技,2025-10-13 09:30:48,83.0,24000,82.99,U
sz002409,雅克科技,2025-10-13 09:30:51,83.16,33200,83.0,U
sz002409,雅克科技,2025-10-13 09:30:54,83.0,21000,83.16,D
sz002409,雅克科技,2025-10-13 09:30:57,83.22,18000,83.0,U
sz002409,雅克科技,2025-10-13 09:31:00,83.28,23400,83.22,U
sz002409,雅克科技,2025-10-13 09:31:03,83.45,32300,83.28,U
sz002409,雅克科技,2025-10-13 09:31:06,83.3,40700,83.45,D
sz002409,雅克科技,2025-10-13 09:31:09,83.16,121100,83.3,D
sz002409,雅克科技,2025-10-13 09:31:12,82.79,25700,83.16,D
sz002409,雅克科技,2025-10-13 09:31:15,82.36,33400,82.79,D
sz002409,雅克科技,2025-10-13 09:31:18,82.09,25800,82.36,D
sz002409,雅克科技,2025-10-13 09:31:21,82.0,84300,82.09,D
sz002409,雅克科技,2025-10-13 09:31:24,81.93,32600,82.0,D
sz002409,雅克科技,2025-10-13 09:31:27,81.82,36800,81.93,E
sz002409,雅克科技,2025-10-13 09:31:30,81.76,13800,81.82,D
sz002409,雅克科技,2025-10-13 09:31:33,81.82,43400,81.76,U
sz002409,雅克科技,2025-10-13 09:31:36,81.82,94400,81.82,U
sz002409,雅克科技,2025-10-13 09:31:39,81.82,22126,81.82,D
sz002409,雅克科技,2025-10-13 09:31:42,82.42,25700,81.82,E
sz002409,雅克科技,2025-10-13 09:31:45,82.44,14000,82.42,U
sz002409,雅克科技,2025-10-13 09:31:48,82.03,48700,82.44,D
sz002409,雅克科技,2025-10-13 09:31:51,82.5,69900,82.03,U
sz002409,雅克科技,2025-10-13 09:31:54,82.88,45300,82.5,U
sz002409,雅克科技,2025-10-13 09:31:57,83.3,43300,82.88,U
sz002409,雅克科技,2025-10-13 09:32:00,83.32,16400,83.3,U
sz002409,雅克科技,2025-10-13 09:32:03,83.1,40800,83.32,D
sz002409,雅克科技,2025-10-13 09:32:06,83.1,26700,83.1,D
sz002409,雅克科技,2025-10-13 09:32:09,83.0,35200,83.1,D
sz002409,雅克科技,2025-10-13 09:32:12,82.89,23700,83.0,D
sz002409,雅克科技,2025-10-13 09:32:15,82.89,74200,82.89,D
sz002409,雅克科技,2025-10-13 09:32:18,83.12,142930,82.89,U
sz002409,雅克科技,2025-10-13 09:32:21,83.29,83300,83.12,U
sz002409,雅克科技,2025-10-13 09:32:24,83.0,149200,83.29,D
sz002409,雅克科技,2025-10-13 09:32:27,83.17,46700,83.0,U
sz002409,雅克科技,2025-10-13 09:32:30,83.2,33900,83.17,U
sz002409,雅克科技,2025-10-13 09:32:33,83.38,48000,83.2,U
sz002409,雅克科技,2025-10-13 09:32:36,83.28,32700,83.38,E
sz002409,雅克科技,2025-10-13 09:32:39,83.33,53200,83.28,D
sz002409,雅克科技,2025-10-13 09:32:42,83.35,19200,83.33,E
sz002409,雅克科技,2025-10-13 09:32:45,83.38,20700,83.35,U
sz002409,雅克科技,2025-10-13 09:32:48,83.44,54000,83.38,U
sz002409,雅克科技,2025-10-13 09:32:51,83.3,11100,83.44,D
sz002409,雅克科技,2025-10-13 09:32:54,83.22,31800,83.3,D
sz002409,雅克科技,2025-10-13 09:32:57,83.3,19800,83.22,U
sz002409,雅克科技,2025-10-13 09:33:00,83.1,17100,83.3,D
sz002409,雅克科技,2025-10-13 09:33:03,83.25,17000,83.1,U
sz002409,雅克科技,2025-10-13 09:33:06,83.0,59700,83.25,D
sz002409,雅克科技,2025-10-13 09:33:09,83.0,18000,83.0,D
sz002409,雅克科技,2025-10-13 09:33:12,83.07,12400,83.0,U
sz002409,雅克科技,2025-10-13 09:33:15,82.98,13100,83.07,E
sz002409,雅克科技,2025-10-13 09:33:18,82.87,39200,82.98,D
sz002409,雅克科技,2025-10-13 09:33:21,82.94,23800,82.87,U
sz002409,雅克科技,2025-10-13 09:33:24,83.05,65900,82.94,U
sz002409,雅克科技,2025-10-13 09:33:27,83.1,87001,83.05,E
sz002409,雅克科技,2025-10-13 09:33:30,83.35,19100,83.1,U
sz002409,雅克科技,2025-10-13 09:33:33,83.44,28300,83.35,U
sz002409,雅克科技,2025-10-13 09:33:36,83.48,26000,83.44,E
sz002409,雅克科技,2025-10-13 09:33:39,83.78,18500,83.48,U
sz002409,雅克科技,2025-10-13 09:33:42,83.52,19600,83.78,D
sz002409,雅克科技,2025-10-13 09:33:45,83.44,19700,83.52,D
sz002409,雅克科技,2025-10-13 09:33:48,83.22,28500,83.44,D
sz002409,雅克科技,2025-10-13 09:33:51,83.22,22900,83.22,D
sz002409,雅克科技,2025-10-13 09:33:54,83.2,12300,83.22,E
sz002409,雅克科技,2025-10-13 09:33:57,83.0,50400,83.2,D
sz002409,雅克科技,2025-10-13 09:34:00,82.94,32400,83.0,D
sz002409,雅克科技,2025-10-13 09:34:03,82.94,27100,82.94,D
sz002409,雅克科技,2025-10-13 09:34:06,82.78,23400,82.94,D
sz002409,雅克科技,2025-10-13 09:34:09,82.85,14600,82.78,U
sz002409,雅克科技,2025-10-13 09:34:12,82.9,13600,82.85,U
sz002409,雅克科技,2025-10-13 09:34:15,82.7,48400,82.9,D
sz002409,雅克科技,2025-10-13 09:34:18,82.65,15500,82.7,D
sz002409,雅克科技,2025-10-13 09:34:21,82.53,22200,82.65,D
sz002409,雅克科技,2025-10-13 09:34:24,82.57,14300,82.53,E
sz002409,雅克科技,2025-10-13 09:34:27,82.88,43900,82.57,U
sz002409,雅克科技,2025-10-13 09:34:30,82.87,52700,82.88,E
sz002409,雅克科技,2025-10-13 09:34:33,82.94,30500,82.87,E
sz002409,雅克科技,2025-10-13 09:34:36,83.1,17100,82.94,E
sz002409,雅克科技,2025-10-13 09:34:39,83.12,30700,83.1,U
sz002409,雅克科技,2025-10-13 09:34:42,83.14,6900,83.12,U
sz002409,雅克科技,2025-10-13 09:34:45,83.14,19200,83.14,U
sz002409,雅克科技,2025-10-13 09:34:48,83.14,6000,83.14,U
sz002409,雅克科技,2025-10-13 09:34:51,83.35,8700,83.14,U
sz002409,雅克科技,2025-10-13 09:34:54,83.24,21600,83.35,D
sz002409,雅克科技,2025-10-13 09:34:57,83.48,55600,83.24,U
sz002409,雅克科技,2025-10-13 09:35:00,83.63,7200,83.48,U
sz002409,雅克科技,2025-10-13 09:35:03,83.86,11000,83.63,U
sz002409,雅克科技,2025-10-13 09:35:06,83.87,22200,83.86,U
sz002409,雅克科技,2025-10-13 09:35:09,83.8,35100,83.87,D
sz002409,雅克科技,2025-10-13 09:35:12,83.8,14300,83.8,D
sz002409,雅克科技,2025-10-13 09:35:15,83.79,16900,83.8,E
sz002409,雅克科技,2025-10-13 09:35:18,83.64,24600,83.79,D
sz002409,雅克科技,2025-10-13 09:35:21,83.51,62200,83.64,E
sz002409,雅克科技,2025-10-13 09:35:24,83.47,13800,83.51,D
sz002409,雅克科技,2025-10-13 09:35:27,83.47,52600,83.47,D
sz002409,雅克科技,2025-10-13 09:35:30,83.5,8900,83.47,U
sz002409,雅克科技,2025-10-13 09:35:33,83.64,7000,83.5,E
sz002409,雅克科技,2025-10-13 09:35:36,83.54,3600,83.64,D
sz002409,雅克科技,2025-10-13 09:35:39,83.76,6600,83.54,U
sz002409,雅克科技,2025-10-13 09:35:42,83.69,20200,83.76,D
sz002409,雅克科技,2025-10-13 09:35:45,83.7,9800,83.69,U
sz002409,雅克科技,2025-10-13 09:35:48,83.76,29000,83.7,U
sz002409,雅克科技,2025-10-13 09:35:51,83.71,12200,83.76,D
sz002409,雅克科技,2025-10-13 09:35:54,83.75,13800,83.71,U
sz002409,雅克科技,2025-10-13 09:35:57,83.76,21200,83.75,U
sz002409,雅克科技,2025-10-13 09:36:00,83.69,21500,83.76,E
sz002409,雅克科技,2025-10-13 09:36:03,83.6,11300,83.69,D
sz002409,雅克科技,2025-10-13 09:36:06,83.38,56300,83.6,D
sz002409,雅克科技,2025-10-13 09:36:09,83.5,19400,83.38,U
sz002409,雅克科技,2025-10-13 09:36:12,83.64,20700,83.5,U
sz002409,雅克科技,2025-10-13 09:36:15,83.6,53500,83.64,D
sz002409,雅克科技,2025-10-13 09:36:18,83.6,17300,83.6,E
sz002409,雅克科技,2025-10-13 09:36:21,83.49,23100,83.6,D
sz002409,雅克科技,2025-10-13 09:36:24,83.53,129200,83.49,U
sz002409,雅克科技,2025-10-13 09:36:27,83.6,36500,83.53,E
sz002409,雅克科技,2025-10-13 09:36:30,83.6,21700,83.6,U
sz002409,雅克科技,2025-10-13 09:36:33,83.55,34300,83.6,D
sz002409,雅克科技,2025-10-13 09:36:36,83.27,35000,83.55,D
sz002409,雅克科技,2025-10-13 09:36:39,83.24,13100,83.27,D
sz002409,雅克科技,2025-10-13 09:36:42,83.14,28700,83.24,D
sz002409,雅克科技,2025-10-13 09:36:45,83.14,11300,83.14,D
sz002409,雅克科技,2025-10-13 09:36:48,83.26,24100,83.14,U
sz002409,雅克科技,2025-10-13 09:36:51,83.27,43400,83.26,D
sz002409,雅克科技,2025-10-13 09:36:54,83.29,21900,83.27,U
sz002409,雅克科技,2025-10-13 09:36:57,83.29,7100,83.29,U
sz002409,雅克科技,2025-10-13 09:37:00,83.31,15900,83.29,U
sz002409,雅克科技,2025-10-13 09:37:03,83.23,30700,83.31,D
sz002409,雅克科技,2025-10-13 09:37:06,83.25,26100,83.23,E
sz002409,雅克科技,2025-10-13 09:37:09,83.32,28200,83.25,U
sz002409,雅克科技,2025-10-13 09:37:12,83.43,33800,83.32,U
sz002409,雅克科技,2025-10-13 09:37:15,83.43,8300,83.43,D
sz002409,雅克科技,2025-10-13 09:37:18,83.39,4900,83.43,E
sz002409,雅克科技,2025-10-13 09:37:21,83.09,36700,83.39,D
sz002409,雅克科技,2025-10-13 09:37:24,83.13,9500,83.09,U
sz002409,雅克科技,2025-10-13 09:37:27,83.08,7200,83.13,D
sz002409,雅克科技,2025-10-13 09:37:30,83.08,24800,83.08,U
sz002409,雅克科技,2025-10-13 09:37:33,83.12,20400,83.08,E
sz002409,雅克科技,2025-10-13 09:37:36,83.08,45300,83.12,D
sz002409,雅克科技,2025-10-13 09:37:39,83.1,12000,83.08,U
sz002409,雅克科技,2025-10-13 09:37:42,82.97,27500,83.1,D
sz002409,雅克科技,2025-10-13 09:37:45,82.93,14100,82.97,D
sz002409,雅克科技,2025-10-13 09:37:48,83.0,10000,82.93,U
sz002409,雅克科技,2025-10-13 09:37:51,82.97,33600,83.0,D
sz002409,雅克科技,2025-10-13 09:37:54,82.97,38400,82.97,D
sz002409,雅克科技,2025-10-13 09:37:57,82.84,44700,82.97,D
sz002409,雅克科技,2025-10-13 09:38:00,82.98,25700,82.84,U
sz002409,雅克科技,2025-10-13 09:38:03,82.83,19700,82.98,E
sz002409,雅克科技,2025-10-13 09:38:06,82.83,23100,82.83,D
sz002409,雅克科技,2025-10-13 09:38:09,82.81,5000,82.83,D
sz002409,雅克科技,2025-10-13 09:38:12,82.73,29100,82.81,D
sz002409,雅克科技,2025-10-13 09:38:15,82.7,5100,82.73,D
sz002409,雅克科技,2025-10-13 09:38:18,82.56,20000,82.7,D
sz002409,雅克科技,2025-10-13 09:38:21,82.53,3800,82.56,D
sz002409,雅克科技,2025-10-13 09:38:24,82.54,7800,82.53,E
sz002409,雅克科技,2025-10-13 09:38:27,82.56,32200,82.54,E
sz002409,雅克科技,2025-10-13 09:38:30,82.56,20400,82.56,D
sz002409,雅克科技,2025-10-13 09:38:33,82.5,17400,82.56,D
sz002409,雅克科技,2025-10-13 09:38:36,82.48,10300,82.5,D
sz002409,雅克科技,2025-10-13 09:38:39,82.38,6200,82.48,D
sz002409,雅克科技,2025-10-13 09:38:42,82.36,4100,82.38,D
sz002409,雅克科技,2025-10-13 09:38:45,82.36,10200,82.36,D
sz002409,雅克科技,2025-10-13 09:38:48,82.33,14500,82.36,D
sz002409,雅克科技,2025-10-13 09:38:51,82.43,30500,82.33,U
sz002409,雅克科技,2025-10-13 09:38:54,82.43,18000,82.43,U
sz002409,雅克科技,2025-10-13 09:38:57,82.35,13200,82.43,D
sz002409,雅克科技,2025-10-13 09:39:00,82.31,14000,82.35,D
sz002409,雅克科技,2025-10-13 09:39:03,82.3,7000,82.31,D
sz002409,雅克科技,2025-10-13 09:39:06,82.3,46500,82.3,D
sz002409,雅克科技,2025-10-13 09:39:09,82.34,19400,82.3,U
sz002409,雅克科技,2025-10-13 09:39:12,82.29,69100,82.34,D
sz002409,雅克科技,2025-10-13 09:39:15,82.2,14700,82.29,D
sz002409,雅克科技,2025-10-13 09:39:18,82.26,21900,82.2,U
sz002409,雅克科技,2025-10-13 09:39:21,82.24,50973,82.26,D
sz002409,雅克科技,2025-10-13 09:39:24,82.2,8900,82.24,D
sz002409,雅克科技,2025-10-13 09:39:27,82.2,6100,82.2,U
sz002409,雅克科技,2025-10-13 09:39:30,82.08,35400,82.2,D
sz002409,雅克科技,2025-10-13 09:39:33,82.1,14000,82.08,D
sz002409,雅克科技,2025-10-13 09:39:36,82.08,13000,82.1,D
sz002409,雅克科技,2025-10-13 09:39:39,82.09,39400,82.08,U
sz002409,雅克科技,2025-10-13 09:39:42,82.0,21700,82.09,D
sz002409,雅克科技,2025-10-13 09:39:45,81.99,11900,82.0,D
sz002409,雅克科技,2025-10-13 09:39:48,81.97,4400,81.99,D
sz002409,雅克科技,2025-10-13 09:39:51,81.97,10300,81.97,E
sz002409,雅克科技,2025-10-13 09:39:54,81.96,20500,81.97,E
sz002409,雅克科技,2025-10-13 09:39:57,82.02,45900,81.96,U
sz002409,雅克科技,2025-10-13 09:40:00,82.1,16300,82.02,U
sz002409,雅克科技,2025-10-13 09:40:03,82.18,39900,82.1,U
sz002409,雅克科技,2025-10-13 09:40:06,82.35,27900,82.18,U
sz002409,雅克科技,2025-10-13 09:40:09,82.36,21100,82.35,U
sz002409,雅克科技,2025-10-13 09:40:12,82.49,20600,82.36,U
sz002409,雅克科技,2025-10-13 09:40:15,82.5,8400,82.49,U
sz002409,雅克科技,2025-10-13 09:40:18,82.52,5900,82.5,U
sz002409,雅克科技,2025-10-13 09:40:21,82.46,17500,82.52,D
sz002409,雅克科技,2025-10-13 09:40:24,82.47,22500,82.46,U
sz002409,雅克科技,2025-10-13 09:40:27,82.36,9400,82.47,E
sz002409,雅克科技,2025-10-13 09:40:30,82.49,4100,82.36,U
sz002409,雅克科技,2025-10-13 09:40:33,82.46,45200,82.49,D
sz002409,雅克科技,2025-10-13 09:40:36,82.35,10900,82.46,D
sz002409,雅克科技,2025-10-13 09:40:39,82.15,24800,82.35,D
sz002409,雅克科技,2025-10-13 09:40:42,82.08,20700,82.15,D
sz002409,雅克科技,2025-10-13 09:40:45,82.03,21300,82.08,E
sz002409,雅克科技,2025-10-13 09:40:48,81.89,37300,82.03,D
sz002409,雅克科技,2025-10-13 09:40:51,81.88,25200,81.89,D
sz002409,雅克科技,2025-10-13 09:40:54,81.86,9100,81.88,D
sz002409,雅克科技,2025-10-13 09:40:57,81.61,31100,81.86,D
sz002409,雅克科技,2025-10-13 09:41:00,81.6,19600,81.61,D
sz002409,雅克科技,2025-10-13 09:41:03,81.71,41500,81.6,E
sz002409,雅克科技,2025-10-13 09:41:06,81.85,69800,81.71,U
sz002409,雅克科技,2025-10-13 09:41:09,81.94,60700,81.85,U
sz002409,雅克科技,2025-10-13 09:41:12,81.93,17000,81.94,U
sz002409,雅克科技,2025-10-13 09:41:15,81.92,30200,81.93,D
sz002409,雅克科技,2025-10-13 09:41:18,82.08,17700,81.92,U
sz002409,雅克科技,2025-10-13 09:41:21,82.01,19400,82.08,E
sz002409,雅克科技,2025-10-13 09:41:24,82.09,6400,82.01,E
sz002409,雅克科技,2025-10-13 09:41:27,82.17,10000,82.09,U
sz002409,雅克科技,2025-10-13 09:41:30,82.06,11100,82.17,D
sz002409,雅克科技,2025-10-13 09:41:33,82.06,11800,82.06,U
sz002409,雅克科技,2025-10-13 09:41:36,82.06,33400,82.06,U
sz002409,雅克科技,2025-10-13 09:41:39,82.06,8000,82.06,D
sz002409,雅克科技,2025-10-13 09:41:42,82.15,4300,82.06,U
sz002409,雅克科技,2025-10-13 09:41:45,82.23,12600,82.15,U
sz002409,雅克科技,2025-10-13 09:41:48,82.34,31800,82.23,U
sz002409,雅克科技,2025-10-13 09:41:51,82.36,15900,82.34,U
sz002409,雅克科技,2025-10-13 09:41:54,82.31,18300,82.36,D
sz002409,雅克科技,2025-10-13 09:41:57,82.3,22600,82.31,E
sz002409,雅克科技,2025-10-13 09:42:00,82.24,7200,82.3,E
sz002409,雅克科技,2025-10-13 09:42:03,82.2,20500,82.24,D
sz002409,雅克科技,2025-10-13 09:42:06,82.09,17900,82.2,D
sz002409,雅克科技,2025-10-13 09:42:09,82.12,17600,82.09,E
sz002409,雅克科技,2025-10-13 09:42:12,82.12,20600,82.12,D
sz002409,雅克科技,2025-10-13 09:42:15,82.12,7500,82.12,U
sz002409,雅克科技,2025-10-13 09:42:18,82.11,15500,82.12,E
sz002409,雅克科技,2025-10-13 09:42:21,82.11,13700,82.11,U
sz002409,雅克科技,2025-10-13 09:42:24,82.15,21300,82.11,U
sz002409,雅克科技,2025-10-13 09:42:27,82.26,9700,82.15,U
sz002409,雅克科技,2025-10-13 09:42:30,82.1,19300,82.26,D
sz002409,雅克科技,2025-10-13 09:42:33,82.12,11700,82.1,U
sz002409,雅克科技,2025-10-13 09:42:36,82.19,51600,82.12,U
sz002409,雅克科技,2025-10-13 09:42:39,82.21,9300,82.19,U
sz002409,雅克科技,2025-10-13 09:42:42,82.18,7700,82.21,D
sz002409,雅克科技,2025-10-13 09:42:45,82.04,42500,82.18,D
sz002409,雅克科技,2025-10-13 09:42:48,82.13,17700,82.04,U
sz002409,雅克科技,2025-10-13 09:42:51,82.12,4100,82.13,E
sz002409,雅克科技,2025-10-13 09:42:54,82.13,13300,82.12,U
sz002409,雅克科技,2025-10-13 09:42:57,82.08,31000,82.13,E
sz002409,雅克科技,2025-10-13 09:43:00,81.99,7600,82.08,D
sz002409,雅克科技,2025-10-13 09:43:03,81.98,39500,81.99,D
sz002409,雅克科技,2025-10-13 09:43:06,81.94,16500,81.98,U
sz002409,雅克科技,2025-10-13 09:43:09,81.96,10700,81.94,U
sz002409,雅克科技,2025-10-13 09:43:12,81.97,10200,81.96,U
sz002409,雅克科技,2025-10-13 09:43:15,81.98,25800,81.97,U
sz002409,雅克科技,2025-10-13 09:43:18,81.98,8100,81.98,D
sz002409,雅克科技,2025-10-13 09:43:21,81.92,15200,81.98,D
sz002409,雅克科技,2025-10-13 09:43:24,81.92,22100,81.92,U
sz002409,雅克科技,2025-10-13 09:43:27,82.09,14200,81.92,U
sz002409,雅克科技,2025-10-13 09:43:30,82.12,4800,82.09,U
sz002409,雅克科技,2025-10-13 09:43:33,82.13,7000,82.12,D
sz002409,雅克科技,2025-10-13 09:43:36,82.2,10200,82.13,U
sz002409,雅克科技,2025-10-13 09:43:39,82.1,16400,82.2,E
sz002409,雅克科技,2025-10-13 09:43:42,82.2,2900,82.1,U
sz002409,雅克科技,2025-10-13 09:43:45,82.15,21400,82.2,E
sz002409,雅克科技,2025-10-13 09:43:48,82.21,10000,82.15,U
sz002409,雅克科技,2025-10-13 09:43:51,82.26,6800,82.21,U
sz002409,雅克科技,2025-10-13 09:43:54,82.18,6300,82.26,E
sz002409,雅克科技,2025-10-13 09:43:57,82.21,4500,82.18,U
sz002409,雅克科技,2025-10-13 09:44:00,82.08,16100,82.21,D
sz002409,雅克科技,2025-10-13 09:44:03,81.95,49200,82.08,D
sz002409,雅克科技,2025-10-13 09:44:06,81.98,19400,81.95,U
sz002409,雅克科技,2025-10-13 09:44:09,82.01,4800,81.98,U
sz002409,雅克科技,2025-10-13 09:44:12,82.12,17400,82.01,U
sz002409,雅克科技,2025-10-13 09:44:15,82.09,7300,82.12,E
sz002409,雅克科技,2025-10-13 09:44:18,82.06,21200,82.09,D
sz002409,雅克科技,2025-10-13 09:44:21,82.34,6100,82.06,U
sz002409,雅克科技,2025-10-13 09:44:24,82.16,15200,82.34,D
sz002409,雅克科技,2025-10-13 09:44:27,82.29,5000,82.16,E
sz002409,雅克科技,2025-10-13 09:44:30,82.48,4600,82.29,U
sz002409,雅克科技,2025-10-13 09:44:36,82.31,15800,82.47,D
sz002409,雅克科技,2025-10-13 09:44:39,82.45,17400,82.31,U
sz002409,雅克科技,2025-10-13 09:44:42,82.48,7600,82.45,U
sz002409,雅克科技,2025-10-13 09:44:45,82.3,7400,82.48,D
sz002409,雅克科技,2025-10-13 09:44:48,82.39,13400,82.3,E
sz002409,雅克科技,2025-10-13 09:44:51,82.51,6200,82.39,U
sz002409,雅克科技,2025-10-13 09:44:54,82.51,7400,82.51,U
sz002409,雅克科技,2025-10-13 09:44:57,82.61,13100,82.51,U
sz002409,雅克科技,2025-10-13 09:45:00,82.55,3900,82.61,D
sz002409,雅克科技,2025-10-13 09:45:03,82.66,9600,82.55,U
sz002409,雅克科技,2025-10-13 09:45:09,82.55,21650,82.57,D
sz002409,雅克科技,2025-10-13 09:45:12,82.55,12250,82.55,U
sz002409,雅克科技,2025-10-13 09:45:15,82.5,10100,82.55,D
sz002409,雅克科技,2025-10-13 09:45:18,82.49,20300,82.5,E
sz002409,雅克科技,2025-10-13 09:45:21,82.35,12300,82.49,D
sz002409,雅克科技,2025-10-13 09:45:24,82.35,11400,82.35,D
sz002409,雅克科技,2025-10-13 09:45:27,82.37,9100,82.35,U
sz002409,雅克科技,2025-10-13 09:45:30,82.5,16400,82.37,U
sz002409,雅克科技,2025-10-13 09:45:33,82.57,6010,82.5,U
sz002409,雅克科技,2025-10-13 09:45:36,82.54,6200,82.57,D
sz002409,雅克科技,2025-10-13 09:45:39,82.55,11600,82.54,U
sz002409,雅克科技,2025-10-13 09:45:42,82.62,5700,82.55,E
sz002409,雅克科技,2025-10-13 09:45:45,82.6,5800,82.62,D
sz002409,雅克科技,2025-10-13 09:45:48,82.77,7200,82.6,U
sz002409,雅克科技,2025-10-13 09:45:51,82.65,25600,82.77,D
sz002409,雅克科技,2025-10-13 09:45:54,82.76,16400,82.65,D
sz002409,雅克科技,2025-10-13 09:45:57,82.77,14100,82.76,U
sz002409,雅克科技,2025-10-13 09:46:00,82.83,8500,82.77,E
sz002409,雅克科技,2025-10-13 09:46:03,82.9,10600,82.83,U
sz002409,雅克科技,2025-10-13 09:46:09,83.1,26000,82.95,U
sz002409,雅克科技,2025-10-13 09:46:12,83.0,15600,83.1,D
sz002409,雅克科技,2025-10-13 09:46:15,83.11,26100,83.0,E
sz002409,雅克科技,2025-10-13 09:46:18,83.17,22200,83.11,U
sz002409,雅克科技,2025-10-13 09:46:21,83.17,9800,83.17,U
sz002409,雅克科技,2025-10-13 09:46:24,83.11,10800,83.17,D
sz002409,雅克科技,2025-10-13 09:46:27,83.1,9700,83.11,E
sz002409,雅克科技,2025-10-13 09:46:30,83.04,8000,83.1,E
sz002409,雅克科技,2025-10-13 09:46:33,83.01,19700,83.04,D
sz002409,雅克科技,2025-10-13 09:46:36,82.9,14400,83.01,D
sz002409,雅克科技,2025-10-13 09:46:39,82.91,2700,82.9,U
sz002409,雅克科技,2025-10-13 09:46:42,82.89,2800,82.91,D
sz002409,雅克科技,2025-10-13 09:46:48,82.97,7000,82.96,E
sz002409,雅克科技,2025-10-13 09:46:51,82.96,13600,82.97,D
sz002409,雅克科技,2025-10-13 09:46:54,82.85,14900,82.96,D
sz002409,雅克科技,2025-10-13 09:46:57,82.8,2600,82.85,E
sz002409,雅克科技,2025-10-13 09:47:00,82.85,11300,82.8,U
sz002409,雅克科技,2025-10-13 09:47:03,82.87,11500,82.85,E
sz002409,雅克科技,2025-10-13 09:47:06,82.91,7800,82.87,D
sz002409,雅克科技,2025-10-13 09:47:09,82.84,15000,82.91,D
sz002409,雅克科技,2025-10-13 09:47:12,82.91,11600,82.84,E
sz002409,雅克科技,2025-10-13 09:47:15,82.82,30800,82.91,D
sz002409,雅克科技,2025-10-13 09:47:18,82.87,4100,82.82,U
sz002409,雅克科技,2025-10-13 09:47:21,82.87,21000,82.87,U
sz002409,雅克科技,2025-10-13 09:47:24,82.85,19200,82.87,E
sz002409,雅克科技,2025-10-13 09:47:27,82.89,16200,82.85,U
sz002409,雅克科技,2025-10-13 09:47:30,82.94,2900,82.89,U
sz002409,雅克科技,2025-10-13 09:47:33,82.96,6800,82.94,U
sz002409,雅克科技,2025-10-13 09:47:36,83.11,22000,82.96,U
sz002409,雅克科技,2025-10-13 09:47:45,83.21,27600,83.17,U
sz002409,雅克科技,2025-10-13 09:47:48,83.3,12900,83.21,U
sz002409,雅克科技,2025-10-13 09:47:51,83.19,16600,83.3,D
sz002409,雅克科技,2025-10-13 09:47:54,83.26,14300,83.19,U
sz002409,雅克科技,2025-10-13 09:47:57,83.28,6800,83.26,U
sz002409,雅克科技,2025-10-13 09:48:00,83.36,9600,83.28,U
sz002409,雅克科技,2025-10-13 09:48:03,83.37,15500,83.36,U
sz002409,雅克科技,2025-10-13 09:48:09,83.5,6500,83.39,U
sz002409,雅克科技,2025-10-13 09:48:12,83.54,5100,83.5,U
sz002409,雅克科技,2025-10-13 09:48:15,83.54,12500,83.54,D
sz002409,雅克科技,2025-10-13 09:48:18,83.61,12000,83.54,U
sz002409,雅克科技,2025-10-13 09:48:21,83.77,17600,83.61,U
sz002409,雅克科技,2025-10-13 09:48:27,83.79,6200,83.79,U
sz002409,雅克科技,2025-10-13 09:48:30,83.77,15500,83.79,E
sz002409,雅克科技,2025-10-13 09:48:33,83.81,12100,83.77,U
sz002409,雅克科技,2025-10-13 09:48:36,83.88,4100,83.81,U
sz002409,雅克科技,2025-10-13 09:48:42,83.9,25000,83.9,D
sz002409,雅克科技,2025-10-13 09:48:45,83.99,5800,83.9,U
sz002409,雅克科技,2025-10-13 09:48:48,83.98,24800,83.99,D
sz002409,雅克科技,2025-10-13 09:48:51,84.0,40700,83.98,E
sz002409,雅克科技,2025-10-13 09:48:54,83.88,29000,84.0,D
sz002409,雅克科技,2025-10-13 09:48:57,83.77,32400,83.88,D
sz002409,雅克科技,2025-10-13 09:49:00,83.77,10200,83.77,U
sz002409,雅克科技,2025-10-13 09:49:03,83.77,18500,83.77,U
sz002409,雅克科技,2025-10-13 09:49:06,83.82,38100,83.77,E
sz002409,雅克科技,2025-10-13 09:49:09,84.0,36700,83.82,U
sz002409,雅克科技,2025-10-13 09:49:12,83.96,10100,84.0,E
sz002409,雅克科技,2025-10-13 09:49:15,83.95,7200,83.96,U
sz002409,雅克科技,2025-10-13 09:49:18,83.87,33700,83.95,D
sz002409,雅克科技,2025-10-13 09:49:21,83.88,76100,83.87,U
sz002409,雅克科技,2025-10-13 09:49:24,83.83,46600,83.88,E
sz002409,雅克科技,2025-10-13 09:49:27,83.83,7100,83.83,U
sz002409,雅克科技,2025-10-13 09:49:30,83.62,29600,83.83,D
sz002409,雅克科技,2025-10-13 09:49:33,83.68,30000,83.62,U
sz002409,雅克科技,2025-10-13 09:49:36,83.66,10900,83.68,D
sz002409,雅克科技,2025-10-13 09:49:39,83.66,15700,83.66,D
sz002409,雅克科技,2025-10-13 09:49:42,83.57,20300,83.66,D
sz002409,雅克科技,2025-10-13 09:49:45,83.62,11500,83.57,U
sz002409,雅克科技,2025-10-13 09:49:48,83.54,9100,83.62,D
sz002409,雅克科技,2025-10-13 09:49:51,83.52,13400,83.54,E
sz002409,雅克科技,2025-10-13 09:49:54,83.3,19900,83.52,D
sz002409,雅克科技,2025-10-13 09:50:00,83.31,10700,83.31,D
sz002409,雅克科技,2025-10-13 09:50:03,83.31,3200,83.31,U
sz002409,雅克科技,2025-10-13 09:50:06,83.12,46000,83.31,D
sz002409,雅克科技,2025-10-13 09:50:09,83.26,14000,83.12,U
sz002409,雅克科技,2025-10-13 09:50:12,83.3,5600,83.26,U
sz002409,雅克科技,2025-10-13 09:50:15,83.26,8600,83.3,U
sz002409,雅克科技,2025-10-13 09:50:18,83.25,13800,83.26,D
sz002409,雅克科技,2025-10-13 09:50:24,83.31,4300,83.3,U
sz002409,雅克科技,2025-10-13 09:50:27,83.31,8200,83.31,U
sz002409,雅克科技,2025-10-13 09:50:30,83.23,4700,83.31,D
sz002409,雅克科技,2025-10-13 09:50:36,83.23,5400,83.13,U
sz002409,雅克科技,2025-10-13 09:50:39,83.25,4500,83.23,U
sz002409,雅克科技,2025-10-13 09:50:42,83.3,11400,83.25,U
sz002409,雅克科技,2025-10-13 09:50:45,83.24,13600,83.3,D
sz002409,雅克科技,2025-10-13 09:50:48,83.25,10000,83.24,U
sz002409,雅克科技,2025-10-13 09:50:51,83.25,5100,83.25,U
sz002409,雅克科技,2025-10-13 09:50:54,83.25,10200,83.25,D
sz002409,雅克科技,2025-10-13 09:50:57,83.25,9800,83.25,D
sz002409,雅克科技,2025-10-13 09:51:00,83.26,4400,83.25,E
sz002409,雅克科技,2025-10-13 09:51:03,83.35,16000,83.26,U
sz002409,雅克科技,2025-10-13 09:51:06,83.4,10600,83.35,U
sz002409,雅克科技,2025-10-13 09:51:09,83.31,2900,83.4,D
sz002409,雅克科技,2025-10-13 09:51:12,83.31,33400,83.31,D
sz002409,雅克科技,2025-10-13 09:51:15,83.3,12600,83.31,D
sz002409,雅克科技,2025-10-13 09:51:18,83.21,17300,83.3,D
sz002409,雅克科技,2025-10-13 09:51:21,83.12,7600,83.21,D
sz002409,雅克科技,2025-10-13 09:51:24,83.04,4400,83.12,D
sz002409,雅克科技,2025-10-13 09:51:27,83.01,3400,83.04,D
sz002409,雅克科技,2025-10-13 09:51:30,82.96,11800,83.01,D
sz002409,雅克科技,2025-10-13 09:51:33,82.91,22100,82.96,D
sz002409,雅克科技,2025-10-13 09:51:36,82.91,3200,82.91,D
sz002409,雅克科技,2025-10-13 09:51:39,82.88,2600,82.91,D
sz002409,雅克科技,2025-10-13 09:51:42,82.86,3200,82.88,D
sz002409,雅克科技,2025-10-13 09:51:45,82.87,4600,82.86,E
sz002409,雅克科技,2025-10-13 09:51:48,82.93,6200,82.87,U
sz002409,雅克科技,2025-10-13 09:51:51,83.02,25400,82.93,U
sz002409,雅克科技,2025-10-13 09:51:54,83.11,10900,83.02,U
sz002409,雅克科技,2025-10-13 09:51:57,83.19,5100,83.11,U
sz002409,雅克科技,2025-10-13 09:52:03,83.2,2900,83.2,E
sz002409,雅克科技,2025-10-13 09:52:06,83.2,5600,83.2,E
sz002409,雅克科技,2025-10-13 09:52:09,83.23,3500,83.2,U
sz002409,雅克科技,2025-10-13 09:52:12,83.2,3900,83.23,D
sz002409,雅克科技,2025-10-13 09:52:15,83.18,8300,83.2,D
sz002409,雅克科技,2025-10-13 09:52:18,83.0,5100,83.18,D
sz002409,雅克科技,2025-10-13 09:52:24,82.98,4400,82.99,D
sz002409,雅克科技,2025-10-13 09:52:27,83.18,19100,82.98,U
sz002409,雅克科技,2025-10-13 09:52:30,83.0,6800,83.18,D
sz002409,雅克科技,2025-10-13 09:52:33,83.02,2600,83.0,E
sz002409,雅克科技,2025-10-13 09:52:36,83.03,5200,83.02,U
sz002409,雅克科技,2025-10-13 09:52:42,83.03,10200,83.04,D
sz002409,雅克科技,2025-10-13 09:52:45,83.01,4500,83.03,D
sz002409,雅克科技,2025-10-13 09:52:48,83.0,6900,83.01,D
sz002409,雅克科技,2025-10-13 09:52:51,83.0,5400,83.0,D
sz002409,雅克科技,2025-10-13 09:52:54,82.94,4100,83.0,D
sz002409,雅克科技,2025-10-13 09:53:03,82.94,8400,82.93,E
sz002409,雅克科技,2025-10-13 09:53:09,82.9,5500,82.93,D
sz002409,雅克科技,2025-10-13 09:53:12,82.96,3300,82.9,U
sz002409,雅克科技,2025-10-13 09:53:15,82.96,16900,82.96,E
sz002409,雅克科技,2025-10-13 09:53:18,82.79,66900,82.96,D
sz002409,雅克科技,2025-10-13 09:53:21,82.64,4600,82.79,D
sz002409,雅克科技,2025-10-13 09:53:24,82.6,20700,82.64,D
sz002409,雅克科技,2025-10-13 09:53:30,82.57,6800,82.63,D
sz002409,雅克科技,2025-10-13 09:53:36,82.6,6700,82.61,E
sz002409,雅克科技,2025-10-13 09:53:39,82.61,4700,82.6,U
sz002409,雅克科技,2025-10-13 09:53:42,82.55,9400,82.61,D
sz002409,雅克科技,2025-10-13 09:53:45,82.5,17800,82.55,D
sz002409,雅克科技,2025-10-13 09:53:48,82.39,8400,82.5,D
sz002409,雅克科技,2025-10-13 09:53:51,82.36,4900,82.39,D
sz002409,雅克科技,2025-10-13 09:53:54,82.23,13700,82.36,D
sz002409,雅克科技,2025-10-13 09:53:57,82.22,6000,82.23,D
sz002409,雅克科技,2025-10-13 09:54:00,82.15,16300,82.22,D
sz002409,雅克科技,2025-10-13 09:54:03,82.11,6300,82.15,D
sz002409,雅克科技,2025-10-13 09:54:06,82.11,9900,82.11,U
sz002409,雅克科技,2025-10-13 09:54:09,82.18,13600,82.11,E
sz002409,雅克科技,2025-10-13 09:54:12,82.02,71500,82.18,D
sz002409,雅克科技,2025-10-13 09:54:15,82.11,20300,82.02,U
sz002409,雅克科技,2025-10-13 09:54:18,82.03,14800,82.11,D
sz002409,雅克科技,2025-10-13 09:54:24,82.11,17200,82.03,U
sz002409,雅克科技,2025-10-13 09:54:27,82.11,10200,82.11,U
sz002409,雅克科技,2025-10-13 09:54:30,82.08,13100,82.11,D
sz002409,雅克科技,2025-10-13 09:54:33,82.1,4300,82.08,U
sz002409,雅克科技,2025-10-13 09:54:36,82.09,17100,82.1,D
sz002409,雅克科技,2025-10-13 09:54:39,82.1,6700,82.09,U
sz002409,雅克科技,2025-10-13 09:54:42,82.04,13000,82.1,D
sz002409,雅克科技,2025-10-13 09:54:45,82.0,24000,82.04,D
sz002409,雅克科技,2025-10-13 09:54:48,82.04,7200,82.0,U
sz002409,雅克科技,2025-10-13 09:54:51,82.04,4800,82.04,D
sz002409,雅克科技,2025-10-13 09:54:54,82.04,11300,82.04,D
sz002409,雅克科技,2025-10-13 09:54:57,82.05,6000,82.04,E
sz002409,雅克科技,2025-10-13 09:55:00,82.01,29700,82.05,D
sz002409,雅克科技,2025-10-13 09:55:03,81.94,44900,82.01,D
sz002409,雅克科技,2025-10-13 09:55:06,82.0,17700,81.94,U
sz002409,雅克科技,2025-10-13 09:55:09,81.9,6900,82.0,E
sz002409,雅克科技,2025-10-13 09:55:12,82.01,2978,81.9,U
sz002409,雅克科技,2025-10-13 09:55:15,82.0,14800,82.01,D
sz002409,雅克科技,2025-10-13 09:55:18,82.0,18400,82.0,U
sz002409,雅克科技,2025-10-13 09:55:21,82.03,22400,82.0,U
sz002409,雅克科技,2025-10-13 09:55:24,81.96,47600,82.03,D
sz002409,雅克科技,2025-10-13 09:55:27,81.95,5800,81.96,U
sz002409,雅克科技,2025-10-13 09:55:30,81.92,8322,81.95,D
sz002409,雅克科技,2025-10-13 09:55:33,81.93,14000,81.92,U
sz002409,雅克科技,2025-10-13 09:55:36,81.9,9800,81.93,D
sz002409,雅克科技,2025-10-13 09:55:39,81.9,3078,81.9,U
sz002409,雅克科技,2025-10-13 09:55:42,81.9,6822,81.9,D
sz002409,雅克科技,2025-10-13 09:55:45,81.89,3900,81.9,D
sz002409,雅克科技,2025-10-13 09:55:48,81.84,26200,81.89,D
sz002409,雅克科技,2025-10-13 09:55:51,81.76,17100,81.84,D
sz002409,雅克科技,2025-10-13 09:55:54,81.76,4100,81.76,D
sz002409,雅克科技,2025-10-13 09:55:57,81.75,2900,81.76,D
sz002409,雅克科技,2025-10-13 09:56:00,81.72,11800,81.75,D
sz002409,雅克科技,2025-10-13 09:56:03,81.59,20300,81.72,D
sz002409,雅克科技,2025-10-13 09:56:06,81.6,6800,81.59,U
sz002409,雅克科技,2025-10-13 09:56:09,81.59,5300,81.6,E
sz002409,雅克科技,2025-10-13 09:56:12,81.6,11100,81.59,U
sz002409,雅克科技,2025-10-13 09:56:15,81.55,18900,81.6,E
sz002409,雅克科技,2025-10-13 09:56:18,81.6,8090,81.55,U
sz002409,雅克科技,2025-10-13 09:56:21,81.6,43110,81.6,D
sz002409,雅克科技,2025-10-13 09:56:24,81.55,19400,81.6,D
sz002409,雅克科技,2025-10-13 09:56:27,81.56,8400,81.55,U
sz002409,雅克科技,2025-10-13 09:56:30,81.55,9300,81.56,D
sz002409,雅克科技,2025-10-13 09:56:33,81.58,5100,81.55,U
sz002409,雅克科技,2025-10-13 09:56:36,81.56,8500,81.58,D
sz002409,雅克科技,2025-10-13 09:56:39,81.59,7000,81.56,U
sz002409,雅克科技,2025-10-13 09:56:42,81.48,27200,81.59,D
sz002409,雅克科技,2025-10-13 09:56:45,81.42,7200,81.48,D
sz002409,雅克科技,2025-10-13 09:56:48,81.39,4300,81.42,D
sz002409,雅克科技,2025-10-13 09:56:51,81.4,13400,81.39,U
sz002409,雅克科技,2025-10-13 09:56:54,81.37,8300,81.4,E
sz002409,雅克科技,2025-10-13 09:56:57,81.42,16200,81.37,U
sz002409,雅克科技,2025-10-13 09:57:00,81.44,17290,81.42,E
sz002409,雅克科技,2025-10-13 09:57:03,81.48,16100,81.44,U
sz002409,雅克科技,2025-10-13 09:57:06,81.44,10600,81.48,D
sz002409,雅克科技,2025-10-13 09:57:09,81.48,12800,81.44,E
sz002409,雅克科技,2025-10-13 09:57:12,81.48,8200,81.48,U
sz002409,雅克科技,2025-10-13 09:57:15,81.46,5800,81.48,E
sz002409,雅克科技,2025-10-13 09:57:18,81.47,2700,81.46,U
sz002409,雅克科技,2025-10-13 09:57:21,81.5,11900,81.47,U
sz002409,雅克科技,2025-10-13 09:57:24,81.5,10600,81.5,U
sz002409,雅克科技,2025-10-13 09:57:30,81.56,4300,81.54,U
sz002409,雅克科技,2025-10-13 09:57:33,81.65,6000,81.56,U
sz002409,雅克科技,2025-10-13 09:57:36,81.72,5500,81.65,U
sz002409,雅克科技,2025-10-13 09:57:39,81.76,6000,81.72,U
sz002409,雅克科技,2025-10-13 09:57:42,81.8,2600,81.76,U
sz002409,雅克科技,2025-10-13 09:57:45,81.78,11400,81.8,E
sz002409,雅克科技,2025-10-13 09:57:48,81.78,12300,81.78,U
sz002409,雅克科技,2025-10-13 09:57:51,81.73,12400,81.78,D
sz002409,雅克科技,2025-10-13 09:57:54,81.75,12200,81.73,E
sz002409,雅克科技,2025-10-13 09:57:57,81.53,17600,81.75,D
sz002409,雅克科技,2025-10-13 09:58:00,81.48,35200,81.53,D
sz002409,雅克科技,2025-10-13 09:58:03,81.53,25700,81.48,U
sz002409,雅克科技,2025-10-13 09:58:06,81.52,4600,81.53,E
sz002409,雅克科技,2025-10-13 09:58:09,81.57,27300,81.52,U
sz002409,雅克科技,2025-10-13 09:58:12,81.51,38900,81.57,D
sz002409,雅克科技,2025-10-13 09:58:15,81.58,63200,81.51,U
sz002409,雅克科技,2025-10-13 09:58:21,81.58,65600,81.58,D
sz002409,雅克科技,2025-10-13 09:58:24,81.58,4500,81.58,U
sz002409,雅克科技,2025-10-13 09:58:27,81.59,5700,81.58,E
sz002409,雅克科技,2025-10-13 09:58:30,81.58,5000,81.59,D
sz002409,雅克科技,2025-10-13 09:58:33,81.7,7100,81.58,U
sz002409,雅克科技,2025-10-13 09:58:36,81.63,5100,81.7,U
sz002409,雅克科技,2025-10-13 09:58:39,81.58,2500,81.63,E
sz002409,雅克科技,2025-10-13 09:58:45,81.69,3211,81.68,U
sz002409,雅克科技,2025-10-13 09:58:48,81.69,3200,81.69,E
sz002409,雅克科技,2025-10-13 09:58:51,81.71,3700,81.69,U
sz002409,雅克科技,2025-10-13 09:58:54,81.71,6000,81.71,D
sz002409,雅克科技,2025-10-13 09:58:57,81.73,4200,81.71,U
sz002409,雅克科技,2025-10-13 09:59:00,81.72,7900,81.73,D
sz002409,雅克科技,2025-10-13 09:59:03,81.73,7500,81.72,D
sz002409,雅克科技,2025-10-13 09:59:06,81.72,12100,81.73,D
sz002409,雅克科技,2025-10-13 09:59:09,81.77,3800,81.72,U
sz002409,雅克科技,2025-10-13 09:59:12,81.84,13900,81.77,U
sz002409,雅克科技,2025-10-13 09:59:15,81.9,4100,81.84,U
sz002409,雅克科技,2025-10-13 09:59:18,81.91,3600,81.9,U
sz002409,雅克科技,2025-10-13 09:59:24,81.91,3900,81.95,D
sz002409,雅克科技,2025-10-13 09:59:27,81.82,14600,81.91,D
sz002409,雅克科技,2025-10-13 09:59:30,81.8,6500,81.82,D
sz002409,雅克科技,2025-10-13 09:59:33,81.8,5000,81.8,D
sz002409,雅克科技,2025-10-13 09:59:36,81.8,8300,81.8,U
sz002409,雅克科技,2025-10-13 09:59:39,81.84,7200,81.8,U
sz002409,雅克科技,2025-10-13 09:59:42,81.8,7100,81.84,D
sz002409,雅克科技,2025-10-13 09:59:45,81.84,2500,81.8,E
sz002409,雅克科技,2025-10-13 09:59:48,81.81,4500,81.84,D
sz002409,雅克科技,2025-10-13 09:59:51,81.84,10800,81.81,U
sz002409,雅克科技,2025-10-13 09:59:54,81.81,4700,81.84,D
sz002409,雅克科技,2025-10-13 09:59:57,81.76,18100,81.81,D
sz002409,雅克科技,2025-10-13 10:00:00,81.71,30900,81.76,D
sz002409,雅克科技,2025-10-13 10:00:03,81.5,34089,81.71,D
sz002409,雅克科技,2025-10-13 10:00:06,81.5,19300,81.5,D
sz002409,雅克科技,2025-10-13 10:00:09,81.5,5900,81.5,D
sz002409,雅克科技,2025-10-13 10:00:12,81.6,12800,81.5,E
sz002409,雅克科技,2025-10-13 10:00:15,81.51,12000,81.6,D
sz002409,雅克科技,2025-10-13 10:00:18,81.52,6500,81.51,D
sz002409,雅克科技,2025-10-13 10:00:21,81.54,5600,81.52,E
sz002409,雅克科技,2025-10-13 10:00:24,81.52,11900,81.54,D
sz002409,雅克科技,2025-10-13 10:00:27,81.51,5400,81.52,D
sz002409,雅克科技,2025-10-13 10:00:30,81.53,9300,81.51,U
sz002409,雅克科技,2025-10-13 10:00:33,81.52,14800,81.53,D
sz002409,雅克科技,2025-10-13 10:00:36,81.47,23400,81.52,D
sz002409,雅克科技,2025-10-13 10:00:39,81.4,6800,81.47,D
sz002409,雅克科技,2025-10-13 10:00:42,81.4,25300,81.4,D
sz002409,雅克科技,2025-10-13 10:00:45,81.35,3710,81.4,D
sz002409,雅克科技,2025-10-13 10:00:48,81.32,34900,81.35,D
sz002409,雅克科技,2025-10-13 10:00:51,81.26,17700,81.32,D
sz002409,雅克科技,2025-10-13 10:00:54,81.28,4800,81.26,E
sz002409,雅克科技,2025-10-13 10:00:57,81.24,5500,81.28,D
sz002409,雅克科技,2025-10-13 10:01:00,81.14,23200,81.24,D
sz002409,雅克科技,2025-10-13 10:01:03,81.06,32600,81.14,D
sz002409,雅克科技,2025-10-13 10:01:06,81.06,38100,81.06,U
sz002409,雅克科技,2025-10-13 10:01:09,81.01,20300,81.06,D
sz002409,雅克科技,2025-10-13 10:01:12,81.03,26300,81.01,E
sz002409,雅克科技,2025-10-13 10:01:15,81.02,7100,81.03,E
sz002409,雅克科技,2025-10-13 10:01:18,81.0,42000,81.02,D
sz002409,雅克科技,2025-10-13 10:01:21,81.0,14800,81.0,D
sz002409,雅克科技,2025-10-13 10:01:24,81.0,77400,81.0,D
sz002409,雅克科技,2025-10-13 10:01:27,80.97,10100,81.0,D
sz002409,雅克科技,2025-10-13 10:01:30,80.88,60900,80.97,D
sz002409,雅克科技,2025-10-13 10:01:33,80.88,4800,80.88,D
sz002409,雅克科技,2025-10-13 10:01:36,80.88,19400,80.88,D
sz002409,雅克科技,2025-10-13 10:01:39,80.88,75200,80.88,U
sz002409,雅克科技,2025-10-13 10:01:42,80.88,32600,80.88,D
sz002409,雅克科技,2025-10-13 10:01:45,80.9,57800,80.88,E
sz002409,雅克科技,2025-10-13 10:01:48,81.08,11100,80.9,E
sz002409,雅克科技,2025-10-13 10:01:51,81.09,15200,81.08,U
sz002409,雅克科技,2025-10-13 10:01:54,81.09,6200,81.09,E
sz002409,雅克科技,2025-10-13 10:01:57,81.1,14200,81.09,E
sz002409,雅克科技,2025-10-13 10:02:00,81.01,4300,81.1,D
sz002409,雅克科技,2025-10-13 10:02:03,81.01,4600,81.01,E
sz002409,雅克科技,2025-10-13 10:02:06,81.0,3600,81.01,U
sz002409,雅克科技,2025-10-13 10:02:09,81.01,13400,81.0,U
sz002409,雅克科技,2025-10-13 10:02:12,80.97,9000,81.01,D
sz002409,雅克科技,2025-10-13 10:02:15,81.0,6100,80.97,E
sz002409,雅克科技,2025-10-13 10:02:18,81.0,7700,81.0,U
sz002409,雅克科技,2025-10-13 10:02:21,80.99,8700,81.0,D
sz002409,雅克科技,2025-10-13 10:02:24,80.95,12300,80.99,D
sz002409,雅克科技,2025-10-13 10:02:27,80.91,13500,80.95,D
sz002409,雅克科技,2025-10-13 10:02:30,80.9,23300,80.91,D
sz002409,雅克科技,2025-10-13 10:02:33,80.89,19600,80.9,D
sz002409,雅克科技,2025-10-13 10:02:36,80.86,6500,80.89,D
sz002409,雅克科技,2025-10-13 10:02:42,80.81,13300,80.84,D
sz002409,雅克科技,2025-10-13 10:02:45,80.75,33200,80.81,D
sz002409,雅克科技,2025-10-13 10:02:48,80.71,3200,80.75,D
sz002409,雅克科技,2025-10-13 10:02:51,80.68,4200,80.71,D
sz002409,雅克科技,2025-10-13 10:02:54,80.6,12700,80.68,D
sz002409,雅克科技,2025-10-13 10:02:57,80.51,19500,80.6,D
sz002409,雅克科技,2025-10-13 10:03:00,80.5,124400,80.51,D
sz002409,雅克科技,2025-10-13 10:03:03,80.49,23600,80.5,D
sz002409,雅克科技,2025-10-13 10:03:06,80.38,150300,80.49,D
sz002409,雅克科技,2025-10-13 10:03:09,80.35,8100,80.38,E
sz002409,雅克科技,2025-10-13 10:03:12,80.35,33700,80.35,D
sz002409,雅克科技,2025-10-13 10:03:15,80.35,23800,80.35,D
sz002409,雅克科技,2025-10-13 10:03:18,80.37,51300,80.35,U
sz002409,雅克科技,2025-10-13 10:03:21,80.35,33600,80.37,D
sz002409,雅克科技,2025-10-13 10:03:24,80.53,28300,80.35,U
sz002409,雅克科技,2025-10-13 10:03:27,80.49,9100,80.53,D
sz002409,雅克科技,2025-10-13 10:03:30,80.53,21000,80.49,U
sz002409,雅克科技,2025-10-13 10:03:33,80.4,16600,80.53,E
sz002409,雅克科技,2025-10-13 10:03:36,80.4,12200,80.4,U
sz002409,雅克科技,2025-10-13 10:03:39,80.37,3300,80.4,E
sz002409,雅克科技,2025-10-13 10:03:42,80.37,13800,80.37,U
sz002409,雅克科技,2025-10-13 10:03:45,80.33,5600,80.37,D
sz002409,雅克科技,2025-10-13 10:03:48,80.3,14500,80.33,D
sz002409,雅克科技,2025-10-13 10:03:51,80.2,8600,80.3,D
sz002409,雅克科技,2025-10-13 10:03:54,80.12,25300,80.2,D
sz002409,雅克科技,2025-10-13 10:03:57,80.33,63600,80.12,U
sz002409,雅克科技,2025-10-13 10:04:00,80.28,80800,80.33,E
sz002409,雅克科技,2025-10-13 10:04:03,80.33,20900,80.28,E
sz002409,雅克科技,2025-10-13 10:04:06,80.42,12900,80.33,E
sz002409,雅克科技,2025-10-13 10:04:09,80.36,8500,80.42,D
sz002409,雅克科技,2025-10-13 10:04:12,80.58,7000,80.36,U
sz002409,雅克科技,2025-10-13 10:04:15,80.45,11300,80.58,D
sz002409,雅克科技,2025-10-13 10:04:18,80.58,9800,80.45,U
sz002409,雅克科技,2025-10-13 10:04:21,80.58,18800,80.58,D
sz002409,雅克科技,2025-10-13 10:04:24,80.6,25200,80.58,U
sz002409,雅克科技,2025-10-13 10:04:27,80.6,5500,80.6,D
sz002409,雅克科技,2025-10-13 10:04:30,80.6,11200,80.6,U
sz002409,雅克科技,2025-10-13 10:04:33,80.6,5700,80.6,E
sz002409,雅克科技,2025-10-13 10:04:36,80.6,7200,80.6,D
sz002409,雅克科技,2025-10-13 10:04:42,80.68,8500,80.67,U
sz002409,雅克科技,2025-10-13 10:04:45,80.7,4800,80.68,E
sz002409,雅克科技,2025-10-13 10:04:48,80.76,13500,80.7,E
sz002409,雅克科技,2025-10-13 10:04:51,80.8,3800,80.76,U
sz002409,雅克科技,2025-10-13 10:04:54,80.8,5200,80.8,U
sz002409,雅克科技,2025-10-13 10:04:57,80.97,28900,80.8,U
sz002409,雅克科技,2025-10-13 10:05:00,80.85,14900,80.97,D
sz002409,雅克科技,2025-10-13 10:05:03,80.83,17300,80.85,D
sz002409,雅克科技,2025-10-13 10:05:06,80.96,6500,80.83,U
sz002409,雅克科技,2025-10-13 10:05:09,80.97,6800,80.96,U
sz002409,雅克科技,2025-10-13 10:05:12,80.96,42000,80.97,U
sz002409,雅克科技,2025-10-13 10:05:15,81.02,3600,80.96,E
sz002409,雅克科技,2025-10-13 10:05:18,81.09,3800,81.02,U
sz002409,雅克科技,2025-10-13 10:05:21,81.16,8700,81.09,U
sz002409,雅克科技,2025-10-13 10:05:27,81.14,10400,81.19,D
sz002409,雅克科技,2025-10-13 10:05:30,81.14,7300,81.14,D
sz002409,雅克科技,2025-10-13 10:05:33,81.19,10600,81.14,U
sz002409,雅克科技,2025-10-13 10:05:39,81.15,12900,81.16,D
sz002409,雅克科技,2025-10-13 10:05:45,81.17,15400,81.17,D
sz002409,雅克科技,2025-10-13 10:05:48,81.19,20300,81.17,U
sz002409,雅克科技,2025-10-13 10:05:51,81.23,3800,81.19,U
sz002409,雅克科技,2025-10-13 10:05:54,81.24,9700,81.23,U
sz002409,雅克科技,2025-10-13 10:06:00,81.18,16500,81.24,D
sz002409,雅克科技,2025-10-13 10:06:03,81.19,27700,81.18,U
sz002409,雅克科技,2025-10-13 10:06:06,81.13,10200,81.19,U
sz002409,雅克科技,2025-10-13 10:06:09,80.98,8400,81.13,D
sz002409,雅克科技,2025-10-13 10:06:12,80.98,6200,80.98,D
sz002409,雅克科技,2025-10-13 10:06:15,80.98,33200,80.98,D
sz002409,雅克科技,2025-10-13 10:06:18,81.01,6600,80.98,E
sz002409,雅克科技,2025-10-13 10:06:21,81.07,7900,81.01,E
sz002409,雅克科技,2025-10-13 10:06:24,81.05,33200,81.07,D
sz002409,雅克科技,2025-10-13 10:06:27,81.15,6700,81.05,E
sz002409,雅克科技,2025-10-13 10:06:36,81.11,18400,81.15,D
sz002409,雅克科技,2025-10-13 10:06:39,81.07,7600,81.11,D
sz002409,雅克科技,2025-10-13 10:06:42,81.17,10800,81.07,U
sz002409,雅克科技,2025-10-13 10:06:48,81.07,16700,81.11,D
sz002409,雅克科技,2025-10-13 10:06:51,81.07,4500,81.07,U
sz002409,雅克科技,2025-10-13 10:06:54,81.08,5400,81.07,U
sz002409,雅克科技,2025-10-13 10:06:57,81.05,3700,81.08,D
sz002409,雅克科技,2025-10-13 10:07:00,81.08,19500,81.05,U
sz002409,雅克科技,2025-10-13 10:07:06,81.1,3200,81.07,U
sz002409,雅克科技,2025-10-13 10:07:12,81.09,5200,81.13,D
sz002409,雅克科技,2025-10-13 10:07:15,81.08,15600,81.09,D
sz002409,雅克科技,2025-10-13 10:07:18,81.07,9300,81.08,E
sz002409,雅克科技,2025-10-13 10:07:21,81.0,5800,81.07,D
sz002409,雅克科技,2025-10-13 10:07:24,80.9,15800,81.0,D
sz002409,雅克科技,2025-10-13 10:07:27,80.89,15400,80.9,D
sz002409,雅克科技,2025-10-13 10:07:33,80.89,4000,80.89,U
sz002409,雅克科技,2025-10-13 10:07:36,80.86,5500,80.89,D
sz002409,雅克科技,2025-10-13 10:07:39,80.89,6300,80.86,U
sz002409,雅克科技,2025-10-13 10:07:42,80.9,5700,80.89,U
sz002409,雅克科技,2025-10-13 10:07:45,80.91,9400,80.9,E
sz002409,雅克科技,2025-10-13 10:07:48,80.99,25900,80.91,U
sz002409,雅克科技,2025-10-13 10:07:51,80.89,12900,80.99,D
sz002409,雅克科技,2025-10-13 10:07:54,81.02,2700,80.89,U
sz002409,雅克科技,2025-10-13 10:07:57,80.88,5600,81.02,D
sz002409,雅克科技,2025-10-13 10:08:00,80.88,20400,80.88,D
sz002409,雅克科技,2025-10-13 10:08:03,80.9,13600,80.88,U
sz002409,雅克科技,2025-10-13 10:08:06,80.88,6000,80.9,D
sz002409,雅克科技,2025-10-13 10:08:09,80.88,12400,80.88,D
sz002409,雅克科技,2025-10-13 10:08:12,80.88,6000,80.88,D
sz002409,雅克科技,2025-10-13 10:08:15,80.88,25400,80.88,D
sz002409,雅克科技,2025-10-13 10:08:21,80.83,3700,80.87,D
sz002409,雅克科技,2025-10-13 10:08:24,80.8,47100,80.83,D
sz002409,雅克科技,2025-10-13 10:08:27,80.8,9800,80.8,D
sz002409,雅克科技,2025-10-13 10:08:30,80.87,7100,80.8,U
sz002409,雅克科技,2025-10-13 10:08:33,80.86,18200,80.87,U
sz002409,雅克科技,2025-10-13 10:08:36,80.89,24702,80.86,U
sz002409,雅克科技,2025-10-13 10:08:39,80.94,8800,80.89,E
sz002409,雅克科技,2025-10-13 10:08:45,80.99,4500,80.98,U
sz002409,雅克科技,2025-10-13 10:08:48,81.0,13100,80.99,U
sz002409,雅克科技,2025-10-13 10:08:51,81.08,7390,81.0,U
sz002409,雅克科技,2025-10-13 10:08:54,81.09,10100,81.08,U
sz002409,雅克科技,2025-10-13 10:08:57,81.09,7100,81.09,U
sz002409,雅克科技,2025-10-13 10:09:00,81.1,5800,81.09,U
sz002409,雅克科技,2025-10-13 10:09:03,81.08,4500,81.1,E
sz002409,雅克科技,2025-10-13 10:09:06,81.13,24900,81.08,U
sz002409,雅克科技,2025-10-13 10:09:09,81.17,4500,81.13,U
sz002409,雅克科技,2025-10-13 10:09:15,81.27,3000,81.24,U
sz002409,雅克科技,2025-10-13 10:09:18,81.29,3000,81.27,U
sz002409,雅克科技,2025-10-13 10:09:21,81.26,10900,81.29,D
sz002409,雅克科技,2025-10-13 10:09:24,81.29,5900,81.26,U
sz002409,雅克科技,2025-10-13 10:09:30,81.43,3500,81.34,E
sz002409,雅克科技,2025-10-13 10:09:33,81.41,13800,81.43,D
sz002409,雅克科技,2025-10-13 10:09:42,81.5,9000,81.48,U
sz002409,雅克科技,2025-10-13 10:09:45,81.4,6100,81.5,E
sz002409,雅克科技,2025-10-13 10:09:48,81.46,13200,81.4,U
sz002409,雅克科技,2025-10-13 10:09:51,81.46,3600,81.46,U
sz002409,雅克科技,2025-10-13 10:09:57,81.65,3600,81.53,U
sz002409,雅克科技,2025-10-13 10:10:00,81.81,13600,81.65,U
sz002409,雅克科技,2025-10-13 10:10:03,81.81,10300,81.81,D
sz002409,雅克科技,2025-10-13 10:10:06,81.64,8900,81.81,D
sz002409,雅克科技,2025-10-13 10:10:09,81.54,4400,81.64,D
sz002409,雅克科技,2025-10-13 10:10:12,81.65,15700,81.54,U
sz002409,雅克科技,2025-10-13 10:10:18,81.65,3400,81.54,U
sz002409,雅克科技,2025-10-13 10:10:21,81.7,9000,81.65,U
sz002409,雅克科技,2025-10-13 10:10:24,81.7,9200,81.7,U
sz002409,雅克科技,2025-10-13 10:10:27,81.7,12600,81.7,U
sz002409,雅克科技,2025-10-13 10:10:30,81.71,14000,81.7,U
sz002409,雅克科技,2025-10-13 10:10:33,81.76,4100,81.71,U
sz002409,雅克科技,2025-10-13 10:10:36,81.75,4300,81.76,E
sz002409,雅克科技,2025-10-13 10:10:39,81.76,4500,81.75,U
sz002409,雅克科技,2025-10-13 10:10:42,81.75,3500,81.76,E
sz002409,雅克科技,2025-10-13 10:10:45,81.72,7100,81.75,D
sz002409,雅克科技,2025-10-13 10:10:48,81.68,18800,81.72,D
sz002409,雅克科技,2025-10-13 10:10:54,81.58,5300,81.61,D
sz002409,雅克科技,2025-10-13 10:10:57,81.58,7800,81.58,D
sz002409,雅克科技,2025-10-13 10:11:00,81.55,3200,81.58,D
sz002409,雅克科技,2025-10-13 10:11:03,81.55,6500,81.55,D
sz002409,雅克科技,2025-10-13 10:11:06,81.58,2800,81.55,U
sz002409,雅克科技,2025-10-13 10:11:09,81.61,5100,81.58,U
sz002409,雅克科技,2025-10-13 10:11:21,81.62,3500,81.62,U
sz002409,雅克科技,2025-10-13 10:11:24,81.5,39000,81.62,D
sz002409,雅克科技,2025-10-13 10:11:27,81.61,10900,81.5,U
sz002409,雅克科技,2025-10-13 10:11:33,81.62,8700,81.5,U
sz002409,雅克科技,2025-10-13 10:11:36,81.69,3400,81.62,U
sz002409,雅克科技,2025-10-13 10:11:42,81.71,3400,81.71,U
sz002409,雅克科技,2025-10-13 10:11:45,81.75,43300,81.71,U
sz002409,雅克科技,2025-10-13 10:11:54,81.77,6000,81.81,D
sz002409,雅克科技,2025-10-13 10:12:00,81.8,24000,81.8,U
sz002409,雅克科技,2025-10-13 10:12:03,81.83,17500,81.8,U
sz002409,雅克科技,2025-10-13 10:12:06,81.86,4600,81.83,U
sz002409,雅克科技,2025-10-13 10:12:12,81.83,5100,81.86,D
sz002409,雅克科技,2025-10-13 10:12:18,81.83,39100,81.83,D
sz002409,雅克科技,2025-10-13 10:12:21,81.83,44800,81.83,D
sz002409,雅克科技,2025-10-13 10:12:24,81.78,5900,81.83,D
sz002409,雅克科技,2025-10-13 10:12:27,81.76,6500,81.78,D
sz002409,雅克科技,2025-10-13 10:12:33,81.7,3500,81.75,D
sz002409,雅克科技,2025-10-13 10:12:36,81.69,3000,81.7,D
sz002409,雅克科技,2025-10-13 10:12:42,81.61,3500,81.61,D
sz002409,雅克科技,2025-10-13 10:12:45,81.62,6000,81.61,E
sz002409,雅克科技,2025-10-13 10:12:48,81.61,9700,81.62,D
sz002409,雅克科技,2025-10-13 10:12:51,81.62,9200,81.61,U
sz002409,雅克科技,2025-10-13 10:12:57,81.63,2900,81.62,E
sz002409,雅克科技,2025-10-13 10:13:03,81.64,3000,81.63,U
sz002409,雅克科技,2025-10-13 10:13:06,81.64,5200,81.64,D
sz002409,雅克科技,2025-10-13 10:13:09,81.88,60397,81.64,U
sz002409,雅克科技,2025-10-13 10:13:12,81.92,4000,81.88,U
sz002409,雅克科技,2025-10-13 10:13:18,81.98,10500,81.93,U
sz002409,雅克科技,2025-10-13 10:13:21,82.0,8400,81.98,U
sz002409,雅克科技,2025-10-13 10:13:24,82.13,41500,82.0,U
sz002409,雅克科技,2025-10-13 10:13:27,82.12,7000,82.13,D
sz002409,雅克科技,2025-10-13 10:13:36,82.0,15500,82.12,D
sz002409,雅克科技,2025-10-13 10:13:39,82.2,7600,82.0,U
sz002409,雅克科技,2025-10-13 10:13:42,82.07,3200,82.2,E
sz002409,雅克科技,2025-10-13 10:13:45,82.13,3100,82.07,U
sz002409,雅克科技,2025-10-13 10:13:48,82.06,3800,82.13,D
sz002409,雅克科技,2025-10-13 10:13:54,82.17,6100,82.12,U
sz002409,雅克科技,2025-10-13 10:13:57,82.03,23300,82.17,D
sz002409,雅克科技,2025-10-13 10:14:00,82.2,12700,82.03,E
sz002409,雅克科技,2025-10-13 10:14:06,82.2,21800,82.13,U
sz002409,雅克科技,2025-10-13 10:14:12,82.18,3400,82.18,U
sz002409,雅克科技,2025-10-13 10:14:15,82.19,8300,82.18,U
sz002409,雅克科技,2025-10-13 10:14:18,82.16,10000,82.19,D
sz002409,雅克科技,2025-10-13 10:14:21,82.21,4600,82.16,U
sz002409,雅克科技,2025-10-13 10:14:24,82.2,11400,82.21,D
sz002409,雅克科技,2025-10-13 10:14:27,82.3,3600,82.2,U
sz002409,雅克科技,2025-10-13 10:14:30,82.26,10900,82.3,U
sz002409,雅克科技,2025-10-13 10:14:36,82.25,7500,82.25,U
sz002409,雅克科技,2025-10-13 10:14:39,82.3,21300,82.25,E
sz002409,雅克科技,2025-10-13 10:14:42,82.26,7400,82.3,D
sz002409,雅克科技,2025-10-13 10:14:45,82.26,8800,82.26,D
sz002409,雅克科技,2025-10-13 10:14:51,82.35,12900,82.32,E
sz002409,雅克科技,2025-10-13 10:14:54,82.3,11400,82.35,D
sz002409,雅克科技,2025-10-13 10:14:57,82.25,16000,82.3,D
sz002409,雅克科技,2025-10-13 10:15:00,82.24,7100,82.25,U
sz002409,雅克科技,2025-10-13 10:15:03,82.22,9100,82.24,D
sz002409,雅克科技,2025-10-13 10:15:06,82.21,3000,82.22,E
sz002409,雅克科技,2025-10-13 10:15:12,82.03,30400,82.2,D
sz002409,雅克科技,2025-10-13 10:15:15,82.21,5532,82.03,U
sz002409,雅克科技,2025-10-13 10:15:18,82.03,8700,82.21,D
sz002409,雅克科技,2025-10-13 10:15:30,82.22,74800,82.2,U
sz002409,雅克科技,2025-10-13 10:15:33,82.3,3700,82.22,U
sz002409,雅克科技,2025-10-13 10:15:36,82.33,4500,82.3,U
sz002409,雅克科技,2025-10-13 10:15:39,82.35,9400,82.33,U
sz002409,雅克科技,2025-10-13 10:15:45,82.32,6400,82.36,D
sz002409,雅克科技,2025-10-13 10:15:48,82.35,7100,82.32,U
sz002409,雅克科技,2025-10-13 10:15:51,82.35,2800,82.35,U
sz002409,雅克科技,2025-10-13 10:15:54,82.33,11100,82.35,D
sz002409,雅克科技,2025-10-13 10:15:57,82.35,11300,82.33,U
sz002409,雅克科技,2025-10-13 10:16:00,82.35,2600,82.35,D
sz002409,雅克科技,2025-10-13 10:16:03,82.37,13100,82.35,E
sz002409,雅克科技,2025-10-13 10:16:09,82.34,5500,82.35,D
sz002409,雅克科技,2025-10-13 10:16:12,82.33,18200,82.34,D
sz002409,雅克科技,2025-10-13 10:16:15,82.34,6200,82.33,U
sz002409,雅克科技,2025-10-13 10:16:18,82.34,3100,82.34,D
sz002409,雅克科技,2025-10-13 10:16:21,82.36,6800,82.34,U
sz002409,雅克科技,2025-10-13 10:16:24,82.36,3000,82.36,U
sz002409,雅克科技,2025-10-13 10:16:27,82.38,3400,82.36,U
sz002409,雅克科技,2025-10-13 10:16:30,82.39,4500,82.38,U
sz002409,雅克科技,2025-10-13 10:16:33,82.45,4700,82.39,U
sz002409,雅克科技,2025-10-13 10:16:36,82.49,4100,82.45,E
sz002409,雅克科技,2025-10-13 10:16:39,82.54,5400,82.49,U
sz002409,雅克科技,2025-10-13 10:16:45,82.63,4700,82.57,U
sz002409,雅克科技,2025-10-13 10:16:51,82.8,8600,82.68,U
sz002409,雅克科技,2025-10-13 10:16:54,82.7,5000,82.8,D
sz002409,雅克科技,2025-10-13 10:16:57,82.7,5200,82.7,D
sz002409,雅克科技,2025-10-13 10:17:00,82.83,16600,82.7,U
sz002409,雅克科技,2025-10-13 10:17:03,82.82,4400,82.83,D
sz002409,雅克科技,2025-10-13 10:17:06,82.89,3500,82.82,U
sz002409,雅克科技,2025-10-13 10:17:09,82.93,4800,82.89,U
sz002409,雅克科技,2025-10-13 10:17:12,82.98,2900,82.93,U
sz002409,雅克科技,2025-10-13 10:17:15,82.98,14500,82.98,D
sz002409,雅克科技,2025-10-13 10:17:18,82.92,52800,82.98,D
sz002409,雅克科技,2025-10-13 10:17:21,82.71,6100,82.92,D
sz002409,雅克科技,2025-10-13 10:17:24,82.97,63700,82.71,U
sz002409,雅克科技,2025-10-13 10:17:27,82.78,12400,82.97,D
sz002409,雅克科技,2025-10-13 10:17:30,82.97,6200,82.78,U
sz002409,雅克科技,2025-10-13 10:17:36,82.83,8600,82.91,D
sz002409,雅克科技,2025-10-13 10:17:39,82.96,4500,82.83,E
sz002409,雅克科技,2025-10-13 10:17:42,82.96,11100,82.96,D
sz002409,雅克科技,2025-10-13 10:17:45,83.0,6200,82.96,E
sz002409,雅克科技,2025-10-13 10:17:51,83.02,3800,83.0,E
sz002409,雅克科技,2025-10-13 10:18:00,83.06,3000,83.06,D
sz002409,雅克科技,2025-10-13 10:18:03,83.1,9300,83.06,U
sz002409,雅克科技,2025-10-13 10:18:06,83.1,3900,83.1,D
sz002409,雅克科技,2025-10-13 10:18:09,83.11,10200,83.1,D
sz002409,雅克科技,2025-10-13 10:18:12,83.1,4700,83.11,D
sz002409,雅克科技,2025-10-13 10:18:15,83.09,3800,83.1,D
sz002409,雅克科技,2025-10-13 10:18:18,83.06,21300,83.09,D
sz002409,雅克科技,2025-10-13 10:18:21,83.02,6100,83.06,D
sz002409,雅克科技,2025-10-13 10:18:24,83.06,3900,83.02,U
sz002409,雅克科技,2025-10-13 10:18:27,83.1,3700,83.06,U
sz002409,雅克科技,2025-10-13 10:18:30,83.06,3800,83.1,E
sz002409,雅克科技,2025-10-13 10:18:33,83.02,7400,83.06,D
sz002409,雅克科技,2025-10-13 10:18:39,83.1,5900,83.06,U
sz002409,雅克科技,2025-10-13 10:18:45,83.33,48200,83.07,U
sz002409,雅克科技,2025-10-13 10:18:48,83.44,4200,83.33,U
sz002409,雅克科技,2025-10-13 10:18:51,83.39,5600,83.44,E
sz002409,雅克科技,2025-10-13 10:18:54,83.4,5300,83.39,U
sz002409,雅克科技,2025-10-13 10:18:57,83.47,9300,83.4,U
sz002409,雅克科技,2025-10-13 10:19:00,83.49,9200,83.47,U
sz002409,雅克科技,2025-10-13 10:19:03,83.47,3100,83.49,D
sz002409,雅克科技,2025-10-13 10:19:06,83.54,20900,83.47,U
sz002409,雅克科技,2025-10-13 10:19:09,83.58,12700,83.54,U
sz002409,雅克科技,2025-10-13 10:19:12,83.56,8400,83.58,E
sz002409,雅克科技,2025-10-13 10:19:15,83.48,10100,83.56,D
sz002409,雅克科技,2025-10-13 10:19:18,83.46,7800,83.48,D
sz002409,雅克科技,2025-10-13 10:19:21,83.44,6700,83.46,E
sz002409,雅克科技,2025-10-13 10:19:24,83.43,20100,83.44,E
sz002409,雅克科技,2025-10-13 10:19:27,83.34,7300,83.43,U
sz002409,雅克科技,2025-10-13 10:19:30,83.16,4800,83.34,D
sz002409,雅克科技,2025-10-13 10:19:33,83.19,5800,83.16,U
sz002409,雅克科技,2025-10-13 10:19:36,83.18,10800,83.19,D
sz002409,雅克科技,2025-10-13 10:19:39,83.28,9200,83.18,E
sz002409,雅克科技,2025-10-13 10:19:42,83.3,11649,83.28,U
sz002409,雅克科技,2025-10-13 10:19:45,83.3,4200,83.3,U
sz002409,雅克科技,2025-10-13 10:19:48,83.31,3100,83.3,D
sz002409,雅克科技,2025-10-13 10:19:51,83.3,4000,83.31,D
sz002409,雅克科技,2025-10-13 10:19:54,83.32,5400,83.3,U
sz002409,雅克科技,2025-10-13 10:20:03,83.3,2800,83.29,U
sz002409,雅克科技,2025-10-13 10:20:09,83.28,3900,83.28,U
sz002409,雅克科技,2025-10-13 10:20:12,83.29,17900,83.28,U
sz002409,雅克科技,2025-10-13 10:20:15,83.28,10100,83.29,D
sz002409,雅克科技,2025-10-13 10:20:18,83.35,15500,83.28,U
sz002409,雅克科技,2025-10-13 10:20:21,83.4,8300,83.35,U
sz002409,雅克科技,2025-10-13 10:20:24,83.31,12400,83.4,D
sz002409,雅克科技,2025-10-13 10:20:27,83.39,3000,83.31,E
sz002409,雅克科技,2025-10-13 10:20:30,83.31,4400,83.39,D
sz002409,雅克科技,2025-10-13 10:20:33,83.39,3500,83.31,U
sz002409,雅克科技,2025-10-13 10:20:36,83.44,12600,83.39,U
sz002409,雅克科技,2025-10-13 10:20:39,83.46,4100,83.44,U
sz002409,雅克科技,2025-10-13 10:20:42,83.43,9000,83.46,D
sz002409,雅克科技,2025-10-13 10:20:48,83.4,10700,83.44,D
sz002409,雅克科技,2025-10-13 10:20:51,83.62,79800,83.4,U
sz002409,雅克科技,2025-10-13 10:20:54,83.69,10700,83.62,U
sz002409,雅克科技,2025-10-13 10:21:00,83.67,13900,83.67,D
sz002409,雅克科技,2025-10-13 10:21:03,83.7,3800,83.67,U
sz002409,雅克科技,2025-10-13 10:21:06,83.7,29600,83.7,U
sz002409,雅克科技,2025-10-13 10:21:09,83.7,7000,83.7,D
sz002409,雅克科技,2025-10-13 10:21:12,83.75,8900,83.7,U
sz002409,雅克科技,2025-10-13 10:21:15,83.71,2600,83.75,D
sz002409,雅克科技,2025-10-13 10:21:18,83.76,13100,83.71,U
sz002409,雅克科技,2025-10-13 10:21:21,83.76,7500,83.76,U
sz002409,雅克科技,2025-10-13 10:21:24,83.76,5200,83.76,U
sz002409,雅克科技,2025-10-13 10:21:27,83.7,7200,83.76,D
sz002409,雅克科技,2025-10-13 10:21:30,83.73,5800,83.7,U
sz002409,雅克科技,2025-10-13 10:21:33,83.7,10200,83.73,D
sz002409,雅克科技,2025-10-13 10:21:36,83.73,2800,83.7,E
sz002409,雅克科技,2025-10-13 10:21:39,83.72,21600,83.73,D
sz002409,雅克科技,2025-10-13 10:21:42,83.76,6600,83.72,U
sz002409,雅克科技,2025-10-13 10:21:45,83.77,6400,83.76,U
sz002409,雅克科技,2025-10-13 10:21:48,83.79,11300,83.77,U
sz002409,雅克科技,2025-10-13 10:21:51,83.85,23100,83.79,U
sz002409,雅克科技,2025-10-13 10:21:54,83.82,17800,83.85,U
sz002409,雅克科技,2025-10-13 10:21:57,83.88,10500,83.82,U
sz002409,雅克科技,2025-10-13 10:22:00,83.85,12600,83.88,E
sz002409,雅克科技,2025-10-13 10:22:03,83.85,75600,83.85,U
sz002409,雅克科技,2025-10-13 10:22:06,83.8,6300,83.85,E
sz002409,雅克科技,2025-10-13 10:22:09,83.72,10400,83.8,E
sz002409,雅克科技,2025-10-13 10:22:12,83.5,2800,83.72,D
sz002409,雅克科技,2025-10-13 10:22:15,83.43,6000,83.5,D
sz002409,雅克科技,2025-10-13 10:22:18,83.33,15000,83.43,D
sz002409,雅克科技,2025-10-13 10:22:21,83.33,8700,83.33,D
sz002409,雅克科技,2025-10-13 10:22:24,83.16,9900,83.33,D
sz002409,雅克科技,2025-10-13 10:22:27,83.11,3100,83.16,D
sz002409,雅克科技,2025-10-13 10:22:30,83.2,11900,83.11,E
sz002409,雅克科技,2025-10-13 10:22:33,83.0,2800,83.2,D
sz002409,雅克科技,2025-10-13 10:22:39,82.99,58300,83.0,D
sz002409,雅克科技,2025-10-13 10:22:48,82.89,3100,82.96,D
sz002409,雅克科技,2025-10-13 10:22:51,82.91,6500,82.89,U
sz002409,雅克科技,2025-10-13 10:22:54,82.89,11100,82.91,D
sz002409,雅克科技,2025-10-13 10:22:57,82.94,3500,82.89,E
sz002409,雅克科技,2025-10-13 10:23:03,82.82,17200,82.95,D
sz002409,雅克科技,2025-10-13 10:23:06,82.88,2600,82.82,U
sz002409,雅克科技,2025-10-13 10:23:09,82.89,2800,82.88,U
sz002409,雅克科技,2025-10-13 10:23:12,83.0,6900,82.89,U
sz002409,雅克科技,2025-10-13 10:23:15,83.02,6200,83.0,U
sz002409,雅克科技,2025-10-13 10:23:18,83.23,5900,83.02,U
sz002409,雅克科技,2025-10-13 10:23:21,83.21,5100,83.23,D
sz002409,雅克科技,2025-10-13 10:23:24,83.23,3700,83.21,U
sz002409,雅克科技,2025-10-13 10:23:33,83.21,3600,83.16,U
sz002409,雅克科技,2025-10-13 10:23:36,83.25,7000,83.21,U
sz002409,雅克科技,2025-10-13 10:23:42,83.2,3400,83.21,D
sz002409,雅克科技,2025-10-13 10:23:45,83.12,5800,83.2,D
sz002409,雅克科技,2025-10-13 10:23:48,83.12,4000,83.12,U
sz002409,雅克科技,2025-10-13 10:23:51,83.2,3700,83.12,U
sz002409,雅克科技,2025-10-13 10:23:54,83.16,4900,83.2,D
sz002409,雅克科技,2025-10-13 10:24:00,83.17,4000,83.16,U
sz002409,雅克科技,2025-10-13 10:24:03,83.18,18600,83.17,U
sz002409,雅克科技,2025-10-13 10:24:06,83.24,5900,83.18,U
sz002409,雅克科技,2025-10-13 10:24:12,83.25,7300,83.24,U
sz002409,雅克科技,2025-10-13 10:24:15,83.32,3500,83.25,U
sz002409,雅克科技,2025-10-13 10:24:18,83.26,8400,83.32,D
sz002409,雅克科技,2025-10-13 10:24:39,83.5,5900,83.44,U
sz002409,雅克科技,2025-10-13 10:24:42,83.49,5800,83.5,D
sz002409,雅克科技,2025-10-13 10:24:45,83.49,5200,83.49,D
sz002409,雅克科技,2025-10-13 10:24:54,83.53,3600,83.58,D
sz002409,雅克科技,2025-10-13 10:24:57,83.49,7900,83.53,D
sz002409,雅克科技,2025-10-13 10:25:00,83.36,6300,83.49,D
sz002409,雅克科技,2025-10-13 10:25:03,83.36,3600,83.36,E
sz002409,雅克科技,2025-10-13 10:25:09,83.4,10500,83.34,U
sz002409,雅克科技,2025-10-13 10:25:18,83.35,4600,83.32,D
sz002409,雅克科技,2025-10-13 10:25:24,83.32,7800,83.32,D
sz002409,雅克科技,2025-10-13 10:25:27,83.34,2800,83.32,E
sz002409,雅克科技,2025-10-13 10:25:30,83.35,4800,83.34,U
sz002409,雅克科技,2025-10-13 10:25:33,83.35,18100,83.35,D
sz002409,雅克科技,2025-10-13 10:25:36,83.35,4600,83.35,D
sz002409,雅克科技,2025-10-13 10:25:39,83.35,3400,83.35,D
sz002409,雅克科技,2025-10-13 10:25:48,83.25,13000,83.34,D
sz002409,雅克科技,2025-10-13 10:25:54,83.33,2700,83.34,U
sz002409,雅克科技,2025-10-13 10:25:57,83.34,12100,83.33,U
sz002409,雅克科技,2025-10-13 10:26:00,83.36,2800,83.34,U
sz002409,雅克科技,2025-10-13 10:26:09,83.46,7000,83.36,U
sz002409,雅克科技,2025-10-13 10:26:12,83.49,2600,83.46,U
sz002409,雅克科技,2025-10-13 10:26:15,83.53,12600,83.49,U
sz002409,雅克科技,2025-10-13 10:26:18,83.58,4400,83.53,U
sz002409,雅克科技,2025-10-13 10:26:21,83.62,5000,83.58,U
sz002409,雅克科技,2025-10-13 10:26:27,83.68,6800,83.62,U
sz002409,雅克科技,2025-10-13 10:26:33,83.68,4700,83.67,U
sz002409,雅克科技,2025-10-13 10:26:36,83.7,13900,83.68,U
sz002409,雅克科技,2025-10-13 10:26:42,83.7,3600,83.74,D
sz002409,雅克科技,2025-10-13 10:26:45,83.74,2800,83.7,U
sz002409,雅克科技,2025-10-13 10:26:48,83.67,7400,83.74,D
sz002409,雅克科技,2025-10-13 10:26:51,83.65,4100,83.67,D
sz002409,雅克科技,2025-10-13 10:26:54,83.67,11900,83.65,U
sz002409,雅克科技,2025-10-13 10:26:57,83.65,7300,83.67,U
sz002409,雅克科技,2025-10-13 10:27:00,83.61,7300,83.65,D
sz002409,雅克科技,2025-10-13 10:27:03,83.65,12800,83.61,E
sz002409,雅克科技,2025-10-13 10:27:06,83.65,6600,83.65,D
sz002409,雅克科技,2025-10-13 10:27:09,83.62,9400,83.65,U
sz002409,雅克科技,2025-10-13 10:27:33,83.48,5800,83.52,D
sz002409,雅克科技,2025-10-13 10:27:36,83.5,10400,83.48,U
sz002409,雅克科技,2025-10-13 10:27:39,83.52,4800,83.5,U
sz002409,雅克科技,2025-10-13 10:27:42,83.52,6800,83.52,U
sz002409,雅克科技,2025-10-13 10:27:45,83.52,6800,83.52,D
sz002409,雅克科技,2025-10-13 10:27:51,83.55,11700,83.55,U
sz002409,雅克科技,2025-10-13 10:28:03,83.58,6800,83.55,U
sz002409,雅克科技,2025-10-13 10:28:06,83.66,9100,83.58,U
sz002409,雅克科技,2025-10-13 10:28:09,83.67,5300,83.66,U
sz002409,雅克科技,2025-10-13 10:28:12,83.67,2700,83.67,D
sz002409,雅克科技,2025-10-13 10:28:15,83.69,2700,83.67,U
sz002409,雅克科技,2025-10-13 10:28:21,83.68,20300,83.69,D
sz002409,雅克科技,2025-10-13 10:28:24,83.68,5400,83.68,U
sz002409,雅克科技,2025-10-13 10:28:27,83.62,4200,83.68,D
sz002409,雅克科技,2025-10-13 10:28:36,83.75,6900,83.68,U
sz002409,雅克科技,2025-10-13 10:28:39,83.8,10200,83.75,U
sz002409,雅克科技,2025-10-13 10:28:42,83.79,6800,83.8,E
sz002409,雅克科技,2025-10-13 10:28:48,83.79,6800,83.79,D
sz002409,雅克科技,2025-10-13 10:29:00,83.97,11600,83.86,U
sz002409,雅克科技,2025-10-13 10:29:03,83.89,4200,83.97,U
sz002409,雅克科技,2025-10-13 10:29:12,83.9,14900,83.91,D
sz002409,雅克科技,2025-10-13 10:29:15,83.91,32300,83.9,E
sz002409,雅克科技,2025-10-13 10:29:18,83.88,6600,83.91,D
sz002409,雅克科技,2025-10-13 10:29:24,83.98,9600,83.94,U
sz002409,雅克科技,2025-10-13 10:29:27,83.96,8000,83.98,E
sz002409,雅克科技,2025-10-13 10:29:30,83.99,14600,83.96,U
sz002409,雅克科技,2025-10-13 10:29:33,83.99,10800,83.99,D
sz002409,雅克科技,2025-10-13 10:29:36,84.0,30500,83.99,U
sz002409,雅克科技,2025-10-13 10:29:39,84.0,40300,84.0,U
sz002409,雅克科技,2025-10-13 10:29:42,83.9,13500,84.0,D
sz002409,雅克科技,2025-10-13 10:29:45,84.0,25700,83.9,E
sz002409,雅克科技,2025-10-13 10:29:48,83.83,28550,84.0,D
sz002409,雅克科技,2025-10-13 10:29:51,83.85,4200,83.83,E
sz002409,雅克科技,2025-10-13 10:29:57,83.97,3800,83.99,E
sz002409,雅克科技,2025-10-13 10:30:00,84.0,3100,83.97,U
sz002409,雅克科技,2025-10-13 10:30:03,84.03,4400,84.0,U
sz002409,雅克科技,2025-10-13 10:30:06,84.06,5600,84.03,U
sz002409,雅克科技,2025-10-13 10:30:09,84.2,18700,84.06,U
sz002409,雅克科技,2025-10-13 10:30:12,84.18,9100,84.2,D
sz002409,雅克科技,2025-10-13 10:30:18,84.26,5600,84.27,E
sz002409,雅克科技,2025-10-13 10:30:21,84.18,7800,84.26,E
sz002409,雅克科技,2025-10-13 10:30:24,84.08,21000,84.18,D
sz002409,雅克科技,2025-10-13 10:30:27,84.1,9200,84.08,D
sz002409,雅克科技,2025-10-13 10:30:30,84.13,7900,84.1,U
sz002409,雅克科技,2025-10-13 10:30:33,84.11,5900,84.13,D
sz002409,雅克科技,2025-10-13 10:30:36,84.13,8200,84.11,D
sz002409,雅克科技,2025-10-13 10:30:39,84.16,4600,84.13,U
sz002409,雅克科技,2025-10-13 10:30:42,84.16,3710,84.16,U
sz002409,雅克科技,2025-10-13 10:30:45,84.18,5700,84.16,U
sz002409,雅克科技,2025-10-13 10:30:48,84.19,15200,84.18,U
sz002409,雅克科技,2025-10-13 10:30:51,84.2,6100,84.19,U
sz002409,雅克科技,2025-10-13 10:30:54,84.24,4500,84.2,U
sz002409,雅克科技,2025-10-13 10:31:00,84.29,5400,84.27,U
sz002409,雅克科技,2025-10-13 10:31:03,84.29,7400,84.29,U
sz002409,雅克科技,2025-10-13 10:31:06,84.29,10600,84.29,U
sz002409,雅克科技,2025-10-13 10:31:09,84.33,10200,84.29,E
sz002409,雅克科技,2025-10-13 10:31:12,84.23,26800,84.33,D
sz002409,雅克科技,2025-10-13 10:31:15,84.23,14400,84.23,U
sz002409,雅克科技,2025-10-13 10:31:18,84.21,10100,84.23,E
sz002409,雅克科技,2025-10-13 10:31:21,84.1,52590,84.21,D
sz002409,雅克科技,2025-10-13 10:31:33,84.02,7500,84.02,D
sz002409,雅克科技,2025-10-13 10:31:36,84.04,21900,84.02,U
sz002409,雅克科技,2025-10-13 10:31:39,84.03,4000,84.04,E
sz002409,雅克科技,2025-10-13 10:31:45,84.04,47200,84.02,U
sz002409,雅克科技,2025-10-13 10:31:48,84.04,7300,84.04,D
sz002409,雅克科技,2025-10-13 10:31:51,84.04,3800,84.04,D
sz002409,雅克科技,2025-10-13 10:31:54,84.05,18300,84.04,U
sz002409,雅克科技,2025-10-13 10:31:57,84.05,8000,84.05,U
sz002409,雅克科技,2025-10-13 10:32:03,84.07,2600,84.1,D
sz002409,雅克科技,2025-10-13 10:32:06,84.18,24100,84.07,U
sz002409,雅克科技,2025-10-13 10:32:09,84.21,8800,84.18,U
sz002409,雅克科技,2025-10-13 10:32:12,84.2,6600,84.21,D
sz002409,雅克科技,2025-10-13 10:32:15,84.22,4000,84.2,U
sz002409,雅克科技,2025-10-13 10:32:18,84.2,2400,84.22,D
sz002409,雅克科技,2025-10-13 10:32:21,84.23,10600,84.2,D
sz002409,雅克科技,2025-10-13 10:32:24,84.34,16300,84.23,U
sz002409,雅克科技,2025-10-13 10:32:27,84.32,9200,84.34,D
sz002409,雅克科技,2025-10-13 10:32:33,84.28,10800,84.3,D
sz002409,雅克科技,2025-10-13 10:32:36,84.28,3700,84.28,D
sz002409,雅克科技,2025-10-13 10:32:39,84.23,7600,84.28,D
sz002409,雅克科技,2025-10-13 10:32:42,84.21,3300,84.23,D
sz002409,雅克科技,2025-10-13 10:32:45,84.1,31900,84.21,D
sz002409,雅克科技,2025-10-13 10:32:48,84.13,14200,84.1,E
sz002409,雅克科技,2025-10-13 10:32:54,84.1,4300,84.08,U
sz002409,雅克科技,2025-10-13 10:33:03,84.13,3900,84.11,U
sz002409,雅克科技,2025-10-13 10:33:09,84.24,6093,84.14,U
sz002409,雅克科技,2025-10-13 10:33:12,84.17,11700,84.24,D
sz002409,雅克科技,2025-10-13 10:33:15,84.21,2600,84.17,E
sz002409,雅克科技,2025-10-13 10:33:18,84.21,2500,84.21,E
sz002409,雅克科技,2025-10-13 10:33:24,84.14,6000,84.13,U
sz002409,雅克科技,2025-10-13 10:33:27,84.1,3800,84.14,D
sz002409,雅克科技,2025-10-13 10:33:30,84.11,5800,84.1,E
sz002409,雅克科技,2025-10-13 10:33:33,84.13,3700,84.11,U
sz002409,雅克科技,2025-10-13 10:33:36,84.13,6200,84.13,U
sz002409,雅克科技,2025-10-13 10:33:39,84.13,6700,84.13,D
sz002409,雅克科技,2025-10-13 10:33:42,84.2,4300,84.13,U
sz002409,雅克科技,2025-10-13 10:33:45,84.25,16600,84.2,U
sz002409,雅克科技,2025-10-13 10:33:48,84.27,18100,84.25,U
sz002409,雅克科技,2025-10-13 10:33:51,84.26,8800,84.27,D
sz002409,雅克科技,2025-10-13 10:33:54,84.27,22500,84.26,U
sz002409,雅克科技,2025-10-13 10:34:00,84.3,3000,84.3,U
sz002409,雅克科技,2025-10-13 10:34:03,84.31,15300,84.3,U
sz002409,雅克科技,2025-10-13 10:34:06,84.32,3400,84.31,U
sz002409,雅克科技,2025-10-13 10:34:09,84.34,2800,84.32,U
sz002409,雅克科技,2025-10-13 10:34:12,84.35,3000,84.34,U
sz002409,雅克科技,2025-10-13 10:34:15,84.4,9000,84.35,U
sz002409,雅克科技,2025-10-13 10:34:18,84.4,6100,84.4,U
sz002409,雅克科技,2025-10-13 10:34:21,84.49,8000,84.4,U
sz002409,雅克科技,2025-10-13 10:34:24,84.49,9500,84.49,U
sz002409,雅克科技,2025-10-13 10:34:27,84.49,3600,84.49,U
sz002409,雅克科技,2025-10-13 10:34:30,84.48,15800,84.49,D
sz002409,雅克科技,2025-10-13 10:34:36,84.49,6700,84.47,U
sz002409,雅克科技,2025-10-13 10:34:39,84.5,2600,84.49,U
sz002409,雅克科技,2025-10-13 10:34:42,84.45,17700,84.5,D
sz002409,雅克科技,2025-10-13 10:34:45,84.49,7200,84.45,D
sz002409,雅克科技,2025-10-13 10:34:48,84.5,13500,84.49,U
sz002409,雅克科技,2025-10-13 10:34:51,84.41,8300,84.5,D
sz002409,雅克科技,2025-10-13 10:34:54,84.45,7300,84.41,U
sz002409,雅克科技,2025-10-13 10:34:57,84.41,7300,84.45,D
sz002409,雅克科技,2025-10-13 10:35:00,84.47,4200,84.41,E
sz002409,雅克科技,2025-10-13 10:35:06,84.5,6900,84.49,U
sz002409,雅克科技,2025-10-13 10:35:09,84.45,11750,84.5,D
sz002409,雅克科技,2025-10-13 10:35:12,84.45,8900,84.45,U
sz002409,雅克科技,2025-10-13 10:35:15,84.46,3950,84.45,U
sz002409,雅克科技,2025-10-13 10:35:21,84.48,6500,84.48,U
sz002409,雅克科技,2025-10-13 10:35:27,84.48,9900,84.48,D
sz002409,雅克科技,2025-10-13 10:35:30,84.48,8200,84.48,D
sz002409,雅克科技,2025-10-13 10:35:33,84.47,5400,84.48,E
sz002409,雅克科技,2025-10-13 10:35:36,84.48,6800,84.47,U
sz002409,雅克科技,2025-10-13 10:35:39,84.48,7600,84.48,D
sz002409,雅克科技,2025-10-13 10:35:42,84.48,4000,84.48,D
sz002409,雅克科技,2025-10-13 10:35:45,84.48,2400,84.48,D
sz002409,雅克科技,2025-10-13 10:35:48,84.47,14900,84.48,D
sz002409,雅克科技,2025-10-13 10:35:51,84.48,6000,84.47,U
sz002409,雅克科技,2025-10-13 10:35:54,84.45,4200,84.48,D
sz002409,雅克科技,2025-10-13 10:36:00,84.41,2600,84.42,D
sz002409,雅克科技,2025-10-13 10:36:06,84.38,9100,84.4,D
sz002409,雅克科技,2025-10-13 10:36:09,84.36,3500,84.38,D
sz002409,雅克科技,2025-10-13 10:36:12,84.32,41700,84.36,D
sz002409,雅克科技,2025-10-13 10:36:15,84.21,47400,84.32,D
sz002409,雅克科技,2025-10-13 10:36:21,84.13,5900,84.18,D
sz002409,雅克科技,2025-10-13 10:36:24,84.06,13700,84.13,D
sz002409,雅克科技,2025-10-13 10:36:27,84.07,23100,84.06,U
sz002409,雅克科技,2025-10-13 10:36:30,84.11,6500,84.07,E
sz002409,雅克科技,2025-10-13 10:36:33,84.11,2700,84.11,D
sz002409,雅克科技,2025-10-13 10:36:36,84.23,4900,84.11,U
sz002409,雅克科技,2025-10-13 10:36:39,84.2,5600,84.23,E
sz002409,雅克科技,2025-10-13 10:36:45,84.23,4300,84.13,E
sz002409,雅克科技,2025-10-13 10:36:48,84.22,5600,84.23,E
sz002409,雅克科技,2025-10-13 10:36:51,84.28,4600,84.22,E
sz002409,雅克科技,2025-10-13 10:37:00,84.3,11600,84.29,U
sz002409,雅克科技,2025-10-13 10:37:03,84.32,9600,84.3,U
sz002409,雅克科技,2025-10-13 10:37:06,84.29,20900,84.32,D
sz002409,雅克科技,2025-10-13 10:37:12,84.0,18500,84.28,D
sz002409,雅克科技,2025-10-13 10:37:15,84.0,3500,84.0,D
sz002409,雅克科技,2025-10-13 10:37:18,83.99,6400,84.0,D
sz002409,雅克科技,2025-10-13 10:37:24,83.98,15510,83.99,D
sz002409,雅克科技,2025-10-13 10:37:27,83.93,3200,83.98,D
sz002409,雅克科技,2025-10-13 10:37:30,83.94,18700,83.93,E
sz002409,雅克科技,2025-10-13 10:37:33,83.98,9300,83.94,U
sz002409,雅克科技,2025-10-13 10:37:36,84.0,4300,83.98,U
sz002409,雅克科技,2025-10-13 10:37:39,84.0,13500,84.0,U
sz002409,雅克科技,2025-10-13 10:37:42,84.0,6700,84.0,D
sz002409,雅克科技,2025-10-13 10:37:45,83.99,3400,84.0,D
sz002409,雅克科技,2025-10-13 10:37:48,84.0,4100,83.99,U
sz002409,雅克科技,2025-10-13 10:37:54,83.98,5700,84.01,D
sz002409,雅克科技,2025-10-13 10:38:03,83.98,4400,83.99,D
sz002409,雅克科技,2025-10-13 10:38:12,83.93,4300,83.93,D
sz002409,雅克科技,2025-10-13 10:38:15,83.94,10000,83.93,E
sz002409,雅克科技,2025-10-13 10:38:18,83.95,2700,83.94,U
sz002409,雅克科技,2025-10-13 10:38:21,83.95,2400,83.95,D
sz002409,雅克科技,2025-10-13 10:38:30,83.95,2700,83.95,D
sz002409,雅克科技,2025-10-13 10:38:33,83.93,10200,83.95,D
sz002409,雅克科技,2025-10-13 10:38:36,84.0,16700,83.93,U
sz002409,雅克科技,2025-10-13 10:38:39,84.04,10270,84.0,U
sz002409,雅克科技,2025-10-13 10:38:42,84.07,3000,84.04,U
sz002409,雅克科技,2025-10-13 10:39:00,84.11,4100,84.13,D
sz002409,雅克科技,2025-10-13 10:39:03,84.0,4000,84.11,D
sz002409,雅克科技,2025-10-13 10:39:06,84.09,6100,84.0,U
sz002409,雅克科技,2025-10-13 10:39:09,84.03,3100,84.09,D
sz002409,雅克科技,2025-10-13 10:39:12,84.03,13700,84.03,U
sz002409,雅克科技,2025-10-13 10:39:15,84.07,5000,84.03,E
sz002409,雅克科技,2025-10-13 10:39:18,84.03,12600,84.07,D
sz002409,雅克科技,2025-10-13 10:39:24,83.95,2700,84.01,D
sz002409,雅克科技,2025-10-13 10:39:27,83.94,6100,83.95,D
sz002409,雅克科技,2025-10-13 10:39:30,83.94,3100,83.94,D
sz002409,雅克科技,2025-10-13 10:39:33,83.96,3300,83.94,U
sz002409,雅克科技,2025-10-13 10:39:36,83.96,2600,83.96,D
sz002409,雅克科技,2025-10-13 10:39:39,83.98,3400,83.96,U
sz002409,雅克科技,2025-10-13 10:39:48,83.94,4400,83.94,D
sz002409,雅克科技,2025-10-13 10:39:54,83.93,13200,83.94,E
sz002409,雅克科技,2025-10-13 10:40:00,83.89,4790,83.91,D
sz002409,雅克科技,2025-10-13 10:40:03,83.92,5900,83.89,U
sz002409,雅克科技,2025-10-13 10:40:06,83.92,3600,83.92,U
sz002409,雅克科技,2025-10-13 10:40:09,83.9,2800,83.92,D
sz002409,雅克科技,2025-10-13 10:40:12,83.89,3000,83.9,D
sz002409,雅克科技,2025-10-13 10:40:15,83.89,4600,83.89,U
sz002409,雅克科技,2025-10-13 10:40:18,83.92,10710,83.89,U
sz002409,雅克科技,2025-10-13 10:40:24,83.93,4190,83.93,D
sz002409,雅克科技,2025-10-13 10:40:27,83.89,3100,83.93,U
sz002409,雅克科技,2025-10-13 10:40:33,83.93,11000,83.93,U
sz002409,雅克科技,2025-10-13 10:40:51,83.9,5700,83.91,D
sz002409,雅克科技,2025-10-13 10:40:54,83.92,3000,83.9,U
sz002409,雅克科技,2025-10-13 10:40:57,83.93,7900,83.92,U
sz002409,雅克科技,2025-10-13 10:41:03,83.9,7300,83.94,D
sz002409,雅克科技,2025-10-13 10:41:18,83.89,3100,83.9,D
sz002409,雅克科技,2025-10-13 10:41:27,83.85,4200,83.86,D
sz002409,雅克科技,2025-10-13 10:41:33,83.87,5100,83.86,U
sz002409,雅克科技,2025-10-13 10:41:36,83.89,9900,83.87,U
sz002409,雅克科技,2025-10-13 10:41:39,83.91,7600,83.89,U
sz002409,雅克科技,2025-10-13 10:41:54,83.95,4900,83.89,U
sz002409,雅克科技,2025-10-13 10:42:06,83.97,3100,83.95,U
sz002409,雅克科技,2025-10-13 10:42:12,84.01,4500,83.97,U
sz002409,雅克科技,2025-10-13 10:42:15,84.03,4500,84.01,U
sz002409,雅克科技,2025-10-13 10:42:36,84.09,2900,84.08,U
sz002409,雅克科技,2025-10-13 10:42:39,84.07,3200,84.09,D
sz002409,雅克科技,2025-10-13 10:43:03,83.95,5900,84.01,D
sz002409,雅克科技,2025-10-13 10:43:06,83.9,9900,83.95,D
sz002409,雅克科技,2025-10-13 10:43:09,83.87,13000,83.9,D
sz002409,雅克科技,2025-10-13 10:43:45,83.99,4100,83.99,U
sz002409,雅克科技,2025-10-13 10:43:48,84.0,3800,83.99,U
sz002409,雅克科技,2025-10-13 10:44:15,84.09,6400,84.08,U
sz002409,雅克科技,2025-10-13 10:44:18,84.08,2400,84.09,D
sz002409,雅克科技,2025-10-13 10:44:24,84.09,4100,84.09,U
sz002409,雅克科技,2025-10-13 10:44:33,84.13,7600,84.09,U
sz002409,雅克科技,2025-10-13 10:44:45,84.13,3300,84.14,E
sz002409,雅克科技,2025-10-13 10:45:00,84.11,6100,84.15,D
sz002409,雅克科技,2025-10-13 10:45:03,84.11,12000,84.11,E
sz002409,雅克科技,2025-10-13 10:45:06,84.09,9100,84.11,D
sz002409,雅克科技,2025-10-13 10:45:15,84.05,5200,84.07,D
sz002409,雅克科技,2025-10-13 10:45:27,84.03,3400,84.01,E
sz002409,雅克科技,2025-10-13 10:45:30,84.03,3200,84.03,U
sz002409,雅克科技,2025-10-13 10:45:33,84.02,3100,84.03,E
sz002409,雅克科技,2025-10-13 10:45:36,84.0,14700,84.02,D
sz002409,雅克科技,2025-10-13 10:45:42,83.98,6400,84.0,D
sz002409,雅克科技,2025-10-13 10:45:48,83.98,2500,83.98,D
sz002409,雅克科技,2025-10-13 10:45:54,84.01,3700,84.0,U
sz002409,雅克科技,2025-10-13 10:45:57,84.01,4900,84.01,U
sz002409,雅克科技,2025-10-13 10:46:03,84.04,3200,84.03,U
sz002409,雅克科技,2025-10-13 10:46:09,84.05,3800,84.04,U
sz002409,雅克科技,2025-10-13 10:46:21,84.04,13700,84.06,D
sz002409,雅克科技,2025-10-13 10:46:24,84.02,7400,84.04,E
sz002409,雅克科技,2025-10-13 10:46:30,84.0,3300,84.01,D
sz002409,雅克科技,2025-10-13 10:46:33,84.0,22200,84.0,U
sz002409,雅克科技,2025-10-13 10:47:00,83.92,3300,83.97,D
sz002409,雅克科技,2025-10-13 10:47:12,83.89,4600,83.9,D
sz002409,雅克科技,2025-10-13 10:47:21,83.89,2400,83.9,D
sz002409,雅克科技,2025-10-13 10:47:27,83.92,2500,83.92,U
sz002409,雅克科技,2025-10-13 10:47:30,83.9,4300,83.92,D
sz002409,雅克科技,2025-10-13 10:47:42,83.91,6700,83.91,U
sz002409,雅克科技,2025-10-13 10:47:45,83.96,4200,83.91,U
sz002409,雅克科技,2025-10-13 10:48:18,83.96,2400,83.98,D
sz002409,雅克科技,2025-10-13 10:48:21,83.99,3500,83.96,U
sz002409,雅克科技,2025-10-13 10:48:30,83.99,2800,84.0,D
sz002409,雅克科技,2025-10-13 10:48:33,83.97,4100,83.99,D
sz002409,雅克科技,2025-10-13 10:48:39,83.94,8000,83.91,E
sz002409,雅克科技,2025-10-13 10:48:45,83.91,5600,83.91,U
sz002409,雅克科技,2025-10-13 10:48:48,83.9,3700,83.91,D
sz002409,雅克科技,2025-10-13 10:48:51,83.9,2800,83.9,D
sz002409,雅克科技,2025-10-13 10:48:54,83.89,9300,83.9,D
sz002409,雅克科技,2025-10-13 10:48:57,83.9,31400,83.89,U
sz002409,雅克科技,2025-10-13 10:49:00,83.91,8400,83.9,U
sz002409,雅克科技,2025-10-13 10:49:03,83.94,5600,83.91,U
sz002409,雅克科技,2025-10-13 10:49:06,83.97,2400,83.94,U
sz002409,雅克科技,2025-10-13 10:49:27,84.0,10000,83.93,U
sz002409,雅克科技,2025-10-13 10:49:36,84.0,8300,83.91,U
sz002409,雅克科技,2025-10-13 10:49:48,83.93,4400,83.99,D
sz002409,雅克科技,2025-10-13 10:49:54,83.93,5200,83.93,U
sz002409,雅克科技,2025-10-13 10:50:03,83.93,3100,83.98,D
sz002409,雅克科技,2025-10-13 10:50:06,83.94,3300,83.93,U
sz002409,雅克科技,2025-10-13 10:50:12,83.92,9200,83.93,D
sz002409,雅克科技,2025-10-13 10:50:15,83.93,2400,83.92,U
sz002409,雅克科技,2025-10-13 10:50:18,83.9,3000,83.93,D
sz002409,雅克科技,2025-10-13 10:50:33,83.86,4100,83.9,D
sz002409,雅克科技,2025-10-13 10:50:36,83.85,20400,83.86,D
sz002409,雅克科技,2025-10-13 10:50:42,83.81,45000,83.84,D
sz002409,雅克科技,2025-10-13 10:50:45,83.81,6400,83.81,D
sz002409,雅克科技,2025-10-13 10:50:48,83.78,34200,83.81,D
sz002409,雅克科技,2025-10-13 10:50:51,83.71,10300,83.78,D
sz002409,雅克科技,2025-10-13 10:50:54,83.61,9500,83.71,D
sz002409,雅克科技,2025-10-13 10:50:57,83.61,2600,83.61,D
sz002409,雅克科技,2025-10-13 10:51:00,83.61,3100,83.61,D
sz002409,雅克科技,2025-10-13 10:51:03,83.63,3100,83.61,E
sz002409,雅克科技,2025-10-13 10:51:06,83.59,26700,83.63,D
sz002409,雅克科技,2025-10-13 10:51:09,83.61,2400,83.59,U
sz002409,雅克科技,2025-10-13 10:51:12,83.59,2600,83.61,D
sz002409,雅克科技,2025-10-13 10:51:21,83.61,2400,83.58,U
sz002409,雅克科技,2025-10-13 10:51:24,83.56,2400,83.61,D
sz002409,雅克科技,2025-10-13 10:51:30,83.55,20500,83.56,D
sz002409,雅克科技,2025-10-13 10:51:33,83.59,5400,83.55,E
sz002409,雅克科技,2025-10-13 10:51:36,83.53,8500,83.59,D
sz002409,雅克科技,2025-10-13 10:51:39,83.64,3500,83.53,U
sz002409,雅克科技,2025-10-13 10:51:45,83.66,3800,83.71,D
sz002409,雅克科技,2025-10-13 10:51:57,83.64,5300,83.67,D
sz002409,雅克科技,2025-10-13 10:52:03,83.61,2800,83.64,D
sz002409,雅克科技,2025-10-13 10:52:15,83.53,60100,83.58,D
sz002409,雅克科技,2025-10-13 10:52:21,83.52,2800,83.52,D
sz002409,雅克科技,2025-10-13 10:52:30,83.54,17300,83.53,U
sz002409,雅克科技,2025-10-13 10:53:00,83.4,4000,83.44,D
sz002409,雅克科技,2025-10-13 10:53:03,83.4,2500,83.4,D
sz002409,雅克科技,2025-10-13 10:53:12,83.38,3100,83.39,D
sz002409,雅克科技,2025-10-13 10:53:24,83.34,3300,83.35,D
sz002409,雅克科技,2025-10-13 10:53:27,83.35,10600,83.34,U
sz002409,雅克科技,2025-10-13 10:53:36,83.42,8700,83.4,U
sz002409,雅克科技,2025-10-13 10:53:39,83.42,5400,83.42,U
sz002409,雅克科技,2025-10-13 10:53:57,83.45,2400,83.42,U
sz002409,雅克科技,2025-10-13 10:54:36,83.55,31600,83.55,D
sz002409,雅克科技,2025-10-13 10:55:03,83.6,2600,83.6,U
sz002409,雅克科技,2025-10-13 10:55:06,83.58,3100,83.6,D
sz002409,雅克科技,2025-10-13 10:55:24,83.71,3100,83.7,E
sz002409,雅克科技,2025-10-13 10:55:39,83.83,2400,83.86,D
sz002409,雅克科技,2025-10-13 10:55:42,83.83,4200,83.83,D
sz002409,雅克科技,2025-10-13 10:55:48,83.81,5200,83.82,D
sz002409,雅克科技,2025-10-13 10:55:54,83.85,7500,83.83,U
sz002409,雅克科技,2025-10-13 10:56:03,83.85,4000,83.86,D
sz002409,雅克科技,2025-10-13 10:56:06,83.85,4300,83.85,D
sz002409,雅克科技,2025-10-13 10:56:09,83.77,8100,83.85,D
sz002409,雅克科技,2025-10-13 10:56:24,83.6,7200,83.67,D
sz002409,雅克科技,2025-10-13 10:56:33,83.75,6700,83.75,D
sz002409,雅克科技,2025-10-13 10:56:54,83.75,3700,83.74,U
sz002409,雅克科技,2025-10-13 10:57:00,83.78,7000,83.75,U
sz002409,雅克科技,2025-10-13 10:57:09,83.85,2700,83.85,D
sz002409,雅克科技,2025-10-13 10:57:30,83.85,13900,83.87,D
sz002409,雅克科技,2025-10-13 10:57:33,83.85,15800,83.85,D
sz002409,雅克科技,2025-10-13 10:57:36,83.86,5900,83.85,U
sz002409,雅克科技,2025-10-13 10:57:45,83.85,2400,83.85,U
sz002409,雅克科技,2025-10-13 10:58:00,83.87,2900,83.85,U
sz002409,雅克科技,2025-10-13 10:58:09,83.87,2500,83.86,U
sz002409,雅克科技,2025-10-13 10:58:15,83.87,3300,83.86,U
sz002409,雅克科技,2025-10-13 10:58:33,83.86,4700,83.87,D
sz002409,雅克科技,2025-10-13 10:59:03,83.87,7000,83.86,U
sz002409,雅克科技,2025-10-13 10:59:12,83.85,11500,83.86,D
sz002409,雅克科技,2025-10-13 10:59:24,83.86,4200,83.85,U
sz002409,雅克科技,2025-10-13 10:59:30,83.86,4500,83.84,U
sz002409,雅克科技,2025-10-13 10:59:48,83.9,10600,83.84,U
sz002409,雅克科技,2025-10-13 11:00:15,83.74,2400,83.75,D
sz002409,雅克科技,2025-10-13 11:00:18,83.74,6400,83.74,D
sz002409,雅克科技,2025-10-13 11:00:33,83.72,3500,83.69,U
sz002409,雅克科技,2025-10-13 11:00:36,83.66,13100,83.72,D
sz002409,雅克科技,2025-10-13 11:00:39,83.73,4000,83.66,U
sz002409,雅克科技,2025-10-13 11:00:42,83.72,2400,83.73,D
sz002409,雅克科技,2025-10-13 11:01:06,83.61,4300,83.7,D
sz002409,雅克科技,2025-10-13 11:01:18,83.55,4800,83.58,D
sz002409,雅克科技,2025-10-13 11:01:21,83.53,5400,83.55,D
sz002409,雅克科技,2025-10-13 11:01:30,83.48,3800,83.5,D
sz002409,雅克科技,2025-10-13 11:01:33,83.5,2600,83.48,U
sz002409,雅克科技,2025-10-13 11:01:39,83.48,5800,83.46,U
sz002409,雅克科技,2025-10-13 11:01:45,83.43,3100,83.43,D
sz002409,雅克科技,2025-10-13 11:01:51,83.5,40900,83.42,U
sz002409,雅克科技,2025-10-13 11:02:06,83.49,11600,83.47,U
sz002409,雅克科技,2025-10-13 11:02:09,83.55,5200,83.49,U
sz002409,雅克科技,2025-10-13 11:02:12,83.57,6400,83.55,U
sz002409,雅克科技,2025-10-13 11:03:03,83.5,3900,83.58,D
sz002409,雅克科技,2025-10-13 11:03:15,83.51,3100,83.58,D
sz002409,雅克科技,2025-10-13 11:03:27,83.51,4900,83.58,D
sz002409,雅克科技,2025-10-13 11:03:45,83.49,5100,83.48,E
sz002409,雅克科技,2025-10-13 11:04:15,83.41,17700,83.48,D
sz002409,雅克科技,2025-10-13 11:04:21,83.42,4600,83.48,D
sz002409,雅克科技,2025-10-13 11:04:24,83.48,3900,83.42,U
sz002409,雅克科技,2025-10-13 11:04:27,83.48,4800,83.48,U
sz002409,雅克科技,2025-10-13 11:05:03,83.49,2800,83.5,D
sz002409,雅克科技,2025-10-13 11:05:24,83.4,4600,83.41,D
sz002409,雅克科技,2025-10-13 11:05:42,83.35,5100,83.35,U
sz002409,雅克科技,2025-10-13 11:05:45,83.33,2700,83.35,D
sz002409,雅克科技,2025-10-13 11:06:09,83.36,2900,83.38,D
sz002409,雅克科技,2025-10-13 11:06:15,83.39,2400,83.39,U
sz002409,雅克科技,2025-10-13 11:07:00,83.37,4900,83.4,D
sz002409,雅克科技,2025-10-13 11:07:03,83.35,5600,83.37,D
sz002409,雅克科技,2025-10-13 11:07:09,83.33,3600,83.35,D
sz002409,雅克科技,2025-10-13 11:07:15,83.32,2700,83.33,D
sz002409,雅克科技,2025-10-13 11:07:21,83.31,8900,83.31,D
sz002409,雅克科技,2025-10-13 11:07:45,83.21,14300,83.23,D
sz002409,雅克科技,2025-10-13 11:07:48,83.21,2600,83.21,E
sz002409,雅克科技,2025-10-13 11:07:51,83.2,8900,83.21,D
sz002409,雅克科技,2025-10-13 11:07:54,83.2,3400,83.2,D
sz002409,雅克科技,2025-10-13 11:08:12,83.17,3300,83.18,D
sz002409,雅克科技,2025-10-13 11:08:15,83.21,25800,83.17,U
sz002409,雅克科技,2025-10-13 11:08:18,83.18,13800,83.21,D
sz002409,雅克科技,2025-10-13 11:08:21,83.19,4800,83.18,D
sz002409,雅克科技,2025-10-13 11:08:24,83.13,9800,83.19,D
sz002409,雅克科技,2025-10-13 11:08:30,83.13,12600,83.17,E
sz002409,雅克科技,2025-10-13 11:08:45,83.12,2800,83.13,D
sz002409,雅克科技,2025-10-13 11:08:48,83.13,3900,83.12,U
sz002409,雅克科技,2025-10-13 11:08:54,83.14,5000,83.13,E
sz002409,雅克科技,2025-10-13 11:09:00,83.13,3100,83.12,U
sz002409,雅克科技,2025-10-13 11:09:09,83.11,4200,83.11,D
sz002409,雅克科技,2025-10-13 11:09:18,83.03,4400,83.07,D
sz002409,雅克科技,2025-10-13 11:09:24,83.02,2500,83.03,D
sz002409,雅克科技,2025-10-13 11:09:27,83.03,5400,83.02,E
sz002409,雅克科技,2025-10-13 11:09:33,83.03,3600,83.03,U
sz002409,雅克科技,2025-10-13 11:09:36,83.03,7300,83.03,D
sz002409,雅克科技,2025-10-13 11:09:39,83.02,3300,83.03,D
sz002409,雅克科技,2025-10-13 11:09:42,83.01,3800,83.02,D
sz002409,雅克科技,2025-10-13 11:09:54,83.07,5600,83.01,U
sz002409,雅克科技,2025-10-13 11:09:57,83.1,6400,83.07,U
sz002409,雅克科技,2025-10-13 11:10:03,83.12,6300,83.12,U
sz002409,雅克科技,2025-10-13 11:10:09,83.16,11900,83.11,U
sz002409,雅克科技,2025-10-13 11:10:12,83.28,2900,83.16,U
sz002409,雅克科技,2025-10-13 11:10:15,83.3,7900,83.28,U
sz002409,雅克科技,2025-10-13 11:10:18,83.34,7700,83.3,U
sz002409,雅克科技,2025-10-13 11:10:24,83.29,2600,83.26,D
sz002409,雅克科技,2025-10-13 11:10:27,83.29,3700,83.29,U
sz002409,雅克科技,2025-10-13 11:10:33,83.3,3200,83.25,U
sz002409,雅克科技,2025-10-13 11:10:36,83.28,2900,83.3,D
sz002409,雅克科技,2025-10-13 11:10:39,83.3,5300,83.28,U
sz002409,雅克科技,2025-10-13 11:10:54,83.28,4900,83.28,U
sz002409,雅克科技,2025-10-13 11:10:57,83.3,3300,83.28,U
sz002409,雅克科技,2025-10-13 11:11:03,83.39,6400,83.3,U
sz002409,雅克科技,2025-10-13 11:11:21,83.39,5300,83.33,U
sz002409,雅克科技,2025-10-13 11:11:30,83.5,27600,83.4,U
sz002409,雅克科技,2025-10-13 11:11:54,83.46,3700,83.45,U
sz002409,雅克科技,2025-10-13 11:11:57,83.51,2800,83.46,U
sz002409,雅克科技,2025-10-13 11:12:00,83.47,3100,83.51,D
sz002409,雅克科技,2025-10-13 11:12:30,83.59,3100,83.6,U
sz002409,雅克科技,2025-10-13 11:12:36,83.57,3000,83.58,D
sz002409,雅克科技,2025-10-13 11:12:42,83.58,3100,83.57,U
sz002409,雅克科技,2025-10-13 11:12:45,83.58,2800,83.58,D
sz002409,雅克科技,2025-10-13 11:13:36,83.45,5700,83.47,D
sz002409,雅克科技,2025-10-13 11:14:18,83.45,5400,83.45,D
sz002409,雅克科技,2025-10-13 11:15:00,83.58,3200,83.54,U
sz002409,雅克科技,2025-10-13 11:15:21,83.57,4100,83.54,U
sz002409,雅克科技,2025-10-13 11:15:24,83.6,16500,83.57,U
sz002409,雅克科技,2025-10-13 11:15:27,83.61,7100,83.6,U
sz002409,雅克科技,2025-10-13 11:15:33,83.75,4500,83.63,U
sz002409,雅克科技,2025-10-13 11:15:42,83.79,2800,83.8,E
sz002409,雅克科技,2025-10-13 11:15:57,83.84,2500,83.86,E
sz002409,雅克科技,2025-10-13 11:16:03,83.86,4000,83.81,U
sz002409,雅克科技,2025-10-13 11:16:15,83.81,3100,83.81,U
sz002409,雅克科技,2025-10-13 11:16:30,83.79,2700,83.72,U
sz002409,雅克科技,2025-10-13 11:16:33,83.66,2800,83.79,D
sz002409,雅克科技,2025-10-13 11:16:48,83.65,27700,83.66,D
sz002409,雅克科技,2025-10-13 11:17:09,83.67,6100,83.7,D
sz002409,雅克科技,2025-10-13 11:17:21,83.68,3500,83.68,D
sz002409,雅克科技,2025-10-13 11:17:30,83.68,3700,83.73,E
sz002409,雅克科技,2025-10-13 11:17:48,83.73,10400,83.77,E
sz002409,雅克科技,2025-10-13 11:18:03,83.82,9300,83.8,U
sz002409,雅克科技,2025-10-13 11:18:24,83.9,15700,83.81,U
sz002409,雅克科技,2025-10-13 11:18:36,83.99,3000,83.98,U
sz002409,雅克科技,2025-10-13 11:18:45,83.98,5500,84.0,D
sz002409,雅克科技,2025-10-13 11:18:48,84.0,19400,83.98,U
sz002409,雅克科技,2025-10-13 11:18:54,83.93,2500,84.0,D
sz002409,雅克科技,2025-10-13 11:19:21,83.98,6200,83.98,U
sz002409,雅克科技,2025-10-13 11:19:24,83.99,2700,83.98,U
sz002409,雅克科技,2025-10-13 11:19:33,83.99,2800,83.99,U
sz002409,雅克科技,2025-10-13 11:19:36,83.99,5000,83.99,U
sz002409,雅克科技,2025-10-13 11:19:39,84.0,2400,83.99,U
sz002409,雅克科技,2025-10-13 11:19:42,84.0,3800,84.0,U
sz002409,雅克科技,2025-10-13 11:19:45,83.99,7000,84.0,D
sz002409,雅克科技,2025-10-13 11:19:48,83.97,5500,83.99,D
sz002409,雅克科技,2025-10-13 11:20:06,83.97,3600,83.97,D
sz002409,雅克科技,2025-10-13 11:20:18,83.81,42500,83.97,D
sz002409,雅克科技,2025-10-13 11:20:21,83.76,3400,83.81,D
sz002409,雅克科技,2025-10-13 11:20:24,83.76,2500,83.76,D
sz002409,雅克科技,2025-10-13 11:20:27,83.76,3300,83.76,D
sz002409,雅克科技,2025-10-13 11:20:30,83.74,9700,83.76,D
sz002409,雅克科技,2025-10-13 11:20:45,83.78,3000,83.78,D
sz002409,雅克科技,2025-10-13 11:20:48,83.78,2500,83.78,E
sz002409,雅克科技,2025-10-13 11:21:21,83.66,12700,83.72,D
sz002409,雅克科技,2025-10-13 11:21:48,83.62,11000,83.67,D
sz002409,雅克科技,2025-10-13 11:21:51,83.58,3400,83.62,D
sz002409,雅克科技,2025-10-13 11:21:54,83.57,2700,83.58,D
sz002409,雅克科技,2025-10-13 11:21:57,83.57,18500,83.57,D
sz002409,雅克科技,2025-10-13 11:22:00,83.57,10500,83.57,D
sz002409,雅克科技,2025-10-13 11:22:03,83.57,9400,83.57,D
sz002409,雅克科技,2025-10-13 11:22:06,83.57,7700,83.57,D
sz002409,雅克科技,2025-10-13 11:22:15,83.5,3000,83.52,D
sz002409,雅克科技,2025-10-13 11:23:09,83.23,4000,83.24,D
sz002409,雅克科技,2025-10-13 11:23:30,83.16,3700,83.16,U
sz002409,雅克科技,2025-10-13 11:23:45,83.04,15500,83.03,E
sz002409,雅克科技,2025-10-13 11:23:48,83.03,4300,83.04,D
sz002409,雅克科技,2025-10-13 11:23:51,83.09,2900,83.03,U
sz002409,雅克科技,2025-10-13 11:24:00,83.04,11700,83.04,E
sz002409,雅克科技,2025-10-13 11:24:12,83.04,8100,83.07,D
sz002409,雅克科技,2025-10-13 11:24:21,83.02,3100,83.1,D
sz002409,雅克科技,2025-10-13 11:24:33,83.01,3600,83.01,D
sz002409,雅克科技,2025-10-13 11:24:36,83.02,3600,83.01,U
sz002409,雅克科技,2025-10-13 11:24:39,82.96,22700,83.02,D
sz002409,雅克科技,2025-10-13 11:24:42,83.0,3600,82.96,U
sz002409,雅克科技,2025-10-13 11:24:51,83.0,5400,82.95,U
sz002409,雅克科技,2025-10-13 11:24:57,82.95,3800,82.97,D
sz002409,雅克科技,2025-10-13 11:25:06,82.94,4300,82.93,U
sz002409,雅克科技,2025-10-13 11:25:09,83.01,7600,82.94,U
sz002409,雅克科技,2025-10-13 11:25:12,83.02,4400,83.01,U
sz002409,雅克科技,2025-10-13 11:25:24,83.04,3100,83.13,D
sz002409,雅克科技,2025-10-13 11:26:00,82.96,8100,83.01,D
sz002409,雅克科技,2025-10-13 11:26:06,82.95,2800,82.95,D
sz002409,雅克科技,2025-10-13 11:26:27,82.93,6900,82.94,D
sz002409,雅克科技,2025-10-13 11:26:54,83.0,2500,83.0,U
sz002409,雅克科技,2025-10-13 11:27:09,82.99,5700,83.0,D
sz002409,雅克科技,2025-10-13 11:27:15,83.0,5000,82.99,U
sz002409,雅克科技,2025-10-13 11:27:30,82.99,5100,82.99,D
sz002409,雅克科技,2025-10-13 11:27:36,82.96,6500,82.99,D
sz002409,雅克科技,2025-10-13 11:27:48,82.95,7300,82.96,D
sz002409,雅克科技,2025-10-13 11:27:51,82.95,3500,82.95,U
sz002409,雅克科技,2025-10-13 11:28:03,82.94,3200,82.93,U
sz002409,雅克科技,2025-10-13 11:28:12,82.94,4400,82.95,D
sz002409,雅克科技,2025-10-13 11:28:27,82.91,4000,82.92,D
sz002409,雅克科技,2025-10-13 11:28:36,82.88,4400,82.91,D
sz002409,雅克科技,2025-10-13 11:29:00,82.8,5600,82.8,D
sz002409,雅克科技,2025-10-13 11:29:12,82.72,7500,82.79,D
sz002409,雅克科技,2025-10-13 11:29:18,82.85,21000,82.79,U
sz002409,雅克科技,2025-10-13 11:29:33,82.8,3700,82.84,D
sz002409,雅克科技,2025-10-13 11:29:36,82.83,23500,82.8,U
sz002409,雅克科技,2025-10-13 13:00:00,82.82,62200,82.9,D
sz002409,雅克科技,2025-10-13 13:00:03,82.77,23600,82.82,D
sz002409,雅克科技,2025-10-13 13:00:06,82.82,5400,82.77,U
sz002409,雅克科技,2025-10-13 13:00:09,82.82,5500,82.82,U
sz002409,雅克科技,2025-10-13 13:00:12,83.07,85700,82.82,U
sz002409,雅克科技,2025-10-13 13:00:15,83.2,15600,83.07,U
sz002409,雅克科技,2025-10-13 13:00:18,83.1,4800,83.2,E
sz002409,雅克科技,2025-10-13 13:00:21,83.01,12200,83.1,D
sz002409,雅克科技,2025-10-13 13:00:27,82.86,2700,82.92,D
sz002409,雅克科技,2025-10-13 13:00:30,82.84,3600,82.86,D
sz002409,雅克科技,2025-10-13 13:00:33,82.84,3500,82.84,U
sz002409,雅克科技,2025-10-13 13:00:36,82.87,16800,82.84,U
sz002409,雅克科技,2025-10-13 13:00:51,83.2,50973,83.01,U
sz002409,雅克科技,2025-10-13 13:00:54,83.0,8900,83.2,D
sz002409,雅克科技,2025-10-13 13:01:00,83.21,71100,83.21,U
sz002409,雅克科技,2025-10-13 13:01:03,83.08,13100,83.21,D
sz002409,雅克科技,2025-10-13 13:01:06,82.99,7700,83.08,D
sz002409,雅克科技,2025-10-13 13:01:09,82.93,2800,82.99,D
sz002409,雅克科技,2025-10-13 13:01:12,82.93,2700,82.93,U
sz002409,雅克科技,2025-10-13 13:01:15,82.92,8400,82.93,D
sz002409,雅克科技,2025-10-13 13:01:27,82.92,5200,82.93,D
sz002409,雅克科技,2025-10-13 13:01:36,82.8,4500,82.87,D
sz002409,雅克科技,2025-10-13 13:01:42,82.81,4400,82.81,U
sz002409,雅克科技,2025-10-13 13:01:54,82.72,3700,82.8,D
sz002409,雅克科技,2025-10-13 13:01:57,82.73,7200,82.72,D
sz002409,雅克科技,2025-10-13 13:02:00,82.74,3000,82.73,E
sz002409,雅克科技,2025-10-13 13:02:09,82.76,6600,82.74,E
sz002409,雅克科技,2025-10-13 13:02:21,82.74,4100,82.81,D
sz002409,雅克科技,2025-10-13 13:02:24,82.77,2700,82.74,E
sz002409,雅克科技,2025-10-13 13:02:39,82.68,3600,82.67,U
sz002409,雅克科技,2025-10-13 13:02:48,82.62,7800,82.66,D
sz002409,雅克科技,2025-10-13 13:02:54,82.64,4000,82.64,U
sz002409,雅克科技,2025-10-13 13:03:03,82.61,3200,82.63,D
sz002409,雅克科技,2025-10-13 13:03:15,82.66,4900,82.64,U
sz002409,雅克科技,2025-10-13 13:03:21,82.69,3100,82.66,U
sz002409,雅克科技,2025-10-13 13:03:24,82.74,14300,82.69,U
sz002409,雅克科技,2025-10-13 13:03:27,82.8,3400,82.74,U
sz002409,雅克科技,2025-10-13 13:03:42,82.87,2700,82.79,U
sz002409,雅克科技,2025-10-13 13:03:48,82.8,3200,82.8,D
sz002409,雅克科技,2025-10-13 13:04:03,82.81,6300,82.87,D
sz002409,雅克科技,2025-10-13 13:04:15,83.14,5900,82.85,U
sz002409,雅克科技,2025-10-13 13:04:27,83.26,90000,83.2,U
sz002409,雅克科技,2025-10-13 13:04:30,83.23,13100,83.26,D
sz002409,雅克科技,2025-10-13 13:04:33,83.18,2900,83.23,D
sz002409,雅克科技,2025-10-13 13:04:36,83.17,2700,83.18,E
sz002409,雅克科技,2025-10-13 13:04:39,83.18,2900,83.17,U
sz002409,雅克科技,2025-10-13 13:04:45,83.25,4000,83.23,U
sz002409,雅克科技,2025-10-13 13:04:48,83.2,2900,83.25,D
sz002409,雅克科技,2025-10-13 13:04:51,83.2,3200,83.2,U
sz002409,雅克科技,2025-10-13 13:04:54,83.2,7500,83.2,D
sz002409,雅克科技,2025-10-13 13:05:03,83.2,6600,83.17,U
sz002409,雅克科技,2025-10-13 13:05:09,83.13,4700,83.11,D
sz002409,雅克科技,2025-10-13 13:05:12,83.03,2900,83.13,D
sz002409,雅克科技,2025-10-13 13:05:42,83.14,5200,83.03,U
sz002409,雅克科技,2025-10-13 13:05:51,83.15,3200,83.16,D
sz002409,雅克科技,2025-10-13 13:05:54,83.17,3400,83.15,U
sz002409,雅克科技,2025-10-13 13:05:57,83.2,2700,83.17,U
sz002409,雅克科技,2025-10-13 13:06:36,83.16,3100,83.24,D
sz002409,雅克科技,2025-10-13 13:06:39,83.16,3200,83.16,D
sz002409,雅克科技,2025-10-13 13:06:54,83.22,2700,83.17,U
sz002409,雅克科技,2025-10-13 13:07:09,83.26,54300,83.2,U
sz002409,雅克科技,2025-10-13 13:07:12,83.33,23500,83.26,U
sz002409,雅克科技,2025-10-13 13:07:15,83.39,3300,83.33,E
sz002409,雅克科技,2025-10-13 13:07:27,83.37,3200,83.38,U
sz002409,雅克科技,2025-10-13 13:07:33,83.38,2500,83.38,U
sz002409,雅克科技,2025-10-13 13:07:39,83.42,3800,83.43,D
sz002409,雅克科技,2025-10-13 13:07:45,83.38,3400,83.4,D
sz002409,雅克科技,2025-10-13 13:07:51,83.37,3600,83.37,U
sz002409,雅克科技,2025-10-13 13:07:57,83.4,3000,83.38,U
sz002409,雅克科技,2025-10-13 13:08:00,83.51,5400,83.4,U
sz002409,雅克科技,2025-10-13 13:08:03,83.56,2900,83.51,E
sz002409,雅克科技,2025-10-13 13:08:06,83.57,3100,83.56,U
sz002409,雅克科技,2025-10-13 13:08:18,83.56,4600,83.6,D
sz002409,雅克科技,2025-10-13 13:08:21,83.63,24700,83.56,U
sz002409,雅克科技,2025-10-13 13:08:24,83.61,6000,83.63,D
sz002409,雅克科技,2025-10-13 13:08:27,83.6,5600,83.61,D
sz002409,雅克科技,2025-10-13 13:08:30,83.71,2500,83.6,U
sz002409,雅克科技,2025-10-13 13:08:36,83.56,15900,83.64,D
sz002409,雅克科技,2025-10-13 13:08:39,83.62,7200,83.56,U
sz002409,雅克科技,2025-10-13 13:08:45,83.51,10400,83.51,U
sz002409,雅克科技,2025-10-13 13:08:48,83.7,4500,83.51,U
sz002409,雅克科技,2025-10-13 13:09:03,83.59,2800,83.58,U
sz002409,雅克科技,2025-10-13 13:09:12,83.58,2500,83.59,D
sz002409,雅克科技,2025-10-13 13:09:15,83.51,6000,83.58,D
sz002409,雅克科技,2025-10-13 13:09:21,83.48,2900,83.5,D
sz002409,雅克科技,2025-10-13 13:09:27,83.49,3300,83.45,U
sz002409,雅克科技,2025-10-13 13:09:30,83.5,2500,83.49,U
sz002409,雅克科技,2025-10-13 13:10:09,83.61,21200,83.46,U
sz002409,雅克科技,2025-10-13 13:10:12,83.6,3400,83.61,D
sz002409,雅克科技,2025-10-13 13:10:15,83.68,3400,83.6,U
sz002409,雅克科技,2025-10-13 13:10:18,83.51,3400,83.68,D
sz002409,雅克科技,2025-10-13 13:11:03,83.41,3100,83.47,D
sz002409,雅克科技,2025-10-13 13:11:15,83.41,3200,83.42,D
sz002409,雅克科技,2025-10-13 13:11:27,83.33,13700,83.33,E
sz002409,雅克科技,2025-10-13 13:11:30,83.45,6600,83.33,U
sz002409,雅克科技,2025-10-13 13:11:33,83.43,2900,83.45,D
sz002409,雅克科技,2025-10-13 13:11:39,83.56,7600,83.41,U
sz002409,雅克科技,2025-10-13 13:11:51,83.56,4300,83.56,D
sz002409,雅克科技,2025-10-13 13:11:54,83.65,3400,83.56,U
sz002409,雅克科技,2025-10-13 13:11:57,83.7,8200,83.65,U
sz002409,雅克科技,2025-10-13 13:12:00,83.66,3000,83.7,D
sz002409,雅克科技,2025-10-13 13:12:09,83.7,2800,83.71,D
sz002409,雅克科技,2025-10-13 13:12:12,83.71,3400,83.7,U
sz002409,雅克科技,2025-10-13 13:12:15,83.7,4200,83.71,D
sz002409,雅克科技,2025-10-13 13:12:24,83.73,10200,83.68,U
sz002409,雅克科技,2025-10-13 13:12:27,83.68,2600,83.73,D
sz002409,雅克科技,2025-10-13 13:12:39,83.69,18500,83.69,U
sz002409,雅克科技,2025-10-13 13:12:42,83.69,3200,83.69,D
sz002409,雅克科技,2025-10-13 13:12:57,83.79,2600,83.79,U
sz002409,雅克科技,2025-10-13 13:13:03,83.8,3400,83.79,U
sz002409,雅克科技,2025-10-13 13:13:06,83.8,2600,83.8,U
sz002409,雅克科技,2025-10-13 13:13:09,83.8,3500,83.8,U
sz002409,雅克科技,2025-10-13 13:13:12,83.77,4300,83.8,D
sz002409,雅克科技,2025-10-13 13:13:15,83.8,2600,83.77,U
sz002409,雅克科技,2025-10-13 13:13:18,83.8,4300,83.8,D
sz002409,雅克科技,2025-10-13 13:13:24,83.8,2900,83.8,U
sz002409,雅克科技,2025-10-13 13:13:39,83.91,26700,83.79,U
sz002409,雅克科技,2025-10-13 13:13:42,83.88,3000,83.91,D
sz002409,雅克科技,2025-10-13 13:13:45,83.88,6700,83.88,U
sz002409,雅克科技,2025-10-13 13:13:54,83.88,2600,83.88,U
sz002409,雅克科技,2025-10-13 13:14:06,83.94,13800,83.91,U
sz002409,雅克科技,2025-10-13 13:14:09,83.9,2600,83.94,E
sz002409,雅克科技,2025-10-13 13:14:24,83.88,8600,83.81,E
sz002409,雅克科技,2025-10-13 13:14:27,83.89,4200,83.88,U
sz002409,雅克科技,2025-10-13 13:14:33,83.8,2800,83.8,D
sz002409,雅克科技,2025-10-13 13:14:39,83.85,5700,83.79,U
sz002409,雅克科技,2025-10-13 13:14:48,83.88,3900,83.85,U
sz002409,雅克科技,2025-10-13 13:14:57,83.87,4200,83.88,U
sz002409,雅克科技,2025-10-13 13:15:00,83.75,3100,83.87,D
sz002409,雅克科技,2025-10-13 13:15:06,83.79,6000,83.69,U
sz002409,雅克科技,2025-10-13 13:15:12,83.64,7000,83.62,E
sz002409,雅克科技,2025-10-13 13:15:21,83.7,3600,83.69,E
sz002409,雅克科技,2025-10-13 13:15:24,83.82,4200,83.7,U
sz002409,雅克科技,2025-10-13 13:15:27,83.64,9300,83.82,D
sz002409,雅克科技,2025-10-13 13:15:30,83.81,5000,83.64,E
sz002409,雅克科技,2025-10-13 13:15:33,83.68,3000,83.81,D
sz002409,雅克科技,2025-10-13 13:15:36,83.72,3400,83.68,U
sz002409,雅克科技,2025-10-13 13:15:57,83.69,5000,83.66,U
sz002409,雅克科技,2025-10-13 13:16:03,83.66,2800,83.73,D
sz002409,雅克科技,2025-10-13 13:16:06,83.69,3500,83.66,U
sz002409,雅克科技,2025-10-13 13:16:30,83.78,17800,83.6,U
sz002409,雅克科技,2025-10-13 13:16:33,83.78,4000,83.78,U
sz002409,雅克科技,2025-10-13 13:16:36,83.66,3400,83.78,D
sz002409,雅克科技,2025-10-13 13:17:21,83.64,5500,83.57,U
sz002409,雅克科技,2025-10-13 13:18:15,83.6,3800,83.61,E
sz002409,雅克科技,2025-10-13 13:18:24,83.57,2900,83.56,U
sz002409,雅克科技,2025-10-13 13:18:27,83.45,2800,83.57,D
sz002409,雅克科技,2025-10-13 13:18:30,83.45,3200,83.45,D
sz002409,雅克科技,2025-10-13 13:18:39,83.43,3500,83.37,U
sz002409,雅克科技,2025-10-13 13:18:42,83.43,4000,83.43,D
sz002409,雅克科技,2025-10-13 13:19:18,83.45,5700,83.38,U
sz002409,雅克科技,2025-10-13 13:19:42,83.45,2600,83.48,D
sz002409,雅克科技,2025-10-13 13:19:51,83.45,42600,83.45,D
sz002409,雅克科技,2025-10-13 13:19:54,83.38,4000,83.45,D
sz002409,雅克科技,2025-10-13 13:20:00,83.31,2500,83.34,D
sz002409,雅克科技,2025-10-13 13:20:03,83.31,3500,83.31,U
sz002409,雅克科技,2025-10-13 13:20:09,83.3,4100,83.31,D
sz002409,雅克科技,2025-10-13 13:20:33,83.31,3000,83.31,D
sz002409,雅克科技,2025-10-13 13:20:45,83.34,2700,83.36,D
sz002409,雅克科技,2025-10-13 13:21:00,83.31,10600,83.33,D
sz002409,雅克科技,2025-10-13 13:21:06,83.2,3100,83.21,D
sz002409,雅克科技,2025-10-13 13:21:12,83.2,3700,83.24,D
sz002409,雅克科技,2025-10-13 13:21:24,83.21,3600,83.21,U
sz002409,雅克科技,2025-10-13 13:21:27,83.21,8800,83.21,E
sz002409,雅克科技,2025-10-13 13:21:33,83.24,3700,83.18,U
sz002409,雅克科技,2025-10-13 13:21:36,83.18,10200,83.24,D
sz002409,雅克科技,2025-10-13 13:21:54,83.18,2800,83.21,D
sz002409,雅克科技,2025-10-13 13:22:00,83.21,4200,83.18,U
sz002409,雅克科技,2025-10-13 13:22:03,83.16,2900,83.21,D
sz002409,雅克科技,2025-10-13 13:22:09,83.21,4100,83.2,U
sz002409,雅克科技,2025-10-13 13:22:12,83.15,5900,83.21,D
sz002409,雅克科技,2025-10-13 13:22:30,83.19,2800,83.21,D
sz002409,雅克科技,2025-10-13 13:22:33,83.19,2800,83.19,D
sz002409,雅克科技,2025-10-13 13:22:45,83.16,4100,83.18,D
sz002409,雅克科技,2025-10-13 13:23:09,83.2,7400,83.21,D
sz002409,雅克科技,2025-10-13 13:23:12,83.22,3400,83.2,U
sz002409,雅克科技,2025-10-13 13:23:27,83.21,2700,83.2,U
sz002409,雅克科技,2025-10-13 13:23:36,83.19,2500,83.2,D
sz002409,雅克科技,2025-10-13 13:23:45,83.15,4800,83.16,D
sz002409,雅克科技,2025-10-13 13:23:51,83.17,3000,83.14,U
sz002409,雅克科技,2025-10-13 13:23:54,83.14,2700,83.17,D
sz002409,雅克科技,2025-10-13 13:24:00,83.21,2500,83.19,U
sz002409,雅克科技,2025-10-13 13:25:06,83.32,4200,83.31,U
sz002409,雅克科技,2025-10-13 13:25:15,83.3,4700,83.36,D
sz002409,雅克科技,2025-10-13 13:25:18,83.28,4300,83.3,D
sz002409,雅克科技,2025-10-13 13:25:21,83.28,7900,83.28,D
sz002409,雅克科技,2025-10-13 13:25:27,83.25,2600,83.25,D
sz002409,雅克科技,2025-10-13 13:25:30,83.24,4800,83.25,D
sz002409,雅克科技,2025-10-13 13:25:42,83.2,4000,83.2,U
sz002409,雅克科技,2025-10-13 13:25:48,83.16,4200,83.17,D
sz002409,雅克科技,2025-10-13 13:26:00,83.17,4100,83.15,U
sz002409,雅克科技,2025-10-13 13:26:03,83.2,3800,83.17,U
sz002409,雅克科技,2025-10-13 13:26:27,83.26,4500,83.19,U
sz002409,雅克科技,2025-10-13 13:26:45,83.28,2900,83.28,D
sz002409,雅克科技,2025-10-13 13:26:54,83.28,9100,83.28,U
sz002409,雅克科技,2025-10-13 13:27:48,83.4,5900,83.34,U
sz002409,雅克科技,2025-10-13 13:27:51,83.4,7300,83.4,D
sz002409,雅克科技,2025-10-13 13:27:54,83.4,8500,83.4,D
sz002409,雅克科技,2025-10-13 13:28:03,83.29,3300,83.32,D
sz002409,雅克科技,2025-10-13 13:28:12,83.2,3200,83.25,D
sz002409,雅克科技,2025-10-13 13:28:15,83.25,2900,83.2,U
sz002409,雅克科技,2025-10-13 13:28:18,83.26,3600,83.25,D
sz002409,雅克科技,2025-10-13 13:28:21,83.27,2800,83.26,D
sz002409,雅克科技,2025-10-13 13:28:54,83.34,2600,83.33,U
sz002409,雅克科技,2025-10-13 13:29:00,83.33,3200,83.33,D
sz002409,雅克科技,2025-10-13 13:29:03,83.29,4400,83.33,D
sz002409,雅克科技,2025-10-13 13:29:12,83.29,4900,83.3,D
sz002409,雅克科技,2025-10-13 13:29:54,83.35,3800,83.35,D
sz002409,雅克科技,2025-10-13 13:29:57,83.35,6200,83.35,U
sz002409,雅克科技,2025-10-13 13:30:09,83.38,2900,83.36,U
sz002409,雅克科技,2025-10-13 13:30:12,83.36,3700,83.38,D
sz002409,雅克科技,2025-10-13 13:30:15,83.38,3800,83.36,U
sz002409,雅克科技,2025-10-13 13:30:24,83.27,2600,83.28,D
sz002409,雅克科技,2025-10-13 13:30:27,83.34,4700,83.27,U
sz002409,雅克科技,2025-10-13 13:30:30,83.28,19200,83.34,D
sz002409,雅克科技,2025-10-13 13:30:33,83.23,5500,83.28,D
sz002409,雅克科技,2025-10-13 13:30:36,83.22,2800,83.23,D
sz002409,雅克科技,2025-10-13 13:30:51,83.18,4900,83.2,D
sz002409,雅克科技,2025-10-13 13:31:03,83.22,3300,83.21,U
sz002409,雅克科技,2025-10-13 13:31:06,83.23,3500,83.22,U
sz002409,雅克科技,2025-10-13 13:31:51,83.16,2800,83.19,D
sz002409,雅克科技,2025-10-13 13:32:15,83.1,3100,83.12,D
sz002409,雅克科技,2025-10-13 13:32:18,83.12,3300,83.1,E
sz002409,雅克科技,2025-10-13 13:32:21,83.09,3600,83.12,D
sz002409,雅克科技,2025-10-13 13:32:48,83.06,5400,83.04,U
sz002409,雅克科技,2025-10-13 13:32:51,83.09,4500,83.06,U
sz002409,雅克科技,2025-10-13 13:32:54,83.1,3200,83.09,U
sz002409,雅克科技,2025-10-13 13:33:06,83.1,4200,83.11,U
sz002409,雅克科技,2025-10-13 13:33:12,83.17,7000,83.12,U
sz002409,雅克科技,2025-10-13 13:33:15,83.13,2500,83.17,E
sz002409,雅克科技,2025-10-13 13:33:24,83.09,3700,83.17,D
sz002409,雅克科技,2025-10-13 13:33:54,83.05,3100,83.05,U
sz002409,雅克科技,2025-10-13 13:34:09,83.01,2900,83.02,D
sz002409,雅克科技,2025-10-13 13:34:12,82.98,5600,83.01,D
sz002409,雅克科技,2025-10-13 13:34:15,82.95,3800,82.98,D
sz002409,雅克科技,2025-10-13 13:34:21,82.93,8600,82.96,D
sz002409,雅克科技,2025-10-13 13:34:24,82.88,5200,82.93,D
sz002409,雅克科技,2025-10-13 13:34:27,82.89,2700,82.88,U
sz002409,雅克科技,2025-10-13 13:34:30,82.89,10200,82.89,U
sz002409,雅克科技,2025-10-13 13:34:33,82.96,5000,82.89,U
sz002409,雅克科技,2025-10-13 13:34:36,82.9,3000,82.96,U
sz002409,雅克科技,2025-10-13 13:34:57,82.96,5600,82.96,D
sz002409,雅克科技,2025-10-13 13:35:00,83.0,3000,82.96,U
sz002409,雅克科技,2025-10-13 13:35:03,83.05,9900,83.0,U
sz002409,雅克科技,2025-10-13 13:35:06,83.06,7400,83.05,E
sz002409,雅克科技,2025-10-13 13:35:15,83.03,4200,83.01,E
sz002409,雅克科技,2025-10-13 13:35:18,83.06,5500,83.03,U
sz002409,雅克科技,2025-10-13 13:35:42,83.05,3100,83.07,D
sz002409,雅克科技,2025-10-13 13:35:45,83.06,8300,83.05,U
sz002409,雅克科技,2025-10-13 13:35:54,83.07,3500,83.05,U
sz002409,雅克科技,2025-10-13 13:36:00,83.05,4600,83.05,D
sz002409,雅克科技,2025-10-13 13:36:15,83.03,2700,83.0,U
sz002409,雅克科技,2025-10-13 13:37:06,83.04,2500,83.03,U
sz002409,雅克科技,2025-10-13 13:37:09,83.07,4700,83.04,U
sz002409,雅克科技,2025-10-13 13:37:12,83.08,6400,83.07,U
sz002409,雅克科技,2025-10-13 13:37:21,83.18,3200,83.16,U
sz002409,雅克科技,2025-10-13 13:37:51,83.21,4900,83.15,U
sz002409,雅克科技,2025-10-13 13:38:03,83.32,10900,83.32,D
sz002409,雅克科技,2025-10-13 13:38:06,83.33,16400,83.32,U
sz002409,雅克科技,2025-10-13 13:38:12,83.33,3900,83.25,U
sz002409,雅克科技,2025-10-13 13:38:36,83.4,8900,83.38,U
sz002409,雅克科技,2025-10-13 13:38:39,83.4,3300,83.4,D
sz002409,雅克科技,2025-10-13 13:38:42,83.4,4700,83.4,U
sz002409,雅克科技,2025-10-13 13:38:51,83.4,2500,83.42,D
sz002409,雅克科技,2025-10-13 13:38:57,83.55,8900,83.41,U
sz002409,雅克科技,2025-10-13 13:39:00,83.4,2800,83.55,U
sz002409,雅克科技,2025-10-13 13:39:09,83.41,2400,83.4,U
sz002409,雅克科技,2025-10-13 13:39:12,83.4,3800,83.41,D
sz002409,雅克科技,2025-10-13 13:39:18,83.46,4100,83.43,U
sz002409,雅克科技,2025-10-13 13:39:30,83.45,2600,83.45,D
sz002409,雅克科技,2025-10-13 13:39:36,83.45,2900,83.45,D
sz002409,雅克科技,2025-10-13 13:39:39,83.41,3600,83.45,D
sz002409,雅克科技,2025-10-13 13:39:45,83.44,3200,83.41,U
sz002409,雅克科技,2025-10-13 13:40:00,83.46,2500,83.44,U
sz002409,雅克科技,2025-10-13 13:40:09,83.49,4300,83.46,E
sz002409,雅克科技,2025-10-13 13:40:12,83.53,8100,83.49,U
sz002409,雅克科技,2025-10-13 13:40:21,83.57,3000,83.53,U
sz002409,雅克科技,2025-10-13 13:40:30,83.53,7700,83.57,D
sz002409,雅克科技,2025-10-13 13:40:33,83.53,4800,83.53,U
sz002409,雅克科技,2025-10-13 13:40:36,83.51,3900,83.53,D
sz002409,雅克科技,2025-10-13 13:40:54,83.57,4200,83.52,U
sz002409,雅克科技,2025-10-13 13:41:09,83.58,2400,83.58,U
sz002409,雅克科技,2025-10-13 13:41:21,83.6,2800,83.6,D
sz002409,雅克科技,2025-10-13 13:41:24,83.6,2500,83.6,U
sz002409,雅克科技,2025-10-13 13:41:30,83.65,13500,83.59,U
sz002409,雅克科技,2025-10-13 13:41:33,83.72,9800,83.65,U
sz002409,雅克科技,2025-10-13 13:41:45,83.75,8100,83.74,U
sz002409,雅克科技,2025-10-13 13:41:48,83.75,5800,83.75,U
sz002409,雅克科技,2025-10-13 13:41:57,83.72,4700,83.75,D
sz002409,雅克科技,2025-10-13 13:42:00,83.75,2700,83.72,U
sz002409,雅克科技,2025-10-13 13:42:06,83.75,5900,83.75,U
sz002409,雅克科技,2025-10-13 13:42:09,83.85,12400,83.75,U
sz002409,雅克科技,2025-10-13 13:42:12,83.81,7100,83.85,D
sz002409,雅克科技,2025-10-13 13:42:18,83.88,14900,83.86,U
sz002409,雅克科技,2025-10-13 13:42:21,83.89,3500,83.88,U
sz002409,雅克科技,2025-10-13 13:42:24,83.89,3500,83.89,U
sz002409,雅克科技,2025-10-13 13:42:30,83.92,5800,83.9,U
sz002409,雅克科技,2025-10-13 13:42:33,83.97,8800,83.92,U
sz002409,雅克科技,2025-10-13 13:42:45,83.99,5700,83.97,U
sz002409,雅克科技,2025-10-13 13:42:48,84.06,31600,83.99,U
sz002409,雅克科技,2025-10-13 13:42:51,84.06,5700,84.06,U
sz002409,雅克科技,2025-10-13 13:42:54,84.06,3200,84.06,U
sz002409,雅克科技,2025-10-13 13:42:57,84.06,4600,84.06,D
sz002409,雅克科技,2025-10-13 13:43:03,84.24,33900,84.1,U
sz002409,雅克科技,2025-10-13 13:43:06,84.11,13000,84.24,D
sz002409,雅克科技,2025-10-13 13:43:12,84.24,6700,84.24,U
sz002409,雅克科技,2025-10-13 13:43:15,84.23,4300,84.24,D
sz002409,雅克科技,2025-10-13 13:43:18,84.22,3400,84.23,U
sz002409,雅克科技,2025-10-13 13:43:21,84.11,6900,84.22,D
sz002409,雅克科技,2025-10-13 13:43:24,84.08,13100,84.11,D
sz002409,雅克科技,2025-10-13 13:43:27,84.0,10900,84.08,D
sz002409,雅克科技,2025-10-13 13:43:39,83.93,5100,83.95,D
sz002409,雅克科技,2025-10-13 13:43:45,84.0,3700,83.91,U
sz002409,雅克科技,2025-10-13 13:43:57,83.98,3200,83.94,U
sz002409,雅克科技,2025-10-13 13:44:00,83.93,4600,83.98,D
sz002409,雅克科技,2025-10-13 13:44:03,83.93,2900,83.93,U
sz002409,雅克科技,2025-10-13 13:44:06,83.98,11400,83.93,U
sz002409,雅克科技,2025-10-13 13:44:27,83.89,20000,83.93,D
sz002409,雅克科技,2025-10-13 13:44:51,83.68,3000,83.72,D
sz002409,雅克科技,2025-10-13 13:45:06,83.63,5100,83.64,D
sz002409,雅克科技,2025-10-13 13:45:21,83.63,18200,83.63,U
sz002409,雅克科技,2025-10-13 13:45:27,83.7,5100,83.66,U
sz002409,雅克科技,2025-10-13 13:45:30,83.7,4900,83.7,D
sz002409,雅克科技,2025-10-13 13:45:33,83.72,3500,83.7,U
sz002409,雅克科技,2025-10-13 13:46:00,83.62,4800,83.62,D
sz002409,雅克科技,2025-10-13 13:46:03,83.51,6900,83.62,D
sz002409,雅克科技,2025-10-13 13:46:06,83.49,6100,83.51,D
sz002409,雅克科技,2025-10-13 13:46:36,83.55,2400,83.51,U
sz002409,雅克科技,2025-10-13 13:46:48,83.59,3600,83.57,U
sz002409,雅克科技,2025-10-13 13:47:06,83.57,7300,83.6,D
sz002409,雅克科技,2025-10-13 13:47:15,83.51,2400,83.55,D
sz002409,雅克科技,2025-10-13 13:47:24,83.5,3800,83.49,U
sz002409,雅克科技,2025-10-13 13:47:33,83.46,3700,83.46,U
sz002409,雅克科技,2025-10-13 13:47:42,83.48,2400,83.45,U
sz002409,雅克科技,2025-10-13 13:48:15,83.53,3300,83.52,U
sz002409,雅克科技,2025-10-13 13:48:33,83.53,4500,83.55,D
sz002409,雅克科技,2025-10-13 13:48:45,83.52,5400,83.53,D
sz002409,雅克科技,2025-10-13 13:48:54,83.52,2600,83.51,U
sz002409,雅克科技,2025-10-13 13:48:57,83.52,2800,83.52,D
sz002409,雅克科技,2025-10-13 13:49:06,83.59,19400,83.52,U
sz002409,雅克科技,2025-10-13 13:49:33,83.77,2700,83.77,D
sz002409,雅克科技,2025-10-13 13:49:36,83.77,5700,83.77,D
sz002409,雅克科技,2025-10-13 13:49:42,83.74,3400,83.74,U
sz002409,雅克科技,2025-10-13 13:49:48,83.68,3000,83.7,E
sz002409,雅克科技,2025-10-13 13:50:03,83.54,3200,83.53,U
sz002409,雅克科技,2025-10-13 13:50:06,83.52,2900,83.54,D
sz002409,雅克科技,2025-10-13 13:50:09,83.56,4700,83.52,U
sz002409,雅克科技,2025-10-13 13:50:12,83.56,7000,83.56,D
sz002409,雅克科技,2025-10-13 13:50:30,83.5,3600,83.53,D
sz002409,雅克科技,2025-10-13 13:50:42,83.65,2900,83.56,U
sz002409,雅克科技,2025-10-13 13:51:06,83.68,3300,83.67,E
sz002409,雅克科技,2025-10-13 13:51:15,83.69,4000,83.7,D
