symbol,name,ticktime,price,volume,prev_price,kind
sz002409,雅克科技,2025-10-16 09:25:00,75.75,88600,0.0,U
sz002409,雅克科技,2025-10-16 09:30:00,75.49,15000,75.75,D
sz002409,雅克科技,2025-10-16 09:30:03,75.23,42400,75.49,E
sz002409,雅克科技,2025-10-16 09:30:06,75.5,18900,75.23,U
sz002409,雅克科技,2025-10-16 09:30:09,75.14,29800,75.5,D
sz002409,雅克科技,2025-10-16 09:30:12,75.25,6600,75.14,E
sz002409,雅克科技,2025-10-16 09:30:15,75.38,3100,75.25,E
sz002409,雅克科技,2025-10-16 09:30:18,75.38,17900,75.38,D
sz002409,雅克科技,2025-10-16 09:30:21,75.26,9700,75.38,D
sz002409,雅克科技,2025-10-16 09:30:24,75.26,12600,75.26,D
sz002409,雅克科技,2025-10-16 09:30:27,75.28,18400,75.26,D
sz002409,雅克科技,2025-10-16 09:30:30,75.34,11600,75.28,E
sz002409,雅克科技,2025-10-16 09:30:33,75.34,6200,75.34,E
sz002409,雅克科技,2025-10-16 09:30:36,75.38,21100,75.34,U
sz002409,雅克科技,2025-10-16 09:30:39,75.33,33100,75.38,D
sz002409,雅克科技,2025-10-16 09:30:42,75.36,13600,75.33,U
sz002409,雅克科技,2025-10-16 09:30:45,75.29,7000,75.36,D
sz002409,雅克科技,2025-10-16 09:30:48,75.38,10800,75.29,U
sz002409,雅克科技,2025-10-16 09:30:51,75.4,5500,75.38,U
sz002409,雅克科技,2025-10-16 09:30:57,75.38,3100,75.42,D
sz002409,雅克科技,2025-10-16 09:31:00,75.39,8700,75.38,U
sz002409,雅克科技,2025-10-16 09:31:03,75.5,9700,75.39,U
sz002409,雅克科技,2025-10-16 09:31:06,75.74,21500,75.5,U
sz002409,雅克科技,2025-10-16 09:31:09,75.77,10600,75.74,U
sz002409,雅克科技,2025-10-16 09:31:12,75.87,13300,75.77,U
sz002409,雅克科技,2025-10-16 09:31:15,75.95,43300,75.87,U
sz002409,雅克科技,2025-10-16 09:31:18,75.92,13100,75.95,D
sz002409,雅克科技,2025-10-16 09:31:21,75.95,7100,75.92,E
sz002409,雅克科技,2025-10-16 09:31:24,75.87,28900,75.95,D
sz002409,雅克科技,2025-10-16 09:31:27,75.95,4500,75.87,U
sz002409,雅克科技,2025-10-16 09:31:30,75.85,5700,75.95,D
sz002409,雅克科技,2025-10-16 09:31:33,76.02,5600,75.85,U
sz002409,雅克科技,2025-10-16 09:31:39,76.0,12400,75.99,E
sz002409,雅克科技,2025-10-16 09:31:42,75.99,9800,76.0,D
sz002409,雅克科技,2025-10-16 09:31:45,76.18,12600,75.99,U
sz002409,雅克科技,2025-10-16 09:31:48,76.15,19200,76.18,D
sz002409,雅克科技,2025-10-16 09:31:51,76.15,12400,76.15,U
sz002409,雅克科技,2025-10-16 09:31:54,76.15,9700,76.15,U
sz002409,雅克科技,2025-10-16 09:31:57,76.19,6900,76.15,U
sz002409,雅克科技,2025-10-16 09:32:00,76.21,9800,76.19,U
sz002409,雅克科技,2025-10-16 09:32:03,76.3,7500,76.21,U
sz002409,雅克科技,2025-10-16 09:32:06,76.3,16000,76.3,E
sz002409,雅克科技,2025-10-16 09:32:09,76.4,3200,76.3,U
sz002409,雅克科技,2025-10-16 09:32:12,76.44,15100,76.4,D
sz002409,雅克科技,2025-10-16 09:32:15,76.5,25500,76.44,D
sz002409,雅克科技,2025-10-16 09:32:18,76.45,35400,76.5,E
sz002409,雅克科技,2025-10-16 09:32:21,76.52,16900,76.45,U
sz002409,雅克科技,2025-10-16 09:32:24,76.51,5300,76.52,E
sz002409,雅克科技,2025-10-16 09:32:27,76.52,5400,76.51,E
sz002409,雅克科技,2025-10-16 09:32:30,76.62,6800,76.52,U
sz002409,雅克科技,2025-10-16 09:32:33,76.5,22100,76.62,D
sz002409,雅克科技,2025-10-16 09:32:36,76.55,35400,76.5,U
sz002409,雅克科技,2025-10-16 09:32:39,76.53,19100,76.55,E
sz002409,雅克科技,2025-10-16 09:32:42,76.57,24000,76.53,U
sz002409,雅克科技,2025-10-16 09:32:45,76.55,8100,76.57,D
sz002409,雅克科技,2025-10-16 09:32:48,76.48,19800,76.55,D
sz002409,雅克科技,2025-10-16 09:32:51,76.53,16000,76.48,U
sz002409,雅克科技,2025-10-16 09:32:54,76.53,7300,76.53,E
sz002409,雅克科技,2025-10-16 09:32:57,76.56,6800,76.53,U
sz002409,雅克科技,2025-10-16 09:33:00,76.48,14400,76.56,D
sz002409,雅克科技,2025-10-16 09:33:03,76.47,5600,76.48,E
sz002409,雅克科技,2025-10-16 09:33:06,76.52,12500,76.47,U
sz002409,雅克科技,2025-10-16 09:33:09,76.44,18400,76.52,D
sz002409,雅克科技,2025-10-16 09:33:12,76.5,4600,76.44,U
sz002409,雅克科技,2025-10-16 09:33:15,76.51,4600,76.5,U
sz002409,雅克科技,2025-10-16 09:33:18,76.52,7400,76.51,U
sz002409,雅克科技,2025-10-16 09:33:21,76.44,9500,76.52,D
sz002409,雅克科技,2025-10-16 09:33:24,76.35,23400,76.44,D
sz002409,雅克科技,2025-10-16 09:33:27,76.38,9100,76.35,U
sz002409,雅克科技,2025-10-16 09:33:30,76.31,4500,76.38,E
sz002409,雅克科技,2025-10-16 09:33:33,76.28,4100,76.31,E
sz002409,雅克科技,2025-10-16 09:33:36,76.28,6600,76.28,E
sz002409,雅克科技,2025-10-16 09:33:39,76.23,4100,76.28,D
sz002409,雅克科技,2025-10-16 09:33:42,76.18,39200,76.23,D
sz002409,雅克科技,2025-10-16 09:33:45,76.18,4300,76.18,U
sz002409,雅克科技,2025-10-16 09:33:48,76.18,12200,76.18,U
sz002409,雅克科技,2025-10-16 09:33:51,76.18,6900,76.18,D
sz002409,雅克科技,2025-10-16 09:33:54,76.2,4300,76.18,E
sz002409,雅克科技,2025-10-16 09:33:57,76.2,8500,76.2,U
sz002409,雅克科技,2025-10-16 09:34:00,76.29,5200,76.2,U
sz002409,雅克科技,2025-10-16 09:34:03,76.11,24500,76.29,D
sz002409,雅克科技,2025-10-16 09:34:06,76.07,27000,76.11,D
sz002409,雅克科技,2025-10-16 09:34:09,76.1,8200,76.07,E
sz002409,雅克科技,2025-10-16 09:34:12,76.12,5400,76.1,E
sz002409,雅克科技,2025-10-16 09:34:21,76.15,4600,76.18,D
sz002409,雅克科技,2025-10-16 09:34:24,76.15,8200,76.15,D
sz002409,雅克科技,2025-10-16 09:34:27,76.19,14300,76.15,U
sz002409,雅克科技,2025-10-16 09:34:30,76.2,10500,76.19,U
sz002409,雅克科技,2025-10-16 09:34:33,76.22,6800,76.2,E
sz002409,雅克科技,2025-10-16 09:34:39,76.29,2800,76.27,U
sz002409,雅克科技,2025-10-16 09:34:42,76.3,4300,76.29,U
sz002409,雅克科技,2025-10-16 09:34:45,76.29,8200,76.3,D
sz002409,雅克科技,2025-10-16 09:34:48,76.3,5100,76.29,U
sz002409,雅克科技,2025-10-16 09:34:51,76.35,17500,76.3,U
sz002409,雅克科技,2025-10-16 09:34:54,76.3,8700,76.35,U
sz002409,雅克科技,2025-10-16 09:34:57,76.21,4800,76.3,D
sz002409,雅克科技,2025-10-16 09:35:00,76.02,12935,76.21,D
sz002409,雅克科技,2025-10-16 09:35:03,76.0,5965,76.02,D
sz002409,雅克科技,2025-10-16 09:35:06,76.1,3935,76.0,U
sz002409,雅克科技,2025-10-16 09:35:18,76.0,18100,76.0,D
sz002409,雅克科技,2025-10-16 09:35:21,76.02,16800,76.0,U
sz002409,雅克科技,2025-10-16 09:35:24,76.12,31800,76.02,U
sz002409,雅克科技,2025-10-16 09:35:27,76.15,5000,76.12,E
sz002409,雅克科技,2025-10-16 09:35:30,76.29,13800,76.15,U
sz002409,雅克科技,2025-10-16 09:35:33,76.3,9100,76.29,D
sz002409,雅克科技,2025-10-16 09:35:36,76.33,4700,76.3,D
sz002409,雅克科技,2025-10-16 09:35:39,76.35,6300,76.33,D
sz002409,雅克科技,2025-10-16 09:35:42,76.37,4100,76.35,U
sz002409,雅克科技,2025-10-16 09:35:45,76.41,10900,76.37,U
sz002409,雅克科技,2025-10-16 09:35:48,76.37,11300,76.41,D
sz002409,雅克科技,2025-10-16 09:35:51,76.3,10700,76.37,D
sz002409,雅克科技,2025-10-16 09:35:54,76.3,7100,76.3,U
sz002409,雅克科技,2025-10-16 09:35:57,76.29,15500,76.3,E
sz002409,雅克科技,2025-10-16 09:36:00,76.28,7800,76.29,E
sz002409,雅克科技,2025-10-16 09:36:03,76.34,15400,76.28,U
sz002409,雅克科技,2025-10-16 09:36:06,76.32,7500,76.34,E
sz002409,雅克科技,2025-10-16 09:36:09,76.34,9200,76.32,U
sz002409,雅克科技,2025-10-16 09:36:12,76.22,32200,76.34,D
sz002409,雅克科技,2025-10-16 09:36:15,76.08,19000,76.22,D
sz002409,雅克科技,2025-10-16 09:36:18,76.01,3900,76.08,D
sz002409,雅克科技,2025-10-16 09:36:24,76.14,5800,76.14,U
sz002409,雅克科技,2025-10-16 09:36:27,76.08,9400,76.14,D
sz002409,雅克科技,2025-10-16 09:36:33,76.08,12900,76.08,D
sz002409,雅克科技,2025-10-16 09:36:36,76.14,16200,76.08,U
sz002409,雅克科技,2025-10-16 09:36:39,76.14,3500,76.14,D
sz002409,雅克科技,2025-10-16 09:36:45,76.18,7800,76.14,U
sz002409,雅克科技,2025-10-16 09:36:48,76.26,3500,76.18,U
sz002409,雅克科技,2025-10-16 09:36:54,76.26,3900,76.3,D
sz002409,雅克科技,2025-10-16 09:36:57,76.33,6300,76.26,U
sz002409,雅克科技,2025-10-16 09:37:00,76.34,4900,76.33,U
sz002409,雅克科技,2025-10-16 09:37:06,76.39,3100,76.4,E
sz002409,雅克科技,2025-10-16 09:37:09,76.39,7600,76.39,D
sz002409,雅克科技,2025-10-16 09:37:12,76.38,12500,76.39,D
sz002409,雅克科技,2025-10-16 09:37:15,76.38,8700,76.38,U
sz002409,雅克科技,2025-10-16 09:37:18,76.26,15500,76.38,D
sz002409,雅克科技,2025-10-16 09:37:21,76.3,8500,76.26,U
sz002409,雅克科技,2025-10-16 09:37:24,76.2,36100,76.3,D
sz002409,雅克科技,2025-10-16 09:37:27,76.2,13200,76.2,U
sz002409,雅克科技,2025-10-16 09:37:36,76.1,3000,76.19,D
sz002409,雅克科技,2025-10-16 09:37:42,76.12,10700,76.11,D
sz002409,雅克科技,2025-10-16 09:37:45,76.13,4700,76.12,E
sz002409,雅克科技,2025-10-16 09:37:48,76.13,11200,76.13,U
sz002409,雅克科技,2025-10-16 09:37:51,76.22,8600,76.13,U
sz002409,雅克科技,2025-10-16 09:37:54,76.24,4300,76.22,U
sz002409,雅克科技,2025-10-16 09:37:57,76.31,15000,76.24,U
sz002409,雅克科技,2025-10-16 09:38:00,76.44,5800,76.31,U
sz002409,雅克科技,2025-10-16 09:38:06,76.44,3100,76.38,U
sz002409,雅克科技,2025-10-16 09:38:09,76.37,10400,76.44,D
sz002409,雅克科技,2025-10-16 09:38:12,76.45,3600,76.37,U
sz002409,雅克科技,2025-10-16 09:38:15,76.35,5000,76.45,D
sz002409,雅克科技,2025-10-16 09:38:18,76.41,17500,76.35,U
sz002409,雅克科技,2025-10-16 09:38:21,76.4,4200,76.41,E
sz002409,雅克科技,2025-10-16 09:38:24,76.3,7800,76.4,D
sz002409,雅克科技,2025-10-16 09:38:27,76.4,10700,76.3,U
sz002409,雅克科技,2025-10-16 09:38:30,76.35,7000,76.4,E
sz002409,雅克科技,2025-10-16 09:38:33,76.41,6400,76.35,U
sz002409,雅克科技,2025-10-16 09:38:36,76.4,7100,76.41,E
sz002409,雅克科技,2025-10-16 09:38:39,76.32,7100,76.4,D
sz002409,雅克科技,2025-10-16 09:38:42,76.39,4600,76.32,U
sz002409,雅克科技,2025-10-16 09:38:45,76.41,10100,76.39,U
sz002409,雅克科技,2025-10-16 09:38:54,76.44,15600,76.44,U
sz002409,雅克科技,2025-10-16 09:38:57,76.4,3000,76.44,D
sz002409,雅克科技,2025-10-16 09:39:00,76.4,18900,76.4,D
sz002409,雅克科技,2025-10-16 09:39:03,76.3,19500,76.4,D
sz002409,雅克科技,2025-10-16 09:39:06,76.3,9000,76.3,U
sz002409,雅克科技,2025-10-16 09:39:12,76.39,13800,76.33,U
sz002409,雅克科技,2025-10-16 09:39:15,76.43,43900,76.39,U
sz002409,雅克科技,2025-10-16 09:39:18,76.52,4400,76.43,E
sz002409,雅克科技,2025-10-16 09:39:21,76.54,4200,76.52,U
sz002409,雅克科技,2025-10-16 09:39:27,76.56,8000,76.53,U
sz002409,雅克科技,2025-10-16 09:39:30,76.59,7100,76.56,U
sz002409,雅克科技,2025-10-16 09:39:33,76.59,5500,76.59,U
sz002409,雅克科技,2025-10-16 09:39:36,76.53,20600,76.59,D
sz002409,雅克科技,2025-10-16 09:39:39,76.55,8700,76.53,E
sz002409,雅克科技,2025-10-16 09:39:42,76.47,14900,76.55,E
sz002409,雅克科技,2025-10-16 09:39:45,76.5,5800,76.47,U
sz002409,雅克科技,2025-10-16 09:39:48,76.48,7200,76.5,U
sz002409,雅克科技,2025-10-16 09:39:51,76.47,3300,76.48,U
sz002409,雅克科技,2025-10-16 09:39:57,76.47,4200,76.47,D
sz002409,雅克科技,2025-10-16 09:40:00,76.49,3800,76.47,D
sz002409,雅克科技,2025-10-16 09:40:03,76.5,6500,76.49,U
sz002409,雅克科技,2025-10-16 09:40:06,76.49,17100,76.5,D
sz002409,雅克科技,2025-10-16 09:40:12,76.49,7700,76.49,U
sz002409,雅克科技,2025-10-16 09:40:15,76.49,8900,76.49,U
sz002409,雅克科技,2025-10-16 09:40:18,76.45,8600,76.49,D
sz002409,雅克科技,2025-10-16 09:40:21,76.41,17300,76.45,D
sz002409,雅克科技,2025-10-16 09:40:27,76.34,7200,76.33,E
sz002409,雅克科技,2025-10-16 09:40:30,76.39,17500,76.34,U
sz002409,雅克科技,2025-10-16 09:40:36,76.34,2900,76.34,D
sz002409,雅克科技,2025-10-16 09:40:39,76.52,132358,76.34,U
sz002409,雅克科技,2025-10-16 09:40:42,76.75,67800,76.52,U
sz002409,雅克科技,2025-10-16 09:40:45,76.73,6900,76.75,E
sz002409,雅克科技,2025-10-16 09:40:48,76.74,8300,76.73,U
sz002409,雅克科技,2025-10-16 09:40:51,76.75,4000,76.74,E
sz002409,雅克科技,2025-10-16 09:40:54,76.8,6700,76.75,U
sz002409,雅克科技,2025-10-16 09:40:57,76.9,27300,76.8,U
sz002409,雅克科技,2025-10-16 09:41:00,76.9,2900,76.9,U
sz002409,雅克科技,2025-10-16 09:41:03,76.9,7300,76.9,U
sz002409,雅克科技,2025-10-16 09:41:06,76.9,31000,76.9,E
sz002409,雅克科技,2025-10-16 09:41:09,76.91,27600,76.9,U
sz002409,雅克科技,2025-10-16 09:41:12,76.91,12800,76.91,D
sz002409,雅克科技,2025-10-16 09:41:15,76.93,8100,76.91,U
sz002409,雅克科技,2025-10-16 09:41:18,76.9,30000,76.93,D
sz002409,雅克科技,2025-10-16 09:41:21,76.95,28000,76.9,U
sz002409,雅克科技,2025-10-16 09:41:24,76.94,2700,76.95,U
sz002409,雅克科技,2025-10-16 09:41:27,76.93,14600,76.94,D
sz002409,雅克科技,2025-10-16 09:41:30,76.9,23000,76.93,D
sz002409,雅克科技,2025-10-16 09:41:33,76.95,5300,76.9,U
sz002409,雅克科技,2025-10-16 09:41:36,76.95,5900,76.95,D
sz002409,雅克科技,2025-10-16 09:41:39,76.95,15900,76.95,D
sz002409,雅克科技,2025-10-16 09:41:42,76.99,17800,76.95,U
sz002409,雅克科技,2025-10-16 09:41:45,76.99,18200,76.99,U
sz002409,雅克科技,2025-10-16 09:41:48,77.15,77200,76.99,U
sz002409,雅克科技,2025-10-16 09:41:51,77.18,21900,77.15,U
sz002409,雅克科技,2025-10-16 09:41:54,77.15,8900,77.18,E
sz002409,雅克科技,2025-10-16 09:41:57,77.11,14000,77.15,E
sz002409,雅克科技,2025-10-16 09:42:00,77.11,8800,77.11,U
sz002409,雅克科技,2025-10-16 09:42:03,77.11,24700,77.11,E
sz002409,雅克科技,2025-10-16 09:42:06,77.18,13600,77.11,U
sz002409,雅克科技,2025-10-16 09:42:09,77.18,8400,77.18,U
sz002409,雅克科技,2025-10-16 09:42:12,77.18,19900,77.18,D
sz002409,雅克科技,2025-10-16 09:42:15,77.15,53400,77.18,D
sz002409,雅克科技,2025-10-16 09:42:18,77.03,20200,77.15,D
sz002409,雅克科技,2025-10-16 09:42:21,77.13,27100,77.03,U
sz002409,雅克科技,2025-10-16 09:42:24,77.0,7900,77.13,E
sz002409,雅克科技,2025-10-16 09:42:27,77.13,13600,77.0,U
sz002409,雅克科技,2025-10-16 09:42:30,77.21,17400,77.13,U
sz002409,雅克科技,2025-10-16 09:42:33,77.22,5700,77.21,D
sz002409,雅克科技,2025-10-16 09:42:36,77.27,4300,77.22,E
sz002409,雅克科技,2025-10-16 09:42:39,77.3,4400,77.27,U
sz002409,雅克科技,2025-10-16 09:42:42,77.47,10900,77.3,U
sz002409,雅克科技,2025-10-16 09:42:45,77.53,27000,77.47,U
sz002409,雅克科技,2025-10-16 09:42:48,77.39,19100,77.53,D
sz002409,雅克科技,2025-10-16 09:42:51,77.54,18100,77.39,U
sz002409,雅克科技,2025-10-16 09:42:54,77.56,23200,77.54,U
sz002409,雅克科技,2025-10-16 09:42:57,77.59,6900,77.56,U
sz002409,雅克科技,2025-10-16 09:43:00,77.59,148000,77.59,U
sz002409,雅克科技,2025-10-16 09:43:03,77.66,52300,77.59,U
sz002409,雅克科技,2025-10-16 09:43:06,77.63,22100,77.66,U
sz002409,雅克科技,2025-10-16 09:43:09,77.69,8200,77.63,U
sz002409,雅克科技,2025-10-16 09:43:12,77.7,7700,77.69,U
sz002409,雅克科技,2025-10-16 09:43:15,77.73,9800,77.7,D
sz002409,雅克科技,2025-10-16 09:43:18,77.69,32300,77.73,D
sz002409,雅克科技,2025-10-16 09:43:21,77.54,93300,77.69,D
sz002409,雅克科技,2025-10-16 09:43:24,77.51,23900,77.54,U
sz002409,雅克科技,2025-10-16 09:43:27,77.49,8900,77.51,D
sz002409,雅克科技,2025-10-16 09:43:30,77.35,6000,77.49,D
sz002409,雅克科技,2025-10-16 09:43:33,77.34,35400,77.35,D
sz002409,雅克科技,2025-10-16 09:43:36,77.34,10700,77.34,U
sz002409,雅克科技,2025-10-16 09:43:39,77.33,13900,77.34,E
sz002409,雅克科技,2025-10-16 09:43:42,77.27,20000,77.33,E
sz002409,雅克科技,2025-10-16 09:43:45,77.15,13100,77.27,D
sz002409,雅克科技,2025-10-16 09:43:48,77.12,8300,77.15,D
sz002409,雅克科技,2025-10-16 09:43:51,77.1,6100,77.12,D
sz002409,雅克科技,2025-10-16 09:43:54,77.0,32300,77.1,D
sz002409,雅克科技,2025-10-16 09:43:57,77.0,19700,77.0,D
sz002409,雅克科技,2025-10-16 09:44:00,77.02,13600,77.0,U
sz002409,雅克科技,2025-10-16 09:44:03,77.1,5600,77.02,U
sz002409,雅克科技,2025-10-16 09:44:06,77.04,11600,77.1,E
sz002409,雅克科技,2025-10-16 09:44:09,77.09,37100,77.04,E
sz002409,雅克科技,2025-10-16 09:44:12,77.11,8000,77.09,U
sz002409,雅克科技,2025-10-16 09:44:15,77.1,10400,77.11,D
sz002409,雅克科技,2025-10-16 09:44:18,77.04,38000,77.1,D
sz002409,雅克科技,2025-10-16 09:44:21,77.06,25900,77.04,U
sz002409,雅克科技,2025-10-16 09:44:24,77.0,3600,77.06,E
sz002409,雅克科技,2025-10-16 09:44:27,77.0,3900,77.0,U
sz002409,雅克科技,2025-10-16 09:44:30,76.97,25400,77.0,D
sz002409,雅克科技,2025-10-16 09:44:33,76.94,5300,76.97,U
sz002409,雅克科技,2025-10-16 09:44:36,76.94,13600,76.94,U
sz002409,雅克科技,2025-10-16 09:44:39,76.89,11800,76.94,D
sz002409,雅克科技,2025-10-16 09:44:42,76.89,18700,76.89,U
sz002409,雅克科技,2025-10-16 09:44:45,76.8,3500,76.89,D
sz002409,雅克科技,2025-10-16 09:44:48,76.8,55200,76.8,D
sz002409,雅克科技,2025-10-16 09:44:51,76.89,12600,76.8,U
sz002409,雅克科技,2025-10-16 09:44:54,76.77,9300,76.89,D
sz002409,雅克科技,2025-10-16 09:44:57,76.78,5000,76.77,U
sz002409,雅克科技,2025-10-16 09:45:00,76.77,4000,76.78,D
sz002409,雅克科技,2025-10-16 09:45:03,76.8,6300,76.77,U
sz002409,雅克科技,2025-10-16 09:45:06,76.68,27600,76.8,D
sz002409,雅克科技,2025-10-16 09:45:09,76.65,21100,76.68,D
sz002409,雅克科技,2025-10-16 09:45:12,76.68,3500,76.65,D
sz002409,雅克科技,2025-10-16 09:45:15,76.69,2800,76.68,E
sz002409,雅克科技,2025-10-16 09:45:18,76.76,9100,76.69,U
sz002409,雅克科技,2025-10-16 09:45:24,76.77,20100,76.78,E
sz002409,雅克科技,2025-10-16 09:45:27,76.77,5800,76.77,E
sz002409,雅克科技,2025-10-16 09:45:30,76.76,5700,76.77,E
sz002409,雅克科技,2025-10-16 09:45:33,76.6,82000,76.76,D
sz002409,雅克科技,2025-10-16 09:45:36,76.63,35800,76.6,E
sz002409,雅克科技,2025-10-16 09:45:39,76.62,7200,76.63,E
sz002409,雅克科技,2025-10-16 09:45:42,76.4,56100,76.62,D
sz002409,雅克科技,2025-10-16 09:45:45,76.35,9400,76.4,D
sz002409,雅克科技,2025-10-16 09:45:48,76.38,6100,76.35,E
sz002409,雅克科技,2025-10-16 09:45:54,76.36,6300,76.38,D
sz002409,雅克科技,2025-10-16 09:45:57,76.33,10800,76.36,D
sz002409,雅克科技,2025-10-16 09:46:00,76.39,7700,76.33,U
sz002409,雅克科技,2025-10-16 09:46:03,76.31,4500,76.39,D
sz002409,雅克科技,2025-10-16 09:46:06,76.29,25100,76.31,D
sz002409,雅克科技,2025-10-16 09:46:09,76.34,39500,76.29,U
sz002409,雅克科技,2025-10-16 09:46:12,76.47,9400,76.34,U
sz002409,雅克科技,2025-10-16 09:46:18,76.48,11500,76.47,U
sz002409,雅克科技,2025-10-16 09:46:21,76.47,13900,76.48,E
sz002409,雅克科技,2025-10-16 09:46:24,76.58,6500,76.47,U
sz002409,雅克科技,2025-10-16 09:46:27,76.51,5700,76.58,D
sz002409,雅克科技,2025-10-16 09:46:30,76.56,27100,76.51,U
sz002409,雅克科技,2025-10-16 09:46:33,76.63,3500,76.56,U
sz002409,雅克科技,2025-10-16 09:46:36,76.69,3600,76.63,U
sz002409,雅克科技,2025-10-16 09:46:45,76.68,9200,76.68,D
sz002409,雅克科技,2025-10-16 09:46:48,76.68,5800,76.68,U
sz002409,雅克科技,2025-10-16 09:46:51,76.68,7400,76.68,U
sz002409,雅克科技,2025-10-16 09:46:54,76.63,6300,76.68,D
sz002409,雅克科技,2025-10-16 09:46:57,76.63,19200,76.63,D
sz002409,雅克科技,2025-10-16 09:47:00,76.68,13100,76.63,U
sz002409,雅克科技,2025-10-16 09:47:03,76.71,14500,76.68,U
sz002409,雅克科技,2025-10-16 09:47:06,76.78,11400,76.71,U
sz002409,雅克科技,2025-10-16 09:47:12,76.86,19400,76.79,U
sz002409,雅克科技,2025-10-16 09:47:15,76.99,9200,76.86,U
sz002409,雅克科技,2025-10-16 09:47:18,77.17,28500,76.99,U
sz002409,雅克科技,2025-10-16 09:47:21,77.2,20600,77.17,U
sz002409,雅克科技,2025-10-16 09:47:24,77.31,8300,77.2,U
sz002409,雅克科技,2025-10-16 09:47:27,77.32,10700,77.31,E
sz002409,雅克科技,2025-10-16 09:47:30,77.35,6600,77.32,U
sz002409,雅克科技,2025-10-16 09:47:33,77.39,13400,77.35,U
sz002409,雅克科技,2025-10-16 09:47:36,77.46,5500,77.39,U
sz002409,雅克科技,2025-10-16 09:47:39,77.45,9300,77.46,D
sz002409,雅克科技,2025-10-16 09:47:42,77.45,37600,77.45,E
sz002409,雅克科技,2025-10-16 09:47:45,77.42,15400,77.45,D
sz002409,雅克科技,2025-10-16 09:47:48,77.39,28600,77.42,D
sz002409,雅克科技,2025-10-16 09:47:51,77.25,13300,77.39,E
sz002409,雅克科技,2025-10-16 09:47:54,77.39,8000,77.25,U
sz002409,雅克科技,2025-10-16 09:47:57,77.34,6900,77.39,E
sz002409,雅克科技,2025-10-16 09:48:00,77.17,8400,77.34,D
sz002409,雅克科技,2025-10-16 09:48:03,77.13,7800,77.17,D
sz002409,雅克科技,2025-10-16 09:48:06,77.1,4800,77.13,D
sz002409,雅克科技,2025-10-16 09:48:09,77.1,5100,77.1,D
sz002409,雅克科技,2025-10-16 09:48:12,77.21,11500,77.1,U
sz002409,雅克科技,2025-10-16 09:48:15,77.17,4800,77.21,E
sz002409,雅克科技,2025-10-16 09:48:18,77.34,9200,77.17,U
sz002409,雅克科技,2025-10-16 09:48:21,77.19,6300,77.34,D
sz002409,雅克科技,2025-10-16 09:48:24,77.18,13100,77.19,E
sz002409,雅克科技,2025-10-16 09:48:27,77.23,25000,77.18,U
sz002409,雅克科技,2025-10-16 09:48:30,77.17,7200,77.23,E
sz002409,雅克科技,2025-10-16 09:48:33,77.17,11300,77.17,U
sz002409,雅克科技,2025-10-16 09:48:36,77.19,16200,77.17,U
sz002409,雅克科技,2025-10-16 09:48:39,77.19,12300,77.19,D
sz002409,雅克科技,2025-10-16 09:48:42,77.22,6900,77.19,E
sz002409,雅克科技,2025-10-16 09:48:45,77.19,6500,77.22,D
sz002409,雅克科技,2025-10-16 09:48:48,77.16,39600,77.19,D
sz002409,雅克科技,2025-10-16 09:48:51,77.17,7900,77.16,E
sz002409,雅克科技,2025-10-16 09:48:54,77.14,10200,77.17,E
sz002409,雅克科技,2025-10-16 09:48:57,77.03,5900,77.14,D
sz002409,雅克科技,2025-10-16 09:49:00,77.04,14100,77.03,E
sz002409,雅克科技,2025-10-16 09:49:03,77.0,5100,77.04,E
sz002409,雅克科技,2025-10-16 09:49:06,77.01,3300,77.0,E
sz002409,雅克科技,2025-10-16 09:49:09,77.09,7000,77.01,U
sz002409,雅克科技,2025-10-16 09:49:12,77.08,4400,77.09,D
sz002409,雅克科技,2025-10-16 09:49:15,77.09,4400,77.08,U
sz002409,雅克科技,2025-10-16 09:49:18,77.0,21300,77.09,D
sz002409,雅克科技,2025-10-16 09:49:21,77.0,6300,77.0,D
sz002409,雅克科技,2025-10-16 09:49:24,77.12,4200,77.0,U
sz002409,雅克科技,2025-10-16 09:49:27,77.19,27300,77.12,U
sz002409,雅克科技,2025-10-16 09:49:30,77.18,5500,77.19,E
sz002409,雅克科技,2025-10-16 09:49:33,77.3,26600,77.18,U
sz002409,雅克科技,2025-10-16 09:49:36,77.25,19100,77.3,E
sz002409,雅克科技,2025-10-16 09:49:39,77.25,10700,77.25,U
sz002409,雅克科技,2025-10-16 09:49:42,77.37,5000,77.25,U
sz002409,雅克科技,2025-10-16 09:49:45,77.31,4300,77.37,U
sz002409,雅克科技,2025-10-16 09:49:48,77.31,8000,77.31,D
sz002409,雅克科技,2025-10-16 09:49:51,77.34,13200,77.31,U
sz002409,雅克科技,2025-10-16 09:49:54,77.25,8400,77.34,D
sz002409,雅克科技,2025-10-16 09:49:57,77.12,10500,77.25,D
sz002409,雅克科技,2025-10-16 09:50:00,77.11,5500,77.12,D
sz002409,雅克科技,2025-10-16 09:50:03,77.2,3700,77.11,U
sz002409,雅克科技,2025-10-16 09:50:06,77.18,3900,77.2,D
sz002409,雅克科技,2025-10-16 09:50:09,77.2,5000,77.18,E
sz002409,雅克科技,2025-10-16 09:50:12,77.26,7400,77.2,U
sz002409,雅克科技,2025-10-16 09:50:15,77.39,42200,77.26,U
sz002409,雅克科技,2025-10-16 09:50:18,77.5,7900,77.39,U
sz002409,雅克科技,2025-10-16 09:50:21,77.5,8100,77.5,E
sz002409,雅克科技,2025-10-16 09:50:24,77.46,13100,77.5,E
sz002409,雅克科技,2025-10-16 09:50:27,77.44,10100,77.46,U
sz002409,雅克科技,2025-10-16 09:50:30,77.49,14000,77.44,U
sz002409,雅克科技,2025-10-16 09:50:33,77.51,23500,77.49,U
sz002409,雅克科技,2025-10-16 09:50:36,77.53,7800,77.51,U
sz002409,雅克科技,2025-10-16 09:50:39,77.55,12500,77.53,U
sz002409,雅克科技,2025-10-16 09:50:42,77.44,53000,77.55,D
sz002409,雅克科技,2025-10-16 09:50:45,77.5,12300,77.44,U
sz002409,雅克科技,2025-10-16 09:50:48,77.52,12100,77.5,U
sz002409,雅克科技,2025-10-16 09:50:51,77.59,13600,77.52,U
sz002409,雅克科技,2025-10-16 09:50:54,77.57,11900,77.59,E
sz002409,雅克科技,2025-10-16 09:50:57,77.62,10000,77.57,U
sz002409,雅克科技,2025-10-16 09:51:00,77.6,12100,77.62,D
sz002409,雅克科技,2025-10-16 09:51:03,77.6,17300,77.6,U
sz002409,雅克科技,2025-10-16 09:51:06,77.65,12800,77.6,U
sz002409,雅克科技,2025-10-16 09:51:09,77.66,16700,77.65,U
sz002409,雅克科技,2025-10-16 09:51:12,77.52,34800,77.66,D
sz002409,雅克科技,2025-10-16 09:51:15,77.5,29000,77.52,E
sz002409,雅克科技,2025-10-16 09:51:18,77.48,15700,77.5,E
sz002409,雅克科技,2025-10-16 09:51:21,77.43,13200,77.48,E
sz002409,雅克科技,2025-10-16 09:51:24,77.34,11200,77.43,E
sz002409,雅克科技,2025-10-16 09:51:27,77.41,17300,77.34,U
sz002409,雅克科技,2025-10-16 09:51:30,77.37,4900,77.41,E
sz002409,雅克科技,2025-10-16 09:51:33,77.26,16700,77.37,E
sz002409,雅克科技,2025-10-16 09:51:36,77.26,7000,77.26,D
sz002409,雅克科技,2025-10-16 09:51:39,77.34,9000,77.26,E
sz002409,雅克科技,2025-10-16 09:51:42,77.38,4000,77.34,U
sz002409,雅克科技,2025-10-16 09:51:45,77.38,5700,77.38,U
sz002409,雅克科技,2025-10-16 09:51:48,77.28,3900,77.38,D
sz002409,雅克科技,2025-10-16 09:51:51,77.35,3900,77.28,E
sz002409,雅克科技,2025-10-16 09:51:54,77.38,4500,77.35,U
sz002409,雅克科技,2025-10-16 09:51:57,77.38,8400,77.38,D
sz002409,雅克科技,2025-10-16 09:52:00,77.41,4800,77.38,U
sz002409,雅克科技,2025-10-16 09:52:03,77.4,7800,77.41,D
sz002409,雅克科技,2025-10-16 09:52:06,77.37,4300,77.4,D
sz002409,雅克科技,2025-10-16 09:52:09,77.4,5400,77.37,U
sz002409,雅克科技,2025-10-16 09:52:12,77.36,6000,77.4,D
sz002409,雅克科技,2025-10-16 09:52:15,77.44,20800,77.36,U
sz002409,雅克科技,2025-10-16 09:52:18,77.47,20900,77.44,U
sz002409,雅克科技,2025-10-16 09:52:21,77.6,58700,77.47,U
sz002409,雅克科技,2025-10-16 09:52:24,77.73,35500,77.6,U
sz002409,雅克科技,2025-10-16 09:52:27,77.7,17000,77.73,D
sz002409,雅克科技,2025-10-16 09:52:30,77.76,18000,77.7,D
sz002409,雅克科技,2025-10-16 09:52:33,77.7,22400,77.76,D
sz002409,雅克科技,2025-10-16 09:52:36,77.76,50400,77.7,U
sz002409,雅克科技,2025-10-16 09:52:39,77.76,18500,77.76,U
sz002409,雅克科技,2025-10-16 09:52:42,77.76,3200,77.76,E
sz002409,雅克科技,2025-10-16 09:52:45,77.76,16800,77.76,U
sz002409,雅克科技,2025-10-16 09:52:48,77.88,10300,77.76,U
sz002409,雅克科技,2025-10-16 09:52:51,77.88,8900,77.88,U
sz002409,雅克科技,2025-10-16 09:52:54,77.88,26600,77.88,U
sz002409,雅克科技,2025-10-16 09:52:57,77.87,27500,77.88,E
sz002409,雅克科技,2025-10-16 09:53:00,77.91,15800,77.87,U
sz002409,雅克科技,2025-10-16 09:53:03,77.98,10100,77.91,U
sz002409,雅克科技,2025-10-16 09:53:06,77.98,27500,77.98,U
sz002409,雅克科技,2025-10-16 09:53:09,78.18,124078,77.98,U
sz002409,雅克科技,2025-10-16 09:53:12,78.12,24200,78.18,D
sz002409,雅克科技,2025-10-16 09:53:15,78.2,69100,78.12,U
sz002409,雅克科技,2025-10-16 09:53:18,78.3,42900,78.2,U
sz002409,雅克科技,2025-10-16 09:53:21,78.2,33800,78.3,D
sz002409,雅克科技,2025-10-16 09:53:24,78.24,30000,78.2,U
sz002409,雅克科技,2025-10-16 09:53:27,78.28,58500,78.24,U
sz002409,雅克科技,2025-10-16 09:53:30,78.3,17700,78.28,U
sz002409,雅克科技,2025-10-16 09:53:33,78.3,31200,78.3,D
sz002409,雅克科技,2025-10-16 09:53:36,78.3,13500,78.3,E
sz002409,雅克科技,2025-10-16 09:53:39,78.31,39000,78.3,E
sz002409,雅克科技,2025-10-16 09:53:42,78.31,37400,78.31,U
sz002409,雅克科技,2025-10-16 09:53:45,78.18,17100,78.31,E
sz002409,雅克科技,2025-10-16 09:53:48,78.11,32800,78.18,D
sz002409,雅克科技,2025-10-16 09:53:51,78.12,26300,78.11,D
sz002409,雅克科技,2025-10-16 09:53:54,78.26,16100,78.12,U
sz002409,雅克科技,2025-10-16 09:53:57,78.24,8800,78.26,E
sz002409,雅克科技,2025-10-16 09:54:00,78.17,14000,78.24,D
sz002409,雅克科技,2025-10-16 09:54:03,78.26,8600,78.17,U
sz002409,雅克科技,2025-10-16 09:54:06,78.19,12100,78.26,D
sz002409,雅克科技,2025-10-16 09:54:09,78.26,23000,78.19,U
sz002409,雅克科技,2025-10-16 09:54:12,78.2,13700,78.26,E
sz002409,雅克科技,2025-10-16 09:54:15,78.17,25400,78.2,E
sz002409,雅克科技,2025-10-16 09:54:18,78.09,5900,78.17,D
sz002409,雅克科技,2025-10-16 09:54:21,78.01,23500,78.09,D
sz002409,雅克科技,2025-10-16 09:54:24,77.96,51900,78.01,E
sz002409,雅克科技,2025-10-16 09:54:27,77.81,8700,77.96,D
sz002409,雅克科技,2025-10-16 09:54:30,77.99,5000,77.81,U
sz002409,雅克科技,2025-10-16 09:54:33,77.83,4400,77.99,E
sz002409,雅克科技,2025-10-16 09:54:36,77.8,10100,77.83,D
sz002409,雅克科技,2025-10-16 09:54:39,77.82,4100,77.8,E
sz002409,雅克科技,2025-10-16 09:54:42,77.8,5300,77.82,D
sz002409,雅克科技,2025-10-16 09:54:45,77.9,11100,77.8,U
sz002409,雅克科技,2025-10-16 09:54:48,77.9,16900,77.9,D
sz002409,雅克科技,2025-10-16 09:54:51,78.0,7200,77.9,U
sz002409,雅克科技,2025-10-16 09:54:54,78.03,13800,78.0,U
sz002409,雅克科技,2025-10-16 09:54:57,77.99,4400,78.03,D
sz002409,雅克科技,2025-10-16 09:55:00,77.97,19900,77.99,E
sz002409,雅克科技,2025-10-16 09:55:03,77.97,3200,77.97,D
sz002409,雅克科技,2025-10-16 09:55:06,77.95,15100,77.97,E
sz002409,雅克科技,2025-10-16 09:55:09,78.0,12000,77.95,U
sz002409,雅克科技,2025-10-16 09:55:15,78.01,5700,77.98,U
sz002409,雅克科技,2025-10-16 09:55:18,77.99,8600,78.01,E
sz002409,雅克科技,2025-10-16 09:55:21,77.98,8900,77.99,D
sz002409,雅克科技,2025-10-16 09:55:24,77.99,11700,77.98,U
sz002409,雅克科技,2025-10-16 09:55:27,77.91,5600,77.99,D
sz002409,雅克科技,2025-10-16 09:55:30,77.9,5700,77.91,D
sz002409,雅克科技,2025-10-16 09:55:33,77.87,4600,77.9,E
sz002409,雅克科技,2025-10-16 09:55:36,77.83,14200,77.87,E
sz002409,雅克科技,2025-10-16 09:55:39,77.77,11700,77.83,D
sz002409,雅克科技,2025-10-16 09:55:48,77.68,36400,77.72,D
sz002409,雅克科技,2025-10-16 09:55:51,77.6,32100,77.68,D
sz002409,雅克科技,2025-10-16 09:55:54,77.68,6900,77.6,E
sz002409,雅克科技,2025-10-16 09:55:57,77.68,2900,77.68,D
sz002409,雅克科技,2025-10-16 09:56:03,77.77,3200,77.74,U
sz002409,雅克科技,2025-10-16 09:56:06,77.82,4000,77.77,U
sz002409,雅克科技,2025-10-16 09:56:12,77.82,15500,77.82,U
sz002409,雅克科技,2025-10-16 09:56:15,77.74,4700,77.82,D
sz002409,雅克科技,2025-10-16 09:56:18,77.52,28200,77.74,D
sz002409,雅克科技,2025-10-16 09:56:21,77.64,8500,77.52,U
sz002409,雅克科技,2025-10-16 09:56:24,77.67,4000,77.64,U
sz002409,雅克科技,2025-10-16 09:56:30,77.71,3700,77.65,U
sz002409,雅克科技,2025-10-16 09:56:36,77.7,4700,77.7,D
sz002409,雅克科技,2025-10-16 09:56:39,77.71,6900,77.7,D
sz002409,雅克科技,2025-10-16 09:56:42,77.71,3400,77.71,D
sz002409,雅克科技,2025-10-16 09:56:45,77.71,7700,77.71,U
sz002409,雅克科技,2025-10-16 09:56:48,77.7,4400,77.71,D
sz002409,雅克科技,2025-10-16 09:56:54,77.83,11700,77.74,U
sz002409,雅克科技,2025-10-16 09:56:57,77.79,3200,77.83,D
sz002409,雅克科技,2025-10-16 09:57:00,77.89,3600,77.79,U
sz002409,雅克科技,2025-10-16 09:57:03,77.79,3800,77.89,D
sz002409,雅克科技,2025-10-16 09:57:06,77.91,6300,77.79,U
sz002409,雅克科技,2025-10-16 09:57:09,78.1,29200,77.91,U
sz002409,雅克科技,2025-10-16 09:57:12,78.1,13000,78.1,U
sz002409,雅克科技,2025-10-16 09:57:15,78.22,4000,78.1,U
sz002409,雅克科技,2025-10-16 09:57:18,78.1,4500,78.22,D
sz002409,雅克科技,2025-10-16 09:57:21,78.15,10300,78.1,E
sz002409,雅克科技,2025-10-16 09:57:24,78.15,17600,78.15,E
sz002409,雅克科技,2025-10-16 09:57:27,78.16,6400,78.15,U
sz002409,雅克科技,2025-10-16 09:57:30,78.15,7400,78.16,E
sz002409,雅克科技,2025-10-16 09:57:36,78.15,9400,78.03,U
sz002409,雅克科技,2025-10-16 09:57:39,78.03,2600,78.15,D
sz002409,雅克科技,2025-10-16 09:57:42,78.05,13400,78.03,E
sz002409,雅克科技,2025-10-16 09:57:45,78.04,14800,78.05,E
sz002409,雅克科技,2025-10-16 09:57:48,77.96,2700,78.04,D
sz002409,雅克科技,2025-10-16 09:57:51,78.04,34800,77.96,U
sz002409,雅克科技,2025-10-16 09:57:54,77.96,22300,78.04,D
sz002409,雅克科技,2025-10-16 09:57:57,77.96,6400,77.96,E
sz002409,雅克科技,2025-10-16 09:58:00,77.97,11400,77.96,U
sz002409,雅克科技,2025-10-16 09:58:03,77.87,6300,77.97,E
sz002409,雅克科技,2025-10-16 09:58:06,77.93,16100,77.87,D
sz002409,雅克科技,2025-10-16 09:58:12,78.03,3900,77.98,E
sz002409,雅克科技,2025-10-16 09:58:15,78.02,2700,78.03,U
sz002409,雅克科技,2025-10-16 09:58:18,78.01,5100,78.02,E
sz002409,雅克科技,2025-10-16 09:58:21,77.94,3200,78.01,D
sz002409,雅克科技,2025-10-16 09:58:27,77.93,5500,77.94,D
sz002409,雅克科技,2025-10-16 09:58:30,77.92,3100,77.93,E
sz002409,雅克科技,2025-10-16 09:58:33,77.85,5600,77.92,D
sz002409,雅克科技,2025-10-16 09:58:36,77.85,11600,77.85,U
sz002409,雅克科技,2025-10-16 09:58:39,77.87,4400,77.85,E
sz002409,雅克科技,2025-10-16 09:58:42,77.88,5100,77.87,U
sz002409,雅克科技,2025-10-16 09:58:45,77.88,5300,77.88,U
sz002409,雅克科技,2025-10-16 09:58:48,77.82,12100,77.88,D
sz002409,雅克科技,2025-10-16 09:58:51,77.8,4300,77.82,E
sz002409,雅克科技,2025-10-16 09:58:57,77.74,18000,77.79,D
sz002409,雅克科技,2025-10-16 09:59:00,77.69,29800,77.74,D
sz002409,雅克科技,2025-10-16 09:59:03,77.6,8800,77.69,D
sz002409,雅克科技,2025-10-16 09:59:06,77.62,42300,77.6,E
sz002409,雅克科技,2025-10-16 09:59:09,77.54,3300,77.62,D
sz002409,雅克科技,2025-10-16 09:59:12,77.53,7500,77.54,D
sz002409,雅克科技,2025-10-16 09:59:15,77.47,25500,77.53,D
sz002409,雅克科技,2025-10-16 09:59:18,77.42,3000,77.47,D
sz002409,雅克科技,2025-10-16 09:59:21,77.36,3400,77.42,D
sz002409,雅克科技,2025-10-16 09:59:24,77.3,4300,77.36,D
sz002409,雅克科技,2025-10-16 09:59:27,77.3,2700,77.3,D
sz002409,雅克科技,2025-10-16 09:59:30,77.29,7800,77.3,D
sz002409,雅克科技,2025-10-16 09:59:33,77.3,42800,77.29,U
sz002409,雅克科技,2025-10-16 09:59:36,77.3,3700,77.3,U
sz002409,雅克科技,2025-10-16 09:59:51,77.39,6300,77.35,U
sz002409,雅克科技,2025-10-16 09:59:57,77.39,2600,77.37,D
sz002409,雅克科技,2025-10-16 10:00:03,77.39,15600,77.39,E
sz002409,雅克科技,2025-10-16 10:00:12,77.4,4100,77.43,D
sz002409,雅克科技,2025-10-16 10:00:15,77.45,3400,77.4,U
sz002409,雅克科技,2025-10-16 10:00:21,77.42,5400,77.44,D
sz002409,雅克科技,2025-10-16 10:00:24,77.39,4000,77.42,D
sz002409,雅克科技,2025-10-16 10:00:27,77.36,23400,77.39,D
sz002409,雅克科技,2025-10-16 10:00:30,77.31,6300,77.36,D
sz002409,雅克科技,2025-10-16 10:00:33,77.3,7500,77.31,D
sz002409,雅克科技,2025-10-16 10:00:36,77.28,17700,77.3,D
sz002409,雅克科技,2025-10-16 10:00:39,77.26,4000,77.28,D
sz002409,雅克科技,2025-10-16 10:00:42,77.26,8600,77.26,D
sz002409,雅克科技,2025-10-16 10:00:45,77.23,3300,77.26,D
sz002409,雅克科技,2025-10-16 10:00:48,77.29,13400,77.23,U
sz002409,雅克科技,2025-10-16 10:00:51,77.3,2800,77.29,E
sz002409,雅克科技,2025-10-16 10:00:57,77.29,5200,77.32,D
sz002409,雅克科技,2025-10-16 10:01:00,77.32,6900,77.29,U
sz002409,雅克科技,2025-10-16 10:01:03,77.32,12200,77.32,U
sz002409,雅克科技,2025-10-16 10:01:06,77.28,5300,77.32,D
sz002409,雅克科技,2025-10-16 10:01:09,77.29,4000,77.28,U
sz002409,雅克科技,2025-10-16 10:01:15,77.29,6500,77.27,U
sz002409,雅克科技,2025-10-16 10:01:27,77.32,18000,77.32,U
sz002409,雅克科技,2025-10-16 10:01:33,77.3,4300,77.3,E
sz002409,雅克科技,2025-10-16 10:01:36,77.3,5400,77.3,E
sz002409,雅克科技,2025-10-16 10:01:39,77.28,4000,77.3,D
sz002409,雅克科技,2025-10-16 10:01:42,77.3,29800,77.28,U
sz002409,雅克科技,2025-10-16 10:01:48,77.3,5700,77.3,U
sz002409,雅克科技,2025-10-16 10:01:54,77.26,2900,77.29,U
sz002409,雅克科技,2025-10-16 10:01:57,77.25,6300,77.26,D
sz002409,雅克科技,2025-10-16 10:02:00,77.25,4500,77.25,U
sz002409,雅克科技,2025-10-16 10:02:03,77.21,6900,77.25,D
sz002409,雅克科技,2025-10-16 10:02:09,77.2,4900,77.2,D
sz002409,雅克科技,2025-10-16 10:02:12,77.21,4200,77.2,U
sz002409,雅克科技,2025-10-16 10:02:15,77.21,3000,77.21,D
sz002409,雅克科技,2025-10-16 10:02:21,77.18,10700,77.21,D
sz002409,雅克科技,2025-10-16 10:02:27,77.13,8000,77.15,D
sz002409,雅克科技,2025-10-16 10:02:33,77.12,3200,77.15,D
sz002409,雅克科技,2025-10-16 10:02:36,77.13,4100,77.12,U
sz002409,雅克科技,2025-10-16 10:02:39,77.13,6300,77.13,D
sz002409,雅克科技,2025-10-16 10:02:42,77.1,15000,77.13,D
sz002409,雅克科技,2025-10-16 10:02:45,77.1,7000,77.1,U
sz002409,雅克科技,2025-10-16 10:02:57,77.0,31900,77.1,D
sz002409,雅克科技,2025-10-16 10:03:00,76.93,3000,77.0,D
sz002409,雅克科技,2025-10-16 10:03:06,76.8,3300,76.89,D
sz002409,雅克科技,2025-10-16 10:03:09,76.78,6100,76.8,D
sz002409,雅克科技,2025-10-16 10:03:12,76.8,10700,76.78,U
sz002409,雅克科技,2025-10-16 10:03:15,76.8,7800,76.8,U
sz002409,雅克科技,2025-10-16 10:03:18,76.93,8400,76.8,U
sz002409,雅克科技,2025-10-16 10:03:21,76.99,3010,76.93,U
sz002409,雅克科技,2025-10-16 10:03:33,76.97,6200,76.98,D
sz002409,雅克科技,2025-10-16 10:03:45,76.85,3400,76.88,D
sz002409,雅克科技,2025-10-16 10:03:54,76.88,10700,76.88,U
sz002409,雅克科技,2025-10-16 10:03:57,76.87,8500,76.88,E
sz002409,雅克科技,2025-10-16 10:04:00,76.92,9800,76.87,U
sz002409,雅克科技,2025-10-16 10:04:03,76.92,15000,76.92,D
sz002409,雅克科技,2025-10-16 10:04:15,77.04,3900,77.08,D
sz002409,雅克科技,2025-10-16 10:04:33,77.06,4000,77.08,D
sz002409,雅克科技,2025-10-16 10:04:36,77.09,13300,77.06,U
sz002409,雅克科技,2025-10-16 10:04:42,77.06,3000,77.06,D
sz002409,雅克科技,2025-10-16 10:04:45,77.04,3200,77.06,D
sz002409,雅克科技,2025-10-16 10:04:51,77.08,3200,77.08,D
sz002409,雅克科技,2025-10-16 10:04:54,77.05,9300,77.08,D
sz002409,雅克科技,2025-10-16 10:04:57,77.03,3400,77.05,D
sz002409,雅克科技,2025-10-16 10:05:09,77.07,8200,77.07,D
sz002409,雅克科技,2025-10-16 10:05:12,77.14,10800,77.07,U
sz002409,雅克科技,2025-10-16 10:05:18,77.25,10700,77.25,U
sz002409,雅克科技,2025-10-16 10:05:21,77.26,3400,77.25,U
sz002409,雅克科技,2025-10-16 10:05:24,77.25,4400,77.26,D
sz002409,雅克科技,2025-10-16 10:05:27,77.26,9500,77.25,E
sz002409,雅克科技,2025-10-16 10:05:30,77.23,5500,77.26,E
sz002409,雅克科技,2025-10-16 10:05:33,77.24,5100,77.23,U
sz002409,雅克科技,2025-10-16 10:05:36,77.2,8400,77.24,E
sz002409,雅克科技,2025-10-16 10:05:39,77.25,24800,77.2,U
sz002409,雅克科技,2025-10-16 10:05:45,77.24,15800,77.16,U
sz002409,雅克科技,2025-10-16 10:05:48,77.28,14000,77.24,U
sz002409,雅克科技,2025-10-16 10:05:54,77.2,2800,77.24,D
sz002409,雅克科技,2025-10-16 10:05:57,77.13,4800,77.2,D
sz002409,雅克科技,2025-10-16 10:06:03,77.13,8100,77.24,D
sz002409,雅克科技,2025-10-16 10:06:12,77.24,24800,77.23,U
sz002409,雅克科技,2025-10-16 10:06:15,77.24,26300,77.24,U
sz002409,雅克科技,2025-10-16 10:06:24,77.11,7800,77.13,D
sz002409,雅克科技,2025-10-16 10:06:27,77.09,3500,77.11,D
sz002409,雅克科技,2025-10-16 10:06:30,77.05,3700,77.09,D
sz002409,雅克科技,2025-10-16 10:06:33,77.05,8200,77.05,D
sz002409,雅克科技,2025-10-16 10:06:45,77.08,3400,77.06,E
sz002409,雅克科技,2025-10-16 10:06:48,77.04,11500,77.08,D
sz002409,雅克科技,2025-10-16 10:06:51,77.08,3800,77.04,E
sz002409,雅克科技,2025-10-16 10:06:54,77.05,21500,77.08,E
sz002409,雅克科技,2025-10-16 10:06:57,77.03,3300,77.05,D
sz002409,雅克科技,2025-10-16 10:07:00,77.03,2700,77.03,D
sz002409,雅克科技,2025-10-16 10:07:03,77.07,3200,77.03,U
sz002409,雅克科技,2025-10-16 10:07:12,77.07,5100,77.02,U
sz002409,雅克科技,2025-10-16 10:07:15,77.06,4900,77.07,D
sz002409,雅克科技,2025-10-16 10:07:24,77.06,6300,77.07,D
sz002409,雅克科技,2025-10-16 10:07:39,77.02,5100,77.03,D
sz002409,雅克科技,2025-10-16 10:07:45,77.04,10600,77.05,E
sz002409,雅克科技,2025-10-16 10:07:57,77.04,3400,77.06,D
sz002409,雅克科技,2025-10-16 10:08:00,77.03,11500,77.04,E
sz002409,雅克科技,2025-10-16 10:08:03,77.0,3300,77.03,D
sz002409,雅克科技,2025-10-16 10:08:06,77.01,2600,77.0,U
sz002409,雅克科技,2025-10-16 10:08:09,77.15,33300,77.01,U
sz002409,雅克科技,2025-10-16 10:08:27,77.17,6100,77.22,U
sz002409,雅克科技,2025-10-16 10:08:30,77.22,14500,77.17,E
sz002409,雅克科技,2025-10-16 10:08:33,77.22,5500,77.22,U
sz002409,雅克科技,2025-10-16 10:08:36,77.17,4300,77.22,D
sz002409,雅克科技,2025-10-16 10:08:39,77.28,11800,77.17,U
sz002409,雅克科技,2025-10-16 10:08:45,77.31,2800,77.3,U
sz002409,雅克科技,2025-10-16 10:08:51,77.25,6500,77.28,D
sz002409,雅克科技,2025-10-16 10:08:54,77.25,10300,77.25,D
sz002409,雅克科技,2025-10-16 10:09:06,77.26,3800,77.22,U
sz002409,雅克科技,2025-10-16 10:09:09,77.25,7500,77.26,E
sz002409,雅克科技,2025-10-16 10:09:21,77.26,21200,77.26,U
sz002409,雅克科技,2025-10-16 10:09:24,77.29,5600,77.26,U
sz002409,雅克科技,2025-10-16 10:09:27,77.3,3700,77.29,U
sz002409,雅克科技,2025-10-16 10:09:36,77.32,4600,77.3,U
sz002409,雅克科技,2025-10-16 10:09:45,77.32,3800,77.33,D
sz002409,雅克科技,2025-10-16 10:09:51,77.29,12300,77.32,D
sz002409,雅克科技,2025-10-16 10:09:57,77.28,2900,77.29,U
sz002409,雅克科技,2025-10-16 10:10:00,77.24,9600,77.28,D
sz002409,雅克科技,2025-10-16 10:10:03,77.21,15100,77.24,D
sz002409,雅克科技,2025-10-16 10:10:06,77.18,5800,77.21,D
sz002409,雅克科技,2025-10-16 10:10:09,77.18,7300,77.18,U
sz002409,雅克科技,2025-10-16 10:10:12,77.18,3800,77.18,U
sz002409,雅克科技,2025-10-16 10:10:15,77.19,3000,77.18,U
sz002409,雅克科技,2025-10-16 10:10:18,77.22,9200,77.19,U
sz002409,雅克科技,2025-10-16 10:10:27,77.41,11500,77.32,U
sz002409,雅克科技,2025-10-16 10:10:30,77.43,3200,77.41,E
sz002409,雅克科技,2025-10-16 10:10:33,77.32,3200,77.43,D
sz002409,雅克科技,2025-10-16 10:10:39,77.4,22700,77.4,U
sz002409,雅克科技,2025-10-16 10:10:42,77.4,11100,77.4,U
sz002409,雅克科技,2025-10-16 10:10:45,77.33,4400,77.4,E
sz002409,雅克科技,2025-10-16 10:10:54,77.19,6900,77.19,D
sz002409,雅克科技,2025-10-16 10:11:00,77.18,3900,77.19,E
sz002409,雅克科技,2025-10-16 10:11:03,77.22,5600,77.18,U
sz002409,雅克科技,2025-10-16 10:11:15,77.22,3700,77.19,U
sz002409,雅克科技,2025-10-16 10:11:21,77.3,9000,77.21,U
sz002409,雅克科技,2025-10-16 10:11:30,77.35,3200,77.27,U
sz002409,雅克科技,2025-10-16 10:11:33,77.33,3600,77.35,E
sz002409,雅克科技,2025-10-16 10:11:36,77.41,2900,77.33,U
sz002409,雅克科技,2025-10-16 10:11:39,77.39,5800,77.41,D
sz002409,雅克科技,2025-10-16 10:11:42,77.42,3400,77.39,U
sz002409,雅克科技,2025-10-16 10:11:51,77.4,11700,77.45,E
sz002409,雅克科技,2025-10-16 10:11:54,77.43,4000,77.4,U
sz002409,雅克科技,2025-10-16 10:12:00,77.43,5800,77.43,U
sz002409,雅克科技,2025-10-16 10:12:03,77.36,3500,77.43,E
sz002409,雅克科技,2025-10-16 10:12:12,77.33,3100,77.33,U
sz002409,雅克科技,2025-10-16 10:12:15,77.35,5800,77.33,U
sz002409,雅克科技,2025-10-16 10:12:21,77.33,2600,77.33,D
sz002409,雅克科技,2025-10-16 10:12:24,77.33,3200,77.33,U
sz002409,雅克科技,2025-10-16 10:12:27,77.3,3600,77.33,D
sz002409,雅克科技,2025-10-16 10:12:30,77.35,11800,77.3,U
sz002409,雅克科技,2025-10-16 10:12:39,77.26,3600,77.26,E
sz002409,雅克科技,2025-10-16 10:12:51,77.19,3000,77.2,D
sz002409,雅克科技,2025-10-16 10:12:57,77.16,3300,77.19,D
sz002409,雅克科技,2025-10-16 10:13:00,77.1,11500,77.16,D
sz002409,雅克科技,2025-10-16 10:13:03,77.15,4600,77.1,U
sz002409,雅克科技,2025-10-16 10:13:09,77.07,3700,77.05,U
sz002409,雅克科技,2025-10-16 10:13:12,77.08,3700,77.07,D
sz002409,雅克科技,2025-10-16 10:13:18,77.13,3700,77.12,E
sz002409,雅克科技,2025-10-16 10:13:24,77.2,9000,77.14,U
sz002409,雅克科技,2025-10-16 10:14:03,77.13,5200,77.11,U
sz002409,雅克科技,2025-10-16 10:14:18,77.12,4100,77.13,D
sz002409,雅克科技,2025-10-16 10:14:21,77.08,5500,77.12,D
sz002409,雅克科技,2025-10-16 10:14:24,77.01,6300,77.08,D
sz002409,雅克科技,2025-10-16 10:14:30,77.01,3100,77.0,E
sz002409,雅克科技,2025-10-16 10:14:33,77.0,5100,77.01,D
sz002409,雅克科技,2025-10-16 10:14:42,76.89,3700,76.99,D
sz002409,雅克科技,2025-10-16 10:14:45,76.82,9800,76.89,D
sz002409,雅克科技,2025-10-16 10:14:51,76.8,12900,76.88,D
sz002409,雅克科技,2025-10-16 10:14:57,76.8,17900,76.8,D
sz002409,雅克科技,2025-10-16 10:15:03,76.88,3000,76.88,U
sz002409,雅克科技,2025-10-16 10:15:06,76.88,2900,76.88,E
sz002409,雅克科技,2025-10-16 10:15:09,76.81,3300,76.88,D
sz002409,雅克科技,2025-10-16 10:15:12,76.81,4400,76.81,D
sz002409,雅克科技,2025-10-16 10:15:24,76.92,3300,76.88,U
sz002409,雅克科技,2025-10-16 10:15:33,76.94,4900,76.85,U
sz002409,雅克科技,2025-10-16 10:15:36,77.04,9200,76.94,U
sz002409,雅克科技,2025-10-16 10:16:03,77.05,2900,77.03,U
sz002409,雅克科技,2025-10-16 10:16:09,77.06,11000,77.03,U
sz002409,雅克科技,2025-10-16 10:16:21,77.26,5200,77.07,U
sz002409,雅克科技,2025-10-16 10:16:45,77.22,10100,77.22,D
sz002409,雅克科技,2025-10-16 10:16:48,77.21,3400,77.22,D
sz002409,雅克科技,2025-10-16 10:17:06,77.24,5000,77.21,U
sz002409,雅克科技,2025-10-16 10:17:30,77.28,14700,77.25,U
sz002409,雅克科技,2025-10-16 10:17:39,77.37,5500,77.29,U
sz002409,雅克科技,2025-10-16 10:17:54,77.4,3400,77.4,E
sz002409,雅克科技,2025-10-16 10:18:03,77.42,5000,77.42,D
sz002409,雅克科技,2025-10-16 10:18:15,77.31,11100,77.31,D
sz002409,雅克科技,2025-10-16 10:18:39,77.25,4300,77.23,U
sz002409,雅克科技,2025-10-16 10:18:42,77.17,6000,77.25,D
sz002409,雅克科技,2025-10-16 10:18:45,77.17,4000,77.17,U
sz002409,雅克科技,2025-10-16 10:18:48,77.21,15800,77.17,U
sz002409,雅克科技,2025-10-16 10:18:57,77.13,8000,77.25,D
sz002409,雅克科技,2025-10-16 10:19:09,77.19,3700,77.18,U
sz002409,雅克科技,2025-10-16 10:19:12,77.19,4600,77.19,D
sz002409,雅克科技,2025-10-16 10:19:18,77.16,5900,77.19,D
sz002409,雅克科技,2025-10-16 10:19:21,77.18,7000,77.16,E
sz002409,雅克科技,2025-10-16 10:19:45,77.0,11500,77.01,D
sz002409,雅克科技,2025-10-16 10:20:03,76.97,12500,76.94,U
sz002409,雅克科技,2025-10-16 10:20:18,77.04,6500,77.05,E
sz002409,雅克科技,2025-10-16 10:20:36,77.15,8500,77.13,U
sz002409,雅克科技,2025-10-16 10:20:48,77.16,12000,77.19,E
sz002409,雅克科技,2025-10-16 10:21:06,77.11,3500,77.1,U
sz002409,雅克科技,2025-10-16 10:21:09,77.17,10900,77.11,U
sz002409,雅克科技,2025-10-16 10:21:12,77.21,3500,77.17,U
sz002409,雅克科技,2025-10-16 10:21:21,77.25,8000,77.24,U
sz002409,雅克科技,2025-10-16 10:21:33,77.25,7000,77.25,U
sz002409,雅克科技,2025-10-16 10:21:39,77.25,5200,77.24,U
sz002409,雅克科技,2025-10-16 10:21:42,77.32,12500,77.25,U
sz002409,雅克科技,2025-10-16 10:21:45,77.48,14500,77.32,U
sz002409,雅克科技,2025-10-16 10:21:51,77.49,5300,77.44,E
sz002409,雅克科技,2025-10-16 10:21:54,77.5,8800,77.49,U
sz002409,雅克科技,2025-10-16 10:21:57,77.73,65000,77.5,U
sz002409,雅克科技,2025-10-16 10:22:00,77.67,2900,77.73,D
sz002409,雅克科技,2025-10-16 10:22:03,77.67,3800,77.67,D
sz002409,雅克科技,2025-10-16 10:22:06,77.65,7000,77.67,E
sz002409,雅克科技,2025-10-16 10:22:09,77.54,5800,77.65,E
sz002409,雅克科技,2025-10-16 10:22:12,77.67,11400,77.54,U
sz002409,雅克科技,2025-10-16 10:22:15,77.64,5300,77.67,U
sz002409,雅克科技,2025-10-16 10:22:30,77.59,4100,77.54,U
sz002409,雅克科技,2025-10-16 10:22:39,77.56,8000,77.56,D
sz002409,雅克科技,2025-10-16 10:22:48,77.51,5600,77.56,D
sz002409,雅克科技,2025-10-16 10:22:51,77.49,5600,77.51,D
sz002409,雅克科技,2025-10-16 10:22:54,77.46,4600,77.49,D
sz002409,雅克科技,2025-10-16 10:23:00,77.42,5700,77.46,D
sz002409,雅克科技,2025-10-16 10:23:09,77.4,2800,77.39,E
sz002409,雅克科技,2025-10-16 10:23:12,77.46,3400,77.4,U
sz002409,雅克科技,2025-10-16 10:23:18,77.52,2900,77.47,U
sz002409,雅克科技,2025-10-16 10:23:21,77.64,9400,77.52,U
sz002409,雅克科技,2025-10-16 10:23:24,77.63,2900,77.64,E
sz002409,雅克科技,2025-10-16 10:23:33,77.58,6500,77.61,E
sz002409,雅克科技,2025-10-16 10:23:36,77.48,14500,77.58,D
sz002409,雅克科技,2025-10-16 10:23:45,77.56,5100,77.46,U
sz002409,雅克科技,2025-10-16 10:23:48,77.5,24700,77.56,D
sz002409,雅克科技,2025-10-16 10:23:51,77.5,3700,77.5,E
sz002409,雅克科技,2025-10-16 10:23:54,77.5,18300,77.5,E
sz002409,雅克科技,2025-10-16 10:24:00,77.51,2600,77.52,E
sz002409,雅克科技,2025-10-16 10:24:18,77.48,2900,77.48,D
sz002409,雅克科技,2025-10-16 10:24:21,77.51,7900,77.48,U
sz002409,雅克科技,2025-10-16 10:24:24,77.47,3800,77.51,D
sz002409,雅克科技,2025-10-16 10:24:27,77.47,4900,77.47,U
sz002409,雅克科技,2025-10-16 10:24:30,77.46,5600,77.47,E
sz002409,雅克科技,2025-10-16 10:24:57,77.49,4700,77.49,U
sz002409,雅克科技,2025-10-16 10:25:03,77.44,7700,77.49,D
sz002409,雅克科技,2025-10-16 10:25:12,77.37,3000,77.39,D
sz002409,雅克科技,2025-10-16 10:25:24,77.32,2900,77.35,D
sz002409,雅克科技,2025-10-16 10:25:27,77.3,3000,77.32,D
sz002409,雅克科技,2025-10-16 10:25:33,77.34,6900,77.33,U
sz002409,雅克科技,2025-10-16 10:25:36,77.33,23700,77.34,D
sz002409,雅克科技,2025-10-16 10:25:39,77.37,9700,77.33,U
sz002409,雅克科技,2025-10-16 10:25:42,77.35,6400,77.37,D
sz002409,雅克科技,2025-10-16 10:25:45,77.33,7100,77.35,D
sz002409,雅克科技,2025-10-16 10:25:48,77.33,4100,77.33,U
sz002409,雅克科技,2025-10-16 10:25:51,77.32,6100,77.33,D
sz002409,雅克科技,2025-10-16 10:25:54,77.31,2800,77.32,D
sz002409,雅克科技,2025-10-16 10:26:00,77.37,23400,77.3,U
sz002409,雅克科技,2025-10-16 10:26:03,77.5,6100,77.37,U
sz002409,雅克科技,2025-10-16 10:26:09,77.49,8400,77.49,U
sz002409,雅克科技,2025-10-16 10:26:15,77.46,6200,77.49,E
sz002409,雅克科技,2025-10-16 10:26:18,77.49,3300,77.46,U
sz002409,雅克科技,2025-10-16 10:26:21,77.5,5300,77.49,U
sz002409,雅克科技,2025-10-16 10:26:24,77.54,11100,77.5,U
sz002409,雅克科技,2025-10-16 10:26:27,77.61,5500,77.54,U
sz002409,雅克科技,2025-10-16 10:26:30,77.62,3400,77.61,U
sz002409,雅克科技,2025-10-16 10:26:33,77.61,9300,77.62,D
sz002409,雅克科技,2025-10-16 10:26:36,77.62,15700,77.61,E
sz002409,雅克科技,2025-10-16 10:26:39,77.7,3400,77.62,U
sz002409,雅克科技,2025-10-16 10:26:42,77.73,5100,77.7,U
sz002409,雅克科技,2025-10-16 10:26:48,77.73,6000,77.74,D
sz002409,雅克科技,2025-10-16 10:26:54,77.69,3100,77.67,E
sz002409,雅克科技,2025-10-16 10:26:57,77.71,10600,77.69,U
sz002409,雅克科技,2025-10-16 10:27:00,77.67,2700,77.71,D
sz002409,雅克科技,2025-10-16 10:27:06,77.79,33400,77.77,U
sz002409,雅克科技,2025-10-16 10:27:09,77.91,6500,77.79,U
sz002409,雅克科技,2025-10-16 10:27:15,77.81,13000,77.82,D
sz002409,雅克科技,2025-10-16 10:27:18,77.74,6900,77.81,D
sz002409,雅克科技,2025-10-16 10:27:21,77.67,23400,77.74,D
sz002409,雅克科技,2025-10-16 10:27:24,77.71,7400,77.67,U
sz002409,雅克科技,2025-10-16 10:27:27,77.66,5800,77.71,D
sz002409,雅克科技,2025-10-16 10:27:30,77.65,4200,77.66,D
sz002409,雅克科技,2025-10-16 10:27:33,77.67,8600,77.65,U
sz002409,雅克科技,2025-10-16 10:27:39,77.66,38800,77.67,D
sz002409,雅克科技,2025-10-16 10:27:45,77.82,8700,77.72,U
sz002409,雅克科技,2025-10-16 10:27:48,77.75,3900,77.82,E
sz002409,雅克科技,2025-10-16 10:27:51,77.81,11900,77.75,D
sz002409,雅克科技,2025-10-16 10:27:54,77.72,6900,77.81,D
sz002409,雅克科技,2025-10-16 10:27:57,77.9,24100,77.72,U
sz002409,雅克科技,2025-10-16 10:28:00,77.78,3000,77.9,D
sz002409,雅克科技,2025-10-16 10:28:03,77.77,8700,77.78,E
sz002409,雅克科技,2025-10-16 10:28:06,77.73,3400,77.77,D
sz002409,雅克科技,2025-10-16 10:28:09,77.85,8000,77.73,U
sz002409,雅克科技,2025-10-16 10:28:15,77.73,9800,77.8,D
sz002409,雅克科技,2025-10-16 10:28:18,77.84,5700,77.73,U
sz002409,雅克科技,2025-10-16 10:28:24,77.86,6600,77.84,U
sz002409,雅克科技,2025-10-16 10:28:27,77.96,4100,77.86,U
sz002409,雅克科技,2025-10-16 10:28:33,77.85,17800,77.9,E
sz002409,雅克科技,2025-10-16 10:28:39,77.86,12300,77.78,U
sz002409,雅克科技,2025-10-16 10:28:42,77.84,3600,77.86,D
sz002409,雅克科技,2025-10-16 10:28:45,77.83,7800,77.84,D
sz002409,雅克科技,2025-10-16 10:28:48,77.78,3700,77.83,D
sz002409,雅克科技,2025-10-16 10:28:54,77.81,2900,77.81,U
sz002409,雅克科技,2025-10-16 10:28:57,77.75,3800,77.81,E
sz002409,雅克科技,2025-10-16 10:29:00,77.74,7200,77.75,U
sz002409,雅克科技,2025-10-16 10:29:03,77.85,3500,77.74,U
sz002409,雅克科技,2025-10-16 10:29:12,77.82,5700,77.83,U
sz002409,雅克科技,2025-10-16 10:29:18,77.77,7800,77.82,D
sz002409,雅克科技,2025-10-16 10:29:24,77.71,15800,77.79,D
sz002409,雅克科技,2025-10-16 10:29:27,77.75,4500,77.71,U
sz002409,雅克科技,2025-10-16 10:29:36,77.74,7000,77.68,U
sz002409,雅克科技,2025-10-16 10:29:39,77.74,3700,77.74,D
sz002409,雅克科技,2025-10-16 10:29:57,77.71,4900,77.74,D
sz002409,雅克科技,2025-10-16 10:30:00,77.7,2900,77.71,D
sz002409,雅克科技,2025-10-16 10:30:03,77.77,26800,77.7,U
sz002409,雅克科技,2025-10-16 10:30:12,77.82,3100,77.78,U
sz002409,雅克科技,2025-10-16 10:30:15,77.75,4900,77.82,D
sz002409,雅克科技,2025-10-16 10:30:27,77.62,15100,77.71,D
sz002409,雅克科技,2025-10-16 10:30:30,77.61,10800,77.62,D
sz002409,雅克科技,2025-10-16 10:30:33,77.61,8700,77.61,U
sz002409,雅克科技,2025-10-16 10:30:36,77.6,3900,77.61,D
sz002409,雅克科技,2025-10-16 10:30:39,77.6,3300,77.6,D
sz002409,雅克科技,2025-10-16 10:30:45,77.68,5500,77.61,U
sz002409,雅克科技,2025-10-16 10:30:48,77.67,12900,77.68,D
sz002409,雅克科技,2025-10-16 10:31:00,77.75,14500,77.69,U
sz002409,雅克科技,2025-10-16 10:31:09,77.75,10900,77.84,D
sz002409,雅克科技,2025-10-16 10:31:12,77.66,36900,77.75,D
sz002409,雅克科技,2025-10-16 10:31:18,77.99,63800,77.67,U
sz002409,雅克科技,2025-10-16 10:31:21,78.03,33100,77.99,U
sz002409,雅克科技,2025-10-16 10:31:24,77.97,3600,78.03,D
sz002409,雅克科技,2025-10-16 10:31:30,77.96,10700,77.96,U
sz002409,雅克科技,2025-10-16 10:31:33,77.86,3100,77.96,D
sz002409,雅克科技,2025-10-16 10:31:36,77.86,4600,77.86,D
sz002409,雅克科技,2025-10-16 10:31:42,77.86,5100,77.83,U
sz002409,雅克科技,2025-10-16 10:31:45,77.86,4600,77.86,D
sz002409,雅克科技,2025-10-16 10:31:48,77.85,4300,77.86,D
sz002409,雅克科技,2025-10-16 10:31:54,77.8,3900,77.85,E
sz002409,雅克科技,2025-10-16 10:31:57,77.86,10400,77.8,U
sz002409,雅克科技,2025-10-16 10:32:00,77.81,11200,77.86,D
sz002409,雅克科技,2025-10-16 10:32:09,77.78,3100,77.78,U
sz002409,雅克科技,2025-10-16 10:32:18,77.95,13800,77.8,U
sz002409,雅克科技,2025-10-16 10:32:30,77.96,2800,77.84,U
sz002409,雅克科技,2025-10-16 10:32:33,77.96,12000,77.96,D
sz002409,雅克科技,2025-10-16 10:32:48,77.99,6700,77.96,U
sz002409,雅克科技,2025-10-16 10:32:54,77.93,6400,77.96,D
sz002409,雅克科技,2025-10-16 10:32:57,77.87,2600,77.93,D
sz002409,雅克科技,2025-10-16 10:33:06,77.89,6900,77.85,U
sz002409,雅克科技,2025-10-16 10:33:15,77.9,7300,77.89,U
sz002409,雅克科技,2025-10-16 10:33:21,78.01,40000,77.9,U
sz002409,雅克科技,2025-10-16 10:33:30,78.1,3900,78.1,U
sz002409,雅克科技,2025-10-16 10:33:33,78.15,6600,78.1,U
sz002409,雅克科技,2025-10-16 10:33:36,78.14,9900,78.15,U
sz002409,雅克科技,2025-10-16 10:33:39,78.13,7000,78.14,U
sz002409,雅克科技,2025-10-16 10:33:42,78.15,18000,78.13,U
sz002409,雅克科技,2025-10-16 10:33:45,78.15,22200,78.15,U
sz002409,雅克科技,2025-10-16 10:33:48,78.04,5800,78.15,D
sz002409,雅克科技,2025-10-16 10:33:51,78.1,5600,78.04,U
sz002409,雅克科技,2025-10-16 10:33:54,78.04,2900,78.1,D
sz002409,雅克科技,2025-10-16 10:33:57,78.1,5400,78.04,U
sz002409,雅克科技,2025-10-16 10:34:00,78.04,14100,78.1,E
sz002409,雅克科技,2025-10-16 10:34:03,78.04,3100,78.04,U
sz002409,雅克科技,2025-10-16 10:34:06,78.05,5500,78.04,E
sz002409,雅克科技,2025-10-16 10:34:09,78.04,5600,78.05,D
sz002409,雅克科技,2025-10-16 10:34:12,78.08,19400,78.04,U
sz002409,雅克科技,2025-10-16 10:34:18,77.94,10000,77.94,D
sz002409,雅克科技,2025-10-16 10:34:21,77.94,4900,77.94,U
sz002409,雅克科技,2025-10-16 10:34:27,77.88,4700,77.89,D
sz002409,雅克科技,2025-10-16 10:34:30,77.88,24100,77.88,U
sz002409,雅克科技,2025-10-16 10:34:33,77.87,5100,77.88,E
sz002409,雅克科技,2025-10-16 10:34:36,77.87,5700,77.87,U
sz002409,雅克科技,2025-10-16 10:34:42,77.84,6000,77.87,E
sz002409,雅克科技,2025-10-16 10:34:48,77.85,3900,77.88,D
sz002409,雅克科技,2025-10-16 10:34:57,77.8,5000,77.8,D
sz002409,雅克科技,2025-10-16 10:35:03,77.7,6500,77.8,D
sz002409,雅克科技,2025-10-16 10:35:06,77.67,4300,77.7,D
sz002409,雅克科技,2025-10-16 10:35:12,77.67,3900,77.65,E
sz002409,雅克科技,2025-10-16 10:35:15,77.68,2800,77.67,E
sz002409,雅克科技,2025-10-16 10:35:24,77.65,6100,77.68,D
sz002409,雅克科技,2025-10-16 10:35:27,77.76,3100,77.65,U
sz002409,雅克科技,2025-10-16 10:35:30,77.7,2800,77.76,D
sz002409,雅克科技,2025-10-16 10:35:48,77.73,2600,77.77,D
sz002409,雅克科技,2025-10-16 10:35:51,77.75,9700,77.73,D
sz002409,雅克科技,2025-10-16 10:35:54,77.85,13734,77.75,U
sz002409,雅克科技,2025-10-16 10:35:57,77.88,3900,77.85,E
sz002409,雅克科技,2025-10-16 10:36:00,78.0,15400,77.88,U
sz002409,雅克科技,2025-10-16 10:36:03,78.06,16600,78.0,U
sz002409,雅克科技,2025-10-16 10:36:06,78.0,5600,78.06,E
sz002409,雅克科技,2025-10-16 10:36:12,78.13,16900,78.07,U
sz002409,雅克科技,2025-10-16 10:36:15,78.24,40457,78.13,U
sz002409,雅克科技,2025-10-16 10:36:18,78.3,21200,78.24,U
sz002409,雅克科技,2025-10-16 10:36:21,78.26,8600,78.3,E
sz002409,雅克科技,2025-10-16 10:36:27,78.36,6700,78.37,D
sz002409,雅克科技,2025-10-16 10:36:30,78.27,36500,78.36,D
sz002409,雅克科技,2025-10-16 10:36:33,78.36,9500,78.27,U
sz002409,雅克科技,2025-10-16 10:36:36,78.23,11400,78.36,D
sz002409,雅克科技,2025-10-16 10:36:42,78.18,13500,78.22,D
sz002409,雅克科技,2025-10-16 10:36:51,78.14,3000,78.15,U
sz002409,雅克科技,2025-10-16 10:36:57,78.1,3100,78.07,E
sz002409,雅克科技,2025-10-16 10:37:00,78.07,2700,78.1,D
sz002409,雅克科技,2025-10-16 10:37:03,78.18,9400,78.07,U
sz002409,雅克科技,2025-10-16 10:37:06,78.0,11500,78.18,D
sz002409,雅克科技,2025-10-16 10:37:09,78.19,4200,78.0,U
sz002409,雅克科技,2025-10-16 10:37:12,78.1,5000,78.19,E
sz002409,雅克科技,2025-10-16 10:37:18,78.1,29400,78.09,U
sz002409,雅克科技,2025-10-16 10:37:24,78.12,5700,78.1,E
sz002409,雅克科技,2025-10-16 10:37:27,78.13,3300,78.12,U
sz002409,雅克科技,2025-10-16 10:37:33,78.13,4500,78.13,D
sz002409,雅克科技,2025-10-16 10:37:42,78.13,3700,78.15,D
sz002409,雅克科技,2025-10-16 10:37:45,78.13,5600,78.13,U
sz002409,雅克科技,2025-10-16 10:37:48,78.12,2900,78.13,D
sz002409,雅克科技,2025-10-16 10:37:51,78.13,2800,78.12,U
sz002409,雅克科技,2025-10-16 10:38:00,78.33,28000,78.1,U
sz002409,雅克科技,2025-10-16 10:38:03,78.37,11700,78.33,U
sz002409,雅克科技,2025-10-16 10:38:06,78.29,13600,78.37,E
sz002409,雅克科技,2025-10-16 10:38:09,78.36,11400,78.29,E
sz002409,雅克科技,2025-10-16 10:38:12,78.36,7400,78.36,U
sz002409,雅克科技,2025-10-16 10:38:18,78.36,6600,78.3,U
sz002409,雅克科技,2025-10-16 10:38:24,78.4,11600,78.36,U
sz002409,雅克科技,2025-10-16 10:38:27,78.41,4500,78.4,U
sz002409,雅克科技,2025-10-16 10:38:30,78.42,3100,78.41,U
sz002409,雅克科技,2025-10-16 10:38:33,78.41,17600,78.42,D
sz002409,雅克科技,2025-10-16 10:38:36,78.41,37200,78.41,U
sz002409,雅克科技,2025-10-16 10:38:39,78.41,4600,78.41,U
sz002409,雅克科技,2025-10-16 10:38:42,78.41,6700,78.41,U
sz002409,雅克科技,2025-10-16 10:38:45,78.32,5100,78.41,D
sz002409,雅克科技,2025-10-16 10:38:48,78.38,6200,78.32,U
sz002409,雅克科技,2025-10-16 10:38:57,78.33,17100,78.35,D
sz002409,雅克科技,2025-10-16 10:39:00,78.18,2600,78.33,D
sz002409,雅克科技,2025-10-16 10:39:03,78.2,8300,78.18,E
sz002409,雅克科技,2025-10-16 10:39:09,78.11,6200,78.2,D
sz002409,雅克科技,2025-10-16 10:39:12,78.2,5500,78.11,U
sz002409,雅克科技,2025-10-16 10:39:15,78.2,5700,78.2,D
sz002409,雅克科技,2025-10-16 10:39:18,78.2,17000,78.2,U
sz002409,雅克科技,2025-10-16 10:39:21,78.2,3900,78.2,D
sz002409,雅克科技,2025-10-16 10:39:24,78.24,10600,78.2,U
sz002409,雅克科技,2025-10-16 10:39:27,78.25,3400,78.24,U
sz002409,雅克科技,2025-10-16 10:39:42,78.25,15200,78.24,U
sz002409,雅克科技,2025-10-16 10:39:54,78.32,3400,78.25,U
sz002409,雅克科技,2025-10-16 10:39:57,78.32,7000,78.32,U
sz002409,雅克科技,2025-10-16 10:40:00,78.32,4400,78.32,E
sz002409,雅克科技,2025-10-16 10:40:03,78.33,6000,78.32,U
sz002409,雅克科技,2025-10-16 10:40:09,78.27,4000,78.33,D
sz002409,雅克科技,2025-10-16 10:40:12,78.59,131200,78.27,U
sz002409,雅克科技,2025-10-16 10:40:21,78.51,3400,78.52,U
sz002409,雅克科技,2025-10-16 10:40:24,78.53,3200,78.51,U
sz002409,雅克科技,2025-10-16 10:40:27,78.46,3600,78.53,D
sz002409,雅克科技,2025-10-16 10:40:30,78.5,8900,78.46,U
sz002409,雅克科技,2025-10-16 10:40:33,78.5,5500,78.5,U
sz002409,雅克科技,2025-10-16 10:40:36,78.5,8100,78.5,U
sz002409,雅克科技,2025-10-16 10:40:39,78.5,3800,78.5,U
sz002409,雅克科技,2025-10-16 10:40:42,78.5,14700,78.5,D
sz002409,雅克科技,2025-10-16 10:40:45,78.5,6000,78.5,U
sz002409,雅克科技,2025-10-16 10:40:48,78.45,7000,78.5,D
sz002409,雅克科技,2025-10-16 10:40:51,78.44,10700,78.45,D
sz002409,雅克科技,2025-10-16 10:40:57,78.46,6100,78.48,D
sz002409,雅克科技,2025-10-16 10:41:00,78.55,10400,78.46,U
sz002409,雅克科技,2025-10-16 10:41:09,78.54,4400,78.55,E
sz002409,雅克科技,2025-10-16 10:41:12,78.53,6100,78.54,D
sz002409,雅克科技,2025-10-16 10:41:15,78.53,3200,78.53,E
sz002409,雅克科技,2025-10-16 10:41:18,78.52,3300,78.53,E
sz002409,雅克科技,2025-10-16 10:41:24,78.54,3500,78.52,E
sz002409,雅克科技,2025-10-16 10:41:30,78.56,10100,78.54,U
sz002409,雅克科技,2025-10-16 10:41:33,78.57,13200,78.56,U
sz002409,雅克科技,2025-10-16 10:41:36,78.56,19200,78.57,E
sz002409,雅克科技,2025-10-16 10:41:39,78.57,7100,78.56,D
sz002409,雅克科技,2025-10-16 10:41:42,78.55,2800,78.57,D
sz002409,雅克科技,2025-10-16 10:41:51,78.47,10000,78.55,D
sz002409,雅克科技,2025-10-16 10:41:54,78.47,14900,78.47,D
sz002409,雅克科技,2025-10-16 10:41:57,78.48,3000,78.47,U
sz002409,雅克科技,2025-10-16 10:42:06,78.33,3000,78.34,U
sz002409,雅克科技,2025-10-16 10:42:09,78.33,2600,78.33,U
sz002409,雅克科技,2025-10-16 10:42:12,78.34,3600,78.33,U
sz002409,雅克科技,2025-10-16 10:42:15,78.33,6500,78.34,D
sz002409,雅克科技,2025-10-16 10:42:18,78.35,4500,78.33,U
sz002409,雅克科技,2025-10-16 10:42:24,78.38,3000,78.37,U
sz002409,雅克科技,2025-10-16 10:42:27,78.38,4900,78.38,U
sz002409,雅克科技,2025-10-16 10:42:33,78.33,5700,78.39,D
sz002409,雅克科技,2025-10-16 10:42:36,78.34,2600,78.33,E
sz002409,雅克科技,2025-10-16 10:42:42,78.28,7100,78.34,D
sz002409,雅克科技,2025-10-16 10:42:45,78.27,3200,78.28,D
sz002409,雅克科技,2025-10-16 10:42:51,78.23,9900,78.26,D
sz002409,雅克科技,2025-10-16 10:43:03,78.18,5800,78.18,D
sz002409,雅克科技,2025-10-16 10:43:15,78.2,6600,78.18,U
sz002409,雅克科技,2025-10-16 10:43:21,78.21,3800,78.2,U
sz002409,雅克科技,2025-10-16 10:43:24,78.2,2900,78.21,E
sz002409,雅克科技,2025-10-16 10:43:30,78.21,3500,78.2,U
sz002409,雅克科技,2025-10-16 10:43:45,78.16,9400,78.2,D
sz002409,雅克科技,2025-10-16 10:43:51,78.08,5800,78.11,D
sz002409,雅克科技,2025-10-16 10:43:57,78.06,3600,78.06,E
sz002409,雅克科技,2025-10-16 10:44:00,78.0,4300,78.06,D
sz002409,雅克科技,2025-10-16 10:44:09,78.03,4700,78.0,U
sz002409,雅克科技,2025-10-16 10:44:12,78.03,2700,78.03,U
sz002409,雅克科技,2025-10-16 10:44:18,78.0,18000,78.0,D
sz002409,雅克科技,2025-10-16 10:44:33,78.03,7400,77.99,U
sz002409,雅克科技,2025-10-16 10:44:36,78.06,5000,78.03,U
sz002409,雅克科技,2025-10-16 10:44:39,78.04,5700,78.06,D
sz002409,雅克科技,2025-10-16 10:44:48,78.08,3900,78.09,U
sz002409,雅克科技,2025-10-16 10:44:54,78.07,4200,78.08,D
sz002409,雅克科技,2025-10-16 10:45:06,78.09,3100,78.1,D
sz002409,雅克科技,2025-10-16 10:45:12,78.09,4000,78.1,D
sz002409,雅克科技,2025-10-16 10:45:15,78.08,2700,78.09,D
sz002409,雅克科技,2025-10-16 10:45:18,78.06,4200,78.08,E
sz002409,雅克科技,2025-10-16 10:45:21,78.01,21100,78.06,D
sz002409,雅克科技,2025-10-16 10:45:24,78.03,3200,78.01,U
sz002409,雅克科技,2025-10-16 10:45:27,78.01,3000,78.03,D
sz002409,雅克科技,2025-10-16 10:45:30,78.0,3200,78.01,D
sz002409,雅克科技,2025-10-16 10:45:42,78.02,7400,77.97,U
sz002409,雅克科技,2025-10-16 10:45:45,78.02,5600,78.02,E
sz002409,雅克科技,2025-10-16 10:45:51,78.08,23500,78.05,U
sz002409,雅克科技,2025-10-16 10:46:03,78.21,3300,78.08,U
sz002409,雅克科技,2025-10-16 10:46:15,78.18,7000,78.21,E
sz002409,雅克科技,2025-10-16 10:46:21,78.3,10000,78.3,D
sz002409,雅克科技,2025-10-16 10:46:27,78.3,5800,78.32,D
sz002409,雅克科技,2025-10-16 10:46:30,78.08,11400,78.3,D
sz002409,雅克科技,2025-10-16 10:46:33,78.28,3300,78.08,E
sz002409,雅克科技,2025-10-16 10:46:42,78.3,4500,78.29,U
sz002409,雅克科技,2025-10-16 10:46:45,78.2,2600,78.3,D
sz002409,雅克科技,2025-10-16 10:46:48,78.3,3100,78.2,E
sz002409,雅克科技,2025-10-16 10:46:51,78.2,2700,78.3,D
sz002409,雅克科技,2025-10-16 10:46:57,78.35,7000,78.3,U
sz002409,雅克科技,2025-10-16 10:47:00,78.36,7500,78.35,U
sz002409,雅克科技,2025-10-16 10:47:09,78.46,4300,78.45,U
sz002409,雅克科技,2025-10-16 10:47:15,78.48,4800,78.46,U
sz002409,雅克科技,2025-10-16 10:47:24,78.49,27200,78.49,D
sz002409,雅克科技,2025-10-16 10:47:27,78.49,2900,78.49,U
sz002409,雅克科技,2025-10-16 10:47:30,78.46,3300,78.49,D
sz002409,雅克科技,2025-10-16 10:47:33,78.49,2600,78.46,E
sz002409,雅克科技,2025-10-16 10:47:36,78.5,16900,78.49,U
sz002409,雅克科技,2025-10-16 10:47:39,78.45,43500,78.5,D
sz002409,雅克科技,2025-10-16 10:47:42,78.41,45100,78.45,E
sz002409,雅克科技,2025-10-16 10:47:54,78.42,6700,78.41,U
sz002409,雅克科技,2025-10-16 10:47:57,78.4,5600,78.42,D
sz002409,雅克科技,2025-10-16 10:48:06,78.4,2600,78.4,U
sz002409,雅克科技,2025-10-16 10:48:18,78.32,3900,78.4,D
sz002409,雅克科技,2025-10-16 10:48:24,78.48,26100,78.32,U
sz002409,雅克科技,2025-10-16 10:48:33,78.5,5100,78.45,U
sz002409,雅克科技,2025-10-16 10:48:36,78.52,3900,78.5,U
sz002409,雅克科技,2025-10-16 10:48:39,78.53,7400,78.52,U
sz002409,雅克科技,2025-10-16 10:48:42,78.56,5000,78.53,U
sz002409,雅克科技,2025-10-16 10:48:48,78.6,5500,78.58,U
sz002409,雅克科技,2025-10-16 10:48:51,78.6,10700,78.6,U
sz002409,雅克科技,2025-10-16 10:49:00,78.6,7300,78.65,D
sz002409,雅克科技,2025-10-16 10:49:03,78.6,2800,78.6,D
sz002409,雅克科技,2025-10-16 10:49:06,78.63,20300,78.6,U
sz002409,雅克科技,2025-10-16 10:49:09,78.63,2900,78.63,U
sz002409,雅克科技,2025-10-16 10:49:12,78.63,12000,78.63,U
sz002409,雅克科技,2025-10-16 10:49:15,78.63,4400,78.63,U
sz002409,雅克科技,2025-10-16 10:49:18,78.6,6500,78.63,D
sz002409,雅克科技,2025-10-16 10:49:21,78.63,8800,78.6,U
sz002409,雅克科技,2025-10-16 10:49:30,78.6,6200,78.6,D
sz002409,雅克科技,2025-10-16 10:49:39,78.62,3500,78.61,U
sz002409,雅克科技,2025-10-16 10:49:42,78.61,3200,78.62,E
sz002409,雅克科技,2025-10-16 10:49:45,78.67,18800,78.61,U
sz002409,雅克科技,2025-10-16 10:49:48,78.75,21700,78.67,U
sz002409,雅克科技,2025-10-16 10:49:57,78.77,3900,78.76,U
sz002409,雅克科技,2025-10-16 10:50:00,78.8,21100,78.77,U
sz002409,雅克科技,2025-10-16 10:50:03,78.8,9200,78.8,U
sz002409,雅克科技,2025-10-16 10:50:09,78.8,6500,78.8,D
sz002409,雅克科技,2025-10-16 10:50:12,78.86,2600,78.8,U
sz002409,雅克科技,2025-10-16 10:50:15,78.81,42400,78.86,D
sz002409,雅克科技,2025-10-16 10:50:18,78.88,25400,78.81,U
sz002409,雅克科技,2025-10-16 10:50:21,78.86,18000,78.88,D
sz002409,雅克科技,2025-10-16 10:50:24,78.87,5700,78.86,U
sz002409,雅克科技,2025-10-16 10:50:27,78.88,23900,78.87,U
sz002409,雅克科技,2025-10-16 10:50:30,78.8,12500,78.88,D
sz002409,雅克科技,2025-10-16 10:50:33,78.87,19100,78.8,U
sz002409,雅克科技,2025-10-16 10:50:39,78.8,3500,78.84,D
sz002409,雅克科技,2025-10-16 10:50:45,78.84,2700,78.86,D
sz002409,雅克科技,2025-10-16 10:50:48,78.85,3500,78.84,E
sz002409,雅克科技,2025-10-16 10:50:51,78.85,3400,78.85,D
sz002409,雅克科技,2025-10-16 10:50:54,78.74,17700,78.85,D
sz002409,雅克科技,2025-10-16 10:51:00,78.76,3800,78.73,U
sz002409,雅克科技,2025-10-16 10:51:06,78.74,3300,78.74,U
sz002409,雅克科技,2025-10-16 10:51:09,78.74,3600,78.74,U
sz002409,雅克科技,2025-10-16 10:51:15,78.6,9400,78.65,D
sz002409,雅克科技,2025-10-16 10:51:18,78.59,12200,78.6,D
sz002409,雅克科技,2025-10-16 10:51:24,78.65,3400,78.6,U
sz002409,雅克科技,2025-10-16 10:51:27,78.52,9100,78.65,D
sz002409,雅克科技,2025-10-16 10:51:30,78.55,24700,78.52,U
sz002409,雅克科技,2025-10-16 10:51:33,78.59,18000,78.55,U
sz002409,雅克科技,2025-10-16 10:51:45,78.7,4400,78.7,D
sz002409,雅克科技,2025-10-16 10:51:48,78.74,3700,78.7,U
sz002409,雅克科技,2025-10-16 10:51:51,78.75,3200,78.74,U
sz002409,雅克科技,2025-10-16 10:52:00,78.7,6400,78.74,D
sz002409,雅克科技,2025-10-16 10:52:03,78.75,11400,78.7,U
sz002409,雅克科技,2025-10-16 10:52:09,78.75,4900,78.75,U
sz002409,雅克科技,2025-10-16 10:52:12,78.77,8900,78.75,U
sz002409,雅克科技,2025-10-16 10:52:15,78.79,4500,78.77,U
sz002409,雅克科技,2025-10-16 10:52:21,78.85,6800,78.85,U
sz002409,雅克科技,2025-10-16 10:52:24,78.82,2700,78.85,D
sz002409,雅克科技,2025-10-16 10:52:27,78.85,4400,78.82,U
sz002409,雅克科技,2025-10-16 10:52:33,78.85,20800,78.85,U
sz002409,雅克科技,2025-10-16 10:52:36,78.88,10900,78.85,U
sz002409,雅克科技,2025-10-16 10:52:39,78.88,14600,78.88,U
sz002409,雅克科技,2025-10-16 10:52:42,78.85,4500,78.88,E
sz002409,雅克科技,2025-10-16 10:52:45,78.8,5500,78.85,D
sz002409,雅克科技,2025-10-16 10:52:57,78.68,19800,78.78,D
sz002409,雅克科技,2025-10-16 10:53:06,78.57,8000,78.52,D
sz002409,雅克科技,2025-10-16 10:53:12,78.5,8100,78.56,E
sz002409,雅克科技,2025-10-16 10:53:18,78.5,4300,78.5,D
sz002409,雅克科技,2025-10-16 10:53:21,78.46,3300,78.5,D
sz002409,雅克科技,2025-10-16 10:53:24,78.53,6500,78.46,U
sz002409,雅克科技,2025-10-16 10:53:39,78.47,6100,78.47,D
sz002409,雅克科技,2025-10-16 10:53:42,78.47,4300,78.47,D
sz002409,雅克科技,2025-10-16 10:53:51,78.46,13900,78.5,D
sz002409,雅克科技,2025-10-16 10:54:09,78.3,3000,78.23,U
sz002409,雅克科技,2025-10-16 10:54:12,78.3,2600,78.3,U
sz002409,雅克科技,2025-10-16 10:54:18,78.33,3300,78.33,U
sz002409,雅克科技,2025-10-16 10:54:30,78.34,4400,78.34,U
sz002409,雅克科技,2025-10-16 10:54:39,78.36,5000,78.35,U
sz002409,雅克科技,2025-10-16 10:54:42,78.45,5500,78.36,U
sz002409,雅克科技,2025-10-16 10:54:51,78.41,3600,78.47,D
sz002409,雅克科技,2025-10-16 10:54:54,78.42,5800,78.41,E
sz002409,雅克科技,2025-10-16 10:54:57,78.38,4400,78.42,D
sz002409,雅克科技,2025-10-16 10:55:00,78.39,6600,78.38,D
sz002409,雅克科技,2025-10-16 10:55:03,78.4,9800,78.39,U
sz002409,雅克科技,2025-10-16 10:55:12,78.45,10400,78.42,U
sz002409,雅克科技,2025-10-16 10:55:27,78.5,2900,78.47,U
sz002409,雅克科技,2025-10-16 10:55:30,78.5,3500,78.5,D
sz002409,雅克科技,2025-10-16 10:55:33,78.49,4800,78.5,D
sz002409,雅克科技,2025-10-16 10:55:36,78.49,4400,78.49,U
sz002409,雅克科技,2025-10-16 10:55:39,78.5,2800,78.49,U
sz002409,雅克科技,2025-10-16 10:55:42,78.52,2700,78.5,U
sz002409,雅克科技,2025-10-16 10:56:03,78.64,3600,78.6,U
sz002409,雅克科技,2025-10-16 10:56:12,78.64,2600,78.6,U
sz002409,雅克科技,2025-10-16 10:56:18,78.62,13600,78.62,D
sz002409,雅克科技,2025-10-16 10:56:21,78.59,7400,78.62,D
sz002409,雅克科技,2025-10-16 10:56:27,78.54,3600,78.58,D
sz002409,雅克科技,2025-10-16 10:56:33,78.59,5900,78.54,U
sz002409,雅克科技,2025-10-16 10:56:39,78.55,3600,78.55,D
sz002409,雅克科技,2025-10-16 10:56:42,78.53,14100,78.55,D
sz002409,雅克科技,2025-10-16 10:57:03,78.53,7600,78.53,D
sz002409,雅克科技,2025-10-16 10:57:18,78.54,3900,78.54,D
sz002409,雅克科技,2025-10-16 10:57:27,78.56,6600,78.55,U
sz002409,雅克科技,2025-10-16 10:57:39,78.58,3900,78.57,U
sz002409,雅克科技,2025-10-16 10:57:54,78.59,19300,78.59,D
sz002409,雅克科技,2025-10-16 10:57:57,78.59,3300,78.59,U
sz002409,雅克科技,2025-10-16 10:58:06,78.5,39800,78.65,D
sz002409,雅克科技,2025-10-16 10:58:09,78.52,2700,78.5,U
sz002409,雅克科技,2025-10-16 10:58:12,78.52,6000,78.52,E
sz002409,雅克科技,2025-10-16 10:58:18,78.41,22800,78.53,D
sz002409,雅克科技,2025-10-16 10:58:33,78.31,3100,78.31,D
sz002409,雅克科技,2025-10-16 10:58:36,78.24,5500,78.31,D
sz002409,雅克科技,2025-10-16 10:58:45,78.24,19400,78.24,D
sz002409,雅克科技,2025-10-16 10:59:06,78.3,3100,78.3,U
sz002409,雅克科技,2025-10-16 10:59:12,78.28,6700,78.28,D
sz002409,雅克科技,2025-10-16 10:59:15,78.34,4400,78.28,U
sz002409,雅克科技,2025-10-16 10:59:21,78.38,9900,78.3,U
sz002409,雅克科技,2025-10-16 10:59:30,78.44,4200,78.39,U
sz002409,雅克科技,2025-10-16 10:59:39,78.48,3300,78.48,U
sz002409,雅克科技,2025-10-16 10:59:45,78.43,7100,78.48,D
sz002409,雅克科技,2025-10-16 10:59:54,78.5,9600,78.47,U
sz002409,雅克科技,2025-10-16 11:00:06,78.42,21400,78.47,D
sz002409,雅克科技,2025-10-16 11:00:24,78.27,2700,78.28,D
sz002409,雅克科技,2025-10-16 11:00:27,78.26,10300,78.27,D
sz002409,雅克科技,2025-10-16 11:00:45,78.22,2600,78.23,D
sz002409,雅克科技,2025-10-16 11:00:51,78.2,3300,78.22,D
sz002409,雅克科技,2025-10-16 11:01:06,78.18,60500,78.23,D
sz002409,雅克科技,2025-10-16 11:01:09,78.19,3100,78.18,U
sz002409,雅克科技,2025-10-16 11:01:27,78.23,12700,78.18,U
sz002409,雅克科技,2025-10-16 11:01:39,78.31,8700,78.25,U
sz002409,雅克科技,2025-10-16 11:02:00,78.44,3200,78.37,U
sz002409,雅克科技,2025-10-16 11:02:21,78.46,3300,78.48,D
sz002409,雅克科技,2025-10-16 11:02:24,78.49,10400,78.46,U
sz002409,雅克科技,2025-10-16 11:02:36,78.49,5600,78.48,U
sz002409,雅克科技,2025-10-16 11:02:42,78.5,2700,78.5,U
sz002409,雅克科技,2025-10-16 11:02:54,78.52,7400,78.5,U
sz002409,雅克科技,2025-10-16 11:03:06,78.5,6200,78.51,D
sz002409,雅克科技,2025-10-16 11:03:12,78.54,3700,78.53,U
sz002409,雅克科技,2025-10-16 11:03:21,78.54,8400,78.55,D
sz002409,雅克科技,2025-10-16 11:03:27,78.54,5800,78.53,U
sz002409,雅克科技,2025-10-16 11:03:30,78.54,2700,78.54,D
sz002409,雅克科技,2025-10-16 11:03:39,78.53,4000,78.54,D
sz002409,雅克科技,2025-10-16 11:03:45,78.48,4300,78.5,D
sz002409,雅克科技,2025-10-16 11:03:54,78.45,7800,78.46,D
sz002409,雅克科技,2025-10-16 11:04:15,78.54,17800,78.49,U
sz002409,雅克科技,2025-10-16 11:04:24,78.63,4900,78.58,U
sz002409,雅克科技,2025-10-16 11:04:30,78.78,7600,78.71,U
sz002409,雅克科技,2025-10-16 11:04:33,78.87,32600,78.78,U
sz002409,雅克科技,2025-10-16 11:04:39,78.88,3400,78.83,U
sz002409,雅克科技,2025-10-16 11:04:42,78.88,6000,78.88,U
sz002409,雅克科技,2025-10-16 11:04:45,78.89,12600,78.88,U
sz002409,雅克科技,2025-10-16 11:04:48,78.89,15900,78.89,U
sz002409,雅克科技,2025-10-16 11:04:51,78.89,27300,78.89,U
sz002409,雅克科技,2025-10-16 11:04:54,78.94,18100,78.89,U
sz002409,雅克科技,2025-10-16 11:04:57,78.96,17900,78.94,U
sz002409,雅克科技,2025-10-16 11:05:00,78.97,22300,78.96,U
sz002409,雅克科技,2025-10-16 11:05:03,78.94,16800,78.97,D
sz002409,雅克科技,2025-10-16 11:05:06,78.91,6400,78.94,D
sz002409,雅克科技,2025-10-16 11:05:09,78.76,16700,78.91,D
sz002409,雅克科技,2025-10-16 11:05:12,78.85,11500,78.76,U
sz002409,雅克科技,2025-10-16 11:05:24,78.8,5200,78.82,D
sz002409,雅克科技,2025-10-16 11:05:27,78.85,9300,78.8,U
sz002409,雅克科技,2025-10-16 11:05:33,78.8,2900,78.83,E
sz002409,雅克科技,2025-10-16 11:05:45,78.72,2600,78.82,D
sz002409,雅克科技,2025-10-16 11:05:57,78.78,2900,78.78,U
sz002409,雅克科技,2025-10-16 11:06:12,78.75,3200,78.75,U
sz002409,雅克科技,2025-10-16 11:06:15,78.74,5100,78.75,D
sz002409,雅克科技,2025-10-16 11:06:18,78.75,3100,78.74,U
sz002409,雅克科技,2025-10-16 11:06:21,78.74,2700,78.75,D
sz002409,雅克科技,2025-10-16 11:06:24,78.76,3300,78.74,U
sz002409,雅克科技,2025-10-16 11:06:36,78.78,2972,78.78,U
sz002409,雅克科技,2025-10-16 11:06:39,78.79,3600,78.78,U
sz002409,雅克科技,2025-10-16 11:06:42,78.78,2700,78.79,D
sz002409,雅克科技,2025-10-16 11:06:54,78.82,2800,78.82,U
sz002409,雅克科技,2025-10-16 11:06:57,78.76,50228,78.82,D
sz002409,雅克科技,2025-10-16 11:07:00,78.8,29700,78.76,U
sz002409,雅克科技,2025-10-16 11:07:18,78.82,2700,78.83,D
sz002409,雅克科技,2025-10-16 11:07:21,78.77,9600,78.82,D
sz002409,雅克科技,2025-10-16 11:07:24,78.73,10300,78.77,D
sz002409,雅克科技,2025-10-16 11:07:42,78.51,3100,78.52,D
sz002409,雅克科技,2025-10-16 11:07:48,78.48,5000,78.51,D
sz002409,雅克科技,2025-10-16 11:07:57,78.47,12900,78.46,E
sz002409,雅克科技,2025-10-16 11:08:06,78.42,6400,78.4,D
sz002409,雅克科技,2025-10-16 11:08:18,78.46,3300,78.37,U
sz002409,雅克科技,2025-10-16 11:08:21,78.43,35400,78.46,E
sz002409,雅克科技,2025-10-16 11:08:24,78.46,6200,78.43,U
sz002409,雅克科技,2025-10-16 11:08:42,78.41,3700,78.38,U
sz002409,雅克科技,2025-10-16 11:08:45,78.39,2800,78.41,E
sz002409,雅克科技,2025-10-16 11:08:51,78.4,2600,78.43,D
sz002409,雅克科技,2025-10-16 11:09:12,78.37,2900,78.33,U
sz002409,雅克科技,2025-10-16 11:09:30,78.3,6300,78.34,D
sz002409,雅克科技,2025-10-16 11:09:33,78.29,9800,78.3,D
sz002409,雅克科技,2025-10-16 11:09:39,78.25,2900,78.26,D
sz002409,雅克科技,2025-10-16 11:09:57,78.15,2800,78.2,D
sz002409,雅克科技,2025-10-16 11:10:03,78.17,3000,78.15,U
sz002409,雅克科技,2025-10-16 11:10:06,78.26,16600,78.17,U
sz002409,雅克科技,2025-10-16 11:10:12,78.22,5200,78.26,D
sz002409,雅克科技,2025-10-16 11:10:27,78.22,4500,78.23,D
sz002409,雅克科技,2025-10-16 11:10:30,78.24,2903,78.22,U
sz002409,雅克科技,2025-10-16 11:10:36,78.22,6000,78.23,D
sz002409,雅克科技,2025-10-16 11:10:57,78.3,3200,78.3,D
sz002409,雅克科技,2025-10-16 11:11:03,78.15,24800,78.3,D
sz002409,雅克科技,2025-10-16 11:11:09,78.18,5800,78.19,U
sz002409,雅克科技,2025-10-16 11:11:12,78.27,6000,78.18,U
sz002409,雅克科技,2025-10-16 11:11:15,78.28,7700,78.27,U
sz002409,雅克科技,2025-10-16 11:11:33,78.39,6400,78.34,U
sz002409,雅克科技,2025-10-16 11:11:39,78.38,3800,78.38,U
sz002409,雅克科技,2025-10-16 11:11:42,78.4,2600,78.38,U
sz002409,雅克科技,2025-10-16 11:11:45,78.41,2600,78.4,U
sz002409,雅克科技,2025-10-16 11:11:54,78.4,4000,78.4,D
sz002409,雅克科技,2025-10-16 11:12:12,78.39,16400,78.35,U
sz002409,雅克科技,2025-10-16 11:12:15,78.39,4400,78.39,U
sz002409,雅克科技,2025-10-16 11:12:24,78.45,3500,78.43,U
sz002409,雅克科技,2025-10-16 11:12:45,78.5,5000,78.49,U
sz002409,雅克科技,2025-10-16 11:12:51,78.5,3100,78.49,U
sz002409,雅克科技,2025-10-16 11:13:00,78.49,2600,78.48,U
sz002409,雅克科技,2025-10-16 11:13:03,78.58,12100,78.49,U
sz002409,雅克科技,2025-10-16 11:13:33,78.6,3100,78.61,E
sz002409,雅克科技,2025-10-16 11:14:00,78.6,2900,78.62,D
sz002409,雅克科技,2025-10-16 11:14:09,78.48,22100,78.56,D
sz002409,雅克科技,2025-10-16 11:14:12,78.46,2800,78.48,D
sz002409,雅克科技,2025-10-16 11:14:18,78.49,6000,78.46,U
sz002409,雅克科技,2025-10-16 11:14:39,78.57,10000,78.49,U
sz002409,雅克科技,2025-10-16 11:14:45,78.49,19100,78.56,D
sz002409,雅克科技,2025-10-16 11:14:51,78.49,39500,78.46,U
sz002409,雅克科技,2025-10-16 11:14:54,78.49,2700,78.49,D
sz002409,雅克科技,2025-10-16 11:14:57,78.49,7100,78.49,E
sz002409,雅克科技,2025-10-16 11:15:00,78.45,9800,78.49,D
sz002409,雅克科技,2025-10-16 11:15:03,78.49,4200,78.45,U
sz002409,雅克科技,2025-10-16 11:15:09,78.46,2700,78.46,D
sz002409,雅克科技,2025-10-16 11:15:21,78.39,3800,78.44,D
sz002409,雅克科技,2025-10-16 11:15:30,78.63,38500,78.39,U
sz002409,雅克科技,2025-10-16 11:15:39,78.61,2600,78.64,U
sz002409,雅克科技,2025-10-16 11:15:54,78.52,4000,78.57,U
sz002409,雅克科技,2025-10-16 11:16:09,78.47,8800,78.47,D
sz002409,雅克科技,2025-10-16 11:16:18,78.39,11500,78.46,D
sz002409,雅克科技,2025-10-16 11:16:39,78.35,9900,78.36,D
sz002409,雅克科技,2025-10-16 11:16:45,78.39,10600,78.35,U
sz002409,雅克科技,2025-10-16 11:16:48,78.39,6100,78.39,U
sz002409,雅克科技,2025-10-16 11:16:51,78.41,9000,78.39,U
sz002409,雅克科技,2025-10-16 11:16:54,78.36,4000,78.41,D
sz002409,雅克科技,2025-10-16 11:17:09,78.37,9700,78.38,D
sz002409,雅克科技,2025-10-16 11:17:12,78.39,3300,78.37,U
sz002409,雅克科技,2025-10-16 11:17:21,78.4,2800,78.39,U
sz002409,雅克科技,2025-10-16 11:17:30,78.36,13300,78.36,D
sz002409,雅克科技,2025-10-16 11:17:33,78.38,3600,78.36,E
sz002409,雅克科技,2025-10-16 11:17:39,78.38,4900,78.39,D
sz002409,雅克科技,2025-10-16 11:17:51,78.39,2800,78.4,D
sz002409,雅克科技,2025-10-16 11:18:24,78.43,5100,78.4,U
sz002409,雅克科技,2025-10-16 11:18:27,78.46,4700,78.43,U
sz002409,雅克科技,2025-10-16 11:18:30,78.46,4100,78.46,U
sz002409,雅克科技,2025-10-16 11:18:36,78.5,3300,78.49,U
sz002409,雅克科技,2025-10-16 11:18:54,78.47,4000,78.48,D
sz002409,雅克科技,2025-10-16 11:19:03,78.38,17600,78.4,D
sz002409,雅克科技,2025-10-16 11:19:06,78.38,10100,78.38,E
sz002409,雅克科技,2025-10-16 11:19:12,78.34,5100,78.35,D
sz002409,雅克科技,2025-10-16 11:19:21,78.3,5300,78.32,D
sz002409,雅克科技,2025-10-16 11:19:30,78.25,5700,78.28,D
sz002409,雅克科技,2025-10-16 11:19:51,78.17,5500,78.18,D
sz002409,雅克科技,2025-10-16 11:20:00,78.2,3100,78.21,E
sz002409,雅克科技,2025-10-16 11:20:12,78.23,4400,78.2,U
sz002409,雅克科技,2025-10-16 11:20:15,78.2,2900,78.23,D
sz002409,雅克科技,2025-10-16 11:20:33,78.2,10200,78.23,D
sz002409,雅克科技,2025-10-16 11:20:36,78.18,6500,78.2,D
sz002409,雅克科技,2025-10-16 11:20:39,78.18,4700,78.18,U
sz002409,雅克科技,2025-10-16 11:20:42,78.15,11400,78.18,D
sz002409,雅克科技,2025-10-16 11:20:45,78.15,4000,78.15,D
sz002409,雅克科技,2025-10-16 11:20:48,78.15,5300,78.15,D
sz002409,雅克科技,2025-10-16 11:21:00,78.09,4400,78.1,D
sz002409,雅克科技,2025-10-16 11:21:03,78.08,3000,78.09,D
sz002409,雅克科技,2025-10-16 11:21:06,78.08,7100,78.08,D
sz002409,雅克科技,2025-10-16 11:21:12,78.03,3200,78.04,D
sz002409,雅克科技,2025-10-16 11:21:15,78.03,5500,78.03,D
sz002409,雅克科技,2025-10-16 11:21:18,78.15,11800,78.03,U
sz002409,雅克科技,2025-10-16 11:21:21,78.06,6900,78.15,D
sz002409,雅克科技,2025-10-16 11:21:36,78.15,6000,78.16,E
sz002409,雅克科技,2025-10-16 11:21:57,78.14,3700,78.14,D
sz002409,雅克科技,2025-10-16 11:22:00,78.23,23200,78.14,U
sz002409,雅克科技,2025-10-16 11:22:03,78.24,4500,78.23,U
sz002409,雅克科技,2025-10-16 11:22:48,78.21,3200,78.21,U
sz002409,雅克科技,2025-10-16 11:23:03,78.14,2700,78.16,D
sz002409,雅克科技,2025-10-16 11:23:06,78.22,7800,78.14,U
sz002409,雅克科技,2025-10-16 11:23:18,78.27,5200,78.27,D
sz002409,雅克科技,2025-10-16 11:23:45,78.2,6200,78.23,D
sz002409,雅克科技,2025-10-16 11:24:03,78.2,4000,78.13,U
sz002409,雅克科技,2025-10-16 11:24:09,78.07,3400,78.1,D
sz002409,雅克科技,2025-10-16 11:24:12,78.06,3400,78.07,D
sz002409,雅克科技,2025-10-16 11:24:15,78.05,5300,78.06,D
sz002409,雅克科技,2025-10-16 11:24:18,78.02,4400,78.05,D
sz002409,雅克科技,2025-10-16 11:24:27,78.02,3500,78.02,D
sz002409,雅克科技,2025-10-16 11:24:30,78.02,3800,78.02,D
sz002409,雅克科技,2025-10-16 11:24:33,77.99,36000,78.02,D
sz002409,雅克科技,2025-10-16 11:24:39,77.98,5800,78.0,D
sz002409,雅克科技,2025-10-16 11:24:42,77.96,2900,77.98,D
sz002409,雅克科技,2025-10-16 11:24:48,77.99,6600,78.0,E
sz002409,雅克科技,2025-10-16 11:24:51,77.99,2900,77.99,U
sz002409,雅克科技,2025-10-16 11:24:54,77.99,2800,77.99,U
sz002409,雅克科技,2025-10-16 11:25:00,78.0,3100,78.0,U
sz002409,雅克科技,2025-10-16 11:25:09,77.98,3100,77.98,U
sz002409,雅克科技,2025-10-16 11:25:24,77.93,3600,77.97,D
sz002409,雅克科技,2025-10-16 11:25:33,77.9,5400,77.91,D
sz002409,雅克科技,2025-10-16 11:25:48,77.83,3800,77.81,U
sz002409,雅克科技,2025-10-16 11:25:51,77.84,5100,77.83,U
sz002409,雅克科技,2025-10-16 11:25:57,77.85,9300,77.84,U
sz002409,雅克科技,2025-10-16 11:26:00,77.85,5400,77.85,D
sz002409,雅克科技,2025-10-16 11:26:03,77.86,3300,77.85,D
sz002409,雅克科技,2025-10-16 11:26:06,77.86,6500,77.86,D
sz002409,雅克科技,2025-10-16 11:26:09,77.85,5700,77.86,D
sz002409,雅克科技,2025-10-16 11:26:12,77.86,3200,77.85,E
sz002409,雅克科技,2025-10-16 11:26:39,77.87,7100,77.93,D
sz002409,雅克科技,2025-10-16 11:26:45,77.86,2600,77.87,U
sz002409,雅克科技,2025-10-16 11:26:54,77.81,3300,77.81,D
sz002409,雅克科技,2025-10-16 11:27:39,77.86,2600,77.83,U
sz002409,雅克科技,2025-10-16 11:27:51,77.83,3500,77.83,D
sz002409,雅克科技,2025-10-16 11:27:54,77.81,2600,77.83,D
sz002409,雅克科技,2025-10-16 11:28:00,77.83,3600,77.81,U
sz002409,雅克科技,2025-10-16 11:28:09,77.81,2600,77.83,D
sz002409,雅克科技,2025-10-16 11:28:24,77.83,4100,77.82,U
sz002409,雅克科技,2025-10-16 11:28:27,77.82,6200,77.83,D
sz002409,雅克科技,2025-10-16 11:28:39,77.83,2600,77.82,E
sz002409,雅克科技,2025-10-16 11:28:57,77.82,3300,77.83,D
sz002409,雅克科技,2025-10-16 11:29:00,77.81,4000,77.82,D
sz002409,雅克科技,2025-10-16 11:29:03,77.8,3400,77.81,D
sz002409,雅克科技,2025-10-16 11:29:06,77.77,21400,77.8,D
sz002409,雅克科技,2025-10-16 11:29:09,77.78,4100,77.77,U
sz002409,雅克科技,2025-10-16 11:29:21,77.73,5500,77.73,D
sz002409,雅克科技,2025-10-16 11:29:54,77.6,15700,77.75,D
sz002409,雅克科技,2025-10-16 13:00:00,77.59,39100,77.62,D
sz002409,雅克科技,2025-10-16 13:00:03,77.56,10100,77.59,D
sz002409,雅克科技,2025-10-16 13:00:06,77.58,8000,77.56,U
sz002409,雅克科技,2025-10-16 13:00:09,77.57,6500,77.58,D
sz002409,雅克科技,2025-10-16 13:00:12,77.55,4700,77.57,U
sz002409,雅克科技,2025-10-16 13:00:15,77.54,11300,77.55,D
sz002409,雅克科技,2025-10-16 13:00:18,77.52,3300,77.54,D
sz002409,雅克科技,2025-10-16 13:00:30,77.54,4700,77.52,U
sz002409,雅克科技,2025-10-16 13:00:36,77.54,6100,77.55,D
sz002409,雅克科技,2025-10-16 13:00:39,77.51,3300,77.54,D
sz002409,雅克科技,2025-10-16 13:00:48,77.56,5200,77.54,U
sz002409,雅克科技,2025-10-16 13:00:54,77.58,3000,77.55,U
sz002409,雅克科技,2025-10-16 13:01:03,77.56,3600,77.56,D
sz002409,雅克科技,2025-10-16 13:01:06,77.53,2900,77.56,D
sz002409,雅克科技,2025-10-16 13:01:09,77.45,26800,77.53,D
sz002409,雅克科技,2025-10-16 13:01:15,77.4,2700,77.43,D
sz002409,雅克科技,2025-10-16 13:01:18,77.36,3000,77.4,D
sz002409,雅克科技,2025-10-16 13:01:21,77.38,8500,77.36,U
sz002409,雅克科技,2025-10-16 13:01:24,77.43,22800,77.38,U
sz002409,雅克科技,2025-10-16 13:01:30,77.39,2900,77.44,D
sz002409,雅克科技,2025-10-16 13:01:39,77.44,3200,77.43,U
sz002409,雅克科技,2025-10-16 13:01:57,77.45,4900,77.45,E
sz002409,雅克科技,2025-10-16 13:02:06,77.53,20500,77.48,U
sz002409,雅克科技,2025-10-16 13:02:09,77.6,6400,77.53,U
sz002409,雅克科技,2025-10-16 13:02:15,77.65,18000,77.6,U
sz002409,雅克科技,2025-10-16 13:02:21,77.7,4300,77.66,E
sz002409,雅克科技,2025-10-16 13:02:27,77.61,10400,77.65,D
sz002409,雅克科技,2025-10-16 13:02:30,77.52,15100,77.61,D
sz002409,雅克科技,2025-10-16 13:02:33,77.51,3000,77.52,D
sz002409,雅克科技,2025-10-16 13:02:36,77.54,3700,77.51,U
sz002409,雅克科技,2025-10-16 13:02:39,77.64,5200,77.54,U
sz002409,雅克科技,2025-10-16 13:02:45,77.44,4000,77.48,D
sz002409,雅克科技,2025-10-16 13:02:48,77.45,3100,77.44,D
sz002409,雅克科技,2025-10-16 13:02:54,77.41,3700,77.45,D
sz002409,雅克科技,2025-10-16 13:03:03,77.43,4600,77.43,U
sz002409,雅克科技,2025-10-16 13:03:12,77.43,4200,77.43,D
sz002409,雅克科技,2025-10-16 13:03:15,77.53,7800,77.43,U
sz002409,雅克科技,2025-10-16 13:03:18,77.51,2900,77.53,D
sz002409,雅克科技,2025-10-16 13:03:27,77.48,5300,77.5,D
sz002409,雅克科技,2025-10-16 13:03:30,77.49,3400,77.48,U
sz002409,雅克科技,2025-10-16 13:03:51,77.49,3000,77.49,D
sz002409,雅克科技,2025-10-16 13:03:57,77.51,6700,77.5,U
sz002409,雅克科技,2025-10-16 13:04:00,77.49,2600,77.51,D
sz002409,雅克科技,2025-10-16 13:04:03,77.44,9000,77.49,D
sz002409,雅克科技,2025-10-16 13:04:06,77.43,6500,77.44,D
sz002409,雅克科技,2025-10-16 13:04:09,77.4,37700,77.43,D
sz002409,雅克科技,2025-10-16 13:04:12,77.35,15600,77.4,D
sz002409,雅克科技,2025-10-16 13:04:15,77.42,10700,77.35,U
sz002409,雅克科技,2025-10-16 13:04:21,77.38,5500,77.34,U
sz002409,雅克科技,2025-10-16 13:04:24,77.41,6600,77.38,E
sz002409,雅克科技,2025-10-16 13:04:30,77.35,3300,77.34,E
sz002409,雅克科技,2025-10-16 13:04:42,77.34,2900,77.4,D
sz002409,雅克科技,2025-10-16 13:04:48,77.33,3900,77.33,D
sz002409,雅克科技,2025-10-16 13:04:51,77.37,2900,77.33,U
sz002409,雅克科技,2025-10-16 13:04:54,77.32,2600,77.37,D
sz002409,雅克科技,2025-10-16 13:05:00,77.31,13000,77.32,D
sz002409,雅克科技,2025-10-16 13:05:03,77.28,3400,77.31,D
sz002409,雅克科技,2025-10-16 13:05:06,77.28,2800,77.28,D
sz002409,雅克科技,2025-10-16 13:05:12,77.28,4100,77.29,D
sz002409,雅克科技,2025-10-16 13:05:21,77.22,2600,77.27,D
sz002409,雅克科技,2025-10-16 13:05:27,77.2,5100,77.22,D
sz002409,雅克科技,2025-10-16 13:05:30,77.24,5200,77.2,U
sz002409,雅克科技,2025-10-16 13:05:33,77.19,12800,77.24,D
sz002409,雅克科技,2025-10-16 13:05:36,77.18,8700,77.19,D
sz002409,雅克科技,2025-10-16 13:05:39,77.24,6000,77.18,U
sz002409,雅克科技,2025-10-16 13:05:42,77.16,4200,77.24,E
sz002409,雅克科技,2025-10-16 13:05:45,77.25,6100,77.16,U
sz002409,雅克科技,2025-10-16 13:05:51,77.27,3600,77.26,U
sz002409,雅克科技,2025-10-16 13:06:03,77.26,3300,77.29,D
sz002409,雅克科技,2025-10-16 13:06:09,77.31,4000,77.29,U
sz002409,雅克科技,2025-10-16 13:06:21,77.3,2800,77.3,U
sz002409,雅克科技,2025-10-16 13:06:24,77.31,4400,77.3,U
sz002409,雅克科技,2025-10-16 13:06:36,77.27,10800,77.26,U
sz002409,雅克科技,2025-10-16 13:06:48,77.22,3200,77.23,D
sz002409,雅克科技,2025-10-16 13:06:51,77.19,13800,77.22,D
sz002409,雅克科技,2025-10-16 13:06:54,77.21,2700,77.19,U
sz002409,雅克科技,2025-10-16 13:06:57,77.16,7400,77.21,U
sz002409,雅克科技,2025-10-16 13:07:00,77.16,3400,77.16,D
sz002409,雅克科技,2025-10-16 13:07:03,77.16,4000,77.16,D
sz002409,雅克科技,2025-10-16 13:07:12,77.21,5500,77.21,U
sz002409,雅克科技,2025-10-16 13:07:15,77.21,3900,77.21,U
sz002409,雅克科技,2025-10-16 13:07:18,77.17,6400,77.21,D
sz002409,雅克科技,2025-10-16 13:07:24,77.14,3700,77.15,D
sz002409,雅克科技,2025-10-16 13:07:27,77.13,4400,77.14,D
sz002409,雅克科技,2025-10-16 13:07:36,77.14,4600,77.14,D
sz002409,雅克科技,2025-10-16 13:07:39,77.13,3100,77.14,D
sz002409,雅克科技,2025-10-16 13:07:42,77.19,2900,77.13,U
sz002409,雅克科技,2025-10-16 13:08:03,77.13,12800,77.14,D
sz002409,雅克科技,2025-10-16 13:08:06,77.13,9300,77.13,U
sz002409,雅克科技,2025-10-16 13:08:12,77.13,5300,77.04,U
sz002409,雅克科技,2025-10-16 13:08:27,77.14,10900,77.11,U
sz002409,雅克科技,2025-10-16 13:08:33,77.1,4800,77.11,D
sz002409,雅克科技,2025-10-16 13:08:36,77.12,15900,77.1,E
sz002409,雅克科技,2025-10-16 13:08:42,77.18,15300,77.11,U
sz002409,雅克科技,2025-10-16 13:08:48,77.12,5600,77.11,E
sz002409,雅克科技,2025-10-16 13:08:51,77.12,4900,77.12,U
sz002409,雅克科技,2025-10-16 13:08:57,77.1,2800,77.11,U
sz002409,雅克科技,2025-10-16 13:09:00,77.08,3400,77.1,D
sz002409,雅克科技,2025-10-16 13:09:03,77.1,4100,77.08,U
sz002409,雅克科技,2025-10-16 13:09:12,77.1,12600,77.08,U
sz002409,雅克科技,2025-10-16 13:09:15,77.13,3000,77.1,U
sz002409,雅克科技,2025-10-16 13:09:18,77.15,4500,77.13,U
sz002409,雅克科技,2025-10-16 13:09:33,77.16,3500,77.15,U
sz002409,雅克科技,2025-10-16 13:09:39,77.18,3600,77.16,U
sz002409,雅克科技,2025-10-16 13:09:42,77.13,3200,77.18,D
sz002409,雅克科技,2025-10-16 13:09:45,77.12,2900,77.13,D
sz002409,雅克科技,2025-10-16 13:09:51,77.12,3000,77.11,U
sz002409,雅克科技,2025-10-16 13:10:06,77.18,21500,77.1,U
sz002409,雅克科技,2025-10-16 13:10:12,77.25,4700,77.18,U
sz002409,雅克科技,2025-10-16 13:10:15,77.17,3400,77.25,D
sz002409,雅克科技,2025-10-16 13:10:18,77.2,2800,77.17,E
sz002409,雅克科技,2025-10-16 13:10:21,77.2,5900,77.2,U
sz002409,雅克科技,2025-10-16 13:10:27,77.19,4100,77.19,U
sz002409,雅克科技,2025-10-16 13:10:36,77.16,5800,77.19,D
sz002409,雅克科技,2025-10-16 13:10:42,77.1,2900,77.12,D
sz002409,雅克科技,2025-10-16 13:10:45,77.09,2600,77.1,D
sz002409,雅克科技,2025-10-16 13:11:00,77.16,9200,77.12,U
sz002409,雅克科技,2025-10-16 13:11:03,77.13,4000,77.16,D
sz002409,雅克科技,2025-10-16 13:11:06,77.19,3100,77.13,U
sz002409,雅克科技,2025-10-16 13:11:12,77.19,4600,77.19,U
sz002409,雅克科技,2025-10-16 13:11:15,77.2,2900,77.19,U
sz002409,雅克科技,2025-10-16 13:11:27,77.12,4200,77.15,D
sz002409,雅克科技,2025-10-16 13:11:30,77.14,6600,77.12,U
sz002409,雅克科技,2025-10-16 13:11:39,77.13,3400,77.16,D
sz002409,雅克科技,2025-10-16 13:11:51,77.13,3700,77.13,D
sz002409,雅克科技,2025-10-16 13:11:54,77.12,5400,77.13,D
sz002409,雅克科技,2025-10-16 13:12:15,77.11,2800,77.13,D
sz002409,雅克科技,2025-10-16 13:12:18,77.1,12500,77.11,D
sz002409,雅克科技,2025-10-16 13:12:21,77.1,9800,77.1,D
sz002409,雅克科技,2025-10-16 13:12:24,77.08,3800,77.1,D
sz002409,雅克科技,2025-10-16 13:12:27,77.06,4900,77.08,D
sz002409,雅克科技,2025-10-16 13:12:30,77.04,6600,77.06,D
sz002409,雅克科技,2025-10-16 13:12:33,77.04,5400,77.04,D
sz002409,雅克科技,2025-10-16 13:12:36,77.06,4100,77.04,U
sz002409,雅克科技,2025-10-16 13:12:42,77.02,5900,77.03,D
sz002409,雅克科技,2025-10-16 13:12:51,77.03,2900,77.03,D
sz002409,雅克科技,2025-10-16 13:12:57,77.01,25700,77.02,D
sz002409,雅克科技,2025-10-16 13:13:03,77.0,9800,77.0,D
sz002409,雅克科技,2025-10-16 13:13:06,77.04,7900,77.0,U
sz002409,雅克科技,2025-10-16 13:13:12,77.0,4400,77.0,D
sz002409,雅克科技,2025-10-16 13:13:24,77.05,10800,77.0,U
sz002409,雅克科技,2025-10-16 13:13:27,77.03,3600,77.05,E
sz002409,雅克科技,2025-10-16 13:13:42,77.0,4100,77.01,D
sz002409,雅克科技,2025-10-16 13:13:51,77.03,4200,77.02,U
sz002409,雅克科技,2025-10-16 13:13:54,77.06,9300,77.03,U
sz002409,雅克科技,2025-10-16 13:13:57,77.07,8300,77.06,U
sz002409,雅克科技,2025-10-16 13:14:03,77.15,24300,77.08,U
sz002409,雅克科技,2025-10-16 13:14:06,77.37,13700,77.15,U
sz002409,雅克科技,2025-10-16 13:14:12,77.19,6900,77.2,D
sz002409,雅克科技,2025-10-16 13:14:15,77.12,3500,77.19,D
sz002409,雅克科技,2025-10-16 13:14:18,77.18,4400,77.12,U
sz002409,雅克科技,2025-10-16 13:14:21,77.2,4700,77.18,U
sz002409,雅克科技,2025-10-16 13:14:27,77.18,3600,77.2,D
sz002409,雅克科技,2025-10-16 13:14:30,77.18,11000,77.18,U
sz002409,雅克科技,2025-10-16 13:14:33,77.15,8700,77.18,D
sz002409,雅克科技,2025-10-16 13:14:36,77.15,4000,77.15,D
sz002409,雅克科技,2025-10-16 13:14:45,77.12,2800,77.14,D
sz002409,雅克科技,2025-10-16 13:15:00,77.1,3300,77.12,D
sz002409,雅克科技,2025-10-16 13:15:06,77.14,6200,77.1,U
sz002409,雅克科技,2025-10-16 13:15:12,77.15,3600,77.1,U
sz002409,雅克科技,2025-10-16 13:15:27,77.15,6100,77.15,U
sz002409,雅克科技,2025-10-16 13:15:39,77.1,3200,77.12,D
sz002409,雅克科技,2025-10-16 13:15:42,77.12,3100,77.1,U
sz002409,雅克科技,2025-10-16 13:15:45,77.14,2700,77.12,U
sz002409,雅克科技,2025-10-16 13:15:48,77.12,3300,77.14,D
sz002409,雅克科技,2025-10-16 13:15:51,77.17,2800,77.12,U
sz002409,雅克科技,2025-10-16 13:15:57,77.17,2900,77.14,U
sz002409,雅克科技,2025-10-16 13:16:03,77.17,2900,77.15,U
sz002409,雅克科技,2025-10-16 13:16:09,77.12,16200,77.17,D
sz002409,雅克科技,2025-10-16 13:16:12,77.1,8700,77.12,D
sz002409,雅克科技,2025-10-16 13:16:18,77.12,3900,77.11,U
sz002409,雅克科技,2025-10-16 13:16:21,77.14,3400,77.12,U
sz002409,雅克科技,2025-10-16 13:16:24,77.11,8000,77.14,D
sz002409,雅克科技,2025-10-16 13:16:27,77.16,2900,77.11,U
sz002409,雅克科技,2025-10-16 13:16:33,77.11,6000,77.11,U
sz002409,雅克科技,2025-10-16 13:16:39,77.11,3500,77.12,D
sz002409,雅克科技,2025-10-16 13:16:45,77.11,3600,77.15,D
sz002409,雅克科技,2025-10-16 13:17:00,77.14,3500,77.14,D
sz002409,雅克科技,2025-10-16 13:17:06,77.17,4800,77.15,U
sz002409,雅克科技,2025-10-16 13:17:09,77.17,5500,77.17,U
sz002409,雅克科技,2025-10-16 13:17:12,77.17,4000,77.17,D
sz002409,雅克科技,2025-10-16 13:17:15,77.17,3300,77.17,D
sz002409,雅克科技,2025-10-16 13:17:27,77.16,3600,77.19,D
sz002409,雅克科技,2025-10-16 13:17:30,77.18,3500,77.16,U
sz002409,雅克科技,2025-10-16 13:17:45,77.19,3500,77.17,U
sz002409,雅克科技,2025-10-16 13:18:09,77.15,2600,77.18,D
sz002409,雅克科技,2025-10-16 13:18:12,77.11,6200,77.15,D
sz002409,雅克科技,2025-10-16 13:18:15,77.07,3500,77.11,D
sz002409,雅克科技,2025-10-16 13:18:18,77.06,4300,77.07,D
sz002409,雅克科技,2025-10-16 13:18:27,77.05,5500,77.06,D
sz002409,雅克科技,2025-10-16 13:18:33,77.05,4300,77.05,D
sz002409,雅克科技,2025-10-16 13:18:36,77.08,6600,77.05,E
sz002409,雅克科技,2025-10-16 13:18:42,77.09,9500,77.05,U
sz002409,雅克科技,2025-10-16 13:18:45,77.09,2900,77.09,U
sz002409,雅克科技,2025-10-16 13:18:57,77.08,2700,77.07,E
sz002409,雅克科技,2025-10-16 13:19:06,77.08,2700,77.06,U
sz002409,雅克科技,2025-10-16 13:19:09,77.1,7000,77.08,U
sz002409,雅克科技,2025-10-16 13:19:12,77.07,5800,77.1,D
sz002409,雅克科技,2025-10-16 13:19:24,77.15,2600,77.11,U
sz002409,雅克科技,2025-10-16 13:19:27,77.11,3900,77.15,D
sz002409,雅克科技,2025-10-16 13:20:00,77.1,9600,77.1,D
sz002409,雅克科技,2025-10-16 13:20:03,77.07,10400,77.1,D
sz002409,雅克科技,2025-10-16 13:20:06,77.05,3000,77.07,D
sz002409,雅克科技,2025-10-16 13:20:09,77.05,3900,77.05,D
sz002409,雅克科技,2025-10-16 13:20:12,77.05,5300,77.05,D
sz002409,雅克科技,2025-10-16 13:20:15,77.05,6300,77.05,D
sz002409,雅克科技,2025-10-16 13:20:21,77.05,5400,77.05,D
sz002409,雅克科技,2025-10-16 13:20:33,77.05,4300,77.06,D
sz002409,雅克科技,2025-10-16 13:20:45,77.05,7200,77.06,D
sz002409,雅克科技,2025-10-16 13:20:51,77.09,3900,77.06,U
sz002409,雅克科技,2025-10-16 13:20:57,77.06,5500,77.08,D
sz002409,雅克科技,2025-10-16 13:21:03,77.05,2700,77.06,D
sz002409,雅克科技,2025-10-16 13:21:06,77.15,55800,77.05,U
sz002409,雅克科技,2025-10-16 13:21:12,77.18,9400,77.13,U
sz002409,雅克科技,2025-10-16 13:21:15,77.19,2700,77.18,U
sz002409,雅克科技,2025-10-16 13:21:18,77.2,3200,77.19,U
sz002409,雅克科技,2025-10-16 13:21:21,77.21,6800,77.2,U
sz002409,雅克科技,2025-10-16 13:21:24,77.21,8700,77.21,U
sz002409,雅克科技,2025-10-16 13:21:27,77.22,2900,77.21,D
sz002409,雅克科技,2025-10-16 13:21:33,77.21,4700,77.23,D
sz002409,雅克科技,2025-10-16 13:21:45,77.3,8400,77.3,U
sz002409,雅克科技,2025-10-16 13:21:48,77.26,2600,77.3,D
sz002409,雅克科技,2025-10-16 13:22:00,77.23,9100,77.22,U
sz002409,雅克科技,2025-10-16 13:22:03,77.22,14000,77.23,D
sz002409,雅克科技,2025-10-16 13:22:06,77.27,3500,77.22,U
sz002409,雅克科技,2025-10-16 13:22:09,77.3,3300,77.27,U
sz002409,雅克科技,2025-10-16 13:22:27,77.26,5600,77.23,U
sz002409,雅克科技,2025-10-16 13:22:48,77.2,14900,77.25,D
sz002409,雅克科技,2025-10-16 13:22:51,77.2,8900,77.2,D
sz002409,雅克科技,2025-10-16 13:22:54,77.2,7500,77.2,U
sz002409,雅克科技,2025-10-16 13:22:57,77.2,4100,77.2,U
sz002409,雅克科技,2025-10-16 13:23:15,77.13,3700,77.18,D
sz002409,雅克科技,2025-10-16 13:23:24,77.17,2800,77.18,D
sz002409,雅克科技,2025-10-16 13:23:33,77.17,3000,77.17,D
sz002409,雅克科技,2025-10-16 13:23:48,77.12,5800,77.13,D
sz002409,雅克科技,2025-10-16 13:23:51,77.12,2900,77.12,U
sz002409,雅克科技,2025-10-16 13:23:57,77.14,2800,77.12,U
sz002409,雅克科技,2025-10-16 13:24:06,77.05,10000,77.14,D
sz002409,雅克科技,2025-10-16 13:24:09,77.09,9700,77.05,U
sz002409,雅克科技,2025-10-16 13:24:12,77.1,4900,77.09,U
sz002409,雅克科技,2025-10-16 13:24:15,77.04,8200,77.1,U
sz002409,雅克科技,2025-10-16 13:24:18,77.04,13000,77.04,U
sz002409,雅克科技,2025-10-16 13:24:21,77.17,3400,77.04,U
sz002409,雅克科技,2025-10-16 13:24:30,77.07,5000,77.19,D
sz002409,雅克科技,2025-10-16 13:24:36,77.06,3000,77.07,D
sz002409,雅克科技,2025-10-16 13:24:54,77.09,3200,77.07,E
sz002409,雅克科技,2025-10-16 13:25:00,77.07,6600,77.09,D
sz002409,雅克科技,2025-10-16 13:25:03,77.12,6900,77.07,U
sz002409,雅克科技,2025-10-16 13:25:18,77.08,4200,77.1,D
sz002409,雅克科技,2025-10-16 13:25:27,77.1,4400,77.09,U
sz002409,雅克科技,2025-10-16 13:25:30,77.1,3300,77.1,D
sz002409,雅克科技,2025-10-16 13:25:33,77.11,5000,77.1,U
sz002409,雅克科技,2025-10-16 13:25:36,77.12,2900,77.11,U
sz002409,雅克科技,2025-10-16 13:25:42,77.11,2600,77.12,D
sz002409,雅克科技,2025-10-16 13:25:45,77.12,2700,77.11,U
sz002409,雅克科技,2025-10-16 13:25:51,77.09,3200,77.11,D
sz002409,雅克科技,2025-10-16 13:26:03,77.06,17700,77.09,D
sz002409,雅克科技,2025-10-16 13:26:06,77.01,8300,77.06,D
sz002409,雅克科技,2025-10-16 13:26:09,76.98,87000,77.01,D
sz002409,雅克科技,2025-10-16 13:26:12,77.0,11900,76.98,U
sz002409,雅克科技,2025-10-16 13:26:15,76.94,8300,77.0,D
sz002409,雅克科技,2025-10-16 13:26:18,76.91,9800,76.94,D
sz002409,雅克科技,2025-10-16 13:26:21,77.0,6800,76.91,U
sz002409,雅克科技,2025-10-16 13:26:24,76.97,6000,77.0,E
sz002409,雅克科技,2025-10-16 13:26:27,76.97,4300,76.97,D
sz002409,雅克科技,2025-10-16 13:26:33,76.97,4000,77.0,D
sz002409,雅克科技,2025-10-16 13:26:36,76.99,4100,76.97,U
sz002409,雅克科技,2025-10-16 13:26:39,77.06,2800,76.99,U
sz002409,雅克科技,2025-10-16 13:26:42,77.0,8900,77.06,D
sz002409,雅克科技,2025-10-16 13:26:54,76.94,6000,76.99,D
sz002409,雅克科技,2025-10-16 13:27:03,76.91,13100,76.93,D
sz002409,雅克科技,2025-10-16 13:27:06,76.92,8400,76.91,U
sz002409,雅克科技,2025-10-16 13:27:09,77.0,5700,76.92,U
sz002409,雅克科技,2025-10-16 13:27:12,77.0,4700,77.0,D
sz002409,雅克科技,2025-10-16 13:27:15,77.0,3600,77.0,D
sz002409,雅克科技,2025-10-16 13:27:48,76.89,10100,76.91,D
sz002409,雅克科技,2025-10-16 13:27:54,76.95,11200,76.92,U
sz002409,雅克科技,2025-10-16 13:27:57,76.98,3600,76.95,U
sz002409,雅克科技,2025-10-16 13:28:21,76.9,3100,76.91,D
sz002409,雅克科技,2025-10-16 13:28:33,76.9,4900,76.89,U
sz002409,雅克科技,2025-10-16 13:28:39,76.88,2900,76.9,D
sz002409,雅克科技,2025-10-16 13:28:45,76.88,3000,76.88,D
sz002409,雅克科技,2025-10-16 13:29:06,76.97,47800,76.83,U
sz002409,雅克科技,2025-10-16 13:29:09,76.93,4200,76.97,D
sz002409,雅克科技,2025-10-16 13:29:12,77.05,5500,76.93,U
sz002409,雅克科技,2025-10-16 13:29:15,76.94,3800,77.05,D
sz002409,雅克科技,2025-10-16 13:29:18,77.04,4500,76.94,U
sz002409,雅克科技,2025-10-16 13:29:30,77.0,3900,76.96,U
sz002409,雅克科技,2025-10-16 13:29:51,76.93,6900,76.94,D
sz002409,雅克科技,2025-10-16 13:29:57,76.88,5300,76.91,D
sz002409,雅克科技,2025-10-16 13:30:18,76.83,8100,76.83,D
sz002409,雅克科技,2025-10-16 13:30:21,76.83,10000,76.83,D
sz002409,雅克科技,2025-10-16 13:30:27,76.81,3100,76.83,D
sz002409,雅克科技,2025-10-16 13:30:33,76.8,3500,76.81,D
sz002409,雅克科技,2025-10-16 13:30:36,76.8,3700,76.8,D
sz002409,雅克科技,2025-10-16 13:30:39,76.81,8300,76.8,U
sz002409,雅克科技,2025-10-16 13:30:42,76.8,4400,76.81,D
sz002409,雅克科技,2025-10-16 13:30:45,76.8,11000,76.8,D
sz002409,雅克科技,2025-10-16 13:30:48,76.8,3000,76.8,U
sz002409,雅克科技,2025-10-16 13:31:00,76.8,5600,76.8,U
sz002409,雅克科技,2025-10-16 13:31:03,76.79,5100,76.8,D
sz002409,雅克科技,2025-10-16 13:31:06,76.81,3200,76.79,U
sz002409,雅克科技,2025-10-16 13:31:09,76.82,3600,76.81,U
sz002409,雅克科技,2025-10-16 13:31:12,76.89,5400,76.82,U
sz002409,雅克科技,2025-10-16 13:31:15,76.89,3100,76.89,D
sz002409,雅克科技,2025-10-16 13:31:27,76.8,4400,76.82,D
sz002409,雅克科技,2025-10-16 13:31:30,76.77,3400,76.8,D
sz002409,雅克科技,2025-10-16 13:31:33,76.78,7000,76.77,U
sz002409,雅克科技,2025-10-16 13:31:39,76.78,3200,76.79,U
sz002409,雅克科技,2025-10-16 13:31:51,76.75,4000,76.75,D
sz002409,雅克科技,2025-10-16 13:32:03,76.72,3200,76.72,D
sz002409,雅克科技,2025-10-16 13:32:09,76.72,2700,76.72,D
sz002409,雅克科技,2025-10-16 13:32:12,76.8,31900,76.72,U
sz002409,雅克科技,2025-10-16 13:32:15,76.9,6100,76.8,U
sz002409,雅克科技,2025-10-16 13:32:18,76.9,7200,76.9,U
sz002409,雅克科技,2025-10-16 13:32:24,76.81,3300,76.92,D
sz002409,雅克科技,2025-10-16 13:32:45,76.84,7400,76.88,E
sz002409,雅克科技,2025-10-16 13:33:27,76.88,2700,76.87,U
sz002409,雅克科技,2025-10-16 13:33:57,76.88,6000,76.88,U
sz002409,雅克科技,2025-10-16 13:34:00,76.9,4800,76.88,U
sz002409,雅克科技,2025-10-16 13:34:03,76.92,4800,76.9,U
sz002409,雅克科技,2025-10-16 13:34:06,76.94,16600,76.92,U
sz002409,雅克科技,2025-10-16 13:34:09,76.97,3600,76.94,U
sz002409,雅克科技,2025-10-16 13:34:12,77.0,2900,76.97,U
sz002409,雅克科技,2025-10-16 13:34:21,76.96,9600,77.0,D
sz002409,雅克科技,2025-10-16 13:34:24,76.99,3100,76.96,U
sz002409,雅克科技,2025-10-16 13:34:45,76.99,3800,76.98,U
sz002409,雅克科技,2025-10-16 13:34:51,77.01,2900,77.0,U
sz002409,雅克科技,2025-10-16 13:35:18,77.02,3100,77.02,U
sz002409,雅克科技,2025-10-16 13:35:27,77.02,3800,77.02,D
sz002409,雅克科技,2025-10-16 13:35:30,77.02,3500,77.02,D
sz002409,雅克科技,2025-10-16 13:36:12,77.02,15200,77.04,D
sz002409,雅克科技,2025-10-16 13:36:15,77.02,15300,77.02,D
sz002409,雅克科技,2025-10-16 13:36:18,77.02,5000,77.02,U
sz002409,雅克科技,2025-10-16 13:36:21,77.04,3000,77.02,U
sz002409,雅克科技,2025-10-16 13:36:24,77.02,3000,77.04,E
sz002409,雅克科技,2025-10-16 13:36:27,77.0,12300,77.02,D
sz002409,雅克科技,2025-10-16 13:36:33,77.0,2800,76.93,U
sz002409,雅克科技,2025-10-16 13:36:39,76.91,7500,77.0,D
sz002409,雅克科技,2025-10-16 13:36:42,76.9,3400,76.91,D
sz002409,雅克科技,2025-10-16 13:36:48,76.91,3100,76.93,D
sz002409,雅克科技,2025-10-16 13:36:57,76.87,4700,76.86,U
sz002409,雅克科技,2025-10-16 13:37:03,76.83,9300,76.83,U
sz002409,雅克科技,2025-10-16 13:37:18,76.87,3000,76.9,D
sz002409,雅克科技,2025-10-16 13:37:36,76.87,3600,76.92,D
sz002409,雅克科技,2025-10-16 13:37:48,76.88,4200,76.87,U
sz002409,雅克科技,2025-10-16 13:38:03,76.88,4700,76.88,D
sz002409,雅克科技,2025-10-16 13:38:06,76.86,16100,76.88,D
sz002409,雅克科技,2025-10-16 13:38:09,76.83,7000,76.86,D
sz002409,雅克科技,2025-10-16 13:38:12,76.83,3200,76.83,D
sz002409,雅克科技,2025-10-16 13:38:30,76.8,5100,76.86,D
sz002409,雅克科技,2025-10-16 13:38:45,76.8,10000,76.8,D
sz002409,雅克科技,2025-10-16 13:38:48,76.79,3300,76.8,D
sz002409,雅克科技,2025-10-16 13:39:03,76.71,8200,76.73,D
sz002409,雅克科技,2025-10-16 13:39:06,76.73,5000,76.71,U
sz002409,雅克科技,2025-10-16 13:39:09,76.7,3400,76.73,D
sz002409,雅克科技,2025-10-16 13:39:12,76.73,3000,76.7,U
sz002409,雅克科技,2025-10-16 13:39:21,76.75,24000,76.7,U
sz002409,雅克科技,2025-10-16 13:39:24,76.73,5600,76.75,D
sz002409,雅克科技,2025-10-16 13:39:27,76.87,4600,76.73,U
sz002409,雅克科技,2025-10-16 13:39:30,76.87,8100,76.87,U
sz002409,雅克科技,2025-10-16 13:39:33,76.87,3400,76.87,U
sz002409,雅克科技,2025-10-16 13:40:12,76.84,9700,76.8,U
sz002409,雅克科技,2025-10-16 13:40:15,76.86,8300,76.84,U
sz002409,雅克科技,2025-10-16 13:40:18,76.85,5500,76.86,D
sz002409,雅克科技,2025-10-16 13:40:27,76.87,3100,76.85,U
sz002409,雅克科技,2025-10-16 13:40:54,76.88,9800,76.89,D
sz002409,雅克科技,2025-10-16 13:40:57,77.0,3100,76.88,U
sz002409,雅克科技,2025-10-16 13:41:06,76.87,6400,76.91,D
sz002409,雅克科技,2025-10-16 13:41:09,76.88,5000,76.87,U
sz002409,雅克科技,2025-10-16 13:41:12,76.9,3300,76.88,U
sz002409,雅克科技,2025-10-16 13:41:27,76.9,2800,76.9,U
sz002409,雅克科技,2025-10-16 13:41:30,76.88,3900,76.9,D
sz002409,雅克科技,2025-10-16 13:41:36,76.95,10200,76.88,U
sz002409,雅克科技,2025-10-16 13:41:42,77.0,3900,77.0,U
sz002409,雅克科技,2025-10-16 13:42:18,76.9,5800,76.89,U
sz002409,雅克科技,2025-10-16 13:42:24,76.88,5500,76.89,D
sz002409,雅克科技,2025-10-16 13:42:27,76.89,15800,76.88,U
sz002409,雅克科技,2025-10-16 13:42:33,76.86,3900,76.89,E
sz002409,雅克科技,2025-10-16 13:42:42,76.92,3600,76.9,U
sz002409,雅克科技,2025-10-16 13:42:45,76.86,5000,76.92,D
sz002409,雅克科技,2025-10-16 13:43:06,76.94,12100,76.91,U
sz002409,雅克科技,2025-10-16 13:43:09,76.96,5300,76.94,U
sz002409,雅克科技,2025-10-16 13:43:12,77.01,2600,76.96,U
sz002409,雅克科技,2025-10-16 13:43:30,76.93,3300,76.98,D
sz002409,雅克科技,2025-10-16 13:43:33,76.95,4600,76.93,U
sz002409,雅克科技,2025-10-16 13:43:57,76.83,8900,76.88,D
sz002409,雅克科技,2025-10-16 13:44:03,76.89,2700,76.86,U
sz002409,雅克科技,2025-10-16 13:44:27,76.83,2900,76.85,D
sz002409,雅克科技,2025-10-16 13:44:33,76.8,5200,76.8,D
sz002409,雅克科技,2025-10-16 13:45:00,76.86,20200,76.8,U
sz002409,雅克科技,2025-10-16 13:45:03,76.9,4300,76.86,U
sz002409,雅克科技,2025-10-16 13:45:09,76.91,5600,77.01,D
sz002409,雅克科技,2025-10-16 13:45:18,76.9,3100,77.0,D
sz002409,雅克科技,2025-10-16 13:45:33,76.87,3200,76.81,U
sz002409,雅克科技,2025-10-16 13:46:09,76.83,3100,76.84,D
sz002409,雅克科技,2025-10-16 13:46:12,76.83,2900,76.83,U
sz002409,雅克科技,2025-10-16 13:46:15,76.82,4600,76.83,D
sz002409,雅克科技,2025-10-16 13:46:30,76.82,5100,76.82,D
sz002409,雅克科技,2025-10-16 13:46:33,76.81,4400,76.82,D
sz002409,雅克科技,2025-10-16 13:46:51,76.77,5000,76.77,D
sz002409,雅克科技,2025-10-16 13:47:27,76.77,3500,76.78,D
sz002409,雅克科技,2025-10-16 13:47:36,76.76,4600,76.8,D
sz002409,雅克科技,2025-10-16 13:47:54,76.79,7000,76.78,U
sz002409,雅克科技,2025-10-16 13:47:57,76.78,3800,76.79,U
sz002409,雅克科技,2025-10-16 13:48:18,76.71,4700,76.73,D
sz002409,雅克科技,2025-10-16 13:48:21,76.7,7300,76.71,D
sz002409,雅克科技,2025-10-16 13:48:27,76.7,2700,76.71,D
sz002409,雅克科技,2025-10-16 13:48:30,76.7,3400,76.7,D
sz002409,雅克科技,2025-10-16 13:48:33,76.7,9600,76.7,D
sz002409,雅克科技,2025-10-16 13:48:36,76.73,4000,76.7,U
sz002409,雅克科技,2025-10-16 13:48:42,76.71,4800,76.71,D
sz002409,雅克科技,2025-10-16 13:48:45,76.72,5000,76.71,U
sz002409,雅克科技,2025-10-16 13:48:57,76.71,6400,76.7,U
sz002409,雅克科技,2025-10-16 13:49:06,76.7,5400,76.7,D
sz002409,雅克科技,2025-10-16 13:49:33,76.67,5100,76.68,D
sz002409,雅克科技,2025-10-16 13:49:36,76.66,2800,76.67,D
sz002409,雅克科技,2025-10-16 13:49:39,76.66,5800,76.66,D
sz002409,雅克科技,2025-10-16 13:49:42,76.68,6700,76.66,U
sz002409,雅克科技,2025-10-16 13:49:45,76.69,11100,76.68,U
sz002409,雅克科技,2025-10-16 13:49:48,76.67,8900,76.69,D
sz002409,雅克科技,2025-10-16 13:49:51,76.72,6000,76.67,U
sz002409,雅克科技,2025-10-16 13:49:54,76.67,4600,76.72,D
sz002409,雅克科技,2025-10-16 13:50:06,76.69,2700,76.67,E
sz002409,雅克科技,2025-10-16 13:50:09,76.67,5200,76.69,D
sz002409,雅克科技,2025-10-16 13:50:12,76.72,3400,76.67,U
sz002409,雅克科技,2025-10-16 13:50:15,76.73,5500,76.72,U
sz002409,雅克科技,2025-10-16 13:50:18,76.77,5300,76.73,U
sz002409,雅克科技,2025-10-16 13:50:21,76.67,7300,76.77,D
sz002409,雅克科技,2025-10-16 13:51:03,76.74,28000,76.7,U
sz002409,雅克科技,2025-10-16 13:51:06,76.81,4900,76.74,U
sz002409,雅克科技,2025-10-16 13:51:09,76.75,5600,76.81,D
sz002409,雅克科技,2025-10-16 13:51:12,76.74,3200,76.75,D
sz002409,雅克科技,2025-10-16 13:51:51,76.77,3300,76.78,D
sz002409,雅克科技,2025-10-16 13:51:54,76.74,6100,76.77,E
sz002409,雅克科技,2025-10-16 13:52:00,76.82,3800,76.79,U
sz002409,雅克科技,2025-10-16 13:52:03,76.82,4100,76.82,U
sz002409,雅克科技,2025-10-16 13:52:12,76.73,3100,76.81,D
sz002409,雅克科技,2025-10-16 13:52:24,76.76,3500,76.75,U
sz002409,雅克科技,2025-10-16 13:53:03,76.75,27200,76.73,U
sz002409,雅克科技,2025-10-16 13:53:06,76.81,6900,76.75,U
sz002409,雅克科技,2025-10-16 13:53:09,76.85,3700,76.81,U
sz002409,雅克科技,2025-10-16 13:53:12,76.85,2900,76.85,U
sz002409,雅克科技,2025-10-16 13:53:33,76.86,2700,76.83,U
sz002409,雅克科技,2025-10-16 13:54:12,76.87,4100,76.86,U
sz002409,雅克科技,2025-10-16 13:54:15,76.89,17600,76.87,U
sz002409,雅克科技,2025-10-16 13:54:18,76.97,12200,76.89,U
sz002409,雅克科技,2025-10-16 13:54:21,76.99,3000,76.97,U
sz002409,雅克科技,2025-10-16 13:54:30,77.01,6100,77.0,U
sz002409,雅克科技,2025-10-16 13:54:39,77.04,3700,77.07,D
sz002409,雅克科技,2025-10-16 13:54:42,77.07,5200,77.04,U
sz002409,雅克科技,2025-10-16 13:54:45,77.07,5000,77.07,U
sz002409,雅克科技,2025-10-16 13:54:48,77.07,2800,77.07,U
sz002409,雅克科技,2025-10-16 13:54:51,77.07,3000,77.07,U
sz002409,雅克科技,2025-10-16 13:54:54,77.08,2800,77.07,U
sz002409,雅克科技,2025-10-16 13:54:57,77.03,6500,77.08,D
sz002409,雅克科技,2025-10-16 13:55:03,77.06,3000,77.03,U
sz002409,雅克科技,2025-10-16 13:55:09,77.06,7400,77.06,U
sz002409,雅克科技,2025-10-16 13:55:33,77.1,3200,77.08,U
sz002409,雅克科技,2025-10-16 13:55:51,77.11,3400,77.11,U
sz002409,雅克科技,2025-10-16 13:56:03,77.12,4000,77.11,U
sz002409,雅克科技,2025-10-16 13:56:06,77.12,4800,77.12,U
sz002409,雅克科技,2025-10-16 13:56:09,77.13,2800,77.12,U
sz002409,雅克科技,2025-10-16 13:56:24,77.06,26600,77.13,D
sz002409,雅克科技,2025-10-16 13:56:27,77.11,8100,77.06,U
sz002409,雅克科技,2025-10-16 13:56:33,77.11,9800,77.11,U
sz002409,雅克科技,2025-10-16 13:56:39,77.13,3600,77.12,U
sz002409,雅克科技,2025-10-16 13:57:06,77.01,5600,77.04,D
sz002409,雅克科技,2025-10-16 13:57:09,77.04,6100,77.01,U
sz002409,雅克科技,2025-10-16 13:57:12,77.05,3500,77.04,U
sz002409,雅克科技,2025-10-16 13:57:21,77.02,2800,77.0,U
sz002409,雅克科技,2025-10-16 13:57:24,77.05,4000,77.02,U
sz002409,雅克科技,2025-10-16 13:57:30,77.07,7400,77.06,U
sz002409,雅克科技,2025-10-16 13:57:51,77.12,10000,77.12,E
sz002409,雅克科技,2025-10-16 13:57:54,77.1,3700,77.12,E
sz002409,雅克科技,2025-10-16 13:57:57,77.08,5300,77.1,E
sz002409,雅克科技,2025-10-16 13:58:00,77.02,3200,77.08,D
sz002409,雅克科技,2025-10-16 13:58:03,76.99,4100,77.02,D
sz002409,雅克科技,2025-10-16 13:58:12,77.05,3500,76.99,U
