symbol,name,ticktime,price,volume,prev_price,kind
sz002409,雅克科技,2025-09-25 09:25:00,70.92,434600,0.0,D
sz002409,雅克科技,2025-09-25 09:30:00,71.17,245500,70.92,U
sz002409,雅克科技,2025-09-25 09:30:03,71.22,191800,71.17,U
sz002409,雅克科技,2025-09-25 09:30:06,71.49,48000,71.22,U
sz002409,雅克科技,2025-09-25 09:30:09,71.6,30100,71.49,U
sz002409,雅克科技,2025-09-25 09:30:12,71.78,16100,71.6,U
sz002409,雅克科技,2025-09-25 09:30:15,71.81,17600,71.78,U
sz002409,雅克科技,2025-09-25 09:30:18,71.87,28000,71.81,U
sz002409,雅克科技,2025-09-25 09:30:21,71.91,71000,71.87,U
sz002409,雅克科技,2025-09-25 09:30:24,71.97,24400,71.91,U
sz002409,雅克科技,2025-09-25 09:30:27,72.0,45600,71.97,U
sz002409,雅克科技,2025-09-25 09:30:30,72.01,38400,72.0,U
sz002409,雅克科技,2025-09-25 09:30:33,72.16,22500,72.01,U
sz002409,雅克科技,2025-09-25 09:30:36,72.12,20900,72.16,E
sz002409,雅克科技,2025-09-25 09:30:39,72.21,49600,72.12,U
sz002409,雅克科技,2025-09-25 09:30:42,72.38,120800,72.21,U
sz002409,雅克科技,2025-09-25 09:30:45,72.45,35900,72.38,U
sz002409,雅克科技,2025-09-25 09:30:48,72.46,49800,72.45,D
sz002409,雅克科技,2025-09-25 09:30:51,72.78,40000,72.46,U
sz002409,雅克科技,2025-09-25 09:30:54,72.8,24300,72.78,U
sz002409,雅克科技,2025-09-25 09:30:57,72.96,110500,72.8,U
sz002409,雅克科技,2025-09-25 09:31:00,72.96,97400,72.96,D
sz002409,雅克科技,2025-09-25 09:31:03,72.96,68300,72.96,U
sz002409,雅克科技,2025-09-25 09:31:06,73.15,115000,72.96,U
sz002409,雅克科技,2025-09-25 09:31:09,73.04,45800,73.15,D
sz002409,雅克科技,2025-09-25 09:31:12,73.03,57800,73.04,D
sz002409,雅克科技,2025-09-25 09:31:15,73.19,62400,73.03,U
sz002409,雅克科技,2025-09-25 09:31:18,73.19,69300,73.19,D
sz002409,雅克科技,2025-09-25 09:31:21,73.03,33300,73.19,D
sz002409,雅克科技,2025-09-25 09:31:24,72.98,56500,73.03,D
sz002409,雅克科技,2025-09-25 09:31:27,72.82,37400,72.98,D
sz002409,雅克科技,2025-09-25 09:31:30,72.82,17500,72.82,D
sz002409,雅克科技,2025-09-25 09:31:33,72.71,43200,72.82,D
sz002409,雅克科技,2025-09-25 09:31:36,72.75,258800,72.71,U
sz002409,雅克科技,2025-09-25 09:31:39,72.71,67900,72.75,D
sz002409,雅克科技,2025-09-25 09:31:42,72.74,63200,72.71,U
sz002409,雅克科技,2025-09-25 09:31:45,72.71,21600,72.74,U
sz002409,雅克科技,2025-09-25 09:31:48,72.73,33600,72.71,E
sz002409,雅克科技,2025-09-25 09:31:51,72.71,49400,72.73,D
sz002409,雅克科技,2025-09-25 09:31:54,72.68,40800,72.71,D
sz002409,雅克科技,2025-09-25 09:31:57,72.66,25900,72.68,D
sz002409,雅克科技,2025-09-25 09:32:00,72.68,101900,72.66,E
sz002409,雅克科技,2025-09-25 09:32:03,72.66,30400,72.68,D
sz002409,雅克科技,2025-09-25 09:32:06,72.63,40600,72.66,E
sz002409,雅克科技,2025-09-25 09:32:09,72.62,34500,72.63,D
sz002409,雅克科技,2025-09-25 09:32:12,72.62,45600,72.62,U
sz002409,雅克科技,2025-09-25 09:32:15,72.6,21200,72.62,D
sz002409,雅克科技,2025-09-25 09:32:18,72.54,35000,72.6,D
sz002409,雅克科技,2025-09-25 09:32:21,72.64,59500,72.54,U
sz002409,雅克科技,2025-09-25 09:32:24,72.65,30000,72.64,E
sz002409,雅克科技,2025-09-25 09:32:27,72.75,21100,72.65,E
sz002409,雅克科技,2025-09-25 09:32:30,72.75,33800,72.75,D
sz002409,雅克科技,2025-09-25 09:32:33,72.8,22100,72.75,U
sz002409,雅克科技,2025-09-25 09:32:36,72.8,46300,72.8,U
sz002409,雅克科技,2025-09-25 09:32:39,72.81,12300,72.8,U
sz002409,雅克科技,2025-09-25 09:32:42,72.9,29100,72.81,U
sz002409,雅克科技,2025-09-25 09:32:45,72.9,14600,72.9,D
sz002409,雅克科技,2025-09-25 09:32:48,72.99,74400,72.9,U
sz002409,雅克科技,2025-09-25 09:32:51,72.92,16800,72.99,D
sz002409,雅克科技,2025-09-25 09:32:54,73.0,18900,72.92,U
sz002409,雅克科技,2025-09-25 09:32:57,72.92,47900,73.0,D
sz002409,雅克科技,2025-09-25 09:33:00,72.92,44100,72.92,U
sz002409,雅克科技,2025-09-25 09:33:03,72.9,20700,72.92,E
sz002409,雅克科技,2025-09-25 09:33:06,72.84,11000,72.9,E
sz002409,雅克科技,2025-09-25 09:33:09,73.02,53800,72.84,U
sz002409,雅克科技,2025-09-25 09:33:12,73.0,22200,73.02,D
sz002409,雅克科技,2025-09-25 09:33:15,73.02,14000,73.0,D
sz002409,雅克科技,2025-09-25 09:33:18,73.06,19200,73.02,U
sz002409,雅克科技,2025-09-25 09:33:21,73.06,21000,73.06,U
sz002409,雅克科技,2025-09-25 09:33:24,72.83,63200,73.06,D
sz002409,雅克科技,2025-09-25 09:33:27,72.9,17600,72.83,U
sz002409,雅克科技,2025-09-25 09:33:30,72.9,6500,72.9,U
sz002409,雅克科技,2025-09-25 09:33:33,73.0,46300,72.9,U
sz002409,雅克科技,2025-09-25 09:33:36,73.06,21400,73.0,U
sz002409,雅克科技,2025-09-25 09:33:39,73.06,36300,73.06,D
sz002409,雅克科技,2025-09-25 09:33:42,73.08,42000,73.06,E
sz002409,雅克科技,2025-09-25 09:33:45,73.2,10000,73.08,U
sz002409,雅克科技,2025-09-25 09:33:48,73.2,40000,73.2,U
sz002409,雅克科技,2025-09-25 09:33:51,73.2,20700,73.2,D
sz002409,雅克科技,2025-09-25 09:33:54,73.2,82000,73.2,U
sz002409,雅克科技,2025-09-25 09:33:57,73.21,35900,73.2,U
sz002409,雅克科技,2025-09-25 09:34:00,73.18,53100,73.21,D
sz002409,雅克科技,2025-09-25 09:34:03,73.21,18100,73.18,U
sz002409,雅克科技,2025-09-25 09:34:06,73.21,79200,73.21,U
sz002409,雅克科技,2025-09-25 09:34:09,73.39,73800,73.21,U
sz002409,雅克科技,2025-09-25 09:34:12,73.37,13900,73.39,D
sz002409,雅克科技,2025-09-25 09:34:15,73.31,20000,73.37,D
sz002409,雅克科技,2025-09-25 09:34:18,73.28,56500,73.31,E
sz002409,雅克科技,2025-09-25 09:34:21,73.2,29100,73.28,E
sz002409,雅克科技,2025-09-25 09:34:24,73.2,23500,73.2,U
sz002409,雅克科技,2025-09-25 09:34:27,73.2,32450,73.2,U
sz002409,雅克科技,2025-09-25 09:34:30,73.18,53900,73.2,E
sz002409,雅克科技,2025-09-25 09:34:33,73.1,26300,73.18,D
sz002409,雅克科技,2025-09-25 09:34:36,73.02,23800,73.1,D
sz002409,雅克科技,2025-09-25 09:34:39,73.03,27500,73.02,E
sz002409,雅克科技,2025-09-25 09:34:42,73.02,30300,73.03,D
sz002409,雅克科技,2025-09-25 09:34:45,73.01,27200,73.02,D
sz002409,雅克科技,2025-09-25 09:34:48,72.89,10450,73.01,D
sz002409,雅克科技,2025-09-25 09:34:51,72.79,44600,72.89,D
sz002409,雅克科技,2025-09-25 09:34:54,72.82,18500,72.79,U
sz002409,雅克科技,2025-09-25 09:34:57,72.7,17600,72.82,D
sz002409,雅克科技,2025-09-25 09:35:00,72.6,16800,72.7,D
sz002409,雅克科技,2025-09-25 09:35:03,72.58,23900,72.6,E
sz002409,雅克科技,2025-09-25 09:35:06,72.51,19200,72.58,D
sz002409,雅克科技,2025-09-25 09:35:09,72.5,23800,72.51,E
sz002409,雅克科技,2025-09-25 09:35:12,72.49,41800,72.5,D
sz002409,雅克科技,2025-09-25 09:35:15,72.48,22892,72.49,D
sz002409,雅克科技,2025-09-25 09:35:18,72.53,74700,72.48,U
sz002409,雅克科技,2025-09-25 09:35:21,72.67,17400,72.53,U
sz002409,雅克科技,2025-09-25 09:35:24,72.69,55300,72.67,U
sz002409,雅克科技,2025-09-25 09:35:27,72.68,27300,72.69,D
sz002409,雅克科技,2025-09-25 09:35:30,72.88,10400,72.68,U
sz002409,雅克科技,2025-09-25 09:35:33,72.89,7000,72.88,U
sz002409,雅克科技,2025-09-25 09:35:36,72.88,12100,72.89,D
sz002409,雅克科技,2025-09-25 09:35:39,72.81,4800,72.88,D
sz002409,雅克科技,2025-09-25 09:35:42,72.81,23500,72.81,D
sz002409,雅克科技,2025-09-25 09:35:45,72.81,11700,72.81,U
sz002409,雅克科技,2025-09-25 09:35:48,72.81,21800,72.81,D
sz002409,雅克科技,2025-09-25 09:35:51,72.81,7900,72.81,U
sz002409,雅克科技,2025-09-25 09:35:54,72.81,22200,72.81,U
sz002409,雅克科技,2025-09-25 09:35:57,72.73,33800,72.81,D
sz002409,雅克科技,2025-09-25 09:36:00,72.67,20200,72.73,D
sz002409,雅克科技,2025-09-25 09:36:03,72.66,17300,72.67,D
sz002409,雅克科技,2025-09-25 09:36:06,72.55,14000,72.66,E
sz002409,雅克科技,2025-09-25 09:36:09,72.54,18100,72.55,D
sz002409,雅克科技,2025-09-25 09:36:12,72.5,36700,72.54,D
sz002409,雅克科技,2025-09-25 09:36:15,72.36,12200,72.5,D
sz002409,雅克科技,2025-09-25 09:36:18,72.3,28400,72.36,D
sz002409,雅克科技,2025-09-25 09:36:21,72.24,11300,72.3,D
sz002409,雅克科技,2025-09-25 09:36:24,72.24,41000,72.24,D
sz002409,雅克科技,2025-09-25 09:36:27,72.2,41100,72.24,D
sz002409,雅克科技,2025-09-25 09:36:30,72.13,25800,72.2,D
sz002409,雅克科技,2025-09-25 09:36:33,72.1,8800,72.13,D
sz002409,雅克科技,2025-09-25 09:36:36,72.18,99800,72.1,U
sz002409,雅克科技,2025-09-25 09:36:39,72.18,63600,72.18,D
sz002409,雅克科技,2025-09-25 09:36:42,72.18,54900,72.18,E
sz002409,雅克科技,2025-09-25 09:36:45,72.13,18400,72.18,D
sz002409,雅克科技,2025-09-25 09:36:48,72.15,9600,72.13,E
sz002409,雅克科技,2025-09-25 09:36:51,72.1,24400,72.15,D
sz002409,雅克科技,2025-09-25 09:36:54,72.1,20800,72.1,D
sz002409,雅克科技,2025-09-25 09:36:57,72.11,33700,72.1,U
sz002409,雅克科技,2025-09-25 09:37:00,72.13,45700,72.11,E
sz002409,雅克科技,2025-09-25 09:37:03,72.05,29200,72.13,D
sz002409,雅克科技,2025-09-25 09:37:06,72.01,39100,72.05,D
sz002409,雅克科技,2025-09-25 09:37:09,71.99,16900,72.01,D
sz002409,雅克科技,2025-09-25 09:37:12,72.0,15200,71.99,U
sz002409,雅克科技,2025-09-25 09:37:15,71.92,22200,72.0,E
sz002409,雅克科技,2025-09-25 09:37:18,71.86,5500,71.92,D
sz002409,雅克科技,2025-09-25 09:37:21,71.86,11800,71.86,D
sz002409,雅克科技,2025-09-25 09:37:24,71.74,8800,71.86,D
sz002409,雅克科技,2025-09-25 09:37:27,71.75,18600,71.74,E
sz002409,雅克科技,2025-09-25 09:37:30,71.74,77000,71.75,D
sz002409,雅克科技,2025-09-25 09:37:33,71.75,53900,71.74,U
sz002409,雅克科技,2025-09-25 09:37:36,71.75,39500,71.75,D
sz002409,雅克科技,2025-09-25 09:37:39,71.88,36300,71.75,U
sz002409,雅克科技,2025-09-25 09:37:42,71.99,26100,71.88,U
sz002409,雅克科技,2025-09-25 09:37:45,71.86,11500,71.99,D
sz002409,雅克科技,2025-09-25 09:37:48,71.91,6500,71.86,E
sz002409,雅克科技,2025-09-25 09:37:51,71.99,17200,71.91,E
sz002409,雅克科技,2025-09-25 09:37:54,71.88,9300,71.99,D
sz002409,雅克科技,2025-09-25 09:37:57,71.9,3300,71.88,E
sz002409,雅克科技,2025-09-25 09:38:00,71.91,7500,71.9,U
sz002409,雅克科技,2025-09-25 09:38:03,71.91,12900,71.91,U
sz002409,雅克科技,2025-09-25 09:38:06,71.98,5800,71.91,U
sz002409,雅克科技,2025-09-25 09:38:09,71.97,27500,71.98,D
sz002409,雅克科技,2025-09-25 09:38:12,71.98,5400,71.97,U
sz002409,雅克科技,2025-09-25 09:38:15,71.97,26700,71.98,D
sz002409,雅克科技,2025-09-25 09:38:18,72.0,8900,71.97,U
sz002409,雅克科技,2025-09-25 09:38:21,72.12,15300,72.0,U
sz002409,雅克科技,2025-09-25 09:38:24,72.12,17400,72.12,U
sz002409,雅克科技,2025-09-25 09:38:27,72.0,35400,72.12,D
sz002409,雅克科技,2025-09-25 09:38:30,72.11,7600,72.0,U
sz002409,雅克科技,2025-09-25 09:38:33,72.09,36200,72.11,E
sz002409,雅克科技,2025-09-25 09:38:36,72.01,19200,72.09,D
sz002409,雅克科技,2025-09-25 09:38:39,72.01,8300,72.01,U
sz002409,雅克科技,2025-09-25 09:38:42,72.0,7500,72.01,U
sz002409,雅克科技,2025-09-25 09:38:45,72.0,13600,72.0,D
sz002409,雅克科技,2025-09-25 09:38:48,72.01,10800,72.0,U
sz002409,雅克科技,2025-09-25 09:38:51,72.0,5900,72.01,D
sz002409,雅克科技,2025-09-25 09:38:54,72.03,29100,72.0,E
sz002409,雅克科技,2025-09-25 09:38:57,72.0,17600,72.03,D
sz002409,雅克科技,2025-09-25 09:39:00,72.1,6400,72.0,E
sz002409,雅克科技,2025-09-25 09:39:03,72.3,16100,72.1,U
sz002409,雅克科技,2025-09-25 09:39:06,72.23,2900,72.3,U
sz002409,雅克科技,2025-09-25 09:39:09,72.29,7500,72.23,U
sz002409,雅克科技,2025-09-25 09:39:12,72.31,4100,72.29,E
sz002409,雅克科技,2025-09-25 09:39:15,72.4,30100,72.31,E
sz002409,雅克科技,2025-09-25 09:39:18,72.29,3600,72.4,E
sz002409,雅克科技,2025-09-25 09:39:21,72.31,24400,72.29,U
sz002409,雅克科技,2025-09-25 09:39:24,72.36,12700,72.31,U
sz002409,雅克科技,2025-09-25 09:39:27,72.29,19100,72.36,D
sz002409,雅克科技,2025-09-25 09:39:30,72.27,24700,72.29,U
sz002409,雅克科技,2025-09-25 09:39:33,72.25,17700,72.27,E
sz002409,雅克科技,2025-09-25 09:39:36,72.26,12700,72.25,U
sz002409,雅克科技,2025-09-25 09:39:39,72.24,14800,72.26,E
sz002409,雅克科技,2025-09-25 09:39:42,72.28,17000,72.24,E
sz002409,雅克科技,2025-09-25 09:39:45,72.3,13000,72.28,U
sz002409,雅克科技,2025-09-25 09:39:48,72.26,14300,72.3,D
sz002409,雅克科技,2025-09-25 09:39:51,72.3,4100,72.26,U
sz002409,雅克科技,2025-09-25 09:39:54,72.35,3500,72.3,U
sz002409,雅克科技,2025-09-25 09:39:57,72.3,8300,72.35,D
sz002409,雅克科技,2025-09-25 09:40:00,72.29,9100,72.3,D
sz002409,雅克科技,2025-09-25 09:40:03,72.26,29600,72.29,D
sz002409,雅克科技,2025-09-25 09:40:06,72.2,10600,72.26,D
sz002409,雅克科技,2025-09-25 09:40:09,72.14,12900,72.2,D
sz002409,雅克科技,2025-09-25 09:40:12,72.11,18100,72.14,D
sz002409,雅克科技,2025-09-25 09:40:15,72.07,16000,72.11,D
sz002409,雅克科技,2025-09-25 09:40:18,72.09,14400,72.07,U
sz002409,雅克科技,2025-09-25 09:40:21,72.03,13200,72.09,D
sz002409,雅克科技,2025-09-25 09:40:24,72.07,29200,72.03,U
sz002409,雅克科技,2025-09-25 09:40:27,72.14,11500,72.07,U
sz002409,雅克科技,2025-09-25 09:40:30,72.1,28600,72.14,E
sz002409,雅克科技,2025-09-25 09:40:33,72.02,6900,72.1,E
sz002409,雅克科技,2025-09-25 09:40:36,72.09,9300,72.02,U
sz002409,雅克科技,2025-09-25 09:40:39,72.17,22400,72.09,U
sz002409,雅克科技,2025-09-25 09:40:42,72.27,12200,72.17,U
sz002409,雅克科技,2025-09-25 09:40:45,72.35,20400,72.27,U
sz002409,雅克科技,2025-09-25 09:40:48,72.34,11200,72.35,D
sz002409,雅克科技,2025-09-25 09:40:51,72.39,4200,72.34,E
sz002409,雅克科技,2025-09-25 09:40:54,72.5,6600,72.39,U
sz002409,雅克科技,2025-09-25 09:40:57,72.44,5200,72.5,D
sz002409,雅克科技,2025-09-25 09:41:00,72.47,3100,72.44,D
sz002409,雅克科技,2025-09-25 09:41:03,72.5,18200,72.47,U
sz002409,雅克科技,2025-09-25 09:41:06,72.46,14200,72.5,D
sz002409,雅克科技,2025-09-25 09:41:09,72.5,6600,72.46,U
sz002409,雅克科技,2025-09-25 09:41:12,72.43,7400,72.5,D
sz002409,雅克科技,2025-09-25 09:41:15,72.45,4900,72.43,U
sz002409,雅克科技,2025-09-25 09:41:18,72.5,11100,72.45,U
sz002409,雅克科技,2025-09-25 09:41:21,72.54,8000,72.5,U
sz002409,雅克科技,2025-09-25 09:41:24,72.66,7400,72.54,U
sz002409,雅克科技,2025-09-25 09:41:27,72.65,4500,72.66,U
sz002409,雅克科技,2025-09-25 09:41:33,72.65,9000,72.65,U
sz002409,雅克科技,2025-09-25 09:41:36,72.65,6700,72.65,D
sz002409,雅克科技,2025-09-25 09:41:39,72.65,4600,72.65,D
sz002409,雅克科技,2025-09-25 09:41:42,72.67,4900,72.65,U
sz002409,雅克科技,2025-09-25 09:41:45,72.65,32700,72.67,D
sz002409,雅克科技,2025-09-25 09:41:48,72.47,28700,72.65,D
sz002409,雅克科技,2025-09-25 09:41:51,72.49,10200,72.47,U
sz002409,雅克科技,2025-09-25 09:41:54,72.34,19600,72.49,D
sz002409,雅克科技,2025-09-25 09:42:00,72.29,3200,72.34,E
sz002409,雅克科技,2025-09-25 09:42:03,72.27,6900,72.29,D
sz002409,雅克科技,2025-09-25 09:42:06,72.2,4500,72.27,D
sz002409,雅克科技,2025-09-25 09:42:09,72.13,12100,72.2,D
sz002409,雅克科技,2025-09-25 09:42:12,72.11,3600,72.13,D
sz002409,雅克科技,2025-09-25 09:42:15,72.28,26300,72.11,U
sz002409,雅克科技,2025-09-25 09:42:18,72.2,15000,72.28,D
sz002409,雅克科技,2025-09-25 09:42:21,72.21,40100,72.2,D
sz002409,雅克科技,2025-09-25 09:42:24,72.29,5400,72.21,E
sz002409,雅克科技,2025-09-25 09:42:27,72.29,15300,72.29,D
sz002409,雅克科技,2025-09-25 09:42:30,72.29,3100,72.29,D
sz002409,雅克科技,2025-09-25 09:42:33,72.29,2800,72.29,D
sz002409,雅克科技,2025-09-25 09:42:36,72.3,6700,72.29,U
sz002409,雅克科技,2025-09-25 09:42:39,72.24,3900,72.3,E
sz002409,雅克科技,2025-09-25 09:42:42,72.15,9400,72.24,D
sz002409,雅克科技,2025-09-25 09:42:45,72.15,5100,72.15,D
sz002409,雅克科技,2025-09-25 09:42:48,72.14,7000,72.15,E
sz002409,雅克科技,2025-09-25 09:42:51,72.01,7700,72.14,D
sz002409,雅克科技,2025-09-25 09:42:54,72.01,5600,72.01,D
sz002409,雅克科技,2025-09-25 09:42:57,72.01,3600,72.01,D
sz002409,雅克科技,2025-09-25 09:43:00,72.03,9100,72.01,U
sz002409,雅克科技,2025-09-25 09:43:03,72.03,6600,72.03,D
sz002409,雅克科技,2025-09-25 09:43:06,72.01,2800,72.03,D
sz002409,雅克科技,2025-09-25 09:43:09,71.91,71500,72.01,D
sz002409,雅克科技,2025-09-25 09:43:12,71.86,17700,71.91,D
sz002409,雅克科技,2025-09-25 09:43:15,71.86,14400,71.86,D
sz002409,雅克科技,2025-09-25 09:43:18,71.96,34200,71.86,U
sz002409,雅克科技,2025-09-25 09:43:21,71.88,3800,71.96,D
sz002409,雅克科技,2025-09-25 09:43:24,71.88,5900,71.88,D
sz002409,雅克科技,2025-09-25 09:43:27,71.93,9600,71.88,E
sz002409,雅克科技,2025-09-25 09:43:30,71.93,38600,71.93,D
sz002409,雅克科技,2025-09-25 09:43:33,71.95,16900,71.93,U
sz002409,雅克科技,2025-09-25 09:43:36,72.11,39300,71.95,U
sz002409,雅克科技,2025-09-25 09:43:39,72.08,54000,72.11,E
sz002409,雅克科技,2025-09-25 09:43:42,71.95,5300,72.08,D
sz002409,雅克科技,2025-09-25 09:43:45,71.99,2800,71.95,E
sz002409,雅克科技,2025-09-25 09:43:48,71.99,2900,71.99,D
sz002409,雅克科技,2025-09-25 09:43:54,71.96,7600,71.99,D
sz002409,雅克科技,2025-09-25 09:44:00,71.92,5800,71.96,D
sz002409,雅克科技,2025-09-25 09:44:03,71.9,13100,71.92,D
sz002409,雅克科技,2025-09-25 09:44:06,72.01,19600,71.9,U
sz002409,雅克科技,2025-09-25 09:44:09,71.96,7100,72.01,E
sz002409,雅克科技,2025-09-25 09:44:12,72.01,17000,71.96,D
sz002409,雅克科技,2025-09-25 09:44:15,72.08,5000,72.01,U
sz002409,雅克科技,2025-09-25 09:44:18,72.21,31900,72.08,U
sz002409,雅克科技,2025-09-25 09:44:27,72.29,4100,72.2,U
sz002409,雅克科技,2025-09-25 09:44:30,72.29,5100,72.29,U
sz002409,雅克科技,2025-09-25 09:44:33,72.29,11800,72.29,U
sz002409,雅克科技,2025-09-25 09:44:36,72.28,11900,72.29,D
sz002409,雅克科技,2025-09-25 09:44:39,72.26,16800,72.28,D
sz002409,雅克科技,2025-09-25 09:44:42,72.29,4100,72.26,E
sz002409,雅克科技,2025-09-25 09:44:45,72.2,18300,72.29,D
sz002409,雅克科技,2025-09-25 09:44:48,72.26,41200,72.2,U
sz002409,雅克科技,2025-09-25 09:44:51,72.26,8800,72.26,U
sz002409,雅克科技,2025-09-25 09:44:57,72.29,7300,72.28,U
sz002409,雅克科技,2025-09-25 09:45:00,72.28,5000,72.29,D
sz002409,雅克科技,2025-09-25 09:45:03,72.28,8600,72.28,D
sz002409,雅克科技,2025-09-25 09:45:06,72.26,5800,72.28,D
sz002409,雅克科技,2025-09-25 09:45:09,72.26,27300,72.26,D
sz002409,雅克科技,2025-09-25 09:45:12,72.26,8700,72.26,U
sz002409,雅克科技,2025-09-25 09:45:15,72.21,5500,72.26,D
sz002409,雅克科技,2025-09-25 09:45:21,72.15,6900,72.15,D
sz002409,雅克科技,2025-09-25 09:45:24,72.12,7000,72.15,D
sz002409,雅克科技,2025-09-25 09:45:27,72.12,5000,72.12,D
sz002409,雅克科技,2025-09-25 09:45:30,72.09,3800,72.12,D
sz002409,雅克科技,2025-09-25 09:45:33,72.08,5700,72.09,D
sz002409,雅克科技,2025-09-25 09:45:36,72.03,9000,72.08,D
sz002409,雅克科技,2025-09-25 09:45:39,72.02,2968,72.03,D
sz002409,雅克科技,2025-09-25 09:45:45,72.0,17600,72.02,D
sz002409,雅克科技,2025-09-25 09:45:48,72.1,52668,72.0,U
sz002409,雅克科技,2025-09-25 09:45:51,72.1,13200,72.1,D
sz002409,雅克科技,2025-09-25 09:45:54,72.1,4000,72.1,D
sz002409,雅克科技,2025-09-25 09:45:57,72.1,25100,72.1,D
sz002409,雅克科技,2025-09-25 09:46:03,72.1,11200,72.1,D
sz002409,雅克科技,2025-09-25 09:46:06,72.1,7400,72.1,D
sz002409,雅克科技,2025-09-25 09:46:12,72.0,20400,72.03,D
sz002409,雅克科技,2025-09-25 09:46:15,71.99,8000,72.0,D
sz002409,雅克科技,2025-09-25 09:46:18,71.9,15900,71.99,D
sz002409,雅克科技,2025-09-25 09:46:21,71.95,3800,71.9,U
sz002409,雅克科技,2025-09-25 09:46:24,71.9,3200,71.95,D
sz002409,雅克科技,2025-09-25 09:46:27,71.86,4400,71.9,D
sz002409,雅克科技,2025-09-25 09:46:30,71.86,7000,71.86,D
sz002409,雅克科技,2025-09-25 09:46:33,71.82,8100,71.86,D
sz002409,雅克科技,2025-09-25 09:46:36,71.8,23000,71.82,D
sz002409,雅克科技,2025-09-25 09:46:39,71.78,8100,71.8,D
sz002409,雅克科技,2025-09-25 09:46:42,71.75,5700,71.78,D
sz002409,雅克科技,2025-09-25 09:46:45,71.79,28400,71.75,U
sz002409,雅克科技,2025-09-25 09:46:48,71.75,16700,71.79,D
sz002409,雅克科技,2025-09-25 09:46:51,71.82,59300,71.75,U
sz002409,雅克科技,2025-09-25 09:46:54,71.79,8700,71.82,D
sz002409,雅克科技,2025-09-25 09:46:57,71.79,4200,71.79,D
sz002409,雅克科技,2025-09-25 09:47:00,71.82,16700,71.79,U
sz002409,雅克科技,2025-09-25 09:47:03,71.85,23500,71.82,U
sz002409,雅克科技,2025-09-25 09:47:06,71.83,33300,71.85,D
sz002409,雅克科技,2025-09-25 09:47:09,71.83,3100,71.83,D
sz002409,雅克科技,2025-09-25 09:47:12,71.8,15700,71.83,D
sz002409,雅克科技,2025-09-25 09:47:15,71.73,13700,71.8,D
sz002409,雅克科技,2025-09-25 09:47:18,71.65,13600,71.73,D
sz002409,雅克科技,2025-09-25 09:47:21,71.71,11700,71.65,U
sz002409,雅克科技,2025-09-25 09:47:24,71.6,13700,71.71,D
sz002409,雅克科技,2025-09-25 09:47:27,71.56,3800,71.6,D
sz002409,雅克科技,2025-09-25 09:47:30,71.48,24600,71.56,D
sz002409,雅克科技,2025-09-25 09:47:33,71.4,5100,71.48,D
sz002409,雅克科技,2025-09-25 09:47:36,71.4,20700,71.4,D
sz002409,雅克科技,2025-09-25 09:47:39,71.42,62900,71.4,E
sz002409,雅克科技,2025-09-25 09:47:42,71.4,27600,71.42,D
sz002409,雅克科技,2025-09-25 09:47:45,71.4,11300,71.4,D
sz002409,雅克科技,2025-09-25 09:47:48,71.42,9700,71.4,E
sz002409,雅克科技,2025-09-25 09:47:51,71.47,35900,71.42,U
sz002409,雅克科技,2025-09-25 09:47:54,71.4,23300,71.47,D
sz002409,雅克科技,2025-09-25 09:47:57,71.47,6800,71.4,E
sz002409,雅克科技,2025-09-25 09:48:00,71.47,20700,71.47,E
sz002409,雅克科技,2025-09-25 09:48:03,71.47,54300,71.47,E
sz002409,雅克科技,2025-09-25 09:48:06,71.47,44200,71.47,D
sz002409,雅克科技,2025-09-25 09:48:09,71.56,4700,71.47,E
sz002409,雅克科技,2025-09-25 09:48:12,71.55,26200,71.56,D
sz002409,雅克科技,2025-09-25 09:48:15,71.65,50900,71.55,U
sz002409,雅克科技,2025-09-25 09:48:18,71.7,33300,71.65,U
sz002409,雅克科技,2025-09-25 09:48:21,71.7,3900,71.7,D
sz002409,雅克科技,2025-09-25 09:48:27,71.77,12600,71.77,E
sz002409,雅克科技,2025-09-25 09:48:30,71.71,14500,71.77,D
sz002409,雅克科技,2025-09-25 09:48:33,71.7,4200,71.71,E
sz002409,雅克科技,2025-09-25 09:48:36,71.66,24600,71.7,E
sz002409,雅克科技,2025-09-25 09:48:39,71.74,88000,71.66,E
sz002409,雅克科技,2025-09-25 09:48:42,71.84,21400,71.74,E
sz002409,雅克科技,2025-09-25 09:48:48,71.85,9400,71.85,U
sz002409,雅克科技,2025-09-25 09:48:51,71.75,35900,71.85,D
sz002409,雅克科技,2025-09-25 09:48:54,71.73,3900,71.75,E
sz002409,雅克科技,2025-09-25 09:48:57,71.75,6800,71.73,E
sz002409,雅克科技,2025-09-25 09:49:00,71.76,6300,71.75,E
sz002409,雅克科技,2025-09-25 09:49:03,71.79,7800,71.76,U
sz002409,雅克科技,2025-09-25 09:49:06,71.75,8300,71.79,E
sz002409,雅克科技,2025-09-25 09:49:09,71.65,5800,71.75,D
sz002409,雅克科技,2025-09-25 09:49:12,71.67,5000,71.65,D
sz002409,雅克科技,2025-09-25 09:49:15,71.65,12000,71.67,D
sz002409,雅克科技,2025-09-25 09:49:18,71.65,8500,71.65,D
sz002409,雅克科技,2025-09-25 09:49:21,71.6,7400,71.65,D
sz002409,雅克科技,2025-09-25 09:49:24,71.61,14600,71.6,U
sz002409,雅克科技,2025-09-25 09:49:27,71.54,8100,71.61,D
sz002409,雅克科技,2025-09-25 09:49:30,71.54,10400,71.54,D
sz002409,雅克科技,2025-09-25 09:49:33,71.5,23500,71.54,D
sz002409,雅克科技,2025-09-25 09:49:36,71.48,26100,71.5,E
sz002409,雅克科技,2025-09-25 09:49:39,71.55,14700,71.48,U
sz002409,雅克科技,2025-09-25 09:49:42,71.54,30300,71.55,D
sz002409,雅克科技,2025-09-25 09:49:45,71.67,9000,71.54,U
sz002409,雅克科技,2025-09-25 09:49:48,71.73,4100,71.67,U
sz002409,雅克科技,2025-09-25 09:49:51,71.77,7000,71.73,U
sz002409,雅克科技,2025-09-25 09:49:54,71.8,13800,71.77,U
sz002409,雅克科技,2025-09-25 09:49:57,71.83,4500,71.8,U
sz002409,雅克科技,2025-09-25 09:50:00,71.83,3600,71.83,U
sz002409,雅克科技,2025-09-25 09:50:03,71.76,6500,71.83,D
sz002409,雅克科技,2025-09-25 09:50:06,71.78,8700,71.76,E
sz002409,雅克科技,2025-09-25 09:50:09,71.78,12000,71.78,U
sz002409,雅克科技,2025-09-25 09:50:12,71.67,11300,71.78,E
sz002409,雅克科技,2025-09-25 09:50:15,71.65,8500,71.67,E
sz002409,雅克科技,2025-09-25 09:50:18,71.66,20800,71.65,D
sz002409,雅克科技,2025-09-25 09:50:21,71.69,32500,71.66,E
sz002409,雅克科技,2025-09-25 09:50:24,71.89,51600,71.69,U
sz002409,雅克科技,2025-09-25 09:50:27,71.87,22500,71.89,D
sz002409,雅克科技,2025-09-25 09:50:30,71.89,16300,71.87,D
sz002409,雅克科技,2025-09-25 09:50:33,71.89,41600,71.89,D
sz002409,雅克科技,2025-09-25 09:50:36,71.87,29800,71.89,D
sz002409,雅克科技,2025-09-25 09:50:39,72.01,13400,71.87,E
sz002409,雅克科技,2025-09-25 09:50:42,72.0,19300,72.01,D
sz002409,雅克科技,2025-09-25 09:50:45,72.0,4400,72.0,D
sz002409,雅克科技,2025-09-25 09:50:48,72.01,8100,72.0,U
sz002409,雅克科技,2025-09-25 09:50:51,72.11,37900,72.01,U
sz002409,雅克科技,2025-09-25 09:50:54,72.02,12300,72.11,U
sz002409,雅克科技,2025-09-25 09:50:57,72.1,12400,72.02,U
sz002409,雅克科技,2025-09-25 09:51:00,72.05,6072,72.1,D
sz002409,雅克科技,2025-09-25 09:51:03,72.18,18700,72.05,U
sz002409,雅克科技,2025-09-25 09:51:06,72.01,15400,72.18,D
sz002409,雅克科技,2025-09-25 09:51:09,72.05,6200,72.01,E
sz002409,雅克科技,2025-09-25 09:51:15,72.13,28900,72.02,U
sz002409,雅克科技,2025-09-25 09:51:18,72.13,5200,72.13,E
sz002409,雅克科技,2025-09-25 09:51:21,72.1,6700,72.13,D
sz002409,雅克科技,2025-09-25 09:51:27,72.13,4100,72.07,U
sz002409,雅克科技,2025-09-25 09:51:30,72.1,8200,72.13,E
sz002409,雅克科技,2025-09-25 09:51:33,72.1,23300,72.1,D
sz002409,雅克科技,2025-09-25 09:51:36,72.04,4000,72.1,D
sz002409,雅克科技,2025-09-25 09:51:39,72.05,6600,72.04,E
sz002409,雅克科技,2025-09-25 09:51:42,72.04,8400,72.05,D
sz002409,雅克科技,2025-09-25 09:51:48,71.96,6400,72.01,D
sz002409,雅克科技,2025-09-25 09:51:57,71.88,8600,71.95,D
sz002409,雅克科技,2025-09-25 09:52:00,71.95,11500,71.88,D
sz002409,雅克科技,2025-09-25 09:52:03,71.95,9400,71.95,U
sz002409,雅克科技,2025-09-25 09:52:06,71.6,16600,71.95,D
sz002409,雅克科技,2025-09-25 09:52:12,71.87,3600,71.87,D
sz002409,雅克科技,2025-09-25 09:52:18,71.9,4900,71.88,E
sz002409,雅克科技,2025-09-25 09:52:21,71.88,8100,71.9,D
sz002409,雅克科技,2025-09-25 09:52:24,71.88,5200,71.88,U
sz002409,雅克科技,2025-09-25 09:52:30,71.84,4100,71.88,D
sz002409,雅克科技,2025-09-25 09:52:36,71.77,5300,71.8,D
sz002409,雅克科技,2025-09-25 09:52:39,71.8,3600,71.77,U
sz002409,雅克科技,2025-09-25 09:52:42,71.81,2900,71.8,U
sz002409,雅克科技,2025-09-25 09:52:45,71.8,13100,71.81,D
sz002409,雅克科技,2025-09-25 09:52:48,71.79,3700,71.8,D
sz002409,雅克科技,2025-09-25 09:52:51,71.81,3600,71.79,U
sz002409,雅克科技,2025-09-25 09:52:54,71.71,4900,71.81,D
sz002409,雅克科技,2025-09-25 09:52:57,71.72,21600,71.71,U
sz002409,雅克科技,2025-09-25 09:53:03,71.81,9600,71.78,U
sz002409,雅克科技,2025-09-25 09:53:06,71.71,15600,71.81,D
sz002409,雅克科技,2025-09-25 09:53:09,71.72,7200,71.71,E
sz002409,雅克科技,2025-09-25 09:53:12,71.71,16600,71.72,D
sz002409,雅克科技,2025-09-25 09:53:15,71.7,5000,71.71,D
sz002409,雅克科技,2025-09-25 09:53:27,71.64,3000,71.64,D
sz002409,雅克科技,2025-09-25 09:53:30,71.57,5000,71.64,D
sz002409,雅克科技,2025-09-25 09:53:36,71.5,7400,71.58,D
sz002409,雅克科技,2025-09-25 09:53:42,71.47,8300,71.5,D
sz002409,雅克科技,2025-09-25 09:53:45,71.49,12200,71.47,E
sz002409,雅克科技,2025-09-25 09:53:48,71.43,6100,71.49,D
sz002409,雅克科技,2025-09-25 09:53:54,71.4,5300,71.42,D
sz002409,雅克科技,2025-09-25 09:53:57,71.4,8500,71.4,D
sz002409,雅克科技,2025-09-25 09:54:00,71.5,64600,71.4,U
sz002409,雅克科技,2025-09-25 09:54:03,71.49,26300,71.5,D
sz002409,雅克科技,2025-09-25 09:54:06,71.55,8100,71.49,E
sz002409,雅克科技,2025-09-25 09:54:09,71.65,5900,71.55,U
sz002409,雅克科技,2025-09-25 09:54:12,71.65,8000,71.65,D
sz002409,雅克科技,2025-09-25 09:54:15,71.71,7600,71.65,U
sz002409,雅克科技,2025-09-25 09:54:18,71.8,8700,71.71,U
sz002409,雅克科技,2025-09-25 09:54:21,71.82,7500,71.8,U
sz002409,雅克科技,2025-09-25 09:54:27,71.77,8900,71.8,D
sz002409,雅克科技,2025-09-25 09:54:30,71.8,3200,71.77,U
sz002409,雅克科技,2025-09-25 09:54:33,71.76,2900,71.8,E
sz002409,雅克科技,2025-09-25 09:54:36,71.77,2800,71.76,D
sz002409,雅克科技,2025-09-25 09:54:39,71.77,4500,71.77,D
sz002409,雅克科技,2025-09-25 09:54:42,71.77,3700,71.77,D
sz002409,雅克科技,2025-09-25 09:54:48,71.72,7500,71.77,D
sz002409,雅克科技,2025-09-25 09:54:51,71.74,22500,71.72,U
sz002409,雅克科技,2025-09-25 09:54:54,71.68,9400,71.74,E
sz002409,雅克科技,2025-09-25 09:54:57,71.73,3800,71.68,U
sz002409,雅克科技,2025-09-25 09:55:03,71.72,3200,71.79,D
sz002409,雅克科技,2025-09-25 09:55:06,71.8,5300,71.72,U
sz002409,雅克科技,2025-09-25 09:55:09,71.79,5900,71.8,E
sz002409,雅克科技,2025-09-25 09:55:12,71.72,7200,71.79,D
sz002409,雅克科技,2025-09-25 09:55:21,71.72,18887,71.71,U
sz002409,雅克科技,2025-09-25 09:55:24,71.73,5600,71.72,E
sz002409,雅克科技,2025-09-25 09:55:30,71.88,9413,71.8,U
sz002409,雅克科技,2025-09-25 09:55:33,71.77,4300,71.88,E
sz002409,雅克科技,2025-09-25 09:55:36,71.71,3400,71.77,D
sz002409,雅克科技,2025-09-25 09:55:39,71.88,3700,71.71,U
sz002409,雅克科技,2025-09-25 09:55:42,71.9,9900,71.88,U
sz002409,雅克科技,2025-09-25 09:55:45,71.74,12600,71.9,D
sz002409,雅克科技,2025-09-25 09:55:51,72.1,54600,71.93,U
sz002409,雅克科技,2025-09-25 09:55:54,72.14,18300,72.1,U
sz002409,雅克科技,2025-09-25 09:55:57,72.16,34848,72.14,U
sz002409,雅克科技,2025-09-25 09:56:00,72.27,2900,72.16,U
sz002409,雅克科技,2025-09-25 09:56:03,72.38,41500,72.27,U
sz002409,雅克科技,2025-09-25 09:56:06,72.49,6000,72.38,U
sz002409,雅克科技,2025-09-25 09:56:09,72.5,25000,72.49,U
sz002409,雅克科技,2025-09-25 09:56:12,72.59,8000,72.5,U
sz002409,雅克科技,2025-09-25 09:56:15,72.56,3200,72.59,E
sz002409,雅克科技,2025-09-25 09:56:18,72.52,45300,72.56,D
sz002409,雅克科技,2025-09-25 09:56:21,72.3,11000,72.52,D
sz002409,雅克科技,2025-09-25 09:56:24,72.31,3200,72.3,E
sz002409,雅克科技,2025-09-25 09:56:27,72.49,3100,72.31,U
sz002409,雅克科技,2025-09-25 09:56:30,72.51,14600,72.49,U
sz002409,雅克科技,2025-09-25 09:56:33,72.49,9300,72.51,U
sz002409,雅克科技,2025-09-25 09:56:36,72.49,6000,72.49,D
sz002409,雅克科技,2025-09-25 09:56:39,72.49,16400,72.49,D
sz002409,雅克科技,2025-09-25 09:56:42,72.49,11200,72.49,U
sz002409,雅克科技,2025-09-25 09:56:45,72.49,9900,72.49,U
sz002409,雅克科技,2025-09-25 09:56:51,72.49,11500,72.47,U
sz002409,雅克科技,2025-09-25 09:56:54,72.52,12600,72.49,U
sz002409,雅克科技,2025-09-25 09:56:57,72.53,6400,72.52,U
sz002409,雅克科技,2025-09-25 09:57:00,72.56,8800,72.53,U
sz002409,雅克科技,2025-09-25 09:57:03,72.49,18500,72.56,D
sz002409,雅克科技,2025-09-25 09:57:06,72.55,7800,72.49,U
sz002409,雅克科技,2025-09-25 09:57:09,72.5,8500,72.55,D
sz002409,雅克科技,2025-09-25 09:57:18,72.33,14000,72.39,D
sz002409,雅克科技,2025-09-25 09:57:24,72.4,10200,72.4,U
sz002409,雅克科技,2025-09-25 09:57:27,72.19,3000,72.4,D
sz002409,雅克科技,2025-09-25 09:57:30,72.19,7800,72.19,D
sz002409,雅克科技,2025-09-25 09:57:36,72.18,3000,72.19,D
sz002409,雅克科技,2025-09-25 09:58:00,72.0,2800,72.07,D
sz002409,雅克科技,2025-09-25 09:58:03,72.0,2900,72.0,D
sz002409,雅克科技,2025-09-25 09:58:06,71.92,4200,72.0,D
sz002409,雅克科技,2025-09-25 09:58:12,72.0,5700,71.93,U
sz002409,雅克科技,2025-09-25 09:58:21,71.99,3700,71.94,E
sz002409,雅克科技,2025-09-25 09:58:24,71.93,7300,71.99,D
sz002409,雅克科技,2025-09-25 09:58:27,72.02,6200,71.93,U
sz002409,雅克科技,2025-09-25 09:58:30,72.0,11600,72.02,D
sz002409,雅克科技,2025-09-25 09:58:33,71.93,16800,72.0,D
sz002409,雅克科技,2025-09-25 09:58:39,72.1,4200,72.04,U
sz002409,雅克科技,2025-09-25 09:58:42,72.11,11400,72.1,U
sz002409,雅克科技,2025-09-25 09:58:54,72.16,17900,72.13,U
sz002409,雅克科技,2025-09-25 09:59:00,72.05,4200,72.08,E
sz002409,雅克科技,2025-09-25 09:59:03,72.04,3600,72.05,D
sz002409,雅克科技,2025-09-25 09:59:09,71.98,6700,72.06,D
sz002409,雅克科技,2025-09-25 09:59:15,71.94,5500,71.97,D
sz002409,雅克科技,2025-09-25 09:59:18,71.93,6700,71.94,D
sz002409,雅克科技,2025-09-25 09:59:24,71.88,4700,71.92,D
sz002409,雅克科技,2025-09-25 09:59:27,71.93,5200,71.88,U
sz002409,雅克科技,2025-09-25 09:59:33,71.86,16400,71.93,D
sz002409,雅克科技,2025-09-25 09:59:39,71.9,5000,71.93,E
sz002409,雅克科技,2025-09-25 09:59:45,71.93,6000,71.9,U
sz002409,雅克科技,2025-09-25 09:59:48,71.88,4600,71.93,D
sz002409,雅克科技,2025-09-25 09:59:57,71.91,4100,71.88,E
sz002409,雅克科技,2025-09-25 10:00:03,71.9,6900,71.92,D
sz002409,雅克科技,2025-09-25 10:00:06,72.15,30300,71.9,U
sz002409,雅克科技,2025-09-25 10:00:12,72.08,8000,72.15,D
sz002409,雅克科技,2025-09-25 10:00:21,71.99,2800,72.02,D
sz002409,雅克科技,2025-09-25 10:00:24,72.06,3500,71.99,E
sz002409,雅克科技,2025-09-25 10:00:27,72.01,3600,72.06,E
sz002409,雅克科技,2025-09-25 10:00:30,72.09,5200,72.01,U
sz002409,雅克科技,2025-09-25 10:00:33,72.07,2800,72.09,E
sz002409,雅克科技,2025-09-25 10:00:36,72.02,7300,72.07,D
sz002409,雅克科技,2025-09-25 10:00:45,72.09,7700,72.01,U
sz002409,雅克科技,2025-09-25 10:00:48,72.08,3000,72.09,U
sz002409,雅克科技,2025-09-25 10:00:51,72.08,5200,72.08,U
sz002409,雅克科技,2025-09-25 10:01:00,72.08,4800,72.02,U
sz002409,雅克科技,2025-09-25 10:01:03,72.01,2800,72.08,D
sz002409,雅克科技,2025-09-25 10:01:09,72.07,9700,72.01,U
sz002409,雅克科技,2025-09-25 10:01:15,72.12,18200,72.08,U
sz002409,雅克科技,2025-09-25 10:01:18,72.17,10000,72.12,U
sz002409,雅克科技,2025-09-25 10:01:21,72.21,30400,72.17,U
sz002409,雅克科技,2025-09-25 10:01:24,72.17,3200,72.21,D
sz002409,雅克科技,2025-09-25 10:01:27,72.16,5500,72.17,D
sz002409,雅克科技,2025-09-25 10:01:33,72.12,15900,72.13,D
sz002409,雅克科技,2025-09-25 10:01:39,72.15,6400,72.16,U
sz002409,雅克科技,2025-09-25 10:01:42,72.11,7500,72.15,E
sz002409,雅克科技,2025-09-25 10:01:48,72.11,9400,72.11,D
sz002409,雅克科技,2025-09-25 10:01:51,72.11,5300,72.11,D
sz002409,雅克科技,2025-09-25 10:01:57,72.2,9300,72.1,U
sz002409,雅克科技,2025-09-25 10:02:00,72.2,7800,72.2,U
sz002409,雅克科技,2025-09-25 10:02:06,72.15,9200,72.15,D
sz002409,雅克科技,2025-09-25 10:02:09,72.16,6400,72.15,U
sz002409,雅克科技,2025-09-25 10:02:12,72.16,2800,72.16,D
sz002409,雅克科技,2025-09-25 10:02:15,72.2,2900,72.16,U
sz002409,雅克科技,2025-09-25 10:02:18,72.22,27600,72.2,U
sz002409,雅克科技,2025-09-25 10:02:21,72.26,10900,72.22,U
sz002409,雅克科技,2025-09-25 10:02:24,72.35,7600,72.26,U
sz002409,雅克科技,2025-09-25 10:02:27,72.44,7500,72.35,U
sz002409,雅克科技,2025-09-25 10:02:30,72.49,6300,72.44,U
sz002409,雅克科技,2025-09-25 10:02:33,72.5,9100,72.49,U
sz002409,雅克科技,2025-09-25 10:02:39,72.5,18200,72.49,U
sz002409,雅克科技,2025-09-25 10:02:42,72.49,5600,72.5,E
sz002409,雅克科技,2025-09-25 10:02:45,72.42,5700,72.49,E
sz002409,雅克科技,2025-09-25 10:02:48,72.39,4000,72.42,D
sz002409,雅克科技,2025-09-25 10:02:51,72.37,7100,72.39,D
sz002409,雅克科技,2025-09-25 10:02:54,72.41,6700,72.37,D
sz002409,雅克科技,2025-09-25 10:02:57,72.44,4400,72.41,E
sz002409,雅克科技,2025-09-25 10:03:03,72.47,6700,72.44,U
sz002409,雅克科技,2025-09-25 10:03:06,72.5,3500,72.47,U
sz002409,雅克科技,2025-09-25 10:03:09,72.5,4500,72.5,U
sz002409,雅克科技,2025-09-25 10:03:15,72.5,5300,72.5,U
sz002409,雅克科技,2025-09-25 10:03:18,72.49,8900,72.5,D
sz002409,雅克科技,2025-09-25 10:03:21,72.52,4300,72.49,U
sz002409,雅克科技,2025-09-25 10:03:24,72.54,7400,72.52,U
sz002409,雅克科技,2025-09-25 10:03:27,72.57,20200,72.54,U
sz002409,雅克科技,2025-09-25 10:03:30,72.6,8400,72.57,U
sz002409,雅克科技,2025-09-25 10:03:33,72.6,5700,72.6,U
sz002409,雅克科技,2025-09-25 10:03:36,72.6,8600,72.6,U
sz002409,雅克科技,2025-09-25 10:03:42,72.63,9400,72.63,D
sz002409,雅克科技,2025-09-25 10:03:45,72.65,6800,72.63,E
sz002409,雅克科技,2025-09-25 10:03:48,72.69,8100,72.65,U
sz002409,雅克科技,2025-09-25 10:03:51,72.69,7200,72.69,D
sz002409,雅克科技,2025-09-25 10:03:54,72.68,2900,72.69,D
sz002409,雅克科技,2025-09-25 10:03:57,72.67,32300,72.68,D
sz002409,雅克科技,2025-09-25 10:04:00,72.63,4600,72.67,E
sz002409,雅克科技,2025-09-25 10:04:03,72.6,17700,72.63,D
sz002409,雅克科技,2025-09-25 10:04:06,72.68,8800,72.6,U
sz002409,雅克科技,2025-09-25 10:04:09,72.62,5500,72.68,D
sz002409,雅克科技,2025-09-25 10:04:12,72.64,4500,72.62,U
sz002409,雅克科技,2025-09-25 10:04:15,72.64,8900,72.64,E
sz002409,雅克科技,2025-09-25 10:04:18,72.63,17100,72.64,E
sz002409,雅克科技,2025-09-25 10:04:21,72.68,9200,72.63,U
sz002409,雅克科技,2025-09-25 10:04:24,72.62,2900,72.68,D
sz002409,雅克科技,2025-09-25 10:04:27,72.6,6400,72.62,D
sz002409,雅克科技,2025-09-25 10:04:30,72.6,11000,72.6,D
sz002409,雅克科技,2025-09-25 10:04:33,72.57,3200,72.6,D
sz002409,雅克科技,2025-09-25 10:04:42,72.53,12500,72.5,E
sz002409,雅克科技,2025-09-25 10:04:48,72.53,3700,72.52,U
sz002409,雅克科技,2025-09-25 10:04:51,72.55,12100,72.53,E
sz002409,雅克科技,2025-09-25 10:04:54,72.59,6700,72.55,U
sz002409,雅克科技,2025-09-25 10:04:57,72.6,3600,72.59,U
sz002409,雅克科技,2025-09-25 10:05:00,72.55,5200,72.6,D
sz002409,雅克科技,2025-09-25 10:05:03,72.52,8000,72.55,D
sz002409,雅克科技,2025-09-25 10:05:06,72.52,3800,72.52,U
sz002409,雅克科技,2025-09-25 10:05:12,72.5,8300,72.52,D
sz002409,雅克科技,2025-09-25 10:05:18,72.45,4700,72.48,D
sz002409,雅克科技,2025-09-25 10:05:21,72.44,3500,72.45,D
sz002409,雅克科技,2025-09-25 10:05:30,72.4,3100,72.41,D
sz002409,雅克科技,2025-09-25 10:05:36,72.4,4800,72.4,D
sz002409,雅克科技,2025-09-25 10:05:42,72.4,4400,72.39,U
sz002409,雅克科技,2025-09-25 10:05:45,72.39,9900,72.4,U
sz002409,雅克科技,2025-09-25 10:05:48,72.39,5400,72.39,D
sz002409,雅克科技,2025-09-25 10:05:54,72.37,3400,72.37,D
sz002409,雅克科技,2025-09-25 10:06:00,72.29,2800,72.3,D
sz002409,雅克科技,2025-09-25 10:06:06,72.28,4400,72.28,U
sz002409,雅克科技,2025-09-25 10:06:09,72.28,6200,72.28,U
sz002409,雅克科技,2025-09-25 10:06:12,72.27,3000,72.28,D
sz002409,雅克科技,2025-09-25 10:06:15,72.27,9600,72.27,D
sz002409,雅克科技,2025-09-25 10:06:21,72.27,18800,72.25,U
sz002409,雅克科技,2025-09-25 10:06:27,72.28,8400,72.27,U
sz002409,雅克科技,2025-09-25 10:06:30,72.27,7300,72.28,E
sz002409,雅克科技,2025-09-25 10:06:36,72.31,10600,72.31,U
sz002409,雅克科技,2025-09-25 10:06:42,72.3,13300,72.31,D
sz002409,雅克科技,2025-09-25 10:06:45,72.3,2900,72.3,U
sz002409,雅克科技,2025-09-25 10:06:54,72.3,20800,72.29,U
sz002409,雅克科技,2025-09-25 10:06:57,72.29,4600,72.3,D
sz002409,雅克科技,2025-09-25 10:07:12,72.29,4500,72.29,U
sz002409,雅克科技,2025-09-25 10:07:15,72.29,8100,72.29,U
sz002409,雅克科技,2025-09-25 10:07:18,72.42,38773,72.29,U
sz002409,雅克科技,2025-09-25 10:07:21,72.76,99400,72.42,U
sz002409,雅克科技,2025-09-25 10:07:24,72.74,10300,72.76,D
sz002409,雅克科技,2025-09-25 10:07:27,72.8,22500,72.74,U
sz002409,雅克科技,2025-09-25 10:07:30,72.8,5800,72.8,U
sz002409,雅克科技,2025-09-25 10:07:33,72.87,10600,72.8,U
sz002409,雅克科技,2025-09-25 10:07:36,72.81,5400,72.87,D
sz002409,雅克科技,2025-09-25 10:07:39,72.8,16600,72.81,D
sz002409,雅克科技,2025-09-25 10:07:42,72.87,17100,72.8,U
sz002409,雅克科技,2025-09-25 10:07:45,72.8,16700,72.87,D
sz002409,雅克科技,2025-09-25 10:07:48,72.8,5700,72.8,U
sz002409,雅克科技,2025-09-25 10:07:51,72.81,9900,72.8,U
sz002409,雅克科技,2025-09-25 10:07:54,72.78,34100,72.81,D
sz002409,雅克科技,2025-09-25 10:07:57,72.81,17600,72.78,U
sz002409,雅克科技,2025-09-25 10:08:00,72.83,3700,72.81,U
sz002409,雅克科技,2025-09-25 10:08:03,72.8,4800,72.83,E
sz002409,雅克科技,2025-09-25 10:08:06,72.81,18000,72.8,U
sz002409,雅克科技,2025-09-25 10:08:09,72.83,11700,72.81,U
sz002409,雅克科技,2025-09-25 10:08:12,72.81,20600,72.83,D
sz002409,雅克科技,2025-09-25 10:08:15,72.83,14000,72.81,E
sz002409,雅克科技,2025-09-25 10:08:18,72.8,8100,72.83,E
sz002409,雅克科技,2025-09-25 10:08:21,72.73,15000,72.8,E
sz002409,雅克科技,2025-09-25 10:08:24,72.69,8100,72.73,D
sz002409,雅克科技,2025-09-25 10:08:30,72.55,2900,72.55,D
sz002409,雅克科技,2025-09-25 10:08:33,72.56,15200,72.55,U
sz002409,雅克科技,2025-09-25 10:08:36,72.5,15400,72.56,D
sz002409,雅克科技,2025-09-25 10:08:39,72.43,3200,72.5,E
sz002409,雅克科技,2025-09-25 10:08:42,72.42,3000,72.43,D
sz002409,雅克科技,2025-09-25 10:08:45,72.5,7200,72.42,E
sz002409,雅克科技,2025-09-25 10:08:48,72.68,7300,72.5,U
sz002409,雅克科技,2025-09-25 10:08:54,72.57,7600,72.54,D
sz002409,雅克科技,2025-09-25 10:08:57,72.53,7100,72.57,D
sz002409,雅克科技,2025-09-25 10:09:00,72.53,2900,72.53,E
sz002409,雅克科技,2025-09-25 10:09:03,72.54,10800,72.53,U
sz002409,雅克科技,2025-09-25 10:09:06,72.56,13200,72.54,D
sz002409,雅克科技,2025-09-25 10:09:12,72.74,4100,72.73,U
sz002409,雅克科技,2025-09-25 10:09:15,72.74,7000,72.74,U
sz002409,雅克科技,2025-09-25 10:09:18,72.74,3000,72.74,D
sz002409,雅克科技,2025-09-25 10:09:21,72.76,8500,72.74,U
sz002409,雅克科技,2025-09-25 10:09:24,72.74,8700,72.76,D
sz002409,雅克科技,2025-09-25 10:09:30,72.71,6600,72.79,D
sz002409,雅克科技,2025-09-25 10:09:33,72.69,3700,72.71,D
sz002409,雅克科技,2025-09-25 10:09:36,72.71,9000,72.69,U
sz002409,雅克科技,2025-09-25 10:09:39,72.55,12600,72.71,D
sz002409,雅克科技,2025-09-25 10:09:45,72.65,5400,72.6,U
sz002409,雅克科技,2025-09-25 10:09:48,72.63,6500,72.65,D
sz002409,雅克科技,2025-09-25 10:09:54,72.64,8200,72.73,D
sz002409,雅克科技,2025-09-25 10:09:57,72.66,17200,72.64,U
sz002409,雅克科技,2025-09-25 10:10:00,72.6,7800,72.66,E
sz002409,雅克科技,2025-09-25 10:10:03,72.6,7000,72.6,U
sz002409,雅克科技,2025-09-25 10:10:06,72.6,14200,72.6,U
sz002409,雅克科技,2025-09-25 10:10:12,72.61,5500,72.6,E
sz002409,雅克科技,2025-09-25 10:10:21,72.71,9300,72.61,U
sz002409,雅克科技,2025-09-25 10:10:24,72.71,9800,72.71,U
sz002409,雅克科技,2025-09-25 10:10:27,72.71,10300,72.71,U
sz002409,雅克科技,2025-09-25 10:10:30,72.62,5700,72.71,D
sz002409,雅克科技,2025-09-25 10:10:42,72.6,15200,72.64,D
sz002409,雅克科技,2025-09-25 10:10:51,72.61,5300,72.6,U
sz002409,雅克科技,2025-09-25 10:11:00,72.63,8300,72.63,D
sz002409,雅克科技,2025-09-25 10:11:15,72.6,3300,72.61,D
sz002409,雅克科技,2025-09-25 10:11:21,72.62,3800,72.62,U
sz002409,雅克科技,2025-09-25 10:11:30,72.56,3700,72.63,D
sz002409,雅克科技,2025-09-25 10:11:45,72.68,4100,72.6,U
sz002409,雅克科技,2025-09-25 10:11:48,72.7,2800,72.68,U
sz002409,雅克科技,2025-09-25 10:11:51,72.72,3500,72.7,U
sz002409,雅克科技,2025-09-25 10:11:57,72.75,13300,72.72,U
sz002409,雅克科技,2025-09-25 10:12:00,72.66,14700,72.75,D
sz002409,雅克科技,2025-09-25 10:12:03,72.66,4300,72.66,U
sz002409,雅克科技,2025-09-25 10:12:09,72.67,6500,72.6,U
sz002409,雅克科技,2025-09-25 10:12:12,72.57,13600,72.67,D
sz002409,雅克科技,2025-09-25 10:12:18,72.56,4000,72.58,D
sz002409,雅克科技,2025-09-25 10:12:21,72.52,9300,72.56,D
sz002409,雅克科技,2025-09-25 10:12:24,72.56,4200,72.52,U
sz002409,雅克科技,2025-09-25 10:12:30,72.56,9900,72.56,D
sz002409,雅克科技,2025-09-25 10:12:48,72.56,5700,72.51,U
sz002409,雅克科技,2025-09-25 10:12:54,72.5,15600,72.52,D
sz002409,雅克科技,2025-09-25 10:12:57,72.5,6300,72.5,U
sz002409,雅克科技,2025-09-25 10:13:03,72.52,7200,72.5,U
sz002409,雅克科技,2025-09-25 10:13:12,72.48,4600,72.48,E
sz002409,雅克科技,2025-09-25 10:13:18,72.52,13700,72.47,U
sz002409,雅克科技,2025-09-25 10:13:30,72.5,17300,72.5,U
sz002409,雅克科技,2025-09-25 10:13:33,72.51,7600,72.5,E
sz002409,雅克科技,2025-09-25 10:13:39,72.51,3900,72.56,D
sz002409,雅克科技,2025-09-25 10:13:51,72.51,5600,72.51,D
sz002409,雅克科技,2025-09-25 10:14:00,72.51,11000,72.51,U
sz002409,雅克科技,2025-09-25 10:14:06,72.45,5200,72.48,D
sz002409,雅克科技,2025-09-25 10:14:12,72.43,5700,72.49,D
sz002409,雅克科技,2025-09-25 10:14:18,72.45,4300,72.45,D
sz002409,雅克科技,2025-09-25 10:14:24,72.46,3900,72.48,E
sz002409,雅克科技,2025-09-25 10:14:30,72.42,3600,72.46,D
sz002409,雅克科技,2025-09-25 10:14:36,72.4,3900,72.4,D
sz002409,雅克科技,2025-09-25 10:14:51,72.41,10400,72.41,E
sz002409,雅克科技,2025-09-25 10:15:00,72.31,4100,72.39,D
sz002409,雅克科技,2025-09-25 10:15:24,72.29,5100,72.29,D
sz002409,雅克科技,2025-09-25 10:15:39,72.27,4200,72.27,D
sz002409,雅克科技,2025-09-25 10:15:54,72.2,4400,72.23,D
sz002409,雅克科技,2025-09-25 10:15:57,72.2,7900,72.2,U
sz002409,雅克科技,2025-09-25 10:16:00,72.16,6500,72.2,D
sz002409,雅克科技,2025-09-25 10:16:12,72.08,3000,72.13,D
sz002409,雅克科技,2025-09-25 10:16:15,72.14,7400,72.08,E
sz002409,雅克科技,2025-09-25 10:16:18,72.17,9300,72.14,U
sz002409,雅克科技,2025-09-25 10:16:30,72.17,12800,72.17,D
sz002409,雅克科技,2025-09-25 10:16:33,72.17,11700,72.17,U
sz002409,雅克科技,2025-09-25 10:16:39,72.18,7600,72.24,E
sz002409,雅克科技,2025-09-25 10:16:42,72.13,3000,72.18,D
sz002409,雅克科技,2025-09-25 10:16:48,72.13,10300,72.14,D
sz002409,雅克科技,2025-09-25 10:17:00,72.23,38500,72.14,U
sz002409,雅克科技,2025-09-25 10:17:03,72.22,9600,72.23,E
sz002409,雅克科技,2025-09-25 10:17:09,72.16,4800,72.25,D
sz002409,雅克科技,2025-09-25 10:17:21,72.27,2800,72.18,U
sz002409,雅克科技,2025-09-25 10:17:30,72.28,5800,72.27,U
sz002409,雅克科技,2025-09-25 10:17:36,72.21,4100,72.28,D
sz002409,雅克科技,2025-09-25 10:17:51,72.21,2900,72.25,D
sz002409,雅克科技,2025-09-25 10:18:03,72.26,3800,72.23,U
sz002409,雅克科技,2025-09-25 10:18:30,72.27,8400,72.27,D
sz002409,雅克科技,2025-09-25 10:18:33,72.29,3900,72.27,U
sz002409,雅克科技,2025-09-25 10:18:36,72.26,4300,72.29,D
sz002409,雅克科技,2025-09-25 10:18:45,72.26,6100,72.26,D
sz002409,雅克科技,2025-09-25 10:18:54,72.27,2800,72.26,D
sz002409,雅克科技,2025-09-25 10:19:00,72.25,7400,72.29,D
sz002409,雅克科技,2025-09-25 10:19:03,72.22,2800,72.25,D
sz002409,雅克科技,2025-09-25 10:19:06,72.15,13700,72.22,D
sz002409,雅克科技,2025-09-25 10:19:12,72.12,10100,72.15,D
sz002409,雅克科技,2025-09-25 10:19:15,72.07,13600,72.12,D
sz002409,雅克科技,2025-09-25 10:19:21,72.04,6200,72.03,U
sz002409,雅克科技,2025-09-25 10:19:24,72.04,7300,72.04,D
sz002409,雅克科技,2025-09-25 10:19:33,72.01,9800,72.01,D
sz002409,雅克科技,2025-09-25 10:19:42,72.0,12500,72.0,D
sz002409,雅克科技,2025-09-25 10:19:45,71.99,9800,72.0,D
sz002409,雅克科技,2025-09-25 10:19:51,72.0,13600,72.0,U
sz002409,雅克科技,2025-09-25 10:19:54,72.0,7885,72.0,U
sz002409,雅克科技,2025-09-25 10:19:57,72.02,2900,72.0,U
sz002409,雅克科技,2025-09-25 10:20:03,72.03,10600,72.02,U
sz002409,雅克科技,2025-09-25 10:20:24,72.16,8500,72.19,D
sz002409,雅克科技,2025-09-25 10:20:45,72.1,3300,72.12,D
sz002409,雅克科技,2025-09-25 10:20:54,72.09,10400,72.28,D
sz002409,雅克科技,2025-09-25 10:21:15,72.16,6300,72.17,D
sz002409,雅克科技,2025-09-25 10:21:24,72.11,17400,72.16,D
sz002409,雅克科技,2025-09-25 10:21:27,72.1,3700,72.11,D
sz002409,雅克科技,2025-09-25 10:21:30,72.16,4100,72.1,U
sz002409,雅克科技,2025-09-25 10:21:36,72.28,7800,72.12,U
sz002409,雅克科技,2025-09-25 10:21:48,72.28,10900,72.17,U
sz002409,雅克科技,2025-09-25 10:21:51,72.4,4500,72.28,U
sz002409,雅克科技,2025-09-25 10:22:03,72.47,3900,72.4,U
sz002409,雅克科技,2025-09-25 10:22:15,72.5,4700,72.5,D
sz002409,雅克科技,2025-09-25 10:22:45,72.5,20100,72.4,U
sz002409,雅克科技,2025-09-25 10:22:48,72.51,3300,72.5,U
sz002409,雅克科技,2025-09-25 10:22:51,72.5,12900,72.51,D
sz002409,雅克科技,2025-09-25 10:22:57,72.51,3100,72.51,U
sz002409,雅克科技,2025-09-25 10:23:00,72.5,3600,72.51,D
sz002409,雅克科技,2025-09-25 10:23:03,72.52,3100,72.5,U
sz002409,雅克科技,2025-09-25 10:23:09,72.51,6700,72.53,D
sz002409,雅克科技,2025-09-25 10:23:12,72.55,3600,72.51,U
sz002409,雅克科技,2025-09-25 10:23:21,72.57,21000,72.55,U
sz002409,雅克科技,2025-09-25 10:23:24,72.72,33500,72.57,U
sz002409,雅克科技,2025-09-25 10:23:27,72.72,8900,72.72,U
sz002409,雅克科技,2025-09-25 10:23:30,72.75,8300,72.72,U
sz002409,雅克科技,2025-09-25 10:23:33,72.76,17500,72.75,U
sz002409,雅克科技,2025-09-25 10:23:36,72.58,10900,72.76,D
sz002409,雅克科技,2025-09-25 10:23:39,72.73,7400,72.58,U
sz002409,雅克科技,2025-09-25 10:23:45,72.57,14200,72.71,D
sz002409,雅克科技,2025-09-25 10:23:51,72.56,10900,72.56,E
sz002409,雅克科技,2025-09-25 10:23:54,72.55,10200,72.56,D
sz002409,雅克科技,2025-09-25 10:23:57,72.67,5300,72.55,U
sz002409,雅克科技,2025-09-25 10:24:09,72.56,8500,72.57,U
sz002409,雅克科技,2025-09-25 10:24:21,72.5,4300,72.53,D
sz002409,雅克科技,2025-09-25 10:25:00,72.4,3000,72.49,D
sz002409,雅克科技,2025-09-25 10:25:18,72.38,4000,72.4,D
sz002409,雅克科技,2025-09-25 10:25:24,72.53,4300,72.5,U
sz002409,雅克科技,2025-09-25 10:25:27,72.4,3000,72.53,D
sz002409,雅克科技,2025-09-25 10:25:30,72.5,5300,72.4,E
sz002409,雅克科技,2025-09-25 10:25:36,72.43,6700,72.5,D
sz002409,雅克科技,2025-09-25 10:25:48,72.43,12200,72.5,D
sz002409,雅克科技,2025-09-25 10:25:51,72.55,9700,72.43,U
sz002409,雅克科技,2025-09-25 10:25:57,72.55,5500,72.54,U
sz002409,雅克科技,2025-09-25 10:26:21,72.43,7300,72.46,D
sz002409,雅克科技,2025-09-25 10:26:24,72.46,4500,72.43,U
sz002409,雅克科技,2025-09-25 10:26:42,72.38,3500,72.41,D
sz002409,雅克科技,2025-09-25 10:27:00,72.32,3000,72.36,D
sz002409,雅克科技,2025-09-25 10:27:09,72.36,6100,72.33,E
sz002409,雅克科技,2025-09-25 10:27:33,72.41,3800,72.41,D
sz002409,雅克科技,2025-09-25 10:27:54,72.48,2900,72.48,U
sz002409,雅克科技,2025-09-25 10:28:03,72.47,4400,72.48,D
sz002409,雅克科技,2025-09-25 10:28:24,72.45,16600,72.45,D
sz002409,雅克科技,2025-09-25 10:28:36,72.39,8400,72.45,D
sz002409,雅克科技,2025-09-25 10:28:39,72.37,10400,72.39,D
sz002409,雅克科技,2025-09-25 10:28:42,72.39,2900,72.37,U
sz002409,雅克科技,2025-09-25 10:28:57,72.45,3100,72.4,U
sz002409,雅克科技,2025-09-25 10:29:21,72.55,43800,72.4,U
sz002409,雅克科技,2025-09-25 10:29:48,72.65,9800,72.56,U
sz002409,雅克科技,2025-09-25 10:29:51,72.62,6400,72.65,D
sz002409,雅克科技,2025-09-25 10:29:57,72.69,4500,72.68,U
sz002409,雅克科技,2025-09-25 10:30:00,72.7,2900,72.69,U
sz002409,雅克科技,2025-09-25 10:30:09,72.75,5900,72.72,U
sz002409,雅克科技,2025-09-25 10:30:12,72.82,42800,72.75,U
sz002409,雅克科技,2025-09-25 10:30:15,72.76,19100,72.82,D
sz002409,雅克科技,2025-09-25 10:30:21,72.86,3400,72.83,U
sz002409,雅克科技,2025-09-25 10:30:24,72.84,31900,72.86,U
sz002409,雅克科技,2025-09-25 10:30:27,72.88,6200,72.84,U
sz002409,雅克科技,2025-09-25 10:30:30,72.88,5600,72.88,U
sz002409,雅克科技,2025-09-25 10:30:33,72.88,19700,72.88,D
sz002409,雅克科技,2025-09-25 10:30:39,72.9,8000,72.88,U
sz002409,雅克科技,2025-09-25 10:30:42,73.0,102500,72.9,U
sz002409,雅克科技,2025-09-25 10:30:45,72.97,11900,73.0,E
sz002409,雅克科技,2025-09-25 10:30:48,73.02,129000,72.97,U
sz002409,雅克科技,2025-09-25 10:30:54,73.1,3100,73.09,U
sz002409,雅克科技,2025-09-25 10:30:57,73.14,20700,73.1,U
sz002409,雅克科技,2025-09-25 10:31:00,73.12,4200,73.14,E
sz002409,雅克科技,2025-09-25 10:31:03,73.08,23900,73.12,D
sz002409,雅克科技,2025-09-25 10:31:06,73.14,11300,73.08,U
sz002409,雅克科技,2025-09-25 10:31:09,73.0,11700,73.14,D
sz002409,雅克科技,2025-09-25 10:31:15,73.09,3100,73.09,U
sz002409,雅克科技,2025-09-25 10:31:21,73.0,3200,73.0,D
sz002409,雅克科技,2025-09-25 10:31:24,73.0,5300,73.0,D
sz002409,雅克科技,2025-09-25 10:31:27,73.0,5600,73.0,D
sz002409,雅克科技,2025-09-25 10:31:33,72.88,3400,73.0,D
sz002409,雅克科技,2025-09-25 10:31:36,72.89,4400,72.88,U
sz002409,雅克科技,2025-09-25 10:31:39,72.89,4300,72.89,U
sz002409,雅克科技,2025-09-25 10:31:45,72.88,3200,72.85,U
sz002409,雅克科技,2025-09-25 10:31:48,73.0,38400,72.88,U
sz002409,雅克科技,2025-09-25 10:31:51,73.0,12100,73.0,U
sz002409,雅克科技,2025-09-25 10:32:00,72.98,5200,72.9,U
sz002409,雅克科技,2025-09-25 10:32:03,73.01,21900,72.98,U
sz002409,雅克科技,2025-09-25 10:32:09,73.05,5800,73.03,U
sz002409,雅克科技,2025-09-25 10:32:12,73.05,3900,73.05,U
sz002409,雅克科技,2025-09-25 10:32:15,72.98,6200,73.05,D
sz002409,雅克科技,2025-09-25 10:32:18,73.0,12500,72.98,U
sz002409,雅克科技,2025-09-25 10:32:21,73.03,24100,73.0,U
sz002409,雅克科技,2025-09-25 10:32:27,73.0,12500,73.0,D
sz002409,雅克科技,2025-09-25 10:32:30,73.01,3600,73.0,U
sz002409,雅克科技,2025-09-25 10:32:36,73.02,9500,73.01,U
sz002409,雅克科技,2025-09-25 10:32:39,73.01,5500,73.02,D
sz002409,雅克科技,2025-09-25 10:32:42,73.02,5400,73.01,E
sz002409,雅克科技,2025-09-25 10:32:51,73.0,8800,73.0,D
sz002409,雅克科技,2025-09-25 10:32:54,73.0,19500,73.0,D
sz002409,雅克科技,2025-09-25 10:32:57,73.0,11500,73.0,D
sz002409,雅克科技,2025-09-25 10:33:00,72.9,5800,73.0,D
sz002409,雅克科技,2025-09-25 10:33:18,72.98,3500,72.97,U
sz002409,雅克科技,2025-09-25 10:33:21,73.0,16500,72.98,U
sz002409,雅克科技,2025-09-25 10:33:24,73.0,6800,73.0,U
sz002409,雅克科技,2025-09-25 10:33:27,73.03,4300,73.0,U
sz002409,雅克科技,2025-09-25 10:33:30,73.03,3900,73.03,D
sz002409,雅克科技,2025-09-25 10:33:33,73.04,3100,73.03,U
sz002409,雅克科技,2025-09-25 10:33:36,73.0,8600,73.04,D
sz002409,雅克科技,2025-09-25 10:33:39,73.03,3000,73.0,U
sz002409,雅克科技,2025-09-25 10:33:45,73.02,22500,73.03,U
sz002409,雅克科技,2025-09-25 10:33:48,72.99,4400,73.02,E
sz002409,雅克科技,2025-09-25 10:34:06,72.92,2900,72.92,U
sz002409,雅克科技,2025-09-25 10:34:15,72.94,6600,72.94,U
sz002409,雅克科技,2025-09-25 10:34:24,72.93,39600,72.97,D
sz002409,雅克科技,2025-09-25 10:34:42,72.78,4300,72.92,D
sz002409,雅克科技,2025-09-25 10:35:09,72.89,3500,72.9,E
sz002409,雅克科技,2025-09-25 10:35:18,72.93,9100,72.92,U
sz002409,雅克科技,2025-09-25 10:35:57,72.93,9900,72.98,D
sz002409,雅克科技,2025-09-25 10:36:00,72.9,48200,72.93,D
sz002409,雅克科技,2025-09-25 10:36:06,72.78,6300,72.88,D
sz002409,雅克科技,2025-09-25 10:36:33,72.79,3400,72.8,D
sz002409,雅克科技,2025-09-25 10:36:36,72.9,7200,72.79,U
sz002409,雅克科技,2025-09-25 10:36:39,72.86,5500,72.9,D
sz002409,雅克科技,2025-09-25 10:37:00,72.8,7300,72.86,D
sz002409,雅克科技,2025-09-25 10:37:03,72.79,5000,72.8,D
sz002409,雅克科技,2025-09-25 10:37:06,72.78,7900,72.79,D
sz002409,雅克科技,2025-09-25 10:37:09,72.79,3100,72.78,U
sz002409,雅克科技,2025-09-25 10:37:48,72.68,3000,72.73,D
sz002409,雅克科技,2025-09-25 10:38:12,72.68,3400,72.69,D
sz002409,雅克科技,2025-09-25 10:38:15,72.68,2900,72.68,U
sz002409,雅克科技,2025-09-25 10:38:21,72.7,9500,72.68,U
sz002409,雅克科技,2025-09-25 10:38:24,72.7,3600,72.7,D
sz002409,雅克科技,2025-09-25 10:38:36,72.71,8800,72.69,U
sz002409,雅克科技,2025-09-25 10:39:09,72.8,5700,72.75,U
sz002409,雅克科技,2025-09-25 10:39:51,72.85,6000,72.87,D
sz002409,雅克科技,2025-09-25 10:39:54,72.83,4300,72.85,D
sz002409,雅克科技,2025-09-25 10:39:57,72.85,4100,72.83,U
sz002409,雅克科技,2025-09-25 10:40:09,72.8,8100,72.82,D
sz002409,雅克科技,2025-09-25 10:40:12,72.79,3200,72.8,D
sz002409,雅克科技,2025-09-25 10:40:39,72.7,28900,72.76,D
sz002409,雅克科技,2025-09-25 10:40:45,72.61,3900,72.62,D
sz002409,雅克科技,2025-09-25 10:41:15,72.71,3300,72.7,U
sz002409,雅克科技,2025-09-25 10:42:03,72.6,7000,72.61,D
sz002409,雅克科技,2025-09-25 10:42:12,72.57,3600,72.59,E
sz002409,雅克科技,2025-09-25 10:42:18,72.56,5400,72.56,D
sz002409,雅克科技,2025-09-25 10:42:21,72.55,14800,72.56,D
sz002409,雅克科技,2025-09-25 10:42:24,72.55,4800,72.55,U
sz002409,雅克科技,2025-09-25 10:42:30,72.56,14200,72.55,U
sz002409,雅克科技,2025-09-25 10:42:33,72.57,12500,72.56,U
sz002409,雅克科技,2025-09-25 10:42:36,72.59,2800,72.57,U
sz002409,雅克科技,2025-09-25 10:42:39,72.61,3000,72.59,U
sz002409,雅克科技,2025-09-25 10:43:00,72.65,3200,72.61,U
sz002409,雅克科技,2025-09-25 10:43:03,72.68,4200,72.65,U
sz002409,雅克科技,2025-09-25 10:43:06,72.7,8600,72.68,U
sz002409,雅克科技,2025-09-25 10:43:36,72.68,4000,72.69,D
sz002409,雅克科技,2025-09-25 10:43:39,72.67,3200,72.68,D
sz002409,雅克科技,2025-09-25 10:44:03,72.63,10400,72.63,D
sz002409,雅克科技,2025-09-25 10:44:09,72.62,6500,72.66,D
sz002409,雅克科技,2025-09-25 10:44:27,72.65,2900,72.68,D
sz002409,雅克科技,2025-09-25 10:44:30,72.65,9900,72.65,U
sz002409,雅克科技,2025-09-25 10:45:09,72.63,11700,72.63,U
sz002409,雅克科技,2025-09-25 10:45:12,72.56,2900,72.63,E
sz002409,雅克科技,2025-09-25 10:45:15,72.52,3100,72.56,D
sz002409,雅克科技,2025-09-25 10:45:21,72.52,3100,72.52,D
sz002409,雅克科技,2025-09-25 10:45:30,72.51,10500,72.52,D
sz002409,雅克科技,2025-09-25 10:45:42,72.5,6400,72.51,D
sz002409,雅克科技,2025-09-25 10:45:45,72.5,4000,72.5,U
sz002409,雅克科技,2025-09-25 10:45:48,72.49,17500,72.5,E
sz002409,雅克科技,2025-09-25 10:45:51,72.55,4600,72.49,U
sz002409,雅克科技,2025-09-25 10:46:39,72.61,2800,72.6,U
sz002409,雅克科技,2025-09-25 10:46:45,72.61,3300,72.6,U
sz002409,雅克科技,2025-09-25 10:46:54,72.58,6100,72.58,D
sz002409,雅克科技,2025-09-25 10:46:57,72.54,2800,72.58,D
sz002409,雅克科技,2025-09-25 10:47:42,72.57,5900,72.57,U
sz002409,雅克科技,2025-09-25 10:47:48,72.58,4300,72.57,D
sz002409,雅克科技,2025-09-25 10:48:36,72.65,3800,72.64,U
sz002409,雅克科技,2025-09-25 10:48:54,72.7,5300,72.69,U
sz002409,雅克科技,2025-09-25 10:48:57,72.7,7000,72.7,U
sz002409,雅克科技,2025-09-25 10:49:06,72.71,14500,72.72,E
sz002409,雅克科技,2025-09-25 10:49:09,72.71,3100,72.71,U
sz002409,雅克科技,2025-09-25 10:49:12,72.71,14100,72.71,U
sz002409,雅克科技,2025-09-25 10:49:24,72.66,8800,72.71,D
sz002409,雅克科技,2025-09-25 10:49:39,72.62,7700,72.65,D
sz002409,雅克科技,2025-09-25 10:50:24,72.57,4000,72.6,D
sz002409,雅克科技,2025-09-25 10:50:27,72.6,4000,72.57,U
sz002409,雅克科技,2025-09-25 10:50:33,72.62,6700,72.57,U
sz002409,雅克科技,2025-09-25 10:50:36,72.62,2800,72.62,D
sz002409,雅克科技,2025-09-25 10:50:42,72.66,3300,72.66,U
sz002409,雅克科技,2025-09-25 10:50:45,72.62,4200,72.66,D
sz002409,雅克科技,2025-09-25 10:50:57,72.6,10800,72.59,U
sz002409,雅克科技,2025-09-25 10:51:00,72.58,4500,72.6,D
sz002409,雅克科技,2025-09-25 10:51:39,72.58,3200,72.57,U
sz002409,雅克科技,2025-09-25 10:51:51,72.59,4900,72.58,U
sz002409,雅克科技,2025-09-25 10:52:09,72.56,9300,72.59,E
sz002409,雅克科技,2025-09-25 10:52:12,72.53,4600,72.56,D
sz002409,雅克科技,2025-09-25 10:52:27,72.51,6300,72.53,D
sz002409,雅克科技,2025-09-25 10:52:42,72.5,4300,72.5,D
sz002409,雅克科技,2025-09-25 10:52:45,72.49,3100,72.5,D
sz002409,雅克科技,2025-09-25 10:53:06,72.47,5000,72.47,U
sz002409,雅克科技,2025-09-25 10:53:21,72.51,5800,72.47,U
sz002409,雅克科技,2025-09-25 10:53:24,72.53,4400,72.51,U
sz002409,雅克科技,2025-09-25 10:53:48,72.53,4400,72.52,U
sz002409,雅克科技,2025-09-25 10:53:51,72.52,6300,72.53,D
sz002409,雅克科技,2025-09-25 10:54:03,72.47,4400,72.49,D
sz002409,雅克科技,2025-09-25 10:54:12,72.47,5400,72.47,D
sz002409,雅克科技,2025-09-25 10:54:15,72.49,4100,72.47,U
sz002409,雅克科技,2025-09-25 10:54:24,72.47,6900,72.47,U
sz002409,雅克科技,2025-09-25 10:54:36,72.37,53700,72.46,D
sz002409,雅克科技,2025-09-25 10:54:48,72.36,6000,72.46,D
sz002409,雅克科技,2025-09-25 10:54:51,72.36,5900,72.36,D
sz002409,雅克科技,2025-09-25 10:54:54,72.36,3400,72.36,D
sz002409,雅克科技,2025-09-25 10:54:57,72.36,2900,72.36,U
sz002409,雅克科技,2025-09-25 10:55:09,72.31,12000,72.36,D
sz002409,雅克科技,2025-09-25 10:55:18,72.32,31000,72.31,D
sz002409,雅克科技,2025-09-25 10:55:24,72.31,9700,72.28,U
sz002409,雅克科技,2025-09-25 10:55:30,72.24,11600,72.28,E
sz002409,雅克科技,2025-09-25 10:55:33,72.33,4100,72.24,U
sz002409,雅克科技,2025-09-25 10:55:36,72.21,33400,72.33,D
sz002409,雅克科技,2025-09-25 10:55:42,72.36,24900,72.3,U
sz002409,雅克科技,2025-09-25 10:55:45,72.33,11000,72.36,E
sz002409,雅克科技,2025-09-25 10:55:48,72.45,5600,72.33,U
sz002409,雅克科技,2025-09-25 10:56:03,72.53,9000,72.45,U
sz002409,雅克科技,2025-09-25 10:56:06,72.47,9300,72.53,E
sz002409,雅克科技,2025-09-25 10:56:15,72.53,8100,72.55,E
sz002409,雅克科技,2025-09-25 10:56:24,72.57,4200,72.58,D
sz002409,雅克科技,2025-09-25 10:56:51,72.7,3300,72.64,U
sz002409,雅克科技,2025-09-25 10:56:57,72.7,3100,72.7,D
sz002409,雅克科技,2025-09-25 10:57:12,72.64,3500,72.69,D
sz002409,雅克科技,2025-09-25 10:57:42,72.56,4600,72.53,U
sz002409,雅克科技,2025-09-25 10:57:51,72.53,5100,72.5,U
sz002409,雅克科技,2025-09-25 10:57:54,72.47,2900,72.53,D
sz002409,雅克科技,2025-09-25 10:58:30,72.34,5700,72.35,D
sz002409,雅克科技,2025-09-25 10:58:36,72.35,4800,72.34,U
sz002409,雅克科技,2025-09-25 10:58:57,72.41,3800,72.45,D
sz002409,雅克科技,2025-09-25 10:59:00,72.41,9500,72.41,E
sz002409,雅克科技,2025-09-25 10:59:18,72.39,6200,72.38,U
sz002409,雅克科技,2025-09-25 10:59:21,72.41,5800,72.39,U
sz002409,雅克科技,2025-09-25 10:59:36,72.39,3200,72.39,D
sz002409,雅克科技,2025-09-25 10:59:48,72.38,3000,72.38,D
sz002409,雅克科技,2025-09-25 10:59:51,72.38,5600,72.38,D
sz002409,雅克科技,2025-09-25 11:00:30,72.45,2800,72.44,U
sz002409,雅克科技,2025-09-25 11:00:45,72.42,5700,72.45,D
sz002409,雅克科技,2025-09-25 11:00:51,72.4,3600,72.4,D
sz002409,雅克科技,2025-09-25 11:01:00,72.35,9500,72.37,D
sz002409,雅克科技,2025-09-25 11:01:03,72.36,4200,72.35,U
sz002409,雅克科技,2025-09-25 11:01:15,72.3,10400,72.34,D
sz002409,雅克科技,2025-09-25 11:01:30,72.3,5100,72.31,D
sz002409,雅克科技,2025-09-25 11:01:33,72.35,21500,72.3,U
sz002409,雅克科技,2025-09-25 11:01:36,72.34,11800,72.35,D
sz002409,雅克科技,2025-09-25 11:01:42,72.39,6100,72.39,U
sz002409,雅克科技,2025-09-25 11:01:45,72.35,3100,72.39,D
sz002409,雅克科技,2025-09-25 11:02:24,72.38,3100,72.37,U
sz002409,雅克科技,2025-09-25 11:02:39,72.39,6700,72.38,U
sz002409,雅克科技,2025-09-25 11:03:03,72.4,3000,72.4,U
sz002409,雅克科技,2025-09-25 11:03:12,72.45,6100,72.41,U
sz002409,雅克科技,2025-09-25 11:03:18,72.47,36600,72.48,D
sz002409,雅克科技,2025-09-25 11:03:27,72.39,11700,72.45,D
sz002409,雅克科技,2025-09-25 11:03:48,72.5,9300,72.5,U
sz002409,雅克科技,2025-09-25 11:03:51,72.5,3800,72.5,U
sz002409,雅克科技,2025-09-25 11:04:03,72.49,10400,72.5,D
sz002409,雅克科技,2025-09-25 11:04:33,72.46,5200,72.47,D
sz002409,雅克科技,2025-09-25 11:04:36,72.46,3400,72.46,D
sz002409,雅克科技,2025-09-25 11:05:42,72.45,6600,72.45,U
sz002409,雅克科技,2025-09-25 11:05:48,72.45,6300,72.45,U
sz002409,雅克科技,2025-09-25 11:05:54,72.47,4600,72.45,U
sz002409,雅克科技,2025-09-25 11:05:57,72.47,4100,72.47,U
sz002409,雅克科技,2025-09-25 11:06:03,72.49,7400,72.48,U
sz002409,雅克科技,2025-09-25 11:06:09,72.5,10400,72.49,U
sz002409,雅克科技,2025-09-25 11:06:39,72.6,6800,72.63,D
sz002409,雅克科技,2025-09-25 11:06:42,72.6,3300,72.6,D
sz002409,雅克科技,2025-09-25 11:07:03,72.6,3300,72.6,D
sz002409,雅克科技,2025-09-25 11:07:24,72.61,7900,72.62,D
sz002409,雅克科技,2025-09-25 11:07:33,72.52,2900,72.52,D
sz002409,雅克科技,2025-09-25 11:08:03,72.42,2900,72.5,D
sz002409,雅克科技,2025-09-25 11:08:24,72.41,3600,72.39,U
sz002409,雅克科技,2025-09-25 11:08:36,72.36,7600,72.38,D
sz002409,雅克科技,2025-09-25 11:09:06,72.39,7700,72.38,U
sz002409,雅克科技,2025-09-25 11:09:12,72.41,17100,72.4,U
sz002409,雅克科技,2025-09-25 11:09:39,72.45,3200,72.45,D
sz002409,雅克科技,2025-09-25 11:10:06,72.47,19800,72.47,U
sz002409,雅克科技,2025-09-25 11:10:45,72.38,3100,72.39,D
sz002409,雅克科技,2025-09-25 11:11:15,72.38,2800,72.37,U
sz002409,雅克科技,2025-09-25 11:11:27,72.35,21200,72.37,D
sz002409,雅克科技,2025-09-25 11:11:30,72.33,3400,72.35,D
sz002409,雅克科技,2025-09-25 11:11:36,72.32,8600,72.33,E
sz002409,雅克科技,2025-09-25 11:11:39,72.25,5200,72.32,D
sz002409,雅克科技,2025-09-25 11:11:48,72.25,3200,72.27,E
sz002409,雅克科技,2025-09-25 11:12:12,72.24,8200,72.22,U
sz002409,雅克科技,2025-09-25 11:12:21,72.27,19600,72.21,U
sz002409,雅克科技,2025-09-25 11:12:30,72.35,3700,72.35,U
sz002409,雅克科技,2025-09-25 11:12:36,72.36,3300,72.3,U
sz002409,雅克科技,2025-09-25 11:12:39,72.35,5700,72.36,E
sz002409,雅克科技,2025-09-25 11:12:45,72.42,32400,72.35,U
sz002409,雅克科技,2025-09-25 11:13:06,72.45,3100,72.46,D
sz002409,雅克科技,2025-09-25 11:13:09,72.5,7600,72.45,U
sz002409,雅克科技,2025-09-25 11:13:12,72.46,10600,72.5,D
sz002409,雅克科技,2025-09-25 11:13:18,72.45,9200,72.52,D
sz002409,雅克科技,2025-09-25 11:14:27,72.5,5000,72.44,U
sz002409,雅克科技,2025-09-25 11:14:57,72.46,9800,72.5,D
sz002409,雅克科技,2025-09-25 11:15:00,72.46,3400,72.46,U
sz002409,雅克科技,2025-09-25 11:15:15,72.46,4400,72.46,U
sz002409,雅克科技,2025-09-25 11:16:00,72.39,3600,72.37,U
sz002409,雅克科技,2025-09-25 11:16:03,72.44,16600,72.39,U
sz002409,雅克科技,2025-09-25 11:16:06,72.49,9000,72.44,U
sz002409,雅克科技,2025-09-25 11:16:09,72.52,10600,72.49,U
sz002409,雅克科技,2025-09-25 11:16:57,72.55,6500,72.51,U
sz002409,雅克科技,2025-09-25 11:17:06,72.49,6700,72.55,D
sz002409,雅克科技,2025-09-25 11:17:09,72.55,3600,72.49,U
sz002409,雅克科技,2025-09-25 11:17:30,72.55,4500,72.54,U
sz002409,雅克科技,2025-09-25 11:17:42,72.56,6400,72.56,U
sz002409,雅克科技,2025-09-25 11:17:45,72.56,3200,72.56,U
sz002409,雅克科技,2025-09-25 11:17:48,72.55,3800,72.56,D
sz002409,雅克科技,2025-09-25 11:17:51,72.57,6000,72.55,U
sz002409,雅克科技,2025-09-25 11:18:00,72.59,3200,72.56,U
sz002409,雅克科技,2025-09-25 11:18:03,72.61,17100,72.59,U
sz002409,雅克科技,2025-09-25 11:19:09,72.63,4100,72.62,U
sz002409,雅克科技,2025-09-25 11:19:15,72.6,10000,72.61,D
sz002409,雅克科技,2025-09-25 11:20:03,72.64,3200,72.63,U
sz002409,雅克科技,2025-09-25 11:20:09,72.55,16900,72.63,D
sz002409,雅克科技,2025-09-25 11:20:36,72.55,3100,72.55,D
sz002409,雅克科技,2025-09-25 11:21:21,72.5,5200,72.49,U
sz002409,雅克科技,2025-09-25 11:21:39,72.52,3400,72.5,U
sz002409,雅克科技,2025-09-25 11:22:00,72.55,4300,72.52,U
sz002409,雅克科技,2025-09-25 11:22:21,72.62,3400,72.56,U
sz002409,雅克科技,2025-09-25 11:22:27,72.62,3400,72.62,U
sz002409,雅克科技,2025-09-25 11:22:39,72.68,3100,72.64,U
sz002409,雅克科技,2025-09-25 11:22:42,72.68,8500,72.68,U
sz002409,雅克科技,2025-09-25 11:22:45,72.69,11100,72.68,U
sz002409,雅克科技,2025-09-25 11:22:54,72.7,4000,72.69,U
sz002409,雅克科技,2025-09-25 11:23:03,72.69,10800,72.68,U
sz002409,雅克科技,2025-09-25 11:23:24,72.7,6900,72.67,U
sz002409,雅克科技,2025-09-25 11:23:30,72.7,7200,72.7,D
sz002409,雅克科技,2025-09-25 11:23:33,72.7,7800,72.7,D
sz002409,雅克科技,2025-09-25 11:23:39,72.72,4500,72.7,U
sz002409,雅克科技,2025-09-25 11:23:45,72.75,15000,72.71,U
sz002409,雅克科技,2025-09-25 11:24:03,72.68,8900,72.69,D
sz002409,雅克科技,2025-09-25 11:24:06,72.68,35400,72.68,U
sz002409,雅克科技,2025-09-25 11:24:42,72.67,4200,72.68,D
sz002409,雅克科技,2025-09-25 11:25:27,72.75,8300,72.7,U
sz002409,雅克科技,2025-09-25 11:26:06,72.75,6300,72.74,U
sz002409,雅克科技,2025-09-25 11:26:12,72.75,3200,72.75,U
sz002409,雅克科技,2025-09-25 11:26:45,72.75,7600,72.76,D
sz002409,雅克科技,2025-09-25 11:26:51,72.75,3600,72.75,D
sz002409,雅克科技,2025-09-25 11:27:00,72.74,4500,72.75,D
sz002409,雅克科技,2025-09-25 11:27:06,72.75,3700,72.74,U
sz002409,雅克科技,2025-09-25 11:27:15,72.75,7000,72.75,U
sz002409,雅克科技,2025-09-25 11:27:24,72.76,9600,72.76,U
sz002409,雅克科技,2025-09-25 11:27:27,72.78,6200,72.76,U
sz002409,雅克科技,2025-09-25 11:27:42,72.76,7200,72.78,D
sz002409,雅克科技,2025-09-25 11:28:15,72.75,3600,72.75,U
sz002409,雅克科技,2025-09-25 11:28:36,72.76,4200,72.76,D
sz002409,雅克科技,2025-09-25 11:28:45,72.79,14900,72.78,U
sz002409,雅克科技,2025-09-25 11:28:48,72.78,11400,72.79,D
sz002409,雅克科技,2025-09-25 11:28:51,72.82,10500,72.78,U
sz002409,雅克科技,2025-09-25 11:28:57,72.82,3000,72.85,D
sz002409,雅克科技,2025-09-25 11:29:00,72.86,5600,72.82,U
sz002409,雅克科技,2025-09-25 11:29:06,72.85,5800,72.86,D
sz002409,雅克科技,2025-09-25 11:29:09,72.85,4900,72.85,U
sz002409,雅克科技,2025-09-25 11:29:12,72.75,17600,72.85,D
sz002409,雅克科技,2025-09-25 11:29:27,72.84,5400,72.75,U
sz002409,雅克科技,2025-09-25 13:00:00,72.79,28700,72.79,D
sz002409,雅克科技,2025-09-25 13:00:03,72.78,29800,72.79,D
sz002409,雅克科技,2025-09-25 13:00:06,72.81,4000,72.78,U
sz002409,雅克科技,2025-09-25 13:00:12,72.71,11900,72.77,D
sz002409,雅克科技,2025-09-25 13:00:39,72.7,5200,72.77,D
sz002409,雅克科技,2025-09-25 13:00:48,72.71,6100,72.77,D
sz002409,雅克科技,2025-09-25 13:00:54,72.71,3300,72.8,D
sz002409,雅克科技,2025-09-25 13:01:03,72.77,5100,72.77,U
sz002409,雅克科技,2025-09-25 13:01:06,72.71,7100,72.77,D
sz002409,雅克科技,2025-09-25 13:01:21,72.6,14300,72.63,D
sz002409,雅克科技,2025-09-25 13:01:24,72.59,20200,72.6,D
sz002409,雅克科技,2025-09-25 13:01:27,72.5,6300,72.59,D
sz002409,雅克科技,2025-09-25 13:01:36,72.45,5400,72.49,D
sz002409,雅克科技,2025-09-25 13:01:45,72.44,3200,72.49,D
sz002409,雅克科技,2025-09-25 13:02:00,72.35,15400,72.45,D
sz002409,雅克科技,2025-09-25 13:02:12,72.32,4600,72.4,D
sz002409,雅克科技,2025-09-25 13:02:30,72.4,6500,72.43,D
sz002409,雅克科技,2025-09-25 13:02:36,72.4,3700,72.4,D
sz002409,雅克科技,2025-09-25 13:02:42,72.32,7900,72.4,D
sz002409,雅克科技,2025-09-25 13:02:51,72.3,5100,72.31,D
sz002409,雅克科技,2025-09-25 13:03:03,72.24,13200,72.3,D
sz002409,雅克科技,2025-09-25 13:03:12,72.22,7000,72.22,D
sz002409,雅克科技,2025-09-25 13:03:27,72.19,13700,72.2,D
sz002409,雅克科技,2025-09-25 13:03:30,72.19,7300,72.19,U
sz002409,雅克科技,2025-09-25 13:03:33,72.18,22500,72.19,D
sz002409,雅克科技,2025-09-25 13:03:36,72.16,4200,72.18,E
sz002409,雅克科技,2025-09-25 13:03:39,72.18,7400,72.16,U
sz002409,雅克科技,2025-09-25 13:03:51,72.12,3800,72.12,D
sz002409,雅克科技,2025-09-25 13:04:03,72.11,9000,72.09,U
sz002409,雅克科技,2025-09-25 13:04:06,72.18,9900,72.11,U
sz002409,雅克科技,2025-09-25 13:04:09,72.13,4200,72.18,E
sz002409,雅克科技,2025-09-25 13:04:12,72.1,10000,72.13,D
sz002409,雅克科技,2025-09-25 13:04:15,72.18,15400,72.1,U
sz002409,雅克科技,2025-09-25 13:04:24,72.12,3600,72.18,D
sz002409,雅克科技,2025-09-25 13:04:42,72.08,24300,72.13,D
sz002409,雅克科技,2025-09-25 13:04:48,72.03,10400,72.08,D
sz002409,雅克科技,2025-09-25 13:04:54,72.02,47700,72.02,D
sz002409,雅克科技,2025-09-25 13:05:09,72.0,4000,71.95,U
sz002409,雅克科技,2025-09-25 13:05:15,72.0,8100,72.02,D
sz002409,雅克科技,2025-09-25 13:05:21,72.09,8200,72.03,U
sz002409,雅克科技,2025-09-25 13:05:24,72.11,7700,72.09,U
sz002409,雅克科技,2025-09-25 13:05:27,72.06,7700,72.11,D
sz002409,雅克科技,2025-09-25 13:05:30,72.09,3200,72.06,E
sz002409,雅克科技,2025-09-25 13:05:36,72.09,3400,72.09,D
sz002409,雅克科技,2025-09-25 13:05:39,72.09,10500,72.09,U
sz002409,雅克科技,2025-09-25 13:05:51,72.1,7300,72.09,U
sz002409,雅克科技,2025-09-25 13:06:06,72.19,3800,72.17,U
sz002409,雅克科技,2025-09-25 13:06:09,72.2,6700,72.19,U
sz002409,雅克科技,2025-09-25 13:06:12,72.2,16300,72.2,U
sz002409,雅克科技,2025-09-25 13:06:42,72.32,8100,72.32,D
sz002409,雅克科技,2025-09-25 13:06:51,72.36,3900,72.38,D
sz002409,雅克科技,2025-09-25 13:07:12,72.38,35300,72.34,U
sz002409,雅克科技,2025-09-25 13:07:21,72.32,4500,72.33,E
sz002409,雅克科技,2025-09-25 13:07:24,72.36,17500,72.32,E
sz002409,雅克科技,2025-09-25 13:07:48,72.36,3000,72.44,U
sz002409,雅克科技,2025-09-25 13:08:15,72.39,2800,72.42,D
sz002409,雅克科技,2025-09-25 13:08:33,72.36,3100,72.39,D
sz002409,雅克科技,2025-09-25 13:08:36,72.39,3900,72.36,U
sz002409,雅克科技,2025-09-25 13:08:42,72.36,5500,72.39,D
sz002409,雅克科技,2025-09-25 13:08:45,72.36,12300,72.36,U
sz002409,雅克科技,2025-09-25 13:08:48,72.36,5300,72.36,D
sz002409,雅克科技,2025-09-25 13:08:51,72.36,8700,72.36,U
sz002409,雅克科技,2025-09-25 13:09:15,72.36,3500,72.36,D
sz002409,雅克科技,2025-09-25 13:09:33,72.39,3300,72.38,E
sz002409,雅克科技,2025-09-25 13:09:42,72.4,2800,72.4,D
sz002409,雅克科技,2025-09-25 13:09:48,72.36,8700,72.4,D
sz002409,雅克科技,2025-09-25 13:10:03,72.18,8200,72.25,D
sz002409,雅克科技,2025-09-25 13:10:30,72.18,12500,72.18,D
sz002409,雅克科技,2025-09-25 13:10:57,72.13,3000,72.13,D
sz002409,雅克科技,2025-09-25 13:11:18,72.16,4800,72.18,D
sz002409,雅克科技,2025-09-25 13:11:24,72.16,5500,72.16,U
sz002409,雅克科技,2025-09-25 13:11:30,72.14,3000,72.16,D
sz002409,雅克科技,2025-09-25 13:11:36,72.14,36400,72.14,D
sz002409,雅克科技,2025-09-25 13:11:39,72.1,5200,72.14,D
sz002409,雅克科技,2025-09-25 13:11:42,72.09,7100,72.1,D
sz002409,雅克科技,2025-09-25 13:11:54,72.02,3500,72.06,D
sz002409,雅克科技,2025-09-25 13:12:09,72.07,5700,72.08,E
sz002409,雅克科技,2025-09-25 13:12:12,72.07,8300,72.07,U
sz002409,雅克科技,2025-09-25 13:12:15,72.0,36800,72.07,D
sz002409,雅克科技,2025-09-25 13:12:24,72.0,5000,72.01,D
sz002409,雅克科技,2025-09-25 13:12:33,72.0,16200,72.0,D
sz002409,雅克科技,2025-09-25 13:12:39,72.04,26200,71.99,U
sz002409,雅克科技,2025-09-25 13:12:42,71.98,10400,72.04,D
sz002409,雅克科技,2025-09-25 13:12:45,71.99,3200,71.98,U
sz002409,雅克科技,2025-09-25 13:12:57,71.99,4100,72.0,D
sz002409,雅克科技,2025-09-25 13:13:03,71.99,3000,72.03,D
sz002409,雅克科技,2025-09-25 13:13:09,71.97,5400,72.0,D
sz002409,雅克科技,2025-09-25 13:13:24,71.93,32000,71.95,D
sz002409,雅克科技,2025-09-25 13:13:30,71.9,3200,71.92,D
sz002409,雅克科技,2025-09-25 13:13:33,71.88,5115,71.9,D
sz002409,雅克科技,2025-09-25 13:13:36,71.86,3700,71.88,D
sz002409,雅克科技,2025-09-25 13:13:39,71.85,3000,71.86,D
sz002409,雅克科技,2025-09-25 13:13:45,71.89,19400,71.85,U
sz002409,雅克科技,2025-09-25 13:13:48,71.89,10000,71.89,D
sz002409,雅克科技,2025-09-25 13:13:54,71.89,7500,71.89,D
sz002409,雅克科技,2025-09-25 13:13:57,71.9,13700,71.89,U
sz002409,雅克科技,2025-09-25 13:14:00,71.89,3100,71.9,D
sz002409,雅克科技,2025-09-25 13:14:03,71.88,3800,71.89,D
sz002409,雅克科技,2025-09-25 13:14:18,71.82,12300,71.85,D
sz002409,雅克科技,2025-09-25 13:14:27,71.84,11300,71.85,D
sz002409,雅克科技,2025-09-25 13:14:30,71.85,4700,71.84,D
sz002409,雅克科技,2025-09-25 13:14:36,71.88,3000,71.85,E
sz002409,雅克科技,2025-09-25 13:14:39,71.92,16100,71.88,U
sz002409,雅克科技,2025-09-25 13:14:51,71.91,9100,71.91,E
sz002409,雅克科技,2025-09-25 13:15:12,71.93,2800,71.93,D
sz002409,雅克科技,2025-09-25 13:15:33,72.03,2800,72.03,U
sz002409,雅克科技,2025-09-25 13:15:36,72.03,4500,72.03,U
sz002409,雅克科技,2025-09-25 13:15:39,72.02,20400,72.03,D
sz002409,雅克科技,2025-09-25 13:16:00,71.96,3000,71.96,D
sz002409,雅克科技,2025-09-25 13:16:03,71.93,6000,71.96,D
sz002409,雅克科技,2025-09-25 13:16:12,72.0,14200,71.96,U
sz002409,雅克科技,2025-09-25 13:16:39,72.01,3500,72.0,U
sz002409,雅克科技,2025-09-25 13:16:57,72.02,2900,72.04,U
sz002409,雅克科技,2025-09-25 13:17:09,72.07,4000,72.06,U
sz002409,雅克科技,2025-09-25 13:17:12,72.06,11800,72.07,D
sz002409,雅克科技,2025-09-25 13:17:18,72.04,2900,72.07,D
sz002409,雅克科技,2025-09-25 13:17:21,72.01,8500,72.04,D
sz002409,雅克科技,2025-09-25 13:17:24,72.03,4100,72.01,E
sz002409,雅克科技,2025-09-25 13:17:30,72.01,6900,72.02,D
sz002409,雅克科技,2025-09-25 13:17:36,72.0,3000,72.0,U
sz002409,雅克科技,2025-09-25 13:18:06,71.9,27100,71.95,D
sz002409,雅克科技,2025-09-25 13:18:12,71.9,4500,71.88,U
sz002409,雅克科技,2025-09-25 13:18:15,71.9,4000,71.9,D
sz002409,雅克科技,2025-09-25 13:18:18,71.9,19200,71.9,D
sz002409,雅克科技,2025-09-25 13:18:21,71.9,10000,71.9,U
sz002409,雅克科技,2025-09-25 13:18:24,71.88,8600,71.9,D
sz002409,雅克科技,2025-09-25 13:18:33,71.89,17000,71.88,U
sz002409,雅克科技,2025-09-25 13:18:39,71.87,2800,71.87,D
sz002409,雅克科技,2025-09-25 13:18:42,71.92,14000,71.87,U
sz002409,雅克科技,2025-09-25 13:18:45,71.87,4100,71.92,D
sz002409,雅克科技,2025-09-25 13:18:48,71.92,6500,71.87,U
sz002409,雅克科技,2025-09-25 13:18:54,71.86,6600,71.9,D
sz002409,雅克科技,2025-09-25 13:19:06,71.9,7800,71.9,U
sz002409,雅克科技,2025-09-25 13:19:12,71.9,7200,71.9,U
sz002409,雅克科技,2025-09-25 13:19:18,71.92,5200,71.92,U
sz002409,雅克科技,2025-09-25 13:19:21,71.91,6100,71.92,D
sz002409,雅克科技,2025-09-25 13:19:24,71.96,4700,71.91,U
sz002409,雅克科技,2025-09-25 13:19:27,71.9,9100,71.96,D
sz002409,雅克科技,2025-09-25 13:19:33,71.9,3000,71.96,D
sz002409,雅克科技,2025-09-25 13:19:51,71.86,4100,71.87,D
sz002409,雅克科技,2025-09-25 13:19:54,71.85,16500,71.86,D
sz002409,雅克科技,2025-09-25 13:20:00,71.81,9300,71.83,D
sz002409,雅克科技,2025-09-25 13:20:03,71.81,3600,71.81,D
sz002409,雅克科技,2025-09-25 13:20:06,71.8,2800,71.81,D
sz002409,雅克科技,2025-09-25 13:20:09,71.81,6100,71.8,U
sz002409,雅克科技,2025-09-25 13:20:12,71.8,6400,71.81,D
sz002409,雅克科技,2025-09-25 13:20:15,71.8,16200,71.8,D
sz002409,雅克科技,2025-09-25 13:20:21,71.81,37200,71.79,U
sz002409,雅克科技,2025-09-25 13:20:24,71.82,14400,71.81,E
sz002409,雅克科技,2025-09-25 13:20:33,71.81,2800,71.8,D
sz002409,雅克科技,2025-09-25 13:20:39,71.9,8500,71.87,U
sz002409,雅克科技,2025-09-25 13:20:54,71.93,3700,71.9,U
sz002409,雅克科技,2025-09-25 13:21:03,71.99,12700,71.95,U
sz002409,雅克科技,2025-09-25 13:21:06,72.0,9400,71.99,U
sz002409,雅克科技,2025-09-25 13:21:09,72.04,17900,72.0,U
sz002409,雅克科技,2025-09-25 13:21:12,72.04,6900,72.04,U
sz002409,雅克科技,2025-09-25 13:21:21,72.03,11200,71.98,U
sz002409,雅克科技,2025-09-25 13:21:36,72.08,10200,72.08,U
sz002409,雅克科技,2025-09-25 13:21:51,72.1,6800,72.1,U
sz002409,雅克科技,2025-09-25 13:21:54,72.1,4700,72.1,U
sz002409,雅克科技,2025-09-25 13:21:57,72.08,10900,72.1,D
sz002409,雅克科技,2025-09-25 13:22:03,72.05,3600,72.07,D
sz002409,雅克科技,2025-09-25 13:22:30,71.96,25600,72.05,D
sz002409,雅克科技,2025-09-25 13:22:57,71.9,3000,71.94,D
sz002409,雅克科技,2025-09-25 13:23:09,71.8,6758,71.88,D
sz002409,雅克科技,2025-09-25 13:23:15,71.82,4200,71.82,D
sz002409,雅克科技,2025-09-25 13:23:36,71.88,5942,71.87,E
sz002409,雅克科技,2025-09-25 13:23:39,71.86,3900,71.88,D
sz002409,雅克科技,2025-09-25 13:23:42,71.86,4158,71.86,D
sz002409,雅克科技,2025-09-25 13:23:45,71.87,8900,71.86,U
sz002409,雅克科技,2025-09-25 13:23:57,71.88,6942,71.87,U
sz002409,雅克科技,2025-09-25 13:24:03,71.87,4700,71.87,D
sz002409,雅克科技,2025-09-25 13:24:15,71.83,3600,71.84,D
sz002409,雅克科技,2025-09-25 13:24:27,71.81,7400,71.83,D
sz002409,雅克科技,2025-09-25 13:24:30,71.9,5000,71.81,U
sz002409,雅克科技,2025-09-25 13:24:33,71.94,4000,71.9,U
sz002409,雅克科技,2025-09-25 13:24:36,71.94,2800,71.94,U
sz002409,雅克科技,2025-09-25 13:25:30,71.88,3800,71.9,D
sz002409,雅克科技,2025-09-25 13:25:51,71.87,3700,71.85,U
sz002409,雅克科技,2025-09-25 13:25:57,71.85,4500,71.84,U
sz002409,雅克科技,2025-09-25 13:26:06,71.85,3900,71.84,U
sz002409,雅克科技,2025-09-25 13:26:30,71.83,11500,71.83,D
sz002409,雅克科技,2025-09-25 13:26:54,71.79,3342,71.81,D
sz002409,雅克科技,2025-09-25 13:27:00,71.79,3000,71.8,D
sz002409,雅克科技,2025-09-25 13:27:03,71.78,4000,71.79,D
sz002409,雅克科技,2025-09-25 13:27:21,71.78,4500,71.77,U
sz002409,雅克科技,2025-09-25 13:27:24,71.81,21558,71.78,U
sz002409,雅克科技,2025-09-25 13:27:30,71.78,10942,71.78,D
sz002409,雅克科技,2025-09-25 13:27:39,71.84,16058,71.8,U
sz002409,雅克科技,2025-09-25 13:27:57,71.86,5500,71.87,D
sz002409,雅克科技,2025-09-25 13:28:03,71.89,8700,71.88,U
sz002409,雅克科技,2025-09-25 13:28:12,71.89,3100,71.88,U
sz002409,雅克科技,2025-09-25 13:28:24,71.88,6600,71.9,D
sz002409,雅克科技,2025-09-25 13:28:36,71.87,8500,71.9,D
sz002409,雅克科技,2025-09-25 13:28:45,71.86,32700,71.87,D
sz002409,雅克科技,2025-09-25 13:29:12,71.87,9000,71.84,U
sz002409,雅克科技,2025-09-25 13:29:36,71.82,5800,71.82,D
sz002409,雅克科技,2025-09-25 13:29:45,71.82,10142,71.82,D
sz002409,雅克科技,2025-09-25 13:29:48,71.79,4600,71.82,D
sz002409,雅克科技,2025-09-25 13:30:06,71.75,4100,71.75,D
sz002409,雅克科技,2025-09-25 13:30:12,71.7,8700,71.72,D
sz002409,雅克科技,2025-09-25 13:30:15,71.72,4000,71.7,U
sz002409,雅克科技,2025-09-25 13:30:18,71.75,6200,71.72,U
sz002409,雅克科技,2025-09-25 13:30:21,71.73,6900,71.75,E
sz002409,雅克科技,2025-09-25 13:30:33,71.73,21700,71.72,U
sz002409,雅克科技,2025-09-25 13:30:36,71.72,3600,71.73,D
sz002409,雅克科技,2025-09-25 13:30:39,71.7,4500,71.72,D
sz002409,雅克科技,2025-09-25 13:30:42,71.7,17500,71.7,D
sz002409,雅克科技,2025-09-25 13:30:45,71.69,2800,71.7,D
sz002409,雅克科技,2025-09-25 13:30:54,71.67,5200,71.68,D
sz002409,雅克科技,2025-09-25 13:30:57,71.67,3400,71.67,D
sz002409,雅克科技,2025-09-25 13:31:03,71.71,79900,71.66,U
sz002409,雅克科技,2025-09-25 13:31:06,71.66,44800,71.71,D
sz002409,雅克科技,2025-09-25 13:31:09,71.77,8600,71.66,U
sz002409,雅克科技,2025-09-25 13:31:15,71.7,4900,71.75,D
sz002409,雅克科技,2025-09-25 13:31:21,71.7,12800,71.7,U
sz002409,雅克科技,2025-09-25 13:31:27,71.75,3300,71.71,U
sz002409,雅克科技,2025-09-25 13:31:30,71.7,12500,71.75,D
sz002409,雅克科技,2025-09-25 13:31:54,71.82,3100,71.78,U
sz002409,雅克科技,2025-09-25 13:32:18,71.74,3700,71.76,D
sz002409,雅克科技,2025-09-25 13:32:33,71.7,3700,71.72,D
sz002409,雅克科技,2025-09-25 13:32:45,71.68,3000,71.68,U
sz002409,雅克科技,2025-09-25 13:32:57,71.7,2900,71.68,U
sz002409,雅克科技,2025-09-25 13:33:09,71.68,3200,71.67,U
sz002409,雅克科技,2025-09-25 13:33:15,71.65,7000,71.65,D
sz002409,雅克科技,2025-09-25 13:33:21,71.66,4500,71.65,U
sz002409,雅克科技,2025-09-25 13:33:24,71.68,17486,71.66,U
sz002409,雅克科技,2025-09-25 13:33:30,71.66,10114,71.68,D
sz002409,雅克科技,2025-09-25 13:33:33,71.65,5800,71.66,D
sz002409,雅克科技,2025-09-25 13:33:36,71.65,9800,71.65,U
sz002409,雅克科技,2025-09-25 13:33:39,71.65,3586,71.65,D
sz002409,雅克科技,2025-09-25 13:34:03,71.61,46600,71.62,D
sz002409,雅克科技,2025-09-25 13:34:06,71.61,5200,71.61,D
sz002409,雅克科技,2025-09-25 13:34:09,71.65,5550,71.61,E
sz002409,雅克科技,2025-09-25 13:34:12,71.69,4336,71.65,U
sz002409,雅克科技,2025-09-25 13:34:24,71.71,3900,71.71,U
sz002409,雅克科技,2025-09-25 13:34:33,71.72,4700,71.71,U
sz002409,雅克科技,2025-09-25 13:34:36,71.7,3400,71.72,D
sz002409,雅克科技,2025-09-25 13:34:39,71.74,4600,71.7,U
sz002409,雅克科技,2025-09-25 13:35:12,71.85,3600,71.85,U
sz002409,雅克科技,2025-09-25 13:35:18,71.84,2900,71.84,U
sz002409,雅克科技,2025-09-25 13:35:24,71.84,3100,71.84,U
sz002409,雅克科技,2025-09-25 13:36:09,71.95,5100,71.98,D
sz002409,雅克科技,2025-09-25 13:36:18,72.0,4800,71.98,U
sz002409,雅克科技,2025-09-25 13:36:21,72.01,13400,72.0,U
sz002409,雅克科技,2025-09-25 13:36:24,72.01,3900,72.01,U
sz002409,雅克科技,2025-09-25 13:36:27,72.01,3100,72.01,U
sz002409,雅克科技,2025-09-25 13:36:30,72.0,5700,72.01,D
sz002409,雅克科技,2025-09-25 13:36:33,72.01,5900,72.0,U
sz002409,雅克科技,2025-09-25 13:36:39,72.0,2900,72.0,D
sz002409,雅克科技,2025-09-25 13:36:45,71.96,29100,72.0,D
sz002409,雅克科技,2025-09-25 13:36:51,71.96,2900,72.05,D
sz002409,雅克科技,2025-09-25 13:36:57,71.96,5700,71.96,U
sz002409,雅克科技,2025-09-25 13:37:03,71.87,5800,71.94,D
sz002409,雅克科技,2025-09-25 13:37:18,71.87,3000,71.85,U
sz002409,雅克科技,2025-09-25 13:37:36,71.87,3700,71.84,U
sz002409,雅克科技,2025-09-25 13:37:39,71.84,3200,71.87,D
sz002409,雅克科技,2025-09-25 13:38:06,71.8,5300,71.83,D
sz002409,雅克科技,2025-09-25 13:38:09,71.82,3500,71.8,U
sz002409,雅克科技,2025-09-25 13:38:12,71.83,4600,71.82,U
sz002409,雅克科技,2025-09-25 13:38:18,71.81,21200,71.84,D
sz002409,雅克科技,2025-09-25 13:38:21,71.87,31500,71.81,U
sz002409,雅克科技,2025-09-25 13:38:42,71.88,6900,71.88,D
sz002409,雅克科技,2025-09-25 13:38:51,71.88,18800,71.88,U
sz002409,雅克科技,2025-09-25 13:39:06,71.88,6200,71.87,E
sz002409,雅克科技,2025-09-25 13:39:12,71.94,16400,71.89,U
sz002409,雅克科技,2025-09-25 13:39:15,71.91,3200,71.94,D
sz002409,雅克科技,2025-09-25 13:39:21,71.96,3400,71.91,U
sz002409,雅克科技,2025-09-25 13:39:24,71.97,3400,71.96,U
sz002409,雅克科技,2025-09-25 13:39:27,72.0,10100,71.97,U
sz002409,雅克科技,2025-09-25 13:39:33,71.97,3100,72.03,D
sz002409,雅克科技,2025-09-25 13:39:39,72.0,7100,72.0,U
sz002409,雅克科技,2025-09-25 13:39:48,72.02,7200,72.02,U
sz002409,雅克科技,2025-09-25 13:39:51,72.08,22500,72.02,U
sz002409,雅克科技,2025-09-25 13:39:54,72.13,5116,72.08,U
sz002409,雅克科技,2025-09-25 13:39:57,72.15,3300,72.13,U
sz002409,雅克科技,2025-09-25 13:40:00,72.2,11200,72.15,U
sz002409,雅克科技,2025-09-25 13:40:03,72.15,6900,72.2,D
sz002409,雅克科技,2025-09-25 13:40:06,72.15,4400,72.15,D
sz002409,雅克科技,2025-09-25 13:40:09,72.12,4300,72.15,D
sz002409,雅克科技,2025-09-25 13:40:12,72.15,2900,72.12,E
sz002409,雅克科技,2025-09-25 13:40:30,72.11,8000,72.19,D
sz002409,雅克科技,2025-09-25 13:40:33,72.1,5200,72.11,D
sz002409,雅克科技,2025-09-25 13:40:36,72.1,7100,72.1,U
sz002409,雅克科技,2025-09-25 13:40:42,72.09,4400,72.1,D
sz002409,雅克科技,2025-09-25 13:40:51,72.1,2900,72.09,U
sz002409,雅克科技,2025-09-25 13:41:30,72.05,4900,72.05,U
sz002409,雅克科技,2025-09-25 13:41:33,72.04,3300,72.05,D
sz002409,雅克科技,2025-09-25 13:41:51,72.03,3700,72.04,D
sz002409,雅克科技,2025-09-25 13:41:54,72.03,3300,72.03,U
sz002409,雅克科技,2025-09-25 13:42:00,72.04,3100,72.05,D
sz002409,雅克科技,2025-09-25 13:42:03,72.03,7400,72.04,D
sz002409,雅克科技,2025-09-25 13:42:33,72.06,7600,72.05,U
sz002409,雅克科技,2025-09-25 13:42:45,72.03,4300,72.03,D
sz002409,雅克科技,2025-09-25 13:42:54,72.05,3200,72.03,U
sz002409,雅克科技,2025-09-25 13:43:24,72.06,7100,72.05,U
sz002409,雅克科技,2025-09-25 13:43:30,72.07,3100,72.06,U
sz002409,雅克科技,2025-09-25 13:43:33,72.07,4400,72.07,U
sz002409,雅克科技,2025-09-25 13:43:36,72.08,6800,72.07,U
sz002409,雅克科技,2025-09-25 13:43:57,72.07,5700,72.06,U
sz002409,雅克科技,2025-09-25 13:44:03,72.06,2900,72.06,U
sz002409,雅克科技,2025-09-25 13:44:24,72.04,5100,72.04,U
sz002409,雅克科技,2025-09-25 13:44:27,72.03,2900,72.04,D
sz002409,雅克科技,2025-09-25 13:44:36,72.01,2900,72.04,D
sz002409,雅克科技,2025-09-25 13:44:45,72.04,16800,72.0,U
sz002409,雅克科技,2025-09-25 13:44:48,72.03,5900,72.04,E
sz002409,雅克科技,2025-09-25 13:44:51,72.04,3600,72.03,E
sz002409,雅克科技,2025-09-25 13:44:54,72.07,16000,72.04,U
sz002409,雅克科技,2025-09-25 13:45:00,72.03,4000,72.04,E
sz002409,雅克科技,2025-09-25 13:45:06,72.0,12800,72.04,D
sz002409,雅克科技,2025-09-25 13:45:15,71.95,3100,71.94,E
sz002409,雅克科技,2025-09-25 13:45:18,71.9,10600,71.95,D
sz002409,雅克科技,2025-09-25 13:45:36,71.84,5200,71.85,E
sz002409,雅克科技,2025-09-25 13:45:39,71.9,4000,71.84,U
sz002409,雅克科技,2025-09-25 13:45:51,71.9,6700,71.89,D
sz002409,雅克科技,2025-09-25 13:45:57,71.87,2800,71.87,U
sz002409,雅克科技,2025-09-25 13:46:00,71.87,4000,71.87,D
sz002409,雅克科技,2025-09-25 13:46:18,71.8,25000,71.83,D
sz002409,雅克科技,2025-09-25 13:46:24,71.81,15500,71.85,D
sz002409,雅克科技,2025-09-25 13:46:27,71.83,4800,71.81,U
sz002409,雅克科技,2025-09-25 13:46:36,71.82,7100,71.82,E
sz002409,雅克科技,2025-09-25 13:46:42,71.84,4300,71.83,U
sz002409,雅克科技,2025-09-25 13:46:48,71.84,4400,71.89,D
sz002409,雅克科技,2025-09-25 13:47:06,71.92,2900,71.93,D
sz002409,雅克科技,2025-09-25 13:47:12,71.84,19300,71.89,D
sz002409,雅克科技,2025-09-25 13:47:36,71.95,12700,71.9,U
sz002409,雅克科技,2025-09-25 13:48:36,71.96,8400,71.9,U
sz002409,雅克科技,2025-09-25 13:48:39,71.91,10800,71.96,D
sz002409,雅克科技,2025-09-25 13:48:42,71.92,2800,71.91,E
sz002409,雅克科技,2025-09-25 13:49:06,71.99,16000,71.99,U
sz002409,雅克科技,2025-09-25 13:49:12,71.95,8700,71.99,D
sz002409,雅克科技,2025-09-25 13:49:24,71.93,4300,71.9,U
sz002409,雅克科技,2025-09-25 13:49:45,71.9,8600,71.92,D
sz002409,雅克科技,2025-09-25 13:50:03,71.9,2900,71.94,D
sz002409,雅克科技,2025-09-25 13:50:42,71.92,3100,71.92,U
sz002409,雅克科技,2025-09-25 13:50:48,71.94,6600,71.92,U
sz002409,雅克科技,2025-09-25 13:50:57,71.95,6600,71.94,U
sz002409,雅克科技,2025-09-25 13:51:00,71.91,5600,71.95,D
sz002409,雅克科技,2025-09-25 13:51:09,71.94,4200,71.97,D
sz002409,雅克科技,2025-09-25 13:51:33,71.95,3600,71.95,E
sz002409,雅克科技,2025-09-25 13:51:36,71.88,4000,71.95,D
sz002409,雅克科技,2025-09-25 13:52:06,71.87,10700,71.85,U
sz002409,雅克科技,2025-09-25 13:52:09,71.86,2900,71.87,D
sz002409,雅克科技,2025-09-25 13:52:12,71.85,2800,71.86,D
sz002409,雅克科技,2025-09-25 13:52:21,71.85,5200,71.87,D
sz002409,雅克科技,2025-09-25 13:52:39,71.81,20400,71.84,D
sz002409,雅克科技,2025-09-25 13:52:42,71.85,5900,71.81,U
sz002409,雅克科技,2025-09-25 13:53:06,71.81,8100,71.77,U
sz002409,雅克科技,2025-09-25 13:53:09,71.84,3500,71.81,U
sz002409,雅克科技,2025-09-25 13:53:12,71.86,3500,71.84,U
sz002409,雅克科技,2025-09-25 13:53:15,71.84,15000,71.86,D
sz002409,雅克科技,2025-09-25 13:53:18,71.81,5900,71.84,D
sz002409,雅克科技,2025-09-25 13:53:30,71.87,7300,71.82,U
sz002409,雅克科技,2025-09-25 13:53:33,71.86,4300,71.87,E
sz002409,雅克科技,2025-09-25 13:53:48,71.8,11700,71.85,D
sz002409,雅克科技,2025-09-25 13:54:06,71.8,15500,71.85,D
sz002409,雅克科技,2025-09-25 13:54:30,71.82,4000,71.82,U
sz002409,雅克科技,2025-09-25 13:54:33,71.83,4100,71.82,U
sz002409,雅克科技,2025-09-25 13:54:39,71.83,5000,71.81,U
sz002409,雅克科技,2025-09-25 13:54:48,71.83,6100,71.85,D
sz002409,雅克科技,2025-09-25 13:56:00,71.87,3900,71.85,U
sz002409,雅克科技,2025-09-25 13:56:03,71.88,5400,71.87,U
sz002409,雅克科技,2025-09-25 13:56:06,71.88,3500,71.88,U
sz002409,雅克科技,2025-09-25 13:56:24,71.96,10700,71.94,U
sz002409,雅克科技,2025-09-25 13:56:33,71.95,4500,71.94,U
sz002409,雅克科技,2025-09-25 13:56:36,71.95,3000,71.95,U
sz002409,雅克科技,2025-09-25 13:56:42,71.95,3800,71.95,U
sz002409,雅克科技,2025-09-25 13:57:09,71.98,6100,71.99,D
sz002409,雅克科技,2025-09-25 13:57:12,72.01,8200,71.98,U
sz002409,雅克科技,2025-09-25 13:57:15,72.03,3700,72.01,U
sz002409,雅克科技,2025-09-25 13:57:18,72.0,3700,72.03,D
sz002409,雅克科技,2025-09-25 13:57:27,72.04,2900,72.04,U
sz002409,雅克科技,2025-09-25 13:57:33,72.02,6800,72.04,D
sz002409,雅克科技,2025-09-25 13:57:57,72.02,2800,72.04,D
sz002409,雅克科技,2025-09-25 13:58:54,72.02,3900,72.01,U
sz002409,雅克科技,2025-09-25 13:59:03,72.02,15200,72.02,U
sz002409,雅克科技,2025-09-25 13:59:06,72.04,5700,72.02,U
sz002409,雅克科技,2025-09-25 13:59:48,72.01,6100,72.06,D
sz002409,雅克科技,2025-09-25 13:59:51,72.12,20200,72.01,U
sz002409,雅克科技,2025-09-25 13:59:54,72.14,6100,72.12,U
sz002409,雅克科技,2025-09-25 13:59:57,72.15,6400,72.14,U
sz002409,雅克科技,2025-09-25 14:00:00,72.15,2900,72.15,U
sz002409,雅克科技,2025-09-25 14:00:03,72.05,15300,72.15,D
sz002409,雅克科技,2025-09-25 14:00:06,72.08,5100,72.05,E
sz002409,雅克科技,2025-09-25 14:00:18,72.15,3100,72.12,U
sz002409,雅克科技,2025-09-25 14:00:57,72.12,4200,72.1,U
sz002409,雅克科技,2025-09-25 14:01:00,72.15,16300,72.12,U
sz002409,雅克科技,2025-09-25 14:01:03,72.11,7800,72.15,D
sz002409,雅克科技,2025-09-25 14:01:09,72.15,2900,72.14,U
sz002409,雅克科技,2025-09-25 14:01:12,72.11,4600,72.15,D
sz002409,雅克科技,2025-09-25 14:01:15,72.11,28200,72.11,D
sz002409,雅克科技,2025-09-25 14:01:18,72.1,10600,72.11,D
sz002409,雅克科技,2025-09-25 14:01:21,72.09,3800,72.1,D
sz002409,雅克科技,2025-09-25 14:01:24,72.08,4200,72.09,D
sz002409,雅克科技,2025-09-25 14:01:30,72.05,3000,72.06,D
sz002409,雅克科技,2025-09-25 14:01:39,72.06,4800,72.05,U
sz002409,雅克科技,2025-09-25 14:01:57,72.06,21400,72.06,U
sz002409,雅克科技,2025-09-25 14:02:00,72.05,6200,72.06,D
sz002409,雅克科技,2025-09-25 14:02:18,72.0,20400,72.0,D
sz002409,雅克科技,2025-09-25 14:02:21,71.99,4300,72.0,D
sz002409,雅克科技,2025-09-25 14:02:30,72.01,5300,71.98,U
sz002409,雅克科技,2025-09-25 14:02:39,72.0,9700,72.0,D
sz002409,雅克科技,2025-09-25 14:02:51,72.01,6400,72.01,D
sz002409,雅克科技,2025-09-25 14:03:18,72.01,5800,72.01,D
sz002409,雅克科技,2025-09-25 14:03:21,72.0,3600,72.01,D
sz002409,雅克科技,2025-09-25 14:03:27,72.01,3500,72.01,U
sz002409,雅克科技,2025-09-25 14:03:30,72.06,7500,72.01,U
sz002409,雅克科技,2025-09-25 14:03:33,72.1,3500,72.06,U
sz002409,雅克科技,2025-09-25 14:03:57,72.11,3500,72.1,E
sz002409,雅克科技,2025-09-25 14:04:18,72.13,3200,72.14,E
sz002409,雅克科技,2025-09-25 14:04:27,72.12,2900,72.12,D
sz002409,雅克科技,2025-09-25 14:04:30,72.12,3500,72.12,U
sz002409,雅克科技,2025-09-25 14:04:39,72.13,5300,72.12,E
sz002409,雅克科技,2025-09-25 14:04:48,72.12,3700,72.07,U
sz002409,雅克科技,2025-09-25 14:04:54,72.07,5800,72.12,E
sz002409,雅克科技,2025-09-25 14:05:09,72.0,5100,72.09,D
sz002409,雅克科技,2025-09-25 14:05:33,72.09,3100,72.09,E
sz002409,雅克科技,2025-09-25 14:06:30,72.18,20800,72.16,U
sz002409,雅克科技,2025-09-25 14:06:33,72.18,3600,72.18,U
sz002409,雅克科技,2025-09-25 14:07:03,72.18,13000,72.2,D
sz002409,雅克科技,2025-09-25 14:07:06,72.1,43600,72.18,D
sz002409,雅克科技,2025-09-25 14:07:24,72.19,3200,72.07,U
sz002409,雅克科技,2025-09-25 14:07:54,72.08,5300,72.09,D
sz002409,雅克科技,2025-09-25 14:08:12,72.04,2800,72.06,D
sz002409,雅克科技,2025-09-25 14:08:54,72.05,5000,72.04,U
sz002409,雅克科技,2025-09-25 14:09:09,71.99,16200,72.03,D
sz002409,雅克科技,2025-09-25 14:09:51,72.08,4400,72.07,U
sz002409,雅克科技,2025-09-25 14:10:18,72.1,3200,72.1,U
sz002409,雅克科技,2025-09-25 14:10:51,72.1,7600,72.11,D
sz002409,雅克科技,2025-09-25 14:10:54,72.11,5300,72.1,U
sz002409,雅克科技,2025-09-25 14:11:27,72.0,4400,72.05,D
sz002409,雅克科技,2025-09-25 14:11:45,71.99,3700,72.0,D
sz002409,雅克科技,2025-09-25 14:11:51,71.92,3000,72.01,D
sz002409,雅克科技,2025-09-25 14:12:27,72.04,2900,72.0,U
sz002409,雅克科技,2025-09-25 14:12:48,72.02,4400,72.02,D
sz002409,雅克科技,2025-09-25 14:13:18,72.07,11200,72.02,U
sz002409,雅克科技,2025-09-25 14:13:39,72.09,3100,72.1,D
sz002409,雅克科技,2025-09-25 14:13:45,72.12,13400,72.1,U
sz002409,雅克科技,2025-09-25 14:14:09,72.0,5100,72.03,D
sz002409,雅克科技,2025-09-25 14:14:12,71.96,7500,72.0,D
sz002409,雅克科技,2025-09-25 14:14:18,71.97,5700,71.96,U
sz002409,雅克科技,2025-09-25 14:15:33,71.95,4900,71.99,D
sz002409,雅克科技,2025-09-25 14:16:18,71.94,3000,71.95,D
sz002409,雅克科技,2025-09-25 14:16:24,71.96,8200,71.96,D
sz002409,雅克科技,2025-09-25 14:16:33,71.96,2900,71.96,D
sz002409,雅克科技,2025-09-25 14:16:36,71.96,5200,71.96,U
sz002409,雅克科技,2025-09-25 14:16:45,71.97,8200,71.96,U
sz002409,雅克科技,2025-09-25 14:16:51,71.94,5800,71.97,D
sz002409,雅克科技,2025-09-25 14:17:00,71.97,3400,71.97,D
sz002409,雅克科技,2025-09-25 14:17:12,72.0,4600,71.99,U
sz002409,雅克科技,2025-09-25 14:17:48,71.97,2800,71.99,D
sz002409,雅克科技,2025-09-25 14:18:00,71.99,4100,71.99,D
sz002409,雅克科技,2025-09-25 14:18:03,71.99,2900,71.99,D
sz002409,雅克科技,2025-09-25 14:18:09,71.99,4100,71.99,D
sz002409,雅克科技,2025-09-25 14:18:18,71.98,7900,71.99,D
sz002409,雅克科技,2025-09-25 14:18:42,71.98,3900,71.97,U
sz002409,雅克科技,2025-09-25 14:18:54,71.96,10900,71.97,D
sz002409,雅克科技,2025-09-25 14:19:21,72.0,10800,71.99,U
sz002409,雅克科技,2025-09-25 14:19:39,72.02,3400,71.99,U
sz002409,雅克科技,2025-09-25 14:19:45,72.04,3100,72.03,U
sz002409,雅克科技,2025-09-25 14:19:48,72.05,4700,72.04,U
sz002409,雅克科技,2025-09-25 14:19:51,72.05,2800,72.05,D
sz002409,雅克科技,2025-09-25 14:20:09,72.03,4600,72.04,D
sz002409,雅克科技,2025-09-25 14:20:30,72.0,8400,72.04,D
sz002409,雅克科技,2025-09-25 14:21:33,71.99,12100,72.01,D
sz002409,雅克科技,2025-09-25 14:21:48,71.99,5800,71.98,U
sz002409,雅克科技,2025-09-25 14:21:51,71.98,8400,71.99,D
sz002409,雅克科技,2025-09-25 14:22:06,72.0,5700,72.0,U
sz002409,雅克科技,2025-09-25 14:22:09,72.01,4100,72.0,U
sz002409,雅克科技,2025-09-25 14:23:27,72.02,10900,72.0,U
sz002409,雅克科技,2025-09-25 14:23:30,72.01,3800,72.02,D
sz002409,雅克科技,2025-09-25 14:23:48,72.03,3900,72.01,U
sz002409,雅克科技,2025-09-25 14:24:21,71.98,34300,72.01,D
sz002409,雅克科技,2025-09-25 14:24:24,71.98,4400,71.98,D
sz002409,雅克科技,2025-09-25 14:24:45,71.98,14500,71.98,D
sz002409,雅克科技,2025-09-25 14:25:06,72.0,3900,71.98,U
sz002409,雅克科技,2025-09-25 14:25:18,72.01,6500,72.0,U
sz002409,雅克科技,2025-09-25 14:25:21,72.03,5100,72.01,U
sz002409,雅克科技,2025-09-25 14:25:24,72.04,6300,72.03,U
sz002409,雅克科技,2025-09-25 14:25:33,72.06,13200,72.04,U
sz002409,雅克科技,2025-09-25 14:25:36,72.07,4000,72.06,U
sz002409,雅克科技,2025-09-25 14:25:42,72.06,5200,72.07,D
sz002409,雅克科技,2025-09-25 14:25:45,72.11,8700,72.06,U
sz002409,雅克科技,2025-09-25 14:25:51,72.12,4400,72.1,U
sz002409,雅克科技,2025-09-25 14:25:57,72.12,5800,72.12,U
sz002409,雅克科技,2025-09-25 14:26:06,72.15,5600,72.13,U
sz002409,雅克科技,2025-09-25 14:26:15,72.18,7400,72.15,U
sz002409,雅克科技,2025-09-25 14:26:18,72.19,6300,72.18,U
sz002409,雅克科技,2025-09-25 14:26:21,72.2,22900,72.19,U
sz002409,雅克科技,2025-09-25 14:26:24,72.2,4300,72.2,U
sz002409,雅克科技,2025-09-25 14:26:27,72.21,3700,72.2,U
sz002409,雅克科技,2025-09-25 14:26:30,72.23,7000,72.21,U
sz002409,雅克科技,2025-09-25 14:26:42,72.23,4200,72.24,D
sz002409,雅克科技,2025-09-25 14:26:48,72.28,7400,72.24,U
sz002409,雅克科技,2025-09-25 14:26:54,72.3,19700,72.24,U
sz002409,雅克科技,2025-09-25 14:27:00,72.3,4200,72.27,U
sz002409,雅克科技,2025-09-25 14:27:06,72.3,5600,72.29,U
sz002409,雅克科技,2025-09-25 14:27:12,72.3,7900,72.29,U
sz002409,雅克科技,2025-09-25 14:27:15,72.3,6000,72.3,U
sz002409,雅克科技,2025-09-25 14:27:18,72.3,7100,72.3,D
sz002409,雅克科技,2025-09-25 14:27:21,72.3,5900,72.3,D
sz002409,雅克科技,2025-09-25 14:27:24,72.29,5400,72.3,U
sz002409,雅克科技,2025-09-25 14:27:30,72.3,6000,72.29,E
sz002409,雅克科技,2025-09-25 14:27:36,72.33,4800,72.28,U
sz002409,雅克科技,2025-09-25 14:27:42,72.23,4400,72.25,D
sz002409,雅克科技,2025-09-25 14:27:48,72.34,4100,72.26,U
sz002409,雅克科技,2025-09-25 14:27:54,72.32,13700,72.23,U
sz002409,雅克科技,2025-09-25 14:27:57,72.32,7900,72.32,D
sz002409,雅克科技,2025-09-25 14:28:30,72.32,4400,72.32,E
sz002409,雅克科技,2025-09-25 14:28:33,72.32,4400,72.32,U
sz002409,雅克科技,2025-09-25 14:28:36,72.33,3400,72.32,U
sz002409,雅克科技,2025-09-25 14:28:45,72.34,10000,72.34,U
sz002409,雅克科技,2025-09-25 14:29:09,72.26,8100,72.25,U
sz002409,雅克科技,2025-09-25 14:29:18,72.3,4900,72.25,U
sz002409,雅克科技,2025-09-25 14:29:27,72.33,5600,72.25,U
sz002409,雅克科技,2025-09-25 14:29:36,72.33,4000,72.32,U
sz002409,雅克科技,2025-09-25 14:29:39,72.33,3200,72.33,U
sz002409,雅克科技,2025-09-25 14:30:03,72.32,2800,72.32,U
sz002409,雅克科技,2025-09-25 14:30:06,72.33,4900,72.32,U
sz002409,雅克科技,2025-09-25 14:30:09,72.36,6400,72.33,U
sz002409,雅克科技,2025-09-25 14:30:12,72.37,6300,72.36,U
sz002409,雅克科技,2025-09-25 14:30:18,72.39,5400,72.37,U
sz002409,雅克科技,2025-09-25 14:30:27,72.48,7400,72.4,U
sz002409,雅克科技,2025-09-25 14:30:33,72.44,6600,72.48,E
sz002409,雅克科技,2025-09-25 14:30:36,72.45,2800,72.44,U
sz002409,雅克科技,2025-09-25 14:30:42,72.48,3000,72.49,E
sz002409,雅克科技,2025-09-25 14:30:48,72.49,9900,72.47,U
sz002409,雅克科技,2025-09-25 14:30:54,72.49,9600,72.48,U
sz002409,雅克科技,2025-09-25 14:30:57,72.5,3000,72.49,U
sz002409,雅克科技,2025-09-25 14:31:00,72.49,5400,72.5,E
sz002409,雅克科技,2025-09-25 14:31:03,72.5,7500,72.49,U
sz002409,雅克科技,2025-09-25 14:31:06,72.48,7200,72.5,D
sz002409,雅克科技,2025-09-25 14:31:09,72.48,6100,72.48,D
sz002409,雅克科技,2025-09-25 14:31:18,72.5,4800,72.49,U
sz002409,雅克科技,2025-09-25 14:31:21,72.44,4600,72.5,D
sz002409,雅克科技,2025-09-25 14:31:24,72.44,3000,72.44,D
sz002409,雅克科技,2025-09-25 14:31:48,72.37,12600,72.38,D
sz002409,雅克科技,2025-09-25 14:31:54,72.49,4100,72.37,U
sz002409,雅克科技,2025-09-25 14:32:03,72.51,20800,72.47,U
sz002409,雅克科技,2025-09-25 14:32:06,72.51,5700,72.51,D
sz002409,雅克科技,2025-09-25 14:32:09,72.48,42000,72.51,D
sz002409,雅克科技,2025-09-25 14:32:12,72.51,2800,72.48,U
sz002409,雅克科技,2025-09-25 14:32:15,72.41,3400,72.51,D
sz002409,雅克科技,2025-09-25 14:32:18,72.38,9500,72.41,D
sz002409,雅克科技,2025-09-25 14:32:27,72.38,7900,72.39,D
sz002409,雅克科技,2025-09-25 14:32:30,72.38,21485,72.38,D
sz002409,雅克科技,2025-09-25 14:32:33,72.39,3115,72.38,U
sz002409,雅克科技,2025-09-25 14:32:39,72.37,7700,72.38,D
sz002409,雅克科技,2025-09-25 14:33:18,72.31,6500,72.31,D
sz002409,雅克科技,2025-09-25 14:33:30,72.31,8400,72.31,D
sz002409,雅克科技,2025-09-25 14:33:48,72.26,7000,72.26,D
sz002409,雅克科技,2025-09-25 14:33:57,72.2,8500,72.23,D
sz002409,雅克科技,2025-09-25 14:34:09,72.27,15400,72.19,U
sz002409,雅克科技,2025-09-25 14:34:12,72.29,9000,72.27,U
sz002409,雅克科技,2025-09-25 14:34:33,72.36,7200,72.35,U
sz002409,雅克科技,2025-09-25 14:34:36,72.37,28400,72.36,U
sz002409,雅克科技,2025-09-25 14:35:18,72.31,6400,72.34,D
sz002409,雅克科技,2025-09-25 14:35:21,72.34,5300,72.31,U
sz002409,雅克科技,2025-09-25 14:35:24,72.33,6801,72.34,D
sz002409,雅克科技,2025-09-25 14:35:27,72.37,4500,72.33,U
sz002409,雅克科技,2025-09-25 14:35:33,72.36,2800,72.38,D
sz002409,雅克科技,2025-09-25 14:35:57,72.34,3200,72.33,U
sz002409,雅克科技,2025-09-25 14:36:09,72.33,4700,72.33,D
sz002409,雅克科技,2025-09-25 14:36:12,72.3,9000,72.33,D
sz002409,雅克科技,2025-09-25 14:36:15,72.34,7200,72.3,U
sz002409,雅克科技,2025-09-25 14:36:33,72.33,17900,72.34,D
sz002409,雅克科技,2025-09-25 14:36:48,72.3,2900,72.31,D
sz002409,雅克科技,2025-09-25 14:37:00,72.29,3400,72.29,D
sz002409,雅克科技,2025-09-25 14:37:06,72.27,6300,72.28,D
sz002409,雅克科技,2025-09-25 14:37:12,72.27,4000,72.26,U
sz002409,雅克科技,2025-09-25 14:37:33,72.2,7800,72.2,U
sz002409,雅克科技,2025-09-25 14:37:51,72.2,3000,72.2,D
sz002409,雅克科技,2025-09-25 14:38:06,72.19,3000,72.19,D
sz002409,雅克科技,2025-09-25 14:38:15,72.19,3200,72.19,D
sz002409,雅克科技,2025-09-25 14:38:18,72.19,3400,72.19,D
sz002409,雅克科技,2025-09-25 14:38:24,72.2,4000,72.19,U
sz002409,雅克科技,2025-09-25 14:38:27,72.21,2900,72.2,D
sz002409,雅克科技,2025-09-25 14:38:42,72.22,5300,72.21,U
sz002409,雅克科技,2025-09-25 14:38:45,72.29,23300,72.22,U
sz002409,雅克科技,2025-09-25 14:38:48,72.3,8400,72.29,U
sz002409,雅克科技,2025-09-25 14:38:51,72.3,3200,72.3,D
sz002409,雅克科技,2025-09-25 14:39:15,72.26,6100,72.3,D
sz002409,雅克科技,2025-09-25 14:39:18,72.26,4100,72.26,D
sz002409,雅克科技,2025-09-25 14:39:24,72.27,4600,72.26,U
sz002409,雅克科技,2025-09-25 14:39:48,72.27,6300,72.28,D
sz002409,雅克科技,2025-09-25 14:39:51,72.27,8500,72.27,D
sz002409,雅克科技,2025-09-25 14:40:03,72.29,3400,72.27,U
sz002409,雅克科技,2025-09-25 14:40:06,72.3,5000,72.29,U
sz002409,雅克科技,2025-09-25 14:40:18,72.3,4100,72.3,U
sz002409,雅克科技,2025-09-25 14:40:27,72.31,4218,72.3,U
sz002409,雅克科技,2025-09-25 14:40:42,72.33,3200,72.34,E
sz002409,雅克科技,2025-09-25 14:40:54,72.33,2800,72.33,U
sz002409,雅克科技,2025-09-25 14:41:03,72.33,3200,72.32,U
sz002409,雅克科技,2025-09-25 14:41:21,72.31,9700,72.32,D
sz002409,雅克科技,2025-09-25 14:41:24,72.32,3200,72.31,U
sz002409,雅克科技,2025-09-25 14:41:33,72.31,14300,72.32,E
sz002409,雅克科技,2025-09-25 14:41:39,72.28,39400,72.31,D
sz002409,雅克科技,2025-09-25 14:41:45,72.26,9700,72.27,D
sz002409,雅克科技,2025-09-25 14:42:06,72.3,8800,72.28,U
sz002409,雅克科技,2025-09-25 14:42:18,72.27,3200,72.27,D
sz002409,雅克科技,2025-09-25 14:42:24,72.26,2800,72.26,D
sz002409,雅克科技,2025-09-25 14:42:33,72.26,5500,72.26,D
sz002409,雅克科技,2025-09-25 14:42:36,72.26,11600,72.26,D
sz002409,雅克科技,2025-09-25 14:42:51,72.25,17800,72.27,D
sz002409,雅克科技,2025-09-25 14:43:03,72.27,19000,72.25,U
sz002409,雅克科技,2025-09-25 14:43:06,72.3,6000,72.27,U
sz002409,雅克科技,2025-09-25 14:43:24,72.3,3100,72.28,U
sz002409,雅克科技,2025-09-25 14:43:54,72.27,4900,72.28,D
sz002409,雅克科技,2025-09-25 14:44:06,72.3,8600,72.3,U
sz002409,雅克科技,2025-09-25 14:44:09,72.3,3000,72.3,U
sz002409,雅克科技,2025-09-25 14:44:30,72.3,4200,72.3,D
sz002409,雅克科技,2025-09-25 14:44:33,72.31,3300,72.3,U
sz002409,雅克科技,2025-09-25 14:44:36,72.33,17200,72.31,U
sz002409,雅克科技,2025-09-25 14:44:39,72.34,24400,72.33,U
sz002409,雅克科技,2025-09-25 14:44:42,72.35,23685,72.34,U
sz002409,雅克科技,2025-09-25 14:44:48,72.37,2785,72.35,U
sz002409,雅克科技,2025-09-25 14:44:51,72.38,10500,72.37,U
sz002409,雅克科技,2025-09-25 14:44:54,72.4,19100,72.38,U
sz002409,雅克科技,2025-09-25 14:45:00,72.38,3800,72.4,D
sz002409,雅克科技,2025-09-25 14:45:06,72.38,3700,72.37,U
sz002409,雅克科技,2025-09-25 14:45:12,72.38,4200,72.36,U
sz002409,雅克科技,2025-09-25 14:45:15,72.38,4600,72.38,D
sz002409,雅克科技,2025-09-25 14:45:18,72.37,4800,72.38,U
sz002409,雅克科技,2025-09-25 14:45:21,72.34,3800,72.37,D
sz002409,雅克科技,2025-09-25 14:45:33,72.35,5400,72.33,U
sz002409,雅克科技,2025-09-25 14:45:39,72.37,7000,72.35,U
sz002409,雅克科技,2025-09-25 14:45:45,72.44,13100,72.37,U
sz002409,雅克科技,2025-09-25 14:45:48,72.46,3000,72.44,U
sz002409,雅克科技,2025-09-25 14:45:54,72.45,10600,72.46,D
sz002409,雅克科技,2025-09-25 14:45:57,72.45,3800,72.45,D
sz002409,雅克科技,2025-09-25 14:46:00,72.36,3500,72.45,D
sz002409,雅克科技,2025-09-25 14:46:09,72.51,51200,72.45,U
sz002409,雅克科技,2025-09-25 14:46:12,72.5,5400,72.51,D
sz002409,雅克科技,2025-09-25 14:46:15,72.51,5200,72.5,E
sz002409,雅克科技,2025-09-25 14:46:18,72.5,64500,72.51,D
sz002409,雅克科技,2025-09-25 14:46:21,72.51,3200,72.5,U
sz002409,雅克科技,2025-09-25 14:46:24,72.51,23900,72.51,D
sz002409,雅克科技,2025-09-25 14:46:27,72.52,5600,72.51,U
sz002409,雅克科技,2025-09-25 14:46:36,72.52,4200,72.52,D
sz002409,雅克科技,2025-09-25 14:46:48,72.55,4800,72.54,U
sz002409,雅克科技,2025-09-25 14:46:51,72.55,3000,72.55,U
sz002409,雅克科技,2025-09-25 14:46:57,72.52,6100,72.55,D
sz002409,雅克科技,2025-09-25 14:47:00,72.55,4800,72.52,U
sz002409,雅克科技,2025-09-25 14:47:03,72.52,11800,72.55,D
sz002409,雅克科技,2025-09-25 14:47:06,72.51,3400,72.52,D
sz002409,雅克科技,2025-09-25 14:47:15,72.52,3500,72.52,D
sz002409,雅克科技,2025-09-25 14:47:18,72.52,3100,72.52,D
sz002409,雅克科技,2025-09-25 14:47:24,72.54,31000,72.53,U
sz002409,雅克科技,2025-09-25 14:47:30,72.48,4600,72.51,D
sz002409,雅克科技,2025-09-25 14:47:42,72.44,3400,72.48,D
sz002409,雅克科技,2025-09-25 14:48:00,72.4,3100,72.4,U
sz002409,雅克科技,2025-09-25 14:48:06,72.39,4900,72.4,D
sz002409,雅克科技,2025-09-25 14:48:09,72.38,4300,72.39,D
sz002409,雅克科技,2025-09-25 14:48:24,72.4,9100,72.39,U
sz002409,雅克科技,2025-09-25 14:48:42,72.4,4900,72.44,D
sz002409,雅克科技,2025-09-25 14:48:51,72.44,9900,72.41,U
sz002409,雅克科技,2025-09-25 14:48:57,72.43,12800,72.42,U
sz002409,雅克科技,2025-09-25 14:49:09,72.44,3700,72.43,U
sz002409,雅克科技,2025-09-25 14:49:15,72.42,5200,72.44,D
sz002409,雅克科技,2025-09-25 14:49:21,72.42,4500,72.44,D
sz002409,雅克科技,2025-09-25 14:49:24,72.42,3000,72.42,D
sz002409,雅克科技,2025-09-25 14:49:33,72.4,4700,72.42,D
sz002409,雅克科技,2025-09-25 14:49:36,72.4,4100,72.4,D
sz002409,雅克科技,2025-09-25 14:49:42,72.42,12600,72.4,U
sz002409,雅克科技,2025-09-25 14:49:51,72.39,2800,72.4,D
sz002409,雅克科技,2025-09-25 14:50:00,72.4,13100,72.4,D
sz002409,雅克科技,2025-09-25 14:50:06,72.36,3300,72.4,D
sz002409,雅克科技,2025-09-25 14:50:09,72.36,4000,72.36,D
sz002409,雅克科技,2025-09-25 14:50:12,72.38,9900,72.36,U
sz002409,雅克科技,2025-09-25 14:50:18,72.35,4900,72.36,D
sz002409,雅克科技,2025-09-25 14:50:27,72.33,3000,72.36,D
sz002409,雅克科技,2025-09-25 14:50:30,72.33,2900,72.33,D
sz002409,雅克科技,2025-09-25 14:50:33,72.32,6400,72.33,D
sz002409,雅克科技,2025-09-25 14:50:39,72.31,3200,72.31,D
sz002409,雅克科技,2025-09-25 14:50:48,72.31,8400,72.3,U
sz002409,雅克科技,2025-09-25 14:50:51,72.31,3000,72.31,D
sz002409,雅克科技,2025-09-25 14:50:54,72.31,6300,72.31,D
sz002409,雅克科技,2025-09-25 14:50:57,72.31,6300,72.31,D
sz002409,雅克科技,2025-09-25 14:51:00,72.34,6600,72.31,U
sz002409,雅克科技,2025-09-25 14:51:09,72.32,6700,72.32,D
sz002409,雅克科技,2025-09-25 14:51:21,72.33,4300,72.34,D
sz002409,雅克科技,2025-09-25 14:51:27,72.34,4100,72.34,U
sz002409,雅克科技,2025-09-25 14:51:30,72.34,9400,72.34,D
sz002409,雅克科技,2025-09-25 14:51:33,72.35,6900,72.34,U
sz002409,雅克科技,2025-09-25 14:51:39,72.33,36300,72.34,D
sz002409,雅克科技,2025-09-25 14:51:48,72.31,10100,72.32,D
sz002409,雅克科技,2025-09-25 14:51:54,72.28,47400,72.3,D
sz002409,雅克科技,2025-09-25 14:51:57,72.29,5700,72.28,D
sz002409,雅克科技,2025-09-25 14:52:00,72.27,5300,72.29,D
sz002409,雅克科技,2025-09-25 14:52:03,72.33,10700,72.27,U
sz002409,雅克科技,2025-09-25 14:52:09,72.33,5700,72.32,U
sz002409,雅克科技,2025-09-25 14:52:12,72.29,4900,72.33,D
sz002409,雅克科技,2025-09-25 14:52:18,72.3,2800,72.3,U
sz002409,雅克科技,2025-09-25 14:52:27,72.3,10600,72.3,D
sz002409,雅克科技,2025-09-25 14:52:30,72.3,26900,72.3,D
sz002409,雅克科技,2025-09-25 14:52:33,72.32,8600,72.3,U
sz002409,雅克科技,2025-09-25 14:52:36,72.31,8200,72.32,D
sz002409,雅克科技,2025-09-25 14:52:39,72.33,21500,72.31,U
sz002409,雅克科技,2025-09-25 14:52:42,72.34,28500,72.33,U
sz002409,雅克科技,2025-09-25 14:52:45,72.33,3800,72.34,D
sz002409,雅克科技,2025-09-25 14:52:48,72.35,11900,72.33,U
sz002409,雅克科技,2025-09-25 14:52:54,72.35,10900,72.35,D
sz002409,雅克科技,2025-09-25 14:53:12,72.39,2900,72.39,U
sz002409,雅克科技,2025-09-25 14:53:15,72.35,6500,72.39,D
sz002409,雅克科技,2025-09-25 14:53:21,72.37,5600,72.39,D
sz002409,雅克科技,2025-09-25 14:53:30,72.39,3200,72.39,U
sz002409,雅克科技,2025-09-25 14:53:33,72.36,4100,72.39,D
sz002409,雅克科技,2025-09-25 14:53:45,72.37,2800,72.37,D
sz002409,雅克科技,2025-09-25 14:53:54,72.36,5500,72.35,U
sz002409,雅克科技,2025-09-25 14:53:57,72.35,3800,72.36,D
sz002409,雅克科技,2025-09-25 14:54:03,72.38,25100,72.36,U
sz002409,雅克科技,2025-09-25 14:54:06,72.39,9000,72.38,U
sz002409,雅克科技,2025-09-25 14:54:09,72.38,4400,72.39,D
sz002409,雅克科技,2025-09-25 14:54:18,72.37,3700,72.38,D
sz002409,雅克科技,2025-09-25 14:54:36,72.36,12300,72.37,D
sz002409,雅克科技,2025-09-25 14:54:42,72.36,9600,72.36,D
sz002409,雅克科技,2025-09-25 14:54:45,72.36,6000,72.36,D
sz002409,雅克科技,2025-09-25 14:54:48,72.37,3100,72.36,U
sz002409,雅克科技,2025-09-25 14:54:51,72.36,24200,72.37,D
sz002409,雅克科技,2025-09-25 14:55:00,72.36,15300,72.36,U
sz002409,雅克科技,2025-09-25 14:55:15,72.35,2800,72.36,E
sz002409,雅克科技,2025-09-25 14:55:18,72.36,4600,72.35,U
sz002409,雅克科技,2025-09-25 14:55:21,72.33,4300,72.36,D
sz002409,雅克科技,2025-09-25 14:55:24,72.36,3000,72.33,U
sz002409,雅克科技,2025-09-25 14:55:27,72.35,3800,72.36,E
sz002409,雅克科技,2025-09-25 14:55:39,72.35,8200,72.34,U
sz002409,雅克科技,2025-09-25 14:55:42,72.33,6000,72.35,D
sz002409,雅克科技,2025-09-25 14:55:45,72.34,3000,72.33,D
sz002409,雅克科技,2025-09-25 14:55:48,72.36,9000,72.34,U
sz002409,雅克科技,2025-09-25 14:55:51,72.36,5900,72.36,D
sz002409,雅克科技,2025-09-25 14:55:57,72.37,10300,72.37,U
sz002409,雅克科技,2025-09-25 14:56:00,72.33,3600,72.37,D
sz002409,雅克科技,2025-09-25 14:56:03,72.35,7000,72.33,U
sz002409,雅克科技,2025-09-25 14:56:12,72.33,3800,72.35,D
sz002409,雅克科技,2025-09-25 14:56:18,72.33,3500,72.33,D
sz002409,雅克科技,2025-09-25 14:56:21,72.33,3900,72.33,D
sz002409,雅克科技,2025-09-25 14:56:27,72.34,3800,72.34,U
sz002409,雅克科技,2025-09-25 14:56:30,72.36,3800,72.34,U
sz002409,雅克科技,2025-09-25 14:56:33,72.33,4400,72.36,D
sz002409,雅克科技,2025-09-25 14:56:39,72.33,2800,72.35,U
sz002409,雅克科技,2025-09-25 14:56:45,72.32,6800,72.34,D
sz002409,雅克科技,2025-09-25 14:56:48,72.31,2800,72.32,D
sz002409,雅克科技,2025-09-25 14:56:51,72.31,6900,72.31,D
sz002409,雅克科技,2025-09-25 14:56:57,72.32,3900,72.32,D
sz002409,雅克科技,2025-09-25 14:57:00,72.32,2800,72.32,U
sz002409,雅克科技,2025-09-25 15:00:00,72.3,211774,72.32,D
