symbol,name,ticktime,price,volume,prev_price,kind
sz002409,雅克科技,2025-10-21 09:25:00,77.7,117300,0.0,U
sz002409,雅克科技,2025-10-21 09:30:00,78.15,80099,77.7,U
sz002409,雅克科技,2025-10-21 09:30:03,78.28,99301,78.15,U
sz002409,雅克科技,2025-10-21 09:30:06,77.86,39100,78.28,D
sz002409,雅克科技,2025-10-21 09:30:09,78.0,33199,77.86,E
sz002409,雅克科技,2025-10-21 09:30:12,78.02,16000,78.0,D
sz002409,雅克科技,2025-10-21 09:30:15,78.02,21800,78.02,E
sz002409,雅克科技,2025-10-21 09:30:18,77.87,19000,78.02,D
sz002409,雅克科技,2025-10-21 09:30:21,77.8,90100,77.87,D
sz002409,雅克科技,2025-10-21 09:30:24,77.69,33700,77.8,D
sz002409,雅克科技,2025-10-21 09:30:27,77.5,12200,77.69,D
sz002409,雅克科技,2025-10-21 09:30:30,77.32,33700,77.5,D
sz002409,雅克科技,2025-10-21 09:30:33,76.8,53000,77.32,D
sz002409,雅克科技,2025-10-21 09:30:36,76.85,45900,76.8,U
sz002409,雅克科技,2025-10-21 09:30:39,76.85,26700,76.85,D
sz002409,雅克科技,2025-10-21 09:30:42,76.8,7500,76.85,D
sz002409,雅克科技,2025-10-21 09:30:45,76.81,9900,76.8,U
sz002409,雅克科技,2025-10-21 09:30:48,76.76,8400,76.81,E
sz002409,雅克科技,2025-10-21 09:30:51,76.65,13000,76.76,D
sz002409,雅克科技,2025-10-21 09:30:54,76.82,20800,76.65,U
sz002409,雅克科技,2025-10-21 09:30:57,76.85,34800,76.82,U
sz002409,雅克科技,2025-10-21 09:31:00,76.88,13300,76.85,U
sz002409,雅克科技,2025-10-21 09:31:03,76.85,18100,76.88,E
sz002409,雅克科技,2025-10-21 09:31:06,76.88,5600,76.85,U
sz002409,雅克科技,2025-10-21 09:31:09,76.96,26100,76.88,U
sz002409,雅克科技,2025-10-21 09:31:12,77.03,6600,76.96,E
sz002409,雅克科技,2025-10-21 09:31:15,77.02,4100,77.03,D
sz002409,雅克科技,2025-10-21 09:31:18,77.17,20000,77.02,E
sz002409,雅克科技,2025-10-21 09:31:21,77.02,10000,77.17,D
sz002409,雅克科技,2025-10-21 09:31:24,77.02,17400,77.02,U
sz002409,雅克科技,2025-10-21 09:31:27,77.17,5700,77.02,U
sz002409,雅克科技,2025-10-21 09:31:33,77.13,9400,77.07,E
sz002409,雅克科技,2025-10-21 09:31:36,77.09,7500,77.13,E
sz002409,雅克科技,2025-10-21 09:31:39,77.13,10500,77.09,U
sz002409,雅克科技,2025-10-21 09:31:42,77.13,3500,77.13,D
sz002409,雅克科技,2025-10-21 09:31:45,77.17,12000,77.13,U
sz002409,雅克科技,2025-10-21 09:31:48,77.19,4100,77.17,U
sz002409,雅克科技,2025-10-21 09:31:51,77.26,8800,77.19,U
sz002409,雅克科技,2025-10-21 09:31:57,77.37,10000,77.25,U
sz002409,雅克科技,2025-10-21 09:32:00,77.58,4500,77.37,U
sz002409,雅克科技,2025-10-21 09:32:03,77.6,4200,77.58,U
sz002409,雅克科技,2025-10-21 09:32:06,77.6,20300,77.6,U
sz002409,雅克科技,2025-10-21 09:32:09,77.59,16400,77.6,D
sz002409,雅克科技,2025-10-21 09:32:12,77.49,11800,77.59,D
sz002409,雅克科技,2025-10-21 09:32:15,77.57,10600,77.49,E
sz002409,雅克科技,2025-10-21 09:32:18,77.7,14300,77.57,U
sz002409,雅克科技,2025-10-21 09:32:21,77.62,34600,77.7,D
sz002409,雅克科技,2025-10-21 09:32:24,77.78,9300,77.62,U
sz002409,雅克科技,2025-10-21 09:32:27,77.66,51000,77.78,D
sz002409,雅克科技,2025-10-21 09:32:30,77.66,60800,77.66,U
sz002409,雅克科技,2025-10-21 09:32:33,77.62,17800,77.66,E
sz002409,雅克科技,2025-10-21 09:32:36,77.66,12000,77.62,U
sz002409,雅克科技,2025-10-21 09:32:39,77.59,20700,77.66,D
sz002409,雅克科技,2025-10-21 09:32:42,77.4,19500,77.59,D
sz002409,雅克科技,2025-10-21 09:32:45,77.56,5800,77.4,U
sz002409,雅克科技,2025-10-21 09:32:48,77.55,16100,77.56,D
sz002409,雅克科技,2025-10-21 09:32:51,77.56,10200,77.55,U
sz002409,雅克科技,2025-10-21 09:32:54,77.46,5500,77.56,E
sz002409,雅克科技,2025-10-21 09:32:57,77.46,11800,77.46,D
sz002409,雅克科技,2025-10-21 09:33:00,77.47,18100,77.46,U
sz002409,雅克科技,2025-10-21 09:33:03,77.57,17300,77.47,E
sz002409,雅克科技,2025-10-21 09:33:06,77.6,10800,77.57,U
sz002409,雅克科技,2025-10-21 09:33:09,77.66,10200,77.6,U
sz002409,雅克科技,2025-10-21 09:33:12,77.8,9600,77.66,U
sz002409,雅克科技,2025-10-21 09:33:15,77.85,5500,77.8,E
sz002409,雅克科技,2025-10-21 09:33:18,77.75,21300,77.85,D
sz002409,雅克科技,2025-10-21 09:33:21,77.71,15200,77.75,E
sz002409,雅克科技,2025-10-21 09:33:24,77.75,16000,77.71,E
sz002409,雅克科技,2025-10-21 09:33:27,77.71,22900,77.75,E
sz002409,雅克科技,2025-10-21 09:33:30,77.71,14100,77.71,U
sz002409,雅克科技,2025-10-21 09:33:33,77.8,11200,77.71,U
sz002409,雅克科技,2025-10-21 09:33:36,77.66,21800,77.8,D
sz002409,雅克科技,2025-10-21 09:33:39,77.83,18600,77.66,U
sz002409,雅克科技,2025-10-21 09:33:42,77.81,2800,77.83,U
sz002409,雅克科技,2025-10-21 09:33:45,77.84,3600,77.81,U
sz002409,雅克科技,2025-10-21 09:33:48,77.71,17900,77.84,D
sz002409,雅克科技,2025-10-21 09:33:51,77.89,9700,77.71,U
sz002409,雅克科技,2025-10-21 09:33:54,77.92,17900,77.89,U
sz002409,雅克科技,2025-10-21 09:33:57,77.82,14000,77.92,D
sz002409,雅克科技,2025-10-21 09:34:00,77.82,19800,77.82,D
sz002409,雅克科技,2025-10-21 09:34:03,77.81,11000,77.82,E
sz002409,雅克科技,2025-10-21 09:34:06,77.7,5900,77.81,D
sz002409,雅克科技,2025-10-21 09:34:09,77.71,12100,77.7,E
sz002409,雅克科技,2025-10-21 09:34:12,77.7,13200,77.71,E
sz002409,雅克科技,2025-10-21 09:34:15,77.7,5000,77.7,D
sz002409,雅克科技,2025-10-21 09:34:18,77.63,11900,77.7,D
sz002409,雅克科技,2025-10-21 09:34:21,77.63,6700,77.63,U
sz002409,雅克科技,2025-10-21 09:34:24,77.63,11800,77.63,U
sz002409,雅克科技,2025-10-21 09:34:27,77.52,16100,77.63,D
sz002409,雅克科技,2025-10-21 09:34:30,77.47,13900,77.52,D
sz002409,雅克科技,2025-10-21 09:34:33,77.5,18600,77.47,U
sz002409,雅克科技,2025-10-21 09:34:36,77.5,14500,77.5,D
sz002409,雅克科技,2025-10-21 09:34:39,77.6,7100,77.5,E
sz002409,雅克科技,2025-10-21 09:34:42,77.62,21000,77.6,E
sz002409,雅克科技,2025-10-21 09:34:45,77.68,16200,77.62,E
sz002409,雅克科技,2025-10-21 09:34:48,77.71,11300,77.68,E
sz002409,雅克科技,2025-10-21 09:34:51,77.71,19500,77.71,D
sz002409,雅克科技,2025-10-21 09:34:54,77.69,17500,77.71,E
sz002409,雅克科技,2025-10-21 09:34:57,77.66,18400,77.69,D
sz002409,雅克科技,2025-10-21 09:35:00,77.7,15500,77.66,U
sz002409,雅克科技,2025-10-21 09:35:03,77.66,6100,77.7,D
sz002409,雅克科技,2025-10-21 09:35:06,77.64,17000,77.66,D
sz002409,雅克科技,2025-10-21 09:35:09,77.66,13900,77.64,U
sz002409,雅克科技,2025-10-21 09:35:12,77.73,5100,77.66,U
sz002409,雅克科技,2025-10-21 09:35:15,77.74,8200,77.73,E
sz002409,雅克科技,2025-10-21 09:35:18,77.78,14500,77.74,U
sz002409,雅克科技,2025-10-21 09:35:21,77.71,29700,77.78,D
sz002409,雅克科技,2025-10-21 09:35:24,77.78,12500,77.71,U
sz002409,雅克科技,2025-10-21 09:35:27,77.66,7800,77.78,D
sz002409,雅克科技,2025-10-21 09:35:30,77.53,13400,77.66,D
sz002409,雅克科技,2025-10-21 09:35:33,77.52,14800,77.53,D
sz002409,雅克科技,2025-10-21 09:35:36,77.49,30800,77.52,D
sz002409,雅克科技,2025-10-21 09:35:39,77.3,18700,77.49,D
sz002409,雅克科技,2025-10-21 09:35:42,77.33,7800,77.3,U
sz002409,雅克科技,2025-10-21 09:35:45,77.43,12800,77.33,U
sz002409,雅克科技,2025-10-21 09:35:48,77.35,9500,77.43,D
sz002409,雅克科技,2025-10-21 09:35:51,77.46,5100,77.35,U
sz002409,雅克科技,2025-10-21 09:35:54,77.35,11000,77.46,D
sz002409,雅克科技,2025-10-21 09:35:57,77.4,5900,77.35,U
sz002409,雅克科技,2025-10-21 09:36:00,77.4,20900,77.4,E
sz002409,雅克科技,2025-10-21 09:36:03,77.4,17600,77.4,E
sz002409,雅克科技,2025-10-21 09:36:06,77.3,19700,77.4,E
sz002409,雅克科技,2025-10-21 09:36:09,77.36,16090,77.3,E
sz002409,雅克科技,2025-10-21 09:36:12,77.42,10400,77.36,U
sz002409,雅克科技,2025-10-21 09:36:15,77.39,14100,77.42,E
sz002409,雅克科技,2025-10-21 09:36:18,77.52,15700,77.39,U
sz002409,雅克科技,2025-10-21 09:36:21,77.45,10000,77.52,D
sz002409,雅克科技,2025-10-21 09:36:24,77.52,4000,77.45,E
sz002409,雅克科技,2025-10-21 09:36:27,77.49,8400,77.52,D
sz002409,雅克科技,2025-10-21 09:36:30,77.5,13000,77.49,U
sz002409,雅克科技,2025-10-21 09:36:33,77.47,11500,77.5,D
sz002409,雅克科技,2025-10-21 09:36:36,77.48,22800,77.47,U
sz002409,雅克科技,2025-10-21 09:36:39,77.61,18200,77.48,U
sz002409,雅克科技,2025-10-21 09:36:42,77.65,6400,77.61,U
sz002409,雅克科技,2025-10-21 09:36:45,77.76,8000,77.65,U
sz002409,雅克科技,2025-10-21 09:36:48,77.68,9800,77.76,D
sz002409,雅克科技,2025-10-21 09:36:51,77.65,7000,77.68,D
sz002409,雅克科技,2025-10-21 09:36:54,77.68,12700,77.65,U
sz002409,雅克科技,2025-10-21 09:36:57,77.69,6900,77.68,E
sz002409,雅克科技,2025-10-21 09:37:00,77.65,31200,77.69,E
sz002409,雅克科技,2025-10-21 09:37:03,77.76,45700,77.65,U
sz002409,雅克科技,2025-10-21 09:37:06,77.76,2700,77.76,U
sz002409,雅克科技,2025-10-21 09:37:09,77.76,15800,77.76,D
sz002409,雅克科技,2025-10-21 09:37:12,77.79,9600,77.76,E
sz002409,雅克科技,2025-10-21 09:37:15,77.79,8200,77.79,E
sz002409,雅克科技,2025-10-21 09:37:18,77.88,21700,77.79,U
sz002409,雅克科技,2025-10-21 09:37:21,77.73,12100,77.88,E
sz002409,雅克科技,2025-10-21 09:37:24,77.73,13100,77.73,U
sz002409,雅克科技,2025-10-21 09:37:27,77.61,10700,77.73,D
sz002409,雅克科技,2025-10-21 09:37:30,77.73,15200,77.61,U
sz002409,雅克科技,2025-10-21 09:37:33,77.74,6200,77.73,U
sz002409,雅克科技,2025-10-21 09:37:36,77.66,6600,77.74,E
sz002409,雅克科技,2025-10-21 09:37:39,77.69,4000,77.66,D
sz002409,雅克科技,2025-10-21 09:37:42,77.73,3200,77.69,U
sz002409,雅克科技,2025-10-21 09:37:45,77.75,6400,77.73,U
sz002409,雅克科技,2025-10-21 09:37:48,77.73,12500,77.75,D
sz002409,雅克科技,2025-10-21 09:37:51,77.76,5000,77.73,U
sz002409,雅克科技,2025-10-21 09:37:54,77.68,9100,77.76,D
sz002409,雅克科技,2025-10-21 09:37:57,77.75,20700,77.68,U
sz002409,雅克科技,2025-10-21 09:38:00,77.68,18900,77.75,D
sz002409,雅克科技,2025-10-21 09:38:03,77.7,8900,77.68,U
sz002409,雅克科技,2025-10-21 09:38:06,77.68,9300,77.7,D
sz002409,雅克科技,2025-10-21 09:38:09,77.68,7800,77.68,D
sz002409,雅克科技,2025-10-21 09:38:12,77.68,7300,77.68,U
sz002409,雅克科技,2025-10-21 09:38:15,77.63,3700,77.68,D
sz002409,雅克科技,2025-10-21 09:38:18,77.69,3100,77.63,U
sz002409,雅克科技,2025-10-21 09:38:21,77.69,6400,77.69,D
sz002409,雅克科技,2025-10-21 09:38:24,77.73,20500,77.69,U
sz002409,雅克科技,2025-10-21 09:38:27,77.73,12800,77.73,D
sz002409,雅克科技,2025-10-21 09:38:30,77.75,7401,77.73,U
sz002409,雅克科技,2025-10-21 09:38:33,77.8,6900,77.75,U
sz002409,雅克科技,2025-10-21 09:38:39,77.82,3000,77.81,U
sz002409,雅克科技,2025-10-21 09:38:45,77.8,22900,77.83,D
sz002409,雅克科技,2025-10-21 09:38:51,77.77,5600,77.76,U
sz002409,雅克科技,2025-10-21 09:38:54,77.95,76800,77.77,U
sz002409,雅克科技,2025-10-21 09:38:57,77.97,23800,77.95,U
sz002409,雅克科技,2025-10-21 09:39:00,78.0,2800,77.97,U
sz002409,雅克科技,2025-10-21 09:39:03,78.0,11000,78.0,U
sz002409,雅克科技,2025-10-21 09:39:06,78.1,6300,78.0,U
sz002409,雅克科技,2025-10-21 09:39:09,78.16,11100,78.1,U
sz002409,雅克科技,2025-10-21 09:39:12,78.1,7500,78.16,D
sz002409,雅克科技,2025-10-21 09:39:15,78.16,10200,78.1,E
sz002409,雅克科技,2025-10-21 09:39:18,78.15,22300,78.16,E
sz002409,雅克科技,2025-10-21 09:39:21,78.0,16400,78.15,D
sz002409,雅克科技,2025-10-21 09:39:24,78.09,19100,78.0,E
sz002409,雅克科技,2025-10-21 09:39:27,78.09,14900,78.09,U
sz002409,雅克科技,2025-10-21 09:39:30,78.07,13100,78.09,U
sz002409,雅克科技,2025-10-21 09:39:33,77.97,21800,78.07,D
sz002409,雅克科技,2025-10-21 09:39:36,77.94,6000,77.97,E
sz002409,雅克科技,2025-10-21 09:39:39,77.88,8300,77.94,D
sz002409,雅克科技,2025-10-21 09:39:42,77.88,8300,77.88,D
sz002409,雅克科技,2025-10-21 09:39:45,77.85,20800,77.88,D
sz002409,雅克科技,2025-10-21 09:39:48,77.87,12100,77.85,U
sz002409,雅克科技,2025-10-21 09:39:51,77.83,4600,77.87,E
sz002409,雅克科技,2025-10-21 09:39:54,77.82,7100,77.83,E
sz002409,雅克科技,2025-10-21 09:39:57,77.76,6799,77.82,D
sz002409,雅克科技,2025-10-21 09:40:00,77.69,24300,77.76,E
sz002409,雅克科技,2025-10-21 09:40:03,77.65,24000,77.69,E
sz002409,雅克科技,2025-10-21 09:40:06,77.63,7900,77.65,E
sz002409,雅克科技,2025-10-21 09:40:09,77.6,4400,77.63,D
sz002409,雅克科技,2025-10-21 09:40:12,77.6,11700,77.6,U
sz002409,雅克科技,2025-10-21 09:40:15,77.6,5700,77.6,U
sz002409,雅克科技,2025-10-21 09:40:18,77.55,10100,77.6,D
sz002409,雅克科技,2025-10-21 09:40:21,77.6,7000,77.55,U
sz002409,雅克科技,2025-10-21 09:40:24,77.59,2600,77.6,D
sz002409,雅克科技,2025-10-21 09:40:27,77.76,6600,77.59,U
sz002409,雅克科技,2025-10-21 09:40:30,77.77,2700,77.76,U
sz002409,雅克科技,2025-10-21 09:40:39,77.7,3300,77.77,D
sz002409,雅克科技,2025-10-21 09:40:45,77.7,8300,77.76,D
sz002409,雅克科技,2025-10-21 09:40:48,77.5,20000,77.7,D
sz002409,雅克科技,2025-10-21 09:40:51,77.68,3700,77.5,U
sz002409,雅克科技,2025-10-21 09:40:54,77.58,5800,77.68,D
sz002409,雅克科技,2025-10-21 09:40:57,77.63,3000,77.58,E
sz002409,雅克科技,2025-10-21 09:41:03,77.63,3200,77.59,U
sz002409,雅克科技,2025-10-21 09:41:06,77.63,3100,77.63,U
sz002409,雅克科技,2025-10-21 09:41:09,77.62,3500,77.63,E
sz002409,雅克科技,2025-10-21 09:41:15,77.68,25300,77.67,U
sz002409,雅克科技,2025-10-21 09:41:18,77.68,9200,77.68,D
sz002409,雅克科技,2025-10-21 09:41:24,77.69,10700,77.75,D
sz002409,雅克科技,2025-10-21 09:41:27,77.75,8000,77.69,U
sz002409,雅克科技,2025-10-21 09:41:33,77.74,4500,77.7,U
sz002409,雅克科技,2025-10-21 09:41:36,77.74,4700,77.74,D
sz002409,雅克科技,2025-10-21 09:41:39,77.74,9800,77.74,D
sz002409,雅克科技,2025-10-21 09:41:42,77.65,6600,77.74,D
sz002409,雅克科技,2025-10-21 09:41:45,77.65,10700,77.65,D
sz002409,雅克科技,2025-10-21 09:41:48,77.74,10800,77.65,U
sz002409,雅克科技,2025-10-21 09:41:51,77.73,2900,77.74,E
sz002409,雅克科技,2025-10-21 09:41:54,77.6,7700,77.73,D
sz002409,雅克科技,2025-10-21 09:41:57,77.68,12600,77.6,E
sz002409,雅克科技,2025-10-21 09:42:00,77.68,7600,77.68,U
sz002409,雅克科技,2025-10-21 09:42:03,77.63,2900,77.68,D
sz002409,雅克科技,2025-10-21 09:42:06,77.63,19200,77.63,E
sz002409,雅克科技,2025-10-21 09:42:09,77.68,100400,77.63,U
sz002409,雅克科技,2025-10-21 09:42:12,77.56,4500,77.68,D
sz002409,雅克科技,2025-10-21 09:42:15,77.61,9700,77.56,U
sz002409,雅克科技,2025-10-21 09:42:21,77.58,6100,77.61,D
sz002409,雅克科技,2025-10-21 09:42:33,77.53,3800,77.52,E
sz002409,雅克科技,2025-10-21 09:42:36,77.54,12800,77.53,U
sz002409,雅克科技,2025-10-21 09:42:39,77.5,9700,77.54,D
sz002409,雅克科技,2025-10-21 09:42:42,77.59,18100,77.5,U
sz002409,雅克科技,2025-10-21 09:42:45,77.57,13500,77.59,E
sz002409,雅克科技,2025-10-21 09:42:48,77.55,2800,77.57,D
sz002409,雅克科技,2025-10-21 09:42:51,77.52,9400,77.55,D
sz002409,雅克科技,2025-10-21 09:42:54,77.56,8900,77.52,E
sz002409,雅克科技,2025-10-21 09:42:57,77.6,11800,77.56,U
sz002409,雅克科技,2025-10-21 09:43:00,77.64,28000,77.6,E
sz002409,雅克科技,2025-10-21 09:43:03,77.73,26800,77.64,U
sz002409,雅克科技,2025-10-21 09:43:06,77.64,10800,77.73,D
sz002409,雅克科技,2025-10-21 09:43:09,77.71,12100,77.64,E
sz002409,雅克科技,2025-10-21 09:43:12,77.88,10100,77.71,U
sz002409,雅克科技,2025-10-21 09:43:15,77.89,5000,77.88,U
sz002409,雅克科技,2025-10-21 09:43:18,77.89,7300,77.89,E
sz002409,雅克科技,2025-10-21 09:43:21,77.89,9300,77.89,D
sz002409,雅克科技,2025-10-21 09:43:24,77.95,5800,77.89,U
sz002409,雅克科技,2025-10-21 09:43:27,77.98,7700,77.95,U
sz002409,雅克科技,2025-10-21 09:43:30,78.0,15400,77.98,U
sz002409,雅克科技,2025-10-21 09:43:33,78.01,5600,78.0,U
sz002409,雅克科技,2025-10-21 09:43:36,78.1,4200,78.01,U
sz002409,雅克科技,2025-10-21 09:43:39,78.1,20700,78.1,U
sz002409,雅克科技,2025-10-21 09:43:42,78.1,31000,78.1,D
sz002409,雅克科技,2025-10-21 09:43:45,78.14,10400,78.1,U
sz002409,雅克科技,2025-10-21 09:43:48,78.1,6600,78.14,D
sz002409,雅克科技,2025-10-21 09:43:51,78.15,16500,78.1,U
sz002409,雅克科技,2025-10-21 09:43:54,78.16,26400,78.15,U
sz002409,雅克科技,2025-10-21 09:43:57,78.15,4500,78.16,E
sz002409,雅克科技,2025-10-21 09:44:00,78.14,7900,78.15,U
sz002409,雅克科技,2025-10-21 09:44:03,78.15,14000,78.14,U
sz002409,雅克科技,2025-10-21 09:44:06,78.15,10500,78.15,D
sz002409,雅克科技,2025-10-21 09:44:09,78.15,14700,78.15,U
sz002409,雅克科技,2025-10-21 09:44:12,78.31,56200,78.15,U
sz002409,雅克科技,2025-10-21 09:44:15,78.24,8400,78.31,D
sz002409,雅克科技,2025-10-21 09:44:18,78.34,8900,78.24,E
sz002409,雅克科技,2025-10-21 09:44:21,78.35,11000,78.34,E
sz002409,雅克科技,2025-10-21 09:44:24,78.41,6500,78.35,U
sz002409,雅克科技,2025-10-21 09:44:27,78.48,89400,78.41,U
sz002409,雅克科技,2025-10-21 09:44:30,78.46,4400,78.48,D
sz002409,雅克科技,2025-10-21 09:44:33,78.45,28500,78.46,D
sz002409,雅克科技,2025-10-21 09:44:36,78.45,17800,78.45,D
sz002409,雅克科技,2025-10-21 09:44:39,78.45,8300,78.45,E
sz002409,雅克科技,2025-10-21 09:44:42,78.46,6100,78.45,U
sz002409,雅克科技,2025-10-21 09:44:45,78.46,7100,78.46,E
sz002409,雅克科技,2025-10-21 09:44:48,78.53,22300,78.46,U
sz002409,雅克科技,2025-10-21 09:44:51,78.45,8300,78.53,D
sz002409,雅克科技,2025-10-21 09:44:54,78.55,11900,78.45,U
sz002409,雅克科技,2025-10-21 09:44:57,78.53,6900,78.55,D
sz002409,雅克科技,2025-10-21 09:45:00,78.52,9800,78.53,D
sz002409,雅克科技,2025-10-21 09:45:03,78.56,5700,78.52,U
sz002409,雅克科技,2025-10-21 09:45:06,78.58,10700,78.56,U
sz002409,雅克科技,2025-10-21 09:45:09,78.84,146200,78.58,U
sz002409,雅克科技,2025-10-21 09:45:12,78.89,23700,78.84,U
sz002409,雅克科技,2025-10-21 09:45:15,78.9,17000,78.89,U
sz002409,雅克科技,2025-10-21 09:45:18,78.9,5300,78.9,U
sz002409,雅克科技,2025-10-21 09:45:21,78.87,25900,78.9,D
sz002409,雅克科技,2025-10-21 09:45:24,78.84,16000,78.87,E
sz002409,雅克科技,2025-10-21 09:45:27,78.74,15100,78.84,D
sz002409,雅克科技,2025-10-21 09:45:30,78.74,17300,78.74,D
sz002409,雅克科技,2025-10-21 09:45:33,78.75,34000,78.74,U
sz002409,雅克科技,2025-10-21 09:45:36,78.82,4800,78.75,D
sz002409,雅克科技,2025-10-21 09:45:39,78.79,4800,78.82,D
sz002409,雅克科技,2025-10-21 09:45:42,78.83,5700,78.79,U
sz002409,雅克科技,2025-10-21 09:45:45,78.84,8200,78.83,U
sz002409,雅克科技,2025-10-21 09:45:48,78.89,20700,78.84,U
sz002409,雅克科技,2025-10-21 09:45:51,78.92,31500,78.89,U
sz002409,雅克科技,2025-10-21 09:45:54,78.93,13400,78.92,U
sz002409,雅克科技,2025-10-21 09:45:57,78.97,30400,78.93,U
sz002409,雅克科技,2025-10-21 09:46:00,79.06,122700,78.97,U
sz002409,雅克科技,2025-10-21 09:46:03,79.07,5300,79.06,E
sz002409,雅克科技,2025-10-21 09:46:06,79.13,38800,79.07,U
sz002409,雅克科技,2025-10-21 09:46:09,79.0,30700,79.13,D
sz002409,雅克科技,2025-10-21 09:46:12,79.06,8900,79.0,U
sz002409,雅克科技,2025-10-21 09:46:15,79.0,19700,79.06,E
sz002409,雅克科技,2025-10-21 09:46:18,79.0,8700,79.0,D
sz002409,雅克科技,2025-10-21 09:46:21,79.0,19600,79.0,U
sz002409,雅克科技,2025-10-21 09:46:24,78.96,8300,79.0,U
sz002409,雅克科技,2025-10-21 09:46:27,78.99,7300,78.96,E
sz002409,雅克科技,2025-10-21 09:46:30,79.02,28400,78.99,U
sz002409,雅克科技,2025-10-21 09:46:33,79.03,13300,79.02,U
sz002409,雅克科技,2025-10-21 09:46:36,79.02,9400,79.03,D
sz002409,雅克科技,2025-10-21 09:46:39,79.03,25900,79.02,E
sz002409,雅克科技,2025-10-21 09:46:42,79.08,8500,79.03,U
sz002409,雅克科技,2025-10-21 09:46:45,79.08,11800,79.08,U
sz002409,雅克科技,2025-10-21 09:46:48,79.13,11600,79.08,U
sz002409,雅克科技,2025-10-21 09:46:51,79.08,15400,79.13,D
sz002409,雅克科技,2025-10-21 09:46:54,79.22,24100,79.08,U
sz002409,雅克科技,2025-10-21 09:46:57,79.3,6700,79.22,U
sz002409,雅克科技,2025-10-21 09:47:00,79.43,9400,79.3,U
sz002409,雅克科技,2025-10-21 09:47:03,79.38,9400,79.43,E
sz002409,雅克科技,2025-10-21 09:47:06,79.4,15800,79.38,E
sz002409,雅克科技,2025-10-21 09:47:09,79.39,19000,79.4,E
sz002409,雅克科技,2025-10-21 09:47:12,79.4,12600,79.39,E
sz002409,雅克科技,2025-10-21 09:47:15,79.36,10800,79.4,E
sz002409,雅克科技,2025-10-21 09:47:18,79.35,10400,79.36,E
sz002409,雅克科技,2025-10-21 09:47:21,79.31,14800,79.35,D
sz002409,雅克科技,2025-10-21 09:47:24,79.29,13500,79.31,D
sz002409,雅克科技,2025-10-21 09:47:27,79.29,27800,79.29,D
sz002409,雅克科技,2025-10-21 09:47:30,79.28,35000,79.29,E
sz002409,雅克科技,2025-10-21 09:47:33,79.34,15700,79.28,U
sz002409,雅克科技,2025-10-21 09:47:36,79.26,5500,79.34,D
sz002409,雅克科技,2025-10-21 09:47:39,79.27,3600,79.26,U
sz002409,雅克科技,2025-10-21 09:47:42,79.32,10300,79.27,U
sz002409,雅克科技,2025-10-21 09:47:45,79.35,3300,79.32,E
sz002409,雅克科技,2025-10-21 09:47:48,79.41,32600,79.35,U
sz002409,雅克科技,2025-10-21 09:47:51,79.39,14300,79.41,E
sz002409,雅克科技,2025-10-21 09:47:54,79.5,39600,79.39,U
sz002409,雅克科技,2025-10-21 09:47:57,79.5,5400,79.5,D
sz002409,雅克科技,2025-10-21 09:48:00,79.51,15300,79.5,E
sz002409,雅克科技,2025-10-21 09:48:03,79.55,12100,79.51,U
sz002409,雅克科技,2025-10-21 09:48:06,79.59,103200,79.55,U
sz002409,雅克科技,2025-10-21 09:48:09,79.65,23900,79.59,E
sz002409,雅克科技,2025-10-21 09:48:12,79.69,18100,79.65,U
sz002409,雅克科技,2025-10-21 09:48:15,79.72,7300,79.69,U
sz002409,雅克科技,2025-10-21 09:48:18,79.73,9400,79.72,U
sz002409,雅克科技,2025-10-21 09:48:21,79.59,39400,79.73,D
sz002409,雅克科技,2025-10-21 09:48:24,79.59,29900,79.59,D
sz002409,雅克科技,2025-10-21 09:48:27,79.66,7800,79.59,U
sz002409,雅克科技,2025-10-21 09:48:30,79.6,48200,79.66,E
sz002409,雅克科技,2025-10-21 09:48:33,79.59,17200,79.6,D
sz002409,雅克科技,2025-10-21 09:48:36,79.66,32000,79.59,U
sz002409,雅克科技,2025-10-21 09:48:39,79.68,9900,79.66,E
sz002409,雅克科技,2025-10-21 09:48:42,79.69,10600,79.68,E
sz002409,雅克科技,2025-10-21 09:48:45,79.7,29000,79.69,E
sz002409,雅克科技,2025-10-21 09:48:48,79.79,6400,79.7,U
sz002409,雅克科技,2025-10-21 09:48:51,79.8,21700,79.79,U
sz002409,雅克科技,2025-10-21 09:48:54,79.82,10900,79.8,U
sz002409,雅克科技,2025-10-21 09:48:57,79.79,20700,79.82,D
sz002409,雅克科技,2025-10-21 09:49:00,79.79,10100,79.79,U
sz002409,雅克科技,2025-10-21 09:49:03,79.82,14200,79.79,U
sz002409,雅克科技,2025-10-21 09:49:06,79.8,14400,79.82,D
sz002409,雅克科技,2025-10-21 09:49:09,79.8,17100,79.8,D
sz002409,雅克科技,2025-10-21 09:49:12,79.8,27000,79.8,D
sz002409,雅克科技,2025-10-21 09:49:15,79.8,18500,79.8,U
sz002409,雅克科技,2025-10-21 09:49:18,79.8,57000,79.8,U
sz002409,雅克科技,2025-10-21 09:49:21,79.78,20700,79.8,D
sz002409,雅克科技,2025-10-21 09:49:24,79.88,19500,79.78,U
sz002409,雅克科技,2025-10-21 09:49:27,80.06,158400,79.88,U
sz002409,雅克科技,2025-10-21 09:49:30,80.07,15900,80.06,E
sz002409,雅克科技,2025-10-21 09:49:33,80.18,12400,80.07,U
sz002409,雅克科技,2025-10-21 09:49:36,80.2,10000,80.18,U
sz002409,雅克科技,2025-10-21 09:49:39,80.22,12600,80.2,U
sz002409,雅克科技,2025-10-21 09:49:42,80.22,54200,80.22,D
sz002409,雅克科技,2025-10-21 09:49:45,80.22,23900,80.22,D
sz002409,雅克科技,2025-10-21 09:49:48,80.2,20800,80.22,E
sz002409,雅克科技,2025-10-21 09:49:51,80.2,18400,80.2,U
sz002409,雅克科技,2025-10-21 09:49:54,80.22,16600,80.2,U
sz002409,雅克科技,2025-10-21 09:49:57,80.2,22400,80.22,U
sz002409,雅克科技,2025-10-21 09:50:00,80.22,6500,80.2,U
sz002409,雅克科技,2025-10-21 09:50:03,80.25,11300,80.22,U
sz002409,雅克科技,2025-10-21 09:50:06,80.28,19900,80.25,U
sz002409,雅克科技,2025-10-21 09:50:09,80.29,7200,80.28,E
sz002409,雅克科技,2025-10-21 09:50:12,80.28,23900,80.29,D
sz002409,雅克科技,2025-10-21 09:50:15,80.33,16100,80.28,U
sz002409,雅克科技,2025-10-21 09:50:18,80.2,103400,80.33,D
sz002409,雅克科技,2025-10-21 09:50:21,80.19,8400,80.2,E
sz002409,雅克科技,2025-10-21 09:50:24,80.08,6500,80.19,D
sz002409,雅克科技,2025-10-21 09:50:27,80.07,22000,80.08,D
sz002409,雅克科技,2025-10-21 09:50:30,79.92,11600,80.07,D
sz002409,雅克科技,2025-10-21 09:50:33,79.9,32000,79.92,D
sz002409,雅克科技,2025-10-21 09:50:36,79.95,14100,79.9,E
sz002409,雅克科技,2025-10-21 09:50:39,80.02,12600,79.95,U
sz002409,雅克科技,2025-10-21 09:50:42,80.0,18900,80.02,D
sz002409,雅克科技,2025-10-21 09:50:45,80.06,6300,80.0,U
sz002409,雅克科技,2025-10-21 09:50:48,80.08,9100,80.06,U
sz002409,雅克科技,2025-10-21 09:50:51,80.0,11700,80.08,D
sz002409,雅克科技,2025-10-21 09:50:54,80.07,13600,80.0,U
sz002409,雅克科技,2025-10-21 09:50:57,80.0,7300,80.07,D
sz002409,雅克科技,2025-10-21 09:51:00,80.15,10700,80.0,U
sz002409,雅克科技,2025-10-21 09:51:03,80.16,16400,80.15,U
sz002409,雅克科技,2025-10-21 09:51:06,80.27,84800,80.16,E
sz002409,雅克科技,2025-10-21 09:51:09,80.24,44100,80.27,D
sz002409,雅克科技,2025-10-21 09:51:12,80.35,7900,80.24,U
sz002409,雅克科技,2025-10-21 09:51:15,80.28,8500,80.35,D
sz002409,雅克科技,2025-10-21 09:51:18,80.25,26100,80.28,D
sz002409,雅克科技,2025-10-21 09:51:21,80.34,72900,80.25,U
sz002409,雅克科技,2025-10-21 09:51:24,80.34,67400,80.34,D
sz002409,雅克科技,2025-10-21 09:51:27,80.34,24400,80.34,D
sz002409,雅克科技,2025-10-21 09:51:30,80.07,11700,80.34,D
sz002409,雅克科技,2025-10-21 09:51:33,80.21,20900,80.07,U
sz002409,雅克科技,2025-10-21 09:51:36,80.21,14500,80.21,D
sz002409,雅克科技,2025-10-21 09:51:39,80.18,12900,80.21,E
sz002409,雅克科技,2025-10-21 09:51:42,80.22,10100,80.18,U
sz002409,雅克科技,2025-10-21 09:51:45,80.22,17500,80.22,D
sz002409,雅克科技,2025-10-21 09:51:48,80.21,17300,80.22,E
sz002409,雅克科技,2025-10-21 09:51:51,80.0,22500,80.21,D
sz002409,雅克科技,2025-10-21 09:51:54,79.99,12500,80.0,D
sz002409,雅克科技,2025-10-21 09:51:57,79.97,13700,79.99,E
sz002409,雅克科技,2025-10-21 09:52:00,79.8,21200,79.97,D
sz002409,雅克科技,2025-10-21 09:52:03,79.81,6727,79.8,D
sz002409,雅克科技,2025-10-21 09:52:06,79.8,16973,79.81,D
sz002409,雅克科技,2025-10-21 09:52:09,79.8,12900,79.8,U
sz002409,雅克科技,2025-10-21 09:52:12,79.76,19000,79.8,D
sz002409,雅克科技,2025-10-21 09:52:15,79.75,8500,79.76,D
sz002409,雅克科技,2025-10-21 09:52:18,79.81,28100,79.75,U
sz002409,雅克科技,2025-10-21 09:52:21,79.75,10100,79.81,E
sz002409,雅克科技,2025-10-21 09:52:24,79.71,7200,79.75,E
sz002409,雅克科技,2025-10-21 09:52:27,79.7,11900,79.71,U
sz002409,雅克科技,2025-10-21 09:52:30,79.7,12800,79.7,U
sz002409,雅克科技,2025-10-21 09:52:33,79.7,20500,79.7,D
sz002409,雅克科技,2025-10-21 09:52:36,79.69,14800,79.7,D
sz002409,雅克科技,2025-10-21 09:52:39,79.73,21100,79.69,U
sz002409,雅克科技,2025-10-21 09:52:42,79.75,3800,79.73,U
sz002409,雅克科技,2025-10-21 09:52:45,79.75,6800,79.75,E
sz002409,雅克科技,2025-10-21 09:52:48,79.77,21284,79.75,D
sz002409,雅克科技,2025-10-21 09:52:51,79.9,6100,79.77,E
sz002409,雅克科技,2025-10-21 09:52:54,79.78,4200,79.9,D
sz002409,雅克科技,2025-10-21 09:52:57,79.83,3200,79.78,E
sz002409,雅克科技,2025-10-21 09:53:00,79.86,3500,79.83,U
sz002409,雅克科技,2025-10-21 09:53:03,79.72,5800,79.86,D
sz002409,雅克科技,2025-10-21 09:53:06,79.72,8400,79.72,U
sz002409,雅克科技,2025-10-21 09:53:09,79.69,10800,79.72,D
sz002409,雅克科技,2025-10-21 09:53:12,79.69,3100,79.69,U
sz002409,雅克科技,2025-10-21 09:53:15,79.68,19031,79.69,D
sz002409,雅克科技,2025-10-21 09:53:18,79.71,14400,79.68,E
sz002409,雅克科技,2025-10-21 09:53:21,79.72,3700,79.71,D
sz002409,雅克科技,2025-10-21 09:53:27,79.72,20200,79.77,D
sz002409,雅克科技,2025-10-21 09:53:30,79.77,3700,79.72,U
sz002409,雅克科技,2025-10-21 09:53:33,79.78,14400,79.77,E
sz002409,雅克科技,2025-10-21 09:53:36,79.7,10600,79.78,D
sz002409,雅克科技,2025-10-21 09:53:39,79.72,2800,79.7,E
sz002409,雅克科技,2025-10-21 09:53:42,79.69,17500,79.72,D
sz002409,雅克科技,2025-10-21 09:53:45,79.69,2600,79.69,D
sz002409,雅克科技,2025-10-21 09:53:48,79.7,7200,79.69,E
sz002409,雅克科技,2025-10-21 09:53:51,79.77,46800,79.7,U
sz002409,雅克科技,2025-10-21 09:53:54,79.78,10700,79.77,U
sz002409,雅克科技,2025-10-21 09:53:57,79.8,18000,79.78,U
sz002409,雅克科技,2025-10-21 09:54:00,79.8,8100,79.8,D
sz002409,雅克科技,2025-10-21 09:54:03,79.8,7500,79.8,D
sz002409,雅克科技,2025-10-21 09:54:06,79.83,16500,79.8,E
sz002409,雅克科技,2025-10-21 09:54:12,79.98,8200,79.95,U
sz002409,雅克科技,2025-10-21 09:54:15,79.9,20600,79.98,D
sz002409,雅克科技,2025-10-21 09:54:18,79.9,22200,79.9,D
sz002409,雅克科技,2025-10-21 09:54:21,79.84,17700,79.9,E
sz002409,雅克科技,2025-10-21 09:54:24,79.84,2700,79.84,D
sz002409,雅克科技,2025-10-21 09:54:27,79.9,6200,79.84,U
sz002409,雅克科技,2025-10-21 09:54:30,79.98,10400,79.9,U
sz002409,雅克科技,2025-10-21 09:54:33,79.9,4400,79.98,E
sz002409,雅克科技,2025-10-21 09:54:36,79.95,10100,79.9,E
sz002409,雅克科技,2025-10-21 09:54:39,79.88,11500,79.95,D
sz002409,雅克科技,2025-10-21 09:54:42,79.95,52900,79.88,U
sz002409,雅克科技,2025-10-21 09:54:45,79.91,10600,79.95,E
sz002409,雅克科技,2025-10-21 09:54:48,79.91,4400,79.91,D
sz002409,雅克科技,2025-10-21 09:54:51,79.84,13900,79.91,D
sz002409,雅克科技,2025-10-21 09:54:54,79.83,6500,79.84,D
sz002409,雅克科技,2025-10-21 09:54:57,79.77,11300,79.83,D
sz002409,雅克科技,2025-10-21 09:55:03,79.5,88469,79.71,D
sz002409,雅克科技,2025-10-21 09:55:06,79.45,12400,79.5,D
sz002409,雅克科技,2025-10-21 09:55:09,79.53,6600,79.45,U
sz002409,雅克科技,2025-10-21 09:55:12,79.43,5300,79.53,D
sz002409,雅克科技,2025-10-21 09:55:15,79.4,10300,79.43,D
sz002409,雅克科技,2025-10-21 09:55:18,79.35,10900,79.4,E
sz002409,雅克科技,2025-10-21 09:55:21,79.36,8700,79.35,E
sz002409,雅克科技,2025-10-21 09:55:24,79.4,18200,79.36,E
sz002409,雅克科技,2025-10-21 09:55:27,79.36,8000,79.4,D
sz002409,雅克科技,2025-10-21 09:55:30,79.38,6900,79.36,E
sz002409,雅克科技,2025-10-21 09:55:33,79.49,19600,79.38,U
sz002409,雅克科技,2025-10-21 09:55:36,79.37,11100,79.49,D
sz002409,雅克科技,2025-10-21 09:55:39,79.38,4500,79.37,E
sz002409,雅克科技,2025-10-21 09:55:42,79.38,11500,79.38,D
sz002409,雅克科技,2025-10-21 09:55:45,79.46,5900,79.38,U
sz002409,雅克科技,2025-10-21 09:55:51,79.55,6900,79.47,U
sz002409,雅克科技,2025-10-21 09:55:57,79.46,3900,79.47,D
sz002409,雅克科技,2025-10-21 09:56:00,79.42,9700,79.46,D
sz002409,雅克科技,2025-10-21 09:56:03,79.45,4500,79.42,U
sz002409,雅克科技,2025-10-21 09:56:06,79.42,8500,79.45,D
sz002409,雅克科技,2025-10-21 09:56:09,79.42,7500,79.42,D
sz002409,雅克科技,2025-10-21 09:56:12,79.41,7300,79.42,D
sz002409,雅克科技,2025-10-21 09:56:18,79.33,9100,79.34,D
sz002409,雅克科技,2025-10-21 09:56:21,79.32,9200,79.33,D
sz002409,雅克科技,2025-10-21 09:56:24,79.31,46600,79.32,D
sz002409,雅克科技,2025-10-21 09:56:27,79.28,12900,79.31,D
sz002409,雅克科技,2025-10-21 09:56:30,79.28,5300,79.28,D
sz002409,雅克科技,2025-10-21 09:56:33,79.2,5100,79.28,D
sz002409,雅克科技,2025-10-21 09:56:36,79.16,12900,79.2,D
sz002409,雅克科技,2025-10-21 09:56:39,79.1,3800,79.16,D
sz002409,雅克科技,2025-10-21 09:56:42,79.08,6400,79.1,D
sz002409,雅克科技,2025-10-21 09:56:48,79.0,64700,79.02,D
sz002409,雅克科技,2025-10-21 09:56:51,79.0,11200,79.0,D
sz002409,雅克科技,2025-10-21 09:56:54,78.9,3400,79.0,D
sz002409,雅克科技,2025-10-21 09:56:57,78.9,8000,78.9,D
sz002409,雅克科技,2025-10-21 09:57:00,78.89,5100,78.9,D
sz002409,雅克科技,2025-10-21 09:57:03,78.89,5700,78.89,E
sz002409,雅克科技,2025-10-21 09:57:06,78.85,9200,78.89,D
sz002409,雅克科技,2025-10-21 09:57:09,78.9,75600,78.85,U
sz002409,雅克科技,2025-10-21 09:57:12,79.0,23600,78.9,U
sz002409,雅克科技,2025-10-21 09:57:15,78.9,13000,79.0,D
sz002409,雅克科技,2025-10-21 09:57:18,79.0,24900,78.9,U
sz002409,雅克科技,2025-10-21 09:57:21,78.91,7500,79.0,D
sz002409,雅克科技,2025-10-21 09:57:24,79.0,7700,78.91,U
sz002409,雅克科技,2025-10-21 09:57:27,79.0,20500,79.0,U
sz002409,雅克科技,2025-10-21 09:57:30,79.0,5400,79.0,D
sz002409,雅克科技,2025-10-21 09:57:33,79.1,15700,79.0,U
sz002409,雅克科技,2025-10-21 09:57:36,79.1,5900,79.1,D
sz002409,雅克科技,2025-10-21 09:57:39,79.27,6900,79.1,U
sz002409,雅克科技,2025-10-21 09:57:42,79.28,4000,79.27,U
sz002409,雅克科技,2025-10-21 09:57:45,79.3,2600,79.28,U
sz002409,雅克科技,2025-10-21 09:57:48,79.32,8900,79.3,U
sz002409,雅克科技,2025-10-21 09:57:51,79.34,5300,79.32,U
sz002409,雅克科技,2025-10-21 09:57:54,79.31,36200,79.34,D
sz002409,雅克科技,2025-10-21 09:57:57,79.2,4000,79.31,D
sz002409,雅克科技,2025-10-21 09:58:00,79.14,8600,79.2,D
sz002409,雅克科技,2025-10-21 09:58:03,79.08,2800,79.14,D
sz002409,雅克科技,2025-10-21 09:58:06,79.08,7300,79.08,U
sz002409,雅克科技,2025-10-21 09:58:09,78.91,22400,79.08,D
sz002409,雅克科技,2025-10-21 09:58:12,78.91,5500,78.91,D
sz002409,雅克科技,2025-10-21 09:58:15,78.9,5800,78.91,D
sz002409,雅克科技,2025-10-21 09:58:18,78.91,4800,78.9,U
sz002409,雅克科技,2025-10-21 09:58:21,79.0,17800,78.91,U
sz002409,雅克科技,2025-10-21 09:58:24,79.01,15900,79.0,U
sz002409,雅克科技,2025-10-21 09:58:27,79.0,4600,79.01,D
sz002409,雅克科技,2025-10-21 09:58:30,79.01,8209,79.0,U
sz002409,雅克科技,2025-10-21 09:58:33,79.04,2600,79.01,U
sz002409,雅克科技,2025-10-21 09:58:39,79.11,3500,79.1,U
sz002409,雅克科技,2025-10-21 09:58:42,79.08,3100,79.11,E
sz002409,雅克科技,2025-10-21 09:58:45,79.01,11200,79.08,D
sz002409,雅克科技,2025-10-21 09:58:48,79.1,9300,79.01,U
sz002409,雅克科技,2025-10-21 09:58:51,79.05,4500,79.1,D
sz002409,雅克科技,2025-10-21 09:58:57,79.05,9300,79.06,D
sz002409,雅克科技,2025-10-21 09:59:00,79.05,3800,79.05,D
sz002409,雅克科技,2025-10-21 09:59:03,79.08,6300,79.05,E
sz002409,雅克科技,2025-10-21 09:59:06,79.12,24400,79.08,U
sz002409,雅克科技,2025-10-21 09:59:09,79.2,9200,79.12,U
sz002409,雅克科技,2025-10-21 09:59:15,79.3,10900,79.19,U
sz002409,雅克科技,2025-10-21 09:59:18,79.31,4900,79.3,U
sz002409,雅克科技,2025-10-21 09:59:21,79.33,14500,79.31,U
sz002409,雅克科技,2025-10-21 09:59:24,79.3,7400,79.33,D
sz002409,雅克科技,2025-10-21 09:59:27,79.27,9200,79.3,E
sz002409,雅克科技,2025-10-21 09:59:30,79.24,11600,79.27,E
sz002409,雅克科技,2025-10-21 09:59:33,79.13,14500,79.24,E
sz002409,雅克科技,2025-10-21 09:59:39,79.14,12000,79.27,E
sz002409,雅克科技,2025-10-21 09:59:42,79.15,6600,79.14,E
sz002409,雅克科技,2025-10-21 09:59:45,79.24,7800,79.15,E
sz002409,雅克科技,2025-10-21 09:59:48,79.15,7500,79.24,E
sz002409,雅克科技,2025-10-21 09:59:51,79.15,5700,79.15,E
sz002409,雅克科技,2025-10-21 09:59:57,79.18,4100,79.18,E
sz002409,雅克科技,2025-10-21 10:00:00,79.15,4900,79.18,D
sz002409,雅克科技,2025-10-21 10:00:03,79.2,7400,79.15,U
sz002409,雅克科技,2025-10-21 10:00:06,79.16,5100,79.2,D
sz002409,雅克科技,2025-10-21 10:00:09,79.15,5300,79.16,D
sz002409,雅克科技,2025-10-21 10:00:12,79.2,3100,79.15,U
sz002409,雅克科技,2025-10-21 10:00:15,79.23,8100,79.2,U
sz002409,雅克科技,2025-10-21 10:00:18,79.19,5100,79.23,D
sz002409,雅克科技,2025-10-21 10:00:21,79.1,13800,79.19,D
sz002409,雅克科技,2025-10-21 10:00:24,79.12,5600,79.1,U
sz002409,雅克科技,2025-10-21 10:00:30,79.0,38291,79.02,D
sz002409,雅克科技,2025-10-21 10:00:33,78.96,5200,79.0,E
sz002409,雅克科技,2025-10-21 10:00:36,78.91,20400,78.96,U
sz002409,雅克科技,2025-10-21 10:00:39,78.89,3000,78.91,D
sz002409,雅克科技,2025-10-21 10:00:42,78.87,14100,78.89,D
sz002409,雅克科技,2025-10-21 10:00:45,78.85,28600,78.87,D
sz002409,雅克科技,2025-10-21 10:00:48,78.87,4400,78.85,U
sz002409,雅克科技,2025-10-21 10:00:51,78.89,10400,78.87,U
sz002409,雅克科技,2025-10-21 10:00:54,78.85,5100,78.89,D
sz002409,雅克科技,2025-10-21 10:00:57,78.85,13700,78.85,E
sz002409,雅克科技,2025-10-21 10:01:00,78.83,3100,78.85,D
sz002409,雅克科技,2025-10-21 10:01:03,78.85,16200,78.83,U
sz002409,雅克科技,2025-10-21 10:01:06,78.85,20300,78.85,D
sz002409,雅克科技,2025-10-21 10:01:12,78.87,18100,78.87,D
sz002409,雅克科技,2025-10-21 10:01:15,78.96,11900,78.87,E
sz002409,雅克科技,2025-10-21 10:01:21,79.17,5600,79.1,U
sz002409,雅克科技,2025-10-21 10:01:24,79.17,2700,79.17,U
sz002409,雅克科技,2025-10-21 10:01:27,79.15,4900,79.17,E
sz002409,雅克科技,2025-10-21 10:01:30,79.08,5100,79.15,D
sz002409,雅克科技,2025-10-21 10:01:33,79.05,8700,79.08,D
sz002409,雅克科技,2025-10-21 10:01:36,79.04,2700,79.05,D
sz002409,雅克科技,2025-10-21 10:01:39,79.04,4200,79.04,U
sz002409,雅克科技,2025-10-21 10:01:42,79.01,4100,79.04,D
sz002409,雅克科技,2025-10-21 10:01:45,78.99,3200,79.01,E
sz002409,雅克科技,2025-10-21 10:01:48,79.01,7200,78.99,U
sz002409,雅克科技,2025-10-21 10:01:54,78.97,4100,78.97,U
sz002409,雅克科技,2025-10-21 10:01:57,78.97,2900,78.97,E
sz002409,雅克科技,2025-10-21 10:02:00,78.97,3300,78.97,U
sz002409,雅克科技,2025-10-21 10:02:03,78.91,12500,78.97,D
sz002409,雅克科技,2025-10-21 10:02:09,78.87,9300,78.91,D
sz002409,雅克科技,2025-10-21 10:02:12,78.87,6600,78.87,D
sz002409,雅克科技,2025-10-21 10:02:15,78.87,4000,78.87,D
sz002409,雅克科技,2025-10-21 10:02:18,78.88,3600,78.87,U
sz002409,雅克科技,2025-10-21 10:02:21,78.88,17800,78.88,U
sz002409,雅克科技,2025-10-21 10:02:24,78.88,4900,78.88,D
sz002409,雅克科技,2025-10-21 10:02:27,78.88,4800,78.88,U
sz002409,雅克科技,2025-10-21 10:02:30,78.91,4300,78.88,U
sz002409,雅克科技,2025-10-21 10:02:33,78.9,3400,78.91,D
sz002409,雅克科技,2025-10-21 10:02:39,78.91,3900,78.91,U
sz002409,雅克科技,2025-10-21 10:02:42,78.9,11800,78.91,D
sz002409,雅克科技,2025-10-21 10:02:48,79.0,4300,78.99,U
sz002409,雅克科技,2025-10-21 10:02:57,78.95,5200,78.98,D
sz002409,雅克科技,2025-10-21 10:03:09,78.94,10700,78.97,D
sz002409,雅克科技,2025-10-21 10:03:12,78.92,4300,78.94,D
sz002409,雅克科技,2025-10-21 10:03:24,78.97,5700,78.96,U
sz002409,雅克科技,2025-10-21 10:03:27,78.98,3000,78.97,U
sz002409,雅克科技,2025-10-21 10:03:30,78.98,5800,78.98,U
sz002409,雅克科技,2025-10-21 10:03:33,78.98,2600,78.98,D
sz002409,雅克科技,2025-10-21 10:03:48,79.03,3000,79.03,D
sz002409,雅克科技,2025-10-21 10:03:51,79.06,13500,79.03,U
sz002409,雅克科技,2025-10-21 10:03:57,79.08,3300,79.05,E
sz002409,雅克科技,2025-10-21 10:04:00,79.09,10700,79.08,E
sz002409,雅克科技,2025-10-21 10:04:03,79.2,4300,79.09,U
sz002409,雅克科技,2025-10-21 10:04:06,79.09,14100,79.2,D
sz002409,雅克科技,2025-10-21 10:04:09,79.22,3300,79.09,U
sz002409,雅克科技,2025-10-21 10:04:12,79.23,4300,79.22,U
sz002409,雅克科技,2025-10-21 10:04:15,79.28,3500,79.23,U
sz002409,雅克科技,2025-10-21 10:04:21,79.28,3700,79.26,U
sz002409,雅克科技,2025-10-21 10:04:24,79.29,4300,79.28,U
sz002409,雅克科技,2025-10-21 10:04:27,79.29,11200,79.29,U
sz002409,雅克科技,2025-10-21 10:04:30,79.29,34000,79.29,U
sz002409,雅克科技,2025-10-21 10:04:33,79.29,17400,79.29,U
sz002409,雅克科技,2025-10-21 10:04:39,79.3,6400,79.27,U
sz002409,雅克科技,2025-10-21 10:04:42,79.29,7400,79.3,D
sz002409,雅克科技,2025-10-21 10:04:45,79.3,4900,79.29,U
sz002409,雅克科技,2025-10-21 10:04:48,79.3,4100,79.3,U
sz002409,雅克科技,2025-10-21 10:04:54,79.38,4200,79.33,U
sz002409,雅克科技,2025-10-21 10:04:57,79.39,3700,79.38,U
sz002409,雅克科技,2025-10-21 10:05:00,79.39,3000,79.39,U
sz002409,雅克科技,2025-10-21 10:05:03,79.39,16500,79.39,U
sz002409,雅克科技,2025-10-21 10:05:09,79.39,7500,79.4,D
sz002409,雅克科技,2025-10-21 10:05:12,79.55,54900,79.39,U
sz002409,雅克科技,2025-10-21 10:05:15,79.56,10200,79.55,E
sz002409,雅克科技,2025-10-21 10:05:21,79.62,5300,79.61,E
sz002409,雅克科技,2025-10-21 10:05:24,79.6,5500,79.62,D
sz002409,雅克科技,2025-10-21 10:05:27,79.67,12400,79.6,U
sz002409,雅克科技,2025-10-21 10:05:30,79.67,5900,79.67,U
sz002409,雅克科技,2025-10-21 10:05:33,79.78,7600,79.67,U
sz002409,雅克科技,2025-10-21 10:05:39,79.9,22500,79.79,U
sz002409,雅克科技,2025-10-21 10:05:42,79.84,8300,79.9,D
sz002409,雅克科技,2025-10-21 10:05:48,79.89,34400,79.8,E
sz002409,雅克科技,2025-10-21 10:05:51,79.89,30300,79.89,E
sz002409,雅克科技,2025-10-21 10:05:54,79.99,10800,79.89,U
sz002409,雅克科技,2025-10-21 10:05:57,79.99,9900,79.99,U
sz002409,雅克科技,2025-10-21 10:06:00,80.0,12200,79.99,U
sz002409,雅克科技,2025-10-21 10:06:03,80.02,28500,80.0,U
sz002409,雅克科技,2025-10-21 10:06:06,80.03,9900,80.02,U
sz002409,雅克科技,2025-10-21 10:06:09,80.13,9400,80.03,U
sz002409,雅克科技,2025-10-21 10:06:12,80.03,9200,80.13,D
sz002409,雅克科技,2025-10-21 10:06:15,80.08,10900,80.03,U
sz002409,雅克科技,2025-10-21 10:06:18,80.0,8300,80.08,D
sz002409,雅克科技,2025-10-21 10:06:21,79.93,8400,80.0,D
sz002409,雅克科技,2025-10-21 10:06:24,79.91,3800,79.93,D
sz002409,雅克科技,2025-10-21 10:06:27,79.84,8700,79.91,D
sz002409,雅克科技,2025-10-21 10:06:30,79.99,11800,79.84,U
sz002409,雅克科技,2025-10-21 10:06:33,79.93,4800,79.99,E
sz002409,雅克科技,2025-10-21 10:06:36,80.0,26000,79.93,U
sz002409,雅克科技,2025-10-21 10:06:39,79.8,38000,80.0,D
sz002409,雅克科技,2025-10-21 10:06:42,79.98,55900,79.8,E
sz002409,雅克科技,2025-10-21 10:06:48,79.85,8700,79.93,D
sz002409,雅克科技,2025-10-21 10:06:51,79.71,6000,79.85,D
sz002409,雅克科技,2025-10-21 10:06:54,79.71,7200,79.71,D
sz002409,雅克科技,2025-10-21 10:06:57,79.71,8100,79.71,D
sz002409,雅克科技,2025-10-21 10:07:00,79.71,11800,79.71,U
sz002409,雅克科技,2025-10-21 10:07:03,79.78,6200,79.71,U
sz002409,雅克科技,2025-10-21 10:07:06,79.87,22300,79.78,U
sz002409,雅克科技,2025-10-21 10:07:09,79.88,2969,79.87,E
sz002409,雅克科技,2025-10-21 10:07:12,79.88,6900,79.88,D
sz002409,雅克科技,2025-10-21 10:07:15,79.84,13300,79.88,D
sz002409,雅克科技,2025-10-21 10:07:18,79.88,8000,79.84,E
sz002409,雅克科技,2025-10-21 10:07:24,79.8,2900,79.75,U
sz002409,雅克科技,2025-10-21 10:07:27,79.66,54300,79.8,D
sz002409,雅克科技,2025-10-21 10:07:30,79.6,12700,79.66,D
sz002409,雅克科技,2025-10-21 10:07:33,79.58,3200,79.6,D
sz002409,雅克科技,2025-10-21 10:07:39,79.4,3000,79.52,D
sz002409,雅克科技,2025-10-21 10:07:45,79.4,4900,79.4,D
sz002409,雅克科技,2025-10-21 10:07:48,79.41,3231,79.4,E
sz002409,雅克科技,2025-10-21 10:07:51,79.4,5800,79.41,D
sz002409,雅克科技,2025-10-21 10:07:54,79.41,5400,79.4,E
sz002409,雅克科技,2025-10-21 10:07:57,79.49,3600,79.41,U
sz002409,雅克科技,2025-10-21 10:08:00,79.49,3200,79.49,D
sz002409,雅克科技,2025-10-21 10:08:03,79.54,3900,79.49,U
sz002409,雅克科技,2025-10-21 10:08:06,79.62,19800,79.54,U
sz002409,雅克科技,2025-10-21 10:08:09,79.65,4200,79.62,E
sz002409,雅克科技,2025-10-21 10:08:12,79.65,4400,79.65,U
sz002409,雅克科技,2025-10-21 10:08:18,79.72,3200,79.72,U
sz002409,雅克科技,2025-10-21 10:08:24,79.65,4200,79.66,D
sz002409,雅克科技,2025-10-21 10:08:30,79.65,7000,79.58,U
sz002409,雅克科技,2025-10-21 10:08:39,79.52,3300,79.53,D
sz002409,雅克科技,2025-10-21 10:08:42,79.52,3100,79.52,D
sz002409,雅克科技,2025-10-21 10:08:48,79.5,3700,79.5,D
sz002409,雅克科技,2025-10-21 10:08:51,79.49,4100,79.5,D
sz002409,雅克科技,2025-10-21 10:09:06,79.41,12400,79.44,D
sz002409,雅克科技,2025-10-21 10:09:09,79.4,2700,79.41,E
sz002409,雅克科技,2025-10-21 10:09:12,79.39,4100,79.4,E
sz002409,雅克科技,2025-10-21 10:09:15,79.38,3769,79.39,E
sz002409,雅克科技,2025-10-21 10:09:21,79.31,3910,79.35,D
sz002409,雅克科技,2025-10-21 10:09:24,79.3,3500,79.31,D
sz002409,雅克科技,2025-10-21 10:09:27,79.29,4590,79.3,D
sz002409,雅克科技,2025-10-21 10:09:30,79.29,3400,79.29,U
sz002409,雅克科技,2025-10-21 10:09:39,79.2,3000,79.21,D
sz002409,雅克科技,2025-10-21 10:09:42,79.2,3600,79.2,D
sz002409,雅克科技,2025-10-21 10:09:45,79.23,16400,79.2,U
sz002409,雅克科技,2025-10-21 10:09:48,79.22,7400,79.23,D
sz002409,雅克科技,2025-10-21 10:09:51,79.22,4110,79.22,D
sz002409,雅克科技,2025-10-21 10:09:54,79.32,6400,79.22,U
sz002409,雅克科技,2025-10-21 10:10:00,79.29,5200,79.32,D
sz002409,雅克科技,2025-10-21 10:10:06,79.24,32900,79.32,D
sz002409,雅克科技,2025-10-21 10:10:09,79.24,6800,79.24,D
sz002409,雅克科技,2025-10-21 10:10:15,79.21,3200,79.2,U
sz002409,雅克科技,2025-10-21 10:10:21,79.12,3400,79.12,D
sz002409,雅克科技,2025-10-21 10:10:30,79.06,10000,79.1,D
sz002409,雅克科技,2025-10-21 10:10:33,79.13,4400,79.06,U
sz002409,雅克科技,2025-10-21 10:10:36,79.1,3700,79.13,D
sz002409,雅克科技,2025-10-21 10:10:39,79.11,4700,79.1,E
sz002409,雅克科技,2025-10-21 10:10:42,79.12,3700,79.11,E
sz002409,雅克科技,2025-10-21 10:10:45,79.12,3400,79.12,U
sz002409,雅克科技,2025-10-21 10:10:48,79.12,2600,79.12,U
sz002409,雅克科技,2025-10-21 10:10:54,79.12,4000,79.12,D
sz002409,雅克科技,2025-10-21 10:10:57,79.11,4600,79.12,D
sz002409,雅克科技,2025-10-21 10:11:12,79.21,3100,79.19,U
sz002409,雅克科技,2025-10-21 10:11:15,79.25,8100,79.21,U
sz002409,雅克科技,2025-10-21 10:11:21,79.25,3700,79.24,D
sz002409,雅克科技,2025-10-21 10:11:24,79.23,13400,79.25,D
sz002409,雅克科技,2025-10-21 10:11:27,79.23,3300,79.23,D
sz002409,雅克科技,2025-10-21 10:11:30,79.19,6900,79.23,D
sz002409,雅克科技,2025-10-21 10:11:33,79.17,5600,79.19,D
sz002409,雅克科技,2025-10-21 10:11:48,79.12,2700,79.13,D
sz002409,雅克科技,2025-10-21 10:11:51,79.12,4600,79.12,D
sz002409,雅克科技,2025-10-21 10:11:54,79.11,12500,79.12,D
sz002409,雅克科技,2025-10-21 10:11:57,79.09,6300,79.11,D
sz002409,雅克科技,2025-10-21 10:12:00,79.03,2800,79.09,D
sz002409,雅克科技,2025-10-21 10:12:12,79.07,10300,79.07,U
sz002409,雅克科技,2025-10-21 10:12:30,79.06,3000,79.07,D
sz002409,雅克科技,2025-10-21 10:12:33,79.03,3600,79.06,D
sz002409,雅克科技,2025-10-21 10:12:36,79.0,5400,79.03,D
sz002409,雅克科技,2025-10-21 10:12:39,78.99,19900,79.0,D
sz002409,雅克科技,2025-10-21 10:12:42,78.99,4000,78.99,U
sz002409,雅克科技,2025-10-21 10:12:57,78.97,10000,78.97,U
sz002409,雅克科技,2025-10-21 10:13:03,78.98,4200,78.97,U
sz002409,雅克科技,2025-10-21 10:13:06,79.01,7700,78.98,U
sz002409,雅克科技,2025-10-21 10:13:18,78.98,20500,79.0,D
sz002409,雅克科技,2025-10-21 10:13:21,78.96,27500,78.98,D
sz002409,雅克科技,2025-10-21 10:13:24,78.96,14500,78.96,D
sz002409,雅克科技,2025-10-21 10:13:30,78.94,5300,78.94,U
sz002409,雅克科技,2025-10-21 10:13:42,78.93,3500,78.92,U
sz002409,雅克科技,2025-10-21 10:13:45,78.92,3100,78.93,D
sz002409,雅克科技,2025-10-21 10:13:51,78.91,5800,78.92,D
sz002409,雅克科技,2025-10-21 10:14:03,78.9,5200,78.91,D
sz002409,雅克科技,2025-10-21 10:14:06,78.9,3900,78.9,D
sz002409,雅克科技,2025-10-21 10:14:09,78.89,2700,78.9,D
sz002409,雅克科技,2025-10-21 10:14:12,78.99,17200,78.89,U
sz002409,雅克科技,2025-10-21 10:14:15,78.91,10400,78.99,D
sz002409,雅克科技,2025-10-21 10:14:18,79.06,6200,78.91,U
sz002409,雅克科技,2025-10-21 10:14:27,79.05,9200,79.07,E
sz002409,雅克科技,2025-10-21 10:14:39,79.08,2800,79.07,U
sz002409,雅克科技,2025-10-21 10:14:45,79.08,3600,79.08,D
sz002409,雅克科技,2025-10-21 10:15:09,79.09,8700,79.13,D
sz002409,雅克科技,2025-10-21 10:15:12,79.03,10000,79.09,D
sz002409,雅克科技,2025-10-21 10:15:15,78.96,9100,79.03,D
sz002409,雅克科技,2025-10-21 10:15:18,78.99,2900,78.96,U
sz002409,雅克科技,2025-10-21 10:15:24,78.95,5900,78.98,D
sz002409,雅克科技,2025-10-21 10:15:27,78.92,25200,78.95,D
sz002409,雅克科技,2025-10-21 10:15:30,78.87,9500,78.92,E
sz002409,雅克科技,2025-10-21 10:15:33,78.87,69800,78.87,U
sz002409,雅克科技,2025-10-21 10:15:36,78.81,2900,78.87,D
sz002409,雅克科技,2025-10-21 10:15:39,78.83,3300,78.81,U
sz002409,雅克科技,2025-10-21 10:15:42,78.88,6400,78.83,U
sz002409,雅克科技,2025-10-21 10:15:48,78.88,6500,78.88,D
sz002409,雅克科技,2025-10-21 10:15:54,78.83,7100,78.84,D
sz002409,雅克科技,2025-10-21 10:15:57,78.84,4000,78.83,U
sz002409,雅克科技,2025-10-21 10:16:00,78.83,3700,78.84,D
sz002409,雅克科技,2025-10-21 10:16:03,78.84,3900,78.83,U
sz002409,雅克科技,2025-10-21 10:16:06,78.82,9500,78.84,D
sz002409,雅克科技,2025-10-21 10:16:09,78.68,32500,78.82,D
sz002409,雅克科技,2025-10-21 10:16:12,78.72,12500,78.68,E
sz002409,雅克科技,2025-10-21 10:16:18,78.59,10200,78.67,D
sz002409,雅克科技,2025-10-21 10:16:21,78.56,21700,78.59,D
sz002409,雅克科技,2025-10-21 10:16:24,78.52,4500,78.56,E
sz002409,雅克科技,2025-10-21 10:16:27,78.5,5500,78.52,U
sz002409,雅克科技,2025-10-21 10:16:30,78.44,8600,78.5,E
sz002409,雅克科技,2025-10-21 10:16:33,78.52,8100,78.44,U
sz002409,雅克科技,2025-10-21 10:16:36,78.5,3900,78.52,D
sz002409,雅克科技,2025-10-21 10:16:39,78.5,6400,78.5,U
sz002409,雅克科技,2025-10-21 10:16:42,78.42,6800,78.5,D
sz002409,雅克科技,2025-10-21 10:16:45,78.45,11400,78.42,E
sz002409,雅克科技,2025-10-21 10:16:48,78.44,3900,78.45,D
sz002409,雅克科技,2025-10-21 10:16:51,78.52,4500,78.44,U
sz002409,雅克科技,2025-10-21 10:16:54,78.52,5400,78.52,U
sz002409,雅克科技,2025-10-21 10:17:00,78.52,6500,78.54,D
sz002409,雅克科技,2025-10-21 10:17:03,78.52,4000,78.52,U
sz002409,雅克科技,2025-10-21 10:17:06,78.58,5200,78.52,U
sz002409,雅克科技,2025-10-21 10:17:27,78.6,7200,78.61,D
sz002409,雅克科技,2025-10-21 10:17:33,78.55,5200,78.58,D
sz002409,雅克科技,2025-10-21 10:17:36,78.54,2900,78.55,U
sz002409,雅克科技,2025-10-21 10:17:45,78.52,9400,78.54,D
sz002409,雅克科技,2025-10-21 10:17:48,78.5,8100,78.52,D
sz002409,雅克科技,2025-10-21 10:17:54,78.5,3200,78.52,D
sz002409,雅克科技,2025-10-21 10:18:00,78.54,6900,78.51,U
sz002409,雅克科技,2025-10-21 10:18:06,78.49,7800,78.55,D
sz002409,雅克科技,2025-10-21 10:18:09,78.5,9700,78.49,U
sz002409,雅克科技,2025-10-21 10:18:18,78.5,3700,78.53,D
sz002409,雅克科技,2025-10-21 10:18:21,78.51,5200,78.5,U
sz002409,雅克科技,2025-10-21 10:18:24,78.49,2900,78.51,D
sz002409,雅克科技,2025-10-21 10:18:30,78.49,19800,78.51,D
sz002409,雅克科技,2025-10-21 10:18:33,78.47,2700,78.49,E
sz002409,雅克科技,2025-10-21 10:18:39,78.35,9300,78.36,D
sz002409,雅克科技,2025-10-21 10:18:42,78.31,6000,78.35,D
sz002409,雅克科技,2025-10-21 10:18:51,78.25,2600,78.25,E
sz002409,雅克科技,2025-10-21 10:18:54,78.24,4100,78.25,D
sz002409,雅克科技,2025-10-21 10:19:00,78.24,10100,78.23,U
sz002409,雅克科技,2025-10-21 10:19:03,78.26,6900,78.24,U
sz002409,雅克科技,2025-10-21 10:19:06,78.27,6000,78.26,U
sz002409,雅克科技,2025-10-21 10:19:09,78.25,4600,78.27,U
sz002409,雅克科技,2025-10-21 10:19:12,78.26,9900,78.25,U
sz002409,雅克科技,2025-10-21 10:19:18,78.25,3700,78.26,D
sz002409,雅克科技,2025-10-21 10:19:21,78.26,5800,78.25,U
sz002409,雅克科技,2025-10-21 10:19:24,78.25,5100,78.26,E
sz002409,雅克科技,2025-10-21 10:19:27,78.2,11900,78.25,D
sz002409,雅克科技,2025-10-21 10:19:30,78.14,10100,78.2,D
sz002409,雅克科技,2025-10-21 10:19:33,78.14,4900,78.14,U
sz002409,雅克科技,2025-10-21 10:19:39,78.15,5300,78.15,U
sz002409,雅克科技,2025-10-21 10:19:42,78.1,8500,78.15,D
sz002409,雅克科技,2025-10-21 10:19:45,78.16,5000,78.1,U
sz002409,雅克科技,2025-10-21 10:19:51,78.2,6500,78.2,E
sz002409,雅克科技,2025-10-21 10:19:57,78.21,15300,78.14,U
sz002409,雅克科技,2025-10-21 10:20:00,78.12,25600,78.21,E
sz002409,雅克科技,2025-10-21 10:20:03,78.08,15400,78.12,D
sz002409,雅克科技,2025-10-21 10:20:06,78.2,6400,78.08,U
sz002409,雅克科技,2025-10-21 10:20:21,78.38,4800,78.38,U
sz002409,雅克科技,2025-10-21 10:20:24,78.38,3800,78.38,D
sz002409,雅克科技,2025-10-21 10:20:27,78.39,7300,78.38,U
sz002409,雅克科技,2025-10-21 10:20:30,78.35,4600,78.39,E
sz002409,雅克科技,2025-10-21 10:20:39,78.41,3200,78.41,U
sz002409,雅克科技,2025-10-21 10:20:48,78.42,7200,78.48,D
sz002409,雅克科技,2025-10-21 10:20:51,78.38,10100,78.42,D
sz002409,雅克科技,2025-10-21 10:20:54,78.4,7300,78.38,U
sz002409,雅克科技,2025-10-21 10:21:00,78.39,5300,78.36,U
sz002409,雅克科技,2025-10-21 10:21:03,78.38,8000,78.39,U
sz002409,雅克科技,2025-10-21 10:21:06,78.4,2800,78.38,U
sz002409,雅克科技,2025-10-21 10:21:09,78.4,9200,78.4,U
sz002409,雅克科技,2025-10-21 10:21:12,78.42,5900,78.4,U
sz002409,雅克科技,2025-10-21 10:21:21,78.49,12000,78.47,U
sz002409,雅克科技,2025-10-21 10:21:24,78.46,6300,78.49,D
sz002409,雅克科技,2025-10-21 10:21:33,78.47,6800,78.54,D
sz002409,雅克科技,2025-10-21 10:21:39,78.48,4300,78.54,D
sz002409,雅克科技,2025-10-21 10:21:42,78.43,6500,78.48,D
sz002409,雅克科技,2025-10-21 10:21:45,78.47,13600,78.43,U
sz002409,雅克科技,2025-10-21 10:21:57,78.43,3000,78.43,U
sz002409,雅克科技,2025-10-21 10:22:00,78.42,4600,78.43,E
sz002409,雅克科技,2025-10-21 10:22:03,78.33,10900,78.42,D
sz002409,雅克科技,2025-10-21 10:22:06,78.38,4500,78.33,U
sz002409,雅克科技,2025-10-21 10:22:09,78.3,3400,78.38,D
sz002409,雅克科技,2025-10-21 10:22:15,78.21,12000,78.35,D
sz002409,雅克科技,2025-10-21 10:22:18,78.21,27000,78.21,E
sz002409,雅克科技,2025-10-21 10:22:33,78.15,11500,78.2,D
sz002409,雅克科技,2025-10-21 10:22:36,78.2,4600,78.15,U
sz002409,雅克科技,2025-10-21 10:22:45,78.13,5900,78.2,D
sz002409,雅克科技,2025-10-21 10:22:48,78.13,2800,78.13,D
sz002409,雅克科技,2025-10-21 10:22:57,78.19,3900,78.15,U
sz002409,雅克科技,2025-10-21 10:23:12,78.18,3500,78.18,U
sz002409,雅克科技,2025-10-21 10:23:15,78.14,2800,78.18,D
sz002409,雅克科技,2025-10-21 10:23:24,78.18,4300,78.18,U
sz002409,雅克科技,2025-10-21 10:23:33,78.15,6400,78.15,D
sz002409,雅克科技,2025-10-21 10:23:39,78.14,7837,78.12,U
sz002409,雅克科技,2025-10-21 10:23:42,78.11,3900,78.14,D
sz002409,雅克科技,2025-10-21 10:23:45,78.11,3800,78.11,D
sz002409,雅克科技,2025-10-21 10:23:54,78.1,7100,78.1,D
sz002409,雅克科技,2025-10-21 10:23:57,78.08,8100,78.1,D
sz002409,雅克科技,2025-10-21 10:24:06,78.02,6900,78.05,D
sz002409,雅克科技,2025-10-21 10:24:09,78.01,11400,78.02,D
sz002409,雅克科技,2025-10-21 10:24:12,78.01,7600,78.01,D
sz002409,雅克科技,2025-10-21 10:24:15,78.01,4000,78.01,D
sz002409,雅克科技,2025-10-21 10:24:18,78.03,14900,78.01,U
sz002409,雅克科技,2025-10-21 10:24:21,78.13,11700,78.03,U
sz002409,雅克科技,2025-10-21 10:24:24,78.18,8300,78.13,U
sz002409,雅克科技,2025-10-21 10:24:51,78.29,4900,78.28,U
sz002409,雅克科技,2025-10-21 10:25:03,78.42,2900,78.3,U
sz002409,雅克科技,2025-10-21 10:25:12,78.5,2700,78.46,U
sz002409,雅克科技,2025-10-21 10:25:21,78.56,10400,78.57,D
sz002409,雅克科技,2025-10-21 10:25:24,78.55,6900,78.56,D
sz002409,雅克科技,2025-10-21 10:25:27,78.51,3400,78.55,D
sz002409,雅克科技,2025-10-21 10:25:30,78.53,4300,78.51,U
sz002409,雅克科技,2025-10-21 10:25:33,78.48,13400,78.53,D
sz002409,雅克科技,2025-10-21 10:25:36,78.53,10100,78.48,U
sz002409,雅克科技,2025-10-21 10:25:39,78.48,2800,78.53,D
sz002409,雅克科技,2025-10-21 10:25:45,78.53,6200,78.48,U
sz002409,雅克科技,2025-10-21 10:25:51,78.53,4800,78.53,U
sz002409,雅克科技,2025-10-21 10:25:54,78.57,3600,78.53,U
sz002409,雅克科技,2025-10-21 10:26:09,78.56,5500,78.59,D
sz002409,雅克科技,2025-10-21 10:26:12,78.56,4700,78.56,D
sz002409,雅克科技,2025-10-21 10:26:39,78.56,8500,78.57,D
sz002409,雅克科技,2025-10-21 10:26:57,78.5,10900,78.52,D
sz002409,雅克科技,2025-10-21 10:27:00,78.52,2700,78.5,U
sz002409,雅克科技,2025-10-21 10:27:06,78.55,3100,78.52,U
sz002409,雅克科技,2025-10-21 10:27:09,78.53,2600,78.55,E
sz002409,雅克科技,2025-10-21 10:27:36,78.55,3900,78.54,U
sz002409,雅克科技,2025-10-21 10:27:45,78.56,3300,78.56,U
sz002409,雅克科技,2025-10-21 10:27:48,78.56,5000,78.56,U
sz002409,雅克科技,2025-10-21 10:28:00,78.62,7700,78.6,U
sz002409,雅克科技,2025-10-21 10:28:03,78.64,3100,78.62,U
sz002409,雅克科技,2025-10-21 10:28:21,78.72,7400,78.77,D
sz002409,雅克科技,2025-10-21 10:28:24,78.72,10400,78.72,U
sz002409,雅克科技,2025-10-21 10:28:27,78.72,3300,78.72,E
sz002409,雅克科技,2025-10-21 10:28:30,78.73,3500,78.72,U
sz002409,雅克科技,2025-10-21 10:28:36,78.72,15400,78.73,D
sz002409,雅克科技,2025-10-21 10:28:42,78.76,3900,78.72,U
sz002409,雅克科技,2025-10-21 10:29:00,78.76,2800,78.78,E
sz002409,雅克科技,2025-10-21 10:29:09,78.76,3300,78.81,D
sz002409,雅克科技,2025-10-21 10:29:12,78.75,9100,78.76,D
sz002409,雅克科技,2025-10-21 10:29:18,78.82,4200,78.77,U
sz002409,雅克科技,2025-10-21 10:29:21,78.83,2900,78.82,U
sz002409,雅克科技,2025-10-21 10:29:24,78.83,5000,78.83,U
sz002409,雅克科技,2025-10-21 10:29:27,78.79,4500,78.83,D
sz002409,雅克科技,2025-10-21 10:29:30,78.83,6800,78.79,U
sz002409,雅克科技,2025-10-21 10:29:33,78.76,2600,78.83,U
sz002409,雅克科技,2025-10-21 10:29:36,78.85,2600,78.76,U
sz002409,雅克科技,2025-10-21 10:29:39,78.79,9700,78.85,U
sz002409,雅克科技,2025-10-21 10:29:45,78.9,4000,78.85,U
sz002409,雅克科技,2025-10-21 10:29:51,78.92,3300,78.91,U
sz002409,雅克科技,2025-10-21 10:30:00,78.88,8600,78.85,U
sz002409,雅克科技,2025-10-21 10:30:03,78.88,3300,78.88,U
sz002409,雅克科技,2025-10-21 10:30:24,78.66,3500,78.66,D
sz002409,雅克科技,2025-10-21 10:30:27,78.67,4700,78.66,U
sz002409,雅克科技,2025-10-21 10:30:30,78.66,8500,78.67,D
sz002409,雅克科技,2025-10-21 10:30:36,78.76,2700,78.74,U
sz002409,雅克科技,2025-10-21 10:30:39,78.75,19200,78.76,D
sz002409,雅克科技,2025-10-21 10:30:42,78.81,3700,78.75,U
sz002409,雅克科技,2025-10-21 10:30:48,78.83,2700,78.76,U
sz002409,雅克科技,2025-10-21 10:31:03,78.72,12300,78.82,D
sz002409,雅克科技,2025-10-21 10:31:06,78.66,5300,78.72,D
sz002409,雅克科技,2025-10-21 10:31:15,78.5,29300,78.65,D
sz002409,雅克科技,2025-10-21 10:31:18,78.71,18300,78.5,U
sz002409,雅克科技,2025-10-21 10:31:24,78.61,5800,78.66,E
sz002409,雅克科技,2025-10-21 10:31:27,78.65,3800,78.61,E
sz002409,雅克科技,2025-10-21 10:31:30,78.48,6100,78.65,D
sz002409,雅克科技,2025-10-21 10:31:33,78.53,4500,78.48,E
sz002409,雅克科技,2025-10-21 10:31:39,78.61,2900,78.55,U
sz002409,雅克科技,2025-10-21 10:31:42,78.65,6500,78.61,U
sz002409,雅克科技,2025-10-21 10:31:48,78.58,4400,78.59,D
sz002409,雅克科技,2025-10-21 10:31:57,78.6,7800,78.57,U
sz002409,雅克科技,2025-10-21 10:32:06,78.67,11200,78.66,U
sz002409,雅克科技,2025-10-21 10:32:09,78.65,3500,78.67,D
sz002409,雅克科技,2025-10-21 10:32:12,78.56,14700,78.65,D
sz002409,雅克科技,2025-10-21 10:32:15,78.65,9600,78.56,U
sz002409,雅克科技,2025-10-21 10:32:18,78.61,12700,78.65,D
sz002409,雅克科技,2025-10-21 10:32:21,78.55,2600,78.61,D
sz002409,雅克科技,2025-10-21 10:32:24,78.61,5100,78.55,U
sz002409,雅克科技,2025-10-21 10:32:27,78.61,9400,78.61,E
sz002409,雅克科技,2025-10-21 10:32:33,78.62,4300,78.64,E
sz002409,雅克科技,2025-10-21 10:32:48,78.71,2700,78.65,U
sz002409,雅克科技,2025-10-21 10:33:24,78.83,3100,78.81,U
sz002409,雅克科技,2025-10-21 10:33:30,78.87,5700,78.86,U
sz002409,雅克科技,2025-10-21 10:33:39,78.88,5200,78.89,D
sz002409,雅克科技,2025-10-21 10:33:45,78.89,8000,78.83,U
sz002409,雅克科技,2025-10-21 10:33:48,78.9,7800,78.89,U
sz002409,雅克科技,2025-10-21 10:34:03,78.71,9400,78.84,D
sz002409,雅克科技,2025-10-21 10:34:06,78.81,12000,78.71,U
sz002409,雅克科技,2025-10-21 10:34:09,78.81,4600,78.81,U
sz002409,雅克科技,2025-10-21 10:34:12,78.65,20400,78.81,D
sz002409,雅克科技,2025-10-21 10:34:18,78.71,4200,78.71,U
sz002409,雅克科技,2025-10-21 10:34:24,78.73,2700,78.71,U
sz002409,雅克科技,2025-10-21 10:34:51,78.76,3100,78.76,D
sz002409,雅克科技,2025-10-21 10:35:21,78.87,4300,78.84,U
sz002409,雅克科技,2025-10-21 10:35:30,78.83,4100,78.83,E
sz002409,雅克科技,2025-10-21 10:35:45,78.85,2600,78.85,U
sz002409,雅克科技,2025-10-21 10:35:48,78.7,20400,78.85,D
sz002409,雅克科技,2025-10-21 10:36:00,78.77,3200,78.76,U
sz002409,雅克科技,2025-10-21 10:36:33,78.88,4200,78.88,U
sz002409,雅克科技,2025-10-21 10:36:36,78.89,4300,78.88,U
sz002409,雅克科技,2025-10-21 10:36:42,78.82,2600,78.89,D
sz002409,雅克科技,2025-10-21 10:36:48,78.89,3500,78.81,U
sz002409,雅克科技,2025-10-21 10:36:51,78.82,5300,78.89,E
sz002409,雅克科技,2025-10-21 10:37:12,78.97,4500,78.95,U
sz002409,雅克科技,2025-10-21 10:37:18,78.98,3000,78.97,U
sz002409,雅克科技,2025-10-21 10:37:24,78.88,13200,78.97,D
sz002409,雅克科技,2025-10-21 10:37:27,78.88,16500,78.88,E
sz002409,雅克科技,2025-10-21 10:37:30,78.88,44000,78.88,U
sz002409,雅克科技,2025-10-21 10:37:42,78.98,6400,78.96,U
sz002409,雅克科技,2025-10-21 10:37:57,79.0,15000,78.99,U
sz002409,雅克科技,2025-10-21 10:38:00,79.0,5900,79.0,U
sz002409,雅克科技,2025-10-21 10:38:12,78.96,8300,79.0,D
sz002409,雅克科技,2025-10-21 10:38:15,79.0,6000,78.96,U
sz002409,雅克科技,2025-10-21 10:38:21,79.02,4000,78.99,U
sz002409,雅克科技,2025-10-21 10:38:24,78.97,6500,79.02,U
sz002409,雅克科技,2025-10-21 10:38:27,78.81,2700,78.97,D
sz002409,雅克科技,2025-10-21 10:38:36,78.81,13300,78.83,D
sz002409,雅克科技,2025-10-21 10:38:42,78.79,2600,78.81,E
sz002409,雅克科技,2025-10-21 10:38:54,78.76,2700,78.7,U
sz002409,雅克科技,2025-10-21 10:39:03,78.81,3200,78.81,U
sz002409,雅克科技,2025-10-21 10:39:09,78.69,3100,78.81,D
sz002409,雅克科技,2025-10-21 10:39:12,78.77,3600,78.69,U
sz002409,雅克科技,2025-10-21 10:39:15,78.77,2600,78.77,U
sz002409,雅克科技,2025-10-21 10:39:24,78.77,2600,78.68,U
sz002409,雅克科技,2025-10-21 10:39:30,78.7,3400,78.7,D
sz002409,雅克科技,2025-10-21 10:40:03,78.96,5100,78.84,U
sz002409,雅克科技,2025-10-21 10:40:09,78.89,3100,78.89,U
sz002409,雅克科技,2025-10-21 10:40:12,78.86,3900,78.89,D
sz002409,雅克科技,2025-10-21 10:40:18,78.94,12600,78.85,U
sz002409,雅克科技,2025-10-21 10:40:21,79.0,3100,78.94,U
sz002409,雅克科技,2025-10-21 10:40:24,79.0,4900,79.0,U
sz002409,雅克科技,2025-10-21 10:40:33,79.01,2900,79.0,U
sz002409,雅克科技,2025-10-21 10:40:48,79.0,7200,79.01,D
sz002409,雅克科技,2025-10-21 10:41:15,79.08,5700,79.09,D
sz002409,雅克科技,2025-10-21 10:41:18,78.99,6200,79.08,D
sz002409,雅克科技,2025-10-21 10:41:33,78.96,3000,78.96,D
sz002409,雅克科技,2025-10-21 10:41:51,78.97,3600,79.02,D
sz002409,雅克科技,2025-10-21 10:41:54,78.99,8100,78.97,E
sz002409,雅克科技,2025-10-21 10:42:06,78.9,5800,78.97,D
sz002409,雅克科技,2025-10-21 10:42:09,78.78,11200,78.9,D
sz002409,雅克科技,2025-10-21 10:42:12,78.7,12900,78.78,D
sz002409,雅克科技,2025-10-21 10:42:15,78.78,4300,78.7,U
sz002409,雅克科技,2025-10-21 10:42:27,78.75,4200,78.81,D
sz002409,雅克科技,2025-10-21 10:42:39,78.73,6600,78.72,U
sz002409,雅克科技,2025-10-21 10:42:42,78.72,2700,78.73,E
sz002409,雅克科技,2025-10-21 10:42:45,78.73,6700,78.72,D
sz002409,雅克科技,2025-10-21 10:43:00,78.61,4000,78.66,D
sz002409,雅克科技,2025-10-21 10:43:03,78.6,2600,78.61,D
sz002409,雅克科技,2025-10-21 10:43:09,78.6,4400,78.55,U
sz002409,雅克科技,2025-10-21 10:43:30,78.64,3400,78.65,D
sz002409,雅克科技,2025-10-21 10:44:00,78.81,3700,78.76,U
sz002409,雅克科技,2025-10-21 10:44:21,78.93,3700,78.98,D
sz002409,雅克科技,2025-10-21 10:44:24,78.94,5600,78.93,U
sz002409,雅克科技,2025-10-21 10:44:27,78.99,2800,78.94,U
sz002409,雅克科技,2025-10-21 10:44:30,78.94,2700,78.99,U
sz002409,雅克科技,2025-10-21 10:44:42,79.0,2800,78.94,U
sz002409,雅克科技,2025-10-21 10:45:06,78.95,3500,78.94,U
sz002409,雅克科技,2025-10-21 10:45:09,78.9,4700,78.95,D
sz002409,雅克科技,2025-10-21 10:45:15,78.83,4300,78.88,E
sz002409,雅克科技,2025-10-21 10:45:30,78.66,5700,78.65,E
sz002409,雅克科技,2025-10-21 10:45:33,78.68,3700,78.66,E
sz002409,雅克科技,2025-10-21 10:45:48,78.74,3200,78.75,E
sz002409,雅克科技,2025-10-21 10:46:00,78.76,5600,78.75,U
sz002409,雅克科技,2025-10-21 10:46:18,78.76,8700,78.75,U
sz002409,雅克科技,2025-10-21 10:47:15,78.75,4500,78.75,U
sz002409,雅克科技,2025-10-21 10:47:18,78.79,3400,78.75,U
sz002409,雅克科技,2025-10-21 10:47:39,78.81,2600,78.81,E
sz002409,雅克科技,2025-10-21 10:47:42,78.75,3000,78.81,E
sz002409,雅克科技,2025-10-21 10:47:54,78.7,9300,78.73,D
sz002409,雅克科技,2025-10-21 10:48:00,78.67,3300,78.66,U
sz002409,雅克科技,2025-10-21 10:48:15,78.67,3700,78.73,D
sz002409,雅克科技,2025-10-21 10:48:21,78.75,12400,78.72,U
sz002409,雅克科技,2025-10-21 10:48:27,78.7,3400,78.73,E
sz002409,雅克科技,2025-10-21 10:48:33,78.85,6000,78.85,U
sz002409,雅克科技,2025-10-21 10:48:42,78.87,3400,78.87,U
sz002409,雅克科技,2025-10-21 10:49:03,78.79,3300,78.91,D
sz002409,雅克科技,2025-10-21 10:49:24,78.77,2800,78.77,U
sz002409,雅克科技,2025-10-21 10:49:30,78.72,3700,78.71,U
sz002409,雅克科技,2025-10-21 10:49:36,78.65,32800,78.71,D
sz002409,雅克科技,2025-10-21 10:49:39,78.66,3800,78.65,U
sz002409,雅克科技,2025-10-21 10:50:12,78.58,3600,78.67,D
sz002409,雅克科技,2025-10-21 10:50:15,78.52,3500,78.58,D
sz002409,雅克科技,2025-10-21 10:50:24,78.62,4100,78.54,U
sz002409,雅克科技,2025-10-21 10:50:42,78.63,2800,78.63,U
sz002409,雅克科技,2025-10-21 10:50:45,78.63,4600,78.63,U
sz002409,雅克科技,2025-10-21 10:51:00,78.69,2600,78.66,U
sz002409,雅克科技,2025-10-21 10:51:06,78.68,5400,78.69,E
sz002409,雅克科技,2025-10-21 10:51:09,78.69,3100,78.68,U
sz002409,雅克科技,2025-10-21 10:51:18,78.6,3000,78.67,D
sz002409,雅克科技,2025-10-21 10:51:27,78.62,3300,78.64,D
sz002409,雅克科技,2025-10-21 10:51:30,78.62,3600,78.62,U
sz002409,雅克科技,2025-10-21 10:51:39,78.59,2800,78.6,D
sz002409,雅克科技,2025-10-21 10:51:48,78.59,4300,78.6,U
sz002409,雅克科技,2025-10-21 10:51:57,78.59,5200,78.56,U
sz002409,雅克科技,2025-10-21 10:52:06,78.54,5500,78.59,D
sz002409,雅克科技,2025-10-21 10:52:12,78.54,10000,78.55,D
sz002409,雅克科技,2025-10-21 10:52:15,78.56,4500,78.54,U
sz002409,雅克科技,2025-10-21 10:52:18,78.6,4300,78.56,U
sz002409,雅克科技,2025-10-21 10:52:21,78.57,4100,78.6,D
sz002409,雅克科技,2025-10-21 10:52:27,78.57,3200,78.58,D
sz002409,雅克科技,2025-10-21 10:52:33,78.57,6400,78.56,U
sz002409,雅克科技,2025-10-21 10:53:06,78.63,2900,78.62,U
sz002409,雅克科技,2025-10-21 10:53:21,78.67,2827,78.7,D
sz002409,雅克科技,2025-10-21 10:53:33,78.68,3073,78.68,U
sz002409,雅克科技,2025-10-21 10:53:36,78.69,3000,78.68,U
sz002409,雅克科技,2025-10-21 10:53:42,78.69,4200,78.73,E
sz002409,雅克科技,2025-10-21 10:53:45,78.83,3100,78.69,U
sz002409,雅克科技,2025-10-21 10:53:51,78.9,6900,78.87,U
sz002409,雅克科技,2025-10-21 10:53:54,78.95,5700,78.9,U
sz002409,雅克科技,2025-10-21 10:54:00,78.95,3100,78.95,E
sz002409,雅克科技,2025-10-21 10:54:03,78.88,6800,78.95,D
sz002409,雅克科技,2025-10-21 10:54:12,78.88,3700,78.86,U
sz002409,雅克科技,2025-10-21 10:54:18,79.04,22000,78.93,U
sz002409,雅克科技,2025-10-21 10:54:33,79.1,5000,79.07,U
sz002409,雅克科技,2025-10-21 10:54:36,79.06,5500,79.1,D
sz002409,雅克科技,2025-10-21 10:54:39,79.05,8700,79.06,D
sz002409,雅克科技,2025-10-21 10:54:48,79.01,4400,79.06,D
sz002409,雅克科技,2025-10-21 10:54:51,79.01,3000,79.01,D
sz002409,雅克科技,2025-10-21 10:54:57,79.0,2700,79.01,U
sz002409,雅克科技,2025-10-21 10:55:03,78.99,10800,78.99,D
sz002409,雅克科技,2025-10-21 10:55:09,78.86,2600,78.85,U
sz002409,雅克科技,2025-10-21 10:55:21,78.81,21900,78.8,E
sz002409,雅克科技,2025-10-21 10:55:33,78.7,2700,78.78,D
sz002409,雅克科技,2025-10-21 10:56:18,78.58,2900,78.59,D
sz002409,雅克科技,2025-10-21 10:56:33,78.56,3700,78.58,D
sz002409,雅克科技,2025-10-21 10:56:54,78.5,19500,78.51,D
sz002409,雅克科技,2025-10-21 10:57:00,78.42,4900,78.51,D
sz002409,雅克科技,2025-10-21 10:57:03,78.42,2600,78.42,D
sz002409,雅克科技,2025-10-21 10:57:42,78.35,2900,78.4,D
sz002409,雅克科技,2025-10-21 10:58:03,78.3,14000,78.34,D
sz002409,雅克科技,2025-10-21 10:58:09,78.31,2900,78.23,U
sz002409,雅克科技,2025-10-21 10:58:36,78.28,3300,78.28,U
sz002409,雅克科技,2025-10-21 10:58:48,78.34,16900,78.27,U
sz002409,雅克科技,2025-10-21 10:59:30,78.24,2900,78.25,D
sz002409,雅克科技,2025-10-21 10:59:33,78.28,5600,78.24,U
sz002409,雅克科技,2025-10-21 10:59:36,78.29,5500,78.28,U
sz002409,雅克科技,2025-10-21 10:59:48,78.1,41900,78.34,D
sz002409,雅克科技,2025-10-21 10:59:54,78.1,42100,78.33,D
sz002409,雅克科技,2025-10-21 11:00:09,78.34,3000,78.24,U
sz002409,雅克科技,2025-10-21 11:00:33,78.37,2900,78.37,U
sz002409,雅克科技,2025-10-21 11:00:36,78.34,3500,78.37,D
sz002409,雅克科技,2025-10-21 11:00:39,78.33,2800,78.34,D
sz002409,雅克科技,2025-10-21 11:00:48,78.25,2900,78.3,D
sz002409,雅克科技,2025-10-21 11:01:00,78.32,8900,78.22,U
sz002409,雅克科技,2025-10-21 11:01:21,78.32,5100,78.3,U
sz002409,雅克科技,2025-10-21 11:01:36,78.36,32900,78.3,U
sz002409,雅克科技,2025-10-21 11:01:39,78.4,4600,78.36,U
sz002409,雅克科技,2025-10-21 11:01:48,78.5,2600,78.49,U
sz002409,雅克科技,2025-10-21 11:02:27,78.46,3000,78.47,E
sz002409,雅克科技,2025-10-21 11:02:33,78.46,30400,78.4,U
sz002409,雅克科技,2025-10-21 11:02:45,78.41,3500,78.37,E
sz002409,雅克科技,2025-10-21 11:03:09,78.45,11900,78.49,D
sz002409,雅克科技,2025-10-21 11:04:03,78.66,4700,78.66,E
sz002409,雅克科技,2025-10-21 11:04:18,78.77,5400,78.79,E
sz002409,雅克科技,2025-10-21 11:04:24,78.79,3300,78.72,U
sz002409,雅克科技,2025-10-21 11:04:45,78.71,4200,78.78,D
sz002409,雅克科技,2025-10-21 11:05:39,78.59,2700,78.61,D
sz002409,雅克科技,2025-10-21 11:05:48,78.67,5600,78.58,U
sz002409,雅克科技,2025-10-21 11:06:09,78.58,3500,78.66,D
sz002409,雅克科技,2025-10-21 11:06:36,78.51,7600,78.54,D
sz002409,雅克科技,2025-10-21 11:06:42,78.41,2700,78.51,D
sz002409,雅克科技,2025-10-21 11:08:06,78.38,4600,78.48,D
sz002409,雅克科技,2025-10-21 11:08:15,78.36,3600,78.32,U
sz002409,雅克科技,2025-10-21 11:08:21,78.25,10200,78.35,D
sz002409,雅克科技,2025-10-21 11:08:27,78.25,16800,78.26,D
sz002409,雅克科技,2025-10-21 11:08:39,78.26,4400,78.25,U
sz002409,雅克科技,2025-10-21 11:09:39,78.26,3500,78.29,D
sz002409,雅克科技,2025-10-21 11:10:30,78.32,3700,78.31,U
sz002409,雅克科技,2025-10-21 11:10:33,78.3,3300,78.32,D
sz002409,雅克科技,2025-10-21 11:11:33,78.32,6100,78.31,U
sz002409,雅克科技,2025-10-21 11:12:03,78.34,3000,78.4,D
sz002409,雅克科技,2025-10-21 11:12:57,78.35,2600,78.36,D
sz002409,雅克科技,2025-10-21 11:13:15,78.25,16600,78.31,D
sz002409,雅克科技,2025-10-21 11:13:27,78.25,5800,78.25,D
sz002409,雅克科技,2025-10-21 11:13:33,78.25,2700,78.25,D
sz002409,雅克科技,2025-10-21 11:13:39,78.26,3300,78.26,U
sz002409,雅克科技,2025-10-21 11:13:42,78.27,12600,78.26,U
sz002409,雅克科技,2025-10-21 11:13:48,78.26,2600,78.28,D
sz002409,雅克科技,2025-10-21 11:14:12,78.32,6600,78.31,U
sz002409,雅克科技,2025-10-21 11:14:54,78.32,7000,78.36,D
sz002409,雅克科技,2025-10-21 11:15:06,78.27,8300,78.33,D
sz002409,雅克科技,2025-10-21 11:15:12,78.33,4500,78.31,U
sz002409,雅克科技,2025-10-21 11:15:15,78.33,5800,78.33,D
sz002409,雅克科技,2025-10-21 11:16:27,78.38,57600,78.31,U
sz002409,雅克科技,2025-10-21 11:17:00,78.37,5200,78.37,U
sz002409,雅克科技,2025-10-21 11:17:09,78.35,3000,78.37,D
sz002409,雅克科技,2025-10-21 11:17:27,78.33,4700,78.34,D
sz002409,雅克科技,2025-10-21 11:17:33,78.33,4200,78.33,D
sz002409,雅克科技,2025-10-21 11:17:42,78.32,3700,78.33,D
sz002409,雅克科技,2025-10-21 11:17:45,78.32,4100,78.32,U
sz002409,雅克科技,2025-10-21 11:17:57,78.28,2800,78.3,D
sz002409,雅克科技,2025-10-21 11:18:00,78.23,11500,78.28,D
sz002409,雅克科技,2025-10-21 11:18:03,78.18,8500,78.23,D
sz002409,雅克科技,2025-10-21 11:18:06,78.15,3500,78.18,D
sz002409,雅克科技,2025-10-21 11:18:15,78.1,3900,78.11,D
sz002409,雅克科技,2025-10-21 11:18:33,78.08,3200,78.08,U
sz002409,雅克科技,2025-10-21 11:18:36,78.07,4000,78.08,D
sz002409,雅克科技,2025-10-21 11:18:42,78.08,6200,78.07,U
sz002409,雅克科技,2025-10-21 11:18:54,78.06,3200,78.07,D
sz002409,雅克科技,2025-10-21 11:19:00,78.05,3900,78.05,D
sz002409,雅克科技,2025-10-21 11:19:12,78.05,4900,78.04,U
sz002409,雅克科技,2025-10-21 11:19:15,78.07,10200,78.05,U
sz002409,雅克科技,2025-10-21 11:19:18,78.13,6700,78.07,U
sz002409,雅克科技,2025-10-21 11:19:24,78.06,5100,78.15,D
sz002409,雅克科技,2025-10-21 11:19:30,78.1,3200,78.08,D
sz002409,雅克科技,2025-10-21 11:20:27,78.18,11800,78.15,U
sz002409,雅克科技,2025-10-21 11:20:36,78.16,4300,78.2,D
sz002409,雅克科技,2025-10-21 11:20:45,78.26,6000,78.2,E
sz002409,雅克科技,2025-10-21 11:20:51,78.16,4300,78.21,D
sz002409,雅克科技,2025-10-21 11:21:12,78.19,5700,78.16,U
sz002409,雅克科技,2025-10-21 11:21:18,78.17,3400,78.14,U
sz002409,雅克科技,2025-10-21 11:21:21,78.14,9400,78.17,D
sz002409,雅克科技,2025-10-21 11:21:42,78.28,3100,78.28,U
sz002409,雅克科技,2025-10-21 11:21:51,78.29,15200,78.27,U
sz002409,雅克科技,2025-10-21 11:21:57,78.36,5300,78.36,U
sz002409,雅克科技,2025-10-21 11:22:33,78.28,3100,78.28,U
sz002409,雅克科技,2025-10-21 11:22:36,78.32,5700,78.28,U
sz002409,雅克科技,2025-10-21 11:22:51,78.32,4800,78.31,U
sz002409,雅克科技,2025-10-21 11:23:09,78.32,4400,78.34,D
sz002409,雅克科技,2025-10-21 11:23:15,78.4,4600,78.32,U
sz002409,雅克科技,2025-10-21 11:23:18,78.43,7700,78.4,U
sz002409,雅克科技,2025-10-21 11:24:12,78.34,14200,78.43,D
sz002409,雅克科技,2025-10-21 11:24:18,78.4,5600,78.36,U
sz002409,雅克科技,2025-10-21 11:24:30,78.4,5700,78.4,U
sz002409,雅克科技,2025-10-21 11:25:03,78.44,4300,78.5,D
sz002409,雅克科技,2025-10-21 11:25:39,78.4,8200,78.4,D
sz002409,雅克科技,2025-10-21 11:25:48,78.44,4800,78.4,U
sz002409,雅克科技,2025-10-21 11:26:27,78.51,4100,78.51,U
sz002409,雅克科技,2025-10-21 11:26:39,78.5,19200,78.51,D
sz002409,雅克科技,2025-10-21 11:26:57,78.45,22200,78.47,D
sz002409,雅克科技,2025-10-21 11:27:00,78.42,2700,78.45,D
sz002409,雅克科技,2025-10-21 11:27:03,78.35,43800,78.42,D
sz002409,雅克科技,2025-10-21 11:27:12,78.31,5800,78.31,D
sz002409,雅克科技,2025-10-21 11:27:30,78.4,3800,78.32,U
sz002409,雅克科技,2025-10-21 11:27:33,78.31,20000,78.4,D
sz002409,雅克科技,2025-10-21 11:28:06,78.22,10400,78.35,D
sz002409,雅克科技,2025-10-21 11:28:18,78.2,3100,78.21,D
sz002409,雅克科技,2025-10-21 11:28:27,78.2,4300,78.25,D
sz002409,雅克科技,2025-10-21 11:28:36,78.2,19200,78.22,D
sz002409,雅克科技,2025-10-21 11:29:30,78.18,5100,78.2,D
sz002409,雅克科技,2025-10-21 11:29:36,78.16,2900,78.18,D
sz002409,雅克科技,2025-10-21 13:00:00,78.15,16000,78.14,U
sz002409,雅克科技,2025-10-21 13:00:03,78.5,26500,78.15,U
sz002409,雅克科技,2025-10-21 13:00:06,78.14,47300,78.5,D
sz002409,雅克科技,2025-10-21 13:00:09,78.01,84000,78.14,D
sz002409,雅克科技,2025-10-21 13:00:12,77.97,99000,78.01,D
sz002409,雅克科技,2025-10-21 13:00:15,77.93,4500,77.97,D
sz002409,雅克科技,2025-10-21 13:00:18,77.91,5500,77.93,D
sz002409,雅克科技,2025-10-21 13:00:21,77.86,7000,77.91,D
sz002409,雅克科技,2025-10-21 13:00:27,77.82,2600,77.87,D
sz002409,雅克科技,2025-10-21 13:00:33,77.91,3800,77.89,U
sz002409,雅克科技,2025-10-21 13:00:42,77.95,8700,77.95,U
sz002409,雅克科技,2025-10-21 13:01:06,77.97,22000,77.94,U
sz002409,雅克科技,2025-10-21 13:01:09,78.13,6600,77.97,U
sz002409,雅克科技,2025-10-21 13:01:24,78.24,5900,78.13,U
sz002409,雅克科技,2025-10-21 13:01:45,78.14,5200,78.14,D
sz002409,雅克科技,2025-10-21 13:01:48,78.26,7400,78.14,U
sz002409,雅克科技,2025-10-21 13:02:00,78.2,5200,78.2,D
sz002409,雅克科技,2025-10-21 13:02:03,78.2,2900,78.2,E
sz002409,雅克科技,2025-10-21 13:02:18,77.88,16700,77.97,D
sz002409,雅克科技,2025-10-21 13:02:27,77.95,3400,77.92,U
sz002409,雅克科技,2025-10-21 13:02:30,77.95,2900,77.95,D
sz002409,雅克科技,2025-10-21 13:02:33,77.98,2800,77.95,U
sz002409,雅克科技,2025-10-21 13:02:39,77.99,10400,78.0,D
sz002409,雅克科技,2025-10-21 13:03:03,77.89,8800,78.01,D
sz002409,雅克科技,2025-10-21 13:03:27,77.91,3000,77.98,D
sz002409,雅克科技,2025-10-21 13:03:39,77.98,4300,77.98,U
sz002409,雅克科技,2025-10-21 13:04:00,78.0,18500,77.95,U
sz002409,雅克科技,2025-10-21 13:04:06,78.07,8700,78.05,U
sz002409,雅克科技,2025-10-21 13:04:51,77.94,11100,78.06,D
sz002409,雅克科技,2025-10-21 13:05:12,77.94,3000,78.0,D
sz002409,雅克科技,2025-10-21 13:05:21,78.0,3600,78.0,U
sz002409,雅克科技,2025-10-21 13:05:27,77.94,5000,78.0,D
sz002409,雅克科技,2025-10-21 13:05:36,77.87,12600,77.92,D
sz002409,雅克科技,2025-10-21 13:05:48,77.83,7900,77.85,D
sz002409,雅克科技,2025-10-21 13:06:12,77.81,4700,77.82,D
sz002409,雅克科技,2025-10-21 13:06:30,77.82,3500,77.82,U
sz002409,雅克科技,2025-10-21 13:06:33,77.8,3200,77.82,D
sz002409,雅克科技,2025-10-21 13:06:36,77.75,36000,77.8,D
sz002409,雅克科技,2025-10-21 13:06:48,77.72,15000,77.71,D
sz002409,雅克科技,2025-10-21 13:06:51,77.79,3600,77.72,U
sz002409,雅克科技,2025-10-21 13:06:57,77.71,11900,77.73,D
sz002409,雅克科技,2025-10-21 13:07:03,77.73,2700,77.75,D
sz002409,雅克科技,2025-10-21 13:07:15,77.8,15100,77.8,U
sz002409,雅克科技,2025-10-21 13:07:18,77.83,10100,77.8,U
sz002409,雅克科技,2025-10-21 13:07:24,77.83,16500,77.82,U
sz002409,雅克科技,2025-10-21 13:07:27,77.89,3100,77.83,U
sz002409,雅克科技,2025-10-21 13:07:36,77.9,9400,77.96,D
sz002409,雅克科技,2025-10-21 13:08:12,77.92,6200,77.96,D
sz002409,雅克科技,2025-10-21 13:08:15,77.91,6400,77.92,D
sz002409,雅克科技,2025-10-21 13:08:24,77.85,5800,77.88,D
sz002409,雅克科技,2025-10-21 13:08:27,77.88,3400,77.85,U
sz002409,雅克科技,2025-10-21 13:08:30,77.82,3100,77.88,D
sz002409,雅克科技,2025-10-21 13:08:39,77.83,7800,77.83,U
sz002409,雅克科技,2025-10-21 13:09:09,77.89,3300,77.88,U
sz002409,雅克科技,2025-10-21 13:09:33,77.96,3300,77.99,D
sz002409,雅克科技,2025-10-21 13:09:51,77.99,3300,77.99,D
sz002409,雅克科技,2025-10-21 13:09:57,78.03,3500,77.99,U
sz002409,雅克科技,2025-10-21 13:10:18,78.0,4800,78.05,D
sz002409,雅克科技,2025-10-21 13:10:21,78.02,8600,78.0,U
sz002409,雅克科技,2025-10-21 13:10:27,78.04,4500,78.02,U
sz002409,雅克科技,2025-10-21 13:10:33,78.04,3500,78.04,U
sz002409,雅克科技,2025-10-21 13:10:36,78.03,4000,78.04,D
sz002409,雅克科技,2025-10-21 13:11:00,78.05,4800,78.05,D
sz002409,雅克科技,2025-10-21 13:11:09,78.0,4800,78.04,D
sz002409,雅克科技,2025-10-21 13:11:12,77.83,13600,78.0,D
sz002409,雅克科技,2025-10-21 13:11:24,77.85,3400,77.9,E
sz002409,雅克科技,2025-10-21 13:11:45,77.88,9300,77.9,D
sz002409,雅克科技,2025-10-21 13:11:57,77.89,11000,77.89,D
sz002409,雅克科技,2025-10-21 13:12:45,77.91,3200,77.96,D
sz002409,雅克科技,2025-10-21 13:12:48,77.91,3100,77.91,D
sz002409,雅克科技,2025-10-21 13:13:06,77.91,12300,77.93,D
sz002409,雅克科技,2025-10-21 13:13:24,77.9,4700,77.86,U
sz002409,雅克科技,2025-10-21 13:13:27,77.85,2700,77.9,D
sz002409,雅克科技,2025-10-21 13:13:42,77.92,15800,77.91,U
sz002409,雅克科技,2025-10-21 13:13:48,77.9,5800,77.93,E
sz002409,雅克科技,2025-10-21 13:14:27,77.96,3000,77.96,U
sz002409,雅克科技,2025-10-21 13:14:45,78.0,5300,77.99,U
sz002409,雅克科技,2025-10-21 13:15:00,77.96,19600,77.97,D
sz002409,雅克科技,2025-10-21 13:15:03,77.96,2600,77.96,U
sz002409,雅克科技,2025-10-21 13:15:18,77.99,2600,77.96,E
sz002409,雅克科技,2025-10-21 13:15:21,78.01,4900,77.99,U
sz002409,雅克科技,2025-10-21 13:16:00,78.07,9800,78.12,D
sz002409,雅克科技,2025-10-21 13:16:03,78.04,3700,78.07,D
sz002409,雅克科技,2025-10-21 13:16:06,78.04,2600,78.04,U
sz002409,雅克科技,2025-10-21 13:16:09,78.04,17200,78.04,E
sz002409,雅克科技,2025-10-21 13:16:12,78.04,2600,78.04,D
sz002409,雅克科技,2025-10-21 13:16:15,78.14,5500,78.04,E
sz002409,雅克科技,2025-10-21 13:16:21,78.18,2800,78.14,E
sz002409,雅克科技,2025-10-21 13:16:42,78.3,5300,78.31,D
sz002409,雅克科技,2025-10-21 13:16:45,78.31,4700,78.3,U
sz002409,雅克科技,2025-10-21 13:16:48,78.31,4300,78.31,D
sz002409,雅克科技,2025-10-21 13:17:45,78.23,5800,78.2,U
sz002409,雅克科技,2025-10-21 13:17:57,78.25,12000,78.26,D
sz002409,雅克科技,2025-10-21 13:18:39,78.23,3000,78.25,D
sz002409,雅克科技,2025-10-21 13:18:54,78.24,4500,78.25,D
sz002409,雅克科技,2025-10-21 13:19:36,78.18,12200,78.26,D
sz002409,雅克科技,2025-10-21 13:19:39,78.19,6400,78.18,U
sz002409,雅克科技,2025-10-21 13:20:03,78.03,3700,78.05,D
sz002409,雅克科技,2025-10-21 13:20:09,78.03,2800,78.07,D
sz002409,雅克科技,2025-10-21 13:20:12,78.03,6600,78.03,E
sz002409,雅克科技,2025-10-21 13:20:30,78.03,8100,78.02,U
sz002409,雅克科技,2025-10-21 13:20:39,78.03,2900,78.02,U
sz002409,雅克科技,2025-10-21 13:20:54,78.06,10500,78.03,U
sz002409,雅克科技,2025-10-21 13:21:24,78.06,4900,78.07,D
sz002409,雅克科技,2025-10-21 13:21:27,78.03,5000,78.06,D
sz002409,雅克科技,2025-10-21 13:21:30,78.01,2700,78.03,D
sz002409,雅克科技,2025-10-21 13:21:39,77.99,26600,78.02,D
sz002409,雅克科技,2025-10-21 13:22:06,78.06,12000,78.06,E
sz002409,雅克科技,2025-10-21 13:22:30,77.99,10200,78.04,D
sz002409,雅克科技,2025-10-21 13:22:36,77.95,19700,77.99,D
sz002409,雅克科技,2025-10-21 13:22:54,77.88,10300,77.93,D
sz002409,雅克科技,2025-10-21 13:23:06,77.88,3600,77.88,U
sz002409,雅克科技,2025-10-21 13:23:15,77.88,7200,77.88,D
sz002409,雅克科技,2025-10-21 13:23:24,77.89,5700,77.87,U
sz002409,雅克科技,2025-10-21 13:23:33,77.93,3100,77.91,U
sz002409,雅克科技,2025-10-21 13:23:39,77.95,3300,77.91,U
sz002409,雅克科技,2025-10-21 13:24:18,77.95,4200,77.95,D
sz002409,雅克科技,2025-10-21 13:24:21,77.95,7900,77.95,D
sz002409,雅克科技,2025-10-21 13:24:24,77.94,23800,77.95,D
sz002409,雅克科技,2025-10-21 13:24:33,77.85,25900,77.96,D
sz002409,雅克科技,2025-10-21 13:24:36,77.77,27800,77.85,D
sz002409,雅克科技,2025-10-21 13:24:42,77.76,4300,77.77,D
sz002409,雅克科技,2025-10-21 13:24:54,77.78,11000,77.76,E
sz002409,雅克科技,2025-10-21 13:25:09,77.79,3900,77.79,D
sz002409,雅克科技,2025-10-21 13:25:51,77.8,11800,77.81,D
sz002409,雅克科技,2025-10-21 13:25:57,77.83,3500,77.81,U
sz002409,雅克科技,2025-10-21 13:26:00,77.81,6900,77.83,D
sz002409,雅克科技,2025-10-21 13:26:15,77.8,3800,77.81,D
sz002409,雅克科技,2025-10-21 13:26:36,77.78,3400,77.77,U
sz002409,雅克科技,2025-10-21 13:26:45,77.76,4100,77.77,D
sz002409,雅克科技,2025-10-21 13:27:09,77.75,9700,77.75,U
sz002409,雅克科技,2025-10-21 13:27:24,77.79,3500,77.77,U
sz002409,雅克科技,2025-10-21 13:27:54,77.8,3700,77.78,U
sz002409,雅克科技,2025-10-21 13:28:03,77.77,4400,77.78,D
sz002409,雅克科技,2025-10-21 13:28:06,77.68,52300,77.77,D
sz002409,雅克科技,2025-10-21 13:28:24,77.67,6600,77.68,D
sz002409,雅克科技,2025-10-21 13:28:54,77.74,5700,77.73,U
sz002409,雅克科技,2025-10-21 13:29:00,77.74,6200,77.68,U
sz002409,雅克科技,2025-10-21 13:29:06,77.76,15900,77.73,U
sz002409,雅克科技,2025-10-21 13:29:24,77.74,3600,77.7,U
sz002409,雅克科技,2025-10-21 13:29:30,77.68,3200,77.7,D
sz002409,雅克科技,2025-10-21 13:29:33,77.67,5900,77.68,D
sz002409,雅克科技,2025-10-21 13:30:09,77.69,3200,77.68,U
sz002409,雅克科技,2025-10-21 13:30:12,77.68,8200,77.69,D
sz002409,雅克科技,2025-10-21 13:30:24,77.68,5200,77.68,D
sz002409,雅克科技,2025-10-21 13:30:30,77.68,8400,77.68,U
sz002409,雅克科技,2025-10-21 13:31:27,77.9,8800,77.81,U
sz002409,雅克科技,2025-10-21 13:31:33,77.81,3200,77.83,D
sz002409,雅克科技,2025-10-21 13:31:36,77.78,9700,77.81,D
sz002409,雅克科技,2025-10-21 13:31:39,77.81,3900,77.78,U
sz002409,雅克科技,2025-10-21 13:31:54,77.86,3100,77.81,U
sz002409,雅克科技,2025-10-21 13:32:00,77.8,2600,77.87,D
sz002409,雅克科技,2025-10-21 13:32:51,77.82,11000,77.88,D
sz002409,雅克科技,2025-10-21 13:33:18,77.88,7900,77.88,U
sz002409,雅克科技,2025-10-21 13:33:30,77.84,2800,77.88,D
sz002409,雅克科技,2025-10-21 13:33:51,77.79,16000,77.82,D
sz002409,雅克科技,2025-10-21 13:33:54,77.79,14100,77.79,U
sz002409,雅克科技,2025-10-21 13:34:00,77.8,6300,77.8,D
sz002409,雅克科技,2025-10-21 13:34:06,77.8,2800,77.8,D
sz002409,雅克科技,2025-10-21 13:34:09,77.8,3000,77.8,D
sz002409,雅克科技,2025-10-21 13:34:24,77.79,18000,77.82,D
sz002409,雅克科技,2025-10-21 13:34:27,77.8,3800,77.79,U
sz002409,雅克科技,2025-10-21 13:35:00,77.72,3500,77.77,D
sz002409,雅克科技,2025-10-21 13:35:03,77.69,9900,77.72,D
sz002409,雅克科技,2025-10-21 13:35:06,77.67,5700,77.69,D
sz002409,雅克科技,2025-10-21 13:35:09,77.6,41300,77.67,D
sz002409,雅克科技,2025-10-21 13:35:12,77.63,3200,77.6,U
sz002409,雅克科技,2025-10-21 13:35:15,77.6,2900,77.63,D
sz002409,雅克科技,2025-10-21 13:35:27,77.61,5600,77.6,D
sz002409,雅克科技,2025-10-21 13:35:33,77.6,3700,77.61,D
sz002409,雅克科技,2025-10-21 13:35:36,77.6,4500,77.6,D
sz002409,雅克科技,2025-10-21 13:35:39,77.6,3000,77.6,D
sz002409,雅克科技,2025-10-21 13:35:42,77.63,5500,77.6,U
sz002409,雅克科技,2025-10-21 13:35:45,77.62,8200,77.63,D
sz002409,雅克科技,2025-10-21 13:35:48,77.62,3000,77.62,D
sz002409,雅克科技,2025-10-21 13:36:09,77.62,7300,77.63,D
sz002409,雅克科技,2025-10-21 13:36:27,77.65,4100,77.65,D
sz002409,雅克科技,2025-10-21 13:36:30,77.64,4100,77.65,D
sz002409,雅克科技,2025-10-21 13:36:36,77.63,2600,77.62,D
sz002409,雅克科技,2025-10-21 13:36:42,77.62,5100,77.63,D
sz002409,雅克科技,2025-10-21 13:36:45,77.61,6200,77.62,D
sz002409,雅克科技,2025-10-21 13:36:51,77.62,4600,77.62,U
sz002409,雅克科技,2025-10-21 13:36:54,77.6,9400,77.62,D
sz002409,雅克科技,2025-10-21 13:36:57,77.61,3200,77.6,U
sz002409,雅克科技,2025-10-21 13:37:00,77.6,5400,77.61,D
sz002409,雅克科技,2025-10-21 13:37:09,77.61,10700,77.6,U
sz002409,雅克科技,2025-10-21 13:37:15,77.6,9900,77.6,D
sz002409,雅克科技,2025-10-21 13:37:18,77.6,6400,77.6,D
sz002409,雅克科技,2025-10-21 13:38:00,77.53,15100,77.52,E
sz002409,雅克科技,2025-10-21 13:38:06,77.48,142100,77.5,D
sz002409,雅克科技,2025-10-21 13:38:12,77.3,100700,77.46,D
sz002409,雅克科技,2025-10-21 13:38:15,77.37,7900,77.3,D
sz002409,雅克科技,2025-10-21 13:38:18,77.48,8500,77.37,U
sz002409,雅克科技,2025-10-21 13:38:24,77.44,2700,77.41,E
sz002409,雅克科技,2025-10-21 13:38:30,77.41,3200,77.41,D
sz002409,雅克科技,2025-10-21 13:38:36,77.43,2700,77.43,D
sz002409,雅克科技,2025-10-21 13:38:42,77.44,4400,77.43,E
sz002409,雅克科技,2025-10-21 13:38:57,77.49,2900,77.5,U
sz002409,雅克科技,2025-10-21 13:39:06,77.41,3300,77.42,D
sz002409,雅克科技,2025-10-21 13:39:09,77.44,3800,77.41,U
sz002409,雅克科技,2025-10-21 13:39:15,77.46,13800,77.41,U
sz002409,雅克科技,2025-10-21 13:39:24,77.44,3200,77.5,D
sz002409,雅克科技,2025-10-21 13:39:27,77.4,7600,77.44,D
sz002409,雅克科技,2025-10-21 13:39:48,77.48,4400,77.49,D
sz002409,雅克科技,2025-10-21 13:39:54,77.5,13700,77.5,U
sz002409,雅克科技,2025-10-21 13:40:09,77.48,2700,77.5,D
sz002409,雅克科技,2025-10-21 13:40:48,77.44,9100,77.44,D
sz002409,雅克科技,2025-10-21 13:40:57,77.5,12100,77.45,U
sz002409,雅克科技,2025-10-21 13:41:39,77.46,3000,77.46,U
sz002409,雅克科技,2025-10-21 13:42:42,77.42,5100,77.42,D
sz002409,雅克科技,2025-10-21 13:43:06,77.4,5200,77.4,D
sz002409,雅克科技,2025-10-21 13:43:12,77.4,3300,77.4,U
sz002409,雅克科技,2025-10-21 13:43:15,77.4,6000,77.4,E
sz002409,雅克科技,2025-10-21 13:43:21,77.4,3400,77.39,E
sz002409,雅克科技,2025-10-21 13:43:45,77.39,2900,77.37,U
sz002409,雅克科技,2025-10-21 13:44:00,77.39,3000,77.38,U
sz002409,雅克科技,2025-10-21 13:44:09,77.39,12100,77.38,U
sz002409,雅克科技,2025-10-21 13:44:27,77.4,4400,77.39,U
sz002409,雅克科技,2025-10-21 13:44:30,77.39,3900,77.4,D
sz002409,雅克科技,2025-10-21 13:44:36,77.41,5900,77.38,U
sz002409,雅克科技,2025-10-21 13:44:54,77.43,2700,77.43,U
sz002409,雅克科技,2025-10-21 13:44:57,77.45,11700,77.43,U
sz002409,雅克科技,2025-10-21 13:45:03,77.45,9900,77.44,U
sz002409,雅克科技,2025-10-21 13:45:12,77.45,4400,77.45,U
sz002409,雅克科技,2025-10-21 13:45:18,77.43,3900,77.45,D
sz002409,雅克科技,2025-10-21 13:45:24,77.46,4700,77.46,D
sz002409,雅克科技,2025-10-21 13:45:27,77.47,7300,77.46,U
sz002409,雅克科技,2025-10-21 13:46:03,77.45,4400,77.45,U
sz002409,雅克科技,2025-10-21 13:46:30,77.44,2800,77.42,U
sz002409,雅克科技,2025-10-21 13:47:24,77.45,9600,77.47,D
sz002409,雅克科技,2025-10-21 13:47:33,77.44,4000,77.47,D
sz002409,雅克科技,2025-10-21 13:47:36,77.39,10200,77.44,D
sz002409,雅克科技,2025-10-21 13:47:39,77.35,6500,77.39,D
sz002409,雅克科技,2025-10-21 13:47:45,77.33,6900,77.35,D
sz002409,雅克科技,2025-10-21 13:48:09,77.33,6100,77.33,D
sz002409,雅克科技,2025-10-21 13:48:15,77.34,5200,77.33,U
sz002409,雅克科技,2025-10-21 13:48:51,77.32,2600,77.32,U
sz002409,雅克科技,2025-10-21 13:49:00,77.28,7185,77.3,D
sz002409,雅克科技,2025-10-21 13:49:12,77.26,12600,77.29,D
sz002409,雅克科技,2025-10-21 13:49:15,77.25,3300,77.26,D
sz002409,雅克科技,2025-10-21 13:49:18,77.25,3500,77.25,U
sz002409,雅克科技,2025-10-21 13:49:33,77.24,7700,77.24,D
sz002409,雅克科技,2025-10-21 13:49:54,77.24,4700,77.27,D
sz002409,雅克科技,2025-10-21 13:50:15,77.2,6200,77.21,D
sz002409,雅克科技,2025-10-21 13:50:18,77.19,13000,77.2,D
sz002409,雅克科技,2025-10-21 13:50:21,77.17,10300,77.19,D
sz002409,雅克科技,2025-10-21 13:50:24,77.13,3000,77.17,D
sz002409,雅克科技,2025-10-21 13:50:27,77.1,6000,77.13,D
sz002409,雅克科技,2025-10-21 13:50:30,77.07,2900,77.1,D
sz002409,雅克科技,2025-10-21 13:50:33,77.08,5500,77.07,D
sz002409,雅克科技,2025-10-21 13:50:36,77.08,10600,77.08,D
sz002409,雅克科技,2025-10-21 13:50:39,77.02,17200,77.08,D
sz002409,雅克科技,2025-10-21 13:50:48,77.05,4900,77.08,D
sz002409,雅克科技,2025-10-21 13:50:54,77.12,9400,77.05,U
sz002409,雅克科技,2025-10-21 13:50:57,77.05,4300,77.12,D
sz002409,雅克科技,2025-10-21 13:51:09,77.1,3600,77.05,U
sz002409,雅克科技,2025-10-21 13:51:18,77.09,2800,77.09,U
sz002409,雅克科技,2025-10-21 13:51:33,77.08,3400,77.05,U
sz002409,雅克科技,2025-10-21 13:51:36,77.08,7300,77.08,U
sz002409,雅克科技,2025-10-21 13:51:42,77.06,3400,77.01,D
sz002409,雅克科技,2025-10-21 13:51:45,77.08,5700,77.06,U
sz002409,雅克科技,2025-10-21 13:51:48,77.07,2800,77.08,D
sz002409,雅克科技,2025-10-21 13:52:03,77.05,4900,77.06,D
sz002409,雅克科技,2025-10-21 13:52:06,77.09,5200,77.05,U
sz002409,雅克科技,2025-10-21 13:52:09,77.11,3300,77.09,U
sz002409,雅克科技,2025-10-21 13:52:12,77.04,3200,77.11,D
sz002409,雅克科技,2025-10-21 13:52:21,77.14,3300,77.09,U
sz002409,雅克科技,2025-10-21 13:52:36,77.18,7900,77.11,U
sz002409,雅克科技,2025-10-21 13:53:21,77.24,4700,77.24,D
sz002409,雅克科技,2025-10-21 13:53:30,77.27,5800,77.24,U
sz002409,雅克科技,2025-10-21 13:54:21,77.25,3600,77.27,D
sz002409,雅克科技,2025-10-21 13:54:24,77.25,3500,77.25,U
sz002409,雅克科技,2025-10-21 13:54:27,77.24,3800,77.25,D
sz002409,雅克科技,2025-10-21 13:54:30,77.21,8000,77.24,D
sz002409,雅克科技,2025-10-21 13:54:39,77.19,8000,77.22,D
sz002409,雅克科技,2025-10-21 13:55:03,77.18,4400,77.14,U
sz002409,雅克科技,2025-10-21 13:55:06,77.2,10800,77.18,U
sz002409,雅克科技,2025-10-21 13:55:09,77.23,5700,77.2,U
sz002409,雅克科技,2025-10-21 13:55:12,77.2,3400,77.23,D
sz002409,雅克科技,2025-10-21 13:55:21,77.23,4700,77.23,U
sz002409,雅克科技,2025-10-21 13:55:30,77.23,4500,77.25,D
sz002409,雅克科技,2025-10-21 13:56:06,77.23,8900,77.23,D
sz002409,雅克科技,2025-10-21 13:56:24,77.17,5000,77.2,D
sz002409,雅克科技,2025-10-21 13:57:45,77.22,4300,77.19,U
sz002409,雅克科技,2025-10-21 13:59:27,77.27,2600,77.25,U
sz002409,雅克科技,2025-10-21 14:00:27,77.29,10200,77.29,U
sz002409,雅克科技,2025-10-21 14:00:57,77.41,4300,77.41,E
sz002409,雅克科技,2025-10-21 14:01:00,77.41,3600,77.41,U
sz002409,雅克科技,2025-10-21 14:01:03,77.41,2600,77.41,D
sz002409,雅克科技,2025-10-21 14:01:09,77.26,9400,77.41,D
sz002409,雅克科技,2025-10-21 14:01:12,77.42,3000,77.26,U
sz002409,雅克科技,2025-10-21 14:01:18,77.39,6100,77.39,U
sz002409,雅克科技,2025-10-21 14:01:30,77.45,14700,77.39,U
sz002409,雅克科技,2025-10-21 14:01:45,77.47,7900,77.4,U
sz002409,雅克科技,2025-10-21 14:01:48,77.51,6300,77.47,U
sz002409,雅克科技,2025-10-21 14:02:00,77.48,7900,77.51,D
sz002409,雅克科技,2025-10-21 14:02:06,77.47,4100,77.47,D
sz002409,雅克科技,2025-10-21 14:02:12,77.58,7800,77.53,U
sz002409,雅克科技,2025-10-21 14:02:15,77.6,2600,77.58,U
sz002409,雅克科技,2025-10-21 14:02:21,77.62,3400,77.61,U
sz002409,雅克科技,2025-10-21 14:02:24,77.72,6300,77.62,U
sz002409,雅克科技,2025-10-21 14:02:33,77.68,9900,77.68,D
sz002409,雅克科技,2025-10-21 14:02:36,77.77,10900,77.68,U
sz002409,雅克科技,2025-10-21 14:02:45,77.7,5400,77.76,D
sz002409,雅克科技,2025-10-21 14:02:51,77.62,9500,77.66,D
sz002409,雅克科技,2025-10-21 14:02:54,77.63,3000,77.62,U
sz002409,雅克科技,2025-10-21 14:03:00,77.62,4800,77.69,D
sz002409,雅克科技,2025-10-21 14:03:03,77.62,3300,77.62,U
sz002409,雅克科技,2025-10-21 14:03:12,77.62,5400,77.61,U
sz002409,雅克科技,2025-10-21 14:03:18,77.62,2600,77.62,U
sz002409,雅克科技,2025-10-21 14:04:03,77.5,3000,77.47,U
sz002409,雅克科技,2025-10-21 14:04:21,77.55,6100,77.5,U
sz002409,雅克科技,2025-10-21 14:04:33,77.61,3000,77.6,U
sz002409,雅克科技,2025-10-21 14:04:39,77.61,11600,77.6,U
sz002409,雅克科技,2025-10-21 14:04:42,77.61,3200,77.61,U
sz002409,雅克科技,2025-10-21 14:04:48,77.62,5500,77.61,U
sz002409,雅克科技,2025-10-21 14:05:03,77.61,31600,77.66,D
sz002409,雅克科技,2025-10-21 14:05:06,77.6,4900,77.61,D
sz002409,雅克科技,2025-10-21 14:05:18,77.59,4200,77.61,D
sz002409,雅克科技,2025-10-21 14:06:24,77.66,4300,77.66,U
sz002409,雅克科技,2025-10-21 14:06:27,77.62,4100,77.66,D
sz002409,雅克科技,2025-10-21 14:06:36,77.66,3200,77.62,U
sz002409,雅克科技,2025-10-21 14:06:39,77.63,3100,77.66,D
sz002409,雅克科技,2025-10-21 14:06:48,77.63,2600,77.63,U
sz002409,雅克科技,2025-10-21 14:08:09,77.53,5700,77.58,D
sz002409,雅克科技,2025-10-21 14:08:12,77.43,5300,77.53,D
sz002409,雅克科技,2025-10-21 14:08:24,77.37,3600,77.42,D
sz002409,雅克科技,2025-10-21 14:09:00,77.3,6300,77.37,E
sz002409,雅克科技,2025-10-21 14:09:12,77.38,29200,77.37,U
sz002409,雅克科技,2025-10-21 14:09:48,77.42,3500,77.5,D
sz002409,雅克科技,2025-10-21 14:10:30,77.42,3400,77.51,D
sz002409,雅克科技,2025-10-21 14:10:36,77.4,8600,77.42,D
sz002409,雅克科技,2025-10-21 14:10:39,77.34,9100,77.4,D
sz002409,雅克科技,2025-10-21 14:11:24,77.33,4300,77.42,D
sz002409,雅克科技,2025-10-21 14:11:54,77.32,2800,77.31,E
sz002409,雅克科技,2025-10-21 14:12:45,77.3,2800,77.3,D
sz002409,雅克科技,2025-10-21 14:13:00,77.25,3300,77.29,D
sz002409,雅克科技,2025-10-21 14:13:06,77.22,3200,77.25,D
sz002409,雅克科技,2025-10-21 14:13:18,77.21,5100,77.2,D
sz002409,雅克科技,2025-10-21 14:13:42,77.23,3300,77.27,D
sz002409,雅克科技,2025-10-21 14:13:45,77.28,3000,77.23,U
sz002409,雅克科技,2025-10-21 14:14:36,77.21,4000,77.26,D
sz002409,雅克科技,2025-10-21 14:15:09,77.29,2700,77.24,U
sz002409,雅克科技,2025-10-21 14:15:21,77.36,12400,77.32,U
sz002409,雅克科技,2025-10-21 14:15:24,77.39,14800,77.36,U
sz002409,雅克科技,2025-10-21 14:15:39,77.39,3500,77.38,U
sz002409,雅克科技,2025-10-21 14:15:48,77.39,3500,77.38,U
sz002409,雅克科技,2025-10-21 14:15:51,77.39,5400,77.39,D
sz002409,雅克科技,2025-10-21 14:16:00,77.39,4100,77.39,D
sz002409,雅克科技,2025-10-21 14:16:03,77.45,3000,77.39,U
sz002409,雅克科技,2025-10-21 14:16:12,77.44,2900,77.44,U
sz002409,雅克科技,2025-10-21 14:17:15,77.41,3700,77.43,D
sz002409,雅克科技,2025-10-21 14:17:45,77.35,4000,77.35,D
sz002409,雅克科技,2025-10-21 14:18:12,77.34,23600,77.38,D
sz002409,雅克科技,2025-10-21 14:19:06,77.35,12500,77.35,U
sz002409,雅克科技,2025-10-21 14:19:09,77.3,15500,77.35,D
sz002409,雅克科技,2025-10-21 14:19:21,77.24,7400,77.26,D
sz002409,雅克科技,2025-10-21 14:19:24,77.22,33800,77.24,D
sz002409,雅克科技,2025-10-21 14:19:33,77.22,45800,77.21,U
sz002409,雅克科技,2025-10-21 14:19:36,77.24,3200,77.22,D
sz002409,雅克科技,2025-10-21 14:19:39,77.24,2900,77.24,D
sz002409,雅克科技,2025-10-21 14:19:57,77.24,10600,77.24,D
sz002409,雅克科技,2025-10-21 14:20:09,77.3,7300,77.25,U
sz002409,雅克科技,2025-10-21 14:21:15,77.3,6100,77.3,D
sz002409,雅克科技,2025-10-21 14:21:18,77.28,3300,77.3,D
sz002409,雅克科技,2025-10-21 14:21:54,77.35,2900,77.35,U
sz002409,雅克科技,2025-10-21 14:22:00,77.4,3000,77.37,U
sz002409,雅克科技,2025-10-21 14:22:03,77.4,3700,77.4,U
sz002409,雅克科技,2025-10-21 14:23:09,77.44,10400,77.41,U
sz002409,雅克科技,2025-10-21 14:23:21,77.5,3400,77.49,U
sz002409,雅克科技,2025-10-21 14:23:24,77.5,5200,77.5,U
sz002409,雅克科技,2025-10-21 14:23:45,77.4,5700,77.42,D
sz002409,雅克科技,2025-10-21 14:23:48,77.32,10900,77.4,D
sz002409,雅克科技,2025-10-21 14:23:51,77.36,6400,77.32,E
sz002409,雅克科技,2025-10-21 14:24:00,77.37,2600,77.36,U
sz002409,雅克科技,2025-10-21 14:24:36,77.44,2900,77.43,U
sz002409,雅克科技,2025-10-21 14:24:45,77.44,3900,77.43,U
sz002409,雅克科技,2025-10-21 14:24:48,77.46,3000,77.44,U
sz002409,雅克科技,2025-10-21 14:25:15,77.46,4700,77.47,D
sz002409,雅克科技,2025-10-21 14:25:42,77.46,3300,77.44,U
sz002409,雅克科技,2025-10-21 14:25:45,77.46,3700,77.46,U
sz002409,雅克科技,2025-10-21 14:26:00,77.46,9400,77.48,D
sz002409,雅克科技,2025-10-21 14:26:03,77.35,5800,77.46,D
sz002409,雅克科技,2025-10-21 14:26:15,77.44,6200,77.33,U
sz002409,雅克科技,2025-10-21 14:26:54,77.43,3774,77.4,U
sz002409,雅克科技,2025-10-21 14:27:09,77.38,3200,77.4,D
sz002409,雅克科技,2025-10-21 14:27:12,77.38,4300,77.38,D
sz002409,雅克科技,2025-10-21 14:27:18,77.48,10000,77.39,U
sz002409,雅克科技,2025-10-21 14:27:48,77.52,15900,77.42,U
sz002409,雅克科技,2025-10-21 14:28:18,77.48,2600,77.48,U
sz002409,雅克科技,2025-10-21 14:28:33,77.56,3500,77.51,U
sz002409,雅克科技,2025-10-21 14:28:39,77.58,5400,77.56,U
sz002409,雅克科技,2025-10-21 14:29:00,77.53,2900,77.51,U
sz002409,雅克科技,2025-10-21 14:29:03,77.45,7100,77.53,D
sz002409,雅克科技,2025-10-21 14:29:06,77.58,21000,77.45,U
sz002409,雅克科技,2025-10-21 14:29:12,77.43,5500,77.41,E
sz002409,雅克科技,2025-10-21 14:29:15,77.42,3700,77.43,D
sz002409,雅克科技,2025-10-21 14:29:57,77.43,2900,77.47,D
sz002409,雅克科技,2025-10-21 14:30:03,77.43,4500,77.42,U
sz002409,雅克科技,2025-10-21 14:31:36,77.44,6100,77.47,D
sz002409,雅克科技,2025-10-21 14:31:42,77.42,6500,77.46,D
sz002409,雅克科技,2025-10-21 14:31:45,77.41,7000,77.42,D
sz002409,雅克科技,2025-10-21 14:31:48,77.41,3300,77.41,U
sz002409,雅克科技,2025-10-21 14:31:57,77.38,4200,77.4,D
sz002409,雅克科技,2025-10-21 14:32:12,77.43,4100,77.4,U
sz002409,雅克科技,2025-10-21 14:32:45,77.47,2600,77.45,U
sz002409,雅克科技,2025-10-21 14:32:54,77.48,10900,77.46,U
sz002409,雅克科技,2025-10-21 14:33:09,77.44,3100,77.48,D
sz002409,雅克科技,2025-10-21 14:33:12,77.38,35200,77.44,D
sz002409,雅克科技,2025-10-21 14:33:15,77.38,6400,77.38,E
sz002409,雅克科技,2025-10-21 14:33:27,77.43,3000,77.36,U
sz002409,雅克科技,2025-10-21 14:33:36,77.39,3300,77.37,E
sz002409,雅克科技,2025-10-21 14:34:27,77.43,9200,77.45,D
sz002409,雅克科技,2025-10-21 14:34:54,77.37,14800,77.41,D
sz002409,雅克科技,2025-10-21 14:34:57,77.36,2600,77.37,D
sz002409,雅克科技,2025-10-21 14:35:06,77.37,5400,77.36,U
sz002409,雅克科技,2025-10-21 14:35:09,77.37,8600,77.37,E
sz002409,雅克科技,2025-10-21 14:36:09,77.52,6800,77.54,D
sz002409,雅克科技,2025-10-21 14:36:12,77.4,13400,77.52,D
sz002409,雅克科技,2025-10-21 14:36:18,77.4,2700,77.4,D
sz002409,雅克科技,2025-10-21 14:37:06,77.49,5100,77.48,U
sz002409,雅克科技,2025-10-21 14:37:09,77.5,3900,77.49,U
sz002409,雅克科技,2025-10-21 14:37:15,77.54,3200,77.5,U
sz002409,雅克科技,2025-10-21 14:37:45,77.49,4400,77.5,E
sz002409,雅克科技,2025-10-21 14:37:57,77.5,2600,77.5,D
sz002409,雅克科技,2025-10-21 14:38:03,77.49,2900,77.51,D
sz002409,雅克科技,2025-10-21 14:38:21,77.5,5100,77.52,D
sz002409,雅克科技,2025-10-21 14:38:24,77.51,3000,77.5,U
sz002409,雅克科技,2025-10-21 14:38:48,77.5,4500,77.54,D
sz002409,雅克科技,2025-10-21 14:38:51,77.48,9100,77.5,D
sz002409,雅克科技,2025-10-21 14:39:00,77.5,8600,77.47,U
sz002409,雅克科技,2025-10-21 14:39:06,77.5,3100,77.49,U
sz002409,雅克科技,2025-10-21 14:39:09,77.55,4300,77.5,U
sz002409,雅克科技,2025-10-21 14:39:27,77.49,3900,77.49,D
sz002409,雅克科技,2025-10-21 14:40:09,77.49,6500,77.52,D
sz002409,雅克科技,2025-10-21 14:40:42,77.45,17400,77.43,U
sz002409,雅克科技,2025-10-21 14:41:00,77.43,2700,77.41,U
sz002409,雅克科技,2025-10-21 14:41:03,77.42,3800,77.43,D
sz002409,雅克科技,2025-10-21 14:41:39,77.45,3900,77.46,E
sz002409,雅克科技,2025-10-21 14:41:51,77.43,5700,77.46,D
sz002409,雅克科技,2025-10-21 14:42:09,77.45,18000,77.47,D
sz002409,雅克科技,2025-10-21 14:42:24,77.43,3100,77.44,D
sz002409,雅克科技,2025-10-21 14:42:42,77.44,9200,77.44,D
sz002409,雅克科技,2025-10-21 14:42:45,77.44,3900,77.44,U
sz002409,雅克科技,2025-10-21 14:42:57,77.42,3400,77.44,D
sz002409,雅克科技,2025-10-21 14:43:00,77.45,3300,77.42,U
sz002409,雅克科技,2025-10-21 14:43:06,77.42,2800,77.42,U
sz002409,雅克科技,2025-10-21 14:43:09,77.43,2700,77.42,U
sz002409,雅克科技,2025-10-21 14:43:33,77.43,3200,77.43,D
sz002409,雅克科技,2025-10-21 14:43:39,77.42,3600,77.44,D
sz002409,雅克科技,2025-10-21 14:43:48,77.43,3300,77.43,U
sz002409,雅克科技,2025-10-21 14:43:51,77.44,2600,77.43,U
sz002409,雅克科技,2025-10-21 14:43:54,77.44,3300,77.44,U
sz002409,雅克科技,2025-10-21 14:44:00,77.44,3100,77.44,U
sz002409,雅克科技,2025-10-21 14:44:15,77.44,5000,77.44,U
sz002409,雅克科技,2025-10-21 14:44:18,77.45,3500,77.44,U
sz002409,雅克科技,2025-10-21 14:44:30,77.53,27300,77.44,U
sz002409,雅克科技,2025-10-21 14:45:00,77.46,3200,77.45,U
sz002409,雅克科技,2025-10-21 14:45:12,77.44,3200,77.45,D
sz002409,雅克科技,2025-10-21 14:45:15,77.45,4400,77.44,U
sz002409,雅克科技,2025-10-21 14:45:18,77.45,3100,77.45,D
sz002409,雅克科技,2025-10-21 14:45:21,77.45,10400,77.45,U
sz002409,雅克科技,2025-10-21 14:45:24,77.45,4700,77.45,U
sz002409,雅克科技,2025-10-21 14:45:27,77.46,3000,77.45,E
sz002409,雅克科技,2025-10-21 14:45:36,77.45,6600,77.46,D
sz002409,雅克科技,2025-10-21 14:45:57,77.51,4800,77.49,U
sz002409,雅克科技,2025-10-21 14:46:18,77.52,4700,77.54,D
sz002409,雅克科技,2025-10-21 14:46:21,77.52,2600,77.52,D
sz002409,雅克科技,2025-10-21 14:46:27,77.5,2700,77.51,D
sz002409,雅克科技,2025-10-21 14:46:30,77.49,3700,77.5,D
sz002409,雅克科技,2025-10-21 14:46:33,77.49,10400,77.49,D
sz002409,雅克科技,2025-10-21 14:46:36,77.47,3000,77.49,D
sz002409,雅克科技,2025-10-21 14:46:39,77.45,2900,77.47,D
sz002409,雅克科技,2025-10-21 14:46:42,77.44,7700,77.45,D
sz002409,雅克科技,2025-10-21 14:47:00,77.44,8600,77.44,U
sz002409,雅克科技,2025-10-21 14:47:03,77.45,2600,77.44,U
sz002409,雅克科技,2025-10-21 14:47:06,77.44,2700,77.45,D
sz002409,雅克科技,2025-10-21 14:47:09,77.44,5200,77.44,D
sz002409,雅克科技,2025-10-21 14:47:12,77.44,2900,77.44,D
sz002409,雅克科技,2025-10-21 14:47:21,77.44,3400,77.43,E
sz002409,雅克科技,2025-10-21 14:47:33,77.46,2600,77.46,U
sz002409,雅克科技,2025-10-21 14:47:45,77.46,2600,77.46,D
sz002409,雅克科技,2025-10-21 14:48:00,77.47,5200,77.46,D
sz002409,雅克科技,2025-10-21 14:48:03,77.48,3900,77.47,D
sz002409,雅克科技,2025-10-21 14:48:21,77.47,3100,77.45,U
sz002409,雅克科技,2025-10-21 14:48:27,77.47,3500,77.48,D
sz002409,雅克科技,2025-10-21 14:48:42,77.48,4200,77.47,U
sz002409,雅克科技,2025-10-21 14:49:00,77.49,11200,77.46,U
sz002409,雅克科技,2025-10-21 14:49:21,77.46,3600,77.46,D
sz002409,雅克科技,2025-10-21 14:49:24,77.46,3500,77.46,D
sz002409,雅克科技,2025-10-21 14:49:30,77.46,5300,77.47,D
sz002409,雅克科技,2025-10-21 14:49:51,77.47,6500,77.48,D
sz002409,雅克科技,2025-10-21 14:49:54,77.44,24100,77.47,D
sz002409,雅克科技,2025-10-21 14:49:57,77.43,24300,77.44,D
sz002409,雅克科技,2025-10-21 14:50:00,77.4,61600,77.43,D
sz002409,雅克科技,2025-10-21 14:50:03,77.39,26200,77.4,D
sz002409,雅克科技,2025-10-21 14:50:06,77.39,6100,77.39,D
sz002409,雅克科技,2025-10-21 14:50:09,77.36,7500,77.39,D
sz002409,雅克科技,2025-10-21 14:50:12,77.3,8200,77.36,D
sz002409,雅克科技,2025-10-21 14:50:15,77.26,7900,77.3,D
sz002409,雅克科技,2025-10-21 14:50:18,77.3,4700,77.26,U
sz002409,雅克科技,2025-10-21 14:50:21,77.34,6500,77.3,U
sz002409,雅克科技,2025-10-21 14:50:30,77.3,4300,77.28,U
sz002409,雅克科技,2025-10-21 14:50:33,77.3,3200,77.3,U
sz002409,雅克科技,2025-10-21 14:50:36,77.26,2700,77.3,E
sz002409,雅克科技,2025-10-21 14:50:39,77.26,3400,77.26,D
sz002409,雅克科技,2025-10-21 14:50:51,77.29,4600,77.29,U
sz002409,雅克科技,2025-10-21 14:51:00,77.32,12000,77.26,U
sz002409,雅克科技,2025-10-21 14:51:03,77.41,21100,77.32,U
sz002409,雅克科技,2025-10-21 14:51:06,77.41,11000,77.41,D
sz002409,雅克科技,2025-10-21 14:51:09,77.4,11200,77.41,D
sz002409,雅克科技,2025-10-21 14:51:12,77.5,21600,77.4,U
sz002409,雅克科技,2025-10-21 14:51:15,77.51,24100,77.5,U
sz002409,雅克科技,2025-10-21 14:51:18,77.62,32700,77.51,U
sz002409,雅克科技,2025-10-21 14:51:21,77.67,17400,77.62,U
sz002409,雅克科技,2025-10-21 14:51:24,77.62,9400,77.67,D
sz002409,雅克科技,2025-10-21 14:51:27,77.71,7400,77.62,U
sz002409,雅克科技,2025-10-21 14:51:30,77.7,6600,77.71,U
sz002409,雅克科技,2025-10-21 14:51:33,77.7,9200,77.7,E
sz002409,雅克科技,2025-10-21 14:51:36,77.6,11200,77.7,D
sz002409,雅克科技,2025-10-21 14:51:39,77.6,5000,77.6,D
sz002409,雅克科技,2025-10-21 14:51:45,77.72,18900,77.63,U
sz002409,雅克科技,2025-10-21 14:51:48,77.73,36500,77.72,U
sz002409,雅克科技,2025-10-21 14:51:51,77.75,8000,77.73,U
sz002409,雅克科技,2025-10-21 14:51:54,77.75,3500,77.75,U
sz002409,雅克科技,2025-10-21 14:51:57,77.63,4400,77.75,D
sz002409,雅克科技,2025-10-21 14:52:03,77.75,4100,77.77,E
sz002409,雅克科技,2025-10-21 14:52:06,77.63,7200,77.75,D
sz002409,雅克科技,2025-10-21 14:52:09,77.61,20600,77.63,D
sz002409,雅克科技,2025-10-21 14:52:12,77.61,23500,77.61,U
sz002409,雅克科技,2025-10-21 14:52:15,77.47,21200,77.61,E
sz002409,雅克科技,2025-10-21 14:52:18,77.44,10300,77.47,D
sz002409,雅克科技,2025-10-21 14:52:21,77.58,6200,77.44,E
sz002409,雅克科技,2025-10-21 14:52:24,77.58,4700,77.58,U
sz002409,雅克科技,2025-10-21 14:52:27,77.44,4900,77.58,D
sz002409,雅克科技,2025-10-21 14:52:30,77.63,6000,77.44,E
sz002409,雅克科技,2025-10-21 14:52:33,77.63,3500,77.63,U
sz002409,雅克科技,2025-10-21 14:52:39,77.53,9000,77.63,E
sz002409,雅克科技,2025-10-21 14:52:42,77.59,3800,77.53,E
sz002409,雅克科技,2025-10-21 14:52:45,77.44,4500,77.59,D
sz002409,雅克科技,2025-10-21 14:52:48,77.49,3100,77.44,U
sz002409,雅克科技,2025-10-21 14:52:51,77.45,4100,77.49,D
sz002409,雅克科技,2025-10-21 14:53:03,77.57,13200,77.58,D
sz002409,雅克科技,2025-10-21 14:53:24,77.56,7200,77.56,D
sz002409,雅克科技,2025-10-21 14:53:30,77.54,2900,77.56,E
sz002409,雅克科技,2025-10-21 14:53:45,77.6,3600,77.57,U
sz002409,雅克科技,2025-10-21 14:53:57,77.58,9000,77.58,D
sz002409,雅克科技,2025-10-21 14:54:03,77.58,3800,77.58,U
sz002409,雅克科技,2025-10-21 14:54:06,77.54,4000,77.58,D
sz002409,雅克科技,2025-10-21 14:54:09,77.58,6600,77.54,U
sz002409,雅克科技,2025-10-21 14:54:12,77.47,7200,77.58,D
sz002409,雅克科技,2025-10-21 14:54:42,77.5,4600,77.51,E
sz002409,雅克科技,2025-10-21 14:54:48,77.5,2600,77.5,D
sz002409,雅克科技,2025-10-21 14:55:03,77.5,8600,77.52,D
sz002409,雅克科技,2025-10-21 14:55:06,77.5,2900,77.5,D
sz002409,雅克科技,2025-10-21 14:55:09,77.51,3300,77.5,U
sz002409,雅克科技,2025-10-21 14:55:12,77.5,4500,77.51,D
sz002409,雅克科技,2025-10-21 14:55:33,77.55,2700,77.54,U
sz002409,雅克科技,2025-10-21 14:55:36,77.54,3800,77.55,D
sz002409,雅克科技,2025-10-21 14:55:39,77.55,3800,77.54,U
sz002409,雅克科技,2025-10-21 14:55:42,77.53,4600,77.55,D
sz002409,雅克科技,2025-10-21 14:55:51,77.52,4300,77.56,D
sz002409,雅克科技,2025-10-21 14:55:54,77.53,6200,77.52,U
sz002409,雅克科技,2025-10-21 14:56:00,77.55,2600,77.56,D
sz002409,雅克科技,2025-10-21 14:56:06,77.54,5600,77.55,D
sz002409,雅克科技,2025-10-21 14:56:09,77.56,2600,77.54,U
sz002409,雅克科技,2025-10-21 14:56:12,77.57,4600,77.56,U
sz002409,雅克科技,2025-10-21 14:56:18,77.57,5500,77.57,D
sz002409,雅克科技,2025-10-21 14:56:21,77.58,13600,77.57,U
sz002409,雅克科技,2025-10-21 14:56:27,77.58,3200,77.58,U
sz002409,雅克科技,2025-10-21 14:56:33,77.58,7500,77.59,D
sz002409,雅克科技,2025-10-21 14:56:36,77.6,4900,77.58,U
sz002409,雅克科技,2025-10-21 14:56:39,77.58,7000,77.6,D
sz002409,雅克科技,2025-10-21 14:56:42,77.58,2700,77.58,D
sz002409,雅克科技,2025-10-21 14:56:45,77.57,7700,77.58,D
sz002409,雅克科技,2025-10-21 14:56:48,77.6,4800,77.57,U
sz002409,雅克科技,2025-10-21 14:56:54,77.6,4200,77.6,U
sz002409,雅克科技,2025-10-21 14:56:57,77.58,3100,77.6,D
sz002409,雅克科技,2025-10-21 14:57:00,77.58,6700,77.58,D
sz002409,雅克科技,2025-10-21 15:00:00,77.58,210600,77.58,U
