symbol,name,ticktime,price,volume,prev_price,kind
sz002409,雅克科技,2025-09-22 09:25:00,66.02,104900,0.0,U
sz002409,雅克科技,2025-09-22 09:30:00,66.1,37200,66.02,U
sz002409,雅克科技,2025-09-22 09:30:03,66.26,51000,66.1,U
sz002409,雅克科技,2025-09-22 09:30:06,66.46,17900,66.26,U
sz002409,雅克科技,2025-09-22 09:30:09,66.65,14600,66.46,U
sz002409,雅克科技,2025-09-22 09:30:12,66.66,20300,66.65,E
sz002409,雅克科技,2025-09-22 09:30:15,66.8,7100,66.66,U
sz002409,雅克科技,2025-09-22 09:30:18,66.7,18800,66.8,E
sz002409,雅克科技,2025-09-22 09:30:21,66.84,10400,66.7,U
sz002409,雅克科技,2025-09-22 09:30:24,66.84,11800,66.84,D
sz002409,雅克科技,2025-09-22 09:30:27,66.8,18500,66.84,D
sz002409,雅克科技,2025-09-22 09:30:30,66.89,9400,66.8,U
sz002409,雅克科技,2025-09-22 09:30:33,66.9,18700,66.89,E
sz002409,雅克科技,2025-09-22 09:30:36,66.96,27100,66.9,U
sz002409,雅克科技,2025-09-22 09:30:39,67.05,7900,66.96,U
sz002409,雅克科技,2025-09-22 09:30:42,67.0,18000,67.05,D
sz002409,雅克科技,2025-09-22 09:30:45,66.8,92400,67.0,D
sz002409,雅克科技,2025-09-22 09:30:48,66.65,37200,66.8,D
sz002409,雅克科技,2025-09-22 09:30:51,66.65,8100,66.65,D
sz002409,雅克科技,2025-09-22 09:30:54,66.51,8700,66.65,D
sz002409,雅克科技,2025-09-22 09:30:57,66.6,11700,66.51,E
sz002409,雅克科技,2025-09-22 09:31:00,66.73,16400,66.6,U
sz002409,雅克科技,2025-09-22 09:31:03,66.72,11900,66.73,D
sz002409,雅克科技,2025-09-22 09:31:06,66.8,14500,66.72,U
sz002409,雅克科技,2025-09-22 09:31:09,66.66,21400,66.8,D
sz002409,雅克科技,2025-09-22 09:31:12,66.8,12100,66.66,U
sz002409,雅克科技,2025-09-22 09:31:15,66.8,14300,66.8,D
sz002409,雅克科技,2025-09-22 09:31:18,66.7,14700,66.8,E
sz002409,雅克科技,2025-09-22 09:31:21,66.67,41300,66.7,D
sz002409,雅克科技,2025-09-22 09:31:24,66.61,69500,66.67,D
sz002409,雅克科技,2025-09-22 09:31:27,66.45,12300,66.61,D
sz002409,雅克科技,2025-09-22 09:31:30,66.55,8800,66.45,U
sz002409,雅克科技,2025-09-22 09:31:33,66.43,26200,66.55,D
sz002409,雅克科技,2025-09-22 09:31:36,66.45,21100,66.43,U
sz002409,雅克科技,2025-09-22 09:31:39,66.45,10900,66.45,D
sz002409,雅克科技,2025-09-22 09:31:42,66.44,19000,66.45,D
sz002409,雅克科技,2025-09-22 09:31:45,66.38,24100,66.44,D
sz002409,雅克科技,2025-09-22 09:31:48,66.35,13500,66.38,D
sz002409,雅克科技,2025-09-22 09:31:51,66.35,10500,66.35,U
sz002409,雅克科技,2025-09-22 09:31:54,66.35,8700,66.35,D
sz002409,雅克科技,2025-09-22 09:31:57,66.35,18700,66.35,D
sz002409,雅克科技,2025-09-22 09:32:00,66.35,10700,66.35,D
sz002409,雅克科技,2025-09-22 09:32:03,66.45,8100,66.35,U
sz002409,雅克科技,2025-09-22 09:32:06,66.4,13400,66.45,D
sz002409,雅克科技,2025-09-22 09:32:09,66.43,12900,66.4,E
sz002409,雅克科技,2025-09-22 09:32:12,66.42,8500,66.43,U
sz002409,雅克科技,2025-09-22 09:32:15,66.42,28400,66.42,U
sz002409,雅克科技,2025-09-22 09:32:18,66.45,14200,66.42,U
sz002409,雅克科技,2025-09-22 09:32:21,66.43,16400,66.45,E
sz002409,雅克科技,2025-09-22 09:32:24,66.45,17100,66.43,U
sz002409,雅克科技,2025-09-22 09:32:27,66.41,18200,66.45,E
sz002409,雅克科技,2025-09-22 09:32:30,66.4,10800,66.41,D
sz002409,雅克科技,2025-09-22 09:32:33,66.4,11600,66.4,U
sz002409,雅克科技,2025-09-22 09:32:36,66.38,20400,66.4,E
sz002409,雅克科技,2025-09-22 09:32:39,66.4,16500,66.38,U
sz002409,雅克科技,2025-09-22 09:32:42,66.36,5800,66.4,E
sz002409,雅克科技,2025-09-22 09:32:45,66.3,6400,66.36,D
sz002409,雅克科技,2025-09-22 09:32:48,66.13,16100,66.3,D
sz002409,雅克科技,2025-09-22 09:32:51,66.29,20400,66.13,U
sz002409,雅克科技,2025-09-22 09:32:54,66.35,25800,66.29,U
sz002409,雅克科技,2025-09-22 09:32:57,66.45,27400,66.35,U
sz002409,雅克科技,2025-09-22 09:33:00,66.48,6000,66.45,U
sz002409,雅克科技,2025-09-22 09:33:03,66.46,19400,66.48,E
sz002409,雅克科技,2025-09-22 09:33:06,66.53,19400,66.46,U
sz002409,雅克科技,2025-09-22 09:33:09,66.53,8500,66.53,D
sz002409,雅克科技,2025-09-22 09:33:12,66.57,17700,66.53,U
sz002409,雅克科技,2025-09-22 09:33:15,66.53,38400,66.57,D
sz002409,雅克科技,2025-09-22 09:33:18,66.53,12600,66.53,U
sz002409,雅克科技,2025-09-22 09:33:21,66.46,23500,66.53,D
sz002409,雅克科技,2025-09-22 09:33:24,66.53,9700,66.46,U
sz002409,雅克科技,2025-09-22 09:33:27,66.47,6400,66.53,E
sz002409,雅克科技,2025-09-22 09:33:30,66.38,8000,66.47,D
sz002409,雅克科技,2025-09-22 09:33:33,66.31,14400,66.38,D
sz002409,雅克科技,2025-09-22 09:33:36,66.31,7900,66.31,U
sz002409,雅克科技,2025-09-22 09:33:39,66.28,33500,66.31,D
sz002409,雅克科技,2025-09-22 09:33:42,66.16,6600,66.28,D
sz002409,雅克科技,2025-09-22 09:33:45,66.12,22700,66.16,D
sz002409,雅克科技,2025-09-22 09:33:48,66.25,23900,66.12,U
sz002409,雅克科技,2025-09-22 09:33:51,66.23,27000,66.25,E
sz002409,雅克科技,2025-09-22 09:33:54,66.35,6500,66.23,E
sz002409,雅克科技,2025-09-22 09:33:57,66.35,24200,66.35,D
sz002409,雅克科技,2025-09-22 09:34:00,66.35,8100,66.35,D
sz002409,雅克科技,2025-09-22 09:34:03,66.25,11700,66.35,D
sz002409,雅克科技,2025-09-22 09:34:06,66.25,17500,66.25,D
sz002409,雅克科技,2025-09-22 09:34:09,66.24,11100,66.25,E
sz002409,雅克科技,2025-09-22 09:34:12,66.25,6800,66.24,U
sz002409,雅克科技,2025-09-22 09:34:15,66.26,15100,66.25,E
sz002409,雅克科技,2025-09-22 09:34:18,66.35,14600,66.26,U
sz002409,雅克科技,2025-09-22 09:34:21,66.26,5800,66.35,D
sz002409,雅克科技,2025-09-22 09:34:24,66.35,15800,66.26,U
sz002409,雅克科技,2025-09-22 09:34:27,66.3,22500,66.35,E
sz002409,雅克科技,2025-09-22 09:34:30,66.26,7500,66.3,D
sz002409,雅克科技,2025-09-22 09:34:33,66.31,21500,66.26,U
sz002409,雅克科技,2025-09-22 09:34:36,66.32,14200,66.31,E
sz002409,雅克科技,2025-09-22 09:34:39,66.35,8900,66.32,D
sz002409,雅克科技,2025-09-22 09:34:42,66.37,6700,66.35,E
sz002409,雅克科技,2025-09-22 09:34:45,66.37,16798,66.37,D
sz002409,雅克科技,2025-09-22 09:34:51,66.5,3600,66.41,U
sz002409,雅克科技,2025-09-22 09:34:54,66.32,7800,66.5,D
sz002409,雅克科技,2025-09-22 09:34:57,66.52,8200,66.32,U
sz002409,雅克科技,2025-09-22 09:35:00,66.46,18100,66.52,D
sz002409,雅克科技,2025-09-22 09:35:03,66.43,8200,66.46,E
sz002409,雅克科技,2025-09-22 09:35:06,66.43,15300,66.43,U
sz002409,雅克科技,2025-09-22 09:35:09,66.38,6000,66.43,D
sz002409,雅克科技,2025-09-22 09:35:12,66.38,3600,66.38,E
sz002409,雅克科技,2025-09-22 09:35:15,66.33,11402,66.38,D
sz002409,雅克科技,2025-09-22 09:35:18,66.51,23200,66.33,U
sz002409,雅克科技,2025-09-22 09:35:21,66.53,15000,66.51,U
sz002409,雅克科技,2025-09-22 09:35:24,66.53,6500,66.53,E
sz002409,雅克科技,2025-09-22 09:35:27,66.59,5600,66.53,U
sz002409,雅克科技,2025-09-22 09:35:30,66.58,16100,66.59,E
sz002409,雅克科技,2025-09-22 09:35:33,66.56,6500,66.58,E
sz002409,雅克科技,2025-09-22 09:35:36,66.49,4400,66.56,D
sz002409,雅克科技,2025-09-22 09:35:39,66.31,15100,66.49,D
sz002409,雅克科技,2025-09-22 09:35:42,66.42,23500,66.31,U
sz002409,雅克科技,2025-09-22 09:35:45,66.42,7900,66.42,U
sz002409,雅克科技,2025-09-22 09:35:48,66.46,23100,66.42,U
sz002409,雅克科技,2025-09-22 09:35:51,66.57,23700,66.46,U
sz002409,雅克科技,2025-09-22 09:35:54,66.55,5300,66.57,D
sz002409,雅克科技,2025-09-22 09:35:57,66.58,6900,66.55,E
sz002409,雅克科技,2025-09-22 09:36:00,66.6,3300,66.58,D
sz002409,雅克科技,2025-09-22 09:36:03,66.66,4100,66.6,U
sz002409,雅克科技,2025-09-22 09:36:09,66.58,19600,66.61,D
sz002409,雅克科技,2025-09-22 09:36:12,66.61,21100,66.58,E
sz002409,雅克科技,2025-09-22 09:36:15,66.64,7800,66.61,U
sz002409,雅克科技,2025-09-22 09:36:18,66.57,16300,66.64,D
sz002409,雅克科技,2025-09-22 09:36:21,66.68,17400,66.57,U
sz002409,雅克科技,2025-09-22 09:36:24,66.69,14400,66.68,U
sz002409,雅克科技,2025-09-22 09:36:27,66.77,5700,66.69,E
sz002409,雅克科技,2025-09-22 09:36:30,66.78,7500,66.77,U
sz002409,雅克科技,2025-09-22 09:36:33,66.9,15200,66.78,U
sz002409,雅克科技,2025-09-22 09:36:36,66.9,9700,66.9,U
sz002409,雅克科技,2025-09-22 09:36:39,66.86,28600,66.9,D
sz002409,雅克科技,2025-09-22 09:36:42,66.85,20700,66.86,E
sz002409,雅克科技,2025-09-22 09:36:45,66.87,33400,66.85,E
sz002409,雅克科技,2025-09-22 09:36:48,66.9,12100,66.87,U
sz002409,雅克科技,2025-09-22 09:36:51,66.99,40100,66.9,U
sz002409,雅克科技,2025-09-22 09:36:54,66.95,19300,66.99,D
sz002409,雅克科技,2025-09-22 09:36:57,66.99,13200,66.95,U
sz002409,雅克科技,2025-09-22 09:37:00,66.99,16600,66.99,E
sz002409,雅克科技,2025-09-22 09:37:03,66.98,14700,66.99,E
sz002409,雅克科技,2025-09-22 09:37:06,67.01,22000,66.98,U
sz002409,雅克科技,2025-09-22 09:37:09,67.0,12400,67.01,D
sz002409,雅克科技,2025-09-22 09:37:12,67.08,17600,67.0,U
sz002409,雅克科技,2025-09-22 09:37:15,67.08,9400,67.08,U
sz002409,雅克科技,2025-09-22 09:37:18,67.08,14900,67.08,U
sz002409,雅克科技,2025-09-22 09:37:21,67.08,10900,67.08,D
sz002409,雅克科技,2025-09-22 09:37:24,66.99,17800,67.08,D
sz002409,雅克科技,2025-09-22 09:37:27,66.91,16300,66.99,D
sz002409,雅克科技,2025-09-22 09:37:30,66.99,10300,66.91,U
sz002409,雅克科技,2025-09-22 09:37:33,66.93,8400,66.99,E
sz002409,雅克科技,2025-09-22 09:37:36,67.0,14800,66.93,U
sz002409,雅克科技,2025-09-22 09:37:39,67.0,12500,67.0,U
sz002409,雅克科技,2025-09-22 09:37:42,66.93,17000,67.0,D
sz002409,雅克科技,2025-09-22 09:37:45,67.0,26900,66.93,U
sz002409,雅克科技,2025-09-22 09:37:48,66.93,10300,67.0,D
sz002409,雅克科技,2025-09-22 09:37:51,66.99,7600,66.93,U
sz002409,雅克科技,2025-09-22 09:37:54,66.99,12800,66.99,U
sz002409,雅克科技,2025-09-22 09:37:57,66.99,12200,66.99,D
sz002409,雅克科技,2025-09-22 09:38:00,67.0,10000,66.99,U
sz002409,雅克科技,2025-09-22 09:38:03,66.98,19700,67.0,D
sz002409,雅克科技,2025-09-22 09:38:06,66.89,101704,66.98,D
sz002409,雅克科技,2025-09-22 09:38:09,66.9,17900,66.89,U
sz002409,雅克科技,2025-09-22 09:38:12,66.9,10600,66.9,U
sz002409,雅克科技,2025-09-22 09:38:15,66.91,17100,66.9,U
sz002409,雅克科技,2025-09-22 09:38:18,66.9,3200,66.91,D
sz002409,雅克科技,2025-09-22 09:38:21,66.91,12200,66.9,E
sz002409,雅克科技,2025-09-22 09:38:24,66.89,4600,66.91,D
sz002409,雅克科技,2025-09-22 09:38:27,66.9,5500,66.89,U
sz002409,雅克科技,2025-09-22 09:38:30,66.91,25600,66.9,U
sz002409,雅克科技,2025-09-22 09:38:33,66.92,7700,66.91,E
sz002409,雅克科技,2025-09-22 09:38:39,66.9,3300,66.99,D
sz002409,雅克科技,2025-09-22 09:38:42,66.89,16300,66.9,D
sz002409,雅克科技,2025-09-22 09:38:45,66.84,7500,66.89,E
sz002409,雅克科技,2025-09-22 09:38:48,66.81,3400,66.84,E
sz002409,雅克科技,2025-09-22 09:38:51,66.89,16700,66.81,U
sz002409,雅克科技,2025-09-22 09:38:54,66.85,4500,66.89,D
sz002409,雅克科技,2025-09-22 09:38:57,66.84,10200,66.85,D
sz002409,雅克科技,2025-09-22 09:39:00,66.81,7900,66.84,D
sz002409,雅克科技,2025-09-22 09:39:03,66.76,16700,66.81,E
sz002409,雅克科技,2025-09-22 09:39:06,66.86,26200,66.76,U
sz002409,雅克科技,2025-09-22 09:39:09,66.86,3000,66.86,U
sz002409,雅克科技,2025-09-22 09:39:12,66.86,6800,66.86,U
sz002409,雅克科技,2025-09-22 09:39:15,66.86,7300,66.86,D
sz002409,雅克科技,2025-09-22 09:39:18,66.92,21000,66.86,U
sz002409,雅克科技,2025-09-22 09:39:24,66.92,3600,66.98,D
sz002409,雅克科技,2025-09-22 09:39:27,66.92,8600,66.92,D
sz002409,雅克科技,2025-09-22 09:39:30,66.9,3300,66.92,E
sz002409,雅克科技,2025-09-22 09:39:33,66.88,10600,66.9,D
sz002409,雅克科技,2025-09-22 09:39:36,66.87,5300,66.88,E
sz002409,雅克科技,2025-09-22 09:39:39,66.86,7900,66.87,D
sz002409,雅克科技,2025-09-22 09:39:42,66.8,122400,66.86,D
sz002409,雅克科技,2025-09-22 09:39:45,66.83,6200,66.8,U
sz002409,雅克科技,2025-09-22 09:39:48,66.83,3200,66.83,U
sz002409,雅克科技,2025-09-22 09:39:51,66.8,33100,66.83,E
sz002409,雅克科技,2025-09-22 09:39:54,66.69,11200,66.8,D
sz002409,雅克科技,2025-09-22 09:39:57,66.66,8700,66.69,D
sz002409,雅克科技,2025-09-22 09:40:00,66.67,8500,66.66,E
sz002409,雅克科技,2025-09-22 09:40:03,66.81,9100,66.67,U
sz002409,雅克科技,2025-09-22 09:40:06,66.74,11400,66.81,E
sz002409,雅克科技,2025-09-22 09:40:09,66.69,8400,66.74,D
sz002409,雅克科技,2025-09-22 09:40:12,66.68,32200,66.69,E
sz002409,雅克科技,2025-09-22 09:40:15,66.69,5900,66.68,U
sz002409,雅克科技,2025-09-22 09:40:18,66.61,12600,66.69,D
sz002409,雅克科技,2025-09-22 09:40:21,66.6,18800,66.61,D
sz002409,雅克科技,2025-09-22 09:40:27,66.51,26300,66.58,D
sz002409,雅克科技,2025-09-22 09:40:30,66.5,3700,66.51,E
sz002409,雅克科技,2025-09-22 09:40:33,66.48,3900,66.5,D
sz002409,雅克科技,2025-09-22 09:40:36,66.44,10200,66.48,D
sz002409,雅克科技,2025-09-22 09:40:39,66.44,14600,66.44,U
sz002409,雅克科技,2025-09-22 09:40:45,66.41,5700,66.41,E
sz002409,雅克科技,2025-09-22 09:40:54,66.35,15300,66.36,D
sz002409,雅克科技,2025-09-22 09:40:57,66.4,6000,66.35,E
sz002409,雅克科技,2025-09-22 09:41:00,66.39,4800,66.4,D
sz002409,雅克科技,2025-09-22 09:41:03,66.28,33600,66.39,D
sz002409,雅克科技,2025-09-22 09:41:06,66.26,8800,66.28,D
sz002409,雅克科技,2025-09-22 09:41:09,66.33,19100,66.26,U
sz002409,雅克科技,2025-09-22 09:41:12,66.2,6600,66.33,E
sz002409,雅克科技,2025-09-22 09:41:15,66.27,3200,66.2,U
sz002409,雅克科技,2025-09-22 09:41:21,66.27,7500,66.3,E
sz002409,雅克科技,2025-09-22 09:41:24,66.3,4000,66.27,E
sz002409,雅克科技,2025-09-22 09:41:27,66.22,29100,66.3,D
sz002409,雅克科技,2025-09-22 09:41:33,66.19,7900,66.22,D
sz002409,雅克科技,2025-09-22 09:41:36,66.16,9100,66.19,D
sz002409,雅克科技,2025-09-22 09:41:42,66.18,13300,66.19,D
sz002409,雅克科技,2025-09-22 09:41:48,66.21,6806,66.19,E
sz002409,雅克科技,2025-09-22 09:41:51,66.3,14500,66.21,U
sz002409,雅克科技,2025-09-22 09:41:54,66.37,8900,66.3,U
sz002409,雅克科技,2025-09-22 09:42:03,66.28,8400,66.31,D
sz002409,雅克科技,2025-09-22 09:42:06,66.32,4300,66.28,U
sz002409,雅克科技,2025-09-22 09:42:09,66.33,9800,66.32,E
sz002409,雅克科技,2025-09-22 09:42:12,66.29,7000,66.33,E
sz002409,雅克科技,2025-09-22 09:42:15,66.32,4100,66.29,E
sz002409,雅克科技,2025-09-22 09:42:18,66.33,15800,66.32,U
sz002409,雅克科技,2025-09-22 09:42:21,66.32,11900,66.33,D
sz002409,雅克科技,2025-09-22 09:42:24,66.33,3600,66.32,U
sz002409,雅克科技,2025-09-22 09:42:27,66.33,14700,66.33,D
sz002409,雅克科技,2025-09-22 09:42:33,66.32,6000,66.33,D
sz002409,雅克科技,2025-09-22 09:42:36,66.3,6400,66.32,D
sz002409,雅克科技,2025-09-22 09:42:39,66.24,10200,66.3,D
sz002409,雅克科技,2025-09-22 09:42:48,66.2,29000,66.21,D
sz002409,雅克科技,2025-09-22 09:42:51,66.2,5600,66.2,D
sz002409,雅克科技,2025-09-22 09:42:54,66.18,14900,66.2,D
sz002409,雅克科技,2025-09-22 09:42:57,66.14,23000,66.18,D
sz002409,雅克科技,2025-09-22 09:43:03,66.14,7900,66.13,U
sz002409,雅克科技,2025-09-22 09:43:06,66.22,58994,66.14,U
sz002409,雅克科技,2025-09-22 09:43:09,66.28,12000,66.22,U
sz002409,雅克科技,2025-09-22 09:43:12,66.18,7100,66.28,D
sz002409,雅克科技,2025-09-22 09:43:15,66.18,36000,66.18,D
sz002409,雅克科技,2025-09-22 09:43:18,66.2,4300,66.18,U
sz002409,雅克科技,2025-09-22 09:43:30,66.21,7500,66.26,D
sz002409,雅克科技,2025-09-22 09:43:42,66.25,6700,66.25,D
sz002409,雅克科技,2025-09-22 09:43:45,66.27,8900,66.25,U
sz002409,雅克科技,2025-09-22 09:43:54,66.3,6100,66.29,U
sz002409,雅克科技,2025-09-22 09:43:57,66.4,8300,66.3,U
sz002409,雅克科技,2025-09-22 09:44:00,66.48,4800,66.4,U
sz002409,雅克科技,2025-09-22 09:44:03,66.47,3400,66.48,E
sz002409,雅克科技,2025-09-22 09:44:09,66.4,7200,66.47,D
sz002409,雅克科技,2025-09-22 09:44:12,66.39,4200,66.4,E
sz002409,雅克科技,2025-09-22 09:44:21,66.39,8300,66.39,D
sz002409,雅克科技,2025-09-22 09:44:24,66.39,3500,66.39,D
sz002409,雅克科技,2025-09-22 09:44:27,66.4,4000,66.39,D
sz002409,雅克科技,2025-09-22 09:44:30,66.4,7500,66.4,U
sz002409,雅克科技,2025-09-22 09:44:33,66.45,3300,66.4,U
sz002409,雅克科技,2025-09-22 09:44:39,66.45,6300,66.45,U
sz002409,雅克科技,2025-09-22 09:44:42,66.44,7500,66.45,D
sz002409,雅克科技,2025-09-22 09:44:48,66.41,3400,66.42,E
sz002409,雅克科技,2025-09-22 09:44:51,66.41,5500,66.41,D
sz002409,雅克科技,2025-09-22 09:44:54,66.44,8300,66.41,E
sz002409,雅克科技,2025-09-22 09:44:57,66.41,3200,66.44,D
sz002409,雅克科技,2025-09-22 09:45:00,66.44,13700,66.41,E
sz002409,雅克科技,2025-09-22 09:45:03,66.45,14300,66.44,U
sz002409,雅克科技,2025-09-22 09:45:06,66.45,3900,66.45,D
sz002409,雅克科技,2025-09-22 09:45:09,66.45,3900,66.45,D
sz002409,雅克科技,2025-09-22 09:45:12,66.43,39100,66.45,D
sz002409,雅克科技,2025-09-22 09:45:15,66.43,44500,66.43,U
sz002409,雅克科技,2025-09-22 09:45:18,66.43,8600,66.43,U
sz002409,雅克科技,2025-09-22 09:45:21,66.45,7100,66.43,U
sz002409,雅克科技,2025-09-22 09:45:24,66.45,12900,66.45,U
sz002409,雅克科技,2025-09-22 09:45:27,66.48,3400,66.45,U
sz002409,雅克科技,2025-09-22 09:45:30,66.54,23400,66.48,U
sz002409,雅克科技,2025-09-22 09:45:33,66.67,27800,66.54,U
sz002409,雅克科技,2025-09-22 09:45:36,66.59,4200,66.67,E
sz002409,雅克科技,2025-09-22 09:45:39,66.59,4800,66.59,D
sz002409,雅克科技,2025-09-22 09:45:42,66.66,3100,66.59,U
sz002409,雅克科技,2025-09-22 09:45:45,66.59,5000,66.66,U
sz002409,雅克科技,2025-09-22 09:45:48,66.66,6600,66.59,U
sz002409,雅克科技,2025-09-22 09:45:51,66.66,4500,66.66,E
sz002409,雅克科技,2025-09-22 09:46:03,66.64,9300,66.73,D
sz002409,雅克科技,2025-09-22 09:46:06,66.66,14500,66.64,E
sz002409,雅克科技,2025-09-22 09:46:09,66.65,6900,66.66,E
sz002409,雅克科技,2025-09-22 09:46:12,66.5,15800,66.65,D
sz002409,雅克科技,2025-09-22 09:46:15,66.53,3200,66.5,U
sz002409,雅克科技,2025-09-22 09:46:27,66.36,13900,66.41,D
sz002409,雅克科技,2025-09-22 09:46:30,66.36,4300,66.36,U
sz002409,雅克科技,2025-09-22 09:46:33,66.35,4600,66.36,U
sz002409,雅克科技,2025-09-22 09:46:39,66.34,4200,66.35,D
sz002409,雅克科技,2025-09-22 09:46:42,66.38,8200,66.34,U
sz002409,雅克科技,2025-09-22 09:46:57,66.5,3800,66.5,E
sz002409,雅克科技,2025-09-22 09:47:00,66.5,3800,66.5,D
sz002409,雅克科技,2025-09-22 09:47:06,66.48,4900,66.49,D
sz002409,雅克科技,2025-09-22 09:47:12,66.48,3600,66.48,D
sz002409,雅克科技,2025-09-22 09:47:15,66.46,6100,66.48,D
sz002409,雅克科技,2025-09-22 09:47:18,66.44,3700,66.46,D
sz002409,雅克科技,2025-09-22 09:47:21,66.52,8700,66.44,U
sz002409,雅克科技,2025-09-22 09:47:24,66.52,5300,66.52,D
sz002409,雅克科技,2025-09-22 09:47:27,66.52,4800,66.52,D
sz002409,雅克科技,2025-09-22 09:47:39,66.52,4900,66.48,U
sz002409,雅克科技,2025-09-22 09:47:57,66.46,12200,66.48,E
sz002409,雅克科技,2025-09-22 09:48:00,66.46,3200,66.46,E
sz002409,雅克科技,2025-09-22 09:48:09,66.38,11300,66.36,U
sz002409,雅克科技,2025-09-22 09:48:12,66.46,8700,66.38,U
sz002409,雅克科技,2025-09-22 09:48:18,66.4,15400,66.43,D
sz002409,雅克科技,2025-09-22 09:48:21,66.31,6200,66.4,D
sz002409,雅克科技,2025-09-22 09:48:24,66.32,7400,66.31,D
sz002409,雅克科技,2025-09-22 09:48:30,66.33,5200,66.36,U
sz002409,雅克科技,2025-09-22 09:48:36,66.37,5800,66.37,U
sz002409,雅克科技,2025-09-22 09:48:39,66.37,4000,66.37,U
sz002409,雅克科技,2025-09-22 09:48:51,66.24,41300,66.31,D
sz002409,雅克科技,2025-09-22 09:48:54,66.31,10000,66.24,U
sz002409,雅克科技,2025-09-22 09:48:57,66.22,4500,66.31,D
sz002409,雅克科技,2025-09-22 09:49:00,66.27,3900,66.22,U
sz002409,雅克科技,2025-09-22 09:49:06,66.21,8500,66.22,D
sz002409,雅克科技,2025-09-22 09:49:09,66.2,22300,66.21,D
sz002409,雅克科技,2025-09-22 09:49:12,66.18,6500,66.2,D
sz002409,雅克科技,2025-09-22 09:49:15,66.19,15006,66.18,U
sz002409,雅克科技,2025-09-22 09:49:18,66.13,14200,66.19,D
sz002409,雅克科技,2025-09-22 09:49:21,66.12,7600,66.13,D
sz002409,雅克科技,2025-09-22 09:49:24,66.12,3900,66.12,U
sz002409,雅克科技,2025-09-22 09:49:27,66.18,40600,66.12,U
sz002409,雅克科技,2025-09-22 09:49:30,66.2,9800,66.18,U
sz002409,雅克科技,2025-09-22 09:49:33,66.19,4100,66.2,U
sz002409,雅克科技,2025-09-22 09:49:42,66.15,5700,66.15,D
sz002409,雅克科技,2025-09-22 09:49:45,66.12,13700,66.15,D
sz002409,雅克科技,2025-09-22 09:49:48,66.12,4500,66.12,D
sz002409,雅克科技,2025-09-22 09:49:51,66.1,8200,66.12,D
sz002409,雅克科技,2025-09-22 09:49:54,66.1,42200,66.1,D
sz002409,雅克科技,2025-09-22 09:49:57,66.06,6500,66.1,E
sz002409,雅克科技,2025-09-22 09:50:03,66.08,11600,66.08,U
sz002409,雅克科技,2025-09-22 09:50:06,66.07,4800,66.08,E
sz002409,雅克科技,2025-09-22 09:50:09,66.08,20000,66.07,D
sz002409,雅克科技,2025-09-22 09:50:12,66.14,14100,66.08,U
sz002409,雅克科技,2025-09-22 09:50:15,66.09,3200,66.14,D
sz002409,雅克科技,2025-09-22 09:50:18,66.18,4200,66.09,U
sz002409,雅克科技,2025-09-22 09:50:21,66.12,4200,66.18,D
sz002409,雅克科技,2025-09-22 09:50:30,66.16,4700,66.14,U
sz002409,雅克科技,2025-09-22 09:50:33,66.2,7994,66.16,U
sz002409,雅克科技,2025-09-22 09:50:36,66.25,6900,66.2,U
sz002409,雅克科技,2025-09-22 09:50:42,66.3,10300,66.26,U
sz002409,雅克科技,2025-09-22 09:50:54,66.28,18600,66.3,D
sz002409,雅克科技,2025-09-22 09:51:06,66.23,3500,66.18,E
sz002409,雅克科技,2025-09-22 09:51:12,66.23,12400,66.25,D
sz002409,雅克科技,2025-09-22 09:51:24,66.18,11500,66.22,D
sz002409,雅克科技,2025-09-22 09:51:27,66.18,17000,66.18,D
sz002409,雅克科技,2025-09-22 09:51:33,66.16,4700,66.21,D
sz002409,雅克科技,2025-09-22 09:51:36,66.15,4300,66.16,D
sz002409,雅克科技,2025-09-22 09:51:39,66.17,5900,66.15,E
sz002409,雅克科技,2025-09-22 09:51:42,66.26,30500,66.17,U
sz002409,雅克科技,2025-09-22 09:51:45,66.21,4000,66.26,D
sz002409,雅克科技,2025-09-22 09:51:48,66.21,5000,66.21,D
sz002409,雅克科技,2025-09-22 09:51:51,66.18,30900,66.21,D
sz002409,雅克科技,2025-09-22 09:52:00,66.23,7300,66.26,D
sz002409,雅克科技,2025-09-22 09:52:18,66.17,4800,66.19,D
sz002409,雅克科技,2025-09-22 09:52:24,66.12,27300,66.16,D
sz002409,雅克科技,2025-09-22 09:52:27,66.13,10900,66.12,U
sz002409,雅克科技,2025-09-22 09:52:30,66.1,4700,66.13,D
sz002409,雅克科技,2025-09-22 09:52:39,66.1,3500,66.1,D
sz002409,雅克科技,2025-09-22 09:52:45,66.09,18600,66.1,D
sz002409,雅克科技,2025-09-22 09:52:54,66.08,6800,66.07,U
sz002409,雅克科技,2025-09-22 09:52:57,66.07,3200,66.08,D
sz002409,雅克科技,2025-09-22 09:53:00,66.13,35800,66.07,U
sz002409,雅克科技,2025-09-22 09:53:03,66.15,5900,66.13,U
sz002409,雅克科技,2025-09-22 09:53:06,66.14,5300,66.15,E
sz002409,雅克科技,2025-09-22 09:53:21,66.13,37500,66.13,U
sz002409,雅克科技,2025-09-22 09:53:24,66.2,4200,66.13,U
sz002409,雅克科技,2025-09-22 09:53:27,66.25,7000,66.2,U
sz002409,雅克科技,2025-09-22 09:53:30,66.22,6900,66.25,D
sz002409,雅克科技,2025-09-22 09:53:33,66.22,4500,66.22,D
sz002409,雅克科技,2025-09-22 09:53:36,66.2,3400,66.22,E
sz002409,雅克科技,2025-09-22 09:53:51,66.13,4400,66.12,U
sz002409,雅克科技,2025-09-22 09:53:54,66.12,3400,66.13,D
sz002409,雅克科技,2025-09-22 09:53:57,66.12,3100,66.12,D
sz002409,雅克科技,2025-09-22 09:54:03,66.19,8300,66.12,U
sz002409,雅克科技,2025-09-22 09:54:18,66.28,18800,66.24,U
sz002409,雅克科技,2025-09-22 09:54:21,66.28,14700,66.28,D
sz002409,雅克科技,2025-09-22 09:54:30,66.26,4200,66.27,D
sz002409,雅克科技,2025-09-22 09:54:54,66.28,4700,66.3,D
sz002409,雅克科技,2025-09-22 09:54:57,66.3,9700,66.28,U
sz002409,雅克科技,2025-09-22 09:55:00,66.33,28800,66.3,U
sz002409,雅克科技,2025-09-22 09:55:06,66.35,4200,66.32,U
sz002409,雅克科技,2025-09-22 09:55:09,66.32,40000,66.35,D
sz002409,雅克科技,2025-09-22 09:55:12,66.32,3700,66.32,U
sz002409,雅克科技,2025-09-22 09:55:15,66.34,35900,66.32,U
sz002409,雅克科技,2025-09-22 09:55:30,66.46,18900,66.42,U
sz002409,雅克科技,2025-09-22 09:55:42,66.52,10300,66.49,U
sz002409,雅克科技,2025-09-22 09:55:45,66.5,5200,66.52,D
sz002409,雅克科技,2025-09-22 09:55:48,66.47,19500,66.5,D
sz002409,雅克科技,2025-09-22 09:55:51,66.52,10300,66.47,U
sz002409,雅克科技,2025-09-22 09:55:57,66.4,6600,66.46,D
sz002409,雅克科技,2025-09-22 09:56:00,66.39,6100,66.4,D
sz002409,雅克科技,2025-09-22 09:56:06,66.31,20100,66.33,D
sz002409,雅克科技,2025-09-22 09:56:12,66.3,21100,66.32,D
sz002409,雅克科技,2025-09-22 09:56:24,66.35,15300,66.32,U
sz002409,雅克科技,2025-09-22 09:56:33,66.46,6100,66.43,U
sz002409,雅克科技,2025-09-22 09:56:42,66.43,4600,66.43,D
sz002409,雅克科技,2025-09-22 09:56:45,66.43,8200,66.43,U
sz002409,雅克科技,2025-09-22 09:56:51,66.43,3600,66.42,U
sz002409,雅克科技,2025-09-22 09:56:54,66.39,4600,66.43,D
sz002409,雅克科技,2025-09-22 09:57:12,66.45,7000,66.43,U
sz002409,雅克科技,2025-09-22 09:57:15,66.43,10300,66.45,D
sz002409,雅克科技,2025-09-22 09:57:18,66.45,3100,66.43,D
sz002409,雅克科技,2025-09-22 09:57:27,66.44,4800,66.46,D
sz002409,雅克科技,2025-09-22 09:57:30,66.43,8600,66.44,D
sz002409,雅克科技,2025-09-22 09:57:48,66.41,9800,66.43,D
sz002409,雅克科技,2025-09-22 09:57:51,66.41,11400,66.41,U
sz002409,雅克科技,2025-09-22 09:57:54,66.4,4900,66.41,D
sz002409,雅克科技,2025-09-22 09:57:57,66.41,6800,66.4,U
sz002409,雅克科技,2025-09-22 09:58:00,66.44,6100,66.41,U
sz002409,雅克科技,2025-09-22 09:58:03,66.46,7300,66.44,U
sz002409,雅克科技,2025-09-22 09:58:06,66.47,10300,66.46,U
sz002409,雅克科技,2025-09-22 09:58:09,66.46,3900,66.47,D
sz002409,雅克科技,2025-09-22 09:58:12,66.5,14100,66.46,U
sz002409,雅克科技,2025-09-22 09:58:15,66.46,10500,66.5,D
sz002409,雅克科技,2025-09-22 09:58:18,66.52,9900,66.46,U
sz002409,雅克科技,2025-09-22 09:58:27,66.52,3700,66.51,U
sz002409,雅克科技,2025-09-22 09:58:39,66.57,3600,66.54,U
sz002409,雅克科技,2025-09-22 09:58:45,66.54,39000,66.57,D
sz002409,雅克科技,2025-09-22 09:58:54,66.46,3400,66.46,D
sz002409,雅克科技,2025-09-22 09:58:57,66.46,17000,66.46,U
sz002409,雅克科技,2025-09-22 09:59:24,66.54,3600,66.51,U
sz002409,雅克科技,2025-09-22 09:59:30,66.52,17100,66.55,D
sz002409,雅克科技,2025-09-22 09:59:36,66.51,20000,66.52,D
sz002409,雅克科技,2025-09-22 09:59:39,66.49,10100,66.51,D
sz002409,雅克科技,2025-09-22 09:59:42,66.44,10400,66.49,D
sz002409,雅克科技,2025-09-22 09:59:45,66.48,3900,66.44,U
sz002409,雅克科技,2025-09-22 09:59:48,66.49,14100,66.48,U
sz002409,雅克科技,2025-09-22 09:59:51,66.52,6300,66.49,U
sz002409,雅克科技,2025-09-22 09:59:57,66.52,19200,66.54,D
sz002409,雅克科技,2025-09-22 10:00:03,66.41,17000,66.44,D
sz002409,雅克科技,2025-09-22 10:00:21,66.37,4500,66.38,D
sz002409,雅克科技,2025-09-22 10:00:24,66.38,5400,66.37,U
sz002409,雅克科技,2025-09-22 10:00:27,66.35,9700,66.38,D
sz002409,雅克科技,2025-09-22 10:00:42,66.35,3300,66.35,D
sz002409,雅克科技,2025-09-22 10:00:45,66.33,10200,66.35,D
sz002409,雅克科技,2025-09-22 10:00:48,66.3,13700,66.33,D
sz002409,雅克科技,2025-09-22 10:01:12,66.3,5200,66.3,D
sz002409,雅克科技,2025-09-22 10:01:21,66.3,4100,66.28,U
sz002409,雅克科技,2025-09-22 10:01:30,66.25,4400,66.25,U
sz002409,雅克科技,2025-09-22 10:01:33,66.25,3300,66.25,D
sz002409,雅克科技,2025-09-22 10:01:39,66.21,3300,66.24,D
sz002409,雅克科技,2025-09-22 10:01:42,66.21,7100,66.21,U
sz002409,雅克科技,2025-09-22 10:01:48,66.19,4700,66.21,D
sz002409,雅克科技,2025-09-22 10:02:03,66.18,7100,66.16,U
sz002409,雅克科技,2025-09-22 10:02:15,66.26,4900,66.2,U
sz002409,雅克科技,2025-09-22 10:02:18,66.3,3300,66.26,U
sz002409,雅克科技,2025-09-22 10:02:21,66.3,7800,66.3,D
sz002409,雅克科技,2025-09-22 10:02:24,66.3,4000,66.3,D
sz002409,雅克科技,2025-09-22 10:02:27,66.28,3400,66.3,D
sz002409,雅克科技,2025-09-22 10:02:33,66.29,3500,66.29,U
sz002409,雅克科技,2025-09-22 10:02:36,66.28,5900,66.29,U
sz002409,雅克科技,2025-09-22 10:02:39,66.34,26400,66.28,U
sz002409,雅克科技,2025-09-22 10:02:45,66.37,14100,66.38,E
sz002409,雅克科技,2025-09-22 10:02:48,66.3,16600,66.37,D
sz002409,雅克科技,2025-09-22 10:02:51,66.3,11200,66.3,D
sz002409,雅克科技,2025-09-22 10:02:54,66.37,13800,66.3,U
sz002409,雅克科技,2025-09-22 10:02:57,66.28,4200,66.37,D
sz002409,雅克科技,2025-09-22 10:03:00,66.19,14600,66.28,D
sz002409,雅克科技,2025-09-22 10:03:06,66.22,10700,66.28,D
sz002409,雅克科技,2025-09-22 10:03:12,66.18,13800,66.2,D
sz002409,雅克科技,2025-09-22 10:03:15,66.2,21100,66.18,U
sz002409,雅克科技,2025-09-22 10:03:18,66.22,7200,66.2,U
sz002409,雅克科技,2025-09-22 10:03:24,66.19,3300,66.2,D
sz002409,雅克科技,2025-09-22 10:03:27,66.2,6800,66.19,E
sz002409,雅克科技,2025-09-22 10:03:30,66.18,5500,66.2,D
sz002409,雅克科技,2025-09-22 10:03:33,66.17,5200,66.18,E
sz002409,雅克科技,2025-09-22 10:03:36,66.15,6200,66.17,D
sz002409,雅克科技,2025-09-22 10:03:39,66.13,12500,66.15,D
sz002409,雅克科技,2025-09-22 10:03:45,66.13,17700,66.13,U
sz002409,雅克科技,2025-09-22 10:03:48,66.12,3900,66.13,D
sz002409,雅克科技,2025-09-22 10:03:51,66.13,3100,66.12,D
sz002409,雅克科技,2025-09-22 10:03:57,66.19,4300,66.13,U
sz002409,雅克科技,2025-09-22 10:04:00,66.24,10400,66.19,U
sz002409,雅克科技,2025-09-22 10:04:06,66.27,4100,66.25,U
sz002409,雅克科技,2025-09-22 10:04:27,66.17,6300,66.25,D
sz002409,雅克科技,2025-09-22 10:04:45,66.14,22500,66.18,D
sz002409,雅克科技,2025-09-22 10:04:51,66.17,3700,66.16,D
sz002409,雅克科技,2025-09-22 10:04:54,66.15,22100,66.17,D
sz002409,雅克科技,2025-09-22 10:04:57,66.18,21000,66.15,U
sz002409,雅克科技,2025-09-22 10:05:00,66.15,20900,66.18,D
sz002409,雅克科技,2025-09-22 10:05:06,66.09,5300,66.15,D
sz002409,雅克科技,2025-09-22 10:05:12,66.08,16600,66.09,D
sz002409,雅克科技,2025-09-22 10:05:18,66.07,17900,66.07,D
sz002409,雅克科技,2025-09-22 10:05:21,66.08,13500,66.07,U
sz002409,雅克科技,2025-09-22 10:05:24,66.07,5700,66.08,D
sz002409,雅克科技,2025-09-22 10:05:27,66.11,27800,66.07,U
sz002409,雅克科技,2025-09-22 10:05:30,66.15,5300,66.11,U
sz002409,雅克科技,2025-09-22 10:05:33,66.15,14400,66.15,U
sz002409,雅克科技,2025-09-22 10:05:39,66.15,3100,66.09,U
sz002409,雅克科技,2025-09-22 10:05:42,66.15,52200,66.15,U
sz002409,雅克科技,2025-09-22 10:05:45,66.2,4700,66.15,E
sz002409,雅克科技,2025-09-22 10:05:51,66.16,6600,66.15,E
sz002409,雅克科技,2025-09-22 10:06:00,66.25,21500,66.25,U
sz002409,雅克科技,2025-09-22 10:06:03,66.26,5000,66.25,U
sz002409,雅克科技,2025-09-22 10:06:09,66.37,12200,66.19,U
sz002409,雅克科技,2025-09-22 10:06:24,66.35,6700,66.36,D
sz002409,雅克科技,2025-09-22 10:06:27,66.36,6700,66.35,U
sz002409,雅克科技,2025-09-22 10:06:39,66.43,37400,66.36,U
sz002409,雅克科技,2025-09-22 10:06:48,66.54,11100,66.49,U
sz002409,雅克科技,2025-09-22 10:06:51,66.54,6400,66.54,U
sz002409,雅克科技,2025-09-22 10:06:54,66.52,9100,66.54,D
sz002409,雅克科技,2025-09-22 10:06:57,66.56,4100,66.52,U
sz002409,雅克科技,2025-09-22 10:07:03,66.57,4200,66.57,U
sz002409,雅克科技,2025-09-22 10:07:06,66.58,7500,66.57,U
sz002409,雅克科技,2025-09-22 10:07:09,66.61,17200,66.58,U
sz002409,雅克科技,2025-09-22 10:07:12,66.54,25400,66.61,D
sz002409,雅克科技,2025-09-22 10:07:15,66.47,12600,66.54,E
sz002409,雅克科技,2025-09-22 10:07:24,66.56,4900,66.6,E
sz002409,雅克科技,2025-09-22 10:07:33,66.5,6500,66.52,D
sz002409,雅克科技,2025-09-22 10:07:36,66.5,4200,66.5,D
sz002409,雅克科技,2025-09-22 10:07:54,66.43,4700,66.43,U
sz002409,雅克科技,2025-09-22 10:07:57,66.44,7700,66.43,U
sz002409,雅克科技,2025-09-22 10:08:00,66.43,3500,66.44,D
sz002409,雅克科技,2025-09-22 10:08:18,66.45,4700,66.45,D
sz002409,雅克科技,2025-09-22 10:08:30,66.45,4300,66.45,U
sz002409,雅克科技,2025-09-22 10:08:42,66.45,5100,66.43,U
sz002409,雅克科技,2025-09-22 10:08:48,66.48,4500,66.47,U
sz002409,雅克科技,2025-09-22 10:08:51,66.52,11900,66.48,U
sz002409,雅克科技,2025-09-22 10:08:54,66.48,5900,66.52,D
sz002409,雅克科技,2025-09-22 10:08:57,66.57,20500,66.48,U
sz002409,雅克科技,2025-09-22 10:09:03,66.59,10300,66.6,E
sz002409,雅克科技,2025-09-22 10:09:06,66.58,4200,66.59,E
sz002409,雅克科技,2025-09-22 10:09:15,66.61,3100,66.6,U
sz002409,雅克科技,2025-09-22 10:09:27,66.58,13100,66.59,D
sz002409,雅克科技,2025-09-22 10:09:33,66.62,8400,66.58,U
sz002409,雅克科技,2025-09-22 10:09:36,66.66,10200,66.62,U
sz002409,雅克科技,2025-09-22 10:09:39,66.66,4200,66.66,U
sz002409,雅克科技,2025-09-22 10:09:42,66.68,15700,66.66,U
sz002409,雅克科技,2025-09-22 10:09:45,66.69,4600,66.68,U
sz002409,雅克科技,2025-09-22 10:09:51,66.7,8800,66.68,U
sz002409,雅克科技,2025-09-22 10:09:54,66.67,4400,66.7,D
sz002409,雅克科技,2025-09-22 10:09:57,66.66,8100,66.67,D
sz002409,雅克科技,2025-09-22 10:10:00,66.65,41500,66.66,E
sz002409,雅克科技,2025-09-22 10:10:06,66.65,7100,66.7,E
sz002409,雅克科技,2025-09-22 10:10:09,66.62,3200,66.65,E
sz002409,雅克科技,2025-09-22 10:10:12,66.59,7600,66.62,D
sz002409,雅克科技,2025-09-22 10:10:15,66.64,3900,66.59,U
sz002409,雅克科技,2025-09-22 10:10:18,66.66,5100,66.64,U
sz002409,雅克科技,2025-09-22 10:10:21,66.66,5400,66.66,U
sz002409,雅克科技,2025-09-22 10:10:24,66.66,16500,66.66,U
sz002409,雅克科技,2025-09-22 10:10:27,66.66,7200,66.66,E
sz002409,雅克科技,2025-09-22 10:10:36,66.73,15100,66.66,U
sz002409,雅克科技,2025-09-22 10:10:45,66.69,4900,66.7,E
sz002409,雅克科技,2025-09-22 10:10:51,66.73,4700,66.72,U
sz002409,雅克科技,2025-09-22 10:10:54,66.72,16900,66.73,D
sz002409,雅克科技,2025-09-22 10:10:57,66.71,5900,66.72,D
sz002409,雅克科技,2025-09-22 10:11:03,66.73,20100,66.7,U
sz002409,雅克科技,2025-09-22 10:11:09,66.65,26500,66.7,D
sz002409,雅克科技,2025-09-22 10:11:12,66.65,3400,66.65,U
sz002409,雅克科技,2025-09-22 10:11:18,66.65,7100,66.65,U
sz002409,雅克科技,2025-09-22 10:11:21,66.64,13000,66.65,D
sz002409,雅克科技,2025-09-22 10:11:24,66.62,7200,66.64,D
sz002409,雅克科技,2025-09-22 10:11:27,66.58,6000,66.62,D
sz002409,雅克科技,2025-09-22 10:11:30,66.58,5300,66.58,D
sz002409,雅克科技,2025-09-22 10:11:39,66.6,4000,66.52,U
sz002409,雅克科技,2025-09-22 10:11:42,66.54,5500,66.6,D
sz002409,雅克科技,2025-09-22 10:11:51,66.59,3900,66.59,D
sz002409,雅克科技,2025-09-22 10:12:09,66.65,8500,66.61,U
sz002409,雅克科技,2025-09-22 10:12:12,66.56,10500,66.65,D
sz002409,雅克科技,2025-09-22 10:12:45,66.58,4900,66.59,D
sz002409,雅克科技,2025-09-22 10:12:54,66.59,5400,66.6,D
sz002409,雅克科技,2025-09-22 10:13:03,66.56,13800,66.6,D
sz002409,雅克科技,2025-09-22 10:13:06,66.59,6800,66.56,U
sz002409,雅克科技,2025-09-22 10:13:18,66.55,4400,66.59,D
sz002409,雅克科技,2025-09-22 10:13:42,66.58,7500,66.55,U
sz002409,雅克科技,2025-09-22 10:13:54,66.65,5200,66.65,U
sz002409,雅克科技,2025-09-22 10:14:21,66.66,10200,66.66,U
sz002409,雅克科技,2025-09-22 10:14:24,66.63,4900,66.66,D
sz002409,雅克科技,2025-09-22 10:14:45,66.61,3600,66.6,U
sz002409,雅克科技,2025-09-22 10:14:48,66.63,13800,66.61,U
sz002409,雅克科技,2025-09-22 10:14:51,66.65,14600,66.63,U
sz002409,雅克科技,2025-09-22 10:14:54,66.65,8800,66.65,E
sz002409,雅克科技,2025-09-22 10:14:57,66.66,6400,66.65,U
sz002409,雅克科技,2025-09-22 10:15:15,66.61,26100,66.61,D
sz002409,雅克科技,2025-09-22 10:15:18,66.54,18500,66.61,D
sz002409,雅克科技,2025-09-22 10:15:21,66.61,8900,66.54,U
sz002409,雅克科技,2025-09-22 10:15:24,66.6,9200,66.61,U
sz002409,雅克科技,2025-09-22 10:15:42,66.68,14400,66.65,U
sz002409,雅克科技,2025-09-22 10:15:45,66.63,12900,66.68,D
sz002409,雅克科技,2025-09-22 10:15:48,66.67,3900,66.63,U
sz002409,雅克科技,2025-09-22 10:15:57,66.66,4900,66.65,U
sz002409,雅克科技,2025-09-22 10:16:12,66.65,5900,66.63,U
sz002409,雅克科技,2025-09-22 10:16:15,66.65,13600,66.65,U
sz002409,雅克科技,2025-09-22 10:16:18,66.65,7900,66.65,D
sz002409,雅克科技,2025-09-22 10:16:21,66.63,6200,66.65,D
sz002409,雅克科技,2025-09-22 10:16:24,66.6,3400,66.63,D
sz002409,雅克科技,2025-09-22 10:16:39,66.62,5300,66.63,E
sz002409,雅克科技,2025-09-22 10:16:45,66.73,6700,66.62,U
sz002409,雅克科技,2025-09-22 10:16:51,66.73,4500,66.7,U
sz002409,雅克科技,2025-09-22 10:16:54,66.79,18923,66.73,U
sz002409,雅克科技,2025-09-22 10:17:00,66.77,4900,66.78,D
sz002409,雅克科技,2025-09-22 10:17:03,66.78,17800,66.77,D
sz002409,雅克科技,2025-09-22 10:17:06,66.82,6100,66.78,U
sz002409,雅克科技,2025-09-22 10:17:18,66.85,4200,66.84,U
sz002409,雅克科技,2025-09-22 10:17:21,66.86,3100,66.85,U
sz002409,雅克科技,2025-09-22 10:17:24,66.86,5100,66.86,U
sz002409,雅克科技,2025-09-22 10:17:27,66.87,10700,66.86,U
sz002409,雅克科技,2025-09-22 10:17:30,66.87,6100,66.87,U
sz002409,雅克科技,2025-09-22 10:17:33,66.86,5700,66.87,D
sz002409,雅克科技,2025-09-22 10:17:36,66.85,5800,66.86,D
sz002409,雅克科技,2025-09-22 10:17:45,66.65,9700,66.77,D
sz002409,雅克科技,2025-09-22 10:17:54,66.67,10900,66.65,E
sz002409,雅克科技,2025-09-22 10:18:09,66.83,6500,66.8,U
sz002409,雅克科技,2025-09-22 10:18:12,66.78,3200,66.83,D
sz002409,雅克科技,2025-09-22 10:18:15,66.83,14800,66.78,U
sz002409,雅克科技,2025-09-22 10:18:18,66.82,11700,66.83,U
sz002409,雅克科技,2025-09-22 10:18:21,66.82,4800,66.82,E
sz002409,雅克科技,2025-09-22 10:18:24,66.76,34300,66.82,D
sz002409,雅克科技,2025-09-22 10:18:27,66.73,3500,66.76,D
sz002409,雅克科技,2025-09-22 10:18:36,66.67,16900,66.69,D
sz002409,雅克科技,2025-09-22 10:18:45,66.59,8400,66.65,D
sz002409,雅克科技,2025-09-22 10:18:54,66.54,11900,66.54,U
sz002409,雅克科技,2025-09-22 10:19:03,66.66,13500,66.54,U
sz002409,雅克科技,2025-09-22 10:19:12,66.54,6300,66.54,U
sz002409,雅克科技,2025-09-22 10:19:15,66.44,13600,66.54,D
sz002409,雅克科技,2025-09-22 10:19:18,66.39,8500,66.44,D
sz002409,雅克科技,2025-09-22 10:19:21,66.38,3600,66.39,D
sz002409,雅克科技,2025-09-22 10:19:39,66.35,12100,66.35,D
sz002409,雅克科技,2025-09-22 10:19:42,66.35,3700,66.35,E
sz002409,雅克科技,2025-09-22 10:19:48,66.3,13100,66.34,D
sz002409,雅克科技,2025-09-22 10:19:51,66.3,25900,66.3,U
sz002409,雅克科技,2025-09-22 10:19:54,66.35,15800,66.3,U
sz002409,雅克科技,2025-09-22 10:19:57,66.36,4200,66.35,D
sz002409,雅克科技,2025-09-22 10:20:03,66.41,8000,66.34,U
sz002409,雅克科技,2025-09-22 10:20:06,66.34,20700,66.41,D
sz002409,雅克科技,2025-09-22 10:20:21,66.47,9400,66.4,U
sz002409,雅克科技,2025-09-22 10:20:24,66.5,3600,66.47,U
sz002409,雅克科技,2025-09-22 10:20:30,66.52,7200,66.52,U
sz002409,雅克科技,2025-09-22 10:20:48,66.37,3500,66.4,D
sz002409,雅克科技,2025-09-22 10:20:57,66.47,30100,66.36,U
sz002409,雅克科技,2025-09-22 10:21:00,66.39,3400,66.47,D
sz002409,雅克科技,2025-09-22 10:21:03,66.39,3800,66.39,U
sz002409,雅克科技,2025-09-22 10:21:06,66.37,7800,66.39,D
sz002409,雅克科技,2025-09-22 10:21:27,66.37,3200,66.36,D
sz002409,雅克科技,2025-09-22 10:21:33,66.41,7100,66.37,U
sz002409,雅克科技,2025-09-22 10:21:39,66.41,7300,66.41,E
sz002409,雅克科技,2025-09-22 10:21:48,66.44,8400,66.45,D
sz002409,雅克科技,2025-09-22 10:21:54,66.46,7500,66.42,U
sz002409,雅克科技,2025-09-22 10:21:57,66.42,11500,66.46,D
sz002409,雅克科技,2025-09-22 10:22:00,66.48,6100,66.42,U
sz002409,雅克科技,2025-09-22 10:22:03,66.48,4100,66.48,E
sz002409,雅克科技,2025-09-22 10:22:09,66.52,6300,66.49,U
sz002409,雅克科技,2025-09-22 10:22:15,66.43,5000,66.48,E
sz002409,雅克科技,2025-09-22 10:22:18,66.52,13900,66.43,U
sz002409,雅克科技,2025-09-22 10:22:24,66.53,7400,66.54,E
sz002409,雅克科技,2025-09-22 10:22:48,66.6,5300,66.55,U
sz002409,雅克科技,2025-09-22 10:23:03,66.59,3400,66.61,D
sz002409,雅克科技,2025-09-22 10:23:12,66.59,3100,66.59,U
sz002409,雅克科技,2025-09-22 10:23:18,66.55,8100,66.55,U
sz002409,雅克科技,2025-09-22 10:23:45,66.61,8700,66.55,U
sz002409,雅克科技,2025-09-22 10:23:51,66.61,5000,66.56,U
sz002409,雅克科技,2025-09-22 10:24:33,66.6,5700,66.56,U
sz002409,雅克科技,2025-09-22 10:24:36,66.55,7800,66.6,D
sz002409,雅克科技,2025-09-22 10:24:42,66.5,5200,66.56,D
sz002409,雅克科技,2025-09-22 10:25:06,66.56,5100,66.5,U
sz002409,雅克科技,2025-09-22 10:25:09,66.51,20300,66.56,D
sz002409,雅克科技,2025-09-22 10:25:12,66.5,13900,66.51,D
sz002409,雅克科技,2025-09-22 10:25:15,66.49,10200,66.5,D
sz002409,雅克科技,2025-09-22 10:25:27,66.5,15100,66.51,E
sz002409,雅克科技,2025-09-22 10:25:30,66.5,3500,66.5,U
sz002409,雅克科技,2025-09-22 10:25:39,66.5,3300,66.49,U
sz002409,雅克科技,2025-09-22 10:25:48,66.5,6000,66.5,U
sz002409,雅克科技,2025-09-22 10:25:51,66.49,3400,66.5,D
sz002409,雅克科技,2025-09-22 10:25:57,66.5,3500,66.48,U
sz002409,雅克科技,2025-09-22 10:26:06,66.45,14000,66.51,D
sz002409,雅克科技,2025-09-22 10:26:15,66.44,4300,66.44,U
sz002409,雅克科技,2025-09-22 10:26:18,66.44,3500,66.44,U
sz002409,雅克科技,2025-09-22 10:26:21,66.43,7500,66.44,D
sz002409,雅克科技,2025-09-22 10:26:30,66.43,12700,66.43,D
sz002409,雅克科技,2025-09-22 10:26:33,66.43,5500,66.43,U
sz002409,雅克科技,2025-09-22 10:26:45,66.41,3700,66.41,D
sz002409,雅克科技,2025-09-22 10:26:54,66.41,7800,66.41,D
sz002409,雅克科技,2025-09-22 10:27:00,66.38,4000,66.38,D
sz002409,雅克科技,2025-09-22 10:27:03,66.37,3700,66.38,D
sz002409,雅克科技,2025-09-22 10:27:06,66.38,25100,66.37,U
sz002409,雅克科技,2025-09-22 10:27:09,66.41,3300,66.38,D
sz002409,雅克科技,2025-09-22 10:27:12,66.42,8700,66.41,E
sz002409,雅克科技,2025-09-22 10:27:18,66.47,4700,66.5,E
sz002409,雅克科技,2025-09-22 10:27:21,66.52,25800,66.47,U
sz002409,雅克科技,2025-09-22 10:27:30,66.54,5100,66.52,U
sz002409,雅克科技,2025-09-22 10:27:42,66.54,4300,66.59,D
sz002409,雅克科技,2025-09-22 10:27:54,66.54,14900,66.55,D
sz002409,雅克科技,2025-09-22 10:28:09,66.54,4500,66.55,E
sz002409,雅克科技,2025-09-22 10:28:21,66.5,3300,66.52,D
sz002409,雅克科技,2025-09-22 10:28:24,66.5,6300,66.5,D
sz002409,雅克科技,2025-09-22 10:29:03,66.45,31500,66.53,D
sz002409,雅克科技,2025-09-22 10:29:15,66.44,7300,66.43,U
sz002409,雅克科技,2025-09-22 10:29:27,66.43,4700,66.44,D
sz002409,雅克科技,2025-09-22 10:29:54,66.36,25900,66.42,D
sz002409,雅克科技,2025-09-22 10:29:57,66.35,3900,66.36,D
sz002409,雅克科技,2025-09-22 10:30:00,66.34,9300,66.35,D
sz002409,雅克科技,2025-09-22 10:30:03,66.34,18900,66.34,D
sz002409,雅克科技,2025-09-22 10:30:06,66.34,13000,66.34,U
sz002409,雅克科技,2025-09-22 10:30:12,66.34,7900,66.3,U
sz002409,雅克科技,2025-09-22 10:30:15,66.35,4900,66.34,U
sz002409,雅克科技,2025-09-22 10:30:18,66.34,7400,66.35,D
sz002409,雅克科技,2025-09-22 10:30:21,66.35,6900,66.34,E
sz002409,雅克科技,2025-09-22 10:30:27,66.35,4100,66.35,D
sz002409,雅克科技,2025-09-22 10:30:30,66.4,8600,66.35,U
sz002409,雅克科技,2025-09-22 10:30:57,66.37,13700,66.38,D
sz002409,雅克科技,2025-09-22 10:31:00,66.4,4200,66.37,D
sz002409,雅克科技,2025-09-22 10:31:09,66.42,6700,66.41,U
sz002409,雅克科技,2025-09-22 10:31:12,66.43,8900,66.42,E
sz002409,雅克科技,2025-09-22 10:31:15,66.41,3400,66.43,D
sz002409,雅克科技,2025-09-22 10:31:24,66.42,5000,66.45,D
sz002409,雅克科技,2025-09-22 10:31:27,66.54,16000,66.42,U
sz002409,雅克科技,2025-09-22 10:31:45,66.49,3200,66.53,D
sz002409,雅克科技,2025-09-22 10:31:48,66.47,6900,66.49,D
sz002409,雅克科技,2025-09-22 10:31:57,66.4,16500,66.43,D
sz002409,雅克科技,2025-09-22 10:32:03,66.39,6900,66.39,D
sz002409,雅克科技,2025-09-22 10:32:15,66.36,7900,66.39,D
sz002409,雅克科技,2025-09-22 10:32:18,66.35,5400,66.36,D
sz002409,雅克科技,2025-09-22 10:32:21,66.35,13000,66.35,D
sz002409,雅克科技,2025-09-22 10:32:24,66.35,4400,66.35,U
sz002409,雅克科技,2025-09-22 10:32:33,66.3,3700,66.31,D
sz002409,雅克科技,2025-09-22 10:32:42,66.29,5300,66.29,D
sz002409,雅克科技,2025-09-22 10:32:45,66.28,5400,66.29,D
sz002409,雅克科技,2025-09-22 10:32:51,66.28,4700,66.28,D
sz002409,雅克科技,2025-09-22 10:32:54,66.26,3900,66.28,D
sz002409,雅克科技,2025-09-22 10:33:00,66.3,16400,66.28,U
sz002409,雅克科技,2025-09-22 10:33:03,66.34,6900,66.3,U
sz002409,雅克科技,2025-09-22 10:33:24,66.29,3700,66.28,U
sz002409,雅克科技,2025-09-22 10:33:36,66.29,3200,66.29,U
sz002409,雅克科技,2025-09-22 10:33:54,66.28,6700,66.28,U
sz002409,雅克科技,2025-09-22 10:34:12,66.25,7600,66.27,D
sz002409,雅克科技,2025-09-22 10:34:15,66.24,8200,66.25,D
sz002409,雅克科技,2025-09-22 10:34:18,66.24,26200,66.24,D
sz002409,雅克科技,2025-09-22 10:34:21,66.23,3400,66.24,D
sz002409,雅克科技,2025-09-22 10:34:24,66.21,4000,66.23,D
sz002409,雅克科技,2025-09-22 10:34:39,66.21,5400,66.21,D
sz002409,雅克科技,2025-09-22 10:34:45,66.21,14400,66.21,U
sz002409,雅克科技,2025-09-22 10:34:48,66.19,4700,66.21,D
sz002409,雅克科技,2025-09-22 10:34:51,66.2,3500,66.19,E
sz002409,雅克科技,2025-09-22 10:35:06,66.16,3200,66.18,D
sz002409,雅克科技,2025-09-22 10:35:09,66.23,18900,66.16,U
sz002409,雅克科技,2025-09-22 10:35:12,66.26,5300,66.23,U
sz002409,雅克科技,2025-09-22 10:35:27,66.28,6800,66.27,U
sz002409,雅克科技,2025-09-22 10:35:54,66.32,9500,66.31,U
sz002409,雅克科技,2025-09-22 10:36:06,66.35,9100,66.33,E
sz002409,雅克科技,2025-09-22 10:36:15,66.48,3800,66.41,U
sz002409,雅克科技,2025-09-22 10:36:18,66.47,8800,66.48,D
sz002409,雅克科技,2025-09-22 10:36:21,66.48,9500,66.47,U
sz002409,雅克科技,2025-09-22 10:36:27,66.48,3400,66.46,U
sz002409,雅克科技,2025-09-22 10:36:42,66.41,12400,66.4,U
sz002409,雅克科技,2025-09-22 10:37:33,66.44,5200,66.44,D
sz002409,雅克科技,2025-09-22 10:38:21,66.39,3900,66.39,D
sz002409,雅克科技,2025-09-22 10:38:36,66.39,7000,66.38,U
sz002409,雅克科技,2025-09-22 10:38:39,66.4,8900,66.39,U
sz002409,雅克科技,2025-09-22 10:38:45,66.39,3700,66.39,D
sz002409,雅克科技,2025-09-22 10:39:09,66.4,8500,66.4,U
sz002409,雅克科技,2025-09-22 10:40:18,66.37,8900,66.42,D
sz002409,雅克科技,2025-09-22 10:41:12,66.32,5900,66.37,D
sz002409,雅克科技,2025-09-22 10:41:36,66.28,3500,66.28,D
sz002409,雅克科技,2025-09-22 10:41:39,66.23,14200,66.28,D
sz002409,雅克科技,2025-09-22 10:41:45,66.29,3300,66.28,D
sz002409,雅克科技,2025-09-22 10:41:54,66.29,3600,66.29,U
sz002409,雅克科技,2025-09-22 10:42:06,66.25,3300,66.26,D
sz002409,雅克科技,2025-09-22 10:42:24,66.26,5800,66.26,E
sz002409,雅克科技,2025-09-22 10:42:27,66.26,3500,66.26,U
sz002409,雅克科技,2025-09-22 10:42:42,66.25,3700,66.25,D
sz002409,雅克科技,2025-09-22 10:42:45,66.23,7100,66.25,D
sz002409,雅克科技,2025-09-22 10:42:54,66.14,24700,66.21,D
sz002409,雅克科技,2025-09-22 10:42:57,66.14,5200,66.14,D
sz002409,雅克科技,2025-09-22 10:43:03,66.13,12400,66.14,D
sz002409,雅克科技,2025-09-22 10:43:09,66.12,6600,66.13,D
sz002409,雅克科技,2025-09-22 10:43:18,66.14,5500,66.13,U
sz002409,雅克科技,2025-09-22 10:43:21,66.13,5100,66.14,D
sz002409,雅克科技,2025-09-22 10:43:30,66.17,8900,66.14,U
sz002409,雅克科技,2025-09-22 10:43:36,66.16,5300,66.16,D
sz002409,雅克科技,2025-09-22 10:43:45,66.17,6700,66.16,U
sz002409,雅克科技,2025-09-22 10:43:54,66.17,20700,66.16,U
sz002409,雅克科技,2025-09-22 10:43:57,66.16,4000,66.17,D
sz002409,雅克科技,2025-09-22 10:44:00,66.17,4000,66.16,E
sz002409,雅克科技,2025-09-22 10:44:03,66.19,3600,66.17,U
sz002409,雅克科技,2025-09-22 10:44:09,66.24,7500,66.22,U
sz002409,雅克科技,2025-09-22 10:44:21,66.2,13600,66.22,D
sz002409,雅克科技,2025-09-22 10:44:24,66.19,7900,66.2,D
sz002409,雅克科技,2025-09-22 10:44:36,66.11,15600,66.18,D
sz002409,雅克科技,2025-09-22 10:44:39,66.1,21200,66.11,D
sz002409,雅克科技,2025-09-22 10:44:45,66.09,3500,66.09,D
sz002409,雅克科技,2025-09-22 10:44:54,66.08,7600,66.08,D
sz002409,雅克科技,2025-09-22 10:45:00,66.03,37100,66.07,D
sz002409,雅克科技,2025-09-22 10:45:06,66.02,21400,66.03,D
sz002409,雅克科技,2025-09-22 10:45:09,66.04,8900,66.02,U
sz002409,雅克科技,2025-09-22 10:45:21,66.06,9300,66.05,D
sz002409,雅克科技,2025-09-22 10:45:24,66.08,4200,66.06,U
sz002409,雅克科技,2025-09-22 10:45:30,66.09,4400,66.09,U
sz002409,雅克科技,2025-09-22 10:45:42,66.1,3500,66.09,U
sz002409,雅克科技,2025-09-22 10:45:51,66.13,4100,66.13,U
sz002409,雅克科技,2025-09-22 10:45:57,66.1,5200,66.11,D
sz002409,雅克科技,2025-09-22 10:46:03,66.08,14600,66.1,D
sz002409,雅克科技,2025-09-22 10:46:06,66.08,3300,66.08,D
sz002409,雅克科技,2025-09-22 10:46:09,66.08,5500,66.08,D
sz002409,雅克科技,2025-09-22 10:46:12,66.06,7300,66.08,D
sz002409,雅克科技,2025-09-22 10:46:21,66.06,13700,66.06,U
sz002409,雅克科技,2025-09-22 10:46:24,66.08,8800,66.06,U
sz002409,雅克科技,2025-09-22 10:46:30,66.08,3400,66.07,U
sz002409,雅克科技,2025-09-22 10:46:33,66.08,6100,66.08,U
sz002409,雅克科技,2025-09-22 10:46:45,66.1,5700,66.09,U
sz002409,雅克科技,2025-09-22 10:47:03,66.13,5400,66.12,U
sz002409,雅克科技,2025-09-22 10:47:06,66.12,5400,66.13,D
sz002409,雅克科技,2025-09-22 10:47:09,66.12,17900,66.12,D
sz002409,雅克科技,2025-09-22 10:47:12,66.1,20500,66.12,D
sz002409,雅克科技,2025-09-22 10:47:24,66.12,5100,66.12,D
sz002409,雅克科技,2025-09-22 10:47:27,66.12,5400,66.12,E
sz002409,雅克科技,2025-09-22 10:47:30,66.16,9300,66.12,U
sz002409,雅克科技,2025-09-22 10:47:33,66.12,9000,66.16,E
sz002409,雅克科技,2025-09-22 10:47:39,66.09,3900,66.1,D
sz002409,雅克科技,2025-09-22 10:47:42,66.07,15300,66.09,D
sz002409,雅克科技,2025-09-22 10:47:57,66.05,11600,66.08,D
sz002409,雅克科技,2025-09-22 10:48:06,66.1,10500,66.06,U
sz002409,雅克科技,2025-09-22 10:48:15,66.11,33100,66.1,E
sz002409,雅克科技,2025-09-22 10:48:27,66.05,6300,66.1,D
sz002409,雅克科技,2025-09-22 10:48:33,66.02,3500,66.04,D
sz002409,雅克科技,2025-09-22 10:48:42,66.04,3100,66.04,D
sz002409,雅克科技,2025-09-22 10:48:51,66.03,8800,66.03,U
sz002409,雅克科技,2025-09-22 10:49:00,66.08,7000,66.02,U
sz002409,雅克科技,2025-09-22 10:49:03,66.02,11500,66.08,D
sz002409,雅克科技,2025-09-22 10:49:09,66.1,11000,66.09,U
sz002409,雅克科技,2025-09-22 10:49:36,66.13,11100,66.12,U
sz002409,雅克科技,2025-09-22 10:49:39,66.15,7800,66.13,U
sz002409,雅克科技,2025-09-22 10:49:45,66.16,17800,66.16,E
sz002409,雅克科技,2025-09-22 10:49:51,66.17,166300,66.25,D
sz002409,雅克科技,2025-09-22 10:49:54,66.25,4000,66.17,U
sz002409,雅克科技,2025-09-22 10:49:57,66.24,4400,66.25,E
sz002409,雅克科技,2025-09-22 10:50:09,66.2,3900,66.29,D
sz002409,雅克科技,2025-09-22 10:50:39,66.2,3800,66.22,E
sz002409,雅克科技,2025-09-22 10:50:48,66.2,6200,66.17,U
sz002409,雅克科技,2025-09-22 10:50:57,66.28,7800,66.21,U
sz002409,雅克科技,2025-09-22 10:51:00,66.29,7100,66.28,U
sz002409,雅克科技,2025-09-22 10:51:24,66.34,4300,66.35,D
sz002409,雅克科技,2025-09-22 10:51:54,66.25,4800,66.25,U
sz002409,雅克科技,2025-09-22 10:51:57,66.28,26900,66.25,U
sz002409,雅克科技,2025-09-22 10:52:00,66.3,3300,66.28,U
sz002409,雅克科技,2025-09-22 10:52:03,66.29,4800,66.3,D
sz002409,雅克科技,2025-09-22 10:52:12,66.32,13600,66.27,U
sz002409,雅克科技,2025-09-22 10:52:24,66.31,5400,66.32,D
sz002409,雅克科技,2025-09-22 10:52:39,66.32,15000,66.31,U
sz002409,雅克科技,2025-09-22 10:52:42,66.3,10500,66.32,D
sz002409,雅克科技,2025-09-22 10:52:54,66.3,6000,66.3,U
sz002409,雅克科技,2025-09-22 10:53:09,66.31,15500,66.31,U
sz002409,雅克科技,2025-09-22 10:53:21,66.32,7800,66.32,U
sz002409,雅克科技,2025-09-22 10:53:24,66.29,5800,66.32,D
sz002409,雅克科技,2025-09-22 10:53:36,66.27,3400,66.27,E
sz002409,雅克科技,2025-09-22 10:53:51,66.24,7400,66.22,U
sz002409,雅克科技,2025-09-22 10:54:03,66.21,24500,66.21,U
sz002409,雅克科技,2025-09-22 10:54:06,66.22,13000,66.21,U
sz002409,雅克科技,2025-09-22 10:54:09,66.22,9100,66.22,D
sz002409,雅克科技,2025-09-22 10:54:24,66.26,18100,66.3,E
sz002409,雅克科技,2025-09-22 10:54:33,66.28,8500,66.3,E
sz002409,雅克科技,2025-09-22 10:54:36,66.28,4800,66.28,U
sz002409,雅克科技,2025-09-22 10:54:39,66.3,7700,66.28,U
sz002409,雅克科技,2025-09-22 10:54:42,66.3,19400,66.3,U
sz002409,雅克科技,2025-09-22 10:54:57,66.31,5800,66.31,U
sz002409,雅克科技,2025-09-22 10:55:03,66.29,7400,66.31,D
sz002409,雅克科技,2025-09-22 10:55:09,66.37,23800,66.29,U
sz002409,雅克科技,2025-09-22 10:55:12,66.37,3500,66.37,D
sz002409,雅克科技,2025-09-22 10:55:18,66.37,6500,66.38,D
sz002409,雅克科技,2025-09-22 10:55:27,66.37,16300,66.33,U
sz002409,雅克科技,2025-09-22 10:55:33,66.37,19100,66.39,E
sz002409,雅克科技,2025-09-22 10:55:54,66.29,4200,66.3,E
sz002409,雅克科技,2025-09-22 10:55:57,66.31,3500,66.29,U
sz002409,雅克科技,2025-09-22 10:56:03,66.22,5700,66.31,D
sz002409,雅克科技,2025-09-22 10:56:15,66.2,10500,66.2,D
sz002409,雅克科技,2025-09-22 10:56:45,66.17,3800,66.17,U
sz002409,雅克科技,2025-09-22 10:56:48,66.16,4600,66.17,D
sz002409,雅克科技,2025-09-22 10:56:51,66.18,13100,66.16,U
sz002409,雅克科技,2025-09-22 10:57:00,66.15,12200,66.2,D
sz002409,雅克科技,2025-09-22 10:57:09,66.12,4900,66.14,D
sz002409,雅克科技,2025-09-22 10:57:24,66.09,14700,66.1,D
sz002409,雅克科技,2025-09-22 10:57:33,66.05,4500,66.09,D
sz002409,雅克科技,2025-09-22 10:57:48,66.01,11600,66.04,D
sz002409,雅克科技,2025-09-22 10:57:54,66.0,3500,66.01,D
sz002409,雅克科技,2025-09-22 10:57:57,66.0,5200,66.0,D
sz002409,雅克科技,2025-09-22 10:58:00,66.01,4400,66.0,U
sz002409,雅克科技,2025-09-22 10:58:03,66.06,43800,66.01,U
sz002409,雅克科技,2025-09-22 10:58:06,66.12,15700,66.06,U
sz002409,雅克科技,2025-09-22 10:58:12,66.06,5600,66.12,D
sz002409,雅克科技,2025-09-22 10:58:24,66.16,12200,66.17,D
sz002409,雅克科技,2025-09-22 10:58:27,66.1,3600,66.16,D
sz002409,雅克科技,2025-09-22 10:58:30,66.16,11000,66.1,U
sz002409,雅克科技,2025-09-22 10:58:33,66.06,14000,66.16,D
sz002409,雅克科技,2025-09-22 10:58:39,66.05,5000,66.09,D
sz002409,雅克科技,2025-09-22 10:58:45,66.0,6800,66.04,D
sz002409,雅克科技,2025-09-22 10:58:48,66.0,6500,66.0,U
sz002409,雅克科技,2025-09-22 10:58:57,66.04,31700,65.98,U
sz002409,雅克科技,2025-09-22 10:59:03,66.09,28500,66.07,U
sz002409,雅克科技,2025-09-22 10:59:06,66.08,4100,66.09,E
sz002409,雅克科技,2025-09-22 10:59:09,66.11,6100,66.08,U
sz002409,雅克科技,2025-09-22 10:59:12,66.0,8500,66.11,D
sz002409,雅克科技,2025-09-22 10:59:18,66.05,13800,66.1,D
sz002409,雅克科技,2025-09-22 10:59:24,66.1,22800,66.05,U
sz002409,雅克科技,2025-09-22 10:59:27,66.1,13600,66.1,U
sz002409,雅克科技,2025-09-22 10:59:30,66.11,10700,66.1,U
sz002409,雅克科技,2025-09-22 10:59:36,66.09,4700,66.11,D
sz002409,雅克科技,2025-09-22 10:59:39,66.04,8100,66.09,D
sz002409,雅克科技,2025-09-22 10:59:42,66.01,18400,66.04,E
sz002409,雅克科技,2025-09-22 10:59:45,66.01,6200,66.01,D
sz002409,雅克科技,2025-09-22 10:59:51,66.05,10500,66.09,D
sz002409,雅克科技,2025-09-22 11:00:03,66.13,11200,66.11,U
sz002409,雅克科技,2025-09-22 11:00:09,66.16,3400,66.15,U
sz002409,雅克科技,2025-09-22 11:00:30,66.22,6800,66.18,U
sz002409,雅克科技,2025-09-22 11:00:33,66.24,3700,66.22,U
sz002409,雅克科技,2025-09-22 11:00:45,66.32,3100,66.28,U
sz002409,雅克科技,2025-09-22 11:00:51,66.39,3100,66.33,U
sz002409,雅克科技,2025-09-22 11:01:12,66.39,3300,66.38,U
sz002409,雅克科技,2025-09-22 11:01:15,66.38,4000,66.39,D
sz002409,雅克科技,2025-09-22 11:01:21,66.36,4500,66.37,D
sz002409,雅克科技,2025-09-22 11:01:27,66.36,5200,66.35,U
sz002409,雅克科技,2025-09-22 11:01:42,66.24,7600,66.25,D
sz002409,雅克科技,2025-09-22 11:01:45,66.34,4800,66.24,U
sz002409,雅克科技,2025-09-22 11:02:03,66.18,5000,66.22,D
sz002409,雅克科技,2025-09-22 11:02:27,66.18,3100,66.2,D
sz002409,雅克科技,2025-09-22 11:02:48,66.16,7500,66.16,U
sz002409,雅克科技,2025-09-22 11:02:51,66.23,7700,66.16,U
sz002409,雅克科技,2025-09-22 11:02:54,66.25,5300,66.23,U
sz002409,雅克科技,2025-09-22 11:03:00,66.21,16000,66.27,D
sz002409,雅克科技,2025-09-22 11:03:24,66.31,4500,66.3,U
sz002409,雅克科技,2025-09-22 11:03:33,66.33,3100,66.33,D
sz002409,雅克科技,2025-09-22 11:03:51,66.34,6100,66.34,D
sz002409,雅克科技,2025-09-22 11:03:57,66.37,5600,66.35,U
sz002409,雅克科技,2025-09-22 11:04:00,66.35,4600,66.37,D
sz002409,雅克科技,2025-09-22 11:04:03,66.37,3800,66.35,U
sz002409,雅克科技,2025-09-22 11:04:18,66.38,3300,66.38,E
sz002409,雅克科技,2025-09-22 11:04:27,66.39,4600,66.39,U
sz002409,雅克科技,2025-09-22 11:04:33,66.36,3300,66.36,D
sz002409,雅克科技,2025-09-22 11:04:36,66.34,9500,66.36,D
sz002409,雅克科技,2025-09-22 11:04:42,66.3,4500,66.33,D
sz002409,雅克科技,2025-09-22 11:05:06,66.24,9000,66.24,U
sz002409,雅克科技,2025-09-22 11:06:21,66.21,5100,66.22,D
sz002409,雅克科技,2025-09-22 11:06:51,66.15,3800,66.15,D
sz002409,雅克科技,2025-09-22 11:07:06,66.18,5100,66.2,D
sz002409,雅克科技,2025-09-22 11:07:12,66.21,12800,66.18,U
sz002409,雅克科技,2025-09-22 11:07:15,66.23,4500,66.21,U
sz002409,雅克科技,2025-09-22 11:07:42,66.17,3500,66.16,E
sz002409,雅克科技,2025-09-22 11:07:45,66.15,4400,66.17,E
sz002409,雅克科技,2025-09-22 11:07:48,66.09,5600,66.15,D
sz002409,雅克科技,2025-09-22 11:08:06,65.96,53100,66.07,D
sz002409,雅克科技,2025-09-22 11:08:27,65.97,4000,65.95,U
sz002409,雅克科技,2025-09-22 11:08:57,65.95,7200,65.96,D
sz002409,雅克科技,2025-09-22 11:09:00,65.94,21700,65.95,D
sz002409,雅克科技,2025-09-22 11:09:09,65.9,8900,65.91,D
sz002409,雅克科技,2025-09-22 11:09:21,65.91,3200,65.91,D
sz002409,雅克科技,2025-09-22 11:09:24,65.94,27000,65.91,U
sz002409,雅克科技,2025-09-22 11:09:27,65.95,5200,65.94,U
sz002409,雅克科技,2025-09-22 11:09:39,65.96,4500,65.96,U
sz002409,雅克科技,2025-09-22 11:09:45,65.97,20300,65.97,U
sz002409,雅克科技,2025-09-22 11:09:54,65.97,14500,65.97,U
sz002409,雅克科技,2025-09-22 11:09:57,65.97,4500,65.97,U
sz002409,雅克科技,2025-09-22 11:10:12,65.96,3300,65.98,D
sz002409,雅克科技,2025-09-22 11:10:18,66.0,3300,65.97,U
sz002409,雅克科技,2025-09-22 11:10:21,66.01,10700,66.0,U
sz002409,雅克科技,2025-09-22 11:10:39,66.03,4700,66.05,D
sz002409,雅克科技,2025-09-22 11:10:42,66.03,23500,66.03,E
sz002409,雅克科技,2025-09-22 11:11:12,66.01,3500,66.01,U
sz002409,雅克科技,2025-09-22 11:11:36,65.96,3700,65.96,D
sz002409,雅克科技,2025-09-22 11:12:03,65.9,9700,65.94,D
sz002409,雅克科技,2025-09-22 11:12:09,65.92,3700,65.94,D
sz002409,雅克科技,2025-09-22 11:12:12,65.96,6900,65.92,U
sz002409,雅克科技,2025-09-22 11:12:18,65.95,3300,65.97,D
sz002409,雅克科技,2025-09-22 11:12:36,65.93,5600,65.95,D
sz002409,雅克科技,2025-09-22 11:12:39,65.93,4600,65.93,U
sz002409,雅克科技,2025-09-22 11:12:48,65.96,5600,65.94,U
sz002409,雅克科技,2025-09-22 11:13:00,65.94,4000,65.95,D
sz002409,雅克科技,2025-09-22 11:13:03,65.93,8600,65.94,D
sz002409,雅克科技,2025-09-22 11:13:06,65.92,4400,65.93,D
sz002409,雅克科技,2025-09-22 11:13:12,65.92,5500,65.92,D
sz002409,雅克科技,2025-09-22 11:13:18,65.92,3100,65.91,U
sz002409,雅克科技,2025-09-22 11:13:27,65.91,9200,65.91,D
sz002409,雅克科技,2025-09-22 11:13:42,65.88,11600,65.92,D
sz002409,雅克科技,2025-09-22 11:13:45,65.88,13000,65.88,D
sz002409,雅克科技,2025-09-22 11:14:03,65.82,4100,65.84,D
sz002409,雅克科技,2025-09-22 11:14:06,65.83,5100,65.82,U
sz002409,雅克科技,2025-09-22 11:14:24,65.82,5700,65.82,U
sz002409,雅克科技,2025-09-22 11:14:33,65.82,23500,65.82,U
sz002409,雅克科技,2025-09-22 11:14:42,65.81,3100,65.82,D
sz002409,雅克科技,2025-09-22 11:14:45,65.8,9800,65.81,D
sz002409,雅克科技,2025-09-22 11:14:48,65.79,8000,65.8,E
sz002409,雅克科技,2025-09-22 11:14:57,65.75,4200,65.75,D
sz002409,雅克科技,2025-09-22 11:15:09,65.73,5900,65.74,D
sz002409,雅克科技,2025-09-22 11:15:18,65.72,4000,65.73,D
sz002409,雅克科技,2025-09-22 11:15:21,65.72,11000,65.72,D
sz002409,雅克科技,2025-09-22 11:15:24,65.72,4800,65.72,U
sz002409,雅克科技,2025-09-22 11:15:27,65.74,16300,65.72,U
sz002409,雅克科技,2025-09-22 11:15:30,65.82,33800,65.74,U
sz002409,雅克科技,2025-09-22 11:15:33,65.83,4900,65.82,U
sz002409,雅克科技,2025-09-22 11:15:42,65.82,3100,65.84,E
sz002409,雅克科技,2025-09-22 11:15:51,65.83,7100,65.81,U
sz002409,雅克科技,2025-09-22 11:15:54,65.85,7800,65.83,U
sz002409,雅克科技,2025-09-22 11:16:21,65.84,6500,65.87,D
sz002409,雅克科技,2025-09-22 11:16:30,65.81,4400,65.83,D
sz002409,雅克科技,2025-09-22 11:16:45,65.79,6100,65.81,D
sz002409,雅克科技,2025-09-22 11:17:06,65.8,11900,65.76,U
sz002409,雅克科技,2025-09-22 11:17:15,65.83,3600,65.83,U
sz002409,雅克科技,2025-09-22 11:17:18,65.87,8700,65.83,U
sz002409,雅克科技,2025-09-22 11:18:03,65.88,3200,65.91,D
sz002409,雅克科技,2025-09-22 11:18:21,65.91,3200,65.89,U
sz002409,雅克科技,2025-09-22 11:18:24,65.91,7500,65.91,U
sz002409,雅克科技,2025-09-22 11:18:27,65.87,20200,65.91,D
sz002409,雅克科技,2025-09-22 11:18:36,65.9,16000,65.87,U
sz002409,雅克科技,2025-09-22 11:18:51,65.86,8100,65.87,D
sz002409,雅克科技,2025-09-22 11:19:42,65.77,3400,65.78,D
sz002409,雅克科技,2025-09-22 11:19:48,65.76,4300,65.77,D
sz002409,雅克科技,2025-09-22 11:19:51,65.74,5000,65.76,D
sz002409,雅克科技,2025-09-22 11:20:09,65.75,7000,65.75,D
sz002409,雅克科技,2025-09-22 11:20:21,65.77,5200,65.8,D
sz002409,雅克科技,2025-09-22 11:20:27,65.75,7700,65.8,D
sz002409,雅克科技,2025-09-22 11:20:51,65.82,3500,65.79,U
sz002409,雅克科技,2025-09-22 11:21:00,65.83,11800,65.82,D
sz002409,雅克科技,2025-09-22 11:21:12,65.83,13700,65.78,U
sz002409,雅克科技,2025-09-22 11:21:27,65.79,11300,65.87,D
sz002409,雅克科技,2025-09-22 11:22:12,65.85,3700,65.86,D
sz002409,雅克科技,2025-09-22 11:22:39,65.85,3800,65.85,U
sz002409,雅克科技,2025-09-22 11:22:48,65.79,6000,65.81,D
sz002409,雅克科技,2025-09-22 11:23:03,65.79,3200,65.79,U
sz002409,雅克科技,2025-09-22 11:23:12,65.83,38700,65.78,U
sz002409,雅克科技,2025-09-22 11:23:33,65.95,46800,65.88,U
sz002409,雅克科技,2025-09-22 11:24:03,65.95,4000,65.95,D
sz002409,雅克科技,2025-09-22 11:24:33,65.95,3700,65.94,U
sz002409,雅克科技,2025-09-22 11:24:45,65.96,5200,65.96,E
sz002409,雅克科技,2025-09-22 11:26:06,65.91,12300,65.96,D
sz002409,雅克科技,2025-09-22 11:27:09,65.84,5600,65.84,U
sz002409,雅克科技,2025-09-22 11:27:51,65.83,4300,65.82,U
sz002409,雅克科技,2025-09-22 11:28:15,65.83,4300,65.83,U
sz002409,雅克科技,2025-09-22 11:28:18,65.84,3400,65.83,U
sz002409,雅克科技,2025-09-22 11:28:21,65.82,6600,65.84,D
sz002409,雅克科技,2025-09-22 11:28:30,65.82,3700,65.82,D
sz002409,雅克科技,2025-09-22 11:28:36,65.88,14000,65.83,U
sz002409,雅克科技,2025-09-22 11:28:42,65.88,3800,65.88,U
sz002409,雅克科技,2025-09-22 11:28:48,65.89,3200,65.88,U
sz002409,雅克科技,2025-09-22 11:29:09,65.87,3300,65.88,E
sz002409,雅克科技,2025-09-22 13:00:00,65.84,20900,65.85,D
sz002409,雅克科技,2025-09-22 13:00:03,65.88,17000,65.84,U
sz002409,雅克科技,2025-09-22 13:00:18,65.82,14600,65.84,D
sz002409,雅克科技,2025-09-22 13:00:33,65.82,4400,65.83,D
sz002409,雅克科技,2025-09-22 13:00:42,65.82,22300,65.82,U
sz002409,雅克科技,2025-09-22 13:00:48,65.89,9100,65.82,U
sz002409,雅克科技,2025-09-22 13:00:51,65.9,7800,65.89,U
sz002409,雅克科技,2025-09-22 13:00:57,65.98,3700,65.93,U
sz002409,雅克科技,2025-09-22 13:01:03,65.96,5300,65.98,D
sz002409,雅克科技,2025-09-22 13:01:09,65.96,3900,65.97,D
sz002409,雅克科技,2025-09-22 13:01:12,65.97,7700,65.96,D
sz002409,雅克科技,2025-09-22 13:01:27,65.99,4500,65.99,U
sz002409,雅克科技,2025-09-22 13:01:42,65.98,3300,65.99,D
sz002409,雅克科技,2025-09-22 13:01:45,65.98,14700,65.98,D
sz002409,雅克科技,2025-09-22 13:01:51,65.98,5200,65.99,D
sz002409,雅克科技,2025-09-22 13:02:00,65.97,8800,66.0,D
sz002409,雅克科技,2025-09-22 13:02:06,66.0,5500,65.97,U
sz002409,雅克科技,2025-09-22 13:02:09,65.98,4100,66.0,D
sz002409,雅克科技,2025-09-22 13:02:12,66.05,7300,65.98,U
sz002409,雅克科技,2025-09-22 13:02:18,65.99,5900,66.05,D
sz002409,雅克科技,2025-09-22 13:02:21,65.98,3100,65.99,D
sz002409,雅克科技,2025-09-22 13:02:54,66.08,4900,66.05,U
sz002409,雅克科技,2025-09-22 13:03:12,66.16,10500,66.1,U
sz002409,雅克科技,2025-09-22 13:03:18,66.04,11600,66.16,D
sz002409,雅克科技,2025-09-22 13:03:27,66.14,4500,66.16,D
sz002409,雅克科技,2025-09-22 13:03:39,66.14,8300,66.28,D
sz002409,雅克科技,2025-09-22 13:03:57,66.15,4600,66.13,U
sz002409,雅克科技,2025-09-22 13:04:00,66.16,7600,66.15,E
sz002409,雅克科技,2025-09-22 13:04:21,66.18,5900,66.18,D
sz002409,雅克科技,2025-09-22 13:04:27,66.25,12800,66.18,U
sz002409,雅克科技,2025-09-22 13:04:30,66.25,4000,66.25,D
sz002409,雅克科技,2025-09-22 13:04:33,66.25,6200,66.25,D
sz002409,雅克科技,2025-09-22 13:04:51,66.26,9600,66.3,D
sz002409,雅克科技,2025-09-22 13:04:54,66.25,5500,66.26,D
sz002409,雅克科技,2025-09-22 13:04:57,66.3,6100,66.25,U
sz002409,雅克科技,2025-09-22 13:05:21,66.3,3200,66.3,U
sz002409,雅克科技,2025-09-22 13:05:27,66.35,7500,66.31,U
sz002409,雅克科技,2025-09-22 13:05:33,66.38,5100,66.37,U
sz002409,雅克科技,2025-09-22 13:05:39,66.38,3300,66.38,U
sz002409,雅克科技,2025-09-22 13:05:42,66.31,5100,66.38,D
sz002409,雅克科技,2025-09-22 13:05:45,66.39,12100,66.31,U
sz002409,雅克科技,2025-09-22 13:05:54,66.39,3400,66.31,U
sz002409,雅克科技,2025-09-22 13:05:57,66.36,3400,66.39,E
sz002409,雅克科技,2025-09-22 13:06:00,66.39,7100,66.36,U
sz002409,雅克科技,2025-09-22 13:06:03,66.43,25100,66.39,U
sz002409,雅克科技,2025-09-22 13:06:06,66.45,6600,66.43,U
sz002409,雅克科技,2025-09-22 13:06:09,66.36,26700,66.45,D
sz002409,雅克科技,2025-09-22 13:06:12,66.29,13000,66.36,D
sz002409,雅克科技,2025-09-22 13:06:18,66.18,5100,66.27,D
sz002409,雅克科技,2025-09-22 13:06:21,66.19,3100,66.18,E
sz002409,雅克科技,2025-09-22 13:06:33,66.11,11800,66.12,D
sz002409,雅克科技,2025-09-22 13:06:36,66.1,5700,66.11,D
sz002409,雅克科技,2025-09-22 13:06:51,66.04,4800,66.04,U
sz002409,雅克科技,2025-09-22 13:07:00,66.15,11000,66.09,U
sz002409,雅克科技,2025-09-22 13:07:12,66.24,9100,66.23,E
sz002409,雅克科技,2025-09-22 13:07:15,66.24,7200,66.24,D
sz002409,雅克科技,2025-09-22 13:07:33,66.24,9500,66.18,U
sz002409,雅克科技,2025-09-22 13:07:48,66.25,3600,66.26,D
sz002409,雅克科技,2025-09-22 13:08:12,66.36,5200,66.32,U
sz002409,雅克科技,2025-09-22 13:08:15,66.33,14100,66.36,D
sz002409,雅克科技,2025-09-22 13:08:33,66.33,7200,66.34,D
sz002409,雅克科技,2025-09-22 13:09:00,66.36,5200,66.34,U
sz002409,雅克科技,2025-09-22 13:09:03,66.36,3200,66.36,D
sz002409,雅克科技,2025-09-22 13:09:12,66.4,3100,66.36,U
sz002409,雅克科技,2025-09-22 13:09:33,66.38,9000,66.38,E
sz002409,雅克科技,2025-09-22 13:09:39,66.35,5700,66.32,U
sz002409,雅克科技,2025-09-22 13:09:51,66.28,4700,66.33,D
sz002409,雅克科技,2025-09-22 13:10:00,66.26,10200,66.27,D
sz002409,雅克科技,2025-09-22 13:10:06,66.24,4300,66.17,U
sz002409,雅克科技,2025-09-22 13:10:39,66.17,10400,66.24,D
sz002409,雅克科技,2025-09-22 13:10:54,66.21,4000,66.18,U
sz002409,雅克科技,2025-09-22 13:11:00,66.19,41900,66.21,D
sz002409,雅克科技,2025-09-22 13:11:03,66.13,10200,66.19,D
sz002409,雅克科技,2025-09-22 13:11:09,66.11,4300,66.12,D
sz002409,雅克科技,2025-09-22 13:11:15,66.16,3100,66.11,E
sz002409,雅克科技,2025-09-22 13:11:24,66.18,6000,66.2,D
sz002409,雅克科技,2025-09-22 13:12:06,66.17,58500,66.19,D
sz002409,雅克科技,2025-09-22 13:12:09,66.15,18100,66.17,D
sz002409,雅克科技,2025-09-22 13:12:18,66.26,77900,66.17,U
sz002409,雅克科技,2025-09-22 13:12:21,66.3,4000,66.26,U
sz002409,雅克科技,2025-09-22 13:12:45,66.3,5700,66.3,U
sz002409,雅克科技,2025-09-22 13:12:57,66.36,3400,66.35,U
sz002409,雅克科技,2025-09-22 13:13:09,66.31,5500,66.32,D
sz002409,雅克科技,2025-09-22 13:13:12,66.31,3800,66.31,U
sz002409,雅克科技,2025-09-22 13:13:21,66.32,9400,66.27,U
sz002409,雅克科技,2025-09-22 13:13:27,66.35,3800,66.33,U
sz002409,雅克科技,2025-09-22 13:13:36,66.29,12100,66.34,D
sz002409,雅克科技,2025-09-22 13:14:09,66.24,4200,66.27,D
sz002409,雅克科技,2025-09-22 13:14:15,66.26,3500,66.28,D
sz002409,雅克科技,2025-09-22 13:14:18,66.24,16100,66.26,D
sz002409,雅克科技,2025-09-22 13:14:27,66.28,4100,66.25,U
sz002409,雅克科技,2025-09-22 13:14:30,66.34,7900,66.28,U
sz002409,雅克科技,2025-09-22 13:14:48,66.33,4500,66.34,E
sz002409,雅克科技,2025-09-22 13:15:12,66.34,8957,66.3,U
sz002409,雅克科技,2025-09-22 13:15:15,66.4,32200,66.34,U
sz002409,雅克科技,2025-09-22 13:15:18,66.45,17300,66.4,U
sz002409,雅克科技,2025-09-22 13:15:21,66.45,10100,66.45,U
sz002409,雅克科技,2025-09-22 13:15:33,66.48,11800,66.47,E
sz002409,雅克科技,2025-09-22 13:15:39,66.48,32200,66.47,U
sz002409,雅克科技,2025-09-22 13:15:48,66.5,7900,66.5,D
sz002409,雅克科技,2025-09-22 13:15:51,66.49,5300,66.5,U
sz002409,雅克科技,2025-09-22 13:16:00,66.47,5100,66.48,D
sz002409,雅克科技,2025-09-22 13:16:03,66.43,4200,66.47,D
sz002409,雅克科技,2025-09-22 13:16:12,66.45,6300,66.45,E
sz002409,雅克科技,2025-09-22 13:16:21,66.46,6800,66.47,D
sz002409,雅克科技,2025-09-22 13:16:39,66.5,4300,66.49,U
sz002409,雅克科技,2025-09-22 13:16:42,66.49,8700,66.5,E
sz002409,雅克科技,2025-09-22 13:16:48,66.51,8900,66.51,U
sz002409,雅克科技,2025-09-22 13:16:51,66.51,16000,66.51,D
sz002409,雅克科技,2025-09-22 13:17:15,66.53,4800,66.5,U
sz002409,雅克科技,2025-09-22 13:17:21,66.54,3500,66.51,U
sz002409,雅克科技,2025-09-22 13:17:48,66.55,6000,66.54,U
sz002409,雅克科技,2025-09-22 13:17:57,66.57,3700,66.57,U
sz002409,雅克科技,2025-09-22 13:18:00,66.6,8500,66.57,U
sz002409,雅克科技,2025-09-22 13:18:03,66.6,16800,66.6,U
sz002409,雅克科技,2025-09-22 13:18:06,66.6,8300,66.6,U
sz002409,雅克科技,2025-09-22 13:18:12,66.6,5200,66.59,U
sz002409,雅克科技,2025-09-22 13:18:18,66.62,13300,66.59,U
sz002409,雅克科技,2025-09-22 13:18:24,66.65,3900,66.64,U
sz002409,雅克科技,2025-09-22 13:18:33,66.65,3300,66.64,U
sz002409,雅克科技,2025-09-22 13:18:36,66.7,20500,66.65,U
sz002409,雅克科技,2025-09-22 13:18:39,66.74,8200,66.7,U
sz002409,雅克科技,2025-09-22 13:18:45,66.74,17700,66.74,U
sz002409,雅克科技,2025-09-22 13:18:48,66.71,7300,66.74,E
sz002409,雅克科技,2025-09-22 13:18:51,66.73,6900,66.71,U
sz002409,雅克科技,2025-09-22 13:18:54,66.68,73600,66.73,E
sz002409,雅克科技,2025-09-22 13:18:57,66.6,9000,66.68,D
sz002409,雅克科技,2025-09-22 13:19:03,66.66,6100,66.59,E
sz002409,雅克科技,2025-09-22 13:19:09,66.71,13400,66.6,U
sz002409,雅克科技,2025-09-22 13:19:15,66.7,5100,66.71,D
sz002409,雅克科技,2025-09-22 13:19:18,66.71,18300,66.7,U
sz002409,雅克科技,2025-09-22 13:19:24,66.66,3300,66.68,D
sz002409,雅克科技,2025-09-22 13:19:27,66.66,5300,66.66,U
sz002409,雅克科技,2025-09-22 13:19:30,66.64,6700,66.66,U
sz002409,雅克科技,2025-09-22 13:19:39,66.6,11700,66.64,D
sz002409,雅克科技,2025-09-22 13:19:42,66.56,12200,66.6,D
sz002409,雅克科技,2025-09-22 13:19:57,66.54,3900,66.55,D
sz002409,雅克科技,2025-09-22 13:20:00,66.52,3600,66.54,D
sz002409,雅克科技,2025-09-22 13:20:03,66.52,11300,66.52,D
sz002409,雅克科技,2025-09-22 13:20:12,66.49,4600,66.49,D
sz002409,雅克科技,2025-09-22 13:20:21,66.48,3200,66.49,D
sz002409,雅克科技,2025-09-22 13:20:24,66.49,3100,66.48,E
sz002409,雅克科技,2025-09-22 13:20:27,66.48,7900,66.49,D
sz002409,雅克科技,2025-09-22 13:20:42,66.48,11400,66.45,U
sz002409,雅克科技,2025-09-22 13:20:45,66.47,4500,66.48,E
sz002409,雅克科技,2025-09-22 13:21:03,66.58,14600,66.54,U
sz002409,雅克科技,2025-09-22 13:21:09,66.66,6400,66.59,U
sz002409,雅克科技,2025-09-22 13:21:12,66.69,4100,66.66,U
sz002409,雅克科技,2025-09-22 13:21:15,66.69,15700,66.69,U
sz002409,雅克科技,2025-09-22 13:21:18,66.68,7000,66.69,D
sz002409,雅克科技,2025-09-22 13:21:21,66.71,9500,66.68,U
sz002409,雅克科技,2025-09-22 13:21:24,66.68,9300,66.71,D
sz002409,雅克科技,2025-09-22 13:21:27,66.68,6400,66.68,D
sz002409,雅克科技,2025-09-22 13:21:30,66.7,7500,66.68,U
sz002409,雅克科技,2025-09-22 13:21:33,66.7,3300,66.7,U
sz002409,雅克科技,2025-09-22 13:21:39,66.73,25600,66.71,U
sz002409,雅克科技,2025-09-22 13:21:42,66.73,13100,66.73,U
sz002409,雅克科技,2025-09-22 13:21:45,66.77,8600,66.73,U
sz002409,雅克科技,2025-09-22 13:21:54,66.77,26000,66.77,U
sz002409,雅克科技,2025-09-22 13:21:57,66.73,8600,66.77,D
sz002409,雅克科技,2025-09-22 13:22:03,66.62,3300,66.68,D
sz002409,雅克科技,2025-09-22 13:22:09,66.54,3100,66.55,D
sz002409,雅克科技,2025-09-22 13:22:12,66.58,12400,66.54,U
sz002409,雅克科技,2025-09-22 13:22:24,66.56,6600,66.6,D
sz002409,雅克科技,2025-09-22 13:22:39,66.61,4300,66.65,E
sz002409,雅克科技,2025-09-22 13:22:42,66.69,4000,66.61,U
sz002409,雅克科技,2025-09-22 13:22:48,66.7,8600,66.68,U
sz002409,雅克科技,2025-09-22 13:22:51,66.69,3600,66.7,U
sz002409,雅克科技,2025-09-22 13:22:54,66.7,4200,66.69,U
sz002409,雅克科技,2025-09-22 13:23:00,66.68,3100,66.68,U
sz002409,雅克科技,2025-09-22 13:23:06,66.69,10000,66.68,U
sz002409,雅克科技,2025-09-22 13:23:09,66.67,8500,66.69,D
sz002409,雅克科技,2025-09-22 13:23:30,66.69,5500,66.69,U
sz002409,雅克科技,2025-09-22 13:23:33,66.7,7400,66.69,U
sz002409,雅克科技,2025-09-22 13:23:39,66.75,5300,66.69,U
sz002409,雅克科技,2025-09-22 13:23:42,66.74,4300,66.75,E
sz002409,雅克科技,2025-09-22 13:23:45,66.75,5500,66.74,U
sz002409,雅克科技,2025-09-22 13:23:51,66.77,3200,66.75,U
sz002409,雅克科技,2025-09-22 13:23:54,66.78,5500,66.77,U
sz002409,雅克科技,2025-09-22 13:23:57,66.8,12900,66.78,U
sz002409,雅克科技,2025-09-22 13:24:00,66.8,4500,66.8,U
sz002409,雅克科技,2025-09-22 13:24:03,66.82,7100,66.8,U
sz002409,雅克科技,2025-09-22 13:24:09,66.83,13500,66.82,U
sz002409,雅克科技,2025-09-22 13:24:15,66.85,6000,66.83,U
sz002409,雅克科技,2025-09-22 13:24:18,66.81,17600,66.85,D
sz002409,雅克科技,2025-09-22 13:24:21,66.83,3500,66.81,U
sz002409,雅克科技,2025-09-22 13:24:24,66.83,8700,66.83,D
sz002409,雅克科技,2025-09-22 13:24:27,66.84,6300,66.83,U
sz002409,雅克科技,2025-09-22 13:24:33,66.84,4200,66.84,D
sz002409,雅克科技,2025-09-22 13:24:36,66.85,4800,66.84,U
sz002409,雅克科技,2025-09-22 13:24:45,66.84,4600,66.83,U
sz002409,雅克科技,2025-09-22 13:24:51,66.78,25300,66.83,D
sz002409,雅克科技,2025-09-22 13:24:54,66.78,4500,66.78,U
sz002409,雅克科技,2025-09-22 13:24:57,66.77,6800,66.78,D
sz002409,雅克科技,2025-09-22 13:25:00,66.75,3100,66.77,D
sz002409,雅克科技,2025-09-22 13:25:06,66.74,3500,66.74,U
sz002409,雅克科技,2025-09-22 13:25:18,66.7,4000,66.72,D
sz002409,雅克科技,2025-09-22 13:25:27,66.7,3000,66.7,D
sz002409,雅克科技,2025-09-22 13:25:30,66.75,5100,66.7,U
sz002409,雅克科技,2025-09-22 13:25:33,66.74,18300,66.75,E
sz002409,雅克科技,2025-09-22 13:25:54,66.7,81400,66.73,D
sz002409,雅克科技,2025-09-22 13:25:57,66.73,9500,66.7,U
sz002409,雅克科技,2025-09-22 13:26:00,66.69,15700,66.73,D
sz002409,雅克科技,2025-09-22 13:26:03,66.68,6000,66.69,D
sz002409,雅克科技,2025-09-22 13:26:24,66.67,15100,66.69,D
sz002409,雅克科技,2025-09-22 13:26:30,66.6,8600,66.66,D
sz002409,雅克科技,2025-09-22 13:27:06,66.63,5700,66.6,U
sz002409,雅克科技,2025-09-22 13:27:09,66.64,6600,66.63,U
sz002409,雅克科技,2025-09-22 13:27:12,66.64,4100,66.64,U
sz002409,雅克科技,2025-09-22 13:27:15,66.64,4400,66.64,U
sz002409,雅克科技,2025-09-22 13:27:21,66.63,7500,66.63,D
sz002409,雅克科技,2025-09-22 13:27:30,66.63,6800,66.64,D
sz002409,雅克科技,2025-09-22 13:27:33,66.6,5800,66.63,D
sz002409,雅克科技,2025-09-22 13:27:51,66.58,3600,66.59,D
sz002409,雅克科技,2025-09-22 13:28:27,66.54,3600,66.55,D
sz002409,雅克科技,2025-09-22 13:29:06,66.55,9100,66.56,D
sz002409,雅克科技,2025-09-22 13:29:15,66.61,6300,66.58,U
sz002409,雅克科技,2025-09-22 13:29:18,66.65,4400,66.61,U
sz002409,雅克科技,2025-09-22 13:29:24,66.66,3800,66.66,U
sz002409,雅克科技,2025-09-22 13:29:30,66.7,3300,66.68,U
sz002409,雅克科技,2025-09-22 13:29:42,66.7,5800,66.72,D
sz002409,雅克科技,2025-09-22 13:30:09,66.72,3900,66.72,U
sz002409,雅克科技,2025-09-22 13:30:18,66.69,6200,66.73,D
sz002409,雅克科技,2025-09-22 13:30:21,66.65,3200,66.69,D
sz002409,雅克科技,2025-09-22 13:30:27,66.61,10000,66.61,D
sz002409,雅克科技,2025-09-22 13:30:54,66.62,3100,66.63,E
sz002409,雅克科技,2025-09-22 13:30:57,66.61,3300,66.62,D
sz002409,雅克科技,2025-09-22 13:31:03,66.61,10700,66.61,D
sz002409,雅克科技,2025-09-22 13:31:06,66.58,4500,66.61,D
sz002409,雅克科技,2025-09-22 13:31:18,66.61,4300,66.6,U
sz002409,雅克科技,2025-09-22 13:32:09,66.59,3800,66.58,U
sz002409,雅克科技,2025-09-22 13:32:24,66.54,6400,66.56,D
sz002409,雅克科技,2025-09-22 13:32:36,66.54,3100,66.55,D
sz002409,雅克科技,2025-09-22 13:32:39,66.54,3100,66.54,D
sz002409,雅克科技,2025-09-22 13:32:48,66.5,6300,66.53,D
sz002409,雅克科技,2025-09-22 13:33:00,66.45,3500,66.52,D
sz002409,雅克科技,2025-09-22 13:33:03,66.46,3900,66.45,U
sz002409,雅克科技,2025-09-22 13:33:27,66.46,7900,66.44,U
sz002409,雅克科技,2025-09-22 13:33:36,66.48,9800,66.45,U
sz002409,雅克科技,2025-09-22 13:33:54,66.45,14100,66.46,D
sz002409,雅克科技,2025-09-22 13:33:57,66.46,7900,66.45,U
sz002409,雅克科技,2025-09-22 13:34:15,66.41,5500,66.43,D
sz002409,雅克科技,2025-09-22 13:34:18,66.38,9700,66.41,D
sz002409,雅克科技,2025-09-22 13:34:57,66.33,20800,66.35,E
sz002409,雅克科技,2025-09-22 13:35:00,66.33,4200,66.33,E
sz002409,雅克科技,2025-09-22 13:35:12,66.39,5400,66.38,U
sz002409,雅克科技,2025-09-22 13:35:15,66.41,3600,66.39,U
sz002409,雅克科技,2025-09-22 13:35:18,66.39,6200,66.41,D
sz002409,雅克科技,2025-09-22 13:36:03,66.42,4600,66.42,D
sz002409,雅克科技,2025-09-22 13:36:06,66.44,4400,66.42,E
sz002409,雅克科技,2025-09-22 13:36:12,66.45,3100,66.44,E
sz002409,雅克科技,2025-09-22 13:36:39,66.48,4100,66.5,E
sz002409,雅克科技,2025-09-22 13:36:51,66.45,3200,66.45,E
sz002409,雅克科技,2025-09-22 13:37:12,66.42,10100,66.47,D
sz002409,雅克科技,2025-09-22 13:37:15,66.45,17300,66.42,U
sz002409,雅克科技,2025-09-22 13:37:18,66.41,3700,66.45,D
sz002409,雅克科技,2025-09-22 13:37:45,66.4,5100,66.41,D
sz002409,雅克科技,2025-09-22 13:37:48,66.34,9900,66.4,D
sz002409,雅克科技,2025-09-22 13:37:51,66.43,20100,66.34,U
sz002409,雅克科技,2025-09-22 13:37:54,66.46,7400,66.43,U
sz002409,雅克科技,2025-09-22 13:38:06,66.5,4500,66.48,U
sz002409,雅克科技,2025-09-22 13:38:15,66.5,31500,66.52,D
sz002409,雅克科技,2025-09-22 13:38:18,66.52,4800,66.5,U
sz002409,雅克科技,2025-09-22 13:38:42,66.5,3200,66.51,D
sz002409,雅克科技,2025-09-22 13:38:45,66.54,6200,66.5,U
sz002409,雅克科技,2025-09-22 13:39:39,66.53,5600,66.52,U
sz002409,雅克科技,2025-09-22 13:39:57,66.54,8800,66.51,U
sz002409,雅克科技,2025-09-22 13:40:06,66.55,3300,66.54,E
sz002409,雅克科技,2025-09-22 13:40:15,66.54,14400,66.55,E
sz002409,雅克科技,2025-09-22 13:40:30,66.59,3700,66.59,D
sz002409,雅克科技,2025-09-22 13:40:39,66.59,7000,66.59,D
sz002409,雅克科技,2025-09-22 13:41:15,66.61,14300,66.59,U
sz002409,雅克科技,2025-09-22 13:41:18,66.59,3700,66.61,D
sz002409,雅克科技,2025-09-22 13:41:21,66.59,6200,66.59,D
sz002409,雅克科技,2025-09-22 13:41:57,66.55,9000,66.59,D
sz002409,雅克科技,2025-09-22 13:42:03,66.52,3200,66.57,D
sz002409,雅克科技,2025-09-22 13:42:12,66.49,3600,66.51,D
sz002409,雅克科技,2025-09-22 13:42:21,66.48,3600,66.51,E
sz002409,雅克科技,2025-09-22 13:42:36,66.51,3300,66.5,U
sz002409,雅克科技,2025-09-22 13:42:42,66.55,7700,66.54,U
sz002409,雅克科技,2025-09-22 13:42:45,66.5,3900,66.55,E
sz002409,雅克科技,2025-09-22 13:42:54,66.49,5400,66.5,D
sz002409,雅克科技,2025-09-22 13:43:06,66.47,7300,66.47,D
sz002409,雅克科技,2025-09-22 13:43:09,66.47,4200,66.47,U
sz002409,雅克科技,2025-09-22 13:43:15,66.49,10000,66.47,U
sz002409,雅克科技,2025-09-22 13:44:00,66.47,5500,66.5,D
sz002409,雅克科技,2025-09-22 13:44:03,66.47,8200,66.47,U
sz002409,雅克科技,2025-09-22 13:44:12,66.45,3900,66.46,D
sz002409,雅克科技,2025-09-22 13:44:15,66.41,5700,66.45,D
sz002409,雅克科技,2025-09-22 13:44:36,66.48,3700,66.41,U
sz002409,雅克科技,2025-09-22 13:44:45,66.4,15800,66.44,D
sz002409,雅克科技,2025-09-22 13:44:48,66.43,4300,66.4,E
sz002409,雅克科技,2025-09-22 13:44:51,66.41,6500,66.43,D
sz002409,雅克科技,2025-09-22 13:45:15,66.46,3100,66.41,U
sz002409,雅克科技,2025-09-22 13:45:18,66.46,5200,66.46,U
sz002409,雅克科技,2025-09-22 13:45:57,66.48,3400,66.47,U
sz002409,雅克科技,2025-09-22 13:46:00,66.49,20400,66.48,U
sz002409,雅克科技,2025-09-22 13:46:03,66.55,10700,66.49,U
sz002409,雅克科技,2025-09-22 13:46:06,66.6,4500,66.55,U
sz002409,雅克科技,2025-09-22 13:46:09,66.61,7500,66.6,U
sz002409,雅克科技,2025-09-22 13:46:12,66.61,5400,66.61,U
sz002409,雅克科技,2025-09-22 13:46:15,66.69,53400,66.61,U
sz002409,雅克科技,2025-09-22 13:46:18,66.74,13400,66.69,U
sz002409,雅克科技,2025-09-22 13:46:21,66.79,7400,66.74,U
sz002409,雅克科技,2025-09-22 13:46:24,66.8,9500,66.79,U
sz002409,雅克科技,2025-09-22 13:46:27,66.83,4300,66.8,U
sz002409,雅克科技,2025-09-22 13:46:33,66.85,7600,66.85,U
sz002409,雅克科技,2025-09-22 13:46:36,66.86,5100,66.85,U
sz002409,雅克科技,2025-09-22 13:46:39,66.79,12500,66.86,D
sz002409,雅克科技,2025-09-22 13:46:42,66.8,7500,66.79,U
sz002409,雅克科技,2025-09-22 13:46:45,66.83,3200,66.8,U
sz002409,雅克科技,2025-09-22 13:46:48,66.78,7900,66.83,D
sz002409,雅克科技,2025-09-22 13:46:51,66.82,9200,66.78,U
sz002409,雅克科技,2025-09-22 13:46:54,66.82,5400,66.82,D
sz002409,雅克科技,2025-09-22 13:46:57,66.82,4900,66.82,D
sz002409,雅克科技,2025-09-22 13:47:12,66.7,4300,66.75,D
sz002409,雅克科技,2025-09-22 13:47:21,66.68,4600,66.68,U
sz002409,雅克科技,2025-09-22 13:47:45,66.72,13100,66.63,U
sz002409,雅克科技,2025-09-22 13:47:48,66.74,9900,66.72,U
sz002409,雅克科技,2025-09-22 13:48:00,66.85,9400,66.75,U
sz002409,雅克科技,2025-09-22 13:48:03,66.85,4600,66.85,E
sz002409,雅克科技,2025-09-22 13:48:09,66.8,4500,66.86,D
sz002409,雅克科技,2025-09-22 13:48:12,66.77,8500,66.8,D
sz002409,雅克科技,2025-09-22 13:48:18,66.8,4500,66.8,D
sz002409,雅克科技,2025-09-22 13:48:21,66.8,5600,66.8,E
sz002409,雅克科技,2025-09-22 13:48:33,66.84,3600,66.8,U
sz002409,雅克科技,2025-09-22 13:48:39,66.85,12500,66.8,U
sz002409,雅克科技,2025-09-22 13:48:42,66.8,4200,66.85,D
sz002409,雅克科技,2025-09-22 13:48:45,66.85,3800,66.8,U
sz002409,雅克科技,2025-09-22 13:48:48,66.78,9200,66.85,D
sz002409,雅克科技,2025-09-22 13:48:54,66.82,4800,66.85,U
sz002409,雅克科技,2025-09-22 13:49:00,66.85,15700,66.85,U
sz002409,雅克科技,2025-09-22 13:49:03,66.86,4400,66.85,U
sz002409,雅克科技,2025-09-22 13:49:06,66.85,5700,66.86,E
sz002409,雅克科技,2025-09-22 13:49:09,66.86,5600,66.85,U
sz002409,雅克科技,2025-09-22 13:49:15,66.88,21900,66.85,U
sz002409,雅克科技,2025-09-22 13:49:18,66.88,10200,66.88,U
sz002409,雅克科技,2025-09-22 13:49:21,66.9,11100,66.88,U
sz002409,雅克科技,2025-09-22 13:49:24,66.92,23600,66.9,U
sz002409,雅克科技,2025-09-22 13:49:27,66.95,5100,66.92,U
sz002409,雅克科技,2025-09-22 13:49:30,66.96,7000,66.95,U
sz002409,雅克科技,2025-09-22 13:49:36,66.96,8500,66.96,U
sz002409,雅克科技,2025-09-22 13:49:39,66.98,7200,66.96,U
sz002409,雅克科技,2025-09-22 13:49:42,66.98,5800,66.98,U
sz002409,雅克科技,2025-09-22 13:49:45,66.97,14700,66.98,D
sz002409,雅克科技,2025-09-22 13:49:48,66.97,12200,66.97,U
sz002409,雅克科技,2025-09-22 13:49:51,66.97,9700,66.97,U
sz002409,雅克科技,2025-09-22 13:49:54,66.97,13200,66.97,D
sz002409,雅克科技,2025-09-22 13:49:57,66.98,10300,66.97,U
sz002409,雅克科技,2025-09-22 13:50:00,66.98,4400,66.98,U
sz002409,雅克科技,2025-09-22 13:50:03,66.97,15200,66.98,D
sz002409,雅克科技,2025-09-22 13:50:06,66.97,26900,66.97,U
sz002409,雅克科技,2025-09-22 13:50:09,66.91,10800,66.97,D
sz002409,雅克科技,2025-09-22 13:50:12,66.89,11000,66.91,D
sz002409,雅克科技,2025-09-22 13:50:15,66.89,5800,66.89,U
sz002409,雅克科技,2025-09-22 13:50:27,66.95,3500,66.95,U
sz002409,雅克科技,2025-09-22 13:50:33,66.97,6500,66.95,U
sz002409,雅克科技,2025-09-22 13:50:39,66.97,5700,66.98,E
sz002409,雅克科技,2025-09-22 13:50:42,66.96,3000,66.97,D
sz002409,雅克科技,2025-09-22 13:50:48,66.95,7600,66.97,D
sz002409,雅克科技,2025-09-22 13:50:51,66.94,8400,66.95,U
sz002409,雅克科技,2025-09-22 13:50:54,66.88,3000,66.94,D
sz002409,雅克科技,2025-09-22 13:50:57,66.9,34300,66.88,E
sz002409,雅克科技,2025-09-22 13:51:03,66.84,4100,66.89,D
sz002409,雅克科技,2025-09-22 13:51:09,66.83,3300,66.84,E
sz002409,雅克科技,2025-09-22 13:51:18,66.88,5500,66.82,U
sz002409,雅克科技,2025-09-22 13:51:21,66.87,3900,66.88,E
sz002409,雅克科技,2025-09-22 13:51:27,66.84,12300,66.82,E
sz002409,雅克科技,2025-09-22 13:51:33,66.75,11600,66.8,D
sz002409,雅克科技,2025-09-22 13:51:57,66.73,6200,66.72,U
sz002409,雅克科技,2025-09-22 13:52:09,66.71,4500,66.73,D
sz002409,雅克科技,2025-09-22 13:52:24,66.74,3500,66.76,D
sz002409,雅克科技,2025-09-22 13:52:30,66.76,5300,66.76,U
sz002409,雅克科技,2025-09-22 13:52:33,66.72,6200,66.76,D
sz002409,雅克科技,2025-09-22 13:52:36,66.66,6100,66.72,D
sz002409,雅克科技,2025-09-22 13:53:00,66.7,7600,66.71,D
sz002409,雅克科技,2025-09-22 13:53:12,66.73,4000,66.74,D
sz002409,雅克科技,2025-09-22 13:53:15,66.68,23900,66.73,D
sz002409,雅克科技,2025-09-22 13:53:18,66.7,3800,66.68,U
sz002409,雅克科技,2025-09-22 13:53:24,66.71,5100,66.71,U
sz002409,雅克科技,2025-09-22 13:53:33,66.74,3100,66.74,D
sz002409,雅克科技,2025-09-22 13:53:51,66.79,4600,66.79,D
sz002409,雅克科技,2025-09-22 13:54:00,66.81,4100,66.81,U
sz002409,雅克科技,2025-09-22 13:54:21,66.88,5700,66.88,U
sz002409,雅克科技,2025-09-22 13:54:24,66.89,5700,66.88,U
sz002409,雅克科技,2025-09-22 13:54:39,66.94,3900,66.95,D
sz002409,雅克科技,2025-09-22 13:54:42,66.94,11100,66.94,D
sz002409,雅克科技,2025-09-22 13:54:51,66.93,3300,66.94,D
sz002409,雅克科技,2025-09-22 13:54:57,66.94,5400,66.93,U
sz002409,雅克科技,2025-09-22 13:55:00,66.9,4500,66.94,D
sz002409,雅克科技,2025-09-22 13:55:06,66.91,3400,66.91,U
sz002409,雅克科技,2025-09-22 13:55:12,66.88,10000,66.91,D
sz002409,雅克科技,2025-09-22 13:55:15,66.89,4800,66.88,U
sz002409,雅克科技,2025-09-22 13:55:21,66.89,4000,66.9,E
sz002409,雅克科技,2025-09-22 13:55:27,66.89,4100,66.89,U
sz002409,雅克科技,2025-09-22 13:55:30,66.9,4800,66.89,U
sz002409,雅克科技,2025-09-22 13:55:48,66.89,4500,66.89,U
sz002409,雅克科技,2025-09-22 13:56:03,66.92,3600,66.91,U
sz002409,雅克科技,2025-09-22 13:56:06,66.91,10300,66.92,E
sz002409,雅克科技,2025-09-22 13:56:09,66.92,6600,66.91,U
sz002409,雅克科技,2025-09-22 13:56:12,66.93,4000,66.92,U
sz002409,雅克科技,2025-09-22 13:56:15,66.93,5300,66.93,U
sz002409,雅克科技,2025-09-22 13:56:18,66.94,5000,66.93,U
sz002409,雅克科技,2025-09-22 13:56:21,66.92,4400,66.94,D
sz002409,雅克科技,2025-09-22 13:56:24,66.91,44300,66.92,D
sz002409,雅克科技,2025-09-22 13:56:27,66.91,3400,66.91,U
sz002409,雅克科技,2025-09-22 13:56:39,66.81,6600,66.89,D
sz002409,雅克科技,2025-09-22 13:56:48,66.81,3000,66.88,D
sz002409,雅克科技,2025-09-22 13:57:00,66.77,8400,66.8,D
sz002409,雅克科技,2025-09-22 13:57:21,66.78,8400,66.77,U
sz002409,雅克科技,2025-09-22 13:57:42,66.71,5300,66.72,D
sz002409,雅克科技,2025-09-22 13:58:00,66.77,3100,66.75,U
sz002409,雅克科技,2025-09-22 13:58:03,66.72,14600,66.77,D
sz002409,雅克科技,2025-09-22 13:58:06,66.71,11900,66.72,D
sz002409,雅克科技,2025-09-22 13:58:09,66.71,6300,66.71,D
sz002409,雅克科技,2025-09-22 13:58:42,66.7,4500,66.71,D
sz002409,雅克科技,2025-09-22 13:59:03,66.7,3100,66.72,D
sz002409,雅克科技,2025-09-22 13:59:30,66.75,10600,66.74,U
sz002409,雅克科技,2025-09-22 13:59:45,66.79,6100,66.78,U
sz002409,雅克科技,2025-09-22 13:59:57,66.81,4500,66.82,E
sz002409,雅克科技,2025-09-22 14:00:06,66.81,15500,66.8,U
sz002409,雅克科技,2025-09-22 14:00:33,66.8,11100,66.8,D
sz002409,雅克科技,2025-09-22 14:00:48,66.76,3100,66.75,U
sz002409,雅克科技,2025-09-22 14:00:54,66.74,9700,66.76,D
sz002409,雅克科技,2025-09-22 14:01:03,66.71,4700,66.73,D
sz002409,雅克科技,2025-09-22 14:01:06,66.69,9800,66.71,D
sz002409,雅克科技,2025-09-22 14:01:30,66.7,4900,66.7,U
sz002409,雅克科技,2025-09-22 14:01:39,66.74,3100,66.72,U
sz002409,雅克科技,2025-09-22 14:01:51,66.76,4600,66.74,U
sz002409,雅克科技,2025-09-22 14:02:21,66.77,7300,66.77,U
sz002409,雅克科技,2025-09-22 14:02:36,66.75,3900,66.76,D
sz002409,雅克科技,2025-09-22 14:02:51,66.76,7100,66.77,D
sz002409,雅克科技,2025-09-22 14:03:00,66.73,6300,66.77,D
sz002409,雅克科技,2025-09-22 14:03:18,66.74,3200,66.74,U
sz002409,雅克科技,2025-09-22 14:03:21,66.74,5200,66.74,D
sz002409,雅克科技,2025-09-22 14:03:42,66.73,4300,66.73,D
sz002409,雅克科技,2025-09-22 14:03:45,66.7,15500,66.73,D
sz002409,雅克科技,2025-09-22 14:03:48,66.69,11100,66.7,D
sz002409,雅克科技,2025-09-22 14:03:51,66.69,11000,66.69,D
sz002409,雅克科技,2025-09-22 14:03:57,66.67,6900,66.69,D
sz002409,雅克科技,2025-09-22 14:04:09,66.65,10200,66.67,D
sz002409,雅克科技,2025-09-22 14:04:33,66.6,3500,66.6,D
sz002409,雅克科技,2025-09-22 14:04:51,66.5,15400,66.53,D
sz002409,雅克科技,2025-09-22 14:04:54,66.5,3600,66.5,U
sz002409,雅克科技,2025-09-22 14:04:57,66.49,5400,66.5,D
sz002409,雅克科技,2025-09-22 14:05:33,66.48,5300,66.48,D
sz002409,雅克科技,2025-09-22 14:05:45,66.46,3480,66.47,D
sz002409,雅克科技,2025-09-22 14:05:51,66.43,4800,66.47,D
sz002409,雅克科技,2025-09-22 14:06:03,66.4,6200,66.42,D
sz002409,雅克科技,2025-09-22 14:06:06,66.38,3100,66.4,D
sz002409,雅克科技,2025-09-22 14:06:12,66.38,4500,66.39,D
sz002409,雅克科技,2025-09-22 14:06:15,66.39,4500,66.38,U
sz002409,雅克科技,2025-09-22 14:06:21,66.38,3500,66.4,D
sz002409,雅克科技,2025-09-22 14:06:27,66.37,4000,66.38,D
sz002409,雅克科技,2025-09-22 14:06:33,66.38,3900,66.38,U
sz002409,雅克科技,2025-09-22 14:06:42,66.35,4000,66.36,D
sz002409,雅克科技,2025-09-22 14:07:00,66.32,6200,66.33,D
sz002409,雅克科技,2025-09-22 14:07:09,66.27,5000,66.3,D
sz002409,雅克科技,2025-09-22 14:07:12,66.32,8500,66.27,U
sz002409,雅克科技,2025-09-22 14:07:21,66.33,4800,66.32,U
sz002409,雅克科技,2025-09-22 14:07:30,66.31,6200,66.33,D
sz002409,雅克科技,2025-09-22 14:07:36,66.32,6700,66.32,U
sz002409,雅克科技,2025-09-22 14:07:42,66.31,4300,66.31,D
sz002409,雅克科技,2025-09-22 14:07:48,66.3,3400,66.31,D
sz002409,雅克科技,2025-09-22 14:08:00,66.29,4600,66.29,U
sz002409,雅克科技,2025-09-22 14:08:03,66.3,6200,66.29,U
sz002409,雅克科技,2025-09-22 14:08:06,66.35,9800,66.3,U
sz002409,雅克科技,2025-09-22 14:08:12,66.39,3800,66.36,U
sz002409,雅克科技,2025-09-22 14:08:18,66.42,8300,66.4,U
sz002409,雅克科技,2025-09-22 14:08:42,66.45,4900,66.42,U
sz002409,雅克科技,2025-09-22 14:08:51,66.46,4400,66.46,D
sz002409,雅克科技,2025-09-22 14:09:06,66.43,3300,66.45,D
sz002409,雅克科技,2025-09-22 14:09:15,66.46,4600,66.44,U
sz002409,雅克科技,2025-09-22 14:09:18,66.44,3500,66.46,D
sz002409,雅克科技,2025-09-22 14:10:03,66.47,3800,66.48,D
sz002409,雅克科技,2025-09-22 14:10:06,66.5,5520,66.47,U
sz002409,雅克科技,2025-09-22 14:10:09,66.49,4700,66.5,D
sz002409,雅克科技,2025-09-22 14:10:33,66.49,10900,66.49,U
sz002409,雅克科技,2025-09-22 14:10:36,66.45,9400,66.49,D
sz002409,雅克科技,2025-09-22 14:10:39,66.45,3300,66.45,D
sz002409,雅克科技,2025-09-22 14:10:42,66.48,8800,66.45,U
sz002409,雅克科技,2025-09-22 14:11:06,66.47,4500,66.47,D
sz002409,雅克科技,2025-09-22 14:11:09,66.44,10900,66.47,D
sz002409,雅克科技,2025-09-22 14:11:12,66.42,14800,66.44,D
sz002409,雅克科技,2025-09-22 14:11:15,66.46,3800,66.42,U
sz002409,雅克科技,2025-09-22 14:12:03,66.42,3500,66.42,U
sz002409,雅克科技,2025-09-22 14:12:06,66.41,16100,66.42,E
sz002409,雅克科技,2025-09-22 14:12:09,66.47,3500,66.41,U
sz002409,雅克科技,2025-09-22 14:13:03,66.46,3500,66.45,U
sz002409,雅克科技,2025-09-22 14:13:15,66.45,14400,66.49,D
sz002409,雅克科技,2025-09-22 14:13:18,66.46,3200,66.45,U
sz002409,雅克科技,2025-09-22 14:14:06,66.5,4000,66.49,U
sz002409,雅克科技,2025-09-22 14:14:09,66.52,5000,66.5,U
sz002409,雅克科技,2025-09-22 14:14:24,66.5,3300,66.52,D
sz002409,雅克科技,2025-09-22 14:14:33,66.48,6000,66.49,D
sz002409,雅克科技,2025-09-22 14:14:36,66.5,5100,66.48,U
sz002409,雅克科技,2025-09-22 14:14:54,66.5,4600,66.5,U
sz002409,雅克科技,2025-09-22 14:15:03,66.49,3500,66.49,D
sz002409,雅克科技,2025-09-22 14:15:06,66.49,6800,66.49,D
sz002409,雅克科技,2025-09-22 14:15:12,66.48,13200,66.49,D
sz002409,雅克科技,2025-09-22 14:15:15,66.5,7200,66.48,U
sz002409,雅克科技,2025-09-22 14:15:30,66.46,3400,66.45,U
sz002409,雅克科技,2025-09-22 14:15:39,66.49,9500,66.46,U
sz002409,雅克科技,2025-09-22 14:16:39,66.48,4900,66.46,U
sz002409,雅克科技,2025-09-22 14:16:42,66.48,3400,66.48,D
sz002409,雅克科技,2025-09-22 14:16:48,66.5,19300,66.48,U
sz002409,雅克科技,2025-09-22 14:16:57,66.5,6900,66.49,U
sz002409,雅克科技,2025-09-22 14:17:06,66.48,27200,66.5,D
sz002409,雅克科技,2025-09-22 14:17:24,66.46,3700,66.48,D
sz002409,雅克科技,2025-09-22 14:17:27,66.47,4000,66.46,U
sz002409,雅克科技,2025-09-22 14:17:33,66.45,10000,66.47,D
sz002409,雅克科技,2025-09-22 14:17:42,66.42,5000,66.44,D
sz002409,雅克科技,2025-09-22 14:18:06,66.41,4100,66.4,U
sz002409,雅克科技,2025-09-22 14:18:09,66.38,9100,66.41,D
sz002409,雅克科技,2025-09-22 14:18:12,66.34,4800,66.38,D
sz002409,雅克科技,2025-09-22 14:18:48,66.33,6500,66.33,U
sz002409,雅克科技,2025-09-22 14:18:51,66.33,5700,66.33,E
sz002409,雅克科技,2025-09-22 14:20:00,66.45,4100,66.45,U
sz002409,雅克科技,2025-09-22 14:20:03,66.45,3900,66.45,U
sz002409,雅克科技,2025-09-22 14:20:09,66.45,4000,66.47,D
sz002409,雅克科技,2025-09-22 14:20:15,66.48,4200,66.48,U
sz002409,雅克科技,2025-09-22 14:20:24,66.51,12900,66.5,U
sz002409,雅克科技,2025-09-22 14:21:27,66.52,4279,66.51,U
sz002409,雅克科技,2025-09-22 14:22:09,66.49,8712,66.52,D
sz002409,雅克科技,2025-09-22 14:22:15,66.49,3500,66.49,U
sz002409,雅克科技,2025-09-22 14:22:45,66.5,4000,66.51,D
sz002409,雅克科技,2025-09-22 14:22:54,66.51,6300,66.5,U
sz002409,雅克科技,2025-09-22 14:22:57,66.49,3888,66.51,D
sz002409,雅克科技,2025-09-22 14:24:03,66.5,12300,66.52,D
sz002409,雅克科技,2025-09-22 14:24:45,66.48,3300,66.49,D
sz002409,雅克科技,2025-09-22 14:25:15,66.48,11500,66.48,U
sz002409,雅克科技,2025-09-22 14:25:18,66.48,5900,66.48,U
sz002409,雅克科技,2025-09-22 14:27:00,66.46,3300,66.48,D
sz002409,雅克科技,2025-09-22 14:27:15,66.4,16800,66.47,D
sz002409,雅克科技,2025-09-22 14:28:00,66.48,4000,66.47,U
sz002409,雅克科技,2025-09-22 14:28:18,66.51,5588,66.49,U
sz002409,雅克科技,2025-09-22 14:28:21,66.53,11600,66.51,U
sz002409,雅克科技,2025-09-22 14:28:24,66.52,6900,66.53,D
sz002409,雅克科技,2025-09-22 14:28:36,66.48,7412,66.53,D
sz002409,雅克科技,2025-09-22 14:29:00,66.45,4500,66.47,D
sz002409,雅克科技,2025-09-22 14:30:12,66.5,3200,66.49,U
sz002409,雅克科技,2025-09-22 14:30:48,66.54,3700,66.53,U
sz002409,雅克科技,2025-09-22 14:31:00,66.55,3232,66.54,U
sz002409,雅克科技,2025-09-22 14:31:03,66.55,11300,66.55,U
sz002409,雅克科技,2025-09-22 14:31:45,66.6,3100,66.6,U
sz002409,雅克科技,2025-09-22 14:32:09,66.6,5200,66.62,D
sz002409,雅克科技,2025-09-22 14:32:36,66.6,3600,66.61,D
sz002409,雅克科技,2025-09-22 14:32:42,66.61,14400,66.59,U
sz002409,雅克科技,2025-09-22 14:32:45,66.6,4400,66.61,U
sz002409,雅克科技,2025-09-22 14:32:54,66.58,3200,66.6,D
sz002409,雅克科技,2025-09-22 14:33:00,66.6,4800,66.59,U
sz002409,雅克科技,2025-09-22 14:33:36,66.6,14200,66.6,D
sz002409,雅克科技,2025-09-22 14:33:39,66.59,4300,66.6,D
sz002409,雅克科技,2025-09-22 14:33:45,66.6,4700,66.6,U
sz002409,雅克科技,2025-09-22 14:33:57,66.56,3100,66.6,D
sz002409,雅克科技,2025-09-22 14:34:30,66.6,3300,66.61,D
sz002409,雅克科技,2025-09-22 14:34:36,66.61,10300,66.59,U
sz002409,雅克科技,2025-09-22 14:35:03,66.64,3500,66.63,E
sz002409,雅克科技,2025-09-22 14:35:21,66.66,5600,66.65,U
sz002409,雅克科技,2025-09-22 14:35:30,66.65,8000,66.66,U
sz002409,雅克科技,2025-09-22 14:35:33,66.63,5700,66.65,D
sz002409,雅克科技,2025-09-22 14:35:36,66.63,14500,66.63,E
sz002409,雅克科技,2025-09-22 14:36:06,66.62,15600,66.6,U
sz002409,雅克科技,2025-09-22 14:36:12,66.62,4400,66.61,U
sz002409,雅克科技,2025-09-22 14:36:21,66.6,3300,66.61,D
sz002409,雅克科技,2025-09-22 14:36:24,66.64,4592,66.6,U
sz002409,雅克科技,2025-09-22 14:36:27,66.62,5700,66.64,D
sz002409,雅克科技,2025-09-22 14:36:45,66.59,13410,66.64,D
sz002409,雅克科技,2025-09-22 14:36:48,66.58,6800,66.59,D
sz002409,雅克科技,2025-09-22 14:36:51,66.57,4900,66.58,D
sz002409,雅克科技,2025-09-22 14:37:06,66.57,5000,66.57,D
sz002409,雅克科技,2025-09-22 14:37:12,66.57,7400,66.57,U
sz002409,雅克科技,2025-09-22 14:37:18,66.57,7800,66.57,U
sz002409,雅克科技,2025-09-22 14:37:21,66.56,10800,66.57,D
sz002409,雅克科技,2025-09-22 14:37:39,66.61,9800,66.62,D
sz002409,雅克科技,2025-09-22 14:37:51,66.66,8700,66.65,U
sz002409,雅克科技,2025-09-22 14:37:54,66.67,10000,66.66,U
sz002409,雅克科技,2025-09-22 14:37:57,66.67,8400,66.67,U
sz002409,雅克科技,2025-09-22 14:38:03,66.68,5400,66.66,U
sz002409,雅克科技,2025-09-22 14:38:09,66.68,6900,66.68,U
sz002409,雅克科技,2025-09-22 14:38:12,66.68,10800,66.68,U
sz002409,雅克科技,2025-09-22 14:38:15,66.69,9400,66.68,U
sz002409,雅克科技,2025-09-22 14:38:18,66.69,6600,66.69,U
sz002409,雅克科技,2025-09-22 14:38:21,66.68,3300,66.69,D
sz002409,雅克科技,2025-09-22 14:38:24,66.69,3900,66.68,U
sz002409,雅克科技,2025-09-22 14:38:27,66.68,3000,66.69,E
sz002409,雅克科技,2025-09-22 14:38:30,66.64,15500,66.68,D
sz002409,雅克科技,2025-09-22 14:38:33,66.65,3800,66.64,U
sz002409,雅克科技,2025-09-22 14:38:39,66.65,19200,66.64,U
sz002409,雅克科技,2025-09-22 14:38:51,66.61,3400,66.61,D
sz002409,雅克科技,2025-09-22 14:39:03,66.61,3200,66.61,D
sz002409,雅克科技,2025-09-22 14:39:12,66.6,4500,66.62,D
sz002409,雅克科技,2025-09-22 14:39:15,66.59,5900,66.6,D
sz002409,雅克科技,2025-09-22 14:39:18,66.55,6000,66.59,D
sz002409,雅克科技,2025-09-22 14:39:24,66.55,6300,66.58,D
sz002409,雅克科技,2025-09-22 14:40:15,66.59,6300,66.59,E
sz002409,雅克科技,2025-09-22 14:40:30,66.6,4600,66.59,U
sz002409,雅克科技,2025-09-22 14:40:36,66.6,5100,66.6,U
sz002409,雅克科技,2025-09-22 14:40:42,66.6,3700,66.6,D
sz002409,雅克科技,2025-09-22 14:40:45,66.57,3600,66.6,D
sz002409,雅克科技,2025-09-22 14:41:03,66.56,4200,66.56,E
sz002409,雅克科技,2025-09-22 14:41:09,66.53,9000,66.55,D
sz002409,雅克科技,2025-09-22 14:41:15,66.54,3800,66.54,U
sz002409,雅克科技,2025-09-22 14:41:21,66.53,12000,66.54,D
sz002409,雅克科技,2025-09-22 14:41:48,66.51,5800,66.52,D
sz002409,雅克科技,2025-09-22 14:41:51,66.5,6900,66.51,D
sz002409,雅克科技,2025-09-22 14:41:57,66.5,4300,66.49,U
sz002409,雅克科技,2025-09-22 14:42:00,66.49,5600,66.5,D
sz002409,雅克科技,2025-09-22 14:42:03,66.52,18200,66.49,U
sz002409,雅克科技,2025-09-22 14:42:09,66.53,5700,66.53,U
sz002409,雅克科技,2025-09-22 14:42:12,66.52,3200,66.53,D
sz002409,雅克科技,2025-09-22 14:42:15,66.53,5100,66.52,U
sz002409,雅克科技,2025-09-22 14:42:18,66.53,3300,66.53,D
sz002409,雅克科技,2025-09-22 14:43:00,66.53,7400,66.54,D
sz002409,雅克科技,2025-09-22 14:43:06,66.53,4200,66.53,U
sz002409,雅克科技,2025-09-22 14:43:12,66.54,5600,66.52,U
sz002409,雅克科技,2025-09-22 14:43:24,66.54,3300,66.54,U
sz002409,雅克科技,2025-09-22 14:43:27,66.55,3900,66.54,U
sz002409,雅克科技,2025-09-22 14:43:39,66.55,6200,66.55,U
sz002409,雅克科技,2025-09-22 14:43:42,66.56,5094,66.55,U
sz002409,雅克科技,2025-09-22 14:44:00,66.56,5300,66.56,U
sz002409,雅克科技,2025-09-22 14:44:06,66.55,5200,66.56,D
sz002409,雅克科技,2025-09-22 14:44:09,66.54,3100,66.55,D
sz002409,雅克科技,2025-09-22 14:44:12,66.56,8100,66.54,U
sz002409,雅克科技,2025-09-22 14:44:24,66.53,5700,66.53,D
sz002409,雅克科技,2025-09-22 14:44:27,66.53,4994,66.53,D
sz002409,雅克科技,2025-09-22 14:44:33,66.56,5200,66.55,U
sz002409,雅克科技,2025-09-22 14:44:39,66.55,3200,66.56,D
sz002409,雅克科技,2025-09-22 14:44:42,66.57,3800,66.55,U
sz002409,雅克科技,2025-09-22 14:44:51,66.56,3700,66.56,D
sz002409,雅克科技,2025-09-22 14:44:54,66.57,3794,66.56,U
sz002409,雅克科技,2025-09-22 14:45:03,66.54,48000,66.55,D
sz002409,雅克科技,2025-09-22 14:45:18,66.53,3800,66.54,D
sz002409,雅克科技,2025-09-22 14:45:45,66.54,4300,66.52,U
sz002409,雅克科技,2025-09-22 14:45:48,66.53,10400,66.54,D
sz002409,雅克科技,2025-09-22 14:45:51,66.52,4900,66.53,D
sz002409,雅克科技,2025-09-22 14:45:54,66.53,4500,66.52,U
sz002409,雅克科技,2025-09-22 14:46:00,66.52,4400,66.52,D
sz002409,雅克科技,2025-09-22 14:46:03,66.52,8900,66.52,D
sz002409,雅克科技,2025-09-22 14:46:06,66.53,4400,66.52,U
sz002409,雅克科技,2025-09-22 14:46:27,66.55,5700,66.53,U
sz002409,雅克科技,2025-09-22 14:46:36,66.58,12900,66.56,U
sz002409,雅克科技,2025-09-22 14:46:42,66.6,12800,66.58,U
sz002409,雅克科技,2025-09-22 14:46:45,66.61,6100,66.6,U
sz002409,雅克科技,2025-09-22 14:46:48,66.62,3400,66.61,U
sz002409,雅克科技,2025-09-22 14:46:51,66.62,12900,66.62,E
sz002409,雅克科技,2025-09-22 14:47:03,66.62,10600,66.64,D
sz002409,雅克科技,2025-09-22 14:47:06,66.63,4700,66.62,E
sz002409,雅克科技,2025-09-22 14:47:21,66.6,10600,66.62,D
sz002409,雅克科技,2025-09-22 14:47:33,66.62,4500,66.6,U
sz002409,雅克科技,2025-09-22 14:47:57,66.59,3900,66.6,D
sz002409,雅克科技,2025-09-22 14:48:03,66.56,6200,66.58,D
sz002409,雅克科技,2025-09-22 14:48:06,66.56,5400,66.56,D
sz002409,雅克科技,2025-09-22 14:48:15,66.56,6300,66.56,U
sz002409,雅克科技,2025-09-22 14:48:18,66.57,3200,66.56,U
sz002409,雅克科技,2025-09-22 14:48:24,66.57,4300,66.57,D
sz002409,雅克科技,2025-09-22 14:48:54,66.56,11100,66.55,U
sz002409,雅克科技,2025-09-22 14:48:57,66.57,7800,66.56,U
sz002409,雅克科技,2025-09-22 14:49:03,66.57,7600,66.57,U
sz002409,雅克科技,2025-09-22 14:49:06,66.57,7200,66.57,U
sz002409,雅克科技,2025-09-22 14:49:18,66.57,3100,66.56,U
sz002409,雅克科技,2025-09-22 14:49:33,66.56,4800,66.57,D
sz002409,雅克科技,2025-09-22 14:49:42,66.57,4000,66.57,U
sz002409,雅克科技,2025-09-22 14:50:00,66.56,8000,66.56,D
sz002409,雅克科技,2025-09-22 14:50:03,66.54,10502,66.56,D
sz002409,雅克科技,2025-09-22 14:50:06,66.53,6400,66.54,D
sz002409,雅克科技,2025-09-22 14:50:12,66.53,3700,66.53,D
sz002409,雅克科技,2025-09-22 14:50:30,66.51,4500,66.51,U
sz002409,雅克科技,2025-09-22 14:50:36,66.51,3400,66.51,U
sz002409,雅克科技,2025-09-22 14:50:39,66.5,3600,66.51,D
sz002409,雅克科技,2025-09-22 14:50:42,66.51,3100,66.5,U
sz002409,雅克科技,2025-09-22 14:50:45,66.51,11000,66.51,D
sz002409,雅克科技,2025-09-22 14:50:57,66.5,5900,66.51,D
sz002409,雅克科技,2025-09-22 14:51:00,66.5,3600,66.5,D
sz002409,雅克科技,2025-09-22 14:51:03,66.5,8500,66.5,D
sz002409,雅克科技,2025-09-22 14:51:09,66.5,3700,66.51,D
sz002409,雅克科技,2025-09-22 14:51:18,66.49,5800,66.5,D
sz002409,雅克科技,2025-09-22 14:51:24,66.52,12000,66.5,U
sz002409,雅克科技,2025-09-22 14:51:48,66.51,8100,66.5,U
sz002409,雅克科技,2025-09-22 14:51:51,66.5,17900,66.51,D
sz002409,雅克科技,2025-09-22 14:52:21,66.53,7500,66.55,D
sz002409,雅克科技,2025-09-22 14:52:33,66.55,7400,66.54,U
sz002409,雅克科技,2025-09-22 14:52:45,66.55,3600,66.55,U
sz002409,雅克科技,2025-09-22 14:52:48,66.56,7400,66.55,U
sz002409,雅克科技,2025-09-22 14:52:57,66.56,5700,66.55,U
sz002409,雅克科技,2025-09-22 14:53:00,66.55,4800,66.56,D
sz002409,雅克科技,2025-09-22 14:53:03,66.53,7200,66.55,D
sz002409,雅克科技,2025-09-22 14:53:06,66.54,6500,66.53,E
sz002409,雅克科技,2025-09-22 14:53:12,66.53,4293,66.54,D
sz002409,雅克科技,2025-09-22 14:53:27,66.56,32500,66.54,U
sz002409,雅克科技,2025-09-22 14:53:30,66.59,15400,66.56,U
sz002409,雅克科技,2025-09-22 14:53:33,66.6,3780,66.59,U
sz002409,雅克科技,2025-09-22 14:53:45,66.58,19000,66.6,D
sz002409,雅克科技,2025-09-22 14:53:54,66.55,4400,66.58,D
sz002409,雅克科技,2025-09-22 14:54:12,66.6,3700,66.57,U
sz002409,雅克科技,2025-09-22 14:54:27,66.58,4600,66.58,D
sz002409,雅克科技,2025-09-22 14:54:30,66.59,3600,66.58,U
sz002409,雅克科技,2025-09-22 14:54:42,66.6,7900,66.59,U
sz002409,雅克科技,2025-09-22 14:55:00,66.6,6000,66.61,D
sz002409,雅克科技,2025-09-22 14:55:03,66.6,4200,66.6,D
sz002409,雅克科技,2025-09-22 14:55:09,66.6,4600,66.6,D
sz002409,雅克科技,2025-09-22 14:55:12,66.62,3800,66.6,U
sz002409,雅克科技,2025-09-22 14:55:24,66.58,20000,66.61,D
sz002409,雅克科技,2025-09-22 14:55:27,66.61,22800,66.58,U
sz002409,雅克科技,2025-09-22 14:55:30,66.62,3700,66.61,U
sz002409,雅克科技,2025-09-22 14:55:33,66.59,3700,66.62,E
sz002409,雅克科技,2025-09-22 14:55:45,66.59,14300,66.59,U
sz002409,雅克科技,2025-09-22 14:55:48,66.59,3300,66.59,E
sz002409,雅克科技,2025-09-22 14:55:51,66.6,4100,66.59,U
sz002409,雅克科技,2025-09-22 14:55:54,66.59,13500,66.6,D
sz002409,雅克科技,2025-09-22 14:55:57,66.59,5100,66.59,U
sz002409,雅克科技,2025-09-22 14:56:03,66.6,16200,66.6,U
sz002409,雅克科技,2025-09-22 14:56:06,66.61,5900,66.6,U
sz002409,雅克科技,2025-09-22 14:56:12,66.6,13500,66.62,D
sz002409,雅克科技,2025-09-22 14:56:21,66.62,3900,66.6,U
sz002409,雅克科技,2025-09-22 14:56:24,66.6,5600,66.62,D
sz002409,雅克科技,2025-09-22 14:56:33,66.6,9700,66.61,D
sz002409,雅克科技,2025-09-22 14:56:45,66.62,3100,66.62,U
sz002409,雅克科技,2025-09-22 14:56:54,66.62,17600,66.6,U
sz002409,雅克科技,2025-09-22 14:57:00,66.6,4900,66.62,U
sz002409,雅克科技,2025-09-22 15:00:00,66.65,124400,66.6,E
