symbol,name,ticktime,price,volume,prev_price,kind
sz002409,雅克科技,2025-10-14 09:25:00,86.11,386100,0.0,U
sz002409,雅克科技,2025-10-14 09:30:00,86.06,276600,86.11,D
sz002409,雅克科技,2025-10-14 09:30:03,88.08,537600,86.06,U
sz002409,雅克科技,2025-10-14 09:30:06,86.2,75700,88.08,D
sz002409,雅克科技,2025-10-14 09:30:09,86.18,94500,86.2,D
sz002409,雅克科技,2025-10-14 09:30:12,85.77,40300,86.18,D
sz002409,雅克科技,2025-10-14 09:30:15,85.58,20100,85.77,D
sz002409,雅克科技,2025-10-14 09:30:18,85.28,18000,85.58,D
sz002409,雅克科技,2025-10-14 09:30:21,85.15,16400,85.28,D
sz002409,雅克科技,2025-10-14 09:30:24,85.35,115900,85.15,U
sz002409,雅克科技,2025-10-14 09:30:27,85.0,50500,85.35,D
sz002409,雅克科技,2025-10-14 09:30:30,84.86,33000,85.0,D
sz002409,雅克科技,2025-10-14 09:30:33,84.78,85800,84.86,D
sz002409,雅克科技,2025-10-14 09:30:36,84.5,30200,84.78,D
sz002409,雅克科技,2025-10-14 09:30:39,84.49,27900,84.5,E
sz002409,雅克科技,2025-10-14 09:30:42,84.38,25100,84.49,U
sz002409,雅克科技,2025-10-14 09:30:45,84.22,29900,84.38,D
sz002409,雅克科技,2025-10-14 09:30:48,84.53,66416,84.22,U
sz002409,雅克科技,2025-10-14 09:30:51,84.62,56700,84.53,U
sz002409,雅克科技,2025-10-14 09:30:54,84.15,31384,84.62,D
sz002409,雅克科技,2025-10-14 09:30:57,84.18,27600,84.15,U
sz002409,雅克科技,2025-10-14 09:31:00,84.27,68900,84.18,U
sz002409,雅克科技,2025-10-14 09:31:03,85.0,38700,84.27,U
sz002409,雅克科技,2025-10-14 09:31:06,84.79,15200,85.0,D
sz002409,雅克科技,2025-10-14 09:31:09,84.87,86900,84.79,E
sz002409,雅克科技,2025-10-14 09:31:12,85.05,31300,84.87,U
sz002409,雅克科技,2025-10-14 09:31:15,84.95,35300,85.05,D
sz002409,雅克科技,2025-10-14 09:31:18,84.89,50500,84.95,D
sz002409,雅克科技,2025-10-14 09:31:21,85.06,42200,84.89,U
sz002409,雅克科技,2025-10-14 09:31:24,85.05,14300,85.06,D
sz002409,雅克科技,2025-10-14 09:31:27,85.09,18500,85.05,U
sz002409,雅克科技,2025-10-14 09:31:30,85.53,33800,85.09,U
sz002409,雅克科技,2025-10-14 09:31:33,85.39,37700,85.53,D
sz002409,雅克科技,2025-10-14 09:31:36,85.49,57600,85.39,U
sz002409,雅克科技,2025-10-14 09:31:39,85.49,66000,85.49,D
sz002409,雅克科技,2025-10-14 09:31:42,85.63,31800,85.49,U
sz002409,雅克科技,2025-10-14 09:31:45,85.74,52800,85.63,U
sz002409,雅克科技,2025-10-14 09:31:48,85.93,31400,85.74,E
sz002409,雅克科技,2025-10-14 09:31:51,85.66,44200,85.93,D
sz002409,雅克科技,2025-10-14 09:31:54,85.5,65200,85.66,D
sz002409,雅克科技,2025-10-14 09:31:57,85.5,26900,85.5,U
sz002409,雅克科技,2025-10-14 09:32:00,85.22,30000,85.5,D
sz002409,雅克科技,2025-10-14 09:32:03,85.18,36200,85.22,E
sz002409,雅克科技,2025-10-14 09:32:06,84.76,21400,85.18,D
sz002409,雅克科技,2025-10-14 09:32:09,84.74,47900,84.76,D
sz002409,雅克科技,2025-10-14 09:32:12,84.87,10200,84.74,U
sz002409,雅克科技,2025-10-14 09:32:15,84.88,38400,84.87,U
sz002409,雅克科技,2025-10-14 09:32:18,85.15,55700,84.88,U
sz002409,雅克科技,2025-10-14 09:32:21,85.34,10000,85.15,E
sz002409,雅克科技,2025-10-14 09:32:24,85.02,16600,85.34,D
sz002409,雅克科技,2025-10-14 09:32:27,85.02,10300,85.02,D
sz002409,雅克科技,2025-10-14 09:32:30,85.21,9600,85.02,U
sz002409,雅克科技,2025-10-14 09:32:33,85.0,107000,85.21,D
sz002409,雅克科技,2025-10-14 09:32:36,85.03,29400,85.0,U
sz002409,雅克科技,2025-10-14 09:32:39,85.0,15581,85.03,D
sz002409,雅克科技,2025-10-14 09:32:42,85.02,11300,85.0,E
sz002409,雅克科技,2025-10-14 09:32:45,85.19,27100,85.02,U
sz002409,雅克科技,2025-10-14 09:32:48,85.17,6600,85.19,D
sz002409,雅克科技,2025-10-14 09:32:51,85.17,58419,85.17,U
sz002409,雅克科技,2025-10-14 09:32:54,85.0,10700,85.17,E
sz002409,雅克科技,2025-10-14 09:32:57,84.97,13300,85.0,E
sz002409,雅克科技,2025-10-14 09:33:00,84.41,46600,84.97,D
sz002409,雅克科技,2025-10-14 09:33:03,84.3,14900,84.41,D
sz002409,雅克科技,2025-10-14 09:33:06,84.61,85300,84.3,U
sz002409,雅克科技,2025-10-14 09:33:09,84.58,10500,84.61,D
sz002409,雅克科技,2025-10-14 09:33:12,84.5,15100,84.58,E
sz002409,雅克科技,2025-10-14 09:33:15,85.03,62400,84.5,U
sz002409,雅克科技,2025-10-14 09:33:18,85.02,22000,85.03,E
sz002409,雅克科技,2025-10-14 09:33:21,85.19,50000,85.02,U
sz002409,雅克科技,2025-10-14 09:33:24,85.51,53000,85.19,U
sz002409,雅克科技,2025-10-14 09:33:27,85.2,21200,85.51,D
sz002409,雅克科技,2025-10-14 09:33:30,85.19,16500,85.2,D
sz002409,雅克科技,2025-10-14 09:33:33,85.23,14100,85.19,U
sz002409,雅克科技,2025-10-14 09:33:36,85.14,14000,85.23,D
sz002409,雅克科技,2025-10-14 09:33:39,85.31,31600,85.14,U
sz002409,雅克科技,2025-10-14 09:33:42,85.31,16781,85.31,U
sz002409,雅克科技,2025-10-14 09:33:45,85.54,20300,85.31,U
sz002409,雅克科技,2025-10-14 09:33:48,85.6,10300,85.54,U
sz002409,雅克科技,2025-10-14 09:33:51,85.58,17800,85.6,E
sz002409,雅克科技,2025-10-14 09:33:54,85.5,14000,85.58,D
sz002409,雅克科技,2025-10-14 09:33:57,85.58,20700,85.5,U
sz002409,雅克科技,2025-10-14 09:34:00,85.53,15600,85.58,E
sz002409,雅克科技,2025-10-14 09:34:03,85.4,14300,85.53,E
sz002409,雅克科技,2025-10-14 09:34:06,85.3,15900,85.4,D
sz002409,雅克科技,2025-10-14 09:34:09,85.32,4600,85.3,E
sz002409,雅克科技,2025-10-14 09:34:12,85.14,28800,85.32,D
sz002409,雅克科技,2025-10-14 09:34:15,85.2,6000,85.14,U
sz002409,雅克科技,2025-10-14 09:34:18,85.14,33700,85.2,D
sz002409,雅克科技,2025-10-14 09:34:21,85.22,17000,85.14,U
sz002409,雅克科技,2025-10-14 09:34:24,85.08,10800,85.22,D
sz002409,雅克科技,2025-10-14 09:34:27,85.2,7400,85.08,U
sz002409,雅克科技,2025-10-14 09:34:30,85.08,15300,85.2,D
sz002409,雅克科技,2025-10-14 09:34:33,85.08,6100,85.08,U
sz002409,雅克科技,2025-10-14 09:34:36,85.12,27400,85.08,E
sz002409,雅克科技,2025-10-14 09:34:39,85.2,13500,85.12,E
sz002409,雅克科技,2025-10-14 09:34:42,85.14,7400,85.2,D
sz002409,雅克科技,2025-10-14 09:34:45,85.22,7000,85.14,E
sz002409,雅克科技,2025-10-14 09:34:48,85.35,12100,85.22,U
sz002409,雅克科技,2025-10-14 09:34:51,85.13,5000,85.35,E
sz002409,雅克科技,2025-10-14 09:34:54,85.1,7000,85.13,D
sz002409,雅克科技,2025-10-14 09:34:57,85.13,4100,85.1,E
sz002409,雅克科技,2025-10-14 09:35:00,85.15,6400,85.13,E
sz002409,雅克科技,2025-10-14 09:35:03,85.23,31500,85.15,U
sz002409,雅克科技,2025-10-14 09:35:06,85.26,20100,85.23,E
sz002409,雅克科技,2025-10-14 09:35:09,85.34,18300,85.26,U
sz002409,雅克科技,2025-10-14 09:35:12,85.26,4400,85.34,E
sz002409,雅克科技,2025-10-14 09:35:15,85.22,8200,85.26,D
sz002409,雅克科技,2025-10-14 09:35:18,85.26,10400,85.22,E
sz002409,雅克科技,2025-10-14 09:35:21,85.04,50600,85.26,D
sz002409,雅克科技,2025-10-14 09:35:24,85.04,5600,85.04,U
sz002409,雅克科技,2025-10-14 09:35:27,84.91,11200,85.04,D
sz002409,雅克科技,2025-10-14 09:35:30,85.1,20600,84.91,U
sz002409,雅克科技,2025-10-14 09:35:33,85.04,13300,85.1,D
sz002409,雅克科技,2025-10-14 09:35:36,84.91,7400,85.04,D
sz002409,雅克科技,2025-10-14 09:35:42,84.91,14600,85.06,D
sz002409,雅克科技,2025-10-14 09:35:45,85.0,10300,84.91,E
sz002409,雅克科技,2025-10-14 09:35:48,85.3,23737,85.0,U
sz002409,雅克科技,2025-10-14 09:35:51,85.16,8500,85.3,E
sz002409,雅克科技,2025-10-14 09:35:54,85.3,5300,85.16,U
sz002409,雅克科技,2025-10-14 09:35:57,85.32,10100,85.3,U
sz002409,雅克科技,2025-10-14 09:36:00,85.3,8300,85.32,D
sz002409,雅克科技,2025-10-14 09:36:03,85.28,11100,85.3,D
sz002409,雅克科技,2025-10-14 09:36:06,85.02,18200,85.28,D
sz002409,雅克科技,2025-10-14 09:36:09,85.16,10000,85.02,U
sz002409,雅克科技,2025-10-14 09:36:12,85.16,7600,85.16,D
sz002409,雅克科技,2025-10-14 09:36:15,85.16,3800,85.16,E
sz002409,雅克科技,2025-10-14 09:36:18,85.26,19000,85.16,U
sz002409,雅克科技,2025-10-14 09:36:21,85.35,52000,85.26,U
sz002409,雅克科技,2025-10-14 09:36:24,85.37,30200,85.35,U
sz002409,雅克科技,2025-10-14 09:36:27,85.38,9600,85.37,U
sz002409,雅克科技,2025-10-14 09:36:30,85.38,15400,85.38,U
sz002409,雅克科技,2025-10-14 09:36:33,85.38,25300,85.38,D
sz002409,雅克科技,2025-10-14 09:36:36,85.23,17300,85.38,D
sz002409,雅克科技,2025-10-14 09:36:39,85.11,19200,85.23,D
sz002409,雅克科技,2025-10-14 09:36:42,85.02,16700,85.11,D
sz002409,雅克科技,2025-10-14 09:36:45,84.97,15763,85.02,D
sz002409,雅克科技,2025-10-14 09:36:48,85.0,8100,84.97,E
sz002409,雅克科技,2025-10-14 09:36:51,85.01,10300,85.0,E
sz002409,雅克科技,2025-10-14 09:36:54,85.03,10700,85.01,E
sz002409,雅克科技,2025-10-14 09:36:57,85.03,6000,85.03,U
sz002409,雅克科技,2025-10-14 09:37:00,85.03,16400,85.03,D
sz002409,雅克科技,2025-10-14 09:37:03,85.03,9200,85.03,U
sz002409,雅克科技,2025-10-14 09:37:06,85.03,21900,85.03,U
sz002409,雅克科技,2025-10-14 09:37:09,85.06,9500,85.03,U
sz002409,雅克科技,2025-10-14 09:37:12,85.01,4900,85.06,D
sz002409,雅克科技,2025-10-14 09:37:15,85.06,9200,85.01,E
sz002409,雅克科技,2025-10-14 09:37:21,85.09,7700,85.1,E
sz002409,雅克科技,2025-10-14 09:37:24,85.1,23500,85.09,E
sz002409,雅克科技,2025-10-14 09:37:27,85.08,16100,85.1,D
sz002409,雅克科技,2025-10-14 09:37:30,85.07,12300,85.08,E
sz002409,雅克科技,2025-10-14 09:37:33,85.08,11200,85.07,U
sz002409,雅克科技,2025-10-14 09:37:36,85.09,25400,85.08,U
sz002409,雅克科技,2025-10-14 09:37:39,85.16,12900,85.09,U
sz002409,雅克科技,2025-10-14 09:37:42,85.2,9000,85.16,U
sz002409,雅克科技,2025-10-14 09:37:45,85.22,7000,85.2,U
sz002409,雅克科技,2025-10-14 09:37:48,85.35,2800,85.22,U
sz002409,雅克科技,2025-10-14 09:37:51,85.36,15200,85.35,U
sz002409,雅克科技,2025-10-14 09:37:54,85.37,16300,85.36,E
sz002409,雅克科技,2025-10-14 09:37:57,85.49,4800,85.37,U
sz002409,雅克科技,2025-10-14 09:38:00,85.35,19200,85.49,D
sz002409,雅克科技,2025-10-14 09:38:03,85.1,23000,85.35,D
sz002409,雅克科技,2025-10-14 09:38:06,85.22,15800,85.1,E
sz002409,雅克科技,2025-10-14 09:38:09,85.22,17200,85.22,U
sz002409,雅克科技,2025-10-14 09:38:12,85.21,12300,85.22,E
sz002409,雅克科技,2025-10-14 09:38:15,84.91,61300,85.21,D
sz002409,雅克科技,2025-10-14 09:38:18,84.86,17200,84.91,D
sz002409,雅克科技,2025-10-14 09:38:21,84.84,23200,84.86,D
sz002409,雅克科技,2025-10-14 09:38:24,84.84,21900,84.84,D
sz002409,雅克科技,2025-10-14 09:38:27,84.82,7800,84.84,D
sz002409,雅克科技,2025-10-14 09:38:30,84.92,16200,84.82,U
sz002409,雅克科技,2025-10-14 09:38:33,84.89,8000,84.92,D
sz002409,雅克科技,2025-10-14 09:38:36,84.89,13600,84.89,D
sz002409,雅克科技,2025-10-14 09:38:39,84.93,11300,84.89,D
sz002409,雅克科技,2025-10-14 09:38:42,84.96,6400,84.93,E
sz002409,雅克科技,2025-10-14 09:38:45,84.89,22400,84.96,D
sz002409,雅克科技,2025-10-14 09:38:48,84.97,6600,84.89,U
sz002409,雅克科技,2025-10-14 09:38:51,84.93,15500,84.97,E
sz002409,雅克科技,2025-10-14 09:38:54,84.97,7200,84.93,U
sz002409,雅克科技,2025-10-14 09:38:57,84.97,6600,84.97,D
sz002409,雅克科技,2025-10-14 09:39:00,84.82,41200,84.97,D
sz002409,雅克科技,2025-10-14 09:39:03,84.76,142600,84.82,D
sz002409,雅克科技,2025-10-14 09:39:06,84.8,32200,84.76,U
sz002409,雅克科技,2025-10-14 09:39:09,84.89,21800,84.8,U
sz002409,雅克科技,2025-10-14 09:39:12,84.88,19000,84.89,E
sz002409,雅克科技,2025-10-14 09:39:15,84.88,13500,84.88,D
sz002409,雅克科技,2025-10-14 09:39:18,84.7,20500,84.88,D
sz002409,雅克科技,2025-10-14 09:39:21,84.51,16000,84.7,D
sz002409,雅克科技,2025-10-14 09:39:24,84.49,23500,84.51,D
sz002409,雅克科技,2025-10-14 09:39:27,84.31,2400,84.49,D
sz002409,雅克科技,2025-10-14 09:39:30,84.32,5800,84.31,E
sz002409,雅克科技,2025-10-14 09:39:33,84.29,10200,84.32,D
sz002409,雅克科技,2025-10-14 09:39:36,84.3,39400,84.29,U
sz002409,雅克科技,2025-10-14 09:39:39,84.29,21700,84.3,E
sz002409,雅克科技,2025-10-14 09:39:42,84.15,13000,84.29,D
sz002409,雅克科技,2025-10-14 09:39:45,84.15,8100,84.15,D
sz002409,雅克科技,2025-10-14 09:39:48,84.16,13200,84.15,E
sz002409,雅克科技,2025-10-14 09:39:51,84.14,13200,84.16,D
sz002409,雅克科技,2025-10-14 09:39:54,84.12,7300,84.14,D
sz002409,雅克科技,2025-10-14 09:39:57,84.1,6700,84.12,D
sz002409,雅克科技,2025-10-14 09:40:00,84.1,18600,84.1,D
sz002409,雅克科技,2025-10-14 09:40:03,84.2,103400,84.1,U
sz002409,雅克科技,2025-10-14 09:40:06,84.1,15500,84.2,D
sz002409,雅克科技,2025-10-14 09:40:09,84.25,12000,84.1,U
sz002409,雅克科技,2025-10-14 09:40:12,84.16,8300,84.25,E
sz002409,雅克科技,2025-10-14 09:40:15,84.14,10300,84.16,D
sz002409,雅克科技,2025-10-14 09:40:18,84.08,17900,84.14,D
sz002409,雅克科技,2025-10-14 09:40:21,84.13,17600,84.08,U
sz002409,雅克科技,2025-10-14 09:40:24,84.09,11100,84.13,D
sz002409,雅克科技,2025-10-14 09:40:27,84.05,18500,84.09,D
sz002409,雅克科技,2025-10-14 09:40:30,84.11,4200,84.05,E
sz002409,雅克科技,2025-10-14 09:40:33,84.13,8600,84.11,D
sz002409,雅克科技,2025-10-14 09:40:36,84.14,13800,84.13,U
sz002409,雅克科技,2025-10-14 09:40:39,84.06,4600,84.14,D
sz002409,雅克科技,2025-10-14 09:40:42,84.07,7200,84.06,U
sz002409,雅克科技,2025-10-14 09:40:45,84.08,9200,84.07,E
sz002409,雅克科技,2025-10-14 09:40:48,84.08,29300,84.08,E
sz002409,雅克科技,2025-10-14 09:40:51,84.29,33900,84.08,U
sz002409,雅克科技,2025-10-14 09:40:54,84.3,6800,84.29,E
sz002409,雅克科技,2025-10-14 09:40:57,84.3,11100,84.3,U
sz002409,雅克科技,2025-10-14 09:41:00,84.31,15800,84.3,E
sz002409,雅克科技,2025-10-14 09:41:03,84.44,11700,84.31,U
sz002409,雅克科技,2025-10-14 09:41:06,84.21,16200,84.44,D
sz002409,雅克科技,2025-10-14 09:41:09,84.21,7200,84.21,D
sz002409,雅克科技,2025-10-14 09:41:12,84.12,16800,84.21,D
sz002409,雅克科技,2025-10-14 09:41:15,84.08,12600,84.12,D
sz002409,雅克科技,2025-10-14 09:41:18,84.15,21500,84.08,U
sz002409,雅克科技,2025-10-14 09:41:21,84.12,15100,84.15,E
sz002409,雅克科技,2025-10-14 09:41:24,84.09,8000,84.12,D
sz002409,雅克科技,2025-10-14 09:41:27,84.12,21300,84.09,E
sz002409,雅克科技,2025-10-14 09:41:30,84.09,21000,84.12,D
sz002409,雅克科技,2025-10-14 09:41:33,84.12,36100,84.09,U
sz002409,雅克科技,2025-10-14 09:41:36,84.07,24400,84.12,D
sz002409,雅克科技,2025-10-14 09:41:39,84.2,8700,84.07,E
sz002409,雅克科技,2025-10-14 09:41:42,84.45,9900,84.2,U
sz002409,雅克科技,2025-10-14 09:41:45,84.42,3500,84.45,D
sz002409,雅克科技,2025-10-14 09:41:48,84.41,6300,84.42,D
sz002409,雅克科技,2025-10-14 09:41:51,84.45,6500,84.41,U
sz002409,雅克科技,2025-10-14 09:41:54,84.24,5300,84.45,D
sz002409,雅克科技,2025-10-14 09:41:57,84.28,4400,84.24,U
sz002409,雅克科技,2025-10-14 09:42:00,84.42,2600,84.28,U
sz002409,雅克科技,2025-10-14 09:42:03,84.29,13300,84.42,D
sz002409,雅克科技,2025-10-14 09:42:06,84.44,6300,84.29,E
sz002409,雅克科技,2025-10-14 09:42:09,84.37,13700,84.44,E
sz002409,雅克科技,2025-10-14 09:42:12,84.37,18700,84.37,D
sz002409,雅克科技,2025-10-14 09:42:15,84.3,3600,84.37,D
sz002409,雅克科技,2025-10-14 09:42:18,84.26,14300,84.3,D
sz002409,雅克科技,2025-10-14 09:42:21,84.25,6900,84.26,D
sz002409,雅克科技,2025-10-14 09:42:24,84.21,24800,84.25,D
sz002409,雅克科技,2025-10-14 09:42:27,84.19,27500,84.21,D
sz002409,雅克科技,2025-10-14 09:42:30,84.17,5200,84.19,D
sz002409,雅克科技,2025-10-14 09:42:33,84.13,5900,84.17,D
sz002409,雅克科技,2025-10-14 09:42:36,84.19,5000,84.13,U
sz002409,雅克科技,2025-10-14 09:42:39,84.1,6800,84.19,D
sz002409,雅克科技,2025-10-14 09:42:42,84.13,8400,84.1,U
sz002409,雅克科技,2025-10-14 09:42:45,84.04,18400,84.13,D
sz002409,雅克科技,2025-10-14 09:42:48,83.81,75100,84.04,D
sz002409,雅克科技,2025-10-14 09:42:51,83.8,7100,83.81,D
sz002409,雅克科技,2025-10-14 09:42:54,83.7,11300,83.8,D
sz002409,雅克科技,2025-10-14 09:42:57,83.68,5500,83.7,D
sz002409,雅克科技,2025-10-14 09:43:00,83.66,10400,83.68,D
sz002409,雅克科技,2025-10-14 09:43:03,83.68,63300,83.66,U
sz002409,雅克科技,2025-10-14 09:43:06,83.67,26400,83.68,D
sz002409,雅克科技,2025-10-14 09:43:09,83.68,16200,83.67,E
sz002409,雅克科技,2025-10-14 09:43:12,83.68,32700,83.68,D
sz002409,雅克科技,2025-10-14 09:43:15,83.67,23900,83.68,E
sz002409,雅克科技,2025-10-14 09:43:18,83.88,6000,83.67,U
sz002409,雅克科技,2025-10-14 09:43:21,83.69,14700,83.88,D
sz002409,雅克科技,2025-10-14 09:43:24,83.92,11700,83.69,U
sz002409,雅克科技,2025-10-14 09:43:27,83.92,15200,83.92,U
sz002409,雅克科技,2025-10-14 09:43:30,83.71,8600,83.92,D
sz002409,雅克科技,2025-10-14 09:43:33,83.89,4500,83.71,E
sz002409,雅克科技,2025-10-14 09:43:36,83.89,5100,83.89,E
sz002409,雅克科技,2025-10-14 09:43:39,83.95,11900,83.89,U
sz002409,雅克科技,2025-10-14 09:43:42,84.06,17205,83.95,U
sz002409,雅克科技,2025-10-14 09:43:45,84.22,48700,84.06,U
sz002409,雅克科技,2025-10-14 09:43:51,84.21,6700,84.29,D
sz002409,雅克科技,2025-10-14 09:43:54,84.33,15000,84.21,U
sz002409,雅克科技,2025-10-14 09:43:57,84.2,7500,84.33,D
sz002409,雅克科技,2025-10-14 09:44:00,84.32,7900,84.2,U
sz002409,雅克科技,2025-10-14 09:44:03,84.23,6600,84.32,U
sz002409,雅克科技,2025-10-14 09:44:06,84.3,12000,84.23,U
sz002409,雅克科技,2025-10-14 09:44:09,84.59,44700,84.3,U
sz002409,雅克科技,2025-10-14 09:44:12,84.66,5700,84.59,U
sz002409,雅克科技,2025-10-14 09:44:15,84.66,5300,84.66,E
sz002409,雅克科技,2025-10-14 09:44:18,84.65,19400,84.66,E
sz002409,雅克科技,2025-10-14 09:44:21,84.71,18400,84.65,U
sz002409,雅克科技,2025-10-14 09:44:24,84.69,3300,84.71,E
sz002409,雅克科技,2025-10-14 09:44:27,84.66,9800,84.69,D
sz002409,雅克科技,2025-10-14 09:44:30,84.65,13100,84.66,E
sz002409,雅克科技,2025-10-14 09:44:33,84.63,5300,84.65,E
sz002409,雅克科技,2025-10-14 09:44:36,84.57,10100,84.63,E
sz002409,雅克科技,2025-10-14 09:44:39,84.55,7200,84.57,E
sz002409,雅克科技,2025-10-14 09:44:42,84.46,9600,84.55,E
sz002409,雅克科技,2025-10-14 09:44:45,84.55,6200,84.46,E
sz002409,雅克科技,2025-10-14 09:44:48,84.39,6800,84.55,E
sz002409,雅克科技,2025-10-14 09:44:51,84.45,17300,84.39,E
sz002409,雅克科技,2025-10-14 09:44:54,84.46,3400,84.45,U
sz002409,雅克科技,2025-10-14 09:45:00,84.45,4200,84.45,U
sz002409,雅克科技,2025-10-14 09:45:03,84.5,9100,84.45,U
sz002409,雅克科技,2025-10-14 09:45:06,84.52,29900,84.5,U
sz002409,雅克科技,2025-10-14 09:45:09,84.5,4900,84.52,D
sz002409,雅克科技,2025-10-14 09:45:12,84.48,15000,84.5,D
sz002409,雅克科技,2025-10-14 09:45:15,84.45,22000,84.48,D
sz002409,雅克科技,2025-10-14 09:45:18,84.41,63000,84.45,D
sz002409,雅克科技,2025-10-14 09:45:21,84.64,6400,84.41,U
sz002409,雅克科技,2025-10-14 09:45:24,84.74,6800,84.64,U
sz002409,雅克科技,2025-10-14 09:45:27,84.74,5400,84.74,U
sz002409,雅克科技,2025-10-14 09:45:30,84.78,12400,84.74,U
sz002409,雅克科技,2025-10-14 09:45:33,84.84,3800,84.78,U
sz002409,雅克科技,2025-10-14 09:45:36,84.74,17000,84.84,D
sz002409,雅克科技,2025-10-14 09:45:39,84.74,5800,84.74,U
sz002409,雅克科技,2025-10-14 09:45:42,84.76,6400,84.74,U
sz002409,雅克科技,2025-10-14 09:45:45,84.78,4200,84.76,E
sz002409,雅克科技,2025-10-14 09:45:48,84.6,32300,84.78,D
sz002409,雅克科技,2025-10-14 09:45:51,84.59,5500,84.6,E
sz002409,雅克科技,2025-10-14 09:45:54,84.59,3500,84.59,U
sz002409,雅克科技,2025-10-14 09:45:57,84.49,3200,84.59,D
sz002409,雅克科技,2025-10-14 09:46:00,84.48,8600,84.49,E
sz002409,雅克科技,2025-10-14 09:46:03,84.43,4700,84.48,E
sz002409,雅克科技,2025-10-14 09:46:06,84.28,4400,84.43,D
sz002409,雅克科技,2025-10-14 09:46:09,84.24,5500,84.28,D
sz002409,雅克科技,2025-10-14 09:46:15,84.21,8300,84.23,D
sz002409,雅克科技,2025-10-14 09:46:18,84.18,4500,84.21,D
sz002409,雅克科技,2025-10-14 09:46:21,84.08,5400,84.18,D
sz002409,雅克科技,2025-10-14 09:46:30,84.0,5600,84.08,D
sz002409,雅克科技,2025-10-14 09:46:33,84.0,2500,84.0,D
sz002409,雅克科技,2025-10-14 09:46:36,84.02,37300,84.0,U
sz002409,雅克科技,2025-10-14 09:46:39,84.01,9300,84.02,D
sz002409,雅克科技,2025-10-14 09:46:42,84.02,5300,84.01,E
sz002409,雅克科技,2025-10-14 09:46:48,84.04,10600,84.15,D
sz002409,雅克科技,2025-10-14 09:46:51,84.07,21400,84.04,E
sz002409,雅克科技,2025-10-14 09:46:54,84.14,5700,84.07,E
sz002409,雅克科技,2025-10-14 09:46:57,84.16,9300,84.14,D
sz002409,雅克科技,2025-10-14 09:47:00,84.25,4500,84.16,E
sz002409,雅克科技,2025-10-14 09:47:03,84.26,7300,84.25,U
sz002409,雅克科技,2025-10-14 09:47:06,84.35,3900,84.26,E
sz002409,雅克科技,2025-10-14 09:47:15,84.26,25400,84.26,D
sz002409,雅克科技,2025-10-14 09:47:18,84.35,18000,84.26,U
sz002409,雅克科技,2025-10-14 09:47:21,84.35,5000,84.35,U
sz002409,雅克科技,2025-10-14 09:47:24,84.26,4000,84.35,D
sz002409,雅克科技,2025-10-14 09:47:27,84.38,7300,84.26,U
sz002409,雅克科技,2025-10-14 09:47:30,84.35,11100,84.38,D
sz002409,雅克科技,2025-10-14 09:47:33,84.42,3100,84.35,U
sz002409,雅克科技,2025-10-14 09:47:39,84.4,11500,84.4,D
sz002409,雅克科技,2025-10-14 09:47:45,84.25,13400,84.36,D
sz002409,雅克科技,2025-10-14 09:47:48,84.19,19300,84.25,D
sz002409,雅克科技,2025-10-14 09:47:51,84.16,7400,84.19,D
sz002409,雅克科技,2025-10-14 09:47:57,84.1,3100,84.15,D
sz002409,雅克科技,2025-10-14 09:48:03,84.09,3900,84.1,D
sz002409,雅克科技,2025-10-14 09:48:06,84.04,7800,84.09,D
sz002409,雅克科技,2025-10-14 09:48:09,84.04,4100,84.04,D
sz002409,雅克科技,2025-10-14 09:48:12,84.01,3300,84.04,D
sz002409,雅克科技,2025-10-14 09:48:18,84.02,13600,84.01,U
sz002409,雅克科技,2025-10-14 09:48:21,84.03,5900,84.02,U
sz002409,雅克科技,2025-10-14 09:48:24,84.02,6100,84.03,D
sz002409,雅克科技,2025-10-14 09:48:27,84.03,10100,84.02,U
sz002409,雅克科技,2025-10-14 09:48:30,84.02,6500,84.03,D
sz002409,雅克科技,2025-10-14 09:48:33,84.0,5100,84.02,D
sz002409,雅克科技,2025-10-14 09:48:36,83.99,19100,84.0,D
sz002409,雅克科技,2025-10-14 09:48:39,83.92,10700,83.99,D
sz002409,雅克科技,2025-10-14 09:48:42,83.91,13500,83.92,D
sz002409,雅克科技,2025-10-14 09:48:45,83.9,7300,83.91,D
sz002409,雅克科技,2025-10-14 09:48:48,83.83,11900,83.9,D
sz002409,雅克科技,2025-10-14 09:48:51,83.78,3100,83.83,D
sz002409,雅克科技,2025-10-14 09:48:54,83.7,11900,83.78,D
sz002409,雅克科技,2025-10-14 09:48:57,83.7,7200,83.7,D
sz002409,雅克科技,2025-10-14 09:49:00,83.86,15700,83.7,U
sz002409,雅克科技,2025-10-14 09:49:03,84.04,40600,83.86,U
sz002409,雅克科技,2025-10-14 09:49:06,84.02,13000,84.04,D
sz002409,雅克科技,2025-10-14 09:49:09,84.02,6200,84.02,E
sz002409,雅克科技,2025-10-14 09:49:12,83.94,2600,84.02,D
sz002409,雅克科技,2025-10-14 09:49:18,83.85,11400,83.83,U
sz002409,雅克科技,2025-10-14 09:49:21,83.93,2600,83.85,U
sz002409,雅克科技,2025-10-14 09:49:24,83.85,14400,83.93,D
sz002409,雅克科技,2025-10-14 09:49:27,83.86,2500,83.85,D
sz002409,雅克科技,2025-10-14 09:49:30,83.86,3400,83.86,D
sz002409,雅克科技,2025-10-14 09:49:33,83.85,8700,83.86,D
sz002409,雅克科技,2025-10-14 09:49:36,83.86,23000,83.85,U
sz002409,雅克科技,2025-10-14 09:49:39,83.85,18900,83.86,D
sz002409,雅克科技,2025-10-14 09:49:42,83.86,5600,83.85,U
sz002409,雅克科技,2025-10-14 09:49:45,83.79,13000,83.86,D
sz002409,雅克科技,2025-10-14 09:49:48,83.79,6700,83.79,D
sz002409,雅克科技,2025-10-14 09:49:51,83.8,50100,83.79,U
sz002409,雅克科技,2025-10-14 09:49:54,83.79,12200,83.8,U
sz002409,雅克科技,2025-10-14 09:49:57,83.84,9600,83.79,U
sz002409,雅克科技,2025-10-14 09:50:00,83.79,4900,83.84,D
sz002409,雅克科技,2025-10-14 09:50:03,83.8,4300,83.79,U
sz002409,雅克科技,2025-10-14 09:50:06,83.78,157700,83.8,D
sz002409,雅克科技,2025-10-14 09:50:09,83.72,138800,83.78,D
sz002409,雅克科技,2025-10-14 09:50:12,83.66,16600,83.72,D
sz002409,雅克科技,2025-10-14 09:50:15,83.51,51000,83.66,D
sz002409,雅克科技,2025-10-14 09:50:18,83.51,9300,83.51,D
sz002409,雅克科技,2025-10-14 09:50:21,83.5,27800,83.51,D
sz002409,雅克科技,2025-10-14 09:50:24,83.42,3000,83.5,D
sz002409,雅克科技,2025-10-14 09:50:27,83.42,26200,83.42,U
sz002409,雅克科技,2025-10-14 09:50:30,83.28,5500,83.42,D
sz002409,雅克科技,2025-10-14 09:50:33,83.28,10000,83.28,D
sz002409,雅克科技,2025-10-14 09:50:36,83.28,17500,83.28,U
sz002409,雅克科技,2025-10-14 09:50:39,83.22,26300,83.28,D
sz002409,雅克科技,2025-10-14 09:50:42,83.22,31600,83.22,D
sz002409,雅克科技,2025-10-14 09:50:45,83.16,14000,83.22,D
sz002409,雅克科技,2025-10-14 09:50:48,83.28,29300,83.16,U
sz002409,雅克科技,2025-10-14 09:50:51,83.28,21300,83.28,D
sz002409,雅克科技,2025-10-14 09:50:54,83.34,34300,83.28,U
sz002409,雅克科技,2025-10-14 09:50:57,83.33,6800,83.34,D
sz002409,雅克科技,2025-10-14 09:51:00,83.33,3900,83.33,D
sz002409,雅克科技,2025-10-14 09:51:03,83.29,88000,83.33,D
sz002409,雅克科技,2025-10-14 09:51:06,83.33,36200,83.29,U
sz002409,雅克科技,2025-10-14 09:51:09,83.3,23600,83.33,E
sz002409,雅克科技,2025-10-14 09:51:12,83.29,16100,83.3,D
sz002409,雅克科技,2025-10-14 09:51:15,83.33,7600,83.29,U
sz002409,雅克科技,2025-10-14 09:51:18,83.34,11200,83.33,U
sz002409,雅克科技,2025-10-14 09:51:21,83.57,41300,83.34,U
sz002409,雅克科技,2025-10-14 09:51:24,83.43,12000,83.57,E
sz002409,雅克科技,2025-10-14 09:51:27,83.43,6400,83.43,D
sz002409,雅克科技,2025-10-14 09:51:30,83.41,6800,83.43,D
sz002409,雅克科技,2025-10-14 09:51:33,83.51,3300,83.41,U
sz002409,雅克科技,2025-10-14 09:51:36,83.41,14200,83.51,D
sz002409,雅克科技,2025-10-14 09:51:39,83.38,20100,83.41,D
sz002409,雅克科技,2025-10-14 09:51:42,83.37,19500,83.38,D
sz002409,雅克科技,2025-10-14 09:51:45,83.35,5900,83.37,D
sz002409,雅克科技,2025-10-14 09:51:48,83.34,6000,83.35,D
sz002409,雅克科技,2025-10-14 09:51:51,83.32,14300,83.34,D
sz002409,雅克科技,2025-10-14 09:51:54,83.33,6000,83.32,U
sz002409,雅克科技,2025-10-14 09:51:57,83.31,7400,83.33,D
sz002409,雅克科技,2025-10-14 09:52:00,83.28,8900,83.31,D
sz002409,雅克科技,2025-10-14 09:52:03,83.3,18000,83.28,U
sz002409,雅克科技,2025-10-14 09:52:06,83.28,17500,83.3,D
sz002409,雅克科技,2025-10-14 09:52:09,83.29,8500,83.28,U
sz002409,雅克科技,2025-10-14 09:52:12,83.27,6100,83.29,D
sz002409,雅克科技,2025-10-14 09:52:15,83.27,3300,83.27,U
sz002409,雅克科技,2025-10-14 09:52:18,83.2,6800,83.27,D
sz002409,雅克科技,2025-10-14 09:52:21,83.13,14400,83.2,D
sz002409,雅克科技,2025-10-14 09:52:24,83.09,18400,83.13,D
sz002409,雅克科技,2025-10-14 09:52:27,83.04,5000,83.09,D
sz002409,雅克科技,2025-10-14 09:52:30,83.0,11800,83.04,D
sz002409,雅克科技,2025-10-14 09:52:33,83.0,13200,83.0,D
sz002409,雅克科技,2025-10-14 09:52:36,83.0,27600,83.0,D
sz002409,雅克科技,2025-10-14 09:52:39,82.81,6600,83.0,D
sz002409,雅克科技,2025-10-14 09:52:48,82.76,23000,82.77,D
sz002409,雅克科技,2025-10-14 09:52:51,82.69,45400,82.76,D
sz002409,雅克科技,2025-10-14 09:52:54,82.7,8000,82.69,E
sz002409,雅克科技,2025-10-14 09:52:57,82.61,9700,82.7,E
sz002409,雅克科技,2025-10-14 09:53:00,82.76,52900,82.61,U
sz002409,雅克科技,2025-10-14 09:53:03,82.78,51200,82.76,U
sz002409,雅克科技,2025-10-14 09:53:06,82.61,24100,82.78,D
sz002409,雅克科技,2025-10-14 09:53:09,82.61,6200,82.61,D
sz002409,雅克科技,2025-10-14 09:53:12,82.61,7400,82.61,U
sz002409,雅克科技,2025-10-14 09:53:15,82.59,11300,82.61,E
sz002409,雅克科技,2025-10-14 09:53:18,82.55,16200,82.59,D
sz002409,雅克科技,2025-10-14 09:53:21,82.54,7100,82.55,D
sz002409,雅克科技,2025-10-14 09:53:24,82.54,9900,82.54,U
sz002409,雅克科技,2025-10-14 09:53:27,82.48,6800,82.54,D
sz002409,雅克科技,2025-10-14 09:53:30,82.48,25000,82.48,D
sz002409,雅克科技,2025-10-14 09:53:33,82.4,5200,82.48,D
sz002409,雅克科技,2025-10-14 09:53:36,82.4,5300,82.4,D
sz002409,雅克科技,2025-10-14 09:53:39,82.41,41200,82.4,E
sz002409,雅克科技,2025-10-14 09:53:42,82.4,19600,82.41,E
sz002409,雅克科技,2025-10-14 09:53:45,82.39,5300,82.4,D
sz002409,雅克科技,2025-10-14 09:53:48,82.36,9000,82.39,D
sz002409,雅克科技,2025-10-14 09:53:51,82.3,19300,82.36,D
sz002409,雅克科技,2025-10-14 09:53:54,82.3,25800,82.3,D
sz002409,雅克科技,2025-10-14 09:53:57,82.31,10800,82.3,E
sz002409,雅克科技,2025-10-14 09:54:00,82.3,21800,82.31,D
sz002409,雅克科技,2025-10-14 09:54:03,82.3,16400,82.3,U
sz002409,雅克科技,2025-10-14 09:54:06,82.3,18400,82.3,U
sz002409,雅克科技,2025-10-14 09:54:09,82.23,20700,82.3,E
sz002409,雅克科技,2025-10-14 09:54:12,82.2,11400,82.23,E
sz002409,雅克科技,2025-10-14 09:54:15,82.21,10300,82.2,U
sz002409,雅克科技,2025-10-14 09:54:18,82.08,3300,82.21,D
sz002409,雅克科技,2025-10-14 09:54:21,82.1,40300,82.08,E
sz002409,雅克科技,2025-10-14 09:54:24,82.08,19100,82.1,D
sz002409,雅克科技,2025-10-14 09:54:27,82.08,5300,82.08,U
sz002409,雅克科技,2025-10-14 09:54:30,82.06,22700,82.08,E
sz002409,雅克科技,2025-10-14 09:54:33,82.11,34700,82.06,U
sz002409,雅克科技,2025-10-14 09:54:36,82.15,39000,82.11,U
sz002409,雅克科技,2025-10-14 09:54:39,82.34,16600,82.15,U
sz002409,雅克科技,2025-10-14 09:54:42,82.38,31200,82.34,U
sz002409,雅克科技,2025-10-14 09:54:45,82.46,3700,82.38,E
sz002409,雅克科技,2025-10-14 09:54:48,82.38,7100,82.46,D
sz002409,雅克科技,2025-10-14 09:54:51,82.55,17700,82.38,U
sz002409,雅克科技,2025-10-14 09:54:54,82.6,9000,82.55,U
sz002409,雅克科技,2025-10-14 09:54:57,82.47,12000,82.6,D
sz002409,雅克科技,2025-10-14 09:55:00,82.5,7200,82.47,E
sz002409,雅克科技,2025-10-14 09:55:03,82.57,55200,82.5,U
sz002409,雅克科技,2025-10-14 09:55:06,82.56,11500,82.57,D
sz002409,雅克科技,2025-10-14 09:55:09,82.56,5000,82.56,U
sz002409,雅克科技,2025-10-14 09:55:12,82.56,26600,82.56,U
sz002409,雅克科技,2025-10-14 09:55:15,82.56,14900,82.56,U
sz002409,雅克科技,2025-10-14 09:55:18,82.57,9300,82.56,U
sz002409,雅克科技,2025-10-14 09:55:21,82.53,15500,82.57,E
sz002409,雅克科技,2025-10-14 09:55:24,82.47,19700,82.53,D
sz002409,雅克科技,2025-10-14 09:55:27,82.35,8600,82.47,D
sz002409,雅克科技,2025-10-14 09:55:33,82.4,12100,82.48,D
sz002409,雅克科技,2025-10-14 09:55:36,82.5,4900,82.4,U
sz002409,雅克科技,2025-10-14 09:55:39,82.36,6700,82.5,D
sz002409,雅克科技,2025-10-14 09:55:42,82.36,8100,82.36,D
sz002409,雅克科技,2025-10-14 09:55:45,82.37,5800,82.36,U
sz002409,雅克科技,2025-10-14 09:55:48,82.36,4400,82.37,D
sz002409,雅克科技,2025-10-14 09:55:51,82.36,3700,82.36,E
sz002409,雅克科技,2025-10-14 09:55:54,82.34,6800,82.36,D
sz002409,雅克科技,2025-10-14 09:55:57,82.34,7900,82.34,U
sz002409,雅克科技,2025-10-14 09:56:00,82.28,24500,82.34,D
sz002409,雅克科技,2025-10-14 09:56:03,82.14,24200,82.28,D
sz002409,雅克科技,2025-10-14 09:56:06,82.14,48300,82.14,D
sz002409,雅克科技,2025-10-14 09:56:09,82.09,7400,82.14,D
sz002409,雅克科技,2025-10-14 09:56:12,82.04,14300,82.09,D
sz002409,雅克科技,2025-10-14 09:56:15,82.08,15700,82.04,U
sz002409,雅克科技,2025-10-14 09:56:18,82.01,13600,82.08,D
sz002409,雅克科技,2025-10-14 09:56:21,82.02,8800,82.01,U
sz002409,雅克科技,2025-10-14 09:56:24,82.0,23100,82.02,D
sz002409,雅克科技,2025-10-14 09:56:27,82.0,34300,82.0,D
sz002409,雅克科技,2025-10-14 09:56:30,82.0,29000,82.0,D
sz002409,雅克科技,2025-10-14 09:56:33,82.0,32500,82.0,D
sz002409,雅克科技,2025-10-14 09:56:36,82.0,3100,82.0,U
sz002409,雅克科技,2025-10-14 09:56:39,82.18,70600,82.0,U
sz002409,雅克科技,2025-10-14 09:56:42,82.21,25900,82.18,U
sz002409,雅克科技,2025-10-14 09:56:45,82.06,3200,82.21,D
sz002409,雅克科技,2025-10-14 09:56:48,82.11,3400,82.06,E
sz002409,雅克科技,2025-10-14 09:56:51,82.18,14400,82.11,U
sz002409,雅克科技,2025-10-14 09:56:54,82.18,16300,82.18,U
sz002409,雅克科技,2025-10-14 09:56:57,82.11,2700,82.18,E
sz002409,雅克科技,2025-10-14 09:57:00,82.1,3200,82.11,D
sz002409,雅克科技,2025-10-14 09:57:03,82.09,4000,82.1,D
sz002409,雅克科技,2025-10-14 09:57:06,82.18,15900,82.09,U
sz002409,雅克科技,2025-10-14 09:57:09,82.14,10800,82.18,D
sz002409,雅克科技,2025-10-14 09:57:12,82.08,18600,82.14,D
sz002409,雅克科技,2025-10-14 09:57:15,82.01,23800,82.08,D
sz002409,雅克科技,2025-10-14 09:57:18,82.07,7900,82.01,D
sz002409,雅克科技,2025-10-14 09:57:21,82.01,7100,82.07,D
sz002409,雅克科技,2025-10-14 09:57:24,82.0,14100,82.01,D
sz002409,雅克科技,2025-10-14 09:57:27,82.03,8100,82.0,U
sz002409,雅克科技,2025-10-14 09:57:30,82.03,10000,82.03,D
sz002409,雅克科技,2025-10-14 09:57:33,82.04,11900,82.03,U
sz002409,雅克科技,2025-10-14 09:57:36,82.08,6500,82.04,U
sz002409,雅克科技,2025-10-14 09:57:39,82.04,4100,82.08,E
sz002409,雅克科技,2025-10-14 09:57:42,82.01,7100,82.04,D
sz002409,雅克科技,2025-10-14 09:57:45,82.01,8700,82.01,D
sz002409,雅克科技,2025-10-14 09:57:48,82.03,3200,82.01,U
sz002409,雅克科技,2025-10-14 09:57:51,82.03,5500,82.03,U
sz002409,雅克科技,2025-10-14 09:57:54,82.05,7300,82.03,E
sz002409,雅克科技,2025-10-14 09:57:57,82.08,7100,82.05,U
sz002409,雅克科技,2025-10-14 09:58:00,82.04,16700,82.08,E
sz002409,雅克科技,2025-10-14 09:58:03,82.14,21600,82.04,U
sz002409,雅克科技,2025-10-14 09:58:06,82.14,12900,82.14,D
sz002409,雅克科技,2025-10-14 09:58:09,82.33,10400,82.14,E
sz002409,雅克科技,2025-10-14 09:58:12,82.19,30700,82.33,E
sz002409,雅克科技,2025-10-14 09:58:15,82.23,6700,82.19,E
sz002409,雅克科技,2025-10-14 09:58:18,82.41,2700,82.23,E
sz002409,雅克科技,2025-10-14 09:58:21,82.48,7300,82.41,U
sz002409,雅克科技,2025-10-14 09:58:24,82.43,3600,82.48,D
sz002409,雅克科技,2025-10-14 09:58:27,82.43,9900,82.43,U
sz002409,雅克科技,2025-10-14 09:58:33,82.4,7000,82.44,E
sz002409,雅克科技,2025-10-14 09:58:36,82.25,4200,82.4,D
sz002409,雅克科技,2025-10-14 09:58:39,82.38,7700,82.25,U
sz002409,雅克科技,2025-10-14 09:58:42,82.21,4000,82.38,D
sz002409,雅克科技,2025-10-14 09:58:45,82.21,4600,82.21,U
sz002409,雅克科技,2025-10-14 09:58:48,82.35,4200,82.21,U
sz002409,雅克科技,2025-10-14 09:58:51,82.37,7600,82.35,U
sz002409,雅克科技,2025-10-14 09:58:57,82.22,14100,82.24,D
sz002409,雅克科技,2025-10-14 09:59:00,82.2,18900,82.22,D
sz002409,雅克科技,2025-10-14 09:59:03,82.22,4900,82.2,E
sz002409,雅克科技,2025-10-14 09:59:06,82.33,3200,82.22,U
sz002409,雅克科技,2025-10-14 09:59:12,82.24,3600,82.22,E
sz002409,雅克科技,2025-10-14 09:59:15,82.22,3100,82.24,D
sz002409,雅克科技,2025-10-14 09:59:18,82.37,12100,82.22,U
sz002409,雅克科技,2025-10-14 09:59:24,82.39,2700,82.37,E
sz002409,雅克科技,2025-10-14 09:59:30,82.33,10800,82.36,E
sz002409,雅克科技,2025-10-14 09:59:33,82.23,3000,82.33,D
sz002409,雅克科技,2025-10-14 09:59:36,82.24,14400,82.23,E
sz002409,雅克科技,2025-10-14 09:59:39,82.2,45900,82.24,D
sz002409,雅克科技,2025-10-14 09:59:42,82.2,20900,82.2,D
sz002409,雅克科技,2025-10-14 09:59:48,82.15,8900,82.15,D
sz002409,雅克科技,2025-10-14 09:59:54,82.19,5500,82.14,U
sz002409,雅克科技,2025-10-14 09:59:57,82.08,5200,82.19,D
sz002409,雅克科技,2025-10-14 10:00:00,82.18,4300,82.08,U
sz002409,雅克科技,2025-10-14 10:00:03,82.24,18700,82.18,U
sz002409,雅克科技,2025-10-14 10:00:06,82.11,7000,82.24,D
sz002409,雅克科技,2025-10-14 10:00:09,82.12,9700,82.11,U
sz002409,雅克科技,2025-10-14 10:00:18,82.12,3400,82.19,D
sz002409,雅克科技,2025-10-14 10:00:21,82.11,5100,82.12,D
sz002409,雅克科技,2025-10-14 10:00:24,82.11,34900,82.11,D
sz002409,雅克科技,2025-10-14 10:00:27,82.1,14100,82.11,D
sz002409,雅克科技,2025-10-14 10:00:30,82.08,4400,82.1,D
sz002409,雅克科技,2025-10-14 10:00:33,82.08,3300,82.08,D
sz002409,雅克科技,2025-10-14 10:00:36,82.04,8100,82.08,D
sz002409,雅克科技,2025-10-14 10:00:39,82.01,66800,82.04,D
sz002409,雅克科技,2025-10-14 10:00:42,82.0,32400,82.01,D
sz002409,雅克科技,2025-10-14 10:00:45,81.98,7800,82.0,D
sz002409,雅克科技,2025-10-14 10:00:48,81.96,4600,81.98,D
sz002409,雅克科技,2025-10-14 10:00:51,81.98,6700,81.96,U
sz002409,雅克科技,2025-10-14 10:00:54,81.96,5700,81.98,E
sz002409,雅克科技,2025-10-14 10:00:57,81.96,10300,81.96,U
sz002409,雅克科技,2025-10-14 10:01:00,81.95,11600,81.96,D
sz002409,雅克科技,2025-10-14 10:01:03,81.93,5400,81.95,D
sz002409,雅克科技,2025-10-14 10:01:06,81.88,23300,81.93,D
sz002409,雅克科技,2025-10-14 10:01:09,81.88,6300,81.88,D
sz002409,雅克科技,2025-10-14 10:01:12,81.87,6100,81.88,D
sz002409,雅克科技,2025-10-14 10:01:15,81.87,4900,81.87,U
sz002409,雅克科技,2025-10-14 10:01:18,81.87,5100,81.87,U
sz002409,雅克科技,2025-10-14 10:01:21,81.82,9100,81.87,D
sz002409,雅克科技,2025-10-14 10:01:24,81.8,9000,81.82,D
sz002409,雅克科技,2025-10-14 10:01:27,81.8,18500,81.8,D
sz002409,雅克科技,2025-10-14 10:01:30,81.8,7500,81.8,D
sz002409,雅克科技,2025-10-14 10:01:33,81.79,5000,81.8,U
sz002409,雅克科技,2025-10-14 10:01:36,81.76,8000,81.79,D
sz002409,雅克科技,2025-10-14 10:01:39,81.83,48400,81.76,U
sz002409,雅克科技,2025-10-14 10:01:42,81.83,16900,81.83,U
sz002409,雅克科技,2025-10-14 10:01:45,81.75,37700,81.83,D
sz002409,雅克科技,2025-10-14 10:01:48,81.8,7900,81.75,U
sz002409,雅克科技,2025-10-14 10:01:51,81.82,16000,81.8,U
sz002409,雅克科技,2025-10-14 10:01:54,81.72,35900,81.82,D
sz002409,雅克科技,2025-10-14 10:01:57,81.76,6300,81.72,E
sz002409,雅克科技,2025-10-14 10:02:00,81.8,4500,81.76,U
sz002409,雅克科技,2025-10-14 10:02:03,81.87,53200,81.8,U
sz002409,雅克科技,2025-10-14 10:02:06,81.82,23300,81.87,D
sz002409,雅克科技,2025-10-14 10:02:09,81.78,13700,81.82,D
sz002409,雅克科技,2025-10-14 10:02:12,81.84,5100,81.78,E
sz002409,雅克科技,2025-10-14 10:02:15,81.91,6800,81.84,E
sz002409,雅克科技,2025-10-14 10:02:21,81.91,4600,81.91,D
sz002409,雅克科技,2025-10-14 10:02:24,81.91,2600,81.91,D
sz002409,雅克科技,2025-10-14 10:02:27,81.87,3600,81.91,D
sz002409,雅克科技,2025-10-14 10:02:30,81.78,4000,81.87,D
sz002409,雅克科技,2025-10-14 10:02:33,81.87,22400,81.78,U
sz002409,雅克科技,2025-10-14 10:02:36,81.77,2900,81.87,D
sz002409,雅克科技,2025-10-14 10:02:39,81.77,5900,81.77,D
sz002409,雅克科技,2025-10-14 10:02:42,81.78,4300,81.77,E
sz002409,雅克科技,2025-10-14 10:02:45,81.77,2900,81.78,D
sz002409,雅克科技,2025-10-14 10:02:48,81.76,7500,81.77,D
sz002409,雅克科技,2025-10-14 10:02:51,81.76,8600,81.76,U
sz002409,雅克科技,2025-10-14 10:02:54,81.76,3600,81.76,D
sz002409,雅克科技,2025-10-14 10:02:57,81.73,5800,81.76,D
sz002409,雅克科技,2025-10-14 10:03:00,81.76,3400,81.73,U
sz002409,雅克科技,2025-10-14 10:03:03,81.72,6200,81.76,D
sz002409,雅克科技,2025-10-14 10:03:06,81.86,34000,81.72,U
sz002409,雅克科技,2025-10-14 10:03:09,81.72,36500,81.86,D
sz002409,雅克科技,2025-10-14 10:03:12,81.8,14700,81.72,E
sz002409,雅克科技,2025-10-14 10:03:15,81.8,6900,81.8,D
sz002409,雅克科技,2025-10-14 10:03:18,81.8,19500,81.8,D
sz002409,雅克科技,2025-10-14 10:03:21,81.8,21500,81.8,E
sz002409,雅克科技,2025-10-14 10:03:24,81.82,6600,81.8,D
sz002409,雅克科技,2025-10-14 10:03:30,81.82,5500,81.86,D
sz002409,雅克科技,2025-10-14 10:03:36,81.81,7200,81.82,D
sz002409,雅克科技,2025-10-14 10:03:39,81.81,10700,81.81,U
sz002409,雅克科技,2025-10-14 10:03:42,81.75,3400,81.81,D
sz002409,雅克科技,2025-10-14 10:03:45,81.8,45000,81.75,U
sz002409,雅克科技,2025-10-14 10:03:48,81.8,4000,81.8,U
sz002409,雅克科技,2025-10-14 10:03:51,81.75,5100,81.8,D
sz002409,雅克科技,2025-10-14 10:03:54,81.74,7000,81.75,D
sz002409,雅克科技,2025-10-14 10:03:57,81.74,5100,81.74,E
sz002409,雅克科技,2025-10-14 10:04:00,81.8,10100,81.74,U
sz002409,雅克科技,2025-10-14 10:04:03,81.82,7500,81.8,U
sz002409,雅克科技,2025-10-14 10:04:06,81.85,17900,81.82,E
sz002409,雅克科技,2025-10-14 10:04:12,81.95,6200,81.85,U
sz002409,雅克科技,2025-10-14 10:04:18,81.97,5700,81.98,E
sz002409,雅克科技,2025-10-14 10:04:21,82.0,26400,81.97,U
sz002409,雅克科技,2025-10-14 10:04:24,82.0,2800,82.0,D
sz002409,雅克科技,2025-10-14 10:04:27,82.1,4900,82.0,E
sz002409,雅克科技,2025-10-14 10:04:30,82.03,2900,82.1,E
sz002409,雅克科技,2025-10-14 10:04:33,82.06,3300,82.03,E
sz002409,雅克科技,2025-10-14 10:04:36,82.02,14400,82.06,E
sz002409,雅克科技,2025-10-14 10:04:39,82.08,9800,82.02,U
sz002409,雅克科技,2025-10-14 10:04:42,82.07,4000,82.08,U
sz002409,雅克科技,2025-10-14 10:04:48,82.09,3400,82.07,U
sz002409,雅克科技,2025-10-14 10:04:54,82.1,14000,82.1,D
sz002409,雅克科技,2025-10-14 10:04:57,82.11,5700,82.1,U
sz002409,雅克科技,2025-10-14 10:05:00,82.38,7100,82.11,U
sz002409,雅克科技,2025-10-14 10:05:03,82.29,12500,82.38,E
sz002409,雅克科技,2025-10-14 10:05:09,82.22,4300,82.24,U
sz002409,雅克科技,2025-10-14 10:05:15,82.2,5400,82.2,U
sz002409,雅克科技,2025-10-14 10:05:18,82.15,6200,82.2,D
sz002409,雅克科技,2025-10-14 10:05:21,82.19,3600,82.15,E
sz002409,雅克科技,2025-10-14 10:05:24,82.2,2900,82.19,E
sz002409,雅克科技,2025-10-14 10:05:30,82.23,3800,82.23,U
sz002409,雅克科技,2025-10-14 10:05:36,82.23,25700,82.22,D
sz002409,雅克科技,2025-10-14 10:05:39,82.25,2900,82.23,E
sz002409,雅克科技,2025-10-14 10:05:42,82.2,7900,82.25,D
sz002409,雅克科技,2025-10-14 10:05:45,82.2,3400,82.2,U
sz002409,雅克科技,2025-10-14 10:05:48,82.2,10700,82.2,U
sz002409,雅克科技,2025-10-14 10:05:51,82.15,18400,82.2,D
sz002409,雅克科技,2025-10-14 10:05:54,82.02,12700,82.15,E
sz002409,雅克科技,2025-10-14 10:05:57,82.17,2900,82.02,U
sz002409,雅克科技,2025-10-14 10:06:00,82.19,6100,82.17,U
sz002409,雅克科技,2025-10-14 10:06:06,82.04,7100,82.12,D
sz002409,雅克科技,2025-10-14 10:06:09,81.93,14300,82.04,D
sz002409,雅克科技,2025-10-14 10:06:12,82.0,4000,81.93,U
sz002409,雅克科技,2025-10-14 10:06:15,82.0,8500,82.0,U
sz002409,雅克科技,2025-10-14 10:06:18,81.98,8400,82.0,E
sz002409,雅克科技,2025-10-14 10:06:24,81.93,2700,81.9,U
sz002409,雅克科技,2025-10-14 10:06:30,81.85,2800,81.86,D
sz002409,雅克科技,2025-10-14 10:06:33,81.88,72000,81.85,D
sz002409,雅克科技,2025-10-14 10:06:42,81.75,2600,81.76,D
sz002409,雅克科技,2025-10-14 10:06:45,81.78,2500,81.75,U
sz002409,雅克科技,2025-10-14 10:06:48,81.76,2700,81.78,D
sz002409,雅克科技,2025-10-14 10:06:54,81.78,13100,81.76,U
sz002409,雅克科技,2025-10-14 10:06:57,81.74,3700,81.78,D
sz002409,雅克科技,2025-10-14 10:07:00,81.73,2800,81.74,D
sz002409,雅克科技,2025-10-14 10:07:03,81.67,9400,81.73,D
sz002409,雅克科技,2025-10-14 10:07:06,81.65,7200,81.67,D
sz002409,雅克科技,2025-10-14 10:07:09,81.61,3000,81.65,D
sz002409,雅克科技,2025-10-14 10:07:12,81.58,8100,81.61,D
sz002409,雅克科技,2025-10-14 10:07:15,81.56,10800,81.58,D
sz002409,雅克科技,2025-10-14 10:07:18,81.56,5300,81.56,E
sz002409,雅克科技,2025-10-14 10:07:21,81.41,59700,81.56,D
sz002409,雅克科技,2025-10-14 10:07:24,81.38,8500,81.41,D
sz002409,雅克科技,2025-10-14 10:07:27,81.34,3600,81.38,D
sz002409,雅克科技,2025-10-14 10:07:30,81.32,5200,81.34,D
sz002409,雅克科技,2025-10-14 10:07:33,81.33,12500,81.32,U
sz002409,雅克科技,2025-10-14 10:07:36,81.35,95200,81.33,E
sz002409,雅克科技,2025-10-14 10:07:39,81.42,85800,81.35,E
sz002409,雅克科技,2025-10-14 10:07:42,81.3,71700,81.42,D
sz002409,雅克科技,2025-10-14 10:07:45,81.33,11300,81.3,E
sz002409,雅克科技,2025-10-14 10:07:48,81.32,69600,81.33,D
sz002409,雅克科技,2025-10-14 10:07:51,81.42,6200,81.32,U
sz002409,雅克科技,2025-10-14 10:07:54,81.42,9800,81.42,D
sz002409,雅克科技,2025-10-14 10:07:57,81.42,15400,81.42,D
sz002409,雅克科技,2025-10-14 10:08:00,81.39,6000,81.42,E
sz002409,雅克科技,2025-10-14 10:08:03,81.38,8200,81.39,D
sz002409,雅克科技,2025-10-14 10:08:06,81.38,17400,81.38,D
sz002409,雅克科技,2025-10-14 10:08:09,81.38,4700,81.38,D
sz002409,雅克科技,2025-10-14 10:08:12,81.4,6100,81.38,U
sz002409,雅克科技,2025-10-14 10:08:15,81.37,11100,81.4,D
sz002409,雅克科技,2025-10-14 10:08:18,81.37,5600,81.37,U
sz002409,雅克科技,2025-10-14 10:08:21,81.38,11600,81.37,U
sz002409,雅克科技,2025-10-14 10:08:24,81.34,7800,81.38,D
sz002409,雅克科技,2025-10-14 10:08:27,81.35,15000,81.34,U
sz002409,雅克科技,2025-10-14 10:08:30,81.32,5500,81.35,D
sz002409,雅克科技,2025-10-14 10:08:33,81.34,4100,81.32,D
sz002409,雅克科技,2025-10-14 10:08:36,81.41,21600,81.34,U
sz002409,雅克科技,2025-10-14 10:08:39,81.53,31400,81.41,U
sz002409,雅克科技,2025-10-14 10:08:42,81.41,6700,81.53,D
sz002409,雅克科技,2025-10-14 10:08:48,81.41,22500,81.4,D
sz002409,雅克科技,2025-10-14 10:08:51,81.5,115000,81.41,U
sz002409,雅克科技,2025-10-14 10:08:54,81.52,9800,81.5,U
sz002409,雅克科技,2025-10-14 10:08:57,81.41,4300,81.52,D
sz002409,雅克科技,2025-10-14 10:09:00,81.5,25800,81.41,U
sz002409,雅克科技,2025-10-14 10:09:03,81.52,45000,81.5,U
sz002409,雅克科技,2025-10-14 10:09:06,81.52,52000,81.52,E
sz002409,雅克科技,2025-10-14 10:09:09,81.5,2500,81.52,D
sz002409,雅克科技,2025-10-14 10:09:12,81.61,2600,81.5,U
sz002409,雅克科技,2025-10-14 10:09:18,81.52,2700,81.52,D
sz002409,雅克科技,2025-10-14 10:09:21,81.58,9600,81.52,U
sz002409,雅克科技,2025-10-14 10:09:24,81.52,5100,81.58,E
sz002409,雅克科技,2025-10-14 10:09:27,81.49,5900,81.52,D
sz002409,雅克科技,2025-10-14 10:09:30,81.5,3800,81.49,U
sz002409,雅克科技,2025-10-14 10:09:33,81.5,6200,81.5,U
sz002409,雅克科技,2025-10-14 10:09:36,81.59,34500,81.5,U
sz002409,雅克科技,2025-10-14 10:09:39,81.59,17700,81.59,D
sz002409,雅克科技,2025-10-14 10:09:42,81.6,4400,81.59,U
sz002409,雅克科技,2025-10-14 10:09:48,81.57,4900,81.58,D
sz002409,雅克科技,2025-10-14 10:09:51,81.6,4800,81.57,U
sz002409,雅克科技,2025-10-14 10:09:57,81.56,3700,81.58,E
sz002409,雅克科技,2025-10-14 10:10:00,81.49,13000,81.56,D
sz002409,雅克科技,2025-10-14 10:10:03,81.5,16800,81.49,U
sz002409,雅克科技,2025-10-14 10:10:09,81.5,2500,81.51,D
sz002409,雅克科技,2025-10-14 10:10:12,81.52,6400,81.5,U
sz002409,雅克科技,2025-10-14 10:10:15,81.52,4900,81.52,D
sz002409,雅克科技,2025-10-14 10:10:18,81.51,8000,81.52,D
sz002409,雅克科技,2025-10-14 10:10:21,81.54,4300,81.51,E
sz002409,雅克科技,2025-10-14 10:10:24,81.53,5500,81.54,D
sz002409,雅克科技,2025-10-14 10:10:27,81.53,8600,81.53,D
sz002409,雅克科技,2025-10-14 10:10:36,81.63,9200,81.63,U
sz002409,雅克科技,2025-10-14 10:10:39,81.63,3600,81.63,U
sz002409,雅克科技,2025-10-14 10:10:42,81.56,2500,81.63,D
sz002409,雅克科技,2025-10-14 10:10:45,81.51,14100,81.56,D
sz002409,雅克科技,2025-10-14 10:10:48,81.52,18600,81.51,U
sz002409,雅克科技,2025-10-14 10:10:51,81.43,3000,81.52,D
sz002409,雅克科技,2025-10-14 10:10:54,81.43,13000,81.43,U
sz002409,雅克科技,2025-10-14 10:10:57,81.41,2500,81.43,D
sz002409,雅克科技,2025-10-14 10:11:00,81.49,8200,81.41,U
sz002409,雅克科技,2025-10-14 10:11:03,81.37,2600,81.49,D
sz002409,雅克科技,2025-10-14 10:11:06,81.43,22100,81.37,U
sz002409,雅克科技,2025-10-14 10:11:12,81.35,8600,81.34,E
sz002409,雅克科技,2025-10-14 10:11:15,81.33,4000,81.35,D
sz002409,雅克科技,2025-10-14 10:11:18,81.31,3600,81.33,D
sz002409,雅克科技,2025-10-14 10:11:21,81.35,5800,81.31,U
sz002409,雅克科技,2025-10-14 10:11:24,81.35,5000,81.35,D
sz002409,雅克科技,2025-10-14 10:11:30,81.33,5300,81.32,U
sz002409,雅克科技,2025-10-14 10:11:33,81.32,5800,81.33,D
sz002409,雅克科技,2025-10-14 10:11:36,81.32,3400,81.32,D
sz002409,雅克科技,2025-10-14 10:11:39,81.31,22000,81.32,U
sz002409,雅克科技,2025-10-14 10:11:42,81.31,5600,81.31,U
sz002409,雅克科技,2025-10-14 10:11:45,81.3,11100,81.31,D
sz002409,雅克科技,2025-10-14 10:11:48,81.3,17000,81.3,D
sz002409,雅克科技,2025-10-14 10:11:51,81.28,4900,81.3,D
sz002409,雅克科技,2025-10-14 10:11:54,81.28,3400,81.28,D
sz002409,雅克科技,2025-10-14 10:11:57,81.29,9100,81.28,U
sz002409,雅克科技,2025-10-14 10:12:00,81.28,18900,81.29,D
sz002409,雅克科技,2025-10-14 10:12:03,81.35,99600,81.28,U
sz002409,雅克科技,2025-10-14 10:12:06,81.33,4000,81.35,E
sz002409,雅克科技,2025-10-14 10:12:09,81.29,10490,81.33,D
sz002409,雅克科技,2025-10-14 10:12:12,81.43,12100,81.29,U
sz002409,雅克科技,2025-10-14 10:12:18,81.34,20500,81.53,D
sz002409,雅克科技,2025-10-14 10:12:21,81.29,18100,81.34,D
sz002409,雅克科技,2025-10-14 10:12:24,81.34,29100,81.29,U
sz002409,雅克科技,2025-10-14 10:12:27,81.34,3300,81.34,U
sz002409,雅克科技,2025-10-14 10:12:30,81.31,7300,81.34,D
sz002409,雅克科技,2025-10-14 10:12:33,81.35,5200,81.31,U
sz002409,雅克科技,2025-10-14 10:12:36,81.31,5200,81.35,D
sz002409,雅克科技,2025-10-14 10:12:39,81.36,3800,81.31,E
sz002409,雅克科技,2025-10-14 10:12:42,81.38,8600,81.36,U
sz002409,雅克科技,2025-10-14 10:12:51,81.32,12600,81.36,D
sz002409,雅克科技,2025-10-14 10:12:57,81.3,13000,81.31,D
sz002409,雅克科技,2025-10-14 10:13:00,81.31,7200,81.3,U
sz002409,雅克科技,2025-10-14 10:13:03,81.31,21100,81.31,D
sz002409,雅克科技,2025-10-14 10:13:06,81.31,8500,81.31,D
sz002409,雅克科技,2025-10-14 10:13:09,81.3,4400,81.31,D
sz002409,雅克科技,2025-10-14 10:13:12,81.31,4600,81.3,U
sz002409,雅克科技,2025-10-14 10:13:15,81.28,29600,81.31,D
sz002409,雅克科技,2025-10-14 10:13:18,81.3,5700,81.28,U
sz002409,雅克科技,2025-10-14 10:13:24,81.3,7400,81.3,U
sz002409,雅克科技,2025-10-14 10:13:27,81.23,79510,81.3,D
sz002409,雅克科技,2025-10-14 10:13:30,81.23,10800,81.23,D
sz002409,雅克科技,2025-10-14 10:13:33,81.21,6000,81.23,D
sz002409,雅克科技,2025-10-14 10:13:36,81.15,52700,81.21,D
sz002409,雅克科技,2025-10-14 10:13:39,81.14,5300,81.15,D
sz002409,雅克科技,2025-10-14 10:13:42,81.12,10300,81.14,D
sz002409,雅克科技,2025-10-14 10:13:45,81.11,14200,81.12,D
sz002409,雅克科技,2025-10-14 10:13:48,81.11,25400,81.11,U
sz002409,雅克科技,2025-10-14 10:13:51,81.09,14800,81.11,D
sz002409,雅克科技,2025-10-14 10:13:54,81.07,13200,81.09,D
sz002409,雅克科技,2025-10-14 10:13:57,81.06,7200,81.07,D
sz002409,雅克科技,2025-10-14 10:14:00,81.05,27306,81.06,D
sz002409,雅克科技,2025-10-14 10:14:03,81.05,13500,81.05,U
sz002409,雅克科技,2025-10-14 10:14:06,81.05,19094,81.05,U
sz002409,雅克科技,2025-10-14 10:14:09,81.01,12200,81.05,D
sz002409,雅克科技,2025-10-14 10:14:12,81.05,10800,81.01,U
sz002409,雅克科技,2025-10-14 10:14:15,81.04,14900,81.05,E
sz002409,雅克科技,2025-10-14 10:14:18,81.04,3100,81.04,D
sz002409,雅克科技,2025-10-14 10:14:21,81.03,68706,81.04,D
sz002409,雅克科技,2025-10-14 10:14:24,81.04,26400,81.03,E
sz002409,雅克科技,2025-10-14 10:14:27,81.21,13200,81.04,U
sz002409,雅克科技,2025-10-14 10:14:30,81.12,11600,81.21,E
sz002409,雅克科技,2025-10-14 10:14:33,81.28,7000,81.12,U
sz002409,雅克科技,2025-10-14 10:14:36,81.25,9900,81.28,D
sz002409,雅克科技,2025-10-14 10:14:39,81.22,13400,81.25,D
sz002409,雅克科技,2025-10-14 10:14:42,81.3,2790,81.22,U
sz002409,雅克科技,2025-10-14 10:14:45,81.48,12200,81.3,U
sz002409,雅克科技,2025-10-14 10:14:51,81.3,10200,81.31,D
sz002409,雅克科技,2025-10-14 10:14:54,81.26,7110,81.3,D
sz002409,雅克科技,2025-10-14 10:14:57,81.3,11900,81.26,U
sz002409,雅克科技,2025-10-14 10:15:00,81.2,4500,81.3,D
sz002409,雅克科技,2025-10-14 10:15:03,81.2,3000,81.2,U
sz002409,雅克科技,2025-10-14 10:15:06,81.26,4400,81.2,U
sz002409,雅克科技,2025-10-14 10:15:09,81.2,20500,81.26,D
sz002409,雅克科技,2025-10-14 10:15:15,81.24,8100,81.24,U
sz002409,雅克科技,2025-10-14 10:15:18,81.31,24300,81.24,U
sz002409,雅克科技,2025-10-14 10:15:21,81.24,2700,81.31,E
sz002409,雅克科技,2025-10-14 10:15:33,81.24,3100,81.29,D
sz002409,雅克科技,2025-10-14 10:15:36,81.18,9100,81.24,D
sz002409,雅克科技,2025-10-14 10:15:39,81.17,3900,81.18,D
sz002409,雅克科技,2025-10-14 10:15:42,81.1,3000,81.17,D
sz002409,雅克科技,2025-10-14 10:15:45,81.17,2600,81.1,U
sz002409,雅克科技,2025-10-14 10:15:51,81.24,8500,81.18,U
sz002409,雅克科技,2025-10-14 10:15:54,81.24,18000,81.24,U
sz002409,雅克科技,2025-10-14 10:15:57,81.17,7600,81.24,D
sz002409,雅克科技,2025-10-14 10:16:00,81.22,2800,81.17,U
sz002409,雅克科技,2025-10-14 10:16:03,81.23,5000,81.22,D
sz002409,雅克科技,2025-10-14 10:16:06,81.24,3300,81.23,U
sz002409,雅克科技,2025-10-14 10:16:12,81.26,4700,81.27,E
sz002409,雅克科技,2025-10-14 10:16:15,81.24,3300,81.26,D
sz002409,雅克科技,2025-10-14 10:16:18,81.27,3300,81.24,U
sz002409,雅克科技,2025-10-14 10:16:21,81.3,21700,81.27,U
sz002409,雅克科技,2025-10-14 10:16:24,81.32,9500,81.3,U
sz002409,雅克科技,2025-10-14 10:16:27,81.3,4400,81.32,D
sz002409,雅克科技,2025-10-14 10:16:33,81.3,6600,81.3,U
sz002409,雅克科技,2025-10-14 10:16:36,81.3,6300,81.3,U
sz002409,雅克科技,2025-10-14 10:16:39,81.24,27100,81.3,D
sz002409,雅克科技,2025-10-14 10:16:42,81.27,12200,81.24,U
sz002409,雅克科技,2025-10-14 10:16:45,81.27,3300,81.27,D
sz002409,雅克科技,2025-10-14 10:16:48,81.27,4600,81.27,D
sz002409,雅克科技,2025-10-14 10:16:51,81.24,2500,81.27,D
sz002409,雅克科技,2025-10-14 10:16:54,81.27,4300,81.24,U
sz002409,雅克科技,2025-10-14 10:16:57,81.26,7100,81.27,D
sz002409,雅克科技,2025-10-14 10:17:00,81.29,2700,81.26,U
sz002409,雅克科技,2025-10-14 10:17:06,81.36,6200,81.28,U
sz002409,雅克科技,2025-10-14 10:17:09,81.36,6900,81.36,E
sz002409,雅克科技,2025-10-14 10:17:12,81.29,10200,81.36,D
sz002409,雅克科技,2025-10-14 10:17:15,81.29,6500,81.29,D
sz002409,雅克科技,2025-10-14 10:17:18,81.29,7100,81.29,U
sz002409,雅克科技,2025-10-14 10:17:21,81.33,15500,81.29,E
sz002409,雅克科技,2025-10-14 10:17:24,81.27,3700,81.33,D
sz002409,雅克科技,2025-10-14 10:17:30,81.24,25000,81.28,D
sz002409,雅克科技,2025-10-14 10:17:33,81.22,11700,81.24,D
sz002409,雅克科技,2025-10-14 10:17:36,81.22,3100,81.22,U
sz002409,雅克科技,2025-10-14 10:17:39,81.21,11600,81.22,D
sz002409,雅克科技,2025-10-14 10:17:42,81.25,5400,81.21,U
sz002409,雅克科技,2025-10-14 10:17:45,81.22,6100,81.25,D
sz002409,雅克科技,2025-10-14 10:17:51,81.23,11200,81.28,E
sz002409,雅克科技,2025-10-14 10:18:00,81.33,2800,81.33,U
sz002409,雅克科技,2025-10-14 10:18:12,81.4,4500,81.35,U
sz002409,雅克科技,2025-10-14 10:18:15,81.5,7800,81.4,U
sz002409,雅克科技,2025-10-14 10:18:18,81.53,5400,81.5,E
sz002409,雅克科技,2025-10-14 10:18:21,81.55,15200,81.53,U
sz002409,雅克科技,2025-10-14 10:18:27,81.6,2900,81.63,D
sz002409,雅克科技,2025-10-14 10:18:30,81.6,24900,81.6,U
sz002409,雅克科技,2025-10-14 10:18:33,81.59,7900,81.6,U
sz002409,雅克科技,2025-10-14 10:18:36,81.59,12500,81.59,D
sz002409,雅克科技,2025-10-14 10:18:39,81.6,8300,81.59,D
sz002409,雅克科技,2025-10-14 10:18:42,81.59,18300,81.6,E
sz002409,雅克科技,2025-10-14 10:18:45,81.55,11500,81.59,E
sz002409,雅克科技,2025-10-14 10:18:48,81.6,11100,81.55,U
sz002409,雅克科技,2025-10-14 10:18:51,81.65,13600,81.6,U
sz002409,雅克科技,2025-10-14 10:18:54,81.61,8300,81.65,E
sz002409,雅克科技,2025-10-14 10:18:57,81.6,5400,81.61,D
sz002409,雅克科技,2025-10-14 10:19:00,81.69,2600,81.6,U
sz002409,雅克科技,2025-10-14 10:19:09,81.71,5600,81.72,U
sz002409,雅克科技,2025-10-14 10:19:12,81.71,3400,81.71,E
sz002409,雅克科技,2025-10-14 10:19:15,81.7,4500,81.71,E
sz002409,雅克科技,2025-10-14 10:19:18,81.62,9100,81.7,D
sz002409,雅克科技,2025-10-14 10:19:21,81.58,9500,81.62,D
sz002409,雅克科技,2025-10-14 10:19:24,81.55,3500,81.58,D
sz002409,雅克科技,2025-10-14 10:19:27,81.5,3500,81.55,D
sz002409,雅克科技,2025-10-14 10:19:30,81.45,2600,81.5,D
sz002409,雅克科技,2025-10-14 10:19:33,81.47,6400,81.45,U
sz002409,雅克科技,2025-10-14 10:19:54,81.47,13300,81.51,D
sz002409,雅克科技,2025-10-14 10:19:57,81.48,9400,81.47,U
sz002409,雅克科技,2025-10-14 10:20:00,81.48,5500,81.48,U
sz002409,雅克科技,2025-10-14 10:20:03,81.5,5900,81.48,U
sz002409,雅克科技,2025-10-14 10:20:12,81.54,4400,81.54,U
sz002409,雅克科技,2025-10-14 10:20:21,81.73,4000,81.7,U
sz002409,雅克科技,2025-10-14 10:20:24,81.73,3400,81.73,E
sz002409,雅克科技,2025-10-14 10:20:27,81.8,4200,81.73,U
sz002409,雅克科技,2025-10-14 10:20:33,81.84,5000,81.8,U
sz002409,雅克科技,2025-10-14 10:20:36,81.8,6300,81.84,D
sz002409,雅克科技,2025-10-14 10:20:39,81.8,13900,81.8,U
sz002409,雅克科技,2025-10-14 10:20:42,81.89,10000,81.8,U
sz002409,雅克科技,2025-10-14 10:20:45,81.87,4300,81.89,E
sz002409,雅克科技,2025-10-14 10:20:48,81.88,2600,81.87,U
sz002409,雅克科技,2025-10-14 10:20:51,81.87,5700,81.88,D
sz002409,雅克科技,2025-10-14 10:20:54,81.87,5300,81.87,U
sz002409,雅克科技,2025-10-14 10:20:57,81.87,12600,81.87,U
sz002409,雅克科技,2025-10-14 10:21:00,81.81,18700,81.87,D
sz002409,雅克科技,2025-10-14 10:21:03,81.81,3300,81.81,D
sz002409,雅克科技,2025-10-14 10:21:06,81.8,6700,81.81,D
sz002409,雅克科技,2025-10-14 10:21:09,81.9,16900,81.8,U
sz002409,雅克科技,2025-10-14 10:21:12,81.9,17600,81.9,U
sz002409,雅克科技,2025-10-14 10:21:15,81.91,3700,81.9,U
sz002409,雅克科技,2025-10-14 10:21:21,81.92,5300,81.95,E
sz002409,雅克科技,2025-10-14 10:21:24,81.92,3600,81.92,D
sz002409,雅克科技,2025-10-14 10:21:30,81.94,7100,81.93,U
sz002409,雅克科技,2025-10-14 10:21:33,81.94,2900,81.94,U
sz002409,雅克科技,2025-10-14 10:21:36,81.95,7600,81.94,U
sz002409,雅克科技,2025-10-14 10:21:39,81.95,3800,81.95,U
sz002409,雅克科技,2025-10-14 10:21:42,81.95,4400,81.95,U
sz002409,雅克科技,2025-10-14 10:21:45,81.9,16000,81.95,D
sz002409,雅克科技,2025-10-14 10:21:48,81.9,3100,81.9,U
sz002409,雅克科技,2025-10-14 10:21:51,81.9,6600,81.9,U
sz002409,雅克科技,2025-10-14 10:21:57,81.83,2900,81.85,D
sz002409,雅克科技,2025-10-14 10:22:03,81.76,27800,81.82,D
sz002409,雅克科技,2025-10-14 10:22:06,81.76,14800,81.76,D
sz002409,雅克科技,2025-10-14 10:22:12,81.68,8500,81.7,D
sz002409,雅克科技,2025-10-14 10:22:18,81.54,5900,81.55,E
sz002409,雅克科技,2025-10-14 10:22:21,81.6,2700,81.54,U
sz002409,雅克科技,2025-10-14 10:22:24,81.64,2800,81.6,E
sz002409,雅克科技,2025-10-14 10:22:36,81.51,2900,81.51,U
sz002409,雅克科技,2025-10-14 10:22:42,81.5,2700,81.51,D
sz002409,雅克科技,2025-10-14 10:22:45,81.56,3200,81.5,U
sz002409,雅克科技,2025-10-14 10:22:48,81.62,4100,81.56,U
sz002409,雅克科技,2025-10-14 10:22:54,81.52,28500,81.57,D
sz002409,雅克科技,2025-10-14 10:23:06,81.62,3300,81.63,U
sz002409,雅克科技,2025-10-14 10:23:24,81.57,6600,81.55,U
sz002409,雅克科技,2025-10-14 10:23:27,81.52,10500,81.57,E
sz002409,雅克科技,2025-10-14 10:23:30,81.51,2600,81.52,D
sz002409,雅克科技,2025-10-14 10:23:36,81.41,4400,81.49,D
sz002409,雅克科技,2025-10-14 10:23:42,81.42,5300,81.41,U
sz002409,雅克科技,2025-10-14 10:23:48,81.41,3300,81.41,D
sz002409,雅克科技,2025-10-14 10:24:00,81.4,12900,81.41,D
sz002409,雅克科技,2025-10-14 10:24:03,81.41,2600,81.4,E
sz002409,雅克科技,2025-10-14 10:24:06,81.38,3800,81.41,D
sz002409,雅克科技,2025-10-14 10:24:12,81.35,2900,81.39,D
sz002409,雅克科技,2025-10-14 10:24:27,81.35,2600,81.38,D
sz002409,雅克科技,2025-10-14 10:24:30,81.34,4200,81.35,D
sz002409,雅克科技,2025-10-14 10:24:33,81.33,3500,81.34,D
sz002409,雅克科技,2025-10-14 10:24:36,81.32,3300,81.33,D
sz002409,雅克科技,2025-10-14 10:24:39,81.31,4500,81.32,D
sz002409,雅克科技,2025-10-14 10:24:42,81.31,4400,81.31,D
sz002409,雅克科技,2025-10-14 10:24:45,81.31,8700,81.31,D
sz002409,雅克科技,2025-10-14 10:25:00,81.3,3200,81.3,D
sz002409,雅克科技,2025-10-14 10:25:06,81.28,3000,81.31,D
sz002409,雅克科技,2025-10-14 10:25:09,81.3,12200,81.28,U
sz002409,雅克科技,2025-10-14 10:25:12,81.31,3300,81.3,U
sz002409,雅克科技,2025-10-14 10:25:24,81.25,8300,81.24,U
sz002409,雅克科技,2025-10-14 10:25:33,81.25,6700,81.26,D
sz002409,雅克科技,2025-10-14 10:25:36,81.25,2600,81.25,D
sz002409,雅克科技,2025-10-14 10:25:39,81.38,10100,81.25,U
sz002409,雅克科技,2025-10-14 10:25:45,81.29,3300,81.29,D
sz002409,雅克科技,2025-10-14 10:25:48,81.42,3600,81.29,U
sz002409,雅克科技,2025-10-14 10:25:51,81.35,2900,81.42,E
sz002409,雅克科技,2025-10-14 10:25:54,81.33,20700,81.35,D
sz002409,雅克科技,2025-10-14 10:25:57,81.3,2900,81.33,D
sz002409,雅克科技,2025-10-14 10:26:06,81.29,9400,81.33,D
sz002409,雅克科技,2025-10-14 10:26:09,81.3,12000,81.29,E
sz002409,雅克科技,2025-10-14 10:26:12,81.3,2500,81.3,D
sz002409,雅克科技,2025-10-14 10:26:21,81.29,3300,81.3,D
sz002409,雅克科技,2025-10-14 10:26:24,81.41,8600,81.29,U
sz002409,雅克科技,2025-10-14 10:26:27,81.34,3100,81.41,D
sz002409,雅克科技,2025-10-14 10:26:36,81.33,2800,81.33,D
sz002409,雅克科技,2025-10-14 10:26:42,81.31,3700,81.32,D
sz002409,雅克科技,2025-10-14 10:26:48,81.36,2700,81.33,U
sz002409,雅克科技,2025-10-14 10:26:51,81.43,2700,81.36,U
sz002409,雅克科技,2025-10-14 10:27:09,81.4,2600,81.45,E
sz002409,雅克科技,2025-10-14 10:27:18,81.59,22000,81.39,U
sz002409,雅克科技,2025-10-14 10:27:33,81.57,2600,81.53,U
sz002409,雅克科技,2025-10-14 10:27:36,81.5,24500,81.57,E
sz002409,雅克科技,2025-10-14 10:27:42,81.57,15600,81.46,U
sz002409,雅克科技,2025-10-14 10:27:54,81.57,2500,81.56,U
sz002409,雅克科技,2025-10-14 10:27:57,81.65,3700,81.57,U
sz002409,雅克科技,2025-10-14 10:28:03,81.6,14700,81.65,D
sz002409,雅克科技,2025-10-14 10:28:06,81.56,4900,81.6,D
sz002409,雅克科技,2025-10-14 10:28:09,81.56,3100,81.56,U
sz002409,雅克科技,2025-10-14 10:28:12,81.56,5800,81.56,U
sz002409,雅克科技,2025-10-14 10:28:21,81.5,2600,81.51,D
sz002409,雅克科技,2025-10-14 10:28:24,81.4,25400,81.5,D
sz002409,雅克科技,2025-10-14 10:28:27,81.51,3800,81.4,U
sz002409,雅克科技,2025-10-14 10:28:30,81.43,3000,81.51,E
sz002409,雅克科技,2025-10-14 10:28:36,81.4,2700,81.49,D
sz002409,雅克科技,2025-10-14 10:28:48,81.39,9500,81.41,D
sz002409,雅克科技,2025-10-14 10:28:57,81.46,3300,81.4,U
sz002409,雅克科技,2025-10-14 10:29:00,81.4,4500,81.46,E
sz002409,雅克科技,2025-10-14 10:29:03,81.39,14100,81.4,D
sz002409,雅克科技,2025-10-14 10:29:12,81.4,7700,81.4,D
sz002409,雅克科技,2025-10-14 10:29:15,81.39,3200,81.4,D
sz002409,雅克科技,2025-10-14 10:29:18,81.4,52400,81.39,U
sz002409,雅克科技,2025-10-14 10:29:21,81.39,26100,81.4,D
sz002409,雅克科技,2025-10-14 10:29:24,81.4,10300,81.39,U
sz002409,雅克科技,2025-10-14 10:29:27,81.41,4400,81.4,U
sz002409,雅克科技,2025-10-14 10:29:36,81.41,7900,81.4,U
sz002409,雅克科技,2025-10-14 10:29:39,81.41,18400,81.41,U
sz002409,雅克科技,2025-10-14 10:29:54,81.4,4500,81.4,U
sz002409,雅克科技,2025-10-14 10:30:00,81.4,6300,81.4,U
sz002409,雅克科技,2025-10-14 10:30:03,81.39,14700,81.4,D
sz002409,雅克科技,2025-10-14 10:30:06,81.39,41200,81.39,D
sz002409,雅克科技,2025-10-14 10:30:09,81.4,6800,81.39,U
sz002409,雅克科技,2025-10-14 10:30:12,81.39,10600,81.4,D
sz002409,雅克科技,2025-10-14 10:30:15,81.4,6800,81.39,U
sz002409,雅克科技,2025-10-14 10:30:18,81.42,5500,81.4,U
sz002409,雅克科技,2025-10-14 10:30:21,81.51,8600,81.42,U
sz002409,雅克科技,2025-10-14 10:30:24,81.39,85100,81.51,D
sz002409,雅克科技,2025-10-14 10:30:30,81.4,6600,81.39,U
sz002409,雅克科技,2025-10-14 10:30:33,81.4,43000,81.4,U
sz002409,雅克科技,2025-10-14 10:30:36,81.4,32000,81.4,D
sz002409,雅克科技,2025-10-14 10:30:39,81.4,3900,81.4,D
sz002409,雅克科技,2025-10-14 10:30:45,81.39,8900,81.4,D
sz002409,雅克科技,2025-10-14 10:30:48,81.39,24400,81.39,D
sz002409,雅克科技,2025-10-14 10:30:51,81.4,31600,81.39,U
sz002409,雅克科技,2025-10-14 10:30:54,81.4,3200,81.4,U
sz002409,雅克科技,2025-10-14 10:31:00,81.4,3500,81.39,U
sz002409,雅克科技,2025-10-14 10:31:03,81.39,13500,81.4,D
sz002409,雅克科技,2025-10-14 10:31:06,81.39,26000,81.39,D
sz002409,雅克科技,2025-10-14 10:31:09,81.39,5600,81.39,D
sz002409,雅克科技,2025-10-14 10:31:12,81.39,7100,81.39,D
sz002409,雅克科技,2025-10-14 10:31:15,81.39,18000,81.39,D
sz002409,雅克科技,2025-10-14 10:31:24,81.39,16700,81.4,D
sz002409,雅克科技,2025-10-14 10:31:27,81.39,6000,81.39,D
sz002409,雅克科技,2025-10-14 10:31:30,81.39,5200,81.39,D
sz002409,雅克科技,2025-10-14 10:31:33,81.37,6700,81.39,D
sz002409,雅克科技,2025-10-14 10:31:36,81.35,6000,81.37,D
sz002409,雅克科技,2025-10-14 10:31:45,81.31,6400,81.31,D
sz002409,雅克科技,2025-10-14 10:31:48,81.3,6700,81.31,D
sz002409,雅克科技,2025-10-14 10:31:51,81.29,4300,81.3,D
sz002409,雅克科技,2025-10-14 10:31:57,81.28,6800,81.29,D
sz002409,雅克科技,2025-10-14 10:32:06,81.28,7900,81.27,U
sz002409,雅克科技,2025-10-14 10:32:09,81.28,4200,81.28,D
sz002409,雅克科技,2025-10-14 10:32:12,81.28,3300,81.28,D
sz002409,雅克科技,2025-10-14 10:32:15,81.28,4000,81.28,D
sz002409,雅克科技,2025-10-14 10:32:18,81.28,3500,81.28,D
sz002409,雅克科技,2025-10-14 10:32:21,81.3,6400,81.28,U
sz002409,雅克科技,2025-10-14 10:32:24,81.29,3400,81.3,E
sz002409,雅克科技,2025-10-14 10:32:30,81.26,28500,81.26,U
sz002409,雅克科技,2025-10-14 10:32:42,81.22,2900,81.22,D
sz002409,雅克科技,2025-10-14 10:32:45,81.32,9000,81.22,U
sz002409,雅克科技,2025-10-14 10:33:00,81.35,3400,81.37,E
sz002409,雅克科技,2025-10-14 10:33:09,81.37,5400,81.37,U
sz002409,雅克科技,2025-10-14 10:33:15,81.41,46700,81.39,U
sz002409,雅克科技,2025-10-14 10:33:18,81.41,5800,81.41,D
sz002409,雅克科技,2025-10-14 10:33:21,81.37,5100,81.41,D
sz002409,雅克科技,2025-10-14 10:33:27,81.38,3700,81.38,U
sz002409,雅克科技,2025-10-14 10:33:30,81.44,17100,81.38,U
sz002409,雅克科技,2025-10-14 10:33:33,81.44,39000,81.44,D
sz002409,雅克科技,2025-10-14 10:33:42,81.5,8700,81.4,U
sz002409,雅克科技,2025-10-14 10:33:48,81.45,14500,81.39,E
sz002409,雅克科技,2025-10-14 10:33:57,81.62,10400,81.63,E
sz002409,雅克科技,2025-10-14 10:34:06,81.6,12400,81.69,D
sz002409,雅克科技,2025-10-14 10:34:09,81.51,6600,81.6,D
sz002409,雅克科技,2025-10-14 10:34:15,81.47,4900,81.5,E
sz002409,雅克科技,2025-10-14 10:34:18,81.46,2900,81.47,D
sz002409,雅克科技,2025-10-14 10:34:21,81.45,4100,81.46,D
sz002409,雅克科技,2025-10-14 10:34:24,81.46,14300,81.45,U
sz002409,雅克科技,2025-10-14 10:34:27,81.43,11300,81.46,D
sz002409,雅克科技,2025-10-14 10:34:36,81.46,5300,81.42,U
sz002409,雅克科技,2025-10-14 10:34:42,81.4,6700,81.41,D
sz002409,雅克科技,2025-10-14 10:34:45,81.4,2600,81.4,U
sz002409,雅克科技,2025-10-14 10:34:51,81.4,2700,81.4,E
sz002409,雅克科技,2025-10-14 10:35:00,81.42,5900,81.41,U
sz002409,雅克科技,2025-10-14 10:35:03,81.4,12500,81.42,D
sz002409,雅克科技,2025-10-14 10:35:06,81.4,6900,81.4,D
sz002409,雅克科技,2025-10-14 10:35:09,81.4,2900,81.4,D
sz002409,雅克科技,2025-10-14 10:35:12,81.4,3700,81.4,D
sz002409,雅克科技,2025-10-14 10:35:15,81.38,4200,81.4,D
sz002409,雅克科技,2025-10-14 10:35:24,81.38,4800,81.39,D
sz002409,雅克科技,2025-10-14 10:35:36,81.38,3100,81.38,D
sz002409,雅克科技,2025-10-14 10:35:39,81.37,2900,81.38,D
sz002409,雅克科技,2025-10-14 10:35:42,81.38,4300,81.37,U
sz002409,雅克科技,2025-10-14 10:35:45,81.38,3500,81.38,U
sz002409,雅克科技,2025-10-14 10:35:48,81.37,3600,81.38,D
sz002409,雅克科技,2025-10-14 10:35:54,81.35,2800,81.36,U
sz002409,雅克科技,2025-10-14 10:36:03,81.31,6700,81.32,D
sz002409,雅克科技,2025-10-14 10:36:06,81.3,3700,81.31,D
sz002409,雅克科技,2025-10-14 10:36:09,81.28,3700,81.3,D
sz002409,雅克科技,2025-10-14 10:36:27,81.29,7300,81.29,U
sz002409,雅克科技,2025-10-14 10:36:36,81.28,6200,81.27,U
sz002409,雅克科技,2025-10-14 10:36:42,81.27,3000,81.27,D
sz002409,雅克科技,2025-10-14 10:36:54,81.27,4700,81.27,D
sz002409,雅克科技,2025-10-14 10:37:00,81.27,13500,81.28,D
sz002409,雅克科技,2025-10-14 10:37:03,81.29,6600,81.27,U
sz002409,雅克科技,2025-10-14 10:37:06,81.29,2800,81.29,U
sz002409,雅克科技,2025-10-14 10:37:09,81.27,15400,81.29,D
sz002409,雅克科技,2025-10-14 10:37:15,81.4,9327,81.26,U
sz002409,雅克科技,2025-10-14 10:37:27,81.39,9100,81.4,D
sz002409,雅克科技,2025-10-14 10:37:33,81.46,7000,81.42,U
sz002409,雅克科技,2025-10-14 10:37:51,81.4,5300,81.5,D
sz002409,雅克科技,2025-10-14 10:37:54,81.4,5400,81.4,D
sz002409,雅克科技,2025-10-14 10:37:57,81.37,4100,81.4,D
sz002409,雅克科技,2025-10-14 10:38:06,81.38,6400,81.36,U
sz002409,雅克科技,2025-10-14 10:38:09,81.54,5600,81.38,U
sz002409,雅克科技,2025-10-14 10:38:48,81.54,6200,81.62,D
sz002409,雅克科技,2025-10-14 10:39:00,81.62,4500,81.52,U
sz002409,雅克科技,2025-10-14 10:39:06,81.64,3600,81.62,D
sz002409,雅克科技,2025-10-14 10:39:15,81.62,4400,81.74,E
sz002409,雅克科技,2025-10-14 10:39:27,81.68,9700,81.75,E
sz002409,雅克科技,2025-10-14 10:39:30,81.63,3200,81.68,D
sz002409,雅克科技,2025-10-14 10:39:48,81.73,15300,81.72,U
sz002409,雅克科技,2025-10-14 10:39:57,81.74,3800,81.72,E
sz002409,雅克科技,2025-10-14 10:40:00,81.6,16400,81.74,D
sz002409,雅克科技,2025-10-14 10:40:03,81.5,14600,81.6,D
sz002409,雅克科技,2025-10-14 10:40:06,81.47,2600,81.5,D
sz002409,雅克科技,2025-10-14 10:40:15,81.47,4000,81.47,U
sz002409,雅克科技,2025-10-14 10:40:21,81.47,3100,81.48,D
sz002409,雅克科技,2025-10-14 10:40:27,81.47,3400,81.48,D
sz002409,雅克科技,2025-10-14 10:40:30,81.46,3400,81.47,D
sz002409,雅克科技,2025-10-14 10:41:06,81.33,5300,81.37,D
sz002409,雅克科技,2025-10-14 10:41:15,81.3,27400,81.33,D
sz002409,雅克科技,2025-10-14 10:41:21,81.28,2500,81.29,D
sz002409,雅克科技,2025-10-14 10:41:27,81.23,9800,81.28,D
sz002409,雅克科技,2025-10-14 10:41:30,81.25,3900,81.23,E
sz002409,雅克科技,2025-10-14 10:41:33,81.26,12300,81.25,U
sz002409,雅克科技,2025-10-14 10:41:39,81.26,9600,81.23,U
sz002409,雅克科技,2025-10-14 10:41:42,81.28,37000,81.26,U
sz002409,雅克科技,2025-10-14 10:41:45,81.28,2600,81.28,U
sz002409,雅克科技,2025-10-14 10:41:48,81.24,4000,81.28,D
sz002409,雅克科技,2025-10-14 10:41:51,81.3,45100,81.24,U
sz002409,雅克科技,2025-10-14 10:41:54,81.3,3700,81.3,D
sz002409,雅克科技,2025-10-14 10:41:57,81.28,9500,81.3,D
sz002409,雅克科技,2025-10-14 10:42:09,81.28,3200,81.28,U
sz002409,雅克科技,2025-10-14 10:42:12,81.28,16000,81.28,U
sz002409,雅克科技,2025-10-14 10:42:15,81.3,37800,81.28,U
sz002409,雅克科技,2025-10-14 10:42:33,81.31,2600,81.31,D
sz002409,雅克科技,2025-10-14 10:42:45,81.37,3400,81.36,U
sz002409,雅克科技,2025-10-14 10:42:48,81.39,4200,81.37,U
sz002409,雅克科技,2025-10-14 10:42:51,81.38,22900,81.39,E
sz002409,雅克科技,2025-10-14 10:42:54,81.41,4700,81.38,U
sz002409,雅克科技,2025-10-14 10:42:57,81.3,32300,81.41,D
sz002409,雅克科技,2025-10-14 10:43:03,81.41,2700,81.32,U
sz002409,雅克科技,2025-10-14 10:43:15,81.48,5563,81.41,U
sz002409,雅克科技,2025-10-14 10:43:18,81.48,5000,81.48,D
sz002409,雅克科技,2025-10-14 10:43:21,81.48,2937,81.48,D
sz002409,雅克科技,2025-10-14 10:43:27,81.49,16000,81.44,U
sz002409,雅克科技,2025-10-14 10:43:30,81.44,3300,81.49,D
sz002409,雅克科技,2025-10-14 10:43:36,81.43,3200,81.49,D
sz002409,雅克科技,2025-10-14 10:43:39,81.43,3100,81.43,U
sz002409,雅克科技,2025-10-14 10:43:51,81.39,2800,81.4,D
sz002409,雅克科技,2025-10-14 10:43:54,81.43,3200,81.39,U
sz002409,雅克科技,2025-10-14 10:43:57,81.41,6700,81.43,E
sz002409,雅克科技,2025-10-14 10:44:12,81.48,20800,81.54,E
sz002409,雅克科技,2025-10-14 10:44:15,81.48,6000,81.48,D
sz002409,雅克科技,2025-10-14 10:44:18,81.48,7600,81.48,E
sz002409,雅克科技,2025-10-14 10:44:33,81.48,3500,81.54,E
sz002409,雅克科技,2025-10-14 10:44:42,81.48,4200,81.51,D
sz002409,雅克科技,2025-10-14 10:44:48,81.48,4000,81.54,D
sz002409,雅克科技,2025-10-14 10:44:51,81.47,3700,81.48,D
sz002409,雅克科技,2025-10-14 10:44:54,81.44,5300,81.47,D
sz002409,雅克科技,2025-10-14 10:45:00,81.41,6300,81.42,D
sz002409,雅克科技,2025-10-14 10:45:03,81.33,12000,81.41,D
sz002409,雅克科技,2025-10-14 10:45:06,81.34,2600,81.33,U
sz002409,雅克科技,2025-10-14 10:45:09,81.31,3900,81.34,D
sz002409,雅克科技,2025-10-14 10:45:12,81.3,4300,81.31,D
sz002409,雅克科技,2025-10-14 10:45:30,81.27,6000,81.27,U
sz002409,雅克科技,2025-10-14 10:45:33,81.41,12700,81.27,U
sz002409,雅克科技,2025-10-14 10:45:36,81.42,3500,81.41,U
sz002409,雅克科技,2025-10-14 10:45:42,81.42,3500,81.36,U
sz002409,雅克科技,2025-10-14 10:46:09,81.43,8400,81.42,U
sz002409,雅克科技,2025-10-14 10:46:54,81.32,6400,81.33,D
sz002409,雅克科技,2025-10-14 10:46:57,81.32,2500,81.32,D
sz002409,雅克科技,2025-10-14 10:47:03,81.32,5100,81.36,D
sz002409,雅克科技,2025-10-14 10:47:12,81.3,17700,81.31,D
sz002409,雅克科技,2025-10-14 10:47:15,81.3,6100,81.3,D
sz002409,雅克科技,2025-10-14 10:47:18,81.3,10000,81.3,D
sz002409,雅克科技,2025-10-14 10:47:21,81.31,3900,81.3,E
sz002409,雅克科技,2025-10-14 10:47:27,81.3,12400,81.3,D
sz002409,雅克科技,2025-10-14 10:47:30,81.3,6700,81.3,D
sz002409,雅克科技,2025-10-14 10:47:33,81.3,4800,81.3,D
sz002409,雅克科技,2025-10-14 10:47:36,81.3,13400,81.3,D
sz002409,雅克科技,2025-10-14 10:47:45,81.3,7900,81.3,D
sz002409,雅克科技,2025-10-14 10:47:54,81.3,10500,81.3,D
sz002409,雅克科技,2025-10-14 10:48:03,81.28,20200,81.3,D
sz002409,雅克科技,2025-10-14 10:48:06,81.26,5800,81.28,D
sz002409,雅克科技,2025-10-14 10:48:09,81.26,9700,81.26,D
sz002409,雅克科技,2025-10-14 10:48:27,81.26,5500,81.26,U
sz002409,雅克科技,2025-10-14 10:48:39,81.26,2700,81.25,U
sz002409,雅克科技,2025-10-14 10:48:45,81.24,4100,81.25,D
sz002409,雅克科技,2025-10-14 10:48:48,81.24,4000,81.24,D
sz002409,雅克科技,2025-10-14 10:48:54,81.23,6900,81.23,D
sz002409,雅克科技,2025-10-14 10:48:57,81.23,2600,81.23,U
sz002409,雅克科技,2025-10-14 10:49:00,81.22,5000,81.23,D
sz002409,雅克科技,2025-10-14 10:49:03,81.22,17185,81.22,D
sz002409,雅克科技,2025-10-14 10:49:06,81.23,3615,81.22,U
sz002409,雅克科技,2025-10-14 10:49:21,81.21,2600,81.21,D
sz002409,雅克科技,2025-10-14 10:49:24,81.22,2900,81.21,U
sz002409,雅克科技,2025-10-14 10:49:27,81.21,2600,81.22,D
sz002409,雅克科技,2025-10-14 10:49:33,81.2,5300,81.22,D
sz002409,雅克科技,2025-10-14 10:49:36,81.22,4400,81.2,U
sz002409,雅克科技,2025-10-14 10:49:39,81.2,2900,81.22,D
sz002409,雅克科技,2025-10-14 10:49:42,81.19,24600,81.2,D
sz002409,雅克科技,2025-10-14 10:49:54,81.18,7100,81.19,D
sz002409,雅克科技,2025-10-14 10:49:57,81.18,8100,81.18,D
sz002409,雅克科技,2025-10-14 10:50:00,81.18,18800,81.18,D
sz002409,雅克科技,2025-10-14 10:50:03,81.16,4100,81.18,D
sz002409,雅克科技,2025-10-14 10:50:06,81.15,11400,81.16,D
sz002409,雅克科技,2025-10-14 10:50:12,81.16,5500,81.15,U
sz002409,雅克科技,2025-10-14 10:50:15,81.16,4200,81.16,D
sz002409,雅克科技,2025-10-14 10:50:18,81.17,9700,81.16,U
sz002409,雅克科技,2025-10-14 10:50:21,81.18,11000,81.17,U
sz002409,雅克科技,2025-10-14 10:50:24,81.18,2700,81.18,U
sz002409,雅克科技,2025-10-14 10:50:27,81.18,3500,81.18,U
sz002409,雅克科技,2025-10-14 10:50:30,81.17,4800,81.18,D
sz002409,雅克科技,2025-10-14 10:50:36,81.13,21000,81.17,D
sz002409,雅克科技,2025-10-14 10:50:45,81.16,2500,81.16,D
sz002409,雅克科技,2025-10-14 10:50:48,81.16,9100,81.16,D
sz002409,雅克科技,2025-10-14 10:50:57,81.13,4500,81.16,D
sz002409,雅克科技,2025-10-14 10:51:03,81.11,2500,81.13,D
sz002409,雅克科技,2025-10-14 10:51:12,81.12,2500,81.13,E
sz002409,雅克科技,2025-10-14 10:51:15,81.11,2500,81.12,D
sz002409,雅克科技,2025-10-14 10:51:18,81.11,7100,81.11,D
sz002409,雅克科技,2025-10-14 10:51:24,81.13,6500,81.13,D
sz002409,雅克科技,2025-10-14 10:51:36,81.26,15985,81.14,U
sz002409,雅克科技,2025-10-14 10:52:03,81.2,3000,81.23,D
sz002409,雅克科技,2025-10-14 10:52:09,81.13,4600,81.15,D
sz002409,雅克科技,2025-10-14 10:52:12,81.13,7500,81.13,D
sz002409,雅克科技,2025-10-14 10:52:15,81.14,4400,81.13,U
sz002409,雅克科技,2025-10-14 10:52:36,81.12,3400,81.11,U
sz002409,雅克科技,2025-10-14 10:52:39,81.11,4000,81.12,D
sz002409,雅克科技,2025-10-14 10:52:45,81.11,2800,81.11,D
sz002409,雅克科技,2025-10-14 10:52:48,81.12,6900,81.11,U
sz002409,雅克科技,2025-10-14 10:52:51,81.12,2900,81.12,D
sz002409,雅克科技,2025-10-14 10:52:54,81.12,5200,81.12,D
sz002409,雅克科技,2025-10-14 10:52:57,81.12,3700,81.12,D
sz002409,雅克科技,2025-10-14 10:53:00,81.12,7100,81.12,D
sz002409,雅克科技,2025-10-14 10:53:06,81.11,2600,81.12,D
sz002409,雅克科技,2025-10-14 10:53:09,81.11,4400,81.11,D
sz002409,雅克科技,2025-10-14 10:53:12,81.11,8900,81.11,D
sz002409,雅克科技,2025-10-14 10:53:15,81.14,8200,81.11,E
sz002409,雅克科技,2025-10-14 10:53:21,81.1,5800,81.1,D
sz002409,雅克科技,2025-10-14 10:53:24,81.12,4200,81.1,U
sz002409,雅克科技,2025-10-14 10:53:27,81.1,2900,81.12,D
sz002409,雅克科技,2025-10-14 10:53:30,81.11,3000,81.1,E
sz002409,雅克科技,2025-10-14 10:53:33,81.12,2600,81.11,U
sz002409,雅克科技,2025-10-14 10:53:36,81.1,4700,81.12,D
sz002409,雅克科技,2025-10-14 10:53:39,81.1,3000,81.1,D
sz002409,雅克科技,2025-10-14 10:53:45,81.1,3000,81.11,D
sz002409,雅克科技,2025-10-14 10:53:51,81.1,2600,81.1,U
sz002409,雅克科技,2025-10-14 10:53:54,81.08,5400,81.1,D
sz002409,雅克科技,2025-10-14 10:53:57,81.08,8300,81.08,D
sz002409,雅克科技,2025-10-14 10:54:00,81.06,10600,81.08,D
sz002409,雅克科技,2025-10-14 10:54:03,81.04,4800,81.06,D
sz002409,雅克科技,2025-10-14 10:54:06,81.03,8800,81.04,D
sz002409,雅克科技,2025-10-14 10:54:09,81.03,4600,81.03,U
sz002409,雅克科技,2025-10-14 10:54:15,81.02,8900,81.03,D
sz002409,雅克科技,2025-10-14 10:54:18,81.01,10500,81.02,D
sz002409,雅克科技,2025-10-14 10:54:21,81.01,39900,81.01,D
sz002409,雅克科技,2025-10-14 10:54:24,80.95,120900,81.01,D
sz002409,雅克科技,2025-10-14 10:54:27,80.9,3600,80.95,D
sz002409,雅克科技,2025-10-14 10:54:30,80.89,6800,80.9,D
sz002409,雅克科技,2025-10-14 10:54:33,80.89,39500,80.89,D
sz002409,雅克科技,2025-10-14 10:54:36,80.91,31300,80.89,E
sz002409,雅克科技,2025-10-14 10:54:39,80.9,14700,80.91,D
sz002409,雅克科技,2025-10-14 10:54:42,80.9,17100,80.9,D
sz002409,雅克科技,2025-10-14 10:54:45,80.9,10400,80.9,D
sz002409,雅克科技,2025-10-14 10:54:48,80.88,9100,80.9,D
sz002409,雅克科技,2025-10-14 10:54:51,81.03,36100,80.88,U
sz002409,雅克科技,2025-10-14 10:54:54,80.88,6300,81.03,D
sz002409,雅克科技,2025-10-14 10:54:57,81.02,10886,80.88,U
sz002409,雅克科技,2025-10-14 10:55:00,80.87,11214,81.02,D
sz002409,雅克科技,2025-10-14 10:55:03,81.0,4000,80.87,U
sz002409,雅克科技,2025-10-14 10:55:12,80.9,3900,80.9,D
sz002409,雅克科技,2025-10-14 10:55:15,81.0,10200,80.9,U
sz002409,雅克科技,2025-10-14 10:55:18,80.91,24600,81.0,E
sz002409,雅克科技,2025-10-14 10:55:21,80.9,12100,80.91,D
sz002409,雅克科技,2025-10-14 10:55:24,81.0,23300,80.9,U
sz002409,雅克科技,2025-10-14 10:55:27,80.92,4800,81.0,D
sz002409,雅克科技,2025-10-14 10:55:33,80.91,9800,80.91,U
sz002409,雅克科技,2025-10-14 10:55:36,80.91,7400,80.91,U
sz002409,雅克科技,2025-10-14 10:55:39,80.92,7100,80.91,U
sz002409,雅克科技,2025-10-14 10:55:42,80.91,7400,80.92,D
sz002409,雅克科技,2025-10-14 10:55:45,80.91,4700,80.91,D
sz002409,雅克科技,2025-10-14 10:55:48,80.91,24400,80.91,U
sz002409,雅克科技,2025-10-14 10:55:51,80.9,13300,80.91,D
sz002409,雅克科技,2025-10-14 10:55:54,80.9,4086,80.9,D
sz002409,雅克科技,2025-10-14 10:55:57,80.91,6300,80.9,U
sz002409,雅克科技,2025-10-14 10:56:00,80.9,10000,80.91,U
sz002409,雅克科技,2025-10-14 10:56:06,80.87,7914,80.9,D
sz002409,雅克科技,2025-10-14 10:56:09,80.87,2600,80.87,D
sz002409,雅克科技,2025-10-14 10:56:12,80.83,3600,80.87,D
sz002409,雅克科技,2025-10-14 10:56:21,80.77,54800,80.81,D
sz002409,雅克科技,2025-10-14 10:56:24,80.86,11300,80.77,U
sz002409,雅克科技,2025-10-14 10:56:27,80.86,32286,80.86,D
sz002409,雅克科技,2025-10-14 10:56:30,80.86,4100,80.86,D
sz002409,雅克科技,2025-10-14 10:56:33,80.85,9400,80.86,D
sz002409,雅克科技,2025-10-14 10:56:36,80.86,25000,80.85,E
sz002409,雅克科技,2025-10-14 10:56:39,80.86,11200,80.86,D
sz002409,雅克科技,2025-10-14 10:56:42,81.0,13400,80.86,U
sz002409,雅克科技,2025-10-14 10:56:51,80.9,5500,80.87,E
sz002409,雅克科技,2025-10-14 10:56:54,81.02,10900,80.9,U
sz002409,雅克科技,2025-10-14 10:56:57,80.9,11900,81.02,D
sz002409,雅克科技,2025-10-14 10:57:06,80.9,5300,80.91,D
sz002409,雅克科技,2025-10-14 10:57:15,80.88,3700,80.9,D
sz002409,雅克科技,2025-10-14 10:57:24,80.88,15900,80.89,D
sz002409,雅克科技,2025-10-14 10:57:30,80.85,2700,80.86,D
sz002409,雅克科技,2025-10-14 10:57:33,80.84,6000,80.85,D
sz002409,雅克科技,2025-10-14 10:57:39,80.81,23100,80.82,D
sz002409,雅克科技,2025-10-14 10:57:42,80.82,3200,80.81,E
sz002409,雅克科技,2025-10-14 10:57:45,80.8,12400,80.82,D
sz002409,雅克科技,2025-10-14 10:57:48,80.81,5100,80.8,E
sz002409,雅克科技,2025-10-14 10:57:51,80.81,9500,80.81,D
sz002409,雅克科技,2025-10-14 10:57:54,80.85,11900,80.81,U
sz002409,雅克科技,2025-10-14 10:57:57,80.8,7500,80.85,D
sz002409,雅克科技,2025-10-14 10:58:06,80.79,6100,80.8,D
sz002409,雅克科技,2025-10-14 10:58:12,80.78,15300,80.79,D
sz002409,雅克科技,2025-10-14 10:58:15,80.77,10500,80.78,D
sz002409,雅克科技,2025-10-14 10:58:18,80.69,2900,80.77,D
sz002409,雅克科技,2025-10-14 10:58:24,80.68,3600,80.69,D
sz002409,雅克科技,2025-10-14 10:58:27,80.69,6600,80.68,D
sz002409,雅克科技,2025-10-14 10:58:30,80.69,4500,80.69,U
sz002409,雅克科技,2025-10-14 10:58:33,80.69,14300,80.69,D
sz002409,雅克科技,2025-10-14 10:58:36,80.69,17400,80.69,U
sz002409,雅克科技,2025-10-14 10:58:39,80.69,12000,80.69,E
sz002409,雅克科技,2025-10-14 10:58:42,80.78,4300,80.69,E
sz002409,雅克科技,2025-10-14 10:58:45,80.79,15800,80.78,U
sz002409,雅克科技,2025-10-14 10:58:48,80.71,17400,80.79,D
sz002409,雅克科技,2025-10-14 10:58:51,80.8,10100,80.71,U
sz002409,雅克科技,2025-10-14 10:59:00,80.68,12800,80.69,D
sz002409,雅克科技,2025-10-14 10:59:03,80.69,4200,80.68,D
sz002409,雅克科技,2025-10-14 10:59:06,80.7,8800,80.69,E
sz002409,雅克科技,2025-10-14 10:59:09,80.69,23000,80.7,D
sz002409,雅克科技,2025-10-14 10:59:15,80.67,3600,80.69,D
sz002409,雅克科技,2025-10-14 10:59:24,80.64,10100,80.63,U
sz002409,雅克科技,2025-10-14 10:59:30,80.59,5300,80.62,D
sz002409,雅克科技,2025-10-14 10:59:36,80.6,5100,80.58,U
sz002409,雅克科技,2025-10-14 10:59:39,80.61,14400,80.6,U
sz002409,雅克科技,2025-10-14 10:59:42,80.56,41300,80.61,D
sz002409,雅克科技,2025-10-14 10:59:45,80.59,21900,80.56,E
sz002409,雅克科技,2025-10-14 10:59:48,80.55,6700,80.59,E
sz002409,雅克科技,2025-10-14 10:59:51,80.56,15700,80.55,D
sz002409,雅克科技,2025-10-14 10:59:54,80.56,3000,80.56,D
sz002409,雅克科技,2025-10-14 10:59:57,80.51,11200,80.56,D
sz002409,雅克科技,2025-10-14 11:00:03,80.52,3700,80.56,D
sz002409,雅克科技,2025-10-14 11:00:06,80.52,12300,80.52,D
sz002409,雅克科技,2025-10-14 11:00:09,80.56,17500,80.52,U
sz002409,雅克科技,2025-10-14 11:00:12,80.51,53600,80.56,E
sz002409,雅克科技,2025-10-14 11:00:15,80.5,29400,80.51,D
sz002409,雅克科技,2025-10-14 11:00:18,80.56,13800,80.5,U
sz002409,雅克科技,2025-10-14 11:00:21,80.5,22200,80.56,D
sz002409,雅克科技,2025-10-14 11:00:27,80.73,4000,80.57,U
sz002409,雅克科技,2025-10-14 11:00:30,80.51,14700,80.73,D
sz002409,雅克科技,2025-10-14 11:00:33,80.51,7800,80.51,D
sz002409,雅克科技,2025-10-14 11:00:39,80.73,9700,80.61,U
sz002409,雅克科技,2025-10-14 11:00:42,80.66,52000,80.73,D
sz002409,雅克科技,2025-10-14 11:00:45,80.69,2900,80.66,E
sz002409,雅克科技,2025-10-14 11:00:48,80.69,2600,80.69,U
sz002409,雅克科技,2025-10-14 11:00:54,80.75,8900,80.78,D
sz002409,雅克科技,2025-10-14 11:01:00,80.84,18900,80.78,U
sz002409,雅克科技,2025-10-14 11:01:03,80.84,12700,80.84,U
sz002409,雅克科技,2025-10-14 11:01:06,80.84,3000,80.84,E
sz002409,雅克科技,2025-10-14 11:01:12,80.75,4700,80.81,D
sz002409,雅克科技,2025-10-14 11:01:15,80.81,2800,80.75,U
sz002409,雅克科技,2025-10-14 11:01:18,80.8,6000,80.81,U
sz002409,雅克科技,2025-10-14 11:01:21,80.78,4400,80.8,E
sz002409,雅克科技,2025-10-14 11:01:24,80.81,3300,80.78,U
sz002409,雅克科技,2025-10-14 11:01:27,80.74,9600,80.81,D
sz002409,雅克科技,2025-10-14 11:01:30,80.74,2700,80.74,E
sz002409,雅克科技,2025-10-14 11:01:33,80.81,8700,80.74,U
sz002409,雅克科技,2025-10-14 11:01:36,80.78,3600,80.81,D
sz002409,雅克科技,2025-10-14 11:01:39,80.76,2900,80.78,D
sz002409,雅克科技,2025-10-14 11:01:42,80.81,3400,80.76,U
sz002409,雅克科技,2025-10-14 11:01:54,80.74,17500,80.77,D
sz002409,雅克科技,2025-10-14 11:01:57,80.7,4200,80.74,D
sz002409,雅克科技,2025-10-14 11:02:03,80.68,4600,80.69,D
sz002409,雅克科技,2025-10-14 11:02:06,80.64,3600,80.68,D
sz002409,雅克科技,2025-10-14 11:02:12,80.68,5300,80.64,U
sz002409,雅克科技,2025-10-14 11:02:18,80.65,3600,80.64,D
sz002409,雅克科技,2025-10-14 11:02:21,80.68,3200,80.65,U
sz002409,雅克科技,2025-10-14 11:02:24,80.68,3000,80.68,U
sz002409,雅克科技,2025-10-14 11:02:27,80.68,13500,80.68,U
sz002409,雅克科技,2025-10-14 11:02:30,80.69,7200,80.68,U
sz002409,雅克科技,2025-10-14 11:02:33,80.6,18100,80.69,D
sz002409,雅克科技,2025-10-14 11:02:36,80.8,6000,80.6,U
sz002409,雅克科技,2025-10-14 11:02:42,80.8,2700,80.69,U
sz002409,雅克科技,2025-10-14 11:02:54,80.81,13400,80.79,U
sz002409,雅克科技,2025-10-14 11:02:57,80.8,7200,80.81,D
sz002409,雅克科技,2025-10-14 11:03:00,80.79,3200,80.8,D
sz002409,雅克科技,2025-10-14 11:03:03,80.82,3400,80.79,U
sz002409,雅克科技,2025-10-14 11:03:06,80.78,5700,80.82,D
sz002409,雅克科技,2025-10-14 11:03:15,80.69,3600,80.73,D
sz002409,雅克科技,2025-10-14 11:03:24,80.67,11900,80.66,U
sz002409,雅克科技,2025-10-14 11:03:27,80.74,7600,80.67,U
sz002409,雅克科技,2025-10-14 11:03:30,80.71,2800,80.74,D
sz002409,雅克科技,2025-10-14 11:03:39,80.88,10700,80.74,U
sz002409,雅克科技,2025-10-14 11:03:42,80.88,3100,80.88,U
sz002409,雅克科技,2025-10-14 11:04:00,80.86,7900,80.84,U
sz002409,雅克科技,2025-10-14 11:04:03,80.9,14000,80.86,U
sz002409,雅克科技,2025-10-14 11:04:06,80.91,3600,80.9,E
sz002409,雅克科技,2025-10-14 11:04:15,80.96,11000,80.97,E
sz002409,雅克科技,2025-10-14 11:04:18,80.96,2900,80.96,U
sz002409,雅克科技,2025-10-14 11:04:30,80.93,3800,80.96,D
sz002409,雅克科技,2025-10-14 11:04:45,80.87,2700,80.85,E
sz002409,雅克科技,2025-10-14 11:05:00,80.85,18400,80.86,D
sz002409,雅克科技,2025-10-14 11:05:03,80.75,2900,80.85,D
sz002409,雅克科技,2025-10-14 11:05:06,80.74,6800,80.75,D
sz002409,雅克科技,2025-10-14 11:05:12,80.73,2600,80.73,D
sz002409,雅克科技,2025-10-14 11:05:15,80.73,8000,80.73,D
sz002409,雅克科技,2025-10-14 11:05:18,80.72,4900,80.73,D
sz002409,雅克科技,2025-10-14 11:05:24,80.7,24200,80.71,D
sz002409,雅克科技,2025-10-14 11:05:27,80.64,12600,80.7,D
sz002409,雅克科技,2025-10-14 11:05:30,80.62,8200,80.64,D
sz002409,雅克科技,2025-10-14 11:05:33,80.6,4600,80.62,D
sz002409,雅克科技,2025-10-14 11:05:36,80.63,4700,80.6,U
sz002409,雅克科技,2025-10-14 11:05:39,80.58,8700,80.63,D
sz002409,雅克科技,2025-10-14 11:06:06,80.51,6400,80.52,D
sz002409,雅克科技,2025-10-14 11:06:12,80.51,3200,80.51,D
sz002409,雅克科技,2025-10-14 11:06:30,80.51,19200,80.52,D
sz002409,雅克科技,2025-10-14 11:06:33,80.5,5400,80.51,D
sz002409,雅克科技,2025-10-14 11:06:39,80.52,12500,80.51,U
sz002409,雅克科技,2025-10-14 11:06:42,80.51,4700,80.52,U
sz002409,雅克科技,2025-10-14 11:06:45,80.48,5000,80.51,D
sz002409,雅克科技,2025-10-14 11:06:48,80.48,8400,80.48,D
sz002409,雅克科技,2025-10-14 11:06:54,80.48,8400,80.48,D
sz002409,雅克科技,2025-10-14 11:06:57,80.45,8000,80.48,D
sz002409,雅克科技,2025-10-14 11:07:03,80.4,7200,80.41,D
sz002409,雅克科技,2025-10-14 11:07:06,80.38,5300,80.4,D
sz002409,雅克科技,2025-10-14 11:07:12,80.37,8700,80.31,U
sz002409,雅克科技,2025-10-14 11:07:15,80.3,6600,80.37,D
sz002409,雅克科技,2025-10-14 11:07:18,80.29,4400,80.3,D
sz002409,雅克科技,2025-10-14 11:07:24,80.28,8800,80.28,D
sz002409,雅克科技,2025-10-14 11:07:27,80.28,10400,80.28,D
sz002409,雅克科技,2025-10-14 11:07:30,80.25,5800,80.28,D
sz002409,雅克科技,2025-10-14 11:07:36,80.22,5100,80.25,D
sz002409,雅克科技,2025-10-14 11:07:39,80.21,4400,80.22,D
sz002409,雅克科技,2025-10-14 11:07:42,80.2,2600,80.21,D
sz002409,雅克科技,2025-10-14 11:07:45,80.21,6800,80.2,D
sz002409,雅克科技,2025-10-14 11:07:48,80.19,4800,80.21,D
sz002409,雅克科技,2025-10-14 11:07:51,80.18,21000,80.19,D
sz002409,雅克科技,2025-10-14 11:07:54,80.13,14700,80.18,D
sz002409,雅克科技,2025-10-14 11:07:57,80.11,6300,80.13,D
sz002409,雅克科技,2025-10-14 11:08:00,80.1,8900,80.11,D
sz002409,雅克科技,2025-10-14 11:08:03,80.1,6500,80.1,U
sz002409,雅克科技,2025-10-14 11:08:06,80.05,6000,80.1,D
sz002409,雅克科技,2025-10-14 11:08:09,80.03,7100,80.05,D
sz002409,雅克科技,2025-10-14 11:08:12,80.01,8500,80.03,D
sz002409,雅克科技,2025-10-14 11:08:15,80.02,20100,80.01,U
sz002409,雅克科技,2025-10-14 11:08:18,80.08,31900,80.02,U
sz002409,雅克科技,2025-10-14 11:08:21,80.01,17100,80.08,D
sz002409,雅克科技,2025-10-14 11:08:24,80.01,13900,80.01,D
sz002409,雅克科技,2025-10-14 11:08:27,80.03,7100,80.01,E
sz002409,雅克科技,2025-10-14 11:08:30,80.01,8200,80.03,D
sz002409,雅克科技,2025-10-14 11:08:33,80.02,17400,80.01,U
sz002409,雅克科技,2025-10-14 11:08:36,80.01,4000,80.02,D
sz002409,雅克科技,2025-10-14 11:08:39,80.02,32468,80.01,U
sz002409,雅克科技,2025-10-14 11:08:42,80.0,10732,80.02,D
sz002409,雅克科技,2025-10-14 11:08:45,80.0,16600,80.0,D
sz002409,雅克科技,2025-10-14 11:08:48,80.0,57700,80.0,D
sz002409,雅克科技,2025-10-14 11:08:54,79.93,3100,79.98,D
sz002409,雅克科技,2025-10-14 11:09:00,79.92,2900,79.92,U
sz002409,雅克科技,2025-10-14 11:09:03,79.91,148800,79.92,U
sz002409,雅克科技,2025-10-14 11:09:06,79.92,30100,79.91,E
sz002409,雅克科技,2025-10-14 11:09:09,79.92,38600,79.92,E
sz002409,雅克科技,2025-10-14 11:09:12,79.9,14900,79.92,D
sz002409,雅克科技,2025-10-14 11:09:15,79.92,19032,79.9,U
sz002409,雅克科技,2025-10-14 11:09:18,79.97,9100,79.92,E
sz002409,雅克科技,2025-10-14 11:09:21,79.97,26900,79.97,D
sz002409,雅克科技,2025-10-14 11:09:24,80.01,9200,79.97,U
sz002409,雅克科技,2025-10-14 11:09:27,80.01,5000,80.01,D
sz002409,雅克科技,2025-10-14 11:09:30,80.0,5200,80.01,D
sz002409,雅克科技,2025-10-14 11:09:33,79.91,5300,80.0,D
sz002409,雅克科技,2025-10-14 11:09:36,80.0,9700,79.91,U
sz002409,雅克科技,2025-10-14 11:09:39,79.93,6900,80.0,D
sz002409,雅克科技,2025-10-14 11:09:42,79.88,4500,79.93,D
sz002409,雅克科技,2025-10-14 11:09:48,79.88,9200,79.93,D
sz002409,雅克科技,2025-10-14 11:09:51,79.85,5300,79.88,D
sz002409,雅克科技,2025-10-14 11:09:57,79.83,3400,79.84,E
sz002409,雅克科技,2025-10-14 11:10:00,79.81,26600,79.83,E
sz002409,雅克科技,2025-10-14 11:10:03,79.8,38100,79.81,D
sz002409,雅克科技,2025-10-14 11:10:06,79.79,10500,79.8,D
sz002409,雅克科技,2025-10-14 11:10:09,79.8,16700,79.79,E
sz002409,雅克科技,2025-10-14 11:10:12,79.75,10400,79.8,D
sz002409,雅克科技,2025-10-14 11:10:15,79.79,12100,79.75,U
sz002409,雅克科技,2025-10-14 11:10:18,79.69,10000,79.79,D
sz002409,雅克科技,2025-10-14 11:10:21,79.73,18700,79.69,E
sz002409,雅克科技,2025-10-14 11:10:24,79.69,7000,79.73,D
sz002409,雅克科技,2025-10-14 11:10:27,79.69,35900,79.69,D
sz002409,雅克科技,2025-10-14 11:10:30,79.86,10200,79.69,U
sz002409,雅克科技,2025-10-14 11:10:33,79.68,41800,79.86,D
sz002409,雅克科技,2025-10-14 11:10:39,79.71,3300,79.85,D
sz002409,雅克科技,2025-10-14 11:10:42,79.85,7400,79.71,U
sz002409,雅克科技,2025-10-14 11:10:45,79.7,6300,79.85,D
sz002409,雅克科技,2025-10-14 11:10:48,79.79,3800,79.7,E
sz002409,雅克科技,2025-10-14 11:10:51,79.7,7600,79.79,D
sz002409,雅克科技,2025-10-14 11:10:54,79.7,4200,79.7,D
sz002409,雅克科技,2025-10-14 11:10:57,79.7,16800,79.7,D
sz002409,雅克科技,2025-10-14 11:11:00,79.79,7900,79.7,U
sz002409,雅克科技,2025-10-14 11:11:03,79.7,6500,79.79,D
sz002409,雅克科技,2025-10-14 11:11:06,79.76,4200,79.7,E
sz002409,雅克科技,2025-10-14 11:11:09,79.7,3600,79.76,E
sz002409,雅克科技,2025-10-14 11:11:12,79.69,2700,79.7,D
sz002409,雅克科技,2025-10-14 11:11:18,79.68,6700,79.68,D
sz002409,雅克科技,2025-10-14 11:11:21,79.62,4200,79.68,D
sz002409,雅克科技,2025-10-14 11:11:24,79.68,4100,79.62,U
sz002409,雅克科技,2025-10-14 11:11:27,79.68,60100,79.68,U
sz002409,雅克科技,2025-10-14 11:11:30,79.68,16900,79.68,U
sz002409,雅克科技,2025-10-14 11:11:33,79.6,20600,79.68,E
sz002409,雅克科技,2025-10-14 11:11:36,79.58,5900,79.6,E
sz002409,雅克科技,2025-10-14 11:11:39,79.6,29500,79.58,U
sz002409,雅克科技,2025-10-14 11:11:42,79.56,12400,79.6,D
sz002409,雅克科技,2025-10-14 11:11:45,79.56,14800,79.56,D
sz002409,雅克科技,2025-10-14 11:11:48,79.6,40900,79.56,U
sz002409,雅克科技,2025-10-14 11:11:51,79.58,26300,79.6,E
sz002409,雅克科技,2025-10-14 11:11:54,79.68,8400,79.58,U
sz002409,雅克科技,2025-10-14 11:11:57,79.58,8900,79.68,D
sz002409,雅克科技,2025-10-14 11:12:00,79.58,6800,79.58,U
sz002409,雅克科技,2025-10-14 11:12:03,79.6,3200,79.58,E
sz002409,雅克科技,2025-10-14 11:12:06,79.6,9300,79.6,E
sz002409,雅克科技,2025-10-14 11:12:09,79.58,6700,79.6,D
sz002409,雅克科技,2025-10-14 11:12:12,79.67,3300,79.58,E
sz002409,雅克科技,2025-10-14 11:12:15,79.64,14300,79.67,E
sz002409,雅克科技,2025-10-14 11:12:18,79.67,4300,79.64,U
sz002409,雅克科技,2025-10-14 11:12:21,79.69,4800,79.67,E
sz002409,雅克科技,2025-10-14 11:12:24,79.7,3568,79.69,U
sz002409,雅克科技,2025-10-14 11:12:27,79.6,6400,79.7,D
sz002409,雅克科技,2025-10-14 11:12:33,79.6,7900,79.69,D
sz002409,雅克科技,2025-10-14 11:12:36,79.66,8100,79.6,D
sz002409,雅克科技,2025-10-14 11:12:39,79.66,2600,79.66,U
sz002409,雅克科技,2025-10-14 11:12:45,79.68,9200,79.61,U
sz002409,雅克科技,2025-10-14 11:12:48,79.67,16600,79.68,U
sz002409,雅克科技,2025-10-14 11:12:51,79.66,15700,79.67,D
sz002409,雅克科技,2025-10-14 11:13:00,79.77,3600,79.77,U
sz002409,雅克科技,2025-10-14 11:13:03,79.75,3900,79.77,E
sz002409,雅克科技,2025-10-14 11:13:06,79.74,13900,79.75,D
sz002409,雅克科技,2025-10-14 11:13:09,79.77,9100,79.74,E
sz002409,雅克科技,2025-10-14 11:13:15,79.86,5400,79.87,E
sz002409,雅克科技,2025-10-14 11:13:24,79.86,5800,79.86,D
sz002409,雅克科技,2025-10-14 11:13:27,79.8,4200,79.86,E
sz002409,雅克科技,2025-10-14 11:13:48,79.95,5200,79.86,U
sz002409,雅克科技,2025-10-14 11:13:54,79.87,5700,79.94,D
sz002409,雅克科技,2025-10-14 11:13:57,79.86,6700,79.87,D
sz002409,雅克科技,2025-10-14 11:14:00,79.84,3600,79.86,D
sz002409,雅克科技,2025-10-14 11:14:03,79.78,5400,79.84,D
sz002409,雅克科技,2025-10-14 11:14:06,79.77,3000,79.78,D
sz002409,雅克科技,2025-10-14 11:14:09,79.78,3700,79.77,U
sz002409,雅克科技,2025-10-14 11:14:12,79.71,9600,79.78,D
sz002409,雅克科技,2025-10-14 11:14:15,79.71,5500,79.71,U
sz002409,雅克科技,2025-10-14 11:14:24,79.62,5200,79.63,E
sz002409,雅克科技,2025-10-14 11:14:27,79.63,3600,79.62,U
sz002409,雅克科技,2025-10-14 11:14:30,79.61,14500,79.63,D
sz002409,雅克科技,2025-10-14 11:14:36,79.6,6800,79.6,U
sz002409,雅克科技,2025-10-14 11:14:39,79.61,5700,79.6,U
sz002409,雅克科技,2025-10-14 11:14:42,79.61,2600,79.61,E
sz002409,雅克科技,2025-10-14 11:14:45,79.62,4600,79.61,U
sz002409,雅克科技,2025-10-14 11:14:48,79.68,15500,79.62,U
sz002409,雅克科技,2025-10-14 11:14:51,79.55,39300,79.68,D
sz002409,雅克科技,2025-10-14 11:14:54,79.54,5800,79.55,D
sz002409,雅克科技,2025-10-14 11:14:57,79.54,3600,79.54,D
sz002409,雅克科技,2025-10-14 11:15:00,79.53,5600,79.54,D
sz002409,雅克科技,2025-10-14 11:15:03,79.53,3600,79.53,U
sz002409,雅克科技,2025-10-14 11:15:06,79.53,6700,79.53,U
sz002409,雅克科技,2025-10-14 11:15:09,79.51,6700,79.53,D
sz002409,雅克科技,2025-10-14 11:15:12,79.5,40500,79.51,D
sz002409,雅克科技,2025-10-14 11:15:15,79.48,16400,79.5,D
sz002409,雅克科技,2025-10-14 11:15:18,79.49,16700,79.48,U
sz002409,雅克科技,2025-10-14 11:15:24,79.46,4600,79.45,U
sz002409,雅克科技,2025-10-14 11:15:27,79.4,4100,79.46,D
sz002409,雅克科技,2025-10-14 11:15:30,79.38,4800,79.4,D
sz002409,雅克科技,2025-10-14 11:15:33,79.45,9800,79.38,U
sz002409,雅克科技,2025-10-14 11:15:36,79.48,53200,79.45,U
sz002409,雅克科技,2025-10-14 11:15:39,79.4,13900,79.48,D
sz002409,雅克科技,2025-10-14 11:15:42,79.41,8300,79.4,E
sz002409,雅克科技,2025-10-14 11:15:45,79.62,27600,79.41,U
sz002409,雅克科技,2025-10-14 11:15:48,79.66,11100,79.62,U
sz002409,雅克科技,2025-10-14 11:15:51,79.66,5800,79.66,D
sz002409,雅克科技,2025-10-14 11:15:54,79.67,5700,79.66,E
sz002409,雅克科技,2025-10-14 11:16:00,79.64,4000,79.66,E
sz002409,雅克科技,2025-10-14 11:16:06,79.42,9400,79.6,D
sz002409,雅克科技,2025-10-14 11:16:09,79.4,7500,79.42,D
sz002409,雅克科技,2025-10-14 11:16:12,79.4,8400,79.4,D
sz002409,雅克科技,2025-10-14 11:16:15,79.35,3600,79.4,D
sz002409,雅克科技,2025-10-14 11:16:18,79.34,6300,79.35,D
sz002409,雅克科技,2025-10-14 11:16:21,79.36,19300,79.34,E
sz002409,雅克科技,2025-10-14 11:16:24,79.4,7100,79.36,E
sz002409,雅克科技,2025-10-14 11:16:27,79.42,7500,79.4,E
sz002409,雅克科技,2025-10-14 11:16:30,79.4,8900,79.42,D
sz002409,雅克科技,2025-10-14 11:16:33,79.36,11500,79.4,D
sz002409,雅克科技,2025-10-14 11:16:36,79.4,12100,79.36,U
sz002409,雅克科技,2025-10-14 11:16:39,79.41,10400,79.4,E
sz002409,雅克科技,2025-10-14 11:16:42,79.41,3300,79.41,D
sz002409,雅克科技,2025-10-14 11:16:45,79.41,2600,79.41,D
sz002409,雅克科技,2025-10-14 11:16:48,79.45,7800,79.41,U
sz002409,雅克科技,2025-10-14 11:16:51,79.44,4600,79.45,E
sz002409,雅克科技,2025-10-14 11:16:57,79.43,4900,79.43,D
sz002409,雅克科技,2025-10-14 11:17:00,79.4,4200,79.43,D
sz002409,雅克科技,2025-10-14 11:17:03,79.38,6200,79.4,D
sz002409,雅克科技,2025-10-14 11:17:06,79.36,4700,79.38,D
sz002409,雅克科技,2025-10-14 11:17:09,79.34,11800,79.36,D
sz002409,雅克科技,2025-10-14 11:17:12,79.32,7200,79.34,D
sz002409,雅克科技,2025-10-14 11:17:15,79.3,21900,79.32,D
sz002409,雅克科技,2025-10-14 11:17:18,79.34,7700,79.3,U
sz002409,雅克科技,2025-10-14 11:17:24,79.21,6800,79.25,D
sz002409,雅克科技,2025-10-14 11:17:27,79.2,3000,79.21,D
sz002409,雅克科技,2025-10-14 11:17:30,79.18,12800,79.2,D
sz002409,雅克科技,2025-10-14 11:17:33,79.14,6900,79.18,D
sz002409,雅克科技,2025-10-14 11:17:36,79.13,4500,79.14,D
sz002409,雅克科技,2025-10-14 11:17:39,79.02,13100,79.13,D
sz002409,雅克科技,2025-10-14 11:17:42,79.02,8700,79.02,D
sz002409,雅克科技,2025-10-14 11:17:45,79.13,29900,79.02,U
sz002409,雅克科技,2025-10-14 11:17:48,79.05,25400,79.13,E
sz002409,雅克科技,2025-10-14 11:17:51,79.03,14300,79.05,D
sz002409,雅克科技,2025-10-14 11:17:54,79.0,12400,79.03,D
sz002409,雅克科技,2025-10-14 11:17:57,79.0,23200,79.0,D
sz002409,雅克科技,2025-10-14 11:18:00,79.0,43700,79.0,D
sz002409,雅克科技,2025-10-14 11:18:03,79.04,21100,79.0,E
sz002409,雅克科技,2025-10-14 11:18:06,79.18,60400,79.04,U
sz002409,雅克科技,2025-10-14 11:18:09,79.05,5300,79.18,D
sz002409,雅克科技,2025-10-14 11:18:12,78.96,12700,79.05,D
sz002409,雅克科技,2025-10-14 11:18:15,78.91,15100,78.96,D
sz002409,雅克科技,2025-10-14 11:18:18,79.01,11500,78.91,E
sz002409,雅克科技,2025-10-14 11:18:21,79.0,11200,79.01,D
sz002409,雅克科技,2025-10-14 11:18:24,79.05,22600,79.0,U
sz002409,雅克科技,2025-10-14 11:18:27,79.05,51900,79.05,D
sz002409,雅克科技,2025-10-14 11:18:30,79.05,11100,79.05,D
sz002409,雅克科技,2025-10-14 11:18:33,79.05,7600,79.05,D
sz002409,雅克科技,2025-10-14 11:18:36,79.06,11600,79.05,E
sz002409,雅克科技,2025-10-14 11:18:39,79.15,10300,79.06,U
sz002409,雅克科技,2025-10-14 11:18:45,79.17,32400,79.16,E
sz002409,雅克科技,2025-10-14 11:18:48,79.04,3500,79.17,D
sz002409,雅克科技,2025-10-14 11:18:51,79.18,3900,79.04,U
sz002409,雅克科技,2025-10-14 11:18:54,79.25,5300,79.18,U
sz002409,雅克科技,2025-10-14 11:18:57,79.16,10600,79.25,E
sz002409,雅克科技,2025-10-14 11:19:00,79.09,4000,79.16,D
sz002409,雅克科技,2025-10-14 11:19:06,79.07,4100,79.11,D
sz002409,雅克科技,2025-10-14 11:19:09,79.04,4600,79.07,D
sz002409,雅克科技,2025-10-14 11:19:12,79.06,7200,79.04,U
sz002409,雅克科技,2025-10-14 11:19:15,79.12,10600,79.06,U
sz002409,雅克科技,2025-10-14 11:19:18,79.0,11900,79.12,D
sz002409,雅克科技,2025-10-14 11:19:27,79.1,8500,79.03,U
sz002409,雅克科技,2025-10-14 11:19:39,79.03,3100,79.03,U
sz002409,雅克科技,2025-10-14 11:19:42,79.01,28900,79.03,D
sz002409,雅克科技,2025-10-14 11:19:45,79.01,3800,79.01,U
sz002409,雅克科技,2025-10-14 11:19:48,79.0,9600,79.01,D
sz002409,雅克科技,2025-10-14 11:19:51,79.0,14300,79.0,D
sz002409,雅克科技,2025-10-14 11:19:54,78.99,3500,79.0,D
sz002409,雅克科技,2025-10-14 11:19:57,78.98,4568,78.99,D
sz002409,雅克科技,2025-10-14 11:20:00,79.24,46500,78.98,U
sz002409,雅克科技,2025-10-14 11:20:03,78.98,5700,79.24,D
sz002409,雅克科技,2025-10-14 11:20:18,79.23,7377,79.19,U
sz002409,雅克科技,2025-10-14 11:20:21,79.28,2600,79.23,U
sz002409,雅克科技,2025-10-14 11:20:24,79.28,3900,79.28,D
sz002409,雅克科技,2025-10-14 11:20:27,79.3,14800,79.28,U
sz002409,雅克科技,2025-10-14 11:20:30,79.3,4700,79.3,D
sz002409,雅克科技,2025-10-14 11:20:33,79.29,7000,79.3,D
sz002409,雅克科技,2025-10-14 11:20:36,79.24,3700,79.29,D
sz002409,雅克科技,2025-10-14 11:20:42,79.3,3800,79.29,U
sz002409,雅克科技,2025-10-14 11:20:51,79.25,3500,79.28,D
sz002409,雅克科技,2025-10-14 11:20:54,79.23,2800,79.25,D
sz002409,雅克科技,2025-10-14 11:20:57,79.23,2900,79.23,D
sz002409,雅克科技,2025-10-14 11:21:00,79.22,3700,79.23,D
sz002409,雅克科技,2025-10-14 11:21:03,79.22,3823,79.22,D
sz002409,雅克科技,2025-10-14 11:21:06,79.36,30677,79.22,U
sz002409,雅克科技,2025-10-14 11:21:09,79.34,32600,79.36,D
sz002409,雅克科技,2025-10-14 11:21:30,79.2,3100,79.31,D
sz002409,雅克科技,2025-10-14 11:21:36,79.25,6100,79.24,U
sz002409,雅克科技,2025-10-14 11:21:39,79.19,4400,79.25,D
sz002409,雅克科技,2025-10-14 11:21:48,79.16,6500,79.19,D
sz002409,雅克科技,2025-10-14 11:22:03,79.12,4500,79.11,U
sz002409,雅克科技,2025-10-14 11:22:06,79.14,17600,79.12,E
sz002409,雅克科技,2025-10-14 11:22:09,79.15,4100,79.14,D
sz002409,雅克科技,2025-10-14 11:22:33,79.11,4800,79.12,D
sz002409,雅克科技,2025-10-14 11:22:36,79.12,15500,79.11,U
sz002409,雅克科技,2025-10-14 11:22:39,79.12,7600,79.12,D
sz002409,雅克科技,2025-10-14 11:22:42,79.12,3000,79.12,D
sz002409,雅克科技,2025-10-14 11:22:51,79.11,4000,79.12,D
sz002409,雅克科技,2025-10-14 11:22:54,79.13,4200,79.11,U
sz002409,雅克科技,2025-10-14 11:23:00,79.21,14400,79.15,U
sz002409,雅克科技,2025-10-14 11:23:06,79.3,10700,79.14,U
sz002409,雅克科技,2025-10-14 11:23:09,79.32,3000,79.3,U
sz002409,雅克科技,2025-10-14 11:23:15,79.45,21300,79.32,E
sz002409,雅克科技,2025-10-14 11:23:24,79.29,4500,79.32,E
sz002409,雅克科技,2025-10-14 11:23:42,79.4,4900,79.39,U
sz002409,雅克科技,2025-10-14 11:23:45,79.34,5200,79.4,D
sz002409,雅克科技,2025-10-14 11:23:48,79.32,13000,79.34,D
sz002409,雅克科技,2025-10-14 11:23:54,79.32,3200,79.32,U
sz002409,雅克科技,2025-10-14 11:24:18,79.47,2600,79.46,U
sz002409,雅克科技,2025-10-14 11:24:21,79.5,11000,79.47,U
sz002409,雅克科技,2025-10-14 11:24:30,79.51,3400,79.56,D
sz002409,雅克科技,2025-10-14 11:24:33,79.6,6200,79.51,U
sz002409,雅克科技,2025-10-14 11:24:36,79.54,2900,79.6,D
sz002409,雅克科技,2025-10-14 11:24:39,79.53,4700,79.54,D
sz002409,雅克科技,2025-10-14 11:24:51,79.53,4100,79.52,U
sz002409,雅克科技,2025-10-14 11:24:57,79.53,8900,79.56,D
sz002409,雅克科技,2025-10-14 11:25:00,79.51,9100,79.53,D
sz002409,雅克科技,2025-10-14 11:25:03,79.48,5900,79.51,D
sz002409,雅克科技,2025-10-14 11:25:06,79.42,5700,79.48,D
sz002409,雅克科技,2025-10-14 11:25:09,79.46,8600,79.42,U
sz002409,雅克科技,2025-10-14 11:25:12,79.45,7600,79.46,E
sz002409,雅克科技,2025-10-14 11:25:21,79.46,7000,79.4,U
sz002409,雅克科技,2025-10-14 11:25:27,79.46,5000,79.41,U
sz002409,雅克科技,2025-10-14 11:25:30,79.41,4800,79.46,D
sz002409,雅克科技,2025-10-14 11:25:33,79.51,3300,79.41,E
sz002409,雅克科技,2025-10-14 11:25:36,79.45,8300,79.51,D
sz002409,雅克科技,2025-10-14 11:25:45,79.53,4800,79.45,U
sz002409,雅克科技,2025-10-14 11:25:54,79.43,2800,79.5,D
sz002409,雅克科技,2025-10-14 11:25:57,79.42,8100,79.43,E
sz002409,雅克科技,2025-10-14 11:26:00,79.4,3700,79.42,D
sz002409,雅克科技,2025-10-14 11:26:03,79.38,3000,79.4,D
sz002409,雅克科技,2025-10-14 11:26:06,79.3,4100,79.38,D
sz002409,雅克科技,2025-10-14 11:26:12,79.31,3500,79.29,U
sz002409,雅克科技,2025-10-14 11:26:18,79.3,4000,79.28,E
sz002409,雅克科技,2025-10-14 11:26:21,79.21,4400,79.3,D
sz002409,雅克科技,2025-10-14 11:26:24,79.29,6200,79.21,U
sz002409,雅克科技,2025-10-14 11:26:30,79.31,3400,79.3,U
sz002409,雅克科技,2025-10-14 11:26:33,79.31,3000,79.31,U
sz002409,雅克科技,2025-10-14 11:26:39,79.2,27400,79.23,D
sz002409,雅克科技,2025-10-14 11:26:42,79.15,2900,79.2,D
sz002409,雅克科技,2025-10-14 11:26:45,79.16,4400,79.15,D
sz002409,雅克科技,2025-10-14 11:26:48,79.13,8600,79.16,D
sz002409,雅克科技,2025-10-14 11:26:51,79.13,7900,79.13,D
sz002409,雅克科技,2025-10-14 11:26:54,79.27,5600,79.13,U
sz002409,雅克科技,2025-10-14 11:26:57,79.2,2900,79.27,D
sz002409,雅克科技,2025-10-14 11:27:00,79.13,5100,79.2,U
sz002409,雅克科技,2025-10-14 11:27:03,79.19,6200,79.13,E
sz002409,雅克科技,2025-10-14 11:27:06,79.12,5100,79.19,E
sz002409,雅克科技,2025-10-14 11:27:15,79.02,3800,79.06,D
sz002409,雅克科技,2025-10-14 11:27:18,79.12,8100,79.02,U
sz002409,雅克科技,2025-10-14 11:27:21,79.1,9400,79.12,E
sz002409,雅克科技,2025-10-14 11:27:24,79.1,8700,79.1,D
sz002409,雅克科技,2025-10-14 11:27:27,79.08,10700,79.1,D
sz002409,雅克科技,2025-10-14 11:27:30,79.0,18100,79.08,D
sz002409,雅克科技,2025-10-14 11:27:33,79.2,9600,79.0,E
sz002409,雅克科技,2025-10-14 11:27:36,79.08,4200,79.2,D
sz002409,雅克科技,2025-10-14 11:27:39,79.09,2700,79.08,U
sz002409,雅克科技,2025-10-14 11:27:45,79.05,4700,79.08,D
sz002409,雅克科技,2025-10-14 11:27:54,79.05,2700,79.05,U
sz002409,雅克科技,2025-10-14 11:28:03,79.01,7400,79.01,D
sz002409,雅克科技,2025-10-14 11:28:09,79.01,3100,79.02,D
sz002409,雅克科技,2025-10-14 11:28:15,78.97,6632,78.98,D
sz002409,雅克科技,2025-10-14 11:28:18,78.92,3200,78.97,D
sz002409,雅克科技,2025-10-14 11:28:21,78.94,3800,78.92,U
sz002409,雅克科技,2025-10-14 11:28:30,78.9,3500,78.9,U
sz002409,雅克科技,2025-10-14 11:28:33,78.9,24200,78.9,U
sz002409,雅克科技,2025-10-14 11:28:36,78.9,11400,78.9,D
sz002409,雅克科技,2025-10-14 11:28:39,78.9,7100,78.9,U
sz002409,雅克科技,2025-10-14 11:28:45,78.9,3200,78.9,D
sz002409,雅克科技,2025-10-14 11:28:48,78.9,13300,78.9,U
sz002409,雅克科技,2025-10-14 11:28:51,78.88,4200,78.9,D
sz002409,雅克科技,2025-10-14 11:29:00,79.0,5000,78.91,U
sz002409,雅克科技,2025-10-14 11:29:03,78.91,6800,79.0,D
sz002409,雅克科技,2025-10-14 11:29:09,78.91,7400,78.9,U
sz002409,雅克科技,2025-10-14 11:29:12,78.92,21800,78.91,E
sz002409,雅克科技,2025-10-14 11:29:15,78.93,9100,78.92,D
sz002409,雅克科技,2025-10-14 11:29:18,78.91,7000,78.93,D
sz002409,雅克科技,2025-10-14 11:29:21,78.95,6700,78.91,D
sz002409,雅克科技,2025-10-14 11:29:24,78.96,3900,78.95,E
sz002409,雅克科技,2025-10-14 11:29:27,78.96,3700,78.96,D
sz002409,雅克科技,2025-10-14 11:29:30,79.09,5000,78.96,U
sz002409,雅克科技,2025-10-14 11:29:33,79.0,3600,79.09,E
sz002409,雅克科技,2025-10-14 11:29:36,79.0,3000,79.0,D
sz002409,雅克科技,2025-10-14 11:29:45,79.06,3500,79.06,D
sz002409,雅克科技,2025-10-14 11:29:48,79.0,3500,79.06,D
sz002409,雅克科技,2025-10-14 11:29:51,79.0,5700,79.0,D
sz002409,雅克科技,2025-10-14 11:29:57,79.06,3200,79.0,E
sz002409,雅克科技,2025-10-14 11:30:00,79.0,2800,79.06,D
sz002409,雅克科技,2025-10-14 13:00:00,79.0,56900,79.0,D
sz002409,雅克科技,2025-10-14 13:00:03,79.08,68935,79.0,U
sz002409,雅克科技,2025-10-14 13:00:09,79.2,18700,79.1,U
sz002409,雅克科技,2025-10-14 13:00:12,79.06,13000,79.2,D
sz002409,雅克科技,2025-10-14 13:00:15,78.95,12800,79.06,D
sz002409,雅克科技,2025-10-14 13:00:18,78.9,6300,78.95,D
sz002409,雅克科技,2025-10-14 13:00:21,78.82,8500,78.9,D
sz002409,雅克科技,2025-10-14 13:00:24,78.78,17300,78.82,D
sz002409,雅克科技,2025-10-14 13:00:27,78.7,10000,78.78,D
sz002409,雅克科技,2025-10-14 13:00:30,78.67,4400,78.7,D
sz002409,雅克科技,2025-10-14 13:00:33,78.69,13100,78.67,U
sz002409,雅克科技,2025-10-14 13:00:36,78.74,4400,78.69,U
sz002409,雅克科技,2025-10-14 13:00:39,78.63,5200,78.74,D
sz002409,雅克科技,2025-10-14 13:00:42,78.6,6800,78.63,D
sz002409,雅克科技,2025-10-14 13:00:45,78.57,5700,78.6,D
sz002409,雅克科技,2025-10-14 13:00:48,78.66,9300,78.57,U
sz002409,雅克科技,2025-10-14 13:00:51,78.48,27000,78.66,D
sz002409,雅克科技,2025-10-14 13:00:54,78.55,9300,78.48,U
sz002409,雅克科技,2025-10-14 13:00:57,78.41,8000,78.55,D
sz002409,雅克科技,2025-10-14 13:01:00,78.55,5400,78.41,U
sz002409,雅克科技,2025-10-14 13:01:03,78.56,6000,78.55,U
sz002409,雅克科技,2025-10-14 13:01:06,78.43,11900,78.56,D
sz002409,雅克科技,2025-10-14 13:01:09,78.44,16700,78.43,D
sz002409,雅克科技,2025-10-14 13:01:12,78.38,4100,78.44,D
sz002409,雅克科技,2025-10-14 13:01:15,78.43,2800,78.38,U
sz002409,雅克科技,2025-10-14 13:01:18,78.32,5000,78.43,D
sz002409,雅克科技,2025-10-14 13:01:24,78.26,6400,78.35,D
sz002409,雅克科技,2025-10-14 13:01:27,78.23,16100,78.26,D
sz002409,雅克科技,2025-10-14 13:01:30,78.42,62700,78.23,U
sz002409,雅克科技,2025-10-14 13:01:33,78.35,13400,78.42,D
sz002409,雅克科技,2025-10-14 13:01:39,78.34,18900,78.35,D
sz002409,雅克科技,2025-10-14 13:01:42,78.26,9100,78.34,D
sz002409,雅克科技,2025-10-14 13:01:45,78.33,3700,78.26,U
sz002409,雅克科技,2025-10-14 13:01:48,78.22,7800,78.33,D
sz002409,雅克科技,2025-10-14 13:01:51,78.22,3500,78.22,D
sz002409,雅克科技,2025-10-14 13:01:54,78.22,5000,78.22,D
sz002409,雅克科技,2025-10-14 13:01:57,78.28,14200,78.22,U
sz002409,雅克科技,2025-10-14 13:02:00,78.23,5600,78.28,D
sz002409,雅克科技,2025-10-14 13:02:03,78.21,5400,78.23,D
sz002409,雅克科技,2025-10-14 13:02:06,78.53,32500,78.21,U
sz002409,雅克科技,2025-10-14 13:02:09,78.28,23100,78.53,D
sz002409,雅克科技,2025-10-14 13:02:12,78.28,5700,78.28,D
sz002409,雅克科技,2025-10-14 13:02:15,78.28,12300,78.28,D
sz002409,雅克科技,2025-10-14 13:02:18,78.22,6500,78.28,D
sz002409,雅克科技,2025-10-14 13:02:24,78.22,8200,78.31,D
sz002409,雅克科技,2025-10-14 13:02:27,78.22,6100,78.22,U
sz002409,雅克科技,2025-10-14 13:02:30,78.21,8100,78.22,D
sz002409,雅克科技,2025-10-14 13:02:33,78.21,10400,78.21,D
sz002409,雅克科技,2025-10-14 13:02:36,78.22,5800,78.21,D
sz002409,雅克科技,2025-10-14 13:02:39,78.22,6400,78.22,D
sz002409,雅克科技,2025-10-14 13:02:42,78.21,11100,78.22,E
sz002409,雅克科技,2025-10-14 13:02:45,78.28,7900,78.21,U
sz002409,雅克科技,2025-10-14 13:02:48,78.17,16700,78.28,D
sz002409,雅克科技,2025-10-14 13:02:51,78.25,6200,78.17,U
sz002409,雅克科技,2025-10-14 13:02:54,78.21,15400,78.25,D
sz002409,雅克科技,2025-10-14 13:02:57,78.13,3900,78.21,D
sz002409,雅克科技,2025-10-14 13:03:06,78.3,10000,78.13,U
sz002409,雅克科技,2025-10-14 13:03:09,78.22,10300,78.3,D
sz002409,雅克科技,2025-10-14 13:03:12,78.21,4500,78.22,D
sz002409,雅克科技,2025-10-14 13:03:15,78.14,20400,78.21,D
sz002409,雅克科技,2025-10-14 13:03:18,78.12,10800,78.14,D
sz002409,雅克科技,2025-10-14 13:03:24,78.12,9300,78.19,D
sz002409,雅克科技,2025-10-14 13:03:27,78.11,6000,78.12,D
sz002409,雅克科技,2025-10-14 13:03:30,78.15,2600,78.11,U
sz002409,雅克科技,2025-10-14 13:03:33,78.11,7500,78.15,D
sz002409,雅克科技,2025-10-14 13:03:36,78.1,4900,78.11,D
sz002409,雅克科技,2025-10-14 13:03:39,78.1,12700,78.1,D
sz002409,雅克科技,2025-10-14 13:03:42,78.11,8100,78.1,E
sz002409,雅克科技,2025-10-14 13:03:45,78.12,12300,78.11,E
sz002409,雅克科技,2025-10-14 13:03:48,78.17,7400,78.12,E
sz002409,雅克科技,2025-10-14 13:03:51,78.21,4400,78.17,U
sz002409,雅克科技,2025-10-14 13:03:54,78.2,6900,78.21,E
sz002409,雅克科技,2025-10-14 13:03:57,78.13,4500,78.2,D
sz002409,雅克科技,2025-10-14 13:04:03,78.12,5300,78.14,D
sz002409,雅克科技,2025-10-14 13:04:06,78.05,10900,78.12,D
sz002409,雅克科技,2025-10-14 13:04:09,78.11,4500,78.05,D
sz002409,雅克科技,2025-10-14 13:04:12,78.05,3400,78.11,D
sz002409,雅克科技,2025-10-14 13:04:15,78.11,9800,78.05,U
sz002409,雅克科技,2025-10-14 13:04:18,78.11,5100,78.11,U
sz002409,雅克科技,2025-10-14 13:04:21,78.11,22100,78.11,D
sz002409,雅克科技,2025-10-14 13:04:24,78.11,8600,78.11,D
sz002409,雅克科技,2025-10-14 13:04:27,78.11,10900,78.11,D
sz002409,雅克科技,2025-10-14 13:04:30,78.15,15900,78.11,E
sz002409,雅克科技,2025-10-14 13:04:33,78.13,9600,78.15,D
sz002409,雅克科技,2025-10-14 13:04:39,78.15,3500,78.2,D
sz002409,雅克科技,2025-10-14 13:04:45,78.21,21900,78.2,U
sz002409,雅克科技,2025-10-14 13:04:48,78.22,6800,78.21,D
sz002409,雅克科技,2025-10-14 13:04:54,78.2,3900,78.2,D
sz002409,雅克科技,2025-10-14 13:04:57,78.12,6800,78.2,D
sz002409,雅克科技,2025-10-14 13:05:00,78.08,4800,78.12,D
sz002409,雅克科技,2025-10-14 13:05:03,78.12,5700,78.08,U
sz002409,雅克科技,2025-10-14 13:05:06,78.06,3700,78.12,D
sz002409,雅克科技,2025-10-14 13:05:09,78.06,4800,78.06,D
sz002409,雅克科技,2025-10-14 13:05:12,78.03,6600,78.06,D
sz002409,雅克科技,2025-10-14 13:05:15,78.03,120600,78.03,D
sz002409,雅克科技,2025-10-14 13:05:18,77.97,13700,78.03,D
sz002409,雅克科技,2025-10-14 13:05:21,78.05,9900,77.97,E
