symbol,name,ticktime,price,volume,prev_price,kind
sz002409,雅克科技,2025-09-16 09:25:00,61.36,41900,0.0,U
sz002409,雅克科技,2025-09-16 09:30:00,61.36,25900,61.36,U
sz002409,雅克科技,2025-09-16 09:30:03,61.42,28900,61.36,U
sz002409,雅克科技,2025-09-16 09:30:06,61.74,23200,61.42,U
sz002409,雅克科技,2025-09-16 09:30:09,61.74,6000,61.74,E
sz002409,雅克科技,2025-09-16 09:30:12,61.43,10300,61.74,E
sz002409,雅克科技,2025-09-16 09:30:18,61.43,4700,61.72,D
sz002409,雅克科技,2025-09-16 09:30:21,61.73,3600,61.43,U
sz002409,雅克科技,2025-09-16 09:30:24,61.48,23200,61.73,D
sz002409,雅克科技,2025-09-16 09:30:27,61.43,12100,61.48,D
sz002409,雅克科技,2025-09-16 09:30:30,61.42,11300,61.43,D
sz002409,雅克科技,2025-09-16 09:30:33,61.39,13000,61.42,D
sz002409,雅克科技,2025-09-16 09:30:36,61.45,8900,61.39,U
sz002409,雅克科技,2025-09-16 09:30:39,61.48,16900,61.45,U
sz002409,雅克科技,2025-09-16 09:30:42,61.65,4000,61.48,U
sz002409,雅克科技,2025-09-16 09:30:45,61.51,9300,61.65,D
sz002409,雅克科技,2025-09-16 09:30:48,61.62,4600,61.51,U
sz002409,雅克科技,2025-09-16 09:30:54,61.53,5000,61.52,E
sz002409,雅克科技,2025-09-16 09:30:57,61.62,7100,61.53,U
sz002409,雅克科技,2025-09-16 09:31:00,61.5,12100,61.62,D
sz002409,雅克科技,2025-09-16 09:31:03,61.45,28900,61.5,D
sz002409,雅克科技,2025-09-16 09:31:06,61.37,8500,61.45,D
sz002409,雅克科技,2025-09-16 09:31:09,61.35,15500,61.37,D
sz002409,雅克科技,2025-09-16 09:31:12,61.39,15800,61.35,U
sz002409,雅克科技,2025-09-16 09:31:18,61.38,16500,61.39,D
sz002409,雅克科技,2025-09-16 09:31:21,61.35,4200,61.38,D
sz002409,雅克科技,2025-09-16 09:31:24,61.34,5400,61.35,E
sz002409,雅克科技,2025-09-16 09:31:30,61.34,26000,61.3,U
sz002409,雅克科技,2025-09-16 09:31:39,61.3,7200,61.27,U
sz002409,雅克科技,2025-09-16 09:31:42,61.27,9300,61.3,D
sz002409,雅克科技,2025-09-16 09:31:45,61.27,12200,61.27,U
sz002409,雅克科技,2025-09-16 09:31:51,61.25,4800,61.27,D
sz002409,雅克科技,2025-09-16 09:31:57,61.29,31300,61.2,U
sz002409,雅克科技,2025-09-16 09:32:00,61.26,4700,61.29,D
sz002409,雅克科技,2025-09-16 09:32:12,61.27,6100,61.3,D
sz002409,雅克科技,2025-09-16 09:32:15,61.32,18900,61.27,U
sz002409,雅克科技,2025-09-16 09:32:18,61.33,7700,61.32,U
sz002409,雅克科技,2025-09-16 09:32:21,61.36,6400,61.33,U
sz002409,雅克科技,2025-09-16 09:32:36,61.33,10800,61.38,D
sz002409,雅克科技,2025-09-16 09:32:39,61.22,10800,61.33,D
sz002409,雅克科技,2025-09-16 09:32:51,61.29,3500,61.3,E
sz002409,雅克科技,2025-09-16 09:32:57,61.38,3600,61.36,U
sz002409,雅克科技,2025-09-16 09:33:12,61.33,12300,61.4,D
sz002409,雅克科技,2025-09-16 09:33:15,61.36,5600,61.33,U
sz002409,雅克科技,2025-09-16 09:33:18,61.26,4300,61.36,D
sz002409,雅克科技,2025-09-16 09:33:21,61.25,10300,61.26,D
sz002409,雅克科技,2025-09-16 09:33:24,61.25,3700,61.25,U
sz002409,雅克科技,2025-09-16 09:33:27,61.25,4800,61.25,U
sz002409,雅克科技,2025-09-16 09:33:30,61.22,5200,61.25,D
sz002409,雅克科技,2025-09-16 09:33:42,61.2,25300,61.2,D
sz002409,雅克科技,2025-09-16 09:33:45,61.19,6400,61.2,D
sz002409,雅克科技,2025-09-16 09:33:48,61.27,5200,61.19,E
sz002409,雅克科技,2025-09-16 09:34:00,61.21,6000,61.27,D
sz002409,雅克科技,2025-09-16 09:34:03,61.23,4000,61.21,E
sz002409,雅克科技,2025-09-16 09:34:06,61.21,4300,61.23,D
sz002409,雅克科技,2025-09-16 09:34:12,61.22,5500,61.22,U
sz002409,雅克科技,2025-09-16 09:34:18,61.21,6500,61.22,D
sz002409,雅克科技,2025-09-16 09:34:30,61.22,3500,61.25,D
sz002409,雅克科技,2025-09-16 09:34:36,61.22,5400,61.22,D
sz002409,雅克科技,2025-09-16 09:34:42,61.22,5500,61.24,D
sz002409,雅克科技,2025-09-16 09:34:45,61.25,3600,61.22,U
sz002409,雅克科技,2025-09-16 09:35:09,61.2,31000,61.23,D
sz002409,雅克科技,2025-09-16 09:35:12,61.2,4100,61.2,U
sz002409,雅克科技,2025-09-16 09:35:15,61.21,10600,61.2,U
sz002409,雅克科技,2025-09-16 09:35:18,61.2,6200,61.21,D
sz002409,雅克科技,2025-09-16 09:35:21,61.21,10000,61.2,U
sz002409,雅克科技,2025-09-16 09:35:24,61.2,14600,61.21,D
sz002409,雅克科技,2025-09-16 09:35:27,61.2,15500,61.2,D
sz002409,雅克科技,2025-09-16 09:35:33,61.16,6500,61.21,D
sz002409,雅克科技,2025-09-16 09:35:39,61.19,13700,61.21,D
sz002409,雅克科技,2025-09-16 09:35:42,61.22,5900,61.19,U
sz002409,雅克科技,2025-09-16 09:35:45,61.2,6800,61.22,E
sz002409,雅克科技,2025-09-16 09:35:48,61.2,4500,61.2,U
sz002409,雅克科技,2025-09-16 09:35:51,61.12,5000,61.2,D
sz002409,雅克科技,2025-09-16 09:35:57,61.25,3700,61.22,U
sz002409,雅克科技,2025-09-16 09:36:15,61.28,17100,61.24,U
sz002409,雅克科技,2025-09-16 09:36:36,61.4,9200,61.39,U
sz002409,雅克科技,2025-09-16 09:36:51,61.49,4800,61.48,U
sz002409,雅克科技,2025-09-16 09:36:57,61.45,6300,61.45,D
sz002409,雅克科技,2025-09-16 09:37:00,61.44,4300,61.45,D
sz002409,雅克科技,2025-09-16 09:37:03,61.42,5000,61.44,D
sz002409,雅克科技,2025-09-16 09:37:06,61.44,7100,61.42,U
sz002409,雅克科技,2025-09-16 09:37:15,61.4,3300,61.41,D
sz002409,雅克科技,2025-09-16 09:37:27,61.36,7900,61.35,E
sz002409,雅克科技,2025-09-16 09:37:33,61.38,7600,61.39,U
sz002409,雅克科技,2025-09-16 09:37:42,61.41,7100,61.39,U
sz002409,雅克科技,2025-09-16 09:37:54,61.46,4800,61.45,U
sz002409,雅克科技,2025-09-16 09:38:03,61.45,4500,61.47,D
sz002409,雅克科技,2025-09-16 09:38:06,61.52,12100,61.45,U
sz002409,雅克科技,2025-09-16 09:38:27,61.61,3400,61.6,U
sz002409,雅克科技,2025-09-16 09:38:33,61.6,11500,61.61,D
sz002409,雅克科技,2025-09-16 09:38:39,61.59,9100,61.59,U
sz002409,雅克科技,2025-09-16 09:38:45,61.57,19100,61.58,U
sz002409,雅克科技,2025-09-16 09:38:54,61.53,5400,61.53,D
sz002409,雅克科技,2025-09-16 09:38:57,61.53,13300,61.53,D
sz002409,雅克科技,2025-09-16 09:39:06,61.52,4400,61.5,U
sz002409,雅克科技,2025-09-16 09:39:15,61.46,7600,61.5,D
sz002409,雅克科技,2025-09-16 09:39:18,61.4,8300,61.46,D
sz002409,雅克科技,2025-09-16 09:39:21,61.38,7300,61.4,D
sz002409,雅克科技,2025-09-16 09:39:33,61.35,9500,61.4,D
sz002409,雅克科技,2025-09-16 09:39:36,61.4,3300,61.35,U
sz002409,雅克科技,2025-09-16 09:39:39,61.31,5000,61.4,D
sz002409,雅克科技,2025-09-16 09:39:57,61.45,3300,61.45,U
sz002409,雅克科技,2025-09-16 09:40:00,61.48,4800,61.45,U
sz002409,雅克科技,2025-09-16 09:40:12,61.44,3500,61.47,D
sz002409,雅克科技,2025-09-16 09:40:15,61.44,5500,61.44,E
sz002409,雅克科技,2025-09-16 09:40:18,61.4,21300,61.44,D
sz002409,雅克科技,2025-09-16 09:40:24,61.34,6000,61.34,U
sz002409,雅克科技,2025-09-16 09:40:27,61.37,4400,61.34,U
sz002409,雅克科技,2025-09-16 09:40:30,61.38,13500,61.37,U
sz002409,雅克科技,2025-09-16 09:40:42,61.34,7300,61.35,D
sz002409,雅克科技,2025-09-16 09:40:45,61.34,3700,61.34,D
sz002409,雅克科技,2025-09-16 09:40:48,61.35,13100,61.34,U
sz002409,雅克科技,2025-09-16 09:40:51,61.34,7000,61.35,U
sz002409,雅克科技,2025-09-16 09:40:54,61.33,8600,61.34,E
sz002409,雅克科技,2025-09-16 09:40:57,61.3,11200,61.33,D
sz002409,雅克科技,2025-09-16 09:41:09,61.36,3400,61.34,U
sz002409,雅克科技,2025-09-16 09:41:18,61.43,20900,61.38,U
sz002409,雅克科技,2025-09-16 09:41:21,61.4,4500,61.43,D
sz002409,雅克科技,2025-09-16 09:41:27,61.4,6600,61.43,D
sz002409,雅克科技,2025-09-16 09:41:45,61.37,5900,61.37,D
sz002409,雅克科技,2025-09-16 09:41:48,61.35,7400,61.37,D
sz002409,雅克科技,2025-09-16 09:41:57,61.24,14900,61.3,D
sz002409,雅克科技,2025-09-16 09:42:15,61.12,3700,61.13,D
sz002409,雅克科技,2025-09-16 09:42:18,61.12,5193,61.12,D
sz002409,雅克科技,2025-09-16 09:42:21,61.11,14400,61.12,D
sz002409,雅克科技,2025-09-16 09:42:24,61.07,13407,61.11,D
sz002409,雅克科技,2025-09-16 09:42:27,61.06,7200,61.07,D
sz002409,雅克科技,2025-09-16 09:42:33,61.06,13000,61.06,D
sz002409,雅克科技,2025-09-16 09:42:36,61.06,7400,61.06,D
sz002409,雅克科技,2025-09-16 09:42:39,61.1,7900,61.06,U
sz002409,雅克科技,2025-09-16 09:42:42,61.1,3493,61.1,U
sz002409,雅克科技,2025-09-16 09:42:45,61.1,134800,61.1,U
sz002409,雅克科技,2025-09-16 09:42:48,61.08,4900,61.1,E
sz002409,雅克科技,2025-09-16 09:42:51,61.06,4000,61.08,D
sz002409,雅克科技,2025-09-16 09:43:03,61.11,5100,61.11,D
sz002409,雅克科技,2025-09-16 09:43:09,61.11,3700,61.11,D
sz002409,雅克科技,2025-09-16 09:43:21,61.12,6500,61.11,D
sz002409,雅克科技,2025-09-16 09:43:24,61.13,3900,61.12,U
sz002409,雅克科技,2025-09-16 09:43:42,61.15,7600,61.15,U
sz002409,雅克科技,2025-09-16 09:43:45,61.15,11500,61.15,U
sz002409,雅克科技,2025-09-16 09:43:51,61.1,14200,61.14,D
sz002409,雅克科技,2025-09-16 09:44:00,61.06,24500,61.07,D
sz002409,雅克科技,2025-09-16 09:44:06,61.02,3300,61.05,D
sz002409,雅克科技,2025-09-16 09:44:09,61.01,7200,61.02,D
sz002409,雅克科技,2025-09-16 09:44:12,61.01,4900,61.01,D
sz002409,雅克科技,2025-09-16 09:44:15,61.01,8000,61.01,D
sz002409,雅克科技,2025-09-16 09:44:18,61.0,55000,61.01,D
sz002409,雅克科技,2025-09-16 09:44:21,61.02,21100,61.0,U
sz002409,雅克科技,2025-09-16 09:44:27,61.03,9900,61.02,D
sz002409,雅克科技,2025-09-16 09:44:33,61.11,7800,61.05,E
sz002409,雅克科技,2025-09-16 09:44:36,61.06,3900,61.11,D
sz002409,雅克科技,2025-09-16 09:44:39,61.09,4700,61.06,E
sz002409,雅克科技,2025-09-16 09:45:12,61.05,6700,61.05,D
sz002409,雅克科技,2025-09-16 09:45:18,61.08,9400,61.05,U
sz002409,雅克科技,2025-09-16 09:45:21,61.09,7700,61.08,U
sz002409,雅克科技,2025-09-16 09:45:42,61.19,6600,61.17,U
sz002409,雅克科技,2025-09-16 09:45:51,61.2,6400,61.2,D
sz002409,雅克科技,2025-09-16 09:46:00,61.29,3400,61.28,U
sz002409,雅克科技,2025-09-16 09:46:03,61.32,4300,61.29,U
sz002409,雅克科技,2025-09-16 09:46:15,61.37,4000,61.3,U
sz002409,雅克科技,2025-09-16 09:46:18,61.4,3900,61.37,U
sz002409,雅克科技,2025-09-16 09:46:21,61.4,4500,61.4,D
sz002409,雅克科技,2025-09-16 09:46:24,61.49,10000,61.4,U
sz002409,雅克科技,2025-09-16 09:46:33,61.45,7800,61.45,D
sz002409,雅克科技,2025-09-16 09:46:42,61.4,5300,61.44,D
sz002409,雅克科技,2025-09-16 09:46:54,61.38,5300,61.37,D
sz002409,雅克科技,2025-09-16 09:47:00,61.39,9200,61.38,E
sz002409,雅克科技,2025-09-16 09:47:03,61.4,7600,61.39,U
sz002409,雅克科技,2025-09-16 09:47:09,61.43,7000,61.43,U
sz002409,雅克科技,2025-09-16 09:47:18,61.4,8000,61.44,D
sz002409,雅克科技,2025-09-16 09:47:21,61.41,15200,61.4,E
sz002409,雅克科技,2025-09-16 09:48:03,61.41,8900,61.42,D
sz002409,雅克科技,2025-09-16 09:48:21,61.38,4400,61.4,D
sz002409,雅克科技,2025-09-16 09:48:30,61.42,9300,61.41,U
sz002409,雅克科技,2025-09-16 09:48:33,61.45,5800,61.42,U
sz002409,雅克科技,2025-09-16 09:48:36,61.44,11600,61.45,D
sz002409,雅克科技,2025-09-16 09:48:45,61.42,8000,61.44,D
sz002409,雅克科技,2025-09-16 09:48:48,61.4,26300,61.42,D
sz002409,雅克科技,2025-09-16 09:48:57,61.42,4400,61.41,U
sz002409,雅克科技,2025-09-16 09:49:54,61.45,15300,61.41,U
sz002409,雅克科技,2025-09-16 09:50:00,61.47,3300,61.45,U
sz002409,雅克科技,2025-09-16 09:50:09,61.46,7300,61.47,D
sz002409,雅克科技,2025-09-16 09:50:12,61.48,10100,61.46,U
sz002409,雅克科技,2025-09-16 09:50:15,61.4,12000,61.48,D
sz002409,雅克科技,2025-09-16 09:50:18,61.42,4900,61.4,E
sz002409,雅克科技,2025-09-16 09:50:21,61.41,4800,61.42,D
sz002409,雅克科技,2025-09-16 09:50:36,61.46,12100,61.44,U
sz002409,雅克科技,2025-09-16 09:50:48,61.49,11300,61.46,U
sz002409,雅克科技,2025-09-16 09:50:51,61.51,25401,61.49,U
sz002409,雅克科技,2025-09-16 09:51:06,61.55,10100,61.58,D
sz002409,雅克科技,2025-09-16 09:51:09,61.49,11400,61.55,D
sz002409,雅克科技,2025-09-16 09:51:12,61.5,3300,61.49,U
sz002409,雅克科技,2025-09-16 09:51:21,61.48,3600,61.47,D
sz002409,雅克科技,2025-09-16 09:51:51,61.49,9400,61.5,D
sz002409,雅克科技,2025-09-16 09:51:54,61.46,13900,61.49,D
sz002409,雅克科技,2025-09-16 09:51:57,61.44,4900,61.46,D
sz002409,雅克科技,2025-09-16 09:52:00,61.42,6000,61.44,D
sz002409,雅克科技,2025-09-16 09:52:06,61.41,5100,61.42,D
sz002409,雅克科技,2025-09-16 09:52:09,61.43,5200,61.41,U
sz002409,雅克科技,2025-09-16 09:52:12,61.41,7400,61.43,D
sz002409,雅克科技,2025-09-16 09:52:21,61.48,7400,61.42,U
sz002409,雅克科技,2025-09-16 09:52:24,61.49,9000,61.48,U
sz002409,雅克科技,2025-09-16 09:52:27,61.48,6300,61.49,U
sz002409,雅克科技,2025-09-16 09:52:30,61.43,13100,61.48,E
sz002409,雅克科技,2025-09-16 09:52:45,61.49,12800,61.48,U
sz002409,雅克科技,2025-09-16 09:52:51,61.49,5100,61.49,D
sz002409,雅克科技,2025-09-16 09:52:54,61.49,3800,61.49,D
sz002409,雅克科技,2025-09-16 09:52:57,61.49,11100,61.49,D
sz002409,雅克科技,2025-09-16 09:53:03,61.52,4900,61.52,D
sz002409,雅克科技,2025-09-16 09:53:15,61.44,19900,61.52,D
sz002409,雅克科技,2025-09-16 09:53:18,61.42,19400,61.44,D
sz002409,雅克科技,2025-09-16 09:53:24,61.48,3700,61.44,U
sz002409,雅克科技,2025-09-16 09:53:30,61.48,7200,61.49,D
sz002409,雅克科技,2025-09-16 09:53:33,61.49,14400,61.48,D
sz002409,雅克科技,2025-09-16 09:53:36,61.44,5000,61.49,D
sz002409,雅克科技,2025-09-16 09:53:39,61.5,3400,61.44,U
sz002409,雅克科技,2025-09-16 09:53:42,61.51,6600,61.5,U
sz002409,雅克科技,2025-09-16 09:53:45,61.55,4700,61.51,U
sz002409,雅克科技,2025-09-16 09:53:51,61.57,6100,61.51,U
sz002409,雅克科技,2025-09-16 09:53:57,61.58,4900,61.56,U
sz002409,雅克科技,2025-09-16 09:54:00,61.58,5400,61.58,U
sz002409,雅克科技,2025-09-16 09:54:06,61.58,3500,61.6,D
sz002409,雅克科技,2025-09-16 09:54:15,61.55,7700,61.56,D
sz002409,雅克科技,2025-09-16 09:54:18,61.6,9400,61.55,U
sz002409,雅克科技,2025-09-16 09:54:21,61.6,10500,61.6,U
sz002409,雅克科技,2025-09-16 09:54:30,61.66,4600,61.63,U
sz002409,雅克科技,2025-09-16 09:54:33,61.64,7500,61.66,D
sz002409,雅克科技,2025-09-16 09:54:36,61.68,3400,61.64,U
sz002409,雅克科技,2025-09-16 09:54:39,61.66,3500,61.68,E
sz002409,雅克科技,2025-09-16 09:54:42,61.65,5500,61.66,D
sz002409,雅克科技,2025-09-16 09:54:45,61.59,8700,61.65,D
sz002409,雅克科技,2025-09-16 09:54:48,61.64,3700,61.59,U
sz002409,雅克科技,2025-09-16 09:55:00,61.6,9400,61.6,D
sz002409,雅克科技,2025-09-16 09:55:03,61.62,10000,61.6,U
sz002409,雅克科技,2025-09-16 09:55:09,61.55,3500,61.61,D
sz002409,雅克科技,2025-09-16 09:55:21,61.6,3700,61.59,U
sz002409,雅克科技,2025-09-16 09:55:27,61.6,10100,61.56,U
sz002409,雅克科技,2025-09-16 09:55:30,61.61,5700,61.6,U
sz002409,雅克科技,2025-09-16 09:55:33,61.61,5000,61.61,U
sz002409,雅克科技,2025-09-16 09:55:36,61.63,9000,61.61,U
sz002409,雅克科技,2025-09-16 09:55:39,61.65,13300,61.63,U
sz002409,雅克科技,2025-09-16 09:55:42,61.66,12800,61.65,U
sz002409,雅克科技,2025-09-16 09:55:45,61.65,6500,61.66,D
sz002409,雅克科技,2025-09-16 09:55:48,61.6,5300,61.65,D
sz002409,雅克科技,2025-09-16 09:56:00,61.55,8900,61.58,D
sz002409,雅克科技,2025-09-16 09:56:03,61.56,5100,61.55,U
sz002409,雅克科技,2025-09-16 09:56:21,61.51,6600,61.52,D
sz002409,雅克科技,2025-09-16 09:56:24,61.53,3900,61.51,U
sz002409,雅克科技,2025-09-16 09:56:42,61.52,3900,61.57,D
sz002409,雅克科技,2025-09-16 09:57:03,61.5,4529,61.56,D
sz002409,雅克科技,2025-09-16 09:57:06,61.5,7171,61.5,D
sz002409,雅克科技,2025-09-16 09:57:09,61.49,14100,61.5,E
sz002409,雅克科技,2025-09-16 09:57:12,61.44,5200,61.49,D
sz002409,雅克科技,2025-09-16 09:57:15,61.5,3600,61.44,U
sz002409,雅克科技,2025-09-16 09:57:21,61.5,3500,61.49,U
sz002409,雅克科技,2025-09-16 09:57:36,61.43,8300,61.41,E
sz002409,雅克科技,2025-09-16 09:57:39,61.43,8000,61.43,U
sz002409,雅克科技,2025-09-16 09:57:42,61.43,6700,61.43,U
sz002409,雅克科技,2025-09-16 09:57:57,61.43,12100,61.41,E
sz002409,雅克科技,2025-09-16 09:58:18,61.38,6400,61.38,E
sz002409,雅克科技,2025-09-16 09:59:21,61.35,6100,61.32,U
sz002409,雅克科技,2025-09-16 09:59:24,61.35,6100,61.35,U
sz002409,雅克科技,2025-09-16 10:00:45,61.39,4800,61.38,U
sz002409,雅克科技,2025-09-16 10:00:48,61.4,5500,61.39,U
sz002409,雅克科技,2025-09-16 10:01:54,61.45,4400,61.43,U
sz002409,雅克科技,2025-09-16 10:01:57,61.5,13400,61.45,U
sz002409,雅克科技,2025-09-16 10:02:24,61.49,4900,61.49,U
sz002409,雅克科技,2025-09-16 10:02:27,61.48,3600,61.49,D
sz002409,雅克科技,2025-09-16 10:02:33,61.45,6300,61.47,D
sz002409,雅克科技,2025-09-16 10:02:42,61.51,6400,61.49,U
sz002409,雅克科技,2025-09-16 10:02:48,61.51,6200,61.51,U
sz002409,雅克科技,2025-09-16 10:02:51,61.51,6200,61.51,U
sz002409,雅克科技,2025-09-16 10:03:00,61.55,6100,61.54,U
sz002409,雅克科技,2025-09-16 10:03:15,61.45,13400,61.53,D
sz002409,雅克科技,2025-09-16 10:03:18,61.54,3800,61.45,U
sz002409,雅克科技,2025-09-16 10:03:54,61.4,12900,61.42,D
sz002409,雅克科技,2025-09-16 10:04:24,61.44,3300,61.39,U
sz002409,雅克科技,2025-09-16 10:04:39,61.46,7900,61.46,U
sz002409,雅克科技,2025-09-16 10:04:42,61.49,4200,61.46,U
sz002409,雅克科技,2025-09-16 10:04:45,61.49,3900,61.49,U
sz002409,雅克科技,2025-09-16 10:04:48,61.49,5500,61.49,U
sz002409,雅克科技,2025-09-16 10:04:51,61.49,5100,61.49,U
sz002409,雅克科技,2025-09-16 10:04:54,61.49,6400,61.49,E
sz002409,雅克科技,2025-09-16 10:04:57,61.5,8800,61.49,U
sz002409,雅克科技,2025-09-16 10:06:33,61.42,5800,61.46,D
sz002409,雅克科技,2025-09-16 10:06:36,61.42,4300,61.42,U
sz002409,雅克科技,2025-09-16 10:07:09,61.44,3400,61.43,U
sz002409,雅克科技,2025-09-16 10:07:18,61.38,5900,61.4,D
sz002409,雅克科技,2025-09-16 10:07:21,61.38,3300,61.38,D
sz002409,雅克科技,2025-09-16 10:07:24,61.39,6400,61.38,U
sz002409,雅克科技,2025-09-16 10:07:42,61.4,8400,61.4,U
sz002409,雅克科技,2025-09-16 10:07:48,61.4,3300,61.4,U
sz002409,雅克科技,2025-09-16 10:08:18,61.4,35000,61.35,U
sz002409,雅克科技,2025-09-16 10:08:21,61.46,4300,61.4,U
sz002409,雅克科技,2025-09-16 10:08:27,61.49,7700,61.48,U
sz002409,雅克科技,2025-09-16 10:08:30,61.49,6000,61.49,U
sz002409,雅克科技,2025-09-16 10:08:33,61.5,5200,61.49,U
sz002409,雅克科技,2025-09-16 10:08:36,61.5,3500,61.5,U
sz002409,雅克科技,2025-09-16 10:08:39,61.51,4200,61.5,U
sz002409,雅克科技,2025-09-16 10:08:48,61.52,3300,61.52,D
sz002409,雅克科技,2025-09-16 10:08:54,61.48,3400,61.53,D
sz002409,雅克科技,2025-09-16 10:09:03,61.48,3300,61.48,U
sz002409,雅克科技,2025-09-16 10:09:06,61.55,14500,61.48,U
sz002409,雅克科技,2025-09-16 10:09:09,61.57,3800,61.55,U
sz002409,雅克科技,2025-09-16 10:09:12,61.58,5100,61.57,U
sz002409,雅克科技,2025-09-16 10:09:15,61.59,4600,61.58,U
sz002409,雅克科技,2025-09-16 10:09:21,61.62,6100,61.58,U
sz002409,雅克科技,2025-09-16 10:09:24,61.63,4500,61.62,U
sz002409,雅克科技,2025-09-16 10:09:27,61.63,3400,61.63,U
sz002409,雅克科技,2025-09-16 10:09:30,61.63,15100,61.63,U
sz002409,雅克科技,2025-09-16 10:09:33,61.64,5000,61.63,U
sz002409,雅克科技,2025-09-16 10:09:36,61.64,3400,61.64,U
sz002409,雅克科技,2025-09-16 10:09:39,61.64,3900,61.64,E
sz002409,雅克科技,2025-09-16 10:09:42,61.64,3500,61.64,U
sz002409,雅克科技,2025-09-16 10:09:48,61.62,5300,61.62,D
sz002409,雅克科技,2025-09-16 10:09:57,61.62,5200,61.62,U
sz002409,雅克科技,2025-09-16 10:12:03,61.55,7300,61.61,D
sz002409,雅克科技,2025-09-16 10:12:45,61.44,5000,61.5,D
sz002409,雅克科技,2025-09-16 10:13:36,61.37,4100,61.38,D
sz002409,雅克科技,2025-09-16 10:13:57,61.43,20800,61.38,U
sz002409,雅克科技,2025-09-16 10:14:03,61.43,3900,61.44,E
sz002409,雅克科技,2025-09-16 10:14:45,61.31,4800,61.33,D
sz002409,雅克科技,2025-09-16 10:15:06,61.33,4100,61.34,U
sz002409,雅克科技,2025-09-16 10:16:12,61.28,8100,61.32,D
sz002409,雅克科技,2025-09-16 10:16:27,61.21,4400,61.24,D
sz002409,雅克科技,2025-09-16 10:16:30,61.2,18800,61.21,D
sz002409,雅克科技,2025-09-16 10:16:51,61.14,3600,61.15,D
sz002409,雅克科技,2025-09-16 10:17:00,61.14,4000,61.15,D
sz002409,雅克科技,2025-09-16 10:17:03,61.13,7300,61.14,D
sz002409,雅克科技,2025-09-16 10:17:36,61.22,10600,61.19,U
sz002409,雅克科技,2025-09-16 10:18:51,61.21,3400,61.21,U
sz002409,雅克科技,2025-09-16 10:19:12,61.21,3600,61.19,U
sz002409,雅克科技,2025-09-16 10:19:33,61.23,4300,61.23,U
sz002409,雅克科技,2025-09-16 10:20:03,61.19,31700,61.24,D
sz002409,雅克科技,2025-09-16 10:20:06,61.2,4900,61.19,U
sz002409,雅克科技,2025-09-16 10:20:21,61.15,15200,61.16,D
sz002409,雅克科技,2025-09-16 10:20:30,61.13,7300,61.13,D
sz002409,雅克科技,2025-09-16 10:20:33,61.1,3600,61.13,D
sz002409,雅克科技,2025-09-16 10:21:03,61.03,13100,61.08,D
sz002409,雅克科技,2025-09-16 10:21:12,61.01,10200,61.05,D
sz002409,雅克科技,2025-09-16 10:21:21,61.06,6200,61.02,U
sz002409,雅克科技,2025-09-16 10:21:30,61.03,3600,61.05,D
sz002409,雅克科技,2025-09-16 10:22:03,61.08,5500,61.05,U
sz002409,雅克科技,2025-09-16 10:22:09,61.07,4000,61.07,U
sz002409,雅克科技,2025-09-16 10:22:27,61.04,4900,61.05,D
sz002409,雅克科技,2025-09-16 10:22:33,61.04,5500,61.05,D
sz002409,雅克科技,2025-09-16 10:22:36,61.03,10600,61.04,D
sz002409,雅克科技,2025-09-16 10:22:39,61.03,4400,61.03,U
sz002409,雅克科技,2025-09-16 10:22:42,61.02,3500,61.03,D
sz002409,雅克科技,2025-09-16 10:22:51,61.03,4300,61.03,U
sz002409,雅克科技,2025-09-16 10:22:57,61.02,4700,61.03,D
sz002409,雅克科技,2025-09-16 10:23:06,61.01,7300,61.02,D
sz002409,雅克科技,2025-09-16 10:23:09,61.01,5700,61.01,D
sz002409,雅克科技,2025-09-16 10:23:21,61.02,5000,61.01,U
sz002409,雅克科技,2025-09-16 10:23:27,61.02,9100,61.02,U
sz002409,雅克科技,2025-09-16 10:23:33,61.05,16100,61.01,U
sz002409,雅克科技,2025-09-16 10:23:39,61.08,5300,61.07,U
sz002409,雅克科技,2025-09-16 10:24:03,61.13,12600,61.09,U
sz002409,雅克科技,2025-09-16 10:24:15,61.25,3800,61.2,U
sz002409,雅克科技,2025-09-16 10:24:18,61.19,3400,61.25,D
sz002409,雅克科技,2025-09-16 10:24:24,61.27,3900,61.24,U
sz002409,雅克科技,2025-09-16 10:24:30,61.27,3300,61.26,U
sz002409,雅克科技,2025-09-16 10:25:03,61.25,6000,61.27,D
sz002409,雅克科技,2025-09-16 10:25:09,61.27,4200,61.25,U
sz002409,雅克科技,2025-09-16 10:25:15,61.32,20300,61.28,U
sz002409,雅克科技,2025-09-16 10:25:18,61.36,8900,61.32,U
sz002409,雅克科技,2025-09-16 10:25:27,61.41,4700,61.4,D
sz002409,雅克科技,2025-09-16 10:25:30,61.38,4900,61.41,D
sz002409,雅克科技,2025-09-16 10:25:39,61.3,5100,61.3,U
sz002409,雅克科技,2025-09-16 10:25:42,61.3,4000,61.3,U
sz002409,雅克科技,2025-09-16 10:26:12,61.26,7500,61.24,E
sz002409,雅克科技,2025-09-16 10:26:48,61.27,3900,61.32,D
sz002409,雅克科技,2025-09-16 10:27:45,61.23,23800,61.16,U
sz002409,雅克科技,2025-09-16 10:27:48,61.22,9700,61.23,D
sz002409,雅克科技,2025-09-16 10:27:54,61.23,20000,61.23,U
sz002409,雅克科技,2025-09-16 10:28:00,61.22,5000,61.22,U
sz002409,雅克科技,2025-09-16 10:28:06,61.23,4600,61.23,U
sz002409,雅克科技,2025-09-16 10:28:24,61.23,6300,61.22,U
sz002409,雅克科技,2025-09-16 10:29:03,61.35,8200,61.34,U
sz002409,雅克科技,2025-09-16 10:29:27,61.35,10000,61.35,U
sz002409,雅克科技,2025-09-16 10:30:06,61.4,3400,61.39,U
sz002409,雅克科技,2025-09-16 10:30:18,61.41,3400,61.37,U
sz002409,雅克科技,2025-09-16 10:30:21,61.42,3800,61.41,U
sz002409,雅克科技,2025-09-16 10:30:33,61.45,6500,61.45,U
sz002409,雅克科技,2025-09-16 10:30:57,61.51,15600,61.46,U
sz002409,雅克科技,2025-09-16 10:31:06,61.54,6200,61.57,D
sz002409,雅克科技,2025-09-16 10:31:09,61.55,5500,61.54,U
sz002409,雅克科技,2025-09-16 10:31:27,61.49,9200,61.49,U
sz002409,雅克科技,2025-09-16 10:31:33,61.49,4000,61.51,E
sz002409,雅克科技,2025-09-16 10:31:36,61.49,25700,61.49,U
sz002409,雅克科技,2025-09-16 10:31:39,61.53,14700,61.49,U
sz002409,雅克科技,2025-09-16 10:31:42,61.58,4100,61.53,U
sz002409,雅克科技,2025-09-16 10:31:45,61.58,9900,61.58,U
sz002409,雅克科技,2025-09-16 10:31:48,61.57,5700,61.58,U
sz002409,雅克科技,2025-09-16 10:31:54,61.54,4000,61.56,E
sz002409,雅克科技,2025-09-16 10:32:00,61.47,3400,61.54,D
sz002409,雅克科技,2025-09-16 10:32:03,61.52,3400,61.47,U
sz002409,雅克科技,2025-09-16 10:32:09,61.48,7600,61.48,U
sz002409,雅克科技,2025-09-16 10:32:12,61.46,21200,61.48,E
sz002409,雅克科技,2025-09-16 10:32:15,61.36,4300,61.46,D
sz002409,雅克科技,2025-09-16 10:32:18,61.45,4400,61.36,U
sz002409,雅克科技,2025-09-16 10:33:00,61.38,5400,61.37,U
sz002409,雅克科技,2025-09-16 10:33:12,61.4,5400,61.4,E
sz002409,雅克科技,2025-09-16 10:33:33,61.32,8700,61.32,D
sz002409,雅克科技,2025-09-16 10:33:51,61.41,7800,61.38,U
sz002409,雅克科技,2025-09-16 10:33:54,61.41,6500,61.41,D
sz002409,雅克科技,2025-09-16 10:33:57,61.42,3500,61.41,E
sz002409,雅克科技,2025-09-16 10:34:15,61.29,11600,61.28,U
sz002409,雅克科技,2025-09-16 10:34:18,61.29,3600,61.29,D
sz002409,雅克科技,2025-09-16 10:34:27,61.27,19300,61.31,E
sz002409,雅克科技,2025-09-16 10:34:51,61.31,4800,61.28,U
sz002409,雅克科技,2025-09-16 10:36:24,61.08,4700,61.08,D
sz002409,雅克科技,2025-09-16 10:36:30,61.03,15400,61.08,D
sz002409,雅克科技,2025-09-16 10:37:06,61.11,14100,61.07,U
sz002409,雅克科技,2025-09-16 10:37:21,61.0,52600,61.13,D
sz002409,雅克科技,2025-09-16 10:37:27,61.08,5300,61.11,D
sz002409,雅克科技,2025-09-16 10:37:33,61.06,3600,61.11,D
sz002409,雅克科技,2025-09-16 10:37:36,61.08,3800,61.06,U
sz002409,雅克科技,2025-09-16 10:37:54,61.02,3300,61.03,D
sz002409,雅克科技,2025-09-16 10:38:12,61.01,8300,61.02,D
sz002409,雅克科技,2025-09-16 10:38:18,60.96,63700,61.0,D
sz002409,雅克科技,2025-09-16 10:38:24,60.92,10200,60.97,D
sz002409,雅克科技,2025-09-16 10:38:36,60.9,6200,60.91,D
sz002409,雅克科技,2025-09-16 10:38:42,60.9,4500,60.9,D
sz002409,雅克科技,2025-09-16 10:38:45,60.93,9000,60.9,U
sz002409,雅克科技,2025-09-16 10:38:48,60.93,3800,60.93,U
sz002409,雅克科技,2025-09-16 10:38:51,60.93,12100,60.93,U
sz002409,雅克科技,2025-09-16 10:38:54,60.92,4400,60.93,U
sz002409,雅克科技,2025-09-16 10:39:00,60.89,4209,60.93,D
sz002409,雅克科技,2025-09-16 10:39:03,60.89,10700,60.89,D
sz002409,雅克科技,2025-09-16 10:39:06,60.93,4000,60.89,E
sz002409,雅克科技,2025-09-16 10:39:09,60.85,31300,60.93,D
sz002409,雅克科技,2025-09-16 10:39:12,60.87,25900,60.85,D
sz002409,雅克科技,2025-09-16 10:39:15,60.9,25400,60.87,E
sz002409,雅克科技,2025-09-16 10:39:18,60.87,25100,60.9,D
sz002409,雅克科技,2025-09-16 10:39:21,60.87,35300,60.87,D
sz002409,雅克科技,2025-09-16 10:39:24,60.79,5900,60.87,D
sz002409,雅克科技,2025-09-16 10:39:27,60.87,23300,60.79,D
sz002409,雅克科技,2025-09-16 10:39:30,60.87,15900,60.87,E
sz002409,雅克科技,2025-09-16 10:39:33,60.87,6900,60.87,D
sz002409,雅克科技,2025-09-16 10:39:42,60.7,19700,60.87,D
sz002409,雅克科技,2025-09-16 10:39:45,60.82,13900,60.7,E
sz002409,雅克科技,2025-09-16 10:39:48,60.72,18900,60.82,D
sz002409,雅克科技,2025-09-16 10:39:51,60.8,7000,60.72,U
sz002409,雅克科技,2025-09-16 10:39:54,60.82,3500,60.8,U
sz002409,雅克科技,2025-09-16 10:39:57,60.8,4700,60.82,D
sz002409,雅克科技,2025-09-16 10:40:00,60.84,23600,60.8,U
sz002409,雅克科技,2025-09-16 10:40:09,60.85,21800,60.84,U
sz002409,雅克科技,2025-09-16 10:40:15,60.91,3900,60.84,U
sz002409,雅克科技,2025-09-16 10:40:18,60.91,3900,60.91,E
sz002409,雅克科技,2025-09-16 10:40:21,60.91,4500,60.91,U
sz002409,雅克科技,2025-09-16 10:40:27,60.92,3800,60.92,D
sz002409,雅克科技,2025-09-16 10:40:30,60.92,6600,60.92,U
sz002409,雅克科技,2025-09-16 10:41:39,60.96,3500,60.98,D
sz002409,雅克科技,2025-09-16 10:41:42,60.98,7600,60.96,U
sz002409,雅克科技,2025-09-16 10:41:51,60.93,6000,60.95,D
sz002409,雅克科技,2025-09-16 10:42:00,60.9,8000,60.92,D
sz002409,雅克科技,2025-09-16 10:42:15,60.93,12100,60.94,E
sz002409,雅克科技,2025-09-16 10:42:54,60.97,5200,60.97,U
sz002409,雅克科技,2025-09-16 10:43:15,60.93,8100,60.95,D
sz002409,雅克科技,2025-09-16 10:43:18,60.91,3400,60.93,D
sz002409,雅克科技,2025-09-16 10:43:27,60.9,12800,60.91,D
sz002409,雅克科技,2025-09-16 10:43:30,60.88,6300,60.9,D
sz002409,雅克科技,2025-09-16 10:43:36,60.86,3400,60.86,D
sz002409,雅克科技,2025-09-16 10:43:39,60.87,5500,60.86,U
sz002409,雅克科技,2025-09-16 10:43:54,60.83,3900,60.85,D
sz002409,雅克科技,2025-09-16 10:44:00,60.84,25100,60.83,U
sz002409,雅克科技,2025-09-16 10:44:15,60.88,3700,60.85,U
sz002409,雅克科技,2025-09-16 10:44:42,60.83,6300,60.84,D
sz002409,雅克科技,2025-09-16 10:44:45,60.83,9100,60.83,D
sz002409,雅克科技,2025-09-16 10:45:00,60.85,5000,60.82,U
sz002409,雅克科技,2025-09-16 10:45:06,60.91,7700,60.86,U
sz002409,雅克科技,2025-09-16 10:45:18,60.92,3800,60.91,E
sz002409,雅克科技,2025-09-16 10:46:15,60.82,6300,60.83,D
sz002409,雅克科技,2025-09-16 10:46:36,60.9,3300,60.9,U
sz002409,雅克科技,2025-09-16 10:46:48,60.88,7100,60.91,D
sz002409,雅克科技,2025-09-16 10:47:48,60.92,6500,60.96,D
sz002409,雅克科技,2025-09-16 10:47:51,60.92,3500,60.92,D
sz002409,雅克科技,2025-09-16 10:48:27,60.94,12600,60.94,D
sz002409,雅克科技,2025-09-16 10:48:45,61.01,25000,60.9,U
sz002409,雅克科技,2025-09-16 10:49:00,60.98,5300,60.93,U
sz002409,雅克科技,2025-09-16 10:49:06,60.93,5000,60.98,D
sz002409,雅克科技,2025-09-16 10:49:18,60.97,4700,60.97,U
sz002409,雅克科技,2025-09-16 10:49:30,61.01,22900,60.92,U
sz002409,雅克科技,2025-09-16 10:50:00,61.03,10000,61.05,D
sz002409,雅克科技,2025-09-16 10:50:03,60.8,51700,61.03,D
sz002409,雅克科技,2025-09-16 10:50:54,60.93,3900,60.9,U
sz002409,雅克科技,2025-09-16 10:50:57,60.97,3900,60.93,U
sz002409,雅克科技,2025-09-16 10:52:54,60.9,13100,60.9,D
sz002409,雅克科技,2025-09-16 10:53:15,60.89,26800,60.91,D
sz002409,雅克科技,2025-09-16 10:53:45,60.86,3300,60.87,D
sz002409,雅克科技,2025-09-16 10:53:48,60.85,3500,60.86,D
sz002409,雅克科技,2025-09-16 10:54:12,60.83,11700,60.84,D
sz002409,雅克科技,2025-09-16 10:54:15,60.83,3600,60.83,U
sz002409,雅克科技,2025-09-16 10:54:21,60.85,4900,60.83,U
sz002409,雅克科技,2025-09-16 10:54:51,60.85,4400,60.86,D
sz002409,雅克科技,2025-09-16 10:55:18,60.85,11100,60.86,D
sz002409,雅克科技,2025-09-16 10:55:21,60.84,3300,60.85,D
sz002409,雅克科技,2025-09-16 10:55:33,60.82,8100,60.82,E
sz002409,雅克科技,2025-09-16 10:55:39,60.83,4900,60.82,U
sz002409,雅克科技,2025-09-16 10:55:57,60.76,3500,60.75,U
sz002409,雅克科技,2025-09-16 10:56:18,60.72,14300,60.73,D
sz002409,雅克科技,2025-09-16 10:56:21,60.7,15800,60.72,D
sz002409,雅克科技,2025-09-16 10:56:24,60.69,6200,60.7,D
sz002409,雅克科技,2025-09-16 10:56:36,60.61,7300,60.66,D
sz002409,雅克科技,2025-09-16 10:57:03,60.65,11600,60.65,D
sz002409,雅克科技,2025-09-16 10:57:36,60.67,16300,60.63,U
sz002409,雅克科技,2025-09-16 10:57:45,60.63,9700,60.66,D
sz002409,雅克科技,2025-09-16 10:57:57,60.66,8000,60.63,U
sz002409,雅克科技,2025-09-16 10:58:03,60.73,11300,60.66,U
sz002409,雅克科技,2025-09-16 10:58:06,60.66,6700,60.73,D
sz002409,雅克科技,2025-09-16 10:59:21,60.75,29500,60.72,U
sz002409,雅克科技,2025-09-16 10:59:57,60.75,6100,60.75,D
sz002409,雅克科技,2025-09-16 11:00:00,60.74,3800,60.75,D
sz002409,雅克科技,2025-09-16 11:00:18,60.78,4000,60.73,U
sz002409,雅克科技,2025-09-16 11:01:06,60.79,3800,60.77,U
sz002409,雅克科技,2025-09-16 11:01:54,60.7,3800,60.77,D
sz002409,雅克科技,2025-09-16 11:02:03,60.79,16600,60.71,U
sz002409,雅克科技,2025-09-16 11:03:09,60.88,4000,60.88,U
sz002409,雅克科技,2025-09-16 11:03:57,60.84,11200,60.89,D
sz002409,雅克科技,2025-09-16 11:04:36,60.82,3600,60.85,D
sz002409,雅克科技,2025-09-16 11:05:15,60.8,3500,60.83,D
sz002409,雅克科技,2025-09-16 11:05:30,60.81,3500,60.78,U
sz002409,雅克科技,2025-09-16 11:05:48,60.82,6800,60.84,D
sz002409,雅克科技,2025-09-16 11:06:03,60.87,4000,60.85,U
sz002409,雅克科技,2025-09-16 11:06:42,60.9,4700,60.87,U
sz002409,雅克科技,2025-09-16 11:06:57,60.87,3400,60.89,D
sz002409,雅克科技,2025-09-16 11:07:15,60.81,3700,60.82,D
sz002409,雅克科技,2025-09-16 11:07:24,60.81,4400,60.81,U
sz002409,雅克科技,2025-09-16 11:08:03,60.9,20700,60.83,U
sz002409,雅克科技,2025-09-16 11:08:09,60.86,3700,60.96,D
sz002409,雅克科技,2025-09-16 11:09:03,60.92,3400,60.91,U
sz002409,雅克科技,2025-09-16 11:09:48,60.93,4100,60.94,D
sz002409,雅克科技,2025-09-16 11:10:42,60.92,4100,60.9,U
sz002409,雅克科技,2025-09-16 11:11:12,60.98,8500,60.94,U
sz002409,雅克科技,2025-09-16 11:11:15,61.0,3400,60.98,U
sz002409,雅克科技,2025-09-16 11:11:27,60.99,11300,60.99,D
sz002409,雅克科技,2025-09-16 11:12:21,60.96,5300,60.99,D
sz002409,雅克科技,2025-09-16 11:12:24,61.03,10400,60.96,U
sz002409,雅克科技,2025-09-16 11:12:27,60.93,6300,61.03,D
sz002409,雅克科技,2025-09-16 11:12:57,61.09,3500,61.03,U
sz002409,雅克科技,2025-09-16 11:14:03,61.01,3600,61.01,D
sz002409,雅克科技,2025-09-16 11:15:39,61.01,11400,61.01,D
sz002409,雅克科技,2025-09-16 11:17:18,60.96,3800,60.97,D
sz002409,雅克科技,2025-09-16 11:17:57,61.0,6600,60.98,U
sz002409,雅克科技,2025-09-16 11:19:57,61.03,3600,61.02,E
sz002409,雅克科技,2025-09-16 11:20:36,61.08,8300,61.06,U
sz002409,雅克科技,2025-09-16 11:24:03,61.21,3600,61.21,D
sz002409,雅克科技,2025-09-16 11:25:18,61.24,4700,61.23,U
sz002409,雅克科技,2025-09-16 11:25:24,61.28,3300,61.27,U
sz002409,雅克科技,2025-09-16 11:25:36,61.31,4500,61.3,U
sz002409,雅克科技,2025-09-16 11:26:15,61.26,4600,61.26,D
sz002409,雅克科技,2025-09-16 11:26:42,61.38,3700,61.37,U
sz002409,雅克科技,2025-09-16 11:26:45,61.42,8500,61.38,U
sz002409,雅克科技,2025-09-16 11:26:57,61.45,3400,61.46,D
sz002409,雅克科技,2025-09-16 11:27:03,61.45,3800,61.46,U
sz002409,雅克科技,2025-09-16 11:27:06,61.44,4300,61.45,E
sz002409,雅克科技,2025-09-16 11:27:09,61.44,7100,61.44,U
sz002409,雅克科技,2025-09-16 11:27:12,61.45,3500,61.44,U
sz002409,雅克科技,2025-09-16 11:27:15,61.45,8000,61.45,D
sz002409,雅克科技,2025-09-16 11:27:18,61.44,8400,61.45,D
sz002409,雅克科技,2025-09-16 11:27:21,61.44,3700,61.44,U
sz002409,雅克科技,2025-09-16 11:27:24,61.46,16900,61.44,U
sz002409,雅克科技,2025-09-16 11:27:27,61.49,3700,61.46,U
sz002409,雅克科技,2025-09-16 11:27:30,61.5,6500,61.49,U
sz002409,雅克科技,2025-09-16 11:27:33,61.48,7800,61.5,D
sz002409,雅克科技,2025-09-16 11:27:36,61.49,3600,61.48,U
sz002409,雅克科技,2025-09-16 11:27:39,61.49,5000,61.49,U
sz002409,雅克科技,2025-09-16 11:27:51,61.49,4100,61.47,E
sz002409,雅克科技,2025-09-16 11:28:39,61.31,5500,61.31,D
sz002409,雅克科技,2025-09-16 11:28:45,61.42,5100,61.36,U
sz002409,雅克科技,2025-09-16 11:29:15,61.43,4100,61.43,U
sz002409,雅克科技,2025-09-16 13:00:00,61.38,4100,61.4,D
sz002409,雅克科技,2025-09-16 13:00:03,61.38,6700,61.38,D
sz002409,雅克科技,2025-09-16 13:00:06,61.36,11600,61.38,D
sz002409,雅克科技,2025-09-16 13:00:09,61.33,7300,61.36,D
sz002409,雅克科技,2025-09-16 13:00:12,61.34,7500,61.33,U
sz002409,雅克科技,2025-09-16 13:00:15,61.4,28700,61.34,U
sz002409,雅克科技,2025-09-16 13:00:18,61.45,18300,61.4,U
sz002409,雅克科技,2025-09-16 13:00:21,61.53,30000,61.45,U
sz002409,雅克科技,2025-09-16 13:00:24,61.56,26300,61.53,U
sz002409,雅克科技,2025-09-16 13:00:27,61.56,15400,61.56,U
sz002409,雅克科技,2025-09-16 13:00:30,61.6,17300,61.56,U
sz002409,雅克科技,2025-09-16 13:00:33,61.66,55600,61.6,U
sz002409,雅克科技,2025-09-16 13:00:36,61.69,18300,61.66,U
sz002409,雅克科技,2025-09-16 13:00:39,61.69,22400,61.69,U
sz002409,雅克科技,2025-09-16 13:00:42,61.72,10200,61.69,U
sz002409,雅克科技,2025-09-16 13:00:45,61.75,5200,61.72,U
sz002409,雅克科技,2025-09-16 13:00:48,61.77,23600,61.75,U
sz002409,雅克科技,2025-09-16 13:00:51,61.78,9400,61.77,U
sz002409,雅克科技,2025-09-16 13:00:54,61.88,75300,61.78,U
sz002409,雅克科技,2025-09-16 13:00:57,61.95,5600,61.88,U
sz002409,雅克科技,2025-09-16 13:01:00,61.98,7600,61.95,U
sz002409,雅克科技,2025-09-16 13:01:03,61.99,14900,61.98,U
sz002409,雅克科技,2025-09-16 13:01:06,61.87,56500,61.99,D
sz002409,雅克科技,2025-09-16 13:01:09,61.8,15300,61.87,D
sz002409,雅克科技,2025-09-16 13:01:12,61.87,14100,61.8,E
sz002409,雅克科技,2025-09-16 13:01:18,61.7,5100,61.86,D
sz002409,雅克科技,2025-09-16 13:01:51,61.62,11400,61.63,U
sz002409,雅克科技,2025-09-16 13:02:00,61.55,10300,61.61,D
sz002409,雅克科技,2025-09-16 13:02:18,61.6,20200,61.55,U
sz002409,雅克科技,2025-09-16 13:02:30,61.58,33300,61.56,U
sz002409,雅克科技,2025-09-16 13:02:39,61.58,5900,61.58,E
sz002409,雅克科技,2025-09-16 13:02:48,61.66,4800,61.61,U
sz002409,雅克科技,2025-09-16 13:02:51,61.65,4900,61.66,E
sz002409,雅克科技,2025-09-16 13:02:54,61.55,13600,61.65,D
sz002409,雅克科技,2025-09-16 13:03:06,61.62,4000,61.62,D
sz002409,雅克科技,2025-09-16 13:03:09,61.56,4300,61.62,D
sz002409,雅克科技,2025-09-16 13:03:24,61.62,4900,61.61,U
sz002409,雅克科技,2025-09-16 13:04:03,61.57,8900,61.63,U
sz002409,雅克科技,2025-09-16 13:04:06,61.5,4300,61.57,D
sz002409,雅克科技,2025-09-16 13:05:57,61.52,15000,61.52,U
sz002409,雅克科技,2025-09-16 13:06:06,61.49,6900,61.49,D
sz002409,雅克科技,2025-09-16 13:06:09,61.49,11300,61.49,E
sz002409,雅克科技,2025-09-16 13:08:27,61.42,4400,61.41,U
sz002409,雅克科技,2025-09-16 13:10:03,61.41,6600,61.45,D
sz002409,雅克科技,2025-09-16 13:10:48,61.39,3700,61.39,U
sz002409,雅克科技,2025-09-16 13:10:57,61.4,20500,61.39,U
sz002409,雅克科技,2025-09-16 13:11:18,61.45,4800,61.45,U
sz002409,雅克科技,2025-09-16 13:11:27,61.47,3700,61.46,U
sz002409,雅克科技,2025-09-16 13:12:30,61.45,6600,61.5,D
sz002409,雅克科技,2025-09-16 13:12:33,61.5,10600,61.45,U
sz002409,雅克科技,2025-09-16 13:14:03,61.45,3400,61.44,U
sz002409,雅克科技,2025-09-16 13:15:12,61.47,5400,61.48,D
sz002409,雅克科技,2025-09-16 13:15:24,61.46,5600,61.46,U
sz002409,雅克科技,2025-09-16 13:15:30,61.43,3300,61.44,D
sz002409,雅克科技,2025-09-16 13:15:42,61.44,6600,61.45,D
sz002409,雅克科技,2025-09-16 13:15:45,61.43,4200,61.44,D
sz002409,雅克科技,2025-09-16 13:15:48,61.49,12900,61.43,U
sz002409,雅克科技,2025-09-16 13:15:51,61.54,19300,61.49,U
sz002409,雅克科技,2025-09-16 13:15:57,61.56,4300,61.56,U
sz002409,雅克科技,2025-09-16 13:16:00,61.57,6700,61.56,U
sz002409,雅克科技,2025-09-16 13:16:12,61.57,3500,61.58,D
sz002409,雅克科技,2025-09-16 13:17:03,61.69,5300,61.66,U
sz002409,雅克科技,2025-09-16 13:17:09,61.69,12100,61.69,U
sz002409,雅克科技,2025-09-16 13:17:12,61.66,8100,61.69,D
sz002409,雅克科技,2025-09-16 13:17:15,61.63,7100,61.66,D
sz002409,雅克科技,2025-09-16 13:17:18,61.64,4600,61.63,U
sz002409,雅克科技,2025-09-16 13:17:24,61.64,3400,61.64,U
sz002409,雅克科技,2025-09-16 13:17:39,61.65,3400,61.6,U
sz002409,雅克科技,2025-09-16 13:18:03,61.58,3500,61.6,D
sz002409,雅克科技,2025-09-16 13:18:24,61.55,7400,61.6,D
sz002409,雅克科技,2025-09-16 13:19:15,61.55,6000,61.57,D
sz002409,雅克科技,2025-09-16 13:19:18,61.56,4900,61.55,U
sz002409,雅克科技,2025-09-16 13:19:57,61.56,9100,61.59,D
sz002409,雅克科技,2025-09-16 13:20:39,61.49,5800,61.49,U
sz002409,雅克科技,2025-09-16 13:21:09,61.47,4500,61.53,D
sz002409,雅克科技,2025-09-16 13:21:30,61.41,4400,61.41,D
sz002409,雅克科技,2025-09-16 13:21:54,61.41,4900,61.43,D
sz002409,雅克科技,2025-09-16 13:21:57,61.4,4100,61.41,D
sz002409,雅克科技,2025-09-16 13:22:12,61.42,3800,61.4,U
sz002409,雅克科技,2025-09-16 13:22:15,61.42,5100,61.42,D
sz002409,雅克科技,2025-09-16 13:23:12,61.38,3800,61.39,D
sz002409,雅克科技,2025-09-16 13:23:21,61.36,11800,61.39,D
sz002409,雅克科技,2025-09-16 13:23:27,61.41,3800,61.41,U
sz002409,雅克科技,2025-09-16 13:23:57,61.42,13100,61.42,D
sz002409,雅克科技,2025-09-16 13:24:27,61.5,5100,61.48,U
sz002409,雅克科技,2025-09-16 13:24:54,61.44,6000,61.46,D
sz002409,雅克科技,2025-09-16 13:25:03,61.52,6700,61.51,U
sz002409,雅克科技,2025-09-16 13:25:15,61.5,4200,61.5,U
sz002409,雅克科技,2025-09-16 13:25:39,61.47,20100,61.46,E
sz002409,雅克科技,2025-09-16 13:25:51,61.5,5700,61.49,U
sz002409,雅克科技,2025-09-16 13:26:27,61.48,3500,61.44,U
sz002409,雅克科技,2025-09-16 13:27:03,61.5,7200,61.49,U
sz002409,雅克科技,2025-09-16 13:27:12,61.5,3400,61.5,U
sz002409,雅克科技,2025-09-16 13:27:21,61.5,4400,61.49,U
sz002409,雅克科技,2025-09-16 13:27:48,61.51,3300,61.51,U
sz002409,雅克科技,2025-09-16 13:28:06,61.43,6100,61.46,D
sz002409,雅克科技,2025-09-16 13:28:09,61.42,4400,61.43,D
sz002409,雅克科技,2025-09-16 13:28:12,61.41,3400,61.42,D
sz002409,雅克科技,2025-09-16 13:28:42,61.43,5300,61.43,E
sz002409,雅克科技,2025-09-16 13:29:00,61.45,3600,61.43,U
sz002409,雅克科技,2025-09-16 13:29:21,61.41,5000,61.46,D
sz002409,雅克科技,2025-09-16 13:29:57,61.4,7200,61.41,D
sz002409,雅克科技,2025-09-16 13:31:09,61.41,20000,61.44,D
sz002409,雅克科技,2025-09-16 13:31:12,61.43,5100,61.41,U
sz002409,雅克科技,2025-09-16 13:31:54,61.41,3500,61.43,D
sz002409,雅克科技,2025-09-16 13:32:06,61.41,3300,61.41,U
sz002409,雅克科技,2025-09-16 13:32:09,61.38,3700,61.41,D
sz002409,雅克科技,2025-09-16 13:32:45,61.41,5500,61.41,U
sz002409,雅克科技,2025-09-16 13:33:45,61.37,4300,61.37,U
sz002409,雅克科技,2025-09-16 13:33:48,61.39,3300,61.37,U
sz002409,雅克科技,2025-09-16 13:34:24,61.46,11500,61.43,U
sz002409,雅克科技,2025-09-16 13:34:33,61.5,5500,61.5,U
sz002409,雅克科技,2025-09-16 13:34:51,61.47,14200,61.48,D
sz002409,雅克科技,2025-09-16 13:35:00,61.48,4500,61.47,U
sz002409,雅克科技,2025-09-16 13:35:03,61.48,3500,61.48,U
sz002409,雅克科技,2025-09-16 13:35:42,61.48,11100,61.49,D
sz002409,雅克科技,2025-09-16 13:37:00,61.52,3300,61.51,U
sz002409,雅克科技,2025-09-16 13:37:03,61.54,9000,61.52,U
sz002409,雅克科技,2025-09-16 13:37:06,61.56,4800,61.54,U
sz002409,雅克科技,2025-09-16 13:37:51,61.58,5200,61.6,D
sz002409,雅克科技,2025-09-16 13:38:15,61.6,6800,61.58,U
sz002409,雅克科技,2025-09-16 13:38:33,61.61,3600,61.61,U
sz002409,雅克科技,2025-09-16 13:38:39,61.62,3300,61.62,U
sz002409,雅克科技,2025-09-16 13:38:51,61.63,11800,61.63,U
sz002409,雅克科技,2025-09-16 13:39:00,61.69,7900,61.68,U
sz002409,雅克科技,2025-09-16 13:39:09,61.86,57700,61.72,U
sz002409,雅克科技,2025-09-16 13:39:12,61.97,51800,61.86,U
sz002409,雅克科技,2025-09-16 13:39:15,61.98,18300,61.97,U
sz002409,雅克科技,2025-09-16 13:39:18,61.99,8274,61.98,U
sz002409,雅克科技,2025-09-16 13:39:21,62.0,10100,61.99,U
sz002409,雅克科技,2025-09-16 13:39:24,62.0,27000,62.0,U
sz002409,雅克科技,2025-09-16 13:39:27,61.93,33226,62.0,D
sz002409,雅克科技,2025-09-16 13:39:30,61.98,37100,61.93,U
sz002409,雅克科技,2025-09-16 13:39:33,61.99,10400,61.98,U
sz002409,雅克科技,2025-09-16 13:39:36,61.98,17300,61.99,D
sz002409,雅克科技,2025-09-16 13:39:39,61.99,11100,61.98,U
sz002409,雅克科技,2025-09-16 13:39:42,61.98,12200,61.99,U
sz002409,雅克科技,2025-09-16 13:39:48,61.98,15400,61.98,D
sz002409,雅克科技,2025-09-16 13:39:51,61.98,3500,61.98,U
sz002409,雅克科技,2025-09-16 13:39:54,62.0,24500,61.98,U
sz002409,雅克科技,2025-09-16 13:39:57,62.0,22400,62.0,U
sz002409,雅克科技,2025-09-16 13:40:00,62.0,55400,62.0,U
sz002409,雅克科技,2025-09-16 13:40:03,62.0,13600,62.0,U
sz002409,雅克科技,2025-09-16 13:40:06,62.0,8900,62.0,D
sz002409,雅克科技,2025-09-16 13:40:09,62.03,66800,62.0,E
sz002409,雅克科技,2025-09-16 13:40:15,61.98,12800,61.98,U
sz002409,雅克科技,2025-09-16 13:40:18,61.9,11800,61.98,D
sz002409,雅克科技,2025-09-16 13:40:21,61.92,8100,61.9,U
sz002409,雅克科技,2025-09-16 13:40:24,61.91,3800,61.92,D
sz002409,雅克科技,2025-09-16 13:40:27,61.91,7900,61.91,D
sz002409,雅克科技,2025-09-16 13:40:36,61.86,4200,61.86,D
sz002409,雅克科技,2025-09-16 13:40:39,61.85,5900,61.86,D
sz002409,雅克科技,2025-09-16 13:40:42,61.8,4200,61.85,D
sz002409,雅克科技,2025-09-16 13:41:06,61.8,3500,61.84,D
sz002409,雅克科技,2025-09-16 13:41:12,61.81,6600,61.8,E
sz002409,雅克科技,2025-09-16 13:41:15,61.84,3500,61.81,U
sz002409,雅克科技,2025-09-16 13:41:18,61.94,34200,61.84,U
sz002409,雅克科技,2025-09-16 13:41:27,61.97,3900,61.97,U
sz002409,雅克科技,2025-09-16 13:41:33,61.99,4400,61.99,U
sz002409,雅克科技,2025-09-16 13:41:39,61.99,17700,61.98,U
sz002409,雅克科技,2025-09-16 13:41:42,61.97,11100,61.99,D
sz002409,雅克科技,2025-09-16 13:41:45,61.97,9700,61.97,U
sz002409,雅克科技,2025-09-16 13:41:48,61.97,11600,61.97,U
sz002409,雅克科技,2025-09-16 13:41:54,61.97,17700,61.95,U
sz002409,雅克科技,2025-09-16 13:42:00,61.96,4600,61.96,U
sz002409,雅克科技,2025-09-16 13:42:03,61.95,7700,61.96,E
sz002409,雅克科技,2025-09-16 13:42:09,61.89,4100,61.95,D
sz002409,雅克科技,2025-09-16 13:42:30,61.81,8400,61.87,D
sz002409,雅克科技,2025-09-16 13:42:48,61.85,3800,61.84,U
sz002409,雅克科技,2025-09-16 13:42:51,61.92,10600,61.85,U
sz002409,雅克科技,2025-09-16 13:43:09,61.94,6600,61.94,U
sz002409,雅克科技,2025-09-16 13:43:15,61.94,5500,61.94,U
sz002409,雅克科技,2025-09-16 13:43:21,61.94,17500,61.94,D
sz002409,雅克科技,2025-09-16 13:43:39,61.9,7200,61.89,U
sz002409,雅克科技,2025-09-16 13:44:03,62.06,133400,61.93,U
sz002409,雅克科技,2025-09-16 13:44:06,62.09,16600,62.06,U
sz002409,雅克科技,2025-09-16 13:44:12,62.14,4000,62.12,U
sz002409,雅克科技,2025-09-16 13:44:18,62.01,23000,62.14,D
sz002409,雅克科技,2025-09-16 13:44:21,62.1,6300,62.01,E
sz002409,雅克科技,2025-09-16 13:44:33,62.03,8900,62.07,E
sz002409,雅克科技,2025-09-16 13:44:36,62.03,11800,62.03,E
sz002409,雅克科技,2025-09-16 13:44:39,62.04,5300,62.03,U
sz002409,雅克科技,2025-09-16 13:44:42,62.03,4600,62.04,D
sz002409,雅克科技,2025-09-16 13:44:45,62.02,4400,62.03,D
sz002409,雅克科技,2025-09-16 13:44:48,62.05,12500,62.02,U
sz002409,雅克科技,2025-09-16 13:44:51,62.04,7400,62.05,U
sz002409,雅克科技,2025-09-16 13:44:54,62.03,6500,62.04,E
sz002409,雅克科技,2025-09-16 13:45:03,62.08,17900,61.99,U
sz002409,雅克科技,2025-09-16 13:45:09,61.99,6000,62.04,D
sz002409,雅克科技,2025-09-16 13:45:18,61.96,13200,61.99,D
sz002409,雅克科技,2025-09-16 13:45:24,61.94,11000,61.96,D
sz002409,雅克科技,2025-09-16 13:45:30,61.93,8300,61.94,D
sz002409,雅克科技,2025-09-16 13:45:39,61.94,3900,61.94,D
sz002409,雅克科技,2025-09-16 13:45:45,61.88,23900,61.94,D
sz002409,雅克科技,2025-09-16 13:45:48,61.88,9900,61.88,U
sz002409,雅克科技,2025-09-16 13:45:57,61.87,3600,61.93,D
sz002409,雅克科技,2025-09-16 13:46:18,61.92,3400,61.92,U
sz002409,雅克科技,2025-09-16 13:46:21,61.92,5000,61.92,U
sz002409,雅克科技,2025-09-16 13:46:30,61.91,11100,61.94,D
sz002409,雅克科技,2025-09-16 13:46:39,61.9,6500,61.92,D
sz002409,雅克科技,2025-09-16 13:46:48,61.91,11200,61.9,U
sz002409,雅克科技,2025-09-16 13:46:57,61.91,28000,61.9,U
sz002409,雅克科技,2025-09-16 13:47:03,61.85,4300,61.88,D
sz002409,雅克科技,2025-09-16 13:47:42,61.85,5100,61.88,D
sz002409,雅克科技,2025-09-16 13:47:54,61.85,3500,61.85,D
sz002409,雅克科技,2025-09-16 13:48:12,61.83,8000,61.83,U
sz002409,雅克科技,2025-09-16 13:48:21,61.78,7700,61.81,D
sz002409,雅克科技,2025-09-16 13:48:24,61.77,3800,61.78,D
sz002409,雅克科技,2025-09-16 13:48:54,61.76,4600,61.75,U
sz002409,雅克科技,2025-09-16 13:49:27,61.78,3300,61.77,U
sz002409,雅克科技,2025-09-16 13:49:33,61.77,4000,61.78,D
sz002409,雅克科技,2025-09-16 13:49:51,61.77,3500,61.77,U
sz002409,雅克科技,2025-09-16 13:50:57,61.84,4200,61.83,U
sz002409,雅克科技,2025-09-16 13:51:30,61.85,9900,61.88,D
sz002409,雅克科技,2025-09-16 13:52:09,61.84,4700,61.82,U
sz002409,雅克科技,2025-09-16 13:52:18,61.81,4300,61.84,D
sz002409,雅克科技,2025-09-16 13:53:00,61.85,3800,61.84,U
sz002409,雅克科技,2025-09-16 13:53:15,61.85,3900,61.85,U
sz002409,雅克科技,2025-09-16 13:53:24,61.82,3800,61.83,D
sz002409,雅克科技,2025-09-16 13:53:30,61.82,4600,61.82,U
sz002409,雅克科技,2025-09-16 13:54:03,61.78,3900,61.8,D
sz002409,雅克科技,2025-09-16 13:54:06,61.74,10800,61.78,D
sz002409,雅克科技,2025-09-16 13:55:24,61.72,4800,61.71,E
sz002409,雅克科技,2025-09-16 13:55:57,61.73,4600,61.73,U
sz002409,雅克科技,2025-09-16 13:56:36,61.75,4800,61.75,U
sz002409,雅克科技,2025-09-16 13:57:48,61.82,6300,61.81,U
sz002409,雅克科技,2025-09-16 13:58:03,61.81,9800,61.83,D
sz002409,雅克科技,2025-09-16 13:59:12,61.83,9300,61.81,U
sz002409,雅克科技,2025-09-16 13:59:39,61.85,6600,61.85,U
sz002409,雅克科技,2025-09-16 14:00:06,61.83,7700,61.81,E
sz002409,雅克科技,2025-09-16 14:00:12,61.85,5700,61.84,D
sz002409,雅克科技,2025-09-16 14:00:24,61.87,7700,61.87,U
sz002409,雅克科技,2025-09-16 14:00:36,61.85,4000,61.85,D
sz002409,雅克科技,2025-09-16 14:01:03,61.8,9100,61.85,D
sz002409,雅克科技,2025-09-16 14:01:06,61.83,8900,61.8,U
sz002409,雅克科技,2025-09-16 14:01:09,61.77,27000,61.83,D
sz002409,雅克科技,2025-09-16 14:01:15,61.76,9700,61.77,D
sz002409,雅克科技,2025-09-16 14:01:18,61.75,5700,61.76,E
sz002409,雅克科技,2025-09-16 14:01:30,61.74,8500,61.75,D
sz002409,雅克科技,2025-09-16 14:01:54,61.74,6000,61.72,U
sz002409,雅克科技,2025-09-16 14:02:00,61.74,4000,61.74,D
sz002409,雅克科技,2025-09-16 14:02:03,61.74,4000,61.74,U
sz002409,雅克科技,2025-09-16 14:02:06,61.74,19400,61.74,U
sz002409,雅克科技,2025-09-16 14:04:09,61.76,4700,61.75,U
sz002409,雅克科技,2025-09-16 14:04:12,61.79,4000,61.76,U
sz002409,雅克科技,2025-09-16 14:05:06,61.79,5300,61.79,U
sz002409,雅克科技,2025-09-16 14:05:24,61.81,4100,61.81,U
sz002409,雅克科技,2025-09-16 14:05:36,61.78,8500,61.8,D
sz002409,雅克科技,2025-09-16 14:05:39,61.75,5000,61.78,D
sz002409,雅克科技,2025-09-16 14:06:09,61.77,6200,61.79,D
sz002409,雅克科技,2025-09-16 14:06:15,61.75,5500,61.76,D
sz002409,雅克科技,2025-09-16 14:06:57,61.7,8100,61.7,D
sz002409,雅克科技,2025-09-16 14:07:03,61.68,4000,61.69,D
sz002409,雅克科技,2025-09-16 14:07:15,61.7,4900,61.68,U
sz002409,雅克科技,2025-09-16 14:07:18,61.69,5100,61.7,D
sz002409,雅克科技,2025-09-16 14:07:39,61.68,6300,61.69,D
sz002409,雅克科技,2025-09-16 14:08:18,61.6,6300,61.63,D
sz002409,雅克科技,2025-09-16 14:08:45,61.59,5300,61.58,U
sz002409,雅克科技,2025-09-16 14:09:03,61.61,16000,61.58,U
sz002409,雅克科技,2025-09-16 14:09:06,61.63,10200,61.61,U
sz002409,雅克科技,2025-09-16 14:09:15,61.65,4100,61.66,E
sz002409,雅克科技,2025-09-16 14:09:45,61.62,5100,61.61,E
sz002409,雅克科技,2025-09-16 14:10:54,61.62,8000,61.64,D
sz002409,雅克科技,2025-09-16 14:11:12,61.63,22200,61.61,U
sz002409,雅克科技,2025-09-16 14:12:06,61.56,4900,61.58,D
sz002409,雅克科技,2025-09-16 14:12:18,61.55,4700,61.55,D
sz002409,雅克科技,2025-09-16 14:12:42,61.53,7700,61.55,D
sz002409,雅克科技,2025-09-16 14:13:03,61.57,5400,61.55,U
sz002409,雅克科技,2025-09-16 14:13:45,61.6,5700,61.6,D
sz002409,雅克科技,2025-09-16 14:13:54,61.6,5100,61.63,D
sz002409,雅克科技,2025-09-16 14:15:45,61.64,7800,61.63,U
sz002409,雅克科技,2025-09-16 14:16:03,61.62,6500,61.65,D
sz002409,雅克科技,2025-09-16 14:16:48,61.62,3600,61.61,U
sz002409,雅克科技,2025-09-16 14:17:27,61.61,8700,61.62,D
sz002409,雅克科技,2025-09-16 14:17:48,61.62,3800,61.63,D
sz002409,雅克科技,2025-09-16 14:18:21,61.66,3400,61.63,U
sz002409,雅克科技,2025-09-16 14:19:03,61.62,4300,61.62,D
sz002409,雅克科技,2025-09-16 14:20:06,61.61,15400,61.61,D
sz002409,雅克科技,2025-09-16 14:20:12,61.57,3500,61.59,D
sz002409,雅克科技,2025-09-16 14:20:45,61.54,3400,61.54,E
sz002409,雅克科技,2025-09-16 14:20:51,61.55,4500,61.53,U
sz002409,雅克科技,2025-09-16 14:21:30,61.51,4300,61.52,D
sz002409,雅克科技,2025-09-16 14:21:33,61.52,10000,61.51,U
sz002409,雅克科技,2025-09-16 14:23:24,61.55,3300,61.54,U
sz002409,雅克科技,2025-09-16 14:23:48,61.55,5100,61.55,U
sz002409,雅克科技,2025-09-16 14:23:51,61.55,4100,61.55,E
sz002409,雅克科技,2025-09-16 14:23:54,61.51,10600,61.55,D
sz002409,雅克科技,2025-09-16 14:23:57,61.54,24000,61.51,U
sz002409,雅克科技,2025-09-16 14:25:06,61.51,6500,61.5,U
sz002409,雅克科技,2025-09-16 14:25:12,61.53,8500,61.51,U
sz002409,雅克科技,2025-09-16 14:25:24,61.56,5100,61.53,U
sz002409,雅克科技,2025-09-16 14:25:51,61.57,6600,61.57,D
sz002409,雅克科技,2025-09-16 14:26:03,61.54,5300,61.57,D
sz002409,雅克科技,2025-09-16 14:26:06,61.53,4400,61.54,D
sz002409,雅克科技,2025-09-16 14:27:39,61.58,3900,61.55,U
sz002409,雅克科技,2025-09-16 14:27:57,61.56,3700,61.56,U
sz002409,雅克科技,2025-09-16 14:28:12,61.58,3300,61.58,U
sz002409,雅克科技,2025-09-16 14:29:03,61.54,7300,61.55,D
sz002409,雅克科技,2025-09-16 14:29:06,61.5,40400,61.54,D
sz002409,雅克科技,2025-09-16 14:29:09,61.52,3400,61.5,U
sz002409,雅克科技,2025-09-16 14:29:18,61.5,6200,61.52,D
sz002409,雅克科技,2025-09-16 14:29:48,61.49,3300,61.5,D
sz002409,雅克科技,2025-09-16 14:30:36,61.53,10800,61.5,U
sz002409,雅克科技,2025-09-16 14:31:00,61.5,4900,61.52,D
sz002409,雅克科技,2025-09-16 14:31:12,61.49,5700,61.49,U
sz002409,雅克科技,2025-09-16 14:31:36,61.49,4200,61.5,D
sz002409,雅克科技,2025-09-16 14:31:39,61.5,12300,61.49,U
sz002409,雅克科技,2025-09-16 14:31:42,61.52,4300,61.5,U
sz002409,雅克科技,2025-09-16 14:31:45,61.52,3400,61.52,U
sz002409,雅克科技,2025-09-16 14:31:48,61.53,6100,61.52,U
sz002409,雅克科技,2025-09-16 14:32:57,61.51,5900,61.5,E
sz002409,雅克科技,2025-09-16 14:33:27,61.5,4200,61.5,D
sz002409,雅克科技,2025-09-16 14:34:30,61.45,15300,61.48,D
sz002409,雅克科技,2025-09-16 14:34:36,61.44,5000,61.45,D
sz002409,雅克科技,2025-09-16 14:34:39,61.42,5400,61.44,D
sz002409,雅克科技,2025-09-16 14:34:42,61.43,4000,61.42,U
sz002409,雅克科技,2025-09-16 14:35:06,61.43,18900,61.42,U
sz002409,雅克科技,2025-09-16 14:35:21,61.47,4200,61.45,U
sz002409,雅克科技,2025-09-16 14:35:24,61.46,3500,61.47,D
sz002409,雅克科技,2025-09-16 14:36:12,61.51,3300,61.47,U
sz002409,雅克科技,2025-09-16 14:36:48,61.47,3300,61.48,D
sz002409,雅克科技,2025-09-16 14:37:03,61.46,5100,61.47,D
sz002409,雅克科技,2025-09-16 14:37:15,61.49,5300,61.46,U
sz002409,雅克科技,2025-09-16 14:37:54,61.55,26400,61.5,U
sz002409,雅克科技,2025-09-16 14:37:57,61.55,5000,61.55,U
sz002409,雅克科技,2025-09-16 14:38:06,61.53,3300,61.54,D
sz002409,雅克科技,2025-09-16 14:39:03,61.52,4600,61.53,D
sz002409,雅克科技,2025-09-16 14:39:21,61.56,9200,61.53,U
sz002409,雅克科技,2025-09-16 14:39:51,61.55,4600,61.55,D
sz002409,雅克科技,2025-09-16 14:40:24,61.57,4600,61.55,U
sz002409,雅克科技,2025-09-16 14:40:54,61.56,10400,61.54,U
sz002409,雅克科技,2025-09-16 14:42:09,61.57,3600,61.58,D
sz002409,雅克科技,2025-09-16 14:42:15,61.56,3900,61.56,U
sz002409,雅克科技,2025-09-16 14:42:21,61.56,4100,61.56,U
sz002409,雅克科技,2025-09-16 14:42:36,61.56,6400,61.56,D
sz002409,雅克科技,2025-09-16 14:42:57,61.57,3500,61.56,E
sz002409,雅克科技,2025-09-16 14:43:21,61.56,7800,61.57,D
sz002409,雅克科技,2025-09-16 14:43:36,61.56,5700,61.55,U
sz002409,雅克科技,2025-09-16 14:44:00,61.54,7900,61.55,D
sz002409,雅克科技,2025-09-16 14:44:09,61.49,14700,61.51,D
sz002409,雅克科技,2025-09-16 14:44:39,61.49,5700,61.49,D
sz002409,雅克科技,2025-09-16 14:45:09,61.51,11100,61.5,U
sz002409,雅克科技,2025-09-16 14:45:48,61.51,4100,61.52,D
sz002409,雅克科技,2025-09-16 14:45:51,61.5,3800,61.51,D
sz002409,雅克科技,2025-09-16 14:46:12,61.5,3400,61.52,D
sz002409,雅克科技,2025-09-16 14:46:15,61.52,5500,61.5,U
sz002409,雅克科技,2025-09-16 14:46:24,61.5,8000,61.52,D
sz002409,雅克科技,2025-09-16 14:47:12,61.53,3600,61.53,U
sz002409,雅克科技,2025-09-16 14:48:03,61.58,10600,61.54,U
sz002409,雅克科技,2025-09-16 14:48:12,61.55,3300,61.56,D
sz002409,雅克科技,2025-09-16 14:48:15,61.55,3600,61.55,U
sz002409,雅克科技,2025-09-16 14:48:39,61.54,4500,61.54,D
sz002409,雅克科技,2025-09-16 14:49:00,61.51,5400,61.52,D
sz002409,雅克科技,2025-09-16 14:49:06,61.5,7200,61.5,D
sz002409,雅克科技,2025-09-16 14:49:15,61.5,3400,61.5,U
sz002409,雅克科技,2025-09-16 14:49:18,61.49,3700,61.5,D
sz002409,雅克科技,2025-09-16 14:49:21,61.49,3300,61.49,D
sz002409,雅克科技,2025-09-16 14:50:00,61.5,4800,61.5,D
sz002409,雅克科技,2025-09-16 14:50:09,61.51,5000,61.52,D
sz002409,雅克科技,2025-09-16 14:50:54,61.54,4700,61.54,U
sz002409,雅克科技,2025-09-16 14:51:03,61.54,8600,61.55,D
sz002409,雅克科技,2025-09-16 14:51:09,61.53,4800,61.54,E
sz002409,雅克科技,2025-09-16 14:51:21,61.53,3300,61.54,D
sz002409,雅克科技,2025-09-16 14:51:36,61.54,22200,61.55,E
sz002409,雅克科技,2025-09-16 14:52:03,61.55,33100,61.54,U
sz002409,雅克科技,2025-09-16 14:52:36,61.57,5300,61.56,U
sz002409,雅克科技,2025-09-16 14:53:12,61.57,10200,61.57,U
sz002409,雅克科技,2025-09-16 14:53:21,61.56,9179,61.57,D
sz002409,雅克科技,2025-09-16 14:53:27,61.56,9500,61.57,D
sz002409,雅克科技,2025-09-16 14:53:42,61.56,8821,61.56,D
sz002409,雅克科技,2025-09-16 14:53:54,61.56,7300,61.56,D
sz002409,雅克科技,2025-09-16 14:54:00,61.56,32621,61.56,U
sz002409,雅克科技,2025-09-16 14:54:12,61.56,6179,61.56,D
sz002409,雅克科技,2025-09-16 14:54:15,61.55,3700,61.56,D
sz002409,雅克科技,2025-09-16 14:54:18,61.58,6021,61.55,U
sz002409,雅克科技,2025-09-16 14:54:24,61.6,10200,61.56,U
sz002409,雅克科技,2025-09-16 14:54:36,61.61,3500,61.6,U
sz002409,雅克科技,2025-09-16 14:55:12,61.64,5700,61.61,U
sz002409,雅克科技,2025-09-16 14:55:21,61.66,4500,61.66,U
sz002409,雅克科技,2025-09-16 14:55:57,61.66,7900,61.65,U
sz002409,雅克科技,2025-09-16 14:56:03,61.61,8500,61.65,D
sz002409,雅克科技,2025-09-16 14:56:12,61.61,4600,61.64,D
sz002409,雅克科技,2025-09-16 14:56:21,61.63,4700,61.63,E
sz002409,雅克科技,2025-09-16 14:56:24,61.61,38400,61.63,E
sz002409,雅克科技,2025-09-16 14:56:27,61.61,3900,61.61,U
sz002409,雅克科技,2025-09-16 14:56:33,61.65,9100,61.61,U
sz002409,雅克科技,2025-09-16 14:56:51,61.62,3900,61.62,U
sz002409,雅克科技,2025-09-16 14:56:57,61.64,3900,61.63,U
sz002409,雅克科技,2025-09-16 15:00:00,61.65,129600,61.64,U
