symbol,name,ticktime,price,volume,prev_price,kind
sz002409,雅克科技,2025-10-17 09:25:00,76.54,84200,0.0,D
sz002409,雅克科技,2025-10-17 09:30:00,76.3,32200,76.54,D
sz002409,雅克科技,2025-10-17 09:30:03,76.15,44700,76.3,D
sz002409,雅克科技,2025-10-17 09:30:06,76.2,11100,76.15,D
sz002409,雅克科技,2025-10-17 09:30:12,76.08,5300,76.01,E
sz002409,雅克科技,2025-10-17 09:30:15,76.0,16100,76.08,D
sz002409,雅克科技,2025-10-17 09:30:18,76.0,18600,76.0,D
sz002409,雅克科技,2025-10-17 09:30:21,75.95,14100,76.0,D
sz002409,雅克科技,2025-10-17 09:30:24,76.0,16400,75.95,U
sz002409,雅克科技,2025-10-17 09:30:27,76.19,9000,76.0,U
sz002409,雅克科技,2025-10-17 09:30:30,76.19,17300,76.19,D
sz002409,雅克科技,2025-10-17 09:30:33,76.17,4400,76.19,D
sz002409,雅克科技,2025-10-17 09:30:36,76.04,12600,76.17,D
sz002409,雅克科技,2025-10-17 09:30:39,75.96,3900,76.04,D
sz002409,雅克科技,2025-10-17 09:30:42,75.82,12600,75.96,D
sz002409,雅克科技,2025-10-17 09:30:45,75.7,8100,75.82,D
sz002409,雅克科技,2025-10-17 09:30:48,75.5,6300,75.7,D
sz002409,雅克科技,2025-10-17 09:30:51,75.68,22700,75.5,D
sz002409,雅克科技,2025-10-17 09:30:54,75.6,9800,75.68,D
sz002409,雅克科技,2025-10-17 09:30:57,75.6,6500,75.6,D
sz002409,雅克科技,2025-10-17 09:31:00,75.7,48700,75.6,U
sz002409,雅克科技,2025-10-17 09:31:03,75.66,17200,75.7,D
sz002409,雅克科技,2025-10-17 09:31:06,75.63,12200,75.66,D
sz002409,雅克科技,2025-10-17 09:31:09,75.63,6400,75.63,D
sz002409,雅克科技,2025-10-17 09:31:12,75.74,13500,75.63,U
sz002409,雅克科技,2025-10-17 09:31:15,75.69,8100,75.74,E
sz002409,雅克科技,2025-10-17 09:31:18,75.69,6100,75.69,D
sz002409,雅克科技,2025-10-17 09:31:21,75.69,14400,75.69,D
sz002409,雅克科技,2025-10-17 09:31:24,75.7,8300,75.69,U
sz002409,雅克科技,2025-10-17 09:31:27,75.73,13300,75.7,E
sz002409,雅克科技,2025-10-17 09:31:30,75.82,24800,75.73,U
sz002409,雅克科技,2025-10-17 09:31:33,75.96,6100,75.82,U
sz002409,雅克科技,2025-10-17 09:31:36,75.87,27900,75.96,D
sz002409,雅克科技,2025-10-17 09:31:42,75.91,4300,75.9,U
sz002409,雅克科技,2025-10-17 09:31:45,75.9,9600,75.91,D
sz002409,雅克科技,2025-10-17 09:31:51,75.9,5100,75.9,D
sz002409,雅克科技,2025-10-17 09:31:54,75.85,6300,75.9,D
sz002409,雅克科技,2025-10-17 09:32:00,75.79,6600,75.79,U
sz002409,雅克科技,2025-10-17 09:32:03,75.77,7300,75.79,D
sz002409,雅克科技,2025-10-17 09:32:06,75.71,14400,75.77,D
sz002409,雅克科技,2025-10-17 09:32:09,75.7,8200,75.71,D
sz002409,雅克科技,2025-10-17 09:32:12,75.63,5600,75.7,D
sz002409,雅克科技,2025-10-17 09:32:15,75.8,38500,75.63,U
sz002409,雅克科技,2025-10-17 09:32:18,75.74,14500,75.8,D
sz002409,雅克科技,2025-10-17 09:32:27,75.65,8700,75.7,D
sz002409,雅克科技,2025-10-17 09:32:30,75.7,5600,75.65,U
sz002409,雅克科技,2025-10-17 09:32:33,75.74,13100,75.7,U
sz002409,雅克科技,2025-10-17 09:32:36,75.64,21200,75.74,D
sz002409,雅克科技,2025-10-17 09:32:39,75.7,3500,75.64,E
sz002409,雅克科技,2025-10-17 09:32:42,75.67,4600,75.7,D
sz002409,雅克科技,2025-10-17 09:32:45,75.66,5300,75.67,D
sz002409,雅克科技,2025-10-17 09:32:48,75.66,5300,75.66,D
sz002409,雅克科技,2025-10-17 09:32:51,75.67,3400,75.66,D
sz002409,雅克科技,2025-10-17 09:32:54,75.67,7900,75.67,D
sz002409,雅克科技,2025-10-17 09:32:57,75.67,9800,75.67,U
sz002409,雅克科技,2025-10-17 09:33:00,75.78,9700,75.67,U
sz002409,雅克科技,2025-10-17 09:33:06,75.69,16500,75.78,D
sz002409,雅克科技,2025-10-17 09:33:09,75.88,6000,75.69,U
sz002409,雅克科技,2025-10-17 09:33:18,75.86,9100,75.87,E
sz002409,雅克科技,2025-10-17 09:33:21,75.92,11000,75.86,U
sz002409,雅克科技,2025-10-17 09:33:24,75.9,19300,75.92,D
sz002409,雅克科技,2025-10-17 09:33:27,75.83,12600,75.9,D
sz002409,雅克科技,2025-10-17 09:33:33,75.72,22200,75.71,E
sz002409,雅克科技,2025-10-17 09:33:36,75.84,10600,75.72,U
sz002409,雅克科技,2025-10-17 09:33:39,76.01,4900,75.84,U
sz002409,雅克科技,2025-10-17 09:33:45,76.14,3700,76.04,U
sz002409,雅克科技,2025-10-17 09:33:54,76.14,3000,76.14,U
sz002409,雅克科技,2025-10-17 09:33:57,76.11,9000,76.14,D
sz002409,雅克科技,2025-10-17 09:34:03,76.05,3600,76.1,D
sz002409,雅克科技,2025-10-17 09:34:06,76.04,5300,76.05,E
sz002409,雅克科技,2025-10-17 09:34:09,76.05,4700,76.04,U
sz002409,雅克科技,2025-10-17 09:34:15,76.07,5500,75.99,E
sz002409,雅克科技,2025-10-17 09:34:18,76.04,3600,76.07,D
sz002409,雅克科技,2025-10-17 09:34:21,76.04,29000,76.04,D
sz002409,雅克科技,2025-10-17 09:34:24,76.04,3000,76.04,E
sz002409,雅克科技,2025-10-17 09:34:27,76.0,9400,76.04,D
sz002409,雅克科技,2025-10-17 09:34:30,76.04,31900,76.0,U
sz002409,雅克科技,2025-10-17 09:34:33,76.1,13000,76.04,U
sz002409,雅克科技,2025-10-17 09:34:36,76.13,3600,76.1,E
sz002409,雅克科技,2025-10-17 09:34:42,76.09,3500,76.15,D
sz002409,雅克科技,2025-10-17 09:34:45,76.08,5400,76.09,E
sz002409,雅克科技,2025-10-17 09:34:48,76.07,8400,76.08,D
sz002409,雅克科技,2025-10-17 09:34:51,76.11,16800,76.07,U
sz002409,雅克科技,2025-10-17 09:34:54,76.13,11600,76.11,E
sz002409,雅克科技,2025-10-17 09:35:00,76.14,2700,76.14,D
sz002409,雅克科技,2025-10-17 09:35:03,76.07,8900,76.14,D
sz002409,雅克科技,2025-10-17 09:35:06,76.07,5300,76.07,D
sz002409,雅克科技,2025-10-17 09:35:09,76.0,7200,76.07,D
sz002409,雅克科技,2025-10-17 09:35:15,75.87,12200,76.0,D
sz002409,雅克科技,2025-10-17 09:35:18,75.66,15100,75.87,D
sz002409,雅克科技,2025-10-17 09:35:21,75.64,39500,75.66,E
sz002409,雅克科技,2025-10-17 09:35:24,75.78,28300,75.64,U
sz002409,雅克科技,2025-10-17 09:35:27,75.83,7100,75.78,U
sz002409,雅克科技,2025-10-17 09:35:30,75.77,14500,75.83,D
sz002409,雅克科技,2025-10-17 09:35:33,75.77,6600,75.77,U
sz002409,雅克科技,2025-10-17 09:35:39,75.69,6000,75.7,D
sz002409,雅克科技,2025-10-17 09:35:42,75.68,10500,75.69,E
sz002409,雅克科技,2025-10-17 09:35:45,75.65,9800,75.68,D
sz002409,雅克科技,2025-10-17 09:35:48,75.66,16700,75.65,U
sz002409,雅克科技,2025-10-17 09:35:51,75.68,8600,75.66,D
sz002409,雅克科技,2025-10-17 09:35:54,75.71,5000,75.68,U
sz002409,雅克科技,2025-10-17 09:36:00,75.68,9000,75.73,D
sz002409,雅克科技,2025-10-17 09:36:03,75.69,9500,75.68,D
sz002409,雅克科技,2025-10-17 09:36:06,75.52,24600,75.69,D
sz002409,雅克科技,2025-10-17 09:36:09,75.6,6600,75.52,U
sz002409,雅克科技,2025-10-17 09:36:12,75.52,8600,75.6,D
sz002409,雅克科技,2025-10-17 09:36:15,75.63,20200,75.52,E
sz002409,雅克科技,2025-10-17 09:36:18,75.72,29300,75.63,U
sz002409,雅克科技,2025-10-17 09:36:21,75.68,3100,75.72,D
sz002409,雅克科技,2025-10-17 09:36:24,75.72,6500,75.68,E
sz002409,雅克科技,2025-10-17 09:36:27,75.7,7100,75.72,D
sz002409,雅克科技,2025-10-17 09:36:30,75.86,7500,75.7,U
sz002409,雅克科技,2025-10-17 09:36:33,75.87,5600,75.86,U
sz002409,雅克科技,2025-10-17 09:36:36,75.9,4400,75.87,U
sz002409,雅克科技,2025-10-17 09:36:39,75.93,5000,75.9,E
sz002409,雅克科技,2025-10-17 09:36:48,76.0,5300,75.96,U
sz002409,雅克科技,2025-10-17 09:36:51,75.86,14400,76.0,D
sz002409,雅克科技,2025-10-17 09:36:54,75.82,3600,75.86,E
sz002409,雅克科技,2025-10-17 09:36:57,75.8,2800,75.82,U
sz002409,雅克科技,2025-10-17 09:37:03,75.73,12300,75.73,D
sz002409,雅克科技,2025-10-17 09:37:06,75.78,4200,75.73,U
sz002409,雅克科技,2025-10-17 09:37:09,75.73,10500,75.78,D
sz002409,雅克科技,2025-10-17 09:37:15,75.86,4400,75.86,E
sz002409,雅克科技,2025-10-17 09:37:18,75.82,7100,75.86,D
sz002409,雅克科技,2025-10-17 09:37:21,75.89,13300,75.82,U
sz002409,雅克科技,2025-10-17 09:37:24,75.94,3200,75.89,U
sz002409,雅克科技,2025-10-17 09:37:27,76.01,11400,75.94,U
sz002409,雅克科技,2025-10-17 09:37:30,76.06,3400,76.01,U
sz002409,雅克科技,2025-10-17 09:37:36,76.06,4100,76.06,D
sz002409,雅克科技,2025-10-17 09:37:42,76.0,76200,76.0,E
sz002409,雅克科技,2025-10-17 09:37:45,76.08,5500,76.0,U
sz002409,雅克科技,2025-10-17 09:37:48,76.09,6300,76.08,U
sz002409,雅克科技,2025-10-17 09:38:03,76.09,11900,76.09,E
sz002409,雅克科技,2025-10-17 09:38:06,75.96,5800,76.09,D
sz002409,雅克科技,2025-10-17 09:38:09,76.0,3900,75.96,U
sz002409,雅克科技,2025-10-17 09:38:12,75.95,5900,76.0,D
sz002409,雅克科技,2025-10-17 09:38:15,75.82,17400,75.95,D
sz002409,雅克科技,2025-10-17 09:38:21,75.65,24900,75.76,D
sz002409,雅克科技,2025-10-17 09:38:24,75.59,14500,75.65,D
sz002409,雅克科技,2025-10-17 09:38:27,75.55,27300,75.59,D
sz002409,雅克科技,2025-10-17 09:38:30,75.5,3700,75.55,E
sz002409,雅克科技,2025-10-17 09:38:33,75.48,9100,75.5,D
sz002409,雅克科技,2025-10-17 09:38:39,75.49,6700,75.5,D
sz002409,雅克科技,2025-10-17 09:38:42,75.5,15500,75.49,E
sz002409,雅克科技,2025-10-17 09:38:48,75.5,8800,75.53,D
sz002409,雅克科技,2025-10-17 09:38:51,75.5,7800,75.5,D
sz002409,雅克科技,2025-10-17 09:38:54,75.49,9000,75.5,D
sz002409,雅克科技,2025-10-17 09:38:57,75.4,15800,75.49,D
sz002409,雅克科技,2025-10-17 09:39:00,75.35,6400,75.4,D
sz002409,雅克科技,2025-10-17 09:39:03,75.29,27200,75.35,D
sz002409,雅克科技,2025-10-17 09:39:06,75.22,30500,75.29,E
sz002409,雅克科技,2025-10-17 09:39:09,75.1,10600,75.22,D
sz002409,雅克科技,2025-10-17 09:39:12,75.11,7796,75.1,D
sz002409,雅克科技,2025-10-17 09:39:15,75.12,16700,75.11,U
sz002409,雅克科技,2025-10-17 09:39:18,75.12,17800,75.12,D
sz002409,雅克科技,2025-10-17 09:39:21,75.1,25400,75.12,D
sz002409,雅克科技,2025-10-17 09:39:24,75.2,11004,75.1,E
sz002409,雅克科技,2025-10-17 09:39:27,75.24,8900,75.2,E
sz002409,雅克科技,2025-10-17 09:39:30,75.14,22900,75.24,D
sz002409,雅克科技,2025-10-17 09:39:33,75.19,12200,75.14,E
sz002409,雅克科技,2025-10-17 09:39:36,75.17,7900,75.19,D
sz002409,雅克科技,2025-10-17 09:39:39,75.14,8500,75.17,D
sz002409,雅克科技,2025-10-17 09:39:42,75.11,3200,75.14,D
sz002409,雅克科技,2025-10-17 09:39:45,75.11,4900,75.11,D
sz002409,雅克科技,2025-10-17 09:39:48,75.22,33200,75.11,U
sz002409,雅克科技,2025-10-17 09:39:51,75.1,22700,75.22,D
sz002409,雅克科技,2025-10-17 09:39:54,75.11,6800,75.1,D
sz002409,雅克科技,2025-10-17 09:39:57,75.2,12200,75.11,U
sz002409,雅克科技,2025-10-17 09:40:00,75.13,6000,75.2,E
sz002409,雅克科技,2025-10-17 09:40:06,75.08,24500,75.13,D
sz002409,雅克科技,2025-10-17 09:40:09,75.03,4800,75.08,E
sz002409,雅克科技,2025-10-17 09:40:12,74.97,34200,75.03,D
sz002409,雅克科技,2025-10-17 09:40:15,74.85,14300,74.97,D
sz002409,雅克科技,2025-10-17 09:40:18,74.85,3500,74.85,D
sz002409,雅克科技,2025-10-17 09:40:21,74.81,10900,74.85,D
sz002409,雅克科技,2025-10-17 09:40:24,74.8,40600,74.81,D
sz002409,雅克科技,2025-10-17 09:40:27,74.9,28000,74.8,U
sz002409,雅克科技,2025-10-17 09:40:30,74.81,72000,74.9,D
sz002409,雅克科技,2025-10-17 09:40:36,74.86,12100,74.82,D
sz002409,雅克科技,2025-10-17 09:40:39,74.9,22800,74.86,U
sz002409,雅克科技,2025-10-17 09:40:42,74.86,4400,74.9,E
sz002409,雅克科技,2025-10-17 09:40:45,74.86,5900,74.86,E
sz002409,雅克科技,2025-10-17 09:40:48,74.82,15100,74.86,D
sz002409,雅克科技,2025-10-17 09:40:51,74.86,13200,74.82,U
sz002409,雅克科技,2025-10-17 09:40:54,74.82,26300,74.86,D
sz002409,雅克科技,2025-10-17 09:40:57,74.82,24600,74.82,D
sz002409,雅克科技,2025-10-17 09:41:00,74.74,32200,74.82,D
sz002409,雅克科技,2025-10-17 09:41:03,74.7,11000,74.74,D
sz002409,雅克科技,2025-10-17 09:41:06,74.75,6100,74.7,E
sz002409,雅克科技,2025-10-17 09:41:09,74.73,4200,74.75,D
sz002409,雅克科技,2025-10-17 09:41:12,74.74,2700,74.73,E
sz002409,雅克科技,2025-10-17 09:41:15,74.7,5000,74.74,D
sz002409,雅克科技,2025-10-17 09:41:18,74.71,11300,74.7,U
sz002409,雅克科技,2025-10-17 09:41:21,74.7,25000,74.71,E
sz002409,雅克科技,2025-10-17 09:41:24,74.71,10900,74.7,E
sz002409,雅克科技,2025-10-17 09:41:27,74.7,18600,74.71,D
sz002409,雅克科技,2025-10-17 09:41:30,74.7,5200,74.7,D
sz002409,雅克科技,2025-10-17 09:41:33,74.7,27100,74.7,U
sz002409,雅克科技,2025-10-17 09:41:36,74.69,6800,74.7,D
sz002409,雅克科技,2025-10-17 09:41:39,74.5,41000,74.69,D
sz002409,雅克科技,2025-10-17 09:41:42,74.67,5500,74.5,U
sz002409,雅克科技,2025-10-17 09:41:45,74.69,42600,74.67,U
sz002409,雅克科技,2025-10-17 09:41:48,74.66,3000,74.69,U
sz002409,雅克科技,2025-10-17 09:41:51,74.63,8200,74.66,D
sz002409,雅克科技,2025-10-17 09:41:54,74.65,31700,74.63,U
sz002409,雅克科技,2025-10-17 09:41:57,74.73,42400,74.65,U
sz002409,雅克科技,2025-10-17 09:42:00,74.74,14700,74.73,U
sz002409,雅克科技,2025-10-17 09:42:03,74.56,51700,74.74,D
sz002409,雅克科技,2025-10-17 09:42:06,74.55,4900,74.56,D
sz002409,雅克科技,2025-10-17 09:42:09,74.54,4500,74.55,E
sz002409,雅克科技,2025-10-17 09:42:12,74.44,25500,74.54,D
sz002409,雅克科技,2025-10-17 09:42:15,74.33,3600,74.44,D
sz002409,雅克科技,2025-10-17 09:42:18,74.11,6600,74.33,D
sz002409,雅克科技,2025-10-17 09:42:21,74.3,3900,74.11,U
sz002409,雅克科技,2025-10-17 09:42:24,74.18,42300,74.3,D
sz002409,雅克科技,2025-10-17 09:42:27,74.19,4500,74.18,D
sz002409,雅克科技,2025-10-17 09:42:30,74.19,14000,74.19,D
sz002409,雅克科技,2025-10-17 09:42:33,74.25,99600,74.19,U
sz002409,雅克科技,2025-10-17 09:42:36,74.23,36000,74.25,D
sz002409,雅克科技,2025-10-17 09:42:39,74.23,38500,74.23,D
sz002409,雅克科技,2025-10-17 09:42:42,74.19,19400,74.23,D
sz002409,雅克科技,2025-10-17 09:42:45,74.24,43500,74.19,U
sz002409,雅克科技,2025-10-17 09:42:48,74.21,22600,74.24,D
sz002409,雅克科技,2025-10-17 09:42:51,74.2,8600,74.21,E
sz002409,雅克科技,2025-10-17 09:42:57,74.22,35000,74.23,E
sz002409,雅克科技,2025-10-17 09:43:00,74.25,4700,74.22,U
sz002409,雅克科技,2025-10-17 09:43:03,74.25,5100,74.25,E
sz002409,雅克科技,2025-10-17 09:43:06,74.34,5700,74.25,U
sz002409,雅克科技,2025-10-17 09:43:09,74.4,28700,74.34,U
sz002409,雅克科技,2025-10-17 09:43:12,74.49,6300,74.4,U
sz002409,雅克科技,2025-10-17 09:43:15,74.29,9100,74.49,D
sz002409,雅克科技,2025-10-17 09:43:18,74.4,7800,74.29,E
sz002409,雅克科技,2025-10-17 09:43:21,74.27,25000,74.4,D
sz002409,雅克科技,2025-10-17 09:43:24,74.22,10500,74.27,D
sz002409,雅克科技,2025-10-17 09:43:30,74.22,69700,74.31,D
sz002409,雅克科技,2025-10-17 09:43:33,74.2,3600,74.22,D
sz002409,雅克科技,2025-10-17 09:43:36,74.21,8300,74.2,D
sz002409,雅克科技,2025-10-17 09:43:39,74.25,38800,74.21,U
sz002409,雅克科技,2025-10-17 09:43:42,74.24,5700,74.25,D
sz002409,雅克科技,2025-10-17 09:43:45,74.22,7300,74.24,D
sz002409,雅克科技,2025-10-17 09:43:48,74.23,5400,74.22,U
sz002409,雅克科技,2025-10-17 09:43:51,74.21,3400,74.23,D
sz002409,雅克科技,2025-10-17 09:43:54,74.2,13400,74.21,D
sz002409,雅克科技,2025-10-17 09:43:57,74.23,11900,74.2,U
sz002409,雅克科技,2025-10-17 09:44:00,74.34,19300,74.23,U
sz002409,雅克科技,2025-10-17 09:44:03,74.33,11500,74.34,D
sz002409,雅克科技,2025-10-17 09:44:06,74.44,15500,74.33,U
sz002409,雅克科技,2025-10-17 09:44:09,74.4,14600,74.44,E
sz002409,雅克科技,2025-10-17 09:44:12,74.39,6100,74.4,D
sz002409,雅克科技,2025-10-17 09:44:15,74.38,3100,74.39,D
sz002409,雅克科技,2025-10-17 09:44:18,74.41,3300,74.38,E
sz002409,雅克科技,2025-10-17 09:44:24,74.39,5000,74.4,U
sz002409,雅克科技,2025-10-17 09:44:27,74.38,5400,74.39,D
sz002409,雅克科技,2025-10-17 09:44:30,74.34,2800,74.38,D
sz002409,雅克科技,2025-10-17 09:44:33,74.29,14900,74.34,D
sz002409,雅克科技,2025-10-17 09:44:36,74.29,3300,74.29,D
sz002409,雅克科技,2025-10-17 09:44:42,74.29,4200,74.29,D
sz002409,雅克科技,2025-10-17 09:44:45,74.26,22000,74.29,D
sz002409,雅克科技,2025-10-17 09:44:48,74.26,8400,74.26,U
sz002409,雅克科技,2025-10-17 09:44:51,74.2,23800,74.26,D
sz002409,雅克科技,2025-10-17 09:44:54,74.18,4800,74.2,D
sz002409,雅克科技,2025-10-17 09:45:03,74.12,19500,74.17,D
sz002409,雅克科技,2025-10-17 09:45:06,74.08,3500,74.12,D
sz002409,雅克科技,2025-10-17 09:45:09,74.08,6500,74.08,E
sz002409,雅克科技,2025-10-17 09:45:12,74.07,48900,74.08,D
sz002409,雅克科技,2025-10-17 09:45:15,74.07,4800,74.07,U
sz002409,雅克科技,2025-10-17 09:45:18,74.07,4900,74.07,D
sz002409,雅克科技,2025-10-17 09:45:21,74.07,7300,74.07,U
sz002409,雅克科技,2025-10-17 09:45:24,74.01,52900,74.07,D
sz002409,雅克科技,2025-10-17 09:45:27,74.07,27900,74.01,U
sz002409,雅克科技,2025-10-17 09:45:30,74.09,5000,74.07,E
sz002409,雅克科技,2025-10-17 09:45:33,74.21,20100,74.09,U
sz002409,雅克科技,2025-10-17 09:45:36,74.27,17700,74.21,U
sz002409,雅克科技,2025-10-17 09:45:39,74.25,6200,74.27,D
sz002409,雅克科技,2025-10-17 09:45:42,74.24,7700,74.25,D
sz002409,雅克科技,2025-10-17 09:45:54,74.18,7700,74.2,D
sz002409,雅克科技,2025-10-17 09:46:00,74.11,7200,74.09,E
sz002409,雅克科技,2025-10-17 09:46:03,73.93,60900,74.11,D
sz002409,雅克科技,2025-10-17 09:46:09,73.97,6400,73.93,U
sz002409,雅克科技,2025-10-17 09:46:12,73.88,8600,73.97,D
sz002409,雅克科技,2025-10-17 09:46:15,73.88,24200,73.88,D
sz002409,雅克科技,2025-10-17 09:46:18,73.9,9400,73.88,U
sz002409,雅克科技,2025-10-17 09:46:21,73.88,5200,73.9,D
sz002409,雅克科技,2025-10-17 09:46:24,73.9,19000,73.88,U
sz002409,雅克科技,2025-10-17 09:46:27,73.86,5300,73.9,E
sz002409,雅克科技,2025-10-17 09:46:30,73.86,5000,73.86,D
sz002409,雅克科技,2025-10-17 09:46:33,73.86,4200,73.86,E
sz002409,雅克科技,2025-10-17 09:46:36,73.82,12100,73.86,D
sz002409,雅克科技,2025-10-17 09:46:39,73.8,19600,73.82,D
sz002409,雅克科技,2025-10-17 09:46:42,73.77,10100,73.8,D
sz002409,雅克科技,2025-10-17 09:46:45,73.81,47200,73.77,U
sz002409,雅克科技,2025-10-17 09:46:48,73.81,17500,73.81,D
sz002409,雅克科技,2025-10-17 09:46:51,73.73,39000,73.81,D
sz002409,雅克科技,2025-10-17 09:46:54,73.78,7900,73.73,D
sz002409,雅克科技,2025-10-17 09:46:57,73.74,16300,73.78,D
sz002409,雅克科技,2025-10-17 09:47:00,73.74,4600,73.74,D
sz002409,雅克科技,2025-10-17 09:47:03,73.7,7600,73.74,D
sz002409,雅克科技,2025-10-17 09:47:06,73.62,20500,73.7,D
sz002409,雅克科技,2025-10-17 09:47:09,73.69,28200,73.62,E
sz002409,雅克科技,2025-10-17 09:47:12,73.69,15300,73.69,U
sz002409,雅克科技,2025-10-17 09:47:15,73.69,65815,73.69,D
sz002409,雅克科技,2025-10-17 09:47:18,73.71,10400,73.69,E
sz002409,雅克科技,2025-10-17 09:47:21,73.82,7900,73.71,E
sz002409,雅克科技,2025-10-17 09:47:24,73.79,5900,73.82,E
sz002409,雅克科技,2025-10-17 09:47:27,73.85,9200,73.79,U
sz002409,雅克科技,2025-10-17 09:47:30,73.84,9200,73.85,D
sz002409,雅克科技,2025-10-17 09:47:33,73.82,3400,73.84,D
sz002409,雅克科技,2025-10-17 09:47:36,73.73,9400,73.82,D
sz002409,雅克科技,2025-10-17 09:47:39,73.72,7400,73.73,D
sz002409,雅克科技,2025-10-17 09:47:42,73.79,11300,73.72,E
sz002409,雅克科技,2025-10-17 09:47:45,73.72,13300,73.79,E
sz002409,雅克科技,2025-10-17 09:47:51,73.66,3500,73.71,D
sz002409,雅克科技,2025-10-17 09:47:54,73.69,10000,73.66,U
sz002409,雅克科技,2025-10-17 09:47:57,73.7,30000,73.69,E
sz002409,雅克科技,2025-10-17 09:48:00,73.76,5200,73.7,E
sz002409,雅克科技,2025-10-17 09:48:03,73.7,4200,73.76,E
sz002409,雅克科技,2025-10-17 09:48:06,73.69,12100,73.7,D
sz002409,雅克科技,2025-10-17 09:48:09,73.76,15000,73.69,U
sz002409,雅克科技,2025-10-17 09:48:12,73.7,13300,73.76,D
sz002409,雅克科技,2025-10-17 09:48:15,73.66,19400,73.7,D
sz002409,雅克科技,2025-10-17 09:48:18,73.66,11100,73.66,U
sz002409,雅克科技,2025-10-17 09:48:21,73.69,3300,73.66,U
sz002409,雅克科技,2025-10-17 09:48:24,73.76,35900,73.69,U
sz002409,雅克科技,2025-10-17 09:48:27,73.76,16800,73.76,D
sz002409,雅克科技,2025-10-17 09:48:30,73.76,16600,73.76,U
sz002409,雅克科技,2025-10-17 09:48:33,73.76,8274,73.76,D
sz002409,雅克科技,2025-10-17 09:48:39,73.76,3426,73.78,D
sz002409,雅克科技,2025-10-17 09:48:42,73.74,4000,73.76,D
sz002409,雅克科技,2025-10-17 09:48:45,73.76,18300,73.74,U
sz002409,雅克科技,2025-10-17 09:48:48,73.74,7800,73.76,D
sz002409,雅克科技,2025-10-17 09:48:54,73.75,4200,73.75,U
sz002409,雅克科技,2025-10-17 09:48:57,73.75,12500,73.75,U
sz002409,雅克科技,2025-10-17 09:49:00,73.74,7000,73.75,U
sz002409,雅克科技,2025-10-17 09:49:03,73.75,20200,73.74,U
sz002409,雅克科技,2025-10-17 09:49:06,73.77,10474,73.75,U
sz002409,雅克科技,2025-10-17 09:49:09,73.79,11700,73.77,E
sz002409,雅克科技,2025-10-17 09:49:12,73.84,8500,73.79,U
sz002409,雅克科技,2025-10-17 09:49:15,73.8,17600,73.84,D
sz002409,雅克科技,2025-10-17 09:49:18,73.82,25200,73.8,E
sz002409,雅克科技,2025-10-17 09:49:21,73.82,6500,73.82,E
sz002409,雅克科技,2025-10-17 09:49:24,73.77,7600,73.82,D
sz002409,雅克科技,2025-10-17 09:49:27,73.82,25200,73.77,E
sz002409,雅克科技,2025-10-17 09:49:33,73.82,11700,73.82,U
sz002409,雅克科技,2025-10-17 09:49:36,73.8,8500,73.82,E
sz002409,雅克科技,2025-10-17 09:49:39,73.81,6200,73.8,U
sz002409,雅克科技,2025-10-17 09:49:42,73.81,19300,73.81,U
sz002409,雅克科技,2025-10-17 09:49:45,73.91,20700,73.81,U
sz002409,雅克科技,2025-10-17 09:49:48,73.83,11100,73.91,D
sz002409,雅克科技,2025-10-17 09:49:51,73.85,4600,73.83,U
sz002409,雅克科技,2025-10-17 09:49:54,73.9,4300,73.85,U
sz002409,雅克科技,2025-10-17 09:49:57,74.01,26700,73.9,U
sz002409,雅克科技,2025-10-17 09:50:00,74.01,4300,74.01,E
sz002409,雅克科技,2025-10-17 09:50:03,73.98,11500,74.01,D
sz002409,雅克科技,2025-10-17 09:50:12,73.9,9200,73.97,D
sz002409,雅克科技,2025-10-17 09:50:21,73.89,6300,73.89,D
sz002409,雅克科技,2025-10-17 09:50:24,73.74,30500,73.89,D
sz002409,雅克科技,2025-10-17 09:50:27,73.77,7500,73.74,E
sz002409,雅克科技,2025-10-17 09:50:30,73.8,10800,73.77,U
sz002409,雅克科技,2025-10-17 09:50:33,73.93,3500,73.8,U
sz002409,雅克科技,2025-10-17 09:50:36,73.92,6900,73.93,D
sz002409,雅克科技,2025-10-17 09:50:39,73.99,9400,73.92,E
sz002409,雅克科技,2025-10-17 09:50:42,73.92,5900,73.99,D
sz002409,雅克科技,2025-10-17 09:50:45,73.88,10200,73.92,D
sz002409,雅克科技,2025-10-17 09:50:51,73.83,8600,73.88,D
sz002409,雅克科技,2025-10-17 09:50:54,73.8,3500,73.83,D
sz002409,雅克科技,2025-10-17 09:51:00,73.8,4200,73.8,U
sz002409,雅克科技,2025-10-17 09:51:03,73.8,5200,73.8,D
sz002409,雅克科技,2025-10-17 09:51:06,73.8,4500,73.8,D
sz002409,雅克科技,2025-10-17 09:51:09,73.78,3500,73.8,D
sz002409,雅克科技,2025-10-17 09:51:12,73.73,10600,73.78,D
sz002409,雅克科技,2025-10-17 09:51:15,73.76,12900,73.73,U
sz002409,雅克科技,2025-10-17 09:51:18,73.73,15800,73.76,E
sz002409,雅克科技,2025-10-17 09:51:21,73.75,15900,73.73,E
sz002409,雅克科技,2025-10-17 09:51:27,73.76,5300,73.74,U
sz002409,雅克科技,2025-10-17 09:51:33,73.75,4700,73.73,U
sz002409,雅克科技,2025-10-17 09:51:36,73.77,21600,73.75,U
sz002409,雅克科技,2025-10-17 09:51:42,73.79,6200,73.77,E
sz002409,雅克科技,2025-10-17 09:51:45,73.79,5300,73.79,D
sz002409,雅克科技,2025-10-17 09:51:48,73.76,5300,73.79,D
sz002409,雅克科技,2025-10-17 09:51:51,73.79,14100,73.76,U
sz002409,雅克科技,2025-10-17 09:51:54,73.77,6700,73.79,D
sz002409,雅克科技,2025-10-17 09:51:57,73.77,15800,73.77,D
sz002409,雅克科技,2025-10-17 09:52:00,73.77,16300,73.77,U
sz002409,雅克科技,2025-10-17 09:52:03,73.77,5500,73.77,D
sz002409,雅克科技,2025-10-17 09:52:06,73.92,3100,73.77,U
sz002409,雅克科技,2025-10-17 09:52:09,73.94,8500,73.92,U
sz002409,雅克科技,2025-10-17 09:52:15,74.01,13700,73.95,U
sz002409,雅克科技,2025-10-17 09:52:18,74.08,3100,74.01,U
sz002409,雅克科技,2025-10-17 09:52:21,74.0,3400,74.08,D
sz002409,雅克科技,2025-10-17 09:52:24,74.08,6900,74.0,U
sz002409,雅克科技,2025-10-17 09:52:27,74.09,6700,74.08,U
sz002409,雅克科技,2025-10-17 09:52:30,74.1,4300,74.09,E
sz002409,雅克科技,2025-10-17 09:52:33,74.03,19800,74.1,D
sz002409,雅克科技,2025-10-17 09:52:36,74.0,9900,74.03,D
sz002409,雅克科技,2025-10-17 09:52:39,74.1,11800,74.0,U
sz002409,雅克科技,2025-10-17 09:52:45,74.08,7500,74.04,E
sz002409,雅克科技,2025-10-17 09:52:48,74.11,6100,74.08,U
sz002409,雅克科技,2025-10-17 09:52:51,74.11,2900,74.11,D
sz002409,雅克科技,2025-10-17 09:52:54,74.18,3200,74.11,U
sz002409,雅克科技,2025-10-17 09:53:00,74.17,2800,74.17,D
sz002409,雅克科技,2025-10-17 09:53:03,74.18,4000,74.17,U
sz002409,雅克科技,2025-10-17 09:53:06,74.18,3600,74.18,D
sz002409,雅克科技,2025-10-17 09:53:12,74.23,3800,74.19,U
sz002409,雅克科技,2025-10-17 09:53:15,74.19,11500,74.23,D
sz002409,雅克科技,2025-10-17 09:53:18,74.19,2900,74.19,D
sz002409,雅克科技,2025-10-17 09:53:21,74.11,16200,74.19,D
sz002409,雅克科技,2025-10-17 09:53:24,74.04,7600,74.11,D
sz002409,雅克科技,2025-10-17 09:53:30,74.09,12400,74.11,D
sz002409,雅克科技,2025-10-17 09:53:33,74.04,3600,74.09,D
sz002409,雅克科技,2025-10-17 09:53:36,74.11,2700,74.04,U
sz002409,雅克科技,2025-10-17 09:53:39,74.12,22400,74.11,U
sz002409,雅克科技,2025-10-17 09:53:42,74.05,5800,74.12,D
sz002409,雅克科技,2025-10-17 09:53:51,74.13,3000,74.13,U
sz002409,雅克科技,2025-10-17 09:53:57,74.07,4800,74.09,D
sz002409,雅克科技,2025-10-17 09:54:00,73.99,9000,74.07,D
sz002409,雅克科技,2025-10-17 09:54:09,74.07,6500,73.92,U
sz002409,雅克科技,2025-10-17 09:54:12,73.97,17900,74.07,D
sz002409,雅克科技,2025-10-17 09:54:21,74.08,3300,74.03,U
sz002409,雅克科技,2025-10-17 09:54:24,74.08,5600,74.08,U
sz002409,雅克科技,2025-10-17 09:54:27,74.07,3200,74.08,E
sz002409,雅克科技,2025-10-17 09:54:33,73.96,12600,74.01,D
sz002409,雅克科技,2025-10-17 09:54:42,73.88,3900,73.92,D
sz002409,雅克科技,2025-10-17 09:54:45,73.9,5700,73.88,E
sz002409,雅克科技,2025-10-17 09:54:51,73.91,35800,73.91,U
sz002409,雅克科技,2025-10-17 09:54:54,74.0,9800,73.91,U
sz002409,雅克科技,2025-10-17 09:54:57,73.91,3600,74.0,D
sz002409,雅克科技,2025-10-17 09:55:00,73.91,3700,73.91,D
sz002409,雅克科技,2025-10-17 09:55:06,74.01,6800,73.93,U
sz002409,雅克科技,2025-10-17 09:55:12,73.97,3400,73.92,U
sz002409,雅克科技,2025-10-17 09:55:15,73.94,8400,73.97,E
sz002409,雅克科技,2025-10-17 09:55:21,73.95,6500,73.97,D
sz002409,雅克科技,2025-10-17 09:55:24,74.02,7200,73.95,U
sz002409,雅克科技,2025-10-17 09:55:27,74.04,13600,74.02,U
sz002409,雅克科技,2025-10-17 09:55:30,74.08,7500,74.04,U
sz002409,雅克科技,2025-10-17 09:55:48,74.05,8800,74.03,U
sz002409,雅克科技,2025-10-17 09:56:00,73.9,9600,73.94,D
sz002409,雅克科技,2025-10-17 09:56:03,73.87,7500,73.9,D
sz002409,雅克科技,2025-10-17 09:56:06,73.85,4500,73.87,D
sz002409,雅克科技,2025-10-17 09:56:12,73.81,5600,73.81,D
sz002409,雅克科技,2025-10-17 09:56:18,73.77,4600,73.81,D
sz002409,雅克科技,2025-10-17 09:56:27,73.77,13500,73.78,D
sz002409,雅克科技,2025-10-17 09:56:33,73.79,5300,73.78,U
sz002409,雅克科技,2025-10-17 09:56:36,73.76,3900,73.79,D
sz002409,雅克科技,2025-10-17 09:56:39,73.68,46000,73.76,D
sz002409,雅克科技,2025-10-17 09:56:42,73.69,9900,73.68,U
sz002409,雅克科技,2025-10-17 09:56:48,73.61,11100,73.64,D
sz002409,雅克科技,2025-10-17 09:56:51,73.61,7200,73.61,D
sz002409,雅克科技,2025-10-17 09:56:54,73.58,20600,73.61,D
sz002409,雅克科技,2025-10-17 09:56:57,73.57,6100,73.58,D
sz002409,雅克科技,2025-10-17 09:57:00,73.55,4800,73.57,D
sz002409,雅克科技,2025-10-17 09:57:03,73.55,2900,73.55,D
sz002409,雅克科技,2025-10-17 09:57:06,73.51,4800,73.55,D
sz002409,雅克科技,2025-10-17 09:57:09,73.5,45800,73.51,D
sz002409,雅克科技,2025-10-17 09:57:12,73.48,6700,73.5,D
sz002409,雅克科技,2025-10-17 09:57:15,73.58,40400,73.48,U
sz002409,雅克科技,2025-10-17 09:57:18,73.59,6500,73.58,D
sz002409,雅克科技,2025-10-17 09:57:21,73.59,23500,73.59,D
sz002409,雅克科技,2025-10-17 09:57:24,73.68,16200,73.59,U
sz002409,雅克科技,2025-10-17 09:57:27,73.7,5700,73.68,U
sz002409,雅克科技,2025-10-17 09:57:33,73.75,5400,73.64,U
sz002409,雅克科技,2025-10-17 09:57:36,73.72,4900,73.75,D
sz002409,雅克科技,2025-10-17 09:57:42,73.77,3300,73.77,D
sz002409,雅克科技,2025-10-17 09:57:45,73.78,10000,73.77,U
sz002409,雅克科技,2025-10-17 09:57:48,73.78,4900,73.78,U
sz002409,雅克科技,2025-10-17 09:57:51,73.76,4500,73.78,D
sz002409,雅克科技,2025-10-17 09:57:54,73.78,5500,73.76,U
sz002409,雅克科技,2025-10-17 09:58:00,73.72,3400,73.72,D
sz002409,雅克科技,2025-10-17 09:58:09,73.68,4700,73.7,D
sz002409,雅克科技,2025-10-17 09:58:21,73.7,10100,73.7,D
sz002409,雅克科技,2025-10-17 09:58:30,73.66,5300,73.7,D
sz002409,雅克科技,2025-10-17 09:58:36,73.58,8300,73.66,D
sz002409,雅克科技,2025-10-17 09:58:39,73.6,11200,73.58,E
sz002409,雅克科技,2025-10-17 09:58:48,73.61,4600,73.61,U
sz002409,雅克科技,2025-10-17 09:58:51,73.6,6400,73.61,D
sz002409,雅克科技,2025-10-17 09:58:54,73.6,14400,73.6,D
sz002409,雅克科技,2025-10-17 09:59:00,73.65,14800,73.6,U
sz002409,雅克科技,2025-10-17 09:59:06,73.7,6200,73.64,U
sz002409,雅克科技,2025-10-17 09:59:09,73.73,8700,73.7,U
sz002409,雅克科技,2025-10-17 09:59:12,73.8,10000,73.73,U
sz002409,雅克科技,2025-10-17 09:59:27,73.69,5700,73.8,D
sz002409,雅克科技,2025-10-17 09:59:39,73.78,3300,73.78,U
sz002409,雅克科技,2025-10-17 09:59:57,73.66,5700,73.7,D
sz002409,雅克科技,2025-10-17 10:00:00,73.62,3000,73.66,D
sz002409,雅克科技,2025-10-17 10:00:03,73.53,14900,73.62,D
sz002409,雅克科技,2025-10-17 10:00:06,73.53,4400,73.53,D
sz002409,雅克科技,2025-10-17 10:00:09,73.56,12000,73.53,E
sz002409,雅克科技,2025-10-17 10:00:12,73.5,28500,73.56,D
sz002409,雅克科技,2025-10-17 10:00:15,73.5,14000,73.5,U
sz002409,雅克科技,2025-10-17 10:00:18,73.5,10600,73.5,U
sz002409,雅克科技,2025-10-17 10:00:21,73.5,7700,73.5,D
sz002409,雅克科技,2025-10-17 10:00:24,73.5,3400,73.5,U
sz002409,雅克科技,2025-10-17 10:00:27,73.48,3700,73.5,D
sz002409,雅克科技,2025-10-17 10:00:30,73.46,8200,73.48,D
sz002409,雅克科技,2025-10-17 10:00:36,73.44,6100,73.45,D
sz002409,雅克科技,2025-10-17 10:00:42,73.44,6500,73.44,U
sz002409,雅克科技,2025-10-17 10:00:45,73.42,7200,73.44,D
sz002409,雅克科技,2025-10-17 10:00:48,73.4,9200,73.42,D
sz002409,雅克科技,2025-10-17 10:00:51,73.38,5600,73.4,D
sz002409,雅克科技,2025-10-17 10:00:54,73.42,3600,73.38,U
sz002409,雅克科技,2025-10-17 10:00:57,73.4,12200,73.42,D
sz002409,雅克科技,2025-10-17 10:01:00,73.37,46958,73.4,D
sz002409,雅克科技,2025-10-17 10:01:06,73.41,4900,73.37,U
sz002409,雅克科技,2025-10-17 10:01:12,73.38,3500,73.4,U
sz002409,雅克科技,2025-10-17 10:01:15,73.36,13800,73.38,D
sz002409,雅克科技,2025-10-17 10:01:21,73.35,12500,73.36,D
sz002409,雅克科技,2025-10-17 10:01:24,73.35,4500,73.35,D
sz002409,雅克科技,2025-10-17 10:01:30,73.3,4000,73.35,D
sz002409,雅克科技,2025-10-17 10:01:33,73.26,4500,73.3,D
sz002409,雅克科技,2025-10-17 10:01:36,73.28,5900,73.26,U
sz002409,雅克科技,2025-10-17 10:01:39,73.3,9600,73.28,U
sz002409,雅克科技,2025-10-17 10:01:42,73.28,8300,73.3,E
sz002409,雅克科技,2025-10-17 10:01:45,73.25,52500,73.28,E
sz002409,雅克科技,2025-10-17 10:01:48,73.25,20900,73.25,U
sz002409,雅克科技,2025-10-17 10:01:51,73.32,12000,73.25,U
sz002409,雅克科技,2025-10-17 10:01:54,73.29,20000,73.32,E
sz002409,雅克科技,2025-10-17 10:01:57,73.23,13300,73.29,D
sz002409,雅克科技,2025-10-17 10:02:03,73.28,13700,73.3,D
sz002409,雅克科技,2025-10-17 10:02:06,73.28,5500,73.28,E
sz002409,雅克科技,2025-10-17 10:02:09,73.44,35300,73.28,U
sz002409,雅克科技,2025-10-17 10:02:12,73.44,4600,73.44,U
sz002409,雅克科技,2025-10-17 10:02:15,73.49,5200,73.44,U
sz002409,雅克科技,2025-10-17 10:02:18,73.46,24000,73.49,D
sz002409,雅克科技,2025-10-17 10:02:27,73.6,4300,73.5,U
sz002409,雅克科技,2025-10-17 10:02:42,73.61,8600,73.61,U
sz002409,雅克科技,2025-10-17 10:02:45,73.61,4900,73.61,D
sz002409,雅克科技,2025-10-17 10:02:51,73.76,3600,73.75,U
sz002409,雅克科技,2025-10-17 10:02:57,73.77,6300,73.77,U
sz002409,雅克科技,2025-10-17 10:03:03,73.66,4000,73.68,D
sz002409,雅克科技,2025-10-17 10:03:09,73.69,4800,73.68,E
sz002409,雅克科技,2025-10-17 10:03:15,73.7,5400,73.7,U
sz002409,雅克科技,2025-10-17 10:03:18,73.67,4800,73.7,D
sz002409,雅克科技,2025-10-17 10:03:21,73.6,28100,73.67,D
sz002409,雅克科技,2025-10-17 10:03:30,73.51,9800,73.62,D
sz002409,雅克科技,2025-10-17 10:03:33,73.51,3800,73.51,D
sz002409,雅克科技,2025-10-17 10:03:39,73.59,8400,73.51,U
sz002409,雅克科技,2025-10-17 10:03:42,73.55,26000,73.59,D
sz002409,雅克科技,2025-10-17 10:03:48,73.66,4400,73.56,U
sz002409,雅克科技,2025-10-17 10:03:51,73.53,3700,73.66,D
sz002409,雅克科技,2025-10-17 10:03:54,73.53,4900,73.53,U
sz002409,雅克科技,2025-10-17 10:04:00,73.5,7700,73.5,U
sz002409,雅克科技,2025-10-17 10:04:03,73.52,8000,73.5,U
sz002409,雅克科技,2025-10-17 10:04:06,73.57,3800,73.52,U
sz002409,雅克科技,2025-10-17 10:04:09,73.63,3100,73.57,U
sz002409,雅克科技,2025-10-17 10:04:12,73.52,26400,73.63,D
sz002409,雅克科技,2025-10-17 10:04:18,73.55,5500,73.64,D
sz002409,雅克科技,2025-10-17 10:04:24,73.56,26100,73.62,D
sz002409,雅克科技,2025-10-17 10:04:27,73.63,8600,73.56,U
sz002409,雅克科技,2025-10-17 10:04:36,73.63,3000,73.56,U
sz002409,雅克科技,2025-10-17 10:04:42,73.53,6500,73.56,E
sz002409,雅克科技,2025-10-17 10:04:48,73.5,6100,73.52,D
sz002409,雅克科技,2025-10-17 10:04:57,73.62,5700,73.51,U
sz002409,雅克科技,2025-10-17 10:05:00,73.66,17000,73.62,U
sz002409,雅克科技,2025-10-17 10:05:03,73.7,3100,73.66,U
sz002409,雅克科技,2025-10-17 10:05:12,73.7,3300,73.75,E
sz002409,雅克科技,2025-10-17 10:05:15,73.82,18400,73.7,U
sz002409,雅克科技,2025-10-17 10:05:18,73.88,5500,73.82,U
sz002409,雅克科技,2025-10-17 10:05:24,73.81,3300,73.88,D
sz002409,雅克科技,2025-10-17 10:05:27,73.77,6500,73.81,D
sz002409,雅克科技,2025-10-17 10:05:30,73.75,20200,73.77,D
sz002409,雅克科技,2025-10-17 10:05:36,73.75,4600,73.72,U
sz002409,雅克科技,2025-10-17 10:05:45,73.82,9800,73.82,U
sz002409,雅克科技,2025-10-17 10:05:51,73.82,6800,73.8,U
sz002409,雅克科技,2025-10-17 10:05:57,73.9,8600,73.79,U
sz002409,雅克科技,2025-10-17 10:06:03,73.82,11100,73.83,D
sz002409,雅克科技,2025-10-17 10:06:12,73.9,4500,73.82,U
sz002409,雅克科技,2025-10-17 10:06:15,73.87,3600,73.9,U
sz002409,雅克科技,2025-10-17 10:06:18,73.88,3100,73.87,U
sz002409,雅克科技,2025-10-17 10:06:24,73.91,4800,73.92,D
sz002409,雅克科技,2025-10-17 10:06:27,73.94,4800,73.91,U
sz002409,雅克科技,2025-10-17 10:06:30,73.86,9300,73.94,D
sz002409,雅克科技,2025-10-17 10:06:39,73.81,5500,73.82,D
sz002409,雅克科技,2025-10-17 10:06:45,73.89,3600,73.8,U
sz002409,雅克科技,2025-10-17 10:06:48,73.94,10300,73.89,U
sz002409,雅克科技,2025-10-17 10:06:57,74.05,10200,73.93,U
sz002409,雅克科技,2025-10-17 10:07:03,74.01,3500,73.95,E
sz002409,雅克科技,2025-10-17 10:07:15,73.98,2900,74.06,D
sz002409,雅克科技,2025-10-17 10:07:18,74.06,3600,73.98,U
sz002409,雅克科技,2025-10-17 10:07:27,74.1,4300,74.1,U
sz002409,雅克科技,2025-10-17 10:07:30,74.07,4400,74.1,D
sz002409,雅克科技,2025-10-17 10:07:33,74.18,5200,74.07,U
sz002409,雅克科技,2025-10-17 10:07:39,74.25,3000,74.17,U
sz002409,雅克科技,2025-10-17 10:07:57,74.25,6600,74.21,U
sz002409,雅克科技,2025-10-17 10:08:00,74.26,3100,74.25,E
sz002409,雅克科技,2025-10-17 10:08:03,74.36,2800,74.26,U
sz002409,雅克科技,2025-10-17 10:08:09,74.35,3700,74.34,E
sz002409,雅克科技,2025-10-17 10:08:12,74.35,5100,74.35,E
sz002409,雅克科技,2025-10-17 10:08:15,74.32,22100,74.35,D
sz002409,雅克科技,2025-10-17 10:08:18,74.31,3400,74.32,D
sz002409,雅克科技,2025-10-17 10:08:21,74.34,5000,74.31,U
sz002409,雅克科技,2025-10-17 10:08:24,74.36,6100,74.34,U
sz002409,雅克科技,2025-10-17 10:08:27,74.34,6300,74.36,D
sz002409,雅克科技,2025-10-17 10:08:30,74.34,5100,74.34,D
sz002409,雅克科技,2025-10-17 10:08:33,74.31,6800,74.34,D
sz002409,雅克科技,2025-10-17 10:08:39,74.36,4900,74.33,U
sz002409,雅克科技,2025-10-17 10:08:45,74.42,4300,74.42,D
sz002409,雅克科技,2025-10-17 10:08:48,74.42,6900,74.42,D
sz002409,雅克科技,2025-10-17 10:08:51,74.49,17200,74.42,U
sz002409,雅克科技,2025-10-17 10:08:57,74.5,20000,74.4,U
sz002409,雅克科技,2025-10-17 10:09:12,74.55,12600,74.4,U
sz002409,雅克科技,2025-10-17 10:09:15,74.58,5700,74.55,E
sz002409,雅克科技,2025-10-17 10:09:18,74.57,5400,74.58,D
sz002409,雅克科技,2025-10-17 10:09:24,74.63,3200,74.68,D
sz002409,雅克科技,2025-10-17 10:09:27,74.65,4300,74.63,U
sz002409,雅克科技,2025-10-17 10:09:30,74.6,7300,74.65,E
sz002409,雅克科技,2025-10-17 10:09:33,74.58,3000,74.6,E
sz002409,雅克科技,2025-10-17 10:09:39,74.56,6000,74.58,U
sz002409,雅克科技,2025-10-17 10:09:45,74.45,4100,74.46,D
sz002409,雅克科技,2025-10-17 10:09:48,74.44,6000,74.45,D
sz002409,雅克科技,2025-10-17 10:09:54,74.4,11900,74.41,D
sz002409,雅克科技,2025-10-17 10:09:57,74.4,6100,74.4,E
sz002409,雅克科技,2025-10-17 10:10:03,74.32,2800,74.39,D
sz002409,雅克科技,2025-10-17 10:10:06,74.36,8300,74.32,U
sz002409,雅克科技,2025-10-17 10:10:09,74.32,2700,74.36,E
sz002409,雅克科技,2025-10-17 10:10:18,74.46,8200,74.37,U
sz002409,雅克科技,2025-10-17 10:10:21,74.45,2700,74.46,E
sz002409,雅克科技,2025-10-17 10:10:27,74.6,6800,74.48,U
sz002409,雅克科技,2025-10-17 10:10:33,74.63,3800,74.58,U
sz002409,雅克科技,2025-10-17 10:10:36,74.63,12200,74.63,D
sz002409,雅克科技,2025-10-17 10:10:39,74.69,11200,74.63,U
sz002409,雅克科技,2025-10-17 10:10:42,74.67,10300,74.69,D
sz002409,雅克科技,2025-10-17 10:10:45,74.68,11000,74.67,U
sz002409,雅克科技,2025-10-17 10:10:48,74.71,5200,74.68,U
sz002409,雅克科技,2025-10-17 10:10:51,74.73,4300,74.71,U
sz002409,雅克科技,2025-10-17 10:10:57,74.72,8900,74.7,U
sz002409,雅克科技,2025-10-17 10:11:00,74.7,7900,74.72,D
sz002409,雅克科技,2025-10-17 10:11:06,74.65,3300,74.71,D
sz002409,雅克科技,2025-10-17 10:11:12,74.71,15200,74.71,U
sz002409,雅克科技,2025-10-17 10:11:18,74.71,2900,74.71,U
sz002409,雅克科技,2025-10-17 10:11:21,74.8,12800,74.71,U
sz002409,雅克科技,2025-10-17 10:11:24,74.77,10700,74.8,E
sz002409,雅克科技,2025-10-17 10:11:33,74.72,11900,74.72,U
sz002409,雅克科技,2025-10-17 10:11:39,74.71,6500,74.72,D
sz002409,雅克科技,2025-10-17 10:11:45,74.68,8300,74.72,D
sz002409,雅克科技,2025-10-17 10:11:48,74.66,2700,74.68,D
sz002409,雅克科技,2025-10-17 10:11:51,74.77,29600,74.66,U
sz002409,雅克科技,2025-10-17 10:11:57,74.79,4900,74.73,U
sz002409,雅克科技,2025-10-17 10:12:00,74.73,4700,74.79,D
sz002409,雅克科技,2025-10-17 10:12:06,74.69,22900,74.71,D
sz002409,雅克科技,2025-10-17 10:12:09,74.67,5000,74.69,D
sz002409,雅克科技,2025-10-17 10:12:12,74.67,8900,74.67,D
sz002409,雅克科技,2025-10-17 10:12:18,74.67,10100,74.66,U
sz002409,雅克科技,2025-10-17 10:12:24,74.69,17600,74.6,U
sz002409,雅克科技,2025-10-17 10:12:27,74.78,5000,74.69,U
sz002409,雅克科技,2025-10-17 10:12:30,74.69,5200,74.78,D
sz002409,雅克科技,2025-10-17 10:12:42,74.71,8500,74.7,D
sz002409,雅克科技,2025-10-17 10:12:45,74.71,8800,74.71,U
sz002409,雅克科技,2025-10-17 10:12:51,74.79,9100,74.77,U
sz002409,雅克科技,2025-10-17 10:12:57,74.7,10500,74.68,D
sz002409,雅克科技,2025-10-17 10:13:06,74.68,9000,74.69,D
sz002409,雅克科技,2025-10-17 10:13:12,74.64,221200,74.7,D
sz002409,雅克科技,2025-10-17 10:13:18,74.68,6000,74.69,D
sz002409,雅克科技,2025-10-17 10:13:21,74.81,10200,74.68,U
sz002409,雅克科技,2025-10-17 10:13:27,74.84,3500,74.84,U
sz002409,雅克科技,2025-10-17 10:13:30,74.85,10900,74.84,U
sz002409,雅克科技,2025-10-17 10:13:45,75.11,17100,74.91,U
sz002409,雅克科技,2025-10-17 10:13:54,75.17,25200,75.13,U
sz002409,雅克科技,2025-10-17 10:13:57,75.33,4100,75.17,U
sz002409,雅克科技,2025-10-17 10:14:03,75.25,5900,75.24,U
sz002409,雅克科技,2025-10-17 10:14:06,75.24,10300,75.25,E
sz002409,雅克科技,2025-10-17 10:14:12,75.06,5900,75.24,D
sz002409,雅克科技,2025-10-17 10:14:15,75.06,6300,75.06,D
sz002409,雅克科技,2025-10-17 10:14:18,75.01,3500,75.06,D
sz002409,雅克科技,2025-10-17 10:14:24,75.1,7500,75.01,U
sz002409,雅克科技,2025-10-17 10:14:30,74.99,15600,75.01,D
sz002409,雅克科技,2025-10-17 10:14:33,75.04,13900,74.99,U
sz002409,雅克科技,2025-10-17 10:14:39,75.04,3900,75.01,U
sz002409,雅克科技,2025-10-17 10:15:00,74.91,3500,74.91,U
sz002409,雅克科技,2025-10-17 10:15:09,74.82,3200,74.8,E
sz002409,雅克科技,2025-10-17 10:15:39,74.8,3400,74.74,U
sz002409,雅克科技,2025-10-17 10:15:42,74.81,3800,74.8,D
sz002409,雅克科技,2025-10-17 10:16:12,74.9,11700,74.86,U
sz002409,雅克科技,2025-10-17 10:16:15,74.95,5300,74.9,U
sz002409,雅克科技,2025-10-17 10:16:30,74.87,19300,74.95,D
sz002409,雅克科技,2025-10-17 10:16:36,74.86,5100,74.94,D
sz002409,雅克科技,2025-10-17 10:16:39,74.86,3500,74.86,U
sz002409,雅克科技,2025-10-17 10:16:51,74.86,4200,74.85,U
sz002409,雅克科技,2025-10-17 10:17:00,75.0,10300,74.84,U
sz002409,雅克科技,2025-10-17 10:17:24,75.13,14000,75.09,U
sz002409,雅克科技,2025-10-17 10:17:30,75.3,3800,75.2,U
sz002409,雅克科技,2025-10-17 10:17:33,75.28,32900,75.3,E
sz002409,雅克科技,2025-10-17 10:17:36,75.28,4700,75.28,U
sz002409,雅克科技,2025-10-17 10:17:42,75.19,6300,75.28,D
sz002409,雅克科技,2025-10-17 10:17:54,75.0,7600,75.06,D
sz002409,雅克科技,2025-10-17 10:18:03,74.86,15500,74.9,D
sz002409,雅克科技,2025-10-17 10:18:06,74.9,5800,74.86,U
sz002409,雅克科技,2025-10-17 10:18:09,74.82,13900,74.9,D
sz002409,雅克科技,2025-10-17 10:18:15,74.9,2900,74.9,U
sz002409,雅克科技,2025-10-17 10:18:24,74.95,9200,74.93,E
sz002409,雅克科技,2025-10-17 10:18:54,74.82,2700,74.83,D
sz002409,雅克科技,2025-10-17 10:19:09,74.79,9900,74.8,D
sz002409,雅克科技,2025-10-17 10:19:21,74.82,5400,74.79,U
sz002409,雅克科技,2025-10-17 10:19:42,74.87,8800,74.84,U
sz002409,雅克科技,2025-10-17 10:20:00,74.6,15800,74.75,D
sz002409,雅克科技,2025-10-17 10:20:03,74.67,3400,74.6,E
sz002409,雅克科技,2025-10-17 10:20:09,74.71,4600,74.68,U
sz002409,雅克科技,2025-10-17 10:20:18,74.7,5700,74.71,D
sz002409,雅克科技,2025-10-17 10:20:21,74.74,5000,74.7,U
sz002409,雅克科技,2025-10-17 10:20:24,74.75,2700,74.74,U
sz002409,雅克科技,2025-10-17 10:20:45,74.68,8600,74.62,U
sz002409,雅克科技,2025-10-17 10:20:51,74.68,3000,74.68,U
sz002409,雅克科技,2025-10-17 10:22:12,74.51,6000,74.48,U
sz002409,雅克科技,2025-10-17 10:22:15,74.66,4900,74.51,U
sz002409,雅克科技,2025-10-17 10:22:54,74.68,6700,74.7,D
sz002409,雅克科技,2025-10-17 10:23:09,74.48,3100,74.49,E
sz002409,雅克科技,2025-10-17 10:23:15,74.34,7400,74.46,D
sz002409,雅克科技,2025-10-17 10:23:18,74.33,7700,74.34,D
sz002409,雅克科技,2025-10-17 10:23:30,74.42,2700,74.34,U
sz002409,雅克科技,2025-10-17 10:23:36,74.33,2900,74.32,E
sz002409,雅克科技,2025-10-17 10:23:42,74.33,5900,74.33,D
sz002409,雅克科技,2025-10-17 10:24:21,74.25,4200,74.26,D
sz002409,雅克科技,2025-10-17 10:24:24,74.27,12400,74.25,U
sz002409,雅克科技,2025-10-17 10:24:42,74.2,11400,74.2,U
sz002409,雅克科技,2025-10-17 10:24:54,74.2,3100,74.21,D
sz002409,雅克科技,2025-10-17 10:25:15,74.21,7400,74.07,U
sz002409,雅克科技,2025-10-17 10:25:30,74.28,3200,74.18,U
sz002409,雅克科技,2025-10-17 10:25:45,74.24,9000,74.27,D
sz002409,雅克科技,2025-10-17 10:25:51,74.18,5500,74.24,D
sz002409,雅克科技,2025-10-17 10:26:15,74.24,9900,74.2,U
sz002409,雅克科技,2025-10-17 10:26:27,74.2,12800,74.25,D
sz002409,雅克科技,2025-10-17 10:26:33,74.19,3700,74.2,D
sz002409,雅克科技,2025-10-17 10:26:36,74.18,3700,74.19,D
sz002409,雅克科技,2025-10-17 10:26:42,74.15,7000,74.18,D
sz002409,雅克科技,2025-10-17 10:26:48,74.18,6200,74.15,E
sz002409,雅克科技,2025-10-17 10:26:51,74.13,20300,74.18,D
sz002409,雅克科技,2025-10-17 10:27:00,74.25,28000,74.18,U
sz002409,雅克科技,2025-10-17 10:27:06,74.37,10500,74.24,U
sz002409,雅克科技,2025-10-17 10:27:30,74.54,2700,74.46,U
sz002409,雅克科技,2025-10-17 10:27:42,74.5,3200,74.48,E
sz002409,雅克科技,2025-10-17 10:27:45,74.49,7200,74.5,D
sz002409,雅克科技,2025-10-17 10:27:51,74.5,21500,74.49,U
sz002409,雅克科技,2025-10-17 10:28:03,74.49,13700,74.52,D
sz002409,雅克科技,2025-10-17 10:28:09,74.42,3600,74.45,D
sz002409,雅克科技,2025-10-17 10:28:15,74.42,4800,74.44,D
sz002409,雅克科技,2025-10-17 10:28:27,74.42,8100,74.49,D
sz002409,雅克科技,2025-10-17 10:28:48,74.3,6100,74.37,D
sz002409,雅克科技,2025-10-17 10:29:03,74.29,12800,74.31,D
sz002409,雅克科技,2025-10-17 10:29:21,74.18,7400,74.25,D
sz002409,雅克科技,2025-10-17 10:29:36,74.16,18500,74.19,D
sz002409,雅克科技,2025-10-17 10:29:48,74.12,6000,74.13,D
sz002409,雅克科技,2025-10-17 10:29:57,74.1,2900,74.12,D
sz002409,雅克科技,2025-10-17 10:30:27,74.21,2800,74.23,D
sz002409,雅克科技,2025-10-17 10:30:51,74.2,3700,74.22,D
sz002409,雅克科技,2025-10-17 10:30:54,74.2,5100,74.2,D
sz002409,雅克科技,2025-10-17 10:31:24,74.35,4000,74.34,U
sz002409,雅克科技,2025-10-17 10:31:33,74.35,9400,74.34,U
sz002409,雅克科技,2025-10-17 10:31:36,74.36,3100,74.35,U
sz002409,雅克科技,2025-10-17 10:32:03,74.5,12100,74.48,U
sz002409,雅克科技,2025-10-17 10:32:06,74.43,9700,74.5,E
sz002409,雅克科技,2025-10-17 10:32:09,74.42,6900,74.43,D
sz002409,雅克科技,2025-10-17 10:32:15,74.5,15200,74.47,U
sz002409,雅克科技,2025-10-17 10:32:18,74.5,3700,74.5,U
sz002409,雅克科技,2025-10-17 10:32:27,74.48,7300,74.48,E
sz002409,雅克科技,2025-10-17 10:32:36,74.5,3200,74.5,U
sz002409,雅克科技,2025-10-17 10:32:39,74.5,4400,74.5,U
sz002409,雅克科技,2025-10-17 10:32:45,74.49,4700,74.53,D
sz002409,雅克科技,2025-10-17 10:32:54,74.56,2700,74.56,U
sz002409,雅克科技,2025-10-17 10:33:00,74.55,3200,74.55,U
sz002409,雅克科技,2025-10-17 10:33:03,74.5,10900,74.55,D
sz002409,雅克科技,2025-10-17 10:33:21,74.54,15300,74.5,U
sz002409,雅克科技,2025-10-17 10:33:33,74.48,10500,74.53,D
sz002409,雅克科技,2025-10-17 10:34:00,74.47,6000,74.44,U
sz002409,雅克科技,2025-10-17 10:35:03,74.48,19300,74.51,D
sz002409,雅克科技,2025-10-17 10:35:09,74.48,6100,74.48,U
sz002409,雅克科技,2025-10-17 10:35:39,74.6,4100,74.59,U
sz002409,雅克科技,2025-10-17 10:35:42,74.65,16100,74.6,U
sz002409,雅克科技,2025-10-17 10:36:00,74.59,7700,74.67,D
sz002409,雅克科技,2025-10-17 10:36:18,74.51,5600,74.54,D
sz002409,雅克科技,2025-10-17 10:36:33,74.5,5400,74.51,D
sz002409,雅克科技,2025-10-17 10:37:03,74.42,3300,74.42,D
sz002409,雅克科技,2025-10-17 10:37:09,74.44,4500,74.42,E
sz002409,雅克科技,2025-10-17 10:37:21,74.49,6600,74.49,D
sz002409,雅克科技,2025-10-17 10:37:27,74.51,33000,74.49,U
sz002409,雅克科技,2025-10-17 10:37:36,74.53,3400,74.54,D
sz002409,雅克科技,2025-10-17 10:37:54,74.58,2800,74.55,U
sz002409,雅克科技,2025-10-17 10:38:03,74.46,7600,74.58,D
sz002409,雅克科技,2025-10-17 10:38:12,74.53,5600,74.43,U
sz002409,雅克科技,2025-10-17 10:38:33,74.62,24000,74.56,U
sz002409,雅克科技,2025-10-17 10:38:51,74.62,3200,74.62,U
sz002409,雅克科技,2025-10-17 10:39:03,74.64,3500,74.62,U
sz002409,雅克科技,2025-10-17 10:39:24,74.69,4500,74.7,E
sz002409,雅克科技,2025-10-17 10:39:39,74.79,20800,74.75,U
sz002409,雅克科技,2025-10-17 10:39:57,74.78,3600,74.73,U
sz002409,雅克科技,2025-10-17 10:40:00,74.78,5300,74.78,U
sz002409,雅克科技,2025-10-17 10:40:12,74.78,10800,74.76,U
sz002409,雅克科技,2025-10-17 10:40:15,74.78,37900,74.78,U
sz002409,雅克科技,2025-10-17 10:40:18,74.87,15200,74.78,U
sz002409,雅克科技,2025-10-17 10:40:36,74.81,3900,74.84,D
sz002409,雅克科技,2025-10-17 10:40:51,74.9,3000,74.9,U
sz002409,雅克科技,2025-10-17 10:40:54,74.89,3000,74.9,D
sz002409,雅克科技,2025-10-17 10:41:00,74.82,5100,74.88,D
sz002409,雅克科技,2025-10-17 10:41:03,74.77,4700,74.82,D
sz002409,雅克科技,2025-10-17 10:41:36,74.81,3000,74.78,U
sz002409,雅克科技,2025-10-17 10:41:45,74.79,5800,74.79,D
sz002409,雅克科技,2025-10-17 10:41:57,74.79,3600,74.77,U
sz002409,雅克科技,2025-10-17 10:43:03,74.76,4400,74.76,U
sz002409,雅克科技,2025-10-17 10:43:09,74.71,2900,74.74,D
sz002409,雅克科技,2025-10-17 10:43:15,74.65,27200,74.72,D
sz002409,雅克科技,2025-10-17 10:43:42,74.63,3200,74.61,E
sz002409,雅克科技,2025-10-17 10:43:45,74.65,2800,74.63,U
sz002409,雅克科技,2025-10-17 10:43:48,74.81,40000,74.65,U
sz002409,雅克科技,2025-10-17 10:45:03,74.71,3600,74.72,D
sz002409,雅克科技,2025-10-17 10:45:42,74.69,5000,74.69,E
sz002409,雅克科技,2025-10-17 10:46:03,74.68,2800,74.65,U
sz002409,雅克科技,2025-10-17 10:46:06,74.65,7100,74.68,D
sz002409,雅克科技,2025-10-17 10:46:09,74.68,4500,74.65,E
sz002409,雅克科技,2025-10-17 10:46:30,74.75,3100,74.72,U
sz002409,雅克科技,2025-10-17 10:46:33,74.68,5500,74.75,D
sz002409,雅克科技,2025-10-17 10:46:48,74.74,3500,74.74,D
sz002409,雅克科技,2025-10-17 10:48:21,74.62,3700,74.64,D
sz002409,雅克科技,2025-10-17 10:48:30,74.62,2900,74.62,U
sz002409,雅克科技,2025-10-17 10:49:30,74.64,6100,74.65,D
sz002409,雅克科技,2025-10-17 10:49:33,74.61,3100,74.64,D
sz002409,雅克科技,2025-10-17 10:50:00,74.58,5500,74.56,U
sz002409,雅克科技,2025-10-17 10:50:03,74.6,2800,74.58,U
sz002409,雅克科技,2025-10-17 10:50:27,74.6,2900,74.6,D
sz002409,雅克科技,2025-10-17 10:50:39,74.5,7700,74.56,D
sz002409,雅克科技,2025-10-17 10:50:45,74.6,6100,74.5,U
sz002409,雅克科技,2025-10-17 10:51:57,74.55,3700,74.58,D
sz002409,雅克科技,2025-10-17 10:52:24,74.55,3000,74.57,D
sz002409,雅克科技,2025-10-17 10:53:33,74.54,3000,74.54,D
sz002409,雅克科技,2025-10-17 10:54:12,74.66,3100,74.6,U
sz002409,雅克科技,2025-10-17 10:54:24,74.69,3500,74.69,D
sz002409,雅克科技,2025-10-17 10:54:30,74.74,4700,74.7,U
sz002409,雅克科技,2025-10-17 10:54:33,74.7,13400,74.74,D
sz002409,雅克科技,2025-10-17 10:55:21,74.84,18800,74.88,D
sz002409,雅克科技,2025-10-17 10:55:24,74.83,8600,74.84,D
sz002409,雅克科技,2025-10-17 10:55:42,74.84,4900,74.86,D
sz002409,雅克科技,2025-10-17 10:56:06,74.7,4200,74.75,D
sz002409,雅克科技,2025-10-17 10:57:09,74.76,6000,74.78,D
sz002409,雅克科技,2025-10-17 10:58:06,74.84,6000,74.79,U
sz002409,雅克科技,2025-10-17 10:58:09,74.85,3000,74.84,U
sz002409,雅克科技,2025-10-17 10:59:36,74.81,4800,74.79,E
sz002409,雅克科技,2025-10-17 11:00:33,74.76,2700,74.82,D
sz002409,雅克科技,2025-10-17 11:00:39,74.78,5100,74.8,D
sz002409,雅克科技,2025-10-17 11:01:06,74.73,4600,74.76,D
sz002409,雅克科技,2025-10-17 11:01:09,74.63,12700,74.73,D
sz002409,雅克科技,2025-10-17 11:01:12,74.7,2700,74.63,U
sz002409,雅克科技,2025-10-17 11:01:39,74.62,2800,74.68,D
sz002409,雅克科技,2025-10-17 11:02:15,74.6,4500,74.6,D
sz002409,雅克科技,2025-10-17 11:02:21,74.61,11600,74.61,U
sz002409,雅克科技,2025-10-17 11:02:24,74.62,4800,74.61,U
sz002409,雅克科技,2025-10-17 11:02:27,74.67,2700,74.62,U
sz002409,雅克科技,2025-10-17 11:02:57,74.7,3400,74.66,U
sz002409,雅克科技,2025-10-17 11:03:18,74.64,2800,74.63,E
sz002409,雅克科技,2025-10-17 11:03:39,74.55,3700,74.6,D
sz002409,雅克科技,2025-10-17 11:04:09,74.53,4400,74.55,D
sz002409,雅克科技,2025-10-17 11:04:12,74.54,5700,74.53,E
sz002409,雅克科技,2025-10-17 11:04:21,74.58,5500,74.54,U
sz002409,雅克科技,2025-10-17 11:05:27,74.4,5800,74.45,D
sz002409,雅克科技,2025-10-17 11:05:30,74.46,5500,74.4,U
sz002409,雅克科技,2025-10-17 11:05:33,74.46,3800,74.46,U
sz002409,雅克科技,2025-10-17 11:05:36,74.42,4100,74.46,D
sz002409,雅克科技,2025-10-17 11:05:39,74.46,6400,74.42,U
sz002409,雅克科技,2025-10-17 11:05:42,74.46,6400,74.46,U
sz002409,雅克科技,2025-10-17 11:06:06,74.4,5800,74.42,D
sz002409,雅克科技,2025-10-17 11:06:33,74.36,3300,74.38,D
sz002409,雅克科技,2025-10-17 11:06:42,74.36,3200,74.37,D
sz002409,雅克科技,2025-10-17 11:06:45,74.41,3500,74.36,U
sz002409,雅克科技,2025-10-17 11:07:21,74.38,5600,74.39,D
sz002409,雅克科技,2025-10-17 11:07:30,74.36,3700,74.39,D
sz002409,雅克科技,2025-10-17 11:07:36,74.36,6200,74.36,U
sz002409,雅克科技,2025-10-17 11:07:42,74.34,2700,74.35,D
sz002409,雅克科技,2025-10-17 11:07:45,74.33,5100,74.34,D
sz002409,雅克科技,2025-10-17 11:07:51,74.39,3500,74.33,U
sz002409,雅克科技,2025-10-17 11:07:54,74.32,10500,74.39,D
sz002409,雅克科技,2025-10-17 11:09:39,74.3,9100,74.34,D
sz002409,雅克科技,2025-10-17 11:09:42,74.34,3000,74.3,U
sz002409,雅克科技,2025-10-17 11:09:51,74.37,9300,74.36,U
sz002409,雅克科技,2025-10-17 11:09:57,74.39,9200,74.39,U
sz002409,雅克科技,2025-10-17 11:10:00,74.49,83200,74.39,U
sz002409,雅克科技,2025-10-17 11:10:03,74.48,3500,74.49,E
sz002409,雅克科技,2025-10-17 11:10:06,74.6,15600,74.48,U
sz002409,雅克科技,2025-10-17 11:10:09,74.49,5000,74.6,E
sz002409,雅克科技,2025-10-17 11:10:12,74.63,7300,74.49,U
sz002409,雅克科技,2025-10-17 11:10:15,74.63,2900,74.63,U
sz002409,雅克科技,2025-10-17 11:10:30,74.54,3100,74.6,D
sz002409,雅克科技,2025-10-17 11:10:36,74.53,2700,74.54,E
sz002409,雅克科技,2025-10-17 11:10:51,74.49,2700,74.52,D
sz002409,雅克科技,2025-10-17 11:11:09,74.46,3600,74.49,D
sz002409,雅克科技,2025-10-17 11:11:12,74.44,2900,74.46,D
sz002409,雅克科技,2025-10-17 11:11:15,74.43,4600,74.44,D
sz002409,雅克科技,2025-10-17 11:11:18,74.43,4200,74.43,U
sz002409,雅克科技,2025-10-17 11:11:21,74.43,3200,74.43,U
sz002409,雅克科技,2025-10-17 11:11:24,74.43,5100,74.43,U
sz002409,雅克科技,2025-10-17 11:11:27,74.43,3200,74.43,U
sz002409,雅克科技,2025-10-17 11:11:30,74.42,6300,74.43,D
sz002409,雅克科技,2025-10-17 11:11:48,74.48,8400,74.44,U
sz002409,雅克科技,2025-10-17 11:11:51,74.52,3300,74.48,U
sz002409,雅克科技,2025-10-17 11:13:45,74.49,6800,74.45,U
sz002409,雅克科技,2025-10-17 11:14:00,74.47,4000,74.54,D
sz002409,雅克科技,2025-10-17 11:14:03,74.48,4000,74.47,U
sz002409,雅克科技,2025-10-17 11:14:36,74.5,3500,74.43,U
sz002409,雅克科技,2025-10-17 11:15:12,74.43,5200,74.43,U
sz002409,雅克科技,2025-10-17 11:15:18,74.42,3600,74.43,D
sz002409,雅克科技,2025-10-17 11:16:09,74.6,20500,74.52,U
sz002409,雅克科技,2025-10-17 11:16:12,74.67,2900,74.6,U
sz002409,雅克科技,2025-10-17 11:16:18,74.68,5300,74.67,U
sz002409,雅克科技,2025-10-17 11:16:39,74.74,3200,74.74,U
sz002409,雅克科技,2025-10-17 11:17:09,74.68,7500,74.69,D
sz002409,雅克科技,2025-10-17 11:17:12,74.73,15500,74.68,U
sz002409,雅克科技,2025-10-17 11:18:06,74.75,7900,74.69,U
sz002409,雅克科技,2025-10-17 11:18:45,74.75,12500,74.75,U
sz002409,雅克科技,2025-10-17 11:19:00,74.75,2800,74.75,U
sz002409,雅克科技,2025-10-17 11:20:15,74.73,15400,74.64,U
sz002409,雅克科技,2025-10-17 11:20:18,74.86,45600,74.73,U
sz002409,雅克科技,2025-10-17 11:20:21,74.9,11100,74.86,U
sz002409,雅克科技,2025-10-17 11:20:24,74.86,7300,74.9,D
sz002409,雅克科技,2025-10-17 11:20:27,74.9,5300,74.86,U
sz002409,雅克科技,2025-10-17 11:20:33,74.88,9000,74.9,D
sz002409,雅克科技,2025-10-17 11:20:36,74.9,5600,74.88,U
sz002409,雅克科技,2025-10-17 11:20:42,74.88,8800,74.9,D
sz002409,雅克科技,2025-10-17 11:20:45,74.9,3900,74.88,U
sz002409,雅克科技,2025-10-17 11:20:51,74.9,3000,74.9,U
sz002409,雅克科技,2025-10-17 11:20:54,74.9,6700,74.9,U
sz002409,雅克科技,2025-10-17 11:20:57,74.9,11500,74.9,U
sz002409,雅克科技,2025-10-17 11:21:09,75.01,14400,74.97,U
sz002409,雅克科技,2025-10-17 11:21:12,75.11,3200,75.01,U
sz002409,雅克科技,2025-10-17 11:21:33,75.11,3100,75.11,D
sz002409,雅克科技,2025-10-17 11:21:51,75.02,3800,75.06,D
sz002409,雅克科技,2025-10-17 11:21:54,75.1,3500,75.02,U
sz002409,雅克科技,2025-10-17 11:21:57,75.03,2700,75.1,D
sz002409,雅克科技,2025-10-17 11:22:39,74.91,11000,75.0,D
sz002409,雅克科技,2025-10-17 11:22:48,74.98,3700,75.03,E
sz002409,雅克科技,2025-10-17 11:23:03,74.87,12000,74.98,D
sz002409,雅克科技,2025-10-17 11:23:12,74.85,3300,74.9,D
sz002409,雅克科技,2025-10-17 11:23:18,74.91,3000,74.91,E
sz002409,雅克科技,2025-10-17 11:23:33,74.97,4900,74.97,U
sz002409,雅克科技,2025-10-17 11:24:06,74.91,3800,74.91,D
sz002409,雅克科技,2025-10-17 11:25:51,74.73,17500,74.69,U
sz002409,雅克科技,2025-10-17 11:25:57,74.68,28600,74.68,D
sz002409,雅克科技,2025-10-17 11:26:03,74.68,4200,74.81,D
sz002409,雅克科技,2025-10-17 11:26:30,74.72,10000,74.73,D
sz002409,雅克科技,2025-10-17 11:27:51,74.8,9100,74.75,U
sz002409,雅克科技,2025-10-17 11:28:03,74.89,12200,74.8,U
sz002409,雅克科技,2025-10-17 11:28:09,74.8,8500,74.95,D
sz002409,雅克科技,2025-10-17 11:28:21,74.81,4100,74.95,E
sz002409,雅克科技,2025-10-17 11:28:27,74.76,4800,74.76,E
sz002409,雅克科技,2025-10-17 11:28:48,74.8,3200,74.8,U
sz002409,雅克科技,2025-10-17 11:29:15,74.73,5100,74.68,E
sz002409,雅克科技,2025-10-17 11:29:21,74.72,29200,74.79,E
sz002409,雅克科技,2025-10-17 11:29:27,74.84,4200,74.72,U
sz002409,雅克科技,2025-10-17 11:29:33,74.84,2800,74.84,U
sz002409,雅克科技,2025-10-17 11:29:36,74.7,3800,74.84,D
sz002409,雅克科技,2025-10-17 11:29:48,74.69,3600,74.72,D
sz002409,雅克科技,2025-10-17 13:00:00,74.65,18400,74.72,D
sz002409,雅克科技,2025-10-17 13:00:03,74.6,7200,74.65,E
sz002409,雅克科技,2025-10-17 13:00:09,74.53,7600,74.51,U
sz002409,雅克科技,2025-10-17 13:00:12,74.52,3300,74.53,E
sz002409,雅克科技,2025-10-17 13:00:18,74.59,3000,74.6,E
sz002409,雅克科技,2025-10-17 13:00:33,74.56,5800,74.56,D
sz002409,雅克科技,2025-10-17 13:00:36,74.58,4300,74.56,U
sz002409,雅克科技,2025-10-17 13:00:39,74.4,8000,74.58,D
sz002409,雅克科技,2025-10-17 13:00:42,74.56,3200,74.4,U
sz002409,雅克科技,2025-10-17 13:00:48,74.57,3400,74.54,U
sz002409,雅克科技,2025-10-17 13:01:03,74.52,3800,74.58,D
sz002409,雅克科技,2025-10-17 13:01:06,74.56,4900,74.52,U
sz002409,雅克科技,2025-10-17 13:01:30,74.37,5400,74.4,D
sz002409,雅克科技,2025-10-17 13:01:33,74.31,13400,74.37,D
sz002409,雅克科技,2025-10-17 13:01:36,74.4,7800,74.31,U
sz002409,雅克科技,2025-10-17 13:01:51,74.37,10400,74.37,D
sz002409,雅克科技,2025-10-17 13:01:54,74.33,3600,74.37,D
sz002409,雅克科技,2025-10-17 13:01:57,74.41,3000,74.33,U
sz002409,雅克科技,2025-10-17 13:02:06,74.25,13500,74.25,U
sz002409,雅克科技,2025-10-17 13:02:09,74.21,13300,74.25,D
sz002409,雅克科技,2025-10-17 13:02:12,74.34,4100,74.21,U
sz002409,雅克科技,2025-10-17 13:02:18,74.32,3900,74.26,E
sz002409,雅克科技,2025-10-17 13:02:21,74.36,4600,74.32,U
sz002409,雅克科技,2025-10-17 13:02:24,74.22,4100,74.36,D
sz002409,雅克科技,2025-10-17 13:02:27,74.23,4700,74.22,U
sz002409,雅克科技,2025-10-17 13:02:36,74.3,4300,74.22,U
sz002409,雅克科技,2025-10-17 13:02:42,74.3,8500,74.16,U
sz002409,雅克科技,2025-10-17 13:02:48,74.22,8000,74.16,U
sz002409,雅克科技,2025-10-17 13:02:51,74.34,3200,74.22,E
sz002409,雅克科技,2025-10-17 13:03:00,74.16,3600,74.32,E
sz002409,雅克科技,2025-10-17 13:03:03,74.14,13900,74.16,D
sz002409,雅克科技,2025-10-17 13:03:06,74.14,3300,74.14,U
sz002409,雅克科技,2025-10-17 13:03:09,74.13,7100,74.14,D
sz002409,雅克科技,2025-10-17 13:03:12,74.34,3500,74.13,U
sz002409,雅克科技,2025-10-17 13:03:15,74.21,2800,74.34,D
sz002409,雅克科技,2025-10-17 13:03:30,74.13,3700,74.23,D
sz002409,雅克科技,2025-10-17 13:03:57,74.15,5400,74.2,D
sz002409,雅克科技,2025-10-17 13:04:06,74.37,6500,74.21,U
sz002409,雅克科技,2025-10-17 13:04:12,74.37,6900,74.25,U
sz002409,雅克科技,2025-10-17 13:04:15,74.37,3400,74.37,U
sz002409,雅克科技,2025-10-17 13:04:21,74.2,3100,74.25,D
sz002409,雅克科技,2025-10-17 13:04:24,74.33,3500,74.2,U
sz002409,雅克科技,2025-10-17 13:04:39,74.22,6200,74.37,D
sz002409,雅克科技,2025-10-17 13:04:51,74.25,3900,74.25,U
sz002409,雅克科技,2025-10-17 13:05:00,74.34,5600,74.34,D
sz002409,雅克科技,2025-10-17 13:05:12,74.25,4800,74.33,E
sz002409,雅克科技,2025-10-17 13:05:15,74.28,4000,74.25,E
sz002409,雅克科技,2025-10-17 13:05:36,74.39,17400,74.26,U
sz002409,雅克科技,2025-10-17 13:05:39,74.24,5600,74.39,D
sz002409,雅克科技,2025-10-17 13:05:45,74.1,18000,74.25,D
sz002409,雅克科技,2025-10-17 13:06:06,74.22,3100,74.25,E
sz002409,雅克科技,2025-10-17 13:06:21,74.2,3600,74.22,D
sz002409,雅克科技,2025-10-17 13:06:36,74.1,4400,74.13,D
sz002409,雅克科技,2025-10-17 13:06:57,74.09,8500,74.1,D
sz002409,雅克科技,2025-10-17 13:07:03,74.03,6300,74.09,D
sz002409,雅克科技,2025-10-17 13:07:27,74.04,3000,74.04,U
sz002409,雅克科技,2025-10-17 13:07:30,74.03,4300,74.04,U
sz002409,雅克科技,2025-10-17 13:07:36,74.04,3100,74.04,U
sz002409,雅克科技,2025-10-17 13:07:48,74.0,2900,74.01,D
sz002409,雅克科技,2025-10-17 13:08:00,74.0,19500,74.01,D
sz002409,雅克科技,2025-10-17 13:08:09,74.0,5600,74.0,D
sz002409,雅克科技,2025-10-17 13:08:12,73.96,4300,74.0,D
sz002409,雅克科技,2025-10-17 13:08:45,73.95,7400,73.96,D
sz002409,雅克科技,2025-10-17 13:09:03,73.99,20000,73.93,U
sz002409,雅克科技,2025-10-17 13:09:09,74.01,7700,74.0,U
sz002409,雅克科技,2025-10-17 13:09:12,74.01,2900,74.01,D
sz002409,雅克科技,2025-10-17 13:10:00,74.03,16100,74.0,U
sz002409,雅克科技,2025-10-17 13:11:12,74.1,11900,74.07,U
sz002409,雅克科技,2025-10-17 13:11:21,74.09,4100,74.1,D
sz002409,雅克科技,2025-10-17 13:11:45,74.09,9200,74.09,U
sz002409,雅克科技,2025-10-17 13:12:12,74.03,10800,74.08,D
sz002409,雅克科技,2025-10-17 13:12:15,74.0,8902,74.03,D
sz002409,雅克科技,2025-10-17 13:12:45,74.05,3400,74.01,U
sz002409,雅克科技,2025-10-17 13:13:00,74.06,2900,74.08,D
sz002409,雅克科技,2025-10-17 13:13:09,74.06,2900,74.12,D
sz002409,雅克科技,2025-10-17 13:13:18,74.21,6400,74.12,U
sz002409,雅克科技,2025-10-17 13:14:15,74.12,7700,74.09,U
sz002409,雅克科技,2025-10-17 13:14:21,74.12,3000,74.11,U
sz002409,雅克科技,2025-10-17 13:14:30,74.2,5100,74.12,U
sz002409,雅克科技,2025-10-17 13:15:06,74.11,3100,74.14,D
sz002409,雅克科技,2025-10-17 13:15:12,74.1,4000,74.13,D
sz002409,雅克科技,2025-10-17 13:15:18,74.13,10000,74.13,U
sz002409,雅克科技,2025-10-17 13:15:21,74.15,7000,74.13,U
sz002409,雅克科技,2025-10-17 13:15:24,74.18,2800,74.15,U
sz002409,雅克科技,2025-10-17 13:15:30,74.22,4700,74.21,U
sz002409,雅克科技,2025-10-17 13:16:03,74.2,6300,74.22,D
sz002409,雅克科技,2025-10-17 13:16:12,74.16,4700,74.22,D
sz002409,雅克科技,2025-10-17 13:16:24,74.25,3000,74.18,U
sz002409,雅克科技,2025-10-17 13:16:30,74.16,5000,74.23,D
sz002409,雅克科技,2025-10-17 13:16:48,74.12,3400,74.14,D
sz002409,雅克科技,2025-10-17 13:16:51,74.16,9000,74.12,U
sz002409,雅克科技,2025-10-17 13:17:06,74.26,3600,74.28,E
sz002409,雅克科技,2025-10-17 13:17:48,74.28,3400,74.28,U
sz002409,雅克科技,2025-10-17 13:18:09,74.26,3300,74.25,U
sz002409,雅克科技,2025-10-17 13:18:21,74.23,6600,74.26,D
sz002409,雅克科技,2025-10-17 13:18:51,74.18,48700,74.19,D
sz002409,雅克科技,2025-10-17 13:18:54,74.2,18700,74.18,E
sz002409,雅克科技,2025-10-17 13:19:03,74.11,24900,74.18,D
sz002409,雅克科技,2025-10-17 13:19:06,74.09,5400,74.11,D
sz002409,雅克科技,2025-10-17 13:19:27,74.08,2700,74.1,D
sz002409,雅克科技,2025-10-17 13:19:30,74.08,5200,74.08,U
sz002409,雅克科技,2025-10-17 13:19:33,74.08,3400,74.08,D
sz002409,雅克科技,2025-10-17 13:19:36,74.07,4700,74.08,D
sz002409,雅克科技,2025-10-17 13:19:39,74.07,2800,74.07,D
sz002409,雅克科技,2025-10-17 13:19:45,74.07,7200,74.1,D
sz002409,雅克科技,2025-10-17 13:19:51,74.07,9700,74.13,D
sz002409,雅克科技,2025-10-17 13:19:57,74.1,3800,74.08,U
sz002409,雅克科技,2025-10-17 13:20:21,74.07,4200,74.06,U
sz002409,雅克科技,2025-10-17 13:20:30,74.07,3400,74.06,U
sz002409,雅克科技,2025-10-17 13:21:48,74.22,15300,74.17,U
sz002409,雅克科技,2025-10-17 13:22:27,74.27,4700,74.27,U
sz002409,雅克科技,2025-10-17 13:23:15,74.2,5300,74.24,D
sz002409,雅克科技,2025-10-17 13:23:57,74.1,6300,74.19,D
sz002409,雅克科技,2025-10-17 13:24:18,74.22,3100,74.19,U
sz002409,雅克科技,2025-10-17 13:24:21,74.27,8000,74.22,U
sz002409,雅克科技,2025-10-17 13:24:54,74.3,3900,74.3,D
sz002409,雅克科技,2025-10-17 13:24:57,74.3,2900,74.3,E
sz002409,雅克科技,2025-10-17 13:26:03,74.1,12200,74.19,D
sz002409,雅克科技,2025-10-17 13:26:09,74.12,7700,74.08,U
sz002409,雅克科技,2025-10-17 13:26:48,74.05,3200,74.07,U
sz002409,雅克科技,2025-10-17 13:27:03,74.0,3800,74.02,D
sz002409,雅克科技,2025-10-17 13:27:57,74.03,8800,74.06,D
sz002409,雅克科技,2025-10-17 13:28:12,74.07,4000,74.03,U
sz002409,雅克科技,2025-10-17 13:28:36,74.03,21700,74.04,D
sz002409,雅克科技,2025-10-17 13:28:48,74.04,6200,74.07,D
sz002409,雅克科技,2025-10-17 13:28:51,74.0,7500,74.04,D
sz002409,雅克科技,2025-10-17 13:29:15,74.15,10700,74.11,U
sz002409,雅克科技,2025-10-17 13:29:27,74.12,3400,74.11,E
sz002409,雅克科技,2025-10-17 13:29:30,74.22,3300,74.12,U
sz002409,雅克科技,2025-10-17 13:30:36,74.27,11700,74.22,U
sz002409,雅克科技,2025-10-17 13:30:48,74.23,13500,74.23,U
sz002409,雅克科技,2025-10-17 13:31:45,74.24,3300,74.23,U
sz002409,雅克科技,2025-10-17 13:33:30,74.13,5700,74.13,D
sz002409,雅克科技,2025-10-17 13:34:09,74.08,11700,74.14,D
sz002409,雅克科技,2025-10-17 13:35:03,74.07,21100,74.07,D
sz002409,雅克科技,2025-10-17 13:35:12,74.0,5400,74.07,D
sz002409,雅克科技,2025-10-17 13:35:15,74.0,10300,74.0,U
sz002409,雅克科技,2025-10-17 13:35:18,73.99,3100,74.0,D
sz002409,雅克科技,2025-10-17 13:35:21,73.97,6900,73.99,D
sz002409,雅克科技,2025-10-17 13:36:00,73.9,4700,73.92,D
sz002409,雅克科技,2025-10-17 13:36:06,73.9,2900,73.9,D
sz002409,雅克科技,2025-10-17 13:36:09,73.9,8400,73.9,D
sz002409,雅克科技,2025-10-17 13:36:21,73.88,16000,73.88,U
sz002409,雅克科技,2025-10-17 13:36:27,73.86,22200,73.85,D
sz002409,雅克科技,2025-10-17 13:36:33,73.86,15500,73.88,D
sz002409,雅克科技,2025-10-17 13:36:57,73.94,8900,73.91,U
sz002409,雅克科技,2025-10-17 13:37:18,73.87,11300,73.9,D
sz002409,雅克科技,2025-10-17 13:38:00,73.89,7600,73.87,U
sz002409,雅克科技,2025-10-17 13:38:03,73.92,17500,73.89,U
sz002409,雅克科技,2025-10-17 13:38:24,73.94,15200,73.87,U
sz002409,雅克科技,2025-10-17 13:39:06,73.91,2900,73.96,D
sz002409,雅克科技,2025-10-17 13:39:21,73.9,9300,73.9,U
sz002409,雅克科技,2025-10-17 13:39:24,73.91,2900,73.9,U
sz002409,雅克科技,2025-10-17 13:39:27,73.9,8000,73.91,D
sz002409,雅克科技,2025-10-17 13:40:18,74.0,9200,73.91,U
sz002409,雅克科技,2025-10-17 13:40:48,73.98,7300,73.95,U
sz002409,雅克科技,2025-10-17 13:41:18,73.98,5800,73.97,U
sz002409,雅克科技,2025-10-17 13:41:30,73.97,4500,73.96,E
sz002409,雅克科技,2025-10-17 13:41:36,73.98,3200,74.0,D
sz002409,雅克科技,2025-10-17 13:42:39,73.97,3200,73.96,E
sz002409,雅克科技,2025-10-17 13:43:27,73.9,4600,73.93,D
sz002409,雅克科技,2025-10-17 13:43:39,73.89,5700,73.92,D
sz002409,雅克科技,2025-10-17 13:43:57,73.87,11600,73.86,E
sz002409,雅克科技,2025-10-17 13:44:09,73.89,4700,73.89,U
sz002409,雅克科技,2025-10-17 13:44:36,73.9,3400,73.94,D
sz002409,雅克科技,2025-10-17 13:44:39,73.86,6100,73.9,D
sz002409,雅克科技,2025-10-17 13:44:42,73.81,3500,73.86,D
sz002409,雅克科技,2025-10-17 13:44:48,73.88,7300,73.87,U
sz002409,雅克科技,2025-10-17 13:44:51,73.78,3600,73.88,D
sz002409,雅克科技,2025-10-17 13:44:54,73.8,3800,73.78,E
sz002409,雅克科技,2025-10-17 13:44:57,73.8,5400,73.8,D
sz002409,雅克科技,2025-10-17 13:45:03,73.85,7000,73.82,E
sz002409,雅克科技,2025-10-17 13:45:06,73.93,6600,73.85,E
sz002409,雅克科技,2025-10-17 13:45:09,73.83,3500,73.93,D
sz002409,雅克科技,2025-10-17 13:45:18,73.83,4300,73.85,E
sz002409,雅克科技,2025-10-17 13:45:21,73.82,3600,73.83,D
sz002409,雅克科技,2025-10-17 13:45:27,73.78,3500,73.8,D
sz002409,雅克科技,2025-10-17 13:45:39,73.73,5400,73.82,D
sz002409,雅克科技,2025-10-17 13:45:42,73.74,10700,73.73,D
sz002409,雅克科技,2025-10-17 13:45:45,73.76,5500,73.74,D
sz002409,雅克科技,2025-10-17 13:45:51,73.76,10200,73.78,D
sz002409,雅克科技,2025-10-17 13:46:03,73.77,5600,73.86,D
sz002409,雅克科技,2025-10-17 13:46:30,73.88,4200,73.84,U
sz002409,雅克科技,2025-10-17 13:46:48,73.87,20300,73.87,U
sz002409,雅克科技,2025-10-17 13:47:39,73.91,8600,73.89,U
sz002409,雅克科技,2025-10-17 13:48:03,73.95,4400,73.93,U
sz002409,雅克科技,2025-10-17 13:48:48,74.03,2900,74.0,U
sz002409,雅克科技,2025-10-17 13:48:51,74.08,13600,74.03,U
sz002409,雅克科技,2025-10-17 13:49:06,74.11,3100,74.11,E
sz002409,雅克科技,2025-10-17 13:49:18,74.13,2800,74.13,U
sz002409,雅克科技,2025-10-17 13:49:24,74.13,2900,74.13,D
sz002409,雅克科技,2025-10-17 13:49:27,74.12,12100,74.13,D
sz002409,雅克科技,2025-10-17 13:50:06,74.17,3400,74.17,U
sz002409,雅克科技,2025-10-17 13:50:21,74.35,10400,74.19,U
sz002409,雅克科技,2025-10-17 13:50:48,74.2,4500,74.23,D
sz002409,雅克科技,2025-10-17 13:50:54,74.26,5100,74.2,U
sz002409,雅克科技,2025-10-17 13:50:57,74.26,2900,74.26,U
sz002409,雅克科技,2025-10-17 13:51:06,74.26,5700,74.22,E
sz002409,雅克科技,2025-10-17 13:51:12,74.2,5200,74.24,D
sz002409,雅克科技,2025-10-17 13:51:30,74.2,4000,74.19,U
sz002409,雅克科技,2025-10-17 13:51:39,74.17,3500,74.19,D
sz002409,雅克科技,2025-10-17 13:51:54,74.17,16000,74.11,U
sz002409,雅克科技,2025-10-17 13:52:09,74.1,3900,74.12,D
sz002409,雅克科技,2025-10-17 13:52:54,74.06,4900,74.19,D
sz002409,雅克科技,2025-10-17 13:53:42,74.1,22100,74.1,U
sz002409,雅克科技,2025-10-17 13:53:51,74.16,4700,74.16,U
sz002409,雅克科技,2025-10-17 13:53:54,74.21,5400,74.16,U
sz002409,雅克科技,2025-10-17 13:53:57,74.21,6400,74.21,U
sz002409,雅克科技,2025-10-17 13:54:15,74.17,4400,74.3,D
sz002409,雅克科技,2025-10-17 13:54:30,74.15,2800,74.16,D
sz002409,雅克科技,2025-10-17 13:56:24,74.11,4000,74.1,U
sz002409,雅克科技,2025-10-17 13:57:18,74.08,14000,74.1,D
sz002409,雅克科技,2025-10-17 13:57:33,74.08,4700,74.09,D
sz002409,雅克科技,2025-10-17 13:57:39,74.07,5200,74.08,D
sz002409,雅克科技,2025-10-17 13:57:45,74.14,3200,74.08,U
sz002409,雅克科技,2025-10-17 13:58:33,74.12,3200,74.17,D
sz002409,雅克科技,2025-10-17 13:59:00,74.11,2800,74.11,U
sz002409,雅克科技,2025-10-17 13:59:30,74.17,5000,74.14,U
sz002409,雅克科技,2025-10-17 14:00:00,74.11,4600,74.14,D
sz002409,雅克科技,2025-10-17 14:00:03,74.08,4600,74.11,D
sz002409,雅克科技,2025-10-17 14:00:30,74.08,3900,74.06,U
sz002409,雅克科技,2025-10-17 14:01:03,74.06,3000,74.08,D
sz002409,雅克科技,2025-10-17 14:01:21,74.04,16900,74.03,U
sz002409,雅克科技,2025-10-17 14:01:30,74.01,6300,74.0,E
sz002409,雅克科技,2025-10-17 14:01:33,74.0,2900,74.01,D
sz002409,雅克科技,2025-10-17 14:01:45,73.98,3300,73.98,D
sz002409,雅克科技,2025-10-17 14:02:00,73.95,8000,73.96,D
sz002409,雅克科技,2025-10-17 14:02:03,73.9,3500,73.95,D
sz002409,雅克科技,2025-10-17 14:02:06,73.9,13900,73.9,D
sz002409,雅克科技,2025-10-17 14:02:15,73.95,2900,73.93,U
sz002409,雅克科技,2025-10-17 14:02:18,73.96,9700,73.95,U
sz002409,雅克科技,2025-10-17 14:02:27,73.91,11100,73.91,D
sz002409,雅克科技,2025-10-17 14:02:36,73.9,3500,73.91,D
sz002409,雅克科技,2025-10-17 14:02:39,73.96,3000,73.9,U
sz002409,雅克科技,2025-10-17 14:02:45,73.95,8500,73.93,U
sz002409,雅克科技,2025-10-17 14:02:57,74.06,7500,73.97,U
sz002409,雅克科技,2025-10-17 14:04:06,73.91,3600,73.93,D
sz002409,雅克科技,2025-10-17 14:04:09,73.86,4400,73.91,D
sz002409,雅克科技,2025-10-17 14:04:21,73.87,2800,73.85,U
sz002409,雅克科技,2025-10-17 14:04:27,73.87,3600,73.86,U
sz002409,雅克科技,2025-10-17 14:05:39,73.94,5200,73.92,U
sz002409,雅克科技,2025-10-17 14:06:12,73.96,4900,73.96,U
sz002409,雅克科技,2025-10-17 14:06:33,74.01,3000,74.0,E
sz002409,雅克科技,2025-10-17 14:07:12,74.0,3100,74.08,D
sz002409,雅克科技,2025-10-17 14:07:30,74.0,3800,74.0,U
sz002409,雅克科技,2025-10-17 14:07:48,73.95,5600,73.99,D
sz002409,雅克科技,2025-10-17 14:08:00,73.88,5700,73.88,D
sz002409,雅克科技,2025-10-17 14:09:06,73.88,6500,73.88,E
sz002409,雅克科技,2025-10-17 14:09:21,73.83,3300,73.85,D
sz002409,雅克科技,2025-10-17 14:09:33,73.83,4500,73.83,U
sz002409,雅克科技,2025-10-17 14:09:48,73.8,8200,73.83,D
sz002409,雅克科技,2025-10-17 14:09:54,73.78,2900,73.8,D
sz002409,雅克科技,2025-10-17 14:09:57,73.78,3400,73.78,D
sz002409,雅克科技,2025-10-17 14:10:00,73.77,3400,73.78,D
sz002409,雅克科技,2025-10-17 14:10:03,73.76,4400,73.77,D
sz002409,雅克科技,2025-10-17 14:10:15,73.75,3400,73.75,U
sz002409,雅克科技,2025-10-17 14:10:27,73.79,3500,73.78,D
sz002409,雅克科技,2025-10-17 14:10:30,73.79,5600,73.79,D
sz002409,雅克科技,2025-10-17 14:10:51,73.71,7100,73.77,D
sz002409,雅克科技,2025-10-17 14:11:09,73.72,3900,73.74,D
sz002409,雅克科技,2025-10-17 14:11:21,73.72,7100,73.72,U
sz002409,雅克科技,2025-10-17 14:11:24,73.71,3400,73.72,E
sz002409,雅克科技,2025-10-17 14:11:30,73.7,5800,73.71,D
sz002409,雅克科技,2025-10-17 14:11:42,73.68,6000,73.68,D
sz002409,雅克科技,2025-10-17 14:11:48,73.7,10000,73.7,D
sz002409,雅克科技,2025-10-17 14:11:51,73.7,3200,73.7,E
sz002409,雅克科技,2025-10-17 14:12:42,73.68,8900,73.71,D
sz002409,雅克科技,2025-10-17 14:12:51,73.67,6200,73.68,D
sz002409,雅克科技,2025-10-17 14:12:57,73.62,3200,73.61,D
sz002409,雅克科技,2025-10-17 14:13:27,73.6,12200,73.62,D
sz002409,雅克科技,2025-10-17 14:13:33,73.59,29900,73.59,U
sz002409,雅克科技,2025-10-17 14:13:36,73.56,3600,73.59,D
sz002409,雅克科技,2025-10-17 14:13:39,73.56,4400,73.56,D
sz002409,雅克科技,2025-10-17 14:13:42,73.5,12700,73.56,D
sz002409,雅克科技,2025-10-17 14:13:45,73.53,4800,73.5,E
sz002409,雅克科技,2025-10-17 14:13:48,73.53,2900,73.53,D
sz002409,雅克科技,2025-10-17 14:13:57,73.5,16900,73.53,D
sz002409,雅克科技,2025-10-17 14:14:03,73.5,9000,73.52,D
sz002409,雅克科技,2025-10-17 14:14:06,73.51,4500,73.5,E
sz002409,雅克科技,2025-10-17 14:14:12,73.5,3200,73.53,D
sz002409,雅克科技,2025-10-17 14:14:15,73.53,5300,73.5,U
sz002409,雅克科技,2025-10-17 14:14:30,73.53,3400,73.6,D
sz002409,雅克科技,2025-10-17 14:14:33,73.59,4000,73.53,U
sz002409,雅克科技,2025-10-17 14:14:36,73.53,5100,73.59,D
sz002409,雅克科技,2025-10-17 14:15:09,73.53,7000,73.53,D
sz002409,雅克科技,2025-10-17 14:15:21,73.48,26800,73.5,D
sz002409,雅克科技,2025-10-17 14:15:24,73.46,3600,73.48,D
sz002409,雅克科技,2025-10-17 14:15:27,73.45,9000,73.46,D
sz002409,雅克科技,2025-10-17 14:15:30,73.47,31700,73.45,E
sz002409,雅克科技,2025-10-17 14:15:33,73.5,6500,73.47,E
sz002409,雅克科技,2025-10-17 14:15:36,73.53,14000,73.5,U
sz002409,雅克科技,2025-10-17 14:15:39,73.47,4200,73.53,D
sz002409,雅克科技,2025-10-17 14:15:42,73.47,4500,73.47,D
sz002409,雅克科技,2025-10-17 14:15:45,73.49,3700,73.47,U
sz002409,雅克科技,2025-10-17 14:15:48,73.46,3500,73.49,D
sz002409,雅克科技,2025-10-17 14:15:51,73.45,3000,73.46,D
sz002409,雅克科技,2025-10-17 14:15:54,73.46,12800,73.45,E
sz002409,雅克科技,2025-10-17 14:15:57,73.46,5400,73.46,E
sz002409,雅克科技,2025-10-17 14:16:00,73.51,3300,73.46,E
sz002409,雅克科技,2025-10-17 14:16:21,73.44,6000,73.46,D
sz002409,雅克科技,2025-10-17 14:16:30,73.48,5300,73.43,U
sz002409,雅克科技,2025-10-17 14:16:36,73.45,3200,73.48,D
sz002409,雅克科技,2025-10-17 14:16:51,73.47,7100,73.43,U
sz002409,雅克科技,2025-10-17 14:16:54,73.43,6700,73.47,D
sz002409,雅克科技,2025-10-17 14:16:57,73.47,10200,73.43,U
sz002409,雅克科技,2025-10-17 14:17:00,73.43,4000,73.47,U
sz002409,雅克科技,2025-10-17 14:17:06,73.42,3100,73.41,E
sz002409,雅克科技,2025-10-17 14:17:15,73.46,7000,73.46,U
sz002409,雅克科技,2025-10-17 14:17:21,73.4,3600,73.45,D
sz002409,雅克科技,2025-10-17 14:17:42,73.43,3800,73.44,D
sz002409,雅克科技,2025-10-17 14:17:57,73.42,3500,73.43,D
sz002409,雅克科技,2025-10-17 14:18:09,73.46,22900,73.43,U
sz002409,雅克科技,2025-10-17 14:18:12,73.46,3200,73.46,D
sz002409,雅克科技,2025-10-17 14:18:15,73.46,3200,73.46,D
sz002409,雅克科技,2025-10-17 14:18:18,73.44,4200,73.46,D
sz002409,雅克科技,2025-10-17 14:18:21,73.44,6300,73.44,D
sz002409,雅克科技,2025-10-17 14:18:24,73.43,3300,73.44,E
sz002409,雅克科技,2025-10-17 14:18:27,73.44,4600,73.43,U
sz002409,雅克科技,2025-10-17 14:18:30,73.43,3700,73.44,D
sz002409,雅克科技,2025-10-17 14:18:33,73.4,3700,73.43,D
sz002409,雅克科技,2025-10-17 14:18:39,73.36,4800,73.43,D
sz002409,雅克科技,2025-10-17 14:18:42,73.47,27500,73.36,U
sz002409,雅克科技,2025-10-17 14:19:06,73.5,3800,73.48,U
sz002409,雅克科技,2025-10-17 14:19:30,73.51,8200,73.55,D
sz002409,雅克科技,2025-10-17 14:20:09,73.56,19200,73.55,U
sz002409,雅克科技,2025-10-17 14:20:12,73.56,4100,73.56,U
sz002409,雅克科技,2025-10-17 14:20:33,73.63,3300,73.59,U
sz002409,雅克科技,2025-10-17 14:20:36,73.63,2800,73.63,U
sz002409,雅克科技,2025-10-17 14:20:57,73.57,5800,73.61,D
sz002409,雅克科技,2025-10-17 14:21:15,73.56,2900,73.56,D
sz002409,雅克科技,2025-10-17 14:21:30,73.56,3100,73.55,U
sz002409,雅克科技,2025-10-17 14:21:36,73.58,3000,73.58,D
sz002409,雅克科技,2025-10-17 14:21:51,73.56,5600,73.57,D
sz002409,雅克科技,2025-10-17 14:22:00,73.5,2900,73.56,D
sz002409,雅克科技,2025-10-17 14:22:27,73.45,3000,73.42,E
sz002409,雅克科技,2025-10-17 14:22:33,73.41,4600,73.42,D
sz002409,雅克科技,2025-10-17 14:22:36,73.42,5100,73.41,U
sz002409,雅克科技,2025-10-17 14:22:39,73.44,5000,73.42,U
sz002409,雅克科技,2025-10-17 14:22:42,73.43,3300,73.44,D
sz002409,雅克科技,2025-10-17 14:22:48,73.4,7000,73.42,D
sz002409,雅克科技,2025-10-17 14:23:09,73.37,4200,73.37,D
sz002409,雅克科技,2025-10-17 14:23:21,73.38,9500,73.34,U
sz002409,雅克科技,2025-10-17 14:23:24,73.31,8500,73.38,D
sz002409,雅克科技,2025-10-17 14:23:36,73.4,8200,73.34,U
sz002409,雅克科技,2025-10-17 14:23:39,73.37,3700,73.4,D
sz002409,雅克科技,2025-10-17 14:23:45,73.37,6600,73.37,D
sz002409,雅克科技,2025-10-17 14:23:48,73.43,8500,73.37,U
sz002409,雅克科技,2025-10-17 14:23:51,73.43,6100,73.43,E
sz002409,雅克科技,2025-10-17 14:24:06,73.37,7700,73.45,D
sz002409,雅克科技,2025-10-17 14:24:09,73.4,4800,73.37,D
sz002409,雅克科技,2025-10-17 14:24:18,73.35,3500,73.4,D
sz002409,雅克科技,2025-10-17 14:24:48,73.4,7400,73.37,U
sz002409,雅克科技,2025-10-17 14:25:03,73.4,10700,73.37,U
sz002409,雅克科技,2025-10-17 14:25:06,73.4,4200,73.4,D
sz002409,雅克科技,2025-10-17 14:25:09,73.36,4400,73.4,D
sz002409,雅克科技,2025-10-17 14:25:18,73.35,8500,73.36,D
sz002409,雅克科技,2025-10-17 14:25:21,73.33,3100,73.35,D
sz002409,雅克科技,2025-10-17 14:25:42,73.33,6000,73.34,D
sz002409,雅克科技,2025-10-17 14:25:48,73.33,3400,73.33,D
sz002409,雅克科技,2025-10-17 14:25:57,73.31,25500,73.32,D
sz002409,雅克科技,2025-10-17 14:26:09,73.29,4000,73.3,D
sz002409,雅克科技,2025-10-17 14:26:12,73.29,4200,73.29,D
sz002409,雅克科技,2025-10-17 14:26:21,73.31,32200,73.28,U
sz002409,雅克科技,2025-10-17 14:26:30,73.32,13300,73.33,D
sz002409,雅克科技,2025-10-17 14:26:33,73.33,3800,73.32,E
sz002409,雅克科技,2025-10-17 14:26:36,73.33,11000,73.33,D
sz002409,雅克科技,2025-10-17 14:27:03,73.28,2900,73.29,D
sz002409,雅克科技,2025-10-17 14:27:12,73.26,4500,73.28,D
sz002409,雅克科技,2025-10-17 14:27:24,73.28,6400,73.28,U
sz002409,雅克科技,2025-10-17 14:27:39,73.28,3100,73.27,U
sz002409,雅克科技,2025-10-17 14:27:57,73.27,7800,73.28,D
sz002409,雅克科技,2025-10-17 14:28:09,73.26,3300,73.27,D
sz002409,雅克科技,2025-10-17 14:28:12,73.26,11500,73.26,D
sz002409,雅克科技,2025-10-17 14:28:15,73.2,43400,73.26,D
sz002409,雅克科技,2025-10-17 14:28:18,73.31,13200,73.2,U
sz002409,雅克科技,2025-10-17 14:28:21,73.34,12300,73.31,U
sz002409,雅克科技,2025-10-17 14:28:27,73.29,10600,73.36,D
sz002409,雅克科技,2025-10-17 14:28:33,73.28,4500,73.37,D
sz002409,雅克科技,2025-10-17 14:28:36,73.29,3000,73.28,D
sz002409,雅克科技,2025-10-17 14:29:00,73.29,3100,73.29,U
sz002409,雅克科技,2025-10-17 14:29:03,73.29,4000,73.29,D
sz002409,雅克科技,2025-10-17 14:29:27,73.28,8400,73.29,D
sz002409,雅克科技,2025-10-17 14:29:36,73.28,2800,73.27,U
sz002409,雅克科技,2025-10-17 14:30:00,73.29,21500,73.26,U
sz002409,雅克科技,2025-10-17 14:30:03,73.25,8900,73.29,D
sz002409,雅克科技,2025-10-17 14:30:09,73.32,6000,73.31,U
sz002409,雅克科技,2025-10-17 14:30:12,73.24,3000,73.32,D
sz002409,雅克科技,2025-10-17 14:30:15,73.3,3600,73.24,U
sz002409,雅克科技,2025-10-17 14:30:24,73.3,3200,73.3,U
sz002409,雅克科技,2025-10-17 14:30:27,73.3,5500,73.3,U
sz002409,雅克科技,2025-10-17 14:30:30,73.32,5600,73.3,U
sz002409,雅克科技,2025-10-17 14:30:51,73.31,3600,73.32,D
sz002409,雅克科技,2025-10-17 14:30:54,73.26,20700,73.31,D
sz002409,雅克科技,2025-10-17 14:31:00,73.21,5600,73.25,D
sz002409,雅克科技,2025-10-17 14:31:03,73.2,3200,73.21,D
sz002409,雅克科技,2025-10-17 14:31:12,73.18,48900,73.2,D
sz002409,雅克科技,2025-10-17 14:31:15,73.16,7300,73.18,E
sz002409,雅克科技,2025-10-17 14:31:18,73.09,191600,73.16,D
sz002409,雅克科技,2025-10-17 14:31:27,73.08,7600,73.09,U
sz002409,雅克科技,2025-10-17 14:31:33,72.99,116900,73.05,D
sz002409,雅克科技,2025-10-17 14:31:36,73.0,27600,72.99,U
sz002409,雅克科技,2025-10-17 14:31:42,73.0,9200,72.98,U
sz002409,雅克科技,2025-10-17 14:31:45,72.98,6600,73.0,D
sz002409,雅克科技,2025-10-17 14:31:51,72.97,14600,72.98,D
sz002409,雅克科技,2025-10-17 14:31:54,72.98,5000,72.97,D
sz002409,雅克科技,2025-10-17 14:32:00,72.96,4100,72.98,D
sz002409,雅克科技,2025-10-17 14:32:06,73.01,9400,72.98,U
sz002409,雅克科技,2025-10-17 14:32:09,73.02,5600,73.01,E
sz002409,雅克科技,2025-10-17 14:32:15,73.14,4400,73.08,U
sz002409,雅克科技,2025-10-17 14:32:18,73.18,8600,73.14,U
sz002409,雅克科技,2025-10-17 14:32:33,73.04,8200,73.08,D
sz002409,雅克科技,2025-10-17 14:32:39,73.09,5400,73.08,U
sz002409,雅克科技,2025-10-17 14:32:48,73.08,3300,73.09,D
sz002409,雅克科技,2025-10-17 14:32:51,73.09,4400,73.08,U
sz002409,雅克科技,2025-10-17 14:33:03,73.09,10400,73.07,U
sz002409,雅克科技,2025-10-17 14:33:09,73.11,8900,73.09,E
sz002409,雅克科技,2025-10-17 14:33:30,73.13,5200,73.14,D
sz002409,雅克科技,2025-10-17 14:33:36,73.14,5100,73.12,U
sz002409,雅克科技,2025-10-17 14:33:51,73.1,8800,73.16,D
sz002409,雅克科技,2025-10-17 14:34:00,73.09,5200,73.09,U
sz002409,雅克科技,2025-10-17 14:34:06,73.1,10100,73.09,U
sz002409,雅克科技,2025-10-17 14:34:15,73.07,5700,73.11,D
sz002409,雅克科技,2025-10-17 14:34:45,73.06,3966,73.06,D
sz002409,雅克科技,2025-10-17 14:34:51,73.05,4534,73.06,D
sz002409,雅克科技,2025-10-17 14:35:09,73.04,3300,73.03,U
sz002409,雅克科技,2025-10-17 14:35:15,73.03,6100,73.04,D
sz002409,雅克科技,2025-10-17 14:35:18,73.03,4700,73.03,U
sz002409,雅克科技,2025-10-17 14:35:21,73.04,10600,73.03,U
sz002409,雅克科技,2025-10-17 14:35:24,73.06,21566,73.04,U
sz002409,雅克科技,2025-10-17 14:35:27,73.08,9400,73.06,U
sz002409,雅克科技,2025-10-17 14:36:03,72.99,36934,73.04,D
sz002409,雅克科技,2025-10-17 14:36:06,72.99,50100,72.99,D
sz002409,雅克科技,2025-10-17 14:36:09,73.04,18666,72.99,U
sz002409,雅克科技,2025-10-17 14:36:21,73.04,3700,73.06,D
sz002409,雅克科技,2025-10-17 14:36:42,73.0,4600,73.01,D
sz002409,雅克科技,2025-10-17 14:36:48,73.02,5800,73.01,U
sz002409,雅克科技,2025-10-17 14:36:57,73.04,12800,73.03,U
sz002409,雅克科技,2025-10-17 14:37:00,73.03,4200,73.04,D
sz002409,雅克科技,2025-10-17 14:37:03,73.03,4300,73.03,D
sz002409,雅克科技,2025-10-17 14:37:09,73.07,18500,73.03,U
sz002409,雅克科技,2025-10-17 14:37:12,73.09,17200,73.07,U
sz002409,雅克科技,2025-10-17 14:37:15,73.17,23800,73.09,U
sz002409,雅克科技,2025-10-17 14:37:21,73.16,10800,73.17,E
sz002409,雅克科技,2025-10-17 14:37:48,73.19,4100,73.17,U
sz002409,雅克科技,2025-10-17 14:37:57,73.26,5000,73.2,U
sz002409,雅克科技,2025-10-17 14:38:12,73.29,2900,73.29,U
sz002409,雅克科技,2025-10-17 14:38:15,73.26,7000,73.29,D
sz002409,雅克科技,2025-10-17 14:38:18,73.22,9900,73.26,D
sz002409,雅克科技,2025-10-17 14:38:21,73.27,3700,73.22,U
sz002409,雅克科技,2025-10-17 14:38:30,73.13,13000,73.2,D
sz002409,雅克科技,2025-10-17 14:38:36,73.07,4300,73.12,D
sz002409,雅克科技,2025-10-17 14:38:39,73.16,2900,73.07,U
sz002409,雅克科技,2025-10-17 14:38:45,73.1,4400,73.11,E
sz002409,雅克科技,2025-10-17 14:38:48,73.1,3800,73.1,U
sz002409,雅克科技,2025-10-17 14:38:54,73.1,3600,73.1,D
sz002409,雅克科技,2025-10-17 14:38:57,73.1,4900,73.1,D
sz002409,雅克科技,2025-10-17 14:39:03,73.1,4800,73.1,U
sz002409,雅克科技,2025-10-17 14:39:12,73.13,6500,73.1,U
sz002409,雅克科技,2025-10-17 14:39:24,73.1,2900,73.13,D
sz002409,雅克科技,2025-10-17 14:39:30,73.13,3000,73.1,E
sz002409,雅克科技,2025-10-17 14:39:42,73.1,3900,73.13,D
sz002409,雅克科技,2025-10-17 14:39:54,73.1,3100,73.1,D
sz002409,雅克科技,2025-10-17 14:39:57,73.08,7100,73.1,D
sz002409,雅克科技,2025-10-17 14:40:06,73.05,5100,73.06,D
sz002409,雅克科技,2025-10-17 14:40:18,73.1,3200,73.07,U
sz002409,雅克科技,2025-10-17 14:40:21,73.13,11800,73.1,U
sz002409,雅克科技,2025-10-17 14:40:30,73.12,7000,73.01,U
sz002409,雅克科技,2025-10-17 14:41:09,73.13,24100,73.11,U
sz002409,雅克科技,2025-10-17 14:41:12,73.13,2900,73.13,D
sz002409,雅克科技,2025-10-17 14:41:15,73.16,3100,73.13,U
sz002409,雅克科技,2025-10-17 14:41:33,73.3,28400,73.19,U
sz002409,雅克科技,2025-10-17 14:41:48,73.3,4000,73.3,D
sz002409,雅克科技,2025-10-17 14:41:54,73.31,5200,73.32,D
sz002409,雅克科技,2025-10-17 14:42:24,73.28,104500,73.28,U
sz002409,雅克科技,2025-10-17 14:42:30,73.3,172100,73.28,U
sz002409,雅克科技,2025-10-17 14:42:33,73.19,101300,73.3,D
sz002409,雅克科技,2025-10-17 14:42:36,73.25,17300,73.19,U
sz002409,雅克科技,2025-10-17 14:42:51,73.19,6400,73.24,D
sz002409,雅克科技,2025-10-17 14:43:00,73.25,11200,73.24,U
sz002409,雅克科技,2025-10-17 14:43:03,73.31,46600,73.25,U
sz002409,雅克科技,2025-10-17 14:43:06,73.2,52000,73.31,D
sz002409,雅克科技,2025-10-17 14:43:21,73.29,2900,73.29,U
sz002409,雅克科技,2025-10-17 14:43:24,73.29,2900,73.29,E
sz002409,雅克科技,2025-10-17 14:43:39,73.3,22600,73.29,U
sz002409,雅克科技,2025-10-17 14:44:06,73.22,3300,73.23,D
sz002409,雅克科技,2025-10-17 14:44:09,73.21,3100,73.22,D
sz002409,雅克科技,2025-10-17 14:44:12,73.22,3400,73.21,U
sz002409,雅克科技,2025-10-17 14:44:15,73.2,4100,73.22,D
sz002409,雅克科技,2025-10-17 14:44:18,73.2,3400,73.2,D
sz002409,雅克科技,2025-10-17 14:44:21,73.2,3100,73.2,D
sz002409,雅克科技,2025-10-17 14:44:33,73.16,6000,73.17,D
sz002409,雅克科技,2025-10-17 14:44:36,73.15,4300,73.16,D
sz002409,雅克科技,2025-10-17 14:44:39,73.11,3500,73.15,D
sz002409,雅克科技,2025-10-17 14:44:45,73.1,4300,73.1,D
sz002409,雅克科技,2025-10-17 14:44:48,73.11,4700,73.1,U
sz002409,雅克科技,2025-10-17 14:44:51,73.06,6300,73.11,D
sz002409,雅克科技,2025-10-17 14:44:54,73.03,4400,73.06,D
sz002409,雅克科技,2025-10-17 14:44:57,73.03,9600,73.03,U
sz002409,雅克科技,2025-10-17 14:45:00,73.01,5200,73.03,E
sz002409,雅克科技,2025-10-17 14:45:03,73.01,8400,73.01,U
sz002409,雅克科技,2025-10-17 14:45:09,73.07,5000,73.11,E
sz002409,雅克科技,2025-10-17 14:45:15,73.11,8100,73.11,D
sz002409,雅克科技,2025-10-17 14:45:30,73.09,3300,73.11,D
sz002409,雅克科技,2025-10-17 14:45:33,73.12,3800,73.09,U
sz002409,雅克科技,2025-10-17 14:45:36,73.1,6100,73.12,D
sz002409,雅克科技,2025-10-17 14:45:42,73.1,6500,73.09,U
sz002409,雅克科技,2025-10-17 14:45:45,73.1,12900,73.1,U
sz002409,雅克科技,2025-10-17 14:45:57,73.08,3500,73.07,U
sz002409,雅克科技,2025-10-17 14:46:00,73.07,13800,73.08,D
sz002409,雅克科技,2025-10-17 14:46:12,73.04,3500,73.06,D
sz002409,雅克科技,2025-10-17 14:46:15,73.03,3700,73.04,D
sz002409,雅克科技,2025-10-17 14:46:21,73.03,4200,73.04,D
sz002409,雅克科技,2025-10-17 14:46:24,73.01,17400,73.03,D
sz002409,雅克科技,2025-10-17 14:46:27,73.01,4300,73.01,U
sz002409,雅克科技,2025-10-17 14:46:30,73.0,7500,73.01,D
sz002409,雅克科技,2025-10-17 14:46:36,73.01,5100,73.0,U
sz002409,雅克科技,2025-10-17 14:46:39,73.0,18700,73.01,D
sz002409,雅克科技,2025-10-17 14:46:48,73.0,5000,73.0,U
sz002409,雅克科技,2025-10-17 14:46:51,72.98,11300,73.0,D
sz002409,雅克科技,2025-10-17 14:46:57,73.0,6900,73.02,D
sz002409,雅克科技,2025-10-17 14:47:00,73.0,3600,73.0,D
sz002409,雅克科技,2025-10-17 14:47:06,73.0,4000,73.0,U
sz002409,雅克科技,2025-10-17 14:47:15,72.98,9500,73.02,D
sz002409,雅克科技,2025-10-17 14:47:18,72.98,7700,72.98,D
sz002409,雅克科技,2025-10-17 14:47:21,72.96,3400,72.98,D
sz002409,雅克科技,2025-10-17 14:47:24,72.95,3500,72.96,D
sz002409,雅克科技,2025-10-17 14:47:30,72.95,22765,72.94,E
sz002409,雅克科技,2025-10-17 14:47:33,72.96,4100,72.95,U
sz002409,雅克科技,2025-10-17 14:47:36,72.91,3100,72.96,D
sz002409,雅克科技,2025-10-17 14:47:45,72.91,7900,72.91,U
sz002409,雅克科技,2025-10-17 14:47:48,72.89,2800,72.91,D
sz002409,雅克科技,2025-10-17 14:47:54,72.91,3200,72.89,U
sz002409,雅克科技,2025-10-17 14:47:57,72.91,7300,72.91,U
sz002409,雅克科技,2025-10-17 14:48:03,72.88,6500,72.9,D
sz002409,雅克科技,2025-10-17 14:48:06,72.89,3400,72.88,U
sz002409,雅克科技,2025-10-17 14:48:09,72.89,6500,72.89,D
sz002409,雅克科技,2025-10-17 14:48:12,72.89,3600,72.89,D
sz002409,雅克科技,2025-10-17 14:48:18,72.88,8700,72.89,D
sz002409,雅克科技,2025-10-17 14:48:21,72.88,6400,72.88,D
sz002409,雅克科技,2025-10-17 14:48:24,72.89,5200,72.88,U
sz002409,雅克科技,2025-10-17 14:48:27,72.89,2900,72.89,U
sz002409,雅克科技,2025-10-17 14:48:30,72.88,3698,72.89,E
sz002409,雅克科技,2025-10-17 14:48:36,72.86,3200,72.87,D
sz002409,雅克科技,2025-10-17 14:48:39,72.88,43900,72.86,U
sz002409,雅克科技,2025-10-17 14:48:45,72.87,3300,72.87,U
sz002409,雅克科技,2025-10-17 14:48:48,72.86,7100,72.87,D
sz002409,雅克科技,2025-10-17 14:48:51,72.82,4100,72.86,D
sz002409,雅克科技,2025-10-17 14:48:54,72.77,15900,72.82,D
sz002409,雅克科技,2025-10-17 14:48:57,72.76,6300,72.77,D
sz002409,雅克科技,2025-10-17 14:49:06,72.74,17300,72.8,D
sz002409,雅克科技,2025-10-17 14:49:09,72.8,16400,72.74,U
sz002409,雅克科技,2025-10-17 14:49:12,72.8,5300,72.8,D
sz002409,雅克科技,2025-10-17 14:49:18,72.77,11700,72.79,D
sz002409,雅克科技,2025-10-17 14:49:21,72.81,6200,72.77,E
sz002409,雅克科技,2025-10-17 14:49:24,72.78,5100,72.81,D
sz002409,雅克科技,2025-10-17 14:49:30,72.78,8500,72.79,D
sz002409,雅克科技,2025-10-17 14:49:33,72.79,13600,72.78,D
sz002409,雅克科技,2025-10-17 14:49:36,72.8,33300,72.79,U
sz002409,雅克科技,2025-10-17 14:49:39,72.79,5000,72.8,E
sz002409,雅克科技,2025-10-17 14:49:42,72.76,7100,72.79,D
sz002409,雅克科技,2025-10-17 14:49:45,72.78,68300,72.76,E
sz002409,雅克科技,2025-10-17 14:49:48,72.78,10500,72.78,D
sz002409,雅克科技,2025-10-17 14:49:51,72.76,20400,72.78,D
sz002409,雅克科技,2025-10-17 14:49:54,72.76,20400,72.76,D
sz002409,雅克科技,2025-10-17 14:49:57,72.69,15800,72.76,D
sz002409,雅克科技,2025-10-17 14:50:00,72.71,20000,72.69,U
sz002409,雅克科技,2025-10-17 14:50:03,72.68,18500,72.71,D
sz002409,雅克科技,2025-10-17 14:50:06,72.7,29900,72.68,E
sz002409,雅克科技,2025-10-17 14:50:09,72.73,36500,72.7,D
sz002409,雅克科技,2025-10-17 14:50:12,72.82,19100,72.73,D
sz002409,雅克科技,2025-10-17 14:50:15,72.84,11000,72.82,E
sz002409,雅克科技,2025-10-17 14:50:18,72.92,9600,72.84,U
sz002409,雅克科技,2025-10-17 14:50:21,72.86,4800,72.92,D
sz002409,雅克科技,2025-10-17 14:50:24,72.81,8200,72.86,D
sz002409,雅克科技,2025-10-17 14:50:27,72.82,9200,72.81,E
sz002409,雅克科技,2025-10-17 14:50:30,72.9,10800,72.82,E
sz002409,雅克科技,2025-10-17 14:50:33,72.76,6000,72.9,D
sz002409,雅克科技,2025-10-17 14:50:36,72.76,3600,72.76,D
sz002409,雅克科技,2025-10-17 14:50:39,72.85,14900,72.76,U
sz002409,雅克科技,2025-10-17 14:50:42,72.8,3400,72.85,D
sz002409,雅克科技,2025-10-17 14:50:45,72.76,13100,72.8,D
sz002409,雅克科技,2025-10-17 14:50:51,72.79,7200,72.8,E
sz002409,雅克科技,2025-10-17 14:50:54,72.78,8900,72.79,D
sz002409,雅克科技,2025-10-17 14:50:57,72.78,12600,72.78,U
sz002409,雅克科技,2025-10-17 14:51:00,72.8,3000,72.78,U
sz002409,雅克科技,2025-10-17 14:51:03,72.76,10900,72.8,D
sz002409,雅克科技,2025-10-17 14:51:06,72.73,13600,72.76,D
sz002409,雅克科技,2025-10-17 14:51:09,72.71,15900,72.73,D
sz002409,雅克科技,2025-10-17 14:51:12,72.7,4100,72.71,D
sz002409,雅克科技,2025-10-17 14:51:15,72.68,14200,72.7,D
sz002409,雅克科技,2025-10-17 14:51:18,72.68,11100,72.68,U
sz002409,雅克科技,2025-10-17 14:51:21,72.69,5500,72.68,U
sz002409,雅克科技,2025-10-17 14:51:27,72.69,35900,72.7,D
sz002409,雅克科技,2025-10-17 14:51:30,72.69,3300,72.69,U
sz002409,雅克科技,2025-10-17 14:51:33,72.69,16000,72.69,U
sz002409,雅克科技,2025-10-17 14:51:36,72.68,9200,72.69,D
sz002409,雅克科技,2025-10-17 14:51:39,72.68,14500,72.68,D
sz002409,雅克科技,2025-10-17 14:51:42,72.68,3000,72.68,D
sz002409,雅克科技,2025-10-17 14:51:45,72.62,9200,72.68,D
sz002409,雅克科技,2025-10-17 14:51:48,72.62,6400,72.62,D
sz002409,雅克科技,2025-10-17 14:51:51,72.66,9800,72.62,E
sz002409,雅克科技,2025-10-17 14:51:54,72.63,5100,72.66,E
sz002409,雅克科技,2025-10-17 14:51:57,72.63,7500,72.63,E
sz002409,雅克科技,2025-10-17 14:52:00,72.63,18800,72.63,D
sz002409,雅克科技,2025-10-17 14:52:03,72.68,3500,72.63,U
sz002409,雅克科技,2025-10-17 14:52:06,72.63,8300,72.68,D
sz002409,雅克科技,2025-10-17 14:52:09,72.6,10700,72.63,D
sz002409,雅克科技,2025-10-17 14:52:12,72.59,12000,72.6,D
sz002409,雅克科技,2025-10-17 14:52:18,72.6,6900,72.61,D
sz002409,雅克科技,2025-10-17 14:52:21,72.55,4600,72.6,D
sz002409,雅克科技,2025-10-17 14:52:24,72.55,11200,72.55,U
sz002409,雅克科技,2025-10-17 14:52:27,72.58,7000,72.55,U
sz002409,雅克科技,2025-10-17 14:52:30,72.59,9300,72.58,E
sz002409,雅克科技,2025-10-17 14:52:33,72.62,15200,72.59,U
sz002409,雅克科技,2025-10-17 14:52:36,72.63,4200,72.62,U
sz002409,雅克科技,2025-10-17 14:52:39,72.66,19500,72.63,U
sz002409,雅克科技,2025-10-17 14:52:42,72.66,2800,72.66,U
sz002409,雅克科技,2025-10-17 14:52:45,72.66,16800,72.66,D
sz002409,雅克科技,2025-10-17 14:52:48,72.65,18500,72.66,D
sz002409,雅克科技,2025-10-17 14:52:51,72.63,3200,72.65,D
sz002409,雅克科技,2025-10-17 14:52:54,72.63,5000,72.63,D
sz002409,雅克科技,2025-10-17 14:52:57,72.63,19100,72.63,D
sz002409,雅克科技,2025-10-17 14:53:00,72.65,11100,72.63,U
sz002409,雅克科技,2025-10-17 14:53:03,72.69,38400,72.65,U
sz002409,雅克科技,2025-10-17 14:53:06,72.68,7200,72.69,E
sz002409,雅克科技,2025-10-17 14:53:12,72.71,4400,72.75,D
sz002409,雅克科技,2025-10-17 14:53:27,72.72,3800,72.78,D
sz002409,雅克科技,2025-10-17 14:53:36,72.72,3700,72.72,U
sz002409,雅克科技,2025-10-17 14:53:45,72.72,5400,72.72,U
sz002409,雅克科技,2025-10-17 14:53:51,72.74,4100,72.73,U
sz002409,雅克科技,2025-10-17 14:53:57,72.79,2800,72.74,U
sz002409,雅克科技,2025-10-17 14:54:06,72.73,11000,72.74,D
sz002409,雅克科技,2025-10-17 14:54:09,72.72,3200,72.73,D
sz002409,雅克科技,2025-10-17 14:54:12,72.74,7100,72.72,U
sz002409,雅克科技,2025-10-17 14:54:15,72.73,3800,72.74,D
sz002409,雅克科技,2025-10-17 14:54:18,72.75,6900,72.73,U
sz002409,雅克科技,2025-10-17 14:54:36,72.76,4700,72.77,D
sz002409,雅克科技,2025-10-17 14:54:42,72.76,3200,72.76,U
sz002409,雅克科技,2025-10-17 14:54:48,72.74,3100,72.74,D
sz002409,雅克科技,2025-10-17 14:54:51,72.75,7000,72.74,U
sz002409,雅克科技,2025-10-17 14:55:00,72.75,9600,72.74,E
sz002409,雅克科技,2025-10-17 14:55:03,72.76,5600,72.75,U
sz002409,雅克科技,2025-10-17 14:55:06,72.8,20100,72.76,U
sz002409,雅克科技,2025-10-17 14:55:09,72.78,7200,72.8,D
sz002409,雅克科技,2025-10-17 14:55:12,72.76,16000,72.78,D
sz002409,雅克科技,2025-10-17 14:55:18,72.75,10300,72.78,D
sz002409,雅克科技,2025-10-17 14:55:21,72.78,3500,72.75,U
sz002409,雅克科技,2025-10-17 14:55:24,72.87,9300,72.78,U
sz002409,雅克科技,2025-10-17 14:55:27,72.8,6500,72.87,D
sz002409,雅克科技,2025-10-17 14:55:30,72.86,4100,72.8,U
sz002409,雅克科技,2025-10-17 14:55:33,72.82,8300,72.86,D
sz002409,雅克科技,2025-10-17 14:55:39,72.79,11400,72.83,D
sz002409,雅克科技,2025-10-17 14:55:42,72.76,16700,72.79,E
sz002409,雅克科技,2025-10-17 14:55:45,72.76,7700,72.76,D
sz002409,雅克科技,2025-10-17 14:55:51,72.71,12300,72.78,D
sz002409,雅克科技,2025-10-17 14:55:54,72.73,3100,72.71,E
sz002409,雅克科技,2025-10-17 14:56:00,72.76,4600,72.75,U
sz002409,雅克科技,2025-10-17 14:56:03,72.7,14400,72.76,D
sz002409,雅克科技,2025-10-17 14:56:06,72.75,4200,72.7,U
sz002409,雅克科技,2025-10-17 14:56:09,72.72,2800,72.75,D
sz002409,雅克科技,2025-10-17 14:56:12,72.7,11000,72.72,D
sz002409,雅克科技,2025-10-17 14:56:15,72.71,12500,72.7,E
sz002409,雅克科技,2025-10-17 14:56:21,72.76,7000,72.75,U
sz002409,雅克科技,2025-10-17 14:56:24,72.72,5100,72.76,U
sz002409,雅克科技,2025-10-17 14:56:27,72.73,4000,72.72,U
sz002409,雅克科技,2025-10-17 14:56:30,72.74,11400,72.73,U
sz002409,雅克科技,2025-10-17 14:56:33,72.74,3200,72.74,U
sz002409,雅克科技,2025-10-17 14:56:36,72.74,4000,72.74,U
sz002409,雅克科技,2025-10-17 14:56:39,72.73,4900,72.74,E
sz002409,雅克科技,2025-10-17 14:56:42,72.72,8300,72.73,D
sz002409,雅克科技,2025-10-17 14:56:48,72.72,5500,72.72,D
sz002409,雅克科技,2025-10-17 14:56:51,72.72,8500,72.72,D
sz002409,雅克科技,2025-10-17 14:56:54,72.7,3200,72.72,D
sz002409,雅克科技,2025-10-17 14:56:57,72.72,4200,72.7,U
sz002409,雅克科技,2025-10-17 14:57:00,72.7,5300,72.72,U
sz002409,雅克科技,2025-10-17 15:00:00,72.75,144500,72.7,U
