symbol,name,ticktime,price,volume,prev_price,kind
sz002409,雅克科技,2025-09-19 09:25:00,64.35,238700,0.0,U
sz002409,雅克科技,2025-09-19 09:30:00,64.56,34400,64.35,U
sz002409,雅克科技,2025-09-19 09:30:03,64.75,88600,64.56,U
sz002409,雅克科技,2025-09-19 09:30:06,64.97,56200,64.75,U
sz002409,雅克科技,2025-09-19 09:30:09,65.0,58700,64.97,U
sz002409,雅克科技,2025-09-19 09:30:12,65.07,18600,65.0,U
sz002409,雅克科技,2025-09-19 09:30:15,65.18,47200,65.07,U
sz002409,雅克科技,2025-09-19 09:30:18,65.28,20000,65.18,U
sz002409,雅克科技,2025-09-19 09:30:21,65.34,19000,65.28,U
sz002409,雅克科技,2025-09-19 09:30:24,65.42,72700,65.34,U
sz002409,雅克科技,2025-09-19 09:30:27,65.57,13100,65.42,U
sz002409,雅克科技,2025-09-19 09:30:30,65.59,25800,65.57,U
sz002409,雅克科技,2025-09-19 09:30:33,65.67,14200,65.59,U
sz002409,雅克科技,2025-09-19 09:30:36,65.77,38200,65.67,U
sz002409,雅克科技,2025-09-19 09:30:39,65.9,46200,65.77,U
sz002409,雅克科技,2025-09-19 09:30:42,65.99,18600,65.9,U
sz002409,雅克科技,2025-09-19 09:30:45,66.11,51800,65.99,U
sz002409,雅克科技,2025-09-19 09:30:48,66.25,52100,66.11,E
sz002409,雅克科技,2025-09-19 09:30:51,66.08,31600,66.25,D
sz002409,雅克科技,2025-09-19 09:30:54,66.09,69200,66.08,U
sz002409,雅克科技,2025-09-19 09:30:57,66.11,46500,66.09,U
sz002409,雅克科技,2025-09-19 09:31:00,66.13,28900,66.11,E
sz002409,雅克科技,2025-09-19 09:31:03,66.26,56200,66.13,U
sz002409,雅克科技,2025-09-19 09:31:06,66.26,43400,66.26,D
sz002409,雅克科技,2025-09-19 09:31:09,66.23,20800,66.26,D
sz002409,雅克科技,2025-09-19 09:31:12,66.34,82000,66.23,U
sz002409,雅克科技,2025-09-19 09:31:15,66.34,28600,66.34,D
sz002409,雅克科技,2025-09-19 09:31:18,66.33,32300,66.34,D
sz002409,雅克科技,2025-09-19 09:31:21,66.26,66800,66.33,D
sz002409,雅克科技,2025-09-19 09:31:24,66.4,80800,66.26,U
sz002409,雅克科技,2025-09-19 09:31:27,66.4,60274,66.4,U
sz002409,雅克科技,2025-09-19 09:31:30,66.34,31400,66.4,D
sz002409,雅克科技,2025-09-19 09:31:33,66.33,50500,66.34,D
sz002409,雅克科技,2025-09-19 09:31:36,66.2,24800,66.33,D
sz002409,雅克科技,2025-09-19 09:31:39,66.15,96700,66.2,D
sz002409,雅克科技,2025-09-19 09:31:42,66.0,27799,66.15,D
sz002409,雅克科技,2025-09-19 09:31:45,66.01,41200,66.0,D
sz002409,雅克科技,2025-09-19 09:31:48,66.3,87200,66.01,U
sz002409,雅克科技,2025-09-19 09:31:51,66.3,65400,66.3,E
sz002409,雅克科技,2025-09-19 09:31:54,66.3,20500,66.3,U
sz002409,雅克科技,2025-09-19 09:31:57,66.35,43600,66.3,U
sz002409,雅克科技,2025-09-19 09:32:00,66.3,24000,66.35,D
sz002409,雅克科技,2025-09-19 09:32:03,66.35,48500,66.3,U
sz002409,雅克科技,2025-09-19 09:32:06,66.3,68800,66.35,D
sz002409,雅克科技,2025-09-19 09:32:09,66.25,38100,66.3,E
sz002409,雅克科技,2025-09-19 09:32:12,66.03,20600,66.25,D
sz002409,雅克科技,2025-09-19 09:32:15,66.02,16200,66.03,D
sz002409,雅克科技,2025-09-19 09:32:18,65.93,58901,66.02,D
sz002409,雅克科技,2025-09-19 09:32:21,65.88,18500,65.93,D
sz002409,雅克科技,2025-09-19 09:32:24,65.88,20900,65.88,D
sz002409,雅克科技,2025-09-19 09:32:27,65.88,26700,65.88,U
sz002409,雅克科技,2025-09-19 09:32:30,65.85,47000,65.88,D
sz002409,雅克科技,2025-09-19 09:32:33,65.82,12000,65.85,D
sz002409,雅克科技,2025-09-19 09:32:36,65.88,45900,65.82,U
sz002409,雅克科技,2025-09-19 09:32:39,65.83,23000,65.88,D
sz002409,雅克科技,2025-09-19 09:32:42,65.88,17000,65.83,E
sz002409,雅克科技,2025-09-19 09:32:45,65.94,27800,65.88,U
sz002409,雅克科技,2025-09-19 09:32:48,65.99,19300,65.94,U
sz002409,雅克科技,2025-09-19 09:32:51,66.0,19100,65.99,U
sz002409,雅克科技,2025-09-19 09:32:54,65.95,20300,66.0,D
sz002409,雅克科技,2025-09-19 09:32:57,65.9,26000,65.95,E
sz002409,雅克科技,2025-09-19 09:33:00,65.99,26400,65.9,U
sz002409,雅克科技,2025-09-19 09:33:03,65.87,18500,65.99,D
sz002409,雅克科技,2025-09-19 09:33:06,65.98,67500,65.87,U
sz002409,雅克科技,2025-09-19 09:33:09,65.87,63500,65.98,E
sz002409,雅克科技,2025-09-19 09:33:12,65.75,21100,65.87,D
sz002409,雅克科技,2025-09-19 09:33:15,65.61,31000,65.75,D
sz002409,雅克科技,2025-09-19 09:33:18,65.53,14400,65.61,D
sz002409,雅克科技,2025-09-19 09:33:21,65.6,22900,65.53,U
sz002409,雅克科技,2025-09-19 09:33:24,65.61,25900,65.6,D
sz002409,雅克科技,2025-09-19 09:33:27,65.7,33200,65.61,U
sz002409,雅克科技,2025-09-19 09:33:30,65.66,14300,65.7,D
sz002409,雅克科技,2025-09-19 09:33:33,65.66,9000,65.66,E
sz002409,雅克科技,2025-09-19 09:33:36,65.74,9600,65.66,E
sz002409,雅克科技,2025-09-19 09:33:39,65.71,13600,65.74,E
sz002409,雅克科技,2025-09-19 09:33:42,65.78,12700,65.71,U
sz002409,雅克科技,2025-09-19 09:33:45,65.75,15400,65.78,E
sz002409,雅克科技,2025-09-19 09:33:48,65.78,33100,65.75,U
sz002409,雅克科技,2025-09-19 09:33:51,65.8,5000,65.78,E
sz002409,雅克科技,2025-09-19 09:33:54,65.88,20300,65.8,U
sz002409,雅克科技,2025-09-19 09:33:57,65.89,6600,65.88,E
sz002409,雅克科技,2025-09-19 09:34:00,65.88,15900,65.89,D
sz002409,雅克科技,2025-09-19 09:34:03,65.99,47800,65.88,U
sz002409,雅克科技,2025-09-19 09:34:06,66.3,88200,65.99,U
sz002409,雅克科技,2025-09-19 09:34:09,66.29,9800,66.3,U
sz002409,雅克科技,2025-09-19 09:34:12,66.18,7600,66.29,E
sz002409,雅克科技,2025-09-19 09:34:15,66.17,13700,66.18,D
sz002409,雅克科技,2025-09-19 09:34:18,66.29,20500,66.17,U
sz002409,雅克科技,2025-09-19 09:34:21,66.3,50200,66.29,U
sz002409,雅克科技,2025-09-19 09:34:24,66.3,31600,66.3,U
sz002409,雅克科技,2025-09-19 09:34:27,66.3,13900,66.3,D
sz002409,雅克科技,2025-09-19 09:34:30,66.29,73700,66.3,D
sz002409,雅克科技,2025-09-19 09:34:33,66.28,30300,66.29,D
sz002409,雅克科技,2025-09-19 09:34:36,66.15,60100,66.28,D
sz002409,雅克科技,2025-09-19 09:34:39,66.12,24100,66.15,D
sz002409,雅克科技,2025-09-19 09:34:42,66.18,21800,66.12,U
sz002409,雅克科技,2025-09-19 09:34:45,66.02,3900,66.18,E
sz002409,雅克科技,2025-09-19 09:34:48,66.12,62200,66.02,U
sz002409,雅克科技,2025-09-19 09:34:51,66.17,20200,66.12,U
sz002409,雅克科技,2025-09-19 09:34:54,66.2,19800,66.17,U
sz002409,雅克科技,2025-09-19 09:34:57,66.22,4300,66.2,E
sz002409,雅克科技,2025-09-19 09:35:00,66.23,27100,66.22,U
sz002409,雅克科技,2025-09-19 09:35:03,66.26,15500,66.23,U
sz002409,雅克科技,2025-09-19 09:35:06,66.2,27000,66.26,D
sz002409,雅克科技,2025-09-19 09:35:09,66.23,27400,66.2,U
sz002409,雅克科技,2025-09-19 09:35:12,66.31,158448,66.23,U
sz002409,雅克科技,2025-09-19 09:35:15,66.31,27000,66.31,D
sz002409,雅克科技,2025-09-19 09:35:18,66.31,44200,66.31,D
sz002409,雅克科技,2025-09-19 09:35:21,66.31,36000,66.31,D
sz002409,雅克科技,2025-09-19 09:35:24,66.39,7900,66.31,U
sz002409,雅克科技,2025-09-19 09:35:27,66.45,66100,66.39,U
sz002409,雅克科技,2025-09-19 09:35:30,66.55,104400,66.45,U
sz002409,雅克科技,2025-09-19 09:35:33,66.68,22700,66.55,U
sz002409,雅克科技,2025-09-19 09:35:36,66.78,32500,66.68,U
sz002409,雅克科技,2025-09-19 09:35:39,66.8,76500,66.78,U
sz002409,雅克科技,2025-09-19 09:35:42,66.88,45200,66.8,U
sz002409,雅克科技,2025-09-19 09:35:45,66.89,18100,66.88,U
sz002409,雅克科技,2025-09-19 09:35:48,66.95,27600,66.89,U
sz002409,雅克科技,2025-09-19 09:35:51,66.95,10500,66.95,U
sz002409,雅克科技,2025-09-19 09:35:54,66.95,45100,66.95,D
sz002409,雅克科技,2025-09-19 09:35:57,66.96,52100,66.95,E
sz002409,雅克科技,2025-09-19 09:36:00,66.88,55900,66.96,D
sz002409,雅克科技,2025-09-19 09:36:03,66.88,34800,66.88,U
sz002409,雅克科技,2025-09-19 09:36:06,66.88,28100,66.88,U
sz002409,雅克科技,2025-09-19 09:36:09,66.89,25000,66.88,U
sz002409,雅克科技,2025-09-19 09:36:12,66.89,17300,66.89,U
sz002409,雅克科技,2025-09-19 09:36:15,66.89,28400,66.89,D
sz002409,雅克科技,2025-09-19 09:36:18,66.89,20600,66.89,U
sz002409,雅克科技,2025-09-19 09:36:21,66.8,7700,66.89,D
sz002409,雅克科技,2025-09-19 09:36:24,66.68,34200,66.8,D
sz002409,雅克科技,2025-09-19 09:36:27,66.66,32300,66.68,D
sz002409,雅克科技,2025-09-19 09:36:33,66.6,6400,66.63,D
sz002409,雅克科技,2025-09-19 09:36:36,66.6,20500,66.6,U
sz002409,雅克科技,2025-09-19 09:36:39,66.52,12300,66.6,E
sz002409,雅克科技,2025-09-19 09:36:42,66.52,30900,66.52,D
sz002409,雅克科技,2025-09-19 09:36:45,66.66,58300,66.52,U
sz002409,雅克科技,2025-09-19 09:36:48,66.66,37600,66.66,U
sz002409,雅克科技,2025-09-19 09:36:51,66.85,45600,66.66,U
sz002409,雅克科技,2025-09-19 09:36:54,66.75,19300,66.85,D
sz002409,雅克科技,2025-09-19 09:36:57,66.89,26700,66.75,U
sz002409,雅克科技,2025-09-19 09:37:00,66.91,52700,66.89,U
sz002409,雅克科技,2025-09-19 09:37:03,67.0,267600,66.91,U
sz002409,雅克科技,2025-09-19 09:37:06,67.02,45300,67.0,U
sz002409,雅克科技,2025-09-19 09:37:09,67.02,16900,67.02,U
sz002409,雅克科技,2025-09-19 09:37:12,67.02,46800,67.02,D
sz002409,雅克科技,2025-09-19 09:37:15,67.06,60900,67.02,U
sz002409,雅克科技,2025-09-19 09:37:18,67.02,29200,67.06,D
sz002409,雅克科技,2025-09-19 09:37:21,67.05,29000,67.02,U
sz002409,雅克科技,2025-09-19 09:37:24,67.02,20400,67.05,D
sz002409,雅克科技,2025-09-19 09:37:27,67.05,63200,67.02,U
sz002409,雅克科技,2025-09-19 09:37:30,67.07,5300,67.05,U
sz002409,雅克科技,2025-09-19 09:37:33,67.11,33000,67.07,U
sz002409,雅克科技,2025-09-19 09:37:36,67.08,8600,67.11,D
sz002409,雅克科技,2025-09-19 09:37:39,67.05,59400,67.08,D
sz002409,雅克科技,2025-09-19 09:37:42,67.05,59600,67.05,D
sz002409,雅克科技,2025-09-19 09:37:45,67.05,25200,67.05,U
sz002409,雅克科技,2025-09-19 09:37:48,67.0,19400,67.05,E
sz002409,雅克科技,2025-09-19 09:37:51,67.02,39200,67.0,U
sz002409,雅克科技,2025-09-19 09:37:54,67.17,87200,67.02,U
sz002409,雅克科技,2025-09-19 09:37:57,67.17,13300,67.17,D
sz002409,雅克科技,2025-09-19 09:38:00,67.17,12500,67.17,D
sz002409,雅克科技,2025-09-19 09:38:03,67.22,51100,67.17,U
sz002409,雅克科技,2025-09-19 09:38:06,67.21,24583,67.22,U
sz002409,雅克科技,2025-09-19 09:38:09,67.31,33400,67.21,U
sz002409,雅克科技,2025-09-19 09:38:12,67.39,8900,67.31,U
sz002409,雅克科技,2025-09-19 09:38:15,67.39,43800,67.39,E
sz002409,雅克科技,2025-09-19 09:38:18,67.42,15700,67.39,E
sz002409,雅克科技,2025-09-19 09:38:21,67.49,41400,67.42,U
sz002409,雅克科技,2025-09-19 09:38:24,67.42,40500,67.49,D
sz002409,雅克科技,2025-09-19 09:38:27,67.38,27600,67.42,D
sz002409,雅克科技,2025-09-19 09:38:30,67.38,31200,67.38,U
sz002409,雅克科技,2025-09-19 09:38:33,67.2,73500,67.38,D
sz002409,雅克科技,2025-09-19 09:38:36,67.21,54917,67.2,U
sz002409,雅克科技,2025-09-19 09:38:39,67.05,12200,67.21,D
sz002409,雅克科技,2025-09-19 09:38:42,67.05,14600,67.05,D
sz002409,雅克科技,2025-09-19 09:38:45,67.18,21600,67.05,U
sz002409,雅克科技,2025-09-19 09:38:48,67.02,10500,67.18,D
sz002409,雅克科技,2025-09-19 09:38:51,67.02,12600,67.02,D
sz002409,雅克科技,2025-09-19 09:38:54,67.02,51000,67.02,U
sz002409,雅克科技,2025-09-19 09:38:57,67.23,20500,67.02,U
sz002409,雅克科技,2025-09-19 09:39:00,67.07,14300,67.23,D
sz002409,雅克科技,2025-09-19 09:39:03,67.18,11200,67.07,U
sz002409,雅克科技,2025-09-19 09:39:06,67.07,9900,67.18,D
sz002409,雅克科技,2025-09-19 09:39:09,67.0,36700,67.07,D
sz002409,雅克科技,2025-09-19 09:39:12,66.86,22100,67.0,D
sz002409,雅克科技,2025-09-19 09:39:15,67.0,24700,66.86,U
sz002409,雅克科技,2025-09-19 09:39:18,66.83,7400,67.0,D
sz002409,雅克科技,2025-09-19 09:39:21,66.87,5300,66.83,U
sz002409,雅克科技,2025-09-19 09:39:24,66.7,3300,66.87,E
sz002409,雅克科技,2025-09-19 09:39:27,66.68,12500,66.7,D
sz002409,雅克科技,2025-09-19 09:39:30,66.69,4400,66.68,E
sz002409,雅克科技,2025-09-19 09:39:33,66.73,11700,66.69,U
sz002409,雅克科技,2025-09-19 09:39:36,66.8,12100,66.73,U
sz002409,雅克科技,2025-09-19 09:39:39,66.7,8800,66.8,E
sz002409,雅克科技,2025-09-19 09:39:42,66.71,7300,66.7,E
sz002409,雅克科技,2025-09-19 09:39:45,66.8,60500,66.71,U
sz002409,雅克科技,2025-09-19 09:39:48,67.0,11400,66.8,U
sz002409,雅克科技,2025-09-19 09:39:51,66.8,5600,67.0,D
sz002409,雅克科技,2025-09-19 09:39:54,66.8,32400,66.8,D
sz002409,雅克科技,2025-09-19 09:39:57,66.8,21200,66.8,U
sz002409,雅克科技,2025-09-19 09:40:00,67.01,41400,66.8,U
sz002409,雅克科技,2025-09-19 09:40:03,66.97,29017,67.01,D
sz002409,雅克科技,2025-09-19 09:40:06,67.0,6200,66.97,U
sz002409,雅克科技,2025-09-19 09:40:09,67.13,8100,67.0,U
sz002409,雅克科技,2025-09-19 09:40:12,67.16,9000,67.13,U
sz002409,雅克科技,2025-09-19 09:40:15,67.21,97220,67.16,U
sz002409,雅克科技,2025-09-19 09:40:18,67.4,23000,67.21,U
sz002409,雅克科技,2025-09-19 09:40:21,67.5,39828,67.4,U
sz002409,雅克科技,2025-09-19 09:40:24,67.57,94000,67.5,U
sz002409,雅克科技,2025-09-19 09:40:27,67.58,21800,67.57,U
sz002409,雅克科技,2025-09-19 09:40:30,67.65,39700,67.58,U
sz002409,雅克科技,2025-09-19 09:40:33,67.71,32400,67.65,U
sz002409,雅克科技,2025-09-19 09:40:36,67.77,7600,67.71,U
sz002409,雅克科技,2025-09-19 09:40:39,67.77,20800,67.77,U
sz002409,雅克科技,2025-09-19 09:40:42,67.77,47800,67.77,D
sz002409,雅克科技,2025-09-19 09:40:45,67.86,55400,67.77,U
sz002409,雅克科技,2025-09-19 09:40:48,67.83,25300,67.86,E
sz002409,雅克科技,2025-09-19 09:40:51,67.87,18600,67.83,U
sz002409,雅克科技,2025-09-19 09:40:54,67.87,21200,67.87,U
sz002409,雅克科技,2025-09-19 09:40:57,67.88,30000,67.87,U
sz002409,雅克科技,2025-09-19 09:41:00,67.9,44800,67.88,U
sz002409,雅克科技,2025-09-19 09:41:03,67.9,16700,67.9,U
sz002409,雅克科技,2025-09-19 09:41:06,67.95,21200,67.9,U
sz002409,雅克科技,2025-09-19 09:41:09,67.83,134900,67.95,D
sz002409,雅克科技,2025-09-19 09:41:12,67.91,14800,67.83,U
sz002409,雅克科技,2025-09-19 09:41:15,67.94,16200,67.91,U
sz002409,雅克科技,2025-09-19 09:41:18,67.87,19800,67.94,D
sz002409,雅克科技,2025-09-19 09:41:21,67.7,57900,67.87,D
sz002409,雅克科技,2025-09-19 09:41:24,67.77,10400,67.7,U
sz002409,雅克科技,2025-09-19 09:41:27,67.64,27300,67.77,D
sz002409,雅克科技,2025-09-19 09:41:30,67.64,12100,67.64,D
sz002409,雅克科技,2025-09-19 09:41:33,67.74,18900,67.64,U
sz002409,雅克科技,2025-09-19 09:41:36,67.6,6500,67.74,E
sz002409,雅克科技,2025-09-19 09:41:39,67.5,26100,67.6,D
sz002409,雅克科技,2025-09-19 09:41:42,67.5,81900,67.5,D
sz002409,雅克科技,2025-09-19 09:41:45,67.36,4600,67.5,E
sz002409,雅克科技,2025-09-19 09:41:48,67.35,22700,67.36,D
sz002409,雅克科技,2025-09-19 09:41:51,67.35,6600,67.35,U
sz002409,雅克科技,2025-09-19 09:41:54,67.18,3000,67.35,E
sz002409,雅克科技,2025-09-19 09:41:57,67.27,9600,67.18,E
sz002409,雅克科技,2025-09-19 09:42:00,67.28,22400,67.27,U
sz002409,雅克科技,2025-09-19 09:42:03,67.18,17900,67.28,D
sz002409,雅克科技,2025-09-19 09:42:06,67.18,20600,67.18,U
sz002409,雅克科技,2025-09-19 09:42:09,67.19,3900,67.18,U
sz002409,雅克科技,2025-09-19 09:42:12,67.23,17000,67.19,U
sz002409,雅克科技,2025-09-19 09:42:15,67.18,10000,67.23,D
sz002409,雅克科技,2025-09-19 09:42:18,67.28,25600,67.18,U
sz002409,雅克科技,2025-09-19 09:42:21,67.17,19900,67.28,D
sz002409,雅克科技,2025-09-19 09:42:24,67.13,12800,67.17,D
sz002409,雅克科技,2025-09-19 09:42:27,67.07,13600,67.13,D
sz002409,雅克科技,2025-09-19 09:42:30,67.1,9800,67.07,U
sz002409,雅克科技,2025-09-19 09:42:33,67.1,9100,67.1,D
sz002409,雅克科技,2025-09-19 09:42:36,67.1,22600,67.1,D
sz002409,雅克科技,2025-09-19 09:42:39,67.07,13200,67.1,D
sz002409,雅克科技,2025-09-19 09:42:42,67.13,49700,67.07,U
sz002409,雅克科技,2025-09-19 09:42:45,67.1,9600,67.13,D
sz002409,雅克科技,2025-09-19 09:42:48,67.17,53500,67.1,U
sz002409,雅克科技,2025-09-19 09:42:51,67.1,13300,67.17,D
sz002409,雅克科技,2025-09-19 09:42:54,67.1,4400,67.1,D
sz002409,雅克科技,2025-09-19 09:42:57,67.05,18000,67.1,D
sz002409,雅克科技,2025-09-19 09:43:00,67.1,22200,67.05,U
sz002409,雅克科技,2025-09-19 09:43:03,67.13,9300,67.1,U
sz002409,雅克科技,2025-09-19 09:43:06,67.1,13700,67.13,D
sz002409,雅克科技,2025-09-19 09:43:09,67.16,116300,67.1,U
sz002409,雅克科技,2025-09-19 09:43:12,67.2,20800,67.16,U
sz002409,雅克科技,2025-09-19 09:43:15,67.2,6100,67.2,D
sz002409,雅克科技,2025-09-19 09:43:18,67.16,8900,67.2,D
sz002409,雅克科技,2025-09-19 09:43:21,67.14,6100,67.16,E
sz002409,雅克科技,2025-09-19 09:43:24,67.1,9600,67.14,D
sz002409,雅克科技,2025-09-19 09:43:27,67.1,57000,67.1,U
sz002409,雅克科技,2025-09-19 09:43:30,67.16,8800,67.1,U
sz002409,雅克科技,2025-09-19 09:43:33,67.1,14900,67.16,D
sz002409,雅克科技,2025-09-19 09:43:36,67.14,6500,67.1,U
sz002409,雅克科技,2025-09-19 09:43:39,67.11,10200,67.14,D
sz002409,雅克科技,2025-09-19 09:43:42,67.11,5200,67.11,D
sz002409,雅克科技,2025-09-19 09:43:45,67.05,46900,67.11,D
sz002409,雅克科技,2025-09-19 09:43:48,66.95,18600,67.05,D
sz002409,雅克科技,2025-09-19 09:43:51,66.97,10100,66.95,U
sz002409,雅克科技,2025-09-19 09:43:54,66.95,14200,66.97,D
sz002409,雅克科技,2025-09-19 09:43:57,66.92,17700,66.95,D
sz002409,雅克科技,2025-09-19 09:44:00,66.93,16500,66.92,U
sz002409,雅克科技,2025-09-19 09:44:03,66.85,13200,66.93,U
sz002409,雅克科技,2025-09-19 09:44:06,66.83,20500,66.85,U
sz002409,雅克科技,2025-09-19 09:44:09,67.08,20200,66.83,U
sz002409,雅克科技,2025-09-19 09:44:12,66.98,14000,67.08,D
sz002409,雅克科技,2025-09-19 09:44:15,67.11,16800,66.98,U
sz002409,雅克科技,2025-09-19 09:44:18,67.1,13400,67.11,E
sz002409,雅克科技,2025-09-19 09:44:21,66.98,6700,67.1,D
sz002409,雅克科技,2025-09-19 09:44:24,67.0,11500,66.98,U
sz002409,雅克科技,2025-09-19 09:44:27,67.1,10000,67.0,U
sz002409,雅克科技,2025-09-19 09:44:30,67.1,5400,67.1,U
sz002409,雅克科技,2025-09-19 09:44:33,67.1,18500,67.1,U
sz002409,雅克科技,2025-09-19 09:44:36,67.1,9500,67.1,D
sz002409,雅克科技,2025-09-19 09:44:39,67.15,46800,67.1,U
sz002409,雅克科技,2025-09-19 09:44:42,67.17,21000,67.15,U
sz002409,雅克科技,2025-09-19 09:44:45,67.2,6700,67.17,U
sz002409,雅克科技,2025-09-19 09:44:48,67.17,6100,67.2,D
sz002409,雅克科技,2025-09-19 09:44:51,67.17,9100,67.17,U
sz002409,雅克科技,2025-09-19 09:44:54,67.1,12800,67.17,D
sz002409,雅克科技,2025-09-19 09:44:57,67.1,11200,67.1,D
sz002409,雅克科技,2025-09-19 09:45:00,66.96,5600,67.1,D
sz002409,雅克科技,2025-09-19 09:45:03,66.91,15100,66.96,D
sz002409,雅克科技,2025-09-19 09:45:06,66.91,6800,66.91,U
sz002409,雅克科技,2025-09-19 09:45:12,66.79,12400,66.8,D
sz002409,雅克科技,2025-09-19 09:45:15,66.77,14500,66.79,D
sz002409,雅克科技,2025-09-19 09:45:18,66.77,19000,66.77,E
sz002409,雅克科技,2025-09-19 09:45:21,66.78,15200,66.77,E
sz002409,雅克科技,2025-09-19 09:45:24,66.91,12200,66.78,E
sz002409,雅克科技,2025-09-19 09:45:27,66.77,14500,66.91,D
sz002409,雅克科技,2025-09-19 09:45:30,66.9,3300,66.77,U
sz002409,雅克科技,2025-09-19 09:45:33,66.91,9000,66.9,U
sz002409,雅克科技,2025-09-19 09:45:36,66.78,11500,66.91,D
sz002409,雅克科技,2025-09-19 09:45:42,66.79,13400,66.78,E
sz002409,雅克科技,2025-09-19 09:45:45,66.85,32400,66.79,E
sz002409,雅克科技,2025-09-19 09:45:48,66.87,7200,66.85,U
sz002409,雅克科技,2025-09-19 09:45:51,66.8,12600,66.87,E
sz002409,雅克科技,2025-09-19 09:45:54,66.78,9100,66.8,D
sz002409,雅克科技,2025-09-19 09:45:57,66.84,15100,66.78,U
sz002409,雅克科技,2025-09-19 09:46:00,66.95,20700,66.84,U
sz002409,雅克科技,2025-09-19 09:46:03,66.87,11000,66.95,D
sz002409,雅克科技,2025-09-19 09:46:06,67.03,37300,66.87,U
sz002409,雅克科技,2025-09-19 09:46:09,67.1,3100,67.03,U
sz002409,雅克科技,2025-09-19 09:46:12,67.15,7200,67.1,U
sz002409,雅克科技,2025-09-19 09:46:15,67.26,49500,67.15,U
sz002409,雅克科技,2025-09-19 09:46:18,67.29,7200,67.26,U
sz002409,雅克科技,2025-09-19 09:46:21,67.29,6600,67.29,D
sz002409,雅克科技,2025-09-19 09:46:24,67.32,24500,67.29,U
sz002409,雅克科技,2025-09-19 09:46:27,67.4,22800,67.32,U
sz002409,雅克科技,2025-09-19 09:46:30,67.36,5200,67.4,D
sz002409,雅克科技,2025-09-19 09:46:33,67.36,16100,67.36,D
sz002409,雅克科技,2025-09-19 09:46:36,67.29,18900,67.36,D
sz002409,雅克科技,2025-09-19 09:46:39,67.29,8000,67.29,E
sz002409,雅克科技,2025-09-19 09:46:42,67.28,8800,67.29,U
sz002409,雅克科技,2025-09-19 09:46:45,67.2,12900,67.28,E
sz002409,雅克科技,2025-09-19 09:46:48,67.26,6700,67.2,U
sz002409,雅克科技,2025-09-19 09:46:51,67.26,16300,67.26,U
sz002409,雅克科技,2025-09-19 09:46:54,67.26,11200,67.26,U
sz002409,雅克科技,2025-09-19 09:46:57,67.28,6200,67.26,U
sz002409,雅克科技,2025-09-19 09:47:00,67.27,15100,67.28,E
sz002409,雅克科技,2025-09-19 09:47:03,67.26,18600,67.27,D
sz002409,雅克科技,2025-09-19 09:47:06,67.3,8900,67.26,U
sz002409,雅克科技,2025-09-19 09:47:09,67.38,21800,67.3,U
sz002409,雅克科技,2025-09-19 09:47:12,67.38,8700,67.38,U
sz002409,雅克科技,2025-09-19 09:47:15,67.39,13700,67.38,U
sz002409,雅克科技,2025-09-19 09:47:18,67.36,6500,67.39,U
sz002409,雅克科技,2025-09-19 09:47:21,67.36,7000,67.36,U
sz002409,雅克科技,2025-09-19 09:47:24,67.3,12900,67.36,D
sz002409,雅克科技,2025-09-19 09:47:30,67.3,7600,67.28,U
sz002409,雅克科技,2025-09-19 09:47:33,67.28,96600,67.3,U
sz002409,雅克科技,2025-09-19 09:47:36,67.3,4700,67.28,U
sz002409,雅克科技,2025-09-19 09:47:42,67.4,95627,67.28,U
sz002409,雅克科技,2025-09-19 09:47:45,67.32,16100,67.4,D
sz002409,雅克科技,2025-09-19 09:47:48,67.48,8600,67.32,U
sz002409,雅克科技,2025-09-19 09:47:51,67.4,5400,67.48,U
sz002409,雅克科技,2025-09-19 09:47:54,67.48,6100,67.4,U
sz002409,雅克科技,2025-09-19 09:47:57,67.41,5700,67.48,E
sz002409,雅克科技,2025-09-19 09:48:00,67.44,6100,67.41,U
sz002409,雅克科技,2025-09-19 09:48:03,67.4,19200,67.44,D
sz002409,雅克科技,2025-09-19 09:48:06,67.63,109500,67.4,U
sz002409,雅克科技,2025-09-19 09:48:09,67.57,21700,67.63,D
sz002409,雅克科技,2025-09-19 09:48:12,67.66,3700,67.57,E
sz002409,雅克科技,2025-09-19 09:48:18,67.63,20600,67.69,D
sz002409,雅克科技,2025-09-19 09:48:21,67.62,16200,67.63,E
sz002409,雅克科技,2025-09-19 09:48:24,67.64,17500,67.62,U
sz002409,雅克科技,2025-09-19 09:48:27,67.64,6400,67.64,D
sz002409,雅克科技,2025-09-19 09:48:30,67.63,11400,67.64,D
sz002409,雅克科技,2025-09-19 09:48:33,67.68,30200,67.63,U
sz002409,雅克科技,2025-09-19 09:48:36,67.78,53100,67.68,U
sz002409,雅克科技,2025-09-19 09:48:39,67.8,26700,67.78,U
sz002409,雅克科技,2025-09-19 09:48:42,67.78,3900,67.8,E
sz002409,雅克科技,2025-09-19 09:48:45,67.69,7000,67.78,D
sz002409,雅克科技,2025-09-19 09:48:48,67.69,34800,67.69,D
sz002409,雅克科技,2025-09-19 09:48:51,67.55,3700,67.69,D
sz002409,雅克科技,2025-09-19 09:48:54,67.54,21700,67.55,E
sz002409,雅克科技,2025-09-19 09:48:57,67.44,5500,67.54,D
sz002409,雅克科技,2025-09-19 09:49:00,67.4,5800,67.44,D
sz002409,雅克科技,2025-09-19 09:49:09,67.46,12500,67.4,U
sz002409,雅克科技,2025-09-19 09:49:12,67.35,15300,67.46,D
sz002409,雅克科技,2025-09-19 09:49:15,67.4,14400,67.35,U
sz002409,雅克科技,2025-09-19 09:49:18,67.36,8400,67.4,D
sz002409,雅克科技,2025-09-19 09:49:21,67.35,26400,67.36,D
sz002409,雅克科技,2025-09-19 09:49:24,67.4,26000,67.35,U
sz002409,雅克科技,2025-09-19 09:49:27,67.4,9100,67.4,D
sz002409,雅克科技,2025-09-19 09:49:30,67.49,8600,67.4,U
sz002409,雅克科技,2025-09-19 09:49:33,67.48,4700,67.49,D
sz002409,雅克科技,2025-09-19 09:49:36,67.46,17000,67.48,U
sz002409,雅克科技,2025-09-19 09:49:39,67.46,3200,67.46,D
sz002409,雅克科技,2025-09-19 09:49:42,67.52,10300,67.46,U
sz002409,雅克科技,2025-09-19 09:49:45,67.49,8000,67.52,D
sz002409,雅克科技,2025-09-19 09:49:51,67.46,15500,67.49,D
sz002409,雅克科技,2025-09-19 09:49:54,67.49,8900,67.46,U
sz002409,雅克科技,2025-09-19 09:49:57,67.49,8600,67.49,E
sz002409,雅克科技,2025-09-19 09:50:00,67.5,4200,67.49,U
sz002409,雅克科技,2025-09-19 09:50:03,67.5,6200,67.5,U
sz002409,雅克科技,2025-09-19 09:50:06,67.55,24400,67.5,U
sz002409,雅克科技,2025-09-19 09:50:09,67.51,5300,67.55,D
sz002409,雅克科技,2025-09-19 09:50:12,67.64,24100,67.51,U
sz002409,雅克科技,2025-09-19 09:50:15,67.54,5100,67.64,D
sz002409,雅克科技,2025-09-19 09:50:18,67.66,4200,67.54,U
sz002409,雅克科技,2025-09-19 09:50:21,67.66,6000,67.66,U
sz002409,雅克科技,2025-09-19 09:50:24,67.54,41500,67.66,D
sz002409,雅克科技,2025-09-19 09:50:27,67.46,71600,67.54,D
sz002409,雅克科技,2025-09-19 09:50:30,67.53,5300,67.46,U
sz002409,雅克科技,2025-09-19 09:50:33,67.4,31000,67.53,D
sz002409,雅克科技,2025-09-19 09:50:36,67.45,22300,67.4,U
sz002409,雅克科技,2025-09-19 09:50:39,67.53,14900,67.45,U
sz002409,雅克科技,2025-09-19 09:50:48,67.45,11600,67.46,D
sz002409,雅克科技,2025-09-19 09:50:51,67.46,25200,67.45,U
sz002409,雅克科技,2025-09-19 09:50:54,67.48,15200,67.46,U
sz002409,雅克科技,2025-09-19 09:50:57,67.45,7900,67.48,D
sz002409,雅克科技,2025-09-19 09:51:00,67.42,11400,67.45,D
sz002409,雅克科技,2025-09-19 09:51:03,67.42,3100,67.42,D
sz002409,雅克科技,2025-09-19 09:51:06,67.48,16400,67.42,U
sz002409,雅克科技,2025-09-19 09:51:09,67.42,18500,67.48,D
sz002409,雅克科技,2025-09-19 09:51:12,67.42,9500,67.42,U
sz002409,雅克科技,2025-09-19 09:51:15,67.46,18500,67.42,U
sz002409,雅克科技,2025-09-19 09:51:18,67.45,33800,67.46,D
sz002409,雅克科技,2025-09-19 09:51:21,67.46,10700,67.45,E
sz002409,雅克科技,2025-09-19 09:51:24,67.45,3900,67.46,D
sz002409,雅克科技,2025-09-19 09:51:27,67.45,6000,67.45,D
sz002409,雅克科技,2025-09-19 09:51:30,67.43,64300,67.45,D
sz002409,雅克科技,2025-09-19 09:51:33,67.44,9300,67.43,U
sz002409,雅克科技,2025-09-19 09:51:36,67.43,3000,67.44,D
sz002409,雅克科技,2025-09-19 09:51:42,67.35,11200,67.42,D
sz002409,雅克科技,2025-09-19 09:51:45,67.32,3400,67.35,D
sz002409,雅克科技,2025-09-19 09:51:48,67.29,7100,67.32,D
sz002409,雅克科技,2025-09-19 09:51:54,67.19,13900,67.22,D
sz002409,雅克科技,2025-09-19 09:52:06,67.2,23000,67.14,U
sz002409,雅克科技,2025-09-19 09:52:09,67.22,11600,67.2,U
sz002409,雅克科技,2025-09-19 09:52:12,67.22,4500,67.22,U
sz002409,雅克科技,2025-09-19 09:52:15,67.21,4300,67.22,E
sz002409,雅克科技,2025-09-19 09:52:18,67.29,7400,67.21,U
sz002409,雅克科技,2025-09-19 09:52:24,67.24,8100,67.23,D
sz002409,雅克科技,2025-09-19 09:52:27,67.3,3400,67.24,D
sz002409,雅克科技,2025-09-19 09:52:30,67.3,6600,67.3,D
sz002409,雅克科技,2025-09-19 09:52:33,67.31,4600,67.3,U
sz002409,雅克科技,2025-09-19 09:52:42,67.24,3300,67.24,D
sz002409,雅克科技,2025-09-19 09:52:45,67.25,4100,67.24,U
sz002409,雅克科技,2025-09-19 09:52:48,67.24,3100,67.25,D
sz002409,雅克科技,2025-09-19 09:53:00,67.21,4600,67.23,D
sz002409,雅克科技,2025-09-19 09:53:03,67.3,5900,67.21,U
sz002409,雅克科技,2025-09-19 09:53:06,67.3,3000,67.3,D
sz002409,雅克科技,2025-09-19 09:53:09,67.24,12900,67.3,D
sz002409,雅克科技,2025-09-19 09:53:12,67.23,3300,67.24,D
sz002409,雅克科技,2025-09-19 09:53:15,67.25,7800,67.23,E
sz002409,雅克科技,2025-09-19 09:53:27,67.33,15100,67.29,U
sz002409,雅克科技,2025-09-19 09:53:30,67.33,12800,67.33,U
sz002409,雅克科技,2025-09-19 09:53:48,67.43,3500,67.38,U
sz002409,雅克科技,2025-09-19 09:53:51,67.51,82300,67.43,U
sz002409,雅克科技,2025-09-19 09:53:54,67.52,10300,67.51,U
sz002409,雅克科技,2025-09-19 09:53:57,67.51,11900,67.52,D
sz002409,雅克科技,2025-09-19 09:54:00,67.43,68800,67.51,D
sz002409,雅克科技,2025-09-19 09:54:03,67.42,5800,67.43,D
sz002409,雅克科技,2025-09-19 09:54:06,67.38,20000,67.42,D
sz002409,雅克科技,2025-09-19 09:54:12,67.43,21000,67.37,U
sz002409,雅克科技,2025-09-19 09:54:18,67.43,5500,67.43,D
sz002409,雅克科技,2025-09-19 09:54:21,67.43,7700,67.43,U
sz002409,雅克科技,2025-09-19 09:54:27,67.48,8900,67.48,U
sz002409,雅克科技,2025-09-19 09:54:36,67.45,16100,67.48,D
sz002409,雅克科技,2025-09-19 09:54:42,67.47,3800,67.45,U
sz002409,雅克科技,2025-09-19 09:54:45,67.45,6100,67.47,U
sz002409,雅克科技,2025-09-19 09:54:48,67.45,10000,67.45,U
sz002409,雅克科技,2025-09-19 09:54:57,67.41,5300,67.45,D
sz002409,雅克科技,2025-09-19 09:55:00,67.49,7900,67.41,U
sz002409,雅克科技,2025-09-19 09:55:03,67.54,33400,67.49,U
sz002409,雅克科技,2025-09-19 09:55:06,67.68,57800,67.54,U
sz002409,雅克科技,2025-09-19 09:55:09,67.71,11800,67.68,U
sz002409,雅克科技,2025-09-19 09:55:12,67.75,5200,67.71,U
sz002409,雅克科技,2025-09-19 09:55:15,67.8,45100,67.75,U
sz002409,雅克科技,2025-09-19 09:55:18,67.78,26700,67.8,D
sz002409,雅克科技,2025-09-19 09:55:21,67.78,18500,67.78,U
sz002409,雅克科技,2025-09-19 09:55:24,67.72,14200,67.78,E
sz002409,雅克科技,2025-09-19 09:55:27,67.72,13100,67.72,U
sz002409,雅克科技,2025-09-19 09:55:30,67.49,29500,67.72,D
sz002409,雅克科技,2025-09-19 09:55:33,67.55,8200,67.49,E
sz002409,雅克科技,2025-09-19 09:55:36,67.67,3999,67.55,U
sz002409,雅克科技,2025-09-19 09:55:39,67.67,6700,67.67,U
sz002409,雅克科技,2025-09-19 09:55:42,67.5,7200,67.67,D
sz002409,雅克科技,2025-09-19 09:55:45,67.67,27300,67.5,U
sz002409,雅克科技,2025-09-19 09:55:48,67.65,5800,67.67,D
sz002409,雅克科技,2025-09-19 09:55:51,67.67,3200,67.65,U
sz002409,雅克科技,2025-09-19 09:55:54,67.67,5800,67.67,U
sz002409,雅克科技,2025-09-19 09:55:57,67.62,16700,67.67,D
sz002409,雅克科技,2025-09-19 09:56:00,67.63,3800,67.62,E
sz002409,雅克科技,2025-09-19 09:56:03,67.63,6500,67.63,U
sz002409,雅克科技,2025-09-19 09:56:06,67.63,7793,67.63,D
sz002409,雅克科技,2025-09-19 09:56:09,67.62,3407,67.63,D
sz002409,雅克科技,2025-09-19 09:56:12,67.63,17400,67.62,U
sz002409,雅克科技,2025-09-19 09:56:18,67.6,10600,67.62,U
sz002409,雅克科技,2025-09-19 09:56:21,67.55,6500,67.6,D
sz002409,雅克科技,2025-09-19 09:56:27,67.55,3800,67.55,U
sz002409,雅克科技,2025-09-19 09:56:30,67.55,15100,67.55,U
sz002409,雅克科技,2025-09-19 09:56:33,67.52,16500,67.55,U
sz002409,雅克科技,2025-09-19 09:56:36,67.51,3500,67.52,D
sz002409,雅克科技,2025-09-19 09:56:45,67.49,27300,67.51,D
sz002409,雅克科技,2025-09-19 09:56:48,67.5,19700,67.49,E
sz002409,雅克科技,2025-09-19 09:57:06,67.4,21500,67.4,U
sz002409,雅克科技,2025-09-19 09:57:09,67.26,3400,67.4,E
sz002409,雅克科技,2025-09-19 09:57:12,67.26,4400,67.26,D
sz002409,雅克科技,2025-09-19 09:57:15,67.25,8500,67.26,D
sz002409,雅克科技,2025-09-19 09:57:21,67.25,9000,67.25,D
sz002409,雅克科技,2025-09-19 09:57:24,67.2,4400,67.25,D
sz002409,雅克科技,2025-09-19 09:57:27,67.18,9400,67.2,D
sz002409,雅克科技,2025-09-19 09:57:36,67.1,3500,67.15,D
sz002409,雅克科技,2025-09-19 09:57:39,67.11,6000,67.1,U
sz002409,雅克科技,2025-09-19 09:57:42,67.11,16700,67.11,D
sz002409,雅克科技,2025-09-19 09:57:45,67.18,14700,67.11,U
sz002409,雅克科技,2025-09-19 09:57:48,67.23,16600,67.18,U
sz002409,雅克科技,2025-09-19 09:57:51,67.18,15200,67.23,U
sz002409,雅克科技,2025-09-19 09:57:54,67.23,12500,67.18,U
sz002409,雅克科技,2025-09-19 09:57:57,67.4,40300,67.23,U
sz002409,雅克科技,2025-09-19 09:58:06,67.5,21200,67.4,U
sz002409,雅克科技,2025-09-19 09:58:09,67.51,4400,67.5,U
sz002409,雅克科技,2025-09-19 09:58:12,67.52,11400,67.51,U
sz002409,雅克科技,2025-09-19 09:58:15,67.54,4200,67.52,U
sz002409,雅克科技,2025-09-19 09:58:21,67.54,5700,67.56,D
sz002409,雅克科技,2025-09-19 09:58:30,67.59,7100,67.55,U
sz002409,雅克科技,2025-09-19 09:58:33,67.6,6100,67.59,U
sz002409,雅克科技,2025-09-19 09:58:36,67.62,8000,67.6,U
sz002409,雅克科技,2025-09-19 09:58:39,67.7,19493,67.62,U
sz002409,雅克科技,2025-09-19 09:58:45,67.69,14400,67.7,E
sz002409,雅克科技,2025-09-19 09:58:48,67.7,8000,67.69,U
sz002409,雅克科技,2025-09-19 09:58:51,67.64,15300,67.7,D
sz002409,雅克科技,2025-09-19 09:58:54,67.63,18100,67.64,E
sz002409,雅克科技,2025-09-19 09:58:57,67.7,3100,67.63,U
sz002409,雅克科技,2025-09-19 09:59:00,67.69,20000,67.7,E
sz002409,雅克科技,2025-09-19 09:59:03,67.63,29500,67.69,D
sz002409,雅克科技,2025-09-19 09:59:06,67.62,29200,67.63,E
sz002409,雅克科技,2025-09-19 09:59:09,67.48,11800,67.62,D
sz002409,雅克科技,2025-09-19 09:59:12,67.25,18600,67.48,D
sz002409,雅克科技,2025-09-19 09:59:21,67.43,6500,67.51,E
sz002409,雅克科技,2025-09-19 09:59:24,67.42,6400,67.43,E
sz002409,雅克科技,2025-09-19 09:59:30,67.36,4600,67.25,U
sz002409,雅克科技,2025-09-19 09:59:39,67.36,20700,67.26,U
sz002409,雅克科技,2025-09-19 09:59:57,67.35,4600,67.35,D
sz002409,雅克科技,2025-09-19 10:00:03,67.26,3400,67.3,D
sz002409,雅克科技,2025-09-19 10:00:06,67.28,3300,67.26,U
sz002409,雅克科技,2025-09-19 10:00:09,67.3,6500,67.28,U
sz002409,雅克科技,2025-09-19 10:00:12,67.31,3300,67.3,D
sz002409,雅克科技,2025-09-19 10:00:15,67.27,14000,67.31,D
sz002409,雅克科技,2025-09-19 10:00:18,67.26,3200,67.27,D
sz002409,雅克科技,2025-09-19 10:00:21,67.25,11100,67.26,D
sz002409,雅克科技,2025-09-19 10:00:24,67.31,6400,67.25,U
sz002409,雅克科技,2025-09-19 10:00:27,67.32,12900,67.31,U
sz002409,雅克科技,2025-09-19 10:00:30,67.4,19500,67.32,U
sz002409,雅克科技,2025-09-19 10:00:33,67.4,4900,67.4,U
sz002409,雅克科技,2025-09-19 10:00:36,67.39,6300,67.4,D
sz002409,雅克科技,2025-09-19 10:00:39,67.39,4200,67.39,D
sz002409,雅克科技,2025-09-19 10:00:42,67.39,4100,67.39,D
sz002409,雅克科技,2025-09-19 10:00:45,67.3,5400,67.39,D
sz002409,雅克科技,2025-09-19 10:00:57,67.35,3000,67.39,D
sz002409,雅克科技,2025-09-19 10:01:00,67.38,4500,67.35,U
sz002409,雅克科技,2025-09-19 10:01:06,67.38,10100,67.34,U
sz002409,雅克科技,2025-09-19 10:01:09,67.35,5900,67.38,U
sz002409,雅克科技,2025-09-19 10:01:12,67.37,3000,67.35,U
sz002409,雅克科技,2025-09-19 10:01:15,67.34,3900,67.37,D
sz002409,雅克科技,2025-09-19 10:01:18,67.35,4900,67.34,D
sz002409,雅克科技,2025-09-19 10:01:21,67.3,31000,67.35,D
sz002409,雅克科技,2025-09-19 10:01:24,67.3,7500,67.3,D
sz002409,雅克科技,2025-09-19 10:01:27,67.27,4200,67.3,D
sz002409,雅克科技,2025-09-19 10:01:36,67.3,5200,67.28,U
sz002409,雅克科技,2025-09-19 10:01:39,67.33,6000,67.3,U
sz002409,雅克科技,2025-09-19 10:01:42,67.3,10500,67.33,D
sz002409,雅克科技,2025-09-19 10:01:54,67.28,6800,67.28,D
sz002409,雅克科技,2025-09-19 10:02:00,67.27,4500,67.27,D
sz002409,雅克科技,2025-09-19 10:02:03,67.25,49600,67.27,D
sz002409,雅克科技,2025-09-19 10:02:06,67.28,16500,67.25,U
sz002409,雅克科技,2025-09-19 10:02:12,67.29,3500,67.32,D
sz002409,雅克科技,2025-09-19 10:02:15,67.29,4200,67.29,D
sz002409,雅克科技,2025-09-19 10:02:21,67.27,3400,67.28,D
sz002409,雅克科技,2025-09-19 10:02:24,67.32,15100,67.27,U
sz002409,雅克科技,2025-09-19 10:02:27,67.34,22400,67.32,U
sz002409,雅克科技,2025-09-19 10:02:30,67.29,10400,67.34,E
sz002409,雅克科技,2025-09-19 10:02:33,67.35,7700,67.29,U
sz002409,雅克科技,2025-09-19 10:02:36,67.34,3800,67.35,U
sz002409,雅克科技,2025-09-19 10:02:39,67.35,7500,67.34,U
sz002409,雅克科技,2025-09-19 10:02:45,67.34,5400,67.35,E
sz002409,雅克科技,2025-09-19 10:02:48,67.37,8000,67.34,U
sz002409,雅克科技,2025-09-19 10:02:51,67.38,5200,67.37,U
sz002409,雅克科技,2025-09-19 10:02:54,67.33,6000,67.38,U
sz002409,雅克科技,2025-09-19 10:02:57,67.37,15300,67.33,U
sz002409,雅克科技,2025-09-19 10:03:00,67.38,5500,67.37,U
sz002409,雅克科技,2025-09-19 10:03:03,67.4,7000,67.38,U
sz002409,雅克科技,2025-09-19 10:03:06,67.44,32600,67.4,U
sz002409,雅克科技,2025-09-19 10:03:09,67.47,6500,67.44,U
sz002409,雅克科技,2025-09-19 10:03:12,67.44,3600,67.47,D
sz002409,雅克科技,2025-09-19 10:03:18,67.45,7900,67.44,D
sz002409,雅克科技,2025-09-19 10:03:24,67.49,6100,67.45,U
sz002409,雅克科技,2025-09-19 10:03:27,67.5,37800,67.49,U
sz002409,雅克科技,2025-09-19 10:03:30,67.42,14500,67.5,D
sz002409,雅克科技,2025-09-19 10:03:33,67.49,10900,67.42,U
sz002409,雅克科技,2025-09-19 10:03:36,67.47,29000,67.49,E
sz002409,雅克科技,2025-09-19 10:03:39,67.42,4300,67.47,D
sz002409,雅克科技,2025-09-19 10:03:45,67.33,10500,67.46,D
sz002409,雅克科技,2025-09-19 10:03:48,67.42,3400,67.33,U
sz002409,雅克科技,2025-09-19 10:03:57,67.36,3200,67.4,D
sz002409,雅克科技,2025-09-19 10:04:03,67.36,4700,67.42,D
sz002409,雅克科技,2025-09-19 10:04:06,67.45,5200,67.36,U
sz002409,雅克科技,2025-09-19 10:04:09,67.46,13800,67.45,U
sz002409,雅克科技,2025-09-19 10:04:12,67.48,5900,67.46,U
sz002409,雅克科技,2025-09-19 10:04:15,67.49,9000,67.48,U
sz002409,雅克科技,2025-09-19 10:04:18,67.51,10800,67.49,U
sz002409,雅克科技,2025-09-19 10:04:21,67.51,7100,67.51,U
sz002409,雅克科技,2025-09-19 10:04:24,67.49,3800,67.51,D
sz002409,雅克科技,2025-09-19 10:04:27,67.5,10100,67.49,E
sz002409,雅克科技,2025-09-19 10:04:30,67.5,6000,67.5,U
sz002409,雅克科技,2025-09-19 10:04:33,67.51,5400,67.5,U
sz002409,雅克科技,2025-09-19 10:04:36,67.58,19400,67.51,U
sz002409,雅克科技,2025-09-19 10:04:39,67.6,14100,67.58,U
sz002409,雅克科技,2025-09-19 10:04:42,67.58,16500,67.6,D
sz002409,雅克科技,2025-09-19 10:04:45,67.59,5500,67.58,D
sz002409,雅克科技,2025-09-19 10:04:48,67.6,3500,67.59,E
sz002409,雅克科技,2025-09-19 10:04:51,67.6,18700,67.6,D
sz002409,雅克科技,2025-09-19 10:04:54,67.65,20700,67.6,U
sz002409,雅克科技,2025-09-19 10:04:57,67.67,3000,67.65,U
sz002409,雅克科技,2025-09-19 10:05:00,67.66,7600,67.67,D
sz002409,雅克科技,2025-09-19 10:05:03,67.66,15200,67.66,D
sz002409,雅克科技,2025-09-19 10:05:06,67.45,22300,67.66,D
sz002409,雅克科技,2025-09-19 10:05:09,67.39,15200,67.45,D
sz002409,雅克科技,2025-09-19 10:05:15,67.45,24900,67.38,U
sz002409,雅克科技,2025-09-19 10:05:18,67.51,5100,67.45,U
sz002409,雅克科技,2025-09-19 10:05:27,67.55,4900,67.51,E
sz002409,雅克科技,2025-09-19 10:05:30,67.61,11800,67.55,U
sz002409,雅克科技,2025-09-19 10:05:39,67.38,14000,67.5,D
sz002409,雅克科技,2025-09-19 10:05:42,67.38,4900,67.38,U
sz002409,雅克科技,2025-09-19 10:05:45,67.44,94100,67.38,U
sz002409,雅克科技,2025-09-19 10:05:48,67.39,7100,67.44,U
sz002409,雅克科技,2025-09-19 10:05:51,67.34,14400,67.39,E
sz002409,雅克科技,2025-09-19 10:05:54,67.37,18000,67.34,U
sz002409,雅克科技,2025-09-19 10:05:57,67.3,11200,67.37,E
sz002409,雅克科技,2025-09-19 10:06:00,67.27,7300,67.3,E
sz002409,雅克科技,2025-09-19 10:06:03,67.26,4500,67.27,E
sz002409,雅克科技,2025-09-19 10:06:06,67.32,6400,67.26,U
sz002409,雅克科技,2025-09-19 10:06:09,67.26,4800,67.32,D
sz002409,雅克科技,2025-09-19 10:06:36,67.35,3600,67.37,D
sz002409,雅克科技,2025-09-19 10:06:39,67.35,6400,67.35,D
sz002409,雅克科技,2025-09-19 10:06:42,67.37,9000,67.35,U
sz002409,雅克科技,2025-09-19 10:06:45,67.35,6200,67.37,D
sz002409,雅克科技,2025-09-19 10:06:48,67.35,3200,67.35,U
sz002409,雅克科技,2025-09-19 10:06:51,67.35,8600,67.35,U
sz002409,雅克科技,2025-09-19 10:06:54,67.21,7000,67.35,D
sz002409,雅克科技,2025-09-19 10:06:57,67.31,4100,67.21,U
sz002409,雅克科技,2025-09-19 10:07:00,67.22,3800,67.31,E
sz002409,雅克科技,2025-09-19 10:07:03,67.22,9500,67.22,E
sz002409,雅克科技,2025-09-19 10:07:15,67.21,9300,67.21,U
sz002409,雅克科技,2025-09-19 10:07:18,67.26,5500,67.21,U
sz002409,雅克科技,2025-09-19 10:07:24,67.21,3000,67.2,U
sz002409,雅克科技,2025-09-19 10:07:27,67.2,19300,67.21,D
sz002409,雅克科技,2025-09-19 10:07:30,67.18,7600,67.2,D
sz002409,雅克科技,2025-09-19 10:07:33,67.09,5000,67.18,D
sz002409,雅克科技,2025-09-19 10:07:36,67.02,15300,67.09,D
sz002409,雅克科技,2025-09-19 10:07:39,67.08,9500,67.02,U
sz002409,雅克科技,2025-09-19 10:07:42,66.98,37900,67.08,D
sz002409,雅克科技,2025-09-19 10:07:45,67.0,4300,66.98,U
sz002409,雅克科技,2025-09-19 10:07:48,66.94,6800,67.0,D
sz002409,雅克科技,2025-09-19 10:07:51,66.94,6600,66.94,U
sz002409,雅克科技,2025-09-19 10:07:54,66.9,7100,66.94,D
sz002409,雅克科技,2025-09-19 10:07:57,66.93,7400,66.9,U
sz002409,雅克科技,2025-09-19 10:08:00,66.89,33200,66.93,D
sz002409,雅克科技,2025-09-19 10:08:03,66.85,5400,66.89,D
sz002409,雅克科技,2025-09-19 10:08:06,66.84,5700,66.85,D
sz002409,雅克科技,2025-09-19 10:08:09,66.88,25200,66.84,U
sz002409,雅克科技,2025-09-19 10:08:12,66.85,29900,66.88,D
sz002409,雅克科技,2025-09-19 10:08:15,66.9,6000,66.85,E
sz002409,雅克科技,2025-09-19 10:08:18,66.87,100300,66.9,D
sz002409,雅克科技,2025-09-19 10:08:21,66.95,30400,66.87,U
sz002409,雅克科技,2025-09-19 10:08:24,66.92,30400,66.95,D
sz002409,雅克科技,2025-09-19 10:08:27,67.0,27900,66.92,U
sz002409,雅克科技,2025-09-19 10:08:30,66.92,8600,67.0,D
sz002409,雅克科技,2025-09-19 10:08:36,66.92,8700,66.92,D
sz002409,雅克科技,2025-09-19 10:08:39,66.9,9600,66.92,D
sz002409,雅克科技,2025-09-19 10:08:45,66.89,7000,66.91,D
sz002409,雅克科技,2025-09-19 10:08:51,66.88,5200,66.88,D
sz002409,雅克科技,2025-09-19 10:08:54,66.88,7900,66.88,U
sz002409,雅克科技,2025-09-19 10:08:57,66.87,8300,66.88,D
sz002409,雅克科技,2025-09-19 10:09:00,66.88,6600,66.87,U
sz002409,雅克科技,2025-09-19 10:09:03,66.87,7400,66.88,E
sz002409,雅克科技,2025-09-19 10:09:06,66.84,17900,66.87,D
sz002409,雅克科技,2025-09-19 10:09:09,66.86,28200,66.84,U
sz002409,雅克科技,2025-09-19 10:09:12,66.87,15800,66.86,E
sz002409,雅克科技,2025-09-19 10:09:15,66.94,20800,66.87,U
sz002409,雅克科技,2025-09-19 10:09:18,67.0,4500,66.94,U
sz002409,雅克科技,2025-09-19 10:09:24,66.91,4500,66.94,D
sz002409,雅克科技,2025-09-19 10:09:27,66.94,11500,66.91,U
sz002409,雅克科技,2025-09-19 10:09:33,67.0,4700,67.0,U
sz002409,雅克科技,2025-09-19 10:09:36,67.0,5700,67.0,U
sz002409,雅克科技,2025-09-19 10:09:42,67.0,10200,67.0,U
sz002409,雅克科技,2025-09-19 10:09:45,67.0,8100,67.0,U
sz002409,雅克科技,2025-09-19 10:09:48,67.0,4400,67.0,U
sz002409,雅克科技,2025-09-19 10:09:51,67.01,11700,67.0,U
sz002409,雅克科技,2025-09-19 10:09:54,66.98,13200,67.01,D
sz002409,雅克科技,2025-09-19 10:09:57,67.0,6100,66.98,D
sz002409,雅克科技,2025-09-19 10:10:03,67.0,5500,67.05,D
sz002409,雅克科技,2025-09-19 10:10:09,67.0,3300,67.0,U
sz002409,雅克科技,2025-09-19 10:10:12,66.92,20000,67.0,D
sz002409,雅克科技,2025-09-19 10:10:15,66.9,6600,66.92,D
sz002409,雅克科技,2025-09-19 10:10:18,66.88,8800,66.9,D
sz002409,雅克科技,2025-09-19 10:10:21,66.87,37500,66.88,D
sz002409,雅克科技,2025-09-19 10:10:24,66.84,11100,66.87,D
sz002409,雅克科技,2025-09-19 10:10:27,66.83,4400,66.84,D
sz002409,雅克科技,2025-09-19 10:10:30,66.83,5600,66.83,D
sz002409,雅克科技,2025-09-19 10:10:33,66.81,3700,66.83,D
sz002409,雅克科技,2025-09-19 10:10:36,66.8,5800,66.81,D
sz002409,雅克科技,2025-09-19 10:10:39,66.82,7900,66.8,E
sz002409,雅克科技,2025-09-19 10:10:42,66.81,21500,66.82,D
sz002409,雅克科技,2025-09-19 10:10:45,66.81,3600,66.81,D
sz002409,雅克科技,2025-09-19 10:10:48,66.8,34000,66.81,D
sz002409,雅克科技,2025-09-19 10:10:51,66.81,17500,66.8,U
sz002409,雅克科技,2025-09-19 10:10:54,66.8,18300,66.81,D
sz002409,雅克科技,2025-09-19 10:10:57,66.8,9900,66.8,D
sz002409,雅克科技,2025-09-19 10:11:00,66.79,7100,66.8,D
sz002409,雅克科技,2025-09-19 10:11:03,66.78,7700,66.79,D
sz002409,雅克科技,2025-09-19 10:11:06,66.86,33600,66.78,U
sz002409,雅克科技,2025-09-19 10:11:09,66.81,11100,66.86,D
sz002409,雅克科技,2025-09-19 10:11:12,66.81,5600,66.81,D
sz002409,雅克科技,2025-09-19 10:11:15,66.88,27000,66.81,U
sz002409,雅克科技,2025-09-19 10:11:18,67.04,50700,66.88,U
sz002409,雅克科技,2025-09-19 10:11:27,67.0,8900,67.03,D
sz002409,雅克科技,2025-09-19 10:11:30,66.99,7000,67.0,D
sz002409,雅克科技,2025-09-19 10:11:39,66.99,9000,67.0,D
sz002409,雅克科技,2025-09-19 10:11:42,67.0,3700,66.99,U
sz002409,雅克科技,2025-09-19 10:11:45,67.14,9900,67.0,U
sz002409,雅克科技,2025-09-19 10:11:48,66.99,37700,67.14,D
sz002409,雅克科技,2025-09-19 10:11:51,66.99,10400,66.99,U
sz002409,雅克科技,2025-09-19 10:11:57,66.98,17700,67.0,D
sz002409,雅克科技,2025-09-19 10:12:00,67.03,10700,66.98,U
sz002409,雅克科技,2025-09-19 10:12:03,67.01,4500,67.03,D
sz002409,雅克科技,2025-09-19 10:12:06,67.06,7917,67.01,U
sz002409,雅克科技,2025-09-19 10:12:09,67.1,4000,67.06,U
sz002409,雅克科技,2025-09-19 10:12:12,67.06,4500,67.1,D
sz002409,雅克科技,2025-09-19 10:12:15,67.06,8500,67.06,U
sz002409,雅克科技,2025-09-19 10:12:27,67.06,3200,67.1,D
sz002409,雅克科技,2025-09-19 10:12:33,67.1,4400,67.06,E
sz002409,雅克科技,2025-09-19 10:12:45,67.1,15500,67.09,U
sz002409,雅克科技,2025-09-19 10:12:51,67.14,8500,67.1,U
sz002409,雅克科技,2025-09-19 10:12:54,67.13,8400,67.14,E
sz002409,雅克科技,2025-09-19 10:12:57,67.14,3400,67.13,U
sz002409,雅克科技,2025-09-19 10:13:00,67.16,11100,67.14,U
sz002409,雅克科技,2025-09-19 10:13:03,67.17,80400,67.16,U
sz002409,雅克科技,2025-09-19 10:13:06,67.24,12900,67.17,U
sz002409,雅克科技,2025-09-19 10:13:09,67.21,4300,67.24,D
sz002409,雅克科技,2025-09-19 10:13:12,67.25,5600,67.21,U
sz002409,雅克科技,2025-09-19 10:13:18,67.26,3000,67.27,E
sz002409,雅克科技,2025-09-19 10:13:21,67.22,9300,67.26,D
sz002409,雅克科技,2025-09-19 10:13:24,67.31,3000,67.22,U
sz002409,雅克科技,2025-09-19 10:13:36,67.33,5800,67.33,D
sz002409,雅克科技,2025-09-19 10:13:39,67.33,7300,67.33,D
sz002409,雅克科技,2025-09-19 10:13:42,67.27,5900,67.33,D
sz002409,雅克科技,2025-09-19 10:13:45,67.29,4100,67.27,U
sz002409,雅克科技,2025-09-19 10:13:51,67.31,7200,67.28,U
sz002409,雅克科技,2025-09-19 10:13:54,67.29,4800,67.31,E
sz002409,雅克科技,2025-09-19 10:14:00,67.16,3500,67.29,D
sz002409,雅克科技,2025-09-19 10:14:12,67.14,18000,67.16,D
sz002409,雅克科技,2025-09-19 10:14:15,67.11,3500,67.14,D
sz002409,雅克科技,2025-09-19 10:14:24,67.21,4500,67.15,U
sz002409,雅克科技,2025-09-19 10:14:30,67.03,8000,67.12,D
sz002409,雅克科技,2025-09-19 10:14:33,67.0,6400,67.03,D
sz002409,雅克科技,2025-09-19 10:14:45,67.0,6900,67.11,D
sz002409,雅克科技,2025-09-19 10:14:51,67.11,8200,67.11,U
sz002409,雅克科技,2025-09-19 10:14:57,67.02,11000,67.11,D
sz002409,雅克科技,2025-09-19 10:15:00,67.02,5700,67.02,U
sz002409,雅克科技,2025-09-19 10:15:06,67.02,8800,67.02,D
sz002409,雅克科技,2025-09-19 10:15:12,67.08,6200,67.0,U
sz002409,雅克科技,2025-09-19 10:15:27,67.09,9400,67.12,D
sz002409,雅克科技,2025-09-19 10:15:30,67.09,5000,67.09,U
sz002409,雅克科技,2025-09-19 10:15:33,67.12,6100,67.09,U
sz002409,雅克科技,2025-09-19 10:15:36,67.13,3000,67.12,E
sz002409,雅克科技,2025-09-19 10:15:39,67.14,3800,67.13,U
sz002409,雅克科技,2025-09-19 10:15:42,67.13,5800,67.14,D
sz002409,雅克科技,2025-09-19 10:15:45,67.19,42200,67.13,U
sz002409,雅克科技,2025-09-19 10:15:48,67.21,3900,67.19,U
sz002409,雅克科技,2025-09-19 10:15:51,67.2,8400,67.21,E
sz002409,雅克科技,2025-09-19 10:15:54,67.25,5000,67.2,U
sz002409,雅克科技,2025-09-19 10:16:06,67.27,4000,67.27,U
sz002409,雅克科技,2025-09-19 10:16:15,67.18,7100,67.22,D
sz002409,雅克科技,2025-09-19 10:16:18,67.22,5500,67.18,E
sz002409,雅克科技,2025-09-19 10:16:21,67.22,13700,67.22,U
sz002409,雅克科技,2025-09-19 10:16:30,67.16,8900,67.19,D
sz002409,雅克科技,2025-09-19 10:16:51,67.17,4100,67.17,U
sz002409,雅克科技,2025-09-19 10:16:57,67.2,10700,67.18,U
sz002409,雅克科技,2025-09-19 10:17:00,67.2,4400,67.2,U
sz002409,雅克科技,2025-09-19 10:17:12,67.3,33700,67.2,U
sz002409,雅克科技,2025-09-19 10:17:15,67.16,3200,67.3,D
sz002409,雅克科技,2025-09-19 10:17:24,67.17,7700,67.3,D
sz002409,雅克科技,2025-09-19 10:17:30,67.28,7100,67.22,U
sz002409,雅克科技,2025-09-19 10:17:39,67.26,3300,67.28,D
sz002409,雅克科技,2025-09-19 10:17:42,67.18,9400,67.26,D
sz002409,雅克科技,2025-09-19 10:17:45,67.21,9900,67.18,E
sz002409,雅克科技,2025-09-19 10:17:48,67.21,3000,67.21,U
sz002409,雅克科技,2025-09-19 10:17:54,67.23,11100,67.22,U
sz002409,雅克科技,2025-09-19 10:17:57,67.34,39600,67.23,U
sz002409,雅克科技,2025-09-19 10:18:00,67.44,29500,67.34,U
sz002409,雅克科技,2025-09-19 10:18:03,67.5,4700,67.44,U
sz002409,雅克科技,2025-09-19 10:18:06,67.5,4600,67.5,U
sz002409,雅克科技,2025-09-19 10:18:09,67.5,15900,67.5,U
sz002409,雅克科技,2025-09-19 10:18:12,67.49,16400,67.5,E
sz002409,雅克科技,2025-09-19 10:18:18,67.48,51600,67.39,U
sz002409,雅克科技,2025-09-19 10:18:21,67.48,4100,67.48,U
sz002409,雅克科技,2025-09-19 10:18:24,67.48,12200,67.48,U
sz002409,雅克科技,2025-09-19 10:18:27,67.39,8300,67.48,D
sz002409,雅克科技,2025-09-19 10:18:36,67.39,3900,67.39,U
sz002409,雅克科技,2025-09-19 10:18:42,67.44,6500,67.39,E
sz002409,雅克科技,2025-09-19 10:18:54,67.32,3100,67.33,D
sz002409,雅克科技,2025-09-19 10:19:12,67.23,5600,67.3,D
sz002409,雅克科技,2025-09-19 10:19:21,67.27,5200,67.26,U
sz002409,雅克科技,2025-09-19 10:19:24,67.25,4400,67.27,D
sz002409,雅克科技,2025-09-19 10:19:33,67.25,10800,67.2,U
sz002409,雅克科技,2025-09-19 10:19:36,67.21,5000,67.25,E
sz002409,雅克科技,2025-09-19 10:19:42,67.31,12800,67.3,U
sz002409,雅克科技,2025-09-19 10:19:48,67.3,4500,67.24,E
sz002409,雅克科技,2025-09-19 10:19:51,67.32,3500,67.3,E
sz002409,雅克科技,2025-09-19 10:19:54,67.31,20400,67.32,D
sz002409,雅克科技,2025-09-19 10:19:57,67.31,16900,67.31,D
sz002409,雅克科技,2025-09-19 10:20:03,67.31,14200,67.3,U
sz002409,雅克科技,2025-09-19 10:20:09,67.33,12300,67.3,U
sz002409,雅克科技,2025-09-19 10:20:18,67.21,4400,67.24,D
sz002409,雅克科技,2025-09-19 10:20:24,67.3,7800,67.28,U
sz002409,雅克科技,2025-09-19 10:20:27,67.2,13100,67.3,D
sz002409,雅克科技,2025-09-19 10:20:30,67.31,6100,67.2,U
sz002409,雅克科技,2025-09-19 10:20:36,67.31,4000,67.3,U
sz002409,雅克科技,2025-09-19 10:20:42,67.31,6200,67.28,U
sz002409,雅克科技,2025-09-19 10:20:45,67.31,10700,67.31,U
sz002409,雅克科技,2025-09-19 10:20:57,67.37,8800,67.3,U
sz002409,雅克科技,2025-09-19 10:21:00,67.39,5600,67.37,U
sz002409,雅克科技,2025-09-19 10:21:03,67.4,19500,67.39,U
sz002409,雅克科技,2025-09-19 10:21:06,67.45,3600,67.4,U
sz002409,雅克科技,2025-09-19 10:21:09,67.48,92800,67.45,U
sz002409,雅克科技,2025-09-19 10:21:15,67.55,4100,67.55,U
sz002409,雅克科技,2025-09-19 10:21:21,67.54,12200,67.58,D
sz002409,雅克科技,2025-09-19 10:21:24,67.59,13600,67.54,U
sz002409,雅克科技,2025-09-19 10:21:27,67.59,5700,67.59,U
sz002409,雅克科技,2025-09-19 10:21:33,67.58,14100,67.59,D
sz002409,雅克科技,2025-09-19 10:21:36,67.58,21200,67.58,U
sz002409,雅克科技,2025-09-19 10:21:39,67.59,5600,67.58,U
sz002409,雅克科技,2025-09-19 10:21:42,67.57,8300,67.59,D
sz002409,雅克科技,2025-09-19 10:21:45,67.54,4100,67.57,D
sz002409,雅克科技,2025-09-19 10:21:48,67.57,5400,67.54,U
sz002409,雅克科技,2025-09-19 10:22:00,67.54,9200,67.52,D
sz002409,雅克科技,2025-09-19 10:22:06,67.58,3800,67.57,U
sz002409,雅克科技,2025-09-19 10:22:09,67.56,3300,67.58,D
sz002409,雅克科技,2025-09-19 10:22:12,67.58,3100,67.56,U
sz002409,雅克科技,2025-09-19 10:22:15,67.58,11000,67.58,U
sz002409,雅克科技,2025-09-19 10:22:18,67.6,4700,67.58,U
sz002409,雅克科技,2025-09-19 10:22:21,67.62,40000,67.6,U
sz002409,雅克科技,2025-09-19 10:22:24,67.62,4400,67.62,U
sz002409,雅克科技,2025-09-19 10:22:36,67.63,3300,67.65,D
sz002409,雅克科技,2025-09-19 10:22:39,67.63,9500,67.63,U
sz002409,雅克科技,2025-09-19 10:22:42,67.65,3000,67.63,U
sz002409,雅克科技,2025-09-19 10:22:45,67.66,3100,67.65,U
sz002409,雅克科技,2025-09-19 10:22:48,67.65,6500,67.66,D
sz002409,雅克科技,2025-09-19 10:22:51,67.65,6000,67.65,E
sz002409,雅克科技,2025-09-19 10:22:54,67.65,8500,67.65,D
sz002409,雅克科技,2025-09-19 10:22:57,67.67,13800,67.65,U
sz002409,雅克科技,2025-09-19 10:23:09,67.63,11300,67.66,D
sz002409,雅克科技,2025-09-19 10:23:18,67.62,4200,67.61,U
sz002409,雅克科技,2025-09-19 10:23:27,67.65,10400,67.62,U
sz002409,雅克科技,2025-09-19 10:23:45,67.63,13300,67.63,U
sz002409,雅克科技,2025-09-19 10:23:48,67.68,27542,67.63,U
sz002409,雅克科技,2025-09-19 10:23:51,67.78,109585,67.68,U
sz002409,雅克科技,2025-09-19 10:23:54,67.79,9500,67.78,U
sz002409,雅克科技,2025-09-19 10:23:57,67.8,38600,67.79,U
sz002409,雅克科技,2025-09-19 10:24:00,67.85,11400,67.8,U
sz002409,雅克科技,2025-09-19 10:24:03,67.85,8300,67.85,U
sz002409,雅克科技,2025-09-19 10:24:06,67.87,49800,67.85,U
sz002409,雅克科技,2025-09-19 10:24:09,67.89,11600,67.87,U
sz002409,雅克科技,2025-09-19 10:24:12,67.87,40300,67.89,D
sz002409,雅克科技,2025-09-19 10:24:15,67.89,5200,67.87,U
sz002409,雅克科技,2025-09-19 10:24:18,67.87,20700,67.89,D
sz002409,雅克科技,2025-09-19 10:24:21,67.8,13900,67.87,D
sz002409,雅克科技,2025-09-19 10:24:24,67.86,14700,67.8,U
sz002409,雅克科技,2025-09-19 10:24:27,67.86,3100,67.86,D
sz002409,雅克科技,2025-09-19 10:24:30,67.86,8900,67.86,U
sz002409,雅克科技,2025-09-19 10:24:33,67.79,9300,67.86,D
sz002409,雅克科技,2025-09-19 10:24:36,67.86,3500,67.79,U
sz002409,雅克科技,2025-09-19 10:24:39,67.82,8700,67.86,U
sz002409,雅克科技,2025-09-19 10:24:45,67.69,5900,67.76,D
sz002409,雅克科技,2025-09-19 10:24:48,67.65,11000,67.69,D
sz002409,雅克科技,2025-09-19 10:24:54,67.66,3700,67.67,D
sz002409,雅克科技,2025-09-19 10:25:00,67.65,8500,67.74,D
sz002409,雅克科技,2025-09-19 10:25:03,67.6,17300,67.65,D
sz002409,雅克科技,2025-09-19 10:25:06,67.65,5400,67.6,U
sz002409,雅克科技,2025-09-19 10:25:18,67.55,6000,67.58,D
sz002409,雅克科技,2025-09-19 10:25:30,67.52,3800,67.53,D
sz002409,雅克科技,2025-09-19 10:25:39,67.59,7500,67.5,U
sz002409,雅克科技,2025-09-19 10:25:45,67.58,9700,67.59,D
sz002409,雅克科技,2025-09-19 10:25:48,67.6,9300,67.58,U
sz002409,雅克科技,2025-09-19 10:25:51,67.59,4300,67.6,D
sz002409,雅克科技,2025-09-19 10:25:57,67.65,9200,67.54,U
sz002409,雅克科技,2025-09-19 10:26:00,67.67,3000,67.65,U
sz002409,雅克科技,2025-09-19 10:26:03,67.68,3400,67.67,U
sz002409,雅克科技,2025-09-19 10:26:09,67.73,4000,67.7,U
sz002409,雅克科技,2025-09-19 10:26:18,67.75,6500,67.72,U
sz002409,雅克科技,2025-09-19 10:26:21,67.8,18400,67.75,U
sz002409,雅克科技,2025-09-19 10:26:24,67.83,14100,67.8,U
sz002409,雅克科技,2025-09-19 10:26:27,67.84,4600,67.83,U
sz002409,雅克科技,2025-09-19 10:26:36,67.86,4700,67.85,U
sz002409,雅克科技,2025-09-19 10:26:39,67.85,7300,67.86,D
sz002409,雅克科技,2025-09-19 10:26:42,67.85,10700,67.85,U
sz002409,雅克科技,2025-09-19 10:26:45,67.83,11000,67.85,D
sz002409,雅克科技,2025-09-19 10:26:48,67.82,4600,67.83,D
sz002409,雅克科技,2025-09-19 10:26:54,67.76,14900,67.82,D
sz002409,雅克科技,2025-09-19 10:26:57,67.77,3900,67.76,U
sz002409,雅克科技,2025-09-19 10:27:12,67.83,5100,67.8,U
sz002409,雅克科技,2025-09-19 10:27:21,67.83,5200,67.8,U
sz002409,雅克科技,2025-09-19 10:27:33,67.83,14400,67.81,U
sz002409,雅克科技,2025-09-19 10:27:36,67.83,10500,67.83,U
sz002409,雅克科技,2025-09-19 10:27:39,67.83,11600,67.83,U
sz002409,雅克科技,2025-09-19 10:27:42,67.83,8400,67.83,D
sz002409,雅克科技,2025-09-19 10:27:45,67.84,7100,67.83,U
sz002409,雅克科技,2025-09-19 10:27:48,67.84,6300,67.84,U
sz002409,雅克科技,2025-09-19 10:27:54,67.83,7200,67.83,U
sz002409,雅克科技,2025-09-19 10:27:57,67.82,6600,67.83,D
sz002409,雅克科技,2025-09-19 10:28:00,67.83,4300,67.82,E
sz002409,雅克科技,2025-09-19 10:28:03,67.84,65400,67.83,U
sz002409,雅克科技,2025-09-19 10:28:06,67.82,29200,67.84,D
sz002409,雅克科技,2025-09-19 10:28:09,67.86,4600,67.82,U
sz002409,雅克科技,2025-09-19 10:28:12,67.86,5100,67.86,U
sz002409,雅克科技,2025-09-19 10:28:18,67.84,10500,67.85,D
sz002409,雅克科技,2025-09-19 10:28:21,67.77,15200,67.84,D
sz002409,雅克科技,2025-09-19 10:28:24,67.77,23900,67.77,D
sz002409,雅克科技,2025-09-19 10:28:27,67.76,3100,67.77,E
sz002409,雅克科技,2025-09-19 10:29:00,67.75,4600,67.75,D
sz002409,雅克科技,2025-09-19 10:29:06,67.75,6300,67.75,U
sz002409,雅克科技,2025-09-19 10:29:09,67.74,5500,67.75,D
sz002409,雅克科技,2025-09-19 10:29:15,67.73,3900,67.74,D
sz002409,雅克科技,2025-09-19 10:29:24,67.7,7900,67.73,D
sz002409,雅克科技,2025-09-19 10:29:39,67.72,3900,67.69,U
sz002409,雅克科技,2025-09-19 10:30:00,67.65,8400,67.7,D
sz002409,雅克科技,2025-09-19 10:30:03,67.67,9200,67.65,E
sz002409,雅克科技,2025-09-19 10:30:06,67.64,5000,67.67,D
sz002409,雅克科技,2025-09-19 10:30:12,67.55,3800,67.56,D
sz002409,雅克科技,2025-09-19 10:30:18,67.52,3500,67.52,E
sz002409,雅克科技,2025-09-19 10:30:30,67.52,3800,67.52,D
sz002409,雅克科技,2025-09-19 10:30:36,67.52,4500,67.56,D
sz002409,雅克科技,2025-09-19 10:30:48,67.52,4600,67.52,D
sz002409,雅克科技,2025-09-19 10:30:57,67.5,5100,67.51,D
sz002409,雅克科技,2025-09-19 10:31:00,67.5,23800,67.5,D
sz002409,雅克科技,2025-09-19 10:31:06,67.5,8100,67.5,U
sz002409,雅克科技,2025-09-19 10:31:21,67.55,4800,67.55,U
sz002409,雅克科技,2025-09-19 10:31:24,67.53,10700,67.55,D
sz002409,雅克科技,2025-09-19 10:31:54,67.55,3100,67.55,U
sz002409,雅克科技,2025-09-19 10:32:06,67.46,14200,67.55,D
sz002409,雅克科技,2025-09-19 10:32:09,67.46,8400,67.46,D
sz002409,雅克科技,2025-09-19 10:32:18,67.42,7100,67.42,E
sz002409,雅克科技,2025-09-19 10:32:21,67.34,6400,67.42,D
sz002409,雅克科技,2025-09-19 10:32:33,67.31,5900,67.33,D
sz002409,雅克科技,2025-09-19 10:32:36,67.33,4900,67.31,U
sz002409,雅克科技,2025-09-19 10:32:45,67.33,3500,67.39,D
sz002409,雅克科技,2025-09-19 10:32:48,67.42,3100,67.33,U
sz002409,雅克科技,2025-09-19 10:33:03,67.47,6600,67.47,D
sz002409,雅克科技,2025-09-19 10:33:12,67.55,3500,67.55,U
sz002409,雅克科技,2025-09-19 10:33:24,67.51,4600,67.54,D
sz002409,雅克科技,2025-09-19 10:33:33,67.5,5200,67.51,E
sz002409,雅克科技,2025-09-19 10:34:00,67.43,4600,67.44,D
sz002409,雅克科技,2025-09-19 10:34:33,67.43,3100,67.45,D
sz002409,雅克科技,2025-09-19 10:34:57,67.5,10000,67.5,U
sz002409,雅克科技,2025-09-19 10:35:00,67.51,3000,67.5,U
sz002409,雅克科技,2025-09-19 10:35:09,67.54,13500,67.54,U
sz002409,雅克科技,2025-09-19 10:35:48,67.52,6400,67.49,U
sz002409,雅克科技,2025-09-19 10:35:51,67.4,5900,67.52,D
sz002409,雅克科技,2025-09-19 10:35:57,67.39,4000,67.44,D
sz002409,雅克科技,2025-09-19 10:36:06,67.33,4300,67.33,D
sz002409,雅克科技,2025-09-19 10:36:12,67.29,4400,67.3,D
sz002409,雅克科技,2025-09-19 10:36:27,67.28,3900,67.28,D
sz002409,雅克科技,2025-09-19 10:36:30,67.24,6600,67.28,D
sz002409,雅克科技,2025-09-19 10:36:51,67.21,4500,67.23,E
sz002409,雅克科技,2025-09-19 10:36:54,67.18,3700,67.21,D
sz002409,雅克科技,2025-09-19 10:36:57,67.17,5800,67.18,D
sz002409,雅克科技,2025-09-19 10:37:00,67.19,4900,67.17,U
sz002409,雅克科技,2025-09-19 10:37:06,67.12,19900,67.15,D
sz002409,雅克科技,2025-09-19 10:37:12,67.1,3300,67.06,U
sz002409,雅克科技,2025-09-19 10:37:18,67.13,9900,67.07,U
sz002409,雅克科技,2025-09-19 10:37:24,67.12,3000,67.07,U
sz002409,雅克科技,2025-09-19 10:37:36,67.06,4900,67.07,D
sz002409,雅克科技,2025-09-19 10:37:42,67.09,3300,67.07,U
sz002409,雅克科技,2025-09-19 10:37:54,67.13,3600,67.1,U
sz002409,雅克科技,2025-09-19 10:38:00,67.14,4300,67.12,U
sz002409,雅克科技,2025-09-19 10:38:15,67.07,20600,67.1,D
sz002409,雅克科技,2025-09-19 10:38:18,67.06,4300,67.07,D
sz002409,雅克科技,2025-09-19 10:38:39,67.0,36800,67.04,D
sz002409,雅克科技,2025-09-19 10:38:51,67.05,4500,67.06,D
sz002409,雅克科技,2025-09-19 10:38:54,67.05,6600,67.05,D
sz002409,雅克科技,2025-09-19 10:39:15,67.01,4600,67.01,D
sz002409,雅克科技,2025-09-19 10:39:18,67.01,5800,67.01,D
sz002409,雅克科技,2025-09-19 10:39:21,67.0,12600,67.01,D
sz002409,雅克科技,2025-09-19 10:39:27,67.0,3300,67.0,D
sz002409,雅克科技,2025-09-19 10:39:30,67.0,8500,67.0,D
sz002409,雅克科技,2025-09-19 10:39:36,66.98,3200,67.0,D
sz002409,雅克科技,2025-09-19 10:39:39,66.98,15300,66.98,D
sz002409,雅克科技,2025-09-19 10:39:48,66.96,3300,66.97,D
sz002409,雅克科技,2025-09-19 10:40:06,66.92,4500,66.92,D
sz002409,雅克科技,2025-09-19 10:40:12,66.94,7600,66.92,E
sz002409,雅克科技,2025-09-19 10:40:15,66.98,5700,66.94,U
sz002409,雅克科技,2025-09-19 10:40:18,66.99,8600,66.98,U
sz002409,雅克科技,2025-09-19 10:40:24,66.99,4000,66.99,U
sz002409,雅克科技,2025-09-19 10:40:27,67.0,3100,66.99,U
sz002409,雅克科技,2025-09-19 10:40:36,67.0,3500,66.99,U
sz002409,雅克科技,2025-09-19 10:40:39,66.98,3500,67.0,D
sz002409,雅克科技,2025-09-19 10:40:48,67.0,5800,67.0,U
sz002409,雅克科技,2025-09-19 10:40:57,67.02,3900,67.01,U
sz002409,雅克科技,2025-09-19 10:41:06,67.03,11900,67.03,D
sz002409,雅克科技,2025-09-19 10:41:15,67.03,3800,67.04,D
sz002409,雅克科技,2025-09-19 10:41:24,67.05,10400,67.05,U
sz002409,雅克科技,2025-09-19 10:41:30,67.06,4000,67.06,U
sz002409,雅克科技,2025-09-19 10:41:39,67.07,11500,67.05,U
sz002409,雅克科技,2025-09-19 10:41:57,67.13,9000,67.18,D
sz002409,雅克科技,2025-09-19 10:42:09,67.11,4100,67.14,U
sz002409,雅克科技,2025-09-19 10:42:18,67.14,3500,67.14,U
sz002409,雅克科技,2025-09-19 10:42:30,67.11,3000,67.15,D
sz002409,雅克科技,2025-09-19 10:42:33,67.11,6800,67.11,D
sz002409,雅克科技,2025-09-19 10:42:36,67.1,5800,67.11,E
sz002409,雅克科技,2025-09-19 10:42:39,67.11,4700,67.1,U
sz002409,雅克科技,2025-09-19 10:42:57,67.06,3000,67.12,D
sz002409,雅克科技,2025-09-19 10:43:03,67.07,4400,67.06,E
sz002409,雅克科技,2025-09-19 10:43:12,66.95,25000,67.06,D
sz002409,雅克科技,2025-09-19 10:43:21,66.95,10100,66.95,U
sz002409,雅克科技,2025-09-19 10:43:24,66.94,4400,66.95,E
sz002409,雅克科技,2025-09-19 10:43:27,66.93,8300,66.94,D
sz002409,雅克科技,2025-09-19 10:43:33,66.94,4200,66.93,D
sz002409,雅克科技,2025-09-19 10:44:12,66.99,8000,66.99,U
sz002409,雅克科技,2025-09-19 10:44:30,66.94,5800,66.95,D
sz002409,雅克科技,2025-09-19 10:44:36,66.92,3500,66.92,D
sz002409,雅克科技,2025-09-19 10:44:39,66.91,6000,66.92,D
sz002409,雅克科技,2025-09-19 10:44:42,66.89,18300,66.91,D
sz002409,雅克科技,2025-09-19 10:44:45,66.89,11100,66.89,D
sz002409,雅克科技,2025-09-19 10:44:48,66.89,3200,66.89,U
sz002409,雅克科技,2025-09-19 10:44:51,66.89,3100,66.89,U
sz002409,雅克科技,2025-09-19 10:44:54,66.87,4800,66.89,D
sz002409,雅克科技,2025-09-19 10:44:57,66.85,7500,66.87,D
sz002409,雅克科技,2025-09-19 10:45:00,66.9,4000,66.85,U
sz002409,雅克科技,2025-09-19 10:45:06,66.9,6400,66.9,D
sz002409,雅克科技,2025-09-19 10:45:09,66.9,5100,66.9,D
sz002409,雅克科技,2025-09-19 10:45:18,66.92,5800,66.91,U
sz002409,雅克科技,2025-09-19 10:45:21,66.92,3400,66.92,D
sz002409,雅克科技,2025-09-19 10:45:36,66.98,3000,66.96,U
sz002409,雅克科技,2025-09-19 10:45:51,66.94,4800,66.93,U
sz002409,雅克科技,2025-09-19 10:45:57,66.93,17600,66.94,D
sz002409,雅克科技,2025-09-19 10:46:00,66.85,79300,66.93,D
sz002409,雅克科技,2025-09-19 10:46:03,66.88,8100,66.85,U
sz002409,雅克科技,2025-09-19 10:46:15,66.85,3600,66.88,D
sz002409,雅克科技,2025-09-19 10:46:33,66.87,9400,66.87,D
sz002409,雅克科技,2025-09-19 10:46:36,66.88,5000,66.87,U
sz002409,雅克科技,2025-09-19 10:46:54,66.89,3200,66.88,U
sz002409,雅克科技,2025-09-19 10:47:03,66.92,5700,66.89,U
sz002409,雅克科技,2025-09-19 10:47:21,66.95,3300,66.97,D
sz002409,雅克科技,2025-09-19 10:47:39,67.05,14800,67.0,U
sz002409,雅克科技,2025-09-19 10:47:54,67.04,3500,67.06,D
sz002409,雅克科技,2025-09-19 10:47:57,67.03,4800,67.04,D
sz002409,雅克科技,2025-09-19 10:48:00,67.0,7500,67.03,D
sz002409,雅克科技,2025-09-19 10:48:03,66.9,9100,67.0,D
sz002409,雅克科技,2025-09-19 10:48:06,66.9,3100,66.9,D
sz002409,雅克科技,2025-09-19 10:48:09,66.85,9100,66.9,D
sz002409,雅克科技,2025-09-19 10:48:12,66.86,5000,66.85,U
sz002409,雅克科技,2025-09-19 10:48:33,66.73,73400,66.82,D
sz002409,雅克科技,2025-09-19 10:48:36,66.72,3600,66.73,D
sz002409,雅克科技,2025-09-19 10:48:39,66.68,8300,66.72,D
sz002409,雅克科技,2025-09-19 10:48:42,66.68,12100,66.68,D
sz002409,雅克科技,2025-09-19 10:48:45,66.64,3400,66.68,D
sz002409,雅克科技,2025-09-19 10:48:48,66.61,5300,66.64,D
sz002409,雅克科技,2025-09-19 10:48:54,66.6,13200,66.61,D
sz002409,雅克科技,2025-09-19 10:48:57,66.65,16800,66.6,U
sz002409,雅克科技,2025-09-19 10:49:00,66.66,8900,66.65,U
sz002409,雅克科技,2025-09-19 10:49:06,66.6,13100,66.62,D
sz002409,雅克科技,2025-09-19 10:49:09,66.6,8700,66.6,D
sz002409,雅克科技,2025-09-19 10:49:12,66.59,6000,66.6,D
sz002409,雅克科技,2025-09-19 10:49:15,66.59,3500,66.59,D
sz002409,雅克科技,2025-09-19 10:49:21,66.59,5100,66.59,U
sz002409,雅克科技,2025-09-19 10:49:24,66.58,5300,66.59,D
sz002409,雅克科技,2025-09-19 10:49:30,66.55,9300,66.57,D
sz002409,雅克科技,2025-09-19 10:49:36,66.58,3900,66.57,U
sz002409,雅克科技,2025-09-19 10:49:39,66.57,7600,66.58,E
sz002409,雅克科技,2025-09-19 10:49:45,66.59,4300,66.6,D
sz002409,雅克科技,2025-09-19 10:49:51,66.57,6600,66.58,D
sz002409,雅克科技,2025-09-19 10:49:54,66.56,9200,66.57,D
sz002409,雅克科技,2025-09-19 10:50:00,66.55,8200,66.56,D
sz002409,雅克科技,2025-09-19 10:50:03,66.57,6000,66.55,U
sz002409,雅克科技,2025-09-19 10:50:06,66.59,7100,66.57,U
sz002409,雅克科技,2025-09-19 10:50:09,66.6,13200,66.59,U
sz002409,雅克科技,2025-09-19 10:50:12,66.61,4600,66.6,U
sz002409,雅克科技,2025-09-19 10:50:15,66.61,6500,66.61,U
sz002409,雅克科技,2025-09-19 10:50:18,66.6,3700,66.61,D
sz002409,雅克科技,2025-09-19 10:50:24,66.6,11300,66.6,U
sz002409,雅克科技,2025-09-19 10:50:30,66.6,5300,66.61,D
sz002409,雅克科技,2025-09-19 10:50:33,66.6,4100,66.6,U
sz002409,雅克科技,2025-09-19 10:50:45,66.61,3500,66.61,D
sz002409,雅克科技,2025-09-19 10:51:12,66.7,4000,66.7,D
sz002409,雅克科技,2025-09-19 10:51:18,66.7,3000,66.72,D
sz002409,雅克科技,2025-09-19 10:51:24,66.7,6900,66.7,U
sz002409,雅克科技,2025-09-19 10:51:27,66.7,7500,66.7,U
sz002409,雅克科技,2025-09-19 10:51:30,66.67,3100,66.7,D
sz002409,雅克科技,2025-09-19 10:51:33,66.66,14100,66.67,D
sz002409,雅克科技,2025-09-19 10:51:39,66.69,7800,66.67,U
sz002409,雅克科技,2025-09-19 10:51:42,66.7,10500,66.69,U
sz002409,雅克科技,2025-09-19 10:51:51,66.69,6100,66.7,D
sz002409,雅克科技,2025-09-19 10:51:54,66.69,8600,66.69,U
sz002409,雅克科技,2025-09-19 10:52:03,66.69,3800,66.68,U
sz002409,雅克科技,2025-09-19 10:52:06,66.7,3300,66.69,U
sz002409,雅克科技,2025-09-19 10:52:33,66.66,6400,66.67,D
sz002409,雅克科技,2025-09-19 10:52:36,66.66,21700,66.66,D
sz002409,雅克科技,2025-09-19 10:52:39,66.68,10900,66.66,U
sz002409,雅克科技,2025-09-19 10:53:03,66.66,16600,66.69,D
sz002409,雅克科技,2025-09-19 10:53:06,66.66,4200,66.66,U
sz002409,雅克科技,2025-09-19 10:53:21,66.66,23500,66.66,D
sz002409,雅克科技,2025-09-19 10:53:27,66.62,4400,66.64,D
sz002409,雅克科技,2025-09-19 10:53:30,66.64,5200,66.62,U
sz002409,雅克科技,2025-09-19 10:53:33,66.6,6900,66.64,D
sz002409,雅克科技,2025-09-19 10:53:36,66.59,8200,66.6,D
sz002409,雅克科技,2025-09-19 10:53:39,66.57,14600,66.59,D
sz002409,雅克科技,2025-09-19 10:53:45,66.57,4300,66.56,U
sz002409,雅克科技,2025-09-19 10:53:48,66.56,7300,66.57,U
sz002409,雅克科技,2025-09-19 10:53:51,66.56,5400,66.56,U
sz002409,雅克科技,2025-09-19 10:53:57,66.56,18300,66.56,D
sz002409,雅克科技,2025-09-19 10:54:00,66.56,5900,66.56,D
sz002409,雅克科技,2025-09-19 10:54:03,66.56,3800,66.56,D
sz002409,雅克科技,2025-09-19 10:54:06,66.57,4300,66.56,E
sz002409,雅克科技,2025-09-19 10:54:09,66.56,4400,66.57,D
sz002409,雅克科技,2025-09-19 10:54:15,66.56,3800,66.56,D
sz002409,雅克科技,2025-09-19 10:54:24,66.62,3500,66.56,U
sz002409,雅克科技,2025-09-19 10:54:33,66.56,5700,66.57,D
sz002409,雅克科技,2025-09-19 10:54:45,66.57,3300,66.58,D
sz002409,雅克科技,2025-09-19 10:54:54,66.57,10500,66.57,U
sz002409,雅克科技,2025-09-19 10:54:57,66.53,18400,66.57,D
sz002409,雅克科技,2025-09-19 10:55:12,66.53,3200,66.52,U
sz002409,雅克科技,2025-09-19 10:55:18,66.52,3700,66.52,D
sz002409,雅克科技,2025-09-19 10:55:24,66.45,47700,66.51,D
sz002409,雅克科技,2025-09-19 10:55:39,66.4,7200,66.42,D
sz002409,雅克科技,2025-09-19 10:55:42,66.42,5500,66.4,U
sz002409,雅克科技,2025-09-19 10:55:45,66.45,9200,66.42,U
sz002409,雅克科技,2025-09-19 10:55:51,66.5,5300,66.5,U
sz002409,雅克科技,2025-09-19 10:55:57,66.43,10700,66.49,D
sz002409,雅克科技,2025-09-19 10:56:03,66.44,4300,66.43,U
sz002409,雅克科技,2025-09-19 10:56:15,66.42,5400,66.43,D
sz002409,雅克科技,2025-09-19 10:56:18,66.43,3700,66.42,U
sz002409,雅克科技,2025-09-19 10:56:33,66.39,4400,66.41,D
sz002409,雅克科技,2025-09-19 10:56:36,66.37,3700,66.39,D
sz002409,雅克科技,2025-09-19 10:56:45,66.36,10900,66.36,U
sz002409,雅克科技,2025-09-19 10:56:51,66.35,4800,66.36,U
sz002409,雅克科技,2025-09-19 10:56:54,66.3,4500,66.35,E
sz002409,雅克科技,2025-09-19 10:56:57,66.32,5300,66.3,U
sz002409,雅克科技,2025-09-19 10:57:00,66.3,4100,66.32,D
sz002409,雅克科技,2025-09-19 10:57:03,66.29,3400,66.3,D
sz002409,雅克科技,2025-09-19 10:57:06,66.37,19800,66.29,U
sz002409,雅克科技,2025-09-19 10:57:09,66.4,5600,66.37,U
sz002409,雅克科技,2025-09-19 10:57:27,66.37,5600,66.4,D
sz002409,雅克科技,2025-09-19 10:57:30,66.37,4700,66.37,D
sz002409,雅克科技,2025-09-19 10:57:33,66.37,3400,66.37,U
sz002409,雅克科技,2025-09-19 10:57:51,66.35,5700,66.35,U
sz002409,雅克科技,2025-09-19 10:58:03,66.31,6900,66.34,D
sz002409,雅克科技,2025-09-19 10:58:06,66.32,25600,66.31,U
sz002409,雅克科技,2025-09-19 10:58:09,66.31,3500,66.32,D
sz002409,雅克科技,2025-09-19 10:58:18,66.3,14200,66.34,D
sz002409,雅克科技,2025-09-19 10:58:24,66.32,4000,66.3,U
sz002409,雅克科技,2025-09-19 10:58:33,66.3,4200,66.32,E
sz002409,雅克科技,2025-09-19 10:58:36,66.35,17700,66.3,U
sz002409,雅克科技,2025-09-19 10:58:39,66.3,4400,66.35,D
sz002409,雅克科技,2025-09-19 10:58:54,66.31,4800,66.32,D
sz002409,雅克科技,2025-09-19 10:59:06,66.4,25400,66.37,U
sz002409,雅克科技,2025-09-19 10:59:09,66.44,3900,66.4,U
sz002409,雅克科技,2025-09-19 10:59:21,66.47,7800,66.5,D
sz002409,雅克科技,2025-09-19 10:59:24,66.44,7400,66.47,D
sz002409,雅克科技,2025-09-19 10:59:36,66.52,3600,66.51,U
sz002409,雅克科技,2025-09-19 10:59:48,66.56,7200,66.55,U
sz002409,雅克科技,2025-09-19 11:00:24,66.68,8600,66.69,D
sz002409,雅克科技,2025-09-19 11:00:27,66.68,4600,66.68,D
sz002409,雅克科技,2025-09-19 11:00:30,66.66,7100,66.68,D
sz002409,雅克科技,2025-09-19 11:00:33,66.66,18500,66.66,D
sz002409,雅克科技,2025-09-19 11:00:36,66.7,9200,66.66,U
sz002409,雅克科技,2025-09-19 11:00:39,66.71,3100,66.7,U
sz002409,雅克科技,2025-09-19 11:00:42,66.7,23900,66.71,D
sz002409,雅克科技,2025-09-19 11:00:45,66.71,15700,66.7,U
sz002409,雅克科技,2025-09-19 11:00:57,66.68,29200,66.7,D
sz002409,雅克科技,2025-09-19 11:01:00,66.66,4400,66.68,D
sz002409,雅克科技,2025-09-19 11:01:03,66.76,10500,66.66,U
sz002409,雅克科技,2025-09-19 11:01:12,66.6,4400,66.65,D
sz002409,雅克科技,2025-09-19 11:01:15,66.64,3900,66.6,E
sz002409,雅克科技,2025-09-19 11:01:21,66.65,7700,66.65,D
sz002409,雅克科技,2025-09-19 11:01:33,66.59,5400,66.65,D
sz002409,雅克科技,2025-09-19 11:01:42,66.55,3600,66.58,D
sz002409,雅克科技,2025-09-19 11:02:00,66.49,5300,66.51,D
sz002409,雅克科技,2025-09-19 11:03:00,66.4,4500,66.4,D
sz002409,雅克科技,2025-09-19 11:03:06,66.38,4500,66.4,D
sz002409,雅克科技,2025-09-19 11:03:09,66.36,6400,66.38,D
sz002409,雅克科技,2025-09-19 11:03:12,66.4,7600,66.36,U
sz002409,雅克科技,2025-09-19 11:03:15,66.4,4300,66.4,U
sz002409,雅克科技,2025-09-19 11:03:18,66.45,6700,66.4,U
sz002409,雅克科技,2025-09-19 11:03:24,66.47,4600,66.46,U
sz002409,雅克科技,2025-09-19 11:03:36,66.53,3900,66.52,U
sz002409,雅克科技,2025-09-19 11:03:42,66.48,5800,66.52,D
sz002409,雅克科技,2025-09-19 11:04:24,66.37,4200,66.4,D
sz002409,雅克科技,2025-09-19 11:04:42,66.35,3100,66.35,D
sz002409,雅克科技,2025-09-19 11:04:48,66.36,4400,66.35,U
sz002409,雅克科技,2025-09-19 11:04:51,66.35,5900,66.36,D
sz002409,雅克科技,2025-09-19 11:05:03,66.43,7700,66.4,U
sz002409,雅克科技,2025-09-19 11:05:27,66.48,4100,66.49,D
sz002409,雅克科技,2025-09-19 11:06:00,66.51,3900,66.51,U
sz002409,雅克科技,2025-09-19 11:06:18,66.47,19000,66.53,D
sz002409,雅克科技,2025-09-19 11:06:21,66.53,9600,66.47,E
sz002409,雅克科技,2025-09-19 11:06:27,66.42,5200,66.5,D
sz002409,雅克科技,2025-09-19 11:06:30,66.42,3500,66.42,U
sz002409,雅克科技,2025-09-19 11:06:33,66.49,3400,66.42,U
sz002409,雅克科技,2025-09-19 11:07:06,66.58,4000,66.53,U
sz002409,雅克科技,2025-09-19 11:08:00,66.74,4100,66.71,U
sz002409,雅克科技,2025-09-19 11:08:09,66.79,4600,66.78,U
sz002409,雅克科技,2025-09-19 11:08:27,66.88,6000,66.88,U
sz002409,雅克科技,2025-09-19 11:08:33,66.81,9500,66.88,D
sz002409,雅克科技,2025-09-19 11:08:39,66.85,4900,66.78,U
sz002409,雅克科技,2025-09-19 11:08:51,66.81,3400,66.78,U
sz002409,雅克科技,2025-09-19 11:08:54,66.83,5000,66.81,U
sz002409,雅克科技,2025-09-19 11:09:03,66.88,6400,66.81,U
sz002409,雅克科技,2025-09-19 11:09:09,66.8,6700,66.81,E
sz002409,雅克科技,2025-09-19 11:09:12,66.78,3100,66.8,D
sz002409,雅克科技,2025-09-19 11:09:15,66.78,3100,66.78,D
sz002409,雅克科技,2025-09-19 11:10:00,66.66,7400,66.66,D
sz002409,雅克科技,2025-09-19 11:10:30,66.8,3900,66.79,U
sz002409,雅克科技,2025-09-19 11:10:51,66.75,5200,66.82,D
sz002409,雅克科技,2025-09-19 11:11:03,66.68,6600,66.75,D
sz002409,雅克科技,2025-09-19 11:11:06,66.75,5100,66.68,U
sz002409,雅克科技,2025-09-19 11:11:18,66.79,8600,66.65,U
sz002409,雅克科技,2025-09-19 11:11:33,66.88,15400,66.65,U
sz002409,雅克科技,2025-09-19 11:11:36,66.75,7600,66.88,E
sz002409,雅克科技,2025-09-19 11:11:51,66.66,3300,66.76,D
sz002409,雅克科技,2025-09-19 11:12:15,66.7,3500,66.64,U
sz002409,雅克科技,2025-09-19 11:13:21,66.6,4500,66.54,U
sz002409,雅克科技,2025-09-19 11:13:33,66.54,5200,66.61,D
sz002409,雅克科技,2025-09-19 11:14:00,66.61,5400,66.6,U
sz002409,雅克科技,2025-09-19 11:14:33,66.53,9800,66.62,D
sz002409,雅克科技,2025-09-19 11:14:36,66.6,5900,66.53,U
sz002409,雅克科技,2025-09-19 11:14:57,66.52,20500,66.53,D
sz002409,雅克科技,2025-09-19 11:15:03,66.49,5600,66.5,D
sz002409,雅克科技,2025-09-19 11:15:15,66.48,5600,66.5,D
sz002409,雅克科技,2025-09-19 11:15:24,66.41,18500,66.45,D
sz002409,雅克科技,2025-09-19 11:15:30,66.52,4300,66.46,U
sz002409,雅克科技,2025-09-19 11:15:57,66.46,4800,66.46,D
sz002409,雅克科技,2025-09-19 11:17:09,66.34,5100,66.36,D
sz002409,雅克科技,2025-09-19 11:17:12,66.32,4900,66.34,D
sz002409,雅克科技,2025-09-19 11:17:15,66.33,6900,66.32,U
sz002409,雅克科技,2025-09-19 11:17:18,66.32,6300,66.33,E
sz002409,雅克科技,2025-09-19 11:17:30,66.3,7700,66.33,D
sz002409,雅克科技,2025-09-19 11:17:39,66.31,22100,66.32,D
sz002409,雅克科技,2025-09-19 11:18:00,66.24,31800,66.28,D
sz002409,雅克科技,2025-09-19 11:18:09,66.28,37500,66.2,U
sz002409,雅克科技,2025-09-19 11:18:12,66.28,3100,66.28,U
sz002409,雅克科技,2025-09-19 11:18:15,66.31,9600,66.28,U
sz002409,雅克科技,2025-09-19 11:18:36,66.34,6300,66.36,D
sz002409,雅克科技,2025-09-19 11:19:00,66.32,3800,66.32,U
sz002409,雅克科技,2025-09-19 11:19:27,66.3,3400,66.32,D
sz002409,雅克科技,2025-09-19 11:19:36,66.29,3300,66.3,D
sz002409,雅克科技,2025-09-19 11:20:18,66.22,4000,66.22,D
sz002409,雅克科技,2025-09-19 11:20:45,66.19,3500,66.21,D
sz002409,雅克科技,2025-09-19 11:20:57,66.22,20300,66.19,U
sz002409,雅克科技,2025-09-19 11:21:03,66.22,4700,66.21,U
sz002409,雅克科技,2025-09-19 11:21:15,66.16,5300,66.21,D
sz002409,雅克科技,2025-09-19 11:21:18,66.13,4900,66.16,D
sz002409,雅克科技,2025-09-19 11:21:24,66.1,16000,66.13,D
sz002409,雅克科技,2025-09-19 11:21:36,66.09,4800,66.09,D
sz002409,雅克科技,2025-09-19 11:21:39,66.06,5000,66.09,D
sz002409,雅克科技,2025-09-19 11:21:42,66.09,5900,66.06,U
sz002409,雅克科技,2025-09-19 11:21:45,66.02,4100,66.09,D
sz002409,雅克科技,2025-09-19 11:21:57,66.02,6300,66.03,D
sz002409,雅克科技,2025-09-19 11:22:00,66.03,4800,66.02,U
sz002409,雅克科技,2025-09-19 11:22:03,66.02,6700,66.03,E
sz002409,雅克科技,2025-09-19 11:22:06,66.05,34800,66.02,U
sz002409,雅克科技,2025-09-19 11:22:09,66.04,5200,66.05,D
sz002409,雅克科技,2025-09-19 11:22:18,66.14,9400,66.1,U
sz002409,雅克科技,2025-09-19 11:22:21,66.14,5300,66.14,D
sz002409,雅克科技,2025-09-19 11:22:54,66.18,3400,66.2,D
sz002409,雅克科技,2025-09-19 11:23:06,66.22,18400,66.23,E
sz002409,雅克科技,2025-09-19 11:23:09,66.24,5800,66.22,U
sz002409,雅克科技,2025-09-19 11:23:18,66.25,4200,66.23,U
sz002409,雅克科技,2025-09-19 11:23:27,66.26,3400,66.25,U
sz002409,雅克科技,2025-09-19 11:23:36,66.3,5000,66.29,U
sz002409,雅克科技,2025-09-19 11:23:42,66.3,5200,66.3,U
sz002409,雅克科技,2025-09-19 11:24:54,66.43,5000,66.45,D
sz002409,雅克科技,2025-09-19 11:24:57,66.4,5100,66.43,D
sz002409,雅克科技,2025-09-19 11:25:24,66.4,3500,66.4,U
sz002409,雅克科技,2025-09-19 11:25:30,66.4,4000,66.4,U
sz002409,雅克科技,2025-09-19 11:26:09,66.29,13400,66.3,D
sz002409,雅克科技,2025-09-19 11:26:15,66.29,4600,66.29,U
sz002409,雅克科技,2025-09-19 11:26:39,66.26,10300,66.23,U
sz002409,雅克科技,2025-09-19 11:27:06,66.23,12800,66.26,D
sz002409,雅克科技,2025-09-19 11:27:12,66.23,8200,66.23,U
sz002409,雅克科技,2025-09-19 11:27:21,66.23,8300,66.23,D
sz002409,雅克科技,2025-09-19 11:27:24,66.24,13400,66.23,U
sz002409,雅克科技,2025-09-19 11:27:42,66.2,10000,66.24,D
sz002409,雅克科技,2025-09-19 11:27:45,66.24,3200,66.2,E
sz002409,雅克科技,2025-09-19 11:27:51,66.24,3600,66.24,E
sz002409,雅克科技,2025-09-19 11:28:12,66.3,4400,66.3,U
sz002409,雅克科技,2025-09-19 11:28:36,66.3,3300,66.25,U
sz002409,雅克科技,2025-09-19 11:28:42,66.24,6400,66.3,D
sz002409,雅克科技,2025-09-19 11:28:54,66.3,5200,66.25,U
sz002409,雅克科技,2025-09-19 11:29:27,66.3,3100,66.3,U
sz002409,雅克科技,2025-09-19 11:29:39,66.3,14800,66.3,U
sz002409,雅克科技,2025-09-19 11:29:48,66.31,3200,66.36,D
sz002409,雅克科技,2025-09-19 11:29:54,66.27,15100,66.31,D
sz002409,雅克科技,2025-09-19 11:30:00,66.4,13200,66.41,U
sz002409,雅克科技,2025-09-19 13:00:00,66.4,23600,66.4,U
sz002409,雅克科技,2025-09-19 13:00:03,66.46,10400,66.4,E
sz002409,雅克科技,2025-09-19 13:00:06,66.4,11300,66.46,D
sz002409,雅克科技,2025-09-19 13:00:09,66.39,21500,66.4,D
sz002409,雅克科技,2025-09-19 13:00:12,66.38,4400,66.39,D
sz002409,雅克科技,2025-09-19 13:00:51,66.4,6200,66.38,U
sz002409,雅克科技,2025-09-19 13:01:09,66.3,24600,66.4,D
sz002409,雅克科技,2025-09-19 13:01:57,66.44,3700,66.44,D
sz002409,雅克科技,2025-09-19 13:02:03,66.52,5600,66.51,U
sz002409,雅克科技,2025-09-19 13:02:09,66.54,3300,66.52,U
sz002409,雅克科技,2025-09-19 13:02:12,66.55,3200,66.54,U
sz002409,雅克科技,2025-09-19 13:02:21,66.55,3300,66.59,D
sz002409,雅克科技,2025-09-19 13:02:24,66.54,4500,66.55,D
sz002409,雅克科技,2025-09-19 13:02:42,66.6,11100,66.52,U
sz002409,雅克科技,2025-09-19 13:02:51,66.59,9400,66.59,U
sz002409,雅克科技,2025-09-19 13:03:18,66.5,3200,66.5,U
sz002409,雅克科技,2025-09-19 13:03:21,66.5,7700,66.5,D
sz002409,雅克科技,2025-09-19 13:03:24,66.44,8800,66.5,D
sz002409,雅克科技,2025-09-19 13:03:27,66.5,3700,66.44,D
sz002409,雅克科技,2025-09-19 13:03:36,66.68,14000,66.63,U
sz002409,雅克科技,2025-09-19 13:03:42,66.68,4400,66.67,E
sz002409,雅克科技,2025-09-19 13:03:48,66.68,9900,66.67,E
sz002409,雅克科技,2025-09-19 13:03:54,66.78,6100,66.78,U
sz002409,雅克科技,2025-09-19 13:04:00,66.94,20000,66.8,U
sz002409,雅克科技,2025-09-19 13:04:06,66.94,5100,66.81,U
sz002409,雅克科技,2025-09-19 13:04:09,66.9,5700,66.94,E
sz002409,雅克科技,2025-09-19 13:04:15,66.84,5200,66.87,D
sz002409,雅克科技,2025-09-19 13:04:18,66.85,4800,66.84,U
sz002409,雅克科技,2025-09-19 13:04:24,66.84,3100,66.84,U
sz002409,雅克科技,2025-09-19 13:04:33,66.83,8600,66.84,D
sz002409,雅克科技,2025-09-19 13:05:00,66.89,6400,66.82,U
sz002409,雅克科技,2025-09-19 13:05:12,66.82,3500,66.92,D
sz002409,雅克科技,2025-09-19 13:05:30,66.91,5400,66.91,U
sz002409,雅克科技,2025-09-19 13:05:33,66.92,4900,66.91,U
sz002409,雅克科技,2025-09-19 13:05:39,66.91,22900,66.94,D
sz002409,雅克科技,2025-09-19 13:05:48,66.82,3500,66.84,U
sz002409,雅克科技,2025-09-19 13:06:06,66.79,10300,66.77,D
sz002409,雅克科技,2025-09-19 13:06:09,66.79,7400,66.79,U
sz002409,雅克科技,2025-09-19 13:06:12,66.78,5000,66.79,D
sz002409,雅克科技,2025-09-19 13:06:18,66.8,37000,66.78,U
sz002409,雅克科技,2025-09-19 13:06:21,66.68,4300,66.8,D
sz002409,雅克科技,2025-09-19 13:06:27,66.72,7100,66.72,U
sz002409,雅克科技,2025-09-19 13:06:51,66.48,12700,66.54,D
sz002409,雅克科技,2025-09-19 13:07:00,66.48,7000,66.47,U
sz002409,雅克科技,2025-09-19 13:07:06,66.48,3600,66.48,D
sz002409,雅克科技,2025-09-19 13:07:21,66.46,4000,66.51,D
sz002409,雅克科技,2025-09-19 13:07:39,66.46,23200,66.48,D
sz002409,雅克科技,2025-09-19 13:08:21,66.52,7600,66.5,U
sz002409,雅克科技,2025-09-19 13:08:30,66.56,7500,66.54,U
sz002409,雅克科技,2025-09-19 13:08:39,66.52,4300,66.56,D
sz002409,雅克科技,2025-09-19 13:08:42,66.5,11200,66.52,D
sz002409,雅克科技,2025-09-19 13:08:45,66.5,4800,66.5,D
sz002409,雅克科技,2025-09-19 13:08:48,66.51,3500,66.5,E
sz002409,雅克科技,2025-09-19 13:09:18,66.46,3300,66.45,E
sz002409,雅克科技,2025-09-19 13:10:06,66.29,7800,66.38,D
sz002409,雅克科技,2025-09-19 13:10:15,66.29,4100,66.29,E
sz002409,雅克科技,2025-09-19 13:10:21,66.32,3500,66.26,U
sz002409,雅克科技,2025-09-19 13:10:27,66.32,3100,66.29,U
sz002409,雅克科技,2025-09-19 13:10:30,66.33,6700,66.32,U
sz002409,雅克科技,2025-09-19 13:10:45,66.32,13400,66.33,D
sz002409,雅克科技,2025-09-19 13:10:48,66.32,11600,66.32,D
sz002409,雅克科技,2025-09-19 13:10:51,66.29,3900,66.32,D
sz002409,雅克科技,2025-09-19 13:11:00,66.29,8100,66.29,D
sz002409,雅克科技,2025-09-19 13:11:03,66.26,4700,66.29,D
sz002409,雅克科技,2025-09-19 13:11:12,66.24,4400,66.24,D
sz002409,雅克科技,2025-09-19 13:11:18,66.2,25400,66.2,D
sz002409,雅克科技,2025-09-19 13:11:21,66.2,3300,66.2,U
sz002409,雅克科技,2025-09-19 13:11:39,66.2,4800,66.2,U
sz002409,雅克科技,2025-09-19 13:11:42,66.18,4900,66.2,D
sz002409,雅克科技,2025-09-19 13:11:51,66.25,4500,66.2,U
sz002409,雅克科技,2025-09-19 13:12:00,66.3,3100,66.31,E
sz002409,雅克科技,2025-09-19 13:12:06,66.21,3200,66.21,U
sz002409,雅克科技,2025-09-19 13:12:42,66.22,4000,66.26,D
sz002409,雅克科技,2025-09-19 13:12:45,66.31,3500,66.22,U
sz002409,雅克科技,2025-09-19 13:12:51,66.31,8500,66.31,U
sz002409,雅克科技,2025-09-19 13:12:54,66.31,3800,66.31,U
sz002409,雅克科技,2025-09-19 13:12:57,66.31,5400,66.31,U
sz002409,雅克科技,2025-09-19 13:13:09,66.3,5000,66.32,D
sz002409,雅克科技,2025-09-19 13:13:12,66.29,3300,66.3,D
sz002409,雅克科技,2025-09-19 13:13:21,66.29,6200,66.26,E
sz002409,雅克科技,2025-09-19 13:13:24,66.16,36200,66.29,D
sz002409,雅克科技,2025-09-19 13:13:27,66.18,7600,66.16,U
sz002409,雅克科技,2025-09-19 13:13:33,66.2,10100,66.16,U
sz002409,雅克科技,2025-09-19 13:13:39,66.2,6800,66.19,U
sz002409,雅克科技,2025-09-19 13:13:45,66.2,11200,66.18,U
sz002409,雅克科技,2025-09-19 13:13:48,66.2,5400,66.2,D
sz002409,雅克科技,2025-09-19 13:13:51,66.29,7600,66.2,U
sz002409,雅克科技,2025-09-19 13:13:54,66.2,15500,66.29,D
sz002409,雅克科技,2025-09-19 13:13:57,66.26,4200,66.2,E
sz002409,雅克科技,2025-09-19 13:14:06,66.3,7100,66.26,U
sz002409,雅克科技,2025-09-19 13:14:09,66.3,3400,66.3,U
sz002409,雅克科技,2025-09-19 13:14:12,66.32,31100,66.3,U
sz002409,雅克科技,2025-09-19 13:14:15,66.35,6900,66.32,U
sz002409,雅克科技,2025-09-19 13:14:18,66.44,7400,66.35,U
sz002409,雅克科技,2025-09-19 13:14:45,66.42,4800,66.43,D
sz002409,雅克科技,2025-09-19 13:15:15,66.41,7000,66.41,D
sz002409,雅克科技,2025-09-19 13:15:18,66.41,3600,66.41,E
sz002409,雅克科技,2025-09-19 13:15:21,66.4,5400,66.41,D
sz002409,雅克科技,2025-09-19 13:15:45,66.35,6100,66.35,U
sz002409,雅克科技,2025-09-19 13:16:03,66.31,5800,66.38,D
sz002409,雅克科技,2025-09-19 13:16:06,66.3,33800,66.31,D
sz002409,雅克科技,2025-09-19 13:17:00,66.36,3900,66.36,U
sz002409,雅克科技,2025-09-19 13:17:30,66.3,4000,66.3,U
sz002409,雅克科技,2025-09-19 13:17:45,66.3,10700,66.29,U
sz002409,雅克科技,2025-09-19 13:17:48,66.31,7000,66.3,U
sz002409,雅克科技,2025-09-19 13:18:03,66.35,3100,66.34,U
sz002409,雅克科技,2025-09-19 13:18:06,66.34,6100,66.35,E
sz002409,雅克科技,2025-09-19 13:18:42,66.41,3100,66.37,U
sz002409,雅克科技,2025-09-19 13:19:00,66.39,8300,66.4,D
sz002409,雅克科技,2025-09-19 13:19:03,66.36,3800,66.39,D
sz002409,雅克科技,2025-09-19 13:19:06,66.34,5000,66.36,D
sz002409,雅克科技,2025-09-19 13:19:18,66.3,3500,66.3,D
sz002409,雅克科技,2025-09-19 13:19:36,66.23,3100,66.26,D
sz002409,雅克科技,2025-09-19 13:20:06,66.21,4900,66.22,D
sz002409,雅克科技,2025-09-19 13:20:09,66.21,24900,66.21,D
sz002409,雅克科技,2025-09-19 13:20:15,66.2,5600,66.21,D
sz002409,雅克科技,2025-09-19 13:20:24,66.17,3700,66.18,D
sz002409,雅克科技,2025-09-19 13:20:30,66.16,6400,66.15,U
sz002409,雅克科技,2025-09-19 13:20:42,66.13,17800,66.14,D
sz002409,雅克科技,2025-09-19 13:20:45,66.13,5800,66.13,D
sz002409,雅克科技,2025-09-19 13:20:48,66.13,3900,66.13,D
sz002409,雅克科技,2025-09-19 13:20:51,66.13,8100,66.13,D
sz002409,雅克科技,2025-09-19 13:20:54,66.12,44300,66.13,D
sz002409,雅克科技,2025-09-19 13:21:03,66.16,9800,66.13,U
sz002409,雅克科技,2025-09-19 13:21:06,66.16,8800,66.16,U
sz002409,雅克科技,2025-09-19 13:21:18,66.21,3700,66.18,U
sz002409,雅克科技,2025-09-19 13:21:27,66.21,3900,66.21,U
sz002409,雅克科技,2025-09-19 13:21:33,66.2,5300,66.2,D
sz002409,雅克科技,2025-09-19 13:21:42,66.2,4700,66.2,U
sz002409,雅克科技,2025-09-19 13:22:00,66.2,10700,66.19,U
sz002409,雅克科技,2025-09-19 13:22:09,66.16,4997,66.2,D
sz002409,雅克科技,2025-09-19 13:22:15,66.16,5300,66.17,D
sz002409,雅克科技,2025-09-19 13:23:00,66.14,4100,66.14,U
sz002409,雅克科技,2025-09-19 13:23:30,66.14,4200,66.14,D
sz002409,雅克科技,2025-09-19 13:23:39,66.1,11000,66.12,D
sz002409,雅克科技,2025-09-19 13:23:42,66.1,3200,66.1,D
sz002409,雅克科技,2025-09-19 13:23:45,66.11,4200,66.1,U
sz002409,雅克科技,2025-09-19 13:23:48,66.1,39200,66.11,D
sz002409,雅克科技,2025-09-19 13:24:00,66.06,15200,66.08,D
sz002409,雅克科技,2025-09-19 13:24:03,66.15,4300,66.06,U
sz002409,雅克科技,2025-09-19 13:24:36,66.13,4400,66.14,D
sz002409,雅克科技,2025-09-19 13:24:48,66.15,5200,66.14,U
sz002409,雅克科技,2025-09-19 13:24:51,66.15,3400,66.15,U
sz002409,雅克科技,2025-09-19 13:24:54,66.14,5000,66.15,D
sz002409,雅克科技,2025-09-19 13:25:00,66.14,6900,66.14,U
sz002409,雅克科技,2025-09-19 13:25:06,66.14,3500,66.15,D
sz002409,雅克科技,2025-09-19 13:25:12,66.15,8300,66.14,U
sz002409,雅克科技,2025-09-19 13:25:18,66.16,7300,66.15,U
sz002409,雅克科技,2025-09-19 13:25:21,66.16,4100,66.16,U
sz002409,雅克科技,2025-09-19 13:25:39,66.15,10400,66.15,D
sz002409,雅克科技,2025-09-19 13:25:42,66.14,5300,66.15,D
sz002409,雅克科技,2025-09-19 13:26:06,66.15,22600,66.14,U
sz002409,雅克科技,2025-09-19 13:26:15,66.13,5100,66.1,E
sz002409,雅克科技,2025-09-19 13:26:18,66.13,18300,66.13,U
sz002409,雅克科技,2025-09-19 13:26:39,66.1,7600,66.1,D
sz002409,雅克科技,2025-09-19 13:26:45,66.1,7500,66.1,D
sz002409,雅克科技,2025-09-19 13:26:57,66.09,4100,66.1,D
sz002409,雅克科技,2025-09-19 13:27:00,66.06,4500,66.09,D
sz002409,雅克科技,2025-09-19 13:27:09,66.04,3400,66.05,D
sz002409,雅克科技,2025-09-19 13:27:15,66.02,4800,66.05,D
sz002409,雅克科技,2025-09-19 13:27:21,66.02,4500,66.04,D
sz002409,雅克科技,2025-09-19 13:27:24,66.01,3500,66.02,D
sz002409,雅克科技,2025-09-19 13:27:27,66.0,4400,66.01,D
sz002409,雅克科技,2025-09-19 13:27:30,66.01,12600,66.0,U
sz002409,雅克科技,2025-09-19 13:27:42,66.0,10400,66.0,D
sz002409,雅克科技,2025-09-19 13:27:45,66.01,4700,66.0,U
sz002409,雅克科技,2025-09-19 13:27:48,66.0,4100,66.01,D
sz002409,雅克科技,2025-09-19 13:27:51,65.95,47400,66.0,D
sz002409,雅克科技,2025-09-19 13:28:06,65.93,3300,65.93,D
sz002409,雅克科技,2025-09-19 13:28:12,65.92,3700,65.93,D
sz002409,雅克科技,2025-09-19 13:28:18,65.94,4600,65.92,U
sz002409,雅克科技,2025-09-19 13:28:21,66.01,7397,65.94,U
sz002409,雅克科技,2025-09-19 13:28:39,66.0,16000,66.02,D
sz002409,雅克科技,2025-09-19 13:28:42,66.01,10400,66.0,U
sz002409,雅克科技,2025-09-19 13:29:03,66.02,3500,66.02,D
sz002409,雅克科技,2025-09-19 13:29:24,66.01,3400,66.01,D
sz002409,雅克科技,2025-09-19 13:29:42,66.0,4900,66.0,U
sz002409,雅克科技,2025-09-19 13:29:48,66.01,5700,66.01,U
sz002409,雅克科技,2025-09-19 13:30:09,65.98,3500,66.0,D
sz002409,雅克科技,2025-09-19 13:30:21,65.98,3300,66.0,E
sz002409,雅克科技,2025-09-19 13:30:24,66.0,4900,65.98,U
sz002409,雅克科技,2025-09-19 13:30:30,65.99,3700,66.0,D
sz002409,雅克科技,2025-09-19 13:30:42,66.0,6000,66.0,U
sz002409,雅克科技,2025-09-19 13:31:00,65.95,3400,65.96,D
sz002409,雅克科技,2025-09-19 13:31:33,65.95,3400,65.95,D
sz002409,雅克科技,2025-09-19 13:31:42,65.96,3600,65.95,U
sz002409,雅克科技,2025-09-19 13:32:00,65.97,3500,65.97,D
sz002409,雅克科技,2025-09-19 13:32:12,65.93,15300,65.96,D
sz002409,雅克科技,2025-09-19 13:32:15,65.92,5700,65.93,D
sz002409,雅克科技,2025-09-19 13:32:18,65.88,42700,65.92,D
sz002409,雅克科技,2025-09-19 13:32:21,65.88,13500,65.88,D
sz002409,雅克科技,2025-09-19 13:32:27,65.88,5100,65.88,D
sz002409,雅克科技,2025-09-19 13:32:33,65.83,3700,65.86,D
sz002409,雅克科技,2025-09-19 13:32:36,65.8,6800,65.83,D
sz002409,雅克科技,2025-09-19 13:32:45,65.8,5500,65.8,D
sz002409,雅克科技,2025-09-19 13:32:48,65.8,6500,65.8,D
sz002409,雅克科技,2025-09-19 13:32:51,65.8,9800,65.8,D
sz002409,雅克科技,2025-09-19 13:32:54,65.8,12600,65.8,D
sz002409,雅克科技,2025-09-19 13:32:57,65.79,3600,65.8,D
sz002409,雅克科技,2025-09-19 13:33:06,65.76,4100,65.78,D
sz002409,雅克科技,2025-09-19 13:33:15,65.75,4700,65.75,D
sz002409,雅克科技,2025-09-19 13:33:21,65.71,7300,65.72,D
sz002409,雅克科技,2025-09-19 13:33:27,65.74,10500,65.74,E
sz002409,雅克科技,2025-09-19 13:33:30,65.75,4500,65.74,E
sz002409,雅克科技,2025-09-19 13:33:39,65.71,8400,65.78,D
sz002409,雅克科技,2025-09-19 13:33:45,65.79,6700,65.75,U
sz002409,雅克科技,2025-09-19 13:33:48,65.81,7300,65.79,U
sz002409,雅克科技,2025-09-19 13:33:51,65.81,4700,65.81,U
sz002409,雅克科技,2025-09-19 13:33:54,65.81,5700,65.81,D
sz002409,雅克科技,2025-09-19 13:34:09,65.84,21300,65.82,E
sz002409,雅克科技,2025-09-19 13:34:33,65.78,5300,65.78,D
sz002409,雅克科技,2025-09-19 13:34:36,65.76,11000,65.78,D
sz002409,雅克科技,2025-09-19 13:34:42,65.71,4500,65.75,D
sz002409,雅克科技,2025-09-19 13:34:51,65.71,3900,65.71,D
sz002409,雅克科技,2025-09-19 13:35:03,65.72,7400,65.72,D
sz002409,雅克科技,2025-09-19 13:35:12,65.71,5800,65.71,D
sz002409,雅克科技,2025-09-19 13:35:15,65.7,9800,65.71,D
sz002409,雅克科技,2025-09-19 13:35:18,65.7,5700,65.7,U
sz002409,雅克科技,2025-09-19 13:35:24,65.68,4900,65.68,D
sz002409,雅克科技,2025-09-19 13:35:33,65.68,5300,65.65,U
sz002409,雅克科技,2025-09-19 13:35:36,65.65,4200,65.68,D
sz002409,雅克科技,2025-09-19 13:35:48,65.67,11200,65.68,D
sz002409,雅克科技,2025-09-19 13:35:51,65.71,6700,65.67,U
sz002409,雅克科技,2025-09-19 13:35:54,65.69,5400,65.71,D
sz002409,雅克科技,2025-09-19 13:36:00,65.7,7500,65.69,U
sz002409,雅克科技,2025-09-19 13:36:03,65.71,9100,65.7,U
sz002409,雅克科技,2025-09-19 13:36:06,65.7,5000,65.71,D
sz002409,雅克科技,2025-09-19 13:36:09,65.7,5700,65.7,U
sz002409,雅克科技,2025-09-19 13:36:15,65.69,3300,65.7,D
sz002409,雅克科技,2025-09-19 13:36:18,65.74,27800,65.69,U
sz002409,雅克科技,2025-09-19 13:36:21,65.71,41800,65.74,D
sz002409,雅克科技,2025-09-19 13:36:33,65.7,7600,65.71,D
sz002409,雅克科技,2025-09-19 13:36:36,65.7,5300,65.7,U
sz002409,雅克科技,2025-09-19 13:36:48,65.71,4100,65.69,U
sz002409,雅克科技,2025-09-19 13:36:51,65.67,14500,65.71,D
sz002409,雅克科技,2025-09-19 13:37:00,65.67,5100,65.67,U
sz002409,雅克科技,2025-09-19 13:37:27,65.65,3200,65.65,D
sz002409,雅克科技,2025-09-19 13:37:36,65.65,10100,65.65,U
sz002409,雅克科技,2025-09-19 13:37:42,65.64,3700,65.65,D
sz002409,雅克科技,2025-09-19 13:37:48,65.67,4400,65.65,U
sz002409,雅克科技,2025-09-19 13:37:51,65.71,24500,65.67,U
sz002409,雅克科技,2025-09-19 13:37:54,65.72,6900,65.71,U
sz002409,雅克科技,2025-09-19 13:38:42,65.84,9900,65.8,U
sz002409,雅克科技,2025-09-19 13:38:51,65.85,6500,65.8,U
sz002409,雅克科技,2025-09-19 13:38:54,65.89,3400,65.85,U
sz002409,雅克科技,2025-09-19 13:38:57,65.84,4800,65.89,D
sz002409,雅克科技,2025-09-19 13:39:21,65.98,4900,65.98,D
sz002409,雅克科技,2025-09-19 13:39:27,65.97,12600,65.99,D
sz002409,雅克科技,2025-09-19 13:39:30,65.99,22000,65.97,U
sz002409,雅克科技,2025-09-19 13:39:33,65.96,7800,65.99,E
sz002409,雅克科技,2025-09-19 13:39:39,65.97,11700,65.9,U
sz002409,雅克科技,2025-09-19 13:39:42,65.96,4600,65.97,D
sz002409,雅克科技,2025-09-19 13:39:45,65.96,7200,65.96,U
sz002409,雅克科技,2025-09-19 13:39:51,65.99,11500,65.96,U
sz002409,雅克科技,2025-09-19 13:40:00,66.02,13800,65.99,U
sz002409,雅克科技,2025-09-19 13:40:09,66.01,7100,66.02,E
sz002409,雅克科技,2025-09-19 13:40:12,66.0,5200,66.01,D
sz002409,雅克科技,2025-09-19 13:40:21,65.98,20600,66.0,D
sz002409,雅克科技,2025-09-19 13:40:24,65.95,5600,65.98,D
sz002409,雅克科技,2025-09-19 13:40:27,65.9,11800,65.95,D
sz002409,雅克科技,2025-09-19 13:40:33,65.92,4900,65.9,U
sz002409,雅克科技,2025-09-19 13:40:39,65.9,13700,65.89,U
sz002409,雅克科技,2025-09-19 13:40:45,65.89,6900,65.85,U
sz002409,雅克科技,2025-09-19 13:40:51,65.85,3600,65.86,D
sz002409,雅克科技,2025-09-19 13:41:00,65.88,4600,65.85,E
sz002409,雅克科技,2025-09-19 13:41:03,65.8,4000,65.88,D
sz002409,雅克科技,2025-09-19 13:41:24,65.78,5700,65.8,D
sz002409,雅克科技,2025-09-19 13:41:39,65.74,5200,65.77,D
sz002409,雅克科技,2025-09-19 13:41:48,65.73,11400,65.77,D
sz002409,雅克科技,2025-09-19 13:41:51,65.74,8900,65.73,U
sz002409,雅克科技,2025-09-19 13:41:57,65.72,5200,65.73,D
sz002409,雅克科技,2025-09-19 13:42:06,65.73,6200,65.73,D
sz002409,雅克科技,2025-09-19 13:42:09,65.74,10400,65.73,U
sz002409,雅克科技,2025-09-19 13:42:18,65.8,12000,65.74,U
sz002409,雅克科技,2025-09-19 13:42:21,65.78,4400,65.8,D
sz002409,雅克科技,2025-09-19 13:42:24,65.78,4400,65.78,D
sz002409,雅克科技,2025-09-19 13:42:39,65.81,3800,65.81,U
sz002409,雅克科技,2025-09-19 13:42:42,65.79,9100,65.81,D
sz002409,雅克科技,2025-09-19 13:42:48,65.82,22200,65.78,U
sz002409,雅克科技,2025-09-19 13:42:57,65.78,15300,65.82,D
sz002409,雅克科技,2025-09-19 13:43:15,65.74,5100,65.74,U
sz002409,雅克科技,2025-09-19 13:43:24,65.75,10200,65.72,U
sz002409,雅克科技,2025-09-19 13:43:27,65.72,9000,65.75,D
sz002409,雅克科技,2025-09-19 13:44:03,65.74,3100,65.73,U
sz002409,雅克科技,2025-09-19 13:44:09,65.8,15600,65.73,U
sz002409,雅克科技,2025-09-19 13:44:12,65.77,3800,65.8,D
sz002409,雅克科技,2025-09-19 13:44:39,65.89,3300,65.88,U
sz002409,雅克科技,2025-09-19 13:44:42,65.89,8800,65.89,U
sz002409,雅克科技,2025-09-19 13:45:03,65.86,15300,65.9,D
sz002409,雅克科技,2025-09-19 13:45:30,65.89,11000,65.87,U
sz002409,雅克科技,2025-09-19 13:45:57,65.82,7300,65.88,D
sz002409,雅克科技,2025-09-19 13:47:48,65.95,3300,65.93,D
sz002409,雅克科技,2025-09-19 13:47:51,65.93,16500,65.95,D
sz002409,雅克科技,2025-09-19 13:48:15,65.92,3900,65.91,U
sz002409,雅克科技,2025-09-19 13:48:18,65.91,6000,65.92,D
sz002409,雅克科技,2025-09-19 13:48:48,65.95,4100,65.95,D
sz002409,雅克科技,2025-09-19 13:48:57,65.96,6500,65.97,D
sz002409,雅克科技,2025-09-19 13:49:03,65.97,3700,65.96,U
sz002409,雅克科技,2025-09-19 13:49:21,65.99,5400,65.99,U
sz002409,雅克科技,2025-09-19 13:49:36,66.04,57300,65.99,U
sz002409,雅克科技,2025-09-19 13:50:03,66.17,13400,66.2,D
sz002409,雅克科技,2025-09-19 13:50:09,66.14,11412,66.17,D
sz002409,雅克科技,2025-09-19 13:50:12,66.05,31000,66.14,D
sz002409,雅克科技,2025-09-19 13:50:21,66.03,11100,66.03,U
sz002409,雅克科技,2025-09-19 13:50:30,66.0,30900,66.01,U
sz002409,雅克科技,2025-09-19 13:50:36,65.95,20400,65.99,D
sz002409,雅克科技,2025-09-19 13:50:42,65.92,20100,65.95,D
sz002409,雅克科技,2025-09-19 13:50:54,65.91,3700,65.91,U
sz002409,雅克科技,2025-09-19 13:51:06,65.96,5400,65.93,U
sz002409,雅克科技,2025-09-19 13:51:15,65.98,3500,65.94,U
sz002409,雅克科技,2025-09-19 13:51:42,66.03,23800,66.01,U
sz002409,雅克科技,2025-09-19 13:51:45,66.0,4100,66.03,D
sz002409,雅克科技,2025-09-19 13:52:57,65.88,3400,65.9,D
sz002409,雅克科技,2025-09-19 13:53:12,65.9,6600,65.9,U
sz002409,雅克科技,2025-09-19 13:53:24,65.88,4700,65.88,U
sz002409,雅克科技,2025-09-19 13:53:57,65.95,6600,65.95,D
sz002409,雅克科技,2025-09-19 13:54:00,65.95,4100,65.95,U
sz002409,雅克科技,2025-09-19 13:54:03,65.91,16400,65.95,D
sz002409,雅克科技,2025-09-19 13:54:27,65.87,8400,65.91,D
sz002409,雅克科技,2025-09-19 13:55:00,65.82,5900,65.85,D
sz002409,雅克科技,2025-09-19 13:55:42,65.82,10400,65.81,U
sz002409,雅克科技,2025-09-19 13:55:51,65.9,8100,65.84,U
sz002409,雅克科技,2025-09-19 13:56:09,65.89,6600,65.92,D
sz002409,雅克科技,2025-09-19 13:56:24,65.84,6600,65.88,D
sz002409,雅克科技,2025-09-19 13:56:48,65.8,8200,65.81,D
sz002409,雅克科技,2025-09-19 13:57:00,65.81,3500,65.8,U
sz002409,雅克科技,2025-09-19 13:57:12,65.79,12700,65.8,D
sz002409,雅克科技,2025-09-19 13:57:15,65.86,18500,65.79,U
sz002409,雅克科技,2025-09-19 13:57:21,65.84,5200,65.88,D
sz002409,雅克科技,2025-09-19 13:57:24,65.83,4700,65.84,D
sz002409,雅克科技,2025-09-19 13:57:30,65.84,18700,65.84,U
sz002409,雅克科技,2025-09-19 13:57:33,65.84,5000,65.84,U
sz002409,雅克科技,2025-09-19 13:57:36,65.84,14900,65.84,U
sz002409,雅克科技,2025-09-19 13:57:39,65.84,11633,65.84,U
sz002409,雅克科技,2025-09-19 13:57:51,65.9,3900,65.87,U
sz002409,雅克科技,2025-09-19 13:58:03,65.91,5100,65.92,D
sz002409,雅克科技,2025-09-19 13:58:06,65.92,12600,65.91,U
sz002409,雅克科技,2025-09-19 13:58:12,65.92,3100,65.92,U
sz002409,雅克科技,2025-09-19 13:58:48,65.95,5900,65.95,D
sz002409,雅克科技,2025-09-19 13:58:54,65.92,26000,65.95,D
sz002409,雅克科技,2025-09-19 13:58:57,65.92,3300,65.92,U
sz002409,雅克科技,2025-09-19 13:59:21,65.92,10900,65.92,U
sz002409,雅克科技,2025-09-19 13:59:39,65.94,4300,65.94,U
sz002409,雅克科技,2025-09-19 13:59:45,65.9,5000,65.92,D
sz002409,雅克科技,2025-09-19 13:59:54,65.91,7300,65.94,E
sz002409,雅克科技,2025-09-19 14:00:06,65.83,7600,65.85,D
sz002409,雅克科技,2025-09-19 14:00:15,65.81,31500,65.83,D
sz002409,雅克科技,2025-09-19 14:01:03,65.93,6900,65.9,U
sz002409,雅克科技,2025-09-19 14:01:06,65.97,21900,65.93,U
sz002409,雅克科技,2025-09-19 14:01:27,65.97,5500,65.98,D
sz002409,雅克科技,2025-09-19 14:01:57,65.94,7100,65.93,U
sz002409,雅克科技,2025-09-19 14:02:06,66.0,8400,65.98,U
sz002409,雅克科技,2025-09-19 14:02:12,65.99,5300,66.05,D
sz002409,雅克科技,2025-09-19 14:03:18,66.06,3200,66.05,U
sz002409,雅克科技,2025-09-19 14:03:48,66.18,5800,66.15,U
sz002409,雅克科技,2025-09-19 14:03:57,66.2,11700,66.18,U
sz002409,雅克科技,2025-09-19 14:04:06,66.2,7500,66.2,U
sz002409,雅克科技,2025-09-19 14:04:09,66.2,8400,66.2,U
sz002409,雅克科技,2025-09-19 14:04:18,66.22,11600,66.23,D
sz002409,雅克科技,2025-09-19 14:04:39,66.21,4100,66.2,U
sz002409,雅克科技,2025-09-19 14:04:51,66.19,9900,66.23,E
sz002409,雅克科技,2025-09-19 14:05:00,66.27,5900,66.25,U
sz002409,雅克科技,2025-09-19 14:05:24,66.38,4200,66.33,E
sz002409,雅克科技,2025-09-19 14:05:48,66.32,4500,66.31,U
sz002409,雅克科技,2025-09-19 14:05:51,66.32,14900,66.32,E
sz002409,雅克科技,2025-09-19 14:06:18,66.27,3300,66.29,D
sz002409,雅克科技,2025-09-19 14:06:51,66.3,5900,66.31,D
sz002409,雅克科技,2025-09-19 14:07:48,66.27,3500,66.23,U
sz002409,雅克科技,2025-09-19 14:08:03,66.26,5000,66.25,U
sz002409,雅克科技,2025-09-19 14:08:12,66.18,3700,66.19,D
sz002409,雅克科技,2025-09-19 14:08:51,66.14,4000,66.16,D
sz002409,雅克科技,2025-09-19 14:09:12,66.19,4500,66.12,U
sz002409,雅克科技,2025-09-19 14:09:15,66.19,4700,66.19,E
sz002409,雅克科技,2025-09-19 14:10:09,66.11,3200,66.12,D
sz002409,雅克科技,2025-09-19 14:10:12,66.12,4300,66.11,U
sz002409,雅克科技,2025-09-19 14:10:18,66.08,3500,66.17,D
sz002409,雅克科技,2025-09-19 14:10:21,66.1,10500,66.08,E
sz002409,雅克科技,2025-09-19 14:10:30,66.03,4100,66.05,D
sz002409,雅克科技,2025-09-19 14:10:36,66.0,10600,66.02,D
sz002409,雅克科技,2025-09-19 14:10:42,66.02,5400,66.0,U
sz002409,雅克科技,2025-09-19 14:10:45,66.03,3400,66.02,U
sz002409,雅克科技,2025-09-19 14:11:27,66.05,4900,66.05,U
sz002409,雅克科技,2025-09-19 14:11:48,66.04,4100,66.04,D
sz002409,雅克科技,2025-09-19 14:12:00,66.03,3100,66.04,D
sz002409,雅克科技,2025-09-19 14:12:36,66.0,20600,66.01,D
sz002409,雅克科技,2025-09-19 14:13:03,66.11,5000,66.09,U
sz002409,雅克科技,2025-09-19 14:13:48,66.26,8800,66.26,U
sz002409,雅克科技,2025-09-19 14:14:03,66.25,6300,66.29,D
sz002409,雅克科技,2025-09-19 14:15:12,66.2,8000,66.2,U
sz002409,雅克科技,2025-09-19 14:15:21,66.2,9100,66.22,D
sz002409,雅克科技,2025-09-19 14:15:33,66.24,8000,66.2,U
sz002409,雅克科技,2025-09-19 14:15:45,66.28,4000,66.27,U
sz002409,雅克科技,2025-09-19 14:16:00,66.29,6500,66.3,D
sz002409,雅克科技,2025-09-19 14:16:12,66.3,5500,66.31,D
sz002409,雅克科技,2025-09-19 14:16:24,66.35,9300,66.33,U
sz002409,雅克科技,2025-09-19 14:16:27,66.36,3100,66.35,U
sz002409,雅克科技,2025-09-19 14:16:42,66.39,10200,66.38,U
sz002409,雅克科技,2025-09-19 14:16:45,66.34,10400,66.39,D
sz002409,雅克科技,2025-09-19 14:16:48,66.39,3800,66.34,U
sz002409,雅克科技,2025-09-19 14:16:51,66.35,3900,66.39,D
sz002409,雅克科技,2025-09-19 14:16:54,66.33,7600,66.35,D
sz002409,雅克科技,2025-09-19 14:17:00,66.33,3300,66.33,D
sz002409,雅克科技,2025-09-19 14:17:03,66.33,7300,66.33,E
sz002409,雅克科技,2025-09-19 14:17:30,66.34,5000,66.33,E
sz002409,雅克科技,2025-09-19 14:17:48,66.31,5800,66.32,D
sz002409,雅克科技,2025-09-19 14:17:51,66.32,5900,66.31,D
sz002409,雅克科技,2025-09-19 14:17:57,66.33,3100,66.31,E
sz002409,雅克科技,2025-09-19 14:18:03,66.35,4300,66.32,U
sz002409,雅克科技,2025-09-19 14:18:09,66.32,4700,66.29,U
sz002409,雅克科技,2025-09-19 14:19:12,66.2,3500,66.18,U
sz002409,雅克科技,2025-09-19 14:19:18,66.18,10600,66.18,D
sz002409,雅克科技,2025-09-19 14:19:33,66.16,3500,66.15,U
sz002409,雅克科技,2025-09-19 14:19:42,66.15,3100,66.15,U
sz002409,雅克科技,2025-09-19 14:19:54,66.16,6200,66.16,D
sz002409,雅克科技,2025-09-19 14:20:03,66.15,3500,66.19,D
sz002409,雅克科技,2025-09-19 14:20:39,66.17,4700,66.23,D
sz002409,雅克科技,2025-09-19 14:21:15,66.06,9900,66.09,D
sz002409,雅克科技,2025-09-19 14:22:12,66.0,10800,66.0,D
sz002409,雅克科技,2025-09-19 14:22:18,65.99,23600,66.0,D
sz002409,雅克科技,2025-09-19 14:22:57,65.98,4900,65.97,U
sz002409,雅克科技,2025-09-19 14:23:00,66.01,4026,65.98,U
sz002409,雅克科技,2025-09-19 14:23:03,66.06,19600,66.01,U
sz002409,雅克科技,2025-09-19 14:23:30,66.16,8200,66.16,D
sz002409,雅克科技,2025-09-19 14:24:00,66.08,3400,66.14,D
sz002409,雅克科技,2025-09-19 14:24:36,66.14,4400,66.18,D
sz002409,雅克科技,2025-09-19 14:24:39,66.14,4100,66.14,U
sz002409,雅克科技,2025-09-19 14:24:45,66.13,4300,66.14,D
sz002409,雅克科技,2025-09-19 14:24:48,66.13,4400,66.13,U
sz002409,雅克科技,2025-09-19 14:25:45,66.18,5900,66.18,U
sz002409,雅克科技,2025-09-19 14:26:06,66.19,4600,66.15,U
sz002409,雅克科技,2025-09-19 14:26:09,66.21,4300,66.19,U
sz002409,雅克科技,2025-09-19 14:26:27,66.24,10100,66.28,D
sz002409,雅克科技,2025-09-19 14:26:42,66.26,24800,66.25,E
sz002409,雅克科技,2025-09-19 14:26:45,66.26,10100,66.26,E
sz002409,雅克科技,2025-09-19 14:27:36,66.22,4000,66.27,E
sz002409,雅克科技,2025-09-19 14:28:18,66.28,28500,66.27,U
sz002409,雅克科技,2025-09-19 14:28:48,66.27,5200,66.28,D
sz002409,雅克科技,2025-09-19 14:29:03,66.3,3400,66.3,U
sz002409,雅克科技,2025-09-19 14:30:03,66.22,8500,66.29,D
sz002409,雅克科技,2025-09-19 14:30:09,66.27,6000,66.26,U
sz002409,雅克科技,2025-09-19 14:30:18,66.19,11500,66.25,D
sz002409,雅克科技,2025-09-19 14:30:30,66.21,4500,66.18,U
sz002409,雅克科技,2025-09-19 14:30:51,66.16,5200,66.17,D
sz002409,雅克科技,2025-09-19 14:31:12,66.15,7400,66.2,D
sz002409,雅克科技,2025-09-19 14:31:15,66.13,3400,66.15,D
sz002409,雅克科技,2025-09-19 14:31:51,66.07,7700,66.08,D
sz002409,雅克科技,2025-09-19 14:32:00,66.04,10300,66.04,E
sz002409,雅克科技,2025-09-19 14:32:06,66.0,5700,66.07,D
sz002409,雅克科技,2025-09-19 14:32:45,66.17,8800,66.16,U
sz002409,雅克科技,2025-09-19 14:32:57,66.16,3900,66.15,E
sz002409,雅克科技,2025-09-19 14:33:03,66.07,11400,66.09,D
sz002409,雅克科技,2025-09-19 14:33:09,66.04,10000,66.06,D
sz002409,雅克科技,2025-09-19 14:33:18,65.99,6800,66.0,D
sz002409,雅克科技,2025-09-19 14:33:51,65.95,4700,65.98,D
sz002409,雅克科技,2025-09-19 14:33:54,65.95,5500,65.95,D
sz002409,雅克科技,2025-09-19 14:35:00,65.93,9700,65.96,D
sz002409,雅克科技,2025-09-19 14:35:03,65.9,8900,65.93,D
sz002409,雅克科技,2025-09-19 14:35:15,65.88,6500,65.89,D
sz002409,雅克科技,2025-09-19 14:35:24,65.86,13200,65.88,D
sz002409,雅克科技,2025-09-19 14:35:33,65.8,5600,65.81,D
sz002409,雅克科技,2025-09-19 14:35:45,65.8,5900,65.8,D
sz002409,雅克科技,2025-09-19 14:35:48,65.84,5300,65.8,U
sz002409,雅克科技,2025-09-19 14:36:39,65.86,14100,65.84,U
sz002409,雅克科技,2025-09-19 14:36:42,65.89,15700,65.86,U
sz002409,雅克科技,2025-09-19 14:36:45,65.9,12700,65.89,U
sz002409,雅克科技,2025-09-19 14:37:21,65.88,3100,65.88,U
sz002409,雅克科技,2025-09-19 14:37:30,65.88,22800,65.88,D
sz002409,雅克科技,2025-09-19 14:37:33,65.9,3200,65.88,U
sz002409,雅克科技,2025-09-19 14:37:45,65.89,5000,65.88,U
sz002409,雅克科技,2025-09-19 14:38:00,65.88,7100,65.89,D
sz002409,雅克科技,2025-09-19 14:38:03,65.85,5000,65.88,D
sz002409,雅克科技,2025-09-19 14:38:24,65.85,4100,65.85,D
sz002409,雅克科技,2025-09-19 14:39:06,65.83,16200,65.83,U
sz002409,雅克科技,2025-09-19 14:39:09,65.82,3600,65.83,U
sz002409,雅克科技,2025-09-19 14:39:54,65.84,6100,65.87,D
sz002409,雅克科技,2025-09-19 14:40:03,65.87,3500,65.86,D
sz002409,雅克科技,2025-09-19 14:40:06,65.88,3700,65.87,U
sz002409,雅克科技,2025-09-19 14:40:27,65.88,5700,65.89,D
sz002409,雅克科技,2025-09-19 14:40:48,65.87,5100,65.87,U
sz002409,雅克科技,2025-09-19 14:40:57,65.87,10900,65.86,U
sz002409,雅克科技,2025-09-19 14:41:09,65.87,4900,65.87,U
sz002409,雅克科技,2025-09-19 14:41:12,65.88,4800,65.87,U
sz002409,雅克科技,2025-09-19 14:41:24,65.87,7700,65.87,D
sz002409,雅克科技,2025-09-19 14:41:30,65.85,3600,65.87,D
sz002409,雅克科技,2025-09-19 14:41:36,65.84,6600,65.84,D
sz002409,雅克科技,2025-09-19 14:42:06,65.86,14600,65.83,U
sz002409,雅克科技,2025-09-19 14:42:15,65.88,3900,65.86,U
sz002409,雅克科技,2025-09-19 14:42:18,65.88,4200,65.88,U
sz002409,雅克科技,2025-09-19 14:42:21,65.86,4700,65.88,D
sz002409,雅克科技,2025-09-19 14:42:30,65.86,6800,65.86,U
sz002409,雅克科技,2025-09-19 14:42:36,65.81,26300,65.86,D
sz002409,雅克科技,2025-09-19 14:42:39,65.75,65167,65.81,D
sz002409,雅克科技,2025-09-19 14:43:00,65.77,7900,65.79,D
sz002409,雅克科技,2025-09-19 14:43:09,65.84,3600,65.8,U
sz002409,雅克科技,2025-09-19 14:43:18,65.86,12000,65.84,U
sz002409,雅克科技,2025-09-19 14:43:24,65.83,3300,65.84,E
sz002409,雅克科技,2025-09-19 14:43:27,65.83,3200,65.83,U
sz002409,雅克科技,2025-09-19 14:43:33,65.83,3800,65.82,U
sz002409,雅克科技,2025-09-19 14:43:48,65.8,8700,65.8,D
sz002409,雅克科技,2025-09-19 14:44:06,65.81,4700,65.82,D
sz002409,雅克科技,2025-09-19 14:44:24,65.85,5600,65.82,U
sz002409,雅克科技,2025-09-19 14:44:27,65.84,4100,65.85,D
sz002409,雅克科技,2025-09-19 14:45:00,65.81,13700,65.84,D
sz002409,雅克科技,2025-09-19 14:45:03,65.79,10200,65.81,D
sz002409,雅克科技,2025-09-19 14:45:27,65.77,3900,65.79,D
sz002409,雅克科技,2025-09-19 14:45:39,65.75,6067,65.77,D
sz002409,雅克科技,2025-09-19 14:45:42,65.76,24700,65.75,U
sz002409,雅克科技,2025-09-19 14:45:48,65.76,3400,65.76,U
sz002409,雅克科技,2025-09-19 14:45:51,65.8,6500,65.76,U
sz002409,雅克科技,2025-09-19 14:45:57,65.76,7100,65.79,D
sz002409,雅克科技,2025-09-19 14:46:06,65.78,7200,65.77,U
sz002409,雅克科技,2025-09-19 14:46:09,65.78,3700,65.78,U
sz002409,雅克科技,2025-09-19 14:46:18,65.78,5400,65.79,D
sz002409,雅克科技,2025-09-19 14:46:21,65.79,7000,65.78,U
sz002409,雅克科技,2025-09-19 14:46:27,65.8,3900,65.79,U
sz002409,雅克科技,2025-09-19 14:46:30,65.8,7100,65.8,U
sz002409,雅克科技,2025-09-19 14:46:33,65.79,3400,65.8,D
sz002409,雅克科技,2025-09-19 14:46:36,65.79,4500,65.79,D
sz002409,雅克科技,2025-09-19 14:46:51,65.79,4300,65.79,U
sz002409,雅克科技,2025-09-19 14:47:00,65.78,6000,65.79,D
sz002409,雅克科技,2025-09-19 14:47:15,65.78,11400,65.78,D
sz002409,雅克科技,2025-09-19 14:47:18,65.78,4400,65.78,D
sz002409,雅克科技,2025-09-19 14:47:21,65.78,5700,65.78,D
sz002409,雅克科技,2025-09-19 14:47:27,65.78,8300,65.8,D
sz002409,雅克科技,2025-09-19 14:47:45,65.76,9700,65.76,D
sz002409,雅克科技,2025-09-19 14:47:48,65.76,4300,65.76,D
sz002409,雅克科技,2025-09-19 14:47:54,65.76,6600,65.77,D
sz002409,雅克科技,2025-09-19 14:48:03,65.76,4400,65.76,D
sz002409,雅克科技,2025-09-19 14:48:06,65.79,8000,65.76,U
sz002409,雅克科技,2025-09-19 14:48:27,65.77,5000,65.76,U
sz002409,雅克科技,2025-09-19 14:48:33,65.78,4800,65.77,U
sz002409,雅克科技,2025-09-19 14:48:39,65.78,12800,65.77,U
sz002409,雅克科技,2025-09-19 14:48:54,65.77,6600,65.77,E
sz002409,雅克科技,2025-09-19 14:49:00,65.75,8200,65.77,D
sz002409,雅克科技,2025-09-19 14:49:03,65.75,53900,65.75,D
sz002409,雅克科技,2025-09-19 14:49:09,65.75,3200,65.76,D
sz002409,雅克科技,2025-09-19 14:49:24,65.74,3400,65.75,D
sz002409,雅克科技,2025-09-19 14:49:27,65.75,7300,65.74,U
sz002409,雅克科技,2025-09-19 14:49:33,65.75,6100,65.73,U
sz002409,雅克科技,2025-09-19 14:49:36,65.74,3900,65.75,E
sz002409,雅克科技,2025-09-19 14:49:48,65.77,5500,65.77,D
sz002409,雅克科技,2025-09-19 14:49:51,65.77,5500,65.77,D
sz002409,雅克科技,2025-09-19 14:49:54,65.76,7400,65.77,D
sz002409,雅克科技,2025-09-19 14:50:00,65.77,4500,65.76,U
sz002409,雅克科技,2025-09-19 14:50:03,65.76,6100,65.77,D
sz002409,雅克科技,2025-09-19 14:50:12,65.77,4800,65.76,U
sz002409,雅克科技,2025-09-19 14:50:15,65.77,7400,65.77,U
sz002409,雅克科技,2025-09-19 14:50:18,65.8,10700,65.77,U
sz002409,雅克科技,2025-09-19 14:50:27,65.8,7600,65.8,U
sz002409,雅克科技,2025-09-19 14:50:33,65.79,13500,65.8,D
sz002409,雅克科技,2025-09-19 14:50:39,65.78,5200,65.79,D
sz002409,雅克科技,2025-09-19 14:50:45,65.8,3400,65.8,U
sz002409,雅克科技,2025-09-19 14:50:51,65.8,3900,65.79,U
sz002409,雅克科技,2025-09-19 14:50:57,65.8,4500,65.8,U
sz002409,雅克科技,2025-09-19 14:51:03,65.79,4000,65.79,U
sz002409,雅克科技,2025-09-19 14:51:24,65.77,4400,65.77,D
sz002409,雅克科技,2025-09-19 14:51:54,65.77,5700,65.77,D
sz002409,雅克科技,2025-09-19 14:51:57,65.78,13700,65.77,U
sz002409,雅克科技,2025-09-19 14:52:03,65.78,5700,65.78,D
sz002409,雅克科技,2025-09-19 14:52:09,65.75,9900,65.78,D
sz002409,雅克科技,2025-09-19 14:52:12,65.75,54900,65.75,D
sz002409,雅克科技,2025-09-19 14:52:15,65.75,37200,65.75,D
sz002409,雅克科技,2025-09-19 14:52:21,65.76,5900,65.75,U
sz002409,雅克科技,2025-09-19 14:52:24,65.76,6700,65.76,U
sz002409,雅克科技,2025-09-19 14:52:27,65.75,5800,65.76,D
sz002409,雅克科技,2025-09-19 14:52:33,65.74,3600,65.74,D
sz002409,雅克科技,2025-09-19 14:52:39,65.74,4600,65.73,U
sz002409,雅克科技,2025-09-19 14:52:42,65.76,10200,65.74,U
sz002409,雅克科技,2025-09-19 14:52:45,65.77,4000,65.76,U
sz002409,雅克科技,2025-09-19 14:52:48,65.77,3300,65.77,U
sz002409,雅克科技,2025-09-19 14:52:51,65.77,3835,65.77,U
sz002409,雅克科技,2025-09-19 14:52:54,65.78,10400,65.77,U
sz002409,雅克科技,2025-09-19 14:53:03,65.79,4600,65.79,U
sz002409,雅克科技,2025-09-19 14:53:06,65.8,3500,65.79,U
sz002409,雅克科技,2025-09-19 14:53:18,65.79,5800,65.79,D
sz002409,雅克科技,2025-09-19 14:53:21,65.79,6500,65.79,D
sz002409,雅克科技,2025-09-19 14:53:24,65.79,3300,65.79,D
sz002409,雅克科技,2025-09-19 14:53:27,65.8,7500,65.79,U
sz002409,雅克科技,2025-09-19 14:53:48,65.78,4600,65.78,D
sz002409,雅克科技,2025-09-19 14:53:54,65.77,3400,65.78,D
sz002409,雅克科技,2025-09-19 14:54:00,65.78,7400,65.77,U
sz002409,雅克科技,2025-09-19 14:54:03,65.78,8600,65.78,U
sz002409,雅克科技,2025-09-19 14:54:06,65.79,5700,65.78,U
sz002409,雅克科技,2025-09-19 14:54:09,65.8,3300,65.79,U
sz002409,雅克科技,2025-09-19 14:54:12,65.8,10800,65.8,U
sz002409,雅克科技,2025-09-19 14:54:21,65.79,3600,65.79,D
sz002409,雅克科技,2025-09-19 14:54:24,65.79,3200,65.79,D
sz002409,雅克科技,2025-09-19 14:54:33,65.79,3100,65.79,D
sz002409,雅克科技,2025-09-19 14:54:36,65.8,11000,65.79,U
sz002409,雅克科技,2025-09-19 14:54:39,65.8,8800,65.8,U
