symbol,name,ticktime,price,volume,prev_price,kind
sz002409,雅克科技,2025-09-23 09:25:00,67.19,83800,0.0,U
sz002409,雅克科技,2025-09-23 09:30:00,67.29,49406,67.19,U
sz002409,雅克科技,2025-09-23 09:30:03,67.3,101600,67.29,U
sz002409,雅克科技,2025-09-23 09:30:06,67.33,48200,67.3,U
sz002409,雅克科技,2025-09-23 09:30:09,67.32,14300,67.33,E
sz002409,雅克科技,2025-09-23 09:30:12,67.3,43300,67.32,D
sz002409,雅克科技,2025-09-23 09:30:15,67.29,108700,67.3,D
sz002409,雅克科技,2025-09-23 09:30:18,67.3,28800,67.29,U
sz002409,雅克科技,2025-09-23 09:30:21,67.25,5500,67.3,E
sz002409,雅克科技,2025-09-23 09:30:24,67.29,16900,67.25,U
sz002409,雅克科技,2025-09-23 09:30:27,67.23,15300,67.29,D
sz002409,雅克科技,2025-09-23 09:30:30,67.2,46900,67.23,D
sz002409,雅克科技,2025-09-23 09:30:33,67.19,21400,67.2,D
sz002409,雅克科技,2025-09-23 09:30:36,67.19,30800,67.19,D
sz002409,雅克科技,2025-09-23 09:30:39,67.16,15300,67.19,D
sz002409,雅克科技,2025-09-23 09:30:42,67.12,3300,67.16,D
sz002409,雅克科技,2025-09-23 09:30:45,67.13,26100,67.12,U
sz002409,雅克科技,2025-09-23 09:30:48,67.18,66400,67.13,U
sz002409,雅克科技,2025-09-23 09:30:51,67.17,38300,67.18,D
sz002409,雅克科技,2025-09-23 09:30:54,67.12,15300,67.17,D
sz002409,雅克科技,2025-09-23 09:30:57,67.08,13000,67.12,D
sz002409,雅克科技,2025-09-23 09:31:00,67.0,22000,67.08,D
sz002409,雅克科技,2025-09-23 09:31:03,66.9,10400,67.0,D
sz002409,雅克科技,2025-09-23 09:31:06,66.9,11800,66.9,D
sz002409,雅克科技,2025-09-23 09:31:09,66.75,9700,66.9,D
sz002409,雅克科技,2025-09-23 09:31:12,66.77,9100,66.75,E
sz002409,雅克科技,2025-09-23 09:31:15,66.83,32400,66.77,E
sz002409,雅克科技,2025-09-23 09:31:18,66.87,11800,66.83,E
sz002409,雅克科技,2025-09-23 09:31:21,66.94,3500,66.87,E
sz002409,雅克科技,2025-09-23 09:31:24,66.99,14000,66.94,U
sz002409,雅克科技,2025-09-23 09:31:27,66.9,5300,66.99,D
sz002409,雅克科技,2025-09-23 09:31:30,66.95,9100,66.9,E
sz002409,雅克科技,2025-09-23 09:31:33,66.9,7700,66.95,E
sz002409,雅克科技,2025-09-23 09:31:36,66.94,3500,66.9,U
sz002409,雅克科技,2025-09-23 09:31:39,67.1,68400,66.94,U
sz002409,雅克科技,2025-09-23 09:31:42,67.09,9200,67.1,E
sz002409,雅克科技,2025-09-23 09:31:45,67.11,29400,67.09,D
sz002409,雅克科技,2025-09-23 09:31:48,67.17,17900,67.11,U
sz002409,雅克科技,2025-09-23 09:31:51,67.16,10500,67.17,D
sz002409,雅克科技,2025-09-23 09:31:54,67.19,20400,67.16,U
sz002409,雅克科技,2025-09-23 09:31:57,67.19,12600,67.19,D
sz002409,雅克科技,2025-09-23 09:32:00,67.18,5900,67.19,D
sz002409,雅克科技,2025-09-23 09:32:03,67.19,11200,67.18,E
sz002409,雅克科技,2025-09-23 09:32:06,67.1,4800,67.19,D
sz002409,雅克科技,2025-09-23 09:32:12,67.09,12700,67.09,D
sz002409,雅克科技,2025-09-23 09:32:15,67.08,4600,67.09,D
sz002409,雅克科技,2025-09-23 09:32:18,67.0,29300,67.08,D
sz002409,雅克科技,2025-09-23 09:32:24,67.0,13600,67.0,D
sz002409,雅克科技,2025-09-23 09:32:27,67.05,4800,67.0,U
sz002409,雅克科技,2025-09-23 09:32:30,66.99,6900,67.05,D
sz002409,雅克科技,2025-09-23 09:32:33,67.0,5500,66.99,U
sz002409,雅克科技,2025-09-23 09:32:36,67.0,6600,67.0,U
sz002409,雅克科技,2025-09-23 09:32:39,67.0,15200,67.0,U
sz002409,雅克科技,2025-09-23 09:32:42,67.0,22600,67.0,D
sz002409,雅克科技,2025-09-23 09:32:45,67.05,6800,67.0,E
sz002409,雅克科技,2025-09-23 09:32:48,67.05,6400,67.05,D
sz002409,雅克科技,2025-09-23 09:32:51,67.01,14100,67.05,D
sz002409,雅克科技,2025-09-23 09:32:54,67.01,4400,67.01,U
sz002409,雅克科技,2025-09-23 09:32:57,67.04,4300,67.01,U
sz002409,雅克科技,2025-09-23 09:33:00,67.01,3200,67.04,D
sz002409,雅克科技,2025-09-23 09:33:03,66.99,10000,67.01,D
sz002409,雅克科技,2025-09-23 09:33:06,66.86,20300,66.99,D
sz002409,雅克科技,2025-09-23 09:33:09,66.8,4800,66.86,D
sz002409,雅克科技,2025-09-23 09:33:15,66.74,3500,66.78,D
sz002409,雅克科技,2025-09-23 09:33:18,66.71,23400,66.74,D
sz002409,雅克科技,2025-09-23 09:33:21,66.75,6000,66.71,E
sz002409,雅克科技,2025-09-23 09:33:24,66.87,3700,66.75,U
sz002409,雅克科技,2025-09-23 09:33:27,66.77,3100,66.87,D
sz002409,雅克科技,2025-09-23 09:33:30,66.77,4900,66.77,D
sz002409,雅克科技,2025-09-23 09:33:33,66.76,4700,66.77,D
sz002409,雅克科技,2025-09-23 09:33:39,66.81,15700,66.77,U
sz002409,雅克科技,2025-09-23 09:33:42,66.87,13500,66.81,U
sz002409,雅克科技,2025-09-23 09:33:45,66.86,5100,66.87,D
sz002409,雅克科技,2025-09-23 09:33:48,66.87,13100,66.86,U
sz002409,雅克科技,2025-09-23 09:33:51,66.87,3700,66.87,D
sz002409,雅克科技,2025-09-23 09:34:00,66.95,7100,66.95,U
sz002409,雅克科技,2025-09-23 09:34:03,66.87,10800,66.95,D
sz002409,雅克科技,2025-09-23 09:34:15,66.85,11900,66.87,D
sz002409,雅克科技,2025-09-23 09:34:18,66.84,5300,66.85,D
sz002409,雅克科技,2025-09-23 09:34:21,66.8,13200,66.84,D
sz002409,雅克科技,2025-09-23 09:34:24,66.82,12000,66.8,D
sz002409,雅克科技,2025-09-23 09:34:30,66.77,4100,66.82,D
sz002409,雅克科技,2025-09-23 09:34:33,66.78,4100,66.77,E
sz002409,雅克科技,2025-09-23 09:34:36,66.76,3000,66.78,D
sz002409,雅克科技,2025-09-23 09:34:39,66.75,11200,66.76,D
sz002409,雅克科技,2025-09-23 09:34:45,66.73,3800,66.74,D
sz002409,雅克科技,2025-09-23 09:34:51,66.7,7200,66.7,D
sz002409,雅克科技,2025-09-23 09:34:54,66.7,9300,66.7,D
sz002409,雅克科技,2025-09-23 09:34:57,66.67,19800,66.7,D
sz002409,雅克科技,2025-09-23 09:35:00,66.67,7400,66.67,D
sz002409,雅克科技,2025-09-23 09:35:03,66.69,7000,66.67,E
sz002409,雅克科技,2025-09-23 09:35:06,66.67,13064,66.69,D
sz002409,雅克科技,2025-09-23 09:35:09,66.7,23900,66.67,U
sz002409,雅克科技,2025-09-23 09:35:12,66.69,31500,66.7,E
sz002409,雅克科技,2025-09-23 09:35:15,66.67,5100,66.69,D
sz002409,雅克科技,2025-09-23 09:35:18,66.68,19600,66.67,U
sz002409,雅克科技,2025-09-23 09:35:21,66.67,4900,66.68,D
sz002409,雅克科技,2025-09-23 09:35:24,66.68,4100,66.67,E
sz002409,雅克科技,2025-09-23 09:35:27,66.68,5700,66.68,D
sz002409,雅克科技,2025-09-23 09:35:33,66.68,17400,66.7,D
sz002409,雅克科技,2025-09-23 09:35:39,66.69,4400,66.7,D
sz002409,雅克科技,2025-09-23 09:35:42,66.68,6400,66.69,D
sz002409,雅克科技,2025-09-23 09:35:48,66.69,3500,66.7,E
sz002409,雅克科技,2025-09-23 09:35:51,66.79,25900,66.69,U
sz002409,雅克科技,2025-09-23 09:35:54,66.88,43500,66.79,U
sz002409,雅克科技,2025-09-23 09:35:57,66.9,5000,66.88,U
sz002409,雅克科技,2025-09-23 09:36:00,66.96,23200,66.9,U
sz002409,雅克科技,2025-09-23 09:36:03,66.91,18600,66.96,D
sz002409,雅克科技,2025-09-23 09:36:09,66.91,8400,66.91,U
sz002409,雅克科技,2025-09-23 09:36:12,66.91,3400,66.91,U
sz002409,雅克科技,2025-09-23 09:36:15,66.9,18100,66.91,D
sz002409,雅克科技,2025-09-23 09:36:18,66.87,5500,66.9,D
sz002409,雅克科技,2025-09-23 09:36:21,66.83,4700,66.87,D
sz002409,雅克科技,2025-09-23 09:36:24,66.83,15000,66.83,U
sz002409,雅克科技,2025-09-23 09:36:27,66.87,15500,66.83,U
sz002409,雅克科技,2025-09-23 09:36:30,66.87,4200,66.87,D
sz002409,雅克科技,2025-09-23 09:36:39,66.78,3000,66.8,D
sz002409,雅克科技,2025-09-23 09:36:42,66.78,8200,66.78,D
sz002409,雅克科技,2025-09-23 09:36:45,66.78,3400,66.78,D
sz002409,雅克科技,2025-09-23 09:36:48,66.77,4500,66.78,D
sz002409,雅克科技,2025-09-23 09:36:51,66.78,13200,66.77,U
sz002409,雅克科技,2025-09-23 09:36:57,66.8,8700,66.82,D
sz002409,雅克科技,2025-09-23 09:37:00,66.8,5600,66.8,E
sz002409,雅克科技,2025-09-23 09:37:03,66.78,3900,66.8,D
sz002409,雅克科技,2025-09-23 09:37:09,66.75,4200,66.77,D
sz002409,雅克科技,2025-09-23 09:37:18,66.7,7500,66.75,D
sz002409,雅克科技,2025-09-23 09:37:21,66.64,64936,66.7,D
sz002409,雅克科技,2025-09-23 09:37:24,66.67,4200,66.64,U
sz002409,雅克科技,2025-09-23 09:37:27,66.6,4800,66.67,D
sz002409,雅克科技,2025-09-23 09:37:30,66.68,5200,66.6,U
sz002409,雅克科技,2025-09-23 09:37:33,66.6,7900,66.68,D
sz002409,雅克科技,2025-09-23 09:37:36,66.65,5800,66.6,D
sz002409,雅克科技,2025-09-23 09:37:39,66.65,9600,66.65,U
sz002409,雅克科技,2025-09-23 09:37:42,66.64,4100,66.65,U
sz002409,雅克科技,2025-09-23 09:37:45,66.65,9400,66.64,E
sz002409,雅克科技,2025-09-23 09:37:48,66.7,26300,66.65,U
sz002409,雅克科技,2025-09-23 09:37:51,66.71,38300,66.7,E
sz002409,雅克科技,2025-09-23 09:37:54,66.7,8000,66.71,D
sz002409,雅克科技,2025-09-23 09:37:57,66.73,3800,66.7,U
sz002409,雅克科技,2025-09-23 09:38:00,66.73,11700,66.73,D
sz002409,雅克科技,2025-09-23 09:38:03,66.78,21000,66.73,U
sz002409,雅克科技,2025-09-23 09:38:06,66.79,4900,66.78,U
sz002409,雅克科技,2025-09-23 09:38:09,66.77,4300,66.79,E
sz002409,雅克科技,2025-09-23 09:38:12,66.84,8000,66.77,U
sz002409,雅克科技,2025-09-23 09:38:15,66.82,12000,66.84,D
sz002409,雅克科技,2025-09-23 09:38:18,66.84,3900,66.82,E
sz002409,雅克科技,2025-09-23 09:38:21,66.89,11700,66.84,U
sz002409,雅克科技,2025-09-23 09:38:24,66.89,6500,66.89,D
sz002409,雅克科技,2025-09-23 09:38:33,66.88,14800,66.89,D
sz002409,雅克科技,2025-09-23 09:38:36,66.89,4900,66.88,D
sz002409,雅克科技,2025-09-23 09:38:39,66.85,3500,66.89,D
sz002409,雅克科技,2025-09-23 09:38:42,66.89,10500,66.85,U
sz002409,雅克科技,2025-09-23 09:38:45,66.85,11000,66.89,D
sz002409,雅克科技,2025-09-23 09:38:51,66.85,3200,66.85,U
sz002409,雅克科技,2025-09-23 09:38:54,66.83,4200,66.85,E
sz002409,雅克科技,2025-09-23 09:39:00,66.85,7600,66.87,D
sz002409,雅克科技,2025-09-23 09:39:03,66.81,3700,66.85,D
sz002409,雅克科技,2025-09-23 09:39:09,66.81,10500,66.8,U
sz002409,雅克科技,2025-09-23 09:39:12,66.65,10400,66.81,D
sz002409,雅克科技,2025-09-23 09:39:24,66.6,10600,66.65,D
sz002409,雅克科技,2025-09-23 09:39:30,66.55,3800,66.55,D
sz002409,雅克科技,2025-09-23 09:39:33,66.52,3500,66.55,D
sz002409,雅克科技,2025-09-23 09:39:39,66.5,19500,66.51,D
sz002409,雅克科技,2025-09-23 09:39:48,66.38,8800,66.41,D
sz002409,雅克科技,2025-09-23 09:39:51,66.47,12300,66.38,U
sz002409,雅克科技,2025-09-23 09:39:54,66.3,12300,66.47,D
sz002409,雅克科技,2025-09-23 09:40:00,66.32,11800,66.4,E
sz002409,雅克科技,2025-09-23 09:40:03,66.3,4700,66.32,D
sz002409,雅克科技,2025-09-23 09:40:06,66.3,12800,66.3,D
sz002409,雅克科技,2025-09-23 09:40:09,66.3,10200,66.3,U
sz002409,雅克科技,2025-09-23 09:40:12,66.29,5800,66.3,D
sz002409,雅克科技,2025-09-23 09:40:15,66.28,10000,66.29,D
sz002409,雅克科技,2025-09-23 09:40:18,66.4,47000,66.28,U
sz002409,雅克科技,2025-09-23 09:40:21,66.4,5100,66.4,U
sz002409,雅克科技,2025-09-23 09:40:24,66.47,14400,66.4,U
sz002409,雅克科技,2025-09-23 09:40:27,66.43,10000,66.47,D
sz002409,雅克科技,2025-09-23 09:40:30,66.42,5400,66.43,D
sz002409,雅克科技,2025-09-23 09:40:42,66.42,9800,66.38,U
sz002409,雅克科技,2025-09-23 09:40:45,66.42,10100,66.42,D
sz002409,雅克科技,2025-09-23 09:40:48,66.43,14700,66.42,U
sz002409,雅克科技,2025-09-23 09:40:51,66.5,15700,66.43,U
sz002409,雅克科技,2025-09-23 09:40:54,66.5,13800,66.5,D
sz002409,雅克科技,2025-09-23 09:40:57,66.53,14700,66.5,E
sz002409,雅克科技,2025-09-23 09:41:00,66.56,15800,66.53,U
sz002409,雅克科技,2025-09-23 09:41:03,66.55,6400,66.56,D
sz002409,雅克科技,2025-09-23 09:41:06,66.56,6300,66.55,E
sz002409,雅克科技,2025-09-23 09:41:09,66.6,4400,66.56,U
sz002409,雅克科技,2025-09-23 09:41:12,66.56,8500,66.6,D
sz002409,雅克科技,2025-09-23 09:41:18,66.55,28400,66.63,D
sz002409,雅克科技,2025-09-23 09:41:21,66.55,6300,66.55,U
sz002409,雅克科技,2025-09-23 09:41:24,66.56,3400,66.55,U
sz002409,雅克科技,2025-09-23 09:41:27,66.55,4300,66.56,D
sz002409,雅克科技,2025-09-23 09:41:30,66.55,4100,66.55,U
sz002409,雅克科技,2025-09-23 09:41:33,66.54,4100,66.55,E
sz002409,雅克科技,2025-09-23 09:41:39,66.5,3400,66.51,D
sz002409,雅克科技,2025-09-23 09:41:42,66.49,5200,66.5,D
sz002409,雅克科技,2025-09-23 09:41:45,66.49,4500,66.49,U
sz002409,雅克科技,2025-09-23 09:41:51,66.44,5800,66.47,D
sz002409,雅克科技,2025-09-23 09:41:54,66.47,3200,66.44,U
sz002409,雅克科技,2025-09-23 09:42:00,66.52,47900,66.43,U
sz002409,雅克科技,2025-09-23 09:42:03,66.47,14100,66.52,D
sz002409,雅克科技,2025-09-23 09:42:06,66.55,5800,66.47,U
sz002409,雅克科技,2025-09-23 09:42:09,66.56,6000,66.55,U
sz002409,雅克科技,2025-09-23 09:42:12,66.46,10700,66.56,D
sz002409,雅克科技,2025-09-23 09:42:15,66.6,4300,66.46,U
sz002409,雅克科技,2025-09-23 09:42:27,66.53,7800,66.59,D
sz002409,雅克科技,2025-09-23 09:42:33,66.49,3400,66.55,D
sz002409,雅克科技,2025-09-23 09:42:39,66.5,19500,66.5,U
sz002409,雅克科技,2025-09-23 09:42:42,66.62,5900,66.5,U
sz002409,雅克科技,2025-09-23 09:42:45,66.58,31200,66.62,E
sz002409,雅克科技,2025-09-23 09:42:48,66.59,10800,66.58,U
sz002409,雅克科技,2025-09-23 09:42:51,66.51,5500,66.59,D
sz002409,雅克科技,2025-09-23 09:42:54,66.5,5700,66.51,D
sz002409,雅克科技,2025-09-23 09:43:00,66.59,9600,66.53,U
sz002409,雅克科技,2025-09-23 09:43:03,66.51,38000,66.59,D
sz002409,雅克科技,2025-09-23 09:43:06,66.52,7300,66.51,E
sz002409,雅克科技,2025-09-23 09:43:09,66.57,12700,66.52,U
sz002409,雅克科技,2025-09-23 09:43:12,66.55,15400,66.57,D
sz002409,雅克科技,2025-09-23 09:43:15,66.63,7400,66.55,U
sz002409,雅克科技,2025-09-23 09:43:18,66.62,3900,66.63,E
sz002409,雅克科技,2025-09-23 09:43:21,66.52,5900,66.62,D
sz002409,雅克科技,2025-09-23 09:43:27,66.52,11200,66.53,D
sz002409,雅克科技,2025-09-23 09:43:30,66.51,7600,66.52,D
sz002409,雅克科技,2025-09-23 09:43:36,66.55,4500,66.56,D
sz002409,雅克科技,2025-09-23 09:43:39,66.56,11500,66.55,E
sz002409,雅克科技,2025-09-23 09:43:45,66.64,3600,66.56,U
sz002409,雅克科技,2025-09-23 09:43:48,66.66,11900,66.64,U
sz002409,雅克科技,2025-09-23 09:43:51,66.69,3300,66.66,U
sz002409,雅克科技,2025-09-23 09:43:54,66.66,20500,66.69,D
sz002409,雅克科技,2025-09-23 09:43:57,66.63,8800,66.66,D
sz002409,雅克科技,2025-09-23 09:44:00,66.62,3100,66.63,D
sz002409,雅克科技,2025-09-23 09:44:03,66.5,12500,66.62,D
sz002409,雅克科技,2025-09-23 09:44:15,66.33,8500,66.47,D
sz002409,雅克科技,2025-09-23 09:44:18,66.34,10500,66.33,E
sz002409,雅克科技,2025-09-23 09:44:21,66.27,39900,66.34,D
sz002409,雅克科技,2025-09-23 09:44:24,66.2,6100,66.27,D
sz002409,雅克科技,2025-09-23 09:44:27,66.2,6800,66.2,D
sz002409,雅克科技,2025-09-23 09:44:30,66.19,21000,66.2,D
sz002409,雅克科技,2025-09-23 09:44:33,66.26,5100,66.19,U
sz002409,雅克科技,2025-09-23 09:44:36,66.2,3500,66.26,E
sz002409,雅克科技,2025-09-23 09:44:39,66.21,17200,66.2,E
sz002409,雅克科技,2025-09-23 09:44:42,66.3,13900,66.21,U
sz002409,雅克科技,2025-09-23 09:44:45,66.21,11700,66.3,D
sz002409,雅克科技,2025-09-23 09:44:48,66.21,5900,66.21,U
sz002409,雅克科技,2025-09-23 09:44:51,66.24,19400,66.21,U
sz002409,雅克科技,2025-09-23 09:44:54,66.32,7100,66.24,U
sz002409,雅克科技,2025-09-23 09:44:57,66.33,6000,66.32,E
sz002409,雅克科技,2025-09-23 09:45:00,66.33,13600,66.33,D
sz002409,雅克科技,2025-09-23 09:45:03,66.26,39900,66.33,D
sz002409,雅克科技,2025-09-23 09:45:06,66.32,4900,66.26,U
sz002409,雅克科技,2025-09-23 09:45:09,66.33,12700,66.32,U
sz002409,雅克科技,2025-09-23 09:45:12,66.29,11300,66.33,E
sz002409,雅克科技,2025-09-23 09:45:15,66.32,3700,66.29,U
sz002409,雅克科技,2025-09-23 09:45:18,66.3,8100,66.32,D
sz002409,雅克科技,2025-09-23 09:45:21,66.22,4300,66.3,D
sz002409,雅克科技,2025-09-23 09:45:27,66.23,6100,66.3,D
sz002409,雅克科技,2025-09-23 09:45:30,66.25,4000,66.23,E
sz002409,雅克科技,2025-09-23 09:45:33,66.33,35700,66.25,U
sz002409,雅克科技,2025-09-23 09:45:36,66.41,7500,66.33,U
sz002409,雅克科技,2025-09-23 09:45:45,66.32,12600,66.43,D
sz002409,雅克科技,2025-09-23 09:45:48,66.41,6000,66.32,U
sz002409,雅克科技,2025-09-23 09:45:51,66.32,6100,66.41,E
sz002409,雅克科技,2025-09-23 09:45:57,66.35,12100,66.4,D
sz002409,雅克科技,2025-09-23 09:46:00,66.3,4900,66.35,D
sz002409,雅克科技,2025-09-23 09:46:03,66.35,3700,66.3,U
sz002409,雅克科技,2025-09-23 09:46:12,66.3,3800,66.32,D
sz002409,雅克科技,2025-09-23 09:46:15,66.34,7300,66.3,U
sz002409,雅克科技,2025-09-23 09:46:18,66.3,8500,66.34,D
sz002409,雅克科技,2025-09-23 09:46:21,66.37,11500,66.3,U
sz002409,雅克科技,2025-09-23 09:46:24,66.35,8000,66.37,E
sz002409,雅克科技,2025-09-23 09:46:27,66.37,12200,66.35,E
sz002409,雅克科技,2025-09-23 09:46:30,66.4,18200,66.37,E
sz002409,雅克科技,2025-09-23 09:46:33,66.45,10800,66.4,U
sz002409,雅克科技,2025-09-23 09:46:36,66.46,5500,66.45,U
sz002409,雅克科技,2025-09-23 09:46:39,66.48,3600,66.46,U
sz002409,雅克科技,2025-09-23 09:46:45,66.45,6100,66.47,D
sz002409,雅克科技,2025-09-23 09:46:48,66.47,3800,66.45,U
sz002409,雅克科技,2025-09-23 09:46:51,66.48,3300,66.47,U
sz002409,雅克科技,2025-09-23 09:46:54,66.49,9700,66.48,E
sz002409,雅克科技,2025-09-23 09:46:57,66.56,11200,66.49,U
sz002409,雅克科技,2025-09-23 09:47:00,66.6,3300,66.56,U
sz002409,雅克科技,2025-09-23 09:47:03,66.63,6800,66.6,U
sz002409,雅克科技,2025-09-23 09:47:06,66.64,8000,66.63,E
sz002409,雅克科技,2025-09-23 09:47:12,66.66,4100,66.64,U
sz002409,雅克科技,2025-09-23 09:47:21,66.58,10000,66.61,D
sz002409,雅克科技,2025-09-23 09:47:24,66.58,4800,66.58,U
sz002409,雅克科技,2025-09-23 09:47:27,66.5,3700,66.58,D
sz002409,雅克科技,2025-09-23 09:47:30,66.5,22500,66.5,U
sz002409,雅克科技,2025-09-23 09:47:33,66.4,6600,66.5,E
sz002409,雅克科技,2025-09-23 09:47:36,66.48,3100,66.4,U
sz002409,雅克科技,2025-09-23 09:47:42,66.48,8800,66.48,U
sz002409,雅克科技,2025-09-23 09:47:48,66.39,6400,66.48,D
sz002409,雅克科技,2025-09-23 09:47:51,66.34,4600,66.39,D
sz002409,雅克科技,2025-09-23 09:48:03,66.38,6100,66.38,D
sz002409,雅克科技,2025-09-23 09:48:06,66.39,15200,66.38,U
sz002409,雅克科技,2025-09-23 09:48:09,66.39,4400,66.39,U
sz002409,雅克科技,2025-09-23 09:48:12,66.33,4700,66.39,D
sz002409,雅克科技,2025-09-23 09:48:18,66.32,5400,66.37,D
sz002409,雅克科技,2025-09-23 09:48:21,66.28,10500,66.32,D
sz002409,雅克科技,2025-09-23 09:48:24,66.3,8600,66.28,U
sz002409,雅克科技,2025-09-23 09:48:27,66.31,3500,66.3,U
sz002409,雅克科技,2025-09-23 09:48:33,66.31,6300,66.28,U
sz002409,雅克科技,2025-09-23 09:48:36,66.28,5000,66.31,D
sz002409,雅克科技,2025-09-23 09:48:39,66.3,13700,66.28,E
sz002409,雅克科技,2025-09-23 09:48:42,66.27,7900,66.3,D
sz002409,雅克科技,2025-09-23 09:48:51,66.32,7800,66.39,D
sz002409,雅克科技,2025-09-23 09:48:57,66.38,5900,66.39,D
sz002409,雅克科技,2025-09-23 09:49:00,66.37,15000,66.38,D
sz002409,雅克科技,2025-09-23 09:49:03,66.39,8500,66.37,U
sz002409,雅克科技,2025-09-23 09:49:06,66.4,31000,66.39,U
sz002409,雅克科技,2025-09-23 09:49:09,66.46,14300,66.4,U
sz002409,雅克科技,2025-09-23 09:49:12,66.47,9400,66.46,U
sz002409,雅克科技,2025-09-23 09:49:15,66.48,7000,66.47,U
sz002409,雅克科技,2025-09-23 09:49:27,66.44,11300,66.48,D
sz002409,雅克科技,2025-09-23 09:49:30,66.43,3200,66.44,U
sz002409,雅克科技,2025-09-23 09:49:36,66.4,3600,66.39,E
sz002409,雅克科技,2025-09-23 09:49:39,66.47,3800,66.4,U
sz002409,雅克科技,2025-09-23 09:49:42,66.55,14800,66.47,U
sz002409,雅克科技,2025-09-23 09:49:45,66.6,9100,66.55,U
sz002409,雅克科技,2025-09-23 09:49:48,66.62,19500,66.6,U
sz002409,雅克科技,2025-09-23 09:49:51,66.66,14300,66.62,U
sz002409,雅克科技,2025-09-23 09:49:54,66.67,7800,66.66,U
sz002409,雅克科技,2025-09-23 09:49:57,66.67,6600,66.67,D
sz002409,雅克科技,2025-09-23 09:50:00,66.7,10600,66.67,E
sz002409,雅克科技,2025-09-23 09:50:03,66.7,15700,66.7,E
sz002409,雅克科技,2025-09-23 09:50:06,66.71,11200,66.7,U
sz002409,雅克科技,2025-09-23 09:50:09,66.73,6000,66.71,U
sz002409,雅克科技,2025-09-23 09:50:15,66.81,8500,66.76,U
sz002409,雅克科技,2025-09-23 09:50:18,66.88,16600,66.81,U
sz002409,雅克科技,2025-09-23 09:50:21,66.89,11600,66.88,U
sz002409,雅克科技,2025-09-23 09:50:24,66.88,11100,66.89,E
sz002409,雅克科技,2025-09-23 09:50:27,66.88,7300,66.88,U
sz002409,雅克科技,2025-09-23 09:50:30,66.8,5700,66.88,E
sz002409,雅克科技,2025-09-23 09:50:36,66.72,12200,66.73,D
sz002409,雅克科技,2025-09-23 09:50:39,66.72,38600,66.72,D
sz002409,雅克科技,2025-09-23 09:50:42,66.73,15100,66.72,U
sz002409,雅克科技,2025-09-23 09:50:45,66.64,4600,66.73,D
sz002409,雅克科技,2025-09-23 09:50:54,66.6,5500,66.61,D
sz002409,雅克科技,2025-09-23 09:51:03,66.6,7300,66.61,D
sz002409,雅克科技,2025-09-23 09:51:15,66.47,15100,66.5,D
sz002409,雅克科技,2025-09-23 09:51:18,66.47,5400,66.47,U
sz002409,雅克科技,2025-09-23 09:51:27,66.38,20900,66.38,U
sz002409,雅克科技,2025-09-23 09:51:30,66.4,6600,66.38,E
sz002409,雅克科技,2025-09-23 09:51:36,66.4,7300,66.4,D
sz002409,雅克科技,2025-09-23 09:51:39,66.41,5000,66.4,U
sz002409,雅克科技,2025-09-23 09:51:42,66.41,7100,66.41,D
sz002409,雅克科技,2025-09-23 09:51:54,66.37,16100,66.42,D
sz002409,雅克科技,2025-09-23 09:52:00,66.28,5300,66.32,D
sz002409,雅克科技,2025-09-23 09:52:03,66.19,35500,66.28,D
sz002409,雅克科技,2025-09-23 09:52:06,66.18,4600,66.19,E
sz002409,雅克科技,2025-09-23 09:52:12,66.11,18900,66.15,D
sz002409,雅克科技,2025-09-23 09:52:15,66.07,5300,66.11,D
sz002409,雅克科技,2025-09-23 09:52:21,66.15,11200,66.07,U
sz002409,雅克科技,2025-09-23 09:52:24,66.18,7400,66.15,U
sz002409,雅克科技,2025-09-23 09:52:36,66.12,5200,66.18,D
sz002409,雅克科技,2025-09-23 09:52:42,66.21,4500,66.18,U
sz002409,雅克科技,2025-09-23 09:52:51,66.2,5400,66.22,D
sz002409,雅克科技,2025-09-23 09:52:54,66.15,19600,66.2,D
sz002409,雅克科技,2025-09-23 09:53:00,66.15,5800,66.15,U
sz002409,雅克科技,2025-09-23 09:53:06,66.25,38700,66.15,U
sz002409,雅克科技,2025-09-23 09:53:09,66.28,6600,66.25,U
sz002409,雅克科技,2025-09-23 09:53:12,66.25,11800,66.28,D
sz002409,雅克科技,2025-09-23 09:53:30,66.25,3200,66.25,D
sz002409,雅克科技,2025-09-23 09:53:36,66.21,11400,66.21,D
sz002409,雅克科技,2025-09-23 09:53:39,66.25,16900,66.21,U
sz002409,雅克科技,2025-09-23 09:53:51,66.29,5900,66.28,U
sz002409,雅克科技,2025-09-23 09:54:03,66.36,7300,66.36,D
sz002409,雅克科技,2025-09-23 09:54:12,66.3,8200,66.3,U
sz002409,雅克科技,2025-09-23 09:54:15,66.28,5300,66.3,E
sz002409,雅克科技,2025-09-23 09:54:18,66.39,5200,66.28,U
sz002409,雅克科技,2025-09-23 09:54:33,66.44,8500,66.4,U
sz002409,雅克科技,2025-09-23 09:54:36,66.44,3200,66.44,D
sz002409,雅克科技,2025-09-23 09:54:39,66.36,5000,66.44,D
sz002409,雅克科技,2025-09-23 09:54:48,66.35,4000,66.4,D
sz002409,雅克科技,2025-09-23 09:55:03,66.3,4200,66.3,D
sz002409,雅克科技,2025-09-23 09:55:15,66.29,15200,66.26,U
sz002409,雅克科技,2025-09-23 09:55:18,66.32,19700,66.29,U
sz002409,雅克科技,2025-09-23 09:55:21,66.27,11400,66.32,D
sz002409,雅克科技,2025-09-23 09:55:24,66.28,12400,66.27,E
sz002409,雅克科技,2025-09-23 09:55:30,66.3,3500,66.3,D
sz002409,雅克科技,2025-09-23 09:55:33,66.3,15300,66.3,D
sz002409,雅克科技,2025-09-23 09:55:36,66.32,5000,66.3,D
sz002409,雅克科技,2025-09-23 09:55:39,66.4,4800,66.32,U
sz002409,雅克科技,2025-09-23 09:55:51,66.34,4400,66.41,D
sz002409,雅克科技,2025-09-23 09:55:54,66.35,7200,66.34,E
sz002409,雅克科技,2025-09-23 09:56:00,66.39,11000,66.41,E
sz002409,雅克科技,2025-09-23 09:56:03,66.35,5200,66.39,D
sz002409,雅克科技,2025-09-23 09:56:06,66.4,9000,66.35,U
sz002409,雅克科技,2025-09-23 09:56:09,66.36,12200,66.4,U
sz002409,雅克科技,2025-09-23 09:56:12,66.41,3900,66.36,U
sz002409,雅克科技,2025-09-23 09:56:21,66.37,3800,66.41,D
sz002409,雅克科技,2025-09-23 09:56:24,66.4,6300,66.37,E
sz002409,雅克科技,2025-09-23 09:56:27,66.37,4100,66.4,D
sz002409,雅克科技,2025-09-23 09:56:33,66.36,4600,66.37,D
sz002409,雅克科技,2025-09-23 09:56:36,66.36,3300,66.36,U
sz002409,雅克科技,2025-09-23 09:56:51,66.25,11500,66.27,D
sz002409,雅克科技,2025-09-23 09:56:57,66.22,4900,66.2,E
sz002409,雅克科技,2025-09-23 09:57:00,66.2,3300,66.22,D
sz002409,雅克科技,2025-09-23 09:57:03,66.25,5700,66.2,D
sz002409,雅克科技,2025-09-23 09:57:06,66.23,13700,66.25,E
sz002409,雅克科技,2025-09-23 09:57:09,66.25,15800,66.23,E
sz002409,雅克科技,2025-09-23 09:57:12,66.29,5000,66.25,D
sz002409,雅克科技,2025-09-23 09:57:15,66.22,17400,66.29,D
sz002409,雅克科技,2025-09-23 09:57:18,66.26,6000,66.22,E
sz002409,雅克科技,2025-09-23 09:57:21,66.25,8200,66.26,D
sz002409,雅克科技,2025-09-23 09:57:24,66.2,9800,66.25,D
sz002409,雅克科技,2025-09-23 09:57:27,66.23,7600,66.2,U
sz002409,雅克科技,2025-09-23 09:57:30,66.2,4400,66.23,D
sz002409,雅克科技,2025-09-23 09:57:48,66.19,6300,66.19,U
sz002409,雅克科技,2025-09-23 09:57:51,66.2,9000,66.19,U
sz002409,雅克科技,2025-09-23 09:57:54,66.19,3500,66.2,D
sz002409,雅克科技,2025-09-23 09:57:57,66.14,3200,66.19,D
sz002409,雅克科技,2025-09-23 09:58:03,66.18,4800,66.13,U
sz002409,雅克科技,2025-09-23 09:58:06,66.1,11800,66.18,D
sz002409,雅克科技,2025-09-23 09:58:09,66.18,5200,66.1,U
sz002409,雅克科技,2025-09-23 09:58:21,66.13,4200,66.13,D
sz002409,雅克科技,2025-09-23 09:58:24,66.11,5500,66.13,D
sz002409,雅克科技,2025-09-23 09:58:27,66.11,10000,66.11,U
sz002409,雅克科技,2025-09-23 09:58:30,66.11,5600,66.11,D
sz002409,雅克科技,2025-09-23 09:58:36,66.09,7800,66.11,D
sz002409,雅克科技,2025-09-23 09:58:39,66.1,3500,66.09,D
sz002409,雅克科技,2025-09-23 09:58:45,66.09,6100,66.1,D
sz002409,雅克科技,2025-09-23 09:58:48,66.06,5100,66.09,D
sz002409,雅克科技,2025-09-23 09:58:51,66.06,9000,66.06,U
sz002409,雅克科技,2025-09-23 09:58:57,66.04,25000,66.05,U
sz002409,雅克科技,2025-09-23 09:59:00,66.03,7200,66.04,D
sz002409,雅克科技,2025-09-23 09:59:03,66.03,20200,66.03,D
sz002409,雅克科技,2025-09-23 09:59:06,66.08,13700,66.03,U
sz002409,雅克科技,2025-09-23 09:59:09,66.06,18100,66.08,D
sz002409,雅克科技,2025-09-23 09:59:12,66.03,5800,66.06,D
sz002409,雅克科技,2025-09-23 09:59:15,66.06,6500,66.03,U
sz002409,雅克科技,2025-09-23 09:59:18,66.03,17200,66.06,E
sz002409,雅克科技,2025-09-23 09:59:27,66.03,6900,66.04,D
sz002409,雅克科技,2025-09-23 09:59:30,66.02,6500,66.03,D
sz002409,雅克科技,2025-09-23 09:59:33,66.01,8100,66.02,D
sz002409,雅克科技,2025-09-23 09:59:36,66.0,20200,66.01,D
sz002409,雅克科技,2025-09-23 09:59:39,66.0,54800,66.0,D
sz002409,雅克科技,2025-09-23 09:59:42,65.95,55500,66.0,D
sz002409,雅克科技,2025-09-23 09:59:45,65.95,5000,65.95,D
sz002409,雅克科技,2025-09-23 09:59:48,65.93,8300,65.95,D
sz002409,雅克科技,2025-09-23 09:59:51,65.9,7400,65.93,D
sz002409,雅克科技,2025-09-23 09:59:54,65.89,14400,65.9,D
sz002409,雅克科技,2025-09-23 10:00:00,65.89,31000,65.88,U
sz002409,雅克科技,2025-09-23 10:00:03,65.91,8800,65.89,U
sz002409,雅克科技,2025-09-23 10:00:06,65.89,24583,65.91,D
sz002409,雅克科技,2025-09-23 10:00:09,65.9,34100,65.89,E
sz002409,雅克科技,2025-09-23 10:00:15,65.97,9500,65.92,U
sz002409,雅克科技,2025-09-23 10:00:18,66.0,13300,65.97,U
sz002409,雅克科技,2025-09-23 10:00:21,65.97,12500,66.0,D
sz002409,雅克科技,2025-09-23 10:00:24,65.97,10300,65.97,D
sz002409,雅克科技,2025-09-23 10:00:27,66.01,4100,65.97,U
sz002409,雅克科技,2025-09-23 10:00:30,66.01,9100,66.01,U
sz002409,雅克科技,2025-09-23 10:00:33,66.01,8100,66.01,D
sz002409,雅克科技,2025-09-23 10:00:36,66.0,4500,66.01,D
sz002409,雅克科技,2025-09-23 10:00:39,65.99,6000,66.0,D
sz002409,雅克科技,2025-09-23 10:00:42,65.97,5100,65.99,D
sz002409,雅克科技,2025-09-23 10:00:45,65.93,5400,65.97,D
sz002409,雅克科技,2025-09-23 10:00:48,65.93,3600,65.93,D
sz002409,雅克科技,2025-09-23 10:00:51,65.92,4300,65.93,D
sz002409,雅克科技,2025-09-23 10:00:54,65.92,3700,65.92,U
sz002409,雅克科技,2025-09-23 10:00:57,65.91,7100,65.92,D
sz002409,雅克科技,2025-09-23 10:01:00,65.93,13200,65.91,U
sz002409,雅克科技,2025-09-23 10:01:03,65.91,8700,65.93,D
sz002409,雅克科技,2025-09-23 10:01:09,65.9,6200,65.9,D
sz002409,雅克科技,2025-09-23 10:01:15,65.87,9600,65.9,D
sz002409,雅克科技,2025-09-23 10:01:18,65.87,10800,65.87,E
sz002409,雅克科技,2025-09-23 10:01:24,65.85,11900,65.86,E
sz002409,雅克科技,2025-09-23 10:01:27,65.83,8900,65.85,U
sz002409,雅克科技,2025-09-23 10:01:30,65.81,6200,65.83,E
sz002409,雅克科技,2025-09-23 10:01:33,65.8,4900,65.81,D
sz002409,雅克科技,2025-09-23 10:01:36,65.81,15400,65.8,E
sz002409,雅克科技,2025-09-23 10:01:39,65.81,22600,65.81,D
sz002409,雅克科技,2025-09-23 10:01:42,65.81,8800,65.81,D
sz002409,雅克科技,2025-09-23 10:01:45,65.81,10600,65.81,U
sz002409,雅克科技,2025-09-23 10:01:48,65.81,63700,65.81,U
sz002409,雅克科技,2025-09-23 10:01:51,65.8,29100,65.81,D
sz002409,雅克科技,2025-09-23 10:01:54,65.82,9000,65.8,E
sz002409,雅克科技,2025-09-23 10:01:57,65.8,13100,65.82,D
sz002409,雅克科技,2025-09-23 10:02:00,65.82,3100,65.8,D
sz002409,雅克科技,2025-09-23 10:02:03,65.85,7000,65.82,U
sz002409,雅克科技,2025-09-23 10:02:06,65.82,7400,65.85,D
sz002409,雅克科技,2025-09-23 10:02:09,65.81,7900,65.82,D
sz002409,雅克科技,2025-09-23 10:02:12,65.81,7800,65.81,D
sz002409,雅克科技,2025-09-23 10:02:15,65.82,4100,65.81,D
sz002409,雅克科技,2025-09-23 10:02:18,65.81,4000,65.82,D
sz002409,雅克科技,2025-09-23 10:02:27,65.8,7300,65.81,D
sz002409,雅克科技,2025-09-23 10:02:30,65.79,3400,65.8,D
sz002409,雅克科技,2025-09-23 10:02:33,65.77,4600,65.79,D
sz002409,雅克科技,2025-09-23 10:02:36,65.77,3800,65.77,E
sz002409,雅克科技,2025-09-23 10:02:39,65.76,26300,65.77,D
sz002409,雅克科技,2025-09-23 10:02:42,65.88,59700,65.76,U
sz002409,雅克科技,2025-09-23 10:02:45,65.88,21500,65.88,D
sz002409,雅克科技,2025-09-23 10:02:48,65.82,30300,65.88,D
sz002409,雅克科技,2025-09-23 10:02:51,65.87,14200,65.82,E
sz002409,雅克科技,2025-09-23 10:03:00,65.87,4200,65.87,U
sz002409,雅克科技,2025-09-23 10:03:03,65.87,16800,65.87,D
sz002409,雅克科技,2025-09-23 10:03:06,65.87,5500,65.87,D
sz002409,雅克科技,2025-09-23 10:03:09,65.89,7900,65.87,E
sz002409,雅克科技,2025-09-23 10:03:12,66.0,9700,65.89,U
sz002409,雅克科技,2025-09-23 10:03:15,65.94,7400,66.0,E
sz002409,雅克科技,2025-09-23 10:03:18,66.0,4200,65.94,U
sz002409,雅克科技,2025-09-23 10:03:21,65.93,10100,66.0,D
sz002409,雅克科技,2025-09-23 10:03:24,66.0,3600,65.93,U
sz002409,雅克科技,2025-09-23 10:03:30,66.0,6700,66.0,U
sz002409,雅克科技,2025-09-23 10:03:36,65.96,6700,65.93,U
sz002409,雅克科技,2025-09-23 10:03:39,65.91,6300,65.96,D
sz002409,雅克科技,2025-09-23 10:03:48,65.93,16400,65.87,U
sz002409,雅克科技,2025-09-23 10:03:51,66.0,7100,65.93,U
sz002409,雅克科技,2025-09-23 10:03:54,66.05,26100,66.0,U
sz002409,雅克科技,2025-09-23 10:03:57,66.06,23300,66.05,U
sz002409,雅克科技,2025-09-23 10:04:12,66.04,3800,66.03,U
sz002409,雅克科技,2025-09-23 10:04:15,65.96,4600,66.04,D
sz002409,雅克科技,2025-09-23 10:04:21,66.02,12300,65.99,U
sz002409,雅克科技,2025-09-23 10:04:27,65.93,3100,65.93,U
sz002409,雅克科技,2025-09-23 10:04:30,65.96,7600,65.93,U
sz002409,雅克科技,2025-09-23 10:04:36,65.94,3100,65.9,E
sz002409,雅克科技,2025-09-23 10:04:48,66.0,13400,65.94,U
sz002409,雅克科技,2025-09-23 10:04:51,66.0,5450,66.0,D
sz002409,雅克科技,2025-09-23 10:04:54,65.93,10200,66.0,D
sz002409,雅克科技,2025-09-23 10:05:00,65.92,5800,65.93,D
sz002409,雅克科技,2025-09-23 10:05:03,65.92,4500,65.92,D
sz002409,雅克科技,2025-09-23 10:05:12,65.87,9300,65.91,D
sz002409,雅克科技,2025-09-23 10:05:15,65.83,7500,65.87,D
sz002409,雅克科技,2025-09-23 10:05:27,65.79,12600,65.85,D
sz002409,雅克科技,2025-09-23 10:05:30,65.78,7600,65.79,D
sz002409,雅克科技,2025-09-23 10:05:33,65.78,8100,65.78,U
sz002409,雅克科技,2025-09-23 10:05:42,65.75,16300,65.76,D
sz002409,雅克科技,2025-09-23 10:05:45,65.77,7400,65.75,D
sz002409,雅克科技,2025-09-23 10:05:48,65.9,31100,65.77,U
sz002409,雅克科技,2025-09-23 10:05:51,65.77,4300,65.9,D
sz002409,雅克科技,2025-09-23 10:06:00,65.81,3400,65.8,D
sz002409,雅克科技,2025-09-23 10:06:12,65.87,5100,65.87,D
sz002409,雅克科技,2025-09-23 10:06:15,65.93,10500,65.87,U
sz002409,雅克科技,2025-09-23 10:06:18,65.99,4100,65.93,U
sz002409,雅克科技,2025-09-23 10:06:21,66.02,16300,65.99,U
sz002409,雅克科技,2025-09-23 10:06:24,66.05,3400,66.02,U
sz002409,雅克科技,2025-09-23 10:06:39,66.05,7100,66.01,U
sz002409,雅克科技,2025-09-23 10:06:45,66.03,22600,66.06,E
sz002409,雅克科技,2025-09-23 10:06:51,66.05,5800,66.07,D
sz002409,雅克科技,2025-09-23 10:07:12,66.05,12900,66.07,D
sz002409,雅克科技,2025-09-23 10:07:21,65.98,3600,66.07,D
sz002409,雅克科技,2025-09-23 10:07:24,66.03,7600,65.98,U
sz002409,雅克科技,2025-09-23 10:07:27,65.98,3400,66.03,E
sz002409,雅克科技,2025-09-23 10:07:30,65.98,4200,65.98,U
sz002409,雅克科技,2025-09-23 10:07:39,65.93,4800,65.92,E
sz002409,雅克科技,2025-09-23 10:08:24,65.92,14800,65.9,U
sz002409,雅克科技,2025-09-23 10:08:27,65.93,6901,65.92,U
sz002409,雅克科技,2025-09-23 10:08:36,65.93,5900,65.94,D
sz002409,雅克科技,2025-09-23 10:08:45,65.9,9000,65.92,D
sz002409,雅克科技,2025-09-23 10:08:48,65.84,6000,65.9,D
sz002409,雅克科技,2025-09-23 10:08:57,65.81,3300,65.84,D
sz002409,雅克科技,2025-09-23 10:09:03,65.89,7000,65.81,U
sz002409,雅克科技,2025-09-23 10:09:09,65.81,6200,65.89,D
sz002409,雅克科技,2025-09-23 10:09:21,65.8,14100,65.86,D
sz002409,雅克科技,2025-09-23 10:09:42,65.77,6800,65.78,D
sz002409,雅克科技,2025-09-23 10:09:48,65.74,24400,65.78,D
sz002409,雅克科技,2025-09-23 10:09:54,65.74,3400,65.74,D
sz002409,雅克科技,2025-09-23 10:09:57,65.7,34500,65.74,D
sz002409,雅克科技,2025-09-23 10:10:03,65.67,9600,65.68,D
sz002409,雅克科技,2025-09-23 10:10:12,65.67,3800,65.67,U
sz002409,雅克科技,2025-09-23 10:10:18,65.66,3400,65.66,D
sz002409,雅克科技,2025-09-23 10:10:21,65.66,8900,65.66,U
sz002409,雅克科技,2025-09-23 10:10:24,65.67,26900,65.66,U
sz002409,雅克科技,2025-09-23 10:10:27,65.67,6400,65.67,D
sz002409,雅克科技,2025-09-23 10:10:30,65.67,4100,65.67,D
sz002409,雅克科技,2025-09-23 10:10:36,65.67,7100,65.67,D
sz002409,雅克科技,2025-09-23 10:10:39,65.68,10500,65.67,E
sz002409,雅克科技,2025-09-23 10:10:42,65.67,8800,65.68,E
sz002409,雅克科技,2025-09-23 10:10:51,65.67,3700,65.68,D
sz002409,雅克科技,2025-09-23 10:10:57,65.72,8600,65.67,U
sz002409,雅克科技,2025-09-23 10:11:00,65.77,5200,65.72,U
sz002409,雅克科技,2025-09-23 10:11:06,65.93,18000,65.81,U
sz002409,雅克科技,2025-09-23 10:11:09,65.94,3600,65.93,U
sz002409,雅克科技,2025-09-23 10:11:12,65.9,4500,65.94,D
sz002409,雅克科技,2025-09-23 10:11:42,65.86,4800,65.9,D
sz002409,雅克科技,2025-09-23 10:11:45,65.86,3600,65.86,U
sz002409,雅克科技,2025-09-23 10:11:57,65.85,6500,65.9,D
sz002409,雅克科技,2025-09-23 10:12:00,65.82,4100,65.85,E
sz002409,雅克科技,2025-09-23 10:12:06,65.98,15100,65.9,U
sz002409,雅克科技,2025-09-23 10:12:09,66.0,11500,65.98,U
sz002409,雅克科技,2025-09-23 10:12:12,66.0,11500,66.0,U
sz002409,雅克科技,2025-09-23 10:12:15,65.97,4900,66.0,D
sz002409,雅克科技,2025-09-23 10:12:21,65.95,6100,65.95,D
sz002409,雅克科技,2025-09-23 10:12:24,65.91,3100,65.95,D
sz002409,雅克科技,2025-09-23 10:12:51,65.84,3800,65.88,D
sz002409,雅克科技,2025-09-23 10:13:03,65.82,3300,65.82,D
sz002409,雅克科技,2025-09-23 10:13:12,65.77,8300,65.82,D
sz002409,雅克科技,2025-09-23 10:13:27,65.71,6100,65.79,D
sz002409,雅克科技,2025-09-23 10:13:30,65.72,9200,65.71,D
sz002409,雅克科技,2025-09-23 10:13:33,65.73,4000,65.72,E
sz002409,雅克科技,2025-09-23 10:13:39,65.83,11500,65.81,U
sz002409,雅克科技,2025-09-23 10:13:42,65.81,12600,65.83,D
sz002409,雅克科技,2025-09-23 10:13:54,65.83,8200,65.81,U
sz002409,雅克科技,2025-09-23 10:13:57,65.83,8200,65.83,D
sz002409,雅克科技,2025-09-23 10:14:03,65.87,17100,65.83,U
sz002409,雅克科技,2025-09-23 10:14:06,65.95,3200,65.87,U
sz002409,雅克科技,2025-09-23 10:14:09,65.86,8100,65.95,D
sz002409,雅克科技,2025-09-23 10:14:27,65.95,7700,65.96,D
sz002409,雅克科技,2025-09-23 10:14:30,65.96,8600,65.95,U
sz002409,雅克科技,2025-09-23 10:14:48,65.99,4100,65.98,U
sz002409,雅克科技,2025-09-23 10:14:51,66.0,17500,65.99,U
sz002409,雅克科技,2025-09-23 10:14:54,66.05,9300,66.0,U
sz002409,雅克科技,2025-09-23 10:14:57,66.06,5500,66.05,U
sz002409,雅克科技,2025-09-23 10:15:09,65.96,30400,66.04,D
sz002409,雅克科技,2025-09-23 10:15:24,65.97,3300,66.0,D
sz002409,雅克科技,2025-09-23 10:15:45,66.02,12700,66.02,D
sz002409,雅克科技,2025-09-23 10:15:51,65.98,4100,66.01,D
sz002409,雅克科技,2025-09-23 10:16:12,65.96,5000,65.87,U
sz002409,雅克科技,2025-09-23 10:16:24,65.89,3800,65.88,D
sz002409,雅克科技,2025-09-23 10:16:36,65.86,5400,65.87,D
sz002409,雅克科技,2025-09-23 10:16:42,65.89,5900,65.89,D
sz002409,雅克科技,2025-09-23 10:16:57,65.82,5300,65.84,D
sz002409,雅克科技,2025-09-23 10:17:09,65.76,3500,65.76,E
sz002409,雅克科技,2025-09-23 10:17:18,65.76,21200,65.73,U
sz002409,雅克科技,2025-09-23 10:17:24,65.76,19800,65.82,D
sz002409,雅克科技,2025-09-23 10:17:30,65.76,4000,65.76,U
sz002409,雅克科技,2025-09-23 10:17:39,65.76,44100,65.76,U
sz002409,雅克科技,2025-09-23 10:17:45,65.75,4200,65.77,D
sz002409,雅克科技,2025-09-23 10:18:00,65.76,3100,65.77,D
sz002409,雅克科技,2025-09-23 10:18:03,65.74,25400,65.76,D
sz002409,雅克科技,2025-09-23 10:18:09,65.71,3100,65.75,D
sz002409,雅克科技,2025-09-23 10:18:18,65.75,4600,65.75,D
sz002409,雅克科技,2025-09-23 10:18:27,65.76,4200,65.76,D
sz002409,雅克科技,2025-09-23 10:18:33,65.7,28901,65.74,D
sz002409,雅克科技,2025-09-23 10:18:36,65.69,8600,65.7,E
sz002409,雅克科技,2025-09-23 10:18:45,65.75,4800,65.7,U
sz002409,雅克科技,2025-09-23 10:19:18,65.69,4400,65.7,D
sz002409,雅克科技,2025-09-23 10:19:21,65.71,3600,65.69,U
sz002409,雅克科技,2025-09-23 10:19:24,65.68,6900,65.71,D
sz002409,雅克科技,2025-09-23 10:19:30,65.69,7300,65.69,U
sz002409,雅克科技,2025-09-23 10:19:39,65.68,10700,65.69,D
sz002409,雅克科技,2025-09-23 10:19:48,65.69,4900,65.67,U
sz002409,雅克科技,2025-09-23 10:19:51,65.67,3900,65.69,D
sz002409,雅克科技,2025-09-23 10:19:57,65.67,10100,65.67,U
sz002409,雅克科技,2025-09-23 10:20:03,65.69,3400,65.66,U
sz002409,雅克科技,2025-09-23 10:20:06,65.7,4200,65.69,U
sz002409,雅克科技,2025-09-23 10:20:09,65.66,12000,65.7,D
sz002409,雅克科技,2025-09-23 10:20:21,65.71,7300,65.7,U
sz002409,雅克科技,2025-09-23 10:20:30,65.72,10100,65.72,D
sz002409,雅克科技,2025-09-23 10:20:54,65.67,3400,65.67,U
sz002409,雅克科技,2025-09-23 10:21:00,65.66,6600,65.66,D
sz002409,雅克科技,2025-09-23 10:21:03,65.66,40500,65.66,D
sz002409,雅克科技,2025-09-23 10:21:06,65.66,3600,65.66,U
sz002409,雅克科技,2025-09-23 10:21:09,65.7,27000,65.66,U
sz002409,雅克科技,2025-09-23 10:21:24,65.83,9800,65.8,U
sz002409,雅克科技,2025-09-23 10:21:42,65.87,6100,65.85,U
sz002409,雅克科技,2025-09-23 10:21:54,65.85,4500,65.84,U
sz002409,雅克科技,2025-09-23 10:22:00,65.8,3900,65.85,D
sz002409,雅克科技,2025-09-23 10:22:24,65.78,8500,65.77,U
sz002409,雅克科技,2025-09-23 10:22:30,65.71,3100,65.77,D
sz002409,雅克科技,2025-09-23 10:22:42,65.72,3300,65.7,U
sz002409,雅克科技,2025-09-23 10:22:48,65.73,10500,65.72,U
sz002409,雅克科技,2025-09-23 10:22:57,65.76,24200,65.73,U
sz002409,雅克科技,2025-09-23 10:23:06,65.77,6200,65.83,D
sz002409,雅克科技,2025-09-23 10:23:09,65.77,4700,65.77,U
sz002409,雅克科技,2025-09-23 10:23:12,65.77,17000,65.77,U
sz002409,雅克科技,2025-09-23 10:23:15,65.76,10800,65.77,D
sz002409,雅克科技,2025-09-23 10:23:21,65.82,5500,65.84,E
sz002409,雅克科技,2025-09-23 10:23:33,65.78,3100,65.78,E
sz002409,雅克科技,2025-09-23 10:23:36,65.89,42700,65.78,U
sz002409,雅克科技,2025-09-23 10:23:39,65.97,15000,65.89,U
sz002409,雅克科技,2025-09-23 10:23:42,65.9,3700,65.97,D
sz002409,雅克科技,2025-09-23 10:23:45,65.99,4600,65.9,U
sz002409,雅克科技,2025-09-23 10:23:48,65.86,7100,65.99,D
sz002409,雅克科技,2025-09-23 10:23:54,65.96,6200,65.83,U
sz002409,雅克科技,2025-09-23 10:24:18,65.89,5500,65.94,D
sz002409,雅克科技,2025-09-23 10:24:21,65.84,11500,65.89,D
sz002409,雅克科技,2025-09-23 10:24:36,65.81,7400,65.82,D
sz002409,雅克科技,2025-09-23 10:24:45,65.79,3400,65.81,D
sz002409,雅克科技,2025-09-23 10:24:51,65.72,7900,65.75,D
sz002409,雅克科技,2025-09-23 10:24:54,65.7,6800,65.72,D
sz002409,雅克科技,2025-09-23 10:25:00,65.66,6700,65.67,D
sz002409,雅克科技,2025-09-23 10:25:09,65.64,4900,65.64,D
sz002409,雅克科技,2025-09-23 10:25:12,65.63,3200,65.64,D
sz002409,雅克科技,2025-09-23 10:25:15,65.61,3600,65.63,D
sz002409,雅克科技,2025-09-23 10:25:18,65.61,3800,65.61,D
sz002409,雅克科技,2025-09-23 10:25:21,65.58,45300,65.61,D
sz002409,雅克科技,2025-09-23 10:25:30,65.58,3100,65.58,D
sz002409,雅克科技,2025-09-23 10:25:33,65.55,6300,65.58,D
sz002409,雅克科技,2025-09-23 10:25:36,65.56,4300,65.55,U
sz002409,雅克科技,2025-09-23 10:25:42,65.56,6100,65.52,U
sz002409,雅克科技,2025-09-23 10:25:54,65.58,7100,65.56,U
sz002409,雅克科技,2025-09-23 10:25:57,65.6,12400,65.58,U
sz002409,雅克科技,2025-09-23 10:26:00,65.63,13100,65.6,U
sz002409,雅克科技,2025-09-23 10:26:03,65.66,13700,65.63,U
sz002409,雅克科技,2025-09-23 10:26:09,65.6,7900,65.71,D
sz002409,雅克科技,2025-09-23 10:26:21,65.6,5500,65.59,U
sz002409,雅克科技,2025-09-23 10:26:30,65.57,7800,65.57,D
sz002409,雅克科技,2025-09-23 10:26:33,65.57,27300,65.57,E
sz002409,雅克科技,2025-09-23 10:26:39,65.57,16900,65.54,U
sz002409,雅克科技,2025-09-23 10:26:42,65.58,8100,65.57,U
sz002409,雅克科技,2025-09-23 10:26:45,65.55,7800,65.58,D
sz002409,雅克科技,2025-09-23 10:26:54,65.56,4800,65.54,U
sz002409,雅克科技,2025-09-23 10:26:57,65.54,4900,65.56,D
sz002409,雅克科技,2025-09-23 10:27:03,65.54,10600,65.56,E
sz002409,雅克科技,2025-09-23 10:27:06,65.54,4300,65.54,U
sz002409,雅克科技,2025-09-23 10:27:09,65.54,3700,65.54,U
sz002409,雅克科技,2025-09-23 10:27:12,65.53,3300,65.54,D
sz002409,雅克科技,2025-09-23 10:27:15,65.52,5500,65.53,D
sz002409,雅克科技,2025-09-23 10:27:18,65.51,5000,65.52,D
sz002409,雅克科技,2025-09-23 10:27:24,65.54,13400,65.51,U
sz002409,雅克科技,2025-09-23 10:27:27,65.52,4100,65.54,D
sz002409,雅克科技,2025-09-23 10:27:30,65.53,9200,65.52,E
sz002409,雅克科技,2025-09-23 10:27:36,65.51,10500,65.52,D
sz002409,雅克科技,2025-09-23 10:27:39,65.51,10200,65.51,D
sz002409,雅克科技,2025-09-23 10:27:45,65.51,8600,65.5,U
sz002409,雅克科技,2025-09-23 10:27:48,65.5,32700,65.51,D
sz002409,雅克科技,2025-09-23 10:27:51,65.51,10600,65.5,U
sz002409,雅克科技,2025-09-23 10:27:54,65.5,10200,65.51,D
sz002409,雅克科技,2025-09-23 10:28:00,65.5,19100,65.51,D
sz002409,雅克科技,2025-09-23 10:28:03,65.56,18600,65.5,U
sz002409,雅克科技,2025-09-23 10:28:06,65.53,7500,65.56,E
sz002409,雅克科技,2025-09-23 10:28:09,65.49,4800,65.53,D
sz002409,雅克科技,2025-09-23 10:28:15,65.48,3100,65.49,D
sz002409,雅克科技,2025-09-23 10:28:24,65.47,4100,65.47,D
sz002409,雅克科技,2025-09-23 10:28:30,65.46,5000,65.46,D
sz002409,雅克科技,2025-09-23 10:28:39,65.45,4600,65.44,U
sz002409,雅克科技,2025-09-23 10:28:48,65.4,7200,65.41,D
sz002409,雅克科技,2025-09-23 10:28:51,65.42,32000,65.4,U
sz002409,雅克科技,2025-09-23 10:28:54,65.42,16200,65.42,D
sz002409,雅克科技,2025-09-23 10:28:57,65.44,4200,65.42,E
sz002409,雅克科技,2025-09-23 10:29:00,65.47,110200,65.44,U
sz002409,雅克科技,2025-09-23 10:29:03,65.48,11800,65.47,U
sz002409,雅克科技,2025-09-23 10:29:06,65.46,15100,65.48,D
sz002409,雅克科技,2025-09-23 10:29:09,65.49,5500,65.46,U
sz002409,雅克科技,2025-09-23 10:29:12,65.5,14300,65.49,U
sz002409,雅克科技,2025-09-23 10:29:18,65.55,31300,65.6,D
sz002409,雅克科技,2025-09-23 10:29:21,65.55,5300,65.55,D
sz002409,雅克科技,2025-09-23 10:29:27,65.54,3100,65.6,D
sz002409,雅克科技,2025-09-23 10:29:36,65.52,4500,65.52,D
sz002409,雅克科技,2025-09-23 10:29:54,65.53,9400,65.52,U
sz002409,雅克科技,2025-09-23 10:30:03,65.53,4700,65.52,E
sz002409,雅克科技,2025-09-23 10:30:06,65.51,6800,65.53,E
sz002409,雅克科技,2025-09-23 10:30:15,65.46,16000,65.48,D
sz002409,雅克科技,2025-09-23 10:30:24,65.42,6100,65.43,D
sz002409,雅克科技,2025-09-23 10:30:33,65.4,10200,65.42,D
sz002409,雅克科技,2025-09-23 10:30:36,65.45,16600,65.4,U
sz002409,雅克科技,2025-09-23 10:30:39,65.44,68000,65.45,D
sz002409,雅克科技,2025-09-23 10:30:42,65.43,9700,65.44,D
sz002409,雅克科技,2025-09-23 10:30:45,65.41,6600,65.43,D
sz002409,雅克科技,2025-09-23 10:30:54,65.41,6200,65.42,D
sz002409,雅克科技,2025-09-23 10:31:00,65.4,5900,65.41,D
sz002409,雅克科技,2025-09-23 10:31:06,65.38,15200,65.41,D
sz002409,雅克科技,2025-09-23 10:31:15,65.36,5100,65.36,U
sz002409,雅克科技,2025-09-23 10:31:18,65.35,4800,65.36,D
sz002409,雅克科技,2025-09-23 10:31:24,65.31,7300,65.34,D
sz002409,雅克科技,2025-09-23 10:31:27,65.31,4400,65.31,U
sz002409,雅克科技,2025-09-23 10:31:30,65.3,11700,65.31,D
sz002409,雅克科技,2025-09-23 10:31:33,65.3,6300,65.3,U
sz002409,雅克科技,2025-09-23 10:31:36,65.3,8900,65.3,D
sz002409,雅克科技,2025-09-23 10:31:39,65.3,15900,65.3,U
sz002409,雅克科技,2025-09-23 10:31:45,65.25,15300,65.28,D
sz002409,雅克科技,2025-09-23 10:31:48,65.25,32200,65.25,D
sz002409,雅克科技,2025-09-23 10:31:51,65.25,6700,65.25,D
sz002409,雅克科技,2025-09-23 10:31:54,65.28,3400,65.25,E
sz002409,雅克科技,2025-09-23 10:32:00,65.25,13000,65.25,D
sz002409,雅克科技,2025-09-23 10:32:03,65.28,25900,65.25,U
sz002409,雅克科技,2025-09-23 10:32:06,65.33,3200,65.28,U
sz002409,雅克科技,2025-09-23 10:32:09,65.35,4800,65.33,U
sz002409,雅克科技,2025-09-23 10:32:15,65.34,8100,65.36,D
sz002409,雅克科技,2025-09-23 10:32:18,65.35,3700,65.34,U
sz002409,雅克科技,2025-09-23 10:32:27,65.32,9000,65.36,D
sz002409,雅克科技,2025-09-23 10:32:36,65.32,4600,65.34,U
sz002409,雅克科技,2025-09-23 10:32:45,65.29,13300,65.31,D
sz002409,雅克科技,2025-09-23 10:32:48,65.28,4100,65.29,D
sz002409,雅克科技,2025-09-23 10:32:57,65.26,9800,65.27,D
sz002409,雅克科技,2025-09-23 10:33:03,65.27,5900,65.26,U
sz002409,雅克科技,2025-09-23 10:33:06,65.3,10500,65.27,U
sz002409,雅克科技,2025-09-23 10:33:09,65.26,9200,65.3,D
sz002409,雅克科技,2025-09-23 10:33:12,65.32,5700,65.26,U
sz002409,雅克科技,2025-09-23 10:33:27,65.26,4400,65.26,D
sz002409,雅克科技,2025-09-23 10:33:30,65.26,4700,65.26,D
sz002409,雅克科技,2025-09-23 10:33:42,65.35,6600,65.33,U
sz002409,雅克科技,2025-09-23 10:33:48,65.36,11900,65.35,U
sz002409,雅克科技,2025-09-23 10:33:51,65.36,3500,65.36,U
sz002409,雅克科技,2025-09-23 10:34:06,65.39,10500,65.35,U
sz002409,雅克科技,2025-09-23 10:34:09,65.43,25900,65.39,U
sz002409,雅克科技,2025-09-23 10:34:12,65.42,4100,65.43,D
sz002409,雅克科技,2025-09-23 10:34:15,65.4,7400,65.42,D
sz002409,雅克科技,2025-09-23 10:34:21,65.48,4800,65.49,D
sz002409,雅克科技,2025-09-23 10:34:36,65.48,3400,65.48,U
sz002409,雅克科技,2025-09-23 10:34:39,65.48,5000,65.48,D
sz002409,雅克科技,2025-09-23 10:34:51,65.53,3100,65.5,U
sz002409,雅克科技,2025-09-23 10:34:57,65.58,6100,65.54,U
sz002409,雅克科技,2025-09-23 10:35:12,65.58,3200,65.58,D
sz002409,雅克科技,2025-09-23 10:35:27,65.6,5500,65.59,U
sz002409,雅克科技,2025-09-23 10:35:30,65.6,12100,65.6,U
sz002409,雅克科技,2025-09-23 10:35:33,65.6,3200,65.6,D
sz002409,雅克科技,2025-09-23 10:35:36,65.63,3900,65.6,E
sz002409,雅克科技,2025-09-23 10:35:39,65.72,4600,65.63,U
sz002409,雅克科技,2025-09-23 10:35:45,65.69,4100,65.73,D
sz002409,雅克科技,2025-09-23 10:35:51,65.73,3300,65.71,U
sz002409,雅克科技,2025-09-23 10:35:57,65.73,13300,65.73,U
sz002409,雅克科技,2025-09-23 10:36:03,65.69,11300,65.73,D
sz002409,雅克科技,2025-09-23 10:36:06,65.72,11300,65.69,U
sz002409,雅克科技,2025-09-23 10:36:09,65.73,11100,65.72,U
sz002409,雅克科技,2025-09-23 10:36:12,65.81,3600,65.73,U
sz002409,雅克科技,2025-09-23 10:36:15,65.76,17100,65.81,D
sz002409,雅克科技,2025-09-23 10:36:18,65.82,11000,65.76,E
sz002409,雅克科技,2025-09-23 10:36:21,65.76,4900,65.82,D
sz002409,雅克科技,2025-09-23 10:36:36,65.89,6000,65.83,U
sz002409,雅克科技,2025-09-23 10:36:45,65.89,8300,65.81,U
sz002409,雅克科技,2025-09-23 10:36:48,65.82,3400,65.89,E
sz002409,雅克科技,2025-09-23 10:37:06,65.93,10600,65.9,E
sz002409,雅克科技,2025-09-23 10:37:09,65.9,16600,65.93,E
sz002409,雅克科技,2025-09-23 10:37:12,65.91,7700,65.9,U
sz002409,雅克科技,2025-09-23 10:37:18,65.9,3700,65.9,D
sz002409,雅克科技,2025-09-23 10:37:21,65.98,27200,65.9,U
sz002409,雅克科技,2025-09-23 10:37:27,66.0,18700,65.99,U
sz002409,雅克科技,2025-09-23 10:37:30,66.1,128500,66.0,U
sz002409,雅克科技,2025-09-23 10:37:33,66.07,4700,66.1,E
sz002409,雅克科技,2025-09-23 10:37:36,66.1,12600,66.07,U
sz002409,雅克科技,2025-09-23 10:37:39,66.16,10000,66.1,U
sz002409,雅克科技,2025-09-23 10:37:42,66.16,3800,66.16,U
sz002409,雅克科技,2025-09-23 10:37:45,66.2,12800,66.16,U
sz002409,雅克科技,2025-09-23 10:37:48,66.18,14400,66.2,D
sz002409,雅克科技,2025-09-23 10:37:51,66.2,6700,66.18,D
sz002409,雅克科技,2025-09-23 10:37:54,66.18,19700,66.2,D
sz002409,雅克科技,2025-09-23 10:37:57,66.2,12000,66.18,U
sz002409,雅克科技,2025-09-23 10:38:00,66.1,7500,66.2,D
sz002409,雅克科技,2025-09-23 10:38:06,66.05,9700,66.13,D
sz002409,雅克科技,2025-09-23 10:38:09,65.93,7300,66.05,D
sz002409,雅克科技,2025-09-23 10:38:12,65.95,3100,65.93,E
sz002409,雅克科技,2025-09-23 10:38:18,65.88,4200,65.93,D
sz002409,雅克科技,2025-09-23 10:38:24,65.93,3200,65.9,E
sz002409,雅克科技,2025-09-23 10:38:30,65.91,5100,65.9,U
sz002409,雅克科技,2025-09-23 10:38:33,65.9,11400,65.91,D
sz002409,雅克科技,2025-09-23 10:38:48,65.9,9600,65.9,U
sz002409,雅克科技,2025-09-23 10:38:54,65.91,8700,65.92,D
sz002409,雅克科技,2025-09-23 10:38:57,65.91,3300,65.91,D
sz002409,雅克科技,2025-09-23 10:39:03,66.0,18700,65.9,U
sz002409,雅克科技,2025-09-23 10:39:06,65.96,20500,66.0,D
sz002409,雅克科技,2025-09-23 10:39:09,65.94,5500,65.96,D
sz002409,雅克科技,2025-09-23 10:39:24,65.97,4200,66.06,D
sz002409,雅克科技,2025-09-23 10:39:27,65.95,10600,65.97,D
sz002409,雅克科技,2025-09-23 10:39:30,65.84,39900,65.95,D
sz002409,雅克科技,2025-09-23 10:39:42,65.82,3900,65.82,U
sz002409,雅克科技,2025-09-23 10:40:27,65.95,6300,65.94,E
sz002409,雅克科技,2025-09-23 10:40:30,65.89,7500,65.95,D
sz002409,雅克科技,2025-09-23 10:40:57,65.82,12500,65.83,D
sz002409,雅克科技,2025-09-23 10:41:00,65.82,6200,65.82,U
sz002409,雅克科技,2025-09-23 10:41:03,65.8,31000,65.82,D
sz002409,雅克科技,2025-09-23 10:41:06,65.76,3700,65.8,D
sz002409,雅克科技,2025-09-23 10:41:09,65.71,4500,65.76,D
sz002409,雅克科技,2025-09-23 10:41:12,65.79,5100,65.71,U
sz002409,雅克科技,2025-09-23 10:41:39,65.6,9100,65.62,E
sz002409,雅克科技,2025-09-23 10:41:48,65.61,3400,65.6,E
sz002409,雅克科技,2025-09-23 10:42:06,65.59,11700,65.65,D
sz002409,雅克科技,2025-09-23 10:42:12,65.66,12900,65.61,U
sz002409,雅克科技,2025-09-23 10:42:15,65.57,4400,65.66,D
sz002409,雅克科技,2025-09-23 10:42:33,65.64,3600,65.58,U
sz002409,雅克科技,2025-09-23 10:42:39,65.69,3600,65.68,U
sz002409,雅克科技,2025-09-23 10:42:57,65.73,11900,65.68,U
sz002409,雅克科技,2025-09-23 10:43:00,65.81,3300,65.73,U
sz002409,雅克科技,2025-09-23 10:43:03,65.84,4200,65.81,U
sz002409,雅克科技,2025-09-23 10:43:09,65.81,3400,65.92,D
sz002409,雅克科技,2025-09-23 10:43:33,66.01,4500,65.97,U
sz002409,雅克科技,2025-09-23 10:43:57,66.05,3100,66.01,U
sz002409,雅克科技,2025-09-23 10:44:06,66.07,3600,66.02,U
sz002409,雅克科技,2025-09-23 10:44:18,66.04,4900,66.05,D
sz002409,雅克科技,2025-09-23 10:44:21,66.06,9300,66.04,E
sz002409,雅克科技,2025-09-23 10:44:27,66.06,3200,66.04,U
sz002409,雅克科技,2025-09-23 10:44:33,66.01,5900,66.04,D
sz002409,雅克科技,2025-09-23 10:44:36,66.1,5700,66.01,U
sz002409,雅克科技,2025-09-23 10:44:51,66.1,3600,66.1,D
sz002409,雅克科技,2025-09-23 10:44:54,66.1,3100,66.1,D
sz002409,雅克科技,2025-09-23 10:44:57,66.16,23000,66.1,U
sz002409,雅克科技,2025-09-23 10:45:03,66.08,7500,66.11,D
sz002409,雅克科技,2025-09-23 10:45:12,65.96,3500,66.03,D
sz002409,雅克科技,2025-09-23 10:45:30,66.0,20300,66.01,D
sz002409,雅克科技,2025-09-23 10:45:33,66.02,5800,66.0,U
sz002409,雅克科技,2025-09-23 10:45:36,66.0,9700,66.02,U
sz002409,雅克科技,2025-09-23 10:46:03,66.15,6300,66.09,U
sz002409,雅克科技,2025-09-23 10:46:09,66.16,4100,66.16,U
sz002409,雅克科技,2025-09-23 10:46:18,66.09,8600,66.15,D
sz002409,雅克科技,2025-09-23 10:46:24,66.08,5500,66.1,D
sz002409,雅克科技,2025-09-23 10:46:33,66.08,4100,66.02,U
sz002409,雅克科技,2025-09-23 10:46:48,66.01,4000,66.02,D
sz002409,雅克科技,2025-09-23 10:46:51,66.0,11900,66.01,D
sz002409,雅克科技,2025-09-23 10:46:57,66.08,15100,66.0,U
sz002409,雅克科技,2025-09-23 10:47:00,66.01,3300,66.08,D
sz002409,雅克科技,2025-09-23 10:47:03,66.08,6400,66.01,U
sz002409,雅克科技,2025-09-23 10:47:51,66.05,4500,66.07,D
sz002409,雅克科技,2025-09-23 10:48:15,66.13,5000,66.09,U
sz002409,雅克科技,2025-09-23 10:48:18,66.14,3600,66.13,U
sz002409,雅克科技,2025-09-23 10:48:27,66.14,3200,66.13,U
sz002409,雅克科技,2025-09-23 10:48:30,66.25,35800,66.14,U
sz002409,雅克科技,2025-09-23 10:48:36,66.28,5900,66.21,U
sz002409,雅克科技,2025-09-23 10:48:42,66.29,13400,66.25,U
sz002409,雅克科技,2025-09-23 10:48:45,66.31,3200,66.29,U
sz002409,雅克科技,2025-09-23 10:48:48,66.29,4300,66.31,D
sz002409,雅克科技,2025-09-23 10:48:51,66.28,6000,66.29,D
sz002409,雅克科技,2025-09-23 10:48:57,66.33,6000,66.3,U
sz002409,雅克科技,2025-09-23 10:49:00,66.28,4000,66.33,D
sz002409,雅克科技,2025-09-23 10:49:03,66.28,5400,66.28,E
sz002409,雅克科技,2025-09-23 10:49:09,66.29,4100,66.27,U
sz002409,雅克科技,2025-09-23 10:49:15,66.18,3100,66.28,D
sz002409,雅克科技,2025-09-23 10:49:21,66.18,4800,66.18,D
sz002409,雅克科技,2025-09-23 10:49:42,66.25,4300,66.25,U
sz002409,雅克科技,2025-09-23 10:49:48,66.25,3600,66.25,D
sz002409,雅克科技,2025-09-23 10:49:54,66.26,4500,66.26,U
sz002409,雅克科技,2025-09-23 10:49:57,66.39,20700,66.26,U
sz002409,雅克科技,2025-09-23 10:50:00,66.68,116900,66.39,U
sz002409,雅克科技,2025-09-23 10:50:03,66.65,7600,66.68,D
sz002409,雅克科技,2025-09-23 10:50:06,66.66,10700,66.65,U
sz002409,雅克科技,2025-09-23 10:50:09,66.62,13700,66.66,D
sz002409,雅克科技,2025-09-23 10:50:12,66.49,6900,66.62,D
sz002409,雅克科技,2025-09-23 10:50:15,66.6,3400,66.49,U
sz002409,雅克科技,2025-09-23 10:50:18,66.39,5200,66.6,D
sz002409,雅克科技,2025-09-23 10:50:21,66.39,4200,66.39,U
sz002409,雅克科技,2025-09-23 10:50:24,66.39,4000,66.39,U
sz002409,雅克科技,2025-09-23 10:50:30,66.46,25100,66.39,U
sz002409,雅克科技,2025-09-23 10:50:33,66.49,4300,66.46,U
sz002409,雅克科技,2025-09-23 10:50:36,66.61,11700,66.49,U
sz002409,雅克科技,2025-09-23 10:50:42,66.47,5500,66.49,E
sz002409,雅克科技,2025-09-23 10:50:45,66.42,5000,66.47,D
sz002409,雅克科技,2025-09-23 10:50:48,66.38,13300,66.42,D
sz002409,雅克科技,2025-09-23 10:51:00,66.48,4600,66.39,U
sz002409,雅克科技,2025-09-23 10:51:03,66.41,3700,66.48,D
sz002409,雅克科技,2025-09-23 10:51:06,66.39,10400,66.41,D
sz002409,雅克科技,2025-09-23 10:51:12,66.38,5400,66.37,U
sz002409,雅克科技,2025-09-23 10:51:15,66.35,5700,66.38,D
sz002409,雅克科技,2025-09-23 10:51:33,66.35,5800,66.38,D
sz002409,雅克科技,2025-09-23 10:51:42,66.4,4000,66.38,U
sz002409,雅克科技,2025-09-23 10:51:54,66.4,6200,66.39,U
sz002409,雅克科技,2025-09-23 10:51:57,66.4,7800,66.4,U
sz002409,雅克科技,2025-09-23 10:52:00,66.34,9600,66.4,D
sz002409,雅克科技,2025-09-23 10:52:03,66.31,10000,66.34,D
sz002409,雅克科技,2025-09-23 10:52:06,66.18,6500,66.31,D
sz002409,雅克科技,2025-09-23 10:52:21,66.3,51300,66.3,D
sz002409,雅克科技,2025-09-23 10:52:27,66.3,9700,66.3,U
sz002409,雅克科技,2025-09-23 10:52:30,66.3,6900,66.3,E
sz002409,雅克科技,2025-09-23 10:52:33,66.26,4500,66.3,D
sz002409,雅克科技,2025-09-23 10:52:36,66.25,3500,66.26,D
sz002409,雅克科技,2025-09-23 10:52:39,66.25,13500,66.25,U
sz002409,雅克科技,2025-09-23 10:52:42,66.25,3900,66.25,E
sz002409,雅克科技,2025-09-23 10:52:45,66.17,19000,66.25,D
sz002409,雅克科技,2025-09-23 10:52:48,66.17,24500,66.17,D
sz002409,雅克科技,2025-09-23 10:52:51,66.17,25500,66.17,D
sz002409,雅克科技,2025-09-23 10:52:54,66.15,34100,66.17,D
sz002409,雅克科技,2025-09-23 10:52:57,66.15,6500,66.15,D
sz002409,雅克科技,2025-09-23 10:53:21,66.0,7100,66.0,D
sz002409,雅克科技,2025-09-23 10:53:24,66.01,12600,66.0,E
sz002409,雅克科技,2025-09-23 10:53:30,66.0,3700,66.05,D
sz002409,雅克科技,2025-09-23 10:53:45,66.09,3600,66.05,E
sz002409,雅克科技,2025-09-23 10:53:48,66.15,3100,66.09,U
sz002409,雅克科技,2025-09-23 10:53:57,66.14,4500,66.15,D
sz002409,雅克科技,2025-09-23 10:54:06,65.99,48900,66.14,D
sz002409,雅克科技,2025-09-23 10:54:09,65.99,5900,65.99,D
sz002409,雅克科技,2025-09-23 10:54:15,66.04,4200,65.98,E
sz002409,雅克科技,2025-09-23 10:54:18,65.99,3700,66.04,D
sz002409,雅克科技,2025-09-23 10:54:24,66.15,3600,66.06,U
sz002409,雅克科技,2025-09-23 10:55:00,66.3,4000,66.25,U
sz002409,雅克科技,2025-09-23 10:55:06,66.29,5000,66.38,D
sz002409,雅克科技,2025-09-23 10:55:09,66.37,5600,66.29,U
sz002409,雅克科技,2025-09-23 10:55:12,66.28,4100,66.37,D
sz002409,雅克科技,2025-09-23 10:55:15,66.27,7600,66.28,D
sz002409,雅克科技,2025-09-23 10:55:24,66.26,11300,66.28,D
sz002409,雅克科技,2025-09-23 10:55:27,66.19,4300,66.26,D
sz002409,雅克科技,2025-09-23 10:55:57,66.23,9400,66.2,U
sz002409,雅克科技,2025-09-23 10:56:00,66.17,13700,66.23,D
sz002409,雅克科技,2025-09-23 10:56:09,66.07,3900,66.15,D
sz002409,雅克科技,2025-09-23 10:56:12,66.1,3400,66.07,E
sz002409,雅克科技,2025-09-23 10:56:21,66.23,5900,66.19,U
sz002409,雅克科技,2025-09-23 10:56:24,66.2,10000,66.23,E
sz002409,雅克科技,2025-09-23 10:56:36,66.28,5600,66.23,D
sz002409,雅克科技,2025-09-23 10:56:51,66.3,4200,66.29,U
sz002409,雅克科技,2025-09-23 10:56:54,66.25,4400,66.3,D
sz002409,雅克科技,2025-09-23 10:57:00,66.24,3800,66.24,U
sz002409,雅克科技,2025-09-23 10:57:09,66.32,36500,66.24,U
sz002409,雅克科技,2025-09-23 10:57:12,66.3,3700,66.32,D
sz002409,雅克科技,2025-09-23 10:57:24,66.32,4800,66.34,E
sz002409,雅克科技,2025-09-23 10:57:30,66.41,3600,66.4,U
sz002409,雅克科技,2025-09-23 10:57:45,66.48,3300,66.49,U
sz002409,雅克科技,2025-09-23 10:57:48,66.48,5000,66.48,U
sz002409,雅克科技,2025-09-23 10:57:54,66.47,5400,66.5,D
sz002409,雅克科技,2025-09-23 10:57:57,66.4,22300,66.47,D
sz002409,雅克科技,2025-09-23 10:58:00,66.5,54600,66.4,U
sz002409,雅克科技,2025-09-23 10:58:03,66.48,13100,66.5,U
sz002409,雅克科技,2025-09-23 10:58:06,66.45,4200,66.48,E
sz002409,雅克科技,2025-09-23 10:58:09,66.55,26800,66.45,U
sz002409,雅克科技,2025-09-23 10:58:15,66.52,11300,66.48,E
sz002409,雅克科技,2025-09-23 10:58:21,66.59,3800,66.53,U
sz002409,雅克科技,2025-09-23 10:58:24,66.55,9500,66.59,D
sz002409,雅克科技,2025-09-23 10:58:27,66.54,16900,66.55,D
sz002409,雅克科技,2025-09-23 10:58:33,66.45,4400,66.51,D
sz002409,雅克科技,2025-09-23 10:58:51,66.42,7900,66.42,U
sz002409,雅克科技,2025-09-23 10:58:57,66.42,3100,66.42,U
sz002409,雅克科技,2025-09-23 10:59:00,66.4,3900,66.42,D
sz002409,雅克科技,2025-09-23 10:59:06,66.38,5000,66.4,D
sz002409,雅克科技,2025-09-23 10:59:09,66.5,6800,66.38,U
sz002409,雅克科技,2025-09-23 10:59:15,66.5,4300,66.39,U
sz002409,雅克科技,2025-09-23 10:59:36,66.54,5400,66.5,U
sz002409,雅克科技,2025-09-23 10:59:39,66.53,9100,66.54,D
sz002409,雅克科技,2025-09-23 10:59:42,66.55,3500,66.53,U
sz002409,雅克科技,2025-09-23 10:59:45,66.58,8000,66.55,U
sz002409,雅克科技,2025-09-23 10:59:48,66.6,3900,66.58,U
sz002409,雅克科技,2025-09-23 10:59:51,66.57,6400,66.6,D
sz002409,雅克科技,2025-09-23 10:59:54,66.6,6500,66.57,U
sz002409,雅克科技,2025-09-23 10:59:57,66.65,13600,66.6,U
sz002409,雅克科技,2025-09-23 11:00:00,66.53,14000,66.65,D
sz002409,雅克科技,2025-09-23 11:00:03,66.6,11000,66.53,U
sz002409,雅克科技,2025-09-23 11:00:06,66.54,3500,66.6,E
sz002409,雅克科技,2025-09-23 11:00:09,66.54,3300,66.54,D
sz002409,雅克科技,2025-09-23 11:00:12,66.6,8700,66.54,U
sz002409,雅克科技,2025-09-23 11:00:18,66.6,3600,66.6,U
sz002409,雅克科技,2025-09-23 11:00:21,66.53,8700,66.6,D
sz002409,雅克科技,2025-09-23 11:00:24,66.53,14400,66.53,E
sz002409,雅克科技,2025-09-23 11:00:27,66.54,4500,66.53,U
sz002409,雅克科技,2025-09-23 11:00:42,66.4,17900,66.41,D
sz002409,雅克科技,2025-09-23 11:00:54,66.38,3300,66.38,D
sz002409,雅克科技,2025-09-23 11:01:06,66.33,12400,66.4,D
sz002409,雅克科技,2025-09-23 11:01:27,66.3,4800,66.32,D
sz002409,雅克科技,2025-09-23 11:01:51,66.31,4400,66.26,U
sz002409,雅克科技,2025-09-23 11:01:57,66.28,4000,66.31,D
sz002409,雅克科技,2025-09-23 11:02:03,66.44,9800,66.28,U
sz002409,雅克科技,2025-09-23 11:02:09,66.52,4900,66.52,U
sz002409,雅克科技,2025-09-23 11:02:45,66.41,3900,66.4,U
sz002409,雅克科技,2025-09-23 11:03:03,66.42,21000,66.41,U
sz002409,雅克科技,2025-09-23 11:03:18,66.44,7100,66.34,U
sz002409,雅克科技,2025-09-23 11:03:45,66.44,6200,66.44,D
sz002409,雅克科技,2025-09-23 11:03:48,66.42,5800,66.44,D
sz002409,雅克科技,2025-09-23 11:03:51,66.41,4100,66.42,D
sz002409,雅克科技,2025-09-23 11:04:03,66.41,4400,66.41,D
sz002409,雅克科技,2025-09-23 11:04:09,66.36,6400,66.39,D
sz002409,雅克科技,2025-09-23 11:04:21,66.38,7200,66.33,U
sz002409,雅克科技,2025-09-23 11:05:06,66.3,5800,66.31,D
sz002409,雅克科技,2025-09-23 11:05:24,66.36,8400,66.36,U
sz002409,雅克科技,2025-09-23 11:05:27,66.4,3200,66.36,U
sz002409,雅克科技,2025-09-23 11:05:48,66.32,8000,66.42,D
sz002409,雅克科技,2025-09-23 11:05:51,66.42,4800,66.32,U
sz002409,雅克科技,2025-09-23 11:05:54,66.32,8300,66.42,D
sz002409,雅克科技,2025-09-23 11:06:06,66.3,4800,66.34,D
sz002409,雅克科技,2025-09-23 11:06:09,66.29,5300,66.3,D
sz002409,雅克科技,2025-09-23 11:06:18,66.3,6500,66.34,D
sz002409,雅克科技,2025-09-23 11:06:21,66.38,13500,66.3,U
sz002409,雅克科技,2025-09-23 11:06:42,66.27,17000,66.29,D
sz002409,雅克科技,2025-09-23 11:07:06,66.3,3900,66.23,U
sz002409,雅克科技,2025-09-23 11:07:48,66.32,6100,66.37,D
sz002409,雅克科技,2025-09-23 11:08:03,66.32,4400,66.32,U
sz002409,雅克科技,2025-09-23 11:08:42,66.2,4200,66.23,D
sz002409,雅克科技,2025-09-23 11:08:48,66.15,30600,66.18,D
sz002409,雅克科技,2025-09-23 11:09:39,66.1,4000,66.1,U
sz002409,雅克科技,2025-09-23 11:09:42,66.17,3200,66.1,U
sz002409,雅克科技,2025-09-23 11:10:21,66.27,3400,66.18,U
sz002409,雅克科技,2025-09-23 11:11:24,66.3,3700,66.2,E
sz002409,雅克科技,2025-09-23 11:11:48,66.19,6900,66.24,D
sz002409,雅克科技,2025-09-23 11:13:06,66.09,3800,66.09,U
sz002409,雅克科技,2025-09-23 11:13:15,66.04,9500,66.09,D
sz002409,雅克科技,2025-09-23 11:13:42,66.01,6000,66.08,D
sz002409,雅克科技,2025-09-23 11:14:03,66.0,8400,66.0,D
sz002409,雅克科技,2025-09-23 11:14:06,65.99,3343,66.0,D
sz002409,雅克科技,2025-09-23 11:14:12,66.0,4100,65.99,U
sz002409,雅克科技,2025-09-23 11:15:12,66.0,3100,66.0,D
sz002409,雅克科技,2025-09-23 11:15:21,66.02,7200,65.96,U
sz002409,雅克科技,2025-09-23 11:16:00,65.95,10000,66.06,D
sz002409,雅克科技,2025-09-23 11:16:39,66.0,5300,65.97,U
sz002409,雅克科技,2025-09-23 11:16:48,66.05,4300,66.0,U
sz002409,雅克科技,2025-09-23 11:17:00,66.08,3100,66.05,U
sz002409,雅克科技,2025-09-23 11:17:03,66.11,22600,66.08,U
sz002409,雅克科技,2025-09-23 11:17:21,66.17,6200,66.18,U
sz002409,雅克科技,2025-09-23 11:17:24,66.07,3300,66.17,D
sz002409,雅克科技,2025-09-23 11:18:00,66.11,4000,66.14,D
sz002409,雅克科技,2025-09-23 11:19:03,66.18,3300,66.15,U
sz002409,雅克科技,2025-09-23 11:19:36,66.16,9500,66.14,U
sz002409,雅克科技,2025-09-23 11:19:42,66.21,3800,66.17,U
sz002409,雅克科技,2025-09-23 11:20:00,66.28,4700,66.25,U
sz002409,雅克科技,2025-09-23 11:20:09,66.28,10400,66.24,U
sz002409,雅克科技,2025-09-23 11:20:15,66.2,3200,66.28,E
sz002409,雅克科技,2025-09-23 11:20:30,66.17,6500,66.18,D
sz002409,雅克科技,2025-09-23 11:20:42,66.2,5700,66.17,U
sz002409,雅克科技,2025-09-23 11:20:48,66.23,6500,66.14,U
sz002409,雅克科技,2025-09-23 11:21:03,66.08,3500,66.11,D
sz002409,雅克科技,2025-09-23 11:21:09,66.07,4500,66.07,D
sz002409,雅克科技,2025-09-23 11:21:36,66.02,10800,66.06,D
sz002409,雅克科技,2025-09-23 11:21:39,66.0,36800,66.02,D
sz002409,雅克科技,2025-09-23 11:21:42,65.99,6000,66.0,D
sz002409,雅克科技,2025-09-23 11:21:45,65.96,3700,65.99,D
sz002409,雅克科技,2025-09-23 11:21:57,65.95,3600,65.96,D
sz002409,雅克科技,2025-09-23 11:22:09,65.89,10700,65.9,D
sz002409,雅克科技,2025-09-23 11:23:18,65.74,4200,65.75,D
sz002409,雅克科技,2025-09-23 11:24:06,65.62,3700,65.61,U
sz002409,雅克科技,2025-09-23 11:24:36,65.68,3900,65.64,U
sz002409,雅克科技,2025-09-23 11:24:51,65.66,3400,65.66,U
sz002409,雅克科技,2025-09-23 11:25:12,65.59,40500,65.63,D
sz002409,雅克科技,2025-09-23 11:25:18,65.6,3500,65.59,U
sz002409,雅克科技,2025-09-23 11:26:00,65.59,4000,65.6,D
sz002409,雅克科技,2025-09-23 11:26:03,65.61,8400,65.59,U
sz002409,雅克科技,2025-09-23 11:26:09,65.59,12500,65.61,D
sz002409,雅克科技,2025-09-23 11:26:15,65.58,3800,65.61,D
sz002409,雅克科技,2025-09-23 11:26:18,65.6,3700,65.58,E
sz002409,雅克科技,2025-09-23 11:26:30,65.59,5100,65.59,D
sz002409,雅克科技,2025-09-23 11:26:48,65.59,3400,65.6,D
sz002409,雅克科技,2025-09-23 11:27:09,65.59,3800,65.59,U
sz002409,雅克科技,2025-09-23 11:27:30,65.59,3500,65.59,U
sz002409,雅克科技,2025-09-23 11:27:54,65.59,3900,65.59,D
sz002409,雅克科技,2025-09-23 11:28:21,65.58,4600,65.6,D
sz002409,雅克科技,2025-09-23 11:29:03,65.6,7800,65.58,U
sz002409,雅克科技,2025-09-23 11:29:51,65.64,4383,65.63,U
sz002409,雅克科技,2025-09-23 13:00:00,65.63,12300,65.65,D
sz002409,雅克科技,2025-09-23 13:00:03,65.61,13300,65.63,D
sz002409,雅克科技,2025-09-23 13:00:09,65.58,14800,65.59,D
sz002409,雅克科技,2025-09-23 13:00:12,65.51,53900,65.58,D
sz002409,雅克科技,2025-09-23 13:00:15,65.5,4600,65.51,D
sz002409,雅克科技,2025-09-23 13:00:18,65.51,4600,65.5,U
sz002409,雅克科技,2025-09-23 13:00:21,65.5,9200,65.51,D
sz002409,雅克科技,2025-09-23 13:00:27,65.5,4400,65.5,D
sz002409,雅克科技,2025-09-23 13:00:36,65.51,5500,65.51,E
sz002409,雅克科技,2025-09-23 13:00:42,65.59,10800,65.51,U
sz002409,雅克科技,2025-09-23 13:00:48,65.59,3100,65.64,D
sz002409,雅克科技,2025-09-23 13:01:03,65.59,39400,65.55,U
sz002409,雅克科技,2025-09-23 13:01:06,65.68,54600,65.59,U
sz002409,雅克科技,2025-09-23 13:01:15,65.67,6000,65.68,E
sz002409,雅克科技,2025-09-23 13:01:21,65.64,24300,65.64,U
sz002409,雅克科技,2025-09-23 13:01:36,65.71,4600,65.74,D
sz002409,雅克科技,2025-09-23 13:01:39,65.73,46500,65.71,U
sz002409,雅克科技,2025-09-23 13:02:00,65.76,3400,65.75,U
sz002409,雅克科技,2025-09-23 13:02:03,65.69,6100,65.76,D
sz002409,雅克科技,2025-09-23 13:02:06,65.68,4100,65.69,D
sz002409,雅克科技,2025-09-23 13:03:03,65.58,6100,65.59,D
sz002409,雅克科技,2025-09-23 13:03:39,65.51,8000,65.57,D
sz002409,雅克科技,2025-09-23 13:03:42,65.5,3800,65.51,D
sz002409,雅克科技,2025-09-23 13:03:48,65.5,3900,65.51,D
sz002409,雅克科技,2025-09-23 13:03:54,65.51,4600,65.51,U
sz002409,雅克科技,2025-09-23 13:03:57,65.5,13100,65.51,D
sz002409,雅克科技,2025-09-23 13:04:15,65.5,12500,65.49,U
sz002409,雅克科技,2025-09-23 13:04:21,65.59,4000,65.51,U
sz002409,雅克科技,2025-09-23 13:04:57,65.47,23300,65.49,D
sz002409,雅克科技,2025-09-23 13:05:33,65.38,11800,65.47,D
sz002409,雅克科技,2025-09-23 13:05:48,65.47,4000,65.48,D
sz002409,雅克科技,2025-09-23 13:05:51,65.47,3900,65.47,D
sz002409,雅克科技,2025-09-23 13:06:00,65.47,4900,65.46,U
sz002409,雅克科技,2025-09-23 13:06:24,65.38,4200,65.39,D
sz002409,雅克科技,2025-09-23 13:06:33,65.42,4600,65.36,U
sz002409,雅克科技,2025-09-23 13:06:45,65.38,9400,65.39,D
sz002409,雅克科技,2025-09-23 13:06:54,65.46,50900,65.43,E
sz002409,雅克科技,2025-09-23 13:07:18,65.48,4400,65.42,U
sz002409,雅克科技,2025-09-23 13:07:21,65.48,13500,65.48,U
sz002409,雅克科技,2025-09-23 13:07:24,65.51,7900,65.48,U
sz002409,雅克科技,2025-09-23 13:07:30,65.54,13200,65.51,U
sz002409,雅克科技,2025-09-23 13:07:36,65.57,48900,65.55,U
sz002409,雅克科技,2025-09-23 13:07:42,65.49,19100,65.59,D
sz002409,雅克科技,2025-09-23 13:07:54,65.54,3300,65.49,U
sz002409,雅克科技,2025-09-23 13:08:06,65.5,3100,65.51,D
sz002409,雅克科技,2025-09-23 13:08:18,65.5,10500,65.5,D
sz002409,雅克科技,2025-09-23 13:08:45,65.54,3300,65.55,D
sz002409,雅克科技,2025-09-23 13:09:06,65.53,13100,65.55,D
sz002409,雅克科技,2025-09-23 13:09:09,65.56,6000,65.53,U
sz002409,雅克科技,2025-09-23 13:09:12,65.52,6300,65.56,D
sz002409,雅克科技,2025-09-23 13:09:15,65.5,6500,65.52,D
sz002409,雅克科技,2025-09-23 13:09:24,65.48,4800,65.49,D
sz002409,雅克科技,2025-09-23 13:09:51,65.49,3900,65.46,U
sz002409,雅克科技,2025-09-23 13:10:03,65.46,5000,65.5,D
sz002409,雅克科技,2025-09-23 13:10:06,65.46,3200,65.46,U
sz002409,雅克科技,2025-09-23 13:10:18,65.64,98300,65.45,U
sz002409,雅克科技,2025-09-23 13:10:21,65.5,5100,65.64,D
sz002409,雅克科技,2025-09-23 13:11:00,65.62,3900,65.56,U
sz002409,雅克科技,2025-09-23 13:11:03,65.65,16000,65.62,U
sz002409,雅克科技,2025-09-23 13:11:06,65.65,5600,65.65,U
sz002409,雅克科技,2025-09-23 13:11:48,65.7,5300,65.7,U
sz002409,雅克科技,2025-09-23 13:12:09,65.81,4100,65.77,U
sz002409,雅克科技,2025-09-23 13:12:33,65.83,4400,65.84,D
sz002409,雅克科技,2025-09-23 13:12:42,65.83,7600,65.84,D
sz002409,雅克科技,2025-09-23 13:13:21,65.83,6400,65.83,D
sz002409,雅克科技,2025-09-23 13:13:45,65.85,5900,65.83,U
sz002409,雅克科技,2025-09-23 13:13:54,65.88,3800,65.85,U
sz002409,雅克科技,2025-09-23 13:14:03,65.85,9800,65.9,D
sz002409,雅克科技,2025-09-23 13:14:15,65.82,5000,65.84,D
sz002409,雅克科技,2025-09-23 13:14:18,65.82,13800,65.82,D
sz002409,雅克科技,2025-09-23 13:14:33,65.78,18000,65.82,D
sz002409,雅克科技,2025-09-23 13:14:42,65.78,27900,65.75,U
sz002409,雅克科技,2025-09-23 13:15:06,65.82,7000,65.8,U
sz002409,雅克科技,2025-09-23 13:15:15,65.99,11900,65.84,U
sz002409,雅克科技,2025-09-23 13:15:18,65.95,12300,65.99,E
sz002409,雅克科技,2025-09-23 13:15:21,65.97,7900,65.95,E
sz002409,雅克科技,2025-09-23 13:15:30,65.98,21100,66.08,D
sz002409,雅克科技,2025-09-23 13:15:33,66.0,11300,65.98,E
sz002409,雅克科技,2025-09-23 13:15:36,66.02,9800,66.0,E
sz002409,雅克科技,2025-09-23 13:15:39,65.9,6600,66.02,D
sz002409,雅克科技,2025-09-23 13:15:42,65.89,5500,65.9,E
sz002409,雅克科技,2025-09-23 13:16:09,65.93,4800,65.89,U
sz002409,雅克科技,2025-09-23 13:16:21,65.91,8300,65.99,D
sz002409,雅克科技,2025-09-23 13:16:36,65.82,4300,65.86,D
sz002409,雅克科技,2025-09-23 13:17:03,65.82,4200,65.81,U
sz002409,雅克科技,2025-09-23 13:17:06,65.8,6500,65.82,D
sz002409,雅克科技,2025-09-23 13:18:15,65.74,6600,65.67,U
sz002409,雅克科技,2025-09-23 13:18:33,65.65,3400,65.66,D
sz002409,雅克科技,2025-09-23 13:18:45,65.64,3300,65.64,D
sz002409,雅克科技,2025-09-23 13:18:57,65.67,4000,65.66,U
sz002409,雅克科技,2025-09-23 13:19:03,65.67,8200,65.68,D
sz002409,雅克科技,2025-09-23 13:19:42,65.69,4500,65.73,D
sz002409,雅克科技,2025-09-23 13:20:00,65.72,3700,65.82,D
sz002409,雅克科技,2025-09-23 13:20:06,65.72,6200,65.82,D
sz002409,雅克科技,2025-09-23 13:20:21,65.68,14800,65.73,D
sz002409,雅克科技,2025-09-23 13:21:30,65.75,3100,65.78,D
sz002409,雅克科技,2025-09-23 13:21:36,65.73,3400,65.72,U
sz002409,雅克科技,2025-09-23 13:21:51,65.73,3100,65.73,U
sz002409,雅克科技,2025-09-23 13:22:00,65.75,16700,65.73,U
sz002409,雅克科技,2025-09-23 13:22:03,65.65,6100,65.75,D
sz002409,雅克科技,2025-09-23 13:23:06,65.72,3400,65.73,D
sz002409,雅克科技,2025-09-23 13:23:12,65.71,4400,65.72,D
sz002409,雅克科技,2025-09-23 13:23:18,65.8,6300,65.75,U
sz002409,雅克科技,2025-09-23 13:23:21,65.81,4200,65.8,U
sz002409,雅克科技,2025-09-23 13:23:24,65.76,5900,65.81,D
sz002409,雅克科技,2025-09-23 13:23:48,65.86,5500,65.83,U
sz002409,雅克科技,2025-09-23 13:23:51,65.83,6100,65.86,D
sz002409,雅克科技,2025-09-23 13:24:00,65.88,3400,65.85,U
sz002409,雅克科技,2025-09-23 13:24:30,65.93,72600,65.98,D
sz002409,雅克科技,2025-09-23 13:24:36,65.94,14400,65.98,E
sz002409,雅克科技,2025-09-23 13:25:09,65.94,13100,65.94,D
sz002409,雅克科技,2025-09-23 13:25:45,65.94,6500,65.96,D
sz002409,雅克科技,2025-09-23 13:25:48,65.95,4500,65.94,U
sz002409,雅克科技,2025-09-23 13:26:00,65.87,46900,65.92,D
sz002409,雅克科技,2025-09-23 13:26:03,65.85,6300,65.87,D
sz002409,雅克科技,2025-09-23 13:26:39,65.84,10000,65.87,D
sz002409,雅克科技,2025-09-23 13:26:45,65.83,6300,65.82,U
sz002409,雅克科技,2025-09-23 13:26:51,65.8,3200,65.84,D
sz002409,雅克科技,2025-09-23 13:26:57,65.82,4200,65.8,U
sz002409,雅克科技,2025-09-23 13:27:00,65.77,6100,65.82,D
sz002409,雅克科技,2025-09-23 13:28:24,65.92,3200,65.94,D
sz002409,雅克科技,2025-09-23 13:28:51,65.8,5000,65.8,U
sz002409,雅克科技,2025-09-23 13:29:15,65.82,7600,65.79,U
sz002409,雅克科技,2025-09-23 13:29:21,65.85,4920,65.82,U
sz002409,雅克科技,2025-09-23 13:29:39,65.71,10000,65.89,D
sz002409,雅克科技,2025-09-23 13:29:57,65.77,5500,65.77,D
sz002409,雅克科技,2025-09-23 13:30:24,65.85,9600,65.81,U
sz002409,雅克科技,2025-09-23 13:30:33,65.75,7000,65.82,D
sz002409,雅克科技,2025-09-23 13:31:09,65.81,6900,65.82,D
sz002409,雅克科技,2025-09-23 13:31:24,65.8,7700,65.8,D
sz002409,雅克科技,2025-09-23 13:31:30,65.81,5000,65.78,U
sz002409,雅克科技,2025-09-23 13:31:51,65.78,10000,65.83,D
sz002409,雅克科技,2025-09-23 13:32:15,65.78,16300,65.87,D
sz002409,雅克科技,2025-09-23 13:32:18,65.76,3700,65.78,D
sz002409,雅克科技,2025-09-23 13:32:21,65.76,5300,65.76,D
sz002409,雅克科技,2025-09-23 13:32:24,65.75,5100,65.76,D
sz002409,雅克科技,2025-09-23 13:32:54,65.75,7200,65.76,D
sz002409,雅克科技,2025-09-23 13:33:00,65.68,13200,65.7,D
sz002409,雅克科技,2025-09-23 13:33:06,65.63,11900,65.66,D
sz002409,雅克科技,2025-09-23 13:33:15,65.65,5600,65.59,U
sz002409,雅克科技,2025-09-23 13:33:21,65.68,3900,65.65,U
sz002409,雅克科技,2025-09-23 13:33:48,65.66,7300,65.69,D
sz002409,雅克科技,2025-09-23 13:34:00,65.65,3300,65.66,D
sz002409,雅克科技,2025-09-23 13:35:03,65.53,5800,65.57,D
sz002409,雅克科技,2025-09-23 13:35:09,65.5,23600,65.52,D
sz002409,雅克科技,2025-09-23 13:35:15,65.53,4500,65.5,U
sz002409,雅克科技,2025-09-23 13:35:36,65.47,31500,65.49,D
sz002409,雅克科技,2025-09-23 13:35:39,65.49,7500,65.47,U
sz002409,雅克科技,2025-09-23 13:35:57,65.47,5600,65.49,D
sz002409,雅克科技,2025-09-23 13:36:06,65.5,3700,65.49,U
sz002409,雅克科技,2025-09-23 13:36:57,65.48,4300,65.48,E
sz002409,雅克科技,2025-09-23 13:37:12,65.43,4700,65.44,D
sz002409,雅克科技,2025-09-23 13:37:36,65.47,8300,65.43,U
sz002409,雅克科技,2025-09-23 13:37:48,65.53,3746,65.46,U
sz002409,雅克科技,2025-09-23 13:38:12,65.49,3600,65.5,D
sz002409,雅克科技,2025-09-23 13:38:27,65.42,6352,65.43,D
sz002409,雅克科技,2025-09-23 13:39:57,65.46,5100,65.47,D
sz002409,雅克科技,2025-09-23 13:40:03,65.43,10200,65.45,D
sz002409,雅克科技,2025-09-23 13:40:06,65.41,14648,65.43,D
sz002409,雅克科技,2025-09-23 13:40:09,65.4,8100,65.41,D
sz002409,雅克科技,2025-09-23 13:40:18,65.43,5200,65.4,U
sz002409,雅克科技,2025-09-23 13:40:30,65.4,24600,65.43,D
sz002409,雅克科技,2025-09-23 13:40:57,65.41,5900,65.42,D
sz002409,雅克科技,2025-09-23 13:41:33,65.41,7500,65.41,D
sz002409,雅克科技,2025-09-23 13:41:57,65.41,10100,65.4,U
sz002409,雅克科技,2025-09-23 13:42:06,65.39,12200,65.44,D
sz002409,雅克科技,2025-09-23 13:42:24,65.39,3100,65.39,D
sz002409,雅克科技,2025-09-23 13:43:06,65.37,5400,65.37,U
sz002409,雅克科技,2025-09-23 13:43:12,65.35,3300,65.36,D
sz002409,雅克科技,2025-09-23 13:43:57,65.32,7000,65.33,D
sz002409,雅克科技,2025-09-23 13:44:09,65.31,3400,65.31,D
sz002409,雅克科技,2025-09-23 13:44:36,65.31,3800,65.3,U
sz002409,雅克科技,2025-09-23 13:44:54,65.3,3400,65.31,D
sz002409,雅克科技,2025-09-23 13:45:00,65.31,5200,65.3,U
sz002409,雅克科技,2025-09-23 13:45:12,65.35,4600,65.32,U
sz002409,雅克科技,2025-09-23 13:45:15,65.31,5500,65.35,D
sz002409,雅克科技,2025-09-23 13:45:36,65.34,3400,65.34,U
sz002409,雅克科技,2025-09-23 13:45:54,65.31,7100,65.31,U
sz002409,雅克科技,2025-09-23 13:46:03,65.29,5868,65.3,D
sz002409,雅克科技,2025-09-23 13:46:06,65.27,4900,65.29,D
sz002409,雅克科技,2025-09-23 13:46:09,65.31,6000,65.27,U
sz002409,雅克科技,2025-09-23 13:47:03,65.27,4400,65.28,D
sz002409,雅克科技,2025-09-23 13:47:09,65.28,3700,65.27,U
sz002409,雅克科技,2025-09-23 13:47:15,65.32,3700,65.3,U
sz002409,雅克科技,2025-09-23 13:47:18,65.34,8300,65.32,U
sz002409,雅克科技,2025-09-23 13:47:21,65.34,8000,65.34,U
sz002409,雅克科技,2025-09-23 13:47:39,65.38,9700,65.33,U
sz002409,雅克科技,2025-09-23 13:47:57,65.35,3600,65.35,D
sz002409,雅克科技,2025-09-23 13:48:00,65.35,5300,65.35,U
sz002409,雅克科技,2025-09-23 13:48:33,65.35,3600,65.38,D
sz002409,雅克科技,2025-09-23 13:48:57,65.4,5200,65.39,U
sz002409,雅克科技,2025-09-23 13:49:12,65.33,5800,65.36,D
sz002409,雅克科技,2025-09-23 13:49:24,65.35,4800,65.34,U
sz002409,雅克科技,2025-09-23 13:50:06,65.32,11300,65.31,U
sz002409,雅克科技,2025-09-23 13:50:12,65.32,5100,65.32,D
sz002409,雅克科技,2025-09-23 13:51:09,65.32,4400,65.33,D
sz002409,雅克科技,2025-09-23 13:51:12,65.32,3100,65.32,D
sz002409,雅克科技,2025-09-23 13:51:21,65.3,17000,65.3,D
sz002409,雅克科技,2025-09-23 13:51:48,65.35,4100,65.29,U
sz002409,雅克科技,2025-09-23 13:51:51,65.38,6000,65.35,U
sz002409,雅克科技,2025-09-23 13:52:45,65.36,3400,65.36,U
sz002409,雅克科技,2025-09-23 13:53:06,65.42,6900,65.36,U
sz002409,雅克科技,2025-09-23 13:53:21,65.45,6400,65.45,U
sz002409,雅克科技,2025-09-23 13:53:27,65.46,10000,65.45,U
sz002409,雅克科技,2025-09-23 13:53:48,65.45,10000,65.46,D
sz002409,雅克科技,2025-09-23 13:53:51,65.44,3700,65.45,D
sz002409,雅克科技,2025-09-23 13:55:33,65.49,3800,65.49,D
sz002409,雅克科技,2025-09-23 13:58:15,65.42,5900,65.43,D
sz002409,雅克科技,2025-09-23 13:58:48,65.43,5200,65.41,U
sz002409,雅克科技,2025-09-23 13:59:39,65.51,5546,65.5,U
sz002409,雅克科技,2025-09-23 14:00:06,65.48,5500,65.5,D
sz002409,雅克科技,2025-09-23 14:00:27,65.44,3500,65.49,D
sz002409,雅克科技,2025-09-23 14:01:06,65.45,7500,65.44,U
sz002409,雅克科技,2025-09-23 14:01:27,65.49,6900,65.45,U
sz002409,雅克科技,2025-09-23 14:01:30,65.54,5300,65.49,U
sz002409,雅克科技,2025-09-23 14:02:00,65.47,9600,65.5,D
sz002409,雅克科技,2025-09-23 14:02:03,65.47,3700,65.47,D
sz002409,雅克科技,2025-09-23 14:02:24,65.43,3900,65.43,D
sz002409,雅克科技,2025-09-23 14:03:18,65.4,4100,65.4,D
sz002409,雅克科技,2025-09-23 14:03:21,65.39,4200,65.4,D
sz002409,雅克科技,2025-09-23 14:03:30,65.37,5900,65.42,D
sz002409,雅克科技,2025-09-23 14:03:42,65.33,3500,65.35,D
sz002409,雅克科技,2025-09-23 14:03:57,65.32,3100,65.33,D
sz002409,雅克科技,2025-09-23 14:04:12,65.31,4200,65.31,D
sz002409,雅克科技,2025-09-23 14:04:24,65.3,7800,65.3,D
sz002409,雅克科技,2025-09-23 14:04:57,65.31,8300,65.33,D
sz002409,雅克科技,2025-09-23 14:05:09,65.37,5300,65.36,E
sz002409,雅克科技,2025-09-23 14:05:27,65.32,3900,65.36,D
sz002409,雅克科技,2025-09-23 14:06:39,65.3,4100,65.34,D
sz002409,雅克科技,2025-09-23 14:06:51,65.32,4200,65.35,D
sz002409,雅克科技,2025-09-23 14:07:24,65.3,10200,65.31,D
sz002409,雅克科技,2025-09-23 14:07:27,65.31,3800,65.3,U
sz002409,雅克科技,2025-09-23 14:07:57,65.31,8100,65.31,D
sz002409,雅克科技,2025-09-23 14:08:03,65.31,5800,65.31,U
sz002409,雅克科技,2025-09-23 14:08:09,65.3,5100,65.31,D
sz002409,雅克科技,2025-09-23 14:08:12,65.3,4500,65.3,D
sz002409,雅克科技,2025-09-23 14:08:15,65.3,3600,65.3,D
sz002409,雅克科技,2025-09-23 14:08:42,65.28,29000,65.3,D
sz002409,雅克科技,2025-09-23 14:08:54,65.3,3900,65.28,U
sz002409,雅克科技,2025-09-23 14:09:03,65.32,8600,65.3,U
sz002409,雅克科技,2025-09-23 14:10:24,65.28,5800,65.31,D
sz002409,雅克科技,2025-09-23 14:10:33,65.28,10200,65.28,U
sz002409,雅克科技,2025-09-23 14:10:36,65.28,3800,65.28,D
sz002409,雅克科技,2025-09-23 14:10:39,65.26,4500,65.28,D
sz002409,雅克科技,2025-09-23 14:10:51,65.25,6100,65.27,D
sz002409,雅克科技,2025-09-23 14:10:57,65.25,5300,65.25,D
sz002409,雅克科技,2025-09-23 14:11:00,65.32,16400,65.25,U
sz002409,雅克科技,2025-09-23 14:11:09,65.31,4300,65.33,D
sz002409,雅克科技,2025-09-23 14:11:18,65.35,4500,65.31,U
sz002409,雅克科技,2025-09-23 14:11:45,65.29,4400,65.32,D
sz002409,雅克科技,2025-09-23 14:12:21,65.29,4700,65.27,U
sz002409,雅克科技,2025-09-23 14:12:24,65.32,3300,65.29,U
sz002409,雅克科技,2025-09-23 14:12:33,65.37,5100,65.35,U
sz002409,雅克科技,2025-09-23 14:13:54,65.34,3200,65.34,D
sz002409,雅克科技,2025-09-23 14:14:12,65.34,3200,65.38,D
sz002409,雅克科技,2025-09-23 14:14:51,65.38,7600,65.38,D
sz002409,雅克科技,2025-09-23 14:15:09,65.41,5900,65.43,D
sz002409,雅克科技,2025-09-23 14:15:36,65.48,4100,65.48,U
sz002409,雅克科技,2025-09-23 14:15:57,65.49,6500,65.49,U
sz002409,雅克科技,2025-09-23 14:17:00,65.48,3600,65.47,U
sz002409,雅克科技,2025-09-23 14:17:21,65.52,12300,65.49,U
sz002409,雅克科技,2025-09-23 14:17:30,65.58,3800,65.57,U
sz002409,雅克科技,2025-09-23 14:18:12,65.61,14500,65.6,U
sz002409,雅克科技,2025-09-23 14:18:30,65.66,4500,65.66,U
sz002409,雅克科技,2025-09-23 14:18:36,65.62,5700,65.66,D
sz002409,雅克科技,2025-09-23 14:18:39,65.63,3800,65.62,U
sz002409,雅克科技,2025-09-23 14:19:03,65.66,4200,65.63,U
sz002409,雅克科技,2025-09-23 14:19:06,65.65,16300,65.66,D
sz002409,雅克科技,2025-09-23 14:19:36,65.66,5500,65.67,D
sz002409,雅克科技,2025-09-23 14:19:57,65.66,3200,65.67,D
sz002409,雅克科技,2025-09-23 14:20:00,65.65,3600,65.66,D
sz002409,雅克科技,2025-09-23 14:20:36,65.65,4400,65.63,U
sz002409,雅克科技,2025-09-23 14:20:39,65.67,3300,65.65,U
sz002409,雅克科技,2025-09-23 14:20:45,65.69,4100,65.67,U
sz002409,雅克科技,2025-09-23 14:21:09,65.65,5000,65.7,D
sz002409,雅克科技,2025-09-23 14:21:12,65.6,7600,65.65,D
sz002409,雅克科技,2025-09-23 14:21:45,65.58,9200,65.59,D
sz002409,雅克科技,2025-09-23 14:21:48,65.6,24300,65.58,U
sz002409,雅克科技,2025-09-23 14:21:51,65.6,15500,65.6,U
sz002409,雅克科技,2025-09-23 14:22:15,65.66,5100,65.66,U
sz002409,雅克科技,2025-09-23 14:23:06,65.65,4600,65.67,D
sz002409,雅克科技,2025-09-23 14:23:12,65.66,5400,65.63,U
sz002409,雅克科技,2025-09-23 14:23:15,65.68,3600,65.66,U
sz002409,雅克科技,2025-09-23 14:23:27,65.64,3200,65.64,D
sz002409,雅克科技,2025-09-23 14:23:51,65.68,6800,65.67,U
sz002409,雅克科技,2025-09-23 14:25:00,65.72,6600,65.7,U
sz002409,雅克科技,2025-09-23 14:25:09,65.8,7900,65.73,U
sz002409,雅克科技,2025-09-23 14:25:12,65.8,4900,65.8,U
sz002409,雅克科技,2025-09-23 14:25:33,65.78,3200,65.8,D
sz002409,雅克科技,2025-09-23 14:25:36,65.7,6500,65.78,D
sz002409,雅克科技,2025-09-23 14:26:18,65.79,3200,65.76,U
sz002409,雅克科技,2025-09-23 14:26:48,65.87,10800,65.85,U
sz002409,雅克科技,2025-09-23 14:26:51,65.86,9600,65.87,D
sz002409,雅克科技,2025-09-23 14:26:54,65.86,15900,65.86,D
sz002409,雅克科技,2025-09-23 14:27:09,65.99,31800,65.94,U
sz002409,雅克科技,2025-09-23 14:27:12,66.0,16000,65.99,U
sz002409,雅克科技,2025-09-23 14:27:15,66.0,4900,66.0,U
sz002409,雅克科技,2025-09-23 14:27:18,66.0,9300,66.0,U
sz002409,雅克科技,2025-09-23 14:27:21,66.0,6600,66.0,U
sz002409,雅克科技,2025-09-23 14:27:24,66.0,3700,66.0,U
sz002409,雅克科技,2025-09-23 14:27:27,66.0,8000,66.0,U
sz002409,雅克科技,2025-09-23 14:27:30,66.02,7700,66.0,U
sz002409,雅克科技,2025-09-23 14:27:33,66.07,3600,66.02,U
sz002409,雅克科技,2025-09-23 14:27:36,66.09,3300,66.07,U
sz002409,雅克科技,2025-09-23 14:27:42,66.05,4500,66.1,D
sz002409,雅克科技,2025-09-23 14:27:57,66.09,3200,66.07,U
sz002409,雅克科技,2025-09-23 14:28:03,66.1,3400,66.08,U
sz002409,雅克科技,2025-09-23 14:28:06,66.12,27400,66.1,U
sz002409,雅克科技,2025-09-23 14:28:09,66.2,4600,66.12,U
sz002409,雅克科技,2025-09-23 14:28:21,66.2,6900,66.2,U
sz002409,雅克科技,2025-09-23 14:28:27,66.22,26900,66.19,U
sz002409,雅克科技,2025-09-23 14:28:30,66.2,6200,66.22,D
sz002409,雅克科技,2025-09-23 14:28:36,66.2,5400,66.2,D
sz002409,雅克科技,2025-09-23 14:28:39,66.12,6000,66.2,D
sz002409,雅克科技,2025-09-23 14:29:06,66.27,7200,66.27,E
sz002409,雅克科技,2025-09-23 14:29:09,66.24,5500,66.27,D
sz002409,雅克科技,2025-09-23 14:29:18,66.23,5700,66.23,U
sz002409,雅克科技,2025-09-23 14:29:24,66.21,3100,66.22,D
sz002409,雅克科技,2025-09-23 14:30:03,66.22,17100,66.19,U
sz002409,雅克科技,2025-09-23 14:30:06,66.23,3300,66.22,U
sz002409,雅克科技,2025-09-23 14:30:09,66.21,11400,66.23,D
sz002409,雅克科技,2025-09-23 14:30:15,66.28,5200,66.26,U
sz002409,雅克科技,2025-09-23 14:30:18,66.29,3400,66.28,U
sz002409,雅克科技,2025-09-23 14:30:24,66.29,4100,66.3,E
sz002409,雅克科技,2025-09-23 14:30:30,66.3,3700,66.3,U
sz002409,雅克科技,2025-09-23 14:30:36,66.29,23000,66.3,D
sz002409,雅克科技,2025-09-23 14:30:42,66.24,8700,66.3,D
sz002409,雅克科技,2025-09-23 14:31:00,66.22,4400,66.24,D
sz002409,雅克科技,2025-09-23 14:31:03,66.24,5700,66.22,U
sz002409,雅克科技,2025-09-23 14:31:15,66.25,4600,66.24,U
sz002409,雅克科技,2025-09-23 14:31:21,66.23,6400,66.22,U
sz002409,雅克科技,2025-09-23 14:31:24,66.23,7900,66.23,U
sz002409,雅克科技,2025-09-23 14:31:27,66.23,7100,66.23,U
sz002409,雅克科技,2025-09-23 14:31:30,66.22,9500,66.23,D
sz002409,雅克科技,2025-09-23 14:31:36,66.24,7000,66.21,U
sz002409,雅克科技,2025-09-23 14:31:42,66.23,7200,66.25,D
sz002409,雅克科技,2025-09-23 14:31:45,66.16,14000,66.23,D
sz002409,雅克科技,2025-09-23 14:31:57,66.12,5000,66.17,D
sz002409,雅克科技,2025-09-23 14:32:00,66.16,4800,66.12,E
sz002409,雅克科技,2025-09-23 14:32:12,66.11,9100,66.13,D
sz002409,雅克科技,2025-09-23 14:32:15,66.09,3300,66.11,D
sz002409,雅克科技,2025-09-23 14:32:24,66.01,7200,66.06,D
sz002409,雅克科技,2025-09-23 14:32:27,66.0,3500,66.01,D
sz002409,雅克科技,2025-09-23 14:33:00,66.0,8100,66.02,D
sz002409,雅克科技,2025-09-23 14:33:15,66.09,5000,66.12,D
sz002409,雅克科技,2025-09-23 14:33:18,66.11,5700,66.09,E
sz002409,雅克科技,2025-09-23 14:33:36,66.1,4300,66.09,U
sz002409,雅克科技,2025-09-23 14:33:54,66.0,4800,66.05,D
sz002409,雅克科技,2025-09-23 14:34:12,66.02,4100,66.05,D
sz002409,雅克科技,2025-09-23 14:34:36,66.13,3100,66.1,U
sz002409,雅克科技,2025-09-23 14:35:15,66.19,3500,66.2,D
sz002409,雅克科技,2025-09-23 14:35:18,66.19,16500,66.19,E
sz002409,雅克科技,2025-09-23 14:35:24,66.23,9200,66.2,U
sz002409,雅克科技,2025-09-23 14:35:27,66.23,5200,66.23,U
sz002409,雅克科技,2025-09-23 14:35:30,66.19,13500,66.23,D
sz002409,雅克科技,2025-09-23 14:35:36,66.24,3300,66.24,D
sz002409,雅克科技,2025-09-23 14:35:42,66.22,4400,66.25,D
sz002409,雅克科技,2025-09-23 14:36:00,66.18,9300,66.19,D
sz002409,雅克科技,2025-09-23 14:36:12,66.22,5700,66.22,D
sz002409,雅克科技,2025-09-23 14:36:18,66.22,4700,66.22,U
sz002409,雅克科技,2025-09-23 14:36:24,66.22,3100,66.21,U
sz002409,雅克科技,2025-09-23 14:36:30,66.23,5200,66.21,U
sz002409,雅克科技,2025-09-23 14:36:33,66.2,4000,66.23,D
sz002409,雅克科技,2025-09-23 14:36:48,66.21,3500,66.25,D
sz002409,雅克科技,2025-09-23 14:36:51,66.15,16700,66.21,D
sz002409,雅克科技,2025-09-23 14:37:00,66.12,3500,66.11,U
sz002409,雅克科技,2025-09-23 14:37:09,66.09,3800,66.12,D
sz002409,雅克科技,2025-09-23 14:37:12,66.09,5500,66.09,D
sz002409,雅克科技,2025-09-23 14:37:21,66.04,4900,66.1,D
sz002409,雅克科技,2025-09-23 14:37:42,66.18,7600,66.18,U
sz002409,雅克科技,2025-09-23 14:37:48,66.09,12800,66.17,D
sz002409,雅克科技,2025-09-23 14:37:57,66.09,4100,66.13,D
sz002409,雅克科技,2025-09-23 14:38:00,66.13,3500,66.09,U
sz002409,雅克科技,2025-09-23 14:38:09,66.09,10500,66.16,D
sz002409,雅克科技,2025-09-23 14:38:33,66.1,10200,66.12,D
sz002409,雅克科技,2025-09-23 14:38:48,66.09,3200,66.1,D
sz002409,雅克科技,2025-09-23 14:38:51,66.06,4700,66.09,D
sz002409,雅克科技,2025-09-23 14:38:54,66.05,3400,66.06,D
sz002409,雅克科技,2025-09-23 14:39:03,66.05,14200,66.07,D
sz002409,雅克科技,2025-09-23 14:39:42,66.13,3400,66.11,U
sz002409,雅克科技,2025-09-23 14:40:03,66.16,4400,66.15,U
sz002409,雅克科技,2025-09-23 14:40:18,66.27,3160,66.21,U
sz002409,雅克科技,2025-09-23 14:40:21,66.29,17000,66.27,U
sz002409,雅克科技,2025-09-23 14:40:24,66.3,8300,66.29,U
sz002409,雅克科技,2025-09-23 14:40:30,66.27,11300,66.28,U
sz002409,雅克科技,2025-09-23 14:40:42,66.22,4600,66.22,U
sz002409,雅克科技,2025-09-23 14:41:00,66.3,4600,66.29,U
sz002409,雅克科技,2025-09-23 14:41:03,66.34,5800,66.3,U
sz002409,雅克科技,2025-09-23 14:41:09,66.35,10900,66.35,U
sz002409,雅克科技,2025-09-23 14:41:21,66.39,3800,66.38,U
sz002409,雅克科技,2025-09-23 14:41:27,66.4,3300,66.4,U
sz002409,雅克科技,2025-09-23 14:41:30,66.38,6200,66.4,D
sz002409,雅克科技,2025-09-23 14:41:39,66.38,3586,66.39,D
sz002409,雅克科技,2025-09-23 14:41:48,66.4,4800,66.38,U
sz002409,雅克科技,2025-09-23 14:41:54,66.4,52000,66.42,D
sz002409,雅克科技,2025-09-23 14:42:00,66.43,3400,66.42,U
sz002409,雅克科技,2025-09-23 14:42:03,66.4,3900,66.43,D
sz002409,雅克科技,2025-09-23 14:42:12,66.42,7900,66.43,U
sz002409,雅克科技,2025-09-23 14:42:15,66.44,7900,66.42,U
sz002409,雅克科技,2025-09-23 14:42:18,66.48,3200,66.44,U
sz002409,雅克科技,2025-09-23 14:42:30,66.44,6300,66.44,D
sz002409,雅克科技,2025-09-23 14:42:33,66.45,5700,66.44,E
sz002409,雅克科技,2025-09-23 14:42:42,66.45,12400,66.45,D
sz002409,雅克科技,2025-09-23 14:42:45,66.44,20000,66.45,D
sz002409,雅克科技,2025-09-23 14:42:48,66.43,7800,66.44,D
sz002409,雅克科技,2025-09-23 14:42:54,66.43,4200,66.43,U
sz002409,雅克科技,2025-09-23 14:43:00,66.38,24500,66.41,D
sz002409,雅克科技,2025-09-23 14:43:03,66.37,17214,66.38,D
sz002409,雅克科技,2025-09-23 14:43:06,66.39,6686,66.37,U
sz002409,雅克科技,2025-09-23 14:43:09,66.36,5900,66.39,D
sz002409,雅克科技,2025-09-23 14:43:18,66.37,4600,66.36,U
sz002409,雅克科技,2025-09-23 14:43:21,66.38,4100,66.37,U
sz002409,雅克科技,2025-09-23 14:43:30,66.4,3800,66.4,D
sz002409,雅克科技,2025-09-23 14:43:39,66.37,16600,66.43,D
sz002409,雅克科技,2025-09-23 14:43:48,66.43,5900,66.45,D
sz002409,雅克科技,2025-09-23 14:43:57,66.43,14100,66.44,D
sz002409,雅克科技,2025-09-23 14:44:09,66.54,25900,66.43,U
sz002409,雅克科技,2025-09-23 14:44:12,66.5,112400,66.54,D
sz002409,雅克科技,2025-09-23 14:44:15,66.56,3400,66.5,U
sz002409,雅克科技,2025-09-23 14:44:18,66.55,4100,66.56,E
sz002409,雅克科技,2025-09-23 14:44:21,66.5,5900,66.55,E
sz002409,雅克科技,2025-09-23 14:44:27,66.52,15100,66.49,U
sz002409,雅克科技,2025-09-23 14:44:30,66.55,5800,66.52,U
sz002409,雅克科技,2025-09-23 14:44:42,66.53,9000,66.55,D
sz002409,雅克科技,2025-09-23 14:44:45,66.55,3700,66.53,U
sz002409,雅克科技,2025-09-23 14:44:54,66.56,4600,66.55,U
sz002409,雅克科技,2025-09-23 14:45:00,66.58,9100,66.58,U
sz002409,雅克科技,2025-09-23 14:45:03,66.58,4300,66.58,D
sz002409,雅克科技,2025-09-23 14:45:06,66.63,12900,66.58,U
sz002409,雅克科技,2025-09-23 14:45:09,66.64,10800,66.63,U
sz002409,雅克科技,2025-09-23 14:45:12,66.65,3700,66.64,U
sz002409,雅克科技,2025-09-23 14:45:15,66.66,5600,66.65,U
sz002409,雅克科技,2025-09-23 14:45:18,66.66,19000,66.66,U
sz002409,雅克科技,2025-09-23 14:45:21,66.66,3400,66.66,U
sz002409,雅克科技,2025-09-23 14:45:24,66.66,6500,66.66,U
sz002409,雅克科技,2025-09-23 14:45:27,66.67,4000,66.66,U
sz002409,雅克科技,2025-09-23 14:45:30,66.69,8200,66.67,U
sz002409,雅克科技,2025-09-23 14:45:33,66.66,7200,66.69,D
sz002409,雅克科技,2025-09-23 14:45:36,66.7,9600,66.66,U
sz002409,雅克科技,2025-09-23 14:45:39,66.7,5800,66.7,U
sz002409,雅克科技,2025-09-23 14:45:45,66.69,6900,66.75,D
sz002409,雅克科技,2025-09-23 14:45:48,66.7,28700,66.69,U
sz002409,雅克科技,2025-09-23 14:45:51,66.7,8800,66.7,E
sz002409,雅克科技,2025-09-23 14:45:57,66.72,3700,66.72,U
sz002409,雅克科技,2025-09-23 14:46:00,66.72,4400,66.72,U
sz002409,雅克科技,2025-09-23 14:46:03,66.73,21300,66.72,U
sz002409,雅克科技,2025-09-23 14:46:06,66.73,8900,66.73,D
sz002409,雅克科技,2025-09-23 14:46:09,66.75,8700,66.73,U
sz002409,雅克科技,2025-09-23 14:46:12,66.78,10500,66.75,E
sz002409,雅克科技,2025-09-23 14:46:15,66.74,5500,66.78,D
sz002409,雅克科技,2025-09-23 14:46:18,66.75,10400,66.74,U
sz002409,雅克科技,2025-09-23 14:46:21,66.75,5700,66.75,U
sz002409,雅克科技,2025-09-23 14:46:24,66.69,26900,66.75,D
sz002409,雅克科技,2025-09-23 14:46:30,66.68,3200,66.69,D
sz002409,雅克科技,2025-09-23 14:46:39,66.72,6100,66.66,U
sz002409,雅克科技,2025-09-23 14:46:45,66.71,4400,66.69,U
sz002409,雅克科技,2025-09-23 14:46:57,66.68,3800,66.69,D
sz002409,雅克科技,2025-09-23 14:47:00,66.67,5000,66.68,D
sz002409,雅克科技,2025-09-23 14:47:18,66.71,17900,66.69,U
sz002409,雅克科技,2025-09-23 14:47:21,66.72,3100,66.71,U
sz002409,雅克科技,2025-09-23 14:47:30,66.73,8100,66.69,U
sz002409,雅克科技,2025-09-23 14:47:33,66.72,6100,66.73,D
sz002409,雅克科技,2025-09-23 14:47:45,66.74,6200,66.73,U
sz002409,雅克科技,2025-09-23 14:47:51,66.74,8600,66.74,D
sz002409,雅克科技,2025-09-23 14:47:54,66.75,5800,66.74,U
sz002409,雅克科技,2025-09-23 14:47:57,66.78,5400,66.75,U
sz002409,雅克科技,2025-09-23 14:48:00,66.79,4500,66.78,U
sz002409,雅克科技,2025-09-23 14:48:03,66.78,11200,66.79,D
sz002409,雅克科技,2025-09-23 14:48:06,66.78,28600,66.78,D
sz002409,雅克科技,2025-09-23 14:48:15,66.81,8200,66.84,D
sz002409,雅克科技,2025-09-23 14:48:18,66.8,12400,66.81,E
sz002409,雅克科技,2025-09-23 14:48:21,66.8,5300,66.8,U
sz002409,雅克科技,2025-09-23 14:48:24,66.75,12100,66.8,D
sz002409,雅克科技,2025-09-23 14:48:27,66.86,25500,66.75,U
sz002409,雅克科技,2025-09-23 14:48:30,66.81,16500,66.86,D
sz002409,雅克科技,2025-09-23 14:48:36,66.81,13100,66.77,U
sz002409,雅克科技,2025-09-23 14:48:39,66.82,15000,66.81,U
sz002409,雅克科技,2025-09-23 14:48:42,66.82,8200,66.82,U
sz002409,雅克科技,2025-09-23 14:48:45,66.89,21900,66.82,U
sz002409,雅克科技,2025-09-23 14:48:48,66.96,15700,66.89,U
sz002409,雅克科技,2025-09-23 14:48:51,66.96,4800,66.96,U
sz002409,雅克科技,2025-09-23 14:48:54,66.97,56900,66.96,U
sz002409,雅克科技,2025-09-23 14:48:57,66.98,26100,66.97,E
sz002409,雅克科技,2025-09-23 14:49:00,67.0,37300,66.98,U
sz002409,雅克科技,2025-09-23 14:49:03,67.01,22900,67.0,U
sz002409,雅克科技,2025-09-23 14:49:06,67.01,7000,67.01,D
sz002409,雅克科技,2025-09-23 14:49:09,67.02,28700,67.01,U
sz002409,雅克科技,2025-09-23 14:49:12,67.02,4400,67.02,D
sz002409,雅克科技,2025-09-23 14:49:15,67.1,32800,67.02,U
sz002409,雅克科技,2025-09-23 14:49:18,67.05,29000,67.1,D
sz002409,雅克科技,2025-09-23 14:49:21,67.01,12800,67.05,D
sz002409,雅克科技,2025-09-23 14:49:24,67.06,38400,67.01,U
sz002409,雅克科技,2025-09-23 14:49:27,67.05,4300,67.06,U
sz002409,雅克科技,2025-09-23 14:49:33,67.03,6300,67.03,D
sz002409,雅克科技,2025-09-23 14:49:36,67.01,4800,67.03,D
sz002409,雅克科技,2025-09-23 14:49:39,67.03,7900,67.01,E
sz002409,雅克科技,2025-09-23 14:49:42,67.08,8200,67.03,U
sz002409,雅克科技,2025-09-23 14:49:45,67.1,8500,67.08,U
sz002409,雅克科技,2025-09-23 14:49:48,67.08,6400,67.1,E
sz002409,雅克科技,2025-09-23 14:49:51,67.06,5900,67.08,D
sz002409,雅克科技,2025-09-23 14:49:54,67.08,3600,67.06,U
sz002409,雅克科技,2025-09-23 14:49:57,67.08,7900,67.08,U
sz002409,雅克科技,2025-09-23 14:50:00,67.1,5100,67.08,U
sz002409,雅克科技,2025-09-23 14:50:03,67.11,8726,67.1,U
sz002409,雅克科技,2025-09-23 14:50:06,67.1,7374,67.11,D
sz002409,雅克科技,2025-09-23 14:50:09,67.05,10600,67.1,D
sz002409,雅克科技,2025-09-23 14:50:12,67.08,83026,67.05,U
sz002409,雅克科技,2025-09-23 14:50:15,67.11,12500,67.08,E
sz002409,雅克科技,2025-09-23 14:50:18,67.14,11700,67.11,E
sz002409,雅克科技,2025-09-23 14:50:21,67.19,19600,67.14,U
sz002409,雅克科技,2025-09-23 14:50:24,67.19,9200,67.19,U
sz002409,雅克科技,2025-09-23 14:50:27,67.22,34000,67.19,U
sz002409,雅克科技,2025-09-23 14:50:30,67.23,8400,67.22,U
sz002409,雅克科技,2025-09-23 14:50:33,67.28,39400,67.23,U
sz002409,雅克科技,2025-09-23 14:50:36,67.25,21800,67.28,D
sz002409,雅克科技,2025-09-23 14:50:39,67.19,28900,67.25,D
sz002409,雅克科技,2025-09-23 14:50:42,67.24,17600,67.19,U
sz002409,雅克科技,2025-09-23 14:50:45,67.14,7900,67.24,D
sz002409,雅克科技,2025-09-23 14:50:48,67.23,3000,67.14,E
sz002409,雅克科技,2025-09-23 14:50:51,67.24,5800,67.23,U
sz002409,雅克科技,2025-09-23 14:50:54,67.24,15400,67.24,U
sz002409,雅克科技,2025-09-23 14:50:57,67.19,46400,67.24,D
sz002409,雅克科技,2025-09-23 14:51:00,67.16,12100,67.19,D
sz002409,雅克科技,2025-09-23 14:51:03,67.15,18100,67.16,D
sz002409,雅克科技,2025-09-23 14:51:06,67.1,9200,67.15,D
sz002409,雅克科技,2025-09-23 14:51:09,67.06,7000,67.1,D
sz002409,雅克科技,2025-09-23 14:51:12,67.09,8200,67.06,U
sz002409,雅克科技,2025-09-23 14:51:15,67.0,6900,67.09,D
sz002409,雅克科技,2025-09-23 14:51:18,67.0,6000,67.0,D
sz002409,雅克科技,2025-09-23 14:51:21,66.96,4000,67.0,D
sz002409,雅克科技,2025-09-23 14:51:24,66.96,3600,66.96,D
sz002409,雅克科技,2025-09-23 14:51:27,67.0,10800,66.96,U
sz002409,雅克科技,2025-09-23 14:51:30,67.0,3500,67.0,D
sz002409,雅克科技,2025-09-23 14:51:33,66.98,26100,67.0,D
sz002409,雅克科技,2025-09-23 14:51:39,67.01,6100,67.05,E
sz002409,雅克科技,2025-09-23 14:51:42,67.0,7900,67.01,U
sz002409,雅克科技,2025-09-23 14:51:48,67.06,7900,67.01,U
sz002409,雅克科技,2025-09-23 14:51:54,67.08,6204,67.02,U
sz002409,雅克科技,2025-09-23 14:51:57,67.05,52700,67.08,D
sz002409,雅克科技,2025-09-23 14:52:00,67.08,5800,67.05,U
sz002409,雅克科技,2025-09-23 14:52:03,67.05,3300,67.08,D
sz002409,雅克科技,2025-09-23 14:52:06,67.06,10800,67.05,E
sz002409,雅克科技,2025-09-23 14:52:09,67.02,13800,67.06,D
sz002409,雅克科技,2025-09-23 14:52:12,67.05,3500,67.02,U
sz002409,雅克科技,2025-09-23 14:52:18,67.09,7300,67.04,U
sz002409,雅克科技,2025-09-23 14:52:21,67.08,5800,67.09,E
sz002409,雅克科技,2025-09-23 14:52:27,67.05,9100,67.05,D
sz002409,雅克科技,2025-09-23 14:52:30,67.05,11400,67.05,U
sz002409,雅克科技,2025-09-23 14:52:36,67.03,9300,67.05,D
sz002409,雅克科技,2025-09-23 14:52:39,67.04,4500,67.03,D
sz002409,雅克科技,2025-09-23 14:52:42,67.03,3300,67.04,D
sz002409,雅克科技,2025-09-23 14:52:51,67.03,18200,67.05,D
sz002409,雅克科技,2025-09-23 14:52:54,67.05,4200,67.03,U
sz002409,雅克科技,2025-09-23 14:52:57,67.04,4600,67.05,D
sz002409,雅克科技,2025-09-23 14:53:00,67.04,4200,67.04,D
sz002409,雅克科技,2025-09-23 14:53:03,67.04,3400,67.04,D
sz002409,雅克科技,2025-09-23 14:53:06,67.03,5900,67.04,D
sz002409,雅克科技,2025-09-23 14:53:09,67.04,8000,67.03,E
sz002409,雅克科技,2025-09-23 14:53:12,67.04,3400,67.04,U
sz002409,雅克科技,2025-09-23 14:53:18,67.01,3000,67.01,D
sz002409,雅克科技,2025-09-23 14:53:21,67.04,10300,67.01,U
sz002409,雅克科技,2025-09-23 14:53:30,67.02,3000,67.04,D
sz002409,雅克科技,2025-09-23 14:53:36,67.01,4200,67.04,D
sz002409,雅克科技,2025-09-23 14:53:39,67.01,4600,67.01,D
sz002409,雅克科技,2025-09-23 14:53:42,66.98,58296,67.01,D
sz002409,雅克科技,2025-09-23 14:53:45,67.01,4100,66.98,U
sz002409,雅克科技,2025-09-23 14:53:48,67.01,6800,67.01,U
sz002409,雅克科技,2025-09-23 14:53:54,66.96,3600,66.99,D
sz002409,雅克科技,2025-09-23 14:54:00,66.96,3600,66.99,D
sz002409,雅克科技,2025-09-23 14:54:06,66.98,5800,66.98,D
sz002409,雅克科技,2025-09-23 14:54:09,67.0,22000,66.98,D
sz002409,雅克科技,2025-09-23 14:54:24,67.0,5900,67.0,D
sz002409,雅克科技,2025-09-23 14:54:27,67.0,5000,67.0,D
sz002409,雅克科技,2025-09-23 14:54:30,67.0,10500,67.0,D
sz002409,雅克科技,2025-09-23 14:54:33,66.99,7300,67.0,D
sz002409,雅克科技,2025-09-23 14:54:36,66.99,6200,66.99,D
sz002409,雅克科技,2025-09-23 14:54:42,66.94,4500,66.99,D
sz002409,雅克科技,2025-09-23 14:54:45,66.95,4200,66.94,U
sz002409,雅克科技,2025-09-23 14:54:54,66.94,3700,66.94,D
sz002409,雅克科技,2025-09-23 14:54:57,66.94,7900,66.94,U
sz002409,雅克科技,2025-09-23 14:55:00,66.95,4700,66.94,U
sz002409,雅克科技,2025-09-23 14:55:06,66.99,4500,66.93,U
sz002409,雅克科技,2025-09-23 14:55:15,67.0,6200,66.97,U
sz002409,雅克科技,2025-09-23 14:55:18,67.0,11200,67.0,D
sz002409,雅克科技,2025-09-23 14:55:21,67.0,6100,67.0,U
sz002409,雅克科技,2025-09-23 14:55:24,66.98,10600,67.0,D
sz002409,雅克科技,2025-09-23 14:55:27,67.0,3500,66.98,U
sz002409,雅克科技,2025-09-23 14:55:30,67.0,3500,67.0,U
sz002409,雅克科技,2025-09-23 14:55:33,67.01,3900,67.0,U
sz002409,雅克科技,2025-09-23 14:55:36,67.01,3200,67.01,D
sz002409,雅克科技,2025-09-23 14:55:39,67.02,11100,67.01,U
sz002409,雅克科技,2025-09-23 14:55:42,67.02,5100,67.02,D
sz002409,雅克科技,2025-09-23 14:55:45,67.02,16200,67.02,D
sz002409,雅克科技,2025-09-23 14:55:48,67.03,3600,67.02,U
sz002409,雅克科技,2025-09-23 14:55:57,67.03,6400,67.04,D
sz002409,雅克科技,2025-09-23 14:56:00,67.08,8100,67.03,U
sz002409,雅克科技,2025-09-23 14:56:03,67.05,6000,67.08,D
sz002409,雅克科技,2025-09-23 14:56:06,67.04,4800,67.05,D
sz002409,雅克科技,2025-09-23 14:56:09,67.05,6800,67.04,U
sz002409,雅克科技,2025-09-23 14:56:15,67.05,15700,67.05,D
sz002409,雅克科技,2025-09-23 14:56:18,67.06,5500,67.05,U
sz002409,雅克科技,2025-09-23 14:56:21,67.06,4700,67.06,D
sz002409,雅克科技,2025-09-23 14:56:24,67.1,23700,67.06,U
sz002409,雅克科技,2025-09-23 14:56:33,67.06,8800,67.07,D
sz002409,雅克科技,2025-09-23 14:56:36,67.1,8100,67.06,U
sz002409,雅克科技,2025-09-23 14:56:39,67.1,4000,67.1,U
sz002409,雅克科技,2025-09-23 14:56:42,67.09,10400,67.1,D
sz002409,雅克科技,2025-09-23 14:56:45,67.08,6900,67.09,D
sz002409,雅克科技,2025-09-23 14:56:48,67.09,18900,67.08,U
sz002409,雅克科技,2025-09-23 14:56:54,67.08,10100,67.06,U
sz002409,雅克科技,2025-09-23 14:56:57,67.02,3400,67.08,D
sz002409,雅克科技,2025-09-23 15:00:00,67.08,146400,67.06,E
