symbol,name,ticktime,price,volume,prev_price,kind
sz002409,雅克科技,2025-09-18 09:25:00,62.07,64100,0.0,U
sz002409,雅克科技,2025-09-18 09:30:00,62.15,28100,62.07,U
sz002409,雅克科技,2025-09-18 09:30:03,62.14,56100,62.15,D
sz002409,雅克科技,2025-09-18 09:30:06,62.11,21000,62.14,D
sz002409,雅克科技,2025-09-18 09:30:09,62.11,18900,62.11,D
sz002409,雅克科技,2025-09-18 09:30:12,62.11,32600,62.11,U
sz002409,雅克科技,2025-09-18 09:30:15,62.09,13600,62.11,D
sz002409,雅克科技,2025-09-18 09:30:18,62.16,6500,62.09,U
sz002409,雅克科技,2025-09-18 09:30:21,62.21,13900,62.16,U
sz002409,雅克科技,2025-09-18 09:30:24,62.24,19300,62.21,U
sz002409,雅克科技,2025-09-18 09:30:27,62.35,7400,62.24,U
sz002409,雅克科技,2025-09-18 09:30:30,62.37,5600,62.35,U
sz002409,雅克科技,2025-09-18 09:30:33,62.4,38700,62.37,U
sz002409,雅克科技,2025-09-18 09:30:36,62.55,36300,62.4,U
sz002409,雅克科技,2025-09-18 09:30:39,62.54,8100,62.55,E
sz002409,雅克科技,2025-09-18 09:30:42,62.6,31400,62.54,U
sz002409,雅克科技,2025-09-18 09:30:45,62.63,42600,62.6,U
sz002409,雅克科技,2025-09-18 09:30:48,62.68,13000,62.63,E
sz002409,雅克科技,2025-09-18 09:30:51,62.64,10100,62.68,D
sz002409,雅克科技,2025-09-18 09:30:54,62.64,21900,62.64,D
sz002409,雅克科技,2025-09-18 09:30:57,62.59,18400,62.64,D
sz002409,雅克科技,2025-09-18 09:31:00,62.5,17500,62.59,D
sz002409,雅克科技,2025-09-18 09:31:03,62.55,18100,62.5,E
sz002409,雅克科技,2025-09-18 09:31:06,62.45,67800,62.55,D
sz002409,雅克科技,2025-09-18 09:31:09,62.55,3300,62.45,U
sz002409,雅克科技,2025-09-18 09:31:12,62.43,8100,62.55,D
sz002409,雅克科技,2025-09-18 09:31:15,62.5,15600,62.43,E
sz002409,雅克科技,2025-09-18 09:31:18,62.52,9900,62.5,E
sz002409,雅克科技,2025-09-18 09:31:21,62.5,3300,62.52,E
sz002409,雅克科技,2025-09-18 09:31:24,62.52,12900,62.5,U
sz002409,雅克科技,2025-09-18 09:31:27,62.48,9400,62.52,E
sz002409,雅克科技,2025-09-18 09:31:30,62.45,5700,62.48,E
sz002409,雅克科技,2025-09-18 09:31:33,62.54,15800,62.45,U
sz002409,雅克科技,2025-09-18 09:31:36,62.59,47300,62.54,U
sz002409,雅克科技,2025-09-18 09:31:39,62.62,22200,62.59,U
sz002409,雅克科技,2025-09-18 09:31:42,62.59,9800,62.62,D
sz002409,雅克科技,2025-09-18 09:31:45,62.62,21700,62.59,U
sz002409,雅克科技,2025-09-18 09:31:48,62.72,10500,62.62,U
sz002409,雅克科技,2025-09-18 09:31:51,62.74,62400,62.72,U
sz002409,雅克科技,2025-09-18 09:31:54,62.85,4200,62.74,U
sz002409,雅克科技,2025-09-18 09:31:57,62.85,14000,62.85,E
sz002409,雅克科技,2025-09-18 09:32:00,63.0,95700,62.85,U
sz002409,雅克科技,2025-09-18 09:32:03,62.96,105800,63.0,E
sz002409,雅克科技,2025-09-18 09:32:06,63.0,6300,62.96,E
sz002409,雅克科技,2025-09-18 09:32:12,63.01,14400,63.02,D
sz002409,雅克科技,2025-09-18 09:32:15,63.1,17200,63.01,U
sz002409,雅克科技,2025-09-18 09:32:18,63.15,65900,63.1,U
sz002409,雅克科技,2025-09-18 09:32:21,63.34,19300,63.15,U
sz002409,雅克科技,2025-09-18 09:32:24,63.34,12600,63.34,D
sz002409,雅克科技,2025-09-18 09:32:27,63.39,56100,63.34,U
sz002409,雅克科技,2025-09-18 09:32:30,63.42,13700,63.39,U
sz002409,雅克科技,2025-09-18 09:32:33,63.44,16800,63.42,U
sz002409,雅克科技,2025-09-18 09:32:36,63.56,70700,63.44,U
sz002409,雅克科技,2025-09-18 09:32:39,63.58,17600,63.56,U
sz002409,雅克科技,2025-09-18 09:32:42,63.62,38600,63.58,U
sz002409,雅克科技,2025-09-18 09:32:45,63.61,47700,63.62,D
sz002409,雅克科技,2025-09-18 09:32:48,63.61,28200,63.61,D
sz002409,雅克科技,2025-09-18 09:32:51,63.62,12200,63.61,E
sz002409,雅克科技,2025-09-18 09:32:54,63.62,39500,63.62,D
sz002409,雅克科技,2025-09-18 09:32:57,63.64,54900,63.62,E
sz002409,雅克科技,2025-09-18 09:33:00,63.61,32600,63.64,D
sz002409,雅克科技,2025-09-18 09:33:03,63.62,12300,63.61,D
sz002409,雅克科技,2025-09-18 09:33:06,63.62,42500,63.62,U
sz002409,雅克科技,2025-09-18 09:33:09,63.61,36700,63.62,D
sz002409,雅克科技,2025-09-18 09:33:12,63.67,33700,63.61,U
sz002409,雅克科技,2025-09-18 09:33:15,63.61,49700,63.67,D
sz002409,雅克科技,2025-09-18 09:33:18,63.6,16400,63.61,E
sz002409,雅克科技,2025-09-18 09:33:21,63.6,22300,63.6,U
sz002409,雅克科技,2025-09-18 09:33:24,63.54,12100,63.6,D
sz002409,雅克科技,2025-09-18 09:33:27,63.62,32700,63.54,U
sz002409,雅克科技,2025-09-18 09:33:30,63.61,13400,63.62,D
sz002409,雅克科技,2025-09-18 09:33:33,63.62,24500,63.61,U
sz002409,雅克科技,2025-09-18 09:33:36,63.66,53000,63.62,E
sz002409,雅克科技,2025-09-18 09:33:39,63.66,13200,63.66,D
sz002409,雅克科技,2025-09-18 09:33:42,63.62,4300,63.66,D
sz002409,雅克科技,2025-09-18 09:33:45,63.67,10000,63.62,U
sz002409,雅克科技,2025-09-18 09:33:48,63.7,76500,63.67,U
sz002409,雅克科技,2025-09-18 09:33:51,63.88,161069,63.7,U
sz002409,雅克科技,2025-09-18 09:33:54,63.9,25800,63.88,U
sz002409,雅克科技,2025-09-18 09:33:57,63.88,16800,63.9,D
sz002409,雅克科技,2025-09-18 09:34:00,63.95,15900,63.88,U
sz002409,雅克科技,2025-09-18 09:34:03,63.88,7800,63.95,D
sz002409,雅克科技,2025-09-18 09:34:06,63.94,42400,63.88,U
sz002409,雅克科技,2025-09-18 09:34:09,63.88,51100,63.94,D
sz002409,雅克科技,2025-09-18 09:34:12,63.82,11900,63.88,E
sz002409,雅克科技,2025-09-18 09:34:15,63.75,16000,63.82,U
sz002409,雅克科技,2025-09-18 09:34:18,63.9,17700,63.75,U
sz002409,雅克科技,2025-09-18 09:34:21,63.81,8500,63.9,E
sz002409,雅克科技,2025-09-18 09:34:24,63.85,17700,63.81,E
sz002409,雅克科技,2025-09-18 09:34:27,63.75,11500,63.85,D
sz002409,雅克科技,2025-09-18 09:34:30,63.71,11000,63.75,D
sz002409,雅克科技,2025-09-18 09:34:33,63.7,13500,63.71,E
sz002409,雅克科技,2025-09-18 09:34:36,63.68,13600,63.7,U
sz002409,雅克科技,2025-09-18 09:34:39,63.61,10700,63.68,E
sz002409,雅克科技,2025-09-18 09:34:42,63.59,14700,63.61,D
sz002409,雅克科技,2025-09-18 09:34:45,63.7,58700,63.59,U
sz002409,雅克科技,2025-09-18 09:34:48,63.8,55400,63.7,U
sz002409,雅克科技,2025-09-18 09:34:51,63.75,43600,63.8,D
sz002409,雅克科技,2025-09-18 09:34:54,63.8,9100,63.75,E
sz002409,雅克科技,2025-09-18 09:34:57,63.75,9600,63.8,E
sz002409,雅克科技,2025-09-18 09:35:00,63.72,12300,63.75,E
sz002409,雅克科技,2025-09-18 09:35:03,63.75,20100,63.72,E
sz002409,雅克科技,2025-09-18 09:35:06,63.8,16700,63.75,U
sz002409,雅克科技,2025-09-18 09:35:09,63.8,13900,63.8,U
sz002409,雅克科技,2025-09-18 09:35:12,63.66,11400,63.8,D
sz002409,雅克科技,2025-09-18 09:35:15,63.66,7400,63.66,D
sz002409,雅克科技,2025-09-18 09:35:18,63.57,31000,63.66,D
sz002409,雅克科技,2025-09-18 09:35:21,63.59,14900,63.57,U
sz002409,雅克科技,2025-09-18 09:35:24,63.54,9800,63.59,D
sz002409,雅克科技,2025-09-18 09:35:27,63.54,20700,63.54,U
sz002409,雅克科技,2025-09-18 09:35:30,63.53,25200,63.54,E
sz002409,雅克科技,2025-09-18 09:35:33,63.54,11200,63.53,E
sz002409,雅克科技,2025-09-18 09:35:36,63.54,43800,63.54,D
sz002409,雅克科技,2025-09-18 09:35:39,63.61,39200,63.54,U
sz002409,雅克科技,2025-09-18 09:35:42,63.6,13100,63.61,D
sz002409,雅克科技,2025-09-18 09:35:45,63.6,13400,63.6,D
sz002409,雅克科技,2025-09-18 09:35:48,63.55,10200,63.6,D
sz002409,雅克科技,2025-09-18 09:35:51,63.55,6200,63.55,D
sz002409,雅克科技,2025-09-18 09:35:54,63.61,16300,63.55,U
sz002409,雅克科技,2025-09-18 09:35:57,63.6,13300,63.61,D
sz002409,雅克科技,2025-09-18 09:36:00,63.6,3300,63.6,D
sz002409,雅克科技,2025-09-18 09:36:03,63.6,10900,63.6,U
sz002409,雅克科技,2025-09-18 09:36:06,63.56,7300,63.6,D
sz002409,雅克科技,2025-09-18 09:36:09,63.48,32400,63.56,D
sz002409,雅克科技,2025-09-18 09:36:15,63.48,5300,63.53,E
sz002409,雅克科技,2025-09-18 09:36:18,63.53,29300,63.48,U
sz002409,雅克科技,2025-09-18 09:36:21,63.53,4300,63.53,D
sz002409,雅克科技,2025-09-18 09:36:24,63.53,11000,63.53,D
sz002409,雅克科技,2025-09-18 09:36:27,63.44,5300,63.53,D
sz002409,雅克科技,2025-09-18 09:36:36,63.44,13900,63.48,E
sz002409,雅克科技,2025-09-18 09:36:39,63.43,7900,63.44,D
sz002409,雅克科技,2025-09-18 09:36:42,63.49,9500,63.43,U
sz002409,雅克科技,2025-09-18 09:36:51,63.49,41500,63.44,U
sz002409,雅克科技,2025-09-18 09:36:54,63.5,17300,63.49,E
sz002409,雅克科技,2025-09-18 09:37:00,63.59,8400,63.5,U
sz002409,雅克科技,2025-09-18 09:37:03,63.6,17400,63.59,U
sz002409,雅克科技,2025-09-18 09:37:06,63.59,6900,63.6,E
sz002409,雅克科技,2025-09-18 09:37:09,63.53,16500,63.59,D
sz002409,雅克科技,2025-09-18 09:37:12,63.53,21100,63.53,U
sz002409,雅克科技,2025-09-18 09:37:15,63.53,8700,63.53,D
sz002409,雅克科技,2025-09-18 09:37:18,63.48,16100,63.53,D
sz002409,雅克科技,2025-09-18 09:37:21,63.52,10300,63.48,U
sz002409,雅克科技,2025-09-18 09:37:24,63.56,13000,63.52,U
sz002409,雅克科技,2025-09-18 09:37:27,63.53,10700,63.56,U
sz002409,雅克科技,2025-09-18 09:37:30,63.45,17300,63.53,E
sz002409,雅克科技,2025-09-18 09:37:33,63.45,3500,63.45,E
sz002409,雅克科技,2025-09-18 09:37:36,63.39,57900,63.45,D
sz002409,雅克科技,2025-09-18 09:37:39,63.3,15500,63.39,D
sz002409,雅克科技,2025-09-18 09:37:42,63.27,7400,63.3,D
sz002409,雅克科技,2025-09-18 09:37:48,63.18,4600,63.2,D
sz002409,雅克科技,2025-09-18 09:37:51,63.13,11400,63.18,E
sz002409,雅克科技,2025-09-18 09:37:54,63.2,20200,63.13,U
sz002409,雅克科技,2025-09-18 09:37:57,63.11,14000,63.2,D
sz002409,雅克科技,2025-09-18 09:38:00,63.23,17100,63.11,U
sz002409,雅克科技,2025-09-18 09:38:03,63.2,15400,63.23,D
sz002409,雅克科技,2025-09-18 09:38:09,63.2,8700,63.2,D
sz002409,雅克科技,2025-09-18 09:38:12,63.19,4900,63.2,D
sz002409,雅克科技,2025-09-18 09:38:18,63.04,37100,63.19,D
sz002409,雅克科技,2025-09-18 09:38:21,63.18,18800,63.04,U
sz002409,雅克科技,2025-09-18 09:38:24,63.03,6600,63.18,D
sz002409,雅克科技,2025-09-18 09:38:27,63.04,11300,63.03,U
sz002409,雅克科技,2025-09-18 09:38:30,63.03,9600,63.04,D
sz002409,雅克科技,2025-09-18 09:38:33,63.13,12000,63.03,U
sz002409,雅克科技,2025-09-18 09:38:36,63.13,5400,63.13,E
sz002409,雅克科技,2025-09-18 09:38:39,63.18,10300,63.13,U
sz002409,雅克科技,2025-09-18 09:38:42,63.2,29000,63.18,U
sz002409,雅克科技,2025-09-18 09:38:45,63.23,26650,63.2,U
sz002409,雅克科技,2025-09-18 09:38:48,63.35,5400,63.23,E
sz002409,雅克科技,2025-09-18 09:38:51,63.37,4300,63.35,U
sz002409,雅克科技,2025-09-18 09:38:54,63.36,5100,63.37,D
sz002409,雅克科技,2025-09-18 09:38:57,63.49,10300,63.36,U
sz002409,雅克科技,2025-09-18 09:39:00,63.47,31800,63.49,E
sz002409,雅克科技,2025-09-18 09:39:03,63.51,5600,63.47,E
sz002409,雅克科技,2025-09-18 09:39:06,63.5,19100,63.51,D
sz002409,雅克科技,2025-09-18 09:39:09,63.5,23500,63.5,U
sz002409,雅克科技,2025-09-18 09:39:12,63.5,9300,63.5,U
sz002409,雅克科技,2025-09-18 09:39:15,63.47,29200,63.5,E
sz002409,雅克科技,2025-09-18 09:39:18,63.38,3400,63.47,E
sz002409,雅克科技,2025-09-18 09:39:24,63.42,7800,63.4,U
sz002409,雅克科技,2025-09-18 09:39:27,63.36,9600,63.42,D
sz002409,雅克科技,2025-09-18 09:39:30,63.36,5500,63.36,U
sz002409,雅克科技,2025-09-18 09:39:33,63.22,3800,63.36,D
sz002409,雅克科技,2025-09-18 09:39:36,63.24,9600,63.22,E
sz002409,雅克科技,2025-09-18 09:39:39,63.32,4400,63.24,U
sz002409,雅克科技,2025-09-18 09:39:42,63.29,13100,63.32,E
sz002409,雅克科技,2025-09-18 09:39:48,63.32,22700,63.28,U
sz002409,雅克科技,2025-09-18 09:39:51,63.33,4900,63.32,U
sz002409,雅克科技,2025-09-18 09:39:54,63.42,29300,63.33,U
sz002409,雅克科技,2025-09-18 09:39:57,63.4,6900,63.42,D
sz002409,雅克科技,2025-09-18 09:40:03,63.4,5200,63.41,D
sz002409,雅克科技,2025-09-18 09:40:06,63.4,8400,63.4,D
sz002409,雅克科技,2025-09-18 09:40:09,63.36,3200,63.4,D
sz002409,雅克科技,2025-09-18 09:40:12,63.41,14900,63.36,U
sz002409,雅克科技,2025-09-18 09:40:15,63.4,6000,63.41,U
sz002409,雅克科技,2025-09-18 09:40:21,63.37,7700,63.4,D
sz002409,雅克科技,2025-09-18 09:40:27,63.39,7200,63.37,U
sz002409,雅克科技,2025-09-18 09:40:30,63.46,37700,63.39,U
sz002409,雅克科技,2025-09-18 09:40:33,63.46,8400,63.46,D
sz002409,雅克科技,2025-09-18 09:40:36,63.5,5800,63.46,U
sz002409,雅克科技,2025-09-18 09:40:39,63.46,14400,63.5,D
sz002409,雅克科技,2025-09-18 09:40:42,63.49,7000,63.46,U
sz002409,雅克科技,2025-09-18 09:40:45,63.49,4300,63.49,D
sz002409,雅克科技,2025-09-18 09:40:48,63.5,13600,63.49,U
sz002409,雅克科技,2025-09-18 09:40:51,63.49,4900,63.5,D
sz002409,雅克科技,2025-09-18 09:40:54,63.63,114600,63.49,U
sz002409,雅克科技,2025-09-18 09:40:57,63.63,20500,63.63,U
sz002409,雅克科技,2025-09-18 09:41:00,63.62,8500,63.63,D
sz002409,雅克科技,2025-09-18 09:41:03,63.64,5700,63.62,D
sz002409,雅克科技,2025-09-18 09:41:06,63.59,11400,63.64,D
sz002409,雅克科技,2025-09-18 09:41:09,63.59,5200,63.59,U
sz002409,雅克科技,2025-09-18 09:41:12,63.55,10200,63.59,E
sz002409,雅克科技,2025-09-18 09:41:18,63.57,3900,63.53,U
sz002409,雅克科技,2025-09-18 09:41:21,63.58,6100,63.57,U
sz002409,雅克科技,2025-09-18 09:41:24,63.56,5400,63.58,E
sz002409,雅克科技,2025-09-18 09:41:27,63.56,8000,63.56,U
sz002409,雅克科技,2025-09-18 09:41:30,63.57,9700,63.56,U
sz002409,雅克科技,2025-09-18 09:41:33,63.62,48400,63.57,U
sz002409,雅克科技,2025-09-18 09:41:36,63.55,9800,63.62,D
sz002409,雅克科技,2025-09-18 09:41:42,63.55,3400,63.57,E
sz002409,雅克科技,2025-09-18 09:41:45,63.54,6100,63.55,D
sz002409,雅克科技,2025-09-18 09:41:48,63.57,7900,63.54,U
sz002409,雅克科技,2025-09-18 09:41:54,63.53,10400,63.55,D
sz002409,雅克科技,2025-09-18 09:41:57,63.5,5800,63.53,D
sz002409,雅克科技,2025-09-18 09:42:03,63.5,4200,63.53,D
sz002409,雅克科技,2025-09-18 09:42:09,63.49,7300,63.53,D
sz002409,雅克科技,2025-09-18 09:42:15,63.47,16000,63.49,D
sz002409,雅克科技,2025-09-18 09:42:24,63.35,21700,63.39,D
sz002409,雅克科技,2025-09-18 09:42:27,63.37,3300,63.35,E
sz002409,雅克科技,2025-09-18 09:42:30,63.4,6500,63.37,U
sz002409,雅克科技,2025-09-18 09:42:33,63.32,3300,63.4,D
sz002409,雅克科技,2025-09-18 09:42:39,63.3,4300,63.31,D
sz002409,雅克科技,2025-09-18 09:42:45,63.35,10400,63.3,U
sz002409,雅克科技,2025-09-18 09:42:48,63.32,5500,63.35,D
sz002409,雅克科技,2025-09-18 09:42:54,63.32,7400,63.32,D
sz002409,雅克科技,2025-09-18 09:42:57,63.32,11800,63.32,D
sz002409,雅克科技,2025-09-18 09:43:00,63.32,4800,63.32,D
sz002409,雅克科技,2025-09-18 09:43:06,63.31,7100,63.32,D
sz002409,雅克科技,2025-09-18 09:43:09,63.31,5100,63.31,D
sz002409,雅克科技,2025-09-18 09:43:12,63.36,22500,63.31,U
sz002409,雅克科技,2025-09-18 09:43:15,63.38,13400,63.36,U
sz002409,雅克科技,2025-09-18 09:43:18,63.36,8100,63.38,D
sz002409,雅克科技,2025-09-18 09:43:30,63.41,3800,63.37,E
sz002409,雅克科技,2025-09-18 09:43:42,63.43,3200,63.38,U
sz002409,雅克科技,2025-09-18 09:43:45,63.46,5800,63.43,U
sz002409,雅克科技,2025-09-18 09:44:00,63.38,4000,63.43,D
sz002409,雅克科技,2025-09-18 09:44:03,63.38,6100,63.38,E
sz002409,雅克科技,2025-09-18 09:44:06,63.42,6000,63.38,U
sz002409,雅克科技,2025-09-18 09:44:18,63.4,3300,63.38,U
sz002409,雅克科技,2025-09-18 09:44:27,63.38,7800,63.34,U
sz002409,雅克科技,2025-09-18 09:44:30,63.3,17800,63.38,D
sz002409,雅克科技,2025-09-18 09:44:33,63.36,7400,63.3,U
sz002409,雅克科技,2025-09-18 09:44:39,63.23,13500,63.34,D
sz002409,雅克科技,2025-09-18 09:44:45,63.29,4600,63.33,D
sz002409,雅克科技,2025-09-18 09:44:54,63.24,5200,63.31,D
sz002409,雅克科技,2025-09-18 09:45:00,63.18,11700,63.26,D
sz002409,雅克科技,2025-09-18 09:45:03,63.15,4400,63.18,D
sz002409,雅克科技,2025-09-18 09:45:12,63.13,3700,63.13,D
sz002409,雅克科技,2025-09-18 09:45:18,63.13,6600,63.13,U
sz002409,雅克科技,2025-09-18 09:45:21,63.16,21700,63.13,U
sz002409,雅克科技,2025-09-18 09:45:24,63.18,4100,63.16,E
sz002409,雅克科技,2025-09-18 09:45:30,63.21,3400,63.18,E
sz002409,雅克科技,2025-09-18 09:45:33,63.2,3200,63.21,E
sz002409,雅克科技,2025-09-18 09:45:36,63.19,7700,63.2,E
sz002409,雅克科技,2025-09-18 09:45:42,63.16,4200,63.2,D
sz002409,雅克科技,2025-09-18 09:45:45,63.19,5000,63.16,E
sz002409,雅克科技,2025-09-18 09:45:48,63.2,9600,63.19,U
sz002409,雅克科技,2025-09-18 09:45:51,63.2,6000,63.2,D
sz002409,雅克科技,2025-09-18 09:46:00,63.22,5800,63.22,E
sz002409,雅克科技,2025-09-18 09:46:03,63.28,6800,63.22,E
sz002409,雅克科技,2025-09-18 09:46:09,63.3,6000,63.28,E
sz002409,雅克科技,2025-09-18 09:46:15,63.3,3500,63.28,U
sz002409,雅克科技,2025-09-18 09:46:21,63.31,10500,63.26,U
sz002409,雅克科技,2025-09-18 09:46:24,63.31,12400,63.31,D
sz002409,雅克科技,2025-09-18 09:46:27,63.31,10900,63.31,D
sz002409,雅克科技,2025-09-18 09:46:30,63.32,13700,63.31,E
sz002409,雅克科技,2025-09-18 09:46:33,63.36,5600,63.32,U
sz002409,雅克科技,2025-09-18 09:46:36,63.35,7700,63.36,D
sz002409,雅克科技,2025-09-18 09:46:42,63.27,28200,63.36,D
sz002409,雅克科技,2025-09-18 09:46:45,63.27,15100,63.27,U
sz002409,雅克科技,2025-09-18 09:46:51,63.21,3800,63.27,D
sz002409,雅克科技,2025-09-18 09:47:00,63.2,37700,63.21,D
sz002409,雅克科技,2025-09-18 09:47:03,63.2,7400,63.2,U
sz002409,雅克科技,2025-09-18 09:47:09,63.12,4100,63.2,D
sz002409,雅克科技,2025-09-18 09:47:12,63.11,8000,63.12,D
sz002409,雅克科技,2025-09-18 09:47:15,63.09,12500,63.11,D
sz002409,雅克科技,2025-09-18 09:47:18,63.04,18600,63.09,D
sz002409,雅克科技,2025-09-18 09:47:21,63.03,7600,63.04,D
sz002409,雅克科技,2025-09-18 09:47:24,63.01,31200,63.03,D
sz002409,雅克科技,2025-09-18 09:47:27,63.03,11500,63.01,U
sz002409,雅克科技,2025-09-18 09:47:30,63.0,34200,63.03,D
sz002409,雅克科技,2025-09-18 09:47:33,63.0,9100,63.0,U
sz002409,雅克科技,2025-09-18 09:47:36,62.94,11000,63.0,D
sz002409,雅克科技,2025-09-18 09:47:42,62.93,3400,62.96,E
sz002409,雅克科技,2025-09-18 09:47:45,62.9,3900,62.93,D
sz002409,雅克科技,2025-09-18 09:47:48,62.87,8000,62.9,D
sz002409,雅克科技,2025-09-18 09:47:51,62.85,8300,62.87,D
sz002409,雅克科技,2025-09-18 09:47:57,62.85,12100,62.85,D
sz002409,雅克科技,2025-09-18 09:48:00,62.85,10400,62.85,U
sz002409,雅克科技,2025-09-18 09:48:03,62.82,3900,62.85,D
sz002409,雅克科技,2025-09-18 09:48:06,62.84,19400,62.82,U
sz002409,雅克科技,2025-09-18 09:48:09,62.84,22900,62.84,U
sz002409,雅克科技,2025-09-18 09:48:12,62.83,5400,62.84,E
sz002409,雅克科技,2025-09-18 09:48:15,62.83,4800,62.83,D
sz002409,雅克科技,2025-09-18 09:48:21,62.79,4800,62.83,D
sz002409,雅克科技,2025-09-18 09:48:24,62.8,16800,62.79,D
sz002409,雅克科技,2025-09-18 09:48:27,62.79,7500,62.8,U
sz002409,雅克科技,2025-09-18 09:48:30,62.8,4000,62.79,E
sz002409,雅克科技,2025-09-18 09:48:33,62.75,21600,62.8,D
sz002409,雅克科技,2025-09-18 09:48:36,62.79,15700,62.75,E
sz002409,雅克科技,2025-09-18 09:48:42,62.78,3200,62.78,D
sz002409,雅克科技,2025-09-18 09:48:45,62.78,4200,62.78,D
sz002409,雅克科技,2025-09-18 09:48:48,62.78,11500,62.78,D
sz002409,雅克科技,2025-09-18 09:48:51,62.78,4800,62.78,U
sz002409,雅克科技,2025-09-18 09:48:54,62.72,4000,62.78,D
sz002409,雅克科技,2025-09-18 09:48:57,62.76,7000,62.72,E
sz002409,雅克科技,2025-09-18 09:49:03,62.76,5900,62.72,U
sz002409,雅克科技,2025-09-18 09:49:06,62.84,31000,62.76,U
sz002409,雅克科技,2025-09-18 09:49:09,62.86,8600,62.84,U
sz002409,雅克科技,2025-09-18 09:49:18,62.86,9900,62.86,D
sz002409,雅克科技,2025-09-18 09:49:21,62.81,11700,62.86,D
sz002409,雅克科技,2025-09-18 09:49:24,62.85,16000,62.81,U
sz002409,雅克科技,2025-09-18 09:49:27,62.8,28100,62.85,E
sz002409,雅克科技,2025-09-18 09:49:30,62.77,9600,62.8,E
sz002409,雅克科技,2025-09-18 09:49:33,62.77,9100,62.77,U
sz002409,雅克科技,2025-09-18 09:49:36,62.77,3900,62.77,E
sz002409,雅克科技,2025-09-18 09:49:39,62.72,7500,62.77,D
sz002409,雅克科技,2025-09-18 09:49:42,62.72,31000,62.72,D
sz002409,雅克科技,2025-09-18 09:49:45,62.71,14400,62.72,U
sz002409,雅克科技,2025-09-18 09:49:48,62.69,12100,62.71,E
sz002409,雅克科技,2025-09-18 09:50:00,62.6,14200,62.6,U
sz002409,雅克科技,2025-09-18 09:50:03,62.59,4100,62.6,U
sz002409,雅克科技,2025-09-18 09:50:09,62.58,13800,62.58,U
sz002409,雅克科技,2025-09-18 09:50:15,62.58,16200,62.59,D
sz002409,雅克科技,2025-09-18 09:50:21,62.57,23500,62.7,D
sz002409,雅克科技,2025-09-18 09:50:24,62.62,15400,62.57,E
sz002409,雅克科技,2025-09-18 09:50:27,62.68,6300,62.62,U
sz002409,雅克科技,2025-09-18 09:50:33,62.62,11800,62.62,D
sz002409,雅克科技,2025-09-18 09:50:36,62.62,9600,62.62,U
sz002409,雅克科技,2025-09-18 09:50:39,62.62,19700,62.62,U
sz002409,雅克科技,2025-09-18 09:50:42,62.61,9000,62.62,U
sz002409,雅克科技,2025-09-18 09:50:45,62.6,5200,62.61,E
sz002409,雅克科技,2025-09-18 09:50:48,62.61,11100,62.6,U
sz002409,雅克科技,2025-09-18 09:50:51,62.6,26500,62.61,D
sz002409,雅克科技,2025-09-18 09:50:57,62.61,4200,62.61,U
sz002409,雅克科技,2025-09-18 09:51:00,62.6,5700,62.61,E
sz002409,雅克科技,2025-09-18 09:51:03,62.57,10900,62.6,E
sz002409,雅克科技,2025-09-18 09:51:06,62.61,6100,62.57,E
sz002409,雅克科技,2025-09-18 09:51:09,62.6,4200,62.61,D
sz002409,雅克科技,2025-09-18 09:51:12,62.62,6400,62.6,U
sz002409,雅克科技,2025-09-18 09:51:15,62.65,19700,62.62,E
sz002409,雅克科技,2025-09-18 09:51:21,62.79,3800,62.63,U
sz002409,雅克科技,2025-09-18 09:51:27,62.79,3700,62.71,U
sz002409,雅克科技,2025-09-18 09:51:30,62.8,15000,62.79,U
sz002409,雅克科技,2025-09-18 09:51:42,62.91,9000,62.89,U
sz002409,雅克科技,2025-09-18 09:51:45,62.89,7800,62.91,D
sz002409,雅克科技,2025-09-18 09:51:48,62.89,4000,62.89,D
sz002409,雅克科技,2025-09-18 09:51:51,62.87,7800,62.89,D
sz002409,雅克科技,2025-09-18 09:51:54,62.85,16200,62.87,D
sz002409,雅克科技,2025-09-18 09:52:00,62.86,8700,62.89,D
sz002409,雅克科技,2025-09-18 09:52:03,62.87,11600,62.86,E
sz002409,雅克科技,2025-09-18 09:52:06,62.87,3600,62.87,U
sz002409,雅克科技,2025-09-18 09:52:12,62.87,4200,62.85,E
sz002409,雅克科技,2025-09-18 09:52:21,62.85,17600,62.86,D
sz002409,雅克科技,2025-09-18 09:52:24,62.86,11800,62.85,D
sz002409,雅克科技,2025-09-18 09:52:27,62.8,5400,62.86,D
sz002409,雅克科技,2025-09-18 09:52:30,62.86,6100,62.8,D
sz002409,雅克科技,2025-09-18 09:52:33,62.86,4500,62.86,U
sz002409,雅克科技,2025-09-18 09:52:42,62.85,4600,62.85,U
sz002409,雅克科技,2025-09-18 09:52:51,62.82,4100,62.8,E
sz002409,雅克科技,2025-09-18 09:53:09,62.71,8000,62.73,D
sz002409,雅克科技,2025-09-18 09:53:21,62.7,9300,62.71,D
sz002409,雅克科技,2025-09-18 09:53:27,62.73,6700,62.7,U
sz002409,雅克科技,2025-09-18 09:53:30,62.7,10500,62.73,D
sz002409,雅克科技,2025-09-18 09:53:33,62.78,5800,62.7,U
sz002409,雅克科技,2025-09-18 09:53:36,62.76,3600,62.78,D
sz002409,雅克科技,2025-09-18 09:53:39,62.86,34900,62.76,U
sz002409,雅克科技,2025-09-18 09:53:42,62.91,4400,62.86,E
sz002409,雅克科技,2025-09-18 09:53:45,62.93,34400,62.91,U
sz002409,雅克科技,2025-09-18 09:53:51,62.85,4000,62.91,D
sz002409,雅克科技,2025-09-18 09:53:54,62.92,8200,62.85,U
sz002409,雅克科技,2025-09-18 09:53:57,62.92,6400,62.92,D
sz002409,雅克科技,2025-09-18 09:54:00,62.92,15900,62.92,D
sz002409,雅克科技,2025-09-18 09:54:03,62.92,3300,62.92,U
sz002409,雅克科技,2025-09-18 09:54:06,62.92,5100,62.92,U
sz002409,雅克科技,2025-09-18 09:54:09,62.86,12800,62.92,E
sz002409,雅克科技,2025-09-18 09:54:12,62.96,6500,62.86,U
sz002409,雅克科技,2025-09-18 09:54:15,62.97,11600,62.96,U
sz002409,雅克科技,2025-09-18 09:54:18,62.9,3700,62.97,E
sz002409,雅克科技,2025-09-18 09:54:36,62.85,6600,62.92,D
sz002409,雅克科技,2025-09-18 09:54:57,62.88,11400,62.86,E
sz002409,雅克科技,2025-09-18 09:55:09,62.9,6600,62.9,U
sz002409,雅克科技,2025-09-18 09:55:12,62.96,7321,62.9,U
sz002409,雅克科技,2025-09-18 09:55:15,62.9,4300,62.96,D
sz002409,雅克科技,2025-09-18 09:55:30,62.91,7100,62.9,E
sz002409,雅克科技,2025-09-18 09:55:33,62.88,3900,62.91,D
sz002409,雅克科技,2025-09-18 09:55:57,62.9,3300,62.9,U
sz002409,雅克科技,2025-09-18 09:56:03,62.83,31200,62.9,D
sz002409,雅克科技,2025-09-18 09:56:06,62.88,7400,62.83,U
sz002409,雅克科技,2025-09-18 09:56:12,62.82,4700,62.85,D
sz002409,雅克科技,2025-09-18 09:56:36,62.83,15400,62.83,U
sz002409,雅克科技,2025-09-18 09:56:51,62.9,6600,62.88,U
sz002409,雅克科技,2025-09-18 09:56:54,62.94,3500,62.9,U
sz002409,雅克科技,2025-09-18 09:57:12,62.93,10900,62.9,E
sz002409,雅克科技,2025-09-18 09:57:21,62.9,3300,62.89,U
sz002409,雅克科技,2025-09-18 09:57:24,62.94,23200,62.9,U
sz002409,雅克科技,2025-09-18 09:57:27,62.96,7700,62.94,U
sz002409,雅克科技,2025-09-18 09:57:30,62.97,15700,62.96,U
sz002409,雅克科技,2025-09-18 09:57:36,62.98,10000,62.98,U
sz002409,雅克科技,2025-09-18 09:57:39,62.98,11600,62.98,U
sz002409,雅克科技,2025-09-18 09:57:48,62.96,3700,62.98,D
sz002409,雅克科技,2025-09-18 09:58:06,63.0,4300,63.0,U
sz002409,雅克科技,2025-09-18 09:58:09,63.01,9300,63.0,U
sz002409,雅克科技,2025-09-18 09:58:12,63.05,8200,63.01,U
sz002409,雅克科技,2025-09-18 09:58:45,63.07,12900,63.13,D
sz002409,雅克科技,2025-09-18 09:58:48,63.02,3900,63.07,D
sz002409,雅克科技,2025-09-18 09:59:00,63.06,5400,63.05,U
sz002409,雅克科技,2025-09-18 09:59:03,62.98,9700,63.06,D
sz002409,雅克科技,2025-09-18 09:59:12,62.96,3200,62.99,D
sz002409,雅克科技,2025-09-18 09:59:30,63.0,6300,62.96,E
sz002409,雅克科技,2025-09-18 09:59:42,63.0,8800,63.0,U
sz002409,雅克科技,2025-09-18 09:59:51,63.0,3800,62.97,U
sz002409,雅克科技,2025-09-18 09:59:57,63.0,6500,62.97,U
sz002409,雅克科技,2025-09-18 10:00:06,62.98,3300,62.97,D
sz002409,雅克科技,2025-09-18 10:00:15,62.99,3700,62.96,U
sz002409,雅克科技,2025-09-18 10:00:30,63.0,7600,63.0,U
sz002409,雅克科技,2025-09-18 10:00:54,63.0,8900,63.0,U
sz002409,雅克科技,2025-09-18 10:00:57,63.02,3900,63.0,U
sz002409,雅克科技,2025-09-18 10:01:00,63.01,7100,63.02,D
sz002409,雅克科技,2025-09-18 10:01:06,63.09,9400,63.05,U
sz002409,雅克科技,2025-09-18 10:01:09,63.1,4000,63.09,U
sz002409,雅克科技,2025-09-18 10:01:21,63.1,9200,63.11,D
sz002409,雅克科技,2025-09-18 10:01:39,63.15,9000,63.12,U
sz002409,雅克科技,2025-09-18 10:01:57,63.16,3700,63.17,E
sz002409,雅克科技,2025-09-18 10:02:00,63.15,18100,63.16,D
sz002409,雅克科技,2025-09-18 10:02:06,63.16,4300,63.17,U
sz002409,雅克科技,2025-09-18 10:02:15,63.19,22500,63.14,U
sz002409,雅克科技,2025-09-18 10:02:18,63.2,21300,63.19,U
sz002409,雅克科技,2025-09-18 10:02:21,63.2,4100,63.2,D
sz002409,雅克科技,2025-09-18 10:02:45,63.24,25700,63.14,U
sz002409,雅克科技,2025-09-18 10:03:03,63.26,33600,63.18,U
sz002409,雅克科技,2025-09-18 10:03:09,63.28,3300,63.28,U
sz002409,雅克科技,2025-09-18 10:03:12,63.3,4600,63.28,U
sz002409,雅克科技,2025-09-18 10:03:15,63.3,8002,63.3,U
sz002409,雅克科技,2025-09-18 10:03:30,63.3,7500,63.31,D
sz002409,雅克科技,2025-09-18 10:03:36,63.35,6800,63.3,U
sz002409,雅克科技,2025-09-18 10:03:42,63.36,10700,63.31,U
sz002409,雅克科技,2025-09-18 10:03:45,63.32,4200,63.36,E
sz002409,雅克科技,2025-09-18 10:03:51,63.34,11000,63.33,U
sz002409,雅克科技,2025-09-18 10:03:54,63.31,25800,63.34,D
sz002409,雅克科技,2025-09-18 10:03:57,63.34,26400,63.31,U
sz002409,雅克科技,2025-09-18 10:04:00,63.35,9900,63.34,U
sz002409,雅克科技,2025-09-18 10:04:03,63.44,40100,63.35,U
sz002409,雅克科技,2025-09-18 10:04:06,63.44,15700,63.44,E
sz002409,雅克科技,2025-09-18 10:04:09,63.5,10900,63.44,U
sz002409,雅克科技,2025-09-18 10:04:12,63.46,19000,63.5,D
sz002409,雅克科技,2025-09-18 10:04:15,63.5,22200,63.46,U
sz002409,雅克科技,2025-09-18 10:04:18,63.5,16200,63.5,U
sz002409,雅克科技,2025-09-18 10:04:21,63.51,19300,63.5,U
sz002409,雅克科技,2025-09-18 10:04:30,63.52,10500,63.52,D
sz002409,雅克科技,2025-09-18 10:04:33,63.5,5000,63.52,D
sz002409,雅克科技,2025-09-18 10:04:36,63.52,17100,63.5,U
sz002409,雅克科技,2025-09-18 10:04:39,63.49,3600,63.52,E
sz002409,雅克科技,2025-09-18 10:04:42,63.5,22800,63.49,U
sz002409,雅克科技,2025-09-18 10:04:48,63.55,31000,63.49,U
sz002409,雅克科技,2025-09-18 10:04:51,63.54,16800,63.55,D
sz002409,雅克科技,2025-09-18 10:04:54,63.56,5000,63.54,U
sz002409,雅克科技,2025-09-18 10:04:57,63.55,3400,63.56,D
sz002409,雅克科技,2025-09-18 10:05:00,63.55,5900,63.55,D
sz002409,雅克科技,2025-09-18 10:05:03,63.57,31400,63.55,U
sz002409,雅克科技,2025-09-18 10:05:06,63.58,6400,63.57,U
sz002409,雅克科技,2025-09-18 10:05:09,63.57,4300,63.58,D
sz002409,雅克科技,2025-09-18 10:05:12,63.6,51400,63.57,U
sz002409,雅克科技,2025-09-18 10:05:21,63.65,5100,63.65,U
sz002409,雅克科技,2025-09-18 10:05:24,63.66,8000,63.65,U
sz002409,雅克科技,2025-09-18 10:05:27,63.66,4600,63.66,D
sz002409,雅克科技,2025-09-18 10:05:30,63.66,6100,63.66,U
sz002409,雅克科技,2025-09-18 10:05:36,63.63,23800,63.67,D
sz002409,雅克科技,2025-09-18 10:05:39,63.66,4900,63.63,U
sz002409,雅克科技,2025-09-18 10:05:45,63.67,14200,63.64,U
sz002409,雅克科技,2025-09-18 10:05:48,63.65,5100,63.67,E
sz002409,雅克科技,2025-09-18 10:05:51,63.62,6300,63.65,D
sz002409,雅克科技,2025-09-18 10:05:57,63.65,21300,63.57,U
sz002409,雅克科技,2025-09-18 10:06:00,63.65,7400,63.65,U
sz002409,雅克科技,2025-09-18 10:06:06,63.63,3200,63.63,U
sz002409,雅克科技,2025-09-18 10:06:09,63.62,4500,63.63,D
sz002409,雅克科技,2025-09-18 10:06:12,63.54,9300,63.62,D
sz002409,雅克科技,2025-09-18 10:06:15,63.52,12300,63.54,D
sz002409,雅克科技,2025-09-18 10:06:21,63.5,6700,63.54,D
sz002409,雅克科技,2025-09-18 10:06:33,63.47,3500,63.48,D
sz002409,雅克科技,2025-09-18 10:06:36,63.47,3300,63.47,D
sz002409,雅克科技,2025-09-18 10:06:39,63.47,3600,63.47,U
sz002409,雅克科技,2025-09-18 10:06:48,63.52,34700,63.46,U
sz002409,雅克科技,2025-09-18 10:06:51,63.51,21000,63.52,E
sz002409,雅克科技,2025-09-18 10:06:54,63.57,12400,63.51,U
sz002409,雅克科技,2025-09-18 10:07:00,63.57,8800,63.56,U
sz002409,雅克科技,2025-09-18 10:07:03,63.56,19000,63.57,D
sz002409,雅克科技,2025-09-18 10:07:12,63.55,11500,63.56,D
sz002409,雅克科技,2025-09-18 10:07:15,63.59,76500,63.55,U
sz002409,雅克科技,2025-09-18 10:07:18,63.58,12000,63.59,D
sz002409,雅克科技,2025-09-18 10:07:21,63.65,5700,63.58,U
sz002409,雅克科技,2025-09-18 10:07:24,63.66,7600,63.65,U
sz002409,雅克科技,2025-09-18 10:07:27,63.66,8500,63.66,D
sz002409,雅克科技,2025-09-18 10:07:30,63.66,4000,63.66,U
sz002409,雅克科技,2025-09-18 10:07:33,63.66,3700,63.66,U
sz002409,雅克科技,2025-09-18 10:07:36,63.75,101700,63.66,U
sz002409,雅克科技,2025-09-18 10:07:39,63.76,11200,63.75,U
sz002409,雅克科技,2025-09-18 10:07:42,63.79,17700,63.76,U
sz002409,雅克科技,2025-09-18 10:07:45,63.79,11100,63.79,U
sz002409,雅克科技,2025-09-18 10:07:48,63.79,13200,63.79,U
sz002409,雅克科技,2025-09-18 10:07:51,63.8,6300,63.79,U
sz002409,雅克科技,2025-09-18 10:07:54,63.8,15700,63.8,U
sz002409,雅克科技,2025-09-18 10:07:57,63.79,16800,63.8,U
sz002409,雅克科技,2025-09-18 10:08:00,63.79,7000,63.79,U
sz002409,雅克科技,2025-09-18 10:08:03,63.79,28100,63.79,D
sz002409,雅克科技,2025-09-18 10:08:06,63.79,59600,63.79,U
sz002409,雅克科技,2025-09-18 10:08:09,63.79,25700,63.79,D
sz002409,雅克科技,2025-09-18 10:08:12,63.79,7200,63.79,D
sz002409,雅克科技,2025-09-18 10:08:15,63.82,23200,63.79,U
sz002409,雅克科技,2025-09-18 10:08:18,63.85,24900,63.82,U
sz002409,雅克科技,2025-09-18 10:08:21,63.87,36000,63.85,U
sz002409,雅克科技,2025-09-18 10:08:24,63.87,6700,63.87,E
sz002409,雅克科技,2025-09-18 10:08:27,63.87,8200,63.87,U
sz002409,雅克科技,2025-09-18 10:08:30,63.8,9100,63.87,D
sz002409,雅克科技,2025-09-18 10:08:33,63.79,32100,63.8,D
sz002409,雅克科技,2025-09-18 10:08:39,63.84,16400,63.8,E
sz002409,雅克科技,2025-09-18 10:08:42,63.86,29800,63.84,U
sz002409,雅克科技,2025-09-18 10:08:48,63.85,4600,63.83,E
sz002409,雅克科技,2025-09-18 10:08:51,63.85,13600,63.85,U
sz002409,雅克科技,2025-09-18 10:08:54,63.82,13900,63.85,D
sz002409,雅克科技,2025-09-18 10:09:00,63.8,4200,63.84,D
sz002409,雅克科技,2025-09-18 10:09:03,63.84,36400,63.8,U
sz002409,雅克科技,2025-09-18 10:09:06,63.84,126200,63.84,D
sz002409,雅克科技,2025-09-18 10:09:09,63.85,13400,63.84,E
sz002409,雅克科技,2025-09-18 10:09:12,63.88,6200,63.85,D
sz002409,雅克科技,2025-09-18 10:09:15,63.87,10200,63.88,E
sz002409,雅克科技,2025-09-18 10:09:18,63.85,39500,63.87,D
sz002409,雅克科技,2025-09-18 10:09:21,63.85,8800,63.85,D
sz002409,雅克科技,2025-09-18 10:09:24,63.85,4100,63.85,D
sz002409,雅克科技,2025-09-18 10:09:36,63.79,31800,63.82,D
sz002409,雅克科技,2025-09-18 10:09:42,63.73,7000,63.76,D
sz002409,雅克科技,2025-09-18 10:09:48,63.71,13800,63.65,E
sz002409,雅克科技,2025-09-18 10:09:54,63.73,5200,63.72,U
sz002409,雅克科技,2025-09-18 10:09:57,63.69,3900,63.73,D
sz002409,雅克科技,2025-09-18 10:10:06,63.75,10100,63.71,U
sz002409,雅克科技,2025-09-18 10:10:09,63.79,13300,63.75,U
sz002409,雅克科技,2025-09-18 10:10:12,63.78,3200,63.79,D
sz002409,雅克科技,2025-09-18 10:10:15,63.75,17700,63.78,D
sz002409,雅克科技,2025-09-18 10:10:18,63.77,5300,63.75,U
sz002409,雅克科技,2025-09-18 10:10:21,63.78,4200,63.77,U
sz002409,雅克科技,2025-09-18 10:10:24,63.76,15400,63.78,D
sz002409,雅克科技,2025-09-18 10:10:27,63.74,13000,63.76,D
sz002409,雅克科技,2025-09-18 10:10:39,63.78,58265,63.75,U
sz002409,雅克科技,2025-09-18 10:10:42,63.79,4700,63.78,U
sz002409,雅克科技,2025-09-18 10:10:45,63.76,10800,63.79,D
sz002409,雅克科技,2025-09-18 10:10:48,63.81,13700,63.76,U
sz002409,雅克科技,2025-09-18 10:10:51,63.77,6000,63.81,D
sz002409,雅克科技,2025-09-18 10:10:54,63.79,6000,63.77,U
sz002409,雅克科技,2025-09-18 10:11:00,63.81,9900,63.78,U
sz002409,雅克科技,2025-09-18 10:11:06,63.81,8900,63.82,D
sz002409,雅克科技,2025-09-18 10:11:09,63.81,10800,63.81,U
sz002409,雅克科技,2025-09-18 10:11:12,63.8,7700,63.81,D
sz002409,雅克科技,2025-09-18 10:11:15,63.8,3600,63.8,U
sz002409,雅克科技,2025-09-18 10:11:18,63.8,12800,63.8,U
sz002409,雅克科技,2025-09-18 10:11:21,63.82,9100,63.8,U
sz002409,雅克科技,2025-09-18 10:11:24,63.84,42100,63.82,U
sz002409,雅克科技,2025-09-18 10:11:27,63.83,11200,63.84,D
sz002409,雅克科技,2025-09-18 10:11:30,63.8,9500,63.83,D
sz002409,雅克科技,2025-09-18 10:11:33,63.81,12900,63.8,E
sz002409,雅克科技,2025-09-18 10:11:36,63.8,8000,63.81,E
sz002409,雅克科技,2025-09-18 10:11:42,63.78,10400,63.8,D
sz002409,雅克科技,2025-09-18 10:11:45,63.81,51800,63.78,U
sz002409,雅克科技,2025-09-18 10:11:51,63.82,6500,63.83,D
sz002409,雅克科技,2025-09-18 10:11:54,63.85,25600,63.82,U
sz002409,雅克科技,2025-09-18 10:11:57,63.83,35100,63.85,D
sz002409,雅克科技,2025-09-18 10:12:00,63.88,9000,63.83,U
sz002409,雅克科技,2025-09-18 10:12:03,63.88,49200,63.88,U
sz002409,雅克科技,2025-09-18 10:12:06,63.9,17800,63.88,U
sz002409,雅克科技,2025-09-18 10:12:09,63.89,5800,63.9,D
sz002409,雅克科技,2025-09-18 10:12:15,63.87,25200,63.89,D
sz002409,雅克科技,2025-09-18 10:12:18,63.86,4300,63.87,E
sz002409,雅克科技,2025-09-18 10:12:21,63.83,3200,63.86,E
sz002409,雅克科技,2025-09-18 10:12:24,63.82,3500,63.83,U
sz002409,雅克科技,2025-09-18 10:12:39,63.82,7100,63.8,U
sz002409,雅克科技,2025-09-18 10:12:42,63.79,6600,63.82,D
sz002409,雅克科技,2025-09-18 10:12:45,63.84,3400,63.79,U
sz002409,雅克科技,2025-09-18 10:13:00,63.84,3400,63.83,U
sz002409,雅克科技,2025-09-18 10:13:03,63.87,52200,63.84,U
sz002409,雅克科技,2025-09-18 10:13:06,63.88,7200,63.87,U
sz002409,雅克科技,2025-09-18 10:13:12,63.84,8900,63.88,D
sz002409,雅克科技,2025-09-18 10:13:15,63.86,8000,63.84,U
sz002409,雅克科技,2025-09-18 10:13:18,63.9,25500,63.86,U
sz002409,雅克科技,2025-09-18 10:13:21,63.95,175400,63.9,U
sz002409,雅克科技,2025-09-18 10:13:24,63.96,23200,63.95,U
sz002409,雅克科技,2025-09-18 10:13:30,63.95,8000,63.95,D
sz002409,雅克科技,2025-09-18 10:13:39,63.94,9100,63.95,D
sz002409,雅克科技,2025-09-18 10:13:42,63.93,5700,63.94,E
sz002409,雅克科技,2025-09-18 10:13:45,63.95,6300,63.93,U
sz002409,雅克科技,2025-09-18 10:13:48,63.95,4300,63.95,U
sz002409,雅克科技,2025-09-18 10:13:51,63.95,8000,63.95,U
sz002409,雅克科技,2025-09-18 10:13:57,63.95,3300,63.95,U
sz002409,雅克科技,2025-09-18 10:14:00,63.95,17200,63.95,U
sz002409,雅克科技,2025-09-18 10:14:03,63.95,28200,63.95,U
sz002409,雅克科技,2025-09-18 10:14:06,63.94,8100,63.95,D
sz002409,雅克科技,2025-09-18 10:14:09,63.96,7200,63.94,U
sz002409,雅克科技,2025-09-18 10:14:12,63.95,10300,63.96,E
sz002409,雅克科技,2025-09-18 10:14:15,63.94,6600,63.95,D
sz002409,雅克科技,2025-09-18 10:14:24,63.95,17700,63.94,U
sz002409,雅克科技,2025-09-18 10:14:27,63.93,12100,63.95,D
sz002409,雅克科技,2025-09-18 10:14:30,63.94,12400,63.93,U
sz002409,雅克科技,2025-09-18 10:14:36,63.94,16100,63.94,D
sz002409,雅克科技,2025-09-18 10:14:42,63.93,7200,63.94,D
sz002409,雅克科技,2025-09-18 10:14:48,63.92,7700,63.94,D
sz002409,雅克科技,2025-09-18 10:14:51,63.92,4900,63.92,D
sz002409,雅克科技,2025-09-18 10:14:54,63.92,3500,63.92,U
sz002409,雅克科技,2025-09-18 10:14:57,63.93,11300,63.92,U
sz002409,雅克科技,2025-09-18 10:15:00,63.92,8200,63.93,E
sz002409,雅克科技,2025-09-18 10:15:03,63.9,12200,63.92,D
sz002409,雅克科技,2025-09-18 10:15:06,63.96,91500,63.9,U
sz002409,雅克科技,2025-09-18 10:15:09,63.94,26600,63.96,D
sz002409,雅克科技,2025-09-18 10:15:12,63.93,3800,63.94,D
sz002409,雅克科技,2025-09-18 10:15:15,63.95,13700,63.93,U
sz002409,雅克科技,2025-09-18 10:15:18,63.95,39700,63.95,D
sz002409,雅克科技,2025-09-18 10:15:21,63.95,11600,63.95,D
sz002409,雅克科技,2025-09-18 10:15:24,63.95,5200,63.95,D
sz002409,雅克科技,2025-09-18 10:15:27,63.95,34000,63.95,D
sz002409,雅克科技,2025-09-18 10:15:30,63.96,6500,63.95,U
sz002409,雅克科技,2025-09-18 10:15:36,63.96,9100,63.96,U
sz002409,雅克科技,2025-09-18 10:15:39,63.97,8200,63.96,U
sz002409,雅克科技,2025-09-18 10:15:42,63.97,8900,63.97,U
sz002409,雅克科技,2025-09-18 10:15:48,63.97,7100,63.97,U
sz002409,雅克科技,2025-09-18 10:15:51,63.97,18300,63.97,U
sz002409,雅克科技,2025-09-18 10:15:54,63.94,45300,63.97,D
sz002409,雅克科技,2025-09-18 10:16:00,63.96,15200,63.94,U
sz002409,雅克科技,2025-09-18 10:16:03,63.96,8700,63.96,U
sz002409,雅克科技,2025-09-18 10:16:09,63.96,7600,63.96,U
sz002409,雅克科技,2025-09-18 10:16:12,63.96,26500,63.96,D
sz002409,雅克科技,2025-09-18 10:16:15,63.98,78100,63.96,U
sz002409,雅克科技,2025-09-18 10:16:18,63.97,6300,63.98,D
sz002409,雅克科技,2025-09-18 10:16:21,63.98,7100,63.97,U
sz002409,雅克科技,2025-09-18 10:16:24,63.98,7200,63.98,U
sz002409,雅克科技,2025-09-18 10:16:36,63.97,21500,63.97,U
sz002409,雅克科技,2025-09-18 10:16:42,63.97,22300,63.97,D
sz002409,雅克科技,2025-09-18 10:16:45,63.97,4200,63.97,U
sz002409,雅克科技,2025-09-18 10:16:48,63.96,28300,63.97,D
sz002409,雅克科技,2025-09-18 10:16:51,63.91,13200,63.96,D
sz002409,雅克科技,2025-09-18 10:16:54,63.99,183500,63.91,U
sz002409,雅克科技,2025-09-18 10:16:57,64.0,11800,63.99,U
sz002409,雅克科技,2025-09-18 10:17:00,64.0,61800,64.0,U
sz002409,雅克科技,2025-09-18 10:17:03,64.0,51500,64.0,U
sz002409,雅克科技,2025-09-18 10:17:06,64.0,27900,64.0,U
sz002409,雅克科技,2025-09-18 10:17:09,64.08,107703,64.0,U
sz002409,雅克科技,2025-09-18 10:17:12,64.09,5800,64.08,U
sz002409,雅克科技,2025-09-18 10:17:18,64.08,31700,64.1,D
sz002409,雅克科技,2025-09-18 10:17:21,64.09,23000,64.08,U
sz002409,雅克科技,2025-09-18 10:17:24,64.07,4600,64.09,D
sz002409,雅克科技,2025-09-18 10:17:27,64.01,5700,64.07,E
sz002409,雅克科技,2025-09-18 10:17:36,64.04,7700,64.04,U
sz002409,雅克科技,2025-09-18 10:17:42,64.06,4700,64.02,U
sz002409,雅克科技,2025-09-18 10:17:45,63.97,24800,64.06,D
sz002409,雅克科技,2025-09-18 10:17:48,63.97,12700,63.97,E
sz002409,雅克科技,2025-09-18 10:17:51,64.0,6200,63.97,U
sz002409,雅克科技,2025-09-18 10:17:54,63.99,9400,64.0,U
sz002409,雅克科技,2025-09-18 10:18:00,64.0,13900,64.0,U
sz002409,雅克科技,2025-09-18 10:18:03,64.0,11600,64.0,U
sz002409,雅克科技,2025-09-18 10:18:06,64.03,7000,64.0,U
sz002409,雅克科技,2025-09-18 10:18:09,64.05,3900,64.03,U
sz002409,雅克科技,2025-09-18 10:18:18,64.05,7400,64.05,D
sz002409,雅克科技,2025-09-18 10:18:21,64.06,4700,64.05,U
sz002409,雅克科技,2025-09-18 10:18:24,64.04,4300,64.06,E
sz002409,雅克科技,2025-09-18 10:18:27,64.05,5200,64.04,U
sz002409,雅克科技,2025-09-18 10:18:33,64.05,3900,64.05,U
sz002409,雅克科技,2025-09-18 10:18:36,64.05,12200,64.05,U
sz002409,雅克科技,2025-09-18 10:18:39,64.05,17000,64.05,U
sz002409,雅克科技,2025-09-18 10:18:42,64.03,3800,64.05,D
sz002409,雅克科技,2025-09-18 10:18:45,64.02,10200,64.03,D
sz002409,雅克科技,2025-09-18 10:18:48,63.96,24800,64.02,D
sz002409,雅克科技,2025-09-18 10:18:51,64.04,6900,63.96,U
sz002409,雅克科技,2025-09-18 10:19:00,64.0,11700,64.04,D
sz002409,雅克科技,2025-09-18 10:19:06,64.03,32600,64.03,U
sz002409,雅克科技,2025-09-18 10:19:09,64.02,6400,64.03,D
sz002409,雅克科技,2025-09-18 10:19:12,64.01,20000,64.02,D
sz002409,雅克科技,2025-09-18 10:19:15,63.97,4700,64.01,D
sz002409,雅克科技,2025-09-18 10:19:18,64.0,8800,63.97,U
sz002409,雅克科技,2025-09-18 10:19:21,63.97,3800,64.0,E
sz002409,雅克科技,2025-09-18 10:19:30,63.95,3400,63.95,D
sz002409,雅克科技,2025-09-18 10:19:33,63.95,12700,63.95,D
sz002409,雅克科技,2025-09-18 10:19:36,63.95,4900,63.95,U
sz002409,雅克科技,2025-09-18 10:19:39,63.94,4600,63.95,D
sz002409,雅克科技,2025-09-18 10:19:45,63.91,3900,63.93,D
sz002409,雅克科技,2025-09-18 10:19:48,63.91,4200,63.91,U
sz002409,雅克科技,2025-09-18 10:19:51,63.89,9400,63.91,D
sz002409,雅克科技,2025-09-18 10:19:54,63.89,16300,63.89,D
sz002409,雅克科技,2025-09-18 10:20:00,63.85,19900,63.88,D
sz002409,雅克科技,2025-09-18 10:20:06,63.83,9400,63.85,D
sz002409,雅克科技,2025-09-18 10:20:09,63.83,48300,63.83,D
sz002409,雅克科技,2025-09-18 10:20:18,63.83,17000,63.83,U
sz002409,雅克科技,2025-09-18 10:20:24,63.82,6200,63.83,D
sz002409,雅克科技,2025-09-18 10:20:33,63.79,5200,63.79,D
sz002409,雅克科技,2025-09-18 10:20:39,63.81,10200,63.79,U
sz002409,雅克科技,2025-09-18 10:20:42,63.81,24500,63.81,E
sz002409,雅克科技,2025-09-18 10:20:45,63.81,3800,63.81,D
sz002409,雅克科技,2025-09-18 10:20:51,63.8,8700,63.81,D
sz002409,雅克科技,2025-09-18 10:20:54,63.8,5000,63.8,D
sz002409,雅克科技,2025-09-18 10:20:57,63.8,4200,63.8,D
sz002409,雅克科技,2025-09-18 10:21:00,63.82,7500,63.8,U
sz002409,雅克科技,2025-09-18 10:21:03,63.78,56900,63.82,D
sz002409,雅克科技,2025-09-18 10:21:06,63.94,8800,63.78,U
sz002409,雅克科技,2025-09-18 10:21:09,63.9,7100,63.94,D
sz002409,雅克科技,2025-09-18 10:21:12,63.8,5000,63.9,D
sz002409,雅克科技,2025-09-18 10:21:21,63.97,5100,63.96,U
sz002409,雅克科技,2025-09-18 10:21:24,63.96,3600,63.97,D
sz002409,雅克科技,2025-09-18 10:21:27,63.99,3700,63.96,U
sz002409,雅克科技,2025-09-18 10:21:33,63.99,4700,63.99,U
sz002409,雅克科技,2025-09-18 10:21:36,63.98,16100,63.99,D
sz002409,雅克科技,2025-09-18 10:21:39,63.99,5400,63.98,U
sz002409,雅克科技,2025-09-18 10:21:45,64.0,28200,63.99,U
sz002409,雅克科技,2025-09-18 10:21:51,64.0,7000,63.98,U
sz002409,雅克科技,2025-09-18 10:21:54,64.0,5000,64.0,U
sz002409,雅克科技,2025-09-18 10:21:57,64.0,13500,64.0,U
sz002409,雅克科技,2025-09-18 10:22:00,64.02,42461,64.0,U
sz002409,雅克科技,2025-09-18 10:22:03,64.05,5600,64.02,U
sz002409,雅克科技,2025-09-18 10:22:06,64.04,5600,64.05,D
sz002409,雅克科技,2025-09-18 10:22:09,64.07,13100,64.04,U
sz002409,雅克科技,2025-09-18 10:22:12,64.05,8000,64.07,E
sz002409,雅克科技,2025-09-18 10:22:21,64.01,3800,64.01,U
sz002409,雅克科技,2025-09-18 10:22:24,63.98,9600,64.01,D
sz002409,雅克科技,2025-09-18 10:22:27,63.97,16600,63.98,D
sz002409,雅克科技,2025-09-18 10:22:30,63.96,14800,63.97,D
sz002409,雅克科技,2025-09-18 10:22:45,63.99,5300,63.99,U
sz002409,雅克科技,2025-09-18 10:22:48,63.99,6500,63.99,D
sz002409,雅克科技,2025-09-18 10:22:54,64.0,13100,63.98,U
sz002409,雅克科技,2025-09-18 10:22:57,63.95,14600,64.0,D
sz002409,雅克科技,2025-09-18 10:23:00,63.97,4500,63.95,U
sz002409,雅克科技,2025-09-18 10:23:03,63.95,6500,63.97,E
sz002409,雅克科技,2025-09-18 10:23:06,63.97,5900,63.95,U
sz002409,雅克科技,2025-09-18 10:23:12,63.97,10400,63.96,U
sz002409,雅克科技,2025-09-18 10:23:15,63.98,3300,63.97,U
sz002409,雅克科技,2025-09-18 10:23:27,63.97,13100,63.98,D
sz002409,雅克科技,2025-09-18 10:23:33,63.98,18200,63.97,U
sz002409,雅克科技,2025-09-18 10:23:36,64.03,53200,63.98,U
sz002409,雅克科技,2025-09-18 10:23:39,64.01,3500,64.03,D
sz002409,雅克科技,2025-09-18 10:23:42,64.03,3700,64.01,U
sz002409,雅克科技,2025-09-18 10:23:48,64.06,45400,64.01,U
sz002409,雅克科技,2025-09-18 10:23:54,64.06,7600,64.07,D
sz002409,雅克科技,2025-09-18 10:23:57,64.06,3400,64.06,U
sz002409,雅克科技,2025-09-18 10:24:00,64.06,5900,64.06,U
sz002409,雅克科技,2025-09-18 10:24:03,64.16,254400,64.06,U
sz002409,雅克科技,2025-09-18 10:24:06,64.16,19300,64.16,U
sz002409,雅克科技,2025-09-18 10:24:09,64.18,4100,64.16,U
sz002409,雅克科技,2025-09-18 10:24:12,64.18,4900,64.18,U
sz002409,雅克科技,2025-09-18 10:24:18,64.19,5900,64.18,U
sz002409,雅克科技,2025-09-18 10:24:21,64.2,10800,64.19,U
sz002409,雅克科技,2025-09-18 10:24:24,64.2,6300,64.2,U
sz002409,雅克科技,2025-09-18 10:24:27,64.2,3700,64.2,U
sz002409,雅克科技,2025-09-18 10:24:30,64.2,8500,64.2,U
sz002409,雅克科技,2025-09-18 10:24:33,64.19,4500,64.2,D
sz002409,雅克科技,2025-09-18 10:24:36,64.2,52600,64.19,U
sz002409,雅克科技,2025-09-18 10:24:39,64.22,9600,64.2,U
sz002409,雅克科技,2025-09-18 10:24:42,64.22,7400,64.22,U
sz002409,雅克科技,2025-09-18 10:24:45,64.2,8700,64.22,D
sz002409,雅克科技,2025-09-18 10:24:48,64.2,15700,64.2,U
sz002409,雅克科技,2025-09-18 10:24:51,64.2,4800,64.2,U
sz002409,雅克科技,2025-09-18 10:24:54,64.19,15300,64.2,D
sz002409,雅克科技,2025-09-18 10:24:57,64.19,25100,64.19,D
sz002409,雅克科技,2025-09-18 10:25:00,64.18,9700,64.19,D
sz002409,雅克科技,2025-09-18 10:25:03,64.18,14100,64.18,D
sz002409,雅克科技,2025-09-18 10:25:09,64.18,4000,64.16,U
sz002409,雅克科技,2025-09-18 10:25:12,64.18,4100,64.18,D
sz002409,雅克科技,2025-09-18 10:25:21,64.19,4800,64.18,U
sz002409,雅克科技,2025-09-18 10:25:24,64.18,15900,64.19,D
sz002409,雅克科技,2025-09-18 10:25:33,64.17,3600,64.18,D
sz002409,雅克科技,2025-09-18 10:25:36,64.18,13200,64.17,U
sz002409,雅克科技,2025-09-18 10:25:39,64.17,10600,64.18,E
sz002409,雅克科技,2025-09-18 10:25:45,64.16,13800,64.16,D
sz002409,雅克科技,2025-09-18 10:25:51,64.16,5100,64.17,U
sz002409,雅克科技,2025-09-18 10:26:00,64.14,6800,64.16,D
sz002409,雅克科技,2025-09-18 10:26:03,64.14,3400,64.14,U
sz002409,雅克科技,2025-09-18 10:26:09,64.11,3500,64.14,D
sz002409,雅克科技,2025-09-18 10:26:12,64.07,6800,64.11,D
sz002409,雅克科技,2025-09-18 10:26:15,64.05,4700,64.07,D
sz002409,雅克科技,2025-09-18 10:26:18,64.07,6300,64.05,E
sz002409,雅克科技,2025-09-18 10:26:21,64.1,9900,64.07,E
sz002409,雅克科技,2025-09-18 10:26:33,64.11,3700,64.09,E
sz002409,雅克科技,2025-09-18 10:26:36,64.13,6400,64.11,U
sz002409,雅克科技,2025-09-18 10:26:39,64.08,4200,64.13,D
sz002409,雅克科技,2025-09-18 10:26:42,64.15,10800,64.08,U
sz002409,雅克科技,2025-09-18 10:26:45,64.13,10400,64.15,U
sz002409,雅克科技,2025-09-18 10:26:51,64.15,11300,64.13,U
sz002409,雅克科技,2025-09-18 10:26:54,64.12,4900,64.15,D
sz002409,雅克科技,2025-09-18 10:26:57,64.12,8800,64.12,D
sz002409,雅克科技,2025-09-18 10:27:00,64.12,4200,64.12,D
sz002409,雅克科技,2025-09-18 10:27:03,64.07,12200,64.12,D
sz002409,雅克科技,2025-09-18 10:27:06,64.12,15500,64.07,U
sz002409,雅克科技,2025-09-18 10:27:12,64.03,11300,64.03,D
sz002409,雅克科技,2025-09-18 10:27:15,64.01,9100,64.03,D
sz002409,雅克科技,2025-09-18 10:27:18,64.0,37400,64.01,D
sz002409,雅克科技,2025-09-18 10:27:21,64.0,12000,64.0,U
sz002409,雅克科技,2025-09-18 10:27:24,64.02,8200,64.0,U
sz002409,雅克科技,2025-09-18 10:27:27,64.12,8300,64.02,U
sz002409,雅克科技,2025-09-18 10:27:36,64.13,10500,64.14,D
sz002409,雅克科技,2025-09-18 10:27:39,64.12,5500,64.13,D
sz002409,雅克科技,2025-09-18 10:27:45,64.04,5400,64.05,D
sz002409,雅克科技,2025-09-18 10:27:51,64.04,3500,64.03,U
sz002409,雅克科技,2025-09-18 10:27:57,64.01,5600,64.0,U
sz002409,雅克科技,2025-09-18 10:28:03,64.02,4500,64.03,D
sz002409,雅克科技,2025-09-18 10:28:09,64.01,57900,64.01,D
sz002409,雅克科技,2025-09-18 10:28:12,64.01,31700,64.01,D
sz002409,雅克科技,2025-09-18 10:28:15,64.01,17000,64.01,D
sz002409,雅克科技,2025-09-18 10:28:18,64.01,9900,64.01,D
sz002409,雅克科技,2025-09-18 10:28:21,64.01,12800,64.01,D
sz002409,雅克科技,2025-09-18 10:28:24,64.04,18200,64.01,U
sz002409,雅克科技,2025-09-18 10:28:36,64.08,3600,64.08,D
sz002409,雅克科技,2025-09-18 10:28:39,64.09,5200,64.08,D
sz002409,雅克科技,2025-09-18 10:28:45,64.06,7700,64.09,D
sz002409,雅克科技,2025-09-18 10:28:48,64.04,6600,64.06,D
sz002409,雅克科技,2025-09-18 10:28:51,64.12,74300,64.04,U
sz002409,雅克科技,2025-09-18 10:28:54,64.11,12200,64.12,D
sz002409,雅克科技,2025-09-18 10:28:57,64.1,4000,64.11,D
sz002409,雅克科技,2025-09-18 10:29:03,64.1,7000,64.1,U
sz002409,雅克科技,2025-09-18 10:29:06,64.13,9600,64.1,U
sz002409,雅克科技,2025-09-18 10:29:09,64.12,5800,64.13,D
sz002409,雅克科技,2025-09-18 10:29:15,64.12,5000,64.14,D
sz002409,雅克科技,2025-09-18 10:29:18,64.15,8600,64.12,U
sz002409,雅克科技,2025-09-18 10:29:21,64.14,5100,64.15,D
sz002409,雅克科技,2025-09-18 10:29:24,64.13,20500,64.14,D
sz002409,雅克科技,2025-09-18 10:29:27,64.14,12000,64.13,U
sz002409,雅克科技,2025-09-18 10:29:30,64.14,7100,64.14,E
sz002409,雅克科技,2025-09-18 10:29:33,64.17,6000,64.14,U
sz002409,雅克科技,2025-09-18 10:29:36,64.17,5600,64.17,U
sz002409,雅克科技,2025-09-18 10:29:39,64.17,5400,64.17,U
sz002409,雅克科技,2025-09-18 10:29:45,64.16,4700,64.17,D
sz002409,雅克科技,2025-09-18 10:30:00,64.18,5200,64.16,U
sz002409,雅克科技,2025-09-18 10:30:03,64.18,3700,64.18,U
sz002409,雅克科技,2025-09-18 10:30:06,64.17,5500,64.18,D
sz002409,雅克科技,2025-09-18 10:30:09,64.17,3500,64.17,U
sz002409,雅克科技,2025-09-18 10:30:12,64.15,3700,64.17,D
sz002409,雅克科技,2025-09-18 10:30:15,64.13,79800,64.15,D
sz002409,雅克科技,2025-09-18 10:30:18,64.11,7900,64.13,D
sz002409,雅克科技,2025-09-18 10:30:21,64.09,22200,64.11,D
sz002409,雅克科技,2025-09-18 10:30:24,64.12,16200,64.09,U
sz002409,雅克科技,2025-09-18 10:30:33,64.07,28100,64.1,D
sz002409,雅克科技,2025-09-18 10:30:45,64.07,5700,64.05,U
sz002409,雅克科技,2025-09-18 10:30:48,64.1,6000,64.07,U
sz002409,雅克科技,2025-09-18 10:30:54,64.08,14500,64.1,D
sz002409,雅克科技,2025-09-18 10:31:03,64.03,3700,64.06,D
sz002409,雅克科技,2025-09-18 10:31:06,64.01,4900,64.03,D
sz002409,雅克科技,2025-09-18 10:31:12,64.03,5100,64.0,U
sz002409,雅克科技,2025-09-18 10:31:15,63.96,3400,64.03,D
sz002409,雅克科技,2025-09-18 10:31:42,64.07,10800,63.98,U
sz002409,雅克科技,2025-09-18 10:31:45,64.07,5200,64.07,U
sz002409,雅克科技,2025-09-18 10:31:48,64.05,3600,64.07,D
sz002409,雅克科技,2025-09-18 10:32:06,64.04,4600,64.05,D
sz002409,雅克科技,2025-09-18 10:32:18,63.98,34400,64.04,D
sz002409,雅克科技,2025-09-18 10:32:27,64.0,7400,64.0,D
sz002409,雅克科技,2025-09-18 10:32:30,64.0,11500,64.0,E
sz002409,雅克科技,2025-09-18 10:32:36,64.02,13100,64.02,D
sz002409,雅克科技,2025-09-18 10:32:39,64.16,162200,64.02,U
sz002409,雅克科技,2025-09-18 10:32:42,64.2,34100,64.16,U
sz002409,雅克科技,2025-09-18 10:32:45,64.2,7700,64.2,U
sz002409,雅克科技,2025-09-18 10:32:48,64.19,3700,64.2,D
sz002409,雅克科技,2025-09-18 10:32:51,64.21,48400,64.19,U
sz002409,雅克科技,2025-09-18 10:32:54,64.21,24200,64.21,U
sz002409,雅克科技,2025-09-18 10:32:57,64.21,3900,64.21,D
sz002409,雅克科技,2025-09-18 10:33:00,64.24,5500,64.21,U
sz002409,雅克科技,2025-09-18 10:33:03,64.25,11500,64.24,U
sz002409,雅克科技,2025-09-18 10:33:06,64.21,15800,64.25,D
sz002409,雅克科技,2025-09-18 10:33:09,64.27,3900,64.21,U
sz002409,雅克科技,2025-09-18 10:33:15,64.25,7200,64.28,D
sz002409,雅克科技,2025-09-18 10:33:18,64.28,9000,64.25,U
sz002409,雅克科技,2025-09-18 10:33:21,64.25,39100,64.28,D
sz002409,雅克科技,2025-09-18 10:33:24,64.21,11500,64.25,D
sz002409,雅克科技,2025-09-18 10:33:33,64.21,12100,64.2,U
sz002409,雅克科技,2025-09-18 10:33:39,64.21,22600,64.19,U
sz002409,雅克科技,2025-09-18 10:33:45,64.22,12500,64.21,U
sz002409,雅克科技,2025-09-18 10:33:48,64.24,7800,64.22,U
sz002409,雅克科技,2025-09-18 10:33:51,64.22,3400,64.24,D
sz002409,雅克科技,2025-09-18 10:33:57,64.22,5100,64.23,D
sz002409,雅克科技,2025-09-18 10:34:00,64.23,24000,64.22,U
sz002409,雅克科技,2025-09-18 10:34:03,64.24,3200,64.23,U
sz002409,雅克科技,2025-09-18 10:34:06,64.23,3900,64.24,U
sz002409,雅克科技,2025-09-18 10:34:09,64.23,6700,64.23,D
sz002409,雅克科技,2025-09-18 10:34:12,64.23,4500,64.23,U
sz002409,雅克科技,2025-09-18 10:34:15,64.19,26400,64.23,D
sz002409,雅克科技,2025-09-18 10:34:18,64.24,8700,64.19,U
sz002409,雅克科技,2025-09-18 10:34:33,64.15,3800,64.21,D
sz002409,雅克科技,2025-09-18 10:34:51,64.17,4300,64.12,U
sz002409,雅克科技,2025-09-18 10:34:57,64.11,4700,64.12,D
sz002409,雅克科技,2025-09-18 10:35:06,64.14,15300,64.1,U
sz002409,雅克科技,2025-09-18 10:35:12,64.15,4400,64.14,U
sz002409,雅克科技,2025-09-18 10:35:15,64.17,3500,64.15,U
sz002409,雅克科技,2025-09-18 10:35:18,64.14,4000,64.17,D
sz002409,雅克科技,2025-09-18 10:35:21,64.15,23700,64.14,D
sz002409,雅克科技,2025-09-18 10:35:33,64.2,18300,64.16,U
sz002409,雅克科技,2025-09-18 10:35:42,64.2,5300,64.21,D
sz002409,雅克科技,2025-09-18 10:35:45,64.2,4400,64.2,U
sz002409,雅克科技,2025-09-18 10:35:51,64.22,19900,64.2,U
sz002409,雅克科技,2025-09-18 10:35:57,64.22,22800,64.22,D
sz002409,雅克科技,2025-09-18 10:36:09,64.22,8700,64.22,U
sz002409,雅克科技,2025-09-18 10:36:12,64.22,9200,64.22,U
sz002409,雅克科技,2025-09-18 10:36:15,64.21,6500,64.22,D
sz002409,雅克科技,2025-09-18 10:36:18,64.21,45600,64.21,U
sz002409,雅克科技,2025-09-18 10:36:21,64.25,6100,64.21,E
sz002409,雅克科技,2025-09-18 10:36:36,64.21,4000,64.22,D
sz002409,雅克科技,2025-09-18 10:36:39,64.25,4700,64.21,U
sz002409,雅克科技,2025-09-18 10:36:48,64.18,5700,64.22,D
sz002409,雅克科技,2025-09-18 10:36:51,64.16,7100,64.18,D
sz002409,雅克科技,2025-09-18 10:36:54,64.13,18300,64.16,D
sz002409,雅克科技,2025-09-18 10:37:00,64.12,8300,64.15,D
sz002409,雅克科技,2025-09-18 10:37:03,64.11,6800,64.12,D
sz002409,雅克科技,2025-09-18 10:37:09,64.09,3300,64.08,E
sz002409,雅克科技,2025-09-18 10:37:15,64.11,5400,64.08,U
sz002409,雅克科技,2025-09-18 10:37:30,64.01,26500,64.07,D
sz002409,雅克科技,2025-09-18 10:37:45,63.95,4900,63.95,D
sz002409,雅克科技,2025-09-18 10:37:48,63.93,14600,63.95,D
sz002409,雅克科技,2025-09-18 10:37:57,63.93,11700,63.92,U
sz002409,雅克科技,2025-09-18 10:38:00,63.95,18800,63.93,U
sz002409,雅克科技,2025-09-18 10:38:03,63.93,16700,63.95,E
sz002409,雅克科技,2025-09-18 10:38:06,63.95,26200,63.93,U
sz002409,雅克科技,2025-09-18 10:38:09,63.95,6700,63.95,U
sz002409,雅克科技,2025-09-18 10:38:12,63.94,3700,63.95,E
sz002409,雅克科技,2025-09-18 10:38:15,63.95,5900,63.94,D
sz002409,雅克科技,2025-09-18 10:38:24,63.95,4200,63.95,U
sz002409,雅克科技,2025-09-18 10:38:30,63.95,3800,63.94,U
sz002409,雅克科技,2025-09-18 10:38:36,63.96,3600,63.95,U
sz002409,雅克科技,2025-09-18 10:38:45,63.98,22400,63.95,U
sz002409,雅克科技,2025-09-18 10:38:48,63.99,6900,63.98,U
sz002409,雅克科技,2025-09-18 10:38:54,63.99,9500,63.97,U
sz002409,雅克科技,2025-09-18 10:38:57,64.0,9100,63.99,U
sz002409,雅克科技,2025-09-18 10:39:00,64.01,7700,64.0,U
sz002409,雅克科技,2025-09-18 10:39:06,64.0,4300,64.0,D
sz002409,雅克科技,2025-09-18 10:39:09,64.0,4100,64.0,D
sz002409,雅克科技,2025-09-18 10:39:12,64.01,4000,64.0,U
sz002409,雅克科技,2025-09-18 10:39:21,63.97,13900,64.0,D
sz002409,雅克科技,2025-09-18 10:39:27,63.99,4500,63.96,U
sz002409,雅克科技,2025-09-18 10:39:36,63.96,6100,63.96,D
sz002409,雅克科技,2025-09-18 10:39:48,63.96,9800,63.96,U
sz002409,雅克科技,2025-09-18 10:40:15,63.99,4000,63.99,U
sz002409,雅克科技,2025-09-18 10:40:24,63.99,4100,63.99,D
sz002409,雅克科技,2025-09-18 10:40:30,63.99,5300,63.99,U
sz002409,雅克科技,2025-09-18 10:40:33,63.99,3400,63.99,U
sz002409,雅克科技,2025-09-18 10:40:36,63.98,3400,63.99,E
sz002409,雅克科技,2025-09-18 10:40:45,64.0,25300,63.99,U
sz002409,雅克科技,2025-09-18 10:40:48,64.01,8000,64.0,U
sz002409,雅克科技,2025-09-18 10:40:51,64.01,4900,64.01,U
sz002409,雅克科技,2025-09-18 10:41:00,64.03,5300,64.01,U
sz002409,雅克科技,2025-09-18 10:41:09,64.03,4100,64.03,U
sz002409,雅克科技,2025-09-18 10:41:30,64.03,5600,64.03,U
sz002409,雅克科技,2025-09-18 10:41:33,64.06,31100,64.03,U
sz002409,雅克科技,2025-09-18 10:41:36,64.07,3200,64.06,U
sz002409,雅克科技,2025-09-18 10:41:42,64.06,4200,64.08,D
sz002409,雅克科技,2025-09-18 10:41:54,64.09,4600,64.1,D
sz002409,雅克科技,2025-09-18 10:42:00,64.08,4700,64.09,D
sz002409,雅克科技,2025-09-18 10:42:15,64.06,6700,64.07,D
sz002409,雅克科技,2025-09-18 10:42:27,64.07,3600,64.07,U
sz002409,雅克科技,2025-09-18 10:42:30,64.09,14100,64.07,U
sz002409,雅克科技,2025-09-18 10:42:36,64.14,3500,64.1,U
sz002409,雅克科技,2025-09-18 10:42:54,64.12,4700,64.1,U
sz002409,雅克科技,2025-09-18 10:43:00,64.11,3400,64.1,U
sz002409,雅克科技,2025-09-18 10:43:03,64.11,6500,64.11,U
sz002409,雅克科技,2025-09-18 10:43:06,64.12,11700,64.11,U
sz002409,雅克科技,2025-09-18 10:43:21,64.2,4000,64.16,U
sz002409,雅克科技,2025-09-18 10:43:24,64.2,3800,64.2,U
sz002409,雅克科技,2025-09-18 10:43:27,64.22,63700,64.2,U
sz002409,雅克科技,2025-09-18 10:43:30,64.24,5800,64.22,U
sz002409,雅克科技,2025-09-18 10:43:36,64.24,5300,64.25,D
sz002409,雅克科技,2025-09-18 10:43:39,64.37,162200,64.24,U
sz002409,雅克科技,2025-09-18 10:43:42,64.44,49000,64.37,U
sz002409,雅克科技,2025-09-18 10:43:45,64.44,5500,64.44,U
sz002409,雅克科技,2025-09-18 10:43:51,64.45,3900,64.44,U
sz002409,雅克科技,2025-09-18 10:43:54,64.46,3900,64.45,U
sz002409,雅克科技,2025-09-18 10:43:57,64.47,13500,64.46,U
sz002409,雅克科技,2025-09-18 10:44:00,64.47,19100,64.47,U
sz002409,雅克科技,2025-09-18 10:44:03,64.49,10100,64.47,U
sz002409,雅克科技,2025-09-18 10:44:06,64.48,9500,64.49,D
sz002409,雅克科技,2025-09-18 10:44:09,64.49,9800,64.48,U
sz002409,雅克科技,2025-09-18 10:44:12,64.49,6500,64.49,D
sz002409,雅克科技,2025-09-18 10:44:15,64.5,19600,64.49,U
sz002409,雅克科技,2025-09-18 10:44:18,64.53,74600,64.5,U
sz002409,雅克科技,2025-09-18 10:44:21,64.56,20200,64.53,U
sz002409,雅克科技,2025-09-18 10:44:24,64.58,6300,64.56,U
sz002409,雅克科技,2025-09-18 10:44:27,64.58,5600,64.58,U
sz002409,雅克科技,2025-09-18 10:44:30,64.59,15500,64.58,U
sz002409,雅克科技,2025-09-18 10:44:33,64.59,13100,64.59,U
sz002409,雅克科技,2025-09-18 10:44:36,64.59,5900,64.59,D
sz002409,雅克科技,2025-09-18 10:44:39,64.63,16700,64.59,U
sz002409,雅克科技,2025-09-18 10:44:48,64.64,3700,64.64,U
sz002409,雅克科技,2025-09-18 10:44:51,64.65,11000,64.64,U
sz002409,雅克科技,2025-09-18 10:44:54,64.65,3800,64.65,U
sz002409,雅克科技,2025-09-18 10:44:57,64.66,6600,64.65,U
sz002409,雅克科技,2025-09-18 10:45:03,64.67,6400,64.66,U
sz002409,雅克科技,2025-09-18 10:45:06,64.69,48800,64.67,U
sz002409,雅克科技,2025-09-18 10:45:09,64.69,15900,64.69,D
sz002409,雅克科技,2025-09-18 10:45:12,64.71,4600,64.69,E
sz002409,雅克科技,2025-09-18 10:45:15,64.69,70300,64.71,D
sz002409,雅克科技,2025-09-18 10:45:21,64.72,16800,64.71,E
sz002409,雅克科技,2025-09-18 10:45:24,64.71,11500,64.72,D
sz002409,雅克科技,2025-09-18 10:45:27,64.71,16200,64.71,U
sz002409,雅克科技,2025-09-18 10:45:30,64.71,58200,64.71,U
sz002409,雅克科技,2025-09-18 10:45:33,64.71,14600,64.71,U
sz002409,雅克科技,2025-09-18 10:45:36,64.66,4000,64.71,D
sz002409,雅克科技,2025-09-18 10:45:39,64.73,6700,64.66,U
sz002409,雅克科技,2025-09-18 10:45:45,64.73,6900,64.69,U
sz002409,雅克科技,2025-09-18 10:45:48,64.72,3200,64.73,U
sz002409,雅克科技,2025-09-18 10:45:51,64.72,13500,64.72,U
sz002409,雅克科技,2025-09-18 10:45:54,64.72,4500,64.72,U
sz002409,雅克科技,2025-09-18 10:45:57,64.72,12600,64.72,U
sz002409,雅克科技,2025-09-18 10:46:00,64.74,25100,64.72,U
sz002409,雅克科技,2025-09-18 10:46:03,64.78,11800,64.74,U
sz002409,雅克科技,2025-09-18 10:46:06,64.79,14300,64.78,U
sz002409,雅克科技,2025-09-18 10:46:09,64.79,23400,64.79,U
sz002409,雅克科技,2025-09-18 10:46:12,64.87,53800,64.79,U
sz002409,雅克科技,2025-09-18 10:46:15,64.89,49800,64.87,U
sz002409,雅克科技,2025-09-18 10:46:18,64.94,28100,64.89,U
sz002409,雅克科技,2025-09-18 10:46:21,64.94,5800,64.94,U
sz002409,雅克科技,2025-09-18 10:46:24,65.09,483200,64.94,U
sz002409,雅克科技,2025-09-18 10:46:27,65.09,18700,65.09,U
sz002409,雅克科技,2025-09-18 10:46:30,65.0,36000,65.09,D
sz002409,雅克科技,2025-09-18 10:46:33,65.09,24700,65.0,U
sz002409,雅克科技,2025-09-18 10:46:36,65.0,18000,65.09,D
sz002409,雅克科技,2025-09-18 10:46:39,65.04,13200,65.0,U
sz002409,雅克科技,2025-09-18 10:46:42,65.11,45300,65.04,U
sz002409,雅克科技,2025-09-18 10:46:45,65.11,10000,65.11,D
sz002409,雅克科技,2025-09-18 10:46:48,65.11,8707,65.11,U
sz002409,雅克科技,2025-09-18 10:46:51,65.12,18393,65.11,U
sz002409,雅克科技,2025-09-18 10:46:54,65.11,31700,65.12,D
sz002409,雅克科技,2025-09-18 10:46:57,65.11,18700,65.11,U
sz002409,雅克科技,2025-09-18 10:47:00,65.12,23801,65.11,U
sz002409,雅克科技,2025-09-18 10:47:03,65.1,11100,65.12,D
sz002409,雅克科技,2025-09-18 10:47:06,65.15,23307,65.1,U
sz002409,雅克科技,2025-09-18 10:47:09,65.12,27293,65.15,D
sz002409,雅克科技,2025-09-18 10:47:12,65.15,11399,65.12,U
sz002409,雅克科技,2025-09-18 10:47:15,65.12,3600,65.15,U
sz002409,雅克科技,2025-09-18 10:47:18,65.07,9000,65.12,D
sz002409,雅克科技,2025-09-18 10:47:21,65.07,9100,65.07,U
sz002409,雅克科技,2025-09-18 10:47:24,64.96,35700,65.07,D
sz002409,雅克科技,2025-09-18 10:47:30,64.98,7200,64.97,U
sz002409,雅克科技,2025-09-18 10:47:33,64.96,7900,64.98,D
sz002409,雅克科技,2025-09-18 10:47:36,64.94,5500,64.96,E
sz002409,雅克科技,2025-09-18 10:47:42,64.9,4300,64.94,D
sz002409,雅克科技,2025-09-18 10:47:48,64.89,5000,64.9,D
sz002409,雅克科技,2025-09-18 10:47:51,64.88,5500,64.89,D
sz002409,雅克科技,2025-09-18 10:47:57,64.87,3400,64.89,D
sz002409,雅克科技,2025-09-18 10:48:06,64.82,13600,64.82,U
sz002409,雅克科技,2025-09-18 10:48:09,64.77,4700,64.82,E
sz002409,雅克科技,2025-09-18 10:48:12,64.8,5400,64.77,U
sz002409,雅克科技,2025-09-18 10:48:15,64.86,16500,64.8,U
sz002409,雅克科技,2025-09-18 10:48:18,64.87,14600,64.86,U
sz002409,雅克科技,2025-09-18 10:48:21,64.86,4400,64.87,E
sz002409,雅克科技,2025-09-18 10:48:24,64.87,4200,64.86,D
sz002409,雅克科技,2025-09-18 10:48:27,64.88,4000,64.87,U
sz002409,雅克科技,2025-09-18 10:48:30,64.87,3600,64.88,U
sz002409,雅克科技,2025-09-18 10:48:33,64.86,6900,64.87,D
sz002409,雅克科技,2025-09-18 10:48:36,64.9,20700,64.86,U
sz002409,雅克科技,2025-09-18 10:48:39,64.91,3700,64.9,U
sz002409,雅克科技,2025-09-18 10:48:42,64.92,4400,64.91,U
sz002409,雅克科技,2025-09-18 10:48:48,65.0,6300,64.93,U
sz002409,雅克科技,2025-09-18 10:48:51,65.01,16900,65.0,U
sz002409,雅克科技,2025-09-18 10:48:54,65.0,4300,65.01,D
sz002409,雅克科技,2025-09-18 10:48:57,64.95,29800,65.0,D
sz002409,雅克科技,2025-09-18 10:49:00,64.99,9900,64.95,U
sz002409,雅克科技,2025-09-18 10:49:03,64.98,7700,64.99,E
sz002409,雅克科技,2025-09-18 10:49:06,64.9,16300,64.98,D
sz002409,雅克科技,2025-09-18 10:49:09,64.86,7800,64.9,E
sz002409,雅克科技,2025-09-18 10:49:12,64.83,7000,64.86,E
sz002409,雅克科技,2025-09-18 10:49:15,64.73,10500,64.83,D
sz002409,雅克科技,2025-09-18 10:49:18,64.72,17900,64.73,D
sz002409,雅克科技,2025-09-18 10:49:24,64.72,10800,64.71,U
sz002409,雅克科技,2025-09-18 10:49:30,64.7,4100,64.71,D
sz002409,雅克科技,2025-09-18 10:49:33,64.67,7500,64.7,D
sz002409,雅克科技,2025-09-18 10:49:36,64.67,7300,64.67,U
sz002409,雅克科技,2025-09-18 10:49:42,64.6,8700,64.66,D
sz002409,雅克科技,2025-09-18 10:49:48,64.59,7100,64.6,D
sz002409,雅克科技,2025-09-18 10:49:51,64.6,6000,64.59,U
sz002409,雅克科技,2025-09-18 10:49:54,64.6,4100,64.6,U
sz002409,雅克科技,2025-09-18 10:50:12,64.58,5000,64.58,U
sz002409,雅克科技,2025-09-18 10:50:15,64.57,3200,64.58,E
sz002409,雅克科技,2025-09-18 10:50:18,64.6,3800,64.57,U
sz002409,雅克科技,2025-09-18 10:50:21,64.57,13300,64.6,D
sz002409,雅克科技,2025-09-18 10:50:24,64.65,3800,64.57,U
sz002409,雅克科技,2025-09-18 10:50:27,64.65,4200,64.65,U
sz002409,雅克科技,2025-09-18 10:50:33,64.61,7100,64.67,D
sz002409,雅克科技,2025-09-18 10:50:36,64.68,3600,64.61,E
sz002409,雅克科技,2025-09-18 10:50:39,64.78,3900,64.68,U
sz002409,雅克科技,2025-09-18 10:50:45,64.76,12000,64.73,E
sz002409,雅克科技,2025-09-18 10:50:51,64.76,6000,64.75,U
sz002409,雅克科技,2025-09-18 10:50:54,64.78,11000,64.76,U
sz002409,雅克科技,2025-09-18 10:50:57,64.8,3300,64.78,U
sz002409,雅克科技,2025-09-18 10:51:00,64.81,6000,64.8,U
sz002409,雅克科技,2025-09-18 10:51:12,64.9,8700,64.8,U
sz002409,雅克科技,2025-09-18 10:51:24,64.84,12000,64.91,D
sz002409,雅克科技,2025-09-18 10:51:27,64.83,6400,64.84,E
sz002409,雅克科技,2025-09-18 10:51:33,64.79,5100,64.79,D
sz002409,雅克科技,2025-09-18 10:51:48,64.81,7600,64.78,U
sz002409,雅克科技,2025-09-18 10:51:57,64.8,11900,64.83,D
sz002409,雅克科技,2025-09-18 10:52:03,64.83,3200,64.83,U
sz002409,雅克科技,2025-09-18 10:52:12,64.81,7100,64.83,D
sz002409,雅克科技,2025-09-18 10:52:18,64.83,4900,64.83,U
sz002409,雅克科技,2025-09-18 10:52:21,64.85,8100,64.83,U
sz002409,雅克科技,2025-09-18 10:52:30,64.88,3200,64.86,U
sz002409,雅克科技,2025-09-18 10:52:48,64.88,7200,64.88,U
sz002409,雅克科技,2025-09-18 10:52:51,64.9,5400,64.88,U
sz002409,雅克科技,2025-09-18 10:52:57,64.9,3300,64.9,U
sz002409,雅克科技,2025-09-18 10:53:03,64.9,9300,64.9,U
sz002409,雅克科技,2025-09-18 10:53:12,64.92,5400,64.9,E
sz002409,雅克科技,2025-09-18 10:53:18,64.9,6800,64.9,U
sz002409,雅克科技,2025-09-18 10:53:24,64.87,26200,64.83,U
sz002409,雅克科技,2025-09-18 10:53:33,64.84,5100,64.85,D
sz002409,雅克科技,2025-09-18 10:53:48,64.83,10600,64.83,D
sz002409,雅克科技,2025-09-18 10:53:57,64.84,5700,64.84,U
sz002409,雅克科技,2025-09-18 10:54:00,64.84,4800,64.84,U
sz002409,雅克科技,2025-09-18 10:54:03,64.84,8100,64.84,U
sz002409,雅克科技,2025-09-18 10:54:06,64.84,4900,64.84,U
sz002409,雅克科技,2025-09-18 10:54:09,64.83,10200,64.84,D
sz002409,雅克科技,2025-09-18 10:54:15,64.88,7700,64.84,U
sz002409,雅克科技,2025-09-18 10:54:18,64.89,3900,64.88,U
sz002409,雅克科技,2025-09-18 10:54:21,64.83,16900,64.89,D
sz002409,雅克科技,2025-09-18 10:54:24,64.83,22100,64.83,U
sz002409,雅克科技,2025-09-18 10:54:27,64.83,3300,64.83,U
sz002409,雅克科技,2025-09-18 10:54:30,64.83,4400,64.83,U
sz002409,雅克科技,2025-09-18 10:54:33,64.82,3600,64.83,D
sz002409,雅克科技,2025-09-18 10:54:36,64.83,5600,64.82,U
sz002409,雅克科技,2025-09-18 10:54:39,64.9,6700,64.83,U
sz002409,雅克科技,2025-09-18 10:54:42,64.89,6100,64.9,U
sz002409,雅克科技,2025-09-18 10:54:45,64.83,5900,64.89,D
sz002409,雅克科技,2025-09-18 10:54:48,64.92,8600,64.83,U
sz002409,雅克科技,2025-09-18 10:54:51,64.85,3600,64.92,E
sz002409,雅克科技,2025-09-18 10:54:54,64.9,3700,64.85,U
sz002409,雅克科技,2025-09-18 10:55:03,64.91,8700,64.84,U
sz002409,雅克科技,2025-09-18 10:55:09,64.82,6800,64.84,D
sz002409,雅克科技,2025-09-18 10:55:12,64.89,5700,64.82,U
sz002409,雅克科技,2025-09-18 10:55:18,64.86,3700,64.84,E
sz002409,雅克科技,2025-09-18 10:55:21,64.82,10400,64.86,D
sz002409,雅克科技,2025-09-18 10:55:33,64.88,5000,64.82,U
sz002409,雅克科技,2025-09-18 10:55:51,64.81,31300,64.84,E
sz002409,雅克科技,2025-09-18 10:55:54,64.81,3600,64.81,D
sz002409,雅克科技,2025-09-18 10:56:00,64.81,9600,64.82,D
sz002409,雅克科技,2025-09-18 10:56:03,64.76,5100,64.81,D
sz002409,雅克科技,2025-09-18 10:56:09,64.72,17000,64.76,D
sz002409,雅克科技,2025-09-18 10:56:15,64.76,8800,64.71,U
sz002409,雅克科技,2025-09-18 10:56:18,64.79,41300,64.76,U
sz002409,雅克科技,2025-09-18 10:56:21,64.81,3100,64.79,U
sz002409,雅克科技,2025-09-18 10:56:24,64.84,6600,64.81,U
sz002409,雅克科技,2025-09-18 10:56:27,64.78,9200,64.84,D
sz002409,雅克科技,2025-09-18 10:56:39,64.79,11800,64.82,D
sz002409,雅克科技,2025-09-18 10:56:45,64.79,4200,64.79,U
sz002409,雅克科技,2025-09-18 10:56:48,64.78,6200,64.79,D
sz002409,雅克科技,2025-09-18 10:56:51,64.78,10300,64.78,U
sz002409,雅克科技,2025-09-18 10:56:54,64.79,9000,64.78,U
sz002409,雅克科技,2025-09-18 10:56:57,64.84,7200,64.79,U
sz002409,雅克科技,2025-09-18 10:57:00,64.79,4800,64.84,D
sz002409,雅克科技,2025-09-18 10:57:03,64.78,9800,64.79,D
sz002409,雅克科技,2025-09-18 10:57:06,64.78,4800,64.78,U
sz002409,雅克科技,2025-09-18 10:57:09,64.84,5600,64.78,U
sz002409,雅克科技,2025-09-18 10:57:12,64.83,4900,64.84,U
sz002409,雅克科技,2025-09-18 10:57:18,64.79,6100,64.78,E
sz002409,雅克科技,2025-09-18 10:57:33,64.79,3800,64.71,U
sz002409,雅克科技,2025-09-18 10:57:39,64.71,3400,64.71,U
sz002409,雅克科技,2025-09-18 10:57:42,64.78,4000,64.71,U
sz002409,雅克科技,2025-09-18 10:57:45,64.7,8100,64.78,D
sz002409,雅克科技,2025-09-18 10:57:54,64.68,5000,64.69,D
sz002409,雅克科技,2025-09-18 10:58:18,64.65,4500,64.66,D
sz002409,雅克科技,2025-09-18 10:58:21,64.66,8700,64.65,U
sz002409,雅克科技,2025-09-18 10:58:27,64.58,4800,64.64,D
sz002409,雅克科技,2025-09-18 10:58:30,64.6,6100,64.58,D
sz002409,雅克科技,2025-09-18 10:58:42,64.52,15300,64.59,D
sz002409,雅克科技,2025-09-18 10:58:51,64.51,5300,64.53,D
sz002409,雅克科技,2025-09-18 10:58:54,64.55,8900,64.51,U
sz002409,雅克科技,2025-09-18 10:59:00,64.56,5800,64.52,E
sz002409,雅克科技,2025-09-18 10:59:03,64.53,5700,64.56,D
sz002409,雅克科技,2025-09-18 10:59:06,64.58,4500,64.53,U
sz002409,雅克科技,2025-09-18 10:59:09,64.58,6900,64.58,U
sz002409,雅克科技,2025-09-18 10:59:12,64.59,3600,64.58,U
sz002409,雅克科技,2025-09-18 10:59:15,64.59,10100,64.59,U
sz002409,雅克科技,2025-09-18 10:59:18,64.62,5200,64.59,U
sz002409,雅克科技,2025-09-18 10:59:24,64.61,4100,64.65,E
sz002409,雅克科技,2025-09-18 10:59:30,64.6,5400,64.67,D
sz002409,雅克科技,2025-09-18 10:59:36,64.68,3600,64.69,U
sz002409,雅克科技,2025-09-18 10:59:39,64.68,5500,64.68,U
sz002409,雅克科技,2025-09-18 10:59:42,64.68,19600,64.68,E
sz002409,雅克科技,2025-09-18 10:59:48,64.7,5000,64.67,U
sz002409,雅克科技,2025-09-18 11:00:03,64.59,6600,64.63,D
sz002409,雅克科技,2025-09-18 11:00:06,64.62,5800,64.59,U
sz002409,雅克科技,2025-09-18 11:00:30,64.68,6000,64.62,U
sz002409,雅克科技,2025-09-18 11:00:33,64.69,3100,64.68,U
sz002409,雅克科技,2025-09-18 11:00:39,64.63,4700,64.63,D
sz002409,雅克科技,2025-09-18 11:01:03,64.66,30000,64.68,D
sz002409,雅克科技,2025-09-18 11:01:09,64.64,4300,64.59,E
sz002409,雅克科技,2025-09-18 11:01:12,64.61,3300,64.64,D
sz002409,雅克科技,2025-09-18 11:01:36,64.61,6000,64.61,U
sz002409,雅克科技,2025-09-18 11:01:51,64.61,3300,64.59,U
sz002409,雅克科技,2025-09-18 11:01:54,64.6,3100,64.61,D
sz002409,雅克科技,2025-09-18 11:01:57,64.61,3500,64.6,U
sz002409,雅克科技,2025-09-18 11:02:00,64.6,6700,64.61,D
sz002409,雅克科技,2025-09-18 11:02:03,64.65,4600,64.6,U
sz002409,雅克科技,2025-09-18 11:02:18,64.65,6600,64.66,D
sz002409,雅克科技,2025-09-18 11:02:24,64.66,4300,64.64,U
sz002409,雅克科技,2025-09-18 11:02:39,64.65,14800,64.64,U
sz002409,雅克科技,2025-09-18 11:02:45,64.57,9600,64.62,D
sz002409,雅克科技,2025-09-18 11:02:48,64.55,5600,64.57,D
sz002409,雅克科技,2025-09-18 11:02:51,64.54,9300,64.55,D
sz002409,雅克科技,2025-09-18 11:02:54,64.54,5300,64.54,D
sz002409,雅克科技,2025-09-18 11:02:57,64.54,7200,64.54,D
sz002409,雅克科技,2025-09-18 11:03:12,64.54,4900,64.54,D
sz002409,雅克科技,2025-09-18 11:03:15,64.54,5000,64.54,D
sz002409,雅克科技,2025-09-18 11:03:27,64.54,4000,64.54,U
sz002409,雅克科技,2025-09-18 11:03:30,64.53,5600,64.54,D
sz002409,雅克科技,2025-09-18 11:03:39,64.52,4800,64.54,D
sz002409,雅克科技,2025-09-18 11:03:42,64.5,19400,64.52,D
sz002409,雅克科技,2025-09-18 11:03:45,64.52,3600,64.5,E
sz002409,雅克科技,2025-09-18 11:03:48,64.52,4100,64.52,E
sz002409,雅克科技,2025-09-18 11:03:57,64.57,5000,64.56,U
sz002409,雅克科技,2025-09-18 11:04:00,64.55,3100,64.57,D
sz002409,雅克科技,2025-09-18 11:04:06,64.55,8200,64.56,D
sz002409,雅克科技,2025-09-18 11:04:12,64.57,6600,64.58,E
sz002409,雅克科技,2025-09-18 11:04:18,64.6,10700,64.55,U
sz002409,雅克科技,2025-09-18 11:04:33,64.53,3400,64.49,U
sz002409,雅克科技,2025-09-18 11:04:42,64.49,4100,64.52,U
sz002409,雅克科技,2025-09-18 11:04:45,64.53,3900,64.49,U
sz002409,雅克科技,2025-09-18 11:05:36,64.45,4100,64.46,D
sz002409,雅克科技,2025-09-18 11:05:48,64.5,26700,64.45,U
sz002409,雅克科技,2025-09-18 11:06:03,64.5,11200,64.5,U
sz002409,雅克科技,2025-09-18 11:06:06,64.51,11100,64.5,D
sz002409,雅克科技,2025-09-18 11:06:09,64.6,4100,64.51,U
sz002409,雅克科技,2025-09-18 11:06:12,64.59,9200,64.6,E
sz002409,雅克科技,2025-09-18 11:06:18,64.6,4100,64.59,U
sz002409,雅克科技,2025-09-18 11:06:24,64.56,3800,64.59,E
sz002409,雅克科技,2025-09-18 11:06:33,64.6,3300,64.6,U
sz002409,雅克科技,2025-09-18 11:06:36,64.55,22700,64.6,D
sz002409,雅克科技,2025-09-18 11:06:39,64.64,9400,64.55,U
sz002409,雅克科技,2025-09-18 11:06:48,64.66,3800,64.59,U
sz002409,雅克科技,2025-09-18 11:07:03,64.56,9400,64.6,D
sz002409,雅克科技,2025-09-18 11:07:09,64.56,6400,64.56,U
sz002409,雅克科技,2025-09-18 11:07:12,64.53,7800,64.56,E
sz002409,雅克科技,2025-09-18 11:07:15,64.53,4300,64.53,U
sz002409,雅克科技,2025-09-18 11:07:30,64.49,3400,64.5,D
sz002409,雅克科技,2025-09-18 11:07:39,64.43,3700,64.46,D
sz002409,雅克科技,2025-09-18 11:07:57,64.4,8400,64.4,D
sz002409,雅克科技,2025-09-18 11:08:06,64.4,3300,64.4,U
sz002409,雅克科技,2025-09-18 11:08:12,64.36,4900,64.39,D
sz002409,雅克科技,2025-09-18 11:08:15,64.4,3600,64.36,U
sz002409,雅克科技,2025-09-18 11:08:21,64.4,5000,64.36,U
sz002409,雅克科技,2025-09-18 11:08:24,64.34,7000,64.4,E
sz002409,雅克科技,2025-09-18 11:08:30,64.38,3500,64.39,E
sz002409,雅克科技,2025-09-18 11:08:54,64.3,5200,64.28,U
sz002409,雅克科技,2025-09-18 11:08:57,64.32,4900,64.3,U
sz002409,雅克科技,2025-09-18 11:09:00,64.28,4400,64.32,D
sz002409,雅克科技,2025-09-18 11:09:03,64.31,8200,64.28,U
sz002409,雅克科技,2025-09-18 11:09:06,64.31,4100,64.31,U
sz002409,雅克科技,2025-09-18 11:09:09,64.31,7000,64.31,D
sz002409,雅克科技,2025-09-18 11:09:18,64.3,4600,64.3,U
sz002409,雅克科技,2025-09-18 11:09:21,64.28,3800,64.3,D
sz002409,雅克科技,2025-09-18 11:09:45,64.2,9700,64.2,D
sz002409,雅克科技,2025-09-18 11:09:48,64.18,6900,64.2,D
sz002409,雅克科技,2025-09-18 11:10:00,64.18,4300,64.2,D
sz002409,雅克科技,2025-09-18 11:10:12,64.16,3300,64.18,D
sz002409,雅克科技,2025-09-18 11:11:03,64.1,6700,64.11,D
sz002409,雅克科技,2025-09-18 11:11:06,64.1,10500,64.1,U
sz002409,雅克科技,2025-09-18 11:11:09,64.08,5500,64.1,D
sz002409,雅克科技,2025-09-18 11:11:15,64.02,7000,64.07,D
sz002409,雅克科技,2025-09-18 11:11:18,64.06,5000,64.02,E
sz002409,雅克科技,2025-09-18 11:11:21,64.01,7200,64.06,D
sz002409,雅克科技,2025-09-18 11:11:27,64.0,56900,64.03,D
sz002409,雅克科技,2025-09-18 11:11:30,64.01,8500,64.0,U
sz002409,雅克科技,2025-09-18 11:11:36,64.0,16000,64.01,D
sz002409,雅克科技,2025-09-18 11:11:39,64.01,4300,64.0,U
sz002409,雅克科技,2025-09-18 11:11:42,63.97,21200,64.01,D
sz002409,雅克科技,2025-09-18 11:11:51,64.06,4100,64.07,D
sz002409,雅克科技,2025-09-18 11:12:03,64.09,5500,64.06,U
sz002409,雅克科技,2025-09-18 11:12:33,64.13,3700,64.12,U
sz002409,雅克科技,2025-09-18 11:12:36,64.12,4200,64.13,D
sz002409,雅克科技,2025-09-18 11:12:51,64.14,4400,64.15,D
sz002409,雅克科技,2025-09-18 11:13:15,64.21,6800,64.25,D
sz002409,雅克科技,2025-09-18 11:13:18,64.2,34800,64.21,E
sz002409,雅克科技,2025-09-18 11:13:24,64.2,4300,64.2,U
sz002409,雅克科技,2025-09-18 11:13:48,64.2,16300,64.25,D
sz002409,雅克科技,2025-09-18 11:13:57,64.16,13500,64.17,D
sz002409,雅克科技,2025-09-18 11:14:09,64.22,6100,64.13,U
sz002409,雅克科技,2025-09-18 11:14:21,64.25,6700,64.21,U
sz002409,雅克科技,2025-09-18 11:14:24,64.19,3700,64.25,D
sz002409,雅克科技,2025-09-18 11:15:00,64.26,7200,64.24,U
sz002409,雅克科技,2025-09-18 11:15:12,64.23,7900,64.25,E
sz002409,雅克科技,2025-09-18 11:15:21,64.16,4000,64.2,D
sz002409,雅克科技,2025-09-18 11:15:30,64.19,6200,64.18,U
sz002409,雅克科技,2025-09-18 11:16:03,64.17,8100,64.17,D
sz002409,雅克科技,2025-09-18 11:16:18,64.19,15200,64.18,U
sz002409,雅克科技,2025-09-18 11:16:24,64.17,6400,64.19,E
sz002409,雅克科技,2025-09-18 11:16:33,64.19,4000,64.16,U
sz002409,雅克科技,2025-09-18 11:16:42,64.12,5900,64.16,D
sz002409,雅克科技,2025-09-18 11:16:54,64.07,4900,64.13,D
sz002409,雅克科技,2025-09-18 11:17:39,64.1,5200,64.11,E
sz002409,雅克科技,2025-09-18 11:17:57,64.1,6000,64.1,D
sz002409,雅克科技,2025-09-18 11:18:42,64.15,7900,64.12,U
sz002409,雅克科技,2025-09-18 11:18:45,64.15,4100,64.15,U
sz002409,雅克科技,2025-09-18 11:18:48,64.2,3200,64.15,U
sz002409,雅克科技,2025-09-18 11:19:18,64.19,3900,64.17,D
sz002409,雅克科技,2025-09-18 11:19:27,64.19,16500,64.2,D
sz002409,雅克科技,2025-09-18 11:19:33,64.19,5100,64.19,U
sz002409,雅克科技,2025-09-18 11:20:03,64.18,3500,64.19,D
sz002409,雅克科技,2025-09-18 11:20:18,64.29,8200,64.2,U
sz002409,雅克科技,2025-09-18 11:20:21,64.23,9000,64.29,D
sz002409,雅克科技,2025-09-18 11:20:24,64.21,6200,64.23,D
sz002409,雅克科技,2025-09-18 11:21:03,64.23,3200,64.26,D
sz002409,雅克科技,2025-09-18 11:21:45,64.3,14800,64.3,U
sz002409,雅克科技,2025-09-18 11:22:15,64.37,4100,64.35,U
sz002409,雅克科技,2025-09-18 11:22:42,64.34,5100,64.38,D
sz002409,雅克科技,2025-09-18 11:23:30,64.38,5700,64.37,U
sz002409,雅克科技,2025-09-18 11:23:36,64.39,4700,64.36,U
sz002409,雅克科技,2025-09-18 11:23:39,64.39,4300,64.39,U
sz002409,雅克科技,2025-09-18 11:23:48,64.39,6000,64.38,U
sz002409,雅克科技,2025-09-18 11:24:27,64.4,18100,64.35,U
sz002409,雅克科技,2025-09-18 11:24:36,64.39,7700,64.39,D
sz002409,雅克科技,2025-09-18 11:24:45,64.38,8500,64.36,U
sz002409,雅克科技,2025-09-18 11:24:48,64.35,4100,64.38,D
sz002409,雅克科技,2025-09-18 11:25:03,64.33,8300,64.37,D
sz002409,雅克科技,2025-09-18 11:26:18,64.45,17100,64.39,U
sz002409,雅克科技,2025-09-18 11:26:30,64.45,3900,64.46,D
sz002409,雅克科技,2025-09-18 11:27:06,64.44,5900,64.46,D
sz002409,雅克科技,2025-09-18 11:27:18,64.47,14400,64.42,U
sz002409,雅克科技,2025-09-18 11:27:24,64.47,5200,64.4,U
sz002409,雅克科技,2025-09-18 11:27:42,64.42,3600,64.46,D
sz002409,雅克科技,2025-09-18 11:28:03,64.45,9200,64.42,U
sz002409,雅克科技,2025-09-18 11:28:15,64.43,6700,64.42,E
sz002409,雅克科技,2025-09-18 11:28:24,64.45,3900,64.48,D
sz002409,雅克科技,2025-09-18 11:28:39,64.48,5200,64.47,U
sz002409,雅克科技,2025-09-18 11:28:45,64.51,23100,64.49,U
sz002409,雅克科技,2025-09-18 11:29:00,64.56,8500,64.54,U
sz002409,雅克科技,2025-09-18 11:29:06,64.55,12900,64.55,D
sz002409,雅克科技,2025-09-18 11:29:24,64.54,3100,64.55,D
sz002409,雅克科技,2025-09-18 11:29:33,64.54,8100,64.53,U
sz002409,雅克科技,2025-09-18 11:29:42,64.54,4700,64.54,U
sz002409,雅克科技,2025-09-18 11:29:51,64.54,14200,64.54,U
sz002409,雅克科技,2025-09-18 13:00:00,64.57,117400,64.54,U
sz002409,雅克科技,2025-09-18 13:00:03,64.55,47400,64.57,D
sz002409,雅克科技,2025-09-18 13:00:09,64.65,4500,64.63,U
sz002409,雅克科技,2025-09-18 13:00:15,64.7,28100,64.68,U
sz002409,雅克科技,2025-09-18 13:00:24,64.73,5300,64.74,E
sz002409,雅克科技,2025-09-18 13:00:33,64.79,5000,64.78,U
sz002409,雅克科技,2025-09-18 13:00:36,64.83,19000,64.79,U
sz002409,雅克科技,2025-09-18 13:00:42,64.84,8000,64.83,U
sz002409,雅克科技,2025-09-18 13:00:51,64.75,3200,64.8,D
sz002409,雅克科技,2025-09-18 13:00:57,64.73,12700,64.74,D
sz002409,雅克科技,2025-09-18 13:01:00,64.71,5400,64.73,E
sz002409,雅克科技,2025-09-18 13:01:06,64.7,7900,64.8,D
sz002409,雅克科技,2025-09-18 13:01:09,64.71,4100,64.7,E
sz002409,雅克科技,2025-09-18 13:01:18,64.68,6100,64.7,D
sz002409,雅克科技,2025-09-18 13:01:24,64.71,3800,64.7,U
sz002409,雅克科技,2025-09-18 13:01:33,64.71,3300,64.69,U
sz002409,雅克科技,2025-09-18 13:01:51,64.72,9000,64.68,U
sz002409,雅克科技,2025-09-18 13:02:12,64.69,8500,64.71,D
sz002409,雅克科技,2025-09-18 13:02:21,64.8,5500,64.75,U
sz002409,雅克科技,2025-09-18 13:02:30,64.77,9400,64.77,D
sz002409,雅克科技,2025-09-18 13:02:39,64.81,6300,64.8,D
sz002409,雅克科技,2025-09-18 13:02:42,64.85,7900,64.81,U
sz002409,雅克科技,2025-09-18 13:02:45,64.84,3700,64.85,E
sz002409,雅克科技,2025-09-18 13:02:48,64.79,10400,64.84,D
sz002409,雅克科技,2025-09-18 13:03:06,64.73,4000,64.74,D
sz002409,雅克科技,2025-09-18 13:03:24,64.75,4300,64.73,U
sz002409,雅克科技,2025-09-18 13:03:39,64.71,8500,64.71,E
sz002409,雅克科技,2025-09-18 13:03:45,64.7,3600,64.71,D
sz002409,雅克科技,2025-09-18 13:03:54,64.7,15400,64.7,D
sz002409,雅克科技,2025-09-18 13:03:57,64.7,11300,64.7,D
sz002409,雅克科技,2025-09-18 13:04:00,64.66,14200,64.7,D
sz002409,雅克科技,2025-09-18 13:04:03,64.7,4100,64.66,U
sz002409,雅克科技,2025-09-18 13:04:06,64.66,5900,64.7,D
sz002409,雅克科技,2025-09-18 13:04:12,64.68,6800,64.68,U
sz002409,雅克科技,2025-09-18 13:04:15,64.75,50000,64.68,U
sz002409,雅克科技,2025-09-18 13:04:18,64.8,5400,64.75,U
sz002409,雅克科技,2025-09-18 13:04:21,64.78,5700,64.8,D
sz002409,雅克科技,2025-09-18 13:04:30,64.78,9600,64.81,D
sz002409,雅克科技,2025-09-18 13:04:36,64.81,17500,64.78,U
sz002409,雅克科技,2025-09-18 13:04:39,64.85,3600,64.81,U
sz002409,雅克科技,2025-09-18 13:04:48,64.86,7100,64.83,U
sz002409,雅克科技,2025-09-18 13:04:51,64.87,8500,64.86,U
sz002409,雅克科技,2025-09-18 13:04:54,64.9,53700,64.87,U
sz002409,雅克科技,2025-09-18 13:04:57,64.94,7200,64.9,U
sz002409,雅克科技,2025-09-18 13:05:00,64.94,5700,64.94,U
sz002409,雅克科技,2025-09-18 13:05:03,64.96,3900,64.94,U
sz002409,雅克科技,2025-09-18 13:05:06,64.96,7300,64.96,U
sz002409,雅克科技,2025-09-18 13:05:09,64.95,3900,64.96,D
sz002409,雅克科技,2025-09-18 13:05:12,64.95,10300,64.95,D
sz002409,雅克科技,2025-09-18 13:05:15,64.96,4700,64.95,U
sz002409,雅克科技,2025-09-18 13:05:18,64.95,3600,64.96,D
sz002409,雅克科技,2025-09-18 13:05:21,64.96,8500,64.95,U
sz002409,雅克科技,2025-09-18 13:05:33,64.91,13400,64.94,D
sz002409,雅克科技,2025-09-18 13:05:48,64.84,3500,64.87,D
sz002409,雅克科技,2025-09-18 13:05:54,64.88,4400,64.87,U
sz002409,雅克科技,2025-09-18 13:05:57,64.87,3900,64.88,E
sz002409,雅克科技,2025-09-18 13:06:00,64.95,30000,64.87,U
sz002409,雅克科技,2025-09-18 13:06:06,65.06,234100,64.97,U
sz002409,雅克科技,2025-09-18 13:06:09,65.08,15200,65.06,U
sz002409,雅克科技,2025-09-18 13:06:12,65.09,16000,65.08,U
sz002409,雅克科技,2025-09-18 13:06:15,65.1,5400,65.09,U
sz002409,雅克科技,2025-09-18 13:06:18,65.1,6400,65.1,U
sz002409,雅克科技,2025-09-18 13:06:21,65.1,13400,65.1,U
sz002409,雅克科技,2025-09-18 13:06:24,65.08,9100,65.1,D
sz002409,雅克科技,2025-09-18 13:06:27,65.1,19300,65.08,U
sz002409,雅克科技,2025-09-18 13:06:30,65.07,5500,65.1,D
sz002409,雅克科技,2025-09-18 13:06:33,65.1,4300,65.07,U
sz002409,雅克科技,2025-09-18 13:06:42,65.1,15900,65.09,U
sz002409,雅克科技,2025-09-18 13:06:45,65.07,4200,65.1,E
sz002409,雅克科技,2025-09-18 13:06:48,65.08,4200,65.07,E
sz002409,雅克科技,2025-09-18 13:06:54,65.09,7700,65.08,U
sz002409,雅克科技,2025-09-18 13:06:57,65.08,16500,65.09,D
sz002409,雅克科技,2025-09-18 13:07:00,65.09,9100,65.08,U
sz002409,雅克科技,2025-09-18 13:07:03,65.1,8500,65.09,U
sz002409,雅克科技,2025-09-18 13:07:06,65.1,7900,65.1,U
sz002409,雅克科技,2025-09-18 13:07:09,65.09,6300,65.1,D
sz002409,雅克科技,2025-09-18 13:07:12,65.09,4300,65.09,U
sz002409,雅克科技,2025-09-18 13:07:15,65.09,44600,65.09,U
sz002409,雅克科技,2025-09-18 13:07:18,65.08,6700,65.09,D
sz002409,雅克科技,2025-09-18 13:07:24,65.09,32800,65.08,U
sz002409,雅克科技,2025-09-18 13:07:27,65.11,6000,65.09,U
sz002409,雅克科技,2025-09-18 13:07:30,65.1,4800,65.11,D
sz002409,雅克科技,2025-09-18 13:07:39,65.09,33800,65.1,D
sz002409,雅克科技,2025-09-18 13:07:42,65.08,3300,65.09,D
sz002409,雅克科技,2025-09-18 13:07:45,65.11,6000,65.08,U
sz002409,雅克科技,2025-09-18 13:07:48,65.12,3400,65.11,U
sz002409,雅克科技,2025-09-18 13:07:51,65.1,3100,65.12,D
sz002409,雅克科技,2025-09-18 13:07:54,65.12,5000,65.1,U
sz002409,雅克科技,2025-09-18 13:08:03,65.08,41100,65.12,D
sz002409,雅克科技,2025-09-18 13:08:06,65.02,3200,65.08,D
sz002409,雅克科技,2025-09-18 13:08:09,65.0,4200,65.02,D
sz002409,雅克科技,2025-09-18 13:08:12,65.02,4700,65.0,E
sz002409,雅克科技,2025-09-18 13:08:15,65.0,3500,65.02,D
sz002409,雅克科技,2025-09-18 13:08:18,65.0,3500,65.0,D
sz002409,雅克科技,2025-09-18 13:08:24,64.9,17600,64.99,D
sz002409,雅克科技,2025-09-18 13:08:27,65.1,13500,64.9,U
sz002409,雅克科技,2025-09-18 13:08:30,65.12,7200,65.1,U
sz002409,雅克科技,2025-09-18 13:08:33,65.12,3500,65.12,U
sz002409,雅克科技,2025-09-18 13:08:39,65.11,3800,65.12,U
sz002409,雅克科技,2025-09-18 13:08:42,65.1,5500,65.11,D
sz002409,雅克科技,2025-09-18 13:08:48,65.07,20300,65.1,D
sz002409,雅克科技,2025-09-18 13:08:57,64.98,3300,64.98,U
sz002409,雅克科技,2025-09-18 13:09:00,65.09,20600,64.98,U
sz002409,雅克科技,2025-09-18 13:09:03,65.1,3800,65.09,U
sz002409,雅克科技,2025-09-18 13:09:06,65.1,4600,65.1,U
sz002409,雅克科技,2025-09-18 13:09:09,65.09,3900,65.1,D
sz002409,雅克科技,2025-09-18 13:09:12,65.1,3600,65.09,U
sz002409,雅克科技,2025-09-18 13:09:18,65.06,7900,65.08,D
sz002409,雅克科技,2025-09-18 13:09:24,65.1,11600,65.07,U
sz002409,雅克科技,2025-09-18 13:09:33,65.08,6400,65.09,D
sz002409,雅克科技,2025-09-18 13:09:45,65.05,5200,65.08,D
sz002409,雅克科技,2025-09-18 13:09:48,65.08,12400,65.05,U
sz002409,雅克科技,2025-09-18 13:09:54,65.07,4600,65.04,U
sz002409,雅克科技,2025-09-18 13:09:57,65.04,5200,65.07,D
sz002409,雅克科技,2025-09-18 13:10:09,65.04,7800,65.04,E
sz002409,雅克科技,2025-09-18 13:10:12,65.01,15200,65.04,D
sz002409,雅克科技,2025-09-18 13:10:15,65.0,13800,65.01,D
sz002409,雅克科技,2025-09-18 13:10:18,65.0,3300,65.0,U
sz002409,雅克科技,2025-09-18 13:10:27,64.93,6800,64.95,D
sz002409,雅克科技,2025-09-18 13:10:36,64.9,5700,64.91,D
sz002409,雅克科技,2025-09-18 13:10:45,64.87,5900,64.88,D
sz002409,雅克科技,2025-09-18 13:10:48,64.88,6300,64.87,U
sz002409,雅克科技,2025-09-18 13:10:54,64.9,9100,64.9,U
sz002409,雅克科技,2025-09-18 13:11:00,64.99,8700,64.98,U
sz002409,雅克科技,2025-09-18 13:11:12,65.02,10500,64.99,U
sz002409,雅克科技,2025-09-18 13:11:15,65.0,9800,65.02,D
sz002409,雅克科技,2025-09-18 13:11:18,65.07,13200,65.0,U
sz002409,雅克科技,2025-09-18 13:11:27,65.0,3600,65.02,E
sz002409,雅克科技,2025-09-18 13:11:30,64.98,5100,65.0,D
sz002409,雅克科技,2025-09-18 13:11:33,65.0,6500,64.98,U
sz002409,雅克科技,2025-09-18 13:11:39,65.03,16800,65.0,U
sz002409,雅克科技,2025-09-18 13:11:57,64.98,3200,64.98,D
sz002409,雅克科技,2025-09-18 13:12:00,64.98,15700,64.98,U
sz002409,雅克科技,2025-09-18 13:12:12,65.03,30200,64.97,U
sz002409,雅克科技,2025-09-18 13:12:15,65.06,4600,65.03,U
sz002409,雅克科技,2025-09-18 13:12:18,65.06,5400,65.06,U
sz002409,雅克科技,2025-09-18 13:12:24,65.06,3200,65.06,U
sz002409,雅克科技,2025-09-18 13:12:33,65.05,11600,65.02,U
sz002409,雅克科技,2025-09-18 13:12:36,64.99,4100,65.05,D
sz002409,雅克科技,2025-09-18 13:12:42,65.01,3700,65.0,U
sz002409,雅克科技,2025-09-18 13:12:54,64.97,7800,64.97,D
sz002409,雅克科技,2025-09-18 13:12:57,64.97,12900,64.97,U
sz002409,雅克科技,2025-09-18 13:13:03,64.93,5700,64.95,D
sz002409,雅克科技,2025-09-18 13:13:12,64.95,6800,64.92,U
sz002409,雅克科技,2025-09-18 13:13:15,64.94,6500,64.95,D
sz002409,雅克科技,2025-09-18 13:13:21,64.97,15500,64.94,U
sz002409,雅克科技,2025-09-18 13:13:30,64.99,6200,64.97,U
sz002409,雅克科技,2025-09-18 13:13:39,65.05,13600,65.02,U
sz002409,雅克科技,2025-09-18 13:13:42,65.07,4500,65.05,U
sz002409,雅克科技,2025-09-18 13:13:45,65.07,7000,65.07,U
sz002409,雅克科技,2025-09-18 13:13:48,65.08,4100,65.07,U
sz002409,雅克科技,2025-09-18 13:13:51,65.08,6600,65.08,U
sz002409,雅克科技,2025-09-18 13:13:54,65.09,5300,65.08,U
sz002409,雅克科技,2025-09-18 13:13:57,65.11,64700,65.09,U
sz002409,雅克科技,2025-09-18 13:14:00,65.14,22700,65.11,U
sz002409,雅克科技,2025-09-18 13:14:03,65.15,15800,65.14,U
sz002409,雅克科技,2025-09-18 13:14:06,65.15,5100,65.15,U
sz002409,雅克科技,2025-09-18 13:14:09,65.15,8900,65.15,U
sz002409,雅克科技,2025-09-18 13:14:18,65.15,32800,65.15,U
sz002409,雅克科技,2025-09-18 13:14:24,65.15,5300,65.14,U
sz002409,雅克科技,2025-09-18 13:14:27,65.15,4700,65.15,U
sz002409,雅克科技,2025-09-18 13:14:30,65.15,4500,65.15,U
sz002409,雅克科技,2025-09-18 13:14:33,65.15,10000,65.15,U
sz002409,雅克科技,2025-09-18 13:14:36,65.14,6100,65.15,U
sz002409,雅克科技,2025-09-18 13:14:39,65.15,4200,65.14,U
sz002409,雅克科技,2025-09-18 13:14:45,65.16,4600,65.16,U
sz002409,雅克科技,2025-09-18 13:14:48,65.18,32200,65.16,U
sz002409,雅克科技,2025-09-18 13:14:51,65.28,141500,65.18,U
sz002409,雅克科技,2025-09-18 13:14:54,65.38,122500,65.28,U
sz002409,雅克科技,2025-09-18 13:14:57,65.43,21400,65.38,U
sz002409,雅克科技,2025-09-18 13:15:00,65.48,9200,65.43,U
sz002409,雅克科技,2025-09-18 13:15:03,65.43,20400,65.48,D
sz002409,雅克科技,2025-09-18 13:15:06,65.38,14900,65.43,E
sz002409,雅克科技,2025-09-18 13:15:09,65.42,11600,65.38,U
sz002409,雅克科技,2025-09-18 13:15:12,65.4,8400,65.42,E
sz002409,雅克科技,2025-09-18 13:15:15,65.35,12500,65.4,D
sz002409,雅克科技,2025-09-18 13:15:18,65.31,5200,65.35,D
sz002409,雅克科技,2025-09-18 13:15:21,65.31,5200,65.31,D
sz002409,雅克科技,2025-09-18 13:15:24,65.3,7700,65.31,D
sz002409,雅克科技,2025-09-18 13:15:27,65.23,3800,65.3,D
sz002409,雅克科技,2025-09-18 13:15:30,65.2,3300,65.23,D
sz002409,雅克科技,2025-09-18 13:15:42,65.19,14600,65.2,D
sz002409,雅克科技,2025-09-18 13:15:45,65.24,31000,65.19,U
sz002409,雅克科技,2025-09-18 13:15:51,65.25,3900,65.26,E
sz002409,雅克科技,2025-09-18 13:15:54,65.23,19900,65.25,D
sz002409,雅克科技,2025-09-18 13:15:57,65.18,19500,65.23,D
sz002409,雅克科技,2025-09-18 13:16:00,65.19,5500,65.18,U
sz002409,雅克科技,2025-09-18 13:16:15,65.2,7200,65.2,U
sz002409,雅克科技,2025-09-18 13:16:18,65.2,8000,65.2,U
sz002409,雅克科技,2025-09-18 13:16:21,65.21,8900,65.2,U
sz002409,雅克科技,2025-09-18 13:16:24,65.22,6000,65.21,U
sz002409,雅克科技,2025-09-18 13:16:30,65.23,6200,65.21,U
sz002409,雅克科技,2025-09-18 13:16:33,65.22,17200,65.23,D
sz002409,雅克科技,2025-09-18 13:16:36,65.25,11100,65.22,U
sz002409,雅克科技,2025-09-18 13:16:39,65.28,6100,65.25,U
sz002409,雅克科技,2025-09-18 13:16:45,65.29,4900,65.26,U
sz002409,雅克科技,2025-09-18 13:16:48,65.26,4300,65.29,D
sz002409,雅克科技,2025-09-18 13:16:51,65.3,4300,65.26,U
sz002409,雅克科技,2025-09-18 13:16:54,65.32,4000,65.3,U
sz002409,雅克科技,2025-09-18 13:16:57,65.3,7800,65.32,D
sz002409,雅克科技,2025-09-18 13:17:00,65.34,4200,65.3,U
sz002409,雅克科技,2025-09-18 13:17:09,65.3,9300,65.3,D
sz002409,雅克科技,2025-09-18 13:17:12,65.31,4100,65.3,E
sz002409,雅克科技,2025-09-18 13:17:15,65.31,3600,65.31,U
sz002409,雅克科技,2025-09-18 13:17:24,65.28,3800,65.31,D
sz002409,雅克科技,2025-09-18 13:17:27,65.26,5800,65.28,D
sz002409,雅克科技,2025-09-18 13:17:30,65.26,7900,65.26,D
sz002409,雅克科技,2025-09-18 13:17:33,65.23,3100,65.26,D
sz002409,雅克科技,2025-09-18 13:17:36,65.23,3300,65.23,D
sz002409,雅克科技,2025-09-18 13:17:45,65.23,4900,65.23,D
sz002409,雅克科技,2025-09-18 13:17:48,65.23,6800,65.23,D
sz002409,雅克科技,2025-09-18 13:17:57,65.23,3800,65.22,U
sz002409,雅克科技,2025-09-18 13:18:00,65.2,8200,65.23,D
sz002409,雅克科技,2025-09-18 13:18:03,65.18,24000,65.2,D
sz002409,雅克科技,2025-09-18 13:18:12,65.18,4800,65.2,U
sz002409,雅克科技,2025-09-18 13:18:18,65.18,5400,65.18,U
sz002409,雅克科技,2025-09-18 13:18:54,65.16,4500,65.16,D
sz002409,雅克科技,2025-09-18 13:19:00,65.15,5200,65.15,D
sz002409,雅克科技,2025-09-18 13:19:03,65.12,19100,65.15,D
sz002409,雅克科技,2025-09-18 13:19:06,65.11,4000,65.12,D
sz002409,雅克科技,2025-09-18 13:19:09,65.09,8000,65.11,D
sz002409,雅克科技,2025-09-18 13:19:12,65.09,4700,65.09,D
sz002409,雅克科技,2025-09-18 13:19:15,65.07,3700,65.09,D
sz002409,雅克科技,2025-09-18 13:19:21,65.0,6900,65.06,D
sz002409,雅克科技,2025-09-18 13:19:24,64.99,3400,65.0,D
sz002409,雅克科技,2025-09-18 13:19:42,64.91,4700,64.91,D
sz002409,雅克科技,2025-09-18 13:19:48,64.81,5200,64.91,D
sz002409,雅克科技,2025-09-18 13:19:57,64.81,9400,64.83,D
sz002409,雅克科技,2025-09-18 13:20:00,64.82,8900,64.81,E
sz002409,雅克科技,2025-09-18 13:20:03,64.8,31700,64.82,D
sz002409,雅克科技,2025-09-18 13:20:09,64.79,6000,64.8,D
sz002409,雅克科技,2025-09-18 13:20:12,64.78,4500,64.79,D
sz002409,雅克科技,2025-09-18 13:20:15,64.76,10700,64.78,D
sz002409,雅克科技,2025-09-18 13:20:27,64.68,5800,64.76,D
sz002409,雅克科技,2025-09-18 13:20:39,64.65,5000,64.66,D
sz002409,雅克科技,2025-09-18 13:20:45,64.64,7800,64.66,D
sz002409,雅克科技,2025-09-18 13:20:54,64.62,4000,64.63,D
sz002409,雅克科技,2025-09-18 13:20:57,64.61,4100,64.62,D
sz002409,雅克科技,2025-09-18 13:21:03,64.58,13700,64.61,D
sz002409,雅克科技,2025-09-18 13:21:12,64.58,9400,64.58,D
sz002409,雅克科技,2025-09-18 13:21:15,64.6,19500,64.58,U
sz002409,雅克科技,2025-09-18 13:21:18,64.6,15200,64.6,U
sz002409,雅克科技,2025-09-18 13:21:21,64.58,4300,64.6,D
sz002409,雅克科技,2025-09-18 13:21:27,64.57,4300,64.58,D
sz002409,雅克科技,2025-09-18 13:21:30,64.61,4300,64.57,U
sz002409,雅克科技,2025-09-18 13:21:33,64.57,15600,64.61,D
sz002409,雅克科技,2025-09-18 13:21:39,64.56,14800,64.55,D
sz002409,雅克科技,2025-09-18 13:21:45,64.56,5300,64.56,D
sz002409,雅克科技,2025-09-18 13:21:51,64.55,5600,64.56,D
sz002409,雅克科技,2025-09-18 13:21:54,64.57,24400,64.55,U
sz002409,雅克科技,2025-09-18 13:22:03,64.61,9900,64.58,U
sz002409,雅克科技,2025-09-18 13:22:06,64.58,9600,64.61,D
sz002409,雅克科技,2025-09-18 13:22:18,64.57,4300,64.61,D
sz002409,雅克科技,2025-09-18 13:22:30,64.63,5200,64.61,U
sz002409,雅克科技,2025-09-18 13:22:36,64.6,26000,64.6,D
sz002409,雅克科技,2025-09-18 13:22:42,64.61,3801,64.61,D
sz002409,雅克科技,2025-09-18 13:22:57,64.68,10100,64.66,U
sz002409,雅克科技,2025-09-18 13:23:03,64.7,13000,64.66,U
sz002409,雅克科技,2025-09-18 13:23:06,64.71,4200,64.7,U
sz002409,雅克科技,2025-09-18 13:23:12,64.71,6000,64.7,U
sz002409,雅克科技,2025-09-18 13:23:24,64.7,6600,64.73,D
sz002409,雅克科技,2025-09-18 13:23:27,64.73,16200,64.7,E
sz002409,雅克科技,2025-09-18 13:23:30,64.67,15600,64.73,D
sz002409,雅克科技,2025-09-18 13:23:33,64.66,5300,64.67,D
sz002409,雅克科技,2025-09-18 13:23:45,64.66,4300,64.66,D
sz002409,雅克科技,2025-09-18 13:23:51,64.67,4600,64.66,U
sz002409,雅克科技,2025-09-18 13:23:57,64.64,7200,64.66,D
sz002409,雅克科技,2025-09-18 13:24:00,64.64,3100,64.64,D
sz002409,雅克科技,2025-09-18 13:24:03,64.64,24600,64.64,D
sz002409,雅克科技,2025-09-18 13:24:06,64.61,14200,64.64,D
sz002409,雅克科技,2025-09-18 13:24:12,64.59,5400,64.6,D
sz002409,雅克科技,2025-09-18 13:24:21,64.59,3600,64.59,D
sz002409,雅克科技,2025-09-18 13:24:27,64.59,17400,64.59,U
sz002409,雅克科技,2025-09-18 13:24:30,64.62,4000,64.59,U
sz002409,雅克科技,2025-09-18 13:24:33,64.57,18700,64.62,D
sz002409,雅克科技,2025-09-18 13:24:36,64.57,5900,64.57,U
sz002409,雅克科技,2025-09-18 13:24:48,64.57,27100,64.56,U
sz002409,雅克科技,2025-09-18 13:24:51,64.56,5500,64.57,D
sz002409,雅克科技,2025-09-18 13:24:54,64.55,25700,64.56,D
sz002409,雅克科技,2025-09-18 13:25:00,64.53,6900,64.55,D
sz002409,雅克科技,2025-09-18 13:25:06,64.51,3300,64.52,D
sz002409,雅克科技,2025-09-18 13:25:09,64.5,25200,64.51,D
sz002409,雅克科技,2025-09-18 13:25:21,64.43,4200,64.45,D
sz002409,雅克科技,2025-09-18 13:25:27,64.39,14600,64.42,D
sz002409,雅克科技,2025-09-18 13:25:33,64.39,9600,64.39,D
sz002409,雅克科技,2025-09-18 13:25:36,64.39,6800,64.39,D
sz002409,雅克科技,2025-09-18 13:25:39,64.39,3900,64.39,U
sz002409,雅克科技,2025-09-18 13:25:42,64.38,11800,64.39,E
sz002409,雅克科技,2025-09-18 13:25:45,64.36,4400,64.38,D
sz002409,雅克科技,2025-09-18 13:25:48,64.37,14500,64.36,E
sz002409,雅克科技,2025-09-18 13:25:51,64.36,12300,64.37,D
sz002409,雅克科技,2025-09-18 13:26:00,64.38,23500,64.35,U
sz002409,雅克科技,2025-09-18 13:26:03,64.35,11500,64.38,D
sz002409,雅克科技,2025-09-18 13:26:06,64.35,10400,64.35,U
sz002409,雅克科技,2025-09-18 13:26:12,64.33,5300,64.35,D
sz002409,雅克科技,2025-09-18 13:26:15,64.35,15800,64.33,U
sz002409,雅克科技,2025-09-18 13:26:24,64.37,5400,64.33,U
sz002409,雅克科技,2025-09-18 13:26:27,64.33,10800,64.37,D
sz002409,雅克科技,2025-09-18 13:26:33,64.34,5400,64.33,U
sz002409,雅克科技,2025-09-18 13:26:36,64.33,4700,64.34,D
sz002409,雅克科技,2025-09-18 13:26:39,64.33,6300,64.33,D
sz002409,雅克科技,2025-09-18 13:26:42,64.33,10900,64.33,D
sz002409,雅克科技,2025-09-18 13:26:45,64.34,7400,64.33,E
sz002409,雅克科技,2025-09-18 13:26:48,64.33,20000,64.34,D
sz002409,雅克科技,2025-09-18 13:26:51,64.34,4900,64.33,U
sz002409,雅克科技,2025-09-18 13:26:54,64.35,9000,64.34,U
sz002409,雅克科技,2025-09-18 13:27:00,64.34,5700,64.35,D
sz002409,雅克科技,2025-09-18 13:27:03,64.34,3400,64.34,D
sz002409,雅克科技,2025-09-18 13:27:06,64.34,5200,64.34,U
sz002409,雅克科技,2025-09-18 13:27:09,64.33,3900,64.34,D
sz002409,雅克科技,2025-09-18 13:27:12,64.32,5100,64.33,D
sz002409,雅克科技,2025-09-18 13:27:15,64.32,3700,64.32,D
sz002409,雅克科技,2025-09-18 13:27:18,64.32,17600,64.32,D
sz002409,雅克科技,2025-09-18 13:27:21,64.33,8000,64.32,U
sz002409,雅克科技,2025-09-18 13:27:24,64.33,21900,64.33,D
sz002409,雅克科技,2025-09-18 13:27:27,64.35,20900,64.33,U
sz002409,雅克科技,2025-09-18 13:27:30,64.35,9300,64.35,U
sz002409,雅克科技,2025-09-18 13:27:33,64.3,3300,64.35,D
sz002409,雅克科技,2025-09-18 13:27:36,64.33,5100,64.3,U
sz002409,雅克科技,2025-09-18 13:27:39,64.37,13200,64.33,U
sz002409,雅克科技,2025-09-18 13:27:42,64.31,12600,64.37,D
sz002409,雅克科技,2025-09-18 13:27:48,64.3,6700,64.33,D
sz002409,雅克科技,2025-09-18 13:27:54,64.33,37200,64.32,U
sz002409,雅克科技,2025-09-18 13:27:57,64.33,22600,64.33,U
sz002409,雅克科技,2025-09-18 13:28:06,64.29,5700,64.3,D
sz002409,雅克科技,2025-09-18 13:28:09,64.32,7900,64.29,U
sz002409,雅克科技,2025-09-18 13:28:15,64.3,6700,64.31,D
sz002409,雅克科技,2025-09-18 13:28:18,64.29,3800,64.3,D
sz002409,雅克科技,2025-09-18 13:28:21,64.29,4400,64.29,D
sz002409,雅克科技,2025-09-18 13:28:24,64.28,6300,64.29,D
sz002409,雅克科技,2025-09-18 13:28:33,64.3,6800,64.3,U
sz002409,雅克科技,2025-09-18 13:28:36,64.29,4300,64.3,D
sz002409,雅克科技,2025-09-18 13:28:39,64.3,6000,64.29,E
sz002409,雅克科技,2025-09-18 13:28:42,64.28,6500,64.3,D
sz002409,雅克科技,2025-09-18 13:28:57,64.28,4200,64.3,D
sz002409,雅克科技,2025-09-18 13:29:00,64.26,10200,64.28,D
sz002409,雅克科技,2025-09-18 13:29:03,64.26,3200,64.26,D
sz002409,雅克科技,2025-09-18 13:29:24,64.3,26700,64.25,U
sz002409,雅克科技,2025-09-18 13:29:27,64.32,5100,64.3,U
sz002409,雅克科技,2025-09-18 13:29:30,64.33,16400,64.32,U
sz002409,雅克科技,2025-09-18 13:29:33,64.33,3500,64.33,U
sz002409,雅克科技,2025-09-18 13:29:42,64.38,8000,64.35,U
sz002409,雅克科技,2025-09-18 13:29:45,64.39,3600,64.38,U
sz002409,雅克科技,2025-09-18 13:29:57,64.45,5200,64.42,U
sz002409,雅克科技,2025-09-18 13:30:00,64.48,6200,64.45,U
sz002409,雅克科技,2025-09-18 13:30:03,64.52,4300,64.48,U
sz002409,雅克科技,2025-09-18 13:30:09,64.56,3500,64.52,U
sz002409,雅克科技,2025-09-18 13:30:12,64.56,4400,64.56,U
sz002409,雅克科技,2025-09-18 13:30:18,64.59,31900,64.56,U
sz002409,雅克科技,2025-09-18 13:30:21,64.59,4500,64.59,U
sz002409,雅克科技,2025-09-18 13:30:24,64.61,12900,64.59,U
sz002409,雅克科技,2025-09-18 13:30:33,64.64,3800,64.62,U
sz002409,雅克科技,2025-09-18 13:30:36,64.63,3100,64.64,E
sz002409,雅克科技,2025-09-18 13:30:39,64.64,15901,64.63,U
sz002409,雅克科技,2025-09-18 13:30:45,64.64,9699,64.64,D
sz002409,雅克科技,2025-09-18 13:30:51,64.63,24600,64.62,U
sz002409,雅克科技,2025-09-18 13:31:03,64.63,11400,64.61,U
sz002409,雅克科技,2025-09-18 13:31:09,64.65,4701,64.63,U
sz002409,雅克科技,2025-09-18 13:31:12,64.67,9000,64.65,U
sz002409,雅克科技,2025-09-18 13:31:15,64.68,5200,64.67,U
sz002409,雅克科技,2025-09-18 13:31:21,64.71,6500,64.69,U
sz002409,雅克科技,2025-09-18 13:31:33,64.77,7300,64.73,U
sz002409,雅克科技,2025-09-18 13:31:36,64.75,76500,64.77,D
sz002409,雅克科技,2025-09-18 13:31:39,64.74,3300,64.75,D
sz002409,雅克科技,2025-09-18 13:31:42,64.7,5900,64.74,D
sz002409,雅克科技,2025-09-18 13:31:48,64.69,5100,64.7,D
sz002409,雅克科技,2025-09-18 13:31:57,64.69,5800,64.7,D
sz002409,雅克科技,2025-09-18 13:32:00,64.61,12199,64.69,D
sz002409,雅克科技,2025-09-18 13:32:03,64.65,6900,64.61,U
sz002409,雅克科技,2025-09-18 13:32:15,64.58,3100,64.59,E
sz002409,雅克科技,2025-09-18 13:32:18,64.52,3300,64.58,D
sz002409,雅克科技,2025-09-18 13:32:27,64.41,3500,64.42,D
sz002409,雅克科技,2025-09-18 13:32:33,64.4,4400,64.43,D
sz002409,雅克科技,2025-09-18 13:32:45,64.38,4100,64.4,D
sz002409,雅克科技,2025-09-18 13:32:48,64.41,27100,64.38,U
sz002409,雅克科技,2025-09-18 13:33:06,64.43,3200,64.41,U
sz002409,雅克科技,2025-09-18 13:33:36,64.38,11700,64.41,D
sz002409,雅克科技,2025-09-18 13:33:39,64.39,5900,64.38,U
sz002409,雅克科技,2025-09-18 13:33:42,64.37,3200,64.39,D
sz002409,雅克科技,2025-09-18 13:33:45,64.37,4800,64.37,E
sz002409,雅克科技,2025-09-18 13:34:00,64.41,21600,64.38,U
sz002409,雅克科技,2025-09-18 13:34:03,64.38,51400,64.41,D
sz002409,雅克科技,2025-09-18 13:34:09,64.43,40800,64.41,U
sz002409,雅克科技,2025-09-18 13:34:12,64.41,3500,64.43,D
sz002409,雅克科技,2025-09-18 13:34:21,64.42,35500,64.52,D
sz002409,雅克科技,2025-09-18 13:34:54,64.53,3100,64.53,D
sz002409,雅克科技,2025-09-18 13:34:57,64.5,11000,64.53,D
sz002409,雅克科技,2025-09-18 13:35:09,64.51,3200,64.52,D
sz002409,雅克科技,2025-09-18 13:35:15,64.5,7900,64.51,D
sz002409,雅克科技,2025-09-18 13:35:45,64.49,3300,64.49,D
sz002409,雅克科技,2025-09-18 13:35:54,64.48,5300,64.48,D
sz002409,雅克科技,2025-09-18 13:35:57,64.47,13200,64.48,D
sz002409,雅克科技,2025-09-18 13:36:06,64.5,4000,64.5,U
sz002409,雅克科技,2025-09-18 13:36:09,64.5,5400,64.5,D
sz002409,雅克科技,2025-09-18 13:36:24,64.57,24700,64.55,U
sz002409,雅克科技,2025-09-18 13:36:27,64.68,7801,64.57,U
sz002409,雅克科技,2025-09-18 13:36:36,64.71,3400,64.7,U
sz002409,雅克科技,2025-09-18 13:36:39,64.7,4500,64.71,D
sz002409,雅克科技,2025-09-18 13:36:42,64.72,6200,64.7,U
sz002409,雅克科技,2025-09-18 13:37:09,64.7,3100,64.68,U
sz002409,雅克科技,2025-09-18 13:37:12,64.74,36600,64.7,U
sz002409,雅克科技,2025-09-18 13:37:15,64.69,3500,64.74,D
sz002409,雅克科技,2025-09-18 13:37:21,64.76,3500,64.75,U
sz002409,雅克科技,2025-09-18 13:37:30,64.8,4000,64.79,U
sz002409,雅克科技,2025-09-18 13:37:39,64.82,3900,64.78,U
sz002409,雅克科技,2025-09-18 13:38:03,64.7,17700,64.84,D
sz002409,雅克科技,2025-09-18 13:38:06,64.68,5600,64.7,D
sz002409,雅克科技,2025-09-18 13:38:12,64.66,5900,64.69,D
sz002409,雅克科技,2025-09-18 13:38:24,64.65,9000,64.63,U
sz002409,雅克科技,2025-09-18 13:38:30,64.61,8000,64.65,D
sz002409,雅克科技,2025-09-18 13:38:39,64.6,3400,64.6,D
sz002409,雅克科技,2025-09-18 13:38:51,64.56,3600,64.56,D
sz002409,雅克科技,2025-09-18 13:38:54,64.5,7000,64.56,D
sz002409,雅克科技,2025-09-18 13:38:57,64.49,5700,64.5,E
sz002409,雅克科技,2025-09-18 13:39:00,64.61,29700,64.49,U
sz002409,雅克科技,2025-09-18 13:39:03,64.67,42600,64.61,U
sz002409,雅克科技,2025-09-18 13:39:21,64.67,6000,64.7,D
sz002409,雅克科技,2025-09-18 13:39:57,64.73,7400,64.75,D
sz002409,雅克科技,2025-09-18 13:40:00,64.72,5000,64.73,D
sz002409,雅克科技,2025-09-18 13:40:06,64.75,4800,64.73,U
sz002409,雅克科技,2025-09-18 13:40:36,64.65,6400,64.68,D
sz002409,雅克科技,2025-09-18 13:40:48,64.68,6700,64.63,U
sz002409,雅克科技,2025-09-18 13:40:54,64.56,4000,64.62,D
sz002409,雅克科技,2025-09-18 13:41:00,64.65,3700,64.57,U
sz002409,雅克科技,2025-09-18 13:41:15,64.66,3400,64.69,D
sz002409,雅克科技,2025-09-18 13:41:30,64.7,3600,64.7,D
sz002409,雅克科技,2025-09-18 13:41:33,64.72,14400,64.7,U
sz002409,雅克科技,2025-09-18 13:42:00,64.73,4800,64.71,U
sz002409,雅克科技,2025-09-18 13:42:06,64.78,7800,64.78,U
sz002409,雅克科技,2025-09-18 13:42:21,64.77,6700,64.78,E
sz002409,雅克科技,2025-09-18 13:42:30,64.78,3400,64.78,U
sz002409,雅克科技,2025-09-18 13:42:33,64.78,4300,64.78,D
sz002409,雅克科技,2025-09-18 13:42:57,64.88,10300,64.82,U
sz002409,雅克科技,2025-09-18 13:43:03,64.88,5200,64.88,U
sz002409,雅克科技,2025-09-18 13:43:06,64.89,4400,64.88,U
sz002409,雅克科技,2025-09-18 13:43:09,64.89,13000,64.89,E
sz002409,雅克科技,2025-09-18 13:43:12,64.84,7800,64.89,D
sz002409,雅克科技,2025-09-18 13:43:18,64.8,8300,64.84,D
sz002409,雅克科技,2025-09-18 13:43:24,64.77,6000,64.8,D
sz002409,雅克科技,2025-09-18 13:43:27,64.75,7500,64.77,D
sz002409,雅克科技,2025-09-18 13:43:33,64.8,9300,64.75,U
sz002409,雅克科技,2025-09-18 13:43:36,64.8,7800,64.8,E
sz002409,雅克科技,2025-09-18 13:43:42,64.84,4600,64.84,U
sz002409,雅克科技,2025-09-18 13:43:51,64.84,8200,64.84,D
sz002409,雅克科技,2025-09-18 13:44:09,64.71,3400,64.72,D
sz002409,雅克科技,2025-09-18 13:44:12,64.71,11900,64.71,U
sz002409,雅克科技,2025-09-18 13:44:27,64.64,5700,64.67,D
sz002409,雅克科技,2025-09-18 13:44:39,64.62,6700,64.63,D
sz002409,雅克科技,2025-09-18 13:44:54,64.59,3800,64.61,D
sz002409,雅克科技,2025-09-18 13:45:00,64.58,7000,64.59,D
sz002409,雅克科技,2025-09-18 13:45:03,64.56,3800,64.58,D
sz002409,雅克科技,2025-09-18 13:45:06,64.56,4100,64.56,D
sz002409,雅克科技,2025-09-18 13:45:21,64.48,5800,64.51,D
sz002409,雅克科技,2025-09-18 13:45:27,64.46,21900,64.5,D
sz002409,雅克科技,2025-09-18 13:45:30,64.49,19000,64.46,U
sz002409,雅克科技,2025-09-18 13:45:33,64.49,8400,64.49,D
sz002409,雅克科技,2025-09-18 13:45:45,64.46,6100,64.46,D
sz002409,雅克科技,2025-09-18 13:45:51,64.45,14500,64.47,D
sz002409,雅克科技,2025-09-18 13:45:57,64.42,9600,64.43,D
sz002409,雅克科技,2025-09-18 13:46:00,64.44,7900,64.42,U
sz002409,雅克科技,2025-09-18 13:46:03,64.41,3300,64.44,E
sz002409,雅克科技,2025-09-18 13:46:06,64.4,17500,64.41,D
sz002409,雅克科技,2025-09-18 13:46:15,64.39,16600,64.4,D
sz002409,雅克科技,2025-09-18 13:46:21,64.38,19800,64.38,D
sz002409,雅克科技,2025-09-18 13:46:39,64.39,38200,64.36,U
sz002409,雅克科技,2025-09-18 13:46:42,64.4,36900,64.39,U
sz002409,雅克科技,2025-09-18 13:47:03,64.42,3500,64.42,D
sz002409,雅克科技,2025-09-18 13:47:18,64.39,8700,64.41,D
sz002409,雅克科技,2025-09-18 13:47:21,64.39,12100,64.39,D
sz002409,雅克科技,2025-09-18 13:47:30,64.4,5100,64.38,U
sz002409,雅克科技,2025-09-18 13:47:33,64.38,4400,64.4,D
sz002409,雅克科技,2025-09-18 13:47:39,64.36,6500,64.37,D
sz002409,雅克科技,2025-09-18 13:47:45,64.37,5100,64.37,U
sz002409,雅克科技,2025-09-18 13:47:48,64.36,7300,64.37,D
sz002409,雅克科技,2025-09-18 13:47:51,64.36,7200,64.36,D
sz002409,雅克科技,2025-09-18 13:47:57,64.4,4600,64.4,U
sz002409,雅克科技,2025-09-18 13:48:03,64.36,9200,64.4,D
sz002409,雅克科技,2025-09-18 13:48:06,64.38,49300,64.36,U
sz002409,雅克科技,2025-09-18 13:48:09,64.36,7200,64.38,E
sz002409,雅克科技,2025-09-18 13:48:12,64.38,10800,64.36,U
sz002409,雅克科技,2025-09-18 13:48:15,64.42,21300,64.38,U
sz002409,雅克科技,2025-09-18 13:48:21,64.39,13300,64.42,D
sz002409,雅克科技,2025-09-18 13:48:27,64.45,7200,64.42,U
sz002409,雅克科技,2025-09-18 13:48:54,64.5,3900,64.49,U
sz002409,雅克科技,2025-09-18 13:49:06,64.51,6200,64.52,D
sz002409,雅克科技,2025-09-18 13:49:24,64.5,3500,64.5,U
sz002409,雅克科技,2025-09-18 13:49:54,64.49,3300,64.5,D
sz002409,雅克科技,2025-09-18 13:49:57,64.5,3600,64.49,U
sz002409,雅克科技,2025-09-18 13:50:03,64.49,4300,64.49,U
sz002409,雅克科技,2025-09-18 13:50:09,64.5,5500,64.49,U
sz002409,雅克科技,2025-09-18 13:50:12,64.51,19100,64.5,U
sz002409,雅克科技,2025-09-18 13:50:18,64.51,9300,64.5,E
sz002409,雅克科技,2025-09-18 13:50:21,64.56,3100,64.51,U
sz002409,雅克科技,2025-09-18 13:50:27,64.55,5000,64.55,D
sz002409,雅克科技,2025-09-18 13:50:39,64.6,6000,64.58,U
sz002409,雅克科技,2025-09-18 13:50:42,64.6,5600,64.6,D
sz002409,雅克科技,2025-09-18 13:50:57,64.6,11400,64.61,D
sz002409,雅克科技,2025-09-18 13:51:00,64.61,4000,64.6,U
sz002409,雅克科技,2025-09-18 13:51:06,64.61,7500,64.62,D
sz002409,雅克科技,2025-09-18 13:51:36,64.6,3100,64.61,D
sz002409,雅克科技,2025-09-18 13:51:51,64.62,5500,64.6,U
sz002409,雅克科技,2025-09-18 13:52:00,64.63,5100,64.62,U
sz002409,雅克科技,2025-09-18 13:52:03,64.63,4000,64.63,U
sz002409,雅克科技,2025-09-18 13:52:09,64.65,12700,64.62,U
sz002409,雅克科技,2025-09-18 13:52:18,64.77,25300,64.63,U
sz002409,雅克科技,2025-09-18 13:52:24,64.79,8000,64.78,U
sz002409,雅克科技,2025-09-18 13:52:30,64.82,6100,64.83,D
sz002409,雅克科技,2025-09-18 13:52:33,64.83,4400,64.82,E
sz002409,雅克科技,2025-09-18 13:52:36,64.79,3200,64.83,D
sz002409,雅克科技,2025-09-18 13:53:06,64.66,5700,64.67,D
sz002409,雅克科技,2025-09-18 13:53:09,64.66,12400,64.66,D
sz002409,雅克科技,2025-09-18 13:53:15,64.63,3500,64.63,U
sz002409,雅克科技,2025-09-18 13:53:30,64.62,3100,64.62,U
sz002409,雅克科技,2025-09-18 13:53:45,64.6,7700,64.62,D
sz002409,雅克科技,2025-09-18 13:53:48,64.6,3600,64.6,D
sz002409,雅克科技,2025-09-18 13:53:57,64.6,4000,64.6,D
sz002409,雅克科技,2025-09-18 13:54:03,64.57,34400,64.6,D
sz002409,雅克科技,2025-09-18 13:54:06,64.54,4700,64.57,D
sz002409,雅克科技,2025-09-18 13:54:15,64.5,4200,64.53,D
sz002409,雅克科技,2025-09-18 13:54:24,64.5,9400,64.51,D
sz002409,雅克科技,2025-09-18 13:54:33,64.49,5300,64.49,D
sz002409,雅克科技,2025-09-18 13:55:03,64.4,11700,64.4,D
sz002409,雅克科技,2025-09-18 13:55:06,64.37,10300,64.4,D
sz002409,雅克科技,2025-09-18 13:55:15,64.31,11700,64.36,D
sz002409,雅克科技,2025-09-18 13:55:18,64.4,11400,64.31,U
sz002409,雅克科技,2025-09-18 13:55:21,64.41,25400,64.4,U
sz002409,雅克科技,2025-09-18 13:55:27,64.44,7300,64.41,U
sz002409,雅克科技,2025-09-18 13:55:30,64.42,7600,64.44,E
sz002409,雅克科技,2025-09-18 13:55:33,64.4,6100,64.42,D
sz002409,雅克科技,2025-09-18 13:55:54,64.38,3200,64.38,D
sz002409,雅克科技,2025-09-18 13:56:00,64.38,10700,64.37,U
sz002409,雅克科技,2025-09-18 13:56:06,64.37,3800,64.38,D
sz002409,雅克科技,2025-09-18 13:56:12,64.36,3600,64.37,D
sz002409,雅克科技,2025-09-18 13:56:15,64.36,4300,64.36,D
sz002409,雅克科技,2025-09-18 13:56:21,64.37,6100,64.36,E
sz002409,雅克科技,2025-09-18 13:56:27,64.41,8500,64.4,U
sz002409,雅克科技,2025-09-18 13:56:42,64.39,5400,64.41,D
sz002409,雅克科技,2025-09-18 13:56:45,64.39,3900,64.39,D
sz002409,雅克科技,2025-09-18 13:56:54,64.41,3900,64.38,U
sz002409,雅克科技,2025-09-18 13:57:21,64.4,11700,64.39,U
sz002409,雅克科技,2025-09-18 13:57:30,64.39,4500,64.39,D
sz002409,雅克科技,2025-09-18 13:57:33,64.37,24400,64.39,D
sz002409,雅克科技,2025-09-18 13:57:36,64.37,3400,64.37,D
sz002409,雅克科技,2025-09-18 13:57:39,64.34,23200,64.37,D
sz002409,雅克科技,2025-09-18 13:57:45,64.31,4900,64.32,D
sz002409,雅克科技,2025-09-18 13:57:54,64.32,5000,64.31,D
sz002409,雅克科技,2025-09-18 13:58:03,64.31,4900,64.31,D
sz002409,雅克科技,2025-09-18 13:58:06,64.31,4200,64.31,D
sz002409,雅克科技,2025-09-18 13:58:12,64.3,4000,64.3,D
sz002409,雅克科技,2025-09-18 13:58:15,64.3,3900,64.3,D
sz002409,雅克科技,2025-09-18 13:58:18,64.26,17900,64.3,D
sz002409,雅克科技,2025-09-18 13:58:24,64.28,15000,64.26,U
sz002409,雅克科技,2025-09-18 13:58:27,64.31,42600,64.28,U
