symbol,name,ticktime,price,volume,prev_price,kind
sz002409,雅克科技,2025-10-20 09:25:00,75.0,172500,0.0,U
sz002409,雅克科技,2025-10-20 09:30:00,75.18,106200,75.0,U
sz002409,雅克科技,2025-10-20 09:30:03,75.28,124800,75.18,U
sz002409,雅克科技,2025-10-20 09:30:06,75.2,77900,75.28,D
sz002409,雅克科技,2025-10-20 09:30:09,75.1,51700,75.2,D
sz002409,雅克科技,2025-10-20 09:30:12,74.93,73000,75.1,D
sz002409,雅克科技,2025-10-20 09:30:15,74.87,41900,74.93,D
sz002409,雅克科技,2025-10-20 09:30:18,74.84,41400,74.87,D
sz002409,雅克科技,2025-10-20 09:30:21,74.74,16700,74.84,D
sz002409,雅克科技,2025-10-20 09:30:24,74.69,10500,74.74,D
sz002409,雅克科技,2025-10-20 09:30:27,74.69,30000,74.69,U
sz002409,雅克科技,2025-10-20 09:30:30,74.56,26200,74.69,D
sz002409,雅克科技,2025-10-20 09:30:33,74.3,15200,74.56,D
sz002409,雅克科技,2025-10-20 09:30:36,74.3,24500,74.3,D
sz002409,雅克科技,2025-10-20 09:30:39,74.22,7400,74.3,D
sz002409,雅克科技,2025-10-20 09:30:42,74.18,7600,74.22,D
sz002409,雅克科技,2025-10-20 09:30:45,74.18,31100,74.18,D
sz002409,雅克科技,2025-10-20 09:30:48,74.08,14600,74.18,D
sz002409,雅克科技,2025-10-20 09:30:51,73.7,90200,74.08,D
sz002409,雅克科技,2025-10-20 09:30:54,73.54,8800,73.7,D
sz002409,雅克科技,2025-10-20 09:30:57,73.63,69500,73.54,U
sz002409,雅克科技,2025-10-20 09:31:00,73.68,38100,73.63,U
sz002409,雅克科技,2025-10-20 09:31:03,73.78,57700,73.68,U
sz002409,雅克科技,2025-10-20 09:31:06,73.89,19900,73.78,U
sz002409,雅克科技,2025-10-20 09:31:09,74.02,46800,73.89,U
sz002409,雅克科技,2025-10-20 09:31:12,74.1,64300,74.02,U
sz002409,雅克科技,2025-10-20 09:31:15,74.18,10800,74.1,U
sz002409,雅克科技,2025-10-20 09:31:18,74.3,29500,74.18,U
sz002409,雅克科技,2025-10-20 09:31:21,74.18,47600,74.3,D
sz002409,雅克科技,2025-10-20 09:31:24,74.32,48600,74.18,U
sz002409,雅克科技,2025-10-20 09:31:27,74.22,31000,74.32,D
sz002409,雅克科技,2025-10-20 09:31:30,74.23,65200,74.22,U
sz002409,雅克科技,2025-10-20 09:31:33,74.51,29500,74.23,U
sz002409,雅克科技,2025-10-20 09:31:36,74.47,14700,74.51,E
sz002409,雅克科技,2025-10-20 09:31:39,74.51,24800,74.47,U
sz002409,雅克科技,2025-10-20 09:31:42,74.74,14300,74.51,U
sz002409,雅克科技,2025-10-20 09:31:45,74.68,4100,74.74,E
sz002409,雅克科技,2025-10-20 09:31:48,74.8,21100,74.68,U
sz002409,雅克科技,2025-10-20 09:31:51,74.93,22100,74.8,U
sz002409,雅克科技,2025-10-20 09:31:54,75.05,19200,74.93,U
sz002409,雅克科技,2025-10-20 09:31:57,75.12,24100,75.05,U
sz002409,雅克科技,2025-10-20 09:32:00,75.17,23800,75.12,E
sz002409,雅克科技,2025-10-20 09:32:03,74.77,30500,75.17,D
sz002409,雅克科技,2025-10-20 09:32:06,74.9,38700,74.77,U
sz002409,雅克科技,2025-10-20 09:32:09,74.77,14900,74.9,E
sz002409,雅克科技,2025-10-20 09:32:12,74.88,16900,74.77,U
sz002409,雅克科技,2025-10-20 09:32:15,74.82,38700,74.88,E
sz002409,雅克科技,2025-10-20 09:32:18,74.85,11700,74.82,E
sz002409,雅克科技,2025-10-20 09:32:21,74.8,15900,74.85,D
sz002409,雅克科技,2025-10-20 09:32:24,74.66,28500,74.8,D
sz002409,雅克科技,2025-10-20 09:32:27,74.7,6600,74.66,U
sz002409,雅克科技,2025-10-20 09:32:30,74.46,10300,74.7,D
sz002409,雅克科技,2025-10-20 09:32:33,74.64,16100,74.46,U
sz002409,雅克科技,2025-10-20 09:32:36,74.38,7900,74.64,D
sz002409,雅克科技,2025-10-20 09:32:39,74.45,11400,74.38,U
sz002409,雅克科技,2025-10-20 09:32:42,74.23,24300,74.45,D
sz002409,雅克科技,2025-10-20 09:32:45,74.3,21200,74.23,E
sz002409,雅克科技,2025-10-20 09:32:48,74.25,8700,74.3,D
sz002409,雅克科技,2025-10-20 09:32:51,74.25,8500,74.25,D
sz002409,雅克科技,2025-10-20 09:32:54,74.39,48000,74.25,U
sz002409,雅克科技,2025-10-20 09:32:57,74.35,27200,74.39,E
sz002409,雅克科技,2025-10-20 09:33:00,74.33,41400,74.35,D
sz002409,雅克科技,2025-10-20 09:33:03,74.3,47800,74.33,D
sz002409,雅克科技,2025-10-20 09:33:09,74.22,13100,74.22,D
sz002409,雅克科技,2025-10-20 09:33:12,74.23,3000,74.22,E
sz002409,雅克科技,2025-10-20 09:33:15,74.29,5400,74.23,U
sz002409,雅克科技,2025-10-20 09:33:18,74.34,13300,74.29,U
sz002409,雅克科技,2025-10-20 09:33:21,74.57,24800,74.34,U
sz002409,雅克科技,2025-10-20 09:33:24,74.44,2700,74.57,D
sz002409,雅克科技,2025-10-20 09:33:27,74.39,5800,74.44,D
sz002409,雅克科技,2025-10-20 09:33:30,74.51,3100,74.39,U
sz002409,雅克科技,2025-10-20 09:33:33,74.5,11600,74.51,E
sz002409,雅克科技,2025-10-20 09:33:36,74.41,7100,74.5,E
sz002409,雅克科技,2025-10-20 09:33:39,74.39,10200,74.41,D
sz002409,雅克科技,2025-10-20 09:33:45,74.31,3800,74.38,D
sz002409,雅克科技,2025-10-20 09:33:48,74.38,17200,74.31,D
sz002409,雅克科技,2025-10-20 09:33:51,74.38,3800,74.38,D
sz002409,雅克科技,2025-10-20 09:33:54,74.39,6200,74.38,E
sz002409,雅克科技,2025-10-20 09:33:57,74.48,5300,74.39,U
sz002409,雅克科技,2025-10-20 09:34:00,74.43,9400,74.48,D
sz002409,雅克科技,2025-10-20 09:34:03,74.41,14900,74.43,D
sz002409,雅克科技,2025-10-20 09:34:06,74.38,25600,74.41,D
sz002409,雅克科技,2025-10-20 09:34:09,74.49,3900,74.38,E
sz002409,雅克科技,2025-10-20 09:34:12,74.38,12700,74.49,D
sz002409,雅克科技,2025-10-20 09:34:15,74.54,9600,74.38,E
sz002409,雅克科技,2025-10-20 09:34:18,74.58,5600,74.54,E
sz002409,雅克科技,2025-10-20 09:34:21,74.74,9100,74.58,U
sz002409,雅克科技,2025-10-20 09:34:24,74.86,21800,74.74,U
sz002409,雅克科技,2025-10-20 09:34:27,74.89,6100,74.86,U
sz002409,雅克科技,2025-10-20 09:34:30,74.75,3800,74.89,E
sz002409,雅克科技,2025-10-20 09:34:33,74.81,4500,74.75,E
sz002409,雅克科技,2025-10-20 09:34:36,74.74,5500,74.81,E
sz002409,雅克科技,2025-10-20 09:34:39,74.66,9600,74.74,D
sz002409,雅克科技,2025-10-20 09:34:42,74.81,6700,74.66,U
sz002409,雅克科技,2025-10-20 09:34:45,74.89,9700,74.81,U
sz002409,雅克科技,2025-10-20 09:34:48,74.87,4700,74.89,E
sz002409,雅克科技,2025-10-20 09:34:51,74.95,5200,74.87,U
sz002409,雅克科技,2025-10-20 09:34:54,75.03,83500,74.95,U
sz002409,雅克科技,2025-10-20 09:34:57,75.13,5000,75.03,U
sz002409,雅克科技,2025-10-20 09:35:00,75.03,10000,75.13,D
sz002409,雅克科技,2025-10-20 09:35:03,75.1,14800,75.03,D
sz002409,雅克科技,2025-10-20 09:35:06,74.93,17400,75.1,D
sz002409,雅克科技,2025-10-20 09:35:09,74.96,13000,74.93,E
sz002409,雅克科技,2025-10-20 09:35:12,74.83,21200,74.96,D
sz002409,雅克科技,2025-10-20 09:35:15,74.93,17900,74.83,U
sz002409,雅克科技,2025-10-20 09:35:18,74.92,8800,74.93,E
sz002409,雅克科技,2025-10-20 09:35:21,74.98,3100,74.92,E
sz002409,雅克科技,2025-10-20 09:35:24,75.27,57300,74.98,U
sz002409,雅克科技,2025-10-20 09:35:27,75.3,28900,75.27,U
sz002409,雅克科技,2025-10-20 09:35:30,75.32,45800,75.3,E
sz002409,雅克科技,2025-10-20 09:35:33,75.5,4100,75.32,U
sz002409,雅克科技,2025-10-20 09:35:36,75.58,5500,75.5,U
sz002409,雅克科技,2025-10-20 09:35:39,75.5,12500,75.58,U
sz002409,雅克科技,2025-10-20 09:35:42,75.43,37800,75.5,D
sz002409,雅克科技,2025-10-20 09:35:45,75.43,21800,75.43,U
sz002409,雅克科技,2025-10-20 09:35:48,75.5,15900,75.43,U
sz002409,雅克科技,2025-10-20 09:35:51,75.5,13100,75.5,U
sz002409,雅克科技,2025-10-20 09:35:54,75.53,17800,75.5,U
sz002409,雅克科技,2025-10-20 09:35:57,75.5,4700,75.53,D
sz002409,雅克科技,2025-10-20 09:36:00,75.65,15100,75.5,U
sz002409,雅克科技,2025-10-20 09:36:03,75.45,49900,75.65,D
sz002409,雅克科技,2025-10-20 09:36:06,75.5,15300,75.45,U
sz002409,雅克科技,2025-10-20 09:36:09,75.52,7800,75.5,E
sz002409,雅克科技,2025-10-20 09:36:12,75.54,22200,75.52,U
sz002409,雅克科技,2025-10-20 09:36:15,75.54,18500,75.54,U
sz002409,雅克科技,2025-10-20 09:36:18,75.49,4100,75.54,D
sz002409,雅克科技,2025-10-20 09:36:21,75.49,11900,75.49,U
sz002409,雅克科技,2025-10-20 09:36:24,75.3,15700,75.49,D
sz002409,雅克科技,2025-10-20 09:36:27,75.45,13900,75.3,U
sz002409,雅克科技,2025-10-20 09:36:30,75.41,14600,75.45,D
sz002409,雅克科技,2025-10-20 09:36:33,75.52,44700,75.41,U
sz002409,雅克科技,2025-10-20 09:36:36,75.6,16700,75.52,U
sz002409,雅克科技,2025-10-20 09:36:39,75.63,12400,75.6,U
sz002409,雅克科技,2025-10-20 09:36:42,75.6,8700,75.63,D
sz002409,雅克科技,2025-10-20 09:36:45,75.63,10300,75.6,U
sz002409,雅克科技,2025-10-20 09:36:48,75.61,11300,75.63,E
sz002409,雅克科技,2025-10-20 09:36:51,75.58,9600,75.61,E
sz002409,雅克科技,2025-10-20 09:36:54,75.33,20300,75.58,D
sz002409,雅克科技,2025-10-20 09:36:57,75.47,11200,75.33,E
sz002409,雅克科技,2025-10-20 09:37:00,75.47,11500,75.47,U
sz002409,雅克科技,2025-10-20 09:37:03,75.47,30700,75.47,U
sz002409,雅克科技,2025-10-20 09:37:06,75.76,71200,75.47,U
sz002409,雅克科技,2025-10-20 09:37:09,75.72,7100,75.76,D
sz002409,雅克科技,2025-10-20 09:37:12,75.76,11100,75.72,U
sz002409,雅克科技,2025-10-20 09:37:15,75.76,32400,75.76,D
sz002409,雅克科技,2025-10-20 09:37:18,75.78,16000,75.76,U
sz002409,雅克科技,2025-10-20 09:37:21,75.76,11100,75.78,D
sz002409,雅克科技,2025-10-20 09:37:24,75.75,10300,75.76,E
sz002409,雅克科技,2025-10-20 09:37:27,75.79,8300,75.75,U
sz002409,雅克科技,2025-10-20 09:37:30,75.8,5500,75.79,U
sz002409,雅克科技,2025-10-20 09:37:33,75.8,10100,75.8,D
sz002409,雅克科技,2025-10-20 09:37:36,75.8,41400,75.8,D
sz002409,雅克科技,2025-10-20 09:37:39,75.85,6600,75.8,U
sz002409,雅克科技,2025-10-20 09:37:42,75.74,96600,75.85,D
sz002409,雅克科技,2025-10-20 09:37:45,75.74,11000,75.74,U
sz002409,雅克科技,2025-10-20 09:37:48,75.75,12500,75.74,U
sz002409,雅克科技,2025-10-20 09:37:54,75.5,7900,75.54,D
sz002409,雅克科技,2025-10-20 09:37:57,75.51,12400,75.5,U
sz002409,雅克科技,2025-10-20 09:38:00,75.52,4000,75.51,U
sz002409,雅克科技,2025-10-20 09:38:03,75.54,11700,75.52,U
sz002409,雅克科技,2025-10-20 09:38:06,75.53,4500,75.54,D
sz002409,雅克科技,2025-10-20 09:38:09,75.5,10400,75.53,D
sz002409,雅克科技,2025-10-20 09:38:12,75.54,9300,75.5,U
sz002409,雅克科技,2025-10-20 09:38:15,75.54,15100,75.54,U
sz002409,雅克科技,2025-10-20 09:38:18,75.54,26300,75.54,D
sz002409,雅克科技,2025-10-20 09:38:21,75.73,6200,75.54,U
sz002409,雅克科技,2025-10-20 09:38:24,75.72,134000,75.73,E
sz002409,雅克科技,2025-10-20 09:38:27,75.66,19800,75.72,D
sz002409,雅克科技,2025-10-20 09:38:30,75.76,22800,75.66,U
sz002409,雅克科技,2025-10-20 09:38:33,75.72,10400,75.76,E
sz002409,雅克科技,2025-10-20 09:38:36,75.77,13300,75.72,U
sz002409,雅克科技,2025-10-20 09:38:39,75.77,6200,75.77,U
sz002409,雅克科技,2025-10-20 09:38:42,75.75,50700,75.77,D
sz002409,雅克科技,2025-10-20 09:38:45,75.66,15600,75.75,E
sz002409,雅克科技,2025-10-20 09:38:48,75.64,3200,75.66,E
sz002409,雅克科技,2025-10-20 09:38:51,75.54,6500,75.64,D
sz002409,雅克科技,2025-10-20 09:38:54,75.43,24000,75.54,D
sz002409,雅克科技,2025-10-20 09:38:57,75.5,6500,75.43,E
sz002409,雅克科技,2025-10-20 09:39:00,75.5,6100,75.5,U
sz002409,雅克科技,2025-10-20 09:39:03,75.5,4400,75.5,D
sz002409,雅克科技,2025-10-20 09:39:06,75.46,15400,75.5,D
sz002409,雅克科技,2025-10-20 09:39:09,75.41,7600,75.46,E
sz002409,雅克科技,2025-10-20 09:39:12,75.4,17300,75.41,D
sz002409,雅克科技,2025-10-20 09:39:18,75.4,4000,75.4,U
sz002409,雅克科技,2025-10-20 09:39:21,75.5,25900,75.4,U
sz002409,雅克科技,2025-10-20 09:39:24,75.59,4700,75.5,U
sz002409,雅克科技,2025-10-20 09:39:27,75.59,7800,75.59,U
sz002409,雅克科技,2025-10-20 09:39:30,75.58,6200,75.59,U
sz002409,雅克科技,2025-10-20 09:39:33,75.5,10600,75.58,D
sz002409,雅克科技,2025-10-20 09:39:36,75.63,5100,75.5,U
sz002409,雅克科技,2025-10-20 09:39:39,75.68,18500,75.63,U
sz002409,雅克科技,2025-10-20 09:39:42,75.7,21400,75.68,U
sz002409,雅克科技,2025-10-20 09:39:45,75.7,6200,75.7,D
sz002409,雅克科技,2025-10-20 09:39:48,75.7,36000,75.7,U
sz002409,雅克科技,2025-10-20 09:39:51,75.63,10400,75.7,D
sz002409,雅克科技,2025-10-20 09:39:54,75.59,7900,75.63,D
sz002409,雅克科技,2025-10-20 09:39:57,75.5,3000,75.59,D
sz002409,雅克科技,2025-10-20 09:40:03,75.5,5100,75.55,D
sz002409,雅克科技,2025-10-20 09:40:06,75.5,13800,75.5,U
sz002409,雅克科技,2025-10-20 09:40:09,75.58,8100,75.5,U
sz002409,雅克科技,2025-10-20 09:40:12,75.57,6800,75.58,E
sz002409,雅克科技,2025-10-20 09:40:15,75.5,9500,75.57,D
sz002409,雅克科技,2025-10-20 09:40:18,75.52,9400,75.5,U
sz002409,雅克科技,2025-10-20 09:40:21,75.5,2800,75.52,D
sz002409,雅克科技,2025-10-20 09:40:24,75.63,46300,75.5,U
sz002409,雅克科技,2025-10-20 09:40:27,75.63,32500,75.63,D
sz002409,雅克科技,2025-10-20 09:40:30,75.5,21600,75.63,D
sz002409,雅克科技,2025-10-20 09:40:33,75.54,4500,75.5,E
sz002409,雅克科技,2025-10-20 09:40:39,75.47,5000,75.53,D
sz002409,雅克科技,2025-10-20 09:40:42,75.45,7000,75.47,D
sz002409,雅克科技,2025-10-20 09:40:48,75.41,3800,75.45,D
sz002409,雅克科技,2025-10-20 09:40:51,75.35,5900,75.41,D
sz002409,雅克科技,2025-10-20 09:40:54,75.32,10800,75.35,D
sz002409,雅克科技,2025-10-20 09:40:57,75.4,13200,75.32,U
sz002409,雅克科技,2025-10-20 09:41:00,75.42,4100,75.4,U
sz002409,雅克科技,2025-10-20 09:41:03,75.45,19400,75.42,U
sz002409,雅克科技,2025-10-20 09:41:06,75.4,9300,75.45,D
sz002409,雅克科技,2025-10-20 09:41:12,75.4,6900,75.4,D
sz002409,雅克科技,2025-10-20 09:41:18,75.27,19600,75.4,D
sz002409,雅克科技,2025-10-20 09:41:27,75.12,5500,75.23,D
sz002409,雅克科技,2025-10-20 09:41:30,75.05,12200,75.12,D
sz002409,雅克科技,2025-10-20 09:41:36,75.01,13100,75.09,D
sz002409,雅克科技,2025-10-20 09:41:39,75.0,21700,75.01,D
sz002409,雅克科技,2025-10-20 09:41:42,74.95,4500,75.0,D
sz002409,雅克科技,2025-10-20 09:41:45,75.02,49700,74.95,U
sz002409,雅克科技,2025-10-20 09:41:48,75.0,11700,75.02,D
sz002409,雅克科技,2025-10-20 09:41:51,75.03,5600,75.0,U
sz002409,雅克科技,2025-10-20 09:41:57,75.01,4400,75.02,D
sz002409,雅克科技,2025-10-20 09:42:00,75.02,9900,75.01,E
sz002409,雅克科技,2025-10-20 09:42:09,75.0,8100,75.0,D
sz002409,雅克科技,2025-10-20 09:42:12,74.98,5300,75.0,D
sz002409,雅克科技,2025-10-20 09:42:15,74.98,4100,74.98,U
sz002409,雅克科技,2025-10-20 09:42:18,75.0,23900,74.98,U
sz002409,雅克科技,2025-10-20 09:42:21,75.18,5100,75.0,U
sz002409,雅克科技,2025-10-20 09:42:24,75.06,4600,75.18,E
sz002409,雅克科技,2025-10-20 09:42:27,75.17,3600,75.06,E
sz002409,雅克科技,2025-10-20 09:42:33,75.17,9100,75.08,U
sz002409,雅克科技,2025-10-20 09:42:36,75.16,3300,75.17,E
sz002409,雅克科技,2025-10-20 09:42:39,75.08,4700,75.16,D
sz002409,雅克科技,2025-10-20 09:42:48,75.0,10500,75.07,D
sz002409,雅克科技,2025-10-20 09:42:57,74.97,12300,74.96,E
sz002409,雅克科技,2025-10-20 09:43:09,75.02,13000,74.95,U
sz002409,雅克科技,2025-10-20 09:43:12,75.03,3700,75.02,U
sz002409,雅克科技,2025-10-20 09:43:15,75.03,85900,75.03,U
sz002409,雅克科技,2025-10-20 09:43:18,75.04,6600,75.03,U
sz002409,雅克科技,2025-10-20 09:43:24,75.02,6300,75.03,D
sz002409,雅克科技,2025-10-20 09:43:27,75.1,43200,75.02,U
sz002409,雅克科技,2025-10-20 09:43:30,75.1,7900,75.1,D
sz002409,雅克科技,2025-10-20 09:43:42,75.18,2900,75.16,U
sz002409,雅克科技,2025-10-20 09:43:45,75.2,6000,75.18,U
sz002409,雅克科技,2025-10-20 09:43:48,75.35,5600,75.2,U
sz002409,雅克科技,2025-10-20 09:43:51,75.35,88500,75.35,U
sz002409,雅克科技,2025-10-20 09:43:54,75.35,8300,75.35,D
sz002409,雅克科技,2025-10-20 09:43:57,75.35,3600,75.35,U
sz002409,雅克科技,2025-10-20 09:44:06,75.44,33500,75.38,U
sz002409,雅克科技,2025-10-20 09:44:09,75.48,3300,75.44,U
sz002409,雅克科技,2025-10-20 09:44:12,75.46,5400,75.48,E
sz002409,雅克科技,2025-10-20 09:44:15,75.51,29800,75.46,U
sz002409,雅克科技,2025-10-20 09:44:18,75.51,5200,75.51,D
sz002409,雅克科技,2025-10-20 09:44:24,75.59,9700,75.53,U
sz002409,雅克科技,2025-10-20 09:44:33,75.63,10100,75.6,U
sz002409,雅克科技,2025-10-20 09:44:36,75.67,8600,75.63,U
sz002409,雅克科技,2025-10-20 09:44:39,75.61,10200,75.67,D
sz002409,雅克科技,2025-10-20 09:44:42,75.67,7500,75.61,E
sz002409,雅克科技,2025-10-20 09:44:45,75.72,29500,75.67,U
sz002409,雅克科技,2025-10-20 09:44:48,75.79,7500,75.72,U
sz002409,雅克科技,2025-10-20 09:44:51,75.79,17800,75.79,E
sz002409,雅克科技,2025-10-20 09:44:54,75.98,55773,75.79,U
sz002409,雅克科技,2025-10-20 09:44:57,76.08,66800,75.98,U
sz002409,雅克科技,2025-10-20 09:45:00,76.06,8700,76.08,E
sz002409,雅克科技,2025-10-20 09:45:03,76.16,5100,76.06,U
sz002409,雅克科技,2025-10-20 09:45:06,76.11,18500,76.16,D
sz002409,雅克科技,2025-10-20 09:45:09,76.09,21000,76.11,D
sz002409,雅克科技,2025-10-20 09:45:12,76.0,25500,76.09,D
sz002409,雅克科技,2025-10-20 09:45:15,75.99,16800,76.0,E
sz002409,雅克科技,2025-10-20 09:45:18,75.84,5300,75.99,E
sz002409,雅克科技,2025-10-20 09:45:21,75.79,10200,75.84,D
sz002409,雅克科技,2025-10-20 09:45:24,75.79,6400,75.79,E
sz002409,雅克科技,2025-10-20 09:45:27,75.79,11800,75.79,U
sz002409,雅克科技,2025-10-20 09:45:30,75.77,13100,75.79,E
sz002409,雅克科技,2025-10-20 09:45:33,75.7,6100,75.77,D
sz002409,雅克科技,2025-10-20 09:45:36,75.7,6300,75.7,U
sz002409,雅克科技,2025-10-20 09:45:39,75.61,10300,75.7,D
sz002409,雅克科技,2025-10-20 09:45:42,75.69,7500,75.61,U
sz002409,雅克科技,2025-10-20 09:45:45,75.63,4000,75.69,D
sz002409,雅克科技,2025-10-20 09:45:51,75.86,54600,75.69,U
sz002409,雅克科技,2025-10-20 09:45:54,75.8,6900,75.86,D
sz002409,雅克科技,2025-10-20 09:46:00,75.86,14300,75.91,E
sz002409,雅克科技,2025-10-20 09:46:03,75.86,2800,75.86,U
sz002409,雅克科技,2025-10-20 09:46:09,75.86,11200,75.86,D
sz002409,雅克科技,2025-10-20 09:46:12,75.91,7100,75.86,U
sz002409,雅克科技,2025-10-20 09:46:15,75.91,4600,75.91,D
sz002409,雅克科技,2025-10-20 09:46:18,75.93,7900,75.91,U
sz002409,雅克科技,2025-10-20 09:46:27,75.87,9200,75.93,D
sz002409,雅克科技,2025-10-20 09:46:30,75.93,5900,75.87,D
sz002409,雅克科技,2025-10-20 09:46:33,75.87,3600,75.93,D
sz002409,雅克科技,2025-10-20 09:46:36,75.86,3900,75.87,D
sz002409,雅克科技,2025-10-20 09:46:39,75.87,4000,75.86,E
sz002409,雅克科技,2025-10-20 09:46:42,75.93,5000,75.87,U
sz002409,雅克科技,2025-10-20 09:46:45,75.94,5200,75.93,U
sz002409,雅克科技,2025-10-20 09:46:48,75.94,4000,75.94,U
sz002409,雅克科技,2025-10-20 09:46:51,75.92,11400,75.94,D
sz002409,雅克科技,2025-10-20 09:46:57,75.89,4900,75.93,E
sz002409,雅克科技,2025-10-20 09:47:00,75.79,19700,75.89,D
sz002409,雅克科技,2025-10-20 09:47:03,75.84,3000,75.79,U
sz002409,雅克科技,2025-10-20 09:47:12,75.83,4200,75.83,U
sz002409,雅克科技,2025-10-20 09:47:15,75.97,32400,75.83,U
sz002409,雅克科技,2025-10-20 09:47:18,75.98,4000,75.97,U
sz002409,雅克科技,2025-10-20 09:47:21,75.99,3300,75.98,U
sz002409,雅克科技,2025-10-20 09:47:24,76.01,7000,75.99,U
sz002409,雅克科技,2025-10-20 09:47:27,76.03,37000,76.01,U
sz002409,雅克科技,2025-10-20 09:47:33,76.22,20100,76.14,U
sz002409,雅克科技,2025-10-20 09:47:36,76.24,7700,76.22,U
sz002409,雅克科技,2025-10-20 09:47:39,76.33,9100,76.24,U
sz002409,雅克科技,2025-10-20 09:47:42,76.3,5100,76.33,E
sz002409,雅克科技,2025-10-20 09:47:45,76.33,21600,76.3,E
sz002409,雅克科技,2025-10-20 09:47:48,76.28,30200,76.33,D
sz002409,雅克科技,2025-10-20 09:47:51,76.33,12600,76.28,U
sz002409,雅克科技,2025-10-20 09:47:54,76.38,15500,76.33,U
sz002409,雅克科技,2025-10-20 09:47:57,76.57,79900,76.38,U
sz002409,雅克科技,2025-10-20 09:48:00,76.8,17500,76.57,U
sz002409,雅克科技,2025-10-20 09:48:03,76.88,25100,76.8,U
sz002409,雅克科技,2025-10-20 09:48:06,76.9,13300,76.88,U
sz002409,雅克科技,2025-10-20 09:48:09,76.93,20200,76.9,U
sz002409,雅克科技,2025-10-20 09:48:12,77.19,144500,76.93,U
sz002409,雅克科技,2025-10-20 09:48:15,77.24,27000,77.19,U
sz002409,雅克科技,2025-10-20 09:48:18,77.18,17700,77.24,D
sz002409,雅克科技,2025-10-20 09:48:21,77.23,24600,77.18,U
sz002409,雅克科技,2025-10-20 09:48:24,77.22,18500,77.23,D
sz002409,雅克科技,2025-10-20 09:48:27,77.2,18200,77.22,U
sz002409,雅克科技,2025-10-20 09:48:30,77.2,15200,77.2,U
sz002409,雅克科技,2025-10-20 09:48:33,77.21,31500,77.2,E
sz002409,雅克科技,2025-10-20 09:48:36,77.36,26300,77.21,U
sz002409,雅克科技,2025-10-20 09:48:39,77.39,11200,77.36,U
sz002409,雅克科技,2025-10-20 09:48:45,77.45,12200,77.45,D
sz002409,雅克科技,2025-10-20 09:48:48,77.45,33800,77.45,D
sz002409,雅克科技,2025-10-20 09:48:51,77.32,19300,77.45,D
sz002409,雅克科技,2025-10-20 09:48:54,77.38,7600,77.32,U
sz002409,雅克科技,2025-10-20 09:48:57,77.38,10500,77.38,D
sz002409,雅克科技,2025-10-20 09:49:00,77.32,11900,77.38,E
sz002409,雅克科技,2025-10-20 09:49:03,77.37,12600,77.32,U
sz002409,雅克科技,2025-10-20 09:49:06,77.38,5000,77.37,E
sz002409,雅克科技,2025-10-20 09:49:09,77.37,13200,77.38,D
sz002409,雅克科技,2025-10-20 09:49:12,77.37,43300,77.37,U
sz002409,雅克科技,2025-10-20 09:49:15,77.44,76600,77.37,U
sz002409,雅克科技,2025-10-20 09:49:18,77.49,25400,77.44,U
sz002409,雅克科技,2025-10-20 09:49:21,77.55,8800,77.49,U
sz002409,雅克科技,2025-10-20 09:49:24,77.6,12700,77.55,U
sz002409,雅克科技,2025-10-20 09:49:27,77.62,8800,77.6,E
sz002409,雅克科技,2025-10-20 09:49:30,77.64,29200,77.62,E
sz002409,雅克科技,2025-10-20 09:49:33,77.46,48600,77.64,D
sz002409,雅克科技,2025-10-20 09:49:36,77.68,106400,77.46,U
sz002409,雅克科技,2025-10-20 09:49:39,77.62,16300,77.68,D
sz002409,雅克科技,2025-10-20 09:49:42,77.64,22900,77.62,U
sz002409,雅克科技,2025-10-20 09:49:45,77.64,5000,77.64,D
sz002409,雅克科技,2025-10-20 09:49:48,77.64,7300,77.64,D
sz002409,雅克科技,2025-10-20 09:49:51,77.65,23200,77.64,U
sz002409,雅克科技,2025-10-20 09:49:54,77.63,10800,77.65,U
sz002409,雅克科技,2025-10-20 09:49:57,77.64,25600,77.63,U
sz002409,雅克科技,2025-10-20 09:50:00,77.64,4600,77.64,D
sz002409,雅克科技,2025-10-20 09:50:03,77.76,8000,77.64,U
sz002409,雅克科技,2025-10-20 09:50:06,77.71,17200,77.76,D
sz002409,雅克科技,2025-10-20 09:50:09,77.68,6900,77.71,D
sz002409,雅克科技,2025-10-20 09:50:12,77.76,9200,77.68,U
sz002409,雅克科技,2025-10-20 09:50:15,77.6,23500,77.76,D
sz002409,雅克科技,2025-10-20 09:50:18,77.45,16200,77.6,D
sz002409,雅克科技,2025-10-20 09:50:21,77.32,11100,77.45,D
sz002409,雅克科技,2025-10-20 09:50:24,77.26,5100,77.32,D
sz002409,雅克科技,2025-10-20 09:50:27,77.3,6000,77.26,U
sz002409,雅克科技,2025-10-20 09:50:30,77.23,56800,77.3,D
sz002409,雅克科技,2025-10-20 09:50:33,77.23,8900,77.23,D
sz002409,雅克科技,2025-10-20 09:50:36,77.17,7400,77.23,D
sz002409,雅克科技,2025-10-20 09:50:39,77.14,4000,77.17,E
sz002409,雅克科技,2025-10-20 09:50:42,77.11,15900,77.14,D
sz002409,雅克科技,2025-10-20 09:50:45,77.15,20100,77.11,E
sz002409,雅克科技,2025-10-20 09:50:48,77.21,29000,77.15,E
sz002409,雅克科技,2025-10-20 09:50:51,77.26,23700,77.21,U
sz002409,雅克科技,2025-10-20 09:50:54,77.32,4700,77.26,U
sz002409,雅克科技,2025-10-20 09:50:57,77.31,7500,77.32,E
sz002409,雅克科技,2025-10-20 09:51:03,77.39,5000,77.4,E
sz002409,雅克科技,2025-10-20 09:51:06,77.25,25100,77.39,D
sz002409,雅克科技,2025-10-20 09:51:09,77.19,5900,77.25,D
sz002409,雅克科技,2025-10-20 09:51:15,77.08,15600,77.15,D
sz002409,雅克科技,2025-10-20 09:51:18,77.0,4400,77.08,E
sz002409,雅克科技,2025-10-20 09:51:21,77.04,3200,77.0,U
sz002409,雅克科技,2025-10-20 09:51:24,77.01,6600,77.04,D
sz002409,雅克科技,2025-10-20 09:51:27,76.96,3800,77.01,D
sz002409,雅克科技,2025-10-20 09:51:30,77.1,48000,76.96,U
sz002409,雅克科技,2025-10-20 09:51:33,77.06,5800,77.1,D
sz002409,雅克科技,2025-10-20 09:51:36,77.12,3500,77.06,U
sz002409,雅克科技,2025-10-20 09:51:39,77.05,4300,77.12,D
sz002409,雅克科技,2025-10-20 09:51:42,77.06,6500,77.05,D
sz002409,雅克科技,2025-10-20 09:51:45,76.9,28900,77.06,D
sz002409,雅克科技,2025-10-20 09:51:48,76.94,7400,76.9,E
sz002409,雅克科技,2025-10-20 09:51:51,76.95,15600,76.94,U
sz002409,雅克科技,2025-10-20 09:51:57,76.94,5800,76.93,U
sz002409,雅克科技,2025-10-20 09:52:00,76.9,5800,76.94,D
sz002409,雅克科技,2025-10-20 09:52:03,76.94,6600,76.9,U
sz002409,雅克科技,2025-10-20 09:52:09,76.91,3400,76.93,E
sz002409,雅克科技,2025-10-20 09:52:12,76.93,3700,76.91,U
sz002409,雅克科技,2025-10-20 09:52:15,76.83,9700,76.93,D
sz002409,雅克科技,2025-10-20 09:52:18,76.84,6900,76.83,E
sz002409,雅克科技,2025-10-20 09:52:21,76.83,6600,76.84,U
sz002409,雅克科技,2025-10-20 09:52:27,76.68,16400,76.8,D
sz002409,雅克科技,2025-10-20 09:52:30,76.69,4000,76.68,E
sz002409,雅克科技,2025-10-20 09:52:33,76.7,8700,76.69,D
sz002409,雅克科技,2025-10-20 09:52:39,76.72,5200,76.66,U
sz002409,雅克科技,2025-10-20 09:52:42,76.71,4600,76.72,D
sz002409,雅克科技,2025-10-20 09:52:45,76.71,3500,76.71,D
sz002409,雅克科技,2025-10-20 09:52:48,76.63,19100,76.71,D
sz002409,雅克科技,2025-10-20 09:52:51,76.67,4300,76.63,U
sz002409,雅克科技,2025-10-20 09:52:54,76.63,3100,76.67,E
sz002409,雅克科技,2025-10-20 09:52:57,76.68,7600,76.63,E
sz002409,雅克科技,2025-10-20 09:53:00,76.77,21300,76.68,U
sz002409,雅克科技,2025-10-20 09:53:06,76.68,14400,76.8,D
sz002409,雅克科技,2025-10-20 09:53:09,76.76,14100,76.68,U
sz002409,雅克科技,2025-10-20 09:53:12,76.74,3100,76.76,E
sz002409,雅克科技,2025-10-20 09:53:15,76.7,11200,76.74,D
sz002409,雅克科技,2025-10-20 09:53:21,76.69,30900,76.75,D
sz002409,雅克科技,2025-10-20 09:53:27,76.65,5200,76.64,U
sz002409,雅克科技,2025-10-20 09:53:30,76.74,5100,76.65,U
sz002409,雅克科技,2025-10-20 09:53:33,76.73,3500,76.74,E
sz002409,雅克科技,2025-10-20 09:53:39,76.65,3400,76.65,D
sz002409,雅克科技,2025-10-20 09:53:42,76.56,33300,76.65,D
sz002409,雅克科技,2025-10-20 09:53:45,76.56,3300,76.56,U
sz002409,雅克科技,2025-10-20 09:53:48,76.38,11500,76.56,D
sz002409,雅克科技,2025-10-20 09:53:51,76.36,6700,76.38,E
sz002409,雅克科技,2025-10-20 09:53:57,76.44,3300,76.4,U
sz002409,雅克科技,2025-10-20 09:54:00,76.36,4400,76.44,D
sz002409,雅克科技,2025-10-20 09:54:03,76.3,23600,76.36,D
sz002409,雅克科技,2025-10-20 09:54:09,76.29,3000,76.29,U
sz002409,雅克科技,2025-10-20 09:54:15,76.19,4200,76.22,D
sz002409,雅克科技,2025-10-20 09:54:27,76.27,9200,76.16,U
sz002409,雅克科技,2025-10-20 09:54:30,76.28,17400,76.27,U
sz002409,雅克科技,2025-10-20 09:54:36,76.33,9900,76.37,E
sz002409,雅克科技,2025-10-20 09:54:39,76.29,2700,76.33,D
sz002409,雅克科技,2025-10-20 09:54:45,76.42,9100,76.37,U
sz002409,雅克科技,2025-10-20 09:54:48,76.41,12300,76.42,D
sz002409,雅克科技,2025-10-20 09:54:51,76.41,2900,76.41,U
sz002409,雅克科技,2025-10-20 09:54:54,76.36,3100,76.41,D
sz002409,雅克科技,2025-10-20 09:54:57,76.33,9400,76.36,E
sz002409,雅克科技,2025-10-20 09:55:00,76.32,5300,76.33,E
sz002409,雅克科技,2025-10-20 09:55:03,76.39,5300,76.32,U
sz002409,雅克科技,2025-10-20 09:55:15,76.4,8200,76.47,D
sz002409,雅克科技,2025-10-20 09:55:18,76.44,8900,76.4,U
sz002409,雅克科技,2025-10-20 09:55:24,76.41,3700,76.41,U
sz002409,雅克科技,2025-10-20 09:55:30,76.46,5915,76.42,U
sz002409,雅克科技,2025-10-20 09:55:39,76.44,6800,76.46,E
sz002409,雅克科技,2025-10-20 09:55:42,76.41,3500,76.44,D
sz002409,雅克科技,2025-10-20 09:55:45,76.4,14600,76.41,D
sz002409,雅克科技,2025-10-20 09:55:48,76.39,19200,76.4,D
sz002409,雅克科技,2025-10-20 09:55:51,76.38,4700,76.39,E
sz002409,雅克科技,2025-10-20 09:56:00,76.38,13000,76.39,D
sz002409,雅克科技,2025-10-20 09:56:12,76.41,3000,76.35,U
sz002409,雅克科技,2025-10-20 09:56:18,76.39,7300,76.4,D
sz002409,雅克科技,2025-10-20 09:56:21,76.35,5100,76.39,E
sz002409,雅克科技,2025-10-20 09:56:24,76.29,3500,76.35,D
sz002409,雅克科技,2025-10-20 09:56:27,76.26,13200,76.29,D
sz002409,雅克科技,2025-10-20 09:56:33,76.22,4500,76.23,D
sz002409,雅克科技,2025-10-20 09:56:36,76.22,6900,76.22,D
sz002409,雅克科技,2025-10-20 09:56:48,76.34,9400,76.3,U
sz002409,雅克科技,2025-10-20 09:56:54,76.43,6800,76.42,U
sz002409,雅克科技,2025-10-20 09:57:06,76.46,6600,76.43,U
sz002409,雅克科技,2025-10-20 09:57:09,76.53,30000,76.46,U
sz002409,雅克科技,2025-10-20 09:57:12,76.44,27700,76.53,D
sz002409,雅克科技,2025-10-20 09:57:15,76.53,16700,76.44,U
sz002409,雅克科技,2025-10-20 09:57:18,76.51,12000,76.53,E
sz002409,雅克科技,2025-10-20 09:57:27,76.46,3900,76.49,D
sz002409,雅克科技,2025-10-20 09:57:30,76.46,8800,76.46,U
sz002409,雅克科技,2025-10-20 09:57:36,76.46,4900,76.46,U
sz002409,雅克科技,2025-10-20 09:57:45,76.36,22500,76.39,D
sz002409,雅克科技,2025-10-20 09:57:48,76.41,26200,76.36,U
sz002409,雅克科技,2025-10-20 09:57:51,76.6,24900,76.41,U
sz002409,雅克科技,2025-10-20 09:57:54,76.48,5800,76.6,D
sz002409,雅克科技,2025-10-20 09:58:03,76.55,11200,76.56,E
sz002409,雅克科技,2025-10-20 09:58:09,76.61,8700,76.58,E
sz002409,雅克科技,2025-10-20 09:58:18,76.5,7900,76.57,D
sz002409,雅克科技,2025-10-20 09:58:24,76.54,6900,76.5,U
sz002409,雅克科技,2025-10-20 09:58:27,76.46,4300,76.54,D
sz002409,雅克科技,2025-10-20 09:58:30,76.41,8100,76.46,D
sz002409,雅克科技,2025-10-20 09:58:36,76.45,8700,76.45,U
sz002409,雅克科技,2025-10-20 09:58:39,76.44,6200,76.45,E
sz002409,雅克科技,2025-10-20 09:58:42,76.46,3200,76.44,U
sz002409,雅克科技,2025-10-20 09:58:54,76.5,2700,76.5,U
sz002409,雅克科技,2025-10-20 09:59:09,76.51,6000,76.5,U
sz002409,雅克科技,2025-10-20 09:59:12,76.51,2700,76.51,U
sz002409,雅克科技,2025-10-20 09:59:15,76.5,3000,76.51,D
sz002409,雅克科技,2025-10-20 09:59:18,76.56,3900,76.5,U
sz002409,雅克科技,2025-10-20 09:59:21,76.54,3900,76.56,E
sz002409,雅克科技,2025-10-20 09:59:27,76.64,7600,76.6,U
sz002409,雅克科技,2025-10-20 09:59:30,76.59,11900,76.64,D
sz002409,雅克科技,2025-10-20 09:59:36,76.59,6100,76.59,U
sz002409,雅克科技,2025-10-20 09:59:42,76.58,5100,76.58,D
sz002409,雅克科技,2025-10-20 09:59:54,76.7,10200,76.61,U
sz002409,雅克科技,2025-10-20 09:59:57,76.74,5800,76.7,U
sz002409,雅克科技,2025-10-20 10:00:03,76.74,3500,76.73,U
sz002409,雅克科技,2025-10-20 10:00:06,76.74,12300,76.74,U
sz002409,雅克科技,2025-10-20 10:00:09,76.72,4000,76.74,D
sz002409,雅克科技,2025-10-20 10:00:12,76.72,6400,76.72,U
sz002409,雅克科技,2025-10-20 10:00:18,76.73,7700,76.7,U
sz002409,雅克科技,2025-10-20 10:00:21,76.64,7800,76.73,D
sz002409,雅克科技,2025-10-20 10:00:24,76.65,3900,76.64,E
sz002409,雅克科技,2025-10-20 10:00:30,76.73,10700,76.65,U
sz002409,雅克科技,2025-10-20 10:00:33,76.76,9500,76.73,U
sz002409,雅克科技,2025-10-20 10:00:39,76.78,4600,76.72,E
sz002409,雅克科技,2025-10-20 10:00:45,76.79,4200,76.78,U
sz002409,雅克科技,2025-10-20 10:00:48,76.75,4500,76.79,E
sz002409,雅克科技,2025-10-20 10:00:54,76.69,6500,76.77,D
sz002409,雅克科技,2025-10-20 10:00:57,76.75,4300,76.69,U
sz002409,雅克科技,2025-10-20 10:01:03,76.7,3100,76.76,D
sz002409,雅克科技,2025-10-20 10:01:06,76.7,36400,76.7,U
sz002409,雅克科技,2025-10-20 10:01:09,76.75,6200,76.7,U
sz002409,雅克科技,2025-10-20 10:01:18,76.76,8700,76.75,U
sz002409,雅克科技,2025-10-20 10:01:24,76.66,18000,76.73,D
sz002409,雅克科技,2025-10-20 10:01:30,76.63,5100,76.66,D
sz002409,雅克科技,2025-10-20 10:01:33,76.63,7700,76.63,U
sz002409,雅克科技,2025-10-20 10:01:45,76.62,5600,76.64,D
sz002409,雅克科技,2025-10-20 10:01:48,76.64,12200,76.62,U
sz002409,雅克科技,2025-10-20 10:01:51,76.64,8900,76.64,U
sz002409,雅克科技,2025-10-20 10:01:54,76.7,7800,76.64,U
sz002409,雅克科技,2025-10-20 10:02:00,76.73,8100,76.64,U
sz002409,雅克科技,2025-10-20 10:02:06,76.74,2700,76.75,D
sz002409,雅克科技,2025-10-20 10:02:09,76.8,4800,76.74,U
sz002409,雅克科技,2025-10-20 10:02:12,77.06,62200,76.8,U
sz002409,雅克科技,2025-10-20 10:02:15,77.1,28100,77.06,U
sz002409,雅克科技,2025-10-20 10:02:18,76.98,11500,77.1,D
sz002409,雅克科技,2025-10-20 10:02:21,77.12,10800,76.98,U
sz002409,雅克科技,2025-10-20 10:02:24,77.15,5200,77.12,U
sz002409,雅克科技,2025-10-20 10:02:27,77.18,8400,77.15,U
sz002409,雅克科技,2025-10-20 10:02:30,77.09,5600,77.18,D
sz002409,雅克科技,2025-10-20 10:02:33,77.09,26000,77.09,U
sz002409,雅克科技,2025-10-20 10:02:36,77.12,9200,77.09,U
sz002409,雅克科技,2025-10-20 10:02:39,77.12,3100,77.12,U
sz002409,雅克科技,2025-10-20 10:02:42,77.09,4300,77.12,E
sz002409,雅克科技,2025-10-20 10:02:45,77.07,8000,77.09,E
sz002409,雅克科技,2025-10-20 10:02:51,77.05,2600,77.0,E
sz002409,雅克科技,2025-10-20 10:02:57,76.98,4600,77.0,D
sz002409,雅克科技,2025-10-20 10:03:03,77.0,6800,77.06,D
sz002409,雅克科技,2025-10-20 10:03:06,77.06,6500,77.0,U
sz002409,雅克科技,2025-10-20 10:03:09,77.07,4900,77.06,U
sz002409,雅克科技,2025-10-20 10:03:12,77.06,3200,77.07,E
sz002409,雅克科技,2025-10-20 10:03:15,77.0,11000,77.06,D
sz002409,雅克科技,2025-10-20 10:03:18,76.98,5700,77.0,D
sz002409,雅克科技,2025-10-20 10:03:21,77.04,3900,76.98,U
sz002409,雅克科技,2025-10-20 10:03:24,76.98,8400,77.04,E
sz002409,雅克科技,2025-10-20 10:03:27,76.88,3100,76.98,D
sz002409,雅克科技,2025-10-20 10:03:30,76.98,14100,76.88,U
sz002409,雅克科技,2025-10-20 10:03:33,76.96,10400,76.98,E
sz002409,雅克科技,2025-10-20 10:03:36,76.98,6900,76.96,D
sz002409,雅克科技,2025-10-20 10:03:39,76.97,9900,76.98,E
sz002409,雅克科技,2025-10-20 10:03:42,76.97,5100,76.97,U
sz002409,雅克科技,2025-10-20 10:03:45,76.97,5200,76.97,E
sz002409,雅克科技,2025-10-20 10:03:48,76.98,11600,76.97,U
sz002409,雅克科技,2025-10-20 10:03:51,77.02,20500,76.98,U
sz002409,雅克科技,2025-10-20 10:03:54,77.02,6300,77.02,U
sz002409,雅克科技,2025-10-20 10:03:57,77.02,11300,77.02,U
sz002409,雅克科技,2025-10-20 10:04:00,77.06,22500,77.02,U
sz002409,雅克科技,2025-10-20 10:04:03,77.18,4400,77.06,U
sz002409,雅克科技,2025-10-20 10:04:06,77.22,7400,77.18,U
sz002409,雅克科技,2025-10-20 10:04:09,77.24,10400,77.22,U
sz002409,雅克科技,2025-10-20 10:04:12,77.21,7400,77.24,U
sz002409,雅克科技,2025-10-20 10:04:15,77.25,5900,77.21,U
sz002409,雅克科技,2025-10-20 10:04:18,77.25,12100,77.25,U
sz002409,雅克科技,2025-10-20 10:04:21,77.28,8700,77.25,U
sz002409,雅克科技,2025-10-20 10:04:27,77.28,4000,77.21,U
sz002409,雅克科技,2025-10-20 10:04:30,77.28,6600,77.28,U
sz002409,雅克科技,2025-10-20 10:04:33,77.21,7900,77.28,D
sz002409,雅克科技,2025-10-20 10:04:36,77.2,12600,77.21,D
sz002409,雅克科技,2025-10-20 10:04:39,77.18,3900,77.2,E
sz002409,雅克科技,2025-10-20 10:04:42,77.27,3700,77.18,U
sz002409,雅克科技,2025-10-20 10:04:45,77.26,3100,77.27,U
sz002409,雅克科技,2025-10-20 10:04:48,77.19,12400,77.26,D
sz002409,雅克科技,2025-10-20 10:04:51,77.25,6700,77.19,U
sz002409,雅克科技,2025-10-20 10:04:54,77.19,9500,77.25,D
sz002409,雅克科技,2025-10-20 10:04:57,77.25,9500,77.19,E
sz002409,雅克科技,2025-10-20 10:05:00,77.2,7700,77.25,U
sz002409,雅克科技,2025-10-20 10:05:03,77.28,4100,77.2,U
sz002409,雅克科技,2025-10-20 10:05:06,77.29,8700,77.28,U
sz002409,雅克科技,2025-10-20 10:05:09,77.33,14500,77.29,U
sz002409,雅克科技,2025-10-20 10:05:12,77.38,8600,77.33,U
sz002409,雅克科技,2025-10-20 10:05:15,77.34,15000,77.38,D
sz002409,雅克科技,2025-10-20 10:05:18,77.33,8900,77.34,E
sz002409,雅克科技,2025-10-20 10:05:21,77.32,8000,77.33,E
sz002409,雅克科技,2025-10-20 10:05:24,77.25,2600,77.32,D
sz002409,雅克科技,2025-10-20 10:05:27,77.28,3300,77.25,U
sz002409,雅克科技,2025-10-20 10:05:30,77.21,11700,77.28,E
sz002409,雅克科技,2025-10-20 10:05:33,77.21,4000,77.21,U
sz002409,雅克科技,2025-10-20 10:05:36,77.19,10000,77.21,E
sz002409,雅克科技,2025-10-20 10:05:39,77.1,7800,77.19,D
sz002409,雅克科技,2025-10-20 10:05:42,77.1,3500,77.1,D
sz002409,雅克科技,2025-10-20 10:05:45,77.1,4900,77.1,D
sz002409,雅克科技,2025-10-20 10:05:48,77.15,10300,77.1,E
sz002409,雅克科技,2025-10-20 10:05:51,77.17,5900,77.15,U
sz002409,雅克科技,2025-10-20 10:05:54,77.24,10900,77.17,U
sz002409,雅克科技,2025-10-20 10:05:57,77.27,8800,77.24,U
sz002409,雅克科技,2025-10-20 10:06:00,77.27,4300,77.27,U
sz002409,雅克科技,2025-10-20 10:06:03,77.18,4400,77.27,D
sz002409,雅克科技,2025-10-20 10:06:06,77.25,4000,77.18,U
sz002409,雅克科技,2025-10-20 10:06:09,77.26,7400,77.25,U
sz002409,雅克科技,2025-10-20 10:06:12,77.28,12000,77.26,U
sz002409,雅克科技,2025-10-20 10:06:15,77.24,3400,77.28,D
sz002409,雅克科技,2025-10-20 10:06:18,77.26,3200,77.24,U
sz002409,雅克科技,2025-10-20 10:06:21,77.25,4900,77.26,E
sz002409,雅克科技,2025-10-20 10:06:24,77.17,6500,77.25,D
sz002409,雅克科技,2025-10-20 10:06:27,77.1,5200,77.17,D
sz002409,雅克科技,2025-10-20 10:06:33,77.1,8600,77.2,D
sz002409,雅克科技,2025-10-20 10:06:36,77.15,6600,77.1,E
sz002409,雅克科技,2025-10-20 10:06:42,77.15,3700,77.12,U
sz002409,雅克科技,2025-10-20 10:06:45,77.14,2600,77.15,U
sz002409,雅克科技,2025-10-20 10:06:48,77.09,7800,77.14,D
sz002409,雅克科技,2025-10-20 10:06:51,77.09,7300,77.09,D
sz002409,雅克科技,2025-10-20 10:06:54,77.09,4300,77.09,E
sz002409,雅克科技,2025-10-20 10:06:57,77.09,7600,77.09,U
sz002409,雅克科技,2025-10-20 10:07:00,77.19,39700,77.09,U
sz002409,雅克科技,2025-10-20 10:07:03,77.15,11800,77.19,D
sz002409,雅克科技,2025-10-20 10:07:06,77.3,17700,77.15,U
sz002409,雅克科技,2025-10-20 10:07:09,77.33,17700,77.3,U
sz002409,雅克科技,2025-10-20 10:07:12,77.44,29700,77.33,U
sz002409,雅克科技,2025-10-20 10:07:15,77.48,9400,77.44,U
sz002409,雅克科技,2025-10-20 10:07:18,77.59,49100,77.48,U
sz002409,雅克科技,2025-10-20 10:07:21,77.61,7100,77.59,E
sz002409,雅克科技,2025-10-20 10:07:24,77.74,18200,77.61,U
sz002409,雅克科技,2025-10-20 10:07:27,77.77,19200,77.74,U
sz002409,雅克科技,2025-10-20 10:07:30,77.74,12500,77.77,D
sz002409,雅克科技,2025-10-20 10:07:33,77.8,31600,77.74,U
sz002409,雅克科技,2025-10-20 10:07:36,77.8,41500,77.8,U
sz002409,雅克科技,2025-10-20 10:07:39,78.19,267900,77.8,U
sz002409,雅克科技,2025-10-20 10:07:42,78.19,36600,78.19,D
sz002409,雅克科技,2025-10-20 10:07:45,78.26,27500,78.19,U
sz002409,雅克科技,2025-10-20 10:07:48,78.33,47000,78.26,U
sz002409,雅克科技,2025-10-20 10:07:51,78.35,11000,78.33,U
sz002409,雅克科技,2025-10-20 10:07:54,78.48,25200,78.35,U
sz002409,雅克科技,2025-10-20 10:07:57,78.48,18700,78.48,U
sz002409,雅克科技,2025-10-20 10:08:00,78.34,31000,78.48,D
sz002409,雅克科技,2025-10-20 10:08:03,78.4,22800,78.34,U
sz002409,雅克科技,2025-10-20 10:08:06,78.44,23100,78.4,U
sz002409,雅克科技,2025-10-20 10:08:09,78.4,22600,78.44,E
sz002409,雅克科技,2025-10-20 10:08:12,78.36,20800,78.4,D
sz002409,雅克科技,2025-10-20 10:08:15,78.3,12100,78.36,E
sz002409,雅克科技,2025-10-20 10:08:18,78.14,5100,78.3,D
sz002409,雅克科技,2025-10-20 10:08:21,78.1,7100,78.14,D
sz002409,雅克科技,2025-10-20 10:08:24,78.22,10000,78.1,U
sz002409,雅克科技,2025-10-20 10:08:27,78.09,17000,78.22,U
sz002409,雅克科技,2025-10-20 10:08:30,78.08,9800,78.09,E
sz002409,雅克科技,2025-10-20 10:08:33,78.3,101600,78.08,U
sz002409,雅克科技,2025-10-20 10:08:36,78.3,23700,78.3,D
sz002409,雅克科技,2025-10-20 10:08:39,78.35,9900,78.3,E
sz002409,雅克科技,2025-10-20 10:08:42,78.3,7100,78.35,E
sz002409,雅克科技,2025-10-20 10:08:45,78.14,13000,78.3,D
sz002409,雅克科技,2025-10-20 10:08:48,78.14,3300,78.14,D
sz002409,雅克科技,2025-10-20 10:08:51,78.18,4700,78.14,E
sz002409,雅克科技,2025-10-20 10:08:54,78.34,41500,78.18,U
sz002409,雅克科技,2025-10-20 10:08:57,78.42,54200,78.34,U
sz002409,雅克科技,2025-10-20 10:09:00,78.23,38900,78.42,D
sz002409,雅克科技,2025-10-20 10:09:03,78.14,13800,78.23,D
sz002409,雅克科技,2025-10-20 10:09:06,78.22,69000,78.14,U
sz002409,雅克科技,2025-10-20 10:09:09,78.32,5800,78.22,U
sz002409,雅克科技,2025-10-20 10:09:12,78.17,6100,78.32,D
sz002409,雅克科技,2025-10-20 10:09:15,78.0,14300,78.17,D
sz002409,雅克科技,2025-10-20 10:09:18,78.08,6500,78.0,U
sz002409,雅克科技,2025-10-20 10:09:27,77.99,7100,77.99,U
sz002409,雅克科技,2025-10-20 10:09:33,78.0,3200,78.0,D
sz002409,雅克科技,2025-10-20 10:09:36,78.08,19600,78.0,U
sz002409,雅克科技,2025-10-20 10:09:39,78.14,51100,78.08,E
sz002409,雅克科技,2025-10-20 10:09:42,78.16,15900,78.14,U
sz002409,雅克科技,2025-10-20 10:09:45,78.28,16400,78.16,U
sz002409,雅克科技,2025-10-20 10:09:48,78.1,52000,78.28,D
sz002409,雅克科技,2025-10-20 10:09:51,78.26,42000,78.1,U
sz002409,雅克科技,2025-10-20 10:09:54,78.1,14000,78.26,D
sz002409,雅克科技,2025-10-20 10:09:57,78.1,3400,78.1,D
sz002409,雅克科技,2025-10-20 10:10:00,78.1,3500,78.1,D
sz002409,雅克科技,2025-10-20 10:10:03,78.07,4000,78.1,D
sz002409,雅克科技,2025-10-20 10:10:06,78.09,4100,78.07,E
sz002409,雅克科技,2025-10-20 10:10:09,78.1,13600,78.09,U
sz002409,雅克科技,2025-10-20 10:10:12,78.09,11800,78.1,U
sz002409,雅克科技,2025-10-20 10:10:15,77.99,8800,78.09,D
sz002409,雅克科技,2025-10-20 10:10:18,78.0,3400,77.99,U
sz002409,雅克科技,2025-10-20 10:10:21,77.9,4200,78.0,D
sz002409,雅克科技,2025-10-20 10:10:27,77.86,9200,77.89,D
sz002409,雅克科技,2025-10-20 10:10:30,77.93,10800,77.86,U
sz002409,雅克科技,2025-10-20 10:10:33,77.94,12600,77.93,U
sz002409,雅克科技,2025-10-20 10:10:42,77.92,6200,77.94,D
sz002409,雅克科技,2025-10-20 10:10:48,77.87,3000,77.9,D
sz002409,雅克科技,2025-10-20 10:10:51,77.9,8300,77.87,U
sz002409,雅克科技,2025-10-20 10:10:54,77.88,4800,77.9,D
sz002409,雅克科技,2025-10-20 10:11:00,77.88,7000,77.86,U
sz002409,雅克科技,2025-10-20 10:11:03,77.88,3700,77.88,U
sz002409,雅克科技,2025-10-20 10:11:06,77.88,3000,77.88,U
sz002409,雅克科技,2025-10-20 10:11:09,77.88,8600,77.88,U
sz002409,雅克科技,2025-10-20 10:11:12,77.88,12900,77.88,U
sz002409,雅克科技,2025-10-20 10:11:15,77.92,3000,77.88,U
sz002409,雅克科技,2025-10-20 10:11:18,77.91,3900,77.92,D
sz002409,雅克科技,2025-10-20 10:11:21,77.82,16400,77.91,D
sz002409,雅克科技,2025-10-20 10:11:24,77.82,2800,77.82,E
sz002409,雅克科技,2025-10-20 10:11:27,77.83,4200,77.82,U
sz002409,雅克科技,2025-10-20 10:11:30,77.8,6600,77.83,E
sz002409,雅克科技,2025-10-20 10:11:36,77.79,14200,77.79,U
sz002409,雅克科技,2025-10-20 10:11:39,77.8,2600,77.79,U
sz002409,雅克科技,2025-10-20 10:11:42,77.81,8900,77.8,U
sz002409,雅克科技,2025-10-20 10:11:48,77.8,7600,77.81,D
sz002409,雅克科技,2025-10-20 10:11:51,77.77,4700,77.8,D
sz002409,雅克科技,2025-10-20 10:11:54,77.73,3900,77.77,D
sz002409,雅克科技,2025-10-20 10:12:00,77.74,24100,77.7,U
sz002409,雅克科技,2025-10-20 10:12:03,77.7,50900,77.74,E
sz002409,雅克科技,2025-10-20 10:12:06,77.63,4400,77.7,D
sz002409,雅克科技,2025-10-20 10:12:09,77.67,2900,77.63,E
sz002409,雅克科技,2025-10-20 10:12:12,77.63,3800,77.67,D
sz002409,雅克科技,2025-10-20 10:12:15,77.7,4500,77.63,U
sz002409,雅克科技,2025-10-20 10:12:18,77.71,4800,77.7,U
sz002409,雅克科技,2025-10-20 10:12:30,77.71,15100,77.82,D
sz002409,雅克科技,2025-10-20 10:12:33,77.76,2800,77.71,U
sz002409,雅克科技,2025-10-20 10:12:36,77.64,13000,77.76,D
sz002409,雅克科技,2025-10-20 10:12:45,77.74,4000,77.77,E
sz002409,雅克科技,2025-10-20 10:12:51,77.65,2600,77.67,D
sz002409,雅克科技,2025-10-20 10:12:57,77.55,10300,77.65,D
sz002409,雅克科技,2025-10-20 10:13:06,77.51,2800,77.6,D
sz002409,雅克科技,2025-10-20 10:13:12,77.54,7900,77.56,E
sz002409,雅克科技,2025-10-20 10:13:15,77.5,2800,77.54,D
sz002409,雅克科技,2025-10-20 10:13:21,77.6,19700,77.52,U
sz002409,雅克科技,2025-10-20 10:13:24,77.52,4800,77.6,D
sz002409,雅克科技,2025-10-20 10:13:30,77.56,3500,77.53,U
sz002409,雅克科技,2025-10-20 10:13:33,77.58,2800,77.56,D
sz002409,雅克科技,2025-10-20 10:13:36,77.53,5200,77.58,D
sz002409,雅克科技,2025-10-20 10:13:39,77.6,3100,77.53,U
sz002409,雅克科技,2025-10-20 10:13:48,77.53,6200,77.57,D
sz002409,雅克科技,2025-10-20 10:13:51,77.48,19300,77.53,D
sz002409,雅克科技,2025-10-20 10:14:09,77.42,4400,77.37,U
sz002409,雅克科技,2025-10-20 10:14:15,77.48,3600,77.47,U
sz002409,雅克科技,2025-10-20 10:14:18,77.47,4000,77.48,D
sz002409,雅克科技,2025-10-20 10:14:21,77.55,21100,77.47,U
sz002409,雅克科技,2025-10-20 10:14:24,77.59,3800,77.55,U
sz002409,雅克科技,2025-10-20 10:14:27,77.6,6200,77.59,U
sz002409,雅克科技,2025-10-20 10:14:33,77.7,3800,77.61,U
sz002409,雅克科技,2025-10-20 10:14:36,77.73,15100,77.7,U
sz002409,雅克科技,2025-10-20 10:14:39,77.75,3800,77.73,U
sz002409,雅克科技,2025-10-20 10:14:42,77.73,8200,77.75,D
sz002409,雅克科技,2025-10-20 10:14:45,77.77,6200,77.73,U
sz002409,雅克科技,2025-10-20 10:14:51,77.8,3100,77.77,U
sz002409,雅克科技,2025-10-20 10:14:57,77.8,3700,77.8,U
sz002409,雅克科技,2025-10-20 10:15:03,77.69,3800,77.8,D
sz002409,雅克科技,2025-10-20 10:15:06,77.78,7000,77.69,U
sz002409,雅克科技,2025-10-20 10:15:09,77.55,4400,77.78,D
sz002409,雅克科技,2025-10-20 10:15:12,77.59,4000,77.55,U
sz002409,雅克科技,2025-10-20 10:15:21,77.66,3400,77.56,U
sz002409,雅克科技,2025-10-20 10:15:24,77.59,7200,77.66,D
sz002409,雅克科技,2025-10-20 10:15:27,77.62,6600,77.59,E
sz002409,雅克科技,2025-10-20 10:15:30,77.67,17200,77.62,U
sz002409,雅克科技,2025-10-20 10:15:36,77.46,13300,77.53,D
sz002409,雅克科技,2025-10-20 10:15:39,77.53,4500,77.46,U
sz002409,雅克科技,2025-10-20 10:15:42,77.41,8700,77.53,D
sz002409,雅克科技,2025-10-20 10:15:51,77.46,3200,77.46,D
sz002409,雅克科技,2025-10-20 10:15:57,77.46,5200,77.46,U
sz002409,雅克科技,2025-10-20 10:16:00,77.47,15900,77.46,U
sz002409,雅克科技,2025-10-20 10:16:03,77.46,3700,77.47,E
sz002409,雅克科技,2025-10-20 10:16:06,77.41,6900,77.46,D
sz002409,雅克科技,2025-10-20 10:16:09,77.41,6400,77.41,D
sz002409,雅克科技,2025-10-20 10:16:12,77.37,8100,77.41,D
sz002409,雅克科技,2025-10-20 10:16:15,77.3,15100,77.37,D
sz002409,雅克科技,2025-10-20 10:16:21,77.25,9800,77.24,E
sz002409,雅克科技,2025-10-20 10:16:24,77.22,16300,77.25,D
sz002409,雅克科技,2025-10-20 10:16:27,77.22,7400,77.22,U
sz002409,雅克科技,2025-10-20 10:16:30,77.23,5500,77.22,E
sz002409,雅克科技,2025-10-20 10:16:33,77.24,8400,77.23,U
sz002409,雅克科技,2025-10-20 10:16:36,77.24,2900,77.24,D
sz002409,雅克科技,2025-10-20 10:16:39,77.23,6700,77.24,D
sz002409,雅克科技,2025-10-20 10:16:42,77.2,4400,77.23,D
sz002409,雅克科技,2025-10-20 10:16:45,77.2,3800,77.2,D
sz002409,雅克科技,2025-10-20 10:16:51,77.15,2700,77.2,D
sz002409,雅克科技,2025-10-20 10:16:57,77.12,10500,77.14,D
sz002409,雅克科技,2025-10-20 10:17:00,77.09,3100,77.12,D
sz002409,雅克科技,2025-10-20 10:17:03,77.08,5600,77.09,D
sz002409,雅克科技,2025-10-20 10:17:09,77.07,3500,77.08,E
sz002409,雅克科技,2025-10-20 10:17:12,77.08,6300,77.07,U
sz002409,雅克科技,2025-10-20 10:17:21,77.09,8600,77.06,U
sz002409,雅克科技,2025-10-20 10:17:24,77.13,4800,77.09,E
sz002409,雅克科技,2025-10-20 10:17:36,77.05,32600,77.07,D
sz002409,雅克科技,2025-10-20 10:17:39,77.05,3000,77.05,U
sz002409,雅克科技,2025-10-20 10:17:45,77.03,13300,77.05,D
sz002409,雅克科技,2025-10-20 10:17:48,77.01,4400,77.03,D
sz002409,雅克科技,2025-10-20 10:17:51,77.02,3000,77.01,U
sz002409,雅克科技,2025-10-20 10:17:54,77.0,12300,77.02,D
sz002409,雅克科技,2025-10-20 10:17:57,76.96,4200,77.0,D
sz002409,雅克科技,2025-10-20 10:18:09,76.91,3200,76.91,U
sz002409,雅克科技,2025-10-20 10:18:12,76.93,3200,76.91,E
sz002409,雅克科技,2025-10-20 10:18:15,77.0,18100,76.93,U
sz002409,雅克科技,2025-10-20 10:18:18,77.05,15100,77.0,U
sz002409,雅克科技,2025-10-20 10:18:24,77.07,3900,77.06,U
sz002409,雅克科技,2025-10-20 10:18:27,77.06,4900,77.07,D
sz002409,雅克科技,2025-10-20 10:18:30,77.08,16900,77.06,U
sz002409,雅克科技,2025-10-20 10:18:33,77.03,5000,77.08,E
sz002409,雅克科技,2025-10-20 10:18:57,76.95,6300,76.96,D
sz002409,雅克科技,2025-10-20 10:19:00,76.89,10500,76.95,D
sz002409,雅克科技,2025-10-20 10:19:06,76.9,4900,76.91,U
sz002409,雅克科技,2025-10-20 10:19:21,76.95,14700,76.89,U
sz002409,雅克科技,2025-10-20 10:19:24,76.96,2900,76.95,U
sz002409,雅克科技,2025-10-20 10:19:27,76.97,5000,76.96,U
sz002409,雅克科技,2025-10-20 10:19:30,76.99,3200,76.97,E
sz002409,雅克科技,2025-10-20 10:19:33,77.06,9700,76.99,U
sz002409,雅克科技,2025-10-20 10:19:45,77.08,5400,77.08,D
sz002409,雅克科技,2025-10-20 10:19:48,77.11,10700,77.08,U
sz002409,雅克科技,2025-10-20 10:19:54,77.05,5300,77.11,D
sz002409,雅克科技,2025-10-20 10:20:18,77.08,2900,77.08,D
sz002409,雅克科技,2025-10-20 10:20:24,77.01,10700,77.07,D
sz002409,雅克科技,2025-10-20 10:20:30,76.93,9600,76.97,D
sz002409,雅克科技,2025-10-20 10:20:36,76.97,2900,76.93,U
sz002409,雅克科技,2025-10-20 10:20:54,76.98,3200,76.99,D
sz002409,雅克科技,2025-10-20 10:21:00,77.01,11500,76.97,U
sz002409,雅克科技,2025-10-20 10:21:03,77.03,2700,77.01,U
sz002409,雅克科技,2025-10-20 10:21:06,77.07,4500,77.03,U
sz002409,雅克科技,2025-10-20 10:21:12,76.99,8200,77.07,D
sz002409,雅克科技,2025-10-20 10:21:15,76.93,20000,76.99,D
sz002409,雅克科技,2025-10-20 10:21:18,76.81,4600,76.93,D
sz002409,雅克科技,2025-10-20 10:21:21,76.8,9700,76.81,D
sz002409,雅克科技,2025-10-20 10:21:30,76.8,6900,76.8,U
sz002409,雅克科技,2025-10-20 10:21:33,76.71,6500,76.8,D
sz002409,雅克科技,2025-10-20 10:21:36,76.72,2900,76.71,E
sz002409,雅克科技,2025-10-20 10:21:48,76.9,6900,76.84,U
sz002409,雅克科技,2025-10-20 10:21:57,76.86,3300,76.87,D
sz002409,雅克科技,2025-10-20 10:22:39,76.88,18700,76.94,D
sz002409,雅克科技,2025-10-20 10:22:42,76.86,3300,76.88,D
sz002409,雅克科技,2025-10-20 10:22:51,76.8,7400,76.85,D
sz002409,雅克科技,2025-10-20 10:22:54,76.85,2900,76.8,U
sz002409,雅克科技,2025-10-20 10:23:09,76.84,10200,76.8,U
sz002409,雅克科技,2025-10-20 10:23:12,76.9,2800,76.84,U
sz002409,雅克科技,2025-10-20 10:23:27,76.93,4400,76.92,D
sz002409,雅克科技,2025-10-20 10:23:36,76.85,8800,76.82,U
sz002409,雅克科技,2025-10-20 10:23:45,76.75,23700,76.85,D
sz002409,雅克科技,2025-10-20 10:23:48,76.83,12200,76.75,U
sz002409,雅克科技,2025-10-20 10:24:03,76.75,3300,76.77,D
sz002409,雅克科技,2025-10-20 10:24:09,76.7,18500,76.76,D
sz002409,雅克科技,2025-10-20 10:24:12,76.64,4600,76.7,E
sz002409,雅克科技,2025-10-20 10:24:15,76.5,143700,76.64,D
sz002409,雅克科技,2025-10-20 10:24:18,76.5,5000,76.5,E
sz002409,雅克科技,2025-10-20 10:24:33,76.5,10300,76.58,D
sz002409,雅克科技,2025-10-20 10:24:36,76.52,14600,76.5,E
sz002409,雅克科技,2025-10-20 10:24:57,76.45,3000,76.5,D
sz002409,雅克科技,2025-10-20 10:25:00,76.49,4100,76.45,U
sz002409,雅克科技,2025-10-20 10:25:12,76.55,14500,76.51,U
sz002409,雅克科技,2025-10-20 10:25:36,76.6,3400,76.61,D
sz002409,雅克科技,2025-10-20 10:26:03,76.58,3600,76.57,U
sz002409,雅克科技,2025-10-20 10:26:12,76.61,11000,76.6,E
sz002409,雅克科技,2025-10-20 10:26:15,76.61,3600,76.61,E
sz002409,雅克科技,2025-10-20 10:26:21,76.61,6700,76.61,U
sz002409,雅克科技,2025-10-20 10:26:24,76.61,4600,76.61,D
sz002409,雅克科技,2025-10-20 10:26:27,76.6,2800,76.61,D
sz002409,雅克科技,2025-10-20 10:26:45,76.69,3300,76.69,U
sz002409,雅克科技,2025-10-20 10:27:00,76.51,29100,76.68,D
sz002409,雅克科技,2025-10-20 10:27:03,76.5,9100,76.51,D
sz002409,雅克科技,2025-10-20 10:27:06,76.49,10500,76.5,U
sz002409,雅克科技,2025-10-20 10:27:18,76.46,7600,76.47,E
sz002409,雅克科技,2025-10-20 10:27:36,76.47,15300,76.45,U
sz002409,雅克科技,2025-10-20 10:27:39,76.53,4400,76.47,U
sz002409,雅克科技,2025-10-20 10:27:45,76.6,4800,76.6,D
sz002409,雅克科技,2025-10-20 10:28:12,76.7,9700,76.65,U
sz002409,雅克科技,2025-10-20 10:28:15,76.69,5300,76.7,D
sz002409,雅克科技,2025-10-20 10:28:57,76.97,10700,76.96,U
sz002409,雅克科技,2025-10-20 10:29:00,76.99,2700,76.97,U
sz002409,雅克科技,2025-10-20 10:29:03,77.09,32000,76.99,U
sz002409,雅克科技,2025-10-20 10:29:06,77.06,41000,77.09,D
sz002409,雅克科技,2025-10-20 10:29:09,77.06,9800,77.06,U
sz002409,雅克科技,2025-10-20 10:29:15,76.97,8400,77.1,D
sz002409,雅克科技,2025-10-20 10:29:18,76.8,4100,76.97,D
sz002409,雅克科技,2025-10-20 10:29:21,76.87,5400,76.8,E
sz002409,雅克科技,2025-10-20 10:29:33,76.7,5500,76.76,D
sz002409,雅克科技,2025-10-20 10:29:36,76.81,2700,76.7,U
sz002409,雅克科技,2025-10-20 10:29:39,76.55,6600,76.81,D
sz002409,雅克科技,2025-10-20 10:29:57,76.62,5300,76.8,D
sz002409,雅克科技,2025-10-20 10:30:00,76.58,4100,76.62,D
sz002409,雅克科技,2025-10-20 10:30:06,76.76,2800,76.78,U
sz002409,雅克科技,2025-10-20 10:30:09,76.75,3300,76.76,U
sz002409,雅克科技,2025-10-20 10:30:12,76.64,9400,76.75,D
sz002409,雅克科技,2025-10-20 10:30:57,76.67,4700,76.68,E
sz002409,雅克科技,2025-10-20 10:31:24,76.57,4200,76.63,D
sz002409,雅克科技,2025-10-20 10:31:27,76.56,2900,76.57,D
sz002409,雅克科技,2025-10-20 10:31:30,76.5,5600,76.56,E
sz002409,雅克科技,2025-10-20 10:31:33,76.48,10700,76.5,E
sz002409,雅克科技,2025-10-20 10:31:42,76.48,3800,76.48,U
sz002409,雅克科技,2025-10-20 10:31:51,76.48,2700,76.53,D
sz002409,雅克科技,2025-10-20 10:32:00,76.42,9400,76.45,D
sz002409,雅克科技,2025-10-20 10:32:21,76.36,9800,76.42,D
sz002409,雅克科技,2025-10-20 10:32:30,76.43,7900,76.42,U
sz002409,雅克科技,2025-10-20 10:32:33,76.48,7400,76.43,U
sz002409,雅克科技,2025-10-20 10:32:36,76.48,4100,76.48,E
sz002409,雅克科技,2025-10-20 10:32:48,76.54,2800,76.54,U
sz002409,雅克科技,2025-10-20 10:32:57,76.6,5000,76.63,D
sz002409,雅克科技,2025-10-20 10:33:00,76.65,5200,76.6,U
sz002409,雅克科技,2025-10-20 10:33:09,76.52,20700,76.66,D
sz002409,雅克科技,2025-10-20 10:33:12,76.46,10100,76.52,D
sz002409,雅克科技,2025-10-20 10:33:15,76.6,10100,76.46,U
sz002409,雅克科技,2025-10-20 10:33:18,76.51,7300,76.6,E
sz002409,雅克科技,2025-10-20 10:33:27,76.61,8400,76.55,U
sz002409,雅克科技,2025-10-20 10:33:30,76.54,6000,76.61,U
sz002409,雅克科技,2025-10-20 10:33:36,76.41,5400,76.54,D
sz002409,雅克科技,2025-10-20 10:34:27,76.58,2700,76.59,D
sz002409,雅克科技,2025-10-20 10:34:33,76.54,5400,76.56,D
sz002409,雅克科技,2025-10-20 10:34:36,76.68,36900,76.54,U
sz002409,雅克科技,2025-10-20 10:34:39,76.75,37000,76.68,U
sz002409,雅克科技,2025-10-20 10:34:42,76.8,6700,76.75,U
sz002409,雅克科技,2025-10-20 10:34:54,76.82,8900,76.88,D
sz002409,雅克科技,2025-10-20 10:35:00,76.88,8800,76.88,D
sz002409,雅克科技,2025-10-20 10:35:03,77.0,10100,76.88,U
sz002409,雅克科技,2025-10-20 10:35:18,77.0,5500,77.0,D
sz002409,雅克科技,2025-10-20 10:35:24,76.95,5400,77.0,E
sz002409,雅克科技,2025-10-20 10:35:30,77.0,8200,76.95,U
sz002409,雅克科技,2025-10-20 10:35:33,77.0,3800,77.0,E
sz002409,雅克科技,2025-10-20 10:35:36,76.94,15600,77.0,D
sz002409,雅克科技,2025-10-20 10:35:48,77.01,2600,77.13,E
sz002409,雅克科技,2025-10-20 10:35:51,77.04,3900,77.01,E
sz002409,雅克科技,2025-10-20 10:35:57,77.2,3800,77.13,U
sz002409,雅克科技,2025-10-20 10:36:00,77.25,8300,77.2,U
sz002409,雅克科技,2025-10-20 10:36:06,77.2,9700,77.28,D
sz002409,雅克科技,2025-10-20 10:36:09,77.25,3000,77.2,U
sz002409,雅克科技,2025-10-20 10:36:12,77.21,13500,77.25,E
sz002409,雅克科技,2025-10-20 10:36:18,77.24,4400,77.18,U
sz002409,雅克科技,2025-10-20 10:36:24,77.25,7300,77.24,U
sz002409,雅克科技,2025-10-20 10:36:30,77.25,9700,77.25,U
sz002409,雅克科技,2025-10-20 10:36:33,77.24,5700,77.25,E
sz002409,雅克科技,2025-10-20 10:36:48,77.22,8600,77.22,D
sz002409,雅克科技,2025-10-20 10:36:54,77.16,9400,77.18,D
sz002409,雅克科技,2025-10-20 10:37:00,77.08,19400,77.17,D
sz002409,雅克科技,2025-10-20 10:37:03,77.01,84700,77.08,D
sz002409,雅克科技,2025-10-20 10:37:06,77.14,33600,77.01,U
sz002409,雅克科技,2025-10-20 10:37:18,77.08,5000,77.15,D
sz002409,雅克科技,2025-10-20 10:37:21,77.04,9700,77.08,D
sz002409,雅克科技,2025-10-20 10:37:39,77.05,2700,77.08,E
sz002409,雅克科技,2025-10-20 10:37:42,77.01,6700,77.05,D
sz002409,雅克科技,2025-10-20 10:37:45,77.03,10500,77.01,E
sz002409,雅克科技,2025-10-20 10:37:48,77.05,7400,77.03,U
sz002409,雅克科技,2025-10-20 10:37:51,77.09,7000,77.05,U
sz002409,雅克科技,2025-10-20 10:37:54,77.05,6700,77.09,D
sz002409,雅克科技,2025-10-20 10:38:03,77.12,25100,77.15,E
sz002409,雅克科技,2025-10-20 10:38:15,77.15,2600,77.12,E
sz002409,雅克科技,2025-10-20 10:38:18,77.2,13800,77.15,U
sz002409,雅克科技,2025-10-20 10:38:24,77.3,5500,77.31,U
sz002409,雅克科技,2025-10-20 10:38:27,77.41,7800,77.3,U
sz002409,雅克科技,2025-10-20 10:38:33,77.4,9600,77.41,E
sz002409,雅克科技,2025-10-20 10:38:36,77.4,9500,77.4,U
sz002409,雅克科技,2025-10-20 10:38:48,77.45,37900,77.37,U
sz002409,雅克科技,2025-10-20 10:38:51,77.7,35600,77.45,U
sz002409,雅克科技,2025-10-20 10:38:57,77.74,12600,77.7,U
sz002409,雅克科技,2025-10-20 10:39:00,77.76,8100,77.74,U
sz002409,雅克科技,2025-10-20 10:39:03,77.68,6500,77.76,E
sz002409,雅克科技,2025-10-20 10:39:12,77.54,3600,77.59,D
sz002409,雅克科技,2025-10-20 10:39:15,77.51,4300,77.54,E
sz002409,雅克科技,2025-10-20 10:39:18,77.44,19500,77.51,D
sz002409,雅克科技,2025-10-20 10:39:24,77.53,10900,77.44,U
sz002409,雅克科技,2025-10-20 10:39:27,77.5,4000,77.53,D
sz002409,雅克科技,2025-10-20 10:39:30,77.66,21600,77.5,U
sz002409,雅克科技,2025-10-20 10:39:33,77.74,75100,77.66,U
sz002409,雅克科技,2025-10-20 10:39:39,77.75,3000,77.75,E
sz002409,雅克科技,2025-10-20 10:39:42,77.54,3500,77.75,D
sz002409,雅克科技,2025-10-20 10:39:45,77.77,10900,77.54,U
sz002409,雅克科技,2025-10-20 10:39:48,77.77,2700,77.77,E
sz002409,雅克科技,2025-10-20 10:39:51,77.74,11400,77.77,D
sz002409,雅克科技,2025-10-20 10:39:54,77.77,6000,77.74,U
sz002409,雅克科技,2025-10-20 10:40:00,77.74,16000,77.74,D
sz002409,雅克科技,2025-10-20 10:40:03,77.74,5700,77.74,D
sz002409,雅克科技,2025-10-20 10:40:06,77.8,10800,77.74,U
sz002409,雅克科技,2025-10-20 10:40:09,77.79,2800,77.8,E
sz002409,雅克科技,2025-10-20 10:40:15,77.75,5500,77.75,U
sz002409,雅克科技,2025-10-20 10:40:21,77.78,7200,77.74,U
sz002409,雅克科技,2025-10-20 10:40:24,77.72,17900,77.78,D
sz002409,雅克科技,2025-10-20 10:40:27,77.82,25100,77.72,U
sz002409,雅克科技,2025-10-20 10:40:30,77.84,3100,77.82,U
sz002409,雅克科技,2025-10-20 10:40:33,77.79,4900,77.84,D
sz002409,雅克科技,2025-10-20 10:40:36,77.79,6700,77.79,D
sz002409,雅克科技,2025-10-20 10:40:39,77.79,2800,77.79,D
sz002409,雅克科技,2025-10-20 10:40:48,77.72,3400,77.79,D
sz002409,雅克科技,2025-10-20 10:40:51,77.75,21100,77.72,U
sz002409,雅克科技,2025-10-20 10:40:57,77.74,3700,77.74,D
sz002409,雅克科技,2025-10-20 10:41:03,77.75,9900,77.73,U
sz002409,雅克科技,2025-10-20 10:41:06,77.75,3300,77.75,D
sz002409,雅克科技,2025-10-20 10:41:09,77.75,6800,77.75,D
sz002409,雅克科技,2025-10-20 10:41:12,77.78,28900,77.75,U
sz002409,雅克科技,2025-10-20 10:41:15,77.8,12600,77.78,U
sz002409,雅克科技,2025-10-20 10:41:18,77.79,3000,77.8,D
sz002409,雅克科技,2025-10-20 10:41:21,77.8,23100,77.79,U
sz002409,雅克科技,2025-10-20 10:41:24,77.85,5500,77.8,U
sz002409,雅克科技,2025-10-20 10:41:33,77.7,15100,77.8,D
sz002409,雅克科技,2025-10-20 10:41:39,77.6,3000,77.66,D
sz002409,雅克科技,2025-10-20 10:41:48,77.53,9000,77.58,E
sz002409,雅克科技,2025-10-20 10:41:54,77.61,5000,77.64,D
sz002409,雅克科技,2025-10-20 10:42:00,77.7,7900,77.61,U
sz002409,雅克科技,2025-10-20 10:42:03,77.78,65900,77.7,U
sz002409,雅克科技,2025-10-20 10:42:06,77.87,12200,77.78,U
sz002409,雅克科技,2025-10-20 10:42:09,77.88,17700,77.87,U
sz002409,雅克科技,2025-10-20 10:42:12,77.88,5900,77.88,U
sz002409,雅克科技,2025-10-20 10:42:15,77.85,7300,77.88,D
sz002409,雅克科技,2025-10-20 10:42:24,77.85,45900,77.72,U
sz002409,雅克科技,2025-10-20 10:42:30,78.06,95800,77.86,U
sz002409,雅克科技,2025-10-20 10:42:33,77.92,38600,78.06,D
sz002409,雅克科技,2025-10-20 10:42:39,77.87,3900,78.02,D
sz002409,雅克科技,2025-10-20 10:42:42,77.84,3500,77.87,D
sz002409,雅克科技,2025-10-20 10:42:48,77.84,6700,77.74,U
sz002409,雅克科技,2025-10-20 10:42:51,77.85,3200,77.84,U
sz002409,雅克科技,2025-10-20 10:43:00,77.78,8900,77.78,D
sz002409,雅克科技,2025-10-20 10:43:03,77.9,10500,77.78,U
sz002409,雅克科技,2025-10-20 10:43:12,77.94,38700,77.9,U
sz002409,雅克科技,2025-10-20 10:43:21,78.0,3100,78.01,D
sz002409,雅克科技,2025-10-20 10:43:27,78.0,8800,78.0,D
sz002409,雅克科技,2025-10-20 10:43:30,78.01,6400,78.0,E
sz002409,雅克科技,2025-10-20 10:43:33,77.95,11000,78.01,D
sz002409,雅克科技,2025-10-20 10:43:45,77.98,3500,77.95,U
sz002409,雅克科技,2025-10-20 10:43:54,77.77,6500,77.84,D
sz002409,雅克科技,2025-10-20 10:43:57,77.7,9900,77.77,D
sz002409,雅克科技,2025-10-20 10:44:00,77.7,9300,77.7,D
sz002409,雅克科技,2025-10-20 10:44:09,77.67,9300,77.67,D
sz002409,雅克科技,2025-10-20 10:44:15,77.64,8200,77.66,D
sz002409,雅克科技,2025-10-20 10:44:30,77.49,3700,77.52,D
sz002409,雅克科技,2025-10-20 10:44:39,77.44,3000,77.37,U
sz002409,雅克科技,2025-10-20 10:44:45,77.37,2900,77.37,D
sz002409,雅克科技,2025-10-20 10:44:51,77.46,8800,77.39,U
sz002409,雅克科技,2025-10-20 10:44:57,77.46,5700,77.49,D
sz002409,雅克科技,2025-10-20 10:45:00,77.6,5200,77.46,U
sz002409,雅克科技,2025-10-20 10:45:21,77.67,8800,77.55,U
sz002409,雅克科技,2025-10-20 10:45:24,77.6,10600,77.67,U
sz002409,雅克科技,2025-10-20 10:45:33,77.6,5500,77.58,U
sz002409,雅克科技,2025-10-20 10:45:36,77.7,9000,77.6,U
sz002409,雅克科技,2025-10-20 10:45:39,77.6,5800,77.7,E
sz002409,雅克科技,2025-10-20 10:45:54,77.71,7600,77.72,U
sz002409,雅克科技,2025-10-20 10:46:03,77.76,5000,77.7,U
sz002409,雅克科技,2025-10-20 10:46:09,77.66,9200,77.7,E
sz002409,雅克科技,2025-10-20 10:46:45,77.52,4500,77.5,U
sz002409,雅克科技,2025-10-20 10:46:51,77.49,4000,77.51,D
sz002409,雅克科技,2025-10-20 10:46:57,77.57,5000,77.52,U
sz002409,雅克科技,2025-10-20 10:47:00,77.66,7900,77.57,U
sz002409,雅克科技,2025-10-20 10:47:12,77.85,22000,77.68,U
sz002409,雅克科技,2025-10-20 10:47:15,77.84,8200,77.85,U
sz002409,雅克科技,2025-10-20 10:47:27,77.84,9900,77.77,U
sz002409,雅克科技,2025-10-20 10:47:54,77.88,9500,77.78,U
sz002409,雅克科技,2025-10-20 10:48:00,77.87,2800,77.87,U
sz002409,雅克科技,2025-10-20 10:48:06,77.9,8200,77.87,U
sz002409,雅克科技,2025-10-20 10:48:09,77.7,12400,77.9,D
sz002409,雅克科技,2025-10-20 10:48:24,77.7,10000,77.7,D
sz002409,雅克科技,2025-10-20 10:48:27,77.69,8900,77.7,D
sz002409,雅克科技,2025-10-20 10:48:30,77.7,6400,77.69,U
sz002409,雅克科技,2025-10-20 10:48:42,77.7,11100,77.64,U
sz002409,雅克科技,2025-10-20 10:48:45,77.65,4300,77.7,D
sz002409,雅克科技,2025-10-20 10:48:54,77.75,5900,77.7,E
sz002409,雅克科技,2025-10-20 10:48:57,77.9,23700,77.75,U
sz002409,雅克科技,2025-10-20 10:49:03,77.9,6500,77.9,U
sz002409,雅克科技,2025-10-20 10:49:06,77.83,27800,77.9,D
sz002409,雅克科技,2025-10-20 10:49:21,77.66,15100,77.76,E
sz002409,雅克科技,2025-10-20 10:49:30,77.66,4300,77.64,U
sz002409,雅克科技,2025-10-20 10:49:36,77.55,3200,77.66,D
sz002409,雅克科技,2025-10-20 10:49:39,77.55,5100,77.55,U
sz002409,雅克科技,2025-10-20 10:50:12,77.52,5200,77.53,D
sz002409,雅克科技,2025-10-20 10:50:21,77.52,2700,77.52,D
sz002409,雅克科技,2025-10-20 10:50:24,77.51,4900,77.52,D
sz002409,雅克科技,2025-10-20 10:50:30,77.5,3700,77.51,D
sz002409,雅克科技,2025-10-20 10:50:33,77.49,4100,77.5,D
sz002409,雅克科技,2025-10-20 10:50:39,77.65,21300,77.49,U
sz002409,雅克科技,2025-10-20 10:50:42,77.57,2700,77.65,D
sz002409,雅克科技,2025-10-20 10:50:48,77.57,2800,77.58,D
sz002409,雅克科技,2025-10-20 10:50:54,77.51,8200,77.54,D
sz002409,雅克科技,2025-10-20 10:50:57,77.64,15000,77.51,U
sz002409,雅克科技,2025-10-20 10:51:00,77.6,12600,77.64,U
sz002409,雅克科技,2025-10-20 10:51:03,77.56,21800,77.6,E
sz002409,雅克科技,2025-10-20 10:51:27,77.53,6100,77.62,D
sz002409,雅克科技,2025-10-20 10:51:39,77.66,3900,77.61,U
sz002409,雅克科技,2025-10-20 10:52:00,77.61,2700,77.63,D
sz002409,雅克科技,2025-10-20 10:52:03,77.56,16900,77.61,D
sz002409,雅克科技,2025-10-20 10:52:12,77.53,6700,77.53,E
sz002409,雅克科技,2025-10-20 10:52:18,77.3,15700,77.53,D
sz002409,雅克科技,2025-10-20 10:52:48,77.4,2900,77.35,U
sz002409,雅克科技,2025-10-20 10:52:54,77.4,3400,77.4,U
sz002409,雅克科技,2025-10-20 10:53:03,77.35,6800,77.35,D
sz002409,雅克科技,2025-10-20 10:53:06,77.3,5900,77.35,D
sz002409,雅克科技,2025-10-20 10:53:18,77.23,5700,77.26,D
sz002409,雅克科技,2025-10-20 10:53:21,77.2,34200,77.23,D
sz002409,雅克科技,2025-10-20 10:53:24,77.19,5100,77.2,D
sz002409,雅克科技,2025-10-20 10:53:30,77.13,5300,77.2,D
sz002409,雅克科技,2025-10-20 10:53:36,77.11,2900,77.13,E
sz002409,雅克科技,2025-10-20 10:53:39,77.01,5200,77.11,D
sz002409,雅克科技,2025-10-20 10:53:42,77.1,3200,77.01,U
sz002409,雅克科技,2025-10-20 10:53:48,77.17,5000,77.11,U
sz002409,雅克科技,2025-10-20 10:53:51,77.18,5400,77.17,U
sz002409,雅克科技,2025-10-20 10:53:54,77.12,3500,77.18,D
sz002409,雅克科技,2025-10-20 10:54:00,77.24,5000,77.12,E
sz002409,雅克科技,2025-10-20 10:54:18,77.16,2700,77.16,D
sz002409,雅克科技,2025-10-20 10:54:21,77.19,7500,77.16,U
sz002409,雅克科技,2025-10-20 10:54:24,77.15,4000,77.19,D
sz002409,雅克科技,2025-10-20 10:54:30,77.15,3800,77.2,D
sz002409,雅克科技,2025-10-20 10:54:33,77.19,5500,77.15,E
sz002409,雅克科技,2025-10-20 10:54:42,77.16,5900,77.13,U
sz002409,雅克科技,2025-10-20 10:54:48,77.14,4800,77.14,D
sz002409,雅克科技,2025-10-20 10:55:03,77.12,6700,77.13,D
sz002409,雅克科技,2025-10-20 10:55:06,77.01,6600,77.12,D
sz002409,雅克科技,2025-10-20 10:55:12,77.04,4700,77.01,E
sz002409,雅克科技,2025-10-20 10:55:15,77.14,11000,77.04,U
sz002409,雅克科技,2025-10-20 10:55:24,77.05,7600,77.05,D
sz002409,雅克科技,2025-10-20 10:55:48,76.98,11500,77.03,D
sz002409,雅克科技,2025-10-20 10:56:00,77.0,7700,77.02,D
sz002409,雅克科技,2025-10-20 10:56:06,77.0,3400,76.98,U
sz002409,雅克科技,2025-10-20 10:56:15,77.02,2700,76.99,U
sz002409,雅克科技,2025-10-20 10:56:21,77.0,6200,77.03,E
sz002409,雅克科技,2025-10-20 10:56:36,77.0,3800,77.03,E
sz002409,雅克科技,2025-10-20 10:56:45,76.98,5300,77.0,D
sz002409,雅克科技,2025-10-20 10:56:51,76.97,4200,76.99,D
sz002409,雅克科技,2025-10-20 10:57:09,76.97,6800,76.97,D
sz002409,雅克科技,2025-10-20 10:57:21,77.0,3800,77.01,E
sz002409,雅克科技,2025-10-20 10:57:30,77.0,2900,77.0,U
sz002409,雅克科技,2025-10-20 10:57:36,77.06,5400,77.01,U
sz002409,雅克科技,2025-10-20 10:57:39,77.0,3600,77.06,D
sz002409,雅克科技,2025-10-20 10:57:42,77.07,33800,77.0,U
sz002409,雅克科技,2025-10-20 10:57:54,76.96,3000,76.95,U
sz002409,雅克科技,2025-10-20 10:58:27,77.0,6500,77.0,D
sz002409,雅克科技,2025-10-20 10:58:39,77.02,6700,77.07,E
sz002409,雅克科技,2025-10-20 10:58:42,76.98,30300,77.02,D
sz002409,雅克科技,2025-10-20 10:58:51,76.98,3000,76.98,E
sz002409,雅克科技,2025-10-20 10:59:00,76.98,6900,76.91,U
sz002409,雅克科技,2025-10-20 10:59:15,76.9,15200,76.94,D
sz002409,雅克科技,2025-10-20 10:59:18,76.87,12300,76.9,D
sz002409,雅克科技,2025-10-20 10:59:21,76.82,6300,76.87,D
sz002409,雅克科技,2025-10-20 10:59:24,76.83,4700,76.82,E
sz002409,雅克科技,2025-10-20 10:59:27,76.88,8700,76.83,U
sz002409,雅克科技,2025-10-20 10:59:30,76.9,5200,76.88,U
sz002409,雅克科技,2025-10-20 10:59:36,76.91,3100,76.91,U
sz002409,雅克科技,2025-10-20 10:59:45,76.88,17100,76.91,D
sz002409,雅克科技,2025-10-20 10:59:48,76.92,7400,76.88,E
sz002409,雅克科技,2025-10-20 10:59:54,77.0,3800,77.0,U
sz002409,雅克科技,2025-10-20 11:00:03,77.0,3600,77.0,U
sz002409,雅克科技,2025-10-20 11:00:09,77.01,4300,76.95,U
sz002409,雅克科技,2025-10-20 11:00:12,77.02,4700,77.01,E
sz002409,雅克科技,2025-10-20 11:00:15,77.0,4200,77.02,E
sz002409,雅克科技,2025-10-20 11:00:21,77.08,4000,77.0,U
sz002409,雅克科技,2025-10-20 11:00:27,77.16,34100,77.08,U
sz002409,雅克科技,2025-10-20 11:00:30,77.1,14200,77.16,D
sz002409,雅克科技,2025-10-20 11:00:39,77.13,5700,77.13,E
sz002409,雅克科技,2025-10-20 11:00:48,77.13,11800,77.09,U
sz002409,雅克科技,2025-10-20 11:00:51,77.0,10000,77.13,D
sz002409,雅克科技,2025-10-20 11:00:57,77.09,3300,77.07,U
sz002409,雅克科技,2025-10-20 11:01:06,76.99,7400,77.0,D
sz002409,雅克科技,2025-10-20 11:01:12,77.0,5100,76.99,U
sz002409,雅克科技,2025-10-20 11:01:24,76.92,7700,76.99,D
sz002409,雅克科技,2025-10-20 11:01:33,76.86,5100,76.86,U
sz002409,雅克科技,2025-10-20 11:01:48,76.87,2700,76.87,U
sz002409,雅克科技,2025-10-20 11:01:57,76.93,9700,76.91,U
sz002409,雅克科技,2025-10-20 11:02:06,76.94,3500,76.94,D
sz002409,雅克科技,2025-10-20 11:02:30,76.9,3400,76.92,D
sz002409,雅克科技,2025-10-20 11:02:39,76.9,2800,76.89,U
sz002409,雅克科技,2025-10-20 11:02:48,76.94,3200,76.93,U
sz002409,雅克科技,2025-10-20 11:03:06,76.93,3300,76.96,D
sz002409,雅克科技,2025-10-20 11:04:48,76.8,8300,76.83,D
sz002409,雅克科技,2025-10-20 11:04:51,76.8,7200,76.8,D
sz002409,雅克科技,2025-10-20 11:05:06,76.8,9100,76.83,D
sz002409,雅克科技,2025-10-20 11:05:09,76.79,17600,76.8,D
sz002409,雅克科技,2025-10-20 11:05:12,76.79,4800,76.79,D
sz002409,雅克科技,2025-10-20 11:05:24,76.79,4200,76.79,D
sz002409,雅克科技,2025-10-20 11:05:33,76.81,10500,76.78,U
sz002409,雅克科技,2025-10-20 11:05:39,76.78,11000,76.78,U
sz002409,雅克科技,2025-10-20 11:05:42,76.78,12000,76.78,U
sz002409,雅克科技,2025-10-20 11:06:00,76.83,4500,76.79,U
sz002409,雅克科技,2025-10-20 11:06:30,76.79,2700,76.8,D
sz002409,雅克科技,2025-10-20 11:06:33,76.79,3600,76.79,U
sz002409,雅克科技,2025-10-20 11:06:36,76.83,4300,76.79,U
sz002409,雅克科技,2025-10-20 11:07:03,76.78,6600,76.82,D
sz002409,雅克科技,2025-10-20 11:07:12,76.78,3300,76.79,D
sz002409,雅克科技,2025-10-20 11:07:24,76.77,11400,76.78,D
sz002409,雅克科技,2025-10-20 11:07:36,76.77,6900,76.78,D
sz002409,雅克科技,2025-10-20 11:07:42,76.78,4000,76.77,U
sz002409,雅克科技,2025-10-20 11:08:06,76.8,5900,76.79,U
sz002409,雅克科技,2025-10-20 11:08:54,76.8,2768,76.77,U
sz002409,雅克科技,2025-10-20 11:08:57,76.83,11700,76.8,U
sz002409,雅克科技,2025-10-20 11:09:00,76.96,17600,76.83,U
sz002409,雅克科技,2025-10-20 11:09:36,76.93,2800,76.94,D
sz002409,雅克科技,2025-10-20 11:10:06,76.86,3400,76.89,D
sz002409,雅克科技,2025-10-20 11:11:00,76.98,6800,76.98,E
sz002409,雅克科技,2025-10-20 11:11:09,76.99,3100,76.98,U
sz002409,雅克科技,2025-10-20 11:11:18,77.01,7300,76.99,U
sz002409,雅克科技,2025-10-20 11:11:36,77.01,2900,77.02,D
sz002409,雅克科技,2025-10-20 11:11:45,77.01,5700,77.01,U
sz002409,雅克科技,2025-10-20 11:11:54,77.04,2600,76.96,U
sz002409,雅克科技,2025-10-20 11:12:06,76.9,3100,76.97,D
sz002409,雅克科技,2025-10-20 11:12:24,77.0,2700,76.93,U
sz002409,雅克科技,2025-10-20 11:12:39,77.0,6600,76.98,U
sz002409,雅克科技,2025-10-20 11:12:57,76.99,10200,77.0,E
sz002409,雅克科技,2025-10-20 11:13:03,76.9,3000,76.9,U
sz002409,雅克科技,2025-10-20 11:13:18,76.89,9800,76.92,D
sz002409,雅克科技,2025-10-20 11:13:21,76.98,15300,76.89,U
sz002409,雅克科技,2025-10-20 11:14:00,76.85,5600,76.92,D
sz002409,雅克科技,2025-10-20 11:14:21,76.81,4100,76.81,D
sz002409,雅克科技,2025-10-20 11:14:39,76.82,3700,76.83,D
sz002409,雅克科技,2025-10-20 11:15:15,76.7,145832,76.9,D
sz002409,雅克科技,2025-10-20 11:15:18,76.7,25700,76.7,D
sz002409,雅克科技,2025-10-20 11:16:09,76.65,8400,76.6,U
sz002409,雅克科技,2025-10-20 11:16:12,76.65,4300,76.65,U
sz002409,雅克科技,2025-10-20 11:16:45,76.72,8700,76.73,E
sz002409,雅克科技,2025-10-20 11:16:54,76.66,3700,76.69,D
sz002409,雅克科技,2025-10-20 11:17:09,76.65,6000,76.72,D
sz002409,雅克科技,2025-10-20 11:18:42,76.78,6800,76.78,U
sz002409,雅克科技,2025-10-20 11:19:06,76.83,2800,76.8,U
sz002409,雅克科技,2025-10-20 11:19:30,76.89,9600,76.82,U
sz002409,雅克科技,2025-10-20 11:19:33,76.91,3500,76.89,U
sz002409,雅克科技,2025-10-20 11:20:54,76.91,5900,76.9,U
sz002409,雅克科技,2025-10-20 11:21:09,76.82,6800,76.87,D
sz002409,雅克科技,2025-10-20 11:21:12,76.82,8800,76.82,D
sz002409,雅克科技,2025-10-20 11:21:18,76.8,2900,76.8,U
sz002409,雅克科技,2025-10-20 11:21:36,76.78,4100,76.78,U
sz002409,雅克科技,2025-10-20 11:21:57,76.71,23200,76.71,D
sz002409,雅克科技,2025-10-20 11:23:39,76.69,3100,76.71,D
sz002409,雅克科技,2025-10-20 11:23:51,76.65,6300,76.66,D
sz002409,雅克科技,2025-10-20 11:23:54,76.76,6200,76.65,U
sz002409,雅克科技,2025-10-20 11:24:00,76.6,3900,76.76,D
sz002409,雅克科技,2025-10-20 11:24:03,76.66,7000,76.6,U
sz002409,雅克科技,2025-10-20 11:24:15,76.57,3700,76.58,U
sz002409,雅克科技,2025-10-20 11:24:18,76.56,3800,76.57,E
sz002409,雅克科技,2025-10-20 11:25:30,76.6,2700,76.61,D
sz002409,雅克科技,2025-10-20 11:25:42,76.6,2900,76.6,U
sz002409,雅克科技,2025-10-20 11:26:00,76.6,3600,76.6,D
sz002409,雅克科技,2025-10-20 11:26:39,76.61,4000,76.61,U
sz002409,雅克科技,2025-10-20 11:27:15,76.66,12100,76.59,U
sz002409,雅克科技,2025-10-20 11:27:21,76.69,2900,76.68,U
sz002409,雅克科技,2025-10-20 11:27:39,76.69,4400,76.69,D
sz002409,雅克科技,2025-10-20 11:27:57,76.71,3000,76.7,U
sz002409,雅克科技,2025-10-20 11:28:06,76.63,5000,76.71,D
sz002409,雅克科技,2025-10-20 11:28:39,76.6,4300,76.68,D
sz002409,雅克科技,2025-10-20 11:28:51,76.66,5100,76.6,U
sz002409,雅克科技,2025-10-20 11:28:57,76.66,3600,76.66,U
sz002409,雅克科技,2025-10-20 13:00:00,76.6,30300,76.6,D
sz002409,雅克科技,2025-10-20 13:00:03,76.5,10700,76.6,D
sz002409,雅克科技,2025-10-20 13:00:06,76.5,22100,76.5,D
sz002409,雅克科技,2025-10-20 13:00:09,76.43,17400,76.5,D
sz002409,雅克科技,2025-10-20 13:00:12,76.4,4000,76.43,D
sz002409,雅克科技,2025-10-20 13:00:15,76.38,3000,76.4,D
sz002409,雅克科技,2025-10-20 13:00:21,76.3,12100,76.37,D
sz002409,雅克科技,2025-10-20 13:00:24,76.26,7100,76.3,D
sz002409,雅克科技,2025-10-20 13:00:57,76.2,4100,76.2,D
sz002409,雅克科技,2025-10-20 13:01:21,76.1,6100,76.18,D
sz002409,雅克科技,2025-10-20 13:01:39,76.22,12600,76.18,U
sz002409,雅克科技,2025-10-20 13:01:42,76.09,17100,76.22,D
sz002409,雅克科技,2025-10-20 13:02:03,76.21,5200,76.25,D
sz002409,雅克科技,2025-10-20 13:02:15,76.2,44800,76.21,E
sz002409,雅克科技,2025-10-20 13:02:18,76.1,5900,76.2,D
sz002409,雅克科技,2025-10-20 13:02:30,76.2,4000,76.03,U
sz002409,雅克科技,2025-10-20 13:02:39,76.2,2800,76.2,D
sz002409,雅克科技,2025-10-20 13:03:15,76.31,5500,76.29,U
sz002409,雅克科技,2025-10-20 13:03:33,76.32,3200,76.38,D
sz002409,雅克科技,2025-10-20 13:03:36,76.39,3800,76.32,U
sz002409,雅克科技,2025-10-20 13:03:48,76.37,4400,76.33,E
sz002409,雅克科技,2025-10-20 13:04:03,76.2,19900,76.32,D
sz002409,雅克科技,2025-10-20 13:04:27,76.2,5700,76.28,D
sz002409,雅克科技,2025-10-20 13:04:48,76.21,8400,76.2,E
sz002409,雅克科技,2025-10-20 13:05:30,76.06,4400,76.1,D
sz002409,雅克科技,2025-10-20 13:05:39,76.01,10000,76.03,D
sz002409,雅克科技,2025-10-20 13:05:48,76.13,24900,76.04,U
sz002409,雅克科技,2025-10-20 13:06:06,76.12,5800,76.14,D
sz002409,雅克科技,2025-10-20 13:06:12,76.24,11000,76.2,U
sz002409,雅克科技,2025-10-20 13:06:15,76.28,4000,76.24,U
sz002409,雅克科技,2025-10-20 13:06:36,76.29,4400,76.24,U
sz002409,雅克科技,2025-10-20 13:06:51,76.25,3100,76.26,D
sz002409,雅克科技,2025-10-20 13:07:45,76.23,5600,76.23,U
sz002409,雅克科技,2025-10-20 13:07:51,76.25,9300,76.22,U
sz002409,雅克科技,2025-10-20 13:07:54,76.26,7600,76.25,U
sz002409,雅克科技,2025-10-20 13:07:57,76.22,10100,76.26,D
sz002409,雅克科技,2025-10-20 13:08:09,76.22,2900,76.26,D
sz002409,雅克科技,2025-10-20 13:08:12,76.15,6000,76.22,D
sz002409,雅克科技,2025-10-20 13:08:15,76.28,4700,76.15,U
sz002409,雅克科技,2025-10-20 13:08:27,76.24,3100,76.24,D
sz002409,雅克科技,2025-10-20 13:10:03,76.2,5600,76.21,D
sz002409,雅克科技,2025-10-20 13:10:06,76.18,7400,76.2,D
sz002409,雅克科技,2025-10-20 13:10:09,76.15,3000,76.18,D
sz002409,雅克科技,2025-10-20 13:11:00,76.16,4100,76.16,D
sz002409,雅克科技,2025-10-20 13:11:03,76.16,2900,76.16,D
sz002409,雅克科技,2025-10-20 13:11:06,76.12,4100,76.16,D
sz002409,雅克科技,2025-10-20 13:11:18,76.09,7000,76.15,D
sz002409,雅克科技,2025-10-20 13:11:27,76.1,5400,76.08,U
sz002409,雅克科技,2025-10-20 13:11:42,76.11,3000,76.11,D
sz002409,雅克科技,2025-10-20 13:11:45,76.16,7300,76.11,U
sz002409,雅克科技,2025-10-20 13:12:03,76.1,4500,76.07,U
sz002409,雅克科技,2025-10-20 13:12:06,76.02,3600,76.1,D
sz002409,雅克科技,2025-10-20 13:12:09,76.05,3700,76.02,U
sz002409,雅克科技,2025-10-20 13:12:12,76.01,5500,76.05,D
sz002409,雅克科技,2025-10-20 13:12:15,76.01,4400,76.01,D
sz002409,雅克科技,2025-10-20 13:12:24,76.0,11000,76.0,D
sz002409,雅克科技,2025-10-20 13:12:27,75.99,15600,76.0,D
sz002409,雅克科技,2025-10-20 13:12:36,75.95,2900,75.99,D
sz002409,雅克科技,2025-10-20 13:12:39,76.03,6400,75.95,U
sz002409,雅克科技,2025-10-20 13:12:42,75.98,4100,76.03,D
sz002409,雅克科技,2025-10-20 13:13:09,76.03,3400,76.02,D
sz002409,雅克科技,2025-10-20 13:13:24,76.06,2900,76.05,D
sz002409,雅克科技,2025-10-20 13:13:30,76.1,7900,76.1,U
sz002409,雅克科技,2025-10-20 13:13:54,76.06,9500,76.07,D
sz002409,雅克科技,2025-10-20 13:14:12,76.2,19100,76.15,U
sz002409,雅克科技,2025-10-20 13:14:15,76.19,3500,76.2,E
sz002409,雅克科技,2025-10-20 13:14:27,76.16,3700,76.11,U
sz002409,雅克科技,2025-10-20 13:14:42,76.1,2900,76.11,D
sz002409,雅克科技,2025-10-20 13:14:54,76.1,4600,76.1,D
sz002409,雅克科技,2025-10-20 13:15:06,76.11,3800,76.1,E
sz002409,雅克科技,2025-10-20 13:15:48,76.2,9800,76.2,U
sz002409,雅克科技,2025-10-20 13:16:00,76.18,9900,76.2,E
sz002409,雅克科技,2025-10-20 13:16:03,76.15,8100,76.18,E
sz002409,雅克科技,2025-10-20 13:16:18,76.24,16700,76.18,U
sz002409,雅克科技,2025-10-20 13:16:21,76.27,2800,76.24,U
sz002409,雅克科技,2025-10-20 13:17:09,76.2,3400,76.21,D
sz002409,雅克科技,2025-10-20 13:17:12,76.2,10200,76.2,E
sz002409,雅克科技,2025-10-20 13:18:06,76.06,3900,76.11,D
sz002409,雅克科技,2025-10-20 13:18:51,76.07,3200,76.06,U
sz002409,雅克科技,2025-10-20 13:18:54,76.11,5800,76.07,U
sz002409,雅克科技,2025-10-20 13:18:57,76.14,4000,76.11,U
sz002409,雅克科技,2025-10-20 13:19:30,76.16,6500,76.13,U
sz002409,雅克科技,2025-10-20 13:20:21,76.09,2700,76.07,U
sz002409,雅克科技,2025-10-20 13:20:36,76.12,4200,76.12,U
sz002409,雅克科技,2025-10-20 13:21:06,76.17,3700,76.14,U
sz002409,雅克科技,2025-10-20 13:21:09,76.13,12600,76.17,D
sz002409,雅克科技,2025-10-20 13:21:15,76.18,4800,76.17,U
sz002409,雅克科技,2025-10-20 13:21:18,76.2,9300,76.18,U
sz002409,雅克科技,2025-10-20 13:21:24,76.18,6700,76.2,D
sz002409,雅克科技,2025-10-20 13:22:03,76.13,6000,76.13,U
sz002409,雅克科技,2025-10-20 13:22:09,76.12,5200,76.18,D
sz002409,雅克科技,2025-10-20 13:22:48,76.17,7000,76.17,U
sz002409,雅克科技,2025-10-20 13:22:57,76.18,3500,76.17,U
sz002409,雅克科技,2025-10-20 13:23:00,76.18,2700,76.18,D
sz002409,雅克科技,2025-10-20 13:23:09,76.12,2900,76.18,D
sz002409,雅克科技,2025-10-20 13:23:15,76.1,5000,76.12,D
sz002409,雅克科技,2025-10-20 13:23:42,76.17,3000,76.12,U
sz002409,雅克科技,2025-10-20 13:23:54,76.1,3100,76.12,D
sz002409,雅克科技,2025-10-20 13:24:09,76.15,6900,76.1,U
sz002409,雅克科技,2025-10-20 13:25:00,76.09,5900,76.12,D
sz002409,雅克科技,2025-10-20 13:25:03,76.13,3700,76.09,U
sz002409,雅克科技,2025-10-20 13:26:03,76.06,6300,76.04,U
sz002409,雅克科技,2025-10-20 13:26:12,76.09,2800,76.08,U
sz002409,雅克科技,2025-10-20 13:26:27,76.06,4500,76.1,D
sz002409,雅克科技,2025-10-20 13:26:30,76.06,3600,76.06,U
sz002409,雅克科技,2025-10-20 13:26:45,76.1,4100,76.12,D
sz002409,雅克科技,2025-10-20 13:27:18,76.08,3600,76.08,D
sz002409,雅克科技,2025-10-20 13:27:27,76.09,4100,76.09,D
sz002409,雅克科技,2025-10-20 13:28:33,76.04,11300,76.09,D
sz002409,雅克科技,2025-10-20 13:28:42,76.04,3000,76.04,D
sz002409,雅克科技,2025-10-20 13:28:48,76.04,2900,76.05,D
sz002409,雅克科技,2025-10-20 13:28:51,76.08,5300,76.04,U
sz002409,雅克科技,2025-10-20 13:28:57,76.05,3200,76.08,D
sz002409,雅克科技,2025-10-20 13:29:15,76.07,3900,76.04,U
sz002409,雅克科技,2025-10-20 13:29:18,76.08,9900,76.07,E
sz002409,雅克科技,2025-10-20 13:29:21,76.14,3400,76.08,U
sz002409,雅克科技,2025-10-20 13:29:30,76.08,6700,76.1,D
sz002409,雅克科技,2025-10-20 13:29:51,76.18,10000,76.16,U
sz002409,雅克科技,2025-10-20 13:29:57,76.24,3300,76.23,U
sz002409,雅克科技,2025-10-20 13:30:51,76.18,3000,76.22,D
sz002409,雅克科技,2025-10-20 13:30:54,76.25,5300,76.18,U
sz002409,雅克科技,2025-10-20 13:32:00,76.16,13700,76.17,D
sz002409,雅克科技,2025-10-20 13:32:03,76.14,7700,76.16,D
sz002409,雅克科技,2025-10-20 13:32:06,76.18,4600,76.14,U
sz002409,雅克科技,2025-10-20 13:32:48,76.17,5100,76.13,U
sz002409,雅克科技,2025-10-20 13:32:51,76.18,3400,76.17,U
sz002409,雅克科技,2025-10-20 13:33:33,76.12,3100,76.1,U
sz002409,雅克科技,2025-10-20 13:33:36,76.12,5200,76.12,D
sz002409,雅克科技,2025-10-20 13:33:54,76.07,5900,76.11,D
sz002409,雅克科技,2025-10-20 13:34:00,76.06,5600,76.07,D
sz002409,雅克科技,2025-10-20 13:34:12,76.05,3200,76.05,U
sz002409,雅克科技,2025-10-20 13:34:21,76.0,13600,76.03,D
sz002409,雅克科技,2025-10-20 13:34:24,75.98,9600,76.0,D
sz002409,雅克科技,2025-10-20 13:34:30,75.95,2700,75.99,D
sz002409,雅克科技,2025-10-20 13:34:36,75.94,5200,75.94,U
sz002409,雅克科技,2025-10-20 13:34:42,75.95,3100,75.94,E
sz002409,雅克科技,2025-10-20 13:34:51,75.98,5200,75.95,U
sz002409,雅克科技,2025-10-20 13:34:57,76.1,21300,75.96,U
sz002409,雅克科技,2025-10-20 13:35:06,76.11,10800,76.08,E
sz002409,雅克科技,2025-10-20 13:35:09,76.19,25200,76.11,U
sz002409,雅克科技,2025-10-20 13:35:51,76.15,6000,76.15,U
sz002409,雅克科技,2025-10-20 13:36:00,76.13,3400,76.15,D
sz002409,雅克科技,2025-10-20 13:36:09,76.12,2800,76.15,D
sz002409,雅克科技,2025-10-20 13:36:45,76.09,3000,76.11,D
sz002409,雅克科技,2025-10-20 13:36:48,76.12,9400,76.09,U
sz002409,雅克科技,2025-10-20 13:36:54,76.17,12700,76.15,U
sz002409,雅克科技,2025-10-20 13:37:06,76.21,3400,76.2,U
sz002409,雅克科技,2025-10-20 13:38:21,76.14,6400,76.19,D
sz002409,雅克科技,2025-10-20 13:38:27,76.01,3400,76.12,D
sz002409,雅克科技,2025-10-20 13:39:00,76.0,10400,76.1,D
sz002409,雅克科技,2025-10-20 13:40:00,76.04,5700,76.04,U
sz002409,雅克科技,2025-10-20 13:41:03,76.03,10400,76.11,D
sz002409,雅克科技,2025-10-20 13:42:36,76.03,10700,75.97,U
sz002409,雅克科技,2025-10-20 13:44:09,75.96,6100,75.98,D
sz002409,雅克科技,2025-10-20 13:44:30,75.93,3500,75.92,U
sz002409,雅克科技,2025-10-20 13:44:33,75.92,4500,75.93,D
sz002409,雅克科技,2025-10-20 13:44:36,75.92,4400,75.92,D
sz002409,雅克科技,2025-10-20 13:44:45,75.92,5800,75.93,D
sz002409,雅克科技,2025-10-20 13:45:09,75.79,29400,75.91,D
sz002409,雅克科技,2025-10-20 13:45:54,75.81,7300,75.79,U
sz002409,雅克科技,2025-10-20 13:45:57,75.84,2900,75.81,U
sz002409,雅克科技,2025-10-20 13:46:00,75.91,5500,75.84,U
sz002409,雅克科技,2025-10-20 13:46:09,75.91,6700,75.91,U
sz002409,雅克科技,2025-10-20 13:46:15,75.9,3100,75.91,E
sz002409,雅克科技,2025-10-20 13:46:30,75.9,5600,75.9,U
sz002409,雅克科技,2025-10-20 13:47:12,75.89,7100,75.88,U
sz002409,雅克科技,2025-10-20 13:47:18,75.89,4400,75.9,D
sz002409,雅克科技,2025-10-20 13:47:42,75.92,25000,75.9,U
sz002409,雅克科技,2025-10-20 13:48:12,76.11,3000,76.08,U
sz002409,雅克科技,2025-10-20 13:48:15,76.03,3000,76.11,D
sz002409,雅克科技,2025-10-20 13:48:21,76.04,3600,76.0,U
sz002409,雅克科技,2025-10-20 13:48:24,76.05,3300,76.04,U
sz002409,雅克科技,2025-10-20 13:50:30,75.95,6100,75.95,D
sz002409,雅克科技,2025-10-20 13:50:39,75.91,7700,75.93,D
sz002409,雅克科技,2025-10-20 13:51:03,75.91,3900,75.88,U
sz002409,雅克科技,2025-10-20 13:51:57,75.99,4200,75.97,U
sz002409,雅克科技,2025-10-20 13:52:48,76.0,2800,76.0,U
sz002409,雅克科技,2025-10-20 13:52:51,76.0,3700,76.0,U
sz002409,雅克科技,2025-10-20 13:52:54,76.0,10600,76.0,U
sz002409,雅克科技,2025-10-20 13:53:06,76.07,3700,76.01,U
sz002409,雅克科技,2025-10-20 13:53:09,76.0,4300,76.07,D
sz002409,雅克科技,2025-10-20 13:53:12,76.08,2900,76.0,U
sz002409,雅克科技,2025-10-20 13:53:36,76.04,6600,76.04,U
sz002409,雅克科技,2025-10-20 13:54:03,76.0,2800,76.04,D
sz002409,雅克科技,2025-10-20 13:55:03,75.97,7100,76.01,D
sz002409,雅克科技,2025-10-20 13:55:33,75.9,7800,75.91,D
sz002409,雅克科技,2025-10-20 13:55:42,75.89,3500,75.91,U
sz002409,雅克科技,2025-10-20 13:55:45,75.93,3200,75.89,U
sz002409,雅克科技,2025-10-20 13:55:51,75.92,10600,75.94,D
sz002409,雅克科技,2025-10-20 13:57:33,75.82,3800,75.83,D
sz002409,雅克科技,2025-10-20 13:57:36,75.83,6700,75.82,U
sz002409,雅克科技,2025-10-20 13:57:42,75.77,4600,75.77,D
sz002409,雅克科技,2025-10-20 13:58:03,75.77,3000,75.76,U
sz002409,雅克科技,2025-10-20 13:58:09,75.77,5800,75.8,D
sz002409,雅克科技,2025-10-20 13:58:15,75.83,5300,75.81,U
sz002409,雅克科技,2025-10-20 13:58:21,75.78,2700,75.83,D
sz002409,雅克科技,2025-10-20 13:59:27,76.0,3100,75.97,U
sz002409,雅克科技,2025-10-20 13:59:51,75.97,7000,75.91,E
sz002409,雅克科技,2025-10-20 13:59:54,75.81,8600,75.97,D
sz002409,雅克科技,2025-10-20 13:59:57,75.98,4400,75.81,U
sz002409,雅克科技,2025-10-20 14:00:33,75.92,3600,75.92,D
sz002409,雅克科技,2025-10-20 14:00:39,75.9,4000,75.9,E
sz002409,雅克科技,2025-10-20 14:00:42,76.04,32700,75.9,U
sz002409,雅克科技,2025-10-20 14:00:45,75.95,6400,76.04,D
sz002409,雅克科技,2025-10-20 14:01:54,75.99,34400,75.88,U
sz002409,雅克科技,2025-10-20 14:03:18,75.97,2700,75.99,D
sz002409,雅克科技,2025-10-20 14:03:42,75.87,3800,75.89,D
sz002409,雅克科技,2025-10-20 14:03:57,75.82,3400,75.83,D
sz002409,雅克科技,2025-10-20 14:04:00,75.8,7000,75.82,D
sz002409,雅克科技,2025-10-20 14:04:03,75.94,6500,75.8,U
sz002409,雅克科技,2025-10-20 14:04:06,75.97,17300,75.94,U
sz002409,雅克科技,2025-10-20 14:04:36,75.87,3500,75.89,D
sz002409,雅克科技,2025-10-20 14:04:45,75.89,4800,75.81,U
sz002409,雅克科技,2025-10-20 14:04:48,75.95,6300,75.89,U
sz002409,雅克科技,2025-10-20 14:05:39,75.97,2900,76.0,D
sz002409,雅克科技,2025-10-20 14:05:48,75.85,4500,75.9,D
sz002409,雅克科技,2025-10-20 14:06:03,75.84,8700,75.91,E
sz002409,雅克科技,2025-10-20 14:06:33,75.86,3200,75.8,U
sz002409,雅克科技,2025-10-20 14:08:18,75.75,11800,75.77,D
sz002409,雅克科技,2025-10-20 14:08:39,75.76,5100,75.77,D
sz002409,雅克科技,2025-10-20 14:08:45,75.76,2800,75.79,D
sz002409,雅克科技,2025-10-20 14:09:09,75.83,2900,75.85,D
sz002409,雅克科技,2025-10-20 14:09:51,75.8,7600,75.79,U
sz002409,雅克科技,2025-10-20 14:10:03,75.77,3800,75.78,D
sz002409,雅克科技,2025-10-20 14:10:57,75.71,7700,75.73,D
sz002409,雅克科技,2025-10-20 14:11:03,75.72,6500,75.72,U
sz002409,雅克科技,2025-10-20 14:11:06,75.7,9400,75.72,D
sz002409,雅克科技,2025-10-20 14:11:09,75.68,4900,75.7,D
sz002409,雅克科技,2025-10-20 14:11:12,75.65,4000,75.68,D
sz002409,雅克科技,2025-10-20 14:11:42,75.64,2700,75.63,U
sz002409,雅克科技,2025-10-20 14:11:51,75.61,8600,75.6,U
sz002409,雅克科技,2025-10-20 14:12:03,75.6,2700,75.59,U
sz002409,雅克科技,2025-10-20 14:12:27,75.52,5100,75.52,D
sz002409,雅克科技,2025-10-20 14:12:33,75.54,9200,75.54,U
sz002409,雅克科技,2025-10-20 14:12:36,75.51,4800,75.54,D
sz002409,雅克科技,2025-10-20 14:12:45,75.52,4200,75.51,U
sz002409,雅克科技,2025-10-20 14:12:48,75.52,2800,75.52,E
sz002409,雅克科技,2025-10-20 14:12:51,75.52,5600,75.52,E
sz002409,雅克科技,2025-10-20 14:12:54,75.54,3800,75.52,U
sz002409,雅克科技,2025-10-20 14:13:00,75.5,3300,75.54,D
sz002409,雅克科技,2025-10-20 14:13:06,75.49,4700,75.5,D
sz002409,雅克科技,2025-10-20 14:13:15,75.49,5200,75.48,U
sz002409,雅克科技,2025-10-20 14:13:36,75.47,4300,75.45,U
sz002409,雅克科技,2025-10-20 14:13:45,75.45,7700,75.45,D
sz002409,雅克科技,2025-10-20 14:13:54,75.43,3100,75.45,D
sz002409,雅克科技,2025-10-20 14:14:03,75.47,10700,75.43,U
sz002409,雅克科技,2025-10-20 14:14:06,75.53,34400,75.47,U
sz002409,雅克科技,2025-10-20 14:14:09,75.49,6700,75.53,D
sz002409,雅克科技,2025-10-20 14:14:15,75.52,3500,75.5,U
sz002409,雅克科技,2025-10-20 14:14:27,75.5,6900,75.51,D
sz002409,雅克科技,2025-10-20 14:14:36,75.42,6200,75.53,D
sz002409,雅克科技,2025-10-20 14:14:57,75.56,2900,75.56,U
sz002409,雅克科技,2025-10-20 14:15:03,75.56,17100,75.56,D
sz002409,雅克科技,2025-10-20 14:15:06,75.56,6700,75.56,U
sz002409,雅克科技,2025-10-20 14:15:21,75.56,7000,75.56,U
sz002409,雅克科技,2025-10-20 14:15:27,75.48,3400,75.48,U
sz002409,雅克科技,2025-10-20 14:15:36,75.45,3100,75.46,D
sz002409,雅克科技,2025-10-20 14:15:39,75.45,4600,75.45,D
sz002409,雅克科技,2025-10-20 14:15:48,75.42,15500,75.43,D
sz002409,雅克科技,2025-10-20 14:15:57,75.42,17200,75.4,U
sz002409,雅克科技,2025-10-20 14:16:06,75.51,3100,75.53,D
sz002409,雅克科技,2025-10-20 14:16:09,75.45,5400,75.51,D
sz002409,雅克科技,2025-10-20 14:16:12,75.55,4800,75.45,U
sz002409,雅克科技,2025-10-20 14:16:15,75.56,4300,75.55,E
sz002409,雅克科技,2025-10-20 14:16:42,75.48,3700,75.55,D
sz002409,雅克科技,2025-10-20 14:16:57,75.5,7000,75.51,D
sz002409,雅克科技,2025-10-20 14:17:06,75.51,3400,75.48,U
sz002409,雅克科技,2025-10-20 14:17:09,75.52,2700,75.51,U
sz002409,雅克科技,2025-10-20 14:17:12,75.54,3400,75.52,U
sz002409,雅克科技,2025-10-20 14:17:15,75.52,3400,75.54,D
sz002409,雅克科技,2025-10-20 14:17:18,75.54,5800,75.52,E
sz002409,雅克科技,2025-10-20 14:17:21,75.53,8300,75.54,D
sz002409,雅克科技,2025-10-20 14:17:24,75.53,4600,75.53,D
sz002409,雅克科技,2025-10-20 14:17:27,75.53,3000,75.53,E
sz002409,雅克科技,2025-10-20 14:17:36,75.5,4000,75.53,D
sz002409,雅克科技,2025-10-20 14:17:42,75.48,4200,75.5,D
sz002409,雅克科技,2025-10-20 14:18:18,75.46,2700,75.47,E
sz002409,雅克科技,2025-10-20 14:18:24,75.42,8900,75.45,D
sz002409,雅克科技,2025-10-20 14:18:27,75.42,6300,75.42,U
sz002409,雅克科技,2025-10-20 14:18:30,75.4,13300,75.42,D
sz002409,雅克科技,2025-10-20 14:18:36,75.44,7600,75.4,U
sz002409,雅克科技,2025-10-20 14:18:39,75.45,4000,75.44,U
sz002409,雅克科技,2025-10-20 14:18:42,75.46,12100,75.45,U
sz002409,雅克科技,2025-10-20 14:18:45,75.5,10400,75.46,U
sz002409,雅克科技,2025-10-20 14:19:30,75.38,5000,75.41,D
sz002409,雅克科技,2025-10-20 14:19:33,75.4,10000,75.38,U
sz002409,雅克科技,2025-10-20 14:19:39,75.4,6900,75.38,U
sz002409,雅克科技,2025-10-20 14:19:42,75.37,4300,75.4,D
sz002409,雅克科技,2025-10-20 14:19:45,75.37,3500,75.37,D
sz002409,雅克科技,2025-10-20 14:19:57,75.35,8300,75.35,D
sz002409,雅克科技,2025-10-20 14:20:00,75.37,20400,75.35,U
sz002409,雅克科技,2025-10-20 14:20:21,75.49,9100,75.43,U
sz002409,雅克科技,2025-10-20 14:20:24,75.47,3600,75.49,D
sz002409,雅克科技,2025-10-20 14:20:27,75.51,3800,75.47,U
sz002409,雅克科技,2025-10-20 14:20:57,75.53,18100,75.49,U
sz002409,雅克科技,2025-10-20 14:21:12,75.54,3100,75.56,D
sz002409,雅克科技,2025-10-20 14:21:15,75.56,6800,75.54,U
sz002409,雅克科技,2025-10-20 14:21:21,75.59,8800,75.57,U
sz002409,雅克科技,2025-10-20 14:21:24,75.59,6900,75.59,U
sz002409,雅克科技,2025-10-20 14:21:27,75.61,10600,75.59,U
sz002409,雅克科技,2025-10-20 14:21:30,75.62,6100,75.61,U
sz002409,雅克科技,2025-10-20 14:21:33,75.57,6600,75.62,D
sz002409,雅克科技,2025-10-20 14:21:39,75.62,3000,75.61,U
sz002409,雅克科技,2025-10-20 14:21:51,75.6,4600,75.55,U
sz002409,雅克科技,2025-10-20 14:22:06,75.61,3300,75.59,U
sz002409,雅克科技,2025-10-20 14:22:30,75.66,10700,75.66,U
sz002409,雅克科技,2025-10-20 14:22:33,75.66,5400,75.66,D
sz002409,雅克科技,2025-10-20 14:23:12,75.69,4600,75.69,U
sz002409,雅克科技,2025-10-20 14:23:15,75.69,4300,75.69,U
sz002409,雅克科技,2025-10-20 14:23:18,75.69,4600,75.69,U
sz002409,雅克科技,2025-10-20 14:23:24,75.7,3300,75.7,U
sz002409,雅克科技,2025-10-20 14:23:33,75.69,3300,75.7,D
sz002409,雅克科技,2025-10-20 14:24:09,75.73,3200,75.75,D
sz002409,雅克科技,2025-10-20 14:24:15,75.73,13400,75.73,D
sz002409,雅克科技,2025-10-20 14:24:21,75.69,5700,75.75,D
sz002409,雅克科技,2025-10-20 14:24:24,75.69,3400,75.69,E
sz002409,雅克科技,2025-10-20 14:24:33,75.68,3900,75.69,U
sz002409,雅克科技,2025-10-20 14:24:39,75.7,3200,75.75,D
sz002409,雅克科技,2025-10-20 14:24:45,75.69,3400,75.69,D
sz002409,雅克科技,2025-10-20 14:25:12,75.76,5200,75.74,U
sz002409,雅克科技,2025-10-20 14:25:18,75.78,3000,75.77,U
sz002409,雅克科技,2025-10-20 14:25:24,75.78,3200,75.78,U
sz002409,雅克科技,2025-10-20 14:25:27,75.79,5100,75.78,U
sz002409,雅克科技,2025-10-20 14:25:30,75.81,5800,75.79,U
sz002409,雅克科技,2025-10-20 14:25:39,75.84,12000,75.85,E
sz002409,雅克科技,2025-10-20 14:25:42,75.84,6300,75.84,U
sz002409,雅克科技,2025-10-20 14:25:45,75.8,13800,75.84,D
sz002409,雅克科技,2025-10-20 14:25:48,75.83,3900,75.8,U
sz002409,雅克科技,2025-10-20 14:25:54,75.81,2700,75.81,U
sz002409,雅克科技,2025-10-20 14:25:57,75.78,4000,75.81,D
sz002409,雅克科技,2025-10-20 14:26:24,75.71,3800,75.69,U
sz002409,雅克科技,2025-10-20 14:26:33,75.73,2900,75.7,U
sz002409,雅克科技,2025-10-20 14:26:45,75.69,6400,75.71,D
sz002409,雅克科技,2025-10-20 14:27:03,75.79,11500,75.77,U
sz002409,雅克科技,2025-10-20 14:27:06,75.83,2900,75.79,U
sz002409,雅克科技,2025-10-20 14:27:09,75.86,5000,75.83,U
sz002409,雅克科技,2025-10-20 14:27:57,75.69,3000,75.75,D
sz002409,雅克科技,2025-10-20 14:28:45,75.72,2800,75.72,D
sz002409,雅克科技,2025-10-20 14:29:00,75.68,3200,75.7,D
sz002409,雅克科技,2025-10-20 14:29:18,75.72,3599,75.7,U
sz002409,雅克科技,2025-10-20 14:29:33,75.72,10400,75.74,D
sz002409,雅克科技,2025-10-20 14:29:45,75.65,11100,75.74,D
sz002409,雅克科技,2025-10-20 14:30:15,75.65,7800,75.65,D
sz002409,雅克科技,2025-10-20 14:30:30,75.65,5600,75.66,E
sz002409,雅克科技,2025-10-20 14:30:48,75.55,5300,75.57,D
sz002409,雅克科技,2025-10-20 14:31:00,75.56,3900,75.57,D
sz002409,雅克科技,2025-10-20 14:31:03,75.53,11400,75.56,D
sz002409,雅克科技,2025-10-20 14:31:27,75.49,3900,75.5,D
sz002409,雅克科技,2025-10-20 14:31:36,75.47,4200,75.55,D
sz002409,雅克科技,2025-10-20 14:31:51,75.5,6400,75.5,U
sz002409,雅克科技,2025-10-20 14:32:09,75.65,5200,75.59,U
sz002409,雅克科技,2025-10-20 14:32:42,75.63,5400,75.6,U
sz002409,雅克科技,2025-10-20 14:32:51,75.6,4600,75.6,U
sz002409,雅克科技,2025-10-20 14:32:57,75.61,3500,75.6,U
sz002409,雅克科技,2025-10-20 14:33:00,75.54,7600,75.61,D
sz002409,雅克科技,2025-10-20 14:33:09,75.5,7500,75.56,D
sz002409,雅克科技,2025-10-20 14:33:24,75.44,12300,75.48,D
sz002409,雅克科技,2025-10-20 14:33:33,75.43,2700,75.48,D
sz002409,雅克科技,2025-10-20 14:33:39,75.45,3000,75.44,E
sz002409,雅克科技,2025-10-20 14:34:00,75.49,4700,75.49,U
sz002409,雅克科技,2025-10-20 14:34:15,75.52,3000,75.51,U
sz002409,雅克科技,2025-10-20 14:34:33,75.51,8800,75.51,U
sz002409,雅克科技,2025-10-20 14:34:42,75.51,3200,75.5,U
sz002409,雅克科技,2025-10-20 14:35:03,75.49,3000,75.5,D
sz002409,雅克科技,2025-10-20 14:35:12,75.45,8200,75.48,D
sz002409,雅克科技,2025-10-20 14:35:24,75.44,4000,75.45,D
sz002409,雅克科技,2025-10-20 14:35:27,75.49,3600,75.44,U
sz002409,雅克科技,2025-10-20 14:35:30,75.47,3200,75.49,E
sz002409,雅克科技,2025-10-20 14:35:33,75.5,14200,75.47,U
sz002409,雅克科技,2025-10-20 14:35:36,75.51,20600,75.5,U
sz002409,雅克科技,2025-10-20 14:35:39,75.48,5100,75.51,D
sz002409,雅克科技,2025-10-20 14:36:15,75.48,5500,75.5,D
sz002409,雅克科技,2025-10-20 14:36:21,75.47,6300,75.48,D
sz002409,雅克科技,2025-10-20 14:36:33,75.52,3900,75.5,U
sz002409,雅克科技,2025-10-20 14:37:15,75.46,4100,75.49,D
sz002409,雅克科技,2025-10-20 14:37:21,75.46,6300,75.46,U
sz002409,雅克科技,2025-10-20 14:38:03,75.47,10500,75.49,D
sz002409,雅克科技,2025-10-20 14:38:09,75.55,24900,75.48,U
sz002409,雅克科技,2025-10-20 14:38:15,75.55,4700,75.55,U
sz002409,雅克科技,2025-10-20 14:38:48,75.65,3800,75.62,U
sz002409,雅克科技,2025-10-20 14:38:51,75.64,22400,75.65,U
sz002409,雅克科技,2025-10-20 14:38:54,75.63,2700,75.64,D
sz002409,雅克科技,2025-10-20 14:38:57,75.65,3100,75.63,U
sz002409,雅克科技,2025-10-20 14:39:06,75.67,7900,75.65,U
sz002409,雅克科技,2025-10-20 14:39:09,75.6,3200,75.67,D
sz002409,雅克科技,2025-10-20 14:39:12,75.6,3500,75.6,U
sz002409,雅克科技,2025-10-20 14:39:15,75.6,6000,75.6,U
sz002409,雅克科技,2025-10-20 14:39:18,75.6,4100,75.6,U
sz002409,雅克科技,2025-10-20 14:39:33,75.64,5600,75.63,E
sz002409,雅克科技,2025-10-20 14:40:00,75.61,8300,75.6,E
sz002409,雅克科技,2025-10-20 14:40:09,75.58,3200,75.6,D
sz002409,雅克科技,2025-10-20 14:40:12,75.62,10400,75.58,U
sz002409,雅克科技,2025-10-20 14:40:15,75.62,12800,75.62,U
sz002409,雅克科技,2025-10-20 14:40:18,75.68,28200,75.62,U
sz002409,雅克科技,2025-10-20 14:41:12,75.67,3900,75.66,U
sz002409,雅克科技,2025-10-20 14:41:15,75.66,4900,75.67,D
sz002409,雅克科技,2025-10-20 14:41:48,75.7,3200,75.69,U
sz002409,雅克科技,2025-10-20 14:42:21,75.74,4400,75.71,U
sz002409,雅克科技,2025-10-20 14:43:12,75.74,3400,75.74,U
sz002409,雅克科技,2025-10-20 14:43:54,75.72,3300,75.73,D
sz002409,雅克科技,2025-10-20 14:44:09,75.73,2800,75.72,U
sz002409,雅克科技,2025-10-20 14:44:42,75.74,15700,75.72,U
sz002409,雅克科技,2025-10-20 14:44:45,75.78,20400,75.74,U
sz002409,雅克科技,2025-10-20 14:44:48,75.8,4800,75.78,U
sz002409,雅克科技,2025-10-20 14:44:51,75.83,11430,75.8,U
sz002409,雅克科技,2025-10-20 14:44:54,75.86,5500,75.83,U
sz002409,雅克科技,2025-10-20 14:44:57,75.9,2900,75.86,U
sz002409,雅克科技,2025-10-20 14:45:00,75.92,5700,75.9,U
sz002409,雅克科技,2025-10-20 14:45:03,75.92,12000,75.92,E
sz002409,雅克科技,2025-10-20 14:45:06,75.85,9400,75.92,D
sz002409,雅克科技,2025-10-20 14:45:09,75.83,3900,75.85,D
sz002409,雅克科技,2025-10-20 14:45:57,75.82,5000,75.81,U
sz002409,雅克科技,2025-10-20 14:46:03,75.81,2800,75.81,U
sz002409,雅克科技,2025-10-20 14:46:06,75.76,4200,75.81,D
sz002409,雅克科技,2025-10-20 14:46:18,75.78,9900,75.76,U
sz002409,雅克科技,2025-10-20 14:46:21,75.8,5400,75.78,U
sz002409,雅克科技,2025-10-20 14:46:33,75.77,5900,75.8,D
sz002409,雅克科技,2025-10-20 14:46:39,75.76,11500,75.77,D
sz002409,雅克科技,2025-10-20 14:46:42,75.72,9000,75.76,D
sz002409,雅克科技,2025-10-20 14:46:45,75.73,3600,75.72,U
sz002409,雅克科技,2025-10-20 14:46:48,75.74,18900,75.73,U
sz002409,雅克科技,2025-10-20 14:47:03,75.74,3200,75.73,U
sz002409,雅克科技,2025-10-20 14:47:09,75.75,3200,75.73,U
sz002409,雅克科技,2025-10-20 14:47:27,75.8,5000,75.8,U
sz002409,雅克科技,2025-10-20 14:47:30,75.8,5700,75.8,U
sz002409,雅克科技,2025-10-20 14:47:33,75.79,3500,75.8,D
sz002409,雅克科技,2025-10-20 14:47:36,75.8,5500,75.79,U
sz002409,雅克科技,2025-10-20 14:47:39,75.81,3700,75.8,U
sz002409,雅克科技,2025-10-20 14:48:00,75.83,8300,75.82,U
sz002409,雅克科技,2025-10-20 14:48:03,75.82,3700,75.83,D
sz002409,雅克科技,2025-10-20 14:48:21,75.82,6600,75.82,D
sz002409,雅克科技,2025-10-20 14:48:24,75.83,8300,75.82,U
sz002409,雅克科技,2025-10-20 14:48:36,75.82,4600,75.83,D
sz002409,雅克科技,2025-10-20 14:48:39,75.83,4700,75.82,U
sz002409,雅克科技,2025-10-20 14:48:54,75.8,4500,75.8,D
sz002409,雅克科技,2025-10-20 14:49:06,75.76,4700,75.76,D
sz002409,雅克科技,2025-10-20 14:49:12,75.75,3000,75.78,D
sz002409,雅克科技,2025-10-20 14:49:18,75.76,5000,75.74,U
sz002409,雅克科技,2025-10-20 14:49:21,75.75,3500,75.76,D
sz002409,雅克科技,2025-10-20 14:49:24,75.77,5100,75.75,U
sz002409,雅克科技,2025-10-20 14:50:03,75.82,7800,75.83,E
sz002409,雅克科技,2025-10-20 14:50:09,75.8,10800,75.83,D
sz002409,雅克科技,2025-10-20 14:50:12,75.77,11400,75.8,D
sz002409,雅克科技,2025-10-20 14:50:21,75.75,20500,75.77,D
sz002409,雅克科技,2025-10-20 14:50:24,75.73,3200,75.75,D
sz002409,雅克科技,2025-10-20 14:50:48,75.74,3000,75.75,D
sz002409,雅克科技,2025-10-20 14:51:03,75.75,10700,75.78,D
sz002409,雅克科技,2025-10-20 14:51:06,75.7,11500,75.75,D
sz002409,雅克科技,2025-10-20 14:51:09,75.65,12500,75.7,D
sz002409,雅克科技,2025-10-20 14:51:12,75.64,5500,75.65,D
sz002409,雅克科技,2025-10-20 14:51:27,75.65,2700,75.6,U
sz002409,雅克科技,2025-10-20 14:51:45,75.64,7000,75.67,D
sz002409,雅克科技,2025-10-20 14:52:12,75.66,11200,75.7,D
sz002409,雅克科技,2025-10-20 14:52:15,75.68,3900,75.66,U
sz002409,雅克科技,2025-10-20 14:52:24,75.72,4000,75.69,U
sz002409,雅克科技,2025-10-20 14:52:27,75.7,9500,75.72,D
sz002409,雅克科技,2025-10-20 14:52:30,75.77,15900,75.7,U
sz002409,雅克科技,2025-10-20 14:52:33,75.77,6300,75.77,U
sz002409,雅克科技,2025-10-20 14:52:36,75.77,6400,75.77,E
sz002409,雅克科技,2025-10-20 14:52:39,75.8,3800,75.77,E
sz002409,雅克科技,2025-10-20 14:52:42,75.81,3200,75.8,U
sz002409,雅克科技,2025-10-20 14:52:45,75.83,2900,75.81,U
sz002409,雅克科技,2025-10-20 14:52:48,75.84,7500,75.83,U
sz002409,雅克科技,2025-10-20 14:52:51,75.81,9900,75.84,D
sz002409,雅克科技,2025-10-20 14:52:54,75.82,3500,75.81,E
sz002409,雅克科技,2025-10-20 14:52:57,75.81,5700,75.82,D
sz002409,雅克科技,2025-10-20 14:53:00,75.83,5800,75.81,U
sz002409,雅克科技,2025-10-20 14:53:03,75.82,2700,75.83,D
sz002409,雅克科技,2025-10-20 14:53:09,75.81,6000,75.83,D
sz002409,雅克科技,2025-10-20 14:53:12,75.82,7900,75.81,E
sz002409,雅克科技,2025-10-20 14:53:21,75.81,3700,75.84,D
sz002409,雅克科技,2025-10-20 14:53:24,75.8,5600,75.81,D
sz002409,雅克科技,2025-10-20 14:53:30,75.85,6000,75.83,U
sz002409,雅克科技,2025-10-20 14:53:33,75.86,13300,75.85,U
sz002409,雅克科技,2025-10-20 14:53:36,75.86,10900,75.86,D
sz002409,雅克科技,2025-10-20 14:53:45,75.85,4800,75.87,D
sz002409,雅克科技,2025-10-20 14:53:48,75.87,11500,75.85,U
sz002409,雅克科技,2025-10-20 14:53:51,75.85,6200,75.87,E
sz002409,雅克科技,2025-10-20 14:53:54,75.86,2700,75.85,D
sz002409,雅克科技,2025-10-20 14:54:00,75.91,5000,75.87,U
sz002409,雅克科技,2025-10-20 14:54:06,75.87,27600,75.89,D
sz002409,雅克科技,2025-10-20 14:54:09,75.88,4100,75.87,E
sz002409,雅克科技,2025-10-20 14:54:15,75.88,11700,75.81,U
sz002409,雅克科技,2025-10-20 14:54:18,75.88,3700,75.88,U
sz002409,雅克科技,2025-10-20 14:54:21,75.88,5900,75.88,D
sz002409,雅克科技,2025-10-20 14:54:24,75.88,4700,75.88,E
sz002409,雅克科技,2025-10-20 14:54:27,75.89,4500,75.88,U
sz002409,雅克科技,2025-10-20 14:54:30,75.88,5000,75.89,D
sz002409,雅克科技,2025-10-20 14:54:33,75.91,7100,75.88,U
sz002409,雅克科技,2025-10-20 14:54:36,75.88,3500,75.91,D
sz002409,雅克科技,2025-10-20 14:54:48,75.91,4800,75.91,D
sz002409,雅克科技,2025-10-20 14:54:51,75.92,5700,75.91,U
sz002409,雅克科技,2025-10-20 14:54:57,75.92,8700,75.92,U
sz002409,雅克科技,2025-10-20 14:55:06,75.92,18500,75.92,D
sz002409,雅克科技,2025-10-20 14:55:12,75.83,27900,75.91,D
sz002409,雅克科技,2025-10-20 14:55:18,75.91,4600,75.83,U
sz002409,雅克科技,2025-10-20 14:55:33,75.86,6700,75.86,D
sz002409,雅克科技,2025-10-20 14:55:36,75.87,6200,75.86,U
sz002409,雅克科技,2025-10-20 14:55:42,75.89,7200,75.88,U
sz002409,雅克科技,2025-10-20 14:55:57,75.87,10700,75.89,D
sz002409,雅克科技,2025-10-20 14:56:00,75.88,4900,75.87,U
sz002409,雅克科技,2025-10-20 14:56:06,75.88,4000,75.88,D
sz002409,雅克科技,2025-10-20 14:56:12,75.88,3500,75.89,D
sz002409,雅克科技,2025-10-20 14:56:15,75.89,6700,75.88,U
sz002409,雅克科技,2025-10-20 14:56:21,75.88,2800,75.88,D
sz002409,雅克科技,2025-10-20 14:56:24,75.88,8400,75.88,D
sz002409,雅克科技,2025-10-20 14:56:27,75.88,4000,75.88,E
sz002409,雅克科技,2025-10-20 14:56:30,75.87,4300,75.88,D
sz002409,雅克科技,2025-10-20 14:56:33,75.88,6300,75.87,U
sz002409,雅克科技,2025-10-20 14:56:39,75.88,3000,75.88,D
sz002409,雅克科技,2025-10-20 14:56:48,75.87,3200,75.88,D
sz002409,雅克科技,2025-10-20 14:56:54,75.87,15800,75.86,U
sz002409,雅克科技,2025-10-20 14:57:00,75.84,2900,75.86,U
sz002409,雅克科技,2025-10-20 15:00:00,75.84,82100,75.84,E
