symbol,name,ticktime,price,volume,prev_price,kind
sh603650,彤程新材,2025-09-16 09:25:01,34.52,24800,0.0,U
sh603650,彤程新材,2025-09-16 09:30:14,34.49,7100,34.47,U
sh603650,彤程新材,2025-09-16 09:30:23,34.47,15000,34.47,U
sh603650,彤程新材,2025-09-16 09:30:26,34.4,13500,34.47,D
sh603650,彤程新材,2025-09-16 09:30:32,34.31,7500,34.39,D
sh603650,彤程新材,2025-09-16 09:30:38,34.3,10700,34.3,D
sh603650,彤程新材,2025-09-16 09:30:41,34.3,7300,34.3,D
sh603650,彤程新材,2025-09-16 09:30:50,34.23,13100,34.25,D
sh603650,彤程新材,2025-09-16 09:30:59,34.27,15800,34.29,D
sh603650,彤程新材,2025-09-16 09:31:20,34.27,33500,34.26,E
sh603650,彤程新材,2025-09-16 09:31:23,34.28,6700,34.27,D
sh603650,彤程新材,2025-09-16 09:31:47,34.26,13900,34.27,D
sh603650,彤程新材,2025-09-16 09:31:50,34.28,24200,34.26,U
sh603650,彤程新材,2025-09-16 09:32:17,34.33,10000,34.34,U
sh603650,彤程新材,2025-09-16 09:32:38,34.29,6500,34.32,D
sh603650,彤程新材,2025-09-16 09:32:47,34.33,16200,34.29,U
sh603650,彤程新材,2025-09-16 09:32:50,34.35,8100,34.33,U
sh603650,彤程新材,2025-09-16 09:32:53,34.32,16000,34.35,D
sh603650,彤程新材,2025-09-16 09:33:11,34.32,6266,34.33,D
sh603650,彤程新材,2025-09-16 09:33:20,34.31,43934,34.32,D
sh603650,彤程新材,2025-09-16 09:33:23,34.28,6800,34.31,D
sh603650,彤程新材,2025-09-16 09:33:32,34.28,13600,34.29,D
sh603650,彤程新材,2025-09-16 09:33:47,34.28,9300,34.28,D
sh603650,彤程新材,2025-09-16 09:34:29,34.3,8700,34.32,D
sh603650,彤程新材,2025-09-16 09:34:38,34.33,10400,34.34,D
sh603650,彤程新材,2025-09-16 09:34:41,34.33,7600,34.33,U
sh603650,彤程新材,2025-09-16 09:34:44,34.31,23600,34.33,D
sh603650,彤程新材,2025-09-16 09:35:20,34.36,10500,34.37,D
sh603650,彤程新材,2025-09-16 09:35:32,34.36,7800,34.36,D
sh603650,彤程新材,2025-09-16 09:35:53,34.34,6800,34.35,D
sh603650,彤程新材,2025-09-16 09:36:44,34.35,22300,34.34,U
sh603650,彤程新材,2025-09-16 09:37:38,34.39,6200,34.41,D
sh603650,彤程新材,2025-09-16 09:38:05,34.37,20500,34.38,D
sh603650,彤程新材,2025-09-16 09:38:08,34.4,6700,34.37,U
sh603650,彤程新材,2025-09-16 09:39:05,34.43,6100,34.42,U
sh603650,彤程新材,2025-09-16 09:40:17,34.4,5900,34.4,D
sh603650,彤程新材,2025-09-16 09:40:32,34.36,20800,34.39,D
sh603650,彤程新材,2025-09-16 09:40:35,34.36,6500,34.36,U
sh603650,彤程新材,2025-09-16 09:41:14,34.36,10200,34.39,D
sh603650,彤程新材,2025-09-16 09:41:29,34.41,7900,34.41,U
sh603650,彤程新材,2025-09-16 09:41:47,34.34,9800,34.36,D
sh603650,彤程新材,2025-09-16 09:42:05,34.32,14700,34.32,D
sh603650,彤程新材,2025-09-16 09:42:11,34.29,19200,34.32,D
sh603650,彤程新材,2025-09-16 09:42:14,34.28,24900,34.29,D
sh603650,彤程新材,2025-09-16 09:42:23,34.25,9700,34.25,D
sh603650,彤程新材,2025-09-16 09:42:26,34.22,20200,34.25,D
sh603650,彤程新材,2025-09-16 09:42:35,34.2,11200,34.22,D
sh603650,彤程新材,2025-09-16 09:42:38,34.22,18800,34.2,E
sh603650,彤程新材,2025-09-16 09:43:32,34.26,6100,34.29,D
sh603650,彤程新材,2025-09-16 09:44:02,34.24,13800,34.26,D
sh603650,彤程新材,2025-09-16 09:44:08,34.22,6900,34.24,D
sh603650,彤程新材,2025-09-16 09:44:14,34.23,9400,34.23,D
sh603650,彤程新材,2025-09-16 09:44:17,34.21,9100,34.23,D
sh603650,彤程新材,2025-09-16 09:44:29,34.2,7100,34.2,D
sh603650,彤程新材,2025-09-16 09:44:32,34.2,11300,34.2,D
sh603650,彤程新材,2025-09-16 09:44:47,34.18,11900,34.18,D
sh603650,彤程新材,2025-09-16 09:44:59,34.17,10400,34.19,D
sh603650,彤程新材,2025-09-16 09:45:11,34.19,6100,34.18,U
sh603650,彤程新材,2025-09-16 09:45:44,34.2,7800,34.19,U
sh603650,彤程新材,2025-09-16 09:45:53,34.24,17700,34.2,U
sh603650,彤程新材,2025-09-16 09:47:02,34.31,13000,34.27,U
sh603650,彤程新材,2025-09-16 09:47:50,34.32,6300,34.32,D
sh603650,彤程新材,2025-09-16 09:47:59,34.32,18900,34.32,U
sh603650,彤程新材,2025-09-16 09:48:02,34.31,6500,34.32,E
sh603650,彤程新材,2025-09-16 09:48:50,34.29,9900,34.3,D
sh603650,彤程新材,2025-09-16 09:50:05,34.28,15300,34.29,D
sh603650,彤程新材,2025-09-16 09:50:17,34.29,6700,34.28,U
sh603650,彤程新材,2025-09-16 09:50:29,34.3,15800,34.29,U
sh603650,彤程新材,2025-09-16 09:50:53,34.26,8700,34.28,D
sh603650,彤程新材,2025-09-16 09:51:02,34.3,12400,34.27,U
sh603650,彤程新材,2025-09-16 09:51:23,34.27,12600,34.28,D
sh603650,彤程新材,2025-09-16 09:51:32,34.3,6700,34.3,U
sh603650,彤程新材,2025-09-16 09:51:50,34.27,11000,34.28,D
sh603650,彤程新材,2025-09-16 09:51:59,34.25,6100,34.27,D
sh603650,彤程新材,2025-09-16 09:52:29,34.3,18400,34.3,U
sh603650,彤程新材,2025-09-16 09:52:47,34.24,8600,34.27,D
sh603650,彤程新材,2025-09-16 09:52:50,34.25,10000,34.24,U
sh603650,彤程新材,2025-09-16 09:52:59,34.24,14300,34.23,E
sh603650,彤程新材,2025-09-16 09:53:14,34.21,8300,34.22,D
sh603650,彤程新材,2025-09-16 09:53:17,34.19,11300,34.21,D
sh603650,彤程新材,2025-09-16 09:54:02,34.21,7800,34.19,U
sh603650,彤程新材,2025-09-16 09:54:17,34.2,23333,34.2,D
sh603650,彤程新材,2025-09-16 09:54:29,34.25,13200,34.21,U
sh603650,彤程新材,2025-09-16 09:54:56,34.22,7500,34.22,D
sh603650,彤程新材,2025-09-16 09:54:59,34.24,6000,34.22,U
sh603650,彤程新材,2025-09-16 09:55:26,34.24,6100,34.23,U
sh603650,彤程新材,2025-09-16 09:55:44,34.22,20200,34.23,D
sh603650,彤程新材,2025-09-16 09:55:47,34.21,18800,34.22,D
sh603650,彤程新材,2025-09-16 09:55:50,34.2,16700,34.21,D
sh603650,彤程新材,2025-09-16 09:55:53,34.19,6000,34.2,D
sh603650,彤程新材,2025-09-16 09:56:17,34.19,6300,34.2,D
sh603650,彤程新材,2025-09-16 09:56:23,34.19,7300,34.19,U
sh603650,彤程新材,2025-09-16 09:56:26,34.18,11600,34.19,D
sh603650,彤程新材,2025-09-16 09:56:32,34.18,8500,34.19,D
sh603650,彤程新材,2025-09-16 09:56:47,34.19,6600,34.19,U
sh603650,彤程新材,2025-09-16 09:57:08,34.16,61800,34.19,D
sh603650,彤程新材,2025-09-16 09:57:11,34.15,6400,34.16,D
sh603650,彤程新材,2025-09-16 09:57:26,34.16,7100,34.16,U
sh603650,彤程新材,2025-09-16 09:57:29,34.16,11400,34.16,U
sh603650,彤程新材,2025-09-16 09:57:32,34.15,6400,34.16,D
sh603650,彤程新材,2025-09-16 09:58:14,34.13,7600,34.13,D
sh603650,彤程新材,2025-09-16 09:58:44,34.13,14000,34.13,D
sh603650,彤程新材,2025-09-16 09:58:50,34.13,7900,34.13,U
sh603650,彤程新材,2025-09-16 09:59:02,34.13,32800,34.12,U
sh603650,彤程新材,2025-09-16 09:59:44,34.13,9800,34.13,D
sh603650,彤程新材,2025-09-16 09:59:56,34.14,53200,34.13,U
sh603650,彤程新材,2025-09-16 10:00:05,34.13,10400,34.14,D
sh603650,彤程新材,2025-09-16 10:00:14,34.14,6400,34.14,U
sh603650,彤程新材,2025-09-16 10:00:26,34.14,11200,34.15,D
sh603650,彤程新材,2025-09-16 10:00:41,34.1,59500,34.12,D
sh603650,彤程新材,2025-09-16 10:01:23,34.08,13600,34.09,D
sh603650,彤程新材,2025-09-16 10:01:29,34.07,7600,34.08,D
sh603650,彤程新材,2025-09-16 10:01:44,34.07,7100,34.07,D
sh603650,彤程新材,2025-09-16 10:02:20,34.15,54000,34.14,U
sh603650,彤程新材,2025-09-16 10:04:20,34.15,6900,34.15,U
sh603650,彤程新材,2025-09-16 10:06:38,34.17,14900,34.19,D
sh603650,彤程新材,2025-09-16 10:07:08,34.17,11000,34.16,U
sh603650,彤程新材,2025-09-16 10:07:11,34.16,6400,34.17,E
sh603650,彤程新材,2025-09-16 10:07:20,34.13,6300,34.14,D
sh603650,彤程新材,2025-09-16 10:07:47,34.15,40600,34.15,U
sh603650,彤程新材,2025-09-16 10:09:47,34.12,12900,34.13,D
sh603650,彤程新材,2025-09-16 10:10:32,34.13,6100,34.14,D
sh603650,彤程新材,2025-09-16 10:10:56,34.11,9100,34.13,D
sh603650,彤程新材,2025-09-16 10:11:23,34.15,9400,34.13,U
sh603650,彤程新材,2025-09-16 10:12:02,34.13,12000,34.15,D
sh603650,彤程新材,2025-09-16 10:12:17,34.12,15000,34.14,D
sh603650,彤程新材,2025-09-16 10:12:26,34.12,11400,34.12,D
sh603650,彤程新材,2025-09-16 10:12:47,34.1,20900,34.11,D
sh603650,彤程新材,2025-09-16 10:12:50,34.08,89800,34.1,D
sh603650,彤程新材,2025-09-16 10:12:53,34.07,7200,34.08,D
sh603650,彤程新材,2025-09-16 10:13:23,34.09,6300,34.08,U
sh603650,彤程新材,2025-09-16 10:13:35,34.1,11000,34.09,U
sh603650,彤程新材,2025-09-16 10:13:56,34.11,23400,34.09,U
sh603650,彤程新材,2025-09-16 10:15:17,34.1,6600,34.1,U
sh603650,彤程新材,2025-09-16 10:16:29,34.08,16300,34.09,D
sh603650,彤程新材,2025-09-16 10:16:32,34.07,10900,34.08,D
sh603650,彤程新材,2025-09-16 10:16:35,34.07,16200,34.07,D
sh603650,彤程新材,2025-09-16 10:16:44,34.06,6700,34.07,D
sh603650,彤程新材,2025-09-16 10:16:59,34.05,22800,34.06,D
sh603650,彤程新材,2025-09-16 10:18:56,34.05,6400,34.06,D
sh603650,彤程新材,2025-09-16 10:20:08,34.08,6500,34.06,U
sh603650,彤程新材,2025-09-16 10:20:35,34.05,9500,34.05,D
sh603650,彤程新材,2025-09-16 10:20:50,34.03,30400,34.05,D
sh603650,彤程新材,2025-09-16 10:21:29,34.02,8800,34.04,D
sh603650,彤程新材,2025-09-16 10:21:35,34.02,6100,34.04,D
sh603650,彤程新材,2025-09-16 10:23:29,34.03,6400,34.03,D
sh603650,彤程新材,2025-09-16 10:23:32,34.03,7600,34.03,U
sh603650,彤程新材,2025-09-16 10:23:47,34.03,17600,34.02,U
sh603650,彤程新材,2025-09-16 10:23:50,34.03,13100,34.03,U
sh603650,彤程新材,2025-09-16 10:23:53,34.03,16800,34.03,E
sh603650,彤程新材,2025-09-16 10:23:56,34.06,15600,34.03,U
sh603650,彤程新材,2025-09-16 10:24:23,34.06,6100,34.08,D
sh603650,彤程新材,2025-09-16 10:25:17,34.12,26500,34.07,U
sh603650,彤程新材,2025-09-16 10:26:26,34.09,9700,34.09,D
sh603650,彤程新材,2025-09-16 10:26:56,34.08,12900,34.08,D
sh603650,彤程新材,2025-09-16 10:28:47,34.06,12033,34.05,U
sh603650,彤程新材,2025-09-16 10:29:14,34.06,9600,34.06,D
sh603650,彤程新材,2025-09-16 10:30:14,34.11,8500,34.12,D
sh603650,彤程新材,2025-09-16 10:31:26,34.1,7400,34.1,U
sh603650,彤程新材,2025-09-16 10:31:32,34.08,9600,34.09,D
sh603650,彤程新材,2025-09-16 10:31:44,34.08,6700,34.08,D
sh603650,彤程新材,2025-09-16 10:31:53,34.08,8400,34.08,U
sh603650,彤程新材,2025-09-16 10:32:02,34.07,8300,34.07,D
sh603650,彤程新材,2025-09-16 10:32:14,34.03,30700,34.04,D
sh603650,彤程新材,2025-09-16 10:32:17,34.01,85000,34.03,D
sh603650,彤程新材,2025-09-16 10:32:20,34.01,6900,34.01,D
sh603650,彤程新材,2025-09-16 10:32:29,34.01,92400,34.01,D
sh603650,彤程新材,2025-09-16 10:32:44,34.0,10200,33.99,U
sh603650,彤程新材,2025-09-16 10:33:08,33.92,13300,33.96,D
sh603650,彤程新材,2025-09-16 10:33:23,33.91,7700,33.93,D
sh603650,彤程新材,2025-09-16 10:33:26,33.9,9200,33.91,D
sh603650,彤程新材,2025-09-16 10:33:29,33.91,6000,33.9,U
sh603650,彤程新材,2025-09-16 10:33:38,33.92,9500,33.93,E
sh603650,彤程新材,2025-09-16 10:33:50,33.93,22200,33.95,D
sh603650,彤程新材,2025-09-16 10:34:14,33.95,7800,33.97,D
sh603650,彤程新材,2025-09-16 10:35:02,33.96,6300,33.96,U
sh603650,彤程新材,2025-09-16 10:35:41,33.94,9000,33.94,D
sh603650,彤程新材,2025-09-16 10:36:08,33.91,40300,33.94,D
sh603650,彤程新材,2025-09-16 10:36:11,33.91,34500,33.91,U
sh603650,彤程新材,2025-09-16 10:37:08,33.97,17300,33.95,U
sh603650,彤程新材,2025-09-16 10:38:14,33.95,8200,33.94,U
sh603650,彤程新材,2025-09-16 10:38:50,33.94,6800,33.93,E
sh603650,彤程新材,2025-09-16 10:39:05,33.93,6400,33.93,D
sh603650,彤程新材,2025-09-16 10:39:29,33.92,14100,33.94,D
sh603650,彤程新材,2025-09-16 10:39:44,33.93,11400,33.93,U
sh603650,彤程新材,2025-09-16 10:40:14,33.95,52600,33.92,U
sh603650,彤程新材,2025-09-16 10:40:50,33.94,11700,33.98,D
sh603650,彤程新材,2025-09-16 10:42:41,34.01,7900,34.0,U
sh603650,彤程新材,2025-09-16 10:43:02,33.99,10800,34.01,D
sh603650,彤程新材,2025-09-16 10:43:05,33.99,7400,33.99,D
sh603650,彤程新材,2025-09-16 10:43:11,33.99,8800,34.0,E
sh603650,彤程新材,2025-09-16 10:43:26,33.96,16800,34.0,D
sh603650,彤程新材,2025-09-16 10:44:35,33.94,6100,33.95,D
sh603650,彤程新材,2025-09-16 10:46:32,33.94,7000,33.94,U
sh603650,彤程新材,2025-09-16 10:47:11,33.96,7200,33.96,U
sh603650,彤程新材,2025-09-16 10:47:53,33.94,5900,33.96,D
sh603650,彤程新材,2025-09-16 10:48:32,33.95,6400,33.96,D
sh603650,彤程新材,2025-09-16 10:49:29,34.0,16500,33.98,U
sh603650,彤程新材,2025-09-16 10:52:02,33.98,16400,34.0,D
sh603650,彤程新材,2025-09-16 10:52:20,33.96,8200,33.96,D
sh603650,彤程新材,2025-09-16 10:52:50,33.95,7200,33.96,D
sh603650,彤程新材,2025-09-16 10:55:29,33.96,8000,33.95,U
sh603650,彤程新材,2025-09-16 10:55:44,33.93,10200,33.94,D
sh603650,彤程新材,2025-09-16 10:55:47,33.92,12200,33.93,D
sh603650,彤程新材,2025-09-16 10:56:23,33.91,11100,33.91,D
sh603650,彤程新材,2025-09-16 10:56:50,33.9,10900,33.9,D
sh603650,彤程新材,2025-09-16 10:56:56,33.9,6400,33.9,D
sh603650,彤程新材,2025-09-16 10:57:08,33.9,6600,33.91,D
sh603650,彤程新材,2025-09-16 11:01:26,33.93,19000,33.92,U
sh603650,彤程新材,2025-09-16 11:01:47,33.89,35400,33.93,D
sh603650,彤程新材,2025-09-16 11:02:44,33.89,9000,33.9,D
sh603650,彤程新材,2025-09-16 11:03:05,33.94,9800,33.91,U
sh603650,彤程新材,2025-09-16 11:04:02,33.94,10900,33.98,D
sh603650,彤程新材,2025-09-16 11:04:41,33.95,8700,33.95,D
sh603650,彤程新材,2025-09-16 11:04:50,33.93,7500,33.95,D
sh603650,彤程新材,2025-09-16 11:04:53,33.91,6400,33.93,D
sh603650,彤程新材,2025-09-16 11:05:32,33.96,20800,33.92,U
sh603650,彤程新材,2025-09-16 11:05:35,33.92,12800,33.96,D
sh603650,彤程新材,2025-09-16 11:06:38,34.0,7700,34.0,D
sh603650,彤程新材,2025-09-16 11:06:41,33.98,10100,34.0,D
sh603650,彤程新材,2025-09-16 11:06:50,33.99,7400,33.99,U
sh603650,彤程新材,2025-09-16 11:10:02,34.0,7800,34.0,U
sh603650,彤程新材,2025-09-16 11:11:11,34.02,12300,33.99,U
sh603650,彤程新材,2025-09-16 11:12:53,34.01,15200,34.0,U
sh603650,彤程新材,2025-09-16 11:15:20,33.99,6700,34.0,D
sh603650,彤程新材,2025-09-16 11:15:32,34.0,10400,33.99,U
sh603650,彤程新材,2025-09-16 11:15:59,33.99,7800,34.0,D
sh603650,彤程新材,2025-09-16 11:16:20,33.95,11800,33.97,D
sh603650,彤程新材,2025-09-16 11:16:41,33.9,9900,33.93,D
sh603650,彤程新材,2025-09-16 11:16:44,33.94,8500,33.9,U
sh603650,彤程新材,2025-09-16 11:16:47,33.98,30700,33.94,U
sh603650,彤程新材,2025-09-16 11:17:53,33.97,6900,33.98,D
sh603650,彤程新材,2025-09-16 11:17:56,34.01,6900,33.97,U
sh603650,彤程新材,2025-09-16 11:19:23,34.02,25700,34.0,U
sh603650,彤程新材,2025-09-16 11:19:26,34.11,20300,34.02,U
sh603650,彤程新材,2025-09-16 11:19:29,34.04,6400,34.11,E
sh603650,彤程新材,2025-09-16 11:19:53,34.05,18500,34.08,D
sh603650,彤程新材,2025-09-16 11:21:35,34.08,10100,34.05,U
sh603650,彤程新材,2025-09-16 11:23:29,34.14,12600,34.14,D
sh603650,彤程新材,2025-09-16 11:23:35,34.14,9600,34.14,D
sh603650,彤程新材,2025-09-16 13:00:02,34.15,10000,34.09,U
sh603650,彤程新材,2025-09-16 13:00:05,34.07,11500,34.15,D
sh603650,彤程新材,2025-09-16 13:00:11,34.12,6100,34.12,D
sh603650,彤程新材,2025-09-16 13:09:59,34.15,7600,34.13,U
sh603650,彤程新材,2025-09-16 13:10:20,34.11,7200,34.11,D
sh603650,彤程新材,2025-09-16 13:12:08,34.15,13900,34.12,U
sh603650,彤程新材,2025-09-16 13:12:38,34.1,25000,34.17,D
sh603650,彤程新材,2025-09-16 13:15:56,34.14,5900,34.14,U
sh603650,彤程新材,2025-09-16 13:16:44,34.08,6300,34.1,D
sh603650,彤程新材,2025-09-16 13:17:08,34.1,8300,34.1,D
sh603650,彤程新材,2025-09-16 13:17:11,34.1,12500,34.1,D
sh603650,彤程新材,2025-09-16 13:17:14,34.08,6200,34.1,D
sh603650,彤程新材,2025-09-16 13:17:50,34.09,8300,34.1,D
sh603650,彤程新材,2025-09-16 13:18:14,34.09,12600,34.09,D
sh603650,彤程新材,2025-09-16 13:18:20,34.09,8300,34.09,D
sh603650,彤程新材,2025-09-16 13:18:26,34.07,11000,34.09,D
sh603650,彤程新材,2025-09-16 13:18:38,34.05,6100,34.06,D
sh603650,彤程新材,2025-09-16 13:20:23,34.04,14200,34.06,D
sh603650,彤程新材,2025-09-16 13:25:05,34.08,42100,34.08,D
sh603650,彤程新材,2025-09-16 13:25:11,34.06,35900,34.07,D
sh603650,彤程新材,2025-09-16 13:25:47,34.08,9200,34.08,U
sh603650,彤程新材,2025-09-16 13:29:02,34.05,7800,34.04,U
sh603650,彤程新材,2025-09-16 13:30:05,34.03,17400,34.05,D
sh603650,彤程新材,2025-09-16 13:31:02,34.01,6400,34.02,D
sh603650,彤程新材,2025-09-16 13:32:08,34.0,5900,34.0,D
sh603650,彤程新材,2025-09-16 13:32:32,34.0,16920,34.0,U
sh603650,彤程新材,2025-09-16 13:34:05,34.04,14100,34.01,U
sh603650,彤程新材,2025-09-16 13:35:08,34.05,7400,34.04,U
sh603650,彤程新材,2025-09-16 13:35:20,34.02,7000,34.06,D
sh603650,彤程新材,2025-09-16 13:36:23,34.05,10400,34.07,D
sh603650,彤程新材,2025-09-16 13:36:41,34.08,5900,34.08,U
sh603650,彤程新材,2025-09-16 13:39:50,34.07,5900,34.07,U
sh603650,彤程新材,2025-09-16 13:40:20,34.09,10100,34.09,U
sh603650,彤程新材,2025-09-16 13:41:26,34.12,12100,34.09,U
sh603650,彤程新材,2025-09-16 13:43:35,34.11,9600,34.11,U
sh603650,彤程新材,2025-09-16 13:43:38,34.12,11700,34.11,U
sh603650,彤程新材,2025-09-16 13:44:05,34.13,7400,34.11,U
sh603650,彤程新材,2025-09-16 13:45:38,34.15,6700,34.14,U
sh603650,彤程新材,2025-09-16 13:45:41,34.16,6900,34.15,U
sh603650,彤程新材,2025-09-16 13:46:11,34.18,7600,34.16,U
sh603650,彤程新材,2025-09-16 13:48:11,34.15,7200,34.15,D
sh603650,彤程新材,2025-09-16 13:50:59,34.15,9800,34.15,U
sh603650,彤程新材,2025-09-16 13:52:47,34.18,6600,34.18,U
sh603650,彤程新材,2025-09-16 13:52:50,34.23,13400,34.18,U
sh603650,彤程新材,2025-09-16 13:52:59,34.15,6300,34.18,D
sh603650,彤程新材,2025-09-16 13:53:32,34.16,7100,34.2,D
sh603650,彤程新材,2025-09-16 13:55:17,34.12,7800,34.18,D
sh603650,彤程新材,2025-09-16 13:57:35,34.22,8600,34.21,E
sh603650,彤程新材,2025-09-16 13:57:47,34.23,8900,34.23,U
sh603650,彤程新材,2025-09-16 13:57:56,34.24,7200,34.23,U
sh603650,彤程新材,2025-09-16 13:58:02,34.25,6300,34.24,U
sh603650,彤程新材,2025-09-16 13:58:26,34.24,9400,34.25,E
sh603650,彤程新材,2025-09-16 13:58:32,34.24,6100,34.24,U
sh603650,彤程新材,2025-09-16 14:00:02,34.32,17500,34.29,U
sh603650,彤程新材,2025-09-16 14:00:17,34.36,15000,34.35,U
sh603650,彤程新材,2025-09-16 14:00:20,34.38,8900,34.36,U
sh603650,彤程新材,2025-09-16 14:00:23,34.38,7800,34.38,U
sh603650,彤程新材,2025-09-16 14:00:29,34.36,7300,34.37,D
sh603650,彤程新材,2025-09-16 14:00:32,34.37,7000,34.36,U
sh603650,彤程新材,2025-09-16 14:00:35,34.37,10200,34.37,U
sh603650,彤程新材,2025-09-16 14:00:44,34.37,9000,34.37,U
sh603650,彤程新材,2025-09-16 14:00:47,34.38,7500,34.37,U
sh603650,彤程新材,2025-09-16 14:00:53,34.37,8900,34.29,U
sh603650,彤程新材,2025-09-16 14:01:02,34.38,11900,34.38,U
sh603650,彤程新材,2025-09-16 14:01:08,34.28,8900,34.38,D
sh603650,彤程新材,2025-09-16 14:01:11,34.36,24300,34.28,U
sh603650,彤程新材,2025-09-16 14:01:23,34.33,10800,34.35,E
sh603650,彤程新材,2025-09-16 14:01:35,34.34,6000,34.26,U
sh603650,彤程新材,2025-09-16 14:02:32,34.34,7300,34.34,D
sh603650,彤程新材,2025-09-16 14:02:53,34.35,8900,34.35,U
sh603650,彤程新材,2025-09-16 14:03:05,34.29,13500,34.32,D
sh603650,彤程新材,2025-09-16 14:03:23,34.26,6900,34.34,D
sh603650,彤程新材,2025-09-16 14:03:35,34.27,6700,34.26,D
sh603650,彤程新材,2025-09-16 14:04:14,34.29,6200,34.31,D
sh603650,彤程新材,2025-09-16 14:05:05,34.3,18000,34.3,U
sh603650,彤程新材,2025-09-16 14:05:29,34.33,7100,34.32,U
sh603650,彤程新材,2025-09-16 14:07:11,34.27,8400,34.27,U
sh603650,彤程新材,2025-09-16 14:07:35,34.2,7600,34.28,D
sh603650,彤程新材,2025-09-16 14:09:41,34.2,7400,34.25,D
sh603650,彤程新材,2025-09-16 14:09:53,34.25,6700,34.2,U
sh603650,彤程新材,2025-09-16 14:10:20,34.2,8000,34.26,D
sh603650,彤程新材,2025-09-16 14:10:38,34.19,6300,34.22,D
sh603650,彤程新材,2025-09-16 14:15:38,34.3,9000,34.3,U
sh603650,彤程新材,2025-09-16 14:15:59,34.29,10000,34.32,D
sh603650,彤程新材,2025-09-16 14:17:53,34.29,8700,34.29,D
sh603650,彤程新材,2025-09-16 14:19:38,34.28,5900,34.29,D
sh603650,彤程新材,2025-09-16 14:20:02,34.29,6900,34.31,D
sh603650,彤程新材,2025-09-16 14:20:05,34.29,8300,34.29,D
sh603650,彤程新材,2025-09-16 14:20:08,34.29,7300,34.29,D
sh603650,彤程新材,2025-09-16 14:20:23,34.29,11500,34.3,D
sh603650,彤程新材,2025-09-16 14:23:05,34.28,9000,34.27,U
sh603650,彤程新材,2025-09-16 14:23:41,34.27,12000,34.27,D
sh603650,彤程新材,2025-09-16 14:24:38,34.26,10400,34.26,D
sh603650,彤程新材,2025-09-16 14:24:41,34.28,26500,34.26,U
sh603650,彤程新材,2025-09-16 14:26:02,34.27,5900,34.28,D
sh603650,彤程新材,2025-09-16 14:28:53,34.26,6500,34.26,D
sh603650,彤程新材,2025-09-16 14:28:59,34.27,6300,34.27,U
sh603650,彤程新材,2025-09-16 14:29:08,34.24,9400,34.26,D
sh603650,彤程新材,2025-09-16 14:34:02,34.27,11500,34.26,U
sh603650,彤程新材,2025-09-16 14:34:47,34.25,17200,34.25,D
sh603650,彤程新材,2025-09-16 14:34:56,34.23,6400,34.24,D
sh603650,彤程新材,2025-09-16 14:35:14,34.25,7700,34.24,U
sh603650,彤程新材,2025-09-16 14:36:23,34.26,10100,34.26,D
sh603650,彤程新材,2025-09-16 14:37:20,34.27,6300,34.26,U
sh603650,彤程新材,2025-09-16 14:40:05,34.3,7100,34.31,D
sh603650,彤程新材,2025-09-16 14:40:14,34.29,6500,34.3,D
sh603650,彤程新材,2025-09-16 14:41:35,34.28,6500,34.28,D
sh603650,彤程新材,2025-09-16 14:42:50,34.28,6700,34.27,U
sh603650,彤程新材,2025-09-16 14:43:56,34.28,7500,34.28,D
sh603650,彤程新材,2025-09-16 14:44:02,34.29,10000,34.28,U
sh603650,彤程新材,2025-09-16 14:44:05,34.26,10800,34.29,D
sh603650,彤程新材,2025-09-16 14:46:59,34.28,6900,34.28,D
sh603650,彤程新材,2025-09-16 14:47:17,34.29,6600,34.29,U
sh603650,彤程新材,2025-09-16 14:50:05,34.29,8600,34.29,D
sh603650,彤程新材,2025-09-16 14:50:08,34.29,9900,34.29,U
sh603650,彤程新材,2025-09-16 14:50:47,34.29,7400,34.3,D
sh603650,彤程新材,2025-09-16 14:51:02,34.3,19300,34.3,U
sh603650,彤程新材,2025-09-16 14:51:05,34.29,7900,34.3,D
sh603650,彤程新材,2025-09-16 14:51:11,34.27,17900,34.29,D
sh603650,彤程新材,2025-09-16 14:52:11,34.28,6000,34.28,U
sh603650,彤程新材,2025-09-16 14:54:02,34.3,7400,34.29,U
sh603650,彤程新材,2025-09-16 14:54:11,34.29,8400,34.3,D
sh603650,彤程新材,2025-09-16 14:54:35,34.28,8500,34.29,D
sh603650,彤程新材,2025-09-16 14:55:11,34.29,6700,34.28,U
sh603650,彤程新材,2025-09-16 14:55:53,34.28,10600,34.28,D
sh603650,彤程新材,2025-09-16 14:56:02,34.28,10800,34.29,D
sh603650,彤程新材,2025-09-16 14:56:14,34.3,10800,34.29,U
sh603650,彤程新材,2025-09-16 14:56:17,34.29,10900,34.3,D
sh603650,彤程新材,2025-09-16 14:56:20,34.29,6200,34.29,U
sh603650,彤程新材,2025-09-16 14:56:38,34.29,11000,34.29,D
sh603650,彤程新材,2025-09-16 14:56:56,34.3,9600,34.28,U
sh603650,彤程新材,2025-09-16 15:00:02,34.29,61500,34.3,U
