symbol,name,ticktime,price,volume,prev_price,kind
sh603650,彤程新材,2025-09-24 09:25:01,37.66,233200,0.0,D
sh603650,彤程新材,2025-09-24 09:30:02,37.66,10500,37.66,U
sh603650,彤程新材,2025-09-24 09:30:05,37.61,34100,37.66,D
sh603650,彤程新材,2025-09-24 09:30:08,37.55,10600,37.61,D
sh603650,彤程新材,2025-09-24 09:30:11,37.62,6000,37.55,U
sh603650,彤程新材,2025-09-24 09:30:14,37.55,22500,37.62,E
sh603650,彤程新材,2025-09-24 09:30:17,37.56,50200,37.55,E
sh603650,彤程新材,2025-09-24 09:30:20,37.5,8500,37.56,E
sh603650,彤程新材,2025-09-24 09:30:23,37.44,13800,37.5,D
sh603650,彤程新材,2025-09-24 09:30:26,37.51,17200,37.44,U
sh603650,彤程新材,2025-09-24 09:30:29,37.51,39500,37.51,U
sh603650,彤程新材,2025-09-24 09:30:32,37.48,24800,37.51,U
sh603650,彤程新材,2025-09-24 09:30:35,37.5,27600,37.48,U
sh603650,彤程新材,2025-09-24 09:30:38,37.58,35100,37.5,U
sh603650,彤程新材,2025-09-24 09:30:41,37.6,56800,37.58,U
sh603650,彤程新材,2025-09-24 09:30:44,37.61,15100,37.6,U
sh603650,彤程新材,2025-09-24 09:30:47,37.61,17000,37.61,D
sh603650,彤程新材,2025-09-24 09:30:50,37.61,83200,37.61,D
sh603650,彤程新材,2025-09-24 09:30:53,37.61,14000,37.61,U
sh603650,彤程新材,2025-09-24 09:30:56,37.61,53000,37.61,U
sh603650,彤程新材,2025-09-24 09:30:59,37.7,59200,37.61,U
sh603650,彤程新材,2025-09-24 09:31:02,37.74,9800,37.7,U
sh603650,彤程新材,2025-09-24 09:31:05,37.78,33300,37.74,U
sh603650,彤程新材,2025-09-24 09:31:08,37.83,7900,37.78,U
sh603650,彤程新材,2025-09-24 09:31:11,37.86,10400,37.83,U
sh603650,彤程新材,2025-09-24 09:31:14,37.87,16800,37.86,U
sh603650,彤程新材,2025-09-24 09:31:17,37.89,10800,37.87,U
sh603650,彤程新材,2025-09-24 09:31:20,37.98,22500,37.89,U
sh603650,彤程新材,2025-09-24 09:31:23,37.89,84700,37.98,D
sh603650,彤程新材,2025-09-24 09:31:26,37.98,26500,37.89,U
sh603650,彤程新材,2025-09-24 09:31:29,37.89,37800,37.98,D
sh603650,彤程新材,2025-09-24 09:31:32,37.89,21700,37.89,D
sh603650,彤程新材,2025-09-24 09:31:35,37.89,8400,37.89,D
sh603650,彤程新材,2025-09-24 09:31:38,37.87,48700,37.89,D
sh603650,彤程新材,2025-09-24 09:31:41,37.8,26300,37.87,D
sh603650,彤程新材,2025-09-24 09:31:44,37.78,25000,37.8,D
sh603650,彤程新材,2025-09-24 09:31:47,37.76,30300,37.78,D
sh603650,彤程新材,2025-09-24 09:31:50,37.7,110400,37.76,D
sh603650,彤程新材,2025-09-24 09:31:53,37.66,202700,37.7,D
sh603650,彤程新材,2025-09-24 09:31:56,37.7,24400,37.66,U
sh603650,彤程新材,2025-09-24 09:31:59,37.66,20400,37.7,U
sh603650,彤程新材,2025-09-24 09:32:02,37.66,24100,37.66,D
sh603650,彤程新材,2025-09-24 09:32:05,37.69,12200,37.66,D
sh603650,彤程新材,2025-09-24 09:32:08,37.75,8000,37.69,U
sh603650,彤程新材,2025-09-24 09:32:11,37.8,17600,37.75,D
sh603650,彤程新材,2025-09-24 09:32:14,37.79,8300,37.8,E
sh603650,彤程新材,2025-09-24 09:32:17,37.8,17300,37.79,U
sh603650,彤程新材,2025-09-24 09:32:20,37.79,23100,37.8,E
sh603650,彤程新材,2025-09-24 09:32:23,37.8,6100,37.79,D
sh603650,彤程新材,2025-09-24 09:32:26,37.79,24200,37.8,D
sh603650,彤程新材,2025-09-24 09:32:29,37.82,16800,37.79,U
sh603650,彤程新材,2025-09-24 09:32:32,37.82,10600,37.82,D
sh603650,彤程新材,2025-09-24 09:32:35,37.83,9800,37.82,E
sh603650,彤程新材,2025-09-24 09:32:38,37.86,18600,37.83,E
sh603650,彤程新材,2025-09-24 09:32:41,37.89,25200,37.86,U
sh603650,彤程新材,2025-09-24 09:32:44,37.93,12800,37.89,U
sh603650,彤程新材,2025-09-24 09:32:50,37.95,6600,37.93,U
sh603650,彤程新材,2025-09-24 09:32:53,37.97,26600,37.95,U
sh603650,彤程新材,2025-09-24 09:32:56,37.99,24000,37.97,U
sh603650,彤程新材,2025-09-24 09:32:59,38.01,33300,37.99,U
sh603650,彤程新材,2025-09-24 09:33:02,38.06,12300,38.01,U
sh603650,彤程新材,2025-09-24 09:33:08,38.11,7800,38.07,U
sh603650,彤程新材,2025-09-24 09:33:11,38.11,12200,38.11,U
sh603650,彤程新材,2025-09-24 09:33:14,38.15,25100,38.11,U
sh603650,彤程新材,2025-09-24 09:33:17,38.14,28000,38.15,E
sh603650,彤程新材,2025-09-24 09:33:20,38.1,132000,38.14,D
sh603650,彤程新材,2025-09-24 09:33:23,38.01,30200,38.1,D
sh603650,彤程新材,2025-09-24 09:33:26,38.13,42700,38.01,U
sh603650,彤程新材,2025-09-24 09:33:29,38.08,15200,38.13,E
sh603650,彤程新材,2025-09-24 09:33:32,38.08,60700,38.08,D
sh603650,彤程新材,2025-09-24 09:33:35,38.08,21800,38.08,U
sh603650,彤程新材,2025-09-24 09:33:38,38.1,19400,38.08,E
sh603650,彤程新材,2025-09-24 09:33:41,38.03,15500,38.1,D
sh603650,彤程新材,2025-09-24 09:33:44,38.03,56400,38.03,D
sh603650,彤程新材,2025-09-24 09:33:47,38.08,32800,38.03,U
sh603650,彤程新材,2025-09-24 09:33:50,38.06,19600,38.08,D
sh603650,彤程新材,2025-09-24 09:33:53,38.1,26700,38.06,U
sh603650,彤程新材,2025-09-24 09:33:56,38.19,177500,38.1,U
sh603650,彤程新材,2025-09-24 09:33:59,38.22,10700,38.19,U
sh603650,彤程新材,2025-09-24 09:34:02,38.22,15300,38.22,U
sh603650,彤程新材,2025-09-24 09:34:05,38.2,24500,38.22,D
sh603650,彤程新材,2025-09-24 09:34:08,38.06,37300,38.2,D
sh603650,彤程新材,2025-09-24 09:34:11,38.08,19200,38.06,U
sh603650,彤程新材,2025-09-24 09:34:14,38.1,27600,38.08,U
sh603650,彤程新材,2025-09-24 09:34:17,38.11,15400,38.1,D
sh603650,彤程新材,2025-09-24 09:34:20,38.18,62000,38.11,U
sh603650,彤程新材,2025-09-24 09:34:23,38.2,24500,38.18,U
sh603650,彤程新材,2025-09-24 09:34:26,38.22,15300,38.2,U
sh603650,彤程新材,2025-09-24 09:34:29,38.22,17300,38.22,U
sh603650,彤程新材,2025-09-24 09:34:32,38.27,7600,38.22,E
sh603650,彤程新材,2025-09-24 09:34:35,38.27,18600,38.27,U
sh603650,彤程新材,2025-09-24 09:34:38,38.33,7500,38.27,E
sh603650,彤程新材,2025-09-24 09:34:41,38.37,8900,38.33,U
sh603650,彤程新材,2025-09-24 09:34:44,38.38,189800,38.37,U
sh603650,彤程新材,2025-09-24 09:34:47,38.4,24900,38.38,D
sh603650,彤程新材,2025-09-24 09:34:50,38.5,27766,38.4,U
sh603650,彤程新材,2025-09-24 09:34:53,38.5,19200,38.5,U
sh603650,彤程新材,2025-09-24 09:34:56,38.52,12200,38.5,U
sh603650,彤程新材,2025-09-24 09:34:59,38.53,23700,38.52,U
sh603650,彤程新材,2025-09-24 09:35:02,38.59,34800,38.53,U
sh603650,彤程新材,2025-09-24 09:35:05,38.58,26700,38.59,U
sh603650,彤程新材,2025-09-24 09:35:08,38.6,33333,38.58,U
sh603650,彤程新材,2025-09-24 09:35:11,38.6,82500,38.6,U
sh603650,彤程新材,2025-09-24 09:35:14,38.6,45967,38.6,D
sh603650,彤程新材,2025-09-24 09:35:17,38.6,39300,38.6,D
sh603650,彤程新材,2025-09-24 09:35:20,38.58,34500,38.6,E
sh603650,彤程新材,2025-09-24 09:35:23,38.6,80400,38.58,U
sh603650,彤程新材,2025-09-24 09:35:26,38.61,56900,38.6,U
sh603650,彤程新材,2025-09-24 09:35:29,38.67,38600,38.61,U
sh603650,彤程新材,2025-09-24 09:35:32,38.7,31900,38.67,U
sh603650,彤程新材,2025-09-24 09:35:35,38.76,15600,38.7,U
sh603650,彤程新材,2025-09-24 09:35:38,38.78,19300,38.76,U
sh603650,彤程新材,2025-09-24 09:35:41,38.83,21700,38.78,U
sh603650,彤程新材,2025-09-24 09:35:44,38.89,31600,38.83,U
sh603650,彤程新材,2025-09-24 09:35:47,38.91,19600,38.89,U
sh603650,彤程新材,2025-09-24 09:35:50,38.97,33700,38.91,U
sh603650,彤程新材,2025-09-24 09:35:53,38.99,52100,38.97,U
sh603650,彤程新材,2025-09-24 09:35:56,39.0,57500,38.99,U
sh603650,彤程新材,2025-09-24 09:35:59,39.04,10900,39.0,U
sh603650,彤程新材,2025-09-24 09:36:02,38.95,141300,39.04,D
sh603650,彤程新材,2025-09-24 09:36:05,38.87,119800,38.95,D
sh603650,彤程新材,2025-09-24 09:36:08,38.97,50200,38.87,U
sh603650,彤程新材,2025-09-24 09:36:11,39.04,118100,38.97,U
sh603650,彤程新材,2025-09-24 09:36:14,39.14,57800,39.04,U
sh603650,彤程新材,2025-09-24 09:36:17,39.08,30600,39.14,D
sh603650,彤程新材,2025-09-24 09:36:20,39.1,30200,39.08,U
sh603650,彤程新材,2025-09-24 09:36:23,39.14,29700,39.1,U
sh603650,彤程新材,2025-09-24 09:36:26,39.12,46100,39.14,D
sh603650,彤程新材,2025-09-24 09:36:29,39.08,56600,39.12,D
sh603650,彤程新材,2025-09-24 09:36:32,39.12,56500,39.08,U
sh603650,彤程新材,2025-09-24 09:36:35,39.01,49800,39.12,D
sh603650,彤程新材,2025-09-24 09:36:38,39.08,63500,39.01,U
sh603650,彤程新材,2025-09-24 09:36:41,39.02,75900,39.08,D
sh603650,彤程新材,2025-09-24 09:36:44,39.1,95000,39.02,U
sh603650,彤程新材,2025-09-24 09:36:47,39.08,76700,39.1,D
sh603650,彤程新材,2025-09-24 09:36:50,39.09,71700,39.08,U
sh603650,彤程新材,2025-09-24 09:36:53,39.07,16200,39.09,E
sh603650,彤程新材,2025-09-24 09:36:56,39.01,25900,39.07,D
sh603650,彤程新材,2025-09-24 09:36:59,39.04,61700,39.01,U
sh603650,彤程新材,2025-09-24 09:37:02,39.04,44000,39.04,D
sh603650,彤程新材,2025-09-24 09:37:05,39.02,41500,39.04,D
sh603650,彤程新材,2025-09-24 09:37:08,38.99,8600,39.02,E
sh603650,彤程新材,2025-09-24 09:37:11,39.0,24400,38.99,U
sh603650,彤程新材,2025-09-24 09:37:14,38.99,134400,39.0,D
sh603650,彤程新材,2025-09-24 09:37:17,39.0,104200,38.99,U
sh603650,彤程新材,2025-09-24 09:37:20,38.99,14700,39.0,D
sh603650,彤程新材,2025-09-24 09:37:23,38.96,31900,38.99,E
sh603650,彤程新材,2025-09-24 09:37:26,39.0,52200,38.96,U
sh603650,彤程新材,2025-09-24 09:37:29,39.0,19400,39.0,D
sh603650,彤程新材,2025-09-24 09:37:32,39.0,23500,39.0,D
sh603650,彤程新材,2025-09-24 09:37:35,39.02,27200,39.0,U
sh603650,彤程新材,2025-09-24 09:37:38,39.04,61000,39.02,E
sh603650,彤程新材,2025-09-24 09:37:41,39.05,52400,39.04,E
sh603650,彤程新材,2025-09-24 09:37:44,39.06,10800,39.05,E
sh603650,彤程新材,2025-09-24 09:37:47,39.1,31400,39.06,E
sh603650,彤程新材,2025-09-24 09:37:50,39.13,18600,39.1,U
sh603650,彤程新材,2025-09-24 09:37:53,39.15,43100,39.13,U
sh603650,彤程新材,2025-09-24 09:37:56,39.2,83800,39.15,U
sh603650,彤程新材,2025-09-24 09:37:59,39.2,93400,39.2,D
sh603650,彤程新材,2025-09-24 09:38:02,39.4,42100,39.2,U
sh603650,彤程新材,2025-09-24 09:38:05,39.43,27600,39.4,U
sh603650,彤程新材,2025-09-24 09:38:08,39.46,18000,39.43,U
sh603650,彤程新材,2025-09-24 09:38:11,39.46,44400,39.46,D
sh603650,彤程新材,2025-09-24 09:38:14,39.48,48800,39.46,U
sh603650,彤程新材,2025-09-24 09:38:17,39.46,85900,39.48,D
sh603650,彤程新材,2025-09-24 09:38:20,39.46,46800,39.46,D
sh603650,彤程新材,2025-09-24 09:38:23,39.48,38900,39.46,U
sh603650,彤程新材,2025-09-24 09:38:26,39.4,47500,39.48,E
sh603650,彤程新材,2025-09-24 09:38:29,39.34,50600,39.4,D
sh603650,彤程新材,2025-09-24 09:38:32,39.45,42800,39.34,U
sh603650,彤程新材,2025-09-24 09:38:35,39.34,31700,39.45,D
sh603650,彤程新材,2025-09-24 09:38:38,39.34,19600,39.34,E
sh603650,彤程新材,2025-09-24 09:38:41,39.34,10900,39.34,D
sh603650,彤程新材,2025-09-24 09:38:44,39.34,26900,39.34,U
sh603650,彤程新材,2025-09-24 09:38:47,39.24,18100,39.34,D
sh603650,彤程新材,2025-09-24 09:38:50,39.28,13300,39.24,U
sh603650,彤程新材,2025-09-24 09:38:53,39.26,16100,39.28,E
sh603650,彤程新材,2025-09-24 09:38:56,39.21,48500,39.26,D
sh603650,彤程新材,2025-09-24 09:38:59,39.2,45400,39.21,D
sh603650,彤程新材,2025-09-24 09:39:02,39.2,7000,39.2,U
sh603650,彤程新材,2025-09-24 09:39:05,39.12,22800,39.2,D
sh603650,彤程新材,2025-09-24 09:39:08,39.12,37500,39.12,D
sh603650,彤程新材,2025-09-24 09:39:11,39.11,11500,39.12,D
sh603650,彤程新材,2025-09-24 09:39:14,39.18,18900,39.11,U
sh603650,彤程新材,2025-09-24 09:39:17,39.13,43700,39.18,U
sh603650,彤程新材,2025-09-24 09:39:20,39.19,18900,39.13,E
sh603650,彤程新材,2025-09-24 09:39:23,39.19,14700,39.19,D
sh603650,彤程新材,2025-09-24 09:39:26,39.19,15300,39.19,D
sh603650,彤程新材,2025-09-24 09:39:29,39.19,17700,39.19,E
sh603650,彤程新材,2025-09-24 09:39:32,39.27,47500,39.19,U
sh603650,彤程新材,2025-09-24 09:39:35,39.27,24400,39.27,D
sh603650,彤程新材,2025-09-24 09:39:38,39.34,12700,39.27,U
sh603650,彤程新材,2025-09-24 09:39:41,39.3,24700,39.34,D
sh603650,彤程新材,2025-09-24 09:39:44,39.34,12800,39.3,U
sh603650,彤程新材,2025-09-24 09:39:47,39.34,13200,39.34,U
sh603650,彤程新材,2025-09-24 09:39:50,39.35,27400,39.34,U
sh603650,彤程新材,2025-09-24 09:39:53,39.36,6000,39.35,U
sh603650,彤程新材,2025-09-24 09:39:56,39.38,11200,39.36,U
sh603650,彤程新材,2025-09-24 09:39:59,39.42,22400,39.38,U
sh603650,彤程新材,2025-09-24 09:40:02,39.41,10500,39.42,U
sh603650,彤程新材,2025-09-24 09:40:05,39.34,84800,39.41,D
sh603650,彤程新材,2025-09-24 09:40:08,39.34,24400,39.34,U
sh603650,彤程新材,2025-09-24 09:40:11,39.35,54000,39.34,U
sh603650,彤程新材,2025-09-24 09:40:14,39.34,25300,39.35,E
sh603650,彤程新材,2025-09-24 09:40:17,39.41,124147,39.34,U
sh603650,彤程新材,2025-09-24 09:40:20,39.42,36200,39.41,E
sh603650,彤程新材,2025-09-24 09:40:23,39.49,18400,39.42,U
sh603650,彤程新材,2025-09-24 09:40:26,39.48,24000,39.49,U
sh603650,彤程新材,2025-09-24 09:40:29,39.43,45400,39.48,E
sh603650,彤程新材,2025-09-24 09:40:32,39.4,36300,39.43,D
sh603650,彤程新材,2025-09-24 09:40:35,39.41,23100,39.4,U
sh603650,彤程新材,2025-09-24 09:40:38,39.41,37400,39.41,D
sh603650,彤程新材,2025-09-24 09:40:41,39.38,57200,39.41,D
sh603650,彤程新材,2025-09-24 09:40:44,39.45,41300,39.38,U
sh603650,彤程新材,2025-09-24 09:40:47,39.46,24400,39.45,E
sh603650,彤程新材,2025-09-24 09:40:50,39.3,56100,39.46,D
sh603650,彤程新材,2025-09-24 09:40:53,39.29,17900,39.3,D
sh603650,彤程新材,2025-09-24 09:40:56,39.27,13700,39.29,E
sh603650,彤程新材,2025-09-24 09:40:59,39.18,41700,39.27,D
sh603650,彤程新材,2025-09-24 09:41:02,39.2,18800,39.18,U
sh603650,彤程新材,2025-09-24 09:41:05,39.12,14400,39.2,D
sh603650,彤程新材,2025-09-24 09:41:11,39.11,6300,39.12,D
sh603650,彤程新材,2025-09-24 09:41:14,39.08,10600,39.11,D
sh603650,彤程新材,2025-09-24 09:41:17,39.12,28600,39.08,U
sh603650,彤程新材,2025-09-24 09:41:20,39.12,47100,39.12,D
sh603650,彤程新材,2025-09-24 09:41:23,39.15,9300,39.12,E
sh603650,彤程新材,2025-09-24 09:41:26,39.17,9500,39.15,U
sh603650,彤程新材,2025-09-24 09:41:29,39.21,23600,39.17,U
sh603650,彤程新材,2025-09-24 09:41:32,39.21,7800,39.21,D
sh603650,彤程新材,2025-09-24 09:41:35,39.26,7800,39.21,U
sh603650,彤程新材,2025-09-24 09:41:38,39.26,9900,39.26,U
sh603650,彤程新材,2025-09-24 09:41:41,39.26,33900,39.26,D
sh603650,彤程新材,2025-09-24 09:41:44,39.34,22100,39.26,U
sh603650,彤程新材,2025-09-24 09:41:47,39.31,6400,39.34,E
sh603650,彤程新材,2025-09-24 09:41:50,39.33,7500,39.31,U
sh603650,彤程新材,2025-09-24 09:41:53,39.28,47200,39.33,D
sh603650,彤程新材,2025-09-24 09:41:56,39.28,52100,39.28,D
sh603650,彤程新材,2025-09-24 09:41:59,39.25,7100,39.28,D
sh603650,彤程新材,2025-09-24 09:42:02,39.21,47500,39.25,D
sh603650,彤程新材,2025-09-24 09:42:05,39.18,18600,39.21,D
sh603650,彤程新材,2025-09-24 09:42:08,39.25,31700,39.18,U
sh603650,彤程新材,2025-09-24 09:42:11,39.25,34500,39.25,U
sh603650,彤程新材,2025-09-24 09:42:14,39.29,24600,39.25,U
sh603650,彤程新材,2025-09-24 09:42:17,39.34,15200,39.29,U
sh603650,彤程新材,2025-09-24 09:42:20,39.35,18100,39.34,U
sh603650,彤程新材,2025-09-24 09:42:23,39.3,12300,39.35,D
sh603650,彤程新材,2025-09-24 09:42:26,39.33,23900,39.3,U
sh603650,彤程新材,2025-09-24 09:42:29,39.3,9900,39.33,D
sh603650,彤程新材,2025-09-24 09:42:32,39.34,17100,39.3,U
sh603650,彤程新材,2025-09-24 09:42:35,39.31,18000,39.34,D
sh603650,彤程新材,2025-09-24 09:42:38,39.33,9400,39.31,U
sh603650,彤程新材,2025-09-24 09:42:41,39.3,18800,39.33,D
sh603650,彤程新材,2025-09-24 09:42:44,39.33,13000,39.3,U
sh603650,彤程新材,2025-09-24 09:42:47,39.21,22300,39.33,D
sh603650,彤程新材,2025-09-24 09:42:53,39.2,12900,39.21,D
sh603650,彤程新材,2025-09-24 09:42:56,39.2,13800,39.2,U
sh603650,彤程新材,2025-09-24 09:43:02,39.18,34000,39.2,E
sh603650,彤程新材,2025-09-24 09:43:05,39.2,25400,39.18,U
sh603650,彤程新材,2025-09-24 09:43:08,39.23,7300,39.2,E
sh603650,彤程新材,2025-09-24 09:43:11,39.28,9900,39.23,U
sh603650,彤程新材,2025-09-24 09:43:14,39.31,12500,39.28,U
sh603650,彤程新材,2025-09-24 09:43:17,39.38,72600,39.31,U
sh603650,彤程新材,2025-09-24 09:43:20,39.42,102200,39.38,U
sh603650,彤程新材,2025-09-24 09:43:23,39.46,12200,39.42,U
sh603650,彤程新材,2025-09-24 09:43:26,39.46,23200,39.46,U
sh603650,彤程新材,2025-09-24 09:43:29,39.43,22400,39.46,D
sh603650,彤程新材,2025-09-24 09:43:32,39.45,42000,39.43,U
sh603650,彤程新材,2025-09-24 09:43:35,39.46,57600,39.45,U
sh603650,彤程新材,2025-09-24 09:43:38,39.44,64300,39.46,D
sh603650,彤程新材,2025-09-24 09:43:41,39.46,37700,39.44,U
sh603650,彤程新材,2025-09-24 09:43:44,39.39,11300,39.46,D
sh603650,彤程新材,2025-09-24 09:43:47,39.36,11100,39.39,D
sh603650,彤程新材,2025-09-24 09:43:50,39.32,35300,39.36,D
sh603650,彤程新材,2025-09-24 09:43:53,39.32,14500,39.32,D
sh603650,彤程新材,2025-09-24 09:43:56,39.32,31200,39.32,D
sh603650,彤程新材,2025-09-24 09:43:59,39.32,5200,39.32,U
sh603650,彤程新材,2025-09-24 09:44:02,39.32,15400,39.32,U
sh603650,彤程新材,2025-09-24 09:44:05,39.28,5300,39.32,D
sh603650,彤程新材,2025-09-24 09:44:08,39.21,24900,39.28,D
sh603650,彤程新材,2025-09-24 09:44:11,39.2,23100,39.21,D
sh603650,彤程新材,2025-09-24 09:44:14,39.2,7400,39.2,D
sh603650,彤程新材,2025-09-24 09:44:17,39.15,25900,39.2,D
sh603650,彤程新材,2025-09-24 09:44:20,39.07,72500,39.15,D
sh603650,彤程新材,2025-09-24 09:44:23,39.04,6800,39.07,D
sh603650,彤程新材,2025-09-24 09:44:26,39.07,15000,39.04,U
sh603650,彤程新材,2025-09-24 09:44:29,39.01,8500,39.07,D
sh603650,彤程新材,2025-09-24 09:44:32,39.0,90200,39.01,D
sh603650,彤程新材,2025-09-24 09:44:35,39.01,36600,39.0,U
sh603650,彤程新材,2025-09-24 09:44:38,39.01,29100,39.01,D
sh603650,彤程新材,2025-09-24 09:44:41,39.02,33700,39.01,E
sh603650,彤程新材,2025-09-24 09:44:44,39.07,18900,39.02,U
sh603650,彤程新材,2025-09-24 09:44:47,39.11,19400,39.07,U
sh603650,彤程新材,2025-09-24 09:44:53,39.14,10400,39.14,U
sh603650,彤程新材,2025-09-24 09:44:56,39.14,13200,39.14,D
sh603650,彤程新材,2025-09-24 09:44:59,39.14,14900,39.14,D
sh603650,彤程新材,2025-09-24 09:45:02,39.15,13100,39.14,U
sh603650,彤程新材,2025-09-24 09:45:05,39.19,17500,39.15,U
sh603650,彤程新材,2025-09-24 09:45:11,39.18,14600,39.21,D
sh603650,彤程新材,2025-09-24 09:45:14,39.2,14800,39.18,U
sh603650,彤程新材,2025-09-24 09:45:17,39.18,18800,39.2,D
sh603650,彤程新材,2025-09-24 09:45:20,39.24,17600,39.18,U
sh603650,彤程新材,2025-09-24 09:45:23,39.1,68000,39.24,D
sh603650,彤程新材,2025-09-24 09:45:26,39.13,7200,39.1,U
sh603650,彤程新材,2025-09-24 09:45:32,39.13,5700,39.11,E
sh603650,彤程新材,2025-09-24 09:45:35,39.11,15600,39.13,E
sh603650,彤程新材,2025-09-24 09:45:41,39.08,8800,39.1,D
sh603650,彤程新材,2025-09-24 09:45:44,39.07,6600,39.08,E
sh603650,彤程新材,2025-09-24 09:45:50,39.06,11400,39.06,U
sh603650,彤程新材,2025-09-24 09:45:53,39.05,15700,39.06,U
sh603650,彤程新材,2025-09-24 09:45:56,39.05,27700,39.05,U
sh603650,彤程新材,2025-09-24 09:45:59,39.12,37100,39.05,U
sh603650,彤程新材,2025-09-24 09:46:02,39.18,36200,39.12,U
sh603650,彤程新材,2025-09-24 09:46:05,39.21,10300,39.18,U
sh603650,彤程新材,2025-09-24 09:46:11,39.23,19000,39.22,U
sh603650,彤程新材,2025-09-24 09:46:14,39.2,6700,39.23,E
sh603650,彤程新材,2025-09-24 09:46:17,39.18,16300,39.2,D
sh603650,彤程新材,2025-09-24 09:46:20,39.15,25600,39.18,D
sh603650,彤程新材,2025-09-24 09:46:23,39.11,8700,39.15,D
sh603650,彤程新材,2025-09-24 09:46:26,39.1,7500,39.11,D
sh603650,彤程新材,2025-09-24 09:46:29,39.1,37100,39.1,E
sh603650,彤程新材,2025-09-24 09:46:32,39.08,42100,39.1,D
sh603650,彤程新材,2025-09-24 09:46:35,39.09,5800,39.08,D
sh603650,彤程新材,2025-09-24 09:46:41,39.13,16800,39.11,U
sh603650,彤程新材,2025-09-24 09:46:44,39.07,112300,39.13,D
sh603650,彤程新材,2025-09-24 09:46:47,39.07,14800,39.07,U
sh603650,彤程新材,2025-09-24 09:46:50,38.99,127800,39.07,D
sh603650,彤程新材,2025-09-24 09:46:53,39.0,40300,38.99,U
sh603650,彤程新材,2025-09-24 09:46:56,38.97,11700,39.0,E
sh603650,彤程新材,2025-09-24 09:46:59,39.0,24200,38.97,U
sh603650,彤程新材,2025-09-24 09:47:02,39.0,37500,39.0,D
sh603650,彤程新材,2025-09-24 09:47:05,38.96,7200,39.0,D
sh603650,彤程新材,2025-09-24 09:47:08,38.95,17800,38.96,D
sh603650,彤程新材,2025-09-24 09:47:11,38.95,9100,38.95,U
sh603650,彤程新材,2025-09-24 09:47:14,39.0,38729,38.95,U
sh603650,彤程新材,2025-09-24 09:47:17,39.02,18900,39.0,U
sh603650,彤程新材,2025-09-24 09:47:20,39.05,5400,39.02,U
sh603650,彤程新材,2025-09-24 09:47:23,39.02,9600,39.05,D
sh603650,彤程新材,2025-09-24 09:47:26,39.0,13600,39.02,D
sh603650,彤程新材,2025-09-24 09:47:32,38.98,18571,39.0,D
sh603650,彤程新材,2025-09-24 09:47:35,38.95,14600,38.98,D
sh603650,彤程新材,2025-09-24 09:47:41,38.98,11400,38.95,U
sh603650,彤程新材,2025-09-24 09:47:44,38.93,25900,38.98,D
sh603650,彤程新材,2025-09-24 09:47:53,38.96,19100,38.96,U
sh603650,彤程新材,2025-09-24 09:47:56,38.96,17700,38.96,D
sh603650,彤程新材,2025-09-24 09:47:59,38.97,10800,38.96,U
sh603650,彤程新材,2025-09-24 09:48:02,38.99,25900,38.97,U
sh603650,彤程新材,2025-09-24 09:48:08,39.03,30100,38.96,U
sh603650,彤程新材,2025-09-24 09:48:11,39.04,18200,39.03,U
sh603650,彤程新材,2025-09-24 09:48:14,39.07,6700,39.04,E
sh603650,彤程新材,2025-09-24 09:48:20,39.11,8300,39.1,U
sh603650,彤程新材,2025-09-24 09:48:26,39.11,8000,39.11,D
sh603650,彤程新材,2025-09-24 09:48:35,39.22,66000,39.11,U
sh603650,彤程新材,2025-09-24 09:48:38,39.23,8900,39.22,U
sh603650,彤程新材,2025-09-24 09:48:41,39.25,8300,39.23,U
sh603650,彤程新材,2025-09-24 09:48:44,39.23,16900,39.25,D
sh603650,彤程新材,2025-09-24 09:48:47,39.25,16500,39.23,U
sh603650,彤程新材,2025-09-24 09:48:50,39.22,30100,39.25,D
sh603650,彤程新材,2025-09-24 09:48:53,39.17,5400,39.22,D
sh603650,彤程新材,2025-09-24 09:48:56,39.21,5200,39.17,D
sh603650,彤程新材,2025-09-24 09:48:59,39.21,8300,39.21,U
sh603650,彤程新材,2025-09-24 09:49:02,39.22,8200,39.21,U
sh603650,彤程新材,2025-09-24 09:49:05,39.21,11900,39.22,E
sh603650,彤程新材,2025-09-24 09:49:11,39.21,22800,39.2,U
sh603650,彤程新材,2025-09-24 09:49:14,39.34,100700,39.21,U
sh603650,彤程新材,2025-09-24 09:49:17,39.35,56200,39.34,U
sh603650,彤程新材,2025-09-24 09:49:20,39.38,36866,39.35,U
sh603650,彤程新材,2025-09-24 09:49:23,39.41,28799,39.38,U
sh603650,彤程新材,2025-09-24 09:49:29,39.44,21300,39.44,U
sh603650,彤程新材,2025-09-24 09:49:32,39.4,50000,39.44,D
sh603650,彤程新材,2025-09-24 09:49:35,39.36,9400,39.4,D
sh603650,彤程新材,2025-09-24 09:49:38,39.35,12301,39.36,D
sh603650,彤程新材,2025-09-24 09:49:44,39.39,19600,39.35,E
sh603650,彤程新材,2025-09-24 09:49:47,39.39,8800,39.39,D
sh603650,彤程新材,2025-09-24 09:49:50,39.34,28401,39.39,D
sh603650,彤程新材,2025-09-24 09:49:53,39.35,13400,39.34,U
sh603650,彤程新材,2025-09-24 09:49:56,39.42,43099,39.35,U
sh603650,彤程新材,2025-09-24 09:49:59,39.34,9400,39.42,D
sh603650,彤程新材,2025-09-24 09:50:02,39.41,9200,39.34,E
sh603650,彤程新材,2025-09-24 09:50:05,39.34,28400,39.41,D
sh603650,彤程新材,2025-09-24 09:50:08,39.39,23100,39.34,U
sh603650,彤程新材,2025-09-24 09:50:11,39.34,21800,39.39,D
sh603650,彤程新材,2025-09-24 09:50:14,39.31,22400,39.34,D
sh603650,彤程新材,2025-09-24 09:50:17,39.25,13200,39.31,D
sh603650,彤程新材,2025-09-24 09:50:20,39.2,29600,39.25,D
sh603650,彤程新材,2025-09-24 09:50:23,39.16,24700,39.2,D
sh603650,彤程新材,2025-09-24 09:50:26,39.19,6400,39.16,U
sh603650,彤程新材,2025-09-24 09:50:32,39.15,8900,39.16,E
sh603650,彤程新材,2025-09-24 09:50:35,39.14,7400,39.15,D
sh603650,彤程新材,2025-09-24 09:50:41,39.1,9500,39.12,D
sh603650,彤程新材,2025-09-24 09:50:44,39.05,5800,39.1,D
sh603650,彤程新材,2025-09-24 09:50:50,39.05,29800,39.05,U
sh603650,彤程新材,2025-09-24 09:50:53,39.12,31000,39.05,U
sh603650,彤程新材,2025-09-24 09:50:56,39.1,25200,39.12,D
sh603650,彤程新材,2025-09-24 09:50:59,39.12,45600,39.1,E
sh603650,彤程新材,2025-09-24 09:51:02,39.2,24500,39.12,U
sh603650,彤程新材,2025-09-24 09:51:05,39.2,14700,39.2,U
sh603650,彤程新材,2025-09-24 09:51:08,39.16,7900,39.2,D
sh603650,彤程新材,2025-09-24 09:51:11,39.12,48400,39.16,D
sh603650,彤程新材,2025-09-24 09:51:14,39.15,10500,39.12,U
sh603650,彤程新材,2025-09-24 09:51:17,39.13,13900,39.15,D
sh603650,彤程新材,2025-09-24 09:51:26,39.17,7200,39.17,U
sh603650,彤程新材,2025-09-24 09:51:29,39.17,14800,39.17,U
sh603650,彤程新材,2025-09-24 09:51:32,39.16,6700,39.17,D
sh603650,彤程新材,2025-09-24 09:51:35,39.15,6266,39.16,E
sh603650,彤程新材,2025-09-24 09:51:38,39.17,7900,39.15,U
sh603650,彤程新材,2025-09-24 09:51:41,39.15,5200,39.17,D
sh603650,彤程新材,2025-09-24 09:51:53,39.03,12900,39.05,D
sh603650,彤程新材,2025-09-24 09:51:56,39.1,8700,39.03,U
sh603650,彤程新材,2025-09-24 09:52:11,39.14,87800,39.07,U
sh603650,彤程新材,2025-09-24 09:52:20,39.03,5400,39.03,D
sh603650,彤程新材,2025-09-24 09:52:26,39.05,6000,39.03,U
sh603650,彤程新材,2025-09-24 09:52:29,39.05,7100,39.05,D
sh603650,彤程新材,2025-09-24 09:52:44,39.16,19400,39.09,U
sh603650,彤程新材,2025-09-24 09:52:47,39.23,40600,39.16,U
sh603650,彤程新材,2025-09-24 09:52:59,39.19,6200,39.23,D
sh603650,彤程新材,2025-09-24 09:53:02,39.26,13600,39.19,U
sh603650,彤程新材,2025-09-24 09:53:05,39.32,99200,39.26,U
sh603650,彤程新材,2025-09-24 09:53:11,39.33,22200,39.31,U
sh603650,彤程新材,2025-09-24 09:53:17,39.28,9600,39.3,D
sh603650,彤程新材,2025-09-24 09:53:20,39.26,19400,39.28,D
sh603650,彤程新材,2025-09-24 09:53:23,39.19,11900,39.26,D
sh603650,彤程新材,2025-09-24 09:53:35,39.22,5700,39.22,U
sh603650,彤程新材,2025-09-24 09:53:38,39.22,8300,39.22,U
sh603650,彤程新材,2025-09-24 09:53:47,39.23,7600,39.23,D
sh603650,彤程新材,2025-09-24 09:53:50,39.26,6000,39.23,U
sh603650,彤程新材,2025-09-24 09:53:53,39.34,58100,39.26,U
sh603650,彤程新材,2025-09-24 09:53:56,39.34,8100,39.34,U
sh603650,彤程新材,2025-09-24 09:53:59,39.35,5900,39.34,U
sh603650,彤程新材,2025-09-24 09:54:02,39.34,13100,39.35,E
sh603650,彤程新材,2025-09-24 09:54:05,39.34,7600,39.34,U
sh603650,彤程新材,2025-09-24 09:54:08,39.35,21500,39.34,U
sh603650,彤程新材,2025-09-24 09:54:11,39.35,13900,39.35,U
sh603650,彤程新材,2025-09-24 09:54:14,39.34,26700,39.35,D
sh603650,彤程新材,2025-09-24 09:54:17,39.39,58100,39.34,U
sh603650,彤程新材,2025-09-24 09:54:20,39.46,119911,39.39,U
sh603650,彤程新材,2025-09-24 09:54:23,39.47,42733,39.46,U
sh603650,彤程新材,2025-09-24 09:54:26,39.48,116500,39.47,U
sh603650,彤程新材,2025-09-24 09:54:29,39.48,32100,39.48,U
sh603650,彤程新材,2025-09-24 09:54:32,39.49,41000,39.48,U
sh603650,彤程新材,2025-09-24 09:54:35,39.49,75600,39.49,U
sh603650,彤程新材,2025-09-24 09:54:38,39.5,26800,39.49,U
sh603650,彤程新材,2025-09-24 09:54:41,39.51,275768,39.5,U
sh603650,彤程新材,2025-09-24 09:54:44,39.55,10300,39.51,U
sh603650,彤程新材,2025-09-24 09:54:47,39.6,43300,39.55,U
sh603650,彤程新材,2025-09-24 09:54:50,39.64,38600,39.6,U
sh603650,彤程新材,2025-09-24 09:54:53,39.66,46700,39.64,U
sh603650,彤程新材,2025-09-24 09:54:56,39.66,31100,39.66,U
sh603650,彤程新材,2025-09-24 09:54:59,39.69,14800,39.66,U
sh603650,彤程新材,2025-09-24 09:55:02,39.69,25500,39.69,U
sh603650,彤程新材,2025-09-24 09:55:05,39.65,98300,39.69,D
sh603650,彤程新材,2025-09-24 09:55:08,39.62,114900,39.65,D
sh603650,彤程新材,2025-09-24 09:55:11,39.58,23300,39.62,D
sh603650,彤程新材,2025-09-24 09:55:14,39.64,81400,39.58,U
sh603650,彤程新材,2025-09-24 09:55:17,39.6,17100,39.64,D
sh603650,彤程新材,2025-09-24 09:55:20,39.6,20100,39.6,E
sh603650,彤程新材,2025-09-24 09:55:23,39.56,31500,39.6,D
sh603650,彤程新材,2025-09-24 09:55:26,39.57,49400,39.56,U
sh603650,彤程新材,2025-09-24 09:55:29,39.56,7600,39.57,E
sh603650,彤程新材,2025-09-24 09:55:32,39.55,9500,39.56,D
sh603650,彤程新材,2025-09-24 09:55:35,39.54,9500,39.55,D
sh603650,彤程新材,2025-09-24 09:55:38,39.54,37100,39.54,D
sh603650,彤程新材,2025-09-24 09:55:41,39.52,6300,39.54,D
sh603650,彤程新材,2025-09-24 09:55:44,39.51,23900,39.52,D
sh603650,彤程新材,2025-09-24 09:55:47,39.5,25400,39.51,D
sh603650,彤程新材,2025-09-24 09:55:50,39.51,17500,39.5,U
sh603650,彤程新材,2025-09-24 09:55:53,39.5,20200,39.51,D
sh603650,彤程新材,2025-09-24 09:55:56,39.48,19600,39.5,D
sh603650,彤程新材,2025-09-24 09:55:59,39.52,18600,39.48,U
sh603650,彤程新材,2025-09-24 09:56:05,39.56,9600,39.53,U
sh603650,彤程新材,2025-09-24 09:56:08,39.55,19500,39.56,D
sh603650,彤程新材,2025-09-24 09:56:11,39.55,13900,39.55,D
sh603650,彤程新材,2025-09-24 09:56:14,39.55,20200,39.55,U
sh603650,彤程新材,2025-09-24 09:56:17,39.5,108500,39.55,D
sh603650,彤程新材,2025-09-24 09:56:20,39.55,52500,39.5,U
sh603650,彤程新材,2025-09-24 09:56:23,39.54,42100,39.55,U
sh603650,彤程新材,2025-09-24 09:56:26,39.55,38200,39.54,U
sh603650,彤程新材,2025-09-24 09:56:29,39.53,12700,39.55,D
sh603650,彤程新材,2025-09-24 09:56:32,39.54,26900,39.53,U
sh603650,彤程新材,2025-09-24 09:56:35,39.55,17900,39.54,U
sh603650,彤程新材,2025-09-24 09:56:38,39.55,29800,39.55,U
sh603650,彤程新材,2025-09-24 09:56:41,39.55,5100,39.55,D
sh603650,彤程新材,2025-09-24 09:56:44,39.55,16200,39.55,D
sh603650,彤程新材,2025-09-24 09:56:47,39.58,6100,39.55,U
sh603650,彤程新材,2025-09-24 09:56:50,39.58,10700,39.58,D
sh603650,彤程新材,2025-09-24 09:56:53,39.57,27600,39.58,D
sh603650,彤程新材,2025-09-24 09:56:56,39.57,13700,39.57,U
sh603650,彤程新材,2025-09-24 09:56:59,39.57,5400,39.57,U
sh603650,彤程新材,2025-09-24 09:57:02,39.57,13900,39.57,U
sh603650,彤程新材,2025-09-24 09:57:05,39.57,9000,39.57,U
sh603650,彤程新材,2025-09-24 09:57:08,39.54,81800,39.57,D
sh603650,彤程新材,2025-09-24 09:57:11,39.59,21300,39.54,U
sh603650,彤程新材,2025-09-24 09:57:14,39.62,32700,39.59,E
sh603650,彤程新材,2025-09-24 09:57:17,39.64,20100,39.62,E
sh603650,彤程新材,2025-09-24 09:57:20,39.73,81500,39.64,U
sh603650,彤程新材,2025-09-24 09:57:23,39.75,28189,39.73,U
sh603650,彤程新材,2025-09-24 09:57:26,39.77,17200,39.75,U
sh603650,彤程新材,2025-09-24 09:57:29,39.8,66800,39.77,U
sh603650,彤程新材,2025-09-24 09:57:32,39.84,12500,39.8,U
sh603650,彤程新材,2025-09-24 09:57:35,39.87,18433,39.84,U
sh603650,彤程新材,2025-09-24 09:57:38,39.88,51500,39.87,U
sh603650,彤程新材,2025-09-24 09:57:41,39.93,17200,39.88,U
sh603650,彤程新材,2025-09-24 09:57:44,39.95,42700,39.93,U
sh603650,彤程新材,2025-09-24 09:57:47,39.97,16000,39.95,U
sh603650,彤程新材,2025-09-24 09:57:50,39.98,68600,39.97,U
sh603650,彤程新材,2025-09-24 09:57:53,39.99,50200,39.98,U
sh603650,彤程新材,2025-09-24 09:57:56,40.0,53700,39.99,U
sh603650,彤程新材,2025-09-24 09:57:59,39.98,138600,40.0,D
sh603650,彤程新材,2025-09-24 09:58:02,40.0,89400,39.98,U
sh603650,彤程新材,2025-09-24 09:58:05,39.94,110500,40.0,D
sh603650,彤程新材,2025-09-24 09:58:08,39.91,26600,39.94,D
sh603650,彤程新材,2025-09-24 09:58:11,39.91,14300,39.91,D
sh603650,彤程新材,2025-09-24 09:58:14,39.91,12500,39.91,D
sh603650,彤程新材,2025-09-24 09:58:17,39.93,16800,39.91,U
sh603650,彤程新材,2025-09-24 09:58:23,39.92,13500,39.92,D
sh603650,彤程新材,2025-09-24 09:58:26,39.93,24000,39.92,D
sh603650,彤程新材,2025-09-24 09:58:29,39.94,6400,39.93,D
sh603650,彤程新材,2025-09-24 09:58:32,39.96,8800,39.94,U
sh603650,彤程新材,2025-09-24 09:58:35,39.97,14500,39.96,U
sh603650,彤程新材,2025-09-24 09:58:38,39.98,30200,39.97,U
sh603650,彤程新材,2025-09-24 09:58:41,39.99,37400,39.98,U
sh603650,彤程新材,2025-09-24 09:58:44,39.99,43500,39.99,U
sh603650,彤程新材,2025-09-24 09:58:47,40.0,11600,39.99,U
sh603650,彤程新材,2025-09-24 09:58:50,39.95,92100,40.0,D
sh603650,彤程新材,2025-09-24 09:58:53,39.88,91600,39.95,D
sh603650,彤程新材,2025-09-24 09:58:56,39.87,32200,39.88,D
sh603650,彤程新材,2025-09-24 09:58:59,39.88,20900,39.87,U
sh603650,彤程新材,2025-09-24 09:59:02,39.92,42300,39.88,U
sh603650,彤程新材,2025-09-24 09:59:05,39.95,8200,39.92,U
sh603650,彤程新材,2025-09-24 09:59:11,39.98,30600,39.95,U
sh603650,彤程新材,2025-09-24 09:59:17,39.99,6000,39.99,U
sh603650,彤程新材,2025-09-24 09:59:20,39.98,8600,39.99,E
sh603650,彤程新材,2025-09-24 09:59:23,39.99,7600,39.98,U
sh603650,彤程新材,2025-09-24 09:59:26,39.99,9600,39.99,U
sh603650,彤程新材,2025-09-24 09:59:29,39.99,8000,39.99,D
sh603650,彤程新材,2025-09-24 09:59:32,40.0,45200,39.99,U
sh603650,彤程新材,2025-09-24 09:59:35,40.0,41800,40.0,U
sh603650,彤程新材,2025-09-24 09:59:38,39.97,19600,40.0,D
sh603650,彤程新材,2025-09-24 09:59:41,39.98,18600,39.97,U
sh603650,彤程新材,2025-09-24 09:59:44,39.98,13000,39.98,U
sh603650,彤程新材,2025-09-24 09:59:47,39.99,15800,39.98,U
sh603650,彤程新材,2025-09-24 09:59:50,39.98,24800,39.99,E
sh603650,彤程新材,2025-09-24 09:59:53,39.95,23700,39.98,D
sh603650,彤程新材,2025-09-24 09:59:56,39.97,7400,39.95,U
sh603650,彤程新材,2025-09-24 09:59:59,39.9,49700,39.97,D
sh603650,彤程新材,2025-09-24 10:00:02,39.93,32300,39.9,U
sh603650,彤程新材,2025-09-24 10:00:05,39.92,8700,39.93,E
sh603650,彤程新材,2025-09-24 10:00:08,39.9,8200,39.92,D
sh603650,彤程新材,2025-09-24 10:00:11,39.85,13600,39.9,D
sh603650,彤程新材,2025-09-24 10:00:14,39.76,79200,39.85,D
sh603650,彤程新材,2025-09-24 10:00:17,39.81,14600,39.76,U
sh603650,彤程新材,2025-09-24 10:00:26,39.81,8300,39.77,U
sh603650,彤程新材,2025-09-24 10:00:35,39.82,65100,39.8,U
sh603650,彤程新材,2025-09-24 10:00:38,39.9,5600,39.82,U
sh603650,彤程新材,2025-09-24 10:00:41,39.84,5800,39.9,E
sh603650,彤程新材,2025-09-24 10:00:44,39.89,8300,39.84,U
sh603650,彤程新材,2025-09-24 10:00:47,39.84,12600,39.89,D
sh603650,彤程新材,2025-09-24 10:00:53,39.8,26000,39.89,D
sh603650,彤程新材,2025-09-24 10:00:56,39.8,26400,39.8,U
sh603650,彤程新材,2025-09-24 10:00:59,39.89,32100,39.8,U
sh603650,彤程新材,2025-09-24 10:01:02,39.9,17500,39.89,U
sh603650,彤程新材,2025-09-24 10:01:05,39.92,9300,39.9,U
sh603650,彤程新材,2025-09-24 10:01:11,39.92,5100,39.91,U
sh603650,彤程新材,2025-09-24 10:01:14,39.93,5800,39.92,U
sh603650,彤程新材,2025-09-24 10:01:20,39.95,14500,39.94,U
sh603650,彤程新材,2025-09-24 10:01:26,39.96,12500,39.97,U
sh603650,彤程新材,2025-09-24 10:01:32,39.96,10100,39.97,D
sh603650,彤程新材,2025-09-24 10:01:35,39.98,18200,39.96,U
sh603650,彤程新材,2025-09-24 10:01:38,39.96,96100,39.98,D
sh603650,彤程新材,2025-09-24 10:01:41,39.93,28900,39.96,E
sh603650,彤程新材,2025-09-24 10:01:44,39.9,24100,39.93,D
sh603650,彤程新材,2025-09-24 10:01:47,39.94,29200,39.9,U
sh603650,彤程新材,2025-09-24 10:01:56,39.96,25200,39.94,U
sh603650,彤程新材,2025-09-24 10:01:59,39.96,8322,39.96,U
sh603650,彤程新材,2025-09-24 10:02:02,39.99,76100,39.96,U
sh603650,彤程新材,2025-09-24 10:02:05,40.05,153400,39.99,U
sh603650,彤程新材,2025-09-24 10:02:08,40.14,104100,40.05,U
sh603650,彤程新材,2025-09-24 10:02:11,40.16,8100,40.14,U
sh603650,彤程新材,2025-09-24 10:02:14,40.2,17800,40.16,U
sh603650,彤程新材,2025-09-24 10:02:17,40.25,29400,40.2,U
sh603650,彤程新材,2025-09-24 10:02:20,40.26,25300,40.25,U
sh603650,彤程新材,2025-09-24 10:02:23,40.26,41600,40.26,U
sh603650,彤程新材,2025-09-24 10:02:26,40.29,14600,40.26,U
sh603650,彤程新材,2025-09-24 10:02:29,40.26,14700,40.29,D
sh603650,彤程新材,2025-09-24 10:02:32,40.18,117700,40.26,D
sh603650,彤程新材,2025-09-24 10:02:35,40.16,20000,40.18,D
sh603650,彤程新材,2025-09-24 10:02:38,40.29,20400,40.16,U
sh603650,彤程新材,2025-09-24 10:02:41,40.25,13700,40.29,E
sh603650,彤程新材,2025-09-24 10:02:44,40.29,14500,40.25,U
sh603650,彤程新材,2025-09-24 10:02:47,40.29,19900,40.29,U
sh603650,彤程新材,2025-09-24 10:02:50,40.29,18400,40.29,U
sh603650,彤程新材,2025-09-24 10:02:53,40.28,41900,40.29,E
sh603650,彤程新材,2025-09-24 10:02:56,40.24,40600,40.28,E
sh603650,彤程新材,2025-09-24 10:02:59,40.19,43000,40.24,U
sh603650,彤程新材,2025-09-24 10:03:02,40.19,9800,40.19,U
sh603650,彤程新材,2025-09-24 10:03:05,40.26,35400,40.19,U
sh603650,彤程新材,2025-09-24 10:03:08,40.25,6300,40.26,E
sh603650,彤程新材,2025-09-24 10:03:11,40.17,8100,40.25,D
sh603650,彤程新材,2025-09-24 10:03:14,40.07,28200,40.17,D
sh603650,彤程新材,2025-09-24 10:03:17,39.99,75500,40.07,D
sh603650,彤程新材,2025-09-24 10:03:20,39.98,8500,39.99,E
sh603650,彤程新材,2025-09-24 10:03:26,39.99,7700,39.98,U
sh603650,彤程新材,2025-09-24 10:03:29,39.99,13300,39.99,D
sh603650,彤程新材,2025-09-24 10:03:38,40.04,13200,40.0,U
sh603650,彤程新材,2025-09-24 10:03:41,40.05,14800,40.04,U
sh603650,彤程新材,2025-09-24 10:03:44,40.06,9200,40.05,U
sh603650,彤程新材,2025-09-24 10:03:47,40.07,5700,40.06,E
sh603650,彤程新材,2025-09-24 10:03:50,40.12,12500,40.07,U
sh603650,彤程新材,2025-09-24 10:03:53,40.12,22600,40.12,U
sh603650,彤程新材,2025-09-24 10:03:59,40.12,38900,40.15,D
sh603650,彤程新材,2025-09-24 10:04:02,40.03,65300,40.12,D
sh603650,彤程新材,2025-09-24 10:04:05,39.99,101700,40.03,D
sh603650,彤程新材,2025-09-24 10:04:08,40.0,8900,39.99,U
sh603650,彤程新材,2025-09-24 10:04:11,39.99,12400,40.0,D
sh603650,彤程新材,2025-09-24 10:04:14,40.02,24200,39.99,U
sh603650,彤程新材,2025-09-24 10:04:17,40.03,8800,40.02,U
sh603650,彤程新材,2025-09-24 10:04:20,40.03,12600,40.03,U
sh603650,彤程新材,2025-09-24 10:04:23,40.04,20200,40.03,U
sh603650,彤程新材,2025-09-24 10:04:26,40.02,22900,40.04,D
sh603650,彤程新材,2025-09-24 10:04:29,40.0,51700,40.02,D
sh603650,彤程新材,2025-09-24 10:04:32,39.99,36700,40.0,D
sh603650,彤程新材,2025-09-24 10:04:35,39.98,6000,39.99,E
sh603650,彤程新材,2025-09-24 10:04:44,39.91,9300,39.9,E
sh603650,彤程新材,2025-09-24 10:04:50,39.9,8900,39.92,D
sh603650,彤程新材,2025-09-24 10:04:53,39.92,13500,39.9,U
sh603650,彤程新材,2025-09-24 10:04:56,39.92,7700,39.92,U
sh603650,彤程新材,2025-09-24 10:05:02,39.92,13200,39.92,D
sh603650,彤程新材,2025-09-24 10:05:05,39.92,5100,39.92,E
sh603650,彤程新材,2025-09-24 10:05:14,39.91,27500,39.91,D
sh603650,彤程新材,2025-09-24 10:05:23,39.85,31000,39.89,D
sh603650,彤程新材,2025-09-24 10:05:26,39.85,6900,39.85,D
sh603650,彤程新材,2025-09-24 10:05:38,39.83,19400,39.83,E
sh603650,彤程新材,2025-09-24 10:05:44,39.84,7100,39.87,D
sh603650,彤程新材,2025-09-24 10:05:47,39.83,17600,39.84,D
sh603650,彤程新材,2025-09-24 10:05:50,39.83,8400,39.83,D
sh603650,彤程新材,2025-09-24 10:05:56,39.85,11300,39.85,D
sh603650,彤程新材,2025-09-24 10:05:59,39.87,5200,39.85,U
sh603650,彤程新材,2025-09-24 10:06:02,39.88,11500,39.87,U
sh603650,彤程新材,2025-09-24 10:06:08,39.92,12700,39.89,U
sh603650,彤程新材,2025-09-24 10:06:14,40.05,24900,39.98,U
sh603650,彤程新材,2025-09-24 10:06:17,40.05,5900,40.05,U
sh603650,彤程新材,2025-09-24 10:06:23,40.1,6800,40.08,U
sh603650,彤程新材,2025-09-24 10:06:26,40.12,11700,40.1,U
sh603650,彤程新材,2025-09-24 10:06:29,40.12,16200,40.12,U
sh603650,彤程新材,2025-09-24 10:06:32,40.15,14000,40.12,U
sh603650,彤程新材,2025-09-24 10:06:35,40.16,8100,40.15,U
sh603650,彤程新材,2025-09-24 10:06:38,40.15,6200,40.16,D
sh603650,彤程新材,2025-09-24 10:06:41,40.17,34300,40.15,U
sh603650,彤程新材,2025-09-24 10:06:44,40.16,8100,40.17,E
sh603650,彤程新材,2025-09-24 10:06:47,40.15,32300,40.16,D
sh603650,彤程新材,2025-09-24 10:06:50,40.15,24600,40.15,U
sh603650,彤程新材,2025-09-24 10:06:53,40.08,15400,40.15,D
sh603650,彤程新材,2025-09-24 10:07:02,40.0,25900,40.07,D
sh603650,彤程新材,2025-09-24 10:07:05,39.95,20400,40.0,D
sh603650,彤程新材,2025-09-24 10:07:08,39.92,7900,39.95,D
sh603650,彤程新材,2025-09-24 10:07:11,39.88,41000,39.92,D
sh603650,彤程新材,2025-09-24 10:07:14,39.87,12000,39.88,D
sh603650,彤程新材,2025-09-24 10:07:17,39.85,16300,39.87,D
sh603650,彤程新材,2025-09-24 10:07:20,39.85,9100,39.85,D
sh603650,彤程新材,2025-09-24 10:07:23,39.85,10300,39.85,U
sh603650,彤程新材,2025-09-24 10:07:26,39.82,16900,39.85,D
sh603650,彤程新材,2025-09-24 10:07:29,39.83,55500,39.82,U
sh603650,彤程新材,2025-09-24 10:07:32,39.8,12300,39.83,D
sh603650,彤程新材,2025-09-24 10:07:38,39.8,15700,39.8,U
sh603650,彤程新材,2025-09-24 10:07:41,39.8,8800,39.8,D
sh603650,彤程新材,2025-09-24 10:07:44,39.78,8600,39.8,D
sh603650,彤程新材,2025-09-24 10:07:47,39.8,10000,39.78,U
sh603650,彤程新材,2025-09-24 10:07:50,39.79,31900,39.8,D
sh603650,彤程新材,2025-09-24 10:07:53,39.8,15400,39.79,E
sh603650,彤程新材,2025-09-24 10:07:56,39.8,8000,39.8,D
sh603650,彤程新材,2025-09-24 10:07:59,39.86,10100,39.8,U
sh603650,彤程新材,2025-09-24 10:08:02,39.88,19900,39.86,U
sh603650,彤程新材,2025-09-24 10:08:05,39.92,6600,39.88,U
sh603650,彤程新材,2025-09-24 10:08:08,40.02,26200,39.92,U
sh603650,彤程新材,2025-09-24 10:08:11,39.91,8900,40.02,D
sh603650,彤程新材,2025-09-24 10:08:14,40.0,16700,39.91,U
sh603650,彤程新材,2025-09-24 10:08:20,40.0,11400,40.03,D
sh603650,彤程新材,2025-09-24 10:08:26,40.03,5300,40.05,D
sh603650,彤程新材,2025-09-24 10:08:29,40.05,5400,40.03,U
sh603650,彤程新材,2025-09-24 10:08:32,40.05,6300,40.05,D
sh603650,彤程新材,2025-09-24 10:08:35,40.07,18000,40.05,U
sh603650,彤程新材,2025-09-24 10:08:38,40.08,19800,40.07,U
sh603650,彤程新材,2025-09-24 10:08:41,40.07,6600,40.08,D
sh603650,彤程新材,2025-09-24 10:08:44,40.09,23300,40.07,U
sh603650,彤程新材,2025-09-24 10:08:47,40.07,11600,40.09,U
sh603650,彤程新材,2025-09-24 10:08:50,40.08,14500,40.07,U
sh603650,彤程新材,2025-09-24 10:08:53,40.1,13900,40.08,U
sh603650,彤程新材,2025-09-24 10:08:56,40.1,12800,40.1,D
sh603650,彤程新材,2025-09-24 10:08:59,40.11,10800,40.1,U
sh603650,彤程新材,2025-09-24 10:09:02,40.12,19500,40.11,U
sh603650,彤程新材,2025-09-24 10:09:05,40.19,54800,40.12,U
sh603650,彤程新材,2025-09-24 10:09:08,40.21,14600,40.19,U
sh603650,彤程新材,2025-09-24 10:09:11,40.25,32300,40.21,U
sh603650,彤程新材,2025-09-24 10:09:14,40.28,14500,40.25,U
sh603650,彤程新材,2025-09-24 10:09:17,40.27,16200,40.28,U
sh603650,彤程新材,2025-09-24 10:09:20,40.28,13600,40.27,U
sh603650,彤程新材,2025-09-24 10:09:23,40.28,25000,40.28,U
sh603650,彤程新材,2025-09-24 10:09:26,40.29,29900,40.28,U
sh603650,彤程新材,2025-09-24 10:09:29,40.22,180600,40.29,D
sh603650,彤程新材,2025-09-24 10:09:32,40.19,27100,40.22,D
sh603650,彤程新材,2025-09-24 10:09:35,40.19,17000,40.19,U
sh603650,彤程新材,2025-09-24 10:09:38,40.19,9900,40.19,U
sh603650,彤程新材,2025-09-24 10:09:41,40.14,20900,40.19,D
sh603650,彤程新材,2025-09-24 10:09:44,40.1,13100,40.14,D
sh603650,彤程新材,2025-09-24 10:09:47,40.1,10200,40.1,D
sh603650,彤程新材,2025-09-24 10:09:50,40.12,8000,40.1,U
sh603650,彤程新材,2025-09-24 10:09:53,40.09,22400,40.12,D
sh603650,彤程新材,2025-09-24 10:09:56,40.1,11200,40.09,U
sh603650,彤程新材,2025-09-24 10:10:02,40.0,20400,40.14,D
sh603650,彤程新材,2025-09-24 10:10:05,39.9,24000,40.0,D
sh603650,彤程新材,2025-09-24 10:10:08,39.87,9800,39.9,D
sh603650,彤程新材,2025-09-24 10:10:11,39.94,8900,39.87,U
sh603650,彤程新材,2025-09-24 10:10:14,39.84,8100,39.94,D
sh603650,彤程新材,2025-09-24 10:10:17,39.84,24900,39.84,D
sh603650,彤程新材,2025-09-24 10:10:20,39.79,13400,39.84,D
sh603650,彤程新材,2025-09-24 10:10:29,39.78,27500,39.78,D
sh603650,彤程新材,2025-09-24 10:10:32,39.78,35300,39.78,D
sh603650,彤程新材,2025-09-24 10:10:35,39.78,7100,39.78,D
sh603650,彤程新材,2025-09-24 10:10:38,39.8,49353,39.78,U
sh603650,彤程新材,2025-09-24 10:10:41,39.78,8147,39.8,D
sh603650,彤程新材,2025-09-24 10:10:47,39.78,9900,39.78,U
sh603650,彤程新材,2025-09-24 10:10:50,39.72,32700,39.78,D
sh603650,彤程新材,2025-09-24 10:10:53,39.71,14300,39.72,D
sh603650,彤程新材,2025-09-24 10:10:56,39.76,15300,39.71,U
sh603650,彤程新材,2025-09-24 10:10:59,39.73,13300,39.76,D
sh603650,彤程新材,2025-09-24 10:11:02,39.73,39500,39.73,D
sh603650,彤程新材,2025-09-24 10:11:05,39.79,30100,39.73,U
sh603650,彤程新材,2025-09-24 10:11:08,39.73,28200,39.79,D
sh603650,彤程新材,2025-09-24 10:11:17,39.77,11700,39.75,U
sh603650,彤程新材,2025-09-24 10:11:20,39.75,10200,39.77,D
sh603650,彤程新材,2025-09-24 10:11:23,39.75,8100,39.75,D
sh603650,彤程新材,2025-09-24 10:11:26,39.77,8600,39.75,U
sh603650,彤程新材,2025-09-24 10:11:29,39.76,11100,39.77,D
sh603650,彤程新材,2025-09-24 10:11:32,39.77,6400,39.76,U
sh603650,彤程新材,2025-09-24 10:11:38,39.74,43900,39.76,D
sh603650,彤程新材,2025-09-24 10:11:41,39.7,30300,39.74,D
sh603650,彤程新材,2025-09-24 10:11:44,39.71,12800,39.7,E
sh603650,彤程新材,2025-09-24 10:11:47,39.7,18700,39.71,D
sh603650,彤程新材,2025-09-24 10:11:50,39.67,5100,39.7,D
sh603650,彤程新材,2025-09-24 10:11:53,39.7,7400,39.67,U
sh603650,彤程新材,2025-09-24 10:11:59,39.67,10400,39.68,E
sh603650,彤程新材,2025-09-24 10:12:02,39.68,14800,39.67,U
sh603650,彤程新材,2025-09-24 10:12:05,39.68,18400,39.68,D
sh603650,彤程新材,2025-09-24 10:12:08,39.68,24000,39.68,D
sh603650,彤程新材,2025-09-24 10:12:14,39.7,7900,39.69,U
sh603650,彤程新材,2025-09-24 10:12:20,39.76,30700,39.7,U
sh603650,彤程新材,2025-09-24 10:12:23,39.71,14000,39.76,D
sh603650,彤程新材,2025-09-24 10:12:32,39.77,6300,39.74,E
sh603650,彤程新材,2025-09-24 10:12:38,39.73,7800,39.74,D
sh603650,彤程新材,2025-09-24 10:12:41,39.73,20100,39.73,D
sh603650,彤程新材,2025-09-24 10:12:59,39.76,27300,39.76,D
sh603650,彤程新材,2025-09-24 10:13:02,39.77,17700,39.76,D
sh603650,彤程新材,2025-09-24 10:13:05,39.76,23000,39.77,D
sh603650,彤程新材,2025-09-24 10:13:08,39.7,21000,39.76,D
sh603650,彤程新材,2025-09-24 10:13:11,39.74,15900,39.7,U
sh603650,彤程新材,2025-09-24 10:13:20,39.69,18700,39.69,D
sh603650,彤程新材,2025-09-24 10:13:23,39.69,7700,39.69,U
sh603650,彤程新材,2025-09-24 10:13:29,39.69,25900,39.69,U
sh603650,彤程新材,2025-09-24 10:13:32,39.65,13300,39.69,D
sh603650,彤程新材,2025-09-24 10:13:35,39.66,18100,39.65,U
sh603650,彤程新材,2025-09-24 10:13:44,39.6,19600,39.63,D
sh603650,彤程新材,2025-09-24 10:13:47,39.61,5700,39.6,U
sh603650,彤程新材,2025-09-24 10:13:50,39.6,13100,39.61,D
sh603650,彤程新材,2025-09-24 10:13:56,39.6,21700,39.58,U
sh603650,彤程新材,2025-09-24 10:13:59,39.6,15000,39.6,D
sh603650,彤程新材,2025-09-24 10:14:02,39.61,15700,39.6,D
sh603650,彤程新材,2025-09-24 10:14:08,39.6,5100,39.61,D
sh603650,彤程新材,2025-09-24 10:14:11,39.58,12000,39.6,D
sh603650,彤程新材,2025-09-24 10:14:14,39.6,19800,39.58,U
sh603650,彤程新材,2025-09-24 10:14:17,39.58,14500,39.6,D
sh603650,彤程新材,2025-09-24 10:14:20,39.6,10200,39.58,U
sh603650,彤程新材,2025-09-24 10:14:23,39.6,6900,39.6,U
sh603650,彤程新材,2025-09-24 10:14:29,39.6,8800,39.61,E
sh603650,彤程新材,2025-09-24 10:14:32,39.57,12000,39.6,D
sh603650,彤程新材,2025-09-24 10:14:35,39.57,11600,39.57,U
sh603650,彤程新材,2025-09-24 10:14:38,39.57,39400,39.57,U
sh603650,彤程新材,2025-09-24 10:14:41,39.57,9700,39.57,D
sh603650,彤程新材,2025-09-24 10:14:50,39.57,10600,39.57,U
sh603650,彤程新材,2025-09-24 10:14:53,39.57,6400,39.57,D
sh603650,彤程新材,2025-09-24 10:15:02,39.54,5800,39.56,D
sh603650,彤程新材,2025-09-24 10:15:05,39.54,5100,39.54,U
sh603650,彤程新材,2025-09-24 10:15:14,39.53,8500,39.53,D
sh603650,彤程新材,2025-09-24 10:15:23,39.52,8500,39.53,D
sh603650,彤程新材,2025-09-24 10:15:29,39.52,14200,39.52,D
sh603650,彤程新材,2025-09-24 10:15:32,39.52,15600,39.52,U
sh603650,彤程新材,2025-09-24 10:15:35,39.52,9800,39.52,U
sh603650,彤程新材,2025-09-24 10:15:41,39.52,20300,39.52,D
sh603650,彤程新材,2025-09-24 10:15:47,39.52,5900,39.52,D
sh603650,彤程新材,2025-09-24 10:15:53,39.52,5100,39.53,D
sh603650,彤程新材,2025-09-24 10:15:59,39.52,6300,39.52,U
sh603650,彤程新材,2025-09-24 10:16:02,39.53,5900,39.52,U
sh603650,彤程新材,2025-09-24 10:16:05,39.53,6400,39.53,U
sh603650,彤程新材,2025-09-24 10:16:14,39.52,32400,39.56,D
sh603650,彤程新材,2025-09-24 10:16:17,39.57,6400,39.52,U
sh603650,彤程新材,2025-09-24 10:16:23,39.58,7300,39.55,U
sh603650,彤程新材,2025-09-24 10:16:29,39.58,19300,39.58,U
sh603650,彤程新材,2025-09-24 10:16:32,39.63,35200,39.58,U
sh603650,彤程新材,2025-09-24 10:16:47,39.68,9700,39.68,U
sh603650,彤程新材,2025-09-24 10:17:02,39.77,16800,39.77,U
sh603650,彤程新材,2025-09-24 10:17:05,39.78,8300,39.77,U
sh603650,彤程新材,2025-09-24 10:17:08,39.78,11100,39.78,D
sh603650,彤程新材,2025-09-24 10:17:11,39.79,6000,39.78,U
sh603650,彤程新材,2025-09-24 10:17:14,39.88,11800,39.79,U
sh603650,彤程新材,2025-09-24 10:17:17,39.78,50500,39.88,D
sh603650,彤程新材,2025-09-24 10:17:29,39.86,9900,39.85,E
sh603650,彤程新材,2025-09-24 10:17:38,39.89,11100,39.88,U
sh603650,彤程新材,2025-09-24 10:17:41,39.88,30600,39.89,D
sh603650,彤程新材,2025-09-24 10:17:44,39.9,7000,39.88,U
sh603650,彤程新材,2025-09-24 10:17:50,39.9,5300,39.9,D
sh603650,彤程新材,2025-09-24 10:17:56,39.89,27400,39.91,D
sh603650,彤程新材,2025-09-24 10:17:59,39.86,15000,39.89,D
sh603650,彤程新材,2025-09-24 10:18:02,39.88,6100,39.86,U
sh603650,彤程新材,2025-09-24 10:18:14,39.85,6900,39.84,U
sh603650,彤程新材,2025-09-24 10:18:17,39.88,56500,39.85,U
sh603650,彤程新材,2025-09-24 10:18:20,39.87,13900,39.88,D
sh603650,彤程新材,2025-09-24 10:18:29,39.88,5300,39.94,D
sh603650,彤程新材,2025-09-24 10:18:35,39.87,8300,39.88,D
sh603650,彤程新材,2025-09-24 10:18:41,39.89,5500,39.88,U
sh603650,彤程新材,2025-09-24 10:18:44,39.9,27000,39.89,U
sh603650,彤程新材,2025-09-24 10:18:47,39.93,11200,39.9,U
sh603650,彤程新材,2025-09-24 10:18:56,39.97,29100,39.97,U
sh603650,彤程新材,2025-09-24 10:18:59,39.9,19513,39.97,D
sh603650,彤程新材,2025-09-24 10:19:08,39.88,6800,39.89,D
sh603650,彤程新材,2025-09-24 10:19:11,39.92,5887,39.88,U
sh603650,彤程新材,2025-09-24 10:19:23,39.89,7500,39.92,D
sh603650,彤程新材,2025-09-24 10:19:26,39.96,7400,39.89,U
sh603650,彤程新材,2025-09-24 10:19:29,39.92,5900,39.96,D
sh603650,彤程新材,2025-09-24 10:19:35,39.97,5900,39.96,U
sh603650,彤程新材,2025-09-24 10:19:44,39.98,15800,39.96,U
sh603650,彤程新材,2025-09-24 10:19:50,40.0,55287,39.98,U
sh603650,彤程新材,2025-09-24 10:19:53,40.03,24100,40.0,U
sh603650,彤程新材,2025-09-24 10:19:56,40.0,6800,40.03,D
sh603650,彤程新材,2025-09-24 10:20:08,40.04,11300,40.04,U
sh603650,彤程新材,2025-09-24 10:20:11,40.06,7500,40.04,U
sh603650,彤程新材,2025-09-24 10:20:14,40.05,6400,40.06,D
sh603650,彤程新材,2025-09-24 10:20:17,40.08,11400,40.05,U
sh603650,彤程新材,2025-09-24 10:20:32,40.06,9400,40.06,U
sh603650,彤程新材,2025-09-24 10:20:38,40.06,11000,40.01,U
sh603650,彤程新材,2025-09-24 10:20:53,40.06,5700,40.03,U
sh603650,彤程新材,2025-09-24 10:20:56,40.03,13600,40.06,E
sh603650,彤程新材,2025-09-24 10:21:02,40.11,77100,40.02,U
sh603650,彤程新材,2025-09-24 10:21:05,40.1,14700,40.11,D
sh603650,彤程新材,2025-09-24 10:21:08,40.06,5200,40.1,D
sh603650,彤程新材,2025-09-24 10:21:17,40.08,10300,40.06,U
sh603650,彤程新材,2025-09-24 10:21:20,40.07,5100,40.08,D
sh603650,彤程新材,2025-09-24 10:21:23,40.09,8300,40.07,U
sh603650,彤程新材,2025-09-24 10:21:26,40.05,32500,40.09,D
sh603650,彤程新材,2025-09-24 10:21:29,40.05,5000,40.05,U
sh603650,彤程新材,2025-09-24 10:21:32,40.06,5300,40.05,U
sh603650,彤程新材,2025-09-24 10:21:38,40.03,6900,40.05,D
sh603650,彤程新材,2025-09-24 10:21:41,40.03,7200,40.03,U
sh603650,彤程新材,2025-09-24 10:21:59,40.0,17800,40.02,D
sh603650,彤程新材,2025-09-24 10:22:08,40.0,18000,40.01,E
sh603650,彤程新材,2025-09-24 10:22:20,39.98,7200,39.96,U
sh603650,彤程新材,2025-09-24 10:22:32,40.0,49200,39.96,U
sh603650,彤程新材,2025-09-24 10:22:35,40.01,33400,40.0,U
sh603650,彤程新材,2025-09-24 10:22:38,39.97,7200,40.01,D
sh603650,彤程新材,2025-09-24 10:22:44,39.98,10100,39.99,D
sh603650,彤程新材,2025-09-24 10:22:56,40.02,25000,39.99,U
sh603650,彤程新材,2025-09-24 10:22:59,40.03,18300,40.02,U
sh603650,彤程新材,2025-09-24 10:23:02,40.09,8400,40.03,U
sh603650,彤程新材,2025-09-24 10:23:05,40.09,10900,40.09,U
sh603650,彤程新材,2025-09-24 10:23:11,40.1,16300,40.09,U
sh603650,彤程新材,2025-09-24 10:23:14,40.19,23400,40.1,U
sh603650,彤程新材,2025-09-24 10:23:20,40.19,8700,40.18,U
sh603650,彤程新材,2025-09-24 10:23:23,40.18,50500,40.19,D
sh603650,彤程新材,2025-09-24 10:23:29,40.18,7700,40.17,U
sh603650,彤程新材,2025-09-24 10:23:32,40.11,10300,40.18,D
sh603650,彤程新材,2025-09-24 10:23:47,40.17,14600,40.1,U
sh603650,彤程新材,2025-09-24 10:23:50,40.17,8100,40.17,U
sh603650,彤程新材,2025-09-24 10:24:08,40.11,6400,40.11,E
sh603650,彤程新材,2025-09-24 10:24:11,40.11,11300,40.11,D
sh603650,彤程新材,2025-09-24 10:24:32,40.1,5900,40.08,U
sh603650,彤程新材,2025-09-24 10:24:35,40.08,11200,40.1,D
sh603650,彤程新材,2025-09-24 10:24:53,40.07,5000,40.08,D
sh603650,彤程新材,2025-09-24 10:24:56,40.06,5100,40.07,D
sh603650,彤程新材,2025-09-24 10:25:02,40.1,11600,40.07,U
sh603650,彤程新材,2025-09-24 10:25:08,40.1,8800,40.08,U
sh603650,彤程新材,2025-09-24 10:25:11,40.13,18000,40.1,U
sh603650,彤程新材,2025-09-24 10:25:14,40.18,101733,40.13,U
sh603650,彤程新材,2025-09-24 10:25:17,40.23,11300,40.18,U
sh603650,彤程新材,2025-09-24 10:25:20,40.27,29300,40.23,U
sh603650,彤程新材,2025-09-24 10:25:23,40.28,15200,40.27,U
sh603650,彤程新材,2025-09-24 10:25:26,40.28,27900,40.28,U
sh603650,彤程新材,2025-09-24 10:25:29,40.3,27200,40.28,U
sh603650,彤程新材,2025-09-24 10:25:32,40.29,66700,40.3,E
sh603650,彤程新材,2025-09-24 10:25:35,40.32,13066,40.29,U
sh603650,彤程新材,2025-09-24 10:25:38,40.3,25500,40.32,D
sh603650,彤程新材,2025-09-24 10:25:41,40.34,14200,40.3,U
sh603650,彤程新材,2025-09-24 10:25:44,40.34,26300,40.34,U
sh603650,彤程新材,2025-09-24 10:25:47,40.34,10300,40.34,U
sh603650,彤程新材,2025-09-24 10:25:50,40.33,16200,40.34,D
sh603650,彤程新材,2025-09-24 10:25:53,40.32,17900,40.33,D
sh603650,彤程新材,2025-09-24 10:25:56,40.32,43900,40.32,D
sh603650,彤程新材,2025-09-24 10:25:59,40.3,5500,40.32,E
sh603650,彤程新材,2025-09-24 10:26:05,40.24,8100,40.21,U
sh603650,彤程新材,2025-09-24 10:26:08,40.12,10400,40.24,D
sh603650,彤程新材,2025-09-24 10:26:11,40.11,18300,40.12,E
sh603650,彤程新材,2025-09-24 10:26:17,40.1,13800,40.1,E
sh603650,彤程新材,2025-09-24 10:26:38,40.23,85000,40.29,D
sh603650,彤程新材,2025-09-24 10:26:44,40.23,10800,40.23,U
sh603650,彤程新材,2025-09-24 10:26:47,40.22,9900,40.23,D
sh603650,彤程新材,2025-09-24 10:26:50,40.23,73400,40.22,U
sh603650,彤程新材,2025-09-24 10:26:56,40.22,5400,40.22,U
sh603650,彤程新材,2025-09-24 10:26:59,40.21,6400,40.22,D
sh603650,彤程新材,2025-09-24 10:27:02,40.2,7600,40.21,D
sh603650,彤程新材,2025-09-24 10:27:08,40.23,10700,40.22,U
sh603650,彤程新材,2025-09-24 10:27:11,40.25,37400,40.23,U
sh603650,彤程新材,2025-09-24 10:27:29,40.25,11700,40.25,U
sh603650,彤程新材,2025-09-24 10:27:32,40.23,11900,40.25,D
sh603650,彤程新材,2025-09-24 10:27:38,40.22,5900,40.25,D
sh603650,彤程新材,2025-09-24 10:27:41,40.23,6200,40.22,U
sh603650,彤程新材,2025-09-24 10:27:44,40.25,6300,40.23,U
sh603650,彤程新材,2025-09-24 10:27:50,40.24,16900,40.25,E
sh603650,彤程新材,2025-09-24 10:28:05,40.25,13000,40.25,U
sh603650,彤程新材,2025-09-24 10:28:08,40.24,13700,40.25,D
sh603650,彤程新材,2025-09-24 10:28:14,40.24,6300,40.24,D
sh603650,彤程新材,2025-09-24 10:28:17,40.21,39600,40.24,D
sh603650,彤程新材,2025-09-24 10:28:20,40.21,47000,40.21,D
sh603650,彤程新材,2025-09-24 10:28:23,40.16,6000,40.21,D
sh603650,彤程新材,2025-09-24 10:28:26,40.22,12000,40.16,U
sh603650,彤程新材,2025-09-24 10:28:32,40.22,6000,40.12,U
sh603650,彤程新材,2025-09-24 10:28:50,40.24,14100,40.21,U
sh603650,彤程新材,2025-09-24 10:28:53,40.18,5600,40.24,D
sh603650,彤程新材,2025-09-24 10:28:59,40.21,8500,40.21,D
sh603650,彤程新材,2025-09-24 10:29:02,40.22,5200,40.21,U
sh603650,彤程新材,2025-09-24 10:29:05,40.21,12500,40.22,D
sh603650,彤程新材,2025-09-24 10:29:08,40.19,12700,40.21,D
sh603650,彤程新材,2025-09-24 10:29:14,40.2,12900,40.2,D
sh603650,彤程新材,2025-09-24 10:29:17,40.2,5100,40.2,U
sh603650,彤程新材,2025-09-24 10:29:23,40.19,5400,40.19,U
sh603650,彤程新材,2025-09-24 10:29:26,40.19,18200,40.19,D
sh603650,彤程新材,2025-09-24 10:29:32,40.22,9100,40.19,U
sh603650,彤程新材,2025-09-24 10:29:38,40.2,7900,40.2,U
sh603650,彤程新材,2025-09-24 10:29:41,40.2,10300,40.2,U
sh603650,彤程新材,2025-09-24 10:29:44,40.19,6900,40.2,D
sh603650,彤程新材,2025-09-24 10:29:50,40.17,5800,40.19,D
sh603650,彤程新材,2025-09-24 10:30:05,40.2,21100,40.17,U
sh603650,彤程新材,2025-09-24 10:30:11,40.19,25800,40.19,D
sh603650,彤程新材,2025-09-24 10:30:14,40.23,39600,40.19,U
sh603650,彤程新材,2025-09-24 10:30:17,40.33,109100,40.23,U
sh603650,彤程新材,2025-09-24 10:30:20,40.2,45300,40.33,D
sh603650,彤程新材,2025-09-24 10:30:23,40.36,5000,40.2,U
sh603650,彤程新材,2025-09-24 10:30:26,40.37,9300,40.36,U
sh603650,彤程新材,2025-09-24 10:30:32,40.38,7200,40.36,U
sh603650,彤程新材,2025-09-24 10:30:35,40.38,12200,40.38,U
sh603650,彤程新材,2025-09-24 10:30:38,40.38,6600,40.38,U
sh603650,彤程新材,2025-09-24 10:30:41,40.4,12000,40.38,U
sh603650,彤程新材,2025-09-24 10:30:44,40.4,8100,40.4,U
sh603650,彤程新材,2025-09-24 10:30:47,40.4,10200,40.4,U
sh603650,彤程新材,2025-09-24 10:30:50,40.48,25700,40.4,U
sh603650,彤程新材,2025-09-24 10:30:53,40.44,5400,40.48,E
sh603650,彤程新材,2025-09-24 10:30:56,40.4,63000,40.44,D
sh603650,彤程新材,2025-09-24 10:30:59,40.37,21000,40.4,U
sh603650,彤程新材,2025-09-24 10:31:02,40.37,27900,40.37,E
sh603650,彤程新材,2025-09-24 10:31:05,40.37,20800,40.37,U
sh603650,彤程新材,2025-09-24 10:31:08,40.34,5000,40.37,D
sh603650,彤程新材,2025-09-24 10:31:14,40.24,32000,40.25,D
sh603650,彤程新材,2025-09-24 10:31:17,40.23,8400,40.24,E
sh603650,彤程新材,2025-09-24 10:31:23,40.15,28300,40.19,D
sh603650,彤程新材,2025-09-24 10:31:29,40.05,21300,40.1,D
sh603650,彤程新材,2025-09-24 10:31:32,40.05,9200,40.05,D
sh603650,彤程新材,2025-09-24 10:31:35,40.06,5700,40.05,U
sh603650,彤程新材,2025-09-24 10:31:38,40.03,5300,40.06,D
sh603650,彤程新材,2025-09-24 10:31:41,40.06,5300,40.03,U
sh603650,彤程新材,2025-09-24 10:31:44,40.07,5600,40.06,U
sh603650,彤程新材,2025-09-24 10:31:47,40.02,10800,40.07,E
sh603650,彤程新材,2025-09-24 10:31:50,40.03,12200,40.02,U
sh603650,彤程新材,2025-09-24 10:31:53,40.01,11500,40.03,D
sh603650,彤程新材,2025-09-24 10:31:59,40.08,6100,40.04,U
sh603650,彤程新材,2025-09-24 10:32:02,40.05,10900,40.08,D
sh603650,彤程新材,2025-09-24 10:32:05,40.09,5000,40.05,U
sh603650,彤程新材,2025-09-24 10:32:11,40.0,29900,40.05,D
sh603650,彤程新材,2025-09-24 10:32:14,39.98,26300,40.0,D
sh603650,彤程新材,2025-09-24 10:32:20,40.0,6700,39.96,U
sh603650,彤程新材,2025-09-24 10:32:23,40.0,5800,40.0,D
sh603650,彤程新材,2025-09-24 10:32:38,39.97,8600,39.99,D
sh603650,彤程新材,2025-09-24 10:32:47,39.97,5700,39.96,U
sh603650,彤程新材,2025-09-24 10:32:50,39.97,9300,39.97,U
sh603650,彤程新材,2025-09-24 10:32:56,39.99,14400,39.96,U
sh603650,彤程新材,2025-09-24 10:32:59,39.99,21300,39.99,U
sh603650,彤程新材,2025-09-24 10:33:08,39.98,7100,39.99,E
sh603650,彤程新材,2025-09-24 10:33:20,40.01,13900,40.01,D
sh603650,彤程新材,2025-09-24 10:33:35,40.08,6100,40.02,U
sh603650,彤程新材,2025-09-24 10:33:47,40.06,7100,40.05,E
sh603650,彤程新材,2025-09-24 10:34:11,40.05,5600,40.05,D
sh603650,彤程新材,2025-09-24 10:34:17,40.05,10300,40.06,D
sh603650,彤程新材,2025-09-24 10:34:20,40.05,11000,40.05,D
sh603650,彤程新材,2025-09-24 10:34:23,40.05,9300,40.05,D
sh603650,彤程新材,2025-09-24 10:34:44,40.06,15900,40.06,U
sh603650,彤程新材,2025-09-24 10:34:47,40.05,7100,40.06,D
sh603650,彤程新材,2025-09-24 10:34:53,40.05,33900,40.03,U
sh603650,彤程新材,2025-09-24 10:35:20,40.1,12000,40.08,U
sh603650,彤程新材,2025-09-24 10:35:41,40.17,7100,40.17,U
sh603650,彤程新材,2025-09-24 10:35:50,40.15,5300,40.15,U
sh603650,彤程新材,2025-09-24 10:35:53,40.17,19900,40.15,U
sh603650,彤程新材,2025-09-24 10:35:56,40.17,7000,40.17,D
sh603650,彤程新材,2025-09-24 10:36:08,40.13,5100,40.16,E
sh603650,彤程新材,2025-09-24 10:36:11,40.2,41800,40.13,U
sh603650,彤程新材,2025-09-24 10:36:14,40.15,10200,40.2,D
sh603650,彤程新材,2025-09-24 10:36:23,40.24,39000,40.15,U
sh603650,彤程新材,2025-09-24 10:36:26,40.25,8800,40.24,U
sh603650,彤程新材,2025-09-24 10:36:29,40.24,7000,40.25,D
sh603650,彤程新材,2025-09-24 10:36:32,40.2,7600,40.24,D
sh603650,彤程新材,2025-09-24 10:36:44,40.3,14600,40.2,U
sh603650,彤程新材,2025-09-24 10:36:59,40.4,23800,40.34,U
sh603650,彤程新材,2025-09-24 10:37:08,40.41,8000,40.41,D
sh603650,彤程新材,2025-09-24 10:37:11,40.41,26300,40.41,D
sh603650,彤程新材,2025-09-24 10:37:14,40.41,28400,40.41,U
sh603650,彤程新材,2025-09-24 10:37:17,40.42,25600,40.41,D
sh603650,彤程新材,2025-09-24 10:37:20,40.42,8300,40.42,D
sh603650,彤程新材,2025-09-24 10:37:23,40.42,21400,40.42,U
sh603650,彤程新材,2025-09-24 10:37:26,40.42,6000,40.42,U
sh603650,彤程新材,2025-09-24 10:37:29,40.39,11500,40.42,D
sh603650,彤程新材,2025-09-24 10:37:44,40.42,14800,40.42,U
sh603650,彤程新材,2025-09-24 10:37:53,40.39,10000,40.42,D
sh603650,彤程新材,2025-09-24 10:38:02,40.39,13300,40.39,U
sh603650,彤程新材,2025-09-24 10:38:11,40.39,9200,40.39,D
sh603650,彤程新材,2025-09-24 10:38:20,40.41,10600,40.41,U
sh603650,彤程新材,2025-09-24 10:38:35,40.39,10900,40.39,U
sh603650,彤程新材,2025-09-24 10:38:44,40.4,8200,40.39,U
sh603650,彤程新材,2025-09-24 10:38:53,40.4,13200,40.4,D
sh603650,彤程新材,2025-09-24 10:38:59,40.4,5100,40.4,D
sh603650,彤程新材,2025-09-24 10:39:05,40.34,15600,40.4,D
sh603650,彤程新材,2025-09-24 10:39:08,40.34,5000,40.34,E
sh603650,彤程新材,2025-09-24 10:39:11,40.3,49700,40.34,D
sh603650,彤程新材,2025-09-24 10:39:14,40.27,15900,40.3,D
sh603650,彤程新材,2025-09-24 10:39:17,40.34,40100,40.27,U
sh603650,彤程新材,2025-09-24 10:39:32,40.3,5900,40.3,D
sh603650,彤程新材,2025-09-24 10:39:59,40.3,38100,40.27,U
sh603650,彤程新材,2025-09-24 10:40:05,40.36,5500,40.3,U
sh603650,彤程新材,2025-09-24 10:40:11,40.31,10200,40.31,D
sh603650,彤程新材,2025-09-24 10:40:20,40.31,11300,40.31,U
sh603650,彤程新材,2025-09-24 10:40:23,40.3,7400,40.31,D
sh603650,彤程新材,2025-09-24 10:40:26,40.29,11800,40.3,D
sh603650,彤程新材,2025-09-24 10:40:32,40.31,8200,40.29,U
sh603650,彤程新材,2025-09-24 10:40:35,40.31,5500,40.31,D
sh603650,彤程新材,2025-09-24 10:40:38,40.35,10700,40.31,U
sh603650,彤程新材,2025-09-24 10:40:47,40.37,11400,40.36,U
sh603650,彤程新材,2025-09-24 10:40:56,40.4,6600,40.39,U
sh603650,彤程新材,2025-09-24 10:40:59,40.4,11700,40.4,D
sh603650,彤程新材,2025-09-24 10:41:05,40.4,9200,40.4,U
sh603650,彤程新材,2025-09-24 10:41:11,40.38,7800,40.38,D
sh603650,彤程新材,2025-09-24 10:41:14,40.4,18900,40.38,U
sh603650,彤程新材,2025-09-24 10:41:17,40.36,5300,40.4,D
sh603650,彤程新材,2025-09-24 10:41:20,40.4,10300,40.36,U
sh603650,彤程新材,2025-09-24 10:41:23,40.37,10500,40.4,D
sh603650,彤程新材,2025-09-24 10:41:32,40.38,6800,40.39,D
sh603650,彤程新材,2025-09-24 10:41:35,40.36,12400,40.38,D
sh603650,彤程新材,2025-09-24 10:41:38,40.35,37400,40.36,D
sh603650,彤程新材,2025-09-24 10:41:41,40.36,7100,40.35,U
sh603650,彤程新材,2025-09-24 10:41:44,40.36,7300,40.36,U
sh603650,彤程新材,2025-09-24 10:41:50,40.35,9500,40.36,U
sh603650,彤程新材,2025-09-24 10:41:56,40.36,9800,40.36,U
sh603650,彤程新材,2025-09-24 10:41:59,40.36,5800,40.36,D
sh603650,彤程新材,2025-09-24 10:42:02,40.32,41000,40.36,D
sh603650,彤程新材,2025-09-24 10:42:05,40.31,40900,40.32,D
sh603650,彤程新材,2025-09-24 10:42:08,40.38,37000,40.31,U
sh603650,彤程新材,2025-09-24 10:42:11,40.39,9500,40.38,U
sh603650,彤程新材,2025-09-24 10:42:14,40.37,6400,40.39,D
sh603650,彤程新材,2025-09-24 10:42:26,40.31,12400,40.31,D
sh603650,彤程新材,2025-09-24 10:42:29,40.31,21200,40.31,D
sh603650,彤程新材,2025-09-24 10:42:38,40.29,7000,40.3,D
sh603650,彤程新材,2025-09-24 10:42:47,40.3,5700,40.28,U
sh603650,彤程新材,2025-09-24 10:43:02,40.26,5700,40.26,D
sh603650,彤程新材,2025-09-24 10:43:11,40.27,15000,40.26,U
sh603650,彤程新材,2025-09-24 10:43:14,40.31,48300,40.27,U
sh603650,彤程新材,2025-09-24 10:43:20,40.31,6900,40.31,D
sh603650,彤程新材,2025-09-24 10:43:23,40.31,10000,40.31,D
sh603650,彤程新材,2025-09-24 10:43:32,40.31,25800,40.3,U
sh603650,彤程新材,2025-09-24 10:43:38,40.31,8800,40.31,D
sh603650,彤程新材,2025-09-24 10:43:44,40.31,5900,40.31,D
sh603650,彤程新材,2025-09-24 10:43:59,40.32,5000,40.31,U
sh603650,彤程新材,2025-09-24 10:44:02,40.32,21400,40.32,D
sh603650,彤程新材,2025-09-24 10:44:11,40.31,5500,40.32,D
sh603650,彤程新材,2025-09-24 10:44:14,40.31,5100,40.31,D
sh603650,彤程新材,2025-09-24 10:44:17,40.31,7100,40.31,D
sh603650,彤程新材,2025-09-24 10:44:20,40.3,8600,40.31,D
sh603650,彤程新材,2025-09-24 10:44:26,40.28,16500,40.3,D
sh603650,彤程新材,2025-09-24 10:44:29,40.26,7200,40.28,D
sh603650,彤程新材,2025-09-24 10:44:38,40.24,11300,40.26,D
sh603650,彤程新材,2025-09-24 10:44:47,40.24,7200,40.25,D
sh603650,彤程新材,2025-09-24 10:44:56,40.24,6200,40.24,D
sh603650,彤程新材,2025-09-24 10:45:02,40.22,25835,40.24,D
sh603650,彤程新材,2025-09-24 10:45:08,40.22,13000,40.23,D
sh603650,彤程新材,2025-09-24 10:45:29,40.18,12000,40.2,D
sh603650,彤程新材,2025-09-24 10:45:50,40.15,44000,40.19,D
sh603650,彤程新材,2025-09-24 10:45:53,40.19,16600,40.15,U
sh603650,彤程新材,2025-09-24 10:46:02,40.15,18000,40.15,D
sh603650,彤程新材,2025-09-24 10:46:17,40.14,5300,40.14,U
sh603650,彤程新材,2025-09-24 10:46:23,40.14,8213,40.13,U
sh603650,彤程新材,2025-09-24 10:46:26,40.15,10500,40.14,U
sh603650,彤程新材,2025-09-24 10:46:32,40.2,25000,40.14,U
sh603650,彤程新材,2025-09-24 10:46:50,40.3,15400,40.27,U
sh603650,彤程新材,2025-09-24 10:46:53,40.33,8300,40.3,U
sh603650,彤程新材,2025-09-24 10:46:56,40.36,7000,40.33,U
sh603650,彤程新材,2025-09-24 10:46:59,40.42,86800,40.36,U
sh603650,彤程新材,2025-09-24 10:47:02,40.43,24300,40.42,U
sh603650,彤程新材,2025-09-24 10:47:05,40.42,13100,40.43,D
sh603650,彤程新材,2025-09-24 10:47:08,40.46,41200,40.42,U
sh603650,彤程新材,2025-09-24 10:47:11,40.45,18100,40.46,D
sh603650,彤程新材,2025-09-24 10:47:14,40.5,126500,40.45,U
sh603650,彤程新材,2025-09-24 10:47:17,40.47,14800,40.5,D
sh603650,彤程新材,2025-09-24 10:47:20,40.5,9500,40.47,U
sh603650,彤程新材,2025-09-24 10:47:23,40.49,8300,40.5,D
sh603650,彤程新材,2025-09-24 10:47:26,40.49,8700,40.49,U
sh603650,彤程新材,2025-09-24 10:47:29,40.49,10900,40.49,U
sh603650,彤程新材,2025-09-24 10:47:32,40.49,8000,40.49,D
sh603650,彤程新材,2025-09-24 10:47:35,40.49,15300,40.49,D
sh603650,彤程新材,2025-09-24 10:47:41,40.46,8300,40.47,D
sh603650,彤程新材,2025-09-24 10:47:44,40.46,27400,40.46,D
sh603650,彤程新材,2025-09-24 10:47:47,40.43,18000,40.46,D
sh603650,彤程新材,2025-09-24 10:47:53,40.46,7100,40.45,U
sh603650,彤程新材,2025-09-24 10:48:14,40.51,87600,40.48,U
sh603650,彤程新材,2025-09-24 10:48:17,40.53,5900,40.51,U
sh603650,彤程新材,2025-09-24 10:48:26,40.55,8600,40.54,U
sh603650,彤程新材,2025-09-24 10:48:32,40.54,5900,40.54,D
sh603650,彤程新材,2025-09-24 10:48:38,40.57,10200,40.57,U
sh603650,彤程新材,2025-09-24 10:48:44,40.6,7200,40.58,U
sh603650,彤程新材,2025-09-24 10:48:47,40.59,21300,40.6,E
sh603650,彤程新材,2025-09-24 10:48:50,40.6,15200,40.59,U
sh603650,彤程新材,2025-09-24 10:48:56,40.67,10600,40.65,U
sh603650,彤程新材,2025-09-24 10:49:02,40.63,56500,40.68,D
sh603650,彤程新材,2025-09-24 10:49:05,40.63,21000,40.63,U
sh603650,彤程新材,2025-09-24 10:49:08,40.63,6400,40.63,U
sh603650,彤程新材,2025-09-24 10:49:11,40.59,44800,40.63,D
sh603650,彤程新材,2025-09-24 10:49:14,40.5,76800,40.59,D
sh603650,彤程新材,2025-09-24 10:49:20,40.52,13200,40.52,U
sh603650,彤程新材,2025-09-24 10:49:29,40.51,9000,40.55,D
sh603650,彤程新材,2025-09-24 10:49:53,40.5,8300,40.5,D
sh603650,彤程新材,2025-09-24 10:50:17,40.59,6500,40.56,U
sh603650,彤程新材,2025-09-24 10:50:20,40.6,7100,40.59,U
sh603650,彤程新材,2025-09-24 10:50:32,40.6,6000,40.61,D
sh603650,彤程新材,2025-09-24 10:50:35,40.6,16900,40.6,D
sh603650,彤程新材,2025-09-24 10:50:38,40.58,12600,40.6,D
sh603650,彤程新材,2025-09-24 10:50:41,40.51,15100,40.58,D
sh603650,彤程新材,2025-09-24 10:50:50,40.5,5900,40.5,D
sh603650,彤程新材,2025-09-24 10:50:53,40.5,18800,40.5,D
sh603650,彤程新材,2025-09-24 10:51:11,40.5,7300,40.52,D
sh603650,彤程新材,2025-09-24 10:51:14,40.5,9000,40.5,D
sh603650,彤程新材,2025-09-24 10:51:20,40.51,6800,40.52,D
sh603650,彤程新材,2025-09-24 10:51:41,40.52,5900,40.51,U
sh603650,彤程新材,2025-09-24 10:51:59,40.52,5100,40.52,U
sh603650,彤程新材,2025-09-24 10:52:02,40.51,8600,40.52,D
sh603650,彤程新材,2025-09-24 10:52:44,40.6,8800,40.58,U
sh603650,彤程新材,2025-09-24 10:53:02,40.61,39600,40.62,D
sh603650,彤程新材,2025-09-24 10:53:05,40.63,15400,40.61,U
sh603650,彤程新材,2025-09-24 10:53:08,40.63,6400,40.63,U
sh603650,彤程新材,2025-09-24 10:53:23,40.61,8000,40.6,U
sh603650,彤程新材,2025-09-24 10:53:29,40.6,9400,40.6,D
sh603650,彤程新材,2025-09-24 10:53:47,40.57,19200,40.59,D
sh603650,彤程新材,2025-09-24 10:53:50,40.57,9000,40.57,D
sh603650,彤程新材,2025-09-24 10:53:56,40.57,7500,40.57,D
sh603650,彤程新材,2025-09-24 10:53:59,40.55,5300,40.57,D
sh603650,彤程新材,2025-09-24 10:54:02,40.51,14100,40.55,D
sh603650,彤程新材,2025-09-24 10:54:14,40.6,9500,40.56,U
sh603650,彤程新材,2025-09-24 10:54:32,40.65,11800,40.62,U
sh603650,彤程新材,2025-09-24 10:54:38,40.68,23400,40.65,U
sh603650,彤程新材,2025-09-24 10:54:47,40.7,8700,40.7,U
sh603650,彤程新材,2025-09-24 10:55:02,40.76,33600,40.76,D
sh603650,彤程新材,2025-09-24 10:55:05,40.78,19400,40.76,E
sh603650,彤程新材,2025-09-24 10:55:08,40.79,11000,40.78,U
sh603650,彤程新材,2025-09-24 10:55:11,40.8,11900,40.79,U
sh603650,彤程新材,2025-09-24 10:55:14,40.8,7300,40.8,U
sh603650,彤程新材,2025-09-24 10:55:17,40.8,10800,40.8,U
sh603650,彤程新材,2025-09-24 10:55:20,40.78,49100,40.8,D
sh603650,彤程新材,2025-09-24 10:55:26,40.79,9300,40.75,U
sh603650,彤程新材,2025-09-24 10:55:38,40.73,5600,40.73,U
sh603650,彤程新材,2025-09-24 10:55:50,40.76,16900,40.77,E
sh603650,彤程新材,2025-09-24 10:55:53,40.78,11400,40.76,U
sh603650,彤程新材,2025-09-24 10:55:59,40.79,8800,40.79,U
sh603650,彤程新材,2025-09-24 10:56:02,40.8,34900,40.79,U
sh603650,彤程新材,2025-09-24 10:56:05,40.8,5800,40.8,U
sh603650,彤程新材,2025-09-24 10:56:08,40.82,32000,40.8,U
sh603650,彤程新材,2025-09-24 10:56:11,40.88,8800,40.82,U
sh603650,彤程新材,2025-09-24 10:56:14,40.88,5900,40.88,U
sh603650,彤程新材,2025-09-24 10:56:17,40.88,19800,40.88,U
sh603650,彤程新材,2025-09-24 10:56:20,40.9,21900,40.88,U
sh603650,彤程新材,2025-09-24 10:56:23,40.9,35800,40.9,U
sh603650,彤程新材,2025-09-24 10:56:29,40.93,6900,40.92,U
sh603650,彤程新材,2025-09-24 10:56:32,40.93,5300,40.93,U
sh603650,彤程新材,2025-09-24 10:56:38,40.95,9000,40.95,U
sh603650,彤程新材,2025-09-24 10:56:41,40.96,10300,40.95,U
sh603650,彤程新材,2025-09-24 10:56:44,40.96,18800,40.96,D
sh603650,彤程新材,2025-09-24 10:56:47,40.98,12700,40.96,U
sh603650,彤程新材,2025-09-24 10:56:50,40.98,11400,40.98,U
sh603650,彤程新材,2025-09-24 10:56:53,40.98,20100,40.98,U
sh603650,彤程新材,2025-09-24 10:56:56,40.99,18900,40.98,U
sh603650,彤程新材,2025-09-24 10:56:59,41.0,66400,40.99,U
sh603650,彤程新材,2025-09-24 10:57:02,41.0,89600,41.0,U
sh603650,彤程新材,2025-09-24 10:57:05,41.0,65400,41.0,U
sh603650,彤程新材,2025-09-24 10:57:08,41.18,42100,41.0,U
sh603650,彤程新材,2025-09-24 10:57:11,41.08,6200,41.18,E
sh603650,彤程新材,2025-09-24 10:57:14,41.03,6900,41.08,D
sh603650,彤程新材,2025-09-24 10:57:17,41.01,6900,41.03,D
sh603650,彤程新材,2025-09-24 10:57:20,41.03,12200,41.01,E
sh603650,彤程新材,2025-09-24 10:57:23,41.08,20400,41.03,U
sh603650,彤程新材,2025-09-24 10:57:32,41.12,21000,41.1,E
sh603650,彤程新材,2025-09-24 10:57:35,41.14,6500,41.12,E
sh603650,彤程新材,2025-09-24 10:57:38,41.2,13800,41.14,U
sh603650,彤程新材,2025-09-24 10:57:41,41.2,28700,41.2,U
sh603650,彤程新材,2025-09-24 10:57:44,41.21,48900,41.2,U
sh603650,彤程新材,2025-09-24 10:57:47,41.21,9000,41.21,U
sh603650,彤程新材,2025-09-24 10:57:50,41.27,69900,41.21,U
sh603650,彤程新材,2025-09-24 10:57:53,41.21,14100,41.27,D
sh603650,彤程新材,2025-09-24 10:57:56,41.26,48800,41.21,U
sh603650,彤程新材,2025-09-24 10:57:59,41.24,25500,41.26,E
sh603650,彤程新材,2025-09-24 10:58:02,41.25,31800,41.24,U
sh603650,彤程新材,2025-09-24 10:58:05,41.19,38500,41.25,D
sh603650,彤程新材,2025-09-24 10:58:08,41.22,14100,41.19,U
sh603650,彤程新材,2025-09-24 10:58:11,41.13,9200,41.22,D
sh603650,彤程新材,2025-09-24 10:58:14,41.1,11100,41.13,D
sh603650,彤程新材,2025-09-24 10:58:17,41.1,16000,41.1,D
sh603650,彤程新材,2025-09-24 10:58:20,41.13,14600,41.1,E
sh603650,彤程新材,2025-09-24 10:58:35,41.17,18800,41.21,E
sh603650,彤程新材,2025-09-24 10:58:41,41.17,6800,41.17,U
sh603650,彤程新材,2025-09-24 10:58:44,41.17,5100,41.17,U
sh603650,彤程新材,2025-09-24 10:58:50,41.2,6600,41.2,U
sh603650,彤程新材,2025-09-24 10:58:53,41.2,5500,41.2,U
sh603650,彤程新材,2025-09-24 10:58:56,41.21,6600,41.2,U
sh603650,彤程新材,2025-09-24 10:59:02,41.23,23100,41.22,E
sh603650,彤程新材,2025-09-24 10:59:08,41.55,996000,41.26,U
sh603650,彤程新材,2025-09-24 10:59:11,41.55,1763359,41.55,U
sh603650,彤程新材,2025-09-24 10:59:14,41.55,31431,41.55,D
sh603650,彤程新材,2025-09-24 10:59:17,41.55,43900,41.55,D
sh603650,彤程新材,2025-09-24 10:59:20,41.55,18400,41.55,D
sh603650,彤程新材,2025-09-24 10:59:23,41.55,24700,41.55,D
sh603650,彤程新材,2025-09-24 10:59:26,41.55,31400,41.55,D
sh603650,彤程新材,2025-09-24 10:59:29,41.55,25400,41.55,D
sh603650,彤程新材,2025-09-24 10:59:32,41.55,28600,41.55,D
sh603650,彤程新材,2025-09-24 10:59:35,41.55,26000,41.55,D
sh603650,彤程新材,2025-09-24 10:59:38,41.55,41500,41.55,D
sh603650,彤程新材,2025-09-24 10:59:41,41.55,4900,41.55,D
sh603650,彤程新材,2025-09-24 10:59:44,41.55,57500,41.55,D
sh603650,彤程新材,2025-09-24 10:59:47,41.55,9800,41.55,D
sh603650,彤程新材,2025-09-24 10:59:50,41.55,13200,41.55,D
sh603650,彤程新材,2025-09-24 10:59:53,41.55,69100,41.55,D
sh603650,彤程新材,2025-09-24 10:59:56,41.55,10200,41.55,D
sh603650,彤程新材,2025-09-24 10:59:59,41.55,7166,41.55,D
sh603650,彤程新材,2025-09-24 11:00:02,41.55,21700,41.55,D
sh603650,彤程新材,2025-09-24 11:00:05,41.55,23600,41.55,D
sh603650,彤程新材,2025-09-24 11:00:08,41.55,67300,41.55,D
sh603650,彤程新材,2025-09-24 11:00:11,41.55,21100,41.55,D
sh603650,彤程新材,2025-09-24 11:00:14,41.55,85900,41.55,D
sh603650,彤程新材,2025-09-24 11:00:17,41.55,29300,41.55,D
sh603650,彤程新材,2025-09-24 11:00:20,41.55,47400,41.55,D
sh603650,彤程新材,2025-09-24 11:00:23,41.55,45400,41.55,D
sh603650,彤程新材,2025-09-24 11:00:26,41.55,72900,41.55,D
sh603650,彤程新材,2025-09-24 11:00:29,41.55,98600,41.55,D
sh603650,彤程新材,2025-09-24 11:00:32,41.55,209300,41.55,D
sh603650,彤程新材,2025-09-24 11:00:35,41.55,334500,41.55,D
sh603650,彤程新材,2025-09-24 11:00:38,41.55,169100,41.55,D
sh603650,彤程新材,2025-09-24 11:00:41,41.55,45133,41.55,D
sh603650,彤程新材,2025-09-24 11:00:44,41.55,60400,41.55,D
sh603650,彤程新材,2025-09-24 11:00:47,41.55,63300,41.55,D
sh603650,彤程新材,2025-09-24 11:00:50,41.55,78100,41.55,D
sh603650,彤程新材,2025-09-24 11:00:53,41.55,9900,41.55,D
sh603650,彤程新材,2025-09-24 11:00:56,41.55,10500,41.55,D
sh603650,彤程新材,2025-09-24 11:00:59,41.55,29000,41.55,D
sh603650,彤程新材,2025-09-24 11:01:02,41.55,8300,41.55,D
sh603650,彤程新材,2025-09-24 11:01:05,41.55,17300,41.55,D
sh603650,彤程新材,2025-09-24 11:01:08,41.55,21433,41.55,D
sh603650,彤程新材,2025-09-24 11:01:11,41.55,5500,41.55,D
sh603650,彤程新材,2025-09-24 11:01:14,41.55,10800,41.55,D
sh603650,彤程新材,2025-09-24 11:01:17,41.55,5900,41.55,D
sh603650,彤程新材,2025-09-24 11:01:20,41.55,9400,41.55,D
sh603650,彤程新材,2025-09-24 11:01:23,41.55,10100,41.55,D
sh603650,彤程新材,2025-09-24 11:01:26,41.55,17200,41.55,D
sh603650,彤程新材,2025-09-24 11:01:29,41.55,69300,41.55,D
sh603650,彤程新材,2025-09-24 11:01:32,41.55,9200,41.55,D
sh603650,彤程新材,2025-09-24 11:01:35,41.55,131500,41.55,D
sh603650,彤程新材,2025-09-24 11:01:38,41.55,114300,41.55,D
sh603650,彤程新材,2025-09-24 11:01:41,41.35,132600,41.55,U
sh603650,彤程新材,2025-09-24 11:01:44,41.3,20500,41.35,D
sh603650,彤程新材,2025-09-24 11:01:47,41.26,9000,41.3,D
sh603650,彤程新材,2025-09-24 11:01:50,41.3,28800,41.26,U
sh603650,彤程新材,2025-09-24 11:01:53,41.3,76700,41.3,U
sh603650,彤程新材,2025-09-24 11:01:56,41.55,78700,41.3,U
sh603650,彤程新材,2025-09-24 11:01:59,41.55,61185,41.55,D
sh603650,彤程新材,2025-09-24 11:02:05,41.55,22100,41.55,D
sh603650,彤程新材,2025-09-24 11:02:08,41.55,8200,41.55,D
sh603650,彤程新材,2025-09-24 11:02:11,41.55,33300,41.55,D
sh603650,彤程新材,2025-09-24 11:02:14,41.55,10200,41.55,D
sh603650,彤程新材,2025-09-24 11:02:17,41.55,8200,41.55,D
sh603650,彤程新材,2025-09-24 11:02:20,41.55,5500,41.55,D
sh603650,彤程新材,2025-09-24 11:02:23,41.55,12600,41.55,D
sh603650,彤程新材,2025-09-24 11:02:26,41.55,8000,41.55,D
sh603650,彤程新材,2025-09-24 11:02:29,41.55,9000,41.55,D
sh603650,彤程新材,2025-09-24 11:02:32,41.55,8800,41.55,D
sh603650,彤程新材,2025-09-24 11:02:35,41.55,12800,41.55,D
sh603650,彤程新材,2025-09-24 11:02:41,41.55,5500,41.55,D
sh603650,彤程新材,2025-09-24 11:02:47,41.55,13500,41.55,D
sh603650,彤程新材,2025-09-24 11:02:50,41.55,5800,41.55,D
sh603650,彤程新材,2025-09-24 11:03:20,41.55,7500,41.55,D
sh603650,彤程新材,2025-09-24 11:03:32,41.55,6900,41.55,D
sh603650,彤程新材,2025-09-24 11:03:53,41.55,9200,41.55,D
sh603650,彤程新材,2025-09-24 11:03:56,41.55,6400,41.55,D
sh603650,彤程新材,2025-09-24 11:04:11,41.55,5200,41.55,D
sh603650,彤程新材,2025-09-24 11:04:14,41.55,5200,41.55,D
sh603650,彤程新材,2025-09-24 11:04:23,41.55,5400,41.55,D
sh603650,彤程新材,2025-09-24 11:04:29,41.55,8800,41.55,D
sh603650,彤程新材,2025-09-24 11:04:38,41.55,8500,41.55,D
sh603650,彤程新材,2025-09-24 11:04:44,41.55,27700,41.55,D
sh603650,彤程新材,2025-09-24 11:04:50,41.55,8800,41.55,D
sh603650,彤程新材,2025-09-24 11:04:56,41.55,6000,41.55,D
sh603650,彤程新材,2025-09-24 11:05:14,41.55,14800,41.55,D
sh603650,彤程新材,2025-09-24 11:05:17,41.55,7700,41.55,D
sh603650,彤程新材,2025-09-24 11:05:59,41.55,6900,41.55,D
sh603650,彤程新材,2025-09-24 11:06:23,41.55,7100,41.55,D
sh603650,彤程新材,2025-09-24 11:06:59,41.55,5600,41.55,D
sh603650,彤程新材,2025-09-24 11:07:32,41.55,5500,41.55,D
sh603650,彤程新材,2025-09-24 11:07:38,41.55,6200,41.55,D
sh603650,彤程新材,2025-09-24 11:07:41,41.55,35600,41.55,D
sh603650,彤程新材,2025-09-24 11:07:53,41.55,10300,41.55,D
sh603650,彤程新材,2025-09-24 11:07:56,41.55,6200,41.55,D
sh603650,彤程新材,2025-09-24 11:08:56,41.55,7600,41.55,D
sh603650,彤程新材,2025-09-24 11:09:02,41.55,37400,41.55,D
sh603650,彤程新材,2025-09-24 11:09:17,41.55,5800,41.55,D
sh603650,彤程新材,2025-09-24 11:09:47,41.55,6100,41.55,D
sh603650,彤程新材,2025-09-24 11:09:50,41.55,11200,41.55,D
sh603650,彤程新材,2025-09-24 11:09:53,41.55,8800,41.55,D
sh603650,彤程新材,2025-09-24 11:09:59,41.55,5900,41.55,D
sh603650,彤程新材,2025-09-24 11:10:05,41.55,5500,41.55,D
sh603650,彤程新材,2025-09-24 11:10:20,41.55,6500,41.55,D
sh603650,彤程新材,2025-09-24 11:10:23,41.55,8800,41.55,D
sh603650,彤程新材,2025-09-24 11:10:35,41.55,7800,41.55,D
sh603650,彤程新材,2025-09-24 11:10:38,41.55,7800,41.55,D
sh603650,彤程新材,2025-09-24 11:10:53,41.55,7900,41.55,D
sh603650,彤程新材,2025-09-24 11:11:02,41.55,7500,41.55,D
sh603650,彤程新材,2025-09-24 11:11:05,41.55,7300,41.55,D
sh603650,彤程新材,2025-09-24 11:11:08,41.55,6500,41.55,D
sh603650,彤程新材,2025-09-24 11:11:11,41.55,6900,41.55,D
sh603650,彤程新材,2025-09-24 11:11:14,41.55,14400,41.55,D
sh603650,彤程新材,2025-09-24 11:11:17,41.55,15600,41.55,D
sh603650,彤程新材,2025-09-24 11:11:41,41.55,7800,41.55,D
sh603650,彤程新材,2025-09-24 11:11:59,41.55,12100,41.55,D
sh603650,彤程新材,2025-09-24 11:12:14,41.55,7600,41.55,D
sh603650,彤程新材,2025-09-24 11:12:29,41.55,6800,41.55,D
sh603650,彤程新材,2025-09-24 11:12:35,41.55,8100,41.55,D
sh603650,彤程新材,2025-09-24 11:12:38,41.55,13500,41.55,D
sh603650,彤程新材,2025-09-24 11:12:47,41.55,11900,41.55,D
sh603650,彤程新材,2025-09-24 11:12:53,41.55,7300,41.55,D
sh603650,彤程新材,2025-09-24 11:13:02,41.55,6000,41.55,D
sh603650,彤程新材,2025-09-24 11:13:08,41.55,5800,41.55,D
sh603650,彤程新材,2025-09-24 11:13:17,41.55,8400,41.55,D
sh603650,彤程新材,2025-09-24 11:13:20,41.55,6300,41.55,D
sh603650,彤程新材,2025-09-24 11:13:32,41.55,7400,41.55,D
sh603650,彤程新材,2025-09-24 11:13:53,41.55,6900,41.55,D
sh603650,彤程新材,2025-09-24 11:13:56,41.55,12400,41.55,D
sh603650,彤程新材,2025-09-24 11:14:05,41.55,13500,41.55,D
sh603650,彤程新材,2025-09-24 11:14:11,41.55,8600,41.55,D
sh603650,彤程新材,2025-09-24 11:14:20,41.55,6700,41.55,D
sh603650,彤程新材,2025-09-24 11:14:26,41.55,6400,41.55,D
sh603650,彤程新材,2025-09-24 11:14:32,41.55,6300,41.55,D
sh603650,彤程新材,2025-09-24 11:14:41,41.55,19600,41.55,D
sh603650,彤程新材,2025-09-24 11:14:47,41.55,39700,41.55,D
sh603650,彤程新材,2025-09-24 11:14:50,41.55,7000,41.55,D
sh603650,彤程新材,2025-09-24 11:14:56,41.55,12900,41.55,D
sh603650,彤程新材,2025-09-24 11:15:11,41.55,6100,41.55,D
sh603650,彤程新材,2025-09-24 11:15:41,41.55,5000,41.55,D
sh603650,彤程新材,2025-09-24 11:15:44,41.55,6600,41.55,D
sh603650,彤程新材,2025-09-24 11:16:02,41.55,85700,41.55,D
sh603650,彤程新材,2025-09-24 11:16:26,41.55,6900,41.55,D
sh603650,彤程新材,2025-09-24 11:16:32,41.55,11100,41.55,D
sh603650,彤程新材,2025-09-24 11:16:41,41.55,16500,41.55,D
sh603650,彤程新材,2025-09-24 11:16:44,41.55,7000,41.55,D
sh603650,彤程新材,2025-09-24 11:16:53,41.55,11900,41.55,D
sh603650,彤程新材,2025-09-24 11:16:59,41.55,7300,41.55,D
sh603650,彤程新材,2025-09-24 11:17:05,41.55,7100,41.55,D
sh603650,彤程新材,2025-09-24 11:17:11,41.55,5300,41.55,D
sh603650,彤程新材,2025-09-24 11:17:20,41.55,21600,41.55,D
sh603650,彤程新材,2025-09-24 11:17:23,41.55,9500,41.55,D
sh603650,彤程新材,2025-09-24 11:17:29,41.55,9400,41.55,D
sh603650,彤程新材,2025-09-24 11:17:38,41.55,9500,41.55,D
sh603650,彤程新材,2025-09-24 11:17:44,41.55,6500,41.55,D
sh603650,彤程新材,2025-09-24 11:17:47,41.55,5400,41.55,D
sh603650,彤程新材,2025-09-24 11:18:35,41.55,5100,41.55,D
sh603650,彤程新材,2025-09-24 11:18:47,41.55,6700,41.55,D
sh603650,彤程新材,2025-09-24 11:18:53,41.55,7600,41.55,D
sh603650,彤程新材,2025-09-24 11:19:05,41.55,5400,41.55,D
sh603650,彤程新材,2025-09-24 11:19:08,41.55,8300,41.55,D
sh603650,彤程新材,2025-09-24 11:19:17,41.55,5000,41.55,D
sh603650,彤程新材,2025-09-24 11:19:47,41.55,6200,41.55,D
sh603650,彤程新材,2025-09-24 11:19:53,41.55,5800,41.55,D
sh603650,彤程新材,2025-09-24 11:19:59,41.55,7200,41.55,D
sh603650,彤程新材,2025-09-24 11:20:05,41.55,6700,41.55,D
sh603650,彤程新材,2025-09-24 11:20:23,41.55,5200,41.55,D
sh603650,彤程新材,2025-09-24 11:21:23,41.55,6800,41.55,D
sh603650,彤程新材,2025-09-24 11:21:56,41.55,6100,41.55,D
sh603650,彤程新材,2025-09-24 11:22:14,41.55,7700,41.55,D
sh603650,彤程新材,2025-09-24 11:22:20,41.55,11700,41.55,D
sh603650,彤程新材,2025-09-24 11:22:23,41.55,8700,41.55,D
sh603650,彤程新材,2025-09-24 11:22:56,41.55,5700,41.55,D
sh603650,彤程新材,2025-09-24 11:23:05,41.55,6100,41.55,D
sh603650,彤程新材,2025-09-24 11:23:11,41.55,12700,41.55,D
sh603650,彤程新材,2025-09-24 11:23:44,41.55,9800,41.55,D
sh603650,彤程新材,2025-09-24 11:24:02,41.55,5600,41.55,D
sh603650,彤程新材,2025-09-24 11:24:14,41.55,30500,41.55,D
sh603650,彤程新材,2025-09-24 11:24:20,41.55,7300,41.55,D
sh603650,彤程新材,2025-09-24 11:24:23,41.55,6000,41.55,D
sh603650,彤程新材,2025-09-24 11:24:26,41.55,7300,41.55,D
sh603650,彤程新材,2025-09-24 11:24:29,41.55,5000,41.55,D
sh603650,彤程新材,2025-09-24 11:24:38,41.55,17200,41.55,D
sh603650,彤程新材,2025-09-24 11:24:50,41.55,5800,41.55,D
sh603650,彤程新材,2025-09-24 11:24:56,41.55,12300,41.55,D
sh603650,彤程新材,2025-09-24 11:25:02,41.55,5000,41.55,D
sh603650,彤程新材,2025-09-24 11:25:08,41.55,5100,41.55,D
sh603650,彤程新材,2025-09-24 11:25:11,41.55,5700,41.55,D
sh603650,彤程新材,2025-09-24 11:25:26,41.55,5500,41.55,D
sh603650,彤程新材,2025-09-24 11:25:59,41.55,7600,41.55,D
sh603650,彤程新材,2025-09-24 11:26:05,41.55,7600,41.55,D
sh603650,彤程新材,2025-09-24 11:26:08,41.55,5200,41.55,D
sh603650,彤程新材,2025-09-24 11:26:14,41.55,11900,41.55,D
sh603650,彤程新材,2025-09-24 11:26:20,41.55,5500,41.55,D
sh603650,彤程新材,2025-09-24 11:26:26,41.55,5700,41.55,D
sh603650,彤程新材,2025-09-24 11:26:32,41.55,6300,41.55,D
sh603650,彤程新材,2025-09-24 11:26:35,41.55,10200,41.55,D
sh603650,彤程新材,2025-09-24 11:27:11,41.55,11700,41.55,D
sh603650,彤程新材,2025-09-24 11:27:14,41.55,6400,41.55,D
sh603650,彤程新材,2025-09-24 11:27:20,41.55,5300,41.55,D
sh603650,彤程新材,2025-09-24 11:27:23,41.55,6600,41.55,D
sh603650,彤程新材,2025-09-24 11:27:44,41.55,12600,41.55,D
sh603650,彤程新材,2025-09-24 11:27:53,41.55,10400,41.55,D
sh603650,彤程新材,2025-09-24 11:28:11,41.55,5400,41.55,D
sh603650,彤程新材,2025-09-24 11:28:17,41.55,7000,41.55,D
sh603650,彤程新材,2025-09-24 11:28:29,41.55,20000,41.55,D
sh603650,彤程新材,2025-09-24 11:29:02,41.55,7000,41.55,D
sh603650,彤程新材,2025-09-24 11:29:08,41.55,9800,41.55,D
sh603650,彤程新材,2025-09-24 11:29:20,41.55,5500,41.55,D
sh603650,彤程新材,2025-09-24 11:29:26,41.55,6500,41.55,D
sh603650,彤程新材,2025-09-24 11:29:38,41.55,5800,41.55,D
sh603650,彤程新材,2025-09-24 11:29:44,41.55,7100,41.55,D
sh603650,彤程新材,2025-09-24 11:29:50,41.55,6700,41.55,D
sh603650,彤程新材,2025-09-24 11:29:56,41.55,5600,41.55,D
sh603650,彤程新材,2025-09-24 11:29:59,41.55,6400,41.55,D
sh603650,彤程新材,2025-09-24 13:00:02,41.55,14700,41.55,D
sh603650,彤程新材,2025-09-24 13:00:05,41.55,36400,41.55,D
sh603650,彤程新材,2025-09-24 13:00:08,41.55,18600,41.55,D
sh603650,彤程新材,2025-09-24 13:00:11,41.55,40800,41.55,D
sh603650,彤程新材,2025-09-24 13:00:14,41.55,35230,41.55,D
sh603650,彤程新材,2025-09-24 13:00:17,41.55,31866,41.55,D
sh603650,彤程新材,2025-09-24 13:00:20,41.55,11700,41.55,D
sh603650,彤程新材,2025-09-24 13:00:23,41.55,5900,41.55,D
sh603650,彤程新材,2025-09-24 13:01:32,41.55,16900,41.55,D
sh603650,彤程新材,2025-09-24 13:02:26,41.55,6400,41.55,D
sh603650,彤程新材,2025-09-24 13:02:35,41.55,5600,41.55,D
sh603650,彤程新材,2025-09-24 13:02:47,41.55,7200,41.55,D
sh603650,彤程新材,2025-09-24 13:02:50,41.55,10900,41.55,D
sh603650,彤程新材,2025-09-24 13:02:56,41.55,10100,41.55,D
sh603650,彤程新材,2025-09-24 13:02:59,41.55,11200,41.55,D
sh603650,彤程新材,2025-09-24 13:07:08,41.55,6600,41.55,D
sh603650,彤程新材,2025-09-24 13:10:17,41.55,25000,41.55,D
sh603650,彤程新材,2025-09-24 13:11:56,41.55,5600,41.55,D
sh603650,彤程新材,2025-09-24 13:13:29,41.55,10100,41.55,D
sh603650,彤程新材,2025-09-24 13:14:05,41.55,5100,41.55,D
sh603650,彤程新材,2025-09-24 13:15:20,41.55,23900,41.55,D
sh603650,彤程新材,2025-09-24 13:16:02,41.55,5600,41.55,D
sh603650,彤程新材,2025-09-24 13:21:56,41.55,5400,41.55,D
sh603650,彤程新材,2025-09-24 13:23:11,41.55,11200,41.55,D
sh603650,彤程新材,2025-09-24 13:23:20,41.55,5700,41.55,D
sh603650,彤程新材,2025-09-24 13:23:47,41.55,11400,41.55,D
sh603650,彤程新材,2025-09-24 13:25:11,41.55,5000,41.55,D
sh603650,彤程新材,2025-09-24 13:27:14,41.55,25200,41.55,D
sh603650,彤程新材,2025-09-24 13:27:20,41.55,6600,41.55,D
sh603650,彤程新材,2025-09-24 13:27:53,41.55,5900,41.55,D
sh603650,彤程新材,2025-09-24 13:30:56,41.55,5200,41.55,D
sh603650,彤程新材,2025-09-24 13:31:56,41.55,6500,41.55,D
sh603650,彤程新材,2025-09-24 13:32:29,41.55,7800,41.55,D
sh603650,彤程新材,2025-09-24 13:32:50,41.55,8500,41.55,D
sh603650,彤程新材,2025-09-24 13:34:38,41.55,13800,41.55,D
sh603650,彤程新材,2025-09-24 13:36:35,41.55,7900,41.55,D
sh603650,彤程新材,2025-09-24 13:37:23,41.55,5000,41.55,D
sh603650,彤程新材,2025-09-24 13:38:23,41.55,6200,41.55,D
sh603650,彤程新材,2025-09-24 13:38:53,41.55,7000,41.55,D
sh603650,彤程新材,2025-09-24 13:39:50,41.55,9100,41.55,D
sh603650,彤程新材,2025-09-24 13:40:14,41.55,5000,41.55,D
sh603650,彤程新材,2025-09-24 13:42:32,41.55,5000,41.55,D
sh603650,彤程新材,2025-09-24 13:42:56,41.55,7100,41.55,D
sh603650,彤程新材,2025-09-24 13:43:59,41.55,12500,41.55,D
sh603650,彤程新材,2025-09-24 13:44:11,41.55,6200,41.55,D
sh603650,彤程新材,2025-09-24 13:49:20,41.55,5700,41.55,D
sh603650,彤程新材,2025-09-24 13:59:20,41.55,13332,41.55,D
sh603650,彤程新材,2025-09-24 14:00:05,41.55,5800,41.55,D
sh603650,彤程新材,2025-09-24 14:00:20,41.55,9700,41.55,D
sh603650,彤程新材,2025-09-24 14:06:59,41.55,5100,41.55,D
sh603650,彤程新材,2025-09-24 14:07:20,41.55,5900,41.55,D
sh603650,彤程新材,2025-09-24 14:16:53,41.55,7600,41.55,D
sh603650,彤程新材,2025-09-24 14:22:23,41.55,50400,41.55,D
sh603650,彤程新材,2025-09-24 14:22:53,41.55,5300,41.55,D
sh603650,彤程新材,2025-09-24 14:24:38,41.55,5000,41.55,D
sh603650,彤程新材,2025-09-24 14:33:17,41.55,5200,41.55,D
sh603650,彤程新材,2025-09-24 14:34:53,41.55,54300,41.55,D
sh603650,彤程新材,2025-09-24 14:35:02,41.55,5000,41.55,D
sh603650,彤程新材,2025-09-24 14:37:29,41.55,16900,41.55,D
sh603650,彤程新材,2025-09-24 14:37:44,41.55,8700,41.55,D
sh603650,彤程新材,2025-09-24 14:50:29,41.55,7200,41.55,D
sh603650,彤程新材,2025-09-24 14:54:53,41.55,11100,41.55,D
sh603650,彤程新材,2025-09-24 14:55:35,41.55,5000,41.55,D
sh603650,彤程新材,2025-09-24 14:55:59,41.55,5000,41.55,D
sh603650,彤程新材,2025-09-24 14:56:20,41.55,15100,41.55,D
sh603650,彤程新材,2025-09-24 15:00:01,41.55,36788,41.55,U
