symbol,name,ticktime,price,volume,prev_price,kind
sh603650,彤程新材,2025-09-17 09:25:01,34.45,26700,0.0,D
sh603650,彤程新材,2025-09-17 09:30:01,34.38,11100,34.45,E
sh603650,彤程新材,2025-09-17 09:30:07,34.38,8600,34.37,U
sh603650,彤程新材,2025-09-17 09:30:10,34.45,12600,34.38,U
sh603650,彤程新材,2025-09-17 09:30:13,34.46,18300,34.45,U
sh603650,彤程新材,2025-09-17 09:30:19,34.48,11500,34.46,U
sh603650,彤程新材,2025-09-17 09:30:22,34.47,33300,34.48,E
sh603650,彤程新材,2025-09-17 09:30:25,34.48,23300,34.47,E
sh603650,彤程新材,2025-09-17 09:30:28,34.49,24300,34.48,U
sh603650,彤程新材,2025-09-17 09:30:31,34.49,8900,34.49,D
sh603650,彤程新材,2025-09-17 09:30:34,34.53,14600,34.49,U
sh603650,彤程新材,2025-09-17 09:30:37,34.57,16200,34.53,U
sh603650,彤程新材,2025-09-17 09:30:40,34.62,31300,34.57,U
sh603650,彤程新材,2025-09-17 09:30:43,34.68,16400,34.62,U
sh603650,彤程新材,2025-09-17 09:30:46,34.69,11900,34.68,U
sh603650,彤程新材,2025-09-17 09:30:49,34.77,10600,34.69,U
sh603650,彤程新材,2025-09-17 09:30:52,34.77,26600,34.77,U
sh603650,彤程新材,2025-09-17 09:30:58,34.85,33300,34.8,U
sh603650,彤程新材,2025-09-17 09:31:01,34.82,28900,34.85,E
sh603650,彤程新材,2025-09-17 09:31:04,34.84,19400,34.82,E
sh603650,彤程新材,2025-09-17 09:31:07,34.77,18300,34.84,D
sh603650,彤程新材,2025-09-17 09:31:10,34.81,25400,34.77,U
sh603650,彤程新材,2025-09-17 09:31:13,34.8,27200,34.81,D
sh603650,彤程新材,2025-09-17 09:31:16,34.83,14400,34.8,U
sh603650,彤程新材,2025-09-17 09:31:19,34.8,10300,34.83,D
sh603650,彤程新材,2025-09-17 09:31:22,34.74,23400,34.8,D
sh603650,彤程新材,2025-09-17 09:31:25,34.73,5900,34.74,D
sh603650,彤程新材,2025-09-17 09:31:28,34.71,10300,34.73,E
sh603650,彤程新材,2025-09-17 09:31:31,34.7,8200,34.71,D
sh603650,彤程新材,2025-09-17 09:31:34,34.7,22500,34.7,U
sh603650,彤程新材,2025-09-17 09:31:40,34.68,7700,34.69,D
sh603650,彤程新材,2025-09-17 09:31:43,34.62,55900,34.68,D
sh603650,彤程新材,2025-09-17 09:31:46,34.6,14800,34.62,D
sh603650,彤程新材,2025-09-17 09:31:49,34.6,15300,34.6,D
sh603650,彤程新材,2025-09-17 09:31:55,34.7,5900,34.61,U
sh603650,彤程新材,2025-09-17 09:31:58,34.61,6500,34.7,D
sh603650,彤程新材,2025-09-17 09:32:01,34.68,7200,34.61,E
sh603650,彤程新材,2025-09-17 09:32:04,34.71,7900,34.68,U
sh603650,彤程新材,2025-09-17 09:32:07,34.7,8200,34.71,D
sh603650,彤程新材,2025-09-17 09:32:10,34.72,5900,34.7,U
sh603650,彤程新材,2025-09-17 09:32:13,34.71,7700,34.72,E
sh603650,彤程新材,2025-09-17 09:32:16,34.7,17700,34.71,D
sh603650,彤程新材,2025-09-17 09:32:19,34.7,8800,34.7,U
sh603650,彤程新材,2025-09-17 09:32:22,34.68,7100,34.7,E
sh603650,彤程新材,2025-09-17 09:32:28,34.7,13200,34.64,U
sh603650,彤程新材,2025-09-17 09:32:31,34.68,12000,34.7,D
sh603650,彤程新材,2025-09-17 09:32:37,34.64,14900,34.66,D
sh603650,彤程新材,2025-09-17 09:32:40,34.6,16500,34.64,D
sh603650,彤程新材,2025-09-17 09:33:13,34.58,8300,34.56,U
sh603650,彤程新材,2025-09-17 09:33:16,34.59,25200,34.58,U
sh603650,彤程新材,2025-09-17 09:33:19,34.54,6600,34.59,D
sh603650,彤程新材,2025-09-17 09:33:37,34.61,26500,34.58,U
sh603650,彤程新材,2025-09-17 09:33:43,34.61,41900,34.62,D
sh603650,彤程新材,2025-09-17 09:33:49,34.63,9100,34.6,U
sh603650,彤程新材,2025-09-17 09:33:58,34.63,7100,34.64,U
sh603650,彤程新材,2025-09-17 09:34:01,34.63,11300,34.63,D
sh603650,彤程新材,2025-09-17 09:34:04,34.59,37500,34.63,D
sh603650,彤程新材,2025-09-17 09:34:16,34.67,47800,34.56,U
sh603650,彤程新材,2025-09-17 09:34:19,34.68,6900,34.67,U
sh603650,彤程新材,2025-09-17 09:34:22,34.67,18800,34.68,D
sh603650,彤程新材,2025-09-17 09:34:25,34.69,15300,34.67,U
sh603650,彤程新材,2025-09-17 09:34:40,34.62,9100,34.64,D
sh603650,彤程新材,2025-09-17 09:35:01,34.64,10800,34.64,D
sh603650,彤程新材,2025-09-17 09:35:04,34.58,13300,34.64,D
sh603650,彤程新材,2025-09-17 09:35:07,34.57,9700,34.58,D
sh603650,彤程新材,2025-09-17 09:35:13,34.58,8000,34.56,U
sh603650,彤程新材,2025-09-17 09:35:22,34.62,14300,34.59,U
sh603650,彤程新材,2025-09-17 09:35:34,34.67,7200,34.63,U
sh603650,彤程新材,2025-09-17 09:35:37,34.64,8600,34.67,E
sh603650,彤程新材,2025-09-17 09:35:55,34.7,19300,34.68,U
sh603650,彤程新材,2025-09-17 09:35:58,34.73,16900,34.7,U
sh603650,彤程新材,2025-09-17 09:36:01,34.73,30400,34.73,D
sh603650,彤程新材,2025-09-17 09:36:04,34.75,9400,34.73,U
sh603650,彤程新材,2025-09-17 09:36:16,34.82,49000,34.77,U
sh603650,彤程新材,2025-09-17 09:36:19,34.85,46500,34.82,U
sh603650,彤程新材,2025-09-17 09:36:22,34.85,26500,34.85,D
sh603650,彤程新材,2025-09-17 09:36:25,34.87,15700,34.85,E
sh603650,彤程新材,2025-09-17 09:36:28,34.93,17500,34.87,U
sh603650,彤程新材,2025-09-17 09:36:31,34.92,8400,34.93,D
sh603650,彤程新材,2025-09-17 09:36:34,34.92,11600,34.92,U
sh603650,彤程新材,2025-09-17 09:36:43,34.92,14100,34.91,U
sh603650,彤程新材,2025-09-17 09:36:46,34.92,11000,34.92,D
sh603650,彤程新材,2025-09-17 09:36:49,34.93,7600,34.92,U
sh603650,彤程新材,2025-09-17 09:36:52,34.94,8000,34.93,U
sh603650,彤程新材,2025-09-17 09:36:55,34.94,12500,34.94,D
sh603650,彤程新材,2025-09-17 09:36:58,34.93,13000,34.94,D
sh603650,彤程新材,2025-09-17 09:37:01,34.97,36000,34.93,U
sh603650,彤程新材,2025-09-17 09:37:04,34.98,38700,34.97,U
sh603650,彤程新材,2025-09-17 09:37:10,34.98,15300,34.98,E
sh603650,彤程新材,2025-09-17 09:37:13,34.99,6900,34.98,U
sh603650,彤程新材,2025-09-17 09:37:22,34.92,14200,34.97,D
sh603650,彤程新材,2025-09-17 09:37:28,34.88,7800,34.91,E
sh603650,彤程新材,2025-09-17 09:37:43,34.86,5900,34.87,D
sh603650,彤程新材,2025-09-17 09:38:13,34.8,5900,34.77,D
sh603650,彤程新材,2025-09-17 09:38:22,34.77,5800,34.77,D
sh603650,彤程新材,2025-09-17 09:38:37,34.83,25700,34.77,U
sh603650,彤程新材,2025-09-17 09:38:40,34.85,13200,34.83,U
sh603650,彤程新材,2025-09-17 09:38:43,34.87,6700,34.85,U
sh603650,彤程新材,2025-09-17 09:38:46,34.9,12400,34.87,U
sh603650,彤程新材,2025-09-17 09:38:52,34.95,27900,34.89,U
sh603650,彤程新材,2025-09-17 09:39:04,34.98,18800,34.97,U
sh603650,彤程新材,2025-09-17 09:39:07,34.99,17100,34.98,U
sh603650,彤程新材,2025-09-17 09:39:10,34.99,11400,34.99,U
sh603650,彤程新材,2025-09-17 09:39:13,34.98,40600,34.99,E
sh603650,彤程新材,2025-09-17 09:39:16,34.99,16200,34.98,U
sh603650,彤程新材,2025-09-17 09:39:19,34.98,29100,34.99,D
sh603650,彤程新材,2025-09-17 09:39:22,34.99,7600,34.98,U
sh603650,彤程新材,2025-09-17 09:39:25,34.95,8500,34.99,D
sh603650,彤程新材,2025-09-17 09:39:28,34.98,8000,34.95,U
sh603650,彤程新材,2025-09-17 09:39:37,34.97,8500,34.97,U
sh603650,彤程新材,2025-09-17 09:39:43,34.93,13800,34.97,D
sh603650,彤程新材,2025-09-17 09:39:52,34.95,6800,34.95,D
sh603650,彤程新材,2025-09-17 09:39:55,34.95,11600,34.95,D
sh603650,彤程新材,2025-09-17 09:40:01,34.95,19100,34.94,U
sh603650,彤程新材,2025-09-17 09:40:04,34.95,13900,34.95,U
sh603650,彤程新材,2025-09-17 09:40:10,34.97,20700,34.95,U
sh603650,彤程新材,2025-09-17 09:40:13,34.95,14600,34.97,D
sh603650,彤程新材,2025-09-17 09:40:16,35.0,114100,34.95,U
sh603650,彤程新材,2025-09-17 09:40:22,34.99,7100,35.02,D
sh603650,彤程新材,2025-09-17 09:40:34,34.98,6700,35.0,E
sh603650,彤程新材,2025-09-17 09:40:40,34.99,10000,34.97,U
sh603650,彤程新材,2025-09-17 09:40:49,35.04,21800,34.99,U
sh603650,彤程新材,2025-09-17 09:40:52,35.1,158800,35.04,U
sh603650,彤程新材,2025-09-17 09:40:55,35.12,20100,35.1,U
sh603650,彤程新材,2025-09-17 09:41:01,35.11,15200,35.12,E
sh603650,彤程新材,2025-09-17 09:41:10,35.09,8400,35.14,D
sh603650,彤程新材,2025-09-17 09:41:16,35.1,12900,35.08,U
sh603650,彤程新材,2025-09-17 09:41:19,35.11,17400,35.1,U
sh603650,彤程新材,2025-09-17 09:41:22,35.11,18800,35.11,D
sh603650,彤程新材,2025-09-17 09:41:25,35.11,10200,35.11,U
sh603650,彤程新材,2025-09-17 09:41:34,35.08,31600,35.09,D
sh603650,彤程新材,2025-09-17 09:41:40,35.07,14900,35.08,U
sh603650,彤程新材,2025-09-17 09:41:49,35.08,13200,35.08,U
sh603650,彤程新材,2025-09-17 09:41:52,35.08,13400,35.08,D
sh603650,彤程新材,2025-09-17 09:41:58,35.08,6200,35.08,D
sh603650,彤程新材,2025-09-17 09:42:01,35.07,8900,35.08,D
sh603650,彤程新材,2025-09-17 09:42:10,35.09,12400,35.07,U
sh603650,彤程新材,2025-09-17 09:42:16,35.1,7500,35.09,U
sh603650,彤程新材,2025-09-17 09:42:37,35.08,10900,35.08,U
sh603650,彤程新材,2025-09-17 09:42:43,35.12,94000,35.08,U
sh603650,彤程新材,2025-09-17 09:42:49,35.15,26400,35.12,U
sh603650,彤程新材,2025-09-17 09:42:52,35.15,19500,35.15,U
sh603650,彤程新材,2025-09-17 09:42:55,35.16,12300,35.15,U
sh603650,彤程新材,2025-09-17 09:42:58,35.23,131100,35.16,U
sh603650,彤程新材,2025-09-17 09:43:01,35.23,11100,35.23,U
sh603650,彤程新材,2025-09-17 09:43:04,35.19,8400,35.23,D
sh603650,彤程新材,2025-09-17 09:43:16,35.19,16000,35.22,D
sh603650,彤程新材,2025-09-17 09:43:22,35.16,14300,35.18,D
sh603650,彤程新材,2025-09-17 09:43:25,35.16,8800,35.16,D
sh603650,彤程新材,2025-09-17 09:43:46,35.18,9000,35.18,D
sh603650,彤程新材,2025-09-17 09:43:49,35.2,23700,35.18,U
sh603650,彤程新材,2025-09-17 09:43:52,35.2,6000,35.2,U
sh603650,彤程新材,2025-09-17 09:44:01,35.19,17000,35.19,D
sh603650,彤程新材,2025-09-17 09:44:04,35.21,6500,35.19,U
sh603650,彤程新材,2025-09-17 09:44:07,35.21,11400,35.21,U
sh603650,彤程新材,2025-09-17 09:44:10,35.21,12000,35.21,D
sh603650,彤程新材,2025-09-17 09:44:13,35.21,35500,35.21,D
sh603650,彤程新材,2025-09-17 09:44:19,35.22,11000,35.21,U
sh603650,彤程新材,2025-09-17 09:44:22,35.24,20800,35.22,U
sh603650,彤程新材,2025-09-17 09:44:28,35.25,8500,35.25,U
sh603650,彤程新材,2025-09-17 09:44:31,35.25,15700,35.25,U
sh603650,彤程新材,2025-09-17 09:44:34,35.25,5800,35.25,U
sh603650,彤程新材,2025-09-17 09:44:37,35.25,6400,35.25,U
sh603650,彤程新材,2025-09-17 09:44:40,35.25,11900,35.25,U
sh603650,彤程新材,2025-09-17 09:44:46,35.25,7100,35.26,D
sh603650,彤程新材,2025-09-17 09:44:49,35.25,7000,35.25,D
sh603650,彤程新材,2025-09-17 09:44:52,35.26,13600,35.25,U
sh603650,彤程新材,2025-09-17 09:44:55,35.27,16600,35.26,U
sh603650,彤程新材,2025-09-17 09:44:58,35.28,40800,35.27,U
sh603650,彤程新材,2025-09-17 09:45:01,35.27,8500,35.28,D
sh603650,彤程新材,2025-09-17 09:45:04,35.29,18200,35.27,U
sh603650,彤程新材,2025-09-17 09:45:07,35.3,12100,35.29,U
sh603650,彤程新材,2025-09-17 09:45:10,35.32,48600,35.3,U
sh603650,彤程新材,2025-09-17 09:45:13,35.35,31100,35.32,U
sh603650,彤程新材,2025-09-17 09:45:16,35.38,23708,35.35,U
sh603650,彤程新材,2025-09-17 09:45:19,35.36,36000,35.38,D
sh603650,彤程新材,2025-09-17 09:45:22,35.31,31300,35.36,D
sh603650,彤程新材,2025-09-17 09:45:25,35.32,6800,35.31,U
sh603650,彤程新材,2025-09-17 09:45:28,35.32,15500,35.32,D
sh603650,彤程新材,2025-09-17 09:45:31,35.31,13400,35.32,E
sh603650,彤程新材,2025-09-17 09:45:34,35.3,17400,35.31,D
sh603650,彤程新材,2025-09-17 09:45:37,35.28,14100,35.3,D
sh603650,彤程新材,2025-09-17 09:45:40,35.29,18700,35.28,U
sh603650,彤程新材,2025-09-17 09:45:43,35.26,23500,35.29,D
sh603650,彤程新材,2025-09-17 09:45:46,35.26,7700,35.26,U
sh603650,彤程新材,2025-09-17 09:45:49,35.26,9500,35.26,U
sh603650,彤程新材,2025-09-17 09:45:52,35.27,12600,35.26,U
sh603650,彤程新材,2025-09-17 09:45:55,35.27,5900,35.27,D
sh603650,彤程新材,2025-09-17 09:46:01,35.27,12600,35.26,E
sh603650,彤程新材,2025-09-17 09:46:07,35.27,7800,35.26,U
sh603650,彤程新材,2025-09-17 09:46:10,35.27,6500,35.27,E
sh603650,彤程新材,2025-09-17 09:46:16,35.26,9300,35.26,D
sh603650,彤程新材,2025-09-17 09:46:19,35.27,7100,35.26,U
sh603650,彤程新材,2025-09-17 09:46:22,35.29,6300,35.27,U
sh603650,彤程新材,2025-09-17 09:46:25,35.36,47000,35.29,U
sh603650,彤程新材,2025-09-17 09:46:31,35.37,21200,35.37,U
sh603650,彤程新材,2025-09-17 09:46:34,35.38,21800,35.37,U
sh603650,彤程新材,2025-09-17 09:46:37,35.37,8400,35.38,D
sh603650,彤程新材,2025-09-17 09:46:40,35.38,14000,35.37,U
sh603650,彤程新材,2025-09-17 09:46:43,35.32,7300,35.38,E
sh603650,彤程新材,2025-09-17 09:46:55,35.35,7700,35.35,U
sh603650,彤程新材,2025-09-17 09:47:10,35.3,6400,35.32,D
sh603650,彤程新材,2025-09-17 09:47:22,35.27,16100,35.26,E
sh603650,彤程新材,2025-09-17 09:47:31,35.27,6000,35.27,U
sh603650,彤程新材,2025-09-17 09:47:46,35.22,8000,35.23,D
sh603650,彤程新材,2025-09-17 09:47:49,35.23,9100,35.22,E
sh603650,彤程新材,2025-09-17 09:47:52,35.33,35300,35.23,U
sh603650,彤程新材,2025-09-17 09:47:55,35.35,26500,35.33,U
sh603650,彤程新材,2025-09-17 09:47:58,35.34,10300,35.35,D
sh603650,彤程新材,2025-09-17 09:48:01,35.36,33000,35.34,U
sh603650,彤程新材,2025-09-17 09:48:04,35.4,59466,35.36,U
sh603650,彤程新材,2025-09-17 09:48:07,35.41,15400,35.4,U
sh603650,彤程新材,2025-09-17 09:48:10,35.42,7900,35.41,U
sh603650,彤程新材,2025-09-17 09:48:13,35.42,13000,35.42,U
sh603650,彤程新材,2025-09-17 09:48:16,35.42,7700,35.42,U
sh603650,彤程新材,2025-09-17 09:48:19,35.42,13700,35.42,D
sh603650,彤程新材,2025-09-17 09:48:31,35.35,14500,35.36,E
sh603650,彤程新材,2025-09-17 09:48:34,35.34,13100,35.35,D
sh603650,彤程新材,2025-09-17 09:48:40,35.33,7800,35.33,D
sh603650,彤程新材,2025-09-17 09:48:52,35.35,11000,35.33,U
sh603650,彤程新材,2025-09-17 09:48:55,35.36,13500,35.35,U
sh603650,彤程新材,2025-09-17 09:48:58,35.4,30300,35.36,U
sh603650,彤程新材,2025-09-17 09:49:01,35.37,6700,35.4,D
sh603650,彤程新材,2025-09-17 09:49:04,35.37,11600,35.37,D
sh603650,彤程新材,2025-09-17 09:49:07,35.36,6500,35.37,D
sh603650,彤程新材,2025-09-17 09:49:10,35.38,14000,35.36,U
sh603650,彤程新材,2025-09-17 09:49:13,35.37,21700,35.38,D
sh603650,彤程新材,2025-09-17 09:49:19,35.37,14300,35.38,D
sh603650,彤程新材,2025-09-17 09:49:25,35.37,8700,35.37,D
sh603650,彤程新材,2025-09-17 09:49:28,35.38,17800,35.37,E
sh603650,彤程新材,2025-09-17 09:49:31,35.4,18100,35.38,U
sh603650,彤程新材,2025-09-17 09:49:34,35.39,14500,35.4,D
sh603650,彤程新材,2025-09-17 09:49:46,35.39,6000,35.38,U
sh603650,彤程新材,2025-09-17 09:50:01,35.43,73900,35.38,U
sh603650,彤程新材,2025-09-17 09:50:04,35.42,54000,35.43,D
sh603650,彤程新材,2025-09-17 09:50:10,35.45,12800,35.44,U
sh603650,彤程新材,2025-09-17 09:50:13,35.42,12100,35.45,D
sh603650,彤程新材,2025-09-17 09:50:16,35.45,13800,35.42,U
sh603650,彤程新材,2025-09-17 09:50:19,35.46,59900,35.45,U
sh603650,彤程新材,2025-09-17 09:50:25,35.47,7300,35.47,U
sh603650,彤程新材,2025-09-17 09:50:28,35.47,9600,35.47,U
sh603650,彤程新材,2025-09-17 09:50:31,35.47,28800,35.47,U
sh603650,彤程新材,2025-09-17 09:50:34,35.48,28100,35.47,U
sh603650,彤程新材,2025-09-17 09:50:40,35.49,49700,35.49,U
sh603650,彤程新材,2025-09-17 09:50:43,35.56,165200,35.49,U
sh603650,彤程新材,2025-09-17 09:50:46,35.58,21300,35.56,U
sh603650,彤程新材,2025-09-17 09:50:49,35.58,13400,35.58,D
sh603650,彤程新材,2025-09-17 09:50:52,35.58,8500,35.58,D
sh603650,彤程新材,2025-09-17 09:50:55,35.6,18900,35.58,U
sh603650,彤程新材,2025-09-17 09:50:58,35.6,6800,35.6,U
sh603650,彤程新材,2025-09-17 09:51:04,35.55,16700,35.58,D
sh603650,彤程新材,2025-09-17 09:51:07,35.55,11400,35.55,D
sh603650,彤程新材,2025-09-17 09:51:10,35.57,5900,35.55,U
sh603650,彤程新材,2025-09-17 09:51:19,35.51,7800,35.51,D
sh603650,彤程新材,2025-09-17 09:51:22,35.5,13400,35.51,U
sh603650,彤程新材,2025-09-17 09:51:31,35.5,6000,35.5,D
sh603650,彤程新材,2025-09-17 09:51:34,35.48,16500,35.5,D
sh603650,彤程新材,2025-09-17 09:51:37,35.49,7000,35.48,U
sh603650,彤程新材,2025-09-17 09:51:58,35.47,13400,35.47,U
sh603650,彤程新材,2025-09-17 09:52:07,35.46,12100,35.45,U
sh603650,彤程新材,2025-09-17 09:52:10,35.45,6000,35.46,U
sh603650,彤程新材,2025-09-17 09:52:16,35.45,6100,35.43,U
sh603650,彤程新材,2025-09-17 09:52:19,35.42,12800,35.45,D
sh603650,彤程新材,2025-09-17 09:52:22,35.44,19300,35.42,E
sh603650,彤程新材,2025-09-17 09:52:25,35.47,22400,35.44,U
sh603650,彤程新材,2025-09-17 09:52:46,35.46,18200,35.43,U
sh603650,彤程新材,2025-09-17 09:52:49,35.46,50600,35.46,D
sh603650,彤程新材,2025-09-17 09:52:52,35.52,9600,35.46,U
sh603650,彤程新材,2025-09-17 09:53:04,35.47,6200,35.47,D
sh603650,彤程新材,2025-09-17 09:53:10,35.49,10600,35.5,D
sh603650,彤程新材,2025-09-17 09:53:13,35.55,23200,35.49,U
sh603650,彤程新材,2025-09-17 09:53:16,35.54,9200,35.55,D
sh603650,彤程新材,2025-09-17 09:53:19,35.55,9400,35.54,E
sh603650,彤程新材,2025-09-17 09:53:22,35.55,11400,35.55,E
sh603650,彤程新材,2025-09-17 09:53:28,35.53,7700,35.55,D
sh603650,彤程新材,2025-09-17 09:53:31,35.53,6300,35.53,D
sh603650,彤程新材,2025-09-17 09:53:37,35.56,23900,35.53,U
sh603650,彤程新材,2025-09-17 09:53:52,35.49,17900,35.51,D
sh603650,彤程新材,2025-09-17 09:53:55,35.45,13300,35.49,D
sh603650,彤程新材,2025-09-17 09:54:04,35.51,8500,35.44,U
sh603650,彤程新材,2025-09-17 09:54:16,35.44,10300,35.49,D
sh603650,彤程新材,2025-09-17 09:54:25,35.4,12000,35.42,D
sh603650,彤程新材,2025-09-17 09:54:40,35.39,10300,35.38,U
sh603650,彤程新材,2025-09-17 09:54:46,35.4,27700,35.37,U
sh603650,彤程新材,2025-09-17 09:55:16,35.47,16000,35.44,U
sh603650,彤程新材,2025-09-17 09:55:19,35.41,9200,35.47,D
sh603650,彤程新材,2025-09-17 09:55:25,35.41,13400,35.41,D
sh603650,彤程新材,2025-09-17 09:55:31,35.43,10600,35.41,U
sh603650,彤程新材,2025-09-17 09:55:34,35.43,6300,35.43,E
sh603650,彤程新材,2025-09-17 09:56:07,35.37,11500,35.39,D
sh603650,彤程新材,2025-09-17 09:56:22,35.35,6700,35.37,D
sh603650,彤程新材,2025-09-17 09:56:25,35.37,6100,35.35,U
sh603650,彤程新材,2025-09-17 09:56:31,35.37,12800,35.37,D
sh603650,彤程新材,2025-09-17 09:56:43,35.33,7700,35.33,D
sh603650,彤程新材,2025-09-17 09:56:46,35.3,5700,35.33,D
sh603650,彤程新材,2025-09-17 09:56:49,35.33,61500,35.3,U
sh603650,彤程新材,2025-09-17 09:57:07,35.3,14800,35.3,D
sh603650,彤程新材,2025-09-17 09:57:13,35.3,5900,35.3,D
sh603650,彤程新材,2025-09-17 09:57:16,35.3,12500,35.3,D
sh603650,彤程新材,2025-09-17 09:57:37,35.22,14200,35.21,E
sh603650,彤程新材,2025-09-17 09:57:43,35.24,7900,35.22,U
sh603650,彤程新材,2025-09-17 09:57:58,35.26,6800,35.26,D
sh603650,彤程新材,2025-09-17 09:58:01,35.27,18500,35.26,E
sh603650,彤程新材,2025-09-17 09:58:04,35.28,11900,35.27,D
sh603650,彤程新材,2025-09-17 09:58:13,35.33,6600,35.32,U
sh603650,彤程新材,2025-09-17 09:58:34,35.33,6500,35.33,D
sh603650,彤程新材,2025-09-17 09:58:37,35.33,6600,35.33,D
sh603650,彤程新材,2025-09-17 09:58:46,35.34,10700,35.34,D
sh603650,彤程新材,2025-09-17 09:58:58,35.35,10600,35.35,U
sh603650,彤程新材,2025-09-17 09:59:19,35.41,6800,35.41,D
sh603650,彤程新材,2025-09-17 09:59:37,35.41,8400,35.44,D
sh603650,彤程新材,2025-09-17 09:59:40,35.4,5700,35.41,D
sh603650,彤程新材,2025-09-17 09:59:43,35.35,19300,35.4,D
sh603650,彤程新材,2025-09-17 10:00:01,35.31,7500,35.34,D
sh603650,彤程新材,2025-09-17 10:00:04,35.31,7000,35.31,U
sh603650,彤程新材,2025-09-17 10:00:28,35.33,25100,35.28,U
sh603650,彤程新材,2025-09-17 10:00:31,35.31,12200,35.33,D
sh603650,彤程新材,2025-09-17 10:00:34,35.31,6400,35.31,U
sh603650,彤程新材,2025-09-17 10:00:49,35.27,7400,35.29,D
sh603650,彤程新材,2025-09-17 10:00:52,35.3,8900,35.27,U
sh603650,彤程新材,2025-09-17 10:00:58,35.31,12600,35.32,U
sh603650,彤程新材,2025-09-17 10:01:01,35.39,6300,35.31,U
sh603650,彤程新材,2025-09-17 10:01:07,35.4,6300,35.35,U
sh603650,彤程新材,2025-09-17 10:01:37,35.39,8300,35.39,D
sh603650,彤程新材,2025-09-17 10:02:34,35.3,5700,35.3,D
sh603650,彤程新材,2025-09-17 10:02:37,35.31,7000,35.3,U
sh603650,彤程新材,2025-09-17 10:02:43,35.28,6400,35.31,D
sh603650,彤程新材,2025-09-17 10:03:13,35.36,29066,35.31,U
sh603650,彤程新材,2025-09-17 10:03:16,35.39,6400,35.36,U
sh603650,彤程新材,2025-09-17 10:03:19,35.34,18300,35.39,D
sh603650,彤程新材,2025-09-17 10:04:19,35.31,10200,35.31,D
sh603650,彤程新材,2025-09-17 10:04:49,35.35,15800,35.3,U
sh603650,彤程新材,2025-09-17 10:04:55,35.33,28800,35.35,D
sh603650,彤程新材,2025-09-17 10:05:01,35.35,14000,35.33,U
sh603650,彤程新材,2025-09-17 10:05:04,35.35,6800,35.35,D
sh603650,彤程新材,2025-09-17 10:05:25,35.35,7700,35.35,U
sh603650,彤程新材,2025-09-17 10:05:31,35.36,6300,35.35,U
sh603650,彤程新材,2025-09-17 10:05:34,35.36,7600,35.36,U
sh603650,彤程新材,2025-09-17 10:05:37,35.34,6800,35.36,D
sh603650,彤程新材,2025-09-17 10:06:13,35.3,11600,35.33,D
sh603650,彤程新材,2025-09-17 10:06:31,35.25,15500,35.29,D
sh603650,彤程新材,2025-09-17 10:06:46,35.21,6400,35.22,D
sh603650,彤程新材,2025-09-17 10:07:04,35.19,28400,35.2,D
sh603650,彤程新材,2025-09-17 10:07:16,35.12,5800,35.15,D
sh603650,彤程新材,2025-09-17 10:07:22,35.16,7600,35.15,U
sh603650,彤程新材,2025-09-17 10:07:34,35.14,12000,35.16,D
sh603650,彤程新材,2025-09-17 10:07:37,35.18,76200,35.14,U
sh603650,彤程新材,2025-09-17 10:07:49,35.16,6900,35.16,U
sh603650,彤程新材,2025-09-17 10:08:13,35.16,37600,35.2,D
sh603650,彤程新材,2025-09-17 10:09:10,35.21,9300,35.23,D
sh603650,彤程新材,2025-09-17 10:09:13,35.19,16800,35.21,D
sh603650,彤程新材,2025-09-17 10:09:43,35.2,6400,35.2,D
sh603650,彤程新材,2025-09-17 10:09:46,35.21,8700,35.2,U
sh603650,彤程新材,2025-09-17 10:09:49,35.2,7800,35.21,D
sh603650,彤程新材,2025-09-17 10:10:07,35.16,8300,35.17,D
sh603650,彤程新材,2025-09-17 10:10:10,35.16,11400,35.16,D
sh603650,彤程新材,2025-09-17 10:10:31,35.15,7800,35.15,U
sh603650,彤程新材,2025-09-17 10:10:37,35.15,6000,35.13,U
sh603650,彤程新材,2025-09-17 10:10:55,35.12,8200,35.12,D
sh603650,彤程新材,2025-09-17 10:10:58,35.14,5700,35.12,U
sh603650,彤程新材,2025-09-17 10:11:01,35.16,11500,35.14,U
sh603650,彤程新材,2025-09-17 10:11:34,35.2,17100,35.2,U
sh603650,彤程新材,2025-09-17 10:11:58,35.2,7600,35.22,D
sh603650,彤程新材,2025-09-17 10:12:10,35.21,11100,35.23,D
sh603650,彤程新材,2025-09-17 10:13:01,35.21,20100,35.2,U
sh603650,彤程新材,2025-09-17 10:13:10,35.21,6600,35.22,D
sh603650,彤程新材,2025-09-17 10:13:19,35.21,7000,35.21,U
sh603650,彤程新材,2025-09-17 10:13:49,35.21,9000,35.21,U
sh603650,彤程新材,2025-09-17 10:14:34,35.22,7700,35.22,U
sh603650,彤程新材,2025-09-17 10:14:37,35.22,16900,35.22,D
sh603650,彤程新材,2025-09-17 10:14:55,35.25,7500,35.25,U
sh603650,彤程新材,2025-09-17 10:15:10,35.24,10300,35.25,D
sh603650,彤程新材,2025-09-17 10:15:13,35.22,9300,35.24,D
sh603650,彤程新材,2025-09-17 10:15:16,35.23,8600,35.22,U
sh603650,彤程新材,2025-09-17 10:15:34,35.22,7200,35.22,U
sh603650,彤程新材,2025-09-17 10:15:49,35.19,6700,35.22,D
sh603650,彤程新材,2025-09-17 10:16:01,35.24,10200,35.22,U
sh603650,彤程新材,2025-09-17 10:16:13,35.25,7400,35.24,U
sh603650,彤程新材,2025-09-17 10:16:28,35.26,8200,35.26,U
sh603650,彤程新材,2025-09-17 10:16:43,35.29,5800,35.26,U
sh603650,彤程新材,2025-09-17 10:16:46,35.29,9400,35.29,D
sh603650,彤程新材,2025-09-17 10:16:52,35.28,6400,35.29,E
sh603650,彤程新材,2025-09-17 10:17:01,35.28,13300,35.28,U
sh603650,彤程新材,2025-09-17 10:17:04,35.26,6200,35.28,D
sh603650,彤程新材,2025-09-17 10:17:31,35.23,84600,35.26,D
sh603650,彤程新材,2025-09-17 10:17:58,35.21,8900,35.25,D
sh603650,彤程新材,2025-09-17 10:18:01,35.27,6200,35.21,U
sh603650,彤程新材,2025-09-17 10:18:22,35.18,6200,35.19,D
sh603650,彤程新材,2025-09-17 10:18:31,35.17,73800,35.17,D
sh603650,彤程新材,2025-09-17 10:18:49,35.23,6700,35.17,U
sh603650,彤程新材,2025-09-17 10:20:07,35.18,6500,35.19,D
sh603650,彤程新材,2025-09-17 10:20:55,35.15,5900,35.18,D
sh603650,彤程新材,2025-09-17 10:21:07,35.13,9700,35.16,D
sh603650,彤程新材,2025-09-17 10:22:10,35.12,7500,35.12,D
sh603650,彤程新材,2025-09-17 10:22:34,35.11,8671,35.11,D
sh603650,彤程新材,2025-09-17 10:22:40,35.1,25800,35.1,D
sh603650,彤程新材,2025-09-17 10:24:16,35.1,11800,35.06,U
sh603650,彤程新材,2025-09-17 10:25:04,35.12,10100,35.12,D
sh603650,彤程新材,2025-09-17 10:25:43,35.03,7500,35.04,D
sh603650,彤程新材,2025-09-17 10:25:46,35.02,6300,35.03,D
sh603650,彤程新材,2025-09-17 10:26:01,35.0,19000,35.01,D
sh603650,彤程新材,2025-09-17 10:26:04,35.0,32700,35.0,D
sh603650,彤程新材,2025-09-17 10:26:22,34.98,26400,34.95,U
sh603650,彤程新材,2025-09-17 10:26:25,35.0,11000,34.98,U
sh603650,彤程新材,2025-09-17 10:26:34,35.01,17500,34.98,U
sh603650,彤程新材,2025-09-17 10:27:28,34.97,12800,34.96,D
sh603650,彤程新材,2025-09-17 10:27:52,34.99,7000,34.97,U
sh603650,彤程新材,2025-09-17 10:28:04,35.0,10200,34.99,U
sh603650,彤程新材,2025-09-17 10:28:25,35.05,6700,35.02,U
sh603650,彤程新材,2025-09-17 10:28:31,35.01,14800,35.05,D
sh603650,彤程新材,2025-09-17 10:29:10,35.02,9100,35.02,D
sh603650,彤程新材,2025-09-17 10:29:46,35.0,14400,35.0,D
sh603650,彤程新材,2025-09-17 10:29:58,34.99,10800,35.0,D
sh603650,彤程新材,2025-09-17 10:30:37,34.98,14200,34.98,D
sh603650,彤程新材,2025-09-17 10:31:37,35.01,7400,35.02,D
sh603650,彤程新材,2025-09-17 10:32:25,35.0,7400,35.01,D
sh603650,彤程新材,2025-09-17 10:34:13,34.99,26800,35.0,D
sh603650,彤程新材,2025-09-17 10:34:25,34.95,92200,34.99,D
sh603650,彤程新材,2025-09-17 10:36:16,34.95,10000,34.94,U
sh603650,彤程新材,2025-09-17 10:36:25,34.97,6000,34.96,U
sh603650,彤程新材,2025-09-17 10:36:52,34.92,13300,34.94,D
sh603650,彤程新材,2025-09-17 10:38:07,34.95,10900,34.94,U
sh603650,彤程新材,2025-09-17 10:38:40,34.96,7500,34.96,D
sh603650,彤程新材,2025-09-17 10:38:43,34.93,7100,34.96,D
sh603650,彤程新材,2025-09-17 10:41:01,34.98,11500,35.0,D
sh603650,彤程新材,2025-09-17 10:41:28,34.96,6800,34.97,D
sh603650,彤程新材,2025-09-17 10:41:34,34.96,93200,34.98,E
sh603650,彤程新材,2025-09-17 10:42:40,34.95,9300,34.96,D
sh603650,彤程新材,2025-09-17 10:43:34,34.91,8200,34.92,D
sh603650,彤程新材,2025-09-17 10:43:37,34.91,8900,34.91,D
sh603650,彤程新材,2025-09-17 10:44:01,34.91,9000,34.93,D
sh603650,彤程新材,2025-09-17 10:45:07,34.98,8100,34.93,U
sh603650,彤程新材,2025-09-17 10:45:25,34.96,10300,34.98,D
sh603650,彤程新材,2025-09-17 10:45:49,34.94,20300,35.0,D
sh603650,彤程新材,2025-09-17 10:46:01,34.96,8200,34.96,U
sh603650,彤程新材,2025-09-17 10:46:10,34.94,10100,34.97,D
sh603650,彤程新材,2025-09-17 10:51:37,35.06,17600,35.07,D
sh603650,彤程新材,2025-09-17 10:51:40,35.07,5900,35.06,U
sh603650,彤程新材,2025-09-17 10:52:10,35.06,10000,35.05,U
sh603650,彤程新材,2025-09-17 10:52:13,35.06,11700,35.06,D
sh603650,彤程新材,2025-09-17 10:52:16,35.06,7400,35.06,U
sh603650,彤程新材,2025-09-17 10:53:55,35.04,6200,35.06,D
sh603650,彤程新材,2025-09-17 10:54:19,35.07,8100,35.05,U
sh603650,彤程新材,2025-09-17 10:58:01,35.09,11300,35.07,U
sh603650,彤程新材,2025-09-17 11:00:16,35.1,10300,35.09,U
sh603650,彤程新材,2025-09-17 11:00:34,35.18,20000,35.12,U
sh603650,彤程新材,2025-09-17 11:03:04,35.09,5800,35.08,U
sh603650,彤程新材,2025-09-17 11:04:46,35.15,7000,35.14,U
sh603650,彤程新材,2025-09-17 11:05:13,35.2,28100,35.18,U
sh603650,彤程新材,2025-09-17 11:06:34,35.12,11500,35.12,D
sh603650,彤程新材,2025-09-17 11:08:40,35.08,6300,35.08,D
sh603650,彤程新材,2025-09-17 11:08:46,35.07,6400,35.08,D
sh603650,彤程新材,2025-09-17 11:09:22,35.09,11100,35.06,U
sh603650,彤程新材,2025-09-17 11:10:28,35.08,9700,35.1,D
sh603650,彤程新材,2025-09-17 11:12:04,35.05,13600,35.07,D
sh603650,彤程新材,2025-09-17 11:14:43,35.08,13800,35.05,U
sh603650,彤程新材,2025-09-17 11:14:52,35.1,8500,35.1,U
sh603650,彤程新材,2025-09-17 11:18:16,35.13,21600,35.13,U
sh603650,彤程新材,2025-09-17 11:18:25,35.13,8000,35.15,D
sh603650,彤程新材,2025-09-17 11:22:19,35.16,6100,35.16,U
sh603650,彤程新材,2025-09-17 11:22:22,35.17,8100,35.16,U
sh603650,彤程新材,2025-09-17 11:22:31,35.23,28800,35.2,U
sh603650,彤程新材,2025-09-17 11:23:22,35.24,11300,35.24,U
sh603650,彤程新材,2025-09-17 11:23:37,35.23,7300,35.23,D
sh603650,彤程新材,2025-09-17 11:23:40,35.29,13800,35.23,U
sh603650,彤程新材,2025-09-17 11:23:43,35.3,12100,35.29,U
sh603650,彤程新材,2025-09-17 11:25:01,35.3,9300,35.3,U
sh603650,彤程新材,2025-09-17 11:26:34,35.21,6200,35.2,U
sh603650,彤程新材,2025-09-17 13:00:04,35.23,15600,35.23,D
sh603650,彤程新材,2025-09-17 13:00:07,35.23,6100,35.23,D
sh603650,彤程新材,2025-09-17 13:00:10,35.25,12200,35.23,U
sh603650,彤程新材,2025-09-17 13:00:13,35.29,11200,35.25,U
sh603650,彤程新材,2025-09-17 13:00:19,35.24,11300,35.25,D
sh603650,彤程新材,2025-09-17 13:00:25,35.24,7600,35.25,D
sh603650,彤程新材,2025-09-17 13:00:31,35.25,10300,35.25,U
sh603650,彤程新材,2025-09-17 13:02:37,35.3,20000,35.23,U
sh603650,彤程新材,2025-09-17 13:02:58,35.31,7700,35.3,U
sh603650,彤程新材,2025-09-17 13:03:01,35.36,37900,35.31,U
sh603650,彤程新材,2025-09-17 13:03:04,35.38,25900,35.36,U
sh603650,彤程新材,2025-09-17 13:03:10,35.38,14400,35.38,U
sh603650,彤程新材,2025-09-17 13:03:25,35.4,28700,35.38,U
sh603650,彤程新材,2025-09-17 13:03:28,35.39,21900,35.4,D
sh603650,彤程新材,2025-09-17 13:03:40,35.46,6400,35.41,U
sh603650,彤程新材,2025-09-17 13:03:46,35.44,8300,35.44,U
sh603650,彤程新材,2025-09-17 13:03:49,35.44,45600,35.44,D
sh603650,彤程新材,2025-09-17 13:03:52,35.5,8900,35.44,U
sh603650,彤程新材,2025-09-17 13:03:55,35.5,62200,35.5,U
sh603650,彤程新材,2025-09-17 13:04:01,35.53,9400,35.51,U
sh603650,彤程新材,2025-09-17 13:04:04,35.58,89800,35.53,U
sh603650,彤程新材,2025-09-17 13:04:07,35.59,31300,35.58,U
sh603650,彤程新材,2025-09-17 13:04:10,35.6,51200,35.59,U
sh603650,彤程新材,2025-09-17 13:04:16,35.6,63200,35.6,U
sh603650,彤程新材,2025-09-17 13:04:19,35.6,77200,35.6,U
sh603650,彤程新材,2025-09-17 13:04:22,35.57,13900,35.6,D
sh603650,彤程新材,2025-09-17 13:04:25,35.6,29000,35.57,U
sh603650,彤程新材,2025-09-17 13:04:28,35.56,6700,35.6,U
sh603650,彤程新材,2025-09-17 13:04:31,35.55,22300,35.56,D
sh603650,彤程新材,2025-09-17 13:04:34,35.6,27400,35.55,U
sh603650,彤程新材,2025-09-17 13:04:37,35.61,8900,35.6,U
sh603650,彤程新材,2025-09-17 13:05:04,35.62,40500,35.54,U
sh603650,彤程新材,2025-09-17 13:05:07,35.58,16800,35.62,D
sh603650,彤程新材,2025-09-17 13:05:10,35.55,18200,35.58,D
sh603650,彤程新材,2025-09-17 13:05:16,35.6,10300,35.55,U
sh603650,彤程新材,2025-09-17 13:05:25,35.59,9000,35.6,D
sh603650,彤程新材,2025-09-17 13:05:46,35.58,5700,35.59,D
sh603650,彤程新材,2025-09-17 13:05:49,35.58,5900,35.58,D
sh603650,彤程新材,2025-09-17 13:05:55,35.59,6400,35.58,U
sh603650,彤程新材,2025-09-17 13:06:01,35.58,6400,35.59,D
sh603650,彤程新材,2025-09-17 13:06:04,35.55,71400,35.58,D
sh603650,彤程新材,2025-09-17 13:06:07,35.59,17800,35.55,U
sh603650,彤程新材,2025-09-17 13:06:10,35.55,13100,35.59,D
sh603650,彤程新材,2025-09-17 13:06:22,35.54,13500,35.53,U
sh603650,彤程新材,2025-09-17 13:06:25,35.53,10300,35.54,D
sh603650,彤程新材,2025-09-17 13:06:52,35.54,36800,35.5,U
sh603650,彤程新材,2025-09-17 13:06:58,35.54,8700,35.53,D
sh603650,彤程新材,2025-09-17 13:07:22,35.51,15000,35.52,D
sh603650,彤程新材,2025-09-17 13:07:28,35.51,18500,35.52,D
sh603650,彤程新材,2025-09-17 13:08:28,35.42,7600,35.45,D
sh603650,彤程新材,2025-09-17 13:08:43,35.42,5700,35.42,D
sh603650,彤程新材,2025-09-17 13:09:04,35.43,10100,35.44,D
sh603650,彤程新材,2025-09-17 13:10:22,35.38,12000,35.39,D
sh603650,彤程新材,2025-09-17 13:10:49,35.38,20300,35.37,U
sh603650,彤程新材,2025-09-17 13:11:28,35.42,10200,35.4,U
sh603650,彤程新材,2025-09-17 13:11:40,35.44,13700,35.43,U
sh603650,彤程新材,2025-09-17 13:12:04,35.44,21600,35.43,E
sh603650,彤程新材,2025-09-17 13:12:31,35.46,7700,35.45,U
sh603650,彤程新材,2025-09-17 13:13:13,35.51,28100,35.46,U
sh603650,彤程新材,2025-09-17 13:13:16,35.53,6000,35.51,U
sh603650,彤程新材,2025-09-17 13:13:25,35.55,24100,35.54,U
sh603650,彤程新材,2025-09-17 13:13:46,35.56,7600,35.56,U
sh603650,彤程新材,2025-09-17 13:14:52,35.55,22600,35.5,U
sh603650,彤程新材,2025-09-17 13:15:16,35.55,22000,35.54,U
sh603650,彤程新材,2025-09-17 13:15:19,35.62,91900,35.55,U
sh603650,彤程新材,2025-09-17 13:15:22,35.62,6600,35.62,D
sh603650,彤程新材,2025-09-17 13:15:34,35.62,31300,35.64,D
sh603650,彤程新材,2025-09-17 13:15:49,35.64,15500,35.64,D
sh603650,彤程新材,2025-09-17 13:15:52,35.57,6900,35.64,D
sh603650,彤程新材,2025-09-17 13:16:16,35.56,13000,35.57,D
sh603650,彤程新材,2025-09-17 13:16:40,35.49,13600,35.53,D
sh603650,彤程新材,2025-09-17 13:17:01,35.46,10100,35.52,D
sh603650,彤程新材,2025-09-17 13:17:07,35.49,7300,35.46,U
sh603650,彤程新材,2025-09-17 13:19:01,35.52,23900,35.48,U
sh603650,彤程新材,2025-09-17 13:19:13,35.56,25000,35.55,U
sh603650,彤程新材,2025-09-17 13:20:46,35.53,8900,35.52,U
sh603650,彤程新材,2025-09-17 13:21:58,35.52,6000,35.53,D
sh603650,彤程新材,2025-09-17 13:22:25,35.54,10000,35.53,U
sh603650,彤程新材,2025-09-17 13:22:55,35.53,8700,35.53,D
sh603650,彤程新材,2025-09-17 13:23:43,35.52,6400,35.53,D
sh603650,彤程新材,2025-09-17 13:23:46,35.52,9500,35.52,D
sh603650,彤程新材,2025-09-17 13:24:19,35.51,8800,35.52,D
sh603650,彤程新材,2025-09-17 13:24:34,35.5,18900,35.52,D
sh603650,彤程新材,2025-09-17 13:25:43,35.48,7300,35.48,D
sh603650,彤程新材,2025-09-17 13:26:07,35.47,11400,35.45,U
sh603650,彤程新材,2025-09-17 13:26:28,35.43,10000,35.44,D
sh603650,彤程新材,2025-09-17 13:27:37,35.4,9100,35.43,D
sh603650,彤程新材,2025-09-17 13:27:52,35.36,8700,35.39,D
sh603650,彤程新材,2025-09-17 13:29:43,35.33,8400,35.34,D
sh603650,彤程新材,2025-09-17 13:29:46,35.37,25200,35.33,U
sh603650,彤程新材,2025-09-17 13:31:04,35.31,9200,35.35,D
sh603650,彤程新材,2025-09-17 13:31:31,35.34,10600,35.34,U
sh603650,彤程新材,2025-09-17 13:32:04,35.32,7400,35.34,D
sh603650,彤程新材,2025-09-17 13:32:16,35.32,10200,35.32,U
sh603650,彤程新材,2025-09-17 13:32:31,35.3,38400,35.31,D
sh603650,彤程新材,2025-09-17 13:33:07,35.34,43500,35.28,U
sh603650,彤程新材,2025-09-17 13:33:13,35.34,8900,35.34,U
sh603650,彤程新材,2025-09-17 13:33:37,35.35,6000,35.33,U
sh603650,彤程新材,2025-09-17 13:34:22,35.35,9800,35.33,U
sh603650,彤程新材,2025-09-17 13:34:40,35.35,6700,35.35,U
sh603650,彤程新材,2025-09-17 13:35:01,35.36,12300,35.34,U
sh603650,彤程新材,2025-09-17 13:35:55,35.36,8500,35.36,U
sh603650,彤程新材,2025-09-17 13:36:55,35.38,9700,35.38,U
sh603650,彤程新材,2025-09-17 13:37:01,35.38,18900,35.38,D
sh603650,彤程新材,2025-09-17 13:37:07,35.36,8900,35.37,D
sh603650,彤程新材,2025-09-17 13:37:13,35.35,16700,35.36,D
sh603650,彤程新材,2025-09-17 13:37:16,35.35,13400,35.35,D
sh603650,彤程新材,2025-09-17 13:37:46,35.3,6100,35.31,D
sh603650,彤程新材,2025-09-17 13:38:28,35.28,6100,35.28,D
sh603650,彤程新材,2025-09-17 13:38:46,35.25,15800,35.28,D
sh603650,彤程新材,2025-09-17 13:38:58,35.21,13100,35.24,D
sh603650,彤程新材,2025-09-17 13:39:10,35.24,11800,35.24,D
sh603650,彤程新材,2025-09-17 13:39:40,35.25,9000,35.25,U
sh603650,彤程新材,2025-09-17 13:40:16,35.29,9600,35.27,U
sh603650,彤程新材,2025-09-17 13:40:19,35.28,6400,35.29,D
sh603650,彤程新材,2025-09-17 13:41:19,35.28,8000,35.29,D
sh603650,彤程新材,2025-09-17 13:41:22,35.28,6300,35.28,D
sh603650,彤程新材,2025-09-17 13:41:49,35.25,7500,35.26,D
sh603650,彤程新材,2025-09-17 13:42:07,35.24,6000,35.26,D
sh603650,彤程新材,2025-09-17 13:42:34,35.21,15000,35.23,D
sh603650,彤程新材,2025-09-17 13:43:49,35.21,6700,35.22,D
sh603650,彤程新材,2025-09-17 13:44:07,35.22,9400,35.22,D
sh603650,彤程新材,2025-09-17 13:44:10,35.21,17500,35.22,D
sh603650,彤程新材,2025-09-17 13:45:40,35.23,8500,35.24,D
sh603650,彤程新材,2025-09-17 13:46:07,35.25,7100,35.26,D
sh603650,彤程新材,2025-09-17 13:46:52,35.27,6700,35.26,U
sh603650,彤程新材,2025-09-17 13:47:04,35.28,7700,35.26,U
sh603650,彤程新材,2025-09-17 13:49:46,35.24,20000,35.23,U
sh603650,彤程新材,2025-09-17 13:50:13,35.21,17500,35.22,D
sh603650,彤程新材,2025-09-17 13:51:10,35.21,19600,35.21,U
sh603650,彤程新材,2025-09-17 13:51:34,35.21,6700,35.21,U
sh603650,彤程新材,2025-09-17 13:51:52,35.21,16000,35.21,U
sh603650,彤程新材,2025-09-17 13:52:10,35.2,9300,35.2,U
sh603650,彤程新材,2025-09-17 13:52:52,35.21,8800,35.22,D
sh603650,彤程新材,2025-09-17 13:53:19,35.23,6000,35.23,D
sh603650,彤程新材,2025-09-17 13:55:10,35.26,6500,35.26,U
sh603650,彤程新材,2025-09-17 13:55:58,35.27,8700,35.27,U
sh603650,彤程新材,2025-09-17 14:00:13,35.28,11200,35.28,U
sh603650,彤程新材,2025-09-17 14:01:01,35.25,8000,35.28,D
sh603650,彤程新材,2025-09-17 14:01:04,35.27,16500,35.25,E
sh603650,彤程新材,2025-09-17 14:02:40,35.26,11700,35.25,U
sh603650,彤程新材,2025-09-17 14:03:34,35.25,10000,35.26,D
sh603650,彤程新材,2025-09-17 14:03:37,35.25,7000,35.25,D
sh603650,彤程新材,2025-09-17 14:05:31,35.25,9000,35.25,D
sh603650,彤程新材,2025-09-17 14:05:52,35.23,18900,35.25,D
sh603650,彤程新材,2025-09-17 14:05:55,35.22,5700,35.23,D
sh603650,彤程新材,2025-09-17 14:05:58,35.21,9000,35.22,D
sh603650,彤程新材,2025-09-17 14:06:01,35.2,7800,35.21,D
sh603650,彤程新材,2025-09-17 14:07:58,35.2,27900,35.22,D
sh603650,彤程新材,2025-09-17 14:08:01,35.18,6700,35.2,D
sh603650,彤程新材,2025-09-17 14:09:13,35.17,8300,35.18,D
sh603650,彤程新材,2025-09-17 14:09:31,35.17,7100,35.17,U
sh603650,彤程新材,2025-09-17 14:10:07,35.19,9100,35.16,U
sh603650,彤程新材,2025-09-17 14:10:22,35.2,7700,35.2,U
sh603650,彤程新材,2025-09-17 14:11:16,35.21,6067,35.21,D
sh603650,彤程新材,2025-09-17 14:11:28,35.21,6100,35.2,U
sh603650,彤程新材,2025-09-17 14:12:13,35.18,8500,35.19,D
sh603650,彤程新材,2025-09-17 14:13:37,35.17,9300,35.18,D
sh603650,彤程新材,2025-09-17 14:13:49,35.17,13500,35.17,U
sh603650,彤程新材,2025-09-17 14:14:22,35.19,8800,35.17,U
sh603650,彤程新材,2025-09-17 14:14:28,35.2,8500,35.19,U
sh603650,彤程新材,2025-09-17 14:15:46,35.23,7333,35.22,U
sh603650,彤程新材,2025-09-17 14:15:55,35.2,20000,35.21,D
sh603650,彤程新材,2025-09-17 14:17:22,35.21,10400,35.21,D
sh603650,彤程新材,2025-09-17 14:17:49,35.22,6300,35.22,E
sh603650,彤程新材,2025-09-17 14:19:04,35.21,6000,35.21,U
sh603650,彤程新材,2025-09-17 14:20:58,35.21,7000,35.2,U
sh603650,彤程新材,2025-09-17 14:21:58,35.2,7600,35.21,D
sh603650,彤程新材,2025-09-17 14:22:01,35.19,20200,35.2,D
sh603650,彤程新材,2025-09-17 14:22:04,35.18,12700,35.19,D
sh603650,彤程新材,2025-09-17 14:23:37,35.2,10500,35.19,U
sh603650,彤程新材,2025-09-17 14:23:49,35.19,6300,35.19,U
sh603650,彤程新材,2025-09-17 14:24:13,35.18,5700,35.19,D
sh603650,彤程新材,2025-09-17 14:24:25,35.15,29400,35.19,D
sh603650,彤程新材,2025-09-17 14:24:34,35.18,36701,35.16,U
sh603650,彤程新材,2025-09-17 14:24:52,35.19,7900,35.19,U
sh603650,彤程新材,2025-09-17 14:25:04,35.21,23400,35.2,U
sh603650,彤程新材,2025-09-17 14:25:07,35.22,21900,35.21,U
sh603650,彤程新材,2025-09-17 14:25:16,35.21,20000,35.21,D
sh603650,彤程新材,2025-09-17 14:25:49,35.21,6400,35.22,D
sh603650,彤程新材,2025-09-17 14:26:07,35.22,9200,35.21,U
sh603650,彤程新材,2025-09-17 14:27:16,35.2,10600,35.22,D
sh603650,彤程新材,2025-09-17 14:27:37,35.21,11300,35.22,D
sh603650,彤程新材,2025-09-17 14:27:46,35.24,41700,35.21,U
sh603650,彤程新材,2025-09-17 14:27:58,35.24,11800,35.25,D
sh603650,彤程新材,2025-09-17 14:28:04,35.25,6800,35.24,U
sh603650,彤程新材,2025-09-17 14:28:37,35.22,12900,35.24,D
sh603650,彤程新材,2025-09-17 14:28:43,35.2,10000,35.23,D
sh603650,彤程新材,2025-09-17 14:28:46,35.19,10900,35.2,D
sh603650,彤程新材,2025-09-17 14:29:04,35.2,6000,35.22,D
sh603650,彤程新材,2025-09-17 14:29:34,35.21,6300,35.2,U
sh603650,彤程新材,2025-09-17 14:29:58,35.2,5700,35.21,D
sh603650,彤程新材,2025-09-17 14:30:34,35.21,7300,35.21,U
sh603650,彤程新材,2025-09-17 14:31:10,35.2,10000,35.21,D
sh603650,彤程新材,2025-09-17 14:31:58,35.23,9300,35.23,D
sh603650,彤程新材,2025-09-17 14:32:58,35.22,5700,35.22,U
sh603650,彤程新材,2025-09-17 14:33:04,35.21,12800,35.22,D
sh603650,彤程新材,2025-09-17 14:34:10,35.21,21500,35.2,U
sh603650,彤程新材,2025-09-17 14:34:16,35.2,11900,35.21,D
sh603650,彤程新材,2025-09-17 14:36:04,35.22,10100,35.21,U
sh603650,彤程新材,2025-09-17 14:36:49,35.18,42600,35.2,D
sh603650,彤程新材,2025-09-17 14:36:52,35.18,7500,35.18,D
sh603650,彤程新材,2025-09-17 14:37:07,35.18,12000,35.19,D
sh603650,彤程新材,2025-09-17 14:37:52,35.19,7300,35.19,U
sh603650,彤程新材,2025-09-17 14:38:07,35.19,5900,35.19,U
sh603650,彤程新材,2025-09-17 14:39:49,35.18,13200,35.18,D
sh603650,彤程新材,2025-09-17 14:40:16,35.18,6000,35.17,U
sh603650,彤程新材,2025-09-17 14:40:31,35.16,19200,35.17,D
sh603650,彤程新材,2025-09-17 14:41:43,35.16,17800,35.15,U
sh603650,彤程新材,2025-09-17 14:41:52,35.16,7000,35.16,U
sh603650,彤程新材,2025-09-17 14:42:01,35.15,13500,35.16,D
sh603650,彤程新材,2025-09-17 14:42:16,35.18,7600,35.18,U
sh603650,彤程新材,2025-09-17 14:43:34,35.18,6100,35.18,U
sh603650,彤程新材,2025-09-17 14:44:31,35.18,6300,35.18,D
sh603650,彤程新材,2025-09-17 14:44:37,35.17,12600,35.18,D
sh603650,彤程新材,2025-09-17 14:44:40,35.18,5800,35.17,U
sh603650,彤程新材,2025-09-17 14:45:40,35.18,28900,35.18,U
sh603650,彤程新材,2025-09-17 14:46:37,35.19,11800,35.19,U
sh603650,彤程新材,2025-09-17 14:46:40,35.18,28200,35.19,D
sh603650,彤程新材,2025-09-17 14:46:43,35.19,9000,35.18,U
sh603650,彤程新材,2025-09-17 14:47:07,35.19,8200,35.18,U
sh603650,彤程新材,2025-09-17 14:47:52,35.19,6000,35.19,D
sh603650,彤程新材,2025-09-17 14:48:16,35.19,24800,35.2,D
sh603650,彤程新材,2025-09-17 14:48:25,35.2,5700,35.19,U
sh603650,彤程新材,2025-09-17 14:48:28,35.2,10100,35.2,U
sh603650,彤程新材,2025-09-17 14:48:55,35.2,8700,35.19,U
sh603650,彤程新材,2025-09-17 14:49:43,35.19,11600,35.2,D
sh603650,彤程新材,2025-09-17 14:50:01,35.2,8400,35.2,D
sh603650,彤程新材,2025-09-17 14:50:13,35.2,7000,35.2,U
sh603650,彤程新材,2025-09-17 14:50:49,35.2,11100,35.21,D
sh603650,彤程新材,2025-09-17 14:51:16,35.19,27967,35.21,D
sh603650,彤程新材,2025-09-17 14:52:07,35.2,6467,35.2,D
sh603650,彤程新材,2025-09-17 14:53:25,35.22,19600,35.22,U
sh603650,彤程新材,2025-09-17 14:53:28,35.21,7200,35.22,D
sh603650,彤程新材,2025-09-17 14:53:34,35.2,9100,35.2,D
sh603650,彤程新材,2025-09-17 14:54:07,35.21,7200,35.2,U
sh603650,彤程新材,2025-09-17 14:54:13,35.19,22567,35.2,D
sh603650,彤程新材,2025-09-17 14:54:16,35.18,5800,35.19,D
sh603650,彤程新材,2025-09-17 14:54:52,35.2,5800,35.2,U
sh603650,彤程新材,2025-09-17 14:55:31,35.2,6300,35.2,U
sh603650,彤程新材,2025-09-17 14:55:37,35.2,6800,35.21,D
sh603650,彤程新材,2025-09-17 14:55:40,35.2,8400,35.2,D
sh603650,彤程新材,2025-09-17 14:55:43,35.21,7800,35.2,U
sh603650,彤程新材,2025-09-17 14:55:55,35.2,6300,35.21,D
sh603650,彤程新材,2025-09-17 14:56:07,35.2,17500,35.21,D
sh603650,彤程新材,2025-09-17 14:56:10,35.2,7800,35.2,D
sh603650,彤程新材,2025-09-17 14:56:22,35.2,5800,35.2,U
sh603650,彤程新材,2025-09-17 14:56:31,35.2,6200,35.2,U
sh603650,彤程新材,2025-09-17 14:56:40,35.2,9100,35.2,D
sh603650,彤程新材,2025-09-17 14:56:43,35.19,11400,35.2,D
sh603650,彤程新材,2025-09-17 15:00:03,35.21,130600,35.21,U
