symbol,name,ticktime,price,volume,prev_price,kind
sh603650,彤程新材,2025-09-18 09:25:02,35.34,79400,0.0,U
sh603650,彤程新材,2025-09-18 09:30:01,35.34,5700,35.34,D
sh603650,彤程新材,2025-09-18 09:30:04,35.27,16000,35.34,D
sh603650,彤程新材,2025-09-18 09:30:06,35.3,34100,35.27,E
sh603650,彤程新材,2025-09-18 09:30:10,35.3,24200,35.3,U
sh603650,彤程新材,2025-09-18 09:30:13,35.3,7600,35.3,U
sh603650,彤程新材,2025-09-18 09:30:19,35.28,15800,35.24,U
sh603650,彤程新材,2025-09-18 09:30:22,35.29,15600,35.28,U
sh603650,彤程新材,2025-09-18 09:30:25,35.23,20600,35.29,D
sh603650,彤程新材,2025-09-18 09:30:27,35.23,9500,35.23,U
sh603650,彤程新材,2025-09-18 09:30:31,35.21,18400,35.23,D
sh603650,彤程新材,2025-09-18 09:30:34,35.2,26800,35.21,D
sh603650,彤程新材,2025-09-18 09:30:37,35.2,7200,35.2,U
sh603650,彤程新材,2025-09-18 09:30:40,35.19,13400,35.2,D
sh603650,彤程新材,2025-09-18 09:30:43,35.21,12400,35.19,U
sh603650,彤程新材,2025-09-18 09:30:52,35.19,6800,35.12,U
sh603650,彤程新材,2025-09-18 09:30:55,35.2,15600,35.19,U
sh603650,彤程新材,2025-09-18 09:30:58,35.19,20900,35.2,D
sh603650,彤程新材,2025-09-18 09:31:01,35.22,21300,35.19,U
sh603650,彤程新材,2025-09-18 09:31:04,35.22,9600,35.22,D
sh603650,彤程新材,2025-09-18 09:31:13,35.29,14000,35.28,U
sh603650,彤程新材,2025-09-18 09:31:19,35.28,17100,35.28,D
sh603650,彤程新材,2025-09-18 09:31:22,35.28,13700,35.28,D
sh603650,彤程新材,2025-09-18 09:31:25,35.28,7800,35.28,D
sh603650,彤程新材,2025-09-18 09:31:28,35.3,17500,35.28,U
sh603650,彤程新材,2025-09-18 09:31:34,35.24,8200,35.28,D
sh603650,彤程新材,2025-09-18 09:31:43,35.3,12600,35.28,U
sh603650,彤程新材,2025-09-18 09:31:46,35.3,19000,35.3,U
sh603650,彤程新材,2025-09-18 09:31:49,35.32,16500,35.3,U
sh603650,彤程新材,2025-09-18 09:31:52,35.33,13700,35.32,U
sh603650,彤程新材,2025-09-18 09:31:55,35.34,40300,35.33,U
sh603650,彤程新材,2025-09-18 09:31:58,35.34,12700,35.34,D
sh603650,彤程新材,2025-09-18 09:32:01,35.35,5900,35.34,U
sh603650,彤程新材,2025-09-18 09:32:07,35.36,6500,35.36,D
sh603650,彤程新材,2025-09-18 09:32:10,35.39,5700,35.36,U
sh603650,彤程新材,2025-09-18 09:32:13,35.42,10400,35.39,U
sh603650,彤程新材,2025-09-18 09:32:16,35.43,14000,35.42,U
sh603650,彤程新材,2025-09-18 09:32:28,35.49,12400,35.5,D
sh603650,彤程新材,2025-09-18 09:32:37,35.5,5900,35.5,U
sh603650,彤程新材,2025-09-18 09:32:40,35.45,7400,35.5,D
sh603650,彤程新材,2025-09-18 09:32:43,35.49,6700,35.45,U
sh603650,彤程新材,2025-09-18 09:32:46,35.5,14200,35.49,U
sh603650,彤程新材,2025-09-18 09:32:49,35.46,9300,35.5,E
sh603650,彤程新材,2025-09-18 09:32:58,35.48,8800,35.48,U
sh603650,彤程新材,2025-09-18 09:33:01,35.49,21700,35.48,U
sh603650,彤程新材,2025-09-18 09:33:04,35.49,16500,35.49,D
sh603650,彤程新材,2025-09-18 09:33:10,35.5,12900,35.51,D
sh603650,彤程新材,2025-09-18 09:33:13,35.49,22000,35.5,D
sh603650,彤程新材,2025-09-18 09:33:16,35.49,19400,35.49,U
sh603650,彤程新材,2025-09-18 09:33:19,35.47,10100,35.49,D
sh603650,彤程新材,2025-09-18 09:33:22,35.44,6900,35.47,D
sh603650,彤程新材,2025-09-18 09:33:34,35.4,9500,35.4,D
sh603650,彤程新材,2025-09-18 09:33:40,35.4,11200,35.4,U
sh603650,彤程新材,2025-09-18 09:33:43,35.39,21000,35.4,D
sh603650,彤程新材,2025-09-18 09:33:49,35.4,8500,35.39,E
sh603650,彤程新材,2025-09-18 09:33:52,35.4,10800,35.4,D
sh603650,彤程新材,2025-09-18 09:33:55,35.42,16100,35.4,U
sh603650,彤程新材,2025-09-18 09:33:58,35.44,12200,35.42,U
sh603650,彤程新材,2025-09-18 09:34:01,35.46,41000,35.44,U
sh603650,彤程新材,2025-09-18 09:34:04,35.51,16200,35.46,U
sh603650,彤程新材,2025-09-18 09:34:07,35.49,12300,35.51,D
sh603650,彤程新材,2025-09-18 09:34:13,35.49,9400,35.47,E
sh603650,彤程新材,2025-09-18 09:34:16,35.5,7800,35.49,U
sh603650,彤程新材,2025-09-18 09:34:19,35.52,10200,35.5,U
sh603650,彤程新材,2025-09-18 09:34:22,35.55,7700,35.52,U
sh603650,彤程新材,2025-09-18 09:34:28,35.56,13100,35.56,D
sh603650,彤程新材,2025-09-18 09:34:34,35.56,8600,35.59,D
sh603650,彤程新材,2025-09-18 09:34:37,35.57,8500,35.56,E
sh603650,彤程新材,2025-09-18 09:34:40,35.59,10700,35.57,U
sh603650,彤程新材,2025-09-18 09:34:43,35.6,13700,35.59,U
sh603650,彤程新材,2025-09-18 09:34:52,35.58,7000,35.57,U
sh603650,彤程新材,2025-09-18 09:34:55,35.57,8800,35.58,D
sh603650,彤程新材,2025-09-18 09:34:58,35.58,11100,35.57,E
sh603650,彤程新材,2025-09-18 09:35:01,35.52,18900,35.58,D
sh603650,彤程新材,2025-09-18 09:35:16,35.46,30400,35.51,D
sh603650,彤程新材,2025-09-18 09:35:31,35.49,7000,35.49,U
sh603650,彤程新材,2025-09-18 09:35:34,35.54,53700,35.49,U
sh603650,彤程新材,2025-09-18 09:35:43,35.55,9200,35.54,U
sh603650,彤程新材,2025-09-18 09:35:46,35.52,11700,35.55,D
sh603650,彤程新材,2025-09-18 09:35:49,35.52,14500,35.52,D
sh603650,彤程新材,2025-09-18 09:35:52,35.54,9200,35.52,U
sh603650,彤程新材,2025-09-18 09:35:55,35.54,26000,35.54,D
sh603650,彤程新材,2025-09-18 09:36:01,35.58,17800,35.57,U
sh603650,彤程新材,2025-09-18 09:36:04,35.59,29000,35.58,U
sh603650,彤程新材,2025-09-18 09:36:07,35.62,27403,35.59,U
sh603650,彤程新材,2025-09-18 09:36:10,35.63,6400,35.62,U
sh603650,彤程新材,2025-09-18 09:36:16,35.63,9600,35.64,U
sh603650,彤程新材,2025-09-18 09:36:19,35.65,6700,35.63,U
sh603650,彤程新材,2025-09-18 09:36:22,35.67,10400,35.65,U
sh603650,彤程新材,2025-09-18 09:36:25,35.64,76300,35.67,D
sh603650,彤程新材,2025-09-18 09:36:28,35.64,11000,35.64,U
sh603650,彤程新材,2025-09-18 09:36:43,35.68,20100,35.67,U
sh603650,彤程新材,2025-09-18 09:36:46,35.67,27100,35.68,D
sh603650,彤程新材,2025-09-18 09:36:49,35.66,25300,35.67,D
sh603650,彤程新材,2025-09-18 09:36:52,35.66,10700,35.66,U
sh603650,彤程新材,2025-09-18 09:36:55,35.67,11700,35.66,U
sh603650,彤程新材,2025-09-18 09:36:58,35.67,5700,35.67,U
sh603650,彤程新材,2025-09-18 09:37:01,35.65,11800,35.67,D
sh603650,彤程新材,2025-09-18 09:37:10,35.64,7800,35.65,U
sh603650,彤程新材,2025-09-18 09:37:13,35.6,10500,35.64,D
sh603650,彤程新材,2025-09-18 09:37:16,35.56,8000,35.6,D
sh603650,彤程新材,2025-09-18 09:37:19,35.55,7400,35.56,D
sh603650,彤程新材,2025-09-18 09:37:34,35.53,10100,35.54,D
sh603650,彤程新材,2025-09-18 09:37:37,35.54,19300,35.53,U
sh603650,彤程新材,2025-09-18 09:37:40,35.54,10500,35.54,U
sh603650,彤程新材,2025-09-18 09:37:49,35.55,26700,35.5,U
sh603650,彤程新材,2025-09-18 09:37:52,35.59,18000,35.55,U
sh603650,彤程新材,2025-09-18 09:37:55,35.6,14400,35.59,U
sh603650,彤程新材,2025-09-18 09:37:58,35.61,5900,35.6,E
sh603650,彤程新材,2025-09-18 09:38:01,35.66,6200,35.61,U
sh603650,彤程新材,2025-09-18 09:38:04,35.67,10800,35.66,U
sh603650,彤程新材,2025-09-18 09:38:07,35.68,13400,35.67,U
sh603650,彤程新材,2025-09-18 09:38:10,35.67,67100,35.68,D
sh603650,彤程新材,2025-09-18 09:38:13,35.67,8300,35.67,D
sh603650,彤程新材,2025-09-18 09:38:16,35.8,129300,35.67,U
sh603650,彤程新材,2025-09-18 09:38:19,35.72,89400,35.8,D
sh603650,彤程新材,2025-09-18 09:38:22,35.84,69500,35.72,U
sh603650,彤程新材,2025-09-18 09:38:28,35.87,7100,35.87,U
sh603650,彤程新材,2025-09-18 09:38:31,35.87,22000,35.87,U
sh603650,彤程新材,2025-09-18 09:38:34,35.87,12600,35.87,D
sh603650,彤程新材,2025-09-18 09:38:37,35.9,122100,35.87,U
sh603650,彤程新材,2025-09-18 09:38:43,35.9,7800,35.9,D
sh603650,彤程新材,2025-09-18 09:38:46,35.9,16000,35.9,U
sh603650,彤程新材,2025-09-18 09:38:49,35.9,10900,35.9,U
sh603650,彤程新材,2025-09-18 09:38:52,35.9,26800,35.9,U
sh603650,彤程新材,2025-09-18 09:38:55,35.89,11700,35.9,E
sh603650,彤程新材,2025-09-18 09:38:58,35.9,38700,35.89,U
sh603650,彤程新材,2025-09-18 09:39:01,35.89,24600,35.9,E
sh603650,彤程新材,2025-09-18 09:39:04,35.88,20100,35.89,D
sh603650,彤程新材,2025-09-18 09:39:07,35.88,18300,35.88,D
sh603650,彤程新材,2025-09-18 09:39:10,35.9,14000,35.88,E
sh603650,彤程新材,2025-09-18 09:39:13,35.88,14000,35.9,D
sh603650,彤程新材,2025-09-18 09:39:19,35.87,7200,35.88,D
sh603650,彤程新材,2025-09-18 09:39:22,35.85,20000,35.87,D
sh603650,彤程新材,2025-09-18 09:39:25,35.85,7600,35.85,U
sh603650,彤程新材,2025-09-18 09:39:55,35.77,7200,35.77,U
sh603650,彤程新材,2025-09-18 09:39:58,35.77,6900,35.77,U
sh603650,彤程新材,2025-09-18 09:40:04,35.78,9100,35.75,U
sh603650,彤程新材,2025-09-18 09:40:13,35.76,6100,35.73,U
sh603650,彤程新材,2025-09-18 09:40:19,35.76,9900,35.73,U
sh603650,彤程新材,2025-09-18 09:40:28,35.73,8100,35.73,U
sh603650,彤程新材,2025-09-18 09:40:31,35.72,19300,35.73,D
sh603650,彤程新材,2025-09-18 09:40:34,35.72,8400,35.72,E
sh603650,彤程新材,2025-09-18 09:40:40,35.76,9800,35.72,U
sh603650,彤程新材,2025-09-18 09:40:58,35.77,6200,35.79,U
sh603650,彤程新材,2025-09-18 09:41:34,35.85,14300,35.85,D
sh603650,彤程新材,2025-09-18 09:41:37,35.85,5900,35.85,U
sh603650,彤程新材,2025-09-18 09:41:40,35.85,9300,35.85,D
sh603650,彤程新材,2025-09-18 09:41:43,35.86,28900,35.85,U
sh603650,彤程新材,2025-09-18 09:41:46,35.85,23700,35.86,D
sh603650,彤程新材,2025-09-18 09:41:49,35.83,8200,35.85,D
sh603650,彤程新材,2025-09-18 09:41:55,35.83,16500,35.84,D
sh603650,彤程新材,2025-09-18 09:41:58,35.83,26100,35.83,U
sh603650,彤程新材,2025-09-18 09:42:07,35.83,31800,35.85,D
sh603650,彤程新材,2025-09-18 09:42:10,35.85,35100,35.83,U
sh603650,彤程新材,2025-09-18 09:42:13,35.85,5800,35.85,D
sh603650,彤程新材,2025-09-18 09:42:16,35.84,8300,35.85,D
sh603650,彤程新材,2025-09-18 09:42:19,35.84,17400,35.84,U
sh603650,彤程新材,2025-09-18 09:42:25,35.75,35900,35.83,D
sh603650,彤程新材,2025-09-18 09:42:28,35.83,35200,35.75,U
sh603650,彤程新材,2025-09-18 09:42:40,35.8,7700,35.81,U
sh603650,彤程新材,2025-09-18 09:42:43,35.8,6000,35.8,D
sh603650,彤程新材,2025-09-18 09:43:01,35.78,49400,35.75,U
sh603650,彤程新材,2025-09-18 09:43:07,35.78,6700,35.78,D
sh603650,彤程新材,2025-09-18 09:43:13,35.85,19100,35.79,U
sh603650,彤程新材,2025-09-18 09:43:16,35.87,12100,35.85,U
sh603650,彤程新材,2025-09-18 09:43:19,35.9,31466,35.87,U
sh603650,彤程新材,2025-09-18 09:43:25,35.97,107400,35.87,U
sh603650,彤程新材,2025-09-18 09:43:37,35.98,7400,35.97,U
sh603650,彤程新材,2025-09-18 09:43:46,35.93,10800,35.98,D
sh603650,彤程新材,2025-09-18 09:43:52,35.94,10700,35.95,E
sh603650,彤程新材,2025-09-18 09:43:55,35.95,6600,35.94,U
sh603650,彤程新材,2025-09-18 09:43:58,35.87,9000,35.95,D
sh603650,彤程新材,2025-09-18 09:44:19,35.87,10600,35.87,D
sh603650,彤程新材,2025-09-18 09:44:25,35.85,21100,35.88,D
sh603650,彤程新材,2025-09-18 09:44:31,35.85,40800,35.87,D
sh603650,彤程新材,2025-09-18 09:44:34,35.84,19200,35.85,E
sh603650,彤程新材,2025-09-18 09:44:43,35.8,10100,35.81,D
sh603650,彤程新材,2025-09-18 09:44:46,35.84,32800,35.8,U
sh603650,彤程新材,2025-09-18 09:44:49,35.82,20500,35.84,D
sh603650,彤程新材,2025-09-18 09:44:52,35.82,8400,35.82,D
sh603650,彤程新材,2025-09-18 09:44:58,35.81,12100,35.81,U
sh603650,彤程新材,2025-09-18 09:45:01,35.77,9200,35.81,D
sh603650,彤程新材,2025-09-18 09:45:04,35.75,11400,35.77,D
sh603650,彤程新材,2025-09-18 09:45:07,35.74,9200,35.75,E
sh603650,彤程新材,2025-09-18 09:45:16,35.71,11000,35.71,D
sh603650,彤程新材,2025-09-18 09:45:22,35.7,7600,35.71,D
sh603650,彤程新材,2025-09-18 09:45:25,35.68,16300,35.7,D
sh603650,彤程新材,2025-09-18 09:45:31,35.7,69400,35.68,U
sh603650,彤程新材,2025-09-18 09:45:40,35.71,6000,35.7,E
sh603650,彤程新材,2025-09-18 09:45:58,35.71,7800,35.71,D
sh603650,彤程新材,2025-09-18 09:46:01,35.72,17700,35.71,U
sh603650,彤程新材,2025-09-18 09:46:07,35.75,6100,35.75,E
sh603650,彤程新材,2025-09-18 09:46:40,35.78,22600,35.76,U
sh603650,彤程新材,2025-09-18 09:46:43,35.73,28400,35.78,D
sh603650,彤程新材,2025-09-18 09:46:46,35.72,5800,35.73,D
sh603650,彤程新材,2025-09-18 09:46:49,35.69,37900,35.72,D
sh603650,彤程新材,2025-09-18 09:46:58,35.66,7100,35.69,D
sh603650,彤程新材,2025-09-18 09:47:01,35.69,55200,35.66,U
sh603650,彤程新材,2025-09-18 09:47:28,35.68,8300,35.67,E
sh603650,彤程新材,2025-09-18 09:47:40,35.71,17300,35.73,E
sh603650,彤程新材,2025-09-18 09:47:43,35.69,12500,35.71,D
sh603650,彤程新材,2025-09-18 09:47:46,35.71,10000,35.69,U
sh603650,彤程新材,2025-09-18 09:47:49,35.7,12700,35.71,U
sh603650,彤程新材,2025-09-18 09:47:52,35.69,5700,35.7,D
sh603650,彤程新材,2025-09-18 09:48:01,35.75,31600,35.7,U
sh603650,彤程新材,2025-09-18 09:48:04,35.82,31500,35.75,U
sh603650,彤程新材,2025-09-18 09:48:07,35.85,9000,35.82,U
sh603650,彤程新材,2025-09-18 09:48:13,35.84,6200,35.86,D
sh603650,彤程新材,2025-09-18 09:48:22,35.83,10900,35.83,U
sh603650,彤程新材,2025-09-18 09:48:25,35.83,9100,35.83,U
sh603650,彤程新材,2025-09-18 09:48:31,35.83,16800,35.83,D
sh603650,彤程新材,2025-09-18 09:48:37,35.88,23900,35.86,U
sh603650,彤程新材,2025-09-18 09:48:40,35.89,7400,35.88,U
sh603650,彤程新材,2025-09-18 09:48:55,35.9,7600,35.92,D
sh603650,彤程新材,2025-09-18 09:49:07,35.9,8600,35.89,D
sh603650,彤程新材,2025-09-18 09:49:10,35.9,19200,35.9,D
sh603650,彤程新材,2025-09-18 09:49:13,35.88,17000,35.9,D
sh603650,彤程新材,2025-09-18 09:49:16,35.9,16300,35.88,U
sh603650,彤程新材,2025-09-18 09:49:19,35.81,22400,35.9,D
sh603650,彤程新材,2025-09-18 09:49:22,35.9,43600,35.81,U
sh603650,彤程新材,2025-09-18 09:49:25,35.89,12100,35.9,E
sh603650,彤程新材,2025-09-18 09:49:37,35.87,12000,35.86,E
sh603650,彤程新材,2025-09-18 09:49:40,35.85,23600,35.87,D
sh603650,彤程新材,2025-09-18 09:49:43,35.89,7800,35.85,U
sh603650,彤程新材,2025-09-18 09:49:46,35.89,5900,35.89,D
sh603650,彤程新材,2025-09-18 09:49:49,35.9,10600,35.89,U
sh603650,彤程新材,2025-09-18 09:49:52,35.9,11900,35.9,U
sh603650,彤程新材,2025-09-18 09:49:55,35.89,8800,35.9,E
sh603650,彤程新材,2025-09-18 09:49:58,35.9,12600,35.89,U
sh603650,彤程新材,2025-09-18 09:50:04,35.88,6400,35.88,D
sh603650,彤程新材,2025-09-18 09:50:07,35.88,7100,35.88,D
sh603650,彤程新材,2025-09-18 09:50:22,35.87,9700,35.88,D
sh603650,彤程新材,2025-09-18 09:50:25,35.87,7600,35.87,U
sh603650,彤程新材,2025-09-18 09:50:34,35.87,7400,35.86,U
sh603650,彤程新材,2025-09-18 09:50:37,35.85,11400,35.87,D
sh603650,彤程新材,2025-09-18 09:50:40,35.83,5600,35.85,D
sh603650,彤程新材,2025-09-18 09:50:43,35.83,14200,35.83,D
sh603650,彤程新材,2025-09-18 09:50:58,35.82,6000,35.83,E
sh603650,彤程新材,2025-09-18 09:51:13,35.81,26000,35.82,D
sh603650,彤程新材,2025-09-18 09:51:58,35.89,7900,35.89,U
sh603650,彤程新材,2025-09-18 09:52:01,35.89,7500,35.89,D
sh603650,彤程新材,2025-09-18 09:52:07,35.93,36900,35.89,U
sh603650,彤程新材,2025-09-18 09:52:10,35.92,6500,35.93,D
sh603650,彤程新材,2025-09-18 09:52:16,35.92,7000,35.92,D
sh603650,彤程新材,2025-09-18 09:52:19,35.93,15500,35.92,U
sh603650,彤程新材,2025-09-18 09:52:25,35.89,7500,35.93,D
sh603650,彤程新材,2025-09-18 09:52:28,35.88,12400,35.89,D
sh603650,彤程新材,2025-09-18 09:52:37,35.83,7800,35.89,D
sh603650,彤程新材,2025-09-18 09:52:58,35.85,27100,35.82,U
sh603650,彤程新材,2025-09-18 09:53:19,35.83,8300,35.83,D
sh603650,彤程新材,2025-09-18 09:53:22,35.8,35100,35.83,D
sh603650,彤程新材,2025-09-18 09:53:28,35.82,8100,35.82,U
sh603650,彤程新材,2025-09-18 09:53:52,35.8,7600,35.78,U
sh603650,彤程新材,2025-09-18 09:54:16,35.75,6100,35.76,D
sh603650,彤程新材,2025-09-18 09:54:22,35.79,9100,35.76,U
sh603650,彤程新材,2025-09-18 09:54:46,35.77,10300,35.77,U
sh603650,彤程新材,2025-09-18 09:55:28,35.8,8500,35.77,U
sh603650,彤程新材,2025-09-18 09:55:46,35.78,8300,35.77,U
sh603650,彤程新材,2025-09-18 09:56:04,35.77,5700,35.76,U
sh603650,彤程新材,2025-09-18 09:56:10,35.75,10400,35.76,D
sh603650,彤程新材,2025-09-18 09:56:58,35.74,11300,35.74,D
sh603650,彤程新材,2025-09-18 09:57:16,35.75,6800,35.75,U
sh603650,彤程新材,2025-09-18 09:57:43,35.77,6700,35.76,E
sh603650,彤程新材,2025-09-18 09:57:49,35.79,7500,35.78,U
sh603650,彤程新材,2025-09-18 09:57:55,35.8,13700,35.79,U
sh603650,彤程新材,2025-09-18 09:58:04,35.82,9400,35.81,U
sh603650,彤程新材,2025-09-18 09:58:13,35.83,10800,35.83,U
sh603650,彤程新材,2025-09-18 09:58:19,35.82,8500,35.86,D
sh603650,彤程新材,2025-09-18 09:58:46,35.83,5900,35.87,D
sh603650,彤程新材,2025-09-18 09:58:52,35.82,28100,35.82,D
sh603650,彤程新材,2025-09-18 09:59:01,35.79,6200,35.81,D
sh603650,彤程新材,2025-09-18 09:59:04,35.8,13000,35.79,U
sh603650,彤程新材,2025-09-18 09:59:31,35.77,8700,35.8,D
sh603650,彤程新材,2025-09-18 09:59:46,35.77,11100,35.77,D
sh603650,彤程新材,2025-09-18 09:59:55,35.79,10500,35.77,U
sh603650,彤程新材,2025-09-18 10:00:37,35.8,11900,35.8,D
sh603650,彤程新材,2025-09-18 10:01:19,35.83,7000,35.82,U
sh603650,彤程新材,2025-09-18 10:01:25,35.84,13300,35.84,U
sh603650,彤程新材,2025-09-18 10:02:01,35.87,9800,35.87,U
sh603650,彤程新材,2025-09-18 10:02:25,35.88,12100,35.88,U
sh603650,彤程新材,2025-09-18 10:03:07,35.9,6000,35.92,D
sh603650,彤程新材,2025-09-18 10:03:16,35.9,10800,35.91,D
sh603650,彤程新材,2025-09-18 10:03:19,35.91,19100,35.9,U
sh603650,彤程新材,2025-09-18 10:03:52,35.92,10700,35.93,D
sh603650,彤程新材,2025-09-18 10:03:55,35.92,15300,35.92,D
sh603650,彤程新材,2025-09-18 10:04:07,35.91,6700,35.92,D
sh603650,彤程新材,2025-09-18 10:04:25,35.92,6100,35.92,U
sh603650,彤程新材,2025-09-18 10:04:58,35.9,14900,35.92,D
sh603650,彤程新材,2025-09-18 10:05:04,35.88,10700,35.89,D
sh603650,彤程新材,2025-09-18 10:05:40,35.94,49500,35.9,U
sh603650,彤程新材,2025-09-18 10:05:43,35.96,71900,35.94,U
sh603650,彤程新材,2025-09-18 10:05:52,36.02,186400,35.96,U
sh603650,彤程新材,2025-09-18 10:06:01,36.02,7300,36.03,D
sh603650,彤程新材,2025-09-18 10:06:04,36.01,12700,36.02,D
sh603650,彤程新材,2025-09-18 10:06:13,36.02,14700,36.03,D
sh603650,彤程新材,2025-09-18 10:06:16,36.01,10600,36.02,U
sh603650,彤程新材,2025-09-18 10:06:19,36.01,11900,36.01,U
sh603650,彤程新材,2025-09-18 10:06:22,36.01,5600,36.01,E
sh603650,彤程新材,2025-09-18 10:06:43,36.0,6000,36.0,D
sh603650,彤程新材,2025-09-18 10:07:04,35.99,15600,35.99,U
sh603650,彤程新材,2025-09-18 10:07:13,36.02,10500,36.01,U
sh603650,彤程新材,2025-09-18 10:07:16,36.08,17600,36.02,U
sh603650,彤程新材,2025-09-18 10:07:19,36.05,6800,36.08,D
sh603650,彤程新材,2025-09-18 10:07:34,36.09,7900,36.09,U
sh603650,彤程新材,2025-09-18 10:07:43,36.09,17600,36.09,U
sh603650,彤程新材,2025-09-18 10:07:49,36.1,22700,36.1,U
sh603650,彤程新材,2025-09-18 10:07:55,36.13,38200,36.11,U
sh603650,彤程新材,2025-09-18 10:07:58,36.13,7900,36.13,U
sh603650,彤程新材,2025-09-18 10:08:01,36.18,29300,36.13,U
sh603650,彤程新材,2025-09-18 10:08:04,36.16,22100,36.18,D
sh603650,彤程新材,2025-09-18 10:08:07,36.16,18400,36.16,D
sh603650,彤程新材,2025-09-18 10:08:10,36.19,24600,36.16,U
sh603650,彤程新材,2025-09-18 10:08:13,36.18,5700,36.19,D
sh603650,彤程新材,2025-09-18 10:08:22,36.19,20000,36.19,D
sh603650,彤程新材,2025-09-18 10:08:25,36.21,27100,36.19,U
sh603650,彤程新材,2025-09-18 10:08:28,36.25,37200,36.21,U
sh603650,彤程新材,2025-09-18 10:08:31,36.3,24200,36.25,U
sh603650,彤程新材,2025-09-18 10:08:34,36.3,19300,36.3,U
sh603650,彤程新材,2025-09-18 10:08:40,36.3,6500,36.32,D
sh603650,彤程新材,2025-09-18 10:08:43,36.32,9100,36.3,D
sh603650,彤程新材,2025-09-18 10:08:46,36.35,27500,36.32,U
sh603650,彤程新材,2025-09-18 10:08:49,36.34,9700,36.35,E
sh603650,彤程新材,2025-09-18 10:08:52,36.34,5800,36.34,D
sh603650,彤程新材,2025-09-18 10:08:55,36.34,14800,36.34,D
sh603650,彤程新材,2025-09-18 10:08:58,36.35,20100,36.34,U
sh603650,彤程新材,2025-09-18 10:09:01,36.36,20000,36.35,U
sh603650,彤程新材,2025-09-18 10:09:04,36.42,31600,36.36,U
sh603650,彤程新材,2025-09-18 10:09:10,36.45,6500,36.41,U
sh603650,彤程新材,2025-09-18 10:09:13,36.43,6900,36.45,D
sh603650,彤程新材,2025-09-18 10:09:16,36.38,32700,36.43,D
sh603650,彤程新材,2025-09-18 10:09:19,36.3,81000,36.38,D
sh603650,彤程新材,2025-09-18 10:09:22,36.36,24900,36.3,U
sh603650,彤程新材,2025-09-18 10:09:25,36.37,9100,36.36,U
sh603650,彤程新材,2025-09-18 10:09:28,36.36,6800,36.37,D
sh603650,彤程新材,2025-09-18 10:09:34,36.36,9300,36.36,U
sh603650,彤程新材,2025-09-18 10:09:40,36.36,28900,36.37,D
sh603650,彤程新材,2025-09-18 10:09:43,36.36,14700,36.36,D
sh603650,彤程新材,2025-09-18 10:09:46,36.36,15400,36.36,D
sh603650,彤程新材,2025-09-18 10:09:49,36.36,15100,36.36,U
sh603650,彤程新材,2025-09-18 10:09:52,36.37,7400,36.36,U
sh603650,彤程新材,2025-09-18 10:09:58,36.36,8100,36.36,D
sh603650,彤程新材,2025-09-18 10:10:04,36.34,26200,36.36,E
sh603650,彤程新材,2025-09-18 10:10:10,36.29,19400,36.35,D
sh603650,彤程新材,2025-09-18 10:10:13,36.29,11100,36.29,D
sh603650,彤程新材,2025-09-18 10:10:22,36.26,42700,36.26,D
sh603650,彤程新材,2025-09-18 10:10:43,36.27,21200,36.24,U
sh603650,彤程新材,2025-09-18 10:10:49,36.3,11900,36.25,U
sh603650,彤程新材,2025-09-18 10:10:55,36.27,9200,36.29,E
sh603650,彤程新材,2025-09-18 10:11:19,36.26,12400,36.26,D
sh603650,彤程新材,2025-09-18 10:11:34,36.27,15600,36.27,U
sh603650,彤程新材,2025-09-18 10:11:37,36.26,8500,36.27,E
sh603650,彤程新材,2025-09-18 10:11:40,36.28,12300,36.26,U
sh603650,彤程新材,2025-09-18 10:11:43,36.24,8600,36.28,E
sh603650,彤程新材,2025-09-18 10:11:58,36.2,13600,36.22,D
sh603650,彤程新材,2025-09-18 10:12:01,36.25,12700,36.2,U
sh603650,彤程新材,2025-09-18 10:12:04,36.27,24700,36.25,U
sh603650,彤程新材,2025-09-18 10:12:07,36.3,11100,36.27,U
sh603650,彤程新材,2025-09-18 10:12:16,36.3,7400,36.3,D
sh603650,彤程新材,2025-09-18 10:12:22,36.3,7900,36.3,E
sh603650,彤程新材,2025-09-18 10:12:31,36.27,8700,36.27,U
sh603650,彤程新材,2025-09-18 10:12:37,36.26,8100,36.25,U
sh603650,彤程新材,2025-09-18 10:12:43,36.26,7400,36.26,U
sh603650,彤程新材,2025-09-18 10:12:46,36.25,20100,36.26,D
sh603650,彤程新材,2025-09-18 10:13:01,36.29,6500,36.26,U
sh603650,彤程新材,2025-09-18 10:13:07,36.28,16400,36.29,D
sh603650,彤程新材,2025-09-18 10:13:10,36.31,6700,36.28,U
sh603650,彤程新材,2025-09-18 10:13:19,36.34,8900,36.32,U
sh603650,彤程新材,2025-09-18 10:13:22,36.32,6300,36.34,U
sh603650,彤程新材,2025-09-18 10:13:25,36.3,9100,36.32,D
sh603650,彤程新材,2025-09-18 10:13:31,36.3,15800,36.3,U
sh603650,彤程新材,2025-09-18 10:13:49,36.34,11474,36.3,U
sh603650,彤程新材,2025-09-18 10:13:55,36.34,17326,36.34,D
sh603650,彤程新材,2025-09-18 10:13:58,36.3,6600,36.34,D
sh603650,彤程新材,2025-09-18 10:14:10,36.34,10100,36.34,U
sh603650,彤程新材,2025-09-18 10:14:13,36.3,15700,36.34,D
sh603650,彤程新材,2025-09-18 10:14:16,36.34,5700,36.3,U
sh603650,彤程新材,2025-09-18 10:14:19,36.33,6500,36.34,D
sh603650,彤程新材,2025-09-18 10:14:40,36.33,6400,36.33,U
sh603650,彤程新材,2025-09-18 10:14:49,36.33,15900,36.33,D
sh603650,彤程新材,2025-09-18 10:15:13,36.34,8200,36.35,D
sh603650,彤程新材,2025-09-18 10:15:22,36.3,15500,36.34,D
sh603650,彤程新材,2025-09-18 10:15:37,36.3,6800,36.31,D
sh603650,彤程新材,2025-09-18 10:15:43,36.3,14700,36.3,D
sh603650,彤程新材,2025-09-18 10:16:01,36.29,10600,36.28,U
sh603650,彤程新材,2025-09-18 10:16:04,36.31,19400,36.29,U
sh603650,彤程新材,2025-09-18 10:16:10,36.32,50200,36.33,D
sh603650,彤程新材,2025-09-18 10:16:46,36.3,14800,36.32,D
sh603650,彤程新材,2025-09-18 10:16:49,36.26,15200,36.3,D
sh603650,彤程新材,2025-09-18 10:16:55,36.26,6000,36.3,D
sh603650,彤程新材,2025-09-18 10:17:10,36.22,6700,36.23,D
sh603650,彤程新材,2025-09-18 10:17:19,36.2,9200,36.21,D
sh603650,彤程新材,2025-09-18 10:17:25,36.19,6800,36.19,D
sh603650,彤程新材,2025-09-18 10:17:43,36.15,30900,36.17,D
sh603650,彤程新材,2025-09-18 10:17:52,36.16,9800,36.15,U
sh603650,彤程新材,2025-09-18 10:18:16,36.23,5900,36.25,D
sh603650,彤程新材,2025-09-18 10:18:49,36.2,5700,36.21,D
sh603650,彤程新材,2025-09-18 10:19:10,36.16,22800,36.19,D
sh603650,彤程新材,2025-09-18 10:19:25,36.13,6600,36.15,E
sh603650,彤程新材,2025-09-18 10:20:01,36.13,20900,36.11,U
sh603650,彤程新材,2025-09-18 10:20:07,36.11,7700,36.11,D
sh603650,彤程新材,2025-09-18 10:20:31,36.15,15400,36.15,U
sh603650,彤程新材,2025-09-18 10:20:34,36.1,26100,36.15,D
sh603650,彤程新材,2025-09-18 10:20:37,36.1,12300,36.1,U
sh603650,彤程新材,2025-09-18 10:20:40,36.1,11300,36.1,U
sh603650,彤程新材,2025-09-18 10:20:58,36.1,5800,36.1,D
sh603650,彤程新材,2025-09-18 10:21:10,36.1,5800,36.1,E
sh603650,彤程新材,2025-09-18 10:22:19,36.14,8000,36.15,D
sh603650,彤程新材,2025-09-18 10:22:40,36.16,8000,36.16,D
sh603650,彤程新材,2025-09-18 10:22:52,36.14,13400,36.17,D
sh603650,彤程新材,2025-09-18 10:23:19,36.15,9100,36.14,U
sh603650,彤程新材,2025-09-18 10:23:25,36.16,5900,36.15,U
sh603650,彤程新材,2025-09-18 10:23:31,36.18,16900,36.16,U
sh603650,彤程新材,2025-09-18 10:23:34,36.33,58300,36.18,U
sh603650,彤程新材,2025-09-18 10:23:37,36.35,15500,36.33,U
sh603650,彤程新材,2025-09-18 10:23:43,36.39,70200,36.35,U
sh603650,彤程新材,2025-09-18 10:23:46,36.35,49200,36.39,D
sh603650,彤程新材,2025-09-18 10:23:55,36.45,39400,36.44,U
sh603650,彤程新材,2025-09-18 10:23:58,36.45,15900,36.45,U
sh603650,彤程新材,2025-09-18 10:24:01,36.59,229966,36.45,U
sh603650,彤程新材,2025-09-18 10:24:04,36.65,55100,36.59,U
sh603650,彤程新材,2025-09-18 10:24:07,36.61,19600,36.65,D
sh603650,彤程新材,2025-09-18 10:24:10,36.59,42800,36.61,D
sh603650,彤程新材,2025-09-18 10:24:16,36.63,9100,36.62,U
sh603650,彤程新材,2025-09-18 10:24:19,36.59,14300,36.63,D
sh603650,彤程新材,2025-09-18 10:24:22,36.58,12000,36.59,U
sh603650,彤程新材,2025-09-18 10:24:25,36.58,25200,36.58,E
sh603650,彤程新材,2025-09-18 10:24:28,36.59,5600,36.58,U
sh603650,彤程新材,2025-09-18 10:24:31,36.58,37300,36.59,E
sh603650,彤程新材,2025-09-18 10:24:34,36.58,28300,36.58,U
sh603650,彤程新材,2025-09-18 10:24:37,36.59,17300,36.58,U
sh603650,彤程新材,2025-09-18 10:24:40,36.58,19500,36.59,D
sh603650,彤程新材,2025-09-18 10:24:46,36.55,10000,36.59,D
sh603650,彤程新材,2025-09-18 10:24:52,36.55,18600,36.55,U
sh603650,彤程新材,2025-09-18 10:24:55,36.55,13300,36.55,E
sh603650,彤程新材,2025-09-18 10:25:04,36.53,12500,36.55,E
sh603650,彤程新材,2025-09-18 10:25:13,36.53,6900,36.55,E
sh603650,彤程新材,2025-09-18 10:25:16,36.54,14100,36.53,U
sh603650,彤程新材,2025-09-18 10:25:19,36.55,9400,36.54,U
sh603650,彤程新材,2025-09-18 10:25:22,36.58,11200,36.55,U
sh603650,彤程新材,2025-09-18 10:25:25,36.62,26200,36.58,U
sh603650,彤程新材,2025-09-18 10:25:28,36.63,5500,36.62,U
sh603650,彤程新材,2025-09-18 10:25:34,36.65,8300,36.63,U
sh603650,彤程新材,2025-09-18 10:25:40,36.64,47800,36.64,U
sh603650,彤程新材,2025-09-18 10:25:43,36.63,5500,36.64,U
sh603650,彤程新材,2025-09-18 10:25:46,36.62,32900,36.63,E
sh603650,彤程新材,2025-09-18 10:25:49,36.58,7300,36.62,D
sh603650,彤程新材,2025-09-18 10:25:52,36.62,72300,36.58,U
sh603650,彤程新材,2025-09-18 10:26:04,36.63,12700,36.64,D
sh603650,彤程新材,2025-09-18 10:26:10,36.62,14000,36.63,D
sh603650,彤程新材,2025-09-18 10:26:16,36.58,10200,36.62,D
sh603650,彤程新材,2025-09-18 10:26:19,36.6,12800,36.58,U
sh603650,彤程新材,2025-09-18 10:26:22,36.57,9600,36.6,D
sh603650,彤程新材,2025-09-18 10:26:31,36.52,6300,36.55,D
sh603650,彤程新材,2025-09-18 10:26:34,36.52,12400,36.52,D
sh603650,彤程新材,2025-09-18 10:26:58,36.52,7700,36.52,D
sh603650,彤程新材,2025-09-18 10:27:01,36.5,17200,36.52,D
sh603650,彤程新材,2025-09-18 10:27:04,36.49,11600,36.5,D
sh603650,彤程新材,2025-09-18 10:27:07,36.45,6900,36.49,D
sh603650,彤程新材,2025-09-18 10:27:16,36.41,10200,36.45,D
sh603650,彤程新材,2025-09-18 10:27:34,36.37,12400,36.36,E
sh603650,彤程新材,2025-09-18 10:27:58,36.36,6900,36.38,D
sh603650,彤程新材,2025-09-18 10:28:01,36.34,8526,36.36,D
sh603650,彤程新材,2025-09-18 10:28:07,36.34,7200,36.33,U
sh603650,彤程新材,2025-09-18 10:28:16,36.33,6300,36.32,U
sh603650,彤程新材,2025-09-18 10:28:49,36.3,8200,36.31,D
sh603650,彤程新材,2025-09-18 10:28:52,36.3,6900,36.3,U
sh603650,彤程新材,2025-09-18 10:28:55,36.3,10100,36.3,U
sh603650,彤程新材,2025-09-18 10:28:58,36.3,6200,36.3,D
sh603650,彤程新材,2025-09-18 10:29:04,36.32,12600,36.3,U
sh603650,彤程新材,2025-09-18 10:29:07,36.29,17000,36.32,D
sh603650,彤程新材,2025-09-18 10:29:25,36.34,6800,36.34,U
sh603650,彤程新材,2025-09-18 10:30:04,36.35,47400,36.4,D
sh603650,彤程新材,2025-09-18 10:30:07,36.36,5700,36.35,U
sh603650,彤程新材,2025-09-18 10:30:25,36.34,32200,36.36,D
sh603650,彤程新材,2025-09-18 10:30:28,36.35,8600,36.34,U
sh603650,彤程新材,2025-09-18 10:30:34,36.31,10200,36.35,D
sh603650,彤程新材,2025-09-18 10:31:01,36.3,12500,36.31,D
sh603650,彤程新材,2025-09-18 10:31:04,36.3,17000,36.3,D
sh603650,彤程新材,2025-09-18 10:31:25,36.23,7500,36.21,U
sh603650,彤程新材,2025-09-18 10:31:31,36.23,5900,36.23,D
sh603650,彤程新材,2025-09-18 10:31:40,36.26,8300,36.24,U
sh603650,彤程新材,2025-09-18 10:31:55,36.24,7500,36.29,D
sh603650,彤程新材,2025-09-18 10:32:31,36.22,42800,36.25,D
sh603650,彤程新材,2025-09-18 10:32:34,36.22,12400,36.22,U
sh603650,彤程新材,2025-09-18 10:32:43,36.26,8500,36.21,U
sh603650,彤程新材,2025-09-18 10:33:04,36.21,5800,36.22,D
sh603650,彤程新材,2025-09-18 10:33:13,36.21,7100,36.22,D
sh603650,彤程新材,2025-09-18 10:33:37,36.19,36700,36.2,D
sh603650,彤程新材,2025-09-18 10:33:40,36.17,8200,36.19,D
sh603650,彤程新材,2025-09-18 10:34:13,36.2,15100,36.17,U
sh603650,彤程新材,2025-09-18 10:34:37,36.21,15000,36.21,D
sh603650,彤程新材,2025-09-18 10:34:55,36.21,6300,36.22,D
sh603650,彤程新材,2025-09-18 10:35:19,36.21,8100,36.22,D
sh603650,彤程新材,2025-09-18 10:35:43,36.25,5700,36.23,U
sh603650,彤程新材,2025-09-18 10:35:46,36.23,19800,36.25,D
sh603650,彤程新材,2025-09-18 10:35:58,36.21,19100,36.21,D
sh603650,彤程新材,2025-09-18 10:36:37,36.25,8100,36.25,D
sh603650,彤程新材,2025-09-18 10:36:43,36.25,7000,36.26,D
sh603650,彤程新材,2025-09-18 10:36:46,36.21,32300,36.25,D
sh603650,彤程新材,2025-09-18 10:36:49,36.2,16200,36.21,D
sh603650,彤程新材,2025-09-18 10:37:01,36.17,45500,36.2,D
sh603650,彤程新材,2025-09-18 10:37:04,36.15,43100,36.17,D
sh603650,彤程新材,2025-09-18 10:37:07,36.15,7100,36.15,U
sh603650,彤程新材,2025-09-18 10:37:10,36.14,8000,36.15,D
sh603650,彤程新材,2025-09-18 10:37:22,36.12,13800,36.13,D
sh603650,彤程新材,2025-09-18 10:37:52,36.12,6900,36.12,D
sh603650,彤程新材,2025-09-18 10:38:01,36.15,6500,36.12,U
sh603650,彤程新材,2025-09-18 10:38:43,36.21,5700,36.21,D
sh603650,彤程新材,2025-09-18 10:39:04,36.18,15600,36.18,D
sh603650,彤程新材,2025-09-18 10:39:22,36.16,17400,36.18,D
sh603650,彤程新材,2025-09-18 10:39:31,36.15,28000,36.15,U
sh603650,彤程新材,2025-09-18 10:39:37,36.13,6400,36.15,E
sh603650,彤程新材,2025-09-18 10:39:40,36.11,6600,36.13,D
sh603650,彤程新材,2025-09-18 10:40:13,36.16,6400,36.12,U
sh603650,彤程新材,2025-09-18 10:40:19,36.24,28100,36.19,U
sh603650,彤程新材,2025-09-18 10:40:46,36.25,16656,36.24,U
sh603650,彤程新材,2025-09-18 10:41:13,36.28,16000,36.26,U
sh603650,彤程新材,2025-09-18 10:41:22,36.37,59200,36.3,U
sh603650,彤程新材,2025-09-18 10:41:55,36.33,7000,36.33,U
sh603650,彤程新材,2025-09-18 10:42:01,36.39,83700,36.33,U
sh603650,彤程新材,2025-09-18 10:42:22,36.4,14600,36.36,U
sh603650,彤程新材,2025-09-18 10:42:34,36.36,12900,36.37,D
sh603650,彤程新材,2025-09-18 10:42:58,36.37,8300,36.38,D
sh603650,彤程新材,2025-09-18 10:43:04,36.37,9200,36.38,D
sh603650,彤程新材,2025-09-18 10:43:28,36.39,11300,36.39,U
sh603650,彤程新材,2025-09-18 10:43:34,36.51,64600,36.41,U
sh603650,彤程新材,2025-09-18 10:43:37,36.58,24900,36.51,U
sh603650,彤程新材,2025-09-18 10:43:40,36.58,30200,36.58,D
sh603650,彤程新材,2025-09-18 10:43:46,36.6,22300,36.58,U
sh603650,彤程新材,2025-09-18 10:43:49,36.6,10900,36.6,U
sh603650,彤程新材,2025-09-18 10:43:58,36.54,15800,36.59,D
sh603650,彤程新材,2025-09-18 10:44:34,36.58,5500,36.58,U
sh603650,彤程新材,2025-09-18 10:44:49,36.58,10200,36.57,U
sh603650,彤程新材,2025-09-18 10:44:52,36.57,5500,36.58,D
sh603650,彤程新材,2025-09-18 10:45:04,36.57,8900,36.59,D
sh603650,彤程新材,2025-09-18 10:45:16,36.52,13000,36.55,D
sh603650,彤程新材,2025-09-18 10:45:19,36.52,11300,36.52,U
sh603650,彤程新材,2025-09-18 10:46:01,36.45,8041,36.45,D
sh603650,彤程新材,2025-09-18 10:46:04,36.5,16400,36.45,U
sh603650,彤程新材,2025-09-18 10:46:07,36.5,5600,36.5,U
sh603650,彤程新材,2025-09-18 10:46:18,36.55,10700,36.5,U
sh603650,彤程新材,2025-09-18 10:46:34,36.53,6500,36.51,U
sh603650,彤程新材,2025-09-18 10:46:43,36.5,6600,36.49,U
sh603650,彤程新材,2025-09-18 10:46:58,36.48,6300,36.48,D
sh603650,彤程新材,2025-09-18 10:47:37,36.45,6200,36.47,D
sh603650,彤程新材,2025-09-18 10:48:01,36.46,10500,36.45,U
sh603650,彤程新材,2025-09-18 10:48:04,36.45,5700,36.46,D
sh603650,彤程新材,2025-09-18 10:48:07,36.48,12300,36.45,U
sh603650,彤程新材,2025-09-18 10:48:52,36.48,6300,36.49,D
sh603650,彤程新材,2025-09-18 10:49:04,36.47,5700,36.47,D
sh603650,彤程新材,2025-09-18 10:49:58,36.38,10900,36.38,D
sh603650,彤程新材,2025-09-18 10:50:22,36.4,14600,36.37,U
sh603650,彤程新材,2025-09-18 10:50:46,36.47,6700,36.45,U
sh603650,彤程新材,2025-09-18 10:51:01,36.48,10700,36.49,D
sh603650,彤程新材,2025-09-18 10:52:07,36.47,8500,36.41,U
sh603650,彤程新材,2025-09-18 10:52:22,36.49,5900,36.48,U
sh603650,彤程新材,2025-09-18 10:52:25,36.5,6400,36.49,U
sh603650,彤程新材,2025-09-18 10:53:07,36.46,5600,36.49,D
sh603650,彤程新材,2025-09-18 10:53:43,36.46,12300,36.45,U
sh603650,彤程新材,2025-09-18 10:54:16,36.46,10400,36.47,D
sh603650,彤程新材,2025-09-18 10:54:40,36.47,8900,36.47,U
sh603650,彤程新材,2025-09-18 10:55:16,36.45,18900,36.46,D
sh603650,彤程新材,2025-09-18 10:55:49,36.45,6500,36.45,U
sh603650,彤程新材,2025-09-18 10:56:49,36.44,6600,36.45,D
sh603650,彤程新材,2025-09-18 10:57:16,36.43,9300,36.44,D
sh603650,彤程新材,2025-09-18 10:57:52,36.36,20000,36.4,D
sh603650,彤程新材,2025-09-18 10:58:01,36.37,5700,36.36,E
sh603650,彤程新材,2025-09-18 10:58:28,36.38,13000,36.36,U
sh603650,彤程新材,2025-09-18 10:59:07,36.36,5600,36.35,U
sh603650,彤程新材,2025-09-18 10:59:13,36.4,11900,36.39,U
sh603650,彤程新材,2025-09-18 10:59:34,36.43,7000,36.43,U
sh603650,彤程新材,2025-09-18 10:59:49,36.42,7900,36.42,E
sh603650,彤程新材,2025-09-18 11:00:52,36.38,6400,36.36,U
sh603650,彤程新材,2025-09-18 11:01:01,36.36,13600,36.36,D
sh603650,彤程新材,2025-09-18 11:01:31,36.36,6300,36.37,D
sh603650,彤程新材,2025-09-18 11:02:34,36.34,10500,36.35,D
sh603650,彤程新材,2025-09-18 11:02:40,36.34,7200,36.35,D
sh603650,彤程新材,2025-09-18 11:02:46,36.34,6600,36.34,D
sh603650,彤程新材,2025-09-18 11:02:52,36.32,9600,36.34,D
sh603650,彤程新材,2025-09-18 11:02:55,36.32,10300,36.32,D
sh603650,彤程新材,2025-09-18 11:03:04,36.29,29700,36.31,D
sh603650,彤程新材,2025-09-18 11:03:07,36.31,8700,36.29,U
sh603650,彤程新材,2025-09-18 11:03:25,36.31,8900,36.31,U
sh603650,彤程新材,2025-09-18 11:04:10,36.28,9400,36.28,D
sh603650,彤程新材,2025-09-18 11:04:43,36.27,18900,36.23,U
sh603650,彤程新材,2025-09-18 11:05:22,36.23,5900,36.25,D
sh603650,彤程新材,2025-09-18 11:06:04,36.25,19100,36.2,U
sh603650,彤程新材,2025-09-18 11:06:07,36.29,9800,36.25,U
sh603650,彤程新材,2025-09-18 11:06:43,36.29,8600,36.29,U
sh603650,彤程新材,2025-09-18 11:06:49,36.29,7300,36.27,U
sh603650,彤程新材,2025-09-18 11:07:46,36.21,6600,36.22,D
sh603650,彤程新材,2025-09-18 11:08:04,36.18,14900,36.2,D
sh603650,彤程新材,2025-09-18 11:10:04,36.16,12300,36.18,D
sh603650,彤程新材,2025-09-18 11:10:13,36.15,10000,36.16,D
sh603650,彤程新材,2025-09-18 11:11:07,36.11,18300,36.12,D
sh603650,彤程新材,2025-09-18 11:11:22,36.1,16000,36.11,D
sh603650,彤程新材,2025-09-18 11:11:40,36.11,5900,36.11,U
sh603650,彤程新材,2025-09-18 11:12:37,36.16,7000,36.15,U
sh603650,彤程新材,2025-09-18 11:14:25,36.2,5700,36.2,U
sh603650,彤程新材,2025-09-18 11:14:40,36.2,6600,36.2,D
sh603650,彤程新材,2025-09-18 11:14:52,36.19,6200,36.19,E
sh603650,彤程新材,2025-09-18 11:14:58,36.2,6800,36.2,U
sh603650,彤程新材,2025-09-18 11:15:10,36.2,10000,36.18,U
sh603650,彤程新材,2025-09-18 11:15:19,36.2,14300,36.2,U
sh603650,彤程新材,2025-09-18 11:15:37,36.18,15300,36.18,D
sh603650,彤程新材,2025-09-18 11:15:43,36.25,18100,36.18,U
sh603650,彤程新材,2025-09-18 11:16:43,36.22,15400,36.21,U
sh603650,彤程新材,2025-09-18 11:16:46,36.22,7600,36.22,U
sh603650,彤程新材,2025-09-18 11:17:04,36.21,5900,36.19,U
sh603650,彤程新材,2025-09-18 11:18:19,36.22,9900,36.2,U
sh603650,彤程新材,2025-09-18 11:18:22,36.22,8300,36.22,U
sh603650,彤程新材,2025-09-18 11:18:25,36.26,24400,36.22,U
sh603650,彤程新材,2025-09-18 11:18:28,36.26,7600,36.26,U
sh603650,彤程新材,2025-09-18 11:18:31,36.28,24300,36.26,U
sh603650,彤程新材,2025-09-18 11:18:52,36.28,7200,36.28,U
sh603650,彤程新材,2025-09-18 11:19:10,36.28,32300,36.28,U
sh603650,彤程新材,2025-09-18 11:19:13,36.3,14100,36.28,U
sh603650,彤程新材,2025-09-18 11:19:28,36.23,6800,36.28,D
sh603650,彤程新材,2025-09-18 11:20:13,36.28,7600,36.28,U
sh603650,彤程新材,2025-09-18 11:20:16,36.31,10400,36.28,U
sh603650,彤程新材,2025-09-18 11:20:43,36.28,34000,36.31,D
sh603650,彤程新材,2025-09-18 11:21:01,36.3,9000,36.3,D
sh603650,彤程新材,2025-09-18 11:22:46,36.3,8100,36.3,U
sh603650,彤程新材,2025-09-18 11:24:16,36.29,5700,36.28,U
sh603650,彤程新材,2025-09-18 11:24:19,36.28,9000,36.29,D
sh603650,彤程新材,2025-09-18 11:24:34,36.28,10500,36.29,D
sh603650,彤程新材,2025-09-18 11:24:37,36.28,12900,36.28,D
sh603650,彤程新材,2025-09-18 11:24:55,36.29,8300,36.28,U
sh603650,彤程新材,2025-09-18 11:25:04,36.32,16200,36.3,U
sh603650,彤程新材,2025-09-18 11:25:31,36.42,20500,36.33,U
sh603650,彤程新材,2025-09-18 11:25:40,36.46,28700,36.42,U
sh603650,彤程新材,2025-09-18 11:26:37,36.4,8400,36.42,D
sh603650,彤程新材,2025-09-18 11:27:16,36.39,19900,36.36,E
sh603650,彤程新材,2025-09-18 11:28:16,36.37,6400,36.4,D
sh603650,彤程新材,2025-09-18 11:28:22,36.41,8700,36.4,U
sh603650,彤程新材,2025-09-18 11:28:40,36.4,9000,36.4,D
sh603650,彤程新材,2025-09-18 11:29:10,36.39,7200,36.37,U
sh603650,彤程新材,2025-09-18 11:29:16,36.41,21200,36.39,U
sh603650,彤程新材,2025-09-18 11:29:19,36.38,8000,36.41,D
sh603650,彤程新材,2025-09-18 13:00:04,36.41,15400,36.4,U
sh603650,彤程新材,2025-09-18 13:00:07,36.4,18600,36.41,D
sh603650,彤程新材,2025-09-18 13:00:09,36.43,10900,36.4,U
sh603650,彤程新材,2025-09-18 13:00:16,36.35,61500,36.43,D
sh603650,彤程新材,2025-09-18 13:00:19,36.35,11900,36.35,U
sh603650,彤程新材,2025-09-18 13:00:43,36.4,5700,36.38,U
sh603650,彤程新材,2025-09-18 13:01:07,36.34,9300,36.34,D
sh603650,彤程新材,2025-09-18 13:01:34,36.38,6000,36.36,U
sh603650,彤程新材,2025-09-18 13:01:58,36.37,6100,36.38,D
sh603650,彤程新材,2025-09-18 13:02:55,36.3,28100,36.32,D
sh603650,彤程新材,2025-09-18 13:03:13,36.32,6900,36.3,U
sh603650,彤程新材,2025-09-18 13:04:13,36.3,6200,36.3,D
sh603650,彤程新材,2025-09-18 13:04:37,36.31,7500,36.3,U
sh603650,彤程新材,2025-09-18 13:05:07,36.31,11500,36.33,D
sh603650,彤程新材,2025-09-18 13:05:16,36.37,30300,36.33,U
sh603650,彤程新材,2025-09-18 13:05:19,36.35,6000,36.37,E
sh603650,彤程新材,2025-09-18 13:05:25,36.37,7900,36.35,U
sh603650,彤程新材,2025-09-18 13:05:37,36.38,12000,36.38,U
sh603650,彤程新材,2025-09-18 13:06:04,36.38,35600,36.4,D
sh603650,彤程新材,2025-09-18 13:06:13,36.36,6200,36.38,D
sh603650,彤程新材,2025-09-18 13:06:19,36.37,11700,36.37,U
sh603650,彤程新材,2025-09-18 13:06:22,36.35,9300,36.37,D
sh603650,彤程新材,2025-09-18 13:06:37,36.36,23200,36.33,U
sh603650,彤程新材,2025-09-18 13:07:40,36.29,24500,36.33,D
sh603650,彤程新材,2025-09-18 13:08:04,36.31,6800,36.31,D
sh603650,彤程新材,2025-09-18 13:08:31,36.33,17600,36.3,U
sh603650,彤程新材,2025-09-18 13:08:40,36.38,18700,36.35,U
sh603650,彤程新材,2025-09-18 13:08:43,36.32,9500,36.38,D
sh603650,彤程新材,2025-09-18 13:08:52,36.38,6200,36.35,U
sh603650,彤程新材,2025-09-18 13:08:55,36.36,39000,36.38,E
sh603650,彤程新材,2025-09-18 13:10:16,36.29,32800,36.31,D
sh603650,彤程新材,2025-09-18 13:10:25,36.3,21800,36.29,U
sh603650,彤程新材,2025-09-18 13:11:07,36.3,7300,36.29,U
sh603650,彤程新材,2025-09-18 13:11:16,36.31,15400,36.31,D
sh603650,彤程新材,2025-09-18 13:11:22,36.3,9500,36.31,D
sh603650,彤程新材,2025-09-18 13:12:19,36.28,8000,36.29,D
sh603650,彤程新材,2025-09-18 13:12:37,36.28,28100,36.29,D
sh603650,彤程新材,2025-09-18 13:12:40,36.28,12900,36.28,D
sh603650,彤程新材,2025-09-18 13:13:01,36.28,10000,36.28,D
sh603650,彤程新材,2025-09-18 13:13:04,36.28,6900,36.28,D
sh603650,彤程新材,2025-09-18 13:13:10,36.28,22000,36.28,D
sh603650,彤程新材,2025-09-18 13:13:19,36.28,9600,36.28,D
sh603650,彤程新材,2025-09-18 13:13:22,36.28,6000,36.28,D
sh603650,彤程新材,2025-09-18 13:14:37,36.26,6000,36.26,U
sh603650,彤程新材,2025-09-18 13:16:16,36.25,6000,36.26,D
sh603650,彤程新材,2025-09-18 13:16:19,36.26,7200,36.25,U
sh603650,彤程新材,2025-09-18 13:16:22,36.25,5800,36.26,D
sh603650,彤程新材,2025-09-18 13:17:22,36.26,5700,36.26,U
sh603650,彤程新材,2025-09-18 13:17:34,36.26,5900,36.25,U
sh603650,彤程新材,2025-09-18 13:18:04,36.25,7400,36.26,D
sh603650,彤程新材,2025-09-18 13:18:25,36.26,9600,36.26,D
sh603650,彤程新材,2025-09-18 13:19:07,36.21,5800,36.23,D
sh603650,彤程新材,2025-09-18 13:19:10,36.2,9200,36.21,D
sh603650,彤程新材,2025-09-18 13:19:13,36.2,17800,36.2,D
sh603650,彤程新材,2025-09-18 13:19:16,36.18,31900,36.2,D
sh603650,彤程新材,2025-09-18 13:19:37,36.17,14000,36.17,D
sh603650,彤程新材,2025-09-18 13:20:04,36.19,15300,36.17,U
sh603650,彤程新材,2025-09-18 13:20:10,36.18,6000,36.17,E
sh603650,彤程新材,2025-09-18 13:20:52,36.17,7500,36.16,U
sh603650,彤程新材,2025-09-18 13:21:01,36.15,7600,36.16,D
sh603650,彤程新材,2025-09-18 13:21:04,36.15,7100,36.15,D
sh603650,彤程新材,2025-09-18 13:21:13,36.15,9900,36.15,D
sh603650,彤程新材,2025-09-18 13:21:16,36.14,6400,36.15,D
sh603650,彤程新材,2025-09-18 13:21:40,36.13,5700,36.13,D
sh603650,彤程新材,2025-09-18 13:21:46,36.12,8700,36.12,D
sh603650,彤程新材,2025-09-18 13:21:52,36.11,16000,36.11,D
sh603650,彤程新材,2025-09-18 13:22:04,36.1,13100,36.11,D
sh603650,彤程新材,2025-09-18 13:22:16,36.1,6000,36.1,D
sh603650,彤程新材,2025-09-18 13:22:19,36.11,8400,36.1,U
sh603650,彤程新材,2025-09-18 13:22:25,36.11,35300,36.11,D
sh603650,彤程新材,2025-09-18 13:22:46,36.11,6800,36.11,D
sh603650,彤程新材,2025-09-18 13:23:04,36.11,14600,36.12,D
sh603650,彤程新材,2025-09-18 13:23:55,36.11,10700,36.11,D
sh603650,彤程新材,2025-09-18 13:23:58,36.1,18700,36.11,D
sh603650,彤程新材,2025-09-18 13:24:04,36.09,12700,36.11,D
sh603650,彤程新材,2025-09-18 13:24:07,36.07,6500,36.09,D
sh603650,彤程新材,2025-09-18 13:24:22,36.07,7300,36.07,D
sh603650,彤程新材,2025-09-18 13:24:25,36.05,22100,36.07,D
sh603650,彤程新材,2025-09-18 13:24:31,36.05,5700,36.05,U
sh603650,彤程新材,2025-09-18 13:24:58,36.03,11800,36.03,D
sh603650,彤程新材,2025-09-18 13:25:01,36.02,14500,36.03,D
sh603650,彤程新材,2025-09-18 13:25:04,36.01,9900,36.02,D
sh603650,彤程新材,2025-09-18 13:25:13,36.01,12800,36.01,D
sh603650,彤程新材,2025-09-18 13:25:19,36.0,9400,36.01,D
sh603650,彤程新材,2025-09-18 13:25:22,35.98,84300,36.0,D
sh603650,彤程新材,2025-09-18 13:25:49,35.96,14700,35.96,D
sh603650,彤程新材,2025-09-18 13:25:52,35.97,8600,35.96,U
sh603650,彤程新材,2025-09-18 13:25:55,35.96,13200,35.97,E
sh603650,彤程新材,2025-09-18 13:25:58,35.95,21900,35.96,D
sh603650,彤程新材,2025-09-18 13:26:04,35.9,9300,35.92,D
sh603650,彤程新材,2025-09-18 13:26:10,35.9,7100,35.92,D
sh603650,彤程新材,2025-09-18 13:26:19,35.91,6900,35.91,D
sh603650,彤程新材,2025-09-18 13:26:28,35.9,7400,35.91,D
sh603650,彤程新材,2025-09-18 13:26:37,35.9,11100,35.9,D
sh603650,彤程新材,2025-09-18 13:26:40,35.9,27400,35.9,D
sh603650,彤程新材,2025-09-18 13:26:55,35.93,56100,35.89,U
sh603650,彤程新材,2025-09-18 13:26:58,35.95,6500,35.93,U
sh603650,彤程新材,2025-09-18 13:27:16,35.92,12800,35.93,D
sh603650,彤程新材,2025-09-18 13:27:46,35.9,12900,35.9,D
sh603650,彤程新材,2025-09-18 13:27:55,35.9,23500,35.91,D
sh603650,彤程新材,2025-09-18 13:28:04,35.9,7600,35.89,U
sh603650,彤程新材,2025-09-18 13:28:16,35.89,12500,35.89,D
sh603650,彤程新材,2025-09-18 13:28:19,35.9,16400,35.89,U
sh603650,彤程新材,2025-09-18 13:28:22,35.89,11900,35.9,E
sh603650,彤程新材,2025-09-18 13:28:28,35.89,13200,35.89,U
sh603650,彤程新材,2025-09-18 13:28:37,35.88,5900,35.88,D
sh603650,彤程新材,2025-09-18 13:29:19,35.9,44000,35.87,U
sh603650,彤程新材,2025-09-18 13:29:34,35.93,8000,35.92,U
sh603650,彤程新材,2025-09-18 13:29:43,35.93,5700,35.93,D
sh603650,彤程新材,2025-09-18 13:29:52,35.93,8600,35.93,D
sh603650,彤程新材,2025-09-18 13:30:04,35.96,14700,35.94,U
sh603650,彤程新材,2025-09-18 13:30:37,35.99,7500,36.0,D
sh603650,彤程新材,2025-09-18 13:31:01,36.0,21800,36.02,D
sh603650,彤程新材,2025-09-18 13:31:04,35.98,9100,36.0,D
sh603650,彤程新材,2025-09-18 13:31:22,36.0,9700,36.02,D
sh603650,彤程新材,2025-09-18 13:31:52,36.0,7500,36.0,U
sh603650,彤程新材,2025-09-18 13:32:16,35.96,13300,35.96,D
sh603650,彤程新材,2025-09-18 13:32:49,35.92,6200,35.92,U
sh603650,彤程新材,2025-09-18 13:34:01,35.92,7900,35.93,D
sh603650,彤程新材,2025-09-18 13:34:28,35.92,8500,35.93,D
sh603650,彤程新材,2025-09-18 13:36:28,35.96,8300,35.97,D
sh603650,彤程新材,2025-09-18 13:36:31,36.0,77100,35.96,U
sh603650,彤程新材,2025-09-18 13:36:46,36.0,12300,36.0,U
sh603650,彤程新材,2025-09-18 13:36:58,36.01,8600,36.01,U
sh603650,彤程新材,2025-09-18 13:37:10,36.01,7400,36.02,D
sh603650,彤程新材,2025-09-18 13:37:16,36.02,7000,36.02,U
sh603650,彤程新材,2025-09-18 13:37:55,36.01,8800,36.01,D
sh603650,彤程新材,2025-09-18 13:38:01,36.01,7500,36.01,D
sh603650,彤程新材,2025-09-18 13:38:07,36.01,16000,36.02,D
sh603650,彤程新材,2025-09-18 13:38:31,35.97,5700,35.98,D
sh603650,彤程新材,2025-09-18 13:38:37,35.96,12800,35.96,D
sh603650,彤程新材,2025-09-18 13:38:46,35.95,6200,35.96,D
sh603650,彤程新材,2025-09-18 13:39:40,35.96,21300,35.95,U
sh603650,彤程新材,2025-09-18 13:39:58,35.96,5700,35.97,D
sh603650,彤程新材,2025-09-18 13:41:07,36.0,9300,36.0,U
sh603650,彤程新材,2025-09-18 13:41:46,36.02,21000,36.01,U
sh603650,彤程新材,2025-09-18 13:41:49,36.0,18800,36.02,D
sh603650,彤程新材,2025-09-18 13:43:04,36.03,9600,36.02,U
sh603650,彤程新材,2025-09-18 13:43:07,36.03,15200,36.03,U
sh603650,彤程新材,2025-09-18 13:43:13,36.02,7600,36.02,D
sh603650,彤程新材,2025-09-18 13:43:16,36.02,25500,36.02,D
sh603650,彤程新材,2025-09-18 13:43:22,36.0,27500,35.99,E
sh603650,彤程新材,2025-09-18 13:44:04,35.98,8000,36.0,D
sh603650,彤程新材,2025-09-18 13:44:16,36.02,25900,35.98,U
sh603650,彤程新材,2025-09-18 13:44:25,35.97,24300,35.99,D
sh603650,彤程新材,2025-09-18 13:44:28,35.97,7900,35.97,D
sh603650,彤程新材,2025-09-18 13:44:31,35.97,12300,35.97,U
sh603650,彤程新材,2025-09-18 13:45:07,35.91,17100,35.94,D
sh603650,彤程新材,2025-09-18 13:45:31,35.9,7800,35.91,D
sh603650,彤程新材,2025-09-18 13:45:58,35.89,5800,35.9,D
sh603650,彤程新材,2025-09-18 13:46:04,35.88,7100,35.89,D
sh603650,彤程新材,2025-09-18 13:46:07,35.88,6200,35.88,D
sh603650,彤程新材,2025-09-18 13:46:19,35.89,5700,35.88,U
sh603650,彤程新材,2025-09-18 13:46:46,35.87,10300,35.87,U
sh603650,彤程新材,2025-09-18 13:46:49,35.87,7300,35.87,D
sh603650,彤程新材,2025-09-18 13:46:55,35.88,9600,35.87,U
sh603650,彤程新材,2025-09-18 13:47:01,35.88,10100,35.88,D
sh603650,彤程新材,2025-09-18 13:47:13,35.87,7100,35.87,D
sh603650,彤程新材,2025-09-18 13:47:25,35.84,21300,35.86,D
sh603650,彤程新材,2025-09-18 13:47:31,35.85,87600,35.84,U
sh603650,彤程新材,2025-09-18 13:47:37,35.89,22200,35.85,U
sh603650,彤程新材,2025-09-18 13:47:43,35.89,8100,35.91,D
sh603650,彤程新材,2025-09-18 13:47:52,35.89,6600,35.9,D
sh603650,彤程新材,2025-09-18 13:48:07,35.91,13600,35.89,U
sh603650,彤程新材,2025-09-18 13:48:13,35.94,17700,35.91,E
sh603650,彤程新材,2025-09-18 13:48:31,35.96,6000,35.96,U
sh603650,彤程新材,2025-09-18 13:50:13,35.98,13200,35.96,U
sh603650,彤程新材,2025-09-18 13:50:16,35.98,13200,35.98,D
sh603650,彤程新材,2025-09-18 13:50:25,35.99,20900,35.99,U
sh603650,彤程新材,2025-09-18 13:50:28,36.0,9000,35.99,U
sh603650,彤程新材,2025-09-18 13:50:52,35.99,6400,36.0,D
sh603650,彤程新材,2025-09-18 13:51:13,36.0,15200,35.99,U
sh603650,彤程新材,2025-09-18 13:51:16,36.03,47200,36.0,U
sh603650,彤程新材,2025-09-18 13:51:43,36.07,44300,36.05,U
sh603650,彤程新材,2025-09-18 13:52:40,36.07,16400,36.06,U
sh603650,彤程新材,2025-09-18 13:52:55,36.04,53500,36.07,D
sh603650,彤程新材,2025-09-18 13:53:52,36.02,23500,36.02,D
sh603650,彤程新材,2025-09-18 13:54:13,35.96,7200,35.97,D
sh603650,彤程新材,2025-09-18 13:55:52,35.92,10100,35.92,D
sh603650,彤程新材,2025-09-18 13:56:25,35.93,14400,35.94,D
sh603650,彤程新材,2025-09-18 13:57:28,35.91,9800,35.93,D
sh603650,彤程新材,2025-09-18 13:57:40,35.9,14500,35.9,D
sh603650,彤程新材,2025-09-18 13:57:43,35.89,10700,35.9,D
sh603650,彤程新材,2025-09-18 13:57:46,35.88,13400,35.89,D
sh603650,彤程新材,2025-09-18 13:58:37,35.85,7900,35.85,D
sh603650,彤程新材,2025-09-18 13:59:22,35.82,7600,35.83,D
sh603650,彤程新材,2025-09-18 13:59:43,35.81,20000,35.82,D
sh603650,彤程新材,2025-09-18 13:59:58,35.84,6800,35.84,U
sh603650,彤程新材,2025-09-18 14:00:19,35.82,7900,35.82,D
sh603650,彤程新材,2025-09-18 14:00:43,35.81,10300,35.82,D
sh603650,彤程新材,2025-09-18 14:00:49,35.82,29300,35.81,U
sh603650,彤程新材,2025-09-18 14:01:04,35.78,75000,35.8,D
sh603650,彤程新材,2025-09-18 14:01:22,35.77,11014,35.75,U
sh603650,彤程新材,2025-09-18 14:01:28,35.76,11200,35.78,D
sh603650,彤程新材,2025-09-18 14:01:34,35.76,6400,35.77,E
sh603650,彤程新材,2025-09-18 14:01:49,35.79,6900,35.79,D
sh603650,彤程新材,2025-09-18 14:01:52,35.8,14200,35.79,U
sh603650,彤程新材,2025-09-18 14:02:13,35.81,15100,35.8,U
sh603650,彤程新材,2025-09-18 14:02:46,35.85,20900,35.87,D
sh603650,彤程新材,2025-09-18 14:02:52,35.82,12900,35.84,D
sh603650,彤程新材,2025-09-18 14:03:19,35.83,13100,35.81,U
sh603650,彤程新材,2025-09-18 14:03:22,35.84,12100,35.83,U
sh603650,彤程新材,2025-09-18 14:03:49,35.88,6300,35.85,U
sh603650,彤程新材,2025-09-18 14:04:04,35.84,22400,35.88,D
sh603650,彤程新材,2025-09-18 14:04:07,35.8,10200,35.84,D
sh603650,彤程新材,2025-09-18 14:04:22,35.74,14800,35.77,D
sh603650,彤程新材,2025-09-18 14:04:25,35.74,7800,35.74,D
sh603650,彤程新材,2025-09-18 14:04:46,35.7,17200,35.71,D
sh603650,彤程新材,2025-09-18 14:04:49,35.7,14400,35.7,D
sh603650,彤程新材,2025-09-18 14:04:52,35.69,10900,35.7,D
sh603650,彤程新材,2025-09-18 14:05:04,35.69,9400,35.7,E
sh603650,彤程新材,2025-09-18 14:05:10,35.71,10900,35.69,U
sh603650,彤程新材,2025-09-18 14:05:22,35.7,11600,35.71,D
sh603650,彤程新材,2025-09-18 14:05:31,35.71,23300,35.71,U
sh603650,彤程新材,2025-09-18 14:06:10,35.71,12700,35.72,D
sh603650,彤程新材,2025-09-18 14:06:31,35.71,9400,35.71,D
sh603650,彤程新材,2025-09-18 14:06:37,35.73,5600,35.71,U
sh603650,彤程新材,2025-09-18 14:06:43,35.7,9400,35.71,D
sh603650,彤程新材,2025-09-18 14:06:55,35.7,6200,35.7,D
sh603650,彤程新材,2025-09-18 14:06:58,35.7,13900,35.7,D
sh603650,彤程新材,2025-09-18 14:07:01,35.69,9200,35.7,D
sh603650,彤程新材,2025-09-18 14:07:22,35.69,6900,35.69,D
sh603650,彤程新材,2025-09-18 14:07:31,35.69,6100,35.69,D
sh603650,彤程新材,2025-09-18 14:07:34,35.69,21500,35.69,D
sh603650,彤程新材,2025-09-18 14:07:37,35.68,18900,35.69,D
sh603650,彤程新材,2025-09-18 14:07:43,35.68,11900,35.67,U
sh603650,彤程新材,2025-09-18 14:07:46,35.66,8400,35.68,D
sh603650,彤程新材,2025-09-18 14:07:52,35.65,13718,35.66,D
sh603650,彤程新材,2025-09-18 14:08:01,35.62,15000,35.63,D
sh603650,彤程新材,2025-09-18 14:08:04,35.61,6100,35.62,D
sh603650,彤程新材,2025-09-18 14:08:10,35.6,42600,35.61,D
sh603650,彤程新材,2025-09-18 14:08:13,35.61,16300,35.6,U
sh603650,彤程新材,2025-09-18 14:08:16,35.59,11542,35.61,D
sh603650,彤程新材,2025-09-18 14:08:19,35.63,10300,35.59,U
sh603650,彤程新材,2025-09-18 14:08:22,35.62,8758,35.63,E
sh603650,彤程新材,2025-09-18 14:08:25,35.62,6742,35.62,U
sh603650,彤程新材,2025-09-18 14:08:31,35.6,18100,35.61,D
sh603650,彤程新材,2025-09-18 14:08:40,35.61,24000,35.6,U
sh603650,彤程新材,2025-09-18 14:08:43,35.64,25800,35.61,U
sh603650,彤程新材,2025-09-18 14:08:46,35.66,8000,35.64,U
sh603650,彤程新材,2025-09-18 14:08:49,35.68,5900,35.66,U
sh603650,彤程新材,2025-09-18 14:09:49,35.65,7500,35.69,D
sh603650,彤程新材,2025-09-18 14:10:04,35.65,8300,35.66,D
sh603650,彤程新材,2025-09-18 14:10:13,35.64,13100,35.64,D
sh603650,彤程新材,2025-09-18 14:10:16,35.62,7000,35.64,D
sh603650,彤程新材,2025-09-18 14:10:19,35.61,10600,35.62,D
sh603650,彤程新材,2025-09-18 14:10:31,35.59,7800,35.6,D
sh603650,彤程新材,2025-09-18 14:11:04,35.58,11300,35.58,D
sh603650,彤程新材,2025-09-18 14:11:19,35.58,5700,35.58,D
sh603650,彤程新材,2025-09-18 14:11:25,35.55,22000,35.57,D
sh603650,彤程新材,2025-09-18 14:11:31,35.59,20600,35.54,U
sh603650,彤程新材,2025-09-18 14:11:46,35.57,11400,35.54,U
sh603650,彤程新材,2025-09-18 14:11:52,35.52,7600,35.55,D
sh603650,彤程新材,2025-09-18 14:12:01,35.51,6100,35.52,D
sh603650,彤程新材,2025-09-18 14:12:10,35.5,7500,35.5,D
sh603650,彤程新材,2025-09-18 14:12:13,35.5,11500,35.5,D
sh603650,彤程新材,2025-09-18 14:12:16,35.5,7300,35.5,D
sh603650,彤程新材,2025-09-18 14:12:25,35.5,20600,35.5,D
sh603650,彤程新材,2025-09-18 14:12:28,35.51,22000,35.5,U
sh603650,彤程新材,2025-09-18 14:12:34,35.53,16200,35.51,D
sh603650,彤程新材,2025-09-18 14:12:37,35.51,12600,35.53,D
sh603650,彤程新材,2025-09-18 14:12:46,35.57,6100,35.54,U
sh603650,彤程新材,2025-09-18 14:12:49,35.57,9100,35.57,U
sh603650,彤程新材,2025-09-18 14:12:58,35.57,7100,35.53,U
sh603650,彤程新材,2025-09-18 14:13:10,35.48,9000,35.5,D
sh603650,彤程新材,2025-09-18 14:13:22,35.48,6300,35.5,D
sh603650,彤程新材,2025-09-18 14:13:31,35.48,7300,35.48,D
sh603650,彤程新材,2025-09-18 14:13:43,35.5,8900,35.47,U
sh603650,彤程新材,2025-09-18 14:13:46,35.48,9300,35.5,D
sh603650,彤程新材,2025-09-18 14:13:49,35.51,18400,35.48,E
sh603650,彤程新材,2025-09-18 14:13:52,35.55,8800,35.51,U
sh603650,彤程新材,2025-09-18 14:14:04,35.59,12100,35.56,U
sh603650,彤程新材,2025-09-18 14:14:07,35.56,9800,35.59,D
sh603650,彤程新材,2025-09-18 14:15:25,35.56,15200,35.58,D
sh603650,彤程新材,2025-09-18 14:15:34,35.55,37900,35.55,D
sh603650,彤程新材,2025-09-18 14:15:37,35.54,7300,35.55,D
sh603650,彤程新材,2025-09-18 14:15:40,35.56,8000,35.54,U
sh603650,彤程新材,2025-09-18 14:15:49,35.51,5800,35.51,D
sh603650,彤程新材,2025-09-18 14:15:58,35.54,9400,35.54,D
sh603650,彤程新材,2025-09-18 14:16:22,35.6,6600,35.58,U
sh603650,彤程新材,2025-09-18 14:16:49,35.61,5700,35.6,U
sh603650,彤程新材,2025-09-18 14:16:52,35.6,9000,35.61,D
sh603650,彤程新材,2025-09-18 14:17:10,35.6,10900,35.62,D
sh603650,彤程新材,2025-09-18 14:17:25,35.64,14500,35.63,U
sh603650,彤程新材,2025-09-18 14:17:34,35.64,8900,35.64,U
sh603650,彤程新材,2025-09-18 14:17:55,35.66,12800,35.66,U
sh603650,彤程新材,2025-09-18 14:18:04,35.68,7000,35.66,U
sh603650,彤程新材,2025-09-18 14:18:19,35.68,8800,35.67,U
sh603650,彤程新材,2025-09-18 14:18:28,35.69,10600,35.69,U
sh603650,彤程新材,2025-09-18 14:19:01,35.77,17300,35.76,E
sh603650,彤程新材,2025-09-18 14:19:07,35.73,23000,35.75,D
sh603650,彤程新材,2025-09-18 14:19:13,35.78,35800,35.75,U
sh603650,彤程新材,2025-09-18 14:19:34,35.68,17400,35.71,D
sh603650,彤程新材,2025-09-18 14:19:40,35.67,7200,35.69,D
sh603650,彤程新材,2025-09-18 14:20:04,35.66,13000,35.67,D
sh603650,彤程新材,2025-09-18 14:20:07,35.65,5800,35.66,D
sh603650,彤程新材,2025-09-18 14:20:10,35.66,8600,35.65,E
sh603650,彤程新材,2025-09-18 14:20:19,35.65,7300,35.67,D
sh603650,彤程新材,2025-09-18 14:20:22,35.65,22400,35.65,U
sh603650,彤程新材,2025-09-18 14:20:28,35.64,6700,35.64,U
sh603650,彤程新材,2025-09-18 14:20:37,35.61,6700,35.62,D
sh603650,彤程新材,2025-09-18 14:21:16,35.59,7100,35.59,D
sh603650,彤程新材,2025-09-18 14:21:49,35.6,8100,35.6,U
sh603650,彤程新材,2025-09-18 14:22:04,35.57,9200,35.58,D
sh603650,彤程新材,2025-09-18 14:22:10,35.56,6300,35.56,D
sh603650,彤程新材,2025-09-18 14:22:43,35.58,9100,35.58,D
sh603650,彤程新材,2025-09-18 14:22:49,35.65,54100,35.58,U
sh603650,彤程新材,2025-09-18 14:23:07,35.6,7600,35.62,D
sh603650,彤程新材,2025-09-18 14:23:37,35.61,6000,35.6,U
sh603650,彤程新材,2025-09-18 14:23:49,35.6,12600,35.6,D
sh603650,彤程新材,2025-09-18 14:23:52,35.55,9300,35.6,D
sh603650,彤程新材,2025-09-18 14:24:34,35.5,25000,35.51,D
sh603650,彤程新材,2025-09-18 14:24:37,35.5,12700,35.5,D
sh603650,彤程新材,2025-09-18 14:24:46,35.5,18200,35.48,U
sh603650,彤程新材,2025-09-18 14:25:01,35.5,6800,35.48,U
sh603650,彤程新材,2025-09-18 14:25:10,35.5,6100,35.51,E
sh603650,彤程新材,2025-09-18 14:25:19,35.49,8700,35.49,U
sh603650,彤程新材,2025-09-18 14:25:22,35.54,17000,35.49,U
sh603650,彤程新材,2025-09-18 14:25:25,35.52,7700,35.54,D
sh603650,彤程新材,2025-09-18 14:25:31,35.6,13200,35.51,U
sh603650,彤程新材,2025-09-18 14:25:34,35.5,8300,35.6,D
sh603650,彤程新材,2025-09-18 14:26:19,35.49,7900,35.5,D
sh603650,彤程新材,2025-09-18 14:26:37,35.47,6600,35.48,D
sh603650,彤程新材,2025-09-18 14:26:46,35.47,9900,35.48,D
sh603650,彤程新材,2025-09-18 14:26:49,35.49,9600,35.47,U
sh603650,彤程新材,2025-09-18 14:26:52,35.48,6000,35.49,D
sh603650,彤程新材,2025-09-18 14:26:58,35.47,8400,35.47,D
sh603650,彤程新材,2025-09-18 14:27:04,35.44,14900,35.46,D
sh603650,彤程新材,2025-09-18 14:27:07,35.47,8100,35.44,U
sh603650,彤程新材,2025-09-18 14:27:19,35.4,5700,35.44,D
sh603650,彤程新材,2025-09-18 14:27:25,35.39,7500,35.4,D
sh603650,彤程新材,2025-09-18 14:27:28,35.42,19200,35.39,U
sh603650,彤程新材,2025-09-18 14:27:55,35.42,7700,35.38,E
sh603650,彤程新材,2025-09-18 14:28:01,35.46,6900,35.38,U
sh603650,彤程新材,2025-09-18 14:28:04,35.39,7000,35.46,D
sh603650,彤程新材,2025-09-18 14:30:04,35.44,6000,35.44,D
sh603650,彤程新材,2025-09-18 14:30:07,35.43,8500,35.44,D
sh603650,彤程新材,2025-09-18 14:30:34,35.41,5800,35.41,D
sh603650,彤程新材,2025-09-18 14:30:49,35.45,7300,35.43,U
sh603650,彤程新材,2025-09-18 14:31:04,35.43,5900,35.42,U
sh603650,彤程新材,2025-09-18 14:31:07,35.41,8600,35.43,D
sh603650,彤程新材,2025-09-18 14:31:19,35.41,16700,35.41,D
sh603650,彤程新材,2025-09-18 14:31:25,35.45,6500,35.43,U
sh603650,彤程新材,2025-09-18 14:31:46,35.48,10200,35.44,U
sh603650,彤程新材,2025-09-18 14:31:52,35.48,13700,35.46,E
sh603650,彤程新材,2025-09-18 14:31:55,35.48,11300,35.48,D
sh603650,彤程新材,2025-09-18 14:31:58,35.48,9200,35.48,D
sh603650,彤程新材,2025-09-18 14:32:07,35.52,30300,35.5,U
sh603650,彤程新材,2025-09-18 14:32:43,35.57,14700,35.58,D
sh603650,彤程新材,2025-09-18 14:32:46,35.55,6800,35.57,D
sh603650,彤程新材,2025-09-18 14:32:52,35.55,9400,35.55,U
sh603650,彤程新材,2025-09-18 14:33:13,35.5,11000,35.52,D
sh603650,彤程新材,2025-09-18 14:33:16,35.45,8300,35.5,D
sh603650,彤程新材,2025-09-18 14:33:22,35.41,14100,35.42,D
sh603650,彤程新材,2025-09-18 14:33:25,35.41,8400,35.41,D
sh603650,彤程新材,2025-09-18 14:33:34,35.43,21500,35.42,U
sh603650,彤程新材,2025-09-18 14:34:10,35.53,7700,35.43,U
sh603650,彤程新材,2025-09-18 14:34:34,35.5,6800,35.5,U
sh603650,彤程新材,2025-09-18 14:34:37,35.5,7000,35.5,U
sh603650,彤程新材,2025-09-18 14:34:40,35.5,7400,35.5,D
sh603650,彤程新材,2025-09-18 14:34:43,35.48,7800,35.5,D
sh603650,彤程新材,2025-09-18 14:35:46,35.45,6500,35.46,D
sh603650,彤程新材,2025-09-18 14:35:55,35.42,10300,35.43,D
sh603650,彤程新材,2025-09-18 14:36:19,35.41,9000,35.42,D
sh603650,彤程新材,2025-09-18 14:36:22,35.42,6800,35.41,U
sh603650,彤程新材,2025-09-18 14:36:31,35.42,19000,35.4,U
sh603650,彤程新材,2025-09-18 14:36:40,35.4,10900,35.41,D
sh603650,彤程新材,2025-09-18 14:36:46,35.4,8800,35.4,D
sh603650,彤程新材,2025-09-18 14:36:49,35.39,8500,35.4,D
sh603650,彤程新材,2025-09-18 14:37:07,35.38,8000,35.38,D
sh603650,彤程新材,2025-09-18 14:37:31,35.36,9200,35.36,D
sh603650,彤程新材,2025-09-18 14:37:37,35.35,5700,35.35,D
sh603650,彤程新材,2025-09-18 14:37:46,35.35,7200,35.35,D
sh603650,彤程新材,2025-09-18 14:37:52,35.36,13500,35.35,U
sh603650,彤程新材,2025-09-18 14:38:10,35.35,17700,35.34,U
sh603650,彤程新材,2025-09-18 14:38:19,35.37,5700,35.36,U
sh603650,彤程新材,2025-09-18 14:38:22,35.37,16400,35.37,U
sh603650,彤程新材,2025-09-18 14:38:28,35.39,10800,35.36,U
sh603650,彤程新材,2025-09-18 14:38:31,35.36,6100,35.39,D
sh603650,彤程新材,2025-09-18 14:38:34,35.38,28800,35.36,E
sh603650,彤程新材,2025-09-18 14:39:28,35.31,11000,35.31,U
sh603650,彤程新材,2025-09-18 14:39:31,35.3,6600,35.31,D
sh603650,彤程新材,2025-09-18 14:39:34,35.3,16200,35.3,D
sh603650,彤程新材,2025-09-18 14:40:07,35.29,6600,35.32,D
sh603650,彤程新材,2025-09-18 14:40:19,35.28,17300,35.28,D
sh603650,彤程新材,2025-09-18 14:40:40,35.27,22400,35.26,U
sh603650,彤程新材,2025-09-18 14:40:43,35.3,20700,35.27,U
sh603650,彤程新材,2025-09-18 14:40:46,35.3,21300,35.3,U
sh603650,彤程新材,2025-09-18 14:40:49,35.3,55400,35.3,D
sh603650,彤程新材,2025-09-18 14:40:58,35.3,6900,35.28,U
sh603650,彤程新材,2025-09-18 14:41:16,35.3,8200,35.32,D
sh603650,彤程新材,2025-09-18 14:41:46,35.29,23800,35.3,D
sh603650,彤程新材,2025-09-18 14:42:01,35.3,6300,35.28,U
sh603650,彤程新材,2025-09-18 14:42:13,35.25,66700,35.28,D
sh603650,彤程新材,2025-09-18 14:42:37,35.24,22300,35.24,U
sh603650,彤程新材,2025-09-18 14:42:43,35.21,10900,35.22,D
sh603650,彤程新材,2025-09-18 14:42:49,35.22,54700,35.22,U
sh603650,彤程新材,2025-09-18 14:42:58,35.21,12100,35.2,U
sh603650,彤程新材,2025-09-18 14:43:07,35.22,12700,35.21,U
sh603650,彤程新材,2025-09-18 14:43:10,35.22,6800,35.22,U
sh603650,彤程新材,2025-09-18 14:43:16,35.27,14500,35.22,U
sh603650,彤程新材,2025-09-18 14:43:19,35.22,15100,35.27,D
sh603650,彤程新材,2025-09-18 14:43:28,35.34,27900,35.3,U
sh603650,彤程新材,2025-09-18 14:43:31,35.28,15500,35.34,D
sh603650,彤程新材,2025-09-18 14:43:34,35.34,6400,35.28,U
sh603650,彤程新材,2025-09-18 14:43:43,35.3,20200,35.35,D
sh603650,彤程新材,2025-09-18 14:43:46,35.34,8000,35.3,D
sh603650,彤程新材,2025-09-18 14:44:04,35.4,12400,35.35,U
sh603650,彤程新材,2025-09-18 14:44:16,35.42,12300,35.39,U
sh603650,彤程新材,2025-09-18 14:44:28,35.42,11200,35.41,U
sh603650,彤程新材,2025-09-18 14:44:40,35.42,5900,35.43,D
sh603650,彤程新材,2025-09-18 14:44:46,35.43,6900,35.44,U
sh603650,彤程新材,2025-09-18 14:44:58,35.43,11800,35.43,D
sh603650,彤程新材,2025-09-18 14:45:01,35.43,12600,35.43,D
sh603650,彤程新材,2025-09-18 14:45:04,35.44,15500,35.43,U
sh603650,彤程新材,2025-09-18 14:45:25,35.45,28700,35.44,U
sh603650,彤程新材,2025-09-18 14:45:28,35.45,7100,35.45,D
sh603650,彤程新材,2025-09-18 14:46:01,35.5,41600,35.49,U
sh603650,彤程新材,2025-09-18 14:46:07,35.5,14400,35.5,D
sh603650,彤程新材,2025-09-18 14:46:16,35.5,6900,35.5,U
sh603650,彤程新材,2025-09-18 14:46:34,35.49,8600,35.5,D
sh603650,彤程新材,2025-09-18 14:46:46,35.48,8300,35.5,D
sh603650,彤程新材,2025-09-18 14:46:52,35.5,9300,35.48,U
sh603650,彤程新材,2025-09-18 14:47:31,35.49,7900,35.5,D
sh603650,彤程新材,2025-09-18 14:47:37,35.5,6100,35.49,U
sh603650,彤程新材,2025-09-18 14:47:46,35.49,6900,35.5,D
sh603650,彤程新材,2025-09-18 14:48:04,35.5,7000,35.5,E
sh603650,彤程新材,2025-09-18 14:48:07,35.5,21200,35.5,U
sh603650,彤程新材,2025-09-18 14:48:31,35.55,8800,35.53,U
sh603650,彤程新材,2025-09-18 14:48:55,35.57,9500,35.56,U
sh603650,彤程新材,2025-09-18 14:49:01,35.58,11400,35.57,U
sh603650,彤程新材,2025-09-18 14:49:16,35.59,6000,35.58,U
sh603650,彤程新材,2025-09-18 14:49:25,35.59,8100,35.6,E
sh603650,彤程新材,2025-09-18 14:49:34,35.61,10600,35.6,U
sh603650,彤程新材,2025-09-18 14:49:49,35.62,5700,35.61,U
sh603650,彤程新材,2025-09-18 14:50:04,35.62,12900,35.62,U
sh603650,彤程新材,2025-09-18 14:50:07,35.62,20700,35.62,U
sh603650,彤程新材,2025-09-18 14:50:10,35.62,13400,35.62,U
sh603650,彤程新材,2025-09-18 14:50:31,35.66,6800,35.65,U
sh603650,彤程新材,2025-09-18 14:51:04,35.65,18600,35.69,D
sh603650,彤程新材,2025-09-18 14:51:13,35.65,19200,35.63,U
sh603650,彤程新材,2025-09-18 14:51:25,35.64,9800,35.63,U
sh603650,彤程新材,2025-09-18 14:51:46,35.65,9300,35.65,D
sh603650,彤程新材,2025-09-18 14:51:52,35.65,6300,35.65,U
sh603650,彤程新材,2025-09-18 14:51:55,35.65,6100,35.65,U
sh603650,彤程新材,2025-09-18 14:52:04,35.65,8000,35.65,U
sh603650,彤程新材,2025-09-18 14:52:07,35.65,7000,35.65,U
sh603650,彤程新材,2025-09-18 14:52:22,35.66,10200,35.68,D
sh603650,彤程新材,2025-09-18 14:52:31,35.67,7200,35.67,U
sh603650,彤程新材,2025-09-18 14:52:37,35.67,6400,35.67,U
sh603650,彤程新材,2025-09-18 14:52:49,35.66,6600,35.66,U
sh603650,彤程新材,2025-09-18 14:53:13,35.69,6600,35.68,U
sh603650,彤程新材,2025-09-18 14:53:28,35.7,12300,35.7,U
sh603650,彤程新材,2025-09-18 14:54:04,35.69,7297,35.69,D
sh603650,彤程新材,2025-09-18 14:54:07,35.7,14200,35.69,U
sh603650,彤程新材,2025-09-18 14:54:10,35.69,8100,35.7,D
sh603650,彤程新材,2025-09-18 14:54:13,35.71,18003,35.69,U
sh603650,彤程新材,2025-09-18 14:54:16,35.7,9800,35.71,E
sh603650,彤程新材,2025-09-18 14:54:43,35.64,15000,35.66,D
sh603650,彤程新材,2025-09-18 14:54:46,35.65,6600,35.64,E
sh603650,彤程新材,2025-09-18 14:55:04,35.65,10300,35.63,U
sh603650,彤程新材,2025-09-18 14:55:07,35.64,8000,35.65,D
sh603650,彤程新材,2025-09-18 14:55:34,35.65,6800,35.65,U
sh603650,彤程新材,2025-09-18 14:55:40,35.63,33500,35.65,D
sh603650,彤程新材,2025-09-18 14:55:46,35.64,13200,35.64,U
sh603650,彤程新材,2025-09-18 14:56:01,35.63,6600,35.63,U
sh603650,彤程新材,2025-09-18 14:56:04,35.62,7000,35.63,D
sh603650,彤程新材,2025-09-18 14:56:07,35.61,8300,35.62,D
sh603650,彤程新材,2025-09-18 14:56:37,35.61,23300,35.62,D
sh603650,彤程新材,2025-09-18 14:56:43,35.61,8500,35.62,D
sh603650,彤程新材,2025-09-18 15:00:00,35.62,71200,35.62,U
