symbol,name,ticktime,price,volume,prev_price,kind
sh603650,彤程新材,2025-09-23 09:25:02,36.56,64200,0.0,U
sh603650,彤程新材,2025-09-23 09:30:03,36.56,15300,36.55,U
sh603650,彤程新材,2025-09-23 09:30:06,36.56,21800,36.56,U
sh603650,彤程新材,2025-09-23 09:30:09,36.56,16600,36.56,D
sh603650,彤程新材,2025-09-23 09:30:12,36.5,13800,36.56,D
sh603650,彤程新材,2025-09-23 09:30:15,36.46,13100,36.5,D
sh603650,彤程新材,2025-09-23 09:30:18,36.5,12100,36.46,U
sh603650,彤程新材,2025-09-23 09:30:21,36.5,5600,36.5,U
sh603650,彤程新材,2025-09-23 09:30:24,36.46,28700,36.5,D
sh603650,彤程新材,2025-09-23 09:30:27,36.46,5800,36.46,U
sh603650,彤程新材,2025-09-23 09:30:30,36.46,12500,36.46,U
sh603650,彤程新材,2025-09-23 09:30:33,36.46,9500,36.46,U
sh603650,彤程新材,2025-09-23 09:30:36,36.46,8700,36.46,U
sh603650,彤程新材,2025-09-23 09:30:39,36.36,36400,36.46,D
sh603650,彤程新材,2025-09-23 09:30:42,36.42,15100,36.36,U
sh603650,彤程新材,2025-09-23 09:30:45,36.35,7200,36.42,E
sh603650,彤程新材,2025-09-23 09:30:48,36.35,27100,36.35,U
sh603650,彤程新材,2025-09-23 09:30:51,36.41,6400,36.35,U
sh603650,彤程新材,2025-09-23 09:30:57,36.35,6600,36.35,D
sh603650,彤程新材,2025-09-23 09:31:00,36.35,10100,36.35,U
sh603650,彤程新材,2025-09-23 09:31:03,36.35,9000,36.35,D
sh603650,彤程新材,2025-09-23 09:31:06,36.36,17400,36.35,U
sh603650,彤程新材,2025-09-23 09:31:09,36.44,10200,36.36,U
sh603650,彤程新材,2025-09-23 09:31:12,36.43,7000,36.44,D
sh603650,彤程新材,2025-09-23 09:31:18,36.43,6700,36.43,U
sh603650,彤程新材,2025-09-23 09:31:21,36.42,8800,36.43,D
sh603650,彤程新材,2025-09-23 09:31:24,36.42,5800,36.42,U
sh603650,彤程新材,2025-09-23 09:31:27,36.41,29900,36.42,D
sh603650,彤程新材,2025-09-23 09:31:30,36.38,8600,36.41,D
sh603650,彤程新材,2025-09-23 09:31:33,36.4,16300,36.38,E
sh603650,彤程新材,2025-09-23 09:31:42,36.47,15800,36.47,D
sh603650,彤程新材,2025-09-23 09:31:45,36.5,5900,36.47,U
sh603650,彤程新材,2025-09-23 09:31:54,36.56,37200,36.54,U
sh603650,彤程新材,2025-09-23 09:31:57,36.58,120100,36.56,U
sh603650,彤程新材,2025-09-23 09:32:00,36.65,19700,36.58,U
sh603650,彤程新材,2025-09-23 09:32:09,36.7,7800,36.72,E
sh603650,彤程新材,2025-09-23 09:32:12,36.73,9300,36.7,U
sh603650,彤程新材,2025-09-23 09:32:15,36.75,29200,36.73,U
sh603650,彤程新材,2025-09-23 09:32:18,36.78,21100,36.75,U
sh603650,彤程新材,2025-09-23 09:32:21,36.8,10100,36.78,U
sh603650,彤程新材,2025-09-23 09:32:24,36.76,24300,36.8,D
sh603650,彤程新材,2025-09-23 09:32:27,36.73,15100,36.76,D
sh603650,彤程新材,2025-09-23 09:32:30,36.72,13000,36.73,D
sh603650,彤程新材,2025-09-23 09:32:33,36.7,9300,36.72,D
sh603650,彤程新材,2025-09-23 09:32:36,36.72,41300,36.7,U
sh603650,彤程新材,2025-09-23 09:32:39,36.89,27126,36.72,U
sh603650,彤程新材,2025-09-23 09:32:42,36.86,12600,36.89,D
sh603650,彤程新材,2025-09-23 09:32:51,36.91,13100,36.91,U
sh603650,彤程新材,2025-09-23 09:32:54,36.87,27000,36.91,E
sh603650,彤程新材,2025-09-23 09:32:57,36.89,19200,36.87,U
sh603650,彤程新材,2025-09-23 09:33:00,36.88,5700,36.89,E
sh603650,彤程新材,2025-09-23 09:33:03,36.81,8974,36.88,D
sh603650,彤程新材,2025-09-23 09:33:06,36.72,10600,36.81,D
sh603650,彤程新材,2025-09-23 09:33:09,36.64,49200,36.72,D
sh603650,彤程新材,2025-09-23 09:33:18,36.71,16300,36.67,U
sh603650,彤程新材,2025-09-23 09:33:21,36.65,5500,36.71,D
sh603650,彤程新材,2025-09-23 09:33:24,36.65,9400,36.65,D
sh603650,彤程新材,2025-09-23 09:33:30,36.64,7600,36.68,D
sh603650,彤程新材,2025-09-23 09:33:39,36.66,6700,36.66,U
sh603650,彤程新材,2025-09-23 09:33:48,36.66,6900,36.66,U
sh603650,彤程新材,2025-09-23 09:33:51,36.68,6900,36.66,U
sh603650,彤程新材,2025-09-23 09:33:54,36.68,7000,36.68,U
sh603650,彤程新材,2025-09-23 09:34:03,36.66,16700,36.65,U
sh603650,彤程新材,2025-09-23 09:34:06,36.61,15300,36.66,D
sh603650,彤程新材,2025-09-23 09:34:18,36.61,10400,36.62,D
sh603650,彤程新材,2025-09-23 09:34:24,36.7,79300,36.62,U
sh603650,彤程新材,2025-09-23 09:34:27,36.65,26800,36.7,D
sh603650,彤程新材,2025-09-23 09:34:36,36.76,32000,36.72,U
sh603650,彤程新材,2025-09-23 09:34:42,36.69,6700,36.72,D
sh603650,彤程新材,2025-09-23 09:34:45,36.71,10700,36.69,E
sh603650,彤程新材,2025-09-23 09:34:48,36.69,5700,36.71,D
sh603650,彤程新材,2025-09-23 09:35:03,36.64,13300,36.69,D
sh603650,彤程新材,2025-09-23 09:35:06,36.67,6900,36.64,E
sh603650,彤程新材,2025-09-23 09:35:09,36.75,20600,36.67,U
sh603650,彤程新材,2025-09-23 09:35:18,36.8,7800,36.8,U
sh603650,彤程新材,2025-09-23 09:35:21,36.8,10600,36.8,U
sh603650,彤程新材,2025-09-23 09:35:30,36.85,10600,36.85,U
sh603650,彤程新材,2025-09-23 09:35:42,36.82,6700,36.81,U
sh603650,彤程新材,2025-09-23 09:35:45,36.82,8300,36.82,E
sh603650,彤程新材,2025-09-23 09:35:51,36.81,17400,36.81,D
sh603650,彤程新材,2025-09-23 09:35:54,36.85,15500,36.81,U
sh603650,彤程新材,2025-09-23 09:35:57,36.89,36500,36.85,U
sh603650,彤程新材,2025-09-23 09:36:00,36.9,47100,36.89,U
sh603650,彤程新材,2025-09-23 09:36:03,36.87,32600,36.9,D
sh603650,彤程新材,2025-09-23 09:36:06,36.86,8100,36.87,U
sh603650,彤程新材,2025-09-23 09:36:12,36.87,29300,36.87,U
sh603650,彤程新材,2025-09-23 09:36:15,36.9,6400,36.87,U
sh603650,彤程新材,2025-09-23 09:36:18,36.89,39700,36.9,D
sh603650,彤程新材,2025-09-23 09:36:21,36.9,10200,36.89,U
sh603650,彤程新材,2025-09-23 09:36:24,36.89,8500,36.9,E
sh603650,彤程新材,2025-09-23 09:36:27,36.89,8700,36.89,U
sh603650,彤程新材,2025-09-23 09:36:30,36.88,12900,36.89,D
sh603650,彤程新材,2025-09-23 09:36:33,36.9,9700,36.88,U
sh603650,彤程新材,2025-09-23 09:36:36,36.89,7100,36.9,D
sh603650,彤程新材,2025-09-23 09:36:42,36.89,21900,36.89,U
sh603650,彤程新材,2025-09-23 09:36:45,36.88,7300,36.89,D
sh603650,彤程新材,2025-09-23 09:36:48,36.86,6500,36.88,D
sh603650,彤程新材,2025-09-23 09:36:51,36.88,7500,36.86,U
sh603650,彤程新材,2025-09-23 09:36:57,36.88,7400,36.84,U
sh603650,彤程新材,2025-09-23 09:37:00,36.81,16100,36.88,D
sh603650,彤程新材,2025-09-23 09:37:03,36.83,27700,36.81,U
sh603650,彤程新材,2025-09-23 09:37:06,36.8,6100,36.83,D
sh603650,彤程新材,2025-09-23 09:37:15,36.8,10000,36.79,D
sh603650,彤程新材,2025-09-23 09:37:21,36.78,6200,36.78,D
sh603650,彤程新材,2025-09-23 09:37:27,36.75,8500,36.76,D
sh603650,彤程新材,2025-09-23 09:37:36,36.7,8600,36.7,D
sh603650,彤程新材,2025-09-23 09:37:42,36.69,18200,36.74,D
sh603650,彤程新材,2025-09-23 09:37:54,36.69,9500,36.69,D
sh603650,彤程新材,2025-09-23 09:37:57,36.69,6300,36.69,U
sh603650,彤程新材,2025-09-23 09:38:00,36.72,18000,36.69,E
sh603650,彤程新材,2025-09-23 09:38:03,36.84,74200,36.72,U
sh603650,彤程新材,2025-09-23 09:38:09,36.88,5600,36.85,U
sh603650,彤程新材,2025-09-23 09:38:15,36.92,57200,36.86,U
sh603650,彤程新材,2025-09-23 09:38:18,36.94,13500,36.92,U
sh603650,彤程新材,2025-09-23 09:38:21,36.95,23500,36.94,U
sh603650,彤程新材,2025-09-23 09:38:24,36.94,9000,36.95,D
sh603650,彤程新材,2025-09-23 09:38:30,36.95,22500,36.95,D
sh603650,彤程新材,2025-09-23 09:38:33,36.96,25400,36.95,E
sh603650,彤程新材,2025-09-23 09:38:36,36.99,70500,36.96,U
sh603650,彤程新材,2025-09-23 09:38:39,36.98,8900,36.99,E
sh603650,彤程新材,2025-09-23 09:38:42,36.99,8600,36.98,U
sh603650,彤程新材,2025-09-23 09:38:45,36.99,12500,36.99,U
sh603650,彤程新材,2025-09-23 09:38:48,37.0,10100,36.99,U
sh603650,彤程新材,2025-09-23 09:38:51,36.99,12100,37.0,D
sh603650,彤程新材,2025-09-23 09:38:54,37.0,13400,36.99,U
sh603650,彤程新材,2025-09-23 09:38:57,36.99,10100,37.0,U
sh603650,彤程新材,2025-09-23 09:39:00,36.99,7300,36.99,D
sh603650,彤程新材,2025-09-23 09:39:03,36.99,87800,36.99,D
sh603650,彤程新材,2025-09-23 09:39:06,36.99,10500,36.99,U
sh603650,彤程新材,2025-09-23 09:39:12,36.97,9700,36.95,E
sh603650,彤程新材,2025-09-23 09:39:15,36.95,5600,36.97,E
sh603650,彤程新材,2025-09-23 09:39:24,36.89,6400,36.85,U
sh603650,彤程新材,2025-09-23 09:39:36,36.83,35400,36.89,D
sh603650,彤程新材,2025-09-23 09:39:39,36.8,48400,36.83,D
sh603650,彤程新材,2025-09-23 09:39:42,36.85,22000,36.8,U
sh603650,彤程新材,2025-09-23 09:39:54,36.82,6500,36.85,D
sh603650,彤程新材,2025-09-23 09:39:57,36.8,10900,36.82,D
sh603650,彤程新材,2025-09-23 09:40:03,36.8,10300,36.81,D
sh603650,彤程新材,2025-09-23 09:40:21,36.76,7300,36.77,D
sh603650,彤程新材,2025-09-23 09:40:24,36.75,5800,36.76,D
sh603650,彤程新材,2025-09-23 09:40:27,36.8,10300,36.75,U
sh603650,彤程新材,2025-09-23 09:40:42,36.8,6100,36.79,U
sh603650,彤程新材,2025-09-23 09:40:57,36.85,6300,36.8,U
sh603650,彤程新材,2025-09-23 09:41:00,36.9,22200,36.85,U
sh603650,彤程新材,2025-09-23 09:41:09,36.9,9800,36.87,E
sh603650,彤程新材,2025-09-23 09:41:18,36.93,7500,36.93,D
sh603650,彤程新材,2025-09-23 09:41:21,36.97,30100,36.93,U
sh603650,彤程新材,2025-09-23 09:41:30,36.98,16200,36.98,U
sh603650,彤程新材,2025-09-23 09:41:33,36.98,8900,36.98,U
sh603650,彤程新材,2025-09-23 09:41:36,36.97,21800,36.98,U
sh603650,彤程新材,2025-09-23 09:41:39,36.95,9700,36.97,U
sh603650,彤程新材,2025-09-23 09:41:42,36.96,7800,36.95,E
sh603650,彤程新材,2025-09-23 09:41:48,36.91,15700,36.94,D
sh603650,彤程新材,2025-09-23 09:42:00,36.88,5700,36.87,U
sh603650,彤程新材,2025-09-23 09:42:09,36.89,6800,36.86,U
sh603650,彤程新材,2025-09-23 09:42:12,36.91,25800,36.89,U
sh603650,彤程新材,2025-09-23 09:42:15,36.89,13500,36.91,D
sh603650,彤程新材,2025-09-23 09:42:18,36.92,16700,36.89,U
sh603650,彤程新材,2025-09-23 09:42:21,36.93,14000,36.92,U
sh603650,彤程新材,2025-09-23 09:42:30,36.92,14100,36.94,E
sh603650,彤程新材,2025-09-23 09:42:33,36.9,10700,36.92,D
sh603650,彤程新材,2025-09-23 09:42:42,36.87,56500,36.93,D
sh603650,彤程新材,2025-09-23 09:42:45,36.92,43400,36.87,U
sh603650,彤程新材,2025-09-23 09:42:48,36.92,8100,36.92,D
sh603650,彤程新材,2025-09-23 09:43:03,36.92,10400,36.9,U
sh603650,彤程新材,2025-09-23 09:43:06,36.98,58600,36.92,U
sh603650,彤程新材,2025-09-23 09:43:09,36.99,36600,36.98,U
sh603650,彤程新材,2025-09-23 09:43:12,37.0,17100,36.99,U
sh603650,彤程新材,2025-09-23 09:43:15,37.0,9700,37.0,U
sh603650,彤程新材,2025-09-23 09:43:18,37.03,35100,37.0,U
sh603650,彤程新材,2025-09-23 09:43:24,37.03,6300,37.05,D
sh603650,彤程新材,2025-09-23 09:43:27,37.09,11200,37.03,U
sh603650,彤程新材,2025-09-23 09:43:30,37.04,14000,37.09,D
sh603650,彤程新材,2025-09-23 09:43:33,37.03,17500,37.04,D
sh603650,彤程新材,2025-09-23 09:43:36,37.04,7000,37.03,E
sh603650,彤程新材,2025-09-23 09:43:39,37.06,8700,37.04,E
sh603650,彤程新材,2025-09-23 09:43:42,37.1,17800,37.06,U
sh603650,彤程新材,2025-09-23 09:43:45,37.06,21100,37.1,D
sh603650,彤程新材,2025-09-23 09:43:48,37.06,17800,37.06,U
sh603650,彤程新材,2025-09-23 09:43:51,37.06,8900,37.06,U
sh603650,彤程新材,2025-09-23 09:43:54,37.06,12700,37.06,U
sh603650,彤程新材,2025-09-23 09:43:57,37.09,5700,37.06,U
sh603650,彤程新材,2025-09-23 09:44:00,37.05,51200,37.09,D
sh603650,彤程新材,2025-09-23 09:44:03,37.04,13200,37.05,D
sh603650,彤程新材,2025-09-23 09:44:06,36.97,24100,37.04,D
sh603650,彤程新材,2025-09-23 09:44:15,36.86,16800,36.87,D
sh603650,彤程新材,2025-09-23 09:44:18,36.85,17800,36.86,E
sh603650,彤程新材,2025-09-23 09:44:21,36.8,14300,36.85,D
sh603650,彤程新材,2025-09-23 09:44:24,36.75,28500,36.8,D
sh603650,彤程新材,2025-09-23 09:44:36,36.75,6000,36.75,U
sh603650,彤程新材,2025-09-23 09:44:39,36.76,7100,36.75,U
sh603650,彤程新材,2025-09-23 09:44:42,36.75,7800,36.76,E
sh603650,彤程新材,2025-09-23 09:44:45,36.75,13100,36.75,D
sh603650,彤程新材,2025-09-23 09:44:48,36.74,22800,36.75,E
sh603650,彤程新材,2025-09-23 09:44:51,36.71,19600,36.74,D
sh603650,彤程新材,2025-09-23 09:44:54,36.77,6000,36.71,U
sh603650,彤程新材,2025-09-23 09:45:03,36.78,8800,36.78,D
sh603650,彤程新材,2025-09-23 09:45:09,36.75,7800,36.8,D
sh603650,彤程新材,2025-09-23 09:45:15,36.72,69800,36.77,D
sh603650,彤程新材,2025-09-23 09:45:18,36.68,8600,36.72,D
sh603650,彤程新材,2025-09-23 09:45:21,36.72,6700,36.68,U
sh603650,彤程新材,2025-09-23 09:45:27,36.73,6300,36.71,E
sh603650,彤程新材,2025-09-23 09:45:30,36.71,7300,36.73,D
sh603650,彤程新材,2025-09-23 09:45:33,36.74,6100,36.71,U
sh603650,彤程新材,2025-09-23 09:45:36,36.72,32700,36.74,D
sh603650,彤程新材,2025-09-23 09:45:42,36.77,6000,36.77,U
sh603650,彤程新材,2025-09-23 09:45:51,36.77,8700,36.75,U
sh603650,彤程新材,2025-09-23 09:46:00,36.73,16900,36.72,D
sh603650,彤程新材,2025-09-23 09:46:03,36.71,6800,36.73,E
sh603650,彤程新材,2025-09-23 09:46:15,36.72,21600,36.72,D
sh603650,彤程新材,2025-09-23 09:46:24,36.84,8200,36.81,U
sh603650,彤程新材,2025-09-23 09:46:33,36.8,11900,36.81,D
sh603650,彤程新材,2025-09-23 09:46:36,36.77,21000,36.8,E
sh603650,彤程新材,2025-09-23 09:46:39,36.78,8500,36.77,U
sh603650,彤程新材,2025-09-23 09:46:42,36.78,5600,36.78,U
sh603650,彤程新材,2025-09-23 09:46:48,36.78,5600,36.76,U
sh603650,彤程新材,2025-09-23 09:47:00,36.78,25800,36.78,U
sh603650,彤程新材,2025-09-23 09:47:24,36.82,20700,36.84,D
sh603650,彤程新材,2025-09-23 09:47:33,36.8,30600,36.82,D
sh603650,彤程新材,2025-09-23 09:47:42,36.84,11900,36.8,U
sh603650,彤程新材,2025-09-23 09:47:48,36.73,19400,36.8,D
sh603650,彤程新材,2025-09-23 09:47:51,36.72,18500,36.73,D
sh603650,彤程新材,2025-09-23 09:48:03,36.7,19000,36.73,D
sh603650,彤程新材,2025-09-23 09:48:06,36.7,12700,36.7,D
sh603650,彤程新材,2025-09-23 09:48:09,36.7,11000,36.7,U
sh603650,彤程新材,2025-09-23 09:48:12,36.7,6600,36.7,U
sh603650,彤程新材,2025-09-23 09:48:15,36.67,12000,36.7,D
sh603650,彤程新材,2025-09-23 09:48:18,36.68,7900,36.67,U
sh603650,彤程新材,2025-09-23 09:48:21,36.65,6900,36.68,U
sh603650,彤程新材,2025-09-23 09:48:24,36.8,12700,36.65,U
sh603650,彤程新材,2025-09-23 09:48:27,36.67,13000,36.8,E
sh603650,彤程新材,2025-09-23 09:48:36,36.66,6500,36.64,E
sh603650,彤程新材,2025-09-23 09:48:39,36.69,20424,36.66,U
sh603650,彤程新材,2025-09-23 09:48:48,36.69,15900,36.68,E
sh603650,彤程新材,2025-09-23 09:48:57,36.69,5900,36.7,D
sh603650,彤程新材,2025-09-23 09:49:03,36.69,9900,36.7,D
sh603650,彤程新材,2025-09-23 09:49:06,36.69,21800,36.69,D
sh603650,彤程新材,2025-09-23 09:49:12,36.7,5500,36.71,D
sh603650,彤程新材,2025-09-23 09:49:15,36.76,23000,36.7,U
sh603650,彤程新材,2025-09-23 09:49:33,36.8,9000,36.8,D
sh603650,彤程新材,2025-09-23 09:49:45,36.83,11200,36.82,U
sh603650,彤程新材,2025-09-23 09:49:48,36.84,6700,36.83,U
sh603650,彤程新材,2025-09-23 09:49:54,36.9,15000,36.88,U
sh603650,彤程新材,2025-09-23 09:49:57,36.88,5600,36.9,E
sh603650,彤程新材,2025-09-23 09:50:00,36.83,8500,36.88,D
sh603650,彤程新材,2025-09-23 09:50:03,36.83,6700,36.83,D
sh603650,彤程新材,2025-09-23 09:50:06,36.82,8600,36.83,D
sh603650,彤程新材,2025-09-23 09:50:09,36.81,9200,36.82,U
sh603650,彤程新材,2025-09-23 09:50:18,36.85,6800,36.85,E
sh603650,彤程新材,2025-09-23 09:50:27,36.87,11000,36.87,D
sh603650,彤程新材,2025-09-23 09:50:33,36.8,11600,36.87,D
sh603650,彤程新材,2025-09-23 09:50:36,36.77,9900,36.8,D
sh603650,彤程新材,2025-09-23 09:50:45,36.77,6000,36.74,U
sh603650,彤程新材,2025-09-23 09:50:51,36.75,12200,36.74,U
sh603650,彤程新材,2025-09-23 09:50:54,36.77,13300,36.75,U
sh603650,彤程新材,2025-09-23 09:51:00,36.76,5600,36.76,D
sh603650,彤程新材,2025-09-23 09:51:06,36.7,8600,36.75,D
sh603650,彤程新材,2025-09-23 09:51:18,36.69,6600,36.7,D
sh603650,彤程新材,2025-09-23 09:51:21,36.64,9476,36.69,D
sh603650,彤程新材,2025-09-23 09:51:24,36.68,8100,36.64,U
sh603650,彤程新材,2025-09-23 09:51:33,36.64,12400,36.64,U
sh603650,彤程新材,2025-09-23 09:51:36,36.67,17400,36.64,U
sh603650,彤程新材,2025-09-23 09:51:51,36.67,8300,36.68,D
sh603650,彤程新材,2025-09-23 09:51:57,36.69,7700,36.69,D
sh603650,彤程新材,2025-09-23 09:52:00,36.64,14200,36.69,D
sh603650,彤程新材,2025-09-23 09:52:03,36.62,5900,36.64,D
sh603650,彤程新材,2025-09-23 09:52:06,36.62,8900,36.62,D
sh603650,彤程新材,2025-09-23 09:52:12,36.61,21800,36.61,D
sh603650,彤程新材,2025-09-23 09:52:15,36.59,26800,36.61,D
sh603650,彤程新材,2025-09-23 09:52:21,36.58,6300,36.59,E
sh603650,彤程新材,2025-09-23 09:52:36,36.55,53100,36.54,E
sh603650,彤程新材,2025-09-23 09:52:39,36.58,10500,36.55,D
sh603650,彤程新材,2025-09-23 09:52:42,36.64,7000,36.58,U
sh603650,彤程新材,2025-09-23 09:52:48,36.59,24400,36.59,D
sh603650,彤程新材,2025-09-23 09:53:03,36.59,9600,36.59,D
sh603650,彤程新材,2025-09-23 09:53:09,36.64,5900,36.62,U
sh603650,彤程新材,2025-09-23 09:53:24,36.58,10700,36.59,E
sh603650,彤程新材,2025-09-23 09:53:33,36.64,12700,36.6,U
sh603650,彤程新材,2025-09-23 09:53:48,36.6,12400,36.6,D
sh603650,彤程新材,2025-09-23 09:54:06,36.57,18900,36.65,D
sh603650,彤程新材,2025-09-23 09:54:18,36.6,13900,36.62,D
sh603650,彤程新材,2025-09-23 09:54:27,36.66,33600,36.67,E
sh603650,彤程新材,2025-09-23 09:54:39,36.76,12200,36.67,U
sh603650,彤程新材,2025-09-23 09:54:57,36.72,18400,36.76,D
sh603650,彤程新材,2025-09-23 09:55:00,36.73,31000,36.72,E
sh603650,彤程新材,2025-09-23 09:55:03,36.72,7400,36.73,D
sh603650,彤程新材,2025-09-23 09:55:12,36.7,9700,36.7,U
sh603650,彤程新材,2025-09-23 09:56:03,36.7,19800,36.63,U
sh603650,彤程新材,2025-09-23 09:56:06,36.67,5600,36.7,D
sh603650,彤程新材,2025-09-23 09:56:48,36.66,13700,36.69,D
sh603650,彤程新材,2025-09-23 09:56:51,36.58,5800,36.66,D
sh603650,彤程新材,2025-09-23 09:57:06,36.58,7100,36.57,U
sh603650,彤程新材,2025-09-23 09:57:27,36.57,11700,36.59,D
sh603650,彤程新材,2025-09-23 09:57:30,36.56,20100,36.57,D
sh603650,彤程新材,2025-09-23 09:57:36,36.55,7900,36.54,E
sh603650,彤程新材,2025-09-23 09:58:03,36.57,30100,36.5,U
sh603650,彤程新材,2025-09-23 09:58:06,36.58,18500,36.57,U
sh603650,彤程新材,2025-09-23 09:58:09,36.53,6700,36.58,E
sh603650,彤程新材,2025-09-23 09:58:15,36.52,5500,36.51,D
sh603650,彤程新材,2025-09-23 09:58:36,36.49,20700,36.54,D
sh603650,彤程新材,2025-09-23 09:58:54,36.51,8800,36.5,E
sh603650,彤程新材,2025-09-23 09:58:57,36.5,9900,36.51,D
sh603650,彤程新材,2025-09-23 09:59:00,36.5,6900,36.5,D
sh603650,彤程新材,2025-09-23 09:59:27,36.5,6200,36.53,D
sh603650,彤程新材,2025-09-23 09:59:30,36.49,6100,36.5,D
sh603650,彤程新材,2025-09-23 09:59:39,36.44,47200,36.46,D
sh603650,彤程新材,2025-09-23 09:59:45,36.37,11700,36.41,D
sh603650,彤程新材,2025-09-23 09:59:48,36.37,21800,36.37,D
sh603650,彤程新材,2025-09-23 09:59:51,36.35,8700,36.37,D
sh603650,彤程新材,2025-09-23 09:59:54,36.31,20500,36.35,D
sh603650,彤程新材,2025-09-23 09:59:57,36.3,5700,36.31,D
sh603650,彤程新材,2025-09-23 10:00:00,36.3,18400,36.3,D
sh603650,彤程新材,2025-09-23 10:00:03,36.31,27000,36.3,U
sh603650,彤程新材,2025-09-23 10:00:06,36.35,24600,36.31,U
sh603650,彤程新材,2025-09-23 10:00:09,36.31,30300,36.35,D
sh603650,彤程新材,2025-09-23 10:00:12,36.31,10100,36.31,U
sh603650,彤程新材,2025-09-23 10:00:18,36.32,24000,36.32,D
sh603650,彤程新材,2025-09-23 10:00:21,36.32,104300,36.32,D
sh603650,彤程新材,2025-09-23 10:00:24,36.32,9500,36.32,D
sh603650,彤程新材,2025-09-23 10:00:27,36.32,6000,36.32,D
sh603650,彤程新材,2025-09-23 10:00:30,36.31,7600,36.32,D
sh603650,彤程新材,2025-09-23 10:00:36,36.3,7900,36.31,D
sh603650,彤程新材,2025-09-23 10:00:54,36.29,49000,36.25,U
sh603650,彤程新材,2025-09-23 10:00:57,36.26,6500,36.29,D
sh603650,彤程新材,2025-09-23 10:01:00,36.28,9500,36.26,E
sh603650,彤程新材,2025-09-23 10:01:03,36.26,14700,36.28,D
sh603650,彤程新材,2025-09-23 10:01:06,36.26,9200,36.26,U
sh603650,彤程新材,2025-09-23 10:01:15,36.23,9300,36.25,D
sh603650,彤程新材,2025-09-23 10:01:18,36.23,8600,36.23,D
sh603650,彤程新材,2025-09-23 10:01:21,36.25,26000,36.23,U
sh603650,彤程新材,2025-09-23 10:01:24,36.25,19000,36.25,D
sh603650,彤程新材,2025-09-23 10:01:27,36.25,5900,36.25,D
sh603650,彤程新材,2025-09-23 10:01:30,36.25,215800,36.25,D
sh603650,彤程新材,2025-09-23 10:01:36,36.23,25800,36.25,D
sh603650,彤程新材,2025-09-23 10:01:39,36.27,41400,36.23,E
sh603650,彤程新材,2025-09-23 10:01:51,36.26,11800,36.26,D
sh603650,彤程新材,2025-09-23 10:01:54,36.27,15300,36.26,U
sh603650,彤程新材,2025-09-23 10:01:57,36.28,26800,36.27,U
sh603650,彤程新材,2025-09-23 10:02:18,36.21,7800,36.25,D
sh603650,彤程新材,2025-09-23 10:02:21,36.25,14300,36.21,U
sh603650,彤程新材,2025-09-23 10:02:39,36.21,13300,36.2,U
sh603650,彤程新材,2025-09-23 10:02:42,36.3,74800,36.21,U
sh603650,彤程新材,2025-09-23 10:02:45,36.27,10900,36.3,D
sh603650,彤程新材,2025-09-23 10:02:51,36.29,6500,36.27,U
sh603650,彤程新材,2025-09-23 10:02:57,36.26,8500,36.27,D
sh603650,彤程新材,2025-09-23 10:03:03,36.31,59400,36.27,U
sh603650,彤程新材,2025-09-23 10:03:09,36.35,7600,36.35,U
sh603650,彤程新材,2025-09-23 10:03:12,36.34,9100,36.35,D
sh603650,彤程新材,2025-09-23 10:03:21,36.38,8800,36.4,D
sh603650,彤程新材,2025-09-23 10:03:30,36.38,7500,36.36,U
sh603650,彤程新材,2025-09-23 10:03:39,36.38,14300,36.36,U
sh603650,彤程新材,2025-09-23 10:03:42,36.36,6400,36.38,D
sh603650,彤程新材,2025-09-23 10:03:48,36.34,7400,36.36,D
sh603650,彤程新材,2025-09-23 10:03:57,36.33,6400,36.35,D
sh603650,彤程新材,2025-09-23 10:04:03,36.35,13100,36.34,U
sh603650,彤程新材,2025-09-23 10:04:09,36.35,11700,36.35,U
sh603650,彤程新材,2025-09-23 10:04:12,36.37,10900,36.35,U
sh603650,彤程新材,2025-09-23 10:04:30,36.37,7900,36.37,U
sh603650,彤程新材,2025-09-23 10:04:33,36.32,115600,36.37,D
sh603650,彤程新材,2025-09-23 10:04:36,36.28,17100,36.32,D
sh603650,彤程新材,2025-09-23 10:04:45,36.23,21500,36.22,E
sh603650,彤程新材,2025-09-23 10:04:51,36.22,13400,36.23,D
sh603650,彤程新材,2025-09-23 10:04:57,36.23,29500,36.23,D
sh603650,彤程新材,2025-09-23 10:05:30,36.2,21500,36.26,D
sh603650,彤程新材,2025-09-23 10:05:33,36.23,9100,36.2,U
sh603650,彤程新材,2025-09-23 10:05:36,36.25,10500,36.23,U
sh603650,彤程新材,2025-09-23 10:05:39,36.2,6300,36.25,D
sh603650,彤程新材,2025-09-23 10:05:45,36.21,8100,36.2,D
sh603650,彤程新材,2025-09-23 10:05:48,36.24,12300,36.21,E
sh603650,彤程新材,2025-09-23 10:05:51,36.27,27900,36.24,U
sh603650,彤程新材,2025-09-23 10:05:57,36.25,9100,36.28,D
sh603650,彤程新材,2025-09-23 10:06:06,36.29,6700,36.32,D
sh603650,彤程新材,2025-09-23 10:06:09,36.29,10600,36.29,U
sh603650,彤程新材,2025-09-23 10:06:42,36.31,7600,36.32,D
sh603650,彤程新材,2025-09-23 10:07:03,36.3,17600,36.32,D
sh603650,彤程新材,2025-09-23 10:07:06,36.28,6800,36.3,D
sh603650,彤程新材,2025-09-23 10:07:12,36.25,6900,36.25,D
sh603650,彤程新材,2025-09-23 10:07:24,36.17,37400,36.21,D
sh603650,彤程新材,2025-09-23 10:07:36,36.09,11500,36.15,D
sh603650,彤程新材,2025-09-23 10:07:42,36.11,6300,36.12,D
sh603650,彤程新材,2025-09-23 10:07:45,36.11,19400,36.11,U
sh603650,彤程新材,2025-09-23 10:07:51,36.11,22400,36.13,D
sh603650,彤程新材,2025-09-23 10:08:00,36.12,27100,36.11,U
sh603650,彤程新材,2025-09-23 10:08:03,36.15,9800,36.12,U
sh603650,彤程新材,2025-09-23 10:08:18,36.21,7100,36.17,U
sh603650,彤程新材,2025-09-23 10:08:54,36.19,8300,36.18,U
sh603650,彤程新材,2025-09-23 10:09:06,36.18,20100,36.18,D
sh603650,彤程新材,2025-09-23 10:09:12,36.16,18600,36.18,D
sh603650,彤程新材,2025-09-23 10:09:18,36.14,6000,36.16,D
sh603650,彤程新材,2025-09-23 10:09:30,36.17,7000,36.15,U
sh603650,彤程新材,2025-09-23 10:09:51,36.15,11700,36.15,D
sh603650,彤程新材,2025-09-23 10:10:09,36.15,25500,36.15,U
sh603650,彤程新材,2025-09-23 10:10:12,36.17,7000,36.15,U
sh603650,彤程新材,2025-09-23 10:10:15,36.18,10700,36.17,U
sh603650,彤程新材,2025-09-23 10:10:18,36.21,10400,36.18,U
sh603650,彤程新材,2025-09-23 10:10:33,36.23,5900,36.21,E
sh603650,彤程新材,2025-09-23 10:11:15,36.25,6800,36.26,D
sh603650,彤程新材,2025-09-23 10:11:21,36.25,6700,36.25,U
sh603650,彤程新材,2025-09-23 10:11:36,36.23,9500,36.24,D
sh603650,彤程新材,2025-09-23 10:11:45,36.27,12700,36.23,U
sh603650,彤程新材,2025-09-23 10:12:00,36.33,6000,36.29,U
sh603650,彤程新材,2025-09-23 10:12:24,36.3,8000,36.31,D
sh603650,彤程新材,2025-09-23 10:12:27,36.29,10900,36.3,D
sh603650,彤程新材,2025-09-23 10:12:45,36.26,14000,36.32,D
sh603650,彤程新材,2025-09-23 10:13:12,36.2,8800,36.2,D
sh603650,彤程新材,2025-09-23 10:13:18,36.17,8200,36.17,U
sh603650,彤程新材,2025-09-23 10:13:36,36.13,6700,36.15,D
sh603650,彤程新材,2025-09-23 10:13:42,36.14,15500,36.13,U
sh603650,彤程新材,2025-09-23 10:13:51,36.19,13100,36.14,U
sh603650,彤程新材,2025-09-23 10:13:54,36.23,42507,36.19,U
sh603650,彤程新材,2025-09-23 10:14:00,36.24,11800,36.23,U
sh603650,彤程新材,2025-09-23 10:14:51,36.33,6600,36.33,U
sh603650,彤程新材,2025-09-23 10:14:57,36.3,30000,36.34,D
sh603650,彤程新材,2025-09-23 10:15:06,36.34,6000,36.34,U
sh603650,彤程新材,2025-09-23 10:15:51,36.3,8200,36.33,D
sh603650,彤程新材,2025-09-23 10:16:00,36.29,11100,36.3,E
sh603650,彤程新材,2025-09-23 10:16:03,36.27,31200,36.29,D
sh603650,彤程新材,2025-09-23 10:16:57,36.23,9900,36.3,D
sh603650,彤程新材,2025-09-23 10:17:00,36.23,6400,36.23,D
sh603650,彤程新材,2025-09-23 10:17:12,36.18,10100,36.19,D
sh603650,彤程新材,2025-09-23 10:17:15,36.2,10300,36.18,U
sh603650,彤程新材,2025-09-23 10:17:18,36.35,56700,36.2,U
sh603650,彤程新材,2025-09-23 10:17:27,36.34,6600,36.34,D
sh603650,彤程新材,2025-09-23 10:17:39,36.35,5600,36.33,U
sh603650,彤程新材,2025-09-23 10:17:48,36.33,41800,36.36,D
sh603650,彤程新材,2025-09-23 10:17:51,36.35,11300,36.33,U
sh603650,彤程新材,2025-09-23 10:18:00,36.33,6500,36.35,D
sh603650,彤程新材,2025-09-23 10:18:03,36.34,14600,36.33,E
sh603650,彤程新材,2025-09-23 10:18:09,36.3,14600,36.3,D
sh603650,彤程新材,2025-09-23 10:18:12,36.34,7000,36.3,U
sh603650,彤程新材,2025-09-23 10:18:18,36.38,42700,36.34,U
sh603650,彤程新材,2025-09-23 10:18:30,36.35,6900,36.38,D
sh603650,彤程新材,2025-09-23 10:19:06,36.33,5800,36.34,E
sh603650,彤程新材,2025-09-23 10:19:42,36.37,33700,36.33,U
sh603650,彤程新材,2025-09-23 10:19:54,36.33,6800,36.38,D
sh603650,彤程新材,2025-09-23 10:20:24,36.34,5900,36.33,U
sh603650,彤程新材,2025-09-23 10:20:39,36.31,6100,36.32,D
sh603650,彤程新材,2025-09-23 10:21:00,36.32,6600,36.33,D
sh603650,彤程新材,2025-09-23 10:21:03,36.32,7100,36.32,D
sh603650,彤程新材,2025-09-23 10:21:18,36.35,6200,36.3,U
sh603650,彤程新材,2025-09-23 10:21:21,36.38,36100,36.35,U
sh603650,彤程新材,2025-09-23 10:21:24,36.4,28900,36.38,U
sh603650,彤程新材,2025-09-23 10:22:39,36.35,5600,36.35,D
sh603650,彤程新材,2025-09-23 10:23:00,36.33,14800,36.37,D
sh603650,彤程新材,2025-09-23 10:23:12,36.37,7100,36.34,D
sh603650,彤程新材,2025-09-23 10:23:18,36.44,6300,36.37,U
sh603650,彤程新材,2025-09-23 10:24:03,36.4,15600,36.4,D
sh603650,彤程新材,2025-09-23 10:24:36,36.42,5600,36.41,U
sh603650,彤程新材,2025-09-23 10:24:54,36.38,8200,36.38,D
sh603650,彤程新材,2025-09-23 10:25:00,36.37,6900,36.38,E
sh603650,彤程新材,2025-09-23 10:25:09,36.28,21000,36.32,D
sh603650,彤程新材,2025-09-23 10:25:15,36.27,6200,36.3,D
sh603650,彤程新材,2025-09-23 10:25:33,36.26,6300,36.3,D
sh603650,彤程新材,2025-09-23 10:25:36,36.31,8000,36.26,U
sh603650,彤程新材,2025-09-23 10:25:45,36.31,6300,36.31,D
sh603650,彤程新材,2025-09-23 10:25:57,36.3,13300,36.3,D
sh603650,彤程新材,2025-09-23 10:26:36,36.26,10700,36.27,D
sh603650,彤程新材,2025-09-23 10:26:39,36.28,19600,36.26,U
sh603650,彤程新材,2025-09-23 10:26:57,36.3,5900,36.3,D
sh603650,彤程新材,2025-09-23 10:27:00,36.32,15500,36.3,U
sh603650,彤程新材,2025-09-23 10:27:24,36.3,10500,36.3,D
sh603650,彤程新材,2025-09-23 10:28:00,36.25,23000,36.26,D
sh603650,彤程新材,2025-09-23 10:28:03,36.28,37400,36.25,U
sh603650,彤程新材,2025-09-23 10:28:21,36.28,15200,36.27,U
sh603650,彤程新材,2025-09-23 10:28:51,36.23,37700,36.24,D
sh603650,彤程新材,2025-09-23 10:28:54,36.25,14600,36.23,U
sh603650,彤程新材,2025-09-23 10:28:57,36.23,14500,36.25,D
sh603650,彤程新材,2025-09-23 10:29:03,36.24,11600,36.23,U
sh603650,彤程新材,2025-09-23 10:29:09,36.24,26600,36.26,E
sh603650,彤程新材,2025-09-23 10:29:12,36.27,6700,36.24,U
sh603650,彤程新材,2025-09-23 10:29:18,36.28,26200,36.27,U
sh603650,彤程新材,2025-09-23 10:29:21,36.32,12900,36.28,U
sh603650,彤程新材,2025-09-23 10:29:27,36.29,6500,36.32,D
sh603650,彤程新材,2025-09-23 10:30:09,36.23,7100,36.24,D
sh603650,彤程新材,2025-09-23 10:30:36,36.19,41500,36.19,U
sh603650,彤程新材,2025-09-23 10:30:39,36.19,8400,36.19,U
sh603650,彤程新材,2025-09-23 10:30:57,36.15,12600,36.15,U
sh603650,彤程新材,2025-09-23 10:31:09,36.14,11900,36.14,U
sh603650,彤程新材,2025-09-23 10:31:15,36.16,14000,36.13,U
sh603650,彤程新材,2025-09-23 10:31:18,36.26,20800,36.16,U
sh603650,彤程新材,2025-09-23 10:31:21,36.14,5900,36.26,D
sh603650,彤程新材,2025-09-23 10:31:36,36.17,8700,36.15,U
sh603650,彤程新材,2025-09-23 10:31:42,36.14,25000,36.17,D
sh603650,彤程新材,2025-09-23 10:32:03,36.16,7300,36.16,U
sh603650,彤程新材,2025-09-23 10:32:06,36.15,7600,36.16,E
sh603650,彤程新材,2025-09-23 10:32:12,36.13,15800,36.15,D
sh603650,彤程新材,2025-09-23 10:32:21,36.14,45600,36.14,D
sh603650,彤程新材,2025-09-23 10:32:24,36.14,11100,36.14,E
sh603650,彤程新材,2025-09-23 10:32:33,36.13,16200,36.14,D
sh603650,彤程新材,2025-09-23 10:32:36,36.14,7000,36.13,U
sh603650,彤程新材,2025-09-23 10:32:45,36.13,9700,36.13,U
sh603650,彤程新材,2025-09-23 10:33:00,36.1,13100,36.11,D
sh603650,彤程新材,2025-09-23 10:33:03,36.18,21200,36.1,U
sh603650,彤程新材,2025-09-23 10:33:06,36.12,7700,36.18,D
sh603650,彤程新材,2025-09-23 10:33:09,36.18,5700,36.12,E
sh603650,彤程新材,2025-09-23 10:33:33,36.13,8400,36.14,D
sh603650,彤程新材,2025-09-23 10:33:45,36.12,6900,36.13,D
sh603650,彤程新材,2025-09-23 10:33:54,36.11,8000,36.12,D
sh603650,彤程新材,2025-09-23 10:34:00,36.12,15000,36.1,U
sh603650,彤程新材,2025-09-23 10:34:03,36.15,45000,36.12,U
sh603650,彤程新材,2025-09-23 10:34:12,36.17,7700,36.18,E
sh603650,彤程新材,2025-09-23 10:34:54,36.25,5600,36.25,U
sh603650,彤程新材,2025-09-23 10:35:33,36.28,6000,36.28,U
sh603650,彤程新材,2025-09-23 10:35:48,36.37,8200,36.31,U
sh603650,彤程新材,2025-09-23 10:36:06,36.38,6000,36.37,U
sh603650,彤程新材,2025-09-23 10:36:09,36.37,5900,36.38,E
sh603650,彤程新材,2025-09-23 10:36:18,36.4,5600,36.39,U
sh603650,彤程新材,2025-09-23 10:36:24,36.42,7600,36.42,U
sh603650,彤程新材,2025-09-23 10:37:12,36.47,20600,36.48,D
sh603650,彤程新材,2025-09-23 10:37:18,36.49,32000,36.49,E
sh603650,彤程新材,2025-09-23 10:37:36,36.54,10300,36.54,D
sh603650,彤程新材,2025-09-23 10:37:45,36.56,10100,36.53,U
sh603650,彤程新材,2025-09-23 10:37:48,36.56,6600,36.56,U
sh603650,彤程新材,2025-09-23 10:38:00,36.61,5500,36.6,U
sh603650,彤程新材,2025-09-23 10:38:06,36.56,14300,36.63,D
sh603650,彤程新材,2025-09-23 10:38:12,36.53,8100,36.6,D
sh603650,彤程新材,2025-09-23 10:38:21,36.26,19800,36.46,D
sh603650,彤程新材,2025-09-23 10:38:24,36.43,6600,36.26,U
sh603650,彤程新材,2025-09-23 10:38:36,36.39,5500,36.42,D
sh603650,彤程新材,2025-09-23 10:39:21,36.53,7400,36.54,E
sh603650,彤程新材,2025-09-23 10:39:30,36.51,6600,36.53,D
sh603650,彤程新材,2025-09-23 10:40:00,36.5,5500,36.48,U
sh603650,彤程新材,2025-09-23 10:40:03,36.53,6400,36.5,U
sh603650,彤程新材,2025-09-23 10:40:06,36.53,6200,36.53,U
sh603650,彤程新材,2025-09-23 10:40:33,36.51,6300,36.52,U
sh603650,彤程新材,2025-09-23 10:40:36,36.5,7700,36.51,E
sh603650,彤程新材,2025-09-23 10:40:39,36.44,6600,36.5,D
sh603650,彤程新材,2025-09-23 10:41:09,36.41,32900,36.44,D
sh603650,彤程新材,2025-09-23 10:41:12,36.4,7200,36.41,D
sh603650,彤程新材,2025-09-23 10:41:51,36.42,9700,36.41,U
sh603650,彤程新材,2025-09-23 10:42:06,36.44,7700,36.46,E
sh603650,彤程新材,2025-09-23 10:42:12,36.44,14700,36.5,D
sh603650,彤程新材,2025-09-23 10:42:54,36.46,7800,36.47,D
sh603650,彤程新材,2025-09-23 10:42:57,36.48,16600,36.46,U
sh603650,彤程新材,2025-09-23 10:43:36,36.55,11500,36.53,U
sh603650,彤程新材,2025-09-23 10:43:42,36.57,10200,36.55,U
sh603650,彤程新材,2025-09-23 10:43:45,36.55,11100,36.57,E
sh603650,彤程新材,2025-09-23 10:43:51,36.56,10600,36.57,E
sh603650,彤程新材,2025-09-23 10:43:57,36.59,9100,36.59,U
sh603650,彤程新材,2025-09-23 10:44:00,36.61,24700,36.59,U
sh603650,彤程新材,2025-09-23 10:44:06,36.65,10200,36.64,U
sh603650,彤程新材,2025-09-23 10:44:09,36.69,6900,36.65,U
sh603650,彤程新材,2025-09-23 10:44:12,36.69,7600,36.69,U
sh603650,彤程新材,2025-09-23 10:44:21,36.79,9300,36.75,U
sh603650,彤程新材,2025-09-23 10:44:27,36.76,6500,36.76,U
sh603650,彤程新材,2025-09-23 10:44:30,36.76,11700,36.76,U
sh603650,彤程新材,2025-09-23 10:44:33,36.76,10100,36.76,D
sh603650,彤程新材,2025-09-23 10:44:36,36.79,12400,36.76,U
sh603650,彤程新材,2025-09-23 10:44:45,36.78,9200,36.78,U
sh603650,彤程新材,2025-09-23 10:44:48,36.78,9500,36.78,E
sh603650,彤程新材,2025-09-23 10:44:51,36.78,6000,36.78,U
sh603650,彤程新材,2025-09-23 10:45:00,36.71,12000,36.74,D
sh603650,彤程新材,2025-09-23 10:45:06,36.76,15200,36.79,E
sh603650,彤程新材,2025-09-23 10:45:12,36.74,14800,36.77,E
sh603650,彤程新材,2025-09-23 10:45:18,36.74,23800,36.7,U
sh603650,彤程新材,2025-09-23 10:45:24,36.76,14500,36.74,U
sh603650,彤程新材,2025-09-23 10:45:39,36.84,44300,36.76,U
sh603650,彤程新材,2025-09-23 10:45:42,36.86,31700,36.84,U
sh603650,彤程新材,2025-09-23 10:45:51,36.83,10600,36.83,U
sh603650,彤程新材,2025-09-23 10:46:00,36.83,8100,36.84,D
sh603650,彤程新材,2025-09-23 10:46:03,36.79,12800,36.83,D
sh603650,彤程新材,2025-09-23 10:46:06,36.83,17700,36.79,U
sh603650,彤程新材,2025-09-23 10:46:12,36.83,5600,36.83,D
sh603650,彤程新材,2025-09-23 10:46:15,36.83,19200,36.83,E
sh603650,彤程新材,2025-09-23 10:46:18,36.77,6900,36.83,D
sh603650,彤程新材,2025-09-23 10:46:45,36.74,8600,36.75,D
sh603650,彤程新材,2025-09-23 10:46:54,36.8,15100,36.75,U
sh603650,彤程新材,2025-09-23 10:47:09,36.76,9900,36.77,D
sh603650,彤程新材,2025-09-23 10:47:51,36.75,17300,36.73,U
sh603650,彤程新材,2025-09-23 10:48:00,36.75,7400,36.73,U
sh603650,彤程新材,2025-09-23 10:48:03,36.74,8500,36.75,E
sh603650,彤程新材,2025-09-23 10:48:06,36.79,24000,36.74,U
sh603650,彤程新材,2025-09-23 10:48:09,36.81,35100,36.79,U
sh603650,彤程新材,2025-09-23 10:48:15,36.83,12800,36.81,U
sh603650,彤程新材,2025-09-23 10:48:21,36.88,29700,36.84,U
sh603650,彤程新材,2025-09-23 10:48:24,36.88,30300,36.88,U
sh603650,彤程新材,2025-09-23 10:48:30,36.9,12100,36.88,U
sh603650,彤程新材,2025-09-23 10:48:36,36.87,5800,36.87,U
sh603650,彤程新材,2025-09-23 10:48:48,36.87,11300,36.92,D
sh603650,彤程新材,2025-09-23 10:48:51,36.87,5600,36.87,E
sh603650,彤程新材,2025-09-23 10:48:57,36.9,68200,36.87,U
sh603650,彤程新材,2025-09-23 10:49:00,36.83,5700,36.9,D
sh603650,彤程新材,2025-09-23 10:49:03,36.87,15900,36.83,U
sh603650,彤程新材,2025-09-23 10:49:06,36.87,21900,36.87,D
sh603650,彤程新材,2025-09-23 10:49:09,36.89,10600,36.87,U
sh603650,彤程新材,2025-09-23 10:49:15,36.87,27300,36.9,D
sh603650,彤程新材,2025-09-23 10:49:18,36.84,21700,36.87,D
sh603650,彤程新材,2025-09-23 10:49:21,36.86,17500,36.84,E
sh603650,彤程新材,2025-09-23 10:49:48,36.81,22400,36.8,E
sh603650,彤程新材,2025-09-23 10:49:54,36.82,9700,36.8,U
sh603650,彤程新材,2025-09-23 10:49:57,36.87,35800,36.82,U
sh603650,彤程新材,2025-09-23 10:50:03,36.9,7400,36.84,U
sh603650,彤程新材,2025-09-23 10:50:06,36.88,8600,36.9,D
sh603650,彤程新材,2025-09-23 10:50:09,36.87,9600,36.88,D
sh603650,彤程新材,2025-09-23 10:50:54,36.73,10200,36.75,D
sh603650,彤程新材,2025-09-23 10:50:57,36.77,18800,36.73,U
sh603650,彤程新材,2025-09-23 10:51:33,36.89,22900,36.86,U
sh603650,彤程新材,2025-09-23 10:51:45,36.86,8200,36.88,D
sh603650,彤程新材,2025-09-23 10:52:03,36.82,23400,36.89,D
sh603650,彤程新材,2025-09-23 10:52:09,36.81,5500,36.82,D
sh603650,彤程新材,2025-09-23 10:52:39,36.79,17000,36.82,D
sh603650,彤程新材,2025-09-23 10:52:42,36.81,14900,36.79,U
sh603650,彤程新材,2025-09-23 10:53:03,36.8,18500,36.79,E
sh603650,彤程新材,2025-09-23 10:53:06,36.74,6000,36.8,D
sh603650,彤程新材,2025-09-23 10:53:21,36.7,6100,36.71,D
sh603650,彤程新材,2025-09-23 10:53:24,36.68,15400,36.7,D
sh603650,彤程新材,2025-09-23 10:53:30,36.7,7000,36.68,U
sh603650,彤程新材,2025-09-23 10:53:33,36.73,33000,36.7,U
sh603650,彤程新材,2025-09-23 10:53:42,36.82,52500,36.79,U
sh603650,彤程新材,2025-09-23 10:53:54,36.82,7600,36.82,U
sh603650,彤程新材,2025-09-23 10:54:15,36.83,22300,36.77,U
sh603650,彤程新材,2025-09-23 10:54:18,36.86,33200,36.83,U
sh603650,彤程新材,2025-09-23 10:54:24,36.87,12000,36.87,U
sh603650,彤程新材,2025-09-23 10:54:36,36.89,8900,36.87,U
sh603650,彤程新材,2025-09-23 10:54:45,36.86,8400,36.85,E
sh603650,彤程新材,2025-09-23 10:54:57,36.89,6100,36.88,U
sh603650,彤程新材,2025-09-23 10:55:03,36.84,20100,36.88,D
sh603650,彤程新材,2025-09-23 10:55:15,36.85,35200,36.82,U
sh603650,彤程新材,2025-09-23 10:55:18,36.81,20700,36.85,D
sh603650,彤程新材,2025-09-23 10:55:21,36.82,41500,36.81,E
sh603650,彤程新材,2025-09-23 10:55:24,36.82,22800,36.82,U
sh603650,彤程新材,2025-09-23 10:55:45,36.85,8000,36.85,U
sh603650,彤程新材,2025-09-23 10:55:48,36.85,11000,36.85,E
sh603650,彤程新材,2025-09-23 10:55:54,36.84,5900,36.85,E
sh603650,彤程新材,2025-09-23 10:55:57,36.85,6500,36.84,U
sh603650,彤程新材,2025-09-23 10:56:00,36.77,9000,36.85,D
sh603650,彤程新材,2025-09-23 10:56:09,36.77,9200,36.77,D
sh603650,彤程新材,2025-09-23 10:56:21,36.73,6600,36.74,D
sh603650,彤程新材,2025-09-23 10:56:24,36.78,37900,36.73,U
sh603650,彤程新材,2025-09-23 10:56:33,36.8,6200,36.74,U
sh603650,彤程新材,2025-09-23 10:56:45,36.8,31200,36.75,U
sh603650,彤程新材,2025-09-23 10:56:48,36.83,8300,36.8,U
sh603650,彤程新材,2025-09-23 10:56:51,36.85,9200,36.83,U
sh603650,彤程新材,2025-09-23 10:56:54,36.8,10300,36.85,D
sh603650,彤程新材,2025-09-23 10:57:06,36.82,6000,36.84,D
sh603650,彤程新材,2025-09-23 10:57:24,36.82,7600,36.8,U
sh603650,彤程新材,2025-09-23 10:57:30,36.83,8000,36.81,U
sh603650,彤程新材,2025-09-23 10:57:33,36.82,12200,36.83,D
sh603650,彤程新材,2025-09-23 10:57:48,36.84,15300,36.81,U
sh603650,彤程新材,2025-09-23 10:58:06,36.8,9100,36.82,D
sh603650,彤程新材,2025-09-23 10:58:27,36.78,11100,36.8,D
sh603650,彤程新材,2025-09-23 10:58:30,36.74,48600,36.78,D
sh603650,彤程新材,2025-09-23 10:58:33,36.78,8300,36.74,U
sh603650,彤程新材,2025-09-23 10:58:48,36.7,7800,36.71,D
sh603650,彤程新材,2025-09-23 10:58:51,36.71,11300,36.7,U
sh603650,彤程新材,2025-09-23 10:58:57,36.71,17800,36.7,U
sh603650,彤程新材,2025-09-23 10:59:00,36.66,9800,36.71,D
sh603650,彤程新材,2025-09-23 10:59:15,36.82,6300,36.72,U
sh603650,彤程新材,2025-09-23 10:59:24,36.82,11500,36.81,U
sh603650,彤程新材,2025-09-23 10:59:39,36.9,69200,36.82,U
sh603650,彤程新材,2025-09-23 10:59:42,36.85,12700,36.9,D
sh603650,彤程新材,2025-09-23 10:59:45,36.85,45200,36.85,U
sh603650,彤程新材,2025-09-23 10:59:48,36.92,23200,36.85,U
sh603650,彤程新材,2025-09-23 10:59:57,36.98,47100,36.93,U
sh603650,彤程新材,2025-09-23 11:00:00,36.94,31100,36.98,E
sh603650,彤程新材,2025-09-23 11:00:06,36.97,24700,36.96,D
sh603650,彤程新材,2025-09-23 11:00:09,36.93,25300,36.97,D
sh603650,彤程新材,2025-09-23 11:00:12,36.93,7600,36.93,D
sh603650,彤程新材,2025-09-23 11:00:21,36.91,22400,36.93,D
sh603650,彤程新材,2025-09-23 11:00:24,36.86,5600,36.91,D
sh603650,彤程新材,2025-09-23 11:00:27,36.88,6200,36.86,E
sh603650,彤程新材,2025-09-23 11:00:39,36.87,19100,36.86,U
sh603650,彤程新材,2025-09-23 11:00:42,36.82,10900,36.87,D
sh603650,彤程新材,2025-09-23 11:00:48,36.81,5900,36.82,E
sh603650,彤程新材,2025-09-23 11:01:00,36.83,10700,36.85,E
sh603650,彤程新材,2025-09-23 11:01:03,36.82,17500,36.83,D
sh603650,彤程新材,2025-09-23 11:01:24,36.83,30000,36.9,D
sh603650,彤程新材,2025-09-23 11:01:45,36.83,17900,36.82,U
sh603650,彤程新材,2025-09-23 11:02:03,36.76,6500,36.79,D
sh603650,彤程新材,2025-09-23 11:02:06,36.77,5600,36.76,U
sh603650,彤程新材,2025-09-23 11:02:09,36.81,9000,36.77,U
sh603650,彤程新材,2025-09-23 11:02:36,36.77,7100,36.81,D
sh603650,彤程新材,2025-09-23 11:02:42,36.76,6000,36.77,D
sh603650,彤程新材,2025-09-23 11:02:45,36.77,5600,36.76,U
sh603650,彤程新材,2025-09-23 11:03:06,36.75,10600,36.75,U
sh603650,彤程新材,2025-09-23 11:03:09,36.73,10000,36.75,D
sh603650,彤程新材,2025-09-23 11:03:18,36.75,5600,36.74,U
sh603650,彤程新材,2025-09-23 11:03:21,36.73,10200,36.75,D
sh603650,彤程新材,2025-09-23 11:03:42,36.73,9500,36.76,D
sh603650,彤程新材,2025-09-23 11:04:12,36.72,6600,36.75,D
sh603650,彤程新材,2025-09-23 11:04:21,36.71,11100,36.72,D
sh603650,彤程新材,2025-09-23 11:04:27,36.71,5900,36.71,D
sh603650,彤程新材,2025-09-23 11:04:33,36.7,12400,36.71,D
sh603650,彤程新材,2025-09-23 11:05:12,36.72,15600,36.71,U
sh603650,彤程新材,2025-09-23 11:05:15,36.76,6500,36.72,U
sh603650,彤程新材,2025-09-23 11:05:27,36.81,10700,36.75,U
sh603650,彤程新材,2025-09-23 11:05:30,36.81,9800,36.81,U
sh603650,彤程新材,2025-09-23 11:05:57,36.81,9100,36.83,D
sh603650,彤程新材,2025-09-23 11:06:00,36.79,9800,36.81,D
sh603650,彤程新材,2025-09-23 11:07:00,36.78,6300,36.77,U
sh603650,彤程新材,2025-09-23 11:07:06,36.78,25900,36.78,U
sh603650,彤程新材,2025-09-23 11:07:09,36.76,39900,36.78,D
sh603650,彤程新材,2025-09-23 11:07:33,36.8,5900,36.79,U
sh603650,彤程新材,2025-09-23 11:07:39,36.85,8200,36.82,U
sh603650,彤程新材,2025-09-23 11:08:00,36.79,9000,36.8,D
sh603650,彤程新材,2025-09-23 11:08:03,36.83,9100,36.79,E
sh603650,彤程新材,2025-09-23 11:08:21,36.79,23800,36.8,D
sh603650,彤程新材,2025-09-23 11:08:42,36.77,10100,36.8,D
sh603650,彤程新材,2025-09-23 11:09:00,36.75,10700,36.76,D
sh603650,彤程新材,2025-09-23 11:10:03,36.72,8400,36.72,U
sh603650,彤程新材,2025-09-23 11:10:12,36.72,12600,36.72,D
sh603650,彤程新材,2025-09-23 11:10:18,36.73,9600,36.75,D
sh603650,彤程新材,2025-09-23 11:10:27,36.81,5600,36.77,U
sh603650,彤程新材,2025-09-23 11:10:30,36.76,53000,36.81,D
sh603650,彤程新材,2025-09-23 11:11:09,36.81,5600,36.83,D
sh603650,彤程新材,2025-09-23 11:11:12,36.8,6500,36.81,D
sh603650,彤程新材,2025-09-23 11:11:21,36.8,6300,36.8,D
sh603650,彤程新材,2025-09-23 11:11:45,36.8,7900,36.79,U
sh603650,彤程新材,2025-09-23 11:11:51,36.76,7400,36.79,D
sh603650,彤程新材,2025-09-23 11:11:57,36.72,5500,36.73,D
sh603650,彤程新材,2025-09-23 11:13:24,36.66,11510,36.68,D
sh603650,彤程新材,2025-09-23 11:13:27,36.64,14100,36.66,D
sh603650,彤程新材,2025-09-23 11:14:06,36.59,14700,36.61,D
sh603650,彤程新材,2025-09-23 11:14:51,36.58,9700,36.57,U
sh603650,彤程新材,2025-09-23 11:15:45,36.55,8600,36.56,D
sh603650,彤程新材,2025-09-23 11:15:57,36.53,7600,36.54,D
sh603650,彤程新材,2025-09-23 11:16:15,36.53,8200,36.53,U
sh603650,彤程新材,2025-09-23 11:16:30,36.51,5800,36.51,U
sh603650,彤程新材,2025-09-23 11:16:48,36.54,19200,36.49,U
sh603650,彤程新材,2025-09-23 11:16:57,36.54,8800,36.54,D
sh603650,彤程新材,2025-09-23 11:18:51,36.7,6500,36.69,U
sh603650,彤程新材,2025-09-23 11:19:21,36.7,7400,36.71,D
sh603650,彤程新材,2025-09-23 11:20:12,36.7,7100,36.74,D
sh603650,彤程新材,2025-09-23 11:20:15,36.73,16600,36.7,U
sh603650,彤程新材,2025-09-23 11:20:30,36.72,17100,36.72,D
sh603650,彤程新材,2025-09-23 11:20:39,36.68,16600,36.72,D
sh603650,彤程新材,2025-09-23 11:20:57,36.63,9300,36.65,D
sh603650,彤程新材,2025-09-23 11:21:30,36.62,7200,36.62,D
sh603650,彤程新材,2025-09-23 11:21:33,36.62,5500,36.62,D
sh603650,彤程新材,2025-09-23 11:21:39,36.59,5600,36.61,D
sh603650,彤程新材,2025-09-23 11:22:09,36.53,28200,36.56,D
sh603650,彤程新材,2025-09-23 11:22:18,36.55,5600,36.51,U
sh603650,彤程新材,2025-09-23 11:23:42,36.52,6200,36.52,D
sh603650,彤程新材,2025-09-23 11:23:45,36.5,16200,36.52,D
sh603650,彤程新材,2025-09-23 11:23:48,36.48,9200,36.5,D
sh603650,彤程新材,2025-09-23 11:24:00,36.47,6100,36.49,D
sh603650,彤程新材,2025-09-23 11:24:27,36.51,10000,36.49,U
sh603650,彤程新材,2025-09-23 11:25:12,36.48,17700,36.5,D
sh603650,彤程新材,2025-09-23 11:26:27,36.41,8100,36.41,D
sh603650,彤程新材,2025-09-23 11:26:45,36.42,7000,36.42,D
sh603650,彤程新材,2025-09-23 11:26:57,36.4,18500,36.43,D
sh603650,彤程新材,2025-09-23 11:27:15,36.38,7900,36.38,D
sh603650,彤程新材,2025-09-23 11:27:27,36.39,8300,36.4,E
sh603650,彤程新材,2025-09-23 11:27:30,36.39,16200,36.39,U
sh603650,彤程新材,2025-09-23 11:27:36,36.38,6600,36.38,U
sh603650,彤程新材,2025-09-23 11:29:33,36.42,10300,36.46,D
sh603650,彤程新材,2025-09-23 13:00:03,36.48,8000,36.48,U
sh603650,彤程新材,2025-09-23 13:00:06,36.42,7400,36.48,D
sh603650,彤程新材,2025-09-23 13:00:09,36.42,5800,36.42,U
sh603650,彤程新材,2025-09-23 13:00:12,36.41,33700,36.42,D
sh603650,彤程新材,2025-09-23 13:00:30,36.47,14900,36.41,U
sh603650,彤程新材,2025-09-23 13:00:33,36.46,5600,36.47,E
sh603650,彤程新材,2025-09-23 13:01:09,36.48,9100,36.46,U
sh603650,彤程新材,2025-09-23 13:01:12,36.46,38800,36.48,D
sh603650,彤程新材,2025-09-23 13:02:30,36.37,6100,36.38,D
sh603650,彤程新材,2025-09-23 13:02:45,36.28,27700,36.36,D
sh603650,彤程新材,2025-09-23 13:02:48,36.35,6800,36.28,U
sh603650,彤程新材,2025-09-23 13:03:39,36.35,6400,36.36,D
sh603650,彤程新材,2025-09-23 13:05:03,36.31,7000,36.32,D
sh603650,彤程新材,2025-09-23 13:05:12,36.29,7200,36.32,D
sh603650,彤程新材,2025-09-23 13:05:21,36.29,8100,36.29,D
sh603650,彤程新材,2025-09-23 13:05:27,36.3,22300,36.29,U
sh603650,彤程新材,2025-09-23 13:05:45,36.29,8500,36.3,D
sh603650,彤程新材,2025-09-23 13:06:45,36.26,14000,36.25,U
sh603650,彤程新材,2025-09-23 13:06:48,36.3,25300,36.26,U
sh603650,彤程新材,2025-09-23 13:06:51,36.32,5800,36.3,E
sh603650,彤程新材,2025-09-23 13:07:24,36.29,7000,36.28,U
sh603650,彤程新材,2025-09-23 13:07:36,36.3,8700,36.28,U
sh603650,彤程新材,2025-09-23 13:07:39,36.28,28400,36.3,D
sh603650,彤程新材,2025-09-23 13:07:42,36.28,9300,36.28,U
sh603650,彤程新材,2025-09-23 13:09:24,36.36,8000,36.37,D
sh603650,彤程新材,2025-09-23 13:09:27,36.35,7800,36.36,D
sh603650,彤程新材,2025-09-23 13:10:12,36.36,7400,36.34,U
sh603650,彤程新材,2025-09-23 13:10:51,36.33,5700,36.33,D
sh603650,彤程新材,2025-09-23 13:11:03,36.32,13600,36.32,U
sh603650,彤程新材,2025-09-23 13:12:15,36.48,19700,36.44,U
sh603650,彤程新材,2025-09-23 13:12:24,36.48,13000,36.46,U
sh603650,彤程新材,2025-09-23 13:12:27,36.5,6900,36.48,U
sh603650,彤程新材,2025-09-23 13:12:33,36.54,11700,36.5,U
sh603650,彤程新材,2025-09-23 13:12:57,36.52,7500,36.56,D
sh603650,彤程新材,2025-09-23 13:13:09,36.53,13800,36.55,E
sh603650,彤程新材,2025-09-23 13:13:27,36.49,12500,36.55,D
sh603650,彤程新材,2025-09-23 13:13:51,36.55,17100,36.54,U
sh603650,彤程新材,2025-09-23 13:14:30,36.54,15400,36.51,U
sh603650,彤程新材,2025-09-23 13:14:48,36.51,5800,36.53,D
sh603650,彤程新材,2025-09-23 13:15:15,36.55,6500,36.54,U
sh603650,彤程新材,2025-09-23 13:15:18,36.57,9300,36.55,U
sh603650,彤程新材,2025-09-23 13:15:27,36.59,7900,36.59,U
sh603650,彤程新材,2025-09-23 13:15:33,36.55,17100,36.6,D
sh603650,彤程新材,2025-09-23 13:15:57,36.6,12000,36.61,D
sh603650,彤程新材,2025-09-23 13:16:00,36.61,8800,36.6,U
sh603650,彤程新材,2025-09-23 13:16:03,36.68,18100,36.61,U
sh603650,彤程新材,2025-09-23 13:16:06,36.72,11100,36.68,U
sh603650,彤程新材,2025-09-23 13:16:09,36.76,12200,36.72,U
sh603650,彤程新材,2025-09-23 13:16:12,36.75,7600,36.76,E
sh603650,彤程新材,2025-09-23 13:16:15,36.76,8600,36.75,U
sh603650,彤程新材,2025-09-23 13:16:18,36.75,11000,36.76,E
sh603650,彤程新材,2025-09-23 13:16:21,36.75,25500,36.75,E
sh603650,彤程新材,2025-09-23 13:16:24,36.77,12100,36.75,U
sh603650,彤程新材,2025-09-23 13:16:30,36.69,20000,36.77,D
sh603650,彤程新材,2025-09-23 13:16:33,36.71,9300,36.69,U
sh603650,彤程新材,2025-09-23 13:16:54,36.77,21300,36.74,U
sh603650,彤程新材,2025-09-23 13:17:06,36.73,10100,36.73,U
sh603650,彤程新材,2025-09-23 13:18:09,36.69,12500,36.72,D
sh603650,彤程新材,2025-09-23 13:18:12,36.72,5700,36.69,U
sh603650,彤程新材,2025-09-23 13:18:21,36.65,24300,36.72,D
sh603650,彤程新材,2025-09-23 13:18:33,36.66,30200,36.63,E
sh603650,彤程新材,2025-09-23 13:20:36,36.56,9700,36.57,D
sh603650,彤程新材,2025-09-23 13:21:12,36.59,15500,36.55,U
sh603650,彤程新材,2025-09-23 13:21:42,36.57,8300,36.57,D
sh603650,彤程新材,2025-09-23 13:22:00,36.54,5500,36.56,D
sh603650,彤程新材,2025-09-23 13:22:42,36.51,5700,36.51,U
sh603650,彤程新材,2025-09-23 13:25:15,36.5,8300,36.48,U
sh603650,彤程新材,2025-09-23 13:25:36,36.48,8500,36.48,U
sh603650,彤程新材,2025-09-23 13:26:03,36.46,6900,36.47,D
sh603650,彤程新材,2025-09-23 13:26:12,36.46,9100,36.48,E
sh603650,彤程新材,2025-09-23 13:26:42,36.48,6200,36.47,U
sh603650,彤程新材,2025-09-23 13:26:48,36.45,15000,36.48,D
sh603650,彤程新材,2025-09-23 13:28:45,36.46,7700,36.49,D
sh603650,彤程新材,2025-09-23 13:29:18,36.43,7500,36.43,D
sh603650,彤程新材,2025-09-23 13:29:54,36.48,7500,36.48,D
sh603650,彤程新材,2025-09-23 13:29:57,36.46,15400,36.48,D
sh603650,彤程新材,2025-09-23 13:30:06,36.44,7500,36.44,D
sh603650,彤程新材,2025-09-23 13:30:09,36.44,5700,36.44,D
sh603650,彤程新材,2025-09-23 13:30:18,36.44,7800,36.44,D
sh603650,彤程新材,2025-09-23 13:31:00,36.44,6300,36.44,D
sh603650,彤程新材,2025-09-23 13:31:12,36.44,5600,36.44,D
sh603650,彤程新材,2025-09-23 13:31:21,36.48,8000,36.47,U
sh603650,彤程新材,2025-09-23 13:31:30,36.53,30300,36.48,U
sh603650,彤程新材,2025-09-23 13:31:33,36.55,10600,36.53,U
sh603650,彤程新材,2025-09-23 13:31:36,36.62,16500,36.55,U
sh603650,彤程新材,2025-09-23 13:31:39,36.64,7500,36.62,U
sh603650,彤程新材,2025-09-23 13:31:57,36.68,10300,36.68,U
sh603650,彤程新材,2025-09-23 13:32:03,36.66,25600,36.69,D
sh603650,彤程新材,2025-09-23 13:32:06,36.66,10500,36.66,D
sh603650,彤程新材,2025-09-23 13:32:12,36.68,24200,36.66,U
sh603650,彤程新材,2025-09-23 13:32:15,36.72,14100,36.68,U
sh603650,彤程新材,2025-09-23 13:32:18,36.67,27400,36.72,D
sh603650,彤程新材,2025-09-23 13:32:21,36.7,5700,36.67,U
sh603650,彤程新材,2025-09-23 13:32:27,36.63,10300,36.66,D
sh603650,彤程新材,2025-09-23 13:32:39,36.62,18500,36.61,E
sh603650,彤程新材,2025-09-23 13:32:54,36.67,6100,36.65,U
sh603650,彤程新材,2025-09-23 13:33:00,36.67,12100,36.65,D
sh603650,彤程新材,2025-09-23 13:33:03,36.69,6700,36.67,U
sh603650,彤程新材,2025-09-23 13:33:06,36.7,12800,36.69,U
sh603650,彤程新材,2025-09-23 13:33:18,36.66,7300,36.7,D
sh603650,彤程新材,2025-09-23 13:33:39,36.73,13200,36.68,U
sh603650,彤程新材,2025-09-23 13:33:45,36.86,54500,36.75,U
sh603650,彤程新材,2025-09-23 13:33:48,36.8,27100,36.86,D
sh603650,彤程新材,2025-09-23 13:33:54,36.8,10300,36.75,U
sh603650,彤程新材,2025-09-23 13:34:00,36.78,20500,36.8,E
sh603650,彤程新材,2025-09-23 13:34:03,36.8,25900,36.78,U
sh603650,彤程新材,2025-09-23 13:34:15,36.76,15500,36.73,U
sh603650,彤程新材,2025-09-23 13:34:42,36.67,10000,36.66,U
sh603650,彤程新材,2025-09-23 13:35:00,36.64,6000,36.62,U
sh603650,彤程新材,2025-09-23 13:35:06,36.58,10400,36.62,D
sh603650,彤程新材,2025-09-23 13:35:15,36.62,8700,36.6,U
sh603650,彤程新材,2025-09-23 13:35:48,36.6,7200,36.56,U
sh603650,彤程新材,2025-09-23 13:36:18,36.58,15600,36.6,D
sh603650,彤程新材,2025-09-23 13:36:57,36.61,8400,36.6,U
sh603650,彤程新材,2025-09-23 13:37:33,36.64,8200,36.63,U
sh603650,彤程新材,2025-09-23 13:37:36,36.65,20000,36.64,U
sh603650,彤程新材,2025-09-23 13:37:57,36.67,5900,36.7,D
sh603650,彤程新材,2025-09-23 13:38:15,36.68,7400,36.65,D
sh603650,彤程新材,2025-09-23 13:38:24,36.64,6200,36.7,D
sh603650,彤程新材,2025-09-23 13:38:57,36.67,16500,36.67,D
sh603650,彤程新材,2025-09-23 13:39:18,36.66,5500,36.66,U
sh603650,彤程新材,2025-09-23 13:39:21,36.72,32300,36.66,U
sh603650,彤程新材,2025-09-23 13:39:24,36.68,7900,36.72,D
sh603650,彤程新材,2025-09-23 13:40:27,36.67,6100,36.67,D
sh603650,彤程新材,2025-09-23 13:40:36,36.67,6500,36.68,E
sh603650,彤程新材,2025-09-23 13:41:00,36.7,6600,36.69,U
sh603650,彤程新材,2025-09-23 13:41:03,36.66,7900,36.7,D
sh603650,彤程新材,2025-09-23 13:41:39,36.64,8100,36.68,D
sh603650,彤程新材,2025-09-23 13:42:00,36.66,10400,36.63,U
sh603650,彤程新材,2025-09-23 13:42:03,36.69,5700,36.66,U
sh603650,彤程新材,2025-09-23 13:42:33,36.67,5800,36.67,U
sh603650,彤程新材,2025-09-23 13:42:42,36.67,6300,36.7,D
sh603650,彤程新材,2025-09-23 13:43:21,36.73,11800,36.72,U
sh603650,彤程新材,2025-09-23 13:43:30,36.7,6100,36.71,D
sh603650,彤程新材,2025-09-23 13:43:57,36.7,18300,36.7,U
sh603650,彤程新材,2025-09-23 13:44:03,36.7,12200,36.72,D
sh603650,彤程新材,2025-09-23 13:44:30,36.73,10800,36.72,U
sh603650,彤程新材,2025-09-23 13:44:33,36.73,6000,36.73,U
sh603650,彤程新材,2025-09-23 13:44:45,36.7,7200,36.7,D
sh603650,彤程新材,2025-09-23 13:44:48,36.7,10100,36.7,D
sh603650,彤程新材,2025-09-23 13:44:57,36.69,6000,36.7,D
sh603650,彤程新材,2025-09-23 13:45:15,36.76,43600,36.72,U
sh603650,彤程新材,2025-09-23 13:45:18,36.75,13400,36.76,D
sh603650,彤程新材,2025-09-23 13:45:30,36.79,6500,36.79,U
sh603650,彤程新材,2025-09-23 13:45:36,36.79,7400,36.78,U
sh603650,彤程新材,2025-09-23 13:45:39,36.77,5500,36.79,U
sh603650,彤程新材,2025-09-23 13:45:48,36.77,8200,36.8,D
sh603650,彤程新材,2025-09-23 13:45:51,36.78,11100,36.77,U
sh603650,彤程新材,2025-09-23 13:46:03,36.77,10700,36.77,U
sh603650,彤程新材,2025-09-23 13:46:24,36.72,12600,36.74,D
sh603650,彤程新材,2025-09-23 13:47:03,36.75,16400,36.72,U
sh603650,彤程新材,2025-09-23 13:47:12,36.72,27800,36.77,D
sh603650,彤程新材,2025-09-23 13:48:00,36.7,6800,36.72,D
sh603650,彤程新材,2025-09-23 13:48:12,36.7,9100,36.65,U
sh603650,彤程新材,2025-09-23 13:48:33,36.66,7500,36.72,D
sh603650,彤程新材,2025-09-23 13:48:39,36.69,5800,36.66,D
sh603650,彤程新材,2025-09-23 13:49:03,36.7,8000,36.73,D
sh603650,彤程新材,2025-09-23 13:49:33,36.66,7200,36.66,D
sh603650,彤程新材,2025-09-23 13:50:15,36.64,13300,36.64,D
sh603650,彤程新材,2025-09-23 13:51:06,36.62,5700,36.63,D
sh603650,彤程新材,2025-09-23 13:51:24,36.6,9000,36.61,D
sh603650,彤程新材,2025-09-23 13:51:27,36.6,6200,36.6,U
sh603650,彤程新材,2025-09-23 13:51:45,36.62,17300,36.59,U
sh603650,彤程新材,2025-09-23 13:52:03,36.65,50600,36.61,U
sh603650,彤程新材,2025-09-23 13:52:42,36.65,13200,36.67,D
sh603650,彤程新材,2025-09-23 13:52:57,36.64,8700,36.68,D
sh603650,彤程新材,2025-09-23 13:53:33,36.75,10500,36.7,U
sh603650,彤程新材,2025-09-23 13:53:36,36.75,5800,36.75,U
sh603650,彤程新材,2025-09-23 13:53:39,36.78,41800,36.75,U
sh603650,彤程新材,2025-09-23 13:53:42,36.8,7300,36.78,U
sh603650,彤程新材,2025-09-23 13:53:45,36.8,9700,36.8,U
sh603650,彤程新材,2025-09-23 13:53:48,36.81,15600,36.8,U
sh603650,彤程新材,2025-09-23 13:53:51,36.8,15100,36.81,D
sh603650,彤程新材,2025-09-23 13:54:03,36.85,32200,36.83,U
sh603650,彤程新材,2025-09-23 13:54:09,36.89,40100,36.85,U
sh603650,彤程新材,2025-09-23 13:54:12,36.92,15500,36.89,U
sh603650,彤程新材,2025-09-23 13:54:15,36.96,29500,36.92,U
sh603650,彤程新材,2025-09-23 13:54:18,36.99,38500,36.96,U
sh603650,彤程新材,2025-09-23 13:54:21,37.0,85300,36.99,U
sh603650,彤程新材,2025-09-23 13:54:24,37.0,42100,37.0,U
sh603650,彤程新材,2025-09-23 13:54:27,37.03,34566,37.0,U
sh603650,彤程新材,2025-09-23 13:54:30,37.05,7400,37.03,U
sh603650,彤程新材,2025-09-23 13:54:33,37.05,7100,37.05,U
sh603650,彤程新材,2025-09-23 13:54:36,37.05,7900,37.05,U
sh603650,彤程新材,2025-09-23 13:54:39,37.08,20300,37.05,U
sh603650,彤程新材,2025-09-23 13:54:42,37.08,11900,37.08,U
sh603650,彤程新材,2025-09-23 13:54:45,37.09,13800,37.08,U
sh603650,彤程新材,2025-09-23 13:54:48,37.1,43800,37.09,U
sh603650,彤程新材,2025-09-23 13:54:51,37.08,10100,37.1,U
sh603650,彤程新材,2025-09-23 13:54:54,37.05,19600,37.08,D
sh603650,彤程新材,2025-09-23 13:54:57,37.04,8700,37.05,D
sh603650,彤程新材,2025-09-23 13:55:00,37.0,22634,37.04,D
sh603650,彤程新材,2025-09-23 13:55:03,36.99,16300,37.0,D
sh603650,彤程新材,2025-09-23 13:55:12,36.91,9200,36.91,D
sh603650,彤程新材,2025-09-23 13:55:18,36.89,10300,36.91,D
sh603650,彤程新材,2025-09-23 13:56:06,36.9,20200,36.91,D
sh603650,彤程新材,2025-09-23 13:56:15,36.91,14000,36.95,D
sh603650,彤程新材,2025-09-23 13:56:21,36.92,14000,36.95,E
sh603650,彤程新材,2025-09-23 13:56:33,36.92,9900,36.92,U
sh603650,彤程新材,2025-09-23 13:56:42,36.92,6000,36.92,D
sh603650,彤程新材,2025-09-23 13:56:48,36.92,17400,36.92,U
sh603650,彤程新材,2025-09-23 13:56:57,36.89,6800,36.9,D
sh603650,彤程新材,2025-09-23 13:57:03,36.89,7600,36.89,D
sh603650,彤程新材,2025-09-23 13:57:15,36.94,22200,36.94,D
sh603650,彤程新材,2025-09-23 13:57:18,37.0,7200,36.94,U
sh603650,彤程新材,2025-09-23 13:57:27,36.96,36200,36.96,D
sh603650,彤程新材,2025-09-23 13:57:30,36.96,7300,36.96,U
sh603650,彤程新材,2025-09-23 13:57:39,36.88,30000,36.91,D
sh603650,彤程新材,2025-09-23 13:58:06,36.88,9400,36.88,D
sh603650,彤程新材,2025-09-23 13:58:12,36.89,13400,36.88,U
sh603650,彤程新材,2025-09-23 13:58:21,36.8,9500,36.89,D
sh603650,彤程新材,2025-09-23 13:58:51,36.81,6800,36.81,D
sh603650,彤程新材,2025-09-23 13:58:57,36.81,7100,36.81,D
sh603650,彤程新材,2025-09-23 13:59:03,36.8,9900,36.81,D
sh603650,彤程新材,2025-09-23 13:59:36,36.8,13900,36.8,U
sh603650,彤程新材,2025-09-23 14:00:00,36.93,52700,36.84,U
sh603650,彤程新材,2025-09-23 14:00:06,36.91,7500,36.92,E
sh603650,彤程新材,2025-09-23 14:00:15,36.84,5600,36.85,D
sh603650,彤程新材,2025-09-23 14:00:18,36.82,13900,36.84,D
sh603650,彤程新材,2025-09-23 14:00:30,36.8,7200,36.8,D
sh603650,彤程新材,2025-09-23 14:01:06,36.79,6100,36.8,D
sh603650,彤程新材,2025-09-23 14:01:09,36.78,31900,36.79,D
sh603650,彤程新材,2025-09-23 14:01:12,36.74,9300,36.78,D
sh603650,彤程新材,2025-09-23 14:02:03,36.72,9900,36.74,D
sh603650,彤程新材,2025-09-23 14:02:06,36.7,9200,36.72,D
sh603650,彤程新材,2025-09-23 14:02:12,36.7,9400,36.7,U
sh603650,彤程新材,2025-09-23 14:02:39,36.72,5500,36.72,D
sh603650,彤程新材,2025-09-23 14:02:57,36.62,51500,36.72,D
sh603650,彤程新材,2025-09-23 14:03:21,36.67,13200,36.65,U
sh603650,彤程新材,2025-09-23 14:03:24,36.67,6100,36.67,U
sh603650,彤程新材,2025-09-23 14:03:27,36.67,5600,36.67,U
sh603650,彤程新材,2025-09-23 14:04:09,36.64,17300,36.66,D
sh603650,彤程新材,2025-09-23 14:04:54,36.63,10100,36.63,D
sh603650,彤程新材,2025-09-23 14:05:09,36.65,20000,36.65,U
sh603650,彤程新材,2025-09-23 14:05:12,36.64,7700,36.65,D
sh603650,彤程新材,2025-09-23 14:05:15,36.65,7100,36.64,U
sh603650,彤程新材,2025-09-23 14:05:45,36.59,68600,36.65,D
sh603650,彤程新材,2025-09-23 14:05:48,36.6,16300,36.59,U
sh603650,彤程新材,2025-09-23 14:06:12,36.59,7600,36.58,U
sh603650,彤程新材,2025-09-23 14:07:39,36.59,11200,36.61,D
sh603650,彤程新材,2025-09-23 14:08:15,36.59,17400,36.61,D
sh603650,彤程新材,2025-09-23 14:09:12,36.59,8100,36.6,D
sh603650,彤程新材,2025-09-23 14:09:36,36.59,5600,36.57,U
sh603650,彤程新材,2025-09-23 14:10:24,36.58,8500,36.58,D
sh603650,彤程新材,2025-09-23 14:10:39,36.55,9000,36.55,D
sh603650,彤程新材,2025-09-23 14:11:12,36.56,7600,36.56,U
sh603650,彤程新材,2025-09-23 14:11:36,36.55,6800,36.56,D
sh603650,彤程新材,2025-09-23 14:12:21,36.55,43600,36.55,U
sh603650,彤程新材,2025-09-23 14:12:24,36.54,6400,36.55,D
sh603650,彤程新材,2025-09-23 14:12:51,36.6,9200,36.58,U
sh603650,彤程新材,2025-09-23 14:12:54,36.62,13000,36.6,U
sh603650,彤程新材,2025-09-23 14:13:09,36.63,9400,36.62,U
sh603650,彤程新材,2025-09-23 14:15:03,36.64,10600,36.65,D
sh603650,彤程新材,2025-09-23 14:15:18,36.66,5800,36.64,E
sh603650,彤程新材,2025-09-23 14:15:42,36.67,6900,36.67,U
sh603650,彤程新材,2025-09-23 14:15:54,36.66,8200,36.67,D
sh603650,彤程新材,2025-09-23 14:16:54,36.63,13100,36.64,D
sh603650,彤程新材,2025-09-23 14:17:21,36.68,20100,36.67,U
sh603650,彤程新材,2025-09-23 14:18:24,36.8,12500,36.76,U
sh603650,彤程新材,2025-09-23 14:18:33,36.75,8100,36.8,D
sh603650,彤程新材,2025-09-23 14:18:36,36.79,14700,36.75,U
sh603650,彤程新材,2025-09-23 14:18:51,36.79,5500,36.74,U
sh603650,彤程新材,2025-09-23 14:20:15,36.78,9000,36.77,U
sh603650,彤程新材,2025-09-23 14:20:45,36.76,5700,36.76,D
sh603650,彤程新材,2025-09-23 14:21:03,36.73,12000,36.77,D
sh603650,彤程新材,2025-09-23 14:24:12,36.7,22200,36.73,D
sh603650,彤程新材,2025-09-23 14:24:15,36.71,14600,36.7,U
sh603650,彤程新材,2025-09-23 14:24:18,36.71,9300,36.71,U
sh603650,彤程新材,2025-09-23 14:25:48,36.75,7100,36.75,D
sh603650,彤程新材,2025-09-23 14:26:18,36.76,7100,36.76,U
sh603650,彤程新材,2025-09-23 14:26:36,36.76,8000,36.77,D
sh603650,彤程新材,2025-09-23 14:26:45,36.75,14200,36.77,D
sh603650,彤程新材,2025-09-23 14:26:48,36.8,12900,36.75,U
sh603650,彤程新材,2025-09-23 14:26:51,36.85,7000,36.8,U
sh603650,彤程新材,2025-09-23 14:27:33,36.87,6500,36.89,D
sh603650,彤程新材,2025-09-23 14:27:48,36.88,11000,36.85,U
sh603650,彤程新材,2025-09-23 14:28:09,36.9,34800,36.87,U
sh603650,彤程新材,2025-09-23 14:28:12,36.92,10400,36.9,U
sh603650,彤程新材,2025-09-23 14:28:18,36.92,9700,36.92,U
sh603650,彤程新材,2025-09-23 14:28:39,36.92,16700,36.96,D
sh603650,彤程新材,2025-09-23 14:28:42,36.97,6100,36.92,U
sh603650,彤程新材,2025-09-23 14:28:48,36.99,15300,36.96,U
sh603650,彤程新材,2025-09-23 14:28:51,36.99,12487,36.99,U
sh603650,彤程新材,2025-09-23 14:28:57,37.0,5800,36.99,U
sh603650,彤程新材,2025-09-23 14:29:00,36.96,8913,37.0,D
sh603650,彤程新材,2025-09-23 14:29:03,37.0,7400,36.96,U
sh603650,彤程新材,2025-09-23 14:29:09,36.99,11300,36.99,E
sh603650,彤程新材,2025-09-23 14:29:27,36.98,14100,36.99,U
sh603650,彤程新材,2025-09-23 14:29:30,36.92,22400,36.98,D
sh603650,彤程新材,2025-09-23 14:29:48,36.89,6300,36.88,E
sh603650,彤程新材,2025-09-23 14:29:51,36.88,16500,36.89,D
sh603650,彤程新材,2025-09-23 14:30:03,36.88,7100,36.88,U
sh603650,彤程新材,2025-09-23 14:30:12,36.91,5500,36.88,U
sh603650,彤程新材,2025-09-23 14:30:39,36.91,5500,36.91,D
sh603650,彤程新材,2025-09-23 14:30:42,36.9,10900,36.91,D
sh603650,彤程新材,2025-09-23 14:31:03,36.9,13300,36.9,D
sh603650,彤程新材,2025-09-23 14:31:42,36.87,23200,36.9,D
sh603650,彤程新材,2025-09-23 14:31:54,36.85,5900,36.87,D
sh603650,彤程新材,2025-09-23 14:32:27,36.8,17500,36.81,D
sh603650,彤程新材,2025-09-23 14:32:45,36.81,6200,36.81,D
sh603650,彤程新材,2025-09-23 14:32:48,36.81,6700,36.81,D
sh603650,彤程新材,2025-09-23 14:33:54,36.75,14500,36.81,D
sh603650,彤程新材,2025-09-23 14:34:36,36.83,12600,36.83,U
sh603650,彤程新材,2025-09-23 14:35:09,36.9,7087,36.89,U
sh603650,彤程新材,2025-09-23 14:35:18,36.92,6700,36.92,U
sh603650,彤程新材,2025-09-23 14:35:24,36.92,9700,36.92,U
sh603650,彤程新材,2025-09-23 14:35:27,36.9,7600,36.92,D
sh603650,彤程新材,2025-09-23 14:35:54,36.9,10500,36.91,D
sh603650,彤程新材,2025-09-23 14:35:57,36.9,7000,36.9,D
sh603650,彤程新材,2025-09-23 14:36:00,36.91,6500,36.9,U
sh603650,彤程新材,2025-09-23 14:36:12,36.88,9500,36.9,D
sh603650,彤程新材,2025-09-23 14:36:36,36.9,10200,36.88,U
sh603650,彤程新材,2025-09-23 14:36:54,36.88,8700,36.9,D
sh603650,彤程新材,2025-09-23 14:36:57,36.86,24000,36.88,D
sh603650,彤程新材,2025-09-23 14:37:00,36.87,7000,36.86,U
sh603650,彤程新材,2025-09-23 14:38:06,36.88,6700,36.88,U
sh603650,彤程新材,2025-09-23 14:38:33,36.87,22000,36.86,U
sh603650,彤程新材,2025-09-23 14:38:51,36.87,8400,36.86,E
sh603650,彤程新材,2025-09-23 14:38:54,36.83,13200,36.87,D
sh603650,彤程新材,2025-09-23 14:39:27,36.87,8700,36.87,U
sh603650,彤程新材,2025-09-23 14:40:09,36.86,6100,36.86,D
sh603650,彤程新材,2025-09-23 14:40:12,36.88,6900,36.86,U
sh603650,彤程新材,2025-09-23 14:40:18,36.9,8200,36.89,U
sh603650,彤程新材,2025-09-23 14:40:21,36.88,6400,36.9,D
sh603650,彤程新材,2025-09-23 14:40:24,36.88,6300,36.88,D
sh603650,彤程新材,2025-09-23 14:40:48,36.9,10900,36.89,U
sh603650,彤程新材,2025-09-23 14:40:57,36.91,12000,36.91,U
sh603650,彤程新材,2025-09-23 14:41:09,36.92,6100,36.91,U
sh603650,彤程新材,2025-09-23 14:41:33,36.91,9000,36.91,D
sh603650,彤程新材,2025-09-23 14:41:48,36.92,7900,36.92,U
sh603650,彤程新材,2025-09-23 14:42:24,36.92,11200,36.93,D
sh603650,彤程新材,2025-09-23 14:42:27,36.93,6500,36.92,U
sh603650,彤程新材,2025-09-23 14:42:57,36.93,10700,36.94,D
sh603650,彤程新材,2025-09-23 14:43:06,36.93,9500,36.94,D
sh603650,彤程新材,2025-09-23 14:43:09,36.9,10900,36.93,D
sh603650,彤程新材,2025-09-23 14:43:36,36.94,8500,36.93,U
sh603650,彤程新材,2025-09-23 14:43:42,36.96,8800,36.95,U
sh603650,彤程新材,2025-09-23 14:43:51,36.97,17400,36.96,U
sh603650,彤程新材,2025-09-23 14:43:54,36.98,10400,36.97,U
sh603650,彤程新材,2025-09-23 14:43:57,36.97,12900,36.98,D
sh603650,彤程新材,2025-09-23 14:44:12,36.99,9800,36.99,U
sh603650,彤程新材,2025-09-23 14:44:15,37.0,82300,36.99,U
sh603650,彤程新材,2025-09-23 14:44:18,37.03,7500,37.0,U
sh603650,彤程新材,2025-09-23 14:44:21,37.05,7000,37.03,U
sh603650,彤程新材,2025-09-23 14:44:27,37.05,8200,37.05,U
sh603650,彤程新材,2025-09-23 14:44:30,37.05,12800,37.05,U
sh603650,彤程新材,2025-09-23 14:44:33,37.06,7100,37.05,U
sh603650,彤程新材,2025-09-23 14:44:42,37.06,17100,37.06,D
sh603650,彤程新材,2025-09-23 14:44:48,37.08,37800,37.08,U
sh603650,彤程新材,2025-09-23 14:44:51,37.15,148900,37.08,U
sh603650,彤程新材,2025-09-23 14:44:57,37.15,6300,37.14,U
sh603650,彤程新材,2025-09-23 14:45:00,37.15,11500,37.15,U
sh603650,彤程新材,2025-09-23 14:45:03,37.15,7500,37.15,U
sh603650,彤程新材,2025-09-23 14:45:06,37.15,15500,37.15,U
sh603650,彤程新材,2025-09-23 14:45:09,37.17,23800,37.15,U
sh603650,彤程新材,2025-09-23 14:45:12,37.2,39500,37.17,U
sh603650,彤程新材,2025-09-23 14:45:15,37.25,38600,37.2,U
sh603650,彤程新材,2025-09-23 14:45:21,37.24,13400,37.25,E
sh603650,彤程新材,2025-09-23 14:45:24,37.25,62900,37.24,U
sh603650,彤程新材,2025-09-23 14:45:30,37.3,13300,37.27,U
sh603650,彤程新材,2025-09-23 14:45:33,37.27,12000,37.3,D
sh603650,彤程新材,2025-09-23 14:45:36,37.24,15500,37.27,D
sh603650,彤程新材,2025-09-23 14:45:39,37.28,38800,37.24,U
sh603650,彤程新材,2025-09-23 14:45:42,37.27,10800,37.28,D
sh603650,彤程新材,2025-09-23 14:45:45,37.3,23900,37.27,U
sh603650,彤程新材,2025-09-23 14:45:54,37.31,13600,37.29,U
sh603650,彤程新材,2025-09-23 14:45:57,37.31,7300,37.31,U
sh603650,彤程新材,2025-09-23 14:46:00,37.29,19800,37.31,D
sh603650,彤程新材,2025-09-23 14:46:03,37.29,9500,37.29,D
sh603650,彤程新材,2025-09-23 14:46:06,37.3,23000,37.29,U
sh603650,彤程新材,2025-09-23 14:46:09,37.33,9000,37.3,U
sh603650,彤程新材,2025-09-23 14:46:12,37.34,17100,37.33,U
sh603650,彤程新材,2025-09-23 14:46:15,37.32,16100,37.34,E
sh603650,彤程新材,2025-09-23 14:46:18,37.34,9700,37.32,U
sh603650,彤程新材,2025-09-23 14:46:21,37.32,8200,37.34,D
sh603650,彤程新材,2025-09-23 14:46:24,37.35,18500,37.32,U
sh603650,彤程新材,2025-09-23 14:46:27,37.34,15500,37.35,D
sh603650,彤程新材,2025-09-23 14:46:30,37.33,17500,37.34,E
sh603650,彤程新材,2025-09-23 14:46:33,37.4,12600,37.33,U
sh603650,彤程新材,2025-09-23 14:46:36,37.44,18000,37.4,U
sh603650,彤程新材,2025-09-23 14:46:39,37.48,24400,37.44,U
sh603650,彤程新材,2025-09-23 14:46:42,37.49,26500,37.48,U
sh603650,彤程新材,2025-09-23 14:46:45,37.5,114400,37.49,U
sh603650,彤程新材,2025-09-23 14:46:48,37.48,42800,37.5,D
sh603650,彤程新材,2025-09-23 14:46:51,37.49,13300,37.48,U
sh603650,彤程新材,2025-09-23 14:46:54,37.48,44400,37.49,E
sh603650,彤程新材,2025-09-23 14:46:57,37.5,48500,37.48,U
sh603650,彤程新材,2025-09-23 14:47:00,37.42,36100,37.5,D
sh603650,彤程新材,2025-09-23 14:47:03,37.5,45800,37.42,U
sh603650,彤程新材,2025-09-23 14:47:06,37.5,6000,37.5,E
sh603650,彤程新材,2025-09-23 14:47:09,37.45,15700,37.5,D
sh603650,彤程新材,2025-09-23 14:47:12,37.49,38200,37.45,U
sh603650,彤程新材,2025-09-23 14:47:15,37.65,72100,37.49,U
sh603650,彤程新材,2025-09-23 14:47:18,37.78,127100,37.65,U
sh603650,彤程新材,2025-09-23 14:47:21,37.58,9300,37.78,D
sh603650,彤程新材,2025-09-23 14:47:24,37.65,15700,37.58,U
sh603650,彤程新材,2025-09-23 14:47:27,37.66,9500,37.65,U
sh603650,彤程新材,2025-09-23 14:47:30,37.72,10500,37.66,E
sh603650,彤程新材,2025-09-23 14:47:33,37.72,7800,37.72,U
sh603650,彤程新材,2025-09-23 14:47:36,37.72,28100,37.72,U
sh603650,彤程新材,2025-09-23 14:47:39,37.72,9677,37.72,D
sh603650,彤程新材,2025-09-23 14:47:42,37.69,14223,37.72,D
sh603650,彤程新材,2025-09-23 14:47:45,37.66,16200,37.69,U
sh603650,彤程新材,2025-09-23 14:47:48,37.69,9500,37.66,E
sh603650,彤程新材,2025-09-23 14:47:51,37.67,7000,37.69,E
sh603650,彤程新材,2025-09-23 14:47:54,37.66,7400,37.67,D
sh603650,彤程新材,2025-09-23 14:47:57,37.71,13400,37.66,U
sh603650,彤程新材,2025-09-23 14:48:00,37.66,7100,37.71,D
sh603650,彤程新材,2025-09-23 14:48:03,37.66,42000,37.66,D
sh603650,彤程新材,2025-09-23 14:48:06,37.66,7700,37.66,D
sh603650,彤程新材,2025-09-23 14:48:09,37.67,12400,37.66,U
sh603650,彤程新材,2025-09-23 14:48:12,37.66,7100,37.67,D
sh603650,彤程新材,2025-09-23 14:48:15,37.66,7800,37.66,D
sh603650,彤程新材,2025-09-23 14:48:27,37.65,19600,37.65,U
sh603650,彤程新材,2025-09-23 14:48:30,37.61,8000,37.65,D
sh603650,彤程新材,2025-09-23 14:48:33,37.6,22300,37.61,D
sh603650,彤程新材,2025-09-23 14:48:36,37.61,11000,37.6,D
sh603650,彤程新材,2025-09-23 14:48:39,37.61,7100,37.61,D
sh603650,彤程新材,2025-09-23 14:48:42,37.61,8000,37.61,D
sh603650,彤程新材,2025-09-23 14:48:45,37.65,5700,37.61,U
sh603650,彤程新材,2025-09-23 14:48:48,37.67,16600,37.65,U
sh603650,彤程新材,2025-09-23 14:48:51,37.67,22200,37.67,U
sh603650,彤程新材,2025-09-23 14:48:54,37.73,15600,37.67,U
sh603650,彤程新材,2025-09-23 14:49:00,37.75,28677,37.75,U
sh603650,彤程新材,2025-09-23 14:49:03,37.77,11600,37.75,D
sh603650,彤程新材,2025-09-23 14:49:06,37.77,25500,37.77,D
sh603650,彤程新材,2025-09-23 14:49:09,37.78,26900,37.77,U
sh603650,彤程新材,2025-09-23 14:49:12,37.81,46000,37.78,U
sh603650,彤程新材,2025-09-23 14:49:15,37.8,30200,37.81,D
sh603650,彤程新材,2025-09-23 14:49:18,37.81,45800,37.8,U
sh603650,彤程新材,2025-09-23 14:49:21,37.78,47400,37.81,D
sh603650,彤程新材,2025-09-23 14:49:24,37.78,16100,37.78,U
sh603650,彤程新材,2025-09-23 14:49:27,37.78,9300,37.78,U
sh603650,彤程新材,2025-09-23 14:49:30,37.78,12900,37.78,U
sh603650,彤程新材,2025-09-23 14:49:33,37.8,43100,37.78,U
sh603650,彤程新材,2025-09-23 14:49:45,37.8,10800,37.79,U
sh603650,彤程新材,2025-09-23 14:49:48,37.79,7400,37.8,D
sh603650,彤程新材,2025-09-23 14:49:51,37.8,18900,37.79,U
sh603650,彤程新材,2025-09-23 14:49:54,37.79,6800,37.8,D
sh603650,彤程新材,2025-09-23 14:50:00,37.78,9600,37.79,D
sh603650,彤程新材,2025-09-23 14:50:03,37.76,41400,37.78,D
sh603650,彤程新材,2025-09-23 14:50:06,37.73,33700,37.76,D
sh603650,彤程新材,2025-09-23 14:50:12,37.71,7200,37.75,D
sh603650,彤程新材,2025-09-23 14:50:15,37.69,9400,37.71,D
sh603650,彤程新材,2025-09-23 14:50:18,37.74,30700,37.69,U
sh603650,彤程新材,2025-09-23 14:50:21,37.76,16200,37.74,U
sh603650,彤程新材,2025-09-23 14:50:24,37.75,15300,37.76,E
sh603650,彤程新材,2025-09-23 14:50:27,37.76,22800,37.75,U
sh603650,彤程新材,2025-09-23 14:50:30,37.76,15100,37.76,U
sh603650,彤程新材,2025-09-23 14:50:33,37.78,22000,37.76,U
sh603650,彤程新材,2025-09-23 14:50:36,37.82,62000,37.78,U
sh603650,彤程新材,2025-09-23 14:50:39,37.8,18400,37.82,D
sh603650,彤程新材,2025-09-23 14:50:42,37.85,33600,37.8,U
sh603650,彤程新材,2025-09-23 14:50:45,37.85,20900,37.85,U
sh603650,彤程新材,2025-09-23 14:50:48,37.86,13500,37.85,U
sh603650,彤程新材,2025-09-23 14:50:51,37.85,18600,37.86,E
sh603650,彤程新材,2025-09-23 14:50:54,37.78,47300,37.85,D
sh603650,彤程新材,2025-09-23 14:50:57,37.76,18600,37.78,D
sh603650,彤程新材,2025-09-23 14:51:00,37.76,11000,37.76,D
sh603650,彤程新材,2025-09-23 14:51:03,37.76,9600,37.76,E
sh603650,彤程新材,2025-09-23 14:51:06,37.72,14800,37.76,D
sh603650,彤程新材,2025-09-23 14:51:09,37.7,10000,37.72,D
sh603650,彤程新材,2025-09-23 14:51:15,37.7,9400,37.7,D
sh603650,彤程新材,2025-09-23 14:51:24,37.69,8600,37.68,U
sh603650,彤程新材,2025-09-23 14:51:27,37.69,8600,37.69,U
sh603650,彤程新材,2025-09-23 14:51:30,37.69,6500,37.69,D
sh603650,彤程新材,2025-09-23 14:51:33,37.7,22700,37.69,U
sh603650,彤程新材,2025-09-23 14:51:36,37.69,7300,37.7,D
sh603650,彤程新材,2025-09-23 14:51:39,37.68,10500,37.69,D
sh603650,彤程新材,2025-09-23 14:51:42,37.7,24800,37.68,U
sh603650,彤程新材,2025-09-23 14:51:48,37.7,13200,37.69,U
sh603650,彤程新材,2025-09-23 14:51:54,37.7,10700,37.69,U
sh603650,彤程新材,2025-09-23 14:51:57,37.69,13300,37.7,D
sh603650,彤程新材,2025-09-23 14:52:00,37.68,6800,37.69,D
sh603650,彤程新材,2025-09-23 14:52:06,37.67,6300,37.67,U
sh603650,彤程新材,2025-09-23 14:52:09,37.67,9800,37.67,U
sh603650,彤程新材,2025-09-23 14:52:12,37.68,22600,37.67,E
sh603650,彤程新材,2025-09-23 14:52:15,37.67,7600,37.68,D
sh603650,彤程新材,2025-09-23 14:52:21,37.7,35000,37.69,U
sh603650,彤程新材,2025-09-23 14:52:24,37.71,10500,37.7,U
sh603650,彤程新材,2025-09-23 14:52:27,37.7,9300,37.71,D
sh603650,彤程新材,2025-09-23 14:52:30,37.72,5500,37.7,E
sh603650,彤程新材,2025-09-23 14:52:39,37.72,14700,37.72,D
sh603650,彤程新材,2025-09-23 14:52:42,37.71,15100,37.72,U
sh603650,彤程新材,2025-09-23 14:52:45,37.72,9900,37.71,U
sh603650,彤程新材,2025-09-23 14:52:51,37.7,6300,37.71,D
sh603650,彤程新材,2025-09-23 14:52:54,37.71,7900,37.7,E
sh603650,彤程新材,2025-09-23 14:52:57,37.7,35100,37.71,D
sh603650,彤程新材,2025-09-23 14:53:00,37.7,17700,37.7,D
sh603650,彤程新材,2025-09-23 14:53:03,37.71,12500,37.7,E
sh603650,彤程新材,2025-09-23 14:53:06,37.73,6300,37.71,U
sh603650,彤程新材,2025-09-23 14:53:09,37.72,26000,37.73,D
sh603650,彤程新材,2025-09-23 14:53:12,37.72,21400,37.72,U
sh603650,彤程新材,2025-09-23 14:53:15,37.74,22200,37.72,U
sh603650,彤程新材,2025-09-23 14:53:18,37.76,23400,37.74,U
sh603650,彤程新材,2025-09-23 14:53:21,37.77,13300,37.76,U
sh603650,彤程新材,2025-09-23 14:53:24,37.78,25900,37.77,U
sh603650,彤程新材,2025-09-23 14:53:30,37.78,6800,37.8,D
sh603650,彤程新材,2025-09-23 14:53:33,37.8,13200,37.78,U
sh603650,彤程新材,2025-09-23 14:53:36,37.82,19600,37.8,U
sh603650,彤程新材,2025-09-23 14:53:39,37.79,6200,37.82,D
sh603650,彤程新材,2025-09-23 14:53:42,37.77,18400,37.79,D
sh603650,彤程新材,2025-09-23 14:53:45,37.75,6100,37.77,E
sh603650,彤程新材,2025-09-23 14:53:51,37.7,16600,37.7,D
sh603650,彤程新材,2025-09-23 14:53:54,37.73,20300,37.7,U
sh603650,彤程新材,2025-09-23 14:53:57,37.73,8100,37.73,D
sh603650,彤程新材,2025-09-23 14:54:00,37.7,9400,37.73,D
sh603650,彤程新材,2025-09-23 14:54:03,37.74,32300,37.7,U
sh603650,彤程新材,2025-09-23 14:54:06,37.74,27700,37.74,D
sh603650,彤程新材,2025-09-23 14:54:09,37.72,10600,37.74,D
sh603650,彤程新材,2025-09-23 14:54:12,37.65,18000,37.72,D
sh603650,彤程新材,2025-09-23 14:54:15,37.72,8000,37.65,E
sh603650,彤程新材,2025-09-23 14:54:18,37.74,10100,37.72,U
sh603650,彤程新材,2025-09-23 14:54:21,37.68,17300,37.74,D
sh603650,彤程新材,2025-09-23 14:54:27,37.73,10100,37.7,U
sh603650,彤程新材,2025-09-23 14:54:33,37.67,7700,37.72,D
sh603650,彤程新材,2025-09-23 14:54:36,37.67,21900,37.67,D
sh603650,彤程新材,2025-09-23 14:54:39,37.71,11400,37.67,U
sh603650,彤程新材,2025-09-23 14:54:42,37.68,5500,37.71,D
sh603650,彤程新材,2025-09-23 14:54:45,37.66,11300,37.68,D
sh603650,彤程新材,2025-09-23 14:54:51,37.66,6100,37.65,U
sh603650,彤程新材,2025-09-23 14:54:57,37.65,12900,37.66,D
sh603650,彤程新材,2025-09-23 14:55:03,37.67,5700,37.66,U
sh603650,彤程新材,2025-09-23 14:55:12,37.64,9200,37.66,D
sh603650,彤程新材,2025-09-23 14:55:15,37.66,7600,37.64,U
sh603650,彤程新材,2025-09-23 14:55:21,37.66,7600,37.65,U
sh603650,彤程新材,2025-09-23 14:55:27,37.65,8000,37.66,D
sh603650,彤程新材,2025-09-23 14:55:30,37.65,11200,37.65,D
sh603650,彤程新材,2025-09-23 14:55:42,37.64,13600,37.66,D
sh603650,彤程新材,2025-09-23 14:55:45,37.65,24400,37.64,U
sh603650,彤程新材,2025-09-23 14:55:48,37.65,11700,37.65,U
sh603650,彤程新材,2025-09-23 14:55:54,37.64,21600,37.65,D
sh603650,彤程新材,2025-09-23 14:56:06,37.61,8800,37.64,D
sh603650,彤程新材,2025-09-23 14:56:09,37.65,8900,37.61,U
sh603650,彤程新材,2025-09-23 14:56:12,37.64,6000,37.65,D
sh603650,彤程新材,2025-09-23 14:56:18,37.65,6200,37.65,U
sh603650,彤程新材,2025-09-23 14:56:27,37.65,19900,37.62,U
sh603650,彤程新材,2025-09-23 14:56:30,37.61,11800,37.65,D
sh603650,彤程新材,2025-09-23 14:56:39,37.66,44000,37.62,U
sh603650,彤程新材,2025-09-23 14:56:54,37.64,13700,37.65,E
sh603650,彤程新材,2025-09-23 14:56:57,37.65,5800,37.64,E
sh603650,彤程新材,2025-09-23 14:57:00,37.64,6400,37.65,D
sh603650,彤程新材,2025-09-23 15:00:03,37.77,500100,37.64,U
