symbol,name,ticktime,price,volume,prev_price,kind
sh603650,彤程新材,2025-09-25 09:25:03,41.59,813900,0.0,U
sh603650,彤程新材,2025-09-25 09:30:00,41.5,95500,41.59,D
sh603650,彤程新材,2025-09-25 09:30:03,41.44,87500,41.5,D
sh603650,彤程新材,2025-09-25 09:30:06,41.5,230600,41.44,U
sh603650,彤程新材,2025-09-25 09:30:09,41.49,188500,41.5,E
sh603650,彤程新材,2025-09-25 09:30:12,41.4,139000,41.49,D
sh603650,彤程新材,2025-09-25 09:30:15,41.5,149700,41.4,E
sh603650,彤程新材,2025-09-25 09:30:18,41.5,79000,41.5,U
sh603650,彤程新材,2025-09-25 09:30:21,41.55,92300,41.5,U
sh603650,彤程新材,2025-09-25 09:30:24,41.22,235900,41.55,D
sh603650,彤程新材,2025-09-25 09:30:27,41.5,88600,41.22,U
sh603650,彤程新材,2025-09-25 09:30:30,41.4,75200,41.5,D
sh603650,彤程新材,2025-09-25 09:30:33,41.55,107600,41.4,U
sh603650,彤程新材,2025-09-25 09:30:36,41.49,95600,41.55,D
sh603650,彤程新材,2025-09-25 09:30:39,41.64,80800,41.49,U
sh603650,彤程新材,2025-09-25 09:30:42,41.66,117100,41.64,U
sh603650,彤程新材,2025-09-25 09:30:45,41.68,74700,41.66,E
sh603650,彤程新材,2025-09-25 09:30:48,41.9,65500,41.68,U
sh603650,彤程新材,2025-09-25 09:30:51,41.93,16000,41.9,U
sh603650,彤程新材,2025-09-25 09:30:54,41.95,26300,41.93,U
sh603650,彤程新材,2025-09-25 09:30:57,41.95,25900,41.95,U
sh603650,彤程新材,2025-09-25 09:31:00,41.98,121400,41.95,U
sh603650,彤程新材,2025-09-25 09:31:03,42.0,105100,41.98,U
sh603650,彤程新材,2025-09-25 09:31:06,42.1,50300,42.0,U
sh603650,彤程新材,2025-09-25 09:31:09,42.13,23800,42.1,U
sh603650,彤程新材,2025-09-25 09:31:12,42.2,19400,42.13,U
sh603650,彤程新材,2025-09-25 09:31:15,42.3,27000,42.2,U
sh603650,彤程新材,2025-09-25 09:31:18,42.32,21000,42.3,U
sh603650,彤程新材,2025-09-25 09:31:21,42.42,45700,42.32,U
sh603650,彤程新材,2025-09-25 09:31:24,42.45,49900,42.42,U
sh603650,彤程新材,2025-09-25 09:31:27,42.49,64500,42.45,U
sh603650,彤程新材,2025-09-25 09:31:30,42.56,34800,42.49,U
sh603650,彤程新材,2025-09-25 09:31:33,42.51,54100,42.56,D
sh603650,彤程新材,2025-09-25 09:31:36,42.58,113000,42.51,U
sh603650,彤程新材,2025-09-25 09:31:39,42.5,145200,42.58,D
sh603650,彤程新材,2025-09-25 09:31:42,42.5,218500,42.5,D
sh603650,彤程新材,2025-09-25 09:31:45,42.5,152300,42.5,U
sh603650,彤程新材,2025-09-25 09:31:48,42.4,94400,42.5,D
sh603650,彤程新材,2025-09-25 09:31:51,42.3,88300,42.4,D
sh603650,彤程新材,2025-09-25 09:31:54,42.21,40300,42.3,D
sh603650,彤程新材,2025-09-25 09:31:57,42.13,51600,42.21,D
sh603650,彤程新材,2025-09-25 09:32:00,42.1,64900,42.13,D
sh603650,彤程新材,2025-09-25 09:32:03,42.02,56600,42.1,D
sh603650,彤程新材,2025-09-25 09:32:06,42.01,126700,42.02,D
sh603650,彤程新材,2025-09-25 09:32:09,42.0,66900,42.01,D
sh603650,彤程新材,2025-09-25 09:32:12,41.94,63400,42.0,D
sh603650,彤程新材,2025-09-25 09:32:15,41.86,89200,41.94,D
sh603650,彤程新材,2025-09-25 09:32:18,41.79,27900,41.86,D
sh603650,彤程新材,2025-09-25 09:32:21,41.78,33200,41.79,D
sh603650,彤程新材,2025-09-25 09:32:24,41.75,40800,41.78,D
sh603650,彤程新材,2025-09-25 09:32:27,41.59,39600,41.75,D
sh603650,彤程新材,2025-09-25 09:32:30,41.59,30600,41.59,D
sh603650,彤程新材,2025-09-25 09:32:33,41.44,48100,41.59,D
sh603650,彤程新材,2025-09-25 09:32:36,41.36,12700,41.44,D
sh603650,彤程新材,2025-09-25 09:32:39,41.3,16700,41.36,D
sh603650,彤程新材,2025-09-25 09:32:42,41.25,34900,41.3,D
sh603650,彤程新材,2025-09-25 09:32:45,41.22,28300,41.25,D
sh603650,彤程新材,2025-09-25 09:32:48,41.16,23800,41.22,D
sh603650,彤程新材,2025-09-25 09:32:51,41.36,165200,41.16,U
sh603650,彤程新材,2025-09-25 09:32:54,41.4,62400,41.36,U
sh603650,彤程新材,2025-09-25 09:32:57,41.36,98100,41.4,D
sh603650,彤程新材,2025-09-25 09:33:00,41.42,109600,41.36,U
sh603650,彤程新材,2025-09-25 09:33:03,41.5,43200,41.42,D
sh603650,彤程新材,2025-09-25 09:33:06,41.59,65000,41.5,U
sh603650,彤程新材,2025-09-25 09:33:09,41.56,68800,41.59,D
sh603650,彤程新材,2025-09-25 09:33:12,41.65,50700,41.56,D
sh603650,彤程新材,2025-09-25 09:33:15,41.54,78000,41.65,D
sh603650,彤程新材,2025-09-25 09:33:18,41.59,68800,41.54,U
sh603650,彤程新材,2025-09-25 09:33:21,41.59,28600,41.59,U
sh603650,彤程新材,2025-09-25 09:33:24,41.54,32900,41.59,D
sh603650,彤程新材,2025-09-25 09:33:27,41.48,43300,41.54,D
sh603650,彤程新材,2025-09-25 09:33:30,41.5,49100,41.48,U
sh603650,彤程新材,2025-09-25 09:33:33,41.5,12000,41.5,E
sh603650,彤程新材,2025-09-25 09:33:36,41.5,28500,41.5,D
sh603650,彤程新材,2025-09-25 09:33:39,41.54,41668,41.5,U
sh603650,彤程新材,2025-09-25 09:33:42,41.54,14400,41.54,D
sh603650,彤程新材,2025-09-25 09:33:45,41.54,13100,41.54,D
sh603650,彤程新材,2025-09-25 09:33:48,41.54,23600,41.54,D
sh603650,彤程新材,2025-09-25 09:33:51,41.55,22400,41.54,E
sh603650,彤程新材,2025-09-25 09:33:54,41.5,76432,41.55,D
sh603650,彤程新材,2025-09-25 09:33:57,41.53,71400,41.5,E
sh603650,彤程新材,2025-09-25 09:34:00,41.4,36000,41.53,D
sh603650,彤程新材,2025-09-25 09:34:03,41.38,38400,41.4,D
sh603650,彤程新材,2025-09-25 09:34:06,41.37,16800,41.38,D
sh603650,彤程新材,2025-09-25 09:34:09,41.32,17800,41.37,D
sh603650,彤程新材,2025-09-25 09:34:12,41.36,36493,41.32,U
sh603650,彤程新材,2025-09-25 09:34:15,41.3,74407,41.36,D
sh603650,彤程新材,2025-09-25 09:34:18,41.25,91100,41.3,D
sh603650,彤程新材,2025-09-25 09:34:21,41.17,17500,41.25,D
sh603650,彤程新材,2025-09-25 09:34:24,41.16,29900,41.17,D
sh603650,彤程新材,2025-09-25 09:34:27,41.1,26500,41.16,D
sh603650,彤程新材,2025-09-25 09:34:30,41.1,25000,41.1,D
sh603650,彤程新材,2025-09-25 09:34:33,41.04,65193,41.1,D
sh603650,彤程新材,2025-09-25 09:34:36,41.1,150600,41.04,U
sh603650,彤程新材,2025-09-25 09:34:39,41.15,205200,41.1,U
sh603650,彤程新材,2025-09-25 09:34:42,41.2,82507,41.15,E
sh603650,彤程新材,2025-09-25 09:34:45,41.16,43600,41.2,D
sh603650,彤程新材,2025-09-25 09:34:48,41.26,80300,41.16,U
sh603650,彤程新材,2025-09-25 09:34:51,41.34,27500,41.26,U
sh603650,彤程新材,2025-09-25 09:34:54,41.26,16400,41.34,D
sh603650,彤程新材,2025-09-25 09:34:57,41.19,21600,41.26,D
sh603650,彤程新材,2025-09-25 09:35:00,41.2,25600,41.19,U
sh603650,彤程新材,2025-09-25 09:35:03,41.19,47900,41.2,D
sh603650,彤程新材,2025-09-25 09:35:06,41.19,36700,41.19,U
sh603650,彤程新材,2025-09-25 09:35:09,41.16,36700,41.19,D
sh603650,彤程新材,2025-09-25 09:35:12,41.12,35400,41.16,D
sh603650,彤程新材,2025-09-25 09:35:15,41.18,45400,41.12,U
sh603650,彤程新材,2025-09-25 09:35:18,41.16,43400,41.18,D
sh603650,彤程新材,2025-09-25 09:35:21,41.14,37500,41.16,D
sh603650,彤程新材,2025-09-25 09:35:24,41.13,28400,41.14,E
sh603650,彤程新材,2025-09-25 09:35:27,41.11,30900,41.13,D
sh603650,彤程新材,2025-09-25 09:35:30,41.11,13200,41.11,D
sh603650,彤程新材,2025-09-25 09:35:33,41.1,56400,41.11,D
sh603650,彤程新材,2025-09-25 09:35:36,41.1,79900,41.1,D
sh603650,彤程新材,2025-09-25 09:35:39,41.1,49100,41.1,U
sh603650,彤程新材,2025-09-25 09:35:42,41.04,158600,41.1,D
sh603650,彤程新材,2025-09-25 09:35:45,41.06,28800,41.04,E
sh603650,彤程新材,2025-09-25 09:35:48,41.06,71400,41.06,U
sh603650,彤程新材,2025-09-25 09:35:51,41.18,122700,41.06,U
sh603650,彤程新材,2025-09-25 09:35:54,41.1,40000,41.18,D
sh603650,彤程新材,2025-09-25 09:35:57,41.21,76600,41.1,U
sh603650,彤程新材,2025-09-25 09:36:00,41.22,25000,41.21,D
sh603650,彤程新材,2025-09-25 09:36:03,41.22,18300,41.22,D
sh603650,彤程新材,2025-09-25 09:36:06,41.2,9700,41.22,D
sh603650,彤程新材,2025-09-25 09:36:09,41.23,17600,41.2,U
sh603650,彤程新材,2025-09-25 09:36:12,41.22,10100,41.23,U
sh603650,彤程新材,2025-09-25 09:36:15,41.25,9200,41.22,U
sh603650,彤程新材,2025-09-25 09:36:18,41.23,6600,41.25,D
sh603650,彤程新材,2025-09-25 09:36:21,41.25,22600,41.23,U
sh603650,彤程新材,2025-09-25 09:36:24,41.24,18400,41.25,D
sh603650,彤程新材,2025-09-25 09:36:27,41.24,7300,41.24,U
sh603650,彤程新材,2025-09-25 09:36:30,41.18,29800,41.24,D
sh603650,彤程新材,2025-09-25 09:36:33,41.18,27900,41.18,D
sh603650,彤程新材,2025-09-25 09:36:36,41.17,19700,41.18,D
sh603650,彤程新材,2025-09-25 09:36:39,41.17,9233,41.17,U
sh603650,彤程新材,2025-09-25 09:36:42,41.28,59100,41.17,U
sh603650,彤程新材,2025-09-25 09:36:45,41.26,18300,41.28,D
sh603650,彤程新材,2025-09-25 09:36:48,41.28,29500,41.26,U
sh603650,彤程新材,2025-09-25 09:36:51,41.29,5500,41.28,D
sh603650,彤程新材,2025-09-25 09:36:54,41.3,5800,41.29,E
sh603650,彤程新材,2025-09-25 09:36:57,41.44,11000,41.3,U
sh603650,彤程新材,2025-09-25 09:37:00,41.37,5400,41.44,D
sh603650,彤程新材,2025-09-25 09:37:03,41.38,18500,41.37,U
sh603650,彤程新材,2025-09-25 09:37:06,41.38,19700,41.38,D
sh603650,彤程新材,2025-09-25 09:37:09,41.4,79800,41.38,U
sh603650,彤程新材,2025-09-25 09:37:12,41.43,16500,41.4,U
sh603650,彤程新材,2025-09-25 09:37:15,41.34,146800,41.43,D
sh603650,彤程新材,2025-09-25 09:37:18,41.24,60900,41.34,D
sh603650,彤程新材,2025-09-25 09:37:21,41.2,10700,41.24,D
sh603650,彤程新材,2025-09-25 09:37:24,41.24,12600,41.2,U
sh603650,彤程新材,2025-09-25 09:37:27,41.2,8100,41.24,D
sh603650,彤程新材,2025-09-25 09:37:30,41.15,35800,41.2,D
sh603650,彤程新材,2025-09-25 09:37:33,41.2,18200,41.15,U
sh603650,彤程新材,2025-09-25 09:37:36,41.15,10749,41.2,D
sh603650,彤程新材,2025-09-25 09:37:39,41.17,27300,41.15,E
sh603650,彤程新材,2025-09-25 09:37:42,41.17,26600,41.17,D
sh603650,彤程新材,2025-09-25 09:37:45,41.17,47100,41.17,D
sh603650,彤程新材,2025-09-25 09:37:48,41.28,33800,41.17,E
sh603650,彤程新材,2025-09-25 09:37:51,41.28,70500,41.28,E
sh603650,彤程新材,2025-09-25 09:37:54,41.28,16700,41.28,E
sh603650,彤程新材,2025-09-25 09:37:57,41.34,14200,41.28,U
sh603650,彤程新材,2025-09-25 09:38:03,41.28,16300,41.22,U
sh603650,彤程新材,2025-09-25 09:38:06,41.23,16300,41.28,D
sh603650,彤程新材,2025-09-25 09:38:09,41.23,15900,41.23,D
sh603650,彤程新材,2025-09-25 09:38:12,41.28,9000,41.23,U
sh603650,彤程新材,2025-09-25 09:38:15,41.31,39400,41.28,U
sh603650,彤程新材,2025-09-25 09:38:18,41.25,12400,41.31,D
sh603650,彤程新材,2025-09-25 09:38:21,41.29,12500,41.25,U
sh603650,彤程新材,2025-09-25 09:38:24,41.28,8000,41.29,D
sh603650,彤程新材,2025-09-25 09:38:27,41.31,6300,41.28,U
sh603650,彤程新材,2025-09-25 09:38:30,41.31,23400,41.31,D
sh603650,彤程新材,2025-09-25 09:38:33,41.3,13700,41.31,U
sh603650,彤程新材,2025-09-25 09:38:36,41.3,7700,41.3,D
sh603650,彤程新材,2025-09-25 09:38:39,41.31,5400,41.3,U
sh603650,彤程新材,2025-09-25 09:38:42,41.33,27800,41.31,U
sh603650,彤程新材,2025-09-25 09:38:45,41.31,26800,41.33,D
sh603650,彤程新材,2025-09-25 09:38:48,41.31,17700,41.31,U
sh603650,彤程新材,2025-09-25 09:38:54,41.3,24200,41.31,E
sh603650,彤程新材,2025-09-25 09:38:57,41.3,31200,41.3,D
sh603650,彤程新材,2025-09-25 09:39:00,41.2,18400,41.3,D
sh603650,彤程新材,2025-09-25 09:39:03,41.15,58900,41.2,D
sh603650,彤程新材,2025-09-25 09:39:06,41.2,21000,41.15,E
sh603650,彤程新材,2025-09-25 09:39:09,41.18,9700,41.2,D
sh603650,彤程新材,2025-09-25 09:39:12,41.16,61500,41.18,D
sh603650,彤程新材,2025-09-25 09:39:15,41.15,77900,41.16,D
sh603650,彤程新材,2025-09-25 09:39:18,41.11,9500,41.15,D
sh603650,彤程新材,2025-09-25 09:39:21,41.11,14700,41.11,U
sh603650,彤程新材,2025-09-25 09:39:24,41.08,39200,41.11,D
sh603650,彤程新材,2025-09-25 09:39:27,41.05,10100,41.08,D
sh603650,彤程新材,2025-09-25 09:39:30,41.06,198000,41.05,E
sh603650,彤程新材,2025-09-25 09:39:33,41.02,40800,41.06,U
sh603650,彤程新材,2025-09-25 09:39:36,41.01,19007,41.02,E
sh603650,彤程新材,2025-09-25 09:39:39,40.99,11200,41.01,D
sh603650,彤程新材,2025-09-25 09:39:42,40.9,35200,40.99,D
sh603650,彤程新材,2025-09-25 09:39:45,40.91,36700,40.9,U
sh603650,彤程新材,2025-09-25 09:39:48,40.96,32800,40.91,U
sh603650,彤程新材,2025-09-25 09:39:51,40.99,68600,40.96,U
sh603650,彤程新材,2025-09-25 09:39:54,40.93,29600,40.99,E
sh603650,彤程新材,2025-09-25 09:39:57,40.99,55200,40.93,D
sh603650,彤程新材,2025-09-25 09:40:00,40.92,32300,40.99,D
sh603650,彤程新材,2025-09-25 09:40:03,40.93,74100,40.92,U
sh603650,彤程新材,2025-09-25 09:40:06,40.96,16000,40.93,U
sh603650,彤程新材,2025-09-25 09:40:09,40.9,35500,40.96,D
sh603650,彤程新材,2025-09-25 09:40:12,40.93,30400,40.9,U
sh603650,彤程新材,2025-09-25 09:40:15,40.9,61800,40.93,D
sh603650,彤程新材,2025-09-25 09:40:18,40.91,24400,40.9,E
sh603650,彤程新材,2025-09-25 09:40:21,40.9,11200,40.91,D
sh603650,彤程新材,2025-09-25 09:40:24,40.9,61200,40.9,U
sh603650,彤程新材,2025-09-25 09:40:27,40.89,47500,40.9,D
sh603650,彤程新材,2025-09-25 09:40:30,40.82,46800,40.89,D
sh603650,彤程新材,2025-09-25 09:40:33,40.84,15100,40.82,U
sh603650,彤程新材,2025-09-25 09:40:36,40.82,82300,40.84,D
sh603650,彤程新材,2025-09-25 09:40:39,40.82,44100,40.82,U
sh603650,彤程新材,2025-09-25 09:40:42,40.82,72700,40.82,U
sh603650,彤程新材,2025-09-25 09:40:45,40.81,51600,40.82,D
sh603650,彤程新材,2025-09-25 09:40:48,40.81,38300,40.81,U
sh603650,彤程新材,2025-09-25 09:40:51,40.8,49900,40.81,D
sh603650,彤程新材,2025-09-25 09:40:54,40.83,50500,40.8,E
sh603650,彤程新材,2025-09-25 09:40:57,40.93,66200,40.83,U
sh603650,彤程新材,2025-09-25 09:41:00,40.91,17500,40.93,U
sh603650,彤程新材,2025-09-25 09:41:03,40.94,28900,40.91,U
sh603650,彤程新材,2025-09-25 09:41:06,40.94,35000,40.94,U
sh603650,彤程新材,2025-09-25 09:41:09,40.85,18300,40.94,D
sh603650,彤程新材,2025-09-25 09:41:12,40.95,17566,40.85,U
sh603650,彤程新材,2025-09-25 09:41:15,40.96,35000,40.95,U
sh603650,彤程新材,2025-09-25 09:41:18,41.05,29793,40.96,U
sh603650,彤程新材,2025-09-25 09:41:21,41.04,14900,41.05,D
sh603650,彤程新材,2025-09-25 09:41:24,41.1,6500,41.04,D
sh603650,彤程新材,2025-09-25 09:41:27,41.1,14100,41.1,U
sh603650,彤程新材,2025-09-25 09:41:30,41.1,10900,41.1,D
sh603650,彤程新材,2025-09-25 09:41:33,41.14,11000,41.1,U
sh603650,彤程新材,2025-09-25 09:41:36,41.2,30000,41.14,U
sh603650,彤程新材,2025-09-25 09:41:39,41.11,14200,41.2,D
sh603650,彤程新材,2025-09-25 09:41:42,41.05,11800,41.11,D
sh603650,彤程新材,2025-09-25 09:41:45,41.09,6900,41.05,U
sh603650,彤程新材,2025-09-25 09:41:48,41.08,18500,41.09,E
sh603650,彤程新材,2025-09-25 09:41:51,41.05,7000,41.08,E
sh603650,彤程新材,2025-09-25 09:41:54,41.0,41800,41.05,D
sh603650,彤程新材,2025-09-25 09:41:57,40.99,17500,41.0,D
sh603650,彤程新材,2025-09-25 09:42:00,40.98,5900,40.99,E
sh603650,彤程新材,2025-09-25 09:42:03,40.96,28400,40.98,D
sh603650,彤程新材,2025-09-25 09:42:06,41.0,57800,40.96,U
sh603650,彤程新材,2025-09-25 09:42:09,41.1,66500,41.0,U
sh603650,彤程新材,2025-09-25 09:42:12,41.12,30400,41.1,U
sh603650,彤程新材,2025-09-25 09:42:15,41.11,6200,41.12,D
sh603650,彤程新材,2025-09-25 09:42:21,41.1,5700,41.1,U
sh603650,彤程新材,2025-09-25 09:42:24,41.09,22900,41.1,D
sh603650,彤程新材,2025-09-25 09:42:27,41.1,21500,41.09,U
sh603650,彤程新材,2025-09-25 09:42:30,41.07,6000,41.1,E
sh603650,彤程新材,2025-09-25 09:42:36,41.04,18000,41.1,D
sh603650,彤程新材,2025-09-25 09:42:39,41.03,10200,41.04,E
sh603650,彤程新材,2025-09-25 09:42:42,41.01,15300,41.03,D
sh603650,彤程新材,2025-09-25 09:42:45,41.0,30200,41.01,D
sh603650,彤程新材,2025-09-25 09:42:48,41.03,20300,41.0,U
sh603650,彤程新材,2025-09-25 09:42:51,41.0,19800,41.03,E
sh603650,彤程新材,2025-09-25 09:42:54,41.01,7100,41.0,E
sh603650,彤程新材,2025-09-25 09:42:57,41.03,10300,41.01,U
sh603650,彤程新材,2025-09-25 09:43:00,41.0,14400,41.03,D
sh603650,彤程新材,2025-09-25 09:43:03,41.03,14400,41.0,U
sh603650,彤程新材,2025-09-25 09:43:06,40.99,85000,41.03,D
sh603650,彤程新材,2025-09-25 09:43:09,40.96,29300,40.99,D
sh603650,彤程新材,2025-09-25 09:43:12,40.93,6600,40.96,E
sh603650,彤程新材,2025-09-25 09:43:15,40.91,22600,40.93,E
sh603650,彤程新材,2025-09-25 09:43:18,40.91,6300,40.91,U
sh603650,彤程新材,2025-09-25 09:43:21,40.81,53500,40.91,D
sh603650,彤程新材,2025-09-25 09:43:24,40.8,14200,40.81,D
sh603650,彤程新材,2025-09-25 09:43:27,40.76,26100,40.8,D
sh603650,彤程新材,2025-09-25 09:43:30,40.74,23200,40.76,D
sh603650,彤程新材,2025-09-25 09:43:33,40.73,9400,40.74,D
sh603650,彤程新材,2025-09-25 09:43:36,40.81,73900,40.73,U
sh603650,彤程新材,2025-09-25 09:43:39,40.82,41100,40.81,E
sh603650,彤程新材,2025-09-25 09:43:42,40.8,14800,40.82,D
sh603650,彤程新材,2025-09-25 09:43:45,40.8,21600,40.8,U
sh603650,彤程新材,2025-09-25 09:43:48,40.76,15400,40.8,D
sh603650,彤程新材,2025-09-25 09:43:51,40.73,14600,40.76,D
sh603650,彤程新材,2025-09-25 09:43:54,40.73,12300,40.73,D
sh603650,彤程新材,2025-09-25 09:43:57,40.73,19100,40.73,D
sh603650,彤程新材,2025-09-25 09:44:00,40.77,60600,40.73,U
sh603650,彤程新材,2025-09-25 09:44:03,40.77,59700,40.77,D
sh603650,彤程新材,2025-09-25 09:44:06,40.79,37400,40.77,E
sh603650,彤程新材,2025-09-25 09:44:09,40.8,15000,40.79,E
sh603650,彤程新材,2025-09-25 09:44:12,40.8,10500,40.8,D
sh603650,彤程新材,2025-09-25 09:44:15,40.91,27500,40.8,U
sh603650,彤程新材,2025-09-25 09:44:18,41.0,53600,40.91,U
sh603650,彤程新材,2025-09-25 09:44:21,40.94,9000,41.0,E
sh603650,彤程新材,2025-09-25 09:44:27,40.98,7600,40.99,E
sh603650,彤程新材,2025-09-25 09:44:30,40.91,14300,40.98,E
sh603650,彤程新材,2025-09-25 09:44:33,40.93,6600,40.91,E
sh603650,彤程新材,2025-09-25 09:44:36,40.99,13100,40.93,U
sh603650,彤程新材,2025-09-25 09:44:39,40.99,11600,40.99,U
sh603650,彤程新材,2025-09-25 09:44:45,40.92,8600,40.95,D
sh603650,彤程新材,2025-09-25 09:44:48,40.92,12500,40.92,U
sh603650,彤程新材,2025-09-25 09:44:51,40.92,5900,40.92,D
sh603650,彤程新材,2025-09-25 09:44:54,40.95,13300,40.92,U
sh603650,彤程新材,2025-09-25 09:44:57,40.97,11200,40.95,U
sh603650,彤程新材,2025-09-25 09:45:00,40.99,12800,40.97,U
sh603650,彤程新材,2025-09-25 09:45:03,41.07,71200,40.99,U
sh603650,彤程新材,2025-09-25 09:45:06,41.02,26700,41.07,D
sh603650,彤程新材,2025-09-25 09:45:12,41.0,13800,41.05,D
sh603650,彤程新材,2025-09-25 09:45:15,41.02,48200,41.0,U
sh603650,彤程新材,2025-09-25 09:45:18,41.0,35900,41.02,D
sh603650,彤程新材,2025-09-25 09:45:21,41.0,14800,41.0,E
sh603650,彤程新材,2025-09-25 09:45:24,40.98,10400,41.0,D
sh603650,彤程新材,2025-09-25 09:45:27,41.0,27300,40.98,U
sh603650,彤程新材,2025-09-25 09:45:33,40.9,24600,40.95,D
sh603650,彤程新材,2025-09-25 09:45:36,40.9,6000,40.9,U
sh603650,彤程新材,2025-09-25 09:45:39,40.9,20100,40.9,U
sh603650,彤程新材,2025-09-25 09:45:42,40.89,27200,40.9,D
sh603650,彤程新材,2025-09-25 09:45:45,40.89,23000,40.89,U
sh603650,彤程新材,2025-09-25 09:45:48,40.85,21900,40.89,D
sh603650,彤程新材,2025-09-25 09:45:51,40.85,10000,40.85,U
sh603650,彤程新材,2025-09-25 09:45:54,40.81,23800,40.85,E
sh603650,彤程新材,2025-09-25 09:45:57,40.8,28100,40.81,D
sh603650,彤程新材,2025-09-25 09:46:00,40.79,9500,40.8,D
sh603650,彤程新材,2025-09-25 09:46:03,40.79,5600,40.79,U
sh603650,彤程新材,2025-09-25 09:46:06,40.78,18000,40.79,D
sh603650,彤程新材,2025-09-25 09:46:09,40.76,12500,40.78,D
sh603650,彤程新材,2025-09-25 09:46:12,40.75,16500,40.76,D
sh603650,彤程新材,2025-09-25 09:46:15,40.73,14500,40.75,D
sh603650,彤程新材,2025-09-25 09:46:18,40.71,6900,40.73,D
sh603650,彤程新材,2025-09-25 09:46:21,40.73,21900,40.71,U
sh603650,彤程新材,2025-09-25 09:46:24,40.7,12900,40.73,D
sh603650,彤程新材,2025-09-25 09:46:27,40.7,13400,40.7,D
sh603650,彤程新材,2025-09-25 09:46:30,40.71,18400,40.7,U
sh603650,彤程新材,2025-09-25 09:46:33,40.7,40000,40.71,D
sh603650,彤程新材,2025-09-25 09:46:36,40.7,20900,40.7,D
sh603650,彤程新材,2025-09-25 09:46:39,40.69,11500,40.7,D
sh603650,彤程新材,2025-09-25 09:46:42,40.69,23000,40.69,U
sh603650,彤程新材,2025-09-25 09:46:45,40.72,143700,40.69,U
sh603650,彤程新材,2025-09-25 09:46:48,40.76,24200,40.72,U
sh603650,彤程新材,2025-09-25 09:46:51,40.77,16400,40.76,U
sh603650,彤程新材,2025-09-25 09:46:54,40.76,15300,40.77,D
sh603650,彤程新材,2025-09-25 09:46:57,40.73,8000,40.76,D
sh603650,彤程新材,2025-09-25 09:47:00,40.76,12300,40.73,U
sh603650,彤程新材,2025-09-25 09:47:03,40.76,16500,40.76,U
sh603650,彤程新材,2025-09-25 09:47:06,40.77,18500,40.76,U
sh603650,彤程新材,2025-09-25 09:47:09,40.76,9700,40.77,D
sh603650,彤程新材,2025-09-25 09:47:12,40.76,11500,40.76,D
sh603650,彤程新材,2025-09-25 09:47:15,40.72,10800,40.76,D
sh603650,彤程新材,2025-09-25 09:47:18,40.72,15000,40.72,D
sh603650,彤程新材,2025-09-25 09:47:21,40.68,22200,40.72,D
sh603650,彤程新材,2025-09-25 09:47:24,40.71,8000,40.68,E
sh603650,彤程新材,2025-09-25 09:47:27,40.68,6300,40.71,D
sh603650,彤程新材,2025-09-25 09:47:30,40.68,11400,40.68,D
sh603650,彤程新材,2025-09-25 09:47:33,40.66,12800,40.68,D
sh603650,彤程新材,2025-09-25 09:47:36,40.65,6500,40.66,D
sh603650,彤程新材,2025-09-25 09:47:39,40.63,9400,40.65,D
sh603650,彤程新材,2025-09-25 09:47:42,40.64,72200,40.63,U
sh603650,彤程新材,2025-09-25 09:47:45,40.63,17400,40.64,D
sh603650,彤程新材,2025-09-25 09:47:48,40.72,72200,40.63,U
sh603650,彤程新材,2025-09-25 09:47:51,40.76,15900,40.72,U
sh603650,彤程新材,2025-09-25 09:47:54,40.73,130500,40.76,D
sh603650,彤程新材,2025-09-25 09:47:57,40.73,7100,40.73,E
sh603650,彤程新材,2025-09-25 09:48:00,40.73,5100,40.73,E
sh603650,彤程新材,2025-09-25 09:48:03,40.72,5800,40.73,E
sh603650,彤程新材,2025-09-25 09:48:06,40.7,16700,40.72,D
sh603650,彤程新材,2025-09-25 09:48:09,40.7,23100,40.7,D
sh603650,彤程新材,2025-09-25 09:48:12,40.65,5700,40.7,D
sh603650,彤程新材,2025-09-25 09:48:15,40.68,9000,40.65,U
sh603650,彤程新材,2025-09-25 09:48:21,40.72,108600,40.69,U
sh603650,彤程新材,2025-09-25 09:48:24,40.7,27900,40.72,D
sh603650,彤程新材,2025-09-25 09:48:27,40.77,16300,40.7,U
sh603650,彤程新材,2025-09-25 09:48:30,40.76,6200,40.77,D
sh603650,彤程新材,2025-09-25 09:48:33,40.73,6800,40.76,D
sh603650,彤程新材,2025-09-25 09:48:39,40.8,44700,40.74,U
sh603650,彤程新材,2025-09-25 09:48:42,40.79,11900,40.8,D
sh603650,彤程新材,2025-09-25 09:48:48,40.88,16100,40.8,U
sh603650,彤程新材,2025-09-25 09:48:51,40.8,12200,40.88,D
sh603650,彤程新材,2025-09-25 09:48:54,40.82,17800,40.8,E
sh603650,彤程新材,2025-09-25 09:49:00,40.82,21700,40.87,D
sh603650,彤程新材,2025-09-25 09:49:03,40.87,25600,40.82,U
sh603650,彤程新材,2025-09-25 09:49:06,40.87,7900,40.87,U
sh603650,彤程新材,2025-09-25 09:49:09,40.87,10000,40.87,U
sh603650,彤程新材,2025-09-25 09:49:12,40.87,10000,40.87,U
sh603650,彤程新材,2025-09-25 09:49:15,40.84,11400,40.87,E
sh603650,彤程新材,2025-09-25 09:49:18,40.75,9000,40.84,D
sh603650,彤程新材,2025-09-25 09:49:21,40.73,8600,40.75,D
sh603650,彤程新材,2025-09-25 09:49:24,40.8,9800,40.73,U
sh603650,彤程新材,2025-09-25 09:49:30,40.7,37900,40.74,D
sh603650,彤程新材,2025-09-25 09:49:33,40.71,14500,40.7,U
sh603650,彤程新材,2025-09-25 09:49:36,40.69,14200,40.71,D
sh603650,彤程新材,2025-09-25 09:49:42,40.69,8700,40.7,D
sh603650,彤程新材,2025-09-25 09:49:45,40.68,18500,40.69,U
sh603650,彤程新材,2025-09-25 09:49:48,40.68,22500,40.68,D
sh603650,彤程新材,2025-09-25 09:49:51,40.68,10500,40.68,U
sh603650,彤程新材,2025-09-25 09:49:54,40.65,19900,40.68,D
sh603650,彤程新材,2025-09-25 09:49:57,40.64,7800,40.65,D
sh603650,彤程新材,2025-09-25 09:50:00,40.63,6800,40.64,D
sh603650,彤程新材,2025-09-25 09:50:03,40.62,26800,40.63,D
sh603650,彤程新材,2025-09-25 09:50:06,40.64,40100,40.62,U
sh603650,彤程新材,2025-09-25 09:50:09,40.65,55400,40.64,U
sh603650,彤程新材,2025-09-25 09:50:12,40.64,21100,40.65,D
sh603650,彤程新材,2025-09-25 09:50:15,40.62,11300,40.64,E
sh603650,彤程新材,2025-09-25 09:50:18,40.61,8200,40.62,D
sh603650,彤程新材,2025-09-25 09:50:21,40.67,38200,40.61,U
sh603650,彤程新材,2025-09-25 09:50:24,40.62,26300,40.67,D
sh603650,彤程新材,2025-09-25 09:50:27,40.75,20500,40.62,U
sh603650,彤程新材,2025-09-25 09:50:30,40.67,37200,40.75,D
sh603650,彤程新材,2025-09-25 09:50:33,40.67,13200,40.67,E
sh603650,彤程新材,2025-09-25 09:50:36,40.67,31100,40.67,U
sh603650,彤程新材,2025-09-25 09:50:39,40.65,44500,40.67,U
sh603650,彤程新材,2025-09-25 09:50:42,40.63,10100,40.65,E
sh603650,彤程新材,2025-09-25 09:50:45,40.62,16100,40.63,D
sh603650,彤程新材,2025-09-25 09:50:48,40.62,19300,40.62,D
sh603650,彤程新材,2025-09-25 09:50:51,40.61,15200,40.62,D
sh603650,彤程新材,2025-09-25 09:50:54,40.58,35300,40.61,D
sh603650,彤程新材,2025-09-25 09:50:57,40.57,10000,40.58,D
sh603650,彤程新材,2025-09-25 09:51:00,40.58,20700,40.57,U
sh603650,彤程新材,2025-09-25 09:51:03,40.56,6900,40.58,E
sh603650,彤程新材,2025-09-25 09:51:06,40.56,14100,40.56,U
sh603650,彤程新材,2025-09-25 09:51:09,40.59,19400,40.56,U
sh603650,彤程新材,2025-09-25 09:51:12,40.6,40200,40.59,U
sh603650,彤程新材,2025-09-25 09:51:15,40.62,68700,40.6,U
sh603650,彤程新材,2025-09-25 09:51:18,40.57,11000,40.62,D
sh603650,彤程新材,2025-09-25 09:51:21,40.56,7200,40.57,D
sh603650,彤程新材,2025-09-25 09:51:24,40.55,8500,40.56,D
sh603650,彤程新材,2025-09-25 09:51:27,40.55,6900,40.55,D
sh603650,彤程新材,2025-09-25 09:51:30,40.56,22866,40.55,U
sh603650,彤程新材,2025-09-25 09:51:33,40.55,17400,40.56,D
sh603650,彤程新材,2025-09-25 09:51:36,40.56,11500,40.55,D
sh603650,彤程新材,2025-09-25 09:51:39,40.58,24300,40.56,E
sh603650,彤程新材,2025-09-25 09:51:42,40.58,7600,40.58,D
sh603650,彤程新材,2025-09-25 09:51:48,40.58,15800,40.58,U
sh603650,彤程新材,2025-09-25 09:51:51,40.57,7700,40.58,D
sh603650,彤程新材,2025-09-25 09:51:54,40.61,45333,40.57,U
sh603650,彤程新材,2025-09-25 09:51:57,40.65,47800,40.61,U
sh603650,彤程新材,2025-09-25 09:52:00,40.69,25100,40.65,U
sh603650,彤程新材,2025-09-25 09:52:03,40.65,10400,40.69,D
sh603650,彤程新材,2025-09-25 09:52:06,40.73,10000,40.65,U
sh603650,彤程新材,2025-09-25 09:52:09,40.73,5400,40.73,D
sh603650,彤程新材,2025-09-25 09:52:18,40.69,5600,40.7,D
sh603650,彤程新材,2025-09-25 09:52:30,40.65,19700,40.69,D
sh603650,彤程新材,2025-09-25 09:52:36,40.69,28200,40.64,U
sh603650,彤程新材,2025-09-25 09:52:39,40.69,22300,40.69,D
sh603650,彤程新材,2025-09-25 09:52:45,40.69,18700,40.69,U
sh603650,彤程新材,2025-09-25 09:52:51,40.68,17700,40.68,U
sh603650,彤程新材,2025-09-25 09:52:54,40.68,9400,40.68,U
sh603650,彤程新材,2025-09-25 09:52:57,40.7,7800,40.68,U
sh603650,彤程新材,2025-09-25 09:53:06,40.69,27300,40.7,U
sh603650,彤程新材,2025-09-25 09:53:09,40.69,36900,40.69,U
sh603650,彤程新材,2025-09-25 09:53:12,40.68,32000,40.69,D
sh603650,彤程新材,2025-09-25 09:53:15,40.67,9900,40.68,D
sh603650,彤程新材,2025-09-25 09:53:18,40.64,13400,40.67,D
sh603650,彤程新材,2025-09-25 09:53:30,40.65,23600,40.65,U
sh603650,彤程新材,2025-09-25 09:53:33,40.64,5400,40.65,U
sh603650,彤程新材,2025-09-25 09:53:36,40.6,5100,40.64,D
sh603650,彤程新材,2025-09-25 09:53:39,40.59,5300,40.6,D
sh603650,彤程新材,2025-09-25 09:53:42,40.59,8300,40.59,D
sh603650,彤程新材,2025-09-25 09:53:45,40.59,9200,40.59,D
sh603650,彤程新材,2025-09-25 09:53:48,40.59,5900,40.59,E
sh603650,彤程新材,2025-09-25 09:53:51,40.58,6900,40.59,D
sh603650,彤程新材,2025-09-25 09:53:54,40.63,19500,40.58,U
sh603650,彤程新材,2025-09-25 09:53:57,40.6,8200,40.63,D
sh603650,彤程新材,2025-09-25 09:54:00,40.63,15100,40.6,U
sh603650,彤程新材,2025-09-25 09:54:03,40.65,6800,40.63,U
sh603650,彤程新材,2025-09-25 09:54:06,40.71,33000,40.65,U
sh603650,彤程新材,2025-09-25 09:54:15,40.71,5000,40.71,D
sh603650,彤程新材,2025-09-25 09:54:24,40.69,7300,40.71,D
sh603650,彤程新材,2025-09-25 09:54:27,40.72,11900,40.69,U
sh603650,彤程新材,2025-09-25 09:54:33,40.69,14300,40.7,D
sh603650,彤程新材,2025-09-25 09:54:42,40.65,8200,40.69,D
sh603650,彤程新材,2025-09-25 09:54:45,40.74,44900,40.65,U
sh603650,彤程新材,2025-09-25 09:54:48,40.71,5400,40.74,E
sh603650,彤程新材,2025-09-25 09:54:51,40.7,9700,40.71,D
sh603650,彤程新材,2025-09-25 09:55:03,40.72,9300,40.72,U
sh603650,彤程新材,2025-09-25 09:55:06,40.76,10300,40.72,U
sh603650,彤程新材,2025-09-25 09:55:09,40.76,6000,40.76,U
sh603650,彤程新材,2025-09-25 09:55:18,40.74,6800,40.75,D
sh603650,彤程新材,2025-09-25 09:55:21,40.75,16000,40.74,E
sh603650,彤程新材,2025-09-25 09:55:27,40.78,5000,40.77,E
sh603650,彤程新材,2025-09-25 09:55:33,40.79,13300,40.79,U
sh603650,彤程新材,2025-09-25 09:55:36,40.77,9000,40.79,D
sh603650,彤程新材,2025-09-25 09:55:42,40.77,6900,40.77,U
sh603650,彤程新材,2025-09-25 09:55:45,40.78,7000,40.77,U
sh603650,彤程新材,2025-09-25 09:55:48,40.78,7100,40.78,D
sh603650,彤程新材,2025-09-25 09:55:54,40.8,13600,40.79,U
sh603650,彤程新材,2025-09-25 09:56:00,40.8,29200,40.8,U
sh603650,彤程新材,2025-09-25 09:56:03,40.81,16600,40.8,U
sh603650,彤程新材,2025-09-25 09:56:06,40.85,5000,40.81,U
sh603650,彤程新材,2025-09-25 09:56:09,40.89,5000,40.85,U
sh603650,彤程新材,2025-09-25 09:56:12,40.88,8400,40.89,D
sh603650,彤程新材,2025-09-25 09:56:18,40.9,17700,40.89,U
sh603650,彤程新材,2025-09-25 09:56:21,40.93,9400,40.9,U
sh603650,彤程新材,2025-09-25 09:56:27,40.98,8900,40.94,U
sh603650,彤程新材,2025-09-25 09:56:30,40.98,6200,40.98,U
sh603650,彤程新材,2025-09-25 09:56:33,40.94,19300,40.98,D
sh603650,彤程新材,2025-09-25 09:56:36,40.85,50000,40.94,D
sh603650,彤程新材,2025-09-25 09:56:39,40.88,21600,40.85,U
sh603650,彤程新材,2025-09-25 09:56:42,40.86,15000,40.88,E
sh603650,彤程新材,2025-09-25 09:56:45,40.89,19800,40.86,E
sh603650,彤程新材,2025-09-25 09:56:54,40.88,7100,40.92,D
sh603650,彤程新材,2025-09-25 09:56:57,40.88,11600,40.88,D
sh603650,彤程新材,2025-09-25 09:57:00,40.85,14300,40.88,D
sh603650,彤程新材,2025-09-25 09:57:03,40.8,15300,40.85,D
sh603650,彤程新材,2025-09-25 09:57:06,40.85,22200,40.8,E
sh603650,彤程新材,2025-09-25 09:57:09,40.81,13800,40.85,E
sh603650,彤程新材,2025-09-25 09:57:12,40.88,16400,40.81,U
sh603650,彤程新材,2025-09-25 09:57:18,40.88,9100,40.86,U
sh603650,彤程新材,2025-09-25 09:57:21,40.88,6800,40.88,D
sh603650,彤程新材,2025-09-25 09:57:24,40.88,10500,40.88,D
sh603650,彤程新材,2025-09-25 09:57:30,40.88,10100,40.9,D
sh603650,彤程新材,2025-09-25 09:57:33,40.88,10400,40.88,U
sh603650,彤程新材,2025-09-25 09:57:36,40.88,17700,40.88,U
sh603650,彤程新材,2025-09-25 09:57:39,40.86,20300,40.88,D
sh603650,彤程新材,2025-09-25 09:57:42,40.9,9200,40.86,U
sh603650,彤程新材,2025-09-25 09:57:45,40.86,9900,40.9,D
sh603650,彤程新材,2025-09-25 09:57:48,40.87,6300,40.86,U
sh603650,彤程新材,2025-09-25 09:57:51,40.88,15900,40.87,U
sh603650,彤程新材,2025-09-25 09:57:54,40.8,12700,40.88,E
sh603650,彤程新材,2025-09-25 09:58:00,40.87,22400,40.85,U
sh603650,彤程新材,2025-09-25 09:58:03,40.8,10600,40.87,E
sh603650,彤程新材,2025-09-25 09:58:06,40.72,7300,40.8,D
sh603650,彤程新材,2025-09-25 09:58:09,40.73,15800,40.72,E
sh603650,彤程新材,2025-09-25 09:58:12,40.81,7900,40.73,U
sh603650,彤程新材,2025-09-25 09:58:15,40.74,9800,40.81,D
sh603650,彤程新材,2025-09-25 09:58:18,40.84,9900,40.74,U
sh603650,彤程新材,2025-09-25 09:58:21,40.84,10300,40.84,D
sh603650,彤程新材,2025-09-25 09:58:24,40.84,11600,40.84,D
sh603650,彤程新材,2025-09-25 09:58:27,40.74,10800,40.84,D
sh603650,彤程新材,2025-09-25 09:58:30,40.82,9200,40.74,E
sh603650,彤程新材,2025-09-25 09:58:33,40.83,15000,40.82,U
sh603650,彤程新材,2025-09-25 09:58:36,40.84,15200,40.83,U
sh603650,彤程新材,2025-09-25 09:58:39,40.87,10200,40.84,U
sh603650,彤程新材,2025-09-25 09:58:42,40.9,25400,40.87,U
sh603650,彤程新材,2025-09-25 09:58:45,40.9,11300,40.9,U
sh603650,彤程新材,2025-09-25 09:58:48,40.89,5200,40.9,D
sh603650,彤程新材,2025-09-25 09:58:51,40.88,9600,40.89,D
sh603650,彤程新材,2025-09-25 09:58:54,40.88,5600,40.88,U
sh603650,彤程新材,2025-09-25 09:59:00,40.9,6400,40.9,D
sh603650,彤程新材,2025-09-25 09:59:03,40.9,5700,40.9,D
sh603650,彤程新材,2025-09-25 09:59:06,40.9,12100,40.9,U
sh603650,彤程新材,2025-09-25 09:59:09,40.88,8500,40.9,D
sh603650,彤程新材,2025-09-25 09:59:12,40.9,12700,40.88,U
sh603650,彤程新材,2025-09-25 09:59:18,40.94,12600,40.9,U
sh603650,彤程新材,2025-09-25 09:59:21,40.87,20000,40.94,D
sh603650,彤程新材,2025-09-25 09:59:24,40.8,15800,40.87,D
sh603650,彤程新材,2025-09-25 09:59:27,40.88,9100,40.8,U
sh603650,彤程新材,2025-09-25 09:59:30,40.85,5700,40.88,E
sh603650,彤程新材,2025-09-25 09:59:33,40.8,17000,40.85,D
sh603650,彤程新材,2025-09-25 09:59:36,40.9,5000,40.8,U
sh603650,彤程新材,2025-09-25 09:59:39,40.9,10600,40.9,U
sh603650,彤程新材,2025-09-25 09:59:45,40.92,6800,40.9,U
sh603650,彤程新材,2025-09-25 10:00:03,40.89,7000,40.83,U
sh603650,彤程新材,2025-09-25 10:00:24,40.8,6300,40.82,D
sh603650,彤程新材,2025-09-25 10:00:27,40.81,13800,40.8,U
sh603650,彤程新材,2025-09-25 10:00:30,40.8,7100,40.81,D
sh603650,彤程新材,2025-09-25 10:00:33,40.8,8500,40.8,D
sh603650,彤程新材,2025-09-25 10:00:39,40.8,15700,40.81,D
sh603650,彤程新材,2025-09-25 10:00:42,40.84,21500,40.8,U
sh603650,彤程新材,2025-09-25 10:00:51,40.87,22900,40.87,D
sh603650,彤程新材,2025-09-25 10:00:57,40.84,5800,40.87,D
sh603650,彤程新材,2025-09-25 10:01:00,40.84,10100,40.84,D
sh603650,彤程新材,2025-09-25 10:01:03,40.88,7300,40.84,U
sh603650,彤程新材,2025-09-25 10:01:06,40.9,11200,40.88,U
sh603650,彤程新材,2025-09-25 10:01:09,40.92,10000,40.9,U
sh603650,彤程新材,2025-09-25 10:01:12,40.94,18300,40.92,U
sh603650,彤程新材,2025-09-25 10:01:15,40.97,22100,40.94,U
sh603650,彤程新材,2025-09-25 10:01:18,40.97,11200,40.97,U
sh603650,彤程新材,2025-09-25 10:01:24,41.02,90700,40.99,U
sh603650,彤程新材,2025-09-25 10:01:27,41.04,6500,41.02,U
sh603650,彤程新材,2025-09-25 10:01:33,41.06,6400,41.06,U
sh603650,彤程新材,2025-09-25 10:01:36,41.04,5500,41.06,D
sh603650,彤程新材,2025-09-25 10:01:39,41.04,7500,41.04,D
sh603650,彤程新材,2025-09-25 10:01:42,41.05,7500,41.04,U
sh603650,彤程新材,2025-09-25 10:01:45,41.06,8400,41.05,U
sh603650,彤程新材,2025-09-25 10:01:51,41.06,8700,40.99,U
sh603650,彤程新材,2025-09-25 10:01:57,40.99,41200,41.06,D
sh603650,彤程新材,2025-09-25 10:02:00,40.99,17400,40.99,U
sh603650,彤程新材,2025-09-25 10:02:03,40.99,7600,40.99,U
sh603650,彤程新材,2025-09-25 10:02:06,40.97,9500,40.99,E
sh603650,彤程新材,2025-09-25 10:02:15,40.99,7800,40.97,U
sh603650,彤程新材,2025-09-25 10:02:18,40.98,5400,40.99,E
sh603650,彤程新材,2025-09-25 10:02:21,40.99,9700,40.98,U
sh603650,彤程新材,2025-09-25 10:02:24,41.0,9800,40.99,U
sh603650,彤程新材,2025-09-25 10:02:27,41.0,18300,41.0,U
sh603650,彤程新材,2025-09-25 10:02:30,41.0,8200,41.0,D
sh603650,彤程新材,2025-09-25 10:02:33,41.04,5800,41.0,D
sh603650,彤程新材,2025-09-25 10:02:36,41.0,14600,41.04,D
sh603650,彤程新材,2025-09-25 10:02:39,40.98,12700,41.0,D
sh603650,彤程新材,2025-09-25 10:02:45,41.0,9100,40.98,U
sh603650,彤程新材,2025-09-25 10:02:51,41.05,9700,41.01,U
sh603650,彤程新材,2025-09-25 10:02:54,41.08,19833,41.05,U
sh603650,彤程新材,2025-09-25 10:02:57,41.07,9700,41.08,E
sh603650,彤程新材,2025-09-25 10:03:00,41.05,8100,41.07,D
sh603650,彤程新材,2025-09-25 10:03:03,41.05,6100,41.05,U
sh603650,彤程新材,2025-09-25 10:03:06,41.01,12600,41.05,D
sh603650,彤程新材,2025-09-25 10:03:09,41.05,13500,41.01,U
sh603650,彤程新材,2025-09-25 10:03:15,41.05,5600,41.05,D
sh603650,彤程新材,2025-09-25 10:03:18,41.05,9200,41.05,U
sh603650,彤程新材,2025-09-25 10:03:21,41.05,8000,41.05,U
sh603650,彤程新材,2025-09-25 10:03:24,41.09,17700,41.05,U
sh603650,彤程新材,2025-09-25 10:03:27,41.1,11600,41.09,U
sh603650,彤程新材,2025-09-25 10:03:30,41.13,11700,41.1,U
sh603650,彤程新材,2025-09-25 10:03:33,41.13,25700,41.13,U
sh603650,彤程新材,2025-09-25 10:03:42,41.15,6700,41.13,U
sh603650,彤程新材,2025-09-25 10:03:48,41.15,11900,41.15,D
sh603650,彤程新材,2025-09-25 10:03:51,41.15,16800,41.15,U
sh603650,彤程新材,2025-09-25 10:03:57,41.16,24600,41.17,D
sh603650,彤程新材,2025-09-25 10:04:00,41.1,40400,41.16,D
sh603650,彤程新材,2025-09-25 10:04:03,41.09,26400,41.1,D
sh603650,彤程新材,2025-09-25 10:04:09,41.1,24500,41.08,U
sh603650,彤程新材,2025-09-25 10:04:18,41.09,14500,41.09,D
sh603650,彤程新材,2025-09-25 10:04:27,41.16,12800,41.14,U
sh603650,彤程新材,2025-09-25 10:04:30,41.17,12900,41.16,D
sh603650,彤程新材,2025-09-25 10:04:33,41.17,6200,41.17,D
sh603650,彤程新材,2025-09-25 10:04:36,41.19,11000,41.17,U
sh603650,彤程新材,2025-09-25 10:04:39,41.2,5600,41.19,U
sh603650,彤程新材,2025-09-25 10:04:42,41.18,10300,41.2,D
sh603650,彤程新材,2025-09-25 10:04:45,41.15,9900,41.18,D
sh603650,彤程新材,2025-09-25 10:04:48,41.2,34300,41.15,U
sh603650,彤程新材,2025-09-25 10:04:51,41.21,8600,41.2,U
sh603650,彤程新材,2025-09-25 10:04:54,41.22,53300,41.21,U
sh603650,彤程新材,2025-09-25 10:04:57,41.26,42400,41.22,U
sh603650,彤程新材,2025-09-25 10:05:00,41.25,8400,41.26,D
sh603650,彤程新材,2025-09-25 10:05:03,41.25,7200,41.25,D
sh603650,彤程新材,2025-09-25 10:05:09,41.26,11100,41.26,U
sh603650,彤程新材,2025-09-25 10:05:12,41.27,16700,41.26,E
sh603650,彤程新材,2025-09-25 10:05:15,41.28,5000,41.27,E
sh603650,彤程新材,2025-09-25 10:05:18,41.29,11200,41.28,U
sh603650,彤程新材,2025-09-25 10:05:21,41.34,17600,41.29,U
sh603650,彤程新材,2025-09-25 10:05:24,41.34,6700,41.34,U
sh603650,彤程新材,2025-09-25 10:05:33,41.39,30200,41.35,U
sh603650,彤程新材,2025-09-25 10:05:36,41.37,14000,41.39,E
sh603650,彤程新材,2025-09-25 10:05:39,41.36,8700,41.37,U
sh603650,彤程新材,2025-09-25 10:05:42,41.37,9700,41.36,U
sh603650,彤程新材,2025-09-25 10:05:45,41.37,18300,41.37,U
sh603650,彤程新材,2025-09-25 10:05:48,41.38,13800,41.37,U
sh603650,彤程新材,2025-09-25 10:05:51,41.21,14500,41.38,D
sh603650,彤程新材,2025-09-25 10:05:57,41.27,6800,41.28,E
sh603650,彤程新材,2025-09-25 10:06:00,41.29,12500,41.27,U
sh603650,彤程新材,2025-09-25 10:06:03,41.28,5000,41.29,E
sh603650,彤程新材,2025-09-25 10:06:06,41.28,6800,41.28,D
sh603650,彤程新材,2025-09-25 10:06:09,41.28,9900,41.28,U
sh603650,彤程新材,2025-09-25 10:06:12,41.26,12400,41.28,E
sh603650,彤程新材,2025-09-25 10:06:15,41.17,12500,41.26,D
sh603650,彤程新材,2025-09-25 10:06:18,41.26,6600,41.17,U
sh603650,彤程新材,2025-09-25 10:06:24,41.28,22300,41.25,U
sh603650,彤程新材,2025-09-25 10:06:30,41.25,7900,41.26,D
sh603650,彤程新材,2025-09-25 10:06:33,41.25,7800,41.25,D
sh603650,彤程新材,2025-09-25 10:06:36,41.22,8800,41.25,D
sh603650,彤程新材,2025-09-25 10:06:42,41.2,5200,41.22,D
sh603650,彤程新材,2025-09-25 10:06:57,41.08,5800,41.12,D
sh603650,彤程新材,2025-09-25 10:07:00,41.11,6800,41.08,U
sh603650,彤程新材,2025-09-25 10:07:09,41.07,11200,41.08,D
sh603650,彤程新材,2025-09-25 10:07:12,41.06,6800,41.07,D
sh603650,彤程新材,2025-09-25 10:07:15,41.06,7200,41.06,U
sh603650,彤程新材,2025-09-25 10:07:27,41.03,6300,41.04,E
sh603650,彤程新材,2025-09-25 10:07:30,41.04,26600,41.03,U
sh603650,彤程新材,2025-09-25 10:07:33,41.1,29800,41.04,U
sh603650,彤程新材,2025-09-25 10:07:36,41.1,8000,41.1,U
sh603650,彤程新材,2025-09-25 10:07:39,41.08,6300,41.1,D
sh603650,彤程新材,2025-09-25 10:07:42,41.09,6200,41.08,D
sh603650,彤程新材,2025-09-25 10:07:45,41.1,9800,41.09,U
sh603650,彤程新材,2025-09-25 10:07:48,41.12,5200,41.1,U
sh603650,彤程新材,2025-09-25 10:07:51,41.09,7400,41.12,D
sh603650,彤程新材,2025-09-25 10:07:54,41.09,5500,41.09,U
sh603650,彤程新材,2025-09-25 10:08:03,41.09,4900,41.09,U
sh603650,彤程新材,2025-09-25 10:08:06,41.09,4900,41.09,U
sh603650,彤程新材,2025-09-25 10:08:09,41.09,5400,41.09,U
sh603650,彤程新材,2025-09-25 10:08:12,41.05,5400,41.09,D
sh603650,彤程新材,2025-09-25 10:08:18,41.05,4900,41.05,D
sh603650,彤程新材,2025-09-25 10:08:21,41.05,7100,41.05,U
sh603650,彤程新材,2025-09-25 10:08:30,41.02,5800,41.04,D
sh603650,彤程新材,2025-09-25 10:08:33,41.03,8600,41.02,U
sh603650,彤程新材,2025-09-25 10:08:36,41.01,14500,41.03,D
sh603650,彤程新材,2025-09-25 10:08:39,41.0,43000,41.01,D
sh603650,彤程新材,2025-09-25 10:08:48,40.98,7400,40.99,D
sh603650,彤程新材,2025-09-25 10:09:03,40.95,7000,40.93,U
sh603650,彤程新材,2025-09-25 10:09:06,40.99,92400,40.95,U
sh603650,彤程新材,2025-09-25 10:09:09,41.03,63600,40.99,U
sh603650,彤程新材,2025-09-25 10:09:12,40.92,12000,41.03,D
sh603650,彤程新材,2025-09-25 10:09:15,40.99,42400,40.92,U
sh603650,彤程新材,2025-09-25 10:09:21,40.99,15900,41.04,D
sh603650,彤程新材,2025-09-25 10:09:24,41.01,6900,40.99,U
sh603650,彤程新材,2025-09-25 10:09:36,40.93,39700,41.0,D
sh603650,彤程新材,2025-09-25 10:09:42,40.96,5900,41.0,D
sh603650,彤程新材,2025-09-25 10:09:51,41.0,5300,41.0,U
sh603650,彤程新材,2025-09-25 10:09:54,40.97,9300,41.0,D
sh603650,彤程新材,2025-09-25 10:10:00,40.97,8600,40.97,U
sh603650,彤程新材,2025-09-25 10:10:09,40.97,6200,41.0,D
sh603650,彤程新材,2025-09-25 10:10:18,41.03,13500,41.01,U
sh603650,彤程新材,2025-09-25 10:10:21,41.08,13000,41.03,U
sh603650,彤程新材,2025-09-25 10:10:36,41.1,18700,41.06,U
sh603650,彤程新材,2025-09-25 10:10:45,41.09,7300,41.09,U
sh603650,彤程新材,2025-09-25 10:10:57,41.08,6400,41.05,E
sh603650,彤程新材,2025-09-25 10:11:09,41.14,6500,41.09,U
sh603650,彤程新材,2025-09-25 10:11:12,41.15,6400,41.14,U
sh603650,彤程新材,2025-09-25 10:11:18,41.15,10700,41.15,U
sh603650,彤程新材,2025-09-25 10:11:27,41.18,7300,41.19,E
sh603650,彤程新材,2025-09-25 10:11:57,41.2,13100,41.2,D
sh603650,彤程新材,2025-09-25 10:12:00,41.14,17800,41.2,D
sh603650,彤程新材,2025-09-25 10:12:27,41.08,34000,41.1,D
sh603650,彤程新材,2025-09-25 10:12:30,41.08,15100,41.08,D
sh603650,彤程新材,2025-09-25 10:12:33,41.08,13500,41.08,D
sh603650,彤程新材,2025-09-25 10:12:42,41.0,39200,41.05,D
sh603650,彤程新材,2025-09-25 10:12:45,41.05,8400,41.0,U
sh603650,彤程新材,2025-09-25 10:12:48,41.0,38400,41.05,D
sh603650,彤程新材,2025-09-25 10:12:57,41.07,9300,41.02,D
sh603650,彤程新材,2025-09-25 10:13:00,41.06,6300,41.07,D
sh603650,彤程新材,2025-09-25 10:13:03,41.09,32500,41.06,U
sh603650,彤程新材,2025-09-25 10:13:06,41.07,10100,41.09,D
sh603650,彤程新材,2025-09-25 10:13:09,41.1,25100,41.07,U
sh603650,彤程新材,2025-09-25 10:13:18,41.09,6266,41.11,D
sh603650,彤程新材,2025-09-25 10:13:30,41.14,8800,41.13,U
sh603650,彤程新材,2025-09-25 10:13:36,41.15,4900,41.14,U
sh603650,彤程新材,2025-09-25 10:13:39,41.15,6600,41.15,U
sh603650,彤程新材,2025-09-25 10:13:45,41.14,9100,41.14,U
sh603650,彤程新材,2025-09-25 10:13:48,41.14,9200,41.14,U
sh603650,彤程新材,2025-09-25 10:13:54,41.12,5100,41.14,D
sh603650,彤程新材,2025-09-25 10:14:03,41.12,8100,41.14,D
sh603650,彤程新材,2025-09-25 10:14:12,41.11,6200,41.11,D
sh603650,彤程新材,2025-09-25 10:14:15,41.11,5900,41.11,D
sh603650,彤程新材,2025-09-25 10:14:21,41.1,8400,41.1,D
sh603650,彤程新材,2025-09-25 10:14:24,41.09,56100,41.1,D
sh603650,彤程新材,2025-09-25 10:14:39,41.07,14400,41.07,D
sh603650,彤程新材,2025-09-25 10:14:42,41.07,19700,41.07,E
sh603650,彤程新材,2025-09-25 10:14:45,41.08,15900,41.07,D
sh603650,彤程新材,2025-09-25 10:15:03,41.05,12300,41.06,D
sh603650,彤程新材,2025-09-25 10:15:33,41.02,6300,41.05,D
sh603650,彤程新材,2025-09-25 10:15:36,41.05,5000,41.02,E
sh603650,彤程新材,2025-09-25 10:15:39,41.01,6400,41.05,D
sh603650,彤程新材,2025-09-25 10:15:45,41.01,9000,41.01,D
sh603650,彤程新材,2025-09-25 10:15:51,40.99,19500,41.0,D
sh603650,彤程新材,2025-09-25 10:16:09,40.97,13000,40.98,D
sh603650,彤程新材,2025-09-25 10:16:12,41.0,11300,40.97,U
sh603650,彤程新材,2025-09-25 10:16:15,41.0,17700,41.0,U
sh603650,彤程新材,2025-09-25 10:16:18,41.01,5800,41.0,E
sh603650,彤程新材,2025-09-25 10:16:24,41.06,17000,41.0,U
sh603650,彤程新材,2025-09-25 10:16:27,41.08,6300,41.06,U
sh603650,彤程新材,2025-09-25 10:16:45,41.04,5300,41.04,D
sh603650,彤程新材,2025-09-25 10:16:57,41.06,11600,41.03,U
sh603650,彤程新材,2025-09-25 10:17:18,41.03,6200,41.06,D
sh603650,彤程新材,2025-09-25 10:17:24,41.05,15900,41.06,E
sh603650,彤程新材,2025-09-25 10:17:27,41.08,5000,41.05,U
sh603650,彤程新材,2025-09-25 10:17:54,41.07,5400,41.06,U
sh603650,彤程新材,2025-09-25 10:18:12,41.01,38200,41.02,D
sh603650,彤程新材,2025-09-25 10:18:15,41.01,10700,41.01,D
sh603650,彤程新材,2025-09-25 10:18:21,41.01,5200,41.02,D
sh603650,彤程新材,2025-09-25 10:18:24,41.0,6700,41.01,D
sh603650,彤程新材,2025-09-25 10:18:30,41.0,7600,41.01,D
sh603650,彤程新材,2025-09-25 10:18:33,41.0,13400,41.0,D
sh603650,彤程新材,2025-09-25 10:18:51,40.98,26000,40.96,U
sh603650,彤程新材,2025-09-25 10:18:57,40.99,5700,40.98,U
sh603650,彤程新材,2025-09-25 10:19:03,40.92,30800,40.98,D
sh603650,彤程新材,2025-09-25 10:19:18,40.94,10000,40.95,D
sh603650,彤程新材,2025-09-25 10:19:24,40.95,9300,40.94,E
sh603650,彤程新材,2025-09-25 10:19:27,40.94,6600,40.95,D
sh603650,彤程新材,2025-09-25 10:19:33,40.95,9800,40.95,D
sh603650,彤程新材,2025-09-25 10:19:39,40.94,28400,40.91,U
sh603650,彤程新材,2025-09-25 10:19:42,40.9,5700,40.94,E
sh603650,彤程新材,2025-09-25 10:19:45,40.9,6300,40.9,D
sh603650,彤程新材,2025-09-25 10:19:48,40.89,9600,40.9,D
sh603650,彤程新材,2025-09-25 10:19:54,40.88,14000,40.89,D
sh603650,彤程新材,2025-09-25 10:19:57,40.9,50000,40.88,U
sh603650,彤程新材,2025-09-25 10:20:00,40.97,20300,40.9,U
sh603650,彤程新材,2025-09-25 10:20:18,40.98,10900,40.97,U
sh603650,彤程新材,2025-09-25 10:20:21,40.98,15900,40.98,D
sh603650,彤程新材,2025-09-25 10:20:36,41.01,5100,40.99,U
sh603650,彤程新材,2025-09-25 10:20:42,40.99,5600,40.98,U
sh603650,彤程新材,2025-09-25 10:20:45,41.0,9800,40.99,U
sh603650,彤程新材,2025-09-25 10:20:54,41.04,5200,41.01,U
sh603650,彤程新材,2025-09-25 10:20:57,41.0,11700,41.04,D
sh603650,彤程新材,2025-09-25 10:21:03,41.05,17900,41.06,D
sh603650,彤程新材,2025-09-25 10:21:06,40.99,5700,41.05,D
sh603650,彤程新材,2025-09-25 10:21:21,40.96,15000,40.97,D
sh603650,彤程新材,2025-09-25 10:21:30,40.96,7200,40.96,U
sh603650,彤程新材,2025-09-25 10:21:48,40.94,20400,40.96,D
sh603650,彤程新材,2025-09-25 10:21:54,40.93,19500,40.94,D
sh603650,彤程新材,2025-09-25 10:21:57,40.96,5500,40.93,U
sh603650,彤程新材,2025-09-25 10:22:03,40.92,19200,40.94,D
sh603650,彤程新材,2025-09-25 10:22:06,40.94,39100,40.92,U
sh603650,彤程新材,2025-09-25 10:22:09,40.99,8000,40.94,U
sh603650,彤程新材,2025-09-25 10:22:12,40.98,5000,40.99,E
sh603650,彤程新材,2025-09-25 10:22:30,40.95,7600,40.94,U
sh603650,彤程新材,2025-09-25 10:22:33,40.94,5600,40.95,D
sh603650,彤程新材,2025-09-25 10:22:36,40.94,8200,40.94,D
sh603650,彤程新材,2025-09-25 10:22:39,40.95,6500,40.94,U
sh603650,彤程新材,2025-09-25 10:23:06,40.95,11200,40.94,U
sh603650,彤程新材,2025-09-25 10:23:18,40.94,6500,40.93,E
sh603650,彤程新材,2025-09-25 10:23:51,40.94,36900,40.94,U
sh603650,彤程新材,2025-09-25 10:24:03,40.91,18700,40.93,D
sh603650,彤程新材,2025-09-25 10:24:12,40.87,16600,40.87,U
sh603650,彤程新材,2025-09-25 10:24:21,40.9,140200,40.87,U
sh603650,彤程新材,2025-09-25 10:24:30,40.88,7300,40.88,U
sh603650,彤程新材,2025-09-25 10:24:39,40.87,10700,40.88,D
sh603650,彤程新材,2025-09-25 10:24:48,40.87,6000,40.87,D
sh603650,彤程新材,2025-09-25 10:25:00,40.87,13200,40.86,U
sh603650,彤程新材,2025-09-25 10:25:03,40.87,12300,40.87,U
sh603650,彤程新材,2025-09-25 10:25:06,40.88,8300,40.87,U
sh603650,彤程新材,2025-09-25 10:25:09,40.89,8200,40.88,U
sh603650,彤程新材,2025-09-25 10:25:24,40.9,5400,40.9,D
sh603650,彤程新材,2025-09-25 10:25:33,40.9,6900,40.9,U
sh603650,彤程新材,2025-09-25 10:25:39,40.89,9900,40.9,D
sh603650,彤程新材,2025-09-25 10:25:45,40.89,10000,40.89,U
sh603650,彤程新材,2025-09-25 10:25:57,40.91,13000,40.89,U
sh603650,彤程新材,2025-09-25 10:26:00,40.92,5900,40.91,U
sh603650,彤程新材,2025-09-25 10:26:03,40.91,4900,40.92,D
sh603650,彤程新材,2025-09-25 10:26:09,40.91,12400,40.92,D
sh603650,彤程新材,2025-09-25 10:26:18,40.95,7100,40.95,U
sh603650,彤程新材,2025-09-25 10:26:36,40.95,28800,40.96,D
sh603650,彤程新材,2025-09-25 10:26:54,40.95,7500,40.95,D
sh603650,彤程新材,2025-09-25 10:27:00,40.95,7100,40.95,D
sh603650,彤程新材,2025-09-25 10:27:09,40.94,11000,40.94,U
sh603650,彤程新材,2025-09-25 10:27:21,40.92,6800,40.91,U
sh603650,彤程新材,2025-09-25 10:27:30,40.94,10000,40.93,U
sh603650,彤程新材,2025-09-25 10:27:36,41.0,20700,40.93,U
sh603650,彤程新材,2025-09-25 10:27:42,41.02,5200,40.97,U
sh603650,彤程新材,2025-09-25 10:27:51,41.02,8100,41.0,U
sh603650,彤程新材,2025-09-25 10:27:54,41.0,5900,41.02,D
sh603650,彤程新材,2025-09-25 10:27:57,41.08,16748,41.0,U
sh603650,彤程新材,2025-09-25 10:28:00,41.09,5600,41.08,U
sh603650,彤程新材,2025-09-25 10:28:03,41.11,14900,41.09,U
sh603650,彤程新材,2025-09-25 10:28:06,41.17,33500,41.11,U
sh603650,彤程新材,2025-09-25 10:28:15,41.09,5000,41.11,D
sh603650,彤程新材,2025-09-25 10:28:18,41.16,5400,41.09,U
sh603650,彤程新材,2025-09-25 10:28:21,41.03,7500,41.16,D
sh603650,彤程新材,2025-09-25 10:28:33,41.11,17100,41.15,D
sh603650,彤程新材,2025-09-25 10:28:36,41.16,8400,41.11,U
sh603650,彤程新材,2025-09-25 10:28:39,41.16,11400,41.16,U
sh603650,彤程新材,2025-09-25 10:28:54,41.18,11200,41.18,U
sh603650,彤程新材,2025-09-25 10:29:00,41.21,43100,41.19,U
sh603650,彤程新材,2025-09-25 10:29:12,41.25,5700,41.21,U
sh603650,彤程新材,2025-09-25 10:29:15,41.2,5100,41.25,D
sh603650,彤程新材,2025-09-25 10:29:18,41.25,8600,41.2,U
sh603650,彤程新材,2025-09-25 10:29:21,41.19,5400,41.25,D
sh603650,彤程新材,2025-09-25 10:29:27,41.24,11700,41.24,U
sh603650,彤程新材,2025-09-25 10:29:39,41.33,13900,41.26,U
sh603650,彤程新材,2025-09-25 10:29:57,41.35,5200,41.35,D
sh603650,彤程新材,2025-09-25 10:30:00,41.32,6600,41.35,D
sh603650,彤程新材,2025-09-25 10:30:03,41.35,21700,41.32,U
sh603650,彤程新材,2025-09-25 10:30:09,41.3,9700,41.35,E
sh603650,彤程新材,2025-09-25 10:30:12,41.35,5600,41.3,U
sh603650,彤程新材,2025-09-25 10:30:15,41.35,5400,41.35,U
sh603650,彤程新材,2025-09-25 10:30:21,41.34,9400,41.32,U
sh603650,彤程新材,2025-09-25 10:30:30,41.3,7600,41.31,D
sh603650,彤程新材,2025-09-25 10:30:48,41.28,11300,41.27,E
sh603650,彤程新材,2025-09-25 10:30:51,41.27,14300,41.28,D
sh603650,彤程新材,2025-09-25 10:31:06,41.27,6600,41.25,U
sh603650,彤程新材,2025-09-25 10:31:12,41.28,9700,41.29,D
sh603650,彤程新材,2025-09-25 10:31:15,41.27,7600,41.28,D
sh603650,彤程新材,2025-09-25 10:31:18,41.28,7200,41.27,U
sh603650,彤程新材,2025-09-25 10:31:24,41.27,14900,41.28,D
sh603650,彤程新材,2025-09-25 10:31:33,41.29,13200,41.28,U
sh603650,彤程新材,2025-09-25 10:31:39,41.33,9800,41.3,U
sh603650,彤程新材,2025-09-25 10:31:42,41.3,4900,41.33,D
sh603650,彤程新材,2025-09-25 10:31:45,41.36,25378,41.3,U
sh603650,彤程新材,2025-09-25 10:31:51,41.4,5800,41.33,U
sh603650,彤程新材,2025-09-25 10:32:00,41.38,6900,41.37,U
sh603650,彤程新材,2025-09-25 10:32:03,41.37,6500,41.38,E
sh603650,彤程新材,2025-09-25 10:32:09,41.39,5300,41.38,U
sh603650,彤程新材,2025-09-25 10:32:12,41.39,4900,41.39,D
sh603650,彤程新材,2025-09-25 10:32:15,41.4,4900,41.39,U
sh603650,彤程新材,2025-09-25 10:32:18,41.38,9700,41.4,D
sh603650,彤程新材,2025-09-25 10:32:21,41.33,13800,41.38,D
sh603650,彤程新材,2025-09-25 10:32:30,41.4,6000,41.38,U
sh603650,彤程新材,2025-09-25 10:32:33,41.44,8700,41.4,U
sh603650,彤程新材,2025-09-25 10:32:42,41.45,5700,41.42,U
sh603650,彤程新材,2025-09-25 10:32:45,41.45,8400,41.45,D
sh603650,彤程新材,2025-09-25 10:32:51,41.43,6400,41.44,E
sh603650,彤程新材,2025-09-25 10:32:54,41.44,26300,41.43,U
sh603650,彤程新材,2025-09-25 10:32:57,41.44,9400,41.44,D
sh603650,彤程新材,2025-09-25 10:33:00,41.42,11100,41.44,E
sh603650,彤程新材,2025-09-25 10:33:09,41.41,6900,41.41,U
sh603650,彤程新材,2025-09-25 10:33:12,41.39,11700,41.41,D
sh603650,彤程新材,2025-09-25 10:33:24,41.38,5700,41.38,U
sh603650,彤程新材,2025-09-25 10:33:27,41.38,7400,41.38,U
sh603650,彤程新材,2025-09-25 10:33:36,41.34,6400,41.35,E
sh603650,彤程新材,2025-09-25 10:33:42,41.34,6400,41.34,U
sh603650,彤程新材,2025-09-25 10:33:45,41.38,8600,41.34,U
sh603650,彤程新材,2025-09-25 10:33:48,41.39,10300,41.38,U
sh603650,彤程新材,2025-09-25 10:33:54,41.38,5500,41.4,D
sh603650,彤程新材,2025-09-25 10:34:00,41.41,5800,41.41,U
sh603650,彤程新材,2025-09-25 10:34:12,41.44,11100,41.45,D
sh603650,彤程新材,2025-09-25 10:34:15,41.48,10400,41.44,U
sh603650,彤程新材,2025-09-25 10:34:18,41.39,49500,41.48,D
sh603650,彤程新材,2025-09-25 10:34:21,41.39,30400,41.39,U
sh603650,彤程新材,2025-09-25 10:34:27,41.5,18000,41.45,U
sh603650,彤程新材,2025-09-25 10:34:30,41.5,19500,41.5,U
sh603650,彤程新材,2025-09-25 10:34:33,41.5,18000,41.5,U
sh603650,彤程新材,2025-09-25 10:34:36,41.52,11500,41.5,U
sh603650,彤程新材,2025-09-25 10:34:45,41.55,9300,41.55,U
sh603650,彤程新材,2025-09-25 10:34:48,41.58,6000,41.55,U
sh603650,彤程新材,2025-09-25 10:34:51,41.58,24100,41.58,D
sh603650,彤程新材,2025-09-25 10:34:54,41.59,10100,41.58,U
sh603650,彤程新材,2025-09-25 10:34:57,41.6,7200,41.59,U
sh603650,彤程新材,2025-09-25 10:35:00,41.61,10000,41.6,U
sh603650,彤程新材,2025-09-25 10:35:06,41.66,5600,41.64,U
sh603650,彤程新材,2025-09-25 10:35:09,41.68,6100,41.66,U
sh603650,彤程新材,2025-09-25 10:35:12,41.67,16500,41.68,E
sh603650,彤程新材,2025-09-25 10:35:15,41.68,17200,41.67,U
sh603650,彤程新材,2025-09-25 10:35:18,41.68,17200,41.68,U
sh603650,彤程新材,2025-09-25 10:35:21,41.68,29000,41.68,U
sh603650,彤程新材,2025-09-25 10:35:24,41.68,16300,41.68,D
sh603650,彤程新材,2025-09-25 10:35:27,41.68,8500,41.68,E
sh603650,彤程新材,2025-09-25 10:35:30,41.68,8700,41.68,U
sh603650,彤程新材,2025-09-25 10:35:33,41.69,6700,41.68,U
sh603650,彤程新材,2025-09-25 10:35:36,41.7,10200,41.69,U
sh603650,彤程新材,2025-09-25 10:35:39,41.75,10700,41.7,U
sh603650,彤程新材,2025-09-25 10:35:45,41.75,11900,41.75,D
sh603650,彤程新材,2025-09-25 10:35:48,41.7,26200,41.75,E
sh603650,彤程新材,2025-09-25 10:35:51,41.75,6800,41.7,U
sh603650,彤程新材,2025-09-25 10:35:54,41.71,15300,41.75,E
sh603650,彤程新材,2025-09-25 10:35:57,41.75,14500,41.71,U
sh603650,彤程新材,2025-09-25 10:36:00,41.75,33900,41.75,U
sh603650,彤程新材,2025-09-25 10:36:03,41.7,13200,41.75,D
sh603650,彤程新材,2025-09-25 10:36:06,41.77,24900,41.7,U
sh603650,彤程新材,2025-09-25 10:36:09,41.71,16000,41.77,D
sh603650,彤程新材,2025-09-25 10:36:12,41.74,5700,41.71,U
sh603650,彤程新材,2025-09-25 10:36:15,41.74,12600,41.74,U
sh603650,彤程新材,2025-09-25 10:36:18,41.71,6800,41.74,D
sh603650,彤程新材,2025-09-25 10:36:21,41.69,12000,41.71,D
sh603650,彤程新材,2025-09-25 10:36:24,41.69,6700,41.69,U
sh603650,彤程新材,2025-09-25 10:36:27,41.65,9400,41.69,D
sh603650,彤程新材,2025-09-25 10:36:30,41.65,6400,41.65,U
sh603650,彤程新材,2025-09-25 10:36:33,41.64,11100,41.65,E
sh603650,彤程新材,2025-09-25 10:36:36,41.61,7300,41.64,U
sh603650,彤程新材,2025-09-25 10:36:39,41.65,5300,41.61,U
sh603650,彤程新材,2025-09-25 10:36:48,41.68,6600,41.64,U
sh603650,彤程新材,2025-09-25 10:36:51,41.63,5800,41.68,E
sh603650,彤程新材,2025-09-25 10:36:54,41.66,6100,41.63,U
sh603650,彤程新材,2025-09-25 10:37:00,41.63,5700,41.65,D
sh603650,彤程新材,2025-09-25 10:37:06,41.6,36200,41.64,D
sh603650,彤程新材,2025-09-25 10:37:09,41.64,14300,41.6,U
sh603650,彤程新材,2025-09-25 10:37:12,41.65,8900,41.64,U
sh603650,彤程新材,2025-09-25 10:37:15,41.64,11500,41.65,U
sh603650,彤程新材,2025-09-25 10:37:21,41.67,11600,41.65,U
sh603650,彤程新材,2025-09-25 10:37:24,41.68,8200,41.67,U
sh603650,彤程新材,2025-09-25 10:37:27,41.7,5500,41.68,U
sh603650,彤程新材,2025-09-25 10:37:33,41.73,8700,41.7,U
sh603650,彤程新材,2025-09-25 10:37:36,41.75,5300,41.73,U
sh603650,彤程新材,2025-09-25 10:37:39,41.75,5700,41.75,D
sh603650,彤程新材,2025-09-25 10:37:42,41.76,6300,41.75,U
sh603650,彤程新材,2025-09-25 10:37:48,41.8,24900,41.77,U
sh603650,彤程新材,2025-09-25 10:37:51,41.83,20300,41.8,U
sh603650,彤程新材,2025-09-25 10:37:54,41.88,6400,41.83,U
sh603650,彤程新材,2025-09-25 10:37:57,41.91,13400,41.88,U
sh603650,彤程新材,2025-09-25 10:38:03,41.89,35700,41.9,D
sh603650,彤程新材,2025-09-25 10:38:06,41.83,28000,41.89,D
sh603650,彤程新材,2025-09-25 10:38:09,41.88,17200,41.83,U
sh603650,彤程新材,2025-09-25 10:38:12,41.83,23200,41.88,D
sh603650,彤程新材,2025-09-25 10:38:15,41.83,14000,41.83,U
sh603650,彤程新材,2025-09-25 10:38:18,41.82,8400,41.83,U
sh603650,彤程新材,2025-09-25 10:38:24,41.82,9200,41.82,U
sh603650,彤程新材,2025-09-25 10:38:27,41.82,9300,41.82,U
sh603650,彤程新材,2025-09-25 10:38:33,41.73,9400,41.8,D
sh603650,彤程新材,2025-09-25 10:38:36,41.67,4900,41.73,D
sh603650,彤程新材,2025-09-25 10:38:39,41.8,4900,41.67,U
sh603650,彤程新材,2025-09-25 10:38:51,41.79,7600,41.79,U
sh603650,彤程新材,2025-09-25 10:38:54,41.79,6500,41.79,U
sh603650,彤程新材,2025-09-25 10:39:00,41.71,18300,41.72,D
sh603650,彤程新材,2025-09-25 10:39:06,41.71,5100,41.69,U
sh603650,彤程新材,2025-09-25 10:39:09,41.71,10400,41.71,U
sh603650,彤程新材,2025-09-25 10:39:12,41.71,5200,41.71,D
sh603650,彤程新材,2025-09-25 10:39:15,41.78,4800,41.71,U
sh603650,彤程新材,2025-09-25 10:39:27,41.72,17700,41.76,D
sh603650,彤程新材,2025-09-25 10:39:33,41.78,6200,41.73,U
sh603650,彤程新材,2025-09-25 10:39:39,41.79,10200,41.71,U
sh603650,彤程新材,2025-09-25 10:39:54,41.77,10400,41.78,D
sh603650,彤程新材,2025-09-25 10:39:57,41.68,57067,41.77,D
sh603650,彤程新材,2025-09-25 10:40:03,41.68,5500,41.69,E
sh603650,彤程新材,2025-09-25 10:40:06,41.61,9900,41.68,D
sh603650,彤程新材,2025-09-25 10:40:09,41.59,17600,41.61,D
sh603650,彤程新材,2025-09-25 10:40:27,41.6,7700,41.59,D
sh603650,彤程新材,2025-09-25 10:40:42,41.58,5900,41.58,U
sh603650,彤程新材,2025-09-25 10:40:48,41.58,13400,41.57,U
sh603650,彤程新材,2025-09-25 10:40:57,41.57,7500,41.58,D
sh603650,彤程新材,2025-09-25 10:41:00,41.58,19300,41.57,U
sh603650,彤程新材,2025-09-25 10:41:03,41.57,5100,41.58,D
sh603650,彤程新材,2025-09-25 10:41:09,41.57,5200,41.58,D
sh603650,彤程新材,2025-09-25 10:41:24,41.58,5000,41.56,U
sh603650,彤程新材,2025-09-25 10:41:30,41.57,4900,41.57,D
sh603650,彤程新材,2025-09-25 10:41:39,41.54,10400,41.56,D
sh603650,彤程新材,2025-09-25 10:41:45,41.5,11400,41.51,D
sh603650,彤程新材,2025-09-25 10:42:00,41.5,29200,41.48,U
sh603650,彤程新材,2025-09-25 10:42:03,41.51,6600,41.5,U
sh603650,彤程新材,2025-09-25 10:42:12,41.53,5400,41.5,U
sh603650,彤程新材,2025-09-25 10:42:57,41.53,11200,41.56,D
sh603650,彤程新材,2025-09-25 10:43:09,41.55,10600,41.53,U
sh603650,彤程新材,2025-09-25 10:43:12,41.57,7000,41.55,U
sh603650,彤程新材,2025-09-25 10:43:15,41.6,23300,41.57,U
sh603650,彤程新材,2025-09-25 10:43:24,41.69,6600,41.61,U
sh603650,彤程新材,2025-09-25 10:43:36,41.7,10300,41.71,D
sh603650,彤程新材,2025-09-25 10:44:00,41.73,7500,41.74,D
sh603650,彤程新材,2025-09-25 10:44:03,41.75,12000,41.73,U
sh603650,彤程新材,2025-09-25 10:44:06,41.74,13700,41.75,E
sh603650,彤程新材,2025-09-25 10:44:09,41.75,6000,41.74,U
sh603650,彤程新材,2025-09-25 10:44:12,41.75,4800,41.75,D
sh603650,彤程新材,2025-09-25 10:44:18,41.8,23200,41.77,U
sh603650,彤程新材,2025-09-25 10:44:21,41.85,35200,41.8,U
sh603650,彤程新材,2025-09-25 10:44:24,41.9,10900,41.85,U
sh603650,彤程新材,2025-09-25 10:44:30,41.88,9900,41.89,D
sh603650,彤程新材,2025-09-25 10:44:33,41.93,7700,41.88,U
sh603650,彤程新材,2025-09-25 10:44:42,41.97,9000,41.96,U
sh603650,彤程新材,2025-09-25 10:44:45,41.96,9200,41.97,D
sh603650,彤程新材,2025-09-25 10:44:48,41.97,15500,41.96,U
sh603650,彤程新材,2025-09-25 10:44:51,41.98,15700,41.97,U
sh603650,彤程新材,2025-09-25 10:44:54,41.99,28000,41.98,U
sh603650,彤程新材,2025-09-25 10:44:57,42.0,47400,41.99,U
sh603650,彤程新材,2025-09-25 10:45:00,42.0,25900,42.0,U
sh603650,彤程新材,2025-09-25 10:45:03,42.04,21400,42.0,U
sh603650,彤程新材,2025-09-25 10:45:06,42.07,7600,42.04,U
sh603650,彤程新材,2025-09-25 10:45:09,41.99,53100,42.07,D
sh603650,彤程新材,2025-09-25 10:45:12,41.96,8700,41.99,D
sh603650,彤程新材,2025-09-25 10:45:15,41.99,19700,41.96,U
sh603650,彤程新材,2025-09-25 10:45:18,41.98,46100,41.99,E
sh603650,彤程新材,2025-09-25 10:45:21,41.89,7200,41.98,D
sh603650,彤程新材,2025-09-25 10:45:27,41.88,17100,41.88,U
sh603650,彤程新材,2025-09-25 10:45:36,41.8,4900,41.78,U
sh603650,彤程新材,2025-09-25 10:45:42,41.8,7300,41.77,U
sh603650,彤程新材,2025-09-25 10:45:51,41.76,12000,41.85,D
sh603650,彤程新材,2025-09-25 10:45:54,41.76,11100,41.76,E
sh603650,彤程新材,2025-09-25 10:45:57,41.76,6900,41.76,U
sh603650,彤程新材,2025-09-25 10:46:06,41.75,6300,41.76,E
sh603650,彤程新材,2025-09-25 10:46:12,41.77,7300,41.74,U
sh603650,彤程新材,2025-09-25 10:46:15,41.75,12600,41.77,D
sh603650,彤程新材,2025-09-25 10:46:18,41.72,17200,41.75,D
sh603650,彤程新材,2025-09-25 10:46:24,41.76,11600,41.72,U
sh603650,彤程新材,2025-09-25 10:46:30,41.73,12500,41.76,D
sh603650,彤程新材,2025-09-25 10:46:33,41.72,15700,41.73,D
sh603650,彤程新材,2025-09-25 10:46:45,41.79,4900,41.78,U
sh603650,彤程新材,2025-09-25 10:46:57,41.81,5500,41.8,U
sh603650,彤程新材,2025-09-25 10:47:03,41.78,40700,41.82,D
sh603650,彤程新材,2025-09-25 10:47:06,41.73,49300,41.78,D
sh603650,彤程新材,2025-09-25 10:47:15,41.74,9300,41.73,U
sh603650,彤程新材,2025-09-25 10:47:18,41.74,17400,41.74,D
sh603650,彤程新材,2025-09-25 10:47:21,41.78,9900,41.74,U
sh603650,彤程新材,2025-09-25 10:47:42,41.79,10800,41.8,D
sh603650,彤程新材,2025-09-25 10:47:57,41.73,28800,41.78,D
sh603650,彤程新材,2025-09-25 10:48:00,41.7,24400,41.73,D
sh603650,彤程新材,2025-09-25 10:48:12,41.67,8400,41.69,D
sh603650,彤程新材,2025-09-25 10:49:09,41.69,5200,41.7,D
sh603650,彤程新材,2025-09-25 10:49:27,41.7,10600,41.7,D
sh603650,彤程新材,2025-09-25 10:49:30,41.69,8400,41.7,D
sh603650,彤程新材,2025-09-25 10:49:42,41.66,33600,41.69,D
sh603650,彤程新材,2025-09-25 10:50:30,41.65,8100,41.66,E
sh603650,彤程新材,2025-09-25 10:50:33,41.66,8800,41.65,U
sh603650,彤程新材,2025-09-25 10:50:36,41.64,13200,41.66,D
sh603650,彤程新材,2025-09-25 10:50:39,41.66,10900,41.64,U
sh603650,彤程新材,2025-09-25 10:51:12,41.63,6600,41.63,U
sh603650,彤程新材,2025-09-25 10:51:39,41.67,6500,41.67,U
sh603650,彤程新材,2025-09-25 10:51:57,41.69,4900,41.7,D
sh603650,彤程新材,2025-09-25 10:52:09,41.7,6900,41.7,U
sh603650,彤程新材,2025-09-25 10:52:42,41.7,14300,41.72,D
sh603650,彤程新材,2025-09-25 10:52:45,41.7,11700,41.7,D
sh603650,彤程新材,2025-09-25 10:53:06,41.63,10600,41.65,D
sh603650,彤程新材,2025-09-25 10:53:27,41.61,5100,41.6,U
sh603650,彤程新材,2025-09-25 10:53:39,41.58,7300,41.61,D
sh603650,彤程新材,2025-09-25 10:53:45,41.59,17800,41.58,U
sh603650,彤程新材,2025-09-25 10:53:48,41.61,120800,41.59,U
sh603650,彤程新材,2025-09-25 10:53:51,41.67,7000,41.61,U
sh603650,彤程新材,2025-09-25 10:54:06,41.62,7100,41.66,D
sh603650,彤程新材,2025-09-25 10:54:51,41.61,5200,41.63,E
sh603650,彤程新材,2025-09-25 10:54:57,41.59,5900,41.6,D
sh603650,彤程新材,2025-09-25 10:55:03,41.6,6900,41.59,U
sh603650,彤程新材,2025-09-25 10:55:24,41.57,18300,41.58,D
sh603650,彤程新材,2025-09-25 10:55:27,41.58,11200,41.57,U
sh603650,彤程新材,2025-09-25 10:55:33,41.58,11500,41.58,D
sh603650,彤程新材,2025-09-25 10:55:42,41.64,19700,41.58,U
sh603650,彤程新材,2025-09-25 10:55:45,41.66,6700,41.64,U
sh603650,彤程新材,2025-09-25 10:55:57,41.68,5600,41.68,U
sh603650,彤程新材,2025-09-25 10:56:00,41.7,12900,41.68,U
sh603650,彤程新材,2025-09-25 10:56:30,41.77,5700,41.77,D
sh603650,彤程新材,2025-09-25 10:56:36,41.78,9300,41.77,U
sh603650,彤程新材,2025-09-25 10:56:51,41.78,5500,41.79,D
sh603650,彤程新材,2025-09-25 10:56:57,41.8,6700,41.79,U
sh603650,彤程新材,2025-09-25 10:57:03,41.79,20800,41.8,D
sh603650,彤程新材,2025-09-25 10:57:06,41.76,20700,41.79,D
sh603650,彤程新材,2025-09-25 10:57:30,41.7,8300,41.74,D
sh603650,彤程新材,2025-09-25 10:57:33,41.68,10100,41.7,D
sh603650,彤程新材,2025-09-25 10:58:06,41.64,6700,41.65,D
sh603650,彤程新材,2025-09-25 10:58:36,41.58,11600,41.59,D
sh603650,彤程新材,2025-09-25 10:58:57,41.61,5100,41.61,U
sh603650,彤程新材,2025-09-25 10:59:12,41.58,5100,41.61,D
sh603650,彤程新材,2025-09-25 10:59:15,41.61,9600,41.58,U
sh603650,彤程新材,2025-09-25 10:59:48,41.61,4900,41.62,D
sh603650,彤程新材,2025-09-25 10:59:54,41.62,13400,41.61,U
sh603650,彤程新材,2025-09-25 10:59:57,41.62,8100,41.62,U
sh603650,彤程新材,2025-09-25 11:00:12,41.62,5100,41.63,D
sh603650,彤程新材,2025-09-25 11:00:51,41.61,28400,41.61,D
sh603650,彤程新材,2025-09-25 11:00:54,41.59,11000,41.61,D
sh603650,彤程新材,2025-09-25 11:01:03,41.55,11000,41.56,D
sh603650,彤程新材,2025-09-25 11:01:12,41.54,8200,41.53,U
sh603650,彤程新材,2025-09-25 11:01:39,41.5,8600,41.5,D
sh603650,彤程新材,2025-09-25 11:01:54,41.53,24200,41.5,U
sh603650,彤程新材,2025-09-25 11:02:00,41.56,7200,41.55,U
sh603650,彤程新材,2025-09-25 11:02:51,41.55,14100,41.55,U
sh603650,彤程新材,2025-09-25 11:03:00,41.57,11200,41.55,U
sh603650,彤程新材,2025-09-25 11:03:12,41.62,20400,41.6,U
sh603650,彤程新材,2025-09-25 11:03:21,41.7,5300,41.64,U
sh603650,彤程新材,2025-09-25 11:03:36,41.7,5100,41.68,U
sh603650,彤程新材,2025-09-25 11:03:39,41.7,5200,41.7,U
sh603650,彤程新材,2025-09-25 11:04:06,41.68,7100,41.7,D
sh603650,彤程新材,2025-09-25 11:04:15,41.64,4900,41.62,U
sh603650,彤程新材,2025-09-25 11:04:18,41.64,5700,41.64,U
sh603650,彤程新材,2025-09-25 11:06:24,41.61,4900,41.59,U
sh603650,彤程新材,2025-09-25 11:07:48,41.56,6200,41.56,D
sh603650,彤程新材,2025-09-25 11:08:00,41.56,6200,41.56,U
sh603650,彤程新材,2025-09-25 11:08:21,41.59,10900,41.56,U
sh603650,彤程新材,2025-09-25 11:08:42,41.57,24400,41.6,D
sh603650,彤程新材,2025-09-25 11:08:45,41.61,6200,41.57,U
sh603650,彤程新材,2025-09-25 11:08:48,41.61,7300,41.61,D
sh603650,彤程新材,2025-09-25 11:10:12,41.62,5400,41.61,U
sh603650,彤程新材,2025-09-25 11:10:30,41.61,6100,41.61,U
sh603650,彤程新材,2025-09-25 11:11:09,41.64,17700,41.61,U
sh603650,彤程新材,2025-09-25 11:11:12,41.68,30000,41.64,U
sh603650,彤程新材,2025-09-25 11:11:15,41.68,8400,41.68,U
sh603650,彤程新材,2025-09-25 11:11:24,41.71,58100,41.68,U
sh603650,彤程新材,2025-09-25 11:11:27,41.71,5600,41.71,D
sh603650,彤程新材,2025-09-25 11:11:36,41.79,5600,41.79,U
sh603650,彤程新材,2025-09-25 11:11:42,41.82,20000,41.8,U
sh603650,彤程新材,2025-09-25 11:11:54,41.86,18300,41.87,D
sh603650,彤程新材,2025-09-25 11:11:57,41.87,17400,41.86,D
sh603650,彤程新材,2025-09-25 11:12:00,41.87,11200,41.87,U
sh603650,彤程新材,2025-09-25 11:12:03,41.82,5000,41.87,D
sh603650,彤程新材,2025-09-25 11:12:06,41.8,10900,41.82,D
sh603650,彤程新材,2025-09-25 11:12:09,41.79,11700,41.8,D
sh603650,彤程新材,2025-09-25 11:12:15,41.8,4900,41.78,U
sh603650,彤程新材,2025-09-25 11:12:21,41.8,5100,41.8,D
sh603650,彤程新材,2025-09-25 11:12:24,41.83,5700,41.8,U
sh603650,彤程新材,2025-09-25 11:12:30,41.85,5400,41.8,U
sh603650,彤程新材,2025-09-25 11:12:42,41.85,5500,41.8,U
sh603650,彤程新材,2025-09-25 11:12:54,41.8,14900,41.79,D
sh603650,彤程新材,2025-09-25 11:13:00,41.84,9400,41.83,U
sh603650,彤程新材,2025-09-25 11:13:03,41.83,7700,41.84,D
sh603650,彤程新材,2025-09-25 11:14:03,41.83,11400,41.85,D
sh603650,彤程新材,2025-09-25 11:14:09,41.83,5500,41.83,U
sh603650,彤程新材,2025-09-25 11:14:42,41.85,14800,41.81,U
sh603650,彤程新材,2025-09-25 11:15:03,41.83,14000,41.83,D
sh603650,彤程新材,2025-09-25 11:15:42,41.76,6900,41.78,D
sh603650,彤程新材,2025-09-25 11:16:06,41.71,6400,41.71,E
sh603650,彤程新材,2025-09-25 11:17:00,41.79,5400,41.79,U
sh603650,彤程新材,2025-09-25 11:17:03,41.79,5300,41.79,U
sh603650,彤程新材,2025-09-25 11:18:00,41.75,24200,41.71,U
sh603650,彤程新材,2025-09-25 11:18:03,41.8,14100,41.75,U
sh603650,彤程新材,2025-09-25 11:18:06,41.82,7400,41.8,U
sh603650,彤程新材,2025-09-25 11:18:12,41.8,6600,41.81,E
sh603650,彤程新材,2025-09-25 11:18:42,41.8,9200,41.8,U
sh603650,彤程新材,2025-09-25 11:18:51,41.82,8300,41.8,U
sh603650,彤程新材,2025-09-25 11:19:00,41.8,6600,41.8,D
sh603650,彤程新材,2025-09-25 11:19:12,41.83,20700,41.82,U
sh603650,彤程新材,2025-09-25 11:19:18,41.83,8700,41.83,U
sh603650,彤程新材,2025-09-25 11:19:24,41.84,4800,41.84,U
sh603650,彤程新材,2025-09-25 11:19:27,41.84,12600,41.84,U
sh603650,彤程新材,2025-09-25 11:19:30,41.84,8400,41.84,U
sh603650,彤程新材,2025-09-25 11:19:33,41.84,6000,41.84,U
sh603650,彤程新材,2025-09-25 11:20:06,41.84,5100,41.83,U
sh603650,彤程新材,2025-09-25 11:20:42,41.83,4800,41.88,D
sh603650,彤程新材,2025-09-25 11:20:54,41.87,4900,41.88,D
sh603650,彤程新材,2025-09-25 11:20:57,41.88,4800,41.87,U
sh603650,彤程新材,2025-09-25 11:21:54,41.83,7800,41.82,U
sh603650,彤程新材,2025-09-25 11:21:57,41.83,4900,41.83,U
sh603650,彤程新材,2025-09-25 11:22:06,41.84,5400,41.83,U
sh603650,彤程新材,2025-09-25 11:22:24,41.85,5400,41.85,U
sh603650,彤程新材,2025-09-25 11:22:45,41.87,5100,41.86,U
sh603650,彤程新材,2025-09-25 11:22:48,41.87,5300,41.87,D
sh603650,彤程新材,2025-09-25 11:22:51,41.86,7400,41.87,D
sh603650,彤程新材,2025-09-25 11:22:57,41.87,6800,41.86,U
sh603650,彤程新材,2025-09-25 11:23:09,41.86,14100,41.85,U
sh603650,彤程新材,2025-09-25 11:23:51,41.9,18700,41.87,U
sh603650,彤程新材,2025-09-25 11:23:54,41.91,6400,41.9,U
sh603650,彤程新材,2025-09-25 11:23:57,41.93,7700,41.91,U
sh603650,彤程新材,2025-09-25 11:24:03,41.95,5300,41.94,U
sh603650,彤程新材,2025-09-25 11:24:06,41.95,5800,41.95,U
sh603650,彤程新材,2025-09-25 11:24:09,41.97,21900,41.95,U
sh603650,彤程新材,2025-09-25 11:24:12,41.98,5200,41.97,U
sh603650,彤程新材,2025-09-25 11:24:15,41.99,7000,41.98,U
sh603650,彤程新材,2025-09-25 11:24:24,41.97,6200,41.98,D
sh603650,彤程新材,2025-09-25 11:24:33,41.99,5200,41.97,U
sh603650,彤程新材,2025-09-25 11:24:36,41.98,5400,41.99,D
sh603650,彤程新材,2025-09-25 11:24:39,42.0,15100,41.98,U
sh603650,彤程新材,2025-09-25 11:24:42,42.0,10900,42.0,U
sh603650,彤程新材,2025-09-25 11:24:48,42.0,17500,41.99,U
sh603650,彤程新材,2025-09-25 11:24:51,41.98,18300,42.0,D
sh603650,彤程新材,2025-09-25 11:24:57,42.0,22800,41.99,U
sh603650,彤程新材,2025-09-25 11:25:03,42.01,35700,42.0,U
sh603650,彤程新材,2025-09-25 11:25:09,42.05,12000,42.05,U
sh603650,彤程新材,2025-09-25 11:25:15,42.08,4900,42.05,U
sh603650,彤程新材,2025-09-25 11:25:27,42.06,7100,42.08,E
sh603650,彤程新材,2025-09-25 11:25:33,42.01,12400,42.08,D
sh603650,彤程新材,2025-09-25 11:25:36,41.99,19000,42.01,D
sh603650,彤程新材,2025-09-25 11:25:42,41.95,10900,41.96,D
sh603650,彤程新材,2025-09-25 11:25:45,41.95,8400,41.95,U
sh603650,彤程新材,2025-09-25 11:25:51,41.92,8700,41.94,E
sh603650,彤程新材,2025-09-25 11:25:54,41.92,7000,41.92,U
sh603650,彤程新材,2025-09-25 11:26:03,41.89,5900,41.91,D
sh603650,彤程新材,2025-09-25 11:26:06,41.93,7800,41.89,U
sh603650,彤程新材,2025-09-25 11:26:15,41.99,5100,41.97,U
sh603650,彤程新材,2025-09-25 11:26:42,42.01,11400,42.01,D
sh603650,彤程新材,2025-09-25 11:26:54,42.01,14400,42.05,D
sh603650,彤程新材,2025-09-25 11:26:57,42.05,5300,42.01,U
sh603650,彤程新材,2025-09-25 11:27:03,42.0,12500,42.04,D
sh603650,彤程新材,2025-09-25 11:27:09,42.0,11900,42.0,U
sh603650,彤程新材,2025-09-25 11:27:15,42.01,6100,42.0,U
sh603650,彤程新材,2025-09-25 11:27:30,42.03,7400,42.03,D
sh603650,彤程新材,2025-09-25 11:27:33,42.0,9300,42.03,D
sh603650,彤程新材,2025-09-25 11:27:36,42.0,6600,42.0,D
sh603650,彤程新材,2025-09-25 11:27:39,41.99,7900,42.0,D
sh603650,彤程新材,2025-09-25 11:27:48,42.0,5500,41.96,U
sh603650,彤程新材,2025-09-25 11:27:51,42.0,6600,42.0,U
sh603650,彤程新材,2025-09-25 11:27:57,42.0,5800,41.98,U
sh603650,彤程新材,2025-09-25 11:28:12,42.0,5700,42.0,U
sh603650,彤程新材,2025-09-25 11:28:21,42.0,7300,42.0,D
sh603650,彤程新材,2025-09-25 11:28:30,42.01,8300,42.0,U
sh603650,彤程新材,2025-09-25 11:28:33,42.01,7600,42.01,D
sh603650,彤程新材,2025-09-25 11:28:48,42.02,16000,42.02,D
sh603650,彤程新材,2025-09-25 11:28:57,42.05,16100,42.02,U
sh603650,彤程新材,2025-09-25 11:29:00,42.0,10200,42.05,D
sh603650,彤程新材,2025-09-25 11:29:03,42.0,7400,42.0,U
sh603650,彤程新材,2025-09-25 11:29:09,41.97,10700,42.0,D
sh603650,彤程新材,2025-09-25 11:29:12,42.0,11200,41.97,U
sh603650,彤程新材,2025-09-25 11:29:15,41.98,8000,42.0,E
sh603650,彤程新材,2025-09-25 11:29:48,41.91,26300,41.98,D
sh603650,彤程新材,2025-09-25 11:29:59,41.93,6800,41.9,U
sh603650,彤程新材,2025-09-25 13:00:03,41.94,11200,41.91,U
sh603650,彤程新材,2025-09-25 13:00:06,41.93,18600,41.94,D
sh603650,彤程新材,2025-09-25 13:00:09,41.93,31400,41.93,U
sh603650,彤程新材,2025-09-25 13:00:12,41.93,41800,41.93,D
sh603650,彤程新材,2025-09-25 13:00:15,42.0,5200,41.93,U
sh603650,彤程新材,2025-09-25 13:00:18,42.0,5800,42.0,U
sh603650,彤程新材,2025-09-25 13:00:21,42.0,5400,42.0,U
sh603650,彤程新材,2025-09-25 13:00:24,42.0,8300,42.0,D
sh603650,彤程新材,2025-09-25 13:00:30,42.06,11200,42.05,U
sh603650,彤程新材,2025-09-25 13:00:33,42.06,9500,42.06,D
sh603650,彤程新材,2025-09-25 13:00:45,42.1,5900,42.1,U
sh603650,彤程新材,2025-09-25 13:01:00,42.18,13300,42.15,U
sh603650,彤程新材,2025-09-25 13:01:03,42.11,22400,42.18,D
sh603650,彤程新材,2025-09-25 13:01:06,42.15,26100,42.11,U
sh603650,彤程新材,2025-09-25 13:01:09,42.13,7700,42.15,D
sh603650,彤程新材,2025-09-25 13:01:12,42.16,13400,42.13,U
sh603650,彤程新材,2025-09-25 13:01:15,42.14,25200,42.16,E
sh603650,彤程新材,2025-09-25 13:01:21,42.05,6200,42.08,D
sh603650,彤程新材,2025-09-25 13:01:24,42.07,16200,42.05,U
sh603650,彤程新材,2025-09-25 13:01:30,42.0,7800,42.02,D
sh603650,彤程新材,2025-09-25 13:01:36,42.0,15700,42.0,D
sh603650,彤程新材,2025-09-25 13:01:39,42.0,11800,42.0,D
sh603650,彤程新材,2025-09-25 13:01:45,42.0,6200,42.0,D
sh603650,彤程新材,2025-09-25 13:01:54,42.0,12200,42.0,D
sh603650,彤程新材,2025-09-25 13:02:00,41.99,15300,42.0,D
sh603650,彤程新材,2025-09-25 13:02:06,41.99,15300,41.97,U
sh603650,彤程新材,2025-09-25 13:02:12,41.99,5200,41.99,U
sh603650,彤程新材,2025-09-25 13:02:42,42.0,5900,42.0,U
sh603650,彤程新材,2025-09-25 13:02:45,42.0,6400,42.0,U
sh603650,彤程新材,2025-09-25 13:02:54,42.0,7800,42.0,D
sh603650,彤程新材,2025-09-25 13:02:57,42.0,4900,42.0,U
sh603650,彤程新材,2025-09-25 13:03:03,41.91,31200,41.96,D
sh603650,彤程新材,2025-09-25 13:03:06,41.94,21100,41.91,U
sh603650,彤程新材,2025-09-25 13:03:09,41.94,5800,41.94,D
sh603650,彤程新材,2025-09-25 13:03:12,41.88,20200,41.94,D
sh603650,彤程新材,2025-09-25 13:03:15,41.87,4800,41.88,D
sh603650,彤程新材,2025-09-25 13:03:18,41.87,10600,41.87,D
sh603650,彤程新材,2025-09-25 13:03:24,41.83,31000,41.86,D
sh603650,彤程新材,2025-09-25 13:03:33,41.81,6100,41.81,D
sh603650,彤程新材,2025-09-25 13:03:42,41.84,4800,41.82,U
sh603650,彤程新材,2025-09-25 13:03:51,41.84,8200,41.83,D
sh603650,彤程新材,2025-09-25 13:04:00,41.87,8300,41.83,U
sh603650,彤程新材,2025-09-25 13:04:03,41.86,13100,41.87,E
sh603650,彤程新材,2025-09-25 13:04:06,41.89,10000,41.86,U
sh603650,彤程新材,2025-09-25 13:04:36,41.84,7100,41.86,D
sh603650,彤程新材,2025-09-25 13:04:39,41.83,5000,41.84,D
sh603650,彤程新材,2025-09-25 13:04:45,41.8,22200,41.83,D
sh603650,彤程新材,2025-09-25 13:05:00,41.8,5500,41.78,U
sh603650,彤程新材,2025-09-25 13:05:15,41.81,21000,41.79,U
sh603650,彤程新材,2025-09-25 13:05:24,41.88,19700,41.85,U
sh603650,彤程新材,2025-09-25 13:05:36,41.93,5400,41.93,E
sh603650,彤程新材,2025-09-25 13:05:51,41.92,5000,41.92,D
sh603650,彤程新材,2025-09-25 13:06:00,41.96,17600,41.93,U
sh603650,彤程新材,2025-09-25 13:06:03,41.93,7700,41.96,D
sh603650,彤程新材,2025-09-25 13:06:12,41.96,6900,41.96,U
sh603650,彤程新材,2025-09-25 13:06:15,41.96,12400,41.96,D
sh603650,彤程新材,2025-09-25 13:06:18,42.0,4900,41.96,U
sh603650,彤程新材,2025-09-25 13:06:45,42.11,46100,42.02,U
sh603650,彤程新材,2025-09-25 13:07:03,42.03,70600,42.14,D
sh603650,彤程新材,2025-09-25 13:07:06,42.01,15000,42.03,D
sh603650,彤程新材,2025-09-25 13:07:21,42.06,11000,42.01,U
sh603650,彤程新材,2025-09-25 13:07:36,42.07,23600,42.08,D
sh603650,彤程新材,2025-09-25 13:07:39,42.06,22000,42.07,D
sh603650,彤程新材,2025-09-25 13:08:03,42.05,5500,42.06,D
sh603650,彤程新材,2025-09-25 13:08:15,42.06,10600,42.07,D
sh603650,彤程新材,2025-09-25 13:08:33,42.1,5400,42.09,U
sh603650,彤程新材,2025-09-25 13:08:36,42.09,9100,42.1,D
sh603650,彤程新材,2025-09-25 13:08:39,42.09,5600,42.09,D
sh603650,彤程新材,2025-09-25 13:08:54,42.16,21700,42.1,U
sh603650,彤程新材,2025-09-25 13:09:09,42.18,5600,42.16,U
sh603650,彤程新材,2025-09-25 13:09:18,42.18,6200,42.17,D
sh603650,彤程新材,2025-09-25 13:09:21,42.15,19800,42.18,D
sh603650,彤程新材,2025-09-25 13:09:24,42.15,4800,42.15,D
sh603650,彤程新材,2025-09-25 13:09:27,42.1,7500,42.15,D
sh603650,彤程新材,2025-09-25 13:09:39,42.11,6100,42.1,U
sh603650,彤程新材,2025-09-25 13:09:45,42.11,6800,42.1,U
sh603650,彤程新材,2025-09-25 13:09:51,42.11,13300,42.11,D
sh603650,彤程新材,2025-09-25 13:09:54,42.09,13300,42.11,D
sh603650,彤程新材,2025-09-25 13:10:00,41.98,40900,42.07,D
sh603650,彤程新材,2025-09-25 13:10:03,41.92,8800,41.98,D
sh603650,彤程新材,2025-09-25 13:10:06,41.88,5000,41.92,D
sh603650,彤程新材,2025-09-25 13:10:15,41.91,15700,41.89,U
sh603650,彤程新材,2025-09-25 13:10:51,41.92,5000,41.92,D
sh603650,彤程新材,2025-09-25 13:11:00,41.92,9300,41.92,D
sh603650,彤程新材,2025-09-25 13:11:03,41.91,11300,41.92,D
sh603650,彤程新材,2025-09-25 13:11:06,41.96,22700,41.91,U
sh603650,彤程新材,2025-09-25 13:11:42,41.91,13400,41.95,D
sh603650,彤程新材,2025-09-25 13:11:45,41.93,10200,41.91,U
sh603650,彤程新材,2025-09-25 13:12:03,41.93,8000,41.95,D
sh603650,彤程新材,2025-09-25 13:12:06,41.93,42000,41.93,D
sh603650,彤程新材,2025-09-25 13:12:12,41.9,15800,41.93,D
sh603650,彤程新材,2025-09-25 13:12:21,41.9,33400,41.9,D
sh603650,彤程新材,2025-09-25 13:12:33,41.84,13600,41.9,D
sh603650,彤程新材,2025-09-25 13:12:39,41.89,5900,41.76,U
sh603650,彤程新材,2025-09-25 13:13:00,41.83,7500,41.83,U
sh603650,彤程新材,2025-09-25 13:13:03,41.79,6000,41.83,D
sh603650,彤程新材,2025-09-25 13:13:21,41.8,9500,41.79,U
sh603650,彤程新材,2025-09-25 13:13:24,41.8,13000,41.8,D
sh603650,彤程新材,2025-09-25 13:13:42,41.77,11800,41.77,D
sh603650,彤程新材,2025-09-25 13:13:45,41.79,12151,41.77,U
sh603650,彤程新材,2025-09-25 13:13:51,41.79,11500,41.79,D
sh603650,彤程新材,2025-09-25 13:14:00,41.78,15800,41.77,U
sh603650,彤程新材,2025-09-25 13:14:30,41.74,6900,41.75,D
sh603650,彤程新材,2025-09-25 13:14:57,41.73,5500,41.73,D
sh603650,彤程新材,2025-09-25 13:15:00,41.73,17400,41.73,D
sh603650,彤程新材,2025-09-25 13:15:12,41.7,7400,41.7,D
sh603650,彤程新材,2025-09-25 13:15:24,41.73,15200,41.7,U
sh603650,彤程新材,2025-09-25 13:15:33,41.73,5500,41.72,U
sh603650,彤程新材,2025-09-25 13:15:39,41.71,7200,41.72,D
sh603650,彤程新材,2025-09-25 13:15:51,41.69,5200,41.7,D
sh603650,彤程新材,2025-09-25 13:16:00,41.72,6000,41.71,U
sh603650,彤程新材,2025-09-25 13:16:09,41.72,10300,41.72,U
sh603650,彤程新材,2025-09-25 13:16:27,41.69,15400,41.72,D
sh603650,彤程新材,2025-09-25 13:16:42,41.71,5000,41.71,U
sh603650,彤程新材,2025-09-25 13:16:48,41.71,8900,41.71,U
sh603650,彤程新材,2025-09-25 13:17:00,41.7,6400,41.71,U
sh603650,彤程新材,2025-09-25 13:17:03,41.74,20900,41.7,U
sh603650,彤程新材,2025-09-25 13:17:06,41.77,26200,41.74,U
sh603650,彤程新材,2025-09-25 13:17:09,41.84,31400,41.77,U
sh603650,彤程新材,2025-09-25 13:17:30,41.77,15000,41.79,D
sh603650,彤程新材,2025-09-25 13:17:33,41.77,14100,41.77,D
sh603650,彤程新材,2025-09-25 13:17:36,41.77,5400,41.77,U
sh603650,彤程新材,2025-09-25 13:17:39,41.74,5800,41.77,D
sh603650,彤程新材,2025-09-25 13:18:06,41.68,21500,41.71,D
sh603650,彤程新材,2025-09-25 13:18:09,41.67,4800,41.68,D
sh603650,彤程新材,2025-09-25 13:18:18,41.66,7600,41.65,U
sh603650,彤程新材,2025-09-25 13:18:42,41.61,18000,41.62,D
sh603650,彤程新材,2025-09-25 13:18:45,41.61,9000,41.61,U
sh603650,彤程新材,2025-09-25 13:19:00,41.61,8400,41.6,U
sh603650,彤程新材,2025-09-25 13:19:03,41.6,5600,41.61,E
sh603650,彤程新材,2025-09-25 13:19:06,41.6,6200,41.6,U
sh603650,彤程新材,2025-09-25 13:19:12,41.62,5400,41.6,U
sh603650,彤程新材,2025-09-25 13:19:15,41.63,6400,41.62,U
sh603650,彤程新材,2025-09-25 13:19:18,41.61,13300,41.63,D
sh603650,彤程新材,2025-09-25 13:19:21,41.64,8300,41.61,U
sh603650,彤程新材,2025-09-25 13:19:24,41.62,6600,41.64,E
sh603650,彤程新材,2025-09-25 13:19:30,41.61,9700,41.61,D
sh603650,彤程新材,2025-09-25 13:19:51,41.67,8800,41.62,U
sh603650,彤程新材,2025-09-25 13:19:54,41.71,5600,41.67,U
sh603650,彤程新材,2025-09-25 13:20:00,41.69,16700,41.65,U
sh603650,彤程新材,2025-09-25 13:20:06,41.65,5800,41.67,E
sh603650,彤程新材,2025-09-25 13:20:12,41.7,5300,41.65,U
sh603650,彤程新材,2025-09-25 13:20:18,41.71,25700,41.7,U
sh603650,彤程新材,2025-09-25 13:20:21,41.82,14100,41.71,U
sh603650,彤程新材,2025-09-25 13:20:30,41.85,5200,41.82,U
sh603650,彤程新材,2025-09-25 13:20:45,41.92,12200,41.93,D
sh603650,彤程新材,2025-09-25 13:20:51,41.92,5200,41.92,U
sh603650,彤程新材,2025-09-25 13:20:57,41.91,5600,41.92,D
sh603650,彤程新材,2025-09-25 13:21:03,41.9,20500,41.91,D
sh603650,彤程新材,2025-09-25 13:21:09,41.91,8500,41.9,U
sh603650,彤程新材,2025-09-25 13:21:12,41.97,6800,41.91,U
sh603650,彤程新材,2025-09-25 13:21:24,42.0,29200,42.0,U
sh603650,彤程新材,2025-09-25 13:21:27,42.02,8800,42.0,U
sh603650,彤程新材,2025-09-25 13:21:33,42.02,6800,42.02,U
sh603650,彤程新材,2025-09-25 13:21:39,42.02,11300,42.02,D
sh603650,彤程新材,2025-09-25 13:21:42,42.06,13300,42.02,U
sh603650,彤程新材,2025-09-25 13:21:45,42.0,8300,42.06,D
sh603650,彤程新材,2025-09-25 13:21:48,42.0,5400,42.0,D
sh603650,彤程新材,2025-09-25 13:21:51,42.0,6900,42.0,D
sh603650,彤程新材,2025-09-25 13:22:00,42.02,8100,42.0,U
sh603650,彤程新材,2025-09-25 13:22:18,42.0,4900,42.0,U
sh603650,彤程新材,2025-09-25 13:22:30,41.91,8700,41.9,E
sh603650,彤程新材,2025-09-25 13:23:24,41.94,5200,41.94,U
sh603650,彤程新材,2025-09-25 13:23:30,41.95,6000,41.94,U
sh603650,彤程新材,2025-09-25 13:24:00,41.92,12900,41.96,D
sh603650,彤程新材,2025-09-25 13:24:03,41.95,22500,41.92,U
sh603650,彤程新材,2025-09-25 13:24:15,41.96,8800,41.92,U
sh603650,彤程新材,2025-09-25 13:24:18,41.99,12700,41.96,U
sh603650,彤程新材,2025-09-25 13:24:33,42.0,8400,41.96,U
sh603650,彤程新材,2025-09-25 13:24:36,42.01,24000,42.0,U
sh603650,彤程新材,2025-09-25 13:24:45,42.06,13600,42.04,U
sh603650,彤程新材,2025-09-25 13:24:51,42.06,7300,42.06,D
sh603650,彤程新材,2025-09-25 13:24:57,42.07,5400,42.07,U
sh603650,彤程新材,2025-09-25 13:25:09,41.98,33249,42.03,D
sh603650,彤程新材,2025-09-25 13:25:12,41.98,13100,41.98,U
sh603650,彤程新材,2025-09-25 13:25:15,41.91,6400,41.98,D
sh603650,彤程新材,2025-09-25 13:25:18,41.95,8700,41.91,E
sh603650,彤程新材,2025-09-25 13:25:21,41.95,6300,41.95,U
sh603650,彤程新材,2025-09-25 13:25:27,41.97,5100,41.96,U
sh603650,彤程新材,2025-09-25 13:25:36,41.96,10200,41.96,D
sh603650,彤程新材,2025-09-25 13:26:39,41.99,5700,41.93,U
sh603650,彤程新材,2025-09-25 13:26:51,41.98,7700,41.99,E
sh603650,彤程新材,2025-09-25 13:27:03,42.0,5600,41.99,U
sh603650,彤程新材,2025-09-25 13:27:12,42.0,4800,41.99,U
sh603650,彤程新材,2025-09-25 13:27:21,42.0,31300,41.99,U
sh603650,彤程新材,2025-09-25 13:27:39,42.01,9700,42.02,D
sh603650,彤程新材,2025-09-25 13:27:45,42.0,13200,42.01,D
sh603650,彤程新材,2025-09-25 13:27:48,41.95,17700,42.0,D
sh603650,彤程新材,2025-09-25 13:27:54,42.0,9800,42.0,U
sh603650,彤程新材,2025-09-25 13:28:09,41.96,6400,42.0,D
sh603650,彤程新材,2025-09-25 13:28:12,41.97,9900,41.96,E
sh603650,彤程新材,2025-09-25 13:28:21,41.97,4800,41.92,U
sh603650,彤程新材,2025-09-25 13:28:36,42.0,25000,41.96,U
sh603650,彤程新材,2025-09-25 13:28:45,42.0,16200,42.0,D
sh603650,彤程新材,2025-09-25 13:28:57,41.97,5900,42.0,D
sh603650,彤程新材,2025-09-25 13:29:33,42.0,13200,42.0,U
sh603650,彤程新材,2025-09-25 13:29:39,41.99,10000,42.0,D
sh603650,彤程新材,2025-09-25 13:29:54,42.0,11000,42.01,D
sh603650,彤程新材,2025-09-25 13:29:57,41.99,7100,42.0,D
sh603650,彤程新材,2025-09-25 13:30:03,41.97,11800,41.98,D
sh603650,彤程新材,2025-09-25 13:30:12,41.99,5700,41.99,U
sh603650,彤程新材,2025-09-25 13:30:21,42.0,13200,42.0,U
sh603650,彤程新材,2025-09-25 13:30:51,42.02,15900,42.0,U
sh603650,彤程新材,2025-09-25 13:30:54,42.02,6500,42.02,U
sh603650,彤程新材,2025-09-25 13:31:03,42.08,22200,42.05,U
sh603650,彤程新材,2025-09-25 13:31:06,42.1,15300,42.08,U
sh603650,彤程新材,2025-09-25 13:31:09,42.1,16200,42.1,U
sh603650,彤程新材,2025-09-25 13:31:12,42.09,5200,42.1,D
sh603650,彤程新材,2025-09-25 13:31:18,42.09,12100,42.1,E
sh603650,彤程新材,2025-09-25 13:31:39,42.07,6100,42.08,D
sh603650,彤程新材,2025-09-25 13:31:45,42.08,6700,42.08,U
sh603650,彤程新材,2025-09-25 13:31:48,42.1,24800,42.08,U
sh603650,彤程新材,2025-09-25 13:32:06,42.1,20600,42.12,D
sh603650,彤程新材,2025-09-25 13:32:15,41.98,32500,42.04,D
sh603650,彤程新材,2025-09-25 13:32:18,41.97,8600,41.98,D
sh603650,彤程新材,2025-09-25 13:32:21,41.98,18500,41.97,U
sh603650,彤程新材,2025-09-25 13:32:54,41.89,11800,41.95,D
sh603650,彤程新材,2025-09-25 13:32:57,41.89,13600,41.89,E
sh603650,彤程新材,2025-09-25 13:33:03,41.89,7000,41.89,U
sh603650,彤程新材,2025-09-25 13:33:06,41.89,4800,41.89,U
sh603650,彤程新材,2025-09-25 13:33:12,41.8,6700,41.85,D
sh603650,彤程新材,2025-09-25 13:33:24,41.84,11300,41.81,U
sh603650,彤程新材,2025-09-25 13:33:30,41.84,5400,41.84,D
sh603650,彤程新材,2025-09-25 13:33:33,41.81,6000,41.84,D
sh603650,彤程新材,2025-09-25 13:33:39,41.84,8600,41.81,U
sh603650,彤程新材,2025-09-25 13:33:45,41.84,6000,41.88,E
sh603650,彤程新材,2025-09-25 13:33:48,41.85,5800,41.84,U
sh603650,彤程新材,2025-09-25 13:33:54,41.84,6200,41.85,D
sh603650,彤程新材,2025-09-25 13:34:00,41.84,6300,41.84,D
sh603650,彤程新材,2025-09-25 13:34:09,41.88,11900,41.88,U
sh603650,彤程新材,2025-09-25 13:34:15,41.9,4900,41.9,U
sh603650,彤程新材,2025-09-25 13:34:33,41.99,4800,41.97,U
sh603650,彤程新材,2025-09-25 13:34:39,41.98,5100,41.97,D
sh603650,彤程新材,2025-09-25 13:34:42,42.0,5900,41.98,U
sh603650,彤程新材,2025-09-25 13:34:54,42.0,5200,41.93,U
sh603650,彤程新材,2025-09-25 13:34:57,42.0,12000,42.0,U
sh603650,彤程新材,2025-09-25 13:35:54,42.02,7700,42.0,U
sh603650,彤程新材,2025-09-25 13:36:03,42.0,6600,42.01,D
sh603650,彤程新材,2025-09-25 13:36:15,42.0,6900,42.0,D
sh603650,彤程新材,2025-09-25 13:36:21,41.97,7200,42.0,D
sh603650,彤程新材,2025-09-25 13:36:30,42.0,8400,41.98,U
sh603650,彤程新材,2025-09-25 13:36:48,41.99,5900,41.99,U
sh603650,彤程新材,2025-09-25 13:37:12,42.0,5300,42.02,D
sh603650,彤程新材,2025-09-25 13:37:42,42.0,22500,42.02,D
sh603650,彤程新材,2025-09-25 13:37:45,41.99,6600,42.0,D
sh603650,彤程新材,2025-09-25 13:37:51,41.99,6500,41.99,U
sh603650,彤程新材,2025-09-25 13:37:54,42.01,4800,41.99,U
sh603650,彤程新材,2025-09-25 13:38:06,42.0,11700,42.01,D
sh603650,彤程新材,2025-09-25 13:38:24,42.01,10200,42.01,U
sh603650,彤程新材,2025-09-25 13:38:27,42.02,20900,42.01,U
sh603650,彤程新材,2025-09-25 13:38:30,42.04,9500,42.02,U
sh603650,彤程新材,2025-09-25 13:38:39,42.05,19000,42.05,U
sh603650,彤程新材,2025-09-25 13:38:48,42.08,6600,42.08,U
sh603650,彤程新材,2025-09-25 13:39:03,42.1,7700,42.1,U
sh603650,彤程新材,2025-09-25 13:39:06,42.1,7200,42.1,U
sh603650,彤程新材,2025-09-25 13:39:09,42.11,4900,42.1,U
sh603650,彤程新材,2025-09-25 13:39:12,42.12,12900,42.11,U
sh603650,彤程新材,2025-09-25 13:39:21,42.14,10800,42.12,U
sh603650,彤程新材,2025-09-25 13:39:24,42.13,5700,42.14,D
sh603650,彤程新材,2025-09-25 13:39:27,42.12,22700,42.13,D
sh603650,彤程新材,2025-09-25 13:39:30,42.11,5500,42.12,E
sh603650,彤程新材,2025-09-25 13:39:33,42.1,4800,42.11,E
sh603650,彤程新材,2025-09-25 13:39:36,42.11,5400,42.1,U
sh603650,彤程新材,2025-09-25 13:39:42,42.12,4900,42.12,U
sh603650,彤程新材,2025-09-25 13:39:45,42.12,10100,42.12,U
sh603650,彤程新材,2025-09-25 13:39:57,42.13,9400,42.13,U
sh603650,彤程新材,2025-09-25 13:40:03,42.13,30200,42.13,D
sh603650,彤程新材,2025-09-25 13:40:06,42.12,14200,42.13,D
sh603650,彤程新材,2025-09-25 13:40:18,42.13,21400,42.14,D
sh603650,彤程新材,2025-09-25 13:40:30,42.16,14800,42.16,U
sh603650,彤程新材,2025-09-25 13:40:33,42.18,10900,42.16,U
sh603650,彤程新材,2025-09-25 13:40:39,42.18,16300,42.18,U
sh603650,彤程新材,2025-09-25 13:40:42,42.2,5500,42.18,U
sh603650,彤程新材,2025-09-25 13:40:45,42.19,10100,42.2,E
sh603650,彤程新材,2025-09-25 13:40:48,42.2,10800,42.19,U
sh603650,彤程新材,2025-09-25 13:40:51,42.2,20300,42.2,U
sh603650,彤程新材,2025-09-25 13:40:54,42.19,15000,42.2,D
sh603650,彤程新材,2025-09-25 13:40:57,42.2,6400,42.19,U
sh603650,彤程新材,2025-09-25 13:41:00,42.2,8900,42.2,U
sh603650,彤程新材,2025-09-25 13:41:06,42.2,20400,42.2,U
sh603650,彤程新材,2025-09-25 13:41:18,42.24,13000,42.23,U
sh603650,彤程新材,2025-09-25 13:41:24,42.25,10800,42.25,U
sh603650,彤程新材,2025-09-25 13:41:27,42.27,5300,42.25,U
sh603650,彤程新材,2025-09-25 13:41:33,42.28,15900,42.28,U
sh603650,彤程新材,2025-09-25 13:41:48,42.37,7300,42.34,U
sh603650,彤程新材,2025-09-25 13:41:51,42.38,9100,42.37,U
sh603650,彤程新材,2025-09-25 13:41:54,42.4,50200,42.38,U
sh603650,彤程新材,2025-09-25 13:41:57,42.4,12200,42.4,U
sh603650,彤程新材,2025-09-25 13:42:00,42.44,7500,42.4,U
sh603650,彤程新材,2025-09-25 13:42:03,42.42,7900,42.44,D
sh603650,彤程新材,2025-09-25 13:42:06,42.44,51800,42.42,E
sh603650,彤程新材,2025-09-25 13:42:09,42.39,157400,42.44,D
sh603650,彤程新材,2025-09-25 13:42:12,42.4,17000,42.39,U
sh603650,彤程新材,2025-09-25 13:42:15,42.42,11600,42.4,U
sh603650,彤程新材,2025-09-25 13:42:18,42.39,12900,42.42,D
sh603650,彤程新材,2025-09-25 13:42:21,42.31,43200,42.39,D
sh603650,彤程新材,2025-09-25 13:42:24,42.41,13300,42.31,U
sh603650,彤程新材,2025-09-25 13:42:27,42.41,7500,42.41,U
sh603650,彤程新材,2025-09-25 13:42:30,42.41,14000,42.41,U
sh603650,彤程新材,2025-09-25 13:42:33,42.39,22200,42.41,D
sh603650,彤程新材,2025-09-25 13:42:36,42.41,7500,42.39,D
sh603650,彤程新材,2025-09-25 13:42:39,42.45,12900,42.41,U
sh603650,彤程新材,2025-09-25 13:42:42,42.44,9200,42.45,E
sh603650,彤程新材,2025-09-25 13:42:45,42.45,5300,42.44,U
sh603650,彤程新材,2025-09-25 13:42:48,42.46,5900,42.45,U
sh603650,彤程新材,2025-09-25 13:42:51,42.47,4800,42.46,U
sh603650,彤程新材,2025-09-25 13:42:54,42.5,39500,42.47,U
sh603650,彤程新材,2025-09-25 13:42:57,42.5,7900,42.5,U
sh603650,彤程新材,2025-09-25 13:43:00,42.5,25500,42.5,U
sh603650,彤程新材,2025-09-25 13:43:03,42.5,17300,42.5,U
sh603650,彤程新材,2025-09-25 13:43:06,42.5,22000,42.5,U
sh603650,彤程新材,2025-09-25 13:43:09,42.5,34900,42.5,D
sh603650,彤程新材,2025-09-25 13:43:12,42.45,40000,42.5,D
sh603650,彤程新材,2025-09-25 13:43:15,42.39,14300,42.45,D
sh603650,彤程新材,2025-09-25 13:43:18,42.42,12000,42.39,E
sh603650,彤程新材,2025-09-25 13:43:21,42.44,6000,42.42,U
sh603650,彤程新材,2025-09-25 13:43:30,42.41,8500,42.42,D
sh603650,彤程新材,2025-09-25 13:43:33,42.4,15400,42.41,D
sh603650,彤程新材,2025-09-25 13:43:36,42.38,7300,42.4,D
sh603650,彤程新材,2025-09-25 13:43:39,42.38,7600,42.38,U
sh603650,彤程新材,2025-09-25 13:43:45,42.35,10300,42.35,D
sh603650,彤程新材,2025-09-25 13:43:51,42.35,7400,42.36,D
sh603650,彤程新材,2025-09-25 13:44:09,42.39,6100,42.38,U
sh603650,彤程新材,2025-09-25 13:44:24,42.4,15400,42.4,U
sh603650,彤程新材,2025-09-25 13:44:33,42.41,38600,42.4,U
sh603650,彤程新材,2025-09-25 13:44:36,42.42,16100,42.41,U
sh603650,彤程新材,2025-09-25 13:44:39,42.42,6800,42.42,U
sh603650,彤程新材,2025-09-25 13:44:42,42.42,6300,42.42,U
sh603650,彤程新材,2025-09-25 13:44:45,42.43,5100,42.42,U
sh603650,彤程新材,2025-09-25 13:44:51,42.42,30700,42.43,D
sh603650,彤程新材,2025-09-25 13:44:57,42.42,13300,42.41,U
sh603650,彤程新材,2025-09-25 13:45:00,42.33,89700,42.42,D
sh603650,彤程新材,2025-09-25 13:45:03,42.4,95500,42.33,U
sh603650,彤程新材,2025-09-25 13:45:06,42.36,29200,42.4,D
sh603650,彤程新材,2025-09-25 13:45:09,42.35,5400,42.36,E
sh603650,彤程新材,2025-09-25 13:45:12,42.34,6600,42.35,E
sh603650,彤程新材,2025-09-25 13:45:27,42.27,4900,42.25,E
sh603650,彤程新材,2025-09-25 13:45:33,42.21,5700,42.23,D
sh603650,彤程新材,2025-09-25 13:45:36,42.21,8700,42.21,D
sh603650,彤程新材,2025-09-25 13:45:54,42.23,11700,42.23,D
sh603650,彤程新材,2025-09-25 13:45:57,42.21,18300,42.23,D
sh603650,彤程新材,2025-09-25 13:46:06,42.23,10700,42.22,U
sh603650,彤程新材,2025-09-25 13:46:12,42.23,8000,42.22,U
sh603650,彤程新材,2025-09-25 13:46:18,42.24,11200,42.24,U
sh603650,彤程新材,2025-09-25 13:46:24,42.24,7100,42.25,D
sh603650,彤程新材,2025-09-25 13:46:42,42.27,9300,42.27,U
sh603650,彤程新材,2025-09-25 13:46:48,42.26,4900,42.27,D
sh603650,彤程新材,2025-09-25 13:46:51,42.27,6600,42.26,U
sh603650,彤程新材,2025-09-25 13:46:57,42.27,13300,42.27,U
sh603650,彤程新材,2025-09-25 13:47:30,42.41,21800,42.41,U
sh603650,彤程新材,2025-09-25 13:47:33,42.37,23200,42.41,D
sh603650,彤程新材,2025-09-25 13:47:36,42.35,12100,42.37,D
sh603650,彤程新材,2025-09-25 13:47:45,42.3,9100,42.39,D
sh603650,彤程新材,2025-09-25 13:47:48,42.31,27800,42.3,U
sh603650,彤程新材,2025-09-25 13:47:54,42.31,4900,42.29,U
sh603650,彤程新材,2025-09-25 13:47:57,42.31,11000,42.31,U
sh603650,彤程新材,2025-09-25 13:48:06,42.26,45100,42.3,D
sh603650,彤程新材,2025-09-25 13:48:09,42.26,28900,42.26,U
sh603650,彤程新材,2025-09-25 13:48:12,42.25,10700,42.26,E
sh603650,彤程新材,2025-09-25 13:48:24,42.12,15300,42.19,D
sh603650,彤程新材,2025-09-25 13:49:00,42.19,5400,42.19,D
sh603650,彤程新材,2025-09-25 13:49:09,42.19,8000,42.21,D
sh603650,彤程新材,2025-09-25 13:49:12,42.21,8600,42.19,U
sh603650,彤程新材,2025-09-25 13:49:21,42.17,6200,42.17,D
sh603650,彤程新材,2025-09-25 13:49:27,42.17,5600,42.17,D
sh603650,彤程新材,2025-09-25 13:49:39,42.16,5000,42.17,E
sh603650,彤程新材,2025-09-25 13:49:48,42.19,5000,42.17,E
sh603650,彤程新材,2025-09-25 13:49:51,42.2,22800,42.19,U
sh603650,彤程新材,2025-09-25 13:50:00,42.18,8500,42.2,D
sh603650,彤程新材,2025-09-25 13:50:06,42.15,15400,42.19,D
sh603650,彤程新材,2025-09-25 13:50:12,42.18,4900,42.18,D
sh603650,彤程新材,2025-09-25 13:50:21,42.1,27300,42.13,D
sh603650,彤程新材,2025-09-25 13:50:36,42.12,5000,42.11,U
sh603650,彤程新材,2025-09-25 13:50:51,42.12,5000,42.12,U
sh603650,彤程新材,2025-09-25 13:51:00,42.08,12400,42.11,D
sh603650,彤程新材,2025-09-25 13:51:03,42.03,9800,42.08,D
sh603650,彤程新材,2025-09-25 13:51:18,42.04,6500,42.04,E
sh603650,彤程新材,2025-09-25 13:51:33,42.02,7500,42.02,D
sh603650,彤程新材,2025-09-25 13:51:36,42.0,53400,42.02,D
sh603650,彤程新材,2025-09-25 13:51:42,42.01,6900,41.96,U
sh603650,彤程新材,2025-09-25 13:52:15,42.06,7500,42.01,U
sh603650,彤程新材,2025-09-25 13:52:21,42.02,5600,42.06,D
sh603650,彤程新材,2025-09-25 13:53:03,42.07,6600,42.07,U
sh603650,彤程新材,2025-09-25 13:53:09,42.11,5262,42.07,U
sh603650,彤程新材,2025-09-25 13:53:12,42.11,31500,42.11,U
sh603650,彤程新材,2025-09-25 13:53:54,42.13,8600,42.16,D
sh603650,彤程新材,2025-09-25 13:54:00,42.12,7500,42.14,D
sh603650,彤程新材,2025-09-25 13:54:03,42.12,8900,42.12,D
sh603650,彤程新材,2025-09-25 13:54:09,42.12,10700,42.12,U
sh603650,彤程新材,2025-09-25 13:54:21,42.13,7200,42.12,U
sh603650,彤程新材,2025-09-25 13:54:30,42.13,5200,42.13,D
sh603650,彤程新材,2025-09-25 13:54:36,42.06,30200,42.13,D
sh603650,彤程新材,2025-09-25 13:55:39,42.04,8700,42.06,D
sh603650,彤程新材,2025-09-25 13:56:00,42.02,5300,42.03,D
sh603650,彤程新材,2025-09-25 13:57:03,42.16,5600,42.14,E
sh603650,彤程新材,2025-09-25 13:57:18,42.15,9900,42.15,U
sh603650,彤程新材,2025-09-25 13:58:00,42.19,35300,42.2,D
sh603650,彤程新材,2025-09-25 13:58:03,42.19,7300,42.19,U
sh603650,彤程新材,2025-09-25 13:58:18,42.2,5400,42.19,U
sh603650,彤程新材,2025-09-25 13:59:42,42.18,14100,42.19,U
sh603650,彤程新材,2025-09-25 13:59:48,42.19,16700,42.2,D
sh603650,彤程新材,2025-09-25 13:59:57,42.21,11847,42.19,U
sh603650,彤程新材,2025-09-25 14:00:00,42.19,4900,42.21,D
sh603650,彤程新材,2025-09-25 14:00:06,42.2,8900,42.19,U
sh603650,彤程新材,2025-09-25 14:00:15,42.18,4900,42.19,D
sh603650,彤程新材,2025-09-25 14:01:00,42.2,16100,42.2,D
sh603650,彤程新材,2025-09-25 14:01:12,42.21,5600,42.2,U
sh603650,彤程新材,2025-09-25 14:01:21,42.16,18900,42.17,D
sh603650,彤程新材,2025-09-25 14:01:24,42.1,19600,42.16,D
sh603650,彤程新材,2025-09-25 14:01:54,42.06,12600,42.1,D
sh603650,彤程新材,2025-09-25 14:02:30,42.11,5200,42.08,U
sh603650,彤程新材,2025-09-25 14:02:57,42.1,5200,42.08,U
sh603650,彤程新材,2025-09-25 14:03:12,42.05,8800,42.06,D
sh603650,彤程新材,2025-09-25 14:03:30,42.04,8500,42.05,E
sh603650,彤程新材,2025-09-25 14:04:00,42.1,5400,42.1,U
sh603650,彤程新材,2025-09-25 14:04:15,42.11,31400,42.11,U
sh603650,彤程新材,2025-09-25 14:04:36,42.08,4900,42.08,U
sh603650,彤程新材,2025-09-25 14:04:54,42.04,16600,42.04,D
sh603650,彤程新材,2025-09-25 14:05:09,42.02,9600,42.04,D
sh603650,彤程新材,2025-09-25 14:05:12,42.02,11500,42.02,D
sh603650,彤程新材,2025-09-25 14:05:15,42.0,140100,42.02,D
sh603650,彤程新材,2025-09-25 14:05:18,41.92,123600,42.0,D
sh603650,彤程新材,2025-09-25 14:05:21,42.0,15300,41.92,U
sh603650,彤程新材,2025-09-25 14:05:24,42.01,34900,42.0,U
sh603650,彤程新材,2025-09-25 14:05:30,42.0,10900,42.0,D
sh603650,彤程新材,2025-09-25 14:05:33,42.0,19500,42.0,U
sh603650,彤程新材,2025-09-25 14:05:36,42.03,14600,42.0,U
sh603650,彤程新材,2025-09-25 14:05:51,42.03,12200,42.02,U
sh603650,彤程新材,2025-09-25 14:06:03,42.02,32800,42.02,U
sh603650,彤程新材,2025-09-25 14:06:12,42.04,5800,42.02,U
sh603650,彤程新材,2025-09-25 14:07:06,42.05,17200,42.03,U
sh603650,彤程新材,2025-09-25 14:07:21,42.05,9300,42.02,U
sh603650,彤程新材,2025-09-25 14:07:39,42.02,8300,42.05,D
sh603650,彤程新材,2025-09-25 14:07:42,42.04,11100,42.02,E
sh603650,彤程新材,2025-09-25 14:08:27,42.06,8300,42.07,D
sh603650,彤程新材,2025-09-25 14:08:45,42.06,6000,42.06,D
sh603650,彤程新材,2025-09-25 14:09:27,42.03,8700,42.03,U
sh603650,彤程新材,2025-09-25 14:09:30,42.0,12500,42.03,D
sh603650,彤程新材,2025-09-25 14:09:33,42.01,17700,42.0,U
sh603650,彤程新材,2025-09-25 14:09:42,41.98,7400,42.02,D
sh603650,彤程新材,2025-09-25 14:10:24,41.97,7200,41.99,D
sh603650,彤程新材,2025-09-25 14:10:30,42.0,7400,42.0,U
sh603650,彤程新材,2025-09-25 14:10:33,42.0,6300,42.0,U
sh603650,彤程新材,2025-09-25 14:10:36,42.01,6400,42.0,U
sh603650,彤程新材,2025-09-25 14:10:45,42.01,10200,42.03,D
sh603650,彤程新材,2025-09-25 14:10:54,42.01,15100,42.04,D
sh603650,彤程新材,2025-09-25 14:11:06,41.98,11100,42.01,D
sh603650,彤程新材,2025-09-25 14:11:09,42.03,10500,41.98,U
sh603650,彤程新材,2025-09-25 14:11:15,42.0,5000,42.0,E
sh603650,彤程新材,2025-09-25 14:11:18,42.01,14100,42.0,U
sh603650,彤程新材,2025-09-25 14:11:21,42.0,10600,42.01,D
sh603650,彤程新材,2025-09-25 14:11:24,41.98,6400,42.0,E
sh603650,彤程新材,2025-09-25 14:12:09,42.0,6900,42.0,U
sh603650,彤程新材,2025-09-25 14:12:12,42.0,27000,42.0,U
sh603650,彤程新材,2025-09-25 14:12:15,42.0,6500,42.0,U
sh603650,彤程新材,2025-09-25 14:12:18,42.01,24800,42.0,U
sh603650,彤程新材,2025-09-25 14:12:57,42.03,5500,42.02,U
sh603650,彤程新材,2025-09-25 14:13:03,42.01,14600,42.02,D
sh603650,彤程新材,2025-09-25 14:13:09,42.0,9300,42.0,D
sh603650,彤程新材,2025-09-25 14:13:36,42.0,14400,42.02,D
sh603650,彤程新材,2025-09-25 14:13:48,42.0,41900,42.01,D
sh603650,彤程新材,2025-09-25 14:14:36,41.94,4800,41.98,D
sh603650,彤程新材,2025-09-25 14:15:09,41.97,15200,41.95,U
sh603650,彤程新材,2025-09-25 14:15:12,41.99,5900,41.97,U
sh603650,彤程新材,2025-09-25 14:15:48,41.98,9900,41.98,D
sh603650,彤程新材,2025-09-25 14:16:00,42.0,5200,41.98,U
sh603650,彤程新材,2025-09-25 14:16:03,42.01,47500,42.0,U
sh603650,彤程新材,2025-09-25 14:16:06,42.05,21200,42.01,U
sh603650,彤程新材,2025-09-25 14:16:09,42.07,30300,42.05,U
sh603650,彤程新材,2025-09-25 14:16:15,42.1,11500,42.09,U
sh603650,彤程新材,2025-09-25 14:16:21,42.09,7100,42.05,U
sh603650,彤程新材,2025-09-25 14:16:24,42.09,5100,42.09,U
sh603650,彤程新材,2025-09-25 14:16:48,42.1,7000,42.08,U
sh603650,彤程新材,2025-09-25 14:16:57,42.11,5300,42.1,U
sh603650,彤程新材,2025-09-25 14:17:00,42.1,8400,42.11,D
sh603650,彤程新材,2025-09-25 14:17:09,42.08,17200,42.11,D
sh603650,彤程新材,2025-09-25 14:17:12,42.02,15200,42.08,D
sh603650,彤程新材,2025-09-25 14:17:18,42.04,8500,42.08,E
sh603650,彤程新材,2025-09-25 14:17:24,42.06,11200,42.01,U
sh603650,彤程新材,2025-09-25 14:17:39,42.0,7400,42.06,D
sh603650,彤程新材,2025-09-25 14:17:54,42.06,6200,42.05,U
sh603650,彤程新材,2025-09-25 14:18:30,42.03,5300,42.04,D
sh603650,彤程新材,2025-09-25 14:19:09,42.0,5500,42.01,D
sh603650,彤程新材,2025-09-25 14:19:45,42.02,4900,42.01,U
sh603650,彤程新材,2025-09-25 14:20:09,42.03,5500,42.03,U
sh603650,彤程新材,2025-09-25 14:21:45,42.04,13800,42.03,U
sh603650,彤程新材,2025-09-25 14:21:48,42.05,5100,42.04,U
sh603650,彤程新材,2025-09-25 14:22:21,42.05,5100,42.05,U
sh603650,彤程新材,2025-09-25 14:23:30,42.03,6400,42.04,D
sh603650,彤程新材,2025-09-25 14:24:03,42.05,11000,42.04,U
sh603650,彤程新材,2025-09-25 14:24:06,42.06,5300,42.05,U
sh603650,彤程新材,2025-09-25 14:24:15,42.08,10600,42.05,U
sh603650,彤程新材,2025-09-25 14:24:18,42.11,35966,42.08,U
sh603650,彤程新材,2025-09-25 14:24:27,42.12,5400,42.13,D
sh603650,彤程新材,2025-09-25 14:24:33,42.14,5400,42.14,D
sh603650,彤程新材,2025-09-25 14:24:36,42.14,5900,42.14,D
sh603650,彤程新材,2025-09-25 14:24:42,42.14,11100,42.13,U
sh603650,彤程新材,2025-09-25 14:25:06,42.19,8700,42.17,U
sh603650,彤程新材,2025-09-25 14:25:09,42.17,8200,42.19,D
sh603650,彤程新材,2025-09-25 14:25:15,42.2,14100,42.2,U
sh603650,彤程新材,2025-09-25 14:25:18,42.22,15000,42.2,U
sh603650,彤程新材,2025-09-25 14:25:21,42.26,8547,42.22,U
sh603650,彤程新材,2025-09-25 14:25:24,42.28,4900,42.26,U
sh603650,彤程新材,2025-09-25 14:25:39,42.3,13200,42.3,U
sh603650,彤程新材,2025-09-25 14:25:42,42.27,34700,42.3,D
sh603650,彤程新材,2025-09-25 14:25:45,42.3,5700,42.27,U
sh603650,彤程新材,2025-09-25 14:25:51,42.27,6600,42.3,D
sh603650,彤程新材,2025-09-25 14:25:54,42.3,13700,42.27,U
sh603650,彤程新材,2025-09-25 14:25:57,42.3,6100,42.3,D
sh603650,彤程新材,2025-09-25 14:26:09,42.32,14100,42.32,D
sh603650,彤程新材,2025-09-25 14:26:18,42.27,13500,42.27,U
sh603650,彤程新材,2025-09-25 14:26:21,42.26,23900,42.27,D
sh603650,彤程新材,2025-09-25 14:26:33,42.26,5800,42.26,U
sh603650,彤程新材,2025-09-25 14:26:36,42.26,8147,42.26,U
sh603650,彤程新材,2025-09-25 14:26:51,42.26,11700,42.25,U
sh603650,彤程新材,2025-09-25 14:26:57,42.2,5700,42.26,D
sh603650,彤程新材,2025-09-25 14:27:15,42.19,8000,42.19,U
sh603650,彤程新材,2025-09-25 14:28:00,42.18,13700,42.17,U
sh603650,彤程新材,2025-09-25 14:28:24,42.2,27400,42.18,U
sh603650,彤程新材,2025-09-25 14:28:39,42.2,11100,42.2,U
sh603650,彤程新材,2025-09-25 14:29:06,42.16,31200,42.2,D
sh603650,彤程新材,2025-09-25 14:29:09,42.15,17100,42.16,D
sh603650,彤程新材,2025-09-25 14:29:15,42.08,10400,42.15,D
sh603650,彤程新材,2025-09-25 14:29:45,42.1,4800,42.1,D
sh603650,彤程新材,2025-09-25 14:30:42,42.2,9800,42.2,U
sh603650,彤程新材,2025-09-25 14:31:12,42.24,5200,42.24,U
sh603650,彤程新材,2025-09-25 14:31:15,42.24,5000,42.24,D
sh603650,彤程新材,2025-09-25 14:31:30,42.2,13600,42.21,D
sh603650,彤程新材,2025-09-25 14:31:33,42.18,5700,42.2,D
sh603650,彤程新材,2025-09-25 14:32:00,42.18,5400,42.17,U
sh603650,彤程新材,2025-09-25 14:32:09,42.16,8800,42.17,D
sh603650,彤程新材,2025-09-25 14:32:15,42.13,13000,42.15,D
sh603650,彤程新材,2025-09-25 14:33:45,42.15,14500,42.16,D
sh603650,彤程新材,2025-09-25 14:33:57,42.11,8700,42.12,D
sh603650,彤程新材,2025-09-25 14:34:06,42.1,6500,42.1,D
sh603650,彤程新材,2025-09-25 14:34:09,42.11,11400,42.1,U
sh603650,彤程新材,2025-09-25 14:34:21,42.13,6200,42.13,D
sh603650,彤程新材,2025-09-25 14:34:45,42.16,5200,42.14,U
sh603650,彤程新材,2025-09-25 14:35:00,42.2,24100,42.15,U
sh603650,彤程新材,2025-09-25 14:35:36,42.17,12600,42.16,U
sh603650,彤程新材,2025-09-25 14:35:39,42.15,9500,42.17,D
sh603650,彤程新材,2025-09-25 14:35:48,42.15,7200,42.13,U
sh603650,彤程新材,2025-09-25 14:36:09,42.1,8700,42.12,D
sh603650,彤程新材,2025-09-25 14:36:12,42.1,13300,42.1,D
sh603650,彤程新材,2025-09-25 14:37:06,42.06,6800,42.06,D
sh603650,彤程新材,2025-09-25 14:37:09,42.06,5500,42.06,D
sh603650,彤程新材,2025-09-25 14:37:24,42.08,5800,42.06,U
sh603650,彤程新材,2025-09-25 14:37:30,42.06,6100,42.08,D
sh603650,彤程新材,2025-09-25 14:37:33,42.08,6499,42.06,U
sh603650,彤程新材,2025-09-25 14:37:39,42.12,13100,42.08,U
sh603650,彤程新材,2025-09-25 14:37:48,42.09,5000,42.09,D
sh603650,彤程新材,2025-09-25 14:38:42,42.1,6000,42.11,D
sh603650,彤程新材,2025-09-25 14:39:30,42.1,7900,42.11,D
sh603650,彤程新材,2025-09-25 14:39:48,42.1,5400,42.1,D
sh603650,彤程新材,2025-09-25 14:39:54,42.1,5100,42.1,D
sh603650,彤程新材,2025-09-25 14:40:27,42.09,5700,42.09,D
sh603650,彤程新材,2025-09-25 14:40:30,42.1,6000,42.09,U
sh603650,彤程新材,2025-09-25 14:41:30,42.08,13500,42.09,D
sh603650,彤程新材,2025-09-25 14:41:42,42.04,21100,42.06,D
sh603650,彤程新材,2025-09-25 14:41:45,42.05,8300,42.04,U
sh603650,彤程新材,2025-09-25 14:41:48,42.08,9300,42.05,U
sh603650,彤程新材,2025-09-25 14:41:51,42.08,24800,42.08,U
sh603650,彤程新材,2025-09-25 14:42:06,42.11,5400,42.11,U
sh603650,彤程新材,2025-09-25 14:42:45,42.1,11000,42.1,U
sh603650,彤程新材,2025-09-25 14:42:51,42.09,4900,42.1,D
sh603650,彤程新材,2025-09-25 14:43:09,42.08,8100,42.1,D
sh603650,彤程新材,2025-09-25 14:43:30,42.08,10900,42.1,D
sh603650,彤程新材,2025-09-25 14:43:48,42.07,9000,42.06,U
sh603650,彤程新材,2025-09-25 14:44:21,42.06,6900,42.06,D
sh603650,彤程新材,2025-09-25 14:44:33,42.08,11400,42.07,E
sh603650,彤程新材,2025-09-25 14:44:36,42.09,5300,42.08,U
sh603650,彤程新材,2025-09-25 14:44:54,42.07,5100,42.07,D
sh603650,彤程新材,2025-09-25 14:45:03,42.06,9100,42.08,D
sh603650,彤程新材,2025-09-25 14:45:09,42.1,23600,42.09,U
sh603650,彤程新材,2025-09-25 14:45:15,42.1,7900,42.1,U
sh603650,彤程新材,2025-09-25 14:45:21,42.1,30800,42.09,U
sh603650,彤程新材,2025-09-25 14:45:27,42.11,12400,42.1,U
sh603650,彤程新材,2025-09-25 14:45:33,42.11,12800,42.11,D
sh603650,彤程新材,2025-09-25 14:45:36,42.11,10500,42.11,U
sh603650,彤程新材,2025-09-25 14:45:39,42.11,6200,42.11,U
sh603650,彤程新材,2025-09-25 14:45:42,42.12,5600,42.11,U
sh603650,彤程新材,2025-09-25 14:45:45,42.12,18600,42.12,D
sh603650,彤程新材,2025-09-25 14:45:48,42.15,10800,42.12,U
sh603650,彤程新材,2025-09-25 14:45:57,42.14,6100,42.14,D
sh603650,彤程新材,2025-09-25 14:46:00,42.15,5500,42.14,U
sh603650,彤程新材,2025-09-25 14:46:03,42.15,23300,42.15,U
sh603650,彤程新材,2025-09-25 14:46:12,42.1,5400,42.12,D
sh603650,彤程新材,2025-09-25 14:46:15,42.11,13300,42.1,D
sh603650,彤程新材,2025-09-25 14:46:30,42.09,5900,42.08,E
sh603650,彤程新材,2025-09-25 14:46:42,42.08,5400,42.08,D
sh603650,彤程新材,2025-09-25 14:46:57,42.07,5100,42.08,D
sh603650,彤程新材,2025-09-25 14:47:03,42.1,7400,42.09,U
sh603650,彤程新材,2025-09-25 14:47:33,42.1,10600,42.1,U
sh603650,彤程新材,2025-09-25 14:47:54,42.08,7100,42.09,D
sh603650,彤程新材,2025-09-25 14:47:57,42.09,5600,42.08,U
sh603650,彤程新材,2025-09-25 14:48:00,42.1,8600,42.09,U
sh603650,彤程新材,2025-09-25 14:48:06,42.09,8300,42.09,D
sh603650,彤程新材,2025-09-25 14:48:09,42.08,20000,42.09,D
sh603650,彤程新材,2025-09-25 14:48:12,42.09,15500,42.08,U
sh603650,彤程新材,2025-09-25 14:48:18,42.09,12700,42.08,U
sh603650,彤程新材,2025-09-25 14:48:24,42.08,8000,42.07,U
sh603650,彤程新材,2025-09-25 14:48:36,42.07,25000,42.08,D
sh603650,彤程新材,2025-09-25 14:48:39,42.09,6300,42.07,U
sh603650,彤程新材,2025-09-25 14:48:45,42.08,9800,42.08,U
sh603650,彤程新材,2025-09-25 14:48:48,42.08,7100,42.08,D
sh603650,彤程新材,2025-09-25 14:48:54,42.09,10500,42.09,U
sh603650,彤程新材,2025-09-25 14:49:03,42.07,9700,42.06,U
sh603650,彤程新材,2025-09-25 14:49:12,42.06,13700,42.06,D
sh603650,彤程新材,2025-09-25 14:49:15,42.08,7800,42.06,U
sh603650,彤程新材,2025-09-25 14:49:21,42.07,6100,42.06,E
sh603650,彤程新材,2025-09-25 14:49:33,42.07,7200,42.07,D
sh603650,彤程新材,2025-09-25 14:49:36,42.08,23600,42.07,U
sh603650,彤程新材,2025-09-25 14:49:39,42.09,6800,42.08,U
sh603650,彤程新材,2025-09-25 14:49:54,42.09,5200,42.08,U
sh603650,彤程新材,2025-09-25 14:49:57,42.06,11100,42.09,D
sh603650,彤程新材,2025-09-25 14:50:00,42.08,8900,42.06,U
sh603650,彤程新材,2025-09-25 14:50:03,42.08,5300,42.08,U
sh603650,彤程新材,2025-09-25 14:50:09,42.07,16700,42.07,U
sh603650,彤程新材,2025-09-25 14:50:12,42.07,12000,42.07,U
sh603650,彤程新材,2025-09-25 14:50:24,42.05,13100,42.06,D
sh603650,彤程新材,2025-09-25 14:50:30,42.03,9100,42.04,D
sh603650,彤程新材,2025-09-25 14:50:36,42.08,21700,42.05,U
sh603650,彤程新材,2025-09-25 14:50:39,42.03,32100,42.08,D
sh603650,彤程新材,2025-09-25 14:50:45,42.09,129000,42.04,U
sh603650,彤程新材,2025-09-25 14:50:48,42.14,50700,42.09,U
sh603650,彤程新材,2025-09-25 14:50:51,42.14,10400,42.14,U
sh603650,彤程新材,2025-09-25 14:50:54,42.15,5200,42.14,U
sh603650,彤程新材,2025-09-25 14:51:00,42.17,26600,42.15,U
sh603650,彤程新材,2025-09-25 14:51:03,42.17,7700,42.17,U
sh603650,彤程新材,2025-09-25 14:51:09,42.15,22600,42.17,D
sh603650,彤程新材,2025-09-25 14:51:21,42.15,10700,42.16,D
sh603650,彤程新材,2025-09-25 14:51:30,42.16,8900,42.16,U
sh603650,彤程新材,2025-09-25 14:51:33,42.15,22000,42.16,D
sh603650,彤程新材,2025-09-25 14:51:51,42.14,5000,42.13,U
sh603650,彤程新材,2025-09-25 14:51:54,42.15,8800,42.14,U
sh603650,彤程新材,2025-09-25 14:52:00,42.15,7700,42.14,E
sh603650,彤程新材,2025-09-25 14:52:06,42.14,4900,42.14,E
sh603650,彤程新材,2025-09-25 14:52:12,42.16,8200,42.13,U
sh603650,彤程新材,2025-09-25 14:52:24,42.15,27700,42.14,U
sh603650,彤程新材,2025-09-25 14:52:27,42.16,6500,42.15,U
sh603650,彤程新材,2025-09-25 14:52:36,42.15,11700,42.15,U
sh603650,彤程新材,2025-09-25 14:52:39,42.16,5300,42.15,U
sh603650,彤程新材,2025-09-25 14:52:42,42.17,22200,42.16,U
sh603650,彤程新材,2025-09-25 14:52:45,42.18,9000,42.17,U
sh603650,彤程新材,2025-09-25 14:52:48,42.18,79700,42.18,U
sh603650,彤程新材,2025-09-25 14:52:51,42.22,16100,42.18,U
sh603650,彤程新材,2025-09-25 14:52:57,42.22,38800,42.24,D
sh603650,彤程新材,2025-09-25 14:53:03,42.27,6000,42.28,D
sh603650,彤程新材,2025-09-25 14:53:09,42.29,4900,42.29,U
sh603650,彤程新材,2025-09-25 14:53:12,42.3,6100,42.29,U
sh603650,彤程新材,2025-09-25 14:53:15,42.3,10100,42.3,U
sh603650,彤程新材,2025-09-25 14:53:18,42.3,16400,42.3,U
sh603650,彤程新材,2025-09-25 14:53:21,42.29,19600,42.3,D
sh603650,彤程新材,2025-09-25 14:53:24,42.29,8600,42.29,U
sh603650,彤程新材,2025-09-25 14:53:30,42.29,10900,42.29,U
sh603650,彤程新材,2025-09-25 14:53:39,42.26,7500,42.27,D
sh603650,彤程新材,2025-09-25 14:53:42,42.27,13800,42.26,U
sh603650,彤程新材,2025-09-25 14:53:45,42.27,8300,42.27,D
sh603650,彤程新材,2025-09-25 14:53:51,42.3,6400,42.29,U
sh603650,彤程新材,2025-09-25 14:53:54,42.28,4900,42.3,D
sh603650,彤程新材,2025-09-25 14:53:57,42.29,20900,42.28,D
sh603650,彤程新材,2025-09-25 14:54:00,42.29,9600,42.29,D
sh603650,彤程新材,2025-09-25 14:54:03,42.3,15700,42.29,U
sh603650,彤程新材,2025-09-25 14:54:09,42.27,22100,42.29,D
sh603650,彤程新材,2025-09-25 14:54:12,42.27,14000,42.27,U
sh603650,彤程新材,2025-09-25 14:54:15,42.27,10600,42.27,U
