symbol,name,ticktime,price,volume,prev_price,kind
sh603650,彤程新材,2025-10-14 09:25:01,47.82,458900,0.0,U
sh603650,彤程新材,2025-10-14 09:30:03,47.82,15200,47.5,U
sh603650,彤程新材,2025-10-14 09:30:06,47.7,27400,47.82,E
sh603650,彤程新材,2025-10-14 09:30:09,47.45,16300,47.7,E
sh603650,彤程新材,2025-10-14 09:30:12,47.7,56400,47.45,U
sh603650,彤程新材,2025-10-14 09:30:15,47.58,18800,47.7,U
sh603650,彤程新材,2025-10-14 09:30:18,47.65,30700,47.58,U
sh603650,彤程新材,2025-10-14 09:30:21,47.25,131400,47.65,E
sh603650,彤程新材,2025-10-14 09:30:24,47.44,24300,47.25,U
sh603650,彤程新材,2025-10-14 09:30:27,47.33,48200,47.44,U
sh603650,彤程新材,2025-10-14 09:30:30,47.05,23100,47.33,D
sh603650,彤程新材,2025-10-14 09:30:33,46.98,43700,47.05,D
sh603650,彤程新材,2025-10-14 09:30:36,47.03,25500,46.98,U
sh603650,彤程新材,2025-10-14 09:30:39,46.96,19200,47.03,D
sh603650,彤程新材,2025-10-14 09:30:42,47.08,11500,46.96,U
sh603650,彤程新材,2025-10-14 09:30:45,47.03,32200,47.08,E
sh603650,彤程新材,2025-10-14 09:30:48,46.99,41200,47.03,D
sh603650,彤程新材,2025-10-14 09:30:51,46.98,28100,46.99,D
sh603650,彤程新材,2025-10-14 09:30:54,46.6,44200,46.98,D
sh603650,彤程新材,2025-10-14 09:30:57,46.75,28200,46.6,E
sh603650,彤程新材,2025-10-14 09:31:00,46.7,16900,46.75,E
sh603650,彤程新材,2025-10-14 09:31:03,46.78,42200,46.7,U
sh603650,彤程新材,2025-10-14 09:31:06,46.82,28300,46.78,U
sh603650,彤程新材,2025-10-14 09:31:09,46.5,45400,46.82,D
sh603650,彤程新材,2025-10-14 09:31:12,46.8,43400,46.5,E
sh603650,彤程新材,2025-10-14 09:31:15,46.8,21800,46.8,U
sh603650,彤程新材,2025-10-14 09:31:18,46.6,17900,46.8,E
sh603650,彤程新材,2025-10-14 09:31:21,46.74,65700,46.6,U
sh603650,彤程新材,2025-10-14 09:31:24,46.75,43000,46.74,E
sh603650,彤程新材,2025-10-14 09:31:27,46.68,71500,46.75,D
sh603650,彤程新材,2025-10-14 09:31:30,46.7,29500,46.68,E
sh603650,彤程新材,2025-10-14 09:31:33,46.77,32100,46.7,E
sh603650,彤程新材,2025-10-14 09:31:36,46.91,68700,46.77,U
sh603650,彤程新材,2025-10-14 09:31:39,46.82,48400,46.91,D
sh603650,彤程新材,2025-10-14 09:31:42,46.67,24800,46.82,D
sh603650,彤程新材,2025-10-14 09:31:45,46.7,43900,46.67,U
sh603650,彤程新材,2025-10-14 09:31:48,46.68,33100,46.7,E
sh603650,彤程新材,2025-10-14 09:31:51,46.7,22400,46.68,U
sh603650,彤程新材,2025-10-14 09:31:54,46.82,45800,46.7,U
sh603650,彤程新材,2025-10-14 09:31:57,46.67,29300,46.82,D
sh603650,彤程新材,2025-10-14 09:32:00,46.67,48600,46.67,U
sh603650,彤程新材,2025-10-14 09:32:03,46.7,33500,46.67,U
sh603650,彤程新材,2025-10-14 09:32:06,46.67,80600,46.7,D
sh603650,彤程新材,2025-10-14 09:32:09,46.68,35900,46.67,U
sh603650,彤程新材,2025-10-14 09:32:12,46.66,38600,46.68,D
sh603650,彤程新材,2025-10-14 09:32:15,46.69,32300,46.66,U
sh603650,彤程新材,2025-10-14 09:32:18,46.65,16200,46.69,D
sh603650,彤程新材,2025-10-14 09:32:21,46.65,37300,46.65,U
sh603650,彤程新材,2025-10-14 09:32:24,46.6,31700,46.65,D
sh603650,彤程新材,2025-10-14 09:32:27,46.58,39700,46.6,D
sh603650,彤程新材,2025-10-14 09:32:30,46.59,16700,46.58,E
sh603650,彤程新材,2025-10-14 09:32:33,46.59,50000,46.59,U
sh603650,彤程新材,2025-10-14 09:32:36,46.53,4400,46.59,D
sh603650,彤程新材,2025-10-14 09:32:39,46.52,32400,46.53,D
sh603650,彤程新材,2025-10-14 09:32:42,46.5,33500,46.52,D
sh603650,彤程新材,2025-10-14 09:32:45,46.49,132600,46.5,D
sh603650,彤程新材,2025-10-14 09:32:48,46.44,32100,46.49,D
sh603650,彤程新材,2025-10-14 09:32:51,46.4,27700,46.44,D
sh603650,彤程新材,2025-10-14 09:32:54,46.38,26500,46.4,D
sh603650,彤程新材,2025-10-14 09:32:57,46.33,37900,46.38,D
sh603650,彤程新材,2025-10-14 09:33:00,46.32,13100,46.33,D
sh603650,彤程新材,2025-10-14 09:33:03,46.31,16300,46.32,D
sh603650,彤程新材,2025-10-14 09:33:06,46.3,40900,46.31,D
sh603650,彤程新材,2025-10-14 09:33:09,46.28,25800,46.3,D
sh603650,彤程新材,2025-10-14 09:33:12,46.22,29200,46.28,D
sh603650,彤程新材,2025-10-14 09:33:15,46.05,40366,46.22,D
sh603650,彤程新材,2025-10-14 09:33:18,46.05,127934,46.05,D
sh603650,彤程新材,2025-10-14 09:33:21,45.99,29900,46.05,D
sh603650,彤程新材,2025-10-14 09:33:24,45.93,16700,45.99,D
sh603650,彤程新材,2025-10-14 09:33:27,45.89,26500,45.93,D
sh603650,彤程新材,2025-10-14 09:33:30,45.89,60800,45.89,D
sh603650,彤程新材,2025-10-14 09:33:33,45.89,62000,45.89,U
sh603650,彤程新材,2025-10-14 09:33:36,45.99,94200,45.89,U
sh603650,彤程新材,2025-10-14 09:33:39,46.01,67600,45.99,U
sh603650,彤程新材,2025-10-14 09:33:42,45.97,44200,46.01,D
sh603650,彤程新材,2025-10-14 09:33:45,46.02,56200,45.97,U
sh603650,彤程新材,2025-10-14 09:33:48,46.02,35424,46.02,D
sh603650,彤程新材,2025-10-14 09:33:51,46.06,34600,46.02,U
sh603650,彤程新材,2025-10-14 09:33:54,46.06,26922,46.06,D
sh603650,彤程新材,2025-10-14 09:33:57,46.07,31600,46.06,U
sh603650,彤程新材,2025-10-14 09:34:00,46.16,22900,46.07,U
sh603650,彤程新材,2025-10-14 09:34:03,46.2,25500,46.16,U
sh603650,彤程新材,2025-10-14 09:34:06,46.22,19700,46.2,U
sh603650,彤程新材,2025-10-14 09:34:09,46.2,57300,46.22,D
sh603650,彤程新材,2025-10-14 09:34:12,46.25,19800,46.2,U
sh603650,彤程新材,2025-10-14 09:34:15,46.26,15700,46.25,E
sh603650,彤程新材,2025-10-14 09:34:18,46.31,41100,46.26,U
sh603650,彤程新材,2025-10-14 09:34:21,46.28,19600,46.31,D
sh603650,彤程新材,2025-10-14 09:34:24,46.29,75602,46.28,D
sh603650,彤程新材,2025-10-14 09:34:27,46.28,47098,46.29,D
sh603650,彤程新材,2025-10-14 09:34:30,46.16,126100,46.28,D
sh603650,彤程新材,2025-10-14 09:34:33,46.06,99100,46.16,D
sh603650,彤程新材,2025-10-14 09:34:36,46.03,69600,46.06,D
sh603650,彤程新材,2025-10-14 09:34:39,46.0,53300,46.03,D
sh603650,彤程新材,2025-10-14 09:34:42,46.0,34700,46.0,D
sh603650,彤程新材,2025-10-14 09:34:45,46.05,39800,46.0,U
sh603650,彤程新材,2025-10-14 09:34:48,46.01,55500,46.05,D
sh603650,彤程新材,2025-10-14 09:34:51,46.06,36966,46.01,E
sh603650,彤程新材,2025-10-14 09:34:54,46.06,28600,46.06,D
sh603650,彤程新材,2025-10-14 09:34:57,46.11,19200,46.06,E
sh603650,彤程新材,2025-10-14 09:35:00,46.14,13800,46.11,U
sh603650,彤程新材,2025-10-14 09:35:03,46.18,23100,46.14,U
sh603650,彤程新材,2025-10-14 09:35:06,46.25,40100,46.18,U
sh603650,彤程新材,2025-10-14 09:35:09,46.25,35300,46.25,D
sh603650,彤程新材,2025-10-14 09:35:12,46.31,45366,46.25,U
sh603650,彤程新材,2025-10-14 09:35:15,46.36,36300,46.31,U
sh603650,彤程新材,2025-10-14 09:35:18,46.42,41800,46.36,U
sh603650,彤程新材,2025-10-14 09:35:24,46.48,12200,46.42,U
sh603650,彤程新材,2025-10-14 09:35:27,46.46,28500,46.48,E
sh603650,彤程新材,2025-10-14 09:35:30,46.51,13400,46.46,U
sh603650,彤程新材,2025-10-14 09:35:33,46.48,21700,46.51,D
sh603650,彤程新材,2025-10-14 09:35:36,46.53,43100,46.48,D
sh603650,彤程新材,2025-10-14 09:35:39,46.52,18400,46.53,D
sh603650,彤程新材,2025-10-14 09:35:42,46.53,24300,46.52,U
sh603650,彤程新材,2025-10-14 09:35:45,46.53,40800,46.53,U
sh603650,彤程新材,2025-10-14 09:35:48,46.49,24700,46.53,E
sh603650,彤程新材,2025-10-14 09:35:51,46.58,67700,46.49,U
sh603650,彤程新材,2025-10-14 09:35:54,46.52,15100,46.58,D
sh603650,彤程新材,2025-10-14 09:35:57,46.48,16200,46.52,D
sh603650,彤程新材,2025-10-14 09:36:00,46.47,35000,46.48,D
sh603650,彤程新材,2025-10-14 09:36:03,46.44,49400,46.47,D
sh603650,彤程新材,2025-10-14 09:36:06,46.44,26000,46.44,U
sh603650,彤程新材,2025-10-14 09:36:09,46.42,26200,46.44,D
sh603650,彤程新材,2025-10-14 09:36:12,46.42,10200,46.42,U
sh603650,彤程新材,2025-10-14 09:36:15,46.4,29800,46.42,E
sh603650,彤程新材,2025-10-14 09:36:18,46.35,12400,46.4,D
sh603650,彤程新材,2025-10-14 09:36:21,46.32,23900,46.35,D
sh603650,彤程新材,2025-10-14 09:36:24,46.3,30500,46.32,D
sh603650,彤程新材,2025-10-14 09:36:27,46.3,22300,46.3,U
sh603650,彤程新材,2025-10-14 09:36:30,46.29,22400,46.3,D
sh603650,彤程新材,2025-10-14 09:36:33,46.29,15500,46.29,U
sh603650,彤程新材,2025-10-14 09:36:36,46.26,37900,46.29,D
sh603650,彤程新材,2025-10-14 09:36:39,46.28,19500,46.26,U
sh603650,彤程新材,2025-10-14 09:36:42,46.25,8000,46.28,D
sh603650,彤程新材,2025-10-14 09:36:45,46.25,6300,46.25,U
sh603650,彤程新材,2025-10-14 09:36:48,46.32,44600,46.25,U
sh603650,彤程新材,2025-10-14 09:36:51,46.38,46800,46.32,U
sh603650,彤程新材,2025-10-14 09:36:54,46.37,8100,46.38,D
sh603650,彤程新材,2025-10-14 09:36:57,46.37,7600,46.37,D
sh603650,彤程新材,2025-10-14 09:37:00,46.38,14600,46.37,U
sh603650,彤程新材,2025-10-14 09:37:03,46.35,16900,46.38,E
sh603650,彤程新材,2025-10-14 09:37:06,46.37,32100,46.35,U
sh603650,彤程新材,2025-10-14 09:37:09,46.37,10000,46.37,D
sh603650,彤程新材,2025-10-14 09:37:12,46.35,17300,46.37,D
sh603650,彤程新材,2025-10-14 09:37:15,46.35,13000,46.35,D
sh603650,彤程新材,2025-10-14 09:37:18,46.37,12500,46.35,U
sh603650,彤程新材,2025-10-14 09:37:21,46.35,4400,46.37,D
sh603650,彤程新材,2025-10-14 09:37:24,46.35,18500,46.35,D
sh603650,彤程新材,2025-10-14 09:37:27,46.32,43000,46.35,D
sh603650,彤程新材,2025-10-14 09:37:30,46.26,86200,46.32,D
sh603650,彤程新材,2025-10-14 09:37:33,46.22,60400,46.26,D
sh603650,彤程新材,2025-10-14 09:37:36,46.23,4500,46.22,U
sh603650,彤程新材,2025-10-14 09:37:39,46.2,9600,46.23,D
sh603650,彤程新材,2025-10-14 09:37:42,46.22,35100,46.2,E
sh603650,彤程新材,2025-10-14 09:37:45,46.2,43200,46.22,D
sh603650,彤程新材,2025-10-14 09:37:48,46.2,27300,46.2,D
sh603650,彤程新材,2025-10-14 09:37:51,46.2,19600,46.2,D
sh603650,彤程新材,2025-10-14 09:37:54,46.2,29600,46.2,U
sh603650,彤程新材,2025-10-14 09:37:57,46.2,14700,46.2,U
sh603650,彤程新材,2025-10-14 09:38:00,46.2,16800,46.2,D
sh603650,彤程新材,2025-10-14 09:38:03,46.2,22325,46.2,U
sh603650,彤程新材,2025-10-14 09:38:06,46.2,14400,46.2,D
sh603650,彤程新材,2025-10-14 09:38:09,46.19,27900,46.2,D
sh603650,彤程新材,2025-10-14 09:38:12,46.18,19300,46.19,D
sh603650,彤程新材,2025-10-14 09:38:15,46.19,13900,46.18,U
sh603650,彤程新材,2025-10-14 09:38:18,46.18,21400,46.19,D
sh603650,彤程新材,2025-10-14 09:38:21,46.22,23600,46.18,U
sh603650,彤程新材,2025-10-14 09:38:24,46.19,9500,46.22,D
sh603650,彤程新材,2025-10-14 09:38:27,46.18,8500,46.19,D
sh603650,彤程新材,2025-10-14 09:38:30,46.2,9100,46.18,D
sh603650,彤程新材,2025-10-14 09:38:33,46.2,14000,46.2,D
sh603650,彤程新材,2025-10-14 09:38:36,46.2,12600,46.2,U
sh603650,彤程新材,2025-10-14 09:38:39,46.2,11900,46.2,U
sh603650,彤程新材,2025-10-14 09:38:42,46.18,30300,46.2,D
sh603650,彤程新材,2025-10-14 09:38:45,46.17,10600,46.18,D
sh603650,彤程新材,2025-10-14 09:38:48,46.16,38800,46.17,D
sh603650,彤程新材,2025-10-14 09:38:51,46.16,19700,46.16,U
sh603650,彤程新材,2025-10-14 09:38:54,46.16,13100,46.16,U
sh603650,彤程新材,2025-10-14 09:38:57,46.13,10300,46.16,D
sh603650,彤程新材,2025-10-14 09:39:00,46.12,21200,46.13,D
sh603650,彤程新材,2025-10-14 09:39:03,46.09,38300,46.12,D
sh603650,彤程新材,2025-10-14 09:39:06,46.04,46500,46.09,D
sh603650,彤程新材,2025-10-14 09:39:09,46.03,50800,46.04,D
sh603650,彤程新材,2025-10-14 09:39:12,46.04,34500,46.03,U
sh603650,彤程新材,2025-10-14 09:39:15,46.02,62000,46.04,D
sh603650,彤程新材,2025-10-14 09:39:18,46.04,80100,46.02,U
sh603650,彤程新材,2025-10-14 09:39:21,46.09,35400,46.04,U
sh603650,彤程新材,2025-10-14 09:39:24,46.08,22800,46.09,U
sh603650,彤程新材,2025-10-14 09:39:27,46.09,31600,46.08,U
sh603650,彤程新材,2025-10-14 09:39:30,46.13,30700,46.09,U
sh603650,彤程新材,2025-10-14 09:39:33,46.13,19000,46.13,D
sh603650,彤程新材,2025-10-14 09:39:36,46.19,18500,46.13,U
sh603650,彤程新材,2025-10-14 09:39:39,46.22,21500,46.19,U
sh603650,彤程新材,2025-10-14 09:39:42,46.25,17100,46.22,U
sh603650,彤程新材,2025-10-14 09:39:45,46.28,19100,46.25,U
sh603650,彤程新材,2025-10-14 09:39:48,46.3,10200,46.28,U
sh603650,彤程新材,2025-10-14 09:39:51,46.35,29800,46.3,U
sh603650,彤程新材,2025-10-14 09:39:54,46.35,70800,46.35,D
sh603650,彤程新材,2025-10-14 09:39:57,46.25,42900,46.35,D
sh603650,彤程新材,2025-10-14 09:40:00,46.31,44600,46.25,U
sh603650,彤程新材,2025-10-14 09:40:03,46.31,16300,46.31,U
sh603650,彤程新材,2025-10-14 09:40:06,46.36,21700,46.31,U
sh603650,彤程新材,2025-10-14 09:40:09,46.33,5600,46.36,D
sh603650,彤程新材,2025-10-14 09:40:12,46.31,28900,46.33,D
sh603650,彤程新材,2025-10-14 09:40:15,46.35,4800,46.31,U
sh603650,彤程新材,2025-10-14 09:40:18,46.31,28000,46.35,D
sh603650,彤程新材,2025-10-14 09:40:21,46.35,8800,46.31,U
sh603650,彤程新材,2025-10-14 09:40:24,46.39,20600,46.35,U
sh603650,彤程新材,2025-10-14 09:40:27,46.41,5200,46.39,E
sh603650,彤程新材,2025-10-14 09:40:30,46.45,5500,46.41,U
sh603650,彤程新材,2025-10-14 09:40:33,46.49,9900,46.45,U
sh603650,彤程新材,2025-10-14 09:40:36,46.48,16400,46.49,D
sh603650,彤程新材,2025-10-14 09:40:39,46.48,54900,46.48,U
sh603650,彤程新材,2025-10-14 09:40:42,46.49,22000,46.48,U
sh603650,彤程新材,2025-10-14 09:40:45,46.49,10600,46.49,U
sh603650,彤程新材,2025-10-14 09:40:48,46.48,15800,46.49,E
sh603650,彤程新材,2025-10-14 09:40:51,46.49,35600,46.48,U
sh603650,彤程新材,2025-10-14 09:40:54,46.47,30300,46.49,D
sh603650,彤程新材,2025-10-14 09:40:57,46.47,26900,46.47,U
sh603650,彤程新材,2025-10-14 09:41:00,46.5,9400,46.47,U
sh603650,彤程新材,2025-10-14 09:41:03,46.48,14200,46.5,E
sh603650,彤程新材,2025-10-14 09:41:06,46.5,29200,46.48,U
sh603650,彤程新材,2025-10-14 09:41:09,46.5,11800,46.5,U
sh603650,彤程新材,2025-10-14 09:41:12,46.48,27600,46.5,D
sh603650,彤程新材,2025-10-14 09:41:15,46.5,27800,46.48,U
sh603650,彤程新材,2025-10-14 09:41:18,46.52,14500,46.5,U
sh603650,彤程新材,2025-10-14 09:41:21,46.52,22500,46.52,D
sh603650,彤程新材,2025-10-14 09:41:24,46.55,14400,46.52,U
sh603650,彤程新材,2025-10-14 09:41:27,46.57,11300,46.55,U
sh603650,彤程新材,2025-10-14 09:41:30,46.62,9100,46.57,U
sh603650,彤程新材,2025-10-14 09:41:33,46.61,13700,46.62,E
sh603650,彤程新材,2025-10-14 09:41:36,46.63,17200,46.61,U
sh603650,彤程新材,2025-10-14 09:41:39,46.64,20700,46.63,U
sh603650,彤程新材,2025-10-14 09:41:42,46.63,17300,46.64,D
sh603650,彤程新材,2025-10-14 09:41:45,46.62,35300,46.63,D
sh603650,彤程新材,2025-10-14 09:41:48,46.63,19800,46.62,U
sh603650,彤程新材,2025-10-14 09:41:51,46.58,21700,46.63,D
sh603650,彤程新材,2025-10-14 09:41:54,46.52,15500,46.58,D
sh603650,彤程新材,2025-10-14 09:41:57,46.61,16000,46.52,U
sh603650,彤程新材,2025-10-14 09:42:00,46.6,22100,46.61,D
sh603650,彤程新材,2025-10-14 09:42:03,46.58,29400,46.6,E
sh603650,彤程新材,2025-10-14 09:42:06,46.51,41700,46.58,D
sh603650,彤程新材,2025-10-14 09:42:09,46.53,11500,46.51,U
sh603650,彤程新材,2025-10-14 09:42:12,46.53,23600,46.53,D
sh603650,彤程新材,2025-10-14 09:42:15,46.55,9700,46.53,U
sh603650,彤程新材,2025-10-14 09:42:18,46.53,14500,46.55,E
sh603650,彤程新材,2025-10-14 09:42:21,46.4,57100,46.53,D
sh603650,彤程新材,2025-10-14 09:42:24,46.5,13200,46.4,U
sh603650,彤程新材,2025-10-14 09:42:27,46.5,6600,46.5,U
sh603650,彤程新材,2025-10-14 09:42:30,46.5,16200,46.5,U
sh603650,彤程新材,2025-10-14 09:42:33,46.49,31100,46.5,E
sh603650,彤程新材,2025-10-14 09:42:36,46.5,11500,46.49,U
sh603650,彤程新材,2025-10-14 09:42:39,46.49,12000,46.5,E
sh603650,彤程新材,2025-10-14 09:42:42,46.47,11000,46.49,U
sh603650,彤程新材,2025-10-14 09:42:45,46.4,7400,46.47,D
sh603650,彤程新材,2025-10-14 09:42:48,46.38,11700,46.4,D
sh603650,彤程新材,2025-10-14 09:42:51,46.37,9400,46.38,D
sh603650,彤程新材,2025-10-14 09:42:54,46.38,4400,46.37,U
sh603650,彤程新材,2025-10-14 09:42:57,46.35,10600,46.38,D
sh603650,彤程新材,2025-10-14 09:43:00,46.38,10000,46.35,U
sh603650,彤程新材,2025-10-14 09:43:03,46.37,24100,46.38,D
sh603650,彤程新材,2025-10-14 09:43:06,46.3,22300,46.37,D
sh603650,彤程新材,2025-10-14 09:43:09,46.39,7900,46.3,U
sh603650,彤程新材,2025-10-14 09:43:12,46.37,11000,46.39,D
sh603650,彤程新材,2025-10-14 09:43:15,46.41,8300,46.37,U
sh603650,彤程新材,2025-10-14 09:43:18,46.5,24600,46.41,U
sh603650,彤程新材,2025-10-14 09:43:21,46.53,12300,46.5,U
sh603650,彤程新材,2025-10-14 09:43:24,46.57,20500,46.53,U
sh603650,彤程新材,2025-10-14 09:43:27,46.58,21978,46.57,U
sh603650,彤程新材,2025-10-14 09:43:30,46.64,14300,46.58,U
sh603650,彤程新材,2025-10-14 09:43:33,46.65,18100,46.64,U
sh603650,彤程新材,2025-10-14 09:43:36,46.69,22100,46.65,U
sh603650,彤程新材,2025-10-14 09:43:39,46.73,21000,46.69,U
sh603650,彤程新材,2025-10-14 09:43:42,46.8,4900,46.73,U
sh603650,彤程新材,2025-10-14 09:43:45,46.8,9400,46.8,U
sh603650,彤程新材,2025-10-14 09:43:48,46.85,8900,46.8,U
sh603650,彤程新材,2025-10-14 09:43:51,46.88,5800,46.85,U
sh603650,彤程新材,2025-10-14 09:43:54,46.86,16500,46.88,D
sh603650,彤程新材,2025-10-14 09:43:57,46.9,21400,46.86,U
sh603650,彤程新材,2025-10-14 09:44:00,46.85,34800,46.9,D
sh603650,彤程新材,2025-10-14 09:44:03,46.86,22200,46.85,U
sh603650,彤程新材,2025-10-14 09:44:06,46.88,12700,46.86,U
sh603650,彤程新材,2025-10-14 09:44:09,46.89,25100,46.88,U
sh603650,彤程新材,2025-10-14 09:44:12,46.94,25600,46.89,U
sh603650,彤程新材,2025-10-14 09:44:15,46.95,32700,46.94,U
sh603650,彤程新材,2025-10-14 09:44:18,46.89,81100,46.95,D
sh603650,彤程新材,2025-10-14 09:44:21,46.84,51800,46.89,D
sh603650,彤程新材,2025-10-14 09:44:24,46.8,46400,46.84,D
sh603650,彤程新材,2025-10-14 09:44:27,46.8,18100,46.8,U
sh603650,彤程新材,2025-10-14 09:44:30,46.8,22100,46.8,U
sh603650,彤程新材,2025-10-14 09:44:33,46.8,13800,46.8,E
sh603650,彤程新材,2025-10-14 09:44:36,46.8,11200,46.8,D
sh603650,彤程新材,2025-10-14 09:44:39,46.83,17000,46.8,E
sh603650,彤程新材,2025-10-14 09:44:42,46.67,18200,46.83,D
sh603650,彤程新材,2025-10-14 09:44:45,46.8,28700,46.67,U
sh603650,彤程新材,2025-10-14 09:44:48,46.8,26000,46.8,U
sh603650,彤程新材,2025-10-14 09:44:51,46.82,59200,46.8,U
sh603650,彤程新材,2025-10-14 09:44:54,46.85,17900,46.82,U
sh603650,彤程新材,2025-10-14 09:44:57,46.89,13100,46.85,U
sh603650,彤程新材,2025-10-14 09:45:00,46.89,35300,46.89,D
sh603650,彤程新材,2025-10-14 09:45:03,46.93,23600,46.89,U
sh603650,彤程新材,2025-10-14 09:45:06,46.97,19600,46.93,U
sh603650,彤程新材,2025-10-14 09:45:09,46.96,22000,46.97,E
sh603650,彤程新材,2025-10-14 09:45:12,46.93,35100,46.96,D
sh603650,彤程新材,2025-10-14 09:45:15,46.92,24000,46.93,E
sh603650,彤程新材,2025-10-14 09:45:18,46.89,27600,46.92,E
sh603650,彤程新材,2025-10-14 09:45:21,46.85,60600,46.89,D
sh603650,彤程新材,2025-10-14 09:45:24,46.85,37000,46.85,D
sh603650,彤程新材,2025-10-14 09:45:27,46.91,15400,46.85,U
sh603650,彤程新材,2025-10-14 09:45:30,46.9,24600,46.91,D
sh603650,彤程新材,2025-10-14 09:45:33,46.9,14000,46.9,U
sh603650,彤程新材,2025-10-14 09:45:36,46.92,20100,46.9,E
sh603650,彤程新材,2025-10-14 09:45:39,46.9,34700,46.92,E
sh603650,彤程新材,2025-10-14 09:45:42,46.89,23200,46.9,E
sh603650,彤程新材,2025-10-14 09:45:45,46.8,46200,46.89,D
sh603650,彤程新材,2025-10-14 09:45:48,46.7,16700,46.8,D
sh603650,彤程新材,2025-10-14 09:45:51,46.7,28300,46.7,D
sh603650,彤程新材,2025-10-14 09:45:54,46.86,13800,46.7,U
sh603650,彤程新材,2025-10-14 09:45:57,46.8,11000,46.86,E
sh603650,彤程新材,2025-10-14 09:46:00,46.77,18600,46.8,D
sh603650,彤程新材,2025-10-14 09:46:03,46.68,4800,46.77,D
sh603650,彤程新材,2025-10-14 09:46:06,46.68,7900,46.68,U
sh603650,彤程新材,2025-10-14 09:46:09,46.68,6200,46.68,D
sh603650,彤程新材,2025-10-14 09:46:12,46.66,11300,46.68,D
sh603650,彤程新材,2025-10-14 09:46:15,46.65,12300,46.66,D
sh603650,彤程新材,2025-10-14 09:46:18,46.66,8400,46.65,U
sh603650,彤程新材,2025-10-14 09:46:21,46.61,19200,46.66,D
sh603650,彤程新材,2025-10-14 09:46:24,46.68,13400,46.61,U
sh603650,彤程新材,2025-10-14 09:46:27,46.6,11400,46.68,D
sh603650,彤程新材,2025-10-14 09:46:30,46.66,10000,46.6,U
sh603650,彤程新材,2025-10-14 09:46:33,46.65,14200,46.66,E
sh603650,彤程新材,2025-10-14 09:46:36,46.65,21200,46.65,D
sh603650,彤程新材,2025-10-14 09:46:39,46.66,10500,46.65,D
sh603650,彤程新材,2025-10-14 09:46:45,46.68,7300,46.65,U
sh603650,彤程新材,2025-10-14 09:46:48,46.65,12162,46.68,D
sh603650,彤程新材,2025-10-14 09:46:51,46.84,10700,46.65,U
sh603650,彤程新材,2025-10-14 09:46:54,46.68,5500,46.84,D
sh603650,彤程新材,2025-10-14 09:46:57,46.7,5300,46.68,U
sh603650,彤程新材,2025-10-14 09:47:00,46.72,5600,46.7,U
sh603650,彤程新材,2025-10-14 09:47:03,46.72,16800,46.72,U
sh603650,彤程新材,2025-10-14 09:47:06,46.78,5800,46.72,U
sh603650,彤程新材,2025-10-14 09:47:09,46.7,12100,46.78,D
sh603650,彤程新材,2025-10-14 09:47:12,46.72,5600,46.7,U
sh603650,彤程新材,2025-10-14 09:47:15,46.72,14100,46.72,U
sh603650,彤程新材,2025-10-14 09:47:18,46.7,4838,46.72,E
sh603650,彤程新材,2025-10-14 09:47:21,46.72,13300,46.7,U
sh603650,彤程新材,2025-10-14 09:47:27,46.72,8400,46.72,E
sh603650,彤程新材,2025-10-14 09:47:30,46.7,4700,46.72,D
sh603650,彤程新材,2025-10-14 09:47:33,46.7,9000,46.7,U
sh603650,彤程新材,2025-10-14 09:47:36,46.69,12500,46.7,E
sh603650,彤程新材,2025-10-14 09:47:42,46.65,21062,46.67,D
sh603650,彤程新材,2025-10-14 09:47:45,46.61,23400,46.65,E
sh603650,彤程新材,2025-10-14 09:47:51,46.57,9600,46.59,D
sh603650,彤程新材,2025-10-14 09:47:57,46.54,10622,46.57,D
sh603650,彤程新材,2025-10-14 09:48:00,46.55,7400,46.54,U
sh603650,彤程新材,2025-10-14 09:48:03,46.56,10600,46.55,U
sh603650,彤程新材,2025-10-14 09:48:09,46.55,7400,46.55,D
sh603650,彤程新材,2025-10-14 09:48:12,46.56,10600,46.55,U
sh603650,彤程新材,2025-10-14 09:48:15,46.55,9400,46.56,D
sh603650,彤程新材,2025-10-14 09:48:21,46.53,7500,46.55,D
sh603650,彤程新材,2025-10-14 09:48:24,46.54,12600,46.53,U
sh603650,彤程新材,2025-10-14 09:48:27,46.51,8900,46.54,D
sh603650,彤程新材,2025-10-14 09:48:30,46.5,5100,46.51,D
sh603650,彤程新材,2025-10-14 09:48:33,46.5,8400,46.5,D
sh603650,彤程新材,2025-10-14 09:48:36,46.51,7900,46.5,E
sh603650,彤程新材,2025-10-14 09:48:39,46.53,6700,46.51,U
sh603650,彤程新材,2025-10-14 09:48:42,46.52,11100,46.53,D
sh603650,彤程新材,2025-10-14 09:48:45,46.53,5200,46.52,U
sh603650,彤程新材,2025-10-14 09:48:48,46.5,34500,46.53,D
sh603650,彤程新材,2025-10-14 09:48:51,46.51,6500,46.5,U
sh603650,彤程新材,2025-10-14 09:48:54,46.51,11700,46.51,U
sh603650,彤程新材,2025-10-14 09:48:57,46.51,4400,46.51,U
sh603650,彤程新材,2025-10-14 09:49:00,46.52,22500,46.51,U
sh603650,彤程新材,2025-10-14 09:49:03,46.55,16000,46.52,U
sh603650,彤程新材,2025-10-14 09:49:06,46.52,12600,46.55,D
sh603650,彤程新材,2025-10-14 09:49:09,46.49,18800,46.52,D
sh603650,彤程新材,2025-10-14 09:49:12,46.46,34300,46.49,D
sh603650,彤程新材,2025-10-14 09:49:18,46.4,42800,46.48,D
sh603650,彤程新材,2025-10-14 09:49:21,46.3,75500,46.4,D
sh603650,彤程新材,2025-10-14 09:49:24,46.25,17800,46.3,D
sh603650,彤程新材,2025-10-14 09:49:27,46.25,7400,46.25,D
sh603650,彤程新材,2025-10-14 09:49:30,46.25,36000,46.25,U
sh603650,彤程新材,2025-10-14 09:49:33,46.25,5600,46.25,U
sh603650,彤程新材,2025-10-14 09:49:36,46.25,15100,46.25,U
sh603650,彤程新材,2025-10-14 09:49:39,46.25,23400,46.25,D
sh603650,彤程新材,2025-10-14 09:49:42,46.23,9500,46.25,D
sh603650,彤程新材,2025-10-14 09:49:45,46.23,20300,46.23,D
sh603650,彤程新材,2025-10-14 09:49:48,46.23,16800,46.23,U
sh603650,彤程新材,2025-10-14 09:49:51,46.25,44600,46.23,U
sh603650,彤程新材,2025-10-14 09:49:54,46.25,7000,46.25,D
sh603650,彤程新材,2025-10-14 09:49:57,46.23,14100,46.25,D
sh603650,彤程新材,2025-10-14 09:50:00,46.24,9000,46.23,E
sh603650,彤程新材,2025-10-14 09:50:03,46.25,18800,46.24,E
sh603650,彤程新材,2025-10-14 09:50:06,46.3,6000,46.25,U
sh603650,彤程新材,2025-10-14 09:50:09,46.3,9600,46.3,D
sh603650,彤程新材,2025-10-14 09:50:15,46.31,7100,46.31,D
sh603650,彤程新材,2025-10-14 09:50:18,46.32,27900,46.31,U
sh603650,彤程新材,2025-10-14 09:50:21,46.46,7200,46.32,U
sh603650,彤程新材,2025-10-14 09:50:24,46.38,5000,46.46,D
sh603650,彤程新材,2025-10-14 09:50:27,46.33,5800,46.38,D
sh603650,彤程新材,2025-10-14 09:50:30,46.38,14700,46.33,E
sh603650,彤程新材,2025-10-14 09:50:36,46.44,6500,46.45,U
sh603650,彤程新材,2025-10-14 09:50:39,46.44,6500,46.44,U
sh603650,彤程新材,2025-10-14 09:50:42,46.44,21000,46.44,U
sh603650,彤程新材,2025-10-14 09:50:45,46.45,4900,46.44,U
sh603650,彤程新材,2025-10-14 09:50:48,46.44,8000,46.45,D
sh603650,彤程新材,2025-10-14 09:50:51,46.43,5600,46.44,E
sh603650,彤程新材,2025-10-14 09:50:54,46.4,5700,46.43,E
sh603650,彤程新材,2025-10-14 09:50:57,46.44,9200,46.4,U
sh603650,彤程新材,2025-10-14 09:51:00,46.45,5400,46.44,U
sh603650,彤程新材,2025-10-14 09:51:03,46.45,18700,46.45,U
sh603650,彤程新材,2025-10-14 09:51:09,46.47,6500,46.45,U
sh603650,彤程新材,2025-10-14 09:51:12,46.46,6700,46.47,D
sh603650,彤程新材,2025-10-14 09:51:15,46.46,8100,46.46,D
sh603650,彤程新材,2025-10-14 09:51:21,46.47,6700,46.47,D
sh603650,彤程新材,2025-10-14 09:51:27,46.47,9900,46.47,U
sh603650,彤程新材,2025-10-14 09:51:30,46.47,7700,46.47,D
sh603650,彤程新材,2025-10-14 09:51:33,46.47,10300,46.47,D
sh603650,彤程新材,2025-10-14 09:51:36,46.46,16500,46.47,D
sh603650,彤程新材,2025-10-14 09:51:39,46.42,4400,46.46,D
sh603650,彤程新材,2025-10-14 09:51:42,46.4,7600,46.42,D
sh603650,彤程新材,2025-10-14 09:51:48,46.4,13200,46.4,U
sh603650,彤程新材,2025-10-14 09:51:54,46.38,6600,46.39,D
sh603650,彤程新材,2025-10-14 09:52:00,46.38,6000,46.38,U
sh603650,彤程新材,2025-10-14 09:52:03,46.35,6400,46.38,D
sh603650,彤程新材,2025-10-14 09:52:06,46.34,19300,46.35,D
sh603650,彤程新材,2025-10-14 09:52:12,46.33,18700,46.35,D
sh603650,彤程新材,2025-10-14 09:52:15,46.33,9500,46.33,D
sh603650,彤程新材,2025-10-14 09:52:18,46.32,8800,46.33,D
sh603650,彤程新材,2025-10-14 09:52:21,46.31,8300,46.32,D
sh603650,彤程新材,2025-10-14 09:52:27,46.3,58800,46.32,D
sh603650,彤程新材,2025-10-14 09:52:30,46.3,5800,46.3,U
sh603650,彤程新材,2025-10-14 09:52:33,46.28,4900,46.3,D
sh603650,彤程新材,2025-10-14 09:52:36,46.29,6700,46.28,E
sh603650,彤程新材,2025-10-14 09:52:39,46.28,6700,46.29,U
sh603650,彤程新材,2025-10-14 09:52:42,46.28,4400,46.28,U
sh603650,彤程新材,2025-10-14 09:52:45,46.28,4700,46.28,D
sh603650,彤程新材,2025-10-14 09:52:48,46.3,6400,46.28,U
sh603650,彤程新材,2025-10-14 09:52:54,46.29,5400,46.28,E
sh603650,彤程新材,2025-10-14 09:52:57,46.3,8900,46.29,U
sh603650,彤程新材,2025-10-14 09:53:00,46.3,13400,46.3,D
sh603650,彤程新材,2025-10-14 09:53:03,46.3,6600,46.3,U
sh603650,彤程新材,2025-10-14 09:53:06,46.3,13300,46.3,D
sh603650,彤程新材,2025-10-14 09:53:09,46.31,18800,46.3,U
sh603650,彤程新材,2025-10-14 09:53:12,46.31,20600,46.31,E
sh603650,彤程新材,2025-10-14 09:53:18,46.29,6900,46.29,U
sh603650,彤程新材,2025-10-14 09:53:24,46.3,10100,46.29,U
sh603650,彤程新材,2025-10-14 09:53:27,46.34,7200,46.3,U
sh603650,彤程新材,2025-10-14 09:53:42,46.33,6800,46.34,D
sh603650,彤程新材,2025-10-14 09:53:45,46.35,8400,46.33,U
sh603650,彤程新材,2025-10-14 09:53:48,46.33,12800,46.35,D
sh603650,彤程新材,2025-10-14 09:53:51,46.36,5300,46.33,E
sh603650,彤程新材,2025-10-14 09:53:54,46.31,14900,46.36,D
sh603650,彤程新材,2025-10-14 09:53:57,46.31,7400,46.31,D
sh603650,彤程新材,2025-10-14 09:54:00,46.31,62200,46.31,U
sh603650,彤程新材,2025-10-14 09:54:03,46.28,15600,46.31,D
sh603650,彤程新材,2025-10-14 09:54:06,46.31,9200,46.28,U
sh603650,彤程新材,2025-10-14 09:54:09,46.25,67700,46.31,D
sh603650,彤程新材,2025-10-14 09:54:12,46.21,74500,46.25,D
sh603650,彤程新材,2025-10-14 09:54:15,46.23,5600,46.21,U
sh603650,彤程新材,2025-10-14 09:54:18,46.2,19100,46.23,D
sh603650,彤程新材,2025-10-14 09:54:21,46.2,6000,46.2,U
sh603650,彤程新材,2025-10-14 09:54:24,46.19,8900,46.2,D
sh603650,彤程新材,2025-10-14 09:54:27,46.16,4900,46.19,D
sh603650,彤程新材,2025-10-14 09:54:30,46.15,8600,46.16,D
sh603650,彤程新材,2025-10-14 09:54:33,46.15,8200,46.15,D
sh603650,彤程新材,2025-10-14 09:54:39,46.13,36400,46.13,D
sh603650,彤程新材,2025-10-14 09:54:42,46.13,7300,46.13,D
sh603650,彤程新材,2025-10-14 09:54:45,46.12,12700,46.13,D
sh603650,彤程新材,2025-10-14 09:54:48,46.12,7900,46.12,D
sh603650,彤程新材,2025-10-14 09:54:51,46.14,15700,46.12,U
sh603650,彤程新材,2025-10-14 09:54:54,46.1,14200,46.14,D
sh603650,彤程新材,2025-10-14 09:54:57,46.11,10300,46.1,E
sh603650,彤程新材,2025-10-14 09:55:00,46.13,13900,46.11,U
sh603650,彤程新材,2025-10-14 09:55:03,46.15,8100,46.13,U
sh603650,彤程新材,2025-10-14 09:55:06,46.11,16300,46.15,D
sh603650,彤程新材,2025-10-14 09:55:09,46.13,10600,46.11,U
sh603650,彤程新材,2025-10-14 09:55:12,46.11,7600,46.13,D
sh603650,彤程新材,2025-10-14 09:55:15,46.12,16400,46.11,D
sh603650,彤程新材,2025-10-14 09:55:18,46.12,15900,46.12,U
sh603650,彤程新材,2025-10-14 09:55:21,46.12,9000,46.12,U
sh603650,彤程新材,2025-10-14 09:55:24,46.13,25400,46.12,E
sh603650,彤程新材,2025-10-14 09:55:30,46.15,13900,46.13,U
sh603650,彤程新材,2025-10-14 09:55:39,46.17,5200,46.18,D
sh603650,彤程新材,2025-10-14 09:55:42,46.19,8300,46.17,D
sh603650,彤程新材,2025-10-14 09:55:45,46.2,5300,46.19,D
sh603650,彤程新材,2025-10-14 09:55:48,46.3,10000,46.2,U
sh603650,彤程新材,2025-10-14 09:55:54,46.32,6900,46.3,U
sh603650,彤程新材,2025-10-14 09:55:57,46.31,7900,46.32,D
sh603650,彤程新材,2025-10-14 09:56:00,46.31,19500,46.31,D
sh603650,彤程新材,2025-10-14 09:56:06,46.2,11600,46.2,U
sh603650,彤程新材,2025-10-14 09:56:15,46.2,17500,46.19,U
sh603650,彤程新材,2025-10-14 09:56:18,46.2,8600,46.2,U
sh603650,彤程新材,2025-10-14 09:56:21,46.17,10200,46.2,D
sh603650,彤程新材,2025-10-14 09:56:24,46.2,8300,46.17,U
sh603650,彤程新材,2025-10-14 09:56:27,46.18,6500,46.2,E
sh603650,彤程新材,2025-10-14 09:56:30,46.18,8500,46.18,D
sh603650,彤程新材,2025-10-14 09:56:33,46.18,12500,46.18,D
sh603650,彤程新材,2025-10-14 09:56:36,46.16,10000,46.18,D
sh603650,彤程新材,2025-10-14 09:56:42,46.15,7100,46.16,D
sh603650,彤程新材,2025-10-14 09:56:45,46.17,19200,46.15,U
sh603650,彤程新材,2025-10-14 09:56:48,46.2,6900,46.17,U
sh603650,彤程新材,2025-10-14 09:56:51,46.17,11600,46.2,D
sh603650,彤程新材,2025-10-14 09:57:00,46.16,8300,46.17,D
sh603650,彤程新材,2025-10-14 09:57:06,46.16,11500,46.18,D
sh603650,彤程新材,2025-10-14 09:57:09,46.17,12100,46.16,D
sh603650,彤程新材,2025-10-14 09:57:12,46.16,12800,46.17,D
sh603650,彤程新材,2025-10-14 09:57:21,46.17,7100,46.18,D
sh603650,彤程新材,2025-10-14 09:57:27,46.17,5100,46.18,D
sh603650,彤程新材,2025-10-14 09:57:30,46.19,15100,46.17,U
sh603650,彤程新材,2025-10-14 09:57:33,46.18,10600,46.19,D
sh603650,彤程新材,2025-10-14 09:57:36,46.18,4400,46.18,U
sh603650,彤程新材,2025-10-14 09:57:39,46.18,7200,46.18,U
sh603650,彤程新材,2025-10-14 09:57:45,46.17,12500,46.17,D
sh603650,彤程新材,2025-10-14 09:57:48,46.16,7300,46.17,D
sh603650,彤程新材,2025-10-14 09:57:51,46.17,12000,46.16,U
sh603650,彤程新材,2025-10-14 09:58:00,46.17,8900,46.17,U
sh603650,彤程新材,2025-10-14 09:58:03,46.16,10800,46.17,E
sh603650,彤程新材,2025-10-14 09:58:06,46.17,6100,46.16,U
sh603650,彤程新材,2025-10-14 09:58:09,46.16,6700,46.17,D
sh603650,彤程新材,2025-10-14 09:58:12,46.17,8600,46.16,U
sh603650,彤程新材,2025-10-14 09:58:15,46.16,10300,46.17,E
sh603650,彤程新材,2025-10-14 09:58:18,46.16,5600,46.16,U
sh603650,彤程新材,2025-10-14 09:58:21,46.16,9000,46.16,U
sh603650,彤程新材,2025-10-14 09:58:24,46.15,12700,46.16,D
sh603650,彤程新材,2025-10-14 09:58:30,46.16,9800,46.15,U
sh603650,彤程新材,2025-10-14 09:58:45,46.15,4600,46.15,U
sh603650,彤程新材,2025-10-14 09:58:48,46.16,6700,46.15,U
sh603650,彤程新材,2025-10-14 09:58:54,46.14,6800,46.15,D
sh603650,彤程新材,2025-10-14 09:59:00,46.16,10600,46.14,U
sh603650,彤程新材,2025-10-14 09:59:03,46.16,10400,46.16,U
sh603650,彤程新材,2025-10-14 09:59:06,46.16,29300,46.16,U
sh603650,彤程新材,2025-10-14 09:59:09,46.17,16100,46.16,U
sh603650,彤程新材,2025-10-14 09:59:12,46.17,4400,46.17,U
sh603650,彤程新材,2025-10-14 09:59:15,46.2,40000,46.17,U
sh603650,彤程新材,2025-10-14 09:59:33,46.31,9800,46.27,U
sh603650,彤程新材,2025-10-14 09:59:36,46.33,5200,46.31,U
sh603650,彤程新材,2025-10-14 09:59:42,46.38,5000,46.32,U
sh603650,彤程新材,2025-10-14 09:59:51,46.37,8400,46.42,D
sh603650,彤程新材,2025-10-14 10:00:00,46.4,8600,46.37,U
sh603650,彤程新材,2025-10-14 10:00:03,46.38,6100,46.4,U
sh603650,彤程新材,2025-10-14 10:00:06,46.37,9400,46.38,D
sh603650,彤程新材,2025-10-14 10:00:09,46.33,7500,46.37,D
sh603650,彤程新材,2025-10-14 10:00:12,46.33,9100,46.33,D
sh603650,彤程新材,2025-10-14 10:00:18,46.39,11700,46.36,U
sh603650,彤程新材,2025-10-14 10:00:21,46.39,7300,46.39,D
sh603650,彤程新材,2025-10-14 10:00:24,46.39,8000,46.39,D
sh603650,彤程新材,2025-10-14 10:00:27,46.36,10100,46.39,D
sh603650,彤程新材,2025-10-14 10:00:39,46.39,7800,46.42,D
sh603650,彤程新材,2025-10-14 10:00:45,46.38,5000,46.42,D
sh603650,彤程新材,2025-10-14 10:00:48,46.4,5700,46.38,U
sh603650,彤程新材,2025-10-14 10:00:51,46.43,6500,46.4,U
sh603650,彤程新材,2025-10-14 10:00:54,46.43,4800,46.43,D
sh603650,彤程新材,2025-10-14 10:00:57,46.46,8300,46.43,U
sh603650,彤程新材,2025-10-14 10:01:00,46.43,5400,46.46,D
sh603650,彤程新材,2025-10-14 10:01:06,46.37,8700,46.4,D
sh603650,彤程新材,2025-10-14 10:01:09,46.33,32900,46.37,D
sh603650,彤程新材,2025-10-14 10:01:12,46.36,15200,46.33,U
sh603650,彤程新材,2025-10-14 10:01:15,46.41,12900,46.36,U
sh603650,彤程新材,2025-10-14 10:01:18,46.3,5700,46.41,D
sh603650,彤程新材,2025-10-14 10:01:21,46.36,4800,46.3,E
sh603650,彤程新材,2025-10-14 10:01:30,46.36,9700,46.33,U
sh603650,彤程新材,2025-10-14 10:01:33,46.37,12000,46.36,U
sh603650,彤程新材,2025-10-14 10:01:42,46.36,6100,46.35,U
sh603650,彤程新材,2025-10-14 10:01:45,46.35,4600,46.36,U
sh603650,彤程新材,2025-10-14 10:01:51,46.32,8200,46.35,D
sh603650,彤程新材,2025-10-14 10:01:57,46.3,12600,46.31,D
sh603650,彤程新材,2025-10-14 10:02:00,46.3,5300,46.3,U
sh603650,彤程新材,2025-10-14 10:02:03,46.28,4800,46.3,D
sh603650,彤程新材,2025-10-14 10:02:06,46.29,7700,46.28,U
sh603650,彤程新材,2025-10-14 10:02:09,46.25,15300,46.29,D
sh603650,彤程新材,2025-10-14 10:02:12,46.18,7200,46.25,D
sh603650,彤程新材,2025-10-14 10:02:15,46.13,65800,46.18,D
sh603650,彤程新材,2025-10-14 10:02:18,46.11,31600,46.13,D
sh603650,彤程新材,2025-10-14 10:02:21,46.11,16800,46.11,D
sh603650,彤程新材,2025-10-14 10:02:24,46.19,14600,46.11,U
sh603650,彤程新材,2025-10-14 10:02:27,46.22,10100,46.19,U
sh603650,彤程新材,2025-10-14 10:02:39,46.2,5500,46.2,D
sh603650,彤程新材,2025-10-14 10:02:42,46.19,15900,46.2,D
sh603650,彤程新材,2025-10-14 10:02:45,46.2,7300,46.19,U
sh603650,彤程新材,2025-10-14 10:02:48,46.19,8800,46.2,E
sh603650,彤程新材,2025-10-14 10:02:51,46.23,8600,46.19,U
sh603650,彤程新材,2025-10-14 10:02:54,46.18,4500,46.23,D
sh603650,彤程新材,2025-10-14 10:03:00,46.23,9400,46.19,U
sh603650,彤程新材,2025-10-14 10:03:09,46.15,11200,46.16,D
sh603650,彤程新材,2025-10-14 10:03:12,46.19,9600,46.15,U
sh603650,彤程新材,2025-10-14 10:03:18,46.19,10900,46.19,D
sh603650,彤程新材,2025-10-14 10:03:21,46.23,6900,46.19,U
sh603650,彤程新材,2025-10-14 10:03:24,46.2,11300,46.23,D
sh603650,彤程新材,2025-10-14 10:03:27,46.17,7400,46.2,D
sh603650,彤程新材,2025-10-14 10:03:42,46.26,5900,46.26,U
sh603650,彤程新材,2025-10-14 10:03:45,46.31,8500,46.26,U
sh603650,彤程新材,2025-10-14 10:03:54,46.26,4800,46.33,D
sh603650,彤程新材,2025-10-14 10:04:00,46.33,5400,46.33,U
sh603650,彤程新材,2025-10-14 10:04:06,46.34,6700,46.32,U
sh603650,彤程新材,2025-10-14 10:04:18,46.32,16200,46.34,D
sh603650,彤程新材,2025-10-14 10:04:21,46.33,8200,46.32,U
sh603650,彤程新材,2025-10-14 10:04:27,46.33,9200,46.32,U
sh603650,彤程新材,2025-10-14 10:04:30,46.32,6100,46.33,E
sh603650,彤程新材,2025-10-14 10:04:36,46.35,6800,46.33,U
sh603650,彤程新材,2025-10-14 10:04:51,46.42,6000,46.39,U
sh603650,彤程新材,2025-10-14 10:05:06,46.42,5100,46.41,U
sh603650,彤程新材,2025-10-14 10:05:12,46.42,7400,46.42,U
sh603650,彤程新材,2025-10-14 10:05:15,46.43,9200,46.42,U
sh603650,彤程新材,2025-10-14 10:05:18,46.45,5900,46.43,U
sh603650,彤程新材,2025-10-14 10:05:21,46.43,5100,46.45,U
sh603650,彤程新材,2025-10-14 10:05:24,46.43,7800,46.43,D
sh603650,彤程新材,2025-10-14 10:05:30,46.45,8000,46.43,U
sh603650,彤程新材,2025-10-14 10:05:36,46.5,6500,46.47,U
sh603650,彤程新材,2025-10-14 10:05:39,46.47,8600,46.5,E
sh603650,彤程新材,2025-10-14 10:05:42,46.51,8500,46.47,U
sh603650,彤程新材,2025-10-14 10:05:48,46.51,7300,46.51,U
sh603650,彤程新材,2025-10-14 10:05:51,46.55,11600,46.51,U
sh603650,彤程新材,2025-10-14 10:05:54,46.6,5000,46.55,U
sh603650,彤程新材,2025-10-14 10:05:57,46.62,5600,46.6,U
sh603650,彤程新材,2025-10-14 10:06:03,46.63,7600,46.62,U
sh603650,彤程新材,2025-10-14 10:06:06,46.62,14400,46.63,D
sh603650,彤程新材,2025-10-14 10:06:09,46.62,9200,46.62,U
sh603650,彤程新材,2025-10-14 10:06:12,46.64,20400,46.62,U
sh603650,彤程新材,2025-10-14 10:06:15,46.63,6400,46.64,D
sh603650,彤程新材,2025-10-14 10:06:18,46.63,22500,46.63,U
sh603650,彤程新材,2025-10-14 10:06:21,46.63,14400,46.63,E
sh603650,彤程新材,2025-10-14 10:06:24,46.67,7900,46.63,U
sh603650,彤程新材,2025-10-14 10:06:27,46.66,8000,46.67,D
sh603650,彤程新材,2025-10-14 10:06:30,46.63,15800,46.66,D
sh603650,彤程新材,2025-10-14 10:06:33,46.63,18200,46.63,D
sh603650,彤程新材,2025-10-14 10:06:36,46.63,15100,46.63,U
sh603650,彤程新材,2025-10-14 10:06:39,46.6,7700,46.63,D
sh603650,彤程新材,2025-10-14 10:06:42,46.5,6200,46.6,D
sh603650,彤程新材,2025-10-14 10:06:48,46.51,9600,46.51,U
sh603650,彤程新材,2025-10-14 10:06:51,46.45,11500,46.51,D
sh603650,彤程新材,2025-10-14 10:06:54,46.49,6600,46.45,E
sh603650,彤程新材,2025-10-14 10:06:57,46.43,8500,46.49,D
sh603650,彤程新材,2025-10-14 10:07:00,46.42,8900,46.43,D
sh603650,彤程新材,2025-10-14 10:07:06,46.47,6500,46.4,U
sh603650,彤程新材,2025-10-14 10:07:09,46.37,10500,46.47,D
sh603650,彤程新材,2025-10-14 10:07:15,46.32,7200,46.33,D
sh603650,彤程新材,2025-10-14 10:07:24,46.32,6700,46.32,U
sh603650,彤程新材,2025-10-14 10:07:27,46.36,5300,46.32,U
sh603650,彤程新材,2025-10-14 10:07:30,46.37,9100,46.36,U
sh603650,彤程新材,2025-10-14 10:07:39,46.36,7400,46.32,U
sh603650,彤程新材,2025-10-14 10:07:42,46.29,7200,46.36,D
sh603650,彤程新材,2025-10-14 10:07:45,46.32,10800,46.29,U
sh603650,彤程新材,2025-10-14 10:07:48,46.32,4700,46.32,U
sh603650,彤程新材,2025-10-14 10:07:51,46.25,23100,46.32,D
sh603650,彤程新材,2025-10-14 10:07:54,46.26,7200,46.25,U
sh603650,彤程新材,2025-10-14 10:07:57,46.32,9000,46.26,U
sh603650,彤程新材,2025-10-14 10:08:06,46.22,13800,46.26,D
sh603650,彤程新材,2025-10-14 10:08:09,46.26,25400,46.22,U
sh603650,彤程新材,2025-10-14 10:08:12,46.23,13700,46.26,D
sh603650,彤程新材,2025-10-14 10:08:15,46.26,15900,46.23,U
sh603650,彤程新材,2025-10-14 10:08:18,46.23,8900,46.26,E
sh603650,彤程新材,2025-10-14 10:08:21,46.2,13000,46.23,D
sh603650,彤程新材,2025-10-14 10:08:24,46.19,8200,46.2,D
sh603650,彤程新材,2025-10-14 10:08:27,46.2,5800,46.19,U
sh603650,彤程新材,2025-10-14 10:08:30,46.19,10000,46.2,E
sh603650,彤程新材,2025-10-14 10:08:33,46.18,5600,46.19,E
sh603650,彤程新材,2025-10-14 10:08:36,46.19,10700,46.18,U
sh603650,彤程新材,2025-10-14 10:08:39,46.23,13000,46.19,U
sh603650,彤程新材,2025-10-14 10:08:42,46.19,6800,46.23,D
sh603650,彤程新材,2025-10-14 10:08:45,46.19,5200,46.19,D
sh603650,彤程新材,2025-10-14 10:08:54,46.19,15600,46.27,D
sh603650,彤程新材,2025-10-14 10:08:57,46.29,9800,46.19,U
sh603650,彤程新材,2025-10-14 10:09:00,46.2,5400,46.29,D
sh603650,彤程新材,2025-10-14 10:09:03,46.32,7900,46.2,D
sh603650,彤程新材,2025-10-14 10:09:06,46.31,5300,46.32,E
sh603650,彤程新材,2025-10-14 10:09:09,46.3,4500,46.31,U
sh603650,彤程新材,2025-10-14 10:09:12,46.31,6000,46.3,U
sh603650,彤程新材,2025-10-14 10:09:21,46.27,15000,46.25,E
sh603650,彤程新材,2025-10-14 10:09:27,46.31,16900,46.25,U
sh603650,彤程新材,2025-10-14 10:09:33,46.25,6500,46.33,D
sh603650,彤程新材,2025-10-14 10:09:36,46.24,12300,46.25,E
sh603650,彤程新材,2025-10-14 10:09:39,46.21,7800,46.24,D
sh603650,彤程新材,2025-10-14 10:09:42,46.25,6800,46.21,U
sh603650,彤程新材,2025-10-14 10:09:48,46.24,10200,46.24,D
sh603650,彤程新材,2025-10-14 10:09:51,46.25,8200,46.24,U
sh603650,彤程新材,2025-10-14 10:09:54,46.21,9200,46.25,D
sh603650,彤程新材,2025-10-14 10:09:57,46.21,17700,46.21,D
sh603650,彤程新材,2025-10-14 10:10:00,46.2,7300,46.21,D
sh603650,彤程新材,2025-10-14 10:10:03,46.22,21600,46.2,U
sh603650,彤程新材,2025-10-14 10:10:06,46.22,7000,46.22,D
sh603650,彤程新材,2025-10-14 10:10:12,46.26,9100,46.22,U
sh603650,彤程新材,2025-10-14 10:10:15,46.26,11900,46.26,D
sh603650,彤程新材,2025-10-14 10:10:18,46.2,6600,46.26,D
sh603650,彤程新材,2025-10-14 10:10:24,46.25,5200,46.25,U
sh603650,彤程新材,2025-10-14 10:11:00,46.3,14900,46.3,U
sh603650,彤程新材,2025-10-14 10:11:03,46.3,10100,46.3,U
sh603650,彤程新材,2025-10-14 10:11:06,46.29,5500,46.3,U
sh603650,彤程新材,2025-10-14 10:11:09,46.28,5300,46.29,E
sh603650,彤程新材,2025-10-14 10:11:12,46.31,10100,46.28,U
sh603650,彤程新材,2025-10-14 10:11:15,46.35,5600,46.31,U
sh603650,彤程新材,2025-10-14 10:11:33,46.34,10900,46.32,U
sh603650,彤程新材,2025-10-14 10:11:54,46.26,15000,46.29,D
sh603650,彤程新材,2025-10-14 10:11:57,46.3,5300,46.26,U
sh603650,彤程新材,2025-10-14 10:12:00,46.3,6900,46.3,U
sh603650,彤程新材,2025-10-14 10:12:24,46.3,8100,46.3,D
sh603650,彤程新材,2025-10-14 10:12:27,46.26,8600,46.3,E
sh603650,彤程新材,2025-10-14 10:12:30,46.34,13200,46.26,U
sh603650,彤程新材,2025-10-14 10:12:57,46.25,6900,46.25,D
sh603650,彤程新材,2025-10-14 10:13:00,46.25,9700,46.25,D
sh603650,彤程新材,2025-10-14 10:13:03,46.15,128000,46.25,D
sh603650,彤程新材,2025-10-14 10:13:06,46.12,30100,46.15,D
sh603650,彤程新材,2025-10-14 10:13:09,46.07,108900,46.12,D
sh603650,彤程新材,2025-10-14 10:13:12,46.03,79100,46.07,D
sh603650,彤程新材,2025-10-14 10:13:15,46.01,155000,46.03,D
sh603650,彤程新材,2025-10-14 10:13:18,46.0,137900,46.01,D
sh603650,彤程新材,2025-10-14 10:13:21,46.03,38400,46.0,D
sh603650,彤程新材,2025-10-14 10:13:24,46.07,25700,46.03,U
sh603650,彤程新材,2025-10-14 10:13:27,46.07,23600,46.07,D
sh603650,彤程新材,2025-10-14 10:13:30,46.07,6600,46.07,D
sh603650,彤程新材,2025-10-14 10:13:33,46.05,18500,46.07,D
sh603650,彤程新材,2025-10-14 10:13:36,46.04,18800,46.05,D
sh603650,彤程新材,2025-10-14 10:13:39,46.08,30200,46.04,U
sh603650,彤程新材,2025-10-14 10:13:42,46.08,20300,46.08,D
sh603650,彤程新材,2025-10-14 10:13:45,46.08,11600,46.08,D
sh603650,彤程新材,2025-10-14 10:13:48,46.08,7600,46.08,D
sh603650,彤程新材,2025-10-14 10:13:51,46.04,25400,46.08,D
sh603650,彤程新材,2025-10-14 10:13:54,46.02,21800,46.04,D
sh603650,彤程新材,2025-10-14 10:13:57,46.03,18400,46.02,E
sh603650,彤程新材,2025-10-14 10:14:00,46.04,14100,46.03,E
sh603650,彤程新材,2025-10-14 10:14:03,46.02,28500,46.04,E
sh603650,彤程新材,2025-10-14 10:14:06,46.0,20700,46.02,D
sh603650,彤程新材,2025-10-14 10:14:09,46.03,10400,46.0,U
sh603650,彤程新材,2025-10-14 10:14:12,46.07,23100,46.03,U
sh603650,彤程新材,2025-10-14 10:14:15,46.08,12800,46.07,U
sh603650,彤程新材,2025-10-14 10:14:18,46.04,78400,46.08,D
sh603650,彤程新材,2025-10-14 10:14:21,46.08,11700,46.04,U
sh603650,彤程新材,2025-10-14 10:14:30,46.17,10000,46.1,U
sh603650,彤程新材,2025-10-14 10:14:33,46.21,6400,46.17,U
sh603650,彤程新材,2025-10-14 10:14:36,46.21,5200,46.21,D
sh603650,彤程新材,2025-10-14 10:14:39,46.25,6000,46.21,U
sh603650,彤程新材,2025-10-14 10:14:48,46.21,19800,46.21,U
sh603650,彤程新材,2025-10-14 10:14:51,46.2,6200,46.21,D
sh603650,彤程新材,2025-10-14 10:14:54,46.2,15100,46.2,U
sh603650,彤程新材,2025-10-14 10:14:57,46.17,13900,46.2,E
sh603650,彤程新材,2025-10-14 10:15:03,46.2,12000,46.2,U
sh603650,彤程新材,2025-10-14 10:15:06,46.21,5800,46.2,U
sh603650,彤程新材,2025-10-14 10:15:12,46.09,7300,46.2,E
sh603650,彤程新材,2025-10-14 10:15:21,46.2,5200,46.2,U
sh603650,彤程新材,2025-10-14 10:15:27,46.2,6500,46.19,U
sh603650,彤程新材,2025-10-14 10:15:30,46.2,5200,46.2,U
sh603650,彤程新材,2025-10-14 10:15:45,46.11,8600,46.11,U
sh603650,彤程新材,2025-10-14 10:15:48,46.1,12700,46.11,D
sh603650,彤程新材,2025-10-14 10:15:51,46.14,9320,46.1,U
sh603650,彤程新材,2025-10-14 10:15:54,46.18,14400,46.14,U
sh603650,彤程新材,2025-10-14 10:15:57,46.2,17600,46.18,U
sh603650,彤程新材,2025-10-14 10:16:00,46.2,11300,46.2,U
sh603650,彤程新材,2025-10-14 10:16:03,46.24,6600,46.2,U
sh603650,彤程新材,2025-10-14 10:16:21,46.24,16600,46.24,D
sh603650,彤程新材,2025-10-14 10:16:27,46.24,11300,46.24,U
sh603650,彤程新材,2025-10-14 10:16:36,46.19,6400,46.2,D
sh603650,彤程新材,2025-10-14 10:16:48,46.19,14300,46.2,D
sh603650,彤程新材,2025-10-14 10:16:51,46.19,4600,46.19,U
sh603650,彤程新材,2025-10-14 10:16:54,46.2,5800,46.19,U
sh603650,彤程新材,2025-10-14 10:17:00,46.25,9600,46.2,U
sh603650,彤程新材,2025-10-14 10:17:09,46.25,5300,46.19,U
sh603650,彤程新材,2025-10-14 10:17:12,46.25,7100,46.25,U
sh603650,彤程新材,2025-10-14 10:17:18,46.25,5300,46.29,D
sh603650,彤程新材,2025-10-14 10:17:21,46.29,6800,46.25,D
sh603650,彤程新材,2025-10-14 10:17:24,46.31,19000,46.29,U
sh603650,彤程新材,2025-10-14 10:17:27,46.3,7700,46.31,D
sh603650,彤程新材,2025-10-14 10:17:33,46.31,12800,46.3,U
sh603650,彤程新材,2025-10-14 10:17:36,46.31,4600,46.31,U
sh603650,彤程新材,2025-10-14 10:17:51,46.32,7800,46.33,D
sh603650,彤程新材,2025-10-14 10:17:54,46.39,9800,46.32,U
sh603650,彤程新材,2025-10-14 10:18:09,46.32,13300,46.37,D
sh603650,彤程新材,2025-10-14 10:18:12,46.35,4800,46.32,U
sh603650,彤程新材,2025-10-14 10:18:18,46.31,12300,46.35,D
sh603650,彤程新材,2025-10-14 10:18:27,46.32,5100,46.3,U
sh603650,彤程新材,2025-10-14 10:18:30,46.31,5600,46.32,D
sh603650,彤程新材,2025-10-14 10:18:36,46.3,6300,46.31,D
sh603650,彤程新材,2025-10-14 10:18:39,46.32,15000,46.3,U
sh603650,彤程新材,2025-10-14 10:18:42,46.31,8000,46.32,D
sh603650,彤程新材,2025-10-14 10:19:00,46.3,6400,46.35,D
sh603650,彤程新材,2025-10-14 10:19:24,46.24,15300,46.24,E
sh603650,彤程新材,2025-10-14 10:19:42,46.28,7900,46.2,E
sh603650,彤程新材,2025-10-14 10:19:57,46.3,8200,46.28,U
sh603650,彤程新材,2025-10-14 10:20:18,46.3,12100,46.31,D
sh603650,彤程新材,2025-10-14 10:20:21,46.28,27900,46.3,D
sh603650,彤程新材,2025-10-14 10:20:24,46.3,9200,46.28,U
sh603650,彤程新材,2025-10-14 10:20:48,46.29,7000,46.3,E
sh603650,彤程新材,2025-10-14 10:21:06,46.3,5500,46.29,U
sh603650,彤程新材,2025-10-14 10:21:09,46.3,19300,46.3,U
sh603650,彤程新材,2025-10-14 10:21:30,46.3,11100,46.32,D
sh603650,彤程新材,2025-10-14 10:21:36,46.3,12000,46.31,D
sh603650,彤程新材,2025-10-14 10:21:39,46.3,15200,46.3,D
sh603650,彤程新材,2025-10-14 10:21:42,46.31,5800,46.3,U
sh603650,彤程新材,2025-10-14 10:21:45,46.31,12000,46.31,U
sh603650,彤程新材,2025-10-14 10:22:09,46.32,5200,46.3,U
sh603650,彤程新材,2025-10-14 10:22:18,46.25,6000,46.3,D
sh603650,彤程新材,2025-10-14 10:22:24,46.25,14000,46.25,D
sh603650,彤程新材,2025-10-14 10:22:27,46.28,7300,46.25,U
sh603650,彤程新材,2025-10-14 10:22:30,46.25,5500,46.28,D
sh603650,彤程新材,2025-10-14 10:22:33,46.26,4600,46.25,E
sh603650,彤程新材,2025-10-14 10:22:36,46.3,4800,46.26,U
sh603650,彤程新材,2025-10-14 10:22:39,46.25,4400,46.3,D
sh603650,彤程新材,2025-10-14 10:23:00,46.25,8700,46.24,U
sh603650,彤程新材,2025-10-14 10:23:06,46.2,8000,46.23,D
sh603650,彤程新材,2025-10-14 10:23:12,46.22,5600,46.2,E
sh603650,彤程新材,2025-10-14 10:23:45,46.2,5300,46.19,E
sh603650,彤程新材,2025-10-14 10:24:27,46.21,4500,46.21,D
sh603650,彤程新材,2025-10-14 10:24:42,46.19,4500,46.2,U
sh603650,彤程新材,2025-10-14 10:24:48,46.19,5200,46.19,D
sh603650,彤程新材,2025-10-14 10:24:57,46.2,9500,46.2,D
sh603650,彤程新材,2025-10-14 10:25:00,46.21,10400,46.2,U
sh603650,彤程新材,2025-10-14 10:25:09,46.16,16652,46.19,D
sh603650,彤程新材,2025-10-14 10:25:12,46.14,21000,46.16,D
sh603650,彤程新材,2025-10-14 10:25:15,46.09,15880,46.14,D
sh603650,彤程新材,2025-10-14 10:25:18,46.08,10300,46.09,D
sh603650,彤程新材,2025-10-14 10:25:21,46.08,18480,46.08,D
sh603650,彤程新材,2025-10-14 10:25:24,46.08,7000,46.08,U
sh603650,彤程新材,2025-10-14 10:25:33,46.06,7000,46.08,D
sh603650,彤程新材,2025-10-14 10:25:39,46.04,12020,46.06,D
sh603650,彤程新材,2025-10-14 10:25:42,46.03,25700,46.04,D
sh603650,彤程新材,2025-10-14 10:25:45,46.03,34500,46.03,U
sh603650,彤程新材,2025-10-14 10:25:48,46.01,13900,46.03,E
sh603650,彤程新材,2025-10-14 10:25:51,46.0,45900,46.01,D
sh603650,彤程新材,2025-10-14 10:25:54,45.99,5600,46.0,D
sh603650,彤程新材,2025-10-14 10:25:57,45.98,45800,45.99,D
sh603650,彤程新材,2025-10-14 10:26:00,45.93,27300,45.98,D
sh603650,彤程新材,2025-10-14 10:26:03,45.94,15700,45.93,U
sh603650,彤程新材,2025-10-14 10:26:06,45.91,6100,45.94,D
sh603650,彤程新材,2025-10-14 10:26:09,45.92,24100,45.91,D
sh603650,彤程新材,2025-10-14 10:26:15,45.9,26800,45.9,D
sh603650,彤程新材,2025-10-14 10:26:18,45.91,14500,45.9,U
sh603650,彤程新材,2025-10-14 10:26:21,45.9,45700,45.91,D
sh603650,彤程新材,2025-10-14 10:26:24,45.89,11300,45.9,D
sh603650,彤程新材,2025-10-14 10:26:27,45.89,25800,45.89,D
sh603650,彤程新材,2025-10-14 10:26:30,45.88,4400,45.89,D
sh603650,彤程新材,2025-10-14 10:26:33,45.88,32200,45.88,D
sh603650,彤程新材,2025-10-14 10:26:36,45.9,19500,45.88,U
sh603650,彤程新材,2025-10-14 10:26:39,45.88,21900,45.9,D
sh603650,彤程新材,2025-10-14 10:26:42,45.88,12400,45.88,U
sh603650,彤程新材,2025-10-14 10:26:45,45.87,9800,45.88,D
sh603650,彤程新材,2025-10-14 10:26:48,45.88,9200,45.87,E
sh603650,彤程新材,2025-10-14 10:26:51,45.87,6200,45.88,D
sh603650,彤程新材,2025-10-14 10:26:54,45.86,9700,45.87,D
sh603650,彤程新材,2025-10-14 10:27:00,45.87,6400,45.87,U
sh603650,彤程新材,2025-10-14 10:27:03,45.87,9600,45.87,D
sh603650,彤程新材,2025-10-14 10:27:06,45.86,13600,45.87,D
sh603650,彤程新材,2025-10-14 10:27:09,45.87,8800,45.86,D
sh603650,彤程新材,2025-10-14 10:27:12,45.87,8000,45.87,D
sh603650,彤程新材,2025-10-14 10:27:21,45.87,17000,45.86,U
sh603650,彤程新材,2025-10-14 10:27:24,45.87,4500,45.87,U
sh603650,彤程新材,2025-10-14 10:27:27,45.86,17500,45.87,D
sh603650,彤程新材,2025-10-14 10:27:30,45.88,7000,45.86,U
sh603650,彤程新材,2025-10-14 10:27:33,45.87,15600,45.88,D
sh603650,彤程新材,2025-10-14 10:27:36,45.87,6400,45.87,D
sh603650,彤程新材,2025-10-14 10:27:39,45.86,7900,45.87,D
sh603650,彤程新材,2025-10-14 10:27:42,45.85,25300,45.86,D
sh603650,彤程新材,2025-10-14 10:27:48,45.85,7200,45.85,D
sh603650,彤程新材,2025-10-14 10:27:51,45.84,11600,45.85,D
sh603650,彤程新材,2025-10-14 10:27:54,45.83,10100,45.84,D
sh603650,彤程新材,2025-10-14 10:27:57,45.83,11900,45.83,D
sh603650,彤程新材,2025-10-14 10:28:00,45.82,23600,45.83,D
sh603650,彤程新材,2025-10-14 10:28:09,45.81,10000,45.81,D
sh603650,彤程新材,2025-10-14 10:28:15,45.81,24500,45.81,D
sh603650,彤程新材,2025-10-14 10:28:21,45.8,13000,45.81,D
sh603650,彤程新材,2025-10-14 10:28:24,45.8,22400,45.8,D
sh603650,彤程新材,2025-10-14 10:28:27,45.8,12100,45.8,D
sh603650,彤程新材,2025-10-14 10:28:30,45.8,11606,45.8,D
sh603650,彤程新材,2025-10-14 10:28:33,45.8,9900,45.8,D
sh603650,彤程新材,2025-10-14 10:28:36,45.8,8600,45.8,D
sh603650,彤程新材,2025-10-14 10:28:39,45.8,5294,45.8,D
sh603650,彤程新材,2025-10-14 10:28:45,45.8,9800,45.8,U
sh603650,彤程新材,2025-10-14 10:28:48,45.79,6400,45.8,D
sh603650,彤程新材,2025-10-14 10:28:51,45.78,14900,45.79,D
sh603650,彤程新材,2025-10-14 10:28:57,45.77,23200,45.78,D
sh603650,彤程新材,2025-10-14 10:29:00,45.76,6200,45.77,D
sh603650,彤程新材,2025-10-14 10:29:06,45.73,7700,45.75,D
sh603650,彤程新材,2025-10-14 10:29:09,45.73,4900,45.73,D
sh603650,彤程新材,2025-10-14 10:29:12,45.72,40100,45.73,D
sh603650,彤程新材,2025-10-14 10:29:24,45.66,10300,45.69,D
sh603650,彤程新材,2025-10-14 10:29:27,45.65,11700,45.66,D
sh603650,彤程新材,2025-10-14 10:29:36,45.63,53900,45.63,U
sh603650,彤程新材,2025-10-14 10:29:39,45.62,5100,45.63,D
sh603650,彤程新材,2025-10-14 10:29:42,45.59,5600,45.62,E
sh603650,彤程新材,2025-10-14 10:29:48,45.55,6500,45.57,D
sh603650,彤程新材,2025-10-14 10:29:54,45.54,12500,45.54,E
sh603650,彤程新材,2025-10-14 10:29:57,45.5,37100,45.54,D
sh603650,彤程新材,2025-10-14 10:30:00,45.5,23100,45.5,D
sh603650,彤程新材,2025-10-14 10:30:03,45.53,34900,45.5,U
sh603650,彤程新材,2025-10-14 10:30:06,45.59,60300,45.53,U
sh603650,彤程新材,2025-10-14 10:30:09,45.59,13100,45.59,U
sh603650,彤程新材,2025-10-14 10:30:12,45.64,8300,45.59,U
sh603650,彤程新材,2025-10-14 10:30:15,45.59,18500,45.64,D
sh603650,彤程新材,2025-10-14 10:30:18,45.59,7000,45.59,U
sh603650,彤程新材,2025-10-14 10:30:21,45.64,5400,45.59,U
sh603650,彤程新材,2025-10-14 10:30:27,45.66,10000,45.64,U
sh603650,彤程新材,2025-10-14 10:30:33,45.68,5100,45.65,U
sh603650,彤程新材,2025-10-14 10:30:42,45.73,5100,45.72,U
sh603650,彤程新材,2025-10-14 10:30:48,45.73,9700,45.75,D
sh603650,彤程新材,2025-10-14 10:30:54,45.75,27700,45.76,D
sh603650,彤程新材,2025-10-14 10:30:57,45.75,7700,45.75,U
sh603650,彤程新材,2025-10-14 10:31:00,45.73,8700,45.75,D
sh603650,彤程新材,2025-10-14 10:31:03,45.7,5300,45.73,D
sh603650,彤程新材,2025-10-14 10:31:06,45.68,21700,45.7,D
sh603650,彤程新材,2025-10-14 10:31:09,45.67,8900,45.68,D
sh603650,彤程新材,2025-10-14 10:31:12,45.64,12100,45.67,D
sh603650,彤程新材,2025-10-14 10:31:21,45.61,7900,45.62,D
sh603650,彤程新材,2025-10-14 10:31:24,45.61,6700,45.61,U
sh603650,彤程新材,2025-10-14 10:31:27,45.61,9500,45.61,U
sh603650,彤程新材,2025-10-14 10:31:30,45.58,6500,45.61,D
sh603650,彤程新材,2025-10-14 10:31:36,45.58,14000,45.59,D
sh603650,彤程新材,2025-10-14 10:31:39,45.59,13500,45.58,U
sh603650,彤程新材,2025-10-14 10:31:42,45.57,36800,45.59,D
sh603650,彤程新材,2025-10-14 10:31:48,45.57,10600,45.56,U
sh603650,彤程新材,2025-10-14 10:31:54,45.6,9500,45.57,U
sh603650,彤程新材,2025-10-14 10:31:57,45.57,5800,45.6,D
sh603650,彤程新材,2025-10-14 10:32:06,45.58,9200,45.6,D
sh603650,彤程新材,2025-10-14 10:32:15,45.58,8900,45.6,D
sh603650,彤程新材,2025-10-14 10:32:18,45.58,8800,45.58,U
sh603650,彤程新材,2025-10-14 10:32:21,45.58,6300,45.58,D
sh603650,彤程新材,2025-10-14 10:32:27,45.6,11400,45.59,D
sh603650,彤程新材,2025-10-14 10:32:30,45.6,15900,45.6,U
sh603650,彤程新材,2025-10-14 10:32:33,45.61,7600,45.6,U
sh603650,彤程新材,2025-10-14 10:32:42,45.59,5400,45.61,D
sh603650,彤程新材,2025-10-14 10:32:45,45.61,9200,45.59,D
sh603650,彤程新材,2025-10-14 10:32:48,45.61,6600,45.61,U
sh603650,彤程新材,2025-10-14 10:32:57,45.65,6600,45.64,U
sh603650,彤程新材,2025-10-14 10:33:06,45.7,7300,45.67,U
sh603650,彤程新材,2025-10-14 10:33:21,45.74,6400,45.75,E
sh603650,彤程新材,2025-10-14 10:33:24,45.74,5700,45.74,U
sh603650,彤程新材,2025-10-14 10:33:27,45.72,5400,45.74,E
sh603650,彤程新材,2025-10-14 10:33:30,45.7,5500,45.72,D
sh603650,彤程新材,2025-10-14 10:33:33,45.72,7200,45.7,U
sh603650,彤程新材,2025-10-14 10:33:54,45.72,10000,45.73,D
sh603650,彤程新材,2025-10-14 10:33:57,45.72,7100,45.72,U
sh603650,彤程新材,2025-10-14 10:34:00,45.72,21100,45.72,U
sh603650,彤程新材,2025-10-14 10:34:06,45.73,6300,45.72,U
sh603650,彤程新材,2025-10-14 10:34:15,45.73,4600,45.73,U
sh603650,彤程新材,2025-10-14 10:34:30,45.73,11300,45.75,D
sh603650,彤程新材,2025-10-14 10:34:33,45.74,11800,45.73,E
sh603650,彤程新材,2025-10-14 10:34:36,45.75,8300,45.74,U
sh603650,彤程新材,2025-10-14 10:34:45,45.76,5100,45.76,U
sh603650,彤程新材,2025-10-14 10:34:48,45.76,4600,45.76,D
sh603650,彤程新材,2025-10-14 10:34:51,45.78,6400,45.76,U
sh603650,彤程新材,2025-10-14 10:34:54,45.76,12100,45.78,D
sh603650,彤程新材,2025-10-14 10:35:03,45.8,6300,45.8,D
sh603650,彤程新材,2025-10-14 10:35:06,45.77,5500,45.8,D
sh603650,彤程新材,2025-10-14 10:35:12,45.75,19694,45.79,D
sh603650,彤程新材,2025-10-14 10:35:15,45.74,8800,45.75,D
sh603650,彤程新材,2025-10-14 10:35:21,45.72,20200,45.74,D
sh603650,彤程新材,2025-10-14 10:35:27,45.72,13900,45.71,E
sh603650,彤程新材,2025-10-14 10:35:42,45.66,5400,45.68,D
sh603650,彤程新材,2025-10-14 10:35:48,45.64,20000,45.65,D
sh603650,彤程新材,2025-10-14 10:36:03,45.64,5100,45.64,D
sh603650,彤程新材,2025-10-14 10:36:06,45.6,4800,45.64,D
sh603650,彤程新材,2025-10-14 10:36:15,45.6,10000,45.6,D
sh603650,彤程新材,2025-10-14 10:36:21,45.67,22100,45.6,U
sh603650,彤程新材,2025-10-14 10:36:33,45.67,4400,45.63,U
sh603650,彤程新材,2025-10-14 10:36:39,45.62,7500,45.67,D
sh603650,彤程新材,2025-10-14 10:36:45,45.66,5800,45.64,U
sh603650,彤程新材,2025-10-14 10:36:54,45.65,8000,45.64,U
sh603650,彤程新材,2025-10-14 10:36:57,45.65,5000,45.65,U
sh603650,彤程新材,2025-10-14 10:37:03,45.66,5600,45.66,U
sh603650,彤程新材,2025-10-14 10:37:18,45.65,6300,45.67,D
sh603650,彤程新材,2025-10-14 10:37:30,45.67,12600,45.66,U
sh603650,彤程新材,2025-10-14 10:37:33,45.68,4700,45.67,U
sh603650,彤程新材,2025-10-14 10:37:48,45.7,5700,45.7,U
sh603650,彤程新材,2025-10-14 10:37:54,45.7,7800,45.7,D
sh603650,彤程新材,2025-10-14 10:37:57,45.71,4780,45.7,U
sh603650,彤程新材,2025-10-14 10:38:00,45.7,6020,45.71,D
sh603650,彤程新材,2025-10-14 10:38:03,45.73,8900,45.7,U
sh603650,彤程新材,2025-10-14 10:38:45,45.71,4700,45.71,U
sh603650,彤程新材,2025-10-14 10:38:51,45.71,4600,45.7,U
sh603650,彤程新材,2025-10-14 10:38:57,45.7,4700,45.7,D
sh603650,彤程新材,2025-10-14 10:39:21,45.7,4500,45.71,D
sh603650,彤程新材,2025-10-14 10:39:27,45.71,4500,45.71,U
sh603650,彤程新材,2025-10-14 10:39:42,45.72,5900,45.72,U
sh603650,彤程新材,2025-10-14 10:40:00,45.71,4900,45.71,U
sh603650,彤程新材,2025-10-14 10:40:06,45.71,12500,45.71,U
sh603650,彤程新材,2025-10-14 10:40:21,45.69,7700,45.69,D
sh603650,彤程新材,2025-10-14 10:41:06,45.7,7700,45.68,U
sh603650,彤程新材,2025-10-14 10:41:21,45.69,10100,45.69,D
sh603650,彤程新材,2025-10-14 10:41:30,45.68,12200,45.68,D
sh603650,彤程新材,2025-10-14 10:41:36,45.68,13400,45.69,D
sh603650,彤程新材,2025-10-14 10:41:42,45.68,9500,45.68,D
sh603650,彤程新材,2025-10-14 10:41:57,45.67,8700,45.68,D
sh603650,彤程新材,2025-10-14 10:42:18,45.67,12800,45.67,U
sh603650,彤程新材,2025-10-14 10:42:33,45.66,5100,45.66,U
sh603650,彤程新材,2025-10-14 10:42:45,45.67,4400,45.68,D
sh603650,彤程新材,2025-10-14 10:43:00,45.67,15133,45.66,U
sh603650,彤程新材,2025-10-14 10:43:06,45.67,4600,45.67,D
sh603650,彤程新材,2025-10-14 10:43:15,45.67,5100,45.68,D
sh603650,彤程新材,2025-10-14 10:43:30,45.69,5400,45.69,U
sh603650,彤程新材,2025-10-14 10:43:33,45.69,7100,45.69,U
sh603650,彤程新材,2025-10-14 10:43:42,45.68,4900,45.69,D
sh603650,彤程新材,2025-10-14 10:43:51,45.69,13500,45.68,U
sh603650,彤程新材,2025-10-14 10:43:54,45.69,5500,45.69,U
sh603650,彤程新材,2025-10-14 10:43:57,45.68,12900,45.69,D
sh603650,彤程新材,2025-10-14 10:44:00,45.68,7700,45.68,D
sh603650,彤程新材,2025-10-14 10:44:09,45.67,5100,45.67,D
sh603650,彤程新材,2025-10-14 10:44:18,45.69,4600,45.67,U
sh603650,彤程新材,2025-10-14 10:44:24,45.69,4600,45.69,D
sh603650,彤程新材,2025-10-14 10:45:03,45.7,9200,45.7,D
sh603650,彤程新材,2025-10-14 10:45:06,45.68,8920,45.7,D
sh603650,彤程新材,2025-10-14 10:45:09,45.68,9000,45.68,D
sh603650,彤程新材,2025-10-14 10:45:12,45.65,34800,45.68,D
sh603650,彤程新材,2025-10-14 10:45:15,45.65,4700,45.65,D
sh603650,彤程新材,2025-10-14 10:45:18,45.65,4500,45.65,U
sh603650,彤程新材,2025-10-14 10:45:21,45.63,7700,45.65,D
sh603650,彤程新材,2025-10-14 10:45:24,45.63,22500,45.63,U
sh603650,彤程新材,2025-10-14 10:45:30,45.61,20100,45.62,D
sh603650,彤程新材,2025-10-14 10:45:36,45.59,23600,45.61,D
sh603650,彤程新材,2025-10-14 10:45:39,45.57,26800,45.59,D
sh603650,彤程新材,2025-10-14 10:45:45,45.55,7400,45.57,D
sh603650,彤程新材,2025-10-14 10:45:51,45.55,14400,45.55,D
sh603650,彤程新材,2025-10-14 10:46:03,45.53,10900,45.53,D
sh603650,彤程新材,2025-10-14 10:46:06,45.52,7300,45.53,D
sh603650,彤程新材,2025-10-14 10:46:09,45.51,7700,45.52,D
sh603650,彤程新材,2025-10-14 10:46:15,45.51,12200,45.51,D
sh603650,彤程新材,2025-10-14 10:46:18,45.5,16000,45.51,D
sh603650,彤程新材,2025-10-14 10:46:21,45.5,29500,45.5,D
sh603650,彤程新材,2025-10-14 10:46:24,45.5,13600,45.5,D
sh603650,彤程新材,2025-10-14 10:46:27,45.5,34100,45.5,D
sh603650,彤程新材,2025-10-14 10:46:30,45.5,15500,45.5,D
sh603650,彤程新材,2025-10-14 10:46:33,45.5,15800,45.5,D
sh603650,彤程新材,2025-10-14 10:46:36,45.51,12400,45.5,U
sh603650,彤程新材,2025-10-14 10:46:39,45.5,15200,45.51,D
sh603650,彤程新材,2025-10-14 10:46:42,45.5,15500,45.5,D
sh603650,彤程新材,2025-10-14 10:46:51,45.49,5600,45.49,D
sh603650,彤程新材,2025-10-14 10:46:57,45.47,10400,45.49,D
sh603650,彤程新材,2025-10-14 10:47:03,45.42,21900,45.46,D
sh603650,彤程新材,2025-10-14 10:47:06,45.41,8400,45.42,D
sh603650,彤程新材,2025-10-14 10:47:09,45.4,25600,45.41,D
sh603650,彤程新材,2025-10-14 10:47:15,45.37,12300,45.38,D
sh603650,彤程新材,2025-10-14 10:47:18,45.36,9300,45.37,D
sh603650,彤程新材,2025-10-14 10:47:21,45.36,11300,45.36,U
sh603650,彤程新材,2025-10-14 10:47:24,45.35,8000,45.36,E
sh603650,彤程新材,2025-10-14 10:47:27,45.35,4700,45.35,U
sh603650,彤程新材,2025-10-14 10:47:30,45.34,6000,45.35,E
sh603650,彤程新材,2025-10-14 10:47:36,45.32,12100,45.32,D
sh603650,彤程新材,2025-10-14 10:47:39,45.32,5000,45.32,D
sh603650,彤程新材,2025-10-14 10:47:42,45.3,48300,45.32,D
sh603650,彤程新材,2025-10-14 10:47:45,45.31,16900,45.3,U
sh603650,彤程新材,2025-10-14 10:47:48,45.31,12700,45.31,U
sh603650,彤程新材,2025-10-14 10:47:51,45.31,10700,45.31,U
sh603650,彤程新材,2025-10-14 10:47:57,45.31,7400,45.31,D
sh603650,彤程新材,2025-10-14 10:48:00,45.31,7700,45.31,U
sh603650,彤程新材,2025-10-14 10:48:03,45.3,13300,45.31,D
sh603650,彤程新材,2025-10-14 10:48:06,45.3,9100,45.3,D
sh603650,彤程新材,2025-10-14 10:48:12,45.3,5400,45.3,U
sh603650,彤程新材,2025-10-14 10:48:18,45.29,10300,45.29,D
sh603650,彤程新材,2025-10-14 10:48:21,45.28,5500,45.29,D
sh603650,彤程新材,2025-10-14 10:48:30,45.28,5100,45.28,D
sh603650,彤程新材,2025-10-14 10:48:33,45.28,11800,45.28,D
sh603650,彤程新材,2025-10-14 10:48:36,45.28,6000,45.28,D
sh603650,彤程新材,2025-10-14 10:48:39,45.27,8800,45.28,D
sh603650,彤程新材,2025-10-14 10:48:42,45.28,15200,45.27,U
sh603650,彤程新材,2025-10-14 10:48:51,45.29,4900,45.29,U
sh603650,彤程新材,2025-10-14 10:48:54,45.28,6600,45.29,U
sh603650,彤程新材,2025-10-14 10:48:57,45.27,6900,45.28,E
sh603650,彤程新材,2025-10-14 10:49:00,45.27,23400,45.27,U
sh603650,彤程新材,2025-10-14 10:49:06,45.27,5700,45.27,D
sh603650,彤程新材,2025-10-14 10:49:09,45.27,14600,45.27,D
sh603650,彤程新材,2025-10-14 10:49:15,45.26,9700,45.27,D
sh603650,彤程新材,2025-10-14 10:49:18,45.26,6600,45.26,U
sh603650,彤程新材,2025-10-14 10:49:21,45.26,7300,45.26,D
sh603650,彤程新材,2025-10-14 10:49:27,45.25,10000,45.26,D
sh603650,彤程新材,2025-10-14 10:49:30,45.26,5800,45.25,U
sh603650,彤程新材,2025-10-14 10:49:39,45.3,16800,45.28,U
sh603650,彤程新材,2025-10-14 10:50:00,45.33,4700,45.33,D
sh603650,彤程新材,2025-10-14 10:50:03,45.31,18200,45.33,D
sh603650,彤程新材,2025-10-14 10:50:09,45.36,7700,45.34,U
sh603650,彤程新材,2025-10-14 10:50:12,45.34,6700,45.36,D
sh603650,彤程新材,2025-10-14 10:50:15,45.36,5200,45.34,U
sh603650,彤程新材,2025-10-14 10:50:36,45.37,4500,45.36,U
sh603650,彤程新材,2025-10-14 10:50:45,45.36,10800,45.37,D
sh603650,彤程新材,2025-10-14 10:51:06,45.33,11400,45.36,D
sh603650,彤程新材,2025-10-14 10:51:09,45.35,5200,45.33,E
sh603650,彤程新材,2025-10-14 10:51:27,45.34,6300,45.32,U
sh603650,彤程新材,2025-10-14 10:51:30,45.32,8600,45.34,D
sh603650,彤程新材,2025-10-14 10:51:54,45.32,5200,45.32,D
sh603650,彤程新材,2025-10-14 10:52:00,45.32,8200,45.32,D
sh603650,彤程新材,2025-10-14 10:52:21,45.31,6400,45.32,D
sh603650,彤程新材,2025-10-14 10:52:27,45.31,6600,45.32,D
sh603650,彤程新材,2025-10-14 10:52:42,45.3,9600,45.32,D
sh603650,彤程新材,2025-10-14 10:52:48,45.28,50700,45.3,D
sh603650,彤程新材,2025-10-14 10:52:51,45.28,19600,45.28,U
sh603650,彤程新材,2025-10-14 10:53:00,45.25,13800,45.25,D
sh603650,彤程新材,2025-10-14 10:53:15,45.24,5800,45.22,U
sh603650,彤程新材,2025-10-14 10:53:24,45.22,12200,45.22,U
sh603650,彤程新材,2025-10-14 10:53:27,45.21,10100,45.22,D
sh603650,彤程新材,2025-10-14 10:53:33,45.2,14300,45.2,D
sh603650,彤程新材,2025-10-14 10:53:36,45.2,4500,45.2,D
sh603650,彤程新材,2025-10-14 10:53:39,45.2,17500,45.2,D
sh603650,彤程新材,2025-10-14 10:53:42,45.2,5600,45.2,D
sh603650,彤程新材,2025-10-14 10:53:45,45.2,27700,45.2,D
sh603650,彤程新材,2025-10-14 10:53:48,45.21,34800,45.2,U
sh603650,彤程新材,2025-10-14 10:53:51,45.2,8600,45.21,D
sh603650,彤程新材,2025-10-14 10:53:57,45.17,17800,45.2,D
sh603650,彤程新材,2025-10-14 10:54:00,45.16,16200,45.17,D
sh603650,彤程新材,2025-10-14 10:54:06,45.17,5400,45.16,U
sh603650,彤程新材,2025-10-14 10:54:09,45.17,10900,45.17,U
sh603650,彤程新材,2025-10-14 10:54:12,45.17,7200,45.17,U
sh603650,彤程新材,2025-10-14 10:54:15,45.16,8600,45.17,D
sh603650,彤程新材,2025-10-14 10:54:18,45.16,9400,45.16,D
sh603650,彤程新材,2025-10-14 10:54:21,45.16,6800,45.16,D
sh603650,彤程新材,2025-10-14 10:54:24,45.17,32200,45.16,U
sh603650,彤程新材,2025-10-14 10:54:27,45.16,4900,45.17,D
sh603650,彤程新材,2025-10-14 10:54:42,45.15,13200,45.15,D
sh603650,彤程新材,2025-10-14 10:54:45,45.13,10900,45.15,D
sh603650,彤程新材,2025-10-14 10:54:57,45.13,7600,45.13,D
sh603650,彤程新材,2025-10-14 10:55:03,45.11,14100,45.12,D
sh603650,彤程新材,2025-10-14 10:55:06,45.11,14000,45.11,D
sh603650,彤程新材,2025-10-14 10:55:09,45.13,4500,45.11,U
sh603650,彤程新材,2025-10-14 10:55:12,45.1,16700,45.13,D
sh603650,彤程新材,2025-10-14 10:55:18,45.1,13300,45.11,D
sh603650,彤程新材,2025-10-14 10:55:21,45.15,14000,45.1,U
sh603650,彤程新材,2025-10-14 10:55:27,45.15,5100,45.12,D
sh603650,彤程新材,2025-10-14 10:55:39,45.19,10200,45.18,E
sh603650,彤程新材,2025-10-14 10:55:45,45.2,11700,45.2,D
sh603650,彤程新材,2025-10-14 10:55:57,45.2,10500,45.21,U
sh603650,彤程新材,2025-10-14 10:56:03,45.19,11100,45.2,D
sh603650,彤程新材,2025-10-14 10:56:06,45.19,4600,45.19,U
sh603650,彤程新材,2025-10-14 10:56:15,45.18,9200,45.18,D
sh603650,彤程新材,2025-10-14 10:56:18,45.19,9400,45.18,U
sh603650,彤程新材,2025-10-14 10:56:30,45.17,6600,45.18,D
sh603650,彤程新材,2025-10-14 10:56:33,45.18,9600,45.17,U
sh603650,彤程新材,2025-10-14 10:56:39,45.17,22800,45.18,D
sh603650,彤程新材,2025-10-14 10:56:42,45.18,5600,45.17,U
sh603650,彤程新材,2025-10-14 10:56:45,45.17,4900,45.18,D
sh603650,彤程新材,2025-10-14 10:56:48,45.18,5700,45.17,U
sh603650,彤程新材,2025-10-14 10:56:57,45.19,12100,45.2,E
sh603650,彤程新材,2025-10-14 10:57:06,45.22,13000,45.21,U
sh603650,彤程新材,2025-10-14 10:57:18,45.23,5400,45.23,U
sh603650,彤程新材,2025-10-14 10:57:24,45.23,10200,45.24,D
sh603650,彤程新材,2025-10-14 10:57:33,45.23,8500,45.24,D
sh603650,彤程新材,2025-10-14 10:57:42,45.22,10100,45.23,D
sh603650,彤程新材,2025-10-14 10:57:48,45.22,6400,45.23,D
sh603650,彤程新材,2025-10-14 10:58:06,45.23,7200,45.21,U
sh603650,彤程新材,2025-10-14 10:58:09,45.23,9600,45.23,U
sh603650,彤程新材,2025-10-14 10:58:18,45.14,67200,45.21,D
sh603650,彤程新材,2025-10-14 10:58:21,45.13,9000,45.14,D
sh603650,彤程新材,2025-10-14 10:58:30,45.09,21200,45.11,D
sh603650,彤程新材,2025-10-14 10:58:39,45.08,6500,45.1,D
sh603650,彤程新材,2025-10-14 10:58:42,45.08,14600,45.08,D
sh603650,彤程新材,2025-10-14 10:58:45,45.08,9600,45.08,U
sh603650,彤程新材,2025-10-14 10:58:48,45.07,6900,45.08,D
sh603650,彤程新材,2025-10-14 10:58:51,45.07,7300,45.07,U
sh603650,彤程新材,2025-10-14 10:58:57,45.05,8800,45.06,D
sh603650,彤程新材,2025-10-14 10:59:00,45.05,8200,45.05,D
sh603650,彤程新材,2025-10-14 10:59:06,45.05,7500,45.06,D
sh603650,彤程新材,2025-10-14 10:59:12,45.04,7100,45.03,U
sh603650,彤程新材,2025-10-14 10:59:15,45.02,10300,45.04,D
sh603650,彤程新材,2025-10-14 10:59:18,45.03,10400,45.02,U
sh603650,彤程新材,2025-10-14 10:59:21,45.03,22200,45.03,U
sh603650,彤程新材,2025-10-14 10:59:24,45.01,19600,45.03,D
sh603650,彤程新材,2025-10-14 10:59:27,45.01,11400,45.01,D
sh603650,彤程新材,2025-10-14 10:59:33,45.01,15000,45.01,D
sh603650,彤程新材,2025-10-14 10:59:36,45.01,5900,45.01,D
sh603650,彤程新材,2025-10-14 10:59:39,45.02,14100,45.01,U
sh603650,彤程新材,2025-10-14 10:59:42,45.02,24400,45.02,U
sh603650,彤程新材,2025-10-14 10:59:48,45.01,13800,45.02,D
sh603650,彤程新材,2025-10-14 10:59:51,45.01,19500,45.01,D
sh603650,彤程新材,2025-10-14 10:59:57,45.01,18500,45.01,U
sh603650,彤程新材,2025-10-14 11:00:09,45.01,8200,45.01,D
sh603650,彤程新材,2025-10-14 11:00:12,45.02,11900,45.01,U
sh603650,彤程新材,2025-10-14 11:00:18,45.03,6600,45.01,U
sh603650,彤程新材,2025-10-14 11:00:21,45.02,4900,45.03,D
sh603650,彤程新材,2025-10-14 11:00:27,45.05,18100,45.04,U
sh603650,彤程新材,2025-10-14 11:00:30,45.05,4600,45.05,U
sh603650,彤程新材,2025-10-14 11:00:33,45.04,10900,45.05,E
sh603650,彤程新材,2025-10-14 11:00:39,45.06,12934,45.03,U
sh603650,彤程新材,2025-10-14 11:00:45,45.05,4600,45.04,E
sh603650,彤程新材,2025-10-14 11:00:48,45.07,6300,45.05,U
sh603650,彤程新材,2025-10-14 11:00:57,45.12,11500,45.09,U
sh603650,彤程新材,2025-10-14 11:01:00,45.11,5900,45.12,E
sh603650,彤程新材,2025-10-14 11:01:06,45.1,9200,45.14,D
sh603650,彤程新材,2025-10-14 11:01:09,45.1,13200,45.1,U
sh603650,彤程新材,2025-10-14 11:01:18,45.17,5100,45.18,E
sh603650,彤程新材,2025-10-14 11:01:21,45.16,5300,45.17,E
sh603650,彤程新材,2025-10-14 11:01:24,45.16,5900,45.16,U
sh603650,彤程新材,2025-10-14 11:01:27,45.16,4900,45.16,U
sh603650,彤程新材,2025-10-14 11:01:30,45.13,4900,45.16,E
sh603650,彤程新材,2025-10-14 11:01:36,45.15,6200,45.15,U
sh603650,彤程新材,2025-10-14 11:01:42,45.14,7100,45.14,U
sh603650,彤程新材,2025-10-14 11:01:45,45.15,8700,45.14,U
sh603650,彤程新材,2025-10-14 11:01:48,45.15,5100,45.15,D
sh603650,彤程新材,2025-10-14 11:02:12,45.18,8300,45.23,D
sh603650,彤程新材,2025-10-14 11:02:57,45.37,9300,45.35,U
sh603650,彤程新材,2025-10-14 11:03:06,45.37,11900,45.39,D
sh603650,彤程新材,2025-10-14 11:03:09,45.33,26300,45.37,D
sh603650,彤程新材,2025-10-14 11:03:12,45.33,22900,45.33,U
sh603650,彤程新材,2025-10-14 11:03:15,45.34,9100,45.33,U
sh603650,彤程新材,2025-10-14 11:03:21,45.34,25200,45.32,U
sh603650,彤程新材,2025-10-14 11:03:33,45.33,5200,45.33,U
sh603650,彤程新材,2025-10-14 11:03:39,45.32,11400,45.33,D
sh603650,彤程新材,2025-10-14 11:03:45,45.28,11700,45.31,D
sh603650,彤程新材,2025-10-14 11:03:51,45.26,4500,45.28,D
sh603650,彤程新材,2025-10-14 11:04:00,45.24,5500,45.26,D
sh603650,彤程新材,2025-10-14 11:04:21,45.23,7100,45.23,U
sh603650,彤程新材,2025-10-14 11:04:24,45.2,8400,45.23,D
sh603650,彤程新材,2025-10-14 11:04:51,45.16,6100,45.16,U
sh603650,彤程新材,2025-10-14 11:05:03,45.13,6600,45.14,D
sh603650,彤程新材,2025-10-14 11:05:21,45.12,5100,45.13,D
sh603650,彤程新材,2025-10-14 11:05:33,45.13,15000,45.13,U
sh603650,彤程新材,2025-10-14 11:05:54,45.09,27100,45.14,D
sh603650,彤程新材,2025-10-14 11:05:57,45.06,20200,45.09,D
sh603650,彤程新材,2025-10-14 11:06:00,45.04,15100,45.06,D
sh603650,彤程新材,2025-10-14 11:06:03,44.93,236066,45.04,D
sh603650,彤程新材,2025-10-14 11:06:06,44.88,36900,44.93,D
sh603650,彤程新材,2025-10-14 11:06:09,44.87,8800,44.88,D
sh603650,彤程新材,2025-10-14 11:06:18,44.8,7600,44.81,D
sh603650,彤程新材,2025-10-14 11:06:21,44.78,9100,44.8,D
sh603650,彤程新材,2025-10-14 11:06:24,44.8,5100,44.78,U
sh603650,彤程新材,2025-10-14 11:06:27,44.71,16000,44.8,D
sh603650,彤程新材,2025-10-14 11:06:36,44.68,4900,44.69,E
sh603650,彤程新材,2025-10-14 11:06:39,44.69,13900,44.68,U
sh603650,彤程新材,2025-10-14 11:06:42,44.67,16100,44.69,D
sh603650,彤程新材,2025-10-14 11:06:45,44.67,26700,44.67,D
sh603650,彤程新材,2025-10-14 11:06:48,44.67,4900,44.67,U
sh603650,彤程新材,2025-10-14 11:06:51,44.66,6700,44.67,E
sh603650,彤程新材,2025-10-14 11:06:54,44.66,11400,44.66,U
sh603650,彤程新材,2025-10-14 11:06:57,44.6,10900,44.66,D
sh603650,彤程新材,2025-10-14 11:07:00,44.57,5300,44.6,D
sh603650,彤程新材,2025-10-14 11:07:03,44.57,13700,44.57,D
sh603650,彤程新材,2025-10-14 11:07:06,44.57,5600,44.57,U
sh603650,彤程新材,2025-10-14 11:07:09,44.55,5800,44.57,D
sh603650,彤程新材,2025-10-14 11:07:12,44.52,17600,44.55,D
sh603650,彤程新材,2025-10-14 11:07:15,44.51,10000,44.52,D
sh603650,彤程新材,2025-10-14 11:07:18,44.51,12300,44.51,D
sh603650,彤程新材,2025-10-14 11:07:21,44.5,24300,44.51,D
sh603650,彤程新材,2025-10-14 11:07:24,44.5,7500,44.5,U
sh603650,彤程新材,2025-10-14 11:07:27,44.5,25500,44.5,U
sh603650,彤程新材,2025-10-14 11:07:30,44.49,17200,44.5,E
sh603650,彤程新材,2025-10-14 11:07:33,44.49,16100,44.49,U
sh603650,彤程新材,2025-10-14 11:07:36,44.51,25200,44.49,U
sh603650,彤程新材,2025-10-14 11:07:39,44.51,34600,44.51,U
sh603650,彤程新材,2025-10-14 11:07:42,44.5,17100,44.51,D
sh603650,彤程新材,2025-10-14 11:07:45,44.5,8900,44.5,D
sh603650,彤程新材,2025-10-14 11:07:48,44.5,21100,44.5,U
sh603650,彤程新材,2025-10-14 11:07:51,44.56,9000,44.5,U
sh603650,彤程新材,2025-10-14 11:08:00,44.59,6300,44.66,D
sh603650,彤程新材,2025-10-14 11:08:03,44.58,7800,44.59,E
sh603650,彤程新材,2025-10-14 11:08:06,44.58,4900,44.58,U
sh603650,彤程新材,2025-10-14 11:08:09,44.57,6300,44.58,E
sh603650,彤程新材,2025-10-14 11:08:12,44.5,20100,44.57,D
sh603650,彤程新材,2025-10-14 11:08:18,44.51,12400,44.51,U
sh603650,彤程新材,2025-10-14 11:08:24,44.45,50500,44.51,D
sh603650,彤程新材,2025-10-14 11:08:27,44.51,18900,44.45,U
sh603650,彤程新材,2025-10-14 11:08:30,44.43,18800,44.51,D
sh603650,彤程新材,2025-10-14 11:08:33,44.44,5100,44.43,D
sh603650,彤程新材,2025-10-14 11:08:39,44.45,20600,44.46,D
sh603650,彤程新材,2025-10-14 11:08:45,44.4,9200,44.44,D
sh603650,彤程新材,2025-10-14 11:08:48,44.4,24100,44.4,U
sh603650,彤程新材,2025-10-14 11:08:51,44.35,10600,44.4,D
sh603650,彤程新材,2025-10-14 11:08:54,44.37,42600,44.35,D
sh603650,彤程新材,2025-10-14 11:08:57,44.45,17100,44.37,U
sh603650,彤程新材,2025-10-14 11:09:00,44.34,18000,44.45,D
sh603650,彤程新材,2025-10-14 11:09:06,44.45,24600,44.45,D
sh603650,彤程新材,2025-10-14 11:09:09,44.38,8100,44.45,D
sh603650,彤程新材,2025-10-14 11:09:12,44.45,8600,44.38,D
sh603650,彤程新材,2025-10-14 11:09:15,44.46,6800,44.45,E
sh603650,彤程新材,2025-10-14 11:09:18,44.44,6900,44.46,E
sh603650,彤程新材,2025-10-14 11:09:21,44.46,15100,44.44,E
sh603650,彤程新材,2025-10-14 11:09:33,44.47,6200,44.59,E
sh603650,彤程新材,2025-10-14 11:09:42,44.59,5500,44.6,D
sh603650,彤程新材,2025-10-14 11:09:51,44.59,7600,44.59,D
sh603650,彤程新材,2025-10-14 11:09:54,44.59,6200,44.59,D
sh603650,彤程新材,2025-10-14 11:10:00,44.6,14800,44.6,D
sh603650,彤程新材,2025-10-14 11:10:03,44.6,6600,44.6,D
sh603650,彤程新材,2025-10-14 11:10:06,44.59,31700,44.6,D
sh603650,彤程新材,2025-10-14 11:10:09,44.6,13400,44.59,U
sh603650,彤程新材,2025-10-14 11:10:15,44.59,7000,44.55,U
sh603650,彤程新材,2025-10-14 11:10:24,44.54,7300,44.55,D
sh603650,彤程新材,2025-10-14 11:10:30,44.51,9100,44.53,D
sh603650,彤程新材,2025-10-14 11:10:36,44.53,12500,44.5,U
sh603650,彤程新材,2025-10-14 11:10:39,44.51,5500,44.53,E
sh603650,彤程新材,2025-10-14 11:10:51,44.49,20400,44.5,D
sh603650,彤程新材,2025-10-14 11:10:57,44.5,9400,44.49,U
sh603650,彤程新材,2025-10-14 11:11:00,44.5,7100,44.5,U
sh603650,彤程新材,2025-10-14 11:11:03,44.5,10600,44.5,U
sh603650,彤程新材,2025-10-14 11:11:09,44.49,4700,44.49,U
sh603650,彤程新材,2025-10-14 11:11:15,44.48,8400,44.48,D
sh603650,彤程新材,2025-10-14 11:11:36,44.46,11300,44.45,U
sh603650,彤程新材,2025-10-14 11:11:39,44.45,16300,44.46,D
sh603650,彤程新材,2025-10-14 11:11:57,44.4,8200,44.41,D
sh603650,彤程新材,2025-10-14 11:12:00,44.4,10000,44.4,U
sh603650,彤程新材,2025-10-14 11:12:03,44.39,36400,44.4,D
sh603650,彤程新材,2025-10-14 11:12:12,44.4,6300,44.39,U
sh603650,彤程新材,2025-10-14 11:12:18,44.37,9400,44.39,D
sh603650,彤程新材,2025-10-14 11:12:21,44.36,11900,44.37,E
sh603650,彤程新材,2025-10-14 11:12:30,44.31,9100,44.31,D
sh603650,彤程新材,2025-10-14 11:12:33,44.31,7100,44.31,D
sh603650,彤程新材,2025-10-14 11:12:36,44.3,9800,44.31,D
sh603650,彤程新材,2025-10-14 11:12:39,44.3,15600,44.3,D
sh603650,彤程新材,2025-10-14 11:12:42,44.29,10600,44.3,D
sh603650,彤程新材,2025-10-14 11:12:48,44.29,23400,44.29,D
sh603650,彤程新材,2025-10-14 11:12:51,44.29,9100,44.29,D
sh603650,彤程新材,2025-10-14 11:12:57,44.28,7600,44.29,D
sh603650,彤程新材,2025-10-14 11:13:00,44.32,46800,44.28,U
sh603650,彤程新材,2025-10-14 11:13:03,44.36,10000,44.32,U
sh603650,彤程新材,2025-10-14 11:13:06,44.45,40600,44.36,U
sh603650,彤程新材,2025-10-14 11:13:12,44.39,4900,44.39,D
sh603650,彤程新材,2025-10-14 11:13:18,44.48,4500,44.46,U
sh603650,彤程新材,2025-10-14 11:13:27,44.46,11500,44.48,D
sh603650,彤程新材,2025-10-14 11:13:30,44.46,5900,44.46,U
sh603650,彤程新材,2025-10-14 11:13:33,44.46,15800,44.46,U
sh603650,彤程新材,2025-10-14 11:13:39,44.48,5500,44.46,U
sh603650,彤程新材,2025-10-14 11:13:42,44.51,73544,44.48,U
sh603650,彤程新材,2025-10-14 11:13:51,44.6,53500,44.6,U
sh603650,彤程新材,2025-10-14 11:14:03,44.6,22100,44.61,D
sh603650,彤程新材,2025-10-14 11:14:06,44.6,15900,44.6,U
sh603650,彤程新材,2025-10-14 11:14:09,44.59,4700,44.6,E
sh603650,彤程新材,2025-10-14 11:14:12,44.53,7700,44.59,D
sh603650,彤程新材,2025-10-14 11:14:15,44.53,10600,44.53,U
sh603650,彤程新材,2025-10-14 11:14:21,44.53,6300,44.53,U
sh603650,彤程新材,2025-10-14 11:14:27,44.53,6700,44.53,U
sh603650,彤程新材,2025-10-14 11:14:54,44.6,9500,44.57,U
sh603650,彤程新材,2025-10-14 11:15:03,44.6,8700,44.57,U
sh603650,彤程新材,2025-10-14 11:15:27,44.71,6400,44.7,U
sh603650,彤程新材,2025-10-14 11:15:33,44.73,7900,44.71,U
sh603650,彤程新材,2025-10-14 11:15:54,44.92,5800,44.87,U
sh603650,彤程新材,2025-10-14 11:15:57,44.91,11000,44.92,U
sh603650,彤程新材,2025-10-14 11:16:00,44.89,18100,44.91,D
sh603650,彤程新材,2025-10-14 11:16:03,44.8,9000,44.89,D
sh603650,彤程新材,2025-10-14 11:16:06,44.73,9000,44.8,D
sh603650,彤程新材,2025-10-14 11:16:09,44.7,14800,44.73,D
sh603650,彤程新材,2025-10-14 11:16:21,44.76,4800,44.72,U
sh603650,彤程新材,2025-10-14 11:16:42,44.82,5300,44.84,D
sh603650,彤程新材,2025-10-14 11:16:48,44.84,5200,44.86,D
sh603650,彤程新材,2025-10-14 11:16:57,44.86,7500,44.86,D
sh603650,彤程新材,2025-10-14 11:17:00,44.85,49300,44.86,D
sh603650,彤程新材,2025-10-14 11:17:03,44.81,15000,44.85,D
sh603650,彤程新材,2025-10-14 11:17:06,44.8,9500,44.81,D
sh603650,彤程新材,2025-10-14 11:17:12,44.78,18100,44.81,D
sh603650,彤程新材,2025-10-14 11:17:21,44.76,16800,44.78,D
sh603650,彤程新材,2025-10-14 11:17:36,44.69,28500,44.7,D
sh603650,彤程新材,2025-10-14 11:17:39,44.69,5100,44.69,D
sh603650,彤程新材,2025-10-14 11:17:48,44.69,4800,44.69,D
sh603650,彤程新材,2025-10-14 11:19:21,44.59,9000,44.63,D
sh603650,彤程新材,2025-10-14 11:19:33,44.57,7900,44.57,D
sh603650,彤程新材,2025-10-14 11:20:12,44.59,8900,44.6,U
sh603650,彤程新材,2025-10-14 11:20:21,44.58,7800,44.59,D
sh603650,彤程新材,2025-10-14 11:20:36,44.58,10200,44.58,U
sh603650,彤程新材,2025-10-14 11:20:42,44.58,4800,44.58,U
sh603650,彤程新材,2025-10-14 11:20:45,44.57,7400,44.58,D
sh603650,彤程新材,2025-10-14 11:21:00,44.58,6000,44.6,D
sh603650,彤程新材,2025-10-14 11:21:06,44.59,5300,44.59,U
sh603650,彤程新材,2025-10-14 11:21:12,44.59,6300,44.59,U
sh603650,彤程新材,2025-10-14 11:21:15,44.59,7100,44.59,U
sh603650,彤程新材,2025-10-14 11:22:00,44.66,5000,44.66,D
sh603650,彤程新材,2025-10-14 11:22:42,44.71,9300,44.7,U
sh603650,彤程新材,2025-10-14 11:23:27,44.79,10600,44.77,U
sh603650,彤程新材,2025-10-14 11:23:42,44.84,4900,44.8,U
sh603650,彤程新材,2025-10-14 11:24:00,44.84,6000,44.88,D
sh603650,彤程新材,2025-10-14 11:24:03,44.84,6200,44.84,U
sh603650,彤程新材,2025-10-14 11:24:06,44.85,16200,44.84,U
sh603650,彤程新材,2025-10-14 11:24:24,44.8,8000,44.84,D
sh603650,彤程新材,2025-10-14 11:24:33,44.81,5100,44.84,D
sh603650,彤程新材,2025-10-14 11:24:48,44.81,11000,44.84,D
sh603650,彤程新材,2025-10-14 11:24:57,44.77,21000,44.82,D
sh603650,彤程新材,2025-10-14 11:25:00,44.74,5300,44.77,D
sh603650,彤程新材,2025-10-14 11:25:42,44.82,18200,44.79,U
sh603650,彤程新材,2025-10-14 11:25:57,44.86,10800,44.83,U
sh603650,彤程新材,2025-10-14 11:26:03,44.83,12600,44.83,D
sh603650,彤程新材,2025-10-14 11:26:06,44.75,4500,44.83,D
sh603650,彤程新材,2025-10-14 11:26:15,44.67,6900,44.71,D
sh603650,彤程新材,2025-10-14 11:26:33,44.67,7400,44.69,D
sh603650,彤程新材,2025-10-14 11:26:39,44.65,25800,44.68,D
sh603650,彤程新材,2025-10-14 11:26:42,44.65,5300,44.65,D
sh603650,彤程新材,2025-10-14 11:26:48,44.64,5800,44.66,D
sh603650,彤程新材,2025-10-14 11:26:51,44.64,7100,44.64,D
sh603650,彤程新材,2025-10-14 11:26:54,44.6,5100,44.64,D
sh603650,彤程新材,2025-10-14 11:26:57,44.64,12400,44.6,U
sh603650,彤程新材,2025-10-14 11:27:27,44.65,16500,44.59,U
sh603650,彤程新材,2025-10-14 11:27:42,44.65,6200,44.66,D
sh603650,彤程新材,2025-10-14 11:27:51,44.7,7300,44.65,U
sh603650,彤程新材,2025-10-14 11:28:06,44.65,4700,44.65,U
sh603650,彤程新材,2025-10-14 11:28:09,44.68,11900,44.65,U
sh603650,彤程新材,2025-10-14 11:28:33,44.7,6500,44.68,U
sh603650,彤程新材,2025-10-14 11:29:00,44.75,5200,44.75,D
sh603650,彤程新材,2025-10-14 11:29:03,44.75,5600,44.75,D
sh603650,彤程新材,2025-10-14 13:00:06,44.92,12900,44.95,D
sh603650,彤程新材,2025-10-14 13:00:09,44.95,22700,44.92,E
sh603650,彤程新材,2025-10-14 13:00:12,44.93,11000,44.95,D
sh603650,彤程新材,2025-10-14 13:00:15,44.95,28400,44.93,E
sh603650,彤程新材,2025-10-14 13:00:18,44.93,32600,44.95,E
sh603650,彤程新材,2025-10-14 13:00:24,44.88,12500,44.9,D
sh603650,彤程新材,2025-10-14 13:00:27,44.86,6000,44.88,D
sh603650,彤程新材,2025-10-14 13:00:30,44.79,17700,44.86,D
sh603650,彤程新材,2025-10-14 13:00:33,44.75,15600,44.79,D
sh603650,彤程新材,2025-10-14 13:01:39,44.85,13400,44.84,U
sh603650,彤程新材,2025-10-14 13:02:03,44.84,4500,44.82,U
sh603650,彤程新材,2025-10-14 13:02:06,44.8,9300,44.84,D
sh603650,彤程新材,2025-10-14 13:02:12,44.95,13200,44.8,U
sh603650,彤程新材,2025-10-14 13:02:36,44.79,7500,44.85,D
sh603650,彤程新材,2025-10-14 13:02:45,44.78,7400,44.79,D
sh603650,彤程新材,2025-10-14 13:03:03,44.77,10300,44.78,D
sh603650,彤程新材,2025-10-14 13:03:06,44.79,8800,44.77,U
sh603650,彤程新材,2025-10-14 13:03:24,44.73,14100,44.78,D
sh603650,彤程新材,2025-10-14 13:03:36,44.8,5700,44.71,U
sh603650,彤程新材,2025-10-14 13:03:48,44.7,11000,44.71,D
sh603650,彤程新材,2025-10-14 13:04:21,44.68,10000,44.68,U
sh603650,彤程新材,2025-10-14 13:04:36,44.65,7800,44.66,D
sh603650,彤程新材,2025-10-14 13:05:12,44.61,4980,44.6,U
sh603650,彤程新材,2025-10-14 13:06:12,44.52,6400,44.56,D
sh603650,彤程新材,2025-10-14 13:06:30,44.52,7700,44.53,E
sh603650,彤程新材,2025-10-14 13:07:15,44.53,5400,44.53,U
sh603650,彤程新材,2025-10-14 13:07:18,44.53,4800,44.53,U
sh603650,彤程新材,2025-10-14 13:07:21,44.54,5100,44.53,U
sh603650,彤程新材,2025-10-14 13:07:27,44.54,5600,44.54,U
sh603650,彤程新材,2025-10-14 13:07:45,44.65,9600,44.6,U
sh603650,彤程新材,2025-10-14 13:08:06,44.65,4800,44.65,U
sh603650,彤程新材,2025-10-14 13:08:21,44.66,8800,44.74,D
sh603650,彤程新材,2025-10-14 13:08:42,44.7,9500,44.72,D
sh603650,彤程新材,2025-10-14 13:09:09,44.67,5700,44.68,D
sh603650,彤程新材,2025-10-14 13:09:12,44.66,19100,44.67,D
sh603650,彤程新材,2025-10-14 13:09:15,44.67,8400,44.66,E
sh603650,彤程新材,2025-10-14 13:09:27,44.66,6400,44.66,D
sh603650,彤程新材,2025-10-14 13:09:39,44.65,7700,44.63,U
sh603650,彤程新材,2025-10-14 13:09:57,44.58,14100,44.61,D
sh603650,彤程新材,2025-10-14 13:10:06,44.5,41600,44.57,D
sh603650,彤程新材,2025-10-14 13:10:15,44.5,36600,44.57,D
sh603650,彤程新材,2025-10-14 13:10:18,44.5,6600,44.5,U
sh603650,彤程新材,2025-10-14 13:10:30,44.5,6100,44.48,D
sh603650,彤程新材,2025-10-14 13:10:36,44.51,6900,44.48,U
sh603650,彤程新材,2025-10-14 13:10:51,44.51,5100,44.5,U
sh603650,彤程新材,2025-10-14 13:11:27,44.51,4900,44.52,D
sh603650,彤程新材,2025-10-14 13:12:00,44.54,6600,44.54,D
sh603650,彤程新材,2025-10-14 13:12:21,44.56,9900,44.56,E
sh603650,彤程新材,2025-10-14 13:12:27,44.57,6800,44.57,U
sh603650,彤程新材,2025-10-14 13:12:33,44.56,18700,44.57,D
sh603650,彤程新材,2025-10-14 13:12:54,44.56,7500,44.56,D
sh603650,彤程新材,2025-10-14 13:12:57,44.56,5000,44.56,U
sh603650,彤程新材,2025-10-14 13:13:00,44.55,5500,44.56,D
sh603650,彤程新材,2025-10-14 13:13:12,44.58,10300,44.56,D
sh603650,彤程新材,2025-10-14 13:13:18,44.64,9000,44.62,U
sh603650,彤程新材,2025-10-14 13:13:21,44.61,8700,44.64,D
sh603650,彤程新材,2025-10-14 13:13:57,44.7,4500,44.7,D
sh603650,彤程新材,2025-10-14 13:14:00,44.77,5400,44.7,U
sh603650,彤程新材,2025-10-14 13:14:06,44.77,5000,44.76,U
sh603650,彤程新材,2025-10-14 13:14:36,44.9,8000,44.89,U
sh603650,彤程新材,2025-10-14 13:14:42,44.99,5700,44.92,U
sh603650,彤程新材,2025-10-14 13:14:57,45.2,4700,45.14,U
sh603650,彤程新材,2025-10-14 13:15:00,45.16,10800,45.2,D
sh603650,彤程新材,2025-10-14 13:15:15,45.36,11600,45.34,U
sh603650,彤程新材,2025-10-14 13:15:18,45.39,5600,45.36,U
sh603650,彤程新材,2025-10-14 13:15:21,45.41,5300,45.39,U
sh603650,彤程新材,2025-10-14 13:15:27,45.45,6800,45.42,D
sh603650,彤程新材,2025-10-14 13:15:30,45.49,10800,45.45,U
sh603650,彤程新材,2025-10-14 13:15:33,45.38,62200,45.49,D
sh603650,彤程新材,2025-10-14 13:15:36,45.45,21200,45.38,U
sh603650,彤程新材,2025-10-14 13:15:39,45.45,5100,45.45,E
sh603650,彤程新材,2025-10-14 13:15:42,45.48,15600,45.45,U
sh603650,彤程新材,2025-10-14 13:15:45,45.48,8400,45.48,U
sh603650,彤程新材,2025-10-14 13:15:48,45.47,8900,45.48,D
sh603650,彤程新材,2025-10-14 13:15:54,45.48,14100,45.47,U
sh603650,彤程新材,2025-10-14 13:15:57,45.35,11300,45.48,D
sh603650,彤程新材,2025-10-14 13:16:00,45.3,16700,45.35,D
sh603650,彤程新材,2025-10-14 13:16:09,45.2,7000,45.28,D
sh603650,彤程新材,2025-10-14 13:16:15,45.22,5000,45.28,D
sh603650,彤程新材,2025-10-14 13:16:18,45.1,12300,45.22,D
sh603650,彤程新材,2025-10-14 13:16:57,45.19,4600,45.19,D
sh603650,彤程新材,2025-10-14 13:17:00,45.15,6600,45.19,D
sh603650,彤程新材,2025-10-14 13:17:03,45.11,5000,45.15,D
sh603650,彤程新材,2025-10-14 13:17:06,45.06,36000,45.11,D
sh603650,彤程新材,2025-10-14 13:17:09,45.0,11300,45.06,D
sh603650,彤程新材,2025-10-14 13:17:15,45.06,5600,45.0,U
sh603650,彤程新材,2025-10-14 13:17:57,45.11,22700,45.15,D
sh603650,彤程新材,2025-10-14 13:18:00,45.15,8500,45.11,U
sh603650,彤程新材,2025-10-14 13:18:33,45.27,8600,45.29,D
sh603650,彤程新材,2025-10-14 13:18:36,45.29,6400,45.27,E
sh603650,彤程新材,2025-10-14 13:18:39,45.34,16400,45.29,U
sh603650,彤程新材,2025-10-14 13:18:42,45.34,10200,45.34,U
sh603650,彤程新材,2025-10-14 13:18:45,45.27,5000,45.34,D
sh603650,彤程新材,2025-10-14 13:18:48,45.34,28100,45.27,U
sh603650,彤程新材,2025-10-14 13:18:51,45.32,8500,45.34,D
sh603650,彤程新材,2025-10-14 13:18:54,45.32,9300,45.32,D
sh603650,彤程新材,2025-10-14 13:19:00,45.27,10000,45.3,D
sh603650,彤程新材,2025-10-14 13:19:03,45.23,16900,45.27,D
sh603650,彤程新材,2025-10-14 13:19:09,45.25,5600,45.2,U
sh603650,彤程新材,2025-10-14 13:19:12,45.17,12600,45.25,D
sh603650,彤程新材,2025-10-14 13:19:21,45.22,5800,45.2,E
sh603650,彤程新材,2025-10-14 13:19:30,45.22,13400,45.25,D
sh603650,彤程新材,2025-10-14 13:19:48,45.25,11500,45.25,U
sh603650,彤程新材,2025-10-14 13:20:00,45.16,6800,45.18,D
sh603650,彤程新材,2025-10-14 13:20:03,45.25,5600,45.16,U
sh603650,彤程新材,2025-10-14 13:20:06,45.2,5100,45.25,D
sh603650,彤程新材,2025-10-14 13:20:30,45.24,4500,45.22,U
sh603650,彤程新材,2025-10-14 13:21:03,45.18,19300,45.22,D
sh603650,彤程新材,2025-10-14 13:21:09,45.18,15800,45.16,U
sh603650,彤程新材,2025-10-14 13:21:45,45.2,8100,45.18,U
sh603650,彤程新材,2025-10-14 13:21:54,45.18,6700,45.2,D
sh603650,彤程新材,2025-10-14 13:22:00,45.17,16500,45.18,D
sh603650,彤程新材,2025-10-14 13:22:39,45.21,11200,45.22,D
sh603650,彤程新材,2025-10-14 13:22:42,45.16,8400,45.21,D
sh603650,彤程新材,2025-10-14 13:23:06,45.1,6300,45.1,D
sh603650,彤程新材,2025-10-14 13:23:18,45.05,5400,45.06,D
sh603650,彤程新材,2025-10-14 13:23:45,45.0,7100,45.01,D
sh603650,彤程新材,2025-10-14 13:23:54,45.0,6400,45.0,D
sh603650,彤程新材,2025-10-14 13:24:39,44.89,6500,44.89,U
sh603650,彤程新材,2025-10-14 13:25:45,44.95,5500,44.95,U
sh603650,彤程新材,2025-10-14 13:26:36,45.16,4600,45.16,U
sh603650,彤程新材,2025-10-14 13:26:39,45.2,7600,45.16,U
sh603650,彤程新材,2025-10-14 13:26:57,45.25,4500,45.25,E
sh603650,彤程新材,2025-10-14 13:27:00,45.2,10300,45.25,D
sh603650,彤程新材,2025-10-14 13:27:48,45.2,12600,45.22,E
sh603650,彤程新材,2025-10-14 13:28:00,45.18,13500,45.22,D
sh603650,彤程新材,2025-10-14 13:28:03,45.22,7700,45.18,U
sh603650,彤程新材,2025-10-14 13:28:21,45.18,13800,45.14,U
sh603650,彤程新材,2025-10-14 13:28:27,45.09,8500,45.1,D
sh603650,彤程新材,2025-10-14 13:28:36,45.05,15500,45.05,D
sh603650,彤程新材,2025-10-14 13:28:39,45.02,5900,45.05,D
sh603650,彤程新材,2025-10-14 13:29:03,45.01,4500,45.02,D
sh603650,彤程新材,2025-10-14 13:29:09,45.02,4900,45.04,E
sh603650,彤程新材,2025-10-14 13:31:30,45.11,11000,45.18,D
sh603650,彤程新材,2025-10-14 13:31:36,45.2,6300,45.18,U
sh603650,彤程新材,2025-10-14 13:31:39,45.14,6900,45.2,D
sh603650,彤程新材,2025-10-14 13:31:45,45.15,10700,45.2,E
sh603650,彤程新材,2025-10-14 13:32:09,45.19,5600,45.2,D
sh603650,彤程新材,2025-10-14 13:32:51,45.22,5100,45.22,U
sh603650,彤程新材,2025-10-14 13:33:24,45.2,13800,45.24,D
sh603650,彤程新材,2025-10-14 13:33:27,45.18,19200,45.2,D
sh603650,彤程新材,2025-10-14 13:34:00,45.11,4800,45.12,D
sh603650,彤程新材,2025-10-14 13:35:06,45.08,5100,45.09,D
sh603650,彤程新材,2025-10-14 13:36:03,45.06,5600,45.06,D
sh603650,彤程新材,2025-10-14 13:36:18,45.05,5200,45.05,D
sh603650,彤程新材,2025-10-14 13:36:33,45.04,5600,45.05,D
sh603650,彤程新材,2025-10-14 13:37:00,45.03,4900,45.04,D
sh603650,彤程新材,2025-10-14 13:39:33,45.03,11500,45.06,D
sh603650,彤程新材,2025-10-14 13:39:42,45.03,12300,45.04,D
sh603650,彤程新材,2025-10-14 13:39:54,45.01,25300,45.05,D
sh603650,彤程新材,2025-10-14 13:41:18,45.02,8900,45.02,D
sh603650,彤程新材,2025-10-14 13:41:24,45.01,8200,45.02,D
sh603650,彤程新材,2025-10-14 13:45:03,45.12,8300,45.11,U
sh603650,彤程新材,2025-10-14 13:45:36,45.16,5500,45.16,U
sh603650,彤程新材,2025-10-14 13:45:39,45.12,4600,45.16,D
sh603650,彤程新材,2025-10-14 13:45:54,45.1,6000,45.1,D
sh603650,彤程新材,2025-10-14 13:46:27,45.0,79400,45.01,D
sh603650,彤程新材,2025-10-14 13:46:57,45.0,6800,45.01,D
sh603650,彤程新材,2025-10-14 13:47:15,45.0,44300,45.02,D
sh603650,彤程新材,2025-10-14 13:48:09,45.01,11200,45.02,D
sh603650,彤程新材,2025-10-14 13:49:33,45.04,4500,45.03,U
sh603650,彤程新材,2025-10-14 13:50:15,45.03,5000,45.04,D
sh603650,彤程新材,2025-10-14 13:50:51,45.05,4700,45.05,U
sh603650,彤程新材,2025-10-14 13:51:18,45.05,17200,45.05,U
sh603650,彤程新材,2025-10-14 13:51:48,45.04,10800,45.05,D
sh603650,彤程新材,2025-10-14 13:51:54,45.04,6800,45.05,D
sh603650,彤程新材,2025-10-14 13:52:09,45.05,10200,45.05,U
sh603650,彤程新材,2025-10-14 13:53:39,45.18,5900,45.18,U
sh603650,彤程新材,2025-10-14 13:54:27,45.3,8100,45.3,U
sh603650,彤程新材,2025-10-14 13:54:33,45.27,10700,45.3,D
sh603650,彤程新材,2025-10-14 13:54:36,45.29,8000,45.27,U
sh603650,彤程新材,2025-10-14 13:54:39,45.23,7300,45.29,D
sh603650,彤程新材,2025-10-14 13:55:03,45.19,11000,45.2,D
sh603650,彤程新材,2025-10-14 13:55:48,45.05,14100,45.05,D
sh603650,彤程新材,2025-10-14 13:57:51,45.05,12900,45.07,D
sh603650,彤程新材,2025-10-14 13:58:00,45.07,13500,45.07,D
sh603650,彤程新材,2025-10-14 13:58:09,45.08,11500,45.08,U
sh603650,彤程新材,2025-10-14 13:58:15,45.06,4500,45.07,D
sh603650,彤程新材,2025-10-14 13:58:27,45.05,5800,45.05,D
sh603650,彤程新材,2025-10-14 13:58:51,45.02,11200,45.01,U
sh603650,彤程新材,2025-10-14 13:58:54,45.02,5800,45.02,U
sh603650,彤程新材,2025-10-14 13:59:00,45.0,64600,45.01,D
sh603650,彤程新材,2025-10-14 13:59:03,45.01,9700,45.0,U
sh603650,彤程新材,2025-10-14 13:59:06,45.0,12200,45.01,D
sh603650,彤程新材,2025-10-14 13:59:15,45.0,5400,45.0,D
sh603650,彤程新材,2025-10-14 13:59:48,45.0,8700,45.01,D
sh603650,彤程新材,2025-10-14 13:59:51,45.01,5200,45.0,U
sh603650,彤程新材,2025-10-14 13:59:57,45.0,20900,45.01,D
sh603650,彤程新材,2025-10-14 14:00:00,45.0,63700,45.0,D
sh603650,彤程新材,2025-10-14 14:00:03,45.0,59000,45.0,D
sh603650,彤程新材,2025-10-14 14:00:12,45.0,24400,45.01,D
sh603650,彤程新材,2025-10-14 14:00:18,44.99,64700,45.01,D
sh603650,彤程新材,2025-10-14 14:00:21,45.0,5225,44.99,E
sh603650,彤程新材,2025-10-14 14:00:36,44.9,6700,44.93,D
sh603650,彤程新材,2025-10-14 14:00:42,44.88,7900,44.9,D
sh603650,彤程新材,2025-10-14 14:00:48,44.85,5300,44.87,D
sh603650,彤程新材,2025-10-14 14:00:51,44.86,12500,44.85,U
sh603650,彤程新材,2025-10-14 14:00:54,44.8,5625,44.86,D
sh603650,彤程新材,2025-10-14 14:00:57,44.8,13700,44.8,D
sh603650,彤程新材,2025-10-14 14:01:00,44.83,7300,44.8,U
sh603650,彤程新材,2025-10-14 14:01:06,44.8,5400,44.81,D
sh603650,彤程新材,2025-10-14 14:01:09,44.8,5500,44.8,D
sh603650,彤程新材,2025-10-14 14:01:21,44.8,6975,44.8,D
sh603650,彤程新材,2025-10-14 14:01:30,44.78,5775,44.8,D
sh603650,彤程新材,2025-10-14 14:01:57,44.92,5100,44.9,E
sh603650,彤程新材,2025-10-14 14:03:33,45.0,10000,44.99,U
sh603650,彤程新材,2025-10-14 14:03:42,45.0,15200,44.99,U
sh603650,彤程新材,2025-10-14 14:04:00,44.99,6600,45.02,D
sh603650,彤程新材,2025-10-14 14:05:00,45.08,6000,45.1,D
sh603650,彤程新材,2025-10-14 14:06:45,45.1,15400,45.15,D
sh603650,彤程新材,2025-10-14 14:07:30,45.0,10800,45.0,D
sh603650,彤程新材,2025-10-14 14:07:36,45.0,5000,45.0,D
sh603650,彤程新材,2025-10-14 14:07:42,45.0,6800,45.01,D
sh603650,彤程新材,2025-10-14 14:08:00,45.0,23200,45.01,D
sh603650,彤程新材,2025-10-14 14:08:03,45.01,7800,45.0,U
sh603650,彤程新材,2025-10-14 14:09:00,44.96,21700,45.01,D
sh603650,彤程新材,2025-10-14 14:09:12,44.9,12200,45.0,D
sh603650,彤程新材,2025-10-14 14:10:39,44.92,7100,44.93,D
sh603650,彤程新材,2025-10-14 14:10:45,44.9,11300,44.92,D
sh603650,彤程新材,2025-10-14 14:11:00,44.89,6100,44.9,D
sh603650,彤程新材,2025-10-14 14:11:15,44.87,6600,44.88,D
sh603650,彤程新材,2025-10-14 14:11:51,44.86,5900,44.87,D
sh603650,彤程新材,2025-10-14 14:12:06,44.86,8200,44.86,U
sh603650,彤程新材,2025-10-14 14:12:24,44.9,6200,44.89,U
sh603650,彤程新材,2025-10-14 14:12:36,44.91,6600,44.89,U
sh603650,彤程新材,2025-10-14 14:12:57,44.91,7600,44.91,U
sh603650,彤程新材,2025-10-14 14:14:03,44.91,4600,44.88,U
sh603650,彤程新材,2025-10-14 14:14:48,45.0,8200,44.97,U
sh603650,彤程新材,2025-10-14 14:16:00,45.14,10400,45.13,U
sh603650,彤程新材,2025-10-14 14:16:39,45.0,5400,45.0,D
sh603650,彤程新材,2025-10-14 14:18:00,44.9,9800,44.91,D
sh603650,彤程新材,2025-10-14 14:18:12,44.91,65800,44.91,U
sh603650,彤程新材,2025-10-14 14:18:18,44.91,6200,44.91,U
sh603650,彤程新材,2025-10-14 14:18:21,44.9,6100,44.91,D
sh603650,彤程新材,2025-10-14 14:18:36,44.9,5000,44.91,D
sh603650,彤程新材,2025-10-14 14:19:00,44.91,14100,44.91,D
sh603650,彤程新材,2025-10-14 14:20:00,44.91,14700,44.94,D
sh603650,彤程新材,2025-10-14 14:20:06,44.91,6400,44.91,D
sh603650,彤程新材,2025-10-14 14:20:15,44.91,8300,44.93,D
sh603650,彤程新材,2025-10-14 14:20:27,44.91,7200,44.91,D
sh603650,彤程新材,2025-10-14 14:20:33,44.9,4600,44.91,D
sh603650,彤程新材,2025-10-14 14:20:36,44.9,11800,44.9,D
sh603650,彤程新材,2025-10-14 14:20:57,44.9,6000,44.91,D
sh603650,彤程新材,2025-10-14 14:21:00,44.88,13800,44.9,D
sh603650,彤程新材,2025-10-14 14:21:06,44.88,9000,44.88,D
sh603650,彤程新材,2025-10-14 14:21:39,44.86,4600,44.87,D
sh603650,彤程新材,2025-10-14 14:21:45,44.85,20600,44.86,D
sh603650,彤程新材,2025-10-14 14:22:00,44.83,6200,44.86,D
sh603650,彤程新材,2025-10-14 14:22:36,44.82,8700,44.83,D
sh603650,彤程新材,2025-10-14 14:22:48,44.81,7500,44.83,D
sh603650,彤程新材,2025-10-14 14:23:00,44.8,10000,44.83,D
sh603650,彤程新材,2025-10-14 14:24:36,44.85,7000,44.86,D
sh603650,彤程新材,2025-10-14 14:25:12,44.83,66300,44.83,D
sh603650,彤程新材,2025-10-14 14:25:27,44.8,4500,44.8,D
sh603650,彤程新材,2025-10-14 14:25:42,44.8,6300,44.8,D
sh603650,彤程新材,2025-10-14 14:25:51,44.82,4500,44.8,U
sh603650,彤程新材,2025-10-14 14:26:00,44.8,9900,44.81,D
sh603650,彤程新材,2025-10-14 14:26:03,44.8,6800,44.8,D
sh603650,彤程新材,2025-10-14 14:26:36,44.79,4500,44.8,D
sh603650,彤程新材,2025-10-14 14:26:51,44.79,6875,44.8,D
sh603650,彤程新材,2025-10-14 14:27:00,44.76,13200,44.8,D
sh603650,彤程新材,2025-10-14 14:27:03,44.78,8400,44.76,E
sh603650,彤程新材,2025-10-14 14:27:45,44.69,17900,44.75,D
sh603650,彤程新材,2025-10-14 14:27:48,44.73,6700,44.69,U
sh603650,彤程新材,2025-10-14 14:28:12,44.69,8255,44.69,D
sh603650,彤程新材,2025-10-14 14:28:18,44.7,5500,44.68,U
sh603650,彤程新材,2025-10-14 14:28:24,44.69,5900,44.69,D
sh603650,彤程新材,2025-10-14 14:28:30,44.6,59745,44.69,D
sh603650,彤程新材,2025-10-14 14:28:33,44.6,4900,44.6,U
sh603650,彤程新材,2025-10-14 14:28:45,44.58,5300,44.59,D
sh603650,彤程新材,2025-10-14 14:28:48,44.6,10600,44.58,U
sh603650,彤程新材,2025-10-14 14:28:51,44.55,15900,44.6,D
sh603650,彤程新材,2025-10-14 14:28:54,44.68,36655,44.55,U
sh603650,彤程新材,2025-10-14 14:29:03,44.62,9500,44.62,D
sh603650,彤程新材,2025-10-14 14:29:09,44.59,6400,44.62,D
sh603650,彤程新材,2025-10-14 14:29:12,44.62,6300,44.59,U
sh603650,彤程新材,2025-10-14 14:29:18,44.6,5700,44.68,D
sh603650,彤程新材,2025-10-14 14:29:30,44.62,5900,44.6,E
sh603650,彤程新材,2025-10-14 14:29:33,44.6,9500,44.62,D
sh603650,彤程新材,2025-10-14 14:29:51,44.7,5200,44.75,D
sh603650,彤程新材,2025-10-14 14:29:57,44.7,4600,44.75,D
sh603650,彤程新材,2025-10-14 14:30:12,44.79,5400,44.79,U
sh603650,彤程新材,2025-10-14 14:30:27,44.8,7300,44.81,D
sh603650,彤程新材,2025-10-14 14:30:30,44.85,4600,44.8,U
sh603650,彤程新材,2025-10-14 14:30:51,44.93,7200,44.87,U
sh603650,彤程新材,2025-10-14 14:30:54,44.93,19300,44.93,U
sh603650,彤程新材,2025-10-14 14:31:24,45.0,9800,44.97,U
sh603650,彤程新材,2025-10-14 14:31:45,45.08,9994,45.05,U
sh603650,彤程新材,2025-10-14 14:32:00,45.11,5800,45.11,D
sh603650,彤程新材,2025-10-14 14:32:12,45.2,16700,45.15,U
sh603650,彤程新材,2025-10-14 14:32:39,45.2,6500,45.18,U
sh603650,彤程新材,2025-10-14 14:32:45,45.19,15000,45.19,U
sh603650,彤程新材,2025-10-14 14:32:48,45.2,7800,45.19,U
sh603650,彤程新材,2025-10-14 14:33:00,45.21,6000,45.26,D
sh603650,彤程新材,2025-10-14 14:33:09,45.25,11800,45.25,U
sh603650,彤程新材,2025-10-14 14:33:15,45.2,7200,45.25,D
sh603650,彤程新材,2025-10-14 14:33:30,45.21,6500,45.23,E
sh603650,彤程新材,2025-10-14 14:33:33,45.2,5500,45.21,D
sh603650,彤程新材,2025-10-14 14:33:36,45.25,13000,45.2,U
sh603650,彤程新材,2025-10-14 14:33:54,45.18,4500,45.2,D
sh603650,彤程新材,2025-10-14 14:34:00,45.13,7800,45.18,D
sh603650,彤程新材,2025-10-14 14:35:00,45.02,7900,45.02,D
sh603650,彤程新材,2025-10-14 14:35:06,45.07,5000,45.03,U
sh603650,彤程新材,2025-10-14 14:35:18,45.07,10200,45.07,D
sh603650,彤程新材,2025-10-14 14:35:21,45.07,11500,45.07,U
sh603650,彤程新材,2025-10-14 14:36:00,45.05,5000,45.09,D
sh603650,彤程新材,2025-10-14 14:36:12,45.04,5900,45.06,D
sh603650,彤程新材,2025-10-14 14:36:39,45.04,6500,45.05,U
sh603650,彤程新材,2025-10-14 14:36:45,45.01,6300,45.03,D
sh603650,彤程新材,2025-10-14 14:37:00,45.0,23700,45.01,D
sh603650,彤程新材,2025-10-14 14:37:06,45.0,6000,45.01,D
sh603650,彤程新材,2025-10-14 14:37:21,44.98,16300,44.99,D
sh603650,彤程新材,2025-10-14 14:37:27,44.98,4600,45.0,D
sh603650,彤程新材,2025-10-14 14:37:54,44.97,4600,44.98,D
sh603650,彤程新材,2025-10-14 14:38:00,44.97,6600,45.0,D
sh603650,彤程新材,2025-10-14 14:38:24,44.9,17300,44.98,D
sh603650,彤程新材,2025-10-14 14:39:00,44.9,6200,44.95,D
sh603650,彤程新材,2025-10-14 14:39:39,44.88,8600,44.91,D
sh603650,彤程新材,2025-10-14 14:39:54,44.82,10500,44.82,U
sh603650,彤程新材,2025-10-14 14:39:57,44.8,32000,44.82,D
sh603650,彤程新材,2025-10-14 14:40:00,44.8,80300,44.8,D
sh603650,彤程新材,2025-10-14 14:40:06,44.82,6400,44.8,U
sh603650,彤程新材,2025-10-14 14:40:36,44.85,4600,44.85,U
sh603650,彤程新材,2025-10-14 14:40:42,44.85,10000,44.82,U
sh603650,彤程新材,2025-10-14 14:41:00,44.8,31000,44.83,D
sh603650,彤程新材,2025-10-14 14:41:12,44.8,10575,44.8,D
sh603650,彤程新材,2025-10-14 14:41:18,44.8,9600,44.8,D
sh603650,彤程新材,2025-10-14 14:42:00,44.8,15800,44.82,D
sh603650,彤程新材,2025-10-14 14:42:06,44.82,6100,44.8,U
sh603650,彤程新材,2025-10-14 14:42:12,44.81,18800,44.8,E
sh603650,彤程新材,2025-10-14 14:42:15,44.8,9475,44.81,D
sh603650,彤程新材,2025-10-14 14:42:18,44.8,10825,44.8,U
sh603650,彤程新材,2025-10-14 14:42:36,44.8,4600,44.8,D
sh603650,彤程新材,2025-10-14 14:42:54,44.78,7000,44.8,D
sh603650,彤程新材,2025-10-14 14:43:00,44.8,10000,44.8,D
sh603650,彤程新材,2025-10-14 14:43:06,44.76,7875,44.8,D
sh603650,彤程新材,2025-10-14 14:43:27,44.8,6500,44.82,D
sh603650,彤程新材,2025-10-14 14:43:30,44.81,8800,44.8,E
sh603650,彤程新材,2025-10-14 14:43:33,44.8,5000,44.81,U
sh603650,彤程新材,2025-10-14 14:44:00,44.76,4700,44.8,D
sh603650,彤程新材,2025-10-14 14:44:21,44.77,4600,44.76,U
sh603650,彤程新材,2025-10-14 14:44:30,44.77,6700,44.77,D
sh603650,彤程新材,2025-10-14 14:44:42,44.77,4600,44.77,D
sh603650,彤程新材,2025-10-14 14:45:00,44.79,15000,44.79,U
sh603650,彤程新材,2025-10-14 14:45:09,44.75,12006,44.78,D
sh603650,彤程新材,2025-10-14 14:45:24,44.74,17700,44.74,U
sh603650,彤程新材,2025-10-14 14:45:51,44.63,12100,44.65,D
sh603650,彤程新材,2025-10-14 14:45:54,44.6,12400,44.63,D
sh603650,彤程新材,2025-10-14 14:46:00,44.59,20000,44.6,D
sh603650,彤程新材,2025-10-14 14:46:18,44.54,10400,44.57,D
sh603650,彤程新材,2025-10-14 14:46:24,44.53,5900,44.54,D
sh603650,彤程新材,2025-10-14 14:46:36,44.51,44394,44.52,D
sh603650,彤程新材,2025-10-14 14:46:39,44.51,5200,44.51,D
sh603650,彤程新材,2025-10-14 14:46:42,44.51,10100,44.51,D
sh603650,彤程新材,2025-10-14 14:46:45,44.5,7800,44.51,D
sh603650,彤程新材,2025-10-14 14:46:48,44.5,10600,44.5,D
sh603650,彤程新材,2025-10-14 14:46:51,44.5,19406,44.5,D
sh603650,彤程新材,2025-10-14 14:47:00,44.48,29500,44.49,D
sh603650,彤程新材,2025-10-14 14:47:03,44.5,39100,44.48,U
sh603650,彤程新材,2025-10-14 14:47:12,44.47,5100,44.49,D
sh603650,彤程新材,2025-10-14 14:47:15,44.48,6900,44.47,U
sh603650,彤程新材,2025-10-14 14:47:18,44.47,7900,44.48,D
sh603650,彤程新材,2025-10-14 14:47:21,44.47,8300,44.47,D
sh603650,彤程新材,2025-10-14 14:47:39,44.47,21700,44.44,U
sh603650,彤程新材,2025-10-14 14:47:42,44.46,9300,44.47,D
sh603650,彤程新材,2025-10-14 14:47:45,44.46,7200,44.46,U
sh603650,彤程新材,2025-10-14 14:47:48,44.46,36300,44.46,U
sh603650,彤程新材,2025-10-14 14:47:54,44.46,5000,44.47,D
sh603650,彤程新材,2025-10-14 14:47:57,44.47,10400,44.46,U
sh603650,彤程新材,2025-10-14 14:48:00,44.47,14200,44.47,D
sh603650,彤程新材,2025-10-14 14:48:03,44.47,4700,44.47,D
sh603650,彤程新材,2025-10-14 14:48:15,44.5,12300,44.5,U
sh603650,彤程新材,2025-10-14 14:48:18,44.5,4800,44.5,U
sh603650,彤程新材,2025-10-14 14:48:21,44.51,6300,44.5,U
sh603650,彤程新材,2025-10-14 14:48:24,44.53,6300,44.51,U
sh603650,彤程新材,2025-10-14 14:48:42,44.58,64300,44.54,U
sh603650,彤程新材,2025-10-14 14:49:00,44.54,13300,44.57,D
sh603650,彤程新材,2025-10-14 14:49:12,44.56,9400,44.56,U
sh603650,彤程新材,2025-10-14 14:49:30,44.58,4500,44.57,U
sh603650,彤程新材,2025-10-14 14:49:33,44.58,9800,44.58,U
sh603650,彤程新材,2025-10-14 14:49:36,44.58,4800,44.58,U
sh603650,彤程新材,2025-10-14 14:49:45,44.58,7300,44.57,U
sh603650,彤程新材,2025-10-14 14:49:57,44.56,7500,44.56,D
sh603650,彤程新材,2025-10-14 14:50:00,44.55,25300,44.56,D
sh603650,彤程新材,2025-10-14 14:50:09,44.56,7500,44.56,E
sh603650,彤程新材,2025-10-14 14:50:12,44.55,8500,44.56,D
sh603650,彤程新材,2025-10-14 14:50:27,44.58,9000,44.57,U
sh603650,彤程新材,2025-10-14 14:50:39,44.58,5400,44.57,U
sh603650,彤程新材,2025-10-14 14:51:00,44.58,20000,44.58,U
sh603650,彤程新材,2025-10-14 14:51:03,44.58,10900,44.58,D
sh603650,彤程新材,2025-10-14 14:51:06,44.58,13500,44.58,D
sh603650,彤程新材,2025-10-14 14:51:09,44.58,6700,44.58,U
sh603650,彤程新材,2025-10-14 14:51:12,44.58,10000,44.58,D
sh603650,彤程新材,2025-10-14 14:51:15,44.66,5100,44.58,U
sh603650,彤程新材,2025-10-14 14:51:39,44.6,5300,44.63,D
sh603650,彤程新材,2025-10-14 14:51:42,44.6,7700,44.6,U
sh603650,彤程新材,2025-10-14 14:51:48,44.57,9900,44.58,D
sh603650,彤程新材,2025-10-14 14:52:00,44.57,13400,44.6,D
sh603650,彤程新材,2025-10-14 14:52:03,44.58,10900,44.57,E
sh603650,彤程新材,2025-10-14 14:52:27,44.6,6300,44.58,U
sh603650,彤程新材,2025-10-14 14:52:30,44.63,31400,44.6,U
sh603650,彤程新材,2025-10-14 14:52:51,44.59,6600,44.6,D
sh603650,彤程新材,2025-10-14 14:52:57,44.6,6000,44.6,U
sh603650,彤程新材,2025-10-14 14:53:00,44.59,20800,44.6,D
sh603650,彤程新材,2025-10-14 14:53:06,44.59,7900,44.6,D
sh603650,彤程新材,2025-10-14 14:53:15,44.59,6400,44.58,D
sh603650,彤程新材,2025-10-14 14:53:21,44.59,11100,44.59,D
sh603650,彤程新材,2025-10-14 14:53:24,44.58,4700,44.59,D
sh603650,彤程新材,2025-10-14 14:53:30,44.6,11800,44.59,U
sh603650,彤程新材,2025-10-14 14:53:39,44.6,6200,44.59,U
sh603650,彤程新材,2025-10-14 14:53:57,44.6,6400,44.61,D
sh603650,彤程新材,2025-10-14 14:54:00,44.6,11500,44.6,D
sh603650,彤程新材,2025-10-14 14:54:03,44.61,5100,44.6,D
sh603650,彤程新材,2025-10-14 14:54:15,44.61,10600,44.6,D
sh603650,彤程新材,2025-10-14 14:54:24,44.61,5300,44.62,D
sh603650,彤程新材,2025-10-14 14:54:36,44.61,18100,44.62,D
sh603650,彤程新材,2025-10-14 14:54:39,44.63,12500,44.61,U
sh603650,彤程新材,2025-10-14 14:55:00,44.62,9000,44.64,D
sh603650,彤程新材,2025-10-14 14:55:09,44.63,5300,44.61,U
sh603650,彤程新材,2025-10-14 14:55:15,44.62,10500,44.62,D
sh603650,彤程新材,2025-10-14 14:55:24,44.62,14500,44.63,D
sh603650,彤程新材,2025-10-14 14:55:27,44.62,7200,44.62,U
sh603650,彤程新材,2025-10-14 14:55:33,44.62,5800,44.62,U
sh603650,彤程新材,2025-10-14 14:55:36,44.61,5800,44.62,D
sh603650,彤程新材,2025-10-14 14:55:39,44.61,5400,44.61,D
sh603650,彤程新材,2025-10-14 14:55:42,44.61,4700,44.61,D
sh603650,彤程新材,2025-10-14 14:55:45,44.61,4900,44.61,U
sh603650,彤程新材,2025-10-14 14:55:48,44.61,5300,44.61,U
sh603650,彤程新材,2025-10-14 14:55:54,44.62,17200,44.61,U
sh603650,彤程新材,2025-10-14 14:55:57,44.61,8100,44.62,D
sh603650,彤程新材,2025-10-14 14:56:00,44.6,32400,44.61,D
sh603650,彤程新材,2025-10-14 14:56:03,44.61,4700,44.6,U
sh603650,彤程新材,2025-10-14 14:56:09,44.62,5300,44.61,U
sh603650,彤程新材,2025-10-14 14:56:12,44.61,5200,44.62,U
sh603650,彤程新材,2025-10-14 14:56:15,44.6,6900,44.61,D
sh603650,彤程新材,2025-10-14 14:56:21,44.62,12900,44.62,U
sh603650,彤程新材,2025-10-14 14:56:24,44.6,16600,44.62,D
sh603650,彤程新材,2025-10-14 14:56:27,44.59,5100,44.6,D
sh603650,彤程新材,2025-10-14 14:56:33,44.58,16900,44.6,D
sh603650,彤程新材,2025-10-14 14:56:36,44.6,15500,44.58,U
sh603650,彤程新材,2025-10-14 14:56:42,44.58,8600,44.6,D
sh603650,彤程新材,2025-10-14 14:56:54,44.57,18800,44.59,D
sh603650,彤程新材,2025-10-14 14:56:57,44.58,8000,44.57,U
sh603650,彤程新材,2025-10-14 14:57:00,44.57,8400,44.58,D
sh603650,彤程新材,2025-10-14 15:00:03,44.57,193200,44.57,U
