symbol,name,ticktime,price,volume,prev_price,kind
sh603650,彤程新材,2025-09-30 09:25:00,42.33,146400,0.0,U
sh603650,彤程新材,2025-09-30 09:30:04,42.4,13100,42.33,U
sh603650,彤程新材,2025-09-30 09:30:07,42.42,11100,42.4,E
sh603650,彤程新材,2025-09-30 09:30:10,42.4,8300,42.42,D
sh603650,彤程新材,2025-09-30 09:30:13,42.41,9200,42.4,E
sh603650,彤程新材,2025-09-30 09:30:16,42.58,5300,42.41,U
sh603650,彤程新材,2025-09-30 09:30:19,42.41,37600,42.58,D
sh603650,彤程新材,2025-09-30 09:30:22,42.44,18800,42.41,E
sh603650,彤程新材,2025-09-30 09:30:25,42.4,19400,42.44,D
sh603650,彤程新材,2025-09-30 09:30:28,42.4,13900,42.4,D
sh603650,彤程新材,2025-09-30 09:30:31,42.5,14700,42.4,E
sh603650,彤程新材,2025-09-30 09:30:34,42.48,17500,42.5,D
sh603650,彤程新材,2025-09-30 09:30:37,42.46,9200,42.48,D
sh603650,彤程新材,2025-09-30 09:30:40,42.46,36600,42.46,D
sh603650,彤程新材,2025-09-30 09:30:43,42.44,21500,42.46,D
sh603650,彤程新材,2025-09-30 09:30:45,42.42,26600,42.44,D
sh603650,彤程新材,2025-09-30 09:30:49,42.41,17600,42.42,D
sh603650,彤程新材,2025-09-30 09:30:52,42.38,36300,42.41,D
sh603650,彤程新材,2025-09-30 09:30:55,42.36,16200,42.38,D
sh603650,彤程新材,2025-09-30 09:30:58,42.39,21500,42.36,U
sh603650,彤程新材,2025-09-30 09:31:01,42.4,34300,42.39,E
sh603650,彤程新材,2025-09-30 09:31:04,42.39,25000,42.4,D
sh603650,彤程新材,2025-09-30 09:31:07,42.36,133100,42.39,D
sh603650,彤程新材,2025-09-30 09:31:10,42.28,61200,42.36,D
sh603650,彤程新材,2025-09-30 09:31:13,42.28,21300,42.28,D
sh603650,彤程新材,2025-09-30 09:31:16,42.26,5500,42.28,D
sh603650,彤程新材,2025-09-30 09:31:19,42.23,12100,42.26,D
sh603650,彤程新材,2025-09-30 09:31:22,42.18,13100,42.23,D
sh603650,彤程新材,2025-09-30 09:31:34,42.13,43100,42.15,D
sh603650,彤程新材,2025-09-30 09:31:40,42.05,9700,42.1,D
sh603650,彤程新材,2025-09-30 09:31:43,42.04,16300,42.05,D
sh603650,彤程新材,2025-09-30 09:31:46,42.04,20100,42.04,U
sh603650,彤程新材,2025-09-30 09:31:49,42.13,56100,42.04,U
sh603650,彤程新材,2025-09-30 09:31:52,42.15,17000,42.13,U
sh603650,彤程新材,2025-09-30 09:32:01,42.23,8600,42.17,U
sh603650,彤程新材,2025-09-30 09:32:04,42.27,26600,42.23,U
sh603650,彤程新材,2025-09-30 09:32:10,42.3,11400,42.25,U
sh603650,彤程新材,2025-09-30 09:32:13,42.45,34500,42.3,U
sh603650,彤程新材,2025-09-30 09:32:16,42.45,12800,42.45,D
sh603650,彤程新材,2025-09-30 09:32:19,42.5,11300,42.45,U
sh603650,彤程新材,2025-09-30 09:32:22,42.56,4700,42.5,U
sh603650,彤程新材,2025-09-30 09:32:25,42.59,8800,42.56,U
sh603650,彤程新材,2025-09-30 09:32:28,42.56,18500,42.59,D
sh603650,彤程新材,2025-09-30 09:32:31,42.6,25100,42.56,E
sh603650,彤程新材,2025-09-30 09:32:34,42.61,7200,42.6,E
sh603650,彤程新材,2025-09-30 09:32:37,42.61,15400,42.61,D
sh603650,彤程新材,2025-09-30 09:32:40,42.62,23600,42.61,E
sh603650,彤程新材,2025-09-30 09:32:43,42.66,20700,42.62,U
sh603650,彤程新材,2025-09-30 09:32:46,42.69,30700,42.66,U
sh603650,彤程新材,2025-09-30 09:32:49,42.7,5400,42.69,U
sh603650,彤程新材,2025-09-30 09:32:52,42.7,10100,42.7,U
sh603650,彤程新材,2025-09-30 09:32:55,42.73,7400,42.7,E
sh603650,彤程新材,2025-09-30 09:32:58,42.8,18900,42.73,U
sh603650,彤程新材,2025-09-30 09:33:01,42.72,19900,42.8,D
sh603650,彤程新材,2025-09-30 09:33:04,42.67,45200,42.72,D
sh603650,彤程新材,2025-09-30 09:33:07,42.61,15400,42.67,D
sh603650,彤程新材,2025-09-30 09:33:10,42.66,5000,42.61,U
sh603650,彤程新材,2025-09-30 09:33:13,42.6,8600,42.66,U
sh603650,彤程新材,2025-09-30 09:33:16,42.6,20700,42.6,U
sh603650,彤程新材,2025-09-30 09:33:19,42.61,12800,42.6,U
sh603650,彤程新材,2025-09-30 09:33:22,42.63,7400,42.61,E
sh603650,彤程新材,2025-09-30 09:33:25,42.64,28000,42.63,U
sh603650,彤程新材,2025-09-30 09:33:28,42.68,16600,42.64,U
sh603650,彤程新材,2025-09-30 09:33:31,42.68,7800,42.68,D
sh603650,彤程新材,2025-09-30 09:33:34,42.67,16700,42.68,D
sh603650,彤程新材,2025-09-30 09:33:37,42.67,11400,42.67,U
sh603650,彤程新材,2025-09-30 09:33:40,42.68,9100,42.67,U
sh603650,彤程新材,2025-09-30 09:33:43,42.68,10400,42.68,U
sh603650,彤程新材,2025-09-30 09:33:46,42.68,6200,42.68,U
sh603650,彤程新材,2025-09-30 09:33:49,42.65,13300,42.68,D
sh603650,彤程新材,2025-09-30 09:33:52,42.67,15000,42.65,U
sh603650,彤程新材,2025-09-30 09:33:55,42.67,5400,42.67,U
sh603650,彤程新材,2025-09-30 09:33:58,42.65,12000,42.67,E
sh603650,彤程新材,2025-09-30 09:34:01,42.63,21100,42.65,D
sh603650,彤程新材,2025-09-30 09:34:07,42.63,19600,42.63,D
sh603650,彤程新材,2025-09-30 09:34:10,42.63,9100,42.63,U
sh603650,彤程新材,2025-09-30 09:34:13,42.57,53900,42.63,D
sh603650,彤程新材,2025-09-30 09:34:16,42.57,11600,42.57,U
sh603650,彤程新材,2025-09-30 09:34:19,42.57,4700,42.57,D
sh603650,彤程新材,2025-09-30 09:34:28,42.52,7200,42.53,D
sh603650,彤程新材,2025-09-30 09:34:31,42.52,20000,42.52,U
sh603650,彤程新材,2025-09-30 09:34:34,42.55,29400,42.52,U
sh603650,彤程新材,2025-09-30 09:34:37,42.55,5300,42.55,D
sh603650,彤程新材,2025-09-30 09:34:40,42.55,5900,42.55,E
sh603650,彤程新材,2025-09-30 09:34:49,42.56,8600,42.59,D
sh603650,彤程新材,2025-09-30 09:34:52,42.58,5100,42.56,E
sh603650,彤程新材,2025-09-30 09:34:55,42.56,8800,42.58,D
sh603650,彤程新材,2025-09-30 09:34:58,42.59,18000,42.56,U
sh603650,彤程新材,2025-09-30 09:35:01,42.59,7900,42.59,U
sh603650,彤程新材,2025-09-30 09:35:04,42.6,6700,42.59,U
sh603650,彤程新材,2025-09-30 09:35:07,42.58,13200,42.6,U
sh603650,彤程新材,2025-09-30 09:35:10,42.56,7800,42.58,D
sh603650,彤程新材,2025-09-30 09:35:13,42.56,30250,42.56,D
sh603650,彤程新材,2025-09-30 09:35:16,42.52,25250,42.56,D
sh603650,彤程新材,2025-09-30 09:35:19,42.55,9700,42.52,U
sh603650,彤程新材,2025-09-30 09:35:22,42.58,18150,42.55,U
sh603650,彤程新材,2025-09-30 09:35:28,42.58,7600,42.51,U
sh603650,彤程新材,2025-09-30 09:35:31,42.57,8300,42.58,E
sh603650,彤程新材,2025-09-30 09:35:34,42.58,9400,42.57,U
sh603650,彤程新材,2025-09-30 09:35:40,42.58,5800,42.58,U
sh603650,彤程新材,2025-09-30 09:35:43,42.56,8100,42.58,D
sh603650,彤程新材,2025-09-30 09:35:46,42.52,11200,42.56,D
sh603650,彤程新材,2025-09-30 09:35:49,42.42,35400,42.52,D
sh603650,彤程新材,2025-09-30 09:35:52,42.4,5100,42.42,D
sh603650,彤程新材,2025-09-30 09:36:01,42.4,7800,42.4,U
sh603650,彤程新材,2025-09-30 09:36:04,42.39,12000,42.4,E
sh603650,彤程新材,2025-09-30 09:36:07,42.42,54800,42.39,U
sh603650,彤程新材,2025-09-30 09:36:10,42.49,8500,42.42,U
sh603650,彤程新材,2025-09-30 09:36:13,42.56,11000,42.49,U
sh603650,彤程新材,2025-09-30 09:36:19,42.57,5300,42.55,U
sh603650,彤程新材,2025-09-30 09:36:22,42.58,6300,42.57,U
sh603650,彤程新材,2025-09-30 09:36:25,42.59,17700,42.58,U
sh603650,彤程新材,2025-09-30 09:36:28,42.59,6200,42.59,U
sh603650,彤程新材,2025-09-30 09:36:31,42.6,9400,42.59,U
sh603650,彤程新材,2025-09-30 09:36:34,42.59,7800,42.6,D
sh603650,彤程新材,2025-09-30 09:36:40,42.64,7100,42.6,U
sh603650,彤程新材,2025-09-30 09:36:43,42.65,5600,42.64,U
sh603650,彤程新材,2025-09-30 09:36:46,42.65,4900,42.65,U
sh603650,彤程新材,2025-09-30 09:36:49,42.68,6100,42.65,U
sh603650,彤程新材,2025-09-30 09:36:52,42.6,21700,42.68,D
sh603650,彤程新材,2025-09-30 09:36:55,42.61,47900,42.6,U
sh603650,彤程新材,2025-09-30 09:36:58,42.61,12900,42.61,U
sh603650,彤程新材,2025-09-30 09:37:01,42.62,11100,42.61,U
sh603650,彤程新材,2025-09-30 09:37:10,42.61,16900,42.62,D
sh603650,彤程新材,2025-09-30 09:37:13,42.57,15400,42.61,D
sh603650,彤程新材,2025-09-30 09:37:16,42.61,33000,42.57,U
sh603650,彤程新材,2025-09-30 09:37:19,42.55,8600,42.61,D
sh603650,彤程新材,2025-09-30 09:37:25,42.6,5200,42.61,D
sh603650,彤程新材,2025-09-30 09:37:28,42.57,9500,42.6,D
sh603650,彤程新材,2025-09-30 09:37:31,42.54,7000,42.57,D
sh603650,彤程新材,2025-09-30 09:37:34,42.53,5700,42.54,D
sh603650,彤程新材,2025-09-30 09:37:46,42.59,6200,42.56,U
sh603650,彤程新材,2025-09-30 09:37:58,42.58,12500,42.59,D
sh603650,彤程新材,2025-09-30 09:38:04,42.62,74300,42.59,U
sh603650,彤程新材,2025-09-30 09:38:13,42.62,6500,42.64,D
sh603650,彤程新材,2025-09-30 09:38:16,42.65,9500,42.62,U
sh603650,彤程新材,2025-09-30 09:38:22,42.63,23200,42.65,D
sh603650,彤程新材,2025-09-30 09:38:28,42.63,29500,42.64,D
sh603650,彤程新材,2025-09-30 09:38:31,42.62,10200,42.63,E
sh603650,彤程新材,2025-09-30 09:38:34,42.62,8700,42.62,U
sh603650,彤程新材,2025-09-30 09:38:37,42.58,7000,42.62,D
sh603650,彤程新材,2025-09-30 09:38:40,42.62,17100,42.58,U
sh603650,彤程新材,2025-09-30 09:38:43,42.6,26100,42.62,E
sh603650,彤程新材,2025-09-30 09:38:46,42.6,4900,42.6,U
sh603650,彤程新材,2025-09-30 09:38:49,42.6,7600,42.6,U
sh603650,彤程新材,2025-09-30 09:38:52,42.6,16700,42.6,D
sh603650,彤程新材,2025-09-30 09:38:55,42.6,24500,42.6,U
sh603650,彤程新材,2025-09-30 09:38:58,42.57,8400,42.6,E
sh603650,彤程新材,2025-09-30 09:39:01,42.6,31800,42.57,U
sh603650,彤程新材,2025-09-30 09:39:04,42.52,15300,42.6,E
sh603650,彤程新材,2025-09-30 09:39:07,42.51,15300,42.52,D
sh603650,彤程新材,2025-09-30 09:39:13,42.51,19100,42.52,E
sh603650,彤程新材,2025-09-30 09:39:16,42.48,22000,42.51,E
sh603650,彤程新材,2025-09-30 09:39:19,42.42,10600,42.48,D
sh603650,彤程新材,2025-09-30 09:39:25,42.4,7600,42.42,D
sh603650,彤程新材,2025-09-30 09:39:28,42.42,9800,42.4,D
sh603650,彤程新材,2025-09-30 09:39:31,42.48,10800,42.42,U
sh603650,彤程新材,2025-09-30 09:39:34,42.53,18200,42.48,U
sh603650,彤程新材,2025-09-30 09:39:37,42.56,12600,42.53,U
sh603650,彤程新材,2025-09-30 09:39:46,42.55,6500,42.55,U
sh603650,彤程新材,2025-09-30 09:39:52,42.68,135200,42.59,U
sh603650,彤程新材,2025-09-30 09:39:55,42.69,11300,42.68,U
sh603650,彤程新材,2025-09-30 09:40:01,42.67,8500,42.69,D
sh603650,彤程新材,2025-09-30 09:40:04,42.65,7600,42.67,U
sh603650,彤程新材,2025-09-30 09:40:07,42.67,16200,42.65,U
sh603650,彤程新材,2025-09-30 09:40:10,42.56,17200,42.67,D
sh603650,彤程新材,2025-09-30 09:40:19,42.54,7900,42.56,D
sh603650,彤程新材,2025-09-30 09:40:22,42.5,6100,42.54,D
sh603650,彤程新材,2025-09-30 09:40:28,42.5,11100,42.5,D
sh603650,彤程新材,2025-09-30 09:40:31,42.52,23000,42.5,E
sh603650,彤程新材,2025-09-30 09:40:34,42.5,9300,42.52,D
sh603650,彤程新材,2025-09-30 09:40:43,42.45,5600,42.48,D
sh603650,彤程新材,2025-09-30 09:40:46,42.46,8700,42.45,U
sh603650,彤程新材,2025-09-30 09:40:55,42.46,12300,42.45,D
sh603650,彤程新材,2025-09-30 09:40:58,42.48,5300,42.46,D
sh603650,彤程新材,2025-09-30 09:41:01,42.48,6100,42.48,U
sh603650,彤程新材,2025-09-30 09:41:07,42.46,10900,42.47,D
sh603650,彤程新材,2025-09-30 09:41:10,42.48,7600,42.46,U
sh603650,彤程新材,2025-09-30 09:41:13,42.46,6800,42.48,E
sh603650,彤程新材,2025-09-30 09:41:16,42.47,5600,42.46,U
sh603650,彤程新材,2025-09-30 09:41:19,42.48,6500,42.47,U
sh603650,彤程新材,2025-09-30 09:41:22,42.47,8400,42.48,E
sh603650,彤程新材,2025-09-30 09:41:34,42.48,4900,42.48,D
sh603650,彤程新材,2025-09-30 09:41:43,42.5,8000,42.49,U
sh603650,彤程新材,2025-09-30 09:41:46,42.5,10200,42.5,U
sh603650,彤程新材,2025-09-30 09:41:49,42.5,9400,42.5,U
sh603650,彤程新材,2025-09-30 09:42:10,42.6,9500,42.58,U
sh603650,彤程新材,2025-09-30 09:42:13,42.6,13200,42.6,U
sh603650,彤程新材,2025-09-30 09:42:16,42.57,6000,42.6,E
sh603650,彤程新材,2025-09-30 09:42:19,42.57,9500,42.57,U
sh603650,彤程新材,2025-09-30 09:42:25,42.53,5800,42.55,E
sh603650,彤程新材,2025-09-30 09:42:28,42.51,7700,42.53,D
sh603650,彤程新材,2025-09-30 09:42:31,42.53,11100,42.51,U
sh603650,彤程新材,2025-09-30 09:42:37,42.51,20400,42.53,D
sh603650,彤程新材,2025-09-30 09:42:40,42.52,19700,42.51,U
sh603650,彤程新材,2025-09-30 09:42:43,42.5,9600,42.52,D
sh603650,彤程新材,2025-09-30 09:42:52,42.49,18200,42.5,D
sh603650,彤程新材,2025-09-30 09:42:58,42.5,9900,42.5,U
sh603650,彤程新材,2025-09-30 09:43:04,42.55,9800,42.51,U
sh603650,彤程新材,2025-09-30 09:43:07,42.56,6200,42.55,U
sh603650,彤程新材,2025-09-30 09:43:10,42.6,23000,42.56,U
sh603650,彤程新材,2025-09-30 09:43:13,42.59,9800,42.6,E
sh603650,彤程新材,2025-09-30 09:43:16,42.63,10800,42.59,E
sh603650,彤程新材,2025-09-30 09:43:25,42.63,10000,42.63,U
sh603650,彤程新材,2025-09-30 09:43:28,42.66,8400,42.63,U
sh603650,彤程新材,2025-09-30 09:43:31,42.64,16800,42.66,U
sh603650,彤程新材,2025-09-30 09:43:40,42.65,14900,42.64,U
sh603650,彤程新材,2025-09-30 09:43:46,42.61,23100,42.66,D
sh603650,彤程新材,2025-09-30 09:43:55,42.68,7900,42.63,U
sh603650,彤程新材,2025-09-30 09:44:01,42.7,18900,42.68,U
sh603650,彤程新材,2025-09-30 09:44:04,42.69,6300,42.7,D
sh603650,彤程新材,2025-09-30 09:44:13,42.7,16600,42.72,D
sh603650,彤程新材,2025-09-30 09:44:16,42.69,12100,42.7,D
sh603650,彤程新材,2025-09-30 09:44:19,42.7,5200,42.69,U
sh603650,彤程新材,2025-09-30 09:44:22,42.69,22900,42.7,D
sh603650,彤程新材,2025-09-30 09:44:25,42.63,9800,42.69,D
sh603650,彤程新材,2025-09-30 09:44:34,42.61,8100,42.62,E
sh603650,彤程新材,2025-09-30 09:44:40,42.6,8200,42.62,D
sh603650,彤程新材,2025-09-30 09:44:43,42.63,4900,42.6,U
sh603650,彤程新材,2025-09-30 09:45:04,42.63,7300,42.63,D
sh603650,彤程新材,2025-09-30 09:45:07,42.63,5400,42.63,U
sh603650,彤程新材,2025-09-30 09:45:10,42.63,7800,42.63,U
sh603650,彤程新材,2025-09-30 09:45:19,42.63,6600,42.62,U
sh603650,彤程新材,2025-09-30 09:45:22,42.62,6000,42.63,D
sh603650,彤程新材,2025-09-30 09:45:28,42.61,37100,42.62,D
sh603650,彤程新材,2025-09-30 09:45:31,42.58,21200,42.61,D
sh603650,彤程新材,2025-09-30 09:45:34,42.59,26800,42.58,U
sh603650,彤程新材,2025-09-30 09:45:40,42.55,4900,42.55,U
sh603650,彤程新材,2025-09-30 09:45:43,42.55,11100,42.55,U
sh603650,彤程新材,2025-09-30 09:45:46,42.55,11600,42.55,D
sh603650,彤程新材,2025-09-30 09:45:49,42.55,11400,42.55,D
sh603650,彤程新材,2025-09-30 09:45:55,42.51,5900,42.51,E
sh603650,彤程新材,2025-09-30 09:45:58,42.5,8000,42.51,D
sh603650,彤程新材,2025-09-30 09:46:01,42.55,6100,42.5,U
sh603650,彤程新材,2025-09-30 09:46:10,42.52,6700,42.54,E
sh603650,彤程新材,2025-09-30 09:46:13,42.54,7000,42.52,U
sh603650,彤程新材,2025-09-30 09:46:16,42.47,57200,42.54,D
sh603650,彤程新材,2025-09-30 09:46:19,42.45,38600,42.47,U
sh603650,彤程新材,2025-09-30 09:46:22,42.45,6900,42.45,U
sh603650,彤程新材,2025-09-30 09:46:25,42.45,11100,42.45,D
sh603650,彤程新材,2025-09-30 09:46:31,42.37,29600,42.43,D
sh603650,彤程新材,2025-09-30 09:46:37,42.32,10500,42.36,D
sh603650,彤程新材,2025-09-30 09:46:40,42.34,9300,42.32,E
sh603650,彤程新材,2025-09-30 09:46:46,42.34,5100,42.36,D
sh603650,彤程新材,2025-09-30 09:46:52,42.38,6600,42.36,E
sh603650,彤程新材,2025-09-30 09:46:55,42.37,6500,42.38,D
sh603650,彤程新材,2025-09-30 09:46:58,42.36,7200,42.37,D
sh603650,彤程新材,2025-09-30 09:47:04,42.36,5000,42.37,D
sh603650,彤程新材,2025-09-30 09:47:07,42.3,72300,42.36,D
sh603650,彤程新材,2025-09-30 09:47:13,42.37,4800,42.39,U
sh603650,彤程新材,2025-09-30 09:47:16,42.32,14800,42.37,D
sh603650,彤程新材,2025-09-30 09:47:19,42.32,18300,42.32,U
sh603650,彤程新材,2025-09-30 09:47:22,42.37,11100,42.32,U
sh603650,彤程新材,2025-09-30 09:47:37,42.39,10500,42.43,D
sh603650,彤程新材,2025-09-30 09:47:49,42.5,14300,42.43,U
sh603650,彤程新材,2025-09-30 09:48:07,42.5,29800,42.51,D
sh603650,彤程新材,2025-09-30 09:48:13,42.5,8300,42.5,U
sh603650,彤程新材,2025-09-30 09:48:28,42.43,5000,42.43,D
sh603650,彤程新材,2025-09-30 09:48:31,42.42,5100,42.43,D
sh603650,彤程新材,2025-09-30 09:48:43,42.4,25700,42.42,D
sh603650,彤程新材,2025-09-30 09:48:46,42.41,22100,42.4,U
sh603650,彤程新材,2025-09-30 09:48:49,42.4,9100,42.41,D
sh603650,彤程新材,2025-09-30 09:48:58,42.39,4800,42.39,D
sh603650,彤程新材,2025-09-30 09:49:01,42.4,24600,42.39,U
sh603650,彤程新材,2025-09-30 09:49:04,42.4,6400,42.4,D
sh603650,彤程新材,2025-09-30 09:49:07,42.42,28400,42.4,U
sh603650,彤程新材,2025-09-30 09:49:16,42.44,8400,42.44,U
sh603650,彤程新材,2025-09-30 09:49:19,42.38,29900,42.44,D
sh603650,彤程新材,2025-09-30 09:49:22,42.4,12700,42.38,U
sh603650,彤程新材,2025-09-30 09:49:25,42.37,5400,42.4,D
sh603650,彤程新材,2025-09-30 09:49:37,42.36,10000,42.38,D
sh603650,彤程新材,2025-09-30 09:49:46,42.38,10500,42.38,D
sh603650,彤程新材,2025-09-30 09:49:49,42.4,15100,42.38,U
sh603650,彤程新材,2025-09-30 09:50:01,42.38,14000,42.37,U
sh603650,彤程新材,2025-09-30 09:50:10,42.4,8300,42.37,U
sh603650,彤程新材,2025-09-30 09:50:16,42.36,12900,42.39,D
sh603650,彤程新材,2025-09-30 09:50:19,42.39,6300,42.36,U
sh603650,彤程新材,2025-09-30 09:50:25,42.4,11100,42.37,U
sh603650,彤程新材,2025-09-30 09:50:31,42.44,4800,42.4,U
sh603650,彤程新材,2025-09-30 09:50:34,42.4,8300,42.44,D
sh603650,彤程新材,2025-09-30 09:50:46,42.4,7900,42.4,D
sh603650,彤程新材,2025-09-30 09:50:55,42.5,11900,42.43,U
sh603650,彤程新材,2025-09-30 09:50:58,42.48,15900,42.5,D
sh603650,彤程新材,2025-09-30 09:51:04,42.51,5600,42.49,U
sh603650,彤程新材,2025-09-30 09:51:13,42.54,4900,42.54,U
sh603650,彤程新材,2025-09-30 09:51:16,42.52,6800,42.54,D
sh603650,彤程新材,2025-09-30 09:51:28,42.55,9900,42.59,D
sh603650,彤程新材,2025-09-30 09:51:40,42.6,5200,42.6,U
sh603650,彤程新材,2025-09-30 09:51:46,42.55,14800,42.6,D
sh603650,彤程新材,2025-09-30 09:52:10,42.59,8500,42.56,U
sh603650,彤程新材,2025-09-30 09:52:16,42.56,11700,42.59,D
sh603650,彤程新材,2025-09-30 09:52:25,42.59,13200,42.59,U
sh603650,彤程新材,2025-09-30 09:52:43,42.55,6500,42.55,D
sh603650,彤程新材,2025-09-30 09:52:49,42.55,21200,42.55,D
sh603650,彤程新材,2025-09-30 09:52:52,42.55,11200,42.55,U
sh603650,彤程新材,2025-09-30 09:52:58,42.58,11500,42.53,U
sh603650,彤程新材,2025-09-30 09:53:10,42.6,7300,42.6,U
sh603650,彤程新材,2025-09-30 09:53:22,42.61,11700,42.6,U
sh603650,彤程新材,2025-09-30 09:53:25,42.6,14800,42.61,D
sh603650,彤程新材,2025-09-30 09:53:31,42.6,23000,42.61,D
sh603650,彤程新材,2025-09-30 09:53:40,42.51,8900,42.54,D
sh603650,彤程新材,2025-09-30 09:53:43,42.52,14000,42.51,U
sh603650,彤程新材,2025-09-30 09:54:01,42.51,11500,42.5,U
sh603650,彤程新材,2025-09-30 09:54:13,42.51,11200,42.5,D
sh603650,彤程新材,2025-09-30 09:54:37,42.57,5300,42.52,U
sh603650,彤程新材,2025-09-30 09:54:52,42.6,14000,42.59,U
sh603650,彤程新材,2025-09-30 09:55:01,42.63,7400,42.61,U
sh603650,彤程新材,2025-09-30 09:55:04,42.72,120600,42.63,U
sh603650,彤程新材,2025-09-30 09:55:07,42.73,18000,42.72,U
sh603650,彤程新材,2025-09-30 09:55:13,42.73,6000,42.72,E
sh603650,彤程新材,2025-09-30 09:55:19,42.75,6200,42.75,U
sh603650,彤程新材,2025-09-30 09:55:22,42.75,8200,42.75,U
sh603650,彤程新材,2025-09-30 09:55:25,42.76,4700,42.75,U
sh603650,彤程新材,2025-09-30 09:55:31,42.77,9800,42.76,U
sh603650,彤程新材,2025-09-30 09:55:34,42.78,21700,42.77,U
sh603650,彤程新材,2025-09-30 09:55:37,42.79,8300,42.78,U
sh603650,彤程新材,2025-09-30 09:55:40,42.8,15700,42.79,U
sh603650,彤程新材,2025-09-30 09:55:43,42.8,15200,42.8,U
sh603650,彤程新材,2025-09-30 09:55:46,42.81,16600,42.8,U
sh603650,彤程新材,2025-09-30 09:55:49,42.85,16600,42.81,U
sh603650,彤程新材,2025-09-30 09:55:52,42.88,8400,42.85,U
sh603650,彤程新材,2025-09-30 09:55:55,42.88,9400,42.88,U
sh603650,彤程新材,2025-09-30 09:55:58,42.89,19700,42.88,U
sh603650,彤程新材,2025-09-30 09:56:01,42.89,18900,42.89,D
sh603650,彤程新材,2025-09-30 09:56:04,42.91,10100,42.89,D
sh603650,彤程新材,2025-09-30 09:56:07,42.96,39400,42.91,U
sh603650,彤程新材,2025-09-30 09:56:10,42.95,32100,42.96,U
sh603650,彤程新材,2025-09-30 09:56:13,42.91,9000,42.95,E
sh603650,彤程新材,2025-09-30 09:56:16,42.97,29700,42.91,U
sh603650,彤程新材,2025-09-30 09:56:19,42.89,24700,42.97,D
sh603650,彤程新材,2025-09-30 09:56:22,42.95,14000,42.89,U
sh603650,彤程新材,2025-09-30 09:56:25,42.91,9900,42.95,E
sh603650,彤程新材,2025-09-30 09:56:28,42.9,24000,42.91,D
sh603650,彤程新材,2025-09-30 09:56:31,42.89,6700,42.9,E
sh603650,彤程新材,2025-09-30 09:56:37,42.89,5700,42.85,U
sh603650,彤程新材,2025-09-30 09:56:40,42.89,4900,42.89,U
sh603650,彤程新材,2025-09-30 09:56:43,42.9,5000,42.89,U
sh603650,彤程新材,2025-09-30 09:56:46,42.95,13200,42.9,U
sh603650,彤程新材,2025-09-30 09:56:52,42.93,5100,42.94,D
sh603650,彤程新材,2025-09-30 09:56:55,42.94,13500,42.93,U
sh603650,彤程新材,2025-09-30 09:56:58,42.94,10700,42.94,D
sh603650,彤程新材,2025-09-30 09:57:01,42.95,10100,42.94,U
sh603650,彤程新材,2025-09-30 09:57:04,42.96,8500,42.95,U
sh603650,彤程新材,2025-09-30 09:57:07,42.97,22500,42.96,U
sh603650,彤程新材,2025-09-30 09:57:10,42.97,11800,42.97,D
sh603650,彤程新材,2025-09-30 09:57:13,43.0,88400,42.97,U
sh603650,彤程新材,2025-09-30 09:57:16,43.01,20400,43.0,U
sh603650,彤程新材,2025-09-30 09:57:19,43.01,12100,43.01,D
sh603650,彤程新材,2025-09-30 09:57:25,43.03,69200,43.04,D
sh603650,彤程新材,2025-09-30 09:57:28,43.04,33900,43.03,U
sh603650,彤程新材,2025-09-30 09:57:31,43.07,14000,43.04,U
sh603650,彤程新材,2025-09-30 09:57:34,43.07,7500,43.07,U
sh603650,彤程新材,2025-09-30 09:57:37,43.08,5300,43.07,U
sh603650,彤程新材,2025-09-30 09:57:43,43.09,17300,43.09,U
sh603650,彤程新材,2025-09-30 09:57:46,43.12,16300,43.09,U
sh603650,彤程新材,2025-09-30 09:57:49,43.11,14500,43.12,E
sh603650,彤程新材,2025-09-30 09:57:52,43.06,74400,43.11,D
sh603650,彤程新材,2025-09-30 09:57:55,43.03,19900,43.06,D
sh603650,彤程新材,2025-09-30 09:57:58,43.03,12900,43.03,D
sh603650,彤程新材,2025-09-30 09:58:04,43.0,20400,43.03,D
sh603650,彤程新材,2025-09-30 09:58:07,42.97,18700,43.0,D
sh603650,彤程新材,2025-09-30 09:58:10,43.0,25700,42.97,U
sh603650,彤程新材,2025-09-30 09:58:13,42.95,16800,43.0,E
sh603650,彤程新材,2025-09-30 09:58:16,42.96,12600,42.95,U
sh603650,彤程新材,2025-09-30 09:58:19,42.96,12800,42.96,U
sh603650,彤程新材,2025-09-30 09:58:22,43.0,59900,42.96,U
sh603650,彤程新材,2025-09-30 09:58:25,42.96,6900,43.0,D
sh603650,彤程新材,2025-09-30 09:58:28,42.96,10500,42.96,D
sh603650,彤程新材,2025-09-30 09:58:31,43.0,8300,42.96,U
sh603650,彤程新材,2025-09-30 09:58:34,43.0,11900,43.0,U
sh603650,彤程新材,2025-09-30 09:58:37,42.99,12200,43.0,D
sh603650,彤程新材,2025-09-30 09:58:40,42.99,13400,42.99,D
sh603650,彤程新材,2025-09-30 09:58:43,42.99,9200,42.99,D
sh603650,彤程新材,2025-09-30 09:58:46,43.05,10800,42.99,U
sh603650,彤程新材,2025-09-30 09:58:55,43.05,8300,43.03,U
sh603650,彤程新材,2025-09-30 09:58:58,43.06,10600,43.05,U
sh603650,彤程新材,2025-09-30 09:59:01,43.08,10400,43.06,U
sh603650,彤程新材,2025-09-30 09:59:04,43.09,8000,43.08,U
sh603650,彤程新材,2025-09-30 09:59:07,43.1,9900,43.09,U
sh603650,彤程新材,2025-09-30 09:59:13,43.1,15300,43.11,D
sh603650,彤程新材,2025-09-30 09:59:16,43.12,5100,43.1,U
sh603650,彤程新材,2025-09-30 09:59:19,43.13,5500,43.12,U
sh603650,彤程新材,2025-09-30 09:59:22,43.13,26800,43.13,U
sh603650,彤程新材,2025-09-30 09:59:25,43.13,20400,43.13,U
sh603650,彤程新材,2025-09-30 09:59:28,43.13,18100,43.13,D
sh603650,彤程新材,2025-09-30 09:59:31,43.14,18900,43.13,U
sh603650,彤程新材,2025-09-30 09:59:34,43.14,13100,43.14,D
sh603650,彤程新材,2025-09-30 09:59:40,43.16,9400,43.15,U
sh603650,彤程新材,2025-09-30 09:59:43,43.18,15100,43.16,U
sh603650,彤程新材,2025-09-30 09:59:49,43.19,13300,43.18,U
sh603650,彤程新材,2025-09-30 09:59:52,43.2,37400,43.19,U
sh603650,彤程新材,2025-09-30 09:59:55,43.2,16600,43.2,U
sh603650,彤程新材,2025-09-30 09:59:58,43.23,5200,43.2,U
sh603650,彤程新材,2025-09-30 10:00:01,43.23,16100,43.23,D
sh603650,彤程新材,2025-09-30 10:00:04,43.15,111100,43.23,D
sh603650,彤程新材,2025-09-30 10:00:07,43.18,22600,43.15,U
sh603650,彤程新材,2025-09-30 10:00:10,43.15,11900,43.18,E
sh603650,彤程新材,2025-09-30 10:00:13,43.16,17000,43.15,U
sh603650,彤程新材,2025-09-30 10:00:16,43.1,11000,43.16,D
sh603650,彤程新材,2025-09-30 10:00:19,43.07,42600,43.1,D
sh603650,彤程新材,2025-09-30 10:00:22,43.1,24100,43.07,U
sh603650,彤程新材,2025-09-30 10:00:25,43.05,5400,43.1,D
sh603650,彤程新材,2025-09-30 10:00:28,43.0,11200,43.05,D
sh603650,彤程新材,2025-09-30 10:00:31,42.99,20000,43.0,D
sh603650,彤程新材,2025-09-30 10:00:34,42.98,7000,42.99,E
sh603650,彤程新材,2025-09-30 10:00:37,42.96,5800,42.98,D
sh603650,彤程新材,2025-09-30 10:00:40,42.98,13700,42.96,U
sh603650,彤程新材,2025-09-30 10:00:43,42.98,8700,42.98,U
sh603650,彤程新材,2025-09-30 10:00:46,43.01,25200,42.98,U
sh603650,彤程新材,2025-09-30 10:00:49,43.05,11200,43.01,U
sh603650,彤程新材,2025-09-30 10:00:52,43.08,8800,43.05,U
sh603650,彤程新材,2025-09-30 10:00:55,43.08,9700,43.08,U
sh603650,彤程新材,2025-09-30 10:00:58,43.08,25500,43.08,D
sh603650,彤程新材,2025-09-30 10:01:01,43.13,13200,43.08,U
sh603650,彤程新材,2025-09-30 10:01:04,43.08,30000,43.13,D
sh603650,彤程新材,2025-09-30 10:01:07,43.03,12800,43.08,D
sh603650,彤程新材,2025-09-30 10:01:10,43.08,20100,43.03,U
sh603650,彤程新材,2025-09-30 10:01:13,43.09,10800,43.08,E
sh603650,彤程新材,2025-09-30 10:01:16,43.1,8600,43.09,E
sh603650,彤程新材,2025-09-30 10:01:19,43.1,11600,43.1,D
sh603650,彤程新材,2025-09-30 10:01:22,43.1,34600,43.1,D
sh603650,彤程新材,2025-09-30 10:01:25,43.08,12800,43.1,U
sh603650,彤程新材,2025-09-30 10:01:31,43.05,19900,43.05,D
sh603650,彤程新材,2025-09-30 10:01:34,43.1,30400,43.05,U
sh603650,彤程新材,2025-09-30 10:01:37,43.11,8700,43.1,U
sh603650,彤程新材,2025-09-30 10:01:40,43.09,10700,43.11,D
sh603650,彤程新材,2025-09-30 10:01:46,43.12,5500,43.11,U
sh603650,彤程新材,2025-09-30 10:01:49,43.13,13600,43.12,U
sh603650,彤程新材,2025-09-30 10:01:55,43.14,5400,43.13,U
sh603650,彤程新材,2025-09-30 10:02:01,43.14,34800,43.14,U
sh603650,彤程新材,2025-09-30 10:02:04,43.14,21800,43.14,U
sh603650,彤程新材,2025-09-30 10:02:07,43.14,12400,43.14,D
sh603650,彤程新材,2025-09-30 10:02:10,43.13,11100,43.14,D
sh603650,彤程新材,2025-09-30 10:02:13,43.14,5900,43.13,U
sh603650,彤程新材,2025-09-30 10:02:16,43.13,12400,43.14,D
sh603650,彤程新材,2025-09-30 10:02:19,43.13,29100,43.13,D
sh603650,彤程新材,2025-09-30 10:02:22,43.09,5200,43.13,D
sh603650,彤程新材,2025-09-30 10:02:25,43.09,11500,43.09,D
sh603650,彤程新材,2025-09-30 10:02:28,43.09,5100,43.09,E
sh603650,彤程新材,2025-09-30 10:02:31,43.05,11800,43.09,D
sh603650,彤程新材,2025-09-30 10:02:34,43.03,12700,43.05,D
sh603650,彤程新材,2025-09-30 10:02:37,43.04,7300,43.03,U
sh603650,彤程新材,2025-09-30 10:02:40,43.02,14200,43.04,D
sh603650,彤程新材,2025-09-30 10:02:43,43.0,9400,43.02,D
sh603650,彤程新材,2025-09-30 10:02:46,43.0,9200,43.0,D
sh603650,彤程新材,2025-09-30 10:02:49,43.03,11300,43.0,U
sh603650,彤程新材,2025-09-30 10:02:52,43.02,19400,43.03,E
sh603650,彤程新材,2025-09-30 10:02:55,43.01,11700,43.02,D
sh603650,彤程新材,2025-09-30 10:02:58,43.03,5000,43.01,U
sh603650,彤程新材,2025-09-30 10:03:10,43.01,6100,43.02,D
sh603650,彤程新材,2025-09-30 10:03:13,43.05,15400,43.01,U
sh603650,彤程新材,2025-09-30 10:03:16,43.05,7200,43.05,U
sh603650,彤程新材,2025-09-30 10:03:19,43.04,8100,43.05,D
sh603650,彤程新材,2025-09-30 10:03:22,43.05,8200,43.04,U
sh603650,彤程新材,2025-09-30 10:03:28,43.05,9900,43.04,U
sh603650,彤程新材,2025-09-30 10:03:55,43.08,6800,43.06,U
sh603650,彤程新材,2025-09-30 10:04:10,43.1,13500,43.1,U
sh603650,彤程新材,2025-09-30 10:04:13,43.12,6200,43.1,E
sh603650,彤程新材,2025-09-30 10:04:19,43.15,6600,43.15,U
sh603650,彤程新材,2025-09-30 10:04:22,43.15,6100,43.15,E
sh603650,彤程新材,2025-09-30 10:04:25,43.16,6600,43.15,U
sh603650,彤程新材,2025-09-30 10:04:28,43.19,43600,43.16,U
sh603650,彤程新材,2025-09-30 10:04:31,43.2,12400,43.19,U
sh603650,彤程新材,2025-09-30 10:04:34,43.21,10100,43.2,U
sh603650,彤程新材,2025-09-30 10:04:37,43.23,15900,43.21,U
sh603650,彤程新材,2025-09-30 10:04:43,43.25,12800,43.24,U
sh603650,彤程新材,2025-09-30 10:04:46,43.26,9400,43.25,U
sh603650,彤程新材,2025-09-30 10:04:49,43.29,11100,43.26,U
sh603650,彤程新材,2025-09-30 10:04:52,43.3,41200,43.29,U
sh603650,彤程新材,2025-09-30 10:04:55,43.3,26800,43.3,U
sh603650,彤程新材,2025-09-30 10:04:58,43.3,36800,43.3,U
sh603650,彤程新材,2025-09-30 10:05:01,43.34,8100,43.3,U
sh603650,彤程新材,2025-09-30 10:05:04,43.37,11300,43.34,U
sh603650,彤程新材,2025-09-30 10:05:07,43.39,9800,43.37,U
sh603650,彤程新材,2025-09-30 10:05:10,43.39,26000,43.39,U
sh603650,彤程新材,2025-09-30 10:05:13,43.41,12700,43.39,U
sh603650,彤程新材,2025-09-30 10:05:16,43.49,19400,43.41,U
sh603650,彤程新材,2025-09-30 10:05:19,43.49,9500,43.49,U
sh603650,彤程新材,2025-09-30 10:05:22,43.5,32000,43.49,U
sh603650,彤程新材,2025-09-30 10:05:25,43.54,26800,43.5,U
sh603650,彤程新材,2025-09-30 10:05:28,43.56,14400,43.54,U
sh603650,彤程新材,2025-09-30 10:05:31,43.56,13000,43.56,E
sh603650,彤程新材,2025-09-30 10:05:34,43.65,18700,43.56,U
sh603650,彤程新材,2025-09-30 10:05:37,43.65,21800,43.65,U
sh603650,彤程新材,2025-09-30 10:05:40,43.69,11500,43.65,U
sh603650,彤程新材,2025-09-30 10:05:43,43.77,15100,43.69,U
sh603650,彤程新材,2025-09-30 10:05:46,43.69,39600,43.77,D
sh603650,彤程新材,2025-09-30 10:05:49,43.69,131100,43.69,U
sh603650,彤程新材,2025-09-30 10:05:52,43.69,56500,43.69,D
sh603650,彤程新材,2025-09-30 10:05:55,43.7,42500,43.69,U
sh603650,彤程新材,2025-09-30 10:05:58,43.74,29000,43.7,U
sh603650,彤程新材,2025-09-30 10:06:01,43.69,12500,43.74,D
sh603650,彤程新材,2025-09-30 10:06:04,43.69,27700,43.69,U
sh603650,彤程新材,2025-09-30 10:06:07,43.69,16800,43.69,D
sh603650,彤程新材,2025-09-30 10:06:10,43.64,7700,43.69,E
sh603650,彤程新材,2025-09-30 10:06:13,43.65,15900,43.64,U
sh603650,彤程新材,2025-09-30 10:06:19,43.61,6100,43.58,U
sh603650,彤程新材,2025-09-30 10:06:22,43.58,19800,43.61,D
sh603650,彤程新材,2025-09-30 10:06:25,43.58,5100,43.58,U
sh603650,彤程新材,2025-09-30 10:06:28,43.6,24200,43.58,U
sh603650,彤程新材,2025-09-30 10:06:31,43.58,7800,43.6,D
sh603650,彤程新材,2025-09-30 10:06:34,43.63,19000,43.58,U
sh603650,彤程新材,2025-09-30 10:06:37,43.6,7700,43.63,D
sh603650,彤程新材,2025-09-30 10:06:40,43.6,18900,43.6,U
sh603650,彤程新材,2025-09-30 10:06:43,43.6,16500,43.6,D
sh603650,彤程新材,2025-09-30 10:06:46,43.59,16000,43.6,D
sh603650,彤程新材,2025-09-30 10:06:49,43.6,8200,43.59,U
sh603650,彤程新材,2025-09-30 10:06:52,43.59,5400,43.6,E
sh603650,彤程新材,2025-09-30 10:06:55,43.6,18700,43.59,U
sh603650,彤程新材,2025-09-30 10:06:58,43.58,14900,43.6,D
sh603650,彤程新材,2025-09-30 10:07:01,43.6,12700,43.58,U
sh603650,彤程新材,2025-09-30 10:07:04,43.6,5800,43.6,D
sh603650,彤程新材,2025-09-30 10:07:10,43.6,16200,43.6,U
sh603650,彤程新材,2025-09-30 10:07:13,43.6,6300,43.6,D
sh603650,彤程新材,2025-09-30 10:07:19,43.64,8400,43.63,E
sh603650,彤程新材,2025-09-30 10:07:22,43.65,16900,43.64,E
sh603650,彤程新材,2025-09-30 10:07:25,43.65,28800,43.65,U
sh603650,彤程新材,2025-09-30 10:07:28,43.66,26000,43.65,U
sh603650,彤程新材,2025-09-30 10:07:31,43.66,10500,43.66,D
sh603650,彤程新材,2025-09-30 10:07:34,43.68,8300,43.66,U
sh603650,彤程新材,2025-09-30 10:07:37,43.61,86800,43.68,D
sh603650,彤程新材,2025-09-30 10:07:40,43.55,53500,43.61,D
sh603650,彤程新材,2025-09-30 10:07:43,43.51,29400,43.55,D
sh603650,彤程新材,2025-09-30 10:07:46,43.5,8500,43.51,D
sh603650,彤程新材,2025-09-30 10:07:49,43.5,14400,43.5,D
sh603650,彤程新材,2025-09-30 10:07:52,43.5,12200,43.5,D
sh603650,彤程新材,2025-09-30 10:07:55,43.5,14600,43.5,D
sh603650,彤程新材,2025-09-30 10:07:58,43.51,24800,43.5,E
sh603650,彤程新材,2025-09-30 10:08:01,43.49,10900,43.51,D
sh603650,彤程新材,2025-09-30 10:08:04,43.5,8200,43.49,U
sh603650,彤程新材,2025-09-30 10:08:07,43.4,17000,43.5,D
sh603650,彤程新材,2025-09-30 10:08:10,43.39,18400,43.4,D
sh603650,彤程新材,2025-09-30 10:08:16,43.39,5500,43.39,U
sh603650,彤程新材,2025-09-30 10:08:28,43.37,8800,43.34,U
sh603650,彤程新材,2025-09-30 10:08:31,43.33,17300,43.37,D
sh603650,彤程新材,2025-09-30 10:08:34,43.31,48700,43.33,D
sh603650,彤程新材,2025-09-30 10:08:40,43.33,6000,43.33,U
sh603650,彤程新材,2025-09-30 10:08:43,43.34,8200,43.33,E
sh603650,彤程新材,2025-09-30 10:08:52,43.35,5600,43.35,D
sh603650,彤程新材,2025-09-30 10:08:58,43.37,7900,43.37,U
sh603650,彤程新材,2025-09-30 10:09:01,43.39,38500,43.37,U
sh603650,彤程新材,2025-09-30 10:09:04,43.36,12900,43.39,D
sh603650,彤程新材,2025-09-30 10:09:07,43.37,6400,43.36,U
sh603650,彤程新材,2025-09-30 10:09:10,43.38,8500,43.37,U
sh603650,彤程新材,2025-09-30 10:09:16,43.39,9500,43.37,U
sh603650,彤程新材,2025-09-30 10:09:19,43.39,26400,43.39,U
sh603650,彤程新材,2025-09-30 10:09:22,43.39,7800,43.39,U
sh603650,彤程新材,2025-09-30 10:09:25,43.39,10300,43.39,U
sh603650,彤程新材,2025-09-30 10:09:28,43.38,21500,43.39,D
sh603650,彤程新材,2025-09-30 10:09:31,43.34,54300,43.38,D
sh603650,彤程新材,2025-09-30 10:09:34,43.3,25500,43.34,D
sh603650,彤程新材,2025-09-30 10:09:37,43.28,8800,43.3,D
sh603650,彤程新材,2025-09-30 10:09:46,43.25,6900,43.25,D
sh603650,彤程新材,2025-09-30 10:09:49,43.26,8900,43.25,U
sh603650,彤程新材,2025-09-30 10:10:01,43.26,5300,43.27,D
sh603650,彤程新材,2025-09-30 10:10:31,43.42,13700,43.44,D
sh603650,彤程新材,2025-09-30 10:10:34,43.46,7900,43.42,U
sh603650,彤程新材,2025-09-30 10:10:40,43.46,17800,43.44,U
sh603650,彤程新材,2025-09-30 10:10:43,43.42,11500,43.46,D
sh603650,彤程新材,2025-09-30 10:10:46,43.4,12100,43.42,D
sh603650,彤程新材,2025-09-30 10:10:49,43.4,24600,43.4,U
sh603650,彤程新材,2025-09-30 10:10:52,43.4,8700,43.4,D
sh603650,彤程新材,2025-09-30 10:10:55,43.4,23600,43.4,U
sh603650,彤程新材,2025-09-30 10:10:58,43.4,14300,43.4,U
sh603650,彤程新材,2025-09-30 10:11:01,43.4,7500,43.4,D
sh603650,彤程新材,2025-09-30 10:11:04,43.42,6932,43.4,U
sh603650,彤程新材,2025-09-30 10:11:07,43.4,16368,43.42,D
sh603650,彤程新材,2025-09-30 10:11:10,43.39,8900,43.4,U
sh603650,彤程新材,2025-09-30 10:11:13,43.4,4800,43.39,E
sh603650,彤程新材,2025-09-30 10:11:22,43.42,10500,43.35,U
sh603650,彤程新材,2025-09-30 10:11:25,43.43,10100,43.42,U
sh603650,彤程新材,2025-09-30 10:11:28,43.4,9766,43.43,D
sh603650,彤程新材,2025-09-30 10:11:34,43.39,8534,43.42,D
sh603650,彤程新材,2025-09-30 10:11:43,43.35,16300,43.38,D
sh603650,彤程新材,2025-09-30 10:11:46,43.3,25500,43.35,D
sh603650,彤程新材,2025-09-30 10:11:49,43.33,4800,43.3,U
sh603650,彤程新材,2025-09-30 10:11:52,43.3,7300,43.33,D
sh603650,彤程新材,2025-09-30 10:11:58,43.28,6200,43.3,D
sh603650,彤程新材,2025-09-30 10:12:01,43.28,5600,43.28,D
sh603650,彤程新材,2025-09-30 10:12:07,43.32,6000,43.3,U
sh603650,彤程新材,2025-09-30 10:12:19,43.28,12200,43.28,D
sh603650,彤程新材,2025-09-30 10:12:28,43.29,5600,43.3,D
sh603650,彤程新材,2025-09-30 10:13:01,43.32,5100,43.31,U
sh603650,彤程新材,2025-09-30 10:13:07,43.3,5100,43.3,D
sh603650,彤程新材,2025-09-30 10:13:37,43.32,6200,43.32,U
sh603650,彤程新材,2025-09-30 10:13:43,43.38,16100,43.34,U
sh603650,彤程新材,2025-09-30 10:13:52,43.38,5100,43.38,U
sh603650,彤程新材,2025-09-30 10:13:55,43.38,17300,43.38,U
sh603650,彤程新材,2025-09-30 10:14:01,43.43,10166,43.39,U
sh603650,彤程新材,2025-09-30 10:14:16,43.45,12400,43.45,D
sh603650,彤程新材,2025-09-30 10:14:19,43.47,14200,43.45,U
sh603650,彤程新材,2025-09-30 10:14:22,43.44,7100,43.47,D
sh603650,彤程新材,2025-09-30 10:14:25,43.45,7800,43.44,U
sh603650,彤程新材,2025-09-30 10:14:28,43.39,5800,43.45,D
sh603650,彤程新材,2025-09-30 10:14:34,43.45,7600,43.43,U
sh603650,彤程新材,2025-09-30 10:14:37,43.4,11400,43.45,D
sh603650,彤程新材,2025-09-30 10:14:43,43.36,52900,43.4,D
sh603650,彤程新材,2025-09-30 10:14:52,43.34,5700,43.39,D
sh603650,彤程新材,2025-09-30 10:14:55,43.4,13100,43.34,U
sh603650,彤程新材,2025-09-30 10:15:16,43.35,6300,43.35,D
sh603650,彤程新材,2025-09-30 10:15:19,43.29,29500,43.35,D
sh603650,彤程新材,2025-09-30 10:15:34,43.3,7500,43.34,E
sh603650,彤程新材,2025-09-30 10:15:40,43.29,8500,43.3,D
sh603650,彤程新材,2025-09-30 10:15:52,43.31,10000,43.3,E
sh603650,彤程新材,2025-09-30 10:15:55,43.29,15600,43.31,D
sh603650,彤程新材,2025-09-30 10:15:58,43.33,13100,43.29,U
sh603650,彤程新材,2025-09-30 10:16:04,43.33,5000,43.33,D
sh603650,彤程新材,2025-09-30 10:16:22,43.32,10100,43.32,U
sh603650,彤程新材,2025-09-30 10:16:25,43.32,13600,43.32,U
sh603650,彤程新材,2025-09-30 10:16:34,43.3,13200,43.3,U
sh603650,彤程新材,2025-09-30 10:16:37,43.31,7500,43.3,U
sh603650,彤程新材,2025-09-30 10:16:40,43.31,4900,43.31,D
sh603650,彤程新材,2025-09-30 10:16:49,43.35,7800,43.33,U
sh603650,彤程新材,2025-09-30 10:16:58,43.37,14900,43.35,U
sh603650,彤程新材,2025-09-30 10:17:04,43.4,7200,43.38,U
sh603650,彤程新材,2025-09-30 10:17:07,43.42,13400,43.4,U
sh603650,彤程新材,2025-09-30 10:17:13,43.48,6200,43.45,U
sh603650,彤程新材,2025-09-30 10:17:16,43.49,8300,43.48,U
sh603650,彤程新材,2025-09-30 10:17:19,43.49,36900,43.49,U
sh603650,彤程新材,2025-09-30 10:17:22,43.5,11400,43.49,U
sh603650,彤程新材,2025-09-30 10:17:25,43.5,14100,43.5,U
sh603650,彤程新材,2025-09-30 10:17:28,43.5,5800,43.5,U
sh603650,彤程新材,2025-09-30 10:17:40,43.54,15700,43.54,D
sh603650,彤程新材,2025-09-30 10:17:46,43.54,6100,43.56,D
sh603650,彤程新材,2025-09-30 10:17:52,43.56,11300,43.56,D
sh603650,彤程新材,2025-09-30 10:17:55,43.57,4700,43.56,U
sh603650,彤程新材,2025-09-30 10:17:58,43.58,7600,43.57,U
sh603650,彤程新材,2025-09-30 10:18:01,43.53,14100,43.58,D
sh603650,彤程新材,2025-09-30 10:18:04,43.5,33500,43.53,D
sh603650,彤程新材,2025-09-30 10:18:07,43.51,5700,43.5,U
sh603650,彤程新材,2025-09-30 10:18:10,43.41,11300,43.51,D
sh603650,彤程新材,2025-09-30 10:18:22,43.4,5700,43.42,D
sh603650,彤程新材,2025-09-30 10:18:25,43.39,4800,43.4,E
sh603650,彤程新材,2025-09-30 10:18:28,43.4,5700,43.39,U
sh603650,彤程新材,2025-09-30 10:18:37,43.4,6500,43.4,D
sh603650,彤程新材,2025-09-30 10:19:04,43.43,6200,43.43,U
sh603650,彤程新材,2025-09-30 10:19:07,43.45,27000,43.43,U
sh603650,彤程新材,2025-09-30 10:19:13,43.52,22700,43.51,U
sh603650,彤程新材,2025-09-30 10:19:16,43.6,15400,43.52,U
sh603650,彤程新材,2025-09-30 10:19:19,43.6,9900,43.6,U
sh603650,彤程新材,2025-09-30 10:19:22,43.61,7100,43.6,U
sh603650,彤程新材,2025-09-30 10:19:25,43.6,5600,43.61,D
sh603650,彤程新材,2025-09-30 10:19:34,43.66,19300,43.63,U
sh603650,彤程新材,2025-09-30 10:19:37,43.66,7100,43.66,U
sh603650,彤程新材,2025-09-30 10:19:43,43.66,9200,43.66,U
sh603650,彤程新材,2025-09-30 10:19:46,43.66,11400,43.66,U
sh603650,彤程新材,2025-09-30 10:19:48,43.68,22100,43.66,U
sh603650,彤程新材,2025-09-30 10:19:52,43.68,10300,43.68,U
sh603650,彤程新材,2025-09-30 10:19:58,43.66,7200,43.68,D
sh603650,彤程新材,2025-09-30 10:20:01,43.62,48900,43.66,D
sh603650,彤程新材,2025-09-30 10:20:04,43.68,52700,43.62,U
sh603650,彤程新材,2025-09-30 10:20:16,43.62,11700,43.61,U
sh603650,彤程新材,2025-09-30 10:20:19,43.6,28600,43.62,D
sh603650,彤程新材,2025-09-30 10:20:28,43.59,8800,43.59,D
sh603650,彤程新材,2025-09-30 10:20:31,43.59,7500,43.59,D
sh603650,彤程新材,2025-09-30 10:20:34,43.59,4600,43.59,D
sh603650,彤程新材,2025-09-30 10:20:36,43.58,10200,43.59,D
sh603650,彤程新材,2025-09-30 10:20:40,43.59,5900,43.58,U
sh603650,彤程新材,2025-09-30 10:20:46,43.58,5500,43.58,D
sh603650,彤程新材,2025-09-30 10:20:49,43.58,5600,43.58,U
sh603650,彤程新材,2025-09-30 10:20:55,43.58,5800,43.58,U
sh603650,彤程新材,2025-09-30 10:21:07,43.54,5600,43.56,D
sh603650,彤程新材,2025-09-30 10:21:10,43.56,6700,43.54,U
sh603650,彤程新材,2025-09-30 10:21:13,43.54,5600,43.56,D
sh603650,彤程新材,2025-09-30 10:21:25,43.54,7500,43.52,D
sh603650,彤程新材,2025-09-30 10:21:34,43.52,5100,43.54,E
sh603650,彤程新材,2025-09-30 10:21:40,43.52,10200,43.52,D
sh603650,彤程新材,2025-09-30 10:21:46,43.52,4600,43.53,D
sh603650,彤程新材,2025-09-30 10:21:49,43.54,101200,43.52,E
sh603650,彤程新材,2025-09-30 10:21:52,43.65,13000,43.54,U
sh603650,彤程新材,2025-09-30 10:21:55,43.7,67500,43.65,U
sh603650,彤程新材,2025-09-30 10:22:04,43.7,43600,43.67,U
sh603650,彤程新材,2025-09-30 10:22:07,43.7,4900,43.7,D
sh603650,彤程新材,2025-09-30 10:22:10,43.71,13100,43.7,U
sh603650,彤程新材,2025-09-30 10:22:16,43.7,16500,43.69,U
sh603650,彤程新材,2025-09-30 10:22:25,43.62,7800,43.68,D
sh603650,彤程新材,2025-09-30 10:22:28,43.63,40600,43.62,E
sh603650,彤程新材,2025-09-30 10:22:31,43.68,16600,43.63,U
sh603650,彤程新材,2025-09-30 10:22:34,43.61,18500,43.68,D
sh603650,彤程新材,2025-09-30 10:22:43,43.6,4900,43.59,U
sh603650,彤程新材,2025-09-30 10:22:49,43.63,8200,43.63,D
sh603650,彤程新材,2025-09-30 10:22:52,43.65,7500,43.63,U
sh603650,彤程新材,2025-09-30 10:22:55,43.64,10100,43.65,D
sh603650,彤程新材,2025-09-30 10:23:01,43.63,11300,43.64,D
sh603650,彤程新材,2025-09-30 10:23:16,43.61,25300,43.62,D
sh603650,彤程新材,2025-09-30 10:23:22,43.57,9900,43.6,D
sh603650,彤程新材,2025-09-30 10:23:28,43.56,4700,43.55,E
sh603650,彤程新材,2025-09-30 10:23:31,43.59,10100,43.56,E
sh603650,彤程新材,2025-09-30 10:23:34,43.59,18800,43.59,D
sh603650,彤程新材,2025-09-30 10:23:37,43.59,34800,43.59,D
sh603650,彤程新材,2025-09-30 10:23:40,43.59,8200,43.59,D
sh603650,彤程新材,2025-09-30 10:23:46,43.59,6600,43.59,D
sh603650,彤程新材,2025-09-30 10:23:49,43.58,10200,43.59,D
sh603650,彤程新材,2025-09-30 10:23:52,43.58,13300,43.58,D
sh603650,彤程新材,2025-09-30 10:23:58,43.58,6400,43.59,D
sh603650,彤程新材,2025-09-30 10:24:01,43.58,4600,43.58,D
sh603650,彤程新材,2025-09-30 10:24:07,43.57,8100,43.58,D
sh603650,彤程新材,2025-09-30 10:24:16,43.58,4800,43.57,U
sh603650,彤程新材,2025-09-30 10:24:19,43.55,5700,43.58,D
sh603650,彤程新材,2025-09-30 10:24:40,43.52,23600,43.51,U
sh603650,彤程新材,2025-09-30 10:24:49,43.57,8200,43.53,U
sh603650,彤程新材,2025-09-30 10:24:52,43.58,11000,43.57,U
sh603650,彤程新材,2025-09-30 10:24:55,43.58,6100,43.58,D
sh603650,彤程新材,2025-09-30 10:24:58,43.57,11700,43.58,D
sh603650,彤程新材,2025-09-30 10:25:01,43.59,27700,43.57,U
sh603650,彤程新材,2025-09-30 10:25:04,43.6,4600,43.59,U
sh603650,彤程新材,2025-09-30 10:25:07,43.59,11300,43.6,E
sh603650,彤程新材,2025-09-30 10:25:10,43.6,5200,43.59,U
sh603650,彤程新材,2025-09-30 10:25:13,43.6,6200,43.6,U
sh603650,彤程新材,2025-09-30 10:25:22,43.61,7500,43.61,D
sh603650,彤程新材,2025-09-30 10:25:25,43.61,4900,43.61,D
sh603650,彤程新材,2025-09-30 10:25:31,43.59,20100,43.61,D
sh603650,彤程新材,2025-09-30 10:25:34,43.61,11400,43.59,U
sh603650,彤程新材,2025-09-30 10:25:37,43.59,5000,43.61,D
sh603650,彤程新材,2025-09-30 10:25:40,43.58,7400,43.59,D
sh603650,彤程新材,2025-09-30 10:25:43,43.56,16500,43.58,D
sh603650,彤程新材,2025-09-30 10:26:01,43.53,9900,43.53,D
sh603650,彤程新材,2025-09-30 10:26:04,43.51,19400,43.53,D
sh603650,彤程新材,2025-09-30 10:26:10,43.5,5800,43.5,U
sh603650,彤程新材,2025-09-30 10:26:28,43.39,14300,43.42,D
sh603650,彤程新材,2025-09-30 10:26:31,43.38,5200,43.39,D
sh603650,彤程新材,2025-09-30 10:26:37,43.36,6800,43.38,D
sh603650,彤程新材,2025-09-30 10:26:46,43.31,7500,43.33,D
sh603650,彤程新材,2025-09-30 10:26:52,43.3,13400,43.31,D
sh603650,彤程新材,2025-09-30 10:26:58,43.27,8600,43.28,D
sh603650,彤程新材,2025-09-30 10:27:01,43.24,7400,43.27,D
sh603650,彤程新材,2025-09-30 10:27:04,43.27,10700,43.24,U
sh603650,彤程新材,2025-09-30 10:27:10,43.25,12100,43.23,U
sh603650,彤程新材,2025-09-30 10:27:13,43.26,5500,43.25,U
sh603650,彤程新材,2025-09-30 10:27:16,43.25,11100,43.26,D
sh603650,彤程新材,2025-09-30 10:27:22,43.25,6800,43.24,U
sh603650,彤程新材,2025-09-30 10:27:25,43.25,5300,43.25,D
sh603650,彤程新材,2025-09-30 10:27:31,43.26,16400,43.25,U
sh603650,彤程新材,2025-09-30 10:27:37,43.24,7100,43.24,D
sh603650,彤程新材,2025-09-30 10:27:40,43.24,6200,43.24,D
sh603650,彤程新材,2025-09-30 10:27:49,43.24,20300,43.23,U
sh603650,彤程新材,2025-09-30 10:27:52,43.25,8500,43.24,U
sh603650,彤程新材,2025-09-30 10:28:01,43.26,10300,43.25,U
sh603650,彤程新材,2025-09-30 10:28:04,43.28,14000,43.26,U
sh603650,彤程新材,2025-09-30 10:28:07,43.25,5400,43.28,D
sh603650,彤程新材,2025-09-30 10:28:13,43.31,5700,43.28,U
sh603650,彤程新材,2025-09-30 10:28:28,43.35,9000,43.39,D
sh603650,彤程新材,2025-09-30 10:28:31,43.47,10900,43.35,U
sh603650,彤程新材,2025-09-30 10:28:36,43.47,9300,43.48,D
sh603650,彤程新材,2025-09-30 10:28:52,43.37,6400,43.39,D
sh603650,彤程新材,2025-09-30 10:28:55,43.37,14200,43.37,U
sh603650,彤程新材,2025-09-30 10:29:04,43.39,5000,43.39,E
sh603650,彤程新材,2025-09-30 10:29:07,43.42,12400,43.39,U
sh603650,彤程新材,2025-09-30 10:29:31,43.5,8200,43.48,U
sh603650,彤程新材,2025-09-30 10:29:34,43.51,7600,43.5,U
sh603650,彤程新材,2025-09-30 10:29:46,43.52,4900,43.55,D
sh603650,彤程新材,2025-09-30 10:29:49,43.55,6700,43.52,U
sh603650,彤程新材,2025-09-30 10:29:52,43.56,6000,43.55,U
sh603650,彤程新材,2025-09-30 10:29:58,43.51,5600,43.55,D
sh603650,彤程新材,2025-09-30 10:30:01,43.57,6400,43.51,U
sh603650,彤程新材,2025-09-30 10:30:04,43.56,9900,43.57,D
sh603650,彤程新材,2025-09-30 10:30:07,43.57,32000,43.56,U
sh603650,彤程新材,2025-09-30 10:30:10,43.6,22700,43.57,U
sh603650,彤程新材,2025-09-30 10:30:13,43.61,10500,43.6,U
sh603650,彤程新材,2025-09-30 10:30:16,43.64,5300,43.61,U
sh603650,彤程新材,2025-09-30 10:30:22,43.61,13600,43.63,D
sh603650,彤程新材,2025-09-30 10:30:25,43.61,16900,43.61,U
sh603650,彤程新材,2025-09-30 10:30:28,43.59,11400,43.61,D
sh603650,彤程新材,2025-09-30 10:30:31,43.59,7000,43.59,U
sh603650,彤程新材,2025-09-30 10:30:40,43.58,5100,43.57,U
sh603650,彤程新材,2025-09-30 10:30:43,43.56,5900,43.58,E
sh603650,彤程新材,2025-09-30 10:30:46,43.58,5500,43.56,U
sh603650,彤程新材,2025-09-30 10:30:58,43.51,11300,43.57,D
sh603650,彤程新材,2025-09-30 10:31:01,43.55,19000,43.51,U
sh603650,彤程新材,2025-09-30 10:31:10,43.58,9357,43.56,U
sh603650,彤程新材,2025-09-30 10:31:16,43.59,5100,43.59,U
sh603650,彤程新材,2025-09-30 10:31:19,43.57,16143,43.59,D
sh603650,彤程新材,2025-09-30 10:31:22,43.56,24900,43.57,D
sh603650,彤程新材,2025-09-30 10:31:28,43.47,5800,43.55,D
sh603650,彤程新材,2025-09-30 10:31:34,43.46,9000,43.47,D
sh603650,彤程新材,2025-09-30 10:31:58,43.43,7800,43.45,D
sh603650,彤程新材,2025-09-30 10:32:07,43.41,11400,43.43,D
sh603650,彤程新材,2025-09-30 10:32:19,43.39,6100,43.39,D
sh603650,彤程新材,2025-09-30 10:32:22,43.37,15800,43.39,D
sh603650,彤程新材,2025-09-30 10:32:40,43.33,17900,43.33,D
sh603650,彤程新材,2025-09-30 10:32:46,43.33,14400,43.33,U
sh603650,彤程新材,2025-09-30 10:32:49,43.32,16300,43.33,D
sh603650,彤程新材,2025-09-30 10:32:58,43.34,7200,43.33,E
sh603650,彤程新材,2025-09-30 10:33:07,43.4,7500,43.38,U
sh603650,彤程新材,2025-09-30 10:33:30,43.5,5800,43.48,U
sh603650,彤程新材,2025-09-30 10:33:40,43.54,8500,43.5,U
sh603650,彤程新材,2025-09-30 10:33:43,43.55,4800,43.54,U
sh603650,彤程新材,2025-09-30 10:33:58,43.59,8900,43.57,U
sh603650,彤程新材,2025-09-30 10:34:04,43.6,10200,43.6,U
sh603650,彤程新材,2025-09-30 10:34:06,43.6,10700,43.6,U
sh603650,彤程新材,2025-09-30 10:34:10,43.6,5823,43.6,U
sh603650,彤程新材,2025-09-30 10:34:13,43.6,5300,43.6,D
sh603650,彤程新材,2025-09-30 10:34:16,43.61,25900,43.6,U
sh603650,彤程新材,2025-09-30 10:34:22,43.63,9400,43.62,U
sh603650,彤程新材,2025-09-30 10:34:25,43.63,10100,43.63,U
sh603650,彤程新材,2025-09-30 10:34:28,43.66,17000,43.63,U
sh603650,彤程新材,2025-09-30 10:34:31,43.68,10900,43.66,U
sh603650,彤程新材,2025-09-30 10:34:34,43.7,43200,43.68,U
sh603650,彤程新材,2025-09-30 10:34:40,43.74,7800,43.71,U
sh603650,彤程新材,2025-09-30 10:34:43,43.74,12100,43.74,U
sh603650,彤程新材,2025-09-30 10:34:46,43.75,9900,43.74,U
sh603650,彤程新材,2025-09-30 10:34:52,43.76,13200,43.75,U
sh603650,彤程新材,2025-09-30 10:34:55,43.77,21600,43.76,U
sh603650,彤程新材,2025-09-30 10:34:58,43.76,11300,43.77,D
sh603650,彤程新材,2025-09-30 10:35:04,43.77,10100,43.77,D
sh603650,彤程新材,2025-09-30 10:35:07,43.79,15000,43.77,U
sh603650,彤程新材,2025-09-30 10:35:10,43.8,18900,43.79,U
sh603650,彤程新材,2025-09-30 10:35:13,43.81,36600,43.8,U
sh603650,彤程新材,2025-09-30 10:35:16,43.83,10300,43.81,U
sh603650,彤程新材,2025-09-30 10:35:22,43.85,10800,43.84,U
sh603650,彤程新材,2025-09-30 10:35:24,43.86,6700,43.85,U
sh603650,彤程新材,2025-09-30 10:35:28,43.87,16100,43.86,U
sh603650,彤程新材,2025-09-30 10:35:31,43.88,32900,43.87,U
sh603650,彤程新材,2025-09-30 10:35:34,43.9,11800,43.88,U
sh603650,彤程新材,2025-09-30 10:35:37,43.9,17700,43.9,U
sh603650,彤程新材,2025-09-30 10:35:43,43.95,10000,43.92,U
sh603650,彤程新材,2025-09-30 10:35:46,43.97,9700,43.95,U
sh603650,彤程新材,2025-09-30 10:35:49,43.98,23100,43.97,U
sh603650,彤程新材,2025-09-30 10:35:52,43.99,25400,43.98,U
sh603650,彤程新材,2025-09-30 10:35:55,43.99,43500,43.99,U
sh603650,彤程新材,2025-09-30 10:35:58,44.0,49300,43.99,U
sh603650,彤程新材,2025-09-30 10:36:01,44.03,15731,44.0,U
sh603650,彤程新材,2025-09-30 10:36:04,44.06,4800,44.03,U
sh603650,彤程新材,2025-09-30 10:36:07,44.08,12100,44.06,U
sh603650,彤程新材,2025-09-30 10:36:10,44.1,10300,44.08,U
sh603650,彤程新材,2025-09-30 10:36:13,44.12,17500,44.1,U
sh603650,彤程新材,2025-09-30 10:36:16,44.18,17500,44.12,U
sh603650,彤程新材,2025-09-30 10:36:19,44.17,23200,44.18,E
sh603650,彤程新材,2025-09-30 10:36:22,44.16,30300,44.17,E
sh603650,彤程新材,2025-09-30 10:36:25,44.05,127500,44.16,D
sh603650,彤程新材,2025-09-30 10:36:28,44.06,39200,44.05,U
sh603650,彤程新材,2025-09-30 10:36:31,44.05,11200,44.06,U
sh603650,彤程新材,2025-09-30 10:36:34,44.08,18400,44.05,U
sh603650,彤程新材,2025-09-30 10:36:37,44.09,8400,44.08,U
sh603650,彤程新材,2025-09-30 10:36:40,44.13,11400,44.09,U
sh603650,彤程新材,2025-09-30 10:36:43,44.16,6500,44.13,U
sh603650,彤程新材,2025-09-30 10:36:46,44.19,24000,44.16,U
sh603650,彤程新材,2025-09-30 10:36:49,44.2,22200,44.19,U
sh603650,彤程新材,2025-09-30 10:36:52,44.22,9200,44.2,U
sh603650,彤程新材,2025-09-30 10:36:58,44.27,5800,44.26,U
sh603650,彤程新材,2025-09-30 10:37:01,44.25,47100,44.27,D
sh603650,彤程新材,2025-09-30 10:37:04,44.26,76800,44.25,U
sh603650,彤程新材,2025-09-30 10:37:07,44.16,79700,44.26,D
sh603650,彤程新材,2025-09-30 10:37:10,44.21,11800,44.16,E
sh603650,彤程新材,2025-09-30 10:37:13,44.19,7000,44.21,E
sh603650,彤程新材,2025-09-30 10:37:16,44.21,11900,44.19,U
sh603650,彤程新材,2025-09-30 10:37:19,44.15,15500,44.21,E
sh603650,彤程新材,2025-09-30 10:37:22,44.16,7600,44.15,E
sh603650,彤程新材,2025-09-30 10:37:25,44.16,18400,44.16,D
sh603650,彤程新材,2025-09-30 10:37:28,44.15,49400,44.16,D
sh603650,彤程新材,2025-09-30 10:37:31,44.19,24800,44.15,U
sh603650,彤程新材,2025-09-30 10:37:34,44.19,6400,44.19,D
sh603650,彤程新材,2025-09-30 10:37:37,44.21,6100,44.19,U
sh603650,彤程新材,2025-09-30 10:37:40,44.22,7500,44.21,U
sh603650,彤程新材,2025-09-30 10:37:43,44.23,6400,44.22,U
sh603650,彤程新材,2025-09-30 10:37:45,44.22,12900,44.23,D
sh603650,彤程新材,2025-09-30 10:37:49,44.25,8000,44.22,U
sh603650,彤程新材,2025-09-30 10:37:52,44.26,20500,44.25,U
sh603650,彤程新材,2025-09-30 10:37:55,44.26,5500,44.26,U
sh603650,彤程新材,2025-09-30 10:37:58,44.28,13200,44.26,U
sh603650,彤程新材,2025-09-30 10:38:01,44.3,12100,44.28,U
sh603650,彤程新材,2025-09-30 10:38:04,44.33,24200,44.3,U
sh603650,彤程新材,2025-09-30 10:38:07,44.34,5322,44.33,U
sh603650,彤程新材,2025-09-30 10:38:10,44.34,9878,44.34,D
sh603650,彤程新材,2025-09-30 10:38:13,44.36,10422,44.34,U
sh603650,彤程新材,2025-09-30 10:38:16,44.4,10800,44.36,U
sh603650,彤程新材,2025-09-30 10:38:19,44.44,11800,44.4,U
sh603650,彤程新材,2025-09-30 10:38:22,44.44,13990,44.44,U
sh603650,彤程新材,2025-09-30 10:38:25,44.49,14000,44.44,U
sh603650,彤程新材,2025-09-30 10:38:28,44.5,29400,44.49,U
sh603650,彤程新材,2025-09-30 10:38:31,44.51,22500,44.5,U
sh603650,彤程新材,2025-09-30 10:38:34,44.53,13200,44.51,U
sh603650,彤程新材,2025-09-30 10:38:37,44.58,10700,44.53,U
sh603650,彤程新材,2025-09-30 10:38:40,44.6,17900,44.58,U
sh603650,彤程新材,2025-09-30 10:38:43,44.63,21800,44.6,U
sh603650,彤程新材,2025-09-30 10:38:46,44.61,40300,44.63,D
sh603650,彤程新材,2025-09-30 10:38:49,44.55,91200,44.61,D
sh603650,彤程新材,2025-09-30 10:38:52,44.42,81010,44.55,D
sh603650,彤程新材,2025-09-30 10:38:55,44.41,21300,44.42,D
sh603650,彤程新材,2025-09-30 10:38:58,44.38,13100,44.41,E
sh603650,彤程新材,2025-09-30 10:39:01,44.33,51178,44.38,D
sh603650,彤程新材,2025-09-30 10:39:04,44.33,13100,44.33,U
sh603650,彤程新材,2025-09-30 10:39:07,44.3,9800,44.33,D
sh603650,彤程新材,2025-09-30 10:39:10,44.3,14100,44.3,D
sh603650,彤程新材,2025-09-30 10:39:13,44.33,24422,44.3,U
sh603650,彤程新材,2025-09-30 10:39:16,44.3,10900,44.33,D
sh603650,彤程新材,2025-09-30 10:39:19,44.3,11478,44.3,U
sh603650,彤程新材,2025-09-30 10:39:22,44.29,5100,44.3,E
sh603650,彤程新材,2025-09-30 10:39:25,44.3,24000,44.29,U
sh603650,彤程新材,2025-09-30 10:39:28,44.29,8300,44.3,U
sh603650,彤程新材,2025-09-30 10:39:31,44.3,16100,44.29,E
sh603650,彤程新材,2025-09-30 10:39:34,44.3,6000,44.3,D
sh603650,彤程新材,2025-09-30 10:39:37,44.32,34200,44.3,U
sh603650,彤程新材,2025-09-30 10:39:43,44.29,12900,44.32,D
sh603650,彤程新材,2025-09-30 10:39:46,44.25,49878,44.29,D
sh603650,彤程新材,2025-09-30 10:39:49,44.24,10800,44.25,D
sh603650,彤程新材,2025-09-30 10:39:51,44.26,12700,44.24,U
sh603650,彤程新材,2025-09-30 10:39:55,44.22,8700,44.26,U
sh603650,彤程新材,2025-09-30 10:39:58,44.21,9500,44.22,D
sh603650,彤程新材,2025-09-30 10:40:01,44.22,11400,44.21,U
sh603650,彤程新材,2025-09-30 10:40:04,44.27,13100,44.22,U
sh603650,彤程新材,2025-09-30 10:40:07,44.28,14100,44.27,U
sh603650,彤程新材,2025-09-30 10:40:13,44.28,9900,44.3,D
sh603650,彤程新材,2025-09-30 10:40:16,44.32,6200,44.28,U
sh603650,彤程新材,2025-09-30 10:40:19,44.36,8200,44.32,U
sh603650,彤程新材,2025-09-30 10:40:28,44.42,5800,44.41,U
sh603650,彤程新材,2025-09-30 10:40:31,44.45,4500,44.42,U
sh603650,彤程新材,2025-09-30 10:40:34,44.4,37500,44.45,D
sh603650,彤程新材,2025-09-30 10:40:37,44.47,34900,44.4,U
sh603650,彤程新材,2025-09-30 10:40:40,44.39,19900,44.47,D
sh603650,彤程新材,2025-09-30 10:40:43,44.39,45100,44.39,U
sh603650,彤程新材,2025-09-30 10:40:46,44.39,9500,44.39,D
sh603650,彤程新材,2025-09-30 10:40:49,44.39,17900,44.39,U
sh603650,彤程新材,2025-09-30 10:40:52,44.36,18500,44.39,D
sh603650,彤程新材,2025-09-30 10:40:55,44.3,24000,44.36,D
sh603650,彤程新材,2025-09-30 10:40:58,44.3,27700,44.3,D
sh603650,彤程新材,2025-09-30 10:41:01,44.25,21000,44.3,D
sh603650,彤程新材,2025-09-30 10:41:04,44.27,17900,44.25,U
sh603650,彤程新材,2025-09-30 10:41:10,44.22,16100,44.25,D
sh603650,彤程新材,2025-09-30 10:41:13,44.26,4900,44.22,E
sh603650,彤程新材,2025-09-30 10:41:16,44.24,7500,44.26,E
sh603650,彤程新材,2025-09-30 10:41:22,44.26,8600,44.26,U
sh603650,彤程新材,2025-09-30 10:41:25,44.28,6100,44.26,U
sh603650,彤程新材,2025-09-30 10:41:43,44.32,11400,44.3,U
sh603650,彤程新材,2025-09-30 10:41:46,44.34,5100,44.32,U
sh603650,彤程新材,2025-09-30 10:41:49,44.34,5700,44.34,U
sh603650,彤程新材,2025-09-30 10:41:55,44.37,7000,44.36,U
sh603650,彤程新材,2025-09-30 10:41:58,44.24,103600,44.37,D
sh603650,彤程新材,2025-09-30 10:42:01,44.25,15900,44.24,U
sh603650,彤程新材,2025-09-30 10:42:04,44.25,10100,44.25,U
sh603650,彤程新材,2025-09-30 10:42:07,44.25,11400,44.25,D
sh603650,彤程新材,2025-09-30 10:42:10,44.23,6700,44.25,D
sh603650,彤程新材,2025-09-30 10:42:13,44.24,6600,44.23,U
sh603650,彤程新材,2025-09-30 10:42:19,44.25,5300,44.24,E
sh603650,彤程新材,2025-09-30 10:42:40,44.23,14800,44.23,D
sh603650,彤程新材,2025-09-30 10:42:43,44.24,14800,44.23,U
sh603650,彤程新材,2025-09-30 10:43:04,44.27,6700,44.24,U
sh603650,彤程新材,2025-09-30 10:43:10,44.3,7100,44.27,U
sh603650,彤程新材,2025-09-30 10:43:16,44.3,5200,44.29,U
sh603650,彤程新材,2025-09-30 10:43:19,44.32,4600,44.3,U
sh603650,彤程新材,2025-09-30 10:43:28,44.33,16900,44.34,D
sh603650,彤程新材,2025-09-30 10:43:30,44.35,17000,44.33,U
sh603650,彤程新材,2025-09-30 10:43:34,44.36,29000,44.35,U
sh603650,彤程新材,2025-09-30 10:43:40,44.38,6600,44.37,U
sh603650,彤程新材,2025-09-30 10:43:46,44.4,5800,44.39,U
sh603650,彤程新材,2025-09-30 10:43:49,44.42,7700,44.4,U
sh603650,彤程新材,2025-09-30 10:43:52,44.43,5900,44.42,E
sh603650,彤程新材,2025-09-30 10:43:54,44.48,10500,44.43,U
sh603650,彤程新材,2025-09-30 10:43:58,44.5,13300,44.48,U
sh603650,彤程新材,2025-09-30 10:44:01,44.52,9100,44.5,U
sh603650,彤程新材,2025-09-30 10:44:10,44.61,14400,44.57,U
sh603650,彤程新材,2025-09-30 10:44:16,44.67,12200,44.63,U
sh603650,彤程新材,2025-09-30 10:44:19,44.68,26200,44.67,U
sh603650,彤程新材,2025-09-30 10:44:22,44.74,8900,44.68,U
sh603650,彤程新材,2025-09-30 10:44:25,44.76,22700,44.74,U
sh603650,彤程新材,2025-09-30 10:44:28,44.76,19600,44.76,U
sh603650,彤程新材,2025-09-30 10:44:31,44.88,25300,44.76,U
sh603650,彤程新材,2025-09-30 10:44:34,44.89,12300,44.88,U
sh603650,彤程新材,2025-09-30 10:44:37,44.95,14100,44.89,U
sh603650,彤程新材,2025-09-30 10:44:40,44.96,60300,44.95,U
sh603650,彤程新材,2025-09-30 10:44:43,44.97,59400,44.96,U
sh603650,彤程新材,2025-09-30 10:44:46,44.98,15300,44.97,U
sh603650,彤程新材,2025-09-30 10:44:49,44.99,48900,44.98,U
sh603650,彤程新材,2025-09-30 10:44:52,44.99,53800,44.99,D
sh603650,彤程新材,2025-09-30 10:44:55,45.04,58200,44.99,U
sh603650,彤程新材,2025-09-30 10:44:58,45.06,21800,45.04,U
sh603650,彤程新材,2025-09-30 10:45:01,45.08,20900,45.06,U
sh603650,彤程新材,2025-09-30 10:45:04,44.97,243500,45.08,D
sh603650,彤程新材,2025-09-30 10:45:07,44.95,18600,44.97,E
sh603650,彤程新材,2025-09-30 10:45:09,44.82,20400,44.95,D
sh603650,彤程新材,2025-09-30 10:45:13,44.81,13700,44.82,D
sh603650,彤程新材,2025-09-30 10:45:16,44.82,11200,44.81,D
sh603650,彤程新材,2025-09-30 10:45:19,44.83,18500,44.82,E
sh603650,彤程新材,2025-09-30 10:45:22,44.82,19500,44.83,D
sh603650,彤程新材,2025-09-30 10:45:25,44.82,25400,44.82,U
sh603650,彤程新材,2025-09-30 10:45:28,44.82,11700,44.82,D
sh603650,彤程新材,2025-09-30 10:45:31,44.83,5900,44.82,E
sh603650,彤程新材,2025-09-30 10:45:34,44.83,13200,44.83,D
sh603650,彤程新材,2025-09-30 10:45:37,44.82,23700,44.83,D
sh603650,彤程新材,2025-09-30 10:45:40,44.81,16800,44.82,D
sh603650,彤程新材,2025-09-30 10:45:43,44.79,26900,44.81,D
sh603650,彤程新材,2025-09-30 10:45:46,44.76,15800,44.79,D
sh603650,彤程新材,2025-09-30 10:45:49,44.71,16500,44.76,D
sh603650,彤程新材,2025-09-30 10:45:52,44.76,9200,44.71,U
sh603650,彤程新材,2025-09-30 10:45:55,44.69,9700,44.76,D
sh603650,彤程新材,2025-09-30 10:45:58,44.68,10400,44.69,D
sh603650,彤程新材,2025-09-30 10:46:01,44.63,8400,44.68,D
sh603650,彤程新材,2025-09-30 10:46:04,44.61,4800,44.63,D
sh603650,彤程新材,2025-09-30 10:46:07,44.63,8200,44.61,U
sh603650,彤程新材,2025-09-30 10:46:10,44.67,10800,44.63,U
sh603650,彤程新材,2025-09-30 10:46:13,44.61,9200,44.67,D
sh603650,彤程新材,2025-09-30 10:46:15,44.65,12400,44.61,U
sh603650,彤程新材,2025-09-30 10:46:19,44.67,6600,44.65,U
sh603650,彤程新材,2025-09-30 10:46:22,44.67,7700,44.67,U
sh603650,彤程新材,2025-09-30 10:46:28,44.67,14100,44.68,D
sh603650,彤程新材,2025-09-30 10:46:31,44.65,8700,44.67,D
sh603650,彤程新材,2025-09-30 10:46:34,44.67,9000,44.65,U
sh603650,彤程新材,2025-09-30 10:46:37,44.68,12400,44.67,U
sh603650,彤程新材,2025-09-30 10:46:40,44.67,22700,44.68,U
sh603650,彤程新材,2025-09-30 10:46:43,44.65,7200,44.67,D
sh603650,彤程新材,2025-09-30 10:46:46,44.67,6900,44.65,E
sh603650,彤程新材,2025-09-30 10:46:52,44.64,18000,44.67,D
sh603650,彤程新材,2025-09-30 10:46:54,44.66,9600,44.64,U
sh603650,彤程新材,2025-09-30 10:46:58,44.66,6000,44.66,D
sh603650,彤程新材,2025-09-30 10:47:01,44.63,18100,44.66,D
sh603650,彤程新材,2025-09-30 10:47:04,44.7,9700,44.63,U
sh603650,彤程新材,2025-09-30 10:47:07,44.64,6000,44.7,D
sh603650,彤程新材,2025-09-30 10:47:10,44.63,15400,44.64,D
sh603650,彤程新材,2025-09-30 10:47:13,44.63,8400,44.63,U
sh603650,彤程新材,2025-09-30 10:47:16,44.61,4700,44.63,D
sh603650,彤程新材,2025-09-30 10:47:19,44.62,32600,44.61,U
sh603650,彤程新材,2025-09-30 10:47:25,44.6,10200,44.61,D
sh603650,彤程新材,2025-09-30 10:47:28,44.6,6000,44.6,D
sh603650,彤程新材,2025-09-30 10:47:40,44.51,20700,44.56,D
sh603650,彤程新材,2025-09-30 10:47:46,44.5,23900,44.51,D
sh603650,彤程新材,2025-09-30 10:47:52,44.48,12500,44.49,D
sh603650,彤程新材,2025-09-30 10:47:55,44.47,5900,44.48,D
sh603650,彤程新材,2025-09-30 10:48:01,44.44,6300,44.47,D
sh603650,彤程新材,2025-09-30 10:48:07,44.43,6500,44.44,D
sh603650,彤程新材,2025-09-30 10:48:13,44.48,18300,44.44,U
sh603650,彤程新材,2025-09-30 10:48:16,44.47,6000,44.48,D
sh603650,彤程新材,2025-09-30 10:48:19,44.49,10400,44.47,D
sh603650,彤程新材,2025-09-30 10:48:22,44.5,4800,44.49,E
sh603650,彤程新材,2025-09-30 10:48:40,44.6,4600,44.6,D
sh603650,彤程新材,2025-09-30 10:48:46,44.62,6100,44.6,U
sh603650,彤程新材,2025-09-30 10:48:49,44.61,11600,44.62,D
sh603650,彤程新材,2025-09-30 10:48:52,44.58,45300,44.61,D
sh603650,彤程新材,2025-09-30 10:48:55,44.6,6100,44.58,U
sh603650,彤程新材,2025-09-30 10:48:58,44.58,28600,44.6,U
sh603650,彤程新材,2025-09-30 10:49:01,44.55,12600,44.58,D
sh603650,彤程新材,2025-09-30 10:49:04,44.56,15300,44.55,D
sh603650,彤程新材,2025-09-30 10:49:10,44.58,7700,44.58,D
sh603650,彤程新材,2025-09-30 10:49:16,44.57,7600,44.57,U
sh603650,彤程新材,2025-09-30 10:49:19,44.56,11600,44.57,E
sh603650,彤程新材,2025-09-30 10:49:22,44.55,5500,44.56,E
sh603650,彤程新材,2025-09-30 10:49:28,44.5,12800,44.55,D
sh603650,彤程新材,2025-09-30 10:49:31,44.47,6800,44.5,D
sh603650,彤程新材,2025-09-30 10:49:34,44.47,19300,44.47,D
sh603650,彤程新材,2025-09-30 10:49:40,44.46,7600,44.48,D
sh603650,彤程新材,2025-09-30 10:49:49,44.46,5300,44.45,U
sh603650,彤程新材,2025-09-30 10:50:01,44.43,10100,44.44,D
sh603650,彤程新材,2025-09-30 10:50:04,44.4,52700,44.43,D
sh603650,彤程新材,2025-09-30 10:50:09,44.36,16100,44.38,D
sh603650,彤程新材,2025-09-30 10:50:16,44.37,10600,44.36,U
sh603650,彤程新材,2025-09-30 10:50:19,44.36,7200,44.37,E
sh603650,彤程新材,2025-09-30 10:50:25,44.34,4900,44.35,D
sh603650,彤程新材,2025-09-30 10:50:28,44.34,10300,44.34,D
sh603650,彤程新材,2025-09-30 10:50:31,44.35,5000,44.34,U
sh603650,彤程新材,2025-09-30 10:50:36,44.32,8100,44.33,D
sh603650,彤程新材,2025-09-30 10:50:43,44.32,4600,44.32,D
sh603650,彤程新材,2025-09-30 10:50:46,44.3,33300,44.32,D
sh603650,彤程新材,2025-09-30 10:50:49,44.3,12700,44.3,D
sh603650,彤程新材,2025-09-30 10:50:55,44.28,11300,44.29,D
sh603650,彤程新材,2025-09-30 10:50:58,44.28,5100,44.28,D
sh603650,彤程新材,2025-09-30 10:51:07,44.28,9900,44.27,U
sh603650,彤程新材,2025-09-30 10:51:10,44.28,5600,44.28,U
sh603650,彤程新材,2025-09-30 10:51:16,44.25,19100,44.27,D
sh603650,彤程新材,2025-09-30 10:51:28,44.24,6700,44.24,U
sh603650,彤程新材,2025-09-30 10:51:37,44.21,11400,44.23,D
sh603650,彤程新材,2025-09-30 10:51:49,44.23,6600,44.22,U
sh603650,彤程新材,2025-09-30 10:51:52,44.21,6200,44.23,D
sh603650,彤程新材,2025-09-30 10:51:55,44.21,12300,44.21,D
sh603650,彤程新材,2025-09-30 10:51:58,44.2,11800,44.21,D
sh603650,彤程新材,2025-09-30 10:52:07,44.18,26100,44.2,D
sh603650,彤程新材,2025-09-30 10:52:10,44.16,12600,44.18,D
sh603650,彤程新材,2025-09-30 10:52:22,44.01,30800,44.13,D
sh603650,彤程新材,2025-09-30 10:52:33,44.04,6400,44.04,D
sh603650,彤程新材,2025-09-30 10:52:43,44.04,12100,44.04,U
sh603650,彤程新材,2025-09-30 10:52:46,44.04,11300,44.04,U
sh603650,彤程新材,2025-09-30 10:52:49,44.03,10000,44.04,D
sh603650,彤程新材,2025-09-30 10:52:51,44.02,14300,44.03,D
sh603650,彤程新材,2025-09-30 10:52:58,44.02,12400,44.03,D
sh603650,彤程新材,2025-09-30 10:53:10,44.03,5500,44.04,D
sh603650,彤程新材,2025-09-30 10:53:13,44.02,17900,44.03,D
sh603650,彤程新材,2025-09-30 10:53:16,44.03,8000,44.02,U
sh603650,彤程新材,2025-09-30 10:53:22,44.02,25900,44.02,D
sh603650,彤程新材,2025-09-30 10:53:25,44.02,10200,44.02,U
sh603650,彤程新材,2025-09-30 10:53:34,44.04,9600,44.02,U
sh603650,彤程新材,2025-09-30 10:53:37,44.03,8700,44.04,D
sh603650,彤程新材,2025-09-30 10:53:55,44.2,11500,44.18,U
sh603650,彤程新材,2025-09-30 10:54:04,44.28,7800,44.27,U
sh603650,彤程新材,2025-09-30 10:54:16,44.32,5800,44.32,U
sh603650,彤程新材,2025-09-30 10:54:19,44.33,7900,44.32,U
sh603650,彤程新材,2025-09-30 10:54:28,44.38,5900,44.34,U
sh603650,彤程新材,2025-09-30 10:54:34,44.44,7100,44.39,U
sh603650,彤程新材,2025-09-30 10:54:37,44.38,12000,44.44,D
sh603650,彤程新材,2025-09-30 10:54:40,44.44,13500,44.38,U
sh603650,彤程新材,2025-09-30 10:54:43,44.43,12500,44.44,D
sh603650,彤程新材,2025-09-30 10:54:46,44.44,8300,44.43,U
sh603650,彤程新材,2025-09-30 10:54:49,44.44,17500,44.44,U
sh603650,彤程新材,2025-09-30 10:54:52,44.38,10800,44.44,D
sh603650,彤程新材,2025-09-30 10:54:55,44.41,10500,44.38,E
sh603650,彤程新材,2025-09-30 10:55:01,44.35,45200,44.4,D
sh603650,彤程新材,2025-09-30 10:55:04,44.35,12900,44.35,U
sh603650,彤程新材,2025-09-30 10:55:13,44.33,21800,44.33,D
sh603650,彤程新材,2025-09-30 10:55:19,44.33,13600,44.33,U
sh603650,彤程新材,2025-09-30 10:55:24,44.32,19400,44.31,U
sh603650,彤程新材,2025-09-30 10:55:31,44.3,4600,44.3,D
sh603650,彤程新材,2025-09-30 10:56:07,44.12,17600,44.18,D
sh603650,彤程新材,2025-09-30 10:56:22,44.09,4800,44.1,D
sh603650,彤程新材,2025-09-30 10:56:37,44.08,7800,44.08,U
sh603650,彤程新材,2025-09-30 10:56:40,44.09,6700,44.08,U
sh603650,彤程新材,2025-09-30 10:56:49,44.1,10200,44.09,U
sh603650,彤程新材,2025-09-30 10:56:52,44.08,5600,44.1,D
sh603650,彤程新材,2025-09-30 10:56:55,44.07,10200,44.08,D
sh603650,彤程新材,2025-09-30 10:57:04,44.07,6100,44.08,D
sh603650,彤程新材,2025-09-30 10:57:28,44.15,6200,44.15,U
sh603650,彤程新材,2025-09-30 10:58:07,44.26,9500,44.26,D
sh603650,彤程新材,2025-09-30 10:58:19,44.31,69000,44.3,U
sh603650,彤程新材,2025-09-30 10:58:22,44.3,6700,44.31,U
sh603650,彤程新材,2025-09-30 10:58:28,44.3,5200,44.3,U
sh603650,彤程新材,2025-09-30 10:58:37,44.26,8000,44.3,D
sh603650,彤程新材,2025-09-30 10:58:40,44.24,4700,44.26,D
sh603650,彤程新材,2025-09-30 10:59:13,44.15,4800,44.2,U
sh603650,彤程新材,2025-09-30 10:59:52,44.2,13400,44.13,U
sh603650,彤程新材,2025-09-30 10:59:55,44.14,8700,44.2,D
sh603650,彤程新材,2025-09-30 11:00:01,44.11,8400,44.15,D
sh603650,彤程新材,2025-09-30 11:00:04,44.15,6200,44.11,U
sh603650,彤程新材,2025-09-30 11:00:07,44.11,5600,44.15,D
sh603650,彤程新材,2025-09-30 11:00:13,44.11,25300,44.11,D
sh603650,彤程新材,2025-09-30 11:00:28,44.19,18800,44.2,D
sh603650,彤程新材,2025-09-30 11:00:40,44.12,8200,44.15,D
sh603650,彤程新材,2025-09-30 11:00:43,44.1,7300,44.12,D
sh603650,彤程新材,2025-09-30 11:00:46,44.09,6800,44.1,D
sh603650,彤程新材,2025-09-30 11:00:58,44.1,10600,44.1,U
sh603650,彤程新材,2025-09-30 11:01:01,44.06,25300,44.1,D
sh603650,彤程新材,2025-09-30 11:01:04,44.1,10700,44.06,U
sh603650,彤程新材,2025-09-30 11:01:10,44.1,12700,44.1,D
sh603650,彤程新材,2025-09-30 11:01:28,44.12,24000,44.1,U
sh603650,彤程新材,2025-09-30 11:01:31,44.1,5100,44.12,D
sh603650,彤程新材,2025-09-30 11:01:34,44.1,16600,44.1,D
sh603650,彤程新材,2025-09-30 11:01:37,44.1,15100,44.1,U
sh603650,彤程新材,2025-09-30 11:02:07,44.07,6600,44.08,D
sh603650,彤程新材,2025-09-30 11:02:31,44.1,9700,44.1,U
sh603650,彤程新材,2025-09-30 11:03:01,44.1,43800,44.11,D
sh603650,彤程新材,2025-09-30 11:03:04,44.09,9900,44.1,D
sh603650,彤程新材,2025-09-30 11:03:13,44.08,10600,44.08,D
sh603650,彤程新材,2025-09-30 11:03:31,44.06,20700,44.1,D
sh603650,彤程新材,2025-09-30 11:03:37,44.07,9800,44.06,U
sh603650,彤程新材,2025-09-30 11:03:40,44.05,6100,44.07,D
sh603650,彤程新材,2025-09-30 11:03:52,44.07,14300,44.06,U
sh603650,彤程新材,2025-09-30 11:04:01,44.04,15700,44.05,D
sh603650,彤程新材,2025-09-30 11:04:04,44.03,9400,44.04,D
sh603650,彤程新材,2025-09-30 11:04:07,44.04,6000,44.03,U
sh603650,彤程新材,2025-09-30 11:04:15,44.0,48500,44.03,D
sh603650,彤程新材,2025-09-30 11:04:22,44.01,9000,44.01,D
sh603650,彤程新材,2025-09-30 11:04:25,44.0,16800,44.01,D
sh603650,彤程新材,2025-09-30 11:04:28,43.99,5800,44.0,D
sh603650,彤程新材,2025-09-30 11:04:31,43.99,5900,43.99,D
sh603650,彤程新材,2025-09-30 11:04:37,43.98,42000,43.99,D
sh603650,彤程新材,2025-09-30 11:04:46,43.97,7700,43.97,D
sh603650,彤程新材,2025-09-30 11:04:49,43.97,5000,43.97,D
sh603650,彤程新材,2025-09-30 11:04:55,43.95,7200,43.97,D
sh603650,彤程新材,2025-09-30 11:05:04,43.93,10500,43.95,D
sh603650,彤程新材,2025-09-30 11:05:10,43.91,8200,43.93,D
sh603650,彤程新材,2025-09-30 11:05:16,43.9,4600,43.92,D
sh603650,彤程新材,2025-09-30 11:05:22,43.9,14000,43.9,D
sh603650,彤程新材,2025-09-30 11:05:34,43.89,8800,43.89,D
sh603650,彤程新材,2025-09-30 11:05:37,43.89,12900,43.89,U
sh603650,彤程新材,2025-09-30 11:05:40,43.89,7400,43.89,U
sh603650,彤程新材,2025-09-30 11:05:43,43.88,4700,43.89,E
sh603650,彤程新材,2025-09-30 11:05:46,43.89,10000,43.88,U
sh603650,彤程新材,2025-09-30 11:05:49,43.9,6200,43.89,U
sh603650,彤程新材,2025-09-30 11:06:04,43.94,10100,43.94,U
sh603650,彤程新材,2025-09-30 11:06:09,44.0,16100,43.98,U
sh603650,彤程新材,2025-09-30 11:06:22,44.0,45600,44.05,D
sh603650,彤程新材,2025-09-30 11:06:25,44.0,10900,44.0,U
sh603650,彤程新材,2025-09-30 11:06:37,44.1,11800,44.02,U
sh603650,彤程新材,2025-09-30 11:06:49,44.1,9200,44.11,D
sh603650,彤程新材,2025-09-30 11:06:52,44.15,12500,44.1,U
sh603650,彤程新材,2025-09-30 11:06:55,44.15,11200,44.15,U
sh603650,彤程新材,2025-09-30 11:07:03,44.11,9700,44.12,D
sh603650,彤程新材,2025-09-30 11:07:25,44.14,4900,44.13,D
sh603650,彤程新材,2025-09-30 11:08:01,44.18,22200,44.18,D
sh603650,彤程新材,2025-09-30 11:08:04,44.18,4700,44.18,U
sh603650,彤程新材,2025-09-30 11:08:07,44.18,9900,44.18,D
sh603650,彤程新材,2025-09-30 11:08:10,44.19,7600,44.18,U
sh603650,彤程新材,2025-09-30 11:08:22,44.18,9400,44.19,D
sh603650,彤程新材,2025-09-30 11:08:43,44.2,6500,44.2,D
sh603650,彤程新材,2025-09-30 11:08:58,44.25,10300,44.21,U
sh603650,彤程新材,2025-09-30 11:09:28,44.26,6000,44.29,D
sh603650,彤程新材,2025-09-30 11:09:31,44.25,6000,44.26,D
sh603650,彤程新材,2025-09-30 11:09:43,44.3,7100,44.26,U
sh603650,彤程新材,2025-09-30 11:10:19,44.29,5100,44.31,D
sh603650,彤程新材,2025-09-30 11:10:22,44.28,5800,44.29,D
sh603650,彤程新材,2025-09-30 11:10:31,44.3,9200,44.28,D
sh603650,彤程新材,2025-09-30 11:10:37,44.29,8600,44.29,D
sh603650,彤程新材,2025-09-30 11:10:40,44.3,4600,44.29,E
sh603650,彤程新材,2025-09-30 11:11:01,44.32,4900,44.32,D
sh603650,彤程新材,2025-09-30 11:11:31,44.35,21600,44.32,U
sh603650,彤程新材,2025-09-30 11:11:34,44.35,7200,44.35,U
sh603650,彤程新材,2025-09-30 11:11:46,44.35,5300,44.35,D
sh603650,彤程新材,2025-09-30 11:11:49,44.36,5200,44.35,U
sh603650,彤程新材,2025-09-30 11:12:34,44.4,5000,44.37,U
sh603650,彤程新材,2025-09-30 11:12:37,44.34,19100,44.4,D
sh603650,彤程新材,2025-09-30 11:12:43,44.42,23600,44.35,U
sh603650,彤程新材,2025-09-30 11:12:52,44.37,5600,44.34,U
sh603650,彤程新材,2025-09-30 11:13:04,44.37,5600,44.33,U
sh603650,彤程新材,2025-09-30 11:13:10,44.35,4700,44.36,D
sh603650,彤程新材,2025-09-30 11:13:28,44.35,13800,44.37,D
sh603650,彤程新材,2025-09-30 11:14:37,44.35,20500,44.34,U
sh603650,彤程新材,2025-09-30 11:14:55,44.33,10900,44.34,D
sh603650,彤程新材,2025-09-30 11:15:19,44.33,6000,44.33,D
sh603650,彤程新材,2025-09-30 11:15:22,44.32,5900,44.33,D
sh603650,彤程新材,2025-09-30 11:15:31,44.32,16100,44.31,U
sh603650,彤程新材,2025-09-30 11:15:34,44.3,5300,44.32,D
sh603650,彤程新材,2025-09-30 11:15:52,44.24,6900,44.27,D
sh603650,彤程新材,2025-09-30 11:16:07,44.2,9400,44.23,D
sh603650,彤程新材,2025-09-30 11:16:46,44.14,6500,44.13,U
sh603650,彤程新材,2025-09-30 11:16:52,44.14,5700,44.15,D
sh603650,彤程新材,2025-09-30 11:17:28,44.15,5000,44.15,U
sh603650,彤程新材,2025-09-30 11:18:30,44.13,6400,44.14,D
sh603650,彤程新材,2025-09-30 11:19:07,44.12,17000,44.15,D
sh603650,彤程新材,2025-09-30 11:19:40,44.15,10000,44.15,U
sh603650,彤程新材,2025-09-30 11:20:06,44.18,11347,44.14,U
sh603650,彤程新材,2025-09-30 11:21:04,44.29,5200,44.3,D
sh603650,彤程新材,2025-09-30 11:21:40,44.26,10500,44.27,D
sh603650,彤程新材,2025-09-30 11:22:01,44.28,6400,44.28,U
sh603650,彤程新材,2025-09-30 11:23:10,44.35,13600,44.34,U
sh603650,彤程新材,2025-09-30 11:23:19,44.39,8000,44.36,U
sh603650,彤程新材,2025-09-30 11:23:25,44.4,10800,44.4,U
sh603650,彤程新材,2025-09-30 11:23:40,44.41,70700,44.41,U
sh603650,彤程新材,2025-09-30 11:24:01,44.4,7700,44.43,D
sh603650,彤程新材,2025-09-30 11:24:04,44.4,19000,44.4,D
sh603650,彤程新材,2025-09-30 11:24:13,44.41,5700,44.42,D
sh603650,彤程新材,2025-09-30 11:24:25,44.39,8000,44.41,D
sh603650,彤程新材,2025-09-30 11:24:28,44.38,5300,44.39,D
sh603650,彤程新材,2025-09-30 11:25:10,44.37,5000,44.34,U
sh603650,彤程新材,2025-09-30 11:25:43,44.35,7300,44.34,U
sh603650,彤程新材,2025-09-30 11:25:55,44.29,11000,44.3,D
sh603650,彤程新材,2025-09-30 11:27:04,44.18,11000,44.17,U
sh603650,彤程新材,2025-09-30 11:27:10,44.21,6100,44.21,U
sh603650,彤程新材,2025-09-30 11:27:49,44.2,5600,44.17,U
sh603650,彤程新材,2025-09-30 11:29:16,44.2,10700,44.24,D
sh603650,彤程新材,2025-09-30 11:29:24,44.18,4900,44.18,D
sh603650,彤程新材,2025-09-30 13:00:01,44.15,4700,44.15,D
sh603650,彤程新材,2025-09-30 13:00:03,44.16,9521,44.15,E
sh603650,彤程新材,2025-09-30 13:00:06,44.15,19400,44.16,D
sh603650,彤程新材,2025-09-30 13:00:09,44.15,29200,44.15,U
sh603650,彤程新材,2025-09-30 13:00:16,44.11,6100,44.12,D
sh603650,彤程新材,2025-09-30 13:00:19,44.09,27800,44.11,D
sh603650,彤程新材,2025-09-30 13:00:46,44.0,16400,44.01,D
sh603650,彤程新材,2025-09-30 13:00:49,44.0,11100,44.0,D
sh603650,彤程新材,2025-09-30 13:00:51,44.0,6400,44.0,D
sh603650,彤程新材,2025-09-30 13:01:16,43.92,5000,43.92,D
sh603650,彤程新材,2025-09-30 13:01:28,43.91,5000,43.91,D
sh603650,彤程新材,2025-09-30 13:01:34,43.9,4800,43.91,D
sh603650,彤程新材,2025-09-30 13:02:01,43.88,5400,43.88,D
sh603650,彤程新材,2025-09-30 13:02:39,43.93,25200,43.92,U
sh603650,彤程新材,2025-09-30 13:03:37,44.01,26200,44.0,U
sh603650,彤程新材,2025-09-30 13:03:43,44.01,20900,44.0,U
sh603650,彤程新材,2025-09-30 13:03:46,44.01,5000,44.01,U
sh603650,彤程新材,2025-09-30 13:03:49,44.0,7200,44.01,D
sh603650,彤程新材,2025-09-30 13:03:54,44.04,6800,44.01,U
sh603650,彤程新材,2025-09-30 13:04:07,44.09,5700,44.08,U
sh603650,彤程新材,2025-09-30 13:04:28,44.11,10800,44.12,U
sh603650,彤程新材,2025-09-30 13:04:31,44.11,9800,44.11,D
sh603650,彤程新材,2025-09-30 13:04:34,44.13,11700,44.11,U
sh603650,彤程新材,2025-09-30 13:04:40,44.13,6700,44.13,U
sh603650,彤程新材,2025-09-30 13:04:43,44.12,7800,44.13,D
sh603650,彤程新材,2025-09-30 13:04:55,44.13,16700,44.13,U
sh603650,彤程新材,2025-09-30 13:05:01,44.12,7000,44.13,D
sh603650,彤程新材,2025-09-30 13:05:07,44.12,21000,44.13,D
sh603650,彤程新材,2025-09-30 13:05:10,44.11,36900,44.12,U
sh603650,彤程新材,2025-09-30 13:05:13,44.1,9800,44.11,D
sh603650,彤程新材,2025-09-30 13:05:22,44.14,29600,44.11,U
sh603650,彤程新材,2025-09-30 13:05:39,44.21,7000,44.19,U
sh603650,彤程新材,2025-09-30 13:06:07,44.24,8800,44.19,U
sh603650,彤程新材,2025-09-30 13:06:13,44.24,16700,44.25,D
sh603650,彤程新材,2025-09-30 13:06:16,44.24,9700,44.24,D
sh603650,彤程新材,2025-09-30 13:06:19,44.2,8800,44.24,D
sh603650,彤程新材,2025-09-30 13:06:25,44.24,5600,44.24,U
sh603650,彤程新材,2025-09-30 13:07:34,44.17,17000,44.18,D
sh603650,彤程新材,2025-09-30 13:08:13,44.19,5500,44.19,D
sh603650,彤程新材,2025-09-30 13:08:19,44.19,4800,44.19,U
sh603650,彤程新材,2025-09-30 13:08:25,44.17,7400,44.19,D
sh603650,彤程新材,2025-09-30 13:08:28,44.1,14800,44.17,D
sh603650,彤程新材,2025-09-30 13:08:40,44.12,30600,44.11,E
sh603650,彤程新材,2025-09-30 13:09:42,44.11,6100,44.13,D
sh603650,彤程新材,2025-09-30 13:10:19,44.1,8500,44.13,D
sh603650,彤程新材,2025-09-30 13:11:01,44.1,28300,44.12,D
sh603650,彤程新材,2025-09-30 13:11:04,44.1,16800,44.1,D
sh603650,彤程新材,2025-09-30 13:11:07,44.1,7200,44.1,D
sh603650,彤程新材,2025-09-30 13:11:10,44.09,5400,44.1,D
sh603650,彤程新材,2025-09-30 13:11:13,44.05,14100,44.09,D
sh603650,彤程新材,2025-09-30 13:11:21,44.01,4600,44.05,D
sh603650,彤程新材,2025-09-30 13:11:37,44.0,4600,44.01,D
sh603650,彤程新材,2025-09-30 13:11:46,44.0,6400,44.0,D
sh603650,彤程新材,2025-09-30 13:11:49,44.0,4800,44.0,D
sh603650,彤程新材,2025-09-30 13:13:04,43.92,10900,43.94,D
sh603650,彤程新材,2025-09-30 13:13:13,43.94,4900,43.92,U
sh603650,彤程新材,2025-09-30 13:13:19,43.94,6800,43.94,D
sh603650,彤程新材,2025-09-30 13:14:01,43.93,4600,43.92,U
sh603650,彤程新材,2025-09-30 13:14:10,43.92,4700,43.93,D
sh603650,彤程新材,2025-09-30 13:14:28,43.96,14100,43.92,U
sh603650,彤程新材,2025-09-30 13:15:07,44.01,5500,44.0,E
sh603650,彤程新材,2025-09-30 13:15:34,43.97,12100,44.01,D
sh603650,彤程新材,2025-09-30 13:15:49,43.93,15200,43.94,D
sh603650,彤程新材,2025-09-30 13:15:52,43.89,17700,43.93,D
sh603650,彤程新材,2025-09-30 13:16:01,43.88,5800,43.88,D
sh603650,彤程新材,2025-09-30 13:16:19,43.85,6900,43.86,D
sh603650,彤程新材,2025-09-30 13:16:36,43.85,13700,43.83,E
sh603650,彤程新材,2025-09-30 13:16:46,43.82,31100,43.82,D
sh603650,彤程新材,2025-09-30 13:17:10,43.83,5300,43.81,U
sh603650,彤程新材,2025-09-30 13:17:40,43.83,8000,43.82,U
sh603650,彤程新材,2025-09-30 13:17:43,43.84,13600,43.83,U
sh603650,彤程新材,2025-09-30 13:18:04,43.84,5800,43.85,D
sh603650,彤程新材,2025-09-30 13:18:16,43.91,20400,43.9,U
sh603650,彤程新材,2025-09-30 13:18:43,43.94,5600,43.94,D
sh603650,彤程新材,2025-09-30 13:18:58,43.94,5700,43.94,D
sh603650,彤程新材,2025-09-30 13:19:04,43.93,6400,43.94,D
sh603650,彤程新材,2025-09-30 13:19:25,43.92,6600,43.93,D
sh603650,彤程新材,2025-09-30 13:19:31,43.88,4900,43.91,D
sh603650,彤程新材,2025-09-30 13:19:43,43.88,5500,43.88,D
sh603650,彤程新材,2025-09-30 13:20:00,43.85,8400,43.88,D
sh603650,彤程新材,2025-09-30 13:20:19,43.83,6700,43.84,D
sh603650,彤程新材,2025-09-30 13:20:40,43.85,5200,43.85,U
sh603650,彤程新材,2025-09-30 13:20:49,43.85,5900,43.85,D
sh603650,彤程新材,2025-09-30 13:21:07,43.86,7300,43.87,D
sh603650,彤程新材,2025-09-30 13:21:34,43.83,11600,43.85,D
sh603650,彤程新材,2025-09-30 13:21:37,43.81,21900,43.83,D
sh603650,彤程新材,2025-09-30 13:21:43,43.8,14800,43.81,D
sh603650,彤程新材,2025-09-30 13:22:07,43.81,6200,43.81,U
sh603650,彤程新材,2025-09-30 13:22:22,43.8,21200,43.8,D
sh603650,彤程新材,2025-09-30 13:22:31,43.79,23000,43.81,D
sh603650,彤程新材,2025-09-30 13:22:49,43.78,8700,43.79,D
sh603650,彤程新材,2025-09-30 13:23:04,43.76,6700,43.76,D
sh603650,彤程新材,2025-09-30 13:23:21,43.74,12600,43.74,D
sh603650,彤程新材,2025-09-30 13:23:43,43.7,9600,43.71,D
sh603650,彤程新材,2025-09-30 13:23:49,43.7,8100,43.71,D
sh603650,彤程新材,2025-09-30 13:25:25,43.96,4600,43.95,D
sh603650,彤程新材,2025-09-30 13:25:31,43.93,17800,43.97,D
sh603650,彤程新材,2025-09-30 13:26:40,43.93,5800,43.94,D
sh603650,彤程新材,2025-09-30 13:26:52,43.92,7300,43.93,D
sh603650,彤程新材,2025-09-30 13:27:07,43.87,11300,43.92,D
sh603650,彤程新材,2025-09-30 13:27:40,43.84,4700,43.9,D
sh603650,彤程新材,2025-09-30 13:27:46,43.78,12600,43.84,D
sh603650,彤程新材,2025-09-30 13:27:49,43.79,7700,43.78,U
sh603650,彤程新材,2025-09-30 13:27:58,43.75,30200,43.84,D
sh603650,彤程新材,2025-09-30 13:28:01,43.84,7100,43.75,U
sh603650,彤程新材,2025-09-30 13:28:13,43.84,9000,43.84,U
sh603650,彤程新材,2025-09-30 13:28:16,43.82,8100,43.84,D
sh603650,彤程新材,2025-09-30 13:28:19,43.84,5000,43.82,U
sh603650,彤程新材,2025-09-30 13:28:31,43.83,8100,43.84,D
sh603650,彤程新材,2025-09-30 13:29:10,43.87,12100,43.88,D
sh603650,彤程新材,2025-09-30 13:29:13,43.87,7900,43.87,U
sh603650,彤程新材,2025-09-30 13:30:22,43.85,8700,43.84,U
sh603650,彤程新材,2025-09-30 13:30:28,43.85,6400,43.85,D
sh603650,彤程新材,2025-09-30 13:30:37,43.83,10200,43.85,D
sh603650,彤程新材,2025-09-30 13:31:43,43.83,7000,43.84,D
sh603650,彤程新材,2025-09-30 13:31:55,43.81,7500,43.82,D
sh603650,彤程新材,2025-09-30 13:31:58,43.8,12300,43.81,D
sh603650,彤程新材,2025-09-30 13:32:07,43.77,5900,43.78,D
sh603650,彤程新材,2025-09-30 13:32:52,43.73,4800,43.74,D
sh603650,彤程新材,2025-09-30 13:33:01,43.73,6800,43.72,U
sh603650,彤程新材,2025-09-30 13:33:10,43.69,20500,43.71,D
sh603650,彤程新材,2025-09-30 13:33:25,43.67,11900,43.69,D
sh603650,彤程新材,2025-09-30 13:33:34,43.67,10900,43.68,D
sh603650,彤程新材,2025-09-30 13:33:40,43.69,10400,43.68,U
sh603650,彤程新材,2025-09-30 13:33:42,43.68,5600,43.69,D
sh603650,彤程新材,2025-09-30 13:33:58,43.69,5600,43.7,D
sh603650,彤程新材,2025-09-30 13:34:03,43.7,8100,43.7,U
sh603650,彤程新材,2025-09-30 13:34:07,43.73,11200,43.7,U
sh603650,彤程新材,2025-09-30 13:34:31,43.72,6400,43.72,D
sh603650,彤程新材,2025-09-30 13:34:49,43.71,11100,43.72,D
sh603650,彤程新材,2025-09-30 13:34:55,43.7,5200,43.71,D
sh603650,彤程新材,2025-09-30 13:35:13,43.68,10200,43.69,D
sh603650,彤程新材,2025-09-30 13:35:16,43.68,10000,43.68,D
sh603650,彤程新材,2025-09-30 13:35:25,43.67,5154,43.67,D
sh603650,彤程新材,2025-09-30 13:35:36,43.66,6500,43.66,D
sh603650,彤程新材,2025-09-30 13:35:52,43.63,11300,43.65,D
sh603650,彤程新材,2025-09-30 13:35:58,43.61,12800,43.64,D
sh603650,彤程新材,2025-09-30 13:36:04,43.63,11700,43.6,U
sh603650,彤程新材,2025-09-30 13:36:07,43.66,13100,43.63,U
sh603650,彤程新材,2025-09-30 13:36:10,43.67,4600,43.66,U
sh603650,彤程新材,2025-09-30 13:36:16,43.7,14800,43.68,U
sh603650,彤程新材,2025-09-30 13:36:19,43.67,29700,43.7,E
sh603650,彤程新材,2025-09-30 13:36:28,43.75,5100,43.71,U
sh603650,彤程新材,2025-09-30 13:36:33,43.76,10200,43.75,U
sh603650,彤程新材,2025-09-30 13:36:46,43.81,8600,43.81,D
sh603650,彤程新材,2025-09-30 13:37:07,43.84,6200,43.83,D
sh603650,彤程新材,2025-09-30 13:37:10,43.83,4600,43.84,D
sh603650,彤程新材,2025-09-30 13:37:22,43.8,12500,43.82,D
sh603650,彤程新材,2025-09-30 13:37:34,43.79,5100,43.79,D
sh603650,彤程新材,2025-09-30 13:38:04,43.72,6000,43.73,D
sh603650,彤程新材,2025-09-30 13:38:24,43.72,5700,43.72,U
sh603650,彤程新材,2025-09-30 13:38:58,43.72,9100,43.73,D
sh603650,彤程新材,2025-09-30 13:39:16,43.72,9200,43.74,D
sh603650,彤程新材,2025-09-30 13:39:22,43.72,5200,43.74,D
sh603650,彤程新材,2025-09-30 13:39:37,43.72,5654,43.72,D
sh603650,彤程新材,2025-09-30 13:39:49,43.71,5300,43.71,D
sh603650,彤程新材,2025-09-30 13:40:01,43.72,5900,43.72,D
sh603650,彤程新材,2025-09-30 13:40:58,43.72,45200,43.73,D
sh603650,彤程新材,2025-09-30 13:41:22,43.7,7700,43.7,D
sh603650,彤程新材,2025-09-30 13:42:13,43.66,11700,43.69,D
sh603650,彤程新材,2025-09-30 13:42:40,43.67,13300,43.68,D
sh603650,彤程新材,2025-09-30 13:42:55,43.66,28900,43.67,D
sh603650,彤程新材,2025-09-30 13:42:58,43.66,12100,43.66,U
sh603650,彤程新材,2025-09-30 13:43:01,43.66,4600,43.66,U
sh603650,彤程新材,2025-09-30 13:43:10,43.65,11500,43.66,D
sh603650,彤程新材,2025-09-30 13:43:28,43.65,4700,43.65,U
sh603650,彤程新材,2025-09-30 13:43:34,43.64,7300,43.64,D
sh603650,彤程新材,2025-09-30 13:44:01,43.64,25300,43.62,U
sh603650,彤程新材,2025-09-30 13:44:34,43.64,4700,43.66,D
sh603650,彤程新材,2025-09-30 13:44:37,43.64,4600,43.64,U
sh603650,彤程新材,2025-09-30 13:44:49,43.64,7000,43.64,U
sh603650,彤程新材,2025-09-30 13:45:01,43.64,8400,43.64,U
sh603650,彤程新材,2025-09-30 13:45:04,43.65,8500,43.64,U
sh603650,彤程新材,2025-09-30 13:45:34,43.66,5000,43.66,U
sh603650,彤程新材,2025-09-30 13:47:13,43.68,10400,43.68,D
sh603650,彤程新材,2025-09-30 13:47:43,43.69,10400,43.68,E
sh603650,彤程新材,2025-09-30 13:48:07,43.69,7300,43.7,D
sh603650,彤程新材,2025-09-30 13:48:10,43.69,7000,43.69,D
sh603650,彤程新材,2025-09-30 13:48:31,43.68,4600,43.69,D
sh603650,彤程新材,2025-09-30 13:48:55,43.68,22900,43.68,D
sh603650,彤程新材,2025-09-30 13:49:00,43.7,5800,43.68,U
sh603650,彤程新材,2025-09-30 13:49:34,43.7,6000,43.7,U
sh603650,彤程新材,2025-09-30 13:50:10,43.67,6200,43.68,D
sh603650,彤程新材,2025-09-30 13:50:28,43.68,10800,43.68,U
sh603650,彤程新材,2025-09-30 13:51:37,43.66,8300,43.67,D
sh603650,彤程新材,2025-09-30 13:51:49,43.68,14500,43.66,U
sh603650,彤程新材,2025-09-30 13:52:36,43.65,5300,43.65,D
sh603650,彤程新材,2025-09-30 13:52:43,43.63,14300,43.65,D
sh603650,彤程新材,2025-09-30 13:52:46,43.63,4600,43.63,D
sh603650,彤程新材,2025-09-30 13:52:51,43.61,11400,43.64,D
sh603650,彤程新材,2025-09-30 13:52:55,43.61,4600,43.61,D
sh603650,彤程新材,2025-09-30 13:52:58,43.6,8600,43.61,D
sh603650,彤程新材,2025-09-30 13:53:07,43.6,14100,43.6,D
sh603650,彤程新材,2025-09-30 13:53:16,43.59,5600,43.59,D
sh603650,彤程新材,2025-09-30 13:53:25,43.59,11600,43.59,D
sh603650,彤程新材,2025-09-30 13:53:28,43.6,12700,43.59,U
sh603650,彤程新材,2025-09-30 13:53:58,43.6,25700,43.6,D
sh603650,彤程新材,2025-09-30 13:54:03,43.59,8000,43.6,D
sh603650,彤程新材,2025-09-30 13:54:07,43.59,5500,43.59,D
sh603650,彤程新材,2025-09-30 13:54:16,43.59,14800,43.59,D
sh603650,彤程新材,2025-09-30 13:54:18,43.59,5000,43.59,D
sh603650,彤程新材,2025-09-30 13:54:28,43.59,4700,43.59,D
sh603650,彤程新材,2025-09-30 13:54:34,43.59,5800,43.59,D
sh603650,彤程新材,2025-09-30 13:54:40,43.57,21100,43.6,D
sh603650,彤程新材,2025-09-30 13:55:07,43.58,6100,43.57,U
sh603650,彤程新材,2025-09-30 13:55:16,43.54,21500,43.57,D
sh603650,彤程新材,2025-09-30 13:55:19,43.54,13000,43.54,D
sh603650,彤程新材,2025-09-30 13:55:34,43.5,8400,43.51,D
sh603650,彤程新材,2025-09-30 13:55:37,43.5,4900,43.5,D
sh603650,彤程新材,2025-09-30 13:55:40,43.54,11000,43.5,E
sh603650,彤程新材,2025-09-30 13:55:43,43.5,40600,43.54,D
sh603650,彤程新材,2025-09-30 13:55:52,43.5,12100,43.5,D
sh603650,彤程新材,2025-09-30 13:55:55,43.51,25800,43.5,U
sh603650,彤程新材,2025-09-30 13:56:01,43.5,4900,43.5,D
sh603650,彤程新材,2025-09-30 13:56:04,43.5,4600,43.5,D
sh603650,彤程新材,2025-09-30 13:56:07,43.48,16900,43.5,D
sh603650,彤程新材,2025-09-30 13:56:10,43.48,5300,43.48,D
sh603650,彤程新材,2025-09-30 13:56:22,43.46,9900,43.46,D
sh603650,彤程新材,2025-09-30 13:56:31,43.45,10000,43.45,D
sh603650,彤程新材,2025-09-30 13:56:48,43.4,5500,43.41,D
sh603650,彤程新材,2025-09-30 13:57:01,43.35,9200,43.39,D
sh603650,彤程新材,2025-09-30 13:57:10,43.38,14200,43.33,U
sh603650,彤程新材,2025-09-30 13:57:13,43.35,10600,43.38,D
sh603650,彤程新材,2025-09-30 13:57:22,43.36,12800,43.38,D
sh603650,彤程新材,2025-09-30 13:57:25,43.37,7200,43.36,E
sh603650,彤程新材,2025-09-30 13:57:58,43.33,12400,43.33,D
sh603650,彤程新材,2025-09-30 13:58:01,43.38,48100,43.33,U
sh603650,彤程新材,2025-09-30 13:58:19,43.36,5700,43.37,D
sh603650,彤程新材,2025-09-30 13:59:01,43.36,8700,43.35,U
sh603650,彤程新材,2025-09-30 13:59:04,43.42,18700,43.36,U
sh603650,彤程新材,2025-09-30 13:59:34,43.54,5900,43.54,D
sh603650,彤程新材,2025-09-30 13:59:43,43.59,5800,43.54,U
sh603650,彤程新材,2025-09-30 14:00:13,43.56,6600,43.55,U
sh603650,彤程新材,2025-09-30 14:00:16,43.59,4700,43.56,U
sh603650,彤程新材,2025-09-30 14:00:19,43.57,4700,43.59,D
sh603650,彤程新材,2025-09-30 14:00:49,43.55,4700,43.54,U
sh603650,彤程新材,2025-09-30 14:01:10,43.5,5400,43.51,D
sh603650,彤程新材,2025-09-30 14:01:58,43.55,5900,43.54,U
sh603650,彤程新材,2025-09-30 14:02:01,43.51,6000,43.55,D
sh603650,彤程新材,2025-09-30 14:03:25,43.59,11100,43.59,U
sh603650,彤程新材,2025-09-30 14:03:34,43.6,20500,43.6,U
sh603650,彤程新材,2025-09-30 14:03:37,43.59,25900,43.6,D
sh603650,彤程新材,2025-09-30 14:03:40,43.6,5800,43.59,U
sh603650,彤程新材,2025-09-30 14:03:58,43.64,4800,43.64,U
sh603650,彤程新材,2025-09-30 14:04:04,43.66,4800,43.65,U
sh603650,彤程新材,2025-09-30 14:04:07,43.69,9800,43.66,U
sh603650,彤程新材,2025-09-30 14:04:10,43.7,13200,43.69,U
sh603650,彤程新材,2025-09-30 14:04:13,43.73,7300,43.7,U
sh603650,彤程新材,2025-09-30 14:04:19,43.75,5100,43.73,U
sh603650,彤程新材,2025-09-30 14:04:22,43.77,5200,43.75,U
sh603650,彤程新材,2025-09-30 14:04:33,43.83,4800,43.82,U
sh603650,彤程新材,2025-09-30 14:04:40,43.86,9300,43.85,U
sh603650,彤程新材,2025-09-30 14:04:43,43.86,20600,43.86,U
sh603650,彤程新材,2025-09-30 14:04:46,43.84,12700,43.86,D
sh603650,彤程新材,2025-09-30 14:04:49,43.87,16100,43.84,U
sh603650,彤程新材,2025-09-30 14:04:58,43.88,17800,43.88,U
sh603650,彤程新材,2025-09-30 14:05:01,43.88,17600,43.88,U
sh603650,彤程新材,2025-09-30 14:05:16,43.92,13300,43.9,U
sh603650,彤程新材,2025-09-30 14:05:19,43.92,7100,43.92,D
sh603650,彤程新材,2025-09-30 14:05:22,43.93,5500,43.92,D
sh603650,彤程新材,2025-09-30 14:05:34,43.95,11000,43.96,D
sh603650,彤程新材,2025-09-30 14:05:36,43.98,6900,43.95,U
sh603650,彤程新材,2025-09-30 14:05:43,43.98,7300,43.96,U
sh603650,彤程新材,2025-09-30 14:05:52,43.98,5100,43.98,U
sh603650,彤程新材,2025-09-30 14:05:55,43.98,9700,43.98,U
sh603650,彤程新材,2025-09-30 14:06:04,43.97,28400,43.99,D
sh603650,彤程新材,2025-09-30 14:06:07,43.97,12100,43.97,U
sh603650,彤程新材,2025-09-30 14:06:13,43.95,10600,43.96,D
sh603650,彤程新材,2025-09-30 14:06:16,43.95,6400,43.95,D
sh603650,彤程新材,2025-09-30 14:06:19,43.95,6900,43.95,D
sh603650,彤程新材,2025-09-30 14:06:21,43.94,10500,43.95,D
sh603650,彤程新材,2025-09-30 14:06:25,43.95,5000,43.94,U
sh603650,彤程新材,2025-09-30 14:06:28,43.89,21100,43.95,D
sh603650,彤程新材,2025-09-30 14:06:31,43.9,7400,43.89,U
sh603650,彤程新材,2025-09-30 14:06:37,43.89,5100,43.89,U
sh603650,彤程新材,2025-09-30 14:06:40,43.9,7100,43.89,U
sh603650,彤程新材,2025-09-30 14:06:55,43.88,9200,43.89,D
sh603650,彤程新材,2025-09-30 14:07:01,43.89,15000,43.88,U
sh603650,彤程新材,2025-09-30 14:07:07,43.89,8800,43.88,U
sh603650,彤程新材,2025-09-30 14:07:22,43.9,6800,43.9,D
sh603650,彤程新材,2025-09-30 14:08:22,43.94,14800,43.95,D
sh603650,彤程新材,2025-09-30 14:08:24,43.94,4900,43.94,U
sh603650,彤程新材,2025-09-30 14:08:37,43.92,4600,43.92,D
sh603650,彤程新材,2025-09-30 14:08:40,43.92,16200,43.92,D
sh603650,彤程新材,2025-09-30 14:08:49,43.92,13000,43.91,U
sh603650,彤程新材,2025-09-30 14:09:01,43.93,15000,43.92,U
sh603650,彤程新材,2025-09-30 14:09:04,43.92,5500,43.93,D
sh603650,彤程新材,2025-09-30 14:09:07,43.93,5000,43.92,U
sh603650,彤程新材,2025-09-30 14:09:13,43.93,8700,43.93,D
sh603650,彤程新材,2025-09-30 14:09:40,43.93,16100,43.93,D
sh603650,彤程新材,2025-09-30 14:09:49,43.92,11700,43.93,D
sh603650,彤程新材,2025-09-30 14:09:58,43.9,12800,43.92,D
sh603650,彤程新材,2025-09-30 14:10:00,43.9,5800,43.9,D
sh603650,彤程新材,2025-09-30 14:10:13,43.9,5000,43.91,D
sh603650,彤程新材,2025-09-30 14:10:25,43.91,16400,43.9,U
sh603650,彤程新材,2025-09-30 14:11:46,43.9,10700,43.92,D
sh603650,彤程新材,2025-09-30 14:13:39,43.91,7700,43.92,D
sh603650,彤程新材,2025-09-30 14:14:01,43.91,7800,43.91,D
sh603650,彤程新材,2025-09-30 14:14:03,43.92,4600,43.91,U
sh603650,彤程新材,2025-09-30 14:14:07,43.93,9600,43.92,U
sh603650,彤程新材,2025-09-30 14:14:28,43.95,21400,43.94,U
sh603650,彤程新材,2025-09-30 14:14:31,43.95,7600,43.95,U
sh603650,彤程新材,2025-09-30 14:14:34,43.95,13000,43.95,U
sh603650,彤程新材,2025-09-30 14:14:37,43.95,9300,43.95,U
sh603650,彤程新材,2025-09-30 14:14:40,43.95,5000,43.95,U
sh603650,彤程新材,2025-09-30 14:14:58,44.0,13200,43.98,U
sh603650,彤程新材,2025-09-30 14:15:04,44.01,17200,44.0,U
sh603650,彤程新材,2025-09-30 14:15:22,44.12,5500,44.1,U
sh603650,彤程新材,2025-09-30 14:15:28,44.2,26300,44.14,U
sh603650,彤程新材,2025-09-30 14:15:31,44.2,10400,44.2,U
sh603650,彤程新材,2025-09-30 14:15:40,44.28,5200,44.25,U
sh603650,彤程新材,2025-09-30 14:15:43,44.3,16000,44.28,U
sh603650,彤程新材,2025-09-30 14:15:46,44.31,11600,44.3,U
sh603650,彤程新材,2025-09-30 14:15:49,44.21,13200,44.31,D
sh603650,彤程新材,2025-09-30 14:15:52,44.2,17700,44.21,D
sh603650,彤程新材,2025-09-30 14:15:54,44.2,5400,44.2,U
sh603650,彤程新材,2025-09-30 14:15:58,44.18,8800,44.2,E
sh603650,彤程新材,2025-09-30 14:16:10,44.2,13500,44.2,D
sh603650,彤程新材,2025-09-30 14:16:18,44.2,5600,44.23,D
sh603650,彤程新材,2025-09-30 14:16:40,44.24,4600,44.24,U
sh603650,彤程新材,2025-09-30 14:16:43,44.24,4700,44.24,D
sh603650,彤程新材,2025-09-30 14:16:49,44.24,13100,44.25,D
sh603650,彤程新材,2025-09-30 14:16:52,44.24,8400,44.24,U
sh603650,彤程新材,2025-09-30 14:16:54,44.25,6200,44.24,U
sh603650,彤程新材,2025-09-30 14:16:58,44.27,10100,44.25,U
sh603650,彤程新材,2025-09-30 14:17:00,44.25,16400,44.27,D
sh603650,彤程新材,2025-09-30 14:17:06,44.29,7500,44.28,U
sh603650,彤程新材,2025-09-30 14:17:16,44.32,9400,44.32,U
sh603650,彤程新材,2025-09-30 14:17:19,44.32,11800,44.32,D
sh603650,彤程新材,2025-09-30 14:17:22,44.34,7600,44.32,U
sh603650,彤程新材,2025-09-30 14:17:25,44.37,6500,44.34,U
sh603650,彤程新材,2025-09-30 14:17:31,44.37,10500,44.38,D
sh603650,彤程新材,2025-09-30 14:17:34,44.38,10100,44.37,U
sh603650,彤程新材,2025-09-30 14:17:37,44.38,5100,44.38,D
sh603650,彤程新材,2025-09-30 14:17:43,44.4,4700,44.39,U
sh603650,彤程新材,2025-09-30 14:17:46,44.4,5900,44.4,U
sh603650,彤程新材,2025-09-30 14:17:49,44.41,9600,44.4,U
sh603650,彤程新材,2025-09-30 14:17:52,44.4,7500,44.41,D
sh603650,彤程新材,2025-09-30 14:17:55,44.42,11500,44.4,U
sh603650,彤程新材,2025-09-30 14:17:58,44.4,6000,44.42,D
sh603650,彤程新材,2025-09-30 14:18:01,44.4,26800,44.4,D
sh603650,彤程新材,2025-09-30 14:18:04,44.38,12000,44.4,D
sh603650,彤程新材,2025-09-30 14:18:10,44.35,5400,44.35,D
sh603650,彤程新材,2025-09-30 14:18:13,44.35,5300,44.35,D
sh603650,彤程新材,2025-09-30 14:18:22,44.3,6800,44.33,D
sh603650,彤程新材,2025-09-30 14:18:33,44.25,4800,44.29,D
sh603650,彤程新材,2025-09-30 14:18:43,44.22,7100,44.23,D
sh603650,彤程新材,2025-09-30 14:18:58,44.21,7700,44.2,U
sh603650,彤程新材,2025-09-30 14:19:04,44.19,5600,44.21,D
sh603650,彤程新材,2025-09-30 14:19:16,44.19,5800,44.19,D
sh603650,彤程新材,2025-09-30 14:19:49,44.18,7600,44.18,U
sh603650,彤程新材,2025-09-30 14:19:55,44.18,12600,44.18,D
sh603650,彤程新材,2025-09-30 14:20:01,44.18,6100,44.18,D
sh603650,彤程新材,2025-09-30 14:20:16,44.17,5700,44.18,E
sh603650,彤程新材,2025-09-30 14:20:25,44.11,5500,44.12,D
sh603650,彤程新材,2025-09-30 14:20:28,44.11,8200,44.11,D
sh603650,彤程新材,2025-09-30 14:20:46,44.08,7000,44.08,D
sh603650,彤程新材,2025-09-30 14:20:58,44.09,7800,44.05,U
sh603650,彤程新材,2025-09-30 14:21:31,44.11,5900,44.11,U
sh603650,彤程新材,2025-09-30 14:21:37,44.11,9000,44.12,D
sh603650,彤程新材,2025-09-30 14:22:07,44.2,4700,44.18,U
sh603650,彤程新材,2025-09-30 14:22:37,44.26,4700,44.26,E
sh603650,彤程新材,2025-09-30 14:22:40,44.26,8000,44.26,U
sh603650,彤程新材,2025-09-30 14:22:46,44.28,7300,44.26,D
sh603650,彤程新材,2025-09-30 14:22:58,44.3,13300,44.32,E
sh603650,彤程新材,2025-09-30 14:23:07,44.28,6100,44.31,D
sh603650,彤程新材,2025-09-30 14:23:10,44.32,16000,44.28,U
sh603650,彤程新材,2025-09-30 14:23:16,44.32,6600,44.32,D
sh603650,彤程新材,2025-09-30 14:23:22,44.33,9000,44.33,D
sh603650,彤程新材,2025-09-30 14:23:25,44.33,14100,44.33,U
sh603650,彤程新材,2025-09-30 14:23:37,44.31,6700,44.31,D
sh603650,彤程新材,2025-09-30 14:24:01,44.31,16900,44.32,U
sh603650,彤程新材,2025-09-30 14:24:10,44.31,14600,44.31,D
sh603650,彤程新材,2025-09-30 14:24:19,44.3,7200,44.31,D
sh603650,彤程新材,2025-09-30 14:24:25,44.27,12400,44.29,D
sh603650,彤程新材,2025-09-30 14:24:37,44.29,4900,44.28,U
sh603650,彤程新材,2025-09-30 14:24:46,44.26,4700,44.28,D
sh603650,彤程新材,2025-09-30 14:25:04,44.24,17800,44.25,D
sh603650,彤程新材,2025-09-30 14:25:16,44.22,6200,44.23,D
sh603650,彤程新材,2025-09-30 14:25:55,44.16,13700,44.19,D
sh603650,彤程新材,2025-09-30 14:26:01,44.2,5100,44.19,U
sh603650,彤程新材,2025-09-30 14:26:40,44.24,5200,44.23,U
sh603650,彤程新材,2025-09-30 14:26:52,44.26,6800,44.26,U
sh603650,彤程新材,2025-09-30 14:27:01,44.3,6500,44.26,U
sh603650,彤程新材,2025-09-30 14:27:04,44.31,4800,44.3,U
sh603650,彤程新材,2025-09-30 14:27:22,44.34,4800,44.32,U
sh603650,彤程新材,2025-09-30 14:27:31,44.36,5400,44.35,U
sh603650,彤程新材,2025-09-30 14:27:34,44.39,5800,44.36,U
sh603650,彤程新材,2025-09-30 14:27:43,44.4,12000,44.4,U
sh603650,彤程新材,2025-09-30 14:27:46,44.39,9800,44.4,D
sh603650,彤程新材,2025-09-30 14:27:49,44.39,9200,44.39,D
sh603650,彤程新材,2025-09-30 14:28:04,44.42,4700,44.41,U
sh603650,彤程新材,2025-09-30 14:28:16,44.41,6000,44.42,D
sh603650,彤程新材,2025-09-30 14:28:19,44.41,11000,44.41,U
sh603650,彤程新材,2025-09-30 14:28:25,44.42,8500,44.41,U
sh603650,彤程新材,2025-09-30 14:28:31,44.42,10000,44.42,U
sh603650,彤程新材,2025-09-30 14:28:37,44.45,6725,44.43,U
sh603650,彤程新材,2025-09-30 14:28:39,44.45,5975,44.45,D
sh603650,彤程新材,2025-09-30 14:28:43,44.5,45425,44.45,U
sh603650,彤程新材,2025-09-30 14:28:49,44.5,10000,44.5,U
sh603650,彤程新材,2025-09-30 14:28:52,44.56,19166,44.5,U
sh603650,彤程新材,2025-09-30 14:28:55,44.57,11500,44.56,U
sh603650,彤程新材,2025-09-30 14:29:01,44.6,22500,44.57,U
sh603650,彤程新材,2025-09-30 14:29:07,44.62,31000,44.57,U
sh603650,彤程新材,2025-09-30 14:29:10,44.62,4600,44.62,U
sh603650,彤程新材,2025-09-30 14:29:13,44.64,24300,44.62,U
sh603650,彤程新材,2025-09-30 14:29:19,44.68,23000,44.62,U
sh603650,彤程新材,2025-09-30 14:29:22,44.69,5300,44.68,U
sh603650,彤程新材,2025-09-30 14:29:25,44.7,17100,44.69,U
sh603650,彤程新材,2025-09-30 14:29:28,44.71,6000,44.7,U
sh603650,彤程新材,2025-09-30 14:29:31,44.74,4500,44.71,U
sh603650,彤程新材,2025-09-30 14:29:34,44.78,18900,44.74,U
sh603650,彤程新材,2025-09-30 14:29:40,44.78,26200,44.78,U
sh603650,彤程新材,2025-09-30 14:29:43,44.78,7300,44.78,U
sh603650,彤程新材,2025-09-30 14:29:46,44.74,18500,44.78,D
sh603650,彤程新材,2025-09-30 14:29:49,44.8,21300,44.74,U
sh603650,彤程新材,2025-09-30 14:29:52,44.8,5600,44.8,D
sh603650,彤程新材,2025-09-30 14:29:55,44.85,7300,44.8,U
sh603650,彤程新材,2025-09-30 14:29:58,44.85,9700,44.85,D
sh603650,彤程新材,2025-09-30 14:30:01,44.8,21700,44.85,D
sh603650,彤程新材,2025-09-30 14:30:04,44.78,9700,44.8,D
sh603650,彤程新材,2025-09-30 14:30:07,44.78,8500,44.78,U
sh603650,彤程新材,2025-09-30 14:30:10,44.82,11900,44.78,U
sh603650,彤程新材,2025-09-30 14:30:13,44.76,4800,44.82,D
sh603650,彤程新材,2025-09-30 14:30:16,44.57,9700,44.76,D
sh603650,彤程新材,2025-09-30 14:30:19,44.65,4500,44.57,U
sh603650,彤程新材,2025-09-30 14:30:25,44.5,11900,44.6,D
sh603650,彤程新材,2025-09-30 14:30:31,44.57,5400,44.5,U
sh603650,彤程新材,2025-09-30 14:30:40,44.5,25400,44.51,D
sh603650,彤程新材,2025-09-30 14:30:49,44.48,5200,44.5,D
sh603650,彤程新材,2025-09-30 14:31:07,44.47,14000,44.45,U
sh603650,彤程新材,2025-09-30 14:31:10,44.42,5400,44.47,E
sh603650,彤程新材,2025-09-30 14:31:55,44.32,8700,44.33,D
sh603650,彤程新材,2025-09-30 14:32:10,44.33,17100,44.33,U
sh603650,彤程新材,2025-09-30 14:32:13,44.33,9000,44.33,D
sh603650,彤程新材,2025-09-30 14:32:16,44.37,8700,44.33,U
sh603650,彤程新材,2025-09-30 14:32:28,44.4,13400,44.4,U
sh603650,彤程新材,2025-09-30 14:32:34,44.41,12400,44.4,U
sh603650,彤程新材,2025-09-30 14:32:52,44.48,17100,44.46,U
sh603650,彤程新材,2025-09-30 14:32:58,44.46,15300,44.46,D
sh603650,彤程新材,2025-09-30 14:33:01,44.45,15500,44.46,E
sh603650,彤程新材,2025-09-30 14:33:04,44.4,6300,44.45,D
sh603650,彤程新材,2025-09-30 14:33:10,44.44,7800,44.38,U
sh603650,彤程新材,2025-09-30 14:33:13,44.37,26700,44.44,D
sh603650,彤程新材,2025-09-30 14:33:16,44.45,13400,44.37,U
sh603650,彤程新材,2025-09-30 14:33:28,44.37,7200,44.39,D
sh603650,彤程新材,2025-09-30 14:33:31,44.4,5300,44.37,E
sh603650,彤程新材,2025-09-30 14:33:34,44.37,6800,44.4,D
sh603650,彤程新材,2025-09-30 14:33:40,44.37,7300,44.37,D
sh603650,彤程新材,2025-09-30 14:33:43,44.44,8200,44.37,U
sh603650,彤程新材,2025-09-30 14:33:46,44.44,5700,44.44,D
sh603650,彤程新材,2025-09-30 14:33:49,44.48,13800,44.44,U
sh603650,彤程新材,2025-09-30 14:33:58,44.39,13600,44.39,U
sh603650,彤程新材,2025-09-30 14:34:25,44.39,4700,44.39,D
sh603650,彤程新材,2025-09-30 14:34:28,44.39,14900,44.39,E
sh603650,彤程新材,2025-09-30 14:34:55,44.37,5200,44.38,D
sh603650,彤程新材,2025-09-30 14:35:01,44.37,5900,44.37,D
sh603650,彤程新材,2025-09-30 14:35:07,44.35,9200,44.37,D
sh603650,彤程新材,2025-09-30 14:35:10,44.34,10700,44.35,D
sh603650,彤程新材,2025-09-30 14:35:16,44.33,13200,44.34,D
sh603650,彤程新材,2025-09-30 14:35:19,44.31,26300,44.33,D
sh603650,彤程新材,2025-09-30 14:35:25,44.3,7600,44.31,D
sh603650,彤程新材,2025-09-30 14:35:49,44.25,26700,44.24,U
sh603650,彤程新材,2025-09-30 14:36:04,44.21,13600,44.21,D
sh603650,彤程新材,2025-09-30 14:36:25,44.22,5000,44.21,U
sh603650,彤程新材,2025-09-30 14:36:34,44.18,10200,44.21,D
sh603650,彤程新材,2025-09-30 14:36:52,44.1,10900,44.13,D
sh603650,彤程新材,2025-09-30 14:36:58,44.09,14400,44.1,E
sh603650,彤程新材,2025-09-30 14:37:31,44.06,4900,44.06,U
sh603650,彤程新材,2025-09-30 14:37:34,44.07,9100,44.06,U
sh603650,彤程新材,2025-09-30 14:37:52,44.05,5900,44.07,D
sh603650,彤程新材,2025-09-30 14:38:16,44.06,4900,44.06,U
sh603650,彤程新材,2025-09-30 14:38:28,44.1,14600,44.05,U
sh603650,彤程新材,2025-09-30 14:38:58,44.08,10800,44.08,D
sh603650,彤程新材,2025-09-30 14:39:07,44.07,11300,44.07,U
sh603650,彤程新材,2025-09-30 14:39:16,44.15,9600,44.09,U
sh603650,彤程新材,2025-09-30 14:39:49,44.15,4600,44.13,U
sh603650,彤程新材,2025-09-30 14:39:52,44.13,6200,44.15,D
sh603650,彤程新材,2025-09-30 14:40:01,44.15,6000,44.13,U
sh603650,彤程新材,2025-09-30 14:40:31,44.16,8400,44.17,D
sh603650,彤程新材,2025-09-30 14:40:52,44.16,16300,44.16,U
sh603650,彤程新材,2025-09-30 14:42:04,44.18,8300,44.2,D
sh603650,彤程新材,2025-09-30 14:42:37,44.2,10400,44.2,U
sh603650,彤程新材,2025-09-30 14:42:52,44.19,7100,44.19,D
sh603650,彤程新材,2025-09-30 14:42:55,44.19,5100,44.19,D
sh603650,彤程新材,2025-09-30 14:43:13,44.18,5900,44.18,D
sh603650,彤程新材,2025-09-30 14:43:37,44.2,5600,44.19,U
sh603650,彤程新材,2025-09-30 14:43:43,44.19,6400,44.19,D
sh603650,彤程新材,2025-09-30 14:44:01,44.17,35000,44.2,D
sh603650,彤程新材,2025-09-30 14:44:04,44.16,5800,44.17,D
sh603650,彤程新材,2025-09-30 14:44:07,44.11,16700,44.16,D
sh603650,彤程新材,2025-09-30 14:44:10,44.1,5100,44.11,D
sh603650,彤程新材,2025-09-30 14:44:16,44.09,5600,44.1,D
sh603650,彤程新材,2025-09-30 14:44:22,44.09,8400,44.09,D
sh603650,彤程新材,2025-09-30 14:44:46,44.07,5300,44.08,D
sh603650,彤程新材,2025-09-30 14:44:55,44.07,5200,44.07,U
sh603650,彤程新材,2025-09-30 14:44:58,44.07,5700,44.07,D
sh603650,彤程新材,2025-09-30 14:45:01,44.05,18700,44.07,D
sh603650,彤程新材,2025-09-30 14:45:04,44.06,5600,44.05,D
sh603650,彤程新材,2025-09-30 14:45:07,44.07,30900,44.06,U
sh603650,彤程新材,2025-09-30 14:45:10,44.06,8200,44.07,E
sh603650,彤程新材,2025-09-30 14:45:13,44.09,6500,44.06,U
sh603650,彤程新材,2025-09-30 14:45:16,44.07,14000,44.09,D
sh603650,彤程新材,2025-09-30 14:45:22,44.07,7100,44.1,D
sh603650,彤程新材,2025-09-30 14:45:34,44.1,4800,44.09,U
sh603650,彤程新材,2025-09-30 14:45:37,44.1,6800,44.1,U
sh603650,彤程新材,2025-09-30 14:45:40,44.1,7700,44.1,U
sh603650,彤程新材,2025-09-30 14:45:46,44.09,6200,44.09,D
sh603650,彤程新材,2025-09-30 14:46:01,44.07,8900,44.1,D
sh603650,彤程新材,2025-09-30 14:46:04,44.1,6100,44.07,U
sh603650,彤程新材,2025-09-30 14:46:22,44.16,5200,44.1,U
sh603650,彤程新材,2025-09-30 14:46:46,44.16,5700,44.11,U
sh603650,彤程新材,2025-09-30 14:46:58,44.15,6300,44.15,D
sh603650,彤程新材,2025-09-30 14:47:01,44.16,6100,44.15,E
sh603650,彤程新材,2025-09-30 14:47:04,44.18,10700,44.16,U
sh603650,彤程新材,2025-09-30 14:47:16,44.15,5600,44.16,D
sh603650,彤程新材,2025-09-30 14:47:19,44.16,5200,44.15,D
sh603650,彤程新材,2025-09-30 14:47:22,44.18,8300,44.16,U
sh603650,彤程新材,2025-09-30 14:47:34,44.2,9700,44.2,U
sh603650,彤程新材,2025-09-30 14:47:43,44.23,4800,44.22,U
sh603650,彤程新材,2025-09-30 14:47:49,44.24,6200,44.23,U
sh603650,彤程新材,2025-09-30 14:47:55,44.24,5500,44.25,D
sh603650,彤程新材,2025-09-30 14:47:58,44.25,5100,44.24,U
sh603650,彤程新材,2025-09-30 14:48:01,44.24,10300,44.25,D
sh603650,彤程新材,2025-09-30 14:48:04,44.2,13900,44.24,D
sh603650,彤程新材,2025-09-30 14:48:07,44.22,5200,44.2,U
sh603650,彤程新材,2025-09-30 14:48:16,44.22,5300,44.22,U
sh603650,彤程新材,2025-09-30 14:48:25,44.22,5500,44.23,D
sh603650,彤程新材,2025-09-30 14:48:31,44.2,4900,44.23,D
sh603650,彤程新材,2025-09-30 14:48:43,44.19,9300,44.19,D
sh603650,彤程新材,2025-09-30 14:48:46,44.2,12800,44.19,U
sh603650,彤程新材,2025-09-30 14:48:52,44.2,7300,44.2,U
sh603650,彤程新材,2025-09-30 14:48:55,44.2,5700,44.2,D
sh603650,彤程新材,2025-09-30 14:49:01,44.19,8900,44.18,U
sh603650,彤程新材,2025-09-30 14:49:19,44.19,11000,44.19,D
sh603650,彤程新材,2025-09-30 14:49:46,44.21,8600,44.2,U
sh603650,彤程新材,2025-09-30 14:49:55,44.2,14000,44.22,D
sh603650,彤程新材,2025-09-30 14:49:58,44.2,5300,44.2,D
sh603650,彤程新材,2025-09-30 14:50:01,44.2,9100,44.2,D
sh603650,彤程新材,2025-09-30 14:50:04,44.2,4700,44.2,D
sh603650,彤程新材,2025-09-30 14:50:07,44.18,9100,44.2,D
sh603650,彤程新材,2025-09-30 14:50:13,44.18,11200,44.18,U
sh603650,彤程新材,2025-09-30 14:50:16,44.18,8500,44.18,U
sh603650,彤程新材,2025-09-30 14:50:22,44.18,5300,44.18,D
sh603650,彤程新材,2025-09-30 14:50:34,44.19,5400,44.2,E
sh603650,彤程新材,2025-09-30 14:50:52,44.19,10800,44.19,D
sh603650,彤程新材,2025-09-30 14:50:55,44.2,11300,44.19,U
sh603650,彤程新材,2025-09-30 14:50:58,44.2,19300,44.2,D
sh603650,彤程新材,2025-09-30 14:51:01,44.18,10100,44.2,D
sh603650,彤程新材,2025-09-30 14:51:04,44.15,25600,44.18,D
sh603650,彤程新材,2025-09-30 14:51:07,44.13,7900,44.15,D
sh603650,彤程新材,2025-09-30 14:51:19,44.14,4600,44.13,U
sh603650,彤程新材,2025-09-30 14:51:37,44.2,10100,44.16,U
sh603650,彤程新材,2025-09-30 14:51:49,44.18,6600,44.18,D
sh603650,彤程新材,2025-09-30 14:51:52,44.19,10300,44.18,U
sh603650,彤程新材,2025-09-30 14:51:58,44.19,5900,44.19,U
sh603650,彤程新材,2025-09-30 14:52:01,44.19,14100,44.19,U
sh603650,彤程新材,2025-09-30 14:52:04,44.19,5600,44.19,U
sh603650,彤程新材,2025-09-30 14:52:07,44.19,8600,44.19,U
sh603650,彤程新材,2025-09-30 14:52:19,44.19,13500,44.18,U
sh603650,彤程新材,2025-09-30 14:52:28,44.19,4900,44.18,U
sh603650,彤程新材,2025-09-30 14:52:34,44.19,7432,44.19,U
sh603650,彤程新材,2025-09-30 14:52:37,44.18,32768,44.19,D
sh603650,彤程新材,2025-09-30 14:52:49,44.18,4800,44.19,D
sh603650,彤程新材,2025-09-30 14:52:52,44.19,5268,44.18,U
sh603650,彤程新材,2025-09-30 14:52:55,44.17,14700,44.19,D
sh603650,彤程新材,2025-09-30 14:52:58,44.18,7700,44.17,D
sh603650,彤程新材,2025-09-30 14:53:07,44.19,14132,44.18,U
sh603650,彤程新材,2025-09-30 14:53:10,44.19,11700,44.19,D
sh603650,彤程新材,2025-09-30 14:53:13,44.19,5700,44.19,E
sh603650,彤程新材,2025-09-30 14:53:19,44.2,15700,44.19,U
sh603650,彤程新材,2025-09-30 14:53:28,44.19,6300,44.2,U
sh603650,彤程新材,2025-09-30 14:53:31,44.19,6300,44.19,U
sh603650,彤程新材,2025-09-30 14:53:34,44.19,18800,44.19,U
sh603650,彤程新材,2025-09-30 14:53:37,44.19,17700,44.19,U
sh603650,彤程新材,2025-09-30 14:53:46,44.18,7800,44.18,U
sh603650,彤程新材,2025-09-30 14:54:01,44.18,24800,44.19,D
sh603650,彤程新材,2025-09-30 14:54:13,44.18,4600,44.18,D
sh603650,彤程新材,2025-09-30 14:54:19,44.18,21800,44.18,D
sh603650,彤程新材,2025-09-30 14:54:22,44.19,9200,44.18,U
sh603650,彤程新材,2025-09-30 14:54:25,44.19,10000,44.19,U
sh603650,彤程新材,2025-09-30 14:54:28,44.19,5600,44.19,U
sh603650,彤程新材,2025-09-30 14:54:31,44.19,8300,44.19,U
sh603650,彤程新材,2025-09-30 14:54:37,44.19,11300,44.19,D
sh603650,彤程新材,2025-09-30 14:54:40,44.19,8600,44.19,D
sh603650,彤程新材,2025-09-30 14:54:43,44.19,4900,44.19,D
sh603650,彤程新材,2025-09-30 14:54:46,44.19,4800,44.19,D
sh603650,彤程新材,2025-09-30 14:54:49,44.19,5800,44.19,D
sh603650,彤程新材,2025-09-30 14:54:52,44.19,12900,44.19,D
sh603650,彤程新材,2025-09-30 14:54:55,44.19,7600,44.19,D
sh603650,彤程新材,2025-09-30 14:55:01,44.18,32500,44.19,D
sh603650,彤程新材,2025-09-30 14:55:04,44.18,11100,44.18,D
sh603650,彤程新材,2025-09-30 14:55:07,44.18,10800,44.18,D
sh603650,彤程新材,2025-09-30 14:55:10,44.19,5000,44.18,U
sh603650,彤程新材,2025-09-30 14:55:13,44.18,15300,44.19,D
sh603650,彤程新材,2025-09-30 14:55:16,44.2,9900,44.18,U
sh603650,彤程新材,2025-09-30 14:55:22,44.19,5300,44.19,D
sh603650,彤程新材,2025-09-30 14:55:25,44.2,6000,44.19,U
sh603650,彤程新材,2025-09-30 14:55:31,44.2,18500,44.2,U
sh603650,彤程新材,2025-09-30 14:55:34,44.2,17500,44.2,U
sh603650,彤程新材,2025-09-30 14:55:40,44.19,4700,44.19,U
sh603650,彤程新材,2025-09-30 14:55:46,44.19,7800,44.18,U
sh603650,彤程新材,2025-09-30 14:55:49,44.19,6300,44.19,U
sh603650,彤程新材,2025-09-30 14:55:52,44.2,12900,44.19,U
sh603650,彤程新材,2025-09-30 14:55:58,44.2,6800,44.2,U
sh603650,彤程新材,2025-09-30 14:56:01,44.2,28200,44.2,U
sh603650,彤程新材,2025-09-30 14:56:04,44.19,5800,44.2,E
sh603650,彤程新材,2025-09-30 14:56:07,44.2,5600,44.19,U
sh603650,彤程新材,2025-09-30 14:56:10,44.19,14500,44.2,D
sh603650,彤程新材,2025-09-30 14:56:13,44.18,6500,44.19,D
sh603650,彤程新材,2025-09-30 14:56:16,44.19,5000,44.18,U
sh603650,彤程新材,2025-09-30 14:56:19,44.19,13100,44.19,D
sh603650,彤程新材,2025-09-30 14:56:22,44.19,4700,44.19,D
sh603650,彤程新材,2025-09-30 14:56:25,44.19,5500,44.19,D
sh603650,彤程新材,2025-09-30 14:56:28,44.2,8400,44.19,U
sh603650,彤程新材,2025-09-30 14:56:34,44.2,9900,44.19,U
sh603650,彤程新材,2025-09-30 14:56:37,44.19,6700,44.2,E
sh603650,彤程新材,2025-09-30 14:56:43,44.19,9100,44.19,U
sh603650,彤程新材,2025-09-30 14:56:52,44.19,5300,44.19,D
sh603650,彤程新材,2025-09-30 14:56:55,44.2,12300,44.19,U
sh603650,彤程新材,2025-09-30 14:56:58,44.2,15000,44.2,U
sh603650,彤程新材,2025-09-30 14:57:01,44.19,7200,44.2,D
sh603650,彤程新材,2025-09-30 15:00:04,44.19,295400,44.19,U
