symbol,name,ticktime,price,volume,prev_price,kind
sh603650,彤程新材,2025-10-09 09:25:01,44.99,400200,0.0,D
sh603650,彤程新材,2025-10-09 09:30:04,44.95,53400,44.98,D
sh603650,彤程新材,2025-10-09 09:30:07,44.91,25300,44.95,U
sh603650,彤程新材,2025-10-09 09:30:10,44.9,68200,44.91,E
sh603650,彤程新材,2025-10-09 09:30:13,44.9,56000,44.9,U
sh603650,彤程新材,2025-10-09 09:30:16,44.81,49300,44.9,E
sh603650,彤程新材,2025-10-09 09:30:19,44.93,46400,44.81,U
sh603650,彤程新材,2025-10-09 09:30:22,44.77,48300,44.93,D
sh603650,彤程新材,2025-10-09 09:30:25,44.98,58000,44.77,U
sh603650,彤程新材,2025-10-09 09:30:28,44.77,49100,44.98,E
sh603650,彤程新材,2025-10-09 09:30:31,44.8,29700,44.77,U
sh603650,彤程新材,2025-10-09 09:30:34,44.83,47500,44.8,U
sh603650,彤程新材,2025-10-09 09:30:37,44.9,31000,44.83,U
sh603650,彤程新材,2025-10-09 09:30:40,44.88,27700,44.9,E
sh603650,彤程新材,2025-10-09 09:30:43,44.8,44400,44.88,D
sh603650,彤程新材,2025-10-09 09:30:46,44.92,48000,44.8,U
sh603650,彤程新材,2025-10-09 09:30:49,44.96,53600,44.92,U
sh603650,彤程新材,2025-10-09 09:30:52,44.9,31800,44.96,U
sh603650,彤程新材,2025-10-09 09:30:55,44.9,18800,44.9,D
sh603650,彤程新材,2025-10-09 09:30:58,44.81,44000,44.9,D
sh603650,彤程新材,2025-10-09 09:31:01,44.71,38500,44.81,D
sh603650,彤程新材,2025-10-09 09:31:04,44.77,26900,44.71,U
sh603650,彤程新材,2025-10-09 09:31:07,44.7,32200,44.77,D
sh603650,彤程新材,2025-10-09 09:31:10,44.7,49800,44.7,U
sh603650,彤程新材,2025-10-09 09:31:13,44.7,32700,44.7,D
sh603650,彤程新材,2025-10-09 09:31:16,44.66,20600,44.7,D
sh603650,彤程新材,2025-10-09 09:31:19,44.7,41800,44.66,U
sh603650,彤程新材,2025-10-09 09:31:22,44.6,15400,44.7,D
sh603650,彤程新材,2025-10-09 09:31:25,44.6,15500,44.6,U
sh603650,彤程新材,2025-10-09 09:31:28,44.5,39400,44.6,D
sh603650,彤程新材,2025-10-09 09:31:31,44.49,21700,44.5,D
sh603650,彤程新材,2025-10-09 09:31:34,44.4,61300,44.49,D
sh603650,彤程新材,2025-10-09 09:31:37,44.46,40400,44.4,U
sh603650,彤程新材,2025-10-09 09:31:40,44.35,21300,44.46,D
sh603650,彤程新材,2025-10-09 09:31:43,44.35,17200,44.35,U
sh603650,彤程新材,2025-10-09 09:31:46,44.29,21200,44.35,D
sh603650,彤程新材,2025-10-09 09:31:49,44.25,33200,44.29,D
sh603650,彤程新材,2025-10-09 09:31:52,44.25,32200,44.25,D
sh603650,彤程新材,2025-10-09 09:31:55,44.25,37300,44.25,D
sh603650,彤程新材,2025-10-09 09:31:58,44.2,26698,44.25,D
sh603650,彤程新材,2025-10-09 09:32:01,44.2,28200,44.2,D
sh603650,彤程新材,2025-10-09 09:32:04,44.49,125904,44.2,U
sh603650,彤程新材,2025-10-09 09:32:07,44.5,24198,44.49,E
sh603650,彤程新材,2025-10-09 09:32:10,44.51,43100,44.5,E
sh603650,彤程新材,2025-10-09 09:32:13,44.6,13000,44.51,U
sh603650,彤程新材,2025-10-09 09:32:16,44.63,11000,44.6,U
sh603650,彤程新材,2025-10-09 09:32:19,44.63,8500,44.63,U
sh603650,彤程新材,2025-10-09 09:32:22,44.69,9000,44.63,U
sh603650,彤程新材,2025-10-09 09:32:25,44.8,28600,44.69,U
sh603650,彤程新材,2025-10-09 09:32:28,44.81,6000,44.8,U
sh603650,彤程新材,2025-10-09 09:32:31,44.88,13600,44.81,U
sh603650,彤程新材,2025-10-09 09:32:34,44.89,15100,44.88,U
sh603650,彤程新材,2025-10-09 09:32:37,44.95,15500,44.89,U
sh603650,彤程新材,2025-10-09 09:32:40,44.98,51000,44.95,U
sh603650,彤程新材,2025-10-09 09:32:43,44.99,29000,44.98,U
sh603650,彤程新材,2025-10-09 09:32:46,45.0,63500,44.99,U
sh603650,彤程新材,2025-10-09 09:32:49,45.08,19800,45.0,U
sh603650,彤程新材,2025-10-09 09:32:52,45.09,14400,45.08,E
sh603650,彤程新材,2025-10-09 09:32:55,45.13,17700,45.09,U
sh603650,彤程新材,2025-10-09 09:32:58,45.2,20100,45.13,U
sh603650,彤程新材,2025-10-09 09:33:01,45.27,29400,45.2,U
sh603650,彤程新材,2025-10-09 09:33:04,45.38,18800,45.27,U
sh603650,彤程新材,2025-10-09 09:33:07,45.34,22200,45.38,D
sh603650,彤程新材,2025-10-09 09:33:10,45.3,38800,45.34,D
sh603650,彤程新材,2025-10-09 09:33:13,45.32,55100,45.3,U
sh603650,彤程新材,2025-10-09 09:33:16,45.45,37400,45.32,U
sh603650,彤程新材,2025-10-09 09:33:19,45.34,51900,45.45,D
sh603650,彤程新材,2025-10-09 09:33:22,45.49,113100,45.34,U
sh603650,彤程新材,2025-10-09 09:33:25,45.4,37600,45.49,E
sh603650,彤程新材,2025-10-09 09:33:28,45.46,23700,45.4,U
sh603650,彤程新材,2025-10-09 09:33:31,45.51,30300,45.46,U
sh603650,彤程新材,2025-10-09 09:33:34,45.45,34600,45.51,E
sh603650,彤程新材,2025-10-09 09:33:37,45.52,37600,45.45,U
sh603650,彤程新材,2025-10-09 09:33:40,45.51,17400,45.52,D
sh603650,彤程新材,2025-10-09 09:33:43,45.53,45300,45.51,U
sh603650,彤程新材,2025-10-09 09:33:46,45.51,78400,45.53,D
sh603650,彤程新材,2025-10-09 09:33:49,45.53,36500,45.51,D
sh603650,彤程新材,2025-10-09 09:33:52,45.59,63200,45.53,U
sh603650,彤程新材,2025-10-09 09:33:55,45.57,60200,45.59,D
sh603650,彤程新材,2025-10-09 09:33:58,45.54,84900,45.57,D
sh603650,彤程新材,2025-10-09 09:34:01,45.59,41100,45.54,U
sh603650,彤程新材,2025-10-09 09:34:04,45.54,31700,45.59,D
sh603650,彤程新材,2025-10-09 09:34:07,45.54,20000,45.54,U
sh603650,彤程新材,2025-10-09 09:34:10,45.6,37900,45.54,U
sh603650,彤程新材,2025-10-09 09:34:13,45.63,35900,45.6,U
sh603650,彤程新材,2025-10-09 09:34:16,45.68,11600,45.63,U
sh603650,彤程新材,2025-10-09 09:34:19,45.68,25600,45.68,U
sh603650,彤程新材,2025-10-09 09:34:22,45.71,5100,45.68,U
sh603650,彤程新材,2025-10-09 09:34:25,45.79,24400,45.71,U
sh603650,彤程新材,2025-10-09 09:34:28,45.86,17000,45.79,U
sh603650,彤程新材,2025-10-09 09:34:31,45.86,35600,45.86,U
sh603650,彤程新材,2025-10-09 09:34:34,45.86,15000,45.86,D
sh603650,彤程新材,2025-10-09 09:34:37,45.93,78900,45.86,U
sh603650,彤程新材,2025-10-09 09:34:40,45.86,43500,45.93,D
sh603650,彤程新材,2025-10-09 09:34:43,45.94,58100,45.86,U
sh603650,彤程新材,2025-10-09 09:34:46,45.97,39500,45.94,U
sh603650,彤程新材,2025-10-09 09:34:49,45.98,19500,45.97,U
sh603650,彤程新材,2025-10-09 09:34:52,45.98,181100,45.98,E
sh603650,彤程新材,2025-10-09 09:34:55,45.97,39500,45.98,D
sh603650,彤程新材,2025-10-09 09:34:58,46.0,56600,45.97,U
sh603650,彤程新材,2025-10-09 09:35:01,45.98,51800,46.0,D
sh603650,彤程新材,2025-10-09 09:35:04,46.0,21300,45.98,U
sh603650,彤程新材,2025-10-09 09:35:07,46.0,34900,46.0,U
sh603650,彤程新材,2025-10-09 09:35:10,46.1,65000,46.0,U
sh603650,彤程新材,2025-10-09 09:35:13,46.05,10600,46.1,D
sh603650,彤程新材,2025-10-09 09:35:16,46.1,14100,46.05,U
sh603650,彤程新材,2025-10-09 09:35:19,46.03,109000,46.1,D
sh603650,彤程新材,2025-10-09 09:35:22,46.0,18800,46.03,E
sh603650,彤程新材,2025-10-09 09:35:25,46.0,33100,46.0,U
sh603650,彤程新材,2025-10-09 09:35:28,45.82,57300,46.0,D
sh603650,彤程新材,2025-10-09 09:35:31,45.86,51600,45.82,U
sh603650,彤程新材,2025-10-09 09:35:34,45.79,32100,45.86,D
sh603650,彤程新材,2025-10-09 09:35:37,45.73,19300,45.79,D
sh603650,彤程新材,2025-10-09 09:35:40,45.7,5400,45.73,D
sh603650,彤程新材,2025-10-09 09:35:43,45.7,18900,45.7,D
sh603650,彤程新材,2025-10-09 09:35:46,45.7,19600,45.7,E
sh603650,彤程新材,2025-10-09 09:35:49,45.66,15900,45.7,U
sh603650,彤程新材,2025-10-09 09:35:52,45.54,16400,45.66,D
sh603650,彤程新材,2025-10-09 09:35:55,45.48,40600,45.54,D
sh603650,彤程新材,2025-10-09 09:35:58,45.48,12900,45.48,E
sh603650,彤程新材,2025-10-09 09:36:01,45.48,20600,45.48,U
sh603650,彤程新材,2025-10-09 09:36:04,45.53,34500,45.48,U
sh603650,彤程新材,2025-10-09 09:36:07,45.54,52300,45.53,U
sh603650,彤程新材,2025-10-09 09:36:10,45.64,41000,45.54,U
sh603650,彤程新材,2025-10-09 09:36:13,45.64,14000,45.64,U
sh603650,彤程新材,2025-10-09 09:36:16,45.65,20700,45.64,D
sh603650,彤程新材,2025-10-09 09:36:22,45.68,37700,45.67,U
sh603650,彤程新材,2025-10-09 09:36:25,45.64,25400,45.68,D
sh603650,彤程新材,2025-10-09 09:36:28,45.55,17800,45.64,D
sh603650,彤程新材,2025-10-09 09:36:31,45.54,16500,45.55,D
sh603650,彤程新材,2025-10-09 09:36:34,45.5,26500,45.54,D
sh603650,彤程新材,2025-10-09 09:36:37,45.5,12700,45.5,D
sh603650,彤程新材,2025-10-09 09:36:40,45.48,14200,45.5,D
sh603650,彤程新材,2025-10-09 09:36:43,45.37,54300,45.48,D
sh603650,彤程新材,2025-10-09 09:36:46,45.34,9000,45.37,D
sh603650,彤程新材,2025-10-09 09:36:49,45.3,12600,45.34,D
sh603650,彤程新材,2025-10-09 09:36:52,45.32,15200,45.3,E
sh603650,彤程新材,2025-10-09 09:36:55,45.33,37800,45.32,U
sh603650,彤程新材,2025-10-09 09:36:58,45.33,34200,45.33,U
sh603650,彤程新材,2025-10-09 09:37:01,45.34,28200,45.33,U
sh603650,彤程新材,2025-10-09 09:37:04,45.33,13300,45.34,D
sh603650,彤程新材,2025-10-09 09:37:07,45.33,104400,45.33,D
sh603650,彤程新材,2025-10-09 09:37:10,45.4,4600,45.33,U
sh603650,彤程新材,2025-10-09 09:37:13,45.4,4900,45.4,D
sh603650,彤程新材,2025-10-09 09:37:16,45.45,5500,45.4,U
sh603650,彤程新材,2025-10-09 09:37:19,45.45,13400,45.45,D
sh603650,彤程新材,2025-10-09 09:37:22,45.49,6600,45.45,U
sh603650,彤程新材,2025-10-09 09:37:25,45.48,20300,45.49,D
sh603650,彤程新材,2025-10-09 09:37:28,45.49,12100,45.48,D
sh603650,彤程新材,2025-10-09 09:37:31,45.57,4400,45.49,U
sh603650,彤程新材,2025-10-09 09:37:34,45.6,32600,45.57,U
sh603650,彤程新材,2025-10-09 09:37:37,45.64,4700,45.6,U
sh603650,彤程新材,2025-10-09 09:37:43,45.66,24100,45.65,U
sh603650,彤程新材,2025-10-09 09:37:46,45.65,12400,45.66,D
sh603650,彤程新材,2025-10-09 09:37:49,45.71,8400,45.65,U
sh603650,彤程新材,2025-10-09 09:37:52,45.71,7400,45.71,U
sh603650,彤程新材,2025-10-09 09:37:55,45.66,79600,45.71,D
sh603650,彤程新材,2025-10-09 09:37:58,45.66,14900,45.66,U
sh603650,彤程新材,2025-10-09 09:38:01,45.65,5500,45.66,E
sh603650,彤程新材,2025-10-09 09:38:04,45.64,8900,45.65,E
sh603650,彤程新材,2025-10-09 09:38:07,45.5,60800,45.64,D
sh603650,彤程新材,2025-10-09 09:38:10,45.47,45400,45.5,D
sh603650,彤程新材,2025-10-09 09:38:16,45.52,41000,45.46,U
sh603650,彤程新材,2025-10-09 09:38:19,45.37,9700,45.52,D
sh603650,彤程新材,2025-10-09 09:38:22,45.45,4700,45.37,U
sh603650,彤程新材,2025-10-09 09:38:25,45.36,7400,45.45,D
sh603650,彤程新材,2025-10-09 09:38:31,45.39,15200,45.37,E
sh603650,彤程新材,2025-10-09 09:38:34,45.4,12700,45.39,E
sh603650,彤程新材,2025-10-09 09:38:37,45.4,5400,45.4,E
sh603650,彤程新材,2025-10-09 09:38:40,45.4,21400,45.4,D
sh603650,彤程新材,2025-10-09 09:38:43,45.39,12900,45.4,D
sh603650,彤程新材,2025-10-09 09:38:46,45.38,13700,45.39,D
sh603650,彤程新材,2025-10-09 09:38:49,45.39,7100,45.38,E
sh603650,彤程新材,2025-10-09 09:38:55,45.39,6100,45.39,D
sh603650,彤程新材,2025-10-09 09:38:58,45.38,10800,45.39,D
sh603650,彤程新材,2025-10-09 09:39:01,45.43,26600,45.38,U
sh603650,彤程新材,2025-10-09 09:39:04,45.46,9800,45.43,U
sh603650,彤程新材,2025-10-09 09:39:07,45.57,25100,45.46,U
sh603650,彤程新材,2025-10-09 09:39:16,45.6,15000,45.58,U
sh603650,彤程新材,2025-10-09 09:39:19,45.6,14200,45.6,U
sh603650,彤程新材,2025-10-09 09:39:22,45.63,4600,45.6,U
sh603650,彤程新材,2025-10-09 09:39:28,45.64,14100,45.6,U
sh603650,彤程新材,2025-10-09 09:39:34,45.63,9200,45.64,D
sh603650,彤程新材,2025-10-09 09:39:37,45.64,20000,45.63,U
sh603650,彤程新材,2025-10-09 09:39:40,45.64,15200,45.64,U
sh603650,彤程新材,2025-10-09 09:39:43,45.69,10300,45.64,U
sh603650,彤程新材,2025-10-09 09:39:46,45.64,4400,45.69,E
sh603650,彤程新材,2025-10-09 09:39:49,45.69,10000,45.64,U
sh603650,彤程新材,2025-10-09 09:39:52,45.64,14300,45.69,D
sh603650,彤程新材,2025-10-09 09:39:55,45.64,10000,45.64,U
sh603650,彤程新材,2025-10-09 09:39:58,45.6,26400,45.64,D
sh603650,彤程新材,2025-10-09 09:40:01,45.59,7900,45.6,D
sh603650,彤程新材,2025-10-09 09:40:04,45.58,5800,45.59,D
sh603650,彤程新材,2025-10-09 09:40:07,45.58,22400,45.58,D
sh603650,彤程新材,2025-10-09 09:40:10,45.53,18500,45.58,E
sh603650,彤程新材,2025-10-09 09:40:13,45.58,12100,45.53,U
sh603650,彤程新材,2025-10-09 09:40:16,45.51,6200,45.58,D
sh603650,彤程新材,2025-10-09 09:40:19,45.51,15400,45.51,U
sh603650,彤程新材,2025-10-09 09:40:22,45.54,9900,45.51,U
sh603650,彤程新材,2025-10-09 09:40:25,45.58,4600,45.54,U
sh603650,彤程新材,2025-10-09 09:40:28,45.58,6000,45.58,D
sh603650,彤程新材,2025-10-09 09:40:31,45.58,10100,45.58,D
sh603650,彤程新材,2025-10-09 09:40:34,45.58,7600,45.58,D
sh603650,彤程新材,2025-10-09 09:40:37,45.58,8800,45.58,D
sh603650,彤程新材,2025-10-09 09:40:43,45.57,5400,45.56,E
sh603650,彤程新材,2025-10-09 09:40:49,45.58,9800,45.56,U
sh603650,彤程新材,2025-10-09 09:40:55,45.58,5400,45.58,U
sh603650,彤程新材,2025-10-09 09:40:58,45.74,77000,45.58,U
sh603650,彤程新材,2025-10-09 09:41:01,45.76,28300,45.74,E
sh603650,彤程新材,2025-10-09 09:41:04,45.76,4600,45.76,D
sh603650,彤程新材,2025-10-09 09:41:07,45.75,10200,45.76,D
sh603650,彤程新材,2025-10-09 09:41:13,45.75,6800,45.75,D
sh603650,彤程新材,2025-10-09 09:41:16,45.88,13600,45.75,U
sh603650,彤程新材,2025-10-09 09:41:19,45.88,6000,45.88,E
sh603650,彤程新材,2025-10-09 09:41:22,45.75,4700,45.88,D
sh603650,彤程新材,2025-10-09 09:41:25,45.87,9600,45.75,U
sh603650,彤程新材,2025-10-09 09:41:28,45.75,6100,45.87,D
sh603650,彤程新材,2025-10-09 09:41:31,45.85,22700,45.75,U
sh603650,彤程新材,2025-10-09 09:41:37,45.7,17700,45.81,D
sh603650,彤程新材,2025-10-09 09:41:46,45.8,64800,45.78,U
sh603650,彤程新材,2025-10-09 09:41:49,45.85,14600,45.8,U
sh603650,彤程新材,2025-10-09 09:41:55,45.85,6800,45.85,D
sh603650,彤程新材,2025-10-09 09:41:58,45.88,27100,45.85,U
sh603650,彤程新材,2025-10-09 09:42:01,45.85,6600,45.88,U
sh603650,彤程新材,2025-10-09 09:42:04,45.85,6300,45.85,U
sh603650,彤程新材,2025-10-09 09:42:07,45.8,8800,45.85,D
sh603650,彤程新材,2025-10-09 09:42:10,45.85,21300,45.8,U
sh603650,彤程新材,2025-10-09 09:42:13,45.99,66500,45.85,U
sh603650,彤程新材,2025-10-09 09:42:16,46.0,58900,45.99,U
sh603650,彤程新材,2025-10-09 09:42:19,45.99,26300,46.0,D
sh603650,彤程新材,2025-10-09 09:42:22,45.99,11100,45.99,U
sh603650,彤程新材,2025-10-09 09:42:25,45.99,6700,45.99,U
sh603650,彤程新材,2025-10-09 09:42:28,45.99,13300,45.99,U
sh603650,彤程新材,2025-10-09 09:42:31,46.0,23700,45.99,U
sh603650,彤程新材,2025-10-09 09:42:37,46.05,14400,46.02,U
sh603650,彤程新材,2025-10-09 09:42:40,46.05,6500,46.05,D
sh603650,彤程新材,2025-10-09 09:42:43,46.09,12345,46.05,U
sh603650,彤程新材,2025-10-09 09:42:49,46.1,8000,46.1,U
sh603650,彤程新材,2025-10-09 09:42:52,46.1,18600,46.1,U
sh603650,彤程新材,2025-10-09 09:42:55,46.12,6900,46.1,U
sh603650,彤程新材,2025-10-09 09:42:58,46.14,10200,46.12,U
sh603650,彤程新材,2025-10-09 09:43:01,46.13,12700,46.14,E
sh603650,彤程新材,2025-10-09 09:43:07,46.15,5900,46.14,D
sh603650,彤程新材,2025-10-09 09:43:10,46.16,22500,46.15,U
sh603650,彤程新材,2025-10-09 09:43:13,46.2,30000,46.16,U
sh603650,彤程新材,2025-10-09 09:43:19,46.25,7200,46.21,U
sh603650,彤程新材,2025-10-09 09:43:25,46.33,10700,46.3,U
sh603650,彤程新材,2025-10-09 09:43:28,46.3,8200,46.33,D
sh603650,彤程新材,2025-10-09 09:43:31,46.35,9500,46.3,E
sh603650,彤程新材,2025-10-09 09:43:34,46.37,14200,46.35,U
sh603650,彤程新材,2025-10-09 09:43:37,46.39,14800,46.37,U
sh603650,彤程新材,2025-10-09 09:43:40,46.4,12900,46.39,U
sh603650,彤程新材,2025-10-09 09:43:43,46.4,16400,46.4,U
sh603650,彤程新材,2025-10-09 09:43:46,46.45,5200,46.4,U
sh603650,彤程新材,2025-10-09 09:43:49,46.46,14300,46.45,U
sh603650,彤程新材,2025-10-09 09:43:52,46.48,14500,46.46,U
sh603650,彤程新材,2025-10-09 09:43:55,46.5,9700,46.48,U
sh603650,彤程新材,2025-10-09 09:43:58,46.52,18100,46.5,U
sh603650,彤程新材,2025-10-09 09:44:01,46.49,74200,46.52,D
sh603650,彤程新材,2025-10-09 09:44:04,46.36,162300,46.49,D
sh603650,彤程新材,2025-10-09 09:44:07,46.32,29000,46.36,D
sh603650,彤程新材,2025-10-09 09:44:10,46.36,18300,46.32,U
sh603650,彤程新材,2025-10-09 09:44:13,46.32,26900,46.36,D
sh603650,彤程新材,2025-10-09 09:44:16,46.3,28100,46.32,D
sh603650,彤程新材,2025-10-09 09:44:19,46.3,30300,46.3,U
sh603650,彤程新材,2025-10-09 09:44:22,46.21,29000,46.3,D
sh603650,彤程新材,2025-10-09 09:44:25,46.2,18000,46.21,D
sh603650,彤程新材,2025-10-09 09:44:28,46.21,17600,46.2,E
sh603650,彤程新材,2025-10-09 09:44:31,46.18,18400,46.21,D
sh603650,彤程新材,2025-10-09 09:44:34,46.2,14900,46.18,E
sh603650,彤程新材,2025-10-09 09:44:40,46.15,9400,46.18,D
sh603650,彤程新材,2025-10-09 09:44:43,46.15,11300,46.15,D
sh603650,彤程新材,2025-10-09 09:44:46,46.12,21200,46.15,D
sh603650,彤程新材,2025-10-09 09:44:49,46.12,8300,46.12,D
sh603650,彤程新材,2025-10-09 09:44:52,46.12,11400,46.12,U
sh603650,彤程新材,2025-10-09 09:44:55,46.12,9900,46.12,U
sh603650,彤程新材,2025-10-09 09:44:58,46.11,22500,46.12,D
sh603650,彤程新材,2025-10-09 09:45:04,46.16,4700,46.15,U
sh603650,彤程新材,2025-10-09 09:45:07,46.16,6000,46.16,U
sh603650,彤程新材,2025-10-09 09:45:10,46.2,44000,46.16,U
sh603650,彤程新材,2025-10-09 09:45:13,46.2,17900,46.2,D
sh603650,彤程新材,2025-10-09 09:45:19,46.29,7500,46.29,U
sh603650,彤程新材,2025-10-09 09:45:22,46.32,8800,46.29,U
sh603650,彤程新材,2025-10-09 09:45:28,46.35,13500,46.35,U
sh603650,彤程新材,2025-10-09 09:45:31,46.35,15400,46.35,U
sh603650,彤程新材,2025-10-09 09:45:34,46.38,13898,46.35,U
sh603650,彤程新材,2025-10-09 09:45:37,46.35,10000,46.38,D
sh603650,彤程新材,2025-10-09 09:45:40,46.38,8200,46.35,U
sh603650,彤程新材,2025-10-09 09:45:43,46.33,61702,46.38,D
sh603650,彤程新材,2025-10-09 09:45:46,46.2,30500,46.33,D
sh603650,彤程新材,2025-10-09 09:45:49,46.15,37400,46.2,D
sh603650,彤程新材,2025-10-09 09:45:52,46.15,12000,46.15,U
sh603650,彤程新材,2025-10-09 09:45:55,46.14,8500,46.15,D
sh603650,彤程新材,2025-10-09 09:45:58,46.1,58400,46.14,D
sh603650,彤程新材,2025-10-09 09:46:01,46.06,31100,46.1,D
sh603650,彤程新材,2025-10-09 09:46:04,46.0,9500,46.06,D
sh603650,彤程新材,2025-10-09 09:46:07,46.0,18200,46.0,D
sh603650,彤程新材,2025-10-09 09:46:10,45.93,10400,46.0,D
sh603650,彤程新材,2025-10-09 09:46:16,45.9,5100,45.93,D
sh603650,彤程新材,2025-10-09 09:46:19,45.9,7200,45.9,D
sh603650,彤程新材,2025-10-09 09:46:22,45.89,11800,45.9,E
sh603650,彤程新材,2025-10-09 09:46:25,45.85,40200,45.89,D
sh603650,彤程新材,2025-10-09 09:46:28,45.8,11000,45.85,D
sh603650,彤程新材,2025-10-09 09:46:31,45.78,47100,45.8,D
sh603650,彤程新材,2025-10-09 09:46:34,45.74,24000,45.78,D
sh603650,彤程新材,2025-10-09 09:46:37,45.77,14100,45.74,U
sh603650,彤程新材,2025-10-09 09:46:40,45.74,22200,45.77,D
sh603650,彤程新材,2025-10-09 09:46:43,45.77,7500,45.74,U
sh603650,彤程新材,2025-10-09 09:46:46,45.74,15500,45.77,D
sh603650,彤程新材,2025-10-09 09:46:49,45.77,7300,45.74,E
sh603650,彤程新材,2025-10-09 09:46:52,45.77,7500,45.77,D
sh603650,彤程新材,2025-10-09 09:46:55,45.83,23900,45.77,U
sh603650,彤程新材,2025-10-09 09:46:58,45.86,4500,45.83,U
sh603650,彤程新材,2025-10-09 09:47:04,45.86,28200,45.86,U
sh603650,彤程新材,2025-10-09 09:47:10,45.87,18400,45.86,U
sh603650,彤程新材,2025-10-09 09:47:13,45.8,9700,45.87,D
sh603650,彤程新材,2025-10-09 09:47:19,45.8,13100,45.86,D
sh603650,彤程新材,2025-10-09 09:47:28,45.77,7300,45.77,D
sh603650,彤程新材,2025-10-09 09:47:37,45.73,6100,45.77,D
sh603650,彤程新材,2025-10-09 09:47:43,45.73,4600,45.77,D
sh603650,彤程新材,2025-10-09 09:47:55,45.8,7600,45.8,D
sh603650,彤程新材,2025-10-09 09:48:04,45.87,10600,45.87,D
sh603650,彤程新材,2025-10-09 09:48:13,45.87,12000,45.88,D
sh603650,彤程新材,2025-10-09 09:48:16,45.88,21000,45.87,U
sh603650,彤程新材,2025-10-09 09:48:19,45.87,17000,45.88,D
sh603650,彤程新材,2025-10-09 09:48:25,45.92,7200,45.89,U
sh603650,彤程新材,2025-10-09 09:48:28,45.9,33700,45.92,E
sh603650,彤程新材,2025-10-09 09:48:31,45.88,5400,45.9,D
sh603650,彤程新材,2025-10-09 09:48:34,45.8,9900,45.88,D
sh603650,彤程新材,2025-10-09 09:48:43,45.75,20800,45.75,D
sh603650,彤程新材,2025-10-09 09:48:46,45.74,4600,45.75,D
sh603650,彤程新材,2025-10-09 09:48:49,45.75,6500,45.74,U
sh603650,彤程新材,2025-10-09 09:48:52,45.73,10800,45.75,D
sh603650,彤程新材,2025-10-09 09:48:58,45.72,13900,45.73,D
sh603650,彤程新材,2025-10-09 09:49:01,45.71,5200,45.72,D
sh603650,彤程新材,2025-10-09 09:49:04,45.72,8100,45.71,U
sh603650,彤程新材,2025-10-09 09:49:07,45.7,5200,45.72,D
sh603650,彤程新材,2025-10-09 09:49:10,45.7,17100,45.7,D
sh603650,彤程新材,2025-10-09 09:49:13,45.7,5300,45.7,D
sh603650,彤程新材,2025-10-09 09:49:16,45.72,6800,45.7,U
sh603650,彤程新材,2025-10-09 09:49:19,45.71,7500,45.72,D
sh603650,彤程新材,2025-10-09 09:49:22,45.7,7700,45.71,D
sh603650,彤程新材,2025-10-09 09:49:25,45.7,13900,45.7,D
sh603650,彤程新材,2025-10-09 09:49:28,45.69,6100,45.7,D
sh603650,彤程新材,2025-10-09 09:49:34,45.66,9300,45.7,D
sh603650,彤程新材,2025-10-09 09:49:37,45.67,4400,45.66,U
sh603650,彤程新材,2025-10-09 09:49:55,45.61,12500,45.61,D
sh603650,彤程新材,2025-10-09 09:49:58,45.6,15500,45.61,D
sh603650,彤程新材,2025-10-09 09:50:01,45.61,14000,45.6,U
sh603650,彤程新材,2025-10-09 09:50:04,45.65,11800,45.61,U
sh603650,彤程新材,2025-10-09 09:50:07,45.7,5400,45.65,U
sh603650,彤程新材,2025-10-09 09:50:10,45.7,5000,45.7,U
sh603650,彤程新材,2025-10-09 09:50:13,45.64,4800,45.7,D
sh603650,彤程新材,2025-10-09 09:50:28,45.86,7500,45.8,U
sh603650,彤程新材,2025-10-09 09:50:34,45.89,5600,45.89,U
sh603650,彤程新材,2025-10-09 09:50:37,45.89,5600,45.89,U
sh603650,彤程新材,2025-10-09 09:50:46,45.92,5000,45.92,D
sh603650,彤程新材,2025-10-09 09:50:49,45.93,4400,45.92,U
sh603650,彤程新材,2025-10-09 09:50:52,45.93,16700,45.93,U
sh603650,彤程新材,2025-10-09 09:50:55,45.93,9200,45.93,D
sh603650,彤程新材,2025-10-09 09:50:58,45.95,5900,45.93,E
sh603650,彤程新材,2025-10-09 09:51:01,45.96,6800,45.95,U
sh603650,彤程新材,2025-10-09 09:51:04,45.96,7000,45.96,D
sh603650,彤程新材,2025-10-09 09:51:07,45.92,7000,45.96,D
sh603650,彤程新材,2025-10-09 09:51:10,45.83,22700,45.92,D
sh603650,彤程新材,2025-10-09 09:51:22,45.75,10100,45.82,D
sh603650,彤程新材,2025-10-09 09:51:25,45.79,24500,45.75,U
sh603650,彤程新材,2025-10-09 09:51:46,45.72,6500,45.8,D
sh603650,彤程新材,2025-10-09 09:51:49,45.74,13800,45.72,D
sh603650,彤程新材,2025-10-09 09:51:55,45.74,7200,45.82,D
sh603650,彤程新材,2025-10-09 09:52:04,45.82,6900,45.85,D
sh603650,彤程新材,2025-10-09 09:52:07,45.85,6000,45.82,U
sh603650,彤程新材,2025-10-09 09:52:13,45.9,12400,45.86,U
sh603650,彤程新材,2025-10-09 09:52:16,45.92,11100,45.9,U
sh603650,彤程新材,2025-10-09 09:52:19,45.93,5900,45.92,U
sh603650,彤程新材,2025-10-09 09:52:25,45.93,9400,45.92,U
sh603650,彤程新材,2025-10-09 09:52:28,45.92,13000,45.93,D
sh603650,彤程新材,2025-10-09 09:52:31,45.92,5700,45.92,D
sh603650,彤程新材,2025-10-09 09:52:43,45.98,11100,45.95,U
sh603650,彤程新材,2025-10-09 09:52:46,45.98,9600,45.98,U
sh603650,彤程新材,2025-10-09 09:52:49,45.98,5200,45.98,U
sh603650,彤程新材,2025-10-09 09:52:52,45.95,18900,45.98,D
sh603650,彤程新材,2025-10-09 09:52:55,45.98,12400,45.95,U
sh603650,彤程新材,2025-10-09 09:52:58,45.93,12200,45.98,D
sh603650,彤程新材,2025-10-09 09:53:01,45.98,6600,45.93,U
sh603650,彤程新材,2025-10-09 09:53:04,46.0,7200,45.98,U
sh603650,彤程新材,2025-10-09 09:53:10,46.0,9900,46.0,U
sh603650,彤程新材,2025-10-09 09:53:13,46.04,7800,46.0,U
sh603650,彤程新材,2025-10-09 09:53:16,46.09,6400,46.04,U
sh603650,彤程新材,2025-10-09 09:53:31,46.2,14700,46.1,U
sh603650,彤程新材,2025-10-09 09:53:43,46.17,23300,46.25,D
sh603650,彤程新材,2025-10-09 09:53:46,46.25,15800,46.17,U
sh603650,彤程新材,2025-10-09 09:53:52,46.23,6700,46.24,E
sh603650,彤程新材,2025-10-09 09:53:58,46.18,19800,46.24,E
sh603650,彤程新材,2025-10-09 09:54:07,46.1,4900,46.15,D
sh603650,彤程新材,2025-10-09 09:54:10,46.09,13200,46.1,D
sh603650,彤程新材,2025-10-09 09:54:13,46.1,6500,46.09,U
sh603650,彤程新材,2025-10-09 09:54:16,46.1,4700,46.1,U
sh603650,彤程新材,2025-10-09 09:54:19,46.0,6100,46.1,D
sh603650,彤程新材,2025-10-09 09:54:22,46.0,7300,46.0,D
sh603650,彤程新材,2025-10-09 09:54:25,46.01,10900,46.0,U
sh603650,彤程新材,2025-10-09 09:54:28,45.95,21600,46.01,D
sh603650,彤程新材,2025-10-09 09:54:31,45.95,21800,45.95,D
sh603650,彤程新材,2025-10-09 09:54:40,45.9,5200,45.9,D
sh603650,彤程新材,2025-10-09 09:54:43,45.86,5100,45.9,D
sh603650,彤程新材,2025-10-09 09:54:52,45.82,8700,45.86,D
sh603650,彤程新材,2025-10-09 09:55:01,45.83,10900,45.8,U
sh603650,彤程新材,2025-10-09 09:55:04,45.8,8900,45.83,D
sh603650,彤程新材,2025-10-09 09:55:07,45.86,5600,45.8,U
sh603650,彤程新材,2025-10-09 09:55:10,45.86,11900,45.86,U
sh603650,彤程新材,2025-10-09 09:55:13,45.82,5800,45.86,D
sh603650,彤程新材,2025-10-09 09:55:16,45.82,30000,45.82,E
sh603650,彤程新材,2025-10-09 09:55:25,45.9,12000,45.85,U
sh603650,彤程新材,2025-10-09 09:55:40,45.9,18000,45.83,U
sh603650,彤程新材,2025-10-09 09:55:46,45.91,5100,45.9,U
sh603650,彤程新材,2025-10-09 09:55:49,45.91,10300,45.91,D
sh603650,彤程新材,2025-10-09 09:55:52,45.91,7000,45.91,D
sh603650,彤程新材,2025-10-09 09:55:55,45.92,8000,45.91,U
sh603650,彤程新材,2025-10-09 09:56:04,45.83,6900,45.92,D
sh603650,彤程新材,2025-10-09 09:56:07,45.83,7500,45.83,D
sh603650,彤程新材,2025-10-09 09:56:13,45.83,11300,45.83,U
sh603650,彤程新材,2025-10-09 09:56:16,45.81,4600,45.83,D
sh603650,彤程新材,2025-10-09 09:56:19,45.81,14100,45.81,D
sh603650,彤程新材,2025-10-09 09:56:22,45.8,15400,45.81,D
sh603650,彤程新材,2025-10-09 09:56:25,45.8,29100,45.8,D
sh603650,彤程新材,2025-10-09 09:56:28,45.79,7000,45.8,D
sh603650,彤程新材,2025-10-09 09:56:43,45.78,5600,45.76,U
sh603650,彤程新材,2025-10-09 09:56:46,45.75,6000,45.78,D
sh603650,彤程新材,2025-10-09 09:56:55,45.72,4400,45.73,D
sh603650,彤程新材,2025-10-09 09:57:01,45.75,10200,45.71,U
sh603650,彤程新材,2025-10-09 09:57:04,45.69,18700,45.75,D
sh603650,彤程新材,2025-10-09 09:57:10,45.68,5500,45.7,D
sh603650,彤程新材,2025-10-09 09:57:19,45.66,4400,45.68,D
sh603650,彤程新材,2025-10-09 09:57:22,45.65,16800,45.66,D
sh603650,彤程新材,2025-10-09 09:57:28,45.68,7200,45.67,U
sh603650,彤程新材,2025-10-09 09:57:31,45.71,8600,45.68,U
sh603650,彤程新材,2025-10-09 09:57:34,45.75,25800,45.71,U
sh603650,彤程新材,2025-10-09 09:57:37,45.78,4900,45.75,U
sh603650,彤程新材,2025-10-09 09:58:22,45.83,4600,45.83,U
sh603650,彤程新材,2025-10-09 09:58:28,45.82,5800,45.83,D
sh603650,彤程新材,2025-10-09 09:58:34,45.81,9700,45.82,D
sh603650,彤程新材,2025-10-09 09:58:37,45.8,8300,45.81,D
sh603650,彤程新材,2025-10-09 09:59:01,45.77,5400,45.79,D
sh603650,彤程新材,2025-10-09 09:59:04,45.81,6100,45.77,U
sh603650,彤程新材,2025-10-09 09:59:07,45.8,6000,45.81,D
sh603650,彤程新材,2025-10-09 09:59:13,45.79,8300,45.8,U
sh603650,彤程新材,2025-10-09 09:59:16,45.72,29300,45.79,D
sh603650,彤程新材,2025-10-09 09:59:19,45.79,11900,45.72,U
sh603650,彤程新材,2025-10-09 09:59:25,45.8,12400,45.71,U
sh603650,彤程新材,2025-10-09 09:59:28,45.72,5400,45.8,D
sh603650,彤程新材,2025-10-09 09:59:40,45.79,7100,45.72,U
sh603650,彤程新材,2025-10-09 09:59:43,45.8,7241,45.79,U
sh603650,彤程新材,2025-10-09 09:59:52,45.8,23600,45.83,D
sh603650,彤程新材,2025-10-09 10:00:22,45.84,5300,45.83,U
sh603650,彤程新材,2025-10-09 10:00:31,45.83,11500,45.82,E
sh603650,彤程新材,2025-10-09 10:00:46,45.83,4700,45.84,D
sh603650,彤程新材,2025-10-09 10:00:49,45.83,6400,45.83,D
sh603650,彤程新材,2025-10-09 10:01:01,45.78,20500,45.83,D
sh603650,彤程新材,2025-10-09 10:01:13,45.7,40800,45.73,D
sh603650,彤程新材,2025-10-09 10:01:19,45.68,50500,45.72,D
sh603650,彤程新材,2025-10-09 10:01:28,45.61,17400,45.61,D
sh603650,彤程新材,2025-10-09 10:01:31,45.61,5200,45.61,D
sh603650,彤程新材,2025-10-09 10:01:34,45.6,59400,45.61,D
sh603650,彤程新材,2025-10-09 10:01:37,45.56,5300,45.6,D
sh603650,彤程新材,2025-10-09 10:01:40,45.56,4500,45.56,D
sh603650,彤程新材,2025-10-09 10:01:43,45.54,7800,45.56,D
sh603650,彤程新材,2025-10-09 10:01:49,45.54,9100,45.54,D
sh603650,彤程新材,2025-10-09 10:01:52,45.53,6400,45.54,D
sh603650,彤程新材,2025-10-09 10:01:55,45.5,31700,45.53,D
sh603650,彤程新材,2025-10-09 10:01:58,45.5,52500,45.5,D
sh603650,彤程新材,2025-10-09 10:02:01,45.5,15200,45.5,D
sh603650,彤程新材,2025-10-09 10:02:04,45.5,10100,45.5,D
sh603650,彤程新材,2025-10-09 10:02:07,45.44,29500,45.5,D
sh603650,彤程新材,2025-10-09 10:02:13,45.44,6900,45.5,D
sh603650,彤程新材,2025-10-09 10:02:19,45.43,7200,45.46,D
sh603650,彤程新材,2025-10-09 10:02:22,45.41,5400,45.43,D
sh603650,彤程新材,2025-10-09 10:02:25,45.38,17100,45.41,D
sh603650,彤程新材,2025-10-09 10:02:34,45.35,13700,45.37,D
sh603650,彤程新材,2025-10-09 10:02:37,45.3,33000,45.35,D
sh603650,彤程新材,2025-10-09 10:02:40,45.3,9700,45.3,D
sh603650,彤程新材,2025-10-09 10:02:43,45.3,10000,45.3,D
sh603650,彤程新材,2025-10-09 10:02:46,45.3,23300,45.3,D
sh603650,彤程新材,2025-10-09 10:02:49,45.29,8800,45.3,D
sh603650,彤程新材,2025-10-09 10:02:52,45.29,10000,45.29,D
sh603650,彤程新材,2025-10-09 10:02:55,45.26,13000,45.29,D
sh603650,彤程新材,2025-10-09 10:02:58,45.25,4900,45.26,D
sh603650,彤程新材,2025-10-09 10:03:01,45.25,17300,45.25,D
sh603650,彤程新材,2025-10-09 10:03:04,45.24,11300,45.25,D
sh603650,彤程新材,2025-10-09 10:03:07,45.19,11400,45.24,D
sh603650,彤程新材,2025-10-09 10:03:10,45.2,7500,45.19,E
sh603650,彤程新材,2025-10-09 10:03:13,45.18,5700,45.2,D
sh603650,彤程新材,2025-10-09 10:03:16,45.17,13800,45.18,D
sh603650,彤程新材,2025-10-09 10:03:22,45.1,27200,45.11,D
sh603650,彤程新材,2025-10-09 10:03:25,45.1,10000,45.1,D
sh603650,彤程新材,2025-10-09 10:03:28,45.1,13300,45.1,D
sh603650,彤程新材,2025-10-09 10:03:31,45.1,5500,45.1,U
sh603650,彤程新材,2025-10-09 10:03:34,45.07,25800,45.1,D
sh603650,彤程新材,2025-10-09 10:03:37,45.03,6700,45.07,E
sh603650,彤程新材,2025-10-09 10:03:40,45.02,13300,45.03,D
sh603650,彤程新材,2025-10-09 10:03:43,45.0,66200,45.02,D
sh603650,彤程新材,2025-10-09 10:03:46,45.0,15800,45.0,D
sh603650,彤程新材,2025-10-09 10:03:49,45.0,19600,45.0,D
sh603650,彤程新材,2025-10-09 10:03:52,44.99,38300,45.0,D
sh603650,彤程新材,2025-10-09 10:04:01,44.83,15800,44.91,D
sh603650,彤程新材,2025-10-09 10:04:07,44.83,25600,44.83,D
sh603650,彤程新材,2025-10-09 10:04:10,44.83,6500,44.83,D
sh603650,彤程新材,2025-10-09 10:04:13,44.81,18100,44.83,E
sh603650,彤程新材,2025-10-09 10:04:16,44.74,24900,44.81,D
sh603650,彤程新材,2025-10-09 10:04:19,44.8,7800,44.74,U
sh603650,彤程新材,2025-10-09 10:04:22,44.74,6000,44.8,D
sh603650,彤程新材,2025-10-09 10:04:25,44.7,26600,44.74,D
sh603650,彤程新材,2025-10-09 10:04:28,44.73,6200,44.7,E
sh603650,彤程新材,2025-10-09 10:04:31,44.73,41600,44.73,D
sh603650,彤程新材,2025-10-09 10:04:34,44.76,40600,44.73,U
sh603650,彤程新材,2025-10-09 10:04:37,44.73,11900,44.76,D
sh603650,彤程新材,2025-10-09 10:04:40,44.8,9600,44.73,U
sh603650,彤程新材,2025-10-09 10:04:43,44.8,22100,44.8,U
sh603650,彤程新材,2025-10-09 10:04:46,44.79,38500,44.8,E
sh603650,彤程新材,2025-10-09 10:04:49,44.8,5900,44.79,U
sh603650,彤程新材,2025-10-09 10:04:52,44.8,7300,44.8,U
sh603650,彤程新材,2025-10-09 10:04:55,44.8,34700,44.8,D
sh603650,彤程新材,2025-10-09 10:04:58,44.8,15200,44.8,D
sh603650,彤程新材,2025-10-09 10:05:01,44.79,7400,44.8,D
sh603650,彤程新材,2025-10-09 10:05:04,44.8,19700,44.79,U
sh603650,彤程新材,2025-10-09 10:05:07,44.79,7100,44.8,D
sh603650,彤程新材,2025-10-09 10:05:10,44.79,10700,44.79,D
sh603650,彤程新材,2025-10-09 10:05:13,44.8,16900,44.79,U
sh603650,彤程新材,2025-10-09 10:05:16,44.79,9300,44.8,D
sh603650,彤程新材,2025-10-09 10:05:19,44.8,10700,44.79,U
sh603650,彤程新材,2025-10-09 10:05:22,44.82,27300,44.8,U
sh603650,彤程新材,2025-10-09 10:05:25,44.78,14200,44.82,D
sh603650,彤程新材,2025-10-09 10:05:28,44.8,46800,44.78,U
sh603650,彤程新材,2025-10-09 10:05:31,44.78,13400,44.8,D
sh603650,彤程新材,2025-10-09 10:05:34,44.8,23800,44.78,U
sh603650,彤程新材,2025-10-09 10:05:37,44.81,30900,44.8,U
sh603650,彤程新材,2025-10-09 10:05:40,44.82,12300,44.81,U
sh603650,彤程新材,2025-10-09 10:05:43,44.82,8500,44.82,U
sh603650,彤程新材,2025-10-09 10:05:46,44.83,15700,44.82,U
sh603650,彤程新材,2025-10-09 10:05:49,44.91,13300,44.83,U
sh603650,彤程新材,2025-10-09 10:05:52,45.0,5800,44.91,U
sh603650,彤程新材,2025-10-09 10:05:55,45.0,9900,45.0,U
sh603650,彤程新材,2025-10-09 10:05:58,45.0,10600,45.0,U
sh603650,彤程新材,2025-10-09 10:06:01,45.01,11100,45.0,U
sh603650,彤程新材,2025-10-09 10:06:04,44.97,21800,45.01,D
sh603650,彤程新材,2025-10-09 10:06:07,44.96,12200,44.97,E
sh603650,彤程新材,2025-10-09 10:06:10,44.89,10600,44.96,D
sh603650,彤程新材,2025-10-09 10:06:13,44.9,6100,44.89,U
sh603650,彤程新材,2025-10-09 10:06:16,44.89,8900,44.9,D
sh603650,彤程新材,2025-10-09 10:06:19,44.89,9200,44.89,U
sh603650,彤程新材,2025-10-09 10:06:22,44.89,17300,44.89,U
sh603650,彤程新材,2025-10-09 10:06:25,44.84,22900,44.89,D
sh603650,彤程新材,2025-10-09 10:06:28,44.91,20500,44.84,U
sh603650,彤程新材,2025-10-09 10:06:31,44.91,8700,44.91,D
sh603650,彤程新材,2025-10-09 10:06:34,44.93,11200,44.91,E
sh603650,彤程新材,2025-10-09 10:06:37,44.97,27800,44.93,U
sh603650,彤程新材,2025-10-09 10:06:40,44.91,5900,44.97,D
sh603650,彤程新材,2025-10-09 10:06:43,44.85,5700,44.91,D
sh603650,彤程新材,2025-10-09 10:06:49,44.88,4500,44.93,D
sh603650,彤程新材,2025-10-09 10:06:58,44.84,6700,44.84,D
sh603650,彤程新材,2025-10-09 10:07:01,44.83,9200,44.84,D
sh603650,彤程新材,2025-10-09 10:07:04,44.85,17700,44.83,U
sh603650,彤程新材,2025-10-09 10:07:07,44.83,8000,44.85,D
sh603650,彤程新材,2025-10-09 10:07:10,44.85,4700,44.83,U
sh603650,彤程新材,2025-10-09 10:07:13,44.84,8200,44.85,D
sh603650,彤程新材,2025-10-09 10:07:16,44.8,24100,44.84,D
sh603650,彤程新材,2025-10-09 10:07:19,44.83,30600,44.8,U
sh603650,彤程新材,2025-10-09 10:07:22,44.81,8300,44.83,E
sh603650,彤程新材,2025-10-09 10:07:25,44.82,7200,44.81,U
sh603650,彤程新材,2025-10-09 10:07:28,44.81,40300,44.82,D
sh603650,彤程新材,2025-10-09 10:07:31,44.79,13100,44.81,D
sh603650,彤程新材,2025-10-09 10:07:34,44.79,12600,44.79,D
sh603650,彤程新材,2025-10-09 10:07:37,44.78,23200,44.79,D
sh603650,彤程新材,2025-10-09 10:07:40,44.75,13000,44.78,D
sh603650,彤程新材,2025-10-09 10:07:43,44.73,5900,44.75,D
sh603650,彤程新材,2025-10-09 10:07:49,44.7,29800,44.73,D
sh603650,彤程新材,2025-10-09 10:07:52,44.68,29300,44.7,D
sh603650,彤程新材,2025-10-09 10:07:55,44.7,11000,44.68,U
sh603650,彤程新材,2025-10-09 10:07:58,44.66,11900,44.7,D
sh603650,彤程新材,2025-10-09 10:08:01,44.68,20400,44.66,U
sh603650,彤程新材,2025-10-09 10:08:04,44.6,8100,44.68,D
sh603650,彤程新材,2025-10-09 10:08:07,44.6,11300,44.6,D
sh603650,彤程新材,2025-10-09 10:08:10,44.64,23100,44.6,U
sh603650,彤程新材,2025-10-09 10:08:13,44.6,39900,44.64,D
sh603650,彤程新材,2025-10-09 10:08:16,44.6,14200,44.6,U
sh603650,彤程新材,2025-10-09 10:08:19,44.52,20900,44.6,D
sh603650,彤程新材,2025-10-09 10:08:22,44.5,39000,44.52,D
sh603650,彤程新材,2025-10-09 10:08:25,44.53,7900,44.5,U
sh603650,彤程新材,2025-10-09 10:08:28,44.5,20800,44.53,D
sh603650,彤程新材,2025-10-09 10:08:31,44.52,18800,44.5,E
sh603650,彤程新材,2025-10-09 10:08:34,44.5,7000,44.52,D
sh603650,彤程新材,2025-10-09 10:08:37,44.45,9000,44.5,D
sh603650,彤程新材,2025-10-09 10:08:40,44.45,12800,44.45,D
sh603650,彤程新材,2025-10-09 10:08:43,44.43,10300,44.45,D
sh603650,彤程新材,2025-10-09 10:08:46,44.4,15700,44.43,D
sh603650,彤程新材,2025-10-09 10:08:49,44.39,5700,44.4,D
sh603650,彤程新材,2025-10-09 10:08:52,44.4,13500,44.39,U
sh603650,彤程新材,2025-10-09 10:08:55,44.39,10400,44.4,E
sh603650,彤程新材,2025-10-09 10:08:58,44.35,57900,44.39,D
sh603650,彤程新材,2025-10-09 10:09:01,44.37,19600,44.35,E
sh603650,彤程新材,2025-10-09 10:09:04,44.35,6600,44.37,D
sh603650,彤程新材,2025-10-09 10:09:07,44.31,7300,44.35,D
sh603650,彤程新材,2025-10-09 10:09:10,44.31,13800,44.31,U
sh603650,彤程新材,2025-10-09 10:09:13,44.31,14600,44.31,D
sh603650,彤程新材,2025-10-09 10:09:16,44.37,48800,44.31,U
sh603650,彤程新材,2025-10-09 10:09:19,44.38,22200,44.37,U
sh603650,彤程新材,2025-10-09 10:09:22,44.38,13166,44.38,D
sh603650,彤程新材,2025-10-09 10:09:25,44.38,5700,44.38,U
sh603650,彤程新材,2025-10-09 10:09:28,44.35,31100,44.38,D
sh603650,彤程新材,2025-10-09 10:09:31,44.33,15800,44.35,D
sh603650,彤程新材,2025-10-09 10:09:34,44.35,14300,44.33,U
sh603650,彤程新材,2025-10-09 10:09:37,44.33,7800,44.35,E
sh603650,彤程新材,2025-10-09 10:09:40,44.31,9500,44.33,D
sh603650,彤程新材,2025-10-09 10:09:43,44.31,7400,44.31,D
sh603650,彤程新材,2025-10-09 10:09:46,44.31,19900,44.31,D
sh603650,彤程新材,2025-10-09 10:09:49,44.32,17900,44.31,U
sh603650,彤程新材,2025-10-09 10:09:52,44.33,16600,44.32,U
sh603650,彤程新材,2025-10-09 10:09:55,44.35,18800,44.33,E
sh603650,彤程新材,2025-10-09 10:09:58,44.37,10300,44.35,U
sh603650,彤程新材,2025-10-09 10:10:01,44.37,10600,44.37,D
sh603650,彤程新材,2025-10-09 10:10:04,44.39,6000,44.37,U
sh603650,彤程新材,2025-10-09 10:10:07,44.39,5500,44.39,U
sh603650,彤程新材,2025-10-09 10:10:13,44.41,9100,44.4,D
sh603650,彤程新材,2025-10-09 10:10:19,44.48,8600,44.45,U
sh603650,彤程新材,2025-10-09 10:10:22,44.5,15700,44.48,U
sh603650,彤程新材,2025-10-09 10:10:25,44.52,9700,44.5,U
sh603650,彤程新材,2025-10-09 10:10:31,44.52,4500,44.53,D
sh603650,彤程新材,2025-10-09 10:10:34,44.57,7500,44.52,U
sh603650,彤程新材,2025-10-09 10:10:37,44.57,9300,44.57,D
sh603650,彤程新材,2025-10-09 10:10:40,44.6,20900,44.57,E
sh603650,彤程新材,2025-10-09 10:10:46,44.66,9100,44.65,U
sh603650,彤程新材,2025-10-09 10:10:49,44.6,22300,44.66,D
sh603650,彤程新材,2025-10-09 10:10:52,44.65,19400,44.6,U
sh603650,彤程新材,2025-10-09 10:10:55,44.6,24300,44.65,D
sh603650,彤程新材,2025-10-09 10:10:58,44.64,12800,44.6,U
sh603650,彤程新材,2025-10-09 10:11:01,44.6,11400,44.64,D
sh603650,彤程新材,2025-10-09 10:11:04,44.62,11700,44.6,E
sh603650,彤程新材,2025-10-09 10:11:10,44.66,8000,44.65,U
sh603650,彤程新材,2025-10-09 10:11:13,44.6,47400,44.66,D
sh603650,彤程新材,2025-10-09 10:11:22,44.63,4800,44.63,E
sh603650,彤程新材,2025-10-09 10:11:25,44.62,7900,44.63,E
sh603650,彤程新材,2025-10-09 10:11:28,44.62,6500,44.62,U
sh603650,彤程新材,2025-10-09 10:11:31,44.63,6600,44.62,E
sh603650,彤程新材,2025-10-09 10:11:37,44.64,8300,44.63,U
sh603650,彤程新材,2025-10-09 10:11:43,44.63,7600,44.64,D
sh603650,彤程新材,2025-10-09 10:11:46,44.63,12300,44.63,D
sh603650,彤程新材,2025-10-09 10:11:49,44.65,5100,44.63,U
sh603650,彤程新材,2025-10-09 10:11:52,44.64,7300,44.65,D
sh603650,彤程新材,2025-10-09 10:11:55,44.65,6500,44.64,U
sh603650,彤程新材,2025-10-09 10:11:58,44.65,5400,44.65,D
sh603650,彤程新材,2025-10-09 10:12:04,44.66,9800,44.66,D
sh603650,彤程新材,2025-10-09 10:12:16,44.67,6600,44.68,D
sh603650,彤程新材,2025-10-09 10:12:19,44.68,6500,44.67,U
sh603650,彤程新材,2025-10-09 10:12:22,44.68,6300,44.68,D
sh603650,彤程新材,2025-10-09 10:12:25,44.68,5500,44.68,D
sh603650,彤程新材,2025-10-09 10:12:28,44.7,5900,44.68,U
sh603650,彤程新材,2025-10-09 10:12:34,44.72,8600,44.7,U
sh603650,彤程新材,2025-10-09 10:12:37,44.72,6000,44.72,U
sh603650,彤程新材,2025-10-09 10:12:46,44.76,7100,44.73,U
sh603650,彤程新材,2025-10-09 10:12:55,44.79,8000,44.78,U
sh603650,彤程新材,2025-10-09 10:13:01,44.79,27400,44.79,U
sh603650,彤程新材,2025-10-09 10:13:04,44.8,6700,44.79,U
sh603650,彤程新材,2025-10-09 10:13:25,44.83,6300,44.83,U
sh603650,彤程新材,2025-10-09 10:13:40,44.86,6000,44.85,U
sh603650,彤程新材,2025-10-09 10:13:52,44.88,6200,44.88,U
sh603650,彤程新材,2025-10-09 10:13:55,44.88,5600,44.88,U
sh603650,彤程新材,2025-10-09 10:13:58,44.88,5600,44.88,D
sh603650,彤程新材,2025-10-09 10:14:01,44.87,29400,44.88,D
sh603650,彤程新材,2025-10-09 10:14:04,44.9,10200,44.87,U
sh603650,彤程新材,2025-10-09 10:14:10,44.9,10100,44.92,D
sh603650,彤程新材,2025-10-09 10:14:16,44.91,14400,44.9,E
sh603650,彤程新材,2025-10-09 10:14:19,44.92,8900,44.91,U
sh603650,彤程新材,2025-10-09 10:14:22,44.93,8500,44.92,U
sh603650,彤程新材,2025-10-09 10:14:25,44.92,7800,44.93,D
sh603650,彤程新材,2025-10-09 10:14:28,44.87,27500,44.92,D
sh603650,彤程新材,2025-10-09 10:14:34,44.91,7200,44.86,U
sh603650,彤程新材,2025-10-09 10:14:40,44.86,4700,44.89,D
sh603650,彤程新材,2025-10-09 10:14:46,44.85,17100,44.86,D
sh603650,彤程新材,2025-10-09 10:14:49,44.87,9300,44.85,U
sh603650,彤程新材,2025-10-09 10:14:58,44.86,11700,44.87,D
sh603650,彤程新材,2025-10-09 10:15:01,44.85,7100,44.86,D
sh603650,彤程新材,2025-10-09 10:15:07,44.86,21300,44.86,D
sh603650,彤程新材,2025-10-09 10:15:10,44.81,11200,44.86,D
sh603650,彤程新材,2025-10-09 10:15:16,44.8,10300,44.81,D
sh603650,彤程新材,2025-10-09 10:15:19,44.79,10800,44.8,D
sh603650,彤程新材,2025-10-09 10:15:22,44.79,14200,44.79,D
sh603650,彤程新材,2025-10-09 10:15:28,44.8,15600,44.8,U
sh603650,彤程新材,2025-10-09 10:15:31,44.75,8500,44.8,D
sh603650,彤程新材,2025-10-09 10:15:43,44.73,5200,44.73,E
sh603650,彤程新材,2025-10-09 10:15:46,44.73,9600,44.73,U
sh603650,彤程新材,2025-10-09 10:15:52,44.7,10300,44.71,D
sh603650,彤程新材,2025-10-09 10:15:55,44.69,6900,44.7,D
sh603650,彤程新材,2025-10-09 10:15:58,44.69,20900,44.69,D
sh603650,彤程新材,2025-10-09 10:16:07,44.67,15100,44.68,D
sh603650,彤程新材,2025-10-09 10:16:10,44.66,4700,44.67,D
sh603650,彤程新材,2025-10-09 10:16:13,44.65,18600,44.66,D
sh603650,彤程新材,2025-10-09 10:16:16,44.62,10953,44.65,D
sh603650,彤程新材,2025-10-09 10:16:19,44.68,25747,44.62,U
sh603650,彤程新材,2025-10-09 10:16:22,44.61,5253,44.68,D
sh603650,彤程新材,2025-10-09 10:16:37,44.61,6300,44.61,D
sh603650,彤程新材,2025-10-09 10:16:40,44.6,22900,44.61,D
sh603650,彤程新材,2025-10-09 10:16:46,44.59,6400,44.6,D
sh603650,彤程新材,2025-10-09 10:16:52,44.57,4500,44.59,D
sh603650,彤程新材,2025-10-09 10:17:04,44.57,7100,44.52,U
sh603650,彤程新材,2025-10-09 10:17:07,44.52,5900,44.57,D
sh603650,彤程新材,2025-10-09 10:17:16,44.56,12800,44.57,D
sh603650,彤程新材,2025-10-09 10:17:22,44.52,8400,44.56,D
sh603650,彤程新材,2025-10-09 10:17:25,44.56,8000,44.52,U
sh603650,彤程新材,2025-10-09 10:17:28,44.52,4500,44.56,D
sh603650,彤程新材,2025-10-09 10:17:31,44.54,6300,44.52,U
sh603650,彤程新材,2025-10-09 10:17:34,44.52,11000,44.54,D
sh603650,彤程新材,2025-10-09 10:17:37,44.51,7000,44.52,D
sh603650,彤程新材,2025-10-09 10:17:43,44.52,11400,44.51,U
sh603650,彤程新材,2025-10-09 10:17:49,44.52,4600,44.52,D
sh603650,彤程新材,2025-10-09 10:17:52,44.53,9900,44.52,U
sh603650,彤程新材,2025-10-09 10:17:55,44.5,11400,44.53,D
sh603650,彤程新材,2025-10-09 10:18:01,44.52,7000,44.52,U
sh603650,彤程新材,2025-10-09 10:18:04,44.51,6400,44.52,U
sh603650,彤程新材,2025-10-09 10:18:07,44.52,5700,44.51,U
sh603650,彤程新材,2025-10-09 10:18:16,44.5,9200,44.5,D
sh603650,彤程新材,2025-10-09 10:18:19,44.5,11400,44.5,D
sh603650,彤程新材,2025-10-09 10:18:22,44.49,5100,44.5,D
sh603650,彤程新材,2025-10-09 10:18:25,44.5,10600,44.49,U
sh603650,彤程新材,2025-10-09 10:18:28,44.51,5100,44.5,U
sh603650,彤程新材,2025-10-09 10:18:34,44.49,5300,44.49,D
sh603650,彤程新材,2025-10-09 10:18:40,44.48,9600,44.49,D
sh603650,彤程新材,2025-10-09 10:18:43,44.48,11100,44.48,D
sh603650,彤程新材,2025-10-09 10:18:46,44.47,4900,44.48,D
sh603650,彤程新材,2025-10-09 10:18:49,44.47,7700,44.47,D
sh603650,彤程新材,2025-10-09 10:18:58,44.45,6800,44.46,D
sh603650,彤程新材,2025-10-09 10:19:04,44.42,19000,44.44,D
sh603650,彤程新材,2025-10-09 10:19:07,44.44,5600,44.42,U
sh603650,彤程新材,2025-10-09 10:19:10,44.41,8100,44.44,D
sh603650,彤程新材,2025-10-09 10:19:16,44.39,32800,44.41,D
sh603650,彤程新材,2025-10-09 10:19:19,44.38,11500,44.39,D
sh603650,彤程新材,2025-10-09 10:19:22,44.36,11800,44.38,D
sh603650,彤程新材,2025-10-09 10:19:25,44.35,9500,44.36,D
sh603650,彤程新材,2025-10-09 10:19:28,44.35,12700,44.35,D
sh603650,彤程新材,2025-10-09 10:19:34,44.35,8600,44.36,D
sh603650,彤程新材,2025-10-09 10:19:37,44.34,7800,44.35,D
sh603650,彤程新材,2025-10-09 10:19:40,44.34,5900,44.34,U
sh603650,彤程新材,2025-10-09 10:19:43,44.32,11100,44.34,D
sh603650,彤程新材,2025-10-09 10:19:46,44.31,11500,44.32,D
sh603650,彤程新材,2025-10-09 10:19:49,44.31,5900,44.31,D
sh603650,彤程新材,2025-10-09 10:19:52,44.31,18700,44.31,D
sh603650,彤程新材,2025-10-09 10:19:55,44.31,22334,44.31,D
sh603650,彤程新材,2025-10-09 10:19:58,44.3,7300,44.31,D
sh603650,彤程新材,2025-10-09 10:20:01,44.31,30800,44.3,U
sh603650,彤程新材,2025-10-09 10:20:04,44.3,23600,44.31,D
sh603650,彤程新材,2025-10-09 10:20:07,44.29,8300,44.3,D
sh603650,彤程新材,2025-10-09 10:20:10,44.29,14400,44.29,D
sh603650,彤程新材,2025-10-09 10:20:13,44.29,6800,44.29,U
sh603650,彤程新材,2025-10-09 10:20:16,44.28,31300,44.29,D
sh603650,彤程新材,2025-10-09 10:20:25,44.29,20600,44.28,U
sh603650,彤程新材,2025-10-09 10:20:28,44.3,42600,44.29,U
sh603650,彤程新材,2025-10-09 10:20:31,44.35,17200,44.3,U
sh603650,彤程新材,2025-10-09 10:20:34,44.31,6200,44.35,D
sh603650,彤程新材,2025-10-09 10:20:46,44.36,6500,44.36,D
sh603650,彤程新材,2025-10-09 10:20:49,44.36,11200,44.36,D
sh603650,彤程新材,2025-10-09 10:20:52,44.33,6800,44.36,D
sh603650,彤程新材,2025-10-09 10:20:58,44.33,14400,44.33,U
sh603650,彤程新材,2025-10-09 10:21:04,44.38,7200,44.37,U
sh603650,彤程新材,2025-10-09 10:21:07,44.37,10600,44.38,D
sh603650,彤程新材,2025-10-09 10:21:10,44.37,27500,44.37,U
sh603650,彤程新材,2025-10-09 10:21:13,44.37,21500,44.37,U
sh603650,彤程新材,2025-10-09 10:21:16,44.36,11300,44.37,D
sh603650,彤程新材,2025-10-09 10:21:25,44.38,7500,44.4,D
sh603650,彤程新材,2025-10-09 10:21:34,44.37,7600,44.37,U
sh603650,彤程新材,2025-10-09 10:21:37,44.35,17800,44.37,D
sh603650,彤程新材,2025-10-09 10:21:43,44.34,8200,44.35,D
sh603650,彤程新材,2025-10-09 10:21:49,44.34,22500,44.35,D
sh603650,彤程新材,2025-10-09 10:21:52,44.33,15900,44.34,D
sh603650,彤程新材,2025-10-09 10:21:55,44.34,20500,44.33,U
sh603650,彤程新材,2025-10-09 10:22:07,44.32,12400,44.33,D
sh603650,彤程新材,2025-10-09 10:22:10,44.32,4600,44.32,D
sh603650,彤程新材,2025-10-09 10:22:13,44.32,8700,44.32,D
sh603650,彤程新材,2025-10-09 10:22:19,44.34,9900,44.34,U
sh603650,彤程新材,2025-10-09 10:22:22,44.34,12700,44.34,U
sh603650,彤程新材,2025-10-09 10:22:31,44.33,7000,44.33,U
sh603650,彤程新材,2025-10-09 10:22:34,44.32,11500,44.33,D
sh603650,彤程新材,2025-10-09 10:22:37,44.32,8700,44.32,D
sh603650,彤程新材,2025-10-09 10:22:43,44.34,12700,44.33,U
sh603650,彤程新材,2025-10-09 10:22:46,44.33,5400,44.34,D
sh603650,彤程新材,2025-10-09 10:22:49,44.32,6000,44.33,D
sh603650,彤程新材,2025-10-09 10:22:52,44.35,9200,44.32,U
sh603650,彤程新材,2025-10-09 10:22:55,44.32,9100,44.35,D
sh603650,彤程新材,2025-10-09 10:22:58,44.35,19700,44.32,U
sh603650,彤程新材,2025-10-09 10:23:04,44.32,11500,44.35,D
sh603650,彤程新材,2025-10-09 10:23:10,44.36,7700,44.35,U
sh603650,彤程新材,2025-10-09 10:23:28,44.39,5700,44.38,U
sh603650,彤程新材,2025-10-09 10:23:34,44.39,4600,44.39,D
sh603650,彤程新材,2025-10-09 10:23:43,44.41,9900,44.42,D
sh603650,彤程新材,2025-10-09 10:23:46,44.4,5900,44.41,D
sh603650,彤程新材,2025-10-09 10:23:49,44.41,5400,44.4,U
sh603650,彤程新材,2025-10-09 10:23:52,44.44,5800,44.41,U
sh603650,彤程新材,2025-10-09 10:23:58,44.44,7400,44.42,U
sh603650,彤程新材,2025-10-09 10:24:01,44.44,5800,44.44,D
sh603650,彤程新材,2025-10-09 10:24:07,44.45,10800,44.44,U
sh603650,彤程新材,2025-10-09 10:24:16,44.45,12600,44.47,D
sh603650,彤程新材,2025-10-09 10:24:19,44.49,5900,44.45,U
sh603650,彤程新材,2025-10-09 10:24:22,44.45,4500,44.49,D
sh603650,彤程新材,2025-10-09 10:24:43,44.51,4800,44.51,U
sh603650,彤程新材,2025-10-09 10:25:01,44.54,9100,44.55,U
sh603650,彤程新材,2025-10-09 10:25:07,44.55,17700,44.53,U
sh603650,彤程新材,2025-10-09 10:25:16,44.56,12700,44.55,U
sh603650,彤程新材,2025-10-09 10:25:19,44.56,8200,44.56,D
sh603650,彤程新材,2025-10-09 10:25:52,44.6,8600,44.6,U
sh603650,彤程新材,2025-10-09 10:26:01,44.61,8200,44.62,D
sh603650,彤程新材,2025-10-09 10:26:19,44.67,6600,44.64,U
sh603650,彤程新材,2025-10-09 10:26:28,44.64,13500,44.67,D
sh603650,彤程新材,2025-10-09 10:26:37,44.67,12900,44.67,U
sh603650,彤程新材,2025-10-09 10:26:46,44.67,5000,44.67,D
sh603650,彤程新材,2025-10-09 10:26:55,44.68,7100,44.68,D
sh603650,彤程新材,2025-10-09 10:26:58,44.67,15400,44.68,D
sh603650,彤程新材,2025-10-09 10:27:10,44.72,9100,44.68,U
sh603650,彤程新材,2025-10-09 10:27:19,44.73,4700,44.72,U
sh603650,彤程新材,2025-10-09 10:27:37,44.74,12200,44.73,D
sh603650,彤程新材,2025-10-09 10:27:49,44.75,32000,44.75,U
sh603650,彤程新材,2025-10-09 10:27:58,44.76,6200,44.75,U
sh603650,彤程新材,2025-10-09 10:28:01,44.75,6200,44.76,D
sh603650,彤程新材,2025-10-09 10:28:07,44.76,5400,44.76,D
sh603650,彤程新材,2025-10-09 10:28:10,44.77,9147,44.76,U
sh603650,彤程新材,2025-10-09 10:28:16,44.77,4600,44.77,D
sh603650,彤程新材,2025-10-09 10:28:19,44.78,11100,44.77,U
sh603650,彤程新材,2025-10-09 10:28:28,44.77,9500,44.77,D
sh603650,彤程新材,2025-10-09 10:28:31,44.77,7000,44.77,D
sh603650,彤程新材,2025-10-09 10:28:40,44.75,19000,44.77,D
sh603650,彤程新材,2025-10-09 10:28:43,44.75,11200,44.75,D
sh603650,彤程新材,2025-10-09 10:28:49,44.75,4953,44.76,D
sh603650,彤程新材,2025-10-09 10:28:55,44.72,17000,44.74,D
sh603650,彤程新材,2025-10-09 10:29:07,44.72,7500,44.75,D
sh603650,彤程新材,2025-10-09 10:29:13,44.72,8100,44.72,U
sh603650,彤程新材,2025-10-09 10:29:16,44.72,5300,44.72,D
sh603650,彤程新材,2025-10-09 10:29:19,44.72,6400,44.72,D
sh603650,彤程新材,2025-10-09 10:29:25,44.72,5700,44.73,D
sh603650,彤程新材,2025-10-09 10:29:28,44.72,7300,44.72,D
sh603650,彤程新材,2025-10-09 10:29:46,44.71,14400,44.7,U
sh603650,彤程新材,2025-10-09 10:29:49,44.71,9000,44.71,D
sh603650,彤程新材,2025-10-09 10:29:52,44.71,9800,44.71,D
sh603650,彤程新材,2025-10-09 10:29:58,44.71,18300,44.71,D
sh603650,彤程新材,2025-10-09 10:30:07,44.7,6600,44.71,D
sh603650,彤程新材,2025-10-09 10:30:22,44.68,8800,44.69,D
sh603650,彤程新材,2025-10-09 10:30:46,44.64,7700,44.65,D
sh603650,彤程新材,2025-10-09 10:30:49,44.62,4900,44.64,D
sh603650,彤程新材,2025-10-09 10:30:52,44.62,26900,44.62,D
sh603650,彤程新材,2025-10-09 10:31:01,44.61,5400,44.61,D
sh603650,彤程新材,2025-10-09 10:31:04,44.62,4900,44.61,E
sh603650,彤程新材,2025-10-09 10:31:07,44.61,6200,44.62,D
sh603650,彤程新材,2025-10-09 10:31:10,44.61,11200,44.61,U
sh603650,彤程新材,2025-10-09 10:31:13,44.6,11000,44.61,D
sh603650,彤程新材,2025-10-09 10:31:16,44.6,5700,44.6,D
sh603650,彤程新材,2025-10-09 10:31:19,44.61,17600,44.6,U
sh603650,彤程新材,2025-10-09 10:31:22,44.6,8800,44.61,D
sh603650,彤程新材,2025-10-09 10:31:25,44.6,5000,44.6,D
sh603650,彤程新材,2025-10-09 10:31:31,44.6,7700,44.6,U
sh603650,彤程新材,2025-10-09 10:31:37,44.59,5800,44.6,D
sh603650,彤程新材,2025-10-09 10:31:46,44.6,7100,44.6,D
sh603650,彤程新材,2025-10-09 10:31:55,44.61,5600,44.62,D
sh603650,彤程新材,2025-10-09 10:31:58,44.61,6000,44.61,D
sh603650,彤程新材,2025-10-09 10:32:19,44.65,7700,44.65,U
sh603650,彤程新材,2025-10-09 10:32:22,44.65,5400,44.65,U
sh603650,彤程新材,2025-10-09 10:32:25,44.67,5400,44.65,U
sh603650,彤程新材,2025-10-09 10:32:31,44.67,6400,44.65,U
sh603650,彤程新材,2025-10-09 10:32:40,44.65,5000,44.66,D
sh603650,彤程新材,2025-10-09 10:32:49,44.65,7900,44.66,D
sh603650,彤程新材,2025-10-09 10:32:58,44.62,10900,44.63,D
sh603650,彤程新材,2025-10-09 10:33:07,44.62,21800,44.64,D
sh603650,彤程新材,2025-10-09 10:33:10,44.62,4500,44.62,U
sh603650,彤程新材,2025-10-09 10:33:13,44.62,7200,44.62,U
sh603650,彤程新材,2025-10-09 10:33:22,44.62,7400,44.6,U
sh603650,彤程新材,2025-10-09 10:33:25,44.61,8200,44.62,D
sh603650,彤程新材,2025-10-09 10:33:28,44.6,6000,44.61,D
sh603650,彤程新材,2025-10-09 10:33:37,44.6,7400,44.6,U
sh603650,彤程新材,2025-10-09 10:33:52,44.57,5100,44.58,D
sh603650,彤程新材,2025-10-09 10:33:55,44.56,10600,44.57,D
sh603650,彤程新材,2025-10-09 10:34:13,44.54,6600,44.56,D
sh603650,彤程新材,2025-10-09 10:34:28,44.52,9700,44.52,U
sh603650,彤程新材,2025-10-09 10:34:34,44.5,23700,44.5,D
sh603650,彤程新材,2025-10-09 10:34:40,44.5,8700,44.51,D
sh603650,彤程新材,2025-10-09 10:34:46,44.5,10800,44.51,D
sh603650,彤程新材,2025-10-09 10:34:55,44.48,14734,44.5,D
sh603650,彤程新材,2025-10-09 10:35:10,44.41,8000,44.42,D
sh603650,彤程新材,2025-10-09 10:35:16,44.4,7300,44.41,D
sh603650,彤程新材,2025-10-09 10:35:19,44.41,15800,44.4,D
sh603650,彤程新材,2025-10-09 10:35:25,44.48,10900,44.45,U
sh603650,彤程新材,2025-10-09 10:35:46,44.48,13534,44.5,D
sh603650,彤程新材,2025-10-09 10:35:49,44.51,5366,44.48,U
sh603650,彤程新材,2025-10-09 10:35:58,44.5,6500,44.52,D
sh603650,彤程新材,2025-10-09 10:36:07,44.5,4600,44.53,D
sh603650,彤程新材,2025-10-09 10:36:16,44.53,4600,44.52,U
sh603650,彤程新材,2025-10-09 10:36:31,44.53,4900,44.56,D
sh603650,彤程新材,2025-10-09 10:36:40,44.54,49200,44.53,U
sh603650,彤程新材,2025-10-09 10:36:58,44.57,17100,44.57,U
sh603650,彤程新材,2025-10-09 10:37:16,44.6,4500,44.59,U
sh603650,彤程新材,2025-10-09 10:37:31,44.6,6300,44.58,U
sh603650,彤程新材,2025-10-09 10:37:40,44.59,11200,44.59,U
sh603650,彤程新材,2025-10-09 10:37:58,44.62,12500,44.6,U
sh603650,彤程新材,2025-10-09 10:38:16,44.61,5600,44.63,D
sh603650,彤程新材,2025-10-09 10:38:34,44.66,8300,44.65,U
sh603650,彤程新材,2025-10-09 10:38:43,44.66,5500,44.69,D
sh603650,彤程新材,2025-10-09 10:38:55,44.69,5200,44.69,D
sh603650,彤程新材,2025-10-09 10:39:01,44.71,4800,44.7,U
sh603650,彤程新材,2025-10-09 10:39:16,44.73,7500,44.72,U
sh603650,彤程新材,2025-10-09 10:39:19,44.74,8900,44.73,U
sh603650,彤程新材,2025-10-09 10:39:37,44.79,16900,44.78,U
sh603650,彤程新材,2025-10-09 10:39:52,44.81,18000,44.8,U
sh603650,彤程新材,2025-10-09 10:39:55,44.83,9547,44.81,U
sh603650,彤程新材,2025-10-09 10:40:01,44.85,6500,44.8,U
sh603650,彤程新材,2025-10-09 10:40:22,44.88,5400,44.88,U
sh603650,彤程新材,2025-10-09 10:40:25,44.88,8900,44.88,D
sh603650,彤程新材,2025-10-09 10:40:37,44.88,6500,44.87,U
sh603650,彤程新材,2025-10-09 10:40:40,44.88,5000,44.88,U
sh603650,彤程新材,2025-10-09 10:40:49,44.88,6500,44.88,U
sh603650,彤程新材,2025-10-09 10:41:07,44.91,5800,44.9,U
sh603650,彤程新材,2025-10-09 10:41:10,44.91,8700,44.91,D
sh603650,彤程新材,2025-10-09 10:41:13,44.93,10100,44.91,U
sh603650,彤程新材,2025-10-09 10:41:25,44.95,5800,44.93,U
sh603650,彤程新材,2025-10-09 10:41:43,45.0,7800,44.99,U
sh603650,彤程新材,2025-10-09 10:41:52,45.0,5900,44.98,U
sh603650,彤程新材,2025-10-09 10:42:01,44.99,15800,45.0,D
sh603650,彤程新材,2025-10-09 10:42:10,45.0,10200,45.0,D
sh603650,彤程新材,2025-10-09 10:42:25,45.0,5800,45.0,U
sh603650,彤程新材,2025-10-09 10:42:40,44.99,7900,44.99,D
sh603650,彤程新材,2025-10-09 10:42:46,45.0,4985,45.0,U
sh603650,彤程新材,2025-10-09 10:42:52,44.99,6415,44.99,D
sh603650,彤程新材,2025-10-09 10:42:55,44.99,5385,44.99,U
sh603650,彤程新材,2025-10-09 10:42:58,44.99,7600,44.99,D
sh603650,彤程新材,2025-10-09 10:43:04,44.99,5900,44.99,D
sh603650,彤程新材,2025-10-09 10:43:13,45.01,6500,45.0,U
sh603650,彤程新材,2025-10-09 10:43:22,45.01,4600,45.01,U
sh603650,彤程新材,2025-10-09 10:43:37,45.04,4600,45.04,U
sh603650,彤程新材,2025-10-09 10:44:07,45.11,5800,45.07,U
sh603650,彤程新材,2025-10-09 10:44:16,45.09,8700,45.11,D
sh603650,彤程新材,2025-10-09 10:44:25,45.1,11000,45.07,U
sh603650,彤程新材,2025-10-09 10:44:37,45.09,5900,45.09,D
sh603650,彤程新材,2025-10-09 10:44:46,45.11,7700,45.09,U
sh603650,彤程新材,2025-10-09 10:44:49,45.08,5100,45.11,D
sh603650,彤程新材,2025-10-09 10:45:07,45.05,9500,45.06,D
sh603650,彤程新材,2025-10-09 10:45:10,45.07,9100,45.05,U
sh603650,彤程新材,2025-10-09 10:45:16,45.05,5200,45.05,D
sh603650,彤程新材,2025-10-09 10:45:40,45.0,12900,45.0,D
sh603650,彤程新材,2025-10-09 10:45:43,45.0,15100,45.0,D
sh603650,彤程新材,2025-10-09 10:45:46,45.0,6000,45.0,D
sh603650,彤程新材,2025-10-09 10:45:52,44.97,7115,45.0,D
sh603650,彤程新材,2025-10-09 10:45:55,44.96,14000,44.97,D
sh603650,彤程新材,2025-10-09 10:46:16,44.89,4800,44.9,D
sh603650,彤程新材,2025-10-09 10:46:25,44.88,9700,44.88,D
sh603650,彤程新材,2025-10-09 10:46:40,44.8,13200,44.85,D
sh603650,彤程新材,2025-10-09 10:46:46,44.8,4500,44.85,D
sh603650,彤程新材,2025-10-09 10:47:01,44.82,14700,44.81,E
sh603650,彤程新材,2025-10-09 10:47:04,44.81,5100,44.82,D
sh603650,彤程新材,2025-10-09 10:47:10,44.88,48700,44.85,U
sh603650,彤程新材,2025-10-09 10:47:19,44.85,4900,44.85,U
sh603650,彤程新材,2025-10-09 10:47:34,44.81,8000,44.81,D
sh603650,彤程新材,2025-10-09 10:47:52,44.84,7800,44.84,D
sh603650,彤程新材,2025-10-09 10:47:55,44.85,6400,44.84,U
sh603650,彤程新材,2025-10-09 10:48:01,44.85,10900,44.86,D
sh603650,彤程新材,2025-10-09 10:48:07,44.87,7300,44.87,U
sh603650,彤程新材,2025-10-09 10:48:34,44.86,8100,44.85,U
sh603650,彤程新材,2025-10-09 10:48:55,44.81,10900,44.81,U
sh603650,彤程新材,2025-10-09 10:49:04,44.81,4900,44.8,U
sh603650,彤程新材,2025-10-09 10:49:13,44.8,10800,44.8,D
sh603650,彤程新材,2025-10-09 10:49:19,44.8,25400,44.8,U
sh603650,彤程新材,2025-10-09 10:49:55,44.83,6100,44.83,U
sh603650,彤程新材,2025-10-09 10:50:43,44.8,28709,44.8,D
sh603650,彤程新材,2025-10-09 10:50:52,44.81,6800,44.8,U
sh603650,彤程新材,2025-10-09 10:51:01,44.78,10700,44.8,D
sh603650,彤程新材,2025-10-09 10:51:34,44.72,10100,44.72,D
sh603650,彤程新材,2025-10-09 10:51:46,44.69,13300,44.71,D
sh603650,彤程新材,2025-10-09 10:52:07,44.62,33400,44.66,D
sh603650,彤程新材,2025-10-09 10:52:16,44.6,14300,44.6,D
sh603650,彤程新材,2025-10-09 10:52:19,44.6,5791,44.6,D
sh603650,彤程新材,2025-10-09 10:52:25,44.6,5600,44.6,U
sh603650,彤程新材,2025-10-09 10:52:28,44.58,7100,44.6,E
sh603650,彤程新材,2025-10-09 10:52:34,44.58,6700,44.58,U
sh603650,彤程新材,2025-10-09 10:52:46,44.6,17000,44.58,E
sh603650,彤程新材,2025-10-09 10:52:55,44.61,16200,44.61,D
sh603650,彤程新材,2025-10-09 10:53:07,44.58,6200,44.6,D
sh603650,彤程新材,2025-10-09 10:53:25,44.58,14900,44.58,D
sh603650,彤程新材,2025-10-09 10:53:31,44.59,6300,44.58,U
sh603650,彤程新材,2025-10-09 10:53:40,44.59,7300,44.59,D
sh603650,彤程新材,2025-10-09 10:53:43,44.59,4800,44.59,D
sh603650,彤程新材,2025-10-09 10:53:46,44.59,6600,44.59,D
sh603650,彤程新材,2025-10-09 10:53:49,44.59,12500,44.59,D
sh603650,彤程新材,2025-10-09 10:53:58,44.58,9400,44.59,D
sh603650,彤程新材,2025-10-09 10:54:04,44.58,10600,44.59,D
sh603650,彤程新材,2025-10-09 10:54:16,44.59,5100,44.58,U
sh603650,彤程新材,2025-10-09 10:54:25,44.57,4800,44.57,D
sh603650,彤程新材,2025-10-09 10:54:40,44.58,19400,44.58,U
sh603650,彤程新材,2025-10-09 10:54:43,44.58,5200,44.58,U
sh603650,彤程新材,2025-10-09 10:54:52,44.57,9700,44.58,D
sh603650,彤程新材,2025-10-09 10:55:04,44.55,14600,44.56,D
sh603650,彤程新材,2025-10-09 10:55:07,44.55,5600,44.55,D
sh603650,彤程新材,2025-10-09 10:55:31,44.55,11600,44.56,D
sh603650,彤程新材,2025-10-09 10:55:40,44.55,6300,44.55,D
sh603650,彤程新材,2025-10-09 10:55:49,44.55,5800,44.57,D
sh603650,彤程新材,2025-10-09 10:55:58,44.57,7400,44.56,U
sh603650,彤程新材,2025-10-09 10:56:07,44.58,11500,44.57,U
sh603650,彤程新材,2025-10-09 10:56:34,44.58,11300,44.58,U
sh603650,彤程新材,2025-10-09 10:56:40,44.57,14300,44.58,D
sh603650,彤程新材,2025-10-09 10:56:49,44.55,14500,44.57,D
sh603650,彤程新材,2025-10-09 10:56:58,44.55,5900,44.55,D
sh603650,彤程新材,2025-10-09 10:57:16,44.54,12200,44.55,D
sh603650,彤程新材,2025-10-09 10:57:25,44.54,5700,44.54,U
sh603650,彤程新材,2025-10-09 10:57:34,44.53,12300,44.53,D
sh603650,彤程新材,2025-10-09 10:58:04,44.51,5300,44.52,D
sh603650,彤程新材,2025-10-09 10:58:13,44.51,4500,44.52,D
sh603650,彤程新材,2025-10-09 10:58:19,44.51,15100,44.51,U
sh603650,彤程新材,2025-10-09 10:58:22,44.5,44700,44.51,D
sh603650,彤程新材,2025-10-09 10:58:37,44.5,7600,44.52,D
sh603650,彤程新材,2025-10-09 10:58:40,44.51,9900,44.5,U
sh603650,彤程新材,2025-10-09 10:58:52,44.5,6800,44.5,D
sh603650,彤程新材,2025-10-09 10:58:55,44.5,5100,44.5,U
sh603650,彤程新材,2025-10-09 10:59:22,44.47,7100,44.47,D
sh603650,彤程新材,2025-10-09 10:59:40,44.47,10200,44.48,D
sh603650,彤程新材,2025-10-09 10:59:43,44.48,5100,44.47,U
sh603650,彤程新材,2025-10-09 10:59:46,44.49,6200,44.48,U
sh603650,彤程新材,2025-10-09 10:59:55,44.49,11800,44.48,U
sh603650,彤程新材,2025-10-09 11:00:01,44.49,9600,44.48,U
sh603650,彤程新材,2025-10-09 11:00:07,44.49,4600,44.49,D
sh603650,彤程新材,2025-10-09 11:00:13,44.55,6700,44.5,U
sh603650,彤程新材,2025-10-09 11:00:28,44.5,4600,44.57,D
sh603650,彤程新材,2025-10-09 11:00:37,44.58,14400,44.53,U
sh603650,彤程新材,2025-10-09 11:01:04,44.58,13800,44.57,U
sh603650,彤程新材,2025-10-09 11:01:13,44.58,6900,44.58,U
sh603650,彤程新材,2025-10-09 11:01:28,44.58,4500,44.56,D
sh603650,彤程新材,2025-10-09 11:01:40,44.6,20091,44.59,U
sh603650,彤程新材,2025-10-09 11:02:13,44.66,5900,44.68,D
sh603650,彤程新材,2025-10-09 11:03:28,44.7,9100,44.72,D
sh603650,彤程新材,2025-10-09 11:04:10,44.71,9800,44.71,D
sh603650,彤程新材,2025-10-09 11:04:13,44.72,10800,44.71,U
sh603650,彤程新材,2025-10-09 11:05:49,44.7,5900,44.71,D
sh603650,彤程新材,2025-10-09 11:05:52,44.7,13500,44.7,D
sh603650,彤程新材,2025-10-09 11:06:10,44.69,4700,44.7,D
sh603650,彤程新材,2025-10-09 11:06:16,44.7,5100,44.69,U
sh603650,彤程新材,2025-10-09 11:06:22,44.69,11000,44.69,D
sh603650,彤程新材,2025-10-09 11:06:25,44.7,13800,44.69,U
sh603650,彤程新材,2025-10-09 11:07:10,44.66,6700,44.67,D
sh603650,彤程新材,2025-10-09 11:07:28,44.66,7300,44.66,U
sh603650,彤程新材,2025-10-09 11:07:46,44.68,6300,44.65,U
sh603650,彤程新材,2025-10-09 11:09:07,44.62,6100,44.62,U
sh603650,彤程新材,2025-10-09 11:09:10,44.62,17500,44.62,D
sh603650,彤程新材,2025-10-09 11:09:13,44.62,15300,44.62,D
sh603650,彤程新材,2025-10-09 11:09:19,44.6,7100,44.68,D
sh603650,彤程新材,2025-10-09 11:10:07,44.69,10600,44.69,U
sh603650,彤程新材,2025-10-09 11:10:19,44.7,7000,44.69,U
sh603650,彤程新材,2025-10-09 11:11:13,44.69,5900,44.69,D
sh603650,彤程新材,2025-10-09 11:11:31,44.6,7700,44.66,D
sh603650,彤程新材,2025-10-09 11:12:25,44.61,5400,44.61,D
sh603650,彤程新材,2025-10-09 11:12:37,44.6,5000,44.63,D
sh603650,彤程新材,2025-10-09 11:12:58,44.58,5300,44.58,D
sh603650,彤程新材,2025-10-09 11:13:01,44.58,13400,44.58,U
sh603650,彤程新材,2025-10-09 11:13:04,44.57,4900,44.58,D
sh603650,彤程新材,2025-10-09 11:13:13,44.56,15200,44.57,D
sh603650,彤程新材,2025-10-09 11:13:25,44.59,6000,44.56,U
sh603650,彤程新材,2025-10-09 11:14:01,44.6,19600,44.58,U
sh603650,彤程新材,2025-10-09 11:14:07,44.61,6000,44.61,U
sh603650,彤程新材,2025-10-09 11:14:19,44.62,20600,44.6,U
sh603650,彤程新材,2025-10-09 11:14:40,44.62,10800,44.62,U
sh603650,彤程新材,2025-10-09 11:14:43,44.61,11800,44.62,D
sh603650,彤程新材,2025-10-09 11:15:19,44.61,9200,44.63,D
sh603650,彤程新材,2025-10-09 11:15:22,44.61,14400,44.61,D
sh603650,彤程新材,2025-10-09 11:15:34,44.6,8500,44.65,D
sh603650,彤程新材,2025-10-09 11:16:22,44.65,7600,44.65,U
sh603650,彤程新材,2025-10-09 11:16:31,44.68,4600,44.66,U
sh603650,彤程新材,2025-10-09 11:17:07,44.68,5300,44.68,U
sh603650,彤程新材,2025-10-09 11:17:25,44.69,5500,44.69,U
sh603650,彤程新材,2025-10-09 11:17:52,44.69,5300,44.7,D
sh603650,彤程新材,2025-10-09 11:18:01,44.7,8900,44.69,U
sh603650,彤程新材,2025-10-09 11:18:49,44.62,23900,44.67,D
sh603650,彤程新材,2025-10-09 11:19:01,44.67,7800,44.67,U
sh603650,彤程新材,2025-10-09 11:19:10,44.61,8900,44.66,D
sh603650,彤程新材,2025-10-09 11:19:31,44.66,31100,44.66,U
sh603650,彤程新材,2025-10-09 11:19:49,44.6,10500,44.66,D
sh603650,彤程新材,2025-10-09 11:20:04,44.61,12200,44.58,U
sh603650,彤程新材,2025-10-09 11:20:07,44.65,4900,44.61,E
sh603650,彤程新材,2025-10-09 11:20:16,44.58,5100,44.59,D
sh603650,彤程新材,2025-10-09 11:20:22,44.57,5200,44.57,U
sh603650,彤程新材,2025-10-09 11:20:55,44.55,5400,44.56,D
sh603650,彤程新材,2025-10-09 11:20:58,44.57,11800,44.55,U
sh603650,彤程新材,2025-10-09 11:21:37,44.57,8100,44.58,D
sh603650,彤程新材,2025-10-09 11:21:46,44.56,6400,44.57,D
sh603650,彤程新材,2025-10-09 11:21:52,44.56,23100,44.56,D
sh603650,彤程新材,2025-10-09 11:21:58,44.6,7200,44.57,U
sh603650,彤程新材,2025-10-09 11:22:28,44.57,8300,44.56,U
sh603650,彤程新材,2025-10-09 11:22:46,44.57,4700,44.57,U
sh603650,彤程新材,2025-10-09 11:23:04,44.56,5600,44.57,D
sh603650,彤程新材,2025-10-09 11:23:25,44.54,11800,44.54,D
sh603650,彤程新材,2025-10-09 11:23:46,44.53,8500,44.53,D
sh603650,彤程新材,2025-10-09 11:24:01,44.51,6300,44.52,D
sh603650,彤程新材,2025-10-09 11:24:07,44.51,8800,44.51,D
sh603650,彤程新材,2025-10-09 11:25:01,44.5,7200,44.5,D
sh603650,彤程新材,2025-10-09 11:25:31,44.51,6800,44.51,U
sh603650,彤程新材,2025-10-09 11:25:34,44.51,9900,44.51,U
sh603650,彤程新材,2025-10-09 11:26:04,44.49,5500,44.5,D
sh603650,彤程新材,2025-10-09 11:26:19,44.51,6300,44.5,U
sh603650,彤程新材,2025-10-09 11:26:43,44.49,7500,44.5,D
sh603650,彤程新材,2025-10-09 11:26:58,44.48,6100,44.48,D
sh603650,彤程新材,2025-10-09 11:28:01,44.52,40700,44.48,U
sh603650,彤程新材,2025-10-09 11:28:04,44.55,5100,44.52,U
sh603650,彤程新材,2025-10-09 11:28:22,44.56,9000,44.58,D
sh603650,彤程新材,2025-10-09 11:29:10,44.65,10300,44.6,U
sh603650,彤程新材,2025-10-09 11:29:25,44.59,10200,44.59,U
sh603650,彤程新材,2025-10-09 11:29:49,44.65,6500,44.6,U
sh603650,彤程新材,2025-10-09 13:00:04,44.68,14500,44.65,U
sh603650,彤程新材,2025-10-09 13:00:07,44.7,35100,44.68,U
sh603650,彤程新材,2025-10-09 13:00:10,44.68,11100,44.7,D
sh603650,彤程新材,2025-10-09 13:00:13,44.68,5300,44.68,U
sh603650,彤程新材,2025-10-09 13:00:19,44.74,4600,44.7,U
sh603650,彤程新材,2025-10-09 13:00:34,44.75,6900,44.7,U
sh603650,彤程新材,2025-10-09 13:00:43,44.75,7100,44.71,U
sh603650,彤程新材,2025-10-09 13:00:55,44.8,5100,44.78,U
sh603650,彤程新材,2025-10-09 13:01:16,44.8,5900,44.79,U
sh603650,彤程新材,2025-10-09 13:01:19,44.78,9400,44.8,D
sh603650,彤程新材,2025-10-09 13:01:25,44.78,10500,44.79,U
sh603650,彤程新材,2025-10-09 13:01:34,44.8,5900,44.78,U
sh603650,彤程新材,2025-10-09 13:02:10,44.78,5000,44.78,U
sh603650,彤程新材,2025-10-09 13:02:19,44.79,6300,44.77,U
sh603650,彤程新材,2025-10-09 13:02:40,44.77,9400,44.77,D
sh603650,彤程新材,2025-10-09 13:02:58,44.81,13900,44.79,U
sh603650,彤程新材,2025-10-09 13:03:04,44.82,7300,44.8,U
sh603650,彤程新材,2025-10-09 13:03:31,44.93,12900,44.91,U
sh603650,彤程新材,2025-10-09 13:03:34,44.91,6400,44.93,D
sh603650,彤程新材,2025-10-09 13:03:52,44.9,5700,44.91,D
sh603650,彤程新材,2025-10-09 13:04:07,44.93,15000,44.92,U
sh603650,彤程新材,2025-10-09 13:04:13,44.95,10300,44.87,U
sh603650,彤程新材,2025-10-09 13:05:07,44.88,9000,44.92,D
sh603650,彤程新材,2025-10-09 13:05:10,44.92,4700,44.88,U
sh603650,彤程新材,2025-10-09 13:05:13,44.93,12200,44.92,U
sh603650,彤程新材,2025-10-09 13:05:16,44.93,7000,44.93,U
sh603650,彤程新材,2025-10-09 13:05:49,44.93,11000,44.88,U
sh603650,彤程新材,2025-10-09 13:06:13,44.93,5300,44.91,U
sh603650,彤程新材,2025-10-09 13:07:13,44.92,6100,44.91,U
sh603650,彤程新材,2025-10-09 13:07:28,44.93,10951,44.93,D
sh603650,彤程新材,2025-10-09 13:07:40,44.91,7200,44.91,D
sh603650,彤程新材,2025-10-09 13:07:52,44.91,21500,44.92,D
sh603650,彤程新材,2025-10-09 13:07:55,44.91,7400,44.91,D
sh603650,彤程新材,2025-10-09 13:08:25,44.9,5400,44.9,D
sh603650,彤程新材,2025-10-09 13:08:28,44.91,6000,44.9,U
sh603650,彤程新材,2025-10-09 13:09:34,44.89,10000,44.89,U
sh603650,彤程新材,2025-10-09 13:09:49,44.87,13200,44.89,D
sh603650,彤程新材,2025-10-09 13:10:04,44.9,14500,44.89,U
sh603650,彤程新材,2025-10-09 13:10:07,44.89,6800,44.9,D
sh603650,彤程新材,2025-10-09 13:10:31,44.88,5100,44.88,D
sh603650,彤程新材,2025-10-09 13:10:34,44.88,8700,44.88,D
sh603650,彤程新材,2025-10-09 13:10:40,44.88,5737,44.88,D
sh603650,彤程新材,2025-10-09 13:10:46,44.88,21600,44.88,D
sh603650,彤程新材,2025-10-09 13:10:49,44.9,8200,44.88,U
sh603650,彤程新材,2025-10-09 13:10:55,44.88,7763,44.88,D
sh603650,彤程新材,2025-10-09 13:11:19,44.88,6100,44.88,D
sh603650,彤程新材,2025-10-09 13:11:37,44.88,5200,44.88,D
sh603650,彤程新材,2025-10-09 13:11:40,44.9,9800,44.88,U
sh603650,彤程新材,2025-10-09 13:12:37,44.87,5782,44.88,D
sh603650,彤程新材,2025-10-09 13:12:55,44.78,14200,44.82,D
sh603650,彤程新材,2025-10-09 13:12:58,44.84,9800,44.78,U
sh603650,彤程新材,2025-10-09 13:13:01,44.78,4800,44.84,D
sh603650,彤程新材,2025-10-09 13:13:07,44.78,6000,44.78,U
sh603650,彤程新材,2025-10-09 13:13:10,44.77,6000,44.78,D
sh603650,彤程新材,2025-10-09 13:14:01,44.68,7800,44.68,D
sh603650,彤程新材,2025-10-09 13:14:10,44.68,9000,44.68,D
sh603650,彤程新材,2025-10-09 13:14:25,44.67,4600,44.66,U
sh603650,彤程新材,2025-10-09 13:15:04,44.68,5400,44.66,U
sh603650,彤程新材,2025-10-09 13:15:10,44.68,6400,44.68,D
sh603650,彤程新材,2025-10-09 13:15:28,44.7,24500,44.69,U
sh603650,彤程新材,2025-10-09 13:15:43,44.69,8700,44.7,D
sh603650,彤程新材,2025-10-09 13:17:43,44.79,7500,44.8,D
sh603650,彤程新材,2025-10-09 13:18:49,44.7,6700,44.71,D
sh603650,彤程新材,2025-10-09 13:19:34,44.66,10600,44.66,U
sh603650,彤程新材,2025-10-09 13:19:43,44.64,6500,44.65,D
sh603650,彤程新材,2025-10-09 13:20:01,44.63,5000,44.63,U
sh603650,彤程新材,2025-10-09 13:20:07,44.6,11200,44.62,D
sh603650,彤程新材,2025-10-09 13:20:34,44.58,6700,44.58,D
sh603650,彤程新材,2025-10-09 13:20:46,44.57,8300,44.59,D
sh603650,彤程新材,2025-10-09 13:21:22,44.55,5900,44.55,D
sh603650,彤程新材,2025-10-09 13:21:25,44.55,7700,44.55,D
sh603650,彤程新材,2025-10-09 13:21:28,44.55,8800,44.55,U
sh603650,彤程新材,2025-10-09 13:21:55,44.51,5300,44.51,U
sh603650,彤程新材,2025-10-09 13:22:34,44.57,4900,44.59,D
sh603650,彤程新材,2025-10-09 13:23:10,44.57,5000,44.57,U
sh603650,彤程新材,2025-10-09 13:23:13,44.57,4900,44.57,U
sh603650,彤程新材,2025-10-09 13:24:49,44.64,10300,44.63,U
sh603650,彤程新材,2025-10-09 13:25:40,44.64,5100,44.6,U
sh603650,彤程新材,2025-10-09 13:26:22,44.59,6300,44.62,D
sh603650,彤程新材,2025-10-09 13:27:01,44.59,4600,44.62,D
sh603650,彤程新材,2025-10-09 13:27:13,44.58,5100,44.59,D
sh603650,彤程新材,2025-10-09 13:27:19,44.58,11900,44.58,D
sh603650,彤程新材,2025-10-09 13:28:37,44.6,15800,44.6,U
sh603650,彤程新材,2025-10-09 13:28:43,44.61,6100,44.6,U
sh603650,彤程新材,2025-10-09 13:29:28,44.62,5000,44.62,U
sh603650,彤程新材,2025-10-09 13:29:40,44.59,39100,44.61,D
sh603650,彤程新材,2025-10-09 13:29:58,44.58,5600,44.58,D
sh603650,彤程新材,2025-10-09 13:30:10,44.59,6900,44.59,U
sh603650,彤程新材,2025-10-09 13:30:22,44.52,34900,44.57,D
sh603650,彤程新材,2025-10-09 13:30:25,44.51,5000,44.52,D
sh603650,彤程新材,2025-10-09 13:30:28,44.51,32900,44.51,D
sh603650,彤程新材,2025-10-09 13:30:34,44.51,5300,44.52,D
sh603650,彤程新材,2025-10-09 13:30:40,44.5,16200,44.51,D
sh603650,彤程新材,2025-10-09 13:30:49,44.51,9100,44.51,D
sh603650,彤程新材,2025-10-09 13:31:04,44.51,5000,44.5,U
sh603650,彤程新材,2025-10-09 13:31:07,44.48,18200,44.51,D
sh603650,彤程新材,2025-10-09 13:31:13,44.48,6900,44.48,U
sh603650,彤程新材,2025-10-09 13:31:19,44.46,9300,44.47,D
sh603650,彤程新材,2025-10-09 13:31:25,44.46,4700,44.46,D
sh603650,彤程新材,2025-10-09 13:31:28,44.45,7400,44.46,D
sh603650,彤程新材,2025-10-09 13:31:34,44.46,6800,44.46,U
sh603650,彤程新材,2025-10-09 13:31:40,44.46,5900,44.46,U
sh603650,彤程新材,2025-10-09 13:31:49,44.45,11800,44.46,D
sh603650,彤程新材,2025-10-09 13:31:55,44.45,5900,44.45,U
sh603650,彤程新材,2025-10-09 13:31:58,44.44,5700,44.45,D
sh603650,彤程新材,2025-10-09 13:32:01,44.44,8300,44.44,D
sh603650,彤程新材,2025-10-09 13:32:07,44.44,22800,44.44,U
sh603650,彤程新材,2025-10-09 13:32:25,44.4,8400,44.43,D
sh603650,彤程新材,2025-10-09 13:32:34,44.41,5300,44.4,D
sh603650,彤程新材,2025-10-09 13:32:37,44.41,19600,44.41,U
sh603650,彤程新材,2025-10-09 13:32:40,44.4,5200,44.41,E
sh603650,彤程新材,2025-10-09 13:32:43,44.4,5000,44.4,D
sh603650,彤程新材,2025-10-09 13:32:46,44.38,5700,44.4,D
sh603650,彤程新材,2025-10-09 13:32:52,44.38,11000,44.39,D
sh603650,彤程新材,2025-10-09 13:33:04,44.37,9700,44.37,U
sh603650,彤程新材,2025-10-09 13:33:07,44.37,10600,44.37,U
sh603650,彤程新材,2025-10-09 13:33:10,44.35,5900,44.37,D
sh603650,彤程新材,2025-10-09 13:33:13,44.36,7600,44.35,U
sh603650,彤程新材,2025-10-09 13:33:16,44.36,6600,44.36,U
sh603650,彤程新材,2025-10-09 13:33:19,44.35,5900,44.36,D
sh603650,彤程新材,2025-10-09 13:33:28,44.34,5100,44.35,D
sh603650,彤程新材,2025-10-09 13:33:31,44.34,8400,44.34,D
sh603650,彤程新材,2025-10-09 13:33:34,44.34,6100,44.34,D
sh603650,彤程新材,2025-10-09 13:33:37,44.34,6500,44.34,D
sh603650,彤程新材,2025-10-09 13:33:40,44.34,5500,44.34,D
sh603650,彤程新材,2025-10-09 13:33:43,44.34,7700,44.34,D
sh603650,彤程新材,2025-10-09 13:33:49,44.34,9000,44.34,U
sh603650,彤程新材,2025-10-09 13:33:58,44.33,6600,44.33,D
sh603650,彤程新材,2025-10-09 13:34:04,44.32,12900,44.33,D
sh603650,彤程新材,2025-10-09 13:34:07,44.33,5400,44.32,U
sh603650,彤程新材,2025-10-09 13:34:10,44.33,4800,44.33,U
sh603650,彤程新材,2025-10-09 13:34:13,44.31,23500,44.33,D
sh603650,彤程新材,2025-10-09 13:34:22,44.33,11500,44.33,D
sh603650,彤程新材,2025-10-09 13:34:31,44.32,6200,44.32,D
sh603650,彤程新材,2025-10-09 13:34:37,44.33,5600,44.32,U
sh603650,彤程新材,2025-10-09 13:34:43,44.32,6900,44.33,D
sh603650,彤程新材,2025-10-09 13:35:01,44.32,6500,44.31,U
sh603650,彤程新材,2025-10-09 13:35:07,44.31,5500,44.31,D
sh603650,彤程新材,2025-10-09 13:35:10,44.32,12600,44.31,U
sh603650,彤程新材,2025-10-09 13:35:16,44.33,5400,44.33,U
sh603650,彤程新材,2025-10-09 13:35:34,44.33,4900,44.33,U
sh603650,彤程新材,2025-10-09 13:35:37,44.33,6300,44.33,U
sh603650,彤程新材,2025-10-09 13:35:43,44.33,8500,44.33,U
sh603650,彤程新材,2025-10-09 13:35:49,44.33,7600,44.33,U
sh603650,彤程新材,2025-10-09 13:35:55,44.34,5000,44.34,U
sh603650,彤程新材,2025-10-09 13:36:04,44.35,6400,44.34,U
sh603650,彤程新材,2025-10-09 13:36:40,44.34,19200,44.34,U
sh603650,彤程新材,2025-10-09 13:36:43,44.34,6600,44.34,D
sh603650,彤程新材,2025-10-09 13:36:52,44.35,11400,44.35,U
sh603650,彤程新材,2025-10-09 13:37:01,44.34,6800,44.35,D
sh603650,彤程新材,2025-10-09 13:37:13,44.36,5400,44.35,U
sh603650,彤程新材,2025-10-09 13:37:43,44.4,8800,44.4,U
sh603650,彤程新材,2025-10-09 13:37:49,44.38,7900,44.38,U
sh603650,彤程新材,2025-10-09 13:38:04,44.38,5300,44.39,D
sh603650,彤程新材,2025-10-09 13:38:28,44.38,9800,44.39,D
sh603650,彤程新材,2025-10-09 13:38:34,44.38,18200,44.38,U
sh603650,彤程新材,2025-10-09 13:38:49,44.37,5100,44.37,U
sh603650,彤程新材,2025-10-09 13:38:58,44.35,5800,44.35,D
sh603650,彤程新材,2025-10-09 13:39:49,44.33,5700,44.32,U
sh603650,彤程新材,2025-10-09 13:40:04,44.32,7000,44.31,U
sh603650,彤程新材,2025-10-09 13:40:28,44.32,5900,44.31,U
sh603650,彤程新材,2025-10-09 13:40:34,44.33,15100,44.31,U
sh603650,彤程新材,2025-10-09 13:40:40,44.35,7200,44.33,U
sh603650,彤程新材,2025-10-09 13:40:52,44.31,5800,44.33,D
sh603650,彤程新材,2025-10-09 13:41:13,44.32,5700,44.32,U
sh603650,彤程新材,2025-10-09 13:41:19,44.33,10000,44.33,U
sh603650,彤程新材,2025-10-09 13:41:40,44.3,4600,44.31,D
sh603650,彤程新材,2025-10-09 13:41:46,44.32,6600,44.31,U
sh603650,彤程新材,2025-10-09 13:42:07,44.31,6400,44.3,U
sh603650,彤程新材,2025-10-09 13:42:10,44.3,32700,44.31,D
sh603650,彤程新材,2025-10-09 13:42:13,44.3,7200,44.3,D
sh603650,彤程新材,2025-10-09 13:42:19,44.3,8900,44.31,D
sh603650,彤程新材,2025-10-09 13:42:22,44.3,19500,44.3,D
sh603650,彤程新材,2025-10-09 13:42:25,44.3,22900,44.3,D
sh603650,彤程新材,2025-10-09 13:42:34,44.29,9100,44.29,D
sh603650,彤程新材,2025-10-09 13:42:43,44.28,14500,44.29,D
sh603650,彤程新材,2025-10-09 13:42:46,44.26,9200,44.28,D
sh603650,彤程新材,2025-10-09 13:42:52,44.26,4900,44.28,D
sh603650,彤程新材,2025-10-09 13:42:58,44.24,7302,44.26,D
sh603650,彤程新材,2025-10-09 13:43:01,44.24,5900,44.24,D
sh603650,彤程新材,2025-10-09 13:43:04,44.24,13498,44.24,D
sh603650,彤程新材,2025-10-09 13:43:07,44.24,5800,44.24,D
sh603650,彤程新材,2025-10-09 13:43:13,44.24,9698,44.24,U
sh603650,彤程新材,2025-10-09 13:43:16,44.21,8002,44.24,D
sh603650,彤程新材,2025-10-09 13:43:22,44.21,14000,44.21,U
sh603650,彤程新材,2025-10-09 13:43:25,44.2,16700,44.21,D
sh603650,彤程新材,2025-10-09 13:43:28,44.2,32000,44.2,D
sh603650,彤程新材,2025-10-09 13:43:34,44.19,24300,44.2,D
sh603650,彤程新材,2025-10-09 13:43:49,44.16,4900,44.16,D
sh603650,彤程新材,2025-10-09 13:43:58,44.12,5700,44.13,D
sh603650,彤程新材,2025-10-09 13:44:07,44.09,17700,44.1,D
sh603650,彤程新材,2025-10-09 13:44:10,44.08,5400,44.09,D
sh603650,彤程新材,2025-10-09 13:44:13,44.08,20300,44.08,D
sh603650,彤程新材,2025-10-09 13:44:25,44.02,19400,44.03,D
sh603650,彤程新材,2025-10-09 13:44:28,44.01,7000,44.02,D
sh603650,彤程新材,2025-10-09 13:44:31,44.0,27200,44.01,D
sh603650,彤程新材,2025-10-09 13:44:34,44.01,28200,44.0,E
sh603650,彤程新材,2025-10-09 13:44:37,44.0,18800,44.01,D
sh603650,彤程新材,2025-10-09 13:44:40,43.99,5000,44.0,D
sh603650,彤程新材,2025-10-09 13:44:43,43.96,8500,43.99,D
sh603650,彤程新材,2025-10-09 13:44:46,43.95,10100,43.96,D
sh603650,彤程新材,2025-10-09 13:44:49,43.95,14900,43.95,D
sh603650,彤程新材,2025-10-09 13:44:55,43.85,11400,43.89,D
sh603650,彤程新材,2025-10-09 13:44:58,43.84,7000,43.85,D
sh603650,彤程新材,2025-10-09 13:45:01,43.82,4600,43.84,D
sh603650,彤程新材,2025-10-09 13:45:04,43.78,15200,43.82,D
sh603650,彤程新材,2025-10-09 13:45:10,43.74,13300,43.74,D
sh603650,彤程新材,2025-10-09 13:45:13,43.71,22600,43.74,D
sh603650,彤程新材,2025-10-09 13:45:16,43.76,52900,43.71,U
sh603650,彤程新材,2025-10-09 13:45:19,43.8,24800,43.76,U
sh603650,彤程新材,2025-10-09 13:45:22,43.75,19500,43.8,D
sh603650,彤程新材,2025-10-09 13:45:25,43.76,6900,43.75,U
sh603650,彤程新材,2025-10-09 13:45:28,43.76,24700,43.76,U
sh603650,彤程新材,2025-10-09 13:45:31,43.8,4800,43.76,U
sh603650,彤程新材,2025-10-09 13:45:34,43.8,18100,43.8,U
sh603650,彤程新材,2025-10-09 13:45:40,43.76,18300,43.77,D
sh603650,彤程新材,2025-10-09 13:45:43,43.77,10400,43.76,U
sh603650,彤程新材,2025-10-09 13:45:46,43.75,23800,43.77,D
sh603650,彤程新材,2025-10-09 13:45:49,43.75,5000,43.75,D
sh603650,彤程新材,2025-10-09 13:45:52,43.75,5100,43.75,U
sh603650,彤程新材,2025-10-09 13:45:55,43.74,6000,43.75,D
sh603650,彤程新材,2025-10-09 13:45:58,43.74,12000,43.74,D
sh603650,彤程新材,2025-10-09 13:46:01,43.73,11900,43.74,D
sh603650,彤程新材,2025-10-09 13:46:04,43.73,19700,43.73,D
sh603650,彤程新材,2025-10-09 13:46:10,43.73,17200,43.73,U
sh603650,彤程新材,2025-10-09 13:46:13,43.7,29700,43.73,D
sh603650,彤程新材,2025-10-09 13:46:16,43.7,10400,43.7,D
sh603650,彤程新材,2025-10-09 13:46:19,43.7,7800,43.7,U
sh603650,彤程新材,2025-10-09 13:46:22,43.68,6700,43.7,E
sh603650,彤程新材,2025-10-09 13:46:25,43.65,9300,43.68,D
sh603650,彤程新材,2025-10-09 13:46:28,43.64,7800,43.65,D
sh603650,彤程新材,2025-10-09 13:46:31,43.64,4700,43.64,D
sh603650,彤程新材,2025-10-09 13:46:34,43.62,12200,43.64,D
sh603650,彤程新材,2025-10-09 13:46:37,43.7,46900,43.62,U
sh603650,彤程新材,2025-10-09 13:46:40,43.71,103200,43.7,U
sh603650,彤程新材,2025-10-09 13:46:43,43.68,31800,43.71,D
sh603650,彤程新材,2025-10-09 13:46:46,43.7,5900,43.68,E
sh603650,彤程新材,2025-10-09 13:46:49,43.7,6600,43.7,U
sh603650,彤程新材,2025-10-09 13:46:52,43.69,7800,43.7,D
sh603650,彤程新材,2025-10-09 13:46:55,43.69,13500,43.69,U
sh603650,彤程新材,2025-10-09 13:46:58,43.69,15700,43.69,U
sh603650,彤程新材,2025-10-09 13:47:01,43.69,7800,43.69,U
sh603650,彤程新材,2025-10-09 13:47:07,43.69,13300,43.69,D
sh603650,彤程新材,2025-10-09 13:47:13,43.7,8400,43.69,D
sh603650,彤程新材,2025-10-09 13:47:16,43.69,8000,43.7,D
sh603650,彤程新材,2025-10-09 13:47:19,43.69,12200,43.69,U
sh603650,彤程新材,2025-10-09 13:47:22,43.69,12400,43.69,U
sh603650,彤程新材,2025-10-09 13:47:25,43.68,6700,43.69,D
sh603650,彤程新材,2025-10-09 13:47:28,43.7,10600,43.68,U
sh603650,彤程新材,2025-10-09 13:47:31,43.69,59800,43.7,D
sh603650,彤程新材,2025-10-09 13:47:37,43.68,7500,43.68,D
sh603650,彤程新材,2025-10-09 13:47:40,43.68,7400,43.68,D
sh603650,彤程新材,2025-10-09 13:47:43,43.66,9100,43.68,D
sh603650,彤程新材,2025-10-09 13:47:46,43.68,10000,43.66,U
sh603650,彤程新材,2025-10-09 13:47:49,43.63,30600,43.68,D
sh603650,彤程新材,2025-10-09 13:47:52,43.65,6800,43.63,U
sh603650,彤程新材,2025-10-09 13:47:58,43.62,8600,43.63,D
sh603650,彤程新材,2025-10-09 13:48:04,43.61,8900,43.61,D
sh603650,彤程新材,2025-10-09 13:48:07,43.61,12200,43.61,U
sh603650,彤程新材,2025-10-09 13:48:10,43.6,7000,43.61,D
sh603650,彤程新材,2025-10-09 13:48:13,43.6,7100,43.6,D
sh603650,彤程新材,2025-10-09 13:48:16,43.59,9800,43.6,D
sh603650,彤程新材,2025-10-09 13:48:22,43.58,8000,43.58,D
sh603650,彤程新材,2025-10-09 13:48:25,43.56,5700,43.58,D
sh603650,彤程新材,2025-10-09 13:48:31,43.56,10100,43.55,U
sh603650,彤程新材,2025-10-09 13:48:34,43.56,17200,43.56,U
sh603650,彤程新材,2025-10-09 13:48:37,43.55,13900,43.56,D
sh603650,彤程新材,2025-10-09 13:48:40,43.53,50700,43.55,D
sh603650,彤程新材,2025-10-09 13:48:43,43.53,8700,43.53,D
sh603650,彤程新材,2025-10-09 13:48:46,43.51,12200,43.53,D
sh603650,彤程新材,2025-10-09 13:48:49,43.52,16700,43.51,U
sh603650,彤程新材,2025-10-09 13:48:52,43.52,11100,43.52,U
sh603650,彤程新材,2025-10-09 13:48:55,43.53,41600,43.52,U
sh603650,彤程新材,2025-10-09 13:48:58,43.65,54900,43.53,U
sh603650,彤程新材,2025-10-09 13:49:01,43.68,8100,43.65,U
sh603650,彤程新材,2025-10-09 13:49:07,43.63,4700,43.7,D
sh603650,彤程新材,2025-10-09 13:49:16,43.63,9900,43.68,D
sh603650,彤程新材,2025-10-09 13:49:19,43.68,15300,43.63,U
sh603650,彤程新材,2025-10-09 13:49:25,43.66,6500,43.67,D
sh603650,彤程新材,2025-10-09 13:49:55,43.78,7502,43.8,D
sh603650,彤程新材,2025-10-09 13:49:58,43.82,5198,43.78,U
sh603650,彤程新材,2025-10-09 13:50:01,43.85,11100,43.82,U
sh603650,彤程新材,2025-10-09 13:50:04,43.8,4600,43.85,D
sh603650,彤程新材,2025-10-09 13:50:10,43.88,6400,43.88,U
sh603650,彤程新材,2025-10-09 13:50:19,43.88,6600,43.88,D
sh603650,彤程新材,2025-10-09 13:50:34,43.94,20900,43.94,U
sh603650,彤程新材,2025-10-09 13:50:49,43.95,6300,43.93,U
sh603650,彤程新材,2025-10-09 13:50:52,43.95,6000,43.95,U
sh603650,彤程新材,2025-10-09 13:50:55,43.95,6000,43.95,U
sh603650,彤程新材,2025-10-09 13:51:04,43.95,5300,43.95,U
sh603650,彤程新材,2025-10-09 13:51:07,43.95,5900,43.95,D
sh603650,彤程新材,2025-10-09 13:51:22,43.95,5700,43.95,U
sh603650,彤程新材,2025-10-09 13:51:28,43.98,12100,43.97,U
sh603650,彤程新材,2025-10-09 13:51:43,43.93,13600,43.98,D
sh603650,彤程新材,2025-10-09 13:51:58,43.97,8200,43.95,U
sh603650,彤程新材,2025-10-09 13:52:04,43.98,4800,43.97,U
sh603650,彤程新材,2025-10-09 13:52:07,43.97,7100,43.98,D
sh603650,彤程新材,2025-10-09 13:52:13,43.96,6500,43.95,E
sh603650,彤程新材,2025-10-09 13:52:16,43.95,6800,43.96,D
sh603650,彤程新材,2025-10-09 13:52:19,43.92,10500,43.95,D
sh603650,彤程新材,2025-10-09 13:52:22,43.95,4700,43.92,U
sh603650,彤程新材,2025-10-09 13:52:25,43.95,7100,43.95,U
sh603650,彤程新材,2025-10-09 13:52:43,43.9,8000,43.9,D
sh603650,彤程新材,2025-10-09 13:52:55,43.9,8100,43.9,U
sh603650,彤程新材,2025-10-09 13:53:34,43.8,4800,43.82,D
sh603650,彤程新材,2025-10-09 13:53:37,43.81,15300,43.8,U
sh603650,彤程新材,2025-10-09 13:54:13,43.74,5200,43.73,U
sh603650,彤程新材,2025-10-09 13:54:19,43.71,8500,43.75,D
sh603650,彤程新材,2025-10-09 13:54:28,43.7,4800,43.7,D
sh603650,彤程新材,2025-10-09 13:54:31,43.71,6500,43.7,U
sh603650,彤程新材,2025-10-09 13:54:34,43.71,5200,43.71,D
sh603650,彤程新材,2025-10-09 13:54:37,43.71,19900,43.71,D
sh603650,彤程新材,2025-10-09 13:54:40,43.71,8000,43.71,U
sh603650,彤程新材,2025-10-09 13:54:43,43.71,13500,43.71,D
sh603650,彤程新材,2025-10-09 13:54:49,43.71,5000,43.73,U
sh603650,彤程新材,2025-10-09 13:54:52,43.72,5600,43.71,U
sh603650,彤程新材,2025-10-09 13:55:10,43.7,9400,43.7,D
sh603650,彤程新材,2025-10-09 13:55:13,43.71,13300,43.7,U
sh603650,彤程新材,2025-10-09 13:55:25,43.7,5400,43.7,D
sh603650,彤程新材,2025-10-09 13:55:52,43.67,7000,43.68,D
sh603650,彤程新材,2025-10-09 13:55:55,43.67,4600,43.67,D
sh603650,彤程新材,2025-10-09 13:56:01,43.66,12100,43.67,D
sh603650,彤程新材,2025-10-09 13:56:13,43.63,5200,43.63,D
sh603650,彤程新材,2025-10-09 13:56:16,43.63,7200,43.63,D
sh603650,彤程新材,2025-10-09 13:56:25,43.61,5600,43.62,D
sh603650,彤程新材,2025-10-09 13:56:28,43.62,5900,43.61,U
sh603650,彤程新材,2025-10-09 13:56:37,43.6,8649,43.62,D
sh603650,彤程新材,2025-10-09 13:56:40,43.62,9300,43.6,U
sh603650,彤程新材,2025-10-09 13:56:43,43.61,28600,43.62,D
sh603650,彤程新材,2025-10-09 13:56:49,43.67,52000,43.62,U
sh603650,彤程新材,2025-10-09 13:56:52,43.69,13100,43.67,E
sh603650,彤程新材,2025-10-09 13:56:55,43.75,24600,43.69,U
sh603650,彤程新材,2025-10-09 13:56:58,43.81,14200,43.75,U
sh603650,彤程新材,2025-10-09 13:57:04,43.85,6100,43.85,U
sh603650,彤程新材,2025-10-09 13:57:07,43.85,8000,43.85,D
sh603650,彤程新材,2025-10-09 13:57:10,43.86,5400,43.85,U
sh603650,彤程新材,2025-10-09 13:57:13,43.88,4900,43.86,U
sh603650,彤程新材,2025-10-09 13:57:46,43.86,5400,43.86,U
sh603650,彤程新材,2025-10-09 13:58:13,43.84,7100,43.85,U
sh603650,彤程新材,2025-10-09 13:59:07,43.87,33500,43.83,U
sh603650,彤程新材,2025-10-09 13:59:10,43.92,14800,43.87,U
sh603650,彤程新材,2025-10-09 13:59:40,43.95,5000,43.95,U
sh603650,彤程新材,2025-10-09 13:59:49,43.96,6300,43.95,U
sh603650,彤程新材,2025-10-09 14:00:07,43.96,9700,43.96,D
sh603650,彤程新材,2025-10-09 14:00:31,43.96,4700,43.98,D
sh603650,彤程新材,2025-10-09 14:00:37,43.98,6600,43.98,U
sh603650,彤程新材,2025-10-09 14:00:43,43.99,5700,43.96,U
sh603650,彤程新材,2025-10-09 14:00:55,43.99,10300,43.98,U
sh603650,彤程新材,2025-10-09 14:01:01,43.98,4700,43.99,D
sh603650,彤程新材,2025-10-09 14:01:10,43.99,4900,43.98,U
sh603650,彤程新材,2025-10-09 14:01:13,43.99,5600,43.99,U
sh603650,彤程新材,2025-10-09 14:01:19,43.99,12700,43.99,U
sh603650,彤程新材,2025-10-09 14:01:40,44.03,34900,44.0,U
sh603650,彤程新材,2025-10-09 14:01:43,44.05,4600,44.03,U
sh603650,彤程新材,2025-10-09 14:02:01,44.11,4700,44.1,U
sh603650,彤程新材,2025-10-09 14:02:10,44.14,6500,44.14,U
sh603650,彤程新材,2025-10-09 14:02:22,44.16,5400,44.15,U
sh603650,彤程新材,2025-10-09 14:02:34,44.18,9900,44.17,U
sh603650,彤程新材,2025-10-09 14:02:43,44.1,5600,44.18,D
sh603650,彤程新材,2025-10-09 14:02:58,44.1,13500,44.1,U
sh603650,彤程新材,2025-10-09 14:03:07,44.04,5400,44.08,D
sh603650,彤程新材,2025-10-09 14:03:37,44.0,9500,44.03,D
sh603650,彤程新材,2025-10-09 14:03:49,43.99,8100,43.97,E
sh603650,彤程新材,2025-10-09 14:03:52,44.0,5300,43.99,U
sh603650,彤程新材,2025-10-09 14:04:22,43.95,11100,43.95,D
sh603650,彤程新材,2025-10-09 14:05:04,43.9,29600,43.86,U
sh603650,彤程新材,2025-10-09 14:05:07,43.96,73300,43.9,U
sh603650,彤程新材,2025-10-09 14:05:10,44.03,32900,43.96,U
sh603650,彤程新材,2025-10-09 14:05:13,44.05,15400,44.03,U
sh603650,彤程新材,2025-10-09 14:05:31,44.05,10700,44.06,D
sh603650,彤程新材,2025-10-09 14:05:58,44.07,7900,44.08,D
sh603650,彤程新材,2025-10-09 14:06:01,44.07,6500,44.07,U
sh603650,彤程新材,2025-10-09 14:06:28,44.04,8800,44.05,E
sh603650,彤程新材,2025-10-09 14:06:58,44.05,7700,44.05,U
sh603650,彤程新材,2025-10-09 14:07:16,44.03,6500,44.05,D
sh603650,彤程新材,2025-10-09 14:07:31,44.02,7400,44.02,U
sh603650,彤程新材,2025-10-09 14:07:58,44.0,4900,44.01,D
sh603650,彤程新材,2025-10-09 14:08:10,44.0,8100,44.0,U
sh603650,彤程新材,2025-10-09 14:08:28,44.0,4900,44.0,U
sh603650,彤程新材,2025-10-09 14:09:46,43.98,8900,43.96,U
sh603650,彤程新材,2025-10-09 14:09:49,43.99,6300,43.98,U
sh603650,彤程新材,2025-10-09 14:09:52,43.98,9900,43.99,D
sh603650,彤程新材,2025-10-09 14:10:16,44.0,9000,43.98,U
sh603650,彤程新材,2025-10-09 14:11:13,43.97,4800,43.98,D
sh603650,彤程新材,2025-10-09 14:12:16,43.91,17300,43.92,D
sh603650,彤程新材,2025-10-09 14:12:22,43.94,7900,43.91,U
sh603650,彤程新材,2025-10-09 14:12:25,43.92,8100,43.94,D
sh603650,彤程新材,2025-10-09 14:12:34,43.91,13100,43.94,D
sh603650,彤程新材,2025-10-09 14:12:52,43.91,7900,43.93,D
sh603650,彤程新材,2025-10-09 14:13:46,43.87,7400,43.87,D
sh603650,彤程新材,2025-10-09 14:14:04,43.85,4900,43.85,D
sh603650,彤程新材,2025-10-09 14:14:10,43.81,12200,43.85,D
sh603650,彤程新材,2025-10-09 14:14:31,43.84,11300,43.8,U
sh603650,彤程新材,2025-10-09 14:14:34,43.9,59500,43.84,U
sh603650,彤程新材,2025-10-09 14:15:01,43.9,5500,43.91,D
sh603650,彤程新材,2025-10-09 14:15:19,43.9,13800,43.88,U
sh603650,彤程新材,2025-10-09 14:15:49,43.92,6000,43.92,U
sh603650,彤程新材,2025-10-09 14:15:52,43.91,5000,43.92,D
sh603650,彤程新材,2025-10-09 14:16:19,43.93,9200,43.91,U
sh603650,彤程新材,2025-10-09 14:16:58,43.94,5300,43.94,U
sh603650,彤程新材,2025-10-09 14:17:04,43.95,6200,43.94,U
sh603650,彤程新材,2025-10-09 14:17:07,43.94,4600,43.95,D
sh603650,彤程新材,2025-10-09 14:17:55,43.92,11900,43.96,D
sh603650,彤程新材,2025-10-09 14:18:22,43.92,4800,43.91,U
sh603650,彤程新材,2025-10-09 14:18:34,43.9,5600,43.92,D
sh603650,彤程新材,2025-10-09 14:18:49,43.9,4700,43.9,D
sh603650,彤程新材,2025-10-09 14:19:40,43.84,6500,43.86,D
sh603650,彤程新材,2025-10-09 14:20:01,43.86,6800,43.85,U
sh603650,彤程新材,2025-10-09 14:20:13,43.9,22000,43.86,U
sh603650,彤程新材,2025-10-09 14:20:19,43.82,66800,43.9,D
sh603650,彤程新材,2025-10-09 14:20:22,43.91,26551,43.82,U
sh603650,彤程新材,2025-10-09 14:21:07,43.82,14700,43.83,D
sh603650,彤程新材,2025-10-09 14:21:31,43.81,7200,43.8,U
sh603650,彤程新材,2025-10-09 14:21:34,43.79,8400,43.81,D
sh603650,彤程新材,2025-10-09 14:21:43,43.77,4600,43.78,D
sh603650,彤程新材,2025-10-09 14:21:52,43.74,14500,43.76,D
sh603650,彤程新材,2025-10-09 14:22:16,43.7,14000,43.74,D
sh603650,彤程新材,2025-10-09 14:22:22,43.69,8900,43.7,D
sh603650,彤程新材,2025-10-09 14:22:43,43.66,6000,43.66,D
sh603650,彤程新材,2025-10-09 14:22:46,43.66,9700,43.66,U
sh603650,彤程新材,2025-10-09 14:22:55,43.66,10500,43.64,U
sh603650,彤程新材,2025-10-09 14:22:58,43.66,11923,43.66,U
sh603650,彤程新材,2025-10-09 14:23:04,43.66,11000,43.66,D
sh603650,彤程新材,2025-10-09 14:23:25,43.64,6600,43.64,U
sh603650,彤程新材,2025-10-09 14:23:28,43.62,7477,43.64,D
sh603650,彤程新材,2025-10-09 14:23:37,43.61,12400,43.62,D
sh603650,彤程新材,2025-10-09 14:23:43,43.61,10200,43.61,D
sh603650,彤程新材,2025-10-09 14:23:49,43.6,6600,43.61,D
sh603650,彤程新材,2025-10-09 14:23:52,43.6,23751,43.6,D
sh603650,彤程新材,2025-10-09 14:24:04,43.6,6100,43.6,D
sh603650,彤程新材,2025-10-09 14:24:07,43.59,7300,43.6,D
sh603650,彤程新材,2025-10-09 14:24:13,43.6,5900,43.6,U
sh603650,彤程新材,2025-10-09 14:24:16,43.6,5523,43.6,D
sh603650,彤程新材,2025-10-09 14:24:22,43.6,6400,43.6,U
sh603650,彤程新材,2025-10-09 14:24:25,43.6,13072,43.6,U
sh603650,彤程新材,2025-10-09 14:24:28,43.62,6000,43.6,U
sh603650,彤程新材,2025-10-09 14:24:34,43.61,7700,43.61,U
sh603650,彤程新材,2025-10-09 14:24:43,43.6,9000,43.6,U
sh603650,彤程新材,2025-10-09 14:24:49,43.6,5900,43.61,D
sh603650,彤程新材,2025-10-09 14:24:52,43.6,7400,43.6,D
sh603650,彤程新材,2025-10-09 14:24:55,43.62,15000,43.6,U
sh603650,彤程新材,2025-10-09 14:24:58,43.63,12100,43.62,E
sh603650,彤程新材,2025-10-09 14:25:07,43.7,13400,43.63,U
sh603650,彤程新材,2025-10-09 14:25:13,43.73,5600,43.7,U
sh603650,彤程新材,2025-10-09 14:25:16,43.7,9000,43.73,E
sh603650,彤程新材,2025-10-09 14:25:22,43.67,7400,43.65,U
sh603650,彤程新材,2025-10-09 14:25:25,43.67,5400,43.67,U
sh603650,彤程新材,2025-10-09 14:25:31,43.65,7700,43.67,D
sh603650,彤程新材,2025-10-09 14:25:37,43.65,8000,43.65,U
sh603650,彤程新材,2025-10-09 14:25:43,43.64,7100,43.65,D
sh603650,彤程新材,2025-10-09 14:26:04,43.68,10100,43.69,E
sh603650,彤程新材,2025-10-09 14:26:07,43.69,16300,43.68,U
sh603650,彤程新材,2025-10-09 14:26:10,43.65,5100,43.69,D
sh603650,彤程新材,2025-10-09 14:26:13,43.65,21400,43.65,U
sh603650,彤程新材,2025-10-09 14:26:19,43.64,5900,43.65,D
sh603650,彤程新材,2025-10-09 14:26:25,43.64,4900,43.64,D
sh603650,彤程新材,2025-10-09 14:26:52,43.62,5500,43.61,U
sh603650,彤程新材,2025-10-09 14:26:55,43.61,7300,43.62,D
sh603650,彤程新材,2025-10-09 14:26:58,43.61,11000,43.61,U
sh603650,彤程新材,2025-10-09 14:27:04,43.61,8500,43.61,D
sh603650,彤程新材,2025-10-09 14:27:19,43.61,5100,43.61,U
sh603650,彤程新材,2025-10-09 14:27:22,43.61,6500,43.61,D
sh603650,彤程新材,2025-10-09 14:27:28,43.6,9800,43.61,D
sh603650,彤程新材,2025-10-09 14:27:31,43.6,15100,43.6,D
sh603650,彤程新材,2025-10-09 14:27:43,43.59,8700,43.6,D
sh603650,彤程新材,2025-10-09 14:27:49,43.58,19800,43.59,D
sh603650,彤程新材,2025-10-09 14:27:52,43.59,5500,43.58,U
sh603650,彤程新材,2025-10-09 14:28:07,43.59,8400,43.59,E
sh603650,彤程新材,2025-10-09 14:28:10,43.58,10328,43.59,D
sh603650,彤程新材,2025-10-09 14:28:16,43.57,5200,43.57,D
sh603650,彤程新材,2025-10-09 14:28:22,43.57,5100,43.57,U
sh603650,彤程新材,2025-10-09 14:28:28,43.56,6500,43.57,D
sh603650,彤程新材,2025-10-09 14:28:31,43.56,8100,43.56,D
sh603650,彤程新材,2025-10-09 14:28:40,43.56,7300,43.55,U
sh603650,彤程新材,2025-10-09 14:28:43,43.55,20000,43.56,D
sh603650,彤程新材,2025-10-09 14:28:46,43.55,4700,43.55,U
sh603650,彤程新材,2025-10-09 14:28:49,43.55,10400,43.55,U
sh603650,彤程新材,2025-10-09 14:28:55,43.54,9000,43.54,D
sh603650,彤程新材,2025-10-09 14:28:58,43.54,19800,43.54,D
sh603650,彤程新材,2025-10-09 14:29:01,43.55,5700,43.54,E
sh603650,彤程新材,2025-10-09 14:29:04,43.54,6600,43.55,D
sh603650,彤程新材,2025-10-09 14:29:07,43.56,8500,43.54,U
sh603650,彤程新材,2025-10-09 14:29:10,43.56,6400,43.56,U
sh603650,彤程新材,2025-10-09 14:29:25,43.55,7400,43.55,U
sh603650,彤程新材,2025-10-09 14:29:31,43.54,7500,43.54,U
sh603650,彤程新材,2025-10-09 14:29:37,43.54,4700,43.54,U
sh603650,彤程新材,2025-10-09 14:29:43,43.54,5600,43.54,U
sh603650,彤程新材,2025-10-09 14:29:49,43.54,6800,43.53,U
sh603650,彤程新材,2025-10-09 14:29:55,43.52,6200,43.53,D
sh603650,彤程新材,2025-10-09 14:30:01,43.55,5800,43.53,U
sh603650,彤程新材,2025-10-09 14:30:04,43.54,7200,43.55,E
sh603650,彤程新材,2025-10-09 14:30:13,43.58,12700,43.56,U
sh603650,彤程新材,2025-10-09 14:30:16,43.62,15421,43.58,U
sh603650,彤程新材,2025-10-09 14:30:19,43.7,18800,43.62,U
sh603650,彤程新材,2025-10-09 14:30:22,43.7,12600,43.7,U
sh603650,彤程新材,2025-10-09 14:30:34,43.77,8600,43.76,U
sh603650,彤程新材,2025-10-09 14:30:37,43.74,10100,43.77,D
sh603650,彤程新材,2025-10-09 14:30:55,43.76,5700,43.76,U
sh603650,彤程新材,2025-10-09 14:31:01,43.76,7300,43.78,D
sh603650,彤程新材,2025-10-09 14:31:16,43.76,8500,43.76,D
sh603650,彤程新材,2025-10-09 14:32:13,43.77,4900,43.76,U
sh603650,彤程新材,2025-10-09 14:32:16,43.77,16600,43.77,U
sh603650,彤程新材,2025-10-09 14:32:19,43.78,6700,43.77,U
sh603650,彤程新材,2025-10-09 14:32:22,43.83,52000,43.78,U
sh603650,彤程新材,2025-10-09 14:32:31,43.85,13400,43.85,U
sh603650,彤程新材,2025-10-09 14:32:34,43.86,6800,43.85,U
sh603650,彤程新材,2025-10-09 14:33:13,43.96,16100,43.93,U
sh603650,彤程新材,2025-10-09 14:33:49,43.93,6500,43.92,E
sh603650,彤程新材,2025-10-09 14:34:01,43.94,5200,43.95,D
sh603650,彤程新材,2025-10-09 14:34:04,43.94,9700,43.94,D
sh603650,彤程新材,2025-10-09 14:34:16,43.93,6200,43.94,D
sh603650,彤程新材,2025-10-09 14:34:34,43.9,5600,43.9,D
sh603650,彤程新材,2025-10-09 14:34:37,43.9,7500,43.9,U
sh603650,彤程新材,2025-10-09 14:34:43,43.89,7600,43.9,D
sh603650,彤程新材,2025-10-09 14:35:25,43.87,6900,43.89,D
sh603650,彤程新材,2025-10-09 14:35:49,43.86,5000,43.86,D
sh603650,彤程新材,2025-10-09 14:36:01,43.85,14700,43.86,D
sh603650,彤程新材,2025-10-09 14:36:31,43.78,4700,43.78,D
sh603650,彤程新材,2025-10-09 14:36:58,43.75,4600,43.75,D
sh603650,彤程新材,2025-10-09 14:37:07,43.75,6600,43.74,U
sh603650,彤程新材,2025-10-09 14:37:10,43.74,5400,43.75,D
sh603650,彤程新材,2025-10-09 14:37:19,43.73,7000,43.74,D
sh603650,彤程新材,2025-10-09 14:37:25,43.79,19300,43.77,U
sh603650,彤程新材,2025-10-09 14:37:28,43.8,9800,43.79,U
sh603650,彤程新材,2025-10-09 14:37:34,43.78,8000,43.8,D
sh603650,彤程新材,2025-10-09 14:38:34,43.8,6500,43.86,D
sh603650,彤程新材,2025-10-09 14:39:01,43.84,5600,43.84,U
sh603650,彤程新材,2025-10-09 14:39:22,43.8,7200,43.8,D
sh603650,彤程新材,2025-10-09 14:39:40,43.8,4900,43.8,D
sh603650,彤程新材,2025-10-09 14:39:52,43.76,6900,43.79,D
sh603650,彤程新材,2025-10-09 14:40:25,43.76,33300,43.72,U
sh603650,彤程新材,2025-10-09 14:40:37,43.78,7300,43.78,D
sh603650,彤程新材,2025-10-09 14:40:49,43.79,5000,43.79,U
sh603650,彤程新材,2025-10-09 14:40:52,43.79,7100,43.79,U
sh603650,彤程新材,2025-10-09 14:40:55,43.8,5100,43.79,U
sh603650,彤程新材,2025-10-09 14:41:28,43.78,6551,43.77,U
sh603650,彤程新材,2025-10-09 14:41:37,43.78,12949,43.77,U
sh603650,彤程新材,2025-10-09 14:41:46,43.78,6900,43.78,U
sh603650,彤程新材,2025-10-09 14:41:49,43.78,4900,43.78,U
sh603650,彤程新材,2025-10-09 14:41:52,43.78,16151,43.78,U
sh603650,彤程新材,2025-10-09 14:41:55,43.78,7100,43.78,D
sh603650,彤程新材,2025-10-09 14:41:58,43.78,4600,43.78,D
sh603650,彤程新材,2025-10-09 14:42:01,43.79,11300,43.78,U
sh603650,彤程新材,2025-10-09 14:42:04,43.79,6600,43.79,D
sh603650,彤程新材,2025-10-09 14:42:10,43.8,11000,43.78,U
sh603650,彤程新材,2025-10-09 14:42:22,43.8,10900,43.79,U
sh603650,彤程新材,2025-10-09 14:42:31,43.81,7300,43.8,U
sh603650,彤程新材,2025-10-09 14:42:34,43.8,6000,43.81,D
sh603650,彤程新材,2025-10-09 14:42:40,43.8,6300,43.81,D
sh603650,彤程新材,2025-10-09 14:42:52,43.85,16000,43.8,U
sh603650,彤程新材,2025-10-09 14:43:01,43.85,5100,43.86,D
sh603650,彤程新材,2025-10-09 14:43:37,43.81,5100,43.83,D
sh603650,彤程新材,2025-10-09 14:43:52,43.8,9900,43.8,D
sh603650,彤程新材,2025-10-09 14:44:04,43.78,5700,43.79,D
sh603650,彤程新材,2025-10-09 14:44:16,43.78,5200,43.78,D
sh603650,彤程新材,2025-10-09 14:44:19,43.78,13100,43.78,U
sh603650,彤程新材,2025-10-09 14:44:31,43.8,44300,43.78,U
sh603650,彤程新材,2025-10-09 14:44:40,43.8,5400,43.8,D
sh603650,彤程新材,2025-10-09 14:45:13,43.77,4700,43.76,E
sh603650,彤程新材,2025-10-09 14:45:19,43.76,9800,43.76,D
sh603650,彤程新材,2025-10-09 14:45:40,43.75,14000,43.75,U
sh603650,彤程新材,2025-10-09 14:45:43,43.75,11000,43.75,U
sh603650,彤程新材,2025-10-09 14:45:46,43.75,9400,43.75,D
sh603650,彤程新材,2025-10-09 14:45:49,43.77,5000,43.75,U
sh603650,彤程新材,2025-10-09 14:45:55,43.78,7900,43.77,U
sh603650,彤程新材,2025-10-09 14:45:58,43.78,24400,43.78,U
sh603650,彤程新材,2025-10-09 14:46:01,43.77,8900,43.78,D
sh603650,彤程新材,2025-10-09 14:46:28,43.77,10800,43.77,U
sh603650,彤程新材,2025-10-09 14:46:43,43.78,9200,43.78,D
sh603650,彤程新材,2025-10-09 14:46:46,43.75,14800,43.78,D
sh603650,彤程新材,2025-10-09 14:46:58,43.76,21600,43.77,D
sh603650,彤程新材,2025-10-09 14:47:01,43.75,5600,43.76,D
sh603650,彤程新材,2025-10-09 14:47:04,43.75,5300,43.75,D
sh603650,彤程新材,2025-10-09 14:47:07,43.75,5000,43.75,D
sh603650,彤程新材,2025-10-09 14:47:16,43.74,5100,43.75,D
sh603650,彤程新材,2025-10-09 14:47:19,43.75,11000,43.74,U
sh603650,彤程新材,2025-10-09 14:47:22,43.73,5000,43.75,E
sh603650,彤程新材,2025-10-09 14:47:31,43.71,7200,43.71,D
sh603650,彤程新材,2025-10-09 14:47:37,43.72,17500,43.71,U
sh603650,彤程新材,2025-10-09 14:47:40,43.72,16800,43.72,U
sh603650,彤程新材,2025-10-09 14:47:49,43.71,22300,43.72,D
sh603650,彤程新材,2025-10-09 14:47:52,43.7,8000,43.71,D
sh603650,彤程新材,2025-10-09 14:47:55,43.7,7500,43.7,D
sh603650,彤程新材,2025-10-09 14:48:01,43.69,13900,43.7,D
sh603650,彤程新材,2025-10-09 14:48:04,43.69,5200,43.69,D
sh603650,彤程新材,2025-10-09 14:48:10,43.69,5300,43.69,U
sh603650,彤程新材,2025-10-09 14:48:13,43.72,33700,43.69,U
sh603650,彤程新材,2025-10-09 14:48:16,43.72,29400,43.72,D
sh603650,彤程新材,2025-10-09 14:48:19,43.7,51200,43.72,D
sh603650,彤程新材,2025-10-09 14:48:22,43.71,9800,43.7,E
sh603650,彤程新材,2025-10-09 14:48:34,43.72,4700,43.72,D
sh603650,彤程新材,2025-10-09 14:48:37,43.72,28500,43.72,D
sh603650,彤程新材,2025-10-09 14:48:40,43.7,5100,43.72,D
sh603650,彤程新材,2025-10-09 14:48:52,43.71,8300,43.71,D
sh603650,彤程新材,2025-10-09 14:49:13,43.68,19800,43.68,D
sh603650,彤程新材,2025-10-09 14:49:16,43.68,4900,43.68,D
sh603650,彤程新材,2025-10-09 14:49:22,43.68,6300,43.68,U
sh603650,彤程新材,2025-10-09 14:49:25,43.68,6800,43.68,D
sh603650,彤程新材,2025-10-09 14:49:31,43.68,7900,43.67,U
sh603650,彤程新材,2025-10-09 14:49:34,43.68,6800,43.68,E
sh603650,彤程新材,2025-10-09 14:49:40,43.68,12000,43.68,U
sh603650,彤程新材,2025-10-09 14:49:43,43.68,6600,43.68,D
sh603650,彤程新材,2025-10-09 14:49:49,43.67,5700,43.68,D
sh603650,彤程新材,2025-10-09 14:50:01,43.65,6400,43.66,D
sh603650,彤程新材,2025-10-09 14:50:04,43.63,9400,43.65,D
sh603650,彤程新材,2025-10-09 14:50:19,43.6,45200,43.62,D
sh603650,彤程新材,2025-10-09 14:50:22,43.64,54800,43.6,U
sh603650,彤程新材,2025-10-09 14:50:25,43.65,36800,43.64,U
sh603650,彤程新材,2025-10-09 14:50:28,43.64,12400,43.65,D
sh603650,彤程新材,2025-10-09 14:50:31,43.67,14800,43.64,U
sh603650,彤程新材,2025-10-09 14:50:34,43.66,11400,43.67,D
sh603650,彤程新材,2025-10-09 14:50:37,43.66,5277,43.66,D
sh603650,彤程新材,2025-10-09 14:50:40,43.66,5200,43.66,D
sh603650,彤程新材,2025-10-09 14:50:46,43.68,15900,43.69,E
sh603650,彤程新材,2025-10-09 14:50:49,43.66,5000,43.68,D
sh603650,彤程新材,2025-10-09 14:50:52,43.64,14623,43.66,D
sh603650,彤程新材,2025-10-09 14:50:58,43.65,17477,43.64,U
sh603650,彤程新材,2025-10-09 14:51:01,43.68,12000,43.65,U
sh603650,彤程新材,2025-10-09 14:51:04,43.65,11600,43.68,D
sh603650,彤程新材,2025-10-09 14:51:10,43.68,6400,43.69,D
sh603650,彤程新材,2025-10-09 14:51:16,43.68,9501,43.67,U
sh603650,彤程新材,2025-10-09 14:51:19,43.68,13000,43.68,U
sh603650,彤程新材,2025-10-09 14:51:28,43.67,7000,43.67,D
sh603650,彤程新材,2025-10-09 14:51:34,43.66,4800,43.67,D
sh603650,彤程新材,2025-10-09 14:51:37,43.66,13500,43.66,D
sh603650,彤程新材,2025-10-09 14:51:40,43.66,6300,43.66,U
sh603650,彤程新材,2025-10-09 14:51:43,43.66,5800,43.66,D
sh603650,彤程新材,2025-10-09 14:51:46,43.66,17400,43.66,D
sh603650,彤程新材,2025-10-09 14:51:49,43.66,4700,43.66,U
sh603650,彤程新材,2025-10-09 14:51:52,43.66,4600,43.66,U
sh603650,彤程新材,2025-10-09 14:51:55,43.65,10500,43.66,D
sh603650,彤程新材,2025-10-09 14:51:58,43.65,10000,43.65,U
sh603650,彤程新材,2025-10-09 14:52:01,43.65,6400,43.65,U
sh603650,彤程新材,2025-10-09 14:52:16,43.63,12500,43.65,D
sh603650,彤程新材,2025-10-09 14:52:22,43.64,13100,43.65,D
sh603650,彤程新材,2025-10-09 14:52:25,43.67,27800,43.64,U
sh603650,彤程新材,2025-10-09 14:52:28,43.67,8200,43.67,U
sh603650,彤程新材,2025-10-09 14:52:31,43.68,6300,43.67,U
sh603650,彤程新材,2025-10-09 14:52:34,43.68,7100,43.68,U
sh603650,彤程新材,2025-10-09 14:52:37,43.68,30500,43.68,U
sh603650,彤程新材,2025-10-09 14:52:40,43.69,16400,43.68,U
sh603650,彤程新材,2025-10-09 14:52:43,43.69,17500,43.69,U
sh603650,彤程新材,2025-10-09 14:52:49,43.69,9800,43.69,D
sh603650,彤程新材,2025-10-09 14:52:52,43.68,4600,43.69,D
sh603650,彤程新材,2025-10-09 14:53:04,43.69,7600,43.68,U
sh603650,彤程新材,2025-10-09 14:53:07,43.68,4600,43.69,D
sh603650,彤程新材,2025-10-09 14:53:10,43.68,6500,43.68,D
sh603650,彤程新材,2025-10-09 14:53:16,43.67,13900,43.68,D
sh603650,彤程新材,2025-10-09 14:53:22,43.66,7800,43.67,E
sh603650,彤程新材,2025-10-09 14:53:28,43.66,5300,43.66,D
sh603650,彤程新材,2025-10-09 14:53:31,43.67,8300,43.66,U
sh603650,彤程新材,2025-10-09 14:53:34,43.67,4700,43.67,D
sh603650,彤程新材,2025-10-09 14:53:43,43.66,5000,43.66,U
sh603650,彤程新材,2025-10-09 14:53:46,43.67,5400,43.66,U
sh603650,彤程新材,2025-10-09 14:53:49,43.67,7600,43.67,U
sh603650,彤程新材,2025-10-09 14:53:52,43.67,10300,43.67,U
sh603650,彤程新材,2025-10-09 14:53:55,43.67,10100,43.67,U
sh603650,彤程新材,2025-10-09 14:53:58,43.66,12400,43.67,D
sh603650,彤程新材,2025-10-09 14:54:04,43.67,12100,43.67,D
sh603650,彤程新材,2025-10-09 14:54:07,43.67,17000,43.67,U
sh603650,彤程新材,2025-10-09 14:54:10,43.67,35300,43.67,U
sh603650,彤程新材,2025-10-09 14:54:13,43.67,9600,43.67,E
sh603650,彤程新材,2025-10-09 14:54:16,43.67,7200,43.67,D
sh603650,彤程新材,2025-10-09 14:54:31,43.65,9800,43.65,D
sh603650,彤程新材,2025-10-09 14:54:34,43.65,10600,43.65,D
sh603650,彤程新材,2025-10-09 14:54:37,43.65,7600,43.65,D
sh603650,彤程新材,2025-10-09 14:54:46,43.64,5200,43.64,D
sh603650,彤程新材,2025-10-09 14:54:49,43.64,4700,43.64,D
sh603650,彤程新材,2025-10-09 14:54:58,43.64,5400,43.63,U
sh603650,彤程新材,2025-10-09 14:55:01,43.63,8000,43.64,D
sh603650,彤程新材,2025-10-09 14:55:04,43.62,7400,43.63,D
sh603650,彤程新材,2025-10-09 14:55:10,43.61,17000,43.62,D
sh603650,彤程新材,2025-10-09 14:55:13,43.6,7300,43.61,D
sh603650,彤程新材,2025-10-09 14:55:19,43.6,5800,43.61,D
sh603650,彤程新材,2025-10-09 14:55:22,43.6,18800,43.6,D
sh603650,彤程新材,2025-10-09 14:55:25,43.6,6900,43.6,D
sh603650,彤程新材,2025-10-09 14:55:28,43.58,12900,43.6,D
sh603650,彤程新材,2025-10-09 14:55:31,43.6,33700,43.58,U
sh603650,彤程新材,2025-10-09 14:55:34,43.62,23900,43.6,U
sh603650,彤程新材,2025-10-09 14:55:37,43.65,30000,43.62,U
sh603650,彤程新材,2025-10-09 14:55:40,43.67,7000,43.65,U
sh603650,彤程新材,2025-10-09 14:55:43,43.67,9400,43.67,U
sh603650,彤程新材,2025-10-09 14:55:46,43.67,20100,43.67,U
sh603650,彤程新材,2025-10-09 14:56:01,43.66,13300,43.65,U
sh603650,彤程新材,2025-10-09 14:56:04,43.67,6100,43.66,U
sh603650,彤程新材,2025-10-09 14:56:07,43.65,35000,43.67,D
sh603650,彤程新材,2025-10-09 14:56:10,43.67,23300,43.65,U
sh603650,彤程新材,2025-10-09 14:56:13,43.67,32100,43.67,D
sh603650,彤程新材,2025-10-09 14:56:16,43.67,4800,43.67,U
sh603650,彤程新材,2025-10-09 14:56:19,43.66,8500,43.67,D
sh603650,彤程新材,2025-10-09 14:56:22,43.67,10700,43.66,U
sh603650,彤程新材,2025-10-09 14:56:28,43.65,7800,43.66,D
sh603650,彤程新材,2025-10-09 14:56:31,43.67,9100,43.65,U
sh603650,彤程新材,2025-10-09 14:56:34,43.65,15700,43.67,D
sh603650,彤程新材,2025-10-09 14:56:37,43.65,16300,43.65,D
sh603650,彤程新材,2025-10-09 14:56:40,43.66,5600,43.65,U
sh603650,彤程新材,2025-10-09 14:56:43,43.65,15400,43.66,D
sh603650,彤程新材,2025-10-09 14:56:49,43.65,6100,43.65,U
sh603650,彤程新材,2025-10-09 14:56:52,43.65,7100,43.65,U
sh603650,彤程新材,2025-10-09 14:56:55,43.63,7600,43.65,D
sh603650,彤程新材,2025-10-09 14:57:01,43.54,36500,43.62,D
sh603650,彤程新材,2025-10-09 15:00:00,43.65,347200,43.54,U
