symbol,name,ticktime,price,volume,prev_price,kind
sh603650,彤程新材,2025-09-29 09:25:00,41.92,217800,0.0,U
sh603650,彤程新材,2025-09-29 09:30:02,42.09,17300,41.92,U
sh603650,彤程新材,2025-09-29 09:30:05,42.13,16600,42.09,U
sh603650,彤程新材,2025-09-29 09:30:08,42.13,13700,42.13,D
sh603650,彤程新材,2025-09-29 09:30:11,42.02,21900,42.13,D
sh603650,彤程新材,2025-09-29 09:30:14,42.3,20300,42.02,U
sh603650,彤程新材,2025-09-29 09:30:17,42.16,11100,42.3,D
sh603650,彤程新材,2025-09-29 09:30:20,42.25,14800,42.16,U
sh603650,彤程新材,2025-09-29 09:30:23,42.2,15600,42.25,E
sh603650,彤程新材,2025-09-29 09:30:26,42.28,54200,42.2,U
sh603650,彤程新材,2025-09-29 09:30:29,42.29,16700,42.28,U
sh603650,彤程新材,2025-09-29 09:30:32,42.28,17900,42.29,E
sh603650,彤程新材,2025-09-29 09:30:35,42.17,37600,42.28,D
sh603650,彤程新材,2025-09-29 09:30:38,42.28,24700,42.17,U
sh603650,彤程新材,2025-09-29 09:30:41,42.26,7900,42.28,D
sh603650,彤程新材,2025-09-29 09:30:44,42.28,9500,42.26,U
sh603650,彤程新材,2025-09-29 09:30:47,42.19,28800,42.28,D
sh603650,彤程新材,2025-09-29 09:30:50,42.14,13900,42.19,D
sh603650,彤程新材,2025-09-29 09:30:53,42.2,7700,42.14,U
sh603650,彤程新材,2025-09-29 09:30:56,42.15,45100,42.2,D
sh603650,彤程新材,2025-09-29 09:30:59,42.19,9600,42.15,U
sh603650,彤程新材,2025-09-29 09:31:02,42.27,10300,42.19,E
sh603650,彤程新材,2025-09-29 09:31:05,42.28,8000,42.27,U
sh603650,彤程新材,2025-09-29 09:31:08,42.35,17900,42.28,U
sh603650,彤程新材,2025-09-29 09:31:14,42.3,28700,42.36,E
sh603650,彤程新材,2025-09-29 09:31:17,42.31,13200,42.3,U
sh603650,彤程新材,2025-09-29 09:31:20,42.31,16200,42.31,D
sh603650,彤程新材,2025-09-29 09:31:23,42.34,19900,42.31,U
sh603650,彤程新材,2025-09-29 09:31:26,42.34,13600,42.34,D
sh603650,彤程新材,2025-09-29 09:31:29,42.4,37400,42.34,U
sh603650,彤程新材,2025-09-29 09:31:32,42.4,12900,42.4,D
sh603650,彤程新材,2025-09-29 09:31:35,42.49,40400,42.4,U
sh603650,彤程新材,2025-09-29 09:31:38,42.46,28797,42.49,D
sh603650,彤程新材,2025-09-29 09:31:41,42.58,46400,42.46,U
sh603650,彤程新材,2025-09-29 09:31:44,42.62,13000,42.58,U
sh603650,彤程新材,2025-09-29 09:31:47,42.68,9300,42.62,U
sh603650,彤程新材,2025-09-29 09:31:50,42.7,17300,42.68,U
sh603650,彤程新材,2025-09-29 09:31:56,42.78,19300,42.73,U
sh603650,彤程新材,2025-09-29 09:31:59,42.87,11700,42.78,U
sh603650,彤程新材,2025-09-29 09:32:02,42.9,47800,42.87,U
sh603650,彤程新材,2025-09-29 09:32:05,42.96,42300,42.9,U
sh603650,彤程新材,2025-09-29 09:32:08,42.96,44700,42.96,U
sh603650,彤程新材,2025-09-29 09:32:11,42.95,43100,42.96,D
sh603650,彤程新材,2025-09-29 09:32:14,42.96,53900,42.95,U
sh603650,彤程新材,2025-09-29 09:32:17,42.89,53500,42.96,D
sh603650,彤程新材,2025-09-29 09:32:20,42.94,49900,42.89,E
sh603650,彤程新材,2025-09-29 09:32:23,42.97,34300,42.94,U
sh603650,彤程新材,2025-09-29 09:32:26,43.02,61000,42.97,U
sh603650,彤程新材,2025-09-29 09:32:29,43.0,12900,43.02,E
sh603650,彤程新材,2025-09-29 09:32:32,43.0,27000,43.0,E
sh603650,彤程新材,2025-09-29 09:32:35,43.0,33000,43.0,U
sh603650,彤程新材,2025-09-29 09:32:38,43.03,16700,43.0,U
sh603650,彤程新材,2025-09-29 09:32:41,43.04,48100,43.03,U
sh603650,彤程新材,2025-09-29 09:32:44,42.95,71900,43.04,D
sh603650,彤程新材,2025-09-29 09:32:47,42.99,14900,42.95,U
sh603650,彤程新材,2025-09-29 09:32:50,42.89,10200,42.99,D
sh603650,彤程新材,2025-09-29 09:32:53,42.81,17400,42.89,D
sh603650,彤程新材,2025-09-29 09:32:56,42.8,14900,42.81,D
sh603650,彤程新材,2025-09-29 09:32:59,42.74,24100,42.8,D
sh603650,彤程新材,2025-09-29 09:33:02,42.74,18500,42.74,U
sh603650,彤程新材,2025-09-29 09:33:05,42.71,22800,42.74,D
sh603650,彤程新材,2025-09-29 09:33:08,42.7,26000,42.71,D
sh603650,彤程新材,2025-09-29 09:33:11,42.68,15300,42.7,E
sh603650,彤程新材,2025-09-29 09:33:14,42.63,23800,42.68,E
sh603650,彤程新材,2025-09-29 09:33:17,42.59,36500,42.63,D
sh603650,彤程新材,2025-09-29 09:33:20,42.58,28100,42.59,D
sh603650,彤程新材,2025-09-29 09:33:23,42.5,8300,42.58,D
sh603650,彤程新材,2025-09-29 09:33:26,42.48,5500,42.5,D
sh603650,彤程新材,2025-09-29 09:33:29,42.46,15600,42.48,D
sh603650,彤程新材,2025-09-29 09:33:32,42.46,21600,42.46,D
sh603650,彤程新材,2025-09-29 09:33:35,42.4,23203,42.46,D
sh603650,彤程新材,2025-09-29 09:33:38,42.4,15100,42.4,D
sh603650,彤程新材,2025-09-29 09:33:41,42.32,11400,42.4,D
sh603650,彤程新材,2025-09-29 09:33:44,42.32,9100,42.32,D
sh603650,彤程新材,2025-09-29 09:33:47,42.3,7600,42.32,D
sh603650,彤程新材,2025-09-29 09:33:50,42.31,28600,42.3,U
sh603650,彤程新材,2025-09-29 09:33:53,42.4,77200,42.31,U
sh603650,彤程新材,2025-09-29 09:33:56,42.31,54900,42.4,D
sh603650,彤程新材,2025-09-29 09:33:59,42.39,5700,42.31,U
sh603650,彤程新材,2025-09-29 09:34:02,42.39,20800,42.39,U
sh603650,彤程新材,2025-09-29 09:34:05,42.4,20700,42.39,U
sh603650,彤程新材,2025-09-29 09:34:08,42.4,11900,42.4,E
sh603650,彤程新材,2025-09-29 09:34:11,42.39,9700,42.4,D
sh603650,彤程新材,2025-09-29 09:34:14,42.4,22500,42.39,U
sh603650,彤程新材,2025-09-29 09:34:17,42.39,7900,42.4,D
sh603650,彤程新材,2025-09-29 09:34:20,42.39,13600,42.39,D
sh603650,彤程新材,2025-09-29 09:34:23,42.38,15300,42.39,D
sh603650,彤程新材,2025-09-29 09:34:26,42.35,36000,42.38,D
sh603650,彤程新材,2025-09-29 09:34:29,42.32,8300,42.35,U
sh603650,彤程新材,2025-09-29 09:34:32,42.38,13100,42.32,U
sh603650,彤程新材,2025-09-29 09:34:35,42.35,12500,42.38,D
sh603650,彤程新材,2025-09-29 09:34:38,42.36,8100,42.35,U
sh603650,彤程新材,2025-09-29 09:34:41,42.3,11400,42.36,D
sh603650,彤程新材,2025-09-29 09:34:44,42.27,9400,42.3,D
sh603650,彤程新材,2025-09-29 09:34:47,42.28,6100,42.27,U
sh603650,彤程新材,2025-09-29 09:34:56,42.25,6500,42.25,D
sh603650,彤程新材,2025-09-29 09:34:59,42.21,9900,42.25,D
sh603650,彤程新材,2025-09-29 09:35:02,42.2,5100,42.21,D
sh603650,彤程新材,2025-09-29 09:35:05,42.2,18300,42.2,D
sh603650,彤程新材,2025-09-29 09:35:11,42.18,11600,42.19,U
sh603650,彤程新材,2025-09-29 09:35:14,42.2,15400,42.18,U
sh603650,彤程新材,2025-09-29 09:35:17,42.2,18700,42.2,U
sh603650,彤程新材,2025-09-29 09:35:20,42.2,17200,42.2,D
sh603650,彤程新材,2025-09-29 09:35:23,42.2,17800,42.2,E
sh603650,彤程新材,2025-09-29 09:35:26,42.21,24800,42.2,U
sh603650,彤程新材,2025-09-29 09:35:32,42.2,7900,42.28,D
sh603650,彤程新材,2025-09-29 09:35:35,42.2,5600,42.2,D
sh603650,彤程新材,2025-09-29 09:35:38,42.21,9400,42.2,U
sh603650,彤程新材,2025-09-29 09:35:41,42.25,5700,42.21,U
sh603650,彤程新材,2025-09-29 09:35:44,42.25,14400,42.25,U
sh603650,彤程新材,2025-09-29 09:35:47,42.25,8100,42.25,D
sh603650,彤程新材,2025-09-29 09:35:53,42.28,5600,42.28,D
sh603650,彤程新材,2025-09-29 09:36:02,42.28,20100,42.31,D
sh603650,彤程新材,2025-09-29 09:36:05,42.28,11900,42.28,D
sh603650,彤程新材,2025-09-29 09:36:08,42.31,17800,42.28,U
sh603650,彤程新材,2025-09-29 09:36:11,42.3,5100,42.31,E
sh603650,彤程新材,2025-09-29 09:36:17,42.28,11300,42.31,D
sh603650,彤程新材,2025-09-29 09:36:20,42.29,5700,42.28,U
sh603650,彤程新材,2025-09-29 09:36:23,42.3,23600,42.29,U
sh603650,彤程新材,2025-09-29 09:36:26,42.28,5800,42.3,E
sh603650,彤程新材,2025-09-29 09:36:29,42.29,12300,42.28,U
sh603650,彤程新材,2025-09-29 09:36:32,42.28,5700,42.29,U
sh603650,彤程新材,2025-09-29 09:36:38,42.28,6000,42.28,D
sh603650,彤程新材,2025-09-29 09:36:41,42.26,4800,42.28,D
sh603650,彤程新材,2025-09-29 09:36:44,42.26,7800,42.26,D
sh603650,彤程新材,2025-09-29 09:36:47,42.27,37600,42.26,U
sh603650,彤程新材,2025-09-29 09:36:50,42.31,64500,42.27,U
sh603650,彤程新材,2025-09-29 09:36:53,42.27,20300,42.31,D
sh603650,彤程新材,2025-09-29 09:36:56,42.35,9500,42.27,U
sh603650,彤程新材,2025-09-29 09:37:02,42.27,12400,42.31,D
sh603650,彤程新材,2025-09-29 09:37:05,42.29,24200,42.27,U
sh603650,彤程新材,2025-09-29 09:37:08,42.25,50700,42.29,D
sh603650,彤程新材,2025-09-29 09:37:11,42.22,5400,42.25,E
sh603650,彤程新材,2025-09-29 09:37:14,42.2,20300,42.22,D
sh603650,彤程新材,2025-09-29 09:37:17,42.19,5200,42.2,D
sh603650,彤程新材,2025-09-29 09:37:20,42.16,8300,42.19,D
sh603650,彤程新材,2025-09-29 09:37:23,42.2,37800,42.16,U
sh603650,彤程新材,2025-09-29 09:37:26,42.16,36200,42.2,D
sh603650,彤程新材,2025-09-29 09:37:29,42.16,26900,42.16,D
sh603650,彤程新材,2025-09-29 09:37:32,42.28,29400,42.16,U
sh603650,彤程新材,2025-09-29 09:37:35,42.3,12800,42.28,U
sh603650,彤程新材,2025-09-29 09:37:38,42.25,6700,42.3,E
sh603650,彤程新材,2025-09-29 09:37:44,42.27,7500,42.24,U
sh603650,彤程新材,2025-09-29 09:37:50,42.27,7500,42.27,U
sh603650,彤程新材,2025-09-29 09:37:59,42.24,11000,42.21,U
sh603650,彤程新材,2025-09-29 09:38:02,42.3,19800,42.24,U
sh603650,彤程新材,2025-09-29 09:38:05,42.35,27500,42.3,U
sh603650,彤程新材,2025-09-29 09:38:08,42.4,27900,42.35,U
sh603650,彤程新材,2025-09-29 09:38:11,42.29,12300,42.4,D
sh603650,彤程新材,2025-09-29 09:38:20,42.42,14922,42.38,U
sh603650,彤程新材,2025-09-29 09:38:23,42.41,7300,42.42,U
sh603650,彤程新材,2025-09-29 09:38:32,42.5,28200,42.46,U
sh603650,彤程新材,2025-09-29 09:38:35,42.5,25300,42.5,U
sh603650,彤程新材,2025-09-29 09:38:38,42.5,4800,42.5,U
sh603650,彤程新材,2025-09-29 09:38:41,42.5,10800,42.5,U
sh603650,彤程新材,2025-09-29 09:38:44,42.52,29800,42.5,U
sh603650,彤程新材,2025-09-29 09:38:47,42.5,20000,42.52,D
sh603650,彤程新材,2025-09-29 09:38:50,42.49,9400,42.5,E
sh603650,彤程新材,2025-09-29 09:38:53,42.5,11600,42.49,U
sh603650,彤程新材,2025-09-29 09:38:59,42.43,6200,42.44,U
sh603650,彤程新材,2025-09-29 09:39:02,42.42,34000,42.43,D
sh603650,彤程新材,2025-09-29 09:39:05,42.37,25300,42.42,D
sh603650,彤程新材,2025-09-29 09:39:11,42.36,8600,42.37,E
sh603650,彤程新材,2025-09-29 09:39:14,42.35,31278,42.36,D
sh603650,彤程新材,2025-09-29 09:39:17,42.25,6100,42.35,D
sh603650,彤程新材,2025-09-29 09:39:20,42.28,15100,42.25,U
sh603650,彤程新材,2025-09-29 09:39:23,42.2,53300,42.28,D
sh603650,彤程新材,2025-09-29 09:39:26,42.21,10200,42.2,U
sh603650,彤程新材,2025-09-29 09:39:35,42.15,6000,42.15,D
sh603650,彤程新材,2025-09-29 09:39:38,42.15,7400,42.15,D
sh603650,彤程新材,2025-09-29 09:39:41,42.15,8400,42.15,U
sh603650,彤程新材,2025-09-29 09:39:47,42.11,7700,42.11,D
sh603650,彤程新材,2025-09-29 09:39:50,42.1,9700,42.11,D
sh603650,彤程新材,2025-09-29 09:39:53,42.1,10700,42.1,D
sh603650,彤程新材,2025-09-29 09:39:59,42.1,17700,42.1,U
sh603650,彤程新材,2025-09-29 09:40:02,42.28,39800,42.1,U
sh603650,彤程新材,2025-09-29 09:40:05,42.16,11100,42.28,D
sh603650,彤程新材,2025-09-29 09:40:08,42.16,6000,42.16,D
sh603650,彤程新材,2025-09-29 09:40:11,42.13,15500,42.16,D
sh603650,彤程新材,2025-09-29 09:40:17,42.13,4800,42.13,U
sh603650,彤程新材,2025-09-29 09:40:20,42.12,11500,42.13,E
sh603650,彤程新材,2025-09-29 09:40:23,42.11,6800,42.12,D
sh603650,彤程新材,2025-09-29 09:40:29,42.1,8000,42.1,D
sh603650,彤程新材,2025-09-29 09:40:32,42.1,8000,42.1,U
sh603650,彤程新材,2025-09-29 09:40:35,42.03,9100,42.1,D
sh603650,彤程新材,2025-09-29 09:40:44,42.08,5800,42.06,E
sh603650,彤程新材,2025-09-29 09:40:47,42.08,7300,42.08,U
sh603650,彤程新材,2025-09-29 09:40:53,42.06,9300,42.03,U
sh603650,彤程新材,2025-09-29 09:40:56,42.06,5700,42.06,D
sh603650,彤程新材,2025-09-29 09:40:59,42.03,19000,42.06,D
sh603650,彤程新材,2025-09-29 09:41:02,42.04,13500,42.03,E
sh603650,彤程新材,2025-09-29 09:41:08,42.08,34600,42.04,U
sh603650,彤程新材,2025-09-29 09:41:14,42.12,25200,42.11,U
sh603650,彤程新材,2025-09-29 09:41:17,42.13,6900,42.12,U
sh603650,彤程新材,2025-09-29 09:41:20,42.16,5100,42.13,U
sh603650,彤程新材,2025-09-29 09:41:23,42.15,5200,42.16,D
sh603650,彤程新材,2025-09-29 09:41:26,42.22,16300,42.15,E
sh603650,彤程新材,2025-09-29 09:41:29,42.16,4800,42.22,D
sh603650,彤程新材,2025-09-29 09:41:38,42.2,7400,42.14,U
sh603650,彤程新材,2025-09-29 09:41:53,42.16,12500,42.19,D
sh603650,彤程新材,2025-09-29 09:41:56,42.19,5600,42.16,U
sh603650,彤程新材,2025-09-29 09:42:02,42.16,6600,42.16,D
sh603650,彤程新材,2025-09-29 09:42:05,42.13,30900,42.16,D
sh603650,彤程新材,2025-09-29 09:42:08,42.11,9900,42.13,D
sh603650,彤程新材,2025-09-29 09:42:14,42.11,5300,42.12,E
sh603650,彤程新材,2025-09-29 09:42:20,42.12,8500,42.08,U
sh603650,彤程新材,2025-09-29 09:42:23,42.09,10500,42.12,D
sh603650,彤程新材,2025-09-29 09:42:26,42.09,8100,42.09,U
sh603650,彤程新材,2025-09-29 09:42:35,42.16,26300,42.11,U
sh603650,彤程新材,2025-09-29 09:42:44,42.24,28100,42.2,U
sh603650,彤程新材,2025-09-29 09:42:47,42.15,24900,42.24,D
sh603650,彤程新材,2025-09-29 09:42:50,42.25,8800,42.15,U
sh603650,彤程新材,2025-09-29 09:43:05,42.29,6700,42.24,U
sh603650,彤程新材,2025-09-29 09:43:14,42.2,13600,42.21,D
sh603650,彤程新材,2025-09-29 09:43:17,42.13,31800,42.2,D
sh603650,彤程新材,2025-09-29 09:43:20,42.09,6700,42.13,D
sh603650,彤程新材,2025-09-29 09:43:26,42.1,26900,42.1,U
sh603650,彤程新材,2025-09-29 09:43:29,42.1,6600,42.1,U
sh603650,彤程新材,2025-09-29 09:43:38,42.1,10700,42.1,D
sh603650,彤程新材,2025-09-29 09:43:41,42.09,8300,42.1,D
sh603650,彤程新材,2025-09-29 09:43:44,42.06,16100,42.09,D
sh603650,彤程新材,2025-09-29 09:43:47,42.09,9500,42.06,U
sh603650,彤程新材,2025-09-29 09:43:53,42.09,7500,42.09,U
sh603650,彤程新材,2025-09-29 09:43:56,42.02,5900,42.09,D
sh603650,彤程新材,2025-09-29 09:43:59,42.0,12700,42.02,D
sh603650,彤程新材,2025-09-29 09:44:11,42.0,29300,42.0,D
sh603650,彤程新材,2025-09-29 09:44:14,42.0,8700,42.0,D
sh603650,彤程新材,2025-09-29 09:44:17,42.02,17600,42.0,U
sh603650,彤程新材,2025-09-29 09:44:20,42.01,4800,42.02,E
sh603650,彤程新材,2025-09-29 09:44:23,42.05,11100,42.01,U
sh603650,彤程新材,2025-09-29 09:44:35,41.99,6000,42.0,D
sh603650,彤程新材,2025-09-29 09:44:38,41.99,11100,41.99,U
sh603650,彤程新材,2025-09-29 09:44:41,41.96,7200,41.99,D
sh603650,彤程新材,2025-09-29 09:44:47,41.95,15700,41.96,D
sh603650,彤程新材,2025-09-29 09:44:50,41.93,5000,41.95,D
sh603650,彤程新材,2025-09-29 09:44:53,41.94,16200,41.93,E
sh603650,彤程新材,2025-09-29 09:44:56,41.93,28800,41.94,D
sh603650,彤程新材,2025-09-29 09:45:02,41.97,84800,41.92,U
sh603650,彤程新材,2025-09-29 09:45:05,41.94,51800,41.97,D
sh603650,彤程新材,2025-09-29 09:45:08,41.94,7300,41.94,D
sh603650,彤程新材,2025-09-29 09:45:11,41.92,29500,41.94,D
sh603650,彤程新材,2025-09-29 09:45:14,41.92,30200,41.92,U
sh603650,彤程新材,2025-09-29 09:45:17,41.93,6300,41.92,U
sh603650,彤程新材,2025-09-29 09:45:20,41.93,14000,41.93,U
sh603650,彤程新材,2025-09-29 09:45:23,41.95,11500,41.93,U
sh603650,彤程新材,2025-09-29 09:45:26,41.92,6700,41.95,D
sh603650,彤程新材,2025-09-29 09:45:29,41.93,6400,41.92,U
sh603650,彤程新材,2025-09-29 09:45:32,41.93,7800,41.93,D
sh603650,彤程新材,2025-09-29 09:45:35,41.92,8800,41.93,D
sh603650,彤程新材,2025-09-29 09:45:38,41.92,19100,41.92,D
sh603650,彤程新材,2025-09-29 09:45:44,41.92,5300,41.95,U
sh603650,彤程新材,2025-09-29 09:45:47,41.93,6600,41.92,U
sh603650,彤程新材,2025-09-29 09:45:50,41.92,9400,41.93,D
sh603650,彤程新材,2025-09-29 09:45:59,42.02,35700,41.97,U
sh603650,彤程新材,2025-09-29 09:46:02,42.1,10100,42.02,U
sh603650,彤程新材,2025-09-29 09:46:05,42.12,6100,42.1,U
sh603650,彤程新材,2025-09-29 09:46:08,42.04,6800,42.12,D
sh603650,彤程新材,2025-09-29 09:46:17,42.02,14400,42.02,E
sh603650,彤程新材,2025-09-29 09:46:20,42.02,18900,42.02,D
sh603650,彤程新材,2025-09-29 09:46:23,41.99,11900,42.02,E
sh603650,彤程新材,2025-09-29 09:46:32,41.93,5800,41.98,D
sh603650,彤程新材,2025-09-29 09:46:38,41.91,23000,41.93,D
sh603650,彤程新材,2025-09-29 09:46:41,41.91,8500,41.91,D
sh603650,彤程新材,2025-09-29 09:46:44,41.9,7500,41.91,D
sh603650,彤程新材,2025-09-29 09:46:47,41.89,5100,41.9,D
sh603650,彤程新材,2025-09-29 09:46:56,41.83,6200,41.86,D
sh603650,彤程新材,2025-09-29 09:47:02,41.81,7300,41.86,D
sh603650,彤程新材,2025-09-29 09:47:05,41.8,19400,41.81,D
sh603650,彤程新材,2025-09-29 09:47:08,41.8,13900,41.8,U
sh603650,彤程新材,2025-09-29 09:47:11,41.81,59200,41.8,U
sh603650,彤程新材,2025-09-29 09:47:14,41.82,19500,41.81,D
sh603650,彤程新材,2025-09-29 09:47:17,41.8,16800,41.82,D
sh603650,彤程新材,2025-09-29 09:47:20,41.8,12300,41.8,D
sh603650,彤程新材,2025-09-29 09:47:23,41.82,6200,41.8,U
sh603650,彤程新材,2025-09-29 09:47:26,41.8,10200,41.82,D
sh603650,彤程新材,2025-09-29 09:47:29,41.8,24100,41.8,D
sh603650,彤程新材,2025-09-29 09:47:32,41.8,10000,41.8,U
sh603650,彤程新材,2025-09-29 09:47:38,41.78,35300,41.73,U
sh603650,彤程新材,2025-09-29 09:47:41,41.73,11100,41.78,D
sh603650,彤程新材,2025-09-29 09:47:44,41.73,11000,41.73,D
sh603650,彤程新材,2025-09-29 09:47:47,41.73,37100,41.73,E
sh603650,彤程新材,2025-09-29 09:47:50,41.73,24700,41.73,D
sh603650,彤程新材,2025-09-29 09:47:53,41.82,20800,41.73,U
sh603650,彤程新材,2025-09-29 09:47:56,41.73,10200,41.82,D
sh603650,彤程新材,2025-09-29 09:47:59,41.73,24800,41.73,U
sh603650,彤程新材,2025-09-29 09:48:02,41.78,8400,41.73,E
sh603650,彤程新材,2025-09-29 09:48:08,41.78,16800,41.8,D
sh603650,彤程新材,2025-09-29 09:48:14,41.78,8100,41.8,D
sh603650,彤程新材,2025-09-29 09:48:17,41.8,5300,41.78,D
sh603650,彤程新材,2025-09-29 09:48:20,41.89,8300,41.8,U
sh603650,彤程新材,2025-09-29 09:48:23,41.8,11800,41.89,D
sh603650,彤程新材,2025-09-29 09:48:29,41.89,21500,41.75,U
sh603650,彤程新材,2025-09-29 09:48:32,41.8,14800,41.89,D
sh603650,彤程新材,2025-09-29 09:48:38,41.89,6900,41.81,U
sh603650,彤程新材,2025-09-29 09:48:44,41.89,17900,41.87,U
sh603650,彤程新材,2025-09-29 09:48:47,41.88,16500,41.89,D
sh603650,彤程新材,2025-09-29 09:48:50,41.91,21200,41.88,U
sh603650,彤程新材,2025-09-29 09:48:56,41.9,22100,41.9,E
sh603650,彤程新材,2025-09-29 09:48:59,41.89,5800,41.9,D
sh603650,彤程新材,2025-09-29 09:49:20,41.93,30200,41.87,U
sh603650,彤程新材,2025-09-29 09:49:23,41.95,35900,41.93,U
sh603650,彤程新材,2025-09-29 09:49:29,41.99,8500,41.95,U
sh603650,彤程新材,2025-09-29 09:49:38,42.01,6600,42.01,U
sh603650,彤程新材,2025-09-29 09:49:41,42.01,5300,42.01,D
sh603650,彤程新材,2025-09-29 09:49:53,42.02,23100,42.02,U
sh603650,彤程新材,2025-09-29 09:49:59,42.05,17100,42.08,D
sh603650,彤程新材,2025-09-29 09:50:02,42.05,8000,42.05,D
sh603650,彤程新材,2025-09-29 09:50:05,42.04,14800,42.05,E
sh603650,彤程新材,2025-09-29 09:50:11,42.0,9400,42.04,D
sh603650,彤程新材,2025-09-29 09:50:20,41.92,8900,41.95,D
sh603650,彤程新材,2025-09-29 09:50:56,41.94,6200,41.92,U
sh603650,彤程新材,2025-09-29 09:51:02,41.94,17500,41.92,U
sh603650,彤程新材,2025-09-29 09:51:05,41.95,5000,41.94,U
sh603650,彤程新材,2025-09-29 09:51:08,41.98,5500,41.95,U
sh603650,彤程新材,2025-09-29 09:51:11,41.96,6000,41.98,D
sh603650,彤程新材,2025-09-29 09:51:14,42.0,4900,41.96,U
sh603650,彤程新材,2025-09-29 09:51:29,42.01,26400,42.0,E
sh603650,彤程新材,2025-09-29 09:51:38,41.99,13600,41.99,U
sh603650,彤程新材,2025-09-29 09:51:47,41.98,6300,41.98,U
sh603650,彤程新材,2025-09-29 09:51:50,41.96,10700,41.98,D
sh603650,彤程新材,2025-09-29 09:52:02,42.0,15400,41.98,U
sh603650,彤程新材,2025-09-29 09:52:05,42.0,7800,42.0,D
sh603650,彤程新材,2025-09-29 09:52:20,41.94,17100,41.98,D
sh603650,彤程新材,2025-09-29 09:52:23,41.9,15400,41.94,D
sh603650,彤程新材,2025-09-29 09:52:26,41.9,8800,41.9,D
sh603650,彤程新材,2025-09-29 09:52:29,41.86,66300,41.9,D
sh603650,彤程新材,2025-09-29 09:52:32,41.84,9900,41.86,D
sh603650,彤程新材,2025-09-29 09:52:47,41.81,6400,41.83,D
sh603650,彤程新材,2025-09-29 09:52:56,41.9,16900,41.81,U
sh603650,彤程新材,2025-09-29 09:52:59,41.9,11600,41.9,D
sh603650,彤程新材,2025-09-29 09:53:08,41.9,5800,41.92,D
sh603650,彤程新材,2025-09-29 09:53:11,41.92,6900,41.9,U
sh603650,彤程新材,2025-09-29 09:53:20,41.92,21700,41.9,U
sh603650,彤程新材,2025-09-29 09:53:41,41.85,9700,41.85,U
sh603650,彤程新材,2025-09-29 09:53:56,41.84,16000,41.82,U
sh603650,彤程新材,2025-09-29 09:53:59,41.88,25700,41.84,U
sh603650,彤程新材,2025-09-29 09:54:14,41.88,5800,41.9,D
sh603650,彤程新材,2025-09-29 09:54:17,41.85,6300,41.88,D
sh603650,彤程新材,2025-09-29 09:54:29,41.85,5200,41.85,D
sh603650,彤程新材,2025-09-29 09:54:32,41.85,6800,41.85,U
sh603650,彤程新材,2025-09-29 09:54:47,41.84,5400,41.85,D
sh603650,彤程新材,2025-09-29 09:54:50,41.84,6700,41.84,D
sh603650,彤程新材,2025-09-29 09:54:53,41.83,36500,41.84,D
sh603650,彤程新材,2025-09-29 09:54:56,41.86,15000,41.83,U
sh603650,彤程新材,2025-09-29 09:54:59,41.84,7000,41.86,D
sh603650,彤程新材,2025-09-29 09:55:02,41.86,7200,41.84,U
sh603650,彤程新材,2025-09-29 09:55:05,41.86,5700,41.86,U
sh603650,彤程新材,2025-09-29 09:55:20,41.87,6700,41.85,U
sh603650,彤程新材,2025-09-29 09:55:26,41.87,10700,41.87,U
sh603650,彤程新材,2025-09-29 09:55:38,41.88,7400,41.87,U
sh603650,彤程新材,2025-09-29 09:55:50,41.87,6500,41.86,U
sh603650,彤程新材,2025-09-29 09:55:59,41.87,8200,41.86,U
sh603650,彤程新材,2025-09-29 09:56:17,41.83,6100,41.84,D
sh603650,彤程新材,2025-09-29 09:56:26,41.84,6400,41.84,D
sh603650,彤程新材,2025-09-29 09:56:29,41.83,24293,41.84,D
sh603650,彤程新材,2025-09-29 09:56:35,41.83,11300,41.82,U
sh603650,彤程新材,2025-09-29 09:56:41,41.83,8000,41.83,U
sh603650,彤程新材,2025-09-29 09:56:44,41.83,5300,41.83,U
sh603650,彤程新材,2025-09-29 09:56:59,41.9,12407,41.84,U
sh603650,彤程新材,2025-09-29 09:57:05,41.87,20500,41.91,D
sh603650,彤程新材,2025-09-29 09:57:29,41.81,50800,41.87,D
sh603650,彤程新材,2025-09-29 09:57:32,41.79,5000,41.81,D
sh603650,彤程新材,2025-09-29 09:57:38,41.81,10100,41.81,U
sh603650,彤程新材,2025-09-29 09:57:53,41.78,6200,41.78,D
sh603650,彤程新材,2025-09-29 09:57:59,41.79,57400,41.78,U
sh603650,彤程新材,2025-09-29 09:58:05,41.78,6500,41.8,D
sh603650,彤程新材,2025-09-29 09:58:14,41.78,11300,41.78,D
sh603650,彤程新材,2025-09-29 09:58:23,41.76,12400,41.79,D
sh603650,彤程新材,2025-09-29 09:58:29,41.7,38800,41.76,D
sh603650,彤程新材,2025-09-29 09:58:38,41.68,8000,41.66,U
sh603650,彤程新材,2025-09-29 09:58:41,41.72,10000,41.68,U
sh603650,彤程新材,2025-09-29 09:58:44,41.67,6700,41.72,D
sh603650,彤程新材,2025-09-29 09:58:50,41.8,152200,41.72,U
sh603650,彤程新材,2025-09-29 09:58:53,41.85,9800,41.8,U
sh603650,彤程新材,2025-09-29 09:59:02,41.89,7800,41.89,U
sh603650,彤程新材,2025-09-29 09:59:11,41.95,9400,41.95,U
sh603650,彤程新材,2025-09-29 09:59:14,41.97,6500,41.95,U
sh603650,彤程新材,2025-09-29 09:59:32,41.97,5800,41.95,U
sh603650,彤程新材,2025-09-29 09:59:35,42.03,18400,41.97,U
sh603650,彤程新材,2025-09-29 09:59:38,42.06,7100,42.03,U
sh603650,彤程新材,2025-09-29 09:59:41,42.09,10500,42.06,U
sh603650,彤程新材,2025-09-29 09:59:44,42.09,15800,42.09,U
sh603650,彤程新材,2025-09-29 09:59:47,42.1,8700,42.09,U
sh603650,彤程新材,2025-09-29 09:59:50,42.09,13300,42.1,D
sh603650,彤程新材,2025-09-29 09:59:53,42.09,31600,42.09,E
sh603650,彤程新材,2025-09-29 09:59:59,42.1,12400,42.07,U
sh603650,彤程新材,2025-09-29 10:00:02,42.11,9500,42.1,U
sh603650,彤程新材,2025-09-29 10:00:05,42.08,8000,42.11,E
sh603650,彤程新材,2025-09-29 10:00:11,42.06,13500,42.08,D
sh603650,彤程新材,2025-09-29 10:00:14,41.98,8400,42.06,D
sh603650,彤程新材,2025-09-29 10:00:17,41.97,17100,41.98,E
sh603650,彤程新材,2025-09-29 10:00:29,41.93,5000,41.93,E
sh603650,彤程新材,2025-09-29 10:00:50,41.78,8900,41.84,D
sh603650,彤程新材,2025-09-29 10:00:53,41.77,11600,41.78,D
sh603650,彤程新材,2025-09-29 10:01:17,41.77,7100,41.8,D
sh603650,彤程新材,2025-09-29 10:01:23,41.8,5700,41.78,U
sh603650,彤程新材,2025-09-29 10:01:26,41.78,12800,41.8,D
sh603650,彤程新材,2025-09-29 10:01:44,41.8,10400,41.79,U
sh603650,彤程新材,2025-09-29 10:01:47,41.78,7500,41.8,U
sh603650,彤程新材,2025-09-29 10:01:53,41.76,21100,41.77,D
sh603650,彤程新材,2025-09-29 10:01:59,41.77,5600,41.77,U
sh603650,彤程新材,2025-09-29 10:02:05,41.81,18800,41.77,U
sh603650,彤程新材,2025-09-29 10:02:08,41.86,13100,41.81,U
sh603650,彤程新材,2025-09-29 10:02:11,41.82,6500,41.86,D
sh603650,彤程新材,2025-09-29 10:02:20,41.86,51800,41.86,U
sh603650,彤程新材,2025-09-29 10:02:23,41.9,6800,41.86,U
sh603650,彤程新材,2025-09-29 10:02:41,41.89,8300,41.9,D
sh603650,彤程新材,2025-09-29 10:03:05,41.9,5100,41.89,U
sh603650,彤程新材,2025-09-29 10:03:11,41.96,7200,41.92,U
sh603650,彤程新材,2025-09-29 10:03:20,41.96,7000,41.96,D
sh603650,彤程新材,2025-09-29 10:03:32,41.9,10400,41.96,D
sh603650,彤程新材,2025-09-29 10:04:20,41.9,9500,41.86,U
sh603650,彤程新材,2025-09-29 10:04:23,41.85,9300,41.9,D
sh603650,彤程新材,2025-09-29 10:04:53,41.82,6800,41.85,D
sh603650,彤程新材,2025-09-29 10:05:02,41.91,10100,41.89,U
sh603650,彤程新材,2025-09-29 10:05:05,41.93,6800,41.91,U
sh603650,彤程新材,2025-09-29 10:06:02,41.91,8548,41.91,U
sh603650,彤程新材,2025-09-29 10:06:17,41.86,9200,41.89,D
sh603650,彤程新材,2025-09-29 10:07:05,41.85,8000,41.86,D
sh603650,彤程新材,2025-09-29 10:07:08,41.84,16000,41.85,D
sh603650,彤程新材,2025-09-29 10:07:14,41.84,7300,41.84,U
sh603650,彤程新材,2025-09-29 10:07:17,41.81,13900,41.84,D
sh603650,彤程新材,2025-09-29 10:07:35,41.82,19000,41.82,D
sh603650,彤程新材,2025-09-29 10:07:47,41.82,7100,41.82,E
sh603650,彤程新材,2025-09-29 10:07:53,41.81,13200,41.81,D
sh603650,彤程新材,2025-09-29 10:07:56,41.81,5300,41.81,U
sh603650,彤程新材,2025-09-29 10:08:08,41.81,10800,41.81,D
sh603650,彤程新材,2025-09-29 10:08:23,41.82,7800,41.82,D
sh603650,彤程新材,2025-09-29 10:08:26,41.82,6100,41.82,D
sh603650,彤程新材,2025-09-29 10:08:47,41.81,8700,41.82,D
sh603650,彤程新材,2025-09-29 10:08:59,41.8,20300,41.8,D
sh603650,彤程新材,2025-09-29 10:09:17,41.82,5000,41.81,U
sh603650,彤程新材,2025-09-29 10:09:20,41.85,5100,41.82,U
sh603650,彤程新材,2025-09-29 10:09:23,41.86,6000,41.85,U
sh603650,彤程新材,2025-09-29 10:09:35,41.83,40200,41.84,D
sh603650,彤程新材,2025-09-29 10:09:56,41.8,11900,41.81,D
sh603650,彤程新材,2025-09-29 10:10:05,41.85,13800,41.8,U
sh603650,彤程新材,2025-09-29 10:10:35,41.85,12700,41.86,D
sh603650,彤程新材,2025-09-29 10:10:38,41.85,5000,41.85,U
sh603650,彤程新材,2025-09-29 10:10:53,41.85,7300,41.87,D
sh603650,彤程新材,2025-09-29 10:10:56,41.89,5900,41.85,U
sh603650,彤程新材,2025-09-29 10:11:14,41.9,4800,41.88,U
sh603650,彤程新材,2025-09-29 10:11:47,41.85,5400,41.86,D
sh603650,彤程新材,2025-09-29 10:12:05,41.79,24200,41.83,D
sh603650,彤程新材,2025-09-29 10:12:08,41.81,14600,41.79,U
sh603650,彤程新材,2025-09-29 10:12:29,41.77,6900,41.77,D
sh603650,彤程新材,2025-09-29 10:12:32,41.77,9500,41.77,D
sh603650,彤程新材,2025-09-29 10:12:41,41.77,18800,41.79,D
sh603650,彤程新材,2025-09-29 10:12:47,41.77,8200,41.78,D
sh603650,彤程新材,2025-09-29 10:13:02,41.76,10400,41.78,D
sh603650,彤程新材,2025-09-29 10:13:14,41.77,5800,41.78,D
sh603650,彤程新材,2025-09-29 10:13:17,41.78,22000,41.77,U
sh603650,彤程新材,2025-09-29 10:13:23,41.79,13200,41.78,E
sh603650,彤程新材,2025-09-29 10:13:26,41.8,6200,41.79,U
sh603650,彤程新材,2025-09-29 10:13:29,41.79,5000,41.8,D
sh603650,彤程新材,2025-09-29 10:13:38,41.87,13900,41.86,U
sh603650,彤程新材,2025-09-29 10:13:50,41.86,5200,41.86,U
sh603650,彤程新材,2025-09-29 10:14:14,41.92,5400,41.9,U
sh603650,彤程新材,2025-09-29 10:14:26,41.95,10800,41.92,D
sh603650,彤程新材,2025-09-29 10:14:56,41.93,13600,41.97,D
sh603650,彤程新材,2025-09-29 10:14:59,41.97,18200,41.93,U
sh603650,彤程新材,2025-09-29 10:15:08,41.94,4800,41.95,D
sh603650,彤程新材,2025-09-29 10:15:26,41.93,5700,41.92,U
sh603650,彤程新材,2025-09-29 10:15:38,41.93,10000,41.93,U
sh603650,彤程新材,2025-09-29 10:15:41,41.95,5600,41.93,U
sh603650,彤程新材,2025-09-29 10:15:44,41.96,9000,41.95,U
sh603650,彤程新材,2025-09-29 10:15:47,41.94,8400,41.96,D
sh603650,彤程新材,2025-09-29 10:16:05,41.94,8800,41.96,D
sh603650,彤程新材,2025-09-29 10:16:08,41.91,8800,41.94,D
sh603650,彤程新材,2025-09-29 10:16:11,41.88,11200,41.91,D
sh603650,彤程新材,2025-09-29 10:16:14,41.88,5400,41.88,U
sh603650,彤程新材,2025-09-29 10:16:23,41.85,16600,41.85,D
sh603650,彤程新材,2025-09-29 10:16:53,41.79,7700,41.81,D
sh603650,彤程新材,2025-09-29 10:17:02,41.8,6400,41.81,D
sh603650,彤程新材,2025-09-29 10:17:05,41.79,5100,41.8,D
sh603650,彤程新材,2025-09-29 10:17:32,41.78,9900,41.8,D
sh603650,彤程新材,2025-09-29 10:17:44,41.78,7000,41.8,D
sh603650,彤程新材,2025-09-29 10:17:50,41.75,28700,41.77,D
sh603650,彤程新材,2025-09-29 10:17:53,41.74,17100,41.75,D
sh603650,彤程新材,2025-09-29 10:17:59,41.73,6800,41.73,D
sh603650,彤程新材,2025-09-29 10:18:08,41.7,17700,41.71,D
sh603650,彤程新材,2025-09-29 10:18:11,41.67,8900,41.7,D
sh603650,彤程新材,2025-09-29 10:18:17,41.67,9500,41.71,E
sh603650,彤程新材,2025-09-29 10:18:23,41.65,20800,41.7,D
sh603650,彤程新材,2025-09-29 10:18:32,41.67,5100,41.66,U
sh603650,彤程新材,2025-09-29 10:18:35,41.67,5700,41.67,U
sh603650,彤程新材,2025-09-29 10:18:47,41.69,6300,41.65,U
sh603650,彤程新材,2025-09-29 10:18:50,41.71,29200,41.69,U
sh603650,彤程新材,2025-09-29 10:19:17,41.72,12500,41.73,D
sh603650,彤程新材,2025-09-29 10:19:41,41.75,33200,41.72,U
sh603650,彤程新材,2025-09-29 10:19:44,41.79,12300,41.75,U
sh603650,彤程新材,2025-09-29 10:19:50,41.79,5200,41.78,D
sh603650,彤程新材,2025-09-29 10:20:20,41.76,6300,41.77,D
sh603650,彤程新材,2025-09-29 10:20:23,41.78,6900,41.76,E
sh603650,彤程新材,2025-09-29 10:20:47,41.73,12500,41.77,D
sh603650,彤程新材,2025-09-29 10:21:14,41.73,4900,41.75,D
sh603650,彤程新材,2025-09-29 10:21:53,41.72,8500,41.72,U
sh603650,彤程新材,2025-09-29 10:22:05,41.7,8400,41.72,D
sh603650,彤程新材,2025-09-29 10:22:14,41.68,8500,41.69,D
sh603650,彤程新材,2025-09-29 10:22:23,41.67,4800,41.68,D
sh603650,彤程新材,2025-09-29 10:22:29,41.67,6700,41.67,U
sh603650,彤程新材,2025-09-29 10:22:32,41.66,6800,41.67,U
sh603650,彤程新材,2025-09-29 10:22:41,41.64,5500,41.65,D
sh603650,彤程新材,2025-09-29 10:22:47,41.64,7400,41.63,U
sh603650,彤程新材,2025-09-29 10:22:53,41.72,54500,41.63,U
sh603650,彤程新材,2025-09-29 10:22:56,41.69,15700,41.72,D
sh603650,彤程新材,2025-09-29 10:23:14,41.69,6200,41.7,D
sh603650,彤程新材,2025-09-29 10:23:20,41.69,11100,41.69,D
sh603650,彤程新材,2025-09-29 10:23:35,41.72,49200,41.67,U
sh603650,彤程新材,2025-09-29 10:23:38,41.73,18500,41.72,U
sh603650,彤程新材,2025-09-29 10:23:50,41.73,6000,41.71,U
sh603650,彤程新材,2025-09-29 10:23:53,41.74,5700,41.73,U
sh603650,彤程新材,2025-09-29 10:23:59,41.77,18100,41.74,U
sh603650,彤程新材,2025-09-29 10:24:11,41.75,5000,41.77,D
sh603650,彤程新材,2025-09-29 10:24:29,41.8,5400,41.73,U
sh603650,彤程新材,2025-09-29 10:24:35,41.79,7300,41.79,U
sh603650,彤程新材,2025-09-29 10:25:05,41.86,24900,41.84,U
sh603650,彤程新材,2025-09-29 10:25:14,41.91,5200,41.9,U
sh603650,彤程新材,2025-09-29 10:25:20,41.91,5800,41.92,D
sh603650,彤程新材,2025-09-29 10:25:32,41.93,7300,41.92,U
sh603650,彤程新材,2025-09-29 10:25:50,41.95,6800,41.95,D
sh603650,彤程新材,2025-09-29 10:25:53,41.95,6800,41.95,U
sh603650,彤程新材,2025-09-29 10:25:56,41.94,10200,41.95,D
sh603650,彤程新材,2025-09-29 10:25:59,41.95,17300,41.94,U
sh603650,彤程新材,2025-09-29 10:26:02,41.95,7100,41.95,U
sh603650,彤程新材,2025-09-29 10:26:05,41.94,6500,41.95,D
sh603650,彤程新材,2025-09-29 10:26:08,41.92,7600,41.94,D
sh603650,彤程新材,2025-09-29 10:26:11,41.93,7200,41.92,U
sh603650,彤程新材,2025-09-29 10:26:26,41.86,5100,41.9,D
sh603650,彤程新材,2025-09-29 10:27:23,41.88,12300,41.9,D
sh603650,彤程新材,2025-09-29 10:27:38,41.86,11100,41.9,D
sh603650,彤程新材,2025-09-29 10:27:44,41.89,6200,41.82,U
sh603650,彤程新材,2025-09-29 10:27:56,41.87,5300,41.85,U
sh603650,彤程新材,2025-09-29 10:27:59,41.8,29500,41.87,D
sh603650,彤程新材,2025-09-29 10:28:08,41.86,24300,41.8,U
sh603650,彤程新材,2025-09-29 10:28:14,41.86,7400,41.86,D
sh603650,彤程新材,2025-09-29 10:28:56,41.81,5700,41.82,D
sh603650,彤程新材,2025-09-29 10:28:59,41.82,14500,41.81,U
sh603650,彤程新材,2025-09-29 10:29:08,41.87,9000,41.86,U
sh603650,彤程新材,2025-09-29 10:29:35,41.86,6900,41.86,U
sh603650,彤程新材,2025-09-29 10:29:44,41.86,10100,41.86,U
sh603650,彤程新材,2025-09-29 10:30:05,41.86,8500,41.89,D
sh603650,彤程新材,2025-09-29 10:30:26,41.88,18800,41.9,D
sh603650,彤程新材,2025-09-29 10:30:29,41.92,8400,41.88,U
sh603650,彤程新材,2025-09-29 10:30:44,41.89,7100,41.88,E
sh603650,彤程新材,2025-09-29 10:30:47,41.88,4800,41.89,E
sh603650,彤程新材,2025-09-29 10:30:56,41.86,10000,41.89,D
sh603650,彤程新材,2025-09-29 10:31:32,41.85,6400,41.87,D
sh603650,彤程新材,2025-09-29 10:31:35,41.84,9000,41.85,D
sh603650,彤程新材,2025-09-29 10:31:44,41.81,6400,41.83,D
sh603650,彤程新材,2025-09-29 10:31:47,41.8,19000,41.81,D
sh603650,彤程新材,2025-09-29 10:32:08,41.76,8900,41.77,D
sh603650,彤程新材,2025-09-29 10:32:26,41.76,6100,41.76,D
sh603650,彤程新材,2025-09-29 10:33:02,41.75,5400,41.79,D
sh603650,彤程新材,2025-09-29 10:33:05,41.74,10400,41.75,D
sh603650,彤程新材,2025-09-29 10:33:23,41.76,6600,41.75,U
sh603650,彤程新材,2025-09-29 10:33:26,41.73,27300,41.76,D
sh603650,彤程新材,2025-09-29 10:33:32,41.75,5200,41.73,U
sh603650,彤程新材,2025-09-29 10:33:53,41.73,14000,41.74,D
sh603650,彤程新材,2025-09-29 10:33:59,41.72,10000,41.74,D
sh603650,彤程新材,2025-09-29 10:34:02,41.73,7700,41.72,U
sh603650,彤程新材,2025-09-29 10:34:26,41.74,8000,41.73,U
sh603650,彤程新材,2025-09-29 10:34:56,41.75,8300,41.77,D
sh603650,彤程新材,2025-09-29 10:35:02,41.74,6300,41.75,D
sh603650,彤程新材,2025-09-29 10:35:17,41.73,6300,41.72,U
sh603650,彤程新材,2025-09-29 10:35:20,41.76,9400,41.73,U
sh603650,彤程新材,2025-09-29 10:35:38,41.82,20500,41.78,U
sh603650,彤程新材,2025-09-29 10:36:05,41.77,6200,41.78,D
sh603650,彤程新材,2025-09-29 10:36:08,41.78,14000,41.77,U
sh603650,彤程新材,2025-09-29 10:36:26,41.83,18200,41.79,U
sh603650,彤程新材,2025-09-29 10:36:47,41.85,5400,41.82,U
sh603650,彤程新材,2025-09-29 10:37:08,41.82,5300,41.85,D
sh603650,彤程新材,2025-09-29 10:37:14,41.82,4800,41.85,D
sh603650,彤程新材,2025-09-29 10:37:20,41.86,7000,41.82,U
sh603650,彤程新材,2025-09-29 10:37:26,41.86,5100,41.86,D
sh603650,彤程新材,2025-09-29 10:38:44,41.8,28100,41.83,D
sh603650,彤程新材,2025-09-29 10:39:14,41.8,7200,41.81,D
sh603650,彤程新材,2025-09-29 10:39:20,41.81,12300,41.81,U
sh603650,彤程新材,2025-09-29 10:39:26,41.8,6600,41.81,D
sh603650,彤程新材,2025-09-29 10:40:23,41.77,30400,41.81,D
sh603650,彤程新材,2025-09-29 10:40:26,41.8,6500,41.77,U
sh603650,彤程新材,2025-09-29 10:40:38,41.79,17600,41.81,D
sh603650,彤程新材,2025-09-29 10:40:56,41.75,4900,41.75,D
sh603650,彤程新材,2025-09-29 10:41:02,41.74,4900,41.76,D
sh603650,彤程新材,2025-09-29 10:41:08,41.77,7100,41.75,U
sh603650,彤程新材,2025-09-29 10:41:11,41.78,11700,41.77,U
sh603650,彤程新材,2025-09-29 10:41:32,41.75,6000,41.76,D
sh603650,彤程新材,2025-09-29 10:41:53,41.73,6600,41.71,U
sh603650,彤程新材,2025-09-29 10:42:02,41.73,5500,41.75,D
sh603650,彤程新材,2025-09-29 10:42:17,41.72,8300,41.73,D
sh603650,彤程新材,2025-09-29 10:42:23,41.72,8100,41.72,D
sh603650,彤程新材,2025-09-29 10:42:38,41.71,6700,41.71,U
sh603650,彤程新材,2025-09-29 10:42:50,41.7,17600,41.71,D
sh603650,彤程新材,2025-09-29 10:42:59,41.71,9300,41.69,U
sh603650,彤程新材,2025-09-29 10:43:08,41.73,14300,41.71,U
sh603650,彤程新材,2025-09-29 10:43:20,41.73,4900,41.75,D
sh603650,彤程新材,2025-09-29 10:43:23,41.75,26000,41.73,U
sh603650,彤程新材,2025-09-29 10:43:32,41.75,8400,41.75,U
sh603650,彤程新材,2025-09-29 10:43:59,41.77,28900,41.75,U
sh603650,彤程新材,2025-09-29 10:44:08,41.79,4900,41.78,E
sh603650,彤程新材,2025-09-29 10:44:14,41.76,6900,41.79,D
sh603650,彤程新材,2025-09-29 10:44:20,41.77,5700,41.77,U
sh603650,彤程新材,2025-09-29 10:44:47,41.73,7600,41.72,U
sh603650,彤程新材,2025-09-29 10:45:11,41.69,7400,41.7,D
sh603650,彤程新材,2025-09-29 10:45:14,41.7,4800,41.69,U
sh603650,彤程新材,2025-09-29 10:45:29,41.68,9100,41.68,D
sh603650,彤程新材,2025-09-29 10:45:38,41.68,6300,41.68,D
sh603650,彤程新材,2025-09-29 10:45:44,41.69,25200,41.68,U
sh603650,彤程新材,2025-09-29 10:45:53,41.69,5700,41.7,D
sh603650,彤程新材,2025-09-29 10:45:56,41.68,6100,41.69,D
sh603650,彤程新材,2025-09-29 10:46:02,41.69,10100,41.69,U
sh603650,彤程新材,2025-09-29 10:46:05,41.69,19800,41.69,D
sh603650,彤程新材,2025-09-29 10:46:11,41.67,6800,41.69,D
sh603650,彤程新材,2025-09-29 10:46:38,41.67,7800,41.67,D
sh603650,彤程新材,2025-09-29 10:46:41,41.67,9100,41.67,D
sh603650,彤程新材,2025-09-29 10:46:50,41.66,6300,41.67,D
sh603650,彤程新材,2025-09-29 10:46:59,41.68,4900,41.65,U
sh603650,彤程新材,2025-09-29 10:47:02,41.67,9000,41.68,D
sh603650,彤程新材,2025-09-29 10:47:08,41.69,10000,41.68,E
sh603650,彤程新材,2025-09-29 10:47:23,41.71,4900,41.71,U
sh603650,彤程新材,2025-09-29 10:47:26,41.69,5500,41.71,E
sh603650,彤程新材,2025-09-29 10:47:32,41.71,4800,41.71,D
sh603650,彤程新材,2025-09-29 10:48:02,41.68,19600,41.69,D
sh603650,彤程新材,2025-09-29 10:48:14,41.68,5600,41.68,U
sh603650,彤程新材,2025-09-29 10:48:17,41.69,9800,41.68,U
sh603650,彤程新材,2025-09-29 10:48:23,41.67,6000,41.68,D
sh603650,彤程新材,2025-09-29 10:48:26,41.66,29600,41.67,D
sh603650,彤程新材,2025-09-29 10:48:32,41.75,13498,41.71,U
sh603650,彤程新材,2025-09-29 10:48:35,41.73,16202,41.75,D
sh603650,彤程新材,2025-09-29 10:48:41,41.77,6700,41.72,U
sh603650,彤程新材,2025-09-29 10:48:44,41.8,29200,41.77,U
sh603650,彤程新材,2025-09-29 10:48:47,41.81,7300,41.8,U
sh603650,彤程新材,2025-09-29 10:48:53,41.85,17700,41.82,U
sh603650,彤程新材,2025-09-29 10:49:26,41.81,9300,41.83,D
sh603650,彤程新材,2025-09-29 10:50:23,41.84,9700,41.85,D
sh603650,彤程新材,2025-09-29 10:50:41,41.85,5600,41.84,U
sh603650,彤程新材,2025-09-29 10:51:05,41.85,6000,41.82,U
sh603650,彤程新材,2025-09-29 10:51:11,41.88,16900,41.85,U
sh603650,彤程新材,2025-09-29 10:52:08,41.91,58800,41.89,U
sh603650,彤程新材,2025-09-29 10:52:11,42.03,27000,41.91,U
sh603650,彤程新材,2025-09-29 10:52:32,42.11,11500,42.1,U
sh603650,彤程新材,2025-09-29 10:52:35,42.11,5300,42.11,D
sh603650,彤程新材,2025-09-29 10:52:38,42.11,10500,42.11,U
sh603650,彤程新材,2025-09-29 10:52:41,42.07,9600,42.11,D
sh603650,彤程新材,2025-09-29 10:52:56,42.09,5200,42.04,U
sh603650,彤程新材,2025-09-29 10:53:11,42.08,5300,42.08,U
sh603650,彤程新材,2025-09-29 10:53:20,42.09,10600,42.05,U
sh603650,彤程新材,2025-09-29 10:53:32,42.1,34500,42.11,D
sh603650,彤程新材,2025-09-29 10:53:38,42.11,13400,42.09,U
sh603650,彤程新材,2025-09-29 10:53:50,42.11,7500,42.12,D
sh603650,彤程新材,2025-09-29 10:53:53,42.11,15500,42.11,D
sh603650,彤程新材,2025-09-29 10:53:56,42.1,7800,42.11,D
sh603650,彤程新材,2025-09-29 10:54:05,42.05,7800,42.07,D
sh603650,彤程新材,2025-09-29 10:54:23,42.05,4800,42.02,U
sh603650,彤程新材,2025-09-29 10:54:32,42.08,9200,42.07,U
sh603650,彤程新材,2025-09-29 10:54:56,42.0,21700,42.05,D
sh603650,彤程新材,2025-09-29 10:55:20,42.01,10000,42.05,D
sh603650,彤程新材,2025-09-29 10:55:23,42.01,18600,42.01,U
sh603650,彤程新材,2025-09-29 10:55:26,42.01,8500,42.01,U
sh603650,彤程新材,2025-09-29 10:55:29,42.05,14800,42.01,U
sh603650,彤程新材,2025-09-29 10:55:32,42.05,14200,42.05,U
sh603650,彤程新材,2025-09-29 10:56:02,42.05,6100,42.03,U
sh603650,彤程新材,2025-09-29 10:56:32,42.08,10400,42.06,U
sh603650,彤程新材,2025-09-29 10:56:35,42.09,6500,42.08,U
sh603650,彤程新材,2025-09-29 10:56:38,42.12,28900,42.09,U
sh603650,彤程新材,2025-09-29 10:56:47,42.14,6100,42.14,U
sh603650,彤程新材,2025-09-29 10:56:59,42.17,5800,42.16,U
sh603650,彤程新材,2025-09-29 10:57:08,42.18,15300,42.17,U
sh603650,彤程新材,2025-09-29 10:57:11,42.18,15300,42.18,U
sh603650,彤程新材,2025-09-29 10:57:14,42.19,6200,42.18,U
sh603650,彤程新材,2025-09-29 10:57:23,42.16,43800,42.19,D
sh603650,彤程新材,2025-09-29 10:57:26,42.14,11000,42.16,E
sh603650,彤程新材,2025-09-29 10:57:29,42.19,18500,42.14,U
sh603650,彤程新材,2025-09-29 10:57:56,42.12,8000,42.1,E
sh603650,彤程新材,2025-09-29 10:57:59,42.13,19800,42.12,U
sh603650,彤程新材,2025-09-29 10:58:05,42.1,26100,42.14,D
sh603650,彤程新材,2025-09-29 10:58:35,42.1,12200,42.09,U
sh603650,彤程新材,2025-09-29 10:59:02,42.06,6400,42.09,D
sh603650,彤程新材,2025-09-29 10:59:53,42.03,14300,42.04,D
sh603650,彤程新材,2025-09-29 11:00:08,42.01,7600,42.01,D
sh603650,彤程新材,2025-09-29 11:01:26,42.09,9700,42.09,U
sh603650,彤程新材,2025-09-29 11:01:50,42.09,4900,42.1,D
sh603650,彤程新材,2025-09-29 11:01:59,42.1,23200,42.09,U
sh603650,彤程新材,2025-09-29 11:02:02,42.09,11700,42.1,D
sh603650,彤程新材,2025-09-29 11:02:08,42.09,7200,42.1,D
sh603650,彤程新材,2025-09-29 11:02:11,42.05,29900,42.09,D
sh603650,彤程新材,2025-09-29 11:02:29,42.03,5100,42.04,D
sh603650,彤程新材,2025-09-29 11:02:56,42.07,5000,42.06,U
sh603650,彤程新材,2025-09-29 11:03:08,42.16,5400,42.15,U
sh603650,彤程新材,2025-09-29 11:03:20,42.18,5200,42.17,U
sh603650,彤程新材,2025-09-29 11:03:56,42.16,5300,42.16,U
sh603650,彤程新材,2025-09-29 11:04:05,42.18,7900,42.18,U
sh603650,彤程新材,2025-09-29 11:04:11,42.18,6500,42.18,D
sh603650,彤程新材,2025-09-29 11:05:05,42.13,6700,42.14,D
sh603650,彤程新材,2025-09-29 11:05:08,42.13,7100,42.13,D
sh603650,彤程新材,2025-09-29 11:05:44,42.17,9300,42.15,U
sh603650,彤程新材,2025-09-29 11:05:50,42.17,10800,42.18,D
sh603650,彤程新材,2025-09-29 11:05:53,42.18,6700,42.17,U
sh603650,彤程新材,2025-09-29 11:06:02,42.19,10500,42.18,U
sh603650,彤程新材,2025-09-29 11:06:14,42.17,10700,42.19,D
sh603650,彤程新材,2025-09-29 11:06:17,42.17,18000,42.17,U
sh603650,彤程新材,2025-09-29 11:06:20,42.17,5200,42.17,U
sh603650,彤程新材,2025-09-29 11:06:29,42.14,6800,42.17,D
sh603650,彤程新材,2025-09-29 11:06:44,42.16,11800,42.14,U
sh603650,彤程新材,2025-09-29 11:06:56,42.16,5000,42.15,U
sh603650,彤程新材,2025-09-29 11:07:08,42.16,6400,42.16,U
sh603650,彤程新材,2025-09-29 11:07:11,42.1,49300,42.16,D
sh603650,彤程新材,2025-09-29 11:07:47,42.14,7800,42.13,U
sh603650,彤程新材,2025-09-29 11:07:53,42.14,5900,42.14,D
sh603650,彤程新材,2025-09-29 11:07:56,42.15,15900,42.14,U
sh603650,彤程新材,2025-09-29 11:08:08,42.16,5200,42.15,U
sh603650,彤程新材,2025-09-29 11:09:32,42.13,5700,42.13,D
sh603650,彤程新材,2025-09-29 11:09:47,42.08,20600,42.11,D
sh603650,彤程新材,2025-09-29 11:09:59,42.05,4800,42.06,D
sh603650,彤程新材,2025-09-29 11:10:02,42.03,17000,42.05,D
sh603650,彤程新材,2025-09-29 11:10:05,42.01,14700,42.03,D
sh603650,彤程新材,2025-09-29 11:10:11,42.03,7000,42.01,U
sh603650,彤程新材,2025-09-29 11:10:35,42.1,5000,42.08,U
sh603650,彤程新材,2025-09-29 11:10:41,42.09,10600,42.05,U
sh603650,彤程新材,2025-09-29 11:10:59,42.01,5100,42.01,D
sh603650,彤程新材,2025-09-29 11:11:05,41.98,22800,42.01,D
sh603650,彤程新材,2025-09-29 11:13:11,41.87,11700,41.84,U
sh603650,彤程新材,2025-09-29 11:13:14,41.9,7100,41.87,U
sh603650,彤程新材,2025-09-29 11:13:20,41.9,5000,41.9,U
sh603650,彤程新材,2025-09-29 11:13:26,41.9,6900,41.9,U
sh603650,彤程新材,2025-09-29 11:13:29,41.9,5100,41.9,U
sh603650,彤程新材,2025-09-29 11:13:50,41.9,8900,41.91,D
sh603650,彤程新材,2025-09-29 11:13:59,41.91,8200,41.9,U
sh603650,彤程新材,2025-09-29 11:14:38,41.89,17500,41.89,U
sh603650,彤程新材,2025-09-29 11:14:53,41.87,5400,41.88,D
sh603650,彤程新材,2025-09-29 11:14:56,41.87,10400,41.87,U
sh603650,彤程新材,2025-09-29 11:15:08,41.92,5200,41.92,U
sh603650,彤程新材,2025-09-29 11:16:56,41.93,12600,41.93,D
sh603650,彤程新材,2025-09-29 11:17:14,42.0,9800,41.97,U
sh603650,彤程新材,2025-09-29 11:17:26,42.0,8300,42.03,D
sh603650,彤程新材,2025-09-29 11:17:29,42.01,9200,42.0,U
sh603650,彤程新材,2025-09-29 11:17:38,42.02,5100,42.01,E
sh603650,彤程新材,2025-09-29 11:17:44,42.01,5900,42.01,D
sh603650,彤程新材,2025-09-29 11:17:53,41.97,8600,42.0,D
sh603650,彤程新材,2025-09-29 11:19:08,41.95,5100,41.94,U
sh603650,彤程新材,2025-09-29 11:19:59,41.94,12700,41.96,D
sh603650,彤程新材,2025-09-29 11:20:38,41.91,5000,41.91,D
sh603650,彤程新材,2025-09-29 11:20:44,41.89,5000,41.91,D
sh603650,彤程新材,2025-09-29 11:20:56,41.83,10600,41.86,D
sh603650,彤程新材,2025-09-29 11:21:08,41.82,9900,41.83,D
sh603650,彤程新材,2025-09-29 11:21:11,41.86,7000,41.82,U
sh603650,彤程新材,2025-09-29 11:21:17,41.86,5200,41.86,U
sh603650,彤程新材,2025-09-29 11:21:23,41.9,12200,41.86,U
sh603650,彤程新材,2025-09-29 11:21:29,41.91,5300,41.91,U
sh603650,彤程新材,2025-09-29 11:21:38,41.96,6100,41.85,U
sh603650,彤程新材,2025-09-29 11:22:53,41.91,7700,41.9,U
sh603650,彤程新材,2025-09-29 11:22:56,41.92,152900,41.91,U
sh603650,彤程新材,2025-09-29 11:22:59,42.01,10100,41.92,U
sh603650,彤程新材,2025-09-29 11:23:05,41.93,10100,41.99,D
sh603650,彤程新材,2025-09-29 11:24:29,42.0,20500,42.02,D
sh603650,彤程新材,2025-09-29 11:24:44,42.0,10200,42.0,D
sh603650,彤程新材,2025-09-29 11:24:50,42.01,5700,42.0,U
sh603650,彤程新材,2025-09-29 11:25:02,42.02,5000,42.01,U
sh603650,彤程新材,2025-09-29 11:25:53,42.0,5000,42.0,D
sh603650,彤程新材,2025-09-29 11:25:56,42.0,8000,42.0,D
sh603650,彤程新材,2025-09-29 11:26:05,42.0,6700,41.96,U
sh603650,彤程新材,2025-09-29 11:26:08,42.02,6500,42.0,U
sh603650,彤程新材,2025-09-29 11:27:08,42.1,10000,42.08,U
sh603650,彤程新材,2025-09-29 11:27:38,42.1,7900,42.1,U
sh603650,彤程新材,2025-09-29 11:27:56,42.02,6600,42.08,D
sh603650,彤程新材,2025-09-29 11:27:59,42.1,17900,42.02,U
sh603650,彤程新材,2025-09-29 11:28:23,42.15,5800,42.1,U
sh603650,彤程新材,2025-09-29 11:29:29,42.12,5900,42.13,D
sh603650,彤程新材,2025-09-29 13:00:02,42.12,13700,42.13,D
sh603650,彤程新材,2025-09-29 13:00:05,42.13,24000,42.12,E
sh603650,彤程新材,2025-09-29 13:00:08,42.13,7600,42.13,D
sh603650,彤程新材,2025-09-29 13:00:32,42.18,5900,42.16,U
sh603650,彤程新材,2025-09-29 13:00:56,42.18,7400,42.17,U
sh603650,彤程新材,2025-09-29 13:01:20,42.19,6700,42.19,U
sh603650,彤程新材,2025-09-29 13:01:50,42.2,31500,42.19,U
sh603650,彤程新材,2025-09-29 13:01:53,42.2,14000,42.2,U
sh603650,彤程新材,2025-09-29 13:02:05,42.16,21600,42.2,D
sh603650,彤程新材,2025-09-29 13:02:08,42.14,8300,42.16,D
sh603650,彤程新材,2025-09-29 13:02:11,42.11,56400,42.14,D
sh603650,彤程新材,2025-09-29 13:02:14,42.1,5100,42.11,D
sh603650,彤程新材,2025-09-29 13:02:29,42.12,12800,42.1,U
sh603650,彤程新材,2025-09-29 13:02:35,42.12,5200,42.13,D
sh603650,彤程新材,2025-09-29 13:02:59,42.19,12000,42.16,U
sh603650,彤程新材,2025-09-29 13:03:08,42.18,6900,42.2,D
sh603650,彤程新材,2025-09-29 13:03:11,42.2,7700,42.18,U
sh603650,彤程新材,2025-09-29 13:03:47,42.19,5600,42.19,U
sh603650,彤程新材,2025-09-29 13:04:02,42.17,7500,42.19,D
sh603650,彤程新材,2025-09-29 13:04:44,42.16,9600,42.16,U
sh603650,彤程新材,2025-09-29 13:06:02,42.19,7000,42.17,U
sh603650,彤程新材,2025-09-29 13:06:14,42.19,7900,42.17,U
sh603650,彤程新材,2025-09-29 13:06:26,42.19,5900,42.2,D
sh603650,彤程新材,2025-09-29 13:06:29,42.24,54500,42.19,U
sh603650,彤程新材,2025-09-29 13:06:32,42.26,5100,42.24,U
sh603650,彤程新材,2025-09-29 13:06:44,42.27,13700,42.26,U
sh603650,彤程新材,2025-09-29 13:06:53,42.25,5300,42.28,D
sh603650,彤程新材,2025-09-29 13:07:02,42.26,9200,42.26,U
sh603650,彤程新材,2025-09-29 13:07:08,42.27,8400,42.26,U
sh603650,彤程新材,2025-09-29 13:07:26,42.28,6800,42.28,U
sh603650,彤程新材,2025-09-29 13:07:29,42.28,5200,42.28,U
sh603650,彤程新材,2025-09-29 13:07:38,42.29,5800,42.28,U
sh603650,彤程新材,2025-09-29 13:07:47,42.25,81900,42.3,D
sh603650,彤程新材,2025-09-29 13:07:53,42.25,6500,42.25,U
sh603650,彤程新材,2025-09-29 13:07:56,42.24,11100,42.25,E
sh603650,彤程新材,2025-09-29 13:08:41,42.28,14800,42.28,U
sh603650,彤程新材,2025-09-29 13:08:44,42.28,4900,42.28,U
sh603650,彤程新材,2025-09-29 13:08:53,42.28,9800,42.29,D
sh603650,彤程新材,2025-09-29 13:08:56,42.3,6700,42.28,U
sh603650,彤程新材,2025-09-29 13:09:02,42.28,8000,42.3,D
sh603650,彤程新材,2025-09-29 13:09:11,42.33,21100,42.27,U
sh603650,彤程新材,2025-09-29 13:09:32,42.35,22500,42.33,U
sh603650,彤程新材,2025-09-29 13:09:35,42.33,5300,42.35,D
sh603650,彤程新材,2025-09-29 13:09:38,42.35,7900,42.33,U
sh603650,彤程新材,2025-09-29 13:09:47,42.35,8400,42.35,D
sh603650,彤程新材,2025-09-29 13:09:50,42.36,27800,42.35,U
sh603650,彤程新材,2025-09-29 13:09:53,42.36,4800,42.36,E
sh603650,彤程新材,2025-09-29 13:09:56,42.36,6700,42.36,U
sh603650,彤程新材,2025-09-29 13:10:02,42.29,23500,42.37,D
sh603650,彤程新材,2025-09-29 13:10:05,42.24,9400,42.29,D
sh603650,彤程新材,2025-09-29 13:10:08,42.28,5300,42.24,U
sh603650,彤程新材,2025-09-29 13:10:20,42.27,8500,42.2,U
sh603650,彤程新材,2025-09-29 13:10:35,42.2,10000,42.25,D
sh603650,彤程新材,2025-09-29 13:10:38,42.18,6200,42.2,D
sh603650,彤程新材,2025-09-29 13:11:53,42.24,18700,42.29,D
sh603650,彤程新材,2025-09-29 13:13:02,42.17,12800,42.18,D
sh603650,彤程新材,2025-09-29 13:13:05,42.18,9000,42.17,U
sh603650,彤程新材,2025-09-29 13:13:59,42.21,14100,42.21,U
sh603650,彤程新材,2025-09-29 13:15:08,42.19,14500,42.21,D
sh603650,彤程新材,2025-09-29 13:15:11,42.19,10400,42.19,U
sh603650,彤程新材,2025-09-29 13:16:26,42.15,11100,42.14,U
sh603650,彤程新材,2025-09-29 13:16:50,42.12,5600,42.12,D
sh603650,彤程新材,2025-09-29 13:16:59,42.1,12200,42.1,D
sh603650,彤程新材,2025-09-29 13:17:02,42.1,28600,42.1,D
sh603650,彤程新材,2025-09-29 13:17:05,42.15,27500,42.1,U
sh603650,彤程新材,2025-09-29 13:17:50,42.15,5000,42.16,D
sh603650,彤程新材,2025-09-29 13:18:05,42.16,5500,42.16,D
sh603650,彤程新材,2025-09-29 13:18:17,42.15,17000,42.15,D
sh603650,彤程新材,2025-09-29 13:19:08,42.13,11500,42.14,D
sh603650,彤程新材,2025-09-29 13:19:29,42.13,10000,42.12,U
sh603650,彤程新材,2025-09-29 13:20:20,42.09,11500,42.12,D
sh603650,彤程新材,2025-09-29 13:20:38,42.08,5500,42.09,D
sh603650,彤程新材,2025-09-29 13:20:50,42.19,21500,42.08,U
sh603650,彤程新材,2025-09-29 13:21:53,42.19,5300,42.18,U
sh603650,彤程新材,2025-09-29 13:23:14,42.16,9500,42.13,U
sh603650,彤程新材,2025-09-29 13:24:41,42.15,6000,42.13,U
sh603650,彤程新材,2025-09-29 13:24:59,42.15,8500,42.13,U
sh603650,彤程新材,2025-09-29 13:25:05,42.15,4800,42.15,U
sh603650,彤程新材,2025-09-29 13:25:08,42.15,5400,42.15,D
sh603650,彤程新材,2025-09-29 13:26:05,42.12,8000,42.12,E
sh603650,彤程新材,2025-09-29 13:26:44,42.15,4800,42.15,U
sh603650,彤程新材,2025-09-29 13:27:59,42.13,5400,42.14,D
sh603650,彤程新材,2025-09-29 13:28:02,42.13,6700,42.13,U
sh603650,彤程新材,2025-09-29 13:28:29,42.1,6500,42.1,D
sh603650,彤程新材,2025-09-29 13:28:35,42.1,5100,42.1,U
sh603650,彤程新材,2025-09-29 13:28:47,42.1,9400,42.09,U
sh603650,彤程新材,2025-09-29 13:29:08,42.09,7200,42.1,D
sh603650,彤程新材,2025-09-29 13:29:44,42.1,6900,42.13,D
sh603650,彤程新材,2025-09-29 13:30:11,42.15,6500,42.12,U
sh603650,彤程新材,2025-09-29 13:31:02,42.15,14700,42.16,D
sh603650,彤程新材,2025-09-29 13:31:14,42.14,6200,42.13,U
sh603650,彤程新材,2025-09-29 13:31:44,42.1,42700,42.12,D
sh603650,彤程新材,2025-09-29 13:32:20,42.14,6700,42.11,U
sh603650,彤程新材,2025-09-29 13:33:47,42.14,5800,42.13,U
sh603650,彤程新材,2025-09-29 13:33:56,42.14,12700,42.13,U
sh603650,彤程新材,2025-09-29 13:34:02,42.12,7300,42.14,D
sh603650,彤程新材,2025-09-29 13:34:14,42.1,20000,42.13,D
sh603650,彤程新材,2025-09-29 13:34:26,42.11,7800,42.11,D
sh603650,彤程新材,2025-09-29 13:34:29,42.11,4900,42.11,D
sh603650,彤程新材,2025-09-29 13:34:53,42.11,5000,42.13,D
sh603650,彤程新材,2025-09-29 13:34:56,42.1,5600,42.11,D
sh603650,彤程新材,2025-09-29 13:35:02,42.09,10700,42.1,D
sh603650,彤程新材,2025-09-29 13:35:23,42.08,7700,42.09,D
sh603650,彤程新材,2025-09-29 13:36:23,42.07,18500,42.07,D
sh603650,彤程新材,2025-09-29 13:36:35,42.08,8700,42.06,U
sh603650,彤程新材,2025-09-29 13:37:02,42.05,10700,42.05,D
sh603650,彤程新材,2025-09-29 13:37:05,42.04,10300,42.05,D
sh603650,彤程新材,2025-09-29 13:37:08,42.04,5200,42.04,U
sh603650,彤程新材,2025-09-29 13:37:14,42.01,8300,42.01,D
sh603650,彤程新材,2025-09-29 13:37:23,42.01,21600,42.01,U
sh603650,彤程新材,2025-09-29 13:37:29,42.01,16300,42.0,E
sh603650,彤程新材,2025-09-29 13:37:35,42.02,9700,42.02,U
sh603650,彤程新材,2025-09-29 13:37:41,42.0,10200,42.02,D
sh603650,彤程新材,2025-09-29 13:37:50,41.99,11000,42.0,D
sh603650,彤程新材,2025-09-29 13:37:53,42.0,11500,41.99,U
sh603650,彤程新材,2025-09-29 13:37:59,42.01,5200,42.0,E
sh603650,彤程新材,2025-09-29 13:38:02,42.0,5600,42.01,D
sh603650,彤程新材,2025-09-29 13:38:23,42.02,12400,42.01,U
sh603650,彤程新材,2025-09-29 13:38:44,42.01,13300,42.02,D
sh603650,彤程新材,2025-09-29 13:38:59,42.0,6500,42.01,D
sh603650,彤程新材,2025-09-29 13:39:11,41.98,8100,42.0,D
sh603650,彤程新材,2025-09-29 13:39:26,41.98,10600,41.99,D
sh603650,彤程新材,2025-09-29 13:39:29,41.99,5600,41.98,U
sh603650,彤程新材,2025-09-29 13:40:41,41.96,5100,41.96,D
sh603650,彤程新材,2025-09-29 13:40:53,41.9,65400,41.95,D
sh603650,彤程新材,2025-09-29 13:41:02,41.92,12600,41.95,D
sh603650,彤程新材,2025-09-29 13:41:14,41.91,5700,41.92,D
sh603650,彤程新材,2025-09-29 13:41:20,41.92,5300,41.95,D
sh603650,彤程新材,2025-09-29 13:42:11,41.98,5400,41.95,U
sh603650,彤程新材,2025-09-29 13:42:23,42.0,5700,42.0,U
sh603650,彤程新材,2025-09-29 13:42:29,41.98,5400,41.99,D
sh603650,彤程新材,2025-09-29 13:42:38,41.96,6300,41.98,D
sh603650,彤程新材,2025-09-29 13:42:41,41.98,5700,41.96,U
sh603650,彤程新材,2025-09-29 13:43:08,41.95,6800,41.97,D
sh603650,彤程新材,2025-09-29 13:43:29,41.91,11483,41.92,D
sh603650,彤程新材,2025-09-29 13:43:32,41.9,12117,41.91,D
sh603650,彤程新材,2025-09-29 13:43:59,41.89,15500,41.86,U
sh603650,彤程新材,2025-09-29 13:44:05,41.87,10400,41.87,D
sh603650,彤程新材,2025-09-29 13:44:20,41.94,16300,41.88,U
sh603650,彤程新材,2025-09-29 13:45:38,41.88,9200,41.89,D
sh603650,彤程新材,2025-09-29 13:46:11,41.89,12100,41.87,U
sh603650,彤程新材,2025-09-29 13:47:08,41.91,8600,41.93,D
sh603650,彤程新材,2025-09-29 13:47:11,41.92,7500,41.91,U
sh603650,彤程新材,2025-09-29 13:47:47,41.98,7900,41.96,U
sh603650,彤程新材,2025-09-29 13:48:14,42.0,8600,42.0,D
sh603650,彤程新材,2025-09-29 13:48:26,41.97,21200,41.99,D
sh603650,彤程新材,2025-09-29 13:48:32,42.01,15200,41.98,U
sh603650,彤程新材,2025-09-29 13:48:50,42.06,6700,42.04,U
sh603650,彤程新材,2025-09-29 13:49:02,42.06,14000,42.04,U
sh603650,彤程新材,2025-09-29 13:49:11,42.07,4800,42.06,E
sh603650,彤程新材,2025-09-29 13:49:56,42.11,6000,42.11,U
sh603650,彤程新材,2025-09-29 13:50:05,42.13,6000,42.12,U
sh603650,彤程新材,2025-09-29 13:50:32,42.14,10300,42.14,U
sh603650,彤程新材,2025-09-29 13:51:11,42.13,4800,42.13,D
sh603650,彤程新材,2025-09-29 13:51:38,42.13,5300,42.14,D
sh603650,彤程新材,2025-09-29 13:51:53,42.1,73000,42.13,D
sh603650,彤程新材,2025-09-29 13:52:29,42.12,21700,42.1,U
sh603650,彤程新材,2025-09-29 13:53:02,42.12,7500,42.12,D
sh603650,彤程新材,2025-09-29 13:53:29,42.15,7100,42.14,U
sh603650,彤程新材,2025-09-29 13:53:44,42.12,16400,42.12,D
sh603650,彤程新材,2025-09-29 13:53:47,42.12,9500,42.12,U
sh603650,彤程新材,2025-09-29 13:54:44,42.11,9700,42.1,U
sh603650,彤程新材,2025-09-29 13:55:26,42.04,10700,42.1,D
sh603650,彤程新材,2025-09-29 13:55:35,42.04,6100,42.04,U
sh603650,彤程新材,2025-09-29 13:55:38,42.04,25400,42.04,U
sh603650,彤程新材,2025-09-29 13:55:41,42.05,6100,42.04,U
sh603650,彤程新材,2025-09-29 13:55:59,42.1,6400,42.1,U
sh603650,彤程新材,2025-09-29 13:56:53,42.04,6700,42.03,U
sh603650,彤程新材,2025-09-29 13:57:08,42.02,6200,42.02,D
sh603650,彤程新材,2025-09-29 13:57:35,42.05,10400,42.05,U
sh603650,彤程新材,2025-09-29 13:59:05,42.05,12600,42.08,D
sh603650,彤程新材,2025-09-29 13:59:14,42.06,8900,42.05,U
sh603650,彤程新材,2025-09-29 13:59:17,42.05,5200,42.06,D
sh603650,彤程新材,2025-09-29 13:59:20,42.08,5300,42.05,U
sh603650,彤程新材,2025-09-29 13:59:59,42.08,6900,42.08,E
sh603650,彤程新材,2025-09-29 14:00:02,42.1,42900,42.08,U
sh603650,彤程新材,2025-09-29 14:00:05,42.14,17300,42.1,U
sh603650,彤程新材,2025-09-29 14:00:17,42.17,18600,42.15,U
sh603650,彤程新材,2025-09-29 14:00:20,42.18,17200,42.17,U
sh603650,彤程新材,2025-09-29 14:00:23,42.19,8100,42.18,U
sh603650,彤程新材,2025-09-29 14:00:29,42.17,5800,42.19,D
sh603650,彤程新材,2025-09-29 14:00:35,42.17,8400,42.19,D
sh603650,彤程新材,2025-09-29 14:00:38,42.15,10600,42.17,D
sh603650,彤程新材,2025-09-29 14:01:11,42.19,20000,42.19,U
sh603650,彤程新材,2025-09-29 14:01:26,42.19,5100,42.19,U
sh603650,彤程新材,2025-09-29 14:01:41,42.18,11800,42.19,D
sh603650,彤程新材,2025-09-29 14:01:44,42.2,20000,42.18,U
sh603650,彤程新材,2025-09-29 14:01:47,42.18,42800,42.2,E
sh603650,彤程新材,2025-09-29 14:02:05,42.19,6900,42.17,U
sh603650,彤程新材,2025-09-29 14:02:11,42.15,6200,42.18,D
sh603650,彤程新材,2025-09-29 14:02:26,42.17,6200,42.17,U
sh603650,彤程新材,2025-09-29 14:03:56,42.13,10100,42.16,D
sh603650,彤程新材,2025-09-29 14:04:35,42.15,5200,42.14,U
sh603650,彤程新材,2025-09-29 14:04:56,42.14,5100,42.14,D
sh603650,彤程新材,2025-09-29 14:05:05,42.1,16200,42.15,D
sh603650,彤程新材,2025-09-29 14:06:17,42.16,5100,42.13,U
sh603650,彤程新材,2025-09-29 14:07:02,42.12,8200,42.14,D
sh603650,彤程新材,2025-09-29 14:07:14,42.15,7400,42.12,U
sh603650,彤程新材,2025-09-29 14:07:17,42.1,12000,42.15,D
sh603650,彤程新材,2025-09-29 14:08:05,42.01,10000,42.04,D
sh603650,彤程新材,2025-09-29 14:08:11,42.03,6700,42.04,E
sh603650,彤程新材,2025-09-29 14:08:23,42.01,11600,42.0,U
sh603650,彤程新材,2025-09-29 14:08:29,41.99,4900,42.0,D
sh603650,彤程新材,2025-09-29 14:08:56,42.0,9100,42.0,U
sh603650,彤程新材,2025-09-29 14:09:11,42.0,6600,42.02,D
sh603650,彤程新材,2025-09-29 14:09:35,42.01,5000,41.99,U
sh603650,彤程新材,2025-09-29 14:09:50,42.02,23400,42.01,U
sh603650,彤程新材,2025-09-29 14:09:53,42.01,5000,42.02,D
sh603650,彤程新材,2025-09-29 14:09:56,42.0,15500,42.01,D
sh603650,彤程新材,2025-09-29 14:09:59,42.0,33300,42.0,D
sh603650,彤程新材,2025-09-29 14:10:02,42.01,22800,42.0,U
sh603650,彤程新材,2025-09-29 14:10:08,42.0,6600,42.0,D
sh603650,彤程新材,2025-09-29 14:10:11,42.0,4900,42.0,D
sh603650,彤程新材,2025-09-29 14:10:14,41.98,6500,42.0,D
sh603650,彤程新材,2025-09-29 14:10:17,41.98,20400,41.98,D
sh603650,彤程新材,2025-09-29 14:10:26,41.94,5800,41.96,D
sh603650,彤程新材,2025-09-29 14:10:32,41.94,12100,41.94,D
sh603650,彤程新材,2025-09-29 14:10:35,41.92,6500,41.94,D
sh603650,彤程新材,2025-09-29 14:10:53,41.93,5200,41.93,U
sh603650,彤程新材,2025-09-29 14:11:14,41.92,4900,41.91,U
sh603650,彤程新材,2025-09-29 14:11:20,41.93,9600,41.93,U
sh603650,彤程新材,2025-09-29 14:11:50,41.93,12100,41.94,D
sh603650,彤程新材,2025-09-29 14:11:53,41.93,6900,41.93,D
sh603650,彤程新材,2025-09-29 14:12:02,41.92,5800,41.92,D
sh603650,彤程新材,2025-09-29 14:12:26,41.92,15300,41.92,U
sh603650,彤程新材,2025-09-29 14:12:32,41.93,5800,41.92,U
sh603650,彤程新材,2025-09-29 14:12:50,41.94,4800,41.94,U
sh603650,彤程新材,2025-09-29 14:13:20,41.94,6200,41.94,D
sh603650,彤程新材,2025-09-29 14:13:38,41.93,5400,41.94,D
sh603650,彤程新材,2025-09-29 14:13:44,41.9,85800,41.93,D
sh603650,彤程新材,2025-09-29 14:13:50,41.89,11000,41.9,D
sh603650,彤程新材,2025-09-29 14:13:59,41.88,7000,41.89,D
sh603650,彤程新材,2025-09-29 14:14:05,41.87,5000,41.88,D
sh603650,彤程新材,2025-09-29 14:14:11,41.86,10600,41.86,D
sh603650,彤程新材,2025-09-29 14:14:23,41.83,7500,41.83,U
sh603650,彤程新材,2025-09-29 14:14:26,41.84,11200,41.83,U
sh603650,彤程新材,2025-09-29 14:14:29,41.84,6800,41.84,U
sh603650,彤程新材,2025-09-29 14:14:41,41.82,8100,41.81,U
sh603650,彤程新材,2025-09-29 14:14:44,41.8,8300,41.82,D
sh603650,彤程新材,2025-09-29 14:14:47,41.8,7700,41.8,D
sh603650,彤程新材,2025-09-29 14:14:50,41.8,27400,41.8,U
sh603650,彤程新材,2025-09-29 14:15:11,41.82,6800,41.79,U
sh603650,彤程新材,2025-09-29 14:15:14,41.83,6100,41.82,E
sh603650,彤程新材,2025-09-29 14:15:59,41.87,7700,41.87,D
sh603650,彤程新材,2025-09-29 14:16:29,41.91,13900,41.89,U
sh603650,彤程新材,2025-09-29 14:16:56,41.92,6000,41.91,U
sh603650,彤程新材,2025-09-29 14:17:02,41.92,4900,41.91,U
sh603650,彤程新材,2025-09-29 14:18:29,41.94,8200,41.94,U
sh603650,彤程新材,2025-09-29 14:19:05,41.93,5400,41.92,U
sh603650,彤程新材,2025-09-29 14:19:35,41.91,9400,41.91,D
sh603650,彤程新材,2025-09-29 14:19:59,41.9,11700,41.9,D
sh603650,彤程新材,2025-09-29 14:20:23,41.94,17900,41.9,U
sh603650,彤程新材,2025-09-29 14:20:26,41.94,13000,41.94,U
sh603650,彤程新材,2025-09-29 14:20:29,41.94,12700,41.94,U
sh603650,彤程新材,2025-09-29 14:20:32,41.95,13400,41.94,U
sh603650,彤程新材,2025-09-29 14:22:05,41.99,5100,41.98,U
sh603650,彤程新材,2025-09-29 14:22:35,42.0,18200,42.0,U
sh603650,彤程新材,2025-09-29 14:22:38,42.01,6100,42.0,U
sh603650,彤程新材,2025-09-29 14:23:05,42.02,5900,42.01,U
sh603650,彤程新材,2025-09-29 14:23:26,42.01,6200,42.02,D
sh603650,彤程新材,2025-09-29 14:23:41,42.0,8000,42.0,D
sh603650,彤程新材,2025-09-29 14:23:44,41.99,13100,42.0,D
sh603650,彤程新材,2025-09-29 14:23:47,41.98,5200,41.99,D
sh603650,彤程新材,2025-09-29 14:23:56,41.96,5400,41.97,D
sh603650,彤程新材,2025-09-29 14:23:59,41.95,6100,41.96,D
sh603650,彤程新材,2025-09-29 14:24:02,41.95,6800,41.95,D
sh603650,彤程新材,2025-09-29 14:26:11,41.96,5800,41.98,D
sh603650,彤程新材,2025-09-29 14:26:44,41.97,5300,41.98,D
sh603650,彤程新材,2025-09-29 14:27:26,41.99,22200,41.98,U
sh603650,彤程新材,2025-09-29 14:27:29,41.98,6100,41.99,D
sh603650,彤程新材,2025-09-29 14:27:32,41.96,21000,41.98,D
sh603650,彤程新材,2025-09-29 14:27:35,41.96,17800,41.96,U
sh603650,彤程新材,2025-09-29 14:28:08,42.0,10000,42.0,U
sh603650,彤程新材,2025-09-29 14:28:38,42.0,11000,42.0,D
sh603650,彤程新材,2025-09-29 14:28:41,42.02,33400,42.0,U
sh603650,彤程新材,2025-09-29 14:29:11,42.03,9000,42.04,D
sh603650,彤程新材,2025-09-29 14:29:17,42.02,60500,42.03,D
sh603650,彤程新材,2025-09-29 14:31:05,42.07,28600,42.09,D
sh603650,彤程新材,2025-09-29 14:31:38,42.1,9400,42.1,D
sh603650,彤程新材,2025-09-29 14:31:41,42.08,19500,42.1,D
sh603650,彤程新材,2025-09-29 14:31:44,42.06,20700,42.08,D
sh603650,彤程新材,2025-09-29 14:33:26,42.06,11100,42.05,U
sh603650,彤程新材,2025-09-29 14:33:32,42.03,39200,42.05,D
sh603650,彤程新材,2025-09-29 14:33:38,42.02,7000,42.02,D
sh603650,彤程新材,2025-09-29 14:34:59,42.07,12200,42.09,D
sh603650,彤程新材,2025-09-29 14:35:17,42.06,5100,42.07,E
sh603650,彤程新材,2025-09-29 14:35:20,42.04,5700,42.06,D
sh603650,彤程新材,2025-09-29 14:35:23,42.06,4800,42.04,U
sh603650,彤程新材,2025-09-29 14:35:56,42.05,12000,42.06,D
sh603650,彤程新材,2025-09-29 14:36:05,42.04,22400,42.05,D
sh603650,彤程新材,2025-09-29 14:36:32,42.05,11500,42.01,U
sh603650,彤程新材,2025-09-29 14:36:35,42.05,19100,42.05,D
sh603650,彤程新材,2025-09-29 14:36:41,42.05,6000,42.03,U
sh603650,彤程新材,2025-09-29 14:36:56,42.05,7100,42.05,U
sh603650,彤程新材,2025-09-29 14:37:23,42.1,33700,42.08,U
sh603650,彤程新材,2025-09-29 14:37:26,42.09,5200,42.1,E
sh603650,彤程新材,2025-09-29 14:37:47,42.1,7200,42.1,U
sh603650,彤程新材,2025-09-29 14:38:02,42.1,9300,42.1,U
sh603650,彤程新材,2025-09-29 14:38:17,42.1,11000,42.1,U
sh603650,彤程新材,2025-09-29 14:38:20,42.1,8100,42.1,U
sh603650,彤程新材,2025-09-29 14:38:38,42.1,6100,42.09,U
sh603650,彤程新材,2025-09-29 14:38:41,42.1,8300,42.1,U
sh603650,彤程新材,2025-09-29 14:38:47,42.08,8200,42.09,D
sh603650,彤程新材,2025-09-29 14:39:26,42.07,9900,42.09,D
sh603650,彤程新材,2025-09-29 14:39:53,42.07,7800,42.07,D
sh603650,彤程新材,2025-09-29 14:39:59,42.07,7200,42.06,U
sh603650,彤程新材,2025-09-29 14:40:05,42.06,8500,42.07,D
sh603650,彤程新材,2025-09-29 14:40:11,42.07,7000,42.06,U
sh603650,彤程新材,2025-09-29 14:40:17,42.05,27000,42.06,D
sh603650,彤程新材,2025-09-29 14:40:53,42.05,4900,42.05,D
sh603650,彤程新材,2025-09-29 14:40:59,42.07,13700,42.05,U
sh603650,彤程新材,2025-09-29 14:41:02,42.07,6000,42.07,U
sh603650,彤程新材,2025-09-29 14:41:35,42.06,9200,42.07,D
sh603650,彤程新材,2025-09-29 14:41:44,42.04,6700,42.06,D
sh603650,彤程新材,2025-09-29 14:42:08,42.01,20800,42.01,D
sh603650,彤程新材,2025-09-29 14:42:38,42.02,25400,42.01,U
sh603650,彤程新材,2025-09-29 14:43:02,42.0,5600,42.03,D
sh603650,彤程新材,2025-09-29 14:43:20,42.02,6200,42.03,D
sh603650,彤程新材,2025-09-29 14:44:05,42.02,4800,42.03,D
sh603650,彤程新材,2025-09-29 14:44:11,41.99,45100,42.03,D
sh603650,彤程新材,2025-09-29 14:44:17,41.99,6500,41.98,U
sh603650,彤程新材,2025-09-29 14:44:56,41.96,6300,41.98,D
sh603650,彤程新材,2025-09-29 14:45:11,41.98,5500,41.98,U
sh603650,彤程新材,2025-09-29 14:45:26,41.98,8000,41.98,U
sh603650,彤程新材,2025-09-29 14:45:56,41.99,5200,41.98,U
sh603650,彤程新材,2025-09-29 14:47:05,42.02,5200,42.02,D
sh603650,彤程新材,2025-09-29 14:47:11,41.99,9000,42.01,D
sh603650,彤程新材,2025-09-29 14:47:14,42.01,9800,41.99,U
sh603650,彤程新材,2025-09-29 14:47:23,42.02,4900,42.02,U
sh603650,彤程新材,2025-09-29 14:47:50,42.03,12800,42.03,U
sh603650,彤程新材,2025-09-29 14:48:05,42.04,7500,42.02,U
sh603650,彤程新材,2025-09-29 14:48:11,42.05,8600,42.05,U
sh603650,彤程新材,2025-09-29 14:48:23,42.06,7000,42.06,U
sh603650,彤程新材,2025-09-29 14:48:47,42.09,7800,42.09,U
sh603650,彤程新材,2025-09-29 14:48:53,42.1,5300,42.09,U
sh603650,彤程新材,2025-09-29 14:48:59,42.08,25800,42.09,D
sh603650,彤程新材,2025-09-29 14:49:02,42.08,5800,42.08,D
sh603650,彤程新材,2025-09-29 14:49:08,42.08,5300,42.07,U
sh603650,彤程新材,2025-09-29 14:49:29,42.09,7600,42.09,U
sh603650,彤程新材,2025-09-29 14:49:38,42.05,29000,42.09,D
sh603650,彤程新材,2025-09-29 14:49:41,42.05,11800,42.05,D
sh603650,彤程新材,2025-09-29 14:49:44,42.04,10600,42.05,D
sh603650,彤程新材,2025-09-29 14:49:50,42.05,6400,42.05,E
sh603650,彤程新材,2025-09-29 14:49:53,42.04,10700,42.05,D
sh603650,彤程新材,2025-09-29 14:50:02,42.05,8500,42.05,E
sh603650,彤程新材,2025-09-29 14:50:08,42.06,6100,42.04,U
sh603650,彤程新材,2025-09-29 14:50:14,42.05,13000,42.06,D
sh603650,彤程新材,2025-09-29 14:50:17,42.06,16500,42.05,E
sh603650,彤程新材,2025-09-29 14:50:23,42.04,4900,42.05,D
sh603650,彤程新材,2025-09-29 14:50:44,42.06,9200,42.06,D
sh603650,彤程新材,2025-09-29 14:50:47,42.06,11100,42.06,D
sh603650,彤程新材,2025-09-29 14:50:50,42.07,15400,42.06,U
sh603650,彤程新材,2025-09-29 14:50:53,42.07,5300,42.07,U
sh603650,彤程新材,2025-09-29 14:51:02,42.07,22200,42.07,D
sh603650,彤程新材,2025-09-29 14:51:05,42.07,13600,42.07,D
sh603650,彤程新材,2025-09-29 14:51:08,42.09,5200,42.07,U
sh603650,彤程新材,2025-09-29 14:51:17,42.09,5300,42.09,U
sh603650,彤程新材,2025-09-29 14:51:26,42.09,14200,42.09,U
sh603650,彤程新材,2025-09-29 14:51:32,42.1,9600,42.08,U
sh603650,彤程新材,2025-09-29 14:51:38,42.09,8400,42.1,D
sh603650,彤程新材,2025-09-29 14:51:44,42.1,9000,42.1,U
sh603650,彤程新材,2025-09-29 14:51:47,42.1,18900,42.1,U
sh603650,彤程新材,2025-09-29 14:51:50,42.1,7300,42.1,U
sh603650,彤程新材,2025-09-29 14:51:53,42.1,12200,42.1,U
sh603650,彤程新材,2025-09-29 14:51:56,42.1,12100,42.1,U
sh603650,彤程新材,2025-09-29 14:51:59,42.1,10800,42.1,U
sh603650,彤程新材,2025-09-29 14:52:02,42.1,10000,42.1,U
sh603650,彤程新材,2025-09-29 14:52:05,42.1,16300,42.1,U
sh603650,彤程新材,2025-09-29 14:52:11,42.09,24600,42.1,D
sh603650,彤程新材,2025-09-29 14:52:14,42.1,7600,42.09,U
sh603650,彤程新材,2025-09-29 14:52:20,42.1,8200,42.11,D
sh603650,彤程新材,2025-09-29 14:52:23,42.1,10800,42.1,D
sh603650,彤程新材,2025-09-29 14:52:35,42.13,17400,42.14,D
sh603650,彤程新材,2025-09-29 14:52:38,42.13,17500,42.13,U
sh603650,彤程新材,2025-09-29 14:52:47,42.13,26300,42.13,U
sh603650,彤程新材,2025-09-29 14:52:50,42.13,8800,42.13,U
sh603650,彤程新材,2025-09-29 14:52:53,42.13,10700,42.13,U
sh603650,彤程新材,2025-09-29 14:52:59,42.14,10600,42.13,U
sh603650,彤程新材,2025-09-29 14:53:02,42.14,11100,42.14,U
sh603650,彤程新材,2025-09-29 14:53:05,42.16,17400,42.14,U
sh603650,彤程新材,2025-09-29 14:53:11,42.17,13300,42.16,U
sh603650,彤程新材,2025-09-29 14:53:17,42.17,8500,42.16,U
sh603650,彤程新材,2025-09-29 14:53:20,42.17,24200,42.17,U
sh603650,彤程新材,2025-09-29 14:53:23,42.16,6300,42.17,U
sh603650,彤程新材,2025-09-29 14:53:29,42.15,32500,42.16,D
sh603650,彤程新材,2025-09-29 14:53:32,42.15,27100,42.15,U
sh603650,彤程新材,2025-09-29 14:53:35,42.15,6300,42.15,U
sh603650,彤程新材,2025-09-29 14:53:38,42.16,23900,42.15,U
sh603650,彤程新材,2025-09-29 14:53:41,42.16,6800,42.16,U
sh603650,彤程新材,2025-09-29 14:53:44,42.15,22300,42.16,D
sh603650,彤程新材,2025-09-29 14:53:50,42.15,45200,42.17,D
sh603650,彤程新材,2025-09-29 14:53:53,42.17,7200,42.15,U
sh603650,彤程新材,2025-09-29 14:53:56,42.16,5300,42.17,D
sh603650,彤程新材,2025-09-29 14:53:59,42.17,22600,42.16,D
sh603650,彤程新材,2025-09-29 14:54:02,42.18,20900,42.17,U
sh603650,彤程新材,2025-09-29 14:54:05,42.17,4800,42.18,D
sh603650,彤程新材,2025-09-29 14:54:08,42.18,19400,42.17,U
sh603650,彤程新材,2025-09-29 14:54:11,42.18,6600,42.18,U
sh603650,彤程新材,2025-09-29 14:54:17,42.18,5600,42.18,D
sh603650,彤程新材,2025-09-29 14:54:20,42.19,6100,42.18,U
sh603650,彤程新材,2025-09-29 14:54:23,42.19,47300,42.19,U
sh603650,彤程新材,2025-09-29 14:54:26,42.19,5700,42.19,U
sh603650,彤程新材,2025-09-29 14:54:41,42.2,9700,42.2,U
sh603650,彤程新材,2025-09-29 14:54:44,42.21,9500,42.2,U
sh603650,彤程新材,2025-09-29 14:54:50,42.21,101500,42.21,E
sh603650,彤程新材,2025-09-29 14:54:53,42.26,5300,42.21,U
sh603650,彤程新材,2025-09-29 14:54:59,42.25,13700,42.23,U
sh603650,彤程新材,2025-09-29 14:55:02,42.25,20100,42.25,U
sh603650,彤程新材,2025-09-29 14:55:05,42.24,10300,42.25,D
sh603650,彤程新材,2025-09-29 14:55:08,42.26,21600,42.24,U
sh603650,彤程新材,2025-09-29 14:55:11,42.24,9100,42.26,D
sh603650,彤程新材,2025-09-29 14:55:14,42.19,30500,42.24,D
sh603650,彤程新材,2025-09-29 14:55:17,42.2,16100,42.19,D
sh603650,彤程新材,2025-09-29 14:55:20,42.19,36900,42.2,D
sh603650,彤程新材,2025-09-29 14:55:23,42.21,6500,42.19,U
sh603650,彤程新材,2025-09-29 14:55:26,42.2,11800,42.21,E
sh603650,彤程新材,2025-09-29 14:55:29,42.2,13300,42.2,U
sh603650,彤程新材,2025-09-29 14:55:32,42.19,9800,42.2,D
sh603650,彤程新材,2025-09-29 14:55:35,42.19,13600,42.19,U
sh603650,彤程新材,2025-09-29 14:55:38,42.18,13800,42.19,E
sh603650,彤程新材,2025-09-29 14:55:41,42.16,17200,42.18,D
sh603650,彤程新材,2025-09-29 14:55:44,42.15,10200,42.16,D
sh603650,彤程新材,2025-09-29 14:55:47,42.14,13000,42.15,D
sh603650,彤程新材,2025-09-29 14:55:50,42.11,16000,42.14,D
sh603650,彤程新材,2025-09-29 14:55:53,42.1,12700,42.11,D
sh603650,彤程新材,2025-09-29 14:55:56,42.08,8100,42.1,D
sh603650,彤程新材,2025-09-29 14:55:59,42.14,12300,42.08,U
sh603650,彤程新材,2025-09-29 14:56:02,42.09,6200,42.14,D
sh603650,彤程新材,2025-09-29 14:56:05,42.1,18000,42.09,U
sh603650,彤程新材,2025-09-29 14:56:08,42.1,21100,42.1,U
sh603650,彤程新材,2025-09-29 14:56:11,42.12,19400,42.1,U
sh603650,彤程新材,2025-09-29 14:56:14,42.09,9900,42.12,D
sh603650,彤程新材,2025-09-29 14:56:17,42.11,19200,42.09,U
sh603650,彤程新材,2025-09-29 14:56:20,42.1,26700,42.11,D
sh603650,彤程新材,2025-09-29 14:56:23,42.14,13600,42.1,U
sh603650,彤程新材,2025-09-29 14:56:29,42.12,11400,42.14,D
sh603650,彤程新材,2025-09-29 14:56:32,42.09,20600,42.12,D
sh603650,彤程新材,2025-09-29 14:56:35,42.07,39300,42.09,D
sh603650,彤程新材,2025-09-29 14:56:38,42.07,55806,42.07,U
sh603650,彤程新材,2025-09-29 14:56:41,42.02,49800,42.07,D
sh603650,彤程新材,2025-09-29 14:56:44,42.07,30744,42.02,U
sh603650,彤程新材,2025-09-29 14:56:47,42.05,8556,42.07,D
sh603650,彤程新材,2025-09-29 14:56:50,42.02,18144,42.05,D
sh603650,彤程新材,2025-09-29 14:56:53,42.05,16900,42.02,U
sh603650,彤程新材,2025-09-29 15:00:01,42.21,236000,42.11,U
