symbol,name,ticktime,price,volume,prev_price,kind
sh603650,彤程新材,2025-10-10 09:25:01,42.9,458700,0.0,U
sh603650,彤程新材,2025-10-10 09:30:00,43.0,18100,42.9,U
sh603650,彤程新材,2025-10-10 09:30:03,43.18,34900,43.0,U
sh603650,彤程新材,2025-10-10 09:30:06,43.11,57100,43.18,D
sh603650,彤程新材,2025-10-10 09:30:09,43.15,36800,43.11,E
sh603650,彤程新材,2025-10-10 09:30:12,43.32,40500,43.15,U
sh603650,彤程新材,2025-10-10 09:30:15,43.02,36000,43.32,D
sh603650,彤程新材,2025-10-10 09:30:18,43.3,38100,43.02,E
sh603650,彤程新材,2025-10-10 09:30:21,43.01,79300,43.3,D
sh603650,彤程新材,2025-10-10 09:30:24,43.0,39100,43.01,D
sh603650,彤程新材,2025-10-10 09:30:27,43.13,47100,43.0,E
sh603650,彤程新材,2025-10-10 09:30:30,43.29,43000,43.13,U
sh603650,彤程新材,2025-10-10 09:30:33,43.22,30100,43.29,E
sh603650,彤程新材,2025-10-10 09:30:36,43.14,47200,43.22,D
sh603650,彤程新材,2025-10-10 09:30:39,43.17,39200,43.14,D
sh603650,彤程新材,2025-10-10 09:30:42,43.24,31200,43.17,U
sh603650,彤程新材,2025-10-10 09:30:45,43.32,23200,43.24,U
sh603650,彤程新材,2025-10-10 09:30:48,43.39,28100,43.32,U
sh603650,彤程新材,2025-10-10 09:30:51,43.4,6800,43.39,U
sh603650,彤程新材,2025-10-10 09:30:54,43.49,8000,43.4,U
sh603650,彤程新材,2025-10-10 09:30:57,43.4,9400,43.49,D
sh603650,彤程新材,2025-10-10 09:31:00,43.48,11300,43.4,U
sh603650,彤程新材,2025-10-10 09:31:03,43.37,21600,43.48,D
sh603650,彤程新材,2025-10-10 09:31:06,43.29,37300,43.37,D
sh603650,彤程新材,2025-10-10 09:31:09,43.27,39800,43.29,E
sh603650,彤程新材,2025-10-10 09:31:12,43.27,30200,43.27,U
sh603650,彤程新材,2025-10-10 09:31:15,43.26,66000,43.27,D
sh603650,彤程新材,2025-10-10 09:31:18,43.17,17500,43.26,E
sh603650,彤程新材,2025-10-10 09:31:21,43.17,53900,43.17,U
sh603650,彤程新材,2025-10-10 09:31:24,43.17,41700,43.17,D
sh603650,彤程新材,2025-10-10 09:31:27,43.18,32700,43.17,D
sh603650,彤程新材,2025-10-10 09:31:30,43.2,14100,43.18,U
sh603650,彤程新材,2025-10-10 09:31:33,43.26,14400,43.2,U
sh603650,彤程新材,2025-10-10 09:31:36,43.26,38900,43.26,D
sh603650,彤程新材,2025-10-10 09:31:39,43.27,26700,43.26,E
sh603650,彤程新材,2025-10-10 09:31:42,43.38,22600,43.27,U
sh603650,彤程新材,2025-10-10 09:31:45,43.37,21600,43.38,E
sh603650,彤程新材,2025-10-10 09:31:48,43.38,28800,43.37,U
sh603650,彤程新材,2025-10-10 09:31:51,43.45,10500,43.38,U
sh603650,彤程新材,2025-10-10 09:31:54,43.38,16000,43.45,D
sh603650,彤程新材,2025-10-10 09:31:57,43.49,5500,43.38,U
sh603650,彤程新材,2025-10-10 09:32:00,43.29,29500,43.49,D
sh603650,彤程新材,2025-10-10 09:32:03,43.45,15700,43.29,E
sh603650,彤程新材,2025-10-10 09:32:06,43.4,28100,43.45,E
sh603650,彤程新材,2025-10-10 09:32:09,43.45,20700,43.4,U
sh603650,彤程新材,2025-10-10 09:32:12,43.45,26300,43.45,U
sh603650,彤程新材,2025-10-10 09:32:15,43.47,16400,43.45,U
sh603650,彤程新材,2025-10-10 09:32:18,43.5,20700,43.47,U
sh603650,彤程新材,2025-10-10 09:32:21,43.5,17600,43.5,D
sh603650,彤程新材,2025-10-10 09:32:24,43.48,31100,43.5,D
sh603650,彤程新材,2025-10-10 09:32:27,43.48,66000,43.48,U
sh603650,彤程新材,2025-10-10 09:32:30,43.47,28500,43.48,D
sh603650,彤程新材,2025-10-10 09:32:33,43.45,7900,43.47,D
sh603650,彤程新材,2025-10-10 09:32:36,43.41,11200,43.45,D
sh603650,彤程新材,2025-10-10 09:32:39,43.4,8000,43.41,D
sh603650,彤程新材,2025-10-10 09:32:42,43.36,19300,43.4,D
sh603650,彤程新材,2025-10-10 09:32:48,43.3,21300,43.3,D
sh603650,彤程新材,2025-10-10 09:32:51,43.3,12800,43.3,D
sh603650,彤程新材,2025-10-10 09:32:54,43.29,52700,43.3,D
sh603650,彤程新材,2025-10-10 09:32:57,43.29,10700,43.29,U
sh603650,彤程新材,2025-10-10 09:33:00,43.32,67100,43.29,U
sh603650,彤程新材,2025-10-10 09:33:03,43.4,49800,43.32,U
sh603650,彤程新材,2025-10-10 09:33:06,43.43,44198,43.4,U
sh603650,彤程新材,2025-10-10 09:33:09,43.5,25296,43.43,U
sh603650,彤程新材,2025-10-10 09:33:12,43.58,21100,43.5,U
sh603650,彤程新材,2025-10-10 09:33:15,43.61,23300,43.58,U
sh603650,彤程新材,2025-10-10 09:33:18,43.64,27500,43.61,U
sh603650,彤程新材,2025-10-10 09:33:21,43.69,31400,43.64,U
sh603650,彤程新材,2025-10-10 09:33:24,43.79,12400,43.69,U
sh603650,彤程新材,2025-10-10 09:33:27,43.76,33525,43.79,D
sh603650,彤程新材,2025-10-10 09:33:30,43.68,16500,43.76,D
sh603650,彤程新材,2025-10-10 09:33:33,43.69,20600,43.68,E
sh603650,彤程新材,2025-10-10 09:33:36,43.67,58300,43.69,D
sh603650,彤程新材,2025-10-10 09:33:39,43.6,8300,43.67,D
sh603650,彤程新材,2025-10-10 09:33:42,43.52,5600,43.6,D
sh603650,彤程新材,2025-10-10 09:33:45,43.52,16100,43.52,D
sh603650,彤程新材,2025-10-10 09:33:48,43.44,65400,43.52,D
sh603650,彤程新材,2025-10-10 09:33:51,43.52,10800,43.44,U
sh603650,彤程新材,2025-10-10 09:33:54,43.4,39000,43.52,D
sh603650,彤程新材,2025-10-10 09:33:57,43.4,7200,43.4,U
sh603650,彤程新材,2025-10-10 09:34:00,43.42,9000,43.4,U
sh603650,彤程新材,2025-10-10 09:34:03,43.5,7800,43.42,U
sh603650,彤程新材,2025-10-10 09:34:09,43.47,16400,43.5,E
sh603650,彤程新材,2025-10-10 09:34:12,43.46,18400,43.47,D
sh603650,彤程新材,2025-10-10 09:34:15,43.5,24800,43.46,U
sh603650,彤程新材,2025-10-10 09:34:18,43.53,5400,43.5,U
sh603650,彤程新材,2025-10-10 09:34:21,43.56,17100,43.53,E
sh603650,彤程新材,2025-10-10 09:34:27,43.69,9100,43.66,U
sh603650,彤程新材,2025-10-10 09:34:33,43.66,15800,43.67,D
sh603650,彤程新材,2025-10-10 09:34:36,43.63,10300,43.66,E
sh603650,彤程新材,2025-10-10 09:34:39,43.58,30000,43.63,D
sh603650,彤程新材,2025-10-10 09:34:42,43.6,13400,43.58,D
sh603650,彤程新材,2025-10-10 09:34:45,43.6,12800,43.6,E
sh603650,彤程新材,2025-10-10 09:34:48,43.62,22000,43.6,U
sh603650,彤程新材,2025-10-10 09:34:54,43.65,11800,43.61,U
sh603650,彤程新材,2025-10-10 09:34:57,43.62,9500,43.65,D
sh603650,彤程新材,2025-10-10 09:35:00,43.65,23600,43.62,U
sh603650,彤程新材,2025-10-10 09:35:03,43.6,18800,43.65,E
sh603650,彤程新材,2025-10-10 09:35:06,43.57,13700,43.6,E
sh603650,彤程新材,2025-10-10 09:35:09,43.56,10500,43.57,D
sh603650,彤程新材,2025-10-10 09:35:12,43.6,10500,43.56,E
sh603650,彤程新材,2025-10-10 09:35:15,43.57,23500,43.6,E
sh603650,彤程新材,2025-10-10 09:35:18,43.48,15100,43.57,D
sh603650,彤程新材,2025-10-10 09:35:21,43.45,90800,43.48,D
sh603650,彤程新材,2025-10-10 09:35:27,43.4,12600,43.45,D
sh603650,彤程新材,2025-10-10 09:35:33,43.41,5800,43.4,E
sh603650,彤程新材,2025-10-10 09:35:36,43.51,27300,43.41,U
sh603650,彤程新材,2025-10-10 09:35:57,43.43,12100,43.43,D
sh603650,彤程新材,2025-10-10 09:36:00,43.47,34700,43.43,U
sh603650,彤程新材,2025-10-10 09:36:03,43.43,19800,43.47,D
sh603650,彤程新材,2025-10-10 09:36:06,43.46,25800,43.43,E
sh603650,彤程新材,2025-10-10 09:36:09,43.4,5600,43.46,D
sh603650,彤程新材,2025-10-10 09:36:12,43.39,7000,43.4,D
sh603650,彤程新材,2025-10-10 09:36:15,43.35,24700,43.39,D
sh603650,彤程新材,2025-10-10 09:36:18,43.28,8700,43.35,D
sh603650,彤程新材,2025-10-10 09:36:21,43.27,4800,43.28,D
sh603650,彤程新材,2025-10-10 09:36:24,43.26,5100,43.27,E
sh603650,彤程新材,2025-10-10 09:36:27,43.33,23400,43.26,U
sh603650,彤程新材,2025-10-10 09:36:30,43.29,17700,43.33,D
sh603650,彤程新材,2025-10-10 09:36:33,43.29,9200,43.29,D
sh603650,彤程新材,2025-10-10 09:36:36,43.29,14500,43.29,D
sh603650,彤程新材,2025-10-10 09:36:39,43.29,9100,43.29,U
sh603650,彤程新材,2025-10-10 09:36:45,43.29,11000,43.26,U
sh603650,彤程新材,2025-10-10 09:36:48,43.26,11100,43.29,E
sh603650,彤程新材,2025-10-10 09:36:51,43.24,20900,43.26,D
sh603650,彤程新材,2025-10-10 09:36:54,43.26,13500,43.24,U
sh603650,彤程新材,2025-10-10 09:36:57,43.24,12700,43.26,D
sh603650,彤程新材,2025-10-10 09:37:00,43.24,10600,43.24,D
sh603650,彤程新材,2025-10-10 09:37:03,43.21,6800,43.24,D
sh603650,彤程新材,2025-10-10 09:37:06,43.24,25400,43.21,U
sh603650,彤程新材,2025-10-10 09:37:09,43.3,37000,43.24,U
sh603650,彤程新材,2025-10-10 09:37:12,43.38,26400,43.3,U
sh603650,彤程新材,2025-10-10 09:37:15,43.39,7400,43.38,U
sh603650,彤程新材,2025-10-10 09:37:18,43.4,22700,43.39,U
sh603650,彤程新材,2025-10-10 09:37:21,43.37,15000,43.4,D
sh603650,彤程新材,2025-10-10 09:37:24,43.41,74500,43.37,U
sh603650,彤程新材,2025-10-10 09:37:27,43.37,16500,43.41,D
sh603650,彤程新材,2025-10-10 09:37:30,43.46,6000,43.37,E
sh603650,彤程新材,2025-10-10 09:37:33,43.46,6400,43.46,U
sh603650,彤程新材,2025-10-10 09:37:39,43.49,5800,43.46,U
sh603650,彤程新材,2025-10-10 09:37:42,43.52,7100,43.49,U
sh603650,彤程新材,2025-10-10 09:37:45,43.46,5400,43.52,D
sh603650,彤程新材,2025-10-10 09:37:48,43.45,15900,43.46,D
sh603650,彤程新材,2025-10-10 09:37:54,43.46,18900,43.41,U
sh603650,彤程新材,2025-10-10 09:37:57,43.44,8300,43.46,D
sh603650,彤程新材,2025-10-10 09:38:03,43.5,41300,43.43,U
sh603650,彤程新材,2025-10-10 09:38:06,43.46,15100,43.5,D
sh603650,彤程新材,2025-10-10 09:38:09,43.46,5200,43.46,D
sh603650,彤程新材,2025-10-10 09:38:12,43.51,14300,43.46,U
sh603650,彤程新材,2025-10-10 09:38:15,43.51,6100,43.51,D
sh603650,彤程新材,2025-10-10 09:38:18,43.47,8500,43.51,D
sh603650,彤程新材,2025-10-10 09:38:24,43.43,16600,43.46,D
sh603650,彤程新材,2025-10-10 09:38:27,43.39,23800,43.43,D
sh603650,彤程新材,2025-10-10 09:38:33,43.37,15900,43.41,D
sh603650,彤程新材,2025-10-10 09:38:36,43.31,7200,43.37,D
sh603650,彤程新材,2025-10-10 09:38:39,43.35,5800,43.31,U
sh603650,彤程新材,2025-10-10 09:38:42,43.3,13700,43.35,D
sh603650,彤程新材,2025-10-10 09:38:45,43.28,5300,43.3,D
sh603650,彤程新材,2025-10-10 09:38:48,43.29,7500,43.28,U
sh603650,彤程新材,2025-10-10 09:38:51,43.28,5200,43.29,E
sh603650,彤程新材,2025-10-10 09:38:54,43.27,6900,43.28,U
sh603650,彤程新材,2025-10-10 09:39:00,43.2,7500,43.24,D
sh603650,彤程新材,2025-10-10 09:39:03,43.18,10500,43.2,D
sh603650,彤程新材,2025-10-10 09:39:06,43.15,18700,43.18,D
sh603650,彤程新材,2025-10-10 09:39:09,43.1,12100,43.15,D
sh603650,彤程新材,2025-10-10 09:39:15,43.05,8300,43.08,D
sh603650,彤程新材,2025-10-10 09:39:21,43.01,10900,43.02,D
sh603650,彤程新材,2025-10-10 09:39:24,43.0,12800,43.01,D
sh603650,彤程新材,2025-10-10 09:39:27,43.0,18300,43.0,D
sh603650,彤程新材,2025-10-10 09:39:30,42.99,23600,43.0,D
sh603650,彤程新材,2025-10-10 09:39:33,42.91,60900,42.99,D
sh603650,彤程新材,2025-10-10 09:39:36,42.99,38300,42.91,U
sh603650,彤程新材,2025-10-10 09:39:39,43.04,77100,42.99,U
sh603650,彤程新材,2025-10-10 09:39:42,43.04,74700,43.04,D
sh603650,彤程新材,2025-10-10 09:39:45,43.08,13100,43.04,U
sh603650,彤程新材,2025-10-10 09:39:48,43.05,8200,43.08,D
sh603650,彤程新材,2025-10-10 09:39:51,43.06,15100,43.05,E
sh603650,彤程新材,2025-10-10 09:39:54,43.08,16700,43.06,U
sh603650,彤程新材,2025-10-10 09:39:57,43.06,29700,43.08,D
sh603650,彤程新材,2025-10-10 09:40:00,43.08,12900,43.06,D
sh603650,彤程新材,2025-10-10 09:40:03,43.15,30300,43.08,U
sh603650,彤程新材,2025-10-10 09:40:06,43.09,11600,43.15,D
sh603650,彤程新材,2025-10-10 09:40:12,43.11,8600,43.12,D
sh603650,彤程新材,2025-10-10 09:40:18,43.08,28000,43.08,D
sh603650,彤程新材,2025-10-10 09:40:21,43.08,4900,43.08,U
sh603650,彤程新材,2025-10-10 09:40:24,43.04,25600,43.08,D
sh603650,彤程新材,2025-10-10 09:40:30,43.0,8400,43.04,D
sh603650,彤程新材,2025-10-10 09:40:33,43.0,13200,43.0,U
sh603650,彤程新材,2025-10-10 09:40:42,42.96,8400,42.96,D
sh603650,彤程新材,2025-10-10 09:40:45,42.93,10800,42.96,D
sh603650,彤程新材,2025-10-10 09:40:48,42.91,19800,42.93,D
sh603650,彤程新材,2025-10-10 09:40:51,42.91,5600,42.91,D
sh603650,彤程新材,2025-10-10 09:40:54,42.9,43600,42.91,D
sh603650,彤程新材,2025-10-10 09:40:57,42.88,15900,42.9,D
sh603650,彤程新材,2025-10-10 09:41:00,42.88,20400,42.88,D
sh603650,彤程新材,2025-10-10 09:41:03,42.87,34100,42.88,E
sh603650,彤程新材,2025-10-10 09:41:06,42.9,22200,42.87,U
sh603650,彤程新材,2025-10-10 09:41:09,42.83,25800,42.9,D
sh603650,彤程新材,2025-10-10 09:41:12,42.87,13600,42.83,U
sh603650,彤程新材,2025-10-10 09:41:15,42.86,9600,42.87,D
sh603650,彤程新材,2025-10-10 09:41:18,42.87,6200,42.86,U
sh603650,彤程新材,2025-10-10 09:41:21,42.95,71500,42.87,U
sh603650,彤程新材,2025-10-10 09:41:24,42.95,10500,42.95,U
sh603650,彤程新材,2025-10-10 09:41:27,42.97,10100,42.95,U
sh603650,彤程新材,2025-10-10 09:41:30,42.95,19600,42.97,U
sh603650,彤程新材,2025-10-10 09:41:33,42.99,14400,42.95,U
sh603650,彤程新材,2025-10-10 09:41:36,43.04,13600,42.99,U
sh603650,彤程新材,2025-10-10 09:41:39,43.0,6300,43.04,D
sh603650,彤程新材,2025-10-10 09:41:42,43.0,9500,43.0,D
sh603650,彤程新材,2025-10-10 09:41:45,43.08,19800,43.0,U
sh603650,彤程新材,2025-10-10 09:41:51,43.08,6800,43.12,E
sh603650,彤程新材,2025-10-10 09:41:54,43.12,10700,43.08,U
sh603650,彤程新材,2025-10-10 09:42:06,43.12,7400,43.08,U
sh603650,彤程新材,2025-10-10 09:42:09,43.08,12400,43.12,E
sh603650,彤程新材,2025-10-10 09:42:12,43.08,7500,43.08,E
sh603650,彤程新材,2025-10-10 09:42:15,43.08,4700,43.08,U
sh603650,彤程新材,2025-10-10 09:42:18,43.08,46100,43.08,U
sh603650,彤程新材,2025-10-10 09:42:21,43.15,31447,43.08,U
sh603650,彤程新材,2025-10-10 09:42:24,43.25,37000,43.15,U
sh603650,彤程新材,2025-10-10 09:42:27,43.25,7000,43.25,D
sh603650,彤程新材,2025-10-10 09:42:36,43.21,16500,43.22,D
sh603650,彤程新材,2025-10-10 09:42:42,43.15,6700,43.17,D
sh603650,彤程新材,2025-10-10 09:42:51,43.17,15000,43.15,U
sh603650,彤程新材,2025-10-10 09:42:54,43.2,19700,43.17,U
sh603650,彤程新材,2025-10-10 09:43:00,43.22,16300,43.2,E
sh603650,彤程新材,2025-10-10 09:43:03,43.2,6100,43.22,U
sh603650,彤程新材,2025-10-10 09:43:06,43.22,14100,43.2,U
sh603650,彤程新材,2025-10-10 09:43:09,43.23,27400,43.22,D
sh603650,彤程新材,2025-10-10 09:43:12,43.2,5500,43.23,D
sh603650,彤程新材,2025-10-10 09:43:15,43.19,14000,43.2,D
sh603650,彤程新材,2025-10-10 09:43:18,43.19,4900,43.19,D
sh603650,彤程新材,2025-10-10 09:43:21,43.18,11300,43.19,D
sh603650,彤程新材,2025-10-10 09:43:24,43.15,9900,43.18,D
sh603650,彤程新材,2025-10-10 09:43:33,43.12,8600,43.12,D
sh603650,彤程新材,2025-10-10 09:43:45,43.05,8300,43.08,D
sh603650,彤程新材,2025-10-10 09:43:48,43.01,4800,43.05,D
sh603650,彤程新材,2025-10-10 09:43:54,43.0,5900,43.0,D
sh603650,彤程新材,2025-10-10 09:43:57,43.0,16500,43.0,D
sh603650,彤程新材,2025-10-10 09:44:00,43.0,9900,43.0,U
sh603650,彤程新材,2025-10-10 09:44:03,42.99,12100,43.0,D
sh603650,彤程新材,2025-10-10 09:44:18,42.95,4900,42.96,D
sh603650,彤程新材,2025-10-10 09:44:21,43.01,105200,42.95,U
sh603650,彤程新材,2025-10-10 09:44:24,43.05,13300,43.01,U
sh603650,彤程新材,2025-10-10 09:44:27,43.05,5700,43.05,U
sh603650,彤程新材,2025-10-10 09:44:30,43.01,6800,43.05,D
sh603650,彤程新材,2025-10-10 09:44:42,43.01,5800,43.05,D
sh603650,彤程新材,2025-10-10 09:44:48,43.0,5700,43.01,D
sh603650,彤程新材,2025-10-10 09:44:54,42.97,5700,42.99,D
sh603650,彤程新材,2025-10-10 09:44:57,43.0,8300,42.97,U
sh603650,彤程新材,2025-10-10 09:45:03,42.96,8200,42.97,D
sh603650,彤程新材,2025-10-10 09:45:09,42.95,37300,42.96,D
sh603650,彤程新材,2025-10-10 09:45:12,42.96,5700,42.95,U
sh603650,彤程新材,2025-10-10 09:45:15,42.97,6700,42.96,U
sh603650,彤程新材,2025-10-10 09:45:18,42.97,7400,42.97,D
sh603650,彤程新材,2025-10-10 09:45:21,42.95,11000,42.97,D
sh603650,彤程新材,2025-10-10 09:45:24,42.97,13000,42.95,E
sh603650,彤程新材,2025-10-10 09:45:27,43.05,31800,42.97,U
sh603650,彤程新材,2025-10-10 09:45:30,43.1,29400,43.05,U
sh603650,彤程新材,2025-10-10 09:45:33,43.11,13400,43.1,D
sh603650,彤程新材,2025-10-10 09:45:42,43.11,25000,43.13,D
sh603650,彤程新材,2025-10-10 09:45:45,43.05,16600,43.11,D
sh603650,彤程新材,2025-10-10 09:45:48,43.05,6000,43.05,D
sh603650,彤程新材,2025-10-10 09:46:00,43.08,9900,43.06,E
sh603650,彤程新材,2025-10-10 09:46:03,43.17,14800,43.08,U
sh603650,彤程新材,2025-10-10 09:46:06,43.23,6500,43.17,U
sh603650,彤程新材,2025-10-10 09:46:09,43.26,14800,43.23,U
sh603650,彤程新材,2025-10-10 09:46:12,43.32,15500,43.26,U
sh603650,彤程新材,2025-10-10 09:46:15,43.33,11349,43.32,U
sh603650,彤程新材,2025-10-10 09:46:21,43.36,13600,43.35,U
sh603650,彤程新材,2025-10-10 09:46:24,43.38,12000,43.36,U
sh603650,彤程新材,2025-10-10 09:46:27,43.38,5800,43.38,U
sh603650,彤程新材,2025-10-10 09:46:36,43.31,22400,43.4,D
sh603650,彤程新材,2025-10-10 09:46:39,43.31,16800,43.31,D
sh603650,彤程新材,2025-10-10 09:46:42,43.31,5700,43.31,U
sh603650,彤程新材,2025-10-10 09:46:45,43.31,4900,43.31,U
sh603650,彤程新材,2025-10-10 09:46:48,43.25,7200,43.31,D
sh603650,彤程新材,2025-10-10 09:46:51,43.29,22700,43.25,U
sh603650,彤程新材,2025-10-10 09:47:03,43.19,15700,43.22,D
sh603650,彤程新材,2025-10-10 09:47:06,43.17,39300,43.19,D
sh603650,彤程新材,2025-10-10 09:47:09,43.17,51400,43.17,D
sh603650,彤程新材,2025-10-10 09:47:18,43.12,5400,43.12,D
sh603650,彤程新材,2025-10-10 09:47:21,43.1,6000,43.12,D
sh603650,彤程新材,2025-10-10 09:47:36,43.06,4800,43.06,D
sh603650,彤程新材,2025-10-10 09:47:45,43.1,23800,43.07,U
sh603650,彤程新材,2025-10-10 09:47:51,43.12,23900,43.11,D
sh603650,彤程新材,2025-10-10 09:47:54,43.12,5400,43.12,D
sh603650,彤程新材,2025-10-10 09:47:57,43.12,10400,43.12,U
sh603650,彤程新材,2025-10-10 09:48:00,43.11,10600,43.12,D
sh603650,彤程新材,2025-10-10 09:48:03,43.1,8400,43.11,D
sh603650,彤程新材,2025-10-10 09:48:06,43.15,22800,43.1,U
sh603650,彤程新材,2025-10-10 09:48:21,43.13,8300,43.15,D
sh603650,彤程新材,2025-10-10 09:48:24,43.12,5400,43.13,D
sh603650,彤程新材,2025-10-10 09:48:27,43.13,6800,43.12,E
sh603650,彤程新材,2025-10-10 09:48:36,43.1,7700,43.12,D
sh603650,彤程新材,2025-10-10 09:48:39,43.08,16400,43.1,D
sh603650,彤程新材,2025-10-10 09:48:48,43.07,5200,43.07,D
sh603650,彤程新材,2025-10-10 09:48:51,43.07,6800,43.07,D
sh603650,彤程新材,2025-10-10 09:48:54,43.07,5800,43.07,U
sh603650,彤程新材,2025-10-10 09:48:57,43.07,20100,43.07,U
sh603650,彤程新材,2025-10-10 09:49:00,43.09,17000,43.07,U
sh603650,彤程新材,2025-10-10 09:49:03,43.12,22200,43.09,U
sh603650,彤程新材,2025-10-10 09:49:06,43.2,7600,43.12,U
sh603650,彤程新材,2025-10-10 09:49:09,43.21,28300,43.2,U
sh603650,彤程新材,2025-10-10 09:49:12,43.24,10000,43.21,U
sh603650,彤程新材,2025-10-10 09:49:15,43.29,7000,43.24,U
sh603650,彤程新材,2025-10-10 09:49:21,43.26,4700,43.29,D
sh603650,彤程新材,2025-10-10 09:49:24,43.25,8900,43.26,D
sh603650,彤程新材,2025-10-10 09:49:33,43.25,7200,43.25,U
sh603650,彤程新材,2025-10-10 09:49:39,43.22,4700,43.23,D
sh603650,彤程新材,2025-10-10 09:49:45,43.22,10100,43.24,E
sh603650,彤程新材,2025-10-10 09:49:54,43.25,7300,43.21,U
sh603650,彤程新材,2025-10-10 09:50:03,43.26,26500,43.24,U
sh603650,彤程新材,2025-10-10 09:50:06,43.25,16900,43.26,D
sh603650,彤程新材,2025-10-10 09:50:15,43.37,47600,43.25,U
sh603650,彤程新材,2025-10-10 09:50:18,43.51,65500,43.37,U
sh603650,彤程新材,2025-10-10 09:50:21,43.51,16500,43.51,D
sh603650,彤程新材,2025-10-10 09:50:24,43.51,10500,43.51,U
sh603650,彤程新材,2025-10-10 09:50:30,43.49,9500,43.52,D
sh603650,彤程新材,2025-10-10 09:50:33,43.53,8300,43.49,U
sh603650,彤程新材,2025-10-10 09:50:39,43.67,77300,43.55,U
sh603650,彤程新材,2025-10-10 09:50:42,43.68,12500,43.67,U
sh603650,彤程新材,2025-10-10 09:50:45,43.75,29900,43.68,U
sh603650,彤程新材,2025-10-10 09:50:48,43.75,13500,43.75,U
sh603650,彤程新材,2025-10-10 09:50:51,43.81,36400,43.75,U
sh603650,彤程新材,2025-10-10 09:50:54,43.81,10800,43.81,U
sh603650,彤程新材,2025-10-10 09:51:00,43.89,25600,43.81,U
sh603650,彤程新材,2025-10-10 09:51:03,43.92,49900,43.89,U
sh603650,彤程新材,2025-10-10 09:51:06,43.91,11900,43.92,D
sh603650,彤程新材,2025-10-10 09:51:09,43.89,9400,43.91,D
sh603650,彤程新材,2025-10-10 09:51:12,43.88,4600,43.89,D
sh603650,彤程新材,2025-10-10 09:51:15,43.9,19700,43.88,U
sh603650,彤程新材,2025-10-10 09:51:18,43.85,9100,43.9,D
sh603650,彤程新材,2025-10-10 09:51:21,43.85,16500,43.85,D
sh603650,彤程新材,2025-10-10 09:51:24,43.85,7200,43.85,U
sh603650,彤程新材,2025-10-10 09:51:27,43.85,5800,43.85,U
sh603650,彤程新材,2025-10-10 09:51:30,43.88,8500,43.85,E
sh603650,彤程新材,2025-10-10 09:51:33,43.85,9600,43.88,D
sh603650,彤程新材,2025-10-10 09:51:36,43.85,7400,43.85,D
sh603650,彤程新材,2025-10-10 09:51:39,43.89,6600,43.85,U
sh603650,彤程新材,2025-10-10 09:51:42,43.88,14000,43.89,D
sh603650,彤程新材,2025-10-10 09:51:48,43.86,7700,43.89,D
sh603650,彤程新材,2025-10-10 09:51:51,43.86,24600,43.86,D
sh603650,彤程新材,2025-10-10 09:51:54,43.86,32400,43.86,U
sh603650,彤程新材,2025-10-10 09:51:57,43.83,8400,43.86,D
sh603650,彤程新材,2025-10-10 09:52:00,43.83,8200,43.83,U
sh603650,彤程新材,2025-10-10 09:52:03,43.82,12500,43.83,D
sh603650,彤程新材,2025-10-10 09:52:06,43.8,6600,43.82,D
sh603650,彤程新材,2025-10-10 09:52:09,43.8,32600,43.8,D
sh603650,彤程新材,2025-10-10 09:52:12,43.8,16200,43.8,D
sh603650,彤程新材,2025-10-10 09:52:15,43.8,9400,43.8,D
sh603650,彤程新材,2025-10-10 09:52:18,43.8,13300,43.8,U
sh603650,彤程新材,2025-10-10 09:52:21,43.79,13300,43.8,D
sh603650,彤程新材,2025-10-10 09:52:27,43.71,10000,43.77,D
sh603650,彤程新材,2025-10-10 09:52:33,43.62,8900,43.67,D
sh603650,彤程新材,2025-10-10 09:52:57,43.6,7500,43.56,U
sh603650,彤程新材,2025-10-10 09:53:00,43.66,23800,43.6,U
sh603650,彤程新材,2025-10-10 09:53:03,43.64,7400,43.66,E
sh603650,彤程新材,2025-10-10 09:53:06,43.66,31300,43.64,U
sh603650,彤程新材,2025-10-10 09:53:15,43.68,7100,43.68,U
sh603650,彤程新材,2025-10-10 09:53:21,43.7,13400,43.69,U
sh603650,彤程新材,2025-10-10 09:53:24,43.71,20275,43.7,U
sh603650,彤程新材,2025-10-10 09:53:27,43.82,10300,43.71,U
sh603650,彤程新材,2025-10-10 09:53:30,43.8,4900,43.82,D
sh603650,彤程新材,2025-10-10 09:53:33,43.8,4900,43.8,D
sh603650,彤程新材,2025-10-10 09:53:42,43.82,7700,43.83,D
sh603650,彤程新材,2025-10-10 09:53:45,43.8,18400,43.82,D
sh603650,彤程新材,2025-10-10 09:53:48,43.82,11300,43.8,D
sh603650,彤程新材,2025-10-10 09:53:54,43.8,22300,43.82,D
sh603650,彤程新材,2025-10-10 09:53:57,43.8,25600,43.8,D
sh603650,彤程新材,2025-10-10 09:54:00,43.76,25200,43.8,D
sh603650,彤程新材,2025-10-10 09:54:03,43.79,9700,43.76,E
sh603650,彤程新材,2025-10-10 09:54:06,43.78,5300,43.79,E
sh603650,彤程新材,2025-10-10 09:54:09,43.68,19300,43.78,D
sh603650,彤程新材,2025-10-10 09:54:15,43.69,14800,43.69,U
sh603650,彤程新材,2025-10-10 09:54:27,43.56,5000,43.58,D
sh603650,彤程新材,2025-10-10 09:54:36,43.51,7100,43.51,D
sh603650,彤程新材,2025-10-10 09:54:57,43.47,6200,43.47,D
sh603650,彤程新材,2025-10-10 09:55:00,43.47,9000,43.47,D
sh603650,彤程新材,2025-10-10 09:55:06,43.49,10300,43.52,D
sh603650,彤程新材,2025-10-10 09:55:15,43.5,6100,43.49,U
sh603650,彤程新材,2025-10-10 09:55:39,43.51,19700,43.54,D
sh603650,彤程新材,2025-10-10 09:55:48,43.5,6900,43.5,D
sh603650,彤程新材,2025-10-10 09:55:54,43.46,8100,43.5,D
sh603650,彤程新材,2025-10-10 09:55:57,43.47,9500,43.46,E
sh603650,彤程新材,2025-10-10 09:56:00,43.46,4700,43.47,D
sh603650,彤程新材,2025-10-10 09:56:45,43.5,7900,43.51,D
sh603650,彤程新材,2025-10-10 09:56:48,43.48,18000,43.5,D
sh603650,彤程新材,2025-10-10 09:57:06,43.47,6100,43.47,D
sh603650,彤程新材,2025-10-10 09:57:21,43.46,16000,43.46,U
sh603650,彤程新材,2025-10-10 09:57:33,43.46,5500,43.47,D
sh603650,彤程新材,2025-10-10 09:57:42,43.45,5200,43.46,D
sh603650,彤程新材,2025-10-10 09:58:03,43.47,5200,43.46,U
sh603650,彤程新材,2025-10-10 09:58:06,43.46,16200,43.47,D
sh603650,彤程新材,2025-10-10 09:58:15,43.45,9300,43.47,D
sh603650,彤程新材,2025-10-10 09:58:24,43.46,8585,43.46,U
sh603650,彤程新材,2025-10-10 09:58:36,43.51,6500,43.45,U
sh603650,彤程新材,2025-10-10 09:59:09,43.53,8100,43.55,D
sh603650,彤程新材,2025-10-10 09:59:15,43.53,11200,43.52,U
sh603650,彤程新材,2025-10-10 09:59:18,43.51,5100,43.53,D
sh603650,彤程新材,2025-10-10 09:59:39,43.47,4700,43.46,U
sh603650,彤程新材,2025-10-10 10:00:03,43.44,10200,43.45,D
sh603650,彤程新材,2025-10-10 10:00:06,43.43,4785,43.44,D
sh603650,彤程新材,2025-10-10 10:00:15,43.41,9900,43.42,D
sh603650,彤程新材,2025-10-10 10:00:21,43.41,5200,43.42,U
sh603650,彤程新材,2025-10-10 10:00:24,43.41,8300,43.41,U
sh603650,彤程新材,2025-10-10 10:00:33,43.45,23815,43.41,U
sh603650,彤程新材,2025-10-10 10:00:36,43.48,11300,43.45,U
sh603650,彤程新材,2025-10-10 10:00:39,43.46,5800,43.48,D
sh603650,彤程新材,2025-10-10 10:01:09,43.46,7000,43.47,D
sh603650,彤程新材,2025-10-10 10:01:12,43.51,14300,43.46,U
sh603650,彤程新材,2025-10-10 10:01:27,43.51,21100,43.47,U
sh603650,彤程新材,2025-10-10 10:01:30,43.47,17000,43.51,D
sh603650,彤程新材,2025-10-10 10:01:51,43.6,11500,43.57,U
sh603650,彤程新材,2025-10-10 10:02:12,43.64,9000,43.63,U
sh603650,彤程新材,2025-10-10 10:02:24,43.62,5400,43.63,D
sh603650,彤程新材,2025-10-10 10:02:30,43.62,10800,43.61,U
sh603650,彤程新材,2025-10-10 10:02:48,43.62,9500,43.6,U
sh603650,彤程新材,2025-10-10 10:03:36,43.68,26200,43.67,D
sh603650,彤程新材,2025-10-10 10:03:48,43.68,5400,43.68,D
sh603650,彤程新材,2025-10-10 10:04:03,43.67,8000,43.69,D
sh603650,彤程新材,2025-10-10 10:04:24,43.65,6600,43.65,D
sh603650,彤程新材,2025-10-10 10:05:03,43.64,18200,43.6,U
sh603650,彤程新材,2025-10-10 10:05:06,43.66,15500,43.64,U
sh603650,彤程新材,2025-10-10 10:05:09,43.66,4600,43.66,U
sh603650,彤程新材,2025-10-10 10:05:21,43.58,6100,43.64,D
sh603650,彤程新材,2025-10-10 10:05:24,43.53,8200,43.58,D
sh603650,彤程新材,2025-10-10 10:05:30,43.5,13500,43.51,D
sh603650,彤程新材,2025-10-10 10:05:33,43.48,30300,43.5,D
sh603650,彤程新材,2025-10-10 10:05:36,43.46,13900,43.48,D
sh603650,彤程新材,2025-10-10 10:05:51,43.43,5800,43.4,U
sh603650,彤程新材,2025-10-10 10:06:00,43.43,5000,43.44,D
sh603650,彤程新材,2025-10-10 10:06:03,43.41,12600,43.43,D
sh603650,彤程新材,2025-10-10 10:06:15,43.39,13500,43.37,U
sh603650,彤程新材,2025-10-10 10:06:18,43.37,10000,43.39,D
sh603650,彤程新材,2025-10-10 10:06:36,43.39,5700,43.38,U
sh603650,彤程新材,2025-10-10 10:07:00,43.39,10900,43.38,U
sh603650,彤程新材,2025-10-10 10:07:03,43.44,20500,43.39,U
sh603650,彤程新材,2025-10-10 10:07:09,43.45,13600,43.44,D
sh603650,彤程新材,2025-10-10 10:07:15,43.51,20500,43.47,E
sh603650,彤程新材,2025-10-10 10:07:27,43.51,6500,43.48,E
sh603650,彤程新材,2025-10-10 10:08:03,43.57,5400,43.56,U
sh603650,彤程新材,2025-10-10 10:08:21,43.64,6400,43.64,D
sh603650,彤程新材,2025-10-10 10:08:24,43.63,4700,43.64,D
sh603650,彤程新材,2025-10-10 10:08:30,43.64,13300,43.62,U
sh603650,彤程新材,2025-10-10 10:08:39,43.65,14900,43.63,U
sh603650,彤程新材,2025-10-10 10:09:03,43.65,7600,43.65,U
sh603650,彤程新材,2025-10-10 10:09:06,43.68,20700,43.65,U
sh603650,彤程新材,2025-10-10 10:09:09,43.68,13900,43.68,D
sh603650,彤程新材,2025-10-10 10:09:21,43.77,5200,43.75,U
sh603650,彤程新材,2025-10-10 10:09:24,43.79,5500,43.77,U
sh603650,彤程新材,2025-10-10 10:09:27,43.79,5100,43.79,U
sh603650,彤程新材,2025-10-10 10:09:30,43.79,6000,43.79,U
sh603650,彤程新材,2025-10-10 10:09:36,43.8,17800,43.79,U
sh603650,彤程新材,2025-10-10 10:09:48,43.85,4800,43.82,U
sh603650,彤程新材,2025-10-10 10:09:51,43.85,14900,43.85,U
sh603650,彤程新材,2025-10-10 10:09:54,43.83,12300,43.85,D
sh603650,彤程新材,2025-10-10 10:09:57,43.8,12400,43.83,D
sh603650,彤程新材,2025-10-10 10:10:06,43.8,5100,43.8,U
sh603650,彤程新材,2025-10-10 10:10:09,43.8,5200,43.8,U
sh603650,彤程新材,2025-10-10 10:10:21,43.79,7800,43.8,D
sh603650,彤程新材,2025-10-10 10:10:30,43.78,7300,43.77,E
sh603650,彤程新材,2025-10-10 10:10:54,43.71,6000,43.68,U
sh603650,彤程新材,2025-10-10 10:11:15,43.77,11600,43.78,D
sh603650,彤程新材,2025-10-10 10:11:24,43.75,6300,43.77,D
sh603650,彤程新材,2025-10-10 10:11:27,43.72,4800,43.75,D
sh603650,彤程新材,2025-10-10 10:11:42,43.72,9600,43.72,U
sh603650,彤程新材,2025-10-10 10:11:45,43.72,6800,43.72,U
sh603650,彤程新材,2025-10-10 10:12:00,43.75,5500,43.73,U
sh603650,彤程新材,2025-10-10 10:12:03,43.76,16500,43.75,U
sh603650,彤程新材,2025-10-10 10:12:09,43.8,10100,43.8,U
sh603650,彤程新材,2025-10-10 10:12:18,43.8,8200,43.8,D
sh603650,彤程新材,2025-10-10 10:12:33,43.81,10600,43.81,D
sh603650,彤程新材,2025-10-10 10:12:39,43.8,7600,43.81,D
sh603650,彤程新材,2025-10-10 10:12:45,43.8,9600,43.79,U
sh603650,彤程新材,2025-10-10 10:12:48,43.8,9500,43.8,D
sh603650,彤程新材,2025-10-10 10:12:51,43.79,5400,43.8,D
sh603650,彤程新材,2025-10-10 10:13:00,43.8,20800,43.79,U
sh603650,彤程新材,2025-10-10 10:13:15,43.84,5900,43.84,U
sh603650,彤程新材,2025-10-10 10:13:21,43.84,12800,43.84,U
sh603650,彤程新材,2025-10-10 10:13:24,43.82,5500,43.84,D
sh603650,彤程新材,2025-10-10 10:13:27,43.84,8000,43.82,U
sh603650,彤程新材,2025-10-10 10:13:30,43.84,15000,43.84,U
sh603650,彤程新材,2025-10-10 10:13:33,43.81,8500,43.84,D
sh603650,彤程新材,2025-10-10 10:13:36,43.86,25500,43.81,U
sh603650,彤程新材,2025-10-10 10:13:42,43.86,9900,43.86,U
sh603650,彤程新材,2025-10-10 10:14:00,43.93,38300,43.88,U
sh603650,彤程新材,2025-10-10 10:14:03,43.93,7400,43.93,U
sh603650,彤程新材,2025-10-10 10:14:06,43.97,8200,43.93,U
sh603650,彤程新材,2025-10-10 10:14:09,43.98,17200,43.97,U
sh603650,彤程新材,2025-10-10 10:14:12,44.0,45200,43.98,U
sh603650,彤程新材,2025-10-10 10:14:15,44.05,16300,44.0,U
sh603650,彤程新材,2025-10-10 10:14:18,44.06,21200,44.05,E
sh603650,彤程新材,2025-10-10 10:14:24,44.13,12600,44.13,D
sh603650,彤程新材,2025-10-10 10:14:27,44.17,29600,44.13,U
sh603650,彤程新材,2025-10-10 10:14:30,44.16,25300,44.17,U
sh603650,彤程新材,2025-10-10 10:14:33,44.15,17100,44.16,D
sh603650,彤程新材,2025-10-10 10:14:36,44.12,15200,44.15,D
sh603650,彤程新材,2025-10-10 10:14:39,44.08,9800,44.12,E
sh603650,彤程新材,2025-10-10 10:14:42,44.06,7400,44.08,D
sh603650,彤程新材,2025-10-10 10:14:48,44.05,10300,44.06,U
sh603650,彤程新材,2025-10-10 10:14:51,44.03,16500,44.05,D
sh603650,彤程新材,2025-10-10 10:14:54,44.06,20000,44.03,U
sh603650,彤程新材,2025-10-10 10:14:57,44.07,25700,44.06,U
sh603650,彤程新材,2025-10-10 10:15:00,44.11,11000,44.07,U
sh603650,彤程新材,2025-10-10 10:15:06,44.09,5900,44.09,U
sh603650,彤程新材,2025-10-10 10:15:12,44.11,6500,44.1,U
sh603650,彤程新材,2025-10-10 10:15:15,44.13,9900,44.11,U
sh603650,彤程新材,2025-10-10 10:15:18,44.15,9400,44.13,U
sh603650,彤程新材,2025-10-10 10:15:21,44.15,6800,44.15,U
sh603650,彤程新材,2025-10-10 10:15:24,44.15,6300,44.15,D
sh603650,彤程新材,2025-10-10 10:15:27,44.13,35100,44.15,D
sh603650,彤程新材,2025-10-10 10:15:30,44.09,43300,44.13,D
sh603650,彤程新材,2025-10-10 10:15:33,44.07,10300,44.09,D
sh603650,彤程新材,2025-10-10 10:15:36,44.1,31100,44.07,U
sh603650,彤程新材,2025-10-10 10:15:39,44.05,13100,44.1,D
sh603650,彤程新材,2025-10-10 10:15:51,44.1,19100,44.06,U
sh603650,彤程新材,2025-10-10 10:15:54,44.04,9500,44.1,D
sh603650,彤程新材,2025-10-10 10:16:03,44.06,4800,44.07,D
sh603650,彤程新材,2025-10-10 10:16:06,44.07,14600,44.06,E
sh603650,彤程新材,2025-10-10 10:16:09,44.1,5500,44.07,U
sh603650,彤程新材,2025-10-10 10:16:15,44.1,8500,44.09,U
sh603650,彤程新材,2025-10-10 10:16:18,44.09,6600,44.1,E
sh603650,彤程新材,2025-10-10 10:16:21,44.09,6400,44.09,U
sh603650,彤程新材,2025-10-10 10:16:24,44.09,5600,44.09,U
sh603650,彤程新材,2025-10-10 10:16:27,44.08,8900,44.09,U
sh603650,彤程新材,2025-10-10 10:16:30,44.08,19500,44.08,D
sh603650,彤程新材,2025-10-10 10:16:33,44.07,7300,44.08,D
sh603650,彤程新材,2025-10-10 10:16:39,44.06,16900,44.07,D
sh603650,彤程新材,2025-10-10 10:16:51,44.03,6900,44.04,D
sh603650,彤程新材,2025-10-10 10:16:57,44.03,4700,44.03,U
sh603650,彤程新材,2025-10-10 10:17:03,44.02,23600,44.01,U
sh603650,彤程新材,2025-10-10 10:17:09,44.02,11500,44.02,U
sh603650,彤程新材,2025-10-10 10:17:12,44.01,8200,44.02,D
sh603650,彤程新材,2025-10-10 10:17:18,44.04,14900,44.03,U
sh603650,彤程新材,2025-10-10 10:17:27,44.08,7700,44.05,U
sh603650,彤程新材,2025-10-10 10:17:30,44.05,9400,44.08,D
sh603650,彤程新材,2025-10-10 10:17:33,44.05,8900,44.05,U
sh603650,彤程新材,2025-10-10 10:17:39,44.03,8000,44.05,D
sh603650,彤程新材,2025-10-10 10:17:42,44.04,5300,44.03,E
sh603650,彤程新材,2025-10-10 10:17:48,44.0,14900,44.03,D
sh603650,彤程新材,2025-10-10 10:17:51,44.0,20200,44.0,D
sh603650,彤程新材,2025-10-10 10:17:57,43.97,6300,44.0,D
sh603650,彤程新材,2025-10-10 10:18:18,43.9,7500,43.88,U
sh603650,彤程新材,2025-10-10 10:18:21,43.91,7600,43.9,U
sh603650,彤程新材,2025-10-10 10:18:24,43.9,8100,43.91,D
sh603650,彤程新材,2025-10-10 10:18:27,43.9,6500,43.9,U
sh603650,彤程新材,2025-10-10 10:18:30,43.9,6700,43.9,D
sh603650,彤程新材,2025-10-10 10:18:36,43.9,6400,43.9,U
sh603650,彤程新材,2025-10-10 10:18:48,43.93,6400,43.9,U
sh603650,彤程新材,2025-10-10 10:19:24,43.91,10800,43.93,D
sh603650,彤程新材,2025-10-10 10:19:33,43.9,5100,43.9,D
sh603650,彤程新材,2025-10-10 10:19:36,43.9,6100,43.9,D
sh603650,彤程新材,2025-10-10 10:19:48,43.88,15700,43.9,D
sh603650,彤程新材,2025-10-10 10:19:51,43.86,6000,43.88,D
sh603650,彤程新材,2025-10-10 10:20:24,43.82,6400,43.82,D
sh603650,彤程新材,2025-10-10 10:20:33,43.84,7800,43.83,U
sh603650,彤程新材,2025-10-10 10:20:42,43.9,10300,43.89,U
sh603650,彤程新材,2025-10-10 10:20:54,43.93,5000,43.93,U
sh603650,彤程新材,2025-10-10 10:20:57,43.93,10000,43.93,U
sh603650,彤程新材,2025-10-10 10:21:03,44.03,12100,43.94,U
sh603650,彤程新材,2025-10-10 10:21:06,43.94,7900,44.03,D
sh603650,彤程新材,2025-10-10 10:21:12,44.05,18100,43.94,D
sh603650,彤程新材,2025-10-10 10:21:27,44.04,4700,44.05,D
sh603650,彤程新材,2025-10-10 10:21:51,44.09,8100,44.09,D
sh603650,彤程新材,2025-10-10 10:21:54,44.1,11000,44.09,U
sh603650,彤程新材,2025-10-10 10:22:00,44.11,5900,44.1,U
sh603650,彤程新材,2025-10-10 10:22:09,44.12,7100,44.12,U
sh603650,彤程新材,2025-10-10 10:22:12,44.13,6100,44.12,U
sh603650,彤程新材,2025-10-10 10:22:15,44.13,7700,44.13,U
sh603650,彤程新材,2025-10-10 10:22:24,44.13,5300,44.13,U
sh603650,彤程新材,2025-10-10 10:22:27,44.13,8200,44.13,D
sh603650,彤程新材,2025-10-10 10:22:33,44.13,7200,44.13,D
sh603650,彤程新材,2025-10-10 10:22:36,44.13,12800,44.13,D
sh603650,彤程新材,2025-10-10 10:22:45,44.11,16500,44.12,D
sh603650,彤程新材,2025-10-10 10:22:48,44.13,9000,44.11,U
sh603650,彤程新材,2025-10-10 10:23:03,44.14,7600,44.13,U
sh603650,彤程新材,2025-10-10 10:23:06,44.15,12600,44.14,U
sh603650,彤程新材,2025-10-10 10:23:09,44.2,56595,44.15,U
sh603650,彤程新材,2025-10-10 10:23:18,44.24,6000,44.25,E
sh603650,彤程新材,2025-10-10 10:23:21,44.25,7200,44.24,U
sh603650,彤程新材,2025-10-10 10:23:24,44.28,8400,44.25,U
sh603650,彤程新材,2025-10-10 10:23:30,44.33,11300,44.29,U
sh603650,彤程新材,2025-10-10 10:23:33,44.33,5800,44.33,U
sh603650,彤程新材,2025-10-10 10:23:36,44.33,15000,44.33,U
sh603650,彤程新材,2025-10-10 10:23:39,44.36,9300,44.33,E
sh603650,彤程新材,2025-10-10 10:23:42,44.35,15500,44.36,D
sh603650,彤程新材,2025-10-10 10:23:45,44.37,8000,44.35,U
sh603650,彤程新材,2025-10-10 10:23:48,44.39,31600,44.37,U
sh603650,彤程新材,2025-10-10 10:23:51,44.37,11800,44.39,E
sh603650,彤程新材,2025-10-10 10:23:54,44.38,10200,44.37,E
sh603650,彤程新材,2025-10-10 10:23:57,44.4,5500,44.38,U
sh603650,彤程新材,2025-10-10 10:24:00,44.45,9900,44.4,U
sh603650,彤程新材,2025-10-10 10:24:03,44.45,8800,44.45,D
sh603650,彤程新材,2025-10-10 10:24:06,44.48,8500,44.45,U
sh603650,彤程新材,2025-10-10 10:24:09,44.49,10300,44.48,U
sh603650,彤程新材,2025-10-10 10:24:12,44.51,31100,44.49,U
sh603650,彤程新材,2025-10-10 10:24:18,44.58,15800,44.54,U
sh603650,彤程新材,2025-10-10 10:24:21,44.66,12100,44.58,U
sh603650,彤程新材,2025-10-10 10:24:24,44.66,10400,44.66,U
sh603650,彤程新材,2025-10-10 10:24:27,44.71,20896,44.66,U
sh603650,彤程新材,2025-10-10 10:24:30,44.74,41300,44.71,U
sh603650,彤程新材,2025-10-10 10:24:33,44.76,45900,44.74,U
sh603650,彤程新材,2025-10-10 10:24:36,44.74,11700,44.76,D
sh603650,彤程新材,2025-10-10 10:24:39,44.77,23600,44.74,D
sh603650,彤程新材,2025-10-10 10:24:42,44.8,15300,44.77,E
sh603650,彤程新材,2025-10-10 10:24:45,44.85,20400,44.8,U
sh603650,彤程新材,2025-10-10 10:24:48,44.85,36800,44.85,U
sh603650,彤程新材,2025-10-10 10:24:51,44.82,37600,44.85,U
sh603650,彤程新材,2025-10-10 10:24:54,44.82,94100,44.82,U
sh603650,彤程新材,2025-10-10 10:24:57,44.83,9200,44.82,U
sh603650,彤程新材,2025-10-10 10:25:00,44.73,20300,44.83,D
sh603650,彤程新材,2025-10-10 10:25:03,44.73,6700,44.73,D
sh603650,彤程新材,2025-10-10 10:25:06,44.7,11200,44.73,D
sh603650,彤程新材,2025-10-10 10:25:09,44.69,48500,44.7,D
sh603650,彤程新材,2025-10-10 10:25:12,44.7,13600,44.69,U
sh603650,彤程新材,2025-10-10 10:25:15,44.7,24000,44.7,D
sh603650,彤程新材,2025-10-10 10:25:18,44.68,6100,44.7,E
sh603650,彤程新材,2025-10-10 10:25:21,44.68,5200,44.68,U
sh603650,彤程新材,2025-10-10 10:25:24,44.65,8500,44.68,D
sh603650,彤程新材,2025-10-10 10:25:27,44.62,11100,44.65,D
sh603650,彤程新材,2025-10-10 10:25:30,44.58,7900,44.62,D
sh603650,彤程新材,2025-10-10 10:25:36,44.63,15300,44.58,U
sh603650,彤程新材,2025-10-10 10:25:39,44.56,13200,44.63,D
sh603650,彤程新材,2025-10-10 10:25:42,44.55,7700,44.56,D
sh603650,彤程新材,2025-10-10 10:25:45,44.56,11400,44.55,E
sh603650,彤程新材,2025-10-10 10:25:48,44.51,5200,44.56,D
sh603650,彤程新材,2025-10-10 10:25:51,44.5,15200,44.51,D
sh603650,彤程新材,2025-10-10 10:25:54,44.47,36700,44.5,D
sh603650,彤程新材,2025-10-10 10:25:57,44.46,32400,44.47,D
sh603650,彤程新材,2025-10-10 10:26:06,44.4,16300,44.41,D
sh603650,彤程新材,2025-10-10 10:26:12,44.42,11200,44.41,E
sh603650,彤程新材,2025-10-10 10:26:15,44.39,22900,44.42,D
sh603650,彤程新材,2025-10-10 10:26:18,44.42,11500,44.39,U
sh603650,彤程新材,2025-10-10 10:26:21,44.4,5100,44.42,D
sh603650,彤程新材,2025-10-10 10:26:24,44.41,5600,44.4,U
sh603650,彤程新材,2025-10-10 10:26:30,44.41,8800,44.4,U
sh603650,彤程新材,2025-10-10 10:26:33,44.41,8000,44.41,D
sh603650,彤程新材,2025-10-10 10:26:36,44.42,4800,44.41,U
sh603650,彤程新材,2025-10-10 10:26:39,44.42,6400,44.42,D
sh603650,彤程新材,2025-10-10 10:26:42,44.43,13200,44.42,E
sh603650,彤程新材,2025-10-10 10:26:51,44.6,12500,44.49,U
sh603650,彤程新材,2025-10-10 10:27:00,44.56,10700,44.59,D
sh603650,彤程新材,2025-10-10 10:27:03,44.62,29800,44.56,U
sh603650,彤程新材,2025-10-10 10:27:06,44.62,6000,44.62,D
sh603650,彤程新材,2025-10-10 10:27:09,44.6,8600,44.62,D
sh603650,彤程新材,2025-10-10 10:27:15,44.64,7300,44.62,U
sh603650,彤程新材,2025-10-10 10:27:18,44.64,10600,44.64,D
sh603650,彤程新材,2025-10-10 10:27:21,44.66,24600,44.64,U
sh603650,彤程新材,2025-10-10 10:27:24,44.68,9200,44.66,U
sh603650,彤程新材,2025-10-10 10:27:27,44.66,8200,44.68,U
sh603650,彤程新材,2025-10-10 10:27:33,44.67,10400,44.68,D
sh603650,彤程新材,2025-10-10 10:27:36,44.67,13100,44.67,D
sh603650,彤程新材,2025-10-10 10:27:39,44.66,16300,44.67,D
sh603650,彤程新材,2025-10-10 10:27:42,44.64,16600,44.66,D
sh603650,彤程新材,2025-10-10 10:27:45,44.64,40800,44.64,D
sh603650,彤程新材,2025-10-10 10:27:48,44.65,7800,44.64,U
sh603650,彤程新材,2025-10-10 10:27:51,44.66,22300,44.65,U
sh603650,彤程新材,2025-10-10 10:27:54,44.65,15200,44.66,D
sh603650,彤程新材,2025-10-10 10:28:00,44.64,8200,44.64,D
sh603650,彤程新材,2025-10-10 10:28:03,44.64,11800,44.64,D
sh603650,彤程新材,2025-10-10 10:28:06,44.65,13900,44.64,U
sh603650,彤程新材,2025-10-10 10:28:15,44.66,10300,44.65,U
sh603650,彤程新材,2025-10-10 10:28:18,44.65,7100,44.66,E
sh603650,彤程新材,2025-10-10 10:28:21,44.64,8100,44.65,D
sh603650,彤程新材,2025-10-10 10:28:24,44.62,17100,44.64,D
sh603650,彤程新材,2025-10-10 10:28:36,44.6,5100,44.62,D
sh603650,彤程新材,2025-10-10 10:28:39,44.67,40300,44.6,U
sh603650,彤程新材,2025-10-10 10:28:42,44.71,8300,44.67,U
sh603650,彤程新材,2025-10-10 10:28:45,44.71,4500,44.71,D
sh603650,彤程新材,2025-10-10 10:28:51,44.74,6700,44.72,U
sh603650,彤程新材,2025-10-10 10:28:54,44.74,9000,44.74,U
sh603650,彤程新材,2025-10-10 10:28:57,44.77,7300,44.74,U
sh603650,彤程新材,2025-10-10 10:29:06,44.75,7800,44.76,D
sh603650,彤程新材,2025-10-10 10:29:09,44.75,11300,44.75,D
sh603650,彤程新材,2025-10-10 10:29:12,44.74,41700,44.75,D
sh603650,彤程新材,2025-10-10 10:29:24,44.6,5000,44.64,E
sh603650,彤程新材,2025-10-10 10:29:30,44.7,11800,44.64,U
sh603650,彤程新材,2025-10-10 10:29:33,44.6,6400,44.7,D
sh603650,彤程新材,2025-10-10 10:29:39,44.6,7300,44.63,D
sh603650,彤程新材,2025-10-10 10:29:42,44.6,11300,44.6,D
sh603650,彤程新材,2025-10-10 10:29:48,44.55,7600,44.6,D
sh603650,彤程新材,2025-10-10 10:29:51,44.52,8100,44.55,D
sh603650,彤程新材,2025-10-10 10:30:00,44.5,23400,44.54,D
sh603650,彤程新材,2025-10-10 10:30:12,44.5,9600,44.5,U
sh603650,彤程新材,2025-10-10 10:30:15,44.49,9100,44.5,D
sh603650,彤程新材,2025-10-10 10:30:27,44.5,6700,44.5,D
sh603650,彤程新材,2025-10-10 10:30:36,44.51,5000,44.52,D
sh603650,彤程新材,2025-10-10 10:30:51,44.55,13000,44.54,U
sh603650,彤程新材,2025-10-10 10:30:57,44.56,17000,44.56,U
sh603650,彤程新材,2025-10-10 10:31:00,44.56,6600,44.56,U
sh603650,彤程新材,2025-10-10 10:31:03,44.56,5000,44.56,U
sh603650,彤程新材,2025-10-10 10:31:06,44.56,4500,44.56,U
sh603650,彤程新材,2025-10-10 10:31:15,44.6,15700,44.57,U
sh603650,彤程新材,2025-10-10 10:31:24,44.6,9800,44.6,U
sh603650,彤程新材,2025-10-10 10:31:36,44.63,6700,44.62,U
sh603650,彤程新材,2025-10-10 10:31:51,44.65,5000,44.63,E
sh603650,彤程新材,2025-10-10 10:32:00,44.68,5700,44.67,U
sh603650,彤程新材,2025-10-10 10:32:06,44.7,19436,44.69,U
sh603650,彤程新材,2025-10-10 10:32:18,44.74,4900,44.73,U
sh603650,彤程新材,2025-10-10 10:32:21,44.75,7700,44.74,U
sh603650,彤程新材,2025-10-10 10:32:27,44.74,14400,44.75,D
sh603650,彤程新材,2025-10-10 10:32:30,44.77,9500,44.74,U
sh603650,彤程新材,2025-10-10 10:32:36,44.75,5600,44.77,U
sh603650,彤程新材,2025-10-10 10:32:39,44.75,4700,44.75,D
sh603650,彤程新材,2025-10-10 10:32:42,44.73,23100,44.75,D
sh603650,彤程新材,2025-10-10 10:32:45,44.7,11400,44.73,D
sh603650,彤程新材,2025-10-10 10:32:48,44.7,10564,44.7,D
sh603650,彤程新材,2025-10-10 10:32:54,44.67,9200,44.69,D
sh603650,彤程新材,2025-10-10 10:32:57,44.65,8300,44.67,D
sh603650,彤程新材,2025-10-10 10:33:00,44.65,4900,44.65,D
sh603650,彤程新材,2025-10-10 10:33:06,44.65,7800,44.67,D
sh603650,彤程新材,2025-10-10 10:33:12,44.65,6800,44.62,U
sh603650,彤程新材,2025-10-10 10:33:18,44.63,10400,44.62,E
sh603650,彤程新材,2025-10-10 10:33:30,44.6,10700,44.62,D
sh603650,彤程新材,2025-10-10 10:34:03,44.6,6100,44.62,D
sh603650,彤程新材,2025-10-10 10:34:42,44.64,5500,44.65,D
sh603650,彤程新材,2025-10-10 10:34:51,44.64,8000,44.65,D
sh603650,彤程新材,2025-10-10 10:35:09,44.68,21600,44.65,U
sh603650,彤程新材,2025-10-10 10:35:24,44.65,5000,44.62,U
sh603650,彤程新材,2025-10-10 10:35:42,44.61,5200,44.64,D
sh603650,彤程新材,2025-10-10 10:35:48,44.6,9500,44.61,D
sh603650,彤程新材,2025-10-10 10:36:03,44.51,6700,44.58,D
sh603650,彤程新材,2025-10-10 10:36:06,44.5,6100,44.51,D
sh603650,彤程新材,2025-10-10 10:36:12,44.5,11000,44.51,D
sh603650,彤程新材,2025-10-10 10:36:18,44.44,11900,44.44,D
sh603650,彤程新材,2025-10-10 10:36:27,44.42,10600,44.5,D
sh603650,彤程新材,2025-10-10 10:36:36,44.43,15500,44.42,U
sh603650,彤程新材,2025-10-10 10:36:45,44.39,6300,44.41,D
sh603650,彤程新材,2025-10-10 10:36:48,44.43,14200,44.39,U
sh603650,彤程新材,2025-10-10 10:36:54,44.4,14800,44.37,U
sh603650,彤程新材,2025-10-10 10:36:57,44.44,12000,44.4,U
sh603650,彤程新材,2025-10-10 10:37:21,44.5,9800,44.52,D
sh603650,彤程新材,2025-10-10 10:37:24,44.41,5100,44.5,D
sh603650,彤程新材,2025-10-10 10:37:57,44.47,13900,44.47,U
sh603650,彤程新材,2025-10-10 10:38:03,44.47,5100,44.48,D
sh603650,彤程新材,2025-10-10 10:38:30,44.46,9800,44.46,U
sh603650,彤程新材,2025-10-10 10:38:45,44.46,12000,44.45,U
sh603650,彤程新材,2025-10-10 10:38:48,44.54,24100,44.46,U
sh603650,彤程新材,2025-10-10 10:38:51,44.6,31000,44.54,U
sh603650,彤程新材,2025-10-10 10:38:54,44.59,9600,44.6,D
sh603650,彤程新材,2025-10-10 10:39:12,44.61,4600,44.59,U
sh603650,彤程新材,2025-10-10 10:39:51,44.52,7900,44.52,U
sh603650,彤程新材,2025-10-10 10:39:54,44.52,5200,44.52,D
sh603650,彤程新材,2025-10-10 10:40:06,44.52,6600,44.53,D
sh603650,彤程新材,2025-10-10 10:40:09,44.51,7200,44.52,D
sh603650,彤程新材,2025-10-10 10:40:12,44.5,6000,44.51,D
sh603650,彤程新材,2025-10-10 10:40:27,44.5,6000,44.49,U
sh603650,彤程新材,2025-10-10 10:40:57,44.51,5200,44.51,D
sh603650,彤程新材,2025-10-10 10:41:00,44.52,6600,44.51,U
sh603650,彤程新材,2025-10-10 10:41:09,44.52,13700,44.51,U
sh603650,彤程新材,2025-10-10 10:41:36,44.47,4900,44.47,D
sh603650,彤程新材,2025-10-10 10:41:39,44.45,19200,44.47,D
sh603650,彤程新材,2025-10-10 10:41:48,44.41,21100,44.44,D
sh603650,彤程新材,2025-10-10 10:41:51,44.41,4700,44.41,D
sh603650,彤程新材,2025-10-10 10:41:57,44.39,6500,44.4,D
sh603650,彤程新材,2025-10-10 10:42:03,44.38,5400,44.39,D
sh603650,彤程新材,2025-10-10 10:42:06,44.36,8300,44.38,D
sh603650,彤程新材,2025-10-10 10:42:09,44.33,5500,44.36,D
sh603650,彤程新材,2025-10-10 10:42:21,44.3,14900,44.31,D
sh603650,彤程新材,2025-10-10 10:42:48,44.25,12900,44.21,U
sh603650,彤程新材,2025-10-10 10:42:51,44.25,4900,44.25,U
sh603650,彤程新材,2025-10-10 10:42:54,44.28,5800,44.25,U
sh603650,彤程新材,2025-10-10 10:43:00,44.32,22000,44.32,U
sh603650,彤程新材,2025-10-10 10:43:06,44.29,8800,44.32,D
sh603650,彤程新材,2025-10-10 10:43:21,44.35,12500,44.32,U
sh603650,彤程新材,2025-10-10 10:43:30,44.35,20200,44.36,D
sh603650,彤程新材,2025-10-10 10:43:36,44.33,5800,44.35,D
sh603650,彤程新材,2025-10-10 10:43:42,44.37,5200,44.35,U
sh603650,彤程新材,2025-10-10 10:44:21,44.28,7200,44.28,D
sh603650,彤程新材,2025-10-10 10:44:42,44.23,4900,44.25,D
sh603650,彤程新材,2025-10-10 10:44:48,44.24,15400,44.23,U
sh603650,彤程新材,2025-10-10 10:44:51,44.23,23000,44.24,D
sh603650,彤程新材,2025-10-10 10:44:54,44.23,6800,44.23,D
sh603650,彤程新材,2025-10-10 10:45:00,44.22,10700,44.24,D
sh603650,彤程新材,2025-10-10 10:45:09,44.24,16500,44.23,U
sh603650,彤程新材,2025-10-10 10:45:12,44.22,13700,44.24,D
sh603650,彤程新材,2025-10-10 10:45:15,44.23,6200,44.22,U
sh603650,彤程新材,2025-10-10 10:45:18,44.23,21600,44.23,U
sh603650,彤程新材,2025-10-10 10:45:21,44.23,4900,44.23,U
sh603650,彤程新材,2025-10-10 10:45:27,44.2,4900,44.23,D
sh603650,彤程新材,2025-10-10 10:45:45,44.18,10600,44.2,D
sh603650,彤程新材,2025-10-10 10:46:00,44.25,5300,44.2,U
sh603650,彤程新材,2025-10-10 10:46:09,44.21,6600,44.2,E
sh603650,彤程新材,2025-10-10 10:46:21,44.24,7300,44.2,U
sh603650,彤程新材,2025-10-10 10:46:24,44.18,14900,44.24,D
sh603650,彤程新材,2025-10-10 10:46:30,44.25,12000,44.24,U
sh603650,彤程新材,2025-10-10 10:46:48,44.25,11100,44.24,U
sh603650,彤程新材,2025-10-10 10:46:51,44.26,6900,44.25,U
sh603650,彤程新材,2025-10-10 10:48:27,44.3,7600,44.3,D
sh603650,彤程新材,2025-10-10 10:49:00,44.26,4600,44.28,D
sh603650,彤程新材,2025-10-10 10:49:03,44.26,21100,44.26,D
sh603650,彤程新材,2025-10-10 10:49:18,44.28,5600,44.28,U
sh603650,彤程新材,2025-10-10 10:49:30,44.26,11300,44.26,D
sh603650,彤程新材,2025-10-10 10:49:45,44.26,5700,44.26,D
sh603650,彤程新材,2025-10-10 10:50:21,44.26,6500,44.27,D
sh603650,彤程新材,2025-10-10 10:51:03,44.24,26600,44.26,D
sh603650,彤程新材,2025-10-10 10:51:57,44.17,6300,44.2,D
sh603650,彤程新材,2025-10-10 10:52:00,44.17,6400,44.17,D
sh603650,彤程新材,2025-10-10 10:52:03,44.14,14100,44.17,D
sh603650,彤程新材,2025-10-10 10:52:12,44.13,6400,44.14,U
sh603650,彤程新材,2025-10-10 10:52:15,43.99,45400,44.13,D
sh603650,彤程新材,2025-10-10 10:53:06,44.05,5000,44.08,D
sh603650,彤程新材,2025-10-10 10:53:39,44.02,11200,44.02,D
sh603650,彤程新材,2025-10-10 10:53:54,43.98,18572,44.0,D
sh603650,彤程新材,2025-10-10 10:54:00,43.96,5400,44.01,D
sh603650,彤程新材,2025-10-10 10:54:09,44.0,11300,43.96,U
sh603650,彤程新材,2025-10-10 10:54:18,43.96,6500,43.96,D
sh603650,彤程新材,2025-10-10 10:54:24,43.96,5400,43.96,D
sh603650,彤程新材,2025-10-10 10:54:51,43.95,6200,43.96,D
sh603650,彤程新材,2025-10-10 10:54:54,43.95,9500,43.95,D
sh603650,彤程新材,2025-10-10 10:55:00,44.01,5300,43.97,U
sh603650,彤程新材,2025-10-10 10:55:12,44.02,4700,44.02,U
sh603650,彤程新材,2025-10-10 10:55:27,44.02,8700,44.03,E
sh603650,彤程新材,2025-10-10 10:55:33,44.07,35200,44.02,U
sh603650,彤程新材,2025-10-10 10:56:18,44.1,7300,44.08,U
sh603650,彤程新材,2025-10-10 10:58:27,44.15,8600,44.13,U
sh603650,彤程新材,2025-10-10 10:59:33,44.18,11000,44.21,D
sh603650,彤程新材,2025-10-10 10:59:36,44.16,5872,44.18,D
sh603650,彤程新材,2025-10-10 10:59:42,44.16,5500,44.14,U
sh603650,彤程新材,2025-10-10 11:00:00,44.16,5600,44.15,D
sh603650,彤程新材,2025-10-10 11:00:09,44.19,5000,44.16,U
sh603650,彤程新材,2025-10-10 11:01:12,44.12,5500,44.12,D
sh603650,彤程新材,2025-10-10 11:01:15,44.12,8500,44.12,E
sh603650,彤程新材,2025-10-10 11:01:36,44.1,4900,44.09,D
sh603650,彤程新材,2025-10-10 11:01:45,44.17,7900,44.1,U
sh603650,彤程新材,2025-10-10 11:03:03,44.26,9200,44.26,U
sh603650,彤程新材,2025-10-10 11:03:06,44.31,6800,44.26,U
sh603650,彤程新材,2025-10-10 11:03:36,44.32,6200,44.33,U
sh603650,彤程新材,2025-10-10 11:05:57,44.2,8600,44.1,U
sh603650,彤程新材,2025-10-10 11:06:00,44.2,6500,44.2,D
sh603650,彤程新材,2025-10-10 11:06:15,44.2,9000,44.21,D
sh603650,彤程新材,2025-10-10 11:06:24,44.2,20700,44.21,D
sh603650,彤程新材,2025-10-10 11:06:30,44.2,5000,44.2,D
sh603650,彤程新材,2025-10-10 11:06:39,44.22,8200,44.21,U
sh603650,彤程新材,2025-10-10 11:07:03,44.2,15000,44.21,D
sh603650,彤程新材,2025-10-10 11:07:18,44.21,6200,44.2,U
sh603650,彤程新材,2025-10-10 11:07:30,44.2,8300,44.2,D
sh603650,彤程新材,2025-10-10 11:07:51,44.1,4700,44.11,D
sh603650,彤程新材,2025-10-10 11:08:51,44.15,5600,44.15,D
sh603650,彤程新材,2025-10-10 11:09:36,44.15,4700,44.17,D
sh603650,彤程新材,2025-10-10 11:09:54,44.15,10700,44.17,D
sh603650,彤程新材,2025-10-10 11:10:42,44.16,5700,44.13,U
sh603650,彤程新材,2025-10-10 11:11:12,44.12,6800,44.13,D
sh603650,彤程新材,2025-10-10 11:11:24,44.17,21200,44.12,U
sh603650,彤程新材,2025-10-10 11:12:18,44.12,7800,44.13,D
sh603650,彤程新材,2025-10-10 11:12:21,44.11,20000,44.12,D
sh603650,彤程新材,2025-10-10 11:12:24,44.11,5800,44.11,D
sh603650,彤程新材,2025-10-10 11:12:36,44.1,15200,44.1,D
sh603650,彤程新材,2025-10-10 11:14:24,44.02,5600,44.02,U
sh603650,彤程新材,2025-10-10 11:14:48,44.0,6100,44.01,D
sh603650,彤程新材,2025-10-10 11:14:54,44.01,9200,44.0,U
sh603650,彤程新材,2025-10-10 11:16:03,44.01,10000,44.07,D
sh603650,彤程新材,2025-10-10 11:17:51,44.06,4800,44.05,U
sh603650,彤程新材,2025-10-10 11:18:00,44.11,8000,44.05,U
sh603650,彤程新材,2025-10-10 11:18:18,44.08,5600,44.11,D
sh603650,彤程新材,2025-10-10 11:18:24,44.15,7200,44.12,U
sh603650,彤程新材,2025-10-10 11:21:15,44.12,9900,44.13,D
sh603650,彤程新材,2025-10-10 11:22:24,44.08,20200,44.13,D
sh603650,彤程新材,2025-10-10 11:22:57,44.06,6300,44.07,D
sh603650,彤程新材,2025-10-10 11:24:48,44.01,5200,44.02,D
sh603650,彤程新材,2025-10-10 11:24:54,44.01,5300,44.03,D
sh603650,彤程新材,2025-10-10 11:25:00,44.0,16200,44.01,D
sh603650,彤程新材,2025-10-10 11:25:09,44.0,7000,44.0,D
sh603650,彤程新材,2025-10-10 11:25:27,43.99,4800,43.99,D
sh603650,彤程新材,2025-10-10 11:25:42,44.01,5400,43.99,U
sh603650,彤程新材,2025-10-10 11:25:54,43.99,5500,44.01,D
sh603650,彤程新材,2025-10-10 11:26:42,44.0,6900,43.99,U
sh603650,彤程新材,2025-10-10 11:26:45,44.0,5100,44.0,U
sh603650,彤程新材,2025-10-10 11:26:51,44.05,4900,44.03,U
sh603650,彤程新材,2025-10-10 11:26:54,44.0,4600,44.05,D
sh603650,彤程新材,2025-10-10 11:29:59,44.17,6500,44.16,U
sh603650,彤程新材,2025-10-10 13:00:03,44.18,17500,44.17,U
sh603650,彤程新材,2025-10-10 13:00:06,44.18,18900,44.18,U
sh603650,彤程新材,2025-10-10 13:00:09,44.17,9400,44.18,D
sh603650,彤程新材,2025-10-10 13:00:12,44.17,13800,44.17,D
sh603650,彤程新材,2025-10-10 13:00:21,44.17,10900,44.18,D
sh603650,彤程新材,2025-10-10 13:01:21,44.08,7600,44.07,U
sh603650,彤程新材,2025-10-10 13:01:30,44.11,8100,44.08,U
sh603650,彤程新材,2025-10-10 13:01:33,44.21,19400,44.11,U
sh603650,彤程新材,2025-10-10 13:01:36,44.26,7300,44.21,U
sh603650,彤程新材,2025-10-10 13:01:42,44.3,9200,44.27,U
sh603650,彤程新材,2025-10-10 13:01:45,44.3,19600,44.3,U
sh603650,彤程新材,2025-10-10 13:01:54,44.35,8000,44.33,U
sh603650,彤程新材,2025-10-10 13:01:57,44.4,7100,44.35,U
sh603650,彤程新材,2025-10-10 13:02:12,44.4,7500,44.4,D
sh603650,彤程新材,2025-10-10 13:02:21,44.38,5000,44.37,U
sh603650,彤程新材,2025-10-10 13:03:30,44.37,5200,44.37,D
sh603650,彤程新材,2025-10-10 13:04:00,44.3,8000,44.31,D
sh603650,彤程新材,2025-10-10 13:04:03,44.32,4800,44.3,U
sh603650,彤程新材,2025-10-10 13:04:06,44.4,25700,44.32,U
sh603650,彤程新材,2025-10-10 13:04:30,44.46,4800,44.45,E
sh603650,彤程新材,2025-10-10 13:04:48,44.45,5400,44.45,E
sh603650,彤程新材,2025-10-10 13:05:00,44.46,8300,44.41,U
sh603650,彤程新材,2025-10-10 13:05:09,44.44,6200,44.44,D
sh603650,彤程新材,2025-10-10 13:06:00,44.25,11400,44.21,U
sh603650,彤程新材,2025-10-10 13:06:48,44.12,6900,44.14,D
sh603650,彤程新材,2025-10-10 13:07:24,44.19,6900,44.12,U
sh603650,彤程新材,2025-10-10 13:07:36,44.12,6900,44.16,D
sh603650,彤程新材,2025-10-10 13:08:30,44.16,29000,44.16,U
sh603650,彤程新材,2025-10-10 13:09:03,44.2,32200,44.2,D
sh603650,彤程新材,2025-10-10 13:09:06,44.39,10300,44.2,U
sh603650,彤程新材,2025-10-10 13:09:15,44.4,5900,44.4,U
sh603650,彤程新材,2025-10-10 13:10:30,44.23,4700,44.2,U
sh603650,彤程新材,2025-10-10 13:10:36,44.23,8500,44.23,D
sh603650,彤程新材,2025-10-10 13:10:39,44.23,20900,44.23,D
sh603650,彤程新材,2025-10-10 13:10:42,44.24,7500,44.23,D
sh603650,彤程新材,2025-10-10 13:11:06,44.06,26100,44.17,D
sh603650,彤程新材,2025-10-10 13:11:27,44.03,20000,44.03,D
sh603650,彤程新材,2025-10-10 13:11:33,44.03,5500,44.03,D
sh603650,彤程新材,2025-10-10 13:13:03,44.0,36000,44.05,D
sh603650,彤程新材,2025-10-10 13:13:06,43.99,20600,44.0,D
sh603650,彤程新材,2025-10-10 13:13:48,44.01,19100,44.06,D
sh603650,彤程新材,2025-10-10 13:14:24,44.01,5000,44.05,D
sh603650,彤程新材,2025-10-10 13:14:30,44.01,8800,44.01,U
sh603650,彤程新材,2025-10-10 13:14:45,44.02,7700,44.02,D
sh603650,彤程新材,2025-10-10 13:16:30,43.95,5200,43.95,D
sh603650,彤程新材,2025-10-10 13:16:33,43.95,4800,43.95,D
sh603650,彤程新材,2025-10-10 13:18:06,43.91,4900,43.9,U
sh603650,彤程新材,2025-10-10 13:18:12,43.9,4900,43.9,D
sh603650,彤程新材,2025-10-10 13:18:39,43.8,25800,43.86,D
sh603650,彤程新材,2025-10-10 13:18:54,43.8,4900,43.81,D
sh603650,彤程新材,2025-10-10 13:19:00,43.76,8400,43.79,D
sh603650,彤程新材,2025-10-10 13:19:06,43.76,33100,43.76,U
sh603650,彤程新材,2025-10-10 13:19:12,43.71,7500,43.74,D
sh603650,彤程新材,2025-10-10 13:19:15,43.7,9100,43.71,D
sh603650,彤程新材,2025-10-10 13:19:24,43.7,7800,43.71,D
sh603650,彤程新材,2025-10-10 13:19:30,43.71,11000,43.71,E
sh603650,彤程新材,2025-10-10 13:19:42,43.7,7400,43.72,D
sh603650,彤程新材,2025-10-10 13:19:48,43.73,5000,43.71,U
sh603650,彤程新材,2025-10-10 13:19:54,43.71,5000,43.72,D
sh603650,彤程新材,2025-10-10 13:20:06,43.71,6400,43.76,D
sh603650,彤程新材,2025-10-10 13:20:12,43.8,13500,43.76,U
sh603650,彤程新材,2025-10-10 13:20:54,43.88,7100,43.87,U
sh603650,彤程新材,2025-10-10 13:21:36,43.92,5200,43.9,U
sh603650,彤程新材,2025-10-10 13:22:15,43.9,6400,43.92,D
sh603650,彤程新材,2025-10-10 13:22:42,43.89,12500,43.93,D
sh603650,彤程新材,2025-10-10 13:22:51,43.87,11000,43.87,D
sh603650,彤程新材,2025-10-10 13:23:06,43.9,6500,43.87,U
sh603650,彤程新材,2025-10-10 13:24:15,43.87,5200,43.87,D
sh603650,彤程新材,2025-10-10 13:24:30,43.87,5000,43.84,U
sh603650,彤程新材,2025-10-10 13:24:51,43.82,5200,43.83,D
sh603650,彤程新材,2025-10-10 13:25:03,43.87,5000,43.9,D
sh603650,彤程新材,2025-10-10 13:25:15,43.9,7500,43.9,D
sh603650,彤程新材,2025-10-10 13:25:54,43.9,33400,43.92,D
sh603650,彤程新材,2025-10-10 13:25:57,43.99,8000,43.9,U
sh603650,彤程新材,2025-10-10 13:28:03,43.98,6600,43.97,U
sh603650,彤程新材,2025-10-10 13:30:21,43.91,4600,43.9,U
sh603650,彤程新材,2025-10-10 13:30:24,43.91,9400,43.91,U
sh603650,彤程新材,2025-10-10 13:32:12,44.04,7000,44.02,U
sh603650,彤程新材,2025-10-10 13:32:15,44.04,10985,44.04,U
sh603650,彤程新材,2025-10-10 13:32:42,44.15,15700,44.08,U
sh603650,彤程新材,2025-10-10 13:32:48,44.21,5100,44.18,U
sh603650,彤程新材,2025-10-10 13:33:09,44.23,14700,44.23,D
sh603650,彤程新材,2025-10-10 13:33:24,44.26,8800,44.24,U
sh603650,彤程新材,2025-10-10 13:33:42,44.21,7400,44.2,U
sh603650,彤程新材,2025-10-10 13:34:06,44.2,11400,44.2,D
sh603650,彤程新材,2025-10-10 13:34:18,44.18,5700,44.2,D
sh603650,彤程新材,2025-10-10 13:34:45,44.09,7500,44.1,D
sh603650,彤程新材,2025-10-10 13:34:54,44.19,10500,44.09,U
sh603650,彤程新材,2025-10-10 13:34:57,44.18,16200,44.19,D
sh603650,彤程新材,2025-10-10 13:36:27,44.14,5000,44.11,U
sh603650,彤程新材,2025-10-10 13:37:36,44.12,6500,44.11,U
sh603650,彤程新材,2025-10-10 13:39:03,44.0,6500,44.02,D
sh603650,彤程新材,2025-10-10 13:39:24,44.03,4900,43.98,U
sh603650,彤程新材,2025-10-10 13:39:27,44.1,17200,44.03,U
sh603650,彤程新材,2025-10-10 13:39:33,44.19,21800,44.12,U
sh603650,彤程新材,2025-10-10 13:41:39,44.16,14600,44.13,U
sh603650,彤程新材,2025-10-10 13:41:57,44.17,6100,44.16,U
sh603650,彤程新材,2025-10-10 13:42:09,44.17,6100,44.18,D
sh603650,彤程新材,2025-10-10 13:42:45,44.12,10100,44.13,D
sh603650,彤程新材,2025-10-10 13:44:12,44.1,5400,44.09,U
sh603650,彤程新材,2025-10-10 13:44:36,44.11,4700,44.11,U
sh603650,彤程新材,2025-10-10 13:44:42,44.16,17000,44.12,U
sh603650,彤程新材,2025-10-10 13:44:48,44.21,44700,44.17,U
sh603650,彤程新材,2025-10-10 13:45:03,44.24,11500,44.26,D
sh603650,彤程新材,2025-10-10 13:45:06,44.26,6500,44.24,U
sh603650,彤程新材,2025-10-10 13:45:54,44.26,5700,44.28,D
sh603650,彤程新材,2025-10-10 13:45:57,44.28,6700,44.26,U
sh603650,彤程新材,2025-10-10 13:46:03,44.28,8400,44.28,U
sh603650,彤程新材,2025-10-10 13:46:30,44.27,4600,44.26,U
sh603650,彤程新材,2025-10-10 13:46:33,44.27,12800,44.27,U
sh603650,彤程新材,2025-10-10 13:46:36,44.26,13600,44.27,D
sh603650,彤程新材,2025-10-10 13:46:42,44.3,7887,44.28,U
sh603650,彤程新材,2025-10-10 13:46:51,44.29,8800,44.3,D
sh603650,彤程新材,2025-10-10 13:47:30,44.28,5200,44.29,D
sh603650,彤程新材,2025-10-10 13:50:27,44.09,11100,44.1,D
sh603650,彤程新材,2025-10-10 13:52:00,44.15,5300,44.15,D
sh603650,彤程新材,2025-10-10 13:52:24,44.14,5100,44.15,D
sh603650,彤程新材,2025-10-10 13:52:39,44.15,11000,44.14,U
sh603650,彤程新材,2025-10-10 13:53:03,44.17,11400,44.21,D
sh603650,彤程新材,2025-10-10 13:53:18,44.33,41700,44.26,U
sh603650,彤程新材,2025-10-10 13:53:27,44.37,6600,44.35,U
sh603650,彤程新材,2025-10-10 13:53:33,44.38,8700,44.38,U
sh603650,彤程新材,2025-10-10 13:53:39,44.4,7700,44.4,U
sh603650,彤程新材,2025-10-10 13:53:42,44.41,6900,44.4,U
sh603650,彤程新材,2025-10-10 13:53:48,44.49,32600,44.44,U
sh603650,彤程新材,2025-10-10 13:53:54,44.5,5300,44.49,U
sh603650,彤程新材,2025-10-10 13:53:57,44.49,8100,44.5,D
sh603650,彤程新材,2025-10-10 13:54:00,44.5,42900,44.49,U
sh603650,彤程新材,2025-10-10 13:54:03,44.53,18900,44.5,U
sh603650,彤程新材,2025-10-10 13:54:06,44.55,5600,44.53,U
sh603650,彤程新材,2025-10-10 13:54:09,44.55,6100,44.55,U
sh603650,彤程新材,2025-10-10 13:54:12,44.56,4600,44.55,U
sh603650,彤程新材,2025-10-10 13:54:15,44.58,5800,44.56,U
sh603650,彤程新材,2025-10-10 13:54:18,44.58,10000,44.58,D
sh603650,彤程新材,2025-10-10 13:54:24,44.63,10900,44.61,U
sh603650,彤程新材,2025-10-10 13:54:30,44.65,8800,44.64,U
sh603650,彤程新材,2025-10-10 13:54:33,44.64,11000,44.65,D
sh603650,彤程新材,2025-10-10 13:54:36,44.64,8600,44.64,U
sh603650,彤程新材,2025-10-10 13:54:39,44.64,11400,44.64,U
sh603650,彤程新材,2025-10-10 13:54:42,44.66,7000,44.64,U
sh603650,彤程新材,2025-10-10 13:54:45,44.65,6800,44.66,D
sh603650,彤程新材,2025-10-10 13:54:48,44.67,8400,44.65,U
sh603650,彤程新材,2025-10-10 13:54:51,44.66,39500,44.67,E
sh603650,彤程新材,2025-10-10 13:54:54,44.67,5000,44.66,D
sh603650,彤程新材,2025-10-10 13:54:57,44.68,7200,44.67,U
sh603650,彤程新材,2025-10-10 13:55:00,44.69,7300,44.68,U
sh603650,彤程新材,2025-10-10 13:55:03,44.68,12300,44.69,D
sh603650,彤程新材,2025-10-10 13:55:06,44.69,8100,44.68,E
sh603650,彤程新材,2025-10-10 13:55:09,44.66,8900,44.69,D
sh603650,彤程新材,2025-10-10 13:55:21,44.61,5300,44.62,D
sh603650,彤程新材,2025-10-10 13:55:33,44.56,8700,44.61,D
sh603650,彤程新材,2025-10-10 13:55:36,44.56,21300,44.56,D
sh603650,彤程新材,2025-10-10 13:55:51,44.44,6600,44.44,D
sh603650,彤程新材,2025-10-10 13:56:03,44.5,4600,44.5,U
sh603650,彤程新材,2025-10-10 13:56:15,44.5,5500,44.42,U
sh603650,彤程新材,2025-10-10 13:56:27,44.51,6800,44.5,U
sh603650,彤程新材,2025-10-10 13:56:42,44.56,8000,44.54,U
sh603650,彤程新材,2025-10-10 13:56:51,44.58,7900,44.56,E
sh603650,彤程新材,2025-10-10 13:57:00,44.59,6100,44.59,U
sh603650,彤程新材,2025-10-10 13:57:03,44.59,15100,44.59,U
sh603650,彤程新材,2025-10-10 13:57:06,44.63,19800,44.59,U
sh603650,彤程新材,2025-10-10 13:57:12,44.66,7100,44.64,U
sh603650,彤程新材,2025-10-10 13:57:18,44.69,14300,44.67,U
sh603650,彤程新材,2025-10-10 13:57:21,44.71,21300,44.69,U
sh603650,彤程新材,2025-10-10 13:57:27,44.73,14800,44.72,U
sh603650,彤程新材,2025-10-10 13:57:30,44.76,17500,44.73,U
sh603650,彤程新材,2025-10-10 13:57:36,44.78,9200,44.77,U
sh603650,彤程新材,2025-10-10 13:57:39,44.79,4800,44.78,U
sh603650,彤程新材,2025-10-10 13:57:42,44.78,6100,44.79,D
sh603650,彤程新材,2025-10-10 13:57:45,44.77,44000,44.78,D
sh603650,彤程新材,2025-10-10 13:57:48,44.79,13000,44.77,E
sh603650,彤程新材,2025-10-10 13:57:51,44.8,14700,44.79,U
sh603650,彤程新材,2025-10-10 13:57:54,44.8,26700,44.8,U
sh603650,彤程新材,2025-10-10 13:58:00,44.81,7700,44.81,U
sh603650,彤程新材,2025-10-10 13:58:06,44.82,10600,44.82,U
sh603650,彤程新材,2025-10-10 13:58:12,44.82,16800,44.82,D
sh603650,彤程新材,2025-10-10 13:58:15,44.83,10600,44.82,U
sh603650,彤程新材,2025-10-10 13:58:18,44.83,9500,44.83,U
sh603650,彤程新材,2025-10-10 13:58:21,44.82,6200,44.83,U
sh603650,彤程新材,2025-10-10 13:58:27,44.84,5100,44.84,U
sh603650,彤程新材,2025-10-10 13:58:33,44.83,13800,44.83,D
sh603650,彤程新材,2025-10-10 13:58:36,44.83,8500,44.83,U
sh603650,彤程新材,2025-10-10 13:58:39,44.84,11031,44.83,U
sh603650,彤程新材,2025-10-10 13:58:42,44.82,5669,44.84,D
sh603650,彤程新材,2025-10-10 13:58:51,44.82,5900,44.82,U
sh603650,彤程新材,2025-10-10 13:58:54,44.82,11800,44.82,U
sh603650,彤程新材,2025-10-10 13:59:06,44.81,5000,44.81,U
sh603650,彤程新材,2025-10-10 13:59:09,44.8,6400,44.81,D
sh603650,彤程新材,2025-10-10 13:59:12,44.8,24500,44.8,D
sh603650,彤程新材,2025-10-10 13:59:33,44.69,5700,44.7,D
sh603650,彤程新材,2025-10-10 13:59:36,44.7,5800,44.69,E
sh603650,彤程新材,2025-10-10 13:59:45,44.73,18100,44.7,U
sh603650,彤程新材,2025-10-10 13:59:48,44.69,6100,44.73,D
sh603650,彤程新材,2025-10-10 13:59:57,44.74,6000,44.73,U
sh603650,彤程新材,2025-10-10 14:00:06,44.71,6200,44.7,U
sh603650,彤程新材,2025-10-10 14:00:15,44.73,8000,44.71,U
sh603650,彤程新材,2025-10-10 14:00:42,44.7,7100,44.71,D
sh603650,彤程新材,2025-10-10 14:00:45,44.71,5500,44.7,U
sh603650,彤程新材,2025-10-10 14:00:54,44.7,11400,44.71,D
sh603650,彤程新材,2025-10-10 14:00:57,44.7,8500,44.7,D
sh603650,彤程新材,2025-10-10 14:01:21,44.68,8300,44.69,D
sh603650,彤程新材,2025-10-10 14:01:24,44.66,11000,44.68,D
sh603650,彤程新材,2025-10-10 14:01:27,44.66,5100,44.66,D
sh603650,彤程新材,2025-10-10 14:01:45,44.6,14200,44.6,D
sh603650,彤程新材,2025-10-10 14:02:12,44.66,5600,44.65,U
sh603650,彤程新材,2025-10-10 14:02:18,44.66,9700,44.66,U
sh603650,彤程新材,2025-10-10 14:02:33,44.65,6200,44.65,D
sh603650,彤程新材,2025-10-10 14:03:00,44.67,4500,44.69,D
sh603650,彤程新材,2025-10-10 14:03:09,44.71,11400,44.7,U
sh603650,彤程新材,2025-10-10 14:03:12,44.72,6900,44.71,U
sh603650,彤程新材,2025-10-10 14:03:39,44.75,9600,44.76,D
sh603650,彤程新材,2025-10-10 14:03:45,44.78,7500,44.76,U
sh603650,彤程新材,2025-10-10 14:04:00,44.76,11600,44.77,D
sh603650,彤程新材,2025-10-10 14:04:18,44.76,4800,44.77,D
sh603650,彤程新材,2025-10-10 14:04:24,44.76,11000,44.75,U
sh603650,彤程新材,2025-10-10 14:04:30,44.73,17900,44.76,D
sh603650,彤程新材,2025-10-10 14:04:33,44.75,6500,44.73,U
sh603650,彤程新材,2025-10-10 14:04:45,44.7,10600,44.71,D
sh603650,彤程新材,2025-10-10 14:05:12,44.61,6600,44.61,D
sh603650,彤程新材,2025-10-10 14:05:18,44.65,22600,44.59,U
sh603650,彤程新材,2025-10-10 14:05:30,44.6,7100,44.6,U
sh603650,彤程新材,2025-10-10 14:05:33,44.55,4700,44.6,D
sh603650,彤程新材,2025-10-10 14:06:00,44.55,4900,44.57,D
sh603650,彤程新材,2025-10-10 14:06:06,44.55,12200,44.54,U
sh603650,彤程新材,2025-10-10 14:06:12,44.57,7400,44.55,U
sh603650,彤程新材,2025-10-10 14:06:27,44.53,6900,44.55,D
sh603650,彤程新材,2025-10-10 14:06:36,44.52,10700,44.52,D
sh603650,彤程新材,2025-10-10 14:06:45,44.49,12000,44.51,D
sh603650,彤程新材,2025-10-10 14:07:15,44.32,5000,44.31,U
sh603650,彤程新材,2025-10-10 14:07:30,44.3,5700,44.3,U
sh603650,彤程新材,2025-10-10 14:07:36,44.3,7600,44.28,U
sh603650,彤程新材,2025-10-10 14:07:48,44.27,9400,44.27,E
sh603650,彤程新材,2025-10-10 14:08:06,44.3,17200,44.29,U
sh603650,彤程新材,2025-10-10 14:08:36,44.39,7000,44.41,D
sh603650,彤程新材,2025-10-10 14:08:45,44.44,5900,44.45,D
sh603650,彤程新材,2025-10-10 14:09:18,44.44,5000,44.44,D
sh603650,彤程新材,2025-10-10 14:09:21,44.46,16300,44.44,U
sh603650,彤程新材,2025-10-10 14:09:33,44.41,9400,44.44,D
sh603650,彤程新材,2025-10-10 14:09:42,44.42,4700,44.42,D
sh603650,彤程新材,2025-10-10 14:09:54,44.42,8100,44.41,U
sh603650,彤程新材,2025-10-10 14:09:57,44.42,21600,44.42,U
sh603650,彤程新材,2025-10-10 14:10:21,44.3,14700,44.35,D
sh603650,彤程新材,2025-10-10 14:10:54,44.3,8700,44.33,D
sh603650,彤程新材,2025-10-10 14:11:18,44.31,8800,44.31,U
sh603650,彤程新材,2025-10-10 14:11:51,44.31,10100,44.31,U
sh603650,彤程新材,2025-10-10 14:12:36,44.31,5000,44.34,D
sh603650,彤程新材,2025-10-10 14:12:51,44.35,7900,44.34,U
sh603650,彤程新材,2025-10-10 14:13:36,44.37,4700,44.38,D
sh603650,彤程新材,2025-10-10 14:13:48,44.37,5800,44.36,U
sh603650,彤程新材,2025-10-10 14:14:18,44.36,6700,44.35,U
sh603650,彤程新材,2025-10-10 14:15:09,44.36,4800,44.36,D
sh603650,彤程新材,2025-10-10 14:15:12,44.31,7500,44.36,D
sh603650,彤程新材,2025-10-10 14:15:36,44.35,7300,44.35,D
sh603650,彤程新材,2025-10-10 14:16:03,44.29,19400,44.32,D
sh603650,彤程新材,2025-10-10 14:16:06,44.28,12200,44.29,D
sh603650,彤程新材,2025-10-10 14:16:24,44.25,6500,44.25,U
sh603650,彤程新材,2025-10-10 14:16:42,44.2,5900,44.23,D
sh603650,彤程新材,2025-10-10 14:16:51,44.2,10000,44.2,D
sh603650,彤程新材,2025-10-10 14:17:00,44.2,21300,44.2,D
sh603650,彤程新材,2025-10-10 14:17:03,44.2,8600,44.2,D
sh603650,彤程新材,2025-10-10 14:17:33,44.15,10500,44.15,D
sh603650,彤程新材,2025-10-10 14:17:42,44.15,10400,44.16,D
sh603650,彤程新材,2025-10-10 14:17:51,44.09,7000,44.12,D
sh603650,彤程新材,2025-10-10 14:18:12,44.08,11700,44.06,U
sh603650,彤程新材,2025-10-10 14:18:15,44.05,5100,44.08,U
sh603650,彤程新材,2025-10-10 14:18:18,44.08,10687,44.05,U
sh603650,彤程新材,2025-10-10 14:18:27,44.1,6400,44.1,U
sh603650,彤程新材,2025-10-10 14:18:30,44.07,4800,44.1,D
sh603650,彤程新材,2025-10-10 14:18:33,44.15,18100,44.07,U
sh603650,彤程新材,2025-10-10 14:20:48,44.4,10200,44.36,U
sh603650,彤程新材,2025-10-10 14:21:24,44.37,13400,44.38,D
sh603650,彤程新材,2025-10-10 14:21:33,44.37,11200,44.37,D
sh603650,彤程新材,2025-10-10 14:21:54,44.33,5000,44.34,D
sh603650,彤程新材,2025-10-10 14:22:18,44.33,7800,44.32,U
sh603650,彤程新材,2025-10-10 14:22:36,44.26,24500,44.32,D
sh603650,彤程新材,2025-10-10 14:23:15,44.21,7000,44.21,U
sh603650,彤程新材,2025-10-10 14:23:33,44.2,10500,44.21,U
sh603650,彤程新材,2025-10-10 14:23:54,44.18,7400,44.19,D
sh603650,彤程新材,2025-10-10 14:24:27,44.14,10700,44.14,U
sh603650,彤程新材,2025-10-10 14:24:36,44.15,7400,44.15,U
sh603650,彤程新材,2025-10-10 14:24:39,44.14,6500,44.15,D
sh603650,彤程新材,2025-10-10 14:24:42,44.15,6600,44.14,U
sh603650,彤程新材,2025-10-10 14:24:54,44.13,5200,44.13,U
sh603650,彤程新材,2025-10-10 14:25:12,44.14,4700,44.14,U
sh603650,彤程新材,2025-10-10 14:26:00,44.2,5200,44.18,U
sh603650,彤程新材,2025-10-10 14:26:21,44.22,4600,44.22,D
sh603650,彤程新材,2025-10-10 14:26:36,44.18,16400,44.23,D
sh603650,彤程新材,2025-10-10 14:26:45,44.2,6600,44.18,U
sh603650,彤程新材,2025-10-10 14:26:48,44.21,22000,44.2,U
sh603650,彤程新材,2025-10-10 14:28:03,44.16,16000,44.18,D
sh603650,彤程新材,2025-10-10 14:28:15,44.18,8500,44.16,U
sh603650,彤程新材,2025-10-10 14:28:30,44.17,14600,44.16,E
sh603650,彤程新材,2025-10-10 14:28:48,44.16,5700,44.16,U
sh603650,彤程新材,2025-10-10 14:29:00,44.13,9100,44.15,D
sh603650,彤程新材,2025-10-10 14:29:03,44.13,5900,44.13,D
sh603650,彤程新材,2025-10-10 14:29:09,44.12,5700,44.14,D
sh603650,彤程新材,2025-10-10 14:29:18,44.12,10700,44.12,D
sh603650,彤程新材,2025-10-10 14:29:54,44.11,9400,44.1,U
sh603650,彤程新材,2025-10-10 14:30:21,44.12,8100,44.12,D
sh603650,彤程新材,2025-10-10 14:31:15,44.13,5000,44.14,D
sh603650,彤程新材,2025-10-10 14:31:54,44.14,6200,44.14,D
sh603650,彤程新材,2025-10-10 14:32:06,44.14,5600,44.14,D
sh603650,彤程新材,2025-10-10 14:32:39,44.17,8800,44.17,U
sh603650,彤程新材,2025-10-10 14:33:24,44.16,8800,44.16,D
sh603650,彤程新材,2025-10-10 14:33:45,44.15,9200,44.16,D
sh603650,彤程新材,2025-10-10 14:33:51,44.15,7200,44.15,U
sh603650,彤程新材,2025-10-10 14:34:03,44.13,5600,44.14,D
sh603650,彤程新材,2025-10-10 14:35:06,44.18,39000,44.14,U
sh603650,彤程新材,2025-10-10 14:35:09,44.18,5700,44.18,U
sh603650,彤程新材,2025-10-10 14:35:51,44.2,10000,44.18,U
sh603650,彤程新材,2025-10-10 14:36:15,44.18,10100,44.19,D
sh603650,彤程新材,2025-10-10 14:36:30,44.21,10200,44.19,U
sh603650,彤程新材,2025-10-10 14:37:12,44.23,5600,44.25,D
sh603650,彤程新材,2025-10-10 14:37:39,44.25,8500,44.25,D
sh603650,彤程新材,2025-10-10 14:37:51,44.26,16500,44.25,E
sh603650,彤程新材,2025-10-10 14:38:00,44.27,36600,44.26,U
sh603650,彤程新材,2025-10-10 14:38:03,44.26,13400,44.27,D
sh603650,彤程新材,2025-10-10 14:38:12,44.21,10000,44.25,D
sh603650,彤程新材,2025-10-10 14:38:27,44.21,5600,44.21,U
sh603650,彤程新材,2025-10-10 14:38:36,44.21,9300,44.22,D
sh603650,彤程新材,2025-10-10 14:38:51,44.21,6600,44.21,U
sh603650,彤程新材,2025-10-10 14:38:54,44.22,10100,44.21,U
sh603650,彤程新材,2025-10-10 14:39:06,44.2,9100,44.21,D
sh603650,彤程新材,2025-10-10 14:39:12,44.22,5300,44.22,U
sh603650,彤程新材,2025-10-10 14:39:18,44.22,5200,44.22,D
sh603650,彤程新材,2025-10-10 14:39:39,44.22,6000,44.22,D
sh603650,彤程新材,2025-10-10 14:39:45,44.21,5000,44.22,D
sh603650,彤程新材,2025-10-10 14:40:06,44.22,8300,44.23,E
sh603650,彤程新材,2025-10-10 14:40:12,44.22,8400,44.22,D
sh603650,彤程新材,2025-10-10 14:40:15,44.22,6285,44.22,U
sh603650,彤程新材,2025-10-10 14:40:18,44.23,5600,44.22,U
sh603650,彤程新材,2025-10-10 14:40:57,44.17,4800,44.17,U
sh603650,彤程新材,2025-10-10 14:41:03,44.17,5100,44.16,U
sh603650,彤程新材,2025-10-10 14:41:06,44.17,8900,44.17,U
sh603650,彤程新材,2025-10-10 14:41:09,44.17,7500,44.17,D
sh603650,彤程新材,2025-10-10 14:41:12,44.17,5000,44.17,U
sh603650,彤程新材,2025-10-10 14:41:24,44.18,4885,44.17,U
sh603650,彤程新材,2025-10-10 14:41:33,44.18,9900,44.18,D
sh603650,彤程新材,2025-10-10 14:42:03,44.14,4615,44.15,D
sh603650,彤程新材,2025-10-10 14:42:06,44.14,5800,44.14,D
sh603650,彤程新材,2025-10-10 14:42:27,44.15,7300,44.15,D
sh603650,彤程新材,2025-10-10 14:42:33,44.14,6915,44.14,D
sh603650,彤程新材,2025-10-10 14:43:09,44.14,8100,44.13,U
sh603650,彤程新材,2025-10-10 14:43:12,44.13,6115,44.14,D
sh603650,彤程新材,2025-10-10 14:43:27,44.12,5700,44.13,D
sh603650,彤程新材,2025-10-10 14:43:33,44.15,5985,44.13,U
sh603650,彤程新材,2025-10-10 14:44:03,44.12,20600,44.14,D
sh603650,彤程新材,2025-10-10 14:44:06,44.14,14323,44.12,U
sh603650,彤程新材,2025-10-10 14:44:09,44.14,9200,44.14,D
sh603650,彤程新材,2025-10-10 14:44:18,44.13,5400,44.15,D
sh603650,彤程新材,2025-10-10 14:44:21,44.15,5700,44.13,U
sh603650,彤程新材,2025-10-10 14:44:27,44.14,14900,44.14,U
sh603650,彤程新材,2025-10-10 14:44:42,44.14,9200,44.13,U
sh603650,彤程新材,2025-10-10 14:44:45,44.14,5000,44.14,D
sh603650,彤程新材,2025-10-10 14:45:06,44.17,9000,44.16,U
sh603650,彤程新材,2025-10-10 14:45:36,44.16,7400,44.17,D
sh603650,彤程新材,2025-10-10 14:45:42,44.15,6900,44.16,D
sh603650,彤程新材,2025-10-10 14:45:45,44.17,7900,44.15,U
sh603650,彤程新材,2025-10-10 14:45:51,44.17,8200,44.17,D
sh603650,彤程新材,2025-10-10 14:46:00,44.17,8700,44.17,U
sh603650,彤程新材,2025-10-10 14:46:06,44.17,6000,44.18,D
sh603650,彤程新材,2025-10-10 14:46:09,44.19,5900,44.17,U
sh603650,彤程新材,2025-10-10 14:46:12,44.17,4900,44.19,D
sh603650,彤程新材,2025-10-10 14:46:15,44.19,4700,44.17,U
sh603650,彤程新材,2025-10-10 14:46:27,44.17,5100,44.18,D
sh603650,彤程新材,2025-10-10 14:46:36,44.17,10600,44.17,U
sh603650,彤程新材,2025-10-10 14:46:45,44.16,19300,44.18,D
sh603650,彤程新材,2025-10-10 14:46:54,44.17,8400,44.16,U
sh603650,彤程新材,2025-10-10 14:47:00,44.16,7100,44.18,D
sh603650,彤程新材,2025-10-10 14:47:06,44.16,7900,44.16,D
sh603650,彤程新材,2025-10-10 14:47:09,44.17,4600,44.16,U
sh603650,彤程新材,2025-10-10 14:47:15,44.17,6400,44.17,D
sh603650,彤程新材,2025-10-10 14:47:30,44.16,31000,44.16,D
sh603650,彤程新材,2025-10-10 14:47:45,44.16,6800,44.16,D
sh603650,彤程新材,2025-10-10 14:47:54,44.14,5000,44.16,D
sh603650,彤程新材,2025-10-10 14:48:00,44.12,6000,44.13,D
sh603650,彤程新材,2025-10-10 14:48:06,44.12,5400,44.11,U
sh603650,彤程新材,2025-10-10 14:48:12,44.1,8800,44.12,D
sh603650,彤程新材,2025-10-10 14:48:15,44.1,5800,44.1,D
sh603650,彤程新材,2025-10-10 14:48:21,44.09,6500,44.11,D
sh603650,彤程新材,2025-10-10 14:48:30,44.09,18700,44.09,D
sh603650,彤程新材,2025-10-10 14:48:51,44.06,6300,44.09,D
sh603650,彤程新材,2025-10-10 14:48:57,44.06,6400,44.06,D
sh603650,彤程新材,2025-10-10 14:49:00,44.06,7700,44.06,D
sh603650,彤程新材,2025-10-10 14:49:09,44.05,12700,44.05,D
sh603650,彤程新材,2025-10-10 14:49:18,44.04,5600,44.05,D
sh603650,彤程新材,2025-10-10 14:49:30,44.01,11800,44.03,D
sh603650,彤程新材,2025-10-10 14:49:33,44.01,8000,44.01,D
sh603650,彤程新材,2025-10-10 14:49:42,44.0,14700,44.01,D
sh603650,彤程新材,2025-10-10 14:49:48,44.0,11700,44.01,D
sh603650,彤程新材,2025-10-10 14:49:54,44.01,7200,44.03,D
sh603650,彤程新材,2025-10-10 14:50:06,44.0,36200,44.01,D
sh603650,彤程新材,2025-10-10 14:50:09,44.01,7100,44.0,E
sh603650,彤程新材,2025-10-10 14:50:12,44.03,9600,44.01,U
sh603650,彤程新材,2025-10-10 14:50:15,44.0,6400,44.03,D
sh603650,彤程新材,2025-10-10 14:50:18,44.0,13600,44.0,D
sh603650,彤程新材,2025-10-10 14:50:21,44.01,17600,44.0,D
sh603650,彤程新材,2025-10-10 14:50:33,44.02,7000,44.04,D
sh603650,彤程新材,2025-10-10 14:50:42,44.02,29100,44.02,U
sh603650,彤程新材,2025-10-10 14:50:54,44.04,12400,44.03,U
sh603650,彤程新材,2025-10-10 14:50:57,44.04,11400,44.04,U
sh603650,彤程新材,2025-10-10 14:51:00,44.05,8714,44.04,U
sh603650,彤程新材,2025-10-10 14:51:03,44.07,9500,44.05,U
sh603650,彤程新材,2025-10-10 14:51:06,44.08,7100,44.07,U
sh603650,彤程新材,2025-10-10 14:51:15,44.1,7700,44.08,U
sh603650,彤程新材,2025-10-10 14:51:24,44.12,6400,44.11,U
sh603650,彤程新材,2025-10-10 14:51:30,44.11,6200,44.11,D
sh603650,彤程新材,2025-10-10 14:51:33,44.13,5100,44.11,E
sh603650,彤程新材,2025-10-10 14:51:36,44.12,5200,44.13,D
sh603650,彤程新材,2025-10-10 14:51:39,44.12,5700,44.12,D
sh603650,彤程新材,2025-10-10 14:51:42,44.12,5900,44.12,D
sh603650,彤程新材,2025-10-10 14:51:45,44.12,5400,44.12,D
sh603650,彤程新材,2025-10-10 14:51:48,44.14,9800,44.12,U
sh603650,彤程新材,2025-10-10 14:51:51,44.13,7000,44.14,E
sh603650,彤程新材,2025-10-10 14:51:54,44.12,7800,44.13,D
sh603650,彤程新材,2025-10-10 14:51:57,44.12,10600,44.12,U
sh603650,彤程新材,2025-10-10 14:52:03,44.1,20000,44.12,D
sh603650,彤程新材,2025-10-10 14:52:06,44.08,6700,44.1,D
sh603650,彤程新材,2025-10-10 14:52:27,44.1,6000,44.1,U
sh603650,彤程新材,2025-10-10 14:52:36,44.11,8900,44.11,U
sh603650,彤程新材,2025-10-10 14:52:42,44.11,17000,44.1,U
sh603650,彤程新材,2025-10-10 14:52:57,44.12,18600,44.12,U
sh603650,彤程新材,2025-10-10 14:53:00,44.12,6500,44.12,U
sh603650,彤程新材,2025-10-10 14:53:06,44.13,12300,44.13,U
sh603650,彤程新材,2025-10-10 14:53:24,44.1,28300,44.14,D
sh603650,彤程新材,2025-10-10 14:53:30,44.12,10100,44.1,U
sh603650,彤程新材,2025-10-10 14:53:36,44.13,5400,44.12,U
sh603650,彤程新材,2025-10-10 14:53:45,44.14,6700,44.12,U
sh603650,彤程新材,2025-10-10 14:54:00,44.14,13300,44.13,U
sh603650,彤程新材,2025-10-10 14:54:09,44.15,6900,44.15,U
sh603650,彤程新材,2025-10-10 14:54:18,44.16,7900,44.16,U
sh603650,彤程新材,2025-10-10 14:54:30,44.17,12900,44.16,U
sh603650,彤程新材,2025-10-10 14:54:36,44.17,9300,44.16,U
sh603650,彤程新材,2025-10-10 14:54:39,44.17,6600,44.17,U
sh603650,彤程新材,2025-10-10 14:54:48,44.17,10800,44.17,D
sh603650,彤程新材,2025-10-10 14:54:54,44.18,7200,44.18,U
sh603650,彤程新材,2025-10-10 14:54:57,44.18,7500,44.18,U
sh603650,彤程新材,2025-10-10 14:55:00,44.18,5700,44.18,D
sh603650,彤程新材,2025-10-10 14:55:03,44.19,5900,44.18,U
sh603650,彤程新材,2025-10-10 14:55:15,44.2,5800,44.18,U
sh603650,彤程新材,2025-10-10 14:55:21,44.2,11700,44.2,U
sh603650,彤程新材,2025-10-10 14:55:24,44.2,10400,44.2,U
sh603650,彤程新材,2025-10-10 14:55:39,44.23,11000,44.24,E
sh603650,彤程新材,2025-10-10 14:55:48,44.26,12100,44.24,U
sh603650,彤程新材,2025-10-10 14:55:54,44.24,5900,44.26,D
sh603650,彤程新材,2025-10-10 14:56:06,44.27,5500,44.27,U
sh603650,彤程新材,2025-10-10 14:56:12,44.28,7800,44.27,U
sh603650,彤程新材,2025-10-10 14:56:15,44.27,7300,44.28,D
sh603650,彤程新材,2025-10-10 14:56:21,44.28,5900,44.28,D
sh603650,彤程新材,2025-10-10 14:56:24,44.28,8000,44.28,D
sh603650,彤程新材,2025-10-10 14:56:30,44.28,7800,44.28,U
sh603650,彤程新材,2025-10-10 14:56:33,44.28,9100,44.28,U
sh603650,彤程新材,2025-10-10 14:56:36,44.29,11100,44.28,U
sh603650,彤程新材,2025-10-10 14:56:45,44.3,5300,44.3,U
sh603650,彤程新材,2025-10-10 14:56:54,44.3,5800,44.33,D
sh603650,彤程新材,2025-10-10 14:56:57,44.33,4700,44.3,U
sh603650,彤程新材,2025-10-10 15:00:00,44.32,332400,44.33,U
