symbol,name,ticktime,price,volume,prev_price,kind
sh603650,彤程新材,2025-09-19 09:25:00,36.0,103400,0.0,D
sh603650,彤程新材,2025-09-19 09:30:03,35.98,10300,36.0,D
sh603650,彤程新材,2025-09-19 09:30:06,36.0,38300,35.98,U
sh603650,彤程新材,2025-09-19 09:30:09,35.97,20100,36.0,E
sh603650,彤程新材,2025-09-19 09:30:12,36.01,10600,35.97,U
sh603650,彤程新材,2025-09-19 09:30:15,35.9,25800,36.01,D
sh603650,彤程新材,2025-09-19 09:30:18,35.97,10300,35.9,E
sh603650,彤程新材,2025-09-19 09:30:21,36.01,21500,35.97,U
sh603650,彤程新材,2025-09-19 09:30:24,36.02,15400,36.01,E
sh603650,彤程新材,2025-09-19 09:30:27,36.02,38900,36.02,D
sh603650,彤程新材,2025-09-19 09:30:30,36.0,33200,36.02,D
sh603650,彤程新材,2025-09-19 09:30:33,36.0,26900,36.0,U
sh603650,彤程新材,2025-09-19 09:30:36,35.99,9600,36.0,E
sh603650,彤程新材,2025-09-19 09:30:39,36.0,18600,35.99,U
sh603650,彤程新材,2025-09-19 09:30:42,35.98,21300,36.0,D
sh603650,彤程新材,2025-09-19 09:30:45,36.0,16200,35.98,U
sh603650,彤程新材,2025-09-19 09:30:48,36.0,13100,36.0,D
sh603650,彤程新材,2025-09-19 09:30:51,36.01,16100,36.0,U
sh603650,彤程新材,2025-09-19 09:30:54,36.01,25444,36.01,D
sh603650,彤程新材,2025-09-19 09:30:57,36.06,25300,36.01,U
sh603650,彤程新材,2025-09-19 09:31:00,36.06,9700,36.06,D
sh603650,彤程新材,2025-09-19 09:31:03,36.09,6700,36.06,U
sh603650,彤程新材,2025-09-19 09:31:06,36.09,6300,36.09,D
sh603650,彤程新材,2025-09-19 09:31:21,36.15,18600,36.12,U
sh603650,彤程新材,2025-09-19 09:31:27,36.16,6900,36.14,U
sh603650,彤程新材,2025-09-19 09:31:30,36.18,7200,36.16,U
sh603650,彤程新材,2025-09-19 09:31:33,36.1,72900,36.18,D
sh603650,彤程新材,2025-09-19 09:31:36,36.1,27100,36.1,D
sh603650,彤程新材,2025-09-19 09:31:39,36.07,9600,36.1,D
sh603650,彤程新材,2025-09-19 09:31:42,36.03,8400,36.07,D
sh603650,彤程新材,2025-09-19 09:31:45,36.0,8156,36.03,D
sh603650,彤程新材,2025-09-19 09:31:51,35.98,6300,35.98,U
sh603650,彤程新材,2025-09-19 09:31:54,35.97,7800,35.98,E
sh603650,彤程新材,2025-09-19 09:32:03,35.82,19700,35.85,D
sh603650,彤程新材,2025-09-19 09:32:06,35.82,18400,35.82,D
sh603650,彤程新材,2025-09-19 09:32:12,35.82,14600,35.82,U
sh603650,彤程新材,2025-09-19 09:32:15,35.87,33500,35.82,U
sh603650,彤程新材,2025-09-19 09:32:21,35.88,14300,35.87,U
sh603650,彤程新材,2025-09-19 09:32:33,35.9,5600,35.89,U
sh603650,彤程新材,2025-09-19 09:32:36,35.9,12700,35.9,U
sh603650,彤程新材,2025-09-19 09:32:39,35.88,7800,35.9,D
sh603650,彤程新材,2025-09-19 09:32:42,35.89,7400,35.88,U
sh603650,彤程新材,2025-09-19 09:32:45,35.9,13900,35.89,U
sh603650,彤程新材,2025-09-19 09:32:51,35.89,8700,35.89,U
sh603650,彤程新材,2025-09-19 09:32:54,35.89,8400,35.89,U
sh603650,彤程新材,2025-09-19 09:32:57,35.87,6000,35.89,D
sh603650,彤程新材,2025-09-19 09:33:03,35.84,11100,35.86,D
sh603650,彤程新材,2025-09-19 09:33:06,35.81,8300,35.84,D
sh603650,彤程新材,2025-09-19 09:33:09,35.8,18100,35.81,D
sh603650,彤程新材,2025-09-19 09:33:12,35.78,7800,35.8,D
sh603650,彤程新材,2025-09-19 09:33:18,35.74,6900,35.74,D
sh603650,彤程新材,2025-09-19 09:33:21,35.75,9100,35.74,U
sh603650,彤程新材,2025-09-19 09:33:24,35.86,21400,35.75,U
sh603650,彤程新材,2025-09-19 09:33:27,35.95,11000,35.86,U
sh603650,彤程新材,2025-09-19 09:33:30,36.03,15200,35.95,U
sh603650,彤程新材,2025-09-19 09:33:33,35.95,8400,36.03,D
sh603650,彤程新材,2025-09-19 09:33:39,35.98,13700,35.98,U
sh603650,彤程新材,2025-09-19 09:33:45,36.1,7500,36.05,U
sh603650,彤程新材,2025-09-19 09:33:48,36.15,13200,36.1,U
sh603650,彤程新材,2025-09-19 09:33:54,36.13,7900,36.15,D
sh603650,彤程新材,2025-09-19 09:34:03,36.13,14000,36.1,U
sh603650,彤程新材,2025-09-19 09:34:06,36.13,18400,36.13,U
sh603650,彤程新材,2025-09-19 09:34:09,36.15,7800,36.13,U
sh603650,彤程新材,2025-09-19 09:34:12,36.18,15200,36.15,U
sh603650,彤程新材,2025-09-19 09:34:15,36.2,19400,36.18,U
sh603650,彤程新材,2025-09-19 09:34:18,36.25,33800,36.2,U
sh603650,彤程新材,2025-09-19 09:34:21,36.26,8300,36.25,U
sh603650,彤程新材,2025-09-19 09:34:27,36.27,18300,36.26,E
sh603650,彤程新材,2025-09-19 09:34:30,36.26,17600,36.27,E
sh603650,彤程新材,2025-09-19 09:34:33,36.27,27800,36.26,U
sh603650,彤程新材,2025-09-19 09:34:36,36.19,15900,36.27,D
sh603650,彤程新材,2025-09-19 09:34:39,36.24,27800,36.19,U
sh603650,彤程新材,2025-09-19 09:34:42,36.27,15800,36.24,U
sh603650,彤程新材,2025-09-19 09:34:48,36.22,8000,36.25,D
sh603650,彤程新材,2025-09-19 09:34:57,36.23,16100,36.23,U
sh603650,彤程新材,2025-09-19 09:35:00,36.2,9100,36.23,D
sh603650,彤程新材,2025-09-19 09:35:04,36.2,9000,36.2,U
sh603650,彤程新材,2025-09-19 09:35:06,36.17,17100,36.2,D
sh603650,彤程新材,2025-09-19 09:35:15,36.18,6300,36.18,U
sh603650,彤程新材,2025-09-19 09:35:21,36.17,14500,36.18,D
sh603650,彤程新材,2025-09-19 09:35:30,36.19,9000,36.17,U
sh603650,彤程新材,2025-09-19 09:35:33,36.17,8800,36.19,D
sh603650,彤程新材,2025-09-19 09:35:36,36.18,6600,36.17,U
sh603650,彤程新材,2025-09-19 09:35:39,36.26,32300,36.18,U
sh603650,彤程新材,2025-09-19 09:35:42,36.28,12100,36.26,U
sh603650,彤程新材,2025-09-19 09:35:48,36.3,10800,36.29,U
sh603650,彤程新材,2025-09-19 09:35:51,36.31,16800,36.3,U
sh603650,彤程新材,2025-09-19 09:35:54,36.31,14700,36.31,E
sh603650,彤程新材,2025-09-19 09:36:00,36.37,31000,36.31,U
sh603650,彤程新材,2025-09-19 09:36:03,36.31,13500,36.37,D
sh603650,彤程新材,2025-09-19 09:36:09,36.3,14700,36.33,D
sh603650,彤程新材,2025-09-19 09:36:15,36.33,17200,36.33,D
sh603650,彤程新材,2025-09-19 09:36:19,36.28,10500,36.33,D
sh603650,彤程新材,2025-09-19 09:36:27,36.3,12300,36.33,D
sh603650,彤程新材,2025-09-19 09:36:36,36.32,9700,36.32,D
sh603650,彤程新材,2025-09-19 09:36:39,36.34,7000,36.32,U
sh603650,彤程新材,2025-09-19 09:36:48,36.33,13200,36.34,E
sh603650,彤程新材,2025-09-19 09:36:54,36.35,8800,36.32,U
sh603650,彤程新材,2025-09-19 09:37:03,36.33,12500,36.35,D
sh603650,彤程新材,2025-09-19 09:37:09,36.29,11700,36.31,D
sh603650,彤程新材,2025-09-19 09:37:36,36.3,7100,36.28,U
sh603650,彤程新材,2025-09-19 09:37:42,36.28,6400,36.28,U
sh603650,彤程新材,2025-09-19 09:38:06,36.21,9400,36.22,D
sh603650,彤程新材,2025-09-19 09:38:09,36.22,8100,36.21,U
sh603650,彤程新材,2025-09-19 09:38:12,36.24,7200,36.22,E
sh603650,彤程新材,2025-09-19 09:38:15,36.3,23600,36.24,U
sh603650,彤程新材,2025-09-19 09:38:18,36.32,8100,36.3,U
sh603650,彤程新材,2025-09-19 09:38:21,36.32,13100,36.32,D
sh603650,彤程新材,2025-09-19 09:38:27,36.3,11900,36.32,D
sh603650,彤程新材,2025-09-19 09:38:33,36.19,44400,36.28,D
sh603650,彤程新材,2025-09-19 09:38:36,36.17,7700,36.19,D
sh603650,彤程新材,2025-09-19 09:38:48,36.16,6400,36.18,D
sh603650,彤程新材,2025-09-19 09:38:51,36.18,6600,36.16,E
sh603650,彤程新材,2025-09-19 09:39:00,36.19,9700,36.18,U
sh603650,彤程新材,2025-09-19 09:39:03,36.16,6200,36.19,D
sh603650,彤程新材,2025-09-19 09:39:06,36.18,39300,36.16,U
sh603650,彤程新材,2025-09-19 09:39:27,36.23,7100,36.26,D
sh603650,彤程新材,2025-09-19 09:39:30,36.24,6200,36.23,U
sh603650,彤程新材,2025-09-19 09:39:36,36.23,7600,36.24,D
sh603650,彤程新材,2025-09-19 09:39:42,36.17,10700,36.22,D
sh603650,彤程新材,2025-09-19 09:39:54,36.2,12800,36.18,U
sh603650,彤程新材,2025-09-19 09:40:00,36.23,9900,36.2,U
sh603650,彤程新材,2025-09-19 09:40:06,36.23,17200,36.24,D
sh603650,彤程新材,2025-09-19 09:40:18,36.32,36300,36.27,U
sh603650,彤程新材,2025-09-19 09:40:21,36.36,30300,36.32,U
sh603650,彤程新材,2025-09-19 09:40:27,36.42,40400,36.37,U
sh603650,彤程新材,2025-09-19 09:40:30,36.44,7300,36.42,U
sh603650,彤程新材,2025-09-19 09:40:33,36.45,20900,36.44,U
sh603650,彤程新材,2025-09-19 09:40:36,36.44,9000,36.45,D
sh603650,彤程新材,2025-09-19 09:40:39,36.45,10100,36.44,E
sh603650,彤程新材,2025-09-19 09:40:42,36.44,5500,36.45,D
sh603650,彤程新材,2025-09-19 09:40:45,36.44,8400,36.44,D
sh603650,彤程新材,2025-09-19 09:40:48,36.44,5800,36.44,E
sh603650,彤程新材,2025-09-19 09:40:51,36.45,5800,36.44,U
sh603650,彤程新材,2025-09-19 09:40:54,36.47,12900,36.45,U
sh603650,彤程新材,2025-09-19 09:40:57,36.45,38300,36.47,D
sh603650,彤程新材,2025-09-19 09:41:06,36.48,35800,36.47,U
sh603650,彤程新材,2025-09-19 09:41:12,36.47,16900,36.48,D
sh603650,彤程新材,2025-09-19 09:41:15,36.47,16400,36.47,U
sh603650,彤程新材,2025-09-19 09:41:18,36.47,37900,36.47,U
sh603650,彤程新材,2025-09-19 09:41:21,36.47,10200,36.47,U
sh603650,彤程新材,2025-09-19 09:41:27,36.43,7300,36.43,D
sh603650,彤程新材,2025-09-19 09:41:39,36.38,5800,36.39,D
sh603650,彤程新材,2025-09-19 09:41:42,36.33,11300,36.38,D
sh603650,彤程新材,2025-09-19 09:41:45,36.27,8000,36.33,D
sh603650,彤程新材,2025-09-19 09:42:00,36.25,26598,36.23,D
sh603650,彤程新材,2025-09-19 09:42:03,36.19,17300,36.25,D
sh603650,彤程新材,2025-09-19 09:42:06,36.14,9500,36.19,D
sh603650,彤程新材,2025-09-19 09:42:15,36.09,11400,36.11,D
sh603650,彤程新材,2025-09-19 09:42:18,36.02,6700,36.09,D
sh603650,彤程新材,2025-09-19 09:42:21,36.09,8800,36.02,U
sh603650,彤程新材,2025-09-19 09:42:27,36.1,6100,36.09,U
sh603650,彤程新材,2025-09-19 09:42:33,36.1,19100,36.06,U
sh603650,彤程新材,2025-09-19 09:42:36,36.1,10800,36.1,D
sh603650,彤程新材,2025-09-19 09:42:39,36.09,6900,36.1,D
sh603650,彤程新材,2025-09-19 09:42:51,36.06,8900,36.07,D
sh603650,彤程新材,2025-09-19 09:43:12,36.09,11900,36.06,U
sh603650,彤程新材,2025-09-19 09:43:15,36.06,5900,36.09,D
sh603650,彤程新材,2025-09-19 09:43:27,36.04,8100,36.07,D
sh603650,彤程新材,2025-09-19 09:43:30,36.05,18900,36.04,D
sh603650,彤程新材,2025-09-19 09:43:33,36.06,7500,36.05,U
sh603650,彤程新材,2025-09-19 09:43:45,36.03,5700,36.04,D
sh603650,彤程新材,2025-09-19 09:43:54,36.03,5700,36.03,D
sh603650,彤程新材,2025-09-19 09:43:57,36.03,17000,36.03,U
sh603650,彤程新材,2025-09-19 09:44:00,36.02,7900,36.03,D
sh603650,彤程新材,2025-09-19 09:44:18,36.05,9200,36.05,U
sh603650,彤程新材,2025-09-19 09:44:27,36.07,6100,36.05,U
sh603650,彤程新材,2025-09-19 09:44:30,36.06,12200,36.07,E
sh603650,彤程新材,2025-09-19 09:44:33,36.1,14900,36.06,U
sh603650,彤程新材,2025-09-19 09:44:54,36.24,26500,36.24,D
sh603650,彤程新材,2025-09-19 09:44:57,36.21,9700,36.24,D
sh603650,彤程新材,2025-09-19 09:45:00,36.22,6300,36.21,E
sh603650,彤程新材,2025-09-19 09:45:03,36.24,12700,36.22,U
sh603650,彤程新材,2025-09-19 09:45:15,36.2,7500,36.2,U
sh603650,彤程新材,2025-09-19 09:45:18,36.21,6200,36.2,U
sh603650,彤程新材,2025-09-19 09:45:33,36.25,7900,36.2,U
sh603650,彤程新材,2025-09-19 09:45:45,36.25,11800,36.21,U
sh603650,彤程新材,2025-09-19 09:45:54,36.2,10600,36.2,U
sh603650,彤程新材,2025-09-19 09:46:00,36.24,25700,36.21,U
sh603650,彤程新材,2025-09-19 09:46:03,36.3,14600,36.24,U
sh603650,彤程新材,2025-09-19 09:46:06,36.32,5900,36.3,U
sh603650,彤程新材,2025-09-19 09:46:09,36.32,8100,36.32,D
sh603650,彤程新材,2025-09-19 09:46:12,36.42,13200,36.32,U
sh603650,彤程新材,2025-09-19 09:46:15,36.5,64100,36.42,U
sh603650,彤程新材,2025-09-19 09:46:18,36.43,35700,36.5,D
sh603650,彤程新材,2025-09-19 09:46:30,36.46,8300,36.49,E
sh603650,彤程新材,2025-09-19 09:46:33,36.38,10200,36.46,D
sh603650,彤程新材,2025-09-19 09:46:36,36.38,10600,36.38,U
sh603650,彤程新材,2025-09-19 09:46:45,36.4,12600,36.38,U
sh603650,彤程新材,2025-09-19 09:46:54,36.41,25700,36.43,E
sh603650,彤程新材,2025-09-19 09:46:57,36.44,11500,36.41,E
sh603650,彤程新材,2025-09-19 09:47:00,36.46,8300,36.44,U
sh603650,彤程新材,2025-09-19 09:47:03,36.54,88300,36.46,U
sh603650,彤程新材,2025-09-19 09:47:06,36.52,12100,36.54,D
sh603650,彤程新材,2025-09-19 09:47:12,36.49,16700,36.53,D
sh603650,彤程新材,2025-09-19 09:47:15,36.49,14500,36.49,D
sh603650,彤程新材,2025-09-19 09:47:24,36.49,12300,36.52,D
sh603650,彤程新材,2025-09-19 09:47:27,36.38,26800,36.49,D
sh603650,彤程新材,2025-09-19 09:47:33,36.39,10300,36.39,U
sh603650,彤程新材,2025-09-19 09:47:42,36.38,7100,36.39,D
sh603650,彤程新材,2025-09-19 09:47:48,36.39,10100,36.38,U
sh603650,彤程新材,2025-09-19 09:47:57,36.38,11300,36.37,U
sh603650,彤程新材,2025-09-19 09:48:00,36.38,11700,36.38,D
sh603650,彤程新材,2025-09-19 09:48:03,36.39,23600,36.38,U
sh603650,彤程新材,2025-09-19 09:48:09,36.4,12400,36.39,U
sh603650,彤程新材,2025-09-19 09:48:15,36.39,6600,36.38,U
sh603650,彤程新材,2025-09-19 09:48:21,36.34,12200,36.38,D
sh603650,彤程新材,2025-09-19 09:48:24,36.37,10100,36.34,E
sh603650,彤程新材,2025-09-19 09:48:39,36.38,11300,36.37,U
sh603650,彤程新材,2025-09-19 09:49:06,36.29,11200,36.3,D
sh603650,彤程新材,2025-09-19 09:49:12,36.3,6600,36.32,D
sh603650,彤程新材,2025-09-19 09:49:15,36.36,12000,36.3,U
sh603650,彤程新材,2025-09-19 09:49:21,36.35,10600,36.36,D
sh603650,彤程新材,2025-09-19 09:49:42,36.38,7500,36.36,U
sh603650,彤程新材,2025-09-19 09:49:45,36.38,6100,36.38,U
sh603650,彤程新材,2025-09-19 09:49:48,36.35,7100,36.38,D
sh603650,彤程新材,2025-09-19 09:50:00,36.32,10100,36.32,U
sh603650,彤程新材,2025-09-19 09:50:06,36.35,18400,36.32,E
sh603650,彤程新材,2025-09-19 09:50:12,36.34,11600,36.34,U
sh603650,彤程新材,2025-09-19 09:50:24,36.38,84000,36.38,U
sh603650,彤程新材,2025-09-19 09:50:27,36.38,10200,36.38,U
sh603650,彤程新材,2025-09-19 09:50:30,36.36,18900,36.38,D
sh603650,彤程新材,2025-09-19 09:50:33,36.43,26600,36.36,U
sh603650,彤程新材,2025-09-19 09:50:36,36.45,7900,36.43,U
sh603650,彤程新材,2025-09-19 09:50:45,36.49,42300,36.49,U
sh603650,彤程新材,2025-09-19 09:50:48,36.52,6400,36.49,U
sh603650,彤程新材,2025-09-19 09:50:57,36.49,24400,36.52,D
sh603650,彤程新材,2025-09-19 09:51:06,36.47,5800,36.45,U
sh603650,彤程新材,2025-09-19 09:51:12,36.5,14600,36.48,U
sh603650,彤程新材,2025-09-19 09:51:15,36.48,6800,36.5,E
sh603650,彤程新材,2025-09-19 09:51:30,36.47,8500,36.5,D
sh603650,彤程新材,2025-09-19 09:51:33,36.46,21200,36.47,D
sh603650,彤程新材,2025-09-19 09:51:36,36.48,6000,36.46,U
sh603650,彤程新材,2025-09-19 09:51:45,36.42,6100,36.4,U
sh603650,彤程新材,2025-09-19 09:51:51,36.42,9300,36.39,U
sh603650,彤程新材,2025-09-19 09:52:03,36.34,5900,36.36,D
sh603650,彤程新材,2025-09-19 09:52:21,36.45,10700,36.39,U
sh603650,彤程新材,2025-09-19 09:52:33,36.45,8600,36.48,D
sh603650,彤程新材,2025-09-19 09:52:39,36.45,5600,36.46,E
sh603650,彤程新材,2025-09-19 09:52:48,36.47,12600,36.43,U
sh603650,彤程新材,2025-09-19 09:52:51,36.46,7300,36.47,D
sh603650,彤程新材,2025-09-19 09:52:54,36.45,7100,36.46,D
sh603650,彤程新材,2025-09-19 09:52:57,36.48,22500,36.45,U
sh603650,彤程新材,2025-09-19 09:53:09,36.45,21900,36.48,D
sh603650,彤程新材,2025-09-19 09:53:12,36.43,7500,36.45,D
sh603650,彤程新材,2025-09-19 09:53:15,36.52,53600,36.43,U
sh603650,彤程新材,2025-09-19 09:53:24,36.51,11700,36.52,D
sh603650,彤程新材,2025-09-19 09:53:27,36.56,95600,36.51,U
sh603650,彤程新材,2025-09-19 09:53:30,36.55,11800,36.56,D
sh603650,彤程新材,2025-09-19 09:53:33,36.58,11200,36.55,U
sh603650,彤程新材,2025-09-19 09:53:36,36.58,17998,36.58,U
sh603650,彤程新材,2025-09-19 09:53:39,36.57,17900,36.58,D
sh603650,彤程新材,2025-09-19 09:53:42,36.58,11300,36.57,D
sh603650,彤程新材,2025-09-19 09:53:45,36.6,5800,36.58,U
sh603650,彤程新材,2025-09-19 09:53:51,36.59,31900,36.6,D
sh603650,彤程新材,2025-09-19 09:53:54,36.55,45402,36.59,D
sh603650,彤程新材,2025-09-19 09:53:57,36.59,9700,36.55,U
sh603650,彤程新材,2025-09-19 09:54:03,36.53,14800,36.58,D
sh603650,彤程新材,2025-09-19 09:54:06,36.53,11900,36.53,D
sh603650,彤程新材,2025-09-19 09:54:09,36.52,6300,36.53,D
sh603650,彤程新材,2025-09-19 09:54:18,36.52,6200,36.52,U
sh603650,彤程新材,2025-09-19 09:54:24,36.49,15800,36.5,D
sh603650,彤程新材,2025-09-19 09:54:33,36.49,14000,36.49,U
sh603650,彤程新材,2025-09-19 09:55:21,36.45,5500,36.44,U
sh603650,彤程新材,2025-09-19 09:55:36,36.48,18000,36.44,U
sh603650,彤程新材,2025-09-19 09:55:39,36.49,11800,36.48,U
sh603650,彤程新材,2025-09-19 09:55:42,36.49,6000,36.49,U
sh603650,彤程新材,2025-09-19 09:55:54,36.53,23000,36.47,U
sh603650,彤程新材,2025-09-19 09:55:57,36.54,6700,36.53,U
sh603650,彤程新材,2025-09-19 09:56:00,36.55,6800,36.54,E
sh603650,彤程新材,2025-09-19 09:56:03,36.56,11000,36.55,D
sh603650,彤程新材,2025-09-19 09:56:09,36.56,6300,36.56,D
sh603650,彤程新材,2025-09-19 09:56:12,36.56,27800,36.56,D
sh603650,彤程新材,2025-09-19 09:56:15,36.56,25200,36.56,D
sh603650,彤程新材,2025-09-19 09:56:18,36.54,12500,36.56,D
sh603650,彤程新材,2025-09-19 09:56:24,36.55,12400,36.56,U
sh603650,彤程新材,2025-09-19 09:56:39,36.55,9100,36.54,U
sh603650,彤程新材,2025-09-19 09:56:48,36.56,16500,36.56,U
sh603650,彤程新材,2025-09-19 09:56:51,36.55,10300,36.56,D
sh603650,彤程新材,2025-09-19 09:57:15,36.52,18000,36.49,U
sh603650,彤程新材,2025-09-19 09:57:18,36.65,126498,36.52,U
sh603650,彤程新材,2025-09-19 09:57:21,36.62,60200,36.65,D
sh603650,彤程新材,2025-09-19 09:57:30,36.56,12400,36.59,E
sh603650,彤程新材,2025-09-19 09:57:33,36.55,9200,36.56,D
sh603650,彤程新材,2025-09-19 09:57:39,36.59,7700,36.59,U
sh603650,彤程新材,2025-09-19 09:57:42,36.55,13500,36.59,D
sh603650,彤程新材,2025-09-19 09:57:48,36.63,6902,36.59,U
sh603650,彤程新材,2025-09-19 09:57:51,36.69,183500,36.63,U
sh603650,彤程新材,2025-09-19 09:57:54,36.7,23500,36.69,U
sh603650,彤程新材,2025-09-19 09:57:57,36.76,21200,36.7,U
sh603650,彤程新材,2025-09-19 09:58:00,36.78,14500,36.76,U
sh603650,彤程新材,2025-09-19 09:58:03,36.78,30300,36.78,E
sh603650,彤程新材,2025-09-19 09:58:06,36.8,7500,36.78,U
sh603650,彤程新材,2025-09-19 09:58:09,36.82,25600,36.8,E
sh603650,彤程新材,2025-09-19 09:58:12,36.88,15900,36.82,U
sh603650,彤程新材,2025-09-19 09:58:15,36.88,44500,36.88,U
sh603650,彤程新材,2025-09-19 09:58:18,36.88,19800,36.88,D
sh603650,彤程新材,2025-09-19 09:58:21,36.83,10500,36.88,D
sh603650,彤程新材,2025-09-19 09:58:24,36.8,36400,36.83,D
sh603650,彤程新材,2025-09-19 09:58:27,36.79,6800,36.8,E
sh603650,彤程新材,2025-09-19 09:58:33,36.77,14700,36.75,E
sh603650,彤程新材,2025-09-19 09:58:42,36.74,27500,36.76,E
sh603650,彤程新材,2025-09-19 09:58:45,36.73,6900,36.74,E
sh603650,彤程新材,2025-09-19 09:58:48,36.7,8900,36.73,D
sh603650,彤程新材,2025-09-19 09:58:51,36.7,6500,36.7,D
sh603650,彤程新材,2025-09-19 09:58:54,36.69,19200,36.7,D
sh603650,彤程新材,2025-09-19 09:59:00,36.68,6200,36.7,U
sh603650,彤程新材,2025-09-19 09:59:03,36.68,6000,36.68,D
sh603650,彤程新材,2025-09-19 09:59:06,36.65,9400,36.68,E
sh603650,彤程新材,2025-09-19 09:59:09,36.66,10800,36.65,E
sh603650,彤程新材,2025-09-19 09:59:18,36.66,13700,36.63,U
sh603650,彤程新材,2025-09-19 09:59:21,36.65,5900,36.66,E
sh603650,彤程新材,2025-09-19 09:59:24,36.6,36000,36.65,D
sh603650,彤程新材,2025-09-19 09:59:27,36.6,41700,36.6,U
sh603650,彤程新材,2025-09-19 09:59:42,36.59,8000,36.59,U
sh603650,彤程新材,2025-09-19 10:00:09,36.55,15800,36.55,U
sh603650,彤程新材,2025-09-19 10:00:12,36.55,19900,36.55,U
sh603650,彤程新材,2025-09-19 10:00:15,36.52,42300,36.55,D
sh603650,彤程新材,2025-09-19 10:00:18,36.57,71400,36.52,U
sh603650,彤程新材,2025-09-19 10:00:21,36.58,7800,36.57,U
sh603650,彤程新材,2025-09-19 10:00:24,36.58,13442,36.58,D
sh603650,彤程新材,2025-09-19 10:00:42,36.6,35700,36.65,D
sh603650,彤程新材,2025-09-19 10:00:48,36.58,12600,36.6,D
sh603650,彤程新材,2025-09-19 10:00:57,36.55,7300,36.56,D
sh603650,彤程新材,2025-09-19 10:01:00,36.54,17200,36.55,D
sh603650,彤程新材,2025-09-19 10:01:06,36.53,20300,36.54,U
sh603650,彤程新材,2025-09-19 10:01:15,36.5,26300,36.53,D
sh603650,彤程新材,2025-09-19 10:01:18,36.48,22600,36.5,D
sh603650,彤程新材,2025-09-19 10:01:27,36.42,7400,36.45,D
sh603650,彤程新材,2025-09-19 10:01:39,36.43,9100,36.41,E
sh603650,彤程新材,2025-09-19 10:01:48,36.42,9900,36.41,U
sh603650,彤程新材,2025-09-19 10:02:03,36.46,27300,36.46,U
sh603650,彤程新材,2025-09-19 10:02:06,36.43,20900,36.46,D
sh603650,彤程新材,2025-09-19 10:02:15,36.46,5500,36.49,D
sh603650,彤程新材,2025-09-19 10:02:36,36.51,7300,36.51,U
sh603650,彤程新材,2025-09-19 10:03:15,36.69,7300,36.68,U
sh603650,彤程新材,2025-09-19 10:03:18,36.72,5900,36.69,U
sh603650,彤程新材,2025-09-19 10:03:24,36.72,7200,36.7,U
sh603650,彤程新材,2025-09-19 10:03:27,36.71,6100,36.72,D
sh603650,彤程新材,2025-09-19 10:03:30,36.66,14600,36.71,D
sh603650,彤程新材,2025-09-19 10:03:33,36.64,11800,36.66,E
sh603650,彤程新材,2025-09-19 10:03:36,36.66,9300,36.64,E
sh603650,彤程新材,2025-09-19 10:03:39,36.68,12000,36.66,U
sh603650,彤程新材,2025-09-19 10:03:42,36.68,17900,36.68,U
sh603650,彤程新材,2025-09-19 10:03:48,36.68,7400,36.68,U
sh603650,彤程新材,2025-09-19 10:04:03,36.64,39000,36.71,D
sh603650,彤程新材,2025-09-19 10:04:15,36.61,15900,36.61,U
sh603650,彤程新材,2025-09-19 10:04:24,36.63,6900,36.65,D
sh603650,彤程新材,2025-09-19 10:04:30,36.69,18200,36.66,U
sh603650,彤程新材,2025-09-19 10:04:33,36.74,31700,36.69,U
sh603650,彤程新材,2025-09-19 10:04:36,36.75,17100,36.74,U
sh603650,彤程新材,2025-09-19 10:04:39,36.74,11400,36.75,E
sh603650,彤程新材,2025-09-19 10:04:51,36.72,6500,36.73,D
sh603650,彤程新材,2025-09-19 10:04:54,36.71,8700,36.72,E
sh603650,彤程新材,2025-09-19 10:05:06,36.63,16000,36.69,D
sh603650,彤程新材,2025-09-19 10:05:15,36.69,20700,36.63,U
sh603650,彤程新材,2025-09-19 10:05:18,36.7,15200,36.69,U
sh603650,彤程新材,2025-09-19 10:05:21,36.72,17900,36.7,U
sh603650,彤程新材,2025-09-19 10:05:24,36.7,7500,36.72,D
sh603650,彤程新材,2025-09-19 10:05:30,36.7,10800,36.71,D
sh603650,彤程新材,2025-09-19 10:05:36,36.71,6600,36.7,D
sh603650,彤程新材,2025-09-19 10:05:39,36.69,21200,36.71,D
sh603650,彤程新材,2025-09-19 10:05:45,36.67,7400,36.67,U
sh603650,彤程新材,2025-09-19 10:05:51,36.65,19300,36.66,D
sh603650,彤程新材,2025-09-19 10:06:15,36.65,8000,36.65,U
sh603650,彤程新材,2025-09-19 10:06:18,36.65,6400,36.65,U
sh603650,彤程新材,2025-09-19 10:06:21,36.65,8900,36.65,U
sh603650,彤程新材,2025-09-19 10:06:24,36.64,13400,36.65,D
sh603650,彤程新材,2025-09-19 10:06:27,36.65,5700,36.64,E
sh603650,彤程新材,2025-09-19 10:06:42,36.65,9000,36.65,U
sh603650,彤程新材,2025-09-19 10:06:51,36.63,9100,36.64,D
sh603650,彤程新材,2025-09-19 10:06:54,36.65,12500,36.63,U
sh603650,彤程新材,2025-09-19 10:06:57,36.62,8800,36.65,D
sh603650,彤程新材,2025-09-19 10:07:06,36.62,10100,36.61,E
sh603650,彤程新材,2025-09-19 10:07:33,36.62,8600,36.62,U
sh603650,彤程新材,2025-09-19 10:07:36,36.61,9500,36.62,D
sh603650,彤程新材,2025-09-19 10:07:48,36.6,6100,36.6,D
sh603650,彤程新材,2025-09-19 10:08:03,36.58,8800,36.57,U
sh603650,彤程新材,2025-09-19 10:08:12,36.6,13600,36.55,U
sh603650,彤程新材,2025-09-19 10:08:15,36.63,10800,36.6,U
sh603650,彤程新材,2025-09-19 10:08:18,36.62,10700,36.63,D
sh603650,彤程新材,2025-09-19 10:08:24,36.62,7500,36.63,D
sh603650,彤程新材,2025-09-19 10:08:33,36.61,6000,36.63,D
sh603650,彤程新材,2025-09-19 10:08:36,36.62,5700,36.61,U
sh603650,彤程新材,2025-09-19 10:08:48,36.63,23300,36.6,U
sh603650,彤程新材,2025-09-19 10:09:06,36.64,5900,36.66,D
sh603650,彤程新材,2025-09-19 10:09:15,36.62,19000,36.65,D
sh603650,彤程新材,2025-09-19 10:09:33,36.62,13000,36.61,U
sh603650,彤程新材,2025-09-19 10:09:42,36.62,6600,36.62,U
sh603650,彤程新材,2025-09-19 10:10:06,36.61,13800,36.63,D
sh603650,彤程新材,2025-09-19 10:10:18,36.57,7600,36.56,U
sh603650,彤程新材,2025-09-19 10:10:21,36.6,21700,36.57,U
sh603650,彤程新材,2025-09-19 10:10:24,36.58,7200,36.6,D
sh603650,彤程新材,2025-09-19 10:10:33,36.56,34700,36.57,D
sh603650,彤程新材,2025-09-19 10:10:36,36.56,8400,36.56,U
sh603650,彤程新材,2025-09-19 10:10:39,36.54,13300,36.56,D
sh603650,彤程新材,2025-09-19 10:10:42,36.6,10500,36.54,U
sh603650,彤程新材,2025-09-19 10:10:45,36.54,30300,36.6,D
sh603650,彤程新材,2025-09-19 10:10:48,36.6,10500,36.54,U
sh603650,彤程新材,2025-09-19 10:11:09,36.56,6500,36.57,E
sh603650,彤程新材,2025-09-19 10:11:12,36.6,22300,36.56,U
sh603650,彤程新材,2025-09-19 10:11:15,36.6,9400,36.6,U
sh603650,彤程新材,2025-09-19 10:11:27,36.57,13900,36.58,D
sh603650,彤程新材,2025-09-19 10:11:33,36.6,17800,36.57,U
sh603650,彤程新材,2025-09-19 10:11:36,36.61,11600,36.6,U
sh603650,彤程新材,2025-09-19 10:11:39,36.64,38900,36.61,U
sh603650,彤程新材,2025-09-19 10:11:42,36.63,26900,36.64,D
sh603650,彤程新材,2025-09-19 10:11:45,36.66,18300,36.63,U
sh603650,彤程新材,2025-09-19 10:12:27,36.59,11800,36.6,D
sh603650,彤程新材,2025-09-19 10:12:45,36.59,7100,36.63,D
sh603650,彤程新材,2025-09-19 10:12:51,36.63,9300,36.64,D
sh603650,彤程新材,2025-09-19 10:12:54,36.67,22200,36.63,U
sh603650,彤程新材,2025-09-19 10:12:57,36.67,17200,36.67,U
sh603650,彤程新材,2025-09-19 10:13:03,36.69,6500,36.67,U
sh603650,彤程新材,2025-09-19 10:13:06,36.7,16430,36.69,U
sh603650,彤程新材,2025-09-19 10:13:18,36.72,9700,36.71,U
sh603650,彤程新材,2025-09-19 10:13:21,36.68,10100,36.72,D
sh603650,彤程新材,2025-09-19 10:13:33,36.71,6400,36.71,D
sh603650,彤程新材,2025-09-19 10:13:39,36.71,7600,36.71,D
sh603650,彤程新材,2025-09-19 10:13:42,36.71,5700,36.71,D
sh603650,彤程新材,2025-09-19 10:13:51,36.71,20900,36.71,U
sh603650,彤程新材,2025-09-19 10:13:54,36.7,30200,36.71,D
sh603650,彤程新材,2025-09-19 10:13:57,36.71,7000,36.7,U
sh603650,彤程新材,2025-09-19 10:14:00,36.66,5500,36.71,D
sh603650,彤程新材,2025-09-19 10:14:21,36.61,6200,36.65,D
sh603650,彤程新材,2025-09-19 10:14:27,36.63,6100,36.61,U
sh603650,彤程新材,2025-09-19 10:14:36,36.58,13700,36.61,D
sh603650,彤程新材,2025-09-19 10:14:48,36.58,13300,36.58,D
sh603650,彤程新材,2025-09-19 10:14:54,36.61,6400,36.62,D
sh603650,彤程新材,2025-09-19 10:15:24,36.58,6500,36.6,D
sh603650,彤程新材,2025-09-19 10:15:39,36.63,5800,36.6,U
sh603650,彤程新材,2025-09-19 10:16:21,36.63,12000,36.63,U
sh603650,彤程新材,2025-09-19 10:17:21,36.7,5500,36.69,U
sh603650,彤程新材,2025-09-19 10:17:39,36.69,6500,36.7,D
sh603650,彤程新材,2025-09-19 10:17:48,36.69,7300,36.7,D
sh603650,彤程新材,2025-09-19 10:18:00,36.71,11800,36.71,U
sh603650,彤程新材,2025-09-19 10:18:03,36.71,11000,36.71,U
sh603650,彤程新材,2025-09-19 10:18:12,36.7,10000,36.71,D
sh603650,彤程新材,2025-09-19 10:18:15,36.7,15800,36.7,D
sh603650,彤程新材,2025-09-19 10:18:18,36.69,11100,36.7,D
sh603650,彤程新材,2025-09-19 10:18:48,36.7,6100,36.71,D
sh603650,彤程新材,2025-09-19 10:18:57,36.68,16900,36.71,D
sh603650,彤程新材,2025-09-19 10:19:18,36.66,10500,36.68,D
sh603650,彤程新材,2025-09-19 10:20:15,36.65,5500,36.68,D
sh603650,彤程新材,2025-09-19 10:20:21,36.7,38800,36.65,U
sh603650,彤程新材,2025-09-19 10:20:24,36.7,14200,36.7,U
sh603650,彤程新材,2025-09-19 10:20:36,36.77,136900,36.69,U
sh603650,彤程新材,2025-09-19 10:20:42,36.85,116500,36.73,U
sh603650,彤程新材,2025-09-19 10:20:45,36.88,31400,36.85,U
sh603650,彤程新材,2025-09-19 10:20:48,36.88,15100,36.88,U
sh603650,彤程新材,2025-09-19 10:20:51,36.97,131200,36.88,U
sh603650,彤程新材,2025-09-19 10:20:54,36.97,8900,36.97,U
sh603650,彤程新材,2025-09-19 10:20:57,36.95,12300,36.97,D
sh603650,彤程新材,2025-09-19 10:21:00,36.98,33800,36.95,U
sh603650,彤程新材,2025-09-19 10:21:03,36.97,22700,36.98,D
sh603650,彤程新材,2025-09-19 10:21:06,36.97,19100,36.97,D
sh603650,彤程新材,2025-09-19 10:21:09,36.97,20230,36.97,U
sh603650,彤程新材,2025-09-19 10:21:12,36.98,12800,36.97,U
sh603650,彤程新材,2025-09-19 10:21:15,36.97,63570,36.98,D
sh603650,彤程新材,2025-09-19 10:21:18,36.98,7400,36.97,E
sh603650,彤程新材,2025-09-19 10:21:21,36.97,10900,36.98,D
sh603650,彤程新材,2025-09-19 10:21:24,36.95,11000,36.97,D
sh603650,彤程新材,2025-09-19 10:21:33,36.95,10900,36.97,E
sh603650,彤程新材,2025-09-19 10:21:36,36.98,13100,36.95,E
sh603650,彤程新材,2025-09-19 10:21:45,36.95,11400,36.96,E
sh603650,彤程新材,2025-09-19 10:21:48,36.95,16400,36.95,U
sh603650,彤程新材,2025-09-19 10:21:51,36.95,6200,36.95,D
sh603650,彤程新材,2025-09-19 10:21:54,36.95,27000,36.95,U
sh603650,彤程新材,2025-09-19 10:22:00,36.98,27200,36.94,U
sh603650,彤程新材,2025-09-19 10:22:09,36.98,7100,36.98,U
sh603650,彤程新材,2025-09-19 10:22:12,36.98,8000,36.98,D
sh603650,彤程新材,2025-09-19 10:22:15,37.0,77000,36.98,U
sh603650,彤程新材,2025-09-19 10:22:18,37.01,128130,37.0,U
sh603650,彤程新材,2025-09-19 10:22:21,37.03,15100,37.01,U
sh603650,彤程新材,2025-09-19 10:22:24,37.05,6300,37.03,U
sh603650,彤程新材,2025-09-19 10:22:27,37.05,8486,37.05,U
sh603650,彤程新材,2025-09-19 10:22:30,37.02,6700,37.05,D
sh603650,彤程新材,2025-09-19 10:22:33,37.03,18400,37.02,U
sh603650,彤程新材,2025-09-19 10:22:36,37.02,7800,37.03,D
sh603650,彤程新材,2025-09-19 10:22:39,37.02,8000,37.02,U
sh603650,彤程新材,2025-09-19 10:22:42,37.01,24600,37.02,D
sh603650,彤程新材,2025-09-19 10:22:45,37.02,50000,37.01,U
sh603650,彤程新材,2025-09-19 10:22:48,36.99,13600,37.02,D
sh603650,彤程新材,2025-09-19 10:22:54,37.01,59700,37.0,U
sh603650,彤程新材,2025-09-19 10:22:57,37.11,6800,37.01,U
sh603650,彤程新材,2025-09-19 10:23:06,37.1,38100,37.09,U
sh603650,彤程新材,2025-09-19 10:23:09,37.12,55300,37.1,U
sh603650,彤程新材,2025-09-19 10:23:15,37.18,9000,37.15,U
sh603650,彤程新材,2025-09-19 10:23:18,37.18,48000,37.18,U
sh603650,彤程新材,2025-09-19 10:23:21,37.18,11500,37.18,D
sh603650,彤程新材,2025-09-19 10:23:24,37.15,37000,37.18,D
sh603650,彤程新材,2025-09-19 10:23:27,37.19,28300,37.15,U
sh603650,彤程新材,2025-09-19 10:23:30,37.15,7500,37.19,D
sh603650,彤程新材,2025-09-19 10:23:33,37.12,14500,37.15,D
sh603650,彤程新材,2025-09-19 10:23:36,37.18,33800,37.12,U
sh603650,彤程新材,2025-09-19 10:23:39,37.18,15400,37.18,U
sh603650,彤程新材,2025-09-19 10:23:42,37.18,5700,37.18,U
sh603650,彤程新材,2025-09-19 10:23:45,37.13,41800,37.18,D
sh603650,彤程新材,2025-09-19 10:23:48,37.19,7300,37.13,U
sh603650,彤程新材,2025-09-19 10:23:54,37.1,5500,37.16,D
sh603650,彤程新材,2025-09-19 10:24:03,37.11,8200,37.11,D
sh603650,彤程新材,2025-09-19 10:24:06,37.08,14100,37.11,D
sh603650,彤程新材,2025-09-19 10:24:09,37.03,7700,37.08,D
sh603650,彤程新材,2025-09-19 10:24:12,37.11,5900,37.03,U
sh603650,彤程新材,2025-09-19 10:24:15,37.07,31200,37.11,U
sh603650,彤程新材,2025-09-19 10:24:18,37.01,9600,37.07,E
sh603650,彤程新材,2025-09-19 10:24:21,37.0,17800,37.01,D
sh603650,彤程新材,2025-09-19 10:24:24,37.0,7900,37.0,D
sh603650,彤程新材,2025-09-19 10:24:27,37.0,38100,37.0,D
sh603650,彤程新材,2025-09-19 10:24:30,37.05,7800,37.0,E
sh603650,彤程新材,2025-09-19 10:24:36,37.07,13100,37.05,U
sh603650,彤程新材,2025-09-19 10:24:39,37.0,20000,37.07,D
sh603650,彤程新材,2025-09-19 10:24:45,37.0,5700,37.0,D
sh603650,彤程新材,2025-09-19 10:24:54,37.08,59000,37.0,U
sh603650,彤程新材,2025-09-19 10:24:57,37.06,57814,37.08,D
sh603650,彤程新材,2025-09-19 10:25:03,37.07,12200,37.05,U
sh603650,彤程新材,2025-09-19 10:25:15,37.01,5600,37.02,D
sh603650,彤程新材,2025-09-19 10:25:18,37.0,10300,37.01,D
sh603650,彤程新材,2025-09-19 10:25:21,37.05,6800,37.0,U
sh603650,彤程新材,2025-09-19 10:25:27,37.0,9900,37.0,D
sh603650,彤程新材,2025-09-19 10:25:30,37.0,6900,37.0,D
sh603650,彤程新材,2025-09-19 10:25:36,37.0,6000,37.0,U
sh603650,彤程新材,2025-09-19 10:25:51,36.96,6400,36.97,D
sh603650,彤程新材,2025-09-19 10:25:54,37.0,8200,36.96,U
sh603650,彤程新材,2025-09-19 10:26:18,37.01,15500,37.0,U
sh603650,彤程新材,2025-09-19 10:26:36,37.02,7400,37.03,D
sh603650,彤程新材,2025-09-19 10:26:39,37.01,44300,37.02,D
sh603650,彤程新材,2025-09-19 10:26:42,37.05,15200,37.01,U
sh603650,彤程新材,2025-09-19 10:26:45,37.0,7000,37.05,D
sh603650,彤程新材,2025-09-19 10:26:54,37.01,7800,36.99,U
sh603650,彤程新材,2025-09-19 10:27:09,36.99,10700,37.0,E
sh603650,彤程新材,2025-09-19 10:27:33,37.0,6300,36.99,U
sh603650,彤程新材,2025-09-19 10:27:48,36.99,20400,37.01,D
sh603650,彤程新材,2025-09-19 10:28:12,36.97,8700,36.97,D
sh603650,彤程新材,2025-09-19 10:28:15,36.96,6200,36.97,D
sh603650,彤程新材,2025-09-19 10:28:18,36.96,7300,36.96,D
sh603650,彤程新材,2025-09-19 10:28:27,36.93,15600,36.93,D
sh603650,彤程新材,2025-09-19 10:28:39,36.94,16500,36.94,D
sh603650,彤程新材,2025-09-19 10:28:54,36.93,5700,36.94,D
sh603650,彤程新材,2025-09-19 10:29:00,36.93,9900,36.93,D
sh603650,彤程新材,2025-09-19 10:29:09,36.9,5900,36.92,D
sh603650,彤程新材,2025-09-19 10:29:18,36.88,26900,36.92,D
sh603650,彤程新材,2025-09-19 10:29:30,36.86,15800,36.86,U
sh603650,彤程新材,2025-09-19 10:29:36,36.88,12700,36.85,U
sh603650,彤程新材,2025-09-19 10:30:06,36.94,75500,36.88,U
sh603650,彤程新材,2025-09-19 10:30:18,36.96,12000,36.96,U
sh603650,彤程新材,2025-09-19 10:30:33,36.99,10100,36.96,U
sh603650,彤程新材,2025-09-19 10:30:48,37.01,59100,36.97,U
sh603650,彤程新材,2025-09-19 10:30:51,37.05,21300,37.01,U
sh603650,彤程新材,2025-09-19 10:31:24,37.02,8900,37.02,D
sh603650,彤程新材,2025-09-19 10:31:33,36.97,48000,37.01,D
sh603650,彤程新材,2025-09-19 10:31:36,37.02,5600,36.97,U
sh603650,彤程新材,2025-09-19 10:31:54,36.99,6000,37.0,U
sh603650,彤程新材,2025-09-19 10:32:00,37.01,17000,36.96,U
sh603650,彤程新材,2025-09-19 10:32:03,37.07,22500,37.01,U
sh603650,彤程新材,2025-09-19 10:32:06,37.02,58200,37.07,D
sh603650,彤程新材,2025-09-19 10:32:18,37.02,8000,36.98,U
sh603650,彤程新材,2025-09-19 10:32:57,36.96,8800,36.96,D
sh603650,彤程新材,2025-09-19 10:33:09,37.04,19300,36.98,U
sh603650,彤程新材,2025-09-19 10:33:12,37.06,9500,37.04,U
sh603650,彤程新材,2025-09-19 10:33:15,37.09,8100,37.06,U
sh603650,彤程新材,2025-09-19 10:33:18,37.08,6900,37.09,D
sh603650,彤程新材,2025-09-19 10:33:21,37.04,7400,37.08,D
sh603650,彤程新材,2025-09-19 10:33:24,37.07,6400,37.04,U
sh603650,彤程新材,2025-09-19 10:33:51,37.01,6000,37.02,U
sh603650,彤程新材,2025-09-19 10:34:03,37.0,5800,37.02,D
sh603650,彤程新材,2025-09-19 10:34:45,37.02,41900,37.0,U
sh603650,彤程新材,2025-09-19 10:34:48,37.08,13200,37.02,U
sh603650,彤程新材,2025-09-19 10:35:09,37.06,7500,37.06,U
sh603650,彤程新材,2025-09-19 10:35:12,37.06,6400,37.06,D
sh603650,彤程新材,2025-09-19 10:35:21,37.08,5900,37.08,U
sh603650,彤程新材,2025-09-19 10:35:30,37.08,6700,37.07,U
sh603650,彤程新材,2025-09-19 10:35:42,37.08,6100,37.08,D
sh603650,彤程新材,2025-09-19 10:36:00,37.01,80900,37.05,D
sh603650,彤程新材,2025-09-19 10:36:03,36.99,11100,37.01,D
sh603650,彤程新材,2025-09-19 10:36:09,36.98,7300,36.98,D
sh603650,彤程新材,2025-09-19 10:36:24,36.95,10000,36.97,D
sh603650,彤程新材,2025-09-19 10:36:27,36.95,6600,36.95,D
sh603650,彤程新材,2025-09-19 10:36:30,36.94,16200,36.95,D
sh603650,彤程新材,2025-09-19 10:36:33,36.93,21900,36.94,D
sh603650,彤程新材,2025-09-19 10:36:57,36.89,6900,36.9,D
sh603650,彤程新材,2025-09-19 10:37:03,36.92,7200,36.89,U
sh603650,彤程新材,2025-09-19 10:37:06,36.92,14300,36.92,D
sh603650,彤程新材,2025-09-19 10:37:30,36.86,12900,36.9,U
sh603650,彤程新材,2025-09-19 10:37:36,36.93,20900,36.85,U
sh603650,彤程新材,2025-09-19 10:37:39,36.85,11600,36.93,D
sh603650,彤程新材,2025-09-19 10:38:09,36.9,7300,36.88,U
sh603650,彤程新材,2025-09-19 10:38:24,36.87,7400,36.91,D
sh603650,彤程新材,2025-09-19 10:38:54,36.85,9100,36.84,U
sh603650,彤程新材,2025-09-19 10:39:00,36.87,24200,36.85,U
sh603650,彤程新材,2025-09-19 10:39:36,36.9,7300,36.9,E
sh603650,彤程新材,2025-09-19 10:39:45,36.9,6300,36.9,D
sh603650,彤程新材,2025-09-19 10:39:48,36.91,8000,36.9,U
sh603650,彤程新材,2025-09-19 10:40:06,36.9,11300,36.92,D
sh603650,彤程新材,2025-09-19 10:40:27,36.93,15200,36.88,U
sh603650,彤程新材,2025-09-19 10:40:36,36.94,6300,36.93,U
sh603650,彤程新材,2025-09-19 10:40:54,36.96,28400,36.94,U
sh603650,彤程新材,2025-09-19 10:40:57,36.94,5700,36.96,D
sh603650,彤程新材,2025-09-19 10:41:03,36.97,6300,36.94,U
sh603650,彤程新材,2025-09-19 10:41:09,36.98,12300,36.96,U
sh603650,彤程新材,2025-09-19 10:41:24,37.02,26300,36.98,U
sh603650,彤程新材,2025-09-19 10:41:42,37.01,6700,37.03,D
sh603650,彤程新材,2025-09-19 10:41:45,37.04,9200,37.01,U
sh603650,彤程新材,2025-09-19 10:41:57,37.0,58200,37.04,D
sh603650,彤程新材,2025-09-19 10:42:06,36.96,7700,36.99,D
sh603650,彤程新材,2025-09-19 10:42:57,36.96,7200,36.96,D
sh603650,彤程新材,2025-09-19 10:43:09,36.96,12000,36.94,U
sh603650,彤程新材,2025-09-19 10:44:03,36.88,15000,36.89,D
sh603650,彤程新材,2025-09-19 10:44:09,36.88,7500,36.88,D
sh603650,彤程新材,2025-09-19 10:44:21,36.86,19700,36.88,D
sh603650,彤程新材,2025-09-19 10:44:36,36.86,10100,36.87,D
sh603650,彤程新材,2025-09-19 10:45:18,36.84,8800,36.86,D
sh603650,彤程新材,2025-09-19 10:45:30,36.85,8600,36.85,U
sh603650,彤程新材,2025-09-19 10:45:39,36.85,6400,36.84,U
sh603650,彤程新材,2025-09-19 10:45:42,36.84,7300,36.85,D
sh603650,彤程新材,2025-09-19 10:46:12,36.82,15300,36.84,D
sh603650,彤程新材,2025-09-19 10:46:39,36.81,7600,36.81,D
sh603650,彤程新材,2025-09-19 10:46:45,36.8,21500,36.81,D
sh603650,彤程新材,2025-09-19 10:47:03,36.83,12900,36.8,U
sh603650,彤程新材,2025-09-19 10:47:12,36.83,10400,36.84,D
sh603650,彤程新材,2025-09-19 10:47:54,36.85,21400,36.86,D
sh603650,彤程新材,2025-09-19 10:47:57,36.86,13200,36.85,U
sh603650,彤程新材,2025-09-19 10:48:03,36.85,20000,36.86,D
sh603650,彤程新材,2025-09-19 10:48:33,36.8,84100,36.81,D
sh603650,彤程新材,2025-09-19 10:48:36,36.78,8100,36.8,D
sh603650,彤程新材,2025-09-19 10:48:48,36.76,11200,36.78,D
sh603650,彤程新材,2025-09-19 10:49:09,36.7,10100,36.75,D
sh603650,彤程新材,2025-09-19 10:49:45,36.72,22500,36.69,U
sh603650,彤程新材,2025-09-19 10:50:15,36.69,7400,36.7,D
sh603650,彤程新材,2025-09-19 10:50:27,36.69,7900,36.69,D
sh603650,彤程新材,2025-09-19 10:50:33,36.69,13600,36.69,D
sh603650,彤程新材,2025-09-19 10:50:36,36.69,7800,36.69,D
sh603650,彤程新材,2025-09-19 10:50:39,36.69,30800,36.69,D
sh603650,彤程新材,2025-09-19 10:50:42,36.68,25800,36.69,D
sh603650,彤程新材,2025-09-19 10:50:54,36.68,10300,36.68,U
sh603650,彤程新材,2025-09-19 10:51:15,36.68,20000,36.66,U
sh603650,彤程新材,2025-09-19 10:51:18,36.7,17400,36.68,U
sh603650,彤程新材,2025-09-19 10:51:24,36.71,5600,36.7,U
sh603650,彤程新材,2025-09-19 10:52:45,36.66,7900,36.67,D
sh603650,彤程新材,2025-09-19 10:53:06,36.65,17100,36.66,D
sh603650,彤程新材,2025-09-19 10:53:24,36.6,6600,36.63,D
sh603650,彤程新材,2025-09-19 10:53:39,36.61,12600,36.6,U
sh603650,彤程新材,2025-09-19 10:54:33,36.6,5500,36.6,D
sh603650,彤程新材,2025-09-19 10:55:39,36.56,7100,36.56,U
sh603650,彤程新材,2025-09-19 10:55:45,36.55,11700,36.55,D
sh603650,彤程新材,2025-09-19 10:55:51,36.58,11200,36.56,U
sh603650,彤程新材,2025-09-19 10:56:54,36.53,12000,36.52,U
sh603650,彤程新材,2025-09-19 10:57:03,36.52,8000,36.52,U
sh603650,彤程新材,2025-09-19 10:58:00,36.52,6900,36.51,U
sh603650,彤程新材,2025-09-19 10:58:12,36.5,22600,36.5,D
sh603650,彤程新材,2025-09-19 10:58:57,36.45,10000,36.46,D
sh603650,彤程新材,2025-09-19 10:59:00,36.47,17900,36.45,U
sh603650,彤程新材,2025-09-19 10:59:03,36.44,14300,36.47,D
sh603650,彤程新材,2025-09-19 10:59:06,36.5,9100,36.44,U
sh603650,彤程新材,2025-09-19 10:59:09,36.5,18389,36.5,U
sh603650,彤程新材,2025-09-19 10:59:21,36.5,10500,36.51,D
sh603650,彤程新材,2025-09-19 10:59:36,36.5,12900,36.54,D
sh603650,彤程新材,2025-09-19 10:59:51,36.54,40000,36.54,D
sh603650,彤程新材,2025-09-19 11:01:00,36.57,10500,36.58,D
sh603650,彤程新材,2025-09-19 11:01:09,36.56,11100,36.56,U
sh603650,彤程新材,2025-09-19 11:01:33,36.54,5900,36.55,D
sh603650,彤程新材,2025-09-19 11:01:45,36.55,7900,36.55,D
sh603650,彤程新材,2025-09-19 11:02:30,36.53,10200,36.52,U
sh603650,彤程新材,2025-09-19 11:02:39,36.5,15700,36.53,D
sh603650,彤程新材,2025-09-19 11:02:45,36.48,15700,36.5,D
sh603650,彤程新材,2025-09-19 11:02:57,36.5,8400,36.5,U
sh603650,彤程新材,2025-09-19 11:03:12,36.49,5500,36.5,E
sh603650,彤程新材,2025-09-19 11:03:24,36.51,5600,36.51,D
sh603650,彤程新材,2025-09-19 11:03:45,36.55,11200,36.56,D
sh603650,彤程新材,2025-09-19 11:04:09,36.49,9200,36.52,D
sh603650,彤程新材,2025-09-19 11:04:12,36.46,6200,36.49,D
sh603650,彤程新材,2025-09-19 11:04:15,36.44,6900,36.46,D
sh603650,彤程新材,2025-09-19 11:04:36,36.43,6200,36.43,D
sh603650,彤程新材,2025-09-19 11:06:12,36.55,8200,36.55,U
sh603650,彤程新材,2025-09-19 11:08:06,36.57,6200,36.57,U
sh603650,彤程新材,2025-09-19 11:08:24,36.57,10400,36.56,U
sh603650,彤程新材,2025-09-19 11:09:03,36.55,13300,36.57,D
sh603650,彤程新材,2025-09-19 11:10:42,36.52,7300,36.54,D
sh603650,彤程新材,2025-09-19 11:11:27,36.5,8600,36.51,D
sh603650,彤程新材,2025-09-19 11:12:03,36.51,8000,36.5,U
sh603650,彤程新材,2025-09-19 11:13:30,36.49,6400,36.49,D
sh603650,彤程新材,2025-09-19 11:14:36,36.5,10200,36.51,D
sh603650,彤程新材,2025-09-19 11:14:57,36.46,16300,36.5,D
sh603650,彤程新材,2025-09-19 11:15:21,36.45,7400,36.45,D
sh603650,彤程新材,2025-09-19 11:15:42,36.42,10600,36.43,D
sh603650,彤程新材,2025-09-19 11:15:45,36.42,15100,36.42,U
sh603650,彤程新材,2025-09-19 11:15:51,36.42,9200,36.42,U
sh603650,彤程新材,2025-09-19 11:15:54,36.43,9500,36.42,U
sh603650,彤程新材,2025-09-19 11:15:57,36.45,5600,36.43,U
sh603650,彤程新材,2025-09-19 11:17:12,36.38,25300,36.4,D
sh603650,彤程新材,2025-09-19 11:17:45,36.38,9400,36.36,U
sh603650,彤程新材,2025-09-19 11:18:12,36.42,5900,36.36,U
sh603650,彤程新材,2025-09-19 11:20:27,36.41,5800,36.41,D
sh603650,彤程新材,2025-09-19 11:21:24,36.4,8600,36.4,D
sh603650,彤程新材,2025-09-19 11:24:00,36.5,11200,36.54,D
sh603650,彤程新材,2025-09-19 11:24:45,36.54,7500,36.54,E
sh603650,彤程新材,2025-09-19 11:24:48,36.53,6400,36.54,E
sh603650,彤程新材,2025-09-19 11:25:09,36.5,6300,36.52,D
sh603650,彤程新材,2025-09-19 11:26:09,36.46,7000,36.48,D
sh603650,彤程新材,2025-09-19 11:26:24,36.4,10900,36.43,D
sh603650,彤程新材,2025-09-19 11:26:30,36.4,9000,36.39,U
sh603650,彤程新材,2025-09-19 11:27:18,36.4,11300,36.47,D
sh603650,彤程新材,2025-09-19 13:00:09,36.5,27500,36.47,U
sh603650,彤程新材,2025-09-19 13:00:15,36.46,6600,36.47,D
sh603650,彤程新材,2025-09-19 13:00:24,36.48,12400,36.46,U
sh603650,彤程新材,2025-09-19 13:00:51,36.49,7100,36.49,U
sh603650,彤程新材,2025-09-19 13:00:54,36.48,8700,36.49,D
sh603650,彤程新材,2025-09-19 13:01:21,36.43,7000,36.44,D
sh603650,彤程新材,2025-09-19 13:02:30,36.52,5900,36.52,U
sh603650,彤程新材,2025-09-19 13:02:54,36.55,7300,36.54,U
sh603650,彤程新材,2025-09-19 13:03:09,36.53,10800,36.54,D
sh603650,彤程新材,2025-09-19 13:04:18,36.49,24400,36.55,D
sh603650,彤程新材,2025-09-19 13:05:54,36.53,7000,36.54,D
sh603650,彤程新材,2025-09-19 13:06:18,36.56,7600,36.55,U
sh603650,彤程新材,2025-09-19 13:06:24,36.54,8400,36.56,D
sh603650,彤程新材,2025-09-19 13:06:27,36.53,11000,36.54,D
sh603650,彤程新材,2025-09-19 13:06:54,36.5,16600,36.56,D
sh603650,彤程新材,2025-09-19 13:08:06,36.5,11000,36.51,D
sh603650,彤程新材,2025-09-19 13:08:48,36.47,6600,36.48,D
sh603650,彤程新材,2025-09-19 13:09:21,36.45,6800,36.44,U
sh603650,彤程新材,2025-09-19 13:09:24,36.42,6800,36.45,D
sh603650,彤程新材,2025-09-19 13:09:39,36.42,7200,36.41,U
sh603650,彤程新材,2025-09-19 13:09:48,36.38,17100,36.41,D
sh603650,彤程新材,2025-09-19 13:11:06,36.36,13500,36.37,D
sh603650,彤程新材,2025-09-19 13:12:03,36.32,14300,36.36,D
sh603650,彤程新材,2025-09-19 13:12:36,36.3,16500,36.33,D
sh603650,彤程新材,2025-09-19 13:13:12,36.31,6700,36.31,D
sh603650,彤程新材,2025-09-19 13:13:24,36.29,19600,36.3,D
sh603650,彤程新材,2025-09-19 13:14:09,36.26,6700,36.28,D
sh603650,彤程新材,2025-09-19 13:15:03,36.29,9000,36.29,U
sh603650,彤程新材,2025-09-19 13:15:27,36.31,6800,36.29,U
sh603650,彤程新材,2025-09-19 13:15:33,36.31,22400,36.32,D
sh603650,彤程新材,2025-09-19 13:16:15,36.29,6600,36.28,U
sh603650,彤程新材,2025-09-19 13:17:48,36.26,8400,36.28,D
sh603650,彤程新材,2025-09-19 13:18:00,36.25,8500,36.26,D
sh603650,彤程新材,2025-09-19 13:18:03,36.25,7700,36.25,D
sh603650,彤程新材,2025-09-19 13:18:21,36.24,7100,36.24,D
sh603650,彤程新材,2025-09-19 13:18:33,36.2,26900,36.24,D
sh603650,彤程新材,2025-09-19 13:18:57,36.25,9500,36.27,D
sh603650,彤程新材,2025-09-19 13:19:33,36.21,7000,36.21,U
sh603650,彤程新材,2025-09-19 13:19:39,36.18,7100,36.21,D
sh603650,彤程新材,2025-09-19 13:19:48,36.18,9700,36.17,U
sh603650,彤程新材,2025-09-19 13:19:51,36.19,8500,36.18,U
sh603650,彤程新材,2025-09-19 13:19:54,36.18,6000,36.19,U
sh603650,彤程新材,2025-09-19 13:19:57,36.16,6800,36.18,D
sh603650,彤程新材,2025-09-19 13:20:15,36.19,16900,36.15,U
sh603650,彤程新材,2025-09-19 13:20:18,36.15,8600,36.19,U
sh603650,彤程新材,2025-09-19 13:21:24,36.17,8700,36.17,U
sh603650,彤程新材,2025-09-19 13:22:09,36.18,7700,36.16,U
sh603650,彤程新材,2025-09-19 13:22:12,36.18,11900,36.18,D
sh603650,彤程新材,2025-09-19 13:23:33,36.15,11800,36.17,D
sh603650,彤程新材,2025-09-19 13:23:36,36.15,6900,36.15,D
sh603650,彤程新材,2025-09-19 13:24:06,36.15,10700,36.16,D
sh603650,彤程新材,2025-09-19 13:25:12,36.1,27400,36.13,D
sh603650,彤程新材,2025-09-19 13:25:33,36.08,11500,36.08,D
sh603650,彤程新材,2025-09-19 13:25:39,36.08,33100,36.08,U
sh603650,彤程新材,2025-09-19 13:25:45,36.05,9600,36.07,D
sh603650,彤程新材,2025-09-19 13:25:48,36.06,11800,36.05,E
sh603650,彤程新材,2025-09-19 13:26:09,36.06,24200,36.04,U
sh603650,彤程新材,2025-09-19 13:26:15,36.1,19600,36.06,U
sh603650,彤程新材,2025-09-19 13:26:42,36.08,6100,36.1,D
sh603650,彤程新材,2025-09-19 13:26:48,36.04,9700,36.08,D
sh603650,彤程新材,2025-09-19 13:27:06,36.06,7600,36.06,D
sh603650,彤程新材,2025-09-19 13:27:18,36.03,6800,36.06,D
sh603650,彤程新材,2025-09-19 13:27:54,36.03,5600,36.04,D
sh603650,彤程新材,2025-09-19 13:28:03,36.02,28100,36.02,D
sh603650,彤程新材,2025-09-19 13:28:24,36.01,13200,36.01,D
sh603650,彤程新材,2025-09-19 13:28:30,36.01,14900,36.01,U
sh603650,彤程新材,2025-09-19 13:28:36,36.0,9100,36.01,D
sh603650,彤程新材,2025-09-19 13:28:48,35.98,101600,36.01,D
sh603650,彤程新材,2025-09-19 13:29:15,36.0,11100,36.0,D
sh603650,彤程新材,2025-09-19 13:29:27,35.99,6500,35.99,D
sh603650,彤程新材,2025-09-19 13:29:30,35.99,7100,35.99,U
sh603650,彤程新材,2025-09-19 13:29:33,36.0,9000,35.99,U
sh603650,彤程新材,2025-09-19 13:29:45,36.01,6200,36.0,U
sh603650,彤程新材,2025-09-19 13:29:51,35.95,40500,36.01,D
sh603650,彤程新材,2025-09-19 13:29:54,35.94,15000,35.95,E
sh603650,彤程新材,2025-09-19 13:30:00,35.99,13200,35.99,U
sh603650,彤程新材,2025-09-19 13:30:15,35.98,8100,36.0,E
sh603650,彤程新材,2025-09-19 13:30:36,35.99,10700,35.99,U
sh603650,彤程新材,2025-09-19 13:30:54,36.0,5900,36.01,D
sh603650,彤程新材,2025-09-19 13:31:09,35.96,51800,36.0,D
sh603650,彤程新材,2025-09-19 13:31:36,36.0,7200,36.0,D
sh603650,彤程新材,2025-09-19 13:31:48,36.01,26000,36.0,U
sh603650,彤程新材,2025-09-19 13:32:00,36.02,8600,36.01,U
sh603650,彤程新材,2025-09-19 13:32:12,36.0,7500,36.02,D
sh603650,彤程新材,2025-09-19 13:32:30,35.95,8400,35.96,D
sh603650,彤程新材,2025-09-19 13:32:36,35.97,8800,35.95,U
sh603650,彤程新材,2025-09-19 13:32:42,35.94,6400,35.97,D
sh603650,彤程新材,2025-09-19 13:32:51,35.94,8300,35.95,U
sh603650,彤程新材,2025-09-19 13:33:03,35.91,8100,35.92,D
sh603650,彤程新材,2025-09-19 13:33:06,35.91,11200,35.91,D
sh603650,彤程新材,2025-09-19 13:33:12,35.91,72000,35.91,D
sh603650,彤程新材,2025-09-19 13:33:15,35.91,19794,35.91,D
sh603650,彤程新材,2025-09-19 13:34:00,35.98,12000,35.98,E
sh603650,彤程新材,2025-09-19 13:35:03,35.9,6913,35.91,D
sh603650,彤程新材,2025-09-19 13:35:15,35.95,7000,35.92,U
sh603650,彤程新材,2025-09-19 13:36:48,35.93,16300,35.92,U
sh603650,彤程新材,2025-09-19 13:38:09,35.93,17200,35.91,U
sh603650,彤程新材,2025-09-19 13:38:51,35.95,21100,35.92,U
sh603650,彤程新材,2025-09-19 13:39:18,35.98,11400,35.99,D
sh603650,彤程新材,2025-09-19 13:39:36,36.0,13200,36.0,U
sh603650,彤程新材,2025-09-19 13:39:42,36.0,6800,36.0,U
sh603650,彤程新材,2025-09-19 13:39:48,36.0,5900,36.0,U
sh603650,彤程新材,2025-09-19 13:40:06,36.0,9700,35.99,U
sh603650,彤程新材,2025-09-19 13:41:30,35.92,6000,35.93,D
sh603650,彤程新材,2025-09-19 13:42:09,35.91,8500,35.93,D
sh603650,彤程新材,2025-09-19 13:44:24,35.93,15600,35.93,U
sh603650,彤程新材,2025-09-19 13:44:33,35.96,5800,35.95,U
sh603650,彤程新材,2025-09-19 13:45:00,35.96,9500,35.97,D
sh603650,彤程新材,2025-09-19 13:46:09,35.97,11700,35.96,U
sh603650,彤程新材,2025-09-19 13:46:12,35.98,33100,35.97,U
sh603650,彤程新材,2025-09-19 13:46:15,35.98,19900,35.98,U
sh603650,彤程新材,2025-09-19 13:46:18,35.98,6100,35.98,U
sh603650,彤程新材,2025-09-19 13:46:48,36.01,15700,36.0,U
sh603650,彤程新材,2025-09-19 13:46:57,36.0,15100,36.02,D
sh603650,彤程新材,2025-09-19 13:48:33,36.0,7500,36.0,D
sh603650,彤程新材,2025-09-19 13:48:36,35.99,8100,36.0,D
sh603650,彤程新材,2025-09-19 13:50:03,35.99,8400,35.99,U
sh603650,彤程新材,2025-09-19 13:50:18,35.97,7000,35.99,D
sh603650,彤程新材,2025-09-19 13:50:30,35.96,8200,35.97,D
sh603650,彤程新材,2025-09-19 13:50:51,35.94,10200,35.96,D
sh603650,彤程新材,2025-09-19 13:51:12,35.97,5600,35.94,U
sh603650,彤程新材,2025-09-19 13:52:39,35.9,13700,35.91,D
sh603650,彤程新材,2025-09-19 13:53:06,35.9,10987,35.89,U
sh603650,彤程新材,2025-09-19 13:53:54,35.9,12400,35.9,D
sh603650,彤程新材,2025-09-19 13:53:57,35.88,57313,35.9,D
sh603650,彤程新材,2025-09-19 13:54:00,35.89,8500,35.88,E
sh603650,彤程新材,2025-09-19 13:54:12,35.88,10500,35.87,U
sh603650,彤程新材,2025-09-19 13:54:27,35.87,6600,35.87,U
sh603650,彤程新材,2025-09-19 13:54:57,35.87,7400,35.87,U
sh603650,彤程新材,2025-09-19 13:55:48,35.92,6600,35.9,U
sh603650,彤程新材,2025-09-19 13:55:51,35.95,5800,35.92,U
sh603650,彤程新材,2025-09-19 13:57:12,35.92,7500,35.92,U
sh603650,彤程新材,2025-09-19 13:59:03,35.99,19300,35.98,U
sh603650,彤程新材,2025-09-19 13:59:12,36.0,12600,36.0,U
sh603650,彤程新材,2025-09-19 13:59:48,35.99,14100,35.99,D
sh603650,彤程新材,2025-09-19 13:59:51,35.99,29300,35.99,D
sh603650,彤程新材,2025-09-19 14:02:09,36.0,12700,35.99,U
sh603650,彤程新材,2025-09-19 14:02:24,36.0,14100,35.98,U
sh603650,彤程新材,2025-09-19 14:02:27,36.02,25600,36.0,U
sh603650,彤程新材,2025-09-19 14:02:48,36.02,10300,36.01,U
sh603650,彤程新材,2025-09-19 14:03:24,36.04,24700,36.03,U
sh603650,彤程新材,2025-09-19 14:03:33,36.04,5900,36.04,U
sh603650,彤程新材,2025-09-19 14:03:39,36.05,13000,36.05,U
sh603650,彤程新材,2025-09-19 14:03:45,36.07,9200,36.07,U
sh603650,彤程新材,2025-09-19 14:03:57,36.11,10000,36.1,U
sh603650,彤程新材,2025-09-19 14:04:48,36.15,7700,36.14,U
sh603650,彤程新材,2025-09-19 14:04:57,36.15,7700,36.15,U
sh603650,彤程新材,2025-09-19 14:05:39,36.17,10500,36.16,U
sh603650,彤程新材,2025-09-19 14:06:03,36.15,13000,36.17,D
sh603650,彤程新材,2025-09-19 14:07:00,36.16,7700,36.16,U
sh603650,彤程新材,2025-09-19 14:07:21,36.17,5800,36.18,D
sh603650,彤程新材,2025-09-19 14:07:24,36.16,9300,36.17,D
sh603650,彤程新材,2025-09-19 14:07:48,36.13,58600,36.17,D
sh603650,彤程新材,2025-09-19 14:10:00,36.14,5600,36.15,D
sh603650,彤程新材,2025-09-19 14:10:15,36.1,9500,36.13,D
sh603650,彤程新材,2025-09-19 14:10:18,36.07,5700,36.1,D
sh603650,彤程新材,2025-09-19 14:10:30,36.12,17300,36.05,U
sh603650,彤程新材,2025-09-19 14:13:00,36.1,9900,36.08,U
sh603650,彤程新材,2025-09-19 14:13:15,36.13,6000,36.09,U
sh603650,彤程新材,2025-09-19 14:14:09,36.15,7200,36.15,U
sh603650,彤程新材,2025-09-19 14:15:21,36.16,6100,36.14,U
sh603650,彤程新材,2025-09-19 14:15:36,36.16,7000,36.16,U
sh603650,彤程新材,2025-09-19 14:16:03,36.18,28700,36.16,U
sh603650,彤程新材,2025-09-19 14:16:12,36.18,7000,36.19,E
sh603650,彤程新材,2025-09-19 14:17:09,36.24,7500,36.25,D
sh603650,彤程新材,2025-09-19 14:17:12,36.21,9800,36.24,D
sh603650,彤程新材,2025-09-19 14:18:06,36.18,6600,36.19,D
sh603650,彤程新材,2025-09-19 14:18:21,36.19,13100,36.18,U
sh603650,彤程新材,2025-09-19 14:18:24,36.19,12500,36.19,D
sh603650,彤程新材,2025-09-19 14:19:24,36.19,10000,36.17,U
sh603650,彤程新材,2025-09-19 14:20:21,36.2,6700,36.2,U
sh603650,彤程新材,2025-09-19 14:20:36,36.18,14900,36.21,D
sh603650,彤程新材,2025-09-19 14:20:42,36.16,10100,36.19,D
sh603650,彤程新材,2025-09-19 14:20:51,36.14,8700,36.16,D
sh603650,彤程新材,2025-09-19 14:22:39,36.12,11700,36.14,D
sh603650,彤程新材,2025-09-19 14:23:06,36.13,6800,36.12,U
sh603650,彤程新材,2025-09-19 14:23:12,36.18,6300,36.16,U
sh603650,彤程新材,2025-09-19 14:23:21,36.16,6500,36.19,D
sh603650,彤程新材,2025-09-19 14:23:54,36.2,8000,36.18,U
sh603650,彤程新材,2025-09-19 14:24:18,36.18,7700,36.18,D
sh603650,彤程新材,2025-09-19 14:24:24,36.18,12000,36.18,U
sh603650,彤程新材,2025-09-19 14:24:39,36.22,8100,36.21,U
sh603650,彤程新材,2025-09-19 14:25:33,36.22,7800,36.21,U
sh603650,彤程新材,2025-09-19 14:26:12,36.23,6400,36.23,U
sh603650,彤程新材,2025-09-19 14:26:45,36.26,5900,36.26,U
sh603650,彤程新材,2025-09-19 14:27:18,36.27,7200,36.26,U
sh603650,彤程新材,2025-09-19 14:27:30,36.26,8600,36.28,D
sh603650,彤程新材,2025-09-19 14:28:15,36.3,45100,36.26,U
sh603650,彤程新材,2025-09-19 14:28:21,36.31,15500,36.3,U
sh603650,彤程新材,2025-09-19 14:28:54,36.28,13800,36.28,D
sh603650,彤程新材,2025-09-19 14:29:03,36.3,6000,36.27,U
sh603650,彤程新材,2025-09-19 14:29:54,36.29,7300,36.28,E
sh603650,彤程新材,2025-09-19 14:30:00,36.26,11300,36.28,D
sh603650,彤程新材,2025-09-19 14:30:03,36.23,8100,36.26,D
sh603650,彤程新材,2025-09-19 14:30:36,36.25,8400,36.25,U
sh603650,彤程新材,2025-09-19 14:31:09,36.22,11300,36.24,D
sh603650,彤程新材,2025-09-19 14:31:18,36.18,9700,36.21,D
sh603650,彤程新材,2025-09-19 14:31:39,36.18,7800,36.18,D
sh603650,彤程新材,2025-09-19 14:31:57,36.16,6200,36.18,D
sh603650,彤程新材,2025-09-19 14:32:06,36.16,6100,36.18,D
sh603650,彤程新材,2025-09-19 14:32:57,36.22,6500,36.22,D
sh603650,彤程新材,2025-09-19 14:33:09,36.17,16100,36.2,D
sh603650,彤程新材,2025-09-19 14:33:12,36.14,14800,36.17,D
sh603650,彤程新材,2025-09-19 14:33:18,36.15,6600,36.15,U
sh603650,彤程新材,2025-09-19 14:35:57,36.11,7100,36.11,D
sh603650,彤程新材,2025-09-19 14:36:00,36.1,19600,36.11,D
sh603650,彤程新材,2025-09-19 14:38:06,36.09,10900,36.09,D
sh603650,彤程新材,2025-09-19 14:38:18,36.08,17400,36.09,D
sh603650,彤程新材,2025-09-19 14:40:51,36.08,6400,36.09,D
sh603650,彤程新材,2025-09-19 14:42:24,36.08,11900,36.09,D
sh603650,彤程新材,2025-09-19 14:42:30,36.08,6500,36.08,U
sh603650,彤程新材,2025-09-19 14:42:51,36.07,8500,36.07,D
sh603650,彤程新材,2025-09-19 14:43:00,36.06,13900,36.07,D
sh603650,彤程新材,2025-09-19 14:43:18,36.06,13700,36.07,E
sh603650,彤程新材,2025-09-19 14:44:18,36.07,9000,36.08,D
sh603650,彤程新材,2025-09-19 14:46:06,36.08,7500,36.08,U
sh603650,彤程新材,2025-09-19 14:46:42,36.08,19500,36.09,D
sh603650,彤程新材,2025-09-19 14:47:06,36.09,10700,36.07,U
sh603650,彤程新材,2025-09-19 14:47:27,36.1,7500,36.09,U
sh603650,彤程新材,2025-09-19 14:47:36,36.08,6900,36.1,D
sh603650,彤程新材,2025-09-19 14:47:57,36.11,7600,36.08,U
sh603650,彤程新材,2025-09-19 14:48:03,36.08,8300,36.1,D
sh603650,彤程新材,2025-09-19 14:48:18,36.07,6500,36.1,D
sh603650,彤程新材,2025-09-19 14:48:39,36.1,6700,36.09,U
sh603650,彤程新材,2025-09-19 14:49:00,36.1,8800,36.1,U
sh603650,彤程新材,2025-09-19 14:49:48,36.1,7800,36.09,U
sh603650,彤程新材,2025-09-19 14:49:51,36.09,16900,36.1,D
sh603650,彤程新材,2025-09-19 14:50:03,36.1,10500,36.09,U
sh603650,彤程新材,2025-09-19 14:50:12,36.09,11700,36.11,D
sh603650,彤程新材,2025-09-19 14:50:39,36.09,7800,36.09,D
sh603650,彤程新材,2025-09-19 14:51:03,36.08,10900,36.09,D
sh603650,彤程新材,2025-09-19 14:51:09,36.08,7200,36.08,D
sh603650,彤程新材,2025-09-19 14:51:12,36.08,8300,36.08,D
sh603650,彤程新材,2025-09-19 14:51:15,36.08,10400,36.08,D
sh603650,彤程新材,2025-09-19 14:51:18,36.09,16900,36.08,U
sh603650,彤程新材,2025-09-19 14:51:51,36.08,7100,36.09,D
sh603650,彤程新材,2025-09-19 14:52:18,36.08,7400,36.07,U
sh603650,彤程新材,2025-09-19 14:53:09,36.09,7100,36.09,D
sh603650,彤程新材,2025-09-19 14:54:03,36.11,7200,36.11,U
sh603650,彤程新材,2025-09-19 14:54:18,36.11,5600,36.11,U
sh603650,彤程新材,2025-09-19 14:54:54,36.11,7300,36.11,D
sh603650,彤程新材,2025-09-19 14:54:57,36.11,9200,36.11,U
sh603650,彤程新材,2025-09-19 14:55:06,36.1,11400,36.11,D
sh603650,彤程新材,2025-09-19 14:55:09,36.11,19300,36.1,U
sh603650,彤程新材,2025-09-19 14:55:12,36.11,26300,36.11,U
sh603650,彤程新材,2025-09-19 14:55:27,36.09,12600,36.1,D
sh603650,彤程新材,2025-09-19 14:55:30,36.09,8900,36.09,U
sh603650,彤程新材,2025-09-19 14:55:36,36.09,6700,36.08,D
sh603650,彤程新材,2025-09-19 14:55:54,36.08,15500,36.08,D
sh603650,彤程新材,2025-09-19 14:56:15,36.12,8300,36.09,U
sh603650,彤程新材,2025-09-19 14:56:39,36.1,7600,36.1,D
sh603650,彤程新材,2025-09-19 15:00:03,36.12,164400,36.12,U
