symbol,name,ticktime,price,volume,prev_price,kind
sh603650,彤程新材,2025-09-26 09:25:00,41.6,226500,0.0,U
sh603650,彤程新材,2025-09-26 09:30:00,41.68,18800,41.6,U
sh603650,彤程新材,2025-09-26 09:30:03,41.66,73900,41.68,D
sh603650,彤程新材,2025-09-26 09:30:07,41.66,79500,41.66,D
sh603650,彤程新材,2025-09-26 09:30:09,41.81,35500,41.66,E
sh603650,彤程新材,2025-09-26 09:30:12,41.85,27500,41.81,E
sh603650,彤程新材,2025-09-26 09:30:15,41.8,64500,41.85,D
sh603650,彤程新材,2025-09-26 09:30:18,41.89,61800,41.8,U
sh603650,彤程新材,2025-09-26 09:30:21,41.82,53466,41.89,D
sh603650,彤程新材,2025-09-26 09:30:24,42.0,35000,41.82,U
sh603650,彤程新材,2025-09-26 09:30:28,41.96,18800,42.0,E
sh603650,彤程新材,2025-09-26 09:30:30,41.89,43200,41.96,D
sh603650,彤程新材,2025-09-26 09:30:33,42.0,34700,41.89,U
sh603650,彤程新材,2025-09-26 09:30:37,42.0,34000,42.0,D
sh603650,彤程新材,2025-09-26 09:30:39,42.04,57100,42.0,U
sh603650,彤程新材,2025-09-26 09:30:42,42.02,59700,42.04,D
sh603650,彤程新材,2025-09-26 09:30:45,42.12,13400,42.02,U
sh603650,彤程新材,2025-09-26 09:30:49,42.19,57400,42.12,U
sh603650,彤程新材,2025-09-26 09:30:52,42.24,10600,42.19,U
sh603650,彤程新材,2025-09-26 09:30:55,42.25,55500,42.24,U
sh603650,彤程新材,2025-09-26 09:30:57,42.24,35900,42.25,D
sh603650,彤程新材,2025-09-26 09:31:00,42.25,17800,42.24,U
sh603650,彤程新材,2025-09-26 09:31:03,42.25,33700,42.25,D
sh603650,彤程新材,2025-09-26 09:31:07,42.25,36100,42.25,U
sh603650,彤程新材,2025-09-26 09:31:09,42.23,50400,42.25,D
sh603650,彤程新材,2025-09-26 09:31:13,42.37,42200,42.23,U
sh603650,彤程新材,2025-09-26 09:31:16,42.37,71600,42.37,D
sh603650,彤程新材,2025-09-26 09:31:18,42.37,35700,42.37,U
sh603650,彤程新材,2025-09-26 09:31:22,42.43,20290,42.37,U
sh603650,彤程新材,2025-09-26 09:31:25,42.44,32710,42.43,U
sh603650,彤程新材,2025-09-26 09:31:28,42.43,26100,42.44,E
sh603650,彤程新材,2025-09-26 09:31:30,42.25,17800,42.43,E
sh603650,彤程新材,2025-09-26 09:31:34,42.29,14610,42.25,U
sh603650,彤程新材,2025-09-26 09:31:37,42.29,17400,42.29,D
sh603650,彤程新材,2025-09-26 09:31:40,42.2,12400,42.29,D
sh603650,彤程新材,2025-09-26 09:31:43,42.2,15700,42.2,U
sh603650,彤程新材,2025-09-26 09:31:46,42.18,5900,42.2,D
sh603650,彤程新材,2025-09-26 09:31:49,42.18,21000,42.18,U
sh603650,彤程新材,2025-09-26 09:31:51,42.13,13600,42.18,D
sh603650,彤程新材,2025-09-26 09:31:55,42.05,17100,42.13,D
sh603650,彤程新材,2025-09-26 09:31:57,42.0,13500,42.05,D
sh603650,彤程新材,2025-09-26 09:32:01,41.98,14600,42.0,D
sh603650,彤程新材,2025-09-26 09:32:03,41.98,9300,41.98,D
sh603650,彤程新材,2025-09-26 09:32:07,41.9,15400,41.98,D
sh603650,彤程新材,2025-09-26 09:32:10,41.94,9600,41.9,U
sh603650,彤程新材,2025-09-26 09:32:12,41.88,14900,41.94,D
sh603650,彤程新材,2025-09-26 09:32:16,41.88,17500,41.88,D
sh603650,彤程新材,2025-09-26 09:32:19,41.88,19500,41.88,U
sh603650,彤程新材,2025-09-26 09:32:21,41.92,20800,41.88,U
sh603650,彤程新材,2025-09-26 09:32:25,41.96,31900,41.92,U
sh603650,彤程新材,2025-09-26 09:32:28,42.03,11100,41.96,U
sh603650,彤程新材,2025-09-26 09:32:30,42.05,26000,42.03,U
sh603650,彤程新材,2025-09-26 09:32:33,42.12,5100,42.05,U
sh603650,彤程新材,2025-09-26 09:32:37,42.13,6700,42.12,U
sh603650,彤程新材,2025-09-26 09:32:40,42.15,14900,42.13,U
sh603650,彤程新材,2025-09-26 09:32:42,42.22,27000,42.15,U
sh603650,彤程新材,2025-09-26 09:32:46,42.26,20700,42.22,U
sh603650,彤程新材,2025-09-26 09:32:48,42.26,7200,42.26,D
sh603650,彤程新材,2025-09-26 09:32:52,42.27,20200,42.26,U
sh603650,彤程新材,2025-09-26 09:32:54,42.27,34500,42.27,D
sh603650,彤程新材,2025-09-26 09:32:57,42.27,13000,42.27,D
sh603650,彤程新材,2025-09-26 09:33:00,42.27,7300,42.27,E
sh603650,彤程新材,2025-09-26 09:33:03,42.26,15300,42.27,D
sh603650,彤程新材,2025-09-26 09:33:06,42.26,23200,42.26,D
sh603650,彤程新材,2025-09-26 09:33:09,42.23,82000,42.26,D
sh603650,彤程新材,2025-09-26 09:33:12,42.27,41100,42.23,U
sh603650,彤程新材,2025-09-26 09:33:15,42.27,19100,42.27,D
sh603650,彤程新材,2025-09-26 09:33:19,42.27,16600,42.27,D
sh603650,彤程新材,2025-09-26 09:33:21,42.27,39600,42.27,U
sh603650,彤程新材,2025-09-26 09:33:24,42.27,16600,42.27,D
sh603650,彤程新材,2025-09-26 09:33:27,42.23,28100,42.27,D
sh603650,彤程新材,2025-09-26 09:33:31,42.17,11700,42.23,D
sh603650,彤程新材,2025-09-26 09:33:34,42.17,11100,42.17,D
sh603650,彤程新材,2025-09-26 09:33:37,42.15,15100,42.17,D
sh603650,彤程新材,2025-09-26 09:33:40,42.13,7200,42.15,D
sh603650,彤程新材,2025-09-26 09:33:42,42.13,14700,42.13,U
sh603650,彤程新材,2025-09-26 09:33:46,42.2,61600,42.13,U
sh603650,彤程新材,2025-09-26 09:33:48,42.24,13100,42.2,U
sh603650,彤程新材,2025-09-26 09:33:52,42.24,7800,42.24,D
sh603650,彤程新材,2025-09-26 09:33:55,42.27,20200,42.24,U
sh603650,彤程新材,2025-09-26 09:33:58,42.29,18200,42.27,U
sh603650,彤程新材,2025-09-26 09:34:01,42.26,26200,42.29,D
sh603650,彤程新材,2025-09-26 09:34:04,42.26,14200,42.26,U
sh603650,彤程新材,2025-09-26 09:34:07,42.27,15900,42.26,U
sh603650,彤程新材,2025-09-26 09:34:10,42.33,36600,42.27,U
sh603650,彤程新材,2025-09-26 09:34:12,42.34,12500,42.33,U
sh603650,彤程新材,2025-09-26 09:34:15,42.33,9600,42.34,E
sh603650,彤程新材,2025-09-26 09:34:19,42.29,15300,42.33,E
sh603650,彤程新材,2025-09-26 09:34:21,42.3,17500,42.29,U
sh603650,彤程新材,2025-09-26 09:34:25,42.33,10300,42.3,D
sh603650,彤程新材,2025-09-26 09:34:28,42.35,17300,42.33,U
sh603650,彤程新材,2025-09-26 09:34:31,42.35,22100,42.35,U
sh603650,彤程新材,2025-09-26 09:34:33,42.34,15200,42.35,E
sh603650,彤程新材,2025-09-26 09:34:37,42.33,27200,42.34,E
sh603650,彤程新材,2025-09-26 09:34:39,42.35,23100,42.33,D
sh603650,彤程新材,2025-09-26 09:34:42,42.32,10900,42.35,D
sh603650,彤程新材,2025-09-26 09:34:46,42.34,40600,42.32,U
sh603650,彤程新材,2025-09-26 09:34:48,42.37,7900,42.34,U
sh603650,彤程新材,2025-09-26 09:34:52,42.38,20600,42.37,U
sh603650,彤程新材,2025-09-26 09:34:54,42.4,30600,42.38,U
sh603650,彤程新材,2025-09-26 09:34:57,42.44,20300,42.4,U
sh603650,彤程新材,2025-09-26 09:35:01,42.48,16990,42.44,U
sh603650,彤程新材,2025-09-26 09:35:03,42.46,9300,42.48,D
sh603650,彤程新材,2025-09-26 09:35:06,42.5,21800,42.46,U
sh603650,彤程新材,2025-09-26 09:35:10,42.48,20600,42.5,D
sh603650,彤程新材,2025-09-26 09:35:12,42.46,73210,42.48,D
sh603650,彤程新材,2025-09-26 09:35:15,42.43,10600,42.46,E
sh603650,彤程新材,2025-09-26 09:35:19,42.36,17800,42.43,D
sh603650,彤程新材,2025-09-26 09:35:21,42.31,5600,42.36,D
sh603650,彤程新材,2025-09-26 09:35:25,42.31,25300,42.31,D
sh603650,彤程新材,2025-09-26 09:35:27,42.3,5200,42.31,D
sh603650,彤程新材,2025-09-26 09:35:31,42.29,9700,42.3,E
sh603650,彤程新材,2025-09-26 09:35:33,42.26,6000,42.29,E
sh603650,彤程新材,2025-09-26 09:35:36,42.27,6400,42.26,U
sh603650,彤程新材,2025-09-26 09:35:40,42.25,7500,42.27,D
sh603650,彤程新材,2025-09-26 09:35:42,42.2,73000,42.25,D
sh603650,彤程新材,2025-09-26 09:35:46,42.2,5900,42.2,U
sh603650,彤程新材,2025-09-26 09:35:48,42.24,16100,42.2,U
sh603650,彤程新材,2025-09-26 09:35:52,42.19,14300,42.24,D
sh603650,彤程新材,2025-09-26 09:35:55,42.24,28600,42.19,D
sh603650,彤程新材,2025-09-26 09:35:57,42.2,10800,42.24,D
sh603650,彤程新材,2025-09-26 09:36:01,42.25,17400,42.2,E
sh603650,彤程新材,2025-09-26 09:36:04,42.29,11900,42.25,U
sh603650,彤程新材,2025-09-26 09:36:06,42.31,12100,42.29,U
sh603650,彤程新材,2025-09-26 09:36:13,42.36,6700,42.34,U
sh603650,彤程新材,2025-09-26 09:36:19,42.36,11800,42.38,E
sh603650,彤程新材,2025-09-26 09:36:22,42.35,6700,42.36,D
sh603650,彤程新材,2025-09-26 09:36:24,42.35,10300,42.35,D
sh603650,彤程新材,2025-09-26 09:36:27,42.35,22200,42.35,U
sh603650,彤程新材,2025-09-26 09:36:31,42.34,13500,42.35,D
sh603650,彤程新材,2025-09-26 09:36:34,42.29,8200,42.34,D
sh603650,彤程新材,2025-09-26 09:36:36,42.29,15100,42.29,U
sh603650,彤程新材,2025-09-26 09:36:40,42.34,8300,42.29,U
sh603650,彤程新材,2025-09-26 09:36:42,42.25,56500,42.34,D
sh603650,彤程新材,2025-09-26 09:36:46,42.34,34900,42.25,U
sh603650,彤程新材,2025-09-26 09:36:55,42.26,19300,42.34,D
sh603650,彤程新材,2025-09-26 09:36:57,42.31,9200,42.26,D
sh603650,彤程新材,2025-09-26 09:37:01,42.35,6200,42.31,U
sh603650,彤程新材,2025-09-26 09:37:03,42.36,6400,42.35,U
sh603650,彤程新材,2025-09-26 09:37:07,42.36,20800,42.36,U
sh603650,彤程新材,2025-09-26 09:37:10,42.38,11200,42.36,U
sh603650,彤程新材,2025-09-26 09:37:13,42.35,12900,42.38,D
sh603650,彤程新材,2025-09-26 09:37:15,42.37,10700,42.35,U
sh603650,彤程新材,2025-09-26 09:37:18,42.36,20500,42.37,E
sh603650,彤程新材,2025-09-26 09:37:21,42.36,12500,42.36,U
sh603650,彤程新材,2025-09-26 09:37:25,42.34,16800,42.36,D
sh603650,彤程新材,2025-09-26 09:37:27,42.36,20000,42.34,U
sh603650,彤程新材,2025-09-26 09:37:31,42.31,14400,42.36,D
sh603650,彤程新材,2025-09-26 09:37:34,42.36,22400,42.31,U
sh603650,彤程新材,2025-09-26 09:37:36,42.37,14600,42.36,U
sh603650,彤程新材,2025-09-26 09:37:39,42.35,14200,42.37,D
sh603650,彤程新材,2025-09-26 09:37:43,42.37,12100,42.35,U
sh603650,彤程新材,2025-09-26 09:37:49,42.35,24300,42.37,D
sh603650,彤程新材,2025-09-26 09:37:51,42.35,7100,42.35,U
sh603650,彤程新材,2025-09-26 09:37:55,42.39,49100,42.35,U
sh603650,彤程新材,2025-09-26 09:37:58,42.42,11200,42.39,U
sh603650,彤程新材,2025-09-26 09:38:00,42.42,11400,42.42,U
sh603650,彤程新材,2025-09-26 09:38:06,42.42,6000,42.45,D
sh603650,彤程新材,2025-09-26 09:38:10,42.46,8800,42.42,U
sh603650,彤程新材,2025-09-26 09:38:13,42.46,10400,42.46,U
sh603650,彤程新材,2025-09-26 09:38:16,42.47,15600,42.46,U
sh603650,彤程新材,2025-09-26 09:38:22,42.48,6800,42.47,U
sh603650,彤程新材,2025-09-26 09:38:24,42.49,6100,42.48,U
sh603650,彤程新材,2025-09-26 09:38:27,42.5,35900,42.49,U
sh603650,彤程新材,2025-09-26 09:38:31,42.5,18400,42.5,U
sh603650,彤程新材,2025-09-26 09:38:34,42.5,25100,42.5,U
sh603650,彤程新材,2025-09-26 09:38:36,42.52,15100,42.5,U
sh603650,彤程新材,2025-09-26 09:38:40,42.56,18100,42.52,U
sh603650,彤程新材,2025-09-26 09:38:42,42.57,17300,42.56,U
sh603650,彤程新材,2025-09-26 09:38:46,42.59,17300,42.57,U
sh603650,彤程新材,2025-09-26 09:38:49,42.59,18700,42.59,U
sh603650,彤程新材,2025-09-26 09:38:51,42.54,75800,42.59,D
sh603650,彤程新材,2025-09-26 09:38:54,42.52,22300,42.54,E
sh603650,彤程新材,2025-09-26 09:38:58,42.45,15900,42.52,D
sh603650,彤程新材,2025-09-26 09:39:01,42.5,21500,42.45,U
sh603650,彤程新材,2025-09-26 09:39:03,42.5,28100,42.5,D
sh603650,彤程新材,2025-09-26 09:39:07,42.5,25200,42.5,U
sh603650,彤程新材,2025-09-26 09:39:10,42.56,31400,42.5,U
sh603650,彤程新材,2025-09-26 09:39:12,42.58,47800,42.56,U
sh603650,彤程新材,2025-09-26 09:39:16,42.58,15100,42.58,U
sh603650,彤程新材,2025-09-26 09:39:18,42.6,39200,42.58,U
sh603650,彤程新材,2025-09-26 09:39:21,42.6,19600,42.6,U
sh603650,彤程新材,2025-09-26 09:39:24,42.64,6500,42.6,U
sh603650,彤程新材,2025-09-26 09:39:27,42.63,12700,42.64,E
sh603650,彤程新材,2025-09-26 09:39:31,42.62,16300,42.63,D
sh603650,彤程新材,2025-09-26 09:39:33,42.54,113800,42.62,D
sh603650,彤程新材,2025-09-26 09:39:36,42.6,20200,42.54,U
sh603650,彤程新材,2025-09-26 09:39:39,42.58,16900,42.6,E
sh603650,彤程新材,2025-09-26 09:39:43,42.55,6600,42.58,E
sh603650,彤程新材,2025-09-26 09:39:46,42.64,92800,42.55,U
sh603650,彤程新材,2025-09-26 09:39:48,42.49,31800,42.64,D
sh603650,彤程新材,2025-09-26 09:39:52,42.52,17900,42.49,U
sh603650,彤程新材,2025-09-26 09:39:55,42.49,22100,42.52,D
sh603650,彤程新材,2025-09-26 09:39:58,42.49,28400,42.49,D
sh603650,彤程新材,2025-09-26 09:40:00,42.5,13300,42.49,E
sh603650,彤程新材,2025-09-26 09:40:03,42.5,18500,42.5,U
sh603650,彤程新材,2025-09-26 09:40:06,42.51,10900,42.5,U
sh603650,彤程新材,2025-09-26 09:40:09,42.53,16300,42.51,E
sh603650,彤程新材,2025-09-26 09:40:13,42.53,35600,42.53,U
sh603650,彤程新材,2025-09-26 09:40:16,42.57,13500,42.53,U
sh603650,彤程新材,2025-09-26 09:40:18,42.66,49800,42.57,U
sh603650,彤程新材,2025-09-26 09:40:21,42.67,42200,42.66,U
sh603650,彤程新材,2025-09-26 09:40:25,42.7,13400,42.67,U
sh603650,彤程新材,2025-09-26 09:40:28,42.72,18500,42.7,U
sh603650,彤程新材,2025-09-26 09:40:30,42.7,23200,42.72,E
sh603650,彤程新材,2025-09-26 09:40:34,42.76,13300,42.7,U
sh603650,彤程新材,2025-09-26 09:40:37,42.77,5100,42.76,U
sh603650,彤程新材,2025-09-26 09:40:40,42.77,12800,42.77,U
sh603650,彤程新材,2025-09-26 09:40:42,42.78,8800,42.77,U
sh603650,彤程新材,2025-09-26 09:40:46,42.79,8500,42.78,E
sh603650,彤程新材,2025-09-26 09:40:48,42.81,22100,42.79,U
sh603650,彤程新材,2025-09-26 09:40:52,42.79,34300,42.81,D
sh603650,彤程新材,2025-09-26 09:40:55,42.84,43900,42.79,U
sh603650,彤程新材,2025-09-26 09:40:57,42.81,33900,42.84,D
sh603650,彤程新材,2025-09-26 09:41:00,42.79,37200,42.81,D
sh603650,彤程新材,2025-09-26 09:41:03,42.73,64000,42.79,D
sh603650,彤程新材,2025-09-26 09:41:07,42.8,12000,42.73,U
sh603650,彤程新材,2025-09-26 09:41:09,42.79,10500,42.8,E
sh603650,彤程新材,2025-09-26 09:41:12,42.75,9800,42.79,D
sh603650,彤程新材,2025-09-26 09:41:16,42.8,72700,42.75,U
sh603650,彤程新材,2025-09-26 09:41:18,42.76,18900,42.8,U
sh603650,彤程新材,2025-09-26 09:41:22,42.72,27800,42.76,D
sh603650,彤程新材,2025-09-26 09:41:24,42.76,52400,42.72,U
sh603650,彤程新材,2025-09-26 09:41:28,42.77,13900,42.76,U
sh603650,彤程新材,2025-09-26 09:41:31,42.77,28600,42.77,D
sh603650,彤程新材,2025-09-26 09:41:34,42.78,66600,42.77,E
sh603650,彤程新材,2025-09-26 09:41:36,42.89,66400,42.78,U
sh603650,彤程新材,2025-09-26 09:41:40,42.95,61800,42.89,U
sh603650,彤程新材,2025-09-26 09:41:43,42.96,7000,42.95,U
sh603650,彤程新材,2025-09-26 09:41:46,42.95,28400,42.96,D
sh603650,彤程新材,2025-09-26 09:41:49,42.97,32800,42.95,U
sh603650,彤程新材,2025-09-26 09:41:51,43.0,38000,42.97,U
sh603650,彤程新材,2025-09-26 09:41:55,43.02,43000,43.0,U
sh603650,彤程新材,2025-09-26 09:41:57,43.02,10300,43.02,U
sh603650,彤程新材,2025-09-26 09:42:00,43.06,22400,43.02,U
sh603650,彤程新材,2025-09-26 09:42:04,43.08,6700,43.06,U
sh603650,彤程新材,2025-09-26 09:42:06,43.11,13500,43.08,D
sh603650,彤程新材,2025-09-26 09:42:09,43.19,10300,43.11,U
sh603650,彤程新材,2025-09-26 09:42:13,43.19,17300,43.19,D
sh603650,彤程新材,2025-09-26 09:42:16,43.14,39400,43.19,D
sh603650,彤程新材,2025-09-26 09:42:18,43.02,156000,43.14,D
sh603650,彤程新材,2025-09-26 09:42:22,42.95,62600,43.02,D
sh603650,彤程新材,2025-09-26 09:42:24,43.13,161900,42.95,U
sh603650,彤程新材,2025-09-26 09:42:28,43.13,14700,43.13,U
sh603650,彤程新材,2025-09-26 09:42:30,43.13,96800,43.13,U
sh603650,彤程新材,2025-09-26 09:42:33,43.13,54800,43.13,D
sh603650,彤程新材,2025-09-26 09:42:37,43.14,15400,43.13,U
sh603650,彤程新材,2025-09-26 09:42:40,43.19,7400,43.14,E
sh603650,彤程新材,2025-09-26 09:42:43,43.21,79100,43.19,U
sh603650,彤程新材,2025-09-26 09:42:46,43.28,16600,43.21,U
sh603650,彤程新材,2025-09-26 09:42:48,43.29,12300,43.28,U
sh603650,彤程新材,2025-09-26 09:42:52,43.32,8200,43.29,U
sh603650,彤程新材,2025-09-26 09:42:55,43.35,37600,43.32,U
sh603650,彤程新材,2025-09-26 09:42:58,43.38,6100,43.35,U
sh603650,彤程新材,2025-09-26 09:43:01,43.4,18800,43.38,U
sh603650,彤程新材,2025-09-26 09:43:03,43.44,52600,43.4,U
sh603650,彤程新材,2025-09-26 09:43:07,43.48,35900,43.44,U
sh603650,彤程新材,2025-09-26 09:43:10,43.49,41000,43.48,U
sh603650,彤程新材,2025-09-26 09:43:12,43.51,56100,43.49,U
sh603650,彤程新材,2025-09-26 09:43:16,43.58,32400,43.51,U
sh603650,彤程新材,2025-09-26 09:43:19,43.6,78200,43.58,U
sh603650,彤程新材,2025-09-26 09:43:21,43.65,56900,43.6,U
sh603650,彤程新材,2025-09-26 09:43:25,43.74,18700,43.65,U
sh603650,彤程新材,2025-09-26 09:43:27,43.75,61200,43.74,U
sh603650,彤程新材,2025-09-26 09:43:30,43.77,81500,43.75,U
sh603650,彤程新材,2025-09-26 09:43:34,43.8,69400,43.77,U
sh603650,彤程新材,2025-09-26 09:43:37,43.84,55000,43.8,U
sh603650,彤程新材,2025-09-26 09:43:39,43.84,56900,43.84,U
sh603650,彤程新材,2025-09-26 09:43:42,43.8,74100,43.84,D
sh603650,彤程新材,2025-09-26 09:43:45,43.74,90800,43.8,D
sh603650,彤程新材,2025-09-26 09:43:49,43.75,55300,43.74,U
sh603650,彤程新材,2025-09-26 09:43:52,43.74,28800,43.75,D
sh603650,彤程新材,2025-09-26 09:43:55,43.74,42200,43.74,U
sh603650,彤程新材,2025-09-26 09:43:57,43.76,135800,43.74,U
sh603650,彤程新材,2025-09-26 09:44:01,43.54,58900,43.76,D
sh603650,彤程新材,2025-09-26 09:44:03,43.65,36500,43.54,U
sh603650,彤程新材,2025-09-26 09:44:06,43.65,32300,43.65,U
sh603650,彤程新材,2025-09-26 09:44:10,43.65,33000,43.65,E
sh603650,彤程新材,2025-09-26 09:44:13,43.62,10200,43.65,D
sh603650,彤程新材,2025-09-26 09:44:16,43.65,23500,43.62,U
sh603650,彤程新材,2025-09-26 09:44:19,43.4,105500,43.65,D
sh603650,彤程新材,2025-09-26 09:44:21,43.51,38300,43.4,U
sh603650,彤程新材,2025-09-26 09:44:24,43.4,17500,43.51,E
sh603650,彤程新材,2025-09-26 09:44:28,43.42,136300,43.4,U
sh603650,彤程新材,2025-09-26 09:44:30,43.43,62600,43.42,E
sh603650,彤程新材,2025-09-26 09:44:34,43.47,40700,43.43,U
sh603650,彤程新材,2025-09-26 09:44:37,43.43,42200,43.47,D
sh603650,彤程新材,2025-09-26 09:44:40,43.54,9100,43.43,U
sh603650,彤程新材,2025-09-26 09:44:43,43.54,15800,43.54,E
sh603650,彤程新材,2025-09-26 09:44:45,43.53,23900,43.54,D
sh603650,彤程新材,2025-09-26 09:44:49,43.53,19400,43.53,U
sh603650,彤程新材,2025-09-26 09:44:52,43.47,30400,43.53,D
sh603650,彤程新材,2025-09-26 09:44:54,43.52,8300,43.47,E
sh603650,彤程新材,2025-09-26 09:44:57,43.53,18800,43.52,U
sh603650,彤程新材,2025-09-26 09:45:00,43.41,99300,43.53,D
sh603650,彤程新材,2025-09-26 09:45:03,43.35,24900,43.41,D
sh603650,彤程新材,2025-09-26 09:45:06,43.3,16300,43.35,D
sh603650,彤程新材,2025-09-26 09:45:10,43.22,13900,43.3,D
sh603650,彤程新材,2025-09-26 09:45:13,43.21,9400,43.22,D
sh603650,彤程新材,2025-09-26 09:45:15,43.2,22400,43.21,D
sh603650,彤程新材,2025-09-26 09:45:18,43.13,26400,43.2,D
sh603650,彤程新材,2025-09-26 09:45:21,43.16,26000,43.13,U
sh603650,彤程新材,2025-09-26 09:45:27,43.17,12200,43.18,U
sh603650,彤程新材,2025-09-26 09:45:31,43.17,15400,43.17,D
sh603650,彤程新材,2025-09-26 09:45:34,43.17,25600,43.17,D
sh603650,彤程新材,2025-09-26 09:45:37,43.17,41700,43.17,U
sh603650,彤程新材,2025-09-26 09:45:39,43.2,18700,43.17,E
sh603650,彤程新材,2025-09-26 09:45:43,43.19,9700,43.2,D
sh603650,彤程新材,2025-09-26 09:45:46,43.2,10100,43.19,U
sh603650,彤程新材,2025-09-26 09:45:49,43.22,6100,43.2,U
sh603650,彤程新材,2025-09-26 09:45:52,43.23,16200,43.22,U
sh603650,彤程新材,2025-09-26 09:45:57,43.23,15200,43.26,D
sh603650,彤程新材,2025-09-26 09:46:01,43.23,13700,43.23,D
sh603650,彤程新材,2025-09-26 09:46:04,43.21,70500,43.23,D
sh603650,彤程新材,2025-09-26 09:46:06,43.14,59000,43.21,D
sh603650,彤程新材,2025-09-26 09:46:10,43.14,7100,43.14,U
sh603650,彤程新材,2025-09-26 09:46:12,43.14,4700,43.14,U
sh603650,彤程新材,2025-09-26 09:46:16,43.15,12400,43.14,U
sh603650,彤程新材,2025-09-26 09:46:18,43.16,24300,43.15,U
sh603650,彤程新材,2025-09-26 09:46:22,43.2,6000,43.16,U
sh603650,彤程新材,2025-09-26 09:46:25,43.16,17900,43.2,D
sh603650,彤程新材,2025-09-26 09:46:27,43.2,9600,43.16,U
sh603650,彤程新材,2025-09-26 09:46:34,43.26,20900,43.2,U
sh603650,彤程新材,2025-09-26 09:46:37,43.19,59200,43.26,D
sh603650,彤程新材,2025-09-26 09:46:40,43.11,85800,43.19,D
sh603650,彤程新材,2025-09-26 09:46:42,43.07,44400,43.11,D
sh603650,彤程新材,2025-09-26 09:46:46,43.06,9000,43.07,D
sh603650,彤程新材,2025-09-26 09:46:48,43.09,8100,43.06,E
sh603650,彤程新材,2025-09-26 09:46:52,43.03,14400,43.09,D
sh603650,彤程新材,2025-09-26 09:46:55,43.0,18700,43.03,D
sh603650,彤程新材,2025-09-26 09:46:58,42.97,137500,43.0,D
sh603650,彤程新材,2025-09-26 09:47:00,42.96,11800,42.97,E
sh603650,彤程新材,2025-09-26 09:47:07,42.88,9800,42.88,U
sh603650,彤程新材,2025-09-26 09:47:13,42.83,15400,42.82,D
sh603650,彤程新材,2025-09-26 09:47:16,42.83,18400,42.83,U
sh603650,彤程新材,2025-09-26 09:47:18,42.81,31800,42.83,D
sh603650,彤程新材,2025-09-26 09:47:21,42.8,24000,42.81,D
sh603650,彤程新材,2025-09-26 09:47:24,42.82,18100,42.8,U
sh603650,彤程新材,2025-09-26 09:47:28,42.84,101600,42.82,U
sh603650,彤程新材,2025-09-26 09:47:31,42.86,22700,42.84,U
sh603650,彤程新材,2025-09-26 09:47:37,42.86,52600,42.86,U
sh603650,彤程新材,2025-09-26 09:47:39,42.86,23700,42.86,D
sh603650,彤程新材,2025-09-26 09:47:43,42.86,22900,42.86,D
sh603650,彤程新材,2025-09-26 09:47:45,42.87,12700,42.86,U
sh603650,彤程新材,2025-09-26 09:47:49,42.87,12000,42.87,D
sh603650,彤程新材,2025-09-26 09:47:52,42.88,83000,42.87,U
sh603650,彤程新材,2025-09-26 09:47:55,42.86,25800,42.88,D
sh603650,彤程新材,2025-09-26 09:47:57,42.86,10500,42.86,U
sh603650,彤程新材,2025-09-26 09:48:01,42.78,59500,42.86,D
sh603650,彤程新材,2025-09-26 09:48:03,42.74,11700,42.78,D
sh603650,彤程新材,2025-09-26 09:48:07,42.66,39200,42.74,D
sh603650,彤程新材,2025-09-26 09:48:09,42.65,9000,42.66,D
sh603650,彤程新材,2025-09-26 09:48:16,42.61,6600,42.63,D
sh603650,彤程新材,2025-09-26 09:48:19,42.58,48300,42.61,D
sh603650,彤程新材,2025-09-26 09:48:22,42.6,9500,42.58,U
sh603650,彤程新材,2025-09-26 09:48:25,42.58,12900,42.6,D
sh603650,彤程新材,2025-09-26 09:48:28,42.58,18300,42.58,U
sh603650,彤程新材,2025-09-26 09:48:31,42.56,18400,42.58,D
sh603650,彤程新材,2025-09-26 09:48:33,42.58,13200,42.56,U
sh603650,彤程新材,2025-09-26 09:48:37,42.55,5100,42.58,E
sh603650,彤程新材,2025-09-26 09:48:40,42.52,47000,42.55,D
sh603650,彤程新材,2025-09-26 09:48:42,42.53,8600,42.52,U
sh603650,彤程新材,2025-09-26 09:48:46,42.52,6300,42.53,D
sh603650,彤程新材,2025-09-26 09:48:48,42.51,8100,42.52,D
sh603650,彤程新材,2025-09-26 09:48:52,42.51,18000,42.51,D
sh603650,彤程新材,2025-09-26 09:48:55,42.52,26900,42.51,U
sh603650,彤程新材,2025-09-26 09:48:58,42.52,17900,42.52,D
sh603650,彤程新材,2025-09-26 09:49:01,42.55,5600,42.52,E
sh603650,彤程新材,2025-09-26 09:49:04,42.56,10200,42.55,U
sh603650,彤程新材,2025-09-26 09:49:07,42.51,78000,42.56,D
sh603650,彤程新材,2025-09-26 09:49:12,42.57,18500,42.56,U
sh603650,彤程新材,2025-09-26 09:49:19,42.58,20700,42.58,U
sh603650,彤程新材,2025-09-26 09:49:21,42.57,12400,42.58,E
sh603650,彤程新材,2025-09-26 09:49:24,42.58,8400,42.57,U
sh603650,彤程新材,2025-09-26 09:49:28,42.55,24400,42.58,D
sh603650,彤程新材,2025-09-26 09:49:30,42.58,4800,42.55,U
sh603650,彤程新材,2025-09-26 09:49:34,42.57,9400,42.58,D
sh603650,彤程新材,2025-09-26 09:49:37,42.58,11400,42.57,U
sh603650,彤程新材,2025-09-26 09:49:40,42.56,11500,42.58,E
sh603650,彤程新材,2025-09-26 09:49:42,42.58,5600,42.56,U
sh603650,彤程新材,2025-09-26 09:49:48,42.59,23300,42.58,E
sh603650,彤程新材,2025-09-26 09:49:51,42.58,6300,42.59,U
sh603650,彤程新材,2025-09-26 09:49:55,42.55,30800,42.58,D
sh603650,彤程新材,2025-09-26 09:49:58,42.49,143800,42.55,D
sh603650,彤程新材,2025-09-26 09:50:00,42.38,41200,42.49,D
sh603650,彤程新材,2025-09-26 09:50:03,42.31,17500,42.38,D
sh603650,彤程新材,2025-09-26 09:50:06,42.32,9600,42.31,U
sh603650,彤程新材,2025-09-26 09:50:10,42.26,6900,42.32,E
sh603650,彤程新材,2025-09-26 09:50:12,42.29,16900,42.26,U
sh603650,彤程新材,2025-09-26 09:50:15,42.26,17510,42.29,D
sh603650,彤程新材,2025-09-26 09:50:19,42.25,17000,42.26,D
sh603650,彤程新材,2025-09-26 09:50:22,42.24,11300,42.25,E
sh603650,彤程新材,2025-09-26 09:50:24,42.26,16300,42.24,U
sh603650,彤程新材,2025-09-26 09:50:28,42.24,13600,42.26,D
sh603650,彤程新材,2025-09-26 09:50:31,42.2,14000,42.24,D
sh603650,彤程新材,2025-09-26 09:50:34,42.2,22190,42.2,D
sh603650,彤程新材,2025-09-26 09:50:37,42.2,18360,42.2,U
sh603650,彤程新材,2025-09-26 09:50:40,42.3,9700,42.2,U
sh603650,彤程新材,2025-09-26 09:50:42,42.21,16400,42.3,D
sh603650,彤程新材,2025-09-26 09:50:48,42.21,19600,42.29,D
sh603650,彤程新材,2025-09-26 09:50:55,42.22,8600,42.22,D
sh603650,彤程新材,2025-09-26 09:50:57,42.3,65900,42.22,U
sh603650,彤程新材,2025-09-26 09:51:00,42.2,16300,42.3,D
sh603650,彤程新材,2025-09-26 09:51:04,42.2,24800,42.2,D
sh603650,彤程新材,2025-09-26 09:51:06,42.21,8000,42.2,U
sh603650,彤程新材,2025-09-26 09:51:10,42.21,10900,42.21,U
sh603650,彤程新材,2025-09-26 09:51:19,42.22,7500,42.29,D
sh603650,彤程新材,2025-09-26 09:51:22,42.25,52900,42.22,E
sh603650,彤程新材,2025-09-26 09:51:25,42.27,12100,42.25,U
sh603650,彤程新材,2025-09-26 09:51:30,42.27,11600,42.26,U
sh603650,彤程新材,2025-09-26 09:51:33,42.23,15700,42.27,D
sh603650,彤程新材,2025-09-26 09:51:37,42.28,11200,42.23,U
sh603650,彤程新材,2025-09-26 09:51:40,42.26,9400,42.28,D
sh603650,彤程新材,2025-09-26 09:51:42,42.27,6800,42.26,U
sh603650,彤程新材,2025-09-26 09:51:46,42.24,13900,42.27,D
sh603650,彤程新材,2025-09-26 09:51:51,42.21,6500,42.23,D
sh603650,彤程新材,2025-09-26 09:51:55,42.23,7300,42.21,U
sh603650,彤程新材,2025-09-26 09:51:57,42.23,5800,42.23,D
sh603650,彤程新材,2025-09-26 09:52:03,42.2,7700,42.21,D
sh603650,彤程新材,2025-09-26 09:52:07,42.21,26600,42.2,U
sh603650,彤程新材,2025-09-26 09:52:09,42.21,6800,42.21,D
sh603650,彤程新材,2025-09-26 09:52:13,42.2,13200,42.21,D
sh603650,彤程新材,2025-09-26 09:52:16,42.3,17900,42.2,U
sh603650,彤程新材,2025-09-26 09:52:19,42.34,27900,42.3,U
sh603650,彤程新材,2025-09-26 09:52:22,42.4,9200,42.34,U
sh603650,彤程新材,2025-09-26 09:52:27,42.52,13250,42.51,U
sh603650,彤程新材,2025-09-26 09:52:31,42.52,29100,42.52,U
sh603650,彤程新材,2025-09-26 09:52:34,42.52,9800,42.52,U
sh603650,彤程新材,2025-09-26 09:52:36,42.52,9600,42.52,U
sh603650,彤程新材,2025-09-26 09:52:39,42.52,12300,42.52,U
sh603650,彤程新材,2025-09-26 09:52:42,42.54,13500,42.52,U
sh603650,彤程新材,2025-09-26 09:52:46,42.54,13800,42.54,U
sh603650,彤程新材,2025-09-26 09:52:49,42.5,10300,42.54,D
sh603650,彤程新材,2025-09-26 09:52:51,42.53,7300,42.5,U
sh603650,彤程新材,2025-09-26 09:52:55,42.54,16000,42.53,U
sh603650,彤程新材,2025-09-26 09:52:57,42.56,10600,42.54,U
sh603650,彤程新材,2025-09-26 09:53:00,42.45,24400,42.56,D
sh603650,彤程新材,2025-09-26 09:53:03,42.45,7100,42.45,U
sh603650,彤程新材,2025-09-26 09:53:10,42.31,5000,42.39,D
sh603650,彤程新材,2025-09-26 09:53:16,42.35,8400,42.3,U
sh603650,彤程新材,2025-09-26 09:53:19,42.32,18700,42.35,E
sh603650,彤程新材,2025-09-26 09:53:22,42.35,9400,42.32,U
sh603650,彤程新材,2025-09-26 09:53:25,42.4,6900,42.35,U
sh603650,彤程新材,2025-09-26 09:53:37,42.38,5900,42.38,D
sh603650,彤程新材,2025-09-26 09:53:40,42.51,42500,42.38,U
sh603650,彤程新材,2025-09-26 09:53:49,42.43,21800,42.46,D
sh603650,彤程新材,2025-09-26 09:53:52,42.46,8100,42.43,E
sh603650,彤程新材,2025-09-26 09:53:55,42.43,5800,42.46,D
sh603650,彤程新材,2025-09-26 09:53:58,42.49,5600,42.43,U
sh603650,彤程新材,2025-09-26 09:54:00,42.43,14100,42.49,D
sh603650,彤程新材,2025-09-26 09:54:04,42.5,8800,42.43,U
sh603650,彤程新材,2025-09-26 09:54:06,42.51,10100,42.5,U
sh603650,彤程新材,2025-09-26 09:54:10,42.5,7500,42.51,U
sh603650,彤程新材,2025-09-26 09:54:12,42.43,15200,42.5,D
sh603650,彤程新材,2025-09-26 09:54:16,42.41,34000,42.43,D
sh603650,彤程新材,2025-09-26 09:54:19,42.44,4900,42.41,U
sh603650,彤程新材,2025-09-26 09:54:28,42.41,24600,42.41,D
sh603650,彤程新材,2025-09-26 09:54:31,42.44,31200,42.41,U
sh603650,彤程新材,2025-09-26 09:54:33,42.42,36300,42.44,D
sh603650,彤程新材,2025-09-26 09:54:37,42.51,7700,42.42,U
sh603650,彤程新材,2025-09-26 09:54:40,42.44,24700,42.51,D
sh603650,彤程新材,2025-09-26 09:54:42,42.45,18400,42.44,U
sh603650,彤程新材,2025-09-26 09:54:45,42.44,6500,42.45,D
sh603650,彤程新材,2025-09-26 09:54:55,42.49,13800,42.49,D
sh603650,彤程新材,2025-09-26 09:54:58,42.49,34200,42.49,D
sh603650,彤程新材,2025-09-26 09:55:01,42.5,7100,42.49,U
sh603650,彤程新材,2025-09-26 09:55:07,42.49,5700,42.5,D
sh603650,彤程新材,2025-09-26 09:55:09,42.5,11400,42.49,E
sh603650,彤程新材,2025-09-26 09:55:21,42.49,4900,42.49,D
sh603650,彤程新材,2025-09-26 09:55:37,42.5,9600,42.51,D
sh603650,彤程新材,2025-09-26 09:55:40,42.49,12700,42.5,D
sh603650,彤程新材,2025-09-26 09:55:42,42.44,10000,42.49,D
sh603650,彤程新材,2025-09-26 09:55:52,42.44,5100,42.44,U
sh603650,彤程新材,2025-09-26 09:55:57,42.42,9600,42.44,D
sh603650,彤程新材,2025-09-26 09:56:00,42.43,8500,42.42,U
sh603650,彤程新材,2025-09-26 09:56:04,42.57,72600,42.43,U
sh603650,彤程新材,2025-09-26 09:56:07,42.63,23000,42.57,U
sh603650,彤程新材,2025-09-26 09:56:09,42.58,22900,42.63,D
sh603650,彤程新材,2025-09-26 09:56:19,42.57,6000,42.56,U
sh603650,彤程新材,2025-09-26 09:56:43,42.75,10500,42.74,U
sh603650,彤程新材,2025-09-26 09:56:46,42.78,8000,42.75,U
sh603650,彤程新材,2025-09-26 09:56:54,42.8,8200,42.8,U
sh603650,彤程新材,2025-09-26 09:57:01,42.79,38100,42.82,D
sh603650,彤程新材,2025-09-26 09:57:03,42.86,22800,42.79,U
sh603650,彤程新材,2025-09-26 09:57:06,42.83,13900,42.86,D
sh603650,彤程新材,2025-09-26 09:57:12,42.82,5800,42.85,D
sh603650,彤程新材,2025-09-26 09:57:15,42.86,7100,42.82,U
sh603650,彤程新材,2025-09-26 09:57:18,42.88,10600,42.86,U
sh603650,彤程新材,2025-09-26 09:57:24,42.88,15200,42.86,U
sh603650,彤程新材,2025-09-26 09:57:28,42.86,20500,42.88,D
sh603650,彤程新材,2025-09-26 09:57:31,42.86,16700,42.86,U
sh603650,彤程新材,2025-09-26 09:57:37,42.89,7300,42.89,D
sh603650,彤程新材,2025-09-26 09:57:39,42.89,8500,42.89,U
sh603650,彤程新材,2025-09-26 09:57:42,42.9,7100,42.89,U
sh603650,彤程新材,2025-09-26 09:57:48,42.9,6700,42.9,D
sh603650,彤程新材,2025-09-26 09:57:52,42.89,13800,42.9,D
sh603650,彤程新材,2025-09-26 09:57:55,42.9,7400,42.89,U
sh603650,彤程新材,2025-09-26 09:57:58,42.87,15800,42.9,D
sh603650,彤程新材,2025-09-26 09:58:01,42.8,5700,42.87,D
sh603650,彤程新材,2025-09-26 09:58:04,42.7,36400,42.8,D
sh603650,彤程新材,2025-09-26 09:58:07,42.74,4800,42.7,U
sh603650,彤程新材,2025-09-26 09:58:10,42.66,6000,42.74,D
sh603650,彤程新材,2025-09-26 09:58:13,42.74,9000,42.66,U
sh603650,彤程新材,2025-09-26 09:58:15,42.7,9600,42.74,D
sh603650,彤程新材,2025-09-26 09:58:19,42.75,7900,42.7,U
sh603650,彤程新材,2025-09-26 09:58:22,42.81,9500,42.75,U
sh603650,彤程新材,2025-09-26 09:58:24,42.77,9700,42.81,D
sh603650,彤程新材,2025-09-26 09:58:28,42.77,6100,42.77,D
sh603650,彤程新材,2025-09-26 09:58:31,42.9,25000,42.77,U
sh603650,彤程新材,2025-09-26 09:58:37,42.93,8000,42.9,U
sh603650,彤程新材,2025-09-26 09:58:40,42.94,11300,42.93,U
sh603650,彤程新材,2025-09-26 09:58:49,42.96,5700,42.92,U
sh603650,彤程新材,2025-09-26 09:58:55,42.96,7600,42.95,U
sh603650,彤程新材,2025-09-26 09:59:00,42.97,5100,42.97,D
sh603650,彤程新材,2025-09-26 09:59:04,42.96,6800,42.97,D
sh603650,彤程新材,2025-09-26 09:59:07,42.95,14400,42.96,D
sh603650,彤程新材,2025-09-26 09:59:16,42.91,7700,42.92,E
sh603650,彤程新材,2025-09-26 09:59:19,42.84,7400,42.91,D
sh603650,彤程新材,2025-09-26 09:59:37,42.81,14700,42.8,U
sh603650,彤程新材,2025-09-26 09:59:42,42.81,12400,42.81,D
sh603650,彤程新材,2025-09-26 09:59:46,42.8,13500,42.81,D
sh603650,彤程新材,2025-09-26 09:59:48,42.9,36400,42.8,U
sh603650,彤程新材,2025-09-26 09:59:54,42.9,8800,42.9,E
sh603650,彤程新材,2025-09-26 10:00:01,42.82,5300,42.83,D
sh603650,彤程新材,2025-09-26 10:00:03,42.83,4900,42.82,E
sh603650,彤程新材,2025-09-26 10:00:15,42.78,13600,42.87,D
sh603650,彤程新材,2025-09-26 10:00:19,42.73,13200,42.78,D
sh603650,彤程新材,2025-09-26 10:00:22,42.72,12700,42.73,D
sh603650,彤程新材,2025-09-26 10:00:24,42.7,6300,42.72,E
sh603650,彤程新材,2025-09-26 10:00:28,42.72,13000,42.7,U
sh603650,彤程新材,2025-09-26 10:00:30,42.81,8700,42.72,U
sh603650,彤程新材,2025-09-26 10:00:36,42.88,20200,42.82,U
sh603650,彤程新材,2025-09-26 10:00:39,42.83,32500,42.88,D
sh603650,彤程新材,2025-09-26 10:00:43,42.82,12700,42.83,D
sh603650,彤程新材,2025-09-26 10:00:49,42.88,6400,42.81,U
sh603650,彤程新材,2025-09-26 10:00:52,42.83,9500,42.88,D
sh603650,彤程新材,2025-09-26 10:00:54,42.83,5300,42.83,D
sh603650,彤程新材,2025-09-26 10:01:03,42.83,11200,42.84,D
sh603650,彤程新材,2025-09-26 10:01:24,42.77,9300,42.77,U
sh603650,彤程新材,2025-09-26 10:01:27,42.84,34400,42.77,U
sh603650,彤程新材,2025-09-26 10:01:30,42.92,108700,42.84,U
sh603650,彤程新材,2025-09-26 10:01:33,42.92,10800,42.92,D
sh603650,彤程新材,2025-09-26 10:01:37,42.96,12000,42.92,U
sh603650,彤程新材,2025-09-26 10:01:40,42.97,7300,42.96,U
sh603650,彤程新材,2025-09-26 10:01:42,42.97,13900,42.97,U
sh603650,彤程新材,2025-09-26 10:01:46,43.02,84700,42.97,U
sh603650,彤程新材,2025-09-26 10:01:49,43.02,9400,43.02,D
sh603650,彤程新材,2025-09-26 10:01:52,43.07,5400,43.02,U
sh603650,彤程新材,2025-09-26 10:01:58,43.08,6700,43.07,U
sh603650,彤程新材,2025-09-26 10:02:03,43.06,56800,43.07,E
sh603650,彤程新材,2025-09-26 10:02:07,43.02,10400,43.06,D
sh603650,彤程新材,2025-09-26 10:02:10,43.0,12800,43.02,D
sh603650,彤程新材,2025-09-26 10:02:12,43.0,6700,43.0,U
sh603650,彤程新材,2025-09-26 10:02:16,42.99,17500,43.0,U
sh603650,彤程新材,2025-09-26 10:02:22,43.02,21200,43.0,U
sh603650,彤程新材,2025-09-26 10:02:24,43.07,23300,43.02,U
sh603650,彤程新材,2025-09-26 10:02:31,43.02,5700,43.02,D
sh603650,彤程新材,2025-09-26 10:02:33,43.02,8400,43.02,D
sh603650,彤程新材,2025-09-26 10:02:42,42.99,6900,43.0,D
sh603650,彤程新材,2025-09-26 10:03:12,42.8,6400,42.83,D
sh603650,彤程新材,2025-09-26 10:03:15,42.79,6600,42.8,D
sh603650,彤程新材,2025-09-26 10:03:19,42.78,11300,42.79,D
sh603650,彤程新材,2025-09-26 10:03:21,42.77,10200,42.78,D
sh603650,彤程新材,2025-09-26 10:03:31,42.77,4800,42.78,D
sh603650,彤程新材,2025-09-26 10:03:37,42.79,7000,42.79,U
sh603650,彤程新材,2025-09-26 10:03:46,42.79,13700,42.83,D
sh603650,彤程新材,2025-09-26 10:03:55,42.86,6200,42.88,D
sh603650,彤程新材,2025-09-26 10:04:13,42.79,8700,42.8,D
sh603650,彤程新材,2025-09-26 10:04:15,42.8,22400,42.79,U
sh603650,彤程新材,2025-09-26 10:04:19,42.84,5800,42.8,U
sh603650,彤程新材,2025-09-26 10:04:21,42.79,16100,42.84,D
sh603650,彤程新材,2025-09-26 10:04:28,42.85,40500,42.81,U
sh603650,彤程新材,2025-09-26 10:04:33,42.84,4700,42.83,D
sh603650,彤程新材,2025-09-26 10:04:46,42.8,25300,42.82,D
sh603650,彤程新材,2025-09-26 10:04:48,42.79,17800,42.8,D
sh603650,彤程新材,2025-09-26 10:05:04,42.7,7200,42.71,D
sh603650,彤程新材,2025-09-26 10:05:06,42.68,14800,42.7,D
sh603650,彤程新材,2025-09-26 10:05:10,42.68,7000,42.68,U
sh603650,彤程新材,2025-09-26 10:05:13,42.7,18900,42.68,U
sh603650,彤程新材,2025-09-26 10:05:15,42.7,7000,42.7,E
sh603650,彤程新材,2025-09-26 10:05:51,42.77,19200,42.75,U
sh603650,彤程新材,2025-09-26 10:05:57,42.72,17900,42.77,D
sh603650,彤程新材,2025-09-26 10:06:00,42.71,7100,42.72,D
sh603650,彤程新材,2025-09-26 10:06:04,42.72,5500,42.71,U
sh603650,彤程新材,2025-09-26 10:06:10,42.82,32300,42.73,U
sh603650,彤程新材,2025-09-26 10:06:13,42.92,40400,42.82,U
sh603650,彤程新材,2025-09-26 10:06:19,42.98,6600,42.94,U
sh603650,彤程新材,2025-09-26 10:06:21,43.06,57300,42.98,U
sh603650,彤程新材,2025-09-26 10:06:24,43.07,15700,43.06,U
sh603650,彤程新材,2025-09-26 10:06:31,43.07,5200,43.08,D
sh603650,彤程新材,2025-09-26 10:06:33,43.07,9400,43.07,D
sh603650,彤程新材,2025-09-26 10:06:37,43.08,8000,43.07,U
sh603650,彤程新材,2025-09-26 10:06:39,43.07,20200,43.08,D
sh603650,彤程新材,2025-09-26 10:06:42,43.05,8700,43.07,D
sh603650,彤程新材,2025-09-26 10:06:49,43.05,5500,43.05,U
sh603650,彤程新材,2025-09-26 10:06:55,43.05,11000,43.04,U
sh603650,彤程新材,2025-09-26 10:07:00,43.1,37400,43.04,U
sh603650,彤程新材,2025-09-26 10:07:04,43.17,35900,43.1,U
sh603650,彤程新材,2025-09-26 10:07:07,43.22,24100,43.17,U
sh603650,彤程新材,2025-09-26 10:07:13,43.2,7300,43.24,D
sh603650,彤程新材,2025-09-26 10:07:16,43.27,16200,43.2,U
sh603650,彤程新材,2025-09-26 10:07:18,43.3,11500,43.27,U
sh603650,彤程新材,2025-09-26 10:07:21,43.18,6000,43.3,D
sh603650,彤程新材,2025-09-26 10:07:24,43.2,39600,43.18,U
sh603650,彤程新材,2025-09-26 10:07:27,43.26,10500,43.2,U
sh603650,彤程新材,2025-09-26 10:07:31,43.25,42100,43.26,E
sh603650,彤程新材,2025-09-26 10:07:33,43.27,9600,43.25,U
sh603650,彤程新材,2025-09-26 10:07:37,43.27,6500,43.27,D
sh603650,彤程新材,2025-09-26 10:07:40,43.27,10500,43.27,D
sh603650,彤程新材,2025-09-26 10:07:42,43.21,56600,43.27,D
sh603650,彤程新材,2025-09-26 10:07:46,43.27,9000,43.21,U
sh603650,彤程新材,2025-09-26 10:07:55,43.29,26200,43.27,U
sh603650,彤程新材,2025-09-26 10:07:58,43.3,14700,43.29,U
sh603650,彤程新材,2025-09-26 10:08:00,43.27,9200,43.3,D
sh603650,彤程新材,2025-09-26 10:08:04,43.25,5200,43.27,D
sh603650,彤程新材,2025-09-26 10:08:06,43.21,22900,43.25,D
sh603650,彤程新材,2025-09-26 10:08:09,43.14,9300,43.21,D
sh603650,彤程新材,2025-09-26 10:08:12,43.2,14700,43.14,U
sh603650,彤程新材,2025-09-26 10:08:19,43.2,11400,43.11,U
sh603650,彤程新材,2025-09-26 10:08:22,43.11,11700,43.2,E
sh603650,彤程新材,2025-09-26 10:08:30,43.17,7300,43.17,U
sh603650,彤程新材,2025-09-26 10:08:40,43.15,8500,43.13,U
sh603650,彤程新材,2025-09-26 10:08:43,43.17,9200,43.15,U
sh603650,彤程新材,2025-09-26 10:08:46,43.15,15200,43.17,U
sh603650,彤程新材,2025-09-26 10:08:48,43.03,33500,43.15,D
sh603650,彤程新材,2025-09-26 10:08:51,43.15,17300,43.03,U
sh603650,彤程新材,2025-09-26 10:08:57,43.15,4700,43.1,U
sh603650,彤程新材,2025-09-26 10:09:01,43.16,12700,43.15,U
sh603650,彤程新材,2025-09-26 10:09:07,43.13,5100,43.13,D
sh603650,彤程新材,2025-09-26 10:09:09,43.15,7200,43.13,U
sh603650,彤程新材,2025-09-26 10:09:13,43.13,9500,43.15,D
sh603650,彤程新材,2025-09-26 10:09:15,43.2,65700,43.13,U
sh603650,彤程新材,2025-09-26 10:09:18,43.21,37900,43.2,U
sh603650,彤程新材,2025-09-26 10:09:30,43.24,6400,43.25,U
sh603650,彤程新材,2025-09-26 10:09:34,43.26,7300,43.24,U
sh603650,彤程新材,2025-09-26 10:09:40,43.26,4800,43.26,U
sh603650,彤程新材,2025-09-26 10:09:42,43.26,10700,43.26,U
sh603650,彤程新材,2025-09-26 10:09:48,43.26,17700,43.26,U
sh603650,彤程新材,2025-09-26 10:09:55,43.24,6900,43.23,U
sh603650,彤程新材,2025-09-26 10:10:00,43.24,7200,43.23,U
sh603650,彤程新材,2025-09-26 10:10:04,43.14,32300,43.24,D
sh603650,彤程新材,2025-09-26 10:10:06,43.13,5100,43.14,D
sh603650,彤程新材,2025-09-26 10:10:10,43.2,7500,43.13,U
sh603650,彤程新材,2025-09-26 10:10:16,43.08,5600,43.12,D
sh603650,彤程新材,2025-09-26 10:10:19,43.08,17500,43.08,D
sh603650,彤程新材,2025-09-26 10:10:28,43.0,8100,43.03,D
sh603650,彤程新材,2025-09-26 10:10:30,43.01,7600,43.0,U
sh603650,彤程新材,2025-09-26 10:10:36,43.0,4800,43.0,D
sh603650,彤程新材,2025-09-26 10:10:45,43.01,6200,43.0,U
sh603650,彤程新材,2025-09-26 10:10:55,43.0,8800,43.0,U
sh603650,彤程新材,2025-09-26 10:11:04,43.0,5700,43.0,D
sh603650,彤程新材,2025-09-26 10:11:10,43.0,7700,43.0,U
sh603650,彤程新材,2025-09-26 10:11:16,42.99,4700,43.0,D
sh603650,彤程新材,2025-09-26 10:11:36,42.94,7200,42.97,D
sh603650,彤程新材,2025-09-26 10:11:45,42.86,5500,42.92,D
sh603650,彤程新材,2025-09-26 10:12:13,42.88,4700,42.84,U
sh603650,彤程新材,2025-09-26 10:12:24,42.91,11400,42.89,U
sh603650,彤程新材,2025-09-26 10:12:40,42.93,6600,42.94,E
sh603650,彤程新材,2025-09-26 10:12:43,42.96,16200,42.93,E
sh603650,彤程新材,2025-09-26 10:12:49,42.91,22700,42.96,D
sh603650,彤程新材,2025-09-26 10:12:52,42.88,13400,42.91,D
sh603650,彤程新材,2025-09-26 10:12:54,42.89,11200,42.88,U
sh603650,彤程新材,2025-09-26 10:13:31,42.85,5300,42.86,D
sh603650,彤程新材,2025-09-26 10:13:34,42.84,6600,42.85,D
sh603650,彤程新材,2025-09-26 10:13:36,42.86,5400,42.84,U
sh603650,彤程新材,2025-09-26 10:13:39,42.82,8100,42.86,D
sh603650,彤程新材,2025-09-26 10:13:46,42.8,17900,42.81,D
sh603650,彤程新材,2025-09-26 10:14:06,42.75,7700,42.75,D
sh603650,彤程新材,2025-09-26 10:14:10,42.74,6200,42.75,D
sh603650,彤程新材,2025-09-26 10:14:22,42.74,6800,42.74,U
sh603650,彤程新材,2025-09-26 10:14:31,42.73,6000,42.74,D
sh603650,彤程新材,2025-09-26 10:14:33,42.73,13700,42.73,U
sh603650,彤程新材,2025-09-26 10:14:36,42.72,8100,42.73,D
sh603650,彤程新材,2025-09-26 10:14:49,42.75,17700,42.73,U
sh603650,彤程新材,2025-09-26 10:14:52,42.74,9800,42.75,D
sh603650,彤程新材,2025-09-26 10:14:55,42.74,10400,42.74,U
sh603650,彤程新材,2025-09-26 10:15:01,42.73,13900,42.73,D
sh603650,彤程新材,2025-09-26 10:15:03,42.75,7100,42.73,U
sh603650,彤程新材,2025-09-26 10:15:16,42.75,4700,42.8,D
sh603650,彤程新材,2025-09-26 10:15:30,42.76,6500,42.75,U
sh603650,彤程新材,2025-09-26 10:16:07,42.8,5800,42.81,D
sh603650,彤程新材,2025-09-26 10:16:12,42.79,6200,42.81,D
sh603650,彤程新材,2025-09-26 10:16:18,42.77,14400,42.77,D
sh603650,彤程新材,2025-09-26 10:16:52,42.75,7800,42.76,D
sh603650,彤程新材,2025-09-26 10:17:10,42.75,6400,42.75,U
sh603650,彤程新材,2025-09-26 10:17:18,42.73,9400,42.74,D
sh603650,彤程新材,2025-09-26 10:17:22,42.67,32300,42.73,D
sh603650,彤程新材,2025-09-26 10:17:31,42.62,9200,42.64,D
sh603650,彤程新材,2025-09-26 10:17:33,42.6,5200,42.62,D
sh603650,彤程新材,2025-09-26 10:17:46,42.53,8000,42.55,D
sh603650,彤程新材,2025-09-26 10:17:54,42.5,5900,42.51,D
sh603650,彤程新材,2025-09-26 10:17:58,42.5,12200,42.5,D
sh603650,彤程新材,2025-09-26 10:18:00,42.46,8500,42.5,D
sh603650,彤程新材,2025-09-26 10:18:10,42.45,8300,42.45,D
sh603650,彤程新材,2025-09-26 10:18:12,42.46,6800,42.45,U
sh603650,彤程新材,2025-09-26 10:18:15,42.46,11600,42.46,D
sh603650,彤程新材,2025-09-26 10:18:19,42.5,6300,42.46,U
sh603650,彤程新材,2025-09-26 10:18:22,42.47,12200,42.5,E
sh603650,彤程新材,2025-09-26 10:18:24,42.5,17600,42.47,U
sh603650,彤程新材,2025-09-26 10:18:27,42.46,20800,42.5,D
sh603650,彤程新材,2025-09-26 10:18:36,42.47,51100,42.46,E
sh603650,彤程新材,2025-09-26 10:18:45,42.48,11200,42.48,E
sh603650,彤程新材,2025-09-26 10:18:49,42.48,17600,42.48,U
sh603650,彤程新材,2025-09-26 10:19:01,42.48,6200,42.5,D
sh603650,彤程新材,2025-09-26 10:19:09,42.5,6400,42.5,U
sh603650,彤程新材,2025-09-26 10:19:19,42.51,6100,42.51,D
sh603650,彤程新材,2025-09-26 10:19:28,42.51,11100,42.54,D
sh603650,彤程新材,2025-09-26 10:19:30,42.52,7900,42.51,U
sh603650,彤程新材,2025-09-26 10:19:34,42.5,11400,42.52,D
sh603650,彤程新材,2025-09-26 10:19:39,42.45,13300,42.47,D
sh603650,彤程新材,2025-09-26 10:19:43,42.43,8900,42.45,D
sh603650,彤程新材,2025-09-26 10:19:45,42.42,13000,42.43,D
sh603650,彤程新材,2025-09-26 10:19:49,42.43,6600,42.42,U
sh603650,彤程新材,2025-09-26 10:19:58,42.41,30700,42.41,U
sh603650,彤程新材,2025-09-26 10:20:01,42.43,10900,42.41,U
sh603650,彤程新材,2025-09-26 10:20:03,42.48,10100,42.43,U
sh603650,彤程新材,2025-09-26 10:20:07,42.54,26600,42.48,U
sh603650,彤程新材,2025-09-26 10:20:10,42.55,12200,42.54,U
sh603650,彤程新材,2025-09-26 10:20:12,42.56,11700,42.55,U
sh603650,彤程新材,2025-09-26 10:20:21,42.49,4900,42.49,D
sh603650,彤程新材,2025-09-26 10:20:31,42.54,6800,42.5,U
sh603650,彤程新材,2025-09-26 10:20:34,42.5,7800,42.54,D
sh603650,彤程新材,2025-09-26 10:20:39,42.55,6400,42.54,U
sh603650,彤程新材,2025-09-26 10:20:48,42.57,10100,42.56,U
sh603650,彤程新材,2025-09-26 10:20:52,42.58,5700,42.57,U
sh603650,彤程新材,2025-09-26 10:20:55,42.58,5800,42.58,U
sh603650,彤程新材,2025-09-26 10:21:01,42.58,5700,42.58,U
sh603650,彤程新材,2025-09-26 10:21:04,42.58,15600,42.58,U
sh603650,彤程新材,2025-09-26 10:21:10,42.55,11100,42.58,D
sh603650,彤程新材,2025-09-26 10:21:19,42.55,5300,42.57,D
sh603650,彤程新材,2025-09-26 10:21:21,42.55,16200,42.55,U
sh603650,彤程新材,2025-09-26 10:21:24,42.54,8100,42.55,E
sh603650,彤程新材,2025-09-26 10:21:30,42.56,6000,42.49,U
sh603650,彤程新材,2025-09-26 10:21:46,42.52,7900,42.52,U
sh603650,彤程新材,2025-09-26 10:21:57,42.52,25200,42.51,E
sh603650,彤程新材,2025-09-26 10:22:19,42.54,25200,42.57,D
sh603650,彤程新材,2025-09-26 10:22:22,42.57,26500,42.54,U
sh603650,彤程新材,2025-09-26 10:22:24,42.6,23000,42.57,U
sh603650,彤程新材,2025-09-26 10:22:40,42.64,6900,42.64,U
sh603650,彤程新材,2025-09-26 10:22:45,42.64,5000,42.64,U
sh603650,彤程新材,2025-09-26 10:23:00,42.63,7300,42.65,D
sh603650,彤程新材,2025-09-26 10:23:07,42.61,5100,42.64,E
sh603650,彤程新材,2025-09-26 10:23:22,42.63,8200,42.65,D
sh603650,彤程新材,2025-09-26 10:23:31,42.61,8400,42.64,D
sh603650,彤程新材,2025-09-26 10:24:07,42.55,38100,42.57,D
sh603650,彤程新材,2025-09-26 10:24:16,42.65,11800,42.55,U
sh603650,彤程新材,2025-09-26 10:24:18,42.66,9400,42.65,U
sh603650,彤程新材,2025-09-26 10:24:42,42.65,8700,42.66,E
sh603650,彤程新材,2025-09-26 10:24:55,42.66,5300,42.65,U
sh603650,彤程新材,2025-09-26 10:25:03,42.65,5200,42.65,E
sh603650,彤程新材,2025-09-26 10:25:22,42.69,6800,42.68,U
sh603650,彤程新材,2025-09-26 10:26:01,42.67,6200,42.66,U
sh603650,彤程新材,2025-09-26 10:26:07,42.67,8600,42.66,U
sh603650,彤程新材,2025-09-26 10:27:31,42.73,6100,42.74,D
sh603650,彤程新材,2025-09-26 10:27:55,42.7,6000,42.75,D
sh603650,彤程新材,2025-09-26 10:28:12,42.7,7100,42.74,D
sh603650,彤程新材,2025-09-26 10:28:28,42.65,9300,42.69,D
sh603650,彤程新材,2025-09-26 10:28:31,42.64,6400,42.65,D
sh603650,彤程新材,2025-09-26 10:28:40,42.6,7000,42.63,D
sh603650,彤程新材,2025-09-26 10:28:48,42.6,5100,42.65,D
sh603650,彤程新材,2025-09-26 10:29:06,42.58,5500,42.6,D
sh603650,彤程新材,2025-09-26 10:29:37,42.56,8800,42.55,U
sh603650,彤程新材,2025-09-26 10:29:40,42.58,26800,42.56,U
sh603650,彤程新材,2025-09-26 10:29:57,42.57,7000,42.57,D
sh603650,彤程新材,2025-09-26 10:30:22,42.6,12100,42.59,U
sh603650,彤程新材,2025-09-26 10:30:25,42.64,5700,42.6,U
sh603650,彤程新材,2025-09-26 10:31:16,42.68,6100,42.69,D
sh603650,彤程新材,2025-09-26 10:31:34,42.71,5700,42.7,U
sh603650,彤程新材,2025-09-26 10:32:15,42.76,5900,42.75,U
sh603650,彤程新材,2025-09-26 10:32:52,42.79,7000,42.79,U
sh603650,彤程新材,2025-09-26 10:33:04,42.8,14000,42.8,U
sh603650,彤程新材,2025-09-26 10:33:07,42.83,14400,42.8,U
sh603650,彤程新材,2025-09-26 10:33:22,42.86,14400,42.85,D
sh603650,彤程新材,2025-09-26 10:33:31,42.77,27200,42.81,D
sh603650,彤程新材,2025-09-26 10:33:34,42.76,5000,42.77,D
sh603650,彤程新材,2025-09-26 10:33:46,42.75,5400,42.75,U
sh603650,彤程新材,2025-09-26 10:33:49,42.69,7800,42.75,D
sh603650,彤程新材,2025-09-26 10:34:09,42.72,4800,42.72,D
sh603650,彤程新材,2025-09-26 10:34:21,42.75,7600,42.79,D
sh603650,彤程新材,2025-09-26 10:35:04,42.85,9800,42.87,D
sh603650,彤程新材,2025-09-26 10:35:07,42.86,8000,42.85,U
sh603650,彤程新材,2025-09-26 10:35:16,42.75,22600,42.83,D
sh603650,彤程新材,2025-09-26 10:35:28,42.76,8400,42.79,D
sh603650,彤程新材,2025-09-26 10:35:58,42.79,10200,42.74,U
sh603650,彤程新材,2025-09-26 10:37:01,42.72,5700,42.75,D
sh603650,彤程新材,2025-09-26 10:37:07,42.71,4900,42.7,U
sh603650,彤程新材,2025-09-26 10:37:10,42.7,5400,42.71,D
sh603650,彤程新材,2025-09-26 10:37:12,42.7,5800,42.7,U
sh603650,彤程新材,2025-09-26 10:37:25,42.7,15100,42.69,U
sh603650,彤程新材,2025-09-26 10:37:37,42.7,6600,42.72,D
sh603650,彤程新材,2025-09-26 10:37:43,42.79,7300,42.78,U
sh603650,彤程新材,2025-09-26 10:38:34,42.76,5800,42.74,U
sh603650,彤程新材,2025-09-26 10:38:37,42.78,4800,42.76,U
sh603650,彤程新材,2025-09-26 10:38:46,42.8,5500,42.79,U
sh603650,彤程新材,2025-09-26 10:38:52,42.8,8000,42.8,U
sh603650,彤程新材,2025-09-26 10:38:55,42.81,10200,42.8,U
sh603650,彤程新材,2025-09-26 10:39:15,42.84,7900,42.84,D
sh603650,彤程新材,2025-09-26 10:39:25,42.84,6700,42.84,U
sh603650,彤程新材,2025-09-26 10:40:19,42.78,4800,42.79,D
sh603650,彤程新材,2025-09-26 10:40:31,42.76,6900,42.78,D
sh603650,彤程新材,2025-09-26 10:40:34,42.77,13600,42.76,U
sh603650,彤程新材,2025-09-26 10:40:43,42.73,6800,42.74,D
sh603650,彤程新材,2025-09-26 10:41:16,42.69,7000,42.68,U
sh603650,彤程新材,2025-09-26 10:41:22,42.69,27500,42.69,D
sh603650,彤程新材,2025-09-26 10:41:28,42.78,9400,42.75,U
sh603650,彤程新材,2025-09-26 10:41:31,42.82,8800,42.78,U
sh603650,彤程新材,2025-09-26 10:41:37,42.89,31300,42.84,U
sh603650,彤程新材,2025-09-26 10:41:40,42.93,19300,42.89,U
sh603650,彤程新材,2025-09-26 10:41:46,42.94,69900,42.95,D
sh603650,彤程新材,2025-09-26 10:41:48,42.94,5300,42.94,U
sh603650,彤程新材,2025-09-26 10:41:52,42.95,5400,42.94,U
sh603650,彤程新材,2025-09-26 10:41:55,43.0,12400,42.95,U
sh603650,彤程新材,2025-09-26 10:41:58,43.0,27800,43.0,U
sh603650,彤程新材,2025-09-26 10:42:01,42.94,23800,43.0,D
sh603650,彤程新材,2025-09-26 10:42:09,42.91,6000,42.95,D
sh603650,彤程新材,2025-09-26 10:42:13,42.91,7700,42.91,U
sh603650,彤程新材,2025-09-26 10:42:40,42.95,7100,42.95,U
sh603650,彤程新材,2025-09-26 10:42:42,42.98,5300,42.95,U
sh603650,彤程新材,2025-09-26 10:42:45,42.95,6800,42.98,D
sh603650,彤程新材,2025-09-26 10:42:58,42.98,6500,42.95,U
sh603650,彤程新材,2025-09-26 10:43:04,42.98,14700,42.93,U
sh603650,彤程新材,2025-09-26 10:43:10,42.9,7600,42.93,D
sh603650,彤程新材,2025-09-26 10:43:16,42.97,4700,42.95,U
sh603650,彤程新材,2025-09-26 10:43:19,42.97,5100,42.97,U
sh603650,彤程新材,2025-09-26 10:44:09,43.01,79500,42.94,U
sh603650,彤程新材,2025-09-26 10:44:31,43.11,9500,43.11,U
sh603650,彤程新材,2025-09-26 10:44:46,43.15,16600,43.17,D
sh603650,彤程新材,2025-09-26 10:44:48,43.16,14600,43.15,U
sh603650,彤程新材,2025-09-26 10:44:52,43.11,5900,43.16,U
sh603650,彤程新材,2025-09-26 10:44:55,43.11,21400,43.11,U
sh603650,彤程新材,2025-09-26 10:45:15,43.15,16700,43.13,U
sh603650,彤程新材,2025-09-26 10:45:31,43.17,17700,43.18,E
sh603650,彤程新材,2025-09-26 10:45:34,43.18,11700,43.17,U
sh603650,彤程新材,2025-09-26 10:45:42,43.17,16500,43.17,D
sh603650,彤程新材,2025-09-26 10:45:45,43.17,4900,43.17,D
sh603650,彤程新材,2025-09-26 10:45:49,43.18,19400,43.17,U
sh603650,彤程新材,2025-09-26 10:45:55,43.17,11800,43.18,D
sh603650,彤程新材,2025-09-26 10:46:01,43.18,5000,43.17,U
sh603650,彤程新材,2025-09-26 10:46:04,43.17,20900,43.18,D
sh603650,彤程新材,2025-09-26 10:46:07,43.17,6800,43.17,U
sh603650,彤程新材,2025-09-26 10:46:10,43.17,10700,43.17,U
sh603650,彤程新材,2025-09-26 10:46:13,43.14,57100,43.17,D
sh603650,彤程新材,2025-09-26 10:46:16,43.13,10900,43.14,D
sh603650,彤程新材,2025-09-26 10:46:58,43.1,9000,43.11,D
sh603650,彤程新材,2025-09-26 10:47:19,43.07,4800,43.07,U
sh603650,彤程新材,2025-09-26 10:47:28,43.05,4800,43.06,D
sh603650,彤程新材,2025-09-26 10:47:31,43.06,12600,43.05,U
sh603650,彤程新材,2025-09-26 10:47:34,43.05,7700,43.06,D
sh603650,彤程新材,2025-09-26 10:47:46,43.0,6500,43.0,D
sh603650,彤程新材,2025-09-26 10:47:48,43.02,11300,43.0,U
sh603650,彤程新材,2025-09-26 10:47:52,43.0,4800,43.02,U
sh603650,彤程新材,2025-09-26 10:48:01,43.0,4800,42.98,E
sh603650,彤程新材,2025-09-26 10:48:04,43.04,6900,43.0,U
sh603650,彤程新材,2025-09-26 10:48:07,43.06,15300,43.04,U
sh603650,彤程新材,2025-09-26 10:49:18,43.06,4700,43.07,D
sh603650,彤程新材,2025-09-26 10:49:27,43.1,7900,43.05,U
sh603650,彤程新材,2025-09-26 10:49:36,43.09,6400,43.07,U
sh603650,彤程新材,2025-09-26 10:49:43,43.06,7200,43.07,D
sh603650,彤程新材,2025-09-26 10:49:49,43.08,5000,43.06,U
sh603650,彤程新材,2025-09-26 10:52:22,42.99,8600,43.0,D
sh603650,彤程新材,2025-09-26 10:52:25,42.99,8300,42.99,E
sh603650,彤程新材,2025-09-26 10:52:46,43.01,13900,43.0,U
sh603650,彤程新材,2025-09-26 10:52:48,43.04,7900,43.01,U
sh603650,彤程新材,2025-09-26 10:53:16,43.0,5300,42.98,U
sh603650,彤程新材,2025-09-26 10:53:39,42.9,6800,42.91,D
sh603650,彤程新材,2025-09-26 10:53:49,42.88,9900,42.89,D
sh603650,彤程新材,2025-09-26 10:53:51,42.91,8100,42.88,U
sh603650,彤程新材,2025-09-26 10:53:58,42.91,7700,42.89,U
sh603650,彤程新材,2025-09-26 10:54:16,42.87,30300,42.91,D
sh603650,彤程新材,2025-09-26 10:54:22,42.91,8400,42.86,U
sh603650,彤程新材,2025-09-26 10:54:28,42.93,9100,42.93,U
sh603650,彤程新材,2025-09-26 10:54:30,42.93,13100,42.93,U
sh603650,彤程新材,2025-09-26 10:54:37,42.93,7800,42.92,U
sh603650,彤程新材,2025-09-26 10:55:03,42.94,17800,42.93,U
sh603650,彤程新材,2025-09-26 10:55:06,42.97,5600,42.94,E
sh603650,彤程新材,2025-09-26 10:55:15,42.97,6800,42.99,D
sh603650,彤程新材,2025-09-26 10:55:19,42.97,5400,42.97,D
sh603650,彤程新材,2025-09-26 10:56:10,42.86,25200,42.94,D
sh603650,彤程新材,2025-09-26 10:56:13,42.85,11400,42.86,D
sh603650,彤程新材,2025-09-26 10:56:16,42.88,10600,42.85,U
sh603650,彤程新材,2025-09-26 10:56:31,42.84,4900,42.88,D
sh603650,彤程新材,2025-09-26 10:56:36,42.86,14500,42.86,D
sh603650,彤程新材,2025-09-26 10:56:49,42.9,6300,42.99,D
sh603650,彤程新材,2025-09-26 10:56:52,42.99,5200,42.9,U
sh603650,彤程新材,2025-09-26 10:58:04,42.97,4900,42.93,U
sh603650,彤程新材,2025-09-26 10:58:07,42.96,5300,42.97,E
sh603650,彤程新材,2025-09-26 10:58:10,42.98,17700,42.96,U
sh603650,彤程新材,2025-09-26 10:58:12,43.0,77500,42.98,U
sh603650,彤程新材,2025-09-26 10:58:15,43.01,7100,43.0,U
sh603650,彤程新材,2025-09-26 10:58:25,43.0,4900,43.01,D
sh603650,彤程新材,2025-09-26 10:58:34,43.0,5700,43.0,D
sh603650,彤程新材,2025-09-26 10:59:21,43.13,51700,43.09,U
sh603650,彤程新材,2025-09-26 10:59:24,43.16,8400,43.13,U
sh603650,彤程新材,2025-09-26 10:59:43,43.11,4700,43.15,D
sh603650,彤程新材,2025-09-26 10:59:45,43.18,11500,43.11,U
sh603650,彤程新材,2025-09-26 10:59:58,43.17,10100,43.18,D
sh603650,彤程新材,2025-09-26 11:00:10,43.18,14800,43.18,D
sh603650,彤程新材,2025-09-26 11:00:37,43.12,7600,43.15,D
sh603650,彤程新材,2025-09-26 11:01:10,43.17,9900,43.16,U
sh603650,彤程新材,2025-09-26 11:01:52,43.15,6200,43.14,U
sh603650,彤程新材,2025-09-26 11:02:21,43.17,5200,43.16,U
sh603650,彤程新材,2025-09-26 11:02:42,43.16,5600,43.16,D
sh603650,彤程新材,2025-09-26 11:03:00,43.16,8900,43.16,D
sh603650,彤程新材,2025-09-26 11:03:10,43.1,22700,43.16,D
sh603650,彤程新材,2025-09-26 11:03:36,42.99,8400,43.02,D
sh603650,彤程新材,2025-09-26 11:03:54,43.0,5200,43.0,D
sh603650,彤程新材,2025-09-26 11:04:00,43.05,51300,43.0,U
sh603650,彤程新材,2025-09-26 11:05:12,43.14,21100,43.1,U
sh603650,彤程新材,2025-09-26 11:06:03,43.06,5600,43.08,D
sh603650,彤程新材,2025-09-26 11:06:10,42.96,10900,43.06,D
sh603650,彤程新材,2025-09-26 11:06:15,43.0,8000,42.95,U
sh603650,彤程新材,2025-09-26 11:06:42,43.01,6400,43.01,U
sh603650,彤程新材,2025-09-26 11:06:58,43.0,10500,43.01,D
sh603650,彤程新材,2025-09-26 11:07:25,43.01,6500,43.02,D
sh603650,彤程新材,2025-09-26 11:07:28,43.01,11200,43.01,U
sh603650,彤程新材,2025-09-26 11:07:39,43.0,5600,43.0,D
sh603650,彤程新材,2025-09-26 11:08:12,43.01,5500,43.02,E
sh603650,彤程新材,2025-09-26 11:08:42,43.06,16000,43.0,U
sh603650,彤程新材,2025-09-26 11:09:00,43.0,5900,43.01,D
sh603650,彤程新材,2025-09-26 11:09:42,43.01,5200,43.01,D
sh603650,彤程新材,2025-09-26 11:10:03,42.95,9100,42.97,D
sh603650,彤程新材,2025-09-26 11:11:24,42.93,6800,42.92,U
sh603650,彤程新材,2025-09-26 11:12:46,42.95,5500,42.95,U
sh603650,彤程新材,2025-09-26 11:13:01,42.9,9000,42.92,D
sh603650,彤程新材,2025-09-26 11:13:03,42.87,5100,42.9,D
sh603650,彤程新材,2025-09-26 11:13:22,42.9,5300,42.91,D
sh603650,彤程新材,2025-09-26 11:13:30,42.89,5100,42.9,D
sh603650,彤程新材,2025-09-26 11:14:07,42.88,9900,42.93,D
sh603650,彤程新材,2025-09-26 11:14:10,42.95,5300,42.88,U
sh603650,彤程新材,2025-09-26 11:14:13,42.95,5200,42.95,U
sh603650,彤程新材,2025-09-26 11:15:27,42.94,6600,42.9,U
sh603650,彤程新材,2025-09-26 11:15:30,42.97,5000,42.94,U
sh603650,彤程新材,2025-09-26 11:15:37,42.95,5100,42.95,D
sh603650,彤程新材,2025-09-26 11:15:51,42.92,7200,42.92,D
sh603650,彤程新材,2025-09-26 11:15:55,42.97,7300,42.92,E
sh603650,彤程新材,2025-09-26 11:16:40,43.0,5000,43.0,U
sh603650,彤程新材,2025-09-26 11:16:45,42.99,6800,43.0,E
sh603650,彤程新材,2025-09-26 11:16:58,42.99,5400,43.0,U
sh603650,彤程新材,2025-09-26 11:17:19,42.96,9600,42.93,U
sh603650,彤程新材,2025-09-26 11:17:25,42.91,7200,42.93,D
sh603650,彤程新材,2025-09-26 11:17:37,42.85,46600,42.88,D
sh603650,彤程新材,2025-09-26 11:17:40,42.82,5900,42.85,D
sh603650,彤程新材,2025-09-26 11:17:46,42.81,9000,42.82,D
sh603650,彤程新材,2025-09-26 11:17:51,42.8,32800,42.8,D
sh603650,彤程新材,2025-09-26 11:18:12,42.82,6400,42.77,U
sh603650,彤程新材,2025-09-26 11:18:15,42.84,9500,42.82,U
sh603650,彤程新材,2025-09-26 11:18:19,42.85,17500,42.84,U
sh603650,彤程新材,2025-09-26 11:18:25,42.78,6700,42.85,D
sh603650,彤程新材,2025-09-26 11:18:27,42.84,6700,42.78,E
sh603650,彤程新材,2025-09-26 11:18:31,42.78,14900,42.84,D
sh603650,彤程新材,2025-09-26 11:18:33,42.84,8800,42.78,U
sh603650,彤程新材,2025-09-26 11:18:40,42.77,15500,42.77,D
sh603650,彤程新材,2025-09-26 11:18:43,42.78,5100,42.77,E
sh603650,彤程新材,2025-09-26 11:18:45,42.77,11600,42.78,D
sh603650,彤程新材,2025-09-26 11:18:52,42.75,7600,42.77,D
sh603650,彤程新材,2025-09-26 11:18:54,42.75,6300,42.75,U
sh603650,彤程新材,2025-09-26 11:19:01,42.7,9700,42.76,D
sh603650,彤程新材,2025-09-26 11:19:13,42.67,7600,42.7,D
sh603650,彤程新材,2025-09-26 11:19:15,42.72,14100,42.67,U
sh603650,彤程新材,2025-09-26 11:19:18,42.7,8700,42.72,D
sh603650,彤程新材,2025-09-26 11:19:21,42.75,7200,42.7,U
sh603650,彤程新材,2025-09-26 11:19:48,42.75,5600,42.75,U
sh603650,彤程新材,2025-09-26 11:19:54,42.72,6600,42.75,E
sh603650,彤程新材,2025-09-26 11:20:00,42.67,7700,42.69,D
sh603650,彤程新材,2025-09-26 11:20:31,42.65,5500,42.65,D
sh603650,彤程新材,2025-09-26 11:20:33,42.66,14900,42.65,U
sh603650,彤程新材,2025-09-26 11:20:48,42.67,8400,42.66,U
sh603650,彤程新材,2025-09-26 11:20:54,42.67,6400,42.65,U
sh603650,彤程新材,2025-09-26 11:21:07,42.69,5200,42.67,U
sh603650,彤程新材,2025-09-26 11:21:16,42.67,6700,42.69,D
sh603650,彤程新材,2025-09-26 11:21:33,42.65,12098,42.68,D
sh603650,彤程新材,2025-09-26 11:21:36,42.66,9202,42.65,U
sh603650,彤程新材,2025-09-26 11:22:01,42.7,10600,42.68,U
sh603650,彤程新材,2025-09-26 11:22:52,42.73,8200,42.71,U
sh603650,彤程新材,2025-09-26 11:23:06,42.69,15100,42.7,E
sh603650,彤程新材,2025-09-26 11:23:45,42.67,5600,42.66,U
sh603650,彤程新材,2025-09-26 11:23:48,42.67,5900,42.67,U
sh603650,彤程新材,2025-09-26 11:23:51,42.62,16600,42.67,D
sh603650,彤程新材,2025-09-26 11:24:01,42.68,6900,42.65,U
sh603650,彤程新材,2025-09-26 11:24:03,42.66,14300,42.68,D
sh603650,彤程新材,2025-09-26 11:24:45,42.75,9100,42.68,U
sh603650,彤程新材,2025-09-26 11:25:27,42.8,4900,42.76,U
sh603650,彤程新材,2025-09-26 11:27:13,42.8,5000,42.8,U
sh603650,彤程新材,2025-09-26 11:27:27,42.8,5900,42.77,U
sh603650,彤程新材,2025-09-26 11:27:42,42.76,9000,42.75,U
sh603650,彤程新材,2025-09-26 11:27:49,42.75,7600,42.76,D
sh603650,彤程新材,2025-09-26 11:28:39,42.67,9700,42.71,D
sh603650,彤程新材,2025-09-26 11:28:48,42.71,10000,42.67,U
sh603650,彤程新材,2025-09-26 13:00:00,42.75,9900,42.72,U
sh603650,彤程新材,2025-09-26 13:00:03,42.73,8100,42.75,D
sh603650,彤程新材,2025-09-26 13:00:06,42.72,24100,42.73,D
sh603650,彤程新材,2025-09-26 13:00:10,42.72,24400,42.72,D
sh603650,彤程新材,2025-09-26 13:00:12,42.69,13600,42.72,D
sh603650,彤程新材,2025-09-26 13:00:15,42.67,14300,42.69,D
sh603650,彤程新材,2025-09-26 13:00:18,42.65,18070,42.67,D
sh603650,彤程新材,2025-09-26 13:00:30,42.61,4700,42.61,D
sh603650,彤程新材,2025-09-26 13:00:42,42.6,14000,42.6,D
sh603650,彤程新材,2025-09-26 13:00:45,42.6,7600,42.6,D
sh603650,彤程新材,2025-09-26 13:01:09,42.55,14900,42.59,D
sh603650,彤程新材,2025-09-26 13:01:25,42.53,18400,42.58,D
sh603650,彤程新材,2025-09-26 13:01:28,42.53,5900,42.53,U
sh603650,彤程新材,2025-09-26 13:01:33,42.51,15300,42.52,D
sh603650,彤程新材,2025-09-26 13:01:42,42.51,13200,42.51,D
sh603650,彤程新材,2025-09-26 13:01:48,42.5,15400,42.51,D
sh603650,彤程新材,2025-09-26 13:01:51,42.5,5800,42.5,D
sh603650,彤程新材,2025-09-26 13:01:55,42.5,7700,42.5,D
sh603650,彤程新材,2025-09-26 13:01:58,42.5,18200,42.5,D
sh603650,彤程新材,2025-09-26 13:02:01,42.46,14200,42.5,D
sh603650,彤程新材,2025-09-26 13:02:18,42.45,9200,42.45,U
sh603650,彤程新材,2025-09-26 13:02:25,42.41,10200,42.44,D
sh603650,彤程新材,2025-09-26 13:02:36,42.4,6200,42.42,D
sh603650,彤程新材,2025-09-26 13:02:46,42.45,6400,42.41,U
sh603650,彤程新材,2025-09-26 13:03:00,42.47,5200,42.45,U
sh603650,彤程新材,2025-09-26 13:03:09,42.49,7300,42.47,U
sh603650,彤程新材,2025-09-26 13:03:12,42.58,25100,42.49,U
sh603650,彤程新材,2025-09-26 13:03:15,42.52,5300,42.58,D
sh603650,彤程新材,2025-09-26 13:03:45,42.62,6700,42.64,D
sh603650,彤程新材,2025-09-26 13:03:55,42.57,15000,42.6,D
sh603650,彤程新材,2025-09-26 13:03:58,42.56,6200,42.57,D
sh603650,彤程新材,2025-09-26 13:04:28,42.55,7200,42.5,U
sh603650,彤程新材,2025-09-26 13:04:37,42.46,9500,42.51,D
sh603650,彤程新材,2025-09-26 13:04:45,42.45,8500,42.45,D
sh603650,彤程新材,2025-09-26 13:04:48,42.45,23000,42.45,U
sh603650,彤程新材,2025-09-26 13:04:55,42.4,7200,42.45,D
sh603650,彤程新材,2025-09-26 13:05:12,42.45,14200,42.45,U
sh603650,彤程新材,2025-09-26 13:05:19,42.45,5200,42.4,D
sh603650,彤程新材,2025-09-26 13:05:43,42.44,22900,42.41,U
sh603650,彤程新材,2025-09-26 13:05:46,42.47,14100,42.44,U
sh603650,彤程新材,2025-09-26 13:06:00,42.5,5200,42.46,U
sh603650,彤程新材,2025-09-26 13:06:24,42.46,6800,42.46,E
sh603650,彤程新材,2025-09-26 13:06:28,42.5,14900,42.46,U
sh603650,彤程新材,2025-09-26 13:07:27,42.47,7000,42.51,D
sh603650,彤程新材,2025-09-26 13:07:30,42.46,9400,42.47,D
sh603650,彤程新材,2025-09-26 13:07:33,42.42,5200,42.46,D
sh603650,彤程新材,2025-09-26 13:07:40,42.43,16700,42.42,D
sh603650,彤程新材,2025-09-26 13:07:45,42.43,6900,42.41,E
sh603650,彤程新材,2025-09-26 13:07:51,42.44,5500,42.45,D
sh603650,彤程新材,2025-09-26 13:08:03,42.45,20800,42.43,U
sh603650,彤程新材,2025-09-26 13:08:06,42.46,5000,42.45,U
sh603650,彤程新材,2025-09-26 13:08:12,42.48,23200,42.49,E
sh603650,彤程新材,2025-09-26 13:08:36,42.5,5200,42.5,U
sh603650,彤程新材,2025-09-26 13:08:45,42.5,7800,42.5,D
sh603650,彤程新材,2025-09-26 13:09:00,42.49,11300,42.5,U
sh603650,彤程新材,2025-09-26 13:09:46,42.47,12700,42.47,D
sh603650,彤程新材,2025-09-26 13:10:01,42.47,10000,42.45,U
sh603650,彤程新材,2025-09-26 13:10:13,42.47,5500,42.47,D
sh603650,彤程新材,2025-09-26 13:10:15,42.54,26600,42.47,U
sh603650,彤程新材,2025-09-26 13:10:19,42.54,7700,42.54,D
sh603650,彤程新材,2025-09-26 13:10:28,42.55,5700,42.52,U
sh603650,彤程新材,2025-09-26 13:10:37,42.52,5600,42.55,D
sh603650,彤程新材,2025-09-26 13:10:57,42.51,5400,42.55,D
sh603650,彤程新材,2025-09-26 13:11:36,42.54,15300,42.53,U
sh603650,彤程新材,2025-09-26 13:11:45,42.56,4700,42.55,U
sh603650,彤程新材,2025-09-26 13:12:45,42.66,9300,42.66,D
sh603650,彤程新材,2025-09-26 13:13:10,42.64,5600,42.66,D
sh603650,彤程新材,2025-09-26 13:13:13,42.62,7800,42.64,D
sh603650,彤程新材,2025-09-26 13:13:15,42.6,5800,42.62,D
sh603650,彤程新材,2025-09-26 13:13:43,42.58,4700,42.59,D
sh603650,彤程新材,2025-09-26 13:14:27,42.53,5200,42.52,U
sh603650,彤程新材,2025-09-26 13:15:01,42.57,12600,42.57,D
sh603650,彤程新材,2025-09-26 13:15:09,42.59,20800,42.57,E
sh603650,彤程新材,2025-09-26 13:15:16,42.61,5000,42.61,U
sh603650,彤程新材,2025-09-26 13:15:30,42.65,24000,42.67,D
sh603650,彤程新材,2025-09-26 13:15:34,42.67,6800,42.65,U
sh603650,彤程新材,2025-09-26 13:15:52,42.68,5000,42.67,U
sh603650,彤程新材,2025-09-26 13:16:24,42.7,7600,42.71,D
sh603650,彤程新材,2025-09-26 13:17:09,42.68,6900,42.67,U
sh603650,彤程新材,2025-09-26 13:17:55,42.61,10400,42.6,U
sh603650,彤程新材,2025-09-26 13:18:01,42.63,10300,42.64,E
sh603650,彤程新材,2025-09-26 13:18:09,42.64,11500,42.65,D
sh603650,彤程新材,2025-09-26 13:18:58,42.66,4800,42.65,U
sh603650,彤程新材,2025-09-26 13:19:28,42.61,10100,42.62,D
sh603650,彤程新材,2025-09-26 13:19:39,42.59,13700,42.6,D
sh603650,彤程新材,2025-09-26 13:20:57,42.6,26500,42.56,U
sh603650,彤程新材,2025-09-26 13:21:28,42.65,13400,42.64,U
sh603650,彤程新材,2025-09-26 13:21:52,42.66,8600,42.65,U
sh603650,彤程新材,2025-09-26 13:22:01,42.67,5900,42.67,U
sh603650,彤程新材,2025-09-26 13:22:04,42.67,14700,42.67,U
sh603650,彤程新材,2025-09-26 13:22:12,42.63,6800,42.66,D
sh603650,彤程新材,2025-09-26 13:22:45,42.62,4800,42.62,U
sh603650,彤程新材,2025-09-26 13:23:06,42.6,7500,42.61,D
sh603650,彤程新材,2025-09-26 13:23:36,42.57,5100,42.57,D
sh603650,彤程新材,2025-09-26 13:24:07,42.55,7800,42.55,U
sh603650,彤程新材,2025-09-26 13:24:39,42.51,21600,42.52,D
sh603650,彤程新材,2025-09-26 13:24:42,42.5,19500,42.51,D
sh603650,彤程新材,2025-09-26 13:24:45,42.5,16000,42.5,U
sh603650,彤程新材,2025-09-26 13:25:00,42.49,4900,42.49,U
sh603650,彤程新材,2025-09-26 13:25:07,42.51,30200,42.5,U
sh603650,彤程新材,2025-09-26 13:25:10,42.5,6100,42.51,E
sh603650,彤程新材,2025-09-26 13:25:28,42.55,7900,42.53,U
sh603650,彤程新材,2025-09-26 13:26:25,42.5,4800,42.51,D
sh603650,彤程新材,2025-09-26 13:27:07,42.5,5400,42.49,U
sh603650,彤程新材,2025-09-26 13:28:15,42.53,14200,42.5,U
sh603650,彤程新材,2025-09-26 13:28:21,42.55,8414,42.54,U
sh603650,彤程新材,2025-09-26 13:29:09,42.5,5300,42.52,D
sh603650,彤程新材,2025-09-26 13:29:12,42.53,5800,42.5,U
sh603650,彤程新材,2025-09-26 13:29:22,42.5,5600,42.52,D
sh603650,彤程新材,2025-09-26 13:29:27,42.47,9500,42.51,D
sh603650,彤程新材,2025-09-26 13:29:40,42.5,8500,42.52,D
sh603650,彤程新材,2025-09-26 13:29:49,42.5,5000,42.5,D
sh603650,彤程新材,2025-09-26 13:30:37,42.47,7500,42.47,U
sh603650,彤程新材,2025-09-26 13:31:04,42.46,11100,42.47,D
sh603650,彤程新材,2025-09-26 13:31:28,42.45,5300,42.46,D
sh603650,彤程新材,2025-09-26 13:31:33,42.41,17200,42.45,D
sh603650,彤程新材,2025-09-26 13:31:36,42.4,6800,42.41,D
sh603650,彤程新材,2025-09-26 13:31:43,42.4,6600,42.41,D
sh603650,彤程新材,2025-09-26 13:31:49,42.42,20000,42.4,U
sh603650,彤程新材,2025-09-26 13:31:51,42.48,13100,42.42,U
sh603650,彤程新材,2025-09-26 13:32:22,42.4,6000,42.44,D
sh603650,彤程新材,2025-09-26 13:32:28,42.41,4800,42.43,E
sh603650,彤程新材,2025-09-26 13:32:34,42.39,7700,42.4,D
sh603650,彤程新材,2025-09-26 13:32:46,42.4,5200,42.39,U
sh603650,彤程新材,2025-09-26 13:33:00,42.38,7200,42.38,D
sh603650,彤程新材,2025-09-26 13:33:04,42.4,14200,42.38,U
sh603650,彤程新材,2025-09-26 13:33:13,42.43,16200,42.42,U
sh603650,彤程新材,2025-09-26 13:33:15,42.45,15978,42.43,U
sh603650,彤程新材,2025-09-26 13:33:18,42.43,69300,42.45,D
sh603650,彤程新材,2025-09-26 13:34:01,42.44,11800,42.43,U
sh603650,彤程新材,2025-09-26 13:34:03,42.42,19900,42.44,D
sh603650,彤程新材,2025-09-26 13:34:10,42.45,11300,42.41,U
sh603650,彤程新材,2025-09-26 13:34:22,42.45,4900,42.45,D
sh603650,彤程新材,2025-09-26 13:34:36,42.48,9300,42.47,U
sh603650,彤程新材,2025-09-26 13:35:00,42.47,6500,42.47,U
sh603650,彤程新材,2025-09-26 13:35:10,42.45,8200,42.45,D
sh603650,彤程新材,2025-09-26 13:35:39,42.41,4900,42.41,D
sh603650,彤程新材,2025-09-26 13:36:12,42.37,25800,42.38,D
sh603650,彤程新材,2025-09-26 13:36:25,42.35,11600,42.35,D
sh603650,彤程新材,2025-09-26 13:36:28,42.35,5700,42.35,U
sh603650,彤程新材,2025-09-26 13:36:45,42.31,11700,42.31,D
sh603650,彤程新材,2025-09-26 13:36:58,42.29,20600,42.3,D
sh603650,彤程新材,2025-09-26 13:37:00,42.3,31200,42.29,U
sh603650,彤程新材,2025-09-26 13:37:03,42.31,64607,42.3,U
sh603650,彤程新材,2025-09-26 13:37:06,42.32,11100,42.31,E
sh603650,彤程新材,2025-09-26 13:37:09,42.32,8500,42.32,D
sh603650,彤程新材,2025-09-26 13:37:15,42.33,4900,42.36,D
sh603650,彤程新材,2025-09-26 13:37:33,42.36,13700,42.37,D
sh603650,彤程新材,2025-09-26 13:37:39,42.41,9990,42.38,U
sh603650,彤程新材,2025-09-26 13:37:42,42.41,6800,42.41,U
sh603650,彤程新材,2025-09-26 13:38:03,42.46,65000,42.38,U
sh603650,彤程新材,2025-09-26 13:38:45,42.4,11700,42.45,D
sh603650,彤程新材,2025-09-26 13:38:48,42.4,7400,42.4,U
sh603650,彤程新材,2025-09-26 13:39:06,42.3,9600,42.35,D
sh603650,彤程新材,2025-09-26 13:39:33,42.31,5100,42.32,E
sh603650,彤程新材,2025-09-26 13:39:39,42.31,7400,42.31,D
sh603650,彤程新材,2025-09-26 13:39:45,42.31,4800,42.31,D
sh603650,彤程新材,2025-09-26 13:40:04,42.31,5700,42.31,D
sh603650,彤程新材,2025-09-26 13:40:06,42.32,7600,42.31,U
sh603650,彤程新材,2025-09-26 13:40:24,42.35,8500,42.36,E
sh603650,彤程新材,2025-09-26 13:40:33,42.32,9500,42.32,D
sh603650,彤程新材,2025-09-26 13:40:49,42.32,7800,42.33,D
sh603650,彤程新材,2025-09-26 13:40:57,42.32,9100,42.35,D
sh603650,彤程新材,2025-09-26 13:41:00,42.32,6600,42.32,D
sh603650,彤程新材,2025-09-26 13:41:12,42.31,12200,42.31,D
sh603650,彤程新材,2025-09-26 13:41:27,42.32,38500,42.31,U
sh603650,彤程新材,2025-09-26 13:41:52,42.35,6300,42.35,U
sh603650,彤程新材,2025-09-26 13:42:19,42.38,14400,42.34,U
sh603650,彤程新材,2025-09-26 13:42:39,42.38,5800,42.38,U
sh603650,彤程新材,2025-09-26 13:42:49,42.4,14900,42.4,U
sh603650,彤程新材,2025-09-26 13:42:52,42.41,13300,42.4,U
sh603650,彤程新材,2025-09-26 13:42:55,42.38,31500,42.41,D
sh603650,彤程新材,2025-09-26 13:43:24,42.4,5900,42.45,D
sh603650,彤程新材,2025-09-26 13:43:37,42.4,6600,42.39,E
sh603650,彤程新材,2025-09-26 13:44:07,42.4,4900,42.41,D
sh603650,彤程新材,2025-09-26 13:44:18,42.39,11700,42.41,D
sh603650,彤程新材,2025-09-26 13:44:37,42.38,5500,42.39,D
sh603650,彤程新材,2025-09-26 13:44:51,42.37,8300,42.37,U
sh603650,彤程新材,2025-09-26 13:45:18,42.37,6200,42.37,D
sh603650,彤程新材,2025-09-26 13:45:22,42.35,11300,42.37,D
sh603650,彤程新材,2025-09-26 13:45:30,42.36,6500,42.35,U
sh603650,彤程新材,2025-09-26 13:45:48,42.34,7500,42.34,U
sh603650,彤程新材,2025-09-26 13:45:51,42.33,11200,42.34,D
sh603650,彤程新材,2025-09-26 13:45:55,42.32,5300,42.33,D
sh603650,彤程新材,2025-09-26 13:46:00,42.31,8900,42.32,D
sh603650,彤程新材,2025-09-26 13:46:18,42.36,4800,42.36,U
sh603650,彤程新材,2025-09-26 13:46:22,42.36,5000,42.36,D
sh603650,彤程新材,2025-09-26 13:46:43,42.33,11100,42.36,D
sh603650,彤程新材,2025-09-26 13:47:13,42.38,10500,42.33,U
sh603650,彤程新材,2025-09-26 13:47:15,42.39,13700,42.38,U
sh603650,彤程新材,2025-09-26 13:47:22,42.41,14100,42.4,U
sh603650,彤程新材,2025-09-26 13:47:27,42.45,5700,42.42,U
sh603650,彤程新材,2025-09-26 13:47:31,42.4,7300,42.45,D
sh603650,彤程新材,2025-09-26 13:47:33,42.42,5500,42.4,E
sh603650,彤程新材,2025-09-26 13:48:12,42.4,8500,42.45,D
sh603650,彤程新材,2025-09-26 13:49:09,42.41,20400,42.39,U
sh603650,彤程新材,2025-09-26 13:50:01,42.44,4900,42.44,D
sh603650,彤程新材,2025-09-26 13:50:04,42.45,6100,42.44,U
sh603650,彤程新材,2025-09-26 13:50:06,42.44,5200,42.45,D
sh603650,彤程新材,2025-09-26 13:50:34,42.41,9300,42.43,D
sh603650,彤程新材,2025-09-26 13:50:37,42.39,10200,42.41,D
sh603650,彤程新材,2025-09-26 13:52:07,42.35,4900,42.37,D
sh603650,彤程新材,2025-09-26 13:52:12,42.32,6300,42.32,D
sh603650,彤程新材,2025-09-26 13:52:27,42.32,6300,42.32,U
sh603650,彤程新材,2025-09-26 13:52:30,42.31,12800,42.32,D
sh603650,彤程新材,2025-09-26 13:52:40,42.3,12300,42.31,D
sh603650,彤程新材,2025-09-26 13:52:51,42.28,5800,42.28,D
sh603650,彤程新材,2025-09-26 13:53:16,42.25,6100,42.25,D
sh603650,彤程新材,2025-09-26 13:53:18,42.24,17500,42.25,D
sh603650,彤程新材,2025-09-26 13:53:25,42.24,5100,42.24,D
sh603650,彤程新材,2025-09-26 13:53:30,42.25,31300,42.24,U
sh603650,彤程新材,2025-09-26 13:53:36,42.21,10200,42.24,D
sh603650,彤程新材,2025-09-26 13:53:40,42.24,7600,42.21,E
sh603650,彤程新材,2025-09-26 13:53:45,42.25,7900,42.24,U
sh603650,彤程新材,2025-09-26 13:53:49,42.24,8200,42.25,D
sh603650,彤程新材,2025-09-26 13:53:52,42.28,14100,42.24,U
sh603650,彤程新材,2025-09-26 13:54:12,42.23,32100,42.23,U
sh603650,彤程新材,2025-09-26 13:54:31,42.21,10700,42.18,U
sh603650,彤程新材,2025-09-26 13:54:39,42.22,38300,42.22,U
sh603650,彤程新材,2025-09-26 13:54:49,42.22,21800,42.22,D
sh603650,彤程新材,2025-09-26 13:54:55,42.22,7500,42.22,D
sh603650,彤程新材,2025-09-26 13:54:58,42.22,5000,42.22,U
sh603650,彤程新材,2025-09-26 13:55:12,42.21,10700,42.19,U
sh603650,彤程新材,2025-09-26 13:55:15,42.21,5200,42.21,D
sh603650,彤程新材,2025-09-26 13:55:25,42.18,8400,42.21,D
sh603650,彤程新材,2025-09-26 13:55:27,42.2,6400,42.18,E
sh603650,彤程新材,2025-09-26 13:55:31,42.18,5800,42.2,D
sh603650,彤程新材,2025-09-26 13:55:46,42.16,20300,42.19,D
sh603650,彤程新材,2025-09-26 13:56:09,42.18,6800,42.17,U
sh603650,彤程新材,2025-09-26 13:56:22,42.16,5200,42.17,D
sh603650,彤程新材,2025-09-26 13:56:24,42.15,10000,42.16,D
sh603650,彤程新材,2025-09-26 13:56:30,42.11,6100,42.15,D
sh603650,彤程新材,2025-09-26 13:56:33,42.1,5200,42.11,D
sh603650,彤程新材,2025-09-26 13:56:36,42.14,12800,42.1,U
sh603650,彤程新材,2025-09-26 13:56:39,42.11,11800,42.14,D
sh603650,彤程新材,2025-09-26 13:56:52,42.12,8400,42.12,D
sh603650,彤程新材,2025-09-26 13:56:54,42.12,32600,42.12,U
sh603650,彤程新材,2025-09-26 13:56:57,42.12,10500,42.12,D
sh603650,彤程新材,2025-09-26 13:57:01,42.12,15400,42.12,D
sh603650,彤程新材,2025-09-26 13:57:09,42.1,7400,42.11,D
sh603650,彤程新材,2025-09-26 13:57:18,42.07,6700,42.09,D
sh603650,彤程新材,2025-09-26 13:57:27,42.05,65200,42.05,D
sh603650,彤程新材,2025-09-26 13:57:30,42.05,11300,42.05,D
sh603650,彤程新材,2025-09-26 13:57:34,42.06,28200,42.05,E
sh603650,彤程新材,2025-09-26 13:57:36,42.05,15700,42.06,D
sh603650,彤程新材,2025-09-26 13:57:40,42.06,9300,42.05,D
sh603650,彤程新材,2025-09-26 13:57:45,42.06,14700,42.06,D
sh603650,彤程新材,2025-09-26 13:57:48,42.08,26800,42.06,E
sh603650,彤程新材,2025-09-26 13:57:51,42.08,6300,42.08,D
sh603650,彤程新材,2025-09-26 13:57:55,42.08,7800,42.08,D
sh603650,彤程新材,2025-09-26 13:58:01,42.06,7400,42.08,E
sh603650,彤程新材,2025-09-26 13:58:03,42.05,12600,42.06,E
sh603650,彤程新材,2025-09-26 13:58:09,42.05,8300,42.05,U
sh603650,彤程新材,2025-09-26 13:58:13,42.06,8400,42.05,U
sh603650,彤程新材,2025-09-26 13:58:15,42.05,13500,42.06,E
sh603650,彤程新材,2025-09-26 13:58:19,42.05,49000,42.05,E
sh603650,彤程新材,2025-09-26 13:58:21,42.04,14100,42.05,U
sh603650,彤程新材,2025-09-26 13:58:27,42.04,12200,42.06,E
sh603650,彤程新材,2025-09-26 13:58:33,42.03,33900,42.03,D
sh603650,彤程新材,2025-09-26 13:58:43,42.06,23500,42.03,E
sh603650,彤程新材,2025-09-26 13:58:57,42.1,7500,42.08,U
sh603650,彤程新材,2025-09-26 13:59:01,42.14,5100,42.1,U
sh603650,彤程新材,2025-09-26 13:59:22,42.08,25600,42.1,D
sh603650,彤程新材,2025-09-26 13:59:31,42.09,6700,42.05,U
sh603650,彤程新材,2025-09-26 13:59:40,42.12,7400,42.12,U
sh603650,彤程新材,2025-09-26 13:59:55,42.12,6900,42.12,D
sh603650,彤程新材,2025-09-26 14:00:12,42.1,10200,42.1,D
sh603650,彤程新材,2025-09-26 14:00:25,42.09,7100,42.1,D
sh603650,彤程新材,2025-09-26 14:00:27,42.14,22800,42.09,U
sh603650,彤程新材,2025-09-26 14:00:30,42.11,5600,42.14,D
sh603650,彤程新材,2025-09-26 14:01:00,42.14,8300,42.14,U
sh603650,彤程新材,2025-09-26 14:01:07,42.22,70000,42.15,U
sh603650,彤程新材,2025-09-26 14:01:16,42.3,7800,42.26,U
sh603650,彤程新材,2025-09-26 14:02:57,42.23,5300,42.2,U
sh603650,彤程新材,2025-09-26 14:03:01,42.23,5600,42.23,U
sh603650,彤程新材,2025-09-26 14:03:22,42.22,6500,42.26,D
sh603650,彤程新材,2025-09-26 14:03:52,42.2,19500,42.2,D
sh603650,彤程新材,2025-09-26 14:04:01,42.2,6500,42.2,U
sh603650,彤程新材,2025-09-26 14:04:13,42.19,21300,42.17,U
sh603650,彤程新材,2025-09-26 14:04:21,42.21,14100,42.18,U
sh603650,彤程新材,2025-09-26 14:04:30,42.26,14400,42.24,U
sh603650,彤程新材,2025-09-26 14:04:49,42.32,8900,42.29,U
sh603650,彤程新材,2025-09-26 14:04:52,42.3,5500,42.32,D
sh603650,彤程新材,2025-09-26 14:05:10,42.26,10400,42.28,D
sh603650,彤程新材,2025-09-26 14:05:22,42.2,10200,42.22,D
sh603650,彤程新材,2025-09-26 14:05:33,42.22,29400,42.22,U
sh603650,彤程新材,2025-09-26 14:05:48,42.17,34900,42.2,D
sh603650,彤程新材,2025-09-26 14:06:00,42.19,6300,42.16,U
sh603650,彤程新材,2025-09-26 14:06:07,42.2,22700,42.18,U
sh603650,彤程新材,2025-09-26 14:07:48,42.22,5500,42.21,U
sh603650,彤程新材,2025-09-26 14:07:57,42.23,11900,42.21,U
sh603650,彤程新材,2025-09-26 14:08:00,42.25,34000,42.23,U
sh603650,彤程新材,2025-09-26 14:08:04,42.22,7800,42.25,D
sh603650,彤程新材,2025-09-26 14:08:55,42.23,7000,42.29,D
sh603650,彤程新材,2025-09-26 14:09:00,42.21,10300,42.24,D
sh603650,彤程新材,2025-09-26 14:09:37,42.27,5800,42.25,U
sh603650,彤程新材,2025-09-26 14:10:24,42.19,5600,42.19,D
sh603650,彤程新材,2025-09-26 14:10:40,42.18,5100,42.19,D
sh603650,彤程新材,2025-09-26 14:10:45,42.19,6700,42.18,U
sh603650,彤程新材,2025-09-26 14:11:28,42.13,4900,42.11,U
sh603650,彤程新材,2025-09-26 14:11:30,42.14,13300,42.13,U
sh603650,彤程新材,2025-09-26 14:11:36,42.14,5400,42.13,U
sh603650,彤程新材,2025-09-26 14:12:03,42.17,11900,42.14,U
sh603650,彤程新材,2025-09-26 14:12:06,42.2,8800,42.17,U
sh603650,彤程新材,2025-09-26 14:12:13,42.23,12500,42.16,U
sh603650,彤程新材,2025-09-26 14:12:30,42.22,5800,42.2,U
sh603650,彤程新材,2025-09-26 14:13:28,42.14,6500,42.15,D
sh603650,彤程新材,2025-09-26 14:13:30,42.14,5900,42.14,D
sh603650,彤程新材,2025-09-26 14:13:45,42.11,7000,42.11,D
sh603650,彤程新材,2025-09-26 14:13:58,42.08,10600,42.11,D
sh603650,彤程新材,2025-09-26 14:14:13,42.12,6000,42.11,U
sh603650,彤程新材,2025-09-26 14:14:24,42.11,13200,42.09,U
sh603650,彤程新材,2025-09-26 14:14:31,42.1,12100,42.11,D
sh603650,彤程新材,2025-09-26 14:14:39,42.09,5400,42.09,U
sh603650,彤程新材,2025-09-26 14:14:43,42.09,10300,42.09,U
sh603650,彤程新材,2025-09-26 14:14:49,42.08,8200,42.09,D
sh603650,彤程新材,2025-09-26 14:15:00,42.08,6600,42.05,U
sh603650,彤程新材,2025-09-26 14:15:06,42.04,6300,42.05,D
sh603650,彤程新材,2025-09-26 14:15:15,42.11,48300,42.06,U
sh603650,彤程新材,2025-09-26 14:15:18,42.11,22700,42.11,U
sh603650,彤程新材,2025-09-26 14:15:28,42.11,8100,42.07,U
sh603650,彤程新材,2025-09-26 14:15:39,42.11,6700,42.11,U
sh603650,彤程新材,2025-09-26 14:15:42,42.12,5400,42.11,U
sh603650,彤程新材,2025-09-26 14:16:01,42.12,6500,42.12,U
sh603650,彤程新材,2025-09-26 14:16:04,42.16,7400,42.12,U
sh603650,彤程新材,2025-09-26 14:16:10,42.15,7100,42.2,D
sh603650,彤程新材,2025-09-26 14:16:19,42.16,5600,42.18,D
sh603650,彤程新材,2025-09-26 14:16:34,42.19,11000,42.16,U
sh603650,彤程新材,2025-09-26 14:16:42,42.19,9600,42.2,D
sh603650,彤程新材,2025-09-26 14:16:52,42.19,5000,42.2,E
sh603650,彤程新材,2025-09-26 14:16:58,42.21,5100,42.2,U
sh603650,彤程新材,2025-09-26 14:17:06,42.15,9300,42.17,D
sh603650,彤程新材,2025-09-26 14:18:06,42.19,17200,42.17,U
sh603650,彤程新材,2025-09-26 14:18:10,42.15,6700,42.19,D
sh603650,彤程新材,2025-09-26 14:18:19,42.17,5000,42.17,U
sh603650,彤程新材,2025-09-26 14:18:52,42.18,30700,42.17,U
sh603650,彤程新材,2025-09-26 14:18:54,42.22,5900,42.18,U
sh603650,彤程新材,2025-09-26 14:19:06,42.21,5200,42.22,E
sh603650,彤程新材,2025-09-26 14:19:09,42.18,8300,42.21,D
sh603650,彤程新材,2025-09-26 14:19:24,42.17,6300,42.16,U
sh603650,彤程新材,2025-09-26 14:19:36,42.16,22700,42.17,D
sh603650,彤程新材,2025-09-26 14:20:18,42.14,7200,42.12,U
sh603650,彤程新材,2025-09-26 14:20:28,42.16,5100,42.15,U
sh603650,彤程新材,2025-09-26 14:20:31,42.15,4900,42.16,D
sh603650,彤程新材,2025-09-26 14:21:03,42.22,18900,42.17,U
sh603650,彤程新材,2025-09-26 14:21:13,42.21,5700,42.22,D
sh603650,彤程新材,2025-09-26 14:21:57,42.14,6900,42.17,D
sh603650,彤程新材,2025-09-26 14:22:45,42.12,11500,42.13,D
sh603650,彤程新材,2025-09-26 14:22:49,42.1,20800,42.12,D
sh603650,彤程新材,2025-09-26 14:23:01,42.09,5600,42.09,U
sh603650,彤程新材,2025-09-26 14:23:10,42.09,18700,42.08,U
sh603650,彤程新材,2025-09-26 14:23:15,42.09,5000,42.08,U
sh603650,彤程新材,2025-09-26 14:23:18,42.08,9200,42.09,D
sh603650,彤程新材,2025-09-26 14:23:30,42.06,5300,42.07,D
sh603650,彤程新材,2025-09-26 14:23:34,42.07,13200,42.06,U
sh603650,彤程新材,2025-09-26 14:24:01,42.08,5700,42.07,U
sh603650,彤程新材,2025-09-26 14:24:49,42.1,5200,42.1,U
sh603650,彤程新材,2025-09-26 14:24:52,42.1,7000,42.1,D
sh603650,彤程新材,2025-09-26 14:25:19,42.08,4800,42.09,D
sh603650,彤程新材,2025-09-26 14:25:30,42.08,7200,42.08,U
sh603650,彤程新材,2025-09-26 14:25:34,42.09,7300,42.08,U
sh603650,彤程新材,2025-09-26 14:26:52,42.08,5000,42.09,D
sh603650,彤程新材,2025-09-26 14:27:01,42.08,5600,42.07,U
sh603650,彤程新材,2025-09-26 14:27:19,42.07,9200,42.07,D
sh603650,彤程新材,2025-09-26 14:27:31,42.06,8200,42.07,D
sh603650,彤程新材,2025-09-26 14:27:34,42.07,5500,42.06,U
sh603650,彤程新材,2025-09-26 14:27:39,42.05,5000,42.06,D
sh603650,彤程新材,2025-09-26 14:27:43,42.05,9100,42.05,U
sh603650,彤程新材,2025-09-26 14:27:49,42.04,15500,42.01,U
sh603650,彤程新材,2025-09-26 14:27:57,42.01,10900,42.01,D
sh603650,彤程新材,2025-09-26 14:28:01,42.0,17700,42.01,D
sh603650,彤程新材,2025-09-26 14:28:04,42.0,14700,42.0,D
sh603650,彤程新材,2025-09-26 14:28:06,42.0,5400,42.0,D
sh603650,彤程新材,2025-09-26 14:28:09,41.99,8100,42.0,D
sh603650,彤程新材,2025-09-26 14:28:15,42.02,26200,42.0,U
sh603650,彤程新材,2025-09-26 14:28:19,42.04,10298,42.02,U
sh603650,彤程新材,2025-09-26 14:28:30,42.0,23700,42.04,D
sh603650,彤程新材,2025-09-26 14:28:46,42.04,18300,42.02,U
sh603650,彤程新材,2025-09-26 14:28:48,42.04,9100,42.04,U
sh603650,彤程新材,2025-09-26 14:29:01,42.03,19000,42.03,E
sh603650,彤程新材,2025-09-26 14:29:03,42.02,7100,42.03,D
sh603650,彤程新材,2025-09-26 14:29:06,42.05,4900,42.02,U
sh603650,彤程新材,2025-09-26 14:29:15,42.06,4900,42.08,D
sh603650,彤程新材,2025-09-26 14:29:42,42.08,5100,42.08,U
sh603650,彤程新材,2025-09-26 14:30:04,42.06,14900,42.08,D
sh603650,彤程新材,2025-09-26 14:30:10,42.05,9000,42.05,D
sh603650,彤程新材,2025-09-26 14:30:18,42.04,5200,42.05,D
sh603650,彤程新材,2025-09-26 14:30:21,42.03,6100,42.04,D
sh603650,彤程新材,2025-09-26 14:30:25,42.03,7200,42.03,U
sh603650,彤程新材,2025-09-26 14:30:31,42.01,32800,42.02,D
sh603650,彤程新材,2025-09-26 14:30:37,42.04,5700,42.0,U
sh603650,彤程新材,2025-09-26 14:30:39,42.04,20200,42.04,D
sh603650,彤程新材,2025-09-26 14:30:42,42.05,8000,42.04,U
sh603650,彤程新材,2025-09-26 14:30:45,42.06,4800,42.05,U
sh603650,彤程新材,2025-09-26 14:30:51,42.07,9300,42.06,E
sh603650,彤程新材,2025-09-26 14:31:03,42.1,7200,42.08,U
sh603650,彤程新材,2025-09-26 14:31:07,42.11,5600,42.1,U
sh603650,彤程新材,2025-09-26 14:31:21,42.1,6600,42.12,D
sh603650,彤程新材,2025-09-26 14:31:24,42.08,13000,42.1,D
sh603650,彤程新材,2025-09-26 14:31:40,42.1,10900,42.08,U
sh603650,彤程新材,2025-09-26 14:32:01,42.01,5600,42.04,D
sh603650,彤程新材,2025-09-26 14:32:06,42.02,14200,42.02,U
sh603650,彤程新材,2025-09-26 14:32:27,41.94,7200,41.95,D
sh603650,彤程新材,2025-09-26 14:32:31,41.94,10800,41.94,D
sh603650,彤程新材,2025-09-26 14:32:39,41.88,23900,41.9,D
sh603650,彤程新材,2025-09-26 14:32:43,41.88,4800,41.88,D
sh603650,彤程新材,2025-09-26 14:32:49,41.88,12900,41.88,D
sh603650,彤程新材,2025-09-26 14:32:54,41.88,10600,41.86,U
sh603650,彤程新材,2025-09-26 14:32:58,41.91,5900,41.88,U
sh603650,彤程新材,2025-09-26 14:33:00,41.93,11800,41.91,U
sh603650,彤程新材,2025-09-26 14:33:03,41.87,5500,41.93,D
sh603650,彤程新材,2025-09-26 14:33:15,41.87,27300,41.88,D
sh603650,彤程新材,2025-09-26 14:33:31,41.89,5100,41.89,D
sh603650,彤程新材,2025-09-26 14:33:33,41.89,13200,41.89,D
sh603650,彤程新材,2025-09-26 14:33:37,41.92,6000,41.89,U
sh603650,彤程新材,2025-09-26 14:33:40,41.89,8300,41.92,D
sh603650,彤程新材,2025-09-26 14:33:46,41.88,4800,41.88,D
sh603650,彤程新材,2025-09-26 14:33:57,41.89,6500,41.88,U
sh603650,彤程新材,2025-09-26 14:34:00,41.89,6900,41.89,U
sh603650,彤程新材,2025-09-26 14:34:06,41.88,7300,41.88,D
sh603650,彤程新材,2025-09-26 14:34:19,41.85,6500,41.85,D
sh603650,彤程新材,2025-09-26 14:34:22,41.85,11700,41.85,U
sh603650,彤程新材,2025-09-26 14:34:30,41.84,5300,41.84,E
sh603650,彤程新材,2025-09-26 14:34:34,41.83,6900,41.84,D
sh603650,彤程新材,2025-09-26 14:34:36,41.86,7800,41.83,U
sh603650,彤程新材,2025-09-26 14:34:43,41.83,4900,41.86,D
sh603650,彤程新材,2025-09-26 14:34:46,41.86,7000,41.83,U
sh603650,彤程新材,2025-09-26 14:34:52,41.86,7700,41.86,E
sh603650,彤程新材,2025-09-26 14:34:55,41.9,40600,41.86,U
sh603650,彤程新材,2025-09-26 14:34:58,41.9,6700,41.9,D
sh603650,彤程新材,2025-09-26 14:35:00,41.9,5200,41.9,D
sh603650,彤程新材,2025-09-26 14:35:07,41.88,5300,41.9,D
sh603650,彤程新材,2025-09-26 14:35:28,41.86,18200,41.86,U
sh603650,彤程新材,2025-09-26 14:35:45,41.81,8300,41.81,D
sh603650,彤程新材,2025-09-26 14:35:48,41.83,20700,41.81,U
sh603650,彤程新材,2025-09-26 14:36:00,41.82,18000,41.83,D
sh603650,彤程新材,2025-09-26 14:36:07,41.8,56700,41.82,D
sh603650,彤程新材,2025-09-26 14:36:10,41.83,10500,41.8,U
sh603650,彤程新材,2025-09-26 14:36:13,41.82,9800,41.83,D
sh603650,彤程新材,2025-09-26 14:36:15,41.84,11900,41.82,U
sh603650,彤程新材,2025-09-26 14:36:18,41.82,17200,41.84,U
sh603650,彤程新材,2025-09-26 14:36:22,41.8,6000,41.82,D
sh603650,彤程新材,2025-09-26 14:36:25,41.8,16700,41.8,D
sh603650,彤程新材,2025-09-26 14:36:31,41.8,12700,41.83,D
sh603650,彤程新材,2025-09-26 14:36:34,41.83,11900,41.8,U
sh603650,彤程新材,2025-09-26 14:36:37,41.8,5400,41.83,D
sh603650,彤程新材,2025-09-26 14:36:39,41.8,5500,41.8,D
sh603650,彤程新材,2025-09-26 14:36:43,41.82,26900,41.8,U
sh603650,彤程新材,2025-09-26 14:36:49,41.84,21800,41.81,U
sh603650,彤程新材,2025-09-26 14:36:51,41.82,15400,41.84,D
sh603650,彤程新材,2025-09-26 14:36:57,41.84,25000,41.86,E
sh603650,彤程新材,2025-09-26 14:37:01,41.86,23000,41.84,U
sh603650,彤程新材,2025-09-26 14:37:04,41.9,17900,41.86,U
sh603650,彤程新材,2025-09-26 14:37:06,42.0,24200,41.9,U
sh603650,彤程新材,2025-09-26 14:37:10,41.99,11400,42.0,E
sh603650,彤程新材,2025-09-26 14:37:19,41.95,6300,41.97,D
sh603650,彤程新材,2025-09-26 14:37:33,41.95,10500,41.95,U
sh603650,彤程新材,2025-09-26 14:37:39,41.9,11200,41.9,U
sh603650,彤程新材,2025-09-26 14:38:00,41.94,12600,41.95,D
sh603650,彤程新材,2025-09-26 14:38:07,41.91,4900,41.91,D
sh603650,彤程新材,2025-09-26 14:38:12,41.92,10500,41.91,E
sh603650,彤程新材,2025-09-26 14:38:22,41.94,8900,41.94,D
sh603650,彤程新材,2025-09-26 14:39:01,41.91,7100,41.91,U
sh603650,彤程新材,2025-09-26 14:39:09,41.89,5100,41.89,D
sh603650,彤程新材,2025-09-26 14:39:30,41.86,4800,41.86,D
sh603650,彤程新材,2025-09-26 14:39:39,41.85,5500,41.86,D
sh603650,彤程新材,2025-09-26 14:39:43,41.85,20300,41.85,U
sh603650,彤程新材,2025-09-26 14:39:51,41.8,8600,41.81,D
sh603650,彤程新材,2025-09-26 14:39:54,41.8,9500,41.8,D
sh603650,彤程新材,2025-09-26 14:39:58,41.78,6000,41.8,D
sh603650,彤程新材,2025-09-26 14:40:01,41.83,35000,41.78,U
sh603650,彤程新材,2025-09-26 14:40:04,41.78,16500,41.83,D
sh603650,彤程新材,2025-09-26 14:40:09,41.87,36000,41.81,U
sh603650,彤程新材,2025-09-26 14:40:12,41.9,8000,41.87,U
sh603650,彤程新材,2025-09-26 14:40:16,41.95,7800,41.9,U
sh603650,彤程新材,2025-09-26 14:40:19,41.95,7900,41.95,U
sh603650,彤程新材,2025-09-26 14:40:39,41.92,4800,41.92,E
sh603650,彤程新材,2025-09-26 14:40:48,41.93,5400,41.92,U
sh603650,彤程新材,2025-09-26 14:40:52,41.91,5700,41.93,D
sh603650,彤程新材,2025-09-26 14:40:57,41.95,24800,41.93,U
sh603650,彤程新材,2025-09-26 14:41:00,41.92,9000,41.95,D
sh603650,彤程新材,2025-09-26 14:41:03,41.92,9800,41.92,U
sh603650,彤程新材,2025-09-26 14:41:15,41.95,8400,41.95,U
sh603650,彤程新材,2025-09-26 14:41:25,41.96,6600,41.95,U
sh603650,彤程新材,2025-09-26 14:41:30,41.95,5900,41.96,D
sh603650,彤程新材,2025-09-26 14:41:48,41.93,12600,41.94,D
sh603650,彤程新材,2025-09-26 14:41:51,41.95,10400,41.93,U
sh603650,彤程新材,2025-09-26 14:42:28,41.92,6000,41.92,U
sh603650,彤程新材,2025-09-26 14:42:30,41.92,4800,41.92,U
sh603650,彤程新材,2025-09-26 14:42:34,41.91,10600,41.92,D
sh603650,彤程新材,2025-09-26 14:42:37,41.92,6000,41.91,U
sh603650,彤程新材,2025-09-26 14:42:51,41.96,20000,41.92,U
sh603650,彤程新材,2025-09-26 14:43:07,41.97,13400,41.94,U
sh603650,彤程新材,2025-09-26 14:43:10,41.96,7600,41.97,E
sh603650,彤程新材,2025-09-26 14:43:13,41.94,15700,41.96,D
sh603650,彤程新材,2025-09-26 14:43:43,41.99,10700,42.0,D
sh603650,彤程新材,2025-09-26 14:43:51,42.0,6900,42.0,U
sh603650,彤程新材,2025-09-26 14:43:55,42.0,6600,42.0,E
sh603650,彤程新材,2025-09-26 14:43:58,42.01,10800,42.0,U
sh603650,彤程新材,2025-09-26 14:44:18,42.06,5600,42.06,U
sh603650,彤程新材,2025-09-26 14:44:36,42.07,8400,42.06,U
sh603650,彤程新材,2025-09-26 14:44:46,42.07,4800,42.07,D
sh603650,彤程新材,2025-09-26 14:44:51,42.07,13400,42.08,D
sh603650,彤程新材,2025-09-26 14:44:54,42.09,8200,42.07,U
sh603650,彤程新材,2025-09-26 14:44:58,42.05,6200,42.09,D
sh603650,彤程新材,2025-09-26 14:45:18,42.12,11400,42.1,U
sh603650,彤程新材,2025-09-26 14:45:22,42.12,6300,42.12,U
sh603650,彤程新材,2025-09-26 14:45:27,42.15,4900,42.14,U
sh603650,彤程新材,2025-09-26 14:45:30,42.14,6600,42.15,E
sh603650,彤程新材,2025-09-26 14:45:37,42.14,10900,42.14,U
sh603650,彤程新材,2025-09-26 14:45:51,42.11,10400,42.11,U
sh603650,彤程新材,2025-09-26 14:46:18,42.14,7800,42.11,U
sh603650,彤程新材,2025-09-26 14:46:37,42.15,7200,42.15,U
sh603650,彤程新材,2025-09-26 14:46:45,42.17,32600,42.16,U
sh603650,彤程新材,2025-09-26 14:46:48,42.17,5900,42.17,U
sh603650,彤程新材,2025-09-26 14:46:52,42.17,5100,42.17,U
sh603650,彤程新材,2025-09-26 14:46:55,42.17,5700,42.17,U
sh603650,彤程新材,2025-09-26 14:46:57,42.17,19800,42.17,D
sh603650,彤程新材,2025-09-26 14:47:00,42.17,17300,42.17,D
sh603650,彤程新材,2025-09-26 14:47:04,42.15,12800,42.17,D
sh603650,彤程新材,2025-09-26 14:47:07,42.17,5200,42.15,U
sh603650,彤程新材,2025-09-26 14:47:22,42.14,11000,42.16,D
sh603650,彤程新材,2025-09-26 14:47:25,42.14,8200,42.14,D
sh603650,彤程新材,2025-09-26 14:47:40,42.13,5800,42.13,U
sh603650,彤程新材,2025-09-26 14:47:57,42.1,18400,42.13,D
sh603650,彤程新材,2025-09-26 14:48:01,42.12,11200,42.1,U
sh603650,彤程新材,2025-09-26 14:48:12,42.1,5900,42.1,U
sh603650,彤程新材,2025-09-26 14:48:28,42.08,5100,42.08,D
sh603650,彤程新材,2025-09-26 14:49:03,41.96,14100,42.03,D
sh603650,彤程新材,2025-09-26 14:49:09,42.02,5600,42.0,U
sh603650,彤程新材,2025-09-26 14:49:21,42.01,15700,42.03,D
sh603650,彤程新材,2025-09-26 14:49:25,41.99,10500,42.01,D
sh603650,彤程新材,2025-09-26 14:49:40,42.0,5700,42.0,U
sh603650,彤程新材,2025-09-26 14:49:42,41.98,5100,42.0,D
sh603650,彤程新材,2025-09-26 14:49:49,41.99,6600,41.99,U
sh603650,彤程新材,2025-09-26 14:49:52,42.0,10200,41.99,U
sh603650,彤程新材,2025-09-26 14:49:55,42.0,6700,42.0,U
sh603650,彤程新材,2025-09-26 14:49:57,41.98,5800,42.0,D
sh603650,彤程新材,2025-09-26 14:50:01,42.0,49700,41.98,U
sh603650,彤程新材,2025-09-26 14:50:04,42.0,14800,42.0,U
sh603650,彤程新材,2025-09-26 14:50:07,41.99,12200,42.0,D
sh603650,彤程新材,2025-09-26 14:50:13,41.99,6600,41.99,D
sh603650,彤程新材,2025-09-26 14:50:16,41.99,12200,41.99,D
sh603650,彤程新材,2025-09-26 14:50:31,42.0,8200,42.03,D
sh603650,彤程新材,2025-09-26 14:50:37,42.03,8700,42.0,U
sh603650,彤程新材,2025-09-26 14:50:43,42.02,17300,41.99,U
sh603650,彤程新材,2025-09-26 14:50:46,42.02,6100,42.02,U
sh603650,彤程新材,2025-09-26 14:50:58,42.01,4900,42.02,D
sh603650,彤程新材,2025-09-26 14:51:01,42.0,5600,42.01,D
sh603650,彤程新材,2025-09-26 14:51:19,41.99,4800,41.98,D
sh603650,彤程新材,2025-09-26 14:51:21,41.98,9200,41.99,D
sh603650,彤程新材,2025-09-26 14:51:33,41.97,5600,41.97,U
sh603650,彤程新材,2025-09-26 14:51:49,42.0,10600,42.0,U
sh603650,彤程新材,2025-09-26 14:51:55,41.99,9300,42.0,D
sh603650,彤程新材,2025-09-26 14:52:07,42.02,24300,41.99,U
sh603650,彤程新材,2025-09-26 14:52:10,42.03,9500,42.02,U
sh603650,彤程新材,2025-09-26 14:52:16,42.02,6400,42.02,U
sh603650,彤程新材,2025-09-26 14:52:19,42.01,26200,42.02,E
sh603650,彤程新材,2025-09-26 14:52:22,42.0,16600,42.01,D
sh603650,彤程新材,2025-09-26 14:52:33,42.0,7500,41.99,U
sh603650,彤程新材,2025-09-26 14:52:37,41.99,6200,42.0,D
sh603650,彤程新材,2025-09-26 14:52:55,41.99,7700,41.99,D
sh603650,彤程新材,2025-09-26 14:53:01,41.99,12500,41.99,U
sh603650,彤程新材,2025-09-26 14:53:04,42.0,6700,41.99,U
sh603650,彤程新材,2025-09-26 14:53:16,41.98,6600,41.99,D
sh603650,彤程新材,2025-09-26 14:53:21,41.99,10800,41.98,U
sh603650,彤程新材,2025-09-26 14:53:34,41.99,8900,41.99,U
sh603650,彤程新材,2025-09-26 14:53:40,41.98,7000,42.0,D
sh603650,彤程新材,2025-09-26 14:53:48,41.98,6300,41.99,D
sh603650,彤程新材,2025-09-26 14:53:54,41.98,8300,42.0,D
sh603650,彤程新材,2025-09-26 14:54:04,41.99,9800,41.99,U
sh603650,彤程新材,2025-09-26 14:54:13,41.99,6600,41.99,D
sh603650,彤程新材,2025-09-26 14:54:16,42.0,5500,41.99,U
sh603650,彤程新材,2025-09-26 14:54:19,41.99,7700,42.0,D
sh603650,彤程新材,2025-09-26 14:54:25,41.99,10400,41.99,D
sh603650,彤程新材,2025-09-26 14:54:28,42.0,6600,41.99,U
sh603650,彤程新材,2025-09-26 14:54:31,42.0,8800,42.0,U
sh603650,彤程新材,2025-09-26 14:54:34,41.99,7200,42.0,D
sh603650,彤程新材,2025-09-26 14:54:40,41.98,7600,41.99,D
sh603650,彤程新材,2025-09-26 14:54:46,41.99,7700,41.99,U
sh603650,彤程新材,2025-09-26 14:54:48,41.99,8100,41.99,U
sh603650,彤程新材,2025-09-26 14:54:52,41.99,8000,41.99,D
sh603650,彤程新材,2025-09-26 14:55:00,41.99,14400,41.98,D
sh603650,彤程新材,2025-09-26 14:55:03,41.98,25000,41.99,D
sh603650,彤程新材,2025-09-26 14:55:07,41.98,19900,41.98,U
sh603650,彤程新材,2025-09-26 14:55:16,41.96,5300,41.96,U
sh603650,彤程新材,2025-09-26 14:55:22,41.9,6300,41.95,D
sh603650,彤程新材,2025-09-26 14:55:31,41.94,11700,41.91,U
sh603650,彤程新材,2025-09-26 14:55:33,41.91,10400,41.94,D
sh603650,彤程新材,2025-09-26 14:55:37,41.91,20500,41.91,E
sh603650,彤程新材,2025-09-26 14:55:51,41.93,11500,41.93,E
sh603650,彤程新材,2025-09-26 14:56:12,41.94,7300,41.96,D
sh603650,彤程新材,2025-09-26 14:56:16,41.96,6800,41.94,U
sh603650,彤程新材,2025-09-26 14:56:25,41.96,13500,41.96,D
sh603650,彤程新材,2025-09-26 14:56:27,41.98,5300,41.96,U
sh603650,彤程新材,2025-09-26 14:56:33,41.94,5200,41.94,U
sh603650,彤程新材,2025-09-26 14:56:42,41.96,5600,41.96,U
sh603650,彤程新材,2025-09-26 14:56:45,41.94,8000,41.96,D
sh603650,彤程新材,2025-09-26 14:56:49,41.93,13100,41.94,D
sh603650,彤程新材,2025-09-26 14:56:51,41.95,7000,41.93,U
sh603650,彤程新材,2025-09-26 14:56:54,41.94,11000,41.95,D
sh603650,彤程新材,2025-09-26 15:00:00,41.92,307202,41.95,U
