symbol,name,ticktime,price,volume,prev_price,kind
sh603650,彤程新材,2025-10-13 09:25:02,42.98,258300,0.0,U
sh603650,彤程新材,2025-10-13 09:30:03,42.9,55900,42.98,D
sh603650,彤程新材,2025-10-13 09:30:06,42.97,155700,42.9,U
sh603650,彤程新材,2025-10-13 09:30:09,42.9,104814,42.97,D
sh603650,彤程新材,2025-10-13 09:30:12,42.99,102000,42.9,U
sh603650,彤程新材,2025-10-13 09:30:15,42.9,35700,42.99,U
sh603650,彤程新材,2025-10-13 09:30:18,42.9,41600,42.9,U
sh603650,彤程新材,2025-10-13 09:30:21,42.9,54300,42.9,U
sh603650,彤程新材,2025-10-13 09:30:24,42.9,16800,42.9,U
sh603650,彤程新材,2025-10-13 09:30:27,42.93,28500,42.9,U
sh603650,彤程新材,2025-10-13 09:30:30,42.97,57800,42.93,U
sh603650,彤程新材,2025-10-13 09:30:33,42.97,20800,42.97,U
sh603650,彤程新材,2025-10-13 09:30:36,42.97,87300,42.97,U
sh603650,彤程新材,2025-10-13 09:30:39,42.95,44000,42.97,U
sh603650,彤程新材,2025-10-13 09:30:42,42.96,22500,42.95,U
sh603650,彤程新材,2025-10-13 09:30:45,42.88,50100,42.96,D
sh603650,彤程新材,2025-10-13 09:30:48,43.0,22400,42.88,U
sh603650,彤程新材,2025-10-13 09:30:51,43.01,38800,43.0,E
sh603650,彤程新材,2025-10-13 09:30:54,43.26,44400,43.01,U
sh603650,彤程新材,2025-10-13 09:30:57,42.97,63600,43.26,D
sh603650,彤程新材,2025-10-13 09:31:00,42.97,18400,42.97,D
sh603650,彤程新材,2025-10-13 09:31:03,42.97,30600,42.97,D
sh603650,彤程新材,2025-10-13 09:31:06,43.39,16500,42.97,U
sh603650,彤程新材,2025-10-13 09:31:09,43.08,9900,43.39,E
sh603650,彤程新材,2025-10-13 09:31:12,43.26,30300,43.08,E
sh603650,彤程新材,2025-10-13 09:31:15,43.26,11900,43.26,D
sh603650,彤程新材,2025-10-13 09:31:18,43.3,22000,43.26,D
sh603650,彤程新材,2025-10-13 09:31:21,43.43,15902,43.3,U
sh603650,彤程新材,2025-10-13 09:31:24,43.06,17100,43.43,D
sh603650,彤程新材,2025-10-13 09:31:27,43.39,7700,43.06,D
sh603650,彤程新材,2025-10-13 09:31:30,43.3,10800,43.39,D
sh603650,彤程新材,2025-10-13 09:31:33,43.46,9600,43.3,E
sh603650,彤程新材,2025-10-13 09:31:36,43.47,18100,43.46,E
sh603650,彤程新材,2025-10-13 09:31:39,43.51,22200,43.47,U
sh603650,彤程新材,2025-10-13 09:31:42,43.5,24300,43.51,D
sh603650,彤程新材,2025-10-13 09:31:45,43.5,16500,43.5,D
sh603650,彤程新材,2025-10-13 09:31:48,43.6,8025,43.5,U
sh603650,彤程新材,2025-10-13 09:31:51,43.65,22800,43.6,U
sh603650,彤程新材,2025-10-13 09:31:54,43.7,13400,43.65,U
sh603650,彤程新材,2025-10-13 09:31:57,43.65,13900,43.7,D
sh603650,彤程新材,2025-10-13 09:32:00,43.71,5200,43.65,U
sh603650,彤程新材,2025-10-13 09:32:03,43.79,30700,43.71,U
sh603650,彤程新材,2025-10-13 09:32:09,43.8,6600,43.78,U
sh603650,彤程新材,2025-10-13 09:32:12,43.86,14800,43.8,U
sh603650,彤程新材,2025-10-13 09:32:15,43.91,8100,43.86,U
sh603650,彤程新材,2025-10-13 09:32:18,43.98,36900,43.91,U
sh603650,彤程新材,2025-10-13 09:32:21,43.91,22900,43.98,D
sh603650,彤程新材,2025-10-13 09:32:24,43.95,15900,43.91,E
sh603650,彤程新材,2025-10-13 09:32:27,44.0,26700,43.95,U
sh603650,彤程新材,2025-10-13 09:32:30,44.09,6500,44.0,U
sh603650,彤程新材,2025-10-13 09:32:33,44.06,26300,44.09,D
sh603650,彤程新材,2025-10-13 09:32:36,44.14,26700,44.06,U
sh603650,彤程新材,2025-10-13 09:32:39,44.14,17700,44.14,D
sh603650,彤程新材,2025-10-13 09:32:42,44.15,12900,44.14,E
sh603650,彤程新材,2025-10-13 09:32:45,44.19,32600,44.15,U
sh603650,彤程新材,2025-10-13 09:32:48,44.25,73800,44.19,U
sh603650,彤程新材,2025-10-13 09:32:51,44.25,29100,44.25,U
sh603650,彤程新材,2025-10-13 09:32:54,44.28,29200,44.25,U
sh603650,彤程新材,2025-10-13 09:32:57,44.31,27800,44.28,U
sh603650,彤程新材,2025-10-13 09:33:00,44.33,33100,44.31,U
sh603650,彤程新材,2025-10-13 09:33:03,44.45,13200,44.33,U
sh603650,彤程新材,2025-10-13 09:33:06,44.45,73500,44.45,U
sh603650,彤程新材,2025-10-13 09:33:09,44.5,32100,44.45,U
sh603650,彤程新材,2025-10-13 09:33:12,44.5,61100,44.5,U
sh603650,彤程新材,2025-10-13 09:33:15,44.61,9100,44.5,U
sh603650,彤程新材,2025-10-13 09:33:18,44.63,23900,44.61,U
sh603650,彤程新材,2025-10-13 09:33:21,44.68,36900,44.63,U
sh603650,彤程新材,2025-10-13 09:33:24,44.84,5400,44.68,U
sh603650,彤程新材,2025-10-13 09:33:27,44.97,32100,44.84,U
sh603650,彤程新材,2025-10-13 09:33:30,44.97,19100,44.97,U
sh603650,彤程新材,2025-10-13 09:33:33,44.99,15300,44.97,U
sh603650,彤程新材,2025-10-13 09:33:36,45.13,41200,44.99,U
sh603650,彤程新材,2025-10-13 09:33:39,45.14,15400,45.13,E
sh603650,彤程新材,2025-10-13 09:33:42,45.5,49400,45.14,D
sh603650,彤程新材,2025-10-13 09:33:45,45.8,26100,45.5,U
sh603650,彤程新材,2025-10-13 09:33:48,45.74,43300,45.8,D
sh603650,彤程新材,2025-10-13 09:33:51,45.99,40400,45.74,U
sh603650,彤程新材,2025-10-13 09:33:54,46.05,56400,45.99,U
sh603650,彤程新材,2025-10-13 09:33:57,45.99,92600,46.05,D
sh603650,彤程新材,2025-10-13 09:34:00,46.37,24000,45.99,E
sh603650,彤程新材,2025-10-13 09:34:03,46.37,93600,46.37,U
sh603650,彤程新材,2025-10-13 09:34:06,46.4,111400,46.37,U
sh603650,彤程新材,2025-10-13 09:34:09,46.4,49400,46.4,U
sh603650,彤程新材,2025-10-13 09:34:12,46.47,59300,46.4,U
sh603650,彤程新材,2025-10-13 09:34:15,46.5,89298,46.47,U
sh603650,彤程新材,2025-10-13 09:34:18,46.5,73300,46.5,U
sh603650,彤程新材,2025-10-13 09:34:21,46.55,63400,46.5,E
sh603650,彤程新材,2025-10-13 09:34:24,46.75,66100,46.55,U
sh603650,彤程新材,2025-10-13 09:34:27,46.8,32200,46.75,U
sh603650,彤程新材,2025-10-13 09:34:30,46.88,20300,46.8,U
sh603650,彤程新材,2025-10-13 09:34:33,46.9,97500,46.88,U
sh603650,彤程新材,2025-10-13 09:34:36,46.9,78900,46.9,D
sh603650,彤程新材,2025-10-13 09:34:39,46.98,67200,46.9,U
sh603650,彤程新材,2025-10-13 09:34:42,46.95,53400,46.98,D
sh603650,彤程新材,2025-10-13 09:34:45,47.0,56100,46.95,U
sh603650,彤程新材,2025-10-13 09:34:48,46.95,91400,47.0,D
sh603650,彤程新材,2025-10-13 09:34:51,46.93,107800,46.95,E
sh603650,彤程新材,2025-10-13 09:34:54,46.93,129300,46.93,D
sh603650,彤程新材,2025-10-13 09:34:57,46.92,48400,46.93,U
sh603650,彤程新材,2025-10-13 09:35:00,46.7,35300,46.92,D
sh603650,彤程新材,2025-10-13 09:35:03,46.68,47900,46.7,D
sh603650,彤程新材,2025-10-13 09:35:06,46.68,70800,46.68,D
sh603650,彤程新材,2025-10-13 09:35:09,46.5,41900,46.68,D
sh603650,彤程新材,2025-10-13 09:35:12,46.5,61200,46.5,D
sh603650,彤程新材,2025-10-13 09:35:15,46.47,25900,46.5,D
sh603650,彤程新材,2025-10-13 09:35:18,46.4,26800,46.47,D
sh603650,彤程新材,2025-10-13 09:35:21,46.41,27700,46.4,E
sh603650,彤程新材,2025-10-13 09:35:24,46.37,52300,46.41,D
sh603650,彤程新材,2025-10-13 09:35:27,46.36,56902,46.37,D
sh603650,彤程新材,2025-10-13 09:35:30,46.23,37600,46.36,D
sh603650,彤程新材,2025-10-13 09:35:33,46.3,41300,46.23,U
sh603650,彤程新材,2025-10-13 09:35:36,46.23,52800,46.3,E
sh603650,彤程新材,2025-10-13 09:35:39,46.23,87200,46.23,U
sh603650,彤程新材,2025-10-13 09:35:42,46.2,118200,46.23,D
sh603650,彤程新材,2025-10-13 09:35:45,46.2,47700,46.2,U
sh603650,彤程新材,2025-10-13 09:35:48,46.2,108700,46.2,D
sh603650,彤程新材,2025-10-13 09:35:51,46.19,46900,46.2,E
sh603650,彤程新材,2025-10-13 09:35:54,46.21,70000,46.19,U
sh603650,彤程新材,2025-10-13 09:35:57,46.25,68400,46.21,U
sh603650,彤程新材,2025-10-13 09:36:00,46.39,40600,46.25,U
sh603650,彤程新材,2025-10-13 09:36:03,46.39,21900,46.39,D
sh603650,彤程新材,2025-10-13 09:36:06,46.41,48500,46.39,U
sh603650,彤程新材,2025-10-13 09:36:09,46.4,31600,46.41,D
sh603650,彤程新材,2025-10-13 09:36:12,46.41,155400,46.4,U
sh603650,彤程新材,2025-10-13 09:36:15,46.4,82900,46.41,D
sh603650,彤程新材,2025-10-13 09:36:18,46.48,64000,46.4,U
sh603650,彤程新材,2025-10-13 09:36:21,46.49,43000,46.48,U
sh603650,彤程新材,2025-10-13 09:36:24,46.48,66200,46.49,U
sh603650,彤程新材,2025-10-13 09:36:27,46.4,50300,46.48,D
sh603650,彤程新材,2025-10-13 09:36:30,46.35,24800,46.4,D
sh603650,彤程新材,2025-10-13 09:36:33,46.39,102400,46.35,U
sh603650,彤程新材,2025-10-13 09:36:36,46.47,78300,46.39,U
sh603650,彤程新材,2025-10-13 09:36:39,46.48,97200,46.47,U
sh603650,彤程新材,2025-10-13 09:36:42,46.55,54000,46.48,U
sh603650,彤程新材,2025-10-13 09:36:45,46.55,85100,46.55,D
sh603650,彤程新材,2025-10-13 09:36:48,46.8,31300,46.55,U
sh603650,彤程新材,2025-10-13 09:36:51,46.81,15200,46.8,U
sh603650,彤程新材,2025-10-13 09:36:54,46.82,32500,46.81,U
sh603650,彤程新材,2025-10-13 09:36:57,46.86,76000,46.82,U
sh603650,彤程新材,2025-10-13 09:37:00,46.92,44500,46.86,U
sh603650,彤程新材,2025-10-13 09:37:03,46.94,56000,46.92,U
sh603650,彤程新材,2025-10-13 09:37:06,46.92,47100,46.94,D
sh603650,彤程新材,2025-10-13 09:37:09,46.98,72800,46.92,U
sh603650,彤程新材,2025-10-13 09:37:12,46.99,44600,46.98,U
sh603650,彤程新材,2025-10-13 09:37:15,47.03,123800,46.99,U
sh603650,彤程新材,2025-10-13 09:37:18,47.03,32800,47.03,D
sh603650,彤程新材,2025-10-13 09:37:21,46.98,68000,47.03,D
sh603650,彤程新材,2025-10-13 09:37:24,46.98,65900,46.98,D
sh603650,彤程新材,2025-10-13 09:37:27,46.98,68800,46.98,U
sh603650,彤程新材,2025-10-13 09:37:30,46.93,54900,46.98,E
sh603650,彤程新材,2025-10-13 09:37:33,46.98,50400,46.93,U
sh603650,彤程新材,2025-10-13 09:37:36,46.87,54800,46.98,D
sh603650,彤程新材,2025-10-13 09:37:39,46.93,27100,46.87,U
sh603650,彤程新材,2025-10-13 09:37:42,46.93,49400,46.93,D
sh603650,彤程新材,2025-10-13 09:37:45,46.87,52900,46.93,D
sh603650,彤程新材,2025-10-13 09:37:48,46.88,28800,46.87,E
sh603650,彤程新材,2025-10-13 09:37:51,46.97,152400,46.88,U
sh603650,彤程新材,2025-10-13 09:37:54,46.9,33900,46.97,E
sh603650,彤程新材,2025-10-13 09:37:57,46.89,67300,46.9,D
sh603650,彤程新材,2025-10-13 09:38:00,46.87,96700,46.89,D
sh603650,彤程新材,2025-10-13 09:38:03,46.8,21500,46.87,D
sh603650,彤程新材,2025-10-13 09:38:06,46.79,18900,46.8,D
sh603650,彤程新材,2025-10-13 09:38:09,46.67,6300,46.79,D
sh603650,彤程新材,2025-10-13 09:38:12,46.6,18900,46.67,D
sh603650,彤程新材,2025-10-13 09:38:15,46.6,32600,46.6,D
sh603650,彤程新材,2025-10-13 09:38:18,46.58,30200,46.6,D
sh603650,彤程新材,2025-10-13 09:38:21,46.48,15400,46.58,D
sh603650,彤程新材,2025-10-13 09:38:24,46.56,23400,46.48,U
sh603650,彤程新材,2025-10-13 09:38:27,46.48,93400,46.56,U
sh603650,彤程新材,2025-10-13 09:38:30,46.4,16100,46.48,D
sh603650,彤程新材,2025-10-13 09:38:33,46.4,57100,46.4,D
sh603650,彤程新材,2025-10-13 09:38:36,46.36,40000,46.4,D
sh603650,彤程新材,2025-10-13 09:38:39,46.37,43200,46.36,U
sh603650,彤程新材,2025-10-13 09:38:42,46.3,15700,46.37,D
sh603650,彤程新材,2025-10-13 09:38:45,46.23,32600,46.3,D
sh603650,彤程新材,2025-10-13 09:38:48,46.2,12700,46.23,D
sh603650,彤程新材,2025-10-13 09:38:51,46.2,10900,46.2,D
sh603650,彤程新材,2025-10-13 09:38:54,46.2,25300,46.2,D
sh603650,彤程新材,2025-10-13 09:38:57,46.2,36100,46.2,U
sh603650,彤程新材,2025-10-13 09:39:00,46.1,27300,46.2,D
sh603650,彤程新材,2025-10-13 09:39:03,46.1,16800,46.1,U
sh603650,彤程新材,2025-10-13 09:39:06,46.1,41500,46.1,D
sh603650,彤程新材,2025-10-13 09:39:09,46.12,58800,46.1,E
sh603650,彤程新材,2025-10-13 09:39:12,46.06,69791,46.12,D
sh603650,彤程新材,2025-10-13 09:39:15,46.12,139000,46.06,E
sh603650,彤程新材,2025-10-13 09:39:18,46.3,40600,46.12,U
sh603650,彤程新材,2025-10-13 09:39:21,46.35,45200,46.3,U
sh603650,彤程新材,2025-10-13 09:39:24,46.48,41400,46.35,U
sh603650,彤程新材,2025-10-13 09:39:27,46.59,40600,46.48,U
sh603650,彤程新材,2025-10-13 09:39:30,46.67,35000,46.59,U
sh603650,彤程新材,2025-10-13 09:39:33,46.76,17100,46.67,U
sh603650,彤程新材,2025-10-13 09:39:36,46.76,48200,46.76,D
sh603650,彤程新材,2025-10-13 09:39:39,46.67,23600,46.76,D
sh603650,彤程新材,2025-10-13 09:39:42,46.6,45100,46.67,D
sh603650,彤程新材,2025-10-13 09:39:45,46.49,48500,46.6,D
sh603650,彤程新材,2025-10-13 09:39:48,46.46,40900,46.49,D
sh603650,彤程新材,2025-10-13 09:39:51,46.36,14600,46.46,D
sh603650,彤程新材,2025-10-13 09:39:54,46.39,11400,46.36,U
sh603650,彤程新材,2025-10-13 09:39:57,46.39,14700,46.39,D
sh603650,彤程新材,2025-10-13 09:40:00,46.39,39100,46.39,U
sh603650,彤程新材,2025-10-13 09:40:03,46.41,10800,46.39,D
sh603650,彤程新材,2025-10-13 09:40:06,46.5,37100,46.41,U
sh603650,彤程新材,2025-10-13 09:40:09,46.48,39600,46.5,D
sh603650,彤程新材,2025-10-13 09:40:12,46.5,20500,46.48,U
sh603650,彤程新材,2025-10-13 09:40:15,46.5,23200,46.5,U
sh603650,彤程新材,2025-10-13 09:40:18,46.48,48900,46.5,D
sh603650,彤程新材,2025-10-13 09:40:21,46.39,66000,46.48,D
sh603650,彤程新材,2025-10-13 09:40:24,46.24,43700,46.39,D
sh603650,彤程新材,2025-10-13 09:40:27,46.2,11300,46.24,D
sh603650,彤程新材,2025-10-13 09:40:30,46.25,30300,46.2,U
sh603650,彤程新材,2025-10-13 09:40:33,46.2,25000,46.25,D
sh603650,彤程新材,2025-10-13 09:40:36,46.18,19000,46.2,D
sh603650,彤程新材,2025-10-13 09:40:39,46.17,37300,46.18,E
sh603650,彤程新材,2025-10-13 09:40:42,46.12,45800,46.17,D
sh603650,彤程新材,2025-10-13 09:40:45,46.17,16700,46.12,U
sh603650,彤程新材,2025-10-13 09:40:48,46.13,14800,46.17,E
sh603650,彤程新材,2025-10-13 09:40:51,46.1,31700,46.13,D
sh603650,彤程新材,2025-10-13 09:40:54,46.06,6700,46.1,D
sh603650,彤程新材,2025-10-13 09:40:57,46.06,7600,46.06,U
sh603650,彤程新材,2025-10-13 09:41:00,45.96,39009,46.06,D
sh603650,彤程新材,2025-10-13 09:41:03,45.98,13200,45.96,U
sh603650,彤程新材,2025-10-13 09:41:06,45.92,16300,45.98,E
sh603650,彤程新材,2025-10-13 09:41:09,46.0,39700,45.92,U
sh603650,彤程新材,2025-10-13 09:41:12,45.97,18400,46.0,D
sh603650,彤程新材,2025-10-13 09:41:15,45.9,41600,45.97,D
sh603650,彤程新材,2025-10-13 09:41:18,45.88,20600,45.9,D
sh603650,彤程新材,2025-10-13 09:41:21,45.87,15900,45.88,D
sh603650,彤程新材,2025-10-13 09:41:24,45.88,47891,45.87,U
sh603650,彤程新材,2025-10-13 09:41:27,45.87,57600,45.88,D
sh603650,彤程新材,2025-10-13 09:41:30,45.87,39766,45.87,D
sh603650,彤程新材,2025-10-13 09:41:33,45.97,26600,45.87,U
sh603650,彤程新材,2025-10-13 09:41:36,46.0,41400,45.97,U
sh603650,彤程新材,2025-10-13 09:41:39,46.0,8900,46.0,D
sh603650,彤程新材,2025-10-13 09:41:42,45.9,15900,46.0,D
sh603650,彤程新材,2025-10-13 09:41:45,45.9,39400,45.9,D
sh603650,彤程新材,2025-10-13 09:41:48,45.89,5400,45.9,E
sh603650,彤程新材,2025-10-13 09:41:51,45.87,21500,45.89,D
sh603650,彤程新材,2025-10-13 09:41:54,45.77,46600,45.87,D
sh603650,彤程新材,2025-10-13 09:41:57,45.77,32900,45.77,D
sh603650,彤程新材,2025-10-13 09:42:00,45.78,16700,45.77,U
sh603650,彤程新材,2025-10-13 09:42:03,45.78,12400,45.78,D
sh603650,彤程新材,2025-10-13 09:42:06,45.81,9700,45.78,E
sh603650,彤程新材,2025-10-13 09:42:09,45.82,15200,45.81,U
sh603650,彤程新材,2025-10-13 09:42:12,45.86,29100,45.82,U
sh603650,彤程新材,2025-10-13 09:42:15,45.87,5600,45.86,U
sh603650,彤程新材,2025-10-13 09:42:18,45.9,65100,45.87,U
sh603650,彤程新材,2025-10-13 09:42:21,45.91,5800,45.9,E
sh603650,彤程新材,2025-10-13 09:42:24,45.97,17400,45.91,E
sh603650,彤程新材,2025-10-13 09:42:27,45.98,27200,45.97,U
sh603650,彤程新材,2025-10-13 09:42:30,45.98,17700,45.98,D
sh603650,彤程新材,2025-10-13 09:42:33,45.98,25600,45.98,D
sh603650,彤程新材,2025-10-13 09:42:36,46.0,11300,45.98,U
sh603650,彤程新材,2025-10-13 09:42:39,46.0,10700,46.0,U
sh603650,彤程新材,2025-10-13 09:42:42,45.99,31900,46.0,D
sh603650,彤程新材,2025-10-13 09:42:45,45.95,50200,45.99,D
sh603650,彤程新材,2025-10-13 09:42:48,45.91,27100,45.95,D
sh603650,彤程新材,2025-10-13 09:42:51,45.91,8000,45.91,U
sh603650,彤程新材,2025-10-13 09:42:54,45.95,14800,45.91,E
sh603650,彤程新材,2025-10-13 09:42:57,45.91,14400,45.95,D
sh603650,彤程新材,2025-10-13 09:43:00,45.9,7800,45.91,D
sh603650,彤程新材,2025-10-13 09:43:03,45.83,47300,45.9,D
sh603650,彤程新材,2025-10-13 09:43:06,45.78,63300,45.83,D
sh603650,彤程新材,2025-10-13 09:43:09,45.77,14000,45.78,D
sh603650,彤程新材,2025-10-13 09:43:12,45.77,7200,45.77,U
sh603650,彤程新材,2025-10-13 09:43:15,45.77,39000,45.77,U
sh603650,彤程新材,2025-10-13 09:43:18,45.79,27700,45.77,U
sh603650,彤程新材,2025-10-13 09:43:21,45.77,17900,45.79,D
sh603650,彤程新材,2025-10-13 09:43:24,45.77,36100,45.77,D
sh603650,彤程新材,2025-10-13 09:43:27,45.76,16600,45.77,D
sh603650,彤程新材,2025-10-13 09:43:30,45.75,9600,45.76,D
sh603650,彤程新材,2025-10-13 09:43:33,45.75,20000,45.75,D
sh603650,彤程新材,2025-10-13 09:43:36,45.72,9700,45.75,D
sh603650,彤程新材,2025-10-13 09:43:39,45.75,24900,45.72,U
sh603650,彤程新材,2025-10-13 09:43:42,45.82,11600,45.75,U
sh603650,彤程新材,2025-10-13 09:43:45,45.76,5900,45.82,E
sh603650,彤程新材,2025-10-13 09:43:48,45.81,4500,45.76,E
sh603650,彤程新材,2025-10-13 09:43:51,45.84,5200,45.81,U
sh603650,彤程新材,2025-10-13 09:43:57,45.9,11400,45.84,U
sh603650,彤程新材,2025-10-13 09:44:00,45.9,6700,45.9,D
sh603650,彤程新材,2025-10-13 09:44:03,45.92,12500,45.9,U
sh603650,彤程新材,2025-10-13 09:44:06,45.94,25200,45.92,U
sh603650,彤程新材,2025-10-13 09:44:09,45.97,8600,45.94,U
sh603650,彤程新材,2025-10-13 09:44:12,45.98,5800,45.97,U
sh603650,彤程新材,2025-10-13 09:44:15,46.02,26500,45.98,U
sh603650,彤程新材,2025-10-13 09:44:18,46.1,6000,46.02,U
sh603650,彤程新材,2025-10-13 09:44:21,46.13,20800,46.1,U
sh603650,彤程新材,2025-10-13 09:44:24,46.2,25900,46.13,U
sh603650,彤程新材,2025-10-13 09:44:27,46.3,35400,46.2,U
sh603650,彤程新材,2025-10-13 09:44:30,46.32,14100,46.3,U
sh603650,彤程新材,2025-10-13 09:44:33,46.45,9400,46.32,U
sh603650,彤程新材,2025-10-13 09:44:39,46.39,26300,46.44,D
sh603650,彤程新材,2025-10-13 09:44:42,46.44,54400,46.39,U
sh603650,彤程新材,2025-10-13 09:44:45,46.3,38200,46.44,D
sh603650,彤程新材,2025-10-13 09:44:48,46.29,9200,46.3,E
sh603650,彤程新材,2025-10-13 09:44:54,46.3,9500,46.32,D
sh603650,彤程新材,2025-10-13 09:44:57,46.33,12600,46.3,U
sh603650,彤程新材,2025-10-13 09:45:00,46.35,17200,46.33,U
sh603650,彤程新材,2025-10-13 09:45:03,46.44,5500,46.35,U
sh603650,彤程新材,2025-10-13 09:45:06,46.4,16500,46.44,D
sh603650,彤程新材,2025-10-13 09:45:09,46.39,23600,46.4,D
sh603650,彤程新材,2025-10-13 09:45:12,46.39,7200,46.39,U
sh603650,彤程新材,2025-10-13 09:45:15,46.33,24800,46.39,D
sh603650,彤程新材,2025-10-13 09:45:18,46.23,89100,46.33,D
sh603650,彤程新材,2025-10-13 09:45:21,46.22,5700,46.23,D
sh603650,彤程新材,2025-10-13 09:45:24,46.16,6900,46.22,D
sh603650,彤程新材,2025-10-13 09:45:30,46.17,42600,46.14,U
sh603650,彤程新材,2025-10-13 09:45:33,46.17,13100,46.17,U
sh603650,彤程新材,2025-10-13 09:45:36,46.17,7100,46.17,U
sh603650,彤程新材,2025-10-13 09:45:39,46.14,25700,46.17,D
sh603650,彤程新材,2025-10-13 09:45:42,46.14,13200,46.14,D
sh603650,彤程新材,2025-10-13 09:45:45,46.13,19600,46.14,D
sh603650,彤程新材,2025-10-13 09:45:48,46.1,10200,46.13,D
sh603650,彤程新材,2025-10-13 09:45:51,46.1,15100,46.1,D
sh603650,彤程新材,2025-10-13 09:45:57,46.08,11100,46.08,E
sh603650,彤程新材,2025-10-13 09:46:00,46.06,9100,46.08,D
sh603650,彤程新材,2025-10-13 09:46:03,46.07,10400,46.06,U
sh603650,彤程新材,2025-10-13 09:46:06,46.13,18100,46.07,U
sh603650,彤程新材,2025-10-13 09:46:09,46.13,22700,46.13,U
sh603650,彤程新材,2025-10-13 09:46:12,46.28,43500,46.13,U
sh603650,彤程新材,2025-10-13 09:46:18,46.33,16200,46.33,U
sh603650,彤程新材,2025-10-13 09:46:21,46.41,37100,46.33,U
sh603650,彤程新材,2025-10-13 09:46:24,46.47,42000,46.41,U
sh603650,彤程新材,2025-10-13 09:46:27,46.45,32400,46.47,D
sh603650,彤程新材,2025-10-13 09:46:30,46.33,84300,46.45,D
sh603650,彤程新材,2025-10-13 09:46:33,46.38,21300,46.33,U
sh603650,彤程新材,2025-10-13 09:46:36,46.33,5100,46.38,D
sh603650,彤程新材,2025-10-13 09:46:39,46.36,12800,46.33,E
sh603650,彤程新材,2025-10-13 09:46:42,46.33,6198,46.36,D
sh603650,彤程新材,2025-10-13 09:46:45,46.35,5302,46.33,U
sh603650,彤程新材,2025-10-13 09:46:48,46.33,10200,46.35,U
sh603650,彤程新材,2025-10-13 09:46:51,46.33,5400,46.33,D
sh603650,彤程新材,2025-10-13 09:46:54,46.33,25100,46.33,U
sh603650,彤程新材,2025-10-13 09:46:57,46.28,6900,46.33,D
sh603650,彤程新材,2025-10-13 09:47:00,46.25,13200,46.28,D
sh603650,彤程新材,2025-10-13 09:47:09,46.27,11700,46.25,U
sh603650,彤程新材,2025-10-13 09:47:12,46.25,13700,46.27,D
sh603650,彤程新材,2025-10-13 09:47:18,46.16,8500,46.24,D
sh603650,彤程新材,2025-10-13 09:47:24,46.11,11200,46.15,D
sh603650,彤程新材,2025-10-13 09:47:36,46.06,14200,46.07,D
sh603650,彤程新材,2025-10-13 09:47:39,46.03,7800,46.06,D
sh603650,彤程新材,2025-10-13 09:47:42,46.0,20100,46.03,D
sh603650,彤程新材,2025-10-13 09:47:54,45.96,9500,45.96,D
sh603650,彤程新材,2025-10-13 09:47:57,45.96,8200,45.96,U
sh603650,彤程新材,2025-10-13 09:48:00,45.96,20400,45.96,U
sh603650,彤程新材,2025-10-13 09:48:03,45.97,28300,45.96,U
sh603650,彤程新材,2025-10-13 09:48:06,45.98,13800,45.97,E
sh603650,彤程新材,2025-10-13 09:48:12,46.01,18900,45.98,U
sh603650,彤程新材,2025-10-13 09:48:15,46.05,70000,46.01,U
sh603650,彤程新材,2025-10-13 09:48:18,46.1,5000,46.05,U
sh603650,彤程新材,2025-10-13 09:48:21,46.1,15500,46.1,U
sh603650,彤程新材,2025-10-13 09:48:24,46.12,9700,46.1,U
sh603650,彤程新材,2025-10-13 09:48:30,46.16,7800,46.13,U
sh603650,彤程新材,2025-10-13 09:48:33,46.23,16300,46.16,U
sh603650,彤程新材,2025-10-13 09:48:36,46.2,4600,46.23,D
sh603650,彤程新材,2025-10-13 09:48:42,46.24,16600,46.24,U
sh603650,彤程新材,2025-10-13 09:48:45,46.26,5300,46.24,U
sh603650,彤程新材,2025-10-13 09:48:48,46.28,5600,46.26,U
sh603650,彤程新材,2025-10-13 09:48:51,46.25,10100,46.28,D
sh603650,彤程新材,2025-10-13 09:48:57,46.29,11400,46.27,U
sh603650,彤程新材,2025-10-13 09:49:00,46.33,11700,46.29,U
sh603650,彤程新材,2025-10-13 09:49:06,46.27,12600,46.29,D
sh603650,彤程新材,2025-10-13 09:49:09,46.22,31100,46.27,D
sh603650,彤程新材,2025-10-13 09:49:12,46.2,16700,46.22,D
sh603650,彤程新材,2025-10-13 09:49:15,46.19,6300,46.2,E
sh603650,彤程新材,2025-10-13 09:49:18,46.19,5300,46.19,U
sh603650,彤程新材,2025-10-13 09:49:21,46.18,5900,46.19,E
sh603650,彤程新材,2025-10-13 09:49:24,46.2,5100,46.18,U
sh603650,彤程新材,2025-10-13 09:49:33,46.24,9400,46.25,E
sh603650,彤程新材,2025-10-13 09:49:39,46.23,5500,46.25,D
sh603650,彤程新材,2025-10-13 09:49:45,46.27,9100,46.23,U
sh603650,彤程新材,2025-10-13 09:49:48,46.24,4600,46.27,D
sh603650,彤程新材,2025-10-13 09:49:51,46.23,9000,46.24,D
sh603650,彤程新材,2025-10-13 09:49:54,46.24,4400,46.23,U
sh603650,彤程新材,2025-10-13 09:49:57,46.24,12900,46.24,U
sh603650,彤程新材,2025-10-13 09:50:00,46.26,13300,46.24,U
sh603650,彤程新材,2025-10-13 09:50:03,46.28,12300,46.26,U
sh603650,彤程新材,2025-10-13 09:50:09,46.28,9100,46.28,U
sh603650,彤程新材,2025-10-13 09:50:12,46.3,4900,46.28,U
sh603650,彤程新材,2025-10-13 09:50:15,46.3,8100,46.3,U
sh603650,彤程新材,2025-10-13 09:50:18,46.31,9200,46.3,U
sh603650,彤程新材,2025-10-13 09:50:24,46.3,7300,46.3,D
sh603650,彤程新材,2025-10-13 09:50:27,46.3,6400,46.3,D
sh603650,彤程新材,2025-10-13 09:50:30,46.29,4700,46.3,E
sh603650,彤程新材,2025-10-13 09:50:33,46.3,5600,46.29,U
sh603650,彤程新材,2025-10-13 09:50:36,46.3,4600,46.3,U
sh603650,彤程新材,2025-10-13 09:50:39,46.3,8000,46.3,U
sh603650,彤程新材,2025-10-13 09:50:42,46.31,10800,46.3,U
sh603650,彤程新材,2025-10-13 09:50:45,46.32,14500,46.31,U
sh603650,彤程新材,2025-10-13 09:50:48,46.33,12700,46.32,U
sh603650,彤程新材,2025-10-13 09:50:54,46.34,9200,46.33,U
sh603650,彤程新材,2025-10-13 09:50:57,46.34,12900,46.34,U
sh603650,彤程新材,2025-10-13 09:51:00,46.34,24300,46.34,U
sh603650,彤程新材,2025-10-13 09:51:03,46.35,51300,46.34,U
sh603650,彤程新材,2025-10-13 09:51:15,46.41,5200,46.39,U
sh603650,彤程新材,2025-10-13 09:51:18,46.38,15800,46.41,D
sh603650,彤程新材,2025-10-13 09:51:21,46.41,16600,46.38,U
sh603650,彤程新材,2025-10-13 09:51:24,46.42,27800,46.41,U
sh603650,彤程新材,2025-10-13 09:51:27,46.42,8900,46.42,D
sh603650,彤程新材,2025-10-13 09:51:33,46.42,12000,46.42,D
sh603650,彤程新材,2025-10-13 09:51:36,46.44,9500,46.42,U
sh603650,彤程新材,2025-10-13 09:51:39,46.43,8900,46.44,D
sh603650,彤程新材,2025-10-13 09:51:42,46.42,6800,46.43,D
sh603650,彤程新材,2025-10-13 09:51:45,46.41,6700,46.42,D
sh603650,彤程新材,2025-10-13 09:51:48,46.39,17400,46.41,D
sh603650,彤程新材,2025-10-13 09:51:51,46.34,12600,46.39,D
sh603650,彤程新材,2025-10-13 09:51:54,46.31,11100,46.34,D
sh603650,彤程新材,2025-10-13 09:52:00,46.3,6800,46.34,D
sh603650,彤程新材,2025-10-13 09:52:03,46.31,4700,46.3,U
sh603650,彤程新材,2025-10-13 09:52:06,46.34,9300,46.31,U
sh603650,彤程新材,2025-10-13 09:52:09,46.32,5600,46.34,D
sh603650,彤程新材,2025-10-13 09:52:15,46.3,17900,46.34,D
sh603650,彤程新材,2025-10-13 09:52:18,46.34,5400,46.3,E
sh603650,彤程新材,2025-10-13 09:52:24,46.3,4800,46.31,D
sh603650,彤程新材,2025-10-13 09:52:36,46.31,7700,46.29,U
sh603650,彤程新材,2025-10-13 09:52:39,46.3,5800,46.31,D
sh603650,彤程新材,2025-10-13 09:52:42,46.26,69000,46.3,D
sh603650,彤程新材,2025-10-13 09:52:45,46.25,9400,46.26,D
sh603650,彤程新材,2025-10-13 09:52:51,46.25,7000,46.26,D
sh603650,彤程新材,2025-10-13 09:52:54,46.22,7300,46.25,D
sh603650,彤程新材,2025-10-13 09:52:57,46.26,13700,46.22,U
sh603650,彤程新材,2025-10-13 09:53:03,46.26,5100,46.27,D
sh603650,彤程新材,2025-10-13 09:53:06,46.18,59100,46.26,D
sh603650,彤程新材,2025-10-13 09:53:09,46.18,21400,46.18,U
sh603650,彤程新材,2025-10-13 09:53:21,46.12,17700,46.16,D
sh603650,彤程新材,2025-10-13 09:53:24,46.12,5000,46.12,U
sh603650,彤程新材,2025-10-13 09:53:33,46.15,6200,46.1,U
sh603650,彤程新材,2025-10-13 09:53:36,46.15,5400,46.15,U
sh603650,彤程新材,2025-10-13 09:53:42,46.09,9100,46.11,D
sh603650,彤程新材,2025-10-13 09:53:51,46.1,7800,46.11,D
sh603650,彤程新材,2025-10-13 09:53:57,46.09,4900,46.09,U
sh603650,彤程新材,2025-10-13 09:54:00,46.09,21300,46.09,U
sh603650,彤程新材,2025-10-13 09:54:03,46.1,5100,46.09,U
sh603650,彤程新材,2025-10-13 09:54:06,46.09,101600,46.1,D
sh603650,彤程新材,2025-10-13 09:54:09,46.01,5800,46.09,D
sh603650,彤程新材,2025-10-13 09:54:15,46.01,28700,46.01,D
sh603650,彤程新材,2025-10-13 09:54:18,46.01,7200,46.01,E
sh603650,彤程新材,2025-10-13 09:54:24,45.98,38900,46.0,D
sh603650,彤程新材,2025-10-13 09:54:27,45.91,22700,45.98,D
sh603650,彤程新材,2025-10-13 09:54:30,45.88,23100,45.91,D
sh603650,彤程新材,2025-10-13 09:54:33,45.87,7000,45.88,D
sh603650,彤程新材,2025-10-13 09:54:36,45.86,9400,45.87,D
sh603650,彤程新材,2025-10-13 09:54:39,45.85,5100,45.86,E
sh603650,彤程新材,2025-10-13 09:54:42,45.85,14000,45.85,U
sh603650,彤程新材,2025-10-13 09:54:45,45.83,15200,45.85,E
sh603650,彤程新材,2025-10-13 09:54:51,45.82,8800,45.82,U
sh603650,彤程新材,2025-10-13 09:54:54,45.81,46500,45.82,E
sh603650,彤程新材,2025-10-13 09:54:57,45.8,13000,45.81,E
sh603650,彤程新材,2025-10-13 09:55:00,45.79,8600,45.8,E
sh603650,彤程新材,2025-10-13 09:55:03,45.79,30200,45.79,U
sh603650,彤程新材,2025-10-13 09:55:06,45.76,6500,45.79,D
sh603650,彤程新材,2025-10-13 09:55:09,45.77,15300,45.76,D
sh603650,彤程新材,2025-10-13 09:55:12,45.72,6300,45.77,D
sh603650,彤程新材,2025-10-13 09:55:15,45.73,10100,45.72,E
sh603650,彤程新材,2025-10-13 09:55:18,45.69,10500,45.73,D
sh603650,彤程新材,2025-10-13 09:55:21,45.76,30600,45.69,U
sh603650,彤程新材,2025-10-13 09:55:24,45.69,6500,45.76,D
sh603650,彤程新材,2025-10-13 09:55:27,45.69,11400,45.69,U
sh603650,彤程新材,2025-10-13 09:55:30,45.69,22500,45.69,U
sh603650,彤程新材,2025-10-13 09:55:33,45.67,5900,45.69,E
sh603650,彤程新材,2025-10-13 09:55:36,45.61,8700,45.67,D
sh603650,彤程新材,2025-10-13 09:55:39,45.53,20300,45.61,D
sh603650,彤程新材,2025-10-13 09:55:42,45.5,15300,45.53,D
sh603650,彤程新材,2025-10-13 09:55:45,45.52,7300,45.5,U
sh603650,彤程新材,2025-10-13 09:55:48,45.5,23400,45.52,D
sh603650,彤程新材,2025-10-13 09:55:51,45.5,12700,45.5,U
sh603650,彤程新材,2025-10-13 09:55:54,45.47,14900,45.5,D
sh603650,彤程新材,2025-10-13 09:55:57,45.4,21300,45.47,D
sh603650,彤程新材,2025-10-13 09:56:00,45.43,16800,45.4,E
sh603650,彤程新材,2025-10-13 09:56:03,45.47,29800,45.43,U
sh603650,彤程新材,2025-10-13 09:56:06,45.44,19700,45.47,E
sh603650,彤程新材,2025-10-13 09:56:09,45.5,18900,45.44,U
sh603650,彤程新材,2025-10-13 09:56:12,45.5,13800,45.5,U
sh603650,彤程新材,2025-10-13 09:56:15,45.54,10100,45.5,U
sh603650,彤程新材,2025-10-13 09:56:18,45.55,5500,45.54,U
sh603650,彤程新材,2025-10-13 09:56:21,45.59,19600,45.55,U
sh603650,彤程新材,2025-10-13 09:56:24,45.59,9700,45.59,U
sh603650,彤程新材,2025-10-13 09:56:27,45.58,31300,45.59,D
sh603650,彤程新材,2025-10-13 09:56:30,45.59,10500,45.58,E
sh603650,彤程新材,2025-10-13 09:56:33,45.59,21300,45.59,D
sh603650,彤程新材,2025-10-13 09:56:36,45.4,22200,45.59,D
sh603650,彤程新材,2025-10-13 09:56:39,45.4,8400,45.4,D
sh603650,彤程新材,2025-10-13 09:56:42,45.4,4900,45.4,D
sh603650,彤程新材,2025-10-13 09:56:45,45.4,19100,45.4,D
sh603650,彤程新材,2025-10-13 09:56:48,45.48,8800,45.4,U
sh603650,彤程新材,2025-10-13 09:56:51,45.34,9800,45.48,D
sh603650,彤程新材,2025-10-13 09:56:57,45.4,5500,45.4,U
sh603650,彤程新材,2025-10-13 09:57:00,45.4,13200,45.4,U
sh603650,彤程新材,2025-10-13 09:57:03,45.37,12600,45.4,D
sh603650,彤程新材,2025-10-13 09:57:06,45.37,6400,45.37,E
sh603650,彤程新材,2025-10-13 09:57:09,45.4,20600,45.37,U
sh603650,彤程新材,2025-10-13 09:57:12,45.4,12500,45.4,U
sh603650,彤程新材,2025-10-13 09:57:15,45.4,7300,45.4,U
sh603650,彤程新材,2025-10-13 09:57:18,45.4,8800,45.4,U
sh603650,彤程新材,2025-10-13 09:57:21,45.4,7800,45.4,D
sh603650,彤程新材,2025-10-13 09:57:27,45.4,11100,45.4,E
sh603650,彤程新材,2025-10-13 09:57:30,45.42,7200,45.4,U
sh603650,彤程新材,2025-10-13 09:57:33,45.4,10300,45.42,D
sh603650,彤程新材,2025-10-13 09:57:36,45.4,16500,45.4,D
sh603650,彤程新材,2025-10-13 09:57:39,45.3,60800,45.4,D
sh603650,彤程新材,2025-10-13 09:57:42,45.3,7800,45.3,U
sh603650,彤程新材,2025-10-13 09:57:45,45.26,11900,45.3,D
sh603650,彤程新材,2025-10-13 09:57:48,45.3,6500,45.26,U
sh603650,彤程新材,2025-10-13 09:57:51,45.26,7100,45.3,U
sh603650,彤程新材,2025-10-13 09:57:57,45.2,5700,45.21,D
sh603650,彤程新材,2025-10-13 09:58:00,45.2,9300,45.2,E
sh603650,彤程新材,2025-10-13 09:58:03,45.13,16900,45.2,D
sh603650,彤程新材,2025-10-13 09:58:06,45.14,14900,45.13,E
sh603650,彤程新材,2025-10-13 09:58:09,45.14,36200,45.14,D
sh603650,彤程新材,2025-10-13 09:58:12,45.14,25900,45.14,U
sh603650,彤程新材,2025-10-13 09:58:15,45.13,56500,45.14,D
sh603650,彤程新材,2025-10-13 09:58:18,45.13,30800,45.13,U
sh603650,彤程新材,2025-10-13 09:58:21,45.18,25900,45.13,U
sh603650,彤程新材,2025-10-13 09:58:24,45.12,19500,45.18,D
sh603650,彤程新材,2025-10-13 09:58:27,45.11,8800,45.12,D
sh603650,彤程新材,2025-10-13 09:58:30,45.12,22500,45.11,E
sh603650,彤程新材,2025-10-13 09:58:36,45.09,14200,45.11,D
sh603650,彤程新材,2025-10-13 09:58:39,45.07,8700,45.09,E
sh603650,彤程新材,2025-10-13 09:58:42,45.1,130800,45.07,U
sh603650,彤程新材,2025-10-13 09:58:45,45.03,37200,45.1,D
sh603650,彤程新材,2025-10-13 09:58:48,45.11,37100,45.03,U
sh603650,彤程新材,2025-10-13 09:58:51,45.16,69600,45.11,U
sh603650,彤程新材,2025-10-13 09:58:54,45.2,15100,45.16,U
sh603650,彤程新材,2025-10-13 09:58:57,45.25,14200,45.2,U
sh603650,彤程新材,2025-10-13 09:59:00,45.24,14000,45.25,D
sh603650,彤程新材,2025-10-13 09:59:03,45.27,12900,45.24,U
sh603650,彤程新材,2025-10-13 09:59:09,45.38,13500,45.3,U
sh603650,彤程新材,2025-10-13 09:59:15,45.38,10100,45.38,D
sh603650,彤程新材,2025-10-13 09:59:18,45.4,17700,45.38,U
sh603650,彤程新材,2025-10-13 09:59:21,45.4,7400,45.4,U
sh603650,彤程新材,2025-10-13 09:59:24,45.45,21700,45.4,U
sh603650,彤程新材,2025-10-13 09:59:27,45.44,5000,45.45,D
sh603650,彤程新材,2025-10-13 09:59:30,45.45,9500,45.44,D
sh603650,彤程新材,2025-10-13 09:59:33,45.47,15500,45.45,U
sh603650,彤程新材,2025-10-13 09:59:36,45.46,7700,45.47,E
sh603650,彤程新材,2025-10-13 09:59:39,45.42,33400,45.46,D
sh603650,彤程新材,2025-10-13 09:59:42,45.37,12200,45.42,D
sh603650,彤程新材,2025-10-13 09:59:45,45.42,7000,45.37,U
sh603650,彤程新材,2025-10-13 09:59:51,45.35,12100,45.39,D
sh603650,彤程新材,2025-10-13 09:59:54,45.35,6200,45.35,D
sh603650,彤程新材,2025-10-13 09:59:57,45.37,8100,45.35,U
sh603650,彤程新材,2025-10-13 10:00:00,45.34,26900,45.37,D
sh603650,彤程新材,2025-10-13 10:00:03,45.35,30500,45.34,U
sh603650,彤程新材,2025-10-13 10:00:06,45.3,6500,45.35,D
sh603650,彤程新材,2025-10-13 10:00:12,45.28,10400,45.31,D
sh603650,彤程新材,2025-10-13 10:00:15,45.1,18300,45.28,D
sh603650,彤程新材,2025-10-13 10:00:18,45.0,20500,45.1,D
sh603650,彤程新材,2025-10-13 10:00:21,44.98,36500,45.0,D
sh603650,彤程新材,2025-10-13 10:00:24,44.95,7000,44.98,D
sh603650,彤程新材,2025-10-13 10:00:27,44.98,10600,44.95,U
sh603650,彤程新材,2025-10-13 10:00:30,44.9,6800,44.98,D
sh603650,彤程新材,2025-10-13 10:00:33,44.93,8200,44.9,U
sh603650,彤程新材,2025-10-13 10:00:36,44.91,11500,44.93,D
sh603650,彤程新材,2025-10-13 10:00:39,44.9,11600,44.91,E
sh603650,彤程新材,2025-10-13 10:00:42,44.88,16700,44.9,D
sh603650,彤程新材,2025-10-13 10:00:45,44.87,6500,44.88,U
sh603650,彤程新材,2025-10-13 10:00:48,44.88,18600,44.87,U
sh603650,彤程新材,2025-10-13 10:00:51,44.89,8300,44.88,U
sh603650,彤程新材,2025-10-13 10:00:54,44.98,28200,44.89,U
sh603650,彤程新材,2025-10-13 10:00:57,45.01,10400,44.98,U
sh603650,彤程新材,2025-10-13 10:01:00,45.02,8000,45.01,U
sh603650,彤程新材,2025-10-13 10:01:06,45.16,12600,45.07,U
sh603650,彤程新材,2025-10-13 10:01:09,45.15,6200,45.16,D
sh603650,彤程新材,2025-10-13 10:01:12,45.12,15500,45.15,D
sh603650,彤程新材,2025-10-13 10:01:15,45.12,11500,45.12,U
sh603650,彤程新材,2025-10-13 10:01:21,45.12,6900,45.11,U
sh603650,彤程新材,2025-10-13 10:01:24,45.15,22900,45.12,U
sh603650,彤程新材,2025-10-13 10:01:27,45.11,7600,45.15,E
sh603650,彤程新材,2025-10-13 10:01:30,45.13,4800,45.11,U
sh603650,彤程新材,2025-10-13 10:01:33,45.12,6600,45.13,D
sh603650,彤程新材,2025-10-13 10:01:39,45.15,11200,45.13,U
sh603650,彤程新材,2025-10-13 10:01:45,45.18,4500,45.17,U
sh603650,彤程新材,2025-10-13 10:02:03,45.25,6000,45.22,U
sh603650,彤程新材,2025-10-13 10:02:06,45.22,17600,45.25,D
sh603650,彤程新材,2025-10-13 10:02:09,45.25,6000,45.22,U
sh603650,彤程新材,2025-10-13 10:02:12,45.25,5100,45.25,D
sh603650,彤程新材,2025-10-13 10:02:15,45.25,9200,45.25,U
sh603650,彤程新材,2025-10-13 10:02:18,45.26,10400,45.25,U
sh603650,彤程新材,2025-10-13 10:02:21,45.3,4500,45.26,U
sh603650,彤程新材,2025-10-13 10:02:24,45.3,4600,45.3,U
sh603650,彤程新材,2025-10-13 10:02:30,45.22,11100,45.25,D
sh603650,彤程新材,2025-10-13 10:02:33,45.25,19000,45.22,U
sh603650,彤程新材,2025-10-13 10:02:36,45.26,5900,45.25,U
sh603650,彤程新材,2025-10-13 10:02:39,45.26,6900,45.26,D
sh603650,彤程新材,2025-10-13 10:02:42,45.28,7000,45.26,U
sh603650,彤程新材,2025-10-13 10:02:45,45.28,5800,45.28,U
sh603650,彤程新材,2025-10-13 10:02:51,45.25,15300,45.26,D
sh603650,彤程新材,2025-10-13 10:02:54,45.21,5200,45.25,D
sh603650,彤程新材,2025-10-13 10:02:57,45.25,7200,45.21,U
sh603650,彤程新材,2025-10-13 10:03:12,45.22,10800,45.2,U
sh603650,彤程新材,2025-10-13 10:03:15,45.22,6100,45.22,U
sh603650,彤程新材,2025-10-13 10:03:18,45.22,7000,45.22,D
sh603650,彤程新材,2025-10-13 10:03:21,45.2,7300,45.22,D
sh603650,彤程新材,2025-10-13 10:03:33,45.28,9200,45.28,U
sh603650,彤程新材,2025-10-13 10:03:36,45.25,9900,45.28,D
sh603650,彤程新材,2025-10-13 10:03:39,45.25,6600,45.25,D
sh603650,彤程新材,2025-10-13 10:03:51,45.23,12100,45.28,D
sh603650,彤程新材,2025-10-13 10:04:00,45.28,8800,45.25,U
sh603650,彤程新材,2025-10-13 10:04:03,45.34,41200,45.28,U
sh603650,彤程新材,2025-10-13 10:04:09,45.38,5600,45.35,U
sh603650,彤程新材,2025-10-13 10:04:18,45.37,8000,45.38,D
sh603650,彤程新材,2025-10-13 10:04:21,45.39,7500,45.37,U
sh603650,彤程新材,2025-10-13 10:04:24,45.38,6100,45.39,D
sh603650,彤程新材,2025-10-13 10:04:33,45.41,6400,45.4,U
sh603650,彤程新材,2025-10-13 10:04:36,45.4,11800,45.41,D
sh603650,彤程新材,2025-10-13 10:04:39,45.43,5200,45.4,U
sh603650,彤程新材,2025-10-13 10:04:42,45.42,6800,45.43,E
sh603650,彤程新材,2025-10-13 10:04:45,45.46,8400,45.42,U
sh603650,彤程新材,2025-10-13 10:04:54,45.5,4500,45.48,U
sh603650,彤程新材,2025-10-13 10:05:06,45.45,27800,45.52,D
sh603650,彤程新材,2025-10-13 10:05:09,45.51,17600,45.45,U
sh603650,彤程新材,2025-10-13 10:05:12,45.5,5600,45.51,D
sh603650,彤程新材,2025-10-13 10:05:15,45.51,4500,45.5,U
sh603650,彤程新材,2025-10-13 10:05:24,45.5,6400,45.52,D
sh603650,彤程新材,2025-10-13 10:05:30,45.52,6700,45.52,D
sh603650,彤程新材,2025-10-13 10:05:33,45.55,8800,45.52,U
sh603650,彤程新材,2025-10-13 10:05:39,45.52,5300,45.53,E
sh603650,彤程新材,2025-10-13 10:05:48,45.54,15100,45.52,U
sh603650,彤程新材,2025-10-13 10:05:51,45.54,5300,45.54,U
sh603650,彤程新材,2025-10-13 10:06:00,45.52,15700,45.53,D
sh603650,彤程新材,2025-10-13 10:06:06,45.51,5200,45.53,E
sh603650,彤程新材,2025-10-13 10:06:09,45.46,7600,45.51,D
sh603650,彤程新材,2025-10-13 10:06:12,45.48,7700,45.46,U
sh603650,彤程新材,2025-10-13 10:06:24,45.4,5300,45.42,D
sh603650,彤程新材,2025-10-13 10:06:27,45.38,14900,45.4,D
sh603650,彤程新材,2025-10-13 10:06:36,45.3,5100,45.37,D
sh603650,彤程新材,2025-10-13 10:06:39,45.3,5800,45.3,D
sh603650,彤程新材,2025-10-13 10:06:45,45.28,5200,45.28,D
sh603650,彤程新材,2025-10-13 10:06:51,45.2,30000,45.25,D
sh603650,彤程新材,2025-10-13 10:06:54,45.2,15900,45.2,U
sh603650,彤程新材,2025-10-13 10:07:00,45.2,17900,45.2,U
sh603650,彤程新材,2025-10-13 10:07:03,45.19,9500,45.2,E
sh603650,彤程新材,2025-10-13 10:07:06,45.2,6400,45.19,U
sh603650,彤程新材,2025-10-13 10:07:18,45.15,17700,45.15,D
sh603650,彤程新材,2025-10-13 10:07:21,45.15,4500,45.15,U
sh603650,彤程新材,2025-10-13 10:07:24,45.15,5600,45.15,U
sh603650,彤程新材,2025-10-13 10:07:36,45.1,14300,45.11,D
sh603650,彤程新材,2025-10-13 10:07:39,45.09,6000,45.1,D
sh603650,彤程新材,2025-10-13 10:07:48,45.09,5300,45.09,U
sh603650,彤程新材,2025-10-13 10:07:54,45.08,5200,45.09,D
sh603650,彤程新材,2025-10-13 10:08:00,45.06,17700,45.06,D
sh603650,彤程新材,2025-10-13 10:08:03,45.03,10000,45.06,E
sh603650,彤程新材,2025-10-13 10:08:09,45.06,10900,45.05,U
sh603650,彤程新材,2025-10-13 10:08:12,45.05,8900,45.06,D
sh603650,彤程新材,2025-10-13 10:08:18,45.06,5300,45.03,U
sh603650,彤程新材,2025-10-13 10:08:33,45.08,9700,45.06,U
sh603650,彤程新材,2025-10-13 10:08:39,45.05,11300,45.08,D
sh603650,彤程新材,2025-10-13 10:08:45,45.08,7500,45.06,U
sh603650,彤程新材,2025-10-13 10:08:57,45.05,19100,45.05,D
sh603650,彤程新材,2025-10-13 10:09:00,45.07,9500,45.05,U
sh603650,彤程新材,2025-10-13 10:09:03,45.08,7800,45.07,U
sh603650,彤程新材,2025-10-13 10:09:09,45.05,7400,45.06,D
sh603650,彤程新材,2025-10-13 10:09:15,45.0,45200,45.05,D
sh603650,彤程新材,2025-10-13 10:09:18,45.04,62900,45.0,U
sh603650,彤程新材,2025-10-13 10:09:30,44.96,7500,44.91,U
sh603650,彤程新材,2025-10-13 10:09:42,44.97,17600,44.97,U
sh603650,彤程新材,2025-10-13 10:09:51,44.96,9800,44.96,D
sh603650,彤程新材,2025-10-13 10:09:54,44.95,7500,44.96,D
sh603650,彤程新材,2025-10-13 10:09:57,45.0,8300,44.95,U
sh603650,彤程新材,2025-10-13 10:10:27,45.09,12300,45.04,U
sh603650,彤程新材,2025-10-13 10:10:42,45.2,5600,45.14,U
sh603650,彤程新材,2025-10-13 10:10:57,45.24,7900,45.24,U
sh603650,彤程新材,2025-10-13 10:11:00,45.25,6200,45.24,U
sh603650,彤程新材,2025-10-13 10:11:03,45.22,19200,45.25,D
sh603650,彤程新材,2025-10-13 10:11:09,45.22,12100,45.22,U
sh603650,彤程新材,2025-10-13 10:11:12,45.13,6600,45.22,D
sh603650,彤程新材,2025-10-13 10:11:18,45.11,10000,45.21,D
sh603650,彤程新材,2025-10-13 10:11:24,45.03,9100,45.07,D
sh603650,彤程新材,2025-10-13 10:11:27,45.03,6100,45.03,D
sh603650,彤程新材,2025-10-13 10:11:30,45.0,6100,45.03,D
sh603650,彤程新材,2025-10-13 10:11:33,45.02,11900,45.0,U
sh603650,彤程新材,2025-10-13 10:11:36,45.02,5600,45.02,U
sh603650,彤程新材,2025-10-13 10:11:39,45.02,9200,45.02,U
sh603650,彤程新材,2025-10-13 10:11:42,45.02,10100,45.02,U
sh603650,彤程新材,2025-10-13 10:11:45,45.03,6300,45.02,U
sh603650,彤程新材,2025-10-13 10:11:48,45.07,7700,45.03,U
sh603650,彤程新材,2025-10-13 10:12:18,45.21,6900,45.15,U
sh603650,彤程新材,2025-10-13 10:12:21,45.2,5200,45.21,D
sh603650,彤程新材,2025-10-13 10:12:27,45.15,11300,45.16,D
sh603650,彤程新材,2025-10-13 10:12:30,45.13,7000,45.15,E
sh603650,彤程新材,2025-10-13 10:12:33,45.1,4500,45.13,D
sh603650,彤程新材,2025-10-13 10:12:36,45.11,4500,45.1,U
sh603650,彤程新材,2025-10-13 10:12:42,45.09,44200,45.1,D
sh603650,彤程新材,2025-10-13 10:12:48,45.13,7600,45.11,U
sh603650,彤程新材,2025-10-13 10:13:00,45.1,13600,45.12,D
sh603650,彤程新材,2025-10-13 10:13:12,45.09,17000,45.13,D
sh603650,彤程新材,2025-10-13 10:13:15,45.17,43600,45.09,U
sh603650,彤程新材,2025-10-13 10:13:21,45.19,5900,45.15,U
sh603650,彤程新材,2025-10-13 10:13:27,45.19,9100,45.18,U
sh603650,彤程新材,2025-10-13 10:13:30,45.22,31500,45.19,U
sh603650,彤程新材,2025-10-13 10:13:33,45.23,8600,45.22,U
sh603650,彤程新材,2025-10-13 10:13:36,45.25,11000,45.23,U
sh603650,彤程新材,2025-10-13 10:13:57,45.41,4800,45.39,U
sh603650,彤程新材,2025-10-13 10:14:15,45.49,6200,45.49,U
sh603650,彤程新材,2025-10-13 10:14:18,45.51,10400,45.49,U
sh603650,彤程新材,2025-10-13 10:14:24,45.56,7200,45.52,U
sh603650,彤程新材,2025-10-13 10:14:30,45.54,6000,45.56,D
sh603650,彤程新材,2025-10-13 10:14:33,45.56,6800,45.54,D
sh603650,彤程新材,2025-10-13 10:14:39,45.58,5400,45.57,U
sh603650,彤程新材,2025-10-13 10:14:42,45.57,11900,45.58,E
sh603650,彤程新材,2025-10-13 10:14:45,45.53,7400,45.57,D
sh603650,彤程新材,2025-10-13 10:14:48,45.54,6500,45.53,E
sh603650,彤程新材,2025-10-13 10:14:51,45.57,10100,45.54,U
sh603650,彤程新材,2025-10-13 10:14:54,45.57,7800,45.57,D
sh603650,彤程新材,2025-10-13 10:14:57,45.52,6500,45.57,D
sh603650,彤程新材,2025-10-13 10:15:00,45.54,7100,45.52,U
sh603650,彤程新材,2025-10-13 10:15:06,45.53,20600,45.53,U
sh603650,彤程新材,2025-10-13 10:15:09,45.41,27100,45.53,D
sh603650,彤程新材,2025-10-13 10:15:12,45.41,10700,45.41,U
sh603650,彤程新材,2025-10-13 10:15:15,45.42,5000,45.41,U
sh603650,彤程新材,2025-10-13 10:15:21,45.41,5100,45.41,U
sh603650,彤程新材,2025-10-13 10:15:24,45.4,4500,45.41,E
sh603650,彤程新材,2025-10-13 10:15:39,45.32,24900,45.34,D
sh603650,彤程新材,2025-10-13 10:15:42,45.31,10600,45.32,E
sh603650,彤程新材,2025-10-13 10:15:45,45.26,34700,45.31,E
sh603650,彤程新材,2025-10-13 10:15:51,45.25,6800,45.25,U
sh603650,彤程新材,2025-10-13 10:16:00,45.13,9500,45.13,U
sh603650,彤程新材,2025-10-13 10:16:03,45.13,9500,45.13,U
sh603650,彤程新材,2025-10-13 10:16:06,45.15,7000,45.13,U
sh603650,彤程新材,2025-10-13 10:16:45,45.29,20200,45.26,U
sh603650,彤程新材,2025-10-13 10:16:48,45.31,8400,45.29,U
sh603650,彤程新材,2025-10-13 10:16:51,45.31,10300,45.31,U
sh603650,彤程新材,2025-10-13 10:17:06,45.31,4500,45.35,D
sh603650,彤程新材,2025-10-13 10:18:09,45.41,16100,45.42,D
sh603650,彤程新材,2025-10-13 10:18:12,45.39,5200,45.41,D
sh603650,彤程新材,2025-10-13 10:18:15,45.41,6600,45.39,U
sh603650,彤程新材,2025-10-13 10:18:21,45.39,5700,45.45,E
sh603650,彤程新材,2025-10-13 10:18:24,45.42,20900,45.39,U
sh603650,彤程新材,2025-10-13 10:19:15,45.45,6700,45.45,U
sh603650,彤程新材,2025-10-13 10:19:24,45.45,5100,45.45,U
sh603650,彤程新材,2025-10-13 10:19:54,45.49,7100,45.5,D
sh603650,彤程新材,2025-10-13 10:20:00,45.52,5100,45.5,U
sh603650,彤程新材,2025-10-13 10:20:24,45.53,7000,45.53,D
sh603650,彤程新材,2025-10-13 10:20:48,45.57,22200,45.56,U
sh603650,彤程新材,2025-10-13 10:21:03,45.57,45300,45.6,D
sh603650,彤程新材,2025-10-13 10:21:45,45.76,6100,45.76,D
sh603650,彤程新材,2025-10-13 10:21:48,45.78,8700,45.76,U
sh603650,彤程新材,2025-10-13 10:21:51,45.71,37300,45.78,D
sh603650,彤程新材,2025-10-13 10:21:54,45.63,9600,45.71,D
sh603650,彤程新材,2025-10-13 10:21:57,45.6,10300,45.63,D
sh603650,彤程新材,2025-10-13 10:22:00,45.59,11100,45.6,E
sh603650,彤程新材,2025-10-13 10:22:03,45.59,8900,45.59,U
sh603650,彤程新材,2025-10-13 10:22:06,45.55,17300,45.59,D
sh603650,彤程新材,2025-10-13 10:22:09,45.54,15400,45.55,E
sh603650,彤程新材,2025-10-13 10:22:15,45.47,22900,45.53,D
sh603650,彤程新材,2025-10-13 10:22:18,45.46,7200,45.47,D
sh603650,彤程新材,2025-10-13 10:22:21,45.5,5600,45.46,U
sh603650,彤程新材,2025-10-13 10:22:24,45.45,16800,45.5,D
sh603650,彤程新材,2025-10-13 10:22:27,45.46,13500,45.45,U
sh603650,彤程新材,2025-10-13 10:22:30,45.45,12200,45.46,E
sh603650,彤程新材,2025-10-13 10:22:48,45.43,7600,45.48,D
sh603650,彤程新材,2025-10-13 10:23:36,45.52,20600,45.49,U
sh603650,彤程新材,2025-10-13 10:23:51,45.51,4800,45.52,E
sh603650,彤程新材,2025-10-13 10:23:54,45.51,4900,45.51,U
sh603650,彤程新材,2025-10-13 10:23:57,45.48,6300,45.51,D
sh603650,彤程新材,2025-10-13 10:24:21,45.47,17900,45.53,D
sh603650,彤程新材,2025-10-13 10:24:24,45.51,18600,45.47,U
sh603650,彤程新材,2025-10-13 10:25:06,45.5,7400,45.56,D
sh603650,彤程新材,2025-10-13 10:25:48,45.57,18100,45.55,U
sh603650,彤程新材,2025-10-13 10:26:03,45.57,8900,45.59,D
sh603650,彤程新材,2025-10-13 10:26:18,45.5,10800,45.54,D
sh603650,彤程新材,2025-10-13 10:26:45,45.57,6700,45.55,U
sh603650,彤程新材,2025-10-13 10:26:54,45.53,7300,45.49,U
sh603650,彤程新材,2025-10-13 10:27:03,45.47,5100,45.5,D
sh603650,彤程新材,2025-10-13 10:27:09,45.5,6300,45.48,U
sh603650,彤程新材,2025-10-13 10:27:42,45.53,4500,45.52,U
sh603650,彤程新材,2025-10-13 10:27:48,45.53,11500,45.55,D
sh603650,彤程新材,2025-10-13 10:28:00,45.59,23900,45.56,U
sh603650,彤程新材,2025-10-13 10:28:03,45.62,7300,45.59,U
sh603650,彤程新材,2025-10-13 10:28:45,45.75,5800,45.74,U
sh603650,彤程新材,2025-10-13 10:28:57,45.8,13800,45.79,U
sh603650,彤程新材,2025-10-13 10:29:00,45.8,5900,45.8,D
sh603650,彤程新材,2025-10-13 10:29:03,45.83,8000,45.8,U
sh603650,彤程新材,2025-10-13 10:29:09,45.82,11300,45.83,D
sh603650,彤程新材,2025-10-13 10:29:12,45.83,6900,45.82,U
sh603650,彤程新材,2025-10-13 10:29:15,45.82,12000,45.83,D
sh603650,彤程新材,2025-10-13 10:29:18,45.83,10200,45.82,U
sh603650,彤程新材,2025-10-13 10:29:24,45.84,5900,45.83,U
sh603650,彤程新材,2025-10-13 10:29:27,45.84,4800,45.84,U
sh603650,彤程新材,2025-10-13 10:29:33,45.85,5000,45.85,U
sh603650,彤程新材,2025-10-13 10:29:36,45.84,8400,45.85,E
sh603650,彤程新材,2025-10-13 10:29:39,45.81,6100,45.84,D
sh603650,彤程新材,2025-10-13 10:29:45,45.68,64500,45.79,D
sh603650,彤程新材,2025-10-13 10:30:03,45.62,9100,45.64,E
sh603650,彤程新材,2025-10-13 10:30:18,45.59,8200,45.6,U
sh603650,彤程新材,2025-10-13 10:30:24,45.6,6700,45.55,U
sh603650,彤程新材,2025-10-13 10:30:45,45.6,9100,45.59,U
sh603650,彤程新材,2025-10-13 10:30:48,45.59,6000,45.6,D
sh603650,彤程新材,2025-10-13 10:30:51,45.61,5600,45.59,U
sh603650,彤程新材,2025-10-13 10:31:00,45.67,4500,45.61,U
sh603650,彤程新材,2025-10-13 10:31:21,45.67,4400,45.67,U
sh603650,彤程新材,2025-10-13 10:31:30,45.67,9800,45.68,D
sh603650,彤程新材,2025-10-13 10:31:36,45.67,12300,45.67,U
sh603650,彤程新材,2025-10-13 10:31:42,45.67,15600,45.67,U
sh603650,彤程新材,2025-10-13 10:32:06,45.7,27100,45.69,U
sh603650,彤程新材,2025-10-13 10:32:18,45.79,7800,45.8,D
sh603650,彤程新材,2025-10-13 10:32:21,45.85,8200,45.79,U
sh603650,彤程新材,2025-10-13 10:32:42,45.91,5900,45.9,U
sh603650,彤程新材,2025-10-13 10:32:45,45.91,8400,45.91,U
sh603650,彤程新材,2025-10-13 10:32:51,45.91,6000,45.9,U
sh603650,彤程新材,2025-10-13 10:32:57,45.91,15300,45.91,D
sh603650,彤程新材,2025-10-13 10:33:00,45.94,4400,45.91,U
sh603650,彤程新材,2025-10-13 10:33:03,45.94,16000,45.94,U
sh603650,彤程新材,2025-10-13 10:33:15,45.86,20700,45.93,D
sh603650,彤程新材,2025-10-13 10:33:21,45.82,7100,45.86,D
sh603650,彤程新材,2025-10-13 10:33:24,45.79,11300,45.82,D
sh603650,彤程新材,2025-10-13 10:34:00,45.77,5300,45.78,E
sh603650,彤程新材,2025-10-13 10:34:03,45.83,6100,45.77,U
sh603650,彤程新材,2025-10-13 10:34:09,45.82,5700,45.81,U
sh603650,彤程新材,2025-10-13 10:34:18,45.83,10000,45.83,D
sh603650,彤程新材,2025-10-13 10:34:30,45.83,16500,45.83,U
sh603650,彤程新材,2025-10-13 10:34:42,45.82,4600,45.82,D
sh603650,彤程新材,2025-10-13 10:35:03,45.83,4500,45.83,U
sh603650,彤程新材,2025-10-13 10:35:12,45.84,8500,45.83,U
sh603650,彤程新材,2025-10-13 10:35:36,45.93,9500,45.88,U
sh603650,彤程新材,2025-10-13 10:35:39,45.92,6200,45.93,D
sh603650,彤程新材,2025-10-13 10:36:00,45.97,22100,45.99,D
sh603650,彤程新材,2025-10-13 10:36:03,45.99,14600,45.97,E
sh603650,彤程新材,2025-10-13 10:36:06,45.99,4400,45.99,U
sh603650,彤程新材,2025-10-13 10:36:12,46.0,10300,46.0,U
sh603650,彤程新材,2025-10-13 10:36:15,45.99,9700,46.0,D
sh603650,彤程新材,2025-10-13 10:36:18,45.99,35100,45.99,D
sh603650,彤程新材,2025-10-13 10:36:21,45.99,10800,45.99,U
sh603650,彤程新材,2025-10-13 10:36:30,45.99,8300,45.99,D
sh603650,彤程新材,2025-10-13 10:36:33,46.0,31900,45.99,U
sh603650,彤程新材,2025-10-13 10:36:36,46.0,14900,46.0,U
sh603650,彤程新材,2025-10-13 10:36:39,46.05,8700,46.0,U
sh603650,彤程新材,2025-10-13 10:36:48,46.09,5300,46.08,U
sh603650,彤程新材,2025-10-13 10:36:57,46.05,16300,46.1,D
sh603650,彤程新材,2025-10-13 10:37:00,46.0,8400,46.05,D
sh603650,彤程新材,2025-10-13 10:37:06,46.0,11200,46.05,D
sh603650,彤程新材,2025-10-13 10:37:09,46.0,10100,46.0,U
sh603650,彤程新材,2025-10-13 10:37:12,45.99,6000,46.0,E
sh603650,彤程新材,2025-10-13 10:37:15,45.94,6900,45.99,D
sh603650,彤程新材,2025-10-13 10:37:18,45.9,7700,45.94,D
sh603650,彤程新材,2025-10-13 10:37:24,45.88,5800,45.88,D
sh603650,彤程新材,2025-10-13 10:37:30,45.86,5700,45.86,D
sh603650,彤程新材,2025-10-13 10:37:33,45.82,4700,45.86,D
sh603650,彤程新材,2025-10-13 10:37:36,45.81,4800,45.82,D
sh603650,彤程新材,2025-10-13 10:37:45,45.72,7900,45.79,D
sh603650,彤程新材,2025-10-13 10:37:48,45.71,6400,45.72,D
sh603650,彤程新材,2025-10-13 10:37:57,45.72,5400,45.71,U
sh603650,彤程新材,2025-10-13 10:38:03,45.72,5600,45.7,U
sh603650,彤程新材,2025-10-13 10:38:48,45.75,6100,45.77,D
sh603650,彤程新材,2025-10-13 10:38:54,45.78,6000,45.77,U
sh603650,彤程新材,2025-10-13 10:38:57,45.7,31700,45.78,D
sh603650,彤程新材,2025-10-13 10:39:21,45.75,7800,45.74,U
sh603650,彤程新材,2025-10-13 10:39:48,45.6,9100,45.6,D
sh603650,彤程新材,2025-10-13 10:39:51,45.59,5700,45.6,D
sh603650,彤程新材,2025-10-13 10:40:00,45.5,14200,45.51,D
sh603650,彤程新材,2025-10-13 10:40:09,45.43,51000,45.48,D
sh603650,彤程新材,2025-10-13 10:40:12,45.36,8700,45.43,D
sh603650,彤程新材,2025-10-13 10:40:21,45.27,12700,45.34,D
sh603650,彤程新材,2025-10-13 10:40:30,45.19,19400,45.25,D
sh603650,彤程新材,2025-10-13 10:40:33,45.2,4800,45.19,U
sh603650,彤程新材,2025-10-13 10:40:36,45.2,5300,45.2,D
sh603650,彤程新材,2025-10-13 10:40:39,45.21,4800,45.2,U
sh603650,彤程新材,2025-10-13 10:40:48,45.2,6500,45.2,U
sh603650,彤程新材,2025-10-13 10:41:06,45.25,15300,45.25,D
sh603650,彤程新材,2025-10-13 10:41:15,45.27,10600,45.28,D
sh603650,彤程新材,2025-10-13 10:41:18,45.29,7300,45.27,D
sh603650,彤程新材,2025-10-13 10:41:27,45.28,15600,45.34,D
sh603650,彤程新材,2025-10-13 10:41:36,45.32,9500,45.3,U
sh603650,彤程新材,2025-10-13 10:41:45,45.3,22100,45.33,D
sh603650,彤程新材,2025-10-13 10:41:48,45.3,21800,45.3,D
sh603650,彤程新材,2025-10-13 10:41:51,45.29,11800,45.3,D
sh603650,彤程新材,2025-10-13 10:41:54,45.28,8900,45.29,D
sh603650,彤程新材,2025-10-13 10:41:57,45.26,8600,45.28,D
sh603650,彤程新材,2025-10-13 10:42:00,45.22,11000,45.26,D
sh603650,彤程新材,2025-10-13 10:42:06,45.2,30900,45.22,D
sh603650,彤程新材,2025-10-13 10:42:09,45.17,6600,45.2,D
sh603650,彤程新材,2025-10-13 10:42:12,45.2,5000,45.17,U
sh603650,彤程新材,2025-10-13 10:42:21,45.2,6742,45.17,U
sh603650,彤程新材,2025-10-13 10:42:24,45.15,6558,45.2,D
sh603650,彤程新材,2025-10-13 10:42:36,45.18,11000,45.18,U
sh603650,彤程新材,2025-10-13 10:42:45,45.2,15600,45.18,U
sh603650,彤程新材,2025-10-13 10:42:48,45.2,31800,45.2,U
sh603650,彤程新材,2025-10-13 10:42:51,45.21,13542,45.2,U
sh603650,彤程新材,2025-10-13 10:42:54,45.19,7458,45.21,D
sh603650,彤程新材,2025-10-13 10:42:57,45.18,26600,45.19,D
sh603650,彤程新材,2025-10-13 10:43:03,45.17,7242,45.18,D
sh603650,彤程新材,2025-10-13 10:43:12,45.22,51400,45.2,U
sh603650,彤程新材,2025-10-13 10:43:24,45.23,4700,45.22,D
sh603650,彤程新材,2025-10-13 10:43:54,45.25,10300,45.25,U
sh603650,彤程新材,2025-10-13 10:44:00,45.25,5600,45.25,U
sh603650,彤程新材,2025-10-13 10:44:03,45.27,12600,45.25,U
sh603650,彤程新材,2025-10-13 10:44:15,45.28,4700,45.27,U
sh603650,彤程新材,2025-10-13 10:44:21,45.28,5100,45.28,U
sh603650,彤程新材,2025-10-13 10:44:24,45.28,8700,45.28,U
sh603650,彤程新材,2025-10-13 10:44:27,45.28,18300,45.28,U
sh603650,彤程新材,2025-10-13 10:44:30,45.28,5900,45.28,U
sh603650,彤程新材,2025-10-13 10:45:03,45.36,10300,45.37,D
sh603650,彤程新材,2025-10-13 10:45:06,45.35,4500,45.36,D
sh603650,彤程新材,2025-10-13 10:45:39,45.45,5700,45.44,U
sh603650,彤程新材,2025-10-13 10:45:42,45.45,4700,45.45,U
sh603650,彤程新材,2025-10-13 10:45:51,45.43,7800,45.44,D
sh603650,彤程新材,2025-10-13 10:46:48,45.42,5200,45.42,D
sh603650,彤程新材,2025-10-13 10:47:06,45.43,9700,45.43,U
sh603650,彤程新材,2025-10-13 10:47:15,45.44,5000,45.45,D
sh603650,彤程新材,2025-10-13 10:47:30,45.45,15800,45.47,D
sh603650,彤程新材,2025-10-13 10:47:48,45.45,14200,45.45,D
sh603650,彤程新材,2025-10-13 10:47:57,45.43,23900,45.45,D
sh603650,彤程新材,2025-10-13 10:48:03,45.44,8200,45.44,U
sh603650,彤程新材,2025-10-13 10:48:06,45.44,7100,45.44,D
sh603650,彤程新材,2025-10-13 10:48:09,45.41,6500,45.44,D
sh603650,彤程新材,2025-10-13 10:48:27,45.44,7100,45.43,U
sh603650,彤程新材,2025-10-13 10:48:54,45.45,10000,45.45,U
sh603650,彤程新材,2025-10-13 10:49:39,45.44,8000,45.44,U
sh603650,彤程新材,2025-10-13 10:49:45,45.44,4700,45.46,D
sh603650,彤程新材,2025-10-13 10:50:06,45.43,4800,45.44,D
sh603650,彤程新材,2025-10-13 10:50:09,45.47,5500,45.43,U
sh603650,彤程新材,2025-10-13 10:50:21,45.4,12700,45.41,D
sh603650,彤程新材,2025-10-13 10:50:24,45.39,14000,45.4,D
sh603650,彤程新材,2025-10-13 10:50:27,45.37,7900,45.39,D
sh603650,彤程新材,2025-10-13 10:50:30,45.37,5400,45.37,D
sh603650,彤程新材,2025-10-13 10:50:39,45.34,25100,45.33,U
sh603650,彤程新材,2025-10-13 10:50:42,45.3,11500,45.34,D
sh603650,彤程新材,2025-10-13 10:50:57,45.27,18200,45.32,D
sh603650,彤程新材,2025-10-13 10:51:42,45.32,11400,45.32,U
sh603650,彤程新材,2025-10-13 10:52:54,45.29,5100,45.3,D
sh603650,彤程新材,2025-10-13 10:53:00,45.29,4600,45.28,U
sh603650,彤程新材,2025-10-13 10:53:03,45.28,5800,45.29,D
sh603650,彤程新材,2025-10-13 10:53:33,45.3,7500,45.29,U
sh603650,彤程新材,2025-10-13 10:53:57,45.32,6000,45.32,U
sh603650,彤程新材,2025-10-13 10:54:00,45.32,6900,45.32,U
sh603650,彤程新材,2025-10-13 10:54:33,45.37,5100,45.36,U
sh603650,彤程新材,2025-10-13 10:54:39,45.34,12300,45.38,D
sh603650,彤程新材,2025-10-13 10:55:09,45.32,5600,45.32,D
sh603650,彤程新材,2025-10-13 10:55:15,45.32,20700,45.31,U
sh603650,彤程新材,2025-10-13 10:55:51,45.33,6700,45.35,D
sh603650,彤程新材,2025-10-13 10:56:00,45.33,13000,45.33,U
sh603650,彤程新材,2025-10-13 10:56:27,45.32,7900,45.33,D
sh603650,彤程新材,2025-10-13 10:57:00,45.32,4900,45.3,U
sh603650,彤程新材,2025-10-13 10:57:36,45.3,7900,45.33,D
sh603650,彤程新材,2025-10-13 10:57:57,45.35,7000,45.35,D
sh603650,彤程新材,2025-10-13 10:58:30,45.35,5400,45.38,D
sh603650,彤程新材,2025-10-13 10:58:33,45.34,5800,45.35,E
sh603650,彤程新材,2025-10-13 10:59:00,45.35,4500,45.32,U
sh603650,彤程新材,2025-10-13 10:59:27,45.3,8800,45.34,D
sh603650,彤程新材,2025-10-13 11:00:06,45.29,8100,45.29,D
sh603650,彤程新材,2025-10-13 11:00:15,45.28,12800,45.29,D
sh603650,彤程新材,2025-10-13 11:00:24,45.26,9100,45.27,D
sh603650,彤程新材,2025-10-13 11:00:27,45.25,7300,45.26,D
sh603650,彤程新材,2025-10-13 11:00:39,45.2,6000,45.23,D
sh603650,彤程新材,2025-10-13 11:00:42,45.19,4800,45.2,D
sh603650,彤程新材,2025-10-13 11:00:45,45.16,11900,45.19,D
sh603650,彤程新材,2025-10-13 11:00:54,45.14,5300,45.15,D
sh603650,彤程新材,2025-10-13 11:01:03,45.13,5900,45.14,D
sh603650,彤程新材,2025-10-13 11:01:12,45.1,7400,45.12,D
sh603650,彤程新材,2025-10-13 11:01:27,45.09,25100,45.11,D
sh603650,彤程新材,2025-10-13 11:01:39,45.09,7300,45.08,U
sh603650,彤程新材,2025-10-13 11:01:42,45.07,18700,45.09,D
sh603650,彤程新材,2025-10-13 11:01:57,45.07,20100,45.07,U
sh603650,彤程新材,2025-10-13 11:02:00,45.07,25600,45.07,U
sh603650,彤程新材,2025-10-13 11:02:12,45.07,4500,45.06,U
sh603650,彤程新材,2025-10-13 11:02:15,45.07,15700,45.07,U
sh603650,彤程新材,2025-10-13 11:02:21,45.09,6400,45.07,U
sh603650,彤程新材,2025-10-13 11:02:33,45.09,4500,45.09,D
sh603650,彤程新材,2025-10-13 11:03:21,45.15,17000,45.13,U
sh603650,彤程新材,2025-10-13 11:03:48,45.15,5600,45.15,D
sh603650,彤程新材,2025-10-13 11:03:51,45.15,17200,45.15,D
sh603650,彤程新材,2025-10-13 11:04:27,45.1,6400,45.13,D
sh603650,彤程新材,2025-10-13 11:04:42,45.08,5100,45.09,D
sh603650,彤程新材,2025-10-13 11:05:18,45.1,6800,45.13,D
sh603650,彤程新材,2025-10-13 11:06:48,45.15,9800,45.15,D
sh603650,彤程新材,2025-10-13 11:07:42,45.14,12500,45.16,D
sh603650,彤程新材,2025-10-13 11:08:33,45.13,10900,45.14,D
sh603650,彤程新材,2025-10-13 11:09:00,45.13,4900,45.11,U
sh603650,彤程新材,2025-10-13 11:10:36,45.1,6200,45.11,D
sh603650,彤程新材,2025-10-13 11:11:00,45.11,14600,45.11,U
sh603650,彤程新材,2025-10-13 11:11:03,45.1,7100,45.11,D
sh603650,彤程新材,2025-10-13 11:11:06,45.1,7800,45.1,D
sh603650,彤程新材,2025-10-13 11:11:15,45.11,5300,45.1,U
sh603650,彤程新材,2025-10-13 11:11:24,45.11,6000,45.11,D
sh603650,彤程新材,2025-10-13 11:12:00,45.15,9500,45.15,U
sh603650,彤程新材,2025-10-13 11:13:00,45.19,9400,45.18,U
sh603650,彤程新材,2025-10-13 11:13:27,45.22,7100,45.22,U
sh603650,彤程新材,2025-10-13 11:13:36,45.2,11100,45.21,D
sh603650,彤程新材,2025-10-13 11:13:51,45.21,4600,45.22,D
sh603650,彤程新材,2025-10-13 11:14:00,45.25,16700,45.22,U
sh603650,彤程新材,2025-10-13 11:14:03,45.22,6600,45.25,E
sh603650,彤程新材,2025-10-13 11:14:06,45.21,9500,45.22,D
sh603650,彤程新材,2025-10-13 11:14:42,45.24,6000,45.25,D
sh603650,彤程新材,2025-10-13 11:15:00,45.3,8800,45.28,U
sh603650,彤程新材,2025-10-13 11:15:30,45.32,6400,45.34,D
sh603650,彤程新材,2025-10-13 11:15:33,45.32,11200,45.32,D
sh603650,彤程新材,2025-10-13 11:15:36,45.34,9400,45.32,U
sh603650,彤程新材,2025-10-13 11:16:00,45.28,9500,45.3,E
sh603650,彤程新材,2025-10-13 11:16:06,45.25,6600,45.27,D
sh603650,彤程新材,2025-10-13 11:16:09,45.25,5100,45.25,D
sh603650,彤程新材,2025-10-13 11:16:21,45.2,6800,45.22,D
sh603650,彤程新材,2025-10-13 11:16:30,45.17,8300,45.19,D
sh603650,彤程新材,2025-10-13 11:16:39,45.16,6000,45.17,D
sh603650,彤程新材,2025-10-13 11:16:48,45.17,9300,45.15,U
sh603650,彤程新材,2025-10-13 11:17:30,45.19,12600,45.15,U
sh603650,彤程新材,2025-10-13 11:17:33,45.18,16000,45.19,D
sh603650,彤程新材,2025-10-13 11:18:00,45.22,8900,45.22,U
sh603650,彤程新材,2025-10-13 11:18:12,45.22,6100,45.22,U
sh603650,彤程新材,2025-10-13 11:18:24,45.23,6700,45.23,U
sh603650,彤程新材,2025-10-13 11:19:00,45.25,10200,45.24,U
sh603650,彤程新材,2025-10-13 11:20:00,45.3,19184,45.24,U
sh603650,彤程新材,2025-10-13 11:20:03,45.38,26400,45.3,U
sh603650,彤程新材,2025-10-13 11:21:03,45.52,6100,45.51,U
sh603650,彤程新材,2025-10-13 11:21:18,45.54,8300,45.55,D
sh603650,彤程新材,2025-10-13 11:21:30,45.49,10600,45.52,D
sh603650,彤程新材,2025-10-13 11:21:54,45.48,8400,45.44,U
sh603650,彤程新材,2025-10-13 11:22:36,45.34,13700,45.34,D
sh603650,彤程新材,2025-10-13 11:22:57,45.31,15000,45.26,U
sh603650,彤程新材,2025-10-13 11:23:00,45.25,18300,45.31,D
sh603650,彤程新材,2025-10-13 11:23:18,45.24,13000,45.25,D
sh603650,彤程新材,2025-10-13 11:23:24,45.23,15800,45.23,D
sh603650,彤程新材,2025-10-13 11:23:57,45.2,6400,45.22,D
sh603650,彤程新材,2025-10-13 11:24:00,45.2,14700,45.2,D
sh603650,彤程新材,2025-10-13 11:24:06,45.18,7000,45.19,D
sh603650,彤程新材,2025-10-13 11:24:30,45.13,5300,45.12,E
sh603650,彤程新材,2025-10-13 11:24:48,45.11,4500,45.11,D
sh603650,彤程新材,2025-10-13 11:25:00,45.15,21300,45.11,U
sh603650,彤程新材,2025-10-13 11:25:03,45.2,26900,45.15,U
sh603650,彤程新材,2025-10-13 11:25:09,45.2,8600,45.2,E
sh603650,彤程新材,2025-10-13 11:25:15,45.25,10300,45.25,U
sh603650,彤程新材,2025-10-13 11:25:18,45.34,10600,45.25,U
sh603650,彤程新材,2025-10-13 11:25:54,45.39,5600,45.34,U
sh603650,彤程新材,2025-10-13 11:26:03,45.45,5100,45.34,U
sh603650,彤程新材,2025-10-13 11:26:18,45.31,7200,45.35,D
sh603650,彤程新材,2025-10-13 11:26:42,45.29,6300,45.24,U
sh603650,彤程新材,2025-10-13 11:26:45,45.3,8700,45.29,U
sh603650,彤程新材,2025-10-13 11:26:48,45.3,6000,45.3,U
sh603650,彤程新材,2025-10-13 11:27:57,45.12,6100,45.14,D
sh603650,彤程新材,2025-10-13 11:29:21,45.22,6000,45.22,D
sh603650,彤程新材,2025-10-13 11:29:42,45.18,7600,45.24,D
sh603650,彤程新材,2025-10-13 11:29:51,45.18,9000,45.19,D
sh603650,彤程新材,2025-10-13 13:00:03,45.11,15400,45.14,D
sh603650,彤程新材,2025-10-13 13:00:06,45.14,24600,45.11,U
sh603650,彤程新材,2025-10-13 13:00:09,45.14,24400,45.14,U
sh603650,彤程新材,2025-10-13 13:00:12,45.13,61400,45.14,E
sh603650,彤程新材,2025-10-13 13:00:15,45.15,13400,45.13,D
sh603650,彤程新材,2025-10-13 13:00:18,45.16,18700,45.15,U
sh603650,彤程新材,2025-10-13 13:00:21,45.17,9300,45.16,U
sh603650,彤程新材,2025-10-13 13:00:24,45.22,18200,45.17,U
sh603650,彤程新材,2025-10-13 13:00:33,45.22,11300,45.22,U
sh603650,彤程新材,2025-10-13 13:00:42,45.25,10900,45.24,U
sh603650,彤程新材,2025-10-13 13:01:03,45.49,5900,45.39,U
sh603650,彤程新材,2025-10-13 13:01:06,45.56,7400,45.49,U
sh603650,彤程新材,2025-10-13 13:01:21,45.65,5100,45.64,U
sh603650,彤程新材,2025-10-13 13:01:33,45.74,22200,45.7,U
sh603650,彤程新材,2025-10-13 13:01:36,45.74,9700,45.74,U
sh603650,彤程新材,2025-10-13 13:01:39,45.75,13500,45.74,U
sh603650,彤程新材,2025-10-13 13:01:42,45.78,6000,45.75,U
sh603650,彤程新材,2025-10-13 13:01:48,45.8,5500,45.78,U
sh603650,彤程新材,2025-10-13 13:01:51,45.8,21300,45.8,D
sh603650,彤程新材,2025-10-13 13:01:54,45.7,17100,45.8,D
sh603650,彤程新材,2025-10-13 13:01:57,45.77,24600,45.7,U
sh603650,彤程新材,2025-10-13 13:02:06,45.77,12900,45.77,D
sh603650,彤程新材,2025-10-13 13:02:15,45.86,12400,45.78,U
sh603650,彤程新材,2025-10-13 13:02:18,45.9,12400,45.86,U
sh603650,彤程新材,2025-10-13 13:02:24,45.94,8500,45.92,U
sh603650,彤程新材,2025-10-13 13:02:30,45.95,9700,45.95,U
sh603650,彤程新材,2025-10-13 13:02:36,46.0,13200,45.97,U
sh603650,彤程新材,2025-10-13 13:02:39,46.0,15500,46.0,U
sh603650,彤程新材,2025-10-13 13:02:42,45.98,6700,46.0,D
sh603650,彤程新材,2025-10-13 13:02:45,45.98,45700,45.98,D
sh603650,彤程新材,2025-10-13 13:02:51,46.0,10700,45.98,U
sh603650,彤程新材,2025-10-13 13:02:57,46.0,9200,45.98,U
sh603650,彤程新材,2025-10-13 13:03:00,46.0,19200,46.0,U
sh603650,彤程新材,2025-10-13 13:03:03,45.98,13200,46.0,D
sh603650,彤程新材,2025-10-13 13:03:06,46.0,8400,45.98,U
sh603650,彤程新材,2025-10-13 13:03:09,46.0,14000,46.0,U
sh603650,彤程新材,2025-10-13 13:03:12,45.98,6500,46.0,D
sh603650,彤程新材,2025-10-13 13:03:15,46.0,5900,45.98,U
sh603650,彤程新材,2025-10-13 13:03:27,45.89,27900,45.81,U
sh603650,彤程新材,2025-10-13 13:03:30,46.08,35800,45.89,U
sh603650,彤程新材,2025-10-13 13:03:33,46.08,10000,46.08,D
sh603650,彤程新材,2025-10-13 13:03:48,46.08,10600,45.93,U
sh603650,彤程新材,2025-10-13 13:03:54,46.08,19100,46.08,U
sh603650,彤程新材,2025-10-13 13:03:57,46.06,6600,46.08,D
sh603650,彤程新材,2025-10-13 13:04:27,45.93,6600,45.94,D
sh603650,彤程新材,2025-10-13 13:04:36,45.93,35100,45.92,U
sh603650,彤程新材,2025-10-13 13:04:45,45.86,5200,45.86,D
sh603650,彤程新材,2025-10-13 13:04:51,45.8,9400,45.85,D
sh603650,彤程新材,2025-10-13 13:04:54,45.81,5900,45.8,U
sh603650,彤程新材,2025-10-13 13:05:00,45.83,18900,45.8,U
sh603650,彤程新材,2025-10-13 13:05:03,45.82,8500,45.83,D
sh603650,彤程新材,2025-10-13 13:05:09,45.84,7000,45.85,D
sh603650,彤程新材,2025-10-13 13:05:18,45.85,5300,45.84,U
sh603650,彤程新材,2025-10-13 13:05:21,45.85,5500,45.85,D
sh603650,彤程新材,2025-10-13 13:05:42,45.91,8400,45.87,U
sh603650,彤程新材,2025-10-13 13:05:45,45.96,37100,45.91,U
sh603650,彤程新材,2025-10-13 13:05:48,45.99,19100,45.96,U
sh603650,彤程新材,2025-10-13 13:05:51,46.05,15400,45.99,U
sh603650,彤程新材,2025-10-13 13:05:57,46.12,63200,46.05,U
sh603650,彤程新材,2025-10-13 13:06:00,46.19,27300,46.12,U
sh603650,彤程新材,2025-10-13 13:06:03,46.22,14300,46.19,U
sh603650,彤程新材,2025-10-13 13:06:09,46.3,9300,46.24,U
sh603650,彤程新材,2025-10-13 13:06:12,46.3,15700,46.3,U
sh603650,彤程新材,2025-10-13 13:06:15,46.35,35200,46.3,U
sh603650,彤程新材,2025-10-13 13:06:21,46.36,8400,46.32,U
sh603650,彤程新材,2025-10-13 13:06:24,46.38,10400,46.36,U
sh603650,彤程新材,2025-10-13 13:06:27,46.38,19000,46.38,U
sh603650,彤程新材,2025-10-13 13:06:30,46.39,28200,46.38,U
sh603650,彤程新材,2025-10-13 13:06:36,46.44,8500,46.4,U
sh603650,彤程新材,2025-10-13 13:06:39,46.47,7500,46.44,U
sh603650,彤程新材,2025-10-13 13:06:42,46.48,18700,46.47,U
sh603650,彤程新材,2025-10-13 13:06:45,46.49,14000,46.48,U
sh603650,彤程新材,2025-10-13 13:06:48,46.5,19300,46.49,U
sh603650,彤程新材,2025-10-13 13:06:51,46.44,10700,46.5,D
sh603650,彤程新材,2025-10-13 13:06:54,46.48,17300,46.44,U
sh603650,彤程新材,2025-10-13 13:06:57,46.46,10100,46.48,E
sh603650,彤程新材,2025-10-13 13:07:00,46.47,16000,46.46,D
sh603650,彤程新材,2025-10-13 13:07:03,46.49,30500,46.47,U
sh603650,彤程新材,2025-10-13 13:07:06,46.47,16100,46.49,E
sh603650,彤程新材,2025-10-13 13:07:12,46.48,18700,46.48,U
sh603650,彤程新材,2025-10-13 13:07:15,46.48,24900,46.48,D
sh603650,彤程新材,2025-10-13 13:07:18,46.48,21900,46.48,E
sh603650,彤程新材,2025-10-13 13:07:21,46.49,9800,46.48,U
sh603650,彤程新材,2025-10-13 13:07:24,46.48,6100,46.49,D
sh603650,彤程新材,2025-10-13 13:07:27,46.49,4900,46.48,U
sh603650,彤程新材,2025-10-13 13:07:33,46.4,9200,46.43,D
sh603650,彤程新材,2025-10-13 13:07:39,46.36,9200,46.38,D
sh603650,彤程新材,2025-10-13 13:07:45,46.39,11900,46.33,U
sh603650,彤程新材,2025-10-13 13:07:48,46.41,11700,46.39,U
sh603650,彤程新材,2025-10-13 13:07:51,46.51,65600,46.41,U
sh603650,彤程新材,2025-10-13 13:07:54,46.55,22900,46.51,U
sh603650,彤程新材,2025-10-13 13:07:57,46.58,16700,46.55,U
sh603650,彤程新材,2025-10-13 13:08:00,46.6,21900,46.58,U
sh603650,彤程新材,2025-10-13 13:08:03,46.62,6200,46.6,U
sh603650,彤程新材,2025-10-13 13:08:06,46.63,5100,46.62,E
sh603650,彤程新材,2025-10-13 13:08:09,46.65,9400,46.63,E
sh603650,彤程新材,2025-10-13 13:08:12,46.68,25100,46.65,U
sh603650,彤程新材,2025-10-13 13:08:15,46.7,4900,46.68,U
sh603650,彤程新材,2025-10-13 13:08:18,46.7,6700,46.7,U
sh603650,彤程新材,2025-10-13 13:08:21,46.68,12500,46.7,D
sh603650,彤程新材,2025-10-13 13:08:24,46.68,22300,46.68,U
sh603650,彤程新材,2025-10-13 13:08:27,46.65,21900,46.68,D
sh603650,彤程新材,2025-10-13 13:08:30,46.62,18900,46.65,D
sh603650,彤程新材,2025-10-13 13:08:33,46.5,9300,46.62,D
sh603650,彤程新材,2025-10-13 13:08:36,46.48,8800,46.5,D
sh603650,彤程新材,2025-10-13 13:08:39,46.49,4400,46.48,U
sh603650,彤程新材,2025-10-13 13:08:51,46.32,33800,46.4,E
sh603650,彤程新材,2025-10-13 13:08:54,46.31,7600,46.32,D
sh603650,彤程新材,2025-10-13 13:08:57,46.31,14800,46.31,D
sh603650,彤程新材,2025-10-13 13:09:03,46.14,7800,46.14,D
sh603650,彤程新材,2025-10-13 13:09:06,46.27,4700,46.14,U
sh603650,彤程新材,2025-10-13 13:09:09,46.15,5800,46.27,D
sh603650,彤程新材,2025-10-13 13:09:30,46.18,4800,46.2,E
sh603650,彤程新材,2025-10-13 13:09:42,46.2,4600,46.2,U
sh603650,彤程新材,2025-10-13 13:09:45,46.19,10200,46.2,D
sh603650,彤程新材,2025-10-13 13:09:54,46.18,4800,46.18,D
sh603650,彤程新材,2025-10-13 13:09:57,46.18,7900,46.18,D
sh603650,彤程新材,2025-10-13 13:10:00,46.19,6800,46.18,U
sh603650,彤程新材,2025-10-13 13:10:03,46.23,11800,46.19,U
sh603650,彤程新材,2025-10-13 13:10:06,46.26,4900,46.23,U
sh603650,彤程新材,2025-10-13 13:10:09,46.22,8500,46.26,D
sh603650,彤程新材,2025-10-13 13:10:12,46.27,7900,46.22,U
sh603650,彤程新材,2025-10-13 13:10:39,46.33,7600,46.32,U
sh603650,彤程新材,2025-10-13 13:10:42,46.32,5500,46.33,D
sh603650,彤程新材,2025-10-13 13:10:45,46.25,24100,46.32,D
sh603650,彤程新材,2025-10-13 13:10:48,46.25,9500,46.25,U
sh603650,彤程新材,2025-10-13 13:10:54,46.32,8500,46.25,U
sh603650,彤程新材,2025-10-13 13:11:03,46.25,18500,46.29,D
sh603650,彤程新材,2025-10-13 13:11:15,46.28,5900,46.27,U
sh603650,彤程新材,2025-10-13 13:11:27,46.33,9200,46.31,U
sh603650,彤程新材,2025-10-13 13:11:45,46.35,5500,46.35,U
sh603650,彤程新材,2025-10-13 13:11:48,46.35,5100,46.35,U
sh603650,彤程新材,2025-10-13 13:11:54,46.35,11300,46.35,D
sh603650,彤程新材,2025-10-13 13:12:00,46.4,5800,46.4,D
sh603650,彤程新材,2025-10-13 13:12:06,46.44,5700,46.36,U
sh603650,彤程新材,2025-10-13 13:12:09,46.43,12300,46.44,D
sh603650,彤程新材,2025-10-13 13:12:21,46.49,5400,46.48,U
sh603650,彤程新材,2025-10-13 13:12:27,46.5,15100,46.49,U
sh603650,彤程新材,2025-10-13 13:12:36,46.55,6700,46.55,U
sh603650,彤程新材,2025-10-13 13:12:39,46.6,18800,46.55,U
sh603650,彤程新材,2025-10-13 13:12:42,46.61,10300,46.6,U
sh603650,彤程新材,2025-10-13 13:12:45,46.61,6600,46.61,U
sh603650,彤程新材,2025-10-13 13:12:54,46.7,29800,46.63,U
sh603650,彤程新材,2025-10-13 13:12:57,46.65,7600,46.7,D
sh603650,彤程新材,2025-10-13 13:13:00,46.71,17600,46.65,U
sh603650,彤程新材,2025-10-13 13:13:06,46.71,32800,46.71,U
sh603650,彤程新材,2025-10-13 13:13:09,46.71,9200,46.71,D
sh603650,彤程新材,2025-10-13 13:13:12,46.71,6300,46.71,D
sh603650,彤程新材,2025-10-13 13:13:15,46.72,17600,46.71,E
sh603650,彤程新材,2025-10-13 13:13:18,46.69,52800,46.72,D
sh603650,彤程新材,2025-10-13 13:13:21,46.65,16900,46.69,D
sh603650,彤程新材,2025-10-13 13:13:24,46.58,21800,46.65,D
sh603650,彤程新材,2025-10-13 13:13:27,46.64,40500,46.58,U
sh603650,彤程新材,2025-10-13 13:13:36,46.64,6100,46.6,U
sh603650,彤程新材,2025-10-13 13:13:39,46.56,6000,46.64,D
sh603650,彤程新材,2025-10-13 13:13:42,46.56,9000,46.56,U
sh603650,彤程新材,2025-10-13 13:13:45,46.56,8600,46.56,D
sh603650,彤程新材,2025-10-13 13:13:51,46.56,13300,46.56,D
sh603650,彤程新材,2025-10-13 13:13:57,46.55,6100,46.56,D
sh603650,彤程新材,2025-10-13 13:14:00,46.54,6100,46.55,E
sh603650,彤程新材,2025-10-13 13:14:03,46.53,5200,46.54,E
sh603650,彤程新材,2025-10-13 13:14:21,46.41,9100,46.46,D
sh603650,彤程新材,2025-10-13 13:14:30,46.36,6900,46.41,D
sh603650,彤程新材,2025-10-13 13:14:33,46.35,11200,46.36,D
sh603650,彤程新材,2025-10-13 13:14:36,46.35,18600,46.35,D
sh603650,彤程新材,2025-10-13 13:14:39,46.35,9000,46.35,D
sh603650,彤程新材,2025-10-13 13:14:42,46.33,7000,46.35,D
sh603650,彤程新材,2025-10-13 13:14:48,46.3,7100,46.33,D
sh603650,彤程新材,2025-10-13 13:14:54,46.4,61500,46.3,U
sh603650,彤程新材,2025-10-13 13:14:57,46.42,42900,46.4,U
sh603650,彤程新材,2025-10-13 13:15:00,46.46,9600,46.42,U
sh603650,彤程新材,2025-10-13 13:15:03,46.52,21900,46.46,U
sh603650,彤程新材,2025-10-13 13:15:06,46.62,18400,46.52,U
sh603650,彤程新材,2025-10-13 13:15:12,46.63,6600,46.63,U
sh603650,彤程新材,2025-10-13 13:15:15,46.7,36000,46.63,U
sh603650,彤程新材,2025-10-13 13:15:18,46.75,19400,46.7,U
sh603650,彤程新材,2025-10-13 13:15:21,46.78,10100,46.75,U
sh603650,彤程新材,2025-10-13 13:15:24,46.78,9900,46.78,U
sh603650,彤程新材,2025-10-13 13:15:27,46.77,27300,46.78,D
sh603650,彤程新材,2025-10-13 13:15:30,46.8,17000,46.77,U
sh603650,彤程新材,2025-10-13 13:15:33,46.85,28700,46.8,U
sh603650,彤程新材,2025-10-13 13:15:36,46.85,4700,46.85,U
sh603650,彤程新材,2025-10-13 13:15:39,46.84,13000,46.85,E
sh603650,彤程新材,2025-10-13 13:15:42,46.8,11800,46.84,D
sh603650,彤程新材,2025-10-13 13:15:45,46.84,12800,46.8,U
sh603650,彤程新材,2025-10-13 13:15:48,46.84,6300,46.84,D
sh603650,彤程新材,2025-10-13 13:15:51,46.81,4400,46.84,D
sh603650,彤程新材,2025-10-13 13:15:54,46.84,11300,46.81,U
sh603650,彤程新材,2025-10-13 13:16:03,46.84,18400,46.8,U
sh603650,彤程新材,2025-10-13 13:16:06,46.81,6900,46.84,D
sh603650,彤程新材,2025-10-13 13:16:09,46.8,32600,46.81,D
sh603650,彤程新材,2025-10-13 13:16:12,46.83,5500,46.8,U
sh603650,彤程新材,2025-10-13 13:16:15,46.81,8200,46.83,E
sh603650,彤程新材,2025-10-13 13:16:18,46.84,28700,46.81,D
sh603650,彤程新材,2025-10-13 13:16:21,46.8,11300,46.84,D
sh603650,彤程新材,2025-10-13 13:16:27,46.78,4600,46.78,D
sh603650,彤程新材,2025-10-13 13:16:33,46.8,11000,46.77,U
sh603650,彤程新材,2025-10-13 13:16:42,46.71,6800,46.75,D
sh603650,彤程新材,2025-10-13 13:16:54,46.62,14200,46.67,D
sh603650,彤程新材,2025-10-13 13:16:57,46.57,4500,46.62,D
sh603650,彤程新材,2025-10-13 13:17:00,46.59,4300,46.57,E
sh603650,彤程新材,2025-10-13 13:17:03,46.51,6000,46.59,D
sh603650,彤程新材,2025-10-13 13:17:48,46.44,4700,46.5,D
sh603650,彤程新材,2025-10-13 13:18:00,46.5,4600,46.5,U
sh603650,彤程新材,2025-10-13 13:18:09,46.49,10500,46.48,U
sh603650,彤程新材,2025-10-13 13:18:18,46.5,15500,46.5,U
sh603650,彤程新材,2025-10-13 13:18:21,46.49,6900,46.5,D
sh603650,彤程新材,2025-10-13 13:18:24,46.51,4800,46.49,U
sh603650,彤程新材,2025-10-13 13:18:30,46.55,5000,46.53,U
sh603650,彤程新材,2025-10-13 13:18:33,46.55,9000,46.55,U
sh603650,彤程新材,2025-10-13 13:18:36,46.55,5400,46.55,U
sh603650,彤程新材,2025-10-13 13:18:39,46.54,14700,46.55,D
sh603650,彤程新材,2025-10-13 13:19:00,46.55,12500,46.53,U
sh603650,彤程新材,2025-10-13 13:19:12,46.58,4900,46.56,U
sh603650,彤程新材,2025-10-13 13:19:21,46.6,4300,46.59,U
sh603650,彤程新材,2025-10-13 13:19:39,46.6,5000,46.6,D
sh603650,彤程新材,2025-10-13 13:19:42,46.63,7500,46.6,U
sh603650,彤程新材,2025-10-13 13:19:48,46.6,13900,46.63,D
sh603650,彤程新材,2025-10-13 13:19:51,46.58,16600,46.6,D
sh603650,彤程新材,2025-10-13 13:19:54,46.58,7600,46.58,U
sh603650,彤程新材,2025-10-13 13:20:06,46.55,11300,46.55,D
sh603650,彤程新材,2025-10-13 13:20:15,46.54,4800,46.54,U
sh603650,彤程新材,2025-10-13 13:20:18,46.51,6300,46.54,D
sh603650,彤程新材,2025-10-13 13:20:24,46.5,7600,46.54,D
sh603650,彤程新材,2025-10-13 13:20:36,46.52,4400,46.52,D
sh603650,彤程新材,2025-10-13 13:20:42,46.5,7100,46.52,D
sh603650,彤程新材,2025-10-13 13:20:48,46.5,4600,46.5,U
sh603650,彤程新材,2025-10-13 13:20:54,46.47,5500,46.48,D
sh603650,彤程新材,2025-10-13 13:20:57,46.46,6400,46.47,D
sh603650,彤程新材,2025-10-13 13:21:00,46.46,5500,46.46,D
sh603650,彤程新材,2025-10-13 13:21:03,46.44,9500,46.46,D
sh603650,彤程新材,2025-10-13 13:21:09,46.4,10100,46.41,D
sh603650,彤程新材,2025-10-13 13:21:12,46.32,27700,46.4,D
sh603650,彤程新材,2025-10-13 13:21:21,46.3,7200,46.3,D
sh603650,彤程新材,2025-10-13 13:21:24,46.3,6600,46.3,D
sh603650,彤程新材,2025-10-13 13:21:27,46.3,12200,46.3,D
sh603650,彤程新材,2025-10-13 13:21:30,46.36,8700,46.3,U
sh603650,彤程新材,2025-10-13 13:21:33,46.4,6300,46.36,U
sh603650,彤程新材,2025-10-13 13:21:39,46.32,6000,46.35,D
sh603650,彤程新材,2025-10-13 13:21:51,46.32,5300,46.35,D
sh603650,彤程新材,2025-10-13 13:22:00,46.32,13500,46.3,U
sh603650,彤程新材,2025-10-13 13:22:06,46.32,8200,46.32,U
sh603650,彤程新材,2025-10-13 13:22:21,46.3,8500,46.29,U
sh603650,彤程新材,2025-10-13 13:22:24,46.3,10300,46.3,D
sh603650,彤程新材,2025-10-13 13:22:27,46.3,9200,46.3,D
sh603650,彤程新材,2025-10-13 13:22:57,46.26,6300,46.26,U
sh603650,彤程新材,2025-10-13 13:23:00,46.28,10200,46.26,U
sh603650,彤程新材,2025-10-13 13:23:12,46.27,5000,46.26,U
sh603650,彤程新材,2025-10-13 13:23:39,46.26,4400,46.23,U
sh603650,彤程新材,2025-10-13 13:23:42,46.27,5500,46.26,U
sh603650,彤程新材,2025-10-13 13:23:45,46.27,9200,46.27,D
sh603650,彤程新材,2025-10-13 13:23:48,46.3,5100,46.27,U
sh603650,彤程新材,2025-10-13 13:24:00,46.34,24200,46.3,U
sh603650,彤程新材,2025-10-13 13:24:21,46.36,6100,46.38,D
sh603650,彤程新材,2025-10-13 13:24:45,46.32,21200,46.34,D
sh603650,彤程新材,2025-10-13 13:25:03,46.31,5400,46.32,D
sh603650,彤程新材,2025-10-13 13:25:06,46.3,5800,46.31,D
sh603650,彤程新材,2025-10-13 13:25:12,46.28,6100,46.3,D
sh603650,彤程新材,2025-10-13 13:25:24,46.23,5500,46.27,D
sh603650,彤程新材,2025-10-13 13:25:30,46.22,9500,46.22,D
sh603650,彤程新材,2025-10-13 13:25:36,46.2,6000,46.22,D
sh603650,彤程新材,2025-10-13 13:25:42,46.2,5200,46.21,D
sh603650,彤程新材,2025-10-13 13:25:54,46.18,13900,46.19,D
sh603650,彤程新材,2025-10-13 13:26:00,46.19,5100,46.18,U
sh603650,彤程新材,2025-10-13 13:26:09,46.2,20900,46.18,U
sh603650,彤程新材,2025-10-13 13:26:12,46.3,19100,46.2,U
sh603650,彤程新材,2025-10-13 13:26:42,46.27,6500,46.29,D
sh603650,彤程新材,2025-10-13 13:26:51,46.29,7200,46.27,U
sh603650,彤程新材,2025-10-13 13:26:57,46.3,5500,46.3,U
sh603650,彤程新材,2025-10-13 13:27:21,46.34,7100,46.34,U
sh603650,彤程新材,2025-10-13 13:27:57,46.4,5000,46.4,U
sh603650,彤程新材,2025-10-13 13:28:00,46.42,28000,46.4,U
sh603650,彤程新材,2025-10-13 13:28:12,46.46,13800,46.44,U
sh603650,彤程新材,2025-10-13 13:28:27,46.46,9300,46.46,U
sh603650,彤程新材,2025-10-13 13:28:36,46.46,8300,46.46,U
sh603650,彤程新材,2025-10-13 13:28:39,46.45,6900,46.46,D
sh603650,彤程新材,2025-10-13 13:28:42,46.48,9900,46.45,U
sh603650,彤程新材,2025-10-13 13:28:57,46.49,16700,46.49,D
sh603650,彤程新材,2025-10-13 13:29:00,46.5,26300,46.49,U
sh603650,彤程新材,2025-10-13 13:29:21,46.57,12100,46.54,U
sh603650,彤程新材,2025-10-13 13:29:27,46.57,4400,46.57,U
sh603650,彤程新材,2025-10-13 13:29:30,46.6,4700,46.57,U
sh603650,彤程新材,2025-10-13 13:29:33,46.6,15400,46.6,U
sh603650,彤程新材,2025-10-13 13:29:36,46.6,15600,46.6,U
sh603650,彤程新材,2025-10-13 13:29:39,46.63,7400,46.6,U
sh603650,彤程新材,2025-10-13 13:29:42,46.65,10800,46.63,U
sh603650,彤程新材,2025-10-13 13:29:54,46.78,9700,46.72,U
sh603650,彤程新材,2025-10-13 13:29:57,46.78,8200,46.78,U
sh603650,彤程新材,2025-10-13 13:30:00,46.8,26700,46.78,U
sh603650,彤程新材,2025-10-13 13:30:06,46.84,4400,46.81,U
sh603650,彤程新材,2025-10-13 13:30:12,46.86,19800,46.85,U
sh603650,彤程新材,2025-10-13 13:30:15,46.86,23400,46.86,U
sh603650,彤程新材,2025-10-13 13:30:18,46.86,13900,46.86,D
sh603650,彤程新材,2025-10-13 13:30:21,46.86,41600,46.86,D
sh603650,彤程新材,2025-10-13 13:30:24,46.88,9000,46.86,U
sh603650,彤程新材,2025-10-13 13:30:27,46.87,4500,46.88,D
sh603650,彤程新材,2025-10-13 13:30:30,46.87,5700,46.87,D
sh603650,彤程新材,2025-10-13 13:30:33,46.88,10900,46.87,U
sh603650,彤程新材,2025-10-13 13:30:36,46.86,57900,46.88,D
sh603650,彤程新材,2025-10-13 13:30:39,46.84,19600,46.86,D
sh603650,彤程新材,2025-10-13 13:30:42,46.85,8100,46.84,U
sh603650,彤程新材,2025-10-13 13:30:45,46.84,18700,46.85,E
sh603650,彤程新材,2025-10-13 13:30:48,46.82,50100,46.84,D
sh603650,彤程新材,2025-10-13 13:30:51,46.8,7000,46.82,D
sh603650,彤程新材,2025-10-13 13:30:57,46.8,5200,46.81,U
sh603650,彤程新材,2025-10-13 13:31:00,46.7,6300,46.8,D
sh603650,彤程新材,2025-10-13 13:31:03,46.66,6400,46.7,D
sh603650,彤程新材,2025-10-13 13:31:09,46.64,6300,46.66,D
sh603650,彤程新材,2025-10-13 13:31:12,46.6,4600,46.64,D
sh603650,彤程新材,2025-10-13 13:31:15,46.59,7400,46.6,D
sh603650,彤程新材,2025-10-13 13:31:18,46.55,8700,46.59,D
sh603650,彤程新材,2025-10-13 13:31:21,46.58,5300,46.55,E
sh603650,彤程新材,2025-10-13 13:31:30,46.6,5800,46.58,U
sh603650,彤程新材,2025-10-13 13:31:39,46.6,16000,46.62,D
sh603650,彤程新材,2025-10-13 13:31:42,46.58,9600,46.6,D
sh603650,彤程新材,2025-10-13 13:31:51,46.59,8300,46.58,U
sh603650,彤程新材,2025-10-13 13:31:54,46.56,4800,46.59,D
sh603650,彤程新材,2025-10-13 13:32:00,46.64,7300,46.6,U
sh603650,彤程新材,2025-10-13 13:32:06,46.6,6200,46.6,U
sh603650,彤程新材,2025-10-13 13:32:12,46.6,4400,46.64,D
sh603650,彤程新材,2025-10-13 13:32:18,46.65,4700,46.64,U
sh603650,彤程新材,2025-10-13 13:32:21,46.63,4300,46.65,D
sh603650,彤程新材,2025-10-13 13:32:30,46.68,17300,46.63,U
sh603650,彤程新材,2025-10-13 13:32:33,46.63,4300,46.68,D
sh603650,彤程新材,2025-10-13 13:32:39,46.6,6300,46.61,D
sh603650,彤程新材,2025-10-13 13:33:00,46.55,7700,46.55,U
sh603650,彤程新材,2025-10-13 13:33:03,46.52,9000,46.55,D
sh603650,彤程新材,2025-10-13 13:33:18,46.51,5300,46.52,D
sh603650,彤程新材,2025-10-13 13:33:21,46.51,6400,46.51,U
sh603650,彤程新材,2025-10-13 13:33:33,46.52,4500,46.55,D
sh603650,彤程新材,2025-10-13 13:33:42,46.52,5800,46.55,D
sh603650,彤程新材,2025-10-13 13:33:45,46.59,10000,46.52,U
sh603650,彤程新材,2025-10-13 13:33:48,46.59,10500,46.59,U
sh603650,彤程新材,2025-10-13 13:33:51,46.63,15000,46.59,U
sh603650,彤程新材,2025-10-13 13:34:00,46.63,31100,46.59,U
sh603650,彤程新材,2025-10-13 13:34:21,46.8,12500,46.76,U
sh603650,彤程新材,2025-10-13 13:34:27,46.84,43600,46.8,U
sh603650,彤程新材,2025-10-13 13:34:30,46.85,9400,46.84,U
sh603650,彤程新材,2025-10-13 13:34:33,46.87,38800,46.85,U
sh603650,彤程新材,2025-10-13 13:34:36,46.86,18400,46.87,D
sh603650,彤程新材,2025-10-13 13:34:39,46.9,6300,46.86,U
sh603650,彤程新材,2025-10-13 13:34:42,46.93,24500,46.9,U
sh603650,彤程新材,2025-10-13 13:34:45,46.93,8000,46.93,U
sh603650,彤程新材,2025-10-13 13:34:48,46.95,24600,46.93,U
sh603650,彤程新材,2025-10-13 13:34:51,46.95,7400,46.95,U
sh603650,彤程新材,2025-10-13 13:34:54,46.95,9200,46.95,U
sh603650,彤程新材,2025-10-13 13:34:57,46.97,67200,46.95,U
sh603650,彤程新材,2025-10-13 13:35:00,47.0,99000,46.97,U
sh603650,彤程新材,2025-10-13 13:35:03,47.0,129200,47.0,U
sh603650,彤程新材,2025-10-13 13:35:06,47.0,49200,47.0,U
sh603650,彤程新材,2025-10-13 13:35:09,47.0,12200,47.0,U
sh603650,彤程新材,2025-10-13 13:35:12,46.99,55200,47.0,D
sh603650,彤程新材,2025-10-13 13:35:15,47.0,10432,46.99,U
sh603650,彤程新材,2025-10-13 13:35:21,47.0,8100,47.0,D
sh603650,彤程新材,2025-10-13 13:35:24,47.01,35400,47.0,U
sh603650,彤程新材,2025-10-13 13:35:27,47.01,10300,47.01,D
sh603650,彤程新材,2025-10-13 13:35:30,47.02,12000,47.01,U
sh603650,彤程新材,2025-10-13 13:35:36,47.02,4900,47.02,D
sh603650,彤程新材,2025-10-13 13:35:39,47.02,15800,47.02,D
sh603650,彤程新材,2025-10-13 13:35:42,47.01,17100,47.02,D
sh603650,彤程新材,2025-10-13 13:35:45,46.99,10168,47.01,D
sh603650,彤程新材,2025-10-13 13:35:48,46.91,31700,46.99,D
sh603650,彤程新材,2025-10-13 13:35:51,46.96,15400,46.91,U
sh603650,彤程新材,2025-10-13 13:35:54,46.91,10600,46.96,E
sh603650,彤程新材,2025-10-13 13:35:57,46.96,16000,46.91,U
sh603650,彤程新材,2025-10-13 13:36:00,46.9,7400,46.96,D
sh603650,彤程新材,2025-10-13 13:36:03,46.93,4600,46.9,U
sh603650,彤程新材,2025-10-13 13:36:09,46.81,7200,46.84,E
sh603650,彤程新材,2025-10-13 13:36:30,46.75,4600,46.76,D
sh603650,彤程新材,2025-10-13 13:36:36,46.78,17700,46.73,U
sh603650,彤程新材,2025-10-13 13:36:39,46.75,11600,46.78,D
sh603650,彤程新材,2025-10-13 13:36:51,46.75,7200,46.76,D
sh603650,彤程新材,2025-10-13 13:36:54,46.75,5900,46.75,D
sh603650,彤程新材,2025-10-13 13:36:57,46.75,4900,46.75,D
sh603650,彤程新材,2025-10-13 13:37:00,46.76,8800,46.75,U
sh603650,彤程新材,2025-10-13 13:37:06,46.74,9900,46.76,D
sh603650,彤程新材,2025-10-13 13:37:12,46.73,6000,46.74,D
sh603650,彤程新材,2025-10-13 13:37:42,46.74,4700,46.74,U
sh603650,彤程新材,2025-10-13 13:37:45,46.75,4400,46.74,U
sh603650,彤程新材,2025-10-13 13:37:51,46.73,9800,46.74,D
sh603650,彤程新材,2025-10-13 13:38:00,46.8,20200,46.76,U
sh603650,彤程新材,2025-10-13 13:38:06,46.8,8400,46.79,U
sh603650,彤程新材,2025-10-13 13:38:09,46.8,7600,46.8,U
sh603650,彤程新材,2025-10-13 13:38:21,46.82,11200,46.77,U
sh603650,彤程新材,2025-10-13 13:38:39,46.84,7200,46.83,U
sh603650,彤程新材,2025-10-13 13:38:57,46.86,5100,46.9,D
sh603650,彤程新材,2025-10-13 13:39:15,46.91,11700,46.93,D
sh603650,彤程新材,2025-10-13 13:39:18,46.97,6500,46.91,U
sh603650,彤程新材,2025-10-13 13:39:24,46.97,7100,46.94,U
sh603650,彤程新材,2025-10-13 13:39:27,46.97,5200,46.97,U
sh603650,彤程新材,2025-10-13 13:39:33,46.97,4900,46.98,D
sh603650,彤程新材,2025-10-13 13:39:36,46.93,22100,46.97,D
sh603650,彤程新材,2025-10-13 13:39:39,46.91,25600,46.93,E
sh603650,彤程新材,2025-10-13 13:39:42,46.93,15800,46.91,U
sh603650,彤程新材,2025-10-13 13:39:48,46.88,5000,46.9,D
sh603650,彤程新材,2025-10-13 13:39:51,46.92,4900,46.88,U
sh603650,彤程新材,2025-10-13 13:39:54,46.88,6000,46.92,D
sh603650,彤程新材,2025-10-13 13:40:00,46.82,14200,46.86,D
sh603650,彤程新材,2025-10-13 13:40:03,46.8,12600,46.82,D
sh603650,彤程新材,2025-10-13 13:40:21,46.7,13800,46.72,D
sh603650,彤程新材,2025-10-13 13:40:30,46.61,7400,46.65,D
sh603650,彤程新材,2025-10-13 13:40:33,46.6,8600,46.61,D
sh603650,彤程新材,2025-10-13 13:40:48,46.57,29800,46.59,D
sh603650,彤程新材,2025-10-13 13:41:09,46.5,4900,46.53,D
sh603650,彤程新材,2025-10-13 13:41:18,46.51,5700,46.52,D
sh603650,彤程新材,2025-10-13 13:41:21,46.53,10600,46.51,U
sh603650,彤程新材,2025-10-13 13:41:27,46.51,4400,46.51,U
sh603650,彤程新材,2025-10-13 13:41:33,46.5,5300,46.51,D
sh603650,彤程新材,2025-10-13 13:42:24,46.65,15000,46.65,U
sh603650,彤程新材,2025-10-13 13:42:27,46.65,6600,46.65,U
sh603650,彤程新材,2025-10-13 13:42:42,46.69,6100,46.66,U
sh603650,彤程新材,2025-10-13 13:43:00,46.71,27200,46.69,U
sh603650,彤程新材,2025-10-13 13:43:15,46.74,4600,46.74,U
sh603650,彤程新材,2025-10-13 13:43:18,46.73,4300,46.74,E
sh603650,彤程新材,2025-10-13 13:43:27,46.66,33300,46.71,D
sh603650,彤程新材,2025-10-13 13:43:30,46.64,14300,46.66,D
sh603650,彤程新材,2025-10-13 13:43:54,46.66,4700,46.65,U
sh603650,彤程新材,2025-10-13 13:44:00,46.67,9600,46.62,U
sh603650,彤程新材,2025-10-13 13:44:12,46.7,4400,46.66,U
sh603650,彤程新材,2025-10-13 13:44:39,46.7,12400,46.7,U
sh603650,彤程新材,2025-10-13 13:45:03,46.66,5900,46.68,D
sh603650,彤程新材,2025-10-13 13:45:09,46.62,8200,46.65,D
sh603650,彤程新材,2025-10-13 13:45:15,46.6,11500,46.62,D
sh603650,彤程新材,2025-10-13 13:46:00,46.58,14500,46.55,U
sh603650,彤程新材,2025-10-13 13:46:03,46.55,27400,46.58,E
sh603650,彤程新材,2025-10-13 13:46:12,46.51,11400,46.55,E
sh603650,彤程新材,2025-10-13 13:47:00,46.53,10900,46.52,U
sh603650,彤程新材,2025-10-13 13:47:03,46.52,4800,46.53,E
sh603650,彤程新材,2025-10-13 13:47:09,46.51,6200,46.53,D
sh603650,彤程新材,2025-10-13 13:47:24,46.51,36300,46.53,D
sh603650,彤程新材,2025-10-13 13:47:27,46.51,4700,46.51,U
sh603650,彤程新材,2025-10-13 13:47:30,46.51,4700,46.51,U
sh603650,彤程新材,2025-10-13 13:47:36,46.5,5700,46.5,D
sh603650,彤程新材,2025-10-13 13:48:00,46.51,4900,46.5,U
sh603650,彤程新材,2025-10-13 13:48:12,46.51,6000,46.52,U
sh603650,彤程新材,2025-10-13 13:48:33,46.5,5900,46.52,E
sh603650,彤程新材,2025-10-13 13:49:03,46.54,6400,46.52,U
sh603650,彤程新材,2025-10-13 13:49:06,46.59,4600,46.54,U
sh603650,彤程新材,2025-10-13 13:49:24,46.62,6100,46.62,U
sh603650,彤程新材,2025-10-13 13:49:42,46.67,4900,46.66,U
sh603650,彤程新材,2025-10-13 13:49:57,46.72,12100,46.63,U
sh603650,彤程新材,2025-10-13 13:50:09,46.63,15415,46.67,D
sh603650,彤程新材,2025-10-13 13:50:12,46.67,29000,46.63,U
sh603650,彤程新材,2025-10-13 13:50:21,46.6,6400,46.56,U
sh603650,彤程新材,2025-10-13 13:50:42,46.53,8700,46.55,D
sh603650,彤程新材,2025-10-13 13:51:00,46.58,18800,46.55,U
sh603650,彤程新材,2025-10-13 13:51:21,46.53,4798,46.52,U
sh603650,彤程新材,2025-10-13 13:51:36,46.55,12600,46.53,U
sh603650,彤程新材,2025-10-13 13:53:06,46.58,6300,46.6,D
sh603650,彤程新材,2025-10-13 13:53:36,46.65,8000,46.65,D
sh603650,彤程新材,2025-10-13 13:53:39,46.63,14200,46.65,E
sh603650,彤程新材,2025-10-13 13:53:42,46.5,88600,46.63,D
sh603650,彤程新材,2025-10-13 13:53:45,46.45,13400,46.5,D
sh603650,彤程新材,2025-10-13 13:53:54,46.39,6300,46.43,D
sh603650,彤程新材,2025-10-13 13:53:57,46.41,16300,46.39,U
sh603650,彤程新材,2025-10-13 13:54:00,46.4,5200,46.41,E
sh603650,彤程新材,2025-10-13 13:54:06,46.38,9800,46.38,D
sh603650,彤程新材,2025-10-13 13:54:27,46.36,4600,46.37,D
sh603650,彤程新材,2025-10-13 13:54:39,46.36,5700,46.36,D
sh603650,彤程新材,2025-10-13 13:54:42,46.37,4600,46.36,U
sh603650,彤程新材,2025-10-13 13:54:45,46.36,6900,46.37,D
sh603650,彤程新材,2025-10-13 13:54:48,46.38,5400,46.36,U
sh603650,彤程新材,2025-10-13 13:55:00,46.4,25400,46.38,U
sh603650,彤程新材,2025-10-13 13:55:45,46.38,14400,46.39,D
sh603650,彤程新材,2025-10-13 13:56:24,46.43,10900,46.4,U
sh603650,彤程新材,2025-10-13 13:56:42,46.45,5600,46.42,U
sh603650,彤程新材,2025-10-13 13:56:48,46.43,4400,46.45,D
sh603650,彤程新材,2025-10-13 13:56:51,46.45,4500,46.43,U
sh603650,彤程新材,2025-10-13 13:56:54,46.41,5500,46.45,D
sh603650,彤程新材,2025-10-13 13:57:48,46.45,9600,46.46,D
sh603650,彤程新材,2025-10-13 13:57:57,46.47,4900,46.45,U
sh603650,彤程新材,2025-10-13 13:58:03,46.4,20400,46.46,D
sh603650,彤程新材,2025-10-13 13:58:21,46.39,8100,46.38,U
sh603650,彤程新材,2025-10-13 13:58:51,46.43,7200,46.45,D
sh603650,彤程新材,2025-10-13 14:00:00,46.43,22900,46.46,D
sh603650,彤程新材,2025-10-13 14:00:15,46.41,9800,46.41,D
sh603650,彤程新材,2025-10-13 14:00:18,46.42,11200,46.41,U
sh603650,彤程新材,2025-10-13 14:00:21,46.42,11100,46.42,D
sh603650,彤程新材,2025-10-13 14:01:18,46.42,22400,46.43,D
sh603650,彤程新材,2025-10-13 14:01:54,46.37,27200,46.39,D
sh603650,彤程新材,2025-10-13 14:01:57,46.35,37700,46.37,D
sh603650,彤程新材,2025-10-13 14:02:00,46.35,5800,46.35,D
sh603650,彤程新材,2025-10-13 14:02:03,46.35,8100,46.35,D
sh603650,彤程新材,2025-10-13 14:02:09,46.33,7700,46.35,D
sh603650,彤程新材,2025-10-13 14:02:12,46.32,4500,46.33,D
sh603650,彤程新材,2025-10-13 14:02:21,46.31,7900,46.31,U
sh603650,彤程新材,2025-10-13 14:02:30,46.26,7000,46.29,D
sh603650,彤程新材,2025-10-13 14:02:39,46.22,5200,46.26,D
sh603650,彤程新材,2025-10-13 14:03:09,46.26,10500,46.25,U
sh603650,彤程新材,2025-10-13 14:03:21,46.26,4800,46.27,D
sh603650,彤程新材,2025-10-13 14:04:27,46.27,6100,46.28,D
sh603650,彤程新材,2025-10-13 14:04:30,46.3,6900,46.27,U
sh603650,彤程新材,2025-10-13 14:04:42,46.28,4800,46.3,D
sh603650,彤程新材,2025-10-13 14:05:09,46.32,6900,46.3,U
sh603650,彤程新材,2025-10-13 14:05:30,46.3,23900,46.3,E
sh603650,彤程新材,2025-10-13 14:05:33,46.3,6700,46.3,U
sh603650,彤程新材,2025-10-13 14:05:36,46.29,5400,46.3,D
sh603650,彤程新材,2025-10-13 14:05:45,46.28,12400,46.29,D
sh603650,彤程新材,2025-10-13 14:05:54,46.28,5700,46.28,D
sh603650,彤程新材,2025-10-13 14:06:03,46.26,17100,46.28,D
sh603650,彤程新材,2025-10-13 14:06:30,46.22,14300,46.22,D
sh603650,彤程新材,2025-10-13 14:06:39,46.21,21300,46.21,U
sh603650,彤程新材,2025-10-13 14:07:15,46.1,7900,46.13,D
sh603650,彤程新材,2025-10-13 14:07:27,46.13,8600,46.13,U
sh603650,彤程新材,2025-10-13 14:07:30,46.1,4900,46.13,D
sh603650,彤程新材,2025-10-13 14:07:36,46.13,5000,46.13,D
sh603650,彤程新材,2025-10-13 14:07:54,46.16,26000,46.11,U
sh603650,彤程新材,2025-10-13 14:08:39,46.26,4600,46.24,U
sh603650,彤程新材,2025-10-13 14:08:54,46.24,6000,46.23,U
sh603650,彤程新材,2025-10-13 14:09:21,46.25,11000,46.25,U
sh603650,彤程新材,2025-10-13 14:10:03,46.28,5500,46.28,U
sh603650,彤程新材,2025-10-13 14:10:06,46.27,5000,46.28,D
sh603650,彤程新材,2025-10-13 14:10:36,46.32,4400,46.3,U
sh603650,彤程新材,2025-10-13 14:11:00,46.3,19700,46.33,D
sh603650,彤程新材,2025-10-13 14:11:03,46.35,7100,46.3,U
sh603650,彤程新材,2025-10-13 14:11:15,46.38,6000,46.35,U
sh603650,彤程新材,2025-10-13 14:11:24,46.34,16700,46.35,D
sh603650,彤程新材,2025-10-13 14:11:36,46.28,5100,46.28,D
sh603650,彤程新材,2025-10-13 14:11:45,46.27,18200,46.27,U
sh603650,彤程新材,2025-10-13 14:12:18,46.36,5100,46.36,U
sh603650,彤程新材,2025-10-13 14:12:30,46.36,9700,46.36,U
sh603650,彤程新材,2025-10-13 14:12:45,46.4,4600,46.39,U
sh603650,彤程新材,2025-10-13 14:13:06,46.5,10900,46.48,U
sh603650,彤程新材,2025-10-13 14:13:09,46.51,4700,46.5,U
sh603650,彤程新材,2025-10-13 14:13:24,46.64,4900,46.56,U
sh603650,彤程新材,2025-10-13 14:13:33,46.66,6500,46.64,U
sh603650,彤程新材,2025-10-13 14:13:36,46.68,4300,46.66,U
sh603650,彤程新材,2025-10-13 14:13:39,46.64,17300,46.68,D
sh603650,彤程新材,2025-10-13 14:13:42,46.57,22800,46.64,D
sh603650,彤程新材,2025-10-13 14:13:45,46.56,28600,46.57,D
sh603650,彤程新材,2025-10-13 14:13:48,46.6,8000,46.56,U
sh603650,彤程新材,2025-10-13 14:13:54,46.64,8100,46.58,U
sh603650,彤程新材,2025-10-13 14:14:06,46.55,10800,46.59,D
sh603650,彤程新材,2025-10-13 14:14:12,46.53,5600,46.54,D
sh603650,彤程新材,2025-10-13 14:14:18,46.53,5500,46.52,U
sh603650,彤程新材,2025-10-13 14:14:21,46.51,8100,46.53,D
sh603650,彤程新材,2025-10-13 14:14:24,46.52,12200,46.51,D
sh603650,彤程新材,2025-10-13 14:14:30,46.51,4600,46.53,D
sh603650,彤程新材,2025-10-13 14:14:36,46.49,14300,46.51,D
sh603650,彤程新材,2025-10-13 14:15:42,46.49,4400,46.48,U
sh603650,彤程新材,2025-10-13 14:16:06,46.51,6900,46.49,U
sh603650,彤程新材,2025-10-13 14:16:21,46.49,7900,46.49,U
sh603650,彤程新材,2025-10-13 14:16:24,46.45,5900,46.49,D
sh603650,彤程新材,2025-10-13 14:16:54,46.42,4600,46.4,U
sh603650,彤程新材,2025-10-13 14:17:03,46.42,7900,46.41,U
sh603650,彤程新材,2025-10-13 14:17:57,46.44,6000,46.43,U
sh603650,彤程新材,2025-10-13 14:18:30,46.46,4600,46.45,U
sh603650,彤程新材,2025-10-13 14:18:51,46.45,5800,46.45,U
sh603650,彤程新材,2025-10-13 14:19:18,46.48,7500,46.48,U
sh603650,彤程新材,2025-10-13 14:19:30,46.48,5166,46.48,U
sh603650,彤程新材,2025-10-13 14:19:57,46.5,12600,46.49,U
sh603650,彤程新材,2025-10-13 14:20:00,46.51,15600,46.5,U
sh603650,彤程新材,2025-10-13 14:20:30,46.55,4400,46.53,U
sh603650,彤程新材,2025-10-13 14:20:57,46.57,5000,46.56,U
sh603650,彤程新材,2025-10-13 14:21:03,46.52,32200,46.57,D
sh603650,彤程新材,2025-10-13 14:21:06,46.54,13700,46.52,E
sh603650,彤程新材,2025-10-13 14:21:21,46.51,5000,46.51,D
sh603650,彤程新材,2025-10-13 14:21:27,46.5,6300,46.51,D
sh603650,彤程新材,2025-10-13 14:21:42,46.5,5500,46.5,E
sh603650,彤程新材,2025-10-13 14:21:57,46.5,9900,46.5,U
sh603650,彤程新材,2025-10-13 14:22:42,46.56,5300,46.52,U
sh603650,彤程新材,2025-10-13 14:23:27,46.57,22000,46.57,U
sh603650,彤程新材,2025-10-13 14:23:30,46.58,5500,46.57,U
sh603650,彤程新材,2025-10-13 14:23:54,46.57,4600,46.6,D
sh603650,彤程新材,2025-10-13 14:24:03,46.6,12800,46.6,D
sh603650,彤程新材,2025-10-13 14:24:12,46.62,6000,46.62,D
sh603650,彤程新材,2025-10-13 14:24:18,46.64,4400,46.63,U
sh603650,彤程新材,2025-10-13 14:24:39,46.67,7500,46.66,D
sh603650,彤程新材,2025-10-13 14:24:48,46.68,31800,46.69,D
sh603650,彤程新材,2025-10-13 14:24:51,46.65,8900,46.68,D
sh603650,彤程新材,2025-10-13 14:24:54,46.69,16800,46.65,U
sh603650,彤程新材,2025-10-13 14:24:57,46.68,7800,46.69,D
sh603650,彤程新材,2025-10-13 14:25:03,46.66,4800,46.65,U
sh603650,彤程新材,2025-10-13 14:25:06,46.68,17800,46.66,U
sh603650,彤程新材,2025-10-13 14:25:09,46.69,9800,46.68,U
sh603650,彤程新材,2025-10-13 14:25:18,46.67,5000,46.68,E
sh603650,彤程新材,2025-10-13 14:25:27,46.62,27800,46.67,D
sh603650,彤程新材,2025-10-13 14:25:30,46.56,11000,46.62,D
sh603650,彤程新材,2025-10-13 14:25:33,46.56,4600,46.56,U
sh603650,彤程新材,2025-10-13 14:25:36,46.59,4300,46.56,U
sh603650,彤程新材,2025-10-13 14:25:39,46.61,13300,46.59,U
sh603650,彤程新材,2025-10-13 14:26:33,46.62,7000,46.64,D
sh603650,彤程新材,2025-10-13 14:26:36,46.59,9700,46.62,D
sh603650,彤程新材,2025-10-13 14:26:39,46.58,5200,46.59,D
sh603650,彤程新材,2025-10-13 14:26:42,46.56,6600,46.58,D
sh603650,彤程新材,2025-10-13 14:26:45,46.54,4900,46.56,D
sh603650,彤程新材,2025-10-13 14:26:51,46.54,6600,46.54,U
sh603650,彤程新材,2025-10-13 14:27:18,46.56,8500,46.55,U
sh603650,彤程新材,2025-10-13 14:27:21,46.54,4300,46.56,D
sh603650,彤程新材,2025-10-13 14:27:57,46.53,11800,46.6,D
sh603650,彤程新材,2025-10-13 14:29:09,46.53,14400,46.53,D
sh603650,彤程新材,2025-10-13 14:29:12,46.5,9500,46.53,D
sh603650,彤程新材,2025-10-13 14:29:27,46.5,4500,46.51,D
sh603650,彤程新材,2025-10-13 14:29:36,46.5,19500,46.51,D
sh603650,彤程新材,2025-10-13 14:29:57,46.48,24700,46.49,D
sh603650,彤程新材,2025-10-13 14:30:12,46.48,6100,46.48,U
sh603650,彤程新材,2025-10-13 14:30:21,46.48,20600,46.48,U
sh603650,彤程新材,2025-10-13 14:31:30,46.51,8000,46.5,U
sh603650,彤程新材,2025-10-13 14:31:51,46.51,5200,46.51,U
sh603650,彤程新材,2025-10-13 14:31:57,46.51,4700,46.52,D
sh603650,彤程新材,2025-10-13 14:32:21,46.53,7100,46.52,U
sh603650,彤程新材,2025-10-13 14:32:30,46.52,14400,46.51,U
sh603650,彤程新材,2025-10-13 14:32:54,46.52,10900,46.52,U
sh603650,彤程新材,2025-10-13 14:33:27,46.55,8200,46.54,U
sh603650,彤程新材,2025-10-13 14:33:54,46.57,12100,46.56,U
sh603650,彤程新材,2025-10-13 14:33:57,46.57,5500,46.57,U
sh603650,彤程新材,2025-10-13 14:34:27,46.6,11200,46.6,U
sh603650,彤程新材,2025-10-13 14:34:57,46.61,6300,46.61,U
sh603650,彤程新材,2025-10-13 14:35:03,46.61,5900,46.61,U
sh603650,彤程新材,2025-10-13 14:35:06,46.62,4800,46.61,U
sh603650,彤程新材,2025-10-13 14:35:09,46.6,5000,46.62,D
sh603650,彤程新材,2025-10-13 14:35:15,46.65,4900,46.61,U
sh603650,彤程新材,2025-10-13 14:35:39,46.67,5800,46.67,D
sh603650,彤程新材,2025-10-13 14:35:54,46.7,7900,46.69,U
sh603650,彤程新材,2025-10-13 14:36:06,46.71,5100,46.72,D
sh603650,彤程新材,2025-10-13 14:36:15,46.72,5700,46.71,U
sh603650,彤程新材,2025-10-13 14:36:18,46.68,23600,46.72,D
sh603650,彤程新材,2025-10-13 14:36:21,46.67,9500,46.68,D
sh603650,彤程新材,2025-10-13 14:36:24,46.63,10500,46.67,D
sh603650,彤程新材,2025-10-13 14:36:27,46.6,19300,46.63,D
sh603650,彤程新材,2025-10-13 14:36:33,46.6,11300,46.62,D
sh603650,彤程新材,2025-10-13 14:36:36,46.56,18600,46.6,D
sh603650,彤程新材,2025-10-13 14:36:39,46.59,9600,46.56,U
sh603650,彤程新材,2025-10-13 14:36:42,46.55,6100,46.59,D
sh603650,彤程新材,2025-10-13 14:36:57,46.54,5200,46.53,U
sh603650,彤程新材,2025-10-13 14:37:33,46.58,6300,46.58,D
sh603650,彤程新材,2025-10-13 14:37:42,46.58,4400,46.58,U
sh603650,彤程新材,2025-10-13 14:37:45,46.57,5800,46.58,D
sh603650,彤程新材,2025-10-13 14:37:57,46.57,8600,46.58,D
sh603650,彤程新材,2025-10-13 14:38:03,46.58,15300,46.58,U
sh603650,彤程新材,2025-10-13 14:38:09,46.62,5100,46.58,U
sh603650,彤程新材,2025-10-13 14:38:12,46.58,7800,46.62,D
sh603650,彤程新材,2025-10-13 14:39:06,46.7,8600,46.68,U
sh603650,彤程新材,2025-10-13 14:39:12,46.7,6200,46.69,U
sh603650,彤程新材,2025-10-13 14:39:15,46.71,7100,46.7,U
sh603650,彤程新材,2025-10-13 14:39:18,46.71,8300,46.71,U
sh603650,彤程新材,2025-10-13 14:39:21,46.72,4400,46.71,U
sh603650,彤程新材,2025-10-13 14:39:30,46.75,16500,46.73,U
sh603650,彤程新材,2025-10-13 14:39:42,46.8,9800,46.8,U
sh603650,彤程新材,2025-10-13 14:39:45,46.8,23100,46.8,U
sh603650,彤程新材,2025-10-13 14:39:48,46.85,8400,46.8,U
sh603650,彤程新材,2025-10-13 14:39:57,46.87,5700,46.87,U
sh603650,彤程新材,2025-10-13 14:40:00,46.88,4900,46.87,U
sh603650,彤程新材,2025-10-13 14:40:03,46.9,32700,46.88,U
sh603650,彤程新材,2025-10-13 14:40:06,46.93,8600,46.9,U
sh603650,彤程新材,2025-10-13 14:40:12,46.96,18500,46.94,U
sh603650,彤程新材,2025-10-13 14:40:18,46.97,7300,46.97,U
sh603650,彤程新材,2025-10-13 14:40:21,46.97,17200,46.97,U
sh603650,彤程新材,2025-10-13 14:40:24,46.99,11000,46.97,U
sh603650,彤程新材,2025-10-13 14:40:27,47.0,54200,46.99,U
sh603650,彤程新材,2025-10-13 14:40:30,47.0,40200,47.0,U
sh603650,彤程新材,2025-10-13 14:40:33,47.0,30600,47.0,U
sh603650,彤程新材,2025-10-13 14:40:36,47.01,9800,47.0,U
sh603650,彤程新材,2025-10-13 14:40:39,47.0,14500,47.01,D
sh603650,彤程新材,2025-10-13 14:40:42,47.02,13200,47.0,U
sh603650,彤程新材,2025-10-13 14:40:48,47.03,15421,47.02,U
sh603650,彤程新材,2025-10-13 14:40:51,47.03,11800,47.03,U
sh603650,彤程新材,2025-10-13 14:40:54,47.03,12032,47.03,U
sh603650,彤程新材,2025-10-13 14:40:57,47.05,19800,47.03,U
sh603650,彤程新材,2025-10-13 14:41:03,47.06,20200,47.04,U
sh603650,彤程新材,2025-10-13 14:41:06,46.98,81400,47.06,D
sh603650,彤程新材,2025-10-13 14:41:09,47.06,49768,46.98,U
sh603650,彤程新材,2025-10-13 14:41:12,47.0,41500,47.06,U
sh603650,彤程新材,2025-10-13 14:41:15,47.0,18500,47.0,D
sh603650,彤程新材,2025-10-13 14:41:18,46.98,13700,47.0,D
sh603650,彤程新材,2025-10-13 14:41:21,46.92,7100,46.98,D
sh603650,彤程新材,2025-10-13 14:41:24,47.0,7100,46.92,U
sh603650,彤程新材,2025-10-13 14:41:27,46.93,19000,47.0,D
sh603650,彤程新材,2025-10-13 14:41:30,46.92,8200,46.93,D
sh603650,彤程新材,2025-10-13 14:41:33,46.97,6200,46.92,U
sh603650,彤程新材,2025-10-13 14:41:36,46.92,9600,46.97,D
sh603650,彤程新材,2025-10-13 14:41:39,46.98,13800,46.92,E
sh603650,彤程新材,2025-10-13 14:41:42,47.0,34700,46.98,U
sh603650,彤程新材,2025-10-13 14:41:45,46.99,4900,47.0,E
sh603650,彤程新材,2025-10-13 14:41:48,47.0,18400,46.99,U
sh603650,彤程新材,2025-10-13 14:41:51,47.0,13600,47.0,U
sh603650,彤程新材,2025-10-13 14:41:54,47.0,10400,47.0,U
sh603650,彤程新材,2025-10-13 14:41:57,46.96,9900,47.0,D
sh603650,彤程新材,2025-10-13 14:42:00,46.95,6500,46.96,D
sh603650,彤程新材,2025-10-13 14:42:03,46.95,10800,46.95,D
sh603650,彤程新材,2025-10-13 14:42:06,46.99,5300,46.95,U
sh603650,彤程新材,2025-10-13 14:42:09,47.0,6800,46.99,U
sh603650,彤程新材,2025-10-13 14:42:15,47.0,8400,46.99,U
sh603650,彤程新材,2025-10-13 14:42:21,46.99,11300,47.0,D
sh603650,彤程新材,2025-10-13 14:42:24,47.0,12600,46.99,E
sh603650,彤程新材,2025-10-13 14:42:27,46.99,25500,47.0,D
sh603650,彤程新材,2025-10-13 14:42:30,46.95,10500,46.99,D
sh603650,彤程新材,2025-10-13 14:42:33,46.93,4900,46.95,D
sh603650,彤程新材,2025-10-13 14:42:36,46.93,10600,46.93,D
sh603650,彤程新材,2025-10-13 14:42:39,46.99,5500,46.93,U
sh603650,彤程新材,2025-10-13 14:42:42,46.89,18900,46.99,D
sh603650,彤程新材,2025-10-13 14:42:51,46.98,4500,46.93,U
sh603650,彤程新材,2025-10-13 14:43:00,46.95,9300,46.98,D
sh603650,彤程新材,2025-10-13 14:43:03,46.99,4600,46.95,U
sh603650,彤程新材,2025-10-13 14:43:06,46.98,5400,46.99,D
sh603650,彤程新材,2025-10-13 14:43:09,46.99,13000,46.98,U
sh603650,彤程新材,2025-10-13 14:43:12,47.0,14500,46.99,U
sh603650,彤程新材,2025-10-13 14:43:15,47.01,37300,47.0,U
sh603650,彤程新材,2025-10-13 14:43:18,47.01,5600,47.01,U
sh603650,彤程新材,2025-10-13 14:43:21,47.01,4500,47.01,U
sh603650,彤程新材,2025-10-13 14:43:24,47.02,8700,47.01,U
sh603650,彤程新材,2025-10-13 14:43:33,47.03,5600,47.03,D
sh603650,彤程新材,2025-10-13 14:43:36,47.05,4900,47.03,U
sh603650,彤程新材,2025-10-13 14:43:42,47.05,7600,47.05,U
sh603650,彤程新材,2025-10-13 14:43:45,47.05,18200,47.05,U
sh603650,彤程新材,2025-10-13 14:43:48,47.05,6900,47.05,D
sh603650,彤程新材,2025-10-13 14:43:54,47.07,9800,47.07,U
sh603650,彤程新材,2025-10-13 14:44:00,47.08,58000,47.08,U
sh603650,彤程新材,2025-10-13 14:44:03,47.08,23200,47.08,U
sh603650,彤程新材,2025-10-13 14:44:06,47.08,5900,47.08,U
sh603650,彤程新材,2025-10-13 14:44:09,47.09,13532,47.08,U
sh603650,彤程新材,2025-10-13 14:44:12,47.1,27300,47.09,U
sh603650,彤程新材,2025-10-13 14:44:15,47.1,16600,47.1,U
sh603650,彤程新材,2025-10-13 14:44:18,47.1,9900,47.1,U
sh603650,彤程新材,2025-10-13 14:44:21,47.09,6500,47.1,D
sh603650,彤程新材,2025-10-13 14:44:24,47.1,9400,47.09,U
sh603650,彤程新材,2025-10-13 14:44:27,47.11,6900,47.1,U
sh603650,彤程新材,2025-10-13 14:44:30,47.11,5700,47.11,D
sh603650,彤程新材,2025-10-13 14:44:36,47.12,34800,47.12,D
sh603650,彤程新材,2025-10-13 14:44:42,47.14,9500,47.13,U
sh603650,彤程新材,2025-10-13 14:44:45,47.13,8300,47.14,D
sh603650,彤程新材,2025-10-13 14:44:48,47.15,8000,47.13,U
sh603650,彤程新材,2025-10-13 14:44:51,47.15,31200,47.15,U
sh603650,彤程新材,2025-10-13 14:44:54,47.17,4900,47.15,U
sh603650,彤程新材,2025-10-13 14:45:00,47.18,9100,47.17,U
sh603650,彤程新材,2025-10-13 14:45:03,47.17,6000,47.18,D
sh603650,彤程新材,2025-10-13 14:45:06,47.19,8500,47.17,U
sh603650,彤程新材,2025-10-13 14:45:12,47.19,7800,47.19,U
sh603650,彤程新材,2025-10-13 14:45:18,47.2,26400,47.2,U
sh603650,彤程新材,2025-10-13 14:45:21,47.2,13000,47.2,U
sh603650,彤程新材,2025-10-13 14:45:24,47.2,9000,47.2,U
sh603650,彤程新材,2025-10-13 14:45:36,47.23,6400,47.22,U
sh603650,彤程新材,2025-10-13 14:45:39,47.25,11300,47.23,U
sh603650,彤程新材,2025-10-13 14:45:45,47.28,12200,47.26,U
sh603650,彤程新材,2025-10-13 14:45:48,47.3,5900,47.28,U
sh603650,彤程新材,2025-10-13 14:45:54,47.35,6100,47.33,U
sh603650,彤程新材,2025-10-13 14:45:57,47.38,9600,47.35,U
sh603650,彤程新材,2025-10-13 14:46:00,47.38,4600,47.38,U
sh603650,彤程新材,2025-10-13 14:46:03,47.44,12400,47.38,U
sh603650,彤程新材,2025-10-13 14:46:06,47.44,11700,47.44,U
sh603650,彤程新材,2025-10-13 14:46:09,47.47,7100,47.44,U
sh603650,彤程新材,2025-10-13 14:46:12,47.47,4800,47.47,U
sh603650,彤程新材,2025-10-13 14:46:15,47.5,14000,47.47,U
sh603650,彤程新材,2025-10-13 14:46:21,47.5,16100,47.49,U
sh603650,彤程新材,2025-10-13 14:46:24,47.5,23900,47.5,U
sh603650,彤程新材,2025-10-13 14:46:27,47.52,24100,47.5,U
sh603650,彤程新材,2025-10-13 14:46:30,47.5,6400,47.52,D
sh603650,彤程新材,2025-10-13 14:46:33,47.54,8500,47.5,U
sh603650,彤程新材,2025-10-13 14:46:36,47.57,7000,47.54,U
sh603650,彤程新材,2025-10-13 14:46:39,47.58,16200,47.57,U
sh603650,彤程新材,2025-10-13 14:46:42,47.6,9500,47.58,U
sh603650,彤程新材,2025-10-13 14:46:54,47.65,7100,47.65,U
sh603650,彤程新材,2025-10-13 14:46:57,47.68,5000,47.65,U
sh603650,彤程新材,2025-10-13 14:47:00,47.68,25400,47.68,D
sh603650,彤程新材,2025-10-13 14:47:06,47.75,14500,47.74,U
sh603650,彤程新材,2025-10-13 14:47:09,47.77,6200,47.75,U
sh603650,彤程新材,2025-10-13 14:47:15,47.79,25200,47.77,U
sh603650,彤程新材,2025-10-13 14:47:18,47.8,15200,47.79,U
sh603650,彤程新材,2025-10-13 14:47:21,47.85,11300,47.8,U
sh603650,彤程新材,2025-10-13 14:47:24,47.85,32500,47.85,D
sh603650,彤程新材,2025-10-13 14:47:27,47.79,43600,47.85,D
sh603650,彤程新材,2025-10-13 14:47:30,47.73,62500,47.79,D
sh603650,彤程新材,2025-10-13 14:47:33,47.78,29000,47.73,U
sh603650,彤程新材,2025-10-13 14:47:36,47.72,35700,47.78,D
sh603650,彤程新材,2025-10-13 14:47:39,47.68,12100,47.72,D
sh603650,彤程新材,2025-10-13 14:47:42,47.75,24600,47.68,U
sh603650,彤程新材,2025-10-13 14:47:45,47.68,11200,47.75,E
sh603650,彤程新材,2025-10-13 14:47:48,47.68,15200,47.68,U
sh603650,彤程新材,2025-10-13 14:47:51,47.61,8400,47.68,D
sh603650,彤程新材,2025-10-13 14:47:54,47.61,18200,47.61,D
sh603650,彤程新材,2025-10-13 14:47:57,47.59,10400,47.61,D
sh603650,彤程新材,2025-10-13 14:48:00,47.55,16100,47.59,D
sh603650,彤程新材,2025-10-13 14:48:06,47.48,24000,47.51,D
sh603650,彤程新材,2025-10-13 14:48:09,47.53,12800,47.48,U
sh603650,彤程新材,2025-10-13 14:48:12,47.52,4500,47.53,U
sh603650,彤程新材,2025-10-13 14:48:15,47.53,8900,47.52,U
sh603650,彤程新材,2025-10-13 14:48:21,47.55,9300,47.53,E
sh603650,彤程新材,2025-10-13 14:48:27,47.56,6200,47.56,D
sh603650,彤程新材,2025-10-13 14:48:30,47.57,6600,47.56,D
sh603650,彤程新材,2025-10-13 14:48:33,47.57,8500,47.57,D
sh603650,彤程新材,2025-10-13 14:48:36,47.58,6325,47.57,E
sh603650,彤程新材,2025-10-13 14:48:39,47.6,7100,47.58,U
sh603650,彤程新材,2025-10-13 14:48:45,47.61,15700,47.61,U
sh603650,彤程新材,2025-10-13 14:49:00,47.71,7000,47.69,U
sh603650,彤程新材,2025-10-13 14:49:09,47.77,5600,47.75,E
sh603650,彤程新材,2025-10-13 14:49:12,47.78,9600,47.77,U
sh603650,彤程新材,2025-10-13 14:49:15,47.82,18900,47.78,U
sh603650,彤程新材,2025-10-13 14:49:21,47.85,10500,47.82,U
sh603650,彤程新材,2025-10-13 14:49:24,47.88,13700,47.85,U
sh603650,彤程新材,2025-10-13 14:49:27,47.88,9500,47.88,U
sh603650,彤程新材,2025-10-13 14:49:30,47.9,10700,47.88,U
sh603650,彤程新材,2025-10-13 14:49:33,47.92,4200,47.9,U
sh603650,彤程新材,2025-10-13 14:49:36,47.96,4500,47.92,U
sh603650,彤程新材,2025-10-13 14:49:42,47.98,18100,47.96,U
sh603650,彤程新材,2025-10-13 14:49:45,47.98,10200,47.98,U
sh603650,彤程新材,2025-10-13 14:49:48,47.99,35400,47.98,U
sh603650,彤程新材,2025-10-13 14:49:51,47.98,14300,47.99,E
sh603650,彤程新材,2025-10-13 14:49:54,48.0,22600,47.98,U
sh603650,彤程新材,2025-10-13 14:49:57,48.0,9600,48.0,U
sh603650,彤程新材,2025-10-13 14:50:00,48.0,44100,48.0,U
sh603650,彤程新材,2025-10-13 14:50:03,47.99,94600,48.0,D
sh603650,彤程新材,2025-10-13 14:50:06,48.0,17900,47.99,U
sh603650,彤程新材,2025-10-13 14:50:09,48.0,13300,48.0,U
sh603650,彤程新材,2025-10-13 14:50:12,47.99,60800,48.0,D
sh603650,彤程新材,2025-10-13 14:50:15,48.01,24400,47.99,U
sh603650,彤程新材,2025-10-13 14:50:18,48.02,12000,48.01,U
sh603650,彤程新材,2025-10-13 14:50:24,48.04,12800,48.02,U
sh603650,彤程新材,2025-10-13 14:50:27,48.03,5000,48.04,D
sh603650,彤程新材,2025-10-13 14:50:30,48.04,6800,48.03,U
sh603650,彤程新材,2025-10-13 14:50:33,48.04,4600,48.04,D
sh603650,彤程新材,2025-10-13 14:50:36,48.08,5900,48.04,U
sh603650,彤程新材,2025-10-13 14:50:39,48.07,4300,48.08,D
sh603650,彤程新材,2025-10-13 14:50:42,48.08,8700,48.07,U
sh603650,彤程新材,2025-10-13 14:50:45,48.09,5900,48.08,E
sh603650,彤程新材,2025-10-13 14:50:54,48.09,20000,48.1,D
sh603650,彤程新材,2025-10-13 14:50:57,48.12,11300,48.09,U
sh603650,彤程新材,2025-10-13 14:51:00,48.12,7761,48.12,U
sh603650,彤程新材,2025-10-13 14:51:03,48.13,4700,48.12,U
sh603650,彤程新材,2025-10-13 14:51:06,48.14,15500,48.13,U
sh603650,彤程新材,2025-10-13 14:51:09,48.14,7200,48.14,U
sh603650,彤程新材,2025-10-13 14:51:12,48.14,5700,48.14,D
sh603650,彤程新材,2025-10-13 14:51:15,48.14,31400,48.14,D
sh603650,彤程新材,2025-10-13 14:51:21,48.18,5600,48.18,U
sh603650,彤程新材,2025-10-13 14:51:24,48.18,10700,48.18,U
sh603650,彤程新材,2025-10-13 14:51:27,48.11,51679,48.18,D
sh603650,彤程新材,2025-10-13 14:51:30,48.07,32400,48.11,D
sh603650,彤程新材,2025-10-13 14:51:33,48.06,9900,48.07,D
sh603650,彤程新材,2025-10-13 14:51:36,48.08,20698,48.06,U
sh603650,彤程新材,2025-10-13 14:51:39,48.08,6500,48.08,D
sh603650,彤程新材,2025-10-13 14:51:45,48.06,8700,48.06,U
sh603650,彤程新材,2025-10-13 14:51:48,47.99,19800,48.06,D
sh603650,彤程新材,2025-10-13 14:51:51,47.99,5900,47.99,U
sh603650,彤程新材,2025-10-13 14:51:54,47.96,9900,47.99,D
sh603650,彤程新材,2025-10-13 14:52:00,47.96,18800,47.96,D
sh603650,彤程新材,2025-10-13 14:52:03,47.95,16300,47.96,D
sh603650,彤程新材,2025-10-13 14:52:06,47.95,5400,47.95,D
sh603650,彤程新材,2025-10-13 14:52:09,47.9,22600,47.95,D
sh603650,彤程新材,2025-10-13 14:52:12,47.89,9800,47.9,D
sh603650,彤程新材,2025-10-13 14:52:15,47.88,4300,47.89,D
sh603650,彤程新材,2025-10-13 14:52:18,47.88,10900,47.88,D
sh603650,彤程新材,2025-10-13 14:52:21,47.85,23800,47.88,D
sh603650,彤程新材,2025-10-13 14:52:24,47.85,15600,47.85,D
sh603650,彤程新材,2025-10-13 14:52:27,47.85,11800,47.85,D
sh603650,彤程新材,2025-10-13 14:52:30,47.85,14500,47.85,D
sh603650,彤程新材,2025-10-13 14:52:33,47.85,17000,47.85,D
sh603650,彤程新材,2025-10-13 14:52:36,47.86,18600,47.85,E
sh603650,彤程新材,2025-10-13 14:52:39,47.85,18200,47.86,D
sh603650,彤程新材,2025-10-13 14:52:45,47.85,4600,47.82,U
sh603650,彤程新材,2025-10-13 14:52:48,47.82,5100,47.85,D
sh603650,彤程新材,2025-10-13 14:52:51,47.83,11600,47.82,E
