symbol,name,ticktime,price,volume,prev_price,kind
sh688297,中无人机,2025-09-17 09:25:01,47.73,11875,0.0,U
sh688297,中无人机,2025-09-17 09:30:03,47.83,14480,47.73,U
sh688297,中无人机,2025-09-17 09:30:33,47.58,5224,47.66,D
sh688297,中无人机,2025-09-17 09:30:39,47.61,4601,47.62,D
sh688297,中无人机,2025-09-17 09:30:48,47.58,8079,47.6,D
sh688297,中无人机,2025-09-17 09:31:03,47.53,6294,47.5,E
sh688297,中无人机,2025-09-17 09:31:06,47.5,6220,47.53,D
sh688297,中无人机,2025-09-17 09:31:09,47.5,4225,47.5,D
sh688297,中无人机,2025-09-17 09:31:12,47.45,5744,47.5,D
sh688297,中无人机,2025-09-17 09:31:33,47.5,14643,47.48,U
sh688297,中无人机,2025-09-17 09:31:39,47.48,6226,47.48,D
sh688297,中无人机,2025-09-17 09:31:42,47.5,16235,47.48,U
sh688297,中无人机,2025-09-17 09:31:45,47.48,4976,47.5,D
sh688297,中无人机,2025-09-17 09:32:15,47.48,5685,47.5,D
sh688297,中无人机,2025-09-17 09:32:21,47.45,6182,47.47,D
sh688297,中无人机,2025-09-17 09:32:27,47.48,4260,47.47,U
sh688297,中无人机,2025-09-17 09:32:30,47.51,65353,47.48,U
sh688297,中无人机,2025-09-17 09:32:33,47.64,5200,47.51,U
sh688297,中无人机,2025-09-17 09:32:42,47.58,8827,47.56,U
sh688297,中无人机,2025-09-17 09:32:45,47.45,6926,47.58,D
sh688297,中无人机,2025-09-17 09:34:18,47.52,5017,47.54,D
sh688297,中无人机,2025-09-17 09:34:30,47.5,16064,47.52,D
sh688297,中无人机,2025-09-17 09:34:54,47.48,14063,47.51,D
sh688297,中无人机,2025-09-17 09:34:57,47.45,7936,47.48,D
sh688297,中无人机,2025-09-17 09:35:03,47.42,7141,47.44,D
sh688297,中无人机,2025-09-17 09:35:06,47.41,7489,47.42,D
sh688297,中无人机,2025-09-17 09:35:27,47.36,4647,47.36,U
sh688297,中无人机,2025-09-17 09:35:33,47.36,6262,47.36,D
sh688297,中无人机,2025-09-17 09:35:39,47.35,9904,47.38,D
sh688297,中无人机,2025-09-17 09:35:45,47.36,12497,47.36,U
sh688297,中无人机,2025-09-17 09:35:51,47.45,18535,47.35,U
sh688297,中无人机,2025-09-17 09:35:54,47.36,7837,47.45,D
sh688297,中无人机,2025-09-17 09:36:06,47.48,4588,47.46,U
sh688297,中无人机,2025-09-17 09:37:06,47.51,15113,47.48,U
sh688297,中无人机,2025-09-17 09:37:51,47.54,5205,47.54,U
sh688297,中无人机,2025-09-17 09:38:06,47.5,8060,47.52,D
sh688297,中无人机,2025-09-17 09:38:51,47.5,4454,47.5,D
sh688297,中无人机,2025-09-17 09:38:54,47.59,22430,47.5,U
sh688297,中无人机,2025-09-17 09:38:57,47.64,17227,47.59,U
sh688297,中无人机,2025-09-17 09:39:57,47.6,9141,47.64,D
sh688297,中无人机,2025-09-17 09:40:48,47.57,9280,47.56,U
sh688297,中无人机,2025-09-17 09:41:03,47.65,14366,47.62,U
sh688297,中无人机,2025-09-17 09:41:21,47.72,7062,47.71,U
sh688297,中无人机,2025-09-17 09:41:27,47.7,5508,47.72,D
sh688297,中无人机,2025-09-17 09:41:33,47.7,10417,47.7,U
sh688297,中无人机,2025-09-17 09:41:39,47.75,5163,47.68,U
sh688297,中无人机,2025-09-17 09:42:03,47.69,7637,47.71,D
sh688297,中无人机,2025-09-17 09:42:30,47.69,8200,47.69,D
sh688297,中无人机,2025-09-17 09:42:42,47.7,4590,47.7,U
sh688297,中无人机,2025-09-17 09:43:09,47.68,4477,47.69,D
sh688297,中无人机,2025-09-17 09:43:30,47.64,5665,47.66,D
sh688297,中无人机,2025-09-17 09:43:42,47.8,15000,47.68,U
sh688297,中无人机,2025-09-17 09:44:03,47.8,10600,47.81,U
sh688297,中无人机,2025-09-17 09:45:39,47.85,7921,47.83,U
sh688297,中无人机,2025-09-17 09:46:03,47.9,7000,47.88,U
sh688297,中无人机,2025-09-17 09:46:06,47.88,5320,47.9,D
sh688297,中无人机,2025-09-17 09:46:09,47.86,10417,47.88,D
sh688297,中无人机,2025-09-17 09:46:48,47.9,4983,47.9,U
sh688297,中无人机,2025-09-17 09:46:54,47.9,4957,47.9,U
sh688297,中无人机,2025-09-17 09:46:57,47.9,10841,47.9,D
sh688297,中无人机,2025-09-17 09:47:06,47.92,6900,47.91,U
sh688297,中无人机,2025-09-17 09:47:51,47.91,4856,47.93,D
sh688297,中无人机,2025-09-17 09:48:03,47.9,5221,47.91,D
sh688297,中无人机,2025-09-17 09:48:21,47.93,5947,47.9,U
sh688297,中无人机,2025-09-17 09:48:48,47.85,8514,47.89,D
sh688297,中无人机,2025-09-17 09:49:18,47.75,14749,47.83,D
sh688297,中无人机,2025-09-17 09:49:21,47.7,4315,47.75,D
sh688297,中无人机,2025-09-17 09:49:33,47.84,5500,47.83,U
sh688297,中无人机,2025-09-17 09:49:36,47.85,4489,47.84,U
sh688297,中无人机,2025-09-17 09:50:03,47.98,10677,47.9,U
sh688297,中无人机,2025-09-17 09:50:06,48.0,5454,47.98,U
sh688297,中无人机,2025-09-17 09:50:15,47.98,5500,47.99,D
sh688297,中无人机,2025-09-17 09:50:30,48.04,4776,48.04,D
sh688297,中无人机,2025-09-17 09:51:00,48.04,7010,48.04,U
sh688297,中无人机,2025-09-17 09:51:12,48.01,6374,48.04,D
sh688297,中无人机,2025-09-17 09:51:33,47.97,4505,47.96,U
sh688297,中无人机,2025-09-17 09:52:33,48.0,11775,48.02,D
sh688297,中无人机,2025-09-17 09:53:09,48.04,7350,48.04,U
sh688297,中无人机,2025-09-17 09:53:36,48.08,11153,48.08,U
sh688297,中无人机,2025-09-17 09:53:57,48.12,9719,48.1,U
sh688297,中无人机,2025-09-17 09:54:03,48.18,9345,48.12,U
sh688297,中无人机,2025-09-17 09:54:06,48.22,9563,48.18,U
sh688297,中无人机,2025-09-17 09:54:12,48.22,11000,48.22,U
sh688297,中无人机,2025-09-17 09:54:15,48.26,13166,48.22,U
sh688297,中无人机,2025-09-17 09:54:27,48.22,8311,48.22,U
sh688297,中无人机,2025-09-17 09:54:33,48.22,13235,48.21,U
sh688297,中无人机,2025-09-17 09:54:39,48.2,6565,48.22,D
sh688297,中无人机,2025-09-17 09:54:54,48.22,16433,48.2,U
sh688297,中无人机,2025-09-17 09:54:57,48.19,4300,48.22,E
sh688297,中无人机,2025-09-17 09:55:03,48.2,4231,48.19,U
sh688297,中无人机,2025-09-17 09:55:15,48.06,9579,48.17,D
sh688297,中无人机,2025-09-17 09:55:18,48.09,4802,48.06,U
sh688297,中无人机,2025-09-17 09:55:45,48.06,5504,48.09,D
sh688297,中无人机,2025-09-17 09:56:03,48.06,4600,48.06,D
sh688297,中无人机,2025-09-17 09:56:27,48.09,5176,48.07,U
sh688297,中无人机,2025-09-17 09:57:03,48.0,25654,48.06,D
sh688297,中无人机,2025-09-17 09:57:21,48.0,4196,48.0,D
sh688297,中无人机,2025-09-17 09:58:03,47.96,7387,47.95,U
sh688297,中无人机,2025-09-17 09:58:18,47.93,5466,47.94,D
sh688297,中无人机,2025-09-17 10:00:03,47.89,20561,47.92,D
sh688297,中无人机,2025-09-17 10:00:06,47.84,5323,47.89,D
sh688297,中无人机,2025-09-17 10:00:36,47.86,10349,47.9,D
sh688297,中无人机,2025-09-17 10:00:57,48.0,10651,47.95,U
sh688297,中无人机,2025-09-17 10:01:54,47.93,5755,47.95,D
sh688297,中无人机,2025-09-17 10:02:54,47.86,5079,47.87,D
sh688297,中无人机,2025-09-17 10:03:48,47.9,8942,47.9,U
sh688297,中无人机,2025-09-17 10:04:03,47.87,4557,47.9,D
sh688297,中无人机,2025-09-17 10:04:12,47.86,6300,47.87,D
sh688297,中无人机,2025-09-17 10:04:18,47.87,4565,47.86,U
sh688297,中无人机,2025-09-17 10:04:33,47.88,7830,47.88,D
sh688297,中无人机,2025-09-17 10:04:42,47.86,6329,47.88,D
sh688297,中无人机,2025-09-17 10:06:12,47.88,10900,47.88,U
sh688297,中无人机,2025-09-17 10:07:12,47.85,10308,47.93,D
sh688297,中无人机,2025-09-17 10:07:33,47.82,5945,47.82,D
sh688297,中无人机,2025-09-17 10:08:21,47.89,14786,47.87,E
sh688297,中无人机,2025-09-17 10:08:42,47.88,5638,47.88,D
sh688297,中无人机,2025-09-17 10:10:15,47.77,11007,47.78,D
sh688297,中无人机,2025-09-17 10:10:18,47.76,4401,47.77,D
sh688297,中无人机,2025-09-17 10:10:33,47.75,5030,47.75,D
sh688297,中无人机,2025-09-17 10:11:18,47.73,4822,47.73,D
sh688297,中无人机,2025-09-17 10:12:48,47.72,5197,47.72,D
sh688297,中无人机,2025-09-17 10:13:27,47.75,8681,47.72,U
sh688297,中无人机,2025-09-17 10:14:00,47.78,5959,47.77,U
sh688297,中无人机,2025-09-17 10:16:03,47.79,4600,47.79,U
sh688297,中无人机,2025-09-17 10:16:18,47.82,8017,47.78,U
sh688297,中无人机,2025-09-17 10:17:09,47.84,4609,47.83,U
sh688297,中无人机,2025-09-17 10:17:57,47.85,4583,47.86,D
sh688297,中无人机,2025-09-17 10:18:12,47.81,10295,47.83,D
sh688297,中无人机,2025-09-17 10:19:27,47.74,20613,47.79,D
sh688297,中无人机,2025-09-17 10:20:51,47.83,8329,47.78,U
sh688297,中无人机,2025-09-17 10:20:57,47.8,11922,47.83,D
sh688297,中无人机,2025-09-17 10:21:09,47.78,7601,47.82,D
sh688297,中无人机,2025-09-17 10:21:24,47.8,5000,47.79,U
sh688297,中无人机,2025-09-17 10:23:00,47.66,9615,47.7,D
sh688297,中无人机,2025-09-17 10:23:03,47.63,12500,47.66,D
sh688297,中无人机,2025-09-17 10:23:27,47.6,12943,47.63,D
sh688297,中无人机,2025-09-17 10:24:03,47.66,4400,47.66,D
sh688297,中无人机,2025-09-17 10:25:03,47.69,6052,47.72,D
sh688297,中无人机,2025-09-17 10:25:33,47.7,4375,47.69,U
sh688297,中无人机,2025-09-17 10:25:36,47.69,5430,47.7,D
sh688297,中无人机,2025-09-17 10:25:39,47.69,4892,47.69,D
sh688297,中无人机,2025-09-17 10:25:45,47.66,4655,47.69,D
sh688297,中无人机,2025-09-17 10:26:06,47.6,11538,47.65,D
sh688297,中无人机,2025-09-17 10:26:09,47.57,4347,47.6,D
sh688297,中无人机,2025-09-17 10:26:15,47.63,4797,47.6,U
sh688297,中无人机,2025-09-17 10:28:09,47.63,5932,47.63,U
sh688297,中无人机,2025-09-17 10:28:15,47.62,5435,47.62,D
sh688297,中无人机,2025-09-17 10:28:48,47.59,9864,47.59,D
sh688297,中无人机,2025-09-17 10:28:51,47.6,4428,47.59,U
sh688297,中无人机,2025-09-17 10:29:33,47.61,5600,47.61,D
sh688297,中无人机,2025-09-17 10:30:03,47.56,20171,47.59,D
sh688297,中无人机,2025-09-17 10:31:18,47.57,10637,47.57,D
sh688297,中无人机,2025-09-17 10:32:06,47.57,5675,47.55,U
sh688297,中无人机,2025-09-17 10:32:27,47.57,7095,47.56,U
sh688297,中无人机,2025-09-17 10:32:51,47.56,5212,47.58,D
sh688297,中无人机,2025-09-17 10:33:03,47.6,9488,47.56,U
sh688297,中无人机,2025-09-17 10:33:06,47.72,19114,47.6,U
sh688297,中无人机,2025-09-17 10:35:15,47.61,7904,47.58,U
sh688297,中无人机,2025-09-17 10:37:00,47.6,10415,47.6,U
sh688297,中无人机,2025-09-17 10:39:03,47.62,5873,47.64,D
sh688297,中无人机,2025-09-17 10:39:51,47.63,6320,47.65,D
sh688297,中无人机,2025-09-17 10:40:30,47.62,8985,47.62,D
sh688297,中无人机,2025-09-17 10:41:06,47.63,4238,47.61,U
sh688297,中无人机,2025-09-17 10:41:09,47.7,27794,47.63,U
sh688297,中无人机,2025-09-17 10:42:33,47.73,12006,47.73,D
sh688297,中无人机,2025-09-17 10:42:48,47.72,6590,47.75,D
sh688297,中无人机,2025-09-17 10:43:09,47.66,4562,47.7,D
sh688297,中无人机,2025-09-17 10:45:24,47.66,9077,47.63,U
sh688297,中无人机,2025-09-17 10:47:48,47.7,5000,47.72,D
sh688297,中无人机,2025-09-17 10:53:57,47.73,4778,47.73,D
sh688297,中无人机,2025-09-17 10:55:42,47.75,10293,47.75,D
sh688297,中无人机,2025-09-17 10:56:33,47.84,7518,47.81,U
sh688297,中无人机,2025-09-17 10:58:00,47.84,6915,47.84,U
sh688297,中无人机,2025-09-17 10:59:45,47.89,8370,47.86,U
sh688297,中无人机,2025-09-17 11:00:15,47.95,5453,47.93,U
sh688297,中无人机,2025-09-17 11:00:54,47.89,6700,47.88,E
sh688297,中无人机,2025-09-17 11:01:24,47.86,8000,47.86,D
sh688297,中无人机,2025-09-17 11:02:15,47.81,11024,47.84,D
sh688297,中无人机,2025-09-17 11:02:18,47.8,5900,47.81,D
sh688297,中无人机,2025-09-17 11:05:06,47.87,6807,47.86,U
sh688297,中无人机,2025-09-17 11:05:09,47.89,17865,47.87,U
sh688297,中无人机,2025-09-17 11:05:12,47.89,4550,47.89,U
sh688297,中无人机,2025-09-17 11:05:15,47.89,8068,47.89,U
sh688297,中无人机,2025-09-17 11:08:39,47.8,7608,47.82,D
sh688297,中无人机,2025-09-17 11:10:09,47.75,10917,47.78,D
sh688297,中无人机,2025-09-17 11:12:30,47.71,9095,47.74,D
sh688297,中无人机,2025-09-17 11:13:09,47.7,7505,47.72,D
sh688297,中无人机,2025-09-17 11:13:18,47.76,16341,47.7,U
sh688297,中无人机,2025-09-17 11:14:12,47.7,13393,47.68,U
sh688297,中无人机,2025-09-17 11:14:18,47.67,14720,47.7,D
sh688297,中无人机,2025-09-17 11:15:57,47.86,6819,47.78,U
sh688297,中无人机,2025-09-17 11:19:00,47.82,5932,47.8,U
sh688297,中无人机,2025-09-17 11:19:15,47.8,5218,47.82,D
sh688297,中无人机,2025-09-17 11:21:03,47.88,8971,47.86,U
sh688297,中无人机,2025-09-17 11:22:27,47.89,9973,47.88,U
sh688297,中无人机,2025-09-17 11:22:30,47.9,7071,47.89,U
sh688297,中无人机,2025-09-17 11:23:00,47.95,6860,47.95,U
sh688297,中无人机,2025-09-17 11:23:06,47.88,6397,47.94,D
sh688297,中无人机,2025-09-17 11:23:09,47.88,5138,47.88,D
sh688297,中无人机,2025-09-17 11:23:51,47.88,7100,47.91,D
sh688297,中无人机,2025-09-17 11:25:36,47.85,5015,47.87,D
sh688297,中无人机,2025-09-17 11:25:57,47.84,5000,47.83,U
sh688297,中无人机,2025-09-17 11:29:59,47.81,7784,47.82,D
sh688297,中无人机,2025-09-17 13:00:03,47.81,10389,47.81,U
sh688297,中无人机,2025-09-17 13:00:06,47.8,5961,47.81,D
sh688297,中无人机,2025-09-17 13:00:09,47.81,19527,47.8,U
sh688297,中无人机,2025-09-17 13:00:12,47.81,18486,47.81,D
sh688297,中无人机,2025-09-17 13:00:18,47.9,7279,47.86,U
sh688297,中无人机,2025-09-17 13:07:21,47.79,12336,47.81,D
sh688297,中无人机,2025-09-17 13:07:24,47.76,10643,47.79,D
sh688297,中无人机,2025-09-17 13:11:45,47.74,4427,47.77,D
sh688297,中无人机,2025-09-17 13:11:48,47.74,5473,47.74,U
sh688297,中无人机,2025-09-17 13:12:24,47.74,5000,47.77,D
sh688297,中无人机,2025-09-17 13:15:48,47.74,9896,47.76,D
sh688297,中无人机,2025-09-17 13:19:45,47.75,4549,47.78,D
sh688297,中无人机,2025-09-17 13:20:00,47.77,8901,47.75,U
sh688297,中无人机,2025-09-17 13:22:00,47.71,19698,47.77,D
sh688297,中无人机,2025-09-17 13:22:18,47.77,5573,47.76,U
sh688297,中无人机,2025-09-17 13:22:21,47.79,24362,47.77,U
sh688297,中无人机,2025-09-17 13:23:42,47.8,16470,47.76,U
sh688297,中无人机,2025-09-17 13:23:57,47.8,6699,47.84,D
sh688297,中无人机,2025-09-17 13:25:27,47.78,10000,47.77,U
sh688297,中无人机,2025-09-17 13:25:51,47.78,4262,47.76,U
sh688297,中无人机,2025-09-17 13:27:33,47.7,30774,47.71,D
sh688297,中无人机,2025-09-17 13:27:36,47.68,8125,47.7,D
sh688297,中无人机,2025-09-17 13:28:09,47.68,4600,47.69,D
sh688297,中无人机,2025-09-17 13:28:18,47.67,5707,47.68,D
sh688297,中无人机,2025-09-17 13:29:03,47.65,10725,47.67,D
sh688297,中无人机,2025-09-17 13:29:12,47.63,4600,47.62,U
sh688297,中无人机,2025-09-17 13:29:39,47.63,4354,47.6,U
sh688297,中无人机,2025-09-17 13:30:30,47.64,7436,47.64,U
sh688297,中无人机,2025-09-17 13:32:06,47.6,4777,47.61,D
sh688297,中无人机,2025-09-17 13:34:15,47.62,13104,47.59,U
sh688297,中无人机,2025-09-17 13:34:21,47.67,7202,47.62,U
sh688297,中无人机,2025-09-17 13:34:24,47.68,5600,47.67,U
sh688297,中无人机,2025-09-17 13:35:15,47.61,8112,47.66,D
sh688297,中无人机,2025-09-17 13:37:48,47.62,24563,47.62,D
sh688297,中无人机,2025-09-17 13:38:21,47.66,6384,47.62,U
sh688297,中无人机,2025-09-17 13:40:06,47.63,4431,47.63,U
sh688297,中无人机,2025-09-17 13:41:27,47.63,5090,47.63,D
sh688297,中无人机,2025-09-17 13:41:51,47.63,4667,47.63,D
sh688297,中无人机,2025-09-17 13:42:21,47.62,8400,47.62,D
sh688297,中无人机,2025-09-17 13:47:18,47.66,7278,47.66,U
sh688297,中无人机,2025-09-17 13:48:48,47.66,4532,47.67,D
sh688297,中无人机,2025-09-17 13:49:03,47.65,16843,47.66,D
sh688297,中无人机,2025-09-17 13:49:21,47.61,27955,47.65,D
sh688297,中无人机,2025-09-17 13:50:09,47.59,6108,47.6,D
sh688297,中无人机,2025-09-17 13:51:39,47.58,7183,47.59,D
sh688297,中无人机,2025-09-17 13:51:57,47.59,11547,47.58,U
sh688297,中无人机,2025-09-17 13:52:00,47.58,4971,47.59,D
sh688297,中无人机,2025-09-17 13:52:51,47.59,5274,47.59,U
sh688297,中无人机,2025-09-17 13:52:57,47.59,5869,47.59,U
sh688297,中无人机,2025-09-17 13:53:03,47.63,10816,47.59,U
sh688297,中无人机,2025-09-17 13:53:54,47.65,8043,47.65,U
sh688297,中无人机,2025-09-17 13:59:15,47.72,5618,47.71,U
sh688297,中无人机,2025-09-17 13:59:27,47.7,4580,47.71,D
sh688297,中无人机,2025-09-17 13:59:51,47.71,14400,47.71,U
sh688297,中无人机,2025-09-17 14:01:30,47.7,5973,47.7,U
sh688297,中无人机,2025-09-17 14:01:42,47.74,6215,47.7,U
sh688297,中无人机,2025-09-17 14:04:51,47.66,7989,47.68,D
sh688297,中无人机,2025-09-17 14:04:57,47.66,4325,47.64,U
sh688297,中无人机,2025-09-17 14:07:57,47.63,5195,47.63,D
sh688297,中无人机,2025-09-17 14:08:00,47.62,14216,47.63,D
sh688297,中无人机,2025-09-17 14:09:00,47.6,14552,47.62,D
sh688297,中无人机,2025-09-17 14:09:15,47.6,12100,47.6,U
sh688297,中无人机,2025-09-17 14:09:24,47.6,8366,47.6,U
sh688297,中无人机,2025-09-17 14:10:54,47.57,16421,47.59,D
sh688297,中无人机,2025-09-17 14:12:36,47.55,24015,47.59,D
sh688297,中无人机,2025-09-17 14:13:24,47.55,4661,47.53,U
sh688297,中无人机,2025-09-17 14:14:12,47.58,22769,47.56,U
sh688297,中无人机,2025-09-17 14:15:09,47.57,11887,47.55,U
sh688297,中无人机,2025-09-17 14:15:12,47.57,7413,47.57,U
sh688297,中无人机,2025-09-17 14:15:57,47.6,21932,47.58,U
sh688297,中无人机,2025-09-17 14:16:12,47.62,7076,47.6,U
sh688297,中无人机,2025-09-17 14:19:15,47.59,10200,47.59,U
sh688297,中无人机,2025-09-17 14:20:00,47.61,10665,47.62,D
sh688297,中无人机,2025-09-17 14:20:09,47.63,4571,47.62,U
sh688297,中无人机,2025-09-17 14:21:00,47.64,4255,47.63,U
sh688297,中无人机,2025-09-17 14:21:09,47.65,5000,47.61,U
sh688297,中无人机,2025-09-17 14:25:00,47.66,5114,47.65,U
sh688297,中无人机,2025-09-17 14:25:09,47.7,11713,47.66,U
sh688297,中无人机,2025-09-17 14:28:36,47.61,17372,47.63,D
sh688297,中无人机,2025-09-17 14:28:42,47.6,5659,47.64,D
sh688297,中无人机,2025-09-17 14:28:45,47.58,13846,47.6,D
sh688297,中无人机,2025-09-17 14:29:03,47.57,5000,47.59,D
sh688297,中无人机,2025-09-17 14:30:57,47.62,7544,47.63,D
sh688297,中无人机,2025-09-17 14:31:09,47.62,5557,47.63,D
sh688297,中无人机,2025-09-17 14:32:57,47.62,5137,47.62,D
sh688297,中无人机,2025-09-17 14:33:06,47.6,13070,47.62,D
sh688297,中无人机,2025-09-17 14:33:12,47.57,7626,47.58,D
sh688297,中无人机,2025-09-17 14:34:03,47.57,8598,47.57,U
sh688297,中无人机,2025-09-17 14:34:09,47.58,4608,47.58,U
sh688297,中无人机,2025-09-17 14:34:27,47.58,4838,47.58,U
sh688297,中无人机,2025-09-17 14:35:57,47.63,12393,47.6,U
sh688297,中无人机,2025-09-17 14:39:36,47.6,9981,47.59,U
sh688297,中无人机,2025-09-17 14:41:15,47.58,12887,47.59,D
sh688297,中无人机,2025-09-17 14:42:03,47.62,11458,47.58,U
sh688297,中无人机,2025-09-17 14:46:27,47.63,20722,47.63,D
sh688297,中无人机,2025-09-17 14:47:57,47.62,4338,47.63,D
sh688297,中无人机,2025-09-17 14:48:18,47.63,5300,47.63,D
sh688297,中无人机,2025-09-17 14:48:42,47.63,4548,47.64,D
sh688297,中无人机,2025-09-17 14:48:57,47.65,5952,47.64,U
sh688297,中无人机,2025-09-17 14:49:27,47.63,4742,47.64,D
sh688297,中无人机,2025-09-17 14:50:03,47.63,4666,47.63,D
sh688297,中无人机,2025-09-17 14:50:24,47.63,4821,47.64,D
sh688297,中无人机,2025-09-17 14:51:15,47.64,4400,47.65,E
sh688297,中无人机,2025-09-17 14:51:42,47.64,7400,47.65,E
sh688297,中无人机,2025-09-17 14:51:45,47.64,4558,47.64,D
sh688297,中无人机,2025-09-17 14:53:09,47.62,9175,47.62,D
sh688297,中无人机,2025-09-17 14:53:15,47.62,4753,47.62,D
sh688297,中无人机,2025-09-17 14:53:18,47.62,6700,47.62,D
sh688297,中无人机,2025-09-17 14:53:39,47.62,7830,47.63,D
sh688297,中无人机,2025-09-17 14:53:45,47.62,5395,47.62,D
sh688297,中无人机,2025-09-17 14:53:54,47.62,4913,47.63,D
sh688297,中无人机,2025-09-17 14:54:03,47.62,4513,47.62,U
sh688297,中无人机,2025-09-17 14:54:18,47.64,4721,47.62,U
sh688297,中无人机,2025-09-17 14:54:30,47.62,20644,47.63,D
sh688297,中无人机,2025-09-17 14:54:33,47.63,6211,47.62,U
sh688297,中无人机,2025-09-17 14:55:09,47.64,22173,47.62,U
sh688297,中无人机,2025-09-17 14:55:12,47.64,5264,47.64,U
sh688297,中无人机,2025-09-17 14:55:24,47.64,14087,47.63,U
sh688297,中无人机,2025-09-17 14:55:27,47.66,18580,47.64,U
sh688297,中无人机,2025-09-17 14:55:39,47.68,5568,47.68,U
sh688297,中无人机,2025-09-17 14:55:45,47.7,4800,47.68,U
sh688297,中无人机,2025-09-17 14:55:57,47.7,14136,47.7,U
sh688297,中无人机,2025-09-17 14:56:00,47.74,36002,47.7,U
sh688297,中无人机,2025-09-17 14:56:12,47.75,28110,47.74,U
sh688297,中无人机,2025-09-17 14:56:18,47.75,14444,47.75,D
sh688297,中无人机,2025-09-17 14:56:21,47.75,5720,47.75,D
sh688297,中无人机,2025-09-17 14:56:30,47.75,6000,47.75,U
sh688297,中无人机,2025-09-17 15:00:03,47.76,44133,47.77,U
