symbol,name,ticktime,price,volume,prev_price,kind
sh688297,中无人机,2025-09-30 09:25:00,47.9,20831,0.0,U
sh688297,中无人机,2025-09-30 09:30:10,47.92,5354,47.93,D
sh688297,中无人机,2025-09-30 09:30:13,47.92,7612,47.92,D
sh688297,中无人机,2025-09-30 09:30:16,47.92,8417,47.92,D
sh688297,中无人机,2025-09-30 09:30:19,47.94,11000,47.92,E
sh688297,中无人机,2025-09-30 09:30:22,47.9,33641,47.94,D
sh688297,中无人机,2025-09-30 09:30:31,47.9,9349,47.92,D
sh688297,中无人机,2025-09-30 09:30:34,48.19,19417,47.9,U
sh688297,中无人机,2025-09-30 09:30:37,48.33,7800,48.19,U
sh688297,中无人机,2025-09-30 09:30:40,48.4,5063,48.33,U
sh688297,中无人机,2025-09-30 09:30:46,48.38,4665,48.4,D
sh688297,中无人机,2025-09-30 09:31:07,48.4,6872,48.39,U
sh688297,中无人机,2025-09-30 09:31:13,48.31,5427,48.31,U
sh688297,中无人机,2025-09-30 09:31:16,48.32,6151,48.31,U
sh688297,中无人机,2025-09-30 09:31:46,48.3,10318,48.3,U
sh688297,中无人机,2025-09-30 09:31:52,48.28,8410,48.28,U
sh688297,中无人机,2025-09-30 09:31:55,48.31,20904,48.28,U
sh688297,中无人机,2025-09-30 09:31:58,48.37,4301,48.31,U
sh688297,中无人机,2025-09-30 09:32:01,48.47,28437,48.37,U
sh688297,中无人机,2025-09-30 09:32:04,48.5,9731,48.47,U
sh688297,中无人机,2025-09-30 09:32:07,48.44,7701,48.5,D
sh688297,中无人机,2025-09-30 09:32:22,48.38,6607,48.43,D
sh688297,中无人机,2025-09-30 09:32:37,48.3,7163,48.27,U
sh688297,中无人机,2025-09-30 09:32:49,48.31,5200,48.35,D
sh688297,中无人机,2025-09-30 09:32:52,48.3,5403,48.31,D
sh688297,中无人机,2025-09-30 09:33:01,48.39,10307,48.36,U
sh688297,中无人机,2025-09-30 09:33:04,48.42,9394,48.39,U
sh688297,中无人机,2025-09-30 09:33:10,48.39,7610,48.39,D
sh688297,中无人机,2025-09-30 09:33:13,48.36,4300,48.39,D
sh688297,中无人机,2025-09-30 09:33:16,48.42,5712,48.36,U
sh688297,中无人机,2025-09-30 09:33:19,48.4,6800,48.42,U
sh688297,中无人机,2025-09-30 09:33:22,48.36,5804,48.4,D
sh688297,中无人机,2025-09-30 09:33:34,48.36,8376,48.36,U
sh688297,中无人机,2025-09-30 09:33:46,48.26,10497,48.3,D
sh688297,中无人机,2025-09-30 09:33:49,48.21,12346,48.26,D
sh688297,中无人机,2025-09-30 09:34:01,48.17,4166,48.18,D
sh688297,中无人机,2025-09-30 09:34:34,48.24,6686,48.25,D
sh688297,中无人机,2025-09-30 09:34:43,48.28,7222,48.25,U
sh688297,中无人机,2025-09-30 09:34:46,48.29,15486,48.28,U
sh688297,中无人机,2025-09-30 09:35:22,48.23,8644,48.23,D
sh688297,中无人机,2025-09-30 09:35:28,48.29,7204,48.27,U
sh688297,中无人机,2025-09-30 09:35:34,48.33,4703,48.3,U
sh688297,中无人机,2025-09-30 09:35:52,48.43,19834,48.42,U
sh688297,中无人机,2025-09-30 09:36:04,48.39,6639,48.4,D
sh688297,中无人机,2025-09-30 09:36:25,48.27,4500,48.33,D
sh688297,中无人机,2025-09-30 09:38:04,48.3,4499,48.36,D
sh688297,中无人机,2025-09-30 09:38:46,48.3,9720,48.32,D
sh688297,中无人机,2025-09-30 09:38:52,48.3,4613,48.3,D
sh688297,中无人机,2025-09-30 09:39:25,48.24,5681,48.25,D
sh688297,中无人机,2025-09-30 09:39:31,48.3,7520,48.25,U
sh688297,中无人机,2025-09-30 09:39:34,48.32,7317,48.3,U
sh688297,中无人机,2025-09-30 09:39:37,48.3,15900,48.32,E
sh688297,中无人机,2025-09-30 09:39:46,48.3,5548,48.32,D
sh688297,中无人机,2025-09-30 09:39:55,48.29,4430,48.27,U
sh688297,中无人机,2025-09-30 09:40:37,48.27,6702,48.25,U
sh688297,中无人机,2025-09-30 09:40:55,48.26,20456,48.25,U
sh688297,中无人机,2025-09-30 09:40:58,48.28,5846,48.26,U
sh688297,中无人机,2025-09-30 09:41:13,48.3,6659,48.29,U
sh688297,中无人机,2025-09-30 09:41:16,48.3,4988,48.3,U
sh688297,中无人机,2025-09-30 09:41:40,48.28,6647,48.28,D
sh688297,中无人机,2025-09-30 09:42:07,48.24,6100,48.24,D
sh688297,中无人机,2025-09-30 09:42:13,48.24,5390,48.25,D
sh688297,中无人机,2025-09-30 09:42:19,48.24,5436,48.24,D
sh688297,中无人机,2025-09-30 09:42:22,48.21,13690,48.24,D
sh688297,中无人机,2025-09-30 09:42:40,48.19,8619,48.2,D
sh688297,中无人机,2025-09-30 09:42:52,48.15,16373,48.15,D
sh688297,中无人机,2025-09-30 09:42:55,48.11,4833,48.15,D
sh688297,中无人机,2025-09-30 09:43:07,48.16,12489,48.16,U
sh688297,中无人机,2025-09-30 09:43:10,48.2,7974,48.16,U
sh688297,中无人机,2025-09-30 09:43:22,48.19,5937,48.22,D
sh688297,中无人机,2025-09-30 09:43:49,48.2,5758,48.19,D
sh688297,中无人机,2025-09-30 09:44:01,48.22,4252,48.23,E
sh688297,中无人机,2025-09-30 09:44:52,48.15,6399,48.15,U
sh688297,中无人机,2025-09-30 09:45:19,48.19,10831,48.15,U
sh688297,中无人机,2025-09-30 09:45:22,48.15,6785,48.19,D
sh688297,中无人机,2025-09-30 09:46:10,48.22,9895,48.16,U
sh688297,中无人机,2025-09-30 09:46:25,48.22,5000,48.17,U
sh688297,中无人机,2025-09-30 09:47:13,48.16,6300,48.2,D
sh688297,中无人机,2025-09-30 09:47:43,48.18,7981,48.17,E
sh688297,中无人机,2025-09-30 09:48:34,48.12,54782,48.18,D
sh688297,中无人机,2025-09-30 09:48:37,48.12,18432,48.12,D
sh688297,中无人机,2025-09-30 09:50:16,48.12,20442,48.08,U
sh688297,中无人机,2025-09-30 09:50:43,48.15,6524,48.15,U
sh688297,中无人机,2025-09-30 09:51:01,48.22,9576,48.19,U
sh688297,中无人机,2025-09-30 09:51:04,48.22,9076,48.22,D
sh688297,中无人机,2025-09-30 09:51:34,48.23,12362,48.2,U
sh688297,中无人机,2025-09-30 09:52:01,48.34,13136,48.26,U
sh688297,中无人机,2025-09-30 09:52:28,48.26,4937,48.33,D
sh688297,中无人机,2025-09-30 09:52:43,48.36,4577,48.33,U
sh688297,中无人机,2025-09-30 09:52:46,48.44,13101,48.36,U
sh688297,中无人机,2025-09-30 09:53:04,48.4,5103,48.36,U
sh688297,中无人机,2025-09-30 09:53:31,48.36,5116,48.33,U
sh688297,中无人机,2025-09-30 09:53:34,48.2,91800,48.36,D
sh688297,中无人机,2025-09-30 09:53:46,48.33,5000,48.32,U
sh688297,中无人机,2025-09-30 09:54:55,48.25,7234,48.27,D
sh688297,中无人机,2025-09-30 09:55:25,48.3,5288,48.29,U
sh688297,中无人机,2025-09-30 09:56:04,48.32,6827,48.29,U
sh688297,中无人机,2025-09-30 09:56:49,48.3,5200,48.32,D
sh688297,中无人机,2025-09-30 09:56:55,48.32,4849,48.29,U
sh688297,中无人机,2025-09-30 09:57:04,48.31,17438,48.32,D
sh688297,中无人机,2025-09-30 09:57:07,48.35,8493,48.31,U
sh688297,中无人机,2025-09-30 09:57:19,48.35,27184,48.34,U
sh688297,中无人机,2025-09-30 09:57:37,48.48,5129,48.47,U
sh688297,中无人机,2025-09-30 09:58:16,48.48,8047,48.45,U
sh688297,中无人机,2025-09-30 09:58:22,48.48,5782,48.47,U
sh688297,中无人机,2025-09-30 09:58:28,48.49,5545,48.48,U
sh688297,中无人机,2025-09-30 09:58:31,48.48,6665,48.49,D
sh688297,中无人机,2025-09-30 09:58:34,48.5,22504,48.48,U
sh688297,中无人机,2025-09-30 09:58:37,48.49,4938,48.5,D
sh688297,中无人机,2025-09-30 09:58:46,48.51,4648,48.5,U
sh688297,中无人机,2025-09-30 09:58:49,48.5,5500,48.51,D
sh688297,中无人机,2025-09-30 09:58:55,48.47,10350,48.48,D
sh688297,中无人机,2025-09-30 10:01:40,48.4,19088,48.41,D
sh688297,中无人机,2025-09-30 10:02:01,48.45,26493,48.42,U
sh688297,中无人机,2025-09-30 10:02:04,48.44,8781,48.45,D
sh688297,中无人机,2025-09-30 10:02:43,48.49,39229,48.49,U
sh688297,中无人机,2025-09-30 10:03:07,48.51,4200,48.51,U
sh688297,中无人机,2025-09-30 10:03:13,48.57,19973,48.51,U
sh688297,中无人机,2025-09-30 10:03:19,48.58,5840,48.58,U
sh688297,中无人机,2025-09-30 10:03:43,48.57,9600,48.56,U
sh688297,中无人机,2025-09-30 10:03:46,48.57,4700,48.57,U
sh688297,中无人机,2025-09-30 10:03:58,48.59,7131,48.57,U
sh688297,中无人机,2025-09-30 10:04:04,48.65,8487,48.6,U
sh688297,中无人机,2025-09-30 10:04:07,48.69,20843,48.65,U
sh688297,中无人机,2025-09-30 10:04:13,48.72,4466,48.73,E
sh688297,中无人机,2025-09-30 10:04:22,48.72,7482,48.71,U
sh688297,中无人机,2025-09-30 10:04:25,48.75,5185,48.72,U
sh688297,中无人机,2025-09-30 10:04:28,48.78,4257,48.75,U
sh688297,中无人机,2025-09-30 10:04:34,48.77,8318,48.78,D
sh688297,中无人机,2025-09-30 10:04:37,48.77,4352,48.77,D
sh688297,中无人机,2025-09-30 10:04:43,48.75,4400,48.77,D
sh688297,中无人机,2025-09-30 10:04:46,48.77,8733,48.75,U
sh688297,中无人机,2025-09-30 10:04:52,48.65,28117,48.76,D
sh688297,中无人机,2025-09-30 10:05:01,48.64,4273,48.73,D
sh688297,中无人机,2025-09-30 10:05:04,48.72,5937,48.64,U
sh688297,中无人机,2025-09-30 10:05:22,48.85,95930,48.73,U
sh688297,中无人机,2025-09-30 10:05:25,48.87,26088,48.85,U
sh688297,中无人机,2025-09-30 10:05:34,48.88,5433,48.88,U
sh688297,中无人机,2025-09-30 10:05:40,48.87,16663,48.88,D
sh688297,中无人机,2025-09-30 10:05:43,48.84,6278,48.87,D
sh688297,中无人机,2025-09-30 10:05:49,48.84,5893,48.86,D
sh688297,中无人机,2025-09-30 10:06:10,48.76,4708,48.79,D
sh688297,中无人机,2025-09-30 10:06:13,48.78,8691,48.76,U
sh688297,中无人机,2025-09-30 10:06:22,48.79,7356,48.78,U
sh688297,中无人机,2025-09-30 10:06:34,48.81,15551,48.78,U
sh688297,中无人机,2025-09-30 10:06:37,48.81,5817,48.81,D
sh688297,中无人机,2025-09-30 10:06:40,48.88,12630,48.81,U
sh688297,中无人机,2025-09-30 10:06:43,48.92,48045,48.88,U
sh688297,中无人机,2025-09-30 10:06:46,48.92,5587,48.92,U
sh688297,中无人机,2025-09-30 10:06:52,48.91,6038,48.92,D
sh688297,中无人机,2025-09-30 10:06:55,48.94,7085,48.91,U
sh688297,中无人机,2025-09-30 10:07:10,48.85,4459,48.88,D
sh688297,中无人机,2025-09-30 10:07:22,48.78,6400,48.82,D
sh688297,中无人机,2025-09-30 10:07:46,48.8,4377,48.8,U
sh688297,中无人机,2025-09-30 10:07:58,48.8,9478,48.82,D
sh688297,中无人机,2025-09-30 10:08:07,48.79,4757,48.8,D
sh688297,中无人机,2025-09-30 10:08:10,48.79,4313,48.79,U
sh688297,中无人机,2025-09-30 10:08:19,48.78,5514,48.79,D
sh688297,中无人机,2025-09-30 10:08:22,48.78,5902,48.78,U
sh688297,中无人机,2025-09-30 10:08:25,48.77,5842,48.78,D
sh688297,中无人机,2025-09-30 10:08:46,48.75,6446,48.77,D
sh688297,中无人机,2025-09-30 10:08:55,48.73,5482,48.75,D
sh688297,中无人机,2025-09-30 10:09:04,48.75,33702,48.7,U
sh688297,中无人机,2025-09-30 10:09:31,48.75,5500,48.76,D
sh688297,中无人机,2025-09-30 10:09:34,48.8,7771,48.75,U
sh688297,中无人机,2025-09-30 10:09:37,48.85,4808,48.8,U
sh688297,中无人机,2025-09-30 10:09:40,48.84,26761,48.85,E
sh688297,中无人机,2025-09-30 10:09:49,48.84,7652,48.85,D
sh688297,中无人机,2025-09-30 10:10:04,48.83,5886,48.83,D
sh688297,中无人机,2025-09-30 10:10:16,48.84,6600,48.84,D
sh688297,中无人机,2025-09-30 10:10:52,48.84,8242,48.83,U
sh688297,中无人机,2025-09-30 10:11:34,48.87,10000,48.86,U
sh688297,中无人机,2025-09-30 10:11:37,48.87,4800,48.87,U
sh688297,中无人机,2025-09-30 10:11:43,48.86,5900,48.85,U
sh688297,中无人机,2025-09-30 10:11:49,48.89,28877,48.86,U
sh688297,中无人机,2025-09-30 10:11:52,48.89,9173,48.89,U
sh688297,中无人机,2025-09-30 10:12:58,48.77,7270,48.79,D
sh688297,中无人机,2025-09-30 10:13:40,48.8,5735,48.8,U
sh688297,中无人机,2025-09-30 10:14:04,48.89,20207,48.83,U
sh688297,中无人机,2025-09-30 10:14:10,48.92,22918,48.87,U
sh688297,中无人机,2025-09-30 10:14:25,48.92,7055,48.91,U
sh688297,中无人机,2025-09-30 10:15:19,48.86,5400,48.87,D
sh688297,中无人机,2025-09-30 10:15:25,48.85,4735,48.86,D
sh688297,中无人机,2025-09-30 10:15:40,48.83,5011,48.85,D
sh688297,中无人机,2025-09-30 10:15:58,48.84,4259,48.83,U
sh688297,中无人机,2025-09-30 10:16:04,48.78,10893,48.83,D
sh688297,中无人机,2025-09-30 10:16:19,48.7,6658,48.76,D
sh688297,中无人机,2025-09-30 10:16:31,48.78,4703,48.8,D
sh688297,中无人机,2025-09-30 10:16:37,48.82,17816,48.78,U
sh688297,中无人机,2025-09-30 10:16:55,48.84,6847,48.84,E
sh688297,中无人机,2025-09-30 10:17:01,48.87,21242,48.83,U
sh688297,中无人机,2025-09-30 10:17:04,48.87,13555,48.87,U
sh688297,中无人机,2025-09-30 10:17:13,48.9,7300,48.9,U
sh688297,中无人机,2025-09-30 10:17:16,48.91,5352,48.9,U
sh688297,中无人机,2025-09-30 10:17:22,48.92,18396,48.9,U
sh688297,中无人机,2025-09-30 10:17:25,48.94,7871,48.92,U
sh688297,中无人机,2025-09-30 10:17:28,48.94,4215,48.94,U
sh688297,中无人机,2025-09-30 10:17:37,48.95,5543,48.94,U
sh688297,中无人机,2025-09-30 10:18:22,48.79,6722,48.81,D
sh688297,中无人机,2025-09-30 10:18:43,48.77,8188,48.77,U
sh688297,中无人机,2025-09-30 10:19:07,48.79,4811,48.77,D
sh688297,中无人机,2025-09-30 10:21:01,48.77,4374,48.78,D
sh688297,中无人机,2025-09-30 10:21:34,48.71,5403,48.71,D
sh688297,中无人机,2025-09-30 10:21:40,48.66,11662,48.7,D
sh688297,中无人机,2025-09-30 10:22:04,48.7,12609,48.67,U
sh688297,中无人机,2025-09-30 10:22:07,48.7,14099,48.7,D
sh688297,中无人机,2025-09-30 10:22:10,48.66,11022,48.7,D
sh688297,中无人机,2025-09-30 10:22:37,48.69,6773,48.69,U
sh688297,中无人机,2025-09-30 10:23:58,48.68,8485,48.62,U
sh688297,中无人机,2025-09-30 10:24:01,48.72,10799,48.68,U
sh688297,中无人机,2025-09-30 10:24:43,48.72,9175,48.71,U
sh688297,中无人机,2025-09-30 10:25:40,48.74,4462,48.74,D
sh688297,中无人机,2025-09-30 10:26:28,48.7,5490,48.7,D
sh688297,中无人机,2025-09-30 10:27:10,48.62,4396,48.62,D
sh688297,中无人机,2025-09-30 10:27:19,48.6,6916,48.61,D
sh688297,中无人机,2025-09-30 10:27:46,48.62,6636,48.57,U
sh688297,中无人机,2025-09-30 10:28:01,48.58,7072,48.61,D
sh688297,中无人机,2025-09-30 10:28:04,48.6,7598,48.58,U
sh688297,中无人机,2025-09-30 10:28:10,48.62,5589,48.61,U
sh688297,中无人机,2025-09-30 10:28:34,48.68,5000,48.69,D
sh688297,中无人机,2025-09-30 10:29:07,48.72,5156,48.71,U
sh688297,中无人机,2025-09-30 10:29:52,48.8,37835,48.75,U
sh688297,中无人机,2025-09-30 10:29:55,48.8,4610,48.8,U
sh688297,中无人机,2025-09-30 10:29:58,48.83,7119,48.8,U
sh688297,中无人机,2025-09-30 10:30:04,48.87,8720,48.85,U
sh688297,中无人机,2025-09-30 10:30:10,48.92,56376,48.86,U
sh688297,中无人机,2025-09-30 10:30:25,48.94,5115,48.92,U
sh688297,中无人机,2025-09-30 10:30:31,48.94,5661,48.94,U
sh688297,中无人机,2025-09-30 10:30:34,48.95,5500,48.94,U
sh688297,中无人机,2025-09-30 10:30:37,48.97,59825,48.95,U
sh688297,中无人机,2025-09-30 10:30:40,48.97,53028,48.97,D
sh688297,中无人机,2025-09-30 10:30:46,48.99,9731,48.98,U
sh688297,中无人机,2025-09-30 10:30:49,48.99,6043,48.99,U
sh688297,中无人机,2025-09-30 10:30:52,48.99,8993,48.99,U
sh688297,中无人机,2025-09-30 10:30:55,48.99,12598,48.99,U
sh688297,中无人机,2025-09-30 10:31:01,48.99,11573,48.99,U
sh688297,中无人机,2025-09-30 10:31:16,48.98,6427,48.98,U
sh688297,中无人机,2025-09-30 10:31:19,48.98,12936,48.98,D
sh688297,中无人机,2025-09-30 10:31:22,49.0,89351,48.98,U
sh688297,中无人机,2025-09-30 10:31:25,49.0,98545,49.0,U
sh688297,中无人机,2025-09-30 10:31:28,49.04,7804,49.0,U
sh688297,中无人机,2025-09-30 10:31:34,49.05,7466,49.03,U
sh688297,中无人机,2025-09-30 10:31:40,49.06,4160,49.05,U
sh688297,中无人机,2025-09-30 10:31:46,49.05,4900,49.05,U
sh688297,中无人机,2025-09-30 10:31:49,49.05,11246,49.05,U
sh688297,中无人机,2025-09-30 10:31:52,49.03,5306,49.05,E
sh688297,中无人机,2025-09-30 10:32:25,49.03,4437,49.0,U
sh688297,中无人机,2025-09-30 10:32:28,49.06,13453,49.03,U
sh688297,中无人机,2025-09-30 10:32:34,49.06,9433,49.04,U
sh688297,中无人机,2025-09-30 10:32:37,49.07,9627,49.06,U
sh688297,中无人机,2025-09-30 10:32:40,49.06,6442,49.07,D
sh688297,中无人机,2025-09-30 10:32:46,49.06,8200,49.07,D
sh688297,中无人机,2025-09-30 10:32:49,49.09,9100,49.06,U
sh688297,中无人机,2025-09-30 10:32:52,49.09,4133,49.09,U
sh688297,中无人机,2025-09-30 10:32:55,49.09,12735,49.09,U
sh688297,中无人机,2025-09-30 10:33:04,49.04,12546,49.09,D
sh688297,中无人机,2025-09-30 10:33:10,49.1,16072,49.02,U
sh688297,中无人机,2025-09-30 10:33:13,49.09,10236,49.1,E
sh688297,中无人机,2025-09-30 10:33:16,49.09,9107,49.09,D
sh688297,中无人机,2025-09-30 10:33:34,49.09,5703,49.09,U
sh688297,中无人机,2025-09-30 10:33:43,49.1,24660,49.1,U
sh688297,中无人机,2025-09-30 10:33:46,49.1,5072,49.1,U
sh688297,中无人机,2025-09-30 10:33:52,49.1,17263,49.09,U
sh688297,中无人机,2025-09-30 10:33:58,49.09,16262,49.1,D
sh688297,中无人机,2025-09-30 10:34:01,49.1,5020,49.09,U
sh688297,中无人机,2025-09-30 10:34:07,49.1,6937,49.1,D
sh688297,中无人机,2025-09-30 10:34:10,49.11,4500,49.1,D
sh688297,中无人机,2025-09-30 10:34:13,49.11,12552,49.11,E
sh688297,中无人机,2025-09-30 10:34:16,49.13,4819,49.11,U
sh688297,中无人机,2025-09-30 10:34:28,49.13,4250,49.13,U
sh688297,中无人机,2025-09-30 10:34:34,49.14,8121,49.13,U
sh688297,中无人机,2025-09-30 10:34:37,49.15,7663,49.14,U
sh688297,中无人机,2025-09-30 10:34:43,49.13,9945,49.13,U
sh688297,中无人机,2025-09-30 10:34:58,49.15,9316,49.15,U
sh688297,中无人机,2025-09-30 10:35:04,49.19,23610,49.16,U
sh688297,中无人机,2025-09-30 10:35:07,49.21,34448,49.19,U
sh688297,中无人机,2025-09-30 10:35:10,49.22,5400,49.21,U
sh688297,中无人机,2025-09-30 10:35:16,49.23,4221,49.22,U
sh688297,中无人机,2025-09-30 10:35:19,49.26,7000,49.23,U
sh688297,中无人机,2025-09-30 10:35:22,49.17,16000,49.26,D
sh688297,中无人机,2025-09-30 10:35:25,49.25,4140,49.17,U
sh688297,中无人机,2025-09-30 10:35:37,49.27,4881,49.27,U
sh688297,中无人机,2025-09-30 10:35:43,49.27,6800,49.27,D
sh688297,中无人机,2025-09-30 10:35:46,49.28,5901,49.27,U
sh688297,中无人机,2025-09-30 10:35:52,49.29,11000,49.28,U
sh688297,中无人机,2025-09-30 10:36:01,49.29,4714,49.3,D
sh688297,中无人机,2025-09-30 10:36:04,49.3,8494,49.29,U
sh688297,中无人机,2025-09-30 10:36:07,49.31,4400,49.3,U
sh688297,中无人机,2025-09-30 10:36:13,49.31,6875,49.31,D
sh688297,中无人机,2025-09-30 10:36:19,49.31,9887,49.31,D
sh688297,中无人机,2025-09-30 10:36:25,49.32,5184,49.32,D
sh688297,中无人机,2025-09-30 10:36:31,49.33,50928,49.31,U
sh688297,中无人机,2025-09-30 10:36:34,49.3,8255,49.33,D
sh688297,中无人机,2025-09-30 10:36:37,49.35,13060,49.3,U
sh688297,中无人机,2025-09-30 10:36:43,49.35,9150,49.34,U
sh688297,中无人机,2025-09-30 10:37:01,49.29,10437,49.31,D
sh688297,中无人机,2025-09-30 10:37:07,49.3,7866,49.3,U
sh688297,中无人机,2025-09-30 10:37:22,49.18,4216,49.24,D
sh688297,中无人机,2025-09-30 10:37:31,49.19,4377,49.24,D
sh688297,中无人机,2025-09-30 10:37:46,49.16,5505,49.18,D
sh688297,中无人机,2025-09-30 10:38:07,49.14,18040,49.12,U
sh688297,中无人机,2025-09-30 10:38:13,49.14,6498,49.14,U
sh688297,中无人机,2025-09-30 10:39:04,49.1,4238,49.1,U
sh688297,中无人机,2025-09-30 10:39:13,49.08,10200,49.04,U
sh688297,中无人机,2025-09-30 10:39:16,49.12,11863,49.08,U
sh688297,中无人机,2025-09-30 10:39:46,49.18,5200,49.18,D
sh688297,中无人机,2025-09-30 10:39:49,49.2,6969,49.18,U
sh688297,中无人机,2025-09-30 10:40:10,49.23,6680,49.22,U
sh688297,中无人机,2025-09-30 10:40:22,49.21,26686,49.26,D
sh688297,中无人机,2025-09-30 10:40:34,49.23,12039,49.22,D
sh688297,中无人机,2025-09-30 10:40:40,49.22,5900,49.19,U
sh688297,中无人机,2025-09-30 10:40:49,49.2,20645,49.22,D
sh688297,中无人机,2025-09-30 10:41:34,49.3,21191,49.26,U
sh688297,中无人机,2025-09-30 10:41:37,49.31,4920,49.3,U
sh688297,中无人机,2025-09-30 10:41:49,49.3,6000,49.31,U
sh688297,中无人机,2025-09-30 10:41:58,49.33,15284,49.3,U
sh688297,中无人机,2025-09-30 10:42:01,49.32,8114,49.33,E
sh688297,中无人机,2025-09-30 10:42:07,49.35,14131,49.34,U
sh688297,中无人机,2025-09-30 10:42:10,49.37,11847,49.35,U
sh688297,中无人机,2025-09-30 10:42:13,49.37,9748,49.37,D
sh688297,中无人机,2025-09-30 10:42:16,49.39,6460,49.37,U
sh688297,中无人机,2025-09-30 10:42:19,49.4,7898,49.39,U
sh688297,中无人机,2025-09-30 10:42:22,49.39,6276,49.4,D
sh688297,中无人机,2025-09-30 10:42:28,49.4,6934,49.39,U
sh688297,中无人机,2025-09-30 10:42:34,49.4,9293,49.4,D
sh688297,中无人机,2025-09-30 10:42:40,49.42,10500,49.41,E
sh688297,中无人机,2025-09-30 10:42:43,49.44,8241,49.42,U
sh688297,中无人机,2025-09-30 10:42:52,49.41,11295,49.41,D
sh688297,中无人机,2025-09-30 10:42:55,49.41,5734,49.41,U
sh688297,中无人机,2025-09-30 10:42:58,49.41,6900,49.41,U
sh688297,中无人机,2025-09-30 10:43:01,49.42,17216,49.41,U
sh688297,中无人机,2025-09-30 10:43:04,49.45,13171,49.42,U
sh688297,中无人机,2025-09-30 10:43:25,49.5,57340,49.47,U
sh688297,中无人机,2025-09-30 10:43:28,49.55,80626,49.5,U
sh688297,中无人机,2025-09-30 10:43:31,49.57,4400,49.55,U
sh688297,中无人机,2025-09-30 10:43:37,49.57,4211,49.52,U
sh688297,中无人机,2025-09-30 10:43:40,49.57,11465,49.57,D
sh688297,中无人机,2025-09-30 10:43:43,49.49,52237,49.57,D
sh688297,中无人机,2025-09-30 10:43:46,49.53,32705,49.49,E
sh688297,中无人机,2025-09-30 10:43:49,49.39,8051,49.53,D
sh688297,中无人机,2025-09-30 10:43:55,49.34,54346,49.4,D
sh688297,中无人机,2025-09-30 10:43:58,49.35,14156,49.34,D
sh688297,中无人机,2025-09-30 10:44:10,49.32,11237,49.35,D
sh688297,中无人机,2025-09-30 10:44:13,49.3,6511,49.32,D
sh688297,中无人机,2025-09-30 10:44:16,49.27,4300,49.3,D
sh688297,中无人机,2025-09-30 10:44:28,49.32,16431,49.22,U
sh688297,中无人机,2025-09-30 10:44:34,49.32,7450,49.22,U
sh688297,中无人机,2025-09-30 10:44:46,49.32,5588,49.29,U
sh688297,中无人机,2025-09-30 10:45:01,49.35,10908,49.3,U
sh688297,中无人机,2025-09-30 10:45:28,49.4,5569,49.35,U
sh688297,中无人机,2025-09-30 10:45:46,49.39,6067,49.42,D
sh688297,中无人机,2025-09-30 10:45:49,49.38,8672,49.39,E
sh688297,中无人机,2025-09-30 10:46:01,49.3,9637,49.37,D
sh688297,中无人机,2025-09-30 10:46:04,49.29,4140,49.3,D
sh688297,中无人机,2025-09-30 10:46:13,49.32,4699,49.3,E
sh688297,中无人机,2025-09-30 10:46:16,49.3,10195,49.32,D
sh688297,中无人机,2025-09-30 10:46:31,49.3,4998,49.3,D
sh688297,中无人机,2025-09-30 10:46:46,49.3,12158,49.3,D
sh688297,中无人机,2025-09-30 10:46:49,49.3,8263,49.3,U
sh688297,中无人机,2025-09-30 10:46:55,49.29,4889,49.28,U
sh688297,中无人机,2025-09-30 10:47:01,49.3,24313,49.28,U
sh688297,中无人机,2025-09-30 10:47:07,49.29,18118,49.29,D
sh688297,中无人机,2025-09-30 10:47:16,49.32,24336,49.3,U
sh688297,中无人机,2025-09-30 10:47:25,49.44,14000,49.38,U
sh688297,中无人机,2025-09-30 10:47:28,49.48,20100,49.44,U
sh688297,中无人机,2025-09-30 10:47:37,49.48,6106,49.49,D
sh688297,中无人机,2025-09-30 10:47:40,49.34,5780,49.48,D
sh688297,中无人机,2025-09-30 10:47:46,49.48,4820,49.35,U
sh688297,中无人机,2025-09-30 10:48:01,49.49,6180,49.47,U
sh688297,中无人机,2025-09-30 10:48:07,49.5,13775,49.47,U
sh688297,中无人机,2025-09-30 10:48:13,49.5,11588,49.5,U
sh688297,中无人机,2025-09-30 10:48:16,49.53,6658,49.5,U
sh688297,中无人机,2025-09-30 10:48:28,49.49,20741,49.5,D
sh688297,中无人机,2025-09-30 10:48:43,49.52,5174,49.49,U
sh688297,中无人机,2025-09-30 10:48:55,49.5,4208,49.51,D
sh688297,中无人机,2025-09-30 10:49:01,49.51,10596,49.5,U
sh688297,中无人机,2025-09-30 10:49:04,49.45,14555,49.51,D
sh688297,中无人机,2025-09-30 10:49:22,49.45,30100,49.4,U
sh688297,中无人机,2025-09-30 10:49:46,49.49,5000,49.48,U
sh688297,中无人机,2025-09-30 10:49:52,49.48,11200,49.49,U
sh688297,中无人机,2025-09-30 10:49:55,49.42,9754,49.48,D
sh688297,中无人机,2025-09-30 10:50:10,49.41,8074,49.4,U
sh688297,中无人机,2025-09-30 10:50:16,49.43,4361,49.41,U
sh688297,中无人机,2025-09-30 10:50:19,49.43,4537,49.43,D
sh688297,中无人机,2025-09-30 10:50:22,49.43,4302,49.43,D
sh688297,中无人机,2025-09-30 10:50:34,49.4,11816,49.43,D
sh688297,中无人机,2025-09-30 10:50:37,49.4,5100,49.4,U
sh688297,中无人机,2025-09-30 10:50:40,49.4,13348,49.4,U
sh688297,中无人机,2025-09-30 10:51:01,49.45,6633,49.39,U
sh688297,中无人机,2025-09-30 10:51:10,49.48,5100,49.43,U
sh688297,中无人机,2025-09-30 10:51:34,49.48,6798,49.48,D
sh688297,中无人机,2025-09-30 10:51:46,49.5,8253,49.49,U
sh688297,中无人机,2025-09-30 10:51:49,49.52,7133,49.5,U
sh688297,中无人机,2025-09-30 10:51:52,49.55,18879,49.52,U
sh688297,中无人机,2025-09-30 10:51:58,49.55,11022,49.55,U
sh688297,中无人机,2025-09-30 10:52:04,49.56,7408,49.55,U
sh688297,中无人机,2025-09-30 10:52:07,49.57,12575,49.56,E
sh688297,中无人机,2025-09-30 10:52:10,49.56,9685,49.57,E
sh688297,中无人机,2025-09-30 10:52:40,49.64,28007,49.56,U
sh688297,中无人机,2025-09-30 10:52:43,49.66,11956,49.64,U
sh688297,中无人机,2025-09-30 10:52:55,49.59,8672,49.67,D
sh688297,中无人机,2025-09-30 10:52:58,49.52,33506,49.59,D
sh688297,中无人机,2025-09-30 10:53:01,49.54,5480,49.52,E
sh688297,中无人机,2025-09-30 10:53:04,49.65,4699,49.54,U
sh688297,中无人机,2025-09-30 10:53:16,49.68,6482,49.63,U
sh688297,中无人机,2025-09-30 10:53:22,49.65,5157,49.66,D
sh688297,中无人机,2025-09-30 10:53:25,49.68,4187,49.65,U
sh688297,中无人机,2025-09-30 10:53:31,49.68,12900,49.68,U
sh688297,中无人机,2025-09-30 10:53:34,49.68,6096,49.68,D
sh688297,中无人机,2025-09-30 10:53:37,49.73,16034,49.68,U
sh688297,中无人机,2025-09-30 10:53:40,49.73,10884,49.73,D
sh688297,中无人机,2025-09-30 10:53:55,49.78,13640,49.78,U
sh688297,中无人机,2025-09-30 10:53:58,49.75,56699,49.78,D
sh688297,中无人机,2025-09-30 10:54:01,49.76,19333,49.75,U
sh688297,中无人机,2025-09-30 10:54:07,49.75,7281,49.75,U
sh688297,中无人机,2025-09-30 10:54:13,49.72,4595,49.75,E
sh688297,中无人机,2025-09-30 10:54:16,49.75,8200,49.72,U
sh688297,中无人机,2025-09-30 10:54:22,49.75,12003,49.72,U
sh688297,中无人机,2025-09-30 10:54:25,49.75,5512,49.75,D
sh688297,中无人机,2025-09-30 10:54:28,49.65,28315,49.75,D
sh688297,中无人机,2025-09-30 10:54:34,49.63,6196,49.69,D
sh688297,中无人机,2025-09-30 10:54:37,49.63,12332,49.63,E
sh688297,中无人机,2025-09-30 10:55:01,49.56,4622,49.63,D
sh688297,中无人机,2025-09-30 10:55:07,49.55,9290,49.53,E
sh688297,中无人机,2025-09-30 10:55:19,49.58,7858,49.56,U
sh688297,中无人机,2025-09-30 10:55:34,49.55,4834,49.55,D
sh688297,中无人机,2025-09-30 10:55:49,49.6,11700,49.56,U
sh688297,中无人机,2025-09-30 10:56:25,49.64,6140,49.66,D
sh688297,中无人机,2025-09-30 10:56:37,49.66,5158,49.68,D
sh688297,中无人机,2025-09-30 10:56:46,49.69,4156,49.64,U
sh688297,中无人机,2025-09-30 10:57:43,49.65,14282,49.65,U
sh688297,中无人机,2025-09-30 10:57:49,49.65,4470,49.65,U
sh688297,中无人机,2025-09-30 10:58:04,49.62,4500,49.67,D
sh688297,中无人机,2025-09-30 10:58:13,49.66,7844,49.66,U
sh688297,中无人机,2025-09-30 10:58:16,49.68,5795,49.66,U
sh688297,中无人机,2025-09-30 10:58:37,49.66,5880,49.66,U
sh688297,中无人机,2025-09-30 10:59:37,49.57,8052,49.53,U
sh688297,中无人机,2025-09-30 11:00:19,49.54,4875,49.56,D
sh688297,中无人机,2025-09-30 11:00:28,49.6,12264,49.56,U
sh688297,中无人机,2025-09-30 11:00:37,49.6,5250,49.58,U
sh688297,中无人机,2025-09-30 11:00:49,49.62,4315,49.6,U
sh688297,中无人机,2025-09-30 11:01:10,49.66,8081,49.64,U
sh688297,中无人机,2025-09-30 11:01:22,49.69,10334,49.68,U
sh688297,中无人机,2025-09-30 11:01:28,49.7,12196,49.69,U
sh688297,中无人机,2025-09-30 11:01:58,49.75,4644,49.75,D
sh688297,中无人机,2025-09-30 11:02:04,49.74,4444,49.76,D
sh688297,中无人机,2025-09-30 11:02:07,49.73,6477,49.74,D
sh688297,中无人机,2025-09-30 11:02:13,49.65,11433,49.72,D
sh688297,中无人机,2025-09-30 11:02:16,49.62,7349,49.65,D
sh688297,中无人机,2025-09-30 11:02:19,49.73,23354,49.62,U
sh688297,中无人机,2025-09-30 11:02:25,49.67,9437,49.6,U
sh688297,中无人机,2025-09-30 11:02:46,49.65,14342,49.68,D
sh688297,中无人机,2025-09-30 11:03:10,49.6,6939,49.65,D
sh688297,中无人机,2025-09-30 11:03:31,49.53,17953,49.55,D
sh688297,中无人机,2025-09-30 11:03:34,49.53,6900,49.53,D
sh688297,中无人机,2025-09-30 11:03:43,49.48,21858,49.53,D
sh688297,中无人机,2025-09-30 11:03:49,49.48,19721,49.5,D
sh688297,中无人机,2025-09-30 11:03:55,49.43,4720,49.45,D
sh688297,中无人机,2025-09-30 11:04:22,49.48,9311,49.4,U
sh688297,中无人机,2025-09-30 11:04:25,49.48,16736,49.48,U
sh688297,中无人机,2025-09-30 11:04:43,49.47,5500,49.48,U
sh688297,中无人机,2025-09-30 11:04:46,49.48,4769,49.47,U
sh688297,中无人机,2025-09-30 11:04:58,49.46,5533,49.47,D
sh688297,中无人机,2025-09-30 11:05:55,49.55,5121,49.49,U
sh688297,中无人机,2025-09-30 11:06:22,49.55,11440,49.54,U
sh688297,中无人机,2025-09-30 11:06:25,49.56,17219,49.55,U
sh688297,中无人机,2025-09-30 11:06:40,49.48,12545,49.51,D
sh688297,中无人机,2025-09-30 11:06:46,49.47,5813,49.47,D
sh688297,中无人机,2025-09-30 11:06:58,49.4,7876,49.47,D
sh688297,中无人机,2025-09-30 11:07:01,49.39,5900,49.4,D
sh688297,中无人机,2025-09-30 11:07:16,49.39,6294,49.48,D
sh688297,中无人机,2025-09-30 11:07:34,49.37,5468,49.4,D
sh688297,中无人机,2025-09-30 11:07:46,49.36,5190,49.37,D
sh688297,中无人机,2025-09-30 11:07:49,49.36,8097,49.36,D
sh688297,中无人机,2025-09-30 11:07:52,49.33,7470,49.36,D
sh688297,中无人机,2025-09-30 11:08:07,49.31,7179,49.3,E
sh688297,中无人机,2025-09-30 11:08:10,49.29,5942,49.31,D
sh688297,中无人机,2025-09-30 11:08:55,49.25,9449,49.25,U
sh688297,中无人机,2025-09-30 11:09:19,49.33,6783,49.3,U
sh688297,中无人机,2025-09-30 11:09:49,49.43,4600,49.43,U
sh688297,中无人机,2025-09-30 11:10:10,49.32,10841,49.44,D
sh688297,中无人机,2025-09-30 11:11:52,49.4,5000,49.4,D
sh688297,中无人机,2025-09-30 11:12:07,49.4,5923,49.4,U
sh688297,中无人机,2025-09-30 11:13:07,49.39,5780,49.39,U
sh688297,中无人机,2025-09-30 11:13:22,49.4,5851,49.39,U
sh688297,中无人机,2025-09-30 11:13:34,49.46,5200,49.42,U
sh688297,中无人机,2025-09-30 11:14:31,49.4,5683,49.4,U
sh688297,中无人机,2025-09-30 11:14:43,49.4,4108,49.39,U
sh688297,中无人机,2025-09-30 11:15:04,49.36,5027,49.36,U
sh688297,中无人机,2025-09-30 11:15:22,49.37,5200,49.4,D
sh688297,中无人机,2025-09-30 11:15:40,49.4,6979,49.43,D
sh688297,中无人机,2025-09-30 11:16:07,49.46,8351,49.45,D
sh688297,中无人机,2025-09-30 11:16:31,49.45,4732,49.47,D
sh688297,中无人机,2025-09-30 11:17:01,49.5,15187,49.48,U
sh688297,中无人机,2025-09-30 11:17:04,49.5,13084,49.5,U
sh688297,中无人机,2025-09-30 11:18:19,49.51,4471,49.51,D
sh688297,中无人机,2025-09-30 11:18:28,49.47,4082,49.48,D
sh688297,中无人机,2025-09-30 11:18:40,49.48,6555,49.47,U
sh688297,中无人机,2025-09-30 11:18:43,49.45,4570,49.48,D
sh688297,中无人机,2025-09-30 11:18:49,49.47,11123,49.46,U
sh688297,中无人机,2025-09-30 11:18:52,49.47,5922,49.47,D
sh688297,中无人机,2025-09-30 11:19:10,49.48,6083,49.5,D
sh688297,中无人机,2025-09-30 11:19:16,49.51,12548,49.5,U
sh688297,中无人机,2025-09-30 11:19:58,49.54,4820,49.52,U
sh688297,中无人机,2025-09-30 11:20:28,49.54,4313,49.53,U
sh688297,中无人机,2025-09-30 11:20:34,49.53,5894,49.54,D
sh688297,中无人机,2025-09-30 11:20:43,49.52,4432,49.53,D
sh688297,中无人机,2025-09-30 11:21:07,49.47,6974,49.47,U
sh688297,中无人机,2025-09-30 11:21:19,49.47,5063,49.47,U
sh688297,中无人机,2025-09-30 11:22:13,49.4,7944,49.4,U
sh688297,中无人机,2025-09-30 11:22:16,49.4,4762,49.4,D
sh688297,中无人机,2025-09-30 11:23:55,49.48,5780,49.51,U
sh688297,中无人机,2025-09-30 11:25:22,49.38,4900,49.37,U
sh688297,中无人机,2025-09-30 11:25:46,49.39,7572,49.38,U
sh688297,中无人机,2025-09-30 11:25:52,49.39,4200,49.4,D
sh688297,中无人机,2025-09-30 11:27:19,49.44,6368,49.4,U
sh688297,中无人机,2025-09-30 11:28:07,49.43,5441,49.44,D
sh688297,中无人机,2025-09-30 11:28:13,49.35,23670,49.4,D
sh688297,中无人机,2025-09-30 11:29:13,49.32,10471,49.39,D
sh688297,中无人机,2025-09-30 11:29:31,49.32,8090,49.3,U
sh688297,中无人机,2025-09-30 13:00:04,49.26,6414,49.25,D
sh688297,中无人机,2025-09-30 13:00:10,49.26,10370,49.26,D
sh688297,中无人机,2025-09-30 13:00:19,49.22,4232,49.25,D
sh688297,中无人机,2025-09-30 13:00:22,49.21,4239,49.22,D
sh688297,中无人机,2025-09-30 13:00:25,49.21,4600,49.21,D
sh688297,中无人机,2025-09-30 13:00:28,49.24,5329,49.21,U
sh688297,中无人机,2025-09-30 13:02:25,49.35,13661,49.35,D
sh688297,中无人机,2025-09-30 13:03:40,49.38,22855,49.44,D
sh688297,中无人机,2025-09-30 13:03:43,49.36,6212,49.38,D
sh688297,中无人机,2025-09-30 13:05:07,49.37,11931,49.42,D
sh688297,中无人机,2025-09-30 13:06:04,49.41,8920,49.41,D
sh688297,中无人机,2025-09-30 13:06:52,49.43,9472,49.4,U
sh688297,中无人机,2025-09-30 13:06:55,49.48,14611,49.43,U
sh688297,中无人机,2025-09-30 13:07:04,49.5,11324,49.46,U
sh688297,中无人机,2025-09-30 13:07:16,49.39,6305,49.48,D
sh688297,中无人机,2025-09-30 13:08:25,49.48,8365,49.47,U
sh688297,中无人机,2025-09-30 13:08:40,49.52,6603,49.52,U
sh688297,中无人机,2025-09-30 13:08:49,49.54,4152,49.53,U
sh688297,中无人机,2025-09-30 13:09:04,49.55,8859,49.54,U
sh688297,中无人机,2025-09-30 13:09:07,49.55,6147,49.55,U
sh688297,中无人机,2025-09-30 13:09:10,49.54,20732,49.55,D
sh688297,中无人机,2025-09-30 13:09:16,49.52,4043,49.55,D
sh688297,中无人机,2025-09-30 13:09:46,49.55,5100,49.55,U
sh688297,中无人机,2025-09-30 13:09:49,49.56,6200,49.55,U
sh688297,中无人机,2025-09-30 13:09:52,49.57,9197,49.56,U
sh688297,中无人机,2025-09-30 13:09:55,49.57,15655,49.57,U
sh688297,中无人机,2025-09-30 13:10:04,49.57,5587,49.57,D
sh688297,中无人机,2025-09-30 13:10:16,49.59,19594,49.59,U
sh688297,中无人机,2025-09-30 13:10:25,49.62,6212,49.6,U
sh688297,中无人机,2025-09-30 13:10:43,49.65,6150,49.61,U
sh688297,中无人机,2025-09-30 13:11:01,49.67,4233,49.66,U
sh688297,中无人机,2025-09-30 13:11:07,49.68,7387,49.67,U
sh688297,中无人机,2025-09-30 13:11:10,49.66,7480,49.68,D
sh688297,中无人机,2025-09-30 13:11:13,49.66,7653,49.66,D
sh688297,中无人机,2025-09-30 13:11:31,49.6,6399,49.62,D
sh688297,中无人机,2025-09-30 13:11:40,49.6,4200,49.6,U
sh688297,中无人机,2025-09-30 13:11:52,49.6,4501,49.6,U
sh688297,中无人机,2025-09-30 13:12:04,49.59,5600,49.6,D
sh688297,中无人机,2025-09-30 13:12:13,49.62,23725,49.59,U
sh688297,中无人机,2025-09-30 13:12:16,49.64,8113,49.62,U
sh688297,中无人机,2025-09-30 13:12:22,49.65,7342,49.64,U
sh688297,中无人机,2025-09-30 13:12:31,49.66,17561,49.65,U
sh688297,中无人机,2025-09-30 13:13:04,49.68,8565,49.67,U
sh688297,中无人机,2025-09-30 13:13:07,49.68,5700,49.68,D
sh688297,中无人机,2025-09-30 13:13:10,49.68,6500,49.68,D
sh688297,中无人机,2025-09-30 13:13:13,49.69,9024,49.68,U
sh688297,中无人机,2025-09-30 13:13:19,49.72,12950,49.69,U
sh688297,中无人机,2025-09-30 13:13:25,49.71,4571,49.72,D
sh688297,中无人机,2025-09-30 13:13:34,49.72,6390,49.72,D
sh688297,中无人机,2025-09-30 13:13:43,49.71,9409,49.73,D
sh688297,中无人机,2025-09-30 13:13:46,49.75,29849,49.71,U
sh688297,中无人机,2025-09-30 13:13:52,49.76,6819,49.75,U
sh688297,中无人机,2025-09-30 13:14:01,49.76,5705,49.77,D
sh688297,中无人机,2025-09-30 13:14:04,49.77,8469,49.76,U
sh688297,中无人机,2025-09-30 13:14:07,49.78,5300,49.77,U
sh688297,中无人机,2025-09-30 13:14:10,49.78,28468,49.78,U
sh688297,中无人机,2025-09-30 13:14:16,49.78,4090,49.78,D
sh688297,中无人机,2025-09-30 13:14:25,49.79,23600,49.78,U
sh688297,中无人机,2025-09-30 13:14:31,49.8,6770,49.79,U
sh688297,中无人机,2025-09-30 13:14:37,49.79,5343,49.8,D
sh688297,中无人机,2025-09-30 13:14:46,49.81,4338,49.79,U
sh688297,中无人机,2025-09-30 13:14:58,49.84,5400,49.81,U
sh688297,中无人机,2025-09-30 13:15:04,49.85,8440,49.83,U
sh688297,中无人机,2025-09-30 13:15:07,49.85,8373,49.85,U
sh688297,中无人机,2025-09-30 13:15:22,49.87,6800,49.88,D
sh688297,中无人机,2025-09-30 13:15:25,49.88,4105,49.87,U
sh688297,中无人机,2025-09-30 13:15:28,49.88,5000,49.88,U
sh688297,中无人机,2025-09-30 13:15:34,49.88,17238,49.88,U
sh688297,中无人机,2025-09-30 13:15:37,49.88,23470,49.88,U
sh688297,中无人机,2025-09-30 13:15:40,49.89,4600,49.88,U
sh688297,中无人机,2025-09-30 13:15:43,49.88,12060,49.89,D
sh688297,中无人机,2025-09-30 13:15:46,49.88,4070,49.88,D
sh688297,中无人机,2025-09-30 13:15:49,49.89,15186,49.88,U
sh688297,中无人机,2025-09-30 13:15:52,49.89,10700,49.89,D
sh688297,中无人机,2025-09-30 13:15:58,49.91,7013,49.9,U
sh688297,中无人机,2025-09-30 13:16:10,49.9,6027,49.9,D
sh688297,中无人机,2025-09-30 13:16:16,49.93,10396,49.92,U
sh688297,中无人机,2025-09-30 13:16:34,49.94,6693,49.92,U
sh688297,中无人机,2025-09-30 13:16:58,49.9,4112,49.92,D
sh688297,中无人机,2025-09-30 13:17:13,49.89,6005,49.9,D
sh688297,中无人机,2025-09-30 13:17:22,49.88,5000,49.89,D
sh688297,中无人机,2025-09-30 13:17:28,49.88,6386,49.89,D
sh688297,中无人机,2025-09-30 13:17:49,49.86,9805,49.83,U
sh688297,中无人机,2025-09-30 13:17:58,49.8,4173,49.85,D
sh688297,中无人机,2025-09-30 13:18:07,49.8,16213,49.8,D
sh688297,中无人机,2025-09-30 13:18:16,49.76,4109,49.8,D
sh688297,中无人机,2025-09-30 13:18:19,49.82,6194,49.76,U
sh688297,中无人机,2025-09-30 13:19:16,49.78,21949,49.78,D
sh688297,中无人机,2025-09-30 13:19:40,49.69,10558,49.75,D
sh688297,中无人机,2025-09-30 13:20:13,49.65,4435,49.64,U
sh688297,中无人机,2025-09-30 13:20:16,49.64,5509,49.65,E
sh688297,中无人机,2025-09-30 13:20:19,49.75,27842,49.64,U
sh688297,中无人机,2025-09-30 13:20:49,49.82,7397,49.8,U
sh688297,中无人机,2025-09-30 13:21:01,49.83,4112,49.84,E
sh688297,中无人机,2025-09-30 13:21:10,49.85,8449,49.84,U
sh688297,中无人机,2025-09-30 13:21:16,49.85,5813,49.85,D
sh688297,中无人机,2025-09-30 13:21:19,49.86,10452,49.85,U
sh688297,中无人机,2025-09-30 13:21:37,49.88,8555,49.87,U
sh688297,中无人机,2025-09-30 13:22:07,49.79,17480,49.79,D
sh688297,中无人机,2025-09-30 13:22:55,49.65,6384,49.7,D
sh688297,中无人机,2025-09-30 13:23:25,49.71,4352,49.71,D
sh688297,中无人机,2025-09-30 13:24:22,49.75,8560,49.73,U
sh688297,中无人机,2025-09-30 13:24:49,49.69,4530,49.7,D
sh688297,中无人机,2025-09-30 13:26:04,49.73,15719,49.72,U
sh688297,中无人机,2025-09-30 13:26:28,49.68,5267,49.69,D
sh688297,中无人机,2025-09-30 13:28:04,49.66,59912,49.67,D
sh688297,中无人机,2025-09-30 13:28:37,49.63,7200,49.61,D
sh688297,中无人机,2025-09-30 13:28:58,49.61,10057,49.63,D
sh688297,中无人机,2025-09-30 13:29:16,49.75,19037,49.62,U
sh688297,中无人机,2025-09-30 13:29:19,49.75,13404,49.75,U
sh688297,中无人机,2025-09-30 13:30:04,49.78,8181,49.72,U
sh688297,中无人机,2025-09-30 13:31:52,49.69,4693,49.69,U
sh688297,中无人机,2025-09-30 13:32:07,49.6,14340,49.65,D
sh688297,中无人机,2025-09-30 13:32:13,49.6,11457,49.6,D
sh688297,中无人机,2025-09-30 13:32:37,49.5,20163,49.56,D
sh688297,中无人机,2025-09-30 13:32:40,49.5,10127,49.5,U
sh688297,中无人机,2025-09-30 13:32:58,49.48,15583,49.5,D
sh688297,中无人机,2025-09-30 13:33:10,49.5,4535,49.48,U
sh688297,中无人机,2025-09-30 13:33:13,49.49,4765,49.5,D
sh688297,中无人机,2025-09-30 13:33:19,49.48,10900,49.54,D
sh688297,中无人机,2025-09-30 13:33:34,49.58,9684,49.54,U
sh688297,中无人机,2025-09-30 13:34:13,49.6,5957,49.57,U
sh688297,中无人机,2025-09-30 13:34:43,49.55,6493,49.55,D
sh688297,中无人机,2025-09-30 13:34:55,49.52,8918,49.55,D
sh688297,中无人机,2025-09-30 13:35:16,49.43,8529,49.48,D
sh688297,中无人机,2025-09-30 13:35:19,49.48,5117,49.43,E
sh688297,中无人机,2025-09-30 13:35:25,49.56,11912,49.49,U
sh688297,中无人机,2025-09-30 13:35:28,49.45,7000,49.56,D
sh688297,中无人机,2025-09-30 13:35:40,49.5,4585,49.51,E
sh688297,中无人机,2025-09-30 13:35:46,49.52,23449,49.51,E
sh688297,中无人机,2025-09-30 13:35:49,49.51,4216,49.52,E
sh688297,中无人机,2025-09-30 13:36:04,49.51,5800,49.5,U
sh688297,中无人机,2025-09-30 13:36:07,49.53,5139,49.51,U
sh688297,中无人机,2025-09-30 13:37:19,49.6,5200,49.59,U
sh688297,中无人机,2025-09-30 13:37:31,49.6,5000,49.59,U
sh688297,中无人机,2025-09-30 13:38:19,49.63,8731,49.62,U
sh688297,中无人机,2025-09-30 13:38:46,49.64,7568,49.63,U
sh688297,中无人机,2025-09-30 13:38:52,49.67,4522,49.63,U
sh688297,中无人机,2025-09-30 13:39:13,49.67,5643,49.67,D
sh688297,中无人机,2025-09-30 13:39:16,49.7,6532,49.67,U
sh688297,中无人机,2025-09-30 13:39:22,49.73,11646,49.69,U
sh688297,中无人机,2025-09-30 13:40:01,49.8,9017,49.8,U
sh688297,中无人机,2025-09-30 13:40:13,49.84,12239,49.81,U
sh688297,中无人机,2025-09-30 13:40:31,49.83,6362,49.83,U
sh688297,中无人机,2025-09-30 13:40:34,49.83,5100,49.83,U
sh688297,中无人机,2025-09-30 13:40:49,49.84,7440,49.83,U
sh688297,中无人机,2025-09-30 13:40:55,49.83,9367,49.82,U
sh688297,中无人机,2025-09-30 13:41:07,49.8,12489,49.83,D
sh688297,中无人机,2025-09-30 13:42:10,49.75,5688,49.75,D
sh688297,中无人机,2025-09-30 13:43:37,49.72,5600,49.7,U
sh688297,中无人机,2025-09-30 13:43:49,49.75,5100,49.75,U
sh688297,中无人机,2025-09-30 13:44:13,49.79,5715,49.78,U
sh688297,中无人机,2025-09-30 13:44:46,49.79,5815,49.79,D
sh688297,中无人机,2025-09-30 13:45:19,49.81,4537,49.8,U
sh688297,中无人机,2025-09-30 13:45:31,49.8,5536,49.8,D
sh688297,中无人机,2025-09-30 13:45:49,49.85,5451,49.83,U
sh688297,中无人机,2025-09-30 13:45:52,49.87,16024,49.85,U
sh688297,中无人机,2025-09-30 13:45:58,49.87,4462,49.87,U
sh688297,中无人机,2025-09-30 13:46:13,49.89,23049,49.88,U
sh688297,中无人机,2025-09-30 13:46:22,49.9,20500,49.9,U
sh688297,中无人机,2025-09-30 13:46:25,49.92,7400,49.9,U
sh688297,中无人机,2025-09-30 13:46:31,49.92,7000,49.92,U
sh688297,中无人机,2025-09-30 13:46:40,49.92,7342,49.92,U
sh688297,中无人机,2025-09-30 13:46:46,49.92,25557,49.92,D
sh688297,中无人机,2025-09-30 13:46:58,49.93,5855,49.93,D
sh688297,中无人机,2025-09-30 13:47:04,49.93,7330,49.94,U
sh688297,中无人机,2025-09-30 13:47:25,49.92,5301,49.93,D
sh688297,中无人机,2025-09-30 13:47:37,49.92,5874,49.92,D
sh688297,中无人机,2025-09-30 13:48:04,49.86,8050,49.89,D
sh688297,中无人机,2025-09-30 13:49:43,49.78,5070,49.78,D
sh688297,中无人机,2025-09-30 13:49:46,49.79,7332,49.78,U
sh688297,中无人机,2025-09-30 13:50:13,49.79,4340,49.79,D
sh688297,中无人机,2025-09-30 13:50:43,49.8,4469,49.8,D
sh688297,中无人机,2025-09-30 13:51:58,49.8,6152,49.8,D
sh688297,中无人机,2025-09-30 13:52:04,49.8,4820,49.8,D
sh688297,中无人机,2025-09-30 13:52:55,49.73,6330,49.74,D
sh688297,中无人机,2025-09-30 13:53:31,49.73,5287,49.72,U
sh688297,中无人机,2025-09-30 13:53:34,49.73,7209,49.73,D
sh688297,中无人机,2025-09-30 13:53:46,49.77,4378,49.77,U
sh688297,中无人机,2025-09-30 13:53:55,49.79,7310,49.77,U
sh688297,中无人机,2025-09-30 13:53:58,49.77,10910,49.79,D
sh688297,中无人机,2025-09-30 13:54:28,49.75,5413,49.76,D
sh688297,中无人机,2025-09-30 13:54:55,49.74,5748,49.75,D
sh688297,中无人机,2025-09-30 13:55:52,49.74,4752,49.74,D
sh688297,中无人机,2025-09-30 13:56:10,49.71,45760,49.73,D
sh688297,中无人机,2025-09-30 13:56:19,49.69,4713,49.7,D
sh688297,中无人机,2025-09-30 13:56:46,49.68,8919,49.72,D
sh688297,中无人机,2025-09-30 13:57:13,49.66,14305,49.63,U
sh688297,中无人机,2025-09-30 13:57:16,49.64,10980,49.66,E
sh688297,中无人机,2025-09-30 13:58:25,49.68,5030,49.68,U
sh688297,中无人机,2025-09-30 13:59:01,49.69,4744,49.69,U
sh688297,中无人机,2025-09-30 13:59:04,49.69,4904,49.69,U
sh688297,中无人机,2025-09-30 13:59:46,49.75,4536,49.75,U
sh688297,中无人机,2025-09-30 14:00:04,49.78,4670,49.79,D
sh688297,中无人机,2025-09-30 14:00:10,49.79,12369,49.77,U
sh688297,中无人机,2025-09-30 14:00:16,49.79,27799,49.77,U
sh688297,中无人机,2025-09-30 14:00:22,49.79,10571,49.79,D
sh688297,中无人机,2025-09-30 14:00:28,49.79,9224,49.8,D
sh688297,中无人机,2025-09-30 14:01:40,49.79,7030,49.79,U
sh688297,中无人机,2025-09-30 14:02:16,49.79,5426,49.8,D
sh688297,中无人机,2025-09-30 14:02:22,49.82,45691,49.8,U
sh688297,中无人机,2025-09-30 14:03:04,49.84,16953,49.82,U
sh688297,中无人机,2025-09-30 14:03:07,49.8,8773,49.84,D
sh688297,中无人机,2025-09-30 14:04:04,49.8,5357,49.8,U
sh688297,中无人机,2025-09-30 14:05:28,49.81,32561,49.82,D
sh688297,中无人机,2025-09-30 14:05:40,49.81,14583,49.81,D
sh688297,中无人机,2025-09-30 14:06:46,49.81,6109,49.78,U
sh688297,中无人机,2025-09-30 14:08:40,49.76,5480,49.78,D
sh688297,中无人机,2025-09-30 14:09:28,49.75,6791,49.75,D
sh688297,中无人机,2025-09-30 14:10:58,49.79,6210,49.79,D
sh688297,中无人机,2025-09-30 14:11:49,49.79,11560,49.8,D
sh688297,中无人机,2025-09-30 14:12:04,49.82,20877,49.81,U
sh688297,中无人机,2025-09-30 14:12:10,49.82,20851,49.81,E
sh688297,中无人机,2025-09-30 14:12:22,49.85,4300,49.82,U
sh688297,中无人机,2025-09-30 14:12:31,49.86,5930,49.85,U
sh688297,中无人机,2025-09-30 14:12:40,49.87,4207,49.85,U
sh688297,中无人机,2025-09-30 14:12:43,49.87,4734,49.87,U
sh688297,中无人机,2025-09-30 14:13:19,49.85,5879,49.86,D
sh688297,中无人机,2025-09-30 14:14:31,49.77,4794,49.75,U
sh688297,中无人机,2025-09-30 14:16:16,49.73,9936,49.72,U
sh688297,中无人机,2025-09-30 14:17:19,49.8,5480,49.74,U
sh688297,中无人机,2025-09-30 14:17:52,49.76,5000,49.8,D
sh688297,中无人机,2025-09-30 14:19:22,49.81,7653,49.83,D
sh688297,中无人机,2025-09-30 14:19:31,49.8,4600,49.81,D
sh688297,中无人机,2025-09-30 14:19:58,49.81,6999,49.81,D
sh688297,中无人机,2025-09-30 14:21:07,49.83,6900,49.81,U
sh688297,中无人机,2025-09-30 14:21:46,49.84,17784,49.82,U
sh688297,中无人机,2025-09-30 14:22:01,49.84,8900,49.84,D
sh688297,中无人机,2025-09-30 14:22:07,49.84,4100,49.84,D
sh688297,中无人机,2025-09-30 14:22:16,49.85,4200,49.85,U
sh688297,中无人机,2025-09-30 14:22:19,49.86,7550,49.85,U
sh688297,中无人机,2025-09-30 14:22:31,49.86,10300,49.84,U
sh688297,中无人机,2025-09-30 14:22:46,49.85,7462,49.85,D
sh688297,中无人机,2025-09-30 14:23:13,49.84,4745,49.84,D
sh688297,中无人机,2025-09-30 14:24:13,49.84,4237,49.85,D
sh688297,中无人机,2025-09-30 14:25:10,49.82,14351,49.82,U
sh688297,中无人机,2025-09-30 14:27:22,49.84,14306,49.84,U
sh688297,中无人机,2025-09-30 14:28:10,49.84,4242,49.84,D
sh688297,中无人机,2025-09-30 14:28:25,49.84,11472,49.85,D
sh688297,中无人机,2025-09-30 14:28:46,49.84,4947,49.85,D
sh688297,中无人机,2025-09-30 14:29:07,49.84,11075,49.83,U
sh688297,中无人机,2025-09-30 14:29:22,49.82,10502,49.82,D
sh688297,中无人机,2025-09-30 14:29:31,49.81,4285,49.82,D
sh688297,中无人机,2025-09-30 14:30:37,49.81,9870,49.81,D
sh688297,中无人机,2025-09-30 14:30:52,49.82,11200,49.82,U
sh688297,中无人机,2025-09-30 14:31:22,49.8,36840,49.81,D
sh688297,中无人机,2025-09-30 14:31:25,49.77,17059,49.8,D
sh688297,中无人机,2025-09-30 14:31:28,49.81,19280,49.77,U
sh688297,中无人机,2025-09-30 14:32:22,49.76,5997,49.77,D
sh688297,中无人机,2025-09-30 14:33:01,49.78,25851,49.73,U
sh688297,中无人机,2025-09-30 14:36:40,49.74,6248,49.73,U
sh688297,中无人机,2025-09-30 14:36:49,49.71,7503,49.72,D
sh688297,中无人机,2025-09-30 14:37:10,49.72,8291,49.7,U
sh688297,中无人机,2025-09-30 14:37:49,49.71,5219,49.71,D
sh688297,中无人机,2025-09-30 14:37:52,49.71,6244,49.71,U
sh688297,中无人机,2025-09-30 14:38:31,49.71,7902,49.71,D
sh688297,中无人机,2025-09-30 14:38:40,49.7,8802,49.71,D
sh688297,中无人机,2025-09-30 14:38:43,49.7,5200,49.7,D
sh688297,中无人机,2025-09-30 14:38:52,49.69,14837,49.7,D
sh688297,中无人机,2025-09-30 14:39:01,49.7,31903,49.69,U
sh688297,中无人机,2025-09-30 14:39:04,49.7,9364,49.7,U
sh688297,中无人机,2025-09-30 14:39:28,49.74,28731,49.7,U
sh688297,中无人机,2025-09-30 14:40:10,49.74,14013,49.74,U
sh688297,中无人机,2025-09-30 14:40:13,49.74,4709,49.74,U
sh688297,中无人机,2025-09-30 14:40:16,49.75,9360,49.74,U
sh688297,中无人机,2025-09-30 14:40:19,49.77,7121,49.75,U
sh688297,中无人机,2025-09-30 14:40:22,49.77,4040,49.77,U
sh688297,中无人机,2025-09-30 14:40:55,49.75,4510,49.76,D
sh688297,中无人机,2025-09-30 14:41:22,49.77,7659,49.77,D
sh688297,中无人机,2025-09-30 14:41:55,49.79,7537,49.78,U
sh688297,中无人机,2025-09-30 14:42:01,49.79,5000,49.8,D
sh688297,中无人机,2025-09-30 14:42:13,49.79,5673,49.79,D
sh688297,中无人机,2025-09-30 14:42:28,49.79,13530,49.79,D
sh688297,中无人机,2025-09-30 14:43:46,49.79,4962,49.78,U
sh688297,中无人机,2025-09-30 14:45:04,49.79,9334,49.8,D
sh688297,中无人机,2025-09-30 14:45:58,49.78,8837,49.76,U
sh688297,中无人机,2025-09-30 14:46:10,49.75,33900,49.79,D
sh688297,中无人机,2025-09-30 14:46:37,49.78,18722,49.78,U
sh688297,中无人机,2025-09-30 14:46:40,49.78,4078,49.78,U
sh688297,中无人机,2025-09-30 14:47:01,49.79,20479,49.77,U
sh688297,中无人机,2025-09-30 14:47:04,49.8,4915,49.79,U
sh688297,中无人机,2025-09-30 14:47:10,49.77,4158,49.8,D
sh688297,中无人机,2025-09-30 14:47:28,49.76,4429,49.76,D
sh688297,中无人机,2025-09-30 14:47:40,49.74,8416,49.76,D
sh688297,中无人机,2025-09-30 14:47:58,49.73,4400,49.73,U
sh688297,中无人机,2025-09-30 14:48:19,49.71,7320,49.75,D
sh688297,中无人机,2025-09-30 14:48:43,49.75,5344,49.74,U
sh688297,中无人机,2025-09-30 14:48:46,49.76,5247,49.75,U
sh688297,中无人机,2025-09-30 14:48:52,49.76,4308,49.75,U
sh688297,中无人机,2025-09-30 14:49:01,49.76,14488,49.75,U
sh688297,中无人机,2025-09-30 14:49:04,49.76,6891,49.76,U
sh688297,中无人机,2025-09-30 14:49:10,49.75,5001,49.75,U
sh688297,中无人机,2025-09-30 14:49:52,49.74,9240,49.75,D
sh688297,中无人机,2025-09-30 14:50:04,49.74,6011,49.75,D
sh688297,中无人机,2025-09-30 14:50:46,49.75,4474,49.74,U
sh688297,中无人机,2025-09-30 14:50:52,49.75,5200,49.76,D
sh688297,中无人机,2025-09-30 14:51:01,49.75,5250,49.74,U
sh688297,中无人机,2025-09-30 14:51:07,49.75,4897,49.75,D
sh688297,中无人机,2025-09-30 14:51:10,49.76,9480,49.75,U
sh688297,中无人机,2025-09-30 14:51:19,49.76,9200,49.75,U
sh688297,中无人机,2025-09-30 14:51:25,49.76,5000,49.75,U
sh688297,中无人机,2025-09-30 14:51:40,49.76,17400,49.76,U
sh688297,中无人机,2025-09-30 14:51:43,49.75,5861,49.76,D
sh688297,中无人机,2025-09-30 14:51:46,49.75,16301,49.75,D
sh688297,中无人机,2025-09-30 14:51:49,49.75,5771,49.75,D
sh688297,中无人机,2025-09-30 14:52:01,49.76,10331,49.76,U
sh688297,中无人机,2025-09-30 14:52:07,49.76,6479,49.75,U
sh688297,中无人机,2025-09-30 14:52:16,49.75,4327,49.75,D
sh688297,中无人机,2025-09-30 14:52:37,49.75,14014,49.75,U
sh688297,中无人机,2025-09-30 14:52:55,49.74,5750,49.74,D
sh688297,中无人机,2025-09-30 14:52:58,49.74,6957,49.74,D
sh688297,中无人机,2025-09-30 14:53:01,49.75,15959,49.74,U
sh688297,中无人机,2025-09-30 14:53:22,49.74,4900,49.75,D
sh688297,中无人机,2025-09-30 14:53:28,49.74,5407,49.75,D
sh688297,中无人机,2025-09-30 14:53:31,49.75,4062,49.74,U
sh688297,中无人机,2025-09-30 14:53:34,49.74,7643,49.75,D
sh688297,中无人机,2025-09-30 14:54:04,49.74,8491,49.75,D
sh688297,中无人机,2025-09-30 14:54:10,49.74,8081,49.74,D
sh688297,中无人机,2025-09-30 14:54:16,49.74,4274,49.74,D
sh688297,中无人机,2025-09-30 14:54:28,49.75,4840,49.74,U
sh688297,中无人机,2025-09-30 14:54:37,49.74,4067,49.75,D
sh688297,中无人机,2025-09-30 14:55:04,49.75,18619,49.74,U
sh688297,中无人机,2025-09-30 14:55:07,49.75,9642,49.75,U
sh688297,中无人机,2025-09-30 14:55:10,49.74,5106,49.75,D
sh688297,中无人机,2025-09-30 14:55:16,49.75,5614,49.75,U
sh688297,中无人机,2025-09-30 14:55:19,49.74,5167,49.75,D
sh688297,中无人机,2025-09-30 14:55:37,49.74,23455,49.74,D
sh688297,中无人机,2025-09-30 14:56:01,49.74,5418,49.74,D
sh688297,中无人机,2025-09-30 14:56:04,49.75,4352,49.74,U
sh688297,中无人机,2025-09-30 14:56:07,49.74,4665,49.75,D
sh688297,中无人机,2025-09-30 14:56:13,49.74,9855,49.74,D
sh688297,中无人机,2025-09-30 14:56:16,49.75,27343,49.74,U
sh688297,中无人机,2025-09-30 14:56:19,49.75,18933,49.75,D
sh688297,中无人机,2025-09-30 14:56:31,49.76,7635,49.75,U
sh688297,中无人机,2025-09-30 14:56:34,49.75,8590,49.76,D
sh688297,中无人机,2025-09-30 14:56:37,49.74,5297,49.75,D
sh688297,中无人机,2025-09-30 14:56:43,49.76,6600,49.74,U
sh688297,中无人机,2025-09-30 14:56:49,49.74,17705,49.76,D
sh688297,中无人机,2025-09-30 14:56:58,49.74,4596,49.74,D
sh688297,中无人机,2025-09-30 15:00:04,49.74,145715,49.74,U
