symbol,name,ticktime,price,volume,prev_price,kind
sh688297,中无人机,2025-09-16 09:25:01,47.81,16010,0.0,U
sh688297,中无人机,2025-09-16 09:30:11,47.69,4387,47.77,D
sh688297,中无人机,2025-09-16 09:30:14,47.77,6500,47.69,U
sh688297,中无人机,2025-09-16 09:30:29,47.77,5396,47.77,U
sh688297,中无人机,2025-09-16 09:30:32,47.75,6340,47.77,E
sh688297,中无人机,2025-09-16 09:30:38,47.7,9400,47.7,D
sh688297,中无人机,2025-09-16 09:30:41,47.8,7580,47.7,U
sh688297,中无人机,2025-09-16 09:30:47,47.7,4890,47.77,D
sh688297,中无人机,2025-09-16 09:30:50,47.69,14141,47.7,D
sh688297,中无人机,2025-09-16 09:31:05,47.7,5797,47.7,U
sh688297,中无人机,2025-09-16 09:31:20,47.69,5360,47.68,D
sh688297,中无人机,2025-09-16 09:31:23,47.69,6312,47.69,D
sh688297,中无人机,2025-09-16 09:31:26,47.69,6891,47.69,D
sh688297,中无人机,2025-09-16 09:31:38,47.69,5504,47.69,U
sh688297,中无人机,2025-09-16 09:31:41,47.67,9153,47.69,D
sh688297,中无人机,2025-09-16 09:31:59,47.65,4200,47.67,D
sh688297,中无人机,2025-09-16 09:32:05,47.67,13126,47.65,U
sh688297,中无人机,2025-09-16 09:32:08,47.65,7299,47.67,D
sh688297,中无人机,2025-09-16 09:32:38,47.8,5400,47.8,U
sh688297,中无人机,2025-09-16 09:33:50,47.8,4913,47.8,D
sh688297,中无人机,2025-09-16 09:34:20,47.73,8536,47.74,D
sh688297,中无人机,2025-09-16 09:34:29,47.78,13555,47.73,U
sh688297,中无人机,2025-09-16 09:34:50,47.79,4406,47.79,U
sh688297,中无人机,2025-09-16 09:34:53,47.83,12571,47.79,U
sh688297,中无人机,2025-09-16 09:34:59,47.79,8275,47.83,D
sh688297,中无人机,2025-09-16 09:35:17,47.84,4198,47.82,U
sh688297,中无人机,2025-09-16 09:35:38,47.83,22295,47.85,E
sh688297,中无人机,2025-09-16 09:36:05,47.8,5797,47.84,D
sh688297,中无人机,2025-09-16 09:36:20,47.8,8345,47.8,U
sh688297,中无人机,2025-09-16 09:36:56,47.86,4793,47.92,D
sh688297,中无人机,2025-09-16 09:37:23,47.92,5200,47.92,U
sh688297,中无人机,2025-09-16 09:37:53,47.9,9077,47.94,D
sh688297,中无人机,2025-09-16 09:37:56,47.93,5434,47.9,U
sh688297,中无人机,2025-09-16 09:37:59,47.93,5200,47.93,U
sh688297,中无人机,2025-09-16 09:38:26,47.95,9147,47.93,U
sh688297,中无人机,2025-09-16 09:38:47,47.98,18284,47.97,U
sh688297,中无人机,2025-09-16 09:39:17,47.95,5762,47.97,D
sh688297,中无人机,2025-09-16 09:39:38,48.0,5591,47.99,U
sh688297,中无人机,2025-09-16 09:39:53,47.99,6818,47.93,U
sh688297,中无人机,2025-09-16 09:39:56,48.06,10646,47.99,U
sh688297,中无人机,2025-09-16 09:39:59,47.94,6200,48.06,D
sh688297,中无人机,2025-09-16 09:40:32,47.94,5320,47.99,D
sh688297,中无人机,2025-09-16 09:40:35,47.93,6914,47.94,D
sh688297,中无人机,2025-09-16 09:40:38,47.99,4364,47.93,U
sh688297,中无人机,2025-09-16 09:41:05,47.97,8353,47.93,U
sh688297,中无人机,2025-09-16 09:41:11,47.88,33272,47.97,D
sh688297,中无人机,2025-09-16 09:41:17,47.89,9400,47.87,U
sh688297,中无人机,2025-09-16 09:41:59,47.81,6703,47.82,D
sh688297,中无人机,2025-09-16 09:42:14,47.8,7029,47.81,D
sh688297,中无人机,2025-09-16 09:42:23,47.79,13651,47.82,D
sh688297,中无人机,2025-09-16 09:43:11,47.83,5500,47.83,U
sh688297,中无人机,2025-09-16 09:43:23,47.79,6122,47.84,D
sh688297,中无人机,2025-09-16 09:43:26,47.84,10400,47.79,U
sh688297,中无人机,2025-09-16 09:43:59,47.78,9652,47.8,D
sh688297,中无人机,2025-09-16 09:44:02,47.75,5182,47.78,D
sh688297,中无人机,2025-09-16 09:44:17,47.74,15147,47.75,D
sh688297,中无人机,2025-09-16 09:44:41,47.73,5155,47.74,D
sh688297,中无人机,2025-09-16 09:45:17,47.68,11126,47.71,D
sh688297,中无人机,2025-09-16 09:45:26,47.68,4887,47.7,D
sh688297,中无人机,2025-09-16 09:45:38,47.66,8580,47.67,D
sh688297,中无人机,2025-09-16 09:45:41,47.71,8156,47.66,U
sh688297,中无人机,2025-09-16 09:45:53,47.73,12562,47.72,U
sh688297,中无人机,2025-09-16 09:45:56,47.75,11138,47.73,U
sh688297,中无人机,2025-09-16 09:47:59,47.82,5251,47.82,U
sh688297,中无人机,2025-09-16 09:49:38,47.74,7178,47.77,D
sh688297,中无人机,2025-09-16 09:49:53,47.72,4616,47.74,D
sh688297,中无人机,2025-09-16 09:50:41,47.73,7249,47.73,D
sh688297,中无人机,2025-09-16 09:51:02,47.73,6939,47.73,U
sh688297,中无人机,2025-09-16 09:51:23,47.7,7856,47.72,D
sh688297,中无人机,2025-09-16 09:51:56,47.65,4998,47.66,D
sh688297,中无人机,2025-09-16 09:52:23,47.68,4768,47.66,U
sh688297,中无人机,2025-09-16 09:52:44,47.66,7560,47.69,D
sh688297,中无人机,2025-09-16 09:53:53,47.7,5752,47.67,U
sh688297,中无人机,2025-09-16 09:53:56,47.72,12919,47.7,U
sh688297,中无人机,2025-09-16 09:54:02,47.75,5631,47.72,U
sh688297,中无人机,2025-09-16 09:57:08,47.7,5593,47.7,D
sh688297,中无人机,2025-09-16 09:57:23,47.7,4246,47.69,U
sh688297,中无人机,2025-09-16 09:57:56,47.63,24414,47.69,D
sh688297,中无人机,2025-09-16 09:59:44,47.63,4952,47.63,D
sh688297,中无人机,2025-09-16 09:59:56,47.63,8282,47.63,U
sh688297,中无人机,2025-09-16 09:59:59,47.67,12347,47.63,U
sh688297,中无人机,2025-09-16 10:00:08,47.61,13307,47.68,D
sh688297,中无人机,2025-09-16 10:00:41,47.6,20400,47.64,D
sh688297,中无人机,2025-09-16 10:00:59,47.64,4410,47.64,U
sh688297,中无人机,2025-09-16 10:01:47,47.6,4240,47.6,D
sh688297,中无人机,2025-09-16 10:01:59,47.6,5952,47.6,U
sh688297,中无人机,2025-09-16 10:02:02,47.68,22757,47.6,U
sh688297,中无人机,2025-09-16 10:02:23,47.62,10186,47.61,D
sh688297,中无人机,2025-09-16 10:02:26,47.62,13483,47.62,U
sh688297,中无人机,2025-09-16 10:02:29,47.66,11402,47.62,U
sh688297,中无人机,2025-09-16 10:04:44,47.66,8946,47.64,U
sh688297,中无人机,2025-09-16 10:04:53,47.61,61720,47.63,D
sh688297,中无人机,2025-09-16 10:05:20,47.59,15325,47.59,D
sh688297,中无人机,2025-09-16 10:05:59,47.58,5893,47.59,D
sh688297,中无人机,2025-09-16 10:06:02,47.58,5400,47.58,U
sh688297,中无人机,2025-09-16 10:06:05,47.6,10356,47.58,U
sh688297,中无人机,2025-09-16 10:06:17,47.6,5500,47.59,U
sh688297,中无人机,2025-09-16 10:06:38,47.66,35443,47.6,U
sh688297,中无人机,2025-09-16 10:07:14,47.66,4261,47.66,U
sh688297,中无人机,2025-09-16 10:07:38,47.62,11492,47.62,D
sh688297,中无人机,2025-09-16 10:07:41,47.62,5000,47.62,U
sh688297,中无人机,2025-09-16 10:08:35,47.66,8581,47.65,U
sh688297,中无人机,2025-09-16 10:08:50,47.63,5140,47.65,D
sh688297,中无人机,2025-09-16 10:08:53,47.68,15581,47.63,U
sh688297,中无人机,2025-09-16 10:10:23,47.68,4460,47.69,D
sh688297,中无人机,2025-09-16 10:10:32,47.69,5751,47.68,U
sh688297,中无人机,2025-09-16 10:11:11,47.77,9882,47.71,U
sh688297,中无人机,2025-09-16 10:12:11,47.69,4210,47.71,D
sh688297,中无人机,2025-09-16 10:12:47,47.69,18667,47.69,D
sh688297,中无人机,2025-09-16 10:12:59,47.69,5697,47.66,U
sh688297,中无人机,2025-09-16 10:13:59,47.7,7300,47.69,E
sh688297,中无人机,2025-09-16 10:14:41,47.67,13114,47.68,D
sh688297,中无人机,2025-09-16 10:14:56,47.66,10059,47.67,D
sh688297,中无人机,2025-09-16 10:15:41,47.63,6511,47.62,U
sh688297,中无人机,2025-09-16 10:16:38,47.6,9970,47.64,D
sh688297,中无人机,2025-09-16 10:17:05,47.66,5076,47.58,U
sh688297,中无人机,2025-09-16 10:18:23,47.59,4924,47.6,D
sh688297,中无人机,2025-09-16 10:19:11,47.58,7836,47.57,U
sh688297,中无人机,2025-09-16 10:20:26,47.57,5413,47.57,D
sh688297,中无人机,2025-09-16 10:20:29,47.56,10415,47.57,D
sh688297,中无人机,2025-09-16 10:22:11,47.53,5597,47.53,D
sh688297,中无人机,2025-09-16 10:23:08,47.58,28041,47.53,U
sh688297,中无人机,2025-09-16 10:23:20,47.59,44872,47.55,U
sh688297,中无人机,2025-09-16 10:23:41,47.51,5853,47.52,D
sh688297,中无人机,2025-09-16 10:23:50,47.53,5027,47.52,U
sh688297,中无人机,2025-09-16 10:24:44,47.52,12123,47.53,D
sh688297,中无人机,2025-09-16 10:24:50,47.53,26107,47.52,U
sh688297,中无人机,2025-09-16 10:25:14,47.52,9466,47.54,D
sh688297,中无人机,2025-09-16 10:25:17,47.56,9953,47.52,U
sh688297,中无人机,2025-09-16 10:25:44,47.53,6047,47.55,D
sh688297,中无人机,2025-09-16 10:26:05,47.52,4600,47.52,D
sh688297,中无人机,2025-09-16 10:26:53,47.51,5809,47.51,D
sh688297,中无人机,2025-09-16 10:26:56,47.5,15443,47.51,D
sh688297,中无人机,2025-09-16 10:26:59,47.5,11853,47.5,D
sh688297,中无人机,2025-09-16 10:27:02,47.48,14670,47.5,D
sh688297,中无人机,2025-09-16 10:27:23,47.47,4238,47.47,D
sh688297,中无人机,2025-09-16 10:28:17,47.44,5904,47.42,U
sh688297,中无人机,2025-09-16 10:28:20,47.49,16483,47.44,U
sh688297,中无人机,2025-09-16 10:28:41,47.5,17240,47.52,D
sh688297,中无人机,2025-09-16 10:28:44,47.54,22994,47.5,U
sh688297,中无人机,2025-09-16 10:29:35,47.49,12911,47.5,D
sh688297,中无人机,2025-09-16 10:31:56,47.44,13047,47.47,D
sh688297,中无人机,2025-09-16 10:32:11,47.42,12493,47.43,D
sh688297,中无人机,2025-09-16 10:32:14,47.36,7428,47.42,D
sh688297,中无人机,2025-09-16 10:32:53,47.34,16720,47.34,U
sh688297,中无人机,2025-09-16 10:33:14,47.3,5992,47.31,D
sh688297,中无人机,2025-09-16 10:33:26,47.28,7294,47.3,D
sh688297,中无人机,2025-09-16 10:33:29,47.28,4306,47.28,U
sh688297,中无人机,2025-09-16 10:33:32,47.29,9254,47.28,U
sh688297,中无人机,2025-09-16 10:33:50,47.33,29759,47.26,U
sh688297,中无人机,2025-09-16 10:33:53,47.34,16009,47.33,U
sh688297,中无人机,2025-09-16 10:33:56,47.4,4601,47.34,U
sh688297,中无人机,2025-09-16 10:34:47,47.3,5200,47.29,D
sh688297,中无人机,2025-09-16 10:34:56,47.3,5645,47.3,U
sh688297,中无人机,2025-09-16 10:34:59,47.34,7683,47.3,U
sh688297,中无人机,2025-09-16 10:35:44,47.27,4519,47.28,D
sh688297,中无人机,2025-09-16 10:36:26,47.22,6748,47.24,D
sh688297,中无人机,2025-09-16 10:36:35,47.22,7100,47.22,U
sh688297,中无人机,2025-09-16 10:36:38,47.22,6115,47.22,U
sh688297,中无人机,2025-09-16 10:36:41,47.24,13421,47.22,U
sh688297,中无人机,2025-09-16 10:36:44,47.24,7217,47.24,U
sh688297,中无人机,2025-09-16 10:36:47,47.24,6264,47.24,U
sh688297,中无人机,2025-09-16 10:37:08,47.23,10099,47.24,D
sh688297,中无人机,2025-09-16 10:37:14,47.24,5500,47.27,D
sh688297,中无人机,2025-09-16 10:37:17,47.32,10267,47.24,U
sh688297,中无人机,2025-09-16 10:38:11,47.28,8912,47.3,D
sh688297,中无人机,2025-09-16 10:38:35,47.24,5000,47.26,D
sh688297,中无人机,2025-09-16 10:38:44,47.23,6191,47.23,D
sh688297,中无人机,2025-09-16 10:38:59,47.2,9655,47.21,D
sh688297,中无人机,2025-09-16 10:39:32,47.2,5800,47.21,D
sh688297,中无人机,2025-09-16 10:40:02,47.19,6188,47.2,D
sh688297,中无人机,2025-09-16 10:40:05,47.18,12128,47.19,D
sh688297,中无人机,2025-09-16 10:40:14,47.2,7766,47.19,U
sh688297,中无人机,2025-09-16 10:40:17,47.22,14803,47.2,U
sh688297,中无人机,2025-09-16 10:40:20,47.26,18202,47.22,U
sh688297,中无人机,2025-09-16 10:41:08,47.25,5000,47.29,D
sh688297,中无人机,2025-09-16 10:41:50,47.25,4300,47.24,U
sh688297,中无人机,2025-09-16 10:42:26,47.22,5319,47.23,D
sh688297,中无人机,2025-09-16 10:42:41,47.22,4573,47.22,U
sh688297,中无人机,2025-09-16 10:44:35,47.18,51383,47.24,D
sh688297,中无人机,2025-09-16 10:44:47,47.13,5220,47.16,D
sh688297,中无人机,2025-09-16 10:46:14,47.2,4476,47.18,U
sh688297,中无人机,2025-09-16 10:46:35,47.21,5045,47.2,U
sh688297,中无人机,2025-09-16 10:46:47,47.22,10064,47.21,U
sh688297,中无人机,2025-09-16 10:47:14,47.25,4855,47.29,D
sh688297,中无人机,2025-09-16 10:47:20,47.25,4845,47.25,U
sh688297,中无人机,2025-09-16 10:47:26,47.29,10001,47.25,U
sh688297,中无人机,2025-09-16 10:51:05,47.34,8283,47.29,U
sh688297,中无人机,2025-09-16 10:51:32,47.34,4604,47.34,U
sh688297,中无人机,2025-09-16 10:53:35,47.29,4623,47.29,D
sh688297,中无人机,2025-09-16 10:54:20,47.27,10422,47.29,D
sh688297,中无人机,2025-09-16 10:55:11,47.23,5985,47.24,D
sh688297,中无人机,2025-09-16 10:55:38,47.2,8659,47.2,D
sh688297,中无人机,2025-09-16 10:56:32,47.2,4546,47.19,U
sh688297,中无人机,2025-09-16 10:57:32,47.16,6580,47.18,D
sh688297,中无人机,2025-09-16 10:57:44,47.16,6390,47.16,D
sh688297,中无人机,2025-09-16 10:57:47,47.15,6774,47.16,D
sh688297,中无人机,2025-09-16 10:58:05,47.18,7679,47.16,U
sh688297,中无人机,2025-09-16 10:58:08,47.22,17188,47.18,U
sh688297,中无人机,2025-09-16 10:59:47,47.2,7634,47.2,U
sh688297,中无人机,2025-09-16 11:00:14,47.19,7445,47.2,D
sh688297,中无人机,2025-09-16 11:02:47,47.21,10100,47.24,D
sh688297,中无人机,2025-09-16 11:03:05,47.29,10441,47.24,U
sh688297,中无人机,2025-09-16 11:03:11,47.39,7700,47.32,U
sh688297,中无人机,2025-09-16 11:06:26,47.28,8059,47.28,D
sh688297,中无人机,2025-09-16 11:09:11,47.23,10344,47.25,D
sh688297,中无人机,2025-09-16 11:09:14,47.2,8012,47.23,D
sh688297,中无人机,2025-09-16 11:10:17,47.2,16086,47.2,D
sh688297,中无人机,2025-09-16 11:10:41,47.26,12030,47.22,U
sh688297,中无人机,2025-09-16 11:11:53,47.36,5000,47.35,U
sh688297,中无人机,2025-09-16 11:12:29,47.32,5933,47.32,D
sh688297,中无人机,2025-09-16 11:12:59,47.34,4367,47.29,U
sh688297,中无人机,2025-09-16 11:17:02,47.36,7823,47.31,U
sh688297,中无人机,2025-09-16 11:17:08,47.38,25635,47.38,U
sh688297,中无人机,2025-09-16 11:17:32,47.37,7039,47.36,U
sh688297,中无人机,2025-09-16 11:17:53,47.39,8885,47.38,U
sh688297,中无人机,2025-09-16 11:20:38,47.48,5000,47.48,U
sh688297,中无人机,2025-09-16 11:21:41,47.45,4697,47.45,D
sh688297,中无人机,2025-09-16 11:21:56,47.45,24817,47.42,U
sh688297,中无人机,2025-09-16 11:22:11,47.44,14489,47.44,U
sh688297,中无人机,2025-09-16 11:22:17,47.5,22614,47.44,U
sh688297,中无人机,2025-09-16 11:22:20,47.55,6845,47.5,U
sh688297,中无人机,2025-09-16 11:22:44,47.55,6609,47.57,D
sh688297,中无人机,2025-09-16 11:22:53,47.55,4979,47.54,U
sh688297,中无人机,2025-09-16 11:23:35,47.58,8097,47.58,U
sh688297,中无人机,2025-09-16 11:23:41,47.58,5421,47.59,D
sh688297,中无人机,2025-09-16 11:24:08,47.59,5000,47.6,D
sh688297,中无人机,2025-09-16 11:25:20,47.62,4379,47.58,U
sh688297,中无人机,2025-09-16 11:25:53,47.63,5975,47.6,U
sh688297,中无人机,2025-09-16 11:26:20,47.56,5349,47.59,D
sh688297,中无人机,2025-09-16 11:26:32,47.53,5498,47.55,D
sh688297,中无人机,2025-09-16 13:00:05,47.43,5205,47.43,D
sh688297,中无人机,2025-09-16 13:00:08,47.43,6033,47.43,D
sh688297,中无人机,2025-09-16 13:00:11,47.48,8707,47.43,U
sh688297,中无人机,2025-09-16 13:00:20,47.55,43930,47.54,U
sh688297,中无人机,2025-09-16 13:00:23,47.68,31860,47.55,U
sh688297,中无人机,2025-09-16 13:00:26,47.78,13988,47.68,U
sh688297,中无人机,2025-09-16 13:03:14,47.58,17061,47.63,D
sh688297,中无人机,2025-09-16 13:03:17,47.6,22978,47.58,U
sh688297,中无人机,2025-09-16 13:05:23,47.62,5712,47.68,D
sh688297,中无人机,2025-09-16 13:09:59,47.69,4881,47.66,U
sh688297,中无人机,2025-09-16 13:10:35,47.64,5429,47.66,D
sh688297,中无人机,2025-09-16 13:15:20,47.63,10479,47.63,U
sh688297,中无人机,2025-09-16 13:15:44,47.65,10000,47.64,U
sh688297,中无人机,2025-09-16 13:15:47,47.65,5658,47.65,U
sh688297,中无人机,2025-09-16 13:16:14,47.66,6796,47.66,D
sh688297,中无人机,2025-09-16 13:18:26,47.63,6638,47.63,D
sh688297,中无人机,2025-09-16 13:19:26,47.6,5582,47.61,D
sh688297,中无人机,2025-09-16 13:20:23,47.54,6093,47.55,D
sh688297,中无人机,2025-09-16 13:20:38,47.59,27788,47.52,U
sh688297,中无人机,2025-09-16 13:20:41,47.61,12348,47.59,U
sh688297,中无人机,2025-09-16 13:21:32,47.59,7504,47.59,U
sh688297,中无人机,2025-09-16 13:27:05,47.64,6994,47.6,U
sh688297,中无人机,2025-09-16 13:29:17,47.6,18636,47.66,D
sh688297,中无人机,2025-09-16 13:31:05,47.6,11299,47.63,D
sh688297,中无人机,2025-09-16 13:31:08,47.56,12856,47.6,D
sh688297,中无人机,2025-09-16 13:33:53,47.5,5600,47.51,D
sh688297,中无人机,2025-09-16 13:34:05,47.6,8543,47.51,U
sh688297,中无人机,2025-09-16 13:34:08,47.65,8294,47.6,U
sh688297,中无人机,2025-09-16 13:34:50,47.6,13802,47.59,U
sh688297,中无人机,2025-09-16 13:38:14,47.52,4835,47.55,D
sh688297,中无人机,2025-09-16 13:38:17,47.52,4665,47.52,U
sh688297,中无人机,2025-09-16 13:38:32,47.52,4600,47.54,D
sh688297,中无人机,2025-09-16 13:39:02,47.59,5216,47.55,U
sh688297,中无人机,2025-09-16 13:41:05,47.55,32824,47.62,D
sh688297,中无人机,2025-09-16 13:41:23,47.62,10450,47.53,U
sh688297,中无人机,2025-09-16 13:42:26,47.51,5419,47.51,U
sh688297,中无人机,2025-09-16 13:42:32,47.4,30321,47.5,D
sh688297,中无人机,2025-09-16 13:43:35,47.45,6653,47.52,D
sh688297,中无人机,2025-09-16 13:43:56,47.45,5644,47.49,D
sh688297,中无人机,2025-09-16 13:43:59,47.51,10316,47.45,U
sh688297,中无人机,2025-09-16 13:44:56,47.62,16800,47.61,U
sh688297,中无人机,2025-09-16 13:49:14,47.5,4481,47.5,E
sh688297,中无人机,2025-09-16 13:49:56,47.51,6290,47.52,D
sh688297,中无人机,2025-09-16 13:49:59,47.51,7854,47.51,U
sh688297,中无人机,2025-09-16 13:50:02,47.54,6631,47.51,U
sh688297,中无人机,2025-09-16 13:50:11,47.55,7697,47.54,U
sh688297,中无人机,2025-09-16 13:52:17,47.6,6191,47.6,D
sh688297,中无人机,2025-09-16 13:54:56,47.6,6005,47.59,U
sh688297,中无人机,2025-09-16 13:55:47,47.62,7079,47.62,U
sh688297,中无人机,2025-09-16 13:56:56,47.65,4268,47.64,U
sh688297,中无人机,2025-09-16 13:56:59,47.67,5693,47.65,U
sh688297,中无人机,2025-09-16 13:57:38,47.7,4226,47.69,U
sh688297,中无人机,2025-09-16 13:58:02,47.71,8297,47.72,D
sh688297,中无人机,2025-09-16 13:58:26,47.7,9516,47.7,D
sh688297,中无人机,2025-09-16 13:59:17,47.75,14341,47.75,D
sh688297,中无人机,2025-09-16 14:01:05,47.8,9116,47.81,D
sh688297,中无人机,2025-09-16 14:01:26,47.77,4428,47.77,D
sh688297,中无人机,2025-09-16 14:02:08,47.8,10600,47.8,D
sh688297,中无人机,2025-09-16 14:02:35,47.81,5200,47.81,U
sh688297,中无人机,2025-09-16 14:04:29,47.83,4414,47.83,D
sh688297,中无人机,2025-09-16 14:06:35,47.81,7300,47.82,D
sh688297,中无人机,2025-09-16 14:06:38,47.82,6061,47.81,U
sh688297,中无人机,2025-09-16 14:07:05,47.82,6858,47.83,D
sh688297,中无人机,2025-09-16 14:07:11,47.82,12203,47.82,D
sh688297,中无人机,2025-09-16 14:08:26,47.81,24748,47.82,D
sh688297,中无人机,2025-09-16 14:08:29,47.79,8821,47.81,D
sh688297,中无人机,2025-09-16 14:08:32,47.69,100621,47.79,D
sh688297,中无人机,2025-09-16 14:08:53,47.8,40400,47.78,E
sh688297,中无人机,2025-09-16 14:11:32,47.79,4305,47.8,D
sh688297,中无人机,2025-09-16 14:13:05,47.78,4524,47.74,U
sh688297,中无人机,2025-09-16 14:14:02,47.81,4452,47.81,U
sh688297,中无人机,2025-09-16 14:14:08,47.82,6692,47.81,U
sh688297,中无人机,2025-09-16 14:15:08,47.85,4949,47.85,U
sh688297,中无人机,2025-09-16 14:15:17,47.84,4481,47.85,D
sh688297,中无人机,2025-09-16 14:16:53,47.88,6610,47.87,U
sh688297,中无人机,2025-09-16 14:17:59,47.9,4557,47.92,D
sh688297,中无人机,2025-09-16 14:18:59,47.88,6567,47.88,D
sh688297,中无人机,2025-09-16 14:19:38,47.92,8000,47.92,U
sh688297,中无人机,2025-09-16 14:20:14,47.89,5099,47.91,D
sh688297,中无人机,2025-09-16 14:20:35,47.83,9804,47.89,D
sh688297,中无人机,2025-09-16 14:21:53,47.82,8086,47.81,U
sh688297,中无人机,2025-09-16 14:23:41,47.8,4865,47.82,D
sh688297,中无人机,2025-09-16 14:23:50,47.8,4387,47.81,D
sh688297,中无人机,2025-09-16 14:23:53,47.8,4431,47.8,D
sh688297,中无人机,2025-09-16 14:24:26,47.8,23633,47.8,D
sh688297,中无人机,2025-09-16 14:24:32,47.78,12364,47.8,D
sh688297,中无人机,2025-09-16 14:24:38,47.77,16137,47.78,D
sh688297,中无人机,2025-09-16 14:25:26,47.81,9334,47.8,U
sh688297,中无人机,2025-09-16 14:32:11,47.8,6348,47.81,D
sh688297,中无人机,2025-09-16 14:32:17,47.81,4905,47.8,U
sh688297,中无人机,2025-09-16 14:32:53,47.78,5300,47.8,D
sh688297,中无人机,2025-09-16 14:33:20,47.79,4484,47.79,U
sh688297,中无人机,2025-09-16 14:33:35,47.75,4279,47.79,D
sh688297,中无人机,2025-09-16 14:33:53,47.8,7731,47.78,U
sh688297,中无人机,2025-09-16 14:35:20,47.76,8800,47.78,D
sh688297,中无人机,2025-09-16 14:37:11,47.72,21104,47.77,D
sh688297,中无人机,2025-09-16 14:38:38,47.78,10200,47.78,U
sh688297,中无人机,2025-09-16 14:39:32,47.78,4572,47.78,U
sh688297,中无人机,2025-09-16 14:39:41,47.78,12390,47.79,D
sh688297,中无人机,2025-09-16 14:39:47,47.78,9400,47.78,D
sh688297,中无人机,2025-09-16 14:41:14,47.8,8180,47.8,D
sh688297,中无人机,2025-09-16 14:41:56,47.75,4445,47.8,D
sh688297,中无人机,2025-09-16 14:42:44,47.76,4325,47.79,D
sh688297,中无人机,2025-09-16 14:42:47,47.76,4480,47.76,U
sh688297,中无人机,2025-09-16 14:43:41,47.74,4429,47.75,D
sh688297,中无人机,2025-09-16 14:43:44,47.77,7685,47.74,U
sh688297,中无人机,2025-09-16 14:44:56,47.8,12296,47.78,U
sh688297,中无人机,2025-09-16 14:46:56,47.75,7466,47.76,D
sh688297,中无人机,2025-09-16 14:47:26,47.8,6040,47.8,U
sh688297,中无人机,2025-09-16 14:47:47,47.8,8121,47.79,U
sh688297,中无人机,2025-09-16 14:47:53,47.8,13957,47.8,U
sh688297,中无人机,2025-09-16 14:48:29,47.81,4600,47.81,U
sh688297,中无人机,2025-09-16 14:49:17,47.8,7858,47.8,D
sh688297,中无人机,2025-09-16 14:49:38,47.81,6200,47.8,U
sh688297,中无人机,2025-09-16 14:49:41,47.8,4489,47.81,D
sh688297,中无人机,2025-09-16 14:49:47,47.81,9618,47.81,U
sh688297,中无人机,2025-09-16 14:50:05,47.82,7100,47.81,U
sh688297,中无人机,2025-09-16 14:50:26,47.81,14511,47.81,D
sh688297,中无人机,2025-09-16 14:50:29,47.79,6274,47.81,D
sh688297,中无人机,2025-09-16 14:50:47,47.81,5269,47.79,U
sh688297,中无人机,2025-09-16 14:50:56,47.82,15540,47.82,U
sh688297,中无人机,2025-09-16 14:50:59,47.8,9327,47.82,D
sh688297,中无人机,2025-09-16 14:51:08,47.8,6414,47.81,D
sh688297,中无人机,2025-09-16 14:51:11,47.8,4897,47.8,D
sh688297,中无人机,2025-09-16 14:51:47,47.81,15383,47.81,U
sh688297,中无人机,2025-09-16 14:52:05,47.84,8539,47.82,U
sh688297,中无人机,2025-09-16 14:52:44,47.9,10833,47.87,U
sh688297,中无人机,2025-09-16 14:54:56,47.82,4910,47.82,U
sh688297,中无人机,2025-09-16 14:55:05,47.83,5700,47.83,U
sh688297,中无人机,2025-09-16 14:55:26,47.83,10062,47.83,U
sh688297,中无人机,2025-09-16 14:55:38,47.84,10412,47.83,U
sh688297,中无人机,2025-09-16 14:55:41,47.83,7533,47.84,D
sh688297,中无人机,2025-09-16 14:56:44,47.83,5002,47.84,D
sh688297,中无人机,2025-09-16 15:00:02,47.83,70332,47.84,U
