symbol,name,ticktime,price,volume,prev_price,kind
sh688297,中无人机,2025-09-18 09:25:01,47.51,19114,0.0,U
sh688297,中无人机,2025-09-18 09:30:05,47.5,7068,47.5,D
sh688297,中无人机,2025-09-18 09:30:08,47.75,6915,47.5,U
sh688297,中无人机,2025-09-18 09:30:11,47.56,8504,47.75,U
sh688297,中无人机,2025-09-18 09:30:14,47.52,7820,47.56,D
sh688297,中无人机,2025-09-18 09:30:38,47.57,4867,47.56,U
sh688297,中无人机,2025-09-18 09:30:47,47.47,7616,47.56,D
sh688297,中无人机,2025-09-18 09:30:56,47.47,7629,47.47,U
sh688297,中无人机,2025-09-18 09:30:59,47.47,5553,47.47,D
sh688297,中无人机,2025-09-18 09:31:02,47.48,10650,47.47,U
sh688297,中无人机,2025-09-18 09:31:11,47.5,4252,47.48,U
sh688297,中无人机,2025-09-18 09:32:11,47.63,5728,47.64,D
sh688297,中无人机,2025-09-18 09:32:29,47.62,9643,47.56,U
sh688297,中无人机,2025-09-18 09:32:44,47.54,4600,47.56,D
sh688297,中无人机,2025-09-18 09:32:50,47.56,11700,47.55,U
sh688297,中无人机,2025-09-18 09:32:53,47.59,9871,47.56,U
sh688297,中无人机,2025-09-18 09:32:59,47.62,8155,47.59,U
sh688297,中无人机,2025-09-18 09:33:08,47.7,6819,47.69,U
sh688297,中无人机,2025-09-18 09:33:11,47.7,4411,47.7,U
sh688297,中无人机,2025-09-18 09:33:20,47.71,11947,47.7,U
sh688297,中无人机,2025-09-18 09:33:38,47.65,5415,47.65,D
sh688297,中无人机,2025-09-18 09:34:02,47.7,4451,47.68,U
sh688297,中无人机,2025-09-18 09:34:11,47.7,4700,47.7,U
sh688297,中无人机,2025-09-18 09:34:17,47.66,9146,47.7,D
sh688297,中无人机,2025-09-18 09:34:20,47.6,5837,47.66,D
sh688297,中无人机,2025-09-18 09:34:23,47.54,16065,47.6,D
sh688297,中无人机,2025-09-18 09:34:26,47.48,22557,47.54,D
sh688297,中无人机,2025-09-18 09:34:29,47.5,8138,47.48,U
sh688297,中无人机,2025-09-18 09:34:32,47.54,6052,47.5,U
sh688297,中无人机,2025-09-18 09:34:35,47.56,7142,47.54,U
sh688297,中无人机,2025-09-18 09:34:53,47.6,7703,47.57,U
sh688297,中无人机,2025-09-18 09:35:05,47.55,7233,47.55,U
sh688297,中无人机,2025-09-18 09:36:14,47.7,27135,47.7,U
sh688297,中无人机,2025-09-18 09:36:20,47.75,6900,47.73,U
sh688297,中无人机,2025-09-18 09:36:23,47.7,5925,47.75,D
sh688297,中无人机,2025-09-18 09:36:41,47.68,17707,47.7,D
sh688297,中无人机,2025-09-18 09:36:44,47.76,15266,47.68,U
sh688297,中无人机,2025-09-18 09:37:05,47.82,5400,47.8,E
sh688297,中无人机,2025-09-18 09:37:11,47.9,31125,47.82,U
sh688297,中无人机,2025-09-18 09:37:14,47.97,7588,47.9,U
sh688297,中无人机,2025-09-18 09:37:26,47.96,12565,47.99,D
sh688297,中无人机,2025-09-18 09:37:32,47.99,14849,47.96,U
sh688297,中无人机,2025-09-18 09:37:47,47.95,7327,47.94,D
sh688297,中无人机,2025-09-18 09:37:50,47.89,8668,47.95,D
sh688297,中无人机,2025-09-18 09:37:53,47.89,4600,47.89,D
sh688297,中无人机,2025-09-18 09:37:59,47.87,37487,47.89,D
sh688297,中无人机,2025-09-18 09:38:02,47.88,4998,47.87,U
sh688297,中无人机,2025-09-18 09:38:08,47.83,4849,47.83,D
sh688297,中无人机,2025-09-18 09:38:17,47.87,10816,47.87,E
sh688297,中无人机,2025-09-18 09:38:32,47.76,22490,47.81,D
sh688297,中无人机,2025-09-18 09:38:35,47.76,6625,47.76,D
sh688297,中无人机,2025-09-18 09:38:38,47.7,6400,47.76,D
sh688297,中无人机,2025-09-18 09:39:14,47.8,5434,47.82,U
sh688297,中无人机,2025-09-18 09:39:26,47.75,4459,47.8,D
sh688297,中无人机,2025-09-18 09:39:50,47.75,5700,47.78,D
sh688297,中无人机,2025-09-18 09:40:35,47.78,4957,47.8,D
sh688297,中无人机,2025-09-18 09:40:50,47.88,28626,47.83,U
sh688297,中无人机,2025-09-18 09:41:05,47.98,8693,47.93,U
sh688297,中无人机,2025-09-18 09:41:20,47.95,4779,47.94,D
sh688297,中无人机,2025-09-18 09:41:29,47.94,4237,47.94,U
sh688297,中无人机,2025-09-18 09:41:32,47.93,4290,47.94,D
sh688297,中无人机,2025-09-18 09:41:50,47.93,16343,47.94,D
sh688297,中无人机,2025-09-18 09:41:56,47.95,4900,47.9,U
sh688297,中无人机,2025-09-18 09:41:59,47.9,5507,47.95,D
sh688297,中无人机,2025-09-18 09:42:05,47.91,11090,47.9,E
sh688297,中无人机,2025-09-18 09:42:08,47.86,39114,47.91,D
sh688297,中无人机,2025-09-18 09:43:59,47.83,14723,47.79,U
sh688297,中无人机,2025-09-18 09:44:47,47.78,6913,47.8,D
sh688297,中无人机,2025-09-18 09:45:08,47.78,4229,47.77,U
sh688297,中无人机,2025-09-18 09:45:29,47.78,4642,47.78,D
sh688297,中无人机,2025-09-18 09:45:41,47.77,5300,47.78,D
sh688297,中无人机,2025-09-18 09:46:11,47.79,5528,47.8,D
sh688297,中无人机,2025-09-18 09:46:59,47.8,12759,47.82,D
sh688297,中无人机,2025-09-18 09:47:02,47.74,76254,47.8,D
sh688297,中无人机,2025-09-18 09:47:05,47.76,15597,47.74,U
sh688297,中无人机,2025-09-18 09:47:08,47.76,5580,47.76,U
sh688297,中无人机,2025-09-18 09:47:50,47.65,5612,47.65,D
sh688297,中无人机,2025-09-18 09:48:14,47.61,6466,47.61,D
sh688297,中无人机,2025-09-18 09:48:20,47.58,8600,47.61,D
sh688297,中无人机,2025-09-18 09:48:26,47.55,5915,47.58,D
sh688297,中无人机,2025-09-18 09:48:35,47.55,9508,47.55,D
sh688297,中无人机,2025-09-18 09:49:02,47.59,8214,47.58,U
sh688297,中无人机,2025-09-18 09:49:59,47.57,4984,47.58,D
sh688297,中无人机,2025-09-18 09:50:20,47.62,5248,47.6,U
sh688297,中无人机,2025-09-18 09:50:32,47.58,4508,47.59,D
sh688297,中无人机,2025-09-18 09:50:35,47.56,8885,47.58,D
sh688297,中无人机,2025-09-18 09:51:17,47.65,11301,47.62,U
sh688297,中无人机,2025-09-18 09:52:50,47.69,17626,47.7,D
sh688297,中无人机,2025-09-18 09:52:53,47.7,6420,47.69,U
sh688297,中无人机,2025-09-18 09:53:26,47.68,7101,47.68,U
sh688297,中无人机,2025-09-18 09:53:56,47.66,6496,47.68,D
sh688297,中无人机,2025-09-18 09:54:05,47.66,4512,47.67,D
sh688297,中无人机,2025-09-18 09:54:08,47.67,5431,47.66,U
sh688297,中无人机,2025-09-18 09:55:11,47.64,4300,47.64,U
sh688297,中无人机,2025-09-18 09:55:38,47.65,11100,47.64,U
sh688297,中无人机,2025-09-18 09:55:44,47.66,4632,47.65,U
sh688297,中无人机,2025-09-18 09:56:23,47.69,5571,47.72,D
sh688297,中无人机,2025-09-18 09:57:02,47.8,22636,47.68,U
sh688297,中无人机,2025-09-18 09:57:26,47.86,9581,47.86,U
sh688297,中无人机,2025-09-18 09:57:41,47.85,4340,47.86,D
sh688297,中无人机,2025-09-18 09:57:44,47.85,15400,47.85,U
sh688297,中无人机,2025-09-18 09:58:17,47.89,9170,47.86,U
sh688297,中无人机,2025-09-18 09:58:41,47.95,39336,47.89,U
sh688297,中无人机,2025-09-18 09:59:08,47.92,16217,47.9,U
sh688297,中无人机,2025-09-18 09:59:38,47.99,47379,47.96,U
sh688297,中无人机,2025-09-18 09:59:41,48.0,38556,47.99,U
sh688297,中无人机,2025-09-18 09:59:56,48.06,5400,48.05,U
sh688297,中无人机,2025-09-18 10:00:05,48.06,5000,48.01,E
sh688297,中无人机,2025-09-18 10:00:20,48.06,17850,48.06,U
sh688297,中无人机,2025-09-18 10:00:35,48.08,21232,48.04,U
sh688297,中无人机,2025-09-18 10:00:38,48.07,15200,48.08,E
sh688297,中无人机,2025-09-18 10:01:02,48.07,12402,48.08,U
sh688297,中无人机,2025-09-18 10:01:11,48.06,5409,48.06,U
sh688297,中无人机,2025-09-18 10:01:20,48.02,12673,48.05,D
sh688297,中无人机,2025-09-18 10:01:23,48.02,4562,48.02,D
sh688297,中无人机,2025-09-18 10:01:29,48.01,7096,48.06,D
sh688297,中无人机,2025-09-18 10:01:41,48.02,5500,48.01,D
sh688297,中无人机,2025-09-18 10:02:02,48.0,5774,48.02,D
sh688297,中无人机,2025-09-18 10:02:05,47.98,4720,48.0,D
sh688297,中无人机,2025-09-18 10:02:17,48.01,7648,47.97,U
sh688297,中无人机,2025-09-18 10:02:26,48.0,5236,48.01,D
sh688297,中无人机,2025-09-18 10:02:29,48.0,6400,48.0,E
sh688297,中无人机,2025-09-18 10:02:32,48.02,5800,48.0,U
sh688297,中无人机,2025-09-18 10:02:35,48.02,5341,48.02,U
sh688297,中无人机,2025-09-18 10:02:38,48.05,14359,48.02,U
sh688297,中无人机,2025-09-18 10:02:44,48.06,13339,48.06,U
sh688297,中无人机,2025-09-18 10:03:08,48.06,30388,48.03,U
sh688297,中无人机,2025-09-18 10:03:11,48.1,35817,48.06,U
sh688297,中无人机,2025-09-18 10:03:14,48.13,5522,48.1,U
sh688297,中无人机,2025-09-18 10:03:59,48.2,6448,48.19,U
sh688297,中无人机,2025-09-18 10:04:05,48.21,8791,48.2,U
sh688297,中无人机,2025-09-18 10:04:08,48.22,4572,48.21,U
sh688297,中无人机,2025-09-18 10:04:11,48.22,5993,48.22,U
sh688297,中无人机,2025-09-18 10:04:17,48.22,4804,48.22,D
sh688297,中无人机,2025-09-18 10:04:20,48.23,6132,48.22,U
sh688297,中无人机,2025-09-18 10:04:23,48.24,5200,48.23,U
sh688297,中无人机,2025-09-18 10:04:26,48.24,6425,48.24,D
sh688297,中无人机,2025-09-18 10:04:29,48.23,5189,48.24,D
sh688297,中无人机,2025-09-18 10:04:41,48.22,13903,48.23,D
sh688297,中无人机,2025-09-18 10:04:56,48.19,13958,48.2,D
sh688297,中无人机,2025-09-18 10:04:59,48.17,6562,48.19,D
sh688297,中无人机,2025-09-18 10:05:14,48.17,11876,48.17,D
sh688297,中无人机,2025-09-18 10:05:20,48.17,4339,48.17,U
sh688297,中无人机,2025-09-18 10:06:02,48.15,18844,48.12,U
sh688297,中无人机,2025-09-18 10:06:05,48.15,38900,48.15,U
sh688297,中无人机,2025-09-18 10:06:08,48.17,21480,48.15,U
sh688297,中无人机,2025-09-18 10:06:11,48.17,6000,48.17,U
sh688297,中无人机,2025-09-18 10:06:26,48.15,18726,48.19,D
sh688297,中无人机,2025-09-18 10:06:32,48.15,6300,48.13,U
sh688297,中无人机,2025-09-18 10:06:38,48.15,4402,48.13,U
sh688297,中无人机,2025-09-18 10:06:41,48.16,13847,48.15,U
sh688297,中无人机,2025-09-18 10:06:44,48.15,4290,48.16,D
sh688297,中无人机,2025-09-18 10:06:50,48.19,6127,48.18,U
sh688297,中无人机,2025-09-18 10:06:53,48.19,7367,48.19,D
sh688297,中无人机,2025-09-18 10:07:05,48.2,8433,48.2,U
sh688297,中无人机,2025-09-18 10:07:11,48.21,7364,48.2,U
sh688297,中无人机,2025-09-18 10:07:20,48.22,4193,48.21,U
sh688297,中无人机,2025-09-18 10:07:50,48.22,4910,48.21,U
sh688297,中无人机,2025-09-18 10:07:56,48.19,25101,48.22,D
sh688297,中无人机,2025-09-18 10:08:02,48.19,5881,48.19,D
sh688297,中无人机,2025-09-18 10:08:08,48.13,13611,48.18,D
sh688297,中无人机,2025-09-18 10:08:14,48.18,5400,48.13,U
sh688297,中无人机,2025-09-18 10:08:59,48.15,6084,48.14,U
sh688297,中无人机,2025-09-18 10:09:02,48.15,11566,48.15,D
sh688297,中无人机,2025-09-18 10:09:11,48.16,8488,48.15,U
sh688297,中无人机,2025-09-18 10:09:26,48.15,10393,48.16,D
sh688297,中无人机,2025-09-18 10:11:32,48.18,10121,48.18,U
sh688297,中无人机,2025-09-18 10:11:38,48.16,14273,48.17,D
sh688297,中无人机,2025-09-18 10:12:02,48.19,5614,48.18,U
sh688297,中无人机,2025-09-18 10:12:05,48.18,7473,48.19,D
sh688297,中无人机,2025-09-18 10:12:08,48.21,10600,48.18,U
sh688297,中无人机,2025-09-18 10:12:35,48.21,4721,48.2,U
sh688297,中无人机,2025-09-18 10:12:50,48.21,6330,48.2,U
sh688297,中无人机,2025-09-18 10:13:14,48.22,16431,48.19,U
sh688297,中无人机,2025-09-18 10:13:17,48.23,9509,48.22,U
sh688297,中无人机,2025-09-18 10:13:20,48.24,8900,48.23,U
sh688297,中无人机,2025-09-18 10:13:26,48.25,14842,48.24,U
sh688297,中无人机,2025-09-18 10:13:29,48.25,8849,48.25,U
sh688297,中无人机,2025-09-18 10:13:35,48.26,9261,48.25,U
sh688297,中无人机,2025-09-18 10:13:41,48.25,4333,48.25,U
sh688297,中无人机,2025-09-18 10:13:50,48.24,28351,48.25,D
sh688297,中无人机,2025-09-18 10:14:23,48.23,8046,48.23,D
sh688297,中无人机,2025-09-18 10:14:29,48.24,4196,48.23,U
sh688297,中无人机,2025-09-18 10:14:59,48.23,13862,48.24,D
sh688297,中无人机,2025-09-18 10:15:41,48.22,6855,48.22,U
sh688297,中无人机,2025-09-18 10:15:47,48.23,7400,48.22,U
sh688297,中无人机,2025-09-18 10:15:53,48.23,9801,48.22,U
sh688297,中无人机,2025-09-18 10:16:02,48.24,5276,48.23,U
sh688297,中无人机,2025-09-18 10:16:29,48.23,6800,48.23,U
sh688297,中无人机,2025-09-18 10:16:35,48.23,7227,48.21,U
sh688297,中无人机,2025-09-18 10:16:44,48.21,4969,48.22,D
sh688297,中无人机,2025-09-18 10:17:05,48.21,4956,48.21,D
sh688297,中无人机,2025-09-18 10:17:29,48.21,5517,48.18,U
sh688297,中无人机,2025-09-18 10:17:32,48.28,93383,48.21,U
sh688297,中无人机,2025-09-18 10:17:35,48.29,77820,48.28,U
sh688297,中无人机,2025-09-18 10:17:38,48.3,20376,48.29,U
sh688297,中无人机,2025-09-18 10:17:59,48.31,10300,48.31,D
sh688297,中无人机,2025-09-18 10:18:29,48.4,4801,48.39,U
sh688297,中无人机,2025-09-18 10:18:47,48.41,27421,48.4,E
sh688297,中无人机,2025-09-18 10:18:50,48.41,4848,48.41,D
sh688297,中无人机,2025-09-18 10:18:53,48.41,7974,48.41,D
sh688297,中无人机,2025-09-18 10:18:56,48.42,6162,48.41,U
sh688297,中无人机,2025-09-18 10:19:08,48.44,11782,48.45,D
sh688297,中无人机,2025-09-18 10:19:11,48.44,8727,48.44,D
sh688297,中无人机,2025-09-18 10:19:14,48.42,16837,48.44,D
sh688297,中无人机,2025-09-18 10:19:17,48.45,4791,48.42,U
sh688297,中无人机,2025-09-18 10:19:23,48.36,43351,48.4,D
sh688297,中无人机,2025-09-18 10:19:38,48.35,11719,48.32,U
sh688297,中无人机,2025-09-18 10:20:38,48.4,7503,48.41,D
sh688297,中无人机,2025-09-18 10:20:41,48.39,17746,48.4,D
sh688297,中无人机,2025-09-18 10:21:50,48.38,6357,48.38,D
sh688297,中无人机,2025-09-18 10:22:08,48.36,4852,48.36,D
sh688297,中无人机,2025-09-18 10:22:59,48.36,9595,48.36,U
sh688297,中无人机,2025-09-18 10:23:08,48.4,24574,48.36,U
sh688297,中无人机,2025-09-18 10:23:17,48.43,12600,48.42,U
sh688297,中无人机,2025-09-18 10:23:59,48.43,4386,48.42,U
sh688297,中无人机,2025-09-18 10:24:02,48.39,11633,48.43,D
sh688297,中无人机,2025-09-18 10:24:11,48.4,19575,48.39,U
sh688297,中无人机,2025-09-18 10:25:11,48.43,5180,48.42,U
sh688297,中无人机,2025-09-18 10:25:20,48.44,12880,48.43,U
sh688297,中无人机,2025-09-18 10:25:23,48.43,5785,48.44,D
sh688297,中无人机,2025-09-18 10:25:35,48.45,9736,48.44,U
sh688297,中无人机,2025-09-18 10:25:38,48.46,8774,48.45,U
sh688297,中无人机,2025-09-18 10:25:53,48.47,6320,48.47,D
sh688297,中无人机,2025-09-18 10:26:05,48.49,4156,48.48,U
sh688297,中无人机,2025-09-18 10:26:08,48.5,13243,48.49,U
sh688297,中无人机,2025-09-18 10:26:14,48.5,6334,48.5,U
sh688297,中无人机,2025-09-18 10:26:23,48.49,5524,48.5,D
sh688297,中无人机,2025-09-18 10:26:41,48.5,15754,48.49,U
sh688297,中无人机,2025-09-18 10:26:56,48.48,6533,48.49,D
sh688297,中无人机,2025-09-18 10:27:05,48.47,6070,48.48,D
sh688297,中无人机,2025-09-18 10:27:11,48.48,6000,48.46,U
sh688297,中无人机,2025-09-18 10:27:20,48.4,30686,48.46,D
sh688297,中无人机,2025-09-18 10:28:02,48.35,10100,48.36,D
sh688297,中无人机,2025-09-18 10:28:14,48.35,4500,48.35,D
sh688297,中无人机,2025-09-18 10:28:29,48.34,24631,48.36,D
sh688297,中无人机,2025-09-18 10:28:50,48.34,5616,48.33,U
sh688297,中无人机,2025-09-18 10:29:05,48.3,7139,48.3,U
sh688297,中无人机,2025-09-18 10:29:23,48.3,11200,48.29,U
sh688297,中无人机,2025-09-18 10:29:26,48.28,4533,48.3,E
sh688297,中无人机,2025-09-18 10:29:29,48.32,14665,48.28,U
sh688297,中无人机,2025-09-18 10:29:32,48.32,6212,48.32,U
sh688297,中无人机,2025-09-18 10:30:44,48.34,6466,48.35,D
sh688297,中无人机,2025-09-18 10:30:47,48.35,18240,48.34,U
sh688297,中无人机,2025-09-18 10:30:50,48.36,8191,48.35,U
sh688297,中无人机,2025-09-18 10:31:53,48.32,7319,48.31,U
sh688297,中无人机,2025-09-18 10:32:20,48.32,4162,48.32,U
sh688297,中无人机,2025-09-18 10:32:38,48.31,10007,48.32,D
sh688297,中无人机,2025-09-18 10:32:41,48.31,4198,48.31,D
sh688297,中无人机,2025-09-18 10:32:44,48.31,6433,48.31,D
sh688297,中无人机,2025-09-18 10:33:05,48.3,10401,48.3,D
sh688297,中无人机,2025-09-18 10:33:47,48.25,14588,48.26,D
sh688297,中无人机,2025-09-18 10:33:59,48.25,5985,48.25,D
sh688297,中无人机,2025-09-18 10:34:08,48.25,11600,48.27,D
sh688297,中无人机,2025-09-18 10:35:08,48.27,28072,48.24,U
sh688297,中无人机,2025-09-18 10:35:11,48.31,6156,48.27,U
sh688297,中无人机,2025-09-18 10:35:14,48.34,8137,48.31,U
sh688297,中无人机,2025-09-18 10:35:17,48.34,6225,48.34,U
sh688297,中无人机,2025-09-18 10:36:41,48.38,7078,48.36,U
sh688297,中无人机,2025-09-18 10:36:47,48.4,15958,48.38,U
sh688297,中无人机,2025-09-18 10:37:05,48.36,8202,48.42,D
sh688297,中无人机,2025-09-18 10:38:02,48.31,4767,48.32,D
sh688297,中无人机,2025-09-18 10:38:17,48.29,5632,48.29,U
sh688297,中无人机,2025-09-18 10:38:32,48.45,36446,48.35,U
sh688297,中无人机,2025-09-18 10:39:14,48.46,5413,48.46,D
sh688297,中无人机,2025-09-18 10:39:17,48.46,4700,48.46,D
sh688297,中无人机,2025-09-18 10:39:20,48.48,10284,48.46,U
sh688297,中无人机,2025-09-18 10:39:23,48.48,7608,48.48,U
sh688297,中无人机,2025-09-18 10:39:26,48.47,7485,48.48,D
sh688297,中无人机,2025-09-18 10:39:29,48.47,9704,48.47,D
sh688297,中无人机,2025-09-18 10:39:35,48.47,6487,48.48,D
sh688297,中无人机,2025-09-18 10:40:38,48.5,127604,48.48,U
sh688297,中无人机,2025-09-18 10:40:41,48.54,24795,48.5,U
sh688297,中无人机,2025-09-18 10:40:53,48.58,19874,48.56,U
sh688297,中无人机,2025-09-18 10:40:59,48.56,4845,48.58,D
sh688297,中无人机,2025-09-18 10:41:05,48.58,6515,48.58,U
sh688297,中无人机,2025-09-18 10:41:17,48.56,5276,48.58,D
sh688297,中无人机,2025-09-18 10:41:32,48.61,24864,48.59,U
sh688297,中无人机,2025-09-18 10:41:50,48.64,5600,48.64,D
sh688297,中无人机,2025-09-18 10:42:14,48.68,19323,48.68,D
sh688297,中无人机,2025-09-18 10:42:32,48.7,13627,48.68,U
sh688297,中无人机,2025-09-18 10:42:38,48.7,8380,48.69,U
sh688297,中无人机,2025-09-18 10:42:44,48.69,6325,48.7,D
sh688297,中无人机,2025-09-18 10:42:50,48.72,20742,48.71,U
sh688297,中无人机,2025-09-18 10:42:56,48.72,4864,48.72,D
sh688297,中无人机,2025-09-18 10:43:11,48.75,4400,48.75,D
sh688297,中无人机,2025-09-18 10:43:20,48.77,4311,48.77,U
sh688297,中无人机,2025-09-18 10:43:23,48.74,18833,48.77,D
sh688297,中无人机,2025-09-18 10:43:26,48.76,19552,48.74,U
sh688297,中无人机,2025-09-18 10:43:50,48.71,4313,48.72,D
sh688297,中无人机,2025-09-18 10:44:20,48.63,7209,48.63,D
sh688297,中无人机,2025-09-18 10:44:41,48.59,4200,48.6,E
sh688297,中无人机,2025-09-18 10:45:17,48.61,10776,48.59,U
sh688297,中无人机,2025-09-18 10:45:29,48.59,16687,48.61,D
sh688297,中无人机,2025-09-18 10:45:35,48.58,5200,48.56,U
sh688297,中无人机,2025-09-18 10:46:23,48.58,5665,48.58,D
sh688297,中无人机,2025-09-18 10:46:53,48.6,4259,48.6,U
sh688297,中无人机,2025-09-18 10:47:02,48.58,14748,48.6,D
sh688297,中无人机,2025-09-18 10:47:05,48.57,7720,48.58,D
sh688297,中无人机,2025-09-18 10:47:08,48.6,7572,48.57,U
sh688297,中无人机,2025-09-18 10:47:17,48.57,6621,48.57,D
sh688297,中无人机,2025-09-18 10:48:05,48.54,9408,48.55,D
sh688297,中无人机,2025-09-18 10:48:08,48.53,8690,48.54,D
sh688297,中无人机,2025-09-18 10:52:20,48.55,14136,48.55,D
sh688297,中无人机,2025-09-18 10:53:05,48.55,5899,48.55,D
sh688297,中无人机,2025-09-18 10:53:47,48.56,10000,48.54,U
sh688297,中无人机,2025-09-18 10:54:53,48.6,4540,48.6,U
sh688297,中无人机,2025-09-18 10:55:26,48.58,4390,48.57,U
sh688297,中无人机,2025-09-18 10:55:35,48.56,9000,48.56,D
sh688297,中无人机,2025-09-18 10:57:11,48.56,10200,48.53,U
sh688297,中无人机,2025-09-18 10:57:59,48.53,9082,48.55,D
sh688297,中无人机,2025-09-18 10:58:02,48.56,10200,48.53,U
sh688297,中无人机,2025-09-18 10:58:23,48.45,45798,48.56,D
sh688297,中无人机,2025-09-18 10:58:32,48.44,8265,48.46,D
sh688297,中无人机,2025-09-18 10:59:14,48.48,7303,48.45,U
sh688297,中无人机,2025-09-18 10:59:59,48.58,15000,48.52,U
sh688297,中无人机,2025-09-18 11:01:11,48.5,4656,48.53,D
sh688297,中无人机,2025-09-18 11:01:20,48.45,5000,48.51,D
sh688297,中无人机,2025-09-18 11:01:47,48.53,8418,48.53,U
sh688297,中无人机,2025-09-18 11:02:08,48.59,6716,48.53,U
sh688297,中无人机,2025-09-18 11:02:38,48.58,5480,48.59,D
sh688297,中无人机,2025-09-18 11:02:53,48.5,30295,48.54,D
sh688297,中无人机,2025-09-18 11:04:11,48.48,10619,48.5,D
sh688297,中无人机,2025-09-18 11:04:32,48.5,5212,48.45,U
sh688297,中无人机,2025-09-18 11:04:41,48.42,6903,48.45,D
sh688297,中无人机,2025-09-18 11:05:32,48.4,12372,48.42,D
sh688297,中无人机,2025-09-18 11:06:02,48.4,7841,48.4,U
sh688297,中无人机,2025-09-18 11:06:05,48.4,5405,48.4,U
sh688297,中无人机,2025-09-18 11:09:20,48.4,6544,48.4,D
sh688297,中无人机,2025-09-18 11:09:44,48.45,7024,48.39,U
sh688297,中无人机,2025-09-18 11:10:23,48.34,9023,48.37,D
sh688297,中无人机,2025-09-18 11:10:29,48.35,4300,48.35,U
sh688297,中无人机,2025-09-18 11:11:08,48.33,8329,48.3,U
sh688297,中无人机,2025-09-18 11:11:11,48.28,5000,48.33,D
sh688297,中无人机,2025-09-18 11:11:17,48.26,7015,48.28,D
sh688297,中无人机,2025-09-18 11:11:20,48.28,4300,48.26,U
sh688297,中无人机,2025-09-18 11:11:38,48.26,6997,48.25,U
sh688297,中无人机,2025-09-18 11:14:53,48.39,6093,48.39,D
sh688297,中无人机,2025-09-18 11:16:29,48.39,4900,48.35,U
sh688297,中无人机,2025-09-18 11:16:59,48.4,6000,48.39,U
sh688297,中无人机,2025-09-18 11:18:08,48.41,5617,48.39,U
sh688297,中无人机,2025-09-18 11:20:05,48.41,4640,48.4,U
sh688297,中无人机,2025-09-18 11:20:17,48.42,4286,48.42,U
sh688297,中无人机,2025-09-18 11:20:20,48.41,10192,48.42,D
sh688297,中无人机,2025-09-18 11:21:02,48.45,12376,48.43,U
sh688297,中无人机,2025-09-18 11:21:35,48.48,18190,48.44,U
sh688297,中无人机,2025-09-18 11:24:05,48.49,4568,48.5,D
sh688297,中无人机,2025-09-18 11:24:20,48.48,5000,48.49,D
sh688297,中无人机,2025-09-18 11:24:23,48.5,11866,48.48,U
sh688297,中无人机,2025-09-18 11:24:41,48.5,5200,48.5,D
sh688297,中无人机,2025-09-18 11:24:47,48.48,5034,48.5,D
sh688297,中无人机,2025-09-18 11:28:20,48.55,10149,48.57,D
sh688297,中无人机,2025-09-18 11:28:26,48.57,6764,48.55,U
sh688297,中无人机,2025-09-18 11:28:50,48.57,8154,48.57,U
sh688297,中无人机,2025-09-18 11:28:53,48.56,5286,48.57,D
sh688297,中无人机,2025-09-18 11:29:56,48.61,7965,48.6,U
sh688297,中无人机,2025-09-18 11:29:59,48.6,4956,48.61,D
sh688297,中无人机,2025-09-18 11:30:00,48.61,5241,48.6,U
sh688297,中无人机,2025-09-18 13:00:05,48.62,17401,48.61,U
sh688297,中无人机,2025-09-18 13:00:14,48.63,10350,48.65,D
sh688297,中无人机,2025-09-18 13:00:17,48.64,7140,48.63,D
sh688297,中无人机,2025-09-18 13:01:29,48.65,6483,48.65,D
sh688297,中无人机,2025-09-18 13:01:41,48.63,5888,48.63,D
sh688297,中无人机,2025-09-18 13:01:47,48.63,6671,48.63,D
sh688297,中无人机,2025-09-18 13:01:50,48.6,23808,48.63,D
sh688297,中无人机,2025-09-18 13:02:53,48.58,10893,48.6,D
sh688297,中无人机,2025-09-18 13:03:35,48.58,4828,48.59,D
sh688297,中无人机,2025-09-18 13:03:41,48.63,15153,48.6,U
sh688297,中无人机,2025-09-18 13:05:38,48.6,8052,48.62,D
sh688297,中无人机,2025-09-18 13:05:56,48.6,4200,48.59,U
sh688297,中无人机,2025-09-18 13:06:35,48.55,6833,48.54,U
sh688297,中无人机,2025-09-18 13:08:41,48.6,21315,48.54,U
sh688297,中无人机,2025-09-18 13:09:05,48.6,4366,48.58,U
sh688297,中无人机,2025-09-18 13:10:23,48.5,4173,48.5,D
sh688297,中无人机,2025-09-18 13:11:59,48.44,4330,48.43,U
sh688297,中无人机,2025-09-18 13:12:47,48.44,6659,48.45,D
sh688297,中无人机,2025-09-18 13:13:44,48.47,6531,48.46,U
sh688297,中无人机,2025-09-18 13:13:56,48.47,4231,48.47,U
sh688297,中无人机,2025-09-18 13:14:11,48.47,10255,48.45,U
sh688297,中无人机,2025-09-18 13:14:41,48.47,9653,48.47,U
sh688297,中无人机,2025-09-18 13:16:05,48.45,4919,48.43,U
sh688297,中无人机,2025-09-18 13:16:41,48.45,9078,48.47,D
sh688297,中无人机,2025-09-18 13:17:20,48.42,8739,48.46,D
sh688297,中无人机,2025-09-18 13:17:47,48.4,10000,48.41,D
sh688297,中无人机,2025-09-18 13:18:29,48.35,12275,48.38,D
sh688297,中无人机,2025-09-18 13:20:08,48.28,5347,48.32,D
sh688297,中无人机,2025-09-18 13:20:20,48.23,6940,48.26,D
sh688297,中无人机,2025-09-18 13:20:23,48.22,7009,48.23,D
sh688297,中无人机,2025-09-18 13:20:38,48.22,8707,48.22,D
sh688297,中无人机,2025-09-18 13:20:44,48.22,6053,48.25,D
sh688297,中无人机,2025-09-18 13:20:59,48.22,8169,48.22,U
sh688297,中无人机,2025-09-18 13:21:08,48.21,11000,48.22,E
sh688297,中无人机,2025-09-18 13:21:20,48.17,25426,48.21,D
sh688297,中无人机,2025-09-18 13:21:32,48.2,4206,48.16,E
sh688297,中无人机,2025-09-18 13:21:35,48.16,6494,48.2,D
sh688297,中无人机,2025-09-18 13:21:53,48.16,12620,48.21,D
sh688297,中无人机,2025-09-18 13:22:53,48.2,4574,48.22,D
sh688297,中无人机,2025-09-18 13:23:41,48.21,6200,48.22,D
sh688297,中无人机,2025-09-18 13:24:02,48.13,31506,48.21,D
sh688297,中无人机,2025-09-18 13:24:23,48.2,6074,48.15,U
sh688297,中无人机,2025-09-18 13:25:02,48.08,40200,48.15,D
sh688297,中无人机,2025-09-18 13:25:23,48.03,5320,48.03,D
sh688297,中无人机,2025-09-18 13:25:50,48.03,6416,48.04,D
sh688297,中无人机,2025-09-18 13:26:11,48.04,5608,48.04,D
sh688297,中无人机,2025-09-18 13:26:20,48.04,5828,48.04,U
sh688297,中无人机,2025-09-18 13:26:23,48.03,6889,48.04,D
sh688297,中无人机,2025-09-18 13:27:11,48.05,8334,48.06,D
sh688297,中无人机,2025-09-18 13:27:17,48.01,41467,48.03,D
sh688297,中无人机,2025-09-18 13:28:08,48.05,4403,48.05,U
sh688297,中无人机,2025-09-18 13:29:26,48.06,9135,48.05,U
sh688297,中无人机,2025-09-18 13:29:29,48.07,4678,48.06,U
sh688297,中无人机,2025-09-18 13:30:02,48.1,8573,48.11,D
sh688297,中无人机,2025-09-18 13:30:41,48.11,5997,48.11,U
sh688297,中无人机,2025-09-18 13:30:59,48.11,7755,48.15,D
sh688297,中无人机,2025-09-18 13:31:41,48.11,4194,48.14,D
sh688297,中无人机,2025-09-18 13:32:11,48.09,25829,48.14,D
sh688297,中无人机,2025-09-18 13:32:23,48.07,5008,48.05,U
sh688297,中无人机,2025-09-18 13:33:53,48.03,4200,48.04,D
sh688297,中无人机,2025-09-18 13:34:38,48.08,12674,48.05,U
sh688297,中无人机,2025-09-18 13:35:14,48.02,10000,48.02,D
sh688297,中无人机,2025-09-18 13:35:20,48.02,5466,48.02,D
sh688297,中无人机,2025-09-18 13:35:29,48.02,10434,48.02,U
sh688297,中无人机,2025-09-18 13:36:47,48.04,4705,48.04,U
sh688297,中无人机,2025-09-18 13:36:59,48.08,10782,48.04,U
sh688297,中无人机,2025-09-18 13:37:50,48.08,7620,48.1,D
sh688297,中无人机,2025-09-18 13:38:32,48.06,10470,48.06,D
sh688297,中无人机,2025-09-18 13:38:50,48.11,5000,48.04,U
sh688297,中无人机,2025-09-18 13:38:53,48.0,125878,48.11,D
sh688297,中无人机,2025-09-18 13:38:56,48.0,24224,48.0,D
sh688297,中无人机,2025-09-18 13:42:53,48.0,9337,48.0,D
sh688297,中无人机,2025-09-18 13:43:32,47.98,6000,48.0,D
sh688297,中无人机,2025-09-18 13:44:17,47.96,4346,47.96,D
sh688297,中无人机,2025-09-18 13:44:23,47.93,14612,47.95,D
sh688297,中无人机,2025-09-18 13:44:32,47.92,4990,47.92,D
sh688297,中无人机,2025-09-18 13:44:44,47.9,10000,47.9,D
sh688297,中无人机,2025-09-18 13:45:05,47.9,8724,47.9,D
sh688297,中无人机,2025-09-18 13:45:11,47.86,21000,47.9,D
sh688297,中无人机,2025-09-18 13:45:23,47.85,4210,47.85,D
sh688297,中无人机,2025-09-18 13:45:26,47.85,4603,47.85,D
sh688297,中无人机,2025-09-18 13:45:59,47.83,5543,47.84,D
sh688297,中无人机,2025-09-18 13:46:05,47.83,15388,47.83,U
sh688297,中无人机,2025-09-18 13:46:41,47.8,13291,47.8,D
sh688297,中无人机,2025-09-18 13:46:44,47.77,15500,47.8,D
sh688297,中无人机,2025-09-18 13:47:17,47.76,5960,47.77,D
sh688297,中无人机,2025-09-18 13:47:20,47.75,15914,47.76,D
sh688297,中无人机,2025-09-18 13:47:29,47.73,5860,47.75,D
sh688297,中无人机,2025-09-18 13:47:41,47.75,4293,47.73,U
sh688297,中无人机,2025-09-18 13:47:53,47.77,4695,47.78,D
sh688297,中无人机,2025-09-18 13:48:02,47.77,5600,47.78,D
sh688297,中无人机,2025-09-18 13:48:08,47.9,21677,47.81,U
sh688297,中无人机,2025-09-18 13:49:44,47.9,10336,47.9,D
sh688297,中无人机,2025-09-18 13:50:14,47.9,10621,47.89,U
sh688297,中无人机,2025-09-18 13:52:35,48.02,6456,48.03,D
sh688297,中无人机,2025-09-18 13:53:53,48.0,14035,47.97,U
sh688297,中无人机,2025-09-18 13:54:08,47.95,9943,48.02,D
sh688297,中无人机,2025-09-18 13:54:11,47.95,4405,47.95,D
sh688297,中无人机,2025-09-18 13:55:50,47.86,10597,47.86,D
sh688297,中无人机,2025-09-18 13:56:17,47.9,4978,47.88,U
sh688297,中无人机,2025-09-18 13:56:26,47.93,10200,47.93,D
sh688297,中无人机,2025-09-18 13:58:38,47.8,18089,47.8,U
sh688297,中无人机,2025-09-18 13:58:41,47.82,11400,47.8,U
sh688297,中无人机,2025-09-18 13:59:20,47.82,5200,47.79,U
sh688297,中无人机,2025-09-18 13:59:44,47.8,6078,47.78,U
sh688297,中无人机,2025-09-18 13:59:56,47.8,5109,47.8,D
sh688297,中无人机,2025-09-18 14:00:08,47.82,23339,47.78,U
sh688297,中无人机,2025-09-18 14:00:29,47.75,11000,47.81,D
sh688297,中无人机,2025-09-18 14:00:38,47.81,4595,47.78,U
sh688297,中无人机,2025-09-18 14:01:05,47.76,5237,47.76,U
sh688297,中无人机,2025-09-18 14:01:20,47.76,6149,47.76,U
sh688297,中无人机,2025-09-18 14:01:47,47.77,4529,47.76,D
sh688297,中无人机,2025-09-18 14:02:59,47.75,20400,47.82,D
sh688297,中无人机,2025-09-18 14:03:08,47.75,4202,47.8,D
sh688297,中无人机,2025-09-18 14:03:17,47.83,13183,47.75,U
sh688297,中无人机,2025-09-18 14:03:20,47.87,6844,47.83,U
sh688297,中无人机,2025-09-18 14:03:23,47.9,6740,47.87,U
sh688297,中无人机,2025-09-18 14:03:35,47.9,4388,47.9,D
sh688297,中无人机,2025-09-18 14:04:05,47.8,14127,47.8,D
sh688297,中无人机,2025-09-18 14:04:44,47.72,4331,47.72,E
sh688297,中无人机,2025-09-18 14:04:59,47.7,15126,47.78,D
sh688297,中无人机,2025-09-18 14:05:20,47.7,4252,47.72,D
sh688297,中无人机,2025-09-18 14:05:29,47.69,8879,47.7,D
sh688297,中无人机,2025-09-18 14:06:08,47.69,7700,47.69,U
sh688297,中无人机,2025-09-18 14:06:17,47.69,5295,47.69,D
sh688297,中无人机,2025-09-18 14:06:41,47.66,14287,47.68,D
sh688297,中无人机,2025-09-18 14:07:02,47.58,14184,47.62,D
sh688297,中无人机,2025-09-18 14:07:56,47.51,5099,47.51,D
sh688297,中无人机,2025-09-18 14:08:02,47.5,41802,47.51,D
sh688297,中无人机,2025-09-18 14:08:14,47.47,5893,47.48,D
sh688297,中无人机,2025-09-18 14:08:26,47.47,17835,47.51,D
sh688297,中无人机,2025-09-18 14:08:32,47.47,7188,47.51,D
sh688297,中无人机,2025-09-18 14:08:53,47.55,8342,47.56,E
sh688297,中无人机,2025-09-18 14:09:11,47.55,9549,47.57,D
sh688297,中无人机,2025-09-18 14:10:23,47.5,7855,47.51,D
sh688297,中无人机,2025-09-18 14:10:41,47.54,11308,47.5,U
sh688297,中无人机,2025-09-18 14:11:26,47.46,11085,47.48,D
sh688297,中无人机,2025-09-18 14:11:29,47.45,8509,47.46,D
sh688297,中无人机,2025-09-18 14:11:50,47.4,15536,47.41,D
sh688297,中无人机,2025-09-18 14:11:53,47.36,7569,47.4,D
sh688297,中无人机,2025-09-18 14:12:08,47.3,11860,47.31,D
sh688297,中无人机,2025-09-18 14:12:20,47.25,6892,47.27,D
sh688297,中无人机,2025-09-18 14:12:26,47.3,5617,47.26,U
sh688297,中无人机,2025-09-18 14:12:32,47.29,5937,47.31,E
sh688297,中无人机,2025-09-18 14:12:56,47.29,5102,47.31,D
sh688297,中无人机,2025-09-18 14:13:41,47.29,5049,47.29,D
sh688297,中无人机,2025-09-18 14:13:50,47.3,5456,47.33,D
sh688297,中无人机,2025-09-18 14:13:59,47.42,24449,47.33,U
sh688297,中无人机,2025-09-18 14:14:14,47.42,5752,47.42,D
sh688297,中无人机,2025-09-18 14:14:50,47.37,6800,47.35,U
sh688297,中无人机,2025-09-18 14:15:35,47.34,7442,47.35,D
sh688297,中无人机,2025-09-18 14:15:56,47.35,6117,47.33,U
sh688297,中无人机,2025-09-18 14:16:20,47.38,10210,47.35,U
sh688297,中无人机,2025-09-18 14:16:41,47.39,17231,47.41,D
sh688297,中无人机,2025-09-18 14:16:53,47.41,6805,47.41,U
sh688297,中无人机,2025-09-18 14:16:56,47.44,14481,47.41,U
sh688297,中无人机,2025-09-18 14:17:20,47.45,5031,47.45,U
sh688297,中无人机,2025-09-18 14:17:23,47.42,12592,47.45,D
sh688297,中无人机,2025-09-18 14:17:41,47.45,4350,47.43,U
sh688297,中无人机,2025-09-18 14:17:44,47.45,5070,47.45,U
sh688297,中无人机,2025-09-18 14:17:53,47.41,5529,47.44,D
sh688297,中无人机,2025-09-18 14:18:44,47.44,11271,47.44,E
sh688297,中无人机,2025-09-18 14:19:17,47.45,17581,47.46,D
sh688297,中无人机,2025-09-18 14:19:41,47.49,5917,47.47,U
sh688297,中无人机,2025-09-18 14:19:50,47.47,17441,47.49,D
sh688297,中无人机,2025-09-18 14:20:02,47.48,7925,47.49,D
sh688297,中无人机,2025-09-18 14:20:08,47.47,17539,47.48,D
sh688297,中无人机,2025-09-18 14:20:20,47.43,27239,47.46,D
sh688297,中无人机,2025-09-18 14:20:56,47.42,5503,47.42,D
sh688297,中无人机,2025-09-18 14:22:41,47.49,10666,47.45,U
sh688297,中无人机,2025-09-18 14:22:47,47.59,12783,47.5,U
sh688297,中无人机,2025-09-18 14:24:44,47.42,8848,47.46,D
sh688297,中无人机,2025-09-18 14:26:02,47.42,6715,47.44,D
sh688297,中无人机,2025-09-18 14:26:05,47.44,5800,47.42,U
sh688297,中无人机,2025-09-18 14:26:20,47.4,15579,47.42,D
sh688297,中无人机,2025-09-18 14:27:32,47.35,4758,47.36,D
sh688297,中无人机,2025-09-18 14:27:50,47.32,4384,47.33,D
sh688297,中无人机,2025-09-18 14:28:02,47.3,8448,47.31,D
sh688297,中无人机,2025-09-18 14:28:26,47.33,12696,47.31,U
sh688297,中无人机,2025-09-18 14:29:38,47.35,4349,47.35,D
sh688297,中无人机,2025-09-18 14:30:11,47.3,4306,47.32,D
sh688297,中无人机,2025-09-18 14:30:56,47.29,6178,47.3,D
sh688297,中无人机,2025-09-18 14:31:20,47.29,5245,47.31,D
sh688297,中无人机,2025-09-18 14:31:23,47.3,4400,47.29,U
sh688297,中无人机,2025-09-18 14:31:32,47.31,8202,47.3,U
sh688297,中无人机,2025-09-18 14:32:05,47.36,4727,47.35,U
sh688297,中无人机,2025-09-18 14:32:23,47.32,8557,47.43,D
sh688297,中无人机,2025-09-18 14:32:47,47.41,6836,47.4,D
sh688297,中无人机,2025-09-18 14:32:50,47.39,7452,47.41,D
sh688297,中无人机,2025-09-18 14:32:53,47.39,5400,47.39,U
sh688297,中无人机,2025-09-18 14:33:23,47.32,6699,47.34,D
sh688297,中无人机,2025-09-18 14:33:38,47.3,5907,47.31,D
sh688297,中无人机,2025-09-18 14:34:20,47.28,4381,47.27,U
sh688297,中无人机,2025-09-18 14:34:23,47.28,5247,47.28,U
sh688297,中无人机,2025-09-18 14:34:56,47.25,6800,47.25,D
sh688297,中无人机,2025-09-18 14:35:02,47.25,5507,47.25,U
sh688297,中无人机,2025-09-18 14:35:29,47.24,5100,47.25,D
sh688297,中无人机,2025-09-18 14:35:50,47.21,5209,47.24,D
sh688297,中无人机,2025-09-18 14:35:56,47.18,18199,47.2,D
sh688297,中无人机,2025-09-18 14:35:59,47.19,5082,47.18,E
sh688297,中无人机,2025-09-18 14:36:38,47.15,4277,47.15,D
sh688297,中无人机,2025-09-18 14:37:05,47.12,5119,47.13,D
sh688297,中无人机,2025-09-18 14:37:08,47.13,5048,47.12,U
sh688297,中无人机,2025-09-18 14:37:23,47.08,6591,47.12,D
sh688297,中无人机,2025-09-18 14:37:35,47.06,9790,47.11,D
sh688297,中无人机,2025-09-18 14:37:38,47.01,34565,47.06,D
sh688297,中无人机,2025-09-18 14:37:44,47.01,4482,47.07,D
sh688297,中无人机,2025-09-18 14:37:50,47.01,7028,47.01,D
sh688297,中无人机,2025-09-18 14:38:02,47.01,6782,47.02,D
sh688297,中无人机,2025-09-18 14:38:08,47.03,4345,47.01,U
sh688297,中无人机,2025-09-18 14:38:11,47.0,5826,47.03,D
sh688297,中无人机,2025-09-18 14:38:14,47.01,10990,47.0,U
sh688297,中无人机,2025-09-18 14:38:20,47.0,5337,47.01,D
sh688297,中无人机,2025-09-18 14:38:26,47.01,4535,47.01,U
sh688297,中无人机,2025-09-18 14:38:29,47.01,11293,47.01,U
sh688297,中无人机,2025-09-18 14:38:32,47.07,9676,47.01,U
sh688297,中无人机,2025-09-18 14:39:29,47.02,7217,47.03,D
sh688297,中无人机,2025-09-18 14:39:32,47.02,5433,47.02,D
sh688297,中无人机,2025-09-18 14:40:02,47.0,17000,47.0,D
sh688297,中无人机,2025-09-18 14:40:05,46.97,8110,47.0,D
sh688297,中无人机,2025-09-18 14:40:14,46.96,6124,46.97,E
sh688297,中无人机,2025-09-18 14:40:32,46.88,5400,46.9,D
sh688297,中无人机,2025-09-18 14:40:35,46.86,5437,46.88,D
sh688297,中无人机,2025-09-18 14:40:47,46.82,9283,46.86,D
sh688297,中无人机,2025-09-18 14:40:50,46.8,7133,46.82,D
sh688297,中无人机,2025-09-18 14:40:53,46.8,5002,46.8,D
sh688297,中无人机,2025-09-18 14:40:59,46.84,4492,46.81,U
sh688297,中无人机,2025-09-18 14:41:05,46.82,4500,46.85,D
sh688297,中无人机,2025-09-18 14:41:14,46.86,5148,46.84,U
sh688297,中无人机,2025-09-18 14:41:17,46.86,6493,46.86,U
sh688297,中无人机,2025-09-18 14:41:44,46.81,7450,46.82,D
sh688297,中无人机,2025-09-18 14:41:47,46.83,4869,46.81,U
sh688297,中无人机,2025-09-18 14:41:56,46.81,5536,46.81,D
sh688297,中无人机,2025-09-18 14:41:59,46.81,6200,46.81,U
sh688297,中无人机,2025-09-18 14:42:02,46.8,4600,46.81,D
sh688297,中无人机,2025-09-18 14:42:05,46.8,4397,46.8,D
sh688297,中无人机,2025-09-18 14:42:14,46.8,4400,46.8,U
sh688297,中无人机,2025-09-18 14:42:26,46.81,7199,46.79,U
sh688297,中无人机,2025-09-18 14:42:29,46.79,6761,46.81,D
sh688297,中无人机,2025-09-18 14:43:02,46.78,5818,46.78,U
sh688297,中无人机,2025-09-18 14:43:08,46.77,8878,46.77,D
sh688297,中无人机,2025-09-18 14:43:17,46.81,5724,46.79,U
sh688297,中无人机,2025-09-18 14:43:20,46.81,34448,46.81,U
sh688297,中无人机,2025-09-18 14:43:23,46.83,11475,46.81,U
sh688297,中无人机,2025-09-18 14:43:50,46.81,13886,46.84,D
sh688297,中无人机,2025-09-18 14:44:17,46.88,5716,46.88,U
sh688297,中无人机,2025-09-18 14:44:20,46.88,9748,46.88,U
sh688297,中无人机,2025-09-18 14:44:23,46.87,10132,46.88,D
sh688297,中无人机,2025-09-18 14:45:11,46.96,6700,46.96,U
sh688297,中无人机,2025-09-18 14:45:23,46.96,30457,46.97,D
sh688297,中无人机,2025-09-18 14:45:47,46.96,17039,46.94,E
sh688297,中无人机,2025-09-18 14:46:35,46.97,6808,46.96,U
sh688297,中无人机,2025-09-18 14:46:41,46.96,5654,46.96,D
sh688297,中无人机,2025-09-18 14:46:47,46.94,5600,46.94,U
sh688297,中无人机,2025-09-18 14:46:59,46.94,6718,46.94,U
sh688297,中无人机,2025-09-18 14:47:11,46.92,24193,46.91,E
sh688297,中无人机,2025-09-18 14:47:17,46.96,15701,46.92,U
sh688297,中无人机,2025-09-18 14:47:32,46.93,8717,46.94,D
sh688297,中无人机,2025-09-18 14:47:56,46.94,4334,46.95,D
sh688297,中无人机,2025-09-18 14:48:29,46.95,32363,46.94,U
sh688297,中无人机,2025-09-18 14:48:32,46.95,5510,46.95,U
sh688297,中无人机,2025-09-18 14:48:44,46.96,4654,46.96,U
sh688297,中无人机,2025-09-18 14:48:53,47.04,12458,46.96,U
sh688297,中无人机,2025-09-18 14:49:08,47.02,6577,47.05,D
sh688297,中无人机,2025-09-18 14:49:32,46.98,18840,47.01,D
sh688297,中无人机,2025-09-18 14:49:47,46.96,10000,47.0,D
sh688297,中无人机,2025-09-18 14:49:53,47.09,4803,46.96,U
sh688297,中无人机,2025-09-18 14:50:14,47.06,6400,47.0,U
sh688297,中无人机,2025-09-18 14:50:20,47.07,10125,46.96,U
sh688297,中无人机,2025-09-18 14:50:41,47.06,7439,47.1,D
sh688297,中无人机,2025-09-18 14:50:44,47.0,7600,47.06,D
sh688297,中无人机,2025-09-18 14:50:47,47.06,20512,47.0,U
sh688297,中无人机,2025-09-18 14:50:59,47.06,8353,47.07,D
sh688297,中无人机,2025-09-18 14:51:08,47.06,9000,47.06,U
sh688297,中无人机,2025-09-18 14:51:29,47.0,9865,47.05,D
sh688297,中无人机,2025-09-18 14:52:05,47.09,5583,47.03,U
sh688297,中无人机,2025-09-18 14:52:08,47.11,6162,47.09,U
sh688297,中无人机,2025-09-18 14:52:53,47.13,16538,47.11,U
sh688297,中无人机,2025-09-18 14:53:08,47.12,9001,47.15,D
sh688297,中无人机,2025-09-18 14:53:11,47.12,7000,47.12,U
sh688297,中无人机,2025-09-18 14:54:08,47.08,15780,47.08,U
sh688297,中无人机,2025-09-18 14:54:17,47.07,6200,47.08,D
sh688297,中无人机,2025-09-18 14:54:35,47.06,7880,47.07,D
sh688297,中无人机,2025-09-18 14:55:20,47.1,28467,47.03,U
sh688297,中无人机,2025-09-18 14:55:59,47.02,15678,47.06,D
sh688297,中无人机,2025-09-18 14:56:02,47.08,15955,47.02,U
sh688297,中无人机,2025-09-18 14:56:08,47.1,4277,47.08,U
sh688297,中无人机,2025-09-18 14:56:11,47.11,5020,47.1,U
sh688297,中无人机,2025-09-18 14:56:29,47.08,4561,47.08,U
sh688297,中无人机,2025-09-18 14:56:53,47.01,5637,47.01,D
sh688297,中无人机,2025-09-18 14:56:56,47.0,19066,47.01,D
sh688297,中无人机,2025-09-18 15:00:01,47.01,87486,47.03,U
