symbol,name,ticktime,price,volume,prev_price,kind
sh688297,中无人机,2025-10-20 09:25:01,47.88,15587,0.0,U
sh688297,中无人机,2025-10-20 09:30:04,47.9,4620,47.88,U
sh688297,中无人机,2025-10-20 09:30:07,47.88,8367,47.9,E
sh688297,中无人机,2025-10-20 09:30:13,47.88,15592,47.88,U
sh688297,中无人机,2025-10-20 09:30:25,47.88,11119,47.89,D
sh688297,中无人机,2025-10-20 09:30:31,47.88,9566,47.89,D
sh688297,中无人机,2025-10-20 09:30:34,47.88,12763,47.88,D
sh688297,中无人机,2025-10-20 09:30:43,47.88,9228,47.88,U
sh688297,中无人机,2025-10-20 09:30:46,47.88,6855,47.88,U
sh688297,中无人机,2025-10-20 09:30:49,47.88,7723,47.88,D
sh688297,中无人机,2025-10-20 09:30:52,47.88,5562,47.88,U
sh688297,中无人机,2025-10-20 09:31:13,47.66,8186,47.71,D
sh688297,中无人机,2025-10-20 09:31:31,47.7,6369,47.77,D
sh688297,中无人机,2025-10-20 09:31:55,47.78,5084,47.68,U
sh688297,中无人机,2025-10-20 09:32:04,47.77,10331,47.7,U
sh688297,中无人机,2025-10-20 09:33:07,47.79,21595,47.77,U
sh688297,中无人机,2025-10-20 09:33:13,47.9,5117,47.88,U
sh688297,中无人机,2025-10-20 09:33:16,47.99,10806,47.9,U
sh688297,中无人机,2025-10-20 09:33:19,48.0,7614,47.99,U
sh688297,中无人机,2025-10-20 09:33:22,48.01,4177,48.0,D
sh688297,中无人机,2025-10-20 09:33:28,48.08,6534,48.09,E
sh688297,中无人机,2025-10-20 09:33:34,48.08,6467,48.08,U
sh688297,中无人机,2025-10-20 09:33:55,48.1,6900,48.1,D
sh688297,中无人机,2025-10-20 09:33:58,48.09,11148,48.1,D
sh688297,中无人机,2025-10-20 09:34:10,48.01,14233,48.08,D
sh688297,中无人机,2025-10-20 09:34:13,48.0,8408,48.01,D
sh688297,中无人机,2025-10-20 09:34:16,48.07,4616,48.0,U
sh688297,中无人机,2025-10-20 09:34:25,48.12,4408,48.05,U
sh688297,中无人机,2025-10-20 09:34:34,48.1,9095,48.1,D
sh688297,中无人机,2025-10-20 09:34:37,48.09,15439,48.1,E
sh688297,中无人机,2025-10-20 09:34:43,48.1,4456,48.08,U
sh688297,中无人机,2025-10-20 09:34:46,48.12,7829,48.1,U
sh688297,中无人机,2025-10-20 09:34:58,48.08,18472,48.1,D
sh688297,中无人机,2025-10-20 09:35:04,48.08,7924,48.07,U
sh688297,中无人机,2025-10-20 09:35:10,48.01,12646,48.07,D
sh688297,中无人机,2025-10-20 09:35:46,48.13,17815,48.01,U
sh688297,中无人机,2025-10-20 09:35:55,48.19,4447,48.18,U
sh688297,中无人机,2025-10-20 09:36:04,48.2,5212,48.18,U
sh688297,中无人机,2025-10-20 09:36:07,48.2,5089,48.2,U
sh688297,中无人机,2025-10-20 09:36:10,48.18,13245,48.2,D
sh688297,中无人机,2025-10-20 09:36:19,48.2,7042,48.15,U
sh688297,中无人机,2025-10-20 09:36:28,48.15,14309,48.18,D
sh688297,中无人机,2025-10-20 09:36:31,48.13,4372,48.15,D
sh688297,中无人机,2025-10-20 09:37:04,48.01,7447,48.07,D
sh688297,中无人机,2025-10-20 09:37:13,47.97,13233,48.0,D
sh688297,中无人机,2025-10-20 09:37:19,47.88,5690,47.97,D
sh688297,中无人机,2025-10-20 09:37:46,47.93,5000,47.88,U
sh688297,中无人机,2025-10-20 09:37:49,47.9,4577,47.93,E
sh688297,中无人机,2025-10-20 09:38:01,47.84,9608,47.89,D
sh688297,中无人机,2025-10-20 09:38:10,47.85,5233,47.85,U
sh688297,中无人机,2025-10-20 09:38:13,47.89,5100,47.85,U
sh688297,中无人机,2025-10-20 09:38:25,47.96,14362,47.9,U
sh688297,中无人机,2025-10-20 09:38:31,47.95,6653,47.96,D
sh688297,中无人机,2025-10-20 09:38:40,47.9,7414,47.96,D
sh688297,中无人机,2025-10-20 09:38:58,47.88,7774,47.87,U
sh688297,中无人机,2025-10-20 09:39:01,47.91,9587,47.88,U
sh688297,中无人机,2025-10-20 09:39:04,47.88,5845,47.91,D
sh688297,中无人机,2025-10-20 09:39:07,47.87,4344,47.88,D
sh688297,中无人机,2025-10-20 09:39:25,47.77,8229,47.81,D
sh688297,中无人机,2025-10-20 09:39:49,47.78,6172,47.79,D
sh688297,中无人机,2025-10-20 09:40:04,47.68,11233,47.74,D
sh688297,中无人机,2025-10-20 09:40:58,47.73,7685,47.67,U
sh688297,中无人机,2025-10-20 09:41:04,47.73,51167,47.73,U
sh688297,中无人机,2025-10-20 09:41:40,47.75,5400,47.75,D
sh688297,中无人机,2025-10-20 09:42:04,47.72,5970,47.69,U
sh688297,中无人机,2025-10-20 09:42:34,47.65,15788,47.67,D
sh688297,中无人机,2025-10-20 09:42:43,47.72,4569,47.71,U
sh688297,中无人机,2025-10-20 09:43:01,47.72,7025,47.73,D
sh688297,中无人机,2025-10-20 09:43:04,47.72,5388,47.72,D
sh688297,中无人机,2025-10-20 09:43:28,47.65,5474,47.64,U
sh688297,中无人机,2025-10-20 09:45:01,47.9,5404,47.87,U
sh688297,中无人机,2025-10-20 09:45:25,47.99,9238,47.94,U
sh688297,中无人机,2025-10-20 09:45:31,47.99,4647,47.99,U
sh688297,中无人机,2025-10-20 09:45:46,47.94,6954,47.99,D
sh688297,中无人机,2025-10-20 09:46:04,47.99,7020,47.99,D
sh688297,中无人机,2025-10-20 09:46:13,47.99,22977,47.99,U
sh688297,中无人机,2025-10-20 09:46:31,47.88,13199,47.92,D
sh688297,中无人机,2025-10-20 09:46:40,47.88,4601,47.88,U
sh688297,中无人机,2025-10-20 09:47:28,47.96,10465,48.05,D
sh688297,中无人机,2025-10-20 09:47:40,48.0,4834,47.97,U
sh688297,中无人机,2025-10-20 09:48:16,48.04,7000,48.0,U
sh688297,中无人机,2025-10-20 09:48:40,48.08,4400,48.05,U
sh688297,中无人机,2025-10-20 09:49:31,48.0,7837,47.99,U
sh688297,中无人机,2025-10-20 09:49:37,47.96,12600,48.0,D
sh688297,中无人机,2025-10-20 09:50:31,48.0,14376,47.98,U
sh688297,中无人机,2025-10-20 09:51:28,48.02,4166,48.0,U
sh688297,中无人机,2025-10-20 09:51:31,48.06,18420,48.02,U
sh688297,中无人机,2025-10-20 09:51:40,48.2,6850,48.15,U
sh688297,中无人机,2025-10-20 09:52:07,48.19,6434,48.19,U
sh688297,中无人机,2025-10-20 09:52:13,48.18,11221,48.19,D
sh688297,中无人机,2025-10-20 09:52:16,48.16,15341,48.18,D
sh688297,中无人机,2025-10-20 09:52:22,48.17,5669,48.06,U
sh688297,中无人机,2025-10-20 09:52:55,48.15,7283,48.16,D
sh688297,中无人机,2025-10-20 09:53:01,48.21,25324,48.16,U
sh688297,中无人机,2025-10-20 09:53:04,48.25,4870,48.21,U
sh688297,中无人机,2025-10-20 09:53:10,48.26,12621,48.28,E
sh688297,中无人机,2025-10-20 09:53:16,48.24,6900,48.26,D
sh688297,中无人机,2025-10-20 09:53:22,48.32,4615,48.26,U
sh688297,中无人机,2025-10-20 09:53:34,48.32,6285,48.32,D
sh688297,中无人机,2025-10-20 09:53:37,48.34,9210,48.32,U
sh688297,中无人机,2025-10-20 09:54:31,48.24,5177,48.26,D
sh688297,中无人机,2025-10-20 09:55:10,48.31,10986,48.27,U
sh688297,中无人机,2025-10-20 09:55:28,48.38,14739,48.34,U
sh688297,中无人机,2025-10-20 09:55:34,48.39,7390,48.38,U
sh688297,中无人机,2025-10-20 09:55:40,48.4,5802,48.4,U
sh688297,中无人机,2025-10-20 09:56:13,48.43,17889,48.4,U
sh688297,中无人机,2025-10-20 09:56:31,48.5,17790,48.47,U
sh688297,中无人机,2025-10-20 09:57:34,48.4,4874,48.37,U
sh688297,中无人机,2025-10-20 09:58:31,48.4,4250,48.41,D
sh688297,中无人机,2025-10-20 09:58:55,48.36,6331,48.4,D
sh688297,中无人机,2025-10-20 09:59:46,48.35,7050,48.38,D
sh688297,中无人机,2025-10-20 09:59:55,48.35,4900,48.39,D
sh688297,中无人机,2025-10-20 10:00:04,48.35,5089,48.35,D
sh688297,中无人机,2025-10-20 10:00:28,48.42,8578,48.38,U
sh688297,中无人机,2025-10-20 10:00:34,48.42,6006,48.43,D
sh688297,中无人机,2025-10-20 10:01:37,48.28,4563,48.33,D
sh688297,中无人机,2025-10-20 10:02:43,48.25,8045,48.27,D
sh688297,中无人机,2025-10-20 10:04:13,48.32,4164,48.28,U
sh688297,中无人机,2025-10-20 10:04:16,48.33,10797,48.32,U
sh688297,中无人机,2025-10-20 10:05:46,48.31,5985,48.3,U
sh688297,中无人机,2025-10-20 10:05:49,48.34,6332,48.31,U
sh688297,中无人机,2025-10-20 10:06:16,48.32,4966,48.34,D
sh688297,中无人机,2025-10-20 10:06:22,48.31,5677,48.33,D
sh688297,中无人机,2025-10-20 10:06:28,48.23,47488,48.31,D
sh688297,中无人机,2025-10-20 10:06:55,48.2,6095,48.23,D
sh688297,中无人机,2025-10-20 10:07:04,48.12,6284,48.19,D
sh688297,中无人机,2025-10-20 10:07:19,48.17,8300,48.15,E
sh688297,中无人机,2025-10-20 10:07:22,48.29,7570,48.17,U
sh688297,中无人机,2025-10-20 10:07:58,48.27,6600,48.24,U
sh688297,中无人机,2025-10-20 10:09:07,48.21,5214,48.19,U
sh688297,中无人机,2025-10-20 10:11:28,48.27,4586,48.18,U
sh688297,中无人机,2025-10-20 10:12:34,48.28,5738,48.28,U
sh688297,中无人机,2025-10-20 10:13:07,48.27,6686,48.25,U
sh688297,中无人机,2025-10-20 10:13:37,48.24,4237,48.25,D
sh688297,中无人机,2025-10-20 10:16:58,48.17,5454,48.17,U
sh688297,中无人机,2025-10-20 10:17:25,48.15,6100,48.2,D
sh688297,中无人机,2025-10-20 10:18:07,48.1,6640,48.12,D
sh688297,中无人机,2025-10-20 10:19:34,48.04,4700,48.04,E
sh688297,中无人机,2025-10-20 10:20:49,48.09,9333,48.08,U
sh688297,中无人机,2025-10-20 10:21:07,48.08,4324,48.08,D
sh688297,中无人机,2025-10-20 10:21:16,48.03,33364,48.08,D
sh688297,中无人机,2025-10-20 10:22:01,48.06,9673,48.06,U
sh688297,中无人机,2025-10-20 10:22:55,48.03,14915,48.03,U
sh688297,中无人机,2025-10-20 10:23:01,48.0,5707,48.06,D
sh688297,中无人机,2025-10-20 10:24:22,47.97,28217,48.0,D
sh688297,中无人机,2025-10-20 10:28:37,47.91,4471,47.89,U
sh688297,中无人机,2025-10-20 10:29:22,47.91,9712,47.93,D
sh688297,中无人机,2025-10-20 10:29:31,47.89,4465,47.89,U
sh688297,中无人机,2025-10-20 10:29:46,47.87,13337,47.88,D
sh688297,中无人机,2025-10-20 10:30:34,47.96,12204,47.94,U
sh688297,中无人机,2025-10-20 10:32:10,47.93,8240,47.93,D
sh688297,中无人机,2025-10-20 10:37:04,48.08,9696,48.13,D
sh688297,中无人机,2025-10-20 10:38:46,48.02,4671,48.02,U
sh688297,中无人机,2025-10-20 10:38:55,48.06,8657,48.02,U
sh688297,中无人机,2025-10-20 10:39:04,48.05,5000,48.03,E
sh688297,中无人机,2025-10-20 10:40:34,48.13,6413,48.06,U
sh688297,中无人机,2025-10-20 10:43:04,48.12,9228,48.12,D
sh688297,中无人机,2025-10-20 10:45:28,48.12,4966,48.12,D
sh688297,中无人机,2025-10-20 10:46:31,48.15,6063,48.11,U
sh688297,中无人机,2025-10-20 10:48:10,48.12,31503,48.15,D
sh688297,中无人机,2025-10-20 10:48:13,48.11,12490,48.12,D
sh688297,中无人机,2025-10-20 10:57:01,48.0,9044,48.04,D
sh688297,中无人机,2025-10-20 10:58:16,47.94,6385,47.94,U
sh688297,中无人机,2025-10-20 10:58:58,47.88,11899,47.93,D
sh688297,中无人机,2025-10-20 11:00:46,47.89,31779,47.87,U
sh688297,中无人机,2025-10-20 11:01:04,47.85,10153,47.89,D
sh688297,中无人机,2025-10-20 11:01:22,47.82,4256,47.84,D
sh688297,中无人机,2025-10-20 11:02:25,47.8,6260,47.81,D
sh688297,中无人机,2025-10-20 11:03:07,47.82,49955,47.79,U
sh688297,中无人机,2025-10-20 11:03:40,47.92,4305,47.92,U
sh688297,中无人机,2025-10-20 11:05:10,47.86,6574,47.95,D
sh688297,中无人机,2025-10-20 11:15:04,47.84,5866,47.85,D
sh688297,中无人机,2025-10-20 11:17:37,47.86,4580,47.86,U
sh688297,中无人机,2025-10-20 11:17:40,47.87,4621,47.86,U
sh688297,中无人机,2025-10-20 11:17:43,47.98,13490,47.87,U
sh688297,中无人机,2025-10-20 11:18:25,47.92,10200,47.98,E
sh688297,中无人机,2025-10-20 11:21:10,48.08,13943,47.99,U
sh688297,中无人机,2025-10-20 11:22:10,48.02,5819,48.03,D
sh688297,中无人机,2025-10-20 11:26:04,47.84,5335,47.93,D
sh688297,中无人机,2025-10-20 11:28:52,47.96,7300,47.96,D
sh688297,中无人机,2025-10-20 13:01:16,47.85,4790,47.84,D
sh688297,中无人机,2025-10-20 13:01:22,47.81,10696,47.83,D
sh688297,中无人机,2025-10-20 13:04:04,47.8,8408,47.82,D
sh688297,中无人机,2025-10-20 13:04:07,47.77,4602,47.8,D
sh688297,中无人机,2025-10-20 13:06:13,47.71,4999,47.73,D
sh688297,中无人机,2025-10-20 13:06:46,47.79,7229,47.76,U
sh688297,中无人机,2025-10-20 13:07:01,47.79,4722,47.79,D
sh688297,中无人机,2025-10-20 13:07:10,47.75,8419,47.8,D
sh688297,中无人机,2025-10-20 13:09:16,47.71,5000,47.71,D
sh688297,中无人机,2025-10-20 13:10:01,47.68,9703,47.71,D
sh688297,中无人机,2025-10-20 13:11:04,47.66,4908,47.66,D
sh688297,中无人机,2025-10-20 13:11:10,47.62,6045,47.66,D
sh688297,中无人机,2025-10-20 13:13:10,47.61,14871,47.68,D
sh688297,中无人机,2025-10-20 13:13:13,47.55,12936,47.61,D
sh688297,中无人机,2025-10-20 13:13:16,47.55,5437,47.55,D
sh688297,中无人机,2025-10-20 13:14:31,47.57,5000,47.57,D
sh688297,中无人机,2025-10-20 13:15:58,47.54,6761,47.58,D
sh688297,中无人机,2025-10-20 13:18:13,47.48,18110,47.51,D
sh688297,中无人机,2025-10-20 13:19:22,47.46,19416,47.47,E
sh688297,中无人机,2025-10-20 13:20:10,47.55,4800,47.55,D
sh688297,中无人机,2025-10-20 13:20:40,47.55,4887,47.57,D
sh688297,中无人机,2025-10-20 13:20:52,47.55,10616,47.55,U
sh688297,中无人机,2025-10-20 13:21:46,47.66,6018,47.56,U
sh688297,中无人机,2025-10-20 13:21:49,47.56,8682,47.66,D
sh688297,中无人机,2025-10-20 13:22:27,47.58,6744,47.58,U
sh688297,中无人机,2025-10-20 13:22:46,47.56,5000,47.56,D
sh688297,中无人机,2025-10-20 13:29:46,47.51,5000,47.57,D
sh688297,中无人机,2025-10-20 13:29:52,47.51,5557,47.57,D
sh688297,中无人机,2025-10-20 13:30:01,47.52,5000,47.51,D
sh688297,中无人机,2025-10-20 13:32:04,47.47,8539,47.51,D
sh688297,中无人机,2025-10-20 13:32:10,47.46,5584,47.47,D
sh688297,中无人机,2025-10-20 13:32:49,47.47,10200,47.45,U
sh688297,中无人机,2025-10-20 13:34:28,47.4,10000,47.42,D
sh688297,中无人机,2025-10-20 13:37:49,47.56,4865,47.56,D
sh688297,中无人机,2025-10-20 13:38:55,47.54,14616,47.55,D
sh688297,中无人机,2025-10-20 13:39:01,47.51,4949,47.54,D
sh688297,中无人机,2025-10-20 13:39:31,47.54,10000,47.51,U
sh688297,中无人机,2025-10-20 13:40:55,47.58,5000,47.54,U
sh688297,中无人机,2025-10-20 13:43:07,47.58,7449,47.5,U
sh688297,中无人机,2025-10-20 13:45:55,47.54,4265,47.47,U
sh688297,中无人机,2025-10-20 13:47:46,47.51,15000,47.58,D
sh688297,中无人机,2025-10-20 13:48:19,47.55,5535,47.59,D
sh688297,中无人机,2025-10-20 13:48:31,47.55,5800,47.55,D
sh688297,中无人机,2025-10-20 13:48:58,47.52,5400,47.52,D
sh688297,中无人机,2025-10-20 13:50:21,47.5,5200,47.55,D
sh688297,中无人机,2025-10-20 13:55:03,47.48,27410,47.52,D
sh688297,中无人机,2025-10-20 13:58:40,47.55,10824,47.54,U
sh688297,中无人机,2025-10-20 14:00:01,47.54,21037,47.56,D
sh688297,中无人机,2025-10-20 14:02:12,47.5,5400,47.64,D
sh688297,中无人机,2025-10-20 14:03:40,47.47,5427,47.48,D
sh688297,中无人机,2025-10-20 14:04:28,47.54,6000,47.5,U
sh688297,中无人机,2025-10-20 14:05:13,47.54,8029,47.54,U
sh688297,中无人机,2025-10-20 14:05:37,47.69,6246,47.58,U
sh688297,中无人机,2025-10-20 14:05:40,47.58,10154,47.69,D
sh688297,中无人机,2025-10-20 14:10:43,47.52,10200,47.63,D
sh688297,中无人机,2025-10-20 14:11:49,47.52,10000,47.54,D
sh688297,中无人机,2025-10-20 14:13:34,47.5,6616,47.5,D
sh688297,中无人机,2025-10-20 14:17:58,47.44,4225,47.44,D
sh688297,中无人机,2025-10-20 14:18:55,47.42,5559,47.45,D
sh688297,中无人机,2025-10-20 14:19:13,47.41,10142,47.43,D
sh688297,中无人机,2025-10-20 14:20:19,47.41,4748,47.44,D
sh688297,中无人机,2025-10-20 14:20:25,47.44,7292,47.44,U
sh688297,中无人机,2025-10-20 14:24:58,47.52,5414,47.53,D
sh688297,中无人机,2025-10-20 14:25:10,47.52,4578,47.53,U
sh688297,中无人机,2025-10-20 14:27:10,47.68,6263,47.64,U
sh688297,中无人机,2025-10-20 14:29:10,47.59,7400,47.59,D
sh688297,中无人机,2025-10-20 14:33:07,47.6,5198,47.59,U
sh688297,中无人机,2025-10-20 14:33:34,47.58,10400,47.57,U
sh688297,中无人机,2025-10-20 14:34:19,47.66,4972,47.65,U
sh688297,中无人机,2025-10-20 14:35:58,47.57,5086,47.55,E
sh688297,中无人机,2025-10-20 14:36:34,47.7,12703,47.6,U
sh688297,中无人机,2025-10-20 14:37:25,47.63,10000,47.63,D
sh688297,中无人机,2025-10-20 14:37:28,47.63,10000,47.63,D
sh688297,中无人机,2025-10-20 14:37:37,47.63,6107,47.63,D
sh688297,中无人机,2025-10-20 14:37:58,47.64,5700,47.69,D
sh688297,中无人机,2025-10-20 14:38:31,47.66,5000,47.69,D
sh688297,中无人机,2025-10-20 14:38:34,47.64,5241,47.66,D
sh688297,中无人机,2025-10-20 14:38:40,47.68,5200,47.65,E
sh688297,中无人机,2025-10-20 14:38:43,47.66,7613,47.68,D
sh688297,中无人机,2025-10-20 14:38:46,47.71,8623,47.66,U
sh688297,中无人机,2025-10-20 14:39:01,47.68,5229,47.7,D
sh688297,中无人机,2025-10-20 14:40:01,47.66,6167,47.66,U
sh688297,中无人机,2025-10-20 14:41:30,47.79,5878,47.76,U
sh688297,中无人机,2025-10-20 14:41:52,47.88,5800,47.82,U
sh688297,中无人机,2025-10-20 14:41:58,47.88,6561,47.88,U
sh688297,中无人机,2025-10-20 14:44:10,47.9,5036,47.88,U
sh688297,中无人机,2025-10-20 14:44:55,47.9,5700,47.94,D
sh688297,中无人机,2025-10-20 14:45:04,47.9,7812,47.89,E
sh688297,中无人机,2025-10-20 14:45:22,47.83,7800,47.83,U
sh688297,中无人机,2025-10-20 14:46:52,47.74,5661,47.77,D
sh688297,中无人机,2025-10-20 14:47:04,47.82,19903,47.76,U
sh688297,中无人机,2025-10-20 14:47:07,47.83,8600,47.82,U
sh688297,中无人机,2025-10-20 14:47:13,47.79,5100,47.79,D
sh688297,中无人机,2025-10-20 14:47:46,47.8,4333,47.79,U
sh688297,中无人机,2025-10-20 14:48:10,47.79,8121,47.8,D
sh688297,中无人机,2025-10-20 14:49:25,47.79,10525,47.79,U
sh688297,中无人机,2025-10-20 14:49:28,47.77,5219,47.79,D
sh688297,中无人机,2025-10-20 14:49:40,47.76,52099,47.77,D
sh688297,中无人机,2025-10-20 14:50:49,47.84,4218,47.83,U
sh688297,中无人机,2025-10-20 14:51:07,47.81,5809,47.83,D
sh688297,中无人机,2025-10-20 14:51:25,47.8,4905,47.81,D
sh688297,中无人机,2025-10-20 14:52:16,47.83,5007,47.84,E
sh688297,中无人机,2025-10-20 14:53:22,47.88,6200,47.87,U
sh688297,中无人机,2025-10-20 14:53:25,47.9,9936,47.88,U
sh688297,中无人机,2025-10-20 14:53:55,47.89,5000,47.87,U
sh688297,中无人机,2025-10-20 14:54:13,47.87,11632,47.89,D
sh688297,中无人机,2025-10-20 14:54:28,47.87,10200,47.85,U
sh688297,中无人机,2025-10-20 14:54:49,47.81,9476,47.86,D
sh688297,中无人机,2025-10-20 14:55:10,47.9,6637,47.87,U
sh688297,中无人机,2025-10-20 14:55:16,47.9,8928,47.89,U
sh688297,中无人机,2025-10-20 14:57:00,47.87,7611,47.88,D
sh688297,中无人机,2025-10-20 15:00:03,47.87,54756,47.87,U
