symbol,name,ticktime,price,volume,prev_price,kind
sh688297,中无人机,2025-10-17 09:25:01,49.49,15548,0.0,U
sh688297,中无人机,2025-10-17 09:30:07,49.4,16408,49.39,E
sh688297,中无人机,2025-10-17 09:30:10,49.38,18051,49.4,D
sh688297,中无人机,2025-10-17 09:30:13,49.33,7633,49.38,D
sh688297,中无人机,2025-10-17 09:30:16,49.36,12143,49.33,U
sh688297,中无人机,2025-10-17 09:30:19,49.36,4464,49.36,U
sh688297,中无人机,2025-10-17 09:30:22,49.23,15992,49.36,E
sh688297,中无人机,2025-10-17 09:30:28,49.28,5637,49.33,D
sh688297,中无人机,2025-10-17 09:30:34,49.18,9732,49.2,D
sh688297,中无人机,2025-10-17 09:30:46,49.24,4219,49.27,D
sh688297,中无人机,2025-10-17 09:31:01,49.3,4320,49.38,D
sh688297,中无人机,2025-10-17 09:31:10,49.34,9200,49.38,D
sh688297,中无人机,2025-10-17 09:31:16,49.38,7135,49.38,D
sh688297,中无人机,2025-10-17 09:31:49,49.41,7144,49.51,D
sh688297,中无人机,2025-10-17 09:31:55,49.44,7937,49.41,U
sh688297,中无人机,2025-10-17 09:31:58,49.41,9702,49.44,D
sh688297,中无人机,2025-10-17 09:32:13,49.32,5105,49.37,D
sh688297,中无人机,2025-10-17 09:32:19,49.2,11284,49.31,D
sh688297,中无人机,2025-10-17 09:32:22,49.25,14202,49.2,U
sh688297,中无人机,2025-10-17 09:32:25,49.26,6853,49.25,U
sh688297,中无人机,2025-10-17 09:32:28,49.32,4742,49.26,U
sh688297,中无人机,2025-10-17 09:33:04,49.35,8073,49.41,D
sh688297,中无人机,2025-10-17 09:33:34,49.45,4978,49.4,U
sh688297,中无人机,2025-10-17 09:33:55,49.52,6434,49.53,D
sh688297,中无人机,2025-10-17 09:33:58,49.49,17148,49.52,D
sh688297,中无人机,2025-10-17 09:34:01,49.48,8518,49.49,D
sh688297,中无人机,2025-10-17 09:34:07,49.4,7363,49.4,D
sh688297,中无人机,2025-10-17 09:34:25,49.47,7612,49.41,U
sh688297,中无人机,2025-10-17 09:34:31,49.41,4125,49.47,D
sh688297,中无人机,2025-10-17 09:34:34,49.47,7463,49.41,U
sh688297,中无人机,2025-10-17 09:35:04,49.56,6625,49.53,U
sh688297,中无人机,2025-10-17 09:35:10,49.55,7530,49.54,U
sh688297,中无人机,2025-10-17 09:35:19,49.58,10193,49.54,U
sh688297,中无人机,2025-10-17 09:35:22,49.58,4197,49.58,U
sh688297,中无人机,2025-10-17 09:35:28,49.56,6155,49.6,D
sh688297,中无人机,2025-10-17 09:35:37,49.55,5300,49.56,D
sh688297,中无人机,2025-10-17 09:36:01,49.53,4632,49.58,D
sh688297,中无人机,2025-10-17 09:36:25,49.5,4418,49.51,D
sh688297,中无人机,2025-10-17 09:36:28,49.43,7660,49.5,D
sh688297,中无人机,2025-10-17 09:36:31,49.53,11425,49.43,U
sh688297,中无人机,2025-10-17 09:37:01,49.55,4317,49.53,U
sh688297,中无人机,2025-10-17 09:37:31,49.67,33016,49.67,D
sh688297,中无人机,2025-10-17 09:37:37,49.71,25348,49.66,U
sh688297,中无人机,2025-10-17 09:37:52,49.75,4600,49.79,D
sh688297,中无人机,2025-10-17 09:38:07,49.77,4043,49.78,U
sh688297,中无人机,2025-10-17 09:38:19,49.72,7830,49.72,U
sh688297,中无人机,2025-10-17 09:38:25,49.72,10484,49.76,E
sh688297,中无人机,2025-10-17 09:38:31,49.66,4200,49.72,U
sh688297,中无人机,2025-10-17 09:39:10,49.61,7063,49.64,D
sh688297,中无人机,2025-10-17 09:39:16,49.7,26985,49.61,U
sh688297,中无人机,2025-10-17 09:39:19,49.76,5875,49.7,U
sh688297,中无人机,2025-10-17 09:39:25,49.61,4832,49.71,D
sh688297,中无人机,2025-10-17 09:39:58,49.68,4200,49.65,U
sh688297,中无人机,2025-10-17 09:40:01,49.68,4472,49.68,U
sh688297,中无人机,2025-10-17 09:40:22,49.58,11592,49.62,D
sh688297,中无人机,2025-10-17 09:40:28,49.48,15598,49.53,D
sh688297,中无人机,2025-10-17 09:40:31,49.45,5324,49.48,D
sh688297,中无人机,2025-10-17 09:40:34,49.46,11857,49.45,U
sh688297,中无人机,2025-10-17 09:41:16,49.35,15277,49.41,D
sh688297,中无人机,2025-10-17 09:41:28,49.3,9045,49.33,D
sh688297,中无人机,2025-10-17 09:41:31,49.3,4300,49.3,U
sh688297,中无人机,2025-10-17 09:41:37,49.3,6007,49.3,U
sh688297,中无人机,2025-10-17 09:41:40,49.33,5896,49.3,U
sh688297,中无人机,2025-10-17 09:42:07,49.43,7130,49.43,D
sh688297,中无人机,2025-10-17 09:42:16,49.42,4151,49.45,D
sh688297,中无人机,2025-10-17 09:42:25,49.31,5400,49.38,D
sh688297,中无人机,2025-10-17 09:43:13,49.41,5600,49.41,U
sh688297,中无人机,2025-10-17 09:44:16,49.42,7311,49.43,D
sh688297,中无人机,2025-10-17 09:44:37,49.4,5211,49.48,D
sh688297,中无人机,2025-10-17 09:44:58,49.33,5643,49.34,D
sh688297,中无人机,2025-10-17 09:45:13,49.32,4264,49.31,E
sh688297,中无人机,2025-10-17 09:45:16,49.3,5113,49.32,D
sh688297,中无人机,2025-10-17 09:45:19,49.29,9861,49.3,D
sh688297,中无人机,2025-10-17 09:45:37,49.32,24227,49.28,U
sh688297,中无人机,2025-10-17 09:46:28,49.33,5654,49.35,D
sh688297,中无人机,2025-10-17 09:46:34,49.29,4675,49.35,D
sh688297,中无人机,2025-10-17 09:47:13,49.28,5756,49.32,D
sh688297,中无人机,2025-10-17 09:47:16,49.32,12000,49.28,U
sh688297,中无人机,2025-10-17 09:47:28,49.32,4547,49.32,U
sh688297,中无人机,2025-10-17 09:47:31,49.29,4164,49.32,D
sh688297,中无人机,2025-10-17 09:48:13,49.2,9023,49.23,D
sh688297,中无人机,2025-10-17 09:48:16,49.13,19898,49.2,D
sh688297,中无人机,2025-10-17 09:48:25,49.13,7601,49.13,D
sh688297,中无人机,2025-10-17 09:48:28,49.1,8489,49.13,D
sh688297,中无人机,2025-10-17 09:48:31,49.1,4187,49.1,D
sh688297,中无人机,2025-10-17 09:48:37,49.13,5650,49.1,U
sh688297,中无人机,2025-10-17 09:48:46,49.23,5567,49.11,U
sh688297,中无人机,2025-10-17 09:49:10,49.29,7975,49.24,U
sh688297,中无人机,2025-10-17 09:49:16,49.29,4297,49.29,D
sh688297,中无人机,2025-10-17 09:50:04,49.25,4283,49.28,D
sh688297,中无人机,2025-10-17 09:50:28,49.26,6635,49.27,D
sh688297,中无人机,2025-10-17 09:50:43,49.28,4621,49.3,D
sh688297,中无人机,2025-10-17 09:50:52,49.22,20028,49.26,D
sh688297,中无人机,2025-10-17 09:51:43,49.15,7623,49.15,U
sh688297,中无人机,2025-10-17 09:51:49,49.15,4588,49.12,U
sh688297,中无人机,2025-10-17 09:51:52,49.15,17998,49.15,D
sh688297,中无人机,2025-10-17 09:51:58,49.12,27837,49.12,U
sh688297,中无人机,2025-10-17 09:52:10,49.25,8902,49.25,U
sh688297,中无人机,2025-10-17 09:52:52,49.25,6182,49.3,D
sh688297,中无人机,2025-10-17 09:52:55,49.25,8325,49.25,U
sh688297,中无人机,2025-10-17 09:53:34,49.1,7210,49.16,D
sh688297,中无人机,2025-10-17 09:53:43,49.09,6445,49.11,D
sh688297,中无人机,2025-10-17 09:53:55,49.08,7076,49.09,D
sh688297,中无人机,2025-10-17 09:54:01,49.06,20154,49.11,D
sh688297,中无人机,2025-10-17 09:55:10,49.04,14656,49.05,D
sh688297,中无人机,2025-10-17 09:55:19,49.09,11367,49.05,U
sh688297,中无人机,2025-10-17 09:55:37,49.08,4942,49.16,D
sh688297,中无人机,2025-10-17 09:55:40,49.09,4423,49.08,D
sh688297,中无人机,2025-10-17 09:55:46,49.08,11435,49.08,U
sh688297,中无人机,2025-10-17 09:56:10,49.08,8327,49.16,D
sh688297,中无人机,2025-10-17 09:56:28,49.05,6978,49.06,D
sh688297,中无人机,2025-10-17 09:56:34,49.01,18306,49.04,D
sh688297,中无人机,2025-10-17 09:56:37,49.01,19137,49.01,D
sh688297,中无人机,2025-10-17 09:56:40,49.0,43392,49.01,D
sh688297,中无人机,2025-10-17 09:56:43,49.0,4633,49.0,U
sh688297,中无人机,2025-10-17 09:56:49,48.98,5920,48.98,D
sh688297,中无人机,2025-10-17 09:56:58,48.97,4339,48.97,D
sh688297,中无人机,2025-10-17 09:57:01,49.0,10000,48.97,U
sh688297,中无人机,2025-10-17 09:57:13,49.03,4500,49.01,U
sh688297,中无人机,2025-10-17 09:57:49,49.1,4627,49.09,U
sh688297,中无人机,2025-10-17 09:58:52,49.2,5913,49.26,D
sh688297,中无人机,2025-10-17 09:59:16,49.3,6901,49.25,U
sh688297,中无人机,2025-10-17 10:00:28,49.16,4194,49.19,D
sh688297,中无人机,2025-10-17 10:01:19,49.08,12044,49.13,D
sh688297,中无人机,2025-10-17 10:01:46,49.0,4791,49.02,D
sh688297,中无人机,2025-10-17 10:01:49,49.0,10144,49.0,D
sh688297,中无人机,2025-10-17 10:01:52,49.0,4218,49.0,D
sh688297,中无人机,2025-10-17 10:01:55,48.98,8899,49.0,D
sh688297,中无人机,2025-10-17 10:02:10,49.0,11263,48.98,U
sh688297,中无人机,2025-10-17 10:02:19,49.02,5306,49.02,U
sh688297,中无人机,2025-10-17 10:03:22,49.1,4895,49.15,D
sh688297,中无人机,2025-10-17 10:03:34,49.14,9798,49.1,U
sh688297,中无人机,2025-10-17 10:03:37,49.14,9682,49.14,D
sh688297,中无人机,2025-10-17 10:03:58,49.0,5333,49.04,D
sh688297,中无人机,2025-10-17 10:04:25,49.08,8360,49.08,D
sh688297,中无人机,2025-10-17 10:04:58,49.08,10800,49.08,U
sh688297,中无人机,2025-10-17 10:05:01,49.08,5602,49.08,U
sh688297,中无人机,2025-10-17 10:05:16,49.08,4500,49.03,U
sh688297,中无人机,2025-10-17 10:05:37,49.13,5500,49.08,U
sh688297,中无人机,2025-10-17 10:05:55,49.08,6735,49.13,D
sh688297,中无人机,2025-10-17 10:06:04,49.03,8177,49.08,D
sh688297,中无人机,2025-10-17 10:06:25,49.02,13055,49.08,D
sh688297,中无人机,2025-10-17 10:06:28,49.01,7200,49.02,D
sh688297,中无人机,2025-10-17 10:06:31,49.0,5645,49.01,D
sh688297,中无人机,2025-10-17 10:06:46,48.97,5651,48.98,D
sh688297,中无人机,2025-10-17 10:07:04,48.94,4266,48.96,D
sh688297,中无人机,2025-10-17 10:07:19,48.92,5125,48.93,D
sh688297,中无人机,2025-10-17 10:07:31,48.91,9044,48.92,D
sh688297,中无人机,2025-10-17 10:07:37,48.93,11632,48.91,U
sh688297,中无人机,2025-10-17 10:07:49,48.91,9372,48.92,D
sh688297,中无人机,2025-10-17 10:07:52,48.9,6842,48.91,D
sh688297,中无人机,2025-10-17 10:08:04,48.89,4805,48.91,D
sh688297,中无人机,2025-10-17 10:08:10,48.9,5100,48.93,D
sh688297,中无人机,2025-10-17 10:08:28,48.9,4507,48.93,E
sh688297,中无人机,2025-10-17 10:08:31,48.88,4500,48.9,D
sh688297,中无人机,2025-10-17 10:09:01,48.9,4299,48.92,D
sh688297,中无人机,2025-10-17 10:09:04,48.93,5464,48.9,E
sh688297,中无人机,2025-10-17 10:09:22,48.87,17286,48.9,D
sh688297,中无人机,2025-10-17 10:09:25,48.87,5111,48.87,D
sh688297,中无人机,2025-10-17 10:09:28,48.87,5520,48.87,D
sh688297,中无人机,2025-10-17 10:09:40,48.86,9400,48.88,D
sh688297,中无人机,2025-10-17 10:10:04,48.85,13990,48.87,D
sh688297,中无人机,2025-10-17 10:10:07,48.78,19296,48.85,D
sh688297,中无人机,2025-10-17 10:10:10,48.83,6462,48.78,U
sh688297,中无人机,2025-10-17 10:10:19,48.78,4911,48.85,D
sh688297,中无人机,2025-10-17 10:10:22,48.86,23382,48.78,U
sh688297,中无人机,2025-10-17 10:10:49,48.85,8718,48.81,U
sh688297,中无人机,2025-10-17 10:11:10,48.86,26544,48.82,U
sh688297,中无人机,2025-10-17 10:11:16,48.81,6133,48.81,U
sh688297,中无人机,2025-10-17 10:12:10,48.74,4882,48.73,U
sh688297,中无人机,2025-10-17 10:12:13,48.7,6161,48.74,D
sh688297,中无人机,2025-10-17 10:12:19,48.7,4200,48.7,D
sh688297,中无人机,2025-10-17 10:12:22,48.74,26513,48.7,U
sh688297,中无人机,2025-10-17 10:12:25,48.69,10043,48.74,D
sh688297,中无人机,2025-10-17 10:12:28,48.69,4360,48.69,D
sh688297,中无人机,2025-10-17 10:12:31,48.67,8000,48.69,D
sh688297,中无人机,2025-10-17 10:12:46,48.63,34784,48.63,D
sh688297,中无人机,2025-10-17 10:12:49,48.63,28809,48.63,D
sh688297,中无人机,2025-10-17 10:12:52,48.65,12411,48.63,U
sh688297,中无人机,2025-10-17 10:12:55,48.65,24370,48.65,D
sh688297,中无人机,2025-10-17 10:13:01,48.63,57246,48.65,D
sh688297,中无人机,2025-10-17 10:13:04,48.62,12322,48.63,D
sh688297,中无人机,2025-10-17 10:13:10,48.65,14937,48.72,E
sh688297,中无人机,2025-10-17 10:13:19,48.8,35362,48.71,U
sh688297,中无人机,2025-10-17 10:14:16,48.77,13119,48.85,D
sh688297,中无人机,2025-10-17 10:14:34,48.81,25654,48.8,U
sh688297,中无人机,2025-10-17 10:14:37,48.8,17413,48.81,D
sh688297,中无人机,2025-10-17 10:15:01,48.77,6672,48.77,D
sh688297,中无人机,2025-10-17 10:15:04,48.77,4914,48.77,U
sh688297,中无人机,2025-10-17 10:15:07,48.71,8500,48.77,D
sh688297,中无人机,2025-10-17 10:15:22,48.68,7795,48.71,D
sh688297,中无人机,2025-10-17 10:15:28,48.67,4388,48.68,D
sh688297,中无人机,2025-10-17 10:15:37,48.62,5968,48.66,D
sh688297,中无人机,2025-10-17 10:15:40,48.65,4600,48.62,U
sh688297,中无人机,2025-10-17 10:16:07,48.63,32078,48.63,D
sh688297,中无人机,2025-10-17 10:16:58,48.63,7268,48.65,D
sh688297,中无人机,2025-10-17 10:17:10,48.61,4546,48.62,D
sh688297,中无人机,2025-10-17 10:17:13,48.58,18490,48.61,D
sh688297,中无人机,2025-10-17 10:17:16,48.58,7079,48.58,D
sh688297,中无人机,2025-10-17 10:17:22,48.6,4600,48.58,U
sh688297,中无人机,2025-10-17 10:17:25,48.58,8622,48.6,D
sh688297,中无人机,2025-10-17 10:17:37,48.62,11678,48.59,U
sh688297,中无人机,2025-10-17 10:18:22,48.72,6614,48.69,E
sh688297,中无人机,2025-10-17 10:18:43,48.65,8317,48.66,E
sh688297,中无人机,2025-10-17 10:18:52,48.61,8980,48.65,D
sh688297,中无人机,2025-10-17 10:19:16,48.6,8000,48.6,D
sh688297,中无人机,2025-10-17 10:19:22,48.59,5138,48.6,D
sh688297,中无人机,2025-10-17 10:19:25,48.57,5723,48.59,D
sh688297,中无人机,2025-10-17 10:19:31,48.53,5209,48.56,D
sh688297,中无人机,2025-10-17 10:19:46,48.52,5307,48.53,D
sh688297,中无人机,2025-10-17 10:19:49,48.51,6517,48.52,D
sh688297,中无人机,2025-10-17 10:19:55,48.5,6589,48.51,D
sh688297,中无人机,2025-10-17 10:19:58,48.5,8575,48.5,D
sh688297,中无人机,2025-10-17 10:20:01,48.5,30280,48.5,D
sh688297,中无人机,2025-10-17 10:20:10,48.53,10200,48.51,U
sh688297,中无人机,2025-10-17 10:20:16,48.58,11108,48.53,U
sh688297,中无人机,2025-10-17 10:20:25,48.6,4814,48.57,U
sh688297,中无人机,2025-10-17 10:20:40,48.55,8589,48.56,E
sh688297,中无人机,2025-10-17 10:20:43,48.56,11456,48.55,U
sh688297,中无人机,2025-10-17 10:20:52,48.56,18165,48.56,D
sh688297,中无人机,2025-10-17 10:20:58,48.55,7800,48.56,D
sh688297,中无人机,2025-10-17 10:21:01,48.54,5627,48.55,D
sh688297,中无人机,2025-10-17 10:21:25,48.54,4846,48.54,U
sh688297,中无人机,2025-10-17 10:22:46,48.79,6443,48.78,U
sh688297,中无人机,2025-10-17 10:22:52,48.78,7293,48.79,D
sh688297,中无人机,2025-10-17 10:23:01,48.71,5200,48.78,D
sh688297,中无人机,2025-10-17 10:23:55,48.7,4653,48.7,D
sh688297,中无人机,2025-10-17 10:24:25,48.7,6188,48.7,U
sh688297,中无人机,2025-10-17 10:24:58,48.69,4138,48.72,D
sh688297,中无人机,2025-10-17 10:25:01,48.68,11740,48.69,D
sh688297,中无人机,2025-10-17 10:25:04,48.68,5672,48.68,U
sh688297,中无人机,2025-10-17 10:25:37,48.68,20805,48.72,D
sh688297,中无人机,2025-10-17 10:26:49,48.8,6501,48.79,U
sh688297,中无人机,2025-10-17 10:27:04,48.71,6438,48.71,U
sh688297,中无人机,2025-10-17 10:27:37,48.81,9557,48.8,U
sh688297,中无人机,2025-10-17 10:27:46,48.81,5400,48.81,U
sh688297,中无人机,2025-10-17 10:27:52,48.81,21862,48.81,U
sh688297,中无人机,2025-10-17 10:27:55,48.81,5200,48.81,U
sh688297,中无人机,2025-10-17 10:29:52,48.69,4173,48.71,D
sh688297,中无人机,2025-10-17 10:31:22,48.67,7069,48.68,D
sh688297,中无人机,2025-10-17 10:31:28,48.68,9358,48.67,U
sh688297,中无人机,2025-10-17 10:33:37,48.78,9346,48.8,E
sh688297,中无人机,2025-10-17 10:33:58,48.7,15272,48.77,D
sh688297,中无人机,2025-10-17 10:34:04,48.74,13000,48.74,U
sh688297,中无人机,2025-10-17 10:34:25,48.74,5081,48.74,U
sh688297,中无人机,2025-10-17 10:36:07,48.78,5300,48.77,U
sh688297,中无人机,2025-10-17 10:36:46,48.72,16064,48.73,D
sh688297,中无人机,2025-10-17 10:37:04,48.68,8024,48.7,D
sh688297,中无人机,2025-10-17 10:37:07,48.68,9580,48.68,D
sh688297,中无人机,2025-10-17 10:37:22,48.69,6920,48.67,U
sh688297,中无人机,2025-10-17 10:38:04,48.65,7123,48.68,D
sh688297,中无人机,2025-10-17 10:41:01,48.76,8645,48.71,U
sh688297,中无人机,2025-10-17 10:41:37,48.75,8720,48.76,D
sh688297,中无人机,2025-10-17 10:41:58,48.76,10667,48.75,U
sh688297,中无人机,2025-10-17 10:42:49,48.81,18600,48.81,U
sh688297,中无人机,2025-10-17 10:43:04,48.85,17137,48.81,U
sh688297,中无人机,2025-10-17 10:47:10,48.82,4435,48.84,D
sh688297,中无人机,2025-10-17 10:49:25,48.79,5772,48.78,U
sh688297,中无人机,2025-10-17 10:51:13,48.68,4829,48.69,D
sh688297,中无人机,2025-10-17 10:52:10,48.8,10126,48.77,U
sh688297,中无人机,2025-10-17 10:54:13,48.7,4400,48.69,U
sh688297,中无人机,2025-10-17 10:57:58,48.68,5745,48.72,D
sh688297,中无人机,2025-10-17 10:58:43,48.65,18120,48.67,D
sh688297,中无人机,2025-10-17 10:59:22,48.69,8697,48.68,U
sh688297,中无人机,2025-10-17 11:00:46,48.68,11140,48.69,D
sh688297,中无人机,2025-10-17 11:02:10,48.6,6074,48.61,D
sh688297,中无人机,2025-10-17 11:02:22,48.59,4409,48.6,D
sh688297,中无人机,2025-10-17 11:04:10,48.54,7823,48.55,D
sh688297,中无人机,2025-10-17 11:04:58,48.53,12224,48.52,E
sh688297,中无人机,2025-10-17 11:05:07,48.49,38696,48.53,D
sh688297,中无人机,2025-10-17 11:05:10,48.48,11376,48.49,D
sh688297,中无人机,2025-10-17 11:05:49,48.48,9991,48.45,U
sh688297,中无人机,2025-10-17 11:05:52,48.48,4509,48.48,D
sh688297,中无人机,2025-10-17 11:07:43,48.53,16899,48.57,D
sh688297,中无人机,2025-10-17 11:10:25,48.46,4416,48.45,U
sh688297,中无人机,2025-10-17 11:11:16,48.46,7800,48.46,D
sh688297,中无人机,2025-10-17 11:11:31,48.44,12154,48.46,D
sh688297,中无人机,2025-10-17 11:12:49,48.4,10000,48.44,D
sh688297,中无人机,2025-10-17 11:12:52,48.4,4355,48.4,D
sh688297,中无人机,2025-10-17 11:13:49,48.51,5706,48.46,U
sh688297,中无人机,2025-10-17 11:16:19,48.44,43960,48.43,U
sh688297,中无人机,2025-10-17 11:21:34,48.5,9615,48.53,D
sh688297,中无人机,2025-10-17 11:21:37,48.5,31633,48.5,D
sh688297,中无人机,2025-10-17 11:21:40,48.5,9125,48.5,U
sh688297,中无人机,2025-10-17 11:22:37,48.47,4690,48.48,D
sh688297,中无人机,2025-10-17 11:23:13,48.5,18367,48.47,U
sh688297,中无人机,2025-10-17 11:25:07,48.36,31500,48.4,D
sh688297,中无人机,2025-10-17 11:25:40,48.38,6400,48.39,D
sh688297,中无人机,2025-10-17 11:25:52,48.28,24552,48.37,D
sh688297,中无人机,2025-10-17 11:25:58,48.3,5454,48.3,U
sh688297,中无人机,2025-10-17 11:26:28,48.2,21386,48.29,D
sh688297,中无人机,2025-10-17 11:26:31,48.21,22275,48.2,U
sh688297,中无人机,2025-10-17 11:26:34,48.2,9464,48.21,D
sh688297,中无人机,2025-10-17 11:26:43,48.23,9789,48.2,U
sh688297,中无人机,2025-10-17 11:26:46,48.27,5433,48.23,U
sh688297,中无人机,2025-10-17 11:26:49,48.15,6996,48.27,D
sh688297,中无人机,2025-10-17 11:27:04,48.1,40000,48.17,D
sh688297,中无人机,2025-10-17 11:27:07,48.16,5157,48.1,U
sh688297,中无人机,2025-10-17 11:27:13,48.1,5399,48.1,D
sh688297,中无人机,2025-10-17 11:27:16,48.09,7331,48.1,D
sh688297,中无人机,2025-10-17 11:27:19,48.07,17400,48.09,D
sh688297,中无人机,2025-10-17 11:27:22,48.05,5519,48.07,D
sh688297,中无人机,2025-10-17 11:27:28,47.98,54044,48.05,D
sh688297,中无人机,2025-10-17 11:27:31,48.0,10929,47.98,U
sh688297,中无人机,2025-10-17 11:27:37,47.99,12574,47.99,U
sh688297,中无人机,2025-10-17 11:27:52,47.94,10459,47.98,D
sh688297,中无人机,2025-10-17 11:27:58,47.94,31452,47.97,D
sh688297,中无人机,2025-10-17 11:28:01,47.94,13976,47.94,D
sh688297,中无人机,2025-10-17 11:28:16,47.98,7823,48.0,D
sh688297,中无人机,2025-10-17 11:28:19,48.0,4316,47.98,U
sh688297,中无人机,2025-10-17 11:28:25,47.99,5980,48.0,D
sh688297,中无人机,2025-10-17 11:28:34,48.11,30586,48.04,U
sh688297,中无人机,2025-10-17 11:29:01,48.0,17771,48.06,D
sh688297,中无人机,2025-10-17 11:29:10,48.0,19435,48.0,U
sh688297,中无人机,2025-10-17 11:29:13,47.98,21943,48.0,D
sh688297,中无人机,2025-10-17 11:29:16,47.98,25848,47.98,D
sh688297,中无人机,2025-10-17 11:29:19,47.93,15918,47.98,D
sh688297,中无人机,2025-10-17 11:29:22,47.93,4507,47.93,D
sh688297,中无人机,2025-10-17 11:29:31,47.92,6441,47.92,U
sh688297,中无人机,2025-10-17 11:29:49,47.91,5500,47.92,D
sh688297,中无人机,2025-10-17 11:29:52,47.92,6600,47.91,U
sh688297,中无人机,2025-10-17 11:29:58,47.88,6785,47.92,D
sh688297,中无人机,2025-10-17 13:00:04,47.86,11386,47.83,U
sh688297,中无人机,2025-10-17 13:00:07,47.82,22593,47.86,D
sh688297,中无人机,2025-10-17 13:00:10,47.82,12060,47.82,D
sh688297,中无人机,2025-10-17 13:00:13,47.8,25088,47.82,D
sh688297,中无人机,2025-10-17 13:00:16,47.8,4627,47.8,U
sh688297,中无人机,2025-10-17 13:01:13,47.71,4401,47.69,U
sh688297,中无人机,2025-10-17 13:01:16,47.77,14691,47.71,U
sh688297,中无人机,2025-10-17 13:02:07,47.7,7018,47.75,D
sh688297,中无人机,2025-10-17 13:03:13,47.74,17035,47.79,D
sh688297,中无人机,2025-10-17 13:03:16,47.83,32915,47.74,U
sh688297,中无人机,2025-10-17 13:03:19,47.81,7162,47.83,D
sh688297,中无人机,2025-10-17 13:03:28,47.73,4414,47.77,D
sh688297,中无人机,2025-10-17 13:03:31,47.69,12369,47.73,D
sh688297,中无人机,2025-10-17 13:03:34,47.68,20561,47.69,D
sh688297,中无人机,2025-10-17 13:03:40,47.65,4567,47.65,D
sh688297,中无人机,2025-10-17 13:03:46,47.65,10351,47.65,U
sh688297,中无人机,2025-10-17 13:03:49,47.65,4877,47.65,U
sh688297,中无人机,2025-10-17 13:03:52,47.65,11259,47.65,D
sh688297,中无人机,2025-10-17 13:03:55,47.7,18728,47.65,U
sh688297,中无人机,2025-10-17 13:03:58,47.72,7715,47.7,E
sh688297,中无人机,2025-10-17 13:04:04,47.72,13159,47.72,D
sh688297,中无人机,2025-10-17 13:04:07,47.72,6536,47.72,D
sh688297,中无人机,2025-10-17 13:04:58,47.81,8365,47.83,D
sh688297,中无人机,2025-10-17 13:05:01,47.79,6408,47.81,D
sh688297,中无人机,2025-10-17 13:05:04,47.79,6411,47.79,D
sh688297,中无人机,2025-10-17 13:05:07,47.75,28841,47.79,D
sh688297,中无人机,2025-10-17 13:05:28,47.68,10437,47.7,D
sh688297,中无人机,2025-10-17 13:05:31,47.73,8700,47.68,U
sh688297,中无人机,2025-10-17 13:05:55,47.72,10200,47.7,U
sh688297,中无人机,2025-10-17 13:06:34,47.77,5033,47.73,U
sh688297,中无人机,2025-10-17 13:06:49,47.77,6445,47.77,U
sh688297,中无人机,2025-10-17 13:06:55,47.74,6736,47.77,D
sh688297,中无人机,2025-10-17 13:07:01,47.71,10498,47.77,D
sh688297,中无人机,2025-10-17 13:07:43,47.67,5541,47.68,D
sh688297,中无人机,2025-10-17 13:07:46,47.66,21420,47.67,D
sh688297,中无人机,2025-10-17 13:07:52,47.65,6000,47.66,U
sh688297,中无人机,2025-10-17 13:08:01,47.63,11400,47.63,U
sh688297,中无人机,2025-10-17 13:08:10,47.68,12900,47.67,U
sh688297,中无人机,2025-10-17 13:08:13,47.63,28404,47.68,D
sh688297,中无人机,2025-10-17 13:08:40,47.58,40827,47.68,D
sh688297,中无人机,2025-10-17 13:10:07,47.72,4377,47.72,D
sh688297,中无人机,2025-10-17 13:10:16,47.7,5049,47.71,D
sh688297,中无人机,2025-10-17 13:10:37,47.7,4346,47.69,U
sh688297,中无人机,2025-10-17 13:11:31,47.7,5942,47.71,D
sh688297,中无人机,2025-10-17 13:12:28,47.7,18333,47.69,U
sh688297,中无人机,2025-10-17 13:12:34,47.71,8427,47.69,U
sh688297,中无人机,2025-10-17 13:12:40,47.68,9267,47.71,D
sh688297,中无人机,2025-10-17 13:13:01,47.69,14189,47.66,D
sh688297,中无人机,2025-10-17 13:14:16,47.72,20824,47.66,E
sh688297,中无人机,2025-10-17 13:14:46,47.7,12400,47.67,U
sh688297,中无人机,2025-10-17 13:14:52,47.68,4872,47.7,D
sh688297,中无人机,2025-10-17 13:14:55,47.67,8616,47.68,D
sh688297,中无人机,2025-10-17 13:15:07,47.67,8664,47.67,U
sh688297,中无人机,2025-10-17 13:15:43,47.79,4715,47.79,U
sh688297,中无人机,2025-10-17 13:15:46,47.79,4509,47.79,D
sh688297,中无人机,2025-10-17 13:16:16,47.74,4217,47.76,D
sh688297,中无人机,2025-10-17 13:18:25,47.6,14121,47.67,D
sh688297,中无人机,2025-10-17 13:18:28,47.59,36034,47.6,D
sh688297,中无人机,2025-10-17 13:18:31,47.6,5018,47.59,U
sh688297,中无人机,2025-10-17 13:18:55,47.58,9900,47.59,D
sh688297,中无人机,2025-10-17 13:19:04,47.58,10700,47.56,U
sh688297,中无人机,2025-10-17 13:19:52,47.51,11841,47.51,D
sh688297,中无人机,2025-10-17 13:19:58,47.58,8529,47.55,U
sh688297,中无人机,2025-10-17 13:20:34,47.54,7507,47.58,D
sh688297,中无人机,2025-10-17 13:20:58,47.64,34617,47.58,U
sh688297,中无人机,2025-10-17 13:21:52,47.65,7041,47.66,D
sh688297,中无人机,2025-10-17 13:21:58,47.66,4622,47.66,U
sh688297,中无人机,2025-10-17 13:22:31,47.64,9944,47.63,U
sh688297,中无人机,2025-10-17 13:22:34,47.63,12988,47.64,D
sh688297,中无人机,2025-10-17 13:22:49,47.6,11998,47.62,D
sh688297,中无人机,2025-10-17 13:23:16,47.56,4234,47.61,D
sh688297,中无人机,2025-10-17 13:23:31,47.56,7418,47.56,U
sh688297,中无人机,2025-10-17 13:23:34,47.55,18756,47.56,D
sh688297,中无人机,2025-10-17 13:23:55,47.56,4422,47.56,U
sh688297,中无人机,2025-10-17 13:24:04,47.56,19981,47.56,U
sh688297,中无人机,2025-10-17 13:24:07,47.61,6948,47.56,U
sh688297,中无人机,2025-10-17 13:24:10,47.64,6051,47.61,U
sh688297,中无人机,2025-10-17 13:24:13,47.55,53630,47.64,D
sh688297,中无人机,2025-10-17 13:24:46,47.64,14432,47.66,D
sh688297,中无人机,2025-10-17 13:24:52,47.64,10262,47.66,D
sh688297,中无人机,2025-10-17 13:24:58,47.62,6520,47.64,D
sh688297,中无人机,2025-10-17 13:25:49,47.75,6714,47.75,D
sh688297,中无人机,2025-10-17 13:27:04,47.74,11300,47.74,U
sh688297,中无人机,2025-10-17 13:28:55,47.8,8551,47.8,U
sh688297,中无人机,2025-10-17 13:30:04,47.78,4430,47.8,D
sh688297,中无人机,2025-10-17 13:30:10,47.79,4389,47.78,U
sh688297,中无人机,2025-10-17 13:30:19,47.79,6150,47.79,U
sh688297,中无人机,2025-10-17 13:30:46,47.78,11447,47.81,D
sh688297,中无人机,2025-10-17 13:31:28,47.78,4260,47.79,D
sh688297,中无人机,2025-10-17 13:31:34,47.78,7557,47.78,E
sh688297,中无人机,2025-10-17 13:31:37,47.75,5350,47.78,D
sh688297,中无人机,2025-10-17 13:31:40,47.74,4368,47.75,D
sh688297,中无人机,2025-10-17 13:33:04,47.65,5358,47.67,D
sh688297,中无人机,2025-10-17 13:33:07,47.64,5500,47.65,D
sh688297,中无人机,2025-10-17 13:33:55,47.6,5126,47.6,U
sh688297,中无人机,2025-10-17 13:34:19,47.6,5004,47.61,D
sh688297,中无人机,2025-10-17 13:34:37,47.6,9800,47.61,D
sh688297,中无人机,2025-10-17 13:35:58,47.62,5530,47.59,U
sh688297,中无人机,2025-10-17 13:36:01,47.59,5635,47.62,D
sh688297,中无人机,2025-10-17 13:36:07,47.59,5078,47.59,D
sh688297,中无人机,2025-10-17 13:36:22,47.58,4503,47.58,D
sh688297,中无人机,2025-10-17 13:36:34,47.6,10262,47.6,U
sh688297,中无人机,2025-10-17 13:36:43,47.56,7542,47.56,D
sh688297,中无人机,2025-10-17 13:36:55,47.55,4568,47.56,D
sh688297,中无人机,2025-10-17 13:38:40,47.6,21719,47.57,U
sh688297,中无人机,2025-10-17 13:38:55,47.6,11032,47.56,U
sh688297,中无人机,2025-10-17 13:38:58,47.6,22719,47.6,D
sh688297,中无人机,2025-10-17 13:39:58,47.62,13052,47.6,U
sh688297,中无人机,2025-10-17 13:42:46,47.54,6005,47.54,D
sh688297,中无人机,2025-10-17 13:43:10,47.51,6115,47.52,D
sh688297,中无人机,2025-10-17 13:43:13,47.5,30566,47.51,D
sh688297,中无人机,2025-10-17 13:43:19,47.5,8157,47.5,D
sh688297,中无人机,2025-10-17 13:43:43,47.49,4400,47.5,D
sh688297,中无人机,2025-10-17 13:44:25,47.49,10131,47.48,E
sh688297,中无人机,2025-10-17 13:44:49,47.47,5507,47.49,D
sh688297,中无人机,2025-10-17 13:45:13,47.47,11777,47.47,U
sh688297,中无人机,2025-10-17 13:45:40,47.47,24800,47.46,U
sh688297,中无人机,2025-10-17 13:46:01,47.47,7884,47.47,U
sh688297,中无人机,2025-10-17 13:46:19,47.51,22665,47.46,U
sh688297,中无人机,2025-10-17 13:46:55,47.51,17821,47.52,D
sh688297,中无人机,2025-10-17 13:46:58,47.51,7780,47.51,D
sh688297,中无人机,2025-10-17 13:47:25,47.47,8482,47.48,D
sh688297,中无人机,2025-10-17 13:48:07,47.46,14987,47.44,U
sh688297,中无人机,2025-10-17 13:48:19,47.46,4510,47.46,U
sh688297,中无人机,2025-10-17 13:48:31,47.48,6815,47.48,U
sh688297,中无人机,2025-10-17 13:50:43,47.5,13024,47.56,D
sh688297,中无人机,2025-10-17 13:50:55,47.5,14722,47.5,U
sh688297,中无人机,2025-10-17 13:50:58,47.5,19603,47.5,U
sh688297,中无人机,2025-10-17 13:54:28,47.53,10863,47.55,D
sh688297,中无人机,2025-10-17 13:54:52,47.52,6325,47.52,D
sh688297,中无人机,2025-10-17 13:55:04,47.5,11286,47.52,D
sh688297,中无人机,2025-10-17 13:55:07,47.46,7876,47.5,D
sh688297,中无人机,2025-10-17 13:57:19,47.48,4400,47.48,U
sh688297,中无人机,2025-10-17 13:57:40,47.46,4928,47.48,D
sh688297,中无人机,2025-10-17 13:58:46,47.45,5411,47.46,D
sh688297,中无人机,2025-10-17 13:58:58,47.48,5023,47.45,U
sh688297,中无人机,2025-10-17 13:59:46,47.45,4405,47.45,U
sh688297,中无人机,2025-10-17 14:00:16,47.43,4227,47.44,D
sh688297,中无人机,2025-10-17 14:00:19,47.39,22356,47.43,D
sh688297,中无人机,2025-10-17 14:00:58,47.3,21829,47.34,D
sh688297,中无人机,2025-10-17 14:01:01,47.33,20796,47.3,U
sh688297,中无人机,2025-10-17 14:01:10,47.33,37858,47.3,U
sh688297,中无人机,2025-10-17 14:01:22,47.3,19158,47.33,D
sh688297,中无人机,2025-10-17 14:01:25,47.3,13073,47.3,D
sh688297,中无人机,2025-10-17 14:01:28,47.3,6791,47.3,D
sh688297,中无人机,2025-10-17 14:02:31,47.34,6800,47.36,D
sh688297,中无人机,2025-10-17 14:02:37,47.39,8732,47.34,U
sh688297,中无人机,2025-10-17 14:02:43,47.4,4410,47.39,U
sh688297,中无人机,2025-10-17 14:02:58,47.41,24836,47.4,U
sh688297,中无人机,2025-10-17 14:04:16,47.48,5000,47.5,D
sh688297,中无人机,2025-10-17 14:04:25,47.5,5600,47.5,U
sh688297,中无人机,2025-10-17 14:05:25,47.5,6161,47.47,U
sh688297,中无人机,2025-10-17 14:05:55,47.45,22683,47.5,D
sh688297,中无人机,2025-10-17 14:05:58,47.45,4707,47.45,U
sh688297,中无人机,2025-10-17 14:06:10,47.45,22165,47.45,U
sh688297,中无人机,2025-10-17 14:06:16,47.45,7353,47.5,D
sh688297,中无人机,2025-10-17 14:07:46,47.56,11275,47.58,D
sh688297,中无人机,2025-10-17 14:08:16,47.54,4400,47.55,E
sh688297,中无人机,2025-10-17 14:08:22,47.5,10223,47.55,D
sh688297,中无人机,2025-10-17 14:08:49,47.49,18940,47.5,D
sh688297,中无人机,2025-10-17 14:09:10,47.49,4236,47.49,D
sh688297,中无人机,2025-10-17 14:09:13,47.49,4449,47.49,D
sh688297,中无人机,2025-10-17 14:09:22,47.49,9651,47.51,D
sh688297,中无人机,2025-10-17 14:10:04,47.43,12169,47.44,D
sh688297,中无人机,2025-10-17 14:10:52,47.34,5000,47.38,D
sh688297,中无人机,2025-10-17 14:11:19,47.34,9114,47.33,U
sh688297,中无人机,2025-10-17 14:11:22,47.34,10846,47.34,D
sh688297,中无人机,2025-10-17 14:11:28,47.35,7874,47.35,U
sh688297,中无人机,2025-10-17 14:11:34,47.35,7343,47.35,D
sh688297,中无人机,2025-10-17 14:11:40,47.35,4758,47.35,U
sh688297,中无人机,2025-10-17 14:15:16,47.38,6600,47.39,D
sh688297,中无人机,2025-10-17 14:15:25,47.39,8472,47.39,D
sh688297,中无人机,2025-10-17 14:16:04,47.45,12223,47.4,U
sh688297,中无人机,2025-10-17 14:17:34,47.37,6000,47.37,D
sh688297,中无人机,2025-10-17 14:18:01,47.36,7689,47.36,D
sh688297,中无人机,2025-10-17 14:18:07,47.36,12316,47.35,U
sh688297,中无人机,2025-10-17 14:18:10,47.36,5401,47.36,U
sh688297,中无人机,2025-10-17 14:18:13,47.35,6200,47.36,D
sh688297,中无人机,2025-10-17 14:19:04,47.35,8273,47.39,D
sh688297,中无人机,2025-10-17 14:19:40,47.36,5000,47.36,D
sh688297,中无人机,2025-10-17 14:20:04,47.39,4313,47.39,U
sh688297,中无人机,2025-10-17 14:22:22,47.42,6413,47.43,U
sh688297,中无人机,2025-10-17 14:22:58,47.41,5311,47.42,D
sh688297,中无人机,2025-10-17 14:23:01,47.43,16375,47.41,E
sh688297,中无人机,2025-10-17 14:24:49,47.41,4550,47.48,D
sh688297,中无人机,2025-10-17 14:26:04,47.41,5729,47.41,D
sh688297,中无人机,2025-10-17 14:27:13,47.36,11979,47.37,D
sh688297,中无人机,2025-10-17 14:27:19,47.35,7118,47.37,D
sh688297,中无人机,2025-10-17 14:27:28,47.35,16300,47.35,U
sh688297,中无人机,2025-10-17 14:28:07,47.32,10432,47.33,D
sh688297,中无人机,2025-10-17 14:28:19,47.33,10552,47.32,U
sh688297,中无人机,2025-10-17 14:28:22,47.36,7907,47.33,U
sh688297,中无人机,2025-10-17 14:30:04,47.34,27955,47.34,D
sh688297,中无人机,2025-10-17 14:30:13,47.34,8600,47.34,U
sh688297,中无人机,2025-10-17 14:30:16,47.33,8000,47.34,D
sh688297,中无人机,2025-10-17 14:30:58,47.32,6233,47.32,D
sh688297,中无人机,2025-10-17 14:31:25,47.31,18600,47.33,D
sh688297,中无人机,2025-10-17 14:31:28,47.29,18642,47.31,D
sh688297,中无人机,2025-10-17 14:32:07,47.2,6000,47.22,D
sh688297,中无人机,2025-10-17 14:32:19,47.21,9193,47.22,E
sh688297,中无人机,2025-10-17 14:32:22,47.21,7895,47.21,U
sh688297,中无人机,2025-10-17 14:32:25,47.21,5903,47.21,U
sh688297,中无人机,2025-10-17 14:32:28,47.22,6511,47.21,U
sh688297,中无人机,2025-10-17 14:32:34,47.22,10575,47.22,D
sh688297,中无人机,2025-10-17 14:32:49,47.19,8650,47.19,D
sh688297,中无人机,2025-10-17 14:33:04,47.2,4898,47.19,D
sh688297,中无人机,2025-10-17 14:33:07,47.19,6644,47.2,D
sh688297,中无人机,2025-10-17 14:34:31,47.23,6166,47.23,D
sh688297,中无人机,2025-10-17 14:34:46,47.23,6226,47.23,U
sh688297,中无人机,2025-10-17 14:36:07,47.23,4445,47.24,D
sh688297,中无人机,2025-10-17 14:37:31,47.3,4300,47.28,U
sh688297,中无人机,2025-10-17 14:39:55,47.43,4442,47.43,U
sh688297,中无人机,2025-10-17 14:40:10,47.42,5470,47.39,U
sh688297,中无人机,2025-10-17 14:40:13,47.42,17240,47.42,D
sh688297,中无人机,2025-10-17 14:41:04,47.4,12623,47.38,E
sh688297,中无人机,2025-10-17 14:41:31,47.38,5659,47.42,D
sh688297,中无人机,2025-10-17 14:42:40,47.42,5056,47.41,U
sh688297,中无人机,2025-10-17 14:42:52,47.42,6700,47.41,U
sh688297,中无人机,2025-10-17 14:42:55,47.41,9434,47.42,D
sh688297,中无人机,2025-10-17 14:42:58,47.41,7266,47.41,U
sh688297,中无人机,2025-10-17 14:43:07,47.45,4546,47.43,U
sh688297,中无人机,2025-10-17 14:43:13,47.42,6554,47.45,D
sh688297,中无人机,2025-10-17 14:43:16,47.42,7074,47.42,U
sh688297,中无人机,2025-10-17 14:44:16,47.49,6299,47.49,D
sh688297,中无人机,2025-10-17 14:44:46,47.49,4511,47.49,D
sh688297,中无人机,2025-10-17 14:44:52,47.45,6208,47.46,D
sh688297,中无人机,2025-10-17 14:45:01,47.45,4354,47.42,U
sh688297,中无人机,2025-10-17 14:46:10,47.39,5229,47.43,D
sh688297,中无人机,2025-10-17 14:46:31,47.4,5137,47.38,U
sh688297,中无人机,2025-10-17 14:46:46,47.42,5561,47.39,U
sh688297,中无人机,2025-10-17 14:48:07,47.39,4419,47.37,U
sh688297,中无人机,2025-10-17 14:49:40,47.39,4400,47.4,D
sh688297,中无人机,2025-10-17 14:49:43,47.38,9749,47.39,D
sh688297,中无人机,2025-10-17 14:50:04,47.38,7519,47.37,U
sh688297,中无人机,2025-10-17 14:50:58,47.35,4523,47.36,D
sh688297,中无人机,2025-10-17 14:51:46,47.29,11717,47.33,D
sh688297,中无人机,2025-10-17 14:51:52,47.34,6700,47.29,U
sh688297,中无人机,2025-10-17 14:51:58,47.34,4313,47.3,U
sh688297,中无人机,2025-10-17 14:52:01,47.3,7252,47.34,D
sh688297,中无人机,2025-10-17 14:52:07,47.29,10386,47.3,D
sh688297,中无人机,2025-10-17 14:52:19,47.29,5853,47.29,D
sh688297,中无人机,2025-10-17 14:52:28,47.29,5048,47.29,U
sh688297,中无人机,2025-10-17 14:52:34,47.31,6900,47.29,U
sh688297,中无人机,2025-10-17 14:52:52,47.3,9248,47.31,D
sh688297,中无人机,2025-10-17 14:53:07,47.33,6578,47.31,D
sh688297,中无人机,2025-10-17 14:53:10,47.3,8033,47.33,D
sh688297,中无人机,2025-10-17 14:53:16,47.34,4297,47.3,D
sh688297,中无人机,2025-10-17 14:53:19,47.34,6098,47.34,U
sh688297,中无人机,2025-10-17 14:53:31,47.34,4279,47.33,U
sh688297,中无人机,2025-10-17 14:54:19,47.34,7588,47.34,D
sh688297,中无人机,2025-10-17 14:54:46,47.38,4768,47.36,U
sh688297,中无人机,2025-10-17 14:55:04,47.42,6760,47.39,U
sh688297,中无人机,2025-10-17 14:55:07,47.37,4615,47.42,D
sh688297,中无人机,2025-10-17 14:55:16,47.38,6362,47.42,D
sh688297,中无人机,2025-10-17 14:55:37,47.39,5762,47.4,D
sh688297,中无人机,2025-10-17 14:55:52,47.4,5156,47.44,D
sh688297,中无人机,2025-10-17 14:55:55,47.4,6200,47.4,U
sh688297,中无人机,2025-10-17 14:55:58,47.47,8200,47.4,U
sh688297,中无人机,2025-10-17 14:56:01,47.38,8083,47.47,D
sh688297,中无人机,2025-10-17 14:56:49,47.41,6765,47.4,U
sh688297,中无人机,2025-10-17 15:00:03,47.42,43825,47.42,U
