symbol,name,ticktime,price,volume,prev_price,kind
sh688297,中无人机,2025-09-19 09:25:01,47.26,19274,0.0,U
sh688297,中无人机,2025-09-19 09:30:09,47.15,10416,47.16,D
sh688297,中无人机,2025-09-19 09:30:11,47.19,4785,47.15,U
sh688297,中无人机,2025-09-19 09:30:17,47.2,10803,47.18,U
sh688297,中无人机,2025-09-19 09:30:20,47.27,7272,47.2,U
sh688297,中无人机,2025-09-19 09:30:26,47.21,6200,47.21,D
sh688297,中无人机,2025-09-19 09:30:30,47.26,8046,47.21,U
sh688297,中无人机,2025-09-19 09:30:35,47.26,11282,47.3,D
sh688297,中无人机,2025-09-19 09:30:38,47.35,9298,47.26,U
sh688297,中无人机,2025-09-19 09:30:47,47.4,5400,47.37,U
sh688297,中无人机,2025-09-19 09:30:50,47.39,15090,47.4,D
sh688297,中无人机,2025-09-19 09:30:53,47.47,6700,47.39,U
sh688297,中无人机,2025-09-19 09:30:57,47.5,15064,47.47,U
sh688297,中无人机,2025-09-19 09:31:00,47.5,9550,47.5,U
sh688297,中无人机,2025-09-19 09:31:03,47.57,6433,47.5,U
sh688297,中无人机,2025-09-19 09:31:05,47.67,9099,47.57,U
sh688297,中无人机,2025-09-19 09:31:14,47.82,4555,47.78,U
sh688297,中无人机,2025-09-19 09:31:18,47.85,12075,47.82,E
sh688297,中无人机,2025-09-19 09:31:20,47.88,6600,47.85,E
sh688297,中无人机,2025-09-19 09:31:24,47.93,9186,47.88,U
sh688297,中无人机,2025-09-19 09:31:27,47.93,14214,47.93,D
sh688297,中无人机,2025-09-19 09:31:29,47.93,5779,47.93,D
sh688297,中无人机,2025-09-19 09:31:33,47.99,27499,47.93,U
sh688297,中无人机,2025-09-19 09:31:39,48.02,15800,48.1,D
sh688297,中无人机,2025-09-19 09:31:42,48.03,10184,48.02,E
sh688297,中无人机,2025-09-19 09:31:45,48.0,4665,48.03,D
sh688297,中无人机,2025-09-19 09:31:51,48.0,12027,48.05,E
sh688297,中无人机,2025-09-19 09:31:54,48.02,6628,48.0,U
sh688297,中无人机,2025-09-19 09:31:57,47.95,11800,48.02,D
sh688297,中无人机,2025-09-19 09:32:06,47.93,5710,47.95,D
sh688297,中无人机,2025-09-19 09:32:09,47.95,9906,47.93,D
sh688297,中无人机,2025-09-19 09:32:12,47.98,4366,47.95,E
sh688297,中无人机,2025-09-19 09:32:18,48.01,8952,47.97,E
sh688297,中无人机,2025-09-19 09:32:21,48.02,13602,48.01,U
sh688297,中无人机,2025-09-19 09:32:24,48.09,24525,48.02,U
sh688297,中无人机,2025-09-19 09:32:26,48.11,11798,48.09,U
sh688297,中无人机,2025-09-19 09:32:33,48.18,9000,48.15,U
sh688297,中无人机,2025-09-19 09:32:42,48.3,36509,48.27,U
sh688297,中无人机,2025-09-19 09:32:44,48.3,17058,48.3,D
sh688297,中无人机,2025-09-19 09:32:48,48.31,9394,48.3,E
sh688297,中无人机,2025-09-19 09:32:50,48.3,18080,48.31,U
sh688297,中无人机,2025-09-19 09:32:53,48.34,12562,48.3,D
sh688297,中无人机,2025-09-19 09:32:57,48.35,67012,48.34,U
sh688297,中无人机,2025-09-19 09:33:00,48.35,29158,48.35,U
sh688297,中无人机,2025-09-19 09:33:03,48.4,13638,48.35,U
sh688297,中无人机,2025-09-19 09:33:06,48.42,6869,48.4,U
sh688297,中无人机,2025-09-19 09:33:09,48.41,20830,48.42,E
sh688297,中无人机,2025-09-19 09:33:11,48.42,19704,48.41,U
sh688297,中无人机,2025-09-19 09:33:14,48.45,19456,48.42,U
sh688297,中无人机,2025-09-19 09:33:18,48.46,32825,48.45,U
sh688297,中无人机,2025-09-19 09:33:21,48.56,26159,48.46,U
sh688297,中无人机,2025-09-19 09:33:24,48.56,12854,48.56,D
sh688297,中无人机,2025-09-19 09:33:27,48.6,11790,48.56,U
sh688297,中无人机,2025-09-19 09:33:30,48.59,10745,48.6,D
sh688297,中无人机,2025-09-19 09:33:33,48.65,15400,48.59,U
sh688297,中无人机,2025-09-19 09:33:36,48.61,10591,48.65,D
sh688297,中无人机,2025-09-19 09:33:38,48.59,16868,48.61,D
sh688297,中无人机,2025-09-19 09:33:42,48.55,14940,48.59,D
sh688297,中无人机,2025-09-19 09:33:44,48.52,5303,48.55,E
sh688297,中无人机,2025-09-19 09:33:48,48.51,5563,48.52,D
sh688297,中无人机,2025-09-19 09:33:51,48.51,15340,48.51,D
sh688297,中无人机,2025-09-19 09:33:54,48.51,13465,48.51,U
sh688297,中无人机,2025-09-19 09:33:57,48.49,24061,48.51,D
sh688297,中无人机,2025-09-19 09:34:00,48.48,8659,48.49,D
sh688297,中无人机,2025-09-19 09:34:02,48.46,5050,48.48,D
sh688297,中无人机,2025-09-19 09:34:06,48.56,85336,48.46,U
sh688297,中无人机,2025-09-19 09:34:08,48.49,11112,48.56,D
sh688297,中无人机,2025-09-19 09:34:12,48.55,15635,48.49,E
sh688297,中无人机,2025-09-19 09:34:14,48.49,6598,48.55,D
sh688297,中无人机,2025-09-19 09:34:18,48.56,8920,48.49,U
sh688297,中无人机,2025-09-19 09:34:20,48.55,5600,48.56,D
sh688297,中无人机,2025-09-19 09:34:24,48.55,17073,48.55,D
sh688297,中无人机,2025-09-19 09:34:27,48.55,5122,48.55,U
sh688297,中无人机,2025-09-19 09:34:30,48.55,24144,48.55,U
sh688297,中无人机,2025-09-19 09:34:33,48.5,24396,48.55,D
sh688297,中无人机,2025-09-19 09:34:36,48.46,25405,48.5,D
sh688297,中无人机,2025-09-19 09:34:39,48.4,11880,48.46,D
sh688297,中无人机,2025-09-19 09:34:42,48.46,8011,48.4,U
sh688297,中无人机,2025-09-19 09:34:44,48.45,14846,48.46,D
sh688297,中无人机,2025-09-19 09:34:48,48.49,15883,48.45,U
sh688297,中无人机,2025-09-19 09:34:50,48.48,14005,48.49,D
sh688297,中无人机,2025-09-19 09:34:54,48.55,11440,48.48,U
sh688297,中无人机,2025-09-19 09:34:57,48.66,110555,48.55,U
sh688297,中无人机,2025-09-19 09:35:00,48.72,36745,48.66,U
sh688297,中无人机,2025-09-19 09:35:03,48.88,28428,48.72,U
sh688297,中无人机,2025-09-19 09:35:06,48.96,19851,48.88,U
sh688297,中无人机,2025-09-19 09:35:09,48.99,26191,48.96,U
sh688297,中无人机,2025-09-19 09:35:11,48.96,51784,48.99,D
sh688297,中无人机,2025-09-19 09:35:15,48.9,24529,48.96,D
sh688297,中无人机,2025-09-19 09:35:17,48.81,41832,48.9,E
sh688297,中无人机,2025-09-19 09:35:23,48.69,28638,48.81,D
sh688297,中无人机,2025-09-19 09:35:26,48.84,17313,48.69,E
sh688297,中无人机,2025-09-19 09:35:33,48.72,9447,48.78,D
sh688297,中无人机,2025-09-19 09:35:36,48.82,9555,48.72,U
sh688297,中无人机,2025-09-19 09:35:39,48.82,9260,48.82,D
sh688297,中无人机,2025-09-19 09:35:42,48.9,21784,48.82,U
sh688297,中无人机,2025-09-19 09:35:45,48.86,23532,48.9,D
sh688297,中无人机,2025-09-19 09:35:48,48.9,8363,48.86,U
sh688297,中无人机,2025-09-19 09:35:51,48.86,18382,48.9,D
sh688297,中无人机,2025-09-19 09:35:53,48.82,10819,48.86,D
sh688297,中无人机,2025-09-19 09:35:57,48.86,10198,48.82,U
sh688297,中无人机,2025-09-19 09:36:00,48.86,4808,48.86,D
sh688297,中无人机,2025-09-19 09:36:03,48.85,23309,48.86,D
sh688297,中无人机,2025-09-19 09:36:06,48.84,45199,48.85,U
sh688297,中无人机,2025-09-19 09:36:12,48.87,23519,48.83,U
sh688297,中无人机,2025-09-19 09:36:18,48.74,12183,48.8,D
sh688297,中无人机,2025-09-19 09:36:20,48.84,9827,48.74,U
sh688297,中无人机,2025-09-19 09:36:24,48.83,16275,48.84,U
sh688297,中无人机,2025-09-19 09:36:27,48.79,9268,48.83,E
sh688297,中无人机,2025-09-19 09:36:36,48.74,4823,48.8,D
sh688297,中无人机,2025-09-19 09:36:39,48.76,9800,48.74,U
sh688297,中无人机,2025-09-19 09:36:44,48.72,4300,48.74,D
sh688297,中无人机,2025-09-19 09:36:51,48.74,31201,48.7,U
sh688297,中无人机,2025-09-19 09:36:54,48.78,74797,48.74,U
sh688297,中无人机,2025-09-19 09:36:57,48.78,11065,48.78,D
sh688297,中无人机,2025-09-19 09:36:59,48.74,4719,48.78,U
sh688297,中无人机,2025-09-19 09:37:02,48.66,9124,48.74,D
sh688297,中无人机,2025-09-19 09:37:09,48.68,5530,48.73,D
sh688297,中无人机,2025-09-19 09:37:12,48.71,4400,48.68,E
sh688297,中无人机,2025-09-19 09:37:15,48.71,6627,48.71,D
sh688297,中无人机,2025-09-19 09:37:21,48.63,15855,48.68,D
sh688297,中无人机,2025-09-19 09:37:36,48.56,5543,48.59,E
sh688297,中无人机,2025-09-19 09:37:39,48.54,12339,48.56,D
sh688297,中无人机,2025-09-19 09:37:48,48.45,13306,48.48,D
sh688297,中无人机,2025-09-19 09:37:57,48.5,5500,48.5,U
sh688297,中无人机,2025-09-19 09:38:00,48.46,43699,48.5,D
sh688297,中无人机,2025-09-19 09:38:02,48.5,18549,48.46,U
sh688297,中无人机,2025-09-19 09:38:06,48.5,10224,48.5,D
sh688297,中无人机,2025-09-19 09:38:15,48.48,4861,48.5,E
sh688297,中无人机,2025-09-19 09:38:17,48.47,17695,48.48,E
sh688297,中无人机,2025-09-19 09:38:20,48.5,5500,48.47,E
sh688297,中无人机,2025-09-19 09:38:23,48.52,18623,48.5,U
sh688297,中无人机,2025-09-19 09:38:27,48.54,10802,48.52,U
sh688297,中无人机,2025-09-19 09:38:33,48.54,5956,48.53,U
sh688297,中无人机,2025-09-19 09:38:36,48.54,4674,48.54,D
sh688297,中无人机,2025-09-19 09:38:38,48.48,4817,48.54,D
sh688297,中无人机,2025-09-19 09:38:41,48.54,9112,48.48,U
sh688297,中无人机,2025-09-19 09:38:57,48.5,4848,48.5,D
sh688297,中无人机,2025-09-19 09:39:02,48.5,5789,48.5,D
sh688297,中无人机,2025-09-19 09:39:08,48.58,4632,48.51,U
sh688297,中无人机,2025-09-19 09:39:11,48.6,4312,48.58,U
sh688297,中无人机,2025-09-19 09:39:18,48.6,5586,48.59,U
sh688297,中无人机,2025-09-19 09:39:23,48.65,5640,48.62,U
sh688297,中无人机,2025-09-19 09:39:27,48.65,4465,48.65,U
sh688297,中无人机,2025-09-19 09:39:36,48.66,40409,48.65,E
sh688297,中无人机,2025-09-19 09:39:39,48.67,8487,48.66,U
sh688297,中无人机,2025-09-19 09:39:42,48.68,16969,48.67,U
sh688297,中无人机,2025-09-19 09:39:44,48.52,12623,48.68,D
sh688297,中无人机,2025-09-19 09:39:57,48.69,4411,48.68,U
sh688297,中无人机,2025-09-19 09:39:59,48.68,4500,48.69,D
sh688297,中无人机,2025-09-19 09:40:03,48.68,4322,48.68,D
sh688297,中无人机,2025-09-19 09:40:06,48.68,7633,48.68,U
sh688297,中无人机,2025-09-19 09:40:09,48.66,21251,48.68,D
sh688297,中无人机,2025-09-19 09:40:12,48.63,9451,48.66,E
sh688297,中无人机,2025-09-19 09:40:21,48.64,9895,48.66,D
sh688297,中无人机,2025-09-19 09:40:27,48.59,8900,48.63,D
sh688297,中无人机,2025-09-19 09:40:36,48.55,8274,48.59,D
sh688297,中无人机,2025-09-19 09:40:39,48.58,6399,48.55,U
sh688297,中无人机,2025-09-19 09:40:51,48.6,4138,48.58,U
sh688297,中无人机,2025-09-19 09:41:03,48.72,59074,48.6,U
sh688297,中无人机,2025-09-19 09:41:05,48.72,11302,48.72,U
sh688297,中无人机,2025-09-19 09:41:08,48.74,6400,48.72,U
sh688297,中无人机,2025-09-19 09:41:11,48.71,14448,48.74,D
sh688297,中无人机,2025-09-19 09:41:15,48.75,5668,48.71,U
sh688297,中无人机,2025-09-19 09:41:18,48.73,6442,48.75,D
sh688297,中无人机,2025-09-19 09:41:21,48.73,4372,48.73,U
sh688297,中无人机,2025-09-19 09:41:26,48.73,8543,48.74,D
sh688297,中无人机,2025-09-19 09:41:36,48.78,6145,48.78,U
sh688297,中无人机,2025-09-19 09:41:39,48.78,4500,48.78,D
sh688297,中无人机,2025-09-19 09:41:41,48.79,14302,48.78,U
sh688297,中无人机,2025-09-19 09:41:45,48.8,17098,48.79,U
sh688297,中无人机,2025-09-19 09:41:47,48.79,5156,48.8,D
sh688297,中无人机,2025-09-19 09:41:51,48.74,61639,48.79,D
sh688297,中无人机,2025-09-19 09:41:54,48.8,28607,48.74,U
sh688297,中无人机,2025-09-19 09:42:05,48.82,10595,48.82,U
sh688297,中无人机,2025-09-19 09:42:09,48.79,15657,48.82,D
sh688297,中无人机,2025-09-19 09:42:12,48.81,11400,48.79,E
sh688297,中无人机,2025-09-19 09:42:15,48.8,16877,48.81,E
sh688297,中无人机,2025-09-19 09:42:18,48.73,11555,48.8,D
sh688297,中无人机,2025-09-19 09:42:21,48.69,12418,48.73,D
sh688297,中无人机,2025-09-19 09:42:33,48.62,4428,48.61,E
sh688297,中无人机,2025-09-19 09:42:36,48.61,9040,48.62,D
sh688297,中无人机,2025-09-19 09:42:39,48.66,5192,48.61,U
sh688297,中无人机,2025-09-19 09:42:41,48.61,7789,48.66,E
sh688297,中无人机,2025-09-19 09:42:50,48.62,25039,48.6,U
sh688297,中无人机,2025-09-19 09:43:03,48.6,29932,48.6,U
sh688297,中无人机,2025-09-19 09:43:14,48.48,11261,48.48,U
sh688297,中无人机,2025-09-19 09:43:21,48.47,13058,48.49,D
sh688297,中无人机,2025-09-19 09:43:24,48.48,9517,48.47,U
sh688297,中无人机,2025-09-19 09:43:27,48.41,10272,48.48,D
sh688297,中无人机,2025-09-19 09:43:33,48.38,8417,48.46,D
sh688297,中无人机,2025-09-19 09:43:38,48.38,10403,48.4,U
sh688297,中无人机,2025-09-19 09:43:42,48.36,6587,48.38,D
sh688297,中无人机,2025-09-19 09:43:45,48.37,6226,48.36,U
sh688297,中无人机,2025-09-19 09:43:48,48.38,13828,48.37,U
sh688297,中无人机,2025-09-19 09:43:50,48.38,4591,48.38,U
sh688297,中无人机,2025-09-19 09:43:54,48.37,61452,48.38,D
sh688297,中无人机,2025-09-19 09:43:56,48.48,7100,48.37,U
sh688297,中无人机,2025-09-19 09:43:59,48.49,7035,48.48,U
sh688297,中无人机,2025-09-19 09:44:02,48.5,4175,48.49,U
sh688297,中无人机,2025-09-19 09:44:06,48.54,4325,48.5,U
sh688297,中无人机,2025-09-19 09:44:18,48.51,24782,48.51,U
sh688297,中无人机,2025-09-19 09:44:36,48.47,5072,48.5,D
sh688297,中无人机,2025-09-19 09:44:39,48.47,47151,48.47,D
sh688297,中无人机,2025-09-19 09:44:42,48.51,22650,48.47,U
sh688297,中无人机,2025-09-19 09:44:45,48.48,26422,48.51,D
sh688297,中无人机,2025-09-19 09:44:48,48.52,8086,48.48,E
sh688297,中无人机,2025-09-19 09:44:53,48.6,22977,48.56,U
sh688297,中无人机,2025-09-19 09:44:57,48.6,6812,48.6,U
sh688297,中无人机,2025-09-19 09:45:00,48.66,9025,48.6,U
sh688297,中无人机,2025-09-19 09:45:03,48.82,50273,48.66,U
sh688297,中无人机,2025-09-19 09:45:06,48.85,13498,48.82,U
sh688297,中无人机,2025-09-19 09:45:12,48.87,8417,48.86,U
sh688297,中无人机,2025-09-19 09:45:15,48.88,29704,48.87,U
sh688297,中无人机,2025-09-19 09:45:17,48.88,7476,48.88,D
sh688297,中无人机,2025-09-19 09:45:20,48.88,7685,48.88,D
sh688297,中无人机,2025-09-19 09:45:23,48.81,25129,48.88,D
sh688297,中无人机,2025-09-19 09:45:27,48.88,13908,48.81,U
sh688297,中无人机,2025-09-19 09:45:29,48.66,4146,48.88,D
sh688297,中无人机,2025-09-19 09:45:32,48.68,8852,48.66,E
sh688297,中无人机,2025-09-19 09:45:39,48.68,4600,48.81,D
sh688297,中无人机,2025-09-19 09:45:41,48.68,16734,48.68,E
sh688297,中无人机,2025-09-19 09:45:47,48.72,7515,48.73,U
sh688297,中无人机,2025-09-19 09:45:51,48.68,4757,48.72,E
sh688297,中无人机,2025-09-19 09:45:54,48.8,6600,48.68,U
sh688297,中无人机,2025-09-19 09:46:00,48.8,5159,48.81,U
sh688297,中无人机,2025-09-19 09:46:02,48.81,13409,48.8,U
sh688297,中无人机,2025-09-19 09:46:09,48.78,13117,48.84,D
sh688297,中无人机,2025-09-19 09:46:17,48.84,15257,48.81,U
sh688297,中无人机,2025-09-19 09:46:24,48.84,9194,48.8,U
sh688297,中无人机,2025-09-19 09:46:27,48.85,13120,48.84,U
sh688297,中无人机,2025-09-19 09:46:36,48.76,6455,48.8,D
sh688297,中无人机,2025-09-19 09:46:39,48.72,11688,48.76,D
sh688297,中无人机,2025-09-19 09:46:42,48.59,17090,48.72,D
sh688297,中无人机,2025-09-19 09:46:44,48.58,10840,48.59,D
sh688297,中无人机,2025-09-19 09:46:56,48.6,13500,48.6,D
sh688297,中无人机,2025-09-19 09:47:05,48.68,5762,48.68,U
sh688297,中无人机,2025-09-19 09:47:09,48.68,6038,48.68,U
sh688297,中无人机,2025-09-19 09:47:11,48.68,18816,48.68,D
sh688297,中无人机,2025-09-19 09:47:48,48.8,11834,48.79,U
sh688297,中无人机,2025-09-19 09:47:51,48.8,6446,48.8,U
sh688297,中无人机,2025-09-19 09:47:57,48.74,6264,48.8,D
sh688297,中无人机,2025-09-19 09:48:00,48.74,7193,48.74,D
sh688297,中无人机,2025-09-19 09:48:15,48.72,5900,48.71,E
sh688297,中无人机,2025-09-19 09:48:30,48.78,12153,48.73,U
sh688297,中无人机,2025-09-19 09:48:33,48.79,12038,48.78,U
sh688297,中无人机,2025-09-19 09:48:36,48.8,10565,48.79,U
sh688297,中无人机,2025-09-19 09:48:39,48.81,11518,48.8,U
sh688297,中无人机,2025-09-19 09:48:47,48.8,12081,48.81,D
sh688297,中无人机,2025-09-19 09:48:51,48.78,12589,48.8,D
sh688297,中无人机,2025-09-19 09:48:54,48.79,12768,48.78,U
sh688297,中无人机,2025-09-19 09:48:56,48.75,10568,48.79,E
sh688297,中无人机,2025-09-19 09:49:00,48.78,5500,48.75,U
sh688297,中无人机,2025-09-19 09:49:18,48.8,9709,48.78,U
sh688297,中无人机,2025-09-19 09:49:21,48.75,5007,48.8,D
sh688297,中无人机,2025-09-19 09:49:36,48.81,9087,48.79,U
sh688297,中无人机,2025-09-19 09:49:42,48.81,10769,48.8,U
sh688297,中无人机,2025-09-19 09:49:45,48.82,23363,48.81,U
sh688297,中无人机,2025-09-19 09:49:48,48.83,4967,48.82,U
sh688297,中无人机,2025-09-19 09:49:53,48.84,7069,48.84,U
sh688297,中无人机,2025-09-19 09:49:57,48.88,69040,48.84,U
sh688297,中无人机,2025-09-19 09:50:00,48.9,28877,48.88,U
sh688297,中无人机,2025-09-19 09:50:03,48.9,16900,48.9,U
sh688297,中无人机,2025-09-19 09:50:05,48.92,6263,48.9,U
sh688297,中无人机,2025-09-19 09:50:09,48.88,8923,48.92,D
sh688297,中无人机,2025-09-19 09:50:14,48.88,19151,48.89,D
sh688297,中无人机,2025-09-19 09:50:18,48.9,10998,48.88,U
sh688297,中无人机,2025-09-19 09:50:21,48.91,6500,48.9,U
sh688297,中无人机,2025-09-19 09:50:24,48.86,6539,48.91,D
sh688297,中无人机,2025-09-19 09:50:30,48.84,12642,48.86,D
sh688297,中无人机,2025-09-19 09:50:32,48.91,75042,48.84,U
sh688297,中无人机,2025-09-19 09:50:41,48.89,8400,48.9,U
sh688297,中无人机,2025-09-19 09:50:53,48.87,21449,48.9,D
sh688297,中无人机,2025-09-19 09:51:03,48.87,5604,48.88,E
sh688297,中无人机,2025-09-19 09:51:20,48.9,6346,48.89,U
sh688297,中无人机,2025-09-19 09:51:24,48.91,27616,48.9,U
sh688297,中无人机,2025-09-19 09:51:33,48.91,8581,48.91,D
sh688297,中无人机,2025-09-19 09:51:39,48.85,21825,48.9,D
sh688297,中无人机,2025-09-19 09:51:42,48.85,15913,48.85,D
sh688297,中无人机,2025-09-19 09:51:48,48.7,53127,48.79,D
sh688297,中无人机,2025-09-19 09:51:56,48.69,5256,48.69,D
sh688297,中无人机,2025-09-19 09:52:06,48.75,7413,48.72,U
sh688297,中无人机,2025-09-19 09:52:09,48.71,5330,48.75,E
sh688297,中无人机,2025-09-19 09:52:11,48.69,11441,48.71,D
sh688297,中无人机,2025-09-19 09:52:54,48.65,13642,48.72,D
sh688297,中无人机,2025-09-19 09:52:59,48.75,12709,48.69,U
sh688297,中无人机,2025-09-19 09:53:33,48.63,4437,48.63,D
sh688297,中无人机,2025-09-19 09:53:36,48.65,11701,48.63,U
sh688297,中无人机,2025-09-19 09:53:45,48.63,7168,48.64,D
sh688297,中无人机,2025-09-19 09:53:51,48.62,4721,48.62,D
sh688297,中无人机,2025-09-19 09:53:59,48.62,8700,48.63,D
sh688297,中无人机,2025-09-19 09:54:03,48.62,6361,48.62,D
sh688297,中无人机,2025-09-19 09:54:36,48.66,4602,48.69,D
sh688297,中无人机,2025-09-19 09:55:00,48.61,14726,48.69,D
sh688297,中无人机,2025-09-19 09:55:03,48.53,20522,48.61,D
sh688297,中无人机,2025-09-19 09:55:12,48.48,49995,48.5,D
sh688297,中无人机,2025-09-19 09:55:24,48.4,12374,48.4,D
sh688297,中无人机,2025-09-19 09:55:30,48.29,20169,48.4,D
sh688297,中无人机,2025-09-19 09:55:33,48.3,10155,48.29,U
sh688297,中无人机,2025-09-19 09:55:56,48.3,8484,48.31,D
sh688297,中无人机,2025-09-19 09:56:09,48.28,5253,48.3,D
sh688297,中无人机,2025-09-19 09:56:12,48.3,6103,48.28,U
sh688297,中无人机,2025-09-19 09:56:17,48.33,4877,48.28,U
sh688297,中无人机,2025-09-19 09:56:21,48.27,4749,48.33,D
sh688297,中无人机,2025-09-19 09:56:29,48.27,9437,48.3,D
sh688297,中无人机,2025-09-19 09:56:33,48.28,6490,48.27,U
sh688297,中无人机,2025-09-19 09:56:38,48.3,7748,48.28,U
sh688297,中无人机,2025-09-19 09:56:44,48.28,6283,48.3,D
sh688297,中无人机,2025-09-19 09:56:51,48.31,4669,48.33,D
sh688297,中无人机,2025-09-19 09:57:05,48.27,8218,48.28,D
sh688297,中无人机,2025-09-19 09:57:15,48.16,14727,48.23,D
sh688297,中无人机,2025-09-19 09:57:30,48.14,6100,48.14,D
sh688297,中无人机,2025-09-19 09:57:32,48.15,5589,48.14,U
sh688297,中无人机,2025-09-19 09:57:39,48.12,6425,48.12,D
sh688297,中无人机,2025-09-19 09:57:41,48.14,19411,48.12,U
sh688297,中无人机,2025-09-19 09:57:45,48.14,4580,48.14,U
sh688297,中无人机,2025-09-19 09:57:54,48.3,29093,48.23,U
sh688297,中无人机,2025-09-19 09:58:06,48.31,4576,48.3,U
sh688297,中无人机,2025-09-19 09:58:09,48.34,4680,48.31,U
sh688297,中无人机,2025-09-19 09:58:30,48.38,18421,48.35,U
sh688297,中无人机,2025-09-19 09:58:45,48.36,4818,48.36,D
sh688297,中无人机,2025-09-19 09:58:50,48.35,6891,48.38,D
sh688297,中无人机,2025-09-19 09:58:54,48.31,19238,48.35,D
sh688297,中无人机,2025-09-19 09:59:27,48.24,7760,48.23,D
sh688297,中无人机,2025-09-19 09:59:50,48.23,5200,48.17,U
sh688297,中无人机,2025-09-19 10:00:06,48.16,13450,48.14,U
sh688297,中无人机,2025-09-19 10:00:08,48.14,9558,48.16,D
sh688297,中无人机,2025-09-19 10:00:12,48.14,7122,48.14,D
sh688297,中无人机,2025-09-19 10:00:14,48.13,18078,48.14,D
sh688297,中无人机,2025-09-19 10:00:18,48.22,5037,48.13,U
sh688297,中无人机,2025-09-19 10:00:20,48.13,8163,48.22,D
sh688297,中无人机,2025-09-19 10:00:39,48.23,5409,48.22,U
sh688297,中无人机,2025-09-19 10:00:42,48.17,4638,48.23,D
sh688297,中无人机,2025-09-19 10:01:12,48.13,9946,48.16,D
sh688297,中无人机,2025-09-19 10:01:14,48.14,7245,48.13,E
sh688297,中无人机,2025-09-19 10:01:18,48.15,8139,48.14,U
sh688297,中无人机,2025-09-19 10:01:30,48.13,4957,48.13,D
sh688297,中无人机,2025-09-19 10:01:45,48.13,9666,48.13,U
sh688297,中无人机,2025-09-19 10:01:48,48.12,10053,48.13,D
sh688297,中无人机,2025-09-19 10:02:03,48.11,16116,48.11,U
sh688297,中无人机,2025-09-19 10:02:21,48.09,6700,48.08,U
sh688297,中无人机,2025-09-19 10:02:24,48.07,5000,48.09,D
sh688297,中无人机,2025-09-19 10:02:30,48.07,4258,48.08,D
sh688297,中无人机,2025-09-19 10:02:42,48.1,6114,48.08,U
sh688297,中无人机,2025-09-19 10:02:45,48.11,24395,48.1,U
sh688297,中无人机,2025-09-19 10:03:12,48.15,4373,48.15,U
sh688297,中无人机,2025-09-19 10:03:30,48.19,5020,48.19,U
sh688297,中无人机,2025-09-19 10:03:42,48.15,11220,48.13,U
sh688297,中无人机,2025-09-19 10:03:50,48.13,4798,48.14,D
sh688297,中无人机,2025-09-19 10:03:57,48.12,6391,48.13,D
sh688297,中无人机,2025-09-19 10:04:03,48.2,6956,48.13,U
sh688297,中无人机,2025-09-19 10:04:54,48.16,34186,48.16,D
sh688297,中无人机,2025-09-19 10:05:06,48.1,11353,48.16,D
sh688297,中无人机,2025-09-19 10:05:41,48.12,5848,48.2,D
sh688297,中无人机,2025-09-19 10:05:47,48.1,5212,48.1,D
sh688297,中无人机,2025-09-19 10:05:54,48.08,16244,48.1,D
sh688297,中无人机,2025-09-19 10:06:21,48.11,6097,48.06,U
sh688297,中无人机,2025-09-19 10:07:06,48.09,5932,48.12,D
sh688297,中无人机,2025-09-19 10:07:11,48.09,10616,48.09,U
sh688297,中无人机,2025-09-19 10:08:18,48.12,5037,48.13,D
sh688297,中无人机,2025-09-19 10:08:27,48.11,10247,48.12,D
sh688297,中无人机,2025-09-19 10:08:30,48.11,8262,48.11,U
sh688297,中无人机,2025-09-19 10:08:35,48.11,4374,48.12,D
sh688297,中无人机,2025-09-19 10:09:17,48.09,10200,48.12,D
sh688297,中无人机,2025-09-19 10:10:12,48.13,15887,48.15,D
sh688297,中无人机,2025-09-19 10:10:30,48.09,24545,48.13,D
sh688297,中无人机,2025-09-19 10:10:39,48.09,10400,48.07,U
sh688297,中无人机,2025-09-19 10:11:39,48.1,7219,48.11,D
sh688297,中无人机,2025-09-19 10:12:06,48.15,4516,48.16,D
sh688297,中无人机,2025-09-19 10:12:09,48.15,5431,48.15,U
sh688297,中无人机,2025-09-19 10:12:15,48.15,4555,48.14,U
sh688297,中无人机,2025-09-19 10:12:39,48.14,12385,48.13,U
sh688297,中无人机,2025-09-19 10:12:50,48.15,8400,48.15,U
sh688297,中无人机,2025-09-19 10:12:54,48.18,9220,48.15,U
sh688297,中无人机,2025-09-19 10:13:20,48.21,9703,48.19,U
sh688297,中无人机,2025-09-19 10:13:24,48.23,6393,48.21,U
sh688297,中无人机,2025-09-19 10:14:24,48.22,8174,48.22,D
sh688297,中无人机,2025-09-19 10:14:39,48.22,12000,48.22,U
sh688297,中无人机,2025-09-19 10:15:23,48.3,10300,48.3,U
sh688297,中无人机,2025-09-19 10:15:39,48.3,4577,48.3,U
sh688297,中无人机,2025-09-19 10:15:41,48.29,6800,48.3,D
sh688297,中无人机,2025-09-19 10:16:06,48.29,13022,48.26,U
sh688297,中无人机,2025-09-19 10:17:08,48.32,4573,48.32,U
sh688297,中无人机,2025-09-19 10:17:12,48.3,8086,48.32,D
sh688297,中无人机,2025-09-19 10:17:24,48.25,5360,48.28,D
sh688297,中无人机,2025-09-19 10:17:27,48.28,10000,48.25,U
sh688297,中无人机,2025-09-19 10:17:36,48.23,6500,48.24,D
sh688297,中无人机,2025-09-19 10:17:44,48.22,21477,48.23,D
sh688297,中无人机,2025-09-19 10:17:48,48.23,5377,48.22,U
sh688297,中无人机,2025-09-19 10:18:12,48.18,6500,48.33,D
sh688297,中无人机,2025-09-19 10:19:18,48.25,5556,48.2,U
sh688297,中无人机,2025-09-19 10:19:21,48.25,7224,48.25,D
sh688297,中无人机,2025-09-19 10:19:27,48.25,4764,48.25,D
sh688297,中无人机,2025-09-19 10:20:14,48.25,15082,48.26,D
sh688297,中无人机,2025-09-19 10:20:30,48.21,5563,48.21,D
sh688297,中无人机,2025-09-19 10:20:45,48.21,8651,48.16,U
sh688297,中无人机,2025-09-19 10:22:36,48.22,17721,48.22,D
sh688297,中无人机,2025-09-19 10:22:39,48.23,4979,48.22,U
sh688297,中无人机,2025-09-19 10:23:35,48.26,5866,48.23,U
sh688297,中无人机,2025-09-19 10:23:41,48.26,15045,48.26,U
sh688297,中无人机,2025-09-19 10:25:02,48.26,6091,48.27,D
sh688297,中无人机,2025-09-19 10:25:24,48.26,5216,48.27,D
sh688297,中无人机,2025-09-19 10:27:24,48.22,8129,48.2,U
sh688297,中无人机,2025-09-19 10:28:06,48.3,19934,48.26,U
sh688297,中无人机,2025-09-19 10:29:30,48.35,4236,48.33,U
sh688297,中无人机,2025-09-19 10:29:48,48.35,7392,48.36,D
sh688297,中无人机,2025-09-19 10:29:54,48.33,4996,48.33,D
sh688297,中无人机,2025-09-19 10:31:30,48.28,6706,48.31,D
sh688297,中无人机,2025-09-19 10:32:47,48.24,10800,48.25,D
sh688297,中无人机,2025-09-19 10:33:57,48.22,18400,48.24,D
sh688297,中无人机,2025-09-19 10:34:27,48.22,10000,48.25,D
sh688297,中无人机,2025-09-19 10:35:06,48.32,5079,48.29,U
sh688297,中无人机,2025-09-19 10:36:36,48.22,9538,48.3,D
sh688297,中无人机,2025-09-19 10:36:42,48.19,10400,48.2,D
sh688297,中无人机,2025-09-19 10:36:59,48.21,9900,48.22,D
sh688297,中无人机,2025-09-19 10:37:12,48.17,5296,48.19,D
sh688297,中无人机,2025-09-19 10:38:09,48.15,6000,48.18,D
sh688297,中无人机,2025-09-19 10:39:14,48.25,5426,48.23,U
sh688297,中无人机,2025-09-19 10:40:53,48.21,5656,48.22,E
sh688297,中无人机,2025-09-19 10:41:05,48.15,4342,48.21,D
sh688297,中无人机,2025-09-19 10:43:48,48.23,4619,48.23,D
sh688297,中无人机,2025-09-19 10:44:11,48.23,7345,48.23,U
sh688297,中无人机,2025-09-19 10:44:33,48.22,4600,48.21,U
sh688297,中无人机,2025-09-19 10:46:26,48.17,5905,48.16,D
sh688297,中无人机,2025-09-19 10:46:42,48.12,29712,48.18,D
sh688297,中无人机,2025-09-19 10:46:59,48.13,5500,48.13,U
sh688297,中无人机,2025-09-19 10:49:03,48.1,10790,48.12,D
sh688297,中无人机,2025-09-19 10:49:29,48.09,5000,48.09,D
sh688297,中无人机,2025-09-19 10:49:33,48.09,6100,48.09,D
sh688297,中无人机,2025-09-19 10:49:54,48.06,4439,48.07,D
sh688297,中无人机,2025-09-19 10:50:35,48.06,5772,48.06,D
sh688297,中无人机,2025-09-19 10:50:51,48.09,14622,48.08,U
sh688297,中无人机,2025-09-19 10:53:36,48.04,15808,48.06,D
sh688297,中无人机,2025-09-19 10:55:17,48.0,136550,48.01,D
sh688297,中无人机,2025-09-19 10:55:21,48.0,12587,48.0,D
sh688297,中无人机,2025-09-19 10:55:29,48.0,7996,48.01,D
sh688297,中无人机,2025-09-19 10:55:41,48.01,8581,48.01,U
sh688297,中无人机,2025-09-19 10:55:51,48.0,10581,48.01,D
sh688297,中无人机,2025-09-19 10:55:54,48.0,22150,48.0,D
sh688297,中无人机,2025-09-19 10:55:56,48.0,11357,48.0,D
sh688297,中无人机,2025-09-19 10:56:00,47.98,29042,48.0,D
sh688297,中无人机,2025-09-19 10:56:35,47.89,12238,47.91,D
sh688297,中无人机,2025-09-19 10:56:44,47.89,6072,47.89,D
sh688297,中无人机,2025-09-19 10:56:53,47.81,24000,47.88,D
sh688297,中无人机,2025-09-19 10:57:03,47.8,5055,47.81,D
sh688297,中无人机,2025-09-19 10:57:20,47.83,4265,47.87,D
sh688297,中无人机,2025-09-19 10:57:36,47.9,8200,47.9,U
sh688297,中无人机,2025-09-19 10:57:53,47.83,21449,47.9,D
sh688297,中无人机,2025-09-19 10:58:06,47.81,4581,47.83,D
sh688297,中无人机,2025-09-19 10:58:20,47.83,8100,47.81,U
sh688297,中无人机,2025-09-19 10:58:23,47.81,9256,47.83,D
sh688297,中无人机,2025-09-19 10:58:30,47.83,5884,47.83,U
sh688297,中无人机,2025-09-19 10:58:33,47.81,9898,47.83,D
sh688297,中无人机,2025-09-19 10:58:35,47.9,9254,47.81,U
sh688297,中无人机,2025-09-19 10:59:09,47.9,6244,47.89,U
sh688297,中无人机,2025-09-19 10:59:12,47.98,7275,47.9,U
sh688297,中无人机,2025-09-19 11:00:41,48.02,9822,48.03,D
sh688297,中无人机,2025-09-19 11:00:44,48.01,5303,48.02,D
sh688297,中无人机,2025-09-19 11:00:59,47.98,24281,48.01,D
sh688297,中无人机,2025-09-19 11:03:12,47.91,9265,47.89,U
sh688297,中无人机,2025-09-19 11:03:51,47.98,13249,47.91,U
sh688297,中无人机,2025-09-19 11:04:26,47.98,21923,47.95,U
sh688297,中无人机,2025-09-19 11:06:15,48.14,11982,48.14,U
sh688297,中无人机,2025-09-19 11:08:05,48.12,4700,48.12,U
sh688297,中无人机,2025-09-19 11:11:21,48.15,6285,48.11,U
sh688297,中无人机,2025-09-19 11:14:50,48.19,9116,48.17,U
sh688297,中无人机,2025-09-19 11:15:26,48.08,8468,48.14,D
sh688297,中无人机,2025-09-19 11:17:05,48.05,4742,48.06,D
sh688297,中无人机,2025-09-19 11:18:17,48.08,5056,48.0,U
sh688297,中无人机,2025-09-19 11:20:08,48.02,5180,48.02,D
sh688297,中无人机,2025-09-19 11:23:08,47.99,19277,47.98,U
sh688297,中无人机,2025-09-19 11:29:05,48.02,8888,48.02,U
sh688297,中无人机,2025-09-19 13:00:02,48.06,5424,48.04,U
sh688297,中无人机,2025-09-19 13:00:06,48.06,11142,48.06,D
sh688297,中无人机,2025-09-19 13:00:11,48.06,7940,48.08,D
sh688297,中无人机,2025-09-19 13:00:18,48.06,21914,48.06,D
sh688297,中无人机,2025-09-19 13:00:21,48.05,5637,48.06,D
sh688297,中无人机,2025-09-19 13:01:30,48.16,6583,48.15,U
sh688297,中无人机,2025-09-19 13:01:38,48.19,5781,48.18,U
sh688297,中无人机,2025-09-19 13:02:06,48.28,8369,48.27,U
sh688297,中无人机,2025-09-19 13:02:08,48.31,11181,48.28,U
sh688297,中无人机,2025-09-19 13:02:12,48.31,4765,48.31,U
sh688297,中无人机,2025-09-19 13:02:17,48.36,56294,48.31,U
sh688297,中无人机,2025-09-19 13:02:57,48.4,4833,48.39,U
sh688297,中无人机,2025-09-19 13:03:06,48.4,5679,48.4,D
sh688297,中无人机,2025-09-19 13:03:08,48.43,4221,48.4,U
sh688297,中无人机,2025-09-19 13:03:39,48.48,8196,48.43,U
sh688297,中无人机,2025-09-19 13:03:41,48.49,29041,48.48,U
sh688297,中无人机,2025-09-19 13:03:45,48.49,5000,48.49,U
sh688297,中无人机,2025-09-19 13:04:05,48.43,10751,48.43,U
sh688297,中无人机,2025-09-19 13:04:57,48.44,13337,48.45,D
sh688297,中无人机,2025-09-19 13:05:06,48.43,7262,48.45,D
sh688297,中无人机,2025-09-19 13:05:20,48.46,8906,48.46,U
sh688297,中无人机,2025-09-19 13:05:57,48.43,6013,48.45,D
sh688297,中无人机,2025-09-19 13:06:02,48.38,4509,48.38,D
sh688297,中无人机,2025-09-19 13:06:17,48.3,5000,48.3,D
sh688297,中无人机,2025-09-19 13:06:21,48.4,14479,48.3,U
sh688297,中无人机,2025-09-19 13:07:08,48.35,39640,48.4,D
sh688297,中无人机,2025-09-19 13:10:06,48.28,4910,48.32,D
sh688297,中无人机,2025-09-19 13:10:39,48.26,10099,48.23,U
sh688297,中无人机,2025-09-19 13:10:42,48.23,6601,48.26,D
sh688297,中无人机,2025-09-19 13:10:47,48.23,4500,48.23,U
sh688297,中无人机,2025-09-19 13:13:03,48.22,11900,48.23,D
sh688297,中无人机,2025-09-19 13:13:15,48.22,4962,48.24,D
sh688297,中无人机,2025-09-19 13:16:11,48.2,5600,48.24,D
sh688297,中无人机,2025-09-19 13:16:14,48.21,20212,48.2,E
sh688297,中无人机,2025-09-19 13:17:15,48.25,4495,48.24,U
sh688297,中无人机,2025-09-19 13:17:57,48.24,11881,48.26,D
sh688297,中无人机,2025-09-19 13:19:27,48.18,4258,48.19,D
sh688297,中无人机,2025-09-19 13:22:23,48.09,12903,48.08,E
sh688297,中无人机,2025-09-19 13:24:41,48.0,7675,48.0,D
sh688297,中无人机,2025-09-19 13:24:56,48.0,7565,47.99,U
sh688297,中无人机,2025-09-19 13:25:08,48.0,6595,48.0,D
sh688297,中无人机,2025-09-19 13:26:05,47.96,5414,47.96,D
sh688297,中无人机,2025-09-19 13:26:53,47.97,6200,47.95,U
sh688297,中无人机,2025-09-19 13:29:26,47.9,21313,47.93,D
sh688297,中无人机,2025-09-19 13:29:51,47.95,4900,47.95,U
sh688297,中无人机,2025-09-19 13:30:26,47.95,5000,47.95,U
sh688297,中无人机,2025-09-19 13:30:56,48.0,5600,47.99,U
sh688297,中无人机,2025-09-19 13:31:18,48.02,4600,48.0,U
sh688297,中无人机,2025-09-19 13:32:12,47.97,13493,48.05,D
sh688297,中无人机,2025-09-19 13:32:32,47.92,10200,47.92,D
sh688297,中无人机,2025-09-19 13:32:47,47.88,28557,47.91,D
sh688297,中无人机,2025-09-19 13:32:53,47.88,5476,47.88,D
sh688297,中无人机,2025-09-19 13:33:45,47.95,7329,47.83,U
sh688297,中无人机,2025-09-19 13:33:47,47.97,5021,47.95,U
sh688297,中无人机,2025-09-19 13:33:54,48.02,4700,48.03,E
sh688297,中无人机,2025-09-19 13:33:56,48.05,11600,48.02,U
sh688297,中无人机,2025-09-19 13:33:59,47.95,8900,48.05,D
sh688297,中无人机,2025-09-19 13:34:02,47.93,6217,47.95,D
sh688297,中无人机,2025-09-19 13:34:23,47.9,22505,47.93,D
sh688297,中无人机,2025-09-19 13:34:36,47.9,26600,47.94,D
sh688297,中无人机,2025-09-19 13:35:20,47.84,20952,47.85,D
sh688297,中无人机,2025-09-19 13:36:45,47.81,4300,47.81,D
sh688297,中无人机,2025-09-19 13:36:50,47.82,6896,47.82,U
sh688297,中无人机,2025-09-19 13:36:59,47.82,5200,47.83,U
sh688297,中无人机,2025-09-19 13:37:08,47.77,50182,47.82,D
sh688297,中无人机,2025-09-19 13:37:12,47.74,5100,47.77,D
sh688297,中无人机,2025-09-19 13:37:14,47.73,6690,47.74,D
sh688297,中无人机,2025-09-19 13:37:36,47.74,5197,47.73,U
sh688297,中无人机,2025-09-19 13:38:14,47.73,14475,47.72,U
sh688297,中无人机,2025-09-19 13:38:38,47.73,5188,47.73,D
sh688297,中无人机,2025-09-19 13:39:15,47.83,5000,47.83,D
sh688297,中无人机,2025-09-19 13:39:18,47.84,8769,47.83,U
sh688297,中无人机,2025-09-19 13:39:36,47.83,10630,47.83,U
sh688297,中无人机,2025-09-19 13:40:41,47.74,7657,47.74,D
sh688297,中无人机,2025-09-19 13:41:08,47.71,13155,47.73,D
sh688297,中无人机,2025-09-19 13:41:26,47.7,22905,47.73,D
sh688297,中无人机,2025-09-19 13:42:00,47.7,4371,47.68,D
sh688297,中无人机,2025-09-19 13:42:14,47.69,6935,47.69,D
sh688297,中无人机,2025-09-19 13:43:06,47.75,5407,47.73,U
sh688297,中无人机,2025-09-19 13:43:20,47.79,24454,47.77,U
sh688297,中无人机,2025-09-19 13:47:48,47.81,4388,47.82,D
sh688297,中无人机,2025-09-19 13:48:44,47.8,10000,47.82,D
sh688297,中无人机,2025-09-19 13:49:06,47.84,5353,47.83,U
sh688297,中无人机,2025-09-19 13:52:08,47.87,6360,47.86,U
sh688297,中无人机,2025-09-19 13:52:23,47.86,8154,47.88,D
sh688297,中无人机,2025-09-19 13:54:26,47.79,4900,47.81,D
sh688297,中无人机,2025-09-19 13:55:45,47.77,20100,47.79,E
sh688297,中无人机,2025-09-19 13:55:54,47.75,7230,47.79,D
sh688297,中无人机,2025-09-19 13:57:54,47.82,6200,47.8,U
sh688297,中无人机,2025-09-19 13:59:09,47.8,10700,47.81,D
sh688297,中无人机,2025-09-19 13:59:17,47.84,10400,47.81,U
sh688297,中无人机,2025-09-19 13:59:54,47.76,10010,47.81,D
sh688297,中无人机,2025-09-19 14:01:15,47.75,13156,47.81,D
sh688297,中无人机,2025-09-19 14:04:12,47.86,4715,47.85,U
sh688297,中无人机,2025-09-19 14:04:14,47.85,8796,47.86,D
sh688297,中无人机,2025-09-19 14:05:53,47.93,4910,47.93,D
sh688297,中无人机,2025-09-19 14:05:57,47.87,7737,47.93,D
sh688297,中无人机,2025-09-19 14:07:20,47.92,18043,47.93,D
sh688297,中无人机,2025-09-19 14:07:23,47.94,7200,47.92,U
sh688297,中无人机,2025-09-19 14:07:50,47.93,11769,47.94,D
sh688297,中无人机,2025-09-19 14:09:12,47.95,4858,47.95,U
sh688297,中无人机,2025-09-19 14:10:09,47.99,13503,48.0,D
sh688297,中无人机,2025-09-19 14:10:12,47.99,9132,47.99,D
sh688297,中无人机,2025-09-19 14:10:23,47.99,5068,47.95,U
sh688297,中无人机,2025-09-19 14:10:56,47.95,6500,47.95,U
sh688297,中无人机,2025-09-19 14:13:12,48.01,5410,48.01,U
sh688297,中无人机,2025-09-19 14:14:21,48.01,11785,48.0,U
sh688297,中无人机,2025-09-19 14:14:36,48.02,6644,48.01,U
sh688297,中无人机,2025-09-19 14:16:03,48.03,4979,48.03,U
sh688297,中无人机,2025-09-19 14:16:09,48.03,4182,48.03,U
sh688297,中无人机,2025-09-19 14:16:17,48.03,9543,48.02,U
sh688297,中无人机,2025-09-19 14:17:56,48.05,10100,48.04,U
sh688297,中无人机,2025-09-19 14:21:15,48.0,12586,48.01,D
sh688297,中无人机,2025-09-19 14:21:17,48.0,6431,48.0,D
sh688297,中无人机,2025-09-19 14:21:32,47.98,4693,47.98,D
sh688297,中无人机,2025-09-19 14:23:41,48.06,7222,48.05,U
sh688297,中无人机,2025-09-19 14:26:06,48.06,5241,48.04,U
sh688297,中无人机,2025-09-19 14:26:17,48.06,4670,48.06,U
sh688297,中无人机,2025-09-19 14:28:18,48.09,14213,48.07,U
sh688297,中无人机,2025-09-19 14:28:20,48.09,10439,48.09,U
sh688297,中无人机,2025-09-19 14:30:57,48.1,6941,48.1,D
sh688297,中无人机,2025-09-19 14:33:09,48.07,10459,48.1,D
sh688297,中无人机,2025-09-19 14:33:12,48.02,8658,48.07,D
sh688297,中无人机,2025-09-19 14:34:20,48.05,6224,48.06,D
sh688297,中无人机,2025-09-19 14:36:39,48.05,5239,48.05,U
sh688297,中无人机,2025-09-19 14:36:41,48.05,4982,48.05,U
sh688297,中无人机,2025-09-19 14:37:51,48.06,4379,48.07,D
sh688297,中无人机,2025-09-19 14:41:32,48.06,7992,48.07,D
sh688297,中无人机,2025-09-19 14:42:51,48.06,5000,48.05,U
sh688297,中无人机,2025-09-19 14:42:57,48.04,7349,48.06,D
sh688297,中无人机,2025-09-19 14:43:00,48.04,23562,48.04,D
sh688297,中无人机,2025-09-19 14:43:05,48.06,5000,48.04,U
sh688297,中无人机,2025-09-19 14:44:02,48.06,11036,48.03,U
sh688297,中无人机,2025-09-19 14:44:29,48.07,5000,48.07,U
sh688297,中无人机,2025-09-19 14:44:56,48.04,4600,48.07,D
sh688297,中无人机,2025-09-19 14:46:39,48.05,9619,48.06,D
sh688297,中无人机,2025-09-19 14:47:09,48.04,5200,48.03,U
sh688297,中无人机,2025-09-19 14:47:42,48.04,6300,48.04,U
sh688297,中无人机,2025-09-19 14:47:57,48.03,30700,48.03,D
sh688297,中无人机,2025-09-19 14:49:05,48.03,21379,48.03,D
sh688297,中无人机,2025-09-19 14:49:51,48.03,5000,48.03,D
sh688297,中无人机,2025-09-19 14:50:24,47.99,26510,48.02,D
sh688297,中无人机,2025-09-19 14:51:06,47.92,4607,47.92,U
sh688297,中无人机,2025-09-19 14:51:15,47.89,16507,47.93,D
sh688297,中无人机,2025-09-19 14:53:08,47.87,4891,47.87,U
sh688297,中无人机,2025-09-19 14:53:12,47.86,5500,47.87,D
sh688297,中无人机,2025-09-19 14:53:54,47.89,7262,47.88,U
sh688297,中无人机,2025-09-19 14:54:06,47.9,5200,47.9,U
sh688297,中无人机,2025-09-19 14:55:03,47.93,5773,47.93,E
sh688297,中无人机,2025-09-19 14:55:32,47.95,7400,47.95,U
sh688297,中无人机,2025-09-19 14:55:39,47.95,5500,47.95,D
sh688297,中无人机,2025-09-19 14:56:06,47.99,6085,47.99,U
sh688297,中无人机,2025-09-19 14:56:09,47.99,4640,47.99,D
sh688297,中无人机,2025-09-19 14:56:24,47.95,5211,47.99,D
sh688297,中无人机,2025-09-19 14:56:42,47.98,6334,47.94,U
sh688297,中无人机,2025-09-19 15:00:03,48.0,128372,47.96,U
