symbol,name,ticktime,price,volume,prev_price,kind
sh688297,中无人机,2025-10-13 09:25:00,49.99,93816,0.0,D
sh688297,中无人机,2025-10-13 09:30:03,49.95,4340,49.93,E
sh688297,中无人机,2025-10-13 09:30:06,49.5,11336,49.95,D
sh688297,中无人机,2025-10-13 09:30:09,49.88,13213,49.5,U
sh688297,中无人机,2025-10-13 09:30:12,49.88,24810,49.88,U
sh688297,中无人机,2025-10-13 09:30:15,49.91,84142,49.88,U
sh688297,中无人机,2025-10-13 09:30:18,49.88,10600,49.91,U
sh688297,中无人机,2025-10-13 09:30:21,49.88,4200,49.88,U
sh688297,中无人机,2025-10-13 09:30:24,49.92,6775,49.88,U
sh688297,中无人机,2025-10-13 09:30:27,49.67,9536,49.92,D
sh688297,中无人机,2025-10-13 09:30:30,49.5,11631,49.67,D
sh688297,中无人机,2025-10-13 09:30:33,49.5,5498,49.5,U
sh688297,中无人机,2025-10-13 09:30:36,49.62,13644,49.5,U
sh688297,中无人机,2025-10-13 09:30:39,49.62,5353,49.62,U
sh688297,中无人机,2025-10-13 09:30:42,49.62,19268,49.62,U
sh688297,中无人机,2025-10-13 09:30:45,49.51,22776,49.62,D
sh688297,中无人机,2025-10-13 09:30:48,49.63,45533,49.51,U
sh688297,中无人机,2025-10-13 09:30:51,49.62,27365,49.63,D
sh688297,中无人机,2025-10-13 09:30:54,49.51,52525,49.62,D
sh688297,中无人机,2025-10-13 09:30:57,49.51,4347,49.51,U
sh688297,中无人机,2025-10-13 09:31:00,49.46,15199,49.51,D
sh688297,中无人机,2025-10-13 09:31:03,49.52,4870,49.46,E
sh688297,中无人机,2025-10-13 09:31:06,49.58,6437,49.52,E
sh688297,中无人机,2025-10-13 09:31:09,49.62,4569,49.58,U
sh688297,中无人机,2025-10-13 09:31:15,49.53,22982,49.62,D
sh688297,中无人机,2025-10-13 09:31:18,49.63,11281,49.53,E
sh688297,中无人机,2025-10-13 09:31:27,49.63,4981,49.63,D
sh688297,中无人机,2025-10-13 09:31:36,49.86,6325,49.85,U
sh688297,中无人机,2025-10-13 09:31:39,49.88,23929,49.86,U
sh688297,中无人机,2025-10-13 09:31:43,49.89,26085,49.88,U
sh688297,中无人机,2025-10-13 09:31:45,49.9,11401,49.89,U
sh688297,中无人机,2025-10-13 09:31:48,49.93,44762,49.9,U
sh688297,中无人机,2025-10-13 09:31:51,49.93,15093,49.93,U
sh688297,中无人机,2025-10-13 09:31:54,49.93,6273,49.93,D
sh688297,中无人机,2025-10-13 09:31:57,49.95,6238,49.93,U
sh688297,中无人机,2025-10-13 09:32:00,49.99,16512,49.95,U
sh688297,中无人机,2025-10-13 09:32:03,49.96,17795,49.99,D
sh688297,中无人机,2025-10-13 09:32:06,50.16,17476,49.96,U
sh688297,中无人机,2025-10-13 09:32:09,50.15,6921,50.16,E
sh688297,中无人机,2025-10-13 09:32:12,50.17,8217,50.15,E
sh688297,中无人机,2025-10-13 09:32:15,50.16,5540,50.17,D
sh688297,中无人机,2025-10-13 09:32:18,50.16,6331,50.16,U
sh688297,中无人机,2025-10-13 09:32:21,50.16,4937,50.16,D
sh688297,中无人机,2025-10-13 09:32:30,50.15,11014,50.15,U
sh688297,中无人机,2025-10-13 09:32:36,50.38,38429,50.19,U
sh688297,中无人机,2025-10-13 09:32:39,50.19,29708,50.38,E
sh688297,中无人机,2025-10-13 09:32:42,50.42,7300,50.19,U
sh688297,中无人机,2025-10-13 09:32:48,50.2,4597,50.29,D
sh688297,中无人机,2025-10-13 09:32:51,50.29,4123,50.2,U
sh688297,中无人机,2025-10-13 09:32:54,50.28,4934,50.29,D
sh688297,中无人机,2025-10-13 09:32:57,50.29,5319,50.28,U
sh688297,中无人机,2025-10-13 09:33:00,50.29,5729,50.29,D
sh688297,中无人机,2025-10-13 09:33:09,50.4,12652,50.4,U
sh688297,中无人机,2025-10-13 09:33:12,50.6,37109,50.4,U
sh688297,中无人机,2025-10-13 09:33:15,50.65,26372,50.6,U
sh688297,中无人机,2025-10-13 09:33:21,50.68,8773,50.61,U
sh688297,中无人机,2025-10-13 09:33:27,50.95,14407,50.83,U
sh688297,中无人机,2025-10-13 09:33:30,50.94,10323,50.95,D
sh688297,中无人机,2025-10-13 09:33:33,50.95,5050,50.94,U
sh688297,中无人机,2025-10-13 09:33:36,50.98,7408,50.95,U
sh688297,中无人机,2025-10-13 09:33:39,50.98,13315,50.98,D
sh688297,中无人机,2025-10-13 09:33:42,51.1,21422,50.98,U
sh688297,中无人机,2025-10-13 09:33:45,51.17,5150,51.1,U
sh688297,中无人机,2025-10-13 09:33:51,51.45,5607,51.32,U
sh688297,中无人机,2025-10-13 09:33:57,51.47,5359,51.48,U
sh688297,中无人机,2025-10-13 09:34:00,51.49,7082,51.47,U
sh688297,中无人机,2025-10-13 09:34:03,51.45,32573,51.49,D
sh688297,中无人机,2025-10-13 09:34:06,51.53,28212,51.45,U
sh688297,中无人机,2025-10-13 09:34:09,51.48,16172,51.53,D
sh688297,中无人机,2025-10-13 09:34:12,51.49,6220,51.48,E
sh688297,中无人机,2025-10-13 09:34:15,51.48,20025,51.49,D
sh688297,中无人机,2025-10-13 09:34:18,51.45,14108,51.48,D
sh688297,中无人机,2025-10-13 09:34:21,51.45,29592,51.45,D
sh688297,中无人机,2025-10-13 09:34:24,51.4,8371,51.45,D
sh688297,中无人机,2025-10-13 09:34:27,51.45,26131,51.4,U
sh688297,中无人机,2025-10-13 09:34:30,51.35,8431,51.45,D
sh688297,中无人机,2025-10-13 09:34:33,51.34,8982,51.35,E
sh688297,中无人机,2025-10-13 09:34:36,51.33,15403,51.34,D
sh688297,中无人机,2025-10-13 09:34:39,51.35,11881,51.33,E
sh688297,中无人机,2025-10-13 09:34:42,51.33,11641,51.35,E
sh688297,中无人机,2025-10-13 09:34:45,51.35,15025,51.33,U
sh688297,中无人机,2025-10-13 09:34:48,51.32,7502,51.35,D
sh688297,中无人机,2025-10-13 09:34:51,51.32,13423,51.32,U
sh688297,中无人机,2025-10-13 09:34:54,51.35,6411,51.32,U
sh688297,中无人机,2025-10-13 09:34:57,51.32,27931,51.35,D
sh688297,中无人机,2025-10-13 09:35:00,51.3,44269,51.32,U
sh688297,中无人机,2025-10-13 09:35:04,51.32,19470,51.3,U
sh688297,中无人机,2025-10-13 09:35:06,51.32,18773,51.32,U
sh688297,中无人机,2025-10-13 09:35:09,51.32,18715,51.32,U
sh688297,中无人机,2025-10-13 09:35:12,51.32,20394,51.32,D
sh688297,中无人机,2025-10-13 09:35:15,51.34,11211,51.32,E
sh688297,中无人机,2025-10-13 09:35:18,51.3,16540,51.34,D
sh688297,中无人机,2025-10-13 09:35:24,51.32,6966,51.42,D
sh688297,中无人机,2025-10-13 09:35:31,51.22,4243,51.38,D
sh688297,中无人机,2025-10-13 09:35:33,51.38,7118,51.22,U
sh688297,中无人机,2025-10-13 09:35:39,51.17,9406,51.23,D
sh688297,中无人机,2025-10-13 09:35:42,51.35,6602,51.17,U
sh688297,中无人机,2025-10-13 09:35:45,51.17,4238,51.35,D
sh688297,中无人机,2025-10-13 09:35:48,51.22,7403,51.17,U
sh688297,中无人机,2025-10-13 09:35:57,51.33,7209,51.33,U
sh688297,中无人机,2025-10-13 09:36:01,51.33,42271,51.33,D
sh688297,中无人机,2025-10-13 09:36:03,51.32,18056,51.33,E
sh688297,中无人机,2025-10-13 09:36:06,51.24,9219,51.32,D
sh688297,中无人机,2025-10-13 09:36:09,51.17,9933,51.24,D
sh688297,中无人机,2025-10-13 09:36:13,51.3,14656,51.17,E
sh688297,中无人机,2025-10-13 09:36:15,51.3,27361,51.3,D
sh688297,中无人机,2025-10-13 09:36:21,51.3,9369,51.18,U
sh688297,中无人机,2025-10-13 09:36:36,51.17,12610,51.2,D
sh688297,中无人机,2025-10-13 09:36:40,51.2,13344,51.17,U
sh688297,中无人机,2025-10-13 09:36:42,51.15,10661,51.2,D
sh688297,中无人机,2025-10-13 09:36:45,51.18,4525,51.15,U
sh688297,中无人机,2025-10-13 09:36:49,51.15,6339,51.18,D
sh688297,中无人机,2025-10-13 09:36:54,51.1,4343,51.1,D
sh688297,中无人机,2025-10-13 09:37:03,51.0,4755,51.07,D
sh688297,中无人机,2025-10-13 09:37:09,51.0,8630,51.01,D
sh688297,中无人机,2025-10-13 09:37:15,51.0,17716,50.99,U
sh688297,中无人机,2025-10-13 09:37:21,50.95,14066,50.96,D
sh688297,中无人机,2025-10-13 09:37:30,50.89,7550,50.89,D
sh688297,中无人机,2025-10-13 09:37:36,50.89,5449,50.87,U
sh688297,中无人机,2025-10-13 09:37:39,50.83,5483,50.89,D
sh688297,中无人机,2025-10-13 09:37:42,50.83,8251,50.83,D
sh688297,中无人机,2025-10-13 09:37:45,50.85,5259,50.83,U
sh688297,中无人机,2025-10-13 09:37:48,50.83,5735,50.85,D
sh688297,中无人机,2025-10-13 09:37:51,50.78,8520,50.83,D
sh688297,中无人机,2025-10-13 09:37:54,50.78,22223,50.78,U
sh688297,中无人机,2025-10-13 09:38:00,50.66,4850,50.77,D
sh688297,中无人机,2025-10-13 09:38:03,50.65,6872,50.66,D
sh688297,中无人机,2025-10-13 09:38:06,50.66,11380,50.65,U
sh688297,中无人机,2025-10-13 09:38:09,50.66,9608,50.66,D
sh688297,中无人机,2025-10-13 09:38:12,50.61,16619,50.66,D
sh688297,中无人机,2025-10-13 09:38:15,50.83,4000,50.61,U
sh688297,中无人机,2025-10-13 09:38:18,50.66,12610,50.83,D
sh688297,中无人机,2025-10-13 09:38:21,50.69,7402,50.66,E
sh688297,中无人机,2025-10-13 09:38:27,50.8,4301,50.69,U
sh688297,中无人机,2025-10-13 09:38:30,50.81,4579,50.8,E
sh688297,中无人机,2025-10-13 09:38:36,50.81,10224,50.84,D
sh688297,中无人机,2025-10-13 09:38:42,50.84,10175,50.86,D
sh688297,中无人机,2025-10-13 09:38:45,50.86,7360,50.84,U
sh688297,中无人机,2025-10-13 09:38:48,50.85,6163,50.86,E
sh688297,中无人机,2025-10-13 09:39:00,50.91,12378,50.9,D
sh688297,中无人机,2025-10-13 09:39:03,50.99,14470,50.91,U
sh688297,中无人机,2025-10-13 09:39:06,51.01,4829,50.99,U
sh688297,中无人机,2025-10-13 09:39:12,51.02,14840,51.0,U
sh688297,中无人机,2025-10-13 09:39:18,51.0,14083,51.03,D
sh688297,中无人机,2025-10-13 09:39:24,50.84,41571,50.91,D
sh688297,中无人机,2025-10-13 09:39:30,50.8,7340,50.83,D
sh688297,中无人机,2025-10-13 09:39:36,50.74,4100,50.79,D
sh688297,中无人机,2025-10-13 09:39:39,50.72,5178,50.74,D
sh688297,中无人机,2025-10-13 09:39:43,50.68,7000,50.72,D
sh688297,中无人机,2025-10-13 09:39:45,50.61,34452,50.68,D
sh688297,中无人机,2025-10-13 09:39:48,50.54,18428,50.61,D
sh688297,中无人机,2025-10-13 09:39:54,50.5,5632,50.54,D
sh688297,中无人机,2025-10-13 09:39:57,50.6,8489,50.5,U
sh688297,中无人机,2025-10-13 09:40:00,50.53,4400,50.6,E
sh688297,中无人机,2025-10-13 09:40:03,50.6,14714,50.53,U
sh688297,中无人机,2025-10-13 09:40:06,50.66,8182,50.6,U
sh688297,中无人机,2025-10-13 09:40:09,50.71,18454,50.66,U
sh688297,中无人机,2025-10-13 09:40:12,50.83,5954,50.71,U
sh688297,中无人机,2025-10-13 09:40:21,50.67,6904,50.81,D
sh688297,中无人机,2025-10-13 09:40:30,50.99,4224,50.77,U
sh688297,中无人机,2025-10-13 09:40:36,50.93,6311,50.93,U
sh688297,中无人机,2025-10-13 09:40:39,50.93,4753,50.93,D
sh688297,中无人机,2025-10-13 09:40:42,50.94,8561,50.93,U
sh688297,中无人机,2025-10-13 09:40:57,50.94,8767,51.0,D
sh688297,中无人机,2025-10-13 09:41:00,50.97,14341,50.94,E
sh688297,中无人机,2025-10-13 09:41:06,51.11,40040,50.99,U
sh688297,中无人机,2025-10-13 09:41:09,51.15,5179,51.11,U
sh688297,中无人机,2025-10-13 09:41:12,51.18,4352,51.15,U
sh688297,中无人机,2025-10-13 09:41:15,51.15,4580,51.18,E
sh688297,中无人机,2025-10-13 09:41:24,51.19,6434,51.1,U
sh688297,中无人机,2025-10-13 09:41:27,51.19,8161,51.19,U
sh688297,中无人机,2025-10-13 09:41:30,51.19,16689,51.19,U
sh688297,中无人机,2025-10-13 09:41:39,51.18,5150,51.18,U
sh688297,中无人机,2025-10-13 09:41:51,51.33,36982,51.22,U
sh688297,中无人机,2025-10-13 09:41:54,51.36,11968,51.33,U
sh688297,中无人机,2025-10-13 09:41:57,51.37,4053,51.36,U
sh688297,中无人机,2025-10-13 09:42:03,51.36,10869,51.37,D
sh688297,中无人机,2025-10-13 09:42:06,51.37,4725,51.36,E
sh688297,中无人机,2025-10-13 09:42:09,51.36,5099,51.37,U
sh688297,中无人机,2025-10-13 09:42:12,51.33,6176,51.36,D
sh688297,中无人机,2025-10-13 09:42:15,51.36,15305,51.33,U
sh688297,中无人机,2025-10-13 09:42:21,51.34,17469,51.35,E
sh688297,中无人机,2025-10-13 09:42:24,51.35,19894,51.34,U
sh688297,中无人机,2025-10-13 09:42:27,51.2,12100,51.35,D
sh688297,中无人机,2025-10-13 09:42:30,51.27,4437,51.2,E
sh688297,中无人机,2025-10-13 09:42:36,51.3,15894,51.27,U
sh688297,中无人机,2025-10-13 09:42:39,51.31,13557,51.3,U
sh688297,中无人机,2025-10-13 09:42:55,51.3,5700,51.27,U
sh688297,中无人机,2025-10-13 09:42:57,51.3,5600,51.3,D
sh688297,中无人机,2025-10-13 09:43:06,51.31,4335,51.32,D
sh688297,中无人机,2025-10-13 09:43:18,51.32,5336,51.28,U
sh688297,中无人机,2025-10-13 09:43:24,51.18,26630,51.32,D
sh688297,中无人机,2025-10-13 09:43:27,51.23,4899,51.18,U
sh688297,中无人机,2025-10-13 09:43:36,51.26,7336,51.25,U
sh688297,中无人机,2025-10-13 09:44:03,51.26,20873,51.18,U
sh688297,中无人机,2025-10-13 09:44:21,51.12,10733,51.2,D
sh688297,中无人机,2025-10-13 09:44:24,51.08,6276,51.12,D
sh688297,中无人机,2025-10-13 09:44:36,50.99,7335,51.07,D
sh688297,中无人机,2025-10-13 09:44:39,50.99,14499,50.99,U
sh688297,中无人机,2025-10-13 09:44:51,51.05,6400,51.03,U
sh688297,中无人机,2025-10-13 09:44:57,50.99,26706,51.05,D
sh688297,中无人机,2025-10-13 09:45:00,50.89,18137,50.99,D
sh688297,中无人机,2025-10-13 09:45:30,50.98,5645,50.94,U
sh688297,中无人机,2025-10-13 09:45:54,50.87,11209,50.93,D
sh688297,中无人机,2025-10-13 09:46:00,50.85,9110,50.87,D
sh688297,中无人机,2025-10-13 09:46:06,50.8,4041,50.8,D
sh688297,中无人机,2025-10-13 09:46:39,50.83,8216,50.87,D
sh688297,中无人机,2025-10-13 09:46:57,50.95,4700,50.96,U
sh688297,中无人机,2025-10-13 09:47:03,51.05,32285,50.98,U
sh688297,中无人机,2025-10-13 09:47:09,51.03,8688,51.07,D
sh688297,中无人机,2025-10-13 09:47:12,51.02,4830,51.03,E
sh688297,中无人机,2025-10-13 09:47:18,51.0,19429,50.97,U
sh688297,中无人机,2025-10-13 09:47:24,51.0,4055,50.95,U
sh688297,中无人机,2025-10-13 09:47:42,50.9,5941,50.92,D
sh688297,中无人机,2025-10-13 09:47:48,50.88,8675,50.9,D
sh688297,中无人机,2025-10-13 09:48:00,50.84,7674,50.84,D
sh688297,中无人机,2025-10-13 09:48:03,50.88,19893,50.84,U
sh688297,中无人机,2025-10-13 09:48:06,50.84,5350,50.88,D
sh688297,中无人机,2025-10-13 09:48:27,50.87,5888,50.88,D
sh688297,中无人机,2025-10-13 09:48:36,50.85,5296,50.85,D
sh688297,中无人机,2025-10-13 09:48:39,50.88,7123,50.85,U
sh688297,中无人机,2025-10-13 09:48:45,50.84,5700,50.84,U
sh688297,中无人机,2025-10-13 09:48:57,50.85,4181,50.88,D
sh688297,中无人机,2025-10-13 09:49:06,50.75,20764,50.8,D
sh688297,中无人机,2025-10-13 09:49:12,50.75,4100,50.8,E
sh688297,中无人机,2025-10-13 09:49:24,50.72,4395,50.78,D
sh688297,中无人机,2025-10-13 09:49:30,50.75,13182,50.75,U
sh688297,中无人机,2025-10-13 09:49:33,50.74,8038,50.75,D
sh688297,中无人机,2025-10-13 09:49:36,50.75,5998,50.74,E
sh688297,中无人机,2025-10-13 09:50:03,50.78,5711,50.75,U
sh688297,中无人机,2025-10-13 09:50:06,50.8,3955,50.78,U
sh688297,中无人机,2025-10-13 09:50:12,50.8,4585,50.8,U
sh688297,中无人机,2025-10-13 09:50:15,50.93,17774,50.8,U
sh688297,中无人机,2025-10-13 09:50:30,50.95,4815,50.96,D
sh688297,中无人机,2025-10-13 09:51:03,50.93,6935,50.93,U
sh688297,中无人机,2025-10-13 09:51:12,50.96,5800,50.9,U
sh688297,中无人机,2025-10-13 09:52:12,50.95,9437,51.0,D
sh688297,中无人机,2025-10-13 09:52:45,50.9,4358,50.9,U
sh688297,中无人机,2025-10-13 09:53:21,50.88,4000,50.89,D
sh688297,中无人机,2025-10-13 09:53:27,50.88,10490,50.9,D
sh688297,中无人机,2025-10-13 09:53:30,50.83,4138,50.88,D
sh688297,中无人机,2025-10-13 09:53:39,50.8,21474,50.8,D
sh688297,中无人机,2025-10-13 09:53:42,50.78,4649,50.8,E
sh688297,中无人机,2025-10-13 09:54:03,50.75,3981,50.8,D
sh688297,中无人机,2025-10-13 09:54:30,50.69,4468,50.72,D
sh688297,中无人机,2025-10-13 09:54:45,50.68,9809,50.68,D
sh688297,中无人机,2025-10-13 09:54:48,50.68,4355,50.68,U
sh688297,中无人机,2025-10-13 09:55:00,50.62,23285,50.68,D
sh688297,中无人机,2025-10-13 09:55:09,50.55,6095,50.61,D
sh688297,中无人机,2025-10-13 09:55:18,50.5,4682,50.5,D
sh688297,中无人机,2025-10-13 09:55:39,50.4,4627,50.45,D
sh688297,中无人机,2025-10-13 09:56:18,50.31,12571,50.35,D
sh688297,中无人机,2025-10-13 09:56:21,50.3,4180,50.31,D
sh688297,中无人机,2025-10-13 09:56:24,50.3,5530,50.3,D
sh688297,中无人机,2025-10-13 09:56:30,50.29,7165,50.29,D
sh688297,中无人机,2025-10-13 09:56:39,50.25,9000,50.26,E
sh688297,中无人机,2025-10-13 09:56:51,50.22,6055,50.22,D
sh688297,中无人机,2025-10-13 09:56:57,50.21,6593,50.22,D
sh688297,中无人机,2025-10-13 09:57:00,50.22,32339,50.21,D
sh688297,中无人机,2025-10-13 09:57:18,50.31,17300,50.23,U
sh688297,中无人机,2025-10-13 09:57:21,50.22,7300,50.31,E
sh688297,中无人机,2025-10-13 09:57:24,50.22,31600,50.22,U
sh688297,中无人机,2025-10-13 09:57:36,50.1,9600,50.19,D
sh688297,中无人机,2025-10-13 09:57:39,50.2,20656,50.1,U
sh688297,中无人机,2025-10-13 09:57:45,50.19,10237,50.19,U
sh688297,中无人机,2025-10-13 09:57:54,50.12,9200,50.15,D
sh688297,中无人机,2025-10-13 09:57:57,50.12,4500,50.12,E
sh688297,中无人机,2025-10-13 09:58:00,50.18,10201,50.12,U
sh688297,中无人机,2025-10-13 09:58:15,50.12,5289,50.14,D
sh688297,中无人机,2025-10-13 09:58:18,50.18,7908,50.12,U
sh688297,中无人机,2025-10-13 09:58:27,50.22,4000,50.19,U
sh688297,中无人机,2025-10-13 09:58:57,50.3,5991,50.22,U
sh688297,中无人机,2025-10-13 09:59:06,50.23,9102,50.31,E
sh688297,中无人机,2025-10-13 09:59:18,50.29,6962,50.29,U
sh688297,中无人机,2025-10-13 09:59:27,50.31,4794,50.31,U
sh688297,中无人机,2025-10-13 09:59:33,50.29,4200,50.32,D
sh688297,中无人机,2025-10-13 09:59:42,50.29,10128,50.28,U
sh688297,中无人机,2025-10-13 09:59:45,50.32,6700,50.29,U
sh688297,中无人机,2025-10-13 09:59:48,50.32,9300,50.32,U
sh688297,中无人机,2025-10-13 09:59:51,50.29,25549,50.32,E
sh688297,中无人机,2025-10-13 09:59:57,50.23,4201,50.28,D
sh688297,中无人机,2025-10-13 10:00:00,50.23,4949,50.23,U
sh688297,中无人机,2025-10-13 10:00:03,50.19,6722,50.23,D
sh688297,中无人机,2025-10-13 10:00:12,50.29,17040,50.19,U
sh688297,中无人机,2025-10-13 10:00:36,50.26,5000,50.31,D
sh688297,中无人机,2025-10-13 10:00:45,50.3,15959,50.26,U
sh688297,中无人机,2025-10-13 10:00:48,50.25,10938,50.3,D
sh688297,中无人机,2025-10-13 10:00:54,50.25,8785,50.31,D
sh688297,中无人机,2025-10-13 10:00:57,50.25,5700,50.25,U
sh688297,中无人机,2025-10-13 10:01:36,50.15,35570,50.16,D
sh688297,中无人机,2025-10-13 10:01:39,50.21,5561,50.15,U
sh688297,中无人机,2025-10-13 10:01:42,50.14,10677,50.21,D
sh688297,中无人机,2025-10-13 10:01:45,50.13,20200,50.14,D
sh688297,中无人机,2025-10-13 10:01:54,50.15,4685,50.2,D
sh688297,中无人机,2025-10-13 10:02:00,50.15,5815,50.15,U
sh688297,中无人机,2025-10-13 10:02:03,50.21,9733,50.15,U
sh688297,中无人机,2025-10-13 10:02:06,50.13,22396,50.21,D
sh688297,中无人机,2025-10-13 10:02:15,50.2,10600,50.2,D
sh688297,中无人机,2025-10-13 10:02:18,50.2,4465,50.2,U
sh688297,中无人机,2025-10-13 10:02:27,50.2,7514,50.2,U
sh688297,中无人机,2025-10-13 10:02:36,50.24,11550,50.23,U
sh688297,中无人机,2025-10-13 10:02:39,50.36,38445,50.24,U
sh688297,中无人机,2025-10-13 10:02:48,50.39,4463,50.4,U
sh688297,中无人机,2025-10-13 10:02:57,50.35,6200,50.39,D
sh688297,中无人机,2025-10-13 10:03:06,50.39,8000,50.31,U
sh688297,中无人机,2025-10-13 10:03:09,50.32,11081,50.39,D
sh688297,中无人机,2025-10-13 10:05:06,50.51,4800,50.58,D
sh688297,中无人机,2025-10-13 10:05:51,50.62,6384,50.61,U
sh688297,中无人机,2025-10-13 10:06:15,50.76,23953,50.71,U
sh688297,中无人机,2025-10-13 10:06:54,50.72,14873,50.77,D
sh688297,中无人机,2025-10-13 10:07:09,50.72,6665,50.72,D
sh688297,中无人机,2025-10-13 10:07:12,50.71,4091,50.72,E
sh688297,中无人机,2025-10-13 10:07:18,50.58,6368,50.63,D
sh688297,中无人机,2025-10-13 10:07:24,50.58,4961,50.58,U
sh688297,中无人机,2025-10-13 10:07:48,50.63,6100,50.6,U
sh688297,中无人机,2025-10-13 10:08:00,50.55,5951,50.62,D
sh688297,中无人机,2025-10-13 10:08:36,50.61,5085,50.57,U
sh688297,中无人机,2025-10-13 10:08:45,50.63,4039,50.62,U
sh688297,中无人机,2025-10-13 10:09:00,50.64,4234,50.64,U
sh688297,中无人机,2025-10-13 10:09:03,50.64,7661,50.64,U
sh688297,中无人机,2025-10-13 10:09:12,50.7,6205,50.66,U
sh688297,中无人机,2025-10-13 10:09:27,50.73,4600,50.76,D
sh688297,中无人机,2025-10-13 10:09:36,50.75,7237,50.75,U
sh688297,中无人机,2025-10-13 10:09:42,50.73,11859,50.75,D
sh688297,中无人机,2025-10-13 10:09:45,50.75,7398,50.73,U
sh688297,中无人机,2025-10-13 10:10:03,50.8,4400,50.77,U
sh688297,中无人机,2025-10-13 10:10:06,50.76,12916,50.8,D
sh688297,中无人机,2025-10-13 10:10:09,50.74,12401,50.76,D
sh688297,中无人机,2025-10-13 10:10:12,50.75,9119,50.74,U
sh688297,中无人机,2025-10-13 10:10:21,50.75,10609,50.69,U
sh688297,中无人机,2025-10-13 10:10:24,50.74,4128,50.75,U
sh688297,中无人机,2025-10-13 10:11:03,50.73,11492,50.77,D
sh688297,中无人机,2025-10-13 10:11:09,50.68,4753,50.73,D
sh688297,中无人机,2025-10-13 10:11:12,50.73,6428,50.68,U
sh688297,中无人机,2025-10-13 10:11:21,50.66,9417,50.73,D
sh688297,中无人机,2025-10-13 10:12:27,50.78,7339,50.73,U
sh688297,中无人机,2025-10-13 10:12:39,50.72,10633,50.73,D
sh688297,中无人机,2025-10-13 10:13:06,50.76,6368,50.76,U
sh688297,中无人机,2025-10-13 10:13:12,50.8,7793,50.76,U
sh688297,中无人机,2025-10-13 10:13:15,50.81,11564,50.8,U
sh688297,中无人机,2025-10-13 10:13:18,50.89,21347,50.81,U
sh688297,中无人机,2025-10-13 10:13:24,50.95,10330,50.9,U
sh688297,中无人机,2025-10-13 10:13:48,50.96,6125,50.99,D
sh688297,中无人机,2025-10-13 10:13:51,51.02,4487,50.96,U
sh688297,中无人机,2025-10-13 10:13:57,51.02,3970,51.02,U
sh688297,中无人机,2025-10-13 10:14:00,50.95,7656,51.02,D
sh688297,中无人机,2025-10-13 10:14:06,50.94,6086,50.95,D
sh688297,中无人机,2025-10-13 10:14:27,50.97,4837,50.88,U
sh688297,中无人机,2025-10-13 10:14:39,51.01,8589,50.97,U
sh688297,中无人机,2025-10-13 10:15:06,50.98,9066,50.92,U
sh688297,中无人机,2025-10-13 10:15:24,50.96,4697,50.88,U
sh688297,中无人机,2025-10-13 10:15:27,50.96,4000,50.96,U
sh688297,中无人机,2025-10-13 10:15:39,50.99,19927,50.96,U
sh688297,中无人机,2025-10-13 10:15:51,51.04,17022,50.96,U
sh688297,中无人机,2025-10-13 10:15:57,50.91,26953,50.99,D
sh688297,中无人机,2025-10-13 10:16:00,50.95,5200,50.91,U
sh688297,中无人机,2025-10-13 10:16:24,50.78,13311,50.83,D
sh688297,中无人机,2025-10-13 10:16:30,50.75,9752,50.88,D
sh688297,中无人机,2025-10-13 10:16:57,50.87,5141,50.83,U
sh688297,中无人机,2025-10-13 10:17:03,50.87,6568,50.87,D
sh688297,中无人机,2025-10-13 10:17:21,50.83,5261,50.84,D
sh688297,中无人机,2025-10-13 10:17:48,50.85,4904,50.83,U
sh688297,中无人机,2025-10-13 10:18:06,50.92,6373,50.88,U
sh688297,中无人机,2025-10-13 10:18:09,50.95,14431,50.92,U
sh688297,中无人机,2025-10-13 10:18:18,51.0,6761,50.96,U
sh688297,中无人机,2025-10-13 10:18:33,50.98,5952,50.96,E
sh688297,中无人机,2025-10-13 10:18:45,51.02,10000,50.96,U
sh688297,中无人机,2025-10-13 10:18:54,50.98,5718,50.98,U
sh688297,中无人机,2025-10-13 10:19:00,50.97,6600,50.96,U
sh688297,中无人机,2025-10-13 10:19:09,50.97,11912,50.97,D
sh688297,中无人机,2025-10-13 10:19:36,50.94,4946,50.9,U
sh688297,中无人机,2025-10-13 10:20:39,51.06,45074,50.97,U
sh688297,中无人机,2025-10-13 10:20:45,51.07,5904,51.05,U
sh688297,中无人机,2025-10-13 10:20:51,51.07,16109,51.07,U
sh688297,中无人机,2025-10-13 10:21:03,51.1,5093,51.07,U
sh688297,中无人机,2025-10-13 10:21:21,50.99,5400,51.04,D
sh688297,中无人机,2025-10-13 10:21:27,51.08,8579,51.07,U
sh688297,中无人机,2025-10-13 10:21:30,51.0,4509,51.08,E
sh688297,中无人机,2025-10-13 10:21:33,51.0,6276,51.0,U
sh688297,中无人机,2025-10-13 10:22:33,50.9,8944,50.92,D
sh688297,中无人机,2025-10-13 10:23:03,50.85,8186,50.88,D
sh688297,中无人机,2025-10-13 10:23:24,50.85,4800,50.86,D
sh688297,中无人机,2025-10-13 10:23:33,50.81,11200,50.84,D
sh688297,中无人机,2025-10-13 10:24:51,50.77,6306,50.79,D
sh688297,中无人机,2025-10-13 10:24:54,50.83,6107,50.77,U
sh688297,中无人机,2025-10-13 10:26:00,50.7,6073,50.73,D
sh688297,中无人机,2025-10-13 10:28:03,50.62,4254,50.62,U
sh688297,中无人机,2025-10-13 10:28:12,50.62,8497,50.63,D
sh688297,中无人机,2025-10-13 10:28:18,50.66,5000,50.61,U
sh688297,中无人机,2025-10-13 10:28:36,50.67,5281,50.66,U
sh688297,中无人机,2025-10-13 10:28:42,50.67,16772,50.76,D
sh688297,中无人机,2025-10-13 10:29:57,50.82,7265,50.83,D
sh688297,中无人机,2025-10-13 10:30:00,50.77,28140,50.82,D
sh688297,中无人机,2025-10-13 10:31:03,50.65,5798,50.67,D
sh688297,中无人机,2025-10-13 10:31:21,50.66,6355,50.6,U
sh688297,中无人机,2025-10-13 10:31:51,50.63,3994,50.63,D
sh688297,中无人机,2025-10-13 10:31:57,50.59,4473,50.6,D
sh688297,中无人机,2025-10-13 10:32:03,50.61,3991,50.57,U
sh688297,中无人机,2025-10-13 10:32:09,50.61,4253,50.61,D
sh688297,中无人机,2025-10-13 10:32:42,50.63,4092,50.65,D
sh688297,中无人机,2025-10-13 10:33:39,50.68,4206,50.67,U
sh688297,中无人机,2025-10-13 10:34:09,50.69,4549,50.67,U
sh688297,中无人机,2025-10-13 10:35:15,50.69,7083,50.69,U
sh688297,中无人机,2025-10-13 10:35:21,50.68,8254,50.7,D
sh688297,中无人机,2025-10-13 10:35:24,50.66,5228,50.68,D
sh688297,中无人机,2025-10-13 10:35:27,50.64,12450,50.66,D
sh688297,中无人机,2025-10-13 10:36:09,50.7,11988,50.69,U
sh688297,中无人机,2025-10-13 10:37:48,50.61,5635,50.67,D
sh688297,中无人机,2025-10-13 10:39:15,50.6,18505,50.58,U
sh688297,中无人机,2025-10-13 10:39:18,50.61,6940,50.6,U
sh688297,中无人机,2025-10-13 10:39:24,50.61,7600,50.61,D
sh688297,中无人机,2025-10-13 10:39:42,50.65,4181,50.63,U
sh688297,中无人机,2025-10-13 10:42:39,50.71,5400,50.7,U
sh688297,中无人机,2025-10-13 10:42:48,50.73,12758,50.71,U
sh688297,中无人机,2025-10-13 10:42:54,50.81,4689,50.73,U
sh688297,中无人机,2025-10-13 10:43:15,50.92,4600,50.88,U
sh688297,中无人机,2025-10-13 10:43:54,50.94,11246,50.92,U
sh688297,中无人机,2025-10-13 10:44:12,51.05,26237,50.98,U
sh688297,中无人机,2025-10-13 10:44:27,51.11,4549,51.1,U
sh688297,中无人机,2025-10-13 10:44:45,51.05,13600,51.07,D
sh688297,中无人机,2025-10-13 10:45:03,50.98,14632,50.98,D
sh688297,中无人机,2025-10-13 10:45:42,51.1,5826,51.11,D
sh688297,中无人机,2025-10-13 10:45:45,51.12,4675,51.1,U
sh688297,中无人机,2025-10-13 10:45:57,51.2,10000,51.14,U
sh688297,中无人机,2025-10-13 10:46:12,50.99,7817,51.02,D
sh688297,中无人机,2025-10-13 10:46:42,50.9,42163,50.99,D
sh688297,中无人机,2025-10-13 10:47:21,50.99,5884,50.96,U
sh688297,中无人机,2025-10-13 10:48:03,51.05,4283,51.02,U
sh688297,中无人机,2025-10-13 10:49:18,51.03,9772,51.01,U
sh688297,中无人机,2025-10-13 10:49:39,51.04,7205,51.0,U
sh688297,中无人机,2025-10-13 10:50:03,50.99,8132,51.0,D
sh688297,中无人机,2025-10-13 10:52:06,50.95,5406,50.95,D
sh688297,中无人机,2025-10-13 10:52:24,50.95,11835,50.95,D
sh688297,中无人机,2025-10-13 10:54:06,51.01,4811,51.0,D
sh688297,中无人机,2025-10-13 10:54:15,50.95,8010,51.0,D
sh688297,中无人机,2025-10-13 10:56:12,50.88,4943,50.88,D
sh688297,中无人机,2025-10-13 10:56:21,50.82,46157,50.88,D
sh688297,中无人机,2025-10-13 10:58:18,50.85,4000,50.88,D
sh688297,中无人机,2025-10-13 10:58:24,50.93,5438,50.85,U
sh688297,中无人机,2025-10-13 10:59:00,50.86,4421,50.9,D
sh688297,中无人机,2025-10-13 10:59:03,50.87,4486,50.86,D
sh688297,中无人机,2025-10-13 10:59:09,50.87,5739,50.87,D
sh688297,中无人机,2025-10-13 10:59:12,50.87,16368,50.87,U
sh688297,中无人机,2025-10-13 11:00:54,50.86,12934,50.87,D
sh688297,中无人机,2025-10-13 11:00:57,50.83,92485,50.86,D
sh688297,中无人机,2025-10-13 11:04:24,50.76,5951,50.76,U
sh688297,中无人机,2025-10-13 11:04:39,50.84,5373,50.84,U
sh688297,中无人机,2025-10-13 11:11:24,50.76,7000,50.77,D
sh688297,中无人机,2025-10-13 11:11:57,50.73,4377,50.73,D
sh688297,中无人机,2025-10-13 11:12:06,50.72,8000,50.73,D
sh688297,中无人机,2025-10-13 11:12:21,50.71,8976,50.75,D
sh688297,中无人机,2025-10-13 11:12:51,50.78,4699,50.72,U
sh688297,中无人机,2025-10-13 11:14:57,50.86,10429,50.91,D
sh688297,中无人机,2025-10-13 11:20:03,50.84,34712,50.9,D
sh688297,中无人机,2025-10-13 11:20:06,50.81,4037,50.84,D
sh688297,中无人机,2025-10-13 11:20:09,50.75,5509,50.81,D
sh688297,中无人机,2025-10-13 11:21:51,50.77,13224,50.83,D
sh688297,中无人机,2025-10-13 11:22:15,50.75,4212,50.8,D
sh688297,中无人机,2025-10-13 11:22:18,50.75,5437,50.75,D
sh688297,中无人机,2025-10-13 11:24:15,50.65,12165,50.66,D
sh688297,中无人机,2025-10-13 11:25:03,50.6,4140,50.6,D
sh688297,中无人机,2025-10-13 11:26:03,50.62,5562,50.63,U
sh688297,中无人机,2025-10-13 11:29:06,50.68,5637,50.68,U
sh688297,中无人机,2025-10-13 13:00:03,50.58,5116,50.59,D
sh688297,中无人机,2025-10-13 13:00:06,50.56,7223,50.58,D
sh688297,中无人机,2025-10-13 13:00:09,50.56,6928,50.56,D
sh688297,中无人机,2025-10-13 13:00:21,50.5,9876,50.5,D
sh688297,中无人机,2025-10-13 13:00:24,50.5,8871,50.5,D
sh688297,中无人机,2025-10-13 13:00:27,50.44,65249,50.5,D
sh688297,中无人机,2025-10-13 13:00:30,50.38,7370,50.44,D
sh688297,中无人机,2025-10-13 13:00:33,50.4,5400,50.38,U
sh688297,中无人机,2025-10-13 13:01:24,50.3,4054,50.32,D
sh688297,中无人机,2025-10-13 13:02:00,50.37,5397,50.37,U
sh688297,中无人机,2025-10-13 13:02:33,50.31,5301,50.31,D
sh688297,中无人机,2025-10-13 13:02:45,50.32,9630,50.3,U
sh688297,中无人机,2025-10-13 13:02:57,50.32,5191,50.34,D
sh688297,中无人机,2025-10-13 13:04:09,50.32,10882,50.32,D
sh688297,中无人机,2025-10-13 13:04:51,50.28,7409,50.34,D
sh688297,中无人机,2025-10-13 13:05:30,50.34,3994,50.35,D
sh688297,中无人机,2025-10-13 13:06:36,50.4,6928,50.4,D
sh688297,中无人机,2025-10-13 13:07:09,50.49,14002,50.4,U
sh688297,中无人机,2025-10-13 13:07:33,50.57,9058,50.58,U
sh688297,中无人机,2025-10-13 13:08:33,50.53,5737,50.53,D
sh688297,中无人机,2025-10-13 13:09:27,50.63,9206,50.57,U
sh688297,中无人机,2025-10-13 13:10:03,50.59,4883,50.6,D
sh688297,中无人机,2025-10-13 13:10:36,50.58,4799,50.59,D
sh688297,中无人机,2025-10-13 13:11:12,50.54,8113,50.53,U
sh688297,中无人机,2025-10-13 13:11:15,50.53,4913,50.54,D
sh688297,中无人机,2025-10-13 13:13:30,50.58,4376,50.62,D
sh688297,中无人机,2025-10-13 13:13:33,50.57,11975,50.58,D
sh688297,中无人机,2025-10-13 13:13:36,50.61,7980,50.57,U
sh688297,中无人机,2025-10-13 13:13:42,50.61,6466,50.61,U
sh688297,中无人机,2025-10-13 13:13:54,50.59,4600,50.57,U
sh688297,中无人机,2025-10-13 13:15:03,50.64,12000,50.52,U
sh688297,中无人机,2025-10-13 13:15:39,50.66,13500,50.63,U
sh688297,中无人机,2025-10-13 13:18:06,50.6,9700,50.59,U
sh688297,中无人机,2025-10-13 13:19:39,50.65,9546,50.63,U
sh688297,中无人机,2025-10-13 13:21:03,50.59,4966,50.61,D
sh688297,中无人机,2025-10-13 13:22:39,50.6,7141,50.61,D
sh688297,中无人机,2025-10-13 13:24:06,50.61,26621,50.56,U
sh688297,中无人机,2025-10-13 13:26:42,50.6,4651,50.58,U
sh688297,中无人机,2025-10-13 13:27:30,50.6,7600,50.6,U
sh688297,中无人机,2025-10-13 13:27:33,50.62,8549,50.6,U
sh688297,中无人机,2025-10-13 13:30:12,50.77,4000,50.77,U
sh688297,中无人机,2025-10-13 13:30:18,50.71,4138,50.77,E
sh688297,中无人机,2025-10-13 13:30:21,50.8,5509,50.71,U
sh688297,中无人机,2025-10-13 13:30:30,50.8,5900,50.8,U
sh688297,中无人机,2025-10-13 13:30:42,50.8,5589,50.83,D
sh688297,中无人机,2025-10-13 13:31:00,50.8,4135,50.8,U
sh688297,中无人机,2025-10-13 13:31:30,50.88,7887,50.83,U
sh688297,中无人机,2025-10-13 13:32:03,50.92,11277,50.9,U
sh688297,中无人机,2025-10-13 13:32:24,50.91,5300,50.91,U
sh688297,中无人机,2025-10-13 13:32:33,50.85,5400,50.91,D
sh688297,中无人机,2025-10-13 13:36:39,50.79,4114,50.73,U
sh688297,中无人机,2025-10-13 13:37:21,50.83,5100,50.83,U
sh688297,中无人机,2025-10-13 13:38:57,50.88,28347,50.79,U
sh688297,中无人机,2025-10-13 13:39:00,50.9,4262,50.88,U
sh688297,中无人机,2025-10-13 13:40:30,50.93,5589,50.9,D
sh688297,中无人机,2025-10-13 13:40:57,50.89,4100,50.89,D
sh688297,中无人机,2025-10-13 13:43:57,50.92,7712,50.93,D
sh688297,中无人机,2025-10-13 13:44:48,50.87,6745,50.87,D
sh688297,中无人机,2025-10-13 13:45:48,50.78,4126,50.78,U
sh688297,中无人机,2025-10-13 13:46:30,50.81,10995,50.76,U
sh688297,中无人机,2025-10-13 13:49:06,50.76,4722,50.74,U
sh688297,中无人机,2025-10-13 13:50:12,50.83,4986,50.84,D
sh688297,中无人机,2025-10-13 13:53:09,50.95,4695,50.95,U
sh688297,中无人机,2025-10-13 13:55:18,50.9,11592,50.92,D
sh688297,中无人机,2025-10-13 13:55:27,50.88,5406,50.9,D
sh688297,中无人机,2025-10-13 13:55:57,50.87,18702,50.88,D
sh688297,中无人机,2025-10-13 13:56:33,50.88,9916,50.87,U
sh688297,中无人机,2025-10-13 13:58:06,50.9,6924,50.85,U
sh688297,中无人机,2025-10-13 13:58:30,50.9,10000,50.93,D
sh688297,中无人机,2025-10-13 13:58:54,50.9,7965,50.92,D
sh688297,中无人机,2025-10-13 14:00:18,50.91,6958,50.9,U
sh688297,中无人机,2025-10-13 14:00:54,50.92,11834,50.92,U
sh688297,中无人机,2025-10-13 14:00:57,50.92,25153,50.92,U
sh688297,中无人机,2025-10-13 14:01:00,50.93,4538,50.92,U
sh688297,中无人机,2025-10-13 14:01:48,50.88,5000,50.92,D
sh688297,中无人机,2025-10-13 14:02:00,50.87,4912,50.88,D
sh688297,中无人机,2025-10-13 14:02:03,50.85,7256,50.87,D
sh688297,中无人机,2025-10-13 14:03:39,50.83,6200,50.82,U
sh688297,中无人机,2025-10-13 14:04:00,50.88,4728,50.83,U
sh688297,中无人机,2025-10-13 14:05:30,50.76,5287,50.8,D
sh688297,中无人机,2025-10-13 14:05:39,50.73,4406,50.75,D
sh688297,中无人机,2025-10-13 14:06:45,50.7,8640,50.7,D
sh688297,中无人机,2025-10-13 14:07:09,50.71,10052,50.7,U
sh688297,中无人机,2025-10-13 14:07:12,50.7,5046,50.71,D
sh688297,中无人机,2025-10-13 14:12:21,50.75,6206,50.71,U
sh688297,中无人机,2025-10-13 14:12:45,50.75,7238,50.76,D
sh688297,中无人机,2025-10-13 14:14:00,50.75,20683,50.71,U
sh688297,中无人机,2025-10-13 14:14:18,50.69,8049,50.69,D
sh688297,中无人机,2025-10-13 14:16:18,50.61,11864,50.62,D
sh688297,中无人机,2025-10-13 14:17:15,50.59,54389,50.64,D
sh688297,中无人机,2025-10-13 14:17:27,50.59,4200,50.59,U
sh688297,中无人机,2025-10-13 14:17:30,50.59,4137,50.59,U
sh688297,中无人机,2025-10-13 14:18:57,50.6,22598,50.68,D
sh688297,中无人机,2025-10-13 14:19:27,50.66,4292,50.65,D
sh688297,中无人机,2025-10-13 14:20:00,50.69,4800,50.67,U
sh688297,中无人机,2025-10-13 14:20:03,50.7,6559,50.69,U
sh688297,中无人机,2025-10-13 14:20:12,50.78,43596,50.68,U
sh688297,中无人机,2025-10-13 14:20:36,50.82,4302,50.82,U
sh688297,中无人机,2025-10-13 14:21:00,50.82,5764,50.86,D
sh688297,中无人机,2025-10-13 14:25:39,50.84,4401,50.83,U
sh688297,中无人机,2025-10-13 14:25:57,50.85,4400,50.84,U
sh688297,中无人机,2025-10-13 14:26:09,50.83,9177,50.83,D
sh688297,中无人机,2025-10-13 14:26:39,50.8,5354,50.81,D
sh688297,中无人机,2025-10-13 14:27:09,50.8,6048,50.82,D
sh688297,中无人机,2025-10-13 14:31:27,50.93,17500,50.93,U
sh688297,中无人机,2025-10-13 14:32:03,50.93,5392,50.92,U
sh688297,中无人机,2025-10-13 14:33:09,50.93,5843,50.92,U
sh688297,中无人机,2025-10-13 14:33:12,50.92,7481,50.93,D
sh688297,中无人机,2025-10-13 14:33:15,50.93,7049,50.92,U
sh688297,中无人机,2025-10-13 14:34:03,50.99,10882,50.98,U
sh688297,中无人机,2025-10-13 14:34:15,51.0,14049,51.0,U
sh688297,中无人机,2025-10-13 14:35:21,51.07,5200,51.09,D
sh688297,中无人机,2025-10-13 14:35:57,51.04,4146,51.04,D
sh688297,中无人机,2025-10-13 14:36:00,51.01,9607,51.04,D
sh688297,中无人机,2025-10-13 14:36:12,51.0,10000,51.01,D
sh688297,中无人机,2025-10-13 14:36:36,50.99,6389,51.01,D
sh688297,中无人机,2025-10-13 14:37:09,51.0,7393,51.0,D
sh688297,中无人机,2025-10-13 14:39:24,50.91,5768,50.94,D
sh688297,中无人机,2025-10-13 14:40:00,50.9,4238,50.9,D
sh688297,中无人机,2025-10-13 14:40:36,50.87,4951,50.9,D
sh688297,中无人机,2025-10-13 14:40:42,50.87,7686,50.87,D
sh688297,中无人机,2025-10-13 14:40:45,50.87,7300,50.87,U
sh688297,中无人机,2025-10-13 14:41:30,50.9,4565,50.9,U
sh688297,中无人机,2025-10-13 14:41:45,50.9,6394,50.89,U
sh688297,中无人机,2025-10-13 14:42:30,50.85,8360,50.86,D
sh688297,中无人机,2025-10-13 14:45:51,50.95,6000,50.97,D
sh688297,中无人机,2025-10-13 14:45:54,50.96,5842,50.95,U
sh688297,中无人机,2025-10-13 14:47:51,50.93,7395,50.94,D
sh688297,中无人机,2025-10-13 14:48:24,50.94,3971,50.95,D
sh688297,中无人机,2025-10-13 14:48:42,50.97,5596,50.96,U
sh688297,中无人机,2025-10-13 14:48:54,50.98,11058,50.97,U
sh688297,中无人机,2025-10-13 14:48:57,50.98,6119,50.98,D
sh688297,中无人机,2025-10-13 14:49:00,50.99,9560,50.98,U
sh688297,中无人机,2025-10-13 14:49:15,51.0,7110,51.0,U
sh688297,中无人机,2025-10-13 14:49:33,50.99,6804,51.0,D
sh688297,中无人机,2025-10-13 14:49:54,51.0,10692,50.99,U
sh688297,中无人机,2025-10-13 14:50:03,51.0,4483,50.99,U
sh688297,中无人机,2025-10-13 14:50:36,50.99,5091,50.99,D
sh688297,中无人机,2025-10-13 14:50:42,51.0,7498,51.0,U
sh688297,中无人机,2025-10-13 14:50:48,51.0,7373,51.0,U
sh688297,中无人机,2025-10-13 14:51:06,50.98,6416,50.99,D
sh688297,中无人机,2025-10-13 14:51:39,51.0,6576,50.99,U
sh688297,中无人机,2025-10-13 14:51:54,51.0,4243,51.0,U
sh688297,中无人机,2025-10-13 14:52:06,51.0,3990,51.0,U
sh688297,中无人机,2025-10-13 14:52:27,50.99,8637,51.0,D
sh688297,中无人机,2025-10-13 14:53:00,51.0,6665,50.99,U
sh688297,中无人机,2025-10-13 14:53:06,51.01,6921,51.0,U
sh688297,中无人机,2025-10-13 14:53:12,50.99,8629,51.0,D
sh688297,中无人机,2025-10-13 14:53:21,50.98,11771,50.99,D
sh688297,中无人机,2025-10-13 14:53:39,50.97,4066,50.98,D
sh688297,中无人机,2025-10-13 14:54:00,50.96,6519,50.96,D
sh688297,中无人机,2025-10-13 14:54:24,50.95,5618,50.95,U
sh688297,中无人机,2025-10-13 14:55:03,50.98,15794,50.97,U
sh688297,中无人机,2025-10-13 14:55:06,50.96,7255,50.98,D
sh688297,中无人机,2025-10-13 14:55:15,50.99,10492,50.98,U
sh688297,中无人机,2025-10-13 14:55:18,50.99,4569,50.99,U
sh688297,中无人机,2025-10-13 14:55:30,50.99,6934,50.99,U
sh688297,中无人机,2025-10-13 14:55:33,50.98,4066,50.99,D
sh688297,中无人机,2025-10-13 14:55:51,50.99,4807,50.98,U
sh688297,中无人机,2025-10-13 14:56:06,51.0,16859,51.0,U
sh688297,中无人机,2025-10-13 14:56:09,51.02,19923,51.0,U
sh688297,中无人机,2025-10-13 14:56:18,51.02,11031,51.0,U
sh688297,中无人机,2025-10-13 14:56:21,51.0,4384,51.02,D
sh688297,中无人机,2025-10-13 14:56:36,51.01,15760,51.0,U
sh688297,中无人机,2025-10-13 14:56:45,51.02,4947,51.01,U
sh688297,中无人机,2025-10-13 15:00:03,51.03,87960,51.03,U
