symbol,name,ticktime,price,volume,prev_price,kind
sh688297,中无人机,2025-10-10 09:25:01,51.43,54207,0.0,U
sh688297,中无人机,2025-10-10 09:30:03,51.38,10029,51.43,D
sh688297,中无人机,2025-10-10 09:30:06,51.36,6161,51.38,D
sh688297,中无人机,2025-10-10 09:30:09,51.18,5384,51.36,D
sh688297,中无人机,2025-10-10 09:30:12,51.18,7481,51.18,U
sh688297,中无人机,2025-10-10 09:30:15,51.18,4142,51.18,U
sh688297,中无人机,2025-10-10 09:30:18,51.34,7319,51.18,U
sh688297,中无人机,2025-10-10 09:30:21,51.05,4775,51.34,D
sh688297,中无人机,2025-10-10 09:30:30,51.11,5924,51.18,D
sh688297,中无人机,2025-10-10 09:30:33,51.16,4963,51.11,U
sh688297,中无人机,2025-10-10 09:30:36,51.15,7827,51.16,U
sh688297,中无人机,2025-10-10 09:30:39,51.15,28503,51.15,D
sh688297,中无人机,2025-10-10 09:30:42,51.15,5725,51.15,D
sh688297,中无人机,2025-10-10 09:30:45,51.15,16091,51.15,U
sh688297,中无人机,2025-10-10 09:30:54,51.09,9254,51.09,D
sh688297,中无人机,2025-10-10 09:30:57,51.03,19065,51.09,D
sh688297,中无人机,2025-10-10 09:31:00,51.03,6650,51.03,D
sh688297,中无人机,2025-10-10 09:31:06,51.01,10642,51.09,D
sh688297,中无人机,2025-10-10 09:31:12,51.05,5079,51.03,U
sh688297,中无人机,2025-10-10 09:31:15,51.04,15212,51.05,D
sh688297,中无人机,2025-10-10 09:31:18,51.04,8565,51.04,U
sh688297,中无人机,2025-10-10 09:31:21,51.0,16297,51.04,D
sh688297,中无人机,2025-10-10 09:31:24,50.98,4301,51.0,D
sh688297,中无人机,2025-10-10 09:31:30,50.98,4367,50.98,U
sh688297,中无人机,2025-10-10 09:31:36,50.99,4141,50.97,U
sh688297,中无人机,2025-10-10 09:31:45,50.93,8195,50.97,D
sh688297,中无人机,2025-10-10 09:31:51,50.93,9223,50.97,D
sh688297,中无人机,2025-10-10 09:31:54,50.93,5973,50.93,U
sh688297,中无人机,2025-10-10 09:31:57,50.91,27018,50.93,D
sh688297,中无人机,2025-10-10 09:32:00,50.93,9908,50.91,U
sh688297,中无人机,2025-10-10 09:32:03,50.91,5029,50.93,D
sh688297,中无人机,2025-10-10 09:32:06,50.91,6302,50.91,U
sh688297,中无人机,2025-10-10 09:32:09,50.92,21765,50.91,U
sh688297,中无人机,2025-10-10 09:32:12,50.93,5485,50.92,U
sh688297,中无人机,2025-10-10 09:32:15,50.91,4569,50.93,D
sh688297,中无人机,2025-10-10 09:32:24,50.93,17576,50.93,U
sh688297,中无人机,2025-10-10 09:32:27,50.94,6343,50.93,U
sh688297,中无人机,2025-10-10 09:32:45,51.02,7462,51.01,D
sh688297,中无人机,2025-10-10 09:33:00,51.01,9756,51.02,D
sh688297,中无人机,2025-10-10 09:33:03,51.0,9044,51.01,D
sh688297,中无人机,2025-10-10 09:33:09,50.93,5937,50.98,D
sh688297,中无人机,2025-10-10 09:33:12,50.93,5962,50.93,D
sh688297,中无人机,2025-10-10 09:33:15,50.9,8091,50.93,D
sh688297,中无人机,2025-10-10 09:33:18,50.91,17793,50.9,U
sh688297,中无人机,2025-10-10 09:33:24,50.9,6432,50.9,U
sh688297,中无人机,2025-10-10 09:33:27,50.9,9982,50.9,U
sh688297,中无人机,2025-10-10 09:33:30,50.87,5411,50.9,D
sh688297,中无人机,2025-10-10 09:33:36,51.04,11053,50.98,U
sh688297,中无人机,2025-10-10 09:33:48,51.04,4076,51.04,U
sh688297,中无人机,2025-10-10 09:33:54,51.06,7605,51.03,E
sh688297,中无人机,2025-10-10 09:34:00,51.04,4262,51.07,U
sh688297,中无人机,2025-10-10 09:34:09,51.02,4737,51.03,D
sh688297,中无人机,2025-10-10 09:34:12,51.07,7875,51.02,U
sh688297,中无人机,2025-10-10 09:34:21,51.03,4000,51.04,D
sh688297,中无人机,2025-10-10 09:34:33,51.03,9646,51.11,D
sh688297,中无人机,2025-10-10 09:34:39,51.11,4824,51.04,U
sh688297,中无人机,2025-10-10 09:34:42,51.11,6422,51.11,D
sh688297,中无人机,2025-10-10 09:34:48,51.15,7975,51.11,U
sh688297,中无人机,2025-10-10 09:34:57,51.16,5637,51.09,U
sh688297,中无人机,2025-10-10 09:35:00,51.16,12424,51.16,U
sh688297,中无人机,2025-10-10 09:35:21,51.3,6035,51.36,D
sh688297,中无人机,2025-10-10 09:35:33,51.35,5200,51.3,E
sh688297,中无人机,2025-10-10 09:35:39,51.35,7307,51.35,U
sh688297,中无人机,2025-10-10 09:35:42,51.35,5718,51.35,U
sh688297,中无人机,2025-10-10 09:35:48,51.23,34031,51.35,D
sh688297,中无人机,2025-10-10 09:35:51,51.2,14332,51.23,D
sh688297,中无人机,2025-10-10 09:36:00,51.15,8211,51.2,D
sh688297,中无人机,2025-10-10 09:36:09,51.07,3969,51.08,D
sh688297,中无人机,2025-10-10 09:36:21,51.09,4766,51.08,E
sh688297,中无人机,2025-10-10 09:36:27,51.05,16568,51.08,D
sh688297,中无人机,2025-10-10 09:36:30,51.05,21866,51.05,D
sh688297,中无人机,2025-10-10 09:36:36,51.05,3957,51.05,U
sh688297,中无人机,2025-10-10 09:36:39,51.05,15314,51.05,D
sh688297,中无人机,2025-10-10 09:36:42,51.09,58289,51.05,U
sh688297,中无人机,2025-10-10 09:36:51,51.13,6418,51.1,U
sh688297,中无人机,2025-10-10 09:37:21,51.11,4406,51.11,D
sh688297,中无人机,2025-10-10 09:37:24,51.08,14395,51.11,D
sh688297,中无人机,2025-10-10 09:37:36,51.16,23945,51.1,U
sh688297,中无人机,2025-10-10 09:38:03,51.19,8315,51.18,U
sh688297,中无人机,2025-10-10 09:38:06,51.29,5033,51.19,U
sh688297,中无人机,2025-10-10 09:38:12,51.29,6565,51.29,U
sh688297,中无人机,2025-10-10 09:38:30,51.38,9303,51.39,E
sh688297,中无人机,2025-10-10 09:38:36,51.34,6990,51.33,U
sh688297,中无人机,2025-10-10 09:38:48,51.4,4305,51.4,U
sh688297,中无人机,2025-10-10 09:38:51,51.43,5418,51.4,U
sh688297,中无人机,2025-10-10 09:38:57,51.4,11006,51.42,D
sh688297,中无人机,2025-10-10 09:39:00,51.29,47713,51.4,D
sh688297,中无人机,2025-10-10 09:39:03,51.22,4780,51.29,E
sh688297,中无人机,2025-10-10 09:39:12,51.13,4870,51.13,D
sh688297,中无人机,2025-10-10 09:39:21,51.06,16180,51.13,D
sh688297,中无人机,2025-10-10 09:39:24,51.03,16907,51.06,D
sh688297,中无人机,2025-10-10 09:39:30,51.01,4146,51.01,U
sh688297,中无人机,2025-10-10 09:39:33,51.0,11256,51.01,D
sh688297,中无人机,2025-10-10 09:39:36,51.0,9381,51.0,D
sh688297,中无人机,2025-10-10 09:39:39,50.99,8002,51.0,D
sh688297,中无人机,2025-10-10 09:39:42,50.92,15352,50.99,D
sh688297,中无人机,2025-10-10 09:39:54,50.88,7009,50.91,D
sh688297,中无人机,2025-10-10 09:40:00,50.8,29352,50.9,D
sh688297,中无人机,2025-10-10 09:40:03,50.8,11816,50.8,D
sh688297,中无人机,2025-10-10 09:40:06,50.8,7937,50.8,U
sh688297,中无人机,2025-10-10 09:40:21,50.8,4718,50.8,U
sh688297,中无人机,2025-10-10 09:40:24,50.8,4689,50.8,U
sh688297,中无人机,2025-10-10 09:40:27,50.85,20744,50.8,U
sh688297,中无人机,2025-10-10 09:40:39,50.78,12043,50.8,D
sh688297,中无人机,2025-10-10 09:40:42,50.82,7401,50.78,U
sh688297,中无人机,2025-10-10 09:40:48,50.8,6837,50.82,D
sh688297,中无人机,2025-10-10 09:40:51,50.8,4434,50.8,D
sh688297,中无人机,2025-10-10 09:40:54,50.8,4227,50.8,D
sh688297,中无人机,2025-10-10 09:41:03,50.75,10952,50.75,U
sh688297,中无人机,2025-10-10 09:41:09,50.74,7989,50.8,D
sh688297,中无人机,2025-10-10 09:41:21,50.75,10425,50.73,D
sh688297,中无人机,2025-10-10 09:41:27,50.75,5800,50.76,D
sh688297,中无人机,2025-10-10 09:41:39,50.85,5995,50.84,U
sh688297,中无人机,2025-10-10 09:41:42,50.84,4992,50.85,D
sh688297,中无人机,2025-10-10 09:41:51,50.84,12624,50.87,D
sh688297,中无人机,2025-10-10 09:41:54,50.84,5141,50.84,U
sh688297,中无人机,2025-10-10 09:41:57,50.9,5241,50.84,U
sh688297,中无人机,2025-10-10 09:42:00,50.86,4330,50.9,D
sh688297,中无人机,2025-10-10 09:42:06,50.86,10173,50.85,U
sh688297,中无人机,2025-10-10 09:42:09,50.84,8853,50.86,D
sh688297,中无人机,2025-10-10 09:42:12,50.86,3952,50.84,D
sh688297,中无人机,2025-10-10 09:42:18,50.81,14118,50.86,D
sh688297,中无人机,2025-10-10 09:42:21,50.84,7902,50.81,U
sh688297,中无人机,2025-10-10 09:42:24,50.9,21045,50.84,U
sh688297,中无人机,2025-10-10 09:42:33,50.86,7711,50.9,D
sh688297,中无人机,2025-10-10 09:42:54,50.78,6826,50.8,D
sh688297,中无人机,2025-10-10 09:43:00,50.79,4702,50.78,D
sh688297,中无人机,2025-10-10 09:43:03,50.78,6517,50.79,D
sh688297,中无人机,2025-10-10 09:43:09,50.81,8681,50.79,U
sh688297,中无人机,2025-10-10 09:43:27,50.83,5200,50.8,E
sh688297,中无人机,2025-10-10 09:43:39,50.9,7457,50.85,U
sh688297,中无人机,2025-10-10 09:43:54,50.9,8936,50.93,D
sh688297,中无人机,2025-10-10 09:44:03,50.88,5947,50.85,U
sh688297,中无人机,2025-10-10 09:44:36,51.0,5784,51.01,D
sh688297,中无人机,2025-10-10 09:44:39,51.0,5302,51.0,U
sh688297,中无人机,2025-10-10 09:45:06,50.97,8618,51.01,D
sh688297,中无人机,2025-10-10 09:45:09,50.97,6017,50.97,D
sh688297,中无人机,2025-10-10 09:45:15,50.93,5035,51.01,D
sh688297,中无人机,2025-10-10 09:45:18,50.86,20201,50.93,D
sh688297,中无人机,2025-10-10 09:45:21,50.84,7781,50.86,D
sh688297,中无人机,2025-10-10 09:45:27,50.91,4583,50.88,U
sh688297,中无人机,2025-10-10 09:45:51,51.0,7202,50.95,U
sh688297,中无人机,2025-10-10 09:46:00,51.06,5640,51.0,U
sh688297,中无人机,2025-10-10 09:46:06,51.0,4241,51.05,D
sh688297,中无人机,2025-10-10 09:46:09,50.95,13692,51.0,D
sh688297,中无人机,2025-10-10 09:46:12,50.95,5100,50.95,D
sh688297,中无人机,2025-10-10 09:46:27,50.9,7643,50.95,D
sh688297,中无人机,2025-10-10 09:46:39,50.88,4097,50.89,D
sh688297,中无人机,2025-10-10 09:46:42,50.83,12937,50.88,D
sh688297,中无人机,2025-10-10 09:46:51,50.81,24604,50.83,D
sh688297,中无人机,2025-10-10 09:46:54,50.81,9846,50.81,U
sh688297,中无人机,2025-10-10 09:46:57,50.8,4338,50.81,D
sh688297,中无人机,2025-10-10 09:47:00,50.8,3990,50.8,D
sh688297,中无人机,2025-10-10 09:47:03,50.79,17900,50.8,D
sh688297,中无人机,2025-10-10 09:47:06,50.72,16123,50.79,D
sh688297,中无人机,2025-10-10 09:47:09,50.7,12903,50.72,D
sh688297,中无人机,2025-10-10 09:47:12,50.68,22343,50.7,D
sh688297,中无人机,2025-10-10 09:47:15,50.68,5524,50.68,D
sh688297,中无人机,2025-10-10 09:47:21,50.69,5785,50.68,U
sh688297,中无人机,2025-10-10 09:47:24,50.65,5600,50.69,D
sh688297,中无人机,2025-10-10 09:47:33,50.63,4232,50.66,D
sh688297,中无人机,2025-10-10 09:47:36,50.65,13076,50.63,U
sh688297,中无人机,2025-10-10 09:47:39,50.73,16224,50.65,U
sh688297,中无人机,2025-10-10 09:47:42,50.72,4678,50.73,E
sh688297,中无人机,2025-10-10 09:48:03,50.64,6786,50.64,U
sh688297,中无人机,2025-10-10 09:48:06,50.68,5764,50.64,U
sh688297,中无人机,2025-10-10 09:48:18,50.73,8665,50.68,U
sh688297,中无人机,2025-10-10 09:48:21,50.77,6800,50.73,U
sh688297,中无人机,2025-10-10 09:48:42,50.75,8747,50.75,D
sh688297,中无人机,2025-10-10 09:48:57,50.8,5562,50.8,U
sh688297,中无人机,2025-10-10 09:49:15,50.79,5284,50.79,U
sh688297,中无人机,2025-10-10 09:49:42,50.76,7703,50.77,D
sh688297,中无人机,2025-10-10 09:49:45,50.77,8349,50.76,E
sh688297,中无人机,2025-10-10 09:49:48,50.82,24015,50.77,U
sh688297,中无人机,2025-10-10 09:49:51,50.79,5700,50.82,D
sh688297,中无人机,2025-10-10 09:50:51,51.02,11655,50.94,U
sh688297,中无人机,2025-10-10 09:51:30,51.05,7900,51.09,D
sh688297,中无人机,2025-10-10 09:51:45,51.15,13163,51.09,U
sh688297,中无人机,2025-10-10 09:52:03,51.16,4938,51.18,D
sh688297,中无人机,2025-10-10 09:52:09,51.15,18866,51.15,E
sh688297,中无人机,2025-10-10 09:52:12,51.07,15916,51.15,D
sh688297,中无人机,2025-10-10 09:52:30,51.08,9017,51.09,U
sh688297,中无人机,2025-10-10 09:52:39,51.08,4233,51.07,D
sh688297,中无人机,2025-10-10 09:52:51,50.95,17023,51.06,D
sh688297,中无人机,2025-10-10 09:53:09,50.99,4359,50.97,U
sh688297,中无人机,2025-10-10 09:53:39,50.99,5833,50.99,U
sh688297,中无人机,2025-10-10 09:53:45,51.06,49093,50.99,U
sh688297,中无人机,2025-10-10 09:54:27,50.95,5028,51.01,D
sh688297,中无人机,2025-10-10 09:54:51,50.91,6253,50.93,D
sh688297,中无人机,2025-10-10 09:56:06,50.92,4553,50.94,D
sh688297,中无人机,2025-10-10 09:56:27,50.94,6012,50.93,U
sh688297,中无人机,2025-10-10 09:57:09,50.91,4400,50.96,D
sh688297,中无人机,2025-10-10 09:57:15,50.87,6900,50.91,D
sh688297,中无人机,2025-10-10 09:57:18,50.89,4734,50.87,E
sh688297,中无人机,2025-10-10 09:57:21,51.0,10364,50.89,U
sh688297,中无人机,2025-10-10 09:58:21,51.0,15290,50.96,U
sh688297,中无人机,2025-10-10 09:59:06,50.91,8125,50.92,D
sh688297,中无人机,2025-10-10 09:59:12,50.91,5600,50.91,D
sh688297,中无人机,2025-10-10 09:59:39,50.9,6574,50.88,E
sh688297,中无人机,2025-10-10 09:59:42,50.88,5021,50.9,D
sh688297,中无人机,2025-10-10 09:59:51,50.8,37339,50.85,D
sh688297,中无人机,2025-10-10 10:00:00,50.8,9770,50.81,D
sh688297,中无人机,2025-10-10 10:00:48,50.76,5485,50.83,D
sh688297,中无人机,2025-10-10 10:01:09,50.94,5027,50.82,U
sh688297,中无人机,2025-10-10 10:01:15,50.92,16884,50.92,E
sh688297,中无人机,2025-10-10 10:01:54,50.88,4164,50.88,D
sh688297,中无人机,2025-10-10 10:02:24,50.8,15417,50.84,D
sh688297,中无人机,2025-10-10 10:03:12,50.78,6351,50.8,D
sh688297,中无人机,2025-10-10 10:03:18,50.75,4604,50.77,D
sh688297,中无人机,2025-10-10 10:03:24,50.74,10082,50.74,D
sh688297,中无人机,2025-10-10 10:03:33,50.73,6803,50.75,D
sh688297,中无人机,2025-10-10 10:03:51,50.7,11738,50.71,D
sh688297,中无人机,2025-10-10 10:03:57,50.68,21200,50.71,D
sh688297,中无人机,2025-10-10 10:04:24,50.76,4900,50.78,D
sh688297,中无人机,2025-10-10 10:04:36,50.78,6185,50.77,U
sh688297,中无人机,2025-10-10 10:04:48,50.78,4480,50.76,U
sh688297,中无人机,2025-10-10 10:05:00,50.84,6259,50.78,U
sh688297,中无人机,2025-10-10 10:05:03,50.96,13982,50.84,U
sh688297,中无人机,2025-10-10 10:05:06,51.0,18000,50.96,U
sh688297,中无人机,2025-10-10 10:05:09,50.93,8900,51.0,D
sh688297,中无人机,2025-10-10 10:06:03,50.85,16405,50.86,D
sh688297,中无人机,2025-10-10 10:06:09,50.85,4532,50.87,D
sh688297,中无人机,2025-10-10 10:06:42,50.81,23000,50.79,U
sh688297,中无人机,2025-10-10 10:06:48,50.83,5169,50.78,U
sh688297,中无人机,2025-10-10 10:06:54,50.81,5642,50.88,D
sh688297,中无人机,2025-10-10 10:07:27,50.82,13800,50.88,D
sh688297,中无人机,2025-10-10 10:07:36,50.88,8700,50.82,U
sh688297,中无人机,2025-10-10 10:08:00,50.82,5700,50.87,D
sh688297,中无人机,2025-10-10 10:08:30,50.89,25829,50.9,D
sh688297,中无人机,2025-10-10 10:09:00,50.96,35000,50.92,U
sh688297,中无人机,2025-10-10 10:09:06,50.86,5506,50.89,D
sh688297,中无人机,2025-10-10 10:09:21,50.91,4250,50.94,D
sh688297,中无人机,2025-10-10 10:09:51,50.96,8100,50.92,U
sh688297,中无人机,2025-10-10 10:09:57,51.0,16860,50.96,U
sh688297,中无人机,2025-10-10 10:10:00,50.94,13064,51.0,D
sh688297,中无人机,2025-10-10 10:10:12,50.94,4901,50.94,U
sh688297,中无人机,2025-10-10 10:10:30,50.93,17750,50.94,D
sh688297,中无人机,2025-10-10 10:11:27,51.0,10937,50.97,U
sh688297,中无人机,2025-10-10 10:12:15,50.92,5803,50.98,D
sh688297,中无人机,2025-10-10 10:13:00,50.9,15654,50.93,D
sh688297,中无人机,2025-10-10 10:13:03,50.85,28567,50.9,D
sh688297,中无人机,2025-10-10 10:15:18,50.81,5662,50.81,D
sh688297,中无人机,2025-10-10 10:15:21,50.8,7067,50.81,D
sh688297,中无人机,2025-10-10 10:15:24,50.8,4826,50.8,D
sh688297,中无人机,2025-10-10 10:15:39,50.78,6130,50.79,D
sh688297,中无人机,2025-10-10 10:15:51,50.76,8259,50.77,D
sh688297,中无人机,2025-10-10 10:16:03,50.78,14551,50.76,U
sh688297,中无人机,2025-10-10 10:16:06,50.78,4513,50.78,D
sh688297,中无人机,2025-10-10 10:17:24,50.94,6777,50.87,U
sh688297,中无人机,2025-10-10 10:18:15,51.01,5600,51.01,U
sh688297,中无人机,2025-10-10 10:19:12,51.14,20067,51.06,U
sh688297,中无人机,2025-10-10 10:19:15,51.14,22483,51.14,U
sh688297,中无人机,2025-10-10 10:19:36,51.18,36112,51.14,U
sh688297,中无人机,2025-10-10 10:19:57,51.44,31000,51.26,U
sh688297,中无人机,2025-10-10 10:20:27,51.36,5879,51.38,D
sh688297,中无人机,2025-10-10 10:20:36,51.36,3958,51.38,E
sh688297,中无人机,2025-10-10 10:20:51,51.29,4830,51.29,D
sh688297,中无人机,2025-10-10 10:20:54,51.23,27658,51.29,D
sh688297,中无人机,2025-10-10 10:21:15,51.26,7064,51.23,U
sh688297,中无人机,2025-10-10 10:21:21,51.25,10000,51.29,D
sh688297,中无人机,2025-10-10 10:21:45,51.35,4398,51.33,U
sh688297,中无人机,2025-10-10 10:21:48,51.34,16449,51.35,D
sh688297,中无人机,2025-10-10 10:21:51,51.35,10617,51.34,U
sh688297,中无人机,2025-10-10 10:21:54,51.36,4524,51.35,U
sh688297,中无人机,2025-10-10 10:21:57,51.38,16417,51.36,U
sh688297,中无人机,2025-10-10 10:22:00,51.44,4697,51.38,U
sh688297,中无人机,2025-10-10 10:22:06,51.48,12961,51.38,U
sh688297,中无人机,2025-10-10 10:22:15,51.37,8222,51.44,D
sh688297,中无人机,2025-10-10 10:22:18,51.37,8334,51.37,E
sh688297,中无人机,2025-10-10 10:22:24,51.37,7263,51.39,E
sh688297,中无人机,2025-10-10 10:22:30,51.37,9154,51.39,D
sh688297,中无人机,2025-10-10 10:22:45,51.48,11542,51.45,U
sh688297,中无人机,2025-10-10 10:22:48,51.46,25539,51.48,D
sh688297,中无人机,2025-10-10 10:22:51,51.46,13324,51.46,U
sh688297,中无人机,2025-10-10 10:22:57,51.48,7295,51.49,U
sh688297,中无人机,2025-10-10 10:23:12,51.5,12232,51.49,U
sh688297,中无人机,2025-10-10 10:23:15,51.46,19921,51.5,D
sh688297,中无人机,2025-10-10 10:23:21,51.44,33493,51.43,U
sh688297,中无人机,2025-10-10 10:23:33,51.5,11074,51.44,U
sh688297,中无人机,2025-10-10 10:23:45,51.56,38656,51.5,U
sh688297,中无人机,2025-10-10 10:23:51,51.56,5000,51.59,D
sh688297,中无人机,2025-10-10 10:24:03,51.61,10909,51.65,D
sh688297,中无人机,2025-10-10 10:24:06,51.64,14796,51.61,U
sh688297,中无人机,2025-10-10 10:24:09,51.61,10207,51.64,E
sh688297,中无人机,2025-10-10 10:24:15,51.63,4100,51.61,U
sh688297,中无人机,2025-10-10 10:24:27,51.65,9480,51.62,U
sh688297,中无人机,2025-10-10 10:24:33,51.65,5256,51.64,E
sh688297,中无人机,2025-10-10 10:24:39,51.68,15128,51.66,U
sh688297,中无人机,2025-10-10 10:24:42,51.72,7224,51.68,U
sh688297,中无人机,2025-10-10 10:24:45,51.78,4562,51.72,U
sh688297,中无人机,2025-10-10 10:24:48,51.78,11200,51.78,U
sh688297,中无人机,2025-10-10 10:24:51,51.79,24204,51.78,U
sh688297,中无人机,2025-10-10 10:24:54,51.82,15130,51.79,U
sh688297,中无人机,2025-10-10 10:25:03,51.79,11507,51.83,D
sh688297,中无人机,2025-10-10 10:25:06,51.76,44786,51.79,D
sh688297,中无人机,2025-10-10 10:25:09,51.82,23652,51.76,U
sh688297,中无人机,2025-10-10 10:25:12,51.82,16056,51.82,D
sh688297,中无人机,2025-10-10 10:25:15,51.82,7402,51.82,D
sh688297,中无人机,2025-10-10 10:25:18,51.84,9609,51.82,U
sh688297,中无人机,2025-10-10 10:25:21,51.82,9091,51.84,D
sh688297,中无人机,2025-10-10 10:25:24,51.82,4080,51.82,D
sh688297,中无人机,2025-10-10 10:25:27,51.82,9827,51.82,D
sh688297,中无人机,2025-10-10 10:25:30,51.82,11450,51.82,U
sh688297,中无人机,2025-10-10 10:25:33,51.76,18400,51.82,D
sh688297,中无人机,2025-10-10 10:25:36,51.75,6519,51.76,D
sh688297,中无人机,2025-10-10 10:25:39,51.78,7494,51.75,U
sh688297,中无人机,2025-10-10 10:25:42,51.76,8212,51.78,E
sh688297,中无人机,2025-10-10 10:25:51,51.67,4805,51.76,D
sh688297,中无人机,2025-10-10 10:25:54,51.66,47405,51.67,D
sh688297,中无人机,2025-10-10 10:25:57,51.62,9149,51.66,D
sh688297,中无人机,2025-10-10 10:26:15,51.56,4973,51.56,U
sh688297,中无人机,2025-10-10 10:26:18,51.56,4929,51.56,U
sh688297,中无人机,2025-10-10 10:26:21,51.56,4026,51.56,D
sh688297,中无人机,2025-10-10 10:26:33,51.6,4632,51.6,U
sh688297,中无人机,2025-10-10 10:26:48,51.49,89246,51.63,D
sh688297,中无人机,2025-10-10 10:26:54,51.53,9301,51.45,U
sh688297,中无人机,2025-10-10 10:27:03,51.49,4875,51.49,D
sh688297,中无人机,2025-10-10 10:27:15,51.5,4996,51.48,U
sh688297,中无人机,2025-10-10 10:28:00,51.48,6200,51.47,E
sh688297,中无人机,2025-10-10 10:28:27,51.54,12284,51.53,U
sh688297,中无人机,2025-10-10 10:28:30,51.54,6900,51.54,D
sh688297,中无人机,2025-10-10 10:28:51,51.62,8400,51.59,U
sh688297,中无人机,2025-10-10 10:29:09,51.56,10950,51.6,D
sh688297,中无人机,2025-10-10 10:29:36,51.56,11656,51.57,D
sh688297,中无人机,2025-10-10 10:29:45,51.49,56356,51.59,D
sh688297,中无人机,2025-10-10 10:29:48,51.43,13542,51.49,D
sh688297,中无人机,2025-10-10 10:30:39,51.47,5649,51.47,U
sh688297,中无人机,2025-10-10 10:31:03,51.49,6155,51.49,D
sh688297,中无人机,2025-10-10 10:32:00,51.46,5624,51.47,D
sh688297,中无人机,2025-10-10 10:32:15,51.49,5200,51.47,U
sh688297,中无人机,2025-10-10 10:32:27,51.46,9000,51.48,D
sh688297,中无人机,2025-10-10 10:32:36,51.48,5628,51.45,U
sh688297,中无人机,2025-10-10 10:33:12,51.45,13699,51.49,D
sh688297,中无人机,2025-10-10 10:33:18,51.41,12758,51.45,D
sh688297,中无人机,2025-10-10 10:33:24,51.4,5998,51.44,D
sh688297,中无人机,2025-10-10 10:33:45,51.4,4754,51.4,D
sh688297,中无人机,2025-10-10 10:34:15,51.47,6433,51.43,U
sh688297,中无人机,2025-10-10 10:34:39,51.48,5852,51.48,U
sh688297,中无人机,2025-10-10 10:34:51,51.48,28056,51.48,U
sh688297,中无人机,2025-10-10 10:35:45,51.5,7972,51.47,U
sh688297,中无人机,2025-10-10 10:36:00,51.53,4354,51.54,U
sh688297,中无人机,2025-10-10 10:36:45,51.46,5046,51.51,D
sh688297,中无人机,2025-10-10 10:37:06,51.42,9038,51.42,D
sh688297,中无人机,2025-10-10 10:37:09,51.42,6028,51.42,D
sh688297,中无人机,2025-10-10 10:37:12,51.42,15333,51.42,D
sh688297,中无人机,2025-10-10 10:37:24,51.42,18675,51.42,D
sh688297,中无人机,2025-10-10 10:37:27,51.4,8708,51.42,D
sh688297,中无人机,2025-10-10 10:37:39,51.4,7610,51.38,U
sh688297,中无人机,2025-10-10 10:38:18,51.4,5802,51.4,D
sh688297,中无人机,2025-10-10 10:40:36,51.42,12887,51.42,U
sh688297,中无人机,2025-10-10 10:40:54,51.49,40400,51.45,U
sh688297,中无人机,2025-10-10 10:41:00,51.51,8263,51.49,U
sh688297,中无人机,2025-10-10 10:41:03,51.49,5884,51.51,D
sh688297,中无人机,2025-10-10 10:41:09,51.54,6890,51.52,U
sh688297,中无人机,2025-10-10 10:41:45,51.68,15436,51.61,U
sh688297,中无人机,2025-10-10 10:42:21,51.66,10100,51.68,D
sh688297,中无人机,2025-10-10 10:42:24,51.67,17088,51.66,U
sh688297,中无人机,2025-10-10 10:42:36,51.68,8001,51.68,U
sh688297,中无人机,2025-10-10 10:42:39,51.75,4901,51.68,U
sh688297,中无人机,2025-10-10 10:42:45,51.75,4119,51.68,U
sh688297,中无人机,2025-10-10 10:42:48,51.75,42493,51.75,U
sh688297,中无人机,2025-10-10 10:42:54,51.78,5200,51.77,U
sh688297,中无人机,2025-10-10 10:43:00,51.79,4007,51.8,D
sh688297,中无人机,2025-10-10 10:43:06,51.74,7508,51.77,D
sh688297,中无人机,2025-10-10 10:43:12,51.75,15000,51.69,U
sh688297,中无人机,2025-10-10 10:43:15,51.7,4863,51.75,E
sh688297,中无人机,2025-10-10 10:43:21,51.73,10622,51.7,D
sh688297,中无人机,2025-10-10 10:43:27,51.76,10700,51.72,E
sh688297,中无人机,2025-10-10 10:43:33,51.79,7019,51.76,U
sh688297,中无人机,2025-10-10 10:43:51,51.73,6700,51.78,D
sh688297,中无人机,2025-10-10 10:43:57,51.77,7101,51.71,U
sh688297,中无人机,2025-10-10 10:44:03,51.65,9738,51.7,D
sh688297,中无人机,2025-10-10 10:44:48,51.64,6685,51.65,D
sh688297,中无人机,2025-10-10 10:45:36,51.62,7065,51.66,D
sh688297,中无人机,2025-10-10 10:46:51,51.56,8499,51.57,D
sh688297,中无人机,2025-10-10 10:47:33,51.5,14010,51.56,D
sh688297,中无人机,2025-10-10 10:48:03,51.48,5663,51.49,D
sh688297,中无人机,2025-10-10 10:49:12,51.34,10408,51.41,D
sh688297,中无人机,2025-10-10 10:49:15,51.3,4556,51.34,D
sh688297,中无人机,2025-10-10 10:49:18,51.32,5476,51.3,U
sh688297,中无人机,2025-10-10 10:49:48,51.36,4682,51.36,U
sh688297,中无人机,2025-10-10 10:50:15,51.3,30000,51.36,D
sh688297,中无人机,2025-10-10 10:51:18,51.34,4030,51.34,U
sh688297,中无人机,2025-10-10 10:51:21,51.34,4793,51.34,D
sh688297,中无人机,2025-10-10 10:52:00,51.36,7056,51.37,D
sh688297,中无人机,2025-10-10 10:52:03,51.35,4705,51.36,D
sh688297,中无人机,2025-10-10 10:52:06,51.36,8887,51.35,U
sh688297,中无人机,2025-10-10 10:53:18,51.31,11198,51.32,D
sh688297,中无人机,2025-10-10 10:54:03,51.28,32066,51.32,D
sh688297,中无人机,2025-10-10 10:54:06,51.26,4900,51.28,D
sh688297,中无人机,2025-10-10 10:55:00,51.2,13858,51.22,D
sh688297,中无人机,2025-10-10 10:55:03,51.2,5913,51.2,D
sh688297,中无人机,2025-10-10 10:55:39,51.14,3972,51.1,U
sh688297,中无人机,2025-10-10 10:55:51,51.11,7668,51.06,U
sh688297,中无人机,2025-10-10 10:59:09,51.09,5638,51.11,D
sh688297,中无人机,2025-10-10 10:59:21,51.14,6000,51.1,U
sh688297,中无人机,2025-10-10 10:59:51,51.08,4317,51.1,D
sh688297,中无人机,2025-10-10 11:00:48,51.0,32500,51.05,D
sh688297,中无人机,2025-10-10 11:00:54,50.99,7117,51.0,D
sh688297,中无人机,2025-10-10 11:01:00,50.89,26000,50.98,D
sh688297,中无人机,2025-10-10 11:01:30,50.92,4745,50.92,U
sh688297,中无人机,2025-10-10 11:02:15,51.06,10646,50.92,U
sh688297,中无人机,2025-10-10 11:03:36,51.03,9184,51.02,U
sh688297,中无人机,2025-10-10 11:05:03,51.08,15804,51.11,D
sh688297,中无人机,2025-10-10 11:06:30,51.03,5813,51.05,D
sh688297,中无人机,2025-10-10 11:06:39,51.02,4056,51.03,D
sh688297,中无人机,2025-10-10 11:06:42,51.01,10005,51.02,D
sh688297,中无人机,2025-10-10 11:06:48,51.04,5000,51.01,U
sh688297,中无人机,2025-10-10 11:07:48,51.02,7777,51.01,U
sh688297,中无人机,2025-10-10 11:08:15,51.05,5771,51.05,D
sh688297,中无人机,2025-10-10 11:09:18,51.13,4992,51.12,U
sh688297,中无人机,2025-10-10 11:09:24,51.11,11602,51.13,D
sh688297,中无人机,2025-10-10 11:09:51,51.11,7092,51.11,D
sh688297,中无人机,2025-10-10 11:10:42,51.06,26975,51.05,U
sh688297,中无人机,2025-10-10 11:12:12,51.05,20000,51.09,D
sh688297,中无人机,2025-10-10 11:12:36,51.06,9927,51.1,D
sh688297,中无人机,2025-10-10 11:12:45,51.05,4180,51.06,D
sh688297,中无人机,2025-10-10 11:12:48,51.05,4538,51.05,D
sh688297,中无人机,2025-10-10 11:13:18,51.04,5718,51.05,D
sh688297,中无人机,2025-10-10 11:14:03,51.05,4850,51.05,U
sh688297,中无人机,2025-10-10 11:15:54,51.1,13420,51.05,U
sh688297,中无人机,2025-10-10 11:17:51,51.45,5984,51.26,U
sh688297,中无人机,2025-10-10 11:18:48,51.38,4000,51.38,U
sh688297,中无人机,2025-10-10 11:20:51,51.44,4229,51.44,D
sh688297,中无人机,2025-10-10 11:20:54,51.5,6586,51.44,U
sh688297,中无人机,2025-10-10 11:21:03,51.5,6332,51.49,U
sh688297,中无人机,2025-10-10 11:21:18,51.58,10481,51.55,U
sh688297,中无人机,2025-10-10 11:21:27,51.66,5800,51.58,U
sh688297,中无人机,2025-10-10 11:21:36,51.63,5653,51.63,U
sh688297,中无人机,2025-10-10 11:21:39,51.63,6381,51.63,U
sh688297,中无人机,2025-10-10 11:21:42,51.63,4000,51.63,U
sh688297,中无人机,2025-10-10 11:21:48,51.65,4400,51.63,U
sh688297,中无人机,2025-10-10 11:21:54,51.65,4200,51.64,D
sh688297,中无人机,2025-10-10 11:21:57,51.62,25008,51.65,D
sh688297,中无人机,2025-10-10 11:22:00,51.55,14966,51.62,D
sh688297,中无人机,2025-10-10 11:22:09,51.56,9693,51.55,U
sh688297,中无人机,2025-10-10 11:22:45,51.64,12156,51.62,U
sh688297,中无人机,2025-10-10 11:22:57,51.62,5609,51.61,U
sh688297,中无人机,2025-10-10 11:23:00,51.62,6600,51.62,D
sh688297,中无人机,2025-10-10 11:23:03,51.57,7191,51.62,D
sh688297,中无人机,2025-10-10 11:23:06,51.54,30927,51.57,D
sh688297,中无人机,2025-10-10 11:23:24,51.41,8000,51.46,D
sh688297,中无人机,2025-10-10 11:24:18,51.36,11638,51.35,U
sh688297,中无人机,2025-10-10 11:24:36,51.39,4200,51.39,U
sh688297,中无人机,2025-10-10 11:24:54,51.4,5786,51.41,D
sh688297,中无人机,2025-10-10 11:25:18,51.36,7594,51.37,D
sh688297,中无人机,2025-10-10 11:25:48,51.35,6900,51.33,U
sh688297,中无人机,2025-10-10 11:26:33,51.36,23204,51.37,D
sh688297,中无人机,2025-10-10 11:26:48,51.03,21004,51.36,D
sh688297,中无人机,2025-10-10 11:28:00,51.28,6906,51.32,D
sh688297,中无人机,2025-10-10 11:28:03,51.3,8985,51.28,E
sh688297,中无人机,2025-10-10 11:29:24,51.28,4134,51.23,U
sh688297,中无人机,2025-10-10 11:29:36,51.2,9900,51.23,D
sh688297,中无人机,2025-10-10 11:29:59,51.23,5800,51.27,D
sh688297,中无人机,2025-10-10 13:00:06,51.2,10526,51.23,D
sh688297,中无人机,2025-10-10 13:00:09,51.18,10491,51.2,D
sh688297,中无人机,2025-10-10 13:00:15,51.18,6234,51.18,U
sh688297,中无人机,2025-10-10 13:02:00,51.05,11349,51.07,D
sh688297,中无人机,2025-10-10 13:02:03,51.03,11898,51.05,D
sh688297,中无人机,2025-10-10 13:02:06,51.01,4683,51.03,D
sh688297,中无人机,2025-10-10 13:02:54,51.01,37296,51.02,D
sh688297,中无人机,2025-10-10 13:02:57,51.01,9708,51.01,D
sh688297,中无人机,2025-10-10 13:03:00,51.0,18297,51.01,D
sh688297,中无人机,2025-10-10 13:03:03,51.0,8929,51.0,D
sh688297,中无人机,2025-10-10 13:03:27,50.95,6943,50.99,D
sh688297,中无人机,2025-10-10 13:05:09,50.96,4777,50.95,U
sh688297,中无人机,2025-10-10 13:05:48,50.91,4870,50.9,U
sh688297,中无人机,2025-10-10 13:05:51,50.91,4900,50.91,U
sh688297,中无人机,2025-10-10 13:07:54,50.91,15692,50.93,D
sh688297,中无人机,2025-10-10 13:07:57,50.91,6566,50.91,D
sh688297,中无人机,2025-10-10 13:09:27,51.05,20214,50.95,U
sh688297,中无人机,2025-10-10 13:10:06,51.07,4575,51.07,U
sh688297,中无人机,2025-10-10 13:10:18,51.08,4371,51.07,U
sh688297,中无人机,2025-10-10 13:10:30,51.08,7581,51.09,D
sh688297,中无人机,2025-10-10 13:11:18,51.08,4000,51.09,D
sh688297,中无人机,2025-10-10 13:11:24,51.07,4573,51.07,D
sh688297,中无人机,2025-10-10 13:11:30,51.01,21452,51.08,D
sh688297,中无人机,2025-10-10 13:12:03,51.0,5501,51.0,D
sh688297,中无人机,2025-10-10 13:13:12,51.09,4031,51.12,D
sh688297,中无人机,2025-10-10 13:13:21,51.09,8148,51.08,U
sh688297,中无人机,2025-10-10 13:14:27,51.08,5700,51.05,U
sh688297,中无人机,2025-10-10 13:14:54,51.08,9221,51.1,D
sh688297,中无人机,2025-10-10 13:16:15,51.03,4000,51.03,U
sh688297,中无人机,2025-10-10 13:16:39,51.02,4000,51.02,D
sh688297,中无人机,2025-10-10 13:17:15,51.02,4256,51.03,D
sh688297,中无人机,2025-10-10 13:17:18,51.0,31030,51.02,D
sh688297,中无人机,2025-10-10 13:18:48,51.0,10700,51.01,D
sh688297,中无人机,2025-10-10 13:20:06,51.01,5001,51.0,U
sh688297,中无人机,2025-10-10 13:20:12,50.99,4904,51.01,D
sh688297,中无人机,2025-10-10 13:23:03,50.98,5085,50.99,D
sh688297,中无人机,2025-10-10 13:23:30,50.96,4712,50.96,D
sh688297,中无人机,2025-10-10 13:23:48,50.94,5299,50.95,D
sh688297,中无人机,2025-10-10 13:24:00,50.93,4001,50.94,D
sh688297,中无人机,2025-10-10 13:24:03,50.91,9173,50.93,D
sh688297,中无人机,2025-10-10 13:24:33,50.91,5500,50.9,U
sh688297,中无人机,2025-10-10 13:24:57,50.9,5000,50.9,D
sh688297,中无人机,2025-10-10 13:25:39,50.94,5000,50.92,E
sh688297,中无人机,2025-10-10 13:26:51,50.9,10400,50.91,D
sh688297,中无人机,2025-10-10 13:27:09,50.9,4800,50.9,D
sh688297,中无人机,2025-10-10 13:29:09,50.9,5489,50.91,D
sh688297,中无人机,2025-10-10 13:29:12,50.89,4441,50.9,D
sh688297,中无人机,2025-10-10 13:29:18,50.88,12833,50.89,D
sh688297,中无人机,2025-10-10 13:29:30,50.88,6403,50.89,D
sh688297,中无人机,2025-10-10 13:29:33,50.89,6197,50.88,U
sh688297,中无人机,2025-10-10 13:30:18,50.87,4792,50.88,D
sh688297,中无人机,2025-10-10 13:31:09,50.87,9011,50.87,D
sh688297,中无人机,2025-10-10 13:31:27,50.86,5882,50.87,D
sh688297,中无人机,2025-10-10 13:31:54,50.87,4978,50.88,D
sh688297,中无人机,2025-10-10 13:32:09,50.9,9133,50.87,U
sh688297,中无人机,2025-10-10 13:32:12,50.91,4900,50.9,U
sh688297,中无人机,2025-10-10 13:32:33,50.92,4295,50.91,U
sh688297,中无人机,2025-10-10 13:33:09,50.92,11785,50.94,D
sh688297,中无人机,2025-10-10 13:33:33,50.89,7145,50.88,U
sh688297,中无人机,2025-10-10 13:35:21,50.86,12540,50.87,D
sh688297,中无人机,2025-10-10 13:35:30,50.83,11372,50.85,D
sh688297,中无人机,2025-10-10 13:35:33,50.82,7084,50.83,D
sh688297,中无人机,2025-10-10 13:35:39,50.79,8937,50.8,D
sh688297,中无人机,2025-10-10 13:36:03,50.74,4314,50.76,D
sh688297,中无人机,2025-10-10 13:36:09,50.75,9730,50.74,U
sh688297,中无人机,2025-10-10 13:36:42,50.76,4365,50.75,U
sh688297,中无人机,2025-10-10 13:37:54,50.73,10200,50.76,D
sh688297,中无人机,2025-10-10 13:38:00,50.68,39309,50.73,D
sh688297,中无人机,2025-10-10 13:38:06,50.7,3996,50.68,U
sh688297,中无人机,2025-10-10 13:39:36,50.69,4524,50.7,D
sh688297,中无人机,2025-10-10 13:41:18,50.7,14764,50.69,U
sh688297,中无人机,2025-10-10 13:41:27,50.68,9378,50.71,D
sh688297,中无人机,2025-10-10 13:41:45,50.68,9200,50.7,D
sh688297,中无人机,2025-10-10 13:41:57,50.64,31846,50.68,D
sh688297,中无人机,2025-10-10 13:42:03,50.61,26560,50.64,D
sh688297,中无人机,2025-10-10 13:42:15,50.63,4207,50.63,U
sh688297,中无人机,2025-10-10 13:42:24,50.61,9300,50.62,D
sh688297,中无人机,2025-10-10 13:42:54,50.6,27548,50.62,D
sh688297,中无人机,2025-10-10 13:43:12,50.6,24452,50.6,D
sh688297,中无人机,2025-10-10 13:43:24,50.59,5508,50.6,D
sh688297,中无人机,2025-10-10 13:44:06,50.63,5440,50.6,U
sh688297,中无人机,2025-10-10 13:46:48,50.68,4603,50.68,U
sh688297,中无人机,2025-10-10 13:48:09,50.65,4200,50.67,D
sh688297,中无人机,2025-10-10 13:48:51,50.61,9888,50.64,D
sh688297,中无人机,2025-10-10 13:49:39,50.62,7000,50.65,D
sh688297,中无人机,2025-10-10 13:49:54,50.61,5083,50.61,U
sh688297,中无人机,2025-10-10 13:50:06,50.59,21073,50.6,D
sh688297,中无人机,2025-10-10 13:52:15,50.59,4497,50.6,D
sh688297,中无人机,2025-10-10 13:52:36,50.58,6505,50.58,D
sh688297,中无人机,2025-10-10 13:53:03,50.59,5355,50.59,U
sh688297,中无人机,2025-10-10 13:55:06,50.68,9783,50.7,D
sh688297,中无人机,2025-10-10 13:55:54,50.71,5515,50.71,D
sh688297,中无人机,2025-10-10 13:57:42,50.74,9713,50.78,D
sh688297,中无人机,2025-10-10 14:00:51,50.76,8347,50.81,D
sh688297,中无人机,2025-10-10 14:03:03,50.74,5194,50.74,D
sh688297,中无人机,2025-10-10 14:03:06,50.72,8521,50.74,D
sh688297,中无人机,2025-10-10 14:04:30,50.7,4522,50.7,D
sh688297,中无人机,2025-10-10 14:05:06,50.62,4318,50.63,D
sh688297,中无人机,2025-10-10 14:06:06,50.6,7590,50.61,D
sh688297,中无人机,2025-10-10 14:06:15,50.59,3998,50.59,D
sh688297,中无人机,2025-10-10 14:06:36,50.57,5700,50.58,D
sh688297,中无人机,2025-10-10 14:07:30,50.56,4679,50.57,D
sh688297,中无人机,2025-10-10 14:07:33,50.55,4808,50.56,D
sh688297,中无人机,2025-10-10 14:08:00,50.54,4511,50.56,D
sh688297,中无人机,2025-10-10 14:08:27,50.52,8800,50.56,D
sh688297,中无人机,2025-10-10 14:08:48,50.51,4200,50.52,D
sh688297,中无人机,2025-10-10 14:08:54,50.51,9847,50.52,D
sh688297,中无人机,2025-10-10 14:09:00,50.51,8758,50.51,D
sh688297,中无人机,2025-10-10 14:09:15,50.5,4600,50.5,D
sh688297,中无人机,2025-10-10 14:09:18,50.5,6623,50.5,D
sh688297,中无人机,2025-10-10 14:09:21,50.51,8820,50.5,U
sh688297,中无人机,2025-10-10 14:09:42,50.5,16015,50.52,D
sh688297,中无人机,2025-10-10 14:09:45,50.47,23795,50.5,D
sh688297,中无人机,2025-10-10 14:10:12,50.4,5696,50.43,D
sh688297,中无人机,2025-10-10 14:10:24,50.38,4300,50.38,U
sh688297,中无人机,2025-10-10 14:10:27,50.39,8583,50.38,U
sh688297,中无人机,2025-10-10 14:10:33,50.43,4891,50.39,U
sh688297,中无人机,2025-10-10 14:10:39,50.4,5667,50.43,D
sh688297,中无人机,2025-10-10 14:11:33,50.47,5280,50.46,U
sh688297,中无人机,2025-10-10 14:11:39,50.46,3974,50.47,D
sh688297,中无人机,2025-10-10 14:11:45,50.5,4398,50.46,U
sh688297,中无人机,2025-10-10 14:11:54,50.5,7102,50.5,D
sh688297,中无人机,2025-10-10 14:12:03,50.51,4000,50.49,U
sh688297,中无人机,2025-10-10 14:13:51,50.55,4657,50.53,U
sh688297,中无人机,2025-10-10 14:14:15,50.52,5434,50.54,D
sh688297,中无人机,2025-10-10 14:14:18,50.5,6000,50.52,D
sh688297,中无人机,2025-10-10 14:16:06,50.46,7590,50.46,U
sh688297,中无人机,2025-10-10 14:16:21,50.42,4326,50.43,D
sh688297,中无人机,2025-10-10 14:16:36,50.43,4600,50.41,U
sh688297,中无人机,2025-10-10 14:16:39,50.46,4862,50.43,U
sh688297,中无人机,2025-10-10 14:16:42,50.46,4800,50.46,U
sh688297,中无人机,2025-10-10 14:17:09,50.4,8000,50.41,D
sh688297,中无人机,2025-10-10 14:20:27,50.59,4725,50.6,U
sh688297,中无人机,2025-10-10 14:20:33,50.59,12070,50.61,D
sh688297,中无人机,2025-10-10 14:20:45,50.52,19525,50.54,D
sh688297,中无人机,2025-10-10 14:20:48,50.56,4300,50.52,U
sh688297,中无人机,2025-10-10 14:20:51,50.56,4687,50.56,U
sh688297,中无人机,2025-10-10 14:21:42,50.56,7026,50.55,U
sh688297,中无人机,2025-10-10 14:22:30,50.54,4343,50.57,D
sh688297,中无人机,2025-10-10 14:22:33,50.54,7272,50.54,D
sh688297,中无人机,2025-10-10 14:24:57,50.54,6000,50.55,D
sh688297,中无人机,2025-10-10 14:25:54,50.59,5757,50.56,U
sh688297,中无人机,2025-10-10 14:26:06,50.61,7231,50.6,E
sh688297,中无人机,2025-10-10 14:26:33,50.6,4113,50.63,D
sh688297,中无人机,2025-10-10 14:28:39,50.53,5775,50.53,U
sh688297,中无人机,2025-10-10 14:28:42,50.52,4869,50.53,D
sh688297,中无人机,2025-10-10 14:29:21,50.53,5000,50.53,U
sh688297,中无人机,2025-10-10 14:29:42,50.52,8325,50.54,D
sh688297,中无人机,2025-10-10 14:29:45,50.59,28534,50.52,U
sh688297,中无人机,2025-10-10 14:30:30,50.51,10098,50.53,D
sh688297,中无人机,2025-10-10 14:30:57,50.48,9929,50.52,D
sh688297,中无人机,2025-10-10 14:31:30,50.45,4241,50.44,E
sh688297,中无人机,2025-10-10 14:31:39,50.45,4000,50.44,U
sh688297,中无人机,2025-10-10 14:31:51,50.43,4484,50.43,U
sh688297,中无人机,2025-10-10 14:31:57,50.44,10167,50.43,U
sh688297,中无人机,2025-10-10 14:32:00,50.46,15200,50.44,U
sh688297,中无人机,2025-10-10 14:32:03,50.46,5714,50.46,D
sh688297,中无人机,2025-10-10 14:32:12,50.44,4303,50.47,D
sh688297,中无人机,2025-10-10 14:32:24,50.48,5920,50.48,D
sh688297,中无人机,2025-10-10 14:32:45,50.46,4500,50.46,D
sh688297,中无人机,2025-10-10 14:32:48,50.46,4100,50.46,D
sh688297,中无人机,2025-10-10 14:34:39,50.46,5001,50.48,D
sh688297,中无人机,2025-10-10 14:37:51,50.6,19821,50.61,E
sh688297,中无人机,2025-10-10 14:38:06,50.55,11000,50.57,E
sh688297,中无人机,2025-10-10 14:39:06,50.5,10364,50.52,D
sh688297,中无人机,2025-10-10 14:39:33,50.49,6751,50.47,U
sh688297,中无人机,2025-10-10 14:40:03,50.48,8943,50.48,D
sh688297,中无人机,2025-10-10 14:41:06,50.49,4717,50.48,U
sh688297,中无人机,2025-10-10 14:42:30,50.48,5522,50.48,U
sh688297,中无人机,2025-10-10 14:43:42,50.47,8679,50.47,D
sh688297,中无人机,2025-10-10 14:43:51,50.46,4055,50.47,D
sh688297,中无人机,2025-10-10 14:44:03,50.43,13702,50.45,D
sh688297,中无人机,2025-10-10 14:44:15,50.43,4068,50.41,U
sh688297,中无人机,2025-10-10 14:44:51,50.41,28779,50.41,U
sh688297,中无人机,2025-10-10 14:45:06,50.41,5131,50.42,D
sh688297,中无人机,2025-10-10 14:45:09,50.42,6651,50.41,U
sh688297,中无人机,2025-10-10 14:45:15,50.41,4818,50.41,D
sh688297,中无人机,2025-10-10 14:45:21,50.41,9497,50.41,D
sh688297,中无人机,2025-10-10 14:45:24,50.41,23987,50.41,D
sh688297,中无人机,2025-10-10 14:45:27,50.41,7807,50.41,D
sh688297,中无人机,2025-10-10 14:45:30,50.43,8438,50.41,U
sh688297,中无人机,2025-10-10 14:46:12,50.39,4312,50.39,U
sh688297,中无人机,2025-10-10 14:46:24,50.4,8449,50.4,U
sh688297,中无人机,2025-10-10 14:47:18,50.39,5668,50.39,D
sh688297,中无人机,2025-10-10 14:47:30,50.4,6522,50.39,U
sh688297,中无人机,2025-10-10 14:47:33,50.39,6808,50.4,D
sh688297,中无人机,2025-10-10 14:47:54,50.39,5440,50.38,U
sh688297,中无人机,2025-10-10 14:48:03,50.38,9784,50.39,D
sh688297,中无人机,2025-10-10 14:48:18,50.37,5056,50.37,D
sh688297,中无人机,2025-10-10 14:49:00,50.36,6146,50.38,D
sh688297,中无人机,2025-10-10 14:49:15,50.35,6756,50.35,D
sh688297,中无人机,2025-10-10 14:49:30,50.34,5184,50.34,U
sh688297,中无人机,2025-10-10 14:49:51,50.31,22826,50.32,D
sh688297,中无人机,2025-10-10 14:51:42,50.39,5911,50.39,D
sh688297,中无人机,2025-10-10 14:51:45,50.4,5262,50.39,U
sh688297,中无人机,2025-10-10 14:51:51,50.39,6707,50.39,D
sh688297,中无人机,2025-10-10 14:51:54,50.39,7885,50.39,D
sh688297,中无人机,2025-10-10 14:52:27,50.4,4963,50.39,U
sh688297,中无人机,2025-10-10 14:52:39,50.42,59980,50.4,U
sh688297,中无人机,2025-10-10 14:53:30,50.5,5291,50.5,U
sh688297,中无人机,2025-10-10 14:53:33,50.5,4000,50.5,D
sh688297,中无人机,2025-10-10 14:53:45,50.52,5395,50.52,D
sh688297,中无人机,2025-10-10 14:54:15,50.5,31905,50.49,U
sh688297,中无人机,2025-10-10 14:54:24,50.53,18818,50.51,U
sh688297,中无人机,2025-10-10 14:54:48,50.55,6045,50.53,U
sh688297,中无人机,2025-10-10 14:54:57,50.55,6015,50.55,D
sh688297,中无人机,2025-10-10 14:55:06,50.59,6148,50.55,U
sh688297,中无人机,2025-10-10 14:55:39,50.64,4602,50.64,U
sh688297,中无人机,2025-10-10 14:56:06,50.63,5193,50.64,D
sh688297,中无人机,2025-10-10 14:56:15,50.65,5623,50.64,U
sh688297,中无人机,2025-10-10 14:56:27,50.64,18561,50.66,D
sh688297,中无人机,2025-10-10 14:56:33,50.65,6637,50.64,U
sh688297,中无人机,2025-10-10 14:56:48,50.61,6172,50.61,U
sh688297,中无人机,2025-10-10 15:00:00,50.62,60954,50.61,D
