symbol,name,ticktime,price,volume,prev_price,kind
sh688297,中无人机,2025-09-25 09:25:03,49.0,15308,0.0,U
sh688297,中无人机,2025-09-25 09:30:04,48.9,4400,48.99,D
sh688297,中无人机,2025-09-25 09:30:07,48.95,4800,48.9,U
sh688297,中无人机,2025-09-25 09:30:12,48.95,9373,48.91,U
sh688297,中无人机,2025-09-25 09:30:18,48.88,7561,48.9,D
sh688297,中无人机,2025-09-25 09:30:24,48.8,5740,48.88,D
sh688297,中无人机,2025-09-25 09:30:30,48.85,5861,48.85,U
sh688297,中无人机,2025-09-25 09:30:39,48.88,7500,48.8,U
sh688297,中无人机,2025-09-25 09:30:48,48.76,6945,48.8,D
sh688297,中无人机,2025-09-25 09:30:54,48.75,14500,48.75,U
sh688297,中无人机,2025-09-25 09:30:57,48.61,5110,48.75,D
sh688297,中无人机,2025-09-25 09:31:00,48.61,8436,48.61,D
sh688297,中无人机,2025-09-25 09:31:21,48.63,6573,48.67,D
sh688297,中无人机,2025-09-25 09:31:30,48.65,19516,48.7,D
sh688297,中无人机,2025-09-25 09:31:45,48.7,9423,48.73,D
sh688297,中无人机,2025-09-25 09:31:48,48.68,5805,48.7,D
sh688297,中无人机,2025-09-25 09:31:51,48.66,6041,48.68,D
sh688297,中无人机,2025-09-25 09:32:15,48.68,7810,48.7,D
sh688297,中无人机,2025-09-25 09:32:27,48.68,9710,48.66,U
sh688297,中无人机,2025-09-25 09:32:33,48.67,4253,48.66,U
sh688297,中无人机,2025-09-25 09:32:36,48.66,6020,48.67,E
sh688297,中无人机,2025-09-25 09:32:39,48.67,5461,48.66,D
sh688297,中无人机,2025-09-25 09:32:42,48.67,4348,48.67,U
sh688297,中无人机,2025-09-25 09:33:01,48.68,10185,48.69,D
sh688297,中无人机,2025-09-25 09:33:18,48.8,8094,48.74,U
sh688297,中无人机,2025-09-25 09:33:27,48.68,13945,48.75,D
sh688297,中无人机,2025-09-25 09:33:30,48.66,14581,48.68,D
sh688297,中无人机,2025-09-25 09:33:43,48.63,9263,48.65,D
sh688297,中无人机,2025-09-25 09:33:45,48.65,13919,48.63,U
sh688297,中无人机,2025-09-25 09:33:48,48.6,19247,48.65,D
sh688297,中无人机,2025-09-25 09:33:51,48.59,13064,48.6,D
sh688297,中无人机,2025-09-25 09:34:00,48.61,11946,48.6,U
sh688297,中无人机,2025-09-25 09:34:03,48.59,6191,48.61,E
sh688297,中无人机,2025-09-25 09:34:06,48.58,4700,48.59,D
sh688297,中无人机,2025-09-25 09:34:09,48.52,4158,48.58,D
sh688297,中无人机,2025-09-25 09:34:30,48.61,4179,48.62,D
sh688297,中无人机,2025-09-25 09:35:03,48.62,6400,48.68,D
sh688297,中无人机,2025-09-25 09:35:09,48.62,6012,48.62,D
sh688297,中无人机,2025-09-25 09:36:18,48.7,11905,48.71,D
sh688297,中无人机,2025-09-25 09:36:33,48.65,12295,48.71,D
sh688297,中无人机,2025-09-25 09:36:36,48.71,5589,48.65,U
sh688297,中无人机,2025-09-25 09:36:57,48.67,15822,48.72,D
sh688297,中无人机,2025-09-25 09:37:12,48.7,7168,48.7,U
sh688297,中无人机,2025-09-25 09:37:21,48.7,9635,48.71,D
sh688297,中无人机,2025-09-25 09:37:54,48.66,5127,48.66,D
sh688297,中无人机,2025-09-25 09:38:12,48.74,4135,48.72,U
sh688297,中无人机,2025-09-25 09:38:21,48.76,8215,48.74,U
sh688297,中无人机,2025-09-25 09:38:24,48.72,7259,48.76,D
sh688297,中无人机,2025-09-25 09:38:28,48.72,24654,48.72,U
sh688297,中无人机,2025-09-25 09:38:30,48.74,71165,48.72,U
sh688297,中无人机,2025-09-25 09:38:36,48.72,7400,48.74,D
sh688297,中无人机,2025-09-25 09:38:52,48.7,9542,48.74,D
sh688297,中无人机,2025-09-25 09:38:54,48.74,7886,48.7,U
sh688297,中无人机,2025-09-25 09:39:00,48.67,25686,48.7,D
sh688297,中无人机,2025-09-25 09:39:03,48.65,48676,48.67,D
sh688297,中无人机,2025-09-25 09:39:15,48.61,9381,48.65,D
sh688297,中无人机,2025-09-25 09:39:54,48.69,4896,48.73,D
sh688297,中无人机,2025-09-25 09:40:01,48.69,5400,48.69,U
sh688297,中无人机,2025-09-25 09:40:03,48.68,4651,48.69,D
sh688297,中无人机,2025-09-25 09:40:24,48.7,5000,48.7,U
sh688297,中无人机,2025-09-25 09:40:27,48.69,8657,48.7,D
sh688297,中无人机,2025-09-25 09:40:30,48.7,15880,48.69,U
sh688297,中无人机,2025-09-25 09:40:40,48.7,11470,48.7,D
sh688297,中无人机,2025-09-25 09:40:51,48.76,18378,48.72,U
sh688297,中无人机,2025-09-25 09:41:42,48.8,7761,48.8,D
sh688297,中无人机,2025-09-25 09:42:36,48.69,12186,48.76,D
sh688297,中无人机,2025-09-25 09:42:39,48.68,5793,48.69,D
sh688297,中无人机,2025-09-25 09:42:48,48.71,7239,48.7,U
sh688297,中无人机,2025-09-25 09:43:03,48.68,10669,48.7,D
sh688297,中无人机,2025-09-25 09:43:13,48.66,7614,48.66,D
sh688297,中无人机,2025-09-25 09:43:15,48.65,26000,48.66,D
sh688297,中无人机,2025-09-25 09:43:18,48.64,14285,48.65,D
sh688297,中无人机,2025-09-25 09:43:24,48.64,12515,48.68,D
sh688297,中无人机,2025-09-25 09:43:27,48.64,4533,48.64,U
sh688297,中无人机,2025-09-25 09:44:03,48.69,4423,48.69,U
sh688297,中无人机,2025-09-25 09:44:06,48.7,10686,48.69,U
sh688297,中无人机,2025-09-25 09:44:09,48.67,7500,48.7,D
sh688297,中无人机,2025-09-25 09:45:03,48.75,6978,48.74,U
sh688297,中无人机,2025-09-25 09:45:18,48.68,5900,48.72,D
sh688297,中无人机,2025-09-25 09:45:21,48.64,34443,48.68,D
sh688297,中无人机,2025-09-25 09:45:33,48.67,6700,48.66,U
sh688297,中无人机,2025-09-25 09:45:39,48.67,12800,48.67,U
sh688297,中无人机,2025-09-25 09:45:48,48.69,10762,48.67,U
sh688297,中无人机,2025-09-25 09:45:57,48.65,14759,48.7,D
sh688297,中无人机,2025-09-25 09:46:03,48.63,4684,48.64,D
sh688297,中无人机,2025-09-25 09:46:18,48.62,11500,48.63,D
sh688297,中无人机,2025-09-25 09:46:21,48.61,5100,48.62,D
sh688297,中无人机,2025-09-25 09:46:30,48.63,4300,48.63,D
sh688297,中无人机,2025-09-25 09:46:36,48.62,17231,48.62,U
sh688297,中无人机,2025-09-25 09:46:48,48.62,6541,48.64,D
sh688297,中无人机,2025-09-25 09:46:57,48.6,5965,48.62,D
sh688297,中无人机,2025-09-25 09:47:00,48.58,30982,48.6,D
sh688297,中无人机,2025-09-25 09:47:06,48.57,14995,48.6,D
sh688297,中无人机,2025-09-25 09:47:18,48.55,10127,48.55,D
sh688297,中无人机,2025-09-25 09:47:27,48.55,12050,48.53,U
sh688297,中无人机,2025-09-25 09:47:30,48.55,4301,48.55,D
sh688297,中无人机,2025-09-25 09:47:33,48.52,11414,48.55,D
sh688297,中无人机,2025-09-25 09:47:39,48.52,10503,48.52,D
sh688297,中无人机,2025-09-25 09:48:12,48.52,4925,48.6,D
sh688297,中无人机,2025-09-25 09:49:30,48.53,5599,48.54,D
sh688297,中无人机,2025-09-25 09:49:39,48.47,133750,48.54,D
sh688297,中无人机,2025-09-25 09:49:42,48.45,4619,48.47,D
sh688297,中无人机,2025-09-25 09:49:48,48.48,12170,48.42,U
sh688297,中无人机,2025-09-25 09:49:54,48.43,4613,48.45,U
sh688297,中无人机,2025-09-25 09:50:21,48.43,7300,48.43,D
sh688297,中无人机,2025-09-25 09:50:36,48.46,14077,48.46,U
sh688297,中无人机,2025-09-25 09:50:39,48.5,7467,48.46,U
sh688297,中无人机,2025-09-25 09:50:51,48.45,25848,48.47,D
sh688297,中无人机,2025-09-25 09:50:54,48.38,19960,48.45,D
sh688297,中无人机,2025-09-25 09:51:09,48.37,5000,48.4,D
sh688297,中无人机,2025-09-25 09:51:12,48.37,12139,48.37,D
sh688297,中无人机,2025-09-25 09:51:18,48.37,11960,48.37,U
sh688297,中无人机,2025-09-25 09:51:24,48.36,7608,48.36,U
sh688297,中无人机,2025-09-25 09:51:45,48.34,6081,48.35,D
sh688297,中无人机,2025-09-25 09:51:48,48.33,6056,48.34,D
sh688297,中无人机,2025-09-25 09:52:00,48.37,24486,48.32,U
sh688297,中无人机,2025-09-25 09:52:03,48.36,9254,48.37,D
sh688297,中无人机,2025-09-25 09:52:39,48.55,4143,48.54,E
sh688297,中无人机,2025-09-25 09:53:06,48.53,5500,48.49,U
sh688297,中无人机,2025-09-25 09:53:54,48.47,10731,48.5,D
sh688297,中无人机,2025-09-25 09:53:57,48.51,5649,48.47,U
sh688297,中无人机,2025-09-25 09:55:00,48.5,8679,48.49,U
sh688297,中无人机,2025-09-25 09:55:09,48.44,17320,48.48,D
sh688297,中无人机,2025-09-25 09:56:30,48.46,5078,48.46,U
sh688297,中无人机,2025-09-25 09:56:33,48.44,9466,48.46,D
sh688297,中无人机,2025-09-25 09:57:18,48.39,18593,48.45,D
sh688297,中无人机,2025-09-25 09:57:36,48.35,14029,48.38,D
sh688297,中无人机,2025-09-25 09:57:45,48.33,11905,48.34,D
sh688297,中无人机,2025-09-25 09:57:51,48.3,41606,48.34,D
sh688297,中无人机,2025-09-25 09:58:00,48.28,19637,48.3,D
sh688297,中无人机,2025-09-25 09:58:06,48.26,4400,48.25,U
sh688297,中无人机,2025-09-25 09:58:15,48.22,5070,48.25,D
sh688297,中无人机,2025-09-25 09:58:18,48.24,4966,48.22,E
sh688297,中无人机,2025-09-25 09:58:24,48.26,4740,48.24,U
sh688297,中无人机,2025-09-25 09:58:39,48.25,20164,48.28,D
sh688297,中无人机,2025-09-25 09:58:45,48.24,5500,48.3,D
sh688297,中无人机,2025-09-25 09:58:48,48.24,7055,48.24,D
sh688297,中无人机,2025-09-25 09:58:52,48.34,28117,48.24,U
sh688297,中无人机,2025-09-25 09:58:54,48.3,9674,48.34,D
sh688297,中无人机,2025-09-25 09:59:03,48.3,7667,48.3,D
sh688297,中无人机,2025-09-25 09:59:42,48.4,16697,48.4,D
sh688297,中无人机,2025-09-25 10:01:03,48.36,11873,48.36,D
sh688297,中无人机,2025-09-25 10:01:21,48.4,4787,48.35,U
sh688297,中无人机,2025-09-25 10:02:42,48.38,5255,48.39,D
sh688297,中无人机,2025-09-25 10:03:09,48.46,10595,48.43,U
sh688297,中无人机,2025-09-25 10:03:12,48.5,6473,48.46,U
sh688297,中无人机,2025-09-25 10:03:15,48.55,4900,48.5,U
sh688297,中无人机,2025-09-25 10:03:39,48.54,9119,48.55,D
sh688297,中无人机,2025-09-25 10:03:42,48.5,11819,48.54,D
sh688297,中无人机,2025-09-25 10:04:33,48.45,9536,48.52,D
sh688297,中无人机,2025-09-25 10:04:36,48.4,4560,48.45,D
sh688297,中无人机,2025-09-25 10:04:42,48.36,27163,48.4,D
sh688297,中无人机,2025-09-25 10:05:12,48.44,6681,48.42,U
sh688297,中无人机,2025-09-25 10:06:33,48.39,8687,48.39,D
sh688297,中无人机,2025-09-25 10:06:36,48.36,11637,48.39,D
sh688297,中无人机,2025-09-25 10:06:57,48.36,11627,48.4,D
sh688297,中无人机,2025-09-25 10:07:45,48.31,8181,48.32,D
sh688297,中无人机,2025-09-25 10:07:57,48.3,10814,48.31,D
sh688297,中无人机,2025-09-25 10:08:33,48.25,12642,48.27,D
sh688297,中无人机,2025-09-25 10:08:42,48.35,8773,48.3,U
sh688297,中无人机,2025-09-25 10:09:39,48.43,4690,48.42,E
sh688297,中无人机,2025-09-25 10:10:30,48.31,5500,48.35,D
sh688297,中无人机,2025-09-25 10:10:54,48.31,21648,48.32,D
sh688297,中无人机,2025-09-25 10:12:30,48.39,7793,48.4,D
sh688297,中无人机,2025-09-25 10:12:36,48.32,11976,48.39,D
sh688297,中无人机,2025-09-25 10:13:19,48.36,5400,48.37,D
sh688297,中无人机,2025-09-25 10:13:33,48.37,4545,48.37,U
sh688297,中无人机,2025-09-25 10:14:39,48.41,8068,48.44,D
sh688297,中无人机,2025-09-25 10:15:36,48.4,6166,48.4,D
sh688297,中无人机,2025-09-25 10:15:39,48.4,4956,48.4,D
sh688297,中无人机,2025-09-25 10:18:33,48.41,5500,48.39,U
sh688297,中无人机,2025-09-25 10:18:45,48.39,4591,48.39,D
sh688297,中无人机,2025-09-25 10:19:00,48.36,6675,48.39,D
sh688297,中无人机,2025-09-25 10:19:03,48.35,6850,48.36,D
sh688297,中无人机,2025-09-25 10:19:33,48.32,7095,48.33,D
sh688297,中无人机,2025-09-25 10:20:00,48.42,4480,48.38,U
sh688297,中无人机,2025-09-25 10:21:06,48.31,6445,48.36,D
sh688297,中无人机,2025-09-25 10:21:21,48.28,61737,48.32,D
sh688297,中无人机,2025-09-25 10:21:25,48.29,12448,48.28,U
sh688297,中无人机,2025-09-25 10:21:36,48.32,5000,48.27,E
sh688297,中无人机,2025-09-25 10:21:39,48.27,4157,48.32,D
sh688297,中无人机,2025-09-25 10:21:48,48.26,4528,48.26,D
sh688297,中无人机,2025-09-25 10:21:57,48.29,5942,48.26,U
sh688297,中无人机,2025-09-25 10:22:03,48.31,9230,48.29,U
sh688297,中无人机,2025-09-25 10:22:45,48.36,10000,48.35,U
sh688297,中无人机,2025-09-25 10:22:51,48.34,5300,48.34,E
sh688297,中无人机,2025-09-25 10:22:54,48.32,4596,48.34,D
sh688297,中无人机,2025-09-25 10:23:24,48.29,4311,48.29,D
sh688297,中无人机,2025-09-25 10:23:30,48.35,7467,48.3,U
sh688297,中无人机,2025-09-25 10:25:27,48.3,5300,48.3,U
sh688297,中无人机,2025-09-25 10:25:51,48.38,14750,48.33,U
sh688297,中无人机,2025-09-25 10:26:57,48.39,4310,48.42,D
sh688297,中无人机,2025-09-25 10:27:42,48.41,5098,48.34,U
sh688297,中无人机,2025-09-25 10:28:06,48.41,9138,48.41,D
sh688297,中无人机,2025-09-25 10:28:39,48.38,16667,48.41,D
sh688297,中无人机,2025-09-25 10:28:45,48.38,4700,48.38,U
sh688297,中无人机,2025-09-25 10:28:48,48.38,5888,48.38,U
sh688297,中无人机,2025-09-25 10:29:33,48.4,10072,48.41,D
sh688297,中无人机,2025-09-25 10:30:24,48.41,4352,48.41,U
sh688297,中无人机,2025-09-25 10:30:48,48.43,4576,48.43,U
sh688297,中无人机,2025-09-25 10:31:06,48.45,20145,48.43,U
sh688297,中无人机,2025-09-25 10:31:45,48.48,6300,48.51,D
sh688297,中无人机,2025-09-25 10:32:01,48.49,4201,48.49,U
sh688297,中无人机,2025-09-25 10:32:51,48.48,15090,48.52,D
sh688297,中无人机,2025-09-25 10:32:54,48.43,21842,48.48,D
sh688297,中无人机,2025-09-25 10:33:49,48.6,7000,48.58,U
sh688297,中无人机,2025-09-25 10:36:51,48.58,18339,48.57,U
sh688297,中无人机,2025-09-25 10:37:30,48.5,11767,48.52,D
sh688297,中无人机,2025-09-25 10:38:18,48.43,5620,48.49,D
sh688297,中无人机,2025-09-25 10:39:33,48.41,14637,48.46,D
sh688297,中无人机,2025-09-25 10:39:42,48.46,13324,48.45,U
sh688297,中无人机,2025-09-25 10:40:45,48.41,4753,48.46,D
sh688297,中无人机,2025-09-25 10:42:00,48.38,4457,48.4,D
sh688297,中无人机,2025-09-25 10:42:03,48.36,6804,48.38,D
sh688297,中无人机,2025-09-25 10:43:45,48.41,10200,48.4,U
sh688297,中无人机,2025-09-25 10:44:12,48.42,18718,48.34,U
sh688297,中无人机,2025-09-25 10:44:18,48.46,10542,48.46,U
sh688297,中无人机,2025-09-25 10:45:19,48.46,16449,48.46,U
sh688297,中无人机,2025-09-25 10:46:00,48.52,46344,48.47,U
sh688297,中无人机,2025-09-25 10:47:39,48.53,4375,48.51,U
sh688297,中无人机,2025-09-25 10:47:42,48.55,11237,48.53,U
sh688297,中无人机,2025-09-25 10:49:18,48.53,4201,48.51,U
sh688297,中无人机,2025-09-25 10:50:51,48.5,34817,48.49,U
sh688297,中无人机,2025-09-25 10:52:09,48.46,14153,48.51,D
sh688297,中无人机,2025-09-25 10:54:00,48.5,12400,48.5,D
sh688297,中无人机,2025-09-25 10:54:30,48.49,12300,48.44,U
sh688297,中无人机,2025-09-25 10:55:06,48.44,5025,48.45,D
sh688297,中无人机,2025-09-25 10:55:39,48.5,5356,48.49,U
sh688297,中无人机,2025-09-25 10:56:10,48.6,19118,48.5,U
sh688297,中无人机,2025-09-25 10:56:33,48.66,11040,48.6,U
sh688297,中无人机,2025-09-25 10:58:03,48.53,23601,48.56,D
sh688297,中无人机,2025-09-25 10:58:24,48.5,16028,48.53,D
sh688297,中无人机,2025-09-25 10:58:48,48.53,30945,48.5,U
sh688297,中无人机,2025-09-25 10:59:45,48.54,17521,48.56,D
sh688297,中无人机,2025-09-25 11:00:51,48.57,23381,48.59,D
sh688297,中无人机,2025-09-25 11:00:57,48.59,10585,48.58,U
sh688297,中无人机,2025-09-25 11:02:00,48.6,11467,48.58,U
sh688297,中无人机,2025-09-25 11:02:03,48.6,4286,48.6,U
sh688297,中无人机,2025-09-25 11:02:12,48.6,5504,48.6,U
sh688297,中无人机,2025-09-25 11:02:27,48.58,13541,48.61,D
sh688297,中无人机,2025-09-25 11:02:45,48.58,5400,48.58,U
sh688297,中无人机,2025-09-25 11:03:12,48.67,31221,48.58,U
sh688297,中无人机,2025-09-25 11:03:33,48.65,4940,48.68,D
sh688297,中无人机,2025-09-25 11:04:18,48.65,27608,48.61,U
sh688297,中无人机,2025-09-25 11:05:42,48.61,5000,48.65,D
sh688297,中无人机,2025-09-25 11:05:48,48.65,10139,48.65,U
sh688297,中无人机,2025-09-25 11:06:51,48.74,6101,48.74,U
sh688297,中无人机,2025-09-25 11:06:57,48.75,4300,48.74,U
sh688297,中无人机,2025-09-25 11:08:00,48.68,7090,48.7,D
sh688297,中无人机,2025-09-25 11:11:48,48.5,6246,48.52,D
sh688297,中无人机,2025-09-25 11:14:15,48.7,17642,48.55,U
sh688297,中无人机,2025-09-25 11:16:45,48.56,5757,48.53,U
sh688297,中无人机,2025-09-25 11:20:03,48.6,6019,48.6,U
sh688297,中无人机,2025-09-25 11:20:21,48.69,4592,48.67,U
sh688297,中无人机,2025-09-25 11:20:54,48.68,4400,48.7,D
sh688297,中无人机,2025-09-25 11:21:09,48.64,23375,48.68,D
sh688297,中无人机,2025-09-25 11:28:06,48.65,5344,48.68,D
sh688297,中无人机,2025-09-25 11:28:54,48.67,4931,48.64,U
sh688297,中无人机,2025-09-25 11:29:09,48.71,10281,48.68,U
sh688297,中无人机,2025-09-25 13:00:09,48.7,4237,48.7,D
sh688297,中无人机,2025-09-25 13:00:12,48.67,6383,48.7,D
sh688297,中无人机,2025-09-25 13:00:39,48.64,7706,48.67,D
sh688297,中无人机,2025-09-25 13:02:39,48.61,6713,48.62,D
sh688297,中无人机,2025-09-25 13:03:03,48.55,34061,48.61,D
sh688297,中无人机,2025-09-25 13:03:06,48.53,4219,48.55,D
sh688297,中无人机,2025-09-25 13:05:27,48.58,4814,48.58,U
sh688297,中无人机,2025-09-25 13:05:30,48.6,7773,48.58,U
sh688297,中无人机,2025-09-25 13:05:33,48.6,11100,48.6,U
sh688297,中无人机,2025-09-25 13:06:00,48.6,9825,48.6,U
sh688297,中无人机,2025-09-25 13:06:12,48.65,13885,48.6,U
sh688297,中无人机,2025-09-25 13:06:30,48.65,6300,48.65,U
sh688297,中无人机,2025-09-25 13:07:39,48.6,16628,48.6,D
sh688297,中无人机,2025-09-25 13:07:48,48.55,16019,48.6,D
sh688297,中无人机,2025-09-25 13:08:18,48.53,8500,48.56,D
sh688297,中无人机,2025-09-25 13:09:37,48.54,11615,48.53,U
sh688297,中无人机,2025-09-25 13:09:45,48.54,21200,48.57,D
sh688297,中无人机,2025-09-25 13:09:51,48.54,5287,48.54,D
sh688297,中无人机,2025-09-25 13:09:54,48.52,30325,48.54,D
sh688297,中无人机,2025-09-25 13:09:57,48.52,4700,48.52,D
sh688297,中无人机,2025-09-25 13:10:00,48.47,28367,48.52,D
sh688297,中无人机,2025-09-25 13:10:42,48.49,4794,48.5,D
sh688297,中无人机,2025-09-25 13:11:12,48.47,5396,48.46,U
sh688297,中无人机,2025-09-25 13:11:15,48.47,4606,48.47,U
sh688297,中无人机,2025-09-25 13:11:24,48.47,11516,48.47,U
sh688297,中无人机,2025-09-25 13:11:33,48.41,12759,48.47,D
sh688297,中无人机,2025-09-25 13:11:45,48.39,8146,48.4,D
sh688297,中无人机,2025-09-25 13:12:18,48.41,23249,48.41,U
sh688297,中无人机,2025-09-25 13:12:24,48.41,9275,48.4,U
sh688297,中无人机,2025-09-25 13:13:00,48.39,5570,48.41,D
sh688297,中无人机,2025-09-25 13:13:15,48.35,5447,48.4,D
sh688297,中无人机,2025-09-25 13:14:06,48.38,21400,48.37,U
sh688297,中无人机,2025-09-25 13:14:21,48.34,49076,48.39,D
sh688297,中无人机,2025-09-25 13:14:24,48.31,10533,48.34,D
sh688297,中无人机,2025-09-25 13:14:45,48.29,22034,48.31,D
sh688297,中无人机,2025-09-25 13:14:48,48.3,5600,48.29,U
sh688297,中无人机,2025-09-25 13:15:00,48.29,5873,48.29,D
sh688297,中无人机,2025-09-25 13:15:09,48.29,5427,48.29,D
sh688297,中无人机,2025-09-25 13:15:24,48.29,4607,48.3,D
sh688297,中无人机,2025-09-25 13:15:39,48.3,10200,48.3,U
sh688297,中无人机,2025-09-25 13:15:42,48.3,4500,48.3,U
sh688297,中无人机,2025-09-25 13:16:06,48.3,9718,48.3,U
sh688297,中无人机,2025-09-25 13:16:15,48.33,6000,48.35,D
sh688297,中无人机,2025-09-25 13:16:18,48.35,18630,48.33,U
sh688297,中无人机,2025-09-25 13:16:48,48.35,16337,48.35,U
sh688297,中无人机,2025-09-25 13:18:00,48.35,12059,48.37,D
sh688297,中无人机,2025-09-25 13:19:48,48.43,5000,48.39,U
sh688297,中无人机,2025-09-25 13:21:03,48.45,6000,48.42,U
sh688297,中无人机,2025-09-25 13:21:42,48.47,5307,48.44,U
sh688297,中无人机,2025-09-25 13:22:03,48.5,6071,48.49,U
sh688297,中无人机,2025-09-25 13:25:36,48.48,5665,48.46,U
sh688297,中无人机,2025-09-25 13:26:45,48.38,5200,48.38,D
sh688297,中无人机,2025-09-25 13:26:48,48.38,5703,48.38,D
sh688297,中无人机,2025-09-25 13:26:51,48.39,5000,48.38,U
sh688297,中无人机,2025-09-25 13:27:04,48.38,6524,48.39,D
sh688297,中无人机,2025-09-25 13:27:42,48.45,5106,48.42,U
sh688297,中无人机,2025-09-25 13:28:18,48.48,5000,48.45,U
sh688297,中无人机,2025-09-25 13:29:36,48.39,5835,48.4,D
sh688297,中无人机,2025-09-25 13:29:54,48.35,5804,48.36,D
sh688297,中无人机,2025-09-25 13:30:21,48.35,10449,48.36,D
sh688297,中无人机,2025-09-25 13:30:30,48.34,8777,48.35,D
sh688297,中无人机,2025-09-25 13:32:58,48.36,4500,48.38,D
sh688297,中无人机,2025-09-25 13:33:04,48.35,8325,48.35,D
sh688297,中无人机,2025-09-25 13:33:06,48.33,4764,48.35,D
sh688297,中无人机,2025-09-25 13:33:09,48.32,10294,48.33,D
sh688297,中无人机,2025-09-25 13:33:42,48.3,26751,48.34,D
sh688297,中无人机,2025-09-25 13:33:45,48.3,8391,48.3,D
sh688297,中无人机,2025-09-25 13:34:09,48.33,5169,48.34,D
sh688297,中无人机,2025-09-25 13:35:00,48.36,6283,48.34,U
sh688297,中无人机,2025-09-25 13:35:03,48.35,4800,48.36,D
sh688297,中无人机,2025-09-25 13:36:09,48.4,5782,48.4,D
sh688297,中无人机,2025-09-25 13:38:42,48.37,7240,48.36,U
sh688297,中无人机,2025-09-25 13:39:00,48.34,19509,48.36,D
sh688297,中无人机,2025-09-25 13:39:39,48.36,6400,48.35,U
sh688297,中无人机,2025-09-25 13:39:42,48.33,21600,48.36,D
sh688297,中无人机,2025-09-25 13:39:46,48.36,4413,48.33,U
sh688297,中无人机,2025-09-25 13:39:51,48.33,5600,48.33,D
sh688297,中无人机,2025-09-25 13:41:06,48.45,5200,48.45,U
sh688297,中无人机,2025-09-25 13:43:48,48.44,4600,48.44,D
sh688297,中无人机,2025-09-25 13:44:03,48.45,10935,48.44,U
sh688297,中无人机,2025-09-25 13:45:54,48.41,4281,48.42,D
sh688297,中无人机,2025-09-25 13:49:09,48.39,4715,48.4,D
sh688297,中无人机,2025-09-25 13:49:21,48.4,5000,48.37,U
sh688297,中无人机,2025-09-25 13:49:45,48.36,7700,48.38,D
sh688297,中无人机,2025-09-25 13:50:54,48.33,6590,48.35,D
sh688297,中无人机,2025-09-25 13:51:33,48.32,5435,48.32,D
sh688297,中无人机,2025-09-25 13:53:54,48.34,4622,48.35,D
sh688297,中无人机,2025-09-25 13:54:36,48.31,25025,48.34,D
sh688297,中无人机,2025-09-25 13:54:39,48.28,46814,48.31,D
sh688297,中无人机,2025-09-25 13:55:46,48.29,8193,48.29,D
sh688297,中无人机,2025-09-25 13:56:06,48.29,4823,48.28,U
sh688297,中无人机,2025-09-25 13:57:36,48.36,5383,48.36,U
sh688297,中无人机,2025-09-25 13:58:15,48.38,8598,48.35,U
sh688297,中无人机,2025-09-25 14:01:15,48.45,4732,48.45,U
sh688297,中无人机,2025-09-25 14:01:33,48.4,5000,48.4,D
sh688297,中无人机,2025-09-25 14:01:48,48.43,4471,48.39,U
sh688297,中无人机,2025-09-25 14:02:48,48.38,17607,48.39,D
sh688297,中无人机,2025-09-25 14:03:33,48.4,8725,48.35,U
sh688297,中无人机,2025-09-25 14:03:39,48.47,7011,48.45,U
sh688297,中无人机,2025-09-25 14:08:12,48.41,6816,48.46,D
sh688297,中无人机,2025-09-25 14:09:09,48.38,23584,48.4,D
sh688297,中无人机,2025-09-25 14:11:36,48.37,5579,48.36,U
sh688297,中无人机,2025-09-25 14:12:09,48.37,10601,48.35,U
sh688297,中无人机,2025-09-25 14:13:18,48.41,7611,48.39,U
sh688297,中无人机,2025-09-25 14:15:36,48.38,8922,48.39,D
sh688297,中无人机,2025-09-25 14:17:12,48.35,4901,48.37,D
sh688297,中无人机,2025-09-25 14:17:15,48.34,5163,48.35,D
sh688297,中无人机,2025-09-25 14:18:09,48.37,22288,48.37,U
sh688297,中无人机,2025-09-25 14:20:03,48.38,7179,48.37,U
sh688297,中无人机,2025-09-25 14:20:06,48.36,4784,48.38,D
sh688297,中无人机,2025-09-25 14:20:15,48.36,5218,48.39,D
sh688297,中无人机,2025-09-25 14:21:33,48.36,4308,48.37,D
sh688297,中无人机,2025-09-25 14:23:45,48.34,8938,48.35,D
sh688297,中无人机,2025-09-25 14:24:27,48.33,10454,48.33,D
sh688297,中无人机,2025-09-25 14:25:15,48.35,11198,48.34,U
sh688297,中无人机,2025-09-25 14:26:12,48.4,8900,48.4,U
sh688297,中无人机,2025-09-25 14:26:18,48.4,6018,48.4,U
sh688297,中无人机,2025-09-25 14:27:12,48.44,19943,48.44,U
sh688297,中无人机,2025-09-25 14:27:21,48.45,6801,48.45,U
sh688297,中无人机,2025-09-25 14:27:40,48.45,5400,48.45,D
sh688297,中无人机,2025-09-25 14:27:45,48.43,8785,48.46,D
sh688297,中无人机,2025-09-25 14:28:25,48.48,10548,48.47,U
sh688297,中无人机,2025-09-25 14:28:39,48.45,5000,48.49,D
sh688297,中无人机,2025-09-25 14:28:55,48.48,6912,48.48,D
sh688297,中无人机,2025-09-25 14:29:48,48.48,4916,48.49,D
sh688297,中无人机,2025-09-25 14:30:27,48.5,4269,48.49,U
sh688297,中无人机,2025-09-25 14:30:40,48.52,5229,48.5,U
sh688297,中无人机,2025-09-25 14:31:36,48.51,6160,48.53,D
sh688297,中无人机,2025-09-25 14:32:09,48.49,8622,48.5,D
sh688297,中无人机,2025-09-25 14:32:15,48.49,6125,48.48,U
sh688297,中无人机,2025-09-25 14:33:00,48.46,5528,48.48,D
sh688297,中无人机,2025-09-25 14:33:45,48.42,32607,48.47,D
sh688297,中无人机,2025-09-25 14:33:48,48.37,4381,48.42,D
sh688297,中无人机,2025-09-25 14:33:51,48.34,7290,48.37,D
sh688297,中无人机,2025-09-25 14:34:39,48.47,12263,48.47,U
sh688297,中无人机,2025-09-25 14:35:06,48.42,10498,48.41,U
sh688297,中无人机,2025-09-25 14:35:21,48.41,5269,48.41,U
sh688297,中无人机,2025-09-25 14:36:12,48.39,6129,48.4,D
sh688297,中无人机,2025-09-25 14:37:09,48.38,6153,48.35,U
sh688297,中无人机,2025-09-25 14:37:45,48.36,8164,48.36,U
sh688297,中无人机,2025-09-25 14:37:48,48.36,4595,48.36,U
sh688297,中无人机,2025-09-25 14:38:00,48.36,6996,48.36,U
sh688297,中无人机,2025-09-25 14:38:39,48.36,5567,48.37,D
sh688297,中无人机,2025-09-25 14:38:51,48.35,4179,48.35,D
sh688297,中无人机,2025-09-25 14:39:12,48.33,4470,48.33,D
sh688297,中无人机,2025-09-25 14:39:21,48.32,8631,48.33,D
sh688297,中无人机,2025-09-25 14:40:36,48.32,11000,48.32,D
sh688297,中无人机,2025-09-25 14:40:39,48.34,5000,48.32,U
sh688297,中无人机,2025-09-25 14:40:54,48.31,4200,48.32,D
sh688297,中无人机,2025-09-25 14:41:06,48.31,9342,48.32,D
sh688297,中无人机,2025-09-25 14:41:09,48.31,11420,48.31,D
sh688297,中无人机,2025-09-25 14:41:15,48.3,6800,48.3,D
sh688297,中无人机,2025-09-25 14:41:24,48.3,5241,48.3,D
sh688297,中无人机,2025-09-25 14:41:27,48.29,21845,48.3,D
sh688297,中无人机,2025-09-25 14:42:00,48.27,5451,48.29,D
sh688297,中无人机,2025-09-25 14:42:39,48.26,6500,48.27,D
sh688297,中无人机,2025-09-25 14:43:09,48.27,5743,48.27,U
sh688297,中无人机,2025-09-25 14:43:21,48.28,5312,48.28,U
sh688297,中无人机,2025-09-25 14:43:54,48.25,33717,48.29,D
sh688297,中无人机,2025-09-25 14:44:00,48.24,8270,48.25,D
sh688297,中无人机,2025-09-25 14:44:12,48.29,5330,48.25,U
sh688297,中无人机,2025-09-25 14:44:16,48.23,18326,48.29,D
sh688297,中无人机,2025-09-25 14:44:28,48.28,5630,48.28,D
sh688297,中无人机,2025-09-25 14:44:54,48.27,7500,48.3,D
sh688297,中无人机,2025-09-25 14:45:15,48.3,10666,48.29,U
sh688297,中无人机,2025-09-25 14:45:18,48.29,5976,48.3,E
sh688297,中无人机,2025-09-25 14:45:39,48.28,11688,48.29,D
sh688297,中无人机,2025-09-25 14:45:42,48.3,5670,48.28,U
sh688297,中无人机,2025-09-25 14:46:21,48.29,4200,48.28,U
sh688297,中无人机,2025-09-25 14:46:33,48.28,9471,48.29,D
sh688297,中无人机,2025-09-25 14:47:12,48.26,10433,48.28,D
sh688297,中无人机,2025-09-25 14:48:51,48.25,7611,48.26,D
sh688297,中无人机,2025-09-25 14:49:01,48.25,5794,48.26,D
sh688297,中无人机,2025-09-25 14:49:09,48.26,7042,48.26,U
sh688297,中无人机,2025-09-25 14:49:15,48.23,32443,48.26,D
sh688297,中无人机,2025-09-25 14:49:18,48.26,15362,48.23,U
sh688297,中无人机,2025-09-25 14:49:39,48.26,6708,48.24,U
sh688297,中无人机,2025-09-25 14:50:27,48.22,5557,48.23,D
sh688297,中无人机,2025-09-25 14:50:30,48.22,10367,48.22,D
sh688297,中无人机,2025-09-25 14:50:51,48.24,4999,48.24,U
sh688297,中无人机,2025-09-25 14:51:00,48.22,4498,48.23,D
sh688297,中无人机,2025-09-25 14:51:12,48.21,22425,48.22,D
sh688297,中无人机,2025-09-25 14:51:24,48.21,9724,48.22,D
sh688297,中无人机,2025-09-25 14:51:36,48.2,4531,48.21,D
sh688297,中无人机,2025-09-25 14:51:42,48.2,44751,48.21,D
sh688297,中无人机,2025-09-25 14:51:45,48.2,8973,48.2,U
sh688297,中无人机,2025-09-25 14:52:18,48.18,11800,48.2,D
sh688297,中无人机,2025-09-25 14:52:24,48.18,14335,48.2,D
sh688297,中无人机,2025-09-25 14:52:51,48.18,13349,48.17,U
sh688297,中无人机,2025-09-25 14:53:09,48.18,10777,48.19,D
sh688297,中无人机,2025-09-25 14:53:21,48.15,7500,48.15,U
sh688297,中无人机,2025-09-25 14:53:31,48.11,6000,48.15,D
sh688297,中无人机,2025-09-25 14:53:33,48.17,20000,48.11,U
sh688297,中无人机,2025-09-25 14:53:42,48.13,4626,48.14,D
sh688297,中无人机,2025-09-25 14:53:51,48.13,5400,48.13,U
sh688297,中无人机,2025-09-25 14:55:03,48.16,10782,48.16,U
sh688297,中无人机,2025-09-25 14:55:12,48.15,6525,48.16,D
sh688297,中无人机,2025-09-25 14:55:33,48.15,11226,48.14,E
sh688297,中无人机,2025-09-25 14:55:39,48.16,5000,48.15,D
sh688297,中无人机,2025-09-25 14:55:57,48.14,11205,48.14,D
sh688297,中无人机,2025-09-25 14:56:06,48.15,9904,48.15,U
sh688297,中无人机,2025-09-25 14:56:18,48.13,12353,48.13,D
sh688297,中无人机,2025-09-25 14:56:30,48.14,8595,48.13,U
sh688297,中无人机,2025-09-25 15:00:03,48.13,97858,48.12,U
