symbol,name,ticktime,price,volume,prev_price,kind
sh688297,中无人机,2025-09-23 09:25:01,48.63,24272,0.0,U
sh688297,中无人机,2025-09-23 09:30:10,48.73,4170,48.88,D
sh688297,中无人机,2025-09-23 09:30:16,48.88,15827,48.71,U
sh688297,中无人机,2025-09-23 09:30:37,48.9,11425,48.9,D
sh688297,中无人机,2025-09-23 09:30:41,48.94,4761,48.9,E
sh688297,中无人机,2025-09-23 09:30:43,48.9,4169,48.94,D
sh688297,中无人机,2025-09-23 09:30:46,48.96,6362,48.9,U
sh688297,中无人机,2025-09-23 09:30:49,48.9,6927,48.96,D
sh688297,中无人机,2025-09-23 09:30:52,48.94,6246,48.9,D
sh688297,中无人机,2025-09-23 09:30:58,48.99,11421,48.97,U
sh688297,中无人机,2025-09-23 09:31:04,49.07,7333,49.03,U
sh688297,中无人机,2025-09-23 09:31:07,49.06,6767,49.07,D
sh688297,中无人机,2025-09-23 09:31:17,49.08,10825,49.12,D
sh688297,中无人机,2025-09-23 09:31:19,49.07,4250,49.08,D
sh688297,中无人机,2025-09-23 09:31:22,49.16,4838,49.07,U
sh688297,中无人机,2025-09-23 09:31:29,49.03,4675,49.08,D
sh688297,中无人机,2025-09-23 09:31:31,49.06,7207,49.03,U
sh688297,中无人机,2025-09-23 09:31:34,49.06,8657,49.06,U
sh688297,中无人机,2025-09-23 09:31:37,48.97,25977,49.06,D
sh688297,中无人机,2025-09-23 09:31:43,48.9,9401,49.04,D
sh688297,中无人机,2025-09-23 09:31:49,49.03,5323,48.9,U
sh688297,中无人机,2025-09-23 09:32:13,48.99,9984,48.99,D
sh688297,中无人机,2025-09-23 09:32:19,48.94,5500,48.92,E
sh688297,中无人机,2025-09-23 09:32:25,48.94,27315,48.92,U
sh688297,中无人机,2025-09-23 09:32:29,48.87,26804,48.94,D
sh688297,中无人机,2025-09-23 09:32:32,48.81,21318,48.87,E
sh688297,中无人机,2025-09-23 09:32:34,48.83,5335,48.81,U
sh688297,中无人机,2025-09-23 09:32:43,48.8,12469,48.8,U
sh688297,中无人机,2025-09-23 09:32:46,48.84,11713,48.8,U
sh688297,中无人机,2025-09-23 09:32:49,48.92,6228,48.84,U
sh688297,中无人机,2025-09-23 09:32:55,48.91,10500,48.86,U
sh688297,中无人机,2025-09-23 09:33:19,48.78,4900,48.8,D
sh688297,中无人机,2025-09-23 09:33:52,48.72,4995,48.78,D
sh688297,中无人机,2025-09-23 09:34:28,48.78,5378,48.79,D
sh688297,中无人机,2025-09-23 09:34:34,48.72,17492,48.79,D
sh688297,中无人机,2025-09-23 09:34:43,48.79,6049,48.72,U
sh688297,中无人机,2025-09-23 09:34:52,48.71,4557,48.72,D
sh688297,中无人机,2025-09-23 09:34:55,48.73,26345,48.71,U
sh688297,中无人机,2025-09-23 09:35:04,48.73,4519,48.76,E
sh688297,中无人机,2025-09-23 09:35:28,48.88,58833,48.8,U
sh688297,中无人机,2025-09-23 09:36:40,48.8,16737,48.81,D
sh688297,中无人机,2025-09-23 09:36:43,48.8,28084,48.8,U
sh688297,中无人机,2025-09-23 09:36:52,48.74,23924,48.75,D
sh688297,中无人机,2025-09-23 09:36:58,48.66,20912,48.74,D
sh688297,中无人机,2025-09-23 09:37:01,48.73,24812,48.66,U
sh688297,中无人机,2025-09-23 09:37:04,48.69,4947,48.73,U
sh688297,中无人机,2025-09-23 09:37:22,48.68,10232,48.68,E
sh688297,中无人机,2025-09-23 09:38:04,48.7,5200,48.7,D
sh688297,中无人机,2025-09-23 09:38:07,48.7,6176,48.7,D
sh688297,中无人机,2025-09-23 09:38:10,48.7,4555,48.7,U
sh688297,中无人机,2025-09-23 09:38:37,48.78,19522,48.78,D
sh688297,中无人机,2025-09-23 09:38:40,48.77,16200,48.78,E
sh688297,中无人机,2025-09-23 09:38:43,48.78,25893,48.77,U
sh688297,中无人机,2025-09-23 09:39:19,48.72,23600,48.73,D
sh688297,中无人机,2025-09-23 09:39:34,48.85,6293,48.77,U
sh688297,中无人机,2025-09-23 09:39:37,48.88,12978,48.85,U
sh688297,中无人机,2025-09-23 09:39:55,48.88,4954,48.88,U
sh688297,中无人机,2025-09-23 09:40:01,48.89,15359,48.88,U
sh688297,中无人机,2025-09-23 09:40:10,48.9,5378,48.94,D
sh688297,中无人机,2025-09-23 09:40:22,48.88,8033,48.9,D
sh688297,中无人机,2025-09-23 09:40:28,48.94,4189,48.94,U
sh688297,中无人机,2025-09-23 09:40:31,48.88,10220,48.94,D
sh688297,中无人机,2025-09-23 09:40:34,48.92,9729,48.88,U
sh688297,中无人机,2025-09-23 09:40:40,48.92,10737,48.92,U
sh688297,中无人机,2025-09-23 09:41:19,48.68,12971,48.75,D
sh688297,中无人机,2025-09-23 09:41:28,48.63,31969,48.68,D
sh688297,中无人机,2025-09-23 09:41:31,48.63,7213,48.63,U
sh688297,中无人机,2025-09-23 09:41:34,48.62,19957,48.63,D
sh688297,中无人机,2025-09-23 09:41:40,48.38,11554,48.62,D
sh688297,中无人机,2025-09-23 09:41:46,48.38,8277,48.55,D
sh688297,中无人机,2025-09-23 09:41:49,48.4,7269,48.38,D
sh688297,中无人机,2025-09-23 09:42:04,48.54,4484,48.51,D
sh688297,中无人机,2025-09-23 09:42:28,48.66,4549,48.66,D
sh688297,中无人机,2025-09-23 09:42:46,48.6,5692,48.6,U
sh688297,中无人机,2025-09-23 09:42:58,48.66,7509,48.62,U
sh688297,中无人机,2025-09-23 09:43:01,48.75,5838,48.66,U
sh688297,中无人机,2025-09-23 09:44:10,48.83,11062,48.72,U
sh688297,中无人机,2025-09-23 09:44:31,48.78,4513,48.78,D
sh688297,中无人机,2025-09-23 09:44:43,48.8,6565,48.8,D
sh688297,中无人机,2025-09-23 09:44:55,48.78,5256,48.8,D
sh688297,中无人机,2025-09-23 09:44:58,48.8,9733,48.78,E
sh688297,中无人机,2025-09-23 09:45:01,48.77,4346,48.8,D
sh688297,中无人机,2025-09-23 09:45:19,48.79,6652,48.78,U
sh688297,中无人机,2025-09-23 09:45:37,48.79,10200,48.79,U
sh688297,中无人机,2025-09-23 09:46:10,48.82,6600,48.83,D
sh688297,中无人机,2025-09-23 09:46:16,48.82,6600,48.82,D
sh688297,中无人机,2025-09-23 09:46:34,48.83,5064,48.83,D
sh688297,中无人机,2025-09-23 09:46:43,48.82,10600,48.82,D
sh688297,中无人机,2025-09-23 09:46:49,48.82,7721,48.81,U
sh688297,中无人机,2025-09-23 09:46:52,48.8,5855,48.82,D
sh688297,中无人机,2025-09-23 09:47:16,48.94,71267,48.87,U
sh688297,中无人机,2025-09-23 09:47:19,48.88,8484,48.94,D
sh688297,中无人机,2025-09-23 09:47:22,48.94,4421,48.88,U
sh688297,中无人机,2025-09-23 09:47:25,48.95,4103,48.94,U
sh688297,中无人机,2025-09-23 09:47:40,49.0,15529,48.97,U
sh688297,中无人机,2025-09-23 09:47:49,48.8,42012,49.0,D
sh688297,中无人机,2025-09-23 09:48:07,48.8,6418,48.8,D
sh688297,中无人机,2025-09-23 09:48:13,48.81,5365,48.8,U
sh688297,中无人机,2025-09-23 09:48:16,48.77,5111,48.81,D
sh688297,中无人机,2025-09-23 09:48:19,48.74,4929,48.77,D
sh688297,中无人机,2025-09-23 09:48:22,48.82,9425,48.74,U
sh688297,中无人机,2025-09-23 09:48:28,48.82,8338,48.78,U
sh688297,中无人机,2025-09-23 09:48:34,48.82,6900,48.82,U
sh688297,中无人机,2025-09-23 09:48:52,48.76,4964,48.76,D
sh688297,中无人机,2025-09-23 09:49:01,48.76,8600,48.73,U
sh688297,中无人机,2025-09-23 09:49:04,48.83,9400,48.76,U
sh688297,中无人机,2025-09-23 09:49:46,48.88,7500,48.9,D
sh688297,中无人机,2025-09-23 09:50:04,48.88,10526,48.91,D
sh688297,中无人机,2025-09-23 09:50:31,48.86,7022,48.88,D
sh688297,中无人机,2025-09-23 09:50:49,48.88,5091,48.9,D
sh688297,中无人机,2025-09-23 09:50:55,48.86,11323,48.88,D
sh688297,中无人机,2025-09-23 09:51:04,48.83,6940,48.85,D
sh688297,中无人机,2025-09-23 09:51:22,48.82,7422,48.83,D
sh688297,中无人机,2025-09-23 09:51:34,48.84,9047,48.84,D
sh688297,中无人机,2025-09-23 09:51:37,48.8,10908,48.84,D
sh688297,中无人机,2025-09-23 09:52:01,48.76,9480,48.77,D
sh688297,中无人机,2025-09-23 09:52:04,48.72,48938,48.76,D
sh688297,中无人机,2025-09-23 09:52:16,48.71,7525,48.7,E
sh688297,中无人机,2025-09-23 09:52:34,48.71,4448,48.72,D
sh688297,中无人机,2025-09-23 09:52:37,48.78,4127,48.71,U
sh688297,中无人机,2025-09-23 09:52:40,48.82,19188,48.78,U
sh688297,中无人机,2025-09-23 09:53:07,48.76,9217,48.74,U
sh688297,中无人机,2025-09-23 09:54:25,48.79,8514,48.8,D
sh688297,中无人机,2025-09-23 09:54:31,48.79,11193,48.79,D
sh688297,中无人机,2025-09-23 09:55:04,48.79,4573,48.78,U
sh688297,中无人机,2025-09-23 09:55:07,48.79,12304,48.79,D
sh688297,中无人机,2025-09-23 09:55:31,48.82,27453,48.79,U
sh688297,中无人机,2025-09-23 09:56:10,48.89,16889,48.78,U
sh688297,中无人机,2025-09-23 09:56:22,48.89,4424,48.89,D
sh688297,中无人机,2025-09-23 09:56:31,48.88,13175,48.89,E
sh688297,中无人机,2025-09-23 09:56:34,48.9,7499,48.88,U
sh688297,中无人机,2025-09-23 09:56:40,48.91,4451,48.89,U
sh688297,中无人机,2025-09-23 09:56:46,48.9,8100,48.91,D
sh688297,中无人机,2025-09-23 09:56:55,48.93,10211,48.93,U
sh688297,中无人机,2025-09-23 09:57:19,48.93,19638,48.94,E
sh688297,中无人机,2025-09-23 09:57:49,48.91,5211,48.85,U
sh688297,中无人机,2025-09-23 09:57:55,48.92,12207,48.86,U
sh688297,中无人机,2025-09-23 09:58:07,48.86,16297,48.86,D
sh688297,中无人机,2025-09-23 09:58:35,48.82,6006,48.84,D
sh688297,中无人机,2025-09-23 09:58:55,48.86,5298,48.85,U
sh688297,中无人机,2025-09-23 09:59:07,48.81,4200,48.82,D
sh688297,中无人机,2025-09-23 09:59:19,48.72,17903,48.81,D
sh688297,中无人机,2025-09-23 09:59:25,48.7,10009,48.72,D
sh688297,中无人机,2025-09-23 09:59:34,48.71,18777,48.68,U
sh688297,中无人机,2025-09-23 09:59:43,48.65,4135,48.68,D
sh688297,中无人机,2025-09-23 09:59:49,48.66,5556,48.64,E
sh688297,中无人机,2025-09-23 09:59:55,48.61,8700,48.66,D
sh688297,中无人机,2025-09-23 09:59:58,48.58,10200,48.61,D
sh688297,中无人机,2025-09-23 10:00:04,48.57,9389,48.57,D
sh688297,中无人机,2025-09-23 10:00:10,48.57,5714,48.57,D
sh688297,中无人机,2025-09-23 10:00:20,48.57,12569,48.57,U
sh688297,中无人机,2025-09-23 10:00:34,48.57,12252,48.55,U
sh688297,中无人机,2025-09-23 10:00:59,48.52,10611,48.54,D
sh688297,中无人机,2025-09-23 10:01:04,48.52,8132,48.52,U
sh688297,中无人机,2025-09-23 10:01:13,48.52,24003,48.52,D
sh688297,中无人机,2025-09-23 10:01:16,48.52,4616,48.52,U
sh688297,中无人机,2025-09-23 10:01:19,48.5,7408,48.52,D
sh688297,中无人机,2025-09-23 10:01:25,48.48,8664,48.48,D
sh688297,中无人机,2025-09-23 10:01:31,48.47,4673,48.47,D
sh688297,中无人机,2025-09-23 10:01:52,48.45,4172,48.44,D
sh688297,中无人机,2025-09-23 10:02:01,48.42,7657,48.41,U
sh688297,中无人机,2025-09-23 10:02:07,48.41,10086,48.42,D
sh688297,中无人机,2025-09-23 10:02:10,48.4,10519,48.41,D
sh688297,中无人机,2025-09-23 10:02:13,48.41,6750,48.4,U
sh688297,中无人机,2025-09-23 10:02:37,48.39,4300,48.39,U
sh688297,中无人机,2025-09-23 10:02:43,48.41,28348,48.38,U
sh688297,中无人机,2025-09-23 10:03:01,48.41,4282,48.42,D
sh688297,中无人机,2025-09-23 10:03:07,48.47,29525,48.42,U
sh688297,中无人机,2025-09-23 10:03:34,48.54,4509,48.53,U
sh688297,中无人机,2025-09-23 10:03:37,48.54,9342,48.54,U
sh688297,中无人机,2025-09-23 10:03:40,48.5,8694,48.54,D
sh688297,中无人机,2025-09-23 10:03:49,48.47,4563,48.42,U
sh688297,中无人机,2025-09-23 10:04:07,48.55,5231,48.51,U
sh688297,中无人机,2025-09-23 10:04:35,48.54,6433,48.58,D
sh688297,中无人机,2025-09-23 10:04:37,48.59,4999,48.54,U
sh688297,中无人机,2025-09-23 10:05:16,48.64,10222,48.64,U
sh688297,中无人机,2025-09-23 10:05:28,48.53,77684,48.59,D
sh688297,中无人机,2025-09-23 10:05:31,48.52,4640,48.53,E
sh688297,中无人机,2025-09-23 10:07:10,48.56,6965,48.54,U
sh688297,中无人机,2025-09-23 10:07:52,48.46,5752,48.41,U
sh688297,中无人机,2025-09-23 10:08:04,48.4,10513,48.45,D
sh688297,中无人机,2025-09-23 10:08:26,48.39,6947,48.45,D
sh688297,中无人机,2025-09-23 10:08:28,48.4,5196,48.39,U
sh688297,中无人机,2025-09-23 10:08:34,48.39,5256,48.38,U
sh688297,中无人机,2025-09-23 10:08:49,48.34,7706,48.36,D
sh688297,中无人机,2025-09-23 10:08:55,48.37,5331,48.36,U
sh688297,中无人机,2025-09-23 10:09:49,48.34,14652,48.38,D
sh688297,中无人机,2025-09-23 10:10:19,48.3,4436,48.32,D
sh688297,中无人机,2025-09-23 10:10:25,48.31,7464,48.3,U
sh688297,中无人机,2025-09-23 10:10:31,48.31,9671,48.29,U
sh688297,中无人机,2025-09-23 10:10:37,48.31,4506,48.31,U
sh688297,中无人机,2025-09-23 10:10:46,48.31,6409,48.29,U
sh688297,中无人机,2025-09-23 10:10:55,48.25,29428,48.29,D
sh688297,中无人机,2025-09-23 10:11:04,48.29,18250,48.28,U
sh688297,中无人机,2025-09-23 10:11:08,48.25,5724,48.29,D
sh688297,中无人机,2025-09-23 10:11:37,48.15,8036,48.15,D
sh688297,中无人机,2025-09-23 10:11:46,48.18,7000,48.16,E
sh688297,中无人机,2025-09-23 10:11:52,48.17,13187,48.18,D
sh688297,中无人机,2025-09-23 10:11:55,48.21,4528,48.17,U
sh688297,中无人机,2025-09-23 10:12:25,48.22,8551,48.19,U
sh688297,中无人机,2025-09-23 10:12:28,48.18,5000,48.22,D
sh688297,中无人机,2025-09-23 10:12:46,48.15,4634,48.21,D
sh688297,中无人机,2025-09-23 10:13:01,48.15,19814,48.15,D
sh688297,中无人机,2025-09-23 10:13:04,48.15,6336,48.15,D
sh688297,中无人机,2025-09-23 10:13:07,48.13,7353,48.15,D
sh688297,中无人机,2025-09-23 10:13:34,48.1,11722,48.11,D
sh688297,中无人机,2025-09-23 10:13:37,48.1,8129,48.1,U
sh688297,中无人机,2025-09-23 10:13:40,48.1,14208,48.1,D
sh688297,中无人机,2025-09-23 10:13:49,48.06,7698,48.08,D
sh688297,中无人机,2025-09-23 10:13:52,48.06,6908,48.06,U
sh688297,中无人机,2025-09-23 10:13:55,48.06,12183,48.06,D
sh688297,中无人机,2025-09-23 10:13:58,48.06,5280,48.06,D
sh688297,中无人机,2025-09-23 10:14:01,48.06,11702,48.06,D
sh688297,中无人机,2025-09-23 10:14:04,48.15,4255,48.06,U
sh688297,中无人机,2025-09-23 10:14:07,48.11,58592,48.15,D
sh688297,中无人机,2025-09-23 10:14:16,48.15,19317,48.11,U
sh688297,中无人机,2025-09-23 10:14:22,48.14,11800,48.11,E
sh688297,中无人机,2025-09-23 10:14:28,48.12,4600,48.23,D
sh688297,中无人机,2025-09-23 10:14:44,48.29,7304,48.25,U
sh688297,中无人机,2025-09-23 10:15:10,48.19,17824,48.24,D
sh688297,中无人机,2025-09-23 10:15:19,48.12,8191,48.18,E
sh688297,中无人机,2025-09-23 10:15:37,48.22,6236,48.24,D
sh688297,中无人机,2025-09-23 10:15:49,48.22,6553,48.19,U
sh688297,中无人机,2025-09-23 10:16:38,48.13,4279,48.15,D
sh688297,中无人机,2025-09-23 10:16:43,48.16,5572,48.16,D
sh688297,中无人机,2025-09-23 10:16:55,48.11,4729,48.15,D
sh688297,中无人机,2025-09-23 10:17:04,48.1,12751,48.12,D
sh688297,中无人机,2025-09-23 10:17:07,48.05,11503,48.1,D
sh688297,中无人机,2025-09-23 10:17:34,48.03,5200,48.03,U
sh688297,中无人机,2025-09-23 10:17:49,48.02,5034,48.03,D
sh688297,中无人机,2025-09-23 10:17:52,48.03,6678,48.02,U
sh688297,中无人机,2025-09-23 10:18:10,48.04,7270,48.03,U
sh688297,中无人机,2025-09-23 10:18:16,48.03,5811,48.06,D
sh688297,中无人机,2025-09-23 10:19:04,48.06,7058,48.04,U
sh688297,中无人机,2025-09-23 10:19:13,48.01,27935,48.05,D
sh688297,中无人机,2025-09-23 10:19:16,48.0,8703,48.01,D
sh688297,中无人机,2025-09-23 10:19:19,48.0,11197,48.0,D
sh688297,中无人机,2025-09-23 10:19:25,48.0,19093,48.01,D
sh688297,中无人机,2025-09-23 10:19:37,47.98,14305,47.99,D
sh688297,中无人机,2025-09-23 10:19:46,47.95,4298,47.95,D
sh688297,中无人机,2025-09-23 10:19:49,47.95,7901,47.95,D
sh688297,中无人机,2025-09-23 10:20:04,48.02,9272,47.98,U
sh688297,中无人机,2025-09-23 10:20:07,48.05,16997,48.02,U
sh688297,中无人机,2025-09-23 10:20:16,48.08,6430,48.07,U
sh688297,中无人机,2025-09-23 10:21:01,48.07,7486,48.04,U
sh688297,中无人机,2025-09-23 10:21:07,48.07,16900,48.04,U
sh688297,中无人机,2025-09-23 10:21:19,48.12,4800,48.04,U
sh688297,中无人机,2025-09-23 10:21:34,48.12,5279,48.16,D
sh688297,中无人机,2025-09-23 10:21:37,48.12,4227,48.12,D
sh688297,中无人机,2025-09-23 10:22:07,48.15,6218,48.15,D
sh688297,中无人机,2025-09-23 10:22:31,48.09,5400,48.1,D
sh688297,中无人机,2025-09-23 10:22:38,48.09,4652,48.09,U
sh688297,中无人机,2025-09-23 10:22:40,48.1,11689,48.09,U
sh688297,中无人机,2025-09-23 10:22:43,48.09,4236,48.1,D
sh688297,中无人机,2025-09-23 10:23:28,48.1,6286,48.1,U
sh688297,中无人机,2025-09-23 10:23:49,48.11,6676,48.09,U
sh688297,中无人机,2025-09-23 10:24:31,48.07,9966,48.08,D
sh688297,中无人机,2025-09-23 10:24:52,48.03,9715,48.05,D
sh688297,中无人机,2025-09-23 10:24:58,48.04,19827,48.03,U
sh688297,中无人机,2025-09-23 10:25:01,47.99,8797,48.04,D
sh688297,中无人机,2025-09-23 10:25:04,47.98,5160,47.99,D
sh688297,中无人机,2025-09-23 10:25:10,47.95,7392,47.96,D
sh688297,中无人机,2025-09-23 10:25:43,47.93,12066,47.95,D
sh688297,中无人机,2025-09-23 10:25:46,47.93,6198,47.93,D
sh688297,中无人机,2025-09-23 10:25:49,47.93,7476,47.93,D
sh688297,中无人机,2025-09-23 10:26:04,47.9,8900,47.91,D
sh688297,中无人机,2025-09-23 10:26:07,47.91,4694,47.9,U
sh688297,中无人机,2025-09-23 10:26:10,47.88,5594,47.91,D
sh688297,中无人机,2025-09-23 10:26:13,47.86,9586,47.88,D
sh688297,中无人机,2025-09-23 10:26:22,47.85,8200,47.85,D
sh688297,中无人机,2025-09-23 10:26:25,47.85,4310,47.85,D
sh688297,中无人机,2025-09-23 10:26:28,47.85,4500,47.85,D
sh688297,中无人机,2025-09-23 10:26:49,47.8,7502,47.82,D
sh688297,中无人机,2025-09-23 10:27:07,47.8,8243,47.79,U
sh688297,中无人机,2025-09-23 10:27:13,47.77,4452,47.8,D
sh688297,中无人机,2025-09-23 10:27:22,47.76,5840,47.77,D
sh688297,中无人机,2025-09-23 10:27:25,47.78,7009,47.76,U
sh688297,中无人机,2025-09-23 10:27:34,47.74,4936,47.77,D
sh688297,中无人机,2025-09-23 10:27:55,47.7,5100,47.71,D
sh688297,中无人机,2025-09-23 10:27:58,47.7,4847,47.7,D
sh688297,中无人机,2025-09-23 10:28:01,47.7,4213,47.7,D
sh688297,中无人机,2025-09-23 10:28:04,47.74,6151,47.7,U
sh688297,中无人机,2025-09-23 10:28:07,47.76,10521,47.74,U
sh688297,中无人机,2025-09-23 10:28:25,47.66,10085,47.69,D
sh688297,中无人机,2025-09-23 10:28:43,47.67,4217,47.69,D
sh688297,中无人机,2025-09-23 10:28:58,47.66,5100,47.74,D
sh688297,中无人机,2025-09-23 10:29:10,47.68,6492,47.74,D
sh688297,中无人机,2025-09-23 10:29:16,47.77,4231,47.68,U
sh688297,中无人机,2025-09-23 10:29:19,47.76,4627,47.77,D
sh688297,中无人机,2025-09-23 10:29:43,47.67,5341,47.7,D
sh688297,中无人机,2025-09-23 10:29:46,47.71,4766,47.67,U
sh688297,中无人机,2025-09-23 10:30:01,47.67,8636,47.72,D
sh688297,中无人机,2025-09-23 10:30:04,47.66,20050,47.67,D
sh688297,中无人机,2025-09-23 10:30:07,47.66,12106,47.66,D
sh688297,中无人机,2025-09-23 10:30:22,47.67,9081,47.64,U
sh688297,中无人机,2025-09-23 10:30:37,47.72,4665,47.66,U
sh688297,中无人机,2025-09-23 10:30:58,47.73,4357,47.67,U
sh688297,中无人机,2025-09-23 10:31:22,47.66,4356,47.68,D
sh688297,中无人机,2025-09-23 10:31:46,47.64,8928,47.64,D
sh688297,中无人机,2025-09-23 10:31:55,47.6,13591,47.64,D
sh688297,中无人机,2025-09-23 10:31:59,47.63,12189,47.6,U
sh688297,中无人机,2025-09-23 10:32:04,47.55,16158,47.58,D
sh688297,中无人机,2025-09-23 10:32:10,47.5,23442,47.56,D
sh688297,中无人机,2025-09-23 10:32:13,47.6,5257,47.5,E
sh688297,中无人机,2025-09-23 10:32:16,47.55,5011,47.6,D
sh688297,中无人机,2025-09-23 10:32:19,47.52,6063,47.55,D
sh688297,中无人机,2025-09-23 10:32:25,47.55,4499,47.5,E
sh688297,中无人机,2025-09-23 10:32:28,47.51,4405,47.55,E
sh688297,中无人机,2025-09-23 10:32:34,47.5,10100,47.54,D
sh688297,中无人机,2025-09-23 10:32:58,47.48,7033,47.48,U
sh688297,中无人机,2025-09-23 10:33:04,47.5,7815,47.47,U
sh688297,中无人机,2025-09-23 10:33:07,47.58,40108,47.5,U
sh688297,中无人机,2025-09-23 10:33:10,47.63,7918,47.58,U
sh688297,中无人机,2025-09-23 10:33:13,47.62,4884,47.63,D
sh688297,中无人机,2025-09-23 10:33:22,47.63,15794,47.61,U
sh688297,中无人机,2025-09-23 10:34:07,47.7,9739,47.65,U
sh688297,中无人机,2025-09-23 10:34:10,47.7,16327,47.7,U
sh688297,中无人机,2025-09-23 10:34:22,47.78,25415,47.68,U
sh688297,中无人机,2025-09-23 10:34:34,47.76,6510,47.76,D
sh688297,中无人机,2025-09-23 10:34:43,47.78,18005,47.78,U
sh688297,中无人机,2025-09-23 10:34:52,47.77,4726,47.78,D
sh688297,中无人机,2025-09-23 10:35:01,47.8,7800,47.77,U
sh688297,中无人机,2025-09-23 10:35:16,47.9,30800,47.8,U
sh688297,中无人机,2025-09-23 10:35:43,47.87,7620,47.8,U
sh688297,中无人机,2025-09-23 10:35:55,47.82,9500,47.82,D
sh688297,中无人机,2025-09-23 10:36:13,47.85,4858,47.84,E
sh688297,中无人机,2025-09-23 10:36:16,47.86,5237,47.85,U
sh688297,中无人机,2025-09-23 10:36:19,47.87,6500,47.86,U
sh688297,中无人机,2025-09-23 10:36:37,47.91,6944,47.9,E
sh688297,中无人机,2025-09-23 10:36:46,47.93,6962,47.92,U
sh688297,中无人机,2025-09-23 10:36:49,47.97,6712,47.93,U
sh688297,中无人机,2025-09-23 10:36:58,47.98,6731,47.97,U
sh688297,中无人机,2025-09-23 10:37:25,48.02,5200,48.04,D
sh688297,中无人机,2025-09-23 10:37:31,48.0,5233,48.06,D
sh688297,中无人机,2025-09-23 10:37:37,48.0,5505,48.01,D
sh688297,中无人机,2025-09-23 10:37:40,48.05,5644,48.0,U
sh688297,中无人机,2025-09-23 10:37:49,48.09,6165,48.05,U
sh688297,中无人机,2025-09-23 10:38:07,48.15,6556,48.1,U
sh688297,中无人机,2025-09-23 10:38:10,48.04,6486,48.15,D
sh688297,中无人机,2025-09-23 10:38:13,48.0,8459,48.04,D
sh688297,中无人机,2025-09-23 10:38:16,47.99,11156,48.0,D
sh688297,中无人机,2025-09-23 10:38:19,48.0,5230,47.99,U
sh688297,中无人机,2025-09-23 10:38:22,48.04,10147,48.0,U
sh688297,中无人机,2025-09-23 10:38:25,48.06,11199,48.04,E
sh688297,中无人机,2025-09-23 10:38:31,48.08,4965,48.06,U
sh688297,中无人机,2025-09-23 10:38:37,48.08,5322,48.1,D
sh688297,中无人机,2025-09-23 10:38:49,48.05,7604,48.1,D
sh688297,中无人机,2025-09-23 10:38:53,48.14,9284,48.05,U
sh688297,中无人机,2025-09-23 10:39:19,48.1,6501,48.1,U
sh688297,中无人机,2025-09-23 10:40:07,48.0,6933,48.0,D
sh688297,中无人机,2025-09-23 10:40:19,47.96,9039,47.92,U
sh688297,中无人机,2025-09-23 10:40:28,48.0,6399,48.0,U
sh688297,中无人机,2025-09-23 10:41:40,47.88,12604,47.87,U
sh688297,中无人机,2025-09-23 10:41:43,47.91,13601,47.88,U
sh688297,中无人机,2025-09-23 10:41:52,48.0,6239,47.97,U
sh688297,中无人机,2025-09-23 10:41:55,48.0,5042,48.0,U
sh688297,中无人机,2025-09-23 10:42:34,47.92,5303,47.92,U
sh688297,中无人机,2025-09-23 10:42:52,47.92,8343,47.92,U
sh688297,中无人机,2025-09-23 10:43:19,48.09,4523,48.06,U
sh688297,中无人机,2025-09-23 10:43:58,48.16,5120,48.15,U
sh688297,中无人机,2025-09-23 10:44:58,48.15,6985,48.18,D
sh688297,中无人机,2025-09-23 10:45:07,48.14,4344,48.06,U
sh688297,中无人机,2025-09-23 10:46:10,48.09,5817,48.09,U
sh688297,中无人机,2025-09-23 10:46:25,48.14,6566,48.1,U
sh688297,中无人机,2025-09-23 10:47:19,48.18,12598,48.15,U
sh688297,中无人机,2025-09-23 10:47:22,48.16,4900,48.18,D
sh688297,中无人机,2025-09-23 10:48:01,48.22,4379,48.21,U
sh688297,中无人机,2025-09-23 10:48:04,48.27,21943,48.22,U
sh688297,中无人机,2025-09-23 10:48:07,48.32,4512,48.27,U
sh688297,中无人机,2025-09-23 10:48:19,48.37,6696,48.33,U
sh688297,中无人机,2025-09-23 10:48:31,48.38,5652,48.36,U
sh688297,中无人机,2025-09-23 10:48:50,48.45,6642,48.39,U
sh688297,中无人机,2025-09-23 10:49:13,48.5,5476,48.44,U
sh688297,中无人机,2025-09-23 10:49:16,48.51,10131,48.5,U
sh688297,中无人机,2025-09-23 10:49:19,48.75,33849,48.51,U
sh688297,中无人机,2025-09-23 10:49:22,48.87,22859,48.75,U
sh688297,中无人机,2025-09-23 10:49:25,48.81,4428,48.87,D
sh688297,中无人机,2025-09-23 10:49:31,48.9,7895,48.87,U
sh688297,中无人机,2025-09-23 10:49:34,48.87,7835,48.9,U
sh688297,中无人机,2025-09-23 10:49:37,48.89,6020,48.87,U
sh688297,中无人机,2025-09-23 10:49:40,48.9,9249,48.89,E
sh688297,中无人机,2025-09-23 10:49:43,48.87,8265,48.9,D
sh688297,中无人机,2025-09-23 10:49:50,48.81,9779,48.9,D
sh688297,中无人机,2025-09-23 10:49:58,48.76,7010,48.81,D
sh688297,中无人机,2025-09-23 10:50:01,48.76,7351,48.76,D
sh688297,中无人机,2025-09-23 10:50:07,48.76,4111,48.86,D
sh688297,中无人机,2025-09-23 10:50:41,48.82,5269,48.84,D
sh688297,中无人机,2025-09-23 10:50:49,48.83,10437,48.8,U
sh688297,中无人机,2025-09-23 10:51:04,48.75,7805,48.74,D
sh688297,中无人机,2025-09-23 10:51:13,48.82,7145,48.8,U
sh688297,中无人机,2025-09-23 10:51:16,48.86,34136,48.82,U
sh688297,中无人机,2025-09-23 10:51:19,48.81,4183,48.86,D
sh688297,中无人机,2025-09-23 10:51:25,48.81,5536,48.81,U
sh688297,中无人机,2025-09-23 10:51:49,48.86,15881,48.87,D
sh688297,中无人机,2025-09-23 10:51:58,48.88,4403,48.88,U
sh688297,中无人机,2025-09-23 10:52:04,48.87,6142,48.88,D
sh688297,中无人机,2025-09-23 10:52:07,48.83,6655,48.87,D
sh688297,中无人机,2025-09-23 10:52:10,48.88,4623,48.83,U
sh688297,中无人机,2025-09-23 10:52:22,48.88,7024,48.83,U
sh688297,中无人机,2025-09-23 10:53:01,48.78,4900,48.76,U
sh688297,中无人机,2025-09-23 10:53:04,48.76,15366,48.78,D
sh688297,中无人机,2025-09-23 10:53:07,48.73,5383,48.76,D
sh688297,中无人机,2025-09-23 10:53:52,48.6,28625,48.6,D
sh688297,中无人机,2025-09-23 10:53:58,48.6,11990,48.62,D
sh688297,中无人机,2025-09-23 10:54:07,48.57,6852,48.52,U
sh688297,中无人机,2025-09-23 10:54:10,48.6,6627,48.57,U
sh688297,中无人机,2025-09-23 10:54:16,48.67,5701,48.66,U
sh688297,中无人机,2025-09-23 10:54:19,48.8,5044,48.67,U
sh688297,中无人机,2025-09-23 10:54:31,48.82,4356,48.75,U
sh688297,中无人机,2025-09-23 10:54:43,48.75,11026,48.75,U
sh688297,中无人机,2025-09-23 10:54:49,48.76,6035,48.75,E
sh688297,中无人机,2025-09-23 10:55:37,48.62,5113,48.6,U
sh688297,中无人机,2025-09-23 10:55:40,48.6,7168,48.62,D
sh688297,中无人机,2025-09-23 10:55:58,48.57,10800,48.64,D
sh688297,中无人机,2025-09-23 10:56:22,48.57,5327,48.58,D
sh688297,中无人机,2025-09-23 10:57:25,48.55,4719,48.55,D
sh688297,中无人机,2025-09-23 10:57:37,48.53,5758,48.55,D
sh688297,中无人机,2025-09-23 10:57:46,48.53,5200,48.53,U
sh688297,中无人机,2025-09-23 10:58:19,48.5,5212,48.51,U
sh688297,中无人机,2025-09-23 10:58:58,48.43,7826,48.51,D
sh688297,中无人机,2025-09-23 11:00:02,48.51,5992,48.54,D
sh688297,中无人机,2025-09-23 11:00:43,48.46,6416,48.4,U
sh688297,中无人机,2025-09-23 11:00:49,48.35,9929,48.46,D
sh688297,中无人机,2025-09-23 11:01:55,48.35,5400,48.34,U
sh688297,中无人机,2025-09-23 11:02:43,48.32,5574,48.36,D
sh688297,中无人机,2025-09-23 11:02:52,48.31,5700,48.34,D
sh688297,中无人机,2025-09-23 11:03:19,48.43,4413,48.32,U
sh688297,中无人机,2025-09-23 11:03:22,48.43,4237,48.43,U
sh688297,中无人机,2025-09-23 11:03:25,48.5,9030,48.43,U
sh688297,中无人机,2025-09-23 11:05:13,48.45,5212,48.46,D
sh688297,中无人机,2025-09-23 11:05:17,48.4,8400,48.45,D
sh688297,中无人机,2025-09-23 11:06:14,48.44,4400,48.4,U
sh688297,中无人机,2025-09-23 11:06:49,48.35,7526,48.42,D
sh688297,中无人机,2025-09-23 11:07:25,48.35,4825,48.35,U
sh688297,中无人机,2025-09-23 11:07:58,48.3,7338,48.31,D
sh688297,中无人机,2025-09-23 11:08:01,48.33,24342,48.3,U
sh688297,中无人机,2025-09-23 11:09:10,48.1,4375,48.13,D
sh688297,中无人机,2025-09-23 11:09:19,48.11,4812,48.1,D
sh688297,中无人机,2025-09-23 11:10:58,48.21,8297,48.22,E
sh688297,中无人机,2025-09-23 11:11:07,48.15,10200,48.21,D
sh688297,中无人机,2025-09-23 11:11:10,48.2,6921,48.15,U
sh688297,中无人机,2025-09-23 11:11:49,48.18,8103,48.18,D
sh688297,中无人机,2025-09-23 11:12:10,48.14,16432,48.19,D
sh688297,中无人机,2025-09-23 11:12:14,48.07,5327,48.14,D
sh688297,中无人机,2025-09-23 11:14:37,48.0,8514,48.01,D
sh688297,中无人机,2025-09-23 11:16:13,47.98,10504,48.0,D
sh688297,中无人机,2025-09-23 11:16:31,47.97,5193,47.95,U
sh688297,中无人机,2025-09-23 11:16:40,47.97,8005,47.97,D
sh688297,中无人机,2025-09-23 11:17:13,48.0,5400,47.98,U
sh688297,中无人机,2025-09-23 11:17:17,47.99,5700,48.0,D
sh688297,中无人机,2025-09-23 11:18:07,48.01,39542,47.99,U
sh688297,中无人机,2025-09-23 11:18:58,48.22,52000,48.09,U
sh688297,中无人机,2025-09-23 11:21:10,48.04,9438,48.05,D
sh688297,中无人机,2025-09-23 11:21:34,47.98,12799,48.02,D
sh688297,中无人机,2025-09-23 11:22:10,47.86,6000,47.9,D
sh688297,中无人机,2025-09-23 11:22:34,47.8,5400,47.87,D
sh688297,中无人机,2025-09-23 11:23:25,47.85,6860,47.84,U
sh688297,中无人机,2025-09-23 11:23:28,47.84,5736,47.85,E
sh688297,中无人机,2025-09-23 11:23:40,47.81,6746,47.84,D
sh688297,中无人机,2025-09-23 11:25:13,47.75,4663,47.76,D
sh688297,中无人机,2025-09-23 11:26:01,47.73,5593,47.75,D
sh688297,中无人机,2025-09-23 11:26:28,47.75,5200,47.75,E
sh688297,中无人机,2025-09-23 11:26:38,47.71,4400,47.73,D
sh688297,中无人机,2025-09-23 11:26:43,47.7,7453,47.7,D
sh688297,中无人机,2025-09-23 11:26:47,47.68,4469,47.7,D
sh688297,中无人机,2025-09-23 11:26:49,47.65,6243,47.68,D
sh688297,中无人机,2025-09-23 11:28:46,47.7,7520,47.72,D
sh688297,中无人机,2025-09-23 11:29:13,47.69,5752,47.71,D
sh688297,中无人机,2025-09-23 11:29:58,47.68,7150,47.69,D
sh688297,中无人机,2025-09-23 13:00:04,47.67,15182,47.67,D
sh688297,中无人机,2025-09-23 13:00:07,47.67,8157,47.67,U
sh688297,中无人机,2025-09-23 13:00:10,47.65,9172,47.67,D
sh688297,中无人机,2025-09-23 13:00:13,47.66,5328,47.65,E
sh688297,中无人机,2025-09-23 13:00:16,47.65,5000,47.66,D
sh688297,中无人机,2025-09-23 13:00:22,47.65,5726,47.64,U
sh688297,中无人机,2025-09-23 13:02:04,47.78,6901,47.8,D
sh688297,中无人机,2025-09-23 13:03:10,47.8,28880,47.71,U
sh688297,中无人机,2025-09-23 13:03:16,47.79,4700,47.8,D
sh688297,中无人机,2025-09-23 13:04:16,47.73,4353,47.72,U
sh688297,中无人机,2025-09-23 13:04:34,47.72,4947,47.78,D
sh688297,中无人机,2025-09-23 13:04:44,47.69,16942,47.72,D
sh688297,中无人机,2025-09-23 13:05:40,47.66,6764,47.66,U
sh688297,中无人机,2025-09-23 13:06:07,47.66,5899,47.66,U
sh688297,中无人机,2025-09-23 13:06:31,47.6,19128,47.66,D
sh688297,中无人机,2025-09-23 13:07:04,47.55,14551,47.62,D
sh688297,中无人机,2025-09-23 13:07:28,47.55,21423,47.58,D
sh688297,中无人机,2025-09-23 13:08:07,47.62,5129,47.61,U
sh688297,中无人机,2025-09-23 13:10:04,47.64,5555,47.66,D
sh688297,中无人机,2025-09-23 13:12:37,47.86,4567,47.83,E
sh688297,中无人机,2025-09-23 13:14:40,47.71,8483,47.72,D
sh688297,中无人机,2025-09-23 13:15:10,47.71,7043,47.71,D
sh688297,中无人机,2025-09-23 13:15:14,47.68,10460,47.71,D
sh688297,中无人机,2025-09-23 13:16:16,47.68,13799,47.71,D
sh688297,中无人机,2025-09-23 13:16:28,47.62,13700,47.68,D
sh688297,中无人机,2025-09-23 13:17:25,47.62,4677,47.61,U
sh688297,中无人机,2025-09-23 13:18:25,47.62,6439,47.61,D
sh688297,中无人机,2025-09-23 13:18:31,47.59,10221,47.62,D
sh688297,中无人机,2025-09-23 13:19:55,47.6,4600,47.62,D
sh688297,中无人机,2025-09-23 13:21:52,47.62,6200,47.62,U
sh688297,中无人机,2025-09-23 13:22:16,47.6,5777,47.61,D
sh688297,中无人机,2025-09-23 13:23:28,47.6,6993,47.61,D
sh688297,中无人机,2025-09-23 13:23:52,47.62,13966,47.61,U
sh688297,中无人机,2025-09-23 13:27:37,47.73,4281,47.72,U
sh688297,中无人机,2025-09-23 13:28:46,47.78,4781,47.79,D
sh688297,中无人机,2025-09-23 13:30:07,47.79,4636,47.78,U
sh688297,中无人机,2025-09-23 13:30:10,47.8,4201,47.79,U
sh688297,中无人机,2025-09-23 13:30:46,47.79,4342,47.83,D
sh688297,中无人机,2025-09-23 13:32:16,47.77,11397,47.82,D
sh688297,中无人机,2025-09-23 13:33:04,47.73,10484,47.75,D
sh688297,中无人机,2025-09-23 13:33:07,47.71,4657,47.73,D
sh688297,中无人机,2025-09-23 13:33:10,47.67,9587,47.71,D
sh688297,中无人机,2025-09-23 13:35:04,47.63,10474,47.66,D
sh688297,中无人机,2025-09-23 13:35:34,47.63,10037,47.63,D
sh688297,中无人机,2025-09-23 13:36:46,47.65,11060,47.65,U
sh688297,中无人机,2025-09-23 13:36:52,47.62,4402,47.62,U
sh688297,中无人机,2025-09-23 13:37:07,47.59,8842,47.6,D
sh688297,中无人机,2025-09-23 13:37:10,47.58,4567,47.59,D
sh688297,中无人机,2025-09-23 13:37:13,47.57,4304,47.58,D
sh688297,中无人机,2025-09-23 13:40:07,47.55,30182,47.6,D
sh688297,中无人机,2025-09-23 13:40:43,47.59,6400,47.59,U
sh688297,中无人机,2025-09-23 13:41:10,47.56,5500,47.55,U
sh688297,中无人机,2025-09-23 13:43:34,47.52,12760,47.52,U
sh688297,中无人机,2025-09-23 13:44:28,47.5,7921,47.52,D
sh688297,中无人机,2025-09-23 13:44:37,47.5,7900,47.51,D
sh688297,中无人机,2025-09-23 13:44:52,47.5,6221,47.5,D
sh688297,中无人机,2025-09-23 13:46:01,47.47,17960,47.47,D
sh688297,中无人机,2025-09-23 13:46:07,47.45,5093,47.46,D
sh688297,中无人机,2025-09-23 13:46:13,47.4,20100,47.42,D
sh688297,中无人机,2025-09-23 13:46:22,47.39,6200,47.43,D
sh688297,中无人机,2025-09-23 13:46:37,47.41,9500,47.39,U
sh688297,中无人机,2025-09-23 13:46:46,47.38,7800,47.39,D
sh688297,中无人机,2025-09-23 13:47:52,47.41,4929,47.44,D
sh688297,中无人机,2025-09-23 13:49:05,47.47,5011,47.48,D
sh688297,中无人机,2025-09-23 13:49:07,47.43,12597,47.47,D
sh688297,中无人机,2025-09-23 13:50:22,47.43,6300,47.44,D
sh688297,中无人机,2025-09-23 13:52:22,47.42,5700,47.42,U
sh688297,中无人机,2025-09-23 13:53:10,47.41,5389,47.44,D
sh688297,中无人机,2025-09-23 13:55:46,47.48,8421,47.47,U
sh688297,中无人机,2025-09-23 13:57:28,47.44,11378,47.47,D
sh688297,中无人机,2025-09-23 13:57:34,47.41,6487,47.41,D
sh688297,中无人机,2025-09-23 13:57:58,47.38,35274,47.4,D
sh688297,中无人机,2025-09-23 13:58:01,47.37,4449,47.38,D
sh688297,中无人机,2025-09-23 13:58:16,47.36,4971,47.36,D
sh688297,中无人机,2025-09-23 13:58:22,47.33,11821,47.36,D
sh688297,中无人机,2025-09-23 13:58:58,47.36,8989,47.35,U
sh688297,中无人机,2025-09-23 13:59:07,47.34,6855,47.36,D
sh688297,中无人机,2025-09-23 13:59:49,47.43,6671,47.42,U
sh688297,中无人机,2025-09-23 14:00:22,47.37,5200,47.37,U
sh688297,中无人机,2025-09-23 14:01:01,47.37,6791,47.37,U
sh688297,中无人机,2025-09-23 14:01:11,47.33,19553,47.36,D
sh688297,中无人机,2025-09-23 14:01:13,47.33,7562,47.33,D
sh688297,中无人机,2025-09-23 14:01:25,47.32,6331,47.32,D
sh688297,中无人机,2025-09-23 14:02:05,47.33,7226,47.34,D
sh688297,中无人机,2025-09-23 14:02:07,47.31,6983,47.33,D
sh688297,中无人机,2025-09-23 14:02:10,47.31,7592,47.31,D
sh688297,中无人机,2025-09-23 14:02:13,47.3,9553,47.31,D
sh688297,中无人机,2025-09-23 14:02:16,47.3,18553,47.3,D
sh688297,中无人机,2025-09-23 14:02:55,47.28,6151,47.28,D
sh688297,中无人机,2025-09-23 14:02:58,47.26,6305,47.28,D
sh688297,中无人机,2025-09-23 14:03:10,47.2,4481,47.21,D
sh688297,中无人机,2025-09-23 14:03:19,47.21,5580,47.2,U
sh688297,中无人机,2025-09-23 14:03:46,47.12,6479,47.13,D
sh688297,中无人机,2025-09-23 14:03:52,47.12,5858,47.12,U
sh688297,中无人机,2025-09-23 14:03:58,47.1,11129,47.12,D
sh688297,中无人机,2025-09-23 14:04:10,47.09,39188,47.09,D
sh688297,中无人机,2025-09-23 14:04:19,47.09,5447,47.09,U
sh688297,中无人机,2025-09-23 14:04:46,47.09,4748,47.1,D
sh688297,中无人机,2025-09-23 14:04:55,47.19,31913,47.09,U
sh688297,中无人机,2025-09-23 14:06:43,47.11,10199,47.12,D
sh688297,中无人机,2025-09-23 14:07:10,47.09,9614,47.1,D
sh688297,中无人机,2025-09-23 14:10:55,47.08,10214,47.08,D
sh688297,中无人机,2025-09-23 14:11:13,47.03,8506,47.06,D
sh688297,中无人机,2025-09-23 14:11:31,47.06,10817,47.07,D
sh688297,中无人机,2025-09-23 14:12:25,47.1,14406,47.06,U
sh688297,中无人机,2025-09-23 14:13:04,47.19,6135,47.15,U
sh688297,中无人机,2025-09-23 14:13:46,47.15,10000,47.17,D
sh688297,中无人机,2025-09-23 14:14:01,47.18,9927,47.17,U
sh688297,中无人机,2025-09-23 14:15:13,47.27,41826,47.15,U
sh688297,中无人机,2025-09-23 14:16:07,47.26,8800,47.27,U
sh688297,中无人机,2025-09-23 14:17:01,47.3,7300,47.29,U
sh688297,中无人机,2025-09-23 14:17:40,47.4,12200,47.39,U
sh688297,中无人机,2025-09-23 14:17:52,47.44,5416,47.4,U
sh688297,中无人机,2025-09-23 14:18:43,47.39,4987,47.4,D
sh688297,中无人机,2025-09-23 14:18:46,47.39,6759,47.39,U
sh688297,中无人机,2025-09-23 14:20:22,47.41,16651,47.42,D
sh688297,中无人机,2025-09-23 14:22:34,47.48,10203,47.41,U
sh688297,中无人机,2025-09-23 14:22:55,47.51,8400,47.52,D
sh688297,中无人机,2025-09-23 14:24:04,47.4,5600,47.41,D
sh688297,中无人机,2025-09-23 14:25:10,47.45,6540,47.41,U
sh688297,中无人机,2025-09-23 14:26:14,47.51,9345,47.51,U
sh688297,中无人机,2025-09-23 14:27:07,47.58,10100,47.56,U
sh688297,中无人机,2025-09-23 14:28:49,47.76,5500,47.68,U
sh688297,中无人机,2025-09-23 14:29:01,47.76,4753,47.76,U
sh688297,中无人机,2025-09-23 14:30:01,47.69,8722,47.69,D
sh688297,中无人机,2025-09-23 14:31:10,47.78,5612,47.75,U
sh688297,中无人机,2025-09-23 14:31:25,48.0,6500,47.84,U
sh688297,中无人机,2025-09-23 14:31:52,48.0,21900,47.92,U
sh688297,中无人机,2025-09-23 14:31:55,48.0,9389,48.0,U
sh688297,中无人机,2025-09-23 14:32:01,48.0,5949,48.0,D
sh688297,中无人机,2025-09-23 14:32:25,47.9,4390,47.9,D
sh688297,中无人机,2025-09-23 14:33:52,47.84,4187,47.88,D
sh688297,中无人机,2025-09-23 14:34:10,47.9,10878,47.86,U
sh688297,中无人机,2025-09-23 14:34:22,47.98,5823,47.89,U
sh688297,中无人机,2025-09-23 14:34:25,47.99,5527,47.98,U
sh688297,中无人机,2025-09-23 14:34:28,48.0,4220,47.99,U
sh688297,中无人机,2025-09-23 14:34:31,48.02,13073,48.0,U
sh688297,中无人机,2025-09-23 14:35:01,48.05,8267,48.03,U
sh688297,中无人机,2025-09-23 14:35:04,48.06,5310,48.05,U
sh688297,中无人机,2025-09-23 14:36:07,48.12,8222,48.12,D
sh688297,中无人机,2025-09-23 14:36:46,48.12,5970,48.12,D
sh688297,中无人机,2025-09-23 14:36:49,48.16,5000,48.12,E
sh688297,中无人机,2025-09-23 14:37:01,48.14,5471,48.09,U
sh688297,中无人机,2025-09-23 14:37:28,48.0,12664,47.99,U
sh688297,中无人机,2025-09-23 14:37:52,48.0,7100,48.0,U
sh688297,中无人机,2025-09-23 14:38:16,48.05,6520,47.97,U
sh688297,中无人机,2025-09-23 14:38:25,48.12,8446,48.03,U
sh688297,中无人机,2025-09-23 14:38:28,48.01,5400,48.12,D
sh688297,中无人机,2025-09-23 14:39:01,48.01,5063,47.96,U
sh688297,中无人机,2025-09-23 14:40:01,47.98,6088,47.95,U
sh688297,中无人机,2025-09-23 14:40:04,47.96,5200,47.98,D
sh688297,中无人机,2025-09-23 14:40:37,47.91,6000,48.03,D
sh688297,中无人机,2025-09-23 14:41:46,48.03,5200,48.03,U
sh688297,中无人机,2025-09-23 14:42:04,48.03,5053,48.03,U
sh688297,中无人机,2025-09-23 14:42:13,48.03,8012,48.02,U
sh688297,中无人机,2025-09-23 14:42:49,48.02,8937,48.01,U
sh688297,中无人机,2025-09-23 14:43:04,48.03,4722,48.0,U
sh688297,中无人机,2025-09-23 14:44:04,48.05,4365,48.04,U
sh688297,中无人机,2025-09-23 14:44:28,48.1,7555,48.08,U
sh688297,中无人机,2025-09-23 14:45:01,48.1,4314,48.11,D
sh688297,中无人机,2025-09-23 14:45:04,48.12,6284,48.1,U
sh688297,中无人机,2025-09-23 14:45:13,48.15,11363,48.12,U
sh688297,中无人机,2025-09-23 14:46:16,48.15,7464,48.14,U
sh688297,中无人机,2025-09-23 14:46:37,48.19,18849,48.16,U
sh688297,中无人机,2025-09-23 14:47:04,48.28,5205,48.22,U
sh688297,中无人机,2025-09-23 14:47:38,48.29,4300,48.28,U
sh688297,中无人机,2025-09-23 14:48:01,48.28,5346,48.28,U
sh688297,中无人机,2025-09-23 14:49:01,48.29,12042,48.27,U
sh688297,中无人机,2025-09-23 14:49:10,48.3,10479,48.29,U
sh688297,中无人机,2025-09-23 14:49:13,48.33,9382,48.3,U
sh688297,中无人机,2025-09-23 14:50:01,48.33,26852,48.32,U
sh688297,中无人机,2025-09-23 14:50:13,48.38,5400,48.35,U
sh688297,中无人机,2025-09-23 14:50:19,48.4,7983,48.39,U
sh688297,中无人机,2025-09-23 14:50:22,48.42,5083,48.4,U
sh688297,中无人机,2025-09-23 14:50:40,48.38,18427,48.44,D
sh688297,中无人机,2025-09-23 14:51:04,48.45,7780,48.39,U
sh688297,中无人机,2025-09-23 14:51:19,48.39,9834,48.39,U
sh688297,中无人机,2025-09-23 14:52:01,48.33,4396,48.32,U
sh688297,中无人机,2025-09-23 14:52:04,48.41,15987,48.33,U
sh688297,中无人机,2025-09-23 14:52:25,48.39,9587,48.4,D
sh688297,中无人机,2025-09-23 14:53:28,48.4,6209,48.4,U
sh688297,中无人机,2025-09-23 14:53:34,48.38,6253,48.38,D
sh688297,中无人机,2025-09-23 14:53:40,48.34,4989,48.38,D
sh688297,中无人机,2025-09-23 14:53:52,48.33,8826,48.35,D
sh688297,中无人机,2025-09-23 14:54:01,48.38,16280,48.33,U
sh688297,中无人机,2025-09-23 14:54:52,48.23,5717,48.28,D
sh688297,中无人机,2025-09-23 14:55:01,48.24,8265,48.23,U
sh688297,中无人机,2025-09-23 14:55:04,48.24,4156,48.24,D
sh688297,中无人机,2025-09-23 14:55:10,48.32,5226,48.31,U
sh688297,中无人机,2025-09-23 14:55:22,48.37,10250,48.32,U
sh688297,中无人机,2025-09-23 14:55:35,48.38,24500,48.36,U
sh688297,中无人机,2025-09-23 14:55:40,48.32,5173,48.37,E
sh688297,中无人机,2025-09-23 14:55:52,48.36,7316,48.33,U
sh688297,中无人机,2025-09-23 14:56:01,48.38,21113,48.36,U
sh688297,中无人机,2025-09-23 14:56:19,48.36,8235,48.33,U
sh688297,中无人机,2025-09-23 14:56:37,48.37,6000,48.32,U
sh688297,中无人机,2025-09-23 15:00:03,48.32,67829,48.27,U
