symbol,name,ticktime,price,volume,prev_price,kind
sh688297,中无人机,2025-10-16 09:25:01,50.45,7009,0.0,U
sh688297,中无人机,2025-10-16 09:30:06,50.42,14470,50.5,D
sh688297,中无人机,2025-10-16 09:30:09,50.49,8016,50.42,U
sh688297,中无人机,2025-10-16 09:30:12,50.47,10263,50.49,D
sh688297,中无人机,2025-10-16 09:30:15,50.59,14822,50.47,U
sh688297,中无人机,2025-10-16 09:30:18,50.81,18347,50.59,U
sh688297,中无人机,2025-10-16 09:30:21,50.68,12991,50.81,D
sh688297,中无人机,2025-10-16 09:30:24,50.84,10719,50.68,U
sh688297,中无人机,2025-10-16 09:30:27,50.81,6892,50.84,D
sh688297,中无人机,2025-10-16 09:30:30,50.85,16230,50.81,U
sh688297,中无人机,2025-10-16 09:30:33,50.89,16794,50.85,U
sh688297,中无人机,2025-10-16 09:30:36,50.97,4900,50.89,U
sh688297,中无人机,2025-10-16 09:30:39,50.95,8300,50.97,D
sh688297,中无人机,2025-10-16 09:30:42,50.99,9858,50.95,U
sh688297,中无人机,2025-10-16 09:30:45,50.98,6500,50.99,D
sh688297,中无人机,2025-10-16 09:30:48,50.92,7757,50.98,D
sh688297,中无人机,2025-10-16 09:30:51,50.89,8081,50.92,D
sh688297,中无人机,2025-10-16 09:30:54,50.85,18843,50.89,D
sh688297,中无人机,2025-10-16 09:30:57,50.9,15805,50.85,U
sh688297,中无人机,2025-10-16 09:31:00,50.85,6960,50.9,D
sh688297,中无人机,2025-10-16 09:31:03,50.91,7992,50.85,E
sh688297,中无人机,2025-10-16 09:31:06,50.91,14988,50.91,U
sh688297,中无人机,2025-10-16 09:31:09,50.87,5366,50.91,E
sh688297,中无人机,2025-10-16 09:31:12,50.85,7570,50.87,D
sh688297,中无人机,2025-10-16 09:31:15,50.83,5308,50.85,D
sh688297,中无人机,2025-10-16 09:31:24,50.8,4479,50.87,D
sh688297,中无人机,2025-10-16 09:31:27,50.91,21600,50.8,U
sh688297,中无人机,2025-10-16 09:31:30,50.83,5455,50.91,D
sh688297,中无人机,2025-10-16 09:31:36,50.9,27864,50.85,U
sh688297,中无人机,2025-10-16 09:31:39,50.85,10151,50.9,D
sh688297,中无人机,2025-10-16 09:31:42,50.91,24399,50.85,U
sh688297,中无人机,2025-10-16 09:31:45,50.9,12181,50.91,U
sh688297,中无人机,2025-10-16 09:31:48,50.91,16047,50.9,U
sh688297,中无人机,2025-10-16 09:31:51,50.92,8543,50.91,U
sh688297,中无人机,2025-10-16 09:31:54,50.97,6819,50.92,U
sh688297,中无人机,2025-10-16 09:31:57,50.98,20893,50.97,U
sh688297,中无人机,2025-10-16 09:32:00,50.99,15144,50.98,U
sh688297,中无人机,2025-10-16 09:32:03,50.98,6873,50.99,U
sh688297,中无人机,2025-10-16 09:32:06,50.98,18014,50.98,D
sh688297,中无人机,2025-10-16 09:32:09,50.96,13056,50.98,D
sh688297,中无人机,2025-10-16 09:32:12,50.99,27800,50.96,U
sh688297,中无人机,2025-10-16 09:32:15,50.97,54093,50.99,D
sh688297,中无人机,2025-10-16 09:32:18,50.97,16598,50.97,D
sh688297,中无人机,2025-10-16 09:32:21,50.92,14250,50.97,D
sh688297,中无人机,2025-10-16 09:32:24,50.86,39958,50.92,D
sh688297,中无人机,2025-10-16 09:32:27,50.82,8703,50.86,D
sh688297,中无人机,2025-10-16 09:32:36,50.67,11306,50.78,D
sh688297,中无人机,2025-10-16 09:32:39,50.67,6602,50.67,E
sh688297,中无人机,2025-10-16 09:32:42,50.69,24833,50.67,U
sh688297,中无人机,2025-10-16 09:32:45,50.75,11393,50.69,U
sh688297,中无人机,2025-10-16 09:32:48,50.71,5250,50.75,D
sh688297,中无人机,2025-10-16 09:32:51,50.75,8400,50.71,E
sh688297,中无人机,2025-10-16 09:33:06,50.62,10408,50.62,D
sh688297,中无人机,2025-10-16 09:33:09,50.5,9760,50.62,D
sh688297,中无人机,2025-10-16 09:33:12,50.59,11416,50.5,U
sh688297,中无人机,2025-10-16 09:33:15,50.51,9758,50.59,D
sh688297,中无人机,2025-10-16 09:33:27,50.6,4244,50.6,U
sh688297,中无人机,2025-10-16 09:33:30,50.55,5694,50.6,D
sh688297,中无人机,2025-10-16 09:33:33,50.55,21347,50.55,U
sh688297,中无人机,2025-10-16 09:33:54,50.57,5595,50.64,D
sh688297,中无人机,2025-10-16 09:34:03,50.54,9491,50.55,D
sh688297,中无人机,2025-10-16 09:34:06,50.51,4400,50.54,D
sh688297,中无人机,2025-10-16 09:34:09,50.5,14216,50.51,D
sh688297,中无人机,2025-10-16 09:34:24,50.39,12000,50.5,D
sh688297,中无人机,2025-10-16 09:34:27,50.45,5630,50.39,U
sh688297,中无人机,2025-10-16 09:34:30,50.45,9005,50.45,U
sh688297,中无人机,2025-10-16 09:34:33,50.4,4700,50.45,D
sh688297,中无人机,2025-10-16 09:34:36,50.4,7652,50.4,D
sh688297,中无人机,2025-10-16 09:34:54,50.42,4164,50.42,D
sh688297,中无人机,2025-10-16 09:35:03,50.36,12220,50.4,D
sh688297,中无人机,2025-10-16 09:35:09,50.41,13156,50.35,U
sh688297,中无人机,2025-10-16 09:35:15,50.41,7086,50.4,U
sh688297,中无人机,2025-10-16 09:35:33,50.4,4955,50.41,D
sh688297,中无人机,2025-10-16 09:35:36,50.38,10022,50.4,D
sh688297,中无人机,2025-10-16 09:35:54,50.42,21868,50.37,U
sh688297,中无人机,2025-10-16 09:36:06,50.48,10069,50.42,U
sh688297,中无人机,2025-10-16 09:37:03,50.59,7997,50.54,U
sh688297,中无人机,2025-10-16 09:37:06,50.51,9909,50.59,E
sh688297,中无人机,2025-10-16 09:37:18,50.61,3977,50.54,U
sh688297,中无人机,2025-10-16 09:37:45,50.55,4699,50.5,U
sh688297,中无人机,2025-10-16 09:38:03,50.48,20158,50.55,D
sh688297,中无人机,2025-10-16 09:38:15,50.45,6160,50.53,D
sh688297,中无人机,2025-10-16 09:38:18,50.38,18368,50.45,D
sh688297,中无人机,2025-10-16 09:38:21,50.35,4615,50.38,D
sh688297,中无人机,2025-10-16 09:38:27,50.35,5727,50.35,D
sh688297,中无人机,2025-10-16 09:38:36,50.38,6932,50.35,U
sh688297,中无人机,2025-10-16 09:38:51,50.31,7471,50.33,D
sh688297,中无人机,2025-10-16 09:39:06,50.3,18461,50.32,D
sh688297,中无人机,2025-10-16 09:39:18,50.3,5581,50.3,D
sh688297,中无人机,2025-10-16 09:39:24,50.26,14861,50.28,D
sh688297,中无人机,2025-10-16 09:39:27,50.26,8441,50.26,D
sh688297,中无人机,2025-10-16 09:39:36,50.25,5358,50.25,D
sh688297,中无人机,2025-10-16 09:39:45,50.35,10894,50.26,U
sh688297,中无人机,2025-10-16 09:40:00,50.26,6166,50.24,U
sh688297,中无人机,2025-10-16 09:40:03,50.23,6000,50.26,D
sh688297,中无人机,2025-10-16 09:40:18,50.2,10957,50.26,D
sh688297,中无人机,2025-10-16 09:40:21,50.2,4497,50.2,U
sh688297,中无人机,2025-10-16 09:40:27,50.26,7500,50.18,U
sh688297,中无人机,2025-10-16 09:40:30,50.26,5000,50.26,U
sh688297,中无人机,2025-10-16 09:41:03,50.24,5979,50.26,D
sh688297,中无人机,2025-10-16 09:41:27,50.39,20756,50.32,U
sh688297,中无人机,2025-10-16 09:42:00,50.39,5000,50.33,U
sh688297,中无人机,2025-10-16 09:42:51,50.33,6942,50.38,D
sh688297,中无人机,2025-10-16 09:43:06,50.27,4500,50.28,D
sh688297,中无人机,2025-10-16 09:43:21,50.3,7200,50.25,U
sh688297,中无人机,2025-10-16 09:43:57,50.24,5749,50.24,D
sh688297,中无人机,2025-10-16 09:44:03,50.3,6509,50.25,U
sh688297,中无人机,2025-10-16 09:44:36,50.3,8314,50.3,D
sh688297,中无人机,2025-10-16 09:45:12,50.3,5600,50.3,U
sh688297,中无人机,2025-10-16 09:46:09,50.23,5700,50.21,U
sh688297,中无人机,2025-10-16 09:46:18,50.3,7094,50.23,U
sh688297,中无人机,2025-10-16 09:47:03,50.32,4129,50.33,D
sh688297,中无人机,2025-10-16 09:47:18,50.43,7149,50.4,U
sh688297,中无人机,2025-10-16 09:47:21,50.45,4026,50.43,U
sh688297,中无人机,2025-10-16 09:47:24,50.43,5694,50.45,D
sh688297,中无人机,2025-10-16 09:48:06,50.38,4561,50.47,D
sh688297,中无人机,2025-10-16 09:50:18,50.55,8843,50.55,D
sh688297,中无人机,2025-10-16 09:50:24,50.59,6671,50.55,U
sh688297,中无人机,2025-10-16 09:50:27,50.59,6800,50.59,U
sh688297,中无人机,2025-10-16 09:50:33,50.59,4454,50.58,U
sh688297,中无人机,2025-10-16 09:50:36,50.55,4086,50.59,D
sh688297,中无人机,2025-10-16 09:50:39,50.59,9093,50.55,E
sh688297,中无人机,2025-10-16 09:50:42,50.59,6184,50.59,U
sh688297,中无人机,2025-10-16 09:51:15,50.55,4756,50.56,D
sh688297,中无人机,2025-10-16 09:51:24,50.62,12201,50.56,U
sh688297,中无人机,2025-10-16 09:51:51,50.74,26362,50.69,U
sh688297,中无人机,2025-10-16 09:51:54,50.82,6213,50.74,U
sh688297,中无人机,2025-10-16 09:52:00,50.9,7950,50.73,U
sh688297,中无人机,2025-10-16 09:52:03,51.0,38016,50.9,U
sh688297,中无人机,2025-10-16 09:52:09,50.94,5521,50.93,E
sh688297,中无人机,2025-10-16 09:52:15,51.05,20590,51.0,U
sh688297,中无人机,2025-10-16 09:52:18,51.02,5806,51.05,E
sh688297,中无人机,2025-10-16 09:52:21,51.12,7893,51.02,U
sh688297,中无人机,2025-10-16 09:52:30,51.09,14620,51.1,D
sh688297,中无人机,2025-10-16 09:52:39,51.09,5360,51.05,U
sh688297,中无人机,2025-10-16 09:52:42,51.05,9053,51.09,E
sh688297,中无人机,2025-10-16 09:52:45,51.01,4226,51.05,D
sh688297,中无人机,2025-10-16 09:52:51,51.05,9200,51.05,U
sh688297,中无人机,2025-10-16 09:52:54,51.12,7643,51.05,U
sh688297,中无人机,2025-10-16 09:52:57,51.11,5043,51.12,U
sh688297,中无人机,2025-10-16 09:53:00,51.18,12910,51.11,U
sh688297,中无人机,2025-10-16 09:53:03,51.18,8490,51.18,U
sh688297,中无人机,2025-10-16 09:53:06,51.18,4581,51.18,D
sh688297,中无人机,2025-10-16 09:53:09,51.18,4899,51.18,D
sh688297,中无人机,2025-10-16 09:53:12,51.13,19688,51.18,D
sh688297,中无人机,2025-10-16 09:53:15,51.18,4595,51.13,U
sh688297,中无人机,2025-10-16 09:53:18,51.13,5526,51.18,D
sh688297,中无人机,2025-10-16 09:53:21,51.13,4328,51.13,U
sh688297,中无人机,2025-10-16 09:53:27,51.18,5858,51.17,U
sh688297,中无人机,2025-10-16 09:53:30,51.17,4706,51.18,D
sh688297,中无人机,2025-10-16 09:53:33,51.19,4101,51.17,U
sh688297,中无人机,2025-10-16 09:53:36,51.18,21211,51.19,D
sh688297,中无人机,2025-10-16 09:53:39,51.18,7436,51.18,U
sh688297,中无人机,2025-10-16 09:53:42,51.19,4332,51.18,U
sh688297,中无人机,2025-10-16 09:53:45,51.18,8486,51.19,D
sh688297,中无人机,2025-10-16 09:53:48,51.19,19048,51.18,U
sh688297,中无人机,2025-10-16 09:53:51,51.05,13112,51.19,D
sh688297,中无人机,2025-10-16 09:53:54,51.15,12264,51.05,U
sh688297,中无人机,2025-10-16 09:54:00,51.09,10574,51.05,U
sh688297,中无人机,2025-10-16 09:54:03,51.17,8937,51.09,U
sh688297,中无人机,2025-10-16 09:54:06,51.14,18268,51.17,E
sh688297,中无人机,2025-10-16 09:54:15,51.19,3926,51.2,E
sh688297,中无人机,2025-10-16 09:54:18,51.17,5515,51.19,D
sh688297,中无人机,2025-10-16 09:54:21,51.17,11849,51.17,D
sh688297,中无人机,2025-10-16 09:54:27,51.13,10218,51.17,D
sh688297,中无人机,2025-10-16 09:54:33,51.14,6546,51.06,U
sh688297,中无人机,2025-10-16 09:54:39,51.07,8228,50.97,U
sh688297,中无人机,2025-10-16 09:54:42,51.13,5484,51.07,U
sh688297,中无人机,2025-10-16 09:54:51,51.04,6652,51.13,D
sh688297,中无人机,2025-10-16 09:54:57,51.08,11952,51.06,D
sh688297,中无人机,2025-10-16 09:55:00,51.1,6975,51.08,U
sh688297,中无人机,2025-10-16 09:55:03,51.07,20457,51.1,E
sh688297,中无人机,2025-10-16 09:55:06,51.06,14885,51.07,E
sh688297,中无人机,2025-10-16 09:55:15,51.07,7700,51.09,D
sh688297,中无人机,2025-10-16 09:55:18,51.08,22889,51.07,U
sh688297,中无人机,2025-10-16 09:55:21,51.06,4667,51.08,E
sh688297,中无人机,2025-10-16 09:55:24,50.96,31810,51.06,D
sh688297,中无人机,2025-10-16 09:55:27,50.95,4191,50.96,D
sh688297,中无人机,2025-10-16 09:55:30,50.94,7745,50.95,D
sh688297,中无人机,2025-10-16 09:55:39,50.96,10400,50.96,D
sh688297,中无人机,2025-10-16 09:55:51,50.96,4058,50.97,U
sh688297,中无人机,2025-10-16 09:56:00,50.95,6618,50.96,D
sh688297,中无人机,2025-10-16 09:56:06,50.92,6066,50.96,D
sh688297,中无人机,2025-10-16 09:56:12,50.9,4926,50.94,D
sh688297,中无人机,2025-10-16 09:56:18,50.96,14473,50.88,U
sh688297,中无人机,2025-10-16 09:56:27,50.98,5386,50.96,U
sh688297,中无人机,2025-10-16 09:56:45,50.99,8807,50.98,U
sh688297,中无人机,2025-10-16 09:57:03,50.96,7264,50.98,D
sh688297,中无人机,2025-10-16 09:57:24,50.91,14659,50.91,U
sh688297,中无人机,2025-10-16 09:57:45,50.91,5378,50.96,D
sh688297,中无人机,2025-10-16 09:57:54,50.89,8351,50.91,D
sh688297,中无人机,2025-10-16 09:58:06,50.91,6000,50.94,D
sh688297,中无人机,2025-10-16 09:58:09,50.94,6440,50.91,D
sh688297,中无人机,2025-10-16 09:58:48,50.98,8465,50.99,D
sh688297,中无人机,2025-10-16 09:59:03,50.91,6534,50.94,D
sh688297,中无人机,2025-10-16 09:59:09,50.9,6526,50.91,D
sh688297,中无人机,2025-10-16 09:59:33,50.86,20825,50.9,D
sh688297,中无人机,2025-10-16 09:59:48,50.78,7620,50.8,D
sh688297,中无人机,2025-10-16 10:00:27,50.85,5885,50.85,D
sh688297,中无人机,2025-10-16 10:00:48,50.81,9686,50.8,U
sh688297,中无人机,2025-10-16 10:01:09,50.91,11786,50.85,U
sh688297,中无人机,2025-10-16 10:01:30,50.94,5270,50.9,U
sh688297,中无人机,2025-10-16 10:01:42,50.98,5310,50.94,U
sh688297,中无人机,2025-10-16 10:01:57,50.93,6319,50.94,D
sh688297,中无人机,2025-10-16 10:02:30,50.94,4931,50.99,D
sh688297,中无人机,2025-10-16 10:02:45,50.89,4129,50.92,D
sh688297,中无人机,2025-10-16 10:03:54,50.84,4225,50.84,D
sh688297,中无人机,2025-10-16 10:04:09,50.81,4150,50.83,D
sh688297,中无人机,2025-10-16 10:04:12,50.82,6050,50.81,U
sh688297,中无人机,2025-10-16 10:04:21,50.9,7594,50.87,U
sh688297,中无人机,2025-10-16 10:04:33,50.9,5000,50.89,U
sh688297,中无人机,2025-10-16 10:05:51,50.77,7905,50.8,D
sh688297,中无人机,2025-10-16 10:05:54,50.77,6200,50.77,D
sh688297,中无人机,2025-10-16 10:06:03,50.8,6312,50.78,U
sh688297,中无人机,2025-10-16 10:07:27,50.83,10457,50.83,U
sh688297,中无人机,2025-10-16 10:10:18,50.81,10338,50.83,D
sh688297,中无人机,2025-10-16 10:10:39,50.7,35000,50.79,D
sh688297,中无人机,2025-10-16 10:10:42,50.79,20700,50.7,U
sh688297,中无人机,2025-10-16 10:12:00,50.7,7533,50.79,D
sh688297,中无人机,2025-10-16 10:12:03,50.7,12200,50.7,U
sh688297,中无人机,2025-10-16 10:12:39,50.55,11312,50.53,E
sh688297,中无人机,2025-10-16 10:12:42,50.52,5000,50.55,D
sh688297,中无人机,2025-10-16 10:13:21,50.48,9617,50.48,D
sh688297,中无人机,2025-10-16 10:13:27,50.48,13900,50.48,U
sh688297,中无人机,2025-10-16 10:13:30,50.53,13310,50.48,U
sh688297,中无人机,2025-10-16 10:13:33,50.47,23910,50.53,D
sh688297,中无人机,2025-10-16 10:13:42,50.46,5058,50.49,D
sh688297,中无人机,2025-10-16 10:13:54,50.46,7061,50.49,D
sh688297,中无人机,2025-10-16 10:14:00,50.45,8355,50.49,D
sh688297,中无人机,2025-10-16 10:14:39,50.53,4078,50.53,D
sh688297,中无人机,2025-10-16 10:15:09,50.53,11733,50.53,D
sh688297,中无人机,2025-10-16 10:15:15,50.53,6000,50.53,U
sh688297,中无人机,2025-10-16 10:17:15,50.55,7462,50.52,U
sh688297,中无人机,2025-10-16 10:17:18,50.52,4819,50.55,D
sh688297,中无人机,2025-10-16 10:18:09,50.48,18135,50.53,D
sh688297,中无人机,2025-10-16 10:19:03,50.48,5665,50.52,D
sh688297,中无人机,2025-10-16 10:19:21,50.46,4362,50.49,D
sh688297,中无人机,2025-10-16 10:20:03,50.41,4200,50.42,D
sh688297,中无人机,2025-10-16 10:22:12,50.43,8765,50.44,D
sh688297,中无人机,2025-10-16 10:23:03,50.38,4394,50.39,D
sh688297,中无人机,2025-10-16 10:25:24,50.44,7600,50.43,U
sh688297,中无人机,2025-10-16 10:25:27,50.43,4400,50.44,E
sh688297,中无人机,2025-10-16 10:25:36,50.38,10692,50.4,D
sh688297,中无人机,2025-10-16 10:25:39,50.37,5530,50.38,D
sh688297,中无人机,2025-10-16 10:25:48,50.37,5000,50.37,D
sh688297,中无人机,2025-10-16 10:27:06,50.43,6268,50.38,U
sh688297,中无人机,2025-10-16 10:28:03,50.39,4679,50.4,D
sh688297,中无人机,2025-10-16 10:28:06,50.37,17704,50.39,D
sh688297,中无人机,2025-10-16 10:28:24,50.34,28343,50.37,D
sh688297,中无人机,2025-10-16 10:28:30,50.38,4777,50.36,U
sh688297,中无人机,2025-10-16 10:30:42,50.34,9123,50.35,D
sh688297,中无人机,2025-10-16 10:31:45,50.29,6322,50.27,U
sh688297,中无人机,2025-10-16 10:32:09,50.25,10334,50.3,D
sh688297,中无人机,2025-10-16 10:32:24,50.3,4074,50.25,U
sh688297,中无人机,2025-10-16 10:33:51,50.26,5300,50.26,U
sh688297,中无人机,2025-10-16 10:34:24,50.2,3990,50.22,D
sh688297,中无人机,2025-10-16 10:34:27,50.2,9376,50.2,D
sh688297,中无人机,2025-10-16 10:37:03,50.25,10591,50.25,U
sh688297,中无人机,2025-10-16 10:37:48,50.29,4470,50.27,U
sh688297,中无人机,2025-10-16 10:38:51,50.32,8912,50.3,U
sh688297,中无人机,2025-10-16 10:40:33,50.38,8619,50.38,D
sh688297,中无人机,2025-10-16 10:41:51,50.37,4566,50.39,D
sh688297,中无人机,2025-10-16 10:43:00,50.4,4318,50.43,D
sh688297,中无人机,2025-10-16 10:43:09,50.41,4264,50.41,U
sh688297,中无人机,2025-10-16 10:43:18,50.37,16340,50.41,D
sh688297,中无人机,2025-10-16 10:45:30,50.3,4263,50.3,U
sh688297,中无人机,2025-10-16 10:45:42,50.33,4172,50.33,U
sh688297,中无人机,2025-10-16 10:46:24,50.36,5900,50.35,U
sh688297,中无人机,2025-10-16 10:46:42,50.36,5000,50.36,U
sh688297,中无人机,2025-10-16 10:47:09,50.35,5323,50.36,D
sh688297,中无人机,2025-10-16 10:47:21,50.34,4806,50.34,U
sh688297,中无人机,2025-10-16 10:47:39,50.33,5941,50.34,D
sh688297,中无人机,2025-10-16 10:49:00,50.34,4031,50.33,U
sh688297,中无人机,2025-10-16 10:50:36,50.32,11397,50.34,D
sh688297,中无人机,2025-10-16 10:51:21,50.3,4100,50.27,U
sh688297,中无人机,2025-10-16 10:51:33,50.21,8378,50.25,D
sh688297,中无人机,2025-10-16 10:53:39,50.2,30000,50.26,D
sh688297,中无人机,2025-10-16 10:53:42,50.18,10420,50.2,D
sh688297,中无人机,2025-10-16 10:53:48,50.14,8856,50.17,D
sh688297,中无人机,2025-10-16 10:55:12,50.14,22841,50.13,U
sh688297,中无人机,2025-10-16 10:57:42,50.12,10664,50.15,D
sh688297,中无人机,2025-10-16 10:57:45,50.11,6678,50.12,D
sh688297,中无人机,2025-10-16 10:57:54,50.1,4493,50.1,D
sh688297,中无人机,2025-10-16 10:58:03,50.14,5980,50.09,U
sh688297,中无人机,2025-10-16 10:58:24,50.08,6100,50.1,D
sh688297,中无人机,2025-10-16 10:59:39,50.11,10000,50.11,E
sh688297,中无人机,2025-10-16 11:00:03,50.06,12177,50.1,D
sh688297,中无人机,2025-10-16 11:00:09,50.05,5400,50.05,D
sh688297,中无人机,2025-10-16 11:00:15,50.02,7435,50.05,D
sh688297,中无人机,2025-10-16 11:00:21,50.02,4000,50.02,D
sh688297,中无人机,2025-10-16 11:02:39,50.08,4400,50.09,D
sh688297,中无人机,2025-10-16 11:03:06,50.08,5075,50.08,U
sh688297,中无人机,2025-10-16 11:03:57,50.02,11584,50.04,D
sh688297,中无人机,2025-10-16 11:04:00,50.01,11450,50.02,D
sh688297,中无人机,2025-10-16 11:04:03,50.01,22375,50.01,D
sh688297,中无人机,2025-10-16 11:04:06,50.02,14335,50.01,U
sh688297,中无人机,2025-10-16 11:04:12,50.0,5132,50.02,D
sh688297,中无人机,2025-10-16 11:04:15,50.0,20265,50.0,D
sh688297,中无人机,2025-10-16 11:04:27,49.99,6315,49.99,U
sh688297,中无人机,2025-10-16 11:04:51,49.96,4500,49.97,D
sh688297,中无人机,2025-10-16 11:04:54,49.95,7046,49.96,D
sh688297,中无人机,2025-10-16 11:05:33,49.93,17483,49.92,E
sh688297,中无人机,2025-10-16 11:05:36,49.91,7594,49.93,D
sh688297,中无人机,2025-10-16 11:05:45,49.89,9096,49.9,D
sh688297,中无人机,2025-10-16 11:08:24,49.94,8509,49.96,D
sh688297,中无人机,2025-10-16 11:08:27,49.93,4240,49.94,D
sh688297,中无人机,2025-10-16 11:08:33,49.93,5044,49.94,D
sh688297,中无人机,2025-10-16 11:09:03,49.91,4077,49.94,D
sh688297,中无人机,2025-10-16 11:09:15,49.91,5103,49.91,U
sh688297,中无人机,2025-10-16 11:09:54,49.95,5324,49.95,U
sh688297,中无人机,2025-10-16 11:10:27,49.95,6917,49.95,U
sh688297,中无人机,2025-10-16 11:10:30,49.94,5172,49.95,D
sh688297,中无人机,2025-10-16 11:11:33,49.95,4453,49.97,D
sh688297,中无人机,2025-10-16 11:12:00,49.93,5882,49.94,D
sh688297,中无人机,2025-10-16 11:12:06,49.91,6477,49.92,D
sh688297,中无人机,2025-10-16 11:12:18,49.91,4407,49.91,U
sh688297,中无人机,2025-10-16 11:12:48,49.9,27747,49.92,D
sh688297,中无人机,2025-10-16 11:12:51,49.87,18101,49.9,D
sh688297,中无人机,2025-10-16 11:13:03,49.85,5638,49.86,D
sh688297,中无人机,2025-10-16 11:13:24,49.85,5916,49.85,D
sh688297,中无人机,2025-10-16 11:15:30,49.98,4725,49.98,D
sh688297,中无人机,2025-10-16 11:16:09,49.96,7522,49.98,D
sh688297,中无人机,2025-10-16 11:17:03,49.9,4393,49.98,D
sh688297,中无人机,2025-10-16 11:17:33,49.92,4645,49.91,U
sh688297,中无人机,2025-10-16 11:19:09,49.93,5502,49.92,U
sh688297,中无人机,2025-10-16 11:19:12,49.92,5345,49.93,D
sh688297,中无人机,2025-10-16 11:19:21,49.93,5389,49.93,U
sh688297,中无人机,2025-10-16 11:19:51,50.04,5875,50.0,U
sh688297,中无人机,2025-10-16 11:20:39,49.98,12119,50.03,D
sh688297,中无人机,2025-10-16 11:20:45,49.92,6148,49.96,D
sh688297,中无人机,2025-10-16 11:20:48,49.93,5700,49.92,U
sh688297,中无人机,2025-10-16 11:23:27,50.0,4833,50.0,U
sh688297,中无人机,2025-10-16 11:23:36,50.01,5000,50.0,U
sh688297,中无人机,2025-10-16 11:23:51,50.01,4663,50.01,U
sh688297,中无人机,2025-10-16 11:24:06,49.96,6864,50.03,D
sh688297,中无人机,2025-10-16 11:28:03,49.92,14071,49.93,D
sh688297,中无人机,2025-10-16 11:29:06,49.93,4452,49.96,D
sh688297,中无人机,2025-10-16 11:29:54,49.89,5061,49.9,D
sh688297,中无人机,2025-10-16 11:29:57,49.86,9728,49.89,D
sh688297,中无人机,2025-10-16 13:00:06,49.83,7272,49.82,U
sh688297,中无人机,2025-10-16 13:00:12,49.81,6285,49.83,D
sh688297,中无人机,2025-10-16 13:00:15,49.81,6234,49.81,D
sh688297,中无人机,2025-10-16 13:00:18,49.8,18582,49.81,D
sh688297,中无人机,2025-10-16 13:00:27,49.8,6463,49.78,U
sh688297,中无人机,2025-10-16 13:02:21,49.9,5288,49.9,U
sh688297,中无人机,2025-10-16 13:03:09,49.97,4009,49.95,U
sh688297,中无人机,2025-10-16 13:03:21,49.95,6289,49.95,D
sh688297,中无人机,2025-10-16 13:03:39,49.93,4041,49.95,D
sh688297,中无人机,2025-10-16 13:03:42,49.93,6216,49.93,D
sh688297,中无人机,2025-10-16 13:03:54,49.93,6250,49.91,U
sh688297,中无人机,2025-10-16 13:04:12,50.0,4274,49.95,U
sh688297,中无人机,2025-10-16 13:04:51,49.92,4389,49.96,D
sh688297,中无人机,2025-10-16 13:04:57,49.91,9315,49.94,D
sh688297,中无人机,2025-10-16 13:05:15,49.77,18159,49.89,D
sh688297,中无人机,2025-10-16 13:05:39,49.8,10125,49.8,U
sh688297,中无人机,2025-10-16 13:06:27,49.8,16403,49.8,D
sh688297,中无人机,2025-10-16 13:06:36,49.77,5000,49.8,D
sh688297,中无人机,2025-10-16 13:06:39,49.77,7246,49.77,D
sh688297,中无人机,2025-10-16 13:06:48,49.75,6963,49.75,D
sh688297,中无人机,2025-10-16 13:07:18,49.7,19089,49.71,D
sh688297,中无人机,2025-10-16 13:07:24,49.72,5940,49.7,E
sh688297,中无人机,2025-10-16 13:07:45,49.7,10412,49.78,D
sh688297,中无人机,2025-10-16 13:09:06,49.71,4527,49.72,D
sh688297,中无人机,2025-10-16 13:09:48,49.68,5842,49.69,D
sh688297,中无人机,2025-10-16 13:09:51,49.68,7649,49.68,D
sh688297,中无人机,2025-10-16 13:10:24,49.71,8379,49.78,D
sh688297,中无人机,2025-10-16 13:10:36,49.8,9591,49.79,U
sh688297,中无人机,2025-10-16 13:11:00,49.79,6657,49.79,U
sh688297,中无人机,2025-10-16 13:11:36,49.88,5967,49.88,U
sh688297,中无人机,2025-10-16 13:13:27,49.8,6128,49.79,U
sh688297,中无人机,2025-10-16 13:15:33,49.89,4257,49.88,U
sh688297,中无人机,2025-10-16 13:16:27,49.8,5876,49.82,D
sh688297,中无人机,2025-10-16 13:17:54,49.8,30000,49.75,U
sh688297,中无人机,2025-10-16 13:19:06,49.8,4500,49.79,U
sh688297,中无人机,2025-10-16 13:20:09,49.69,28770,49.71,D
sh688297,中无人机,2025-10-16 13:20:12,49.66,5453,49.69,D
sh688297,中无人机,2025-10-16 13:20:15,49.66,4708,49.66,D
sh688297,中无人机,2025-10-16 13:20:33,49.65,9233,49.65,D
sh688297,中无人机,2025-10-16 13:21:15,49.65,6000,49.65,U
sh688297,中无人机,2025-10-16 13:21:21,49.65,15581,49.65,U
sh688297,中无人机,2025-10-16 13:23:36,49.69,5085,49.72,D
sh688297,中无人机,2025-10-16 13:25:03,49.7,5049,49.75,D
sh688297,中无人机,2025-10-16 13:25:09,49.7,9026,49.7,U
sh688297,中无人机,2025-10-16 13:27:54,49.81,4551,49.81,U
sh688297,中无人机,2025-10-16 13:28:36,49.81,8899,49.8,U
sh688297,中无人机,2025-10-16 13:30:42,49.78,5737,49.78,E
sh688297,中无人机,2025-10-16 13:32:06,49.71,12230,49.75,D
sh688297,中无人机,2025-10-16 13:32:15,49.72,5174,49.7,U
sh688297,中无人机,2025-10-16 13:32:36,49.7,12441,49.68,U
sh688297,中无人机,2025-10-16 13:32:45,49.72,4587,49.7,U
sh688297,中无人机,2025-10-16 13:33:24,49.72,5360,49.71,U
sh688297,中无人机,2025-10-16 13:34:57,49.68,6088,49.7,D
sh688297,中无人机,2025-10-16 13:35:24,49.7,5500,49.71,D
sh688297,中无人机,2025-10-16 13:35:27,49.72,5379,49.7,U
sh688297,中无人机,2025-10-16 13:35:36,49.72,13100,49.71,U
sh688297,中无人机,2025-10-16 13:35:39,49.72,6402,49.72,D
sh688297,中无人机,2025-10-16 13:36:24,49.71,11057,49.7,U
sh688297,中无人机,2025-10-16 13:36:27,49.67,8430,49.71,D
sh688297,中无人机,2025-10-16 13:36:30,49.67,6570,49.67,D
sh688297,中无人机,2025-10-16 13:36:33,49.65,8733,49.67,D
sh688297,中无人机,2025-10-16 13:38:03,49.58,45949,49.63,D
sh688297,中无人机,2025-10-16 13:38:09,49.63,13787,49.6,U
sh688297,中无人机,2025-10-16 13:38:33,49.56,7653,49.56,U
sh688297,中无人机,2025-10-16 13:38:51,49.54,5272,49.6,D
sh688297,中无人机,2025-10-16 13:39:15,49.51,25705,49.53,D
sh688297,中无人机,2025-10-16 13:39:24,49.5,4338,49.5,D
sh688297,中无人机,2025-10-16 13:39:27,49.5,7034,49.5,D
sh688297,中无人机,2025-10-16 13:39:30,49.5,4252,49.5,D
sh688297,中无人机,2025-10-16 13:40:06,49.49,4074,49.48,U
sh688297,中无人机,2025-10-16 13:40:15,49.52,7375,49.5,U
sh688297,中无人机,2025-10-16 13:41:09,49.58,5140,49.57,U
sh688297,中无人机,2025-10-16 13:41:51,49.55,10903,49.6,D
sh688297,中无人机,2025-10-16 13:41:54,49.55,5184,49.55,U
sh688297,中无人机,2025-10-16 13:42:33,49.51,4440,49.52,D
sh688297,中无人机,2025-10-16 13:42:39,49.47,4327,49.5,D
sh688297,中无人机,2025-10-16 13:42:57,49.48,4245,49.48,U
sh688297,中无人机,2025-10-16 13:43:00,49.51,5874,49.48,U
sh688297,中无人机,2025-10-16 13:43:09,49.52,8799,49.51,D
sh688297,中无人机,2025-10-16 13:43:27,49.63,6000,49.54,U
sh688297,中无人机,2025-10-16 13:44:18,49.56,9745,49.59,D
sh688297,中无人机,2025-10-16 13:47:24,49.53,5015,49.53,U
sh688297,中无人机,2025-10-16 13:48:18,49.49,6700,49.52,D
sh688297,中无人机,2025-10-16 13:48:21,49.48,8231,49.49,D
sh688297,中无人机,2025-10-16 13:49:00,49.47,4061,49.46,U
sh688297,中无人机,2025-10-16 13:50:24,49.48,5574,49.48,U
sh688297,中无人机,2025-10-16 13:54:18,49.57,4426,49.62,D
sh688297,中无人机,2025-10-16 13:55:24,49.66,11014,49.66,D
sh688297,中无人机,2025-10-16 13:55:30,49.66,20755,49.66,U
sh688297,中无人机,2025-10-16 13:56:27,49.72,8390,49.73,D
sh688297,中无人机,2025-10-16 13:57:45,49.74,4600,49.74,E
sh688297,中无人机,2025-10-16 13:58:21,49.68,4200,49.67,D
sh688297,中无人机,2025-10-16 13:58:30,49.66,4838,49.68,D
sh688297,中无人机,2025-10-16 13:59:48,49.59,4300,49.59,U
sh688297,中无人机,2025-10-16 14:00:06,49.55,6987,49.56,D
sh688297,中无人机,2025-10-16 14:00:27,49.51,4524,49.54,D
sh688297,中无人机,2025-10-16 14:00:30,49.5,6100,49.51,D
sh688297,中无人机,2025-10-16 14:01:03,49.5,5555,49.5,U
sh688297,中无人机,2025-10-16 14:01:06,49.51,5325,49.5,U
sh688297,中无人机,2025-10-16 14:03:12,49.48,9298,49.49,D
sh688297,中无人机,2025-10-16 14:03:15,49.48,5374,49.48,D
sh688297,中无人机,2025-10-16 14:03:18,49.46,6934,49.48,D
sh688297,中无人机,2025-10-16 14:03:24,49.45,13497,49.47,D
sh688297,中无人机,2025-10-16 14:03:39,49.44,5543,49.44,D
sh688297,中无人机,2025-10-16 14:04:24,49.45,5639,49.44,U
sh688297,中无人机,2025-10-16 14:04:39,49.51,6000,49.45,U
sh688297,中无人机,2025-10-16 14:05:27,49.58,5000,49.53,U
sh688297,中无人机,2025-10-16 14:05:30,49.51,10112,49.58,D
sh688297,中无人机,2025-10-16 14:05:39,49.58,10589,49.51,U
sh688297,中无人机,2025-10-16 14:07:33,49.58,4945,49.59,D
sh688297,中无人机,2025-10-16 14:08:48,49.5,5584,49.5,D
sh688297,中无人机,2025-10-16 14:11:42,49.58,4324,49.58,U
sh688297,中无人机,2025-10-16 14:11:45,49.56,5199,49.58,D
sh688297,中无人机,2025-10-16 14:12:57,49.54,4938,49.56,D
sh688297,中无人机,2025-10-16 14:13:57,49.53,4472,49.53,D
sh688297,中无人机,2025-10-16 14:16:03,49.51,4301,49.52,D
sh688297,中无人机,2025-10-16 14:16:06,49.5,10856,49.51,D
sh688297,中无人机,2025-10-16 14:16:09,49.51,4862,49.5,U
sh688297,中无人机,2025-10-16 14:17:36,49.48,4834,49.49,D
sh688297,中无人机,2025-10-16 14:17:39,49.47,7044,49.48,D
sh688297,中无人机,2025-10-16 14:17:42,49.47,12363,49.47,U
sh688297,中无人机,2025-10-16 14:18:42,49.4,87693,49.48,D
sh688297,中无人机,2025-10-16 14:21:03,49.44,11202,49.45,D
sh688297,中无人机,2025-10-16 14:22:24,49.41,5848,49.41,D
sh688297,中无人机,2025-10-16 14:23:27,49.37,10056,49.38,D
sh688297,中无人机,2025-10-16 14:23:39,49.36,10134,49.37,D
sh688297,中无人机,2025-10-16 14:24:51,49.33,10328,49.34,D
sh688297,中无人机,2025-10-16 14:25:48,49.38,5877,49.42,D
sh688297,中无人机,2025-10-16 14:26:18,49.34,7035,49.34,U
sh688297,中无人机,2025-10-16 14:26:24,49.32,14302,49.35,D
sh688297,中无人机,2025-10-16 14:26:27,49.3,17632,49.32,D
sh688297,中无人机,2025-10-16 14:26:42,49.26,11829,49.3,D
sh688297,中无人机,2025-10-16 14:26:57,49.25,11900,49.26,D
sh688297,中无人机,2025-10-16 14:27:15,49.26,15018,49.26,U
sh688297,中无人机,2025-10-16 14:27:30,49.26,4789,49.25,D
sh688297,中无人机,2025-10-16 14:27:45,49.21,7300,49.25,D
sh688297,中无人机,2025-10-16 14:27:48,49.21,5213,49.21,D
sh688297,中无人机,2025-10-16 14:27:54,49.21,5332,49.21,D
sh688297,中无人机,2025-10-16 14:27:57,49.22,8438,49.21,U
sh688297,中无人机,2025-10-16 14:29:03,49.25,5021,49.3,D
sh688297,中无人机,2025-10-16 14:29:45,49.25,6598,49.26,D
sh688297,中无人机,2025-10-16 14:32:09,49.3,4641,49.3,U
sh688297,中无人机,2025-10-16 14:32:21,49.32,36947,49.29,U
sh688297,中无人机,2025-10-16 14:32:24,49.39,5500,49.32,U
sh688297,中无人机,2025-10-16 14:33:21,49.26,6835,49.28,D
sh688297,中无人机,2025-10-16 14:33:24,49.26,4096,49.26,D
sh688297,中无人机,2025-10-16 14:33:27,49.25,9755,49.26,D
sh688297,中无人机,2025-10-16 14:33:33,49.25,6198,49.26,D
sh688297,中无人机,2025-10-16 14:33:36,49.25,7487,49.25,D
sh688297,中无人机,2025-10-16 14:34:30,49.22,5765,49.24,D
sh688297,中无人机,2025-10-16 14:34:36,49.2,8989,49.23,D
sh688297,中无人机,2025-10-16 14:34:39,49.2,7374,49.2,D
sh688297,中无人机,2025-10-16 14:36:15,49.19,6000,49.19,U
sh688297,中无人机,2025-10-16 14:36:21,49.19,10200,49.18,U
sh688297,中无人机,2025-10-16 14:36:24,49.19,7440,49.19,U
sh688297,中无人机,2025-10-16 14:36:33,49.18,10374,49.19,D
sh688297,中无人机,2025-10-16 14:36:45,49.22,22772,49.19,U
sh688297,中无人机,2025-10-16 14:36:48,49.19,9846,49.22,D
sh688297,中无人机,2025-10-16 14:37:03,49.16,5058,49.16,D
sh688297,中无人机,2025-10-16 14:37:12,49.16,15153,49.15,D
sh688297,中无人机,2025-10-16 14:38:48,49.11,9373,49.11,U
sh688297,中无人机,2025-10-16 14:39:27,49.16,5686,49.16,U
sh688297,中无人机,2025-10-16 14:39:42,49.13,6145,49.15,E
sh688297,中无人机,2025-10-16 14:39:51,49.15,7029,49.15,D
sh688297,中无人机,2025-10-16 14:42:00,49.23,4301,49.23,D
sh688297,中无人机,2025-10-16 14:42:03,49.23,6535,49.23,U
sh688297,中无人机,2025-10-16 14:44:36,49.23,4659,49.23,U
sh688297,中无人机,2025-10-16 14:45:00,49.22,6657,49.23,D
sh688297,中无人机,2025-10-16 14:46:09,49.26,8577,49.29,D
sh688297,中无人机,2025-10-16 14:46:54,49.28,6443,49.28,U
sh688297,中无人机,2025-10-16 14:47:03,49.28,4386,49.28,D
sh688297,中无人机,2025-10-16 14:48:00,49.37,5618,49.37,D
sh688297,中无人机,2025-10-16 14:48:30,49.3,12098,49.37,D
sh688297,中无人机,2025-10-16 14:48:36,49.3,4719,49.29,U
sh688297,中无人机,2025-10-16 14:50:42,49.29,4249,49.3,D
sh688297,中无人机,2025-10-16 14:51:27,49.29,4219,49.29,U
sh688297,中无人机,2025-10-16 14:51:39,49.3,9927,49.29,U
sh688297,中无人机,2025-10-16 14:52:33,49.35,8836,49.33,U
sh688297,中无人机,2025-10-16 14:52:54,49.34,13538,49.32,U
sh688297,中无人机,2025-10-16 14:53:15,49.34,4967,49.34,D
sh688297,中无人机,2025-10-16 14:53:45,49.34,6405,49.34,D
sh688297,中无人机,2025-10-16 14:53:54,49.31,7282,49.34,D
sh688297,中无人机,2025-10-16 14:54:03,49.3,4061,49.3,D
sh688297,中无人机,2025-10-16 14:54:18,49.27,16941,49.34,D
sh688297,中无人机,2025-10-16 14:54:42,49.26,9005,49.27,D
sh688297,中无人机,2025-10-16 14:54:48,49.27,8187,49.26,U
sh688297,中无人机,2025-10-16 14:54:51,49.26,5442,49.27,E
sh688297,中无人机,2025-10-16 14:55:00,49.26,7219,49.26,D
sh688297,中无人机,2025-10-16 14:55:06,49.31,4735,49.26,U
sh688297,中无人机,2025-10-16 14:55:12,49.31,6053,49.33,D
sh688297,中无人机,2025-10-16 14:55:27,49.35,28200,49.35,U
sh688297,中无人机,2025-10-16 14:55:51,49.27,5200,49.27,U
sh688297,中无人机,2025-10-16 14:56:09,49.31,7431,49.27,U
sh688297,中无人机,2025-10-16 15:00:03,49.38,54953,49.32,U
