symbol,name,ticktime,price,volume,prev_price,kind
sh688297,中无人机,2025-10-09 09:25:01,51.01,357647,0.0,U
sh688297,中无人机,2025-10-09 09:30:03,51.28,31617,51.18,U
sh688297,中无人机,2025-10-09 09:30:06,51.1,32384,51.28,D
sh688297,中无人机,2025-10-09 09:30:09,51.13,14360,51.1,U
sh688297,中无人机,2025-10-09 09:30:12,51.2,43188,51.13,U
sh688297,中无人机,2025-10-09 09:30:15,51.11,28706,51.2,U
sh688297,中无人机,2025-10-09 09:30:18,51.1,42005,51.11,D
sh688297,中无人机,2025-10-09 09:30:21,51.02,38864,51.1,D
sh688297,中无人机,2025-10-09 09:30:24,51.03,68590,51.02,D
sh688297,中无人机,2025-10-09 09:30:27,51.15,46151,51.03,U
sh688297,中无人机,2025-10-09 09:30:30,51.08,65145,51.15,D
sh688297,中无人机,2025-10-09 09:30:33,51.02,42602,51.08,D
sh688297,中无人机,2025-10-09 09:30:36,51.02,32812,51.02,D
sh688297,中无人机,2025-10-09 09:30:39,51.02,51344,51.02,D
sh688297,中无人机,2025-10-09 09:30:42,51.18,56692,51.02,U
sh688297,中无人机,2025-10-09 09:30:45,51.01,22792,51.18,D
sh688297,中无人机,2025-10-09 09:30:48,51.01,18011,51.01,U
sh688297,中无人机,2025-10-09 09:30:51,51.05,63690,51.01,U
sh688297,中无人机,2025-10-09 09:30:54,51.0,63943,51.05,D
sh688297,中无人机,2025-10-09 09:30:57,51.01,47219,51.0,E
sh688297,中无人机,2025-10-09 09:31:00,50.99,35117,51.01,D
sh688297,中无人机,2025-10-09 09:31:03,50.92,22866,50.99,E
sh688297,中无人机,2025-10-09 09:31:06,50.88,7561,50.92,D
sh688297,中无人机,2025-10-09 09:31:09,50.86,8157,50.88,D
sh688297,中无人机,2025-10-09 09:31:12,50.8,60988,50.86,D
sh688297,中无人机,2025-10-09 09:31:15,50.68,40155,50.8,D
sh688297,中无人机,2025-10-09 09:31:18,50.63,42301,50.68,E
sh688297,中无人机,2025-10-09 09:31:24,50.49,21693,50.49,U
sh688297,中无人机,2025-10-09 09:31:27,50.5,17399,50.49,E
sh688297,中无人机,2025-10-09 09:31:30,50.49,25454,50.5,D
sh688297,中无人机,2025-10-09 09:31:33,50.52,30779,50.49,E
sh688297,中无人机,2025-10-09 09:31:36,50.52,10018,50.52,D
sh688297,中无人机,2025-10-09 09:31:42,50.71,17232,50.7,U
sh688297,中无人机,2025-10-09 09:31:45,50.71,8544,50.71,U
sh688297,中无人机,2025-10-09 09:31:48,50.7,6332,50.71,D
sh688297,中无人机,2025-10-09 09:31:51,50.7,4839,50.7,D
sh688297,中无人机,2025-10-09 09:31:54,50.79,10453,50.7,U
sh688297,中无人机,2025-10-09 09:31:57,50.79,11584,50.79,D
sh688297,中无人机,2025-10-09 09:32:03,50.8,14187,50.8,U
sh688297,中无人机,2025-10-09 09:32:06,50.8,25770,50.8,D
sh688297,中无人机,2025-10-09 09:32:09,50.79,28750,50.8,D
sh688297,中无人机,2025-10-09 09:32:12,50.78,12747,50.79,D
sh688297,中无人机,2025-10-09 09:32:15,50.86,38788,50.78,U
sh688297,中无人机,2025-10-09 09:32:21,50.86,7905,50.86,D
sh688297,中无人机,2025-10-09 09:32:27,50.9,27697,50.89,U
sh688297,中无人机,2025-10-09 09:32:30,50.8,50327,50.9,D
sh688297,中无人机,2025-10-09 09:32:33,50.8,13935,50.8,D
sh688297,中无人机,2025-10-09 09:32:36,50.72,8100,50.8,D
sh688297,中无人机,2025-10-09 09:32:39,50.68,25591,50.72,D
sh688297,中无人机,2025-10-09 09:32:42,50.6,33685,50.68,D
sh688297,中无人机,2025-10-09 09:32:45,50.72,53528,50.6,U
sh688297,中无人机,2025-10-09 09:32:51,50.8,18692,50.72,U
sh688297,中无人机,2025-10-09 09:32:54,50.88,6413,50.8,U
sh688297,中无人机,2025-10-09 09:32:57,50.81,32491,50.88,D
sh688297,中无人机,2025-10-09 09:33:00,50.8,7900,50.81,D
sh688297,中无人机,2025-10-09 09:33:03,50.86,8208,50.8,U
sh688297,中无人机,2025-10-09 09:33:06,50.73,11500,50.86,D
sh688297,中无人机,2025-10-09 09:33:09,50.85,10900,50.73,U
sh688297,中无人机,2025-10-09 09:33:12,50.86,10297,50.85,U
sh688297,中无人机,2025-10-09 09:33:15,50.86,14285,50.86,D
sh688297,中无人机,2025-10-09 09:33:21,50.87,32143,50.85,U
sh688297,中无人机,2025-10-09 09:33:24,50.86,19885,50.87,D
sh688297,中无人机,2025-10-09 09:33:30,50.95,4382,50.93,U
sh688297,中无人机,2025-10-09 09:33:33,51.0,30288,50.95,U
sh688297,中无人机,2025-10-09 09:33:36,51.02,3977,51.0,U
sh688297,中无人机,2025-10-09 09:33:39,51.03,25168,51.02,U
sh688297,中无人机,2025-10-09 09:33:42,51.09,13700,51.03,U
sh688297,中无人机,2025-10-09 09:33:51,51.18,10400,51.18,U
sh688297,中无人机,2025-10-09 09:33:54,51.1,4500,51.18,D
sh688297,中无人机,2025-10-09 09:33:57,51.1,5043,51.1,U
sh688297,中无人机,2025-10-09 09:34:03,51.11,8814,51.11,U
sh688297,中无人机,2025-10-09 09:34:09,51.12,12063,51.11,U
sh688297,中无人机,2025-10-09 09:34:12,51.12,19895,51.12,D
sh688297,中无人机,2025-10-09 09:34:15,51.13,19280,51.12,E
sh688297,中无人机,2025-10-09 09:34:18,51.12,11065,51.13,D
sh688297,中无人机,2025-10-09 09:34:21,51.15,27744,51.12,U
sh688297,中无人机,2025-10-09 09:34:24,51.16,10386,51.15,U
sh688297,中无人机,2025-10-09 09:34:27,51.17,5970,51.16,U
sh688297,中无人机,2025-10-09 09:34:33,51.17,5000,51.15,U
sh688297,中无人机,2025-10-09 09:34:36,51.18,4537,51.17,U
sh688297,中无人机,2025-10-09 09:34:39,51.18,11357,51.18,U
sh688297,中无人机,2025-10-09 09:34:42,51.18,21478,51.18,U
sh688297,中无人机,2025-10-09 09:34:45,51.19,13477,51.18,U
sh688297,中无人机,2025-10-09 09:34:48,51.14,33349,51.19,D
sh688297,中无人机,2025-10-09 09:34:51,51.18,10700,51.14,U
sh688297,中无人机,2025-10-09 09:34:54,51.29,133408,51.18,U
sh688297,中无人机,2025-10-09 09:34:57,51.29,15779,51.29,D
sh688297,中无人机,2025-10-09 09:35:00,51.35,7300,51.29,U
sh688297,中无人机,2025-10-09 09:35:06,51.22,5523,51.28,D
sh688297,中无人机,2025-10-09 09:35:09,51.22,17437,51.22,D
sh688297,中无人机,2025-10-09 09:35:12,51.22,13492,51.22,D
sh688297,中无人机,2025-10-09 09:35:15,51.04,20561,51.22,D
sh688297,中无人机,2025-10-09 09:35:18,51.05,17370,51.04,U
sh688297,中无人机,2025-10-09 09:35:24,51.22,4068,51.22,U
sh688297,中无人机,2025-10-09 09:35:27,51.12,10200,51.22,E
sh688297,中无人机,2025-10-09 09:35:30,51.1,12691,51.12,D
sh688297,中无人机,2025-10-09 09:35:36,51.06,16777,51.06,U
sh688297,中无人机,2025-10-09 09:35:39,51.1,11257,51.06,U
sh688297,中无人机,2025-10-09 09:35:45,51.08,12843,51.06,U
sh688297,中无人机,2025-10-09 09:35:57,51.21,5636,51.17,U
sh688297,中无人机,2025-10-09 09:36:03,51.22,13756,51.21,U
sh688297,中无人机,2025-10-09 09:36:09,51.24,32039,51.17,U
sh688297,中无人机,2025-10-09 09:36:12,51.27,18474,51.24,E
sh688297,中无人机,2025-10-09 09:36:24,51.3,9068,51.27,U
sh688297,中无人机,2025-10-09 09:36:27,51.38,39449,51.3,U
sh688297,中无人机,2025-10-09 09:36:30,51.3,17032,51.38,D
sh688297,中无人机,2025-10-09 09:36:33,51.4,7100,51.3,E
sh688297,中无人机,2025-10-09 09:36:39,51.4,13264,51.44,D
sh688297,中无人机,2025-10-09 09:36:42,51.44,23466,51.4,U
sh688297,中无人机,2025-10-09 09:36:45,51.41,14281,51.44,D
sh688297,中无人机,2025-10-09 09:36:48,51.5,59185,51.41,U
sh688297,中无人机,2025-10-09 09:36:51,51.44,13218,51.5,D
sh688297,中无人机,2025-10-09 09:36:57,51.51,12511,51.49,U
sh688297,中无人机,2025-10-09 09:37:00,51.51,15537,51.51,U
sh688297,中无人机,2025-10-09 09:37:03,51.51,6791,51.51,U
sh688297,中无人机,2025-10-09 09:37:06,51.51,15984,51.51,U
sh688297,中无人机,2025-10-09 09:37:09,51.51,19336,51.51,U
sh688297,中无人机,2025-10-09 09:37:12,51.53,5117,51.51,U
sh688297,中无人机,2025-10-09 09:37:15,51.45,124141,51.53,D
sh688297,中无人机,2025-10-09 09:37:18,51.44,6969,51.45,E
sh688297,中无人机,2025-10-09 09:37:21,51.42,4342,51.44,E
sh688297,中无人机,2025-10-09 09:37:24,51.3,15499,51.42,D
sh688297,中无人机,2025-10-09 09:37:27,51.34,8253,51.3,U
sh688297,中无人机,2025-10-09 09:37:30,51.3,12702,51.34,E
sh688297,中无人机,2025-10-09 09:37:33,51.35,11526,51.3,U
sh688297,中无人机,2025-10-09 09:37:36,51.34,6180,51.35,D
sh688297,中无人机,2025-10-09 09:37:42,51.34,6034,51.31,U
sh688297,中无人机,2025-10-09 09:37:45,51.3,63963,51.34,D
sh688297,中无人机,2025-10-09 09:37:48,51.3,36596,51.3,D
sh688297,中无人机,2025-10-09 09:37:51,51.25,10655,51.3,E
sh688297,中无人机,2025-10-09 09:38:00,51.15,6000,51.25,D
sh688297,中无人机,2025-10-09 09:38:03,51.06,54946,51.15,D
sh688297,中无人机,2025-10-09 09:38:12,51.06,6304,51.06,U
sh688297,中无人机,2025-10-09 09:38:27,51.03,7415,51.03,D
sh688297,中无人机,2025-10-09 09:38:30,51.03,4046,51.03,U
sh688297,中无人机,2025-10-09 09:38:33,51.01,5372,51.03,D
sh688297,中无人机,2025-10-09 09:38:36,51.06,21815,51.01,U
sh688297,中无人机,2025-10-09 09:38:39,51.1,8452,51.06,U
sh688297,中无人机,2025-10-09 09:38:48,51.11,5782,51.17,D
sh688297,中无人机,2025-10-09 09:39:06,51.08,10824,51.08,D
sh688297,中无人机,2025-10-09 09:39:09,51.09,4000,51.08,E
sh688297,中无人机,2025-10-09 09:39:12,51.05,6954,51.09,D
sh688297,中无人机,2025-10-09 09:39:15,51.07,4500,51.05,U
sh688297,中无人机,2025-10-09 09:39:21,51.06,4400,51.05,U
sh688297,中无人机,2025-10-09 09:39:24,51.03,16246,51.06,D
sh688297,中无人机,2025-10-09 09:39:30,51.03,7917,51.01,U
sh688297,中无人机,2025-10-09 09:39:33,51.09,17667,51.03,U
sh688297,中无人机,2025-10-09 09:39:51,51.06,4435,51.06,D
sh688297,中无人机,2025-10-09 09:40:00,51.03,4591,51.04,E
sh688297,中无人机,2025-10-09 09:40:09,51.06,12994,51.03,U
sh688297,中无人机,2025-10-09 09:40:15,51.08,13841,51.08,E
sh688297,中无人机,2025-10-09 09:40:24,51.08,43713,51.08,D
sh688297,中无人机,2025-10-09 09:40:30,51.09,4871,51.08,U
sh688297,中无人机,2025-10-09 09:40:36,51.1,4017,51.1,U
sh688297,中无人机,2025-10-09 09:41:00,51.14,6533,51.14,D
sh688297,中无人机,2025-10-09 09:41:15,51.13,10171,51.15,D
sh688297,中无人机,2025-10-09 09:41:30,51.15,8943,51.15,E
sh688297,中无人机,2025-10-09 09:41:33,51.17,5191,51.15,U
sh688297,中无人机,2025-10-09 09:41:36,51.17,14400,51.17,D
sh688297,中无人机,2025-10-09 09:41:42,51.16,5457,51.17,E
sh688297,中无人机,2025-10-09 09:41:45,51.17,8166,51.16,U
sh688297,中无人机,2025-10-09 09:41:51,51.17,4400,51.17,D
sh688297,中无人机,2025-10-09 09:41:54,51.2,8207,51.17,U
sh688297,中无人机,2025-10-09 09:41:57,51.21,5520,51.2,U
sh688297,中无人机,2025-10-09 09:42:00,51.22,11945,51.21,D
sh688297,中无人机,2025-10-09 09:42:12,51.19,89125,51.24,D
sh688297,中无人机,2025-10-09 09:42:15,51.22,11436,51.19,U
sh688297,中无人机,2025-10-09 09:42:18,51.21,6745,51.22,U
sh688297,中无人机,2025-10-09 09:42:24,51.2,8001,51.18,U
sh688297,中无人机,2025-10-09 09:42:30,51.2,4333,51.2,U
sh688297,中无人机,2025-10-09 09:42:33,51.2,5653,51.2,U
sh688297,中无人机,2025-10-09 09:42:36,51.16,15090,51.2,D
sh688297,中无人机,2025-10-09 09:42:42,51.15,4777,51.18,D
sh688297,中无人机,2025-10-09 09:42:48,51.12,6036,51.14,D
sh688297,中无人机,2025-10-09 09:42:51,51.08,7463,51.12,D
sh688297,中无人机,2025-10-09 09:43:06,51.01,5375,51.03,D
sh688297,中无人机,2025-10-09 09:43:09,51.0,28898,51.01,D
sh688297,中无人机,2025-10-09 09:43:15,50.92,4514,50.92,D
sh688297,中无人机,2025-10-09 09:43:30,50.82,6524,50.87,D
sh688297,中无人机,2025-10-09 09:43:33,50.8,8491,50.82,D
sh688297,中无人机,2025-10-09 09:43:36,50.8,22065,50.8,U
sh688297,中无人机,2025-10-09 09:43:39,50.8,6989,50.8,D
sh688297,中无人机,2025-10-09 09:43:42,50.8,20133,50.8,D
sh688297,中无人机,2025-10-09 09:43:45,50.8,8048,50.8,U
sh688297,中无人机,2025-10-09 09:43:48,50.85,4964,50.8,U
sh688297,中无人机,2025-10-09 09:43:51,50.8,6344,50.85,D
sh688297,中无人机,2025-10-09 09:44:03,50.8,4200,50.8,U
sh688297,中无人机,2025-10-09 09:44:06,50.8,5621,50.8,U
sh688297,中无人机,2025-10-09 09:44:09,50.78,18009,50.8,D
sh688297,中无人机,2025-10-09 09:44:21,50.79,4289,50.79,D
sh688297,中无人机,2025-10-09 09:44:36,50.76,4085,50.76,D
sh688297,中无人机,2025-10-09 09:44:39,50.75,25490,50.76,D
sh688297,中无人机,2025-10-09 09:44:42,50.7,45819,50.75,D
sh688297,中无人机,2025-10-09 09:44:57,50.67,8200,50.7,D
sh688297,中无人机,2025-10-09 09:45:03,50.7,14166,50.7,U
sh688297,中无人机,2025-10-09 09:45:06,50.6,13338,50.7,D
sh688297,中无人机,2025-10-09 09:45:12,50.66,4451,50.66,U
sh688297,中无人机,2025-10-09 09:45:15,50.66,11464,50.66,U
sh688297,中无人机,2025-10-09 09:45:18,50.63,6925,50.66,U
sh688297,中无人机,2025-10-09 09:45:24,50.6,4076,50.63,D
sh688297,中无人机,2025-10-09 09:45:36,50.55,7200,50.56,D
sh688297,中无人机,2025-10-09 09:45:45,50.54,10981,50.55,D
sh688297,中无人机,2025-10-09 09:45:48,50.53,4021,50.54,D
sh688297,中无人机,2025-10-09 09:45:51,50.53,11664,50.53,D
sh688297,中无人机,2025-10-09 09:45:54,50.54,20910,50.53,U
sh688297,中无人机,2025-10-09 09:46:00,50.49,4658,50.52,D
sh688297,中无人机,2025-10-09 09:46:06,50.5,8890,50.49,U
sh688297,中无人机,2025-10-09 09:46:09,50.5,7897,50.5,D
sh688297,中无人机,2025-10-09 09:46:15,50.45,6256,50.5,D
sh688297,中无人机,2025-10-09 09:46:24,50.43,8263,50.45,D
sh688297,中无人机,2025-10-09 09:46:27,50.42,25724,50.43,D
sh688297,中无人机,2025-10-09 09:46:30,50.42,5100,50.42,U
sh688297,中无人机,2025-10-09 09:46:39,50.39,29346,50.34,U
sh688297,中无人机,2025-10-09 09:46:42,50.31,30911,50.39,D
sh688297,中无人机,2025-10-09 09:46:45,50.3,4677,50.31,D
sh688297,中无人机,2025-10-09 09:46:48,50.34,11696,50.3,U
sh688297,中无人机,2025-10-09 09:46:51,50.3,7374,50.34,D
sh688297,中无人机,2025-10-09 09:46:54,50.32,9281,50.3,E
sh688297,中无人机,2025-10-09 09:46:57,50.43,32745,50.32,U
sh688297,中无人机,2025-10-09 09:47:00,50.44,17256,50.43,D
sh688297,中无人机,2025-10-09 09:47:03,50.45,6390,50.44,E
sh688297,中无人机,2025-10-09 09:47:09,50.55,12636,50.53,U
sh688297,中无人机,2025-10-09 09:47:12,50.54,5464,50.55,D
sh688297,中无人机,2025-10-09 09:47:15,50.6,33782,50.54,U
sh688297,中无人机,2025-10-09 09:47:21,50.58,9014,50.58,U
sh688297,中无人机,2025-10-09 09:47:24,50.58,11500,50.58,D
sh688297,中无人机,2025-10-09 09:47:27,50.53,16763,50.58,D
sh688297,中无人机,2025-10-09 09:47:30,50.67,8317,50.53,U
sh688297,中无人机,2025-10-09 09:47:36,50.52,4245,50.6,D
sh688297,中无人机,2025-10-09 09:47:39,50.53,8604,50.52,U
sh688297,中无人机,2025-10-09 09:47:48,50.52,4400,50.53,D
sh688297,中无人机,2025-10-09 09:47:54,50.6,5430,50.58,U
sh688297,中无人机,2025-10-09 09:48:03,50.65,6040,50.58,U
sh688297,中无人机,2025-10-09 09:48:15,50.65,4967,50.65,D
sh688297,中无人机,2025-10-09 09:48:21,50.69,18741,50.65,U
sh688297,中无人机,2025-10-09 09:48:27,50.63,48220,50.69,D
sh688297,中无人机,2025-10-09 09:48:30,50.58,10586,50.63,D
sh688297,中无人机,2025-10-09 09:48:33,50.6,10292,50.58,D
sh688297,中无人机,2025-10-09 09:48:39,50.58,32052,50.62,D
sh688297,中无人机,2025-10-09 09:48:42,50.54,8752,50.58,D
sh688297,中无人机,2025-10-09 09:48:51,50.51,6285,50.52,D
sh688297,中无人机,2025-10-09 09:48:54,50.5,5450,50.51,D
sh688297,中无人机,2025-10-09 09:48:57,50.51,10891,50.5,U
sh688297,中无人机,2025-10-09 09:49:00,50.5,4877,50.51,D
sh688297,中无人机,2025-10-09 09:49:03,50.5,10821,50.5,D
sh688297,中无人机,2025-10-09 09:49:06,50.5,17987,50.5,U
sh688297,中无人机,2025-10-09 09:49:15,50.43,5056,50.47,D
sh688297,中无人机,2025-10-09 09:49:24,50.42,11131,50.46,D
sh688297,中无人机,2025-10-09 09:49:27,50.41,4603,50.42,D
sh688297,中无人机,2025-10-09 09:49:30,50.41,8576,50.41,D
sh688297,中无人机,2025-10-09 09:49:48,50.33,8267,50.39,D
sh688297,中无人机,2025-10-09 09:49:51,50.35,13378,50.33,U
sh688297,中无人机,2025-10-09 09:49:54,50.33,7073,50.35,D
sh688297,中无人机,2025-10-09 09:50:00,50.34,8239,50.32,U
sh688297,中无人机,2025-10-09 09:50:03,50.29,8601,50.34,D
sh688297,中无人机,2025-10-09 09:50:06,50.36,26352,50.29,U
sh688297,中无人机,2025-10-09 09:50:09,50.38,4237,50.36,U
sh688297,中无人机,2025-10-09 09:50:18,50.32,20463,50.4,D
sh688297,中无人机,2025-10-09 09:50:21,50.38,4219,50.32,U
sh688297,中无人机,2025-10-09 09:50:30,50.39,6324,50.38,D
sh688297,中无人机,2025-10-09 09:50:36,50.31,6750,50.39,D
sh688297,中无人机,2025-10-09 09:50:48,50.42,5900,50.4,U
sh688297,中无人机,2025-10-09 09:50:54,50.4,5871,50.4,U
sh688297,中无人机,2025-10-09 09:51:06,50.45,16291,50.45,U
sh688297,中无人机,2025-10-09 09:51:12,50.45,5787,50.45,D
sh688297,中无人机,2025-10-09 09:51:30,50.4,7878,50.34,U
sh688297,中无人机,2025-10-09 09:51:33,50.4,7231,50.4,D
sh688297,中无人机,2025-10-09 09:51:39,50.4,13040,50.4,D
sh688297,中无人机,2025-10-09 09:51:42,50.35,4669,50.4,D
sh688297,中无人机,2025-10-09 09:52:00,50.47,10117,50.42,U
sh688297,中无人机,2025-10-09 09:52:06,50.48,20783,50.48,D
sh688297,中无人机,2025-10-09 09:52:24,50.51,8536,50.48,U
sh688297,中无人机,2025-10-09 09:52:30,50.45,5760,50.5,D
sh688297,中无人机,2025-10-09 09:52:36,50.43,3978,50.42,U
sh688297,中无人机,2025-10-09 09:53:03,50.56,14075,50.48,U
sh688297,中无人机,2025-10-09 09:53:06,50.53,17800,50.56,D
sh688297,中无人机,2025-10-09 09:53:09,50.6,5172,50.53,U
sh688297,中无人机,2025-10-09 09:53:33,50.68,11500,50.68,D
sh688297,中无人机,2025-10-09 09:53:42,50.7,4778,50.7,U
sh688297,中无人机,2025-10-09 09:53:48,50.71,3970,50.68,U
sh688297,中无人机,2025-10-09 09:54:00,50.75,6278,50.71,U
sh688297,中无人机,2025-10-09 09:54:12,50.64,17224,50.72,D
sh688297,中无人机,2025-10-09 09:54:18,50.57,14763,50.6,D
sh688297,中无人机,2025-10-09 09:54:45,50.53,15200,50.57,D
sh688297,中无人机,2025-10-09 09:54:48,50.6,5500,50.53,U
sh688297,中无人机,2025-10-09 09:54:54,50.51,5761,50.53,D
sh688297,中无人机,2025-10-09 09:54:57,50.48,13522,50.51,D
sh688297,中无人机,2025-10-09 09:55:24,50.43,9058,50.43,U
sh688297,中无人机,2025-10-09 09:55:33,50.43,4780,50.48,D
sh688297,中无人机,2025-10-09 09:56:00,50.45,4941,50.48,D
sh688297,中无人机,2025-10-09 09:56:03,50.43,6611,50.45,D
sh688297,中无人机,2025-10-09 09:56:09,50.45,9612,50.45,D
sh688297,中无人机,2025-10-09 09:56:45,50.34,13164,50.38,D
sh688297,中无人机,2025-10-09 09:56:48,50.34,6343,50.34,D
sh688297,中无人机,2025-10-09 09:57:00,50.32,5634,50.36,D
sh688297,中无人机,2025-10-09 09:57:21,50.38,7809,50.37,U
sh688297,中无人机,2025-10-09 09:57:30,50.45,29611,50.41,U
sh688297,中无人机,2025-10-09 09:57:33,50.4,19380,50.45,D
sh688297,中无人机,2025-10-09 09:57:51,50.45,4511,50.45,U
sh688297,中无人机,2025-10-09 09:58:30,50.54,11620,50.51,U
sh688297,中无人机,2025-10-09 09:58:36,50.56,24814,50.54,U
sh688297,中无人机,2025-10-09 09:58:54,50.56,6500,50.56,D
sh688297,中无人机,2025-10-09 09:59:00,50.57,5200,50.56,U
sh688297,中无人机,2025-10-09 09:59:03,50.6,6475,50.57,U
sh688297,中无人机,2025-10-09 09:59:21,50.72,5546,50.72,U
sh688297,中无人机,2025-10-09 09:59:39,50.74,7793,50.75,D
sh688297,中无人机,2025-10-09 09:59:42,50.74,5600,50.74,U
sh688297,中无人机,2025-10-09 09:59:48,50.75,5500,50.74,U
sh688297,中无人机,2025-10-09 09:59:51,50.7,4512,50.75,E
sh688297,中无人机,2025-10-09 10:00:00,50.6,6179,50.6,U
sh688297,中无人机,2025-10-09 10:00:03,50.6,8897,50.6,D
sh688297,中无人机,2025-10-09 10:00:06,50.6,8874,50.6,U
sh688297,中无人机,2025-10-09 10:00:51,50.6,4884,50.62,D
sh688297,中无人机,2025-10-09 10:00:57,50.57,16350,50.61,D
sh688297,中无人机,2025-10-09 10:01:00,50.54,5125,50.57,D
sh688297,中无人机,2025-10-09 10:01:06,50.54,3993,50.54,U
sh688297,中无人机,2025-10-09 10:01:39,50.56,8161,50.54,U
sh688297,中无人机,2025-10-09 10:01:48,50.6,4390,50.56,U
sh688297,中无人机,2025-10-09 10:02:06,50.65,4929,50.62,U
sh688297,中无人机,2025-10-09 10:02:09,50.59,10132,50.65,D
sh688297,中无人机,2025-10-09 10:02:12,50.54,5271,50.59,D
sh688297,中无人机,2025-10-09 10:02:54,50.7,6230,50.7,U
sh688297,中无人机,2025-10-09 10:03:51,50.73,6914,50.74,D
sh688297,中无人机,2025-10-09 10:03:54,50.8,51847,50.73,U
sh688297,中无人机,2025-10-09 10:03:57,50.83,18064,50.8,U
sh688297,中无人机,2025-10-09 10:04:00,50.81,4885,50.83,D
sh688297,中无人机,2025-10-09 10:04:09,50.81,7796,50.83,D
sh688297,中无人机,2025-10-09 10:04:18,50.84,24191,50.81,E
sh688297,中无人机,2025-10-09 10:04:54,50.9,18584,50.86,U
sh688297,中无人机,2025-10-09 10:05:24,50.92,8771,50.93,D
sh688297,中无人机,2025-10-09 10:05:30,50.84,5116,50.9,D
sh688297,中无人机,2025-10-09 10:05:33,50.84,4584,50.84,D
sh688297,中无人机,2025-10-09 10:06:57,50.9,4827,50.9,U
sh688297,中无人机,2025-10-09 10:07:12,50.92,8156,50.91,U
sh688297,中无人机,2025-10-09 10:07:18,50.89,10586,50.9,D
sh688297,中无人机,2025-10-09 10:07:21,50.88,5163,50.89,D
sh688297,中无人机,2025-10-09 10:07:33,50.9,5035,50.89,U
sh688297,中无人机,2025-10-09 10:07:39,50.89,9841,50.9,D
sh688297,中无人机,2025-10-09 10:07:48,50.86,6951,50.89,D
sh688297,中无人机,2025-10-09 10:08:09,50.86,7825,50.86,U
sh688297,中无人机,2025-10-09 10:08:12,50.85,5639,50.86,D
sh688297,中无人机,2025-10-09 10:08:24,50.81,11546,50.85,D
sh688297,中无人机,2025-10-09 10:08:57,50.84,24285,50.73,U
sh688297,中无人机,2025-10-09 10:09:03,50.84,13612,50.84,D
sh688297,中无人机,2025-10-09 10:09:09,50.86,6378,50.86,U
sh688297,中无人机,2025-10-09 10:09:24,50.83,7853,50.85,D
sh688297,中无人机,2025-10-09 10:09:57,50.81,7727,50.78,U
sh688297,中无人机,2025-10-09 10:10:06,50.82,4317,50.8,U
sh688297,中无人机,2025-10-09 10:10:09,50.97,85013,50.82,U
sh688297,中无人机,2025-10-09 10:10:12,50.99,7878,50.97,U
sh688297,中无人机,2025-10-09 10:10:24,50.99,4537,51.0,D
sh688297,中无人机,2025-10-09 10:10:33,51.0,6375,50.99,U
sh688297,中无人机,2025-10-09 10:10:48,50.98,4121,50.99,D
sh688297,中无人机,2025-10-09 10:10:51,50.98,6190,50.98,U
sh688297,中无人机,2025-10-09 10:11:09,50.99,16310,50.97,U
sh688297,中无人机,2025-10-09 10:11:12,51.02,55647,50.99,U
sh688297,中无人机,2025-10-09 10:11:51,51.05,8250,51.05,U
sh688297,中无人机,2025-10-09 10:11:57,51.04,5905,51.06,D
sh688297,中无人机,2025-10-09 10:12:00,51.06,10210,51.04,U
sh688297,中无人机,2025-10-09 10:12:09,51.06,11007,51.05,U
sh688297,中无人机,2025-10-09 10:12:48,51.05,4201,51.04,U
sh688297,中无人机,2025-10-09 10:12:54,51.05,16608,51.04,U
sh688297,中无人机,2025-10-09 10:12:57,51.03,4306,51.05,D
sh688297,中无人机,2025-10-09 10:13:09,51.08,6259,51.07,U
sh688297,中无人机,2025-10-09 10:13:57,51.07,8558,51.08,D
sh688297,中无人机,2025-10-09 10:14:06,51.0,10892,51.08,D
sh688297,中无人机,2025-10-09 10:14:09,51.08,5955,51.0,U
sh688297,中无人机,2025-10-09 10:15:09,51.08,14044,51.04,U
sh688297,中无人机,2025-10-09 10:15:42,51.08,4848,51.07,U
sh688297,中无人机,2025-10-09 10:15:48,51.09,5688,51.08,U
sh688297,中无人机,2025-10-09 10:15:51,51.1,8189,51.09,U
sh688297,中无人机,2025-10-09 10:16:09,51.16,12100,51.15,U
sh688297,中无人机,2025-10-09 10:16:24,51.2,10874,51.19,U
sh688297,中无人机,2025-10-09 10:16:27,51.19,4700,51.2,D
sh688297,中无人机,2025-10-09 10:16:45,51.26,21290,51.23,U
sh688297,中无人机,2025-10-09 10:17:09,51.28,16266,51.26,U
sh688297,中无人机,2025-10-09 10:17:21,51.29,6459,51.28,U
sh688297,中无人机,2025-10-09 10:17:24,51.28,13511,51.29,D
sh688297,中无人机,2025-10-09 10:17:33,51.3,6544,51.29,U
sh688297,中无人机,2025-10-09 10:17:51,51.26,18398,51.28,D
sh688297,中无人机,2025-10-09 10:17:54,51.25,13729,51.26,D
sh688297,中无人机,2025-10-09 10:17:57,51.27,16185,51.25,U
sh688297,中无人机,2025-10-09 10:18:09,51.25,8627,51.25,D
sh688297,中无人机,2025-10-09 10:18:33,51.21,4946,51.21,D
sh688297,中无人机,2025-10-09 10:18:48,51.2,5728,51.18,U
sh688297,中无人机,2025-10-09 10:19:06,51.15,8807,51.15,D
sh688297,中无人机,2025-10-09 10:19:09,51.14,5808,51.15,D
sh688297,中无人机,2025-10-09 10:19:12,51.15,16677,51.14,U
sh688297,中无人机,2025-10-09 10:19:15,51.13,5518,51.15,D
sh688297,中无人机,2025-10-09 10:19:24,51.15,7940,51.15,U
sh688297,中无人机,2025-10-09 10:19:27,51.12,4297,51.15,D
sh688297,中无人机,2025-10-09 10:19:57,51.1,14946,51.11,D
sh688297,中无人机,2025-10-09 10:20:00,51.14,23904,51.1,U
sh688297,中无人机,2025-10-09 10:20:03,51.14,5006,51.14,U
sh688297,中无人机,2025-10-09 10:20:06,51.15,17230,51.14,U
sh688297,中无人机,2025-10-09 10:20:09,51.17,10032,51.15,U
sh688297,中无人机,2025-10-09 10:20:21,51.19,4181,51.19,U
sh688297,中无人机,2025-10-09 10:20:36,51.19,11100,51.19,D
sh688297,中无人机,2025-10-09 10:20:51,51.2,29134,51.19,U
sh688297,中无人机,2025-10-09 10:21:09,51.26,6354,51.24,U
sh688297,中无人机,2025-10-09 10:21:33,51.29,6018,51.28,U
sh688297,中无人机,2025-10-09 10:21:36,51.3,13862,51.29,U
sh688297,中无人机,2025-10-09 10:21:54,51.3,24568,51.3,U
sh688297,中无人机,2025-10-09 10:21:57,51.3,5492,51.3,D
sh688297,中无人机,2025-10-09 10:22:00,51.31,5048,51.3,U
sh688297,中无人机,2025-10-09 10:22:03,51.3,7565,51.31,D
sh688297,中无人机,2025-10-09 10:22:12,51.28,7540,51.24,U
sh688297,中无人机,2025-10-09 10:22:27,51.24,5579,51.24,D
sh688297,中无人机,2025-10-09 10:22:42,51.23,6507,51.24,D
sh688297,中无人机,2025-10-09 10:23:00,51.22,4605,51.21,U
sh688297,中无人机,2025-10-09 10:23:03,51.21,23851,51.22,D
sh688297,中无人机,2025-10-09 10:23:27,51.24,4800,51.25,D
sh688297,中无人机,2025-10-09 10:24:09,51.26,5927,51.22,U
sh688297,中无人机,2025-10-09 10:24:12,51.3,14408,51.26,U
sh688297,中无人机,2025-10-09 10:24:15,51.26,5724,51.3,D
sh688297,中无人机,2025-10-09 10:24:48,51.28,5700,51.28,U
sh688297,中无人机,2025-10-09 10:25:09,51.27,4897,51.27,U
sh688297,中无人机,2025-10-09 10:25:12,51.3,10068,51.27,U
sh688297,中无人机,2025-10-09 10:25:15,51.3,13013,51.3,U
sh688297,中无人机,2025-10-09 10:25:30,51.3,5250,51.29,U
sh688297,中无人机,2025-10-09 10:25:39,51.26,7650,51.28,D
sh688297,中无人机,2025-10-09 10:26:06,51.22,8908,51.26,D
sh688297,中无人机,2025-10-09 10:26:09,51.22,7864,51.22,U
sh688297,中无人机,2025-10-09 10:26:12,51.26,5124,51.22,U
sh688297,中无人机,2025-10-09 10:27:09,51.28,7566,51.26,U
sh688297,中无人机,2025-10-09 10:27:12,51.3,13096,51.28,U
sh688297,中无人机,2025-10-09 10:27:24,51.3,8026,51.3,U
sh688297,中无人机,2025-10-09 10:27:48,51.3,10361,51.3,U
sh688297,中无人机,2025-10-09 10:28:03,51.27,5262,51.3,D
sh688297,中无人机,2025-10-09 10:28:12,51.29,8422,51.27,U
sh688297,中无人机,2025-10-09 10:28:18,51.3,8900,51.31,E
sh688297,中无人机,2025-10-09 10:28:21,51.33,6437,51.3,U
sh688297,中无人机,2025-10-09 10:28:33,51.36,17183,51.34,U
sh688297,中无人机,2025-10-09 10:28:36,51.37,6580,51.36,U
sh688297,中无人机,2025-10-09 10:28:45,51.38,12393,51.37,U
sh688297,中无人机,2025-10-09 10:29:03,51.41,16395,51.4,U
sh688297,中无人机,2025-10-09 10:29:09,51.44,4737,51.42,U
sh688297,中无人机,2025-10-09 10:29:15,51.43,4400,51.45,D
sh688297,中无人机,2025-10-09 10:29:36,51.49,10482,51.48,U
sh688297,中无人机,2025-10-09 10:29:39,51.48,5389,51.49,D
sh688297,中无人机,2025-10-09 10:29:45,51.5,30200,51.48,U
sh688297,中无人机,2025-10-09 10:29:48,51.5,12712,51.5,U
sh688297,中无人机,2025-10-09 10:29:51,51.51,122957,51.5,U
sh688297,中无人机,2025-10-09 10:29:54,51.51,5740,51.51,U
sh688297,中无人机,2025-10-09 10:29:57,51.52,9157,51.51,U
sh688297,中无人机,2025-10-09 10:30:00,51.53,9867,51.52,U
sh688297,中无人机,2025-10-09 10:30:03,51.53,8446,51.53,U
sh688297,中无人机,2025-10-09 10:30:06,51.55,10776,51.53,U
sh688297,中无人机,2025-10-09 10:30:09,51.55,19646,51.55,U
sh688297,中无人机,2025-10-09 10:30:12,51.59,25360,51.55,U
sh688297,中无人机,2025-10-09 10:30:27,51.59,4740,51.59,D
sh688297,中无人机,2025-10-09 10:30:30,51.6,3949,51.59,U
sh688297,中无人机,2025-10-09 10:30:33,51.57,13626,51.6,D
sh688297,中无人机,2025-10-09 10:30:36,51.61,7871,51.57,U
sh688297,中无人机,2025-10-09 10:30:48,51.57,8748,51.6,D
sh688297,中无人机,2025-10-09 10:30:57,51.56,8861,51.58,D
sh688297,中无人机,2025-10-09 10:31:00,51.5,6800,51.56,D
sh688297,中无人机,2025-10-09 10:31:06,51.44,27727,51.46,D
sh688297,中无人机,2025-10-09 10:31:09,51.44,7650,51.44,U
sh688297,中无人机,2025-10-09 10:31:12,51.48,4046,51.44,U
sh688297,中无人机,2025-10-09 10:31:18,51.48,7549,51.5,D
sh688297,中无人机,2025-10-09 10:31:30,51.43,4500,51.44,D
sh688297,中无人机,2025-10-09 10:31:42,51.43,5172,51.43,D
sh688297,中无人机,2025-10-09 10:31:48,51.46,9725,51.43,U
sh688297,中无人机,2025-10-09 10:31:51,51.48,4285,51.46,U
sh688297,中无人机,2025-10-09 10:32:12,51.48,6264,51.45,U
sh688297,中无人机,2025-10-09 10:32:18,51.44,9695,51.45,D
sh688297,中无人机,2025-10-09 10:33:00,51.4,4266,51.36,U
sh688297,中无人机,2025-10-09 10:33:09,51.41,7869,51.4,U
sh688297,中无人机,2025-10-09 10:33:12,51.4,10221,51.41,E
sh688297,中无人机,2025-10-09 10:33:48,51.38,9128,51.4,D
sh688297,中无人机,2025-10-09 10:34:21,51.33,6248,51.33,D
sh688297,中无人机,2025-10-09 10:34:27,51.33,5752,51.33,D
sh688297,中无人机,2025-10-09 10:35:12,51.28,8731,51.28,U
sh688297,中无人机,2025-10-09 10:35:33,51.32,6637,51.29,U
sh688297,中无人机,2025-10-09 10:35:39,51.4,5100,51.32,U
sh688297,中无人机,2025-10-09 10:36:12,51.39,8620,51.36,U
sh688297,中无人机,2025-10-09 10:37:00,51.38,5775,51.37,U
sh688297,中无人机,2025-10-09 10:37:12,51.38,11747,51.37,U
sh688297,中无人机,2025-10-09 10:37:21,51.44,31928,51.38,U
sh688297,中无人机,2025-10-09 10:37:24,51.4,5000,51.44,D
sh688297,中无人机,2025-10-09 10:37:33,51.48,20000,51.45,U
sh688297,中无人机,2025-10-09 10:37:36,51.47,6673,51.48,E
sh688297,中无人机,2025-10-09 10:37:45,51.48,13361,51.45,U
sh688297,中无人机,2025-10-09 10:38:15,51.45,7679,51.48,D
sh688297,中无人机,2025-10-09 10:38:42,51.47,32799,51.46,U
sh688297,中无人机,2025-10-09 10:40:06,51.5,15565,51.51,D
sh688297,中无人机,2025-10-09 10:40:15,51.5,12137,51.5,U
sh688297,中无人机,2025-10-09 10:40:30,51.51,5417,51.51,D
sh688297,中无人机,2025-10-09 10:40:54,51.49,6379,51.5,D
sh688297,中无人机,2025-10-09 10:41:15,51.48,13772,51.48,D
sh688297,中无人机,2025-10-09 10:41:21,51.5,4469,51.5,U
sh688297,中无人机,2025-10-09 10:42:42,51.5,4750,51.5,U
sh688297,中无人机,2025-10-09 10:42:48,51.5,5854,51.5,U
sh688297,中无人机,2025-10-09 10:43:39,51.52,8028,51.51,U
sh688297,中无人机,2025-10-09 10:43:54,51.53,7001,51.53,U
sh688297,中无人机,2025-10-09 10:44:15,51.51,7675,51.51,D
sh688297,中无人机,2025-10-09 10:44:36,51.52,4025,51.53,D
sh688297,中无人机,2025-10-09 10:44:48,51.51,4578,51.51,D
sh688297,中无人机,2025-10-09 10:45:06,51.51,22190,51.52,D
sh688297,中无人机,2025-10-09 10:45:09,51.48,31219,51.51,D
sh688297,中无人机,2025-10-09 10:45:18,51.5,4594,51.5,D
sh688297,中无人机,2025-10-09 10:46:06,51.48,4395,51.46,U
sh688297,中无人机,2025-10-09 10:46:15,51.48,8391,51.47,U
sh688297,中无人机,2025-10-09 10:46:27,51.47,6973,51.48,D
sh688297,中无人机,2025-10-09 10:46:45,51.45,7000,51.46,D
sh688297,中无人机,2025-10-09 10:47:03,51.49,116176,51.45,U
sh688297,中无人机,2025-10-09 10:47:06,51.51,27331,51.49,U
sh688297,中无人机,2025-10-09 10:47:09,51.52,10253,51.51,U
sh688297,中无人机,2025-10-09 10:47:18,51.54,6767,51.52,U
sh688297,中无人机,2025-10-09 10:47:27,51.54,6064,51.54,U
sh688297,中无人机,2025-10-09 10:47:48,51.52,5506,51.52,D
sh688297,中无人机,2025-10-09 10:48:12,51.52,5471,51.52,U
sh688297,中无人机,2025-10-09 10:48:33,51.52,6700,51.53,D
sh688297,中无人机,2025-10-09 10:49:21,51.53,5003,51.53,U
sh688297,中无人机,2025-10-09 10:50:12,51.5,4914,51.53,D
sh688297,中无人机,2025-10-09 10:50:15,51.5,7650,51.5,U
sh688297,中无人机,2025-10-09 10:50:27,51.5,5407,51.5,U
sh688297,中无人机,2025-10-09 10:50:33,51.5,8318,51.49,U
sh688297,中无人机,2025-10-09 10:51:24,51.5,3970,51.5,D
sh688297,中无人机,2025-10-09 10:51:42,51.5,35400,51.48,U
sh688297,中无人机,2025-10-09 10:52:00,51.59,53683,51.53,U
sh688297,中无人机,2025-10-09 10:52:03,51.61,42616,51.59,U
sh688297,中无人机,2025-10-09 10:52:06,51.58,6427,51.61,D
sh688297,中无人机,2025-10-09 10:52:24,51.7,51789,51.65,U
sh688297,中无人机,2025-10-09 10:52:42,51.76,10543,51.75,U
sh688297,中无人机,2025-10-09 10:52:54,51.78,7028,51.77,U
sh688297,中无人机,2025-10-09 10:53:03,51.78,5924,51.79,D
sh688297,中无人机,2025-10-09 10:53:09,51.79,7319,51.79,U
sh688297,中无人机,2025-10-09 10:53:18,51.78,9848,51.77,D
sh688297,中无人机,2025-10-09 10:53:21,51.76,5431,51.78,D
sh688297,中无人机,2025-10-09 10:53:36,51.75,8989,51.74,U
sh688297,中无人机,2025-10-09 10:54:18,51.71,4067,51.65,U
sh688297,中无人机,2025-10-09 10:54:45,51.57,16225,51.65,D
sh688297,中无人机,2025-10-09 10:55:18,51.58,4638,51.58,U
sh688297,中无人机,2025-10-09 10:55:30,51.6,4466,51.58,U
sh688297,中无人机,2025-10-09 10:55:48,51.58,9492,51.58,D
sh688297,中无人机,2025-10-09 10:55:51,51.57,5213,51.58,D
sh688297,中无人机,2025-10-09 10:57:03,51.56,4285,51.56,D
sh688297,中无人机,2025-10-09 10:57:24,51.53,5384,51.54,D
sh688297,中无人机,2025-10-09 10:57:30,51.54,5919,51.54,U
sh688297,中无人机,2025-10-09 10:57:48,51.53,10800,51.54,D
sh688297,中无人机,2025-10-09 10:57:54,51.54,4001,51.53,U
sh688297,中无人机,2025-10-09 10:58:18,51.54,4841,51.53,U
sh688297,中无人机,2025-10-09 10:58:24,51.54,4380,51.54,D
sh688297,中无人机,2025-10-09 11:00:24,51.59,4214,51.6,D
sh688297,中无人机,2025-10-09 11:00:27,51.61,4872,51.59,U
sh688297,中无人机,2025-10-09 11:01:09,51.63,11154,51.61,U
sh688297,中无人机,2025-10-09 11:01:12,51.66,7398,51.63,U
sh688297,中无人机,2025-10-09 11:02:00,51.71,3989,51.7,U
sh688297,中无人机,2025-10-09 11:02:30,51.71,4200,51.71,D
sh688297,中无人机,2025-10-09 11:02:51,51.72,11401,51.72,U
sh688297,中无人机,2025-10-09 11:03:18,51.74,7634,51.73,U
sh688297,中无人机,2025-10-09 11:03:33,51.75,5201,51.74,U
sh688297,中无人机,2025-10-09 11:03:51,51.72,14026,51.74,D
sh688297,中无人机,2025-10-09 11:03:54,51.7,7391,51.72,D
sh688297,中无人机,2025-10-09 11:04:33,51.73,9292,51.73,D
sh688297,中无人机,2025-10-09 11:04:39,51.74,12213,51.73,U
sh688297,中无人机,2025-10-09 11:04:45,51.74,4270,51.73,U
sh688297,中无人机,2025-10-09 11:04:51,51.75,5491,51.74,U
sh688297,中无人机,2025-10-09 11:04:54,51.76,8137,51.75,U
sh688297,中无人机,2025-10-09 11:05:00,51.74,4364,51.76,D
sh688297,中无人机,2025-10-09 11:05:06,51.74,5848,51.76,D
sh688297,中无人机,2025-10-09 11:05:18,51.77,14121,51.77,U
sh688297,中无人机,2025-10-09 11:05:21,51.79,19533,51.77,U
sh688297,中无人机,2025-10-09 11:05:24,51.79,16049,51.79,U
sh688297,中无人机,2025-10-09 11:05:27,51.79,14544,51.79,D
sh688297,中无人机,2025-10-09 11:05:30,51.8,4971,51.79,U
sh688297,中无人机,2025-10-09 11:05:39,51.81,6576,51.8,U
sh688297,中无人机,2025-10-09 11:05:45,51.83,4521,51.81,U
sh688297,中无人机,2025-10-09 11:05:54,51.86,10733,51.83,U
sh688297,中无人机,2025-10-09 11:06:03,51.87,7300,51.88,D
sh688297,中无人机,2025-10-09 11:06:09,51.88,4800,51.88,D
sh688297,中无人机,2025-10-09 11:06:27,51.91,33934,51.9,U
sh688297,中无人机,2025-10-09 11:06:36,51.92,5850,51.92,D
sh688297,中无人机,2025-10-09 11:06:48,51.96,5105,51.94,U
sh688297,中无人机,2025-10-09 11:07:00,51.91,5519,51.95,D
sh688297,中无人机,2025-10-09 11:07:03,51.9,27473,51.91,D
sh688297,中无人机,2025-10-09 11:07:12,51.91,7000,51.83,U
sh688297,中无人机,2025-10-09 11:07:33,51.93,40852,51.92,U
sh688297,中无人机,2025-10-09 11:07:42,51.94,6258,51.94,D
sh688297,中无人机,2025-10-09 11:07:51,51.93,11400,51.94,D
sh688297,中无人机,2025-10-09 11:07:57,51.93,5918,51.93,D
sh688297,中无人机,2025-10-09 11:08:00,51.93,5329,51.93,D
sh688297,中无人机,2025-10-09 11:08:03,51.92,12062,51.93,D
sh688297,中无人机,2025-10-09 11:08:06,51.93,44181,51.92,U
sh688297,中无人机,2025-10-09 11:08:21,51.96,5330,51.9,U
sh688297,中无人机,2025-10-09 11:08:39,51.96,5964,51.95,U
sh688297,中无人机,2025-10-09 11:08:51,51.93,3964,51.95,D
sh688297,中无人机,2025-10-09 11:09:12,51.9,5326,51.9,U
sh688297,中无人机,2025-10-09 11:09:36,51.95,4268,51.95,U
sh688297,中无人机,2025-10-09 11:10:03,51.95,4349,51.94,U
sh688297,中无人机,2025-10-09 11:10:06,51.94,4390,51.95,D
sh688297,中无人机,2025-10-09 11:10:27,51.93,9347,51.94,D
sh688297,中无人机,2025-10-09 11:10:45,51.92,4872,51.93,D
sh688297,中无人机,2025-10-09 11:10:51,51.93,10265,51.91,U
sh688297,中无人机,2025-10-09 11:10:54,51.92,9535,51.93,D
sh688297,中无人机,2025-10-09 11:11:12,51.9,4654,51.9,D
sh688297,中无人机,2025-10-09 11:11:30,51.9,5106,51.91,D
sh688297,中无人机,2025-10-09 11:12:21,51.9,9659,51.88,U
sh688297,中无人机,2025-10-09 11:14:06,51.84,9622,51.85,D
sh688297,中无人机,2025-10-09 11:14:21,51.83,11418,51.8,U
sh688297,中无人机,2025-10-09 11:14:24,51.83,4385,51.83,D
sh688297,中无人机,2025-10-09 11:14:45,51.8,4800,51.78,U
sh688297,中无人机,2025-10-09 11:15:30,51.85,3860,51.86,D
sh688297,中无人机,2025-10-09 11:15:36,51.86,7141,51.85,U
sh688297,中无人机,2025-10-09 11:16:03,51.87,15858,51.87,D
sh688297,中无人机,2025-10-09 11:16:06,51.87,8211,51.87,D
sh688297,中无人机,2025-10-09 11:16:21,51.8,17811,51.86,D
sh688297,中无人机,2025-10-09 11:16:24,51.8,9558,51.8,U
sh688297,中无人机,2025-10-09 11:17:03,51.8,3904,51.85,D
sh688297,中无人机,2025-10-09 11:17:15,51.86,5752,51.82,U
sh688297,中无人机,2025-10-09 11:17:24,51.87,7566,51.87,U
sh688297,中无人机,2025-10-09 11:17:27,51.8,5356,51.87,D
sh688297,中无人机,2025-10-09 11:17:45,51.84,3882,51.84,D
sh688297,中无人机,2025-10-09 11:18:27,51.86,5000,51.86,D
sh688297,中无人机,2025-10-09 11:20:24,51.87,6807,51.86,U
sh688297,中无人机,2025-10-09 11:20:42,51.83,10437,51.84,D
sh688297,中无人机,2025-10-09 11:21:03,51.79,13813,51.8,D
sh688297,中无人机,2025-10-09 11:21:48,51.76,4807,51.76,D
sh688297,中无人机,2025-10-09 11:22:30,51.8,5000,51.81,D
sh688297,中无人机,2025-10-09 11:23:09,51.85,21597,51.82,U
sh688297,中无人机,2025-10-09 11:23:33,51.85,4307,51.86,D
sh688297,中无人机,2025-10-09 11:24:03,51.78,12255,51.81,D
sh688297,中无人机,2025-10-09 11:24:21,51.79,10822,51.79,D
sh688297,中无人机,2025-10-09 11:24:51,51.81,9071,51.8,U
sh688297,中无人机,2025-10-09 11:25:42,51.8,4385,51.79,U
sh688297,中无人机,2025-10-09 11:25:51,51.77,7187,51.8,D
sh688297,中无人机,2025-10-09 11:26:33,51.75,4268,51.77,D
sh688297,中无人机,2025-10-09 11:26:36,51.8,13034,51.75,U
sh688297,中无人机,2025-10-09 11:26:39,51.76,4215,51.8,D
sh688297,中无人机,2025-10-09 11:26:42,51.76,6932,51.76,D
sh688297,中无人机,2025-10-09 11:27:00,51.79,5474,51.78,E
sh688297,中无人机,2025-10-09 11:27:24,51.79,4764,51.79,U
sh688297,中无人机,2025-10-09 11:27:57,51.81,38449,51.79,U
sh688297,中无人机,2025-10-09 11:28:00,51.81,7999,51.81,U
sh688297,中无人机,2025-10-09 11:28:24,51.84,7921,51.86,D
sh688297,中无人机,2025-10-09 11:28:30,51.81,4400,51.85,D
sh688297,中无人机,2025-10-09 11:28:42,51.87,4430,51.85,U
sh688297,中无人机,2025-10-09 11:29:27,51.84,7549,51.81,U
sh688297,中无人机,2025-10-09 13:00:06,51.84,21813,51.83,U
sh688297,中无人机,2025-10-09 13:00:09,51.84,5383,51.84,D
sh688297,中无人机,2025-10-09 13:00:12,51.85,13179,51.84,U
sh688297,中无人机,2025-10-09 13:00:15,51.85,10639,51.85,U
sh688297,中无人机,2025-10-09 13:00:21,51.89,5233,51.88,U
sh688297,中无人机,2025-10-09 13:00:27,51.93,19329,51.9,U
sh688297,中无人机,2025-10-09 13:00:30,51.96,35754,51.93,U
sh688297,中无人机,2025-10-09 13:00:33,51.97,12121,51.96,U
sh688297,中无人机,2025-10-09 13:00:36,51.98,4695,51.97,U
sh688297,中无人机,2025-10-09 13:00:39,51.97,8336,51.98,D
sh688297,中无人机,2025-10-09 13:00:42,51.98,13201,51.97,U
sh688297,中无人机,2025-10-09 13:00:45,51.99,28700,51.98,U
sh688297,中无人机,2025-10-09 13:00:48,51.99,17080,51.99,U
sh688297,中无人机,2025-10-09 13:00:51,51.99,6259,51.99,U
sh688297,中无人机,2025-10-09 13:00:54,51.99,11853,51.99,U
sh688297,中无人机,2025-10-09 13:00:57,52.0,21820,51.99,U
sh688297,中无人机,2025-10-09 13:01:00,52.0,8701,52.0,U
sh688297,中无人机,2025-10-09 13:01:03,52.0,9842,52.0,U
sh688297,中无人机,2025-10-09 13:01:27,51.96,10499,51.89,U
sh688297,中无人机,2025-10-09 13:02:27,52.0,23089,51.99,U
sh688297,中无人机,2025-10-09 13:02:30,52.08,21255,52.0,U
sh688297,中无人机,2025-10-09 13:02:33,52.16,16375,52.08,U
sh688297,中无人机,2025-10-09 13:02:36,52.18,6518,52.16,U
sh688297,中无人机,2025-10-09 13:02:39,52.16,5195,52.18,D
sh688297,中无人机,2025-10-09 13:02:42,52.19,6900,52.16,E
sh688297,中无人机,2025-10-09 13:02:48,52.2,6797,52.19,D
sh688297,中无人机,2025-10-09 13:02:51,52.28,6823,52.2,U
sh688297,中无人机,2025-10-09 13:03:06,52.28,5929,52.28,U
sh688297,中无人机,2025-10-09 13:03:09,52.27,4471,52.28,D
sh688297,中无人机,2025-10-09 13:03:15,52.24,54139,52.28,D
sh688297,中无人机,2025-10-09 13:03:18,52.18,4883,52.24,D
sh688297,中无人机,2025-10-09 13:03:21,52.18,11941,52.18,D
sh688297,中无人机,2025-10-09 13:03:27,52.2,4928,52.18,U
sh688297,中无人机,2025-10-09 13:03:30,52.2,19100,52.2,U
sh688297,中无人机,2025-10-09 13:03:57,52.17,4840,52.13,U
sh688297,中无人机,2025-10-09 13:04:12,52.13,3997,52.12,D
sh688297,中无人机,2025-10-09 13:04:15,52.15,14472,52.13,U
sh688297,中无人机,2025-10-09 13:04:18,52.13,12542,52.15,D
sh688297,中无人机,2025-10-09 13:05:15,51.79,29630,52.05,D
sh688297,中无人机,2025-10-09 13:05:39,52.03,5500,52.03,U
sh688297,中无人机,2025-10-09 13:06:21,52.01,5430,52.0,U
sh688297,中无人机,2025-10-09 13:07:00,52.04,4901,52.03,E
sh688297,中无人机,2025-10-09 13:07:57,52.04,4200,52.04,U
sh688297,中无人机,2025-10-09 13:09:03,52.06,4808,52.07,D
sh688297,中无人机,2025-10-09 13:09:09,52.03,6365,52.05,D
sh688297,中无人机,2025-10-09 13:09:15,52.02,7867,52.02,D
sh688297,中无人机,2025-10-09 13:09:18,52.0,6345,52.02,D
sh688297,中无人机,2025-10-09 13:09:39,51.97,6045,51.97,D
sh688297,中无人机,2025-10-09 13:09:42,51.97,3982,51.97,D
sh688297,中无人机,2025-10-09 13:09:45,51.96,9305,51.97,D
sh688297,中无人机,2025-10-09 13:10:15,51.8,17094,51.83,D
sh688297,中无人机,2025-10-09 13:10:21,51.79,6748,51.8,D
sh688297,中无人机,2025-10-09 13:11:09,51.71,4900,51.69,U
sh688297,中无人机,2025-10-09 13:11:36,51.7,5262,51.7,U
sh688297,中无人机,2025-10-09 13:11:54,51.7,7965,51.71,D
sh688297,中无人机,2025-10-09 13:12:21,51.69,5019,51.69,U
sh688297,中无人机,2025-10-09 13:12:24,51.68,5449,51.69,D
sh688297,中无人机,2025-10-09 13:12:57,51.71,29235,51.68,U
sh688297,中无人机,2025-10-09 13:13:03,51.7,8583,51.71,D
sh688297,中无人机,2025-10-09 13:13:48,51.68,5025,51.68,D
sh688297,中无人机,2025-10-09 13:14:00,51.65,8959,51.68,D
sh688297,中无人机,2025-10-09 13:14:15,51.64,4263,51.65,D
sh688297,中无人机,2025-10-09 13:14:30,51.65,4787,51.65,U
sh688297,中无人机,2025-10-09 13:14:36,51.69,7861,51.68,U
sh688297,中无人机,2025-10-09 13:14:39,51.7,12949,51.69,U
sh688297,中无人机,2025-10-09 13:17:00,51.73,8699,51.73,D
sh688297,中无人机,2025-10-09 13:17:06,51.69,7857,51.71,D
sh688297,中无人机,2025-10-09 13:17:12,51.67,26036,51.69,D
sh688297,中无人机,2025-10-09 13:17:21,51.61,6371,51.64,D
sh688297,中无人机,2025-10-09 13:17:30,51.61,10519,51.61,D
sh688297,中无人机,2025-10-09 13:17:36,51.6,6200,51.6,D
sh688297,中无人机,2025-10-09 13:18:42,51.61,10300,51.56,U
sh688297,中无人机,2025-10-09 13:20:03,51.62,7855,51.62,D
sh688297,中无人机,2025-10-09 13:20:30,51.61,4135,51.62,D
sh688297,中无人机,2025-10-09 13:21:03,51.64,8471,51.62,U
sh688297,中无人机,2025-10-09 13:21:24,51.64,9299,51.64,U
sh688297,中无人机,2025-10-09 13:22:57,51.69,5680,51.72,D
sh688297,中无人机,2025-10-09 13:23:09,51.69,9021,51.7,D
sh688297,中无人机,2025-10-09 13:23:24,51.66,7341,51.69,D
sh688297,中无人机,2025-10-09 13:24:12,51.61,4500,51.63,D
sh688297,中无人机,2025-10-09 13:24:15,51.61,14777,51.61,D
sh688297,中无人机,2025-10-09 13:27:36,51.64,5500,51.64,D
sh688297,中无人机,2025-10-09 13:28:06,51.62,4991,51.62,U
sh688297,中无人机,2025-10-09 13:28:36,51.64,4193,51.65,D
sh688297,中无人机,2025-10-09 13:29:00,51.67,12773,51.65,U
sh688297,中无人机,2025-10-09 13:30:18,51.66,34048,51.67,D
sh688297,中无人机,2025-10-09 13:30:27,51.66,7330,51.66,U
sh688297,中无人机,2025-10-09 13:31:00,51.67,10053,51.67,U
sh688297,中无人机,2025-10-09 13:32:36,51.77,13960,51.76,U
sh688297,中无人机,2025-10-09 13:32:45,51.88,7999,51.8,U
sh688297,中无人机,2025-10-09 13:32:54,51.9,8000,51.83,U
sh688297,中无人机,2025-10-09 13:33:45,51.8,4230,51.78,U
sh688297,中无人机,2025-10-09 13:34:06,51.77,6105,51.78,D
sh688297,中无人机,2025-10-09 13:34:09,51.76,10005,51.77,D
sh688297,中无人机,2025-10-09 13:34:12,51.76,9979,51.76,D
sh688297,中无人机,2025-10-09 13:34:15,51.76,5182,51.76,D
sh688297,中无人机,2025-10-09 13:35:42,51.7,5000,51.71,D
sh688297,中无人机,2025-10-09 13:37:03,51.69,6007,51.71,D
sh688297,中无人机,2025-10-09 13:37:12,51.67,6062,51.68,D
sh688297,中无人机,2025-10-09 13:37:39,51.64,5000,51.65,D
sh688297,中无人机,2025-10-09 13:38:09,51.63,3920,51.63,U
sh688297,中无人机,2025-10-09 13:38:15,51.62,6479,51.62,D
sh688297,中无人机,2025-10-09 13:38:21,51.61,3930,51.62,D
sh688297,中无人机,2025-10-09 13:38:51,51.59,6795,51.58,E
sh688297,中无人机,2025-10-09 13:38:54,51.6,4900,51.59,U
sh688297,中无人机,2025-10-09 13:38:57,51.6,4500,51.6,U
sh688297,中无人机,2025-10-09 13:39:03,51.61,6424,51.61,U
sh688297,中无人机,2025-10-09 13:39:06,51.61,3922,51.61,U
sh688297,中无人机,2025-10-09 13:41:36,51.68,4450,51.66,U
sh688297,中无人机,2025-10-09 13:42:36,51.69,6366,51.7,D
sh688297,中无人机,2025-10-09 13:43:09,51.65,6948,51.68,D
sh688297,中无人机,2025-10-09 13:44:12,51.62,4809,51.63,D
sh688297,中无人机,2025-10-09 13:44:18,51.6,35754,51.63,D
sh688297,中无人机,2025-10-09 13:45:03,51.58,34349,51.6,D
sh688297,中无人机,2025-10-09 13:45:24,51.57,12116,51.58,D
sh688297,中无人机,2025-10-09 13:45:42,51.58,3982,51.57,D
sh688297,中无人机,2025-10-09 13:46:06,51.58,5127,51.59,D
sh688297,中无人机,2025-10-09 13:47:03,51.58,5123,51.58,D
sh688297,中无人机,2025-10-09 13:47:12,51.57,18800,51.58,D
sh688297,中无人机,2025-10-09 13:47:36,51.57,14457,51.57,U
sh688297,中无人机,2025-10-09 13:47:45,51.56,7837,51.57,D
sh688297,中无人机,2025-10-09 13:47:48,51.56,6551,51.56,D
sh688297,中无人机,2025-10-09 13:47:51,51.56,3900,51.56,D
sh688297,中无人机,2025-10-09 13:47:54,51.55,24233,51.56,D
sh688297,中无人机,2025-10-09 13:49:00,51.48,5700,51.49,D
sh688297,中无人机,2025-10-09 13:49:15,51.48,5710,51.49,D
sh688297,中无人机,2025-10-09 13:49:21,51.47,4646,51.48,D
sh688297,中无人机,2025-10-09 13:50:03,51.48,6517,51.48,U
sh688297,中无人机,2025-10-09 13:50:24,51.5,15741,51.5,U
sh688297,中无人机,2025-10-09 13:50:54,51.52,6544,51.51,U
sh688297,中无人机,2025-10-09 13:52:33,51.55,15000,51.52,U
sh688297,中无人机,2025-10-09 13:53:09,51.56,7007,51.54,U
sh688297,中无人机,2025-10-09 13:54:12,51.6,4338,51.6,D
sh688297,中无人机,2025-10-09 13:55:09,51.65,4644,51.68,D
sh688297,中无人机,2025-10-09 13:55:18,51.63,4129,51.62,U
sh688297,中无人机,2025-10-09 13:56:39,51.68,3960,51.67,U
sh688297,中无人机,2025-10-09 13:56:54,51.69,4004,51.69,D
sh688297,中无人机,2025-10-09 13:58:03,51.67,4888,51.68,D
sh688297,中无人机,2025-10-09 13:58:24,51.68,10000,51.68,U
sh688297,中无人机,2025-10-09 13:58:27,51.67,7220,51.68,D
sh688297,中无人机,2025-10-09 13:58:54,51.61,10172,51.63,D
sh688297,中无人机,2025-10-09 13:59:03,51.6,4030,51.61,D
sh688297,中无人机,2025-10-09 14:00:18,51.61,4224,51.59,U
sh688297,中无人机,2025-10-09 14:00:48,51.61,6036,51.62,D
sh688297,中无人机,2025-10-09 14:01:48,51.62,4400,51.62,U
sh688297,中无人机,2025-10-09 14:01:54,51.62,17058,51.62,U
sh688297,中无人机,2025-10-09 14:01:57,51.62,16012,51.62,U
sh688297,中无人机,2025-10-09 14:02:03,51.62,8107,51.66,D
sh688297,中无人机,2025-10-09 14:03:00,51.66,4410,51.66,U
sh688297,中无人机,2025-10-09 14:03:48,51.66,5580,51.67,D
sh688297,中无人机,2025-10-09 14:03:51,51.62,4700,51.66,D
sh688297,中无人机,2025-10-09 14:04:03,51.62,5066,51.63,D
sh688297,中无人机,2025-10-09 14:05:00,51.62,7104,51.63,D
sh688297,中无人机,2025-10-09 14:06:33,51.58,23059,51.63,D
sh688297,中无人机,2025-10-09 14:08:12,51.53,11210,51.56,D
sh688297,中无人机,2025-10-09 14:08:24,51.52,5023,51.53,D
sh688297,中无人机,2025-10-09 14:08:51,51.48,8831,51.5,D
sh688297,中无人机,2025-10-09 14:08:54,51.48,7648,51.48,D
sh688297,中无人机,2025-10-09 14:08:57,51.48,5000,51.48,D
sh688297,中无人机,2025-10-09 14:09:15,51.49,5951,51.49,U
sh688297,中无人机,2025-10-09 14:09:18,51.5,6649,51.49,U
sh688297,中无人机,2025-10-09 14:09:33,51.47,30967,51.5,D
sh688297,中无人机,2025-10-09 14:10:09,51.5,5000,51.53,D
sh688297,中无人机,2025-10-09 14:10:39,51.47,32238,51.51,D
sh688297,中无人机,2025-10-09 14:10:54,51.48,4103,51.49,E
sh688297,中无人机,2025-10-09 14:11:42,51.48,4331,51.47,U
sh688297,中无人机,2025-10-09 14:11:51,51.47,5030,51.48,D
sh688297,中无人机,2025-10-09 14:12:09,51.47,10847,51.5,D
sh688297,中无人机,2025-10-09 14:12:18,51.47,5645,51.47,D
sh688297,中无人机,2025-10-09 14:13:00,51.47,27271,51.48,D
sh688297,中无人机,2025-10-09 14:14:24,51.45,13327,51.45,U
sh688297,中无人机,2025-10-09 14:14:36,51.4,11353,51.41,D
sh688297,中无人机,2025-10-09 14:15:24,51.44,4060,51.41,U
sh688297,中无人机,2025-10-09 14:15:33,51.46,9777,51.44,U
sh688297,中无人机,2025-10-09 14:18:33,51.4,4461,51.4,U
sh688297,中无人机,2025-10-09 14:18:45,51.4,8000,51.42,D
sh688297,中无人机,2025-10-09 14:20:27,51.38,5500,51.39,D
sh688297,中无人机,2025-10-09 14:20:30,51.37,29679,51.38,D
sh688297,中无人机,2025-10-09 14:20:33,51.37,4354,51.37,D
sh688297,中无人机,2025-10-09 14:20:36,51.37,18557,51.37,D
sh688297,中无人机,2025-10-09 14:20:39,51.37,4364,51.37,D
sh688297,中无人机,2025-10-09 14:22:36,51.3,9228,51.3,D
sh688297,中无人机,2025-10-09 14:23:30,51.23,8494,51.24,D
sh688297,中无人机,2025-10-09 14:24:15,51.27,4354,51.28,D
sh688297,中无人机,2025-10-09 14:24:39,51.3,22162,51.29,U
sh688297,中无人机,2025-10-09 14:24:42,51.31,7991,51.3,U
sh688297,中无人机,2025-10-09 14:25:00,51.32,8302,51.31,U
sh688297,中无人机,2025-10-09 14:25:33,51.33,4947,51.33,U
sh688297,中无人机,2025-10-09 14:28:21,51.21,20000,51.29,D
sh688297,中无人机,2025-10-09 14:30:09,51.27,20181,51.29,D
sh688297,中无人机,2025-10-09 14:30:12,51.28,10006,51.27,U
sh688297,中无人机,2025-10-09 14:30:15,51.27,6936,51.28,D
sh688297,中无人机,2025-10-09 14:30:27,51.25,18168,51.28,D
sh688297,中无人机,2025-10-09 14:30:45,51.3,5000,51.3,U
sh688297,中无人机,2025-10-09 14:30:48,51.29,4205,51.3,D
sh688297,中无人机,2025-10-09 14:31:00,51.31,4605,51.32,D
sh688297,中无人机,2025-10-09 14:31:54,51.32,4619,51.32,D
sh688297,中无人机,2025-10-09 14:32:09,51.33,5328,51.33,D
sh688297,中无人机,2025-10-09 14:32:21,51.35,4630,51.35,U
sh688297,中无人机,2025-10-09 14:32:24,51.37,16267,51.35,U
sh688297,中无人机,2025-10-09 14:32:27,51.37,5170,51.37,U
sh688297,中无人机,2025-10-09 14:32:30,51.37,4811,51.37,U
sh688297,中无人机,2025-10-09 14:32:57,51.43,5140,51.4,U
sh688297,中无人机,2025-10-09 14:33:15,51.43,3997,51.42,U
sh688297,中无人机,2025-10-09 14:33:27,51.39,10000,51.41,D
sh688297,中无人机,2025-10-09 14:34:03,51.44,6910,51.44,U
sh688297,中无人机,2025-10-09 14:34:42,51.41,4405,51.41,D
sh688297,中无人机,2025-10-09 14:35:36,51.4,31467,51.44,D
sh688297,中无人机,2025-10-09 14:35:39,51.45,10451,51.4,U
sh688297,中无人机,2025-10-09 14:36:36,51.43,5000,51.42,U
sh688297,中无人机,2025-10-09 14:36:45,51.44,5965,51.43,U
sh688297,中无人机,2025-10-09 14:37:24,51.43,5281,51.44,D
sh688297,中无人机,2025-10-09 14:37:39,51.45,24053,51.44,U
sh688297,中无人机,2025-10-09 14:37:42,51.45,7596,51.45,U
sh688297,中无人机,2025-10-09 14:37:57,51.49,12283,51.5,D
sh688297,中无人机,2025-10-09 14:38:15,51.48,9444,51.47,U
sh688297,中无人机,2025-10-09 14:39:00,51.44,4508,51.47,D
sh688297,中无人机,2025-10-09 14:39:51,51.41,11130,51.44,D
sh688297,中无人机,2025-10-09 14:40:00,51.39,4034,51.4,D
sh688297,中无人机,2025-10-09 14:40:12,51.38,4152,51.39,D
sh688297,中无人机,2025-10-09 14:41:21,51.38,6970,51.37,U
sh688297,中无人机,2025-10-09 14:41:27,51.38,7397,51.37,U
sh688297,中无人机,2025-10-09 14:42:00,51.37,18330,51.36,U
sh688297,中无人机,2025-10-09 14:43:00,51.37,6813,51.37,U
sh688297,中无人机,2025-10-09 14:44:00,51.37,4928,51.37,U
sh688297,中无人机,2025-10-09 14:44:03,51.37,7198,51.37,U
sh688297,中无人机,2025-10-09 14:44:39,51.37,5012,51.38,D
sh688297,中无人机,2025-10-09 14:45:06,51.36,5095,51.36,D
sh688297,中无人机,2025-10-09 14:45:12,51.35,39333,51.36,D
sh688297,中无人机,2025-10-09 14:45:18,51.35,5469,51.35,U
sh688297,中无人机,2025-10-09 14:45:39,51.37,6517,51.35,U
sh688297,中无人机,2025-10-09 14:45:48,51.4,5400,51.4,U
sh688297,中无人机,2025-10-09 14:46:24,51.39,4926,51.37,U
sh688297,中无人机,2025-10-09 14:47:00,51.38,8059,51.37,U
sh688297,中无人机,2025-10-09 14:48:09,51.38,7666,51.37,U
sh688297,中无人机,2025-10-09 14:48:12,51.37,4198,51.38,D
sh688297,中无人机,2025-10-09 14:48:24,51.37,7826,51.37,U
sh688297,中无人机,2025-10-09 14:49:00,51.38,7649,51.37,U
sh688297,中无人机,2025-10-09 14:49:03,51.38,6028,51.38,U
sh688297,中无人机,2025-10-09 14:49:39,51.38,5960,51.38,U
sh688297,中无人机,2025-10-09 14:50:00,51.38,4353,51.37,U
sh688297,中无人机,2025-10-09 14:50:06,51.38,15720,51.38,U
sh688297,中无人机,2025-10-09 14:50:18,51.36,26755,51.37,D
sh688297,中无人机,2025-10-09 14:50:21,51.36,6481,51.36,D
sh688297,中无人机,2025-10-09 14:50:24,51.37,4110,51.36,U
sh688297,中无人机,2025-10-09 14:50:30,51.36,4471,51.36,D
sh688297,中无人机,2025-10-09 14:50:42,51.33,37791,51.37,D
sh688297,中无人机,2025-10-09 14:50:45,51.34,4333,51.33,U
sh688297,中无人机,2025-10-09 14:51:06,51.29,5941,51.31,D
sh688297,中无人机,2025-10-09 14:51:09,51.29,14500,51.29,D
sh688297,中无人机,2025-10-09 14:51:30,51.29,7129,51.31,D
sh688297,中无人机,2025-10-09 14:51:33,51.3,6322,51.29,U
sh688297,中无人机,2025-10-09 14:51:36,51.3,4690,51.3,U
sh688297,中无人机,2025-10-09 14:51:42,51.3,4191,51.3,U
sh688297,中无人机,2025-10-09 14:51:54,51.3,4126,51.32,D
sh688297,中无人机,2025-10-09 14:52:00,51.3,27574,51.3,U
sh688297,中无人机,2025-10-09 14:52:03,51.3,12217,51.3,D
sh688297,中无人机,2025-10-09 14:52:06,51.3,4789,51.3,D
sh688297,中无人机,2025-10-09 14:52:12,51.32,8000,51.31,U
sh688297,中无人机,2025-10-09 14:52:18,51.32,8200,51.32,U
sh688297,中无人机,2025-10-09 14:52:21,51.32,12184,51.32,U
sh688297,中无人机,2025-10-09 14:52:27,51.32,5620,51.31,U
sh688297,中无人机,2025-10-09 14:52:30,51.3,27503,51.32,D
sh688297,中无人机,2025-10-09 14:52:36,51.28,12223,51.3,D
sh688297,中无人机,2025-10-09 14:53:00,51.28,10220,51.27,U
sh688297,中无人机,2025-10-09 14:53:03,51.26,6653,51.28,E
sh688297,中无人机,2025-10-09 14:53:21,51.26,5209,51.25,U
sh688297,中无人机,2025-10-09 14:53:24,51.23,4396,51.26,D
sh688297,中无人机,2025-10-09 14:54:00,51.27,47536,51.25,U
sh688297,中无人机,2025-10-09 14:54:03,51.28,11712,51.27,U
sh688297,中无人机,2025-10-09 14:54:18,51.27,7250,51.28,D
sh688297,中无人机,2025-10-09 14:54:36,51.27,5126,51.28,D
sh688297,中无人机,2025-10-09 14:54:48,51.28,6158,51.28,D
sh688297,中无人机,2025-10-09 14:55:00,51.27,20402,51.28,D
sh688297,中无人机,2025-10-09 14:55:06,51.28,7305,51.29,D
sh688297,中无人机,2025-10-09 14:55:24,51.3,5436,51.29,U
sh688297,中无人机,2025-10-09 14:55:39,51.32,5851,51.31,U
sh688297,中无人机,2025-10-09 14:55:42,51.32,8337,51.32,D
sh688297,中无人机,2025-10-09 14:55:51,51.31,25557,51.32,D
sh688297,中无人机,2025-10-09 14:56:00,51.33,4300,51.33,U
sh688297,中无人机,2025-10-09 14:56:18,51.38,7350,51.38,U
sh688297,中无人机,2025-10-09 14:56:21,51.38,10530,51.38,U
sh688297,中无人机,2025-10-09 14:56:36,51.38,11900,51.37,U
sh688297,中无人机,2025-10-09 14:56:45,51.43,5424,51.39,U
sh688297,中无人机,2025-10-09 14:56:54,51.45,10142,51.45,U
sh688297,中无人机,2025-10-09 15:00:03,51.43,142242,51.45,U
