symbol,name,ticktime,price,volume,prev_price,kind
sh688297,中无人机,2025-10-29 09:25:01,49.35,14065,0.0,U
sh688297,中无人机,2025-10-29 09:30:07,49.21,5967,49.21,U
sh688297,中无人机,2025-10-29 09:30:10,49.3,10035,49.21,U
sh688297,中无人机,2025-10-29 09:30:13,49.21,4414,49.3,D
sh688297,中无人机,2025-10-29 09:30:16,49.3,8143,49.21,U
sh688297,中无人机,2025-10-29 09:30:19,49.21,7323,49.3,D
sh688297,中无人机,2025-10-29 09:30:31,49.21,4203,49.23,D
sh688297,中无人机,2025-10-29 09:30:34,49.2,8272,49.21,D
sh688297,中无人机,2025-10-29 09:30:37,49.2,5145,49.2,D
sh688297,中无人机,2025-10-29 09:30:40,49.16,9972,49.2,D
sh688297,中无人机,2025-10-29 09:30:43,49.15,4480,49.16,D
sh688297,中无人机,2025-10-29 09:30:46,49.15,9039,49.15,D
sh688297,中无人机,2025-10-29 09:30:49,49.12,6101,49.15,D
sh688297,中无人机,2025-10-29 09:30:55,49.12,16328,49.09,U
sh688297,中无人机,2025-10-29 09:30:58,49.13,14139,49.12,U
sh688297,中无人机,2025-10-29 09:31:04,49.03,13634,49.13,D
sh688297,中无人机,2025-10-29 09:31:07,49.14,28929,49.03,U
sh688297,中无人机,2025-10-29 09:31:16,49.05,18500,49.13,D
sh688297,中无人机,2025-10-29 09:31:19,49.13,6880,49.05,U
sh688297,中无人机,2025-10-29 09:31:22,49.13,5116,49.13,U
sh688297,中无人机,2025-10-29 09:31:52,49.25,11062,49.23,U
sh688297,中无人机,2025-10-29 09:32:13,49.1,9300,49.13,D
sh688297,中无人机,2025-10-29 09:32:25,49.03,4471,49.05,D
sh688297,中无人机,2025-10-29 09:32:34,49.02,18525,49.01,E
sh688297,中无人机,2025-10-29 09:32:37,49.01,7495,49.02,D
sh688297,中无人机,2025-10-29 09:32:40,49.02,6958,49.01,U
sh688297,中无人机,2025-10-29 09:32:43,49.02,12067,49.02,U
sh688297,中无人机,2025-10-29 09:32:46,49.03,15384,49.02,U
sh688297,中无人机,2025-10-29 09:32:49,49.02,4798,49.03,D
sh688297,中无人机,2025-10-29 09:33:01,49.03,7021,49.03,D
sh688297,中无人机,2025-10-29 09:33:07,49.03,13739,49.06,D
sh688297,中无人机,2025-10-29 09:33:16,49.05,4425,49.03,E
sh688297,中无人机,2025-10-29 09:33:22,49.03,20218,49.05,D
sh688297,中无人机,2025-10-29 09:33:34,49.01,9000,49.05,D
sh688297,中无人机,2025-10-29 09:33:40,49.03,4665,49.01,D
sh688297,中无人机,2025-10-29 09:34:16,49.01,37025,49.02,D
sh688297,中无人机,2025-10-29 09:34:25,49.01,7815,49.02,D
sh688297,中无人机,2025-10-29 09:34:28,49.04,14395,49.01,U
sh688297,中无人机,2025-10-29 09:35:28,49.19,8160,49.16,U
sh688297,中无人机,2025-10-29 09:35:37,49.19,6817,49.19,U
sh688297,中无人机,2025-10-29 09:35:40,49.2,4393,49.19,U
sh688297,中无人机,2025-10-29 09:35:49,49.2,12361,49.2,U
sh688297,中无人机,2025-10-29 09:35:52,49.24,8402,49.2,U
sh688297,中无人机,2025-10-29 09:36:16,49.25,10765,49.23,D
sh688297,中无人机,2025-10-29 09:36:49,49.19,11465,49.22,D
sh688297,中无人机,2025-10-29 09:36:55,49.19,5000,49.23,D
sh688297,中无人机,2025-10-29 09:37:10,49.2,5394,49.21,D
sh688297,中无人机,2025-10-29 09:37:16,49.21,4411,49.21,U
sh688297,中无人机,2025-10-29 09:38:10,49.34,11340,49.35,U
sh688297,中无人机,2025-10-29 09:38:31,49.33,4276,49.3,U
sh688297,中无人机,2025-10-29 09:38:52,49.28,4862,49.3,D
sh688297,中无人机,2025-10-29 09:39:19,49.28,6474,49.28,D
sh688297,中无人机,2025-10-29 09:39:31,49.25,9948,49.28,D
sh688297,中无人机,2025-10-29 09:39:49,49.22,7548,49.22,U
sh688297,中无人机,2025-10-29 09:40:13,49.18,11544,49.22,D
sh688297,中无人机,2025-10-29 09:40:25,49.18,5773,49.18,U
sh688297,中无人机,2025-10-29 09:40:52,49.2,4634,49.18,U
sh688297,中无人机,2025-10-29 09:40:55,49.18,10720,49.2,D
sh688297,中无人机,2025-10-29 09:41:04,49.16,15994,49.17,D
sh688297,中无人机,2025-10-29 09:41:22,49.23,5377,49.27,D
sh688297,中无人机,2025-10-29 09:42:31,49.21,5292,49.21,D
sh688297,中无人机,2025-10-29 09:42:40,49.2,10900,49.21,D
sh688297,中无人机,2025-10-29 09:42:55,49.21,20183,49.18,U
sh688297,中无人机,2025-10-29 09:43:10,49.3,11205,49.27,U
sh688297,中无人机,2025-10-29 09:43:28,49.29,5682,49.29,U
sh688297,中无人机,2025-10-29 09:43:43,49.29,6538,49.29,U
sh688297,中无人机,2025-10-29 09:43:49,49.33,18574,49.29,U
sh688297,中无人机,2025-10-29 09:43:52,49.3,13538,49.33,D
sh688297,中无人机,2025-10-29 09:43:58,49.33,4273,49.3,U
sh688297,中无人机,2025-10-29 09:44:04,49.33,6186,49.34,D
sh688297,中无人机,2025-10-29 09:44:07,49.33,11141,49.33,D
sh688297,中无人机,2025-10-29 09:44:19,49.32,6442,49.33,D
sh688297,中无人机,2025-10-29 09:45:16,49.28,7994,49.29,D
sh688297,中无人机,2025-10-29 09:45:19,49.28,5571,49.28,U
sh688297,中无人机,2025-10-29 09:45:22,49.33,49605,49.28,U
sh688297,中无人机,2025-10-29 09:45:25,49.36,17412,49.33,U
sh688297,中无人机,2025-10-29 09:45:52,49.4,8990,49.4,D
sh688297,中无人机,2025-10-29 09:45:55,49.38,4141,49.4,D
sh688297,中无人机,2025-10-29 09:46:25,49.38,6295,49.43,D
sh688297,中无人机,2025-10-29 09:46:40,49.43,7719,49.44,D
sh688297,中无人机,2025-10-29 09:46:49,49.4,5956,49.42,E
sh688297,中无人机,2025-10-29 09:47:37,49.43,4401,49.42,U
sh688297,中无人机,2025-10-29 09:48:07,49.4,7511,49.43,D
sh688297,中无人机,2025-10-29 09:48:10,49.38,5843,49.4,D
sh688297,中无人机,2025-10-29 09:48:22,49.32,7519,49.35,D
sh688297,中无人机,2025-10-29 09:48:49,49.27,9136,49.29,D
sh688297,中无人机,2025-10-29 09:48:55,49.25,5175,49.25,D
sh688297,中无人机,2025-10-29 09:51:16,49.3,4550,49.3,E
sh688297,中无人机,2025-10-29 09:52:01,49.37,5405,49.36,U
sh688297,中无人机,2025-10-29 09:52:07,49.36,6295,49.43,D
sh688297,中无人机,2025-10-29 09:52:13,49.44,12657,49.36,U
sh688297,中无人机,2025-10-29 09:52:16,49.45,8385,49.44,U
sh688297,中无人机,2025-10-29 09:52:49,49.44,7973,49.48,D
sh688297,中无人机,2025-10-29 09:53:19,49.37,6732,49.44,D
sh688297,中无人机,2025-10-29 09:53:22,49.39,5200,49.37,E
sh688297,中无人机,2025-10-29 09:53:37,49.32,7411,49.32,U
sh688297,中无人机,2025-10-29 09:53:55,49.32,6499,49.38,D
sh688297,中无人机,2025-10-29 09:54:28,49.45,10774,49.37,U
sh688297,中无人机,2025-10-29 09:54:37,49.45,4405,49.42,U
sh688297,中无人机,2025-10-29 09:55:07,49.49,4800,49.5,E
sh688297,中无人机,2025-10-29 09:55:10,49.6,17447,49.49,U
sh688297,中无人机,2025-10-29 09:55:22,49.52,6373,49.55,D
sh688297,中无人机,2025-10-29 09:55:25,49.55,6800,49.52,U
sh688297,中无人机,2025-10-29 09:55:49,49.46,4284,49.5,D
sh688297,中无人机,2025-10-29 09:55:58,49.47,6764,49.49,D
sh688297,中无人机,2025-10-29 09:56:01,49.42,14117,49.47,D
sh688297,中无人机,2025-10-29 09:56:37,49.42,11752,49.39,U
sh688297,中无人机,2025-10-29 09:56:49,49.36,6424,49.33,D
sh688297,中无人机,2025-10-29 09:58:16,49.27,5000,49.29,D
sh688297,中无人机,2025-10-29 09:58:40,49.29,8389,49.27,U
sh688297,中无人机,2025-10-29 09:58:46,49.33,6310,49.31,U
sh688297,中无人机,2025-10-29 09:59:19,49.28,7552,49.29,D
sh688297,中无人机,2025-10-29 09:59:46,49.27,6272,49.28,D
sh688297,中无人机,2025-10-29 10:01:28,49.4,10600,49.4,D
sh688297,中无人机,2025-10-29 10:02:31,49.45,5813,49.45,U
sh688297,中无人机,2025-10-29 10:02:49,49.44,6513,49.45,D
sh688297,中无人机,2025-10-29 10:02:55,49.49,4430,49.44,U
sh688297,中无人机,2025-10-29 10:03:04,49.5,4669,49.5,D
sh688297,中无人机,2025-10-29 10:04:04,49.54,6095,49.54,U
sh688297,中无人机,2025-10-29 10:04:16,49.51,4528,49.55,D
sh688297,中无人机,2025-10-29 10:04:22,49.49,7195,49.54,D
sh688297,中无人机,2025-10-29 10:04:37,49.5,5550,49.53,D
sh688297,中无人机,2025-10-29 10:04:43,49.46,11922,49.49,D
sh688297,中无人机,2025-10-29 10:05:10,49.46,7642,49.46,U
sh688297,中无人机,2025-10-29 10:06:46,49.45,6293,49.43,D
sh688297,中无人机,2025-10-29 10:06:55,49.38,13282,49.43,D
sh688297,中无人机,2025-10-29 10:07:13,49.35,5537,49.38,D
sh688297,中无人机,2025-10-29 10:08:37,49.41,5333,49.4,U
sh688297,中无人机,2025-10-29 10:08:43,49.46,5515,49.4,U
sh688297,中无人机,2025-10-29 10:11:01,49.41,8757,49.43,D
sh688297,中无人机,2025-10-29 10:11:07,49.39,12720,49.43,D
sh688297,中无人机,2025-10-29 10:11:34,49.37,8400,49.37,D
sh688297,中无人机,2025-10-29 10:13:10,49.37,6856,49.39,D
sh688297,中无人机,2025-10-29 10:14:43,49.35,6795,49.33,U
sh688297,中无人机,2025-10-29 10:15:01,49.33,4111,49.31,U
sh688297,中无人机,2025-10-29 10:15:19,49.3,13548,49.37,D
sh688297,中无人机,2025-10-29 10:15:34,49.27,29402,49.29,D
sh688297,中无人机,2025-10-29 10:15:37,49.25,5250,49.27,D
sh688297,中无人机,2025-10-29 10:15:43,49.24,6370,49.25,D
sh688297,中无人机,2025-10-29 10:15:49,49.23,5134,49.24,D
sh688297,中无人机,2025-10-29 10:15:52,49.2,8400,49.23,D
sh688297,中无人机,2025-10-29 10:15:58,49.2,6242,49.18,E
sh688297,中无人机,2025-10-29 10:17:13,49.2,5610,49.2,D
sh688297,中无人机,2025-10-29 10:17:58,49.22,4726,49.23,D
sh688297,中无人机,2025-10-29 10:18:25,49.16,7521,49.2,D
sh688297,中无人机,2025-10-29 10:18:37,49.15,9000,49.16,D
sh688297,中无人机,2025-10-29 10:19:04,49.15,4720,49.13,U
sh688297,中无人机,2025-10-29 10:19:10,49.15,4236,49.15,D
sh688297,中无人机,2025-10-29 10:19:19,49.12,9906,49.14,D
sh688297,中无人机,2025-10-29 10:19:22,49.12,7704,49.12,D
sh688297,中无人机,2025-10-29 10:19:28,49.1,6500,49.11,D
sh688297,中无人机,2025-10-29 10:19:34,49.1,9721,49.1,U
sh688297,中无人机,2025-10-29 10:19:49,49.1,10237,49.07,U
sh688297,中无人机,2025-10-29 10:19:58,49.14,8075,49.07,U
sh688297,中无人机,2025-10-29 10:20:01,49.18,13599,49.14,U
sh688297,中无人机,2025-10-29 10:20:40,49.19,8000,49.19,U
sh688297,中无人机,2025-10-29 10:20:46,49.2,9365,49.19,U
sh688297,中无人机,2025-10-29 10:20:52,49.23,5346,49.22,U
sh688297,中无人机,2025-10-29 10:25:04,49.35,16750,49.35,D
sh688297,中无人机,2025-10-29 10:25:43,49.4,4971,49.4,U
sh688297,中无人机,2025-10-29 10:26:01,49.35,4200,49.35,U
sh688297,中无人机,2025-10-29 10:27:19,49.35,4179,49.34,D
sh688297,中无人机,2025-10-29 10:27:22,49.37,23425,49.35,U
sh688297,中无人机,2025-10-29 10:35:07,49.3,7833,49.31,D
sh688297,中无人机,2025-10-29 10:35:40,49.2,4072,49.28,D
sh688297,中无人机,2025-10-29 10:36:07,49.28,54233,49.28,U
sh688297,中无人机,2025-10-29 10:36:22,49.24,4105,49.24,U
sh688297,中无人机,2025-10-29 10:37:25,49.21,4925,49.22,D
sh688297,中无人机,2025-10-29 10:38:46,49.13,30936,49.19,D
sh688297,中无人机,2025-10-29 10:39:07,49.1,30000,49.16,D
sh688297,中无人机,2025-10-29 10:39:25,49.13,16546,49.13,D
sh688297,中无人机,2025-10-29 10:39:31,49.13,10200,49.12,U
sh688297,中无人机,2025-10-29 10:39:34,49.13,4633,49.13,U
sh688297,中无人机,2025-10-29 10:39:40,49.13,10167,49.17,D
sh688297,中无人机,2025-10-29 10:40:01,49.13,16948,49.13,U
sh688297,中无人机,2025-10-29 10:40:07,49.05,43850,49.19,D
sh688297,中无人机,2025-10-29 10:40:10,49.17,12922,49.05,E
sh688297,中无人机,2025-10-29 10:43:07,49.22,5443,49.2,U
sh688297,中无人机,2025-10-29 10:48:46,49.43,5200,49.41,U
sh688297,中无人机,2025-10-29 10:49:01,49.43,4070,49.43,U
sh688297,中无人机,2025-10-29 10:49:10,49.44,6280,49.43,U
sh688297,中无人机,2025-10-29 10:51:10,49.37,5488,49.37,U
sh688297,中无人机,2025-10-29 10:54:28,49.35,11205,49.36,D
sh688297,中无人机,2025-10-29 10:54:49,49.34,10981,49.3,U
sh688297,中无人机,2025-10-29 10:55:28,49.38,7600,49.37,U
sh688297,中无人机,2025-10-29 10:55:31,49.4,5632,49.38,U
sh688297,中无人机,2025-10-29 10:56:10,49.31,4582,49.38,D
sh688297,中无人机,2025-10-29 10:56:46,49.3,6061,49.3,D
sh688297,中无人机,2025-10-29 10:57:16,49.29,18453,49.3,D
sh688297,中无人机,2025-10-29 10:57:19,49.29,5966,49.29,U
sh688297,中无人机,2025-10-29 10:57:28,49.37,7819,49.28,U
sh688297,中无人机,2025-10-29 10:58:55,49.34,7500,49.35,D
sh688297,中无人机,2025-10-29 11:00:04,49.35,42604,49.34,U
sh688297,中无人机,2025-10-29 11:00:55,49.37,5200,49.37,U
sh688297,中无人机,2025-10-29 11:01:04,49.39,16381,49.37,U
sh688297,中无人机,2025-10-29 11:01:28,49.47,4900,49.43,U
sh688297,中无人机,2025-10-29 11:01:34,49.52,17545,49.47,U
sh688297,中无人机,2025-10-29 11:01:49,49.55,4300,49.55,U
sh688297,中无人机,2025-10-29 11:01:58,49.55,5595,49.55,U
sh688297,中无人机,2025-10-29 11:02:28,49.52,5319,49.51,U
sh688297,中无人机,2025-10-29 11:02:43,49.52,4510,49.52,D
sh688297,中无人机,2025-10-29 11:02:46,49.5,6000,49.52,D
sh688297,中无人机,2025-10-29 11:05:43,49.34,10026,49.37,D
sh688297,中无人机,2025-10-29 11:07:10,49.34,6644,49.31,U
sh688297,中无人机,2025-10-29 11:07:22,49.34,11497,49.33,D
sh688297,中无人机,2025-10-29 11:08:37,49.3,4900,49.36,D
sh688297,中无人机,2025-10-29 11:11:40,49.36,9600,49.36,D
sh688297,中无人机,2025-10-29 11:15:19,49.4,7234,49.42,D
sh688297,中无人机,2025-10-29 11:16:22,49.42,5000,49.4,U
sh688297,中无人机,2025-10-29 11:18:25,49.38,4400,49.4,D
sh688297,中无人机,2025-10-29 11:19:10,49.35,6782,49.36,D
sh688297,中无人机,2025-10-29 11:27:16,49.37,5267,49.37,D
sh688297,中无人机,2025-10-29 11:29:10,49.4,4197,49.41,D
sh688297,中无人机,2025-10-29 13:00:13,49.4,6751,49.36,U
sh688297,中无人机,2025-10-29 13:00:34,49.38,6800,49.4,D
sh688297,中无人机,2025-10-29 13:03:01,49.41,4465,49.43,D
sh688297,中无人机,2025-10-29 13:03:07,49.46,30888,49.41,U
sh688297,中无人机,2025-10-29 13:03:10,49.46,8400,49.46,U
sh688297,中无人机,2025-10-29 13:04:43,49.46,4141,49.45,U
sh688297,中无人机,2025-10-29 13:05:07,49.5,20400,49.5,U
sh688297,中无人机,2025-10-29 13:06:13,49.48,8190,49.48,D
sh688297,中无人机,2025-10-29 13:09:31,49.42,10200,49.43,D
sh688297,中无人机,2025-10-29 13:10:40,49.44,6670,49.44,U
sh688297,中无人机,2025-10-29 13:10:49,49.44,5758,49.44,D
sh688297,中无人机,2025-10-29 13:13:16,49.46,10035,49.46,D
sh688297,中无人机,2025-10-29 13:13:52,49.48,14484,49.45,U
sh688297,中无人机,2025-10-29 13:15:46,49.49,5628,49.48,U
sh688297,中无人机,2025-10-29 13:16:07,49.45,6139,49.47,D
sh688297,中无人机,2025-10-29 13:16:28,49.43,6473,49.46,D
sh688297,中无人机,2025-10-29 13:17:31,49.43,11000,49.43,D
sh688297,中无人机,2025-10-29 13:18:04,49.42,19564,49.44,D
sh688297,中无人机,2025-10-29 13:23:01,49.42,6805,49.43,D
sh688297,中无人机,2025-10-29 13:25:40,49.36,53557,49.42,D
sh688297,中无人机,2025-10-29 13:25:43,49.36,6650,49.36,U
sh688297,中无人机,2025-10-29 13:27:49,49.32,5173,49.32,D
sh688297,中无人机,2025-10-29 13:28:25,49.33,5615,49.38,D
sh688297,中无人机,2025-10-29 13:28:34,49.28,25070,49.33,D
sh688297,中无人机,2025-10-29 13:28:37,49.28,11853,49.28,U
sh688297,中无人机,2025-10-29 13:29:01,49.28,8133,49.28,U
sh688297,中无人机,2025-10-29 13:29:04,49.28,16663,49.28,U
sh688297,中无人机,2025-10-29 13:29:10,49.28,4831,49.3,D
sh688297,中无人机,2025-10-29 13:36:19,49.38,6400,49.37,U
sh688297,中无人机,2025-10-29 13:37:22,49.39,4060,49.41,E
sh688297,中无人机,2025-10-29 13:43:34,49.38,10000,49.42,D
sh688297,中无人机,2025-10-29 13:43:46,49.43,5100,49.43,U
sh688297,中无人机,2025-10-29 13:43:55,49.4,5130,49.4,U
sh688297,中无人机,2025-10-29 13:44:34,49.4,4200,49.4,U
sh688297,中无人机,2025-10-29 13:46:49,49.44,23143,49.41,U
sh688297,中无人机,2025-10-29 13:46:52,49.44,4405,49.44,U
sh688297,中无人机,2025-10-29 13:47:04,49.45,5297,49.45,U
sh688297,中无人机,2025-10-29 13:51:22,49.43,19928,49.45,D
sh688297,中无人机,2025-10-29 13:52:31,49.41,5988,49.41,D
sh688297,中无人机,2025-10-29 13:52:34,49.39,4509,49.41,D
sh688297,中无人机,2025-10-29 14:01:43,49.41,6163,49.38,U
sh688297,中无人机,2025-10-29 14:02:49,49.44,10495,49.43,U
sh688297,中无人机,2025-10-29 14:04:40,49.41,5200,49.44,D
sh688297,中无人机,2025-10-29 14:05:10,49.41,4900,49.44,D
sh688297,中无人机,2025-10-29 14:08:28,49.45,17106,49.45,U
sh688297,中无人机,2025-10-29 14:14:34,49.43,4647,49.44,D
sh688297,中无人机,2025-10-29 14:17:25,49.46,15629,49.43,U
sh688297,中无人机,2025-10-29 14:19:49,49.43,6937,49.43,D
sh688297,中无人机,2025-10-29 14:21:19,49.42,10098,49.42,D
sh688297,中无人机,2025-10-29 14:22:58,49.43,7123,49.43,U
sh688297,中无人机,2025-10-29 14:23:55,49.43,6000,49.45,D
sh688297,中无人机,2025-10-29 14:24:40,49.43,6040,49.44,D
sh688297,中无人机,2025-10-29 14:24:46,49.45,5400,49.45,U
sh688297,中无人机,2025-10-29 14:24:58,49.45,5661,49.43,U
sh688297,中无人机,2025-10-29 14:25:01,49.45,9876,49.45,U
sh688297,中无人机,2025-10-29 14:25:19,49.45,5200,49.44,U
sh688297,中无人机,2025-10-29 14:25:40,49.45,5589,49.45,U
sh688297,中无人机,2025-10-29 14:27:10,49.43,5910,49.44,D
sh688297,中无人机,2025-10-29 14:28:01,49.41,28811,49.43,D
sh688297,中无人机,2025-10-29 14:28:04,49.4,10458,49.41,D
sh688297,中无人机,2025-10-29 14:29:16,49.4,4354,49.41,D
sh688297,中无人机,2025-10-29 14:29:49,49.39,6539,49.4,D
sh688297,中无人机,2025-10-29 14:29:58,49.38,4727,49.38,D
sh688297,中无人机,2025-10-29 14:30:01,49.38,7317,49.38,D
sh688297,中无人机,2025-10-29 14:30:16,49.37,14264,49.37,D
sh688297,中无人机,2025-10-29 14:30:19,49.35,19086,49.37,D
sh688297,中无人机,2025-10-29 14:30:55,49.35,10374,49.35,U
sh688297,中无人机,2025-10-29 14:31:07,49.35,4273,49.38,D
sh688297,中无人机,2025-10-29 14:32:37,49.35,5200,49.35,D
sh688297,中无人机,2025-10-29 14:32:40,49.35,4821,49.35,D
sh688297,中无人机,2025-10-29 14:32:52,49.33,31046,49.35,D
sh688297,中无人机,2025-10-29 14:32:55,49.33,9800,49.33,U
sh688297,中无人机,2025-10-29 14:32:58,49.33,6200,49.33,U
sh688297,中无人机,2025-10-29 14:33:40,49.41,52668,49.36,U
sh688297,中无人机,2025-10-29 14:34:46,49.41,4308,49.4,U
sh688297,中无人机,2025-10-29 14:34:49,49.41,8363,49.41,U
sh688297,中无人机,2025-10-29 14:34:52,49.42,15800,49.41,U
sh688297,中无人机,2025-10-29 14:35:01,49.42,16212,49.4,U
sh688297,中无人机,2025-10-29 14:35:55,49.42,8200,49.41,U
sh688297,中无人机,2025-10-29 14:36:22,49.41,6050,49.41,U
sh688297,中无人机,2025-10-29 14:37:37,49.42,19264,49.42,U
sh688297,中无人机,2025-10-29 14:37:40,49.42,6494,49.42,U
sh688297,中无人机,2025-10-29 14:37:52,49.42,12140,49.42,U
sh688297,中无人机,2025-10-29 14:38:01,49.43,20300,49.43,D
sh688297,中无人机,2025-10-29 14:38:07,49.42,16731,49.43,D
sh688297,中无人机,2025-10-29 14:38:34,49.4,13771,49.41,D
sh688297,中无人机,2025-10-29 14:38:52,49.38,9640,49.4,D
sh688297,中无人机,2025-10-29 14:39:19,49.35,5543,49.36,D
sh688297,中无人机,2025-10-29 14:39:55,49.38,12877,49.38,U
sh688297,中无人机,2025-10-29 14:39:58,49.38,7031,49.38,U
sh688297,中无人机,2025-10-29 14:40:01,49.37,8778,49.38,D
sh688297,中无人机,2025-10-29 14:40:10,49.4,19302,49.37,U
sh688297,中无人机,2025-10-29 14:40:31,49.42,10000,49.4,U
sh688297,中无人机,2025-10-29 14:40:40,49.38,8852,49.42,D
sh688297,中无人机,2025-10-29 14:41:31,49.41,6000,49.43,D
sh688297,中无人机,2025-10-29 14:41:34,49.43,14829,49.41,U
sh688297,中无人机,2025-10-29 14:42:04,49.43,4814,49.43,U
sh688297,中无人机,2025-10-29 14:42:46,49.42,6664,49.44,D
sh688297,中无人机,2025-10-29 14:43:10,49.4,4555,49.41,D
sh688297,中无人机,2025-10-29 14:44:37,49.41,19277,49.42,D
sh688297,中无人机,2025-10-29 14:45:07,49.41,7663,49.41,U
sh688297,中无人机,2025-10-29 14:45:10,49.39,67778,49.41,D
sh688297,中无人机,2025-10-29 14:45:58,49.41,11000,49.4,U
sh688297,中无人机,2025-10-29 14:46:04,49.41,6500,49.41,U
sh688297,中无人机,2025-10-29 14:47:07,49.41,13585,49.41,U
sh688297,中无人机,2025-10-29 14:47:34,49.46,50200,49.44,U
sh688297,中无人机,2025-10-29 14:47:58,49.48,6900,49.48,U
sh688297,中无人机,2025-10-29 14:48:01,49.49,13486,49.48,U
sh688297,中无人机,2025-10-29 14:48:19,49.49,5700,49.49,U
sh688297,中无人机,2025-10-29 14:48:34,49.5,21463,49.49,U
sh688297,中无人机,2025-10-29 14:49:07,49.5,6151,49.51,D
sh688297,中无人机,2025-10-29 14:50:01,49.5,19224,49.51,D
sh688297,中无人机,2025-10-29 14:50:04,49.5,7243,49.5,D
sh688297,中无人机,2025-10-29 14:50:19,49.52,29864,49.48,U
sh688297,中无人机,2025-10-29 14:50:43,49.51,9975,49.5,D
sh688297,中无人机,2025-10-29 14:51:04,49.55,10220,49.53,U
sh688297,中无人机,2025-10-29 14:51:16,49.55,10839,49.56,D
sh688297,中无人机,2025-10-29 14:51:25,49.55,4200,49.53,U
sh688297,中无人机,2025-10-29 14:51:43,49.51,25974,49.53,D
sh688297,中无人机,2025-10-29 14:52:55,49.54,4524,49.53,U
sh688297,中无人机,2025-10-29 14:53:07,49.53,16070,49.54,D
sh688297,中无人机,2025-10-29 14:53:13,49.53,5932,49.53,D
sh688297,中无人机,2025-10-29 14:53:55,49.54,6389,49.55,U
sh688297,中无人机,2025-10-29 14:54:55,49.5,5634,49.51,D
sh688297,中无人机,2025-10-29 14:54:58,49.5,4814,49.5,D
sh688297,中无人机,2025-10-29 14:55:04,49.5,8885,49.51,D
sh688297,中无人机,2025-10-29 14:55:07,49.51,4105,49.5,U
sh688297,中无人机,2025-10-29 14:55:10,49.5,10848,49.51,D
sh688297,中无人机,2025-10-29 15:00:03,49.5,103052,49.49,U
