symbol,name,ticktime,price,volume,prev_price,kind
sh688668,鼎通科技,2025-10-21 09:25:00,89.5,94933,0.0,U
sh688668,鼎通科技,2025-10-21 09:30:01,89.66,34116,89.5,U
sh688668,鼎通科技,2025-10-21 09:30:04,89.66,27549,89.66,D
sh688668,鼎通科技,2025-10-21 09:30:07,89.5,49803,89.66,D
sh688668,鼎通科技,2025-10-21 09:30:10,89.37,24777,89.5,D
sh688668,鼎通科技,2025-10-21 09:30:13,89.5,30931,89.37,U
sh688668,鼎通科技,2025-10-21 09:30:16,89.64,12353,89.5,E
sh688668,鼎通科技,2025-10-21 09:30:19,89.5,16496,89.64,D
sh688668,鼎通科技,2025-10-21 09:30:22,89.51,16288,89.5,E
sh688668,鼎通科技,2025-10-21 09:30:25,89.5,29918,89.51,D
sh688668,鼎通科技,2025-10-21 09:30:28,89.5,9281,89.5,D
sh688668,鼎通科技,2025-10-21 09:30:31,89.51,43824,89.5,E
sh688668,鼎通科技,2025-10-21 09:30:34,89.39,56959,89.51,D
sh688668,鼎通科技,2025-10-21 09:30:37,89.32,62584,89.39,E
sh688668,鼎通科技,2025-10-21 09:30:40,89.05,15256,89.32,E
sh688668,鼎通科技,2025-10-21 09:30:43,88.94,17479,89.05,D
sh688668,鼎通科技,2025-10-21 09:30:49,88.68,13786,88.75,D
sh688668,鼎通科技,2025-10-21 09:30:52,88.61,21630,88.68,D
sh688668,鼎通科技,2025-10-21 09:30:55,88.28,17546,88.61,D
sh688668,鼎通科技,2025-10-21 09:30:58,88.3,18447,88.28,U
sh688668,鼎通科技,2025-10-21 09:31:01,88.02,14407,88.3,D
sh688668,鼎通科技,2025-10-21 09:31:04,88.0,29313,88.02,D
sh688668,鼎通科技,2025-10-21 09:31:07,87.88,8330,88.0,D
sh688668,鼎通科技,2025-10-21 09:31:10,87.17,11494,87.88,D
sh688668,鼎通科技,2025-10-21 09:31:13,87.69,12375,87.17,E
sh688668,鼎通科技,2025-10-21 09:31:16,87.03,7102,87.69,D
sh688668,鼎通科技,2025-10-21 09:31:19,87.0,17728,87.03,D
sh688668,鼎通科技,2025-10-21 09:31:22,86.84,5035,87.0,D
sh688668,鼎通科技,2025-10-21 09:31:25,86.64,5793,86.84,D
sh688668,鼎通科技,2025-10-21 09:31:28,86.64,16137,86.64,U
sh688668,鼎通科技,2025-10-21 09:31:31,86.7,17940,86.64,U
sh688668,鼎通科技,2025-10-21 09:31:34,86.95,8033,86.7,U
sh688668,鼎通科技,2025-10-21 09:31:37,87.08,13023,86.95,U
sh688668,鼎通科技,2025-10-21 09:31:40,87.1,34699,87.08,U
sh688668,鼎通科技,2025-10-21 09:31:43,87.1,8012,87.1,D
sh688668,鼎通科技,2025-10-21 09:31:46,86.9,32949,87.1,D
sh688668,鼎通科技,2025-10-21 09:31:49,86.8,35650,86.9,D
sh688668,鼎通科技,2025-10-21 09:31:52,86.9,24826,86.8,U
sh688668,鼎通科技,2025-10-21 09:31:55,86.95,9634,86.9,U
sh688668,鼎通科技,2025-10-21 09:31:58,87.1,8971,86.95,U
sh688668,鼎通科技,2025-10-21 09:32:01,87.42,5022,87.1,U
sh688668,鼎通科技,2025-10-21 09:32:04,87.37,10890,87.42,E
sh688668,鼎通科技,2025-10-21 09:32:07,87.3,14352,87.37,D
sh688668,鼎通科技,2025-10-21 09:32:10,87.3,20845,87.3,U
sh688668,鼎通科技,2025-10-21 09:32:13,86.89,39994,87.3,D
sh688668,鼎通科技,2025-10-21 09:32:16,86.66,55066,86.89,D
sh688668,鼎通科技,2025-10-21 09:32:19,86.64,8991,86.66,D
sh688668,鼎通科技,2025-10-21 09:32:22,86.83,13612,86.64,U
sh688668,鼎通科技,2025-10-21 09:32:28,86.67,9261,86.7,E
sh688668,鼎通科技,2025-10-21 09:32:31,86.69,27730,86.67,E
sh688668,鼎通科技,2025-10-21 09:32:34,86.8,3733,86.69,E
sh688668,鼎通科技,2025-10-21 09:32:37,86.8,2814,86.8,U
sh688668,鼎通科技,2025-10-21 09:32:40,86.79,6000,86.8,E
sh688668,鼎通科技,2025-10-21 09:32:43,86.8,14491,86.79,U
sh688668,鼎通科技,2025-10-21 09:32:46,86.8,2792,86.8,D
sh688668,鼎通科技,2025-10-21 09:32:49,86.8,5929,86.8,U
sh688668,鼎通科技,2025-10-21 09:32:52,86.8,3978,86.8,D
sh688668,鼎通科技,2025-10-21 09:32:55,86.86,33225,86.8,U
sh688668,鼎通科技,2025-10-21 09:32:58,86.88,3652,86.86,U
sh688668,鼎通科技,2025-10-21 09:33:01,87.03,7929,86.88,U
sh688668,鼎通科技,2025-10-21 09:33:07,87.37,4516,87.11,U
sh688668,鼎通科技,2025-10-21 09:33:19,87.35,12030,87.36,U
sh688668,鼎通科技,2025-10-21 09:33:22,87.2,10233,87.35,D
sh688668,鼎通科技,2025-10-21 09:33:25,87.35,10348,87.2,U
sh688668,鼎通科技,2025-10-21 09:33:28,87.36,9418,87.35,U
sh688668,鼎通科技,2025-10-21 09:33:31,87.09,13448,87.36,D
sh688668,鼎通科技,2025-10-21 09:33:34,87.07,3372,87.09,E
sh688668,鼎通科技,2025-10-21 09:33:37,87.07,3993,87.07,U
sh688668,鼎通科技,2025-10-21 09:33:40,87.0,17102,87.07,D
sh688668,鼎通科技,2025-10-21 09:33:43,86.95,2829,87.0,D
sh688668,鼎通科技,2025-10-21 09:33:46,86.89,3099,86.95,D
sh688668,鼎通科技,2025-10-21 09:33:49,86.84,18175,86.89,D
sh688668,鼎通科技,2025-10-21 09:33:52,86.82,4875,86.84,U
sh688668,鼎通科技,2025-10-21 09:33:55,86.74,25782,86.82,D
sh688668,鼎通科技,2025-10-21 09:33:58,86.67,16277,86.74,D
sh688668,鼎通科技,2025-10-21 09:34:04,86.71,2524,86.72,E
sh688668,鼎通科技,2025-10-21 09:34:07,86.7,5274,86.71,E
sh688668,鼎通科技,2025-10-21 09:34:10,86.78,3562,86.7,U
sh688668,鼎通科技,2025-10-21 09:34:13,86.79,4443,86.78,U
sh688668,鼎通科技,2025-10-21 09:34:16,86.7,22709,86.79,D
sh688668,鼎通科技,2025-10-21 09:34:19,86.66,6461,86.7,D
sh688668,鼎通科技,2025-10-21 09:34:22,86.64,22679,86.66,D
sh688668,鼎通科技,2025-10-21 09:34:25,86.6,15996,86.64,D
sh688668,鼎通科技,2025-10-21 09:34:28,86.6,16180,86.6,D
sh688668,鼎通科技,2025-10-21 09:34:31,86.67,11984,86.6,U
sh688668,鼎通科技,2025-10-21 09:34:34,86.6,15176,86.67,D
sh688668,鼎通科技,2025-10-21 09:34:37,86.62,2500,86.6,E
sh688668,鼎通科技,2025-10-21 09:34:40,86.65,5650,86.62,U
sh688668,鼎通科技,2025-10-21 09:34:43,86.61,7922,86.65,D
sh688668,鼎通科技,2025-10-21 09:34:46,86.6,8200,86.61,D
sh688668,鼎通科技,2025-10-21 09:34:49,86.61,8079,86.6,U
sh688668,鼎通科技,2025-10-21 09:34:52,86.63,2823,86.61,E
sh688668,鼎通科技,2025-10-21 09:34:58,86.65,5069,86.63,U
sh688668,鼎通科技,2025-10-21 09:35:04,86.63,6273,86.63,D
sh688668,鼎通科技,2025-10-21 09:35:07,86.65,6365,86.63,U
sh688668,鼎通科技,2025-10-21 09:35:10,86.68,2898,86.65,U
sh688668,鼎通科技,2025-10-21 09:35:13,86.68,5404,86.68,D
sh688668,鼎通科技,2025-10-21 09:35:19,86.84,20204,86.8,U
sh688668,鼎通科技,2025-10-21 09:35:22,86.98,3988,86.84,U
sh688668,鼎通科技,2025-10-21 09:35:25,87.06,6979,86.98,U
sh688668,鼎通科技,2025-10-21 09:35:28,87.03,3371,87.06,D
sh688668,鼎通科技,2025-10-21 09:35:31,86.99,8298,87.03,D
sh688668,鼎通科技,2025-10-21 09:35:34,86.99,5373,86.99,U
sh688668,鼎通科技,2025-10-21 09:35:37,87.0,7162,86.99,U
sh688668,鼎通科技,2025-10-21 09:35:43,87.01,3286,86.99,E
sh688668,鼎通科技,2025-10-21 09:35:46,87.01,9162,87.01,U
sh688668,鼎通科技,2025-10-21 09:35:49,87.01,7860,87.01,D
sh688668,鼎通科技,2025-10-21 09:35:52,86.99,10986,87.01,E
sh688668,鼎通科技,2025-10-21 09:35:55,86.99,8275,86.99,E
sh688668,鼎通科技,2025-10-21 09:35:58,86.92,7660,86.99,E
sh688668,鼎通科技,2025-10-21 09:36:01,86.76,14556,86.92,D
sh688668,鼎通科技,2025-10-21 09:36:04,86.68,7386,86.76,D
sh688668,鼎通科技,2025-10-21 09:36:07,86.66,4086,86.68,D
sh688668,鼎通科技,2025-10-21 09:36:10,86.83,18378,86.66,U
sh688668,鼎通科技,2025-10-21 09:36:13,86.8,7252,86.83,D
sh688668,鼎通科技,2025-10-21 09:36:16,87.11,43045,86.8,U
sh688668,鼎通科技,2025-10-21 09:36:25,87.23,5240,87.23,U
sh688668,鼎通科技,2025-10-21 09:36:31,87.32,2900,87.32,E
sh688668,鼎通科技,2025-10-21 09:36:37,87.36,3085,87.36,D
sh688668,鼎通科技,2025-10-21 09:36:40,87.32,8483,87.36,E
sh688668,鼎通科技,2025-10-21 09:36:43,87.25,4219,87.32,E
sh688668,鼎通科技,2025-10-21 09:36:49,87.35,5683,87.35,U
sh688668,鼎通科技,2025-10-21 09:36:52,87.34,2900,87.35,U
sh688668,鼎通科技,2025-10-21 09:36:55,87.36,7958,87.34,U
sh688668,鼎通科技,2025-10-21 09:36:58,87.3,30326,87.36,D
sh688668,鼎通科技,2025-10-21 09:37:01,87.23,13073,87.3,D
sh688668,鼎通科技,2025-10-21 09:37:04,87.32,14856,87.23,U
sh688668,鼎通科技,2025-10-21 09:37:10,87.32,2595,87.23,U
sh688668,鼎通科技,2025-10-21 09:37:13,87.68,20701,87.32,U
sh688668,鼎通科技,2025-10-21 09:37:19,88.04,44989,87.9,U
sh688668,鼎通科技,2025-10-21 09:37:22,88.02,11157,88.04,D
sh688668,鼎通科技,2025-10-21 09:37:28,88.16,3874,88.16,D
sh688668,鼎通科技,2025-10-21 09:37:31,88.08,3727,88.16,E
sh688668,鼎通科技,2025-10-21 09:37:37,88.22,2789,88.19,U
sh688668,鼎通科技,2025-10-21 09:37:43,88.41,2417,88.4,U
sh688668,鼎通科技,2025-10-21 09:37:49,88.4,12230,88.5,D
sh688668,鼎通科技,2025-10-21 09:37:52,88.39,6581,88.4,E
sh688668,鼎通科技,2025-10-21 09:38:01,88.52,3942,88.46,U
sh688668,鼎通科技,2025-10-21 09:38:07,88.7,9823,88.7,D
sh688668,鼎通科技,2025-10-21 09:38:10,88.67,2523,88.7,E
sh688668,鼎通科技,2025-10-21 09:38:13,88.62,3543,88.67,D
sh688668,鼎通科技,2025-10-21 09:38:16,88.53,3360,88.62,D
sh688668,鼎通科技,2025-10-21 09:38:19,88.88,30315,88.53,U
sh688668,鼎通科技,2025-10-21 09:38:22,88.77,7300,88.88,D
sh688668,鼎通科技,2025-10-21 09:38:34,88.98,6461,88.94,U
sh688668,鼎通科技,2025-10-21 09:38:37,88.98,5787,88.98,D
sh688668,鼎通科技,2025-10-21 09:38:40,88.98,3062,88.98,U
sh688668,鼎通科技,2025-10-21 09:38:43,89.0,2672,88.98,U
sh688668,鼎通科技,2025-10-21 09:38:52,88.99,5325,89.0,D
sh688668,鼎通科技,2025-10-21 09:38:58,89.0,11373,89.03,D
sh688668,鼎通科技,2025-10-21 09:39:01,89.08,3527,89.0,U
sh688668,鼎通科技,2025-10-21 09:39:04,89.05,2868,89.08,D
sh688668,鼎通科技,2025-10-21 09:39:10,89.0,3500,89.05,D
sh688668,鼎通科技,2025-10-21 09:39:13,88.99,3825,89.0,D
sh688668,鼎通科技,2025-10-21 09:39:16,88.91,6956,88.99,D
sh688668,鼎通科技,2025-10-21 09:39:19,88.91,2364,88.91,D
sh688668,鼎通科技,2025-10-21 09:39:22,88.9,24099,88.91,D
sh688668,鼎通科技,2025-10-21 09:39:40,88.83,2300,88.79,U
sh688668,鼎通科技,2025-10-21 09:39:46,88.83,8839,88.78,U
sh688668,鼎通科技,2025-10-21 09:39:49,88.87,5968,88.83,U
sh688668,鼎通科技,2025-10-21 09:39:52,88.89,3339,88.87,U
sh688668,鼎通科技,2025-10-21 09:39:58,88.75,5130,88.89,D
sh688668,鼎通科技,2025-10-21 09:40:01,88.75,6453,88.75,D
sh688668,鼎通科技,2025-10-21 09:40:04,88.6,2731,88.75,D
sh688668,鼎通科技,2025-10-21 09:40:07,88.55,8318,88.6,D
sh688668,鼎通科技,2025-10-21 09:40:10,88.67,3390,88.55,U
sh688668,鼎通科技,2025-10-21 09:40:13,88.55,4829,88.67,U
sh688668,鼎通科技,2025-10-21 09:40:16,88.57,16269,88.55,U
sh688668,鼎通科技,2025-10-21 09:40:19,88.63,10716,88.57,U
sh688668,鼎通科技,2025-10-21 09:40:22,88.71,9925,88.63,U
sh688668,鼎通科技,2025-10-21 09:40:25,88.8,2385,88.71,U
sh688668,鼎通科技,2025-10-21 09:40:28,88.73,10263,88.8,E
sh688668,鼎通科技,2025-10-21 09:40:31,88.89,3916,88.73,U
sh688668,鼎通科技,2025-10-21 09:40:34,89.03,21757,88.89,U
sh688668,鼎通科技,2025-10-21 09:40:37,89.06,11231,89.03,U
sh688668,鼎通科技,2025-10-21 09:40:40,89.04,7692,89.06,E
sh688668,鼎通科技,2025-10-21 09:40:43,89.02,3316,89.04,E
sh688668,鼎通科技,2025-10-21 09:40:55,88.72,7482,88.8,D
sh688668,鼎通科技,2025-10-21 09:40:58,88.74,2821,88.72,U
sh688668,鼎通科技,2025-10-21 09:41:01,88.68,3660,88.74,U
sh688668,鼎通科技,2025-10-21 09:41:04,88.71,17813,88.68,U
sh688668,鼎通科技,2025-10-21 09:41:07,88.74,4996,88.71,U
sh688668,鼎通科技,2025-10-21 09:41:10,88.63,3038,88.74,E
sh688668,鼎通科技,2025-10-21 09:41:13,88.77,9228,88.63,U
sh688668,鼎通科技,2025-10-21 09:41:16,88.83,34668,88.77,U
sh688668,鼎通科技,2025-10-21 09:41:19,88.98,9467,88.83,U
sh688668,鼎通科技,2025-10-21 09:41:22,88.88,27705,88.98,E
sh688668,鼎通科技,2025-10-21 09:41:25,88.9,6525,88.88,U
sh688668,鼎通科技,2025-10-21 09:41:31,88.92,9213,88.85,U
sh688668,鼎通科技,2025-10-21 09:41:34,89.03,11131,88.92,U
sh688668,鼎通科技,2025-10-21 09:41:37,89.06,10103,89.03,U
sh688668,鼎通科技,2025-10-21 09:41:40,89.23,5469,89.06,U
sh688668,鼎通科技,2025-10-21 09:41:46,89.31,8399,89.23,U
sh688668,鼎通科技,2025-10-21 09:41:49,89.41,2899,89.31,U
sh688668,鼎通科技,2025-10-21 09:41:52,89.3,5900,89.41,D
sh688668,鼎通科技,2025-10-21 09:41:58,89.21,8566,89.3,D
sh688668,鼎通科技,2025-10-21 09:42:01,89.31,3290,89.21,U
sh688668,鼎通科技,2025-10-21 09:42:04,89.27,2526,89.31,E
sh688668,鼎通科技,2025-10-21 09:42:19,89.04,5800,89.04,U
sh688668,鼎通科技,2025-10-21 09:42:25,89.02,4138,89.01,E
sh688668,鼎通科技,2025-10-21 09:42:31,89.02,5241,89.02,U
sh688668,鼎通科技,2025-10-21 09:42:34,89.2,3752,89.02,U
sh688668,鼎通科技,2025-10-21 09:42:46,89.04,10665,89.09,D
sh688668,鼎通科技,2025-10-21 09:42:49,89.03,3452,89.04,D
sh688668,鼎通科技,2025-10-21 09:42:52,89.0,10058,89.03,D
sh688668,鼎通科技,2025-10-21 09:42:55,89.1,2862,89.0,U
sh688668,鼎通科技,2025-10-21 09:42:58,89.22,3241,89.1,U
sh688668,鼎通科技,2025-10-21 09:43:01,89.2,8583,89.22,D
sh688668,鼎通科技,2025-10-21 09:43:04,89.28,3745,89.2,U
sh688668,鼎通科技,2025-10-21 09:43:07,89.24,2982,89.28,E
sh688668,鼎通科技,2025-10-21 09:43:13,89.3,2965,89.24,U
sh688668,鼎通科技,2025-10-21 09:43:16,89.34,3616,89.3,U
sh688668,鼎通科技,2025-10-21 09:43:19,89.34,4368,89.34,D
sh688668,鼎通科技,2025-10-21 09:43:22,89.36,6406,89.34,U
sh688668,鼎通科技,2025-10-21 09:43:25,89.36,12232,89.36,U
sh688668,鼎通科技,2025-10-21 09:43:28,89.38,8919,89.36,E
sh688668,鼎通科技,2025-10-21 09:43:31,89.38,7952,89.38,E
sh688668,鼎通科技,2025-10-21 09:43:34,89.2,3324,89.38,D
sh688668,鼎通科技,2025-10-21 09:43:43,89.36,3426,89.15,E
sh688668,鼎通科技,2025-10-21 09:43:52,89.17,12262,89.33,E
sh688668,鼎通科技,2025-10-21 09:43:55,89.32,3065,89.17,U
sh688668,鼎通科技,2025-10-21 09:43:58,89.41,10176,89.32,U
sh688668,鼎通科技,2025-10-21 09:44:01,89.59,2869,89.41,U
sh688668,鼎通科技,2025-10-21 09:44:04,89.68,3381,89.59,U
sh688668,鼎通科技,2025-10-21 09:44:07,89.7,2507,89.68,U
sh688668,鼎通科技,2025-10-21 09:44:13,89.7,2909,89.7,U
sh688668,鼎通科技,2025-10-21 09:44:16,89.7,2301,89.7,U
sh688668,鼎通科技,2025-10-21 09:44:19,89.69,2636,89.7,U
sh688668,鼎通科技,2025-10-21 09:44:22,89.46,2660,89.69,E
sh688668,鼎通科技,2025-10-21 09:44:34,89.38,9993,89.46,D
sh688668,鼎通科技,2025-10-21 09:44:37,89.43,5402,89.38,U
sh688668,鼎通科技,2025-10-21 09:44:40,89.3,6439,89.43,E
sh688668,鼎通科技,2025-10-21 09:44:43,89.23,7409,89.3,D
sh688668,鼎通科技,2025-10-21 09:44:49,89.24,10703,89.65,D
sh688668,鼎通科技,2025-10-21 09:44:55,89.72,4371,89.7,U
sh688668,鼎通科技,2025-10-21 09:44:58,89.72,3691,89.72,U
sh688668,鼎通科技,2025-10-21 09:45:01,89.88,10267,89.72,U
sh688668,鼎通科技,2025-10-21 09:45:04,89.93,2710,89.88,U
sh688668,鼎通科技,2025-10-21 09:45:07,90.0,8933,89.93,U
sh688668,鼎通科技,2025-10-21 09:45:13,89.98,8120,90.0,D
sh688668,鼎通科技,2025-10-21 09:45:25,89.98,5164,89.99,U
sh688668,鼎通科技,2025-10-21 09:45:28,89.79,5982,89.98,E
sh688668,鼎通科技,2025-10-21 09:45:31,89.76,3116,89.79,D
sh688668,鼎通科技,2025-10-21 09:45:40,89.88,2500,90.0,D
sh688668,鼎通科技,2025-10-21 09:45:43,89.99,3267,89.88,U
sh688668,鼎通科技,2025-10-21 09:45:46,89.88,5000,89.99,U
sh688668,鼎通科技,2025-10-21 09:45:52,89.85,10496,89.88,E
sh688668,鼎通科技,2025-10-21 09:45:55,89.72,5735,89.85,D
sh688668,鼎通科技,2025-10-21 09:45:58,89.8,9644,89.72,U
sh688668,鼎通科技,2025-10-21 09:46:01,89.86,9684,89.8,U
sh688668,鼎通科技,2025-10-21 09:46:04,90.0,4598,89.86,U
sh688668,鼎通科技,2025-10-21 09:46:07,89.86,4361,90.0,E
sh688668,鼎通科技,2025-10-21 09:46:16,90.1,3648,89.94,U
sh688668,鼎通科技,2025-10-21 09:46:22,90.35,4881,90.14,U
sh688668,鼎通科技,2025-10-21 09:46:31,90.42,3166,90.46,E
sh688668,鼎通科技,2025-10-21 09:46:34,90.22,12880,90.42,D
sh688668,鼎通科技,2025-10-21 09:46:37,90.49,8702,90.22,U
sh688668,鼎通科技,2025-10-21 09:46:40,90.54,3049,90.49,U
sh688668,鼎通科技,2025-10-21 09:46:46,90.69,2906,90.7,E
sh688668,鼎通科技,2025-10-21 09:46:49,90.54,11138,90.69,D
sh688668,鼎通科技,2025-10-21 09:46:55,90.67,3366,90.64,E
sh688668,鼎通科技,2025-10-21 09:47:04,90.67,9133,90.55,U
sh688668,鼎通科技,2025-10-21 09:47:07,90.76,6281,90.67,U
sh688668,鼎通科技,2025-10-21 09:47:10,90.83,5770,90.76,U
sh688668,鼎通科技,2025-10-21 09:47:22,90.98,2600,90.86,U
sh688668,鼎通科技,2025-10-21 09:47:25,90.87,6988,90.98,D
sh688668,鼎通科技,2025-10-21 09:47:31,91.0,26510,90.87,U
sh688668,鼎通科技,2025-10-21 09:47:34,91.0,2998,91.0,D
sh688668,鼎通科技,2025-10-21 09:47:40,91.0,12023,90.99,U
sh688668,鼎通科技,2025-10-21 09:47:43,91.06,2392,91.0,U
sh688668,鼎通科技,2025-10-21 09:47:46,90.98,3058,91.06,E
sh688668,鼎通科技,2025-10-21 09:48:04,91.21,30173,90.98,U
sh688668,鼎通科技,2025-10-21 09:48:07,91.41,8488,91.21,U
sh688668,鼎通科技,2025-10-21 09:48:10,91.2,15783,91.41,D
sh688668,鼎通科技,2025-10-21 09:48:13,91.37,4106,91.2,U
sh688668,鼎通科技,2025-10-21 09:48:16,91.09,2670,91.37,D
sh688668,鼎通科技,2025-10-21 09:48:19,91.19,2442,91.09,E
sh688668,鼎通科技,2025-10-21 09:48:22,91.04,2356,91.19,D
sh688668,鼎通科技,2025-10-21 09:48:34,91.2,8657,91.12,U
sh688668,鼎通科技,2025-10-21 09:48:37,91.49,3664,91.2,U
sh688668,鼎通科技,2025-10-21 09:48:46,91.22,3140,91.42,D
sh688668,鼎通科技,2025-10-21 09:48:55,91.19,4844,91.23,D
sh688668,鼎通科技,2025-10-21 09:48:58,91.22,4314,91.19,U
sh688668,鼎通科技,2025-10-21 09:49:01,91.23,8161,91.22,U
sh688668,鼎通科技,2025-10-21 09:49:04,91.42,3104,91.23,U
sh688668,鼎通科技,2025-10-21 09:49:07,91.4,21234,91.42,D
sh688668,鼎通科技,2025-10-21 09:49:10,91.42,6902,91.4,U
sh688668,鼎通科技,2025-10-21 09:49:19,91.37,7595,91.37,U
sh688668,鼎通科技,2025-10-21 09:49:22,91.37,3637,91.37,U
sh688668,鼎通科技,2025-10-21 09:49:25,91.24,3038,91.37,D
sh688668,鼎通科技,2025-10-21 09:49:31,91.14,8745,91.24,D
sh688668,鼎通科技,2025-10-21 09:49:34,91.31,30540,91.14,U
sh688668,鼎通科技,2025-10-21 09:49:37,91.1,15895,91.31,D
sh688668,鼎通科技,2025-10-21 09:49:40,91.47,5680,91.1,U
sh688668,鼎通科技,2025-10-21 09:49:43,91.39,16681,91.47,E
sh688668,鼎通科技,2025-10-21 09:49:46,91.39,6329,91.39,U
sh688668,鼎通科技,2025-10-21 09:50:04,91.39,7015,91.28,U
sh688668,鼎通科技,2025-10-21 09:50:07,91.39,7243,91.39,D
sh688668,鼎通科技,2025-10-21 09:50:10,91.48,3072,91.39,U
sh688668,鼎通科技,2025-10-21 09:50:19,91.3,7401,91.42,D
sh688668,鼎通科技,2025-10-21 09:50:22,91.22,4506,91.3,D
sh688668,鼎通科技,2025-10-21 09:50:25,91.24,12900,91.22,E
sh688668,鼎通科技,2025-10-21 09:50:34,90.99,6600,91.09,D
sh688668,鼎通科技,2025-10-21 09:50:37,91.0,4223,90.99,U
sh688668,鼎通科技,2025-10-21 09:50:40,91.06,4613,91.0,U
sh688668,鼎通科技,2025-10-21 09:50:43,91.12,4266,91.06,U
sh688668,鼎通科技,2025-10-21 09:50:46,91.16,2928,91.12,U
sh688668,鼎通科技,2025-10-21 09:50:52,91.1,5300,91.15,D
sh688668,鼎通科技,2025-10-21 09:50:58,91.05,3800,91.06,D
sh688668,鼎通科技,2025-10-21 09:51:01,91.05,2539,91.05,D
sh688668,鼎通科技,2025-10-21 09:51:07,90.98,3410,91.0,D
sh688668,鼎通科技,2025-10-21 09:51:13,90.89,7442,90.98,D
sh688668,鼎通科技,2025-10-21 09:51:16,90.97,4316,90.89,U
sh688668,鼎通科技,2025-10-21 09:51:19,90.89,4202,90.97,E
sh688668,鼎通科技,2025-10-21 09:51:22,90.95,2760,90.89,E
sh688668,鼎通科技,2025-10-21 09:51:28,90.9,3342,90.95,E
sh688668,鼎通科技,2025-10-21 09:51:31,90.89,3329,90.9,D
sh688668,鼎通科技,2025-10-21 09:51:40,91.0,16333,90.89,U
sh688668,鼎通科技,2025-10-21 09:51:43,91.04,2312,91.0,U
sh688668,鼎通科技,2025-10-21 09:51:46,91.06,6879,91.04,U
sh688668,鼎通科技,2025-10-21 09:51:55,90.96,6695,91.06,D
sh688668,鼎通科技,2025-10-21 09:51:58,90.98,2700,90.96,E
sh688668,鼎通科技,2025-10-21 09:52:01,90.7,23924,90.98,D
sh688668,鼎通科技,2025-10-21 09:52:07,90.68,5171,90.68,D
sh688668,鼎通科技,2025-10-21 09:52:16,90.54,4571,90.55,D
sh688668,鼎通科技,2025-10-21 09:52:22,90.22,3544,90.42,D
sh688668,鼎通科技,2025-10-21 09:52:28,90.17,5398,90.22,D
sh688668,鼎通科技,2025-10-21 09:52:34,90.22,2238,90.2,U
sh688668,鼎通科技,2025-10-21 09:52:37,90.2,2500,90.22,D
sh688668,鼎通科技,2025-10-21 09:53:07,90.49,5558,90.35,U
sh688668,鼎通科技,2025-10-21 09:53:22,90.43,4048,90.35,U
sh688668,鼎通科技,2025-10-21 09:53:28,90.47,2700,90.43,U
sh688668,鼎通科技,2025-10-21 09:53:46,90.29,2900,90.27,U
sh688668,鼎通科技,2025-10-21 09:53:52,90.42,2817,90.29,U
sh688668,鼎通科技,2025-10-21 09:54:04,90.67,2336,90.56,U
sh688668,鼎通科技,2025-10-21 09:54:22,90.56,4100,90.65,D
sh688668,鼎通科技,2025-10-21 09:54:28,90.62,6280,90.56,U
sh688668,鼎通科技,2025-10-21 09:54:43,90.26,5843,90.38,D
sh688668,鼎通科技,2025-10-21 09:54:52,90.0,3545,90.02,D
sh688668,鼎通科技,2025-10-21 09:55:01,89.86,2676,90.1,D
sh688668,鼎通科技,2025-10-21 09:55:13,89.76,6497,89.81,D
sh688668,鼎通科技,2025-10-21 09:55:16,89.86,10960,89.76,U
sh688668,鼎通科技,2025-10-21 09:55:22,89.84,3960,89.79,U
sh688668,鼎通科技,2025-10-21 09:55:49,89.75,2957,89.7,U
sh688668,鼎通科技,2025-10-21 09:55:52,89.76,3200,89.75,U
sh688668,鼎通科技,2025-10-21 09:56:01,89.76,6174,89.71,U
sh688668,鼎通科技,2025-10-21 09:56:04,89.7,3766,89.76,D
sh688668,鼎通科技,2025-10-21 09:56:13,89.96,3442,89.77,U
sh688668,鼎通科技,2025-10-21 09:56:19,90.07,4999,90.01,U
sh688668,鼎通科技,2025-10-21 09:56:25,89.96,3944,90.04,D
sh688668,鼎通科技,2025-10-21 09:56:58,89.76,2763,89.77,D
sh688668,鼎通科技,2025-10-21 09:57:13,90.08,3042,89.84,U
sh688668,鼎通科技,2025-10-21 09:57:25,89.82,2685,89.9,U
sh688668,鼎通科技,2025-10-21 09:57:28,89.9,3148,89.82,U
sh688668,鼎通科技,2025-10-21 09:57:34,89.92,7185,89.9,U
sh688668,鼎通科技,2025-10-21 09:57:43,90.02,19004,89.98,U
sh688668,鼎通科技,2025-10-21 09:57:49,90.0,5600,90.16,D
sh688668,鼎通科技,2025-10-21 09:58:22,89.91,2406,90.09,D
sh688668,鼎通科技,2025-10-21 09:58:31,89.91,2504,89.91,D
sh688668,鼎通科技,2025-10-21 09:58:40,89.8,2411,89.8,D
sh688668,鼎通科技,2025-10-21 09:58:43,89.99,13784,89.8,U
sh688668,鼎通科技,2025-10-21 09:58:46,89.91,3300,89.99,D
sh688668,鼎通科技,2025-10-21 09:58:52,89.71,4431,89.91,D
sh688668,鼎通科技,2025-10-21 09:58:55,89.71,9341,89.71,U
sh688668,鼎通科技,2025-10-21 09:59:01,89.88,3088,89.71,U
sh688668,鼎通科技,2025-10-21 09:59:16,89.68,6491,89.83,D
sh688668,鼎通科技,2025-10-21 09:59:55,89.68,7692,89.82,D
sh688668,鼎通科技,2025-10-21 10:00:13,89.55,4946,89.55,E
sh688668,鼎通科技,2025-10-21 10:00:55,89.5,4590,89.56,D
sh688668,鼎通科技,2025-10-21 10:00:58,89.56,4981,89.5,U
sh688668,鼎通科技,2025-10-21 10:01:10,89.4,4391,89.42,D
sh688668,鼎通科技,2025-10-21 10:01:13,89.59,22720,89.4,U
sh688668,鼎通科技,2025-10-21 10:01:22,89.69,3300,89.81,U
sh688668,鼎通科技,2025-10-21 10:01:34,89.67,4387,89.66,U
sh688668,鼎通科技,2025-10-21 10:02:01,89.59,5500,89.68,D
sh688668,鼎通科技,2025-10-21 10:02:28,89.34,8471,89.29,U
sh688668,鼎通科技,2025-10-21 10:02:31,89.29,2738,89.34,D
sh688668,鼎通科技,2025-10-21 10:02:37,89.23,6400,89.3,D
sh688668,鼎通科技,2025-10-21 10:02:43,89.18,5200,89.23,D
sh688668,鼎通科技,2025-10-21 10:02:52,89.2,3000,89.24,D
sh688668,鼎通科技,2025-10-21 10:02:55,89.22,4777,89.2,E
sh688668,鼎通科技,2025-10-21 10:03:01,89.2,3226,89.22,D
sh688668,鼎通科技,2025-10-21 10:03:04,89.32,8574,89.2,U
sh688668,鼎通科技,2025-10-21 10:03:07,89.2,3800,89.32,D
sh688668,鼎通科技,2025-10-21 10:03:31,89.2,10000,89.32,D
sh688668,鼎通科技,2025-10-21 10:03:40,89.34,2273,89.32,U
sh688668,鼎通科技,2025-10-21 10:03:58,89.3,2800,89.41,D
sh688668,鼎通科技,2025-10-21 10:04:01,89.48,17266,89.3,U
sh688668,鼎通科技,2025-10-21 10:04:19,89.53,14532,89.53,U
sh688668,鼎通科技,2025-10-21 10:04:43,89.7,10348,89.65,U
sh688668,鼎通科技,2025-10-21 10:04:46,89.89,7107,89.7,U
sh688668,鼎通科技,2025-10-21 10:05:07,89.98,6157,89.95,U
sh688668,鼎通科技,2025-10-21 10:05:10,90.5,2547,89.98,U
sh688668,鼎通科技,2025-10-21 10:05:16,90.41,5200,90.5,U
sh688668,鼎通科技,2025-10-21 10:05:31,90.36,2447,90.18,U
sh688668,鼎通科技,2025-10-21 10:05:37,90.32,2634,90.36,U
sh688668,鼎通科技,2025-10-21 10:06:19,90.0,3100,90.15,D
sh688668,鼎通科技,2025-10-21 10:07:01,89.71,4800,89.57,U
sh688668,鼎通科技,2025-10-21 10:07:04,89.98,7846,89.71,U
sh688668,鼎通科技,2025-10-21 10:07:10,89.71,5900,89.98,D
sh688668,鼎通科技,2025-10-21 10:07:22,90.0,4494,90.0,U
sh688668,鼎通科技,2025-10-21 10:07:58,89.98,5045,89.98,U
sh688668,鼎通科技,2025-10-21 10:09:19,90.1,7098,90.1,U
sh688668,鼎通科技,2025-10-21 10:09:40,90.1,3281,90.09,U
sh688668,鼎通科技,2025-10-21 10:09:49,90.1,9444,90.14,D
sh688668,鼎通科技,2025-10-21 10:10:01,89.98,8504,90.12,D
sh688668,鼎通科技,2025-10-21 10:10:58,89.82,5084,89.83,D
sh688668,鼎通科技,2025-10-21 10:11:01,89.83,2597,89.82,U
sh688668,鼎通科技,2025-10-21 10:12:01,89.5,6785,89.52,D
sh688668,鼎通科技,2025-10-21 10:12:13,89.4,2257,89.37,E
sh688668,鼎通科技,2025-10-21 10:12:16,89.48,2285,89.4,U
sh688668,鼎通科技,2025-10-21 10:12:22,89.52,8473,89.45,U
sh688668,鼎通科技,2025-10-21 10:12:25,89.68,5748,89.52,U
sh688668,鼎通科技,2025-10-21 10:12:40,89.73,2529,89.69,U
sh688668,鼎通科技,2025-10-21 10:13:01,89.71,5053,89.71,U
sh688668,鼎通科技,2025-10-21 10:13:25,89.75,2366,89.71,U
sh688668,鼎通科技,2025-10-21 10:14:16,89.7,7106,89.59,U
sh688668,鼎通科技,2025-10-21 10:15:28,89.86,2864,89.76,U
sh688668,鼎通科技,2025-10-21 10:15:34,89.71,3168,89.86,D
sh688668,鼎通科技,2025-10-21 10:15:37,89.64,2501,89.71,D
sh688668,鼎通科技,2025-10-21 10:15:46,89.64,4554,89.56,U
sh688668,鼎通科技,2025-10-21 10:15:49,89.54,5502,89.64,D
sh688668,鼎通科技,2025-10-21 10:16:22,89.57,12797,89.57,E
sh688668,鼎通科技,2025-10-21 10:17:43,89.5,2686,89.5,U
sh688668,鼎通科技,2025-10-21 10:18:07,89.4,3361,89.5,D
sh688668,鼎通科技,2025-10-21 10:18:37,89.34,5866,89.37,D
sh688668,鼎通科技,2025-10-21 10:18:40,89.33,4578,89.34,D
sh688668,鼎通科技,2025-10-21 10:18:43,89.32,7722,89.33,D
sh688668,鼎通科技,2025-10-21 10:18:46,89.31,5049,89.32,E
sh688668,鼎通科技,2025-10-21 10:18:58,89.32,7870,89.24,U
sh688668,鼎通科技,2025-10-21 10:19:01,89.37,9032,89.32,U
sh688668,鼎通科技,2025-10-21 10:19:04,89.34,3522,89.37,D
sh688668,鼎通科技,2025-10-21 10:19:22,89.38,4128,89.24,U
sh688668,鼎通科技,2025-10-21 10:20:37,89.38,3401,89.38,D
sh688668,鼎通科技,2025-10-21 10:21:01,89.34,7425,89.34,U
sh688668,鼎通科技,2025-10-21 10:21:07,89.47,10592,89.39,U
sh688668,鼎通科技,2025-10-21 10:21:10,89.61,5423,89.47,U
sh688668,鼎通科技,2025-10-21 10:23:19,89.84,3564,89.79,U
sh688668,鼎通科技,2025-10-21 10:23:22,89.9,4156,89.84,U
sh688668,鼎通科技,2025-10-21 10:23:25,89.88,2817,89.9,D
sh688668,鼎通科技,2025-10-21 10:24:19,89.93,2603,89.91,U
sh688668,鼎通科技,2025-10-21 10:24:58,90.0,4422,90.0,U
sh688668,鼎通科技,2025-10-21 10:26:46,89.99,2626,89.99,U
sh688668,鼎通科技,2025-10-21 10:26:49,89.99,13168,89.99,U
sh688668,鼎通科技,2025-10-21 10:26:52,89.98,4304,89.99,U
sh688668,鼎通科技,2025-10-21 10:26:55,89.94,2398,89.98,E
sh688668,鼎通科技,2025-10-21 10:27:28,89.97,6000,89.97,D
sh688668,鼎通科技,2025-10-21 10:27:49,90.1,2308,90.03,U
sh688668,鼎通科技,2025-10-21 10:28:04,90.13,2618,90.1,U
sh688668,鼎通科技,2025-10-21 10:28:07,90.17,4636,90.13,U
sh688668,鼎通科技,2025-10-21 10:28:43,90.16,2225,90.19,D
sh688668,鼎通科技,2025-10-21 10:29:37,90.13,2400,89.92,U
sh688668,鼎通科技,2025-10-21 10:29:43,90.03,2678,90.12,E
sh688668,鼎通科技,2025-10-21 10:29:55,89.95,2900,89.96,D
sh688668,鼎通科技,2025-10-21 10:30:40,89.95,2690,89.96,E
sh688668,鼎通科技,2025-10-21 10:30:43,89.97,3379,89.95,U
sh688668,鼎通科技,2025-10-21 10:30:46,89.95,3812,89.97,D
sh688668,鼎通科技,2025-10-21 10:31:58,90.3,5600,90.21,U
sh688668,鼎通科技,2025-10-21 10:32:16,90.08,4762,90.12,D
sh688668,鼎通科技,2025-10-21 10:32:22,90.08,5678,90.08,D
sh688668,鼎通科技,2025-10-21 10:33:34,90.0,2233,90.0,D
sh688668,鼎通科技,2025-10-21 10:33:37,89.98,4077,90.0,D
sh688668,鼎通科技,2025-10-21 10:35:25,90.11,3452,90.21,D
sh688668,鼎通科技,2025-10-21 10:35:28,90.11,3893,90.11,D
sh688668,鼎通科技,2025-10-21 10:36:10,90.22,10474,90.11,U
sh688668,鼎通科技,2025-10-21 10:36:16,90.21,2380,90.21,D
sh688668,鼎通科技,2025-10-21 10:36:46,90.38,3033,90.28,U
sh688668,鼎通科技,2025-10-21 10:37:04,90.42,3384,90.38,U
sh688668,鼎通科技,2025-10-21 10:37:07,90.43,2294,90.42,E
sh688668,鼎通科技,2025-10-21 10:38:25,90.58,4190,90.59,E
sh688668,鼎通科技,2025-10-21 10:38:55,90.3,3519,90.3,D
sh688668,鼎通科技,2025-10-21 10:39:04,90.31,2837,90.3,U
sh688668,鼎通科技,2025-10-21 10:39:07,90.24,4765,90.31,D
sh688668,鼎通科技,2025-10-21 10:39:10,90.41,2400,90.24,E
sh688668,鼎通科技,2025-10-21 10:39:19,90.63,9056,90.52,U
sh688668,鼎通科技,2025-10-21 10:39:31,90.62,10073,90.71,D
sh688668,鼎通科技,2025-10-21 10:39:34,90.97,4182,90.62,U
sh688668,鼎通科技,2025-10-21 10:39:40,90.97,5769,90.97,U
sh688668,鼎通科技,2025-10-21 10:39:46,90.97,2240,90.97,U
sh688668,鼎通科技,2025-10-21 10:39:55,90.88,3215,90.87,E
sh688668,鼎通科技,2025-10-21 10:39:58,90.98,3269,90.88,U
sh688668,鼎通科技,2025-10-21 10:40:13,90.99,2473,90.96,U
sh688668,鼎通科技,2025-10-21 10:41:01,90.94,6763,90.83,U
sh688668,鼎通科技,2025-10-21 10:41:19,90.99,10430,91.0,D
sh688668,鼎通科技,2025-10-21 10:41:22,90.95,10299,90.99,D
sh688668,鼎通科技,2025-10-21 10:41:28,90.95,2510,90.95,U
sh688668,鼎通科技,2025-10-21 10:41:40,90.95,2809,90.95,D
sh688668,鼎通科技,2025-10-21 10:41:46,90.87,2808,90.88,D
sh688668,鼎通科技,2025-10-21 10:41:52,90.87,7773,90.88,D
sh688668,鼎通科技,2025-10-21 10:41:58,90.95,3328,90.87,D
sh688668,鼎通科技,2025-10-21 10:42:01,90.98,2595,90.95,U
sh688668,鼎通科技,2025-10-21 10:42:07,91.0,14472,91.06,D
sh688668,鼎通科技,2025-10-21 10:42:22,90.74,9326,90.85,D
sh688668,鼎通科技,2025-10-21 10:43:04,90.56,7808,90.57,D
sh688668,鼎通科技,2025-10-21 10:43:07,90.55,10948,90.56,D
sh688668,鼎通科技,2025-10-21 10:43:25,90.56,2359,90.54,U
sh688668,鼎通科技,2025-10-21 10:44:31,90.82,10500,90.82,U
sh688668,鼎通科技,2025-10-21 10:45:10,90.9,5395,90.88,U
sh688668,鼎通科技,2025-10-21 10:45:31,90.71,6579,90.8,D
sh688668,鼎通科技,2025-10-21 10:45:34,90.56,3035,90.71,D
sh688668,鼎通科技,2025-10-21 10:45:55,90.76,3084,90.75,U
sh688668,鼎通科技,2025-10-21 10:46:04,90.79,2774,90.76,U
sh688668,鼎通科技,2025-10-21 10:46:07,90.75,12748,90.79,D
sh688668,鼎通科技,2025-10-21 10:46:34,90.76,2921,90.85,D
sh688668,鼎通科技,2025-10-21 10:46:46,90.81,2479,90.78,U
sh688668,鼎通科技,2025-10-21 10:46:49,90.96,21933,90.81,U
sh688668,鼎通科技,2025-10-21 10:47:04,90.8,3609,90.93,D
sh688668,鼎通科技,2025-10-21 10:47:07,91.0,4716,90.8,U
sh688668,鼎通科技,2025-10-21 10:47:19,91.08,2331,91.08,U
sh688668,鼎通科技,2025-10-21 10:47:22,91.22,3597,91.08,U
sh688668,鼎通科技,2025-10-21 10:47:28,91.28,9590,91.28,D
sh688668,鼎通科技,2025-10-21 10:47:46,91.29,2662,91.12,U
sh688668,鼎通科技,2025-10-21 10:47:55,91.3,3332,91.29,U
sh688668,鼎通科技,2025-10-21 10:48:07,91.29,8300,91.18,U
sh688668,鼎通科技,2025-10-21 10:48:19,91.31,24087,91.29,U
sh688668,鼎通科技,2025-10-21 10:48:40,91.45,5086,91.43,U
sh688668,鼎通科技,2025-10-21 10:48:46,91.45,12677,91.4,E
sh688668,鼎通科技,2025-10-21 10:48:58,91.4,2390,91.4,U
sh688668,鼎通科技,2025-10-21 10:49:07,91.37,12800,91.39,D
sh688668,鼎通科技,2025-10-21 10:49:19,91.16,18438,91.32,D
sh688668,鼎通科技,2025-10-21 10:49:25,91.19,2200,91.16,E
sh688668,鼎通科技,2025-10-21 10:49:40,91.08,24807,91.1,D
sh688668,鼎通科技,2025-10-21 10:49:43,91.0,24003,91.08,D
sh688668,鼎通科技,2025-10-21 10:49:46,91.0,3389,91.0,D
sh688668,鼎通科技,2025-10-21 10:49:49,90.8,2307,91.0,D
sh688668,鼎通科技,2025-10-21 10:50:58,90.6,10144,90.72,D
sh688668,鼎通科技,2025-10-21 10:54:04,90.59,7070,90.6,E
sh688668,鼎通科技,2025-10-21 10:54:16,90.61,6968,90.49,U
sh688668,鼎通科技,2025-10-21 10:54:55,90.66,7679,90.85,D
sh688668,鼎通科技,2025-10-21 10:55:19,90.58,8186,90.7,D
sh688668,鼎通科技,2025-10-21 10:55:22,90.9,6078,90.58,U
sh688668,鼎通科技,2025-10-21 10:55:43,90.9,9060,90.69,U
sh688668,鼎通科技,2025-10-21 10:55:46,90.9,27207,90.9,D
sh688668,鼎通科技,2025-10-21 10:55:49,90.89,14835,90.9,D
sh688668,鼎通科技,2025-10-21 10:55:58,90.73,7798,90.89,D
sh688668,鼎通科技,2025-10-21 10:56:10,91.0,2952,90.94,U
sh688668,鼎通科技,2025-10-21 10:56:22,91.18,4332,90.96,U
sh688668,鼎通科技,2025-10-21 10:56:52,91.24,31000,91.29,E
sh688668,鼎通科技,2025-10-21 10:57:22,90.6,5600,90.94,D
sh688668,鼎通科技,2025-10-21 10:57:34,90.32,5651,90.6,D
sh688668,鼎通科技,2025-10-21 10:57:58,90.67,15329,90.67,D
sh688668,鼎通科技,2025-10-21 10:58:01,90.68,2679,90.67,U
sh688668,鼎通科技,2025-10-21 10:58:10,90.6,16222,90.67,D
sh688668,鼎通科技,2025-10-21 10:58:28,90.53,5730,90.53,U
sh688668,鼎通科技,2025-10-21 10:58:34,90.1,10933,90.53,D
sh688668,鼎通科技,2025-10-21 10:58:58,90.37,3734,90.65,D
sh688668,鼎通科技,2025-10-21 10:59:34,90.1,8000,90.67,D
sh688668,鼎通科技,2025-10-21 11:00:01,90.6,3322,90.6,U
sh688668,鼎通科技,2025-10-21 11:00:16,90.79,3379,90.66,U
sh688668,鼎通科技,2025-10-21 11:00:19,90.47,3000,90.79,D
sh688668,鼎通科技,2025-10-21 11:00:31,90.43,4000,90.77,D
sh688668,鼎通科技,2025-10-21 11:00:43,90.4,2801,90.43,D
sh688668,鼎通科技,2025-10-21 11:00:55,90.1,4300,90.39,D
sh688668,鼎通科技,2025-10-21 11:01:01,90.39,6200,90.1,U
sh688668,鼎通科技,2025-10-21 11:01:04,90.0,5400,90.39,D
sh688668,鼎通科技,2025-10-21 11:01:13,90.0,5000,90.0,D
sh688668,鼎通科技,2025-10-21 11:02:07,90.76,8814,90.73,U
sh688668,鼎通科技,2025-10-21 11:03:04,90.72,7120,90.65,U
sh688668,鼎通科技,2025-10-21 11:03:10,90.88,10058,90.74,U
sh688668,鼎通科技,2025-10-21 11:04:16,91.2,17626,91.07,U
sh688668,鼎通科技,2025-10-21 11:04:19,91.25,7317,91.2,U
sh688668,鼎通科技,2025-10-21 11:04:34,91.27,2511,91.4,D
sh688668,鼎通科技,2025-10-21 11:04:49,91.33,9925,91.25,U
sh688668,鼎通科技,2025-10-21 11:05:43,91.4,13266,91.21,U
sh688668,鼎通科技,2025-10-21 11:05:46,91.43,5300,91.4,U
sh688668,鼎通科技,2025-10-21 11:05:55,91.4,10515,91.42,D
sh688668,鼎通科技,2025-10-21 11:06:37,91.19,2224,91.2,D
sh688668,鼎通科技,2025-10-21 11:06:40,91.2,6100,91.19,U
sh688668,鼎通科技,2025-10-21 11:06:49,91.2,4000,91.1,U
sh688668,鼎通科技,2025-10-21 11:07:25,91.09,5705,91.08,U
sh688668,鼎通科技,2025-10-21 11:08:04,91.14,2545,91.14,D
sh688668,鼎通科技,2025-10-21 11:08:07,91.07,5468,91.14,D
sh688668,鼎通科技,2025-10-21 11:08:10,90.91,2950,91.07,D
sh688668,鼎通科技,2025-10-21 11:08:49,90.99,2549,90.88,U
sh688668,鼎通科技,2025-10-21 11:10:49,90.85,3000,90.92,D
sh688668,鼎通科技,2025-10-21 11:11:34,90.85,3130,90.93,D
sh688668,鼎通科技,2025-10-21 11:12:07,91.0,11731,90.98,U
sh688668,鼎通科技,2025-10-21 11:13:16,90.96,3709,90.88,U
sh688668,鼎通科技,2025-10-21 11:13:40,90.97,4600,90.96,U
sh688668,鼎通科技,2025-10-21 11:13:49,90.99,2978,90.99,U
sh688668,鼎通科技,2025-10-21 11:14:13,91.2,10067,91.07,U
sh688668,鼎通科技,2025-10-21 11:14:55,90.97,2201,90.97,D
sh688668,鼎通科技,2025-10-21 11:14:58,90.95,4521,90.97,D
sh688668,鼎通科技,2025-10-21 11:15:01,90.95,6308,90.95,D
sh688668,鼎通科技,2025-10-21 11:15:04,90.95,6641,90.95,D
sh688668,鼎通科技,2025-10-21 11:15:55,90.99,10307,90.95,U
sh688668,鼎通科技,2025-10-21 11:15:58,90.99,2226,90.99,U
sh688668,鼎通科技,2025-10-21 11:17:13,91.26,4465,91.28,D
sh688668,鼎通科技,2025-10-21 11:17:25,91.3,4000,91.25,U
sh688668,鼎通科技,2025-10-21 11:17:40,91.4,2300,91.34,U
sh688668,鼎通科技,2025-10-21 11:17:52,91.4,2536,91.4,U
sh688668,鼎通科技,2025-10-21 11:18:01,91.42,11900,91.41,U
sh688668,鼎通科技,2025-10-21 11:18:25,91.47,7175,91.47,D
sh688668,鼎通科技,2025-10-21 11:18:28,91.48,2800,91.47,U
sh688668,鼎通科技,2025-10-21 11:18:46,91.44,3361,91.45,D
sh688668,鼎通科技,2025-10-21 11:18:49,91.5,7200,91.44,U
sh688668,鼎通科技,2025-10-21 11:19:25,91.5,3848,91.49,U
sh688668,鼎通科技,2025-10-21 11:19:52,91.6,5668,91.56,U
sh688668,鼎通科技,2025-10-21 11:20:07,91.66,2393,91.66,U
sh688668,鼎通科技,2025-10-21 11:20:16,91.67,3555,91.67,U
sh688668,鼎通科技,2025-10-21 11:20:40,91.8,15644,91.76,U
sh688668,鼎通科技,2025-10-21 11:20:55,91.9,10417,91.78,U
sh688668,鼎通科技,2025-10-21 11:21:01,91.8,5691,91.9,D
sh688668,鼎通科技,2025-10-21 11:21:13,91.7,2188,91.8,D
sh688668,鼎通科技,2025-10-21 11:21:34,91.6,3615,91.6,D
sh688668,鼎通科技,2025-10-21 11:21:40,91.6,3443,91.6,U
sh688668,鼎通科技,2025-10-21 11:21:43,91.6,10028,91.6,U
sh688668,鼎通科技,2025-10-21 11:22:04,91.67,5592,91.59,U
sh688668,鼎通科技,2025-10-21 11:22:55,91.89,3335,91.89,D
sh688668,鼎通科技,2025-10-21 11:22:58,91.86,2453,91.89,D
sh688668,鼎通科技,2025-10-21 11:23:07,91.86,4298,91.86,D
sh688668,鼎通科技,2025-10-21 11:23:28,91.89,2265,91.89,U
sh688668,鼎通科技,2025-10-21 11:23:40,91.99,11554,91.89,U
sh688668,鼎通科技,2025-10-21 11:23:43,91.99,14100,91.99,U
sh688668,鼎通科技,2025-10-21 11:23:58,92.17,4837,92.09,U
sh688668,鼎通科技,2025-10-21 11:24:04,92.17,5118,92.17,U
sh688668,鼎通科技,2025-10-21 11:24:46,92.2,7200,92.17,U
sh688668,鼎通科技,2025-10-21 11:24:49,92.44,14576,92.2,U
sh688668,鼎通科技,2025-10-21 11:24:58,92.44,4390,92.44,U
sh688668,鼎通科技,2025-10-21 11:25:19,92.25,2751,92.25,D
sh688668,鼎通科技,2025-10-21 11:25:37,92.25,7583,92.23,U
sh688668,鼎通科技,2025-10-21 11:26:31,92.13,5854,92.17,D
sh688668,鼎通科技,2025-10-21 11:26:40,92.07,2321,92.09,D
sh688668,鼎通科技,2025-10-21 11:26:43,92.07,2685,92.07,D
sh688668,鼎通科技,2025-10-21 11:26:55,92.0,8671,92.03,D
sh688668,鼎通科技,2025-10-21 11:27:01,92.0,3140,92.0,D
sh688668,鼎通科技,2025-10-21 11:27:04,92.0,3540,92.0,D
sh688668,鼎通科技,2025-10-21 11:27:10,91.9,5400,91.9,D
sh688668,鼎通科技,2025-10-21 11:27:52,91.9,2947,91.95,D
sh688668,鼎通科技,2025-10-21 11:27:55,91.96,3698,91.9,U
sh688668,鼎通科技,2025-10-21 11:28:01,91.97,4633,91.96,U
sh688668,鼎通科技,2025-10-21 11:28:07,91.96,2422,91.97,D
sh688668,鼎通科技,2025-10-21 11:28:10,92.0,2912,91.96,U
sh688668,鼎通科技,2025-10-21 11:28:16,91.96,8914,91.97,D
sh688668,鼎通科技,2025-10-21 11:28:19,91.96,3347,91.96,D
sh688668,鼎通科技,2025-10-21 11:28:22,92.0,3521,91.96,U
sh688668,鼎通科技,2025-10-21 11:28:25,92.0,3382,92.0,D
sh688668,鼎通科技,2025-10-21 11:28:43,91.9,4424,91.9,D
sh688668,鼎通科技,2025-10-21 11:28:49,91.86,15007,91.9,D
sh688668,鼎通科技,2025-10-21 11:29:04,91.89,2805,91.86,U
sh688668,鼎通科技,2025-10-21 11:29:16,91.9,6200,91.89,U
sh688668,鼎通科技,2025-10-21 11:29:43,91.96,2524,91.91,U
sh688668,鼎通科技,2025-10-21 11:29:49,91.97,2424,91.96,U
sh688668,鼎通科技,2025-10-21 13:00:04,91.98,7149,91.97,U
sh688668,鼎通科技,2025-10-21 13:00:07,91.98,5620,91.98,D
sh688668,鼎通科技,2025-10-21 13:00:10,91.97,6051,91.98,D
sh688668,鼎通科技,2025-10-21 13:00:13,91.9,2832,91.97,D
sh688668,鼎通科技,2025-10-21 13:00:16,91.86,24728,91.9,D
sh688668,鼎通科技,2025-10-21 13:00:19,91.81,3395,91.86,D
sh688668,鼎通科技,2025-10-21 13:00:22,91.46,8444,91.81,D
sh688668,鼎通科技,2025-10-21 13:00:25,91.45,14627,91.46,D
sh688668,鼎通科技,2025-10-21 13:00:28,91.44,10406,91.45,D
sh688668,鼎通科技,2025-10-21 13:00:37,91.56,2408,91.44,U
sh688668,鼎通科技,2025-10-21 13:00:43,91.64,2838,91.57,U
sh688668,鼎通科技,2025-10-21 13:00:49,91.86,2395,91.63,U
sh688668,鼎通科技,2025-10-21 13:01:04,91.9,5936,91.9,U
sh688668,鼎通科技,2025-10-21 13:01:07,91.9,5172,91.9,U
sh688668,鼎通科技,2025-10-21 13:01:19,92.02,13526,91.89,U
sh688668,鼎通科技,2025-10-21 13:01:49,92.17,5039,92.08,U
sh688668,鼎通科技,2025-10-21 13:01:52,92.14,7220,92.17,D
sh688668,鼎通科技,2025-10-21 13:02:19,92.14,6690,92.2,D
sh688668,鼎通科技,2025-10-21 13:02:25,92.16,2400,92.17,U
sh688668,鼎通科技,2025-10-21 13:03:04,92.05,3000,92.09,D
sh688668,鼎通科技,2025-10-21 13:03:13,92.05,5485,92.05,D
sh688668,鼎通科技,2025-10-21 13:03:16,91.98,4000,92.05,D
sh688668,鼎通科技,2025-10-21 13:03:25,91.97,9453,91.98,D
sh688668,鼎通科技,2025-10-21 13:03:31,91.88,15340,91.97,D
sh688668,鼎通科技,2025-10-21 13:03:49,91.88,3709,91.72,U
sh688668,鼎通科技,2025-10-21 13:03:52,91.81,2400,91.88,D
sh688668,鼎通科技,2025-10-21 13:04:16,91.97,4205,91.96,U
sh688668,鼎通科技,2025-10-21 13:04:28,92.13,7354,92.07,U
sh688668,鼎通科技,2025-10-21 13:04:37,92.24,5263,92.18,U
sh688668,鼎通科技,2025-10-21 13:04:43,92.28,6160,92.25,U
sh688668,鼎通科技,2025-10-21 13:04:58,92.29,2819,92.28,U
sh688668,鼎通科技,2025-10-21 13:05:22,92.3,10200,92.27,E
sh688668,鼎通科技,2025-10-21 13:05:49,92.4,3500,92.33,U
sh688668,鼎通科技,2025-10-21 13:06:10,92.43,2335,92.43,D
sh688668,鼎通科技,2025-10-21 13:06:25,92.5,2200,92.47,U
sh688668,鼎通科技,2025-10-21 13:06:34,92.5,8000,92.5,U
sh688668,鼎通科技,2025-10-21 13:06:37,92.48,3474,92.5,D
sh688668,鼎通科技,2025-10-21 13:06:40,92.42,3215,92.48,D
sh688668,鼎通科技,2025-10-21 13:07:07,92.5,4202,92.5,U
sh688668,鼎通科技,2025-10-21 13:07:10,92.49,2899,92.5,D
sh688668,鼎通科技,2025-10-21 13:07:13,92.68,7313,92.49,U
sh688668,鼎通科技,2025-10-21 13:07:22,92.8,9100,92.79,U
sh688668,鼎通科技,2025-10-21 13:07:34,93.04,54221,92.87,U
sh688668,鼎通科技,2025-10-21 13:07:37,93.14,9944,93.04,U
sh688668,鼎通科技,2025-10-21 13:07:40,93.13,4006,93.14,E
sh688668,鼎通科技,2025-10-21 13:07:58,93.29,9932,93.29,U
sh688668,鼎通科技,2025-10-21 13:08:01,93.25,17203,93.29,D
sh688668,鼎通科技,2025-10-21 13:08:04,92.87,11601,93.25,D
sh688668,鼎通科技,2025-10-21 13:08:07,92.88,60625,92.87,E
sh688668,鼎通科技,2025-10-21 13:08:13,92.79,32292,93.14,D
sh688668,鼎通科技,2025-10-21 13:08:16,92.91,25716,92.79,U
sh688668,鼎通科技,2025-10-21 13:08:19,92.97,21743,92.91,U
sh688668,鼎通科技,2025-10-21 13:08:22,93.15,10918,92.97,U
sh688668,鼎通科技,2025-10-21 13:08:25,93.21,9076,93.15,U
sh688668,鼎通科技,2025-10-21 13:08:28,93.16,20195,93.21,D
sh688668,鼎通科技,2025-10-21 13:08:34,93.0,8131,93.39,D
sh688668,鼎通科技,2025-10-21 13:08:37,93.06,11862,93.0,E
sh688668,鼎通科技,2025-10-21 13:08:46,93.0,4795,93.11,U
sh688668,鼎通科技,2025-10-21 13:08:49,93.0,13525,93.0,U
sh688668,鼎通科技,2025-10-21 13:08:52,93.0,3663,93.0,D
sh688668,鼎通科技,2025-10-21 13:08:55,93.0,3196,93.0,D
sh688668,鼎通科技,2025-10-21 13:08:58,93.17,4400,93.0,U
sh688668,鼎通科技,2025-10-21 13:09:01,93.01,2899,93.17,D
sh688668,鼎通科技,2025-10-21 13:09:04,93.18,4487,93.01,U
sh688668,鼎通科技,2025-10-21 13:09:19,93.3,2333,93.29,U
sh688668,鼎通科技,2025-10-21 13:09:25,93.3,2500,93.2,U
sh688668,鼎通科技,2025-10-21 13:09:34,93.68,73257,93.34,U
sh688668,鼎通科技,2025-10-21 13:09:37,93.69,8472,93.68,U
sh688668,鼎通科技,2025-10-21 13:09:46,93.89,2785,93.7,U
sh688668,鼎通科技,2025-10-21 13:09:49,94.1,35337,93.89,U
sh688668,鼎通科技,2025-10-21 13:09:55,94.2,2859,94.11,U
sh688668,鼎通科技,2025-10-21 13:10:01,94.2,4583,94.2,U
sh688668,鼎通科技,2025-10-21 13:10:04,94.2,11144,94.2,D
sh688668,鼎通科技,2025-10-21 13:10:07,94.18,13503,94.2,D
sh688668,鼎通科技,2025-10-21 13:10:10,94.12,9274,94.18,E
sh688668,鼎通科技,2025-10-21 13:10:13,94.12,3651,94.12,D
sh688668,鼎通科技,2025-10-21 13:10:16,94.11,5728,94.12,D
sh688668,鼎通科技,2025-10-21 13:10:19,94.0,3318,94.11,D
sh688668,鼎通科技,2025-10-21 13:10:22,93.99,3359,94.0,U
sh688668,鼎通科技,2025-10-21 13:10:25,93.78,17752,93.99,D
sh688668,鼎通科技,2025-10-21 13:10:28,93.69,3008,93.78,D
sh688668,鼎通科技,2025-10-21 13:10:31,93.77,9783,93.69,U
sh688668,鼎通科技,2025-10-21 13:10:34,93.85,5040,93.77,U
sh688668,鼎通科技,2025-10-21 13:10:37,93.85,16590,93.85,D
sh688668,鼎通科技,2025-10-21 13:10:52,93.91,2792,93.87,U
sh688668,鼎通科技,2025-10-21 13:10:55,93.87,4502,93.91,D
sh688668,鼎通科技,2025-10-21 13:10:58,93.92,6525,93.87,U
sh688668,鼎通科技,2025-10-21 13:11:04,93.77,12557,93.86,D
sh688668,鼎通科技,2025-10-21 13:11:07,93.76,6031,93.77,U
sh688668,鼎通科技,2025-10-21 13:11:25,93.42,2188,93.45,D
sh688668,鼎通科技,2025-10-21 13:11:37,93.45,2503,93.4,U
sh688668,鼎通科技,2025-10-21 13:11:40,93.42,2307,93.45,D
sh688668,鼎通科技,2025-10-21 13:12:04,93.36,3489,93.36,D
sh688668,鼎通科技,2025-10-21 13:12:13,93.36,2431,93.4,D
sh688668,鼎通科技,2025-10-21 13:12:19,93.37,3190,93.34,U
sh688668,鼎通科技,2025-10-21 13:12:52,93.3,22377,93.45,D
sh688668,鼎通科技,2025-10-21 13:12:58,93.2,4758,93.24,D
sh688668,鼎通科技,2025-10-21 13:13:04,93.0,6710,93.0,D
sh688668,鼎通科技,2025-10-21 13:13:13,92.53,10527,92.94,D
sh688668,鼎通科技,2025-10-21 13:13:16,92.41,7893,92.53,D
sh688668,鼎通科技,2025-10-21 13:14:01,92.5,5132,92.55,D
sh688668,鼎通科技,2025-10-21 13:14:10,92.3,4151,92.42,D
sh688668,鼎通科技,2025-10-21 13:14:13,92.44,2300,92.3,U
sh688668,鼎通科技,2025-10-21 13:14:16,92.5,21248,92.44,U
sh688668,鼎通科技,2025-10-21 13:14:22,92.64,11605,92.49,U
sh688668,鼎通科技,2025-10-21 13:14:43,92.78,3852,92.77,U
sh688668,鼎通科技,2025-10-21 13:14:46,92.73,5356,92.78,E
sh688668,鼎通科技,2025-10-21 13:14:49,92.78,2836,92.73,U
sh688668,鼎通科技,2025-10-21 13:14:52,92.78,4220,92.78,D
sh688668,鼎通科技,2025-10-21 13:14:55,92.76,11521,92.78,D
sh688668,鼎通科技,2025-10-21 13:15:04,92.72,2649,92.74,E
sh688668,鼎通科技,2025-10-21 13:15:19,92.7,3891,92.51,U
sh688668,鼎通科技,2025-10-21 13:15:31,92.57,2543,92.51,E
sh688668,鼎通科技,2025-10-21 13:15:40,92.51,5798,92.51,D
sh688668,鼎通科技,2025-10-21 13:15:43,92.59,3079,92.51,U
sh688668,鼎通科技,2025-10-21 13:15:46,92.5,3460,92.59,D
sh688668,鼎通科技,2025-10-21 13:16:10,92.61,5900,92.54,U
sh688668,鼎通科技,2025-10-21 13:16:16,93.0,6152,92.61,U
sh688668,鼎通科技,2025-10-21 13:16:49,92.98,6842,93.1,D
sh688668,鼎通科技,2025-10-21 13:16:52,92.96,6400,92.98,D
sh688668,鼎通科技,2025-10-21 13:16:55,92.79,2931,92.96,D
sh688668,鼎通科技,2025-10-21 13:17:25,92.81,4713,92.8,D
sh688668,鼎通科技,2025-10-21 13:18:04,92.97,2829,92.88,U
sh688668,鼎通科技,2025-10-21 13:18:10,92.85,10709,92.97,D
sh688668,鼎通科技,2025-10-21 13:18:13,92.65,7643,92.85,D
sh688668,鼎通科技,2025-10-21 13:18:25,92.51,8800,92.58,E
sh688668,鼎通科技,2025-10-21 13:18:28,92.57,2859,92.51,U
sh688668,鼎通科技,2025-10-21 13:18:31,92.58,3188,92.57,U
sh688668,鼎通科技,2025-10-21 13:18:52,92.71,2815,92.71,U
sh688668,鼎通科技,2025-10-21 13:18:58,92.52,10790,92.71,D
sh688668,鼎通科技,2025-10-21 13:19:01,92.52,2675,92.52,D
sh688668,鼎通科技,2025-10-21 13:19:04,92.52,3265,92.52,D
sh688668,鼎通科技,2025-10-21 13:19:07,92.53,3457,92.52,U
sh688668,鼎通科技,2025-10-21 13:19:37,92.49,6290,92.52,D
sh688668,鼎通科技,2025-10-21 13:19:52,92.48,2612,92.48,U
sh688668,鼎通科技,2025-10-21 13:20:22,92.62,4641,92.33,U
sh688668,鼎通科技,2025-10-21 13:20:31,92.6,2361,92.62,D
sh688668,鼎通科技,2025-10-21 13:20:34,92.6,2284,92.6,D
sh688668,鼎通科技,2025-10-21 13:20:40,92.57,3374,92.6,D
sh688668,鼎通科技,2025-10-21 13:20:49,92.81,5748,92.61,U
sh688668,鼎通科技,2025-10-21 13:21:01,93.0,7634,92.97,U
sh688668,鼎通科技,2025-10-21 13:21:19,93.0,12339,93.04,D
sh688668,鼎通科技,2025-10-21 13:21:22,92.96,7521,93.0,D
sh688668,鼎通科技,2025-10-21 13:21:31,92.67,5439,92.65,E
sh688668,鼎通科技,2025-10-21 13:21:34,92.61,7230,92.67,D
sh688668,鼎通科技,2025-10-21 13:22:07,92.65,3200,92.66,D
sh688668,鼎通科技,2025-10-21 13:23:07,92.65,3013,92.69,D
sh688668,鼎通科技,2025-10-21 13:23:16,92.61,2311,92.64,D
sh688668,鼎通科技,2025-10-21 13:24:13,92.5,2602,92.59,D
sh688668,鼎通科技,2025-10-21 13:24:16,92.45,5108,92.5,D
sh688668,鼎通科技,2025-10-21 13:24:19,92.45,3711,92.45,E
sh688668,鼎通科技,2025-10-21 13:24:34,92.45,2660,92.39,U
sh688668,鼎通科技,2025-10-21 13:24:46,92.39,2936,92.4,D
sh688668,鼎通科技,2025-10-21 13:24:49,92.4,10027,92.39,U
sh688668,鼎通科技,2025-10-21 13:24:52,92.41,7689,92.4,U
sh688668,鼎通科技,2025-10-21 13:24:58,92.4,6449,92.39,U
sh688668,鼎通科技,2025-10-21 13:25:04,92.47,2420,92.4,U
sh688668,鼎通科技,2025-10-21 13:25:31,92.55,2704,92.49,U
sh688668,鼎通科技,2025-10-21 13:26:07,92.55,4124,92.55,D
sh688668,鼎通科技,2025-10-21 13:26:10,92.48,3876,92.55,D
sh688668,鼎通科技,2025-10-21 13:26:13,92.41,14244,92.48,D
sh688668,鼎通科技,2025-10-21 13:26:40,92.4,2503,92.4,D
sh688668,鼎通科技,2025-10-21 13:26:49,92.32,2776,92.38,D
sh688668,鼎通科技,2025-10-21 13:27:43,92.4,5117,92.33,U
sh688668,鼎通科技,2025-10-21 13:28:10,92.59,4121,92.59,D
sh688668,鼎通科技,2025-10-21 13:28:16,92.52,4360,92.54,D
sh688668,鼎通科技,2025-10-21 13:28:58,92.99,5231,92.74,U
sh688668,鼎通科技,2025-10-21 13:29:04,92.77,11820,92.99,E
sh688668,鼎通科技,2025-10-21 13:29:28,93.35,13046,93.12,U
sh688668,鼎通科技,2025-10-21 13:29:31,93.1,13096,93.35,D
sh688668,鼎通科技,2025-10-21 13:29:46,92.88,2410,92.98,D
sh688668,鼎通科技,2025-10-21 13:29:49,93.09,12689,92.88,U
sh688668,鼎通科技,2025-10-21 13:30:04,92.84,2220,92.97,D
sh688668,鼎通科技,2025-10-21 13:32:04,93.08,2639,92.92,U
sh688668,鼎通科技,2025-10-21 13:32:10,93.08,8825,93.08,U
sh688668,鼎通科技,2025-10-21 13:32:46,93.0,7868,93.0,D
sh688668,鼎通科技,2025-10-21 13:33:46,92.87,2200,92.87,D
sh688668,鼎通科技,2025-10-21 13:34:16,92.81,2402,92.83,D
sh688668,鼎通科技,2025-10-21 13:34:19,92.8,3480,92.81,D
sh688668,鼎通科技,2025-10-21 13:34:28,92.69,7789,92.71,D
sh688668,鼎通科技,2025-10-21 13:35:16,92.65,2900,92.65,D
sh688668,鼎通科技,2025-10-21 13:35:19,92.66,5492,92.65,U
sh688668,鼎通科技,2025-10-21 13:36:10,92.87,3158,92.95,D
sh688668,鼎通科技,2025-10-21 13:36:25,92.66,11516,92.84,D
sh688668,鼎通科技,2025-10-21 13:36:28,92.64,32586,92.66,D
sh688668,鼎通科技,2025-10-21 13:36:37,92.55,3670,92.55,D
sh688668,鼎通科技,2025-10-21 13:36:43,92.51,4698,92.54,D
sh688668,鼎通科技,2025-10-21 13:36:46,92.51,5142,92.51,D
sh688668,鼎通科技,2025-10-21 13:36:49,92.54,3456,92.51,U
sh688668,鼎通科技,2025-10-21 13:37:01,92.5,4894,92.51,D
sh688668,鼎通科技,2025-10-21 13:37:04,92.38,13234,92.5,D
sh688668,鼎通科技,2025-10-21 13:37:07,92.5,6126,92.38,U
sh688668,鼎通科技,2025-10-21 13:37:10,92.39,2675,92.5,U
sh688668,鼎通科技,2025-10-21 13:37:19,92.45,2741,92.4,U
sh688668,鼎通科技,2025-10-21 13:37:28,92.39,2480,92.45,D
sh688668,鼎通科技,2025-10-21 13:38:07,92.4,11236,92.4,D
sh688668,鼎通科技,2025-10-21 13:38:16,92.4,6147,92.38,U
sh688668,鼎通科技,2025-10-21 13:38:37,92.45,2173,92.4,U
sh688668,鼎通科技,2025-10-21 13:38:43,92.45,3351,92.45,D
sh688668,鼎通科技,2025-10-21 13:38:52,92.5,6074,92.45,U
sh688668,鼎通科技,2025-10-21 13:38:55,92.46,2400,92.5,E
sh688668,鼎通科技,2025-10-21 13:38:58,92.53,11728,92.46,U
sh688668,鼎通科技,2025-10-21 13:39:04,92.53,13686,92.53,D
sh688668,鼎通科技,2025-10-21 13:39:28,92.38,3618,92.3,U
sh688668,鼎通科技,2025-10-21 13:40:07,92.4,2746,92.4,U
sh688668,鼎通科技,2025-10-21 13:40:10,92.47,5990,92.4,U
sh688668,鼎通科技,2025-10-21 13:40:13,92.52,8074,92.47,U
sh688668,鼎通科技,2025-10-21 13:40:22,92.53,4462,92.52,U
sh688668,鼎通科技,2025-10-21 13:40:52,92.5,2442,92.51,D
sh688668,鼎通科技,2025-10-21 13:40:55,92.52,3000,92.5,U
sh688668,鼎通科技,2025-10-21 13:41:01,92.51,6114,92.52,D
sh688668,鼎通科技,2025-10-21 13:41:46,92.6,2231,92.63,D
sh688668,鼎通科技,2025-10-21 13:41:58,92.52,2200,92.6,D
sh688668,鼎通科技,2025-10-21 13:42:04,92.51,9516,92.51,D
sh688668,鼎通科技,2025-10-21 13:42:31,92.51,3267,92.5,U
sh688668,鼎通科技,2025-10-21 13:42:37,92.66,13619,92.5,U
sh688668,鼎通科技,2025-10-21 13:42:52,92.91,12813,92.67,U
sh688668,鼎通科技,2025-10-21 13:42:55,92.96,8034,92.91,U
sh688668,鼎通科技,2025-10-21 13:43:01,93.01,18400,92.9,U
sh688668,鼎通科技,2025-10-21 13:43:07,93.07,2174,93.1,D
sh688668,鼎通科技,2025-10-21 13:43:10,93.34,6714,93.07,U
sh688668,鼎通科技,2025-10-21 13:43:13,93.6,26774,93.34,U
sh688668,鼎通科技,2025-10-21 13:43:16,93.59,2738,93.6,E
sh688668,鼎通科技,2025-10-21 13:43:19,93.59,2853,93.59,U
sh688668,鼎通科技,2025-10-21 13:43:25,93.79,23486,93.6,U
sh688668,鼎通科技,2025-10-21 13:43:28,94.0,45940,93.79,U
sh688668,鼎通科技,2025-10-21 13:43:31,94.11,39492,94.0,U
sh688668,鼎通科技,2025-10-21 13:43:34,94.1,2716,94.11,D
sh688668,鼎通科技,2025-10-21 13:43:37,94.2,34474,94.1,U
sh688668,鼎通科技,2025-10-21 13:43:40,94.45,42866,94.2,U
sh688668,鼎通科技,2025-10-21 13:43:43,94.39,17104,94.45,D
sh688668,鼎通科技,2025-10-21 13:43:46,94.38,28818,94.39,D
sh688668,鼎通科技,2025-10-21 13:43:52,94.57,8108,94.48,U
sh688668,鼎通科技,2025-10-21 13:43:55,94.6,5000,94.57,E
sh688668,鼎通科技,2025-10-21 13:43:58,94.68,11601,94.6,U
sh688668,鼎通科技,2025-10-21 13:44:01,94.66,4405,94.68,D
sh688668,鼎通科技,2025-10-21 13:44:04,94.65,41054,94.66,D
sh688668,鼎通科技,2025-10-21 13:44:07,94.48,16769,94.65,D
sh688668,鼎通科技,2025-10-21 13:44:10,94.41,4269,94.48,E
sh688668,鼎通科技,2025-10-21 13:44:13,94.29,5552,94.41,E
sh688668,鼎通科技,2025-10-21 13:44:16,93.85,4927,94.29,D
sh688668,鼎通科技,2025-10-21 13:44:25,94.13,7648,94.19,E
sh688668,鼎通科技,2025-10-21 13:44:28,94.19,5152,94.13,U
sh688668,鼎通科技,2025-10-21 13:44:34,94.29,11663,94.23,U
sh688668,鼎通科技,2025-10-21 13:44:37,94.25,2400,94.29,E
sh688668,鼎通科技,2025-10-21 13:44:40,94.29,4600,94.25,U
sh688668,鼎通科技,2025-10-21 13:44:43,94.5,10676,94.29,U
sh688668,鼎通科技,2025-10-21 13:44:46,94.52,2900,94.5,U
sh688668,鼎通科技,2025-10-21 13:44:49,94.89,80182,94.52,U
sh688668,鼎通科技,2025-10-21 13:44:52,94.89,36584,94.89,D
sh688668,鼎通科技,2025-10-21 13:44:55,94.92,10039,94.89,U
sh688668,鼎通科技,2025-10-21 13:44:58,94.81,7932,94.92,D
sh688668,鼎通科技,2025-10-21 13:45:01,94.9,2805,94.81,D
sh688668,鼎通科技,2025-10-21 13:45:04,94.71,8035,94.9,E
sh688668,鼎通科技,2025-10-21 13:45:07,94.89,6679,94.71,U
sh688668,鼎通科技,2025-10-21 13:45:13,94.89,8931,94.91,U
sh688668,鼎通科技,2025-10-21 13:45:16,94.79,8528,94.89,D
sh688668,鼎通科技,2025-10-21 13:45:19,94.82,11471,94.79,E
sh688668,鼎通科技,2025-10-21 13:45:22,94.82,3426,94.82,U
sh688668,鼎通科技,2025-10-21 13:45:25,94.91,15846,94.82,U
sh688668,鼎通科技,2025-10-21 13:45:28,94.81,12880,94.91,D
sh688668,鼎通科技,2025-10-21 13:45:31,94.93,7245,94.81,U
sh688668,鼎通科技,2025-10-21 13:45:34,95.0,59845,94.93,U
sh688668,鼎通科技,2025-10-21 13:45:37,95.08,70500,95.0,U
sh688668,鼎通科技,2025-10-21 13:45:40,95.15,6174,95.08,U
sh688668,鼎通科技,2025-10-21 13:45:43,95.16,12020,95.15,E
sh688668,鼎通科技,2025-10-21 13:45:46,95.08,16042,95.16,D
sh688668,鼎通科技,2025-10-21 13:45:49,95.2,9042,95.08,U
sh688668,鼎通科技,2025-10-21 13:45:52,95.3,15004,95.2,U
sh688668,鼎通科技,2025-10-21 13:45:55,95.28,7734,95.3,E
sh688668,鼎通科技,2025-10-21 13:45:58,95.2,16264,95.28,D
sh688668,鼎通科技,2025-10-21 13:46:01,95.23,17819,95.2,U
sh688668,鼎通科技,2025-10-21 13:46:04,95.2,7860,95.23,E
sh688668,鼎通科技,2025-10-21 13:46:07,94.95,4298,95.2,D
sh688668,鼎通科技,2025-10-21 13:46:22,95.11,5796,95.09,U
sh688668,鼎通科技,2025-10-21 13:46:25,95.11,9822,95.11,D
sh688668,鼎通科技,2025-10-21 13:46:28,95.17,3609,95.11,U
sh688668,鼎通科技,2025-10-21 13:46:31,95.18,9942,95.17,U
sh688668,鼎通科技,2025-10-21 13:46:34,95.2,14542,95.18,U
sh688668,鼎通科技,2025-10-21 13:46:37,95.24,5633,95.2,U
sh688668,鼎通科技,2025-10-21 13:46:40,95.49,11483,95.24,U
sh688668,鼎通科技,2025-10-21 13:46:43,95.55,16921,95.49,U
sh688668,鼎通科技,2025-10-21 13:46:46,95.59,8333,95.55,E
sh688668,鼎通科技,2025-10-21 13:46:52,95.88,23044,95.66,U
sh688668,鼎通科技,2025-10-21 13:46:55,95.88,7302,95.88,D
sh688668,鼎通科技,2025-10-21 13:46:58,95.88,14028,95.88,U
sh688668,鼎通科技,2025-10-21 13:47:01,95.91,18561,95.88,U
sh688668,鼎通科技,2025-10-21 13:47:04,95.91,31224,95.91,D
sh688668,鼎通科技,2025-10-21 13:47:07,95.83,17153,95.91,D
sh688668,鼎通科技,2025-10-21 13:47:10,95.88,9535,95.83,U
sh688668,鼎通科技,2025-10-21 13:47:13,95.97,15515,95.88,U
sh688668,鼎通科技,2025-10-21 13:47:16,96.0,8254,95.97,U
sh688668,鼎通科技,2025-10-21 13:47:19,95.95,8208,96.0,D
sh688668,鼎通科技,2025-10-21 13:47:25,96.0,30302,95.89,U
sh688668,鼎通科技,2025-10-21 13:47:28,95.96,8144,96.0,D
sh688668,鼎通科技,2025-10-21 13:47:31,96.0,5724,95.96,U
sh688668,鼎通科技,2025-10-21 13:47:34,95.96,20574,96.0,D
sh688668,鼎通科技,2025-10-21 13:47:37,95.86,12271,95.96,D
sh688668,鼎通科技,2025-10-21 13:47:40,95.78,9700,95.86,D
sh688668,鼎通科技,2025-10-21 13:47:46,95.73,9471,95.72,U
sh688668,鼎通科技,2025-10-21 13:47:49,95.6,2397,95.73,E
sh688668,鼎通科技,2025-10-21 13:47:58,95.24,3788,95.4,D
sh688668,鼎通科技,2025-10-21 13:48:01,95.48,27315,95.24,U
sh688668,鼎通科技,2025-10-21 13:48:04,95.25,3200,95.48,D
sh688668,鼎通科技,2025-10-21 13:48:19,95.14,22406,95.22,D
sh688668,鼎通科技,2025-10-21 13:48:22,95.12,13440,95.14,D
sh688668,鼎通科技,2025-10-21 13:48:25,95.17,11804,95.12,U
sh688668,鼎通科技,2025-10-21 13:48:28,95.38,2836,95.17,E
sh688668,鼎通科技,2025-10-21 13:48:31,95.48,9008,95.38,U
sh688668,鼎通科技,2025-10-21 13:48:34,95.63,2796,95.48,U
sh688668,鼎通科技,2025-10-21 13:48:40,95.89,2446,95.8,U
sh688668,鼎通科技,2025-10-21 13:48:43,95.9,8026,95.89,U
sh688668,鼎通科技,2025-10-21 13:48:46,95.53,11256,95.9,D
sh688668,鼎通科技,2025-10-21 13:48:49,95.96,5679,95.53,U
sh688668,鼎通科技,2025-10-21 13:48:52,95.89,7355,95.96,E
sh688668,鼎通科技,2025-10-21 13:48:55,95.89,4286,95.89,U
sh688668,鼎通科技,2025-10-21 13:49:01,95.89,4372,95.88,U
sh688668,鼎通科技,2025-10-21 13:49:07,95.57,10154,95.6,D
sh688668,鼎通科技,2025-10-21 13:49:10,95.48,5062,95.57,D
sh688668,鼎通科技,2025-10-21 13:49:13,95.47,26513,95.48,E
sh688668,鼎通科技,2025-10-21 13:49:16,95.5,7774,95.47,U
sh688668,鼎通科技,2025-10-21 13:49:19,95.71,6546,95.5,U
sh688668,鼎通科技,2025-10-21 13:49:25,95.59,3948,95.71,E
sh688668,鼎通科技,2025-10-21 13:49:28,95.71,3617,95.59,E
sh688668,鼎通科技,2025-10-21 13:49:34,95.79,4980,95.7,U
sh688668,鼎通科技,2025-10-21 13:49:37,95.86,9281,95.79,U
sh688668,鼎通科技,2025-10-21 13:49:40,95.9,12192,95.86,U
sh688668,鼎通科技,2025-10-21 13:49:46,95.96,5489,95.9,U
sh688668,鼎通科技,2025-10-21 13:49:49,95.95,7915,95.96,E
sh688668,鼎通科技,2025-10-21 13:49:52,95.99,2128,95.95,U
sh688668,鼎通科技,2025-10-21 13:49:55,95.99,21630,95.99,U
sh688668,鼎通科技,2025-10-21 13:49:58,96.17,16062,95.99,U
sh688668,鼎通科技,2025-10-21 13:50:01,96.18,15716,96.17,U
sh688668,鼎通科技,2025-10-21 13:50:04,96.18,40153,96.18,U
sh688668,鼎通科技,2025-10-21 13:50:07,96.0,14625,96.18,E
sh688668,鼎通科技,2025-10-21 13:50:10,96.19,12396,96.0,U
sh688668,鼎通科技,2025-10-21 13:50:13,96.18,7384,96.19,E
sh688668,鼎通科技,2025-10-21 13:50:16,95.95,8580,96.18,D
sh688668,鼎通科技,2025-10-21 13:50:19,95.95,19041,95.95,U
sh688668,鼎通科技,2025-10-21 13:50:25,95.64,16426,95.78,D
sh688668,鼎通科技,2025-10-21 13:50:28,95.64,7038,95.64,D
sh688668,鼎通科技,2025-10-21 13:50:34,95.67,6200,95.62,U
sh688668,鼎通科技,2025-10-21 13:50:37,95.63,4796,95.67,D
sh688668,鼎通科技,2025-10-21 13:50:40,95.66,6098,95.63,U
sh688668,鼎通科技,2025-10-21 13:50:43,95.67,3708,95.66,U
sh688668,鼎通科技,2025-10-21 13:50:49,95.69,2436,95.63,U
sh688668,鼎通科技,2025-10-21 13:50:52,95.7,5626,95.69,U
sh688668,鼎通科技,2025-10-21 13:50:55,95.92,5248,95.7,U
sh688668,鼎通科技,2025-10-21 13:50:58,95.92,4160,95.92,U
sh688668,鼎通科技,2025-10-21 13:51:01,95.67,8293,95.92,D
sh688668,鼎通科技,2025-10-21 13:51:04,95.66,3898,95.67,D
sh688668,鼎通科技,2025-10-21 13:51:07,95.69,5600,95.66,U
sh688668,鼎通科技,2025-10-21 13:51:10,95.7,20300,95.69,U
sh688668,鼎通科技,2025-10-21 13:51:13,95.73,3200,95.7,E
sh688668,鼎通科技,2025-10-21 13:51:28,95.74,2457,95.85,D
sh688668,鼎通科技,2025-10-21 13:51:31,95.86,18924,95.74,U
sh688668,鼎通科技,2025-10-21 13:51:34,95.73,8149,95.86,D
sh688668,鼎通科技,2025-10-21 13:51:52,95.88,10121,95.8,U
sh688668,鼎通科技,2025-10-21 13:51:55,95.88,3935,95.88,D
sh688668,鼎通科技,2025-10-21 13:51:58,95.88,6051,95.88,D
sh688668,鼎通科技,2025-10-21 13:52:01,95.81,2355,95.88,D
sh688668,鼎通科技,2025-10-21 13:52:04,95.81,8719,95.81,D
sh688668,鼎通科技,2025-10-21 13:52:10,95.88,4642,95.85,U
sh688668,鼎通科技,2025-10-21 13:52:31,95.96,13911,95.88,U
sh688668,鼎通科技,2025-10-21 13:52:34,95.98,2398,95.96,U
sh688668,鼎通科技,2025-10-21 13:52:40,95.99,4172,95.99,U
sh688668,鼎通科技,2025-10-21 13:52:43,95.99,3301,95.99,U
sh688668,鼎通科技,2025-10-21 13:52:49,95.95,3236,95.99,D
sh688668,鼎通科技,2025-10-21 13:52:52,95.95,6823,95.95,D
sh688668,鼎通科技,2025-10-21 13:52:55,95.98,3369,95.95,U
sh688668,鼎通科技,2025-10-21 13:52:58,95.97,2508,95.98,D
sh688668,鼎通科技,2025-10-21 13:53:01,95.98,4907,95.97,U
sh688668,鼎通科技,2025-10-21 13:53:04,95.99,15126,95.98,U
sh688668,鼎通科技,2025-10-21 13:53:07,95.98,7287,95.99,E
sh688668,鼎通科技,2025-10-21 13:53:10,96.0,5737,95.98,U
sh688668,鼎通科技,2025-10-21 13:53:13,95.99,16802,96.0,D
sh688668,鼎通科技,2025-10-21 13:53:16,95.99,2400,95.99,D
sh688668,鼎通科技,2025-10-21 13:53:25,96.04,2200,96.0,U
sh688668,鼎通科技,2025-10-21 13:53:34,96.08,2400,96.03,U
sh688668,鼎通科技,2025-10-21 13:53:40,96.01,12932,96.05,D
sh688668,鼎通科技,2025-10-21 13:53:43,96.08,4300,96.01,U
sh688668,鼎通科技,2025-10-21 13:53:46,96.0,4876,96.08,U
sh688668,鼎通科技,2025-10-21 13:53:49,96.05,5780,96.0,E
sh688668,鼎通科技,2025-10-21 13:53:55,96.08,4562,96.08,U
sh688668,鼎通科技,2025-10-21 13:53:58,96.11,9991,96.08,U
sh688668,鼎通科技,2025-10-21 13:54:01,96.15,2783,96.11,U
sh688668,鼎通科技,2025-10-21 13:54:07,96.15,3877,96.15,U
sh688668,鼎通科技,2025-10-21 13:54:10,96.15,6153,96.15,U
sh688668,鼎通科技,2025-10-21 13:54:13,96.1,6587,96.15,D
sh688668,鼎通科技,2025-10-21 13:54:16,96.09,11087,96.1,D
sh688668,鼎通科技,2025-10-21 13:54:19,96.14,4154,96.09,U
sh688668,鼎通科技,2025-10-21 13:54:22,96.11,4560,96.14,E
sh688668,鼎通科技,2025-10-21 13:54:34,96.03,2191,96.02,U
sh688668,鼎通科技,2025-10-21 13:54:37,96.01,2152,96.03,U
sh688668,鼎通科技,2025-10-21 13:54:40,95.99,3212,96.01,D
sh688668,鼎通科技,2025-10-21 13:54:43,95.92,4675,95.99,D
sh688668,鼎通科技,2025-10-21 13:54:49,95.93,2868,95.93,D
sh688668,鼎通科技,2025-10-21 13:55:01,95.9,2823,95.9,U
sh688668,鼎通科技,2025-10-21 13:55:04,95.83,2750,95.9,D
sh688668,鼎通科技,2025-10-21 13:55:13,95.83,15992,95.83,U
sh688668,鼎通科技,2025-10-21 13:55:16,95.93,6001,95.83,U
sh688668,鼎通科技,2025-10-21 13:55:19,95.97,2600,95.93,U
sh688668,鼎通科技,2025-10-21 13:55:37,95.9,2221,95.86,U
sh688668,鼎通科技,2025-10-21 13:55:43,95.93,4166,95.9,E
sh688668,鼎通科技,2025-10-21 13:55:52,95.9,6258,95.93,D
sh688668,鼎通科技,2025-10-21 13:55:58,95.9,3938,95.92,D
sh688668,鼎通科技,2025-10-21 13:56:01,95.88,2422,95.9,D
sh688668,鼎通科技,2025-10-21 13:56:10,95.73,4747,95.84,D
sh688668,鼎通科技,2025-10-21 13:56:13,95.55,5108,95.73,D
sh688668,鼎通科技,2025-10-21 13:56:16,95.5,12998,95.55,D
sh688668,鼎通科技,2025-10-21 13:56:19,95.41,9296,95.5,D
sh688668,鼎通科技,2025-10-21 13:56:43,95.34,2791,95.36,D
sh688668,鼎通科技,2025-10-21 13:56:46,95.6,33639,95.34,U
sh688668,鼎通科技,2025-10-21 13:56:49,95.87,6529,95.6,U
sh688668,鼎通科技,2025-10-21 13:57:19,95.6,3639,95.6,D
sh688668,鼎通科技,2025-10-21 13:57:31,95.71,5095,95.7,U
sh688668,鼎通科技,2025-10-21 13:57:34,95.61,2149,95.71,D
sh688668,鼎通科技,2025-10-21 13:57:37,95.71,5796,95.61,D
sh688668,鼎通科技,2025-10-21 13:58:04,95.79,5600,95.86,D
sh688668,鼎通科技,2025-10-21 13:58:07,95.89,3868,95.79,U
sh688668,鼎通科技,2025-10-21 13:58:13,95.89,2208,95.89,D
sh688668,鼎通科技,2025-10-21 13:58:19,95.85,7536,95.84,U
sh688668,鼎通科技,2025-10-21 13:58:22,95.85,2997,95.85,D
sh688668,鼎通科技,2025-10-21 13:58:52,95.87,2872,95.86,D
sh688668,鼎通科技,2025-10-21 13:58:55,95.87,2501,95.87,D
sh688668,鼎通科技,2025-10-21 13:58:58,95.86,2100,95.87,D
sh688668,鼎通科技,2025-10-21 13:59:01,95.81,18971,95.86,D
sh688668,鼎通科技,2025-10-21 13:59:04,95.65,6668,95.81,D
sh688668,鼎通科技,2025-10-21 13:59:07,95.43,3429,95.65,D
sh688668,鼎通科技,2025-10-21 13:59:10,95.43,2885,95.43,D
sh688668,鼎通科技,2025-10-21 13:59:13,95.28,7109,95.43,D
sh688668,鼎通科技,2025-10-21 13:59:16,95.27,2869,95.28,E
sh688668,鼎通科技,2025-10-21 13:59:19,95.28,2418,95.27,U
sh688668,鼎通科技,2025-10-21 14:00:01,95.64,4100,95.6,U
sh688668,鼎通科技,2025-10-21 14:00:07,95.6,6400,95.64,D
sh688668,鼎通科技,2025-10-21 14:00:28,95.63,4200,95.6,U
sh688668,鼎通科技,2025-10-21 14:00:34,95.8,2612,95.61,U
sh688668,鼎通科技,2025-10-21 14:00:37,95.8,2971,95.8,D
sh688668,鼎通科技,2025-10-21 14:00:46,95.82,2653,95.8,U
sh688668,鼎通科技,2025-10-21 14:00:55,95.87,9865,95.83,U
sh688668,鼎通科技,2025-10-21 14:00:58,95.97,16471,95.87,U
sh688668,鼎通科技,2025-10-21 14:01:01,96.0,30810,95.97,U
sh688668,鼎通科技,2025-10-21 14:01:04,96.08,5754,96.0,U
sh688668,鼎通科技,2025-10-21 14:01:07,96.06,2156,96.08,D
sh688668,鼎通科技,2025-10-21 14:01:10,96.15,3203,96.06,U
sh688668,鼎通科技,2025-10-21 14:01:13,96.18,18655,96.15,U
sh688668,鼎通科技,2025-10-21 14:01:16,96.18,6620,96.18,U
sh688668,鼎通科技,2025-10-21 14:01:19,96.25,15545,96.18,U
sh688668,鼎通科技,2025-10-21 14:01:22,96.29,15404,96.25,U
sh688668,鼎通科技,2025-10-21 14:01:25,96.45,17526,96.29,U
sh688668,鼎通科技,2025-10-21 14:01:28,96.48,4872,96.45,U
sh688668,鼎通科技,2025-10-21 14:01:37,96.48,6678,96.47,E
sh688668,鼎通科技,2025-10-21 14:01:40,96.47,6899,96.48,U
sh688668,鼎通科技,2025-10-21 14:01:43,96.46,2851,96.47,D
sh688668,鼎通科技,2025-10-21 14:01:49,96.46,3752,96.44,U
sh688668,鼎通科技,2025-10-21 14:01:58,96.39,2741,96.31,E
sh688668,鼎通科技,2025-10-21 14:02:01,96.31,4900,96.39,D
sh688668,鼎通科技,2025-10-21 14:02:04,96.43,3689,96.31,E
sh688668,鼎通科技,2025-10-21 14:02:07,96.32,3581,96.43,D
sh688668,鼎通科技,2025-10-21 14:02:10,96.45,4698,96.32,U
sh688668,鼎通科技,2025-10-21 14:02:13,96.46,6738,96.45,U
sh688668,鼎通科技,2025-10-21 14:02:16,96.46,6912,96.46,U
sh688668,鼎通科技,2025-10-21 14:02:19,96.45,2884,96.46,E
sh688668,鼎通科技,2025-10-21 14:02:22,96.47,4214,96.45,U
sh688668,鼎通科技,2025-10-21 14:02:25,96.46,7883,96.47,U
sh688668,鼎通科技,2025-10-21 14:02:28,96.46,4900,96.46,U
sh688668,鼎通科技,2025-10-21 14:02:31,96.46,3615,96.46,D
sh688668,鼎通科技,2025-10-21 14:02:34,96.46,3930,96.46,U
sh688668,鼎通科技,2025-10-21 14:02:37,96.46,2100,96.46,U
sh688668,鼎通科技,2025-10-21 14:02:40,96.46,4547,96.46,U
sh688668,鼎通科技,2025-10-21 14:02:46,96.42,12507,96.46,D
sh688668,鼎通科技,2025-10-21 14:02:49,96.29,5852,96.42,D
sh688668,鼎通科技,2025-10-21 14:02:52,96.32,8397,96.29,U
sh688668,鼎通科技,2025-10-21 14:02:55,96.3,10930,96.32,E
sh688668,鼎通科技,2025-10-21 14:02:58,96.29,4803,96.3,E
sh688668,鼎通科技,2025-10-21 14:03:01,96.3,2487,96.29,U
sh688668,鼎通科技,2025-10-21 14:03:04,96.29,3634,96.3,E
sh688668,鼎通科技,2025-10-21 14:03:10,96.41,8942,96.25,U
sh688668,鼎通科技,2025-10-21 14:03:25,96.33,9724,96.36,D
sh688668,鼎通科技,2025-10-21 14:03:37,96.4,10979,96.34,U
sh688668,鼎通科技,2025-10-21 14:03:40,96.46,32964,96.4,U
sh688668,鼎通科技,2025-10-21 14:03:43,96.46,13837,96.46,U
sh688668,鼎通科技,2025-10-21 14:03:46,96.48,8158,96.46,U
sh688668,鼎通科技,2025-10-21 14:03:58,96.45,7100,96.49,D
sh688668,鼎通科技,2025-10-21 14:04:04,96.46,34268,96.46,D
sh688668,鼎通科技,2025-10-21 14:04:07,96.45,2962,96.46,E
sh688668,鼎通科技,2025-10-21 14:04:10,96.45,5007,96.45,U
sh688668,鼎通科技,2025-10-21 14:04:13,96.43,6321,96.45,E
sh688668,鼎通科技,2025-10-21 14:04:19,95.97,2894,96.2,E
sh688668,鼎通科技,2025-10-21 14:04:25,95.97,18713,96.32,D
sh688668,鼎通科技,2025-10-21 14:04:49,96.31,2201,96.32,E
sh688668,鼎通科技,2025-10-21 14:05:01,96.26,2979,96.32,D
sh688668,鼎通科技,2025-10-21 14:05:04,96.21,21948,96.26,D
sh688668,鼎通科技,2025-10-21 14:05:07,95.41,2462,96.21,E
sh688668,鼎通科技,2025-10-21 14:05:13,95.45,2677,96.2,D
sh688668,鼎通科技,2025-10-21 14:05:16,96.2,4903,95.45,U
sh688668,鼎通科技,2025-10-21 14:05:19,96.2,2881,96.2,U
sh688668,鼎通科技,2025-10-21 14:05:22,96.2,3989,96.2,U
sh688668,鼎通科技,2025-10-21 14:05:37,95.99,2792,96.03,U
sh688668,鼎通科技,2025-10-21 14:05:40,96.03,2657,95.99,U
sh688668,鼎通科技,2025-10-21 14:05:46,96.02,20653,95.97,U
sh688668,鼎通科技,2025-10-21 14:05:49,96.0,3632,96.02,U
sh688668,鼎通科技,2025-10-21 14:05:52,95.98,2704,96.0,E
sh688668,鼎通科技,2025-10-21 14:06:01,96.0,3367,95.98,U
sh688668,鼎通科技,2025-10-21 14:06:07,96.0,2140,95.86,U
sh688668,鼎通科技,2025-10-21 14:06:10,96.0,2251,96.0,U
sh688668,鼎通科技,2025-10-21 14:06:25,95.87,5942,96.0,D
sh688668,鼎通科技,2025-10-21 14:06:46,95.99,5086,96.0,D
sh688668,鼎通科技,2025-10-21 14:06:49,96.0,3321,95.99,U
sh688668,鼎通科技,2025-10-21 14:06:58,95.99,2300,96.0,D
sh688668,鼎通科技,2025-10-21 14:07:04,96.03,7462,95.99,U
sh688668,鼎通科技,2025-10-21 14:07:13,96.01,4312,96.03,U
sh688668,鼎通科技,2025-10-21 14:07:31,96.18,19905,95.97,U
sh688668,鼎通科技,2025-10-21 14:07:34,96.16,41883,96.18,D
sh688668,鼎通科技,2025-10-21 14:08:16,95.99,4637,95.99,D
sh688668,鼎通科技,2025-10-21 14:08:22,96.03,2100,95.99,E
sh688668,鼎通科技,2025-10-21 14:08:34,96.2,12646,96.02,U
sh688668,鼎通科技,2025-10-21 14:09:16,96.15,2500,96.14,U
sh688668,鼎通科技,2025-10-21 14:09:34,96.18,2981,96.17,U
sh688668,鼎通科技,2025-10-21 14:09:52,96.2,9059,96.2,U
sh688668,鼎通科技,2025-10-21 14:10:07,96.22,4005,96.22,U
sh688668,鼎通科技,2025-10-21 14:10:19,96.01,24861,96.26,D
sh688668,鼎通科技,2025-10-21 14:10:22,96.0,17100,96.01,D
sh688668,鼎通科技,2025-10-21 14:10:25,95.9,2180,96.0,D
sh688668,鼎通科技,2025-10-21 14:10:28,95.8,5846,95.9,D
sh688668,鼎通科技,2025-10-21 14:10:31,95.81,2679,95.8,U
sh688668,鼎通科技,2025-10-21 14:10:40,95.81,6919,95.8,U
sh688668,鼎通科技,2025-10-21 14:11:01,95.82,2535,95.77,U
sh688668,鼎通科技,2025-10-21 14:12:10,95.55,4937,95.63,D
sh688668,鼎通科技,2025-10-21 14:12:13,95.7,12568,95.55,U
sh688668,鼎通科技,2025-10-21 14:12:16,95.69,2206,95.7,D
sh688668,鼎通科技,2025-10-21 14:13:04,95.6,8881,95.77,D
sh688668,鼎通科技,2025-10-21 14:13:07,95.5,5793,95.6,D
sh688668,鼎通科技,2025-10-21 14:13:19,95.2,3810,95.4,D
sh688668,鼎通科技,2025-10-21 14:13:25,95.12,3884,95.22,D
sh688668,鼎通科技,2025-10-21 14:13:40,95.3,2235,95.3,U
sh688668,鼎通科技,2025-10-21 14:13:49,95.3,4705,95.31,D
sh688668,鼎通科技,2025-10-21 14:13:52,95.34,6010,95.3,E
sh688668,鼎通科技,2025-10-21 14:13:58,95.36,2281,95.34,E
sh688668,鼎通科技,2025-10-21 14:14:01,95.37,4425,95.36,U
sh688668,鼎通科技,2025-10-21 14:14:04,95.35,3960,95.37,E
sh688668,鼎通科技,2025-10-21 14:14:07,95.35,6753,95.35,D
sh688668,鼎通科技,2025-10-21 14:14:10,95.38,4210,95.35,U
sh688668,鼎通科技,2025-10-21 14:14:31,95.38,6821,95.25,U
sh688668,鼎通科技,2025-10-21 14:14:49,95.38,2350,95.39,D
sh688668,鼎通科技,2025-10-21 14:14:52,95.38,3163,95.38,D
sh688668,鼎通科技,2025-10-21 14:14:55,95.45,3276,95.38,U
sh688668,鼎通科技,2025-10-21 14:15:13,95.63,2168,95.58,U
sh688668,鼎通科技,2025-10-21 14:15:19,95.65,5657,95.63,U
sh688668,鼎通科技,2025-10-21 14:15:34,95.72,2314,95.72,U
sh688668,鼎通科技,2025-10-21 14:15:40,95.72,2418,95.72,D
sh688668,鼎通科技,2025-10-21 14:15:58,95.65,6522,95.54,U
sh688668,鼎通科技,2025-10-21 14:16:13,95.5,2443,95.51,D
sh688668,鼎通科技,2025-10-21 14:16:16,95.45,9892,95.5,D
sh688668,鼎通科技,2025-10-21 14:16:19,95.45,4473,95.45,D
sh688668,鼎通科技,2025-10-21 14:16:25,95.45,2771,95.46,D
sh688668,鼎通科技,2025-10-21 14:17:07,95.5,6076,95.4,U
sh688668,鼎通科技,2025-10-21 14:17:31,95.52,3209,95.5,E
sh688668,鼎通科技,2025-10-21 14:17:37,95.5,2462,95.52,D
sh688668,鼎通科技,2025-10-21 14:18:13,95.59,8430,95.6,D
sh688668,鼎通科技,2025-10-21 14:18:22,95.53,3486,95.53,D
sh688668,鼎通科技,2025-10-21 14:18:25,95.55,3545,95.53,E
sh688668,鼎通科技,2025-10-21 14:18:34,95.51,9638,95.54,D
sh688668,鼎通科技,2025-10-21 14:18:37,95.54,13958,95.51,U
sh688668,鼎通科技,2025-10-21 14:19:01,95.7,5246,95.56,U
sh688668,鼎通科技,2025-10-21 14:19:13,95.8,2400,95.74,U
sh688668,鼎通科技,2025-10-21 14:19:16,95.8,2350,95.8,U
sh688668,鼎通科技,2025-10-21 14:19:22,95.8,4388,95.9,D
sh688668,鼎通科技,2025-10-21 14:19:25,95.79,2979,95.8,D
sh688668,鼎通科技,2025-10-21 14:19:28,95.68,3051,95.79,D
sh688668,鼎通科技,2025-10-21 14:19:34,95.68,2536,95.78,D
sh688668,鼎通科技,2025-10-21 14:19:43,95.67,2117,95.67,D
sh688668,鼎通科技,2025-10-21 14:19:49,95.6,3817,95.67,D
sh688668,鼎通科技,2025-10-21 14:19:52,95.75,18084,95.6,U
sh688668,鼎通科技,2025-10-21 14:19:55,95.74,2628,95.75,U
sh688668,鼎通科技,2025-10-21 14:20:01,95.94,7597,95.79,U
sh688668,鼎通科技,2025-10-21 14:20:04,95.94,2981,95.94,D
sh688668,鼎通科技,2025-10-21 14:20:10,95.43,9534,95.94,D
sh688668,鼎通科技,2025-10-21 14:20:37,95.5,3730,95.59,D
sh688668,鼎通科技,2025-10-21 14:20:52,95.51,2800,95.48,U
sh688668,鼎通科技,2025-10-21 14:21:28,95.5,2174,95.52,D
sh688668,鼎通科技,2025-10-21 14:23:37,95.4,11532,95.45,D
sh688668,鼎通科技,2025-10-21 14:23:40,95.33,9224,95.4,D
sh688668,鼎通科技,2025-10-21 14:23:43,95.25,2700,95.33,D
sh688668,鼎通科技,2025-10-21 14:24:01,95.25,2705,95.25,D
sh688668,鼎通科技,2025-10-21 14:25:34,95.4,2106,95.44,D
sh688668,鼎通科技,2025-10-21 14:25:37,95.43,3619,95.4,U
sh688668,鼎通科技,2025-10-21 14:26:01,95.45,4861,95.42,U
sh688668,鼎通科技,2025-10-21 14:26:19,95.45,9057,95.46,D
sh688668,鼎通科技,2025-10-21 14:26:22,95.46,3840,95.45,E
sh688668,鼎通科技,2025-10-21 14:26:25,95.45,13945,95.46,D
sh688668,鼎通科技,2025-10-21 14:26:28,95.42,5062,95.45,D
sh688668,鼎通科技,2025-10-21 14:26:31,95.44,2216,95.42,U
sh688668,鼎通科技,2025-10-21 14:27:52,95.35,2800,95.38,D
sh688668,鼎通科技,2025-10-21 14:29:01,95.28,2110,95.28,U
sh688668,鼎通科技,2025-10-21 14:29:04,95.28,4940,95.28,U
sh688668,鼎通科技,2025-10-21 14:29:16,95.28,3772,95.28,D
sh688668,鼎通科技,2025-10-21 14:29:19,95.27,3096,95.28,D
sh688668,鼎通科技,2025-10-21 14:29:22,95.27,3059,95.27,D
sh688668,鼎通科技,2025-10-21 14:30:34,95.36,4186,95.3,U
sh688668,鼎通科技,2025-10-21 14:30:49,95.39,2522,95.36,U
sh688668,鼎通科技,2025-10-21 14:31:04,95.42,5627,95.39,U
sh688668,鼎通科技,2025-10-21 14:31:22,95.36,6838,95.38,D
sh688668,鼎通科技,2025-10-21 14:31:43,95.28,3015,95.31,D
sh688668,鼎通科技,2025-10-21 14:31:46,95.28,4005,95.28,U
sh688668,鼎通科技,2025-10-21 14:32:58,95.35,2489,95.29,U
sh688668,鼎通科技,2025-10-21 14:33:28,95.5,5182,95.46,U
sh688668,鼎通科技,2025-10-21 14:33:37,95.5,12681,95.5,U
sh688668,鼎通科技,2025-10-21 14:33:43,95.59,4077,95.51,U
sh688668,鼎通科技,2025-10-21 14:33:49,95.59,6024,95.59,D
sh688668,鼎通科技,2025-10-21 14:33:58,95.7,2129,95.6,U
sh688668,鼎通科技,2025-10-21 14:34:07,95.64,5689,95.7,E
sh688668,鼎通科技,2025-10-21 14:34:22,95.52,3074,95.51,U
sh688668,鼎通科技,2025-10-21 14:34:52,95.51,15505,95.54,D
sh688668,鼎通科技,2025-10-21 14:34:55,95.46,2934,95.51,D
sh688668,鼎通科技,2025-10-21 14:34:58,95.42,6324,95.46,D
sh688668,鼎通科技,2025-10-21 14:35:01,95.38,8000,95.42,D
sh688668,鼎通科技,2025-10-21 14:35:04,95.38,3100,95.38,D
sh688668,鼎通科技,2025-10-21 14:35:07,95.4,5725,95.38,U
sh688668,鼎通科技,2025-10-21 14:35:10,95.36,8475,95.4,D
sh688668,鼎通科技,2025-10-21 14:35:16,95.42,5589,95.41,U
sh688668,鼎通科技,2025-10-21 14:35:22,95.42,3855,95.42,D
sh688668,鼎通科技,2025-10-21 14:35:46,95.39,5744,95.4,D
sh688668,鼎通科技,2025-10-21 14:35:49,95.45,4435,95.39,U
sh688668,鼎通科技,2025-10-21 14:36:04,95.55,6000,95.49,U
sh688668,鼎通科技,2025-10-21 14:36:19,95.59,3405,95.55,U
sh688668,鼎通科技,2025-10-21 14:36:31,95.7,14777,95.61,U
sh688668,鼎通科技,2025-10-21 14:36:49,95.7,4618,95.7,D
sh688668,鼎通科技,2025-10-21 14:36:52,95.7,2213,95.7,D
sh688668,鼎通科技,2025-10-21 14:36:58,95.63,8200,95.7,D
sh688668,鼎通科技,2025-10-21 14:37:04,95.78,4095,95.63,U
sh688668,鼎通科技,2025-10-21 14:37:19,95.79,12600,95.78,U
sh688668,鼎通科技,2025-10-21 14:37:25,95.83,4206,95.79,U
sh688668,鼎通科技,2025-10-21 14:37:31,95.96,5156,95.84,U
sh688668,鼎通科技,2025-10-21 14:37:34,95.99,7767,95.96,U
sh688668,鼎通科技,2025-10-21 14:37:37,96.0,32016,95.99,U
sh688668,鼎通科技,2025-10-21 14:37:40,96.03,10756,96.0,U
sh688668,鼎通科技,2025-10-21 14:37:52,96.13,3431,96.09,U
sh688668,鼎通科技,2025-10-21 14:37:58,96.03,7395,96.04,D
sh688668,鼎通科技,2025-10-21 14:38:04,95.99,10134,95.93,U
sh688668,鼎通科技,2025-10-21 14:38:10,96.01,5500,95.99,U
sh688668,鼎通科技,2025-10-21 14:38:22,95.96,2230,96.01,U
sh688668,鼎通科技,2025-10-21 14:38:43,96.0,3638,95.96,U
sh688668,鼎通科技,2025-10-21 14:38:46,96.01,7408,96.0,U
sh688668,鼎通科技,2025-10-21 14:38:49,96.04,8142,96.01,U
sh688668,鼎通科技,2025-10-21 14:38:52,96.07,5101,96.04,U
sh688668,鼎通科技,2025-10-21 14:39:25,96.15,3600,96.16,U
sh688668,鼎通科技,2025-10-21 14:39:28,96.16,2346,96.15,U
sh688668,鼎通科技,2025-10-21 14:39:37,96.16,8297,96.15,U
sh688668,鼎通科技,2025-10-21 14:39:43,96.18,5744,96.18,U
sh688668,鼎通科技,2025-10-21 14:39:49,96.16,3534,96.18,D
sh688668,鼎通科技,2025-10-21 14:39:52,96.19,2200,96.16,U
sh688668,鼎通科技,2025-10-21 14:39:55,96.2,14226,96.19,U
sh688668,鼎通科技,2025-10-21 14:39:58,96.26,4462,96.2,U
sh688668,鼎通科技,2025-10-21 14:40:01,96.3,7395,96.26,U
sh688668,鼎通科技,2025-10-21 14:40:04,96.35,2794,96.3,U
sh688668,鼎通科技,2025-10-21 14:40:07,96.38,4173,96.35,U
sh688668,鼎通科技,2025-10-21 14:40:13,96.4,21785,96.37,U
sh688668,鼎通科技,2025-10-21 14:40:25,96.5,47012,96.4,U
sh688668,鼎通科技,2025-10-21 14:40:28,96.5,9654,96.5,U
sh688668,鼎通科技,2025-10-21 14:40:31,96.5,24911,96.5,U
sh688668,鼎通科技,2025-10-21 14:40:34,96.5,9946,96.5,U
sh688668,鼎通科技,2025-10-21 14:40:37,96.5,2576,96.5,U
sh688668,鼎通科技,2025-10-21 14:40:40,96.53,6594,96.5,U
sh688668,鼎通科技,2025-10-21 14:40:43,96.58,4684,96.53,U
sh688668,鼎通科技,2025-10-21 14:40:46,96.6,5290,96.58,U
sh688668,鼎通科技,2025-10-21 14:40:49,96.6,3910,96.6,D
sh688668,鼎通科技,2025-10-21 14:40:52,96.65,18250,96.6,U
sh688668,鼎通科技,2025-10-21 14:40:58,96.66,9691,96.66,D
sh688668,鼎通科技,2025-10-21 14:41:01,96.72,12499,96.66,U
sh688668,鼎通科技,2025-10-21 14:41:04,96.75,4597,96.72,U
sh688668,鼎通科技,2025-10-21 14:41:10,96.79,6200,96.75,U
sh688668,鼎通科技,2025-10-21 14:41:13,96.77,2200,96.79,E
sh688668,鼎通科技,2025-10-21 14:41:16,96.77,2828,96.77,D
sh688668,鼎通科技,2025-10-21 14:41:19,96.72,6327,96.77,D
sh688668,鼎通科技,2025-10-21 14:41:22,96.8,38695,96.72,U
sh688668,鼎通科技,2025-10-21 14:41:28,96.65,2179,96.68,D
sh688668,鼎通科技,2025-10-21 14:41:37,96.66,5283,96.65,U
sh688668,鼎通科技,2025-10-21 14:42:13,96.37,6400,96.4,E
sh688668,鼎通科技,2025-10-21 14:42:16,96.4,3305,96.37,U
sh688668,鼎通科技,2025-10-21 14:42:31,96.37,4876,96.41,D
sh688668,鼎通科技,2025-10-21 14:43:10,96.31,3494,96.22,U
sh688668,鼎通科技,2025-10-21 14:43:43,96.24,4500,96.23,U
sh688668,鼎通科技,2025-10-21 14:44:01,96.19,2286,96.18,U
sh688668,鼎通科技,2025-10-21 14:44:19,96.2,6833,96.2,D
sh688668,鼎通科技,2025-10-21 14:44:40,96.21,2400,96.24,D
sh688668,鼎通科技,2025-10-21 14:44:46,96.39,5000,96.21,U
sh688668,鼎通科技,2025-10-21 14:45:04,96.36,2510,96.36,D
sh688668,鼎通科技,2025-10-21 14:45:07,96.36,7574,96.36,D
sh688668,鼎通科技,2025-10-21 14:45:13,96.21,4656,96.21,D
sh688668,鼎通科技,2025-10-21 14:45:28,96.21,2910,96.22,D
sh688668,鼎通科技,2025-10-21 14:45:31,96.21,3614,96.21,D
sh688668,鼎通科技,2025-10-21 14:45:43,96.24,3265,96.2,U
sh688668,鼎通科技,2025-10-21 14:45:55,96.19,3247,96.21,D
sh688668,鼎通科技,2025-10-21 14:46:04,96.21,5943,96.18,U
sh688668,鼎通科技,2025-10-21 14:46:10,96.18,8905,96.19,D
sh688668,鼎通科技,2025-10-21 14:46:13,96.16,8409,96.18,D
sh688668,鼎通科技,2025-10-21 14:46:16,96.17,4428,96.16,U
sh688668,鼎通科技,2025-10-21 14:46:55,96.04,4247,96.03,U
sh688668,鼎通科技,2025-10-21 14:46:58,96.06,2676,96.04,U
sh688668,鼎通科技,2025-10-21 14:47:07,96.06,2500,96.1,U
sh688668,鼎通科技,2025-10-21 14:47:10,96.06,2514,96.06,U
sh688668,鼎通科技,2025-10-21 14:48:13,96.03,5851,96.03,U
sh688668,鼎通科技,2025-10-21 14:48:28,96.01,9429,96.02,D
sh688668,鼎通科技,2025-10-21 14:48:31,96.01,3695,96.01,D
sh688668,鼎通科技,2025-10-21 14:48:34,96.01,39308,96.01,D
sh688668,鼎通科技,2025-10-21 14:48:52,95.96,4561,95.96,D
sh688668,鼎通科技,2025-10-21 14:48:55,95.96,2200,95.96,D
sh688668,鼎通科技,2025-10-21 14:49:07,95.96,2361,95.96,D
sh688668,鼎通科技,2025-10-21 14:49:10,95.97,5655,95.96,U
sh688668,鼎通科技,2025-10-21 14:49:34,96.0,5190,95.97,U
sh688668,鼎通科技,2025-10-21 14:49:46,96.0,3000,96.0,D
sh688668,鼎通科技,2025-10-21 14:49:52,96.02,3588,96.02,U
sh688668,鼎通科技,2025-10-21 14:49:58,96.0,2400,96.02,D
sh688668,鼎通科技,2025-10-21 14:50:04,95.98,2642,96.0,D
sh688668,鼎通科技,2025-10-21 14:50:07,95.98,4392,95.98,D
sh688668,鼎通科技,2025-10-21 14:50:10,95.99,3073,95.98,U
sh688668,鼎通科技,2025-10-21 14:50:22,95.97,6045,95.99,D
sh688668,鼎通科技,2025-10-21 14:50:25,95.97,2819,95.97,D
sh688668,鼎通科技,2025-10-21 14:50:28,95.97,2735,95.97,D
sh688668,鼎通科技,2025-10-21 14:50:40,95.98,6279,95.97,D
sh688668,鼎通科技,2025-10-21 14:50:49,96.0,4200,96.0,U
sh688668,鼎通科技,2025-10-21 14:50:58,95.98,2209,96.0,D
sh688668,鼎通科技,2025-10-21 14:51:01,95.98,5795,95.98,D
sh688668,鼎通科技,2025-10-21 14:51:04,95.97,4212,95.98,D
sh688668,鼎通科技,2025-10-21 14:51:07,95.97,4424,95.97,D
sh688668,鼎通科技,2025-10-21 14:51:10,95.97,8300,95.97,D
sh688668,鼎通科技,2025-10-21 14:51:16,95.97,2200,95.97,D
sh688668,鼎通科技,2025-10-21 14:51:19,95.97,2500,95.97,D
sh688668,鼎通科技,2025-10-21 14:51:28,95.97,8157,95.98,D
sh688668,鼎通科技,2025-10-21 14:51:31,95.98,4200,95.97,U
sh688668,鼎通科技,2025-10-21 14:51:43,95.97,4000,95.98,D
sh688668,鼎通科技,2025-10-21 14:51:58,95.98,2555,95.98,D
sh688668,鼎通科技,2025-10-21 14:52:10,95.99,2700,95.99,U
sh688668,鼎通科技,2025-10-21 14:52:31,95.99,2244,95.98,U
sh688668,鼎通科技,2025-10-21 14:52:40,95.99,3418,95.98,U
sh688668,鼎通科技,2025-10-21 14:52:52,96.0,3740,96.0,U
sh688668,鼎通科技,2025-10-21 14:53:01,95.99,3019,96.0,D
sh688668,鼎通科技,2025-10-21 14:53:19,95.98,5981,95.99,D
sh688668,鼎通科技,2025-10-21 14:53:22,96.0,2460,95.98,U
sh688668,鼎通科技,2025-10-21 14:53:46,96.0,2200,95.99,U
sh688668,鼎通科技,2025-10-21 14:53:49,96.05,16229,96.0,U
sh688668,鼎通科技,2025-10-21 14:53:55,96.17,2557,96.05,U
sh688668,鼎通科技,2025-10-21 14:54:07,96.29,8973,96.18,U
sh688668,鼎通科技,2025-10-21 14:54:10,96.29,4189,96.29,D
sh688668,鼎通科技,2025-10-21 14:54:22,96.29,2146,96.31,D
sh688668,鼎通科技,2025-10-21 14:54:37,96.28,2866,96.28,U
sh688668,鼎通科技,2025-10-21 14:54:55,96.24,2200,96.23,U
sh688668,鼎通科技,2025-10-21 14:54:58,96.27,2851,96.24,U
sh688668,鼎通科技,2025-10-21 14:55:01,96.2,3361,96.27,D
sh688668,鼎通科技,2025-10-21 14:55:04,96.26,2283,96.2,U
sh688668,鼎通科技,2025-10-21 14:55:13,96.19,8890,96.21,D
sh688668,鼎通科技,2025-10-21 14:55:22,96.18,2319,96.18,D
sh688668,鼎通科技,2025-10-21 14:55:25,96.18,3201,96.18,U
sh688668,鼎通科技,2025-10-21 14:55:34,96.18,2937,96.18,U
sh688668,鼎通科技,2025-10-21 14:55:37,96.19,4318,96.18,U
sh688668,鼎通科技,2025-10-21 14:55:43,96.21,29063,96.05,U
sh688668,鼎通科技,2025-10-21 14:55:58,96.23,3308,96.23,U
sh688668,鼎通科技,2025-10-21 14:56:01,96.19,3841,96.23,D
sh688668,鼎通科技,2025-10-21 14:56:04,96.2,7033,96.19,E
sh688668,鼎通科技,2025-10-21 14:56:13,96.24,11914,96.22,U
sh688668,鼎通科技,2025-10-21 14:56:22,96.22,2237,96.1,D
sh688668,鼎通科技,2025-10-21 14:56:25,96.29,8279,96.22,U
sh688668,鼎通科技,2025-10-21 14:56:28,96.33,2410,96.29,U
sh688668,鼎通科技,2025-10-21 14:56:31,96.33,3462,96.33,U
sh688668,鼎通科技,2025-10-21 14:56:34,96.5,22459,96.33,U
sh688668,鼎通科技,2025-10-21 14:56:37,96.5,2992,96.5,U
sh688668,鼎通科技,2025-10-21 14:56:43,96.61,29479,96.5,U
sh688668,鼎通科技,2025-10-21 14:56:46,96.62,10165,96.61,E
sh688668,鼎通科技,2025-10-21 14:56:55,96.79,7339,96.77,U
sh688668,鼎通科技,2025-10-21 14:56:58,96.77,4664,96.79,D
sh688668,鼎通科技,2025-10-21 14:57:01,96.8,11222,96.77,U
sh688668,鼎通科技,2025-10-21 15:00:03,96.6,88753,96.8,U
