symbol,name,ticktime,price,volume,prev_price,kind
sh688668,鼎通科技,2025-09-29 09:25:00,97.64,34757,0.0,U
sh688668,鼎通科技,2025-09-29 09:30:03,98.39,4574,98.35,U
sh688668,鼎通科技,2025-09-29 09:30:06,98.35,16388,98.39,D
sh688668,鼎通科技,2025-09-29 09:30:09,98.3,15686,98.35,D
sh688668,鼎通科技,2025-09-29 09:30:12,98.36,3890,98.3,U
sh688668,鼎通科技,2025-09-29 09:30:15,98.38,4367,98.36,U
sh688668,鼎通科技,2025-09-29 09:30:18,98.39,5022,98.38,U
sh688668,鼎通科技,2025-09-29 09:30:21,98.31,3594,98.39,D
sh688668,鼎通科技,2025-09-29 09:30:24,98.31,4952,98.31,U
sh688668,鼎通科技,2025-09-29 09:30:27,98.3,4723,98.31,D
sh688668,鼎通科技,2025-09-29 09:30:30,98.34,7391,98.3,U
sh688668,鼎通科技,2025-09-29 09:30:33,98.26,14942,98.34,D
sh688668,鼎通科技,2025-09-29 09:30:36,98.35,14265,98.26,U
sh688668,鼎通科技,2025-09-29 09:30:39,98.43,20807,98.35,U
sh688668,鼎通科技,2025-09-29 09:30:42,98.6,8306,98.43,U
sh688668,鼎通科技,2025-09-29 09:30:45,98.6,18865,98.6,D
sh688668,鼎通科技,2025-09-29 09:30:48,98.88,4808,98.6,E
sh688668,鼎通科技,2025-09-29 09:30:51,99.0,13290,98.88,U
sh688668,鼎通科技,2025-09-29 09:30:54,99.0,2841,99.0,U
sh688668,鼎通科技,2025-09-29 09:31:00,98.89,3002,98.89,D
sh688668,鼎通科技,2025-09-29 09:31:03,98.76,2825,98.89,D
sh688668,鼎通科技,2025-09-29 09:31:09,98.66,2028,98.68,D
sh688668,鼎通科技,2025-09-29 09:31:12,98.85,2820,98.66,U
sh688668,鼎通科技,2025-09-29 09:31:15,98.75,5416,98.85,U
sh688668,鼎通科技,2025-09-29 09:31:18,98.68,5230,98.75,D
sh688668,鼎通科技,2025-09-29 09:31:30,98.36,5088,98.46,D
sh688668,鼎通科技,2025-09-29 09:31:33,98.3,3333,98.36,D
sh688668,鼎通科技,2025-09-29 09:31:36,98.2,3939,98.3,D
sh688668,鼎通科技,2025-09-29 09:31:39,98.22,10427,98.2,U
sh688668,鼎通科技,2025-09-29 09:31:42,98.34,7002,98.22,U
sh688668,鼎通科技,2025-09-29 09:31:45,98.44,2510,98.34,U
sh688668,鼎通科技,2025-09-29 09:32:00,98.64,2831,98.64,D
sh688668,鼎通科技,2025-09-29 09:32:06,98.4,9201,98.7,D
sh688668,鼎通科技,2025-09-29 09:32:09,98.85,3730,98.4,U
sh688668,鼎通科技,2025-09-29 09:32:15,98.84,5448,98.86,E
sh688668,鼎通科技,2025-09-29 09:32:18,99.0,4700,98.84,U
sh688668,鼎通科技,2025-09-29 09:32:21,99.16,12193,99.0,U
sh688668,鼎通科技,2025-09-29 09:32:27,99.11,3040,99.2,D
sh688668,鼎通科技,2025-09-29 09:32:30,99.09,2282,99.11,E
sh688668,鼎通科技,2025-09-29 09:32:33,99.11,3933,99.09,U
sh688668,鼎通科技,2025-09-29 09:32:36,99.09,7200,99.11,D
sh688668,鼎通科技,2025-09-29 09:32:45,99.23,4838,99.23,U
sh688668,鼎通科技,2025-09-29 09:32:51,99.49,2152,99.23,U
sh688668,鼎通科技,2025-09-29 09:32:54,99.49,4291,99.49,D
sh688668,鼎通科技,2025-09-29 09:33:03,99.56,3849,99.55,U
sh688668,鼎通科技,2025-09-29 09:33:06,99.6,4800,99.56,U
sh688668,鼎通科技,2025-09-29 09:33:09,99.62,2812,99.6,E
sh688668,鼎通科技,2025-09-29 09:33:18,99.7,3000,99.69,U
sh688668,鼎通科技,2025-09-29 09:33:21,99.57,5988,99.7,D
sh688668,鼎通科技,2025-09-29 09:33:24,99.6,9509,99.57,U
sh688668,鼎通科技,2025-09-29 09:33:36,99.34,4006,99.57,D
sh688668,鼎通科技,2025-09-29 09:33:42,99.22,3775,99.34,D
sh688668,鼎通科技,2025-09-29 09:34:15,99.49,11374,99.3,U
sh688668,鼎通科技,2025-09-29 09:34:18,99.55,3933,99.49,U
sh688668,鼎通科技,2025-09-29 09:34:24,99.59,10870,99.55,U
sh688668,鼎通科技,2025-09-29 09:34:33,99.7,7887,99.68,U
sh688668,鼎通科技,2025-09-29 09:34:39,99.75,3149,99.75,D
sh688668,鼎通科技,2025-09-29 09:34:45,99.79,5078,99.79,D
sh688668,鼎通科技,2025-09-29 09:34:48,99.55,7351,99.79,D
sh688668,鼎通科技,2025-09-29 09:34:51,99.73,10155,99.55,U
sh688668,鼎通科技,2025-09-29 09:35:03,99.92,2229,99.82,U
sh688668,鼎通科技,2025-09-29 09:35:09,99.92,4572,99.82,U
sh688668,鼎通科技,2025-09-29 09:35:12,100.05,34062,99.92,U
sh688668,鼎通科技,2025-09-29 09:35:15,100.04,5668,100.05,D
sh688668,鼎通科技,2025-09-29 09:35:18,99.77,30237,100.04,D
sh688668,鼎通科技,2025-09-29 09:35:21,100.0,3993,99.77,U
sh688668,鼎通科技,2025-09-29 09:35:24,99.95,3400,100.0,E
sh688668,鼎通科技,2025-09-29 09:35:54,99.83,2988,99.82,U
sh688668,鼎通科技,2025-09-29 09:36:18,99.98,2803,99.95,U
sh688668,鼎通科技,2025-09-29 09:36:21,99.82,11459,99.98,D
sh688668,鼎通科技,2025-09-29 09:36:24,99.75,7396,99.82,D
sh688668,鼎通科技,2025-09-29 09:36:36,99.99,6827,99.7,U
sh688668,鼎通科技,2025-09-29 09:36:39,100.18,56804,99.99,U
sh688668,鼎通科技,2025-09-29 09:36:42,100.22,3328,100.18,U
sh688668,鼎通科技,2025-09-29 09:36:45,100.48,4200,100.22,U
sh688668,鼎通科技,2025-09-29 09:36:54,100.5,5021,100.37,U
sh688668,鼎通科技,2025-09-29 09:37:00,100.53,3497,100.53,D
sh688668,鼎通科技,2025-09-29 09:37:06,100.31,3892,100.47,D
sh688668,鼎通科技,2025-09-29 09:37:09,100.17,4593,100.31,D
sh688668,鼎通科技,2025-09-29 09:37:12,100.22,6196,100.17,U
sh688668,鼎通科技,2025-09-29 09:37:21,100.22,3181,100.2,U
sh688668,鼎通科技,2025-09-29 09:37:27,100.22,7092,100.25,D
sh688668,鼎通科技,2025-09-29 09:37:33,100.33,2139,100.22,U
sh688668,鼎通科技,2025-09-29 09:37:36,100.27,2018,100.33,D
sh688668,鼎通科技,2025-09-29 09:37:39,100.33,2272,100.27,U
sh688668,鼎通科技,2025-09-29 09:37:42,100.32,2412,100.33,D
sh688668,鼎通科技,2025-09-29 09:37:48,100.34,5477,100.32,E
sh688668,鼎通科技,2025-09-29 09:37:54,100.33,7848,100.33,U
sh688668,鼎通科技,2025-09-29 09:37:57,100.31,3456,100.33,D
sh688668,鼎通科技,2025-09-29 09:38:00,100.31,6302,100.31,U
sh688668,鼎通科技,2025-09-29 09:38:03,100.63,12098,100.31,U
sh688668,鼎通科技,2025-09-29 09:38:06,100.66,3436,100.63,U
sh688668,鼎通科技,2025-09-29 09:38:27,100.8,2693,100.79,U
sh688668,鼎通科技,2025-09-29 09:38:30,100.88,12687,100.8,U
sh688668,鼎通科技,2025-09-29 09:38:33,100.81,3100,100.88,D
sh688668,鼎通科技,2025-09-29 09:38:42,100.94,4318,100.87,U
sh688668,鼎通科技,2025-09-29 09:38:45,100.9,3000,100.94,E
sh688668,鼎通科技,2025-09-29 09:38:48,100.9,4557,100.9,D
sh688668,鼎通科技,2025-09-29 09:38:51,100.74,4558,100.9,D
sh688668,鼎通科技,2025-09-29 09:39:15,100.84,3264,100.75,U
sh688668,鼎通科技,2025-09-29 09:39:18,100.67,6099,100.84,D
sh688668,鼎通科技,2025-09-29 09:39:21,100.69,2322,100.67,U
sh688668,鼎通科技,2025-09-29 09:39:27,100.78,7127,100.67,U
sh688668,鼎通科技,2025-09-29 09:39:33,100.77,3313,100.78,E
sh688668,鼎通科技,2025-09-29 09:39:45,100.54,3569,100.6,U
sh688668,鼎通科技,2025-09-29 09:40:03,100.12,9101,100.34,D
sh688668,鼎通科技,2025-09-29 09:40:06,100.05,3066,100.12,U
sh688668,鼎通科技,2025-09-29 09:40:09,99.85,5567,100.05,D
sh688668,鼎通科技,2025-09-29 09:40:18,99.56,8129,99.72,D
sh688668,鼎通科技,2025-09-29 09:40:21,99.63,3592,99.56,U
sh688668,鼎通科技,2025-09-29 09:40:24,99.73,4000,99.63,U
sh688668,鼎通科技,2025-09-29 09:40:27,99.84,2100,99.73,U
sh688668,鼎通科技,2025-09-29 09:40:30,99.84,5135,99.84,D
sh688668,鼎通科技,2025-09-29 09:40:33,99.9,8035,99.84,E
sh688668,鼎通科技,2025-09-29 09:40:39,99.88,2595,99.9,U
sh688668,鼎通科技,2025-09-29 09:40:42,99.73,3467,99.88,D
sh688668,鼎通科技,2025-09-29 09:40:51,99.9,2030,99.9,U
sh688668,鼎通科技,2025-09-29 09:41:00,99.89,7973,99.92,D
sh688668,鼎通科技,2025-09-29 09:41:03,100.09,13531,99.89,U
sh688668,鼎通科技,2025-09-29 09:41:09,100.12,2031,100.11,U
sh688668,鼎通科技,2025-09-29 09:41:15,100.28,2717,100.15,U
sh688668,鼎通科技,2025-09-29 09:41:18,100.36,3536,100.28,U
sh688668,鼎通科技,2025-09-29 09:41:21,100.5,3277,100.36,U
sh688668,鼎通科技,2025-09-29 09:41:24,100.54,6054,100.5,U
sh688668,鼎通科技,2025-09-29 09:41:30,100.52,6338,100.58,D
sh688668,鼎通科技,2025-09-29 09:41:39,100.4,4776,100.41,D
sh688668,鼎通科技,2025-09-29 09:41:42,100.5,2329,100.4,U
sh688668,鼎通科技,2025-09-29 09:42:03,100.28,3921,100.4,D
sh688668,鼎通科技,2025-09-29 09:42:27,100.21,7206,100.31,D
sh688668,鼎通科技,2025-09-29 09:42:42,100.04,3281,100.11,D
sh688668,鼎通科技,2025-09-29 09:42:54,99.77,5100,99.89,D
sh688668,鼎通科技,2025-09-29 09:42:57,99.78,20800,99.77,E
sh688668,鼎通科技,2025-09-29 09:43:03,99.78,4381,99.78,D
sh688668,鼎通科技,2025-09-29 09:43:06,99.56,7681,99.78,D
sh688668,鼎通科技,2025-09-29 09:43:18,99.61,2920,99.6,D
sh688668,鼎通科技,2025-09-29 09:43:21,99.69,19203,99.61,U
sh688668,鼎通科技,2025-09-29 09:43:24,99.78,13347,99.69,U
sh688668,鼎通科技,2025-09-29 09:43:42,99.82,2400,99.9,D
sh688668,鼎通科技,2025-09-29 09:43:45,99.77,10156,99.82,D
sh688668,鼎通科技,2025-09-29 09:43:57,99.69,5100,99.74,D
sh688668,鼎通科技,2025-09-29 09:44:09,99.59,2783,99.53,U
sh688668,鼎通科技,2025-09-29 09:44:12,99.69,3035,99.59,U
sh688668,鼎通科技,2025-09-29 09:44:15,99.7,2967,99.69,U
sh688668,鼎通科技,2025-09-29 09:44:18,99.7,11360,99.7,U
sh688668,鼎通科技,2025-09-29 09:44:24,99.7,4702,99.69,U
sh688668,鼎通科技,2025-09-29 09:45:00,99.49,5197,99.51,D
sh688668,鼎通科技,2025-09-29 09:45:06,99.53,2667,99.49,U
sh688668,鼎通科技,2025-09-29 09:45:09,99.53,3212,99.53,U
sh688668,鼎通科技,2025-09-29 09:45:18,99.49,7263,99.52,D
sh688668,鼎通科技,2025-09-29 09:45:24,99.41,4748,99.42,D
sh688668,鼎通科技,2025-09-29 09:45:36,99.25,2340,99.14,U
sh688668,鼎通科技,2025-09-29 09:45:39,99.21,3700,99.25,D
sh688668,鼎通科技,2025-09-29 09:45:51,99.4,14901,99.36,U
sh688668,鼎通科技,2025-09-29 09:45:54,99.44,5299,99.4,U
sh688668,鼎通科技,2025-09-29 09:46:03,99.61,12756,99.49,U
sh688668,鼎通科技,2025-09-29 09:46:06,99.7,6249,99.61,U
sh688668,鼎通科技,2025-09-29 09:46:09,99.75,2400,99.7,U
sh688668,鼎通科技,2025-09-29 09:46:18,99.75,9594,99.75,U
sh688668,鼎通科技,2025-09-29 09:46:36,99.89,5078,99.89,D
sh688668,鼎通科技,2025-09-29 09:46:45,99.96,19694,99.89,U
sh688668,鼎通科技,2025-09-29 09:46:48,100.0,5116,99.96,U
sh688668,鼎通科技,2025-09-29 09:46:51,100.02,3037,100.0,E
sh688668,鼎通科技,2025-09-29 09:46:54,100.1,9914,100.02,U
sh688668,鼎通科技,2025-09-29 09:46:57,100.1,2007,100.1,U
sh688668,鼎通科技,2025-09-29 09:47:00,100.11,22256,100.1,U
sh688668,鼎通科技,2025-09-29 09:47:03,100.23,5125,100.11,U
sh688668,鼎通科技,2025-09-29 09:47:06,100.08,14570,100.23,D
sh688668,鼎通科技,2025-09-29 09:47:09,99.97,12394,100.08,D
sh688668,鼎通科技,2025-09-29 09:47:15,99.79,7033,100.0,D
sh688668,鼎通科技,2025-09-29 09:47:27,99.93,2200,99.72,U
sh688668,鼎通科技,2025-09-29 09:47:33,99.68,8505,99.89,D
sh688668,鼎通科技,2025-09-29 09:47:45,99.75,3200,99.64,U
sh688668,鼎通科技,2025-09-29 09:47:57,99.85,7709,99.8,U
sh688668,鼎通科技,2025-09-29 09:48:00,99.8,2441,99.85,E
sh688668,鼎通科技,2025-09-29 09:48:03,99.85,41094,99.8,U
sh688668,鼎通科技,2025-09-29 09:48:06,99.95,7834,99.85,U
sh688668,鼎通科技,2025-09-29 09:48:09,99.92,11353,99.95,D
sh688668,鼎通科技,2025-09-29 09:48:21,99.99,2300,99.97,E
sh688668,鼎通科技,2025-09-29 09:48:24,100.0,15027,99.99,U
sh688668,鼎通科技,2025-09-29 09:48:33,99.97,2690,100.0,D
sh688668,鼎通科技,2025-09-29 09:48:39,99.99,3432,100.0,D
sh688668,鼎通科技,2025-09-29 09:48:42,100.0,3800,99.99,U
sh688668,鼎通科技,2025-09-29 09:48:48,99.97,10361,100.0,D
sh688668,鼎通科技,2025-09-29 09:49:03,99.7,15238,99.96,D
sh688668,鼎通科技,2025-09-29 09:49:06,99.58,2788,99.7,D
sh688668,鼎通科技,2025-09-29 09:49:39,99.54,4623,99.62,D
sh688668,鼎通科技,2025-09-29 09:49:42,99.51,3830,99.54,D
sh688668,鼎通科技,2025-09-29 09:49:45,99.52,5044,99.51,U
sh688668,鼎通科技,2025-09-29 09:49:57,99.22,2800,99.25,D
sh688668,鼎通科技,2025-09-29 09:50:03,99.18,3140,99.24,D
sh688668,鼎通科技,2025-09-29 09:50:06,99.19,9678,99.18,E
sh688668,鼎通科技,2025-09-29 09:50:09,99.11,2300,99.19,E
sh688668,鼎通科技,2025-09-29 09:50:15,99.07,4200,99.1,E
sh688668,鼎通科技,2025-09-29 09:50:18,98.89,2832,99.07,D
sh688668,鼎通科技,2025-09-29 09:50:30,98.94,2800,99.01,E
sh688668,鼎通科技,2025-09-29 09:50:33,98.93,3601,98.94,D
sh688668,鼎通科技,2025-09-29 09:50:48,98.73,7648,98.81,E
sh688668,鼎通科技,2025-09-29 09:50:51,98.91,3402,98.73,U
sh688668,鼎通科技,2025-09-29 09:50:54,98.7,2975,98.91,D
sh688668,鼎通科技,2025-09-29 09:51:06,98.76,3348,98.93,D
sh688668,鼎通科技,2025-09-29 09:51:18,98.77,3371,98.76,D
sh688668,鼎通科技,2025-09-29 09:51:24,98.94,2132,98.77,U
sh688668,鼎通科技,2025-09-29 09:51:27,98.93,2909,98.94,D
sh688668,鼎通科技,2025-09-29 09:51:39,98.77,8450,98.83,D
sh688668,鼎通科技,2025-09-29 09:51:48,98.7,3054,98.74,D
sh688668,鼎通科技,2025-09-29 09:51:51,98.7,2808,98.7,D
sh688668,鼎通科技,2025-09-29 09:51:57,98.84,4701,98.63,U
sh688668,鼎通科技,2025-09-29 09:52:00,98.86,6084,98.84,U
sh688668,鼎通科技,2025-09-29 09:52:03,99.05,85836,98.86,U
sh688668,鼎通科技,2025-09-29 09:52:09,98.7,3864,98.89,D
sh688668,鼎通科技,2025-09-29 09:52:15,98.8,2100,98.86,E
sh688668,鼎通科技,2025-09-29 09:52:39,98.66,2200,98.71,D
sh688668,鼎通科技,2025-09-29 09:52:42,98.6,2200,98.66,D
sh688668,鼎通科技,2025-09-29 09:52:45,98.51,4312,98.6,D
sh688668,鼎通科技,2025-09-29 09:52:48,98.5,2247,98.51,D
sh688668,鼎通科技,2025-09-29 09:53:21,98.33,3164,98.33,U
sh688668,鼎通科技,2025-09-29 09:53:45,98.44,14715,98.44,U
sh688668,鼎通科技,2025-09-29 09:53:48,98.3,10787,98.44,D
sh688668,鼎通科技,2025-09-29 09:53:57,98.3,4938,98.28,U
sh688668,鼎通科技,2025-09-29 09:54:00,98.3,2401,98.3,U
sh688668,鼎通科技,2025-09-29 09:54:06,98.3,26152,98.3,U
sh688668,鼎通科技,2025-09-29 09:54:09,98.31,9251,98.3,U
sh688668,鼎通科技,2025-09-29 09:54:12,98.29,7514,98.31,D
sh688668,鼎通科技,2025-09-29 09:54:15,98.24,5531,98.29,D
sh688668,鼎通科技,2025-09-29 09:54:18,98.01,3596,98.24,D
sh688668,鼎通科技,2025-09-29 09:54:21,98.0,20681,98.01,D
sh688668,鼎通科技,2025-09-29 09:54:24,97.9,6903,98.0,D
sh688668,鼎通科技,2025-09-29 09:55:12,97.94,2691,98.0,D
sh688668,鼎通科技,2025-09-29 09:55:18,98.0,4939,97.94,U
sh688668,鼎通科技,2025-09-29 09:55:36,98.0,3133,98.0,U
sh688668,鼎通科技,2025-09-29 09:55:39,98.0,6149,98.0,U
sh688668,鼎通科技,2025-09-29 09:56:09,97.95,5005,97.97,D
sh688668,鼎通科技,2025-09-29 09:56:12,98.0,6995,97.95,U
sh688668,鼎通科技,2025-09-29 09:56:39,98.0,3895,98.0,U
sh688668,鼎通科技,2025-09-29 09:56:45,98.0,2232,98.0,D
sh688668,鼎通科技,2025-09-29 09:56:48,97.96,5539,98.0,D
sh688668,鼎通科技,2025-09-29 09:56:57,97.97,2564,97.97,U
sh688668,鼎通科技,2025-09-29 09:57:00,98.0,8128,97.97,U
sh688668,鼎通科技,2025-09-29 09:57:03,98.0,4022,98.0,D
sh688668,鼎通科技,2025-09-29 09:57:09,98.06,2253,98.0,U
sh688668,鼎通科技,2025-09-29 09:57:18,97.91,38715,98.0,D
sh688668,鼎通科技,2025-09-29 09:57:24,97.88,2617,97.89,D
sh688668,鼎通科技,2025-09-29 09:57:33,98.0,59736,97.89,U
sh688668,鼎通科技,2025-09-29 09:57:48,98.35,10617,98.05,U
sh688668,鼎通科技,2025-09-29 09:57:51,98.08,2435,98.35,D
sh688668,鼎通科技,2025-09-29 09:57:54,98.0,2807,98.08,D
sh688668,鼎通科技,2025-09-29 09:58:03,98.08,6726,98.08,D
sh688668,鼎通科技,2025-09-29 09:58:06,98.09,6646,98.08,E
sh688668,鼎通科技,2025-09-29 09:58:15,98.08,4129,98.0,U
sh688668,鼎通科技,2025-09-29 09:58:27,98.0,3885,98.0,D
sh688668,鼎通科技,2025-09-29 09:58:30,98.0,3894,98.0,U
sh688668,鼎通科技,2025-09-29 09:58:33,98.0,3506,98.0,D
sh688668,鼎通科技,2025-09-29 09:58:39,98.0,3000,98.0,U
sh688668,鼎通科技,2025-09-29 09:58:51,98.06,8839,98.0,U
sh688668,鼎通科技,2025-09-29 09:58:54,97.85,53625,98.06,D
sh688668,鼎通科技,2025-09-29 09:59:00,98.06,4126,98.14,D
sh688668,鼎通科技,2025-09-29 09:59:06,98.0,3004,98.14,D
sh688668,鼎通科技,2025-09-29 09:59:09,98.0,16032,98.0,D
sh688668,鼎通科技,2025-09-29 09:59:18,98.0,3652,98.06,D
sh688668,鼎通科技,2025-09-29 09:59:21,98.31,2088,98.0,U
sh688668,鼎通科技,2025-09-29 09:59:24,98.35,2643,98.31,U
sh688668,鼎通科技,2025-09-29 09:59:36,98.43,9835,98.4,U
sh688668,鼎通科技,2025-09-29 09:59:39,98.6,2126,98.43,U
sh688668,鼎通科技,2025-09-29 10:00:09,99.0,42641,98.59,U
sh688668,鼎通科技,2025-09-29 10:00:12,98.59,10243,99.0,D
sh688668,鼎通科技,2025-09-29 10:00:27,98.6,2732,98.6,U
sh688668,鼎通科技,2025-09-29 10:00:33,98.67,2199,98.6,U
sh688668,鼎通科技,2025-09-29 10:00:48,98.7,9289,98.79,D
sh688668,鼎通科技,2025-09-29 10:00:51,98.7,2425,98.7,U
sh688668,鼎通科技,2025-09-29 10:00:54,98.7,2070,98.7,U
sh688668,鼎通科技,2025-09-29 10:00:57,98.7,9496,98.7,U
sh688668,鼎通科技,2025-09-29 10:01:00,99.2,28327,98.7,U
sh688668,鼎通科技,2025-09-29 10:01:30,99.36,6012,99.19,U
sh688668,鼎通科技,2025-09-29 10:01:51,99.2,6149,99.21,D
sh688668,鼎通科技,2025-09-29 10:01:57,99.19,2262,99.19,U
sh688668,鼎通科技,2025-09-29 10:02:30,99.35,4005,99.43,D
sh688668,鼎通科技,2025-09-29 10:02:33,99.3,4361,99.35,D
sh688668,鼎通科技,2025-09-29 10:02:39,99.24,2605,99.23,U
sh688668,鼎通科技,2025-09-29 10:02:45,99.29,2766,99.24,U
sh688668,鼎通科技,2025-09-29 10:02:48,99.29,2500,99.29,U
sh688668,鼎通科技,2025-09-29 10:03:21,98.76,2800,98.79,D
sh688668,鼎通科技,2025-09-29 10:03:33,98.5,8355,98.75,D
sh688668,鼎通科技,2025-09-29 10:04:00,98.34,50400,98.34,U
sh688668,鼎通科技,2025-09-29 10:04:03,98.01,14439,98.34,D
sh688668,鼎通科技,2025-09-29 10:04:09,98.22,5000,98.16,E
sh688668,鼎通科技,2025-09-29 10:04:42,98.38,2137,98.39,D
sh688668,鼎通科技,2025-09-29 10:05:30,98.1,5297,98.29,D
sh688668,鼎通科技,2025-09-29 10:05:54,98.0,5924,98.13,D
sh688668,鼎通科技,2025-09-29 10:05:57,97.99,2400,98.0,E
sh688668,鼎通科技,2025-09-29 10:06:09,98.0,5471,98.0,U
sh688668,鼎通科技,2025-09-29 10:06:12,98.0,34527,98.0,U
sh688668,鼎通科技,2025-09-29 10:06:27,98.15,3164,98.18,D
sh688668,鼎通科技,2025-09-29 10:06:48,98.29,2354,98.29,U
sh688668,鼎通科技,2025-09-29 10:07:12,98.13,2437,98.23,E
sh688668,鼎通科技,2025-09-29 10:07:18,97.96,12558,98.07,D
sh688668,鼎通科技,2025-09-29 10:07:21,97.87,3207,97.96,D
sh688668,鼎通科技,2025-09-29 10:07:24,97.7,3300,97.87,D
sh688668,鼎通科技,2025-09-29 10:07:27,97.6,19619,97.7,D
sh688668,鼎通科技,2025-09-29 10:07:30,97.6,4413,97.6,U
sh688668,鼎通科技,2025-09-29 10:07:33,97.58,6419,97.6,U
sh688668,鼎通科技,2025-09-29 10:09:00,98.12,2752,98.16,D
sh688668,鼎通科技,2025-09-29 10:09:21,97.9,2848,97.96,D
sh688668,鼎通科技,2025-09-29 10:10:06,98.38,3334,98.32,U
sh688668,鼎通科技,2025-09-29 10:10:18,98.3,10316,98.39,D
sh688668,鼎通科技,2025-09-29 10:10:30,98.06,23395,98.16,D
sh688668,鼎通科技,2025-09-29 10:11:45,98.21,26248,98.2,U
sh688668,鼎通科技,2025-09-29 10:11:48,98.28,4115,98.21,E
sh688668,鼎通科技,2025-09-29 10:12:03,97.98,4592,98.06,D
sh688668,鼎通科技,2025-09-29 10:12:06,97.98,2367,97.98,U
sh688668,鼎通科技,2025-09-29 10:13:09,98.1,2205,98.11,D
sh688668,鼎通科技,2025-09-29 10:13:57,98.16,2509,98.16,D
sh688668,鼎通科技,2025-09-29 10:14:42,98.0,3044,98.21,D
sh688668,鼎通科技,2025-09-29 10:14:54,97.88,36168,97.99,D
sh688668,鼎通科技,2025-09-29 10:14:57,97.8,6897,97.88,D
sh688668,鼎通科技,2025-09-29 10:15:06,97.8,2686,97.77,U
sh688668,鼎通科技,2025-09-29 10:16:57,97.73,2327,97.9,D
sh688668,鼎通科技,2025-09-29 10:17:12,97.86,32003,97.74,U
sh688668,鼎通科技,2025-09-29 10:17:18,98.29,22106,97.86,U
sh688668,鼎通科技,2025-09-29 10:17:21,98.01,14392,98.29,D
sh688668,鼎通科技,2025-09-29 10:17:24,97.94,4006,98.01,D
sh688668,鼎通科技,2025-09-29 10:17:27,97.96,5281,97.94,E
sh688668,鼎通科技,2025-09-29 10:17:30,97.75,3095,97.96,D
sh688668,鼎通科技,2025-09-29 10:17:33,97.71,3512,97.75,D
sh688668,鼎通科技,2025-09-29 10:17:39,97.74,4474,97.71,E
sh688668,鼎通科技,2025-09-29 10:17:45,97.66,9125,97.98,D
sh688668,鼎通科技,2025-09-29 10:17:51,98.0,5892,97.73,U
sh688668,鼎通科技,2025-09-29 10:17:54,97.72,4305,98.0,E
sh688668,鼎通科技,2025-09-29 10:17:57,97.99,4700,97.72,U
sh688668,鼎通科技,2025-09-29 10:18:00,97.65,2691,97.99,D
sh688668,鼎通科技,2025-09-29 10:18:03,97.96,3793,97.65,E
sh688668,鼎通科技,2025-09-29 10:18:12,97.56,6437,97.61,D
sh688668,鼎通科技,2025-09-29 10:18:21,97.76,7047,97.76,D
sh688668,鼎通科技,2025-09-29 10:18:27,97.77,2652,97.79,D
sh688668,鼎通科技,2025-09-29 10:18:45,97.78,3928,97.77,E
sh688668,鼎通科技,2025-09-29 10:18:48,97.72,3450,97.78,D
sh688668,鼎通科技,2025-09-29 10:18:51,97.72,2991,97.72,D
sh688668,鼎通科技,2025-09-29 10:18:54,97.72,2535,97.72,D
sh688668,鼎通科技,2025-09-29 10:19:00,97.72,9117,98.05,D
sh688668,鼎通科技,2025-09-29 10:19:03,97.76,2253,97.72,U
sh688668,鼎通科技,2025-09-29 10:19:33,97.9,4000,98.02,D
sh688668,鼎通科技,2025-09-29 10:20:15,98.11,3576,98.11,D
sh688668,鼎通科技,2025-09-29 10:20:18,98.14,3473,98.11,U
sh688668,鼎通科技,2025-09-29 10:20:21,98.3,7812,98.14,U
sh688668,鼎通科技,2025-09-29 10:20:57,98.3,33434,98.3,U
sh688668,鼎通科技,2025-09-29 10:21:00,98.4,4205,98.3,U
sh688668,鼎通科技,2025-09-29 10:21:03,98.55,45603,98.4,U
sh688668,鼎通科技,2025-09-29 10:21:15,98.69,8800,98.57,U
sh688668,鼎通科技,2025-09-29 10:21:51,98.4,2500,98.7,D
sh688668,鼎通科技,2025-09-29 10:22:03,98.31,4286,98.4,D
sh688668,鼎通科技,2025-09-29 10:22:21,98.41,2056,98.31,U
sh688668,鼎通科技,2025-09-29 10:22:42,98.7,5200,98.6,U
sh688668,鼎通科技,2025-09-29 10:22:45,98.7,8494,98.7,U
sh688668,鼎通科技,2025-09-29 10:22:51,98.7,18872,98.7,U
sh688668,鼎通科技,2025-09-29 10:22:54,98.7,18818,98.7,U
sh688668,鼎通科技,2025-09-29 10:23:15,98.95,10600,98.9,U
sh688668,鼎通科技,2025-09-29 10:23:21,98.93,2148,98.9,U
sh688668,鼎通科技,2025-09-29 10:23:33,98.93,25600,98.94,D
sh688668,鼎通科技,2025-09-29 10:24:12,98.8,2895,98.8,U
sh688668,鼎通科技,2025-09-29 10:24:30,98.8,11836,98.8,U
sh688668,鼎通科技,2025-09-29 10:24:33,98.8,10886,98.8,U
sh688668,鼎通科技,2025-09-29 10:24:36,99.48,24653,98.8,U
sh688668,鼎通科技,2025-09-29 10:26:15,98.9,3609,99.0,D
sh688668,鼎通科技,2025-09-29 10:27:06,99.14,8585,99.12,U
sh688668,鼎通科技,2025-09-29 10:27:09,99.15,3332,99.14,U
sh688668,鼎通科技,2025-09-29 10:27:12,99.15,8031,99.15,U
sh688668,鼎通科技,2025-09-29 10:27:18,99.15,2649,99.14,U
sh688668,鼎通科技,2025-09-29 10:27:27,99.15,3906,99.15,U
sh688668,鼎通科技,2025-09-29 10:27:39,99.0,3826,99.12,D
sh688668,鼎通科技,2025-09-29 10:27:42,99.0,2451,99.0,D
sh688668,鼎通科技,2025-09-29 10:28:18,98.8,3209,98.8,U
sh688668,鼎通科技,2025-09-29 10:28:36,99.0,2500,98.8,U
sh688668,鼎通科技,2025-09-29 10:29:15,99.15,2314,99.15,U
sh688668,鼎通科技,2025-09-29 10:30:33,99.01,2890,99.0,U
sh688668,鼎通科技,2025-09-29 10:30:48,99.01,2425,99.12,D
sh688668,鼎通科技,2025-09-29 10:31:03,99.18,5662,99.06,U
sh688668,鼎通科技,2025-09-29 10:31:06,99.18,9206,99.18,U
sh688668,鼎通科技,2025-09-29 10:31:09,99.18,4175,99.18,U
sh688668,鼎通科技,2025-09-29 10:31:15,99.18,2933,99.18,U
sh688668,鼎通科技,2025-09-29 10:31:18,99.18,6477,99.18,U
sh688668,鼎通科技,2025-09-29 10:31:21,99.24,7964,99.18,U
sh688668,鼎通科技,2025-09-29 10:31:24,99.45,6072,99.24,U
sh688668,鼎通科技,2025-09-29 10:31:27,99.45,2612,99.45,U
sh688668,鼎通科技,2025-09-29 10:31:36,99.28,2439,99.45,D
sh688668,鼎通科技,2025-09-29 10:32:03,99.1,2460,99.15,D
sh688668,鼎通科技,2025-09-29 10:32:06,99.08,2036,99.1,D
sh688668,鼎通科技,2025-09-29 10:32:12,99.08,3303,99.08,E
sh688668,鼎通科技,2025-09-29 10:32:24,99.0,4774,99.07,D
sh688668,鼎通科技,2025-09-29 10:33:36,98.7,5036,98.7,U
sh688668,鼎通科技,2025-09-29 10:33:39,98.7,19821,98.7,U
sh688668,鼎通科技,2025-09-29 10:33:42,98.7,2149,98.7,U
sh688668,鼎通科技,2025-09-29 10:33:45,98.7,4254,98.7,U
sh688668,鼎通科技,2025-09-29 10:35:03,98.8,6792,98.86,D
sh688668,鼎通科技,2025-09-29 10:35:39,98.85,2200,98.85,U
sh688668,鼎通科技,2025-09-29 10:35:42,98.85,6517,98.85,U
sh688668,鼎通科技,2025-09-29 10:35:45,98.75,5864,98.85,D
sh688668,鼎通科技,2025-09-29 10:35:48,98.85,4872,98.75,U
sh688668,鼎通科技,2025-09-29 10:35:51,98.84,3933,98.85,D
sh688668,鼎通科技,2025-09-29 10:36:03,99.08,2649,98.85,U
sh688668,鼎通科技,2025-09-29 10:37:30,99.0,3900,98.94,D
sh688668,鼎通科技,2025-09-29 10:37:51,99.06,2308,99.0,U
sh688668,鼎通科技,2025-09-29 10:38:06,99.1,5945,99.06,U
sh688668,鼎通科技,2025-09-29 10:38:09,99.1,19729,99.1,U
sh688668,鼎通科技,2025-09-29 10:38:12,99.1,9142,99.1,U
sh688668,鼎通科技,2025-09-29 10:38:48,99.1,5000,99.15,U
sh688668,鼎通科技,2025-09-29 10:39:15,99.01,2200,99.01,D
sh688668,鼎通科技,2025-09-29 10:40:18,98.96,3746,98.96,U
sh688668,鼎通科技,2025-09-29 10:40:27,98.93,2796,98.9,U
sh688668,鼎通科技,2025-09-29 10:40:33,98.86,2200,98.96,D
sh688668,鼎通科技,2025-09-29 10:41:00,98.96,2426,98.96,U
sh688668,鼎通科技,2025-09-29 10:41:12,99.1,2424,99.1,U
sh688668,鼎通科技,2025-09-29 10:41:15,99.1,2375,99.1,U
sh688668,鼎通科技,2025-09-29 10:42:21,99.0,3200,99.0,U
sh688668,鼎通科技,2025-09-29 10:42:24,99.0,12010,99.0,U
sh688668,鼎通科技,2025-09-29 10:42:42,98.93,14260,99.0,D
sh688668,鼎通科技,2025-09-29 10:42:51,98.93,5700,98.93,U
sh688668,鼎通科技,2025-09-29 10:43:00,99.0,3833,98.93,U
sh688668,鼎通科技,2025-09-29 10:43:36,99.1,2101,99.09,U
sh688668,鼎通科技,2025-09-29 10:45:21,99.1,3155,99.07,U
sh688668,鼎通科技,2025-09-29 10:45:24,99.02,3200,99.1,D
sh688668,鼎通科技,2025-09-29 10:45:36,99.1,2085,99.02,U
sh688668,鼎通科技,2025-09-29 10:45:39,98.99,3194,99.1,D
sh688668,鼎通科技,2025-09-29 10:46:03,99.1,2700,99.1,U
sh688668,鼎通科技,2025-09-29 10:46:06,99.1,2028,99.1,U
sh688668,鼎通科技,2025-09-29 10:47:33,99.17,3905,99.2,D
sh688668,鼎通科技,2025-09-29 10:47:45,99.01,8961,98.99,E
sh688668,鼎通科技,2025-09-29 10:47:48,98.85,2636,99.01,D
sh688668,鼎通科技,2025-09-29 10:47:57,98.87,2160,98.85,D
sh688668,鼎通科技,2025-09-29 10:50:57,98.31,4639,98.38,D
sh688668,鼎通科技,2025-09-29 10:53:42,98.75,5000,98.62,U
sh688668,鼎通科技,2025-09-29 10:55:24,98.65,5000,98.6,U
sh688668,鼎通科技,2025-09-29 10:55:48,98.6,6944,98.57,E
sh688668,鼎通科技,2025-09-29 10:56:24,98.44,8314,98.59,D
sh688668,鼎通科技,2025-09-29 10:56:27,98.3,2420,98.44,D
sh688668,鼎通科技,2025-09-29 10:57:06,98.3,2944,98.3,U
sh688668,鼎通科技,2025-09-29 10:57:09,98.33,4849,98.3,U
sh688668,鼎通科技,2025-09-29 10:57:12,98.19,3472,98.33,D
sh688668,鼎通科技,2025-09-29 10:59:39,98.31,8980,98.3,U
sh688668,鼎通科技,2025-09-29 11:01:06,98.4,13657,98.36,E
sh688668,鼎通科技,2025-09-29 11:01:09,98.41,9523,98.4,U
sh688668,鼎通科技,2025-09-29 11:01:12,98.45,2048,98.41,E
sh688668,鼎通科技,2025-09-29 11:01:15,98.69,2782,98.45,U
sh688668,鼎通科技,2025-09-29 11:02:00,98.39,4159,98.39,U
sh688668,鼎通科技,2025-09-29 11:03:03,98.65,7882,98.65,U
sh688668,鼎通科技,2025-09-29 11:04:12,98.7,4755,98.8,D
sh688668,鼎通科技,2025-09-29 11:04:15,98.57,4695,98.7,D
sh688668,鼎通科技,2025-09-29 11:06:24,98.54,4866,98.6,D
sh688668,鼎通科技,2025-09-29 11:06:48,98.65,10000,98.44,U
sh688668,鼎通科技,2025-09-29 11:06:51,98.59,7052,98.65,D
sh688668,鼎通科技,2025-09-29 11:06:57,98.5,2372,98.59,D
sh688668,鼎通科技,2025-09-29 11:07:06,98.7,3000,98.51,U
sh688668,鼎通科技,2025-09-29 11:08:36,98.83,10000,98.84,D
sh688668,鼎通科技,2025-09-29 11:10:00,98.83,3784,98.91,D
sh688668,鼎通科技,2025-09-29 11:10:03,98.59,58156,98.83,D
sh688668,鼎通科技,2025-09-29 11:10:21,98.63,3230,98.65,D
sh688668,鼎通科技,2025-09-29 11:10:27,98.6,2107,98.63,D
sh688668,鼎通科技,2025-09-29 11:10:30,98.6,5291,98.6,U
sh688668,鼎通科技,2025-09-29 11:10:33,98.6,12602,98.6,U
sh688668,鼎通科技,2025-09-29 11:11:27,98.56,3060,98.61,D
sh688668,鼎通科技,2025-09-29 11:12:21,98.41,4395,98.51,D
sh688668,鼎通科技,2025-09-29 11:12:51,98.22,7005,98.41,D
sh688668,鼎通科技,2025-09-29 11:13:24,98.33,10600,98.4,D
sh688668,鼎通科技,2025-09-29 11:15:00,98.51,2644,98.48,U
sh688668,鼎通科技,2025-09-29 11:15:51,98.8,11639,98.79,U
sh688668,鼎通科技,2025-09-29 11:15:54,98.8,2032,98.8,U
sh688668,鼎通科技,2025-09-29 11:16:57,98.8,3004,98.8,D
sh688668,鼎通科技,2025-09-29 11:17:00,98.88,9141,98.8,U
sh688668,鼎通科技,2025-09-29 11:17:03,98.89,5390,98.88,U
sh688668,鼎通科技,2025-09-29 11:18:51,98.8,10524,98.79,U
sh688668,鼎通科技,2025-09-29 11:18:54,98.8,2302,98.8,U
sh688668,鼎通科技,2025-09-29 11:19:03,98.83,4960,98.8,U
sh688668,鼎通科技,2025-09-29 11:19:51,98.82,10573,98.99,D
sh688668,鼎通科技,2025-09-29 11:19:54,98.8,8322,98.82,D
sh688668,鼎通科技,2025-09-29 11:20:00,98.75,4991,98.8,D
sh688668,鼎通科技,2025-09-29 11:20:21,98.8,12453,98.53,U
sh688668,鼎通科技,2025-09-29 11:21:06,98.5,4183,98.63,D
sh688668,鼎通科技,2025-09-29 11:21:45,98.51,2987,98.51,U
sh688668,鼎通科技,2025-09-29 11:22:06,98.5,3295,98.66,U
sh688668,鼎通科技,2025-09-29 11:23:00,98.49,2238,98.49,U
sh688668,鼎通科技,2025-09-29 11:23:03,98.53,16316,98.49,U
sh688668,鼎通科技,2025-09-29 11:24:42,98.6,2400,98.6,D
sh688668,鼎通科技,2025-09-29 11:25:45,98.59,2448,98.59,E
sh688668,鼎通科技,2025-09-29 11:26:27,98.56,2090,98.53,U
sh688668,鼎通科技,2025-09-29 11:27:06,98.5,5112,98.58,D
sh688668,鼎通科技,2025-09-29 11:29:59,98.3,4060,98.34,D
sh688668,鼎通科技,2025-09-29 13:00:03,98.2,3700,98.3,D
sh688668,鼎通科技,2025-09-29 13:00:09,98.35,16329,98.25,U
sh688668,鼎通科技,2025-09-29 13:01:00,98.4,2093,98.42,D
sh688668,鼎通科技,2025-09-29 13:01:15,98.3,5851,98.4,D
sh688668,鼎通科技,2025-09-29 13:01:18,98.41,6727,98.3,U
sh688668,鼎通科技,2025-09-29 13:01:21,98.42,2727,98.41,E
sh688668,鼎通科技,2025-09-29 13:02:27,98.37,2714,98.45,D
sh688668,鼎通科技,2025-09-29 13:05:45,98.6,5735,98.5,U
sh688668,鼎通科技,2025-09-29 13:05:48,98.66,6254,98.6,U
sh688668,鼎通科技,2025-09-29 13:06:33,98.57,5221,98.64,D
sh688668,鼎通科技,2025-09-29 13:07:57,98.65,2708,98.65,U
sh688668,鼎通科技,2025-09-29 13:08:57,98.53,11137,98.62,D
sh688668,鼎通科技,2025-09-29 13:11:27,98.3,3993,98.28,U
sh688668,鼎通科技,2025-09-29 13:13:57,98.37,3746,98.3,U
sh688668,鼎通科技,2025-09-29 13:14:09,98.2,4522,98.21,D
sh688668,鼎通科技,2025-09-29 13:14:18,98.1,3341,98.12,D
sh688668,鼎通科技,2025-09-29 13:14:30,98.2,4510,98.11,U
sh688668,鼎通科技,2025-09-29 13:15:30,98.21,3606,98.2,E
sh688668,鼎通科技,2025-09-29 13:16:54,98.11,10034,98.17,D
sh688668,鼎通科技,2025-09-29 13:17:03,98.11,2333,98.13,D
sh688668,鼎通科技,2025-09-29 13:18:09,97.92,33327,98.04,D
sh688668,鼎通科技,2025-09-29 13:18:21,97.8,3658,97.85,D
sh688668,鼎通科技,2025-09-29 13:18:27,97.92,3085,97.85,U
sh688668,鼎通科技,2025-09-29 13:19:03,97.99,2088,97.84,U
sh688668,鼎通科技,2025-09-29 13:20:51,97.99,2600,97.97,D
sh688668,鼎通科技,2025-09-29 13:21:27,97.9,7595,97.93,D
sh688668,鼎通科技,2025-09-29 13:21:30,97.9,3888,97.9,U
sh688668,鼎通科技,2025-09-29 13:21:36,97.88,2908,97.89,D
sh688668,鼎通科技,2025-09-29 13:22:06,97.87,10600,97.88,D
sh688668,鼎通科技,2025-09-29 13:22:39,97.81,4636,97.81,D
sh688668,鼎通科技,2025-09-29 13:22:42,97.98,2400,97.81,U
sh688668,鼎通科技,2025-09-29 13:23:00,97.82,2100,97.83,D
sh688668,鼎通科技,2025-09-29 13:23:27,98.0,2302,97.92,U
sh688668,鼎通科技,2025-09-29 13:23:33,97.97,4287,98.0,E
sh688668,鼎通科技,2025-09-29 13:24:12,98.0,2086,98.0,D
sh688668,鼎通科技,2025-09-29 13:24:39,98.08,2100,98.06,U
sh688668,鼎通科技,2025-09-29 13:26:27,98.13,2806,98.1,U
sh688668,鼎通科技,2025-09-29 13:27:39,98.15,5843,98.12,U
sh688668,鼎通科技,2025-09-29 13:27:42,98.15,7375,98.15,U
sh688668,鼎通科技,2025-09-29 13:27:51,98.2,6076,98.15,U
sh688668,鼎通科技,2025-09-29 13:28:09,98.12,2263,98.28,D
sh688668,鼎通科技,2025-09-29 13:29:00,98.12,11367,98.09,U
sh688668,鼎通科技,2025-09-29 13:29:03,98.32,12339,98.12,U
sh688668,鼎通科技,2025-09-29 13:29:06,98.32,2539,98.32,D
sh688668,鼎通科技,2025-09-29 13:29:42,98.3,3362,98.22,U
sh688668,鼎通科技,2025-09-29 13:30:09,98.14,10495,98.2,D
sh688668,鼎通科技,2025-09-29 13:30:15,98.15,5525,98.14,D
sh688668,鼎通科技,2025-09-29 13:30:39,98.28,5262,98.3,E
sh688668,鼎通科技,2025-09-29 13:31:06,98.38,2200,98.3,U
sh688668,鼎通科技,2025-09-29 13:32:00,98.09,5126,98.14,D
sh688668,鼎通科技,2025-09-29 13:32:09,98.1,2499,98.08,U
sh688668,鼎通科技,2025-09-29 13:32:15,98.22,5333,98.09,U
sh688668,鼎通科技,2025-09-29 13:33:15,98.28,3083,98.22,U
sh688668,鼎通科技,2025-09-29 13:33:54,98.35,3667,98.19,U
sh688668,鼎通科技,2025-09-29 13:34:12,98.14,2069,98.14,D
sh688668,鼎通科技,2025-09-29 13:35:00,98.1,2627,98.12,D
sh688668,鼎通科技,2025-09-29 13:35:03,98.05,2387,98.1,D
sh688668,鼎通科技,2025-09-29 13:35:12,98.0,5239,98.05,D
sh688668,鼎通科技,2025-09-29 13:35:24,98.0,2286,98.01,D
sh688668,鼎通科技,2025-09-29 13:35:42,97.9,20202,98.17,D
sh688668,鼎通科技,2025-09-29 13:35:45,98.13,2116,97.9,U
sh688668,鼎通科技,2025-09-29 13:35:51,98.01,2600,98.0,E
sh688668,鼎通科技,2025-09-29 13:35:57,98.01,2714,98.01,D
sh688668,鼎通科技,2025-09-29 13:37:18,98.05,2082,98.21,D
sh688668,鼎通科技,2025-09-29 13:37:21,98.18,4000,98.05,U
sh688668,鼎通科技,2025-09-29 13:38:21,98.0,20000,98.11,D
sh688668,鼎通科技,2025-09-29 13:39:06,98.21,2730,98.11,U
sh688668,鼎通科技,2025-09-29 13:40:18,98.1,2386,98.04,U
sh688668,鼎通科技,2025-09-29 13:40:24,98.1,5912,98.1,U
sh688668,鼎通科技,2025-09-29 13:40:39,98.04,3111,98.05,D
sh688668,鼎通科技,2025-09-29 13:40:54,98.1,2218,98.04,U
sh688668,鼎通科技,2025-09-29 13:42:27,98.16,2767,98.21,D
sh688668,鼎通科技,2025-09-29 13:42:30,98.15,2700,98.16,U
sh688668,鼎通科技,2025-09-29 13:42:33,98.13,2648,98.15,D
sh688668,鼎通科技,2025-09-29 13:43:06,98.12,5940,98.12,D
sh688668,鼎通科技,2025-09-29 13:43:09,98.11,7531,98.12,D
sh688668,鼎通科技,2025-09-29 13:43:18,98.02,2176,98.05,D
sh688668,鼎通科技,2025-09-29 13:43:30,98.01,5208,98.0,U
sh688668,鼎通科技,2025-09-29 13:45:36,97.9,8472,97.94,D
sh688668,鼎通科技,2025-09-29 13:45:39,97.85,4579,97.9,D
sh688668,鼎通科技,2025-09-29 13:45:48,97.85,3348,97.84,U
sh688668,鼎通科技,2025-09-29 13:46:00,97.9,4571,97.85,U
sh688668,鼎通科技,2025-09-29 13:46:03,97.9,2257,97.9,U
sh688668,鼎通科技,2025-09-29 13:46:06,97.84,3080,97.9,D
sh688668,鼎通科技,2025-09-29 13:46:09,97.9,3250,97.84,U
sh688668,鼎通科技,2025-09-29 13:47:24,98.0,2192,97.97,U
sh688668,鼎通科技,2025-09-29 13:47:30,97.91,3565,98.0,D
sh688668,鼎通科技,2025-09-29 13:47:39,97.9,2306,97.93,D
sh688668,鼎通科技,2025-09-29 13:48:15,97.94,8237,98.0,D
sh688668,鼎通科技,2025-09-29 13:48:42,98.1,6421,98.1,U
sh688668,鼎通科技,2025-09-29 13:48:57,98.15,4300,98.05,U
sh688668,鼎通科技,2025-09-29 13:49:00,98.15,3672,98.15,U
sh688668,鼎通科技,2025-09-29 13:49:06,98.04,10000,98.14,D
sh688668,鼎通科技,2025-09-29 13:49:09,98.21,2858,98.04,U
sh688668,鼎通科技,2025-09-29 13:50:36,98.1,24277,98.15,D
sh688668,鼎通科技,2025-09-29 13:50:48,98.29,2198,98.21,U
sh688668,鼎通科技,2025-09-29 13:51:12,98.11,2050,98.15,E
sh688668,鼎通科技,2025-09-29 13:51:36,98.28,3785,98.09,U
sh688668,鼎通科技,2025-09-29 13:52:33,98.47,4280,98.28,U
sh688668,鼎通科技,2025-09-29 13:53:00,98.2,2335,98.2,D
sh688668,鼎通科技,2025-09-29 13:53:03,98.2,2817,98.2,D
sh688668,鼎通科技,2025-09-29 13:53:15,98.18,2223,98.18,D
sh688668,鼎通科技,2025-09-29 13:53:24,98.2,10920,98.13,U
sh688668,鼎通科技,2025-09-29 13:53:33,98.15,11132,98.14,U
sh688668,鼎通科技,2025-09-29 13:53:39,98.15,3806,98.15,U
sh688668,鼎通科技,2025-09-29 13:54:15,98.08,2559,98.08,D
sh688668,鼎通科技,2025-09-29 13:54:36,98.0,5067,98.05,D
sh688668,鼎通科技,2025-09-29 13:55:09,98.2,2509,98.0,U
sh688668,鼎通科技,2025-09-29 13:55:30,98.0,5862,98.12,D
sh688668,鼎通科技,2025-09-29 13:55:36,98.0,2303,98.02,D
sh688668,鼎通科技,2025-09-29 13:55:51,97.97,2927,97.97,D
sh688668,鼎通科技,2025-09-29 13:56:21,97.96,2558,97.91,U
sh688668,鼎通科技,2025-09-29 13:56:24,97.9,7670,97.96,D
sh688668,鼎通科技,2025-09-29 13:56:57,97.9,4752,97.88,U
sh688668,鼎通科技,2025-09-29 13:57:18,97.89,2228,97.89,U
sh688668,鼎通科技,2025-09-29 13:57:24,97.9,8424,97.89,U
sh688668,鼎通科技,2025-09-29 13:57:27,97.89,5213,97.9,D
sh688668,鼎通科技,2025-09-29 13:57:30,97.9,3636,97.89,E
sh688668,鼎通科技,2025-09-29 13:57:54,97.81,14770,97.91,D
sh688668,鼎通科技,2025-09-29 13:57:57,97.81,10200,97.81,D
sh688668,鼎通科技,2025-09-29 13:58:24,97.66,22413,97.72,D
sh688668,鼎通科技,2025-09-29 13:58:30,97.65,2501,97.65,D
sh688668,鼎通科技,2025-09-29 13:58:36,97.63,2440,97.65,D
sh688668,鼎通科技,2025-09-29 13:58:48,97.63,5434,97.65,D
sh688668,鼎通科技,2025-09-29 13:58:54,97.61,4278,97.63,D
sh688668,鼎通科技,2025-09-29 13:59:06,97.62,2191,97.62,U
sh688668,鼎通科技,2025-09-29 13:59:09,97.65,21755,97.62,U
sh688668,鼎通科技,2025-09-29 13:59:12,97.62,10054,97.65,D
sh688668,鼎通科技,2025-09-29 13:59:18,97.62,5388,97.62,U
sh688668,鼎通科技,2025-09-29 13:59:21,97.62,3273,97.62,D
sh688668,鼎通科技,2025-09-29 13:59:24,97.62,4248,97.62,U
sh688668,鼎通科技,2025-09-29 13:59:27,97.61,2541,97.62,D
sh688668,鼎通科技,2025-09-29 13:59:30,97.58,4301,97.61,D
sh688668,鼎通科技,2025-09-29 13:59:36,97.6,3543,97.56,D
sh688668,鼎通科技,2025-09-29 13:59:39,97.6,3812,97.6,D
sh688668,鼎通科技,2025-09-29 13:59:42,97.5,10200,97.6,D
sh688668,鼎通科技,2025-09-29 13:59:45,97.44,2720,97.5,D
sh688668,鼎通科技,2025-09-29 13:59:48,97.49,2134,97.44,D
sh688668,鼎通科技,2025-09-29 13:59:51,97.41,14700,97.49,D
sh688668,鼎通科技,2025-09-29 13:59:54,97.54,4089,97.41,U
sh688668,鼎通科技,2025-09-29 13:59:57,97.54,8431,97.54,U
sh688668,鼎通科技,2025-09-29 14:00:00,97.54,8960,97.54,U
sh688668,鼎通科技,2025-09-29 14:00:03,97.7,23483,97.54,U
sh688668,鼎通科技,2025-09-29 14:00:09,97.54,16406,97.72,D
sh688668,鼎通科技,2025-09-29 14:00:15,97.6,3104,97.54,D
sh688668,鼎通科技,2025-09-29 14:00:36,97.78,3920,97.77,U
sh688668,鼎通科技,2025-09-29 14:01:24,97.74,3550,97.74,U
sh688668,鼎通科技,2025-09-29 14:01:45,97.8,3527,97.71,U
sh688668,鼎通科技,2025-09-29 14:01:51,97.64,3432,97.8,D
sh688668,鼎通科技,2025-09-29 14:01:54,97.5,20423,97.64,D
sh688668,鼎通科技,2025-09-29 14:02:09,97.96,31982,97.74,U
sh688668,鼎通科技,2025-09-29 14:02:33,97.99,2555,98.0,D
sh688668,鼎通科技,2025-09-29 14:02:45,97.9,2063,97.9,U
sh688668,鼎通科技,2025-09-29 14:02:48,98.1,28182,97.9,U
sh688668,鼎通科技,2025-09-29 14:03:33,98.17,3000,97.99,U
sh688668,鼎通科技,2025-09-29 14:04:03,97.97,7017,98.0,D
sh688668,鼎通科技,2025-09-29 14:04:06,97.99,2505,97.97,U
sh688668,鼎通科技,2025-09-29 14:04:57,98.1,13652,98.09,U
sh688668,鼎通科技,2025-09-29 14:05:09,98.08,3979,98.09,D
sh688668,鼎通科技,2025-09-29 14:05:21,98.2,18912,98.08,U
sh688668,鼎通科技,2025-09-29 14:06:03,98.38,12400,98.28,U
sh688668,鼎通科技,2025-09-29 14:07:06,98.24,6023,98.24,U
sh688668,鼎通科技,2025-09-29 14:07:12,98.24,3600,98.24,D
sh688668,鼎通科技,2025-09-29 14:07:33,98.23,10815,98.23,U
sh688668,鼎通科技,2025-09-29 14:08:36,98.2,3595,98.18,U
sh688668,鼎通科技,2025-09-29 14:08:54,98.2,2300,98.21,D
sh688668,鼎通科技,2025-09-29 14:10:06,98.2,5824,98.23,D
sh688668,鼎通科技,2025-09-29 14:10:27,98.19,11315,98.22,D
sh688668,鼎通科技,2025-09-29 14:10:30,98.15,2200,98.19,D
sh688668,鼎通科技,2025-09-29 14:10:36,98.15,2800,98.15,U
sh688668,鼎通科技,2025-09-29 14:11:03,98.18,2305,98.16,U
sh688668,鼎通科技,2025-09-29 14:11:15,98.19,5085,98.18,U
sh688668,鼎通科技,2025-09-29 14:11:21,98.16,14000,98.2,D
sh688668,鼎通科技,2025-09-29 14:11:39,98.1,6422,98.17,D
sh688668,鼎通科技,2025-09-29 14:12:15,98.0,2252,97.92,U
sh688668,鼎通科技,2025-09-29 14:12:18,98.0,6551,98.0,U
sh688668,鼎通科技,2025-09-29 14:12:54,98.09,2600,98.15,D
sh688668,鼎通科技,2025-09-29 14:13:27,98.0,3238,98.09,D
sh688668,鼎通科技,2025-09-29 14:13:39,98.0,3000,97.92,U
sh688668,鼎通科技,2025-09-29 14:15:15,97.95,2566,97.9,U
sh688668,鼎通科技,2025-09-29 14:15:18,97.95,5768,97.95,D
sh688668,鼎通科技,2025-09-29 14:15:24,97.95,2072,97.95,D
sh688668,鼎通科技,2025-09-29 14:15:39,98.0,13854,98.0,D
sh688668,鼎通科技,2025-09-29 14:15:57,98.15,10200,98.06,U
sh688668,鼎通科技,2025-09-29 14:16:12,98.07,2499,98.08,D
sh688668,鼎通科技,2025-09-29 14:16:21,98.08,6490,98.07,U
sh688668,鼎通科技,2025-09-29 14:16:48,98.0,5110,98.15,D
sh688668,鼎通科技,2025-09-29 14:16:57,98.0,4690,98.0,U
sh688668,鼎通科技,2025-09-29 14:17:00,97.89,10000,98.0,D
sh688668,鼎通科技,2025-09-29 14:17:06,97.91,10224,98.09,D
sh688668,鼎通科技,2025-09-29 14:17:12,97.92,10000,97.91,D
sh688668,鼎通科技,2025-09-29 14:18:36,98.1,3209,98.1,U
sh688668,鼎通科技,2025-09-29 14:18:39,98.1,2151,98.1,U
sh688668,鼎通科技,2025-09-29 14:18:45,98.14,5913,98.02,U
sh688668,鼎通科技,2025-09-29 14:20:00,98.1,10000,98.16,D
sh688668,鼎通科技,2025-09-29 14:20:03,98.2,17172,98.1,U
sh688668,鼎通科技,2025-09-29 14:20:06,98.2,4462,98.2,D
sh688668,鼎通科技,2025-09-29 14:20:33,98.2,3218,98.21,D
sh688668,鼎通科技,2025-09-29 14:20:48,98.12,2468,98.2,D
sh688668,鼎通科技,2025-09-29 14:20:54,98.2,16162,98.2,U
sh688668,鼎通科技,2025-09-29 14:21:15,98.2,5379,98.31,D
sh688668,鼎通科技,2025-09-29 14:21:54,98.12,11649,98.12,U
sh688668,鼎通科技,2025-09-29 14:21:57,98.2,2400,98.12,U
sh688668,鼎通科技,2025-09-29 14:22:51,98.22,11553,98.2,U
sh688668,鼎通科技,2025-09-29 14:23:09,98.2,2831,98.24,D
sh688668,鼎通科技,2025-09-29 14:24:24,98.19,4987,98.13,U
sh688668,鼎通科技,2025-09-29 14:24:36,98.23,2646,98.19,U
sh688668,鼎通科技,2025-09-29 14:25:12,98.1,4469,98.19,D
sh688668,鼎通科技,2025-09-29 14:25:24,98.13,10679,98.1,U
sh688668,鼎通科技,2025-09-29 14:25:27,98.19,2511,98.13,U
sh688668,鼎通科技,2025-09-29 14:25:36,98.19,2543,98.23,D
sh688668,鼎通科技,2025-09-29 14:25:42,98.2,2916,98.19,U
sh688668,鼎通科技,2025-09-29 14:26:57,98.14,3335,98.23,D
sh688668,鼎通科技,2025-09-29 14:27:00,98.23,2060,98.14,U
sh688668,鼎通科技,2025-09-29 14:28:09,98.23,12123,98.18,U
sh688668,鼎通科技,2025-09-29 14:28:15,98.3,2276,98.27,U
sh688668,鼎通科技,2025-09-29 14:28:18,98.35,9904,98.3,U
sh688668,鼎通科技,2025-09-29 14:29:15,98.4,4022,98.41,D
sh688668,鼎通科技,2025-09-29 14:30:06,98.38,2329,98.39,U
sh688668,鼎通科技,2025-09-29 14:30:27,98.38,4963,98.39,D
sh688668,鼎通科技,2025-09-29 14:31:51,98.21,3400,98.25,D
sh688668,鼎通科技,2025-09-29 14:31:57,98.19,7101,98.2,D
sh688668,鼎通科技,2025-09-29 14:33:09,98.21,6575,98.21,D
sh688668,鼎通科技,2025-09-29 14:33:15,98.21,2921,98.2,U
sh688668,鼎通科技,2025-09-29 14:33:18,98.21,2505,98.21,D
sh688668,鼎通科技,2025-09-29 14:33:48,98.12,6974,98.12,D
sh688668,鼎通科技,2025-09-29 14:33:54,98.1,2878,98.12,D
sh688668,鼎通科技,2025-09-29 14:34:12,98.09,4070,98.01,U
sh688668,鼎通科技,2025-09-29 14:34:18,98.11,20400,98.09,U
sh688668,鼎通科技,2025-09-29 14:34:36,98.11,3949,98.11,D
sh688668,鼎通科技,2025-09-29 14:34:42,98.12,10142,98.11,U
sh688668,鼎通科技,2025-09-29 14:34:45,98.12,6647,98.12,U
sh688668,鼎通科技,2025-09-29 14:34:51,98.12,3065,98.12,U
sh688668,鼎通科技,2025-09-29 14:36:00,98.0,9751,98.02,D
sh688668,鼎通科技,2025-09-29 14:36:45,97.92,2338,97.88,U
sh688668,鼎通科技,2025-09-29 14:36:48,97.76,7000,97.92,D
sh688668,鼎通科技,2025-09-29 14:37:06,98.03,21700,97.93,U
sh688668,鼎通科技,2025-09-29 14:37:09,98.06,27265,98.03,U
sh688668,鼎通科技,2025-09-29 14:37:27,98.07,2900,98.07,D
sh688668,鼎通科技,2025-09-29 14:37:30,98.08,3100,98.07,U
sh688668,鼎通科技,2025-09-29 14:37:45,97.95,10986,98.0,D
sh688668,鼎通科技,2025-09-29 14:37:57,97.96,2285,98.0,D
sh688668,鼎通科技,2025-09-29 14:38:06,97.95,3333,97.96,D
sh688668,鼎通科技,2025-09-29 14:38:09,97.95,2182,97.95,D
sh688668,鼎通科技,2025-09-29 14:38:12,97.95,4840,97.95,U
sh688668,鼎通科技,2025-09-29 14:38:39,97.9,5987,97.91,D
sh688668,鼎通科技,2025-09-29 14:39:00,97.9,3594,97.9,D
sh688668,鼎通科技,2025-09-29 14:39:24,97.9,3440,97.89,U
sh688668,鼎通科技,2025-09-29 14:39:30,97.9,2641,97.9,U
sh688668,鼎通科技,2025-09-29 14:40:24,98.0,12684,97.96,U
sh688668,鼎通科技,2025-09-29 14:40:27,98.19,3124,98.0,U
sh688668,鼎通科技,2025-09-29 14:41:12,98.01,9780,98.01,D
sh688668,鼎通科技,2025-09-29 14:42:12,97.83,3000,97.84,D
sh688668,鼎通科技,2025-09-29 14:42:45,97.86,5119,97.86,D
sh688668,鼎通科技,2025-09-29 14:42:48,97.86,5206,97.86,D
sh688668,鼎通科技,2025-09-29 14:42:51,97.6,10593,97.86,D
sh688668,鼎通科技,2025-09-29 14:43:09,97.6,15000,97.77,D
sh688668,鼎通科技,2025-09-29 14:43:45,97.85,3204,97.77,U
sh688668,鼎通科技,2025-09-29 14:44:48,97.8,21710,97.97,D
sh688668,鼎通科技,2025-09-29 14:44:51,97.67,16821,97.8,D
sh688668,鼎通科技,2025-09-29 14:44:54,97.8,17764,97.67,U
sh688668,鼎通科技,2025-09-29 14:44:57,97.8,6775,97.8,U
sh688668,鼎通科技,2025-09-29 14:45:00,97.45,13900,97.8,D
sh688668,鼎通科技,2025-09-29 14:45:03,97.8,9103,97.45,U
sh688668,鼎通科技,2025-09-29 14:45:06,97.38,2100,97.8,D
sh688668,鼎通科技,2025-09-29 14:45:09,97.41,4700,97.38,D
sh688668,鼎通科技,2025-09-29 14:45:27,97.52,10200,97.8,D
sh688668,鼎通科技,2025-09-29 14:45:45,97.6,4684,97.6,U
sh688668,鼎通科技,2025-09-29 14:45:48,97.6,5503,97.6,U
sh688668,鼎通科技,2025-09-29 14:45:51,97.6,9792,97.6,U
sh688668,鼎通科技,2025-09-29 14:45:54,97.6,5023,97.6,U
sh688668,鼎通科技,2025-09-29 14:45:57,97.6,5877,97.6,U
sh688668,鼎通科技,2025-09-29 14:46:27,97.59,3200,97.61,D
sh688668,鼎通科技,2025-09-29 14:46:30,97.61,2100,97.59,U
sh688668,鼎通科技,2025-09-29 14:46:39,97.58,8802,97.62,D
sh688668,鼎通科技,2025-09-29 14:47:00,97.56,2125,97.58,D
sh688668,鼎通科技,2025-09-29 14:47:24,97.57,5340,97.51,U
sh688668,鼎通科技,2025-09-29 14:47:48,97.58,2615,97.57,U
sh688668,鼎通科技,2025-09-29 14:48:03,97.65,2295,97.58,U
sh688668,鼎通科技,2025-09-29 14:48:06,97.64,2602,97.65,E
sh688668,鼎通科技,2025-09-29 14:48:09,97.64,3686,97.64,U
sh688668,鼎通科技,2025-09-29 14:48:12,97.65,4850,97.64,U
sh688668,鼎通科技,2025-09-29 14:48:18,97.8,2666,97.65,U
sh688668,鼎通科技,2025-09-29 14:48:39,97.56,20000,97.9,D
sh688668,鼎通科技,2025-09-29 14:48:54,97.71,20400,97.71,E
sh688668,鼎通科技,2025-09-29 14:48:57,97.71,2513,97.71,D
sh688668,鼎通科技,2025-09-29 14:49:09,97.72,2624,97.72,D
sh688668,鼎通科技,2025-09-29 14:49:12,97.72,3344,97.72,U
sh688668,鼎通科技,2025-09-29 14:49:15,97.56,9556,97.72,D
sh688668,鼎通科技,2025-09-29 14:49:57,97.7,19195,97.72,E
sh688668,鼎通科技,2025-09-29 14:50:00,97.68,4590,97.7,D
sh688668,鼎通科技,2025-09-29 14:50:03,97.66,2645,97.68,D
sh688668,鼎通科技,2025-09-29 14:50:18,97.68,6533,97.65,U
sh688668,鼎通科技,2025-09-29 14:50:21,97.68,4510,97.68,U
sh688668,鼎通科技,2025-09-29 14:50:24,97.68,6387,97.68,U
sh688668,鼎通科技,2025-09-29 14:50:27,97.88,2272,97.68,U
sh688668,鼎通科技,2025-09-29 14:50:39,97.83,2735,97.82,D
sh688668,鼎通科技,2025-09-29 14:51:06,97.71,3370,97.85,D
sh688668,鼎通科技,2025-09-29 14:51:30,97.69,5200,97.7,D
sh688668,鼎通科技,2025-09-29 14:51:36,97.69,4520,97.69,D
sh688668,鼎通科技,2025-09-29 14:51:51,97.79,2446,97.71,U
sh688668,鼎通科技,2025-09-29 14:52:12,97.72,11620,97.79,D
sh688668,鼎通科技,2025-09-29 14:52:21,97.74,2092,97.73,D
sh688668,鼎通科技,2025-09-29 14:52:39,97.74,4900,97.75,D
sh688668,鼎通科技,2025-09-29 14:52:45,97.72,6413,97.74,D
sh688668,鼎通科技,2025-09-29 14:53:27,97.7,5898,97.74,D
sh688668,鼎通科技,2025-09-29 14:53:45,97.69,6770,97.67,U
sh688668,鼎通科技,2025-09-29 14:54:06,97.73,4149,97.7,U
sh688668,鼎通科技,2025-09-29 14:54:12,97.73,2200,97.72,U
sh688668,鼎通科技,2025-09-29 14:54:33,97.65,7072,97.7,D
sh688668,鼎通科技,2025-09-29 14:54:39,97.71,6870,97.65,U
sh688668,鼎通科技,2025-09-29 14:55:15,97.74,2768,97.71,U
sh688668,鼎通科技,2025-09-29 14:55:27,97.79,10389,97.78,U
sh688668,鼎通科技,2025-09-29 14:55:30,97.79,4513,97.79,U
sh688668,鼎通科技,2025-09-29 14:55:42,97.66,3411,97.7,D
sh688668,鼎通科技,2025-09-29 14:55:48,97.7,4088,97.62,U
sh688668,鼎通科技,2025-09-29 14:56:06,97.73,10500,97.73,U
sh688668,鼎通科技,2025-09-29 14:56:21,97.71,2877,97.7,U
sh688668,鼎通科技,2025-09-29 14:56:30,97.7,2110,97.71,D
sh688668,鼎通科技,2025-09-29 14:56:48,97.76,4282,97.71,U
sh688668,鼎通科技,2025-09-29 14:56:51,97.58,5662,97.76,D
sh688668,鼎通科技,2025-09-29 15:00:03,97.88,46365,97.58,U
