symbol,name,ticktime,price,volume,prev_price,kind
sh688668,鼎通科技,2025-10-22 09:25:01,96.9,130489,0.0,U
sh688668,鼎通科技,2025-10-22 09:30:03,96.6,3600,96.0,U
sh688668,鼎通科技,2025-10-22 09:30:06,95.99,5800,96.6,U
sh688668,鼎通科技,2025-10-22 09:30:09,95.99,10478,95.99,U
sh688668,鼎通科技,2025-10-22 09:30:12,95.99,8705,95.99,U
sh688668,鼎通科技,2025-10-22 09:30:15,95.5,10551,95.99,E
sh688668,鼎通科技,2025-10-22 09:30:18,95.32,4595,95.5,D
sh688668,鼎通科技,2025-10-22 09:30:21,95.51,24542,95.32,E
sh688668,鼎通科技,2025-10-22 09:30:24,95.02,14327,95.51,D
sh688668,鼎通科技,2025-10-22 09:30:27,95.21,15899,95.02,E
sh688668,鼎通科技,2025-10-22 09:30:30,95.39,44340,95.21,U
sh688668,鼎通科技,2025-10-22 09:30:33,95.21,22152,95.39,U
sh688668,鼎通科技,2025-10-22 09:30:36,95.22,20637,95.21,D
sh688668,鼎通科技,2025-10-22 09:30:39,95.39,25231,95.22,U
sh688668,鼎通科技,2025-10-22 09:30:42,95.37,24945,95.39,D
sh688668,鼎通科技,2025-10-22 09:30:45,95.6,16260,95.37,U
sh688668,鼎通科技,2025-10-22 09:30:48,95.8,24785,95.6,U
sh688668,鼎通科技,2025-10-22 09:30:51,95.6,13111,95.8,D
sh688668,鼎通科技,2025-10-22 09:30:54,95.8,8189,95.6,U
sh688668,鼎通科技,2025-10-22 09:30:57,96.0,24830,95.8,U
sh688668,鼎通科技,2025-10-22 09:31:00,96.43,7439,96.0,U
sh688668,鼎通科技,2025-10-22 09:31:03,96.54,6819,96.43,U
sh688668,鼎通科技,2025-10-22 09:31:06,96.6,38964,96.54,U
sh688668,鼎通科技,2025-10-22 09:31:09,96.7,30309,96.6,U
sh688668,鼎通科技,2025-10-22 09:31:12,96.78,30493,96.7,U
sh688668,鼎通科技,2025-10-22 09:31:15,96.9,17322,96.78,U
sh688668,鼎通科技,2025-10-22 09:31:18,96.91,12624,96.9,E
sh688668,鼎通科技,2025-10-22 09:31:21,96.9,34172,96.91,D
sh688668,鼎通科技,2025-10-22 09:31:24,96.91,33518,96.9,E
sh688668,鼎通科技,2025-10-22 09:31:27,96.9,33607,96.91,D
sh688668,鼎通科技,2025-10-22 09:31:30,96.82,33993,96.9,D
sh688668,鼎通科技,2025-10-22 09:31:33,96.84,27482,96.82,U
sh688668,鼎通科技,2025-10-22 09:31:36,96.88,54112,96.84,U
sh688668,鼎通科技,2025-10-22 09:31:39,96.84,26395,96.88,D
sh688668,鼎通科技,2025-10-22 09:31:42,96.82,41277,96.84,U
sh688668,鼎通科技,2025-10-22 09:31:45,96.9,14589,96.82,U
sh688668,鼎通科技,2025-10-22 09:31:48,96.81,24389,96.9,D
sh688668,鼎通科技,2025-10-22 09:31:51,96.7,3473,96.81,E
sh688668,鼎通科技,2025-10-22 09:31:54,96.88,13792,96.7,U
sh688668,鼎通科技,2025-10-22 09:31:57,96.82,4740,96.88,U
sh688668,鼎通科技,2025-10-22 09:32:00,96.8,5995,96.82,D
sh688668,鼎通科技,2025-10-22 09:32:03,96.6,5298,96.8,D
sh688668,鼎通科技,2025-10-22 09:32:06,96.7,11276,96.6,D
sh688668,鼎通科技,2025-10-22 09:32:09,96.7,4069,96.7,U
sh688668,鼎通科技,2025-10-22 09:32:12,96.7,10200,96.7,U
sh688668,鼎通科技,2025-10-22 09:32:15,96.56,2330,96.7,E
sh688668,鼎通科技,2025-10-22 09:32:18,96.74,13530,96.56,U
sh688668,鼎通科技,2025-10-22 09:32:21,96.75,40837,96.74,E
sh688668,鼎通科技,2025-10-22 09:32:24,96.8,27970,96.75,U
sh688668,鼎通科技,2025-10-22 09:32:27,96.69,55278,96.8,D
sh688668,鼎通科技,2025-10-22 09:32:30,96.77,36129,96.69,U
sh688668,鼎通科技,2025-10-22 09:32:33,96.8,16108,96.77,U
sh688668,鼎通科技,2025-10-22 09:32:36,96.87,40535,96.8,U
sh688668,鼎通科技,2025-10-22 09:32:39,97.02,19233,96.87,U
sh688668,鼎通科技,2025-10-22 09:32:42,96.92,7296,97.02,D
sh688668,鼎通科技,2025-10-22 09:32:45,97.02,3020,96.92,U
sh688668,鼎通科技,2025-10-22 09:32:51,96.68,45667,97.02,D
sh688668,鼎通科技,2025-10-22 09:32:54,96.4,16896,96.68,D
sh688668,鼎通科技,2025-10-22 09:32:57,96.69,7871,96.4,U
sh688668,鼎通科技,2025-10-22 09:33:00,96.34,22011,96.69,E
sh688668,鼎通科技,2025-10-22 09:33:03,96.69,22122,96.34,U
sh688668,鼎通科技,2025-10-22 09:33:06,96.58,4613,96.69,D
sh688668,鼎通科技,2025-10-22 09:33:09,96.69,4200,96.58,E
sh688668,鼎通科技,2025-10-22 09:33:12,96.6,2121,96.69,D
sh688668,鼎通科技,2025-10-22 09:33:15,96.59,3868,96.6,D
sh688668,鼎通科技,2025-10-22 09:33:18,96.68,5620,96.59,E
sh688668,鼎通科技,2025-10-22 09:33:21,96.86,3405,96.68,U
sh688668,鼎通科技,2025-10-22 09:33:24,96.75,4994,96.86,D
sh688668,鼎通科技,2025-10-22 09:33:27,96.79,25346,96.75,E
sh688668,鼎通科技,2025-10-22 09:33:30,97.0,18351,96.79,U
sh688668,鼎通科技,2025-10-22 09:33:33,96.98,25032,97.0,E
sh688668,鼎通科技,2025-10-22 09:33:36,97.01,25363,96.98,U
sh688668,鼎通科技,2025-10-22 09:33:39,96.89,7414,97.01,D
sh688668,鼎通科技,2025-10-22 09:33:42,96.9,2889,96.89,U
sh688668,鼎通科技,2025-10-22 09:33:45,96.68,3382,96.9,D
sh688668,鼎通科技,2025-10-22 09:33:48,96.75,3683,96.68,E
sh688668,鼎通科技,2025-10-22 09:33:51,97.0,11916,96.75,U
sh688668,鼎通科技,2025-10-22 09:33:54,97.05,10239,97.0,U
sh688668,鼎通科技,2025-10-22 09:33:57,97.11,27648,97.05,U
sh688668,鼎通科技,2025-10-22 09:34:00,97.07,16777,97.11,D
sh688668,鼎通科技,2025-10-22 09:34:03,97.0,7145,97.07,D
sh688668,鼎通科技,2025-10-22 09:34:06,96.9,19725,97.0,D
sh688668,鼎通科技,2025-10-22 09:34:09,97.01,5836,96.9,E
sh688668,鼎通科技,2025-10-22 09:34:18,97.0,10696,96.98,U
sh688668,鼎通科技,2025-10-22 09:34:21,97.0,6803,97.0,U
sh688668,鼎通科技,2025-10-22 09:34:24,96.99,17082,97.0,D
sh688668,鼎通科技,2025-10-22 09:34:27,97.0,4679,96.99,U
sh688668,鼎通科技,2025-10-22 09:34:30,96.96,2416,97.0,E
sh688668,鼎通科技,2025-10-22 09:34:33,96.99,11749,96.96,U
sh688668,鼎通科技,2025-10-22 09:34:36,96.8,9667,96.99,D
sh688668,鼎通科技,2025-10-22 09:34:39,96.8,8590,96.8,U
sh688668,鼎通科技,2025-10-22 09:34:45,96.97,2200,96.98,U
sh688668,鼎通科技,2025-10-22 09:34:51,97.02,20703,96.87,U
sh688668,鼎通科技,2025-10-22 09:34:54,97.3,39609,97.02,U
sh688668,鼎通科技,2025-10-22 09:34:57,97.17,19363,97.3,D
sh688668,鼎通科技,2025-10-22 09:35:00,97.29,7732,97.17,U
sh688668,鼎通科技,2025-10-22 09:35:03,97.29,6508,97.29,U
sh688668,鼎通科技,2025-10-22 09:35:06,97.17,11617,97.29,D
sh688668,鼎通科技,2025-10-22 09:35:09,97.17,5292,97.17,U
sh688668,鼎通科技,2025-10-22 09:35:12,97.28,6252,97.17,U
sh688668,鼎通科技,2025-10-22 09:35:15,97.55,17478,97.28,U
sh688668,鼎通科技,2025-10-22 09:35:18,97.77,4000,97.55,U
sh688668,鼎通科技,2025-10-22 09:35:24,97.5,13059,97.77,E
sh688668,鼎通科技,2025-10-22 09:35:27,97.77,13472,97.5,U
sh688668,鼎通科技,2025-10-22 09:35:30,97.8,3117,97.77,U
sh688668,鼎通科技,2025-10-22 09:35:33,97.77,18056,97.8,D
sh688668,鼎通科技,2025-10-22 09:35:36,98.2,44250,97.77,U
sh688668,鼎通科技,2025-10-22 09:35:42,98.22,4213,98.02,U
sh688668,鼎通科技,2025-10-22 09:35:45,98.22,3094,98.22,U
sh688668,鼎通科技,2025-10-22 09:35:48,98.15,6539,98.22,E
sh688668,鼎通科技,2025-10-22 09:35:51,98.2,3638,98.15,D
sh688668,鼎通科技,2025-10-22 09:35:54,98.15,3481,98.2,D
sh688668,鼎通科技,2025-10-22 09:35:57,98.18,8741,98.15,D
sh688668,鼎通科技,2025-10-22 09:36:00,98.2,10911,98.18,U
sh688668,鼎通科技,2025-10-22 09:36:03,98.2,2313,98.2,U
sh688668,鼎通科技,2025-10-22 09:36:06,98.2,30009,98.2,D
sh688668,鼎通科技,2025-10-22 09:36:09,98.2,8672,98.2,E
sh688668,鼎通科技,2025-10-22 09:36:12,98.17,32528,98.2,D
sh688668,鼎通科技,2025-10-22 09:36:15,98.03,21144,98.17,D
sh688668,鼎通科技,2025-10-22 09:36:18,98.02,15524,98.03,D
sh688668,鼎通科技,2025-10-22 09:36:21,98.19,43662,98.02,U
sh688668,鼎通科技,2025-10-22 09:36:24,98.0,10931,98.19,D
sh688668,鼎通科技,2025-10-22 09:36:27,98.03,24727,98.0,E
sh688668,鼎通科技,2025-10-22 09:36:30,98.07,3379,98.03,E
sh688668,鼎通科技,2025-10-22 09:36:36,98.16,8769,98.07,E
sh688668,鼎通科技,2025-10-22 09:36:39,98.15,7204,98.16,E
sh688668,鼎通科技,2025-10-22 09:36:42,98.14,5095,98.15,U
sh688668,鼎通科技,2025-10-22 09:36:45,98.01,2274,98.14,D
sh688668,鼎通科技,2025-10-22 09:36:48,98.0,8775,98.01,D
sh688668,鼎通科技,2025-10-22 09:36:51,98.01,3786,98.0,E
sh688668,鼎通科技,2025-10-22 09:36:54,98.05,19394,98.01,U
sh688668,鼎通科技,2025-10-22 09:36:57,98.05,17811,98.05,D
sh688668,鼎通科技,2025-10-22 09:37:00,97.96,11487,98.05,D
sh688668,鼎通科技,2025-10-22 09:37:03,97.83,23377,97.96,D
sh688668,鼎通科技,2025-10-22 09:37:06,97.97,6555,97.83,U
sh688668,鼎通科技,2025-10-22 09:37:09,98.0,26932,97.97,U
sh688668,鼎通科技,2025-10-22 09:37:12,97.81,23700,98.0,D
sh688668,鼎通科技,2025-10-22 09:37:15,98.07,32311,97.81,U
sh688668,鼎通科技,2025-10-22 09:37:18,98.09,7832,98.07,E
sh688668,鼎通科技,2025-10-22 09:37:21,98.09,8101,98.09,E
sh688668,鼎通科技,2025-10-22 09:37:24,97.91,49080,98.09,D
sh688668,鼎通科技,2025-10-22 09:37:27,97.83,13889,97.91,D
sh688668,鼎通科技,2025-10-22 09:37:30,97.83,5905,97.83,D
sh688668,鼎通科技,2025-10-22 09:37:33,97.7,13343,97.83,D
sh688668,鼎通科技,2025-10-22 09:37:36,97.5,6251,97.7,D
sh688668,鼎通科技,2025-10-22 09:37:39,97.5,2300,97.5,U
sh688668,鼎通科技,2025-10-22 09:37:42,97.35,10200,97.5,D
sh688668,鼎通科技,2025-10-22 09:37:45,97.34,4162,97.35,E
sh688668,鼎通科技,2025-10-22 09:37:51,97.23,5521,97.4,U
sh688668,鼎通科技,2025-10-22 09:37:54,97.21,4576,97.23,D
sh688668,鼎通科技,2025-10-22 09:38:00,97.16,18785,97.3,D
sh688668,鼎通科技,2025-10-22 09:38:06,97.12,10842,97.29,D
sh688668,鼎通科技,2025-10-22 09:38:09,97.06,4798,97.12,D
sh688668,鼎通科技,2025-10-22 09:38:15,97.12,2600,97.16,D
sh688668,鼎通科技,2025-10-22 09:38:18,97.14,13609,97.12,E
sh688668,鼎通科技,2025-10-22 09:38:21,97.0,18631,97.14,D
sh688668,鼎通科技,2025-10-22 09:38:24,97.0,3462,97.0,U
sh688668,鼎通科技,2025-10-22 09:38:27,97.0,3626,97.0,D
sh688668,鼎通科技,2025-10-22 09:38:33,96.97,8120,96.99,D
sh688668,鼎通科技,2025-10-22 09:38:36,96.97,4750,96.97,D
sh688668,鼎通科技,2025-10-22 09:38:39,96.9,5799,96.97,E
sh688668,鼎通科技,2025-10-22 09:38:42,96.89,5333,96.9,D
sh688668,鼎通科技,2025-10-22 09:38:51,96.86,7600,96.88,D
sh688668,鼎通科技,2025-10-22 09:38:54,96.87,7303,96.86,E
sh688668,鼎通科技,2025-10-22 09:38:57,96.83,6366,96.87,E
sh688668,鼎通科技,2025-10-22 09:39:03,96.88,12935,96.85,U
sh688668,鼎通科技,2025-10-22 09:39:06,96.88,5809,96.88,U
sh688668,鼎通科技,2025-10-22 09:39:12,96.99,9999,96.96,U
sh688668,鼎通科技,2025-10-22 09:39:15,96.97,7984,96.99,E
sh688668,鼎通科技,2025-10-22 09:39:18,97.17,2472,96.97,U
sh688668,鼎通科技,2025-10-22 09:39:24,97.13,4345,97.0,D
sh688668,鼎通科技,2025-10-22 09:39:30,97.23,5438,97.25,D
sh688668,鼎通科技,2025-10-22 09:39:33,97.23,3820,97.23,U
sh688668,鼎通科技,2025-10-22 09:39:36,97.14,3677,97.23,E
sh688668,鼎通科技,2025-10-22 09:39:42,97.21,6553,97.12,U
sh688668,鼎通科技,2025-10-22 09:39:45,97.0,7821,97.21,D
sh688668,鼎通科技,2025-10-22 09:39:48,96.88,27866,97.0,D
sh688668,鼎通科技,2025-10-22 09:39:51,96.8,10787,96.88,D
sh688668,鼎通科技,2025-10-22 09:39:54,96.72,7850,96.8,D
sh688668,鼎通科技,2025-10-22 09:39:57,96.7,10003,96.72,D
sh688668,鼎通科技,2025-10-22 09:40:00,96.5,12826,96.7,D
sh688668,鼎通科技,2025-10-22 09:40:03,96.45,4914,96.5,D
sh688668,鼎通科技,2025-10-22 09:40:06,96.44,2291,96.45,E
sh688668,鼎通科技,2025-10-22 09:40:12,96.34,4190,96.36,D
sh688668,鼎通科技,2025-10-22 09:40:18,96.43,4191,96.43,U
sh688668,鼎通科技,2025-10-22 09:40:21,96.43,7394,96.43,D
sh688668,鼎通科技,2025-10-22 09:40:24,96.44,4175,96.43,E
sh688668,鼎通科技,2025-10-22 09:40:27,96.27,10930,96.44,D
sh688668,鼎通科技,2025-10-22 09:40:30,96.25,5773,96.27,D
sh688668,鼎通科技,2025-10-22 09:40:33,96.26,3274,96.25,U
sh688668,鼎通科技,2025-10-22 09:40:36,96.25,2128,96.26,D
sh688668,鼎通科技,2025-10-22 09:40:48,96.01,10957,96.22,D
sh688668,鼎通科技,2025-10-22 09:40:51,96.05,5067,96.01,E
sh688668,鼎通科技,2025-10-22 09:40:54,96.35,14563,96.05,U
sh688668,鼎通科技,2025-10-22 09:40:57,96.37,5902,96.35,U
sh688668,鼎通科技,2025-10-22 09:41:00,96.43,6241,96.37,E
sh688668,鼎通科技,2025-10-22 09:41:03,96.58,6852,96.43,U
sh688668,鼎通科技,2025-10-22 09:41:06,96.5,7115,96.58,D
sh688668,鼎通科技,2025-10-22 09:41:12,96.44,4260,96.5,D
sh688668,鼎通科技,2025-10-22 09:41:15,96.5,4819,96.44,U
sh688668,鼎通科技,2025-10-22 09:41:18,96.43,3437,96.5,E
sh688668,鼎通科技,2025-10-22 09:41:21,96.44,6200,96.43,U
sh688668,鼎通科技,2025-10-22 09:41:24,96.44,4165,96.44,U
sh688668,鼎通科技,2025-10-22 09:41:27,96.44,3717,96.44,D
sh688668,鼎通科技,2025-10-22 09:41:30,96.46,3441,96.44,U
sh688668,鼎通科技,2025-10-22 09:41:42,96.46,2600,96.46,U
sh688668,鼎通科技,2025-10-22 09:41:45,96.46,4300,96.46,U
sh688668,鼎通科技,2025-10-22 09:41:51,96.46,4497,96.46,D
sh688668,鼎通科技,2025-10-22 09:41:54,96.42,15229,96.46,D
sh688668,鼎通科技,2025-10-22 09:41:57,96.35,5019,96.42,D
sh688668,鼎通科技,2025-10-22 09:42:03,96.3,10489,96.3,U
sh688668,鼎通科技,2025-10-22 09:42:15,96.05,6735,96.23,D
sh688668,鼎通科技,2025-10-22 09:42:18,96.02,8686,96.05,D
sh688668,鼎通科技,2025-10-22 09:42:21,96.17,3039,96.02,U
sh688668,鼎通科技,2025-10-22 09:42:24,96.05,8412,96.17,D
sh688668,鼎通科技,2025-10-22 09:42:27,96.17,8757,96.05,E
sh688668,鼎通科技,2025-10-22 09:42:30,96.3,10798,96.17,U
sh688668,鼎通科技,2025-10-22 09:42:33,96.42,5221,96.3,U
sh688668,鼎通科技,2025-10-22 09:42:36,96.36,7198,96.42,E
sh688668,鼎通科技,2025-10-22 09:42:42,96.01,8861,96.35,D
sh688668,鼎通科技,2025-10-22 09:42:45,96.04,5716,96.01,E
sh688668,鼎通科技,2025-10-22 09:43:03,96.08,5679,96.06,U
sh688668,鼎通科技,2025-10-22 09:43:06,96.1,3826,96.08,D
sh688668,鼎通科技,2025-10-22 09:43:15,96.08,2275,96.1,D
sh688668,鼎通科技,2025-10-22 09:43:18,96.1,7841,96.08,U
sh688668,鼎通科技,2025-10-22 09:43:21,96.09,6105,96.1,D
sh688668,鼎通科技,2025-10-22 09:43:24,96.09,2246,96.09,D
sh688668,鼎通科技,2025-10-22 09:43:33,96.06,6942,96.09,D
sh688668,鼎通科技,2025-10-22 09:43:36,96.07,2262,96.06,E
sh688668,鼎通科技,2025-10-22 09:43:39,96.06,2639,96.07,D
sh688668,鼎通科技,2025-10-22 09:43:42,96.07,2104,96.06,U
sh688668,鼎通科技,2025-10-22 09:43:45,96.17,7435,96.07,U
sh688668,鼎通科技,2025-10-22 09:43:54,96.17,4187,96.17,D
sh688668,鼎通科技,2025-10-22 09:43:57,96.2,2705,96.17,E
sh688668,鼎通科技,2025-10-22 09:44:06,96.17,2600,96.23,D
sh688668,鼎通科技,2025-10-22 09:44:12,96.18,2200,96.17,U
sh688668,鼎通科技,2025-10-22 09:44:24,96.02,3838,96.07,D
sh688668,鼎通科技,2025-10-22 09:44:27,96.01,7518,96.02,D
sh688668,鼎通科技,2025-10-22 09:44:30,96.02,4061,96.01,E
sh688668,鼎通科技,2025-10-22 09:44:33,96.07,23374,96.02,U
sh688668,鼎通科技,2025-10-22 09:44:36,96.11,9975,96.07,U
sh688668,鼎通科技,2025-10-22 09:44:39,96.07,4491,96.11,D
sh688668,鼎通科技,2025-10-22 09:44:45,96.3,5723,96.07,U
sh688668,鼎通科技,2025-10-22 09:45:09,96.44,7988,96.35,U
sh688668,鼎通科技,2025-10-22 09:45:12,96.44,12305,96.44,D
sh688668,鼎通科技,2025-10-22 09:45:15,96.35,4107,96.44,E
sh688668,鼎通科技,2025-10-22 09:45:18,96.3,6553,96.35,D
sh688668,鼎通科技,2025-10-22 09:45:21,96.1,2719,96.3,D
sh688668,鼎通科技,2025-10-22 09:45:24,96.06,2100,96.1,D
sh688668,鼎通科技,2025-10-22 09:45:27,96.06,2368,96.06,D
sh688668,鼎通科技,2025-10-22 09:45:30,95.88,29591,96.06,D
sh688668,鼎通科技,2025-10-22 09:45:33,95.7,13197,95.88,D
sh688668,鼎通科技,2025-10-22 09:45:36,95.69,2190,95.7,D
sh688668,鼎通科技,2025-10-22 09:45:48,95.55,9938,95.5,U
sh688668,鼎通科技,2025-10-22 09:45:51,95.62,2390,95.55,U
sh688668,鼎通科技,2025-10-22 09:45:54,95.63,4374,95.62,U
sh688668,鼎通科技,2025-10-22 09:46:03,95.62,2442,95.55,U
sh688668,鼎通科技,2025-10-22 09:46:06,95.65,6428,95.62,U
sh688668,鼎通科技,2025-10-22 09:46:09,95.79,4057,95.65,U
sh688668,鼎通科技,2025-10-22 09:46:12,95.99,8984,95.79,U
sh688668,鼎通科技,2025-10-22 09:46:15,95.81,9858,95.99,D
sh688668,鼎通科技,2025-10-22 09:46:48,95.93,5108,95.81,U
sh688668,鼎通科技,2025-10-22 09:46:54,95.94,3144,95.89,U
sh688668,鼎通科技,2025-10-22 09:46:57,96.05,9149,95.94,U
sh688668,鼎通科技,2025-10-22 09:47:00,96.05,2462,96.05,U
sh688668,鼎通科技,2025-10-22 09:47:03,95.87,11970,96.05,D
sh688668,鼎通科技,2025-10-22 09:47:09,95.6,9418,95.81,D
sh688668,鼎通科技,2025-10-22 09:47:12,95.54,15362,95.6,D
sh688668,鼎通科技,2025-10-22 09:47:15,95.5,6093,95.54,D
sh688668,鼎通科技,2025-10-22 09:47:18,95.39,11987,95.5,D
sh688668,鼎通科技,2025-10-22 09:47:24,95.48,5457,95.38,U
sh688668,鼎通科技,2025-10-22 09:47:27,95.25,5200,95.48,D
sh688668,鼎通科技,2025-10-22 09:47:30,95.49,2320,95.25,U
sh688668,鼎通科技,2025-10-22 09:47:39,95.32,2468,95.31,U
sh688668,鼎通科技,2025-10-22 09:47:45,95.32,5104,95.32,U
sh688668,鼎通科技,2025-10-22 09:47:48,95.3,2484,95.32,D
sh688668,鼎通科技,2025-10-22 09:48:09,95.46,2751,95.36,U
sh688668,鼎通科技,2025-10-22 09:48:12,95.74,5145,95.46,U
sh688668,鼎通科技,2025-10-22 09:48:24,95.72,2100,95.72,U
sh688668,鼎通科技,2025-10-22 09:48:33,95.57,4554,95.61,D
sh688668,鼎通科技,2025-10-22 09:48:36,95.6,5546,95.57,U
sh688668,鼎通科技,2025-10-22 09:48:39,95.6,4485,95.6,U
sh688668,鼎通科技,2025-10-22 09:48:42,95.5,6035,95.6,E
sh688668,鼎通科技,2025-10-22 09:48:51,95.7,2091,95.65,U
sh688668,鼎通科技,2025-10-22 09:49:09,95.63,4132,95.6,U
sh688668,鼎通科技,2025-10-22 09:49:12,95.51,2449,95.63,D
sh688668,鼎通科技,2025-10-22 09:49:15,95.46,17061,95.51,D
sh688668,鼎通科技,2025-10-22 09:49:18,95.46,14307,95.46,U
sh688668,鼎通科技,2025-10-22 09:49:21,95.42,26181,95.46,D
sh688668,鼎通科技,2025-10-22 09:49:24,95.3,4300,95.42,D
sh688668,鼎通科技,2025-10-22 09:49:30,95.3,4257,95.3,D
sh688668,鼎通科技,2025-10-22 09:49:33,95.29,17285,95.3,D
sh688668,鼎通科技,2025-10-22 09:49:36,95.26,3739,95.29,D
sh688668,鼎通科技,2025-10-22 09:49:39,95.25,2661,95.26,D
sh688668,鼎通科技,2025-10-22 09:49:42,95.25,7063,95.25,D
sh688668,鼎通科技,2025-10-22 09:49:45,95.26,7902,95.25,U
sh688668,鼎通科技,2025-10-22 09:49:48,95.31,4029,95.26,U
sh688668,鼎通科技,2025-10-22 09:49:54,95.26,4741,95.26,D
sh688668,鼎通科技,2025-10-22 09:50:00,95.45,3003,95.27,U
sh688668,鼎通科技,2025-10-22 09:50:03,95.33,7233,95.45,D
sh688668,鼎通科技,2025-10-22 09:50:09,95.45,8115,95.44,U
sh688668,鼎通科技,2025-10-22 09:50:24,95.4,2600,95.34,U
sh688668,鼎通科技,2025-10-22 09:50:33,95.31,7200,95.39,D
sh688668,鼎通科技,2025-10-22 09:50:36,95.3,3256,95.31,D
sh688668,鼎通科技,2025-10-22 09:50:42,95.3,2396,95.32,D
sh688668,鼎通科技,2025-10-22 09:50:54,95.3,8156,95.32,D
sh688668,鼎通科技,2025-10-22 09:50:57,95.3,8199,95.3,D
sh688668,鼎通科技,2025-10-22 09:51:00,95.26,2447,95.3,D
sh688668,鼎通科技,2025-10-22 09:51:03,95.25,5213,95.26,D
sh688668,鼎通科技,2025-10-22 09:51:09,95.29,3496,95.25,U
sh688668,鼎通科技,2025-10-22 09:51:12,95.33,3100,95.29,U
sh688668,鼎通科技,2025-10-22 09:51:21,95.31,3236,95.32,D
sh688668,鼎通科技,2025-10-22 09:51:24,95.33,3735,95.31,U
sh688668,鼎通科技,2025-10-22 09:51:36,95.36,4843,95.34,U
sh688668,鼎通科技,2025-10-22 09:51:39,95.2,16295,95.36,D
sh688668,鼎通科技,2025-10-22 09:51:42,95.28,3700,95.2,E
sh688668,鼎通科技,2025-10-22 09:51:45,95.18,4469,95.28,D
sh688668,鼎通科技,2025-10-22 09:51:48,95.06,7928,95.18,D
sh688668,鼎通科技,2025-10-22 09:51:51,95.01,11238,95.06,D
sh688668,鼎通科技,2025-10-22 09:51:54,95.0,7160,95.01,D
sh688668,鼎通科技,2025-10-22 09:51:57,95.0,27015,95.0,D
sh688668,鼎通科技,2025-10-22 09:52:00,94.91,4687,95.0,D
sh688668,鼎通科技,2025-10-22 09:52:03,94.85,4156,94.91,D
sh688668,鼎通科技,2025-10-22 09:52:09,94.85,3759,94.85,U
sh688668,鼎通科技,2025-10-22 09:52:15,94.81,2222,94.84,D
sh688668,鼎通科技,2025-10-22 09:52:21,94.79,2452,94.8,D
sh688668,鼎通科技,2025-10-22 09:52:24,94.79,2712,94.79,U
sh688668,鼎通科技,2025-10-22 09:52:27,94.78,5057,94.79,D
sh688668,鼎通科技,2025-10-22 09:52:30,94.66,14921,94.78,D
sh688668,鼎通科技,2025-10-22 09:52:33,94.79,6302,94.66,U
sh688668,鼎通科技,2025-10-22 09:52:36,94.82,20184,94.79,U
sh688668,鼎通科技,2025-10-22 09:52:39,94.81,4794,94.82,D
sh688668,鼎通科技,2025-10-22 09:52:48,94.95,5039,94.82,U
sh688668,鼎通科技,2025-10-22 09:52:54,94.98,2301,94.95,E
sh688668,鼎通科技,2025-10-22 09:53:03,95.0,5200,94.98,U
sh688668,鼎通科技,2025-10-22 09:53:06,95.19,14393,95.0,U
sh688668,鼎通科技,2025-10-22 09:53:12,95.28,2200,94.99,U
sh688668,鼎通科技,2025-10-22 09:53:21,95.5,3500,95.33,U
sh688668,鼎通科技,2025-10-22 09:53:27,95.38,3922,95.5,U
sh688668,鼎通科技,2025-10-22 09:53:33,95.33,2898,95.33,U
sh688668,鼎通科技,2025-10-22 09:53:39,95.36,5776,95.19,U
sh688668,鼎通科技,2025-10-22 09:53:57,95.39,18972,95.44,D
sh688668,鼎通科技,2025-10-22 09:54:00,95.38,2392,95.39,D
sh688668,鼎通科技,2025-10-22 09:54:09,95.35,2413,95.38,D
sh688668,鼎通科技,2025-10-22 09:54:12,95.42,10665,95.35,U
sh688668,鼎通科技,2025-10-22 09:54:21,95.35,3351,95.39,D
sh688668,鼎通科技,2025-10-22 09:54:24,95.34,6190,95.35,D
sh688668,鼎通科技,2025-10-22 09:54:33,95.35,8728,95.26,U
sh688668,鼎通科技,2025-10-22 09:54:48,95.49,2761,95.5,E
sh688668,鼎通科技,2025-10-22 09:55:00,95.5,2882,95.49,U
sh688668,鼎通科技,2025-10-22 09:55:03,95.5,4465,95.5,D
sh688668,鼎通科技,2025-10-22 09:55:06,95.5,2434,95.5,D
sh688668,鼎通科技,2025-10-22 09:55:09,95.54,6596,95.5,U
sh688668,鼎通科技,2025-10-22 09:55:12,95.64,10520,95.54,U
sh688668,鼎通科技,2025-10-22 09:55:24,95.93,4510,95.81,U
sh688668,鼎通科技,2025-10-22 09:55:27,95.77,8526,95.93,D
sh688668,鼎通科技,2025-10-22 09:55:30,95.8,10602,95.77,U
sh688668,鼎通科技,2025-10-22 09:55:33,95.77,13362,95.8,E
sh688668,鼎通科技,2025-10-22 09:55:36,95.78,4559,95.77,U
sh688668,鼎通科技,2025-10-22 09:55:48,95.8,5718,95.77,U
sh688668,鼎通科技,2025-10-22 09:55:51,95.83,3908,95.8,E
sh688668,鼎通科技,2025-10-22 09:55:54,95.83,5487,95.83,D
sh688668,鼎通科技,2025-10-22 09:56:00,95.83,4300,95.77,U
sh688668,鼎通科技,2025-10-22 09:56:09,95.9,11069,95.83,U
sh688668,鼎通科技,2025-10-22 09:56:12,95.9,3549,95.9,D
sh688668,鼎通科技,2025-10-22 09:56:15,95.78,8784,95.9,D
sh688668,鼎通科技,2025-10-22 09:56:18,95.77,2862,95.78,D
sh688668,鼎通科技,2025-10-22 09:56:33,95.5,5187,95.64,D
sh688668,鼎通科技,2025-10-22 09:56:36,95.54,5121,95.5,U
sh688668,鼎通科技,2025-10-22 09:56:45,95.49,3209,95.5,U
sh688668,鼎通科技,2025-10-22 09:56:57,95.43,2316,95.49,D
sh688668,鼎通科技,2025-10-22 09:57:09,95.5,10922,95.45,U
sh688668,鼎通科技,2025-10-22 09:57:12,95.57,8367,95.5,U
sh688668,鼎通科技,2025-10-22 09:57:45,95.69,2202,95.53,U
sh688668,鼎通科技,2025-10-22 09:57:48,95.53,3158,95.69,D
sh688668,鼎通科技,2025-10-22 09:57:51,95.58,22514,95.53,U
sh688668,鼎通科技,2025-10-22 09:57:54,95.57,10230,95.58,U
sh688668,鼎通科技,2025-10-22 09:57:57,95.67,3305,95.57,U
sh688668,鼎通科技,2025-10-22 09:58:00,95.68,6223,95.67,U
sh688668,鼎通科技,2025-10-22 09:58:03,95.76,5340,95.68,U
sh688668,鼎通科技,2025-10-22 09:58:12,95.99,9303,95.87,U
sh688668,鼎通科技,2025-10-22 09:58:27,96.3,9319,95.96,U
sh688668,鼎通科技,2025-10-22 09:58:30,96.27,24609,96.3,D
sh688668,鼎通科技,2025-10-22 09:58:33,96.35,3300,96.27,U
sh688668,鼎通科技,2025-10-22 09:58:48,96.35,6949,96.12,U
sh688668,鼎通科技,2025-10-22 09:58:51,96.25,9364,96.35,D
sh688668,鼎通科技,2025-10-22 09:58:57,96.41,3902,96.35,U
sh688668,鼎通科技,2025-10-22 09:59:03,96.41,6713,96.41,D
sh688668,鼎通科技,2025-10-22 09:59:06,96.36,2443,96.41,D
sh688668,鼎通科技,2025-10-22 09:59:09,96.46,4905,96.36,U
sh688668,鼎通科技,2025-10-22 09:59:15,96.25,17572,96.46,D
sh688668,鼎通科技,2025-10-22 09:59:18,96.24,2877,96.25,D
sh688668,鼎通科技,2025-10-22 09:59:27,96.16,11194,96.12,E
sh688668,鼎通科技,2025-10-22 09:59:33,96.01,3363,96.01,D
sh688668,鼎通科技,2025-10-22 09:59:42,96.02,2768,96.02,U
sh688668,鼎通科技,2025-10-22 09:59:48,96.02,3377,96.02,D
sh688668,鼎通科技,2025-10-22 10:00:00,96.0,4085,96.09,D
sh688668,鼎通科技,2025-10-22 10:00:03,96.0,4812,96.0,D
sh688668,鼎通科技,2025-10-22 10:00:06,96.0,2885,96.0,D
sh688668,鼎通科技,2025-10-22 10:00:09,96.0,4711,96.0,D
sh688668,鼎通科技,2025-10-22 10:00:12,96.01,2218,96.0,U
sh688668,鼎通科技,2025-10-22 10:00:18,96.02,5421,96.0,U
sh688668,鼎通科技,2025-10-22 10:00:21,96.09,10062,96.02,U
sh688668,鼎通科技,2025-10-22 10:00:39,96.4,2923,96.39,U
sh688668,鼎通科技,2025-10-22 10:00:54,96.7,17628,96.37,U
sh688668,鼎通科技,2025-10-22 10:01:03,96.68,4317,96.7,D
sh688668,鼎通科技,2025-10-22 10:01:09,96.7,2830,96.7,D
sh688668,鼎通科技,2025-10-22 10:01:24,96.78,2935,96.71,U
sh688668,鼎通科技,2025-10-22 10:01:36,96.83,5880,96.77,U
sh688668,鼎通科技,2025-10-22 10:01:39,96.7,11833,96.83,D
sh688668,鼎通科技,2025-10-22 10:01:51,96.6,2916,96.7,E
sh688668,鼎通科技,2025-10-22 10:01:57,96.57,2124,96.6,D
sh688668,鼎通科技,2025-10-22 10:02:09,96.68,2984,96.67,U
sh688668,鼎通科技,2025-10-22 10:02:18,96.59,3773,96.66,E
sh688668,鼎通科技,2025-10-22 10:02:21,96.65,2434,96.59,E
sh688668,鼎通科技,2025-10-22 10:02:30,96.69,5002,96.64,U
sh688668,鼎通科技,2025-10-22 10:02:39,96.57,8797,96.7,D
sh688668,鼎通科技,2025-10-22 10:02:42,96.56,4894,96.57,D
sh688668,鼎通科技,2025-10-22 10:02:45,96.55,18344,96.56,D
sh688668,鼎通科技,2025-10-22 10:02:51,96.58,3075,96.58,U
sh688668,鼎通科技,2025-10-22 10:02:54,96.71,7717,96.58,U
sh688668,鼎通科技,2025-10-22 10:03:06,96.74,2682,96.73,U
sh688668,鼎通科技,2025-10-22 10:03:24,96.56,3032,96.65,D
sh688668,鼎通科技,2025-10-22 10:03:27,96.66,2339,96.56,U
sh688668,鼎通科技,2025-10-22 10:03:45,96.57,4910,96.56,U
sh688668,鼎通科技,2025-10-22 10:03:48,96.62,2263,96.57,U
sh688668,鼎通科技,2025-10-22 10:04:00,96.74,5222,96.63,E
sh688668,鼎通科技,2025-10-22 10:04:21,96.63,9466,96.8,D
sh688668,鼎通科技,2025-10-22 10:04:27,96.6,2100,96.61,D
sh688668,鼎通科技,2025-10-22 10:04:45,96.65,5229,96.6,U
sh688668,鼎通科技,2025-10-22 10:05:00,96.75,2536,96.72,U
sh688668,鼎通科技,2025-10-22 10:05:06,96.76,3616,96.74,U
sh688668,鼎通科技,2025-10-22 10:05:12,96.75,9335,96.8,D
sh688668,鼎通科技,2025-10-22 10:05:27,96.74,9409,96.84,D
sh688668,鼎通科技,2025-10-22 10:05:30,96.7,3944,96.74,D
sh688668,鼎通科技,2025-10-22 10:05:39,96.65,5918,96.7,D
sh688668,鼎通科技,2025-10-22 10:05:42,96.65,7007,96.65,D
sh688668,鼎通科技,2025-10-22 10:05:45,96.6,5378,96.65,D
sh688668,鼎通科技,2025-10-22 10:05:48,96.66,3775,96.6,U
sh688668,鼎通科技,2025-10-22 10:06:00,96.57,4954,96.6,D
sh688668,鼎通科技,2025-10-22 10:06:03,96.42,61342,96.57,D
sh688668,鼎通科技,2025-10-22 10:06:09,96.53,7841,96.42,U
sh688668,鼎通科技,2025-10-22 10:06:12,96.84,50230,96.53,U
sh688668,鼎通科技,2025-10-22 10:06:18,97.0,8390,96.84,U
sh688668,鼎通科技,2025-10-22 10:06:21,96.85,15790,97.0,D
sh688668,鼎通科技,2025-10-22 10:06:24,96.71,3335,96.85,D
sh688668,鼎通科技,2025-10-22 10:06:30,96.83,4000,96.71,U
sh688668,鼎通科技,2025-10-22 10:06:36,96.7,2176,96.65,U
sh688668,鼎通科技,2025-10-22 10:06:45,96.66,5400,96.7,U
sh688668,鼎通科技,2025-10-22 10:06:57,96.45,5916,96.45,D
sh688668,鼎通科技,2025-10-22 10:07:00,96.7,15023,96.45,U
sh688668,鼎通科技,2025-10-22 10:07:03,97.0,5000,96.7,U
sh688668,鼎通科技,2025-10-22 10:07:15,96.5,4213,96.61,D
sh688668,鼎通科技,2025-10-22 10:07:18,96.59,43254,96.5,U
sh688668,鼎通科技,2025-10-22 10:07:36,96.75,2999,96.6,U
sh688668,鼎通科技,2025-10-22 10:07:42,96.7,54285,96.5,U
sh688668,鼎通科技,2025-10-22 10:07:45,96.82,4846,96.7,U
sh688668,鼎通科技,2025-10-22 10:08:03,96.91,4956,96.86,U
sh688668,鼎通科技,2025-10-22 10:08:06,96.98,4349,96.91,U
sh688668,鼎通科技,2025-10-22 10:08:09,97.0,5554,96.98,U
sh688668,鼎通科技,2025-10-22 10:08:18,97.09,3515,97.08,U
sh688668,鼎通科技,2025-10-22 10:08:21,97.1,3496,97.09,E
sh688668,鼎通科技,2025-10-22 10:08:27,97.07,2490,97.1,D
sh688668,鼎通科技,2025-10-22 10:08:33,96.92,4158,96.99,D
sh688668,鼎通科技,2025-10-22 10:08:36,97.0,5193,96.92,U
sh688668,鼎通科技,2025-10-22 10:08:54,97.07,3300,97.03,U
sh688668,鼎通科技,2025-10-22 10:08:57,97.07,4226,97.07,D
sh688668,鼎通科技,2025-10-22 10:09:00,97.1,8862,97.07,U
sh688668,鼎通科技,2025-10-22 10:09:03,97.1,6119,97.1,D
sh688668,鼎通科技,2025-10-22 10:09:09,97.11,3767,97.09,U
sh688668,鼎通科技,2025-10-22 10:09:18,97.09,4197,97.1,D
sh688668,鼎通科技,2025-10-22 10:09:21,97.15,9653,97.09,U
sh688668,鼎通科技,2025-10-22 10:09:24,97.13,3000,97.15,E
sh688668,鼎通科技,2025-10-22 10:09:27,97.15,2574,97.13,U
sh688668,鼎通科技,2025-10-22 10:09:30,97.13,5886,97.15,E
sh688668,鼎通科技,2025-10-22 10:09:39,97.2,10200,97.15,U
sh688668,鼎通科技,2025-10-22 10:09:42,97.08,12427,97.2,D
sh688668,鼎通科技,2025-10-22 10:09:48,97.0,2954,97.04,D
sh688668,鼎通科技,2025-10-22 10:09:51,97.01,2482,97.0,U
sh688668,鼎通科技,2025-10-22 10:09:54,97.04,2968,97.01,U
sh688668,鼎通科技,2025-10-22 10:10:00,96.99,2290,96.87,E
sh688668,鼎通科技,2025-10-22 10:10:12,96.97,3598,96.73,U
sh688668,鼎通科技,2025-10-22 10:10:15,97.02,4708,96.97,U
sh688668,鼎通科技,2025-10-22 10:10:21,96.73,29515,97.02,D
sh688668,鼎通科技,2025-10-22 10:10:48,96.78,9053,96.7,U
sh688668,鼎通科技,2025-10-22 10:11:03,96.77,2589,96.67,U
sh688668,鼎通科技,2025-10-22 10:11:09,96.9,2800,96.77,U
sh688668,鼎通科技,2025-10-22 10:11:12,97.04,7962,96.9,U
sh688668,鼎通科技,2025-10-22 10:11:18,96.99,2330,97.0,D
sh688668,鼎通科技,2025-10-22 10:11:36,96.91,4809,96.88,U
sh688668,鼎通科技,2025-10-22 10:12:00,96.8,2595,96.8,D
sh688668,鼎通科技,2025-10-22 10:12:03,96.77,10414,96.8,D
sh688668,鼎通科技,2025-10-22 10:12:06,96.81,9551,96.77,U
sh688668,鼎通科技,2025-10-22 10:12:09,96.81,2400,96.81,D
sh688668,鼎通科技,2025-10-22 10:12:15,96.8,4405,96.81,D
sh688668,鼎通科技,2025-10-22 10:12:24,96.93,17202,96.8,U
sh688668,鼎通科技,2025-10-22 10:12:27,96.93,2115,96.93,D
sh688668,鼎通科技,2025-10-22 10:12:33,96.81,10000,96.92,D
sh688668,鼎通科技,2025-10-22 10:12:48,96.83,5064,96.8,U
sh688668,鼎通科技,2025-10-22 10:12:51,97.02,7595,96.83,U
sh688668,鼎通科技,2025-10-22 10:13:12,97.11,2282,97.1,E
sh688668,鼎通科技,2025-10-22 10:13:21,97.49,9040,97.28,U
sh688668,鼎通科技,2025-10-22 10:13:24,97.58,8000,97.49,U
sh688668,鼎通科技,2025-10-22 10:13:27,97.63,6600,97.58,D
sh688668,鼎通科技,2025-10-22 10:13:36,97.78,2338,97.76,U
sh688668,鼎通科技,2025-10-22 10:13:39,97.86,6937,97.78,U
sh688668,鼎通科技,2025-10-22 10:13:42,97.99,5594,97.86,U
sh688668,鼎通科技,2025-10-22 10:13:45,97.9,3194,97.99,D
sh688668,鼎通科技,2025-10-22 10:13:51,97.97,5519,97.97,U
sh688668,鼎通科技,2025-10-22 10:13:54,97.99,13159,97.97,U
sh688668,鼎通科技,2025-10-22 10:13:57,97.99,6010,97.99,D
sh688668,鼎通科技,2025-10-22 10:14:00,97.9,16550,97.99,D
sh688668,鼎通科技,2025-10-22 10:14:03,97.86,15634,97.9,D
sh688668,鼎通科技,2025-10-22 10:14:06,97.99,37729,97.86,U
sh688668,鼎通科技,2025-10-22 10:14:09,98.0,12349,97.99,U
sh688668,鼎通科技,2025-10-22 10:14:12,98.08,3800,98.0,U
sh688668,鼎通科技,2025-10-22 10:14:15,98.37,45756,98.08,U
sh688668,鼎通科技,2025-10-22 10:14:18,98.27,3100,98.37,D
sh688668,鼎通科技,2025-10-22 10:14:27,98.5,43372,98.1,U
sh688668,鼎通科技,2025-10-22 10:14:30,98.5,3601,98.5,D
sh688668,鼎通科技,2025-10-22 10:14:33,98.55,6208,98.5,U
sh688668,鼎通科技,2025-10-22 10:14:39,98.59,8514,98.5,U
sh688668,鼎通科技,2025-10-22 10:14:45,98.59,6200,98.55,U
sh688668,鼎通科技,2025-10-22 10:14:48,98.59,29400,98.59,U
sh688668,鼎通科技,2025-10-22 10:14:51,98.55,3715,98.59,D
sh688668,鼎通科技,2025-10-22 10:14:54,98.59,9329,98.55,U
sh688668,鼎通科技,2025-10-22 10:14:57,98.5,6724,98.59,D
sh688668,鼎通科技,2025-10-22 10:15:00,98.5,10034,98.5,U
sh688668,鼎通科技,2025-10-22 10:15:03,98.54,13729,98.5,U
sh688668,鼎通科技,2025-10-22 10:15:09,98.39,2297,98.41,E
sh688668,鼎通科技,2025-10-22 10:15:12,98.17,3815,98.39,E
sh688668,鼎通科技,2025-10-22 10:15:15,98.4,5000,98.17,U
sh688668,鼎通科技,2025-10-22 10:15:18,98.41,7569,98.4,U
sh688668,鼎通科技,2025-10-22 10:15:21,98.3,14261,98.41,E
sh688668,鼎通科技,2025-10-22 10:15:27,98.28,8041,98.3,U
sh688668,鼎通科技,2025-10-22 10:15:30,98.3,7381,98.28,U
sh688668,鼎通科技,2025-10-22 10:15:33,98.31,2952,98.3,U
sh688668,鼎通科技,2025-10-22 10:15:36,98.4,2400,98.31,U
sh688668,鼎通科技,2025-10-22 10:15:42,98.41,4091,98.41,U
sh688668,鼎通科技,2025-10-22 10:15:48,98.47,14873,98.41,U
sh688668,鼎通科技,2025-10-22 10:15:51,98.41,2400,98.47,E
sh688668,鼎通科技,2025-10-22 10:15:54,98.3,4766,98.41,D
sh688668,鼎通科技,2025-10-22 10:16:00,98.44,4105,98.4,U
sh688668,鼎通科技,2025-10-22 10:16:03,98.31,8895,98.44,D
sh688668,鼎通科技,2025-10-22 10:16:06,98.44,9522,98.31,U
sh688668,鼎通科技,2025-10-22 10:16:15,98.44,8137,98.41,U
sh688668,鼎通科技,2025-10-22 10:16:18,98.46,4834,98.44,U
sh688668,鼎通科技,2025-10-22 10:16:24,98.5,10894,98.46,U
sh688668,鼎通科技,2025-10-22 10:16:27,98.51,5378,98.5,U
sh688668,鼎通科技,2025-10-22 10:16:30,98.47,6155,98.51,D
sh688668,鼎通科技,2025-10-22 10:16:33,98.54,4275,98.47,U
sh688668,鼎通科技,2025-10-22 10:16:36,98.48,6078,98.54,D
sh688668,鼎通科技,2025-10-22 10:16:39,98.4,7572,98.48,D
sh688668,鼎通科技,2025-10-22 10:16:42,98.49,19178,98.4,U
sh688668,鼎通科技,2025-10-22 10:16:48,98.48,2881,98.47,U
sh688668,鼎通科技,2025-10-22 10:16:51,98.57,7691,98.48,U
sh688668,鼎通科技,2025-10-22 10:16:54,98.57,3255,98.57,U
sh688668,鼎通科技,2025-10-22 10:16:57,98.6,14122,98.57,U
sh688668,鼎通科技,2025-10-22 10:17:03,98.65,7663,98.59,U
sh688668,鼎通科技,2025-10-22 10:17:06,98.65,15215,98.65,U
sh688668,鼎通科技,2025-10-22 10:17:09,98.78,7410,98.65,U
sh688668,鼎通科技,2025-10-22 10:17:12,98.71,6374,98.78,D
sh688668,鼎通科技,2025-10-22 10:17:15,98.79,8700,98.71,E
sh688668,鼎通科技,2025-10-22 10:17:18,98.8,5859,98.79,U
sh688668,鼎通科技,2025-10-22 10:17:24,98.8,6969,98.8,D
sh688668,鼎通科技,2025-10-22 10:17:27,98.78,25559,98.8,U
sh688668,鼎通科技,2025-10-22 10:17:30,98.86,7508,98.78,U
sh688668,鼎通科技,2025-10-22 10:17:33,98.93,15357,98.86,U
sh688668,鼎通科技,2025-10-22 10:17:39,99.0,61304,98.93,U
sh688668,鼎通科技,2025-10-22 10:17:42,99.3,14371,99.0,U
sh688668,鼎通科技,2025-10-22 10:17:48,99.38,4095,99.21,U
sh688668,鼎通科技,2025-10-22 10:17:51,99.5,15701,99.38,U
sh688668,鼎通科技,2025-10-22 10:17:54,99.68,16118,99.5,U
sh688668,鼎通科技,2025-10-22 10:17:57,99.62,7594,99.68,D
sh688668,鼎通科技,2025-10-22 10:18:00,99.8,22870,99.62,U
sh688668,鼎通科技,2025-10-22 10:18:03,99.85,3510,99.8,U
sh688668,鼎通科技,2025-10-22 10:18:06,99.71,2055,99.85,D
sh688668,鼎通科技,2025-10-22 10:18:09,99.71,12409,99.71,D
sh688668,鼎通科技,2025-10-22 10:18:12,99.8,13883,99.71,U
sh688668,鼎通科技,2025-10-22 10:18:15,99.7,30265,99.8,D
sh688668,鼎通科技,2025-10-22 10:18:18,99.7,8144,99.7,D
sh688668,鼎通科技,2025-10-22 10:18:21,99.69,7268,99.7,E
sh688668,鼎通科技,2025-10-22 10:18:24,99.7,14924,99.69,U
sh688668,鼎通科技,2025-10-22 10:18:27,99.7,6670,99.7,U
sh688668,鼎通科技,2025-10-22 10:18:30,99.7,6733,99.7,U
sh688668,鼎通科技,2025-10-22 10:18:36,99.51,14134,99.7,D
sh688668,鼎通科技,2025-10-22 10:18:39,99.5,2067,99.51,D
sh688668,鼎通科技,2025-10-22 10:18:42,99.51,9497,99.5,U
sh688668,鼎通科技,2025-10-22 10:18:45,99.72,5333,99.51,U
sh688668,鼎通科技,2025-10-22 10:18:48,99.71,9076,99.72,D
sh688668,鼎通科技,2025-10-22 10:18:51,99.71,3809,99.71,D
sh688668,鼎通科技,2025-10-22 10:18:54,99.73,12533,99.71,E
sh688668,鼎通科技,2025-10-22 10:18:57,99.73,5185,99.73,D
sh688668,鼎通科技,2025-10-22 10:19:00,99.73,3789,99.73,D
sh688668,鼎通科技,2025-10-22 10:19:03,99.68,16984,99.73,D
sh688668,鼎通科技,2025-10-22 10:19:06,99.5,12845,99.68,D
sh688668,鼎通科技,2025-10-22 10:19:09,99.07,17940,99.5,D
sh688668,鼎通科技,2025-10-22 10:19:12,98.9,4020,99.07,D
sh688668,鼎通科技,2025-10-22 10:19:15,98.89,2300,98.9,D
sh688668,鼎通科技,2025-10-22 10:19:18,98.78,2905,98.89,D
sh688668,鼎通科技,2025-10-22 10:19:24,98.73,7196,98.78,D
sh688668,鼎通科技,2025-10-22 10:19:27,98.48,7300,98.73,D
sh688668,鼎通科技,2025-10-22 10:19:33,98.47,5349,98.63,D
sh688668,鼎通科技,2025-10-22 10:19:36,98.48,3102,98.47,U
sh688668,鼎通科技,2025-10-22 10:19:45,98.6,4453,98.6,U
sh688668,鼎通科技,2025-10-22 10:19:48,98.6,5917,98.6,D
sh688668,鼎通科技,2025-10-22 10:19:51,98.6,4717,98.6,U
sh688668,鼎通科技,2025-10-22 10:19:54,98.66,4799,98.6,U
sh688668,鼎通科技,2025-10-22 10:19:57,98.6,4439,98.66,D
sh688668,鼎通科技,2025-10-22 10:20:03,98.61,8862,98.62,D
sh688668,鼎通科技,2025-10-22 10:20:06,98.43,14505,98.61,D
sh688668,鼎通科技,2025-10-22 10:20:09,98.35,3203,98.43,D
sh688668,鼎通科技,2025-10-22 10:20:12,98.35,2200,98.35,D
sh688668,鼎通科技,2025-10-22 10:20:21,98.41,2533,98.41,U
sh688668,鼎通科技,2025-10-22 10:20:33,98.51,2224,98.42,U
sh688668,鼎通科技,2025-10-22 10:20:36,98.61,3287,98.51,U
sh688668,鼎通科技,2025-10-22 10:20:39,98.52,3342,98.61,E
sh688668,鼎通科技,2025-10-22 10:20:48,98.75,8501,98.61,U
sh688668,鼎通科技,2025-10-22 10:20:54,98.84,2500,98.82,U
sh688668,鼎通科技,2025-10-22 10:21:00,98.91,2701,98.84,U
sh688668,鼎通科技,2025-10-22 10:21:06,98.9,13924,98.9,D
sh688668,鼎通科技,2025-10-22 10:21:12,99.0,9942,98.9,U
sh688668,鼎通科技,2025-10-22 10:21:15,98.95,13926,99.0,D
sh688668,鼎通科技,2025-10-22 10:21:18,98.95,2200,98.95,D
sh688668,鼎通科技,2025-10-22 10:21:21,98.98,8289,98.95,U
sh688668,鼎通科技,2025-10-22 10:21:30,99.06,3120,99.05,E
sh688668,鼎通科技,2025-10-22 10:21:36,99.07,2256,99.07,D
sh688668,鼎通科技,2025-10-22 10:21:39,99.05,3566,99.07,D
sh688668,鼎通科技,2025-10-22 10:21:42,99.0,7204,99.05,D
sh688668,鼎通科技,2025-10-22 10:21:45,98.94,6659,99.0,D
sh688668,鼎通科技,2025-10-22 10:22:06,98.73,2866,98.75,E
sh688668,鼎通科技,2025-10-22 10:22:21,98.7,3000,98.58,U
sh688668,鼎通科技,2025-10-22 10:22:27,98.58,3400,98.58,U
sh688668,鼎通科技,2025-10-22 10:22:33,98.68,4115,98.58,U
sh688668,鼎通科技,2025-10-22 10:22:45,98.76,2410,98.73,U
sh688668,鼎通科技,2025-10-22 10:23:00,98.73,4500,98.65,U
sh688668,鼎通科技,2025-10-22 10:23:03,98.65,12285,98.73,E
sh688668,鼎通科技,2025-10-22 10:23:09,98.53,3307,98.56,D
sh688668,鼎通科技,2025-10-22 10:23:12,98.6,2300,98.53,U
sh688668,鼎通科技,2025-10-22 10:23:15,98.98,5126,98.6,U
sh688668,鼎通科技,2025-10-22 10:23:18,98.67,11650,98.98,D
sh688668,鼎通科技,2025-10-22 10:23:33,99.07,7317,98.95,U
sh688668,鼎通科技,2025-10-22 10:24:03,98.95,11656,99.09,D
sh688668,鼎通科技,2025-10-22 10:24:12,98.94,4000,98.6,U
sh688668,鼎通科技,2025-10-22 10:24:15,98.7,9035,98.94,D
sh688668,鼎通科技,2025-10-22 10:24:27,98.6,5059,98.7,D
sh688668,鼎通科技,2025-10-22 10:24:30,98.61,7799,98.6,U
sh688668,鼎通科技,2025-10-22 10:24:33,98.55,3550,98.61,E
sh688668,鼎通科技,2025-10-22 10:24:36,98.52,15702,98.55,D
sh688668,鼎通科技,2025-10-22 10:24:39,98.9,10488,98.52,U
sh688668,鼎通科技,2025-10-22 10:24:42,98.52,5300,98.9,D
sh688668,鼎通科技,2025-10-22 10:24:45,98.61,2200,98.52,E
sh688668,鼎通科技,2025-10-22 10:24:51,98.6,10674,98.85,D
sh688668,鼎通科技,2025-10-22 10:24:54,99.0,25744,98.6,U
sh688668,鼎通科技,2025-10-22 10:25:03,99.22,17074,99.03,U
sh688668,鼎通科技,2025-10-22 10:25:12,99.5,7376,99.2,U
sh688668,鼎通科技,2025-10-22 10:25:15,99.5,12624,99.5,D
sh688668,鼎通科技,2025-10-22 10:25:18,99.5,4644,99.5,U
sh688668,鼎通科技,2025-10-22 10:25:27,99.41,5786,99.44,E
sh688668,鼎通科技,2025-10-22 10:25:30,99.07,6040,99.41,D
sh688668,鼎通科技,2025-10-22 10:25:51,99.02,37120,99.21,D
sh688668,鼎通科技,2025-10-22 10:25:54,98.6,2400,99.02,D
sh688668,鼎通科技,2025-10-22 10:26:00,99.0,2113,98.6,U
sh688668,鼎通科技,2025-10-22 10:26:03,98.6,2227,99.0,D
sh688668,鼎通科技,2025-10-22 10:26:12,99.01,3818,98.81,U
sh688668,鼎通科技,2025-10-22 10:26:24,99.09,2085,99.02,U
sh688668,鼎通科技,2025-10-22 10:26:33,99.05,2601,98.95,U
sh688668,鼎通科技,2025-10-22 10:26:48,98.86,5829,98.95,D
sh688668,鼎通科技,2025-10-22 10:26:51,98.86,4705,98.86,U
sh688668,鼎通科技,2025-10-22 10:26:54,98.86,5105,98.86,U
sh688668,鼎通科技,2025-10-22 10:27:03,98.85,6138,98.86,D
sh688668,鼎通科技,2025-10-22 10:27:06,99.05,10401,98.85,U
sh688668,鼎通科技,2025-10-22 10:27:09,98.85,3034,99.05,U
sh688668,鼎通科技,2025-10-22 10:27:12,98.85,4212,98.85,U
sh688668,鼎通科技,2025-10-22 10:27:15,98.94,2535,98.85,U
sh688668,鼎通科技,2025-10-22 10:27:18,98.93,2106,98.94,U
sh688668,鼎通科技,2025-10-22 10:27:21,98.93,3904,98.93,D
sh688668,鼎通科技,2025-10-22 10:27:39,99.0,7683,98.93,U
sh688668,鼎通科技,2025-10-22 10:27:45,98.95,4749,99.0,D
sh688668,鼎通科技,2025-10-22 10:27:57,99.0,7317,98.85,U
sh688668,鼎通科技,2025-10-22 10:28:03,99.0,7091,99.0,D
sh688668,鼎通科技,2025-10-22 10:28:09,99.01,7025,98.9,U
sh688668,鼎通科技,2025-10-22 10:28:18,99.01,6672,98.97,U
sh688668,鼎通科技,2025-10-22 10:28:21,99.02,6317,99.01,U
sh688668,鼎通科技,2025-10-22 10:28:30,99.02,12168,99.03,U
sh688668,鼎通科技,2025-10-22 10:28:39,99.05,3498,99.2,E
sh688668,鼎通科技,2025-10-22 10:28:45,99.4,6342,99.2,U
sh688668,鼎通科技,2025-10-22 10:28:48,99.4,3616,99.4,U
sh688668,鼎通科技,2025-10-22 10:28:54,99.4,3200,99.4,U
sh688668,鼎通科技,2025-10-22 10:28:57,99.52,12725,99.4,U
sh688668,鼎通科技,2025-10-22 10:29:03,99.58,6000,99.52,U
sh688668,鼎通科技,2025-10-22 10:29:06,99.52,5300,99.58,U
sh688668,鼎通科技,2025-10-22 10:29:09,99.6,4128,99.52,U
sh688668,鼎通科技,2025-10-22 10:29:15,99.66,11700,99.6,U
sh688668,鼎通科技,2025-10-22 10:29:18,99.65,2223,99.66,D
sh688668,鼎通科技,2025-10-22 10:29:21,99.73,2107,99.65,U
sh688668,鼎通科技,2025-10-22 10:29:24,99.78,7400,99.73,U
sh688668,鼎通科技,2025-10-22 10:29:30,99.76,7900,99.78,E
sh688668,鼎通科技,2025-10-22 10:29:33,99.78,2805,99.76,D
sh688668,鼎通科技,2025-10-22 10:29:39,99.79,7173,99.78,U
sh688668,鼎通科技,2025-10-22 10:29:42,99.78,9655,99.79,D
sh688668,鼎通科技,2025-10-22 10:29:45,99.81,6078,99.78,U
sh688668,鼎通科技,2025-10-22 10:29:51,99.86,4468,99.81,U
sh688668,鼎通科技,2025-10-22 10:30:00,99.76,2376,99.85,D
sh688668,鼎通科技,2025-10-22 10:30:03,99.81,5461,99.76,U
sh688668,鼎通科技,2025-10-22 10:30:06,99.84,2398,99.81,U
sh688668,鼎通科技,2025-10-22 10:30:09,99.81,6156,99.84,D
sh688668,鼎通科技,2025-10-22 10:30:12,99.77,4222,99.81,D
sh688668,鼎通科技,2025-10-22 10:30:15,99.8,5367,99.77,U
sh688668,鼎通科技,2025-10-22 10:30:18,99.76,9861,99.8,D
sh688668,鼎通科技,2025-10-22 10:30:21,99.8,10929,99.76,U
sh688668,鼎通科技,2025-10-22 10:30:33,99.66,9779,99.73,D
sh688668,鼎通科技,2025-10-22 10:30:36,99.6,20798,99.66,D
sh688668,鼎通科技,2025-10-22 10:30:39,99.5,2480,99.6,D
sh688668,鼎通科技,2025-10-22 10:30:42,99.5,2181,99.5,D
sh688668,鼎通科技,2025-10-22 10:30:45,99.45,2382,99.5,D
sh688668,鼎通科技,2025-10-22 10:30:48,99.4,16301,99.45,D
sh688668,鼎通科技,2025-10-22 10:31:03,99.11,2200,99.3,E
sh688668,鼎通科技,2025-10-22 10:31:18,99.29,6719,99.14,U
sh688668,鼎通科技,2025-10-22 10:31:27,99.32,2345,99.4,D
sh688668,鼎通科技,2025-10-22 10:31:33,99.46,11900,99.46,D
sh688668,鼎通科技,2025-10-22 10:31:39,99.68,8004,99.58,U
sh688668,鼎通科技,2025-10-22 10:31:42,99.75,2423,99.68,U
sh688668,鼎通科技,2025-10-22 10:31:48,99.8,13900,99.77,U
sh688668,鼎通科技,2025-10-22 10:31:57,99.78,4223,99.82,D
sh688668,鼎通科技,2025-10-22 10:32:00,99.82,3705,99.78,U
sh688668,鼎通科技,2025-10-22 10:32:03,99.8,3135,99.82,E
sh688668,鼎通科技,2025-10-22 10:32:06,99.68,35682,99.8,D
sh688668,鼎通科技,2025-10-22 10:32:09,99.68,8363,99.68,U
sh688668,鼎通科技,2025-10-22 10:32:12,99.68,6383,99.68,U
sh688668,鼎通科技,2025-10-22 10:32:18,99.63,2200,99.65,E
sh688668,鼎通科技,2025-10-22 10:32:21,99.68,11818,99.63,U
sh688668,鼎通科技,2025-10-22 10:32:24,99.59,3013,99.68,U
sh688668,鼎通科技,2025-10-22 10:32:33,99.4,3064,99.4,D
sh688668,鼎通科技,2025-10-22 10:32:36,99.4,5748,99.4,U
sh688668,鼎通科技,2025-10-22 10:32:57,99.4,2596,99.36,U
sh688668,鼎通科技,2025-10-22 10:33:00,99.5,2891,99.4,U
sh688668,鼎通科技,2025-10-22 10:33:12,99.6,4689,99.55,U
sh688668,鼎通科技,2025-10-22 10:33:18,99.78,10962,99.66,U
sh688668,鼎通科技,2025-10-22 10:33:21,99.74,4600,99.78,E
sh688668,鼎通科技,2025-10-22 10:33:24,99.78,4450,99.74,U
sh688668,鼎通科技,2025-10-22 10:33:27,99.78,3400,99.78,D
sh688668,鼎通科技,2025-10-22 10:33:33,99.88,16600,99.78,U
sh688668,鼎通科技,2025-10-22 10:33:39,99.89,9827,99.88,D
sh688668,鼎通科技,2025-10-22 10:33:48,99.96,3600,99.96,U
sh688668,鼎通科技,2025-10-22 10:33:54,99.97,39532,99.96,U
sh688668,鼎通科技,2025-10-22 10:33:57,100.0,23143,99.97,U
sh688668,鼎通科技,2025-10-22 10:34:00,100.0,24597,100.0,U
sh688668,鼎通科技,2025-10-22 10:34:03,100.08,4211,100.0,U
sh688668,鼎通科技,2025-10-22 10:34:06,100.08,4422,100.08,U
sh688668,鼎通科技,2025-10-22 10:34:09,100.01,13285,100.08,D
sh688668,鼎通科技,2025-10-22 10:34:18,100.2,13721,100.1,U
sh688668,鼎通科技,2025-10-22 10:34:21,100.26,3881,100.2,E
sh688668,鼎通科技,2025-10-22 10:34:24,100.27,19215,100.26,U
sh688668,鼎通科技,2025-10-22 10:34:27,100.3,5263,100.27,U
sh688668,鼎通科技,2025-10-22 10:34:30,100.3,2675,100.3,D
sh688668,鼎通科技,2025-10-22 10:34:33,100.4,2239,100.3,U
sh688668,鼎通科技,2025-10-22 10:34:39,100.42,33406,100.39,E
sh688668,鼎通科技,2025-10-22 10:34:42,100.25,4300,100.42,D
sh688668,鼎通科技,2025-10-22 10:34:45,100.42,12171,100.25,U
sh688668,鼎通科技,2025-10-22 10:34:48,100.43,2896,100.42,U
sh688668,鼎通科技,2025-10-22 10:34:51,100.21,21900,100.43,D
sh688668,鼎通科技,2025-10-22 10:34:54,100.21,5552,100.21,U
sh688668,鼎通科技,2025-10-22 10:35:00,100.32,3402,100.22,U
sh688668,鼎通科技,2025-10-22 10:35:03,100.13,21046,100.32,D
sh688668,鼎通科技,2025-10-22 10:35:06,100.16,3953,100.13,E
sh688668,鼎通科技,2025-10-22 10:35:09,100.13,4233,100.16,D
sh688668,鼎通科技,2025-10-22 10:35:12,100.13,11272,100.13,D
sh688668,鼎通科技,2025-10-22 10:35:18,100.13,4206,100.13,U
sh688668,鼎通科技,2025-10-22 10:35:24,100.08,2096,100.09,D
sh688668,鼎通科技,2025-10-22 10:35:27,100.08,24768,100.08,D
sh688668,鼎通科技,2025-10-22 10:35:36,100.11,4554,100.08,U
sh688668,鼎通科技,2025-10-22 10:35:39,100.4,11121,100.11,U
sh688668,鼎通科技,2025-10-22 10:35:42,100.4,8707,100.4,D
sh688668,鼎通科技,2025-10-22 10:35:45,100.42,5500,100.4,U
sh688668,鼎通科技,2025-10-22 10:35:48,100.4,25324,100.42,U
sh688668,鼎通科技,2025-10-22 10:35:54,100.4,26028,100.39,U
sh688668,鼎通科技,2025-10-22 10:35:57,100.4,2123,100.4,U
sh688668,鼎通科技,2025-10-22 10:36:00,100.4,8097,100.4,U
sh688668,鼎通科技,2025-10-22 10:36:03,100.46,2338,100.4,U
sh688668,鼎通科技,2025-10-22 10:36:12,100.56,3584,100.46,U
sh688668,鼎通科技,2025-10-22 10:36:15,100.4,24367,100.56,D
sh688668,鼎通科技,2025-10-22 10:36:18,100.2,4140,100.4,D
sh688668,鼎通科技,2025-10-22 10:36:21,100.2,2512,100.2,D
sh688668,鼎通科技,2025-10-22 10:36:24,100.33,2187,100.2,E
sh688668,鼎通科技,2025-10-22 10:36:27,100.4,12784,100.33,U
sh688668,鼎通科技,2025-10-22 10:36:36,100.45,8394,100.4,U
sh688668,鼎通科技,2025-10-22 10:36:39,100.46,2054,100.45,U
sh688668,鼎通科技,2025-10-22 10:36:45,100.5,3225,100.46,U
sh688668,鼎通科技,2025-10-22 10:36:48,100.47,2074,100.5,D
sh688668,鼎通科技,2025-10-22 10:36:51,100.57,20802,100.47,U
sh688668,鼎通科技,2025-10-22 10:36:54,100.83,22200,100.57,U
sh688668,鼎通科技,2025-10-22 10:36:57,100.9,28808,100.83,U
sh688668,鼎通科技,2025-10-22 10:37:00,100.95,9823,100.9,U
sh688668,鼎通科技,2025-10-22 10:37:03,101.0,48244,100.95,U
sh688668,鼎通科技,2025-10-22 10:37:09,101.01,9457,101.01,U
sh688668,鼎通科技,2025-10-22 10:37:12,101.05,2600,101.01,E
sh688668,鼎通科技,2025-10-22 10:37:15,101.07,3928,101.05,U
sh688668,鼎通科技,2025-10-22 10:37:18,101.23,54397,101.07,U
sh688668,鼎通科技,2025-10-22 10:37:21,101.26,6100,101.23,U
sh688668,鼎通科技,2025-10-22 10:37:24,101.26,3600,101.26,D
sh688668,鼎通科技,2025-10-22 10:37:27,101.3,10557,101.26,E
sh688668,鼎通科技,2025-10-22 10:37:30,101.32,23348,101.3,U
sh688668,鼎通科技,2025-10-22 10:37:33,101.4,15116,101.32,U
sh688668,鼎通科技,2025-10-22 10:37:36,101.4,10400,101.4,D
sh688668,鼎通科技,2025-10-22 10:37:39,101.58,14287,101.4,U
sh688668,鼎通科技,2025-10-22 10:37:42,101.66,21571,101.58,U
sh688668,鼎通科技,2025-10-22 10:37:45,101.59,9263,101.66,E
sh688668,鼎通科技,2025-10-22 10:37:48,101.7,7057,101.59,U
sh688668,鼎通科技,2025-10-22 10:37:51,101.7,5593,101.7,D
sh688668,鼎通科技,2025-10-22 10:37:54,101.7,74886,101.7,D
sh688668,鼎通科技,2025-10-22 10:37:57,101.8,6996,101.7,U
sh688668,鼎通科技,2025-10-22 10:38:00,101.77,12154,101.8,D
sh688668,鼎通科技,2025-10-22 10:38:03,101.73,32403,101.77,D
sh688668,鼎通科技,2025-10-22 10:38:06,101.77,65078,101.73,U
sh688668,鼎通科技,2025-10-22 10:38:09,101.74,9478,101.77,D
sh688668,鼎通科技,2025-10-22 10:38:12,101.73,3944,101.74,D
sh688668,鼎通科技,2025-10-22 10:38:18,101.79,17905,101.72,U
sh688668,鼎通科技,2025-10-22 10:38:21,101.72,13538,101.79,U
sh688668,鼎通科技,2025-10-22 10:38:24,101.73,10202,101.72,E
sh688668,鼎通科技,2025-10-22 10:38:27,101.74,9095,101.73,D
sh688668,鼎通科技,2025-10-22 10:38:30,101.77,2163,101.74,U
sh688668,鼎通科技,2025-10-22 10:38:33,101.77,5548,101.77,U
sh688668,鼎通科技,2025-10-22 10:38:36,101.79,4191,101.77,E
sh688668,鼎通科技,2025-10-22 10:38:39,101.8,13208,101.79,U
sh688668,鼎通科技,2025-10-22 10:38:42,101.8,2297,101.8,D
sh688668,鼎通科技,2025-10-22 10:38:45,101.86,7613,101.8,U
sh688668,鼎通科技,2025-10-22 10:38:48,101.83,2950,101.86,D
sh688668,鼎通科技,2025-10-22 10:38:51,101.87,12202,101.83,U
sh688668,鼎通科技,2025-10-22 10:38:54,101.84,12029,101.87,D
sh688668,鼎通科技,2025-10-22 10:38:57,101.84,8845,101.84,U
sh688668,鼎通科技,2025-10-22 10:39:00,101.8,8585,101.84,D
sh688668,鼎通科技,2025-10-22 10:39:03,101.77,7916,101.8,D
sh688668,鼎通科技,2025-10-22 10:39:06,101.72,5211,101.77,D
sh688668,鼎通科技,2025-10-22 10:39:09,101.72,11329,101.72,D
sh688668,鼎通科技,2025-10-22 10:39:12,101.64,3734,101.72,D
sh688668,鼎通科技,2025-10-22 10:39:18,101.5,4379,101.65,D
sh688668,鼎通科技,2025-10-22 10:39:21,101.4,5668,101.5,D
sh688668,鼎通科技,2025-10-22 10:39:24,101.4,6560,101.4,D
sh688668,鼎通科技,2025-10-22 10:39:27,101.4,3673,101.4,D
sh688668,鼎通科技,2025-10-22 10:39:30,101.33,15703,101.4,D
sh688668,鼎通科技,2025-10-22 10:39:33,101.33,4678,101.33,U
sh688668,鼎通科技,2025-10-22 10:39:36,101.33,8941,101.33,U
sh688668,鼎通科技,2025-10-22 10:39:39,101.4,6643,101.33,U
sh688668,鼎通科技,2025-10-22 10:39:42,101.4,2758,101.4,D
sh688668,鼎通科技,2025-10-22 10:39:45,101.45,3758,101.4,U
sh688668,鼎通科技,2025-10-22 10:39:51,101.45,5300,101.45,U
sh688668,鼎通科技,2025-10-22 10:39:54,101.5,5044,101.45,U
sh688668,鼎通科技,2025-10-22 10:39:57,101.71,9125,101.5,U
sh688668,鼎通科技,2025-10-22 10:40:06,101.72,9899,101.7,U
sh688668,鼎通科技,2025-10-22 10:40:09,101.76,4035,101.72,E
sh688668,鼎通科技,2025-10-22 10:40:15,101.79,2979,101.77,U
sh688668,鼎通科技,2025-10-22 10:40:18,101.8,9838,101.79,U
sh688668,鼎通科技,2025-10-22 10:40:21,101.8,2459,101.8,D
sh688668,鼎通科技,2025-10-22 10:40:27,101.81,15608,101.8,D
sh688668,鼎通科技,2025-10-22 10:40:30,101.86,12485,101.81,U
sh688668,鼎通科技,2025-10-22 10:40:33,101.87,13935,101.86,U
sh688668,鼎通科技,2025-10-22 10:40:36,101.9,2887,101.87,U
sh688668,鼎通科技,2025-10-22 10:40:39,101.9,18165,101.9,D
sh688668,鼎通科技,2025-10-22 10:40:42,101.83,28143,101.9,D
sh688668,鼎通科技,2025-10-22 10:40:45,101.82,4303,101.83,E
sh688668,鼎通科技,2025-10-22 10:40:48,101.83,4154,101.82,D
sh688668,鼎通科技,2025-10-22 10:40:51,101.9,10669,101.83,U
sh688668,鼎通科技,2025-10-22 10:40:54,101.89,6088,101.9,U
sh688668,鼎通科技,2025-10-22 10:40:57,101.89,8923,101.89,D
sh688668,鼎通科技,2025-10-22 10:41:00,101.89,3766,101.89,D
sh688668,鼎通科技,2025-10-22 10:41:03,101.9,8364,101.89,U
sh688668,鼎通科技,2025-10-22 10:41:06,101.9,19590,101.9,D
sh688668,鼎通科技,2025-10-22 10:41:09,101.9,4680,101.9,D
sh688668,鼎通科技,2025-10-22 10:41:12,101.98,6437,101.9,U
sh688668,鼎通科技,2025-10-22 10:41:15,101.98,15052,101.98,U
sh688668,鼎通科技,2025-10-22 10:41:18,101.99,3606,101.98,E
sh688668,鼎通科技,2025-10-22 10:41:21,102.0,11049,101.99,U
sh688668,鼎通科技,2025-10-22 10:41:24,102.0,15305,102.0,U
sh688668,鼎通科技,2025-10-22 10:41:27,101.99,7660,102.0,E
sh688668,鼎通科技,2025-10-22 10:41:30,102.0,6768,101.99,U
sh688668,鼎通科技,2025-10-22 10:41:33,102.0,11001,102.0,U
sh688668,鼎通科技,2025-10-22 10:41:36,102.02,10204,102.0,U
sh688668,鼎通科技,2025-10-22 10:41:39,101.99,5527,102.02,D
sh688668,鼎通科技,2025-10-22 10:41:42,101.98,13525,101.99,D
sh688668,鼎通科技,2025-10-22 10:41:45,101.89,9051,101.98,D
sh688668,鼎通科技,2025-10-22 10:41:48,101.89,4073,101.89,D
sh688668,鼎通科技,2025-10-22 10:41:51,101.9,5046,101.89,U
sh688668,鼎通科技,2025-10-22 10:41:54,101.98,2181,101.9,U
sh688668,鼎通科技,2025-10-22 10:41:57,101.98,2521,101.98,D
sh688668,鼎通科技,2025-10-22 10:42:00,101.98,8955,101.98,D
sh688668,鼎通科技,2025-10-22 10:42:03,101.99,7274,101.98,U
sh688668,鼎通科技,2025-10-22 10:42:06,101.99,11101,101.99,U
sh688668,鼎通科技,2025-10-22 10:42:09,102.03,3102,101.99,U
sh688668,鼎通科技,2025-10-22 10:42:15,102.0,4637,102.0,U
sh688668,鼎通科技,2025-10-22 10:42:18,102.1,3416,102.0,U
sh688668,鼎通科技,2025-10-22 10:42:21,102.03,3785,102.1,E
sh688668,鼎通科技,2025-10-22 10:42:24,102.1,4629,102.03,U
sh688668,鼎通科技,2025-10-22 10:42:36,102.16,9385,102.09,U
sh688668,鼎通科技,2025-10-22 10:42:42,102.17,21928,102.17,U
sh688668,鼎通科技,2025-10-22 10:42:45,102.17,14811,102.17,U
sh688668,鼎通科技,2025-10-22 10:42:48,102.17,2004,102.17,D
sh688668,鼎通科技,2025-10-22 10:42:51,102.3,3760,102.17,U
sh688668,鼎通科技,2025-10-22 10:42:54,102.33,4648,102.3,U
sh688668,鼎通科技,2025-10-22 10:42:57,102.3,4005,102.33,D
sh688668,鼎通科技,2025-10-22 10:43:00,102.08,18200,102.3,D
sh688668,鼎通科技,2025-10-22 10:43:03,102.28,25407,102.08,U
sh688668,鼎通科技,2025-10-22 10:43:06,102.0,9545,102.28,E
sh688668,鼎通科技,2025-10-22 10:43:12,101.35,46669,101.82,D
sh688668,鼎通科技,2025-10-22 10:43:15,101.26,9812,101.35,D
sh688668,鼎通科技,2025-10-22 10:43:18,101.01,26897,101.26,D
sh688668,鼎通科技,2025-10-22 10:43:24,101.07,8898,101.26,U
sh688668,鼎通科技,2025-10-22 10:43:27,101.07,23193,101.07,D
sh688668,鼎通科技,2025-10-22 10:43:30,101.0,11900,101.07,D
sh688668,鼎通科技,2025-10-22 10:43:36,101.15,23282,100.96,U
sh688668,鼎通科技,2025-10-22 10:43:42,101.35,2643,101.19,U
sh688668,鼎通科技,2025-10-22 10:43:48,101.55,2200,101.35,U
sh688668,鼎通科技,2025-10-22 10:44:00,101.35,4529,101.45,D
sh688668,鼎通科技,2025-10-22 10:44:03,101.44,9680,101.35,U
sh688668,鼎通科技,2025-10-22 10:44:06,101.34,9377,101.44,D
sh688668,鼎通科技,2025-10-22 10:44:12,101.5,10000,101.35,U
sh688668,鼎通科技,2025-10-22 10:44:15,101.44,2000,101.5,U
sh688668,鼎通科技,2025-10-22 10:44:21,101.52,2266,101.44,U
sh688668,鼎通科技,2025-10-22 10:44:30,101.55,13205,101.54,U
sh688668,鼎通科技,2025-10-22 10:44:36,101.55,24013,101.55,D
sh688668,鼎通科技,2025-10-22 10:44:39,101.7,3222,101.55,U
sh688668,鼎通科技,2025-10-22 10:44:42,101.55,2339,101.7,E
sh688668,鼎通科技,2025-10-22 10:44:45,101.67,6878,101.55,U
sh688668,鼎通科技,2025-10-22 10:44:48,101.5,5900,101.67,E
sh688668,鼎通科技,2025-10-22 10:44:57,101.46,2200,101.17,E
sh688668,鼎通科技,2025-10-22 10:45:00,101.17,3906,101.46,D
sh688668,鼎通科技,2025-10-22 10:45:03,101.45,6482,101.17,U
sh688668,鼎通科技,2025-10-22 10:45:06,101.5,2361,101.45,U
sh688668,鼎通科技,2025-10-22 10:45:09,101.34,2328,101.5,D
sh688668,鼎通科技,2025-10-22 10:45:12,101.34,2053,101.34,D
sh688668,鼎通科技,2025-10-22 10:45:15,101.33,12707,101.34,U
sh688668,鼎通科技,2025-10-22 10:45:21,101.28,7131,101.33,D
sh688668,鼎通科技,2025-10-22 10:45:24,101.2,2665,101.28,D
sh688668,鼎通科技,2025-10-22 10:45:36,101.29,4883,101.26,U
sh688668,鼎通科技,2025-10-22 10:45:42,101.14,6250,101.2,D
sh688668,鼎通科技,2025-10-22 10:45:45,101.05,5550,101.14,D
sh688668,鼎通科技,2025-10-22 10:45:48,101.11,2000,101.05,U
sh688668,鼎通科技,2025-10-22 10:45:51,101.04,3556,101.11,D
sh688668,鼎通科技,2025-10-22 10:45:54,100.96,5241,101.04,D
sh688668,鼎通科技,2025-10-22 10:45:57,100.96,3458,100.96,U
sh688668,鼎通科技,2025-10-22 10:46:03,100.6,2000,100.6,D
sh688668,鼎通科技,2025-10-22 10:46:06,100.61,2209,100.6,E
sh688668,鼎通科技,2025-10-22 10:46:09,100.8,3148,100.61,U
sh688668,鼎通科技,2025-10-22 10:46:15,100.8,4800,100.8,D
sh688668,鼎通科技,2025-10-22 10:46:30,101.05,5000,101.04,U
sh688668,鼎通科技,2025-10-22 10:46:33,101.04,3691,101.05,D
sh688668,鼎通科技,2025-10-22 10:46:36,101.26,6415,101.04,U
sh688668,鼎通科技,2025-10-22 10:46:39,101.04,8253,101.26,D
sh688668,鼎通科技,2025-10-22 10:46:42,101.0,3578,101.04,D
sh688668,鼎通科技,2025-10-22 10:46:51,101.03,4286,101.04,E
sh688668,鼎通科技,2025-10-22 10:46:54,101.26,2928,101.03,U
sh688668,鼎通科技,2025-10-22 10:46:57,101.26,8547,101.26,U
sh688668,鼎通科技,2025-10-22 10:47:03,101.01,3461,101.01,D
sh688668,鼎通科技,2025-10-22 10:47:06,101.22,2200,101.01,U
sh688668,鼎通科技,2025-10-22 10:47:18,100.96,11000,100.96,D
sh688668,鼎通科技,2025-10-22 10:47:24,101.01,11053,100.96,U
sh688668,鼎通科技,2025-10-22 10:47:27,100.96,2400,101.01,D
sh688668,鼎通科技,2025-10-22 10:47:30,100.96,2882,100.96,D
sh688668,鼎通科技,2025-10-22 10:47:36,101.01,6200,101.01,U
sh688668,鼎通科技,2025-10-22 10:47:39,100.99,4482,101.01,E
sh688668,鼎通科技,2025-10-22 10:47:54,101.07,7257,101.01,U
sh688668,鼎通科技,2025-10-22 10:47:57,101.07,2700,101.07,U
sh688668,鼎通科技,2025-10-22 10:48:03,101.26,2882,101.03,U
sh688668,鼎通科技,2025-10-22 10:48:09,101.07,4260,101.04,U
sh688668,鼎通科技,2025-10-22 10:48:12,101.01,2087,101.07,D
sh688668,鼎通科技,2025-10-22 10:48:15,101.07,5160,101.01,U
sh688668,鼎通科技,2025-10-22 10:48:18,101.07,2116,101.07,U
sh688668,鼎通科技,2025-10-22 10:48:21,101.02,2914,101.07,D
sh688668,鼎通科技,2025-10-22 10:48:24,101.06,2339,101.02,U
sh688668,鼎通科技,2025-10-22 10:48:27,101.03,2258,101.06,D
sh688668,鼎通科技,2025-10-22 10:48:30,101.0,14662,101.03,D
sh688668,鼎通科技,2025-10-22 10:48:33,101.31,5513,101.0,U
sh688668,鼎通科技,2025-10-22 10:48:36,101.04,3919,101.31,D
sh688668,鼎通科技,2025-10-22 10:48:39,101.3,4383,101.04,U
sh688668,鼎通科技,2025-10-22 10:48:45,100.98,10600,101.3,D
sh688668,鼎通科技,2025-10-22 10:48:48,101.04,13923,100.98,E
sh688668,鼎通科技,2025-10-22 10:48:51,100.95,5199,101.04,D
sh688668,鼎通科技,2025-10-22 10:48:57,101.04,3389,100.89,U
sh688668,鼎通科技,2025-10-22 10:49:06,101.03,4041,101.04,U
sh688668,鼎通科技,2025-10-22 10:49:09,101.03,2218,101.03,U
sh688668,鼎通科技,2025-10-22 10:49:12,100.94,10604,101.03,D
sh688668,鼎通科技,2025-10-22 10:49:18,100.94,2200,100.94,U
sh688668,鼎通科技,2025-10-22 10:49:21,101.0,4020,100.94,U
sh688668,鼎通科技,2025-10-22 10:49:27,100.93,2200,101.0,U
sh688668,鼎通科技,2025-10-22 10:49:36,101.0,2000,101.0,U
sh688668,鼎通科技,2025-10-22 10:49:42,100.93,3257,101.0,D
sh688668,鼎通科技,2025-10-22 10:49:48,101.0,5980,100.93,U
sh688668,鼎通科技,2025-10-22 10:49:57,100.99,2600,100.99,U
sh688668,鼎通科技,2025-10-22 10:50:03,101.03,4000,101.0,U
sh688668,鼎通科技,2025-10-22 10:50:09,101.08,6208,101.02,U
sh688668,鼎通科技,2025-10-22 10:50:18,101.08,8030,101.02,U
sh688668,鼎通科技,2025-10-22 10:50:27,100.99,13287,101.1,D
sh688668,鼎通科技,2025-10-22 10:50:30,100.98,2264,100.99,D
sh688668,鼎通科技,2025-10-22 10:50:36,100.89,2893,100.98,D
sh688668,鼎通科技,2025-10-22 10:50:39,100.94,3400,100.89,U
sh688668,鼎通科技,2025-10-22 10:50:42,100.8,7242,100.94,D
sh688668,鼎通科技,2025-10-22 10:50:45,100.66,3831,100.8,D
sh688668,鼎通科技,2025-10-22 10:50:48,100.61,8129,100.66,D
sh688668,鼎通科技,2025-10-22 10:50:57,100.4,2200,100.4,D
sh688668,鼎通科技,2025-10-22 10:51:00,100.59,3606,100.4,U
sh688668,鼎通科技,2025-10-22 10:51:03,100.59,25971,100.59,D
sh688668,鼎通科技,2025-10-22 10:51:09,100.57,2000,100.56,U
sh688668,鼎通科技,2025-10-22 10:51:18,100.57,3750,100.5,U
sh688668,鼎通科技,2025-10-22 10:51:27,100.57,7644,100.56,D
sh688668,鼎通科技,2025-10-22 10:51:33,100.57,38684,100.56,U
sh688668,鼎通科技,2025-10-22 10:51:39,100.56,2500,100.57,U
sh688668,鼎通科技,2025-10-22 10:51:45,100.56,10815,100.5,U
sh688668,鼎通科技,2025-10-22 10:51:48,100.61,2000,100.56,U
sh688668,鼎通科技,2025-10-22 10:51:57,100.6,4788,100.53,U
sh688668,鼎通科技,2025-10-22 10:52:03,100.59,2200,100.6,E
sh688668,鼎通科技,2025-10-22 10:52:15,100.59,2062,100.56,U
sh688668,鼎通科技,2025-10-22 10:52:18,100.6,4343,100.59,U
sh688668,鼎通科技,2025-10-22 10:52:33,100.7,5444,100.68,U
sh688668,鼎通科技,2025-10-22 10:52:36,100.7,2000,100.7,U
sh688668,鼎通科技,2025-10-22 10:52:39,100.71,4678,100.7,U
sh688668,鼎通科技,2025-10-22 10:52:48,100.8,3010,100.7,U
sh688668,鼎通科技,2025-10-22 10:52:54,100.7,13432,100.75,D
sh688668,鼎通科技,2025-10-22 10:52:57,100.73,6184,100.7,U
sh688668,鼎通科技,2025-10-22 10:53:06,100.72,9877,100.62,U
sh688668,鼎通科技,2025-10-22 10:53:09,100.72,4556,100.72,D
sh688668,鼎通科技,2025-10-22 10:53:12,100.56,4475,100.72,D
sh688668,鼎通科技,2025-10-22 10:53:15,100.73,4200,100.56,U
sh688668,鼎通科技,2025-10-22 10:53:27,100.75,3000,100.73,E
sh688668,鼎通科技,2025-10-22 10:53:30,100.73,3388,100.75,D
sh688668,鼎通科技,2025-10-22 10:53:39,100.8,3519,100.73,U
sh688668,鼎通科技,2025-10-22 10:53:42,100.84,2936,100.8,U
sh688668,鼎通科技,2025-10-22 10:54:09,100.69,4080,100.7,D
sh688668,鼎通科技,2025-10-22 10:54:12,100.69,3067,100.69,U
sh688668,鼎通科技,2025-10-22 10:54:18,100.69,2000,100.69,U
sh688668,鼎通科技,2025-10-22 10:54:54,100.73,2622,100.8,D
sh688668,鼎通科技,2025-10-22 10:55:03,100.79,2643,100.8,D
sh688668,鼎通科技,2025-10-22 10:55:09,100.7,6719,100.79,D
sh688668,鼎通科技,2025-10-22 10:55:12,100.67,2651,100.7,D
sh688668,鼎通科技,2025-10-22 10:55:15,100.68,3838,100.67,U
sh688668,鼎通科技,2025-10-22 10:55:18,100.54,2104,100.68,D
sh688668,鼎通科技,2025-10-22 10:55:21,100.36,8055,100.54,D
sh688668,鼎通科技,2025-10-22 10:55:24,100.14,4545,100.36,E
sh688668,鼎通科技,2025-10-22 10:55:27,100.33,4900,100.14,E
sh688668,鼎通科技,2025-10-22 10:55:30,100.34,2260,100.33,U
sh688668,鼎通科技,2025-10-22 10:55:39,100.36,5090,100.33,U
sh688668,鼎通科技,2025-10-22 10:55:48,100.49,3157,100.45,U
sh688668,鼎通科技,2025-10-22 10:55:54,100.6,4686,100.59,E
sh688668,鼎通科技,2025-10-22 10:56:03,100.8,4627,100.79,U
sh688668,鼎通科技,2025-10-22 10:56:09,100.89,4435,100.8,U
sh688668,鼎通科技,2025-10-22 10:56:18,100.79,3112,100.67,U
sh688668,鼎通科技,2025-10-22 10:56:24,100.8,6200,100.59,U
sh688668,鼎通科技,2025-10-22 10:56:27,100.38,5634,100.8,D
sh688668,鼎通科技,2025-10-22 10:56:33,100.8,6059,100.8,D
sh688668,鼎通科技,2025-10-22 10:57:03,100.84,4544,100.83,U
sh688668,鼎通科技,2025-10-22 10:57:06,100.83,3688,100.84,D
sh688668,鼎通科技,2025-10-22 10:57:24,100.9,2400,100.89,U
sh688668,鼎通科技,2025-10-22 10:57:33,100.89,4049,100.94,D
sh688668,鼎通科技,2025-10-22 10:57:39,100.94,3087,100.91,U
sh688668,鼎通科技,2025-10-22 10:57:48,101.0,3200,101.0,U
sh688668,鼎通科技,2025-10-22 10:58:00,101.01,10016,101.0,U
sh688668,鼎通科技,2025-10-22 10:58:03,101.26,10189,101.01,U
sh688668,鼎通科技,2025-10-22 10:58:06,101.46,4583,101.26,U
sh688668,鼎通科技,2025-10-22 10:58:09,101.46,2300,101.46,U
sh688668,鼎通科技,2025-10-22 10:58:15,101.26,8885,101.46,D
sh688668,鼎通科技,2025-10-22 10:58:21,101.56,5326,101.41,U
sh688668,鼎通科技,2025-10-22 10:58:24,101.42,2561,101.56,E
sh688668,鼎通科技,2025-10-22 10:58:30,101.4,3915,101.41,E
sh688668,鼎通科技,2025-10-22 10:58:33,101.31,9243,101.4,E
sh688668,鼎通科技,2025-10-22 10:58:36,101.41,3916,101.31,U
sh688668,鼎通科技,2025-10-22 10:58:39,101.38,8087,101.41,U
sh688668,鼎通科技,2025-10-22 10:58:42,101.38,2632,101.38,U
sh688668,鼎通科技,2025-10-22 10:58:51,100.94,8100,101.38,D
sh688668,鼎通科技,2025-10-22 10:58:54,100.94,3630,100.94,D
sh688668,鼎通科技,2025-10-22 10:58:57,100.83,4210,100.94,D
sh688668,鼎通科技,2025-10-22 10:59:00,100.83,3334,100.83,D
sh688668,鼎通科技,2025-10-22 10:59:09,101.11,3867,101.01,U
sh688668,鼎通科技,2025-10-22 10:59:18,101.11,2726,101.02,U
sh688668,鼎通科技,2025-10-22 10:59:21,101.01,2071,101.11,D
sh688668,鼎通科技,2025-10-22 10:59:24,100.86,3666,101.01,D
sh688668,鼎通科技,2025-10-22 10:59:30,100.9,4626,100.86,E
sh688668,鼎通科技,2025-10-22 10:59:39,101.02,2430,101.0,U
sh688668,鼎通科技,2025-10-22 10:59:45,101.02,4298,101.02,D
sh688668,鼎通科技,2025-10-22 10:59:48,101.05,2826,101.02,U
sh688668,鼎通科技,2025-10-22 10:59:57,100.8,2264,101.02,D
sh688668,鼎通科技,2025-10-22 11:00:00,101.02,2000,100.8,E
sh688668,鼎通科技,2025-10-22 11:00:06,101.02,3142,101.02,D
sh688668,鼎通科技,2025-10-22 11:00:09,101.0,2329,101.02,D
sh688668,鼎通科技,2025-10-22 11:00:12,100.8,3839,101.0,D
sh688668,鼎通科技,2025-10-22 11:00:15,101.04,5691,100.8,U
sh688668,鼎通科技,2025-10-22 11:00:18,101.14,3097,101.04,U
sh688668,鼎通科技,2025-10-22 11:00:27,100.59,8740,100.77,D
sh688668,鼎通科技,2025-10-22 11:00:42,100.77,2217,100.99,D
sh688668,鼎通科技,2025-10-22 11:01:12,100.4,3084,100.52,D
sh688668,鼎通科技,2025-10-22 11:01:27,100.35,2764,100.06,U
sh688668,鼎通科技,2025-10-22 11:01:36,100.3,3299,100.3,D
sh688668,鼎通科技,2025-10-22 11:01:42,100.08,2909,100.06,U
sh688668,鼎通科技,2025-10-22 11:01:54,100.02,4548,100.06,D
sh688668,鼎通科技,2025-10-22 11:02:03,100.07,3721,100.02,U
sh688668,鼎通科技,2025-10-22 11:02:06,100.07,2428,100.07,U
sh688668,鼎通科技,2025-10-22 11:02:21,100.04,2963,100.07,D
sh688668,鼎通科技,2025-10-22 11:02:33,100.05,5611,100.08,D
sh688668,鼎通科技,2025-10-22 11:02:36,100.01,5915,100.05,D
sh688668,鼎通科技,2025-10-22 11:02:39,100.0,8088,100.01,D
sh688668,鼎通科技,2025-10-22 11:02:42,100.0,25549,100.0,D
sh688668,鼎通科技,2025-10-22 11:02:51,100.0,7708,99.99,U
sh688668,鼎通科技,2025-10-22 11:03:15,99.82,3838,99.81,U
sh688668,鼎通科技,2025-10-22 11:03:18,99.82,2581,99.82,U
sh688668,鼎通科技,2025-10-22 11:03:21,99.82,6421,99.82,U
sh688668,鼎通科技,2025-10-22 11:03:24,99.83,2421,99.82,U
sh688668,鼎通科技,2025-10-22 11:03:45,99.8,4087,99.83,D
sh688668,鼎通科技,2025-10-22 11:03:51,99.66,3873,99.83,D
sh688668,鼎通科技,2025-10-22 11:03:57,99.58,2700,99.65,D
sh688668,鼎通科技,2025-10-22 11:04:00,99.5,4367,99.58,D
sh688668,鼎通科技,2025-10-22 11:04:03,99.32,3344,99.5,D
sh688668,鼎通科技,2025-10-22 11:04:48,99.72,11540,99.88,E
sh688668,鼎通科技,2025-10-22 11:05:15,99.73,12656,99.73,U
sh688668,鼎通科技,2025-10-22 11:05:33,99.74,2017,99.74,D
sh688668,鼎通科技,2025-10-22 11:05:42,99.73,8313,99.74,D
sh688668,鼎通科技,2025-10-22 11:05:57,99.61,2601,99.61,D
sh688668,鼎通科技,2025-10-22 11:06:03,99.6,2132,99.61,D
sh688668,鼎通科技,2025-10-22 11:06:09,99.57,2367,99.61,D
sh688668,鼎通科技,2025-10-22 11:06:12,99.48,10734,99.57,D
sh688668,鼎通科技,2025-10-22 11:06:39,99.59,12805,99.6,D
sh688668,鼎通科技,2025-10-22 11:06:48,99.4,2620,99.59,D
sh688668,鼎通科技,2025-10-22 11:07:09,99.3,2623,99.34,D
sh688668,鼎通科技,2025-10-22 11:07:12,99.34,2140,99.3,U
sh688668,鼎通科技,2025-10-22 11:07:36,99.3,2712,99.32,D
sh688668,鼎通科技,2025-10-22 11:07:39,99.3,4163,99.3,D
sh688668,鼎通科技,2025-10-22 11:07:57,99.21,3600,99.21,U
sh688668,鼎通科技,2025-10-22 11:08:06,99.2,5105,99.2,D
sh688668,鼎通科技,2025-10-22 11:08:12,99.2,2438,99.2,U
sh688668,鼎通科技,2025-10-22 11:08:15,99.1,2183,99.2,D
sh688668,鼎通科技,2025-10-22 11:08:36,99.11,2720,99.2,D
sh688668,鼎通科技,2025-10-22 11:08:48,99.08,6839,99.2,D
sh688668,鼎通科技,2025-10-22 11:09:33,99.1,7623,99.15,D
sh688668,鼎通科技,2025-10-22 11:10:03,99.18,3563,99.32,D
sh688668,鼎通科技,2025-10-22 11:10:12,99.08,15786,99.2,D
sh688668,鼎通科技,2025-10-22 11:10:15,98.98,13855,99.08,D
sh688668,鼎通科技,2025-10-22 11:10:33,99.02,4744,98.99,U
sh688668,鼎通科技,2025-10-22 11:10:36,98.91,6550,99.02,D
sh688668,鼎通科技,2025-10-22 11:10:39,98.85,7566,98.91,D
sh688668,鼎通科技,2025-10-22 11:10:42,98.8,4430,98.85,D
sh688668,鼎通科技,2025-10-22 11:10:45,98.88,2200,98.8,E
sh688668,鼎通科技,2025-10-22 11:11:00,99.0,6110,99.01,D
sh688668,鼎通科技,2025-10-22 11:11:30,99.0,6038,99.09,D
sh688668,鼎通科技,2025-10-22 11:11:33,99.05,2211,99.0,E
sh688668,鼎通科技,2025-10-22 11:11:36,99.05,2126,99.05,E
sh688668,鼎通科技,2025-10-22 11:11:39,99.1,2577,99.05,E
sh688668,鼎通科技,2025-10-22 11:11:42,99.0,2477,99.1,D
sh688668,鼎通科技,2025-10-22 11:11:45,99.05,3173,99.0,U
sh688668,鼎通科技,2025-10-22 11:12:00,98.88,3180,99.01,D
sh688668,鼎通科技,2025-10-22 11:12:27,99.0,10722,99.01,D
sh688668,鼎通科技,2025-10-22 11:12:42,99.16,2253,99.16,U
sh688668,鼎通科技,2025-10-22 11:12:57,99.15,3175,99.17,D
sh688668,鼎通科技,2025-10-22 11:13:24,99.3,10736,99.3,U
sh688668,鼎通科技,2025-10-22 11:13:42,99.21,21124,99.35,D
sh688668,鼎通科技,2025-10-22 11:13:45,99.2,10935,99.21,D
sh688668,鼎通科技,2025-10-22 11:13:48,99.32,2583,99.2,U
sh688668,鼎通科技,2025-10-22 11:13:54,99.0,4716,99.32,D
sh688668,鼎通科技,2025-10-22 11:13:57,99.33,2112,99.0,E
sh688668,鼎通科技,2025-10-22 11:14:06,99.25,6370,99.11,U
sh688668,鼎通科技,2025-10-22 11:14:21,99.25,2934,99.24,U
sh688668,鼎通科技,2025-10-22 11:14:45,99.3,2200,99.28,U
sh688668,鼎通科技,2025-10-22 11:14:54,99.3,6207,99.3,U
sh688668,鼎通科技,2025-10-22 11:15:12,99.35,2124,99.34,U
sh688668,鼎通科技,2025-10-22 11:15:21,99.33,12558,99.47,D
sh688668,鼎通科技,2025-10-22 11:15:24,99.47,2418,99.33,U
sh688668,鼎通科技,2025-10-22 11:15:33,99.46,3727,99.44,E
sh688668,鼎通科技,2025-10-22 11:15:45,99.33,3938,99.46,D
sh688668,鼎通科技,2025-10-22 11:15:48,99.3,12660,99.33,D
sh688668,鼎通科技,2025-10-22 11:15:51,99.27,2351,99.3,D
sh688668,鼎通科技,2025-10-22 11:16:21,99.08,3026,99.11,D
sh688668,鼎通科技,2025-10-22 11:16:45,99.04,2580,99.06,D
sh688668,鼎通科技,2025-10-22 11:16:48,99.0,16414,99.04,D
sh688668,鼎通科技,2025-10-22 11:16:51,98.83,13947,99.0,D
sh688668,鼎通科技,2025-10-22 11:17:18,98.79,6095,98.8,D
sh688668,鼎通科技,2025-10-22 11:17:21,98.76,4304,98.79,D
sh688668,鼎通科技,2025-10-22 11:17:24,98.74,2047,98.76,D
sh688668,鼎通科技,2025-10-22 11:17:27,98.68,4454,98.74,D
sh688668,鼎通科技,2025-10-22 11:17:30,98.61,2621,98.68,D
sh688668,鼎通科技,2025-10-22 11:17:42,98.71,3700,98.68,U
sh688668,鼎通科技,2025-10-22 11:17:48,98.71,18841,98.71,U
sh688668,鼎通科技,2025-10-22 11:18:03,98.7,4816,98.94,D
sh688668,鼎通科技,2025-10-22 11:18:15,98.95,6026,98.94,U
sh688668,鼎通科技,2025-10-22 11:18:39,98.75,5599,98.9,D
sh688668,鼎通科技,2025-10-22 11:19:00,98.7,13239,98.75,D
sh688668,鼎通科技,2025-10-22 11:19:03,98.73,3500,98.7,U
sh688668,鼎通科技,2025-10-22 11:19:21,98.69,10200,98.69,U
sh688668,鼎通科技,2025-10-22 11:19:33,98.61,3210,98.69,D
sh688668,鼎通科技,2025-10-22 11:19:36,98.69,5200,98.61,U
sh688668,鼎通科技,2025-10-22 11:20:03,98.69,2780,98.81,D
sh688668,鼎通科技,2025-10-22 11:20:06,98.6,7679,98.69,D
sh688668,鼎通科技,2025-10-22 11:20:09,98.56,2706,98.6,D
sh688668,鼎通科技,2025-10-22 11:20:21,98.6,3422,98.56,D
sh688668,鼎通科技,2025-10-22 11:20:39,98.58,6000,98.58,D
sh688668,鼎通科技,2025-10-22 11:20:48,98.57,12000,98.59,D
sh688668,鼎通科技,2025-10-22 11:21:15,98.58,3700,98.61,D
sh688668,鼎通科技,2025-10-22 11:21:21,98.58,6386,98.58,U
sh688668,鼎通科技,2025-10-22 11:21:24,98.59,2200,98.58,D
sh688668,鼎通科技,2025-10-22 11:21:42,98.59,7503,98.61,D
sh688668,鼎通科技,2025-10-22 11:21:48,98.58,4271,98.59,D
sh688668,鼎通科技,2025-10-22 11:21:51,98.58,2529,98.58,D
sh688668,鼎通科技,2025-10-22 11:21:57,98.56,4520,98.58,D
sh688668,鼎通科技,2025-10-22 11:22:03,98.51,2137,98.56,D
sh688668,鼎通科技,2025-10-22 11:22:06,98.5,9785,98.51,D
sh688668,鼎通科技,2025-10-22 11:22:12,98.45,35841,98.51,D
sh688668,鼎通科技,2025-10-22 11:22:15,98.42,5636,98.45,D
sh688668,鼎通科技,2025-10-22 11:22:24,98.4,3467,98.41,D
sh688668,鼎通科技,2025-10-22 11:22:33,98.41,2037,98.4,U
sh688668,鼎通科技,2025-10-22 11:22:36,98.39,2416,98.41,D
sh688668,鼎通科技,2025-10-22 11:22:45,98.39,3200,98.39,U
sh688668,鼎通科技,2025-10-22 11:22:48,98.39,5734,98.39,U
sh688668,鼎通科技,2025-10-22 11:23:18,98.5,13566,98.5,U
sh688668,鼎通科技,2025-10-22 11:23:36,98.5,3147,98.5,U
sh688668,鼎通科技,2025-10-22 11:23:45,98.51,16500,98.5,U
sh688668,鼎通科技,2025-10-22 11:23:48,98.5,8678,98.51,E
sh688668,鼎通科技,2025-10-22 11:23:51,98.49,5583,98.5,D
sh688668,鼎通科技,2025-10-22 11:24:00,98.49,5000,98.49,D
sh688668,鼎通科技,2025-10-22 11:24:12,98.52,3793,98.61,D
sh688668,鼎通科技,2025-10-22 11:24:21,98.52,3130,98.52,U
sh688668,鼎通科技,2025-10-22 11:24:24,98.5,2995,98.52,D
sh688668,鼎通科技,2025-10-22 11:24:33,98.49,6762,98.5,D
sh688668,鼎通科技,2025-10-22 11:24:54,98.48,6600,98.48,D
sh688668,鼎通科技,2025-10-22 11:25:42,98.35,15080,98.41,D
sh688668,鼎通科技,2025-10-22 11:25:45,98.45,31099,98.35,U
sh688668,鼎通科技,2025-10-22 11:25:48,98.42,2118,98.45,E
sh688668,鼎通科技,2025-10-22 11:26:12,98.42,2129,98.46,D
sh688668,鼎通科技,2025-10-22 11:26:18,98.46,12300,98.42,U
sh688668,鼎通科技,2025-10-22 11:26:36,98.46,2870,98.46,U
sh688668,鼎通科技,2025-10-22 11:27:03,98.33,2652,98.36,D
sh688668,鼎通科技,2025-10-22 11:27:24,98.31,2357,98.3,U
sh688668,鼎通科技,2025-10-22 11:27:36,98.3,2471,98.32,D
sh688668,鼎通科技,2025-10-22 11:27:48,98.3,9385,98.31,D
sh688668,鼎通科技,2025-10-22 11:28:06,98.27,3198,98.29,D
sh688668,鼎通科技,2025-10-22 11:28:24,98.18,5318,98.27,D
sh688668,鼎通科技,2025-10-22 11:28:30,98.27,8579,98.12,U
sh688668,鼎通科技,2025-10-22 11:29:39,98.01,10000,98.11,D
sh688668,鼎通科技,2025-10-22 13:00:06,98.03,2800,98.03,D
sh688668,鼎通科技,2025-10-22 13:00:09,98.03,2100,98.03,D
sh688668,鼎通科技,2025-10-22 13:00:15,98.03,2173,98.03,D
sh688668,鼎通科技,2025-10-22 13:00:21,98.09,2300,98.03,E
sh688668,鼎通科技,2025-10-22 13:00:45,98.4,8000,98.11,U
sh688668,鼎通科技,2025-10-22 13:01:24,98.39,3200,98.33,E
sh688668,鼎通科技,2025-10-22 13:01:33,98.2,10195,98.4,D
sh688668,鼎通科技,2025-10-22 13:01:36,98.29,11764,98.2,U
sh688668,鼎通科技,2025-10-22 13:01:48,98.28,2300,98.2,U
sh688668,鼎通科技,2025-10-22 13:02:33,98.41,2151,98.31,U
sh688668,鼎通科技,2025-10-22 13:03:27,98.32,2171,98.37,D
sh688668,鼎通科技,2025-10-22 13:03:36,98.31,2090,98.32,D
sh688668,鼎通科技,2025-10-22 13:03:39,98.27,8319,98.31,D
sh688668,鼎通科技,2025-10-22 13:03:57,98.22,5300,98.22,D
sh688668,鼎通科技,2025-10-22 13:04:03,98.14,5895,98.22,D
sh688668,鼎通科技,2025-10-22 13:04:12,98.11,2817,98.11,D
sh688668,鼎通科技,2025-10-22 13:04:51,98.19,3333,98.16,U
sh688668,鼎通科技,2025-10-22 13:05:09,98.2,6148,98.19,U
sh688668,鼎通科技,2025-10-22 13:05:30,98.14,5757,98.23,D
sh688668,鼎通科技,2025-10-22 13:05:36,98.13,3471,98.13,D
sh688668,鼎通科技,2025-10-22 13:05:45,98.09,2078,98.11,D
sh688668,鼎通科技,2025-10-22 13:05:57,98.04,2364,98.05,D
sh688668,鼎通科技,2025-10-22 13:06:24,98.3,3367,98.1,U
sh688668,鼎通科技,2025-10-22 13:06:30,98.3,18701,98.3,D
sh688668,鼎通科技,2025-10-22 13:06:33,98.32,2707,98.3,U
sh688668,鼎通科技,2025-10-22 13:06:39,98.31,6413,98.17,U
sh688668,鼎通科技,2025-10-22 13:06:42,98.18,5000,98.31,E
sh688668,鼎通科技,2025-10-22 13:06:54,98.15,4100,98.19,D
sh688668,鼎通科技,2025-10-22 13:06:57,98.35,3658,98.15,U
sh688668,鼎通科技,2025-10-22 13:07:00,98.55,2685,98.35,U
sh688668,鼎通科技,2025-10-22 13:07:12,98.92,9239,98.6,U
sh688668,鼎通科技,2025-10-22 13:07:24,98.32,10504,98.7,D
sh688668,鼎通科技,2025-10-22 13:07:27,98.69,7700,98.32,U
sh688668,鼎通科技,2025-10-22 13:07:30,98.69,6684,98.69,U
sh688668,鼎通科技,2025-10-22 13:07:33,98.79,5614,98.69,U
sh688668,鼎通科技,2025-10-22 13:07:51,98.98,2998,98.75,U
sh688668,鼎通科技,2025-10-22 13:07:54,98.97,3010,98.98,D
sh688668,鼎通科技,2025-10-22 13:08:03,98.99,2891,98.93,U
sh688668,鼎通科技,2025-10-22 13:08:09,99.38,6758,98.99,U
sh688668,鼎通科技,2025-10-22 13:08:12,99.38,2300,99.38,U
sh688668,鼎通科技,2025-10-22 13:08:15,99.56,15603,99.38,U
sh688668,鼎通科技,2025-10-22 13:08:21,99.34,2476,99.07,E
sh688668,鼎通科技,2025-10-22 13:08:24,99.9,11000,99.34,U
sh688668,鼎通科技,2025-10-22 13:08:36,99.34,2378,99.36,D
sh688668,鼎通科技,2025-10-22 13:08:39,99.42,8042,99.34,U
sh688668,鼎通科技,2025-10-22 13:08:42,99.34,2510,99.42,U
sh688668,鼎通科技,2025-10-22 13:08:45,99.03,4756,99.34,D
sh688668,鼎通科技,2025-10-22 13:08:48,99.02,4604,99.03,D
sh688668,鼎通科技,2025-10-22 13:09:12,99.33,10451,99.03,U
sh688668,鼎通科技,2025-10-22 13:09:15,99.33,2760,99.33,U
sh688668,鼎通科技,2025-10-22 13:09:24,99.31,2285,99.33,D
sh688668,鼎通科技,2025-10-22 13:09:33,99.31,2710,99.3,U
sh688668,鼎通科技,2025-10-22 13:09:39,99.33,6200,99.3,U
sh688668,鼎通科技,2025-10-22 13:09:48,99.26,3173,99.26,U
sh688668,鼎通科技,2025-10-22 13:10:03,99.39,5819,99.39,U
sh688668,鼎通科技,2025-10-22 13:10:15,99.02,8783,99.37,D
sh688668,鼎通科技,2025-10-22 13:10:18,98.93,5586,99.02,D
sh688668,鼎通科技,2025-10-22 13:10:21,98.82,2032,98.93,D
sh688668,鼎通科技,2025-10-22 13:10:36,98.82,3568,98.94,D
sh688668,鼎通科技,2025-10-22 13:11:39,99.3,7488,99.08,U
sh688668,鼎通科技,2025-10-22 13:11:51,99.16,10448,99.2,D
sh688668,鼎通科技,2025-10-22 13:12:06,98.99,3268,99.04,D
sh688668,鼎通科技,2025-10-22 13:12:54,99.2,3326,99.03,U
sh688668,鼎通科技,2025-10-22 13:13:03,99.02,25993,99.21,D
sh688668,鼎通科技,2025-10-22 13:14:18,99.04,2258,99.04,U
sh688668,鼎通科技,2025-10-22 13:14:45,99.05,2495,99.05,D
sh688668,鼎通科技,2025-10-22 13:14:48,99.05,2554,99.05,D
sh688668,鼎通科技,2025-10-22 13:14:51,99.09,5268,99.05,U
sh688668,鼎通科技,2025-10-22 13:15:09,99.0,2077,99.04,D
sh688668,鼎通科技,2025-10-22 13:15:30,98.85,3793,98.88,D
sh688668,鼎通科技,2025-10-22 13:15:33,98.8,3309,98.85,D
sh688668,鼎通科技,2025-10-22 13:15:48,98.73,3294,98.73,D
sh688668,鼎通科技,2025-10-22 13:16:15,98.6,3935,98.73,D
sh688668,鼎通科技,2025-10-22 13:16:21,98.5,5727,98.54,D
sh688668,鼎通科技,2025-10-22 13:16:24,98.48,2095,98.5,D
sh688668,鼎通科技,2025-10-22 13:16:27,98.4,5500,98.48,D
sh688668,鼎通科技,2025-10-22 13:17:03,98.74,2400,98.76,D
sh688668,鼎通科技,2025-10-22 13:17:06,98.71,4005,98.74,D
sh688668,鼎通科技,2025-10-22 13:17:12,98.71,3853,98.59,U
sh688668,鼎通科技,2025-10-22 13:19:09,98.73,4685,98.78,D
sh688668,鼎通科技,2025-10-22 13:19:12,98.59,7220,98.73,D
sh688668,鼎通科技,2025-10-22 13:19:15,98.53,5099,98.59,D
sh688668,鼎通科技,2025-10-22 13:19:18,98.45,6611,98.53,D
sh688668,鼎通科技,2025-10-22 13:19:21,98.38,9530,98.45,D
sh688668,鼎通科技,2025-10-22 13:19:30,98.53,4200,98.35,U
sh688668,鼎通科技,2025-10-22 13:22:45,98.63,4168,98.7,D
sh688668,鼎通科技,2025-10-22 13:22:48,98.55,2302,98.63,D
sh688668,鼎通科技,2025-10-22 13:23:48,98.6,3321,98.65,D
sh688668,鼎通科技,2025-10-22 13:23:51,98.56,4722,98.6,D
sh688668,鼎通科技,2025-10-22 13:25:06,98.7,6977,98.71,D
sh688668,鼎通科技,2025-10-22 13:25:27,98.6,8419,98.68,D
sh688668,鼎通科技,2025-10-22 13:25:30,98.52,4355,98.6,D
sh688668,鼎通科技,2025-10-22 13:27:30,98.61,2595,98.61,D
sh688668,鼎通科技,2025-10-22 13:27:36,98.61,5693,98.61,D
sh688668,鼎通科技,2025-10-22 13:27:39,98.61,3952,98.61,D
sh688668,鼎通科技,2025-10-22 13:27:45,98.61,3307,98.61,D
sh688668,鼎通科技,2025-10-22 13:29:48,98.88,8300,98.88,E
sh688668,鼎通科技,2025-10-22 13:29:51,98.79,4484,98.88,D
sh688668,鼎通科技,2025-10-22 13:29:54,98.82,2600,98.79,U
sh688668,鼎通科技,2025-10-22 13:29:57,98.69,2520,98.82,D
sh688668,鼎通科技,2025-10-22 13:30:30,98.71,2613,98.71,U
sh688668,鼎通科技,2025-10-22 13:30:33,98.65,6555,98.71,D
sh688668,鼎通科技,2025-10-22 13:30:36,98.62,9176,98.65,D
sh688668,鼎通科技,2025-10-22 13:30:39,98.62,3034,98.62,D
sh688668,鼎通科技,2025-10-22 13:32:00,98.68,8720,98.68,D
sh688668,鼎通科技,2025-10-22 13:32:12,98.65,2143,98.65,D
sh688668,鼎通科技,2025-10-22 13:32:18,98.62,4089,98.64,D
sh688668,鼎通科技,2025-10-22 13:32:36,98.6,21392,98.63,D
sh688668,鼎通科技,2025-10-22 13:32:39,98.6,9361,98.6,D
sh688668,鼎通科技,2025-10-22 13:32:42,98.6,8847,98.6,D
sh688668,鼎通科技,2025-10-22 13:32:54,98.58,3187,98.59,D
sh688668,鼎通科技,2025-10-22 13:33:24,98.55,4990,98.6,D
sh688668,鼎通科技,2025-10-22 13:33:27,98.55,3600,98.55,U
sh688668,鼎通科技,2025-10-22 13:36:36,98.6,7782,98.62,D
sh688668,鼎通科技,2025-10-22 13:36:39,98.58,2482,98.6,D
sh688668,鼎通科技,2025-10-22 13:36:51,98.54,3257,98.55,D
sh688668,鼎通科技,2025-10-22 13:36:54,98.56,7256,98.54,U
sh688668,鼎通科技,2025-10-22 13:38:18,98.61,3696,98.62,D
sh688668,鼎通科技,2025-10-22 13:38:24,98.63,3333,98.62,U
sh688668,鼎通科技,2025-10-22 13:38:27,98.63,2158,98.63,D
sh688668,鼎通科技,2025-10-22 13:38:36,98.63,2053,98.63,D
sh688668,鼎通科技,2025-10-22 13:39:03,98.58,15270,98.66,D
sh688668,鼎通科技,2025-10-22 13:39:06,98.59,2470,98.58,E
sh688668,鼎通科技,2025-10-22 13:39:09,98.55,4628,98.59,D
sh688668,鼎通科技,2025-10-22 13:39:15,98.52,5844,98.54,D
sh688668,鼎通科技,2025-10-22 13:39:18,98.52,2200,98.52,D
sh688668,鼎通科技,2025-10-22 13:39:24,98.52,2886,98.52,D
sh688668,鼎通科技,2025-10-22 13:40:00,98.53,9282,98.54,D
sh688668,鼎通科技,2025-10-22 13:40:03,98.54,3270,98.53,U
sh688668,鼎通科技,2025-10-22 13:40:09,98.52,8455,98.54,D
sh688668,鼎通科技,2025-10-22 13:40:12,98.5,7467,98.52,D
sh688668,鼎通科技,2025-10-22 13:41:06,98.42,5611,98.5,D
sh688668,鼎通科技,2025-10-22 13:41:33,98.42,2668,98.45,D
sh688668,鼎通科技,2025-10-22 13:42:09,98.36,5066,98.4,D
sh688668,鼎通科技,2025-10-22 13:42:18,98.32,5400,98.39,D
sh688668,鼎通科技,2025-10-22 13:44:51,98.4,4342,98.39,U
sh688668,鼎通科技,2025-10-22 13:45:03,98.29,2091,98.3,D
sh688668,鼎通科技,2025-10-22 13:45:06,98.26,10950,98.29,D
sh688668,鼎通科技,2025-10-22 13:45:15,98.26,6331,98.26,D
sh688668,鼎通科技,2025-10-22 13:45:21,98.21,4961,98.26,D
sh688668,鼎通科技,2025-10-22 13:45:24,98.17,15787,98.21,D
sh688668,鼎通科技,2025-10-22 13:45:27,98.2,23795,98.17,U
sh688668,鼎通科技,2025-10-22 13:45:36,98.2,7751,98.2,U
sh688668,鼎通科技,2025-10-22 13:46:00,98.06,2694,98.06,D
sh688668,鼎通科技,2025-10-22 13:46:09,98.14,6405,98.08,U
sh688668,鼎通科技,2025-10-22 13:48:54,98.32,2869,98.33,D
sh688668,鼎通科技,2025-10-22 13:48:57,98.22,2699,98.32,D
sh688668,鼎通科技,2025-10-22 13:49:12,98.33,4002,98.22,U
sh688668,鼎通科技,2025-10-22 13:50:30,98.5,10000,98.32,U
sh688668,鼎通科技,2025-10-22 13:51:51,98.38,2831,98.47,D
sh688668,鼎通科技,2025-10-22 13:52:00,98.28,7909,98.36,D
sh688668,鼎通科技,2025-10-22 13:52:03,98.25,2078,98.28,D
sh688668,鼎通科技,2025-10-22 13:53:48,98.23,8435,98.27,D
sh688668,鼎通科技,2025-10-22 13:54:42,98.22,4652,98.27,D
sh688668,鼎通科技,2025-10-22 13:54:45,98.16,5042,98.22,D
sh688668,鼎通科技,2025-10-22 13:55:39,98.19,2300,98.25,D
sh688668,鼎通科技,2025-10-22 13:55:45,98.25,2416,98.19,U
sh688668,鼎通科技,2025-10-22 13:57:39,98.3,3420,98.23,U
sh688668,鼎通科技,2025-10-22 13:58:12,98.32,2400,98.32,D
sh688668,鼎通科技,2025-10-22 13:58:18,98.3,4044,98.31,D
sh688668,鼎通科技,2025-10-22 13:58:27,98.3,9474,98.3,D
sh688668,鼎通科技,2025-10-22 13:58:57,98.3,5884,98.31,D
sh688668,鼎通科技,2025-10-22 13:59:00,98.32,4863,98.3,U
sh688668,鼎通科技,2025-10-22 13:59:54,98.29,8843,98.32,D
sh688668,鼎通科技,2025-10-22 14:00:00,98.21,3259,98.24,D
sh688668,鼎通科技,2025-10-22 14:00:09,98.16,3141,98.17,D
sh688668,鼎通科技,2025-10-22 14:00:15,98.16,2060,98.16,U
sh688668,鼎通科技,2025-10-22 14:00:33,98.14,3407,98.15,D
sh688668,鼎通科技,2025-10-22 14:00:57,98.06,2101,98.06,D
sh688668,鼎通科技,2025-10-22 14:01:30,98.09,2212,98.09,D
sh688668,鼎通科技,2025-10-22 14:02:33,98.08,6144,98.1,D
sh688668,鼎通科技,2025-10-22 14:04:51,98.11,2573,98.13,D
sh688668,鼎通科技,2025-10-22 14:05:03,98.1,2181,98.1,D
sh688668,鼎通科技,2025-10-22 14:05:15,98.08,3394,98.07,U
sh688668,鼎通科技,2025-10-22 14:05:36,98.09,6984,98.07,U
sh688668,鼎通科技,2025-10-22 14:05:57,98.11,11023,98.09,U
sh688668,鼎通科技,2025-10-22 14:07:33,98.34,3870,98.32,U
sh688668,鼎通科技,2025-10-22 14:07:57,98.53,3700,98.45,U
sh688668,鼎通科技,2025-10-22 14:08:09,98.4,5451,98.45,D
sh688668,鼎通科技,2025-10-22 14:08:51,98.37,3895,98.36,U
sh688668,鼎通科技,2025-10-22 14:09:09,98.37,2096,98.37,D
sh688668,鼎通科技,2025-10-22 14:09:24,98.28,2343,98.3,D
sh688668,鼎通科技,2025-10-22 14:09:36,98.23,6311,98.27,D
sh688668,鼎通科技,2025-10-22 14:09:45,98.23,2780,98.23,D
sh688668,鼎通科技,2025-10-22 14:10:39,98.32,2499,98.32,U
sh688668,鼎通科技,2025-10-22 14:11:36,98.31,5484,98.31,D
sh688668,鼎通科技,2025-10-22 14:12:33,98.4,2047,98.4,U
sh688668,鼎通科技,2025-10-22 14:13:24,98.58,3600,98.58,D
sh688668,鼎通科技,2025-10-22 14:13:33,98.55,2569,98.58,D
sh688668,鼎通科技,2025-10-22 14:13:36,98.6,6205,98.55,U
sh688668,鼎通科技,2025-10-22 14:14:24,98.43,3683,98.44,D
sh688668,鼎通科技,2025-10-22 14:15:48,98.59,2836,98.5,U
sh688668,鼎通科技,2025-10-22 14:16:00,98.45,2886,98.45,D
sh688668,鼎通科技,2025-10-22 14:16:09,98.38,5127,98.41,D
sh688668,鼎通科技,2025-10-22 14:16:15,98.31,5874,98.38,D
sh688668,鼎通科技,2025-10-22 14:16:27,98.24,11027,98.28,D
sh688668,鼎通科技,2025-10-22 14:16:30,98.25,2932,98.24,U
sh688668,鼎通科技,2025-10-22 14:17:18,98.23,20600,98.23,D
sh688668,鼎通科技,2025-10-22 14:18:06,98.2,4873,98.23,D
sh688668,鼎通科技,2025-10-22 14:18:09,98.2,14844,98.2,D
sh688668,鼎通科技,2025-10-22 14:18:12,98.18,11543,98.2,D
sh688668,鼎通科技,2025-10-22 14:18:39,98.03,7839,98.04,D
sh688668,鼎通科技,2025-10-22 14:20:06,98.02,2748,98.02,D
sh688668,鼎通科技,2025-10-22 14:20:09,98.02,3015,98.02,D
sh688668,鼎通科技,2025-10-22 14:20:15,98.02,2897,98.02,D
sh688668,鼎通科技,2025-10-22 14:20:21,98.04,4255,98.01,U
sh688668,鼎通科技,2025-10-22 14:20:24,98.04,2041,98.04,D
sh688668,鼎通科技,2025-10-22 14:21:00,98.06,2462,98.05,U
sh688668,鼎通科技,2025-10-22 14:22:18,98.01,3200,98.02,D
sh688668,鼎通科技,2025-10-22 14:22:54,98.05,6000,98.04,U
sh688668,鼎通科技,2025-10-22 14:26:54,98.1,2789,98.1,D
sh688668,鼎通科技,2025-10-22 14:28:03,98.1,2727,98.12,D
sh688668,鼎通科技,2025-10-22 14:28:06,98.1,2900,98.1,D
sh688668,鼎通科技,2025-10-22 14:28:09,98.09,2179,98.1,D
sh688668,鼎通科技,2025-10-22 14:28:12,98.07,3858,98.09,D
sh688668,鼎通科技,2025-10-22 14:28:18,98.03,5014,98.07,D
sh688668,鼎通科技,2025-10-22 14:28:21,98.03,4000,98.03,D
sh688668,鼎通科技,2025-10-22 14:28:30,98.02,5071,98.03,D
sh688668,鼎通科技,2025-10-22 14:28:54,98.05,2326,98.04,U
sh688668,鼎通科技,2025-10-22 14:29:15,98.01,3209,98.05,D
sh688668,鼎通科技,2025-10-22 14:29:18,98.0,6920,98.01,D
sh688668,鼎通科技,2025-10-22 14:29:39,98.0,8409,98.0,D
sh688668,鼎通科技,2025-10-22 14:30:36,98.0,4213,98.01,D
sh688668,鼎通科技,2025-10-22 14:30:39,98.0,4000,98.0,D
sh688668,鼎通科技,2025-10-22 14:30:42,98.0,2869,98.0,D
sh688668,鼎通科技,2025-10-22 14:31:00,97.99,4502,98.01,D
sh688668,鼎通科技,2025-10-22 14:31:03,97.98,3820,97.99,D
sh688668,鼎通科技,2025-10-22 14:31:06,97.96,3036,97.98,D
sh688668,鼎通科技,2025-10-22 14:31:09,97.99,3092,97.96,U
sh688668,鼎通科技,2025-10-22 14:31:21,97.97,3500,97.98,D
sh688668,鼎通科技,2025-10-22 14:31:24,97.97,2337,97.97,D
sh688668,鼎通科技,2025-10-22 14:31:45,97.9,2553,97.89,D
sh688668,鼎通科技,2025-10-22 14:32:33,97.81,3277,97.86,D
sh688668,鼎通科技,2025-10-22 14:32:39,97.81,3700,97.81,U
sh688668,鼎通科技,2025-10-22 14:32:42,97.8,6708,97.81,E
sh688668,鼎通科技,2025-10-22 14:32:45,97.8,2573,97.8,D
sh688668,鼎通科技,2025-10-22 14:32:54,97.68,4760,97.76,D
sh688668,鼎通科技,2025-10-22 14:33:27,97.76,2446,97.75,U
sh688668,鼎通科技,2025-10-22 14:33:33,97.73,5013,97.76,D
sh688668,鼎通科技,2025-10-22 14:33:36,97.68,2854,97.73,D
sh688668,鼎通科技,2025-10-22 14:33:39,97.68,2606,97.68,D
sh688668,鼎通科技,2025-10-22 14:34:39,97.77,2700,97.75,U
sh688668,鼎通科技,2025-10-22 14:34:54,97.75,2183,97.76,D
sh688668,鼎通科技,2025-10-22 14:35:21,97.67,9091,97.77,D
sh688668,鼎通科技,2025-10-22 14:35:24,97.57,12072,97.67,D
sh688668,鼎通科技,2025-10-22 14:35:27,97.5,5095,97.57,D
sh688668,鼎通科技,2025-10-22 14:36:03,97.52,5430,97.54,E
sh688668,鼎通科技,2025-10-22 14:36:06,97.5,2866,97.52,D
sh688668,鼎通科技,2025-10-22 14:36:12,97.48,8849,97.42,U
sh688668,鼎通科技,2025-10-22 14:36:48,97.33,4000,97.35,U
sh688668,鼎通科技,2025-10-22 14:36:51,97.35,19203,97.33,U
sh688668,鼎通科技,2025-10-22 14:36:57,97.36,13432,97.35,E
sh688668,鼎通科技,2025-10-22 14:37:00,97.42,13164,97.36,U
sh688668,鼎通科技,2025-10-22 14:37:03,97.76,6917,97.42,U
sh688668,鼎通科技,2025-10-22 14:37:15,97.75,6049,97.76,U
sh688668,鼎通科技,2025-10-22 14:37:45,97.73,2300,97.74,U
sh688668,鼎通科技,2025-10-22 14:37:51,97.62,3435,97.63,D
sh688668,鼎通科技,2025-10-22 14:37:57,97.67,5256,97.58,U
sh688668,鼎通科技,2025-10-22 14:38:30,97.45,6295,97.51,D
sh688668,鼎通科技,2025-10-22 14:38:51,97.38,6700,97.4,D
sh688668,鼎通科技,2025-10-22 14:38:54,97.37,3003,97.38,D
sh688668,鼎通科技,2025-10-22 14:39:00,97.32,3570,97.32,D
sh688668,鼎通科技,2025-10-22 14:39:03,97.36,3826,97.32,U
sh688668,鼎通科技,2025-10-22 14:39:06,97.33,6447,97.36,D
sh688668,鼎通科技,2025-10-22 14:39:09,97.32,2351,97.33,D
sh688668,鼎通科技,2025-10-22 14:39:18,97.34,5546,97.34,D
sh688668,鼎通科技,2025-10-22 14:39:36,97.29,13071,97.3,D
sh688668,鼎通科技,2025-10-22 14:39:51,97.2,8559,97.2,D
sh688668,鼎通科技,2025-10-22 14:39:54,97.2,8664,97.2,U
sh688668,鼎通科技,2025-10-22 14:40:00,97.16,4410,97.19,D
sh688668,鼎通科技,2025-10-22 14:40:03,97.21,7762,97.16,E
sh688668,鼎通科技,2025-10-22 14:40:06,97.39,9203,97.21,U
sh688668,鼎通科技,2025-10-22 14:40:21,97.5,3375,97.47,U
sh688668,鼎通科技,2025-10-22 14:40:45,97.48,3790,97.5,D
sh688668,鼎通科技,2025-10-22 14:40:57,97.5,2807,97.5,U
sh688668,鼎通科技,2025-10-22 14:41:06,97.5,2100,97.5,D
sh688668,鼎通科技,2025-10-22 14:41:54,97.55,5319,97.55,D
sh688668,鼎通科技,2025-10-22 14:41:57,97.54,2939,97.55,D
sh688668,鼎通科技,2025-10-22 14:42:00,97.51,14938,97.54,D
sh688668,鼎通科技,2025-10-22 14:42:06,97.29,2644,97.3,D
sh688668,鼎通科技,2025-10-22 14:42:09,97.3,5928,97.29,D
sh688668,鼎通科技,2025-10-22 14:42:12,97.3,12910,97.3,D
sh688668,鼎通科技,2025-10-22 14:42:15,97.31,4358,97.3,D
sh688668,鼎通科技,2025-10-22 14:42:18,97.31,3556,97.31,U
sh688668,鼎通科技,2025-10-22 14:42:21,97.34,4200,97.31,D
sh688668,鼎通科技,2025-10-22 14:42:33,97.27,2491,97.33,D
sh688668,鼎通科技,2025-10-22 14:42:39,97.22,10320,97.23,D
sh688668,鼎通科技,2025-10-22 14:42:42,97.21,3140,97.22,D
sh688668,鼎通科技,2025-10-22 14:42:51,97.2,6188,97.21,D
sh688668,鼎通科技,2025-10-22 14:42:54,97.19,21096,97.2,D
sh688668,鼎通科技,2025-10-22 14:42:57,97.21,2600,97.19,D
sh688668,鼎通科技,2025-10-22 14:43:00,97.33,2642,97.21,U
sh688668,鼎通科技,2025-10-22 14:43:06,97.5,2056,97.32,U
sh688668,鼎通科技,2025-10-22 14:43:27,97.36,4340,97.35,D
sh688668,鼎通科技,2025-10-22 14:43:51,97.43,2379,97.44,D
sh688668,鼎通科技,2025-10-22 14:44:00,97.42,2098,97.44,D
sh688668,鼎通科技,2025-10-22 14:44:06,97.43,3997,97.41,U
sh688668,鼎通科技,2025-10-22 14:44:15,97.39,2111,97.4,D
sh688668,鼎通科技,2025-10-22 14:44:18,97.38,10024,97.39,D
sh688668,鼎通科技,2025-10-22 14:44:33,97.38,4167,97.38,U
sh688668,鼎通科技,2025-10-22 14:44:39,97.3,4164,97.31,D
sh688668,鼎通科技,2025-10-22 14:44:45,97.3,3044,97.31,D
sh688668,鼎通科技,2025-10-22 14:44:54,97.28,2710,97.29,D
sh688668,鼎通科技,2025-10-22 14:44:57,97.27,2751,97.28,D
sh688668,鼎通科技,2025-10-22 14:45:06,97.21,4677,97.22,D
sh688668,鼎通科技,2025-10-22 14:45:09,97.21,6963,97.21,U
sh688668,鼎通科技,2025-10-22 14:45:15,97.2,2489,97.2,D
sh688668,鼎通科技,2025-10-22 14:45:24,97.18,2680,97.19,E
sh688668,鼎通科技,2025-10-22 14:45:27,97.18,3377,97.18,U
sh688668,鼎通科技,2025-10-22 14:45:33,97.17,3315,97.18,U
sh688668,鼎通科技,2025-10-22 14:45:36,97.15,6518,97.17,D
sh688668,鼎通科技,2025-10-22 14:45:39,97.16,2339,97.15,U
sh688668,鼎通科技,2025-10-22 14:45:42,97.15,3545,97.16,D
sh688668,鼎通科技,2025-10-22 14:45:48,97.14,2921,97.15,U
sh688668,鼎通科技,2025-10-22 14:45:54,97.13,4204,97.15,D
sh688668,鼎通科技,2025-10-22 14:45:57,97.16,10631,97.13,U
sh688668,鼎通科技,2025-10-22 14:46:00,97.13,8261,97.16,D
sh688668,鼎通科技,2025-10-22 14:46:03,97.21,9169,97.13,U
sh688668,鼎通科技,2025-10-22 14:46:06,97.21,2926,97.21,U
sh688668,鼎通科技,2025-10-22 14:46:09,97.11,22178,97.21,D
sh688668,鼎通科技,2025-10-22 14:46:42,97.19,2410,97.15,U
sh688668,鼎通科技,2025-10-22 14:46:51,97.15,4786,97.16,D
sh688668,鼎通科技,2025-10-22 14:47:00,97.14,4370,97.14,U
sh688668,鼎通科技,2025-10-22 14:47:06,97.14,2532,97.14,U
sh688668,鼎通科技,2025-10-22 14:47:09,97.15,3046,97.14,U
sh688668,鼎通科技,2025-10-22 14:47:15,97.13,2778,97.15,D
sh688668,鼎通科技,2025-10-22 14:47:18,97.13,2796,97.13,D
sh688668,鼎通科技,2025-10-22 14:47:21,97.12,8865,97.13,D
sh688668,鼎通科技,2025-10-22 14:47:27,97.18,2778,97.13,E
sh688668,鼎通科技,2025-10-22 14:47:36,97.16,14084,97.17,D
sh688668,鼎通科技,2025-10-22 14:47:39,97.16,8436,97.16,U
sh688668,鼎通科技,2025-10-22 14:47:54,97.17,2127,97.17,D
sh688668,鼎通科技,2025-10-22 14:48:06,97.2,4614,97.18,U
sh688668,鼎通科技,2025-10-22 14:48:12,97.18,5291,97.19,D
sh688668,鼎通科技,2025-10-22 14:48:15,97.14,6689,97.18,D
sh688668,鼎通科技,2025-10-22 14:48:27,97.17,2100,97.18,D
sh688668,鼎通科技,2025-10-22 14:48:33,97.18,2426,97.18,U
sh688668,鼎通科技,2025-10-22 14:48:36,97.17,2774,97.18,D
sh688668,鼎通科技,2025-10-22 14:48:42,97.2,5535,97.2,U
sh688668,鼎通科技,2025-10-22 14:49:00,97.19,2427,97.2,D
sh688668,鼎通科技,2025-10-22 14:49:03,97.18,6460,97.19,D
sh688668,鼎通科技,2025-10-22 14:49:06,97.17,3749,97.18,D
sh688668,鼎通科技,2025-10-22 14:49:12,97.17,2283,97.19,D
sh688668,鼎通科技,2025-10-22 14:49:15,97.15,13757,97.17,D
sh688668,鼎通科技,2025-10-22 14:49:30,97.15,6256,97.15,D
sh688668,鼎通科技,2025-10-22 14:49:36,97.15,2315,97.14,U
sh688668,鼎通科技,2025-10-22 14:49:51,97.18,13210,97.18,D
sh688668,鼎通科技,2025-10-22 14:50:09,97.2,5639,97.19,U
sh688668,鼎通科技,2025-10-22 14:50:12,97.2,5522,97.2,E
sh688668,鼎通科技,2025-10-22 14:50:24,97.2,8193,97.21,D
sh688668,鼎通科技,2025-10-22 14:50:30,97.21,3189,97.21,U
sh688668,鼎通科技,2025-10-22 14:50:51,97.22,2538,97.22,D
sh688668,鼎通科技,2025-10-22 14:50:57,97.37,2281,97.21,U
sh688668,鼎通科技,2025-10-22 14:51:03,97.21,12832,97.24,D
sh688668,鼎通科技,2025-10-22 14:51:06,97.18,5459,97.21,D
sh688668,鼎通科技,2025-10-22 14:51:24,97.2,3440,97.21,D
sh688668,鼎通科技,2025-10-22 14:51:33,97.19,2642,97.2,D
sh688668,鼎通科技,2025-10-22 14:51:39,97.2,8232,97.18,U
sh688668,鼎通科技,2025-10-22 14:52:00,97.17,3542,97.17,D
sh688668,鼎通科技,2025-10-22 14:52:03,97.19,5836,97.17,U
sh688668,鼎通科技,2025-10-22 14:52:27,97.19,2666,97.2,D
sh688668,鼎通科技,2025-10-22 14:52:39,97.2,4521,97.2,U
sh688668,鼎通科技,2025-10-22 14:52:45,97.18,2781,97.19,D
sh688668,鼎通科技,2025-10-22 14:53:06,97.22,10661,97.19,U
sh688668,鼎通科技,2025-10-22 14:53:27,97.5,5000,97.23,U
sh688668,鼎通科技,2025-10-22 14:53:45,97.48,4224,97.4,U
sh688668,鼎通科技,2025-10-22 14:54:15,97.57,2504,97.57,U
sh688668,鼎通科技,2025-10-22 14:54:18,97.57,2779,97.57,D
sh688668,鼎通科技,2025-10-22 14:54:21,97.58,3459,97.57,U
sh688668,鼎通科技,2025-10-22 14:55:06,97.65,2330,97.65,U
sh688668,鼎通科技,2025-10-22 14:55:12,97.68,4609,97.65,U
sh688668,鼎通科技,2025-10-22 14:55:30,97.76,4126,97.68,U
sh688668,鼎通科技,2025-10-22 14:55:33,97.78,5674,97.76,U
sh688668,鼎通科技,2025-10-22 14:55:51,97.85,5134,97.8,U
sh688668,鼎通科技,2025-10-22 14:55:57,97.85,2210,97.85,U
sh688668,鼎通科技,2025-10-22 14:56:00,97.8,6165,97.85,E
sh688668,鼎通科技,2025-10-22 14:56:03,97.85,7782,97.8,U
sh688668,鼎通科技,2025-10-22 14:56:09,97.7,3467,97.85,D
sh688668,鼎通科技,2025-10-22 14:56:12,97.7,3500,97.7,U
sh688668,鼎通科技,2025-10-22 14:56:21,97.67,3995,97.68,D
sh688668,鼎通科技,2025-10-22 14:56:24,97.68,8369,97.67,U
sh688668,鼎通科技,2025-10-22 14:56:27,97.68,2133,97.68,D
sh688668,鼎通科技,2025-10-22 14:56:45,97.78,4300,97.78,D
sh688668,鼎通科技,2025-10-22 15:00:03,97.8,41526,97.8,U
