symbol,name,ticktime,price,volume,prev_price,kind
sh688668,鼎通科技,2025-10-23 09:25:00,96.0,61023,0.0,U
sh688668,鼎通科技,2025-10-23 09:30:02,95.0,54486,96.0,D
sh688668,鼎通科技,2025-10-23 09:30:05,96.01,9953,95.0,U
sh688668,鼎通科技,2025-10-23 09:30:08,96.0,10883,96.01,D
sh688668,鼎通科技,2025-10-23 09:30:11,96.0,9746,96.0,D
sh688668,鼎通科技,2025-10-23 09:30:14,96.0,5835,96.0,D
sh688668,鼎通科技,2025-10-23 09:30:17,96.5,12014,96.0,U
sh688668,鼎通科技,2025-10-23 09:30:23,96.5,8497,96.5,D
sh688668,鼎通科技,2025-10-23 09:30:26,96.5,6400,96.5,D
sh688668,鼎通科技,2025-10-23 09:30:29,96.5,8215,96.5,D
sh688668,鼎通科技,2025-10-23 09:30:32,96.6,13343,96.5,U
sh688668,鼎通科技,2025-10-23 09:30:35,96.05,15476,96.6,D
sh688668,鼎通科技,2025-10-23 09:30:38,96.4,4186,96.05,U
sh688668,鼎通科技,2025-10-23 09:30:47,96.17,12354,96.25,D
sh688668,鼎通科技,2025-10-23 09:30:50,96.06,14391,96.17,D
sh688668,鼎通科技,2025-10-23 09:30:53,95.87,30269,96.06,D
sh688668,鼎通科技,2025-10-23 09:30:56,95.8,11090,95.87,D
sh688668,鼎通科技,2025-10-23 09:30:59,95.76,8622,95.8,D
sh688668,鼎通科技,2025-10-23 09:31:02,95.5,6775,95.76,D
sh688668,鼎通科技,2025-10-23 09:31:08,95.42,16296,95.43,E
sh688668,鼎通科技,2025-10-23 09:31:11,95.46,16041,95.42,U
sh688668,鼎通科技,2025-10-23 09:31:14,95.54,6795,95.46,U
sh688668,鼎通科技,2025-10-23 09:31:17,95.46,27698,95.54,D
sh688668,鼎通科技,2025-10-23 09:31:23,95.64,4908,95.51,D
sh688668,鼎通科技,2025-10-23 09:31:35,95.82,3750,95.82,D
sh688668,鼎通科技,2025-10-23 09:31:38,95.85,9442,95.82,U
sh688668,鼎通科技,2025-10-23 09:31:41,95.85,3613,95.85,U
sh688668,鼎通科技,2025-10-23 09:31:50,95.99,2412,95.85,U
sh688668,鼎通科技,2025-10-23 09:31:53,95.81,5392,95.99,E
sh688668,鼎通科技,2025-10-23 09:31:56,95.52,13421,95.81,D
sh688668,鼎通科技,2025-10-23 09:31:59,95.81,5380,95.52,U
sh688668,鼎通科技,2025-10-23 09:32:02,95.46,9727,95.81,D
sh688668,鼎通科技,2025-10-23 09:32:05,95.42,6548,95.46,D
sh688668,鼎通科技,2025-10-23 09:32:08,95.46,7600,95.42,U
sh688668,鼎通科技,2025-10-23 09:32:11,95.21,9234,95.46,D
sh688668,鼎通科技,2025-10-23 09:32:14,95.02,14976,95.21,D
sh688668,鼎通科技,2025-10-23 09:32:17,95.0,47661,95.02,D
sh688668,鼎通科技,2025-10-23 09:32:20,95.0,25713,95.0,D
sh688668,鼎通科技,2025-10-23 09:32:23,95.02,28790,95.0,U
sh688668,鼎通科技,2025-10-23 09:32:26,95.06,8758,95.02,D
sh688668,鼎通科技,2025-10-23 09:32:29,95.06,9294,95.06,E
sh688668,鼎通科技,2025-10-23 09:32:32,95.03,2518,95.06,E
sh688668,鼎通科技,2025-10-23 09:32:35,95.0,10180,95.03,D
sh688668,鼎通科技,2025-10-23 09:32:38,95.02,3687,95.0,U
sh688668,鼎通科技,2025-10-23 09:32:41,95.03,5682,95.02,U
sh688668,鼎通科技,2025-10-23 09:32:44,95.03,2765,95.03,U
sh688668,鼎通科技,2025-10-23 09:32:47,95.0,6145,95.03,D
sh688668,鼎通科技,2025-10-23 09:32:50,95.05,10640,95.0,U
sh688668,鼎通科技,2025-10-23 09:32:53,95.02,6688,95.05,D
sh688668,鼎通科技,2025-10-23 09:32:56,95.0,12251,95.02,D
sh688668,鼎通科技,2025-10-23 09:32:59,94.88,4193,95.0,D
sh688668,鼎通科技,2025-10-23 09:33:02,94.89,5500,94.88,E
sh688668,鼎通科技,2025-10-23 09:33:05,94.8,9078,94.89,D
sh688668,鼎通科技,2025-10-23 09:33:08,94.83,2932,94.8,U
sh688668,鼎通科技,2025-10-23 09:33:11,94.6,7889,94.83,D
sh688668,鼎通科技,2025-10-23 09:33:14,94.6,5126,94.6,U
sh688668,鼎通科技,2025-10-23 09:33:17,94.66,6625,94.6,U
sh688668,鼎通科技,2025-10-23 09:33:20,94.5,77538,94.66,D
sh688668,鼎通科技,2025-10-23 09:33:23,94.5,2803,94.5,U
sh688668,鼎通科技,2025-10-23 09:33:26,94.5,14022,94.5,D
sh688668,鼎通科技,2025-10-23 09:33:35,94.51,3767,94.5,U
sh688668,鼎通科技,2025-10-23 09:33:38,94.35,6875,94.51,D
sh688668,鼎通科技,2025-10-23 09:33:44,94.29,12578,94.49,D
sh688668,鼎通科技,2025-10-23 09:33:47,94.18,3900,94.29,D
sh688668,鼎通科技,2025-10-23 09:33:50,94.2,7997,94.18,U
sh688668,鼎通科技,2025-10-23 09:33:53,93.69,55566,94.2,D
sh688668,鼎通科技,2025-10-23 09:33:56,93.91,10545,93.69,E
sh688668,鼎通科技,2025-10-23 09:33:59,93.69,16034,93.91,D
sh688668,鼎通科技,2025-10-23 09:34:02,93.88,15655,93.69,U
sh688668,鼎通科技,2025-10-23 09:34:05,93.7,5121,93.88,D
sh688668,鼎通科技,2025-10-23 09:34:08,93.67,5119,93.7,E
sh688668,鼎通科技,2025-10-23 09:34:11,93.88,14550,93.67,U
sh688668,鼎通科技,2025-10-23 09:34:17,93.88,2254,93.88,U
sh688668,鼎通科技,2025-10-23 09:34:20,93.75,6366,93.88,D
sh688668,鼎通科技,2025-10-23 09:34:23,93.88,18665,93.75,U
sh688668,鼎通科技,2025-10-23 09:34:26,93.91,5493,93.88,U
sh688668,鼎通科技,2025-10-23 09:34:32,93.95,14284,93.92,E
sh688668,鼎通科技,2025-10-23 09:34:35,93.9,6446,93.95,D
sh688668,鼎通科技,2025-10-23 09:34:38,93.88,17669,93.9,D
sh688668,鼎通科技,2025-10-23 09:34:41,93.9,21022,93.88,U
sh688668,鼎通科技,2025-10-23 09:34:44,93.76,11443,93.9,D
sh688668,鼎通科技,2025-10-23 09:34:47,93.88,4269,93.76,U
sh688668,鼎通科技,2025-10-23 09:34:53,93.88,2926,93.9,U
sh688668,鼎通科技,2025-10-23 09:34:56,93.7,39634,93.88,D
sh688668,鼎通科技,2025-10-23 09:34:59,93.68,8006,93.7,D
sh688668,鼎通科技,2025-10-23 09:35:02,93.68,14107,93.68,D
sh688668,鼎通科技,2025-10-23 09:35:05,93.8,18582,93.68,U
sh688668,鼎通科技,2025-10-23 09:35:08,93.9,16905,93.8,U
sh688668,鼎通科技,2025-10-23 09:35:11,93.91,27594,93.9,U
sh688668,鼎通科技,2025-10-23 09:35:14,94.16,4977,93.91,E
sh688668,鼎通科技,2025-10-23 09:35:17,93.88,11000,94.16,D
sh688668,鼎通科技,2025-10-23 09:35:20,94.16,3800,93.88,E
sh688668,鼎通科技,2025-10-23 09:35:23,94.16,12197,94.16,U
sh688668,鼎通科技,2025-10-23 09:35:26,93.91,6903,94.16,E
sh688668,鼎通科技,2025-10-23 09:35:29,93.69,16471,93.91,D
sh688668,鼎通科技,2025-10-23 09:35:32,93.86,12735,93.69,U
sh688668,鼎通科技,2025-10-23 09:35:38,93.61,12797,93.72,D
sh688668,鼎通科技,2025-10-23 09:35:41,93.7,9390,93.61,U
sh688668,鼎通科技,2025-10-23 09:35:47,93.58,28529,93.71,D
sh688668,鼎通科技,2025-10-23 09:35:50,93.5,6187,93.58,D
sh688668,鼎通科技,2025-10-23 09:35:53,93.5,3600,93.5,D
sh688668,鼎通科技,2025-10-23 09:35:56,93.44,21373,93.5,D
sh688668,鼎通科技,2025-10-23 09:35:59,93.44,12105,93.44,D
sh688668,鼎通科技,2025-10-23 09:36:02,93.48,6559,93.44,U
sh688668,鼎通科技,2025-10-23 09:36:05,93.38,11400,93.48,D
sh688668,鼎通科技,2025-10-23 09:36:11,93.36,10989,93.44,D
sh688668,鼎通科技,2025-10-23 09:36:14,93.34,6116,93.36,U
sh688668,鼎通科技,2025-10-23 09:36:17,93.2,19244,93.34,D
sh688668,鼎通科技,2025-10-23 09:36:20,93.2,5503,93.2,U
sh688668,鼎通科技,2025-10-23 09:36:23,93.34,2486,93.2,U
sh688668,鼎通科技,2025-10-23 09:36:32,93.44,47131,93.34,U
sh688668,鼎通科技,2025-10-23 09:36:35,93.4,11639,93.44,D
sh688668,鼎通科技,2025-10-23 09:36:38,93.35,3428,93.4,D
sh688668,鼎通科技,2025-10-23 09:36:41,93.4,7062,93.35,E
sh688668,鼎通科技,2025-10-23 09:36:44,93.29,27720,93.4,D
sh688668,鼎通科技,2025-10-23 09:36:47,93.2,15376,93.29,D
sh688668,鼎通科技,2025-10-23 09:36:50,93.21,19019,93.2,U
sh688668,鼎通科技,2025-10-23 09:36:53,93.12,5218,93.21,D
sh688668,鼎通科技,2025-10-23 09:36:56,93.27,4347,93.12,U
sh688668,鼎通科技,2025-10-23 09:37:05,93.28,3006,93.28,U
sh688668,鼎通科技,2025-10-23 09:37:08,93.2,14096,93.28,D
sh688668,鼎通科技,2025-10-23 09:37:11,93.0,73866,93.2,D
sh688668,鼎通科技,2025-10-23 09:37:14,92.69,57888,93.0,D
sh688668,鼎通科技,2025-10-23 09:37:17,92.65,14357,92.69,D
sh688668,鼎通科技,2025-10-23 09:37:23,92.85,23829,92.34,U
sh688668,鼎通科技,2025-10-23 09:37:26,92.37,22667,92.85,D
sh688668,鼎通科技,2025-10-23 09:37:29,92.31,17033,92.37,D
sh688668,鼎通科技,2025-10-23 09:37:32,92.57,31787,92.31,U
sh688668,鼎通科技,2025-10-23 09:37:35,92.65,25254,92.57,U
sh688668,鼎通科技,2025-10-23 09:37:38,92.61,4500,92.65,D
sh688668,鼎通科技,2025-10-23 09:37:41,92.65,8623,92.61,U
sh688668,鼎通科技,2025-10-23 09:37:44,92.65,6801,92.65,E
sh688668,鼎通科技,2025-10-23 09:37:47,92.86,5679,92.65,U
sh688668,鼎通科技,2025-10-23 09:37:53,92.69,4118,92.86,D
sh688668,鼎通科技,2025-10-23 09:37:56,93.0,2720,92.69,E
sh688668,鼎通科技,2025-10-23 09:37:59,93.2,4636,93.0,U
sh688668,鼎通科技,2025-10-23 09:38:02,93.15,3861,93.2,E
sh688668,鼎通科技,2025-10-23 09:38:08,93.0,2933,93.15,D
sh688668,鼎通科技,2025-10-23 09:38:11,93.0,3859,93.0,D
sh688668,鼎通科技,2025-10-23 09:38:14,92.9,7942,93.0,D
sh688668,鼎通科技,2025-10-23 09:38:17,93.0,7119,92.9,U
sh688668,鼎通科技,2025-10-23 09:38:20,92.8,5494,93.0,D
sh688668,鼎通科技,2025-10-23 09:38:23,92.7,12847,92.8,D
sh688668,鼎通科技,2025-10-23 09:38:26,92.61,19224,92.7,D
sh688668,鼎通科技,2025-10-23 09:38:29,92.68,13718,92.61,U
sh688668,鼎通科技,2025-10-23 09:38:32,92.67,2734,92.68,E
sh688668,鼎通科技,2025-10-23 09:38:35,93.0,6864,92.67,U
sh688668,鼎通科技,2025-10-23 09:38:38,92.5,9296,93.0,D
sh688668,鼎通科技,2025-10-23 09:38:44,92.79,5976,92.96,D
sh688668,鼎通科技,2025-10-23 09:38:47,92.8,3386,92.79,E
sh688668,鼎通科技,2025-10-23 09:38:50,92.7,9315,92.8,D
sh688668,鼎通科技,2025-10-23 09:38:53,92.69,6629,92.7,E
sh688668,鼎通科技,2025-10-23 09:38:59,92.8,3700,92.8,D
sh688668,鼎通科技,2025-10-23 09:39:02,92.72,7395,92.8,E
sh688668,鼎通科技,2025-10-23 09:39:05,92.7,3681,92.72,E
sh688668,鼎通科技,2025-10-23 09:39:08,92.38,27283,92.7,D
sh688668,鼎通科技,2025-10-23 09:39:11,92.36,10618,92.38,D
sh688668,鼎通科技,2025-10-23 09:39:14,92.34,12090,92.36,D
sh688668,鼎通科技,2025-10-23 09:39:20,92.34,11439,92.37,D
sh688668,鼎通科技,2025-10-23 09:39:23,92.4,12604,92.34,E
sh688668,鼎通科技,2025-10-23 09:39:26,92.5,2306,92.4,E
sh688668,鼎通科技,2025-10-23 09:39:29,92.6,3103,92.5,U
sh688668,鼎通科技,2025-10-23 09:39:35,92.5,2729,92.6,D
sh688668,鼎通科技,2025-10-23 09:39:38,92.6,4029,92.5,U
sh688668,鼎通科技,2025-10-23 09:39:44,92.6,2261,92.6,U
sh688668,鼎通科技,2025-10-23 09:39:47,92.37,7912,92.6,D
sh688668,鼎通科技,2025-10-23 09:39:50,92.5,4455,92.37,U
sh688668,鼎通科技,2025-10-23 09:39:59,92.37,4242,92.6,D
sh688668,鼎通科技,2025-10-23 09:40:02,92.37,3019,92.37,D
sh688668,鼎通科技,2025-10-23 09:40:05,92.23,22896,92.37,D
sh688668,鼎通科技,2025-10-23 09:40:08,92.1,14377,92.23,D
sh688668,鼎通科技,2025-10-23 09:40:11,92.07,5538,92.1,D
sh688668,鼎通科技,2025-10-23 09:40:14,92.08,24665,92.07,E
sh688668,鼎通科技,2025-10-23 09:40:17,92.06,4604,92.08,E
sh688668,鼎通科技,2025-10-23 09:40:20,92.0,10926,92.06,D
sh688668,鼎通科技,2025-10-23 09:40:23,92.06,6033,92.0,U
sh688668,鼎通科技,2025-10-23 09:40:26,92.2,8677,92.06,U
sh688668,鼎通科技,2025-10-23 09:40:29,92.07,22944,92.2,D
sh688668,鼎通科技,2025-10-23 09:40:41,92.23,3303,92.2,D
sh688668,鼎通科技,2025-10-23 09:40:56,92.58,4280,92.58,U
sh688668,鼎通科技,2025-10-23 09:40:59,92.58,2449,92.58,U
sh688668,鼎通科技,2025-10-23 09:41:02,92.57,4251,92.58,E
sh688668,鼎通科技,2025-10-23 09:41:05,92.58,4230,92.57,U
sh688668,鼎通科技,2025-10-23 09:41:11,92.58,4364,92.58,D
sh688668,鼎通科技,2025-10-23 09:41:17,92.68,2322,92.6,U
sh688668,鼎通科技,2025-10-23 09:41:23,93.0,16798,92.65,U
sh688668,鼎通科技,2025-10-23 09:41:26,92.97,2600,93.0,E
sh688668,鼎通科技,2025-10-23 09:41:29,93.0,3100,92.97,U
sh688668,鼎通科技,2025-10-23 09:41:32,92.98,8633,93.0,U
sh688668,鼎通科技,2025-10-23 09:41:38,93.17,6281,92.97,U
sh688668,鼎通科技,2025-10-23 09:41:41,93.17,18908,93.17,U
sh688668,鼎通科技,2025-10-23 09:41:44,93.17,8797,93.17,D
sh688668,鼎通科技,2025-10-23 09:41:50,93.22,16124,93.22,D
sh688668,鼎通科技,2025-10-23 09:41:53,93.25,3824,93.22,D
sh688668,鼎通科技,2025-10-23 09:41:56,93.27,4578,93.25,U
sh688668,鼎通科技,2025-10-23 09:41:59,93.3,11555,93.27,U
sh688668,鼎通科技,2025-10-23 09:42:02,93.3,23200,93.3,U
sh688668,鼎通科技,2025-10-23 09:42:05,93.3,2897,93.3,U
sh688668,鼎通科技,2025-10-23 09:42:08,93.4,10200,93.3,U
sh688668,鼎通科技,2025-10-23 09:42:17,93.53,6955,93.53,U
sh688668,鼎通科技,2025-10-23 09:42:20,93.39,8612,93.53,D
sh688668,鼎通科技,2025-10-23 09:42:23,93.39,4327,93.39,U
sh688668,鼎通科技,2025-10-23 09:42:26,93.46,4579,93.39,U
sh688668,鼎通科技,2025-10-23 09:42:35,93.53,9029,93.45,U
sh688668,鼎通科技,2025-10-23 09:42:38,93.46,3081,93.53,E
sh688668,鼎通科技,2025-10-23 09:42:41,93.35,4050,93.46,E
sh688668,鼎通科技,2025-10-23 09:42:44,93.4,12049,93.35,U
sh688668,鼎通科技,2025-10-23 09:42:47,93.27,2634,93.4,D
sh688668,鼎通科技,2025-10-23 09:42:50,93.29,8101,93.27,E
sh688668,鼎通科技,2025-10-23 09:42:53,93.29,2337,93.29,D
sh688668,鼎通科技,2025-10-23 09:42:59,93.29,3216,93.29,D
sh688668,鼎通科技,2025-10-23 09:43:02,93.24,4133,93.29,E
sh688668,鼎通科技,2025-10-23 09:43:05,92.97,17348,93.24,D
sh688668,鼎通科技,2025-10-23 09:43:08,92.98,2351,92.97,U
sh688668,鼎通科技,2025-10-23 09:43:11,92.7,22000,92.98,D
sh688668,鼎通科技,2025-10-23 09:43:29,92.62,3655,92.7,D
sh688668,鼎通科技,2025-10-23 09:43:32,92.61,5900,92.62,E
sh688668,鼎通科技,2025-10-23 09:43:35,92.6,4924,92.61,D
sh688668,鼎通科技,2025-10-23 09:43:38,92.58,2703,92.6,D
sh688668,鼎通科技,2025-10-23 09:43:50,92.58,16746,92.8,D
sh688668,鼎通科技,2025-10-23 09:43:53,92.8,2377,92.58,U
sh688668,鼎通科技,2025-10-23 09:43:59,92.58,22509,92.8,D
sh688668,鼎通科技,2025-10-23 09:44:02,92.5,13754,92.58,D
sh688668,鼎通科技,2025-10-23 09:44:05,92.44,5194,92.5,D
sh688668,鼎通科技,2025-10-23 09:44:11,92.41,3568,92.44,D
sh688668,鼎通科技,2025-10-23 09:44:14,92.5,2700,92.41,U
sh688668,鼎通科技,2025-10-23 09:44:20,92.44,2600,92.41,U
sh688668,鼎通科技,2025-10-23 09:44:23,92.5,8870,92.44,U
sh688668,鼎通科技,2025-10-23 09:44:29,92.77,4302,92.5,U
sh688668,鼎通科技,2025-10-23 09:44:50,92.54,5700,92.61,D
sh688668,鼎通科技,2025-10-23 09:44:53,92.52,6632,92.54,D
sh688668,鼎通科技,2025-10-23 09:44:56,92.61,10988,92.52,U
sh688668,鼎通科技,2025-10-23 09:44:59,92.33,18641,92.61,D
sh688668,鼎通科技,2025-10-23 09:45:02,92.4,6258,92.33,U
sh688668,鼎通科技,2025-10-23 09:45:05,92.18,14703,92.4,D
sh688668,鼎通科技,2025-10-23 09:45:08,92.08,11010,92.18,D
sh688668,鼎通科技,2025-10-23 09:45:11,92.0,18105,92.08,D
sh688668,鼎通科技,2025-10-23 09:45:14,92.0,5931,92.0,D
sh688668,鼎通科技,2025-10-23 09:45:17,92.18,10955,92.0,U
sh688668,鼎通科技,2025-10-23 09:45:23,92.2,3303,92.18,E
sh688668,鼎通科技,2025-10-23 09:45:29,92.42,6751,92.12,U
sh688668,鼎通科技,2025-10-23 09:45:38,92.4,3736,92.21,E
sh688668,鼎通科技,2025-10-23 09:45:47,92.38,2464,92.4,D
sh688668,鼎通科技,2025-10-23 09:46:02,92.38,3615,92.25,D
sh688668,鼎通科技,2025-10-23 09:46:05,92.4,8950,92.38,U
sh688668,鼎通科技,2025-10-23 09:46:11,92.4,6500,92.31,U
sh688668,鼎通科技,2025-10-23 09:46:14,92.31,3395,92.4,D
sh688668,鼎通科技,2025-10-23 09:46:17,92.16,47714,92.31,D
sh688668,鼎通科技,2025-10-23 09:46:20,92.11,2881,92.16,D
sh688668,鼎通科技,2025-10-23 09:46:23,92.05,6344,92.11,D
sh688668,鼎通科技,2025-10-23 09:46:26,91.98,34096,92.05,D
sh688668,鼎通科技,2025-10-23 09:46:29,91.94,2659,91.98,D
sh688668,鼎通科技,2025-10-23 09:46:32,91.92,11115,91.94,D
sh688668,鼎通科技,2025-10-23 09:46:41,92.01,3736,92.21,D
sh688668,鼎通科技,2025-10-23 09:46:50,92.01,6363,92.01,D
sh688668,鼎通科技,2025-10-23 09:46:53,92.07,3119,92.01,D
sh688668,鼎通科技,2025-10-23 09:47:02,92.07,13739,92.02,U
sh688668,鼎通科技,2025-10-23 09:47:11,92.02,5000,92.21,D
sh688668,鼎通科技,2025-10-23 09:47:14,92.02,2648,92.02,D
sh688668,鼎通科技,2025-10-23 09:47:17,91.93,37933,92.02,D
sh688668,鼎通科技,2025-10-23 09:47:20,91.93,9846,91.93,D
sh688668,鼎通科技,2025-10-23 09:47:26,91.87,8112,91.92,D
sh688668,鼎通科技,2025-10-23 09:47:29,91.9,5432,91.87,U
sh688668,鼎通科技,2025-10-23 09:47:32,91.85,2635,91.9,D
sh688668,鼎通科技,2025-10-23 09:47:35,91.99,3226,91.85,U
sh688668,鼎通科技,2025-10-23 09:47:41,91.85,11070,91.94,D
sh688668,鼎通科技,2025-10-23 09:47:44,91.85,8359,91.85,D
sh688668,鼎通科技,2025-10-23 09:47:47,91.8,4891,91.85,D
sh688668,鼎通科技,2025-10-23 09:47:50,91.8,5129,91.8,U
sh688668,鼎通科技,2025-10-23 09:47:53,91.8,4029,91.8,U
sh688668,鼎通科技,2025-10-23 09:48:05,91.8,12470,91.81,D
sh688668,鼎通科技,2025-10-23 09:48:08,91.67,7022,91.8,D
sh688668,鼎通科技,2025-10-23 09:48:11,91.8,2618,91.67,D
sh688668,鼎通科技,2025-10-23 09:48:14,91.8,3526,91.8,D
sh688668,鼎通科技,2025-10-23 09:48:20,91.66,9107,91.68,D
sh688668,鼎通科技,2025-10-23 09:48:26,91.66,4289,91.7,D
sh688668,鼎通科技,2025-10-23 09:48:29,91.66,3142,91.66,D
sh688668,鼎通科技,2025-10-23 09:48:32,91.65,2602,91.66,D
sh688668,鼎通科技,2025-10-23 09:48:35,91.65,2629,91.65,U
sh688668,鼎通科技,2025-10-23 09:48:38,91.66,2397,91.65,U
sh688668,鼎通科技,2025-10-23 09:48:41,91.8,5550,91.66,U
sh688668,鼎通科技,2025-10-23 09:48:56,91.97,5832,91.8,U
sh688668,鼎通科技,2025-10-23 09:49:11,92.2,5461,92.2,D
sh688668,鼎通科技,2025-10-23 09:49:14,92.19,2933,92.2,D
sh688668,鼎通科技,2025-10-23 09:49:20,92.19,8219,92.19,U
sh688668,鼎通科技,2025-10-23 09:49:26,92.26,2554,92.29,E
sh688668,鼎通科技,2025-10-23 09:49:29,92.42,3515,92.26,U
sh688668,鼎通科技,2025-10-23 09:49:32,92.19,6506,92.42,D
sh688668,鼎通科技,2025-10-23 09:49:35,92.3,17027,92.19,D
sh688668,鼎通科技,2025-10-23 09:49:38,92.29,5152,92.3,E
sh688668,鼎通科技,2025-10-23 09:50:08,92.43,2995,92.43,D
sh688668,鼎通科技,2025-10-23 09:50:11,92.43,2543,92.43,U
sh688668,鼎通科技,2025-10-23 09:50:14,92.44,7100,92.43,D
sh688668,鼎通科技,2025-10-23 09:50:17,92.43,2404,92.44,D
sh688668,鼎通科技,2025-10-23 09:50:23,92.4,8829,92.48,D
sh688668,鼎通科技,2025-10-23 09:50:26,92.5,6049,92.4,U
sh688668,鼎通科技,2025-10-23 09:50:38,92.5,10157,92.51,D
sh688668,鼎通科技,2025-10-23 09:50:41,92.68,21450,92.5,U
sh688668,鼎通科技,2025-10-23 09:51:02,92.69,4098,92.67,D
sh688668,鼎通科技,2025-10-23 09:51:05,92.82,5516,92.69,U
sh688668,鼎通科技,2025-10-23 09:51:11,93.0,4000,92.69,U
sh688668,鼎通科技,2025-10-23 09:51:17,92.73,10210,92.8,E
sh688668,鼎通科技,2025-10-23 09:51:29,92.83,5840,93.11,E
sh688668,鼎通科技,2025-10-23 09:51:44,92.98,4581,92.98,U
sh688668,鼎通科技,2025-10-23 09:51:50,92.84,2201,92.98,D
sh688668,鼎通科技,2025-10-23 09:51:53,93.0,3683,92.84,U
sh688668,鼎通科技,2025-10-23 09:51:56,92.84,3705,93.0,D
sh688668,鼎通科技,2025-10-23 09:51:59,93.0,8304,92.84,U
sh688668,鼎通科技,2025-10-23 09:52:11,92.98,6390,93.01,D
sh688668,鼎通科技,2025-10-23 09:52:14,93.02,19600,92.98,U
sh688668,鼎通科技,2025-10-23 09:52:17,93.09,6475,93.02,U
sh688668,鼎通科技,2025-10-23 09:52:20,92.82,4044,93.09,D
sh688668,鼎通科技,2025-10-23 09:52:23,92.73,14732,92.82,D
sh688668,鼎通科技,2025-10-23 09:52:35,92.67,7347,92.56,U
sh688668,鼎通科技,2025-10-23 09:52:41,92.54,3941,92.54,D
sh688668,鼎通科技,2025-10-23 09:52:47,92.48,6384,92.51,D
sh688668,鼎通科技,2025-10-23 09:52:50,92.49,21473,92.48,E
sh688668,鼎通科技,2025-10-23 09:52:53,92.5,4511,92.49,U
sh688668,鼎通科技,2025-10-23 09:52:59,92.3,8750,92.5,D
sh688668,鼎通科技,2025-10-23 09:53:02,92.29,11932,92.3,D
sh688668,鼎通科技,2025-10-23 09:53:05,92.27,5893,92.29,U
sh688668,鼎通科技,2025-10-23 09:53:14,92.24,2651,92.2,E
sh688668,鼎通科技,2025-10-23 09:53:17,92.19,5650,92.24,D
sh688668,鼎通科技,2025-10-23 09:53:20,92.16,18972,92.19,D
sh688668,鼎通科技,2025-10-23 09:53:23,92.16,6900,92.16,U
sh688668,鼎通科技,2025-10-23 09:53:26,92.13,2511,92.16,D
sh688668,鼎通科技,2025-10-23 09:53:35,92.1,3381,92.16,D
sh688668,鼎通科技,2025-10-23 09:53:47,92.16,26805,92.1,U
sh688668,鼎通科技,2025-10-23 09:53:59,92.19,3941,92.1,U
sh688668,鼎通科技,2025-10-23 09:54:05,92.3,14744,92.19,U
sh688668,鼎通科技,2025-10-23 09:54:11,92.19,3890,92.28,D
sh688668,鼎通科技,2025-10-23 09:54:14,92.19,5683,92.19,U
sh688668,鼎通科技,2025-10-23 09:54:17,92.19,3225,92.19,U
sh688668,鼎通科技,2025-10-23 09:54:20,92.19,5350,92.19,U
sh688668,鼎通科技,2025-10-23 09:54:26,92.15,3100,92.13,D
sh688668,鼎通科技,2025-10-23 09:54:47,92.13,3681,92.19,D
sh688668,鼎通科技,2025-10-23 09:54:56,92.05,6453,92.13,D
sh688668,鼎通科技,2025-10-23 09:54:59,91.9,22580,92.05,D
sh688668,鼎通科技,2025-10-23 09:55:02,91.85,2545,91.9,D
sh688668,鼎通科技,2025-10-23 09:55:08,91.84,3604,91.85,D
sh688668,鼎通科技,2025-10-23 09:55:17,92.04,3937,91.84,U
sh688668,鼎通科技,2025-10-23 09:55:32,92.05,2934,92.05,U
sh688668,鼎通科技,2025-10-23 09:55:44,92.13,5560,92.05,U
sh688668,鼎通科技,2025-10-23 09:56:02,92.05,2813,92.1,D
sh688668,鼎通科技,2025-10-23 09:56:08,92.05,2210,92.13,D
sh688668,鼎通科技,2025-10-23 09:56:11,92.04,8793,92.05,D
sh688668,鼎通科技,2025-10-23 09:56:14,92.03,4641,92.04,U
sh688668,鼎通科技,2025-10-23 09:56:29,91.91,5487,91.93,D
sh688668,鼎通科技,2025-10-23 09:56:32,92.0,7261,91.91,U
sh688668,鼎通科技,2025-10-23 09:56:35,91.9,6415,92.0,D
sh688668,鼎通科技,2025-10-23 09:56:41,91.9,3323,91.96,D
sh688668,鼎通科技,2025-10-23 09:56:47,92.0,2914,91.96,U
sh688668,鼎通科技,2025-10-23 09:56:50,92.0,2941,92.0,D
sh688668,鼎通科技,2025-10-23 09:56:56,91.96,2995,92.0,U
sh688668,鼎通科技,2025-10-23 09:57:02,91.9,11551,91.96,D
sh688668,鼎通科技,2025-10-23 09:57:05,91.9,9969,91.9,D
sh688668,鼎通科技,2025-10-23 09:57:11,91.9,14087,91.99,D
sh688668,鼎通科技,2025-10-23 09:57:14,91.91,2544,91.9,U
sh688668,鼎通科技,2025-10-23 09:57:17,91.82,2525,91.91,D
sh688668,鼎通科技,2025-10-23 09:57:20,91.81,26892,91.82,D
sh688668,鼎通科技,2025-10-23 09:57:23,91.78,14678,91.81,D
sh688668,鼎通科技,2025-10-23 09:57:26,91.66,44446,91.78,D
sh688668,鼎通科技,2025-10-23 09:57:29,91.65,4603,91.66,D
sh688668,鼎通科技,2025-10-23 09:57:44,91.65,3130,91.66,D
sh688668,鼎通科技,2025-10-23 09:57:50,91.58,17055,91.69,D
sh688668,鼎通科技,2025-10-23 09:57:53,91.55,3165,91.58,D
sh688668,鼎通科技,2025-10-23 09:57:56,91.4,22464,91.55,D
sh688668,鼎通科技,2025-10-23 09:57:59,91.29,6937,91.4,D
sh688668,鼎通科技,2025-10-23 09:58:02,91.25,4089,91.29,D
sh688668,鼎通科技,2025-10-23 09:58:05,91.2,7526,91.25,D
sh688668,鼎通科技,2025-10-23 09:58:08,91.2,9764,91.2,D
sh688668,鼎通科技,2025-10-23 09:58:11,91.2,6693,91.2,D
sh688668,鼎通科技,2025-10-23 09:58:14,91.22,4827,91.2,D
sh688668,鼎通科技,2025-10-23 09:58:17,91.2,5051,91.22,D
sh688668,鼎通科技,2025-10-23 09:58:29,91.3,2848,91.44,D
sh688668,鼎通科技,2025-10-23 09:58:32,91.43,19318,91.3,U
sh688668,鼎通科技,2025-10-23 09:58:38,91.43,3616,91.3,U
sh688668,鼎通科技,2025-10-23 09:58:41,91.43,2208,91.43,D
sh688668,鼎通科技,2025-10-23 09:58:44,91.3,2590,91.43,D
sh688668,鼎通科技,2025-10-23 09:58:47,91.3,3521,91.3,U
sh688668,鼎通科技,2025-10-23 09:58:50,91.26,2285,91.3,D
sh688668,鼎通科技,2025-10-23 09:58:53,91.21,2692,91.26,D
sh688668,鼎通科技,2025-10-23 09:58:59,91.22,3062,91.3,U
sh688668,鼎通科技,2025-10-23 09:59:11,91.3,14249,91.3,U
sh688668,鼎通科技,2025-10-23 09:59:14,91.26,6750,91.3,D
sh688668,鼎通科技,2025-10-23 09:59:17,91.3,4541,91.26,E
sh688668,鼎通科技,2025-10-23 09:59:20,91.3,2523,91.3,U
sh688668,鼎通科技,2025-10-23 09:59:29,91.3,6093,91.3,D
sh688668,鼎通科技,2025-10-23 09:59:53,91.54,2600,91.53,U
sh688668,鼎通科技,2025-10-23 10:00:02,91.4,3715,91.53,D
sh688668,鼎通科技,2025-10-23 10:00:05,91.52,2664,91.4,E
sh688668,鼎通科技,2025-10-23 10:00:11,91.38,2492,91.43,D
sh688668,鼎通科技,2025-10-23 10:00:14,91.26,5550,91.38,D
sh688668,鼎通科技,2025-10-23 10:00:17,91.22,9587,91.26,D
sh688668,鼎通科技,2025-10-23 10:00:20,91.13,35495,91.22,D
sh688668,鼎通科技,2025-10-23 10:00:23,91.11,11200,91.13,D
sh688668,鼎通科技,2025-10-23 10:00:26,91.1,3692,91.11,D
sh688668,鼎通科技,2025-10-23 10:00:32,91.1,5633,91.1,U
sh688668,鼎通科技,2025-10-23 10:00:35,91.06,3554,91.1,D
sh688668,鼎通科技,2025-10-23 10:00:38,91.1,5333,91.06,U
sh688668,鼎通科技,2025-10-23 10:00:41,91.0,34727,91.1,D
sh688668,鼎通科技,2025-10-23 10:00:44,91.0,2550,91.0,U
sh688668,鼎通科技,2025-10-23 10:00:47,90.95,5049,91.0,D
sh688668,鼎通科技,2025-10-23 10:00:53,90.9,6978,91.0,D
sh688668,鼎通科技,2025-10-23 10:00:56,90.92,2526,90.9,E
sh688668,鼎通科技,2025-10-23 10:01:05,90.95,6123,91.0,E
sh688668,鼎通科技,2025-10-23 10:01:20,90.91,5077,90.92,D
sh688668,鼎通科技,2025-10-23 10:01:26,90.91,4536,90.91,U
sh688668,鼎通科技,2025-10-23 10:01:32,90.95,7578,90.92,U
sh688668,鼎通科技,2025-10-23 10:01:35,90.96,3093,90.95,E
sh688668,鼎通科技,2025-10-23 10:01:41,90.95,3990,91.0,E
sh688668,鼎通科技,2025-10-23 10:01:44,90.81,31331,90.95,D
sh688668,鼎通科技,2025-10-23 10:02:05,91.12,2741,91.12,U
sh688668,鼎通科技,2025-10-23 10:02:14,91.57,6034,91.12,U
sh688668,鼎通科技,2025-10-23 10:02:44,91.16,5270,91.14,E
sh688668,鼎通科技,2025-10-23 10:02:50,91.4,2813,91.16,U
sh688668,鼎通科技,2025-10-23 10:02:56,91.16,5731,91.21,D
sh688668,鼎通科技,2025-10-23 10:03:02,91.02,3910,91.16,D
sh688668,鼎通科技,2025-10-23 10:03:14,91.19,4122,91.2,D
sh688668,鼎通科技,2025-10-23 10:03:17,91.15,3981,91.19,D
sh688668,鼎通科技,2025-10-23 10:03:23,91.19,3487,91.19,D
sh688668,鼎通科技,2025-10-23 10:03:29,91.19,2401,91.19,D
sh688668,鼎通科技,2025-10-23 10:03:35,91.19,2700,91.19,U
sh688668,鼎通科技,2025-10-23 10:03:38,91.03,5256,91.19,D
sh688668,鼎通科技,2025-10-23 10:03:53,91.09,14375,91.18,D
sh688668,鼎通科技,2025-10-23 10:04:02,91.08,4420,91.11,D
sh688668,鼎通科技,2025-10-23 10:05:08,91.2,8200,91.19,E
sh688668,鼎通科技,2025-10-23 10:05:29,91.04,5525,91.1,D
sh688668,鼎通科技,2025-10-23 10:05:56,91.04,13792,91.15,D
sh688668,鼎通科技,2025-10-23 10:05:59,91.0,36806,91.04,D
sh688668,鼎通科技,2025-10-23 10:06:02,90.89,8260,91.0,D
sh688668,鼎通科技,2025-10-23 10:06:08,91.0,2400,91.0,U
sh688668,鼎通科技,2025-10-23 10:06:17,90.9,5932,90.88,E
sh688668,鼎通科技,2025-10-23 10:06:20,90.86,2297,90.9,D
sh688668,鼎通科技,2025-10-23 10:06:29,90.86,5032,90.86,D
sh688668,鼎通科技,2025-10-23 10:06:32,90.86,9937,90.86,D
sh688668,鼎通科技,2025-10-23 10:06:41,90.9,5026,91.15,D
sh688668,鼎通科技,2025-10-23 10:07:20,91.39,7200,91.28,U
sh688668,鼎通科技,2025-10-23 10:07:26,91.2,2397,91.2,U
sh688668,鼎通科技,2025-10-23 10:09:08,91.2,2600,91.33,D
sh688668,鼎通科技,2025-10-23 10:09:11,91.11,3507,91.2,D
sh688668,鼎通科技,2025-10-23 10:09:14,91.09,5695,91.11,D
sh688668,鼎通科技,2025-10-23 10:09:32,91.0,3560,91.04,D
sh688668,鼎通科技,2025-10-23 10:09:41,91.02,3175,91.0,U
sh688668,鼎通科技,2025-10-23 10:10:11,91.0,8693,91.0,D
sh688668,鼎通科技,2025-10-23 10:10:14,90.97,2850,91.0,D
sh688668,鼎通科技,2025-10-23 10:11:23,91.05,4512,90.97,U
sh688668,鼎通科技,2025-10-23 10:13:14,91.59,6049,91.55,U
sh688668,鼎通科技,2025-10-23 10:13:20,91.67,3372,91.63,E
sh688668,鼎通科技,2025-10-23 10:13:23,91.63,7100,91.67,E
sh688668,鼎通科技,2025-10-23 10:13:26,91.56,4522,91.63,D
sh688668,鼎通科技,2025-10-23 10:13:29,91.63,4774,91.56,D
sh688668,鼎通科技,2025-10-23 10:13:44,91.52,2842,91.59,D
sh688668,鼎通科技,2025-10-23 10:13:53,91.52,3705,91.52,E
sh688668,鼎通科技,2025-10-23 10:13:56,91.5,3991,91.52,D
sh688668,鼎通科技,2025-10-23 10:14:23,91.33,4783,91.34,E
sh688668,鼎通科技,2025-10-23 10:15:32,91.2,5393,91.3,D
sh688668,鼎通科技,2025-10-23 10:16:41,91.22,3588,91.17,U
sh688668,鼎通科技,2025-10-23 10:16:56,91.22,4300,91.22,U
sh688668,鼎通科技,2025-10-23 10:17:29,91.21,2718,91.21,D
sh688668,鼎通科技,2025-10-23 10:17:44,91.19,2761,91.15,U
sh688668,鼎通科技,2025-10-23 10:18:14,91.07,2230,91.08,D
sh688668,鼎通科技,2025-10-23 10:18:47,91.08,2762,91.09,D
sh688668,鼎通科技,2025-10-23 10:19:20,91.01,7566,91.07,D
sh688668,鼎通科技,2025-10-23 10:19:26,91.0,13500,91.0,D
sh688668,鼎通科技,2025-10-23 10:19:29,91.0,2762,91.0,D
sh688668,鼎通科技,2025-10-23 10:20:26,91.11,2316,91.13,D
sh688668,鼎通科技,2025-10-23 10:20:59,91.15,5094,91.12,U
sh688668,鼎通科技,2025-10-23 10:21:05,91.08,5907,91.11,D
sh688668,鼎通科技,2025-10-23 10:21:11,91.16,3200,91.08,U
sh688668,鼎通科技,2025-10-23 10:21:53,91.1,4071,91.1,D
sh688668,鼎通科技,2025-10-23 10:21:56,91.11,2196,91.1,D
sh688668,鼎通科技,2025-10-23 10:22:02,91.0,18240,91.08,D
sh688668,鼎通科技,2025-10-23 10:22:05,91.0,2243,91.0,D
sh688668,鼎通科技,2025-10-23 10:22:11,90.97,13103,91.07,D
sh688668,鼎通科技,2025-10-23 10:22:14,90.95,2400,90.97,D
sh688668,鼎通科技,2025-10-23 10:22:32,91.0,7351,90.96,U
sh688668,鼎通科技,2025-10-23 10:22:44,91.18,5667,91.01,E
sh688668,鼎通科技,2025-10-23 10:23:41,91.42,2216,91.43,D
sh688668,鼎通科技,2025-10-23 10:23:50,91.28,5000,91.42,D
sh688668,鼎通科技,2025-10-23 10:24:11,91.41,5633,91.4,U
sh688668,鼎通科技,2025-10-23 10:24:38,91.4,5000,91.39,U
sh688668,鼎通科技,2025-10-23 10:25:05,91.28,3299,91.33,D
sh688668,鼎通科技,2025-10-23 10:25:08,91.28,2285,91.28,D
sh688668,鼎通科技,2025-10-23 10:25:26,91.4,7115,91.38,U
sh688668,鼎通科技,2025-10-23 10:25:35,91.45,2349,91.4,U
sh688668,鼎通科技,2025-10-23 10:25:50,91.48,4377,91.48,U
sh688668,鼎通科技,2025-10-23 10:26:02,91.5,3095,91.5,U
sh688668,鼎通科技,2025-10-23 10:26:08,91.5,3320,91.49,U
sh688668,鼎通科技,2025-10-23 10:27:47,91.54,3258,91.54,D
sh688668,鼎通科技,2025-10-23 10:27:50,91.55,7536,91.54,U
sh688668,鼎通科技,2025-10-23 10:28:02,91.54,6288,91.56,D
sh688668,鼎通科技,2025-10-23 10:28:08,91.5,5522,91.52,D
sh688668,鼎通科技,2025-10-23 10:28:20,91.5,4687,91.5,U
sh688668,鼎通科技,2025-10-23 10:28:59,91.73,5000,91.56,U
sh688668,鼎通科技,2025-10-23 10:29:35,91.73,3200,91.66,U
sh688668,鼎通科技,2025-10-23 10:31:14,91.99,5981,91.99,D
sh688668,鼎通科技,2025-10-23 10:31:20,92.05,5026,91.95,U
sh688668,鼎通科技,2025-10-23 10:32:11,92.14,13159,92.21,D
sh688668,鼎通科技,2025-10-23 10:32:14,92.23,33781,92.14,U
sh688668,鼎通科技,2025-10-23 10:32:29,92.2,15833,92.25,D
sh688668,鼎通科技,2025-10-23 10:33:26,92.22,3155,92.19,U
sh688668,鼎通科技,2025-10-23 10:33:29,92.27,2600,92.22,U
sh688668,鼎通科技,2025-10-23 10:33:32,92.4,8922,92.27,U
sh688668,鼎通科技,2025-10-23 10:33:47,92.74,2213,92.51,U
sh688668,鼎通科技,2025-10-23 10:34:05,92.67,2449,92.7,D
sh688668,鼎通科技,2025-10-23 10:34:08,92.7,2258,92.67,U
sh688668,鼎通科技,2025-10-23 10:34:26,92.8,2893,92.89,E
sh688668,鼎通科技,2025-10-23 10:34:29,92.89,28423,92.8,U
sh688668,鼎通科技,2025-10-23 10:34:32,92.8,4800,92.89,E
sh688668,鼎通科技,2025-10-23 10:34:38,92.86,7533,92.85,U
sh688668,鼎通科技,2025-10-23 10:34:44,92.88,3538,92.86,U
sh688668,鼎通科技,2025-10-23 10:34:59,92.87,4137,92.8,U
sh688668,鼎通科技,2025-10-23 10:35:08,92.86,6930,92.86,E
sh688668,鼎通科技,2025-10-23 10:35:17,92.85,9637,92.85,D
sh688668,鼎通科技,2025-10-23 10:35:50,92.74,2467,92.75,U
sh688668,鼎通科技,2025-10-23 10:36:08,92.53,3110,92.54,D
sh688668,鼎通科技,2025-10-23 10:37:08,92.4,2517,92.46,D
sh688668,鼎通科技,2025-10-23 10:37:11,92.46,12484,92.4,U
sh688668,鼎通科技,2025-10-23 10:37:14,92.36,2513,92.46,D
sh688668,鼎通科技,2025-10-23 10:37:17,92.3,2405,92.36,D
sh688668,鼎通科技,2025-10-23 10:39:08,92.17,5000,92.17,D
sh688668,鼎通科技,2025-10-23 10:40:11,92.26,5217,92.29,D
sh688668,鼎通科技,2025-10-23 10:40:14,92.16,7511,92.26,D
sh688668,鼎通科技,2025-10-23 10:40:23,92.28,3602,92.27,U
sh688668,鼎通科技,2025-10-23 10:42:35,92.29,3500,92.31,D
sh688668,鼎通科技,2025-10-23 10:43:14,92.31,3761,92.26,U
sh688668,鼎通科技,2025-10-23 10:43:41,92.31,19209,92.31,D
sh688668,鼎通科技,2025-10-23 10:43:50,92.28,2455,92.28,U
sh688668,鼎通科技,2025-10-23 10:44:05,92.28,6950,92.28,D
sh688668,鼎通科技,2025-10-23 10:44:11,92.28,3543,92.28,D
sh688668,鼎通科技,2025-10-23 10:44:29,92.07,10645,92.17,D
sh688668,鼎通科技,2025-10-23 10:44:32,92.05,2474,92.07,D
sh688668,鼎通科技,2025-10-23 10:44:38,91.92,4843,92.05,D
sh688668,鼎通科技,2025-10-23 10:44:59,91.92,3374,91.9,U
sh688668,鼎通科技,2025-10-23 10:45:44,91.93,2900,91.92,U
sh688668,鼎通科技,2025-10-23 10:46:05,91.86,6878,91.89,D
sh688668,鼎通科技,2025-10-23 10:46:23,91.8,2500,91.81,D
sh688668,鼎通科技,2025-10-23 10:48:08,91.73,20000,91.8,D
sh688668,鼎通科技,2025-10-23 10:49:08,91.75,6975,91.75,D
sh688668,鼎通科技,2025-10-23 10:49:56,91.71,2932,91.71,D
sh688668,鼎通科技,2025-10-23 10:50:02,91.68,3861,91.7,D
sh688668,鼎通科技,2025-10-23 10:50:17,91.58,2905,91.6,D
sh688668,鼎通科技,2025-10-23 10:50:23,91.52,3208,91.56,D
sh688668,鼎通科技,2025-10-23 10:50:29,91.5,7195,91.51,D
sh688668,鼎通科技,2025-10-23 10:50:32,91.44,3668,91.5,D
sh688668,鼎通科技,2025-10-23 10:50:38,91.31,3000,91.44,D
sh688668,鼎通科技,2025-10-23 10:50:47,91.3,3879,91.31,D
sh688668,鼎通科技,2025-10-23 10:52:02,91.3,6553,91.36,D
sh688668,鼎通科技,2025-10-23 10:52:05,91.28,3626,91.3,D
sh688668,鼎通科技,2025-10-23 10:53:38,91.21,3950,91.22,D
sh688668,鼎通科技,2025-10-23 10:53:44,91.21,2511,91.21,D
sh688668,鼎通科技,2025-10-23 10:54:11,91.25,2716,91.22,U
sh688668,鼎通科技,2025-10-23 10:54:23,91.21,3600,91.25,D
sh688668,鼎通科技,2025-10-23 10:55:20,91.21,7000,91.21,D
sh688668,鼎通科技,2025-10-23 10:55:38,91.2,2772,91.23,D
sh688668,鼎通科技,2025-10-23 10:56:05,91.18,8612,91.2,D
sh688668,鼎通科技,2025-10-23 10:56:29,91.15,2976,91.11,U
sh688668,鼎通科技,2025-10-23 10:57:20,91.15,3488,91.18,D
sh688668,鼎通科技,2025-10-23 10:57:44,91.15,6400,91.12,U
sh688668,鼎通科技,2025-10-23 10:57:56,91.14,6964,91.15,D
sh688668,鼎通科技,2025-10-23 10:58:23,91.15,4829,91.18,D
sh688668,鼎通科技,2025-10-23 10:58:38,91.3,5164,91.15,U
sh688668,鼎通科技,2025-10-23 10:58:47,91.44,2943,91.3,U
sh688668,鼎通科技,2025-10-23 11:01:59,91.32,4344,91.33,D
sh688668,鼎通科技,2025-10-23 11:03:26,91.32,6776,91.68,D
sh688668,鼎通科技,2025-10-23 11:03:32,91.32,2441,91.32,D
sh688668,鼎通科技,2025-10-23 11:03:59,91.32,4582,91.33,D
sh688668,鼎通科技,2025-10-23 11:04:41,91.32,5000,91.32,D
sh688668,鼎通科技,2025-10-23 11:05:53,91.45,3885,91.57,D
sh688668,鼎通科技,2025-10-23 11:06:14,91.41,2955,91.43,D
sh688668,鼎通科技,2025-10-23 11:06:26,91.35,5700,91.43,D
sh688668,鼎通科技,2025-10-23 11:06:38,91.34,4869,91.34,D
sh688668,鼎通科技,2025-10-23 11:06:56,91.32,4967,91.32,D
sh688668,鼎通科技,2025-10-23 11:06:59,91.32,3200,91.32,D
sh688668,鼎通科技,2025-10-23 11:07:02,91.3,2604,91.32,D
sh688668,鼎通科技,2025-10-23 11:08:02,91.29,2932,91.29,U
sh688668,鼎通科技,2025-10-23 11:09:08,91.3,4400,91.32,D
sh688668,鼎通科技,2025-10-23 11:10:20,91.4,5000,91.39,U
sh688668,鼎通科技,2025-10-23 11:10:26,91.5,6392,91.4,U
sh688668,鼎通科技,2025-10-23 11:10:29,91.4,2285,91.5,E
sh688668,鼎通科技,2025-10-23 11:11:05,91.36,5000,91.4,D
sh688668,鼎通科技,2025-10-23 11:13:47,91.81,6001,91.51,U
sh688668,鼎通科技,2025-10-23 11:14:26,91.89,2919,91.72,U
sh688668,鼎通科技,2025-10-23 11:15:02,91.51,3419,91.86,D
sh688668,鼎通科技,2025-10-23 11:15:47,91.49,14134,91.51,D
sh688668,鼎通科技,2025-10-23 11:15:56,91.75,3164,91.77,U
sh688668,鼎通科技,2025-10-23 11:16:02,91.48,2995,91.75,D
sh688668,鼎通科技,2025-10-23 11:16:05,91.49,5500,91.48,D
sh688668,鼎通科技,2025-10-23 11:16:08,91.49,2500,91.49,D
sh688668,鼎通科技,2025-10-23 11:17:08,91.8,4574,91.54,U
sh688668,鼎通科技,2025-10-23 11:19:05,91.56,2685,91.66,D
sh688668,鼎通科技,2025-10-23 11:19:53,91.89,2200,91.69,U
sh688668,鼎通科技,2025-10-23 11:21:44,91.88,4529,91.88,U
sh688668,鼎通科技,2025-10-23 11:21:47,91.72,5360,91.88,D
sh688668,鼎通科技,2025-10-23 11:22:23,91.72,3733,91.72,D
sh688668,鼎通科技,2025-10-23 11:23:41,91.93,2500,91.89,U
sh688668,鼎通科技,2025-10-23 11:24:50,91.87,6718,92.01,D
sh688668,鼎通科技,2025-10-23 11:25:11,91.69,2414,91.75,D
sh688668,鼎通科技,2025-10-23 11:26:14,91.48,2893,91.5,D
sh688668,鼎通科技,2025-10-23 11:26:32,91.45,5295,91.45,U
sh688668,鼎通科技,2025-10-23 11:26:47,91.57,2437,91.49,U
sh688668,鼎通科技,2025-10-23 11:26:50,91.7,2730,91.57,U
sh688668,鼎通科技,2025-10-23 11:27:05,91.62,9449,91.75,D
sh688668,鼎通科技,2025-10-23 11:27:20,92.05,9937,91.62,U
sh688668,鼎通科技,2025-10-23 11:29:35,91.51,4590,91.51,D
sh688668,鼎通科技,2025-10-23 13:00:02,91.74,11000,91.49,U
sh688668,鼎通科技,2025-10-23 13:00:05,91.8,3708,91.74,U
sh688668,鼎通科技,2025-10-23 13:01:17,91.48,2803,91.57,D
sh688668,鼎通科技,2025-10-23 13:01:44,91.38,6556,91.41,D
sh688668,鼎通科技,2025-10-23 13:03:20,91.42,2329,91.39,U
sh688668,鼎通科技,2025-10-23 13:04:23,91.39,4000,91.55,D
sh688668,鼎通科技,2025-10-23 13:04:29,91.55,3184,91.39,U
sh688668,鼎通科技,2025-10-23 13:05:38,91.6,4000,91.71,D
sh688668,鼎通科技,2025-10-23 13:06:38,91.59,4000,91.38,U
sh688668,鼎通科技,2025-10-23 13:06:50,91.58,5507,91.37,U
sh688668,鼎通科技,2025-10-23 13:07:50,91.59,13806,91.53,U
sh688668,鼎通科技,2025-10-23 13:07:59,91.83,9918,91.59,U
sh688668,鼎通科技,2025-10-23 13:08:02,92.01,6877,91.83,U
sh688668,鼎通科技,2025-10-23 13:08:14,91.84,4410,91.99,D
sh688668,鼎通科技,2025-10-23 13:08:20,91.99,5870,91.84,U
sh688668,鼎通科技,2025-10-23 13:08:23,91.98,4000,91.99,E
sh688668,鼎通科技,2025-10-23 13:09:17,91.97,12140,91.85,U
sh688668,鼎通科技,2025-10-23 13:09:20,92.01,20980,91.97,U
sh688668,鼎通科技,2025-10-23 13:09:23,92.33,7591,92.01,U
sh688668,鼎通科技,2025-10-23 13:09:29,92.33,3216,92.33,U
sh688668,鼎通科技,2025-10-23 13:11:05,92.3,5219,92.16,U
sh688668,鼎通科技,2025-10-23 13:11:53,92.5,3000,92.45,U
sh688668,鼎通科技,2025-10-23 13:11:56,92.58,10289,92.5,U
sh688668,鼎通科技,2025-10-23 13:12:29,92.62,2401,92.59,U
sh688668,鼎通科技,2025-10-23 13:13:59,92.49,2602,92.46,U
sh688668,鼎通科技,2025-10-23 13:14:02,92.63,8006,92.49,U
sh688668,鼎通科技,2025-10-23 13:14:05,92.7,19768,92.63,U
sh688668,鼎通科技,2025-10-23 13:14:11,92.86,18400,92.68,U
sh688668,鼎通科技,2025-10-23 13:14:14,92.91,9022,92.86,U
sh688668,鼎通科技,2025-10-23 13:14:23,92.92,4329,92.92,U
sh688668,鼎通科技,2025-10-23 13:15:05,92.73,2393,92.89,D
sh688668,鼎通科技,2025-10-23 13:16:47,92.56,10374,92.59,D
sh688668,鼎通科技,2025-10-23 13:18:05,92.5,2863,92.5,D
sh688668,鼎通科技,2025-10-23 13:19:17,92.66,9147,92.5,U
sh688668,鼎通科技,2025-10-23 13:19:29,92.69,2300,92.68,U
sh688668,鼎通科技,2025-10-23 13:20:53,92.5,3475,92.55,D
sh688668,鼎通科技,2025-10-23 13:21:05,92.49,4048,92.46,E
sh688668,鼎通科技,2025-10-23 13:21:35,92.33,2397,92.47,D
sh688668,鼎通科技,2025-10-23 13:23:29,92.4,4421,92.22,U
sh688668,鼎通科技,2025-10-23 13:23:32,92.38,4195,92.4,D
sh688668,鼎通科技,2025-10-23 13:24:41,92.5,11987,92.45,U
sh688668,鼎通科技,2025-10-23 13:27:20,92.55,4607,92.55,D
sh688668,鼎通科技,2025-10-23 13:27:38,92.5,3258,92.55,D
sh688668,鼎通科技,2025-10-23 13:27:41,92.48,4953,92.5,D
sh688668,鼎通科技,2025-10-23 13:28:26,92.5,4176,92.46,U
sh688668,鼎通科技,2025-10-23 13:28:38,92.6,3266,92.47,U
sh688668,鼎通科技,2025-10-23 13:28:41,92.55,4689,92.6,D
sh688668,鼎通科技,2025-10-23 13:31:53,92.36,2728,92.39,D
sh688668,鼎通科技,2025-10-23 13:32:17,92.63,18397,92.49,U
sh688668,鼎通科技,2025-10-23 13:33:56,92.26,15000,92.36,D
sh688668,鼎通科技,2025-10-23 13:34:11,92.26,2334,92.34,U
sh688668,鼎通科技,2025-10-23 13:35:14,92.3,4022,92.4,D
sh688668,鼎通科技,2025-10-23 13:35:23,92.26,5491,92.26,D
sh688668,鼎通科技,2025-10-23 13:35:32,92.1,2802,92.19,D
sh688668,鼎通科技,2025-10-23 13:35:47,92.01,8031,92.01,D
sh688668,鼎通科技,2025-10-23 13:36:05,92.01,2600,92.02,U
sh688668,鼎通科技,2025-10-23 13:36:08,91.93,3349,92.01,D
sh688668,鼎通科技,2025-10-23 13:36:11,91.92,13007,91.93,D
sh688668,鼎通科技,2025-10-23 13:36:17,91.92,3200,91.92,D
sh688668,鼎通科技,2025-10-23 13:38:50,92.02,2345,92.0,U
sh688668,鼎通科技,2025-10-23 13:39:20,92.01,4533,92.0,U
sh688668,鼎通科技,2025-10-23 13:39:23,92.01,7255,92.01,D
sh688668,鼎通科技,2025-10-23 13:39:32,91.92,5502,92.01,D
sh688668,鼎通科技,2025-10-23 13:39:41,91.92,16201,91.92,U
sh688668,鼎通科技,2025-10-23 13:39:53,91.9,7700,91.92,D
sh688668,鼎通科技,2025-10-23 13:39:59,91.9,2400,91.91,D
sh688668,鼎通科技,2025-10-23 13:41:17,91.66,3000,91.87,D
sh688668,鼎通科技,2025-10-23 13:41:38,91.99,2500,91.75,U
sh688668,鼎通科技,2025-10-23 13:43:05,91.93,3443,91.82,U
sh688668,鼎通科技,2025-10-23 13:43:11,91.83,2867,91.87,D
sh688668,鼎通科技,2025-10-23 13:45:44,91.9,2560,91.9,D
sh688668,鼎通科技,2025-10-23 13:46:47,91.9,4014,91.89,U
sh688668,鼎通科技,2025-10-23 13:46:53,91.88,2615,91.9,D
sh688668,鼎通科技,2025-10-23 13:47:08,91.8,6290,91.87,D
sh688668,鼎通科技,2025-10-23 13:47:26,91.91,5872,91.76,U
sh688668,鼎通科技,2025-10-23 13:49:47,92.15,3099,92.15,U
sh688668,鼎通科技,2025-10-23 13:50:20,92.13,3044,92.15,D
sh688668,鼎通科技,2025-10-23 13:50:32,92.13,4465,92.15,D
sh688668,鼎通科技,2025-10-23 13:50:44,92.26,3055,92.1,U
sh688668,鼎通科技,2025-10-23 13:50:47,92.3,6191,92.26,U
sh688668,鼎通科技,2025-10-23 13:50:50,92.3,3957,92.3,D
sh688668,鼎通科技,2025-10-23 13:51:05,92.27,2400,92.28,D
sh688668,鼎通科技,2025-10-23 13:51:08,92.27,2200,92.27,D
sh688668,鼎通科技,2025-10-23 13:53:32,92.32,6963,92.27,U
sh688668,鼎通科技,2025-10-23 13:53:47,92.32,11853,92.31,U
sh688668,鼎通科技,2025-10-23 13:53:53,92.37,2400,92.48,D
sh688668,鼎通科技,2025-10-23 13:54:32,92.56,4096,92.56,U
sh688668,鼎通科技,2025-10-23 13:54:50,92.52,5200,92.56,E
sh688668,鼎通科技,2025-10-23 13:55:53,92.37,4452,92.36,E
sh688668,鼎通科技,2025-10-23 13:56:20,92.37,3018,92.2,U
sh688668,鼎通科技,2025-10-23 13:56:32,92.37,4189,92.28,U
sh688668,鼎通科技,2025-10-23 13:57:20,92.36,5417,92.35,U
sh688668,鼎通科技,2025-10-23 13:57:29,92.35,2444,92.34,D
sh688668,鼎通科技,2025-10-23 13:57:38,92.34,3929,92.34,D
sh688668,鼎通科技,2025-10-23 13:57:53,92.35,35711,92.33,U
sh688668,鼎通科技,2025-10-23 13:57:56,92.5,7642,92.35,U
sh688668,鼎通科技,2025-10-23 13:57:59,92.36,3500,92.5,D
sh688668,鼎通科技,2025-10-23 13:58:11,92.6,4186,92.53,U
sh688668,鼎通科技,2025-10-23 13:58:14,92.59,9400,92.6,E
sh688668,鼎通科技,2025-10-23 13:58:50,92.36,2300,92.43,D
sh688668,鼎通科技,2025-10-23 13:59:14,92.4,2846,92.4,D
sh688668,鼎通科技,2025-10-23 13:59:35,92.39,6055,92.4,D
sh688668,鼎通科技,2025-10-23 13:59:44,92.39,2172,92.39,U
sh688668,鼎通科技,2025-10-23 14:00:02,92.5,11926,92.39,U
sh688668,鼎通科技,2025-10-23 14:00:05,92.53,3407,92.5,U
sh688668,鼎通科技,2025-10-23 14:00:08,92.49,8600,92.53,D
sh688668,鼎通科技,2025-10-23 14:02:02,92.5,9043,92.58,D
sh688668,鼎通科技,2025-10-23 14:02:59,92.55,10200,92.55,U
sh688668,鼎通科技,2025-10-23 14:04:35,92.48,3692,92.53,D
sh688668,鼎通科技,2025-10-23 14:05:44,92.49,20557,92.37,U
sh688668,鼎通科技,2025-10-23 14:05:47,92.5,3301,92.49,U
sh688668,鼎通科技,2025-10-23 14:06:29,92.51,3000,92.45,U
sh688668,鼎通科技,2025-10-23 14:06:32,92.52,9499,92.51,U
sh688668,鼎通科技,2025-10-23 14:06:35,92.54,4086,92.52,E
sh688668,鼎通科技,2025-10-23 14:08:14,92.56,5687,92.54,U
sh688668,鼎通科技,2025-10-23 14:08:38,92.6,12249,92.59,U
sh688668,鼎通科技,2025-10-23 14:10:05,92.68,12244,92.66,U
sh688668,鼎通科技,2025-10-23 14:10:08,92.82,2487,92.68,U
sh688668,鼎通科技,2025-10-23 14:10:17,92.85,2719,92.85,U
sh688668,鼎通科技,2025-10-23 14:11:05,92.69,3141,92.83,D
sh688668,鼎通科技,2025-10-23 14:11:20,92.68,2360,92.68,D
sh688668,鼎通科技,2025-10-23 14:13:02,92.59,2200,92.59,U
sh688668,鼎通科技,2025-10-23 14:13:08,92.59,3300,92.59,D
sh688668,鼎通科技,2025-10-23 14:14:14,92.63,7900,92.62,U
sh688668,鼎通科技,2025-10-23 14:14:17,92.67,4823,92.63,U
sh688668,鼎通科技,2025-10-23 14:14:29,92.73,3656,92.67,U
sh688668,鼎通科技,2025-10-23 14:15:05,92.81,3471,92.83,D
sh688668,鼎通科技,2025-10-23 14:15:17,92.57,3214,92.8,D
sh688668,鼎通科技,2025-10-23 14:15:23,92.51,4478,92.57,D
sh688668,鼎通科技,2025-10-23 14:15:35,92.61,2900,92.5,E
sh688668,鼎通科技,2025-10-23 14:17:26,92.41,2700,92.41,U
sh688668,鼎通科技,2025-10-23 14:17:59,92.65,10767,92.57,U
sh688668,鼎通科技,2025-10-23 14:18:14,92.67,3098,92.66,D
sh688668,鼎通科技,2025-10-23 14:19:08,92.75,2535,92.77,D
sh688668,鼎通科技,2025-10-23 14:19:59,92.75,2591,92.75,U
sh688668,鼎通科技,2025-10-23 14:20:17,92.79,7654,92.73,U
sh688668,鼎通科技,2025-10-23 14:20:29,92.81,3608,92.8,U
sh688668,鼎通科技,2025-10-23 14:22:02,92.81,4000,92.83,D
sh688668,鼎通科技,2025-10-23 14:23:32,92.7,2200,92.71,D
sh688668,鼎通科技,2025-10-23 14:23:56,92.85,3348,92.82,U
sh688668,鼎通科技,2025-10-23 14:24:05,92.76,3200,92.85,D
sh688668,鼎通科技,2025-10-23 14:24:41,92.7,5404,92.7,D
sh688668,鼎通科技,2025-10-23 14:24:47,92.7,8400,92.7,U
sh688668,鼎通科技,2025-10-23 14:25:50,92.75,8818,92.69,U
sh688668,鼎通科技,2025-10-23 14:26:05,92.85,2649,92.75,U
sh688668,鼎通科技,2025-10-23 14:26:35,92.98,7699,92.91,U
sh688668,鼎通科技,2025-10-23 14:26:38,93.0,23159,92.98,U
sh688668,鼎通科技,2025-10-23 14:26:50,93.1,3951,93.15,D
sh688668,鼎通科技,2025-10-23 14:28:11,93.09,3060,93.19,D
sh688668,鼎通科技,2025-10-23 14:28:23,93.07,3840,93.01,E
sh688668,鼎通科技,2025-10-23 14:28:50,93.06,20981,93.07,E
sh688668,鼎通科技,2025-10-23 14:29:17,93.0,2153,92.98,U
sh688668,鼎通科技,2025-10-23 14:29:20,92.86,9934,93.0,D
sh688668,鼎通科技,2025-10-23 14:29:26,92.84,13604,92.86,D
sh688668,鼎通科技,2025-10-23 14:29:38,92.82,2758,92.83,D
sh688668,鼎通科技,2025-10-23 14:29:47,92.8,4527,92.84,D
sh688668,鼎通科技,2025-10-23 14:31:23,92.65,7638,92.71,D
sh688668,鼎通科技,2025-10-23 14:31:50,92.56,10237,92.61,D
sh688668,鼎通科技,2025-10-23 14:32:14,92.55,3900,92.55,U
sh688668,鼎通科技,2025-10-23 14:32:20,92.55,6015,92.55,U
sh688668,鼎通科技,2025-10-23 14:32:23,92.57,4695,92.55,U
sh688668,鼎通科技,2025-10-23 14:32:26,92.55,2475,92.57,D
sh688668,鼎通科技,2025-10-23 14:32:35,92.35,10461,92.53,D
sh688668,鼎通科技,2025-10-23 14:32:38,92.35,33671,92.35,U
sh688668,鼎通科技,2025-10-23 14:32:41,92.31,30242,92.35,D
sh688668,鼎通科技,2025-10-23 14:32:44,92.35,4446,92.31,U
sh688668,鼎通科技,2025-10-23 14:32:59,92.39,9595,92.56,D
sh688668,鼎通科技,2025-10-23 14:33:32,92.5,5066,92.53,D
sh688668,鼎通科技,2025-10-23 14:33:35,92.5,4272,92.5,U
sh688668,鼎通科技,2025-10-23 14:33:44,92.5,3559,92.5,U
sh688668,鼎通科技,2025-10-23 14:33:50,92.52,9365,92.5,E
sh688668,鼎通科技,2025-10-23 14:33:53,92.6,18523,92.52,U
sh688668,鼎通科技,2025-10-23 14:34:08,92.64,2682,92.64,D
sh688668,鼎通科技,2025-10-23 14:34:23,92.63,3784,92.63,U
sh688668,鼎通科技,2025-10-23 14:34:50,92.71,19921,92.63,U
sh688668,鼎通科技,2025-10-23 14:35:08,92.7,6683,92.69,U
sh688668,鼎通科技,2025-10-23 14:35:20,92.84,3124,92.71,U
sh688668,鼎通科技,2025-10-23 14:35:35,92.99,5200,92.94,U
sh688668,鼎通科技,2025-10-23 14:35:38,92.96,15200,92.99,E
sh688668,鼎通科技,2025-10-23 14:35:47,93.12,12285,93.11,U
sh688668,鼎通科技,2025-10-23 14:36:35,92.67,28827,92.89,D
sh688668,鼎通科技,2025-10-23 14:36:38,92.67,2285,92.67,U
sh688668,鼎通科技,2025-10-23 14:36:53,92.94,3000,92.75,U
sh688668,鼎通科技,2025-10-23 14:37:59,92.97,2960,92.94,U
sh688668,鼎通科技,2025-10-23 14:38:11,93.03,3077,92.97,U
sh688668,鼎通科技,2025-10-23 14:38:29,93.08,3201,93.08,U
sh688668,鼎通科技,2025-10-23 14:38:32,93.08,2800,93.08,U
sh688668,鼎通科技,2025-10-23 14:38:35,93.11,4117,93.08,U
sh688668,鼎通科技,2025-10-23 14:38:38,93.14,2400,93.11,U
sh688668,鼎通科技,2025-10-23 14:38:41,93.19,3663,93.14,U
sh688668,鼎通科技,2025-10-23 14:38:44,93.25,3463,93.19,U
sh688668,鼎通科技,2025-10-23 14:38:47,93.27,2694,93.25,U
sh688668,鼎通科技,2025-10-23 14:38:53,93.27,2900,93.25,D
sh688668,鼎通科技,2025-10-23 14:38:56,93.26,5209,93.27,U
sh688668,鼎通科技,2025-10-23 14:39:05,93.19,2866,93.25,D
sh688668,鼎通科技,2025-10-23 14:39:14,93.25,4822,93.2,U
sh688668,鼎通科技,2025-10-23 14:39:26,93.23,3728,93.19,U
sh688668,鼎通科技,2025-10-23 14:39:29,93.24,67801,93.23,U
sh688668,鼎通科技,2025-10-23 14:39:32,93.18,4995,93.24,E
sh688668,鼎通科技,2025-10-23 14:39:35,93.19,2660,93.18,U
sh688668,鼎通科技,2025-10-23 14:39:50,93.17,2532,93.2,E
sh688668,鼎通科技,2025-10-23 14:40:17,93.1,7028,93.03,U
sh688668,鼎通科技,2025-10-23 14:40:20,93.1,2246,93.1,U
sh688668,鼎通科技,2025-10-23 14:40:23,93.1,2761,93.1,U
sh688668,鼎通科技,2025-10-23 14:40:29,93.17,2200,93.17,U
sh688668,鼎通科技,2025-10-23 14:40:32,93.19,2616,93.17,U
sh688668,鼎通科技,2025-10-23 14:40:35,93.25,3507,93.19,U
sh688668,鼎通科技,2025-10-23 14:40:38,93.25,27671,93.25,U
sh688668,鼎通科技,2025-10-23 14:40:41,93.28,2790,93.25,E
sh688668,鼎通科技,2025-10-23 14:41:02,93.43,18022,93.19,U
sh688668,鼎通科技,2025-10-23 14:41:05,93.43,2554,93.43,U
sh688668,鼎通科技,2025-10-23 14:41:20,93.41,6514,93.3,U
sh688668,鼎通科技,2025-10-23 14:41:29,93.4,5630,93.29,E
sh688668,鼎通科技,2025-10-23 14:42:14,93.3,11839,93.33,D
sh688668,鼎通科技,2025-10-23 14:42:23,93.33,2896,93.34,D
sh688668,鼎通科技,2025-10-23 14:42:32,93.35,3066,93.31,U
sh688668,鼎通科技,2025-10-23 14:42:50,93.39,2239,93.37,U
sh688668,鼎通科技,2025-10-23 14:43:08,93.39,3511,93.4,D
sh688668,鼎通科技,2025-10-23 14:43:14,93.39,3080,93.4,D
sh688668,鼎通科技,2025-10-23 14:43:17,93.41,2429,93.39,U
sh688668,鼎通科技,2025-10-23 14:43:26,93.42,3045,93.42,U
sh688668,鼎通科技,2025-10-23 14:43:38,93.42,2614,93.42,U
sh688668,鼎通科技,2025-10-23 14:43:41,93.41,2734,93.42,D
sh688668,鼎通科技,2025-10-23 14:43:44,93.4,15171,93.41,D
sh688668,鼎通科技,2025-10-23 14:43:47,93.39,11143,93.4,D
sh688668,鼎通科技,2025-10-23 14:43:56,93.4,9291,93.38,U
sh688668,鼎通科技,2025-10-23 14:44:05,93.35,8200,93.36,D
sh688668,鼎通科技,2025-10-23 14:44:08,93.35,7051,93.35,D
sh688668,鼎通科技,2025-10-23 14:44:14,93.35,2578,93.36,D
sh688668,鼎通科技,2025-10-23 14:44:17,93.35,3248,93.35,D
sh688668,鼎通科技,2025-10-23 14:44:20,93.35,4625,93.35,D
sh688668,鼎通科技,2025-10-23 14:45:05,93.25,3529,93.26,D
sh688668,鼎通科技,2025-10-23 14:45:08,93.26,2619,93.25,U
sh688668,鼎通科技,2025-10-23 14:45:26,93.2,2248,93.21,D
sh688668,鼎通科技,2025-10-23 14:45:53,93.08,4542,93.09,D
sh688668,鼎通科技,2025-10-23 14:46:08,93.06,2200,93.07,D
sh688668,鼎通科技,2025-10-23 14:46:14,93.08,6793,93.06,U
sh688668,鼎通科技,2025-10-23 14:46:41,93.02,2725,93.03,D
sh688668,鼎通科技,2025-10-23 14:46:56,93.0,3237,93.0,D
sh688668,鼎通科技,2025-10-23 14:47:02,93.03,4500,93.0,E
sh688668,鼎通科技,2025-10-23 14:47:08,93.06,2786,93.05,U
sh688668,鼎通科技,2025-10-23 14:47:11,93.1,7765,93.06,U
sh688668,鼎通科技,2025-10-23 14:47:14,93.1,5267,93.1,D
sh688668,鼎通科技,2025-10-23 14:47:50,93.15,3383,93.16,D
sh688668,鼎通科技,2025-10-23 14:47:53,93.15,2710,93.15,D
sh688668,鼎通科技,2025-10-23 14:47:59,93.19,2836,93.15,U
sh688668,鼎通科技,2025-10-23 14:48:05,93.19,2988,93.19,U
sh688668,鼎通科技,2025-10-23 14:48:32,93.17,4917,93.15,U
sh688668,鼎通科技,2025-10-23 14:48:35,93.17,6048,93.17,U
sh688668,鼎通科技,2025-10-23 14:48:38,93.18,3721,93.17,U
sh688668,鼎通科技,2025-10-23 14:48:47,93.19,6100,93.18,U
sh688668,鼎通科技,2025-10-23 14:48:50,93.23,4492,93.19,U
sh688668,鼎通科技,2025-10-23 14:48:56,93.2,7200,93.2,D
sh688668,鼎通科技,2025-10-23 14:49:02,93.25,3744,93.22,U
sh688668,鼎通科技,2025-10-23 14:49:17,93.21,8414,93.2,U
sh688668,鼎通科技,2025-10-23 14:49:20,93.21,2446,93.21,U
sh688668,鼎通科技,2025-10-23 14:49:29,93.15,4066,93.2,D
sh688668,鼎通科技,2025-10-23 14:50:02,93.03,2700,93.05,D
sh688668,鼎通科技,2025-10-23 14:50:14,93.03,6200,93.03,D
sh688668,鼎通科技,2025-10-23 14:50:32,93.03,3800,93.03,D
sh688668,鼎通科技,2025-10-23 14:50:38,93.04,2165,93.03,U
sh688668,鼎通科技,2025-10-23 14:50:44,93.03,5300,93.03,D
sh688668,鼎通科技,2025-10-23 14:50:50,93.05,4600,93.04,U
sh688668,鼎通科技,2025-10-23 14:51:56,92.93,11956,92.94,U
sh688668,鼎通科技,2025-10-23 14:52:20,92.92,114568,92.91,U
sh688668,鼎通科技,2025-10-23 14:52:23,92.94,2310,92.92,U
sh688668,鼎通科技,2025-10-23 14:52:26,92.94,2529,92.94,U
sh688668,鼎通科技,2025-10-23 14:52:29,92.94,4809,92.94,U
sh688668,鼎通科技,2025-10-23 14:52:44,92.95,4196,92.86,U
sh688668,鼎通科技,2025-10-23 14:52:50,93.0,17181,92.96,U
sh688668,鼎通科技,2025-10-23 14:52:56,93.03,6202,92.99,U
sh688668,鼎通科技,2025-10-23 14:52:59,92.98,2502,93.03,D
sh688668,鼎通科技,2025-10-23 14:53:08,92.99,2817,93.02,E
sh688668,鼎通科技,2025-10-23 14:54:02,92.85,3511,92.94,D
sh688668,鼎通科技,2025-10-23 14:54:05,92.9,2800,92.85,U
sh688668,鼎通科技,2025-10-23 14:54:26,92.8,117624,92.84,U
sh688668,鼎通科技,2025-10-23 14:54:29,92.8,2876,92.8,D
sh688668,鼎通科技,2025-10-23 14:54:47,92.71,6517,92.71,D
sh688668,鼎通科技,2025-10-23 14:54:50,92.7,5410,92.71,D
sh688668,鼎通科技,2025-10-23 14:54:53,92.75,2983,92.7,U
sh688668,鼎通科技,2025-10-23 14:55:02,92.74,8941,92.73,U
sh688668,鼎通科技,2025-10-23 14:55:05,92.79,2630,92.74,U
sh688668,鼎通科技,2025-10-23 14:55:08,92.94,8065,92.79,U
sh688668,鼎通科技,2025-10-23 14:55:14,92.89,2295,92.89,D
sh688668,鼎通科技,2025-10-23 14:55:38,92.88,3472,92.83,U
sh688668,鼎通科技,2025-10-23 14:55:59,92.85,2388,92.85,U
sh688668,鼎通科技,2025-10-23 14:56:08,92.85,3329,92.85,D
sh688668,鼎通科技,2025-10-23 14:56:14,92.85,2537,92.85,D
sh688668,鼎通科技,2025-10-23 14:56:26,92.86,3900,92.86,D
sh688668,鼎通科技,2025-10-23 14:56:29,92.87,3000,92.86,U
sh688668,鼎通科技,2025-10-23 14:56:38,92.9,7834,92.83,U
sh688668,鼎通科技,2025-10-23 14:56:47,92.85,2429,92.83,U
sh688668,鼎通科技,2025-10-23 14:56:56,92.8,13103,92.83,D
sh688668,鼎通科技,2025-10-23 15:00:01,92.78,52891,92.8,U
