symbol,name,ticktime,price,volume,prev_price,kind
sh688668,鼎通科技,2025-09-24 09:25:02,103.7,45590,0.0,U
sh688668,鼎通科技,2025-09-24 09:30:02,104.13,20238,103.7,U
sh688668,鼎通科技,2025-09-24 09:30:06,104.13,6139,104.13,D
sh688668,鼎通科技,2025-09-24 09:30:09,104.38,6308,104.13,U
sh688668,鼎通科技,2025-09-24 09:30:12,104.14,2597,104.38,D
sh688668,鼎通科技,2025-09-24 09:30:14,104.0,3248,104.14,D
sh688668,鼎通科技,2025-09-24 09:30:18,103.7,17979,104.0,D
sh688668,鼎通科技,2025-09-24 09:30:21,104.3,3552,103.7,U
sh688668,鼎通科技,2025-09-24 09:30:23,103.73,6385,104.3,D
sh688668,鼎通科技,2025-09-24 09:30:27,103.7,7520,103.73,D
sh688668,鼎通科技,2025-09-24 09:30:30,103.73,6816,103.7,U
sh688668,鼎通科技,2025-09-24 09:30:32,103.6,13251,103.73,D
sh688668,鼎通科技,2025-09-24 09:30:36,103.53,11926,103.6,D
sh688668,鼎通科技,2025-09-24 09:30:39,103.4,7432,103.53,D
sh688668,鼎通科技,2025-09-24 09:30:41,103.33,5591,103.4,D
sh688668,鼎通科技,2025-09-24 09:30:45,103.14,3073,103.33,D
sh688668,鼎通科技,2025-09-24 09:30:48,103.1,5628,103.14,D
sh688668,鼎通科技,2025-09-24 09:30:51,103.0,7449,103.1,D
sh688668,鼎通科技,2025-09-24 09:30:54,102.88,27279,103.0,D
sh688668,鼎通科技,2025-09-24 09:30:57,102.85,14907,102.88,D
sh688668,鼎通科技,2025-09-24 09:31:00,102.61,12405,102.85,D
sh688668,鼎通科技,2025-09-24 09:31:03,102.55,4464,102.61,D
sh688668,鼎通科技,2025-09-24 09:31:06,102.5,6179,102.55,D
sh688668,鼎通科技,2025-09-24 09:31:09,102.3,3045,102.5,D
sh688668,鼎通科技,2025-09-24 09:31:15,102.1,2477,102.2,D
sh688668,鼎通科技,2025-09-24 09:31:18,102.06,13908,102.1,D
sh688668,鼎通科技,2025-09-24 09:31:21,102.07,14051,102.06,U
sh688668,鼎通科技,2025-09-24 09:31:24,102.16,8877,102.07,U
sh688668,鼎通科技,2025-09-24 09:31:27,102.07,3091,102.16,D
sh688668,鼎通科技,2025-09-24 09:31:30,102.01,6042,102.07,D
sh688668,鼎通科技,2025-09-24 09:31:33,102.06,24966,102.01,E
sh688668,鼎通科技,2025-09-24 09:31:35,102.16,5650,102.06,U
sh688668,鼎通科技,2025-09-24 09:31:39,102.16,5498,102.16,U
sh688668,鼎通科技,2025-09-24 09:31:45,102.17,8749,102.17,D
sh688668,鼎通科技,2025-09-24 09:31:48,102.2,3297,102.17,U
sh688668,鼎通科技,2025-09-24 09:31:51,102.51,8617,102.2,U
sh688668,鼎通科技,2025-09-24 09:31:57,102.3,4950,102.31,D
sh688668,鼎通科技,2025-09-24 09:32:00,102.3,8278,102.3,D
sh688668,鼎通科技,2025-09-24 09:32:03,102.16,6565,102.3,D
sh688668,鼎通科技,2025-09-24 09:32:06,102.05,24088,102.16,D
sh688668,鼎通科技,2025-09-24 09:32:09,101.95,20102,102.05,D
sh688668,鼎通科技,2025-09-24 09:32:12,101.91,21312,101.95,E
sh688668,鼎通科技,2025-09-24 09:32:15,101.86,17972,101.91,D
sh688668,鼎通科技,2025-09-24 09:32:18,101.96,7003,101.86,U
sh688668,鼎通科技,2025-09-24 09:32:21,101.97,5598,101.96,D
sh688668,鼎通科技,2025-09-24 09:32:24,102.02,5066,101.97,U
sh688668,鼎通科技,2025-09-24 09:32:30,102.31,9442,102.22,U
sh688668,鼎通科技,2025-09-24 09:32:33,102.51,5550,102.31,U
sh688668,鼎通科技,2025-09-24 09:32:36,102.51,5044,102.51,U
sh688668,鼎通科技,2025-09-24 09:32:39,102.62,4246,102.51,U
sh688668,鼎通科技,2025-09-24 09:32:42,102.87,3215,102.62,U
sh688668,鼎通科技,2025-09-24 09:32:45,103.0,5891,102.87,U
sh688668,鼎通科技,2025-09-24 09:32:48,102.88,2701,103.0,D
sh688668,鼎通科技,2025-09-24 09:33:00,102.89,5578,103.01,D
sh688668,鼎通科技,2025-09-24 09:33:03,102.9,3520,102.89,U
sh688668,鼎通科技,2025-09-24 09:33:06,102.8,11657,102.9,D
sh688668,鼎通科技,2025-09-24 09:33:09,102.8,5683,102.8,U
sh688668,鼎通科技,2025-09-24 09:33:11,102.8,8578,102.8,E
sh688668,鼎通科技,2025-09-24 09:33:15,102.85,3059,102.8,U
sh688668,鼎通科技,2025-09-24 09:33:18,102.89,3505,102.85,U
sh688668,鼎通科技,2025-09-24 09:33:21,102.99,3017,102.89,U
sh688668,鼎通科技,2025-09-24 09:33:24,103.09,5318,102.99,U
sh688668,鼎通科技,2025-09-24 09:33:27,102.99,3551,103.09,D
sh688668,鼎通科技,2025-09-24 09:33:30,103.14,2100,102.99,D
sh688668,鼎通科技,2025-09-24 09:33:33,103.17,2443,103.14,U
sh688668,鼎通科技,2025-09-24 09:33:36,102.89,4597,103.17,D
sh688668,鼎通科技,2025-09-24 09:33:42,102.96,2200,103.0,U
sh688668,鼎通科技,2025-09-24 09:33:45,102.55,20063,102.96,D
sh688668,鼎通科技,2025-09-24 09:33:48,102.69,15099,102.55,U
sh688668,鼎通科技,2025-09-24 09:33:57,102.34,2626,102.41,D
sh688668,鼎通科技,2025-09-24 09:34:00,102.4,3878,102.34,D
sh688668,鼎通科技,2025-09-24 09:34:03,102.3,5975,102.4,D
sh688668,鼎通科技,2025-09-24 09:34:06,102.17,3558,102.3,D
sh688668,鼎通科技,2025-09-24 09:34:09,102.2,8249,102.17,U
sh688668,鼎通科技,2025-09-24 09:34:15,102.08,7047,102.11,E
sh688668,鼎通科技,2025-09-24 09:34:18,102.35,18515,102.08,U
sh688668,鼎通科技,2025-09-24 09:34:21,102.45,3383,102.35,U
sh688668,鼎通科技,2025-09-24 09:34:39,102.21,3659,102.25,D
sh688668,鼎通科技,2025-09-24 09:34:45,102.28,5611,102.25,U
sh688668,鼎通科技,2025-09-24 09:34:53,102.2,7896,102.28,D
sh688668,鼎通科技,2025-09-24 09:34:57,102.27,2116,102.2,U
sh688668,鼎通科技,2025-09-24 09:35:03,102.2,18650,102.27,D
sh688668,鼎通科技,2025-09-24 09:35:06,102.25,2829,102.2,U
sh688668,鼎通科技,2025-09-24 09:35:12,102.26,9211,102.26,U
sh688668,鼎通科技,2025-09-24 09:35:15,102.16,4401,102.26,D
sh688668,鼎通科技,2025-09-24 09:35:21,102.11,6976,102.25,D
sh688668,鼎通科技,2025-09-24 09:35:27,102.16,3335,102.09,U
sh688668,鼎通科技,2025-09-24 09:35:30,102.26,2680,102.16,U
sh688668,鼎通科技,2025-09-24 09:35:33,102.32,8835,102.26,U
sh688668,鼎通科技,2025-09-24 09:35:36,102.25,8503,102.32,D
sh688668,鼎通科技,2025-09-24 09:35:45,102.48,4834,102.85,E
sh688668,鼎通科技,2025-09-24 09:36:03,102.35,4764,102.78,D
sh688668,鼎通科技,2025-09-24 09:36:08,102.26,7225,102.25,U
sh688668,鼎通科技,2025-09-24 09:36:15,102.21,4118,102.34,D
sh688668,鼎通科技,2025-09-24 09:36:18,102.05,15879,102.21,D
sh688668,鼎通科技,2025-09-24 09:36:21,102.08,2440,102.05,U
sh688668,鼎通科技,2025-09-24 09:36:27,102.01,17984,102.05,D
sh688668,鼎通科技,2025-09-24 09:36:30,102.04,6273,102.01,U
sh688668,鼎通科技,2025-09-24 09:36:33,102.0,11401,102.04,D
sh688668,鼎通科技,2025-09-24 09:36:36,102.0,2227,102.0,D
sh688668,鼎通科技,2025-09-24 09:36:39,102.04,6606,102.0,U
sh688668,鼎通科技,2025-09-24 09:36:42,102.01,15106,102.04,E
sh688668,鼎通科技,2025-09-24 09:36:45,102.01,20046,102.01,D
sh688668,鼎通科技,2025-09-24 09:36:48,102.0,9078,102.01,D
sh688668,鼎通科技,2025-09-24 09:36:54,102.06,16665,102.05,U
sh688668,鼎通科技,2025-09-24 09:36:57,102.01,16447,102.06,D
sh688668,鼎通科技,2025-09-24 09:37:00,101.89,18962,102.01,D
sh688668,鼎通科技,2025-09-24 09:37:03,101.88,9367,101.89,D
sh688668,鼎通科技,2025-09-24 09:37:06,101.8,6621,101.88,D
sh688668,鼎通科技,2025-09-24 09:37:09,101.7,9970,101.8,D
sh688668,鼎通科技,2025-09-24 09:37:12,101.6,3125,101.7,D
sh688668,鼎通科技,2025-09-24 09:37:18,101.33,3500,101.51,D
sh688668,鼎通科技,2025-09-24 09:37:21,101.53,8477,101.33,U
sh688668,鼎通科技,2025-09-24 09:37:24,101.2,43223,101.53,D
sh688668,鼎通科技,2025-09-24 09:37:27,101.27,8630,101.2,U
sh688668,鼎通科技,2025-09-24 09:37:36,101.32,8604,101.33,D
sh688668,鼎通科技,2025-09-24 09:37:39,101.52,3412,101.32,U
sh688668,鼎通科技,2025-09-24 09:37:42,101.33,8158,101.52,D
sh688668,鼎通科技,2025-09-24 09:37:45,101.33,2509,101.33,U
sh688668,鼎通科技,2025-09-24 09:37:48,101.5,5885,101.33,U
sh688668,鼎通科技,2025-09-24 09:37:51,101.37,2624,101.5,D
sh688668,鼎通科技,2025-09-24 09:37:57,101.66,48556,101.36,U
sh688668,鼎通科技,2025-09-24 09:38:00,101.71,3012,101.66,U
sh688668,鼎通科技,2025-09-24 09:38:03,101.97,8109,101.71,U
sh688668,鼎通科技,2025-09-24 09:38:12,101.98,2011,101.8,U
sh688668,鼎通科技,2025-09-24 09:38:18,102.26,8301,101.81,U
sh688668,鼎通科技,2025-09-24 09:38:24,102.04,10657,102.04,D
sh688668,鼎通科技,2025-09-24 09:38:42,102.5,2330,102.51,E
sh688668,鼎通科技,2025-09-24 09:38:48,102.52,3000,102.51,U
sh688668,鼎通科技,2025-09-24 09:38:51,102.6,2107,102.52,U
sh688668,鼎通科技,2025-09-24 09:39:03,102.26,5067,102.61,D
sh688668,鼎通科技,2025-09-24 09:39:15,102.7,3878,102.35,U
sh688668,鼎通科技,2025-09-24 09:39:21,102.36,5439,102.7,D
sh688668,鼎通科技,2025-09-24 09:39:27,102.33,6704,102.36,D
sh688668,鼎通科技,2025-09-24 09:39:42,102.84,2010,102.54,U
sh688668,鼎通科技,2025-09-24 09:39:48,103.0,5224,102.63,U
sh688668,鼎通科技,2025-09-24 09:39:51,103.11,3000,103.0,U
sh688668,鼎通科技,2025-09-24 09:39:54,103.22,2892,103.11,E
sh688668,鼎通科技,2025-09-24 09:39:57,103.23,3200,103.22,U
sh688668,鼎通科技,2025-09-24 09:40:03,103.23,3876,103.21,U
sh688668,鼎通科技,2025-09-24 09:40:12,103.23,3570,103.23,D
sh688668,鼎通科技,2025-09-24 09:40:18,103.66,6417,103.23,U
sh688668,鼎通科技,2025-09-24 09:40:21,103.8,2853,103.66,E
sh688668,鼎通科技,2025-09-24 09:40:36,103.88,2825,103.8,U
sh688668,鼎通科技,2025-09-24 09:40:57,103.66,2156,103.8,D
sh688668,鼎通科技,2025-09-24 09:41:09,103.74,2995,103.67,U
sh688668,鼎通科技,2025-09-24 09:41:18,103.88,7771,103.67,U
sh688668,鼎通科技,2025-09-24 09:41:27,103.88,4074,103.89,D
sh688668,鼎通科技,2025-09-24 09:41:33,103.83,4311,103.88,D
sh688668,鼎通科技,2025-09-24 09:41:36,103.88,2305,103.83,U
sh688668,鼎通科技,2025-09-24 09:41:39,103.88,2639,103.88,D
sh688668,鼎通科技,2025-09-24 09:42:03,103.66,4973,103.86,D
sh688668,鼎通科技,2025-09-24 09:42:06,103.4,4540,103.66,D
sh688668,鼎通科技,2025-09-24 09:42:15,103.22,4606,103.42,D
sh688668,鼎通科技,2025-09-24 09:42:21,103.29,2200,103.09,U
sh688668,鼎通科技,2025-09-24 09:42:30,103.31,3222,103.31,D
sh688668,鼎通科技,2025-09-24 09:42:51,103.0,7360,103.27,D
sh688668,鼎通科技,2025-09-24 09:42:57,103.29,4333,103.0,U
sh688668,鼎通科技,2025-09-24 09:43:03,103.3,2718,103.33,D
sh688668,鼎通科技,2025-09-24 09:43:09,103.39,2820,103.33,U
sh688668,鼎通科技,2025-09-24 09:43:21,103.29,12670,103.42,D
sh688668,鼎通科技,2025-09-24 09:43:24,103.27,4928,103.29,D
sh688668,鼎通科技,2025-09-24 09:43:27,103.28,4615,103.27,U
sh688668,鼎通科技,2025-09-24 09:43:33,103.18,2200,103.28,E
sh688668,鼎通科技,2025-09-24 09:43:39,103.18,6694,103.0,U
sh688668,鼎通科技,2025-09-24 09:44:12,102.83,3647,102.84,D
sh688668,鼎通科技,2025-09-24 09:44:18,102.64,2681,102.83,D
sh688668,鼎通科技,2025-09-24 09:44:30,102.5,3582,102.77,D
sh688668,鼎通科技,2025-09-24 09:44:45,102.23,7962,102.37,D
sh688668,鼎通科技,2025-09-24 09:44:51,102.37,9089,102.22,U
sh688668,鼎通科技,2025-09-24 09:45:03,102.36,5397,102.39,D
sh688668,鼎通科技,2025-09-24 09:45:06,102.13,12624,102.36,D
sh688668,鼎通科技,2025-09-24 09:45:12,102.01,6646,102.05,D
sh688668,鼎通科技,2025-09-24 09:45:15,102.0,7222,102.01,D
sh688668,鼎通科技,2025-09-24 09:45:18,102.16,3254,102.0,U
sh688668,鼎通科技,2025-09-24 09:45:21,102.1,6400,102.16,E
sh688668,鼎通科技,2025-09-24 09:45:24,102.0,7102,102.1,D
sh688668,鼎通科技,2025-09-24 09:45:27,102.02,2164,102.0,U
sh688668,鼎通科技,2025-09-24 09:45:33,101.81,5877,102.0,D
sh688668,鼎通科技,2025-09-24 09:45:36,101.98,9315,101.81,U
sh688668,鼎通科技,2025-09-24 09:45:39,101.81,2071,101.98,D
sh688668,鼎通科技,2025-09-24 09:45:42,101.79,3729,101.81,U
sh688668,鼎通科技,2025-09-24 09:45:48,101.78,2159,101.88,D
sh688668,鼎通科技,2025-09-24 09:45:57,101.96,3852,101.96,U
sh688668,鼎通科技,2025-09-24 09:46:03,101.98,8563,101.92,U
sh688668,鼎通科技,2025-09-24 09:46:12,101.98,3486,101.98,D
sh688668,鼎通科技,2025-09-24 09:46:15,101.92,3891,101.98,D
sh688668,鼎通科技,2025-09-24 09:46:18,101.91,4173,101.92,D
sh688668,鼎通科技,2025-09-24 09:46:21,101.8,11308,101.91,D
sh688668,鼎通科技,2025-09-24 09:46:24,101.7,4600,101.8,D
sh688668,鼎通科技,2025-09-24 09:46:33,101.63,2181,101.7,D
sh688668,鼎通科技,2025-09-24 09:46:36,101.78,4608,101.63,U
sh688668,鼎通科技,2025-09-24 09:46:39,101.63,2146,101.78,D
sh688668,鼎通科技,2025-09-24 09:46:57,101.6,10621,101.66,D
sh688668,鼎通科技,2025-09-24 09:47:00,101.51,4874,101.6,D
sh688668,鼎通科技,2025-09-24 09:47:03,101.5,10214,101.51,D
sh688668,鼎通科技,2025-09-24 09:47:06,101.5,9348,101.5,D
sh688668,鼎通科技,2025-09-24 09:47:15,101.33,3600,101.4,D
sh688668,鼎通科技,2025-09-24 09:47:18,101.4,3016,101.33,D
sh688668,鼎通科技,2025-09-24 09:47:24,101.4,4492,101.42,D
sh688668,鼎通科技,2025-09-24 09:47:27,101.33,6204,101.4,D
sh688668,鼎通科技,2025-09-24 09:47:30,101.4,7051,101.33,U
sh688668,鼎通科技,2025-09-24 09:47:39,101.34,5173,101.4,E
sh688668,鼎通科技,2025-09-24 09:47:42,101.3,2650,101.34,D
sh688668,鼎通科技,2025-09-24 09:47:45,101.4,4900,101.3,U
sh688668,鼎通科技,2025-09-24 09:47:48,101.26,6963,101.4,D
sh688668,鼎通科技,2025-09-24 09:47:57,101.26,3611,101.26,D
sh688668,鼎通科技,2025-09-24 09:48:06,101.4,3378,101.27,U
sh688668,鼎通科技,2025-09-24 09:48:09,101.25,2022,101.4,D
sh688668,鼎通科技,2025-09-24 09:48:30,101.66,2076,101.6,U
sh688668,鼎通科技,2025-09-24 09:48:48,101.81,2200,101.81,U
sh688668,鼎通科技,2025-09-24 09:49:12,101.98,2910,101.97,U
sh688668,鼎通科技,2025-09-24 09:49:15,101.98,3598,101.98,U
sh688668,鼎通科技,2025-09-24 09:49:18,102.06,3844,101.98,U
sh688668,鼎通科技,2025-09-24 09:49:51,101.87,1991,101.9,D
sh688668,鼎通科技,2025-09-24 09:50:09,101.6,4133,101.65,D
sh688668,鼎通科技,2025-09-24 09:50:12,101.46,2280,101.6,D
sh688668,鼎通科技,2025-09-24 09:50:18,101.34,3953,101.44,D
sh688668,鼎通科技,2025-09-24 09:50:21,101.33,2898,101.34,D
sh688668,鼎通科技,2025-09-24 09:50:24,101.3,19263,101.33,D
sh688668,鼎通科技,2025-09-24 09:50:27,101.25,3751,101.3,D
sh688668,鼎通科技,2025-09-24 09:50:30,101.23,4100,101.25,D
sh688668,鼎通科技,2025-09-24 09:50:33,101.22,2700,101.23,D
sh688668,鼎通科技,2025-09-24 09:50:39,101.22,2138,101.25,D
sh688668,鼎通科技,2025-09-24 09:50:42,101.22,2902,101.22,D
sh688668,鼎通科技,2025-09-24 09:50:44,101.3,9806,101.22,U
sh688668,鼎通科技,2025-09-24 09:50:48,101.5,10520,101.3,U
sh688668,鼎通科技,2025-09-24 09:50:51,101.51,8191,101.5,U
sh688668,鼎通科技,2025-09-24 09:50:54,101.51,9100,101.51,D
sh688668,鼎通科技,2025-09-24 09:51:03,101.53,1999,101.51,E
sh688668,鼎通科技,2025-09-24 09:51:18,101.9,2484,101.88,U
sh688668,鼎通科技,2025-09-24 09:51:21,101.96,2927,101.9,E
sh688668,鼎通科技,2025-09-24 09:51:30,102.27,6746,101.96,U
sh688668,鼎通科技,2025-09-24 09:51:36,102.29,4150,102.32,D
sh688668,鼎通科技,2025-09-24 09:51:42,102.29,2528,102.31,E
sh688668,鼎通科技,2025-09-24 09:52:15,102.04,7777,102.04,D
sh688668,鼎通科技,2025-09-24 09:52:21,102.05,2892,102.04,U
sh688668,鼎通科技,2025-09-24 09:52:45,102.29,2739,102.25,U
sh688668,鼎通科技,2025-09-24 09:53:06,102.35,3300,102.35,D
sh688668,鼎通科技,2025-09-24 09:53:18,102.25,3824,102.3,D
sh688668,鼎通科技,2025-09-24 09:53:21,102.07,3174,102.25,D
sh688668,鼎通科技,2025-09-24 09:53:33,102.0,5487,102.09,D
sh688668,鼎通科技,2025-09-24 09:53:48,101.8,4301,101.98,D
sh688668,鼎通科技,2025-09-24 09:54:18,101.91,8739,101.88,U
sh688668,鼎通科技,2025-09-24 09:54:21,101.9,7351,101.91,D
sh688668,鼎通科技,2025-09-24 09:54:30,101.8,2239,101.88,D
sh688668,鼎通科技,2025-09-24 09:55:12,101.89,3356,101.89,D
sh688668,鼎通科技,2025-09-24 09:55:15,101.89,3842,101.89,D
sh688668,鼎通科技,2025-09-24 09:55:24,101.89,4823,101.88,U
sh688668,鼎通科技,2025-09-24 09:55:54,101.9,2466,101.89,D
sh688668,鼎通科技,2025-09-24 09:56:03,101.89,5190,101.9,D
sh688668,鼎通科技,2025-09-24 09:57:02,101.87,5100,101.78,U
sh688668,鼎通科技,2025-09-24 09:57:15,102.42,10298,101.87,U
sh688668,鼎通科技,2025-09-24 09:57:18,102.46,4550,102.42,U
sh688668,鼎通科技,2025-09-24 09:57:21,102.5,4858,102.46,U
sh688668,鼎通科技,2025-09-24 09:59:03,103.18,4291,102.88,U
sh688668,鼎通科技,2025-09-24 09:59:06,103.4,2036,103.18,U
sh688668,鼎通科技,2025-09-24 09:59:18,103.27,3400,103.28,E
sh688668,鼎通科技,2025-09-24 09:59:24,103.4,2771,103.27,U
sh688668,鼎通科技,2025-09-24 10:00:00,103.12,3617,103.17,D
sh688668,鼎通科技,2025-09-24 10:00:09,103.21,4009,103.2,U
sh688668,鼎通科技,2025-09-24 10:00:12,103.22,2773,103.21,U
sh688668,鼎通科技,2025-09-24 10:00:15,103.31,3601,103.22,U
sh688668,鼎通科技,2025-09-24 10:00:18,103.42,2000,103.31,E
sh688668,鼎通科技,2025-09-24 10:00:24,103.1,13102,103.45,D
sh688668,鼎通科技,2025-09-24 10:00:27,103.29,2458,103.1,U
sh688668,鼎通科技,2025-09-24 10:00:29,103.44,10148,103.29,U
sh688668,鼎通科技,2025-09-24 10:00:32,103.23,16621,103.44,D
sh688668,鼎通科技,2025-09-24 10:00:51,102.99,1950,102.99,D
sh688668,鼎通科技,2025-09-24 10:01:06,102.87,2155,103.11,D
sh688668,鼎通科技,2025-09-24 10:01:15,102.65,4336,102.88,D
sh688668,鼎通科技,2025-09-24 10:01:21,102.88,4102,102.88,U
sh688668,鼎通科技,2025-09-24 10:01:48,102.63,2400,102.67,E
sh688668,鼎通科技,2025-09-24 10:02:00,102.71,3065,102.66,E
sh688668,鼎通科技,2025-09-24 10:02:09,102.88,3040,102.71,U
sh688668,鼎通科技,2025-09-24 10:02:12,102.97,3985,102.88,U
sh688668,鼎通科技,2025-09-24 10:02:15,103.0,4121,102.97,U
sh688668,鼎通科技,2025-09-24 10:02:23,103.11,2289,103.0,U
sh688668,鼎通科技,2025-09-24 10:02:35,103.01,13871,102.98,U
sh688668,鼎通科技,2025-09-24 10:02:45,103.14,1987,103.12,U
sh688668,鼎通科技,2025-09-24 10:02:57,103.44,7164,103.14,U
sh688668,鼎通科技,2025-09-24 10:03:18,103.3,2196,103.13,U
sh688668,鼎通科技,2025-09-24 10:03:24,103.17,2643,103.33,D
sh688668,鼎通科技,2025-09-24 10:03:48,103.35,6602,103.21,U
sh688668,鼎通科技,2025-09-24 10:03:51,103.4,10200,103.35,U
sh688668,鼎通科技,2025-09-24 10:03:54,103.45,4638,103.4,U
sh688668,鼎通科技,2025-09-24 10:04:12,103.13,5117,103.16,D
sh688668,鼎通科技,2025-09-24 10:04:15,103.0,4882,103.13,D
sh688668,鼎通科技,2025-09-24 10:04:36,102.86,2330,102.85,U
sh688668,鼎通科技,2025-09-24 10:04:39,103.0,9400,102.86,U
sh688668,鼎通科技,2025-09-24 10:04:42,103.0,2032,103.0,U
sh688668,鼎通科技,2025-09-24 10:04:54,103.0,5835,102.94,U
sh688668,鼎通科技,2025-09-24 10:05:00,102.7,2000,102.93,D
sh688668,鼎通科技,2025-09-24 10:05:15,102.93,3107,102.78,U
sh688668,鼎通科技,2025-09-24 10:05:27,102.63,3815,102.72,D
sh688668,鼎通科技,2025-09-24 10:05:57,102.94,16602,102.89,U
sh688668,鼎通科技,2025-09-24 10:06:15,103.0,2239,102.96,U
sh688668,鼎通科技,2025-09-24 10:06:18,103.01,2546,103.0,U
sh688668,鼎通科技,2025-09-24 10:07:33,102.5,3650,102.88,D
sh688668,鼎通科技,2025-09-24 10:07:39,102.53,2221,102.6,E
sh688668,鼎通科技,2025-09-24 10:07:42,102.69,2270,102.53,U
sh688668,鼎通科技,2025-09-24 10:10:51,102.1,2172,102.2,D
sh688668,鼎通科技,2025-09-24 10:11:00,102.07,7480,102.04,E
sh688668,鼎通科技,2025-09-24 10:11:06,102.0,8543,102.07,D
sh688668,鼎通科技,2025-09-24 10:11:15,102.18,2009,102.2,D
sh688668,鼎通科技,2025-09-24 10:12:06,102.32,4997,102.21,U
sh688668,鼎通科技,2025-09-24 10:12:24,102.46,2618,102.4,U
sh688668,鼎通科技,2025-09-24 10:12:33,102.46,2241,102.46,U
sh688668,鼎通科技,2025-09-24 10:13:15,102.54,3437,102.57,D
sh688668,鼎通科技,2025-09-24 10:14:54,102.42,2900,102.43,D
sh688668,鼎通科技,2025-09-24 10:15:27,102.4,5149,102.4,D
sh688668,鼎通科技,2025-09-24 10:16:06,102.42,2096,102.43,D
sh688668,鼎通科技,2025-09-24 10:16:32,102.54,2626,102.53,U
sh688668,鼎通科技,2025-09-24 10:17:00,103.0,8477,102.7,U
sh688668,鼎通科技,2025-09-24 10:17:27,103.3,2822,103.08,U
sh688668,鼎通科技,2025-09-24 10:17:42,103.23,2242,103.3,D
sh688668,鼎通科技,2025-09-24 10:18:33,103.17,2295,103.3,U
sh688668,鼎通科技,2025-09-24 10:19:00,103.3,3600,103.15,U
sh688668,鼎通科技,2025-09-24 10:19:30,103.18,3900,103.33,D
sh688668,鼎通科技,2025-09-24 10:20:12,103.33,2186,103.31,U
sh688668,鼎通科技,2025-09-24 10:20:18,103.5,12777,103.37,U
sh688668,鼎通科技,2025-09-24 10:20:21,103.6,7138,103.5,U
sh688668,鼎通科技,2025-09-24 10:20:51,103.67,2400,103.61,U
sh688668,鼎通科技,2025-09-24 10:21:03,103.85,2519,103.72,U
sh688668,鼎通科技,2025-09-24 10:21:45,103.97,6229,103.8,U
sh688668,鼎通科技,2025-09-24 10:21:48,103.98,4266,103.97,U
sh688668,鼎通科技,2025-09-24 10:21:50,103.98,2068,103.98,U
sh688668,鼎通科技,2025-09-24 10:22:00,104.0,20553,103.98,U
sh688668,鼎通科技,2025-09-24 10:22:03,104.13,2285,104.0,U
sh688668,鼎通科技,2025-09-24 10:22:06,104.01,3024,104.13,D
sh688668,鼎通科技,2025-09-24 10:22:12,104.2,4100,104.01,U
sh688668,鼎通科技,2025-09-24 10:22:18,104.05,2441,104.2,D
sh688668,鼎通科技,2025-09-24 10:22:42,104.05,4800,104.06,D
sh688668,鼎通科技,2025-09-24 10:22:54,104.05,5172,104.07,D
sh688668,鼎通科技,2025-09-24 10:23:09,104.0,3772,104.07,D
sh688668,鼎通科技,2025-09-24 10:23:24,103.98,2371,103.99,D
sh688668,鼎通科技,2025-09-24 10:23:51,103.99,13432,103.85,U
sh688668,鼎通科技,2025-09-24 10:23:54,104.0,2343,103.99,U
sh688668,鼎通科技,2025-09-24 10:24:24,103.98,2500,104.0,D
sh688668,鼎通科技,2025-09-24 10:24:27,103.98,4600,103.98,D
sh688668,鼎通科技,2025-09-24 10:24:47,103.9,2800,103.9,U
sh688668,鼎通科技,2025-09-24 10:24:54,103.94,2400,103.8,U
sh688668,鼎通科技,2025-09-24 10:25:08,104.01,7217,104.0,U
sh688668,鼎通科技,2025-09-24 10:25:24,103.96,5792,104.02,D
sh688668,鼎通科技,2025-09-24 10:25:47,103.5,10001,103.89,D
sh688668,鼎通科技,2025-09-24 10:25:54,103.8,2600,103.5,E
sh688668,鼎通科技,2025-09-24 10:25:57,103.5,3192,103.8,E
sh688668,鼎通科技,2025-09-24 10:26:06,103.9,25230,103.5,U
sh688668,鼎通科技,2025-09-24 10:26:21,103.48,3761,103.87,D
sh688668,鼎通科技,2025-09-24 10:26:39,103.54,3300,103.54,D
sh688668,鼎通科技,2025-09-24 10:29:12,103.75,2017,103.79,D
sh688668,鼎通科技,2025-09-24 10:29:15,103.75,1995,103.75,D
sh688668,鼎通科技,2025-09-24 10:29:18,103.75,2153,103.75,D
sh688668,鼎通科技,2025-09-24 10:30:54,103.76,2879,103.78,D
sh688668,鼎通科技,2025-09-24 10:31:18,103.6,3982,103.63,D
sh688668,鼎通科技,2025-09-24 10:31:33,103.5,5067,103.5,U
sh688668,鼎通科技,2025-09-24 10:31:57,103.24,2261,103.24,D
sh688668,鼎通科技,2025-09-24 10:32:00,103.24,2944,103.24,D
sh688668,鼎通科技,2025-09-24 10:32:39,103.15,5169,103.17,D
sh688668,鼎通科技,2025-09-24 10:33:03,103.07,3397,103.1,D
sh688668,鼎通科技,2025-09-24 10:33:17,103.07,5177,103.03,U
sh688668,鼎通科技,2025-09-24 10:33:21,103.13,10952,103.07,U
sh688668,鼎通科技,2025-09-24 10:33:24,103.15,3316,103.13,E
sh688668,鼎通科技,2025-09-24 10:33:27,103.15,2447,103.15,D
sh688668,鼎通科技,2025-09-24 10:33:51,103.17,2065,103.17,D
sh688668,鼎通科技,2025-09-24 10:33:57,103.17,2836,103.17,D
sh688668,鼎通科技,2025-09-24 10:34:09,103.26,2612,103.18,U
sh688668,鼎通科技,2025-09-24 10:34:27,103.5,2451,103.23,U
sh688668,鼎通科技,2025-09-24 10:35:15,103.49,2805,103.4,U
sh688668,鼎通科技,2025-09-24 10:36:15,103.65,2390,103.54,E
sh688668,鼎通科技,2025-09-24 10:36:18,103.73,6645,103.65,U
sh688668,鼎通科技,2025-09-24 10:36:38,103.72,4600,103.74,U
sh688668,鼎通科技,2025-09-24 10:36:57,104.0,8888,103.73,U
sh688668,鼎通科技,2025-09-24 10:37:09,104.0,2319,104.09,D
sh688668,鼎通科技,2025-09-24 10:37:27,104.07,2290,104.07,D
sh688668,鼎通科技,2025-09-24 10:37:45,104.26,5338,104.2,U
sh688668,鼎通科技,2025-09-24 10:37:47,104.5,7706,104.26,U
sh688668,鼎通科技,2025-09-24 10:37:57,104.6,3961,104.32,U
sh688668,鼎通科技,2025-09-24 10:38:15,104.38,5851,104.5,D
sh688668,鼎通科技,2025-09-24 10:38:20,104.43,5271,104.38,U
sh688668,鼎通科技,2025-09-24 10:38:30,104.44,2220,104.38,U
sh688668,鼎通科技,2025-09-24 10:38:39,104.38,3457,104.44,E
sh688668,鼎通科技,2025-09-24 10:38:42,104.37,4072,104.38,D
sh688668,鼎通科技,2025-09-24 10:39:39,103.91,3400,103.93,D
sh688668,鼎通科技,2025-09-24 10:39:48,103.92,2573,103.91,E
sh688668,鼎通科技,2025-09-24 10:40:27,103.5,6016,103.54,D
sh688668,鼎通科技,2025-09-24 10:40:36,103.54,3784,103.5,U
sh688668,鼎通科技,2025-09-24 10:41:18,103.23,3637,103.35,D
sh688668,鼎通科技,2025-09-24 10:42:06,103.36,2600,103.36,D
sh688668,鼎通科技,2025-09-24 10:42:18,103.32,3868,103.32,D
sh688668,鼎通科技,2025-09-24 10:43:06,103.24,5100,103.32,D
sh688668,鼎通科技,2025-09-24 10:43:12,103.2,8900,103.24,D
sh688668,鼎通科技,2025-09-24 10:43:33,103.17,5141,103.2,D
sh688668,鼎通科技,2025-09-24 10:44:09,103.1,3568,103.2,D
sh688668,鼎通科技,2025-09-24 10:44:12,103.23,4421,103.1,U
sh688668,鼎通科技,2025-09-24 10:45:57,103.8,2073,103.54,U
sh688668,鼎通科技,2025-09-24 10:48:06,103.45,2812,103.45,U
sh688668,鼎通科技,2025-09-24 10:48:45,103.63,2322,103.51,U
sh688668,鼎通科技,2025-09-24 10:51:03,103.79,3458,103.86,D
sh688668,鼎通科技,2025-09-24 10:52:00,103.84,2000,103.83,U
sh688668,鼎通科技,2025-09-24 10:52:15,104.0,2145,103.91,U
sh688668,鼎通科技,2025-09-24 10:54:06,104.06,2506,104.06,U
sh688668,鼎通科技,2025-09-24 10:54:21,104.1,2050,104.11,D
sh688668,鼎通科技,2025-09-24 10:54:24,104.08,2778,104.1,D
sh688668,鼎通科技,2025-09-24 10:54:33,104.11,4888,104.1,U
sh688668,鼎通科技,2025-09-24 10:55:06,104.17,3055,104.14,U
sh688668,鼎通科技,2025-09-24 10:55:09,104.21,6390,104.17,U
sh688668,鼎通科技,2025-09-24 10:55:15,104.33,6073,104.33,U
sh688668,鼎通科技,2025-09-24 10:55:18,104.31,3171,104.33,D
sh688668,鼎通科技,2025-09-24 10:55:24,104.31,2996,104.42,D
sh688668,鼎通科技,2025-09-24 10:56:23,104.36,12211,104.3,U
sh688668,鼎通科技,2025-09-24 10:57:20,104.42,3752,104.43,E
sh688668,鼎通科技,2025-09-24 10:58:03,104.42,2149,104.41,U
sh688668,鼎通科技,2025-09-24 10:58:15,104.46,3374,104.45,U
sh688668,鼎通科技,2025-09-24 10:58:20,104.5,3520,104.49,U
sh688668,鼎通科技,2025-09-24 10:58:36,104.5,3462,104.5,U
sh688668,鼎通科技,2025-09-24 10:59:12,104.52,2335,104.5,U
sh688668,鼎通科技,2025-09-24 10:59:36,104.62,2137,104.59,U
sh688668,鼎通科技,2025-09-24 10:59:39,104.65,2258,104.62,U
sh688668,鼎通科技,2025-09-24 10:59:42,104.66,2271,104.65,U
sh688668,鼎通科技,2025-09-24 11:02:09,104.57,3702,104.59,E
sh688668,鼎通科技,2025-09-24 11:02:29,104.55,2013,104.59,D
sh688668,鼎通科技,2025-09-24 11:03:18,104.5,2335,104.56,D
sh688668,鼎通科技,2025-09-24 11:03:24,104.5,2914,104.5,U
sh688668,鼎通科技,2025-09-24 11:04:03,104.49,4855,104.49,U
sh688668,鼎通科技,2025-09-24 11:04:06,104.59,5225,104.49,U
sh688668,鼎通科技,2025-09-24 11:04:09,104.65,3407,104.59,U
sh688668,鼎通科技,2025-09-24 11:04:11,104.68,3040,104.65,U
sh688668,鼎通科技,2025-09-24 11:04:18,104.97,2110,104.75,U
sh688668,鼎通科技,2025-09-24 11:04:45,104.84,4744,104.75,U
sh688668,鼎通科技,2025-09-24 11:06:12,104.7,5279,104.9,D
sh688668,鼎通科技,2025-09-24 11:06:15,104.7,3021,104.7,U
sh688668,鼎通科技,2025-09-24 11:06:42,104.95,6526,104.89,U
sh688668,鼎通科技,2025-09-24 11:06:54,104.71,3654,104.95,D
sh688668,鼎通科技,2025-09-24 11:07:24,104.83,2244,104.87,D
sh688668,鼎通科技,2025-09-24 11:10:08,104.57,2163,104.48,U
sh688668,鼎通科技,2025-09-24 11:15:05,104.87,2612,104.83,U
sh688668,鼎通科技,2025-09-24 11:15:36,104.9,2710,104.9,U
sh688668,鼎通科技,2025-09-24 11:15:45,104.87,3042,104.9,D
sh688668,鼎通科技,2025-09-24 11:16:15,104.87,2061,104.9,D
sh688668,鼎通科技,2025-09-24 11:17:54,104.8,3880,104.83,D
sh688668,鼎通科技,2025-09-24 11:19:18,104.4,3000,104.47,D
sh688668,鼎通科技,2025-09-24 11:19:51,104.41,1942,104.45,D
sh688668,鼎通科技,2025-09-24 11:21:17,104.8,10900,104.77,U
sh688668,鼎通科技,2025-09-24 11:23:51,104.9,4179,104.85,U
sh688668,鼎通科技,2025-09-24 11:24:18,104.98,2589,104.97,U
sh688668,鼎通科技,2025-09-24 11:24:30,104.98,3211,104.98,U
sh688668,鼎通科技,2025-09-24 11:24:36,104.99,2168,104.99,U
sh688668,鼎通科技,2025-09-24 11:24:45,104.99,3400,104.99,U
sh688668,鼎通科技,2025-09-24 11:24:48,104.98,6000,104.99,D
sh688668,鼎通科技,2025-09-24 11:24:50,104.98,3980,104.98,D
sh688668,鼎通科技,2025-09-24 11:26:03,104.88,2692,104.88,U
sh688668,鼎通科技,2025-09-24 11:26:12,104.89,2423,104.88,U
sh688668,鼎通科技,2025-09-24 11:26:15,105.0,9482,104.89,U
sh688668,鼎通科技,2025-09-24 11:26:17,104.89,15071,105.0,D
sh688668,鼎通科技,2025-09-24 11:26:48,104.99,1930,104.89,D
sh688668,鼎通科技,2025-09-24 11:27:39,104.98,2000,104.97,U
sh688668,鼎通科技,2025-09-24 11:28:50,105.08,7804,105.05,U
sh688668,鼎通科技,2025-09-24 11:28:54,105.08,6031,105.08,D
sh688668,鼎通科技,2025-09-24 11:29:15,104.94,3257,105.05,D
sh688668,鼎通科技,2025-09-24 11:29:24,104.94,2997,104.94,U
sh688668,鼎通科技,2025-09-24 13:00:03,104.8,7275,104.9,D
sh688668,鼎通科技,2025-09-24 13:00:06,104.8,3991,104.8,U
sh688668,鼎通科技,2025-09-24 13:00:08,104.79,4300,104.8,D
sh688668,鼎通科技,2025-09-24 13:00:11,104.8,6501,104.79,U
sh688668,鼎通科技,2025-09-24 13:00:15,104.87,5011,104.8,U
sh688668,鼎通科技,2025-09-24 13:00:18,104.66,8883,104.87,D
sh688668,鼎通科技,2025-09-24 13:00:33,104.58,3129,104.67,D
sh688668,鼎通科技,2025-09-24 13:00:39,104.69,29731,104.58,U
sh688668,鼎通科技,2025-09-24 13:00:48,104.4,2029,104.48,D
sh688668,鼎通科技,2025-09-24 13:01:06,104.04,1998,104.05,D
sh688668,鼎通科技,2025-09-24 13:01:24,104.0,2800,104.03,D
sh688668,鼎通科技,2025-09-24 13:01:27,104.0,6026,104.0,D
sh688668,鼎通科技,2025-09-24 13:01:39,103.8,2286,103.8,D
sh688668,鼎通科技,2025-09-24 13:01:42,103.74,6235,103.8,D
sh688668,鼎通科技,2025-09-24 13:01:48,103.7,8209,103.8,D
sh688668,鼎通科技,2025-09-24 13:01:51,103.61,1949,103.7,D
sh688668,鼎通科技,2025-09-24 13:02:03,103.61,1960,103.64,D
sh688668,鼎通科技,2025-09-24 13:02:06,103.62,3433,103.61,D
sh688668,鼎通科技,2025-09-24 13:02:15,103.62,2393,103.61,U
sh688668,鼎通科技,2025-09-24 13:02:18,103.6,10872,103.62,D
sh688668,鼎通科技,2025-09-24 13:02:30,103.7,19114,103.7,U
sh688668,鼎通科技,2025-09-24 13:02:33,103.69,5096,103.7,D
sh688668,鼎通科技,2025-09-24 13:02:48,103.7,2541,103.94,D
sh688668,鼎通科技,2025-09-24 13:02:51,103.71,3574,103.7,U
sh688668,鼎通科技,2025-09-24 13:03:00,103.5,10000,103.73,D
sh688668,鼎通科技,2025-09-24 13:03:03,103.71,5184,103.5,D
sh688668,鼎通科技,2025-09-24 13:03:12,103.5,6849,103.95,D
sh688668,鼎通科技,2025-09-24 13:04:24,103.61,3232,103.78,D
sh688668,鼎通科技,2025-09-24 13:04:39,103.92,11049,103.99,D
sh688668,鼎通科技,2025-09-24 13:04:45,103.92,6730,103.79,U
sh688668,鼎通科技,2025-09-24 13:04:48,103.92,3454,103.92,D
sh688668,鼎通科技,2025-09-24 13:04:57,103.92,2687,103.92,D
sh688668,鼎通科技,2025-09-24 13:05:54,104.21,6096,104.16,U
sh688668,鼎通科技,2025-09-24 13:07:17,103.69,10489,103.75,D
sh688668,鼎通科技,2025-09-24 13:07:42,103.5,2454,103.5,D
sh688668,鼎通科技,2025-09-24 13:07:45,103.5,4022,103.5,D
sh688668,鼎通科技,2025-09-24 13:07:54,103.42,2200,103.42,D
sh688668,鼎通科技,2025-09-24 13:08:03,103.42,3076,103.44,D
sh688668,鼎通科技,2025-09-24 13:08:21,103.39,2052,103.39,D
sh688668,鼎通科技,2025-09-24 13:08:45,103.4,2437,103.4,D
sh688668,鼎通科技,2025-09-24 13:08:48,103.35,3355,103.4,D
sh688668,鼎通科技,2025-09-24 13:08:51,103.4,11602,103.35,U
sh688668,鼎通科技,2025-09-24 13:08:54,103.39,2871,103.4,D
sh688668,鼎通科技,2025-09-24 13:09:29,103.12,3728,103.3,D
sh688668,鼎通科技,2025-09-24 13:10:03,103.31,13266,103.25,U
sh688668,鼎通科技,2025-09-24 13:10:09,103.28,2014,103.26,U
sh688668,鼎通科技,2025-09-24 13:11:35,103.64,2298,103.63,U
sh688668,鼎通科技,2025-09-24 13:12:54,103.49,2038,103.53,D
sh688668,鼎通科技,2025-09-24 13:13:00,103.39,10992,103.46,D
sh688668,鼎通科技,2025-09-24 13:13:08,103.2,4359,103.32,D
sh688668,鼎通科技,2025-09-24 13:13:30,103.11,7619,103.13,D
sh688668,鼎通科技,2025-09-24 13:13:36,103.0,9400,103.11,D
sh688668,鼎通科技,2025-09-24 13:13:39,102.98,2129,103.0,D
sh688668,鼎通科技,2025-09-24 13:13:47,102.88,4974,102.88,D
sh688668,鼎通科技,2025-09-24 13:13:57,102.88,3152,102.82,U
sh688668,鼎通科技,2025-09-24 13:14:00,102.84,5420,102.88,E
sh688668,鼎通科技,2025-09-24 13:14:03,102.88,2456,102.84,U
sh688668,鼎通科技,2025-09-24 13:14:21,102.88,2733,102.82,U
sh688668,鼎通科技,2025-09-24 13:14:36,102.82,4612,102.88,D
sh688668,鼎通科技,2025-09-24 13:14:39,102.82,2970,102.82,D
sh688668,鼎通科技,2025-09-24 13:15:12,102.82,4200,102.82,U
sh688668,鼎通科技,2025-09-24 13:15:42,102.82,6750,102.87,D
sh688668,鼎通科技,2025-09-24 13:16:12,102.94,2307,102.99,D
sh688668,鼎通科技,2025-09-24 13:17:24,103.13,3286,103.14,D
sh688668,鼎通科技,2025-09-24 13:17:29,103.13,4517,103.13,D
sh688668,鼎通科技,2025-09-24 13:17:36,103.0,7449,103.13,D
sh688668,鼎通科技,2025-09-24 13:18:18,102.9,5239,103.0,D
sh688668,鼎通科技,2025-09-24 13:19:18,102.8,3475,102.81,D
sh688668,鼎通科技,2025-09-24 13:19:24,102.8,2270,102.8,D
sh688668,鼎通科技,2025-09-24 13:19:48,102.81,5339,102.82,D
sh688668,鼎通科技,2025-09-24 13:20:00,102.8,2397,102.83,D
sh688668,鼎通科技,2025-09-24 13:20:27,102.89,7680,102.87,U
sh688668,鼎通科技,2025-09-24 13:21:12,102.96,2071,102.97,D
sh688668,鼎通科技,2025-09-24 13:22:36,103.03,4071,103.03,D
sh688668,鼎通科技,2025-09-24 13:22:39,103.03,6978,103.03,D
sh688668,鼎通科技,2025-09-24 13:23:03,102.97,2407,102.97,D
sh688668,鼎通科技,2025-09-24 13:23:48,103.0,2000,102.96,U
sh688668,鼎通科技,2025-09-24 13:23:51,103.03,4047,103.0,U
sh688668,鼎通科技,2025-09-24 13:24:21,103.1,5150,103.1,D
sh688668,鼎通科技,2025-09-24 13:25:15,103.02,2000,103.06,D
sh688668,鼎通科技,2025-09-24 13:25:21,103.0,4245,103.02,D
sh688668,鼎通科技,2025-09-24 13:25:45,103.0,2645,103.0,D
sh688668,鼎通科技,2025-09-24 13:25:57,102.97,4925,103.0,D
sh688668,鼎通科技,2025-09-24 13:26:06,102.9,8550,102.97,D
sh688668,鼎通科技,2025-09-24 13:26:09,102.9,2000,102.9,U
sh688668,鼎通科技,2025-09-24 13:26:12,102.9,4273,102.9,U
sh688668,鼎通科技,2025-09-24 13:26:45,102.85,5427,102.87,D
sh688668,鼎通科技,2025-09-24 13:27:00,102.87,3000,102.84,U
sh688668,鼎通科技,2025-09-24 13:27:33,102.73,2500,102.76,D
sh688668,鼎通科技,2025-09-24 13:27:42,102.74,3438,102.73,U
sh688668,鼎通科技,2025-09-24 13:27:45,102.74,2022,102.74,U
sh688668,鼎通科技,2025-09-24 13:27:48,102.73,3000,102.74,D
sh688668,鼎通科技,2025-09-24 13:27:57,102.87,2300,102.73,U
sh688668,鼎通科技,2025-09-24 13:28:36,102.78,2481,102.78,D
sh688668,鼎通科技,2025-09-24 13:28:51,102.72,2153,102.76,D
sh688668,鼎通科技,2025-09-24 13:29:03,102.76,25591,102.71,U
sh688668,鼎通科技,2025-09-24 13:29:21,102.9,13614,102.86,U
sh688668,鼎通科技,2025-09-24 13:29:24,103.0,2700,102.9,U
sh688668,鼎通科技,2025-09-24 13:29:42,103.0,2680,103.0,U
sh688668,鼎通科技,2025-09-24 13:29:45,103.0,1960,103.0,U
sh688668,鼎通科技,2025-09-24 13:29:48,103.0,2520,103.0,D
sh688668,鼎通科技,2025-09-24 13:29:51,103.0,2890,103.0,D
sh688668,鼎通科技,2025-09-24 13:29:54,103.0,4338,103.0,U
sh688668,鼎通科技,2025-09-24 13:30:39,102.86,2654,102.93,D
sh688668,鼎通科技,2025-09-24 13:30:44,102.68,6587,102.86,D
sh688668,鼎通科技,2025-09-24 13:30:51,102.86,5781,102.68,U
sh688668,鼎通科技,2025-09-24 13:30:53,102.7,4039,102.86,E
sh688668,鼎通科技,2025-09-24 13:31:05,102.51,63262,102.7,D
sh688668,鼎通科技,2025-09-24 13:31:18,102.53,2866,102.51,E
sh688668,鼎通科技,2025-09-24 13:31:21,102.6,2600,102.53,U
sh688668,鼎通科技,2025-09-24 13:31:39,102.53,2000,102.56,D
sh688668,鼎通科技,2025-09-24 13:31:45,102.53,2343,102.56,D
sh688668,鼎通科技,2025-09-24 13:31:48,102.6,3100,102.53,U
sh688668,鼎通科技,2025-09-24 13:31:54,102.6,33576,102.57,U
sh688668,鼎通科技,2025-09-24 13:32:03,102.62,2462,102.68,D
sh688668,鼎通科技,2025-09-24 13:32:21,102.85,2797,102.71,U
sh688668,鼎通科技,2025-09-24 13:32:24,102.6,11857,102.85,D
sh688668,鼎通科技,2025-09-24 13:32:27,102.6,4770,102.6,U
sh688668,鼎通科技,2025-09-24 13:32:30,102.6,7442,102.6,U
sh688668,鼎通科技,2025-09-24 13:32:36,102.59,2233,102.6,D
sh688668,鼎通科技,2025-09-24 13:32:42,102.6,5885,102.58,U
sh688668,鼎通科技,2025-09-24 13:33:03,102.58,4420,102.59,D
sh688668,鼎通科技,2025-09-24 13:33:33,102.51,5000,102.55,D
sh688668,鼎通科技,2025-09-24 13:33:36,102.5,20958,102.51,D
sh688668,鼎通科技,2025-09-24 13:33:42,102.5,4042,102.48,U
sh688668,鼎通科技,2025-09-24 13:33:48,102.46,3381,102.5,D
sh688668,鼎通科技,2025-09-24 13:34:09,102.5,10877,102.45,U
sh688668,鼎通科技,2025-09-24 13:34:26,102.51,3167,102.51,D
sh688668,鼎通科技,2025-09-24 13:35:12,102.51,2387,102.55,D
sh688668,鼎通科技,2025-09-24 13:35:38,102.56,4107,102.56,U
sh688668,鼎通科技,2025-09-24 13:36:18,102.5,10548,102.56,D
sh688668,鼎通科技,2025-09-24 13:36:26,102.5,2000,102.5,U
sh688668,鼎通科技,2025-09-24 13:36:30,102.5,3537,102.5,U
sh688668,鼎通科技,2025-09-24 13:37:50,102.45,8242,102.47,D
sh688668,鼎通科技,2025-09-24 13:38:06,102.45,2000,102.45,U
sh688668,鼎通科技,2025-09-24 13:38:21,102.4,5362,102.41,D
sh688668,鼎通科技,2025-09-24 13:38:30,102.38,2074,102.38,D
sh688668,鼎通科技,2025-09-24 13:38:33,102.3,6219,102.38,D
sh688668,鼎通科技,2025-09-24 13:39:09,102.12,11242,102.22,D
sh688668,鼎通科技,2025-09-24 13:39:11,102.25,4511,102.12,U
sh688668,鼎通科技,2025-09-24 13:39:14,102.37,2084,102.25,U
sh688668,鼎通科技,2025-09-24 13:39:18,102.2,4851,102.37,D
sh688668,鼎通科技,2025-09-24 13:39:51,102.42,2698,102.5,D
sh688668,鼎通科技,2025-09-24 13:40:57,102.59,6563,102.47,U
sh688668,鼎通科技,2025-09-24 13:41:00,102.59,2547,102.59,U
sh688668,鼎通科技,2025-09-24 13:41:21,102.9,2765,102.63,U
sh688668,鼎通科技,2025-09-24 13:42:51,102.77,8000,102.69,E
sh688668,鼎通科技,2025-09-24 13:42:54,102.88,3000,102.77,U
sh688668,鼎通科技,2025-09-24 13:43:00,102.69,3355,102.88,D
sh688668,鼎通科技,2025-09-24 13:43:33,102.69,1994,102.71,D
sh688668,鼎通科技,2025-09-24 13:43:57,102.89,4667,102.71,U
sh688668,鼎通科技,2025-09-24 13:44:21,102.9,4794,102.9,U
sh688668,鼎通科技,2025-09-24 13:44:48,102.93,9567,102.8,U
sh688668,鼎通科技,2025-09-24 13:45:18,103.0,2372,102.97,U
sh688668,鼎通科技,2025-09-24 13:45:21,103.0,7600,103.0,D
sh688668,鼎通科技,2025-09-24 13:45:54,103.21,8746,103.0,U
sh688668,鼎通科技,2025-09-24 13:46:09,103.5,5033,103.31,U
sh688668,鼎通科技,2025-09-24 13:46:27,103.5,5246,103.51,E
sh688668,鼎通科技,2025-09-24 13:47:06,103.3,7000,103.3,U
sh688668,鼎通科技,2025-09-24 13:47:09,103.3,7000,103.3,U
sh688668,鼎通科技,2025-09-24 13:47:33,103.3,1983,103.31,D
sh688668,鼎通科技,2025-09-24 13:48:12,103.31,7779,103.3,E
sh688668,鼎通科技,2025-09-24 13:48:21,103.47,2796,103.3,U
sh688668,鼎通科技,2025-09-24 13:48:45,103.31,2000,103.39,D
sh688668,鼎通科技,2025-09-24 13:48:57,103.38,2405,103.39,U
sh688668,鼎通科技,2025-09-24 13:50:00,103.31,9800,103.39,D
sh688668,鼎通科技,2025-09-24 13:50:06,103.13,4535,103.39,D
sh688668,鼎通科技,2025-09-24 13:50:09,103.39,31012,103.13,U
sh688668,鼎通科技,2025-09-24 13:50:54,103.32,2273,103.42,D
sh688668,鼎通科技,2025-09-24 13:51:48,103.3,6600,103.42,D
sh688668,鼎通科技,2025-09-24 13:52:15,103.46,2332,103.46,U
sh688668,鼎通科技,2025-09-24 13:52:45,103.47,4588,103.42,U
sh688668,鼎通科技,2025-09-24 13:53:51,103.26,14886,103.32,D
sh688668,鼎通科技,2025-09-24 13:54:03,103.26,2384,103.33,D
sh688668,鼎通科技,2025-09-24 13:54:18,103.26,2753,103.26,U
sh688668,鼎通科技,2025-09-24 13:54:38,103.22,7410,103.26,D
sh688668,鼎通科技,2025-09-24 13:54:44,103.29,3189,103.22,U
sh688668,鼎通科技,2025-09-24 13:56:05,103.27,10174,103.28,D
sh688668,鼎通科技,2025-09-24 13:56:42,103.2,2281,103.35,D
sh688668,鼎通科技,2025-09-24 13:57:03,103.19,2800,103.2,D
sh688668,鼎通科技,2025-09-24 13:57:29,103.22,2482,103.23,D
sh688668,鼎通科技,2025-09-24 13:59:12,103.22,3595,103.29,D
sh688668,鼎通科技,2025-09-24 14:00:18,103.24,3827,103.24,U
sh688668,鼎通科技,2025-09-24 14:01:18,103.39,1954,103.36,U
sh688668,鼎通科技,2025-09-24 14:01:39,103.44,2242,103.47,D
sh688668,鼎通科技,2025-09-24 14:01:42,103.44,2451,103.44,U
sh688668,鼎通科技,2025-09-24 14:04:12,103.28,2686,103.45,D
sh688668,鼎通科技,2025-09-24 14:05:36,103.28,3650,103.28,D
sh688668,鼎通科技,2025-09-24 14:05:57,103.28,2374,103.38,D
sh688668,鼎通科技,2025-09-24 14:06:26,103.5,2308,103.43,U
sh688668,鼎通科技,2025-09-24 14:07:09,103.55,2422,103.41,U
sh688668,鼎通科技,2025-09-24 14:07:12,103.59,2175,103.55,U
sh688668,鼎通科技,2025-09-24 14:09:12,103.65,3978,103.61,U
sh688668,鼎通科技,2025-09-24 14:09:23,103.65,2900,103.61,U
sh688668,鼎通科技,2025-09-24 14:12:18,103.54,3447,103.53,D
sh688668,鼎通科技,2025-09-24 14:12:45,103.66,3383,103.59,U
sh688668,鼎通科技,2025-09-24 14:12:51,103.8,2849,103.66,U
sh688668,鼎通科技,2025-09-24 14:16:18,103.73,2632,103.8,D
sh688668,鼎通科技,2025-09-24 14:17:03,103.75,2000,103.8,D
sh688668,鼎通科技,2025-09-24 14:19:18,103.65,2747,103.7,D
sh688668,鼎通科技,2025-09-24 14:19:27,103.57,12191,103.59,D
sh688668,鼎通科技,2025-09-24 14:21:12,103.36,3701,103.33,U
sh688668,鼎通科技,2025-09-24 14:22:27,103.34,3369,103.39,D
sh688668,鼎通科技,2025-09-24 14:23:09,103.34,5459,103.35,D
sh688668,鼎通科技,2025-09-24 14:23:30,103.36,2490,103.35,E
sh688668,鼎通科技,2025-09-24 14:24:36,103.37,2001,103.37,U
sh688668,鼎通科技,2025-09-24 14:25:54,103.38,5000,103.38,D
sh688668,鼎通科技,2025-09-24 14:26:12,103.37,7610,103.39,D
sh688668,鼎通科技,2025-09-24 14:26:18,103.34,3641,103.36,D
sh688668,鼎通科技,2025-09-24 14:26:33,103.2,10480,103.3,D
sh688668,鼎通科技,2025-09-24 14:27:00,103.2,3279,103.2,U
sh688668,鼎通科技,2025-09-24 14:27:39,103.1,11718,103.13,D
sh688668,鼎通科技,2025-09-24 14:27:47,103.08,1997,103.07,E
sh688668,鼎通科技,2025-09-24 14:27:51,103.06,4573,103.08,D
sh688668,鼎通科技,2025-09-24 14:28:12,103.0,7398,103.01,D
sh688668,鼎通科技,2025-09-24 14:28:32,102.96,2493,102.97,D
sh688668,鼎通科技,2025-09-24 14:28:54,102.81,4187,102.88,D
sh688668,鼎通科技,2025-09-24 14:28:59,102.8,4516,102.81,D
sh688668,鼎通科技,2025-09-24 14:29:33,102.99,4813,102.85,U
sh688668,鼎通科技,2025-09-24 14:30:09,103.13,3225,103.13,U
sh688668,鼎通科技,2025-09-24 14:30:51,103.38,10627,103.23,U
sh688668,鼎通科技,2025-09-24 14:31:36,103.34,2047,103.34,E
sh688668,鼎通科技,2025-09-24 14:31:45,103.28,2230,103.28,D
sh688668,鼎通科技,2025-09-24 14:33:06,103.4,2698,103.37,U
sh688668,鼎通科技,2025-09-24 14:33:48,103.3,2961,103.38,D
sh688668,鼎通科技,2025-09-24 14:34:48,103.28,2906,103.28,D
sh688668,鼎通科技,2025-09-24 14:35:06,103.29,2130,103.29,U
sh688668,鼎通科技,2025-09-24 14:36:09,103.23,5166,103.26,D
sh688668,鼎通科技,2025-09-24 14:36:21,103.2,5000,103.19,U
sh688668,鼎通科技,2025-09-24 14:36:48,103.22,7367,103.2,U
sh688668,鼎通科技,2025-09-24 14:37:03,103.22,2519,103.22,D
sh688668,鼎通科技,2025-09-24 14:37:48,103.19,3200,103.21,D
sh688668,鼎通科技,2025-09-24 14:39:33,103.3,8618,103.33,D
sh688668,鼎通科技,2025-09-24 14:39:35,103.29,4596,103.3,D
sh688668,鼎通科技,2025-09-24 14:40:06,103.21,2000,103.23,D
sh688668,鼎通科技,2025-09-24 14:40:09,103.2,6000,103.21,D
sh688668,鼎通科技,2025-09-24 14:40:15,103.24,2649,103.23,D
sh688668,鼎通科技,2025-09-24 14:40:18,103.29,1944,103.24,U
sh688668,鼎通科技,2025-09-24 14:40:27,103.23,3794,103.29,D
sh688668,鼎通科技,2025-09-24 14:41:12,103.2,11315,103.21,D
sh688668,鼎通科技,2025-09-24 14:41:42,103.14,4224,103.14,U
sh688668,鼎通科技,2025-09-24 14:41:45,103.13,2754,103.14,D
sh688668,鼎通科技,2025-09-24 14:41:56,103.1,1953,103.13,D
sh688668,鼎通科技,2025-09-24 14:42:39,103.12,4083,103.11,U
sh688668,鼎通科技,2025-09-24 14:42:45,103.13,3267,103.13,U
sh688668,鼎通科技,2025-09-24 14:42:48,103.18,2096,103.13,U
sh688668,鼎通科技,2025-09-24 14:42:51,103.15,3648,103.18,D
sh688668,鼎通科技,2025-09-24 14:42:57,103.14,2208,103.15,D
sh688668,鼎通科技,2025-09-24 14:43:24,103.15,2000,103.14,U
sh688668,鼎通科技,2025-09-24 14:43:57,103.14,5638,103.14,U
sh688668,鼎通科技,2025-09-24 14:44:09,103.11,18793,103.13,D
sh688668,鼎通科技,2025-09-24 14:44:15,103.1,3961,103.11,D
sh688668,鼎通科技,2025-09-24 14:44:18,103.11,5423,103.1,U
sh688668,鼎通科技,2025-09-24 14:44:21,103.11,4596,103.11,D
sh688668,鼎通科技,2025-09-24 14:44:24,103.11,2049,103.11,D
sh688668,鼎通科技,2025-09-24 14:44:30,103.01,4218,103.11,D
sh688668,鼎通科技,2025-09-24 14:44:36,103.11,8594,103.0,U
sh688668,鼎通科技,2025-09-24 14:45:12,103.03,4142,103.07,D
sh688668,鼎通科技,2025-09-24 14:45:15,103.07,3448,103.03,U
sh688668,鼎通科技,2025-09-24 14:45:18,103.0,13323,103.07,D
sh688668,鼎通科技,2025-09-24 14:45:24,103.0,3927,103.0,U
sh688668,鼎通科技,2025-09-24 14:45:35,103.0,3398,103.0,U
sh688668,鼎通科技,2025-09-24 14:46:57,103.05,2400,103.05,U
sh688668,鼎通科技,2025-09-24 14:47:03,103.08,2767,103.05,U
sh688668,鼎通科技,2025-09-24 14:47:09,103.07,2136,103.08,D
sh688668,鼎通科技,2025-09-24 14:47:12,103.09,3283,103.07,U
sh688668,鼎通科技,2025-09-24 14:47:15,103.08,5945,103.09,D
sh688668,鼎通科技,2025-09-24 14:47:21,103.09,2679,103.08,U
sh688668,鼎通科技,2025-09-24 14:47:30,103.12,2992,103.1,U
sh688668,鼎通科技,2025-09-24 14:47:36,103.09,11410,103.14,D
sh688668,鼎通科技,2025-09-24 14:47:51,103.18,6237,103.14,U
sh688668,鼎通科技,2025-09-24 14:48:12,103.2,2629,103.19,U
sh688668,鼎通科技,2025-09-24 14:48:23,103.27,3900,103.27,U
sh688668,鼎通科技,2025-09-24 14:48:30,103.2,2225,103.27,D
sh688668,鼎通科技,2025-09-24 14:49:48,103.22,3551,103.22,U
sh688668,鼎通科技,2025-09-24 14:50:06,103.18,4156,103.18,D
sh688668,鼎通科技,2025-09-24 14:50:12,103.18,3740,103.18,D
sh688668,鼎通科技,2025-09-24 14:50:21,103.17,3215,103.18,D
sh688668,鼎通科技,2025-09-24 14:50:57,103.12,4600,103.12,U
sh688668,鼎通科技,2025-09-24 14:51:21,103.11,7858,103.12,D
sh688668,鼎通科技,2025-09-24 14:51:27,103.11,2300,103.11,U
sh688668,鼎通科技,2025-09-24 14:51:33,103.11,4381,103.11,U
sh688668,鼎通科技,2025-09-24 14:51:36,103.1,4464,103.11,D
sh688668,鼎通科技,2025-09-24 14:51:42,103.1,4249,103.08,U
sh688668,鼎通科技,2025-09-24 14:51:51,103.1,4033,103.1,U
sh688668,鼎通科技,2025-09-24 14:52:12,103.07,2553,103.07,U
sh688668,鼎通科技,2025-09-24 14:52:30,103.05,2272,103.05,D
sh688668,鼎通科技,2025-09-24 14:52:48,103.05,2200,103.05,D
sh688668,鼎通科技,2025-09-24 14:53:00,103.05,3062,103.06,D
sh688668,鼎通科技,2025-09-24 14:53:03,103.05,6151,103.05,D
sh688668,鼎通科技,2025-09-24 14:53:21,103.02,2622,103.03,D
sh688668,鼎通科技,2025-09-24 14:53:23,103.05,3642,103.02,U
sh688668,鼎通科技,2025-09-24 14:53:27,103.0,10324,103.05,D
sh688668,鼎通科技,2025-09-24 14:53:30,103.0,7082,103.0,D
sh688668,鼎通科技,2025-09-24 14:53:33,103.0,4649,103.0,D
sh688668,鼎通科技,2025-09-24 14:53:45,103.0,6300,102.98,U
sh688668,鼎通科技,2025-09-24 14:53:51,102.95,2073,103.0,D
sh688668,鼎通科技,2025-09-24 14:54:06,102.95,2893,102.95,U
sh688668,鼎通科技,2025-09-24 14:54:21,102.96,2308,102.99,D
sh688668,鼎通科技,2025-09-24 14:54:36,102.94,3175,102.95,D
sh688668,鼎通科技,2025-09-24 14:54:45,102.93,2468,102.94,D
sh688668,鼎通科技,2025-09-24 14:54:54,102.91,3680,102.9,E
sh688668,鼎通科技,2025-09-24 14:54:57,102.92,3777,102.91,E
sh688668,鼎通科技,2025-09-24 14:55:06,102.92,12594,102.91,U
sh688668,鼎通科技,2025-09-24 14:55:09,102.78,13773,102.92,D
sh688668,鼎通科技,2025-09-24 14:55:12,102.78,3697,102.78,U
sh688668,鼎通科技,2025-09-24 14:55:15,102.76,20384,102.78,D
sh688668,鼎通科技,2025-09-24 14:55:21,102.71,5635,102.73,E
sh688668,鼎通科技,2025-09-24 14:55:24,102.7,2197,102.71,D
sh688668,鼎通科技,2025-09-24 14:55:27,102.73,3147,102.7,U
sh688668,鼎通科技,2025-09-24 14:55:30,102.66,2892,102.73,D
sh688668,鼎通科技,2025-09-24 14:55:36,102.66,2018,102.7,D
sh688668,鼎通科技,2025-09-24 14:55:54,102.68,3118,102.66,U
sh688668,鼎通科技,2025-09-24 14:55:57,102.68,3995,102.68,U
sh688668,鼎通科技,2025-09-24 14:56:03,102.73,22428,102.68,U
sh688668,鼎通科技,2025-09-24 14:56:06,102.73,11819,102.73,U
sh688668,鼎通科技,2025-09-24 14:56:09,102.76,3862,102.73,U
sh688668,鼎通科技,2025-09-24 14:56:12,102.84,23577,102.76,U
sh688668,鼎通科技,2025-09-24 14:56:15,102.87,2462,102.84,E
sh688668,鼎通科技,2025-09-24 14:56:18,102.84,3500,102.87,U
sh688668,鼎通科技,2025-09-24 14:56:24,102.84,2843,102.88,D
sh688668,鼎通科技,2025-09-24 14:56:27,102.94,2557,102.84,U
sh688668,鼎通科技,2025-09-24 14:56:48,103.0,9299,102.97,U
sh688668,鼎通科技,2025-09-24 14:56:51,102.97,2780,103.0,D
sh688668,鼎通科技,2025-09-24 15:00:03,102.84,59726,102.96,U
