symbol,name,ticktime,price,volume,prev_price,kind
sh688668,鼎通科技,2025-09-19 09:25:02,115.0,24902,0.0,U
sh688668,鼎通科技,2025-09-19 09:30:01,115.6,7055,115.0,U
sh688668,鼎通科技,2025-09-19 09:30:04,114.42,4600,115.6,U
sh688668,鼎通科技,2025-09-19 09:30:07,114.08,7355,114.42,E
sh688668,鼎通科技,2025-09-19 09:30:10,114.08,17327,114.08,D
sh688668,鼎通科技,2025-09-19 09:30:13,114.75,7175,114.08,U
sh688668,鼎通科技,2025-09-19 09:30:16,114.74,17319,114.75,E
sh688668,鼎通科技,2025-09-19 09:30:19,114.0,25187,114.74,D
sh688668,鼎通科技,2025-09-19 09:30:22,114.08,7180,114.0,U
sh688668,鼎通科技,2025-09-19 09:30:25,114.0,6601,114.08,E
sh688668,鼎通科技,2025-09-19 09:30:28,113.64,6978,114.0,D
sh688668,鼎通科技,2025-09-19 09:30:31,113.7,6618,113.64,U
sh688668,鼎通科技,2025-09-19 09:30:34,113.5,8782,113.7,D
sh688668,鼎通科技,2025-09-19 09:30:37,113.38,6127,113.5,D
sh688668,鼎通科技,2025-09-19 09:30:40,113.2,9313,113.38,D
sh688668,鼎通科技,2025-09-19 09:30:43,113.1,3799,113.2,D
sh688668,鼎通科技,2025-09-19 09:30:46,113.0,2938,113.1,D
sh688668,鼎通科技,2025-09-19 09:30:49,112.83,9900,113.0,D
sh688668,鼎通科技,2025-09-19 09:30:52,112.76,4990,112.83,D
sh688668,鼎通科技,2025-09-19 09:31:01,112.1,3895,112.44,D
sh688668,鼎通科技,2025-09-19 09:31:04,112.0,22888,112.1,D
sh688668,鼎通科技,2025-09-19 09:31:07,112.0,10335,112.0,U
sh688668,鼎通科技,2025-09-19 09:31:10,112.44,8332,112.0,U
sh688668,鼎通科技,2025-09-19 09:31:13,112.49,4372,112.44,U
sh688668,鼎通科技,2025-09-19 09:31:16,112.56,5378,112.49,D
sh688668,鼎通科技,2025-09-19 09:31:19,112.89,5450,112.56,U
sh688668,鼎通科技,2025-09-19 09:31:22,113.04,5489,112.89,U
sh688668,鼎通科技,2025-09-19 09:31:25,112.95,11474,113.04,D
sh688668,鼎通科技,2025-09-19 09:31:28,113.35,4372,112.95,U
sh688668,鼎通科技,2025-09-19 09:31:31,113.35,17215,113.35,U
sh688668,鼎通科技,2025-09-19 09:31:37,113.3,4551,113.35,D
sh688668,鼎通科技,2025-09-19 09:31:40,113.07,4632,113.3,D
sh688668,鼎通科技,2025-09-19 09:31:43,113.0,4803,113.07,D
sh688668,鼎通科技,2025-09-19 09:31:46,113.29,2142,113.0,E
sh688668,鼎通科技,2025-09-19 09:31:52,113.3,4713,113.3,U
sh688668,鼎通科技,2025-09-19 09:31:55,113.38,5046,113.3,U
sh688668,鼎通科技,2025-09-19 09:32:16,113.7,3118,113.64,U
sh688668,鼎通科技,2025-09-19 09:32:22,113.5,12297,113.67,D
sh688668,鼎通科技,2025-09-19 09:32:25,113.5,7771,113.5,U
sh688668,鼎通科技,2025-09-19 09:32:28,113.38,2041,113.5,D
sh688668,鼎通科技,2025-09-19 09:32:34,113.31,2634,113.35,D
sh688668,鼎通科技,2025-09-19 09:32:37,113.3,12053,113.31,D
sh688668,鼎通科技,2025-09-19 09:32:40,113.29,5837,113.3,D
sh688668,鼎通科技,2025-09-19 09:32:43,113.28,2258,113.29,E
sh688668,鼎通科技,2025-09-19 09:32:58,112.97,2030,113.0,D
sh688668,鼎通科技,2025-09-19 09:33:01,113.06,6083,112.97,U
sh688668,鼎通科技,2025-09-19 09:33:04,112.94,3819,113.06,D
sh688668,鼎通科技,2025-09-19 09:33:07,112.8,8900,112.94,D
sh688668,鼎通科技,2025-09-19 09:33:10,112.44,8305,112.8,D
sh688668,鼎通科技,2025-09-19 09:33:13,112.44,3874,112.44,D
sh688668,鼎通科技,2025-09-19 09:33:16,112.1,2200,112.44,D
sh688668,鼎通科技,2025-09-19 09:33:25,112.2,4436,112.11,U
sh688668,鼎通科技,2025-09-19 09:33:28,112.11,5269,112.2,D
sh688668,鼎通科技,2025-09-19 09:33:37,112.35,1983,112.39,D
sh688668,鼎通科技,2025-09-19 09:33:40,112.38,1900,112.35,U
sh688668,鼎通科技,2025-09-19 09:33:49,112.19,14726,112.38,D
sh688668,鼎通科技,2025-09-19 09:33:52,112.19,8660,112.19,U
sh688668,鼎通科技,2025-09-19 09:34:01,112.24,1910,112.24,D
sh688668,鼎通科技,2025-09-19 09:34:04,112.24,1905,112.24,D
sh688668,鼎通科技,2025-09-19 09:34:16,112.37,6453,112.25,U
sh688668,鼎通科技,2025-09-19 09:34:22,112.55,7150,112.44,U
sh688668,鼎通科技,2025-09-19 09:34:28,113.0,4630,112.73,U
sh688668,鼎通科技,2025-09-19 09:34:31,113.0,2944,113.0,D
sh688668,鼎通科技,2025-09-19 09:34:34,112.73,36869,113.0,D
sh688668,鼎通科技,2025-09-19 09:34:37,112.99,6551,112.73,U
sh688668,鼎通科技,2025-09-19 09:34:40,112.98,2100,112.99,U
sh688668,鼎通科技,2025-09-19 09:34:43,112.98,16530,112.98,D
sh688668,鼎通科技,2025-09-19 09:34:46,113.2,10299,112.98,U
sh688668,鼎通科技,2025-09-19 09:34:55,113.99,5251,113.67,U
sh688668,鼎通科技,2025-09-19 09:34:58,113.9,4883,113.99,D
sh688668,鼎通科技,2025-09-19 09:35:04,114.35,5910,114.38,E
sh688668,鼎通科技,2025-09-19 09:35:07,114.42,5028,114.35,U
sh688668,鼎通科技,2025-09-19 09:35:10,114.41,3454,114.42,E
sh688668,鼎通科技,2025-09-19 09:35:13,114.41,3741,114.41,U
sh688668,鼎通科技,2025-09-19 09:35:16,114.5,22904,114.41,U
sh688668,鼎通科技,2025-09-19 09:35:19,114.19,2849,114.5,E
sh688668,鼎通科技,2025-09-19 09:35:31,114.02,3278,113.99,D
sh688668,鼎通科技,2025-09-19 09:35:34,114.49,19542,114.02,U
sh688668,鼎通科技,2025-09-19 09:35:37,114.53,11774,114.49,U
sh688668,鼎通科技,2025-09-19 09:35:46,114.83,3416,114.82,U
sh688668,鼎通科技,2025-09-19 09:35:55,114.72,3048,114.8,E
sh688668,鼎通科技,2025-09-19 09:35:58,114.86,13052,114.72,U
sh688668,鼎通科技,2025-09-19 09:36:01,114.86,2000,114.86,U
sh688668,鼎通科技,2025-09-19 09:36:04,114.8,2264,114.86,U
sh688668,鼎通科技,2025-09-19 09:36:07,114.36,8277,114.8,D
sh688668,鼎通科技,2025-09-19 09:36:52,114.34,1964,114.21,U
sh688668,鼎通科技,2025-09-19 09:36:55,114.34,4721,114.34,U
sh688668,鼎通科技,2025-09-19 09:36:58,114.67,3980,114.34,U
sh688668,鼎通科技,2025-09-19 09:37:13,114.77,4761,114.35,U
sh688668,鼎通科技,2025-09-19 09:37:19,114.76,1772,114.77,U
sh688668,鼎通科技,2025-09-19 09:37:25,114.65,5673,114.74,D
sh688668,鼎通科技,2025-09-19 09:37:37,114.71,5991,114.35,U
sh688668,鼎通科技,2025-09-19 09:37:43,114.22,4778,114.66,D
sh688668,鼎通科技,2025-09-19 09:37:49,114.11,12621,114.22,D
sh688668,鼎通科技,2025-09-19 09:37:52,113.96,10108,114.11,D
sh688668,鼎通科技,2025-09-19 09:37:55,114.0,6893,113.96,U
sh688668,鼎通科技,2025-09-19 09:38:04,113.9,3152,114.01,D
sh688668,鼎通科技,2025-09-19 09:38:10,114.18,5262,113.97,U
sh688668,鼎通科技,2025-09-19 09:38:13,113.66,3401,114.18,D
sh688668,鼎通科技,2025-09-19 09:38:22,113.94,2400,113.66,E
sh688668,鼎通科技,2025-09-19 09:38:28,113.2,2400,113.5,D
sh688668,鼎通科技,2025-09-19 09:38:31,113.61,11233,113.2,U
sh688668,鼎通科技,2025-09-19 09:38:40,113.05,4375,113.02,D
sh688668,鼎通科技,2025-09-19 09:38:52,113.0,2204,113.0,D
sh688668,鼎通科技,2025-09-19 09:38:55,112.98,7665,113.0,D
sh688668,鼎通科技,2025-09-19 09:39:16,112.8,2744,112.72,U
sh688668,鼎通科技,2025-09-19 09:39:22,112.78,5850,112.81,D
sh688668,鼎通科技,2025-09-19 09:39:34,112.49,8888,112.52,D
sh688668,鼎通科技,2025-09-19 09:39:37,112.6,7300,112.49,U
sh688668,鼎通科技,2025-09-19 09:40:43,112.53,2154,112.53,U
sh688668,鼎通科技,2025-09-19 09:41:04,112.63,2217,112.56,U
sh688668,鼎通科技,2025-09-19 09:41:19,112.45,16090,112.63,D
sh688668,鼎通科技,2025-09-19 09:41:22,112.4,5501,112.45,D
sh688668,鼎通科技,2025-09-19 09:41:25,112.36,1900,112.4,D
sh688668,鼎通科技,2025-09-19 09:41:34,112.36,4085,112.37,D
sh688668,鼎通科技,2025-09-19 09:41:40,112.4,2652,112.36,U
sh688668,鼎通科技,2025-09-19 09:41:43,112.37,2400,112.4,D
sh688668,鼎通科技,2025-09-19 09:41:46,112.37,2948,112.37,D
sh688668,鼎通科技,2025-09-19 09:41:49,112.31,4190,112.37,D
sh688668,鼎通科技,2025-09-19 09:41:52,112.25,8256,112.31,D
sh688668,鼎通科技,2025-09-19 09:41:58,112.12,2679,112.2,D
sh688668,鼎通科技,2025-09-19 09:42:01,112.01,10497,112.12,D
sh688668,鼎通科技,2025-09-19 09:42:04,112.0,43028,112.01,D
sh688668,鼎通科技,2025-09-19 09:42:10,111.81,3505,111.85,D
sh688668,鼎通科技,2025-09-19 09:42:13,111.78,8871,111.81,D
sh688668,鼎通科技,2025-09-19 09:42:19,111.6,4961,111.77,D
sh688668,鼎通科技,2025-09-19 09:42:25,111.3,3100,111.6,D
sh688668,鼎通科技,2025-09-19 09:42:31,111.3,3300,111.5,D
sh688668,鼎通科技,2025-09-19 09:42:34,111.5,4100,111.3,U
sh688668,鼎通科技,2025-09-19 09:42:37,111.3,3673,111.5,U
sh688668,鼎通科技,2025-09-19 09:42:46,111.33,2497,111.32,E
sh688668,鼎通科技,2025-09-19 09:42:49,111.5,21155,111.33,U
sh688668,鼎通科技,2025-09-19 09:43:01,111.5,9581,111.3,U
sh688668,鼎通科技,2025-09-19 09:43:07,111.5,8423,111.31,U
sh688668,鼎通科技,2025-09-19 09:43:10,111.66,2073,111.5,U
sh688668,鼎通科技,2025-09-19 09:43:13,111.26,5151,111.66,D
sh688668,鼎通科技,2025-09-19 09:43:25,111.5,2019,111.5,D
sh688668,鼎通科技,2025-09-19 09:43:43,111.75,2400,111.5,U
sh688668,鼎通科技,2025-09-19 09:44:07,111.58,2522,111.5,U
sh688668,鼎通科技,2025-09-19 09:44:28,111.3,2321,111.54,D
sh688668,鼎通科技,2025-09-19 09:44:31,111.25,2942,111.3,D
sh688668,鼎通科技,2025-09-19 09:44:34,111.21,3480,111.25,D
sh688668,鼎通科技,2025-09-19 09:44:49,111.2,1924,111.21,D
sh688668,鼎通科技,2025-09-19 09:44:55,111.2,5487,111.2,D
sh688668,鼎通科技,2025-09-19 09:45:01,111.18,8310,111.2,D
sh688668,鼎通科技,2025-09-19 09:45:07,111.11,2000,111.18,D
sh688668,鼎通科技,2025-09-19 09:45:10,111.03,2856,111.11,D
sh688668,鼎通科技,2025-09-19 09:45:19,111.15,7636,111.01,U
sh688668,鼎通科技,2025-09-19 09:45:22,111.4,6106,111.15,U
sh688668,鼎通科技,2025-09-19 09:45:31,111.15,2000,111.22,D
sh688668,鼎通科技,2025-09-19 09:45:37,111.01,5475,111.39,D
sh688668,鼎通科技,2025-09-19 09:45:40,110.86,34138,111.01,D
sh688668,鼎通科技,2025-09-19 09:45:43,111.0,7535,110.86,U
sh688668,鼎通科技,2025-09-19 09:45:49,110.57,4466,110.58,D
sh688668,鼎通科技,2025-09-19 09:45:58,111.12,12163,110.8,U
sh688668,鼎通科技,2025-09-19 09:46:04,111.13,9225,111.12,U
sh688668,鼎通科技,2025-09-19 09:46:07,111.12,5289,111.13,D
sh688668,鼎通科技,2025-09-19 09:46:16,111.54,2473,111.15,U
sh688668,鼎通科技,2025-09-19 09:46:19,111.55,2142,111.54,U
sh688668,鼎通科技,2025-09-19 09:46:22,111.81,9941,111.55,U
sh688668,鼎通科技,2025-09-19 09:46:31,111.82,1971,111.99,D
sh688668,鼎通科技,2025-09-19 09:46:37,111.8,2327,111.77,U
sh688668,鼎通科技,2025-09-19 09:46:40,111.6,6346,111.8,D
sh688668,鼎通科技,2025-09-19 09:46:43,111.59,4447,111.6,D
sh688668,鼎通科技,2025-09-19 09:46:46,111.74,4916,111.59,U
sh688668,鼎通科技,2025-09-19 09:47:19,112.04,2920,111.97,U
sh688668,鼎通科技,2025-09-19 09:47:40,113.0,17266,112.13,U
sh688668,鼎通科技,2025-09-19 09:47:58,112.68,3350,112.7,E
sh688668,鼎通科技,2025-09-19 09:48:04,112.66,2468,112.68,E
sh688668,鼎通科技,2025-09-19 09:48:07,112.3,4993,112.66,E
sh688668,鼎通科技,2025-09-19 09:48:16,112.3,3114,112.66,D
sh688668,鼎通科技,2025-09-19 09:48:31,112.7,1842,112.66,U
sh688668,鼎通科技,2025-09-19 09:48:34,112.71,3371,112.7,D
sh688668,鼎通科技,2025-09-19 09:48:37,112.5,2212,112.71,D
sh688668,鼎通科技,2025-09-19 09:48:46,112.76,3531,112.68,U
sh688668,鼎通科技,2025-09-19 09:49:07,112.74,2682,112.76,U
sh688668,鼎通科技,2025-09-19 09:49:13,113.0,9690,112.75,U
sh688668,鼎通科技,2025-09-19 09:49:34,113.13,6617,113.13,D
sh688668,鼎通科技,2025-09-19 09:49:52,113.13,3423,113.39,D
sh688668,鼎通科技,2025-09-19 09:49:58,113.4,1792,113.38,U
sh688668,鼎通科技,2025-09-19 09:50:01,113.4,3147,113.4,D
sh688668,鼎通科技,2025-09-19 09:50:07,113.4,2286,113.47,D
sh688668,鼎通科技,2025-09-19 09:50:19,113.0,5721,113.0,D
sh688668,鼎通科技,2025-09-19 09:50:22,113.31,2190,113.0,U
sh688668,鼎通科技,2025-09-19 09:50:25,113.0,1948,113.31,D
sh688668,鼎通科技,2025-09-19 09:50:31,113.0,2433,113.0,D
sh688668,鼎通科技,2025-09-19 09:50:34,113.18,2400,113.0,E
sh688668,鼎通科技,2025-09-19 09:50:40,113.18,3379,113.18,E
sh688668,鼎通科技,2025-09-19 09:50:43,113.26,2153,113.18,U
sh688668,鼎通科技,2025-09-19 09:50:49,113.32,2739,113.29,U
sh688668,鼎通科技,2025-09-19 09:50:58,113.32,2482,113.4,D
sh688668,鼎通科技,2025-09-19 09:51:01,113.6,4336,113.32,U
sh688668,鼎通科技,2025-09-19 09:51:04,113.7,1780,113.6,U
sh688668,鼎通科技,2025-09-19 09:51:52,113.32,3936,113.48,D
sh688668,鼎通科技,2025-09-19 09:51:55,113.26,5269,113.32,D
sh688668,鼎通科技,2025-09-19 09:51:58,113.18,2507,113.26,D
sh688668,鼎通科技,2025-09-19 09:52:16,113.6,4856,113.31,U
sh688668,鼎通科技,2025-09-19 09:52:19,113.6,2421,113.6,U
sh688668,鼎通科技,2025-09-19 09:52:25,113.61,4281,113.72,E
sh688668,鼎通科技,2025-09-19 09:52:37,113.73,2850,113.73,E
sh688668,鼎通科技,2025-09-19 09:52:46,113.75,1800,113.73,U
sh688668,鼎通科技,2025-09-19 09:52:49,113.99,2500,113.75,U
sh688668,鼎通科技,2025-09-19 09:53:01,113.98,2800,113.95,U
sh688668,鼎通科技,2025-09-19 09:53:10,113.88,4300,113.89,U
sh688668,鼎通科技,2025-09-19 09:53:13,113.79,2600,113.88,E
sh688668,鼎通科技,2025-09-19 09:53:16,113.76,3452,113.79,D
sh688668,鼎通科技,2025-09-19 09:53:19,114.0,17799,113.76,U
sh688668,鼎通科技,2025-09-19 09:53:22,114.04,2200,114.0,E
sh688668,鼎通科技,2025-09-19 09:53:52,114.18,6789,114.33,D
sh688668,鼎通科技,2025-09-19 09:53:55,114.0,2133,114.18,D
sh688668,鼎通科技,2025-09-19 09:53:58,113.79,6380,114.0,D
sh688668,鼎通科技,2025-09-19 09:54:01,113.81,8391,113.79,U
sh688668,鼎通科技,2025-09-19 09:54:34,113.7,2300,113.62,U
sh688668,鼎通科技,2025-09-19 09:54:46,113.62,4872,113.4,U
sh688668,鼎通科技,2025-09-19 09:55:22,113.41,2002,113.41,D
sh688668,鼎通科技,2025-09-19 09:55:31,113.5,4003,113.43,U
sh688668,鼎通科技,2025-09-19 09:55:37,113.51,7614,113.5,U
sh688668,鼎通科技,2025-09-19 09:55:40,113.51,4586,113.51,U
sh688668,鼎通科技,2025-09-19 09:55:46,113.51,2250,113.51,D
sh688668,鼎通科技,2025-09-19 09:55:52,113.7,2487,113.51,U
sh688668,鼎通科技,2025-09-19 09:56:01,113.7,2488,113.5,U
sh688668,鼎通科技,2025-09-19 09:56:04,113.69,8618,113.7,U
sh688668,鼎通科技,2025-09-19 09:56:16,113.31,4269,113.65,D
sh688668,鼎通科技,2025-09-19 09:56:37,113.05,2300,113.02,U
sh688668,鼎通科技,2025-09-19 09:56:40,113.01,2142,113.05,D
sh688668,鼎通科技,2025-09-19 09:56:43,113.0,4841,113.01,D
sh688668,鼎通科技,2025-09-19 09:58:31,112.6,2540,112.56,U
sh688668,鼎通科技,2025-09-19 09:58:58,112.38,2200,112.4,D
sh688668,鼎通科技,2025-09-19 09:59:04,112.3,6784,112.41,D
sh688668,鼎通科技,2025-09-19 09:59:34,112.05,4273,112.01,U
sh688668,鼎通科技,2025-09-19 09:59:46,112.2,2005,112.1,U
sh688668,鼎通科技,2025-09-19 10:00:16,112.2,2834,112.09,U
sh688668,鼎通科技,2025-09-19 10:00:22,112.05,1900,112.1,D
sh688668,鼎通科技,2025-09-19 10:00:49,112.09,5866,112.2,D
sh688668,鼎通科技,2025-09-19 10:00:58,112.19,4337,112.09,U
sh688668,鼎通科技,2025-09-19 10:01:13,112.09,1817,112.1,E
sh688668,鼎通科技,2025-09-19 10:01:16,112.08,2036,112.09,D
sh688668,鼎通科技,2025-09-19 10:01:19,112.08,4651,112.08,D
sh688668,鼎通科技,2025-09-19 10:01:22,112.06,1856,112.08,D
sh688668,鼎通科技,2025-09-19 10:01:25,111.88,8522,112.06,D
sh688668,鼎通科技,2025-09-19 10:01:58,111.78,2700,111.8,D
sh688668,鼎通科技,2025-09-19 10:02:07,112.09,2712,111.8,U
sh688668,鼎通科技,2025-09-19 10:02:43,112.07,2913,112.07,D
sh688668,鼎通科技,2025-09-19 10:03:01,112.45,10226,112.2,U
sh688668,鼎通科技,2025-09-19 10:03:07,112.4,1794,112.42,D
sh688668,鼎通科技,2025-09-19 10:03:28,112.18,2062,112.4,D
sh688668,鼎通科技,2025-09-19 10:04:55,112.16,2111,112.16,D
sh688668,鼎通科技,2025-09-19 10:05:19,112.0,5495,112.16,D
sh688668,鼎通科技,2025-09-19 10:05:25,111.88,5688,111.91,D
sh688668,鼎通科技,2025-09-19 10:05:31,111.92,3488,111.81,U
sh688668,鼎通科技,2025-09-19 10:05:34,111.8,4203,111.92,D
sh688668,鼎通科技,2025-09-19 10:05:43,111.76,4392,111.81,D
sh688668,鼎通科技,2025-09-19 10:06:01,111.66,1920,111.67,D
sh688668,鼎通科技,2025-09-19 10:06:04,111.68,4502,111.66,U
sh688668,鼎通科技,2025-09-19 10:06:07,111.76,2762,111.68,U
sh688668,鼎通科技,2025-09-19 10:06:28,111.99,7558,111.92,U
sh688668,鼎通科技,2025-09-19 10:06:55,111.91,2767,112.0,D
sh688668,鼎通科技,2025-09-19 10:06:58,111.86,3900,111.91,D
sh688668,鼎通科技,2025-09-19 10:07:01,111.91,3506,111.86,U
sh688668,鼎通科技,2025-09-19 10:07:13,111.99,5000,111.8,U
sh688668,鼎通科技,2025-09-19 10:08:10,111.84,8485,111.96,D
sh688668,鼎通科技,2025-09-19 10:08:46,111.63,12425,111.79,D
sh688668,鼎通科技,2025-09-19 10:09:19,111.62,3200,111.62,U
sh688668,鼎通科技,2025-09-19 10:09:28,111.53,2730,111.6,D
sh688668,鼎通科技,2025-09-19 10:09:37,111.54,1951,111.53,U
sh688668,鼎通科技,2025-09-19 10:10:04,111.45,3959,111.51,D
sh688668,鼎通科技,2025-09-19 10:10:13,111.2,5518,111.31,D
sh688668,鼎通科技,2025-09-19 10:10:16,111.0,24584,111.2,D
sh688668,鼎通科技,2025-09-19 10:10:19,110.83,3959,111.0,D
sh688668,鼎通科技,2025-09-19 10:10:22,110.78,2031,110.83,D
sh688668,鼎通科技,2025-09-19 10:10:28,110.6,2803,110.66,D
sh688668,鼎通科技,2025-09-19 10:10:34,110.5,2153,110.58,D
sh688668,鼎通科技,2025-09-19 10:10:37,110.5,3613,110.5,D
sh688668,鼎通科技,2025-09-19 10:10:43,110.32,2575,110.5,D
sh688668,鼎通科技,2025-09-19 10:10:49,110.21,6200,110.3,D
sh688668,鼎通科技,2025-09-19 10:10:52,110.28,5435,110.21,U
sh688668,鼎通科技,2025-09-19 10:10:55,110.22,3108,110.28,D
sh688668,鼎通科技,2025-09-19 10:11:01,110.21,6954,110.2,U
sh688668,鼎通科技,2025-09-19 10:11:04,110.18,2800,110.21,D
sh688668,鼎通科技,2025-09-19 10:11:07,110.28,3557,110.18,U
sh688668,鼎通科技,2025-09-19 10:11:10,110.57,6569,110.28,U
sh688668,鼎通科技,2025-09-19 10:11:34,110.74,1966,110.74,D
sh688668,鼎通科技,2025-09-19 10:11:40,110.28,11538,110.8,D
sh688668,鼎通科技,2025-09-19 10:11:49,110.8,2274,110.8,D
sh688668,鼎通科技,2025-09-19 10:12:31,110.76,3984,110.78,D
sh688668,鼎通科技,2025-09-19 10:12:34,110.91,2637,110.76,U
sh688668,鼎通科技,2025-09-19 10:12:43,110.91,3309,110.8,U
sh688668,鼎通科技,2025-09-19 10:14:19,110.91,5233,110.92,D
sh688668,鼎通科技,2025-09-19 10:14:22,110.9,5155,110.91,D
sh688668,鼎通科技,2025-09-19 10:14:28,110.67,9128,110.83,D
sh688668,鼎通科技,2025-09-19 10:14:40,110.8,2476,110.8,U
sh688668,鼎通科技,2025-09-19 10:14:55,110.69,1907,110.69,D
sh688668,鼎通科技,2025-09-19 10:15:07,110.9,7033,110.9,U
sh688668,鼎通科技,2025-09-19 10:15:55,111.37,1992,111.35,U
sh688668,鼎通科技,2025-09-19 10:16:58,111.62,7200,111.55,U
sh688668,鼎通科技,2025-09-19 10:17:25,111.6,3518,111.6,U
sh688668,鼎通科技,2025-09-19 10:17:40,111.6,2000,111.54,U
sh688668,鼎通科技,2025-09-19 10:18:01,111.6,2652,111.52,U
sh688668,鼎通科技,2025-09-19 10:18:04,111.52,3866,111.6,D
sh688668,鼎通科技,2025-09-19 10:18:46,111.52,1855,111.53,D
sh688668,鼎通科技,2025-09-19 10:18:49,111.37,17193,111.52,D
sh688668,鼎通科技,2025-09-19 10:19:16,111.2,12036,111.22,D
sh688668,鼎通科技,2025-09-19 10:19:43,111.2,1800,111.2,U
sh688668,鼎通科技,2025-09-19 10:20:13,111.01,8890,111.18,D
sh688668,鼎通科技,2025-09-19 10:20:31,111.09,5713,111.1,U
sh688668,鼎通科技,2025-09-19 10:20:40,110.7,5672,110.95,D
sh688668,鼎通科技,2025-09-19 10:21:10,110.72,3470,110.99,D
sh688668,鼎通科技,2025-09-19 10:22:10,111.0,1858,111.01,D
sh688668,鼎通科技,2025-09-19 10:22:13,111.04,6800,111.0,U
sh688668,鼎通科技,2025-09-19 10:24:01,111.23,2477,111.23,U
sh688668,鼎通科技,2025-09-19 10:24:13,111.1,1933,111.2,D
sh688668,鼎通科技,2025-09-19 10:24:52,110.99,2987,111.01,D
sh688668,鼎通科技,2025-09-19 10:25:07,110.86,4800,110.88,D
sh688668,鼎通科技,2025-09-19 10:25:13,110.87,3400,110.86,U
sh688668,鼎通科技,2025-09-19 10:25:28,110.8,4986,110.8,U
sh688668,鼎通科技,2025-09-19 10:25:40,110.99,3394,110.9,U
sh688668,鼎通科技,2025-09-19 10:25:55,110.97,2000,110.97,U
sh688668,鼎通科技,2025-09-19 10:25:58,110.97,3200,110.97,U
sh688668,鼎通科技,2025-09-19 10:26:01,111.01,4773,110.97,U
sh688668,鼎通科技,2025-09-19 10:26:13,111.4,2600,110.9,U
sh688668,鼎通科技,2025-09-19 10:26:43,111.42,2008,111.0,U
sh688668,鼎通科技,2025-09-19 10:27:22,111.4,1900,111.16,U
sh688668,鼎通科技,2025-09-19 10:27:37,111.49,2072,111.4,U
sh688668,鼎通科技,2025-09-19 10:29:22,111.7,11522,111.71,D
sh688668,鼎通科技,2025-09-19 10:29:25,111.6,2290,111.7,D
sh688668,鼎通科技,2025-09-19 10:29:37,111.5,2388,111.52,D
sh688668,鼎通科技,2025-09-19 10:29:49,111.49,3127,111.5,D
sh688668,鼎通科技,2025-09-19 10:30:22,111.61,3998,111.3,U
sh688668,鼎通科技,2025-09-19 10:32:07,111.6,2492,111.7,D
sh688668,鼎通科技,2025-09-19 10:32:10,111.6,4969,111.6,D
sh688668,鼎通科技,2025-09-19 10:32:28,111.21,5878,111.6,D
sh688668,鼎通科技,2025-09-19 10:32:58,111.13,2345,111.1,U
sh688668,鼎通科技,2025-09-19 10:33:01,111.21,1900,111.13,U
sh688668,鼎通科技,2025-09-19 10:33:19,111.07,2700,111.21,D
sh688668,鼎通科技,2025-09-19 10:33:22,111.07,3167,111.07,D
sh688668,鼎通科技,2025-09-19 10:33:40,110.97,4629,111.0,D
sh688668,鼎通科技,2025-09-19 10:34:04,110.8,5251,111.0,D
sh688668,鼎通科技,2025-09-19 10:34:58,111.0,3000,110.77,U
sh688668,鼎通科技,2025-09-19 10:35:01,110.76,3400,111.0,D
sh688668,鼎通科技,2025-09-19 10:35:04,110.76,9900,110.76,D
sh688668,鼎通科技,2025-09-19 10:35:10,110.7,6073,110.7,D
sh688668,鼎通科技,2025-09-19 10:35:58,110.65,3366,110.73,D
sh688668,鼎通科技,2025-09-19 10:36:19,110.52,10800,110.51,E
sh688668,鼎通科技,2025-09-19 10:36:37,110.5,12360,110.58,D
sh688668,鼎通科技,2025-09-19 10:37:01,110.4,2100,110.5,D
sh688668,鼎通科技,2025-09-19 10:37:25,110.28,9142,110.32,D
sh688668,鼎通科技,2025-09-19 10:37:46,110.2,5925,110.21,D
sh688668,鼎通科技,2025-09-19 10:37:49,110.3,4448,110.2,U
sh688668,鼎通科技,2025-09-19 10:37:52,110.33,3213,110.3,U
sh688668,鼎通科技,2025-09-19 10:38:04,110.28,7932,110.3,D
sh688668,鼎通科技,2025-09-19 10:39:19,110.48,3112,110.38,E
sh688668,鼎通科技,2025-09-19 10:39:34,110.38,2328,110.37,E
sh688668,鼎通科技,2025-09-19 10:40:01,110.38,2419,110.52,D
sh688668,鼎通科技,2025-09-19 10:41:04,110.56,1954,110.62,D
sh688668,鼎通科技,2025-09-19 10:41:07,110.46,3538,110.56,D
sh688668,鼎通科技,2025-09-19 10:41:13,110.38,2277,110.44,D
sh688668,鼎通科技,2025-09-19 10:41:40,110.45,6151,110.5,D
sh688668,鼎通科技,2025-09-19 10:42:52,110.57,3800,110.57,U
sh688668,鼎通科技,2025-09-19 10:43:19,110.59,1888,110.6,D
sh688668,鼎通科技,2025-09-19 10:44:43,110.75,3346,110.78,D
sh688668,鼎通科技,2025-09-19 10:45:40,110.72,3200,110.62,U
sh688668,鼎通科技,2025-09-19 10:45:49,110.58,1900,110.62,D
sh688668,鼎通科技,2025-09-19 10:46:04,110.55,9542,110.7,D
sh688668,鼎通科技,2025-09-19 10:46:16,110.5,4303,110.69,D
sh688668,鼎通科技,2025-09-19 10:48:04,110.51,3349,110.71,D
sh688668,鼎通科技,2025-09-19 10:48:34,110.5,2265,110.51,D
sh688668,鼎通科技,2025-09-19 10:48:37,110.66,4437,110.5,U
sh688668,鼎通科技,2025-09-19 10:52:37,110.43,2443,110.51,D
sh688668,鼎通科技,2025-09-19 10:52:43,110.44,1929,110.41,U
sh688668,鼎通科技,2025-09-19 10:52:58,110.43,3773,110.42,U
sh688668,鼎通科技,2025-09-19 10:53:04,110.4,9152,110.43,D
sh688668,鼎通科技,2025-09-19 10:53:07,110.4,3059,110.4,D
sh688668,鼎通科技,2025-09-19 10:53:25,110.31,2400,110.37,D
sh688668,鼎通科技,2025-09-19 10:53:49,110.33,6247,110.33,D
sh688668,鼎通科技,2025-09-19 10:53:52,110.38,2237,110.33,U
sh688668,鼎通科技,2025-09-19 10:53:58,110.37,12117,110.37,D
sh688668,鼎通科技,2025-09-19 10:54:16,110.42,9657,110.22,U
sh688668,鼎通科技,2025-09-19 10:54:34,110.22,6382,110.45,D
sh688668,鼎通科技,2025-09-19 10:55:55,110.49,6350,110.51,D
sh688668,鼎通科技,2025-09-19 10:56:13,110.34,4271,110.61,D
sh688668,鼎通科技,2025-09-19 10:57:58,110.3,1994,110.35,D
sh688668,鼎通科技,2025-09-19 10:58:34,110.3,2063,110.35,E
sh688668,鼎通科技,2025-09-19 10:58:49,110.25,2464,110.26,D
sh688668,鼎通科技,2025-09-19 10:59:07,110.3,2504,110.25,U
sh688668,鼎通科技,2025-09-19 10:59:13,110.4,1825,110.3,U
sh688668,鼎通科技,2025-09-19 10:59:46,110.41,2426,110.45,D
sh688668,鼎通科技,2025-09-19 10:59:55,110.4,6010,110.41,D
sh688668,鼎通科技,2025-09-19 11:00:04,110.4,2492,110.4,U
sh688668,鼎通科技,2025-09-19 11:00:10,110.4,5269,110.4,U
sh688668,鼎通科技,2025-09-19 11:00:13,110.58,6047,110.4,U
sh688668,鼎通科技,2025-09-19 11:00:16,110.6,2494,110.58,U
sh688668,鼎通科技,2025-09-19 11:00:43,110.58,2288,110.71,D
sh688668,鼎通科技,2025-09-19 11:01:07,110.32,2040,110.59,D
sh688668,鼎通科技,2025-09-19 11:01:19,110.24,2771,110.55,D
sh688668,鼎通科技,2025-09-19 11:01:58,110.26,5918,110.35,D
sh688668,鼎通科技,2025-09-19 11:02:40,110.2,2080,110.23,D
sh688668,鼎通科技,2025-09-19 11:02:46,110.2,5221,110.23,D
sh688668,鼎通科技,2025-09-19 11:03:01,110.35,2620,110.2,U
sh688668,鼎通科技,2025-09-19 11:03:10,110.54,2000,110.27,U
sh688668,鼎通科技,2025-09-19 11:05:04,110.16,5100,110.26,D
sh688668,鼎通科技,2025-09-19 11:05:19,110.15,3417,110.16,D
sh688668,鼎通科技,2025-09-19 11:06:01,110.26,1972,110.15,U
sh688668,鼎通科技,2025-09-19 11:06:07,110.5,4222,110.26,U
sh688668,鼎通科技,2025-09-19 11:06:25,110.3,2200,110.5,D
sh688668,鼎通科技,2025-09-19 11:06:40,110.28,2593,110.48,D
sh688668,鼎通科技,2025-09-19 11:06:58,110.45,2000,110.28,U
sh688668,鼎通科技,2025-09-19 11:07:13,110.51,4692,110.5,U
sh688668,鼎通科技,2025-09-19 11:07:25,110.59,2059,110.51,U
sh688668,鼎通科技,2025-09-19 11:08:46,110.54,3329,110.8,D
sh688668,鼎通科技,2025-09-19 11:09:25,110.58,4000,110.87,D
sh688668,鼎通科技,2025-09-19 11:11:43,110.61,8536,110.61,D
sh688668,鼎通科技,2025-09-19 11:12:01,111.0,2816,110.81,U
sh688668,鼎通科技,2025-09-19 11:14:43,110.54,3063,110.62,D
sh688668,鼎通科技,2025-09-19 11:14:46,110.51,3065,110.54,D
sh688668,鼎通科技,2025-09-19 11:15:46,110.32,8728,110.25,U
sh688668,鼎通科技,2025-09-19 11:15:55,110.16,1902,110.32,D
sh688668,鼎通科技,2025-09-19 11:16:25,110.26,2432,110.25,D
sh688668,鼎通科技,2025-09-19 11:16:49,110.18,2455,110.2,D
sh688668,鼎通科技,2025-09-19 11:17:13,110.17,3300,110.18,D
sh688668,鼎通科技,2025-09-19 11:17:16,110.17,6063,110.17,D
sh688668,鼎通科技,2025-09-19 11:17:49,110.11,5543,110.13,D
sh688668,鼎通科技,2025-09-19 11:18:16,110.12,2400,110.12,U
sh688668,鼎通科技,2025-09-19 11:19:07,110.1,2200,110.1,D
sh688668,鼎通科技,2025-09-19 11:19:40,110.06,2594,110.07,D
sh688668,鼎通科技,2025-09-19 11:21:37,110.1,26097,110.08,U
sh688668,鼎通科技,2025-09-19 11:21:40,110.54,4055,110.1,D
sh688668,鼎通科技,2025-09-19 11:22:40,110.5,4000,110.5,U
sh688668,鼎通科技,2025-09-19 11:24:10,111.0,10000,110.62,U
sh688668,鼎通科技,2025-09-19 11:24:31,110.73,4100,110.68,D
sh688668,鼎通科技,2025-09-19 11:24:34,110.74,3089,110.73,E
sh688668,鼎通科技,2025-09-19 11:26:10,110.61,4810,110.63,D
sh688668,鼎通科技,2025-09-19 11:26:43,110.61,3529,110.76,D
sh688668,鼎通科技,2025-09-19 11:27:37,110.6,3000,110.62,D
sh688668,鼎通科技,2025-09-19 11:28:37,110.88,2000,110.62,U
sh688668,鼎通科技,2025-09-19 11:28:52,110.88,1912,110.6,U
sh688668,鼎通科技,2025-09-19 13:00:04,110.95,2154,110.91,U
sh688668,鼎通科技,2025-09-19 13:00:07,110.95,1830,110.95,D
sh688668,鼎通科技,2025-09-19 13:00:10,110.95,2412,110.95,D
sh688668,鼎通科技,2025-09-19 13:00:13,110.88,13617,110.95,D
sh688668,鼎通科技,2025-09-19 13:00:19,110.87,5832,110.64,U
sh688668,鼎通科技,2025-09-19 13:00:25,110.61,4626,110.89,E
sh688668,鼎通科技,2025-09-19 13:00:34,110.5,2556,110.51,D
sh688668,鼎通科技,2025-09-19 13:01:04,110.3,8626,110.5,D
sh688668,鼎通科技,2025-09-19 13:01:13,110.27,2682,110.2,U
sh688668,鼎通科技,2025-09-19 13:01:22,110.28,2173,110.27,U
sh688668,鼎通科技,2025-09-19 13:01:46,110.39,2158,110.37,U
sh688668,鼎通科技,2025-09-19 13:02:10,110.49,3400,110.45,U
sh688668,鼎通科技,2025-09-19 13:03:22,110.67,2000,110.6,U
sh688668,鼎通科技,2025-09-19 13:03:25,110.58,3351,110.67,D
sh688668,鼎通科技,2025-09-19 13:03:31,110.67,5220,110.58,U
sh688668,鼎通科技,2025-09-19 13:04:07,110.7,2902,110.82,D
sh688668,鼎通科技,2025-09-19 13:04:16,110.57,10043,110.82,D
sh688668,鼎通科技,2025-09-19 13:04:25,110.22,1962,110.5,D
sh688668,鼎通科技,2025-09-19 13:04:34,110.25,3318,110.49,D
sh688668,鼎通科技,2025-09-19 13:04:55,110.27,2839,110.3,D
sh688668,鼎通科技,2025-09-19 13:05:10,110.46,1873,110.3,U
sh688668,鼎通科技,2025-09-19 13:05:37,110.55,1853,110.45,E
sh688668,鼎通科技,2025-09-19 13:06:01,110.56,1872,110.56,D
sh688668,鼎通科技,2025-09-19 13:06:28,110.89,5189,110.66,U
sh688668,鼎通科技,2025-09-19 13:06:43,110.9,2222,110.79,E
sh688668,鼎通科技,2025-09-19 13:06:49,111.11,3753,111.09,U
sh688668,鼎通科技,2025-09-19 13:06:58,111.16,2200,111.11,E
sh688668,鼎通科技,2025-09-19 13:08:52,110.8,2168,110.8,D
sh688668,鼎通科技,2025-09-19 13:09:16,110.51,2530,110.66,D
sh688668,鼎通科技,2025-09-19 13:09:22,110.44,8461,110.51,D
sh688668,鼎通科技,2025-09-19 13:09:25,110.33,3143,110.44,D
sh688668,鼎通科技,2025-09-19 13:09:34,110.21,11361,110.3,D
sh688668,鼎通科技,2025-09-19 13:09:55,110.21,4302,110.28,D
sh688668,鼎通科技,2025-09-19 13:10:01,110.2,12004,110.21,D
sh688668,鼎通科技,2025-09-19 13:10:04,110.15,8956,110.2,D
sh688668,鼎通科技,2025-09-19 13:10:07,110.1,7444,110.15,D
sh688668,鼎通科技,2025-09-19 13:10:16,110.1,3824,110.06,U
sh688668,鼎通科技,2025-09-19 13:10:25,110.03,3151,110.04,D
sh688668,鼎通科技,2025-09-19 13:10:31,110.06,3322,110.04,U
sh688668,鼎通科技,2025-09-19 13:10:43,110.14,3572,110.13,U
sh688668,鼎通科技,2025-09-19 13:11:01,110.06,2449,110.11,D
sh688668,鼎通科技,2025-09-19 13:11:04,110.02,8687,110.06,D
sh688668,鼎通科技,2025-09-19 13:11:07,110.01,5611,110.02,D
sh688668,鼎通科技,2025-09-19 13:11:13,109.88,65694,110.01,D
sh688668,鼎通科技,2025-09-19 13:11:19,109.8,4973,109.88,D
sh688668,鼎通科技,2025-09-19 13:11:22,109.76,18704,109.8,D
sh688668,鼎通科技,2025-09-19 13:11:25,109.68,2032,109.76,D
sh688668,鼎通科技,2025-09-19 13:11:34,109.58,3316,109.68,D
sh688668,鼎通科技,2025-09-19 13:11:37,109.58,2529,109.58,U
sh688668,鼎通科技,2025-09-19 13:11:40,109.61,3990,109.58,E
sh688668,鼎通科技,2025-09-19 13:11:46,109.62,5530,109.81,D
sh688668,鼎通科技,2025-09-19 13:11:49,109.61,3103,109.62,D
sh688668,鼎通科技,2025-09-19 13:11:55,109.61,3320,109.75,D
sh688668,鼎通科技,2025-09-19 13:11:58,109.85,2581,109.61,U
sh688668,鼎通科技,2025-09-19 13:12:04,109.7,5533,109.85,E
sh688668,鼎通科技,2025-09-19 13:12:25,109.52,2700,109.62,D
sh688668,鼎通科技,2025-09-19 13:12:34,109.51,5076,109.52,D
sh688668,鼎通科技,2025-09-19 13:12:37,109.55,4147,109.51,U
sh688668,鼎通科技,2025-09-19 13:12:40,109.68,3283,109.55,U
sh688668,鼎通科技,2025-09-19 13:12:55,109.51,6176,109.82,D
sh688668,鼎通科技,2025-09-19 13:13:25,109.81,2113,109.99,D
sh688668,鼎通科技,2025-09-19 13:13:55,109.69,8071,109.8,D
sh688668,鼎通科技,2025-09-19 13:14:25,109.71,1830,109.79,D
sh688668,鼎通科技,2025-09-19 13:14:46,109.7,1937,109.7,U
sh688668,鼎通科技,2025-09-19 13:14:49,109.7,3020,109.7,D
sh688668,鼎通科技,2025-09-19 13:14:55,109.7,2106,109.7,D
sh688668,鼎通科技,2025-09-19 13:15:25,109.8,4173,109.81,D
sh688668,鼎通科技,2025-09-19 13:15:28,109.81,3472,109.8,U
sh688668,鼎通科技,2025-09-19 13:15:43,109.61,7195,109.73,D
sh688668,鼎通科技,2025-09-19 13:15:55,109.5,13787,109.61,D
sh688668,鼎通科技,2025-09-19 13:16:01,109.38,14987,109.5,D
sh688668,鼎通科技,2025-09-19 13:16:04,109.3,2405,109.38,D
sh688668,鼎通科技,2025-09-19 13:16:16,109.3,8197,109.3,D
sh688668,鼎通科技,2025-09-19 13:16:19,109.3,2000,109.3,D
sh688668,鼎通科技,2025-09-19 13:16:25,109.2,2378,109.3,D
sh688668,鼎通科技,2025-09-19 13:16:34,109.2,4464,109.2,U
sh688668,鼎通科技,2025-09-19 13:16:37,109.3,6357,109.2,U
sh688668,鼎通科技,2025-09-19 13:16:40,109.27,16032,109.3,D
sh688668,鼎通科技,2025-09-19 13:16:46,109.57,3358,109.27,E
sh688668,鼎通科技,2025-09-19 13:16:55,109.1,5108,109.28,D
sh688668,鼎通科技,2025-09-19 13:17:07,109.46,6677,109.2,U
sh688668,鼎通科技,2025-09-19 13:17:22,109.49,5417,109.38,U
sh688668,鼎通科技,2025-09-19 13:17:55,109.51,1885,109.78,D
sh688668,鼎通科技,2025-09-19 13:18:07,109.78,3351,109.76,U
sh688668,鼎通科技,2025-09-19 13:18:31,109.42,9670,109.5,D
sh688668,鼎通科技,2025-09-19 13:18:43,109.82,2200,109.32,U
sh688668,鼎通科技,2025-09-19 13:19:25,109.36,3001,109.74,D
sh688668,鼎通科技,2025-09-19 13:19:31,109.37,2688,109.37,D
sh688668,鼎通科技,2025-09-19 13:20:10,109.5,2702,109.52,D
sh688668,鼎通科技,2025-09-19 13:20:25,109.25,6459,109.35,D
sh688668,鼎通科技,2025-09-19 13:20:37,109.3,2219,109.22,E
sh688668,鼎通科技,2025-09-19 13:20:55,109.16,3750,109.22,D
sh688668,鼎通科技,2025-09-19 13:21:22,109.1,2500,109.11,D
sh688668,鼎通科技,2025-09-19 13:21:25,109.06,2511,109.1,D
sh688668,鼎通科技,2025-09-19 13:21:31,109.06,2232,109.06,D
sh688668,鼎通科技,2025-09-19 13:21:46,109.03,7550,109.06,D
sh688668,鼎通科技,2025-09-19 13:21:49,109.02,7204,109.03,D
sh688668,鼎通科技,2025-09-19 13:21:58,109.0,20661,109.01,D
sh688668,鼎通科技,2025-09-19 13:22:01,108.99,15085,109.0,D
sh688668,鼎通科技,2025-09-19 13:22:04,108.9,1983,108.99,D
sh688668,鼎通科技,2025-09-19 13:22:16,108.96,3399,108.96,D
sh688668,鼎通科技,2025-09-19 13:22:25,108.8,3189,108.95,D
sh688668,鼎通科技,2025-09-19 13:22:31,108.9,7235,108.8,U
sh688668,鼎通科技,2025-09-19 13:22:40,109.01,2810,108.9,U
sh688668,鼎通科技,2025-09-19 13:22:43,108.93,4771,109.01,E
sh688668,鼎通科技,2025-09-19 13:23:04,108.88,6614,108.8,E
sh688668,鼎通科技,2025-09-19 13:23:13,109.05,4841,108.96,U
sh688668,鼎通科技,2025-09-19 13:23:16,109.1,2346,109.05,E
sh688668,鼎通科技,2025-09-19 13:23:37,109.04,2495,109.05,D
sh688668,鼎通科技,2025-09-19 13:23:55,108.88,2056,108.97,D
sh688668,鼎通科技,2025-09-19 13:24:01,108.88,3800,108.97,D
sh688668,鼎通科技,2025-09-19 13:24:16,108.88,1936,108.88,U
sh688668,鼎通科技,2025-09-19 13:25:01,108.9,5124,108.89,U
sh688668,鼎通科技,2025-09-19 13:25:07,108.81,6296,108.89,D
sh688668,鼎通科技,2025-09-19 13:25:13,108.8,2924,108.8,D
sh688668,鼎通科技,2025-09-19 13:25:16,108.75,2938,108.8,D
sh688668,鼎通科技,2025-09-19 13:25:25,108.7,2431,108.75,D
sh688668,鼎通科技,2025-09-19 13:25:37,108.65,2566,108.68,D
sh688668,鼎通科技,2025-09-19 13:25:40,108.68,8759,108.65,U
sh688668,鼎通科技,2025-09-19 13:25:52,108.62,2000,108.63,U
sh688668,鼎通科技,2025-09-19 13:25:55,108.51,6742,108.62,D
sh688668,鼎通科技,2025-09-19 13:26:01,108.52,3493,108.61,D
sh688668,鼎通科技,2025-09-19 13:26:04,108.52,14577,108.52,U
sh688668,鼎通科技,2025-09-19 13:26:07,108.52,5850,108.52,D
sh688668,鼎通科技,2025-09-19 13:26:10,108.5,2000,108.52,D
sh688668,鼎通科技,2025-09-19 13:26:19,108.5,8354,108.5,D
sh688668,鼎通科技,2025-09-19 13:26:22,108.51,7289,108.5,U
sh688668,鼎通科技,2025-09-19 13:26:28,108.49,8000,108.6,D
sh688668,鼎通科技,2025-09-19 13:26:40,108.5,2925,108.58,D
sh688668,鼎通科技,2025-09-19 13:26:55,108.49,3261,108.5,D
sh688668,鼎通科技,2025-09-19 13:27:16,108.45,1866,108.46,D
sh688668,鼎通科技,2025-09-19 13:27:25,108.3,2943,108.4,D
sh688668,鼎通科技,2025-09-19 13:27:34,108.1,2210,108.28,D
sh688668,鼎通科技,2025-09-19 13:27:46,108.01,10572,108.1,D
sh688668,鼎通科技,2025-09-19 13:27:49,108.09,2090,108.01,E
sh688668,鼎通科技,2025-09-19 13:27:52,108.28,6189,108.09,U
sh688668,鼎通科技,2025-09-19 13:27:55,108.04,3834,108.28,D
sh688668,鼎通科技,2025-09-19 13:28:01,108.1,10796,108.04,D
sh688668,鼎通科技,2025-09-19 13:28:13,108.08,16000,108.05,E
sh688668,鼎通科技,2025-09-19 13:28:19,108.0,1968,108.0,D
sh688668,鼎通科技,2025-09-19 13:28:22,108.0,6167,108.0,D
sh688668,鼎通科技,2025-09-19 13:28:34,107.97,11557,107.96,U
sh688668,鼎通科技,2025-09-19 13:28:43,107.95,3934,107.83,U
sh688668,鼎通科技,2025-09-19 13:28:55,107.8,2056,107.82,D
sh688668,鼎通科技,2025-09-19 13:29:13,107.9,10902,107.81,U
sh688668,鼎通科技,2025-09-19 13:29:25,108.3,9232,107.89,U
sh688668,鼎通科技,2025-09-19 13:29:37,107.9,3586,107.9,D
sh688668,鼎通科技,2025-09-19 13:29:43,107.92,2185,107.92,D
sh688668,鼎通科技,2025-09-19 13:30:10,108.16,3780,108.02,U
sh688668,鼎通科技,2025-09-19 13:30:25,108.01,3353,108.14,D
sh688668,鼎通科技,2025-09-19 13:30:43,108.0,2612,108.04,D
sh688668,鼎通科技,2025-09-19 13:31:07,107.94,1970,107.94,U
sh688668,鼎通科技,2025-09-19 13:31:19,108.1,2170,107.93,U
sh688668,鼎通科技,2025-09-19 13:31:43,108.0,4285,108.08,D
sh688668,鼎通科技,2025-09-19 13:32:01,108.05,2100,108.05,U
sh688668,鼎通科技,2025-09-19 13:32:19,108.05,4305,108.06,D
sh688668,鼎通科技,2025-09-19 13:32:22,108.02,2813,108.05,D
sh688668,鼎通科技,2025-09-19 13:32:31,108.07,2764,108.06,D
sh688668,鼎通科技,2025-09-19 13:32:34,108.11,3005,108.07,U
sh688668,鼎通科技,2025-09-19 13:32:40,108.05,2235,107.97,U
sh688668,鼎通科技,2025-09-19 13:32:46,108.0,2561,107.99,U
sh688668,鼎通科技,2025-09-19 13:32:52,107.9,1911,108.0,D
sh688668,鼎通科技,2025-09-19 13:32:55,107.88,3858,107.9,D
sh688668,鼎通科技,2025-09-19 13:33:07,107.82,2500,107.83,D
sh688668,鼎通科技,2025-09-19 13:33:16,107.8,3489,107.81,D
sh688668,鼎通科技,2025-09-19 13:33:25,107.66,2693,107.72,D
sh688668,鼎通科技,2025-09-19 13:33:34,107.68,2985,107.7,D
sh688668,鼎通科技,2025-09-19 13:33:37,107.64,3633,107.68,D
sh688668,鼎通科技,2025-09-19 13:33:40,107.7,3197,107.64,U
sh688668,鼎通科技,2025-09-19 13:33:43,107.77,2846,107.7,U
sh688668,鼎通科技,2025-09-19 13:33:46,107.69,12179,107.77,D
sh688668,鼎通科技,2025-09-19 13:33:49,107.62,7622,107.69,D
sh688668,鼎通科技,2025-09-19 13:33:55,107.51,3054,107.62,D
sh688668,鼎通科技,2025-09-19 13:34:01,107.62,7422,107.62,U
sh688668,鼎通科技,2025-09-19 13:34:04,107.5,2909,107.62,D
sh688668,鼎通科技,2025-09-19 13:34:07,107.5,3606,107.5,D
sh688668,鼎通科技,2025-09-19 13:34:10,107.53,1901,107.5,E
sh688668,鼎通科技,2025-09-19 13:34:25,107.3,3370,107.5,D
sh688668,鼎通科技,2025-09-19 13:34:28,107.53,8535,107.3,U
sh688668,鼎通科技,2025-09-19 13:34:34,107.32,1870,107.53,D
sh688668,鼎通科技,2025-09-19 13:34:37,107.59,3200,107.32,U
sh688668,鼎通科技,2025-09-19 13:34:43,107.35,4087,107.53,D
sh688668,鼎通科技,2025-09-19 13:34:55,107.32,3195,107.5,D
sh688668,鼎通科技,2025-09-19 13:35:07,107.31,2088,107.31,D
sh688668,鼎通科技,2025-09-19 13:35:13,107.21,5387,107.31,D
sh688668,鼎通科技,2025-09-19 13:35:19,107.33,5854,107.31,U
sh688668,鼎通科技,2025-09-19 13:35:25,107.21,3791,107.33,D
sh688668,鼎通科技,2025-09-19 13:35:28,107.33,5095,107.21,U
sh688668,鼎通科技,2025-09-19 13:35:34,107.31,2723,107.33,U
sh688668,鼎通科技,2025-09-19 13:35:37,107.33,10314,107.31,U
sh688668,鼎通科技,2025-09-19 13:35:46,107.23,4123,107.34,D
sh688668,鼎通科技,2025-09-19 13:35:55,107.2,2291,107.22,D
sh688668,鼎通科技,2025-09-19 13:36:04,107.23,9605,107.21,U
sh688668,鼎通科技,2025-09-19 13:36:10,107.23,2072,107.21,E
sh688668,鼎通科技,2025-09-19 13:36:22,107.3,3401,107.22,E
sh688668,鼎通科技,2025-09-19 13:36:25,107.3,4333,107.3,U
sh688668,鼎通科技,2025-09-19 13:36:31,107.2,1998,107.23,D
sh688668,鼎通科技,2025-09-19 13:36:40,107.2,2042,107.21,D
sh688668,鼎通科技,2025-09-19 13:36:43,107.2,2385,107.2,U
sh688668,鼎通科技,2025-09-19 13:36:46,107.2,4209,107.2,D
sh688668,鼎通科技,2025-09-19 13:37:04,107.15,2157,107.19,D
sh688668,鼎通科技,2025-09-19 13:37:07,107.17,2000,107.15,U
sh688668,鼎通科技,2025-09-19 13:37:13,107.18,2900,107.15,U
sh688668,鼎通科技,2025-09-19 13:37:16,107.11,2408,107.18,D
sh688668,鼎通科技,2025-09-19 13:37:22,107.1,6897,107.11,D
sh688668,鼎通科技,2025-09-19 13:37:25,107.1,2903,107.1,U
sh688668,鼎通科技,2025-09-19 13:37:28,107.07,2752,107.1,E
sh688668,鼎通科技,2025-09-19 13:37:37,107.05,7494,107.02,U
sh688668,鼎通科技,2025-09-19 13:37:46,107.02,5463,107.04,D
sh688668,鼎通科技,2025-09-19 13:37:52,107.1,4942,107.04,U
sh688668,鼎通科技,2025-09-19 13:37:55,107.33,4438,107.1,U
sh688668,鼎通科技,2025-09-19 13:38:16,107.34,2000,107.33,U
sh688668,鼎通科技,2025-09-19 13:38:31,107.06,2202,107.09,D
sh688668,鼎通科技,2025-09-19 13:38:34,107.03,1937,107.06,D
sh688668,鼎通科技,2025-09-19 13:38:52,107.03,3739,107.02,U
sh688668,鼎通科技,2025-09-19 13:38:55,107.0,4557,107.03,D
sh688668,鼎通科技,2025-09-19 13:38:58,107.02,2360,107.0,D
sh688668,鼎通科技,2025-09-19 13:39:01,107.1,5774,107.02,U
sh688668,鼎通科技,2025-09-19 13:39:07,107.05,4123,107.14,D
sh688668,鼎通科技,2025-09-19 13:39:13,107.3,13944,107.28,U
sh688668,鼎通科技,2025-09-19 13:39:16,107.3,2625,107.3,D
sh688668,鼎通科技,2025-09-19 13:39:19,107.5,7763,107.3,U
sh688668,鼎通科技,2025-09-19 13:39:22,107.49,3379,107.5,D
sh688668,鼎通科技,2025-09-19 13:39:31,107.3,5053,107.49,D
sh688668,鼎通科技,2025-09-19 13:39:34,107.21,2791,107.3,D
sh688668,鼎通科技,2025-09-19 13:39:46,107.22,3110,107.3,D
sh688668,鼎通科技,2025-09-19 13:39:49,107.3,3787,107.22,U
sh688668,鼎通科技,2025-09-19 13:39:55,107.29,6675,107.29,U
sh688668,鼎通科技,2025-09-19 13:39:58,107.26,2634,107.29,D
sh688668,鼎通科技,2025-09-19 13:40:01,107.28,2329,107.26,U
sh688668,鼎通科技,2025-09-19 13:40:07,107.23,12862,107.28,D
sh688668,鼎通科技,2025-09-19 13:40:16,107.0,29446,107.15,D
sh688668,鼎通科技,2025-09-19 13:40:25,106.99,5178,107.14,D
sh688668,鼎通科技,2025-09-19 13:40:28,106.88,3114,106.99,D
sh688668,鼎通科技,2025-09-19 13:40:34,106.66,12375,106.9,D
sh688668,鼎通科技,2025-09-19 13:40:37,106.8,13020,106.66,U
sh688668,鼎通科技,2025-09-19 13:40:40,106.64,6347,106.8,E
sh688668,鼎通科技,2025-09-19 13:40:46,106.59,12140,106.66,D
sh688668,鼎通科技,2025-09-19 13:40:52,106.62,7401,106.64,D
sh688668,鼎通科技,2025-09-19 13:40:55,106.59,8073,106.62,D
sh688668,鼎通科技,2025-09-19 13:40:58,106.63,13292,106.59,U
sh688668,鼎通科技,2025-09-19 13:41:04,106.62,1965,106.63,E
sh688668,鼎通科技,2025-09-19 13:41:07,106.61,14675,106.62,E
sh688668,鼎通科技,2025-09-19 13:41:10,106.5,8667,106.61,D
sh688668,鼎通科技,2025-09-19 13:41:13,106.65,1900,106.5,D
sh688668,鼎通科技,2025-09-19 13:41:16,106.65,9636,106.65,D
sh688668,鼎通科技,2025-09-19 13:41:19,106.66,5142,106.65,D
sh688668,鼎通科技,2025-09-19 13:41:25,106.62,14467,106.75,D
sh688668,鼎通科技,2025-09-19 13:41:28,106.75,3499,106.62,U
sh688668,鼎通科技,2025-09-19 13:41:55,106.64,5617,106.96,D
sh688668,鼎通科技,2025-09-19 13:42:04,106.64,2321,106.64,D
sh688668,鼎通科技,2025-09-19 13:42:19,106.78,2694,106.76,U
sh688668,鼎通科技,2025-09-19 13:42:22,106.78,2211,106.78,D
sh688668,鼎通科技,2025-09-19 13:42:25,106.67,3355,106.78,D
sh688668,鼎通科技,2025-09-19 13:42:34,106.78,2655,106.9,D
sh688668,鼎通科技,2025-09-19 13:42:43,106.89,3345,106.79,U
sh688668,鼎通科技,2025-09-19 13:42:52,106.89,26336,106.78,U
sh688668,鼎通科技,2025-09-19 13:42:55,106.87,3411,106.89,E
sh688668,鼎通科技,2025-09-19 13:43:01,106.89,2837,106.78,U
sh688668,鼎通科技,2025-09-19 13:43:10,106.9,2325,106.89,U
sh688668,鼎通科技,2025-09-19 13:43:25,106.9,6314,106.96,D
sh688668,鼎通科技,2025-09-19 13:43:34,106.9,1925,106.96,D
sh688668,鼎通科技,2025-09-19 13:43:49,106.91,3200,106.91,D
sh688668,鼎通科技,2025-09-19 13:43:52,106.91,5568,106.91,U
sh688668,鼎通科技,2025-09-19 13:43:55,106.77,12947,106.91,D
sh688668,鼎通科技,2025-09-19 13:44:13,106.98,3860,106.9,U
sh688668,鼎通科技,2025-09-19 13:44:58,107.76,4230,107.53,U
sh688668,鼎通科技,2025-09-19 13:45:01,107.38,23656,107.76,D
sh688668,鼎通科技,2025-09-19 13:45:10,107.37,2250,107.37,D
sh688668,鼎通科技,2025-09-19 13:45:16,107.1,3333,107.37,D
sh688668,鼎通科技,2025-09-19 13:45:25,107.13,2582,107.14,D
sh688668,鼎通科技,2025-09-19 13:45:46,107.37,8562,107.3,U
sh688668,鼎通科技,2025-09-19 13:45:55,107.3,4225,107.37,D
sh688668,鼎通科技,2025-09-19 13:46:25,107.45,4020,107.49,D
sh688668,鼎通科技,2025-09-19 13:46:28,107.49,6199,107.45,E
sh688668,鼎通科技,2025-09-19 13:46:37,107.39,11590,107.49,D
sh688668,鼎通科技,2025-09-19 13:46:40,107.68,3000,107.39,U
sh688668,鼎通科技,2025-09-19 13:46:43,107.3,10559,107.68,D
sh688668,鼎通科技,2025-09-19 13:47:13,107.65,4635,107.61,U
sh688668,鼎通科技,2025-09-19 13:47:52,107.71,2200,107.7,E
sh688668,鼎通科技,2025-09-19 13:48:04,107.59,3059,107.62,E
sh688668,鼎通科技,2025-09-19 13:48:22,107.72,3377,107.63,U
sh688668,鼎通科技,2025-09-19 13:48:43,108.0,3195,107.9,U
sh688668,鼎通科技,2025-09-19 13:48:52,108.13,4799,108.0,U
sh688668,鼎通科技,2025-09-19 13:48:55,107.99,5156,108.13,D
sh688668,鼎通科技,2025-09-19 13:49:01,107.99,3840,107.99,U
sh688668,鼎通科技,2025-09-19 13:49:07,107.99,3762,107.99,U
sh688668,鼎通科技,2025-09-19 13:49:31,108.32,1900,108.14,U
sh688668,鼎通科技,2025-09-19 13:49:40,108.32,2488,108.32,U
sh688668,鼎通科技,2025-09-19 13:50:01,108.15,2597,108.3,D
sh688668,鼎通科技,2025-09-19 13:50:04,108.27,3430,108.15,E
sh688668,鼎通科技,2025-09-19 13:50:43,107.99,3383,107.8,U
sh688668,鼎通科技,2025-09-19 13:52:22,108.11,2200,108.19,D
sh688668,鼎通科技,2025-09-19 13:53:16,108.0,2500,107.97,U
sh688668,鼎通科技,2025-09-19 13:53:58,107.68,10015,107.77,D
sh688668,鼎通科技,2025-09-19 13:54:07,107.6,3217,107.68,D
sh688668,鼎通科技,2025-09-19 13:54:25,107.5,2200,107.51,D
sh688668,鼎通科技,2025-09-19 13:54:37,107.3,2212,107.32,D
sh688668,鼎通科技,2025-09-19 13:55:07,107.3,2542,107.35,D
sh688668,鼎通科技,2025-09-19 13:56:25,107.78,9320,107.57,U
sh688668,鼎通科技,2025-09-19 13:56:58,107.55,4482,107.78,D
sh688668,鼎通科技,2025-09-19 13:57:07,107.44,2457,107.54,D
sh688668,鼎通科技,2025-09-19 13:57:13,107.54,2613,107.44,U
sh688668,鼎通科技,2025-09-19 13:58:01,107.87,4936,107.84,U
sh688668,鼎通科技,2025-09-19 13:58:58,108.0,3604,108.0,D
sh688668,鼎通科技,2025-09-19 13:59:16,107.98,2230,107.8,U
sh688668,鼎通科技,2025-09-19 13:59:28,107.8,29106,107.98,D
sh688668,鼎通科技,2025-09-19 13:59:43,107.78,2212,107.61,E
sh688668,鼎通科技,2025-09-19 13:59:52,107.5,2231,107.78,D
sh688668,鼎通科技,2025-09-19 13:59:55,107.61,3709,107.5,U
sh688668,鼎通科技,2025-09-19 14:00:04,107.61,6559,107.61,D
sh688668,鼎通科技,2025-09-19 14:00:07,107.44,2874,107.61,D
sh688668,鼎通科技,2025-09-19 14:00:19,107.33,8000,107.44,D
sh688668,鼎通科技,2025-09-19 14:00:40,107.33,2022,107.33,D
sh688668,鼎通科技,2025-09-19 14:01:07,107.56,5677,107.33,U
sh688668,鼎通科技,2025-09-19 14:01:10,107.72,2485,107.56,U
sh688668,鼎通科技,2025-09-19 14:01:22,107.75,1907,107.75,U
sh688668,鼎通科技,2025-09-19 14:02:07,107.63,2321,107.66,D
sh688668,鼎通科技,2025-09-19 14:02:40,107.8,1877,107.8,U
sh688668,鼎通科技,2025-09-19 14:02:49,107.74,3173,107.8,D
sh688668,鼎通科技,2025-09-19 14:03:10,107.66,3806,107.72,D
sh688668,鼎通科技,2025-09-19 14:05:13,108.16,1960,108.15,U
sh688668,鼎通科技,2025-09-19 14:05:22,108.22,2858,108.19,U
sh688668,鼎通科技,2025-09-19 14:05:34,108.27,2168,108.22,U
sh688668,鼎通科技,2025-09-19 14:05:55,108.22,5051,108.26,D
sh688668,鼎通科技,2025-09-19 14:06:10,108.23,2142,108.19,U
sh688668,鼎通科技,2025-09-19 14:07:16,108.32,2675,108.33,D
sh688668,鼎通科技,2025-09-19 14:07:25,108.17,9400,108.29,D
sh688668,鼎通科技,2025-09-19 14:07:34,108.29,2344,108.19,U
sh688668,鼎通科技,2025-09-19 14:07:46,108.23,8007,108.01,U
sh688668,鼎通科技,2025-09-19 14:08:07,108.0,2304,108.01,D
sh688668,鼎通科技,2025-09-19 14:08:10,108.0,2167,108.0,D
sh688668,鼎通科技,2025-09-19 14:08:31,107.93,11364,107.78,U
sh688668,鼎通科技,2025-09-19 14:08:37,107.75,3187,107.93,D
sh688668,鼎通科技,2025-09-19 14:08:49,107.75,3500,107.76,D
sh688668,鼎通科技,2025-09-19 14:08:52,107.6,2533,107.75,D
sh688668,鼎通科技,2025-09-19 14:09:07,107.58,3611,107.6,D
sh688668,鼎通科技,2025-09-19 14:09:22,108.18,2898,107.95,U
sh688668,鼎通科技,2025-09-19 14:10:04,108.01,3400,108.04,E
sh688668,鼎通科技,2025-09-19 14:10:07,107.95,7503,108.01,D
sh688668,鼎通科技,2025-09-19 14:10:10,107.92,5267,107.95,D
sh688668,鼎通科技,2025-09-19 14:10:25,107.58,4029,107.58,D
sh688668,鼎通科技,2025-09-19 14:10:34,107.73,5802,107.74,E
sh688668,鼎通科技,2025-09-19 14:10:58,107.67,2000,107.71,D
sh688668,鼎通科技,2025-09-19 14:11:31,108.04,5478,107.81,U
sh688668,鼎通科技,2025-09-19 14:11:37,107.86,2285,108.04,D
sh688668,鼎通科技,2025-09-19 14:12:25,107.86,1983,108.08,D
sh688668,鼎通科技,2025-09-19 14:12:28,108.12,16218,107.86,U
sh688668,鼎通科技,2025-09-19 14:13:01,108.23,9223,108.13,U
sh688668,鼎通科技,2025-09-19 14:13:07,108.0,3554,108.12,D
sh688668,鼎通科技,2025-09-19 14:13:13,108.14,3077,108.0,U
sh688668,鼎通科技,2025-09-19 14:13:22,107.92,3161,108.0,D
sh688668,鼎通科技,2025-09-19 14:13:37,108.28,5255,108.23,U
sh688668,鼎通科技,2025-09-19 14:13:55,108.48,2099,108.47,U
sh688668,鼎通科技,2025-09-19 14:14:40,108.0,1867,108.29,D
sh688668,鼎通科技,2025-09-19 14:15:19,108.5,3173,108.5,U
sh688668,鼎通科技,2025-09-19 14:15:43,108.6,10000,108.8,D
sh688668,鼎通科技,2025-09-19 14:15:49,108.9,9316,108.81,U
sh688668,鼎通科技,2025-09-19 14:15:55,109.0,7000,108.89,U
sh688668,鼎通科技,2025-09-19 14:16:01,108.89,1870,108.61,U
sh688668,鼎通科技,2025-09-19 14:16:04,108.82,3970,108.89,E
sh688668,鼎通科技,2025-09-19 14:16:16,108.88,2806,108.88,D
sh688668,鼎通科技,2025-09-19 14:16:19,108.88,4405,108.88,D
sh688668,鼎通科技,2025-09-19 14:16:28,109.0,2320,108.99,U
sh688668,鼎通科技,2025-09-19 14:16:40,108.9,2500,108.9,D
sh688668,鼎通科技,2025-09-19 14:16:46,109.0,3244,108.99,U
sh688668,鼎通科技,2025-09-19 14:16:49,109.0,5456,109.0,D
sh688668,鼎通科技,2025-09-19 14:16:52,108.98,6968,109.0,D
sh688668,鼎通科技,2025-09-19 14:17:10,108.94,3954,108.7,U
sh688668,鼎通科技,2025-09-19 14:17:46,108.76,4423,108.9,D
sh688668,鼎通科技,2025-09-19 14:17:49,108.76,2550,108.76,U
sh688668,鼎通科技,2025-09-19 14:17:58,108.9,2814,108.9,D
sh688668,鼎通科技,2025-09-19 14:18:10,108.88,2202,108.76,E
sh688668,鼎通科技,2025-09-19 14:18:19,108.71,3477,108.75,D
sh688668,鼎通科技,2025-09-19 14:18:34,108.56,2210,108.57,D
sh688668,鼎通科技,2025-09-19 14:18:37,108.41,2078,108.56,D
sh688668,鼎通科技,2025-09-19 14:18:46,108.3,4361,108.31,D
sh688668,鼎通科技,2025-09-19 14:19:07,108.47,3124,108.44,U
sh688668,鼎通科技,2025-09-19 14:19:10,108.47,1880,108.47,D
sh688668,鼎通科技,2025-09-19 14:19:19,108.5,1994,108.47,U
sh688668,鼎通科技,2025-09-19 14:20:16,108.84,3536,108.34,U
sh688668,鼎通科技,2025-09-19 14:20:31,108.71,6604,108.72,D
sh688668,鼎通科技,2025-09-19 14:20:55,108.34,2200,108.4,D
sh688668,鼎通科技,2025-09-19 14:21:07,108.33,2294,108.37,D
sh688668,鼎通科技,2025-09-19 14:21:10,108.33,2143,108.33,D
sh688668,鼎通科技,2025-09-19 14:24:01,108.41,7581,108.37,U
sh688668,鼎通科技,2025-09-19 14:24:37,108.19,1988,108.35,D
sh688668,鼎通科技,2025-09-19 14:25:01,108.5,4656,108.23,U
sh688668,鼎通科技,2025-09-19 14:26:22,108.9,1900,108.84,U
sh688668,鼎通科技,2025-09-19 14:26:25,108.99,2293,108.9,U
sh688668,鼎通科技,2025-09-19 14:26:43,108.99,3700,108.89,U
sh688668,鼎通科技,2025-09-19 14:27:04,108.91,2539,108.98,E
sh688668,鼎通科技,2025-09-19 14:27:07,108.98,2200,108.91,E
sh688668,鼎通科技,2025-09-19 14:27:28,108.93,4757,108.91,E
sh688668,鼎通科技,2025-09-19 14:27:37,108.79,3781,108.93,D
sh688668,鼎通科技,2025-09-19 14:27:40,108.5,3520,108.79,D
sh688668,鼎通科技,2025-09-19 14:27:43,108.98,3180,108.5,U
sh688668,鼎通科技,2025-09-19 14:27:55,108.93,10000,108.98,E
sh688668,鼎通科技,2025-09-19 14:28:01,108.97,3220,108.53,U
sh688668,鼎通科技,2025-09-19 14:28:37,108.9,3499,108.9,U
sh688668,鼎通科技,2025-09-19 14:29:52,108.9,2561,108.96,D
sh688668,鼎通科技,2025-09-19 14:30:01,108.9,3600,108.97,E
sh688668,鼎通科技,2025-09-19 14:30:04,108.87,1919,108.9,D
sh688668,鼎通科技,2025-09-19 14:31:01,108.73,2847,108.71,U
sh688668,鼎通科技,2025-09-19 14:31:16,108.64,2480,108.7,D
sh688668,鼎通科技,2025-09-19 14:31:31,108.55,2800,108.55,U
sh688668,鼎通科技,2025-09-19 14:31:58,108.0,6000,108.5,D
sh688668,鼎通科技,2025-09-19 14:32:25,108.64,2400,108.55,U
sh688668,鼎通科技,2025-09-19 14:33:04,108.54,2000,108.69,D
sh688668,鼎通科技,2025-09-19 14:33:10,108.54,3000,108.52,U
sh688668,鼎通科技,2025-09-19 14:33:58,108.18,1882,108.35,D
sh688668,鼎通科技,2025-09-19 14:35:37,108.23,2000,108.24,D
sh688668,鼎通科技,2025-09-19 14:35:46,108.23,2628,108.24,D
sh688668,鼎通科技,2025-09-19 14:36:13,108.18,12742,108.26,D
sh688668,鼎通科技,2025-09-19 14:36:16,108.14,4644,108.18,D
sh688668,鼎通科技,2025-09-19 14:36:31,108.09,2561,108.01,E
sh688668,鼎通科技,2025-09-19 14:36:34,108.0,3600,108.09,D
sh688668,鼎通科技,2025-09-19 14:36:43,108.02,3200,108.1,D
sh688668,鼎通科技,2025-09-19 14:36:58,108.0,4508,108.0,D
sh688668,鼎通科技,2025-09-19 14:37:07,108.0,2700,108.01,D
sh688668,鼎通科技,2025-09-19 14:37:58,108.16,2063,108.11,U
sh688668,鼎通科技,2025-09-19 14:41:10,108.11,5462,108.06,U
sh688668,鼎通科技,2025-09-19 14:41:22,108.05,5200,108.04,D
sh688668,鼎通科技,2025-09-19 14:41:31,108.04,12133,108.1,D
sh688668,鼎通科技,2025-09-19 14:41:40,107.98,5562,108.0,E
sh688668,鼎通科技,2025-09-19 14:43:10,107.58,8700,107.59,D
sh688668,鼎通科技,2025-09-19 14:43:19,107.51,5267,107.58,E
sh688668,鼎通科技,2025-09-19 14:43:22,107.59,6593,107.51,U
sh688668,鼎通科技,2025-09-19 14:43:25,107.51,2500,107.59,D
sh688668,鼎通科技,2025-09-19 14:43:34,107.52,4000,107.63,D
sh688668,鼎通科技,2025-09-19 14:43:43,107.59,3358,107.59,U
sh688668,鼎通科技,2025-09-19 14:43:52,107.63,7485,107.58,U
sh688668,鼎通科技,2025-09-19 14:43:55,107.51,5000,107.63,D
sh688668,鼎通科技,2025-09-19 14:43:58,107.5,2272,107.51,D
sh688668,鼎通科技,2025-09-19 14:44:07,107.57,3237,107.61,U
sh688668,鼎通科技,2025-09-19 14:44:28,107.9,2339,107.79,U
sh688668,鼎通科技,2025-09-19 14:44:31,107.74,2968,107.9,D
sh688668,鼎通科技,2025-09-19 14:44:58,107.7,2031,107.8,D
sh688668,鼎通科技,2025-09-19 14:45:13,107.78,1875,107.78,D
sh688668,鼎通科技,2025-09-19 14:45:16,107.79,2041,107.78,U
sh688668,鼎通科技,2025-09-19 14:45:22,107.78,2304,107.78,D
sh688668,鼎通科技,2025-09-19 14:45:28,107.7,2849,107.75,D
sh688668,鼎通科技,2025-09-19 14:45:34,107.6,3480,107.7,D
sh688668,鼎通科技,2025-09-19 14:45:58,107.5,2093,107.52,D
sh688668,鼎通科技,2025-09-19 14:46:01,107.65,16633,107.5,U
sh688668,鼎通科技,2025-09-19 14:46:04,107.53,3098,107.65,E
sh688668,鼎通科技,2025-09-19 14:46:34,107.52,3130,107.51,U
sh688668,鼎通科技,2025-09-19 14:46:58,107.5,5222,107.51,D
sh688668,鼎通科技,2025-09-19 14:47:01,107.65,11539,107.5,U
sh688668,鼎通科技,2025-09-19 14:47:37,107.59,2880,107.63,D
sh688668,鼎通科技,2025-09-19 14:47:46,107.54,4535,107.63,D
sh688668,鼎通科技,2025-09-19 14:48:01,107.65,9373,107.54,U
sh688668,鼎通科技,2025-09-19 14:48:07,107.5,3424,107.65,D
sh688668,鼎通科技,2025-09-19 14:48:43,107.56,11132,107.51,U
sh688668,鼎通科技,2025-09-19 14:49:01,107.65,14994,107.56,U
sh688668,鼎通科技,2025-09-19 14:50:31,107.5,4000,107.52,D
sh688668,鼎通科技,2025-09-19 14:50:34,107.52,5913,107.5,U
sh688668,鼎通科技,2025-09-19 14:50:52,107.5,4506,107.5,D
sh688668,鼎通科技,2025-09-19 14:51:04,107.45,2658,107.5,D
sh688668,鼎通科技,2025-09-19 14:51:07,107.5,4238,107.45,U
sh688668,鼎通科技,2025-09-19 14:51:49,107.5,4943,107.51,D
sh688668,鼎通科技,2025-09-19 14:51:52,107.42,3344,107.5,D
sh688668,鼎通科技,2025-09-19 14:52:07,107.65,5067,107.41,U
sh688668,鼎通科技,2025-09-19 14:52:13,107.41,2568,107.39,E
sh688668,鼎通科技,2025-09-19 14:52:16,107.38,29019,107.41,D
sh688668,鼎通科技,2025-09-19 14:52:37,107.4,3432,107.41,E
sh688668,鼎通科技,2025-09-19 14:52:49,107.5,3566,107.5,U
sh688668,鼎通科技,2025-09-19 14:53:07,107.36,4000,107.36,D
sh688668,鼎通科技,2025-09-19 14:53:16,107.46,4154,107.45,U
sh688668,鼎通科技,2025-09-19 14:53:22,107.37,2369,107.46,D
sh688668,鼎通科技,2025-09-19 14:53:49,107.43,3153,107.46,D
sh688668,鼎通科技,2025-09-19 14:53:52,107.46,4556,107.43,U
sh688668,鼎通科技,2025-09-19 14:54:22,107.5,14267,107.51,U
sh688668,鼎通科技,2025-09-19 14:54:31,107.46,5642,107.5,D
sh688668,鼎通科技,2025-09-19 14:55:07,107.46,4367,107.5,D
sh688668,鼎通科技,2025-09-19 14:55:22,107.51,3231,107.51,U
sh688668,鼎通科技,2025-09-19 14:55:37,107.52,3356,107.51,E
sh688668,鼎通科技,2025-09-19 14:56:01,107.6,4559,107.6,U
sh688668,鼎通科技,2025-09-19 14:56:22,107.58,2889,107.58,D
sh688668,鼎通科技,2025-09-19 14:56:25,107.57,6887,107.58,D
sh688668,鼎通科技,2025-09-19 14:56:52,107.55,3014,107.57,D
sh688668,鼎通科技,2025-09-19 14:56:55,107.54,10000,107.55,D
sh688668,鼎通科技,2025-09-19 15:00:04,107.5,50795,107.64,U
