symbol,name,ticktime,price,volume,prev_price,kind
sh688668,鼎通科技,2025-10-09 09:25:01,95.39,15864,0.0,U
sh688668,鼎通科技,2025-10-09 09:30:01,94.95,16679,95.39,D
sh688668,鼎通科技,2025-10-09 09:30:04,94.94,4458,94.95,E
sh688668,鼎通科技,2025-10-09 09:30:07,95.6,26316,94.94,U
sh688668,鼎通科技,2025-10-09 09:30:10,94.95,8286,95.6,D
sh688668,鼎通科技,2025-10-09 09:30:13,94.95,2293,94.95,U
sh688668,鼎通科技,2025-10-09 09:30:19,94.95,6272,94.95,U
sh688668,鼎通科技,2025-10-09 09:30:22,94.99,4704,94.95,E
sh688668,鼎通科技,2025-10-09 09:30:25,95.33,2718,94.99,U
sh688668,鼎通科技,2025-10-09 09:30:28,95.0,5637,95.33,D
sh688668,鼎通科技,2025-10-09 09:30:31,95.32,2100,95.0,U
sh688668,鼎通科技,2025-10-09 09:30:34,95.24,5341,95.32,D
sh688668,鼎通科技,2025-10-09 09:30:37,95.01,12134,95.24,D
sh688668,鼎通科技,2025-10-09 09:30:43,95.37,4900,95.58,D
sh688668,鼎通科技,2025-10-09 09:30:46,95.6,4326,95.37,U
sh688668,鼎通科技,2025-10-09 09:30:55,95.91,2527,95.65,U
sh688668,鼎通科技,2025-10-09 09:30:58,96.0,11886,95.91,U
sh688668,鼎通科技,2025-10-09 09:31:01,96.01,5639,96.0,U
sh688668,鼎通科技,2025-10-09 09:31:13,96.12,4207,96.25,D
sh688668,鼎通科技,2025-10-09 09:31:16,96.24,2793,96.12,E
sh688668,鼎通科技,2025-10-09 09:31:19,96.25,7791,96.24,U
sh688668,鼎通科技,2025-10-09 09:31:25,96.1,7237,96.05,U
sh688668,鼎通科技,2025-10-09 09:31:28,96.12,7509,96.1,U
sh688668,鼎通科技,2025-10-09 09:31:31,96.08,2435,96.12,D
sh688668,鼎通科技,2025-10-09 09:31:34,96.12,2255,96.08,U
sh688668,鼎通科技,2025-10-09 09:31:40,96.1,2200,96.1,D
sh688668,鼎通科技,2025-10-09 09:31:43,96.06,2156,96.1,D
sh688668,鼎通科技,2025-10-09 09:31:46,96.0,4394,96.06,D
sh688668,鼎通科技,2025-10-09 09:31:55,95.8,2900,95.91,D
sh688668,鼎通科技,2025-10-09 09:32:04,95.76,2100,95.74,E
sh688668,鼎通科技,2025-10-09 09:32:07,96.0,3139,95.76,U
sh688668,鼎通科技,2025-10-09 09:32:16,95.8,4155,95.77,U
sh688668,鼎通科技,2025-10-09 09:32:34,95.8,3487,95.8,U
sh688668,鼎通科技,2025-10-09 09:32:37,95.8,20643,95.8,U
sh688668,鼎通科技,2025-10-09 09:32:46,95.01,7750,95.69,D
sh688668,鼎通科技,2025-10-09 09:32:52,94.95,5437,95.47,D
sh688668,鼎通科技,2025-10-09 09:32:58,95.03,2786,94.95,E
sh688668,鼎通科技,2025-10-09 09:33:01,94.95,5300,95.03,D
sh688668,鼎通科技,2025-10-09 09:33:04,95.37,3824,94.95,U
sh688668,鼎通科技,2025-10-09 09:33:07,95.27,3751,95.37,D
sh688668,鼎通科技,2025-10-09 09:33:13,94.82,11400,95.14,D
sh688668,鼎通科技,2025-10-09 09:33:19,95.15,3802,95.12,U
sh688668,鼎通科技,2025-10-09 09:33:28,95.27,12108,95.27,U
sh688668,鼎通科技,2025-10-09 09:33:31,95.26,11000,95.27,E
sh688668,鼎通科技,2025-10-09 09:33:34,94.93,2802,95.26,E
sh688668,鼎通科技,2025-10-09 09:33:37,95.05,2197,94.93,U
sh688668,鼎通科技,2025-10-09 09:33:43,95.04,2865,95.37,E
sh688668,鼎通科技,2025-10-09 09:33:55,95.22,2172,95.06,D
sh688668,鼎通科技,2025-10-09 09:34:01,95.6,4652,95.49,U
sh688668,鼎通科技,2025-10-09 09:34:04,95.8,11500,95.6,U
sh688668,鼎通科技,2025-10-09 09:34:07,95.8,3000,95.8,U
sh688668,鼎通科技,2025-10-09 09:34:10,95.73,3122,95.8,D
sh688668,鼎通科技,2025-10-09 09:34:13,95.73,2692,95.73,U
sh688668,鼎通科技,2025-10-09 09:34:16,95.78,7508,95.73,U
sh688668,鼎通科技,2025-10-09 09:34:19,95.63,3865,95.78,D
sh688668,鼎通科技,2025-10-09 09:34:22,95.76,5634,95.63,U
sh688668,鼎通科技,2025-10-09 09:34:34,95.58,8584,95.75,D
sh688668,鼎通科技,2025-10-09 09:34:37,95.56,13599,95.58,D
sh688668,鼎通科技,2025-10-09 09:34:43,95.8,27325,95.72,U
sh688668,鼎通科技,2025-10-09 09:34:46,95.86,18054,95.8,U
sh688668,鼎通科技,2025-10-09 09:34:49,95.89,12027,95.86,U
sh688668,鼎通科技,2025-10-09 09:35:01,95.94,4109,96.09,D
sh688668,鼎通科技,2025-10-09 09:35:04,96.07,3595,95.94,U
sh688668,鼎通科技,2025-10-09 09:35:07,96.03,9115,96.07,D
sh688668,鼎通科技,2025-10-09 09:35:10,96.0,4594,96.03,D
sh688668,鼎通科技,2025-10-09 09:35:19,96.07,3654,96.06,U
sh688668,鼎通科技,2025-10-09 09:35:31,95.86,3955,96.04,D
sh688668,鼎通科技,2025-10-09 09:35:34,94.0,20200,95.86,D
sh688668,鼎通科技,2025-10-09 09:35:37,95.85,3000,94.0,E
sh688668,鼎通科技,2025-10-09 09:35:40,95.85,3521,95.85,U
sh688668,鼎通科技,2025-10-09 09:35:43,95.85,2500,95.85,U
sh688668,鼎通科技,2025-10-09 09:36:01,95.66,5702,95.8,D
sh688668,鼎通科技,2025-10-09 09:36:10,95.82,2307,95.75,U
sh688668,鼎通科技,2025-10-09 09:36:13,95.3,12024,95.82,D
sh688668,鼎通科技,2025-10-09 09:36:19,95.25,13200,95.56,D
sh688668,鼎通科技,2025-10-09 09:36:22,95.41,3378,95.25,U
sh688668,鼎通科技,2025-10-09 09:36:31,95.25,11103,95.35,D
sh688668,鼎通科技,2025-10-09 09:36:34,95.27,2331,95.25,U
sh688668,鼎通科技,2025-10-09 09:36:46,95.65,11062,95.2,U
sh688668,鼎通科技,2025-10-09 09:36:49,95.78,9392,95.65,U
sh688668,鼎通科技,2025-10-09 09:36:52,95.85,8907,95.78,U
sh688668,鼎通科技,2025-10-09 09:36:55,96.0,13446,95.85,U
sh688668,鼎通科技,2025-10-09 09:37:01,95.84,2732,95.88,D
sh688668,鼎通科技,2025-10-09 09:37:04,96.04,15820,95.84,U
sh688668,鼎通科技,2025-10-09 09:37:07,96.1,4940,96.04,U
sh688668,鼎通科技,2025-10-09 09:37:13,96.2,2988,96.2,U
sh688668,鼎通科技,2025-10-09 09:37:16,96.14,13100,96.2,E
sh688668,鼎通科技,2025-10-09 09:37:25,96.11,2200,96.12,U
sh688668,鼎通科技,2025-10-09 09:37:31,96.12,5641,96.11,U
sh688668,鼎通科技,2025-10-09 09:37:34,96.12,17027,96.12,U
sh688668,鼎通科技,2025-10-09 09:37:37,96.15,4336,96.12,E
sh688668,鼎通科技,2025-10-09 09:37:52,96.09,7792,96.12,D
sh688668,鼎通科技,2025-10-09 09:38:01,96.04,2746,96.04,U
sh688668,鼎通科技,2025-10-09 09:38:04,95.94,2457,96.04,D
sh688668,鼎通科技,2025-10-09 09:38:07,96.01,3596,95.94,U
sh688668,鼎通科技,2025-10-09 09:38:31,95.5,2293,95.8,D
sh688668,鼎通科技,2025-10-09 09:38:34,95.8,4618,95.5,U
sh688668,鼎通科技,2025-10-09 09:38:40,95.8,52081,95.76,U
sh688668,鼎通科技,2025-10-09 09:38:43,95.85,2584,95.8,D
sh688668,鼎通科技,2025-10-09 09:38:52,95.63,21302,95.65,E
sh688668,鼎通科技,2025-10-09 09:38:55,95.5,2354,95.63,U
sh688668,鼎通科技,2025-10-09 09:38:58,95.2,3422,95.5,D
sh688668,鼎通科技,2025-10-09 09:39:01,95.37,11341,95.2,U
sh688668,鼎通科技,2025-10-09 09:39:07,95.38,5634,95.37,D
sh688668,鼎通科技,2025-10-09 09:39:10,95.28,2777,95.38,D
sh688668,鼎通科技,2025-10-09 09:39:13,95.23,5166,95.28,D
sh688668,鼎通科技,2025-10-09 09:39:19,95.12,3941,94.98,E
sh688668,鼎通科技,2025-10-09 09:39:22,94.97,3010,95.12,E
sh688668,鼎通科技,2025-10-09 09:39:25,94.98,4926,94.97,D
sh688668,鼎通科技,2025-10-09 09:39:31,95.09,2895,94.98,U
sh688668,鼎通科技,2025-10-09 09:39:34,95.01,7557,95.09,D
sh688668,鼎通科技,2025-10-09 09:39:40,94.99,10200,95.02,D
sh688668,鼎通科技,2025-10-09 09:39:49,95.15,4271,95.15,U
sh688668,鼎通科技,2025-10-09 09:39:55,95.22,2497,95.13,U
sh688668,鼎通科技,2025-10-09 09:40:01,95.28,3707,95.14,U
sh688668,鼎通科技,2025-10-09 09:40:07,95.11,10600,95.28,E
sh688668,鼎通科技,2025-10-09 09:40:13,94.98,4010,95.13,D
sh688668,鼎通科技,2025-10-09 09:40:22,94.69,4133,94.82,D
sh688668,鼎通科技,2025-10-09 09:40:28,94.8,3583,94.69,U
sh688668,鼎通科技,2025-10-09 09:40:31,94.82,6564,94.8,D
sh688668,鼎通科技,2025-10-09 09:40:34,94.83,4846,94.82,E
sh688668,鼎通科技,2025-10-09 09:40:37,94.95,2328,94.83,U
sh688668,鼎通科技,2025-10-09 09:40:40,94.96,4589,94.95,U
sh688668,鼎通科技,2025-10-09 09:40:43,94.94,3918,94.96,D
sh688668,鼎通科技,2025-10-09 09:40:46,94.95,2779,94.94,U
sh688668,鼎通科技,2025-10-09 09:40:49,94.86,3410,94.95,D
sh688668,鼎通科技,2025-10-09 09:40:55,94.87,4060,94.95,D
sh688668,鼎通科技,2025-10-09 09:41:01,94.82,12822,94.93,D
sh688668,鼎通科技,2025-10-09 09:41:07,94.85,8203,94.82,U
sh688668,鼎通科技,2025-10-09 09:41:10,94.86,16524,94.85,U
sh688668,鼎通科技,2025-10-09 09:41:13,94.58,5801,94.86,D
sh688668,鼎通科技,2025-10-09 09:41:19,94.5,6370,94.87,D
sh688668,鼎通科技,2025-10-09 09:41:22,94.76,2641,94.5,E
sh688668,鼎通科技,2025-10-09 09:41:31,94.81,9257,94.68,U
sh688668,鼎通科技,2025-10-09 09:41:34,94.8,8324,94.81,U
sh688668,鼎通科技,2025-10-09 09:41:37,94.92,5237,94.8,U
sh688668,鼎通科技,2025-10-09 09:41:43,94.97,20069,94.92,U
sh688668,鼎通科技,2025-10-09 09:41:49,95.27,6869,95.11,U
sh688668,鼎通科技,2025-10-09 09:41:52,95.26,3167,95.27,U
sh688668,鼎通科技,2025-10-09 09:41:55,95.26,5833,95.26,D
sh688668,鼎通科技,2025-10-09 09:41:58,95.26,2382,95.26,D
sh688668,鼎通科技,2025-10-09 09:42:01,95.26,5942,95.26,U
sh688668,鼎通科技,2025-10-09 09:42:10,95.3,2603,95.26,U
sh688668,鼎通科技,2025-10-09 09:42:19,95.26,8646,95.37,D
sh688668,鼎通科技,2025-10-09 09:42:25,95.24,6400,95.25,E
sh688668,鼎通科技,2025-10-09 09:42:31,95.13,4373,95.26,D
sh688668,鼎通科技,2025-10-09 09:42:34,95.09,4311,95.13,D
sh688668,鼎通科技,2025-10-09 09:42:46,94.62,10776,95.09,D
sh688668,鼎通科技,2025-10-09 09:42:55,94.64,5075,94.64,D
sh688668,鼎通科技,2025-10-09 09:43:01,94.64,10235,94.89,D
sh688668,鼎通科技,2025-10-09 09:43:07,94.67,3846,94.64,E
sh688668,鼎通科技,2025-10-09 09:43:13,94.93,5570,94.67,U
sh688668,鼎通科技,2025-10-09 09:43:22,94.93,8327,94.94,D
sh688668,鼎通科技,2025-10-09 09:43:34,94.82,5800,94.92,D
sh688668,鼎通科技,2025-10-09 09:43:37,94.79,6000,94.82,D
sh688668,鼎通科技,2025-10-09 09:43:40,94.94,7781,94.79,U
sh688668,鼎通科技,2025-10-09 09:43:43,94.79,10600,94.94,D
sh688668,鼎通科技,2025-10-09 09:43:49,94.75,5184,94.79,D
sh688668,鼎通科技,2025-10-09 09:43:55,94.6,11406,94.7,D
sh688668,鼎通科技,2025-10-09 09:44:01,94.62,3294,94.62,U
sh688668,鼎通科技,2025-10-09 09:44:04,94.61,3159,94.62,E
sh688668,鼎通科技,2025-10-09 09:44:07,94.67,2160,94.61,U
sh688668,鼎通科技,2025-10-09 09:44:10,94.79,4000,94.67,U
sh688668,鼎通科技,2025-10-09 09:44:13,94.77,3034,94.79,E
sh688668,鼎通科技,2025-10-09 09:44:16,94.74,4373,94.77,D
sh688668,鼎通科技,2025-10-09 09:44:19,94.8,16402,94.74,U
sh688668,鼎通科技,2025-10-09 09:44:22,94.78,16164,94.8,U
sh688668,鼎通科技,2025-10-09 09:44:28,95.02,2749,95.07,E
sh688668,鼎通科技,2025-10-09 09:44:46,94.91,3560,94.93,E
sh688668,鼎通科技,2025-10-09 09:44:49,94.94,14048,94.91,U
sh688668,鼎通科技,2025-10-09 09:44:58,94.79,2498,94.97,D
sh688668,鼎通科技,2025-10-09 09:45:01,94.79,10369,94.79,U
sh688668,鼎通科技,2025-10-09 09:45:04,94.99,11800,94.79,U
sh688668,鼎通科技,2025-10-09 09:45:10,94.79,3158,94.97,D
sh688668,鼎通科技,2025-10-09 09:45:19,94.99,8328,94.99,U
sh688668,鼎通科技,2025-10-09 09:45:25,95.11,3153,95.11,U
sh688668,鼎通科技,2025-10-09 09:45:28,95.13,12329,95.11,U
sh688668,鼎通科技,2025-10-09 09:45:34,94.78,3479,94.82,D
sh688668,鼎通科技,2025-10-09 09:45:40,94.66,4112,94.77,D
sh688668,鼎通科技,2025-10-09 09:45:43,94.53,7588,94.66,D
sh688668,鼎通科技,2025-10-09 09:45:46,94.62,2560,94.53,U
sh688668,鼎通科技,2025-10-09 09:45:58,94.54,7221,94.66,D
sh688668,鼎通科技,2025-10-09 09:46:04,94.49,2393,94.52,D
sh688668,鼎通科技,2025-10-09 09:46:07,94.29,13300,94.49,D
sh688668,鼎通科技,2025-10-09 09:46:10,94.34,10400,94.29,E
sh688668,鼎通科技,2025-10-09 09:46:16,94.13,13294,94.47,E
sh688668,鼎通科技,2025-10-09 09:46:19,94.27,10600,94.13,E
sh688668,鼎通科技,2025-10-09 09:46:22,94.27,11422,94.27,U
sh688668,鼎通科技,2025-10-09 09:46:25,94.0,8913,94.27,D
sh688668,鼎通科技,2025-10-09 09:46:28,94.02,7142,94.0,U
sh688668,鼎通科技,2025-10-09 09:46:31,94.32,8339,94.02,U
sh688668,鼎通科技,2025-10-09 09:46:34,94.26,10564,94.32,D
sh688668,鼎通科技,2025-10-09 09:47:01,94.51,17175,94.4,U
sh688668,鼎通科技,2025-10-09 09:47:04,94.66,25445,94.51,U
sh688668,鼎通科技,2025-10-09 09:47:13,94.45,12100,94.66,D
sh688668,鼎通科技,2025-10-09 09:47:16,94.75,2740,94.45,U
sh688668,鼎通科技,2025-10-09 09:47:19,94.45,11718,94.75,D
sh688668,鼎通科技,2025-10-09 09:47:22,94.43,13077,94.45,E
sh688668,鼎通科技,2025-10-09 09:47:25,94.3,14466,94.43,E
sh688668,鼎通科技,2025-10-09 09:47:28,94.0,10000,94.3,D
sh688668,鼎通科技,2025-10-09 09:47:31,94.56,23065,94.0,U
sh688668,鼎通科技,2025-10-09 09:47:34,94.31,2464,94.56,D
sh688668,鼎通科技,2025-10-09 09:47:37,94.31,3393,94.31,D
sh688668,鼎通科技,2025-10-09 09:47:43,94.31,19652,94.72,D
sh688668,鼎通科技,2025-10-09 09:47:46,94.66,2880,94.31,U
sh688668,鼎通科技,2025-10-09 09:47:49,94.28,6082,94.66,D
sh688668,鼎通科技,2025-10-09 09:47:52,94.66,3600,94.28,U
sh688668,鼎通科技,2025-10-09 09:47:55,94.66,3400,94.66,U
sh688668,鼎通科技,2025-10-09 09:47:58,94.49,3518,94.66,D
sh688668,鼎通科技,2025-10-09 09:48:01,94.49,3761,94.49,D
sh688668,鼎通科技,2025-10-09 09:48:07,94.66,7490,94.67,D
sh688668,鼎通科技,2025-10-09 09:48:10,94.75,12000,94.66,U
sh688668,鼎通科技,2025-10-09 09:48:13,94.51,11359,94.75,D
sh688668,鼎通科技,2025-10-09 09:48:16,94.13,5200,94.51,D
sh688668,鼎通科技,2025-10-09 09:48:19,94.24,5140,94.13,E
sh688668,鼎通科技,2025-10-09 09:48:25,94.48,5574,94.56,D
sh688668,鼎通科技,2025-10-09 09:48:28,94.2,5000,94.48,D
sh688668,鼎通科技,2025-10-09 09:48:31,94.48,7453,94.2,U
sh688668,鼎通科技,2025-10-09 09:48:37,94.14,5000,94.36,D
sh688668,鼎通科技,2025-10-09 09:48:43,94.7,10060,94.55,U
sh688668,鼎通科技,2025-10-09 09:48:46,94.8,8829,94.7,U
sh688668,鼎通科技,2025-10-09 09:48:49,94.61,5000,94.8,D
sh688668,鼎通科技,2025-10-09 09:48:55,94.04,6089,94.8,D
sh688668,鼎通科技,2025-10-09 09:49:01,94.05,5600,94.78,D
sh688668,鼎通科技,2025-10-09 09:49:07,94.78,8469,94.78,U
sh688668,鼎通科技,2025-10-09 09:49:13,94.58,5000,94.61,D
sh688668,鼎通科技,2025-10-09 09:49:16,94.47,5200,94.58,D
sh688668,鼎通科技,2025-10-09 09:49:19,94.61,5900,94.47,E
sh688668,鼎通科技,2025-10-09 09:49:22,94.54,6307,94.61,E
sh688668,鼎通科技,2025-10-09 09:49:37,94.67,9640,94.8,D
sh688668,鼎通科技,2025-10-09 09:49:46,94.69,5497,94.86,E
sh688668,鼎通科技,2025-10-09 09:49:52,94.87,4625,94.87,U
sh688668,鼎通科技,2025-10-09 09:49:55,95.16,9797,94.87,U
sh688668,鼎通科技,2025-10-09 09:50:07,95.28,5200,95.16,E
sh688668,鼎通科技,2025-10-09 09:50:13,94.86,5200,95.28,D
sh688668,鼎通科技,2025-10-09 09:50:16,94.4,7292,94.86,D
sh688668,鼎通科技,2025-10-09 09:50:28,94.7,5000,94.69,D
sh688668,鼎通科技,2025-10-09 09:51:10,94.82,9260,94.97,D
sh688668,鼎通科技,2025-10-09 09:51:13,94.59,4781,94.82,D
sh688668,鼎通科技,2025-10-09 09:51:19,94.4,5600,94.73,D
sh688668,鼎通科技,2025-10-09 09:51:25,94.4,7564,94.4,D
sh688668,鼎通科技,2025-10-09 09:51:31,94.4,9610,94.4,D
sh688668,鼎通科技,2025-10-09 09:51:37,94.53,5400,94.55,E
sh688668,鼎通科技,2025-10-09 09:51:40,94.05,5300,94.53,D
sh688668,鼎通科技,2025-10-09 09:51:46,94.13,6866,94.33,D
sh688668,鼎通科技,2025-10-09 09:51:49,94.15,4597,94.13,E
sh688668,鼎通科技,2025-10-09 09:51:52,94.15,6188,94.15,D
sh688668,鼎通科技,2025-10-09 09:51:58,94.15,5354,94.51,D
sh688668,鼎通科技,2025-10-09 09:52:04,94.18,5000,94.49,D
sh688668,鼎通科技,2025-10-09 09:52:13,94.31,5398,94.5,E
sh688668,鼎通科技,2025-10-09 09:52:16,94.59,11000,94.31,U
sh688668,鼎通科技,2025-10-09 09:52:37,94.5,29388,94.5,U
sh688668,鼎通科技,2025-10-09 09:53:01,94.8,3164,94.82,D
sh688668,鼎通科技,2025-10-09 09:53:28,94.84,2816,94.84,D
sh688668,鼎通科技,2025-10-09 09:53:34,94.83,8351,94.97,D
sh688668,鼎通科技,2025-10-09 09:53:46,94.18,20320,94.83,D
sh688668,鼎通科技,2025-10-09 09:53:55,94.58,5000,94.88,D
sh688668,鼎通科技,2025-10-09 09:53:58,94.95,6122,94.58,E
sh688668,鼎通科技,2025-10-09 09:54:04,94.85,5600,94.95,U
sh688668,鼎通科技,2025-10-09 09:54:10,94.83,3363,94.85,U
sh688668,鼎通科技,2025-10-09 09:54:22,94.74,5200,94.75,E
sh688668,鼎通科技,2025-10-09 09:54:34,94.74,3256,94.72,U
sh688668,鼎通科技,2025-10-09 09:54:37,94.72,14684,94.74,D
sh688668,鼎通科技,2025-10-09 09:54:58,94.8,2195,95.06,D
sh688668,鼎通科技,2025-10-09 09:55:34,95.07,2253,95.04,U
sh688668,鼎通科技,2025-10-09 09:55:43,95.04,3438,95.16,D
sh688668,鼎通科技,2025-10-09 09:55:46,94.91,6645,95.04,D
sh688668,鼎通科技,2025-10-09 09:56:01,94.68,3459,94.82,D
sh688668,鼎通科技,2025-10-09 09:56:25,94.57,5200,94.57,D
sh688668,鼎通科技,2025-10-09 09:56:31,94.54,5702,94.68,D
sh688668,鼎通科技,2025-10-09 09:56:34,94.16,5798,94.54,D
sh688668,鼎通科技,2025-10-09 09:56:40,94.16,5000,94.83,D
sh688668,鼎通科技,2025-10-09 09:56:46,94.25,7531,94.21,D
sh688668,鼎通科技,2025-10-09 09:56:49,94.59,6411,94.25,E
sh688668,鼎通科技,2025-10-09 09:56:55,94.6,5200,94.6,U
sh688668,鼎通科技,2025-10-09 09:57:01,94.2,5000,94.61,D
sh688668,鼎通科技,2025-10-09 09:57:43,94.75,5816,94.8,D
sh688668,鼎通科技,2025-10-09 09:57:49,94.52,3935,94.8,E
sh688668,鼎通科技,2025-10-09 09:58:10,94.78,2359,94.9,D
sh688668,鼎通科技,2025-10-09 09:58:46,94.84,5500,94.67,U
sh688668,鼎通科技,2025-10-09 09:59:07,94.85,2278,94.84,U
sh688668,鼎通科技,2025-10-09 09:59:19,94.92,3201,94.86,U
sh688668,鼎通科技,2025-10-09 10:00:07,94.87,5850,94.92,U
sh688668,鼎通科技,2025-10-09 10:00:31,94.79,4495,94.87,D
sh688668,鼎通科技,2025-10-09 10:00:34,94.78,2253,94.79,E
sh688668,鼎通科技,2025-10-09 10:00:40,94.61,3518,94.78,D
sh688668,鼎通科技,2025-10-09 10:00:49,94.44,3618,94.59,D
sh688668,鼎通科技,2025-10-09 10:00:52,94.33,2159,94.44,D
sh688668,鼎通科技,2025-10-09 10:01:04,94.32,2298,94.43,D
sh688668,鼎通科技,2025-10-09 10:01:16,94.45,2221,94.36,U
sh688668,鼎通科技,2025-10-09 10:01:19,94.36,3128,94.45,D
sh688668,鼎通科技,2025-10-09 10:01:37,94.33,2816,94.36,D
sh688668,鼎通科技,2025-10-09 10:01:43,94.31,4075,94.35,D
sh688668,鼎通科技,2025-10-09 10:01:52,94.28,4000,94.35,D
sh688668,鼎通科技,2025-10-09 10:02:04,94.32,3602,94.35,E
sh688668,鼎通科技,2025-10-09 10:02:10,94.28,5600,94.28,U
sh688668,鼎通科技,2025-10-09 10:02:16,94.27,5750,94.28,E
sh688668,鼎通科技,2025-10-09 10:02:22,94.26,6195,94.29,U
sh688668,鼎通科技,2025-10-09 10:02:28,94.34,6400,94.32,U
sh688668,鼎通科技,2025-10-09 10:02:31,94.17,3526,94.34,D
sh688668,鼎通科技,2025-10-09 10:02:34,94.06,5701,94.17,D
sh688668,鼎通科技,2025-10-09 10:02:40,94.3,8319,94.3,U
sh688668,鼎通科技,2025-10-09 10:02:55,94.16,2593,94.16,D
sh688668,鼎通科技,2025-10-09 10:03:01,94.29,2302,94.16,U
sh688668,鼎通科技,2025-10-09 10:03:07,94.17,6888,94.29,D
sh688668,鼎通科技,2025-10-09 10:03:19,94.15,2678,94.3,D
sh688668,鼎通科技,2025-10-09 10:03:22,94.01,5376,94.15,D
sh688668,鼎通科技,2025-10-09 10:03:43,94.03,6181,94.12,D
sh688668,鼎通科技,2025-10-09 10:03:49,94.01,7100,94.0,U
sh688668,鼎通科技,2025-10-09 10:03:52,94.04,2854,94.01,U
sh688668,鼎通科技,2025-10-09 10:04:01,94.18,58137,94.2,E
sh688668,鼎通科技,2025-10-09 10:04:04,94.03,7373,94.18,D
sh688668,鼎通科技,2025-10-09 10:04:07,94.03,12387,94.03,U
sh688668,鼎通科技,2025-10-09 10:04:10,94.2,5400,94.03,U
sh688668,鼎通科技,2025-10-09 10:04:28,94.08,6000,94.31,D
sh688668,鼎通科技,2025-10-09 10:04:58,94.14,5946,94.35,D
sh688668,鼎通科技,2025-10-09 10:05:04,94.03,5000,94.26,D
sh688668,鼎通科技,2025-10-09 10:05:07,94.0,5000,94.03,D
sh688668,鼎通科技,2025-10-09 10:05:13,94.0,5946,94.05,D
sh688668,鼎通科技,2025-10-09 10:05:19,94.0,5000,94.0,D
sh688668,鼎通科技,2025-10-09 10:05:22,94.0,5000,94.0,D
sh688668,鼎通科技,2025-10-09 10:05:25,94.28,4228,94.0,U
sh688668,鼎通科技,2025-10-09 10:05:28,94.28,6306,94.28,U
sh688668,鼎通科技,2025-10-09 10:05:34,94.35,3300,94.3,U
sh688668,鼎通科技,2025-10-09 10:05:49,94.46,2789,94.59,D
sh688668,鼎通科技,2025-10-09 10:06:16,94.18,5501,94.64,D
sh688668,鼎通科技,2025-10-09 10:06:19,94.62,8898,94.18,E
sh688668,鼎通科技,2025-10-09 10:06:22,94.64,6334,94.62,U
sh688668,鼎通科技,2025-10-09 10:06:28,94.6,8657,94.6,U
sh688668,鼎通科技,2025-10-09 10:06:37,94.6,4471,94.58,U
sh688668,鼎通科技,2025-10-09 10:06:43,94.6,2200,94.6,U
sh688668,鼎通科技,2025-10-09 10:06:46,94.62,2792,94.6,U
sh688668,鼎通科技,2025-10-09 10:06:49,94.65,2909,94.62,U
sh688668,鼎通科技,2025-10-09 10:07:07,94.75,2200,94.67,E
sh688668,鼎通科技,2025-10-09 10:07:13,94.57,4097,94.8,D
sh688668,鼎通科技,2025-10-09 10:07:58,94.44,5400,94.51,D
sh688668,鼎通科技,2025-10-09 10:08:04,94.44,2400,94.51,D
sh688668,鼎通科技,2025-10-09 10:08:19,94.5,3200,94.5,U
sh688668,鼎通科技,2025-10-09 10:08:25,94.51,5901,94.45,U
sh688668,鼎通科技,2025-10-09 10:08:37,94.05,5000,94.51,D
sh688668,鼎通科技,2025-10-09 10:08:40,94.5,6430,94.05,U
sh688668,鼎通科技,2025-10-09 10:08:46,94.49,5200,94.49,U
sh688668,鼎通科技,2025-10-09 10:09:01,94.5,4432,94.48,U
sh688668,鼎通科技,2025-10-09 10:09:04,94.5,3854,94.5,D
sh688668,鼎通科技,2025-10-09 10:09:07,94.54,2971,94.5,E
sh688668,鼎通科技,2025-10-09 10:09:22,94.25,2382,94.49,D
sh688668,鼎通科技,2025-10-09 10:09:40,94.06,5794,94.39,D
sh688668,鼎通科技,2025-10-09 10:09:49,94.1,5200,94.37,D
sh688668,鼎通科技,2025-10-09 10:10:31,94.3,3436,94.33,D
sh688668,鼎通科技,2025-10-09 10:10:34,94.39,2388,94.3,U
sh688668,鼎通科技,2025-10-09 10:10:43,94.16,2158,94.18,D
sh688668,鼎通科技,2025-10-09 10:10:46,94.1,6485,94.16,D
sh688668,鼎通科技,2025-10-09 10:10:52,94.06,2426,94.1,D
sh688668,鼎通科技,2025-10-09 10:11:10,94.03,3338,94.06,D
sh688668,鼎通科技,2025-10-09 10:11:13,94.06,2697,94.03,U
sh688668,鼎通科技,2025-10-09 10:11:25,93.98,18432,94.1,D
sh688668,鼎通科技,2025-10-09 10:11:43,93.95,2400,93.96,D
sh688668,鼎通科技,2025-10-09 10:11:46,93.95,2700,93.95,D
sh688668,鼎通科技,2025-10-09 10:11:52,93.86,9548,93.95,D
sh688668,鼎通科技,2025-10-09 10:11:58,94.05,23231,93.86,U
sh688668,鼎通科技,2025-10-09 10:12:07,94.05,3437,94.18,D
sh688668,鼎通科技,2025-10-09 10:12:16,94.04,5153,94.05,E
sh688668,鼎通科技,2025-10-09 10:12:19,94.26,2358,94.04,U
sh688668,鼎通科技,2025-10-09 10:12:49,94.17,5321,94.18,D
sh688668,鼎通科技,2025-10-09 10:12:52,94.19,6287,94.17,U
sh688668,鼎通科技,2025-10-09 10:12:58,94.0,5610,94.07,D
sh688668,鼎通科技,2025-10-09 10:13:04,94.0,13459,94.0,D
sh688668,鼎通科技,2025-10-09 10:13:13,94.0,3495,94.03,D
sh688668,鼎通科技,2025-10-09 10:13:22,94.0,3012,94.0,U
sh688668,鼎通科技,2025-10-09 10:13:25,94.0,2993,94.0,U
sh688668,鼎通科技,2025-10-09 10:13:31,93.99,6296,94.17,D
sh688668,鼎通科技,2025-10-09 10:13:34,93.99,2208,93.99,U
sh688668,鼎通科技,2025-10-09 10:13:40,93.99,6292,93.99,U
sh688668,鼎通科技,2025-10-09 10:14:16,94.04,3200,94.15,D
sh688668,鼎通科技,2025-10-09 10:14:28,94.18,2566,94.21,E
sh688668,鼎通科技,2025-10-09 10:14:34,94.17,3082,94.03,U
sh688668,鼎通科技,2025-10-09 10:14:43,94.0,4833,94.06,D
sh688668,鼎通科技,2025-10-09 10:14:55,94.0,2151,93.99,U
sh688668,鼎通科技,2025-10-09 10:14:58,94.0,15182,94.0,U
sh688668,鼎通科技,2025-10-09 10:15:01,94.05,8915,94.0,E
sh688668,鼎通科技,2025-10-09 10:15:07,94.05,2998,94.21,D
sh688668,鼎通科技,2025-10-09 10:15:10,94.0,2992,94.05,D
sh688668,鼎通科技,2025-10-09 10:15:13,94.0,17674,94.0,U
sh688668,鼎通科技,2025-10-09 10:15:16,94.05,4807,94.0,D
sh688668,鼎通科技,2025-10-09 10:15:19,94.21,8170,94.05,U
sh688668,鼎通科技,2025-10-09 10:15:22,94.25,6108,94.21,U
sh688668,鼎通科技,2025-10-09 10:15:25,94.23,4600,94.25,E
sh688668,鼎通科技,2025-10-09 10:15:28,94.23,7900,94.23,E
sh688668,鼎通科技,2025-10-09 10:15:31,94.0,4160,94.23,D
sh688668,鼎通科技,2025-10-09 10:15:40,94.0,4228,94.0,U
sh688668,鼎通科技,2025-10-09 10:15:52,93.97,7104,93.9,U
sh688668,鼎通科技,2025-10-09 10:16:19,94.0,34615,93.98,U
sh688668,鼎通科技,2025-10-09 10:16:28,94.13,5467,94.15,D
sh688668,鼎通科技,2025-10-09 10:16:52,94.02,2793,94.05,D
sh688668,鼎通科技,2025-10-09 10:16:55,94.27,3919,94.02,U
sh688668,鼎通科技,2025-10-09 10:16:58,94.03,4395,94.27,D
sh688668,鼎通科技,2025-10-09 10:17:01,94.23,2321,94.03,E
sh688668,鼎通科技,2025-10-09 10:17:07,94.26,5602,94.23,U
sh688668,鼎通科技,2025-10-09 10:17:10,94.0,5999,94.26,D
sh688668,鼎通科技,2025-10-09 10:17:13,94.26,7278,94.0,U
sh688668,鼎通科技,2025-10-09 10:17:16,94.0,4038,94.26,D
sh688668,鼎通科技,2025-10-09 10:17:25,94.0,2500,94.0,U
sh688668,鼎通科技,2025-10-09 10:17:43,93.99,2138,93.99,U
sh688668,鼎通科技,2025-10-09 10:17:58,93.97,7501,93.98,D
sh688668,鼎通科技,2025-10-09 10:18:01,93.83,20552,93.97,D
sh688668,鼎通科技,2025-10-09 10:18:07,93.82,3617,93.88,D
sh688668,鼎通科技,2025-10-09 10:18:16,93.82,10897,93.82,U
sh688668,鼎通科技,2025-10-09 10:18:25,93.8,7894,93.82,D
sh688668,鼎通科技,2025-10-09 10:18:28,93.8,3277,93.8,D
sh688668,鼎通科技,2025-10-09 10:18:43,93.8,5269,93.85,D
sh688668,鼎通科技,2025-10-09 10:18:46,93.9,4392,93.8,U
sh688668,鼎通科技,2025-10-09 10:19:10,93.92,55232,93.98,D
sh688668,鼎通科技,2025-10-09 10:19:13,94.0,22968,93.92,U
sh688668,鼎通科技,2025-10-09 10:19:16,94.02,5396,94.0,E
sh688668,鼎通科技,2025-10-09 10:19:37,93.98,2400,93.98,U
sh688668,鼎通科技,2025-10-09 10:19:40,93.94,2400,93.98,D
sh688668,鼎通科技,2025-10-09 10:19:58,94.0,9872,93.94,U
sh688668,鼎通科技,2025-10-09 10:20:01,94.0,2601,94.0,U
sh688668,鼎通科技,2025-10-09 10:20:04,94.0,3626,94.0,U
sh688668,鼎通科技,2025-10-09 10:20:13,94.0,2265,94.0,U
sh688668,鼎通科技,2025-10-09 10:20:16,94.0,2557,94.0,D
sh688668,鼎通科技,2025-10-09 10:20:28,94.09,2487,94.0,U
sh688668,鼎通科技,2025-10-09 10:20:40,94.0,3009,94.0,D
sh688668,鼎通科技,2025-10-09 10:21:13,94.0,4100,94.0,U
sh688668,鼎通科技,2025-10-09 10:21:52,94.0,3104,93.97,U
sh688668,鼎通科技,2025-10-09 10:21:55,94.0,11339,94.0,U
sh688668,鼎通科技,2025-10-09 10:21:58,93.99,7747,94.0,D
sh688668,鼎通科技,2025-10-09 10:22:07,94.0,2200,94.0,U
sh688668,鼎通科技,2025-10-09 10:22:10,94.0,3126,94.0,U
sh688668,鼎通科技,2025-10-09 10:22:16,94.0,4239,94.08,D
sh688668,鼎通科技,2025-10-09 10:22:22,94.0,3468,94.0,D
sh688668,鼎通科技,2025-10-09 10:22:25,94.0,2371,94.0,U
sh688668,鼎通科技,2025-10-09 10:22:28,94.08,2176,94.0,U
sh688668,鼎通科技,2025-10-09 10:22:31,94.0,2549,94.08,D
sh688668,鼎通科技,2025-10-09 10:23:01,94.0,11170,93.98,U
sh688668,鼎通科技,2025-10-09 10:23:04,94.0,8127,94.0,U
sh688668,鼎通科技,2025-10-09 10:23:07,94.0,3196,94.0,D
sh688668,鼎通科技,2025-10-09 10:23:28,94.0,2718,94.0,U
sh688668,鼎通科技,2025-10-09 10:23:31,93.97,5000,94.0,D
sh688668,鼎通科技,2025-10-09 10:23:34,93.97,5300,93.97,D
sh688668,鼎通科技,2025-10-09 10:23:49,93.92,10265,94.0,D
sh688668,鼎通科技,2025-10-09 10:24:01,93.99,5175,93.91,U
sh688668,鼎通科技,2025-10-09 10:24:22,93.9,2241,93.86,U
sh688668,鼎通科技,2025-10-09 10:24:25,93.8,2450,93.9,D
sh688668,鼎通科技,2025-10-09 10:24:31,93.86,9850,93.86,U
sh688668,鼎通科技,2025-10-09 10:24:40,93.81,6005,93.86,E
sh688668,鼎通科技,2025-10-09 10:24:46,93.86,7247,93.81,U
sh688668,鼎通科技,2025-10-09 10:24:49,93.8,30573,93.86,D
sh688668,鼎通科技,2025-10-09 10:24:52,93.76,7388,93.8,D
sh688668,鼎通科技,2025-10-09 10:24:55,93.79,2591,93.76,E
sh688668,鼎通科技,2025-10-09 10:24:58,93.79,2292,93.79,U
sh688668,鼎通科技,2025-10-09 10:25:01,93.73,2206,93.79,E
sh688668,鼎通科技,2025-10-09 10:25:04,93.6,3562,93.73,D
sh688668,鼎通科技,2025-10-09 10:25:10,93.9,16424,93.64,U
sh688668,鼎通科技,2025-10-09 10:25:13,93.95,14972,93.9,U
sh688668,鼎通科技,2025-10-09 10:25:16,93.74,6993,93.95,D
sh688668,鼎通科技,2025-10-09 10:25:22,93.67,5462,93.82,D
sh688668,鼎通科技,2025-10-09 10:25:25,93.76,9971,93.67,E
sh688668,鼎通科技,2025-10-09 10:25:31,93.72,2320,93.79,E
sh688668,鼎通科技,2025-10-09 10:25:34,93.53,6257,93.72,D
sh688668,鼎通科技,2025-10-09 10:25:40,93.79,7231,93.75,U
sh688668,鼎通科技,2025-10-09 10:25:43,93.91,2572,93.79,U
sh688668,鼎通科技,2025-10-09 10:25:46,93.71,12868,93.91,E
sh688668,鼎通科技,2025-10-09 10:25:49,93.9,5791,93.71,E
sh688668,鼎通科技,2025-10-09 10:25:52,93.67,10311,93.9,D
sh688668,鼎通科技,2025-10-09 10:25:55,93.8,3700,93.67,U
sh688668,鼎通科技,2025-10-09 10:25:58,93.7,4022,93.8,E
sh688668,鼎通科技,2025-10-09 10:26:01,93.79,6917,93.7,E
sh688668,鼎通科技,2025-10-09 10:26:04,93.96,15837,93.79,U
sh688668,鼎通科技,2025-10-09 10:26:07,93.71,4497,93.96,D
sh688668,鼎通科技,2025-10-09 10:26:10,93.73,6737,93.71,E
sh688668,鼎通科技,2025-10-09 10:26:16,93.94,5160,93.73,U
sh688668,鼎通科技,2025-10-09 10:26:28,93.72,5432,93.71,E
sh688668,鼎通科技,2025-10-09 10:26:34,93.71,2420,93.71,D
sh688668,鼎通科技,2025-10-09 10:26:40,93.67,2295,93.66,E
sh688668,鼎通科技,2025-10-09 10:26:46,93.67,3968,93.57,U
sh688668,鼎通科技,2025-10-09 10:26:49,93.53,6581,93.67,D
sh688668,鼎通科技,2025-10-09 10:26:58,93.66,18490,93.66,U
sh688668,鼎通科技,2025-10-09 10:27:01,93.71,6164,93.66,U
sh688668,鼎通科技,2025-10-09 10:27:04,93.72,8606,93.71,U
sh688668,鼎通科技,2025-10-09 10:27:07,93.71,6761,93.72,U
sh688668,鼎通科技,2025-10-09 10:27:10,93.71,16716,93.71,U
sh688668,鼎通科技,2025-10-09 10:27:13,93.6,6861,93.71,D
sh688668,鼎通科技,2025-10-09 10:27:16,93.8,12092,93.6,U
sh688668,鼎通科技,2025-10-09 10:27:25,93.87,14056,93.7,U
sh688668,鼎通科技,2025-10-09 10:27:28,93.62,9352,93.87,D
sh688668,鼎通科技,2025-10-09 10:27:34,93.87,10455,93.64,U
sh688668,鼎通科技,2025-10-09 10:27:37,93.66,7870,93.87,E
sh688668,鼎通科技,2025-10-09 10:27:40,93.86,6056,93.66,U
sh688668,鼎通科技,2025-10-09 10:27:43,93.89,14666,93.86,U
sh688668,鼎通科技,2025-10-09 10:27:46,93.9,5070,93.89,U
sh688668,鼎通科技,2025-10-09 10:27:49,93.9,5106,93.9,U
sh688668,鼎通科技,2025-10-09 10:27:52,93.96,6514,93.9,U
sh688668,鼎通科技,2025-10-09 10:27:55,94.1,35711,93.96,U
sh688668,鼎通科技,2025-10-09 10:27:58,94.0,6515,94.1,D
sh688668,鼎通科技,2025-10-09 10:28:01,93.9,23517,94.0,D
sh688668,鼎通科技,2025-10-09 10:28:07,93.98,16687,93.92,U
sh688668,鼎通科技,2025-10-09 10:28:10,94.3,9571,93.98,U
sh688668,鼎通科技,2025-10-09 10:28:13,94.3,3400,94.3,U
sh688668,鼎通科技,2025-10-09 10:28:16,94.01,3923,94.3,D
sh688668,鼎通科技,2025-10-09 10:28:37,94.5,2359,94.28,U
sh688668,鼎通科技,2025-10-09 10:28:40,94.59,6063,94.5,U
sh688668,鼎通科技,2025-10-09 10:28:49,94.65,4500,94.59,U
sh688668,鼎通科技,2025-10-09 10:28:55,94.65,5750,94.65,E
sh688668,鼎通科技,2025-10-09 10:28:58,94.66,2845,94.65,E
sh688668,鼎通科技,2025-10-09 10:29:34,94.46,20800,94.46,U
sh688668,鼎通科技,2025-10-09 10:29:40,94.46,3069,94.44,U
sh688668,鼎通科技,2025-10-09 10:30:07,94.5,15400,94.41,U
sh688668,鼎通科技,2025-10-09 10:30:13,94.43,2434,94.5,D
sh688668,鼎通科技,2025-10-09 10:30:16,94.41,4211,94.43,D
sh688668,鼎通科技,2025-10-09 10:30:22,94.4,7041,94.23,E
sh688668,鼎通科技,2025-10-09 10:30:25,94.42,5203,94.4,E
sh688668,鼎通科技,2025-10-09 10:30:28,94.56,3200,94.42,U
sh688668,鼎通科技,2025-10-09 10:30:31,94.58,10880,94.56,U
sh688668,鼎通科技,2025-10-09 10:30:37,94.31,3999,94.28,E
sh688668,鼎通科技,2025-10-09 10:30:40,94.5,6650,94.31,E
sh688668,鼎通科技,2025-10-09 10:30:43,94.58,5803,94.5,U
sh688668,鼎通科技,2025-10-09 10:30:46,94.12,4800,94.58,D
sh688668,鼎通科技,2025-10-09 10:30:49,94.13,3269,94.12,D
sh688668,鼎通科技,2025-10-09 10:31:01,94.06,6080,94.06,D
sh688668,鼎通科技,2025-10-09 10:31:04,94.4,5235,94.06,U
sh688668,鼎通科技,2025-10-09 10:31:07,93.9,9598,94.4,D
sh688668,鼎通科技,2025-10-09 10:31:10,94.14,2400,93.9,D
sh688668,鼎通科技,2025-10-09 10:31:13,94.19,2586,94.14,E
sh688668,鼎通科技,2025-10-09 10:31:19,94.21,5853,94.14,U
sh688668,鼎通科技,2025-10-09 10:31:22,94.22,2756,94.21,E
sh688668,鼎通科技,2025-10-09 10:31:25,94.21,5759,94.22,D
sh688668,鼎通科技,2025-10-09 10:31:28,94.41,4274,94.21,U
sh688668,鼎通科技,2025-10-09 10:31:31,94.05,3527,94.41,E
sh688668,鼎通科技,2025-10-09 10:31:34,94.05,3278,94.05,D
sh688668,鼎通科技,2025-10-09 10:31:37,94.38,3463,94.05,U
sh688668,鼎通科技,2025-10-09 10:31:40,94.04,2720,94.38,D
sh688668,鼎通科技,2025-10-09 10:31:49,94.03,4553,94.29,D
sh688668,鼎通科技,2025-10-09 10:31:52,94.34,3152,94.03,U
sh688668,鼎通科技,2025-10-09 10:31:55,94.29,2825,94.34,E
sh688668,鼎通科技,2025-10-09 10:31:58,94.28,22274,94.29,E
sh688668,鼎通科技,2025-10-09 10:32:01,94.33,24830,94.28,U
sh688668,鼎通科技,2025-10-09 10:32:04,94.01,22500,94.33,D
sh688668,鼎通科技,2025-10-09 10:32:10,94.02,25152,94.28,D
sh688668,鼎通科技,2025-10-09 10:32:13,94.0,4610,94.02,D
sh688668,鼎通科技,2025-10-09 10:32:16,94.0,3399,94.0,U
sh688668,鼎通科技,2025-10-09 10:32:22,93.8,30714,94.0,D
sh688668,鼎通科技,2025-10-09 10:32:25,93.72,10536,93.8,D
sh688668,鼎通科技,2025-10-09 10:32:46,93.71,3000,94.0,D
sh688668,鼎通科技,2025-10-09 10:33:01,93.78,2372,93.8,D
sh688668,鼎通科技,2025-10-09 10:33:13,93.97,3443,93.79,U
sh688668,鼎通科技,2025-10-09 10:33:16,93.81,2739,93.97,E
sh688668,鼎通科技,2025-10-09 10:33:19,93.8,4966,93.81,D
sh688668,鼎通科技,2025-10-09 10:33:22,93.78,3391,93.8,D
sh688668,鼎通科技,2025-10-09 10:33:31,93.98,4259,93.81,U
sh688668,鼎通科技,2025-10-09 10:33:34,93.99,9524,93.98,U
sh688668,鼎通科技,2025-10-09 10:33:37,93.99,4310,93.99,U
sh688668,鼎通科技,2025-10-09 10:33:40,93.85,3346,93.99,D
sh688668,鼎通科技,2025-10-09 10:33:49,93.98,2878,93.85,U
sh688668,鼎通科技,2025-10-09 10:33:52,93.94,4519,93.98,E
sh688668,鼎通科技,2025-10-09 10:33:55,93.92,3254,93.94,E
sh688668,鼎通科技,2025-10-09 10:33:58,93.85,2518,93.92,E
sh688668,鼎通科技,2025-10-09 10:34:01,93.84,6559,93.85,E
sh688668,鼎通科技,2025-10-09 10:34:04,93.92,3416,93.84,U
sh688668,鼎通科技,2025-10-09 10:34:07,94.0,29655,93.92,U
sh688668,鼎通科技,2025-10-09 10:34:10,94.0,10125,94.0,U
sh688668,鼎通科技,2025-10-09 10:34:13,94.0,5918,94.0,U
sh688668,鼎通科技,2025-10-09 10:34:16,93.81,2201,94.0,D
sh688668,鼎通科技,2025-10-09 10:34:19,93.88,3737,93.81,D
sh688668,鼎通科技,2025-10-09 10:34:22,93.75,2250,93.88,D
sh688668,鼎通科技,2025-10-09 10:34:25,94.0,3700,93.75,U
sh688668,鼎通科技,2025-10-09 10:34:31,93.88,3381,93.72,U
sh688668,鼎通科技,2025-10-09 10:34:34,93.7,3600,93.88,D
sh688668,鼎通科技,2025-10-09 10:34:37,93.93,6641,93.7,U
sh688668,鼎通科技,2025-10-09 10:34:40,94.0,7834,93.93,U
sh688668,鼎通科技,2025-10-09 10:34:43,93.98,7280,94.0,E
sh688668,鼎通科技,2025-10-09 10:34:49,93.99,10174,93.78,E
sh688668,鼎通科技,2025-10-09 10:34:52,93.71,3291,93.99,D
sh688668,鼎通科技,2025-10-09 10:34:58,93.6,6386,93.89,D
sh688668,鼎通科技,2025-10-09 10:35:01,93.7,2267,93.6,E
sh688668,鼎通科技,2025-10-09 10:35:04,93.87,11702,93.7,U
sh688668,鼎通科技,2025-10-09 10:35:10,93.71,3245,93.81,D
sh688668,鼎通科技,2025-10-09 10:35:16,93.7,9502,93.68,E
sh688668,鼎通科技,2025-10-09 10:35:19,93.81,9790,93.7,U
sh688668,鼎通科技,2025-10-09 10:35:22,93.8,3702,93.81,E
sh688668,鼎通科技,2025-10-09 10:35:31,93.85,4778,93.7,U
sh688668,鼎通科技,2025-10-09 10:35:37,93.74,3215,93.61,D
sh688668,鼎通科技,2025-10-09 10:35:46,93.85,4927,93.73,U
sh688668,鼎通科技,2025-10-09 10:35:49,93.65,3026,93.85,D
sh688668,鼎通科技,2025-10-09 10:35:52,93.88,2186,93.65,U
sh688668,鼎通科技,2025-10-09 10:36:04,93.85,2140,93.92,E
sh688668,鼎通科技,2025-10-09 10:36:10,93.97,10833,93.61,U
sh688668,鼎通科技,2025-10-09 10:36:13,94.0,3161,93.97,U
sh688668,鼎通科技,2025-10-09 10:36:16,93.92,3827,94.0,D
sh688668,鼎通科技,2025-10-09 10:36:19,93.72,6205,93.92,E
sh688668,鼎通科技,2025-10-09 10:36:22,93.75,2587,93.72,D
sh688668,鼎通科技,2025-10-09 10:36:25,94.07,2273,93.75,U
sh688668,鼎通科技,2025-10-09 10:36:28,94.0,8326,94.07,E
sh688668,鼎通科技,2025-10-09 10:36:31,93.79,5350,94.0,E
sh688668,鼎通科技,2025-10-09 10:36:34,93.74,2587,93.79,D
sh688668,鼎通科技,2025-10-09 10:36:40,93.99,3748,93.72,U
sh688668,鼎通科技,2025-10-09 10:36:43,93.73,3070,93.99,D
sh688668,鼎通科技,2025-10-09 10:36:46,93.99,2778,93.73,U
sh688668,鼎通科技,2025-10-09 10:36:49,93.99,3401,93.99,U
sh688668,鼎通科技,2025-10-09 10:36:52,93.99,5234,93.99,U
sh688668,鼎通科技,2025-10-09 10:36:55,93.72,5466,93.99,D
sh688668,鼎通科技,2025-10-09 10:36:58,94.0,4425,93.72,E
sh688668,鼎通科技,2025-10-09 10:37:04,93.93,2525,93.72,E
sh688668,鼎通科技,2025-10-09 10:37:07,93.94,3214,93.93,U
sh688668,鼎通科技,2025-10-09 10:37:10,93.65,2286,93.94,D
sh688668,鼎通科技,2025-10-09 10:37:16,93.94,9013,93.76,U
sh688668,鼎通科技,2025-10-09 10:37:25,94.0,9400,93.81,U
sh688668,鼎通科技,2025-10-09 10:37:40,94.1,2360,94.1,U
sh688668,鼎通科技,2025-10-09 10:37:46,94.11,15706,94.1,E
sh688668,鼎通科技,2025-10-09 10:37:55,94.23,10400,94.1,U
sh688668,鼎通科技,2025-10-09 10:37:58,94.25,14384,94.23,U
sh688668,鼎通科技,2025-10-09 10:38:01,94.04,10600,94.25,D
sh688668,鼎通科技,2025-10-09 10:38:04,94.0,13988,94.04,D
sh688668,鼎通科技,2025-10-09 10:38:07,94.0,4500,94.0,U
sh688668,鼎通科技,2025-10-09 10:38:46,94.0,11937,94.38,D
sh688668,鼎通科技,2025-10-09 10:38:49,94.0,8264,94.0,U
sh688668,鼎通科技,2025-10-09 10:38:52,94.26,2586,94.0,U
sh688668,鼎通科技,2025-10-09 10:39:07,94.0,20000,94.45,D
sh688668,鼎通科技,2025-10-09 10:39:10,94.0,21600,94.0,D
sh688668,鼎通科技,2025-10-09 10:39:13,94.0,7622,94.0,D
sh688668,鼎通科技,2025-10-09 10:39:16,94.36,19639,94.0,U
sh688668,鼎通科技,2025-10-09 10:39:19,94.0,4623,94.36,D
sh688668,鼎通科技,2025-10-09 10:39:22,94.0,15577,94.0,U
sh688668,鼎通科技,2025-10-09 10:39:31,94.34,5000,94.34,U
sh688668,鼎通科技,2025-10-09 10:39:40,94.37,3868,94.34,U
sh688668,鼎通科技,2025-10-09 10:40:04,94.39,20800,94.34,U
sh688668,鼎通科技,2025-10-09 10:40:07,94.0,20600,94.39,D
sh688668,鼎通科技,2025-10-09 10:40:13,94.0,7211,94.39,D
sh688668,鼎通科技,2025-10-09 10:40:16,94.37,12989,94.0,U
sh688668,鼎通科技,2025-10-09 10:40:19,94.38,24567,94.37,U
sh688668,鼎通科技,2025-10-09 10:41:07,94.44,6003,94.38,U
sh688668,鼎通科技,2025-10-09 10:41:10,94.47,3800,94.44,U
sh688668,鼎通科技,2025-10-09 10:41:19,94.5,8928,94.44,U
sh688668,鼎通科技,2025-10-09 10:41:22,94.65,9823,94.5,U
sh688668,鼎通科技,2025-10-09 10:41:28,94.65,3170,94.67,D
sh688668,鼎通科技,2025-10-09 10:41:34,94.56,3441,94.65,D
sh688668,鼎通科技,2025-10-09 10:42:49,94.5,2200,94.55,D
sh688668,鼎通科技,2025-10-09 10:43:52,94.54,9437,94.4,U
sh688668,鼎通科技,2025-10-09 10:43:55,94.47,3243,94.54,D
sh688668,鼎通科技,2025-10-09 10:45:13,94.46,2300,94.46,U
sh688668,鼎通科技,2025-10-09 10:45:31,94.38,2137,94.46,D
sh688668,鼎通科技,2025-10-09 10:45:58,94.3,5448,94.39,D
sh688668,鼎通科技,2025-10-09 10:46:16,94.31,3422,94.39,D
sh688668,鼎通科技,2025-10-09 10:46:25,94.39,12134,94.39,U
sh688668,鼎通科技,2025-10-09 10:47:04,94.4,3057,94.36,U
sh688668,鼎通科技,2025-10-09 10:47:10,94.4,2373,94.4,U
sh688668,鼎通科技,2025-10-09 10:47:13,94.36,4032,94.4,D
sh688668,鼎通科技,2025-10-09 10:48:40,94.36,3192,94.36,U
sh688668,鼎通科技,2025-10-09 10:49:58,94.55,14413,94.4,U
sh688668,鼎通科技,2025-10-09 10:50:01,94.45,2392,94.55,D
sh688668,鼎通科技,2025-10-09 10:51:46,94.23,5639,94.3,D
sh688668,鼎通科技,2025-10-09 10:51:49,94.2,4598,94.23,D
sh688668,鼎通科技,2025-10-09 10:52:58,94.23,2200,94.28,D
sh688668,鼎通科技,2025-10-09 10:53:22,94.21,3780,94.3,D
sh688668,鼎通科技,2025-10-09 10:53:25,94.2,2675,94.21,D
sh688668,鼎通科技,2025-10-09 10:53:34,94.18,4046,94.2,D
sh688668,鼎通科技,2025-10-09 10:53:43,94.17,5600,94.18,E
sh688668,鼎通科技,2025-10-09 10:54:04,94.17,6007,94.13,U
sh688668,鼎通科技,2025-10-09 10:54:22,93.95,12197,94.04,D
sh688668,鼎通科技,2025-10-09 10:55:28,94.06,2505,94.01,U
sh688668,鼎通科技,2025-10-09 10:58:52,94.25,2359,94.25,U
sh688668,鼎通科技,2025-10-09 10:59:49,94.31,3866,94.25,U
sh688668,鼎通科技,2025-10-09 11:00:10,94.38,3051,94.38,D
sh688668,鼎通科技,2025-10-09 11:00:13,94.43,12512,94.38,U
sh688668,鼎通科技,2025-10-09 11:00:31,94.65,3459,94.55,U
sh688668,鼎通科技,2025-10-09 11:00:55,94.67,4678,94.65,U
sh688668,鼎通科技,2025-10-09 11:01:01,94.62,5635,94.61,E
sh688668,鼎通科技,2025-10-09 11:01:07,94.67,4400,94.56,U
sh688668,鼎通科技,2025-10-09 11:01:22,94.54,2376,94.57,D
sh688668,鼎通科技,2025-10-09 11:01:58,94.44,3712,94.5,D
sh688668,鼎通科技,2025-10-09 11:03:04,94.46,2658,94.49,D
sh688668,鼎通科技,2025-10-09 11:03:37,94.34,9452,94.51,D
sh688668,鼎通科技,2025-10-09 11:04:01,94.32,3261,94.11,U
sh688668,鼎通科技,2025-10-09 11:04:19,94.42,5687,94.42,U
sh688668,鼎通科技,2025-10-09 11:04:52,94.38,2122,94.29,U
sh688668,鼎通科技,2025-10-09 11:08:01,94.3,2904,94.26,E
sh688668,鼎通科技,2025-10-09 11:10:04,94.47,2266,94.46,U
sh688668,鼎通科技,2025-10-09 11:11:34,94.51,4286,94.5,U
sh688668,鼎通科技,2025-10-09 11:11:43,94.56,4703,94.51,U
sh688668,鼎通科技,2025-10-09 11:12:04,94.56,3493,94.56,U
sh688668,鼎通科技,2025-10-09 11:12:16,94.55,3282,94.56,D
sh688668,鼎通科技,2025-10-09 11:12:22,94.67,5921,94.56,U
sh688668,鼎通科技,2025-10-09 11:12:25,94.66,5300,94.67,E
sh688668,鼎通科技,2025-10-09 11:12:28,94.67,3271,94.66,U
sh688668,鼎通科技,2025-10-09 11:12:40,94.61,6786,94.63,D
sh688668,鼎通科技,2025-10-09 11:13:07,94.63,10806,94.53,U
sh688668,鼎通科技,2025-10-09 11:13:19,94.67,2224,94.67,U
sh688668,鼎通科技,2025-10-09 11:14:34,94.7,10519,94.67,U
sh688668,鼎通科技,2025-10-09 11:15:13,94.7,2911,94.67,U
sh688668,鼎通科技,2025-10-09 11:15:19,94.77,2131,94.74,U
sh688668,鼎通科技,2025-10-09 11:15:49,94.67,9636,94.71,D
sh688668,鼎通科技,2025-10-09 11:16:52,94.67,5526,94.65,U
sh688668,鼎通科技,2025-10-09 11:17:04,94.8,2748,94.7,U
sh688668,鼎通科技,2025-10-09 11:17:49,94.91,2440,94.85,U
sh688668,鼎通科技,2025-10-09 11:18:01,94.94,2451,94.98,D
sh688668,鼎通科技,2025-10-09 11:18:19,94.91,2658,94.93,D
sh688668,鼎通科技,2025-10-09 11:19:16,94.98,3620,94.92,U
sh688668,鼎通科技,2025-10-09 11:19:19,94.92,3214,94.98,D
sh688668,鼎通科技,2025-10-09 11:19:28,94.91,2330,94.96,D
sh688668,鼎通科技,2025-10-09 11:20:19,94.99,2111,95.0,E
sh688668,鼎通科技,2025-10-09 11:20:25,94.93,5192,95.0,D
sh688668,鼎通科技,2025-10-09 11:21:31,94.91,2862,94.92,D
sh688668,鼎通科技,2025-10-09 11:21:34,94.93,2121,94.91,U
sh688668,鼎通科技,2025-10-09 11:21:43,94.97,2400,94.93,U
sh688668,鼎通科技,2025-10-09 11:23:25,94.85,6162,94.91,D
sh688668,鼎通科技,2025-10-09 11:25:31,94.81,8342,94.85,D
sh688668,鼎通科技,2025-10-09 11:25:40,94.69,16119,94.8,D
sh688668,鼎通科技,2025-10-09 11:26:28,94.46,11403,94.55,D
sh688668,鼎通科技,2025-10-09 11:27:49,94.35,6256,94.35,U
sh688668,鼎通科技,2025-10-09 11:28:28,94.35,2722,94.31,U
sh688668,鼎通科技,2025-10-09 11:28:43,94.29,3272,94.35,D
sh688668,鼎通科技,2025-10-09 11:28:46,94.3,2852,94.29,U
sh688668,鼎通科技,2025-10-09 11:28:55,94.29,5921,94.44,D
sh688668,鼎通科技,2025-10-09 13:00:07,94.52,2200,94.6,E
sh688668,鼎通科技,2025-10-09 13:00:10,94.99,6907,94.52,U
sh688668,鼎通科技,2025-10-09 13:00:28,94.83,3648,94.73,U
sh688668,鼎通科技,2025-10-09 13:01:31,94.4,18076,94.63,D
sh688668,鼎通科技,2025-10-09 13:02:16,94.4,13049,94.66,D
sh688668,鼎通科技,2025-10-09 13:03:19,94.45,7812,94.59,D
sh688668,鼎通科技,2025-10-09 13:06:16,94.25,3214,94.26,D
sh688668,鼎通科技,2025-10-09 13:06:25,94.35,6973,94.3,U
sh688668,鼎通科技,2025-10-09 13:06:28,94.37,3164,94.35,U
sh688668,鼎通科技,2025-10-09 13:07:07,94.3,2188,94.27,E
sh688668,鼎通科技,2025-10-09 13:07:22,94.34,5617,94.25,U
sh688668,鼎通科技,2025-10-09 13:09:07,94.33,5174,94.31,E
sh688668,鼎通科技,2025-10-09 13:09:22,94.31,2159,94.31,U
sh688668,鼎通科技,2025-10-09 13:10:16,94.33,2148,94.28,U
sh688668,鼎通科技,2025-10-09 13:11:16,94.21,8918,94.26,D
sh688668,鼎通科技,2025-10-09 13:11:19,94.26,3585,94.21,U
sh688668,鼎通科技,2025-10-09 13:11:28,94.34,2685,94.32,U
sh688668,鼎通科技,2025-10-09 13:14:43,94.67,2368,94.66,U
sh688668,鼎通科技,2025-10-09 13:15:04,94.56,16702,94.74,D
sh688668,鼎通科技,2025-10-09 13:15:40,94.44,3810,94.56,D
sh688668,鼎通科技,2025-10-09 13:16:58,94.35,2540,94.37,D
sh688668,鼎通科技,2025-10-09 13:17:01,94.3,3243,94.35,D
sh688668,鼎通科技,2025-10-09 13:17:04,94.25,8699,94.3,D
sh688668,鼎通科技,2025-10-09 13:19:07,94.21,10301,94.31,D
sh688668,鼎通科技,2025-10-09 13:19:10,94.2,8374,94.21,D
sh688668,鼎通科技,2025-10-09 13:20:16,94.25,2145,94.25,U
sh688668,鼎通科技,2025-10-09 13:20:34,94.16,7189,94.23,D
sh688668,鼎通科技,2025-10-09 13:20:43,94.23,4778,94.18,U
sh688668,鼎通科技,2025-10-09 13:21:10,94.16,3377,94.19,D
sh688668,鼎通科技,2025-10-09 13:21:22,94.21,10124,94.16,U
sh688668,鼎通科技,2025-10-09 13:21:25,94.1,4166,94.21,D
sh688668,鼎通科技,2025-10-09 13:22:04,94.16,2454,94.13,U
sh688668,鼎通科技,2025-10-09 13:23:13,94.38,2889,94.24,U
sh688668,鼎通科技,2025-10-09 13:23:49,94.16,3427,94.21,D
sh688668,鼎通科技,2025-10-09 13:24:01,94.17,3460,94.17,U
sh688668,鼎通科技,2025-10-09 13:24:19,94.18,2226,94.18,U
sh688668,鼎通科技,2025-10-09 13:25:01,94.23,3223,94.19,U
sh688668,鼎通科技,2025-10-09 13:25:16,94.23,4850,94.22,U
sh688668,鼎通科技,2025-10-09 13:25:55,94.15,2756,94.2,D
sh688668,鼎通科技,2025-10-09 13:26:07,94.11,5913,94.15,D
sh688668,鼎通科技,2025-10-09 13:26:37,94.22,2449,94.22,U
sh688668,鼎通科技,2025-10-09 13:27:10,94.18,4928,94.18,U
sh688668,鼎通科技,2025-10-09 13:29:01,94.39,5656,94.43,D
sh688668,鼎通科技,2025-10-09 13:29:04,94.38,2523,94.39,D
sh688668,鼎通科技,2025-10-09 13:29:19,94.38,2793,94.38,D
sh688668,鼎通科技,2025-10-09 13:30:37,94.49,4100,94.5,D
sh688668,鼎通科技,2025-10-09 13:30:52,94.43,5364,94.49,D
sh688668,鼎通科技,2025-10-09 13:32:01,94.36,5236,94.36,U
sh688668,鼎通科技,2025-10-09 13:32:25,94.33,3521,94.42,D
sh688668,鼎通科技,2025-10-09 13:33:01,94.33,6645,94.48,D
sh688668,鼎通科技,2025-10-09 13:34:10,94.32,4200,94.42,D
sh688668,鼎通科技,2025-10-09 13:34:16,94.28,2256,94.28,D
sh688668,鼎通科技,2025-10-09 13:34:40,94.2,6002,94.2,U
sh688668,鼎通科技,2025-10-09 13:35:55,94.39,2838,94.42,E
sh688668,鼎通科技,2025-10-09 13:35:58,94.33,5413,94.39,D
sh688668,鼎通科技,2025-10-09 13:36:19,94.41,4772,94.4,U
sh688668,鼎通科技,2025-10-09 13:37:10,94.44,2429,94.37,U
sh688668,鼎通科技,2025-10-09 13:39:19,94.29,5874,94.31,D
sh688668,鼎通科技,2025-10-09 13:39:22,94.2,2179,94.29,D
sh688668,鼎通科技,2025-10-09 13:39:43,94.28,2660,94.22,U
sh688668,鼎通科技,2025-10-09 13:40:07,94.21,2433,94.21,D
sh688668,鼎通科技,2025-10-09 13:41:55,94.26,4900,94.24,E
sh688668,鼎通科技,2025-10-09 13:42:01,94.15,10376,94.24,D
sh688668,鼎通科技,2025-10-09 13:42:04,94.18,3605,94.15,U
sh688668,鼎通科技,2025-10-09 13:44:10,94.2,4164,94.22,D
sh688668,鼎通科技,2025-10-09 13:44:13,94.21,4200,94.2,E
sh688668,鼎通科技,2025-10-09 13:45:01,94.15,4655,94.16,D
sh688668,鼎通科技,2025-10-09 13:45:07,94.06,21182,94.15,D
sh688668,鼎通科技,2025-10-09 13:45:16,94.12,5000,94.05,U
sh688668,鼎通科技,2025-10-09 13:45:55,94.01,7600,94.04,D
sh688668,鼎通科技,2025-10-09 13:46:01,94.01,4579,94.0,U
sh688668,鼎通科技,2025-10-09 13:46:22,94.01,2160,94.01,D
sh688668,鼎通科技,2025-10-09 13:46:28,94.08,3017,94.0,U
sh688668,鼎通科技,2025-10-09 13:48:01,94.07,4720,94.01,U
sh688668,鼎通科技,2025-10-09 13:48:13,93.97,8469,94.02,D
sh688668,鼎通科技,2025-10-09 13:49:01,93.88,7724,93.87,U
sh688668,鼎通科技,2025-10-09 13:49:10,93.87,2592,93.88,E
sh688668,鼎通科技,2025-10-09 13:49:46,93.88,2200,93.83,U
sh688668,鼎通科技,2025-10-09 13:50:01,93.83,5542,93.88,D
sh688668,鼎通科技,2025-10-09 13:51:37,93.95,2830,93.94,U
sh688668,鼎通科技,2025-10-09 13:51:46,93.99,5600,93.99,U
sh688668,鼎通科技,2025-10-09 13:53:04,93.95,2646,93.99,D
sh688668,鼎通科技,2025-10-09 13:54:07,93.92,7139,93.92,U
sh688668,鼎通科技,2025-10-09 13:54:10,93.91,3993,93.92,D
sh688668,鼎通科技,2025-10-09 13:54:22,93.91,2974,93.91,U
sh688668,鼎通科技,2025-10-09 13:54:25,93.91,4065,93.91,U
sh688668,鼎通科技,2025-10-09 13:54:49,93.9,2982,93.91,D
sh688668,鼎通科技,2025-10-09 13:55:07,93.9,11000,93.89,U
sh688668,鼎通科技,2025-10-09 13:55:52,93.99,5461,93.83,U
sh688668,鼎通科技,2025-10-09 13:56:13,93.91,6955,93.86,U
sh688668,鼎通科技,2025-10-09 13:57:34,93.89,5784,93.89,U
sh688668,鼎通科技,2025-10-09 13:58:34,93.9,3335,93.88,U
sh688668,鼎通科技,2025-10-09 13:59:01,94.0,2653,93.99,U
sh688668,鼎通科技,2025-10-09 13:59:10,94.0,7210,93.99,U
sh688668,鼎通科技,2025-10-09 13:59:16,94.05,3238,94.0,U
sh688668,鼎通科技,2025-10-09 13:59:40,93.99,5000,94.1,D
sh688668,鼎通科技,2025-10-09 13:59:49,94.16,17244,94.1,U
sh688668,鼎通科技,2025-10-09 14:02:34,94.16,2815,94.17,D
sh688668,鼎通科技,2025-10-09 14:03:16,94.18,2604,94.14,U
sh688668,鼎通科技,2025-10-09 14:03:46,94.19,16200,94.08,U
sh688668,鼎通科技,2025-10-09 14:05:22,94.28,4103,94.24,U
sh688668,鼎通科技,2025-10-09 14:06:16,94.27,3488,94.3,D
sh688668,鼎通科技,2025-10-09 14:07:04,94.24,4863,94.24,D
sh688668,鼎通科技,2025-10-09 14:10:10,94.08,3939,94.09,D
sh688668,鼎通科技,2025-10-09 14:11:25,94.1,2361,94.1,U
sh688668,鼎通科技,2025-10-09 14:11:28,94.08,5400,94.1,D
sh688668,鼎通科技,2025-10-09 14:12:07,94.02,10052,94.11,D
sh688668,鼎通科技,2025-10-09 14:12:10,94.06,2900,94.02,U
sh688668,鼎通科技,2025-10-09 14:12:19,94.09,3221,94.08,U
sh688668,鼎通科技,2025-10-09 14:13:13,94.0,4805,94.08,D
sh688668,鼎通科技,2025-10-09 14:14:34,94.0,22104,94.0,U
sh688668,鼎通科技,2025-10-09 14:14:37,94.0,5292,94.0,U
sh688668,鼎通科技,2025-10-09 14:14:40,94.0,2464,94.0,U
sh688668,鼎通科技,2025-10-09 14:14:46,93.99,11150,94.0,D
sh688668,鼎通科技,2025-10-09 14:15:19,94.08,41436,94.0,U
sh688668,鼎通科技,2025-10-09 14:15:22,94.0,6343,94.08,D
sh688668,鼎通科技,2025-10-09 14:15:49,94.05,6100,94.05,U
sh688668,鼎通科技,2025-10-09 14:16:01,94.05,3263,94.05,U
sh688668,鼎通科技,2025-10-09 14:16:28,94.05,4526,94.03,U
sh688668,鼎通科技,2025-10-09 14:16:49,94.05,2287,94.05,U
sh688668,鼎通科技,2025-10-09 14:16:52,94.05,4455,94.05,U
sh688668,鼎通科技,2025-10-09 14:16:55,94.05,57282,94.05,U
sh688668,鼎通科技,2025-10-09 14:17:04,94.25,4300,94.2,U
sh688668,鼎通科技,2025-10-09 14:17:34,94.13,2487,94.14,D
sh688668,鼎通科技,2025-10-09 14:18:01,94.09,3823,94.13,D
sh688668,鼎通科技,2025-10-09 14:18:13,94.06,2714,94.06,U
sh688668,鼎通科技,2025-10-09 14:18:22,93.99,3885,94.04,D
sh688668,鼎通科技,2025-10-09 14:18:28,94.0,4358,93.99,U
sh688668,鼎通科技,2025-10-09 14:18:31,94.0,9843,94.0,U
sh688668,鼎通科技,2025-10-09 14:18:34,94.0,3579,94.0,U
sh688668,鼎通科技,2025-10-09 14:18:37,94.0,3633,94.0,U
sh688668,鼎通科技,2025-10-09 14:20:10,93.95,4936,93.98,D
sh688668,鼎通科技,2025-10-09 14:20:31,93.88,3733,93.93,D
sh688668,鼎通科技,2025-10-09 14:22:07,93.87,2881,93.9,D
sh688668,鼎通科技,2025-10-09 14:22:13,93.78,12479,93.84,D
sh688668,鼎通科技,2025-10-09 14:22:22,93.75,5076,93.8,D
sh688668,鼎通科技,2025-10-09 14:24:04,93.67,26068,93.78,D
sh688668,鼎通科技,2025-10-09 14:24:46,93.7,3807,93.7,U
sh688668,鼎通科技,2025-10-09 14:24:52,93.7,28704,93.7,U
sh688668,鼎通科技,2025-10-09 14:25:25,93.87,10600,93.84,U
sh688668,鼎通科技,2025-10-09 14:25:40,93.79,3333,93.87,D
sh688668,鼎通科技,2025-10-09 14:26:10,93.7,3812,93.77,D
sh688668,鼎通科技,2025-10-09 14:26:13,93.7,2366,93.7,U
sh688668,鼎通科技,2025-10-09 14:27:01,93.6,19806,93.66,D
sh688668,鼎通科技,2025-10-09 14:27:07,93.61,6470,93.61,U
sh688668,鼎通科技,2025-10-09 14:27:10,93.61,3836,93.61,U
sh688668,鼎通科技,2025-10-09 14:27:25,93.6,4289,93.6,D
sh688668,鼎通科技,2025-10-09 14:27:34,93.62,2600,93.6,D
sh688668,鼎通科技,2025-10-09 14:27:58,93.6,2805,93.61,D
sh688668,鼎通科技,2025-10-09 14:28:22,93.6,2953,93.6,U
sh688668,鼎通科技,2025-10-09 14:28:25,93.6,2211,93.6,U
sh688668,鼎通科技,2025-10-09 14:28:37,93.59,5685,93.61,D
sh688668,鼎通科技,2025-10-09 14:28:43,93.58,2566,93.59,D
sh688668,鼎通科技,2025-10-09 14:28:52,93.56,9085,93.58,D
sh688668,鼎通科技,2025-10-09 14:29:43,93.59,2977,93.59,U
sh688668,鼎通科技,2025-10-09 14:29:49,93.54,22602,93.59,D
sh688668,鼎通科技,2025-10-09 14:30:04,93.62,6674,93.61,U
sh688668,鼎通科技,2025-10-09 14:30:13,93.7,7958,93.78,D
sh688668,鼎通科技,2025-10-09 14:32:16,93.76,2469,93.77,D
sh688668,鼎通科技,2025-10-09 14:33:13,93.92,2675,93.94,U
sh688668,鼎通科技,2025-10-09 14:34:13,93.75,4648,93.77,D
sh688668,鼎通科技,2025-10-09 14:36:19,93.71,4110,93.78,D
sh688668,鼎通科技,2025-10-09 14:36:52,93.77,12960,93.71,U
sh688668,鼎通科技,2025-10-09 14:37:19,93.8,2738,93.8,D
sh688668,鼎通科技,2025-10-09 14:40:01,93.69,2880,93.73,D
sh688668,鼎通科技,2025-10-09 14:40:19,93.62,2200,93.65,D
sh688668,鼎通科技,2025-10-09 14:42:07,93.62,5800,93.62,D
sh688668,鼎通科技,2025-10-09 14:42:10,93.61,2202,93.62,D
sh688668,鼎通科技,2025-10-09 14:42:40,93.64,2472,93.64,U
sh688668,鼎通科技,2025-10-09 14:45:01,93.67,2679,93.67,D
sh688668,鼎通科技,2025-10-09 14:45:19,93.67,2182,93.67,U
sh688668,鼎通科技,2025-10-09 14:45:25,93.72,2978,93.69,U
sh688668,鼎通科技,2025-10-09 14:45:31,93.71,5200,93.72,D
sh688668,鼎通科技,2025-10-09 14:47:07,93.71,5885,93.71,U
sh688668,鼎通科技,2025-10-09 14:48:55,93.76,2474,93.73,U
sh688668,鼎通科技,2025-10-09 14:49:10,93.69,3278,93.73,D
sh688668,鼎通科技,2025-10-09 14:49:13,93.67,4333,93.69,D
sh688668,鼎通科技,2025-10-09 14:49:19,93.66,6775,93.67,D
sh688668,鼎通科技,2025-10-09 14:50:01,93.7,3593,93.7,U
sh688668,鼎通科技,2025-10-09 14:50:04,93.7,6262,93.7,U
sh688668,鼎通科技,2025-10-09 14:50:19,93.66,4913,93.7,D
sh688668,鼎通科技,2025-10-09 14:50:55,93.61,3054,93.62,D
sh688668,鼎通科技,2025-10-09 14:51:01,93.6,4161,93.63,D
sh688668,鼎通科技,2025-10-09 14:51:04,93.64,18569,93.6,U
sh688668,鼎通科技,2025-10-09 14:51:58,93.62,5000,93.61,U
sh688668,鼎通科技,2025-10-09 14:52:01,93.63,4590,93.62,U
sh688668,鼎通科技,2025-10-09 14:52:07,93.6,2669,93.62,D
sh688668,鼎通科技,2025-10-09 14:52:16,93.56,4365,93.6,D
sh688668,鼎通科技,2025-10-09 14:52:25,93.6,3865,93.55,U
sh688668,鼎通科技,2025-10-09 14:52:34,93.6,6677,93.6,U
sh688668,鼎通科技,2025-10-09 14:52:37,93.61,2241,93.6,E
sh688668,鼎通科技,2025-10-09 14:52:52,93.68,2566,93.6,U
sh688668,鼎通科技,2025-10-09 14:53:07,93.67,4836,93.7,D
sh688668,鼎通科技,2025-10-09 14:53:40,93.56,10445,93.64,D
sh688668,鼎通科技,2025-10-09 14:54:07,93.62,6405,93.65,D
sh688668,鼎通科技,2025-10-09 14:54:16,93.66,2604,93.62,U
sh688668,鼎通科技,2025-10-09 14:54:25,93.68,9870,93.62,U
sh688668,鼎通科技,2025-10-09 14:54:31,93.62,3200,93.67,D
sh688668,鼎通科技,2025-10-09 14:55:16,93.61,4251,93.61,D
sh688668,鼎通科技,2025-10-09 14:55:22,93.61,4178,93.62,E
sh688668,鼎通科技,2025-10-09 14:55:49,93.58,2763,93.6,E
sh688668,鼎通科技,2025-10-09 14:55:58,93.55,5000,93.56,D
sh688668,鼎通科技,2025-10-09 14:56:01,93.58,8447,93.55,U
sh688668,鼎通科技,2025-10-09 14:56:04,93.55,2377,93.58,E
sh688668,鼎通科技,2025-10-09 14:56:10,93.6,4172,93.6,U
sh688668,鼎通科技,2025-10-09 14:56:49,93.74,2700,93.69,U
sh688668,鼎通科技,2025-10-09 15:00:01,93.69,38489,93.75,D
