symbol,name,ticktime,price,volume,prev_price,kind
sh688668,鼎通科技,2025-10-30 09:25:01,101.22,76697,0.0,U
sh688668,鼎通科技,2025-10-30 09:30:02,101.94,12334,101.22,U
sh688668,鼎通科技,2025-10-30 09:30:05,101.94,9004,101.94,D
sh688668,鼎通科技,2025-10-30 09:30:08,101.94,5183,101.94,D
sh688668,鼎通科技,2025-10-30 09:30:11,102.0,13032,101.94,U
sh688668,鼎通科技,2025-10-30 09:30:14,102.0,5065,102.0,D
sh688668,鼎通科技,2025-10-30 09:30:17,101.25,54571,102.0,D
sh688668,鼎通科技,2025-10-30 09:30:20,101.99,6637,101.25,U
sh688668,鼎通科技,2025-10-30 09:30:23,102.22,10518,101.99,U
sh688668,鼎通科技,2025-10-30 09:30:26,102.0,11606,102.22,D
sh688668,鼎通科技,2025-10-30 09:30:29,101.78,12985,102.0,D
sh688668,鼎通科技,2025-10-30 09:30:32,101.96,9675,101.78,U
sh688668,鼎通科技,2025-10-30 09:30:35,101.98,12247,101.96,U
sh688668,鼎通科技,2025-10-30 09:30:39,101.28,17824,101.98,D
sh688668,鼎通科技,2025-10-30 09:30:41,101.62,13967,101.28,U
sh688668,鼎通科技,2025-10-30 09:30:44,101.6,11999,101.62,E
sh688668,鼎通科技,2025-10-30 09:30:47,101.94,16103,101.6,U
sh688668,鼎通科技,2025-10-30 09:30:50,101.28,18813,101.94,D
sh688668,鼎通科技,2025-10-30 09:30:53,101.92,8515,101.28,U
sh688668,鼎通科技,2025-10-30 09:30:56,101.28,13300,101.92,D
sh688668,鼎通科技,2025-10-30 09:30:59,101.64,5719,101.28,E
sh688668,鼎通科技,2025-10-30 09:31:02,101.92,8016,101.64,U
sh688668,鼎通科技,2025-10-30 09:31:05,101.69,11144,101.92,D
sh688668,鼎通科技,2025-10-30 09:31:08,101.94,9225,101.69,U
sh688668,鼎通科技,2025-10-30 09:31:11,101.65,4621,101.94,D
sh688668,鼎通科技,2025-10-30 09:31:14,101.65,6866,101.65,D
sh688668,鼎通科技,2025-10-30 09:31:17,101.29,11501,101.65,D
sh688668,鼎通科技,2025-10-30 09:31:20,101.65,5600,101.29,E
sh688668,鼎通科技,2025-10-30 09:31:23,101.02,34579,101.65,D
sh688668,鼎通科技,2025-10-30 09:31:27,101.01,7440,101.02,D
sh688668,鼎通科技,2025-10-30 09:31:30,101.02,10519,101.01,E
sh688668,鼎通科技,2025-10-30 09:31:32,101.0,12696,101.02,D
sh688668,鼎通科技,2025-10-30 09:31:35,101.02,25872,101.0,U
sh688668,鼎通科技,2025-10-30 09:31:38,101.01,10809,101.02,E
sh688668,鼎通科技,2025-10-30 09:31:41,100.8,33997,101.01,D
sh688668,鼎通科技,2025-10-30 09:31:44,100.8,4354,100.8,U
sh688668,鼎通科技,2025-10-30 09:31:47,100.67,11199,100.8,D
sh688668,鼎通科技,2025-10-30 09:31:50,100.8,8209,100.67,U
sh688668,鼎通科技,2025-10-30 09:31:54,100.61,38340,100.8,D
sh688668,鼎通科技,2025-10-30 09:31:56,100.58,15220,100.61,D
sh688668,鼎通科技,2025-10-30 09:32:00,100.54,5817,100.58,D
sh688668,鼎通科技,2025-10-30 09:32:02,100.6,5525,100.54,U
sh688668,鼎通科技,2025-10-30 09:32:05,100.66,10007,100.6,U
sh688668,鼎通科技,2025-10-30 09:32:08,100.57,5100,100.66,U
sh688668,鼎通科技,2025-10-30 09:32:11,100.54,3389,100.57,E
sh688668,鼎通科技,2025-10-30 09:32:14,100.6,7721,100.54,U
sh688668,鼎通科技,2025-10-30 09:32:18,100.66,10899,100.6,U
sh688668,鼎通科技,2025-10-30 09:32:20,100.58,10855,100.66,E
sh688668,鼎通科技,2025-10-30 09:32:23,100.57,4275,100.58,D
sh688668,鼎通科技,2025-10-30 09:32:26,100.6,31782,100.57,U
sh688668,鼎通科技,2025-10-30 09:32:29,100.66,10753,100.6,U
sh688668,鼎通科技,2025-10-30 09:32:32,100.6,2078,100.66,D
sh688668,鼎通科技,2025-10-30 09:32:35,100.66,8648,100.6,U
sh688668,鼎通科技,2025-10-30 09:32:38,100.8,3952,100.66,U
sh688668,鼎通科技,2025-10-30 09:32:44,100.99,2142,100.8,E
sh688668,鼎通科技,2025-10-30 09:32:47,100.66,10370,100.99,D
sh688668,鼎通科技,2025-10-30 09:32:53,101.47,2701,100.99,U
sh688668,鼎通科技,2025-10-30 09:32:57,101.47,13585,101.47,U
sh688668,鼎通科技,2025-10-30 09:32:59,101.29,8321,101.47,D
sh688668,鼎通科技,2025-10-30 09:33:02,101.0,7652,101.29,D
sh688668,鼎通科技,2025-10-30 09:33:08,100.63,3243,100.99,D
sh688668,鼎通科技,2025-10-30 09:33:11,100.61,27892,100.63,D
sh688668,鼎通科技,2025-10-30 09:33:14,100.5,13291,100.61,D
sh688668,鼎通科技,2025-10-30 09:33:17,100.48,68903,100.5,D
sh688668,鼎通科技,2025-10-30 09:33:20,100.37,12050,100.48,D
sh688668,鼎通科技,2025-10-30 09:33:23,100.31,2515,100.37,D
sh688668,鼎通科技,2025-10-30 09:33:26,100.3,5605,100.31,D
sh688668,鼎通科技,2025-10-30 09:33:30,100.18,14613,100.3,D
sh688668,鼎通科技,2025-10-30 09:33:32,100.3,13194,100.18,U
sh688668,鼎通科技,2025-10-30 09:33:35,100.3,3633,100.3,D
sh688668,鼎通科技,2025-10-30 09:33:38,100.35,3891,100.3,U
sh688668,鼎通科技,2025-10-30 09:33:41,100.34,3000,100.35,U
sh688668,鼎通科技,2025-10-30 09:33:44,100.34,14549,100.34,U
sh688668,鼎通科技,2025-10-30 09:33:47,100.34,4483,100.34,U
sh688668,鼎通科技,2025-10-30 09:33:53,100.34,7089,100.34,U
sh688668,鼎通科技,2025-10-30 09:33:59,100.31,5152,100.35,D
sh688668,鼎通科技,2025-10-30 09:34:02,100.05,27745,100.31,D
sh688668,鼎通科技,2025-10-30 09:34:05,99.96,79678,100.05,D
sh688668,鼎通科技,2025-10-30 09:34:08,99.9,15100,99.96,D
sh688668,鼎通科技,2025-10-30 09:34:11,99.96,15826,99.9,E
sh688668,鼎通科技,2025-10-30 09:34:14,99.97,2118,99.96,E
sh688668,鼎通科技,2025-10-30 09:34:20,99.96,6819,100.0,D
sh688668,鼎通科技,2025-10-30 09:34:24,100.21,8263,99.96,U
sh688668,鼎通科技,2025-10-30 09:34:26,100.31,4794,100.21,U
sh688668,鼎通科技,2025-10-30 09:34:32,100.31,8593,100.01,U
sh688668,鼎通科技,2025-10-30 09:34:35,99.96,16920,100.31,D
sh688668,鼎通科技,2025-10-30 09:34:41,100.49,2200,100.22,U
sh688668,鼎通科技,2025-10-30 09:34:44,99.98,19411,100.49,D
sh688668,鼎通科技,2025-10-30 09:34:47,100.49,3057,99.98,U
sh688668,鼎通科技,2025-10-30 09:34:57,100.25,15496,100.5,D
sh688668,鼎通科技,2025-10-30 09:35:02,100.5,5103,100.5,D
sh688668,鼎通科技,2025-10-30 09:35:05,100.6,6240,100.5,U
sh688668,鼎通科技,2025-10-30 09:35:08,100.93,18800,100.6,E
sh688668,鼎通科技,2025-10-30 09:35:17,101.0,3013,100.62,U
sh688668,鼎通科技,2025-10-30 09:35:29,100.22,32392,100.91,D
sh688668,鼎通科技,2025-10-30 09:35:32,100.91,11445,100.22,U
sh688668,鼎通科技,2025-10-30 09:35:41,100.91,2200,100.91,U
sh688668,鼎通科技,2025-10-30 09:35:44,100.91,4403,100.91,U
sh688668,鼎通科技,2025-10-30 09:35:48,100.81,5544,100.91,E
sh688668,鼎通科技,2025-10-30 09:35:50,100.67,7937,100.81,D
sh688668,鼎通科技,2025-10-30 09:35:53,100.67,2326,100.67,D
sh688668,鼎通科技,2025-10-30 09:35:56,100.88,10466,100.67,U
sh688668,鼎通科技,2025-10-30 09:35:59,100.93,2688,100.88,U
sh688668,鼎通科技,2025-10-30 09:36:02,101.02,4090,100.93,U
sh688668,鼎通科技,2025-10-30 09:36:20,101.21,6200,101.29,D
sh688668,鼎通科技,2025-10-30 09:36:23,101.21,10838,101.21,U
sh688668,鼎通科技,2025-10-30 09:36:29,100.85,13580,101.14,D
sh688668,鼎通科技,2025-10-30 09:36:32,100.7,15053,100.85,D
sh688668,鼎通科技,2025-10-30 09:36:41,100.62,5545,101.0,D
sh688668,鼎通科技,2025-10-30 09:36:44,101.49,8395,100.62,U
sh688668,鼎通科技,2025-10-30 09:36:50,101.17,2027,101.49,D
sh688668,鼎通科技,2025-10-30 09:36:59,101.5,2100,101.34,U
sh688668,鼎通科技,2025-10-30 09:37:02,101.24,3081,101.5,D
sh688668,鼎通科技,2025-10-30 09:37:11,101.48,5075,101.56,D
sh688668,鼎通科技,2025-10-30 09:37:14,101.22,3794,101.48,D
sh688668,鼎通科技,2025-10-30 09:37:17,101.22,4750,101.22,U
sh688668,鼎通科技,2025-10-30 09:37:20,101.27,3200,101.22,E
sh688668,鼎通科技,2025-10-30 09:37:23,101.22,2566,101.27,D
sh688668,鼎通科技,2025-10-30 09:37:38,101.48,4193,101.48,U
sh688668,鼎通科技,2025-10-30 09:37:41,101.5,6277,101.48,U
sh688668,鼎通科技,2025-10-30 09:37:44,101.48,2738,101.5,U
sh688668,鼎通科技,2025-10-30 09:37:50,101.48,2000,101.5,D
sh688668,鼎通科技,2025-10-30 09:37:57,101.48,4805,101.5,D
sh688668,鼎通科技,2025-10-30 09:38:08,101.48,4427,101.48,D
sh688668,鼎通科技,2025-10-30 09:38:11,101.68,5733,101.48,U
sh688668,鼎通科技,2025-10-30 09:38:14,101.48,7032,101.68,D
sh688668,鼎通科技,2025-10-30 09:38:17,101.78,12530,101.48,U
sh688668,鼎通科技,2025-10-30 09:38:20,101.87,7648,101.78,U
sh688668,鼎通科技,2025-10-30 09:38:26,101.78,3100,101.51,E
sh688668,鼎通科技,2025-10-30 09:38:29,101.68,4100,101.78,E
sh688668,鼎通科技,2025-10-30 09:38:32,101.86,5300,101.68,D
sh688668,鼎通科技,2025-10-30 09:38:36,101.8,2186,101.86,U
sh688668,鼎通科技,2025-10-30 09:38:42,101.88,6078,101.8,U
sh688668,鼎通科技,2025-10-30 09:38:47,101.99,8357,101.61,U
sh688668,鼎通科技,2025-10-30 09:38:53,102.0,13086,101.68,U
sh688668,鼎通科技,2025-10-30 09:38:59,102.0,9776,101.77,U
sh688668,鼎通科技,2025-10-30 09:39:02,101.95,8486,102.0,D
sh688668,鼎通科技,2025-10-30 09:39:05,101.96,2735,101.95,E
sh688668,鼎通科技,2025-10-30 09:39:08,102.02,22569,101.96,U
sh688668,鼎通科技,2025-10-30 09:39:11,102.1,2000,102.02,U
sh688668,鼎通科技,2025-10-30 09:39:26,101.84,15224,102.12,D
sh688668,鼎通科技,2025-10-30 09:39:29,101.99,4964,101.84,U
sh688668,鼎通科技,2025-10-30 09:39:33,101.59,20909,101.99,D
sh688668,鼎通科技,2025-10-30 09:39:35,101.59,6643,101.59,D
sh688668,鼎通科技,2025-10-30 09:39:38,101.77,3495,101.59,U
sh688668,鼎通科技,2025-10-30 09:39:41,101.73,3656,101.77,E
sh688668,鼎通科技,2025-10-30 09:39:54,101.47,2073,101.04,U
sh688668,鼎通科技,2025-10-30 09:39:59,101.06,3801,101.47,E
sh688668,鼎通科技,2025-10-30 09:40:02,101.4,21862,101.06,E
sh688668,鼎通科技,2025-10-30 09:40:29,100.82,2419,100.81,D
sh688668,鼎通科技,2025-10-30 09:40:38,100.82,5815,100.82,D
sh688668,鼎通科技,2025-10-30 09:40:41,100.82,3699,100.82,U
sh688668,鼎通科技,2025-10-30 09:40:56,100.8,11405,101.1,D
sh688668,鼎通科技,2025-10-30 09:40:59,100.9,18956,100.8,D
sh688668,鼎通科技,2025-10-30 09:41:06,100.82,3704,100.9,D
sh688668,鼎通科技,2025-10-30 09:41:08,100.82,7930,100.82,U
sh688668,鼎通科技,2025-10-30 09:41:11,100.82,10400,100.82,U
sh688668,鼎通科技,2025-10-30 09:41:23,100.38,40753,100.66,D
sh688668,鼎通科技,2025-10-30 09:41:26,100.38,9200,100.38,D
sh688668,鼎通科技,2025-10-30 09:41:35,100.39,9018,100.38,U
sh688668,鼎通科技,2025-10-30 09:41:42,100.38,4318,100.4,D
sh688668,鼎通科技,2025-10-30 09:41:48,100.18,15285,100.38,D
sh688668,鼎通科技,2025-10-30 09:41:50,100.18,17217,100.18,D
sh688668,鼎通科技,2025-10-30 09:41:53,100.06,5180,100.18,D
sh688668,鼎通科技,2025-10-30 09:41:59,100.06,2329,100.11,D
sh688668,鼎通科技,2025-10-30 09:42:05,100.21,7252,100.06,U
sh688668,鼎通科技,2025-10-30 09:42:08,100.05,7261,100.21,D
sh688668,鼎通科技,2025-10-30 09:42:11,100.09,3038,100.05,D
sh688668,鼎通科技,2025-10-30 09:42:17,100.1,2992,100.09,D
sh688668,鼎通科技,2025-10-30 09:42:20,100.11,2268,100.1,E
sh688668,鼎通科技,2025-10-30 09:42:29,100.11,4000,100.11,D
sh688668,鼎通科技,2025-10-30 09:42:32,100.11,2751,100.11,D
sh688668,鼎通科技,2025-10-30 09:42:38,100.02,18531,100.16,D
sh688668,鼎通科技,2025-10-30 09:42:41,100.02,82032,100.02,D
sh688668,鼎通科技,2025-10-30 09:42:44,100.16,22420,100.02,U
sh688668,鼎通科技,2025-10-30 09:42:47,100.02,7364,100.16,D
sh688668,鼎通科技,2025-10-30 09:42:51,100.16,3865,100.02,U
sh688668,鼎通科技,2025-10-30 09:43:02,99.95,65367,100.11,D
sh688668,鼎通科技,2025-10-30 09:43:05,99.77,45603,99.95,D
sh688668,鼎通科技,2025-10-30 09:43:08,99.69,15901,99.77,D
sh688668,鼎通科技,2025-10-30 09:43:11,99.66,20060,99.69,D
sh688668,鼎通科技,2025-10-30 09:43:15,99.66,15192,99.66,U
sh688668,鼎通科技,2025-10-30 09:43:18,99.66,4670,99.66,D
sh688668,鼎通科技,2025-10-30 09:43:20,99.63,2400,99.66,E
sh688668,鼎通科技,2025-10-30 09:43:26,99.2,10995,99.2,D
sh688668,鼎通科技,2025-10-30 09:43:29,99.2,25829,99.2,D
sh688668,鼎通科技,2025-10-30 09:43:32,99.15,37211,99.2,D
sh688668,鼎通科技,2025-10-30 09:43:35,99.2,6863,99.15,E
sh688668,鼎通科技,2025-10-30 09:43:41,99.5,9543,99.2,U
sh688668,鼎通科技,2025-10-30 09:43:44,99.15,6263,99.5,D
sh688668,鼎通科技,2025-10-30 09:43:47,99.15,3249,99.15,U
sh688668,鼎通科技,2025-10-30 09:43:50,99.05,3313,99.15,D
sh688668,鼎通科技,2025-10-30 09:43:54,99.15,12213,99.05,U
sh688668,鼎通科技,2025-10-30 09:43:56,99.15,2254,99.15,U
sh688668,鼎通科技,2025-10-30 09:43:59,99.1,5350,99.15,D
sh688668,鼎通科技,2025-10-30 09:44:02,99.15,2222,99.1,U
sh688668,鼎通科技,2025-10-30 09:44:08,99.15,4036,99.15,D
sh688668,鼎通科技,2025-10-30 09:44:11,99.39,2600,99.15,U
sh688668,鼎通科技,2025-10-30 09:44:20,99.26,2844,99.39,D
sh688668,鼎通科技,2025-10-30 09:44:26,99.26,2216,99.39,D
sh688668,鼎通科技,2025-10-30 09:44:32,99.32,5763,99.4,D
sh688668,鼎通科技,2025-10-30 09:44:35,99.31,6900,99.32,D
sh688668,鼎通科技,2025-10-30 09:44:38,99.32,2300,99.31,U
sh688668,鼎通科技,2025-10-30 09:44:41,99.31,2179,99.32,D
sh688668,鼎通科技,2025-10-30 09:44:44,99.28,8052,99.31,D
sh688668,鼎通科技,2025-10-30 09:44:48,99.31,2883,99.28,E
sh688668,鼎通科技,2025-10-30 09:44:50,99.31,2357,99.31,D
sh688668,鼎通科技,2025-10-30 09:44:53,99.27,7350,99.31,D
sh688668,鼎通科技,2025-10-30 09:44:56,99.16,35829,99.27,D
sh688668,鼎通科技,2025-10-30 09:44:59,98.98,107405,99.16,D
sh688668,鼎通科技,2025-10-30 09:45:02,98.7,31390,98.98,D
sh688668,鼎通科技,2025-10-30 09:45:05,98.5,30280,98.7,D
sh688668,鼎通科技,2025-10-30 09:45:08,98.21,5001,98.5,D
sh688668,鼎通科技,2025-10-30 09:45:11,97.6,58431,98.21,D
sh688668,鼎通科技,2025-10-30 09:45:14,97.41,47842,97.6,D
sh688668,鼎通科技,2025-10-30 09:45:17,97.07,39187,97.41,D
sh688668,鼎通科技,2025-10-30 09:45:20,96.0,16021,97.07,D
sh688668,鼎通科技,2025-10-30 09:45:23,96.98,14626,96.0,U
sh688668,鼎通科技,2025-10-30 09:45:26,96.0,15460,96.98,D
sh688668,鼎通科技,2025-10-30 09:45:29,96.0,32260,96.0,D
sh688668,鼎通科技,2025-10-30 09:45:32,96.91,21834,96.0,E
sh688668,鼎通科技,2025-10-30 09:45:35,96.9,11398,96.91,E
sh688668,鼎通科技,2025-10-30 09:45:39,96.68,13772,96.9,E
sh688668,鼎通科技,2025-10-30 09:45:41,97.03,12129,96.68,U
sh688668,鼎通科技,2025-10-30 09:45:44,96.5,16100,97.03,D
sh688668,鼎通科技,2025-10-30 09:45:47,97.27,5440,96.5,U
sh688668,鼎通科技,2025-10-30 09:45:50,96.98,3264,97.27,D
sh688668,鼎通科技,2025-10-30 09:45:53,97.0,7490,96.98,E
sh688668,鼎通科技,2025-10-30 09:45:56,97.25,6535,97.0,U
sh688668,鼎通科技,2025-10-30 09:45:59,97.0,13986,97.25,D
sh688668,鼎通科技,2025-10-30 09:46:02,97.03,5579,97.0,E
sh688668,鼎通科技,2025-10-30 09:46:05,97.01,9094,97.03,D
sh688668,鼎通科技,2025-10-30 09:46:09,97.03,11519,97.01,U
sh688668,鼎通科技,2025-10-30 09:46:11,97.03,10931,97.03,U
sh688668,鼎通科技,2025-10-30 09:46:14,97.01,21354,97.03,D
sh688668,鼎通科技,2025-10-30 09:46:17,97.0,24086,97.01,D
sh688668,鼎通科技,2025-10-30 09:46:20,96.7,20371,97.0,D
sh688668,鼎通科技,2025-10-30 09:46:24,96.5,13883,96.7,D
sh688668,鼎通科技,2025-10-30 09:46:26,96.68,2800,96.5,E
sh688668,鼎通科技,2025-10-30 09:46:29,96.39,5611,96.68,D
sh688668,鼎通科技,2025-10-30 09:46:32,96.28,20579,96.39,E
sh688668,鼎通科技,2025-10-30 09:46:35,96.7,6143,96.28,E
sh688668,鼎通科技,2025-10-30 09:46:38,96.69,3551,96.7,D
sh688668,鼎通科技,2025-10-30 09:46:41,96.7,18385,96.69,E
sh688668,鼎通科技,2025-10-30 09:46:44,96.7,9808,96.7,U
sh688668,鼎通科技,2025-10-30 09:46:47,96.7,3412,96.7,U
sh688668,鼎通科技,2025-10-30 09:46:51,96.7,5248,96.7,U
sh688668,鼎通科技,2025-10-30 09:46:56,96.7,6684,96.77,D
sh688668,鼎通科技,2025-10-30 09:46:59,96.7,12128,96.7,D
sh688668,鼎通科技,2025-10-30 09:47:05,96.77,6792,96.76,D
sh688668,鼎通科技,2025-10-30 09:47:08,96.62,16556,96.77,D
sh688668,鼎通科技,2025-10-30 09:47:11,96.6,15956,96.62,D
sh688668,鼎通科技,2025-10-30 09:47:14,96.5,23115,96.6,D
sh688668,鼎通科技,2025-10-30 09:47:18,96.32,8114,96.5,D
sh688668,鼎通科技,2025-10-30 09:47:20,96.28,23491,96.32,D
sh688668,鼎通科技,2025-10-30 09:47:24,96.2,11471,96.28,D
sh688668,鼎通科技,2025-10-30 09:47:26,96.2,10766,96.2,D
sh688668,鼎通科技,2025-10-30 09:47:30,96.2,8237,96.2,D
sh688668,鼎通科技,2025-10-30 09:47:32,96.35,19680,96.2,U
sh688668,鼎通科技,2025-10-30 09:47:35,96.55,12983,96.35,U
sh688668,鼎通科技,2025-10-30 09:47:38,96.5,7466,96.55,D
sh688668,鼎通科技,2025-10-30 09:47:44,96.5,2952,96.5,U
sh688668,鼎通科技,2025-10-30 09:47:47,96.5,3045,96.5,U
sh688668,鼎通科技,2025-10-30 09:47:50,96.6,9170,96.5,U
sh688668,鼎通科技,2025-10-30 09:47:53,96.57,20943,96.6,D
sh688668,鼎通科技,2025-10-30 09:47:56,96.5,8839,96.57,D
sh688668,鼎通科技,2025-10-30 09:48:02,96.57,2652,96.5,U
sh688668,鼎通科技,2025-10-30 09:48:05,96.55,5438,96.57,D
sh688668,鼎通科技,2025-10-30 09:48:08,96.5,9690,96.55,D
sh688668,鼎通科技,2025-10-30 09:48:12,96.5,8965,96.5,D
sh688668,鼎通科技,2025-10-30 09:48:14,96.5,5638,96.5,D
sh688668,鼎通科技,2025-10-30 09:48:17,96.55,2854,96.5,E
sh688668,鼎通科技,2025-10-30 09:48:20,96.51,3346,96.55,D
sh688668,鼎通科技,2025-10-30 09:48:26,96.8,4573,96.6,U
sh688668,鼎通科技,2025-10-30 09:48:29,96.6,9628,96.8,D
sh688668,鼎通科技,2025-10-30 09:48:32,96.6,7096,96.6,D
sh688668,鼎通科技,2025-10-30 09:48:36,96.6,10807,96.6,D
sh688668,鼎通科技,2025-10-30 09:48:39,96.6,4835,96.6,D
sh688668,鼎通科技,2025-10-30 09:48:41,96.59,2263,96.6,D
sh688668,鼎通科技,2025-10-30 09:48:44,96.5,20018,96.59,D
sh688668,鼎通科技,2025-10-30 09:48:47,96.5,27864,96.5,D
sh688668,鼎通科技,2025-10-30 09:48:50,96.5,7563,96.5,D
sh688668,鼎通科技,2025-10-30 09:48:53,96.38,10181,96.5,D
sh688668,鼎通科技,2025-10-30 09:48:56,96.51,5879,96.38,U
sh688668,鼎通科技,2025-10-30 09:48:59,96.52,9659,96.51,D
sh688668,鼎通科技,2025-10-30 09:49:02,96.5,2925,96.52,D
sh688668,鼎通科技,2025-10-30 09:49:06,96.5,7261,96.5,U
sh688668,鼎通科技,2025-10-30 09:49:08,96.5,6920,96.5,D
sh688668,鼎通科技,2025-10-30 09:49:11,96.39,7321,96.5,E
sh688668,鼎通科技,2025-10-30 09:49:14,96.39,16463,96.39,D
sh688668,鼎通科技,2025-10-30 09:49:17,96.39,14502,96.39,U
sh688668,鼎通科技,2025-10-30 09:49:20,96.38,7204,96.39,D
sh688668,鼎通科技,2025-10-30 09:49:23,96.33,19883,96.38,D
sh688668,鼎通科技,2025-10-30 09:49:26,96.32,3649,96.33,D
sh688668,鼎通科技,2025-10-30 09:49:29,96.4,4720,96.32,E
sh688668,鼎通科技,2025-10-30 09:49:33,96.32,5833,96.4,D
sh688668,鼎通科技,2025-10-30 09:49:35,96.55,2100,96.32,U
sh688668,鼎通科技,2025-10-30 09:49:47,96.56,8255,96.55,U
sh688668,鼎通科技,2025-10-30 09:49:54,96.56,2400,96.56,D
sh688668,鼎通科技,2025-10-30 09:49:56,96.56,10767,96.56,D
sh688668,鼎通科技,2025-10-30 09:49:59,96.54,2895,96.56,E
sh688668,鼎通科技,2025-10-30 09:50:03,96.5,5441,96.54,E
sh688668,鼎通科技,2025-10-30 09:50:05,96.36,12222,96.5,D
sh688668,鼎通科技,2025-10-30 09:50:08,96.3,22573,96.36,D
sh688668,鼎通科技,2025-10-30 09:50:11,96.28,28568,96.3,D
sh688668,鼎通科技,2025-10-30 09:50:14,96.3,17113,96.28,E
sh688668,鼎通科技,2025-10-30 09:50:17,96.22,33546,96.3,D
sh688668,鼎通科技,2025-10-30 09:50:20,96.56,21270,96.22,U
sh688668,鼎通科技,2025-10-30 09:50:24,96.2,12750,96.56,D
sh688668,鼎通科技,2025-10-30 09:50:26,96.3,2447,96.2,D
sh688668,鼎通科技,2025-10-30 09:50:42,96.55,6623,96.36,U
sh688668,鼎通科技,2025-10-30 09:50:44,96.51,4900,96.55,D
sh688668,鼎通科技,2025-10-30 09:50:53,96.36,3027,96.51,D
sh688668,鼎通科技,2025-10-30 09:50:56,96.38,4408,96.36,D
sh688668,鼎通科技,2025-10-30 09:51:02,96.49,3661,96.37,U
sh688668,鼎通科技,2025-10-30 09:51:08,96.38,5084,96.38,D
sh688668,鼎通科技,2025-10-30 09:51:11,96.37,8325,96.38,D
sh688668,鼎通科技,2025-10-30 09:51:14,96.35,6288,96.37,D
sh688668,鼎通科技,2025-10-30 09:51:17,96.37,9090,96.35,U
sh688668,鼎通科技,2025-10-30 09:51:20,96.37,2496,96.37,U
sh688668,鼎通科技,2025-10-30 09:51:26,96.37,3971,96.37,D
sh688668,鼎通科技,2025-10-30 09:51:35,96.38,5587,96.39,D
sh688668,鼎通科技,2025-10-30 09:51:38,96.55,4076,96.38,U
sh688668,鼎通科技,2025-10-30 09:51:41,96.37,14510,96.55,D
sh688668,鼎通科技,2025-10-30 09:51:44,96.32,16819,96.37,D
sh688668,鼎通科技,2025-10-30 09:51:47,96.31,16631,96.32,D
sh688668,鼎通科技,2025-10-30 09:51:50,96.26,11919,96.31,D
sh688668,鼎通科技,2025-10-30 09:51:53,96.17,28756,96.26,D
sh688668,鼎通科技,2025-10-30 09:51:56,96.15,6737,96.17,D
sh688668,鼎通科技,2025-10-30 09:51:59,96.15,3081,96.15,U
sh688668,鼎通科技,2025-10-30 09:52:03,96.05,18356,96.15,D
sh688668,鼎通科技,2025-10-30 09:52:05,96.03,7004,96.05,D
sh688668,鼎通科技,2025-10-30 09:52:08,96.07,3214,96.03,U
sh688668,鼎通科技,2025-10-30 09:52:11,96.02,4060,96.07,D
sh688668,鼎通科技,2025-10-30 09:52:14,96.01,20982,96.02,D
sh688668,鼎通科技,2025-10-30 09:52:17,96.06,4871,96.01,E
sh688668,鼎通科技,2025-10-30 09:52:23,96.2,19234,96.03,U
sh688668,鼎通科技,2025-10-30 09:52:26,96.15,18441,96.2,D
sh688668,鼎通科技,2025-10-30 09:52:35,96.23,2500,96.31,D
sh688668,鼎通科技,2025-10-30 09:52:41,96.2,4678,96.29,D
sh688668,鼎通科技,2025-10-30 09:52:44,96.1,3208,96.2,D
sh688668,鼎通科技,2025-10-30 09:52:47,96.03,5964,96.1,D
sh688668,鼎通科技,2025-10-30 09:52:51,96.01,15139,96.03,D
sh688668,鼎通科技,2025-10-30 09:52:54,95.96,145171,96.01,D
sh688668,鼎通科技,2025-10-30 09:52:56,95.88,40219,95.96,D
sh688668,鼎通科技,2025-10-30 09:53:02,95.75,12532,95.86,D
sh688668,鼎通科技,2025-10-30 09:53:05,95.71,2950,95.75,D
sh688668,鼎通科技,2025-10-30 09:53:11,95.61,6780,95.71,D
sh688668,鼎通科技,2025-10-30 09:53:14,95.6,3687,95.61,D
sh688668,鼎通科技,2025-10-30 09:53:17,95.58,6575,95.6,D
sh688668,鼎通科技,2025-10-30 09:53:20,95.5,16011,95.58,D
sh688668,鼎通科技,2025-10-30 09:53:23,95.6,13755,95.5,U
sh688668,鼎通科技,2025-10-30 09:53:26,95.58,9989,95.6,D
sh688668,鼎通科技,2025-10-30 09:53:29,95.51,18671,95.58,D
sh688668,鼎通科技,2025-10-30 09:53:32,95.58,3080,95.51,U
sh688668,鼎通科技,2025-10-30 09:53:36,95.55,4161,95.58,D
sh688668,鼎通科技,2025-10-30 09:53:38,95.66,11794,95.55,U
sh688668,鼎通科技,2025-10-30 09:53:41,95.55,2500,95.66,D
sh688668,鼎通科技,2025-10-30 09:53:44,95.55,6410,95.55,D
sh688668,鼎通科技,2025-10-30 09:53:47,95.52,18179,95.55,D
sh688668,鼎通科技,2025-10-30 09:53:50,95.48,4642,95.52,D
sh688668,鼎通科技,2025-10-30 09:53:53,95.52,10139,95.48,U
sh688668,鼎通科技,2025-10-30 09:53:56,95.5,4049,95.52,D
sh688668,鼎通科技,2025-10-30 09:53:59,95.5,18939,95.5,D
sh688668,鼎通科技,2025-10-30 09:54:02,95.65,4506,95.5,U
sh688668,鼎通科技,2025-10-30 09:54:05,95.54,7991,95.65,D
sh688668,鼎通科技,2025-10-30 09:54:08,95.8,14478,95.54,U
sh688668,鼎通科技,2025-10-30 09:54:11,95.55,7738,95.8,D
sh688668,鼎通科技,2025-10-30 09:54:14,95.53,7860,95.55,D
sh688668,鼎通科技,2025-10-30 09:54:17,95.48,15082,95.53,D
sh688668,鼎通科技,2025-10-30 09:54:23,95.4,17840,95.42,D
sh688668,鼎通科技,2025-10-30 09:54:26,95.39,4955,95.4,D
sh688668,鼎通科技,2025-10-30 09:54:29,95.4,3401,95.39,U
sh688668,鼎通科技,2025-10-30 09:54:32,95.37,2961,95.4,D
sh688668,鼎通科技,2025-10-30 09:54:35,95.4,12900,95.37,U
sh688668,鼎通科技,2025-10-30 09:54:38,95.4,4869,95.4,D
sh688668,鼎通科技,2025-10-30 09:54:41,95.4,2287,95.4,D
sh688668,鼎通科技,2025-10-30 09:54:44,95.38,3643,95.4,D
sh688668,鼎通科技,2025-10-30 09:54:47,95.37,2381,95.38,D
sh688668,鼎通科技,2025-10-30 09:54:51,95.37,18341,95.37,D
sh688668,鼎通科技,2025-10-30 09:54:56,95.35,4800,95.36,D
sh688668,鼎通科技,2025-10-30 09:54:59,95.35,5071,95.35,D
sh688668,鼎通科技,2025-10-30 09:55:02,95.36,6044,95.35,U
sh688668,鼎通科技,2025-10-30 09:55:05,95.28,6764,95.36,D
sh688668,鼎通科技,2025-10-30 09:55:08,95.35,17935,95.28,U
sh688668,鼎通科技,2025-10-30 09:55:11,95.2,6123,95.35,D
sh688668,鼎通科技,2025-10-30 09:55:17,95.16,9176,95.19,D
sh688668,鼎通科技,2025-10-30 09:55:20,95.12,13116,95.16,D
sh688668,鼎通科技,2025-10-30 09:55:23,95.06,15651,95.12,D
sh688668,鼎通科技,2025-10-30 09:55:26,95.06,32437,95.06,D
sh688668,鼎通科技,2025-10-30 09:55:29,95.0,18246,95.06,D
sh688668,鼎通科技,2025-10-30 09:55:32,95.0,29461,95.0,D
sh688668,鼎通科技,2025-10-30 09:55:35,94.97,4219,95.0,E
sh688668,鼎通科技,2025-10-30 09:55:38,94.9,14268,94.97,D
sh688668,鼎通科技,2025-10-30 09:55:42,94.9,3731,94.9,U
sh688668,鼎通科技,2025-10-30 09:55:44,94.8,2181,94.9,D
sh688668,鼎通科技,2025-10-30 09:55:47,94.8,5856,94.8,U
sh688668,鼎通科技,2025-10-30 09:55:50,94.71,2779,94.8,E
sh688668,鼎通科技,2025-10-30 09:55:53,95.01,19254,94.71,U
sh688668,鼎通科技,2025-10-30 09:55:56,95.15,18414,95.01,U
sh688668,鼎通科技,2025-10-30 09:55:59,94.87,43340,95.15,D
sh688668,鼎通科技,2025-10-30 09:56:02,95.26,2829,94.87,U
sh688668,鼎通科技,2025-10-30 09:56:05,95.35,2552,95.26,U
sh688668,鼎通科技,2025-10-30 09:56:08,95.29,3760,95.35,D
sh688668,鼎通科技,2025-10-30 09:56:14,95.57,10300,95.48,U
sh688668,鼎通科技,2025-10-30 09:56:20,95.8,17017,95.5,U
sh688668,鼎通科技,2025-10-30 09:56:26,95.8,12272,95.8,D
sh688668,鼎通科技,2025-10-30 09:56:30,95.67,9398,95.8,D
sh688668,鼎通科技,2025-10-30 09:56:32,95.73,5572,95.67,U
sh688668,鼎通科技,2025-10-30 09:56:35,95.8,6623,95.73,U
sh688668,鼎通科技,2025-10-30 09:56:41,96.0,3165,95.8,U
sh688668,鼎通科技,2025-10-30 09:56:47,96.0,4205,96.06,D
sh688668,鼎通科技,2025-10-30 09:56:50,96.0,4084,96.0,U
sh688668,鼎通科技,2025-10-30 09:56:53,96.06,2368,96.0,U
sh688668,鼎通科技,2025-10-30 09:56:56,96.1,9993,96.06,U
sh688668,鼎通科技,2025-10-30 09:56:59,96.07,4819,96.1,D
sh688668,鼎通科技,2025-10-30 09:57:02,96.0,15267,96.07,D
sh688668,鼎通科技,2025-10-30 09:57:05,95.98,2165,96.0,D
sh688668,鼎通科技,2025-10-30 09:57:09,96.01,9607,95.98,U
sh688668,鼎通科技,2025-10-30 09:57:11,96.01,3239,96.01,U
sh688668,鼎通科技,2025-10-30 09:57:14,95.98,2523,96.01,D
sh688668,鼎通科技,2025-10-30 09:57:23,96.01,9219,96.02,U
sh688668,鼎通科技,2025-10-30 09:57:29,96.57,2299,96.05,U
sh688668,鼎通科技,2025-10-30 09:57:32,96.11,3200,96.57,D
sh688668,鼎通科技,2025-10-30 09:57:38,96.24,4017,96.24,D
sh688668,鼎通科技,2025-10-30 09:57:41,96.24,7237,96.24,U
sh688668,鼎通科技,2025-10-30 09:57:50,96.57,6289,96.32,U
sh688668,鼎通科技,2025-10-30 09:57:56,96.32,3565,96.55,D
sh688668,鼎通科技,2025-10-30 09:57:59,96.31,4014,96.32,D
sh688668,鼎通科技,2025-10-30 09:58:02,96.25,6430,96.31,D
sh688668,鼎通科技,2025-10-30 09:58:08,96.2,8757,96.24,D
sh688668,鼎通科技,2025-10-30 09:58:11,96.11,3800,96.2,D
sh688668,鼎通科技,2025-10-30 09:58:14,96.2,3435,96.11,U
sh688668,鼎通科技,2025-10-30 09:58:20,96.11,5454,96.2,D
sh688668,鼎通科技,2025-10-30 09:58:23,96.11,7121,96.11,D
sh688668,鼎通科技,2025-10-30 09:58:26,96.2,33988,96.11,U
sh688668,鼎通科技,2025-10-30 09:58:29,96.11,13159,96.2,D
sh688668,鼎通科技,2025-10-30 09:58:32,96.2,2450,96.11,U
sh688668,鼎通科技,2025-10-30 09:58:35,96.32,3505,96.2,U
sh688668,鼎通科技,2025-10-30 09:58:47,96.2,8700,96.32,D
sh688668,鼎通科技,2025-10-30 09:58:59,96.55,10997,96.54,U
sh688668,鼎通科技,2025-10-30 09:59:02,96.36,54669,96.55,D
sh688668,鼎通科技,2025-10-30 09:59:35,97.01,12904,96.98,U
sh688668,鼎通科技,2025-10-30 09:59:41,97.0,8173,97.02,D
sh688668,鼎通科技,2025-10-30 09:59:44,97.08,10556,97.0,E
sh688668,鼎通科技,2025-10-30 09:59:47,97.08,2061,97.08,D
sh688668,鼎通科技,2025-10-30 09:59:50,97.1,4489,97.08,U
sh688668,鼎通科技,2025-10-30 09:59:53,97.1,4693,97.1,U
sh688668,鼎通科技,2025-10-30 09:59:56,97.1,31170,97.1,D
sh688668,鼎通科技,2025-10-30 09:59:59,97.1,38611,97.1,D
sh688668,鼎通科技,2025-10-30 10:00:02,96.97,18337,97.1,D
sh688668,鼎通科技,2025-10-30 10:00:05,96.83,13624,96.97,D
sh688668,鼎通科技,2025-10-30 10:00:08,96.7,14780,96.83,D
sh688668,鼎通科技,2025-10-30 10:00:11,96.58,5649,96.7,D
sh688668,鼎通科技,2025-10-30 10:00:14,96.51,2300,96.58,D
sh688668,鼎通科技,2025-10-30 10:00:17,96.51,8170,96.51,U
sh688668,鼎通科技,2025-10-30 10:00:20,96.5,3445,96.51,D
sh688668,鼎通科技,2025-10-30 10:00:29,96.3,18054,96.54,D
sh688668,鼎通科技,2025-10-30 10:00:32,96.5,5400,96.3,E
sh688668,鼎通科技,2025-10-30 10:00:44,96.5,20200,96.33,U
sh688668,鼎通科技,2025-10-30 10:00:53,96.36,6463,96.5,D
sh688668,鼎通科技,2025-10-30 10:00:56,96.43,3000,96.36,D
sh688668,鼎通科技,2025-10-30 10:00:59,96.36,6574,96.43,D
sh688668,鼎通科技,2025-10-30 10:01:02,96.35,14918,96.36,D
sh688668,鼎通科技,2025-10-30 10:01:08,96.26,2517,96.33,D
sh688668,鼎通科技,2025-10-30 10:01:11,96.2,3922,96.26,D
sh688668,鼎通科技,2025-10-30 10:01:14,96.16,2452,96.2,D
sh688668,鼎通科技,2025-10-30 10:01:17,96.11,5700,96.16,D
sh688668,鼎通科技,2025-10-30 10:01:20,96.14,8598,96.11,U
sh688668,鼎通科技,2025-10-30 10:01:23,96.06,5533,96.14,D
sh688668,鼎通科技,2025-10-30 10:01:26,96.02,4400,96.06,D
sh688668,鼎通科技,2025-10-30 10:01:29,96.0,14087,96.02,D
sh688668,鼎通科技,2025-10-30 10:01:32,95.98,10246,96.0,D
sh688668,鼎通科技,2025-10-30 10:01:44,95.8,12362,95.98,D
sh688668,鼎通科技,2025-10-30 10:01:56,95.75,3062,95.79,D
sh688668,鼎通科技,2025-10-30 10:01:59,95.75,2709,95.75,D
sh688668,鼎通科技,2025-10-30 10:02:02,95.74,9257,95.75,D
sh688668,鼎通科技,2025-10-30 10:02:05,95.64,12927,95.74,D
sh688668,鼎通科技,2025-10-30 10:02:08,95.64,10046,95.64,D
sh688668,鼎通科技,2025-10-30 10:02:11,95.57,5086,95.64,D
sh688668,鼎通科技,2025-10-30 10:02:14,95.5,9844,95.57,D
sh688668,鼎通科技,2025-10-30 10:02:17,95.5,4191,95.5,D
sh688668,鼎通科技,2025-10-30 10:02:20,95.6,8572,95.5,U
sh688668,鼎通科技,2025-10-30 10:02:23,95.64,3000,95.6,U
sh688668,鼎通科技,2025-10-30 10:02:38,95.6,2925,95.61,D
sh688668,鼎通科技,2025-10-30 10:02:41,95.61,3984,95.6,U
sh688668,鼎通科技,2025-10-30 10:02:53,95.8,3459,95.74,U
sh688668,鼎通科技,2025-10-30 10:02:56,95.8,21661,95.8,U
sh688668,鼎通科技,2025-10-30 10:02:59,95.98,5689,95.8,U
sh688668,鼎通科技,2025-10-30 10:03:03,95.95,16368,95.98,E
sh688668,鼎通科技,2025-10-30 10:03:05,95.8,2250,95.95,D
sh688668,鼎通科技,2025-10-30 10:03:08,95.88,2430,95.8,E
sh688668,鼎通科技,2025-10-30 10:03:11,95.74,11792,95.88,D
sh688668,鼎通科技,2025-10-30 10:03:14,95.8,13784,95.74,U
sh688668,鼎通科技,2025-10-30 10:03:17,95.7,2162,95.8,D
sh688668,鼎通科技,2025-10-30 10:03:23,95.65,5288,95.65,D
sh688668,鼎通科技,2025-10-30 10:03:29,95.71,4267,95.72,D
sh688668,鼎通科技,2025-10-30 10:04:02,95.95,9817,96.0,D
sh688668,鼎通科技,2025-10-30 10:04:24,95.83,2734,95.87,D
sh688668,鼎通科技,2025-10-30 10:04:26,95.87,2192,95.83,U
sh688668,鼎通科技,2025-10-30 10:04:30,95.83,14095,95.87,E
sh688668,鼎通科技,2025-10-30 10:04:41,95.9,2600,95.88,E
sh688668,鼎通科技,2025-10-30 10:04:59,96.03,2865,95.91,U
sh688668,鼎通科技,2025-10-30 10:05:02,96.0,2817,96.03,E
sh688668,鼎通科技,2025-10-30 10:05:05,95.86,2249,96.0,D
sh688668,鼎通科技,2025-10-30 10:05:14,95.81,15332,95.83,D
sh688668,鼎通科技,2025-10-30 10:05:17,95.8,11317,95.81,D
sh688668,鼎通科技,2025-10-30 10:05:35,95.73,4200,95.78,D
sh688668,鼎通科技,2025-10-30 10:06:02,95.81,2205,95.86,D
sh688668,鼎通科技,2025-10-30 10:06:11,95.8,22000,95.81,D
sh688668,鼎通科技,2025-10-30 10:06:14,95.65,10874,95.8,D
sh688668,鼎通科技,2025-10-30 10:06:23,95.6,2898,95.61,D
sh688668,鼎通科技,2025-10-30 10:06:26,95.55,8219,95.6,D
sh688668,鼎通科技,2025-10-30 10:06:29,95.5,9890,95.55,D
sh688668,鼎通科技,2025-10-30 10:06:32,95.47,5881,95.5,D
sh688668,鼎通科技,2025-10-30 10:06:35,95.47,4670,95.47,U
sh688668,鼎通科技,2025-10-30 10:06:41,95.47,2159,95.36,U
sh688668,鼎通科技,2025-10-30 10:07:11,95.7,2300,95.66,E
sh688668,鼎通科技,2025-10-30 10:07:26,95.81,3367,95.86,E
sh688668,鼎通科技,2025-10-30 10:07:38,96.0,5000,95.86,U
sh688668,鼎通科技,2025-10-30 10:07:44,96.0,2181,96.0,U
sh688668,鼎通科技,2025-10-30 10:07:47,96.0,5127,96.0,U
sh688668,鼎通科技,2025-10-30 10:07:50,96.0,11400,96.0,U
sh688668,鼎通科技,2025-10-30 10:07:53,95.98,3367,96.0,D
sh688668,鼎通科技,2025-10-30 10:07:56,96.0,2820,95.98,D
sh688668,鼎通科技,2025-10-30 10:08:02,96.07,7632,96.0,U
sh688668,鼎通科技,2025-10-30 10:08:05,96.06,6302,96.07,D
sh688668,鼎通科技,2025-10-30 10:08:08,96.06,2499,96.06,U
sh688668,鼎通科技,2025-10-30 10:08:14,96.05,2200,96.06,D
sh688668,鼎通科技,2025-10-30 10:08:17,96.06,5043,96.05,U
sh688668,鼎通科技,2025-10-30 10:08:26,95.84,4179,96.02,D
sh688668,鼎通科技,2025-10-30 10:08:29,95.86,2161,95.84,U
sh688668,鼎通科技,2025-10-30 10:08:53,95.93,2532,95.93,D
sh688668,鼎通科技,2025-10-30 10:09:14,96.11,3000,96.08,U
sh688668,鼎通科技,2025-10-30 10:09:23,96.11,4889,96.11,U
sh688668,鼎通科技,2025-10-30 10:09:26,96.11,4125,96.11,U
sh688668,鼎通科技,2025-10-30 10:09:35,96.11,4121,96.11,D
sh688668,鼎通科技,2025-10-30 10:09:44,96.2,2500,96.11,U
sh688668,鼎通科技,2025-10-30 10:09:47,96.13,4757,96.2,D
sh688668,鼎通科技,2025-10-30 10:09:56,96.23,6085,96.23,U
sh688668,鼎通科技,2025-10-30 10:10:02,96.23,6142,96.23,D
sh688668,鼎通科技,2025-10-30 10:10:11,96.35,5812,96.23,U
sh688668,鼎通科技,2025-10-30 10:10:20,95.98,9754,96.23,D
sh688668,鼎通科技,2025-10-30 10:10:26,95.88,6700,95.93,D
sh688668,鼎通科技,2025-10-30 10:10:29,95.86,4730,95.88,D
sh688668,鼎通科技,2025-10-30 10:10:51,95.86,3557,95.86,U
sh688668,鼎通科技,2025-10-30 10:11:03,95.82,7373,95.86,D
sh688668,鼎通科技,2025-10-30 10:11:05,95.87,2984,95.82,D
sh688668,鼎通科技,2025-10-30 10:11:08,95.86,15355,95.87,E
sh688668,鼎通科技,2025-10-30 10:11:11,95.88,3419,95.86,U
sh688668,鼎通科技,2025-10-30 10:11:14,95.76,12779,95.88,D
sh688668,鼎通科技,2025-10-30 10:11:20,95.88,4100,95.76,U
sh688668,鼎通科技,2025-10-30 10:11:29,95.94,4468,95.88,D
sh688668,鼎通科技,2025-10-30 10:13:11,96.49,2600,96.71,D
sh688668,鼎通科技,2025-10-30 10:13:23,96.6,8402,96.59,U
sh688668,鼎通科技,2025-10-30 10:13:26,96.5,16316,96.6,D
sh688668,鼎通科技,2025-10-30 10:13:32,96.51,2734,96.47,U
sh688668,鼎通科技,2025-10-30 10:13:35,96.51,3533,96.51,U
sh688668,鼎通科技,2025-10-30 10:13:56,96.52,2138,96.54,D
sh688668,鼎通科技,2025-10-30 10:14:02,96.54,3878,96.54,U
sh688668,鼎通科技,2025-10-30 10:14:17,96.69,6457,96.54,U
sh688668,鼎通科技,2025-10-30 10:14:29,96.6,5138,96.69,D
sh688668,鼎通科技,2025-10-30 10:14:35,96.59,6710,96.59,D
sh688668,鼎通科技,2025-10-30 10:14:53,96.55,4000,96.64,D
sh688668,鼎通科技,2025-10-30 10:14:56,96.54,13590,96.55,D
sh688668,鼎通科技,2025-10-30 10:15:00,96.52,28058,96.54,D
sh688668,鼎通科技,2025-10-30 10:15:08,96.09,2100,96.3,D
sh688668,鼎通科技,2025-10-30 10:15:11,96.02,3106,96.09,D
sh688668,鼎通科技,2025-10-30 10:15:14,96.02,6977,96.02,U
sh688668,鼎通科技,2025-10-30 10:15:20,95.8,3394,95.88,D
sh688668,鼎通科技,2025-10-30 10:15:23,95.78,4113,95.8,D
sh688668,鼎通科技,2025-10-30 10:15:26,95.85,8129,95.78,U
sh688668,鼎通科技,2025-10-30 10:15:30,95.85,2265,95.85,D
sh688668,鼎通科技,2025-10-30 10:15:35,96.27,2135,95.8,U
sh688668,鼎通科技,2025-10-30 10:15:45,95.6,5532,96.27,D
sh688668,鼎通科技,2025-10-30 10:16:29,95.69,2138,96.1,D
sh688668,鼎通科技,2025-10-30 10:16:36,96.08,3344,95.69,U
sh688668,鼎通科技,2025-10-30 10:16:39,95.68,2571,96.08,E
sh688668,鼎通科技,2025-10-30 10:16:48,96.0,2258,95.69,U
sh688668,鼎通科技,2025-10-30 10:16:57,96.0,4803,96.05,D
sh688668,鼎通科技,2025-10-30 10:17:17,95.76,2452,95.74,E
sh688668,鼎通科技,2025-10-30 10:17:20,95.75,3162,95.76,D
sh688668,鼎通科技,2025-10-30 10:17:23,96.07,17042,95.75,U
sh688668,鼎通科技,2025-10-30 10:17:27,95.8,4181,96.07,D
sh688668,鼎通科技,2025-10-30 10:17:32,95.74,2529,95.75,D
sh688668,鼎通科技,2025-10-30 10:17:35,95.78,2716,95.74,U
sh688668,鼎通科技,2025-10-30 10:18:47,96.0,7912,95.99,U
sh688668,鼎通科技,2025-10-30 10:19:20,96.05,3742,96.05,D
sh688668,鼎通科技,2025-10-30 10:19:26,95.99,8057,96.05,D
sh688668,鼎通科技,2025-10-30 10:19:35,95.8,9770,95.83,D
sh688668,鼎通科技,2025-10-30 10:19:38,95.76,4391,95.8,D
sh688668,鼎通科技,2025-10-30 10:19:41,95.73,18138,95.76,D
sh688668,鼎通科技,2025-10-30 10:19:45,95.73,5153,95.73,E
sh688668,鼎通科技,2025-10-30 10:19:47,95.72,2286,95.73,D
sh688668,鼎通科技,2025-10-30 10:19:50,95.69,3061,95.72,D
sh688668,鼎通科技,2025-10-30 10:19:53,95.66,4483,95.69,D
sh688668,鼎通科技,2025-10-30 10:19:56,95.66,3475,95.66,D
sh688668,鼎通科技,2025-10-30 10:19:59,95.66,2491,95.66,D
sh688668,鼎通科技,2025-10-30 10:20:02,95.66,7401,95.66,D
sh688668,鼎通科技,2025-10-30 10:20:05,95.65,4448,95.66,D
sh688668,鼎通科技,2025-10-30 10:20:11,95.62,4700,95.62,U
sh688668,鼎通科技,2025-10-30 10:20:15,95.62,3221,95.62,U
sh688668,鼎通科技,2025-10-30 10:20:17,95.6,2958,95.62,D
sh688668,鼎通科技,2025-10-30 10:20:20,95.51,34198,95.6,D
sh688668,鼎通科技,2025-10-30 10:20:23,95.51,13782,95.51,D
sh688668,鼎通科技,2025-10-30 10:20:26,95.5,14699,95.51,D
sh688668,鼎通科技,2025-10-30 10:20:29,95.4,5251,95.5,D
sh688668,鼎通科技,2025-10-30 10:20:32,95.32,3528,95.4,D
sh688668,鼎通科技,2025-10-30 10:20:35,95.29,4506,95.32,D
sh688668,鼎通科技,2025-10-30 10:20:41,95.31,3884,95.28,U
sh688668,鼎通科技,2025-10-30 10:20:45,95.32,2382,95.31,E
sh688668,鼎通科技,2025-10-30 10:21:03,95.37,7336,95.48,D
sh688668,鼎通科技,2025-10-30 10:21:05,95.37,2821,95.37,U
sh688668,鼎通科技,2025-10-30 10:21:08,95.3,5186,95.37,D
sh688668,鼎通科技,2025-10-30 10:21:11,95.4,3000,95.3,E
sh688668,鼎通科技,2025-10-30 10:21:14,95.31,2717,95.4,D
sh688668,鼎通科技,2025-10-30 10:21:17,95.31,2403,95.31,D
sh688668,鼎通科技,2025-10-30 10:21:20,95.3,21850,95.31,D
sh688668,鼎通科技,2025-10-30 10:21:23,95.29,6096,95.3,D
sh688668,鼎通科技,2025-10-30 10:21:26,95.28,18060,95.29,D
sh688668,鼎通科技,2025-10-30 10:21:29,95.28,6186,95.28,D
sh688668,鼎通科技,2025-10-30 10:21:32,95.28,6338,95.28,D
sh688668,鼎通科技,2025-10-30 10:21:35,95.28,19443,95.28,U
sh688668,鼎通科技,2025-10-30 10:21:38,95.23,3853,95.28,D
sh688668,鼎通科技,2025-10-30 10:21:41,95.2,9022,95.23,D
sh688668,鼎通科技,2025-10-30 10:21:44,95.21,5301,95.2,U
sh688668,鼎通科技,2025-10-30 10:21:47,95.23,3860,95.21,U
sh688668,鼎通科技,2025-10-30 10:21:50,95.21,4099,95.23,E
sh688668,鼎通科技,2025-10-30 10:21:53,95.21,6630,95.21,D
sh688668,鼎通科技,2025-10-30 10:21:56,95.23,5254,95.21,U
sh688668,鼎通科技,2025-10-30 10:21:59,95.23,4163,95.23,D
sh688668,鼎通科技,2025-10-30 10:22:05,95.23,11015,95.24,D
sh688668,鼎通科技,2025-10-30 10:22:08,95.21,3400,95.23,D
sh688668,鼎通科技,2025-10-30 10:22:12,95.2,3503,95.21,D
sh688668,鼎通科技,2025-10-30 10:22:17,95.24,12287,95.23,U
sh688668,鼎通科技,2025-10-30 10:22:26,95.45,2641,95.29,U
sh688668,鼎通科技,2025-10-30 10:22:29,95.24,7124,95.45,D
sh688668,鼎通科技,2025-10-30 10:22:32,95.27,5395,95.24,U
sh688668,鼎通科技,2025-10-30 10:22:35,95.23,5395,95.27,D
sh688668,鼎通科技,2025-10-30 10:22:47,95.6,30200,95.3,U
sh688668,鼎通科技,2025-10-30 10:22:50,95.26,3424,95.6,D
sh688668,鼎通科技,2025-10-30 10:22:53,95.3,3479,95.26,D
sh688668,鼎通科技,2025-10-30 10:23:11,95.6,4895,95.32,U
sh688668,鼎通科技,2025-10-30 10:23:47,95.89,5679,95.66,E
sh688668,鼎通科技,2025-10-30 10:23:50,95.68,2265,95.89,D
sh688668,鼎通科技,2025-10-30 10:24:02,95.66,2216,95.67,D
sh688668,鼎通科技,2025-10-30 10:24:05,95.67,3312,95.66,E
sh688668,鼎通科技,2025-10-30 10:24:08,95.61,3960,95.67,D
sh688668,鼎通科技,2025-10-30 10:24:11,95.58,7608,95.61,D
sh688668,鼎通科技,2025-10-30 10:24:14,95.65,2385,95.58,U
sh688668,鼎通科技,2025-10-30 10:24:17,95.66,4362,95.65,U
sh688668,鼎通科技,2025-10-30 10:24:35,95.36,11136,95.63,D
sh688668,鼎通科技,2025-10-30 10:24:50,95.37,6977,95.36,U
sh688668,鼎通科技,2025-10-30 10:25:02,95.36,8238,95.4,D
sh688668,鼎通科技,2025-10-30 10:25:06,95.36,2596,95.36,D
sh688668,鼎通科技,2025-10-30 10:25:11,95.39,3083,95.36,U
sh688668,鼎通科技,2025-10-30 10:25:14,95.4,2321,95.39,U
sh688668,鼎通科技,2025-10-30 10:25:26,95.4,2537,95.4,D
sh688668,鼎通科技,2025-10-30 10:25:41,95.41,5419,95.41,U
sh688668,鼎通科技,2025-10-30 10:25:50,95.38,2852,95.42,D
sh688668,鼎通科技,2025-10-30 10:26:00,95.4,2234,95.36,E
sh688668,鼎通科技,2025-10-30 10:26:02,95.38,11064,95.4,D
sh688668,鼎通科技,2025-10-30 10:26:05,95.37,3637,95.38,D
sh688668,鼎通科技,2025-10-30 10:26:08,95.4,5550,95.37,U
sh688668,鼎通科技,2025-10-30 10:26:11,95.4,2124,95.4,D
sh688668,鼎通科技,2025-10-30 10:26:14,95.4,4606,95.4,D
sh688668,鼎通科技,2025-10-30 10:26:33,95.39,5299,95.38,U
sh688668,鼎通科技,2025-10-30 10:26:44,95.39,3015,95.51,D
sh688668,鼎通科技,2025-10-30 10:27:02,95.4,9983,95.5,D
sh688668,鼎通科技,2025-10-30 10:27:08,95.4,11276,95.4,D
sh688668,鼎通科技,2025-10-30 10:28:02,95.41,6286,95.4,D
sh688668,鼎通科技,2025-10-30 10:28:47,95.48,15663,95.4,E
sh688668,鼎通科技,2025-10-30 10:28:50,95.38,2879,95.48,D
sh688668,鼎通科技,2025-10-30 10:29:03,95.46,4337,95.48,D
sh688668,鼎通科技,2025-10-30 10:29:08,95.37,4406,95.48,D
sh688668,鼎通科技,2025-10-30 10:29:26,95.37,4390,95.37,U
sh688668,鼎通科技,2025-10-30 10:29:35,95.39,2111,95.38,E
sh688668,鼎通科技,2025-10-30 10:29:47,95.52,6799,95.43,U
sh688668,鼎通科技,2025-10-30 10:30:29,95.84,5556,95.79,U
sh688668,鼎通科技,2025-10-30 10:30:44,96.01,5000,96.0,U
sh688668,鼎通科技,2025-10-30 10:31:02,95.92,2293,96.01,D
sh688668,鼎通科技,2025-10-30 10:31:17,95.96,2698,95.91,U
sh688668,鼎通科技,2025-10-30 10:31:26,96.01,10000,95.92,U
sh688668,鼎通科技,2025-10-30 10:31:29,95.92,2206,96.01,D
sh688668,鼎通科技,2025-10-30 10:31:50,96.0,4500,96.02,D
sh688668,鼎通科技,2025-10-30 10:31:56,96.02,10797,96.0,E
sh688668,鼎通科技,2025-10-30 10:32:05,96.17,5533,96.0,U
sh688668,鼎通科技,2025-10-30 10:32:08,96.17,4600,96.17,U
sh688668,鼎通科技,2025-10-30 10:32:26,96.18,2717,96.16,U
sh688668,鼎通科技,2025-10-30 10:32:29,96.16,5037,96.18,D
sh688668,鼎通科技,2025-10-30 10:32:32,96.16,3852,96.16,D
sh688668,鼎通科技,2025-10-30 10:32:35,96.2,9001,96.16,U
sh688668,鼎通科技,2025-10-30 10:32:38,96.01,2894,96.2,D
sh688668,鼎通科技,2025-10-30 10:32:47,96.0,24454,96.07,D
sh688668,鼎通科技,2025-10-30 10:32:50,95.92,3848,96.0,D
sh688668,鼎通科技,2025-10-30 10:32:59,96.0,2195,95.92,U
sh688668,鼎通科技,2025-10-30 10:33:08,96.0,2175,96.0,U
sh688668,鼎通科技,2025-10-30 10:33:26,96.0,3995,96.0,U
sh688668,鼎通科技,2025-10-30 10:33:32,96.0,6286,96.0,U
sh688668,鼎通科技,2025-10-30 10:33:35,96.0,12710,96.0,U
sh688668,鼎通科技,2025-10-30 10:33:38,96.0,4907,96.0,U
sh688668,鼎通科技,2025-10-30 10:33:41,96.0,3249,96.0,U
sh688668,鼎通科技,2025-10-30 10:34:23,96.2,2241,96.06,U
sh688668,鼎通科技,2025-10-30 10:34:30,96.2,3242,96.2,U
sh688668,鼎通科技,2025-10-30 10:34:53,96.2,2903,96.2,U
sh688668,鼎通科技,2025-10-30 10:35:11,96.2,2257,96.21,D
sh688668,鼎通科技,2025-10-30 10:35:20,96.18,3309,96.18,U
sh688668,鼎通科技,2025-10-30 10:35:47,96.13,2579,96.18,D
sh688668,鼎通科技,2025-10-30 10:36:20,96.02,2830,96.04,D
sh688668,鼎通科技,2025-10-30 10:36:23,95.99,10917,96.02,D
sh688668,鼎通科技,2025-10-30 10:36:26,95.96,19882,95.99,D
sh688668,鼎通科技,2025-10-30 10:36:29,95.9,9431,95.96,D
sh688668,鼎通科技,2025-10-30 10:36:32,95.86,3830,95.9,D
sh688668,鼎通科技,2025-10-30 10:36:35,95.83,2414,95.86,D
sh688668,鼎通科技,2025-10-30 10:36:53,95.75,4001,95.86,D
sh688668,鼎通科技,2025-10-30 10:36:59,95.75,2579,95.72,U
sh688668,鼎通科技,2025-10-30 10:37:03,95.69,2728,95.75,D
sh688668,鼎通科技,2025-10-30 10:37:08,95.72,2400,95.75,D
sh688668,鼎通科技,2025-10-30 10:37:32,95.75,2919,95.71,U
sh688668,鼎通科技,2025-10-30 10:38:02,95.97,3301,95.9,U
sh688668,鼎通科技,2025-10-30 10:38:48,96.05,3068,96.06,D
sh688668,鼎通科技,2025-10-30 10:39:02,96.11,3064,96.05,E
sh688668,鼎通科技,2025-10-30 10:39:09,95.88,29856,96.02,D
sh688668,鼎通科技,2025-10-30 10:40:35,95.8,3071,95.79,U
sh688668,鼎通科技,2025-10-30 10:40:53,95.75,2200,95.78,D
sh688668,鼎通科技,2025-10-30 10:40:56,95.87,2326,95.75,U
sh688668,鼎通科技,2025-10-30 10:41:02,95.69,7571,95.75,D
sh688668,鼎通科技,2025-10-30 10:41:06,95.66,8182,95.69,D
sh688668,鼎通科技,2025-10-30 10:41:08,95.64,4317,95.66,D
sh688668,鼎通科技,2025-10-30 10:41:12,95.68,3907,95.64,E
sh688668,鼎通科技,2025-10-30 10:41:26,95.6,2230,95.68,D
sh688668,鼎通科技,2025-10-30 10:41:35,95.68,3029,95.68,D
sh688668,鼎通科技,2025-10-30 10:41:38,95.81,2727,95.68,E
sh688668,鼎通科技,2025-10-30 10:41:44,95.68,2224,95.81,D
sh688668,鼎通科技,2025-10-30 10:42:11,95.53,5129,95.6,D
sh688668,鼎通科技,2025-10-30 10:42:17,95.52,2581,95.53,D
sh688668,鼎通科技,2025-10-30 10:42:44,95.6,4624,95.6,D
sh688668,鼎通科技,2025-10-30 10:43:02,95.5,19873,95.6,D
sh688668,鼎通科技,2025-10-30 10:43:06,95.57,17802,95.5,E
sh688668,鼎通科技,2025-10-30 10:43:08,95.5,3829,95.57,D
sh688668,鼎通科技,2025-10-30 10:43:11,95.5,5550,95.5,D
sh688668,鼎通科技,2025-10-30 10:43:14,95.45,14912,95.5,D
sh688668,鼎通科技,2025-10-30 10:43:17,95.48,3677,95.45,U
sh688668,鼎通科技,2025-10-30 10:43:53,95.4,7083,95.39,U
sh688668,鼎通科技,2025-10-30 10:43:56,95.38,2201,95.4,D
sh688668,鼎通科技,2025-10-30 10:44:03,95.38,6991,95.41,D
sh688668,鼎通科技,2025-10-30 10:44:53,95.44,3000,95.4,D
sh688668,鼎通科技,2025-10-30 10:45:02,95.58,2527,95.58,U
sh688668,鼎通科技,2025-10-30 10:45:47,95.44,2429,95.5,D
sh688668,鼎通科技,2025-10-30 10:46:02,95.58,8125,95.44,U
sh688668,鼎通科技,2025-10-30 10:46:05,95.44,3733,95.58,E
sh688668,鼎通科技,2025-10-30 10:46:18,95.41,5143,95.4,E
sh688668,鼎通科技,2025-10-30 10:46:21,95.4,4784,95.41,U
sh688668,鼎通科技,2025-10-30 10:46:47,95.39,2100,95.39,U
sh688668,鼎通科技,2025-10-30 10:47:17,95.6,12100,95.57,U
sh688668,鼎通科技,2025-10-30 10:47:20,95.6,4241,95.6,U
sh688668,鼎通科技,2025-10-30 10:48:41,95.97,3522,95.9,U
sh688668,鼎通科技,2025-10-30 10:49:47,95.97,3375,95.96,U
sh688668,鼎通科技,2025-10-30 10:49:54,95.86,2420,95.92,D
sh688668,鼎通科技,2025-10-30 10:50:11,95.86,11795,95.85,U
sh688668,鼎通科技,2025-10-30 10:50:38,95.8,4747,95.8,D
sh688668,鼎通科技,2025-10-30 10:51:21,95.6,4585,95.67,D
sh688668,鼎通科技,2025-10-30 10:51:38,95.8,2515,95.8,U
sh688668,鼎通科技,2025-10-30 10:51:41,95.68,4185,95.8,D
sh688668,鼎通科技,2025-10-30 10:51:44,95.68,2782,95.68,U
sh688668,鼎通科技,2025-10-30 10:52:17,95.5,27154,95.69,D
sh688668,鼎通科技,2025-10-30 10:52:20,95.5,5471,95.5,U
sh688668,鼎通科技,2025-10-30 10:52:33,95.5,2113,95.46,U
sh688668,鼎通科技,2025-10-30 10:52:56,95.48,32087,95.47,U
sh688668,鼎通科技,2025-10-30 10:53:05,95.37,10200,95.46,D
sh688668,鼎通科技,2025-10-30 10:53:11,95.45,2461,95.45,U
sh688668,鼎通科技,2025-10-30 10:53:17,95.39,4410,95.4,E
sh688668,鼎通科技,2025-10-30 10:53:20,95.4,4261,95.39,U
sh688668,鼎通科技,2025-10-30 10:53:23,95.3,22615,95.4,D
sh688668,鼎通科技,2025-10-30 10:53:29,95.26,2938,95.3,D
sh688668,鼎通科技,2025-10-30 10:53:32,95.26,4287,95.26,D
sh688668,鼎通科技,2025-10-30 10:54:02,95.24,2386,95.24,D
sh688668,鼎通科技,2025-10-30 10:54:35,95.26,4463,95.26,D
sh688668,鼎通科技,2025-10-30 10:54:38,95.25,5791,95.26,D
sh688668,鼎通科技,2025-10-30 10:54:50,95.21,17685,95.25,D
sh688668,鼎通科技,2025-10-30 10:54:53,95.18,19485,95.21,D
sh688668,鼎通科技,2025-10-30 10:54:56,95.2,5076,95.18,U
sh688668,鼎通科技,2025-10-30 10:54:59,95.19,2411,95.2,D
sh688668,鼎通科技,2025-10-30 10:55:05,95.12,11300,95.2,D
sh688668,鼎通科技,2025-10-30 10:55:12,95.11,7102,95.1,E
sh688668,鼎通科技,2025-10-30 10:55:15,95.08,3002,95.11,D
sh688668,鼎通科技,2025-10-30 10:55:17,95.08,3674,95.08,U
sh688668,鼎通科技,2025-10-30 10:55:21,95.02,4360,95.08,D
sh688668,鼎通科技,2025-10-30 10:55:36,95.06,2471,95.02,U
sh688668,鼎通科技,2025-10-30 10:55:41,95.0,74769,95.02,D
sh688668,鼎通科技,2025-10-30 10:55:53,95.0,21349,95.01,D
sh688668,鼎通科技,2025-10-30 10:55:57,95.0,5311,95.0,D
sh688668,鼎通科技,2025-10-30 10:56:02,95.0,4832,95.0,D
sh688668,鼎通科技,2025-10-30 10:56:05,95.0,2971,95.0,D
sh688668,鼎通科技,2025-10-30 10:56:08,95.0,3180,95.0,U
sh688668,鼎通科技,2025-10-30 10:56:14,95.02,3046,95.0,U
sh688668,鼎通科技,2025-10-30 10:56:17,95.0,2294,95.02,D
sh688668,鼎通科技,2025-10-30 10:56:38,95.0,16863,95.02,D
sh688668,鼎通科技,2025-10-30 10:56:41,95.0,2254,95.0,D
sh688668,鼎通科技,2025-10-30 10:57:53,95.08,10200,95.1,D
sh688668,鼎通科技,2025-10-30 10:57:56,95.29,12317,95.08,U
sh688668,鼎通科技,2025-10-30 10:57:59,95.29,6066,95.29,D
sh688668,鼎通科技,2025-10-30 10:58:20,95.19,3282,95.18,D
sh688668,鼎通科技,2025-10-30 10:59:06,95.18,9346,95.23,D
sh688668,鼎通科技,2025-10-30 10:59:08,95.2,3472,95.18,E
sh688668,鼎通科技,2025-10-30 10:59:14,95.1,5096,95.12,D
sh688668,鼎通科技,2025-10-30 10:59:17,95.14,3938,95.1,U
sh688668,鼎通科技,2025-10-30 10:59:41,95.08,11151,95.15,D
sh688668,鼎通科技,2025-10-30 10:59:53,95.08,12361,95.08,U
sh688668,鼎通科技,2025-10-30 10:59:56,95.12,2285,95.08,U
sh688668,鼎通科技,2025-10-30 11:00:02,95.08,5710,95.08,D
sh688668,鼎通科技,2025-10-30 11:00:38,95.12,2338,95.12,D
sh688668,鼎通科技,2025-10-30 11:00:44,95.15,3089,95.12,U
sh688668,鼎通科技,2025-10-30 11:01:14,95.23,12357,95.23,U
sh688668,鼎通科技,2025-10-30 11:02:20,95.35,3193,95.45,D
sh688668,鼎通科技,2025-10-30 11:02:35,95.68,2545,95.68,U
sh688668,鼎通科技,2025-10-30 11:02:41,95.68,2387,95.8,D
sh688668,鼎通科技,2025-10-30 11:02:50,95.68,2401,95.47,U
sh688668,鼎通科技,2025-10-30 11:02:54,95.68,2940,95.68,E
sh688668,鼎通科技,2025-10-30 11:03:02,95.35,5766,95.71,D
sh688668,鼎通科技,2025-10-30 11:03:11,95.68,3000,95.3,U
sh688668,鼎通科技,2025-10-30 11:03:47,95.65,2437,95.4,U
sh688668,鼎通科技,2025-10-30 11:03:53,95.31,3725,95.4,D
sh688668,鼎通科技,2025-10-30 11:03:56,95.3,2743,95.31,D
sh688668,鼎通科技,2025-10-30 11:03:59,95.5,4624,95.3,U
sh688668,鼎通科技,2025-10-30 11:04:02,95.3,2692,95.5,D
sh688668,鼎通科技,2025-10-30 11:04:35,95.25,5484,95.25,U
sh688668,鼎通科技,2025-10-30 11:05:08,95.2,6643,95.22,D
sh688668,鼎通科技,2025-10-30 11:05:11,95.2,4305,95.2,D
sh688668,鼎通科技,2025-10-30 11:05:17,95.19,2200,95.19,D
sh688668,鼎通科技,2025-10-30 11:05:20,95.13,9437,95.19,D
sh688668,鼎通科技,2025-10-30 11:05:23,95.06,16844,95.13,D
sh688668,鼎通科技,2025-10-30 11:05:26,95.12,3000,95.06,U
sh688668,鼎通科技,2025-10-30 11:05:29,95.04,2694,95.12,D
sh688668,鼎通科技,2025-10-30 11:05:47,95.05,2419,95.05,U
sh688668,鼎通科技,2025-10-30 11:06:27,95.01,19821,95.05,D
sh688668,鼎通科技,2025-10-30 11:06:29,95.01,41399,95.01,D
sh688668,鼎通科技,2025-10-30 11:06:32,95.0,11577,95.01,D
sh688668,鼎通科技,2025-10-30 11:06:35,94.98,3317,95.0,D
sh688668,鼎通科技,2025-10-30 11:06:38,94.9,2634,94.98,D
sh688668,鼎通科技,2025-10-30 11:06:41,94.89,2347,94.9,D
sh688668,鼎通科技,2025-10-30 11:06:44,94.89,3081,94.89,D
sh688668,鼎通科技,2025-10-30 11:06:50,94.89,24629,94.89,D
sh688668,鼎通科技,2025-10-30 11:06:53,94.93,3068,94.89,U
sh688668,鼎通科技,2025-10-30 11:06:56,94.85,2769,94.93,D
sh688668,鼎通科技,2025-10-30 11:07:05,94.97,11131,94.9,U
sh688668,鼎通科技,2025-10-30 11:07:53,94.9,2764,94.97,D
sh688668,鼎通科技,2025-10-30 11:07:59,94.9,4134,94.9,D
sh688668,鼎通科技,2025-10-30 11:08:02,94.9,3313,94.9,U
sh688668,鼎通科技,2025-10-30 11:08:05,94.85,2802,94.9,D
sh688668,鼎通科技,2025-10-30 11:08:17,94.85,5419,94.87,D
sh688668,鼎通科技,2025-10-30 11:08:32,94.82,8184,94.83,D
sh688668,鼎通科技,2025-10-30 11:08:41,94.79,23500,94.81,D
sh688668,鼎通科技,2025-10-30 11:08:56,94.82,3638,94.79,U
sh688668,鼎通科技,2025-10-30 11:09:11,94.82,10700,94.87,D
sh688668,鼎通科技,2025-10-30 11:09:20,94.79,13259,94.87,D
sh688668,鼎通科技,2025-10-30 11:09:26,94.79,2485,94.79,U
sh688668,鼎通科技,2025-10-30 11:09:32,94.79,6204,94.79,U
sh688668,鼎通科技,2025-10-30 11:09:35,94.8,22143,94.79,U
sh688668,鼎通科技,2025-10-30 11:09:38,94.8,5204,94.8,E
sh688668,鼎通科技,2025-10-30 11:09:42,94.76,2955,94.8,D
sh688668,鼎通科技,2025-10-30 11:10:02,94.8,7894,94.87,D
sh688668,鼎通科技,2025-10-30 11:10:05,94.8,10284,94.8,U
sh688668,鼎通科技,2025-10-30 11:10:30,94.72,13639,94.79,D
sh688668,鼎通科技,2025-10-30 11:10:32,94.7,4130,94.72,D
sh688668,鼎通科技,2025-10-30 11:10:35,94.69,28105,94.7,D
sh688668,鼎通科技,2025-10-30 11:10:38,94.69,7929,94.69,U
sh688668,鼎通科技,2025-10-30 11:10:41,94.69,2705,94.69,U
sh688668,鼎通科技,2025-10-30 11:10:50,94.6,6404,94.6,D
sh688668,鼎通科技,2025-10-30 11:10:53,94.58,2500,94.6,D
sh688668,鼎通科技,2025-10-30 11:11:02,94.57,2200,94.6,D
sh688668,鼎通科技,2025-10-30 11:11:05,94.6,2222,94.57,U
sh688668,鼎通科技,2025-10-30 11:11:08,94.55,2859,94.6,E
sh688668,鼎通科技,2025-10-30 11:11:14,94.55,2613,94.6,D
sh688668,鼎通科技,2025-10-30 11:11:44,94.71,2400,94.65,U
sh688668,鼎通科技,2025-10-30 11:12:11,94.76,2339,94.79,D
sh688668,鼎通科技,2025-10-30 11:12:32,94.74,2542,94.77,D
sh688668,鼎通科技,2025-10-30 11:12:35,94.74,5200,94.74,U
sh688668,鼎通科技,2025-10-30 11:12:44,94.74,3088,94.74,U
sh688668,鼎通科技,2025-10-30 11:12:47,94.74,15331,94.74,U
sh688668,鼎通科技,2025-10-30 11:12:50,94.66,5109,94.74,D
sh688668,鼎通科技,2025-10-30 11:12:59,94.66,2653,94.74,D
sh688668,鼎通科技,2025-10-30 11:13:05,94.68,4841,94.66,E
sh688668,鼎通科技,2025-10-30 11:13:39,94.74,2775,94.75,D
sh688668,鼎通科技,2025-10-30 11:13:59,94.72,2805,94.7,U
sh688668,鼎通科技,2025-10-30 11:14:03,94.71,4067,94.72,D
sh688668,鼎通科技,2025-10-30 11:14:26,94.73,2645,94.69,U
sh688668,鼎通科技,2025-10-30 11:14:56,94.7,2700,94.74,D
sh688668,鼎通科技,2025-10-30 11:15:12,94.67,6321,94.69,D
sh688668,鼎通科技,2025-10-30 11:15:15,94.63,3252,94.67,D
sh688668,鼎通科技,2025-10-30 11:15:17,94.64,2694,94.63,U
sh688668,鼎通科技,2025-10-30 11:15:20,94.6,4430,94.64,D
sh688668,鼎通科技,2025-10-30 11:15:23,94.61,2835,94.6,U
sh688668,鼎通科技,2025-10-30 11:15:26,94.6,6458,94.61,D
sh688668,鼎通科技,2025-10-30 11:15:32,94.54,2488,94.61,D
sh688668,鼎通科技,2025-10-30 11:15:38,94.5,4955,94.6,D
sh688668,鼎通科技,2025-10-30 11:15:42,94.54,7655,94.5,E
sh688668,鼎通科技,2025-10-30 11:15:44,94.5,13259,94.54,D
sh688668,鼎通科技,2025-10-30 11:15:48,94.54,4017,94.5,U
sh688668,鼎通科技,2025-10-30 11:15:51,94.5,5364,94.54,D
sh688668,鼎通科技,2025-10-30 11:15:53,94.52,3607,94.5,U
sh688668,鼎通科技,2025-10-30 11:15:59,94.52,3045,94.5,E
sh688668,鼎通科技,2025-10-30 11:16:03,94.6,6843,94.52,U
sh688668,鼎通科技,2025-10-30 11:16:35,94.6,8789,94.73,D
sh688668,鼎通科技,2025-10-30 11:16:50,94.6,5000,94.76,D
sh688668,鼎通科技,2025-10-30 11:17:36,94.69,2191,94.7,D
sh688668,鼎通科技,2025-10-30 11:18:17,95.01,3413,94.97,U
sh688668,鼎通科技,2025-10-30 11:18:59,95.47,7274,95.46,U
sh688668,鼎通科技,2025-10-30 11:19:29,95.28,2746,95.28,U
sh688668,鼎通科技,2025-10-30 11:20:02,95.2,4974,95.2,D
sh688668,鼎通科技,2025-10-30 11:20:05,95.12,2668,95.2,D
sh688668,鼎通科技,2025-10-30 11:20:11,95.12,14849,95.12,D
sh688668,鼎通科技,2025-10-30 11:20:17,95.36,11950,95.13,U
sh688668,鼎通科技,2025-10-30 11:20:23,95.44,3295,95.07,U
sh688668,鼎通科技,2025-10-30 11:21:02,95.67,4304,95.44,U
sh688668,鼎通科技,2025-10-30 11:21:08,95.44,2462,95.67,D
sh688668,鼎通科技,2025-10-30 11:21:20,95.53,2687,95.53,D
sh688668,鼎通科技,2025-10-30 11:21:53,95.6,3900,95.29,U
sh688668,鼎通科技,2025-10-30 11:22:59,95.38,2573,95.38,D
sh688668,鼎通科技,2025-10-30 11:23:03,95.26,5276,95.38,D
sh688668,鼎通科技,2025-10-30 11:23:05,95.38,2191,95.26,U
sh688668,鼎通科技,2025-10-30 11:23:41,95.16,2608,95.2,D
sh688668,鼎通科技,2025-10-30 11:23:59,95.0,34215,95.2,D
sh688668,鼎通科技,2025-10-30 11:24:08,94.99,2316,94.99,U
sh688668,鼎通科技,2025-10-30 11:24:20,95.0,15000,94.88,U
sh688668,鼎通科技,2025-10-30 11:24:23,94.8,3284,95.0,D
sh688668,鼎通科技,2025-10-30 11:25:44,94.7,11887,94.8,D
sh688668,鼎通科技,2025-10-30 11:25:50,94.6,16430,94.7,D
sh688668,鼎通科技,2025-10-30 11:26:00,94.6,2770,94.6,U
sh688668,鼎通科技,2025-10-30 11:26:02,94.6,3419,94.6,D
sh688668,鼎通科技,2025-10-30 11:26:05,94.6,11898,94.6,D
sh688668,鼎通科技,2025-10-30 11:26:23,94.7,5600,94.7,U
sh688668,鼎通科技,2025-10-30 11:26:44,94.7,9136,94.7,D
sh688668,鼎通科技,2025-10-30 11:26:47,94.6,5664,94.7,D
sh688668,鼎通科技,2025-10-30 11:26:50,94.7,2714,94.6,U
sh688668,鼎通科技,2025-10-30 11:26:59,94.7,10682,94.61,U
sh688668,鼎通科技,2025-10-30 11:27:02,94.7,3088,94.7,D
sh688668,鼎通科技,2025-10-30 11:27:14,94.7,38153,94.76,D
sh688668,鼎通科技,2025-10-30 11:27:18,94.7,4421,94.7,U
sh688668,鼎通科技,2025-10-30 11:27:20,94.6,4782,94.7,D
sh688668,鼎通科技,2025-10-30 11:27:38,94.58,3596,94.6,D
sh688668,鼎通科技,2025-10-30 11:28:20,94.6,6904,94.75,D
sh688668,鼎通科技,2025-10-30 11:28:23,94.6,2527,94.6,U
sh688668,鼎通科技,2025-10-30 11:28:26,94.6,2936,94.6,U
sh688668,鼎通科技,2025-10-30 11:28:38,94.6,4555,94.57,D
sh688668,鼎通科技,2025-10-30 11:28:44,94.58,2220,94.58,D
sh688668,鼎通科技,2025-10-30 11:28:53,94.59,4200,94.6,D
sh688668,鼎通科技,2025-10-30 11:28:56,94.6,3985,94.59,U
sh688668,鼎通科技,2025-10-30 11:28:59,94.57,26549,94.6,D
sh688668,鼎通科技,2025-10-30 11:29:02,94.57,6666,94.57,E
sh688668,鼎通科技,2025-10-30 11:29:08,94.51,2649,94.55,D
sh688668,鼎通科技,2025-10-30 11:29:12,94.55,4534,94.51,U
sh688668,鼎通科技,2025-10-30 11:29:29,94.5,16240,94.55,D
sh688668,鼎通科技,2025-10-30 11:29:32,94.5,2203,94.5,D
sh688668,鼎通科技,2025-10-30 11:29:38,94.5,3183,94.59,D
sh688668,鼎通科技,2025-10-30 11:29:44,94.59,5624,94.5,U
sh688668,鼎通科技,2025-10-30 11:29:53,94.59,5966,94.5,U
sh688668,鼎通科技,2025-10-30 11:29:56,94.59,10006,94.59,U
sh688668,鼎通科技,2025-10-30 13:00:02,94.51,7668,94.5,D
sh688668,鼎通科技,2025-10-30 13:00:05,94.51,17515,94.51,D
sh688668,鼎通科技,2025-10-30 13:00:08,94.51,8630,94.51,D
sh688668,鼎通科技,2025-10-30 13:00:14,94.51,60730,94.59,D
sh688668,鼎通科技,2025-10-30 13:00:17,94.48,11624,94.51,D
sh688668,鼎通科技,2025-10-30 13:00:23,94.48,2681,94.48,D
sh688668,鼎通科技,2025-10-30 13:00:38,94.47,4580,94.76,D
sh688668,鼎通科技,2025-10-30 13:00:42,94.42,2624,94.47,D
sh688668,鼎通科技,2025-10-30 13:00:47,94.4,2631,94.42,D
sh688668,鼎通科技,2025-10-30 13:00:50,94.43,10060,94.4,E
sh688668,鼎通科技,2025-10-30 13:01:00,94.29,4953,94.33,D
sh688668,鼎通科技,2025-10-30 13:01:05,94.18,3651,94.22,D
sh688668,鼎通科技,2025-10-30 13:01:29,94.2,2400,94.11,U
sh688668,鼎通科技,2025-10-30 13:01:35,94.2,3652,94.11,U
sh688668,鼎通科技,2025-10-30 13:01:38,94.11,3622,94.2,D
sh688668,鼎通科技,2025-10-30 13:02:36,94.2,2235,94.15,U
sh688668,鼎通科技,2025-10-30 13:02:59,94.11,7834,94.13,D
sh688668,鼎通科技,2025-10-30 13:03:05,94.16,7590,94.1,U
sh688668,鼎通科技,2025-10-30 13:03:08,94.11,2270,94.16,E
sh688668,鼎通科技,2025-10-30 13:03:26,94.02,2141,94.08,D
sh688668,鼎通科技,2025-10-30 13:03:33,94.1,5100,94.12,E
sh688668,鼎通科技,2025-10-30 13:03:38,94.1,2624,94.1,D
sh688668,鼎通科技,2025-10-30 13:03:41,94.08,2327,94.1,D
sh688668,鼎通科技,2025-10-30 13:03:50,94.01,7251,94.01,D
sh688668,鼎通科技,2025-10-30 13:04:26,94.04,6371,94.15,D
sh688668,鼎通科技,2025-10-30 13:04:39,94.04,3502,94.05,D
sh688668,鼎通科技,2025-10-30 13:05:05,94.09,2396,94.09,U
sh688668,鼎通科技,2025-10-30 13:05:26,94.09,3000,94.09,D
sh688668,鼎通科技,2025-10-30 13:05:47,94.15,2293,94.2,D
sh688668,鼎通科技,2025-10-30 13:06:17,94.2,3034,94.19,U
sh688668,鼎通科技,2025-10-30 13:06:29,94.2,2553,94.2,U
sh688668,鼎通科技,2025-10-30 13:06:33,94.1,2401,94.2,D
sh688668,鼎通科技,2025-10-30 13:06:48,94.2,8300,94.1,U
sh688668,鼎通科技,2025-10-30 13:08:08,94.31,2498,94.28,U
sh688668,鼎通科技,2025-10-30 13:08:44,94.24,3903,94.21,U
sh688668,鼎通科技,2025-10-30 13:09:05,94.2,8267,94.25,D
sh688668,鼎通科技,2025-10-30 13:09:08,94.2,9142,94.2,U
sh688668,鼎通科技,2025-10-30 13:09:14,94.22,2307,94.2,D
sh688668,鼎通科技,2025-10-30 13:09:38,94.2,4379,94.27,D
sh688668,鼎通科技,2025-10-30 13:09:53,94.27,4100,94.16,U
sh688668,鼎通科技,2025-10-30 13:09:56,94.08,5722,94.27,D
sh688668,鼎通科技,2025-10-30 13:09:59,94.0,74229,94.08,D
sh688668,鼎通科技,2025-10-30 13:10:02,94.0,23398,94.0,D
sh688668,鼎通科技,2025-10-30 13:10:05,93.96,5214,94.0,D
sh688668,鼎通科技,2025-10-30 13:10:11,93.88,2659,93.91,D
sh688668,鼎通科技,2025-10-30 13:10:14,93.8,6967,93.88,D
sh688668,鼎通科技,2025-10-30 13:10:17,93.8,3588,93.8,D
sh688668,鼎通科技,2025-10-30 13:10:23,93.8,2266,93.8,U
sh688668,鼎通科技,2025-10-30 13:10:29,93.78,4487,93.78,D
sh688668,鼎通科技,2025-10-30 13:10:38,93.65,5094,93.69,D
sh688668,鼎通科技,2025-10-30 13:10:41,93.65,2800,93.65,U
sh688668,鼎通科技,2025-10-30 13:10:45,93.65,4007,93.65,U
sh688668,鼎通科技,2025-10-30 13:10:47,93.62,4663,93.65,U
sh688668,鼎通科技,2025-10-30 13:10:53,93.58,2639,93.6,D
sh688668,鼎通科技,2025-10-30 13:10:59,93.58,2657,93.58,D
sh688668,鼎通科技,2025-10-30 13:11:06,93.55,2200,93.55,U
sh688668,鼎通科技,2025-10-30 13:11:08,93.55,2579,93.55,U
sh688668,鼎通科技,2025-10-30 13:11:14,93.51,5390,93.54,D
sh688668,鼎通科技,2025-10-30 13:11:18,93.5,2358,93.51,D
sh688668,鼎通科技,2025-10-30 13:11:20,93.5,6036,93.5,D
sh688668,鼎通科技,2025-10-30 13:11:23,93.5,4243,93.5,U
sh688668,鼎通科技,2025-10-30 13:12:14,93.29,3533,93.29,U
sh688668,鼎通科技,2025-10-30 13:12:32,93.0,24898,93.11,D
sh688668,鼎通科技,2025-10-30 13:12:35,93.0,2759,93.0,U
sh688668,鼎通科技,2025-10-30 13:12:38,92.99,4472,93.0,E
sh688668,鼎通科技,2025-10-30 13:12:50,92.8,4665,92.8,D
sh688668,鼎通科技,2025-10-30 13:12:53,92.86,12083,92.8,U
sh688668,鼎通科技,2025-10-30 13:12:59,92.8,6593,92.75,E
sh688668,鼎通科技,2025-10-30 13:13:08,92.7,4284,92.8,D
sh688668,鼎通科技,2025-10-30 13:13:12,92.75,2432,92.7,D
sh688668,鼎通科技,2025-10-30 13:13:14,92.76,2947,92.75,U
sh688668,鼎通科技,2025-10-30 13:13:17,92.7,3435,92.76,D
sh688668,鼎通科技,2025-10-30 13:13:27,92.68,4153,92.73,D
sh688668,鼎通科技,2025-10-30 13:13:44,92.74,26772,92.64,U
sh688668,鼎通科技,2025-10-30 13:13:47,92.63,30731,92.74,D
sh688668,鼎通科技,2025-10-30 13:13:50,92.5,42000,92.63,D
sh688668,鼎通科技,2025-10-30 13:13:56,92.7,2257,92.64,E
sh688668,鼎通科技,2025-10-30 13:14:02,92.69,4349,92.69,U
sh688668,鼎通科技,2025-10-30 13:14:05,92.75,9171,92.69,U
sh688668,鼎通科技,2025-10-30 13:14:08,92.75,5026,92.75,U
sh688668,鼎通科技,2025-10-30 13:14:11,92.75,3993,92.75,U
sh688668,鼎通科技,2025-10-30 13:14:17,92.7,5080,92.7,U
sh688668,鼎通科技,2025-10-30 13:14:23,92.66,3474,92.69,D
sh688668,鼎通科技,2025-10-30 13:14:29,92.66,3148,92.66,U
sh688668,鼎通科技,2025-10-30 13:14:38,92.69,2736,92.69,U
sh688668,鼎通科技,2025-10-30 13:14:41,92.66,4219,92.69,D
sh688668,鼎通科技,2025-10-30 13:14:44,92.6,12608,92.66,D
sh688668,鼎通科技,2025-10-30 13:15:05,92.94,2374,92.95,D
sh688668,鼎通科技,2025-10-30 13:15:23,93.0,2271,92.98,U
sh688668,鼎通科技,2025-10-30 13:15:35,93.0,5482,93.12,D
sh688668,鼎通科技,2025-10-30 13:15:56,93.1,3480,93.1,U
sh688668,鼎通科技,2025-10-30 13:16:47,93.12,5400,93.12,U
sh688668,鼎通科技,2025-10-30 13:17:11,93.16,3423,93.16,D
sh688668,鼎通科技,2025-10-30 13:17:14,93.32,7908,93.16,U
sh688668,鼎通科技,2025-10-30 13:17:23,93.97,5553,93.5,U
sh688668,鼎通科技,2025-10-30 13:17:36,94.03,4502,93.6,U
sh688668,鼎通科技,2025-10-30 13:18:00,93.8,7000,93.59,E
sh688668,鼎通科技,2025-10-30 13:18:08,93.62,3419,93.6,U
sh688668,鼎通科技,2025-10-30 13:18:11,93.6,2180,93.62,U
sh688668,鼎通科技,2025-10-30 13:18:17,93.57,4139,93.6,D
sh688668,鼎通科技,2025-10-30 13:18:53,93.78,2417,93.6,U
sh688668,鼎通科技,2025-10-30 13:19:02,93.77,3615,93.78,E
sh688668,鼎通科技,2025-10-30 13:19:29,93.75,2900,93.76,E
sh688668,鼎通科技,2025-10-30 13:19:53,93.83,2415,93.62,U
sh688668,鼎通科技,2025-10-30 13:20:44,93.57,3464,93.57,D
sh688668,鼎通科技,2025-10-30 13:20:50,93.5,8546,93.56,D
sh688668,鼎通科技,2025-10-30 13:20:59,93.5,2190,93.45,U
sh688668,鼎通科技,2025-10-30 13:21:35,93.4,2226,93.49,D
sh688668,鼎通科技,2025-10-30 13:22:32,93.4,6253,93.41,D
sh688668,鼎通科技,2025-10-30 13:22:35,93.39,20361,93.4,D
sh688668,鼎通科技,2025-10-30 13:22:56,93.45,2506,93.39,U
sh688668,鼎通科技,2025-10-30 13:24:35,93.78,2488,93.64,U
sh688668,鼎通科技,2025-10-30 13:24:47,93.8,2282,93.78,U
sh688668,鼎通科技,2025-10-30 13:25:12,93.97,2986,93.8,U
sh688668,鼎通科技,2025-10-30 13:25:29,93.99,6154,93.83,U
sh688668,鼎通科技,2025-10-30 13:26:29,93.95,11903,93.82,U
sh688668,鼎通科技,2025-10-30 13:27:29,94.0,4050,93.97,U
sh688668,鼎通科技,2025-10-30 13:27:38,94.0,2490,93.94,U
sh688668,鼎通科技,2025-10-30 13:29:26,93.95,2303,93.93,U
sh688668,鼎通科技,2025-10-30 13:30:08,93.87,4009,93.9,D
sh688668,鼎通科技,2025-10-30 13:30:15,94.0,10774,93.86,U
sh688668,鼎通科技,2025-10-30 13:31:18,94.03,3410,94.03,U
sh688668,鼎通科技,2025-10-30 13:32:35,93.97,2888,93.92,U
sh688668,鼎通科技,2025-10-30 13:32:59,94.0,2840,93.97,U
sh688668,鼎通科技,2025-10-30 13:37:35,94.42,2240,94.42,D
sh688668,鼎通科技,2025-10-30 13:38:05,94.8,2442,94.51,U
sh688668,鼎通科技,2025-10-30 13:38:17,94.71,17911,94.55,U
sh688668,鼎通科技,2025-10-30 13:38:56,94.45,2484,94.52,E
sh688668,鼎通科技,2025-10-30 13:40:08,94.52,5389,94.52,D
sh688668,鼎通科技,2025-10-30 13:40:44,94.26,2772,94.26,D
sh688668,鼎通科技,2025-10-30 13:42:03,94.26,2442,94.4,D
sh688668,鼎通科技,2025-10-30 13:43:41,94.25,7701,94.24,U
sh688668,鼎通科技,2025-10-30 13:44:50,94.26,2897,94.26,D
sh688668,鼎通科技,2025-10-30 13:44:56,94.01,20523,94.25,D
sh688668,鼎通科技,2025-10-30 13:45:05,94.0,2562,94.0,D
sh688668,鼎通科技,2025-10-30 13:45:35,94.31,20000,94.41,U
sh688668,鼎通科技,2025-10-30 13:45:59,94.0,16573,94.0,D
sh688668,鼎通科技,2025-10-30 13:46:02,93.95,2516,94.0,D
sh688668,鼎通科技,2025-10-30 13:46:35,93.81,2523,93.85,D
sh688668,鼎通科技,2025-10-30 13:47:11,93.81,2861,93.82,D
sh688668,鼎通科技,2025-10-30 13:50:29,93.8,13390,93.72,U
sh688668,鼎通科技,2025-10-30 13:53:48,93.76,3704,93.76,U
sh688668,鼎通科技,2025-10-30 13:53:56,93.76,3061,93.76,U
sh688668,鼎通科技,2025-10-30 13:54:05,93.75,2319,93.76,D
sh688668,鼎通科技,2025-10-30 13:54:23,93.75,4105,93.75,U
sh688668,鼎通科技,2025-10-30 13:54:44,93.76,2271,93.76,U
sh688668,鼎通科技,2025-10-30 13:55:14,93.8,3200,93.8,U
sh688668,鼎通科技,2025-10-30 13:55:23,93.81,3200,93.81,U
sh688668,鼎通科技,2025-10-30 13:56:05,94.99,30000,93.85,U
sh688668,鼎通科技,2025-10-30 13:58:50,94.5,2466,94.23,U
sh688668,鼎通科技,2025-10-30 13:59:38,94.22,7715,94.25,D
sh688668,鼎通科技,2025-10-30 13:59:44,94.2,4081,94.21,D
sh688668,鼎通科技,2025-10-30 14:02:56,94.44,5145,94.14,U
sh688668,鼎通科技,2025-10-30 14:03:05,94.1,3441,94.15,D
sh688668,鼎通科技,2025-10-30 14:03:08,94.04,2938,94.1,D
sh688668,鼎通科技,2025-10-30 14:04:02,94.05,2415,94.07,D
sh688668,鼎通科技,2025-10-30 14:04:05,94.04,11826,94.05,D
sh688668,鼎通科技,2025-10-30 14:04:14,94.03,4701,94.04,D
sh688668,鼎通科技,2025-10-30 14:07:24,93.85,2500,93.86,D
sh688668,鼎通科技,2025-10-30 14:07:27,93.86,13810,93.85,U
sh688668,鼎通科技,2025-10-30 14:07:54,93.79,2837,93.94,D
sh688668,鼎通科技,2025-10-30 14:08:29,93.76,2395,93.76,D
sh688668,鼎通科技,2025-10-30 14:09:56,93.8,2220,93.79,U
sh688668,鼎通科技,2025-10-30 14:11:41,93.75,3882,93.76,D
sh688668,鼎通科技,2025-10-30 14:12:30,93.7,3678,93.7,D
sh688668,鼎通科技,2025-10-30 14:13:30,93.64,2823,93.69,D
sh688668,鼎通科技,2025-10-30 14:13:35,93.6,7400,93.64,D
sh688668,鼎通科技,2025-10-30 14:14:20,93.5,6600,93.53,D
sh688668,鼎通科技,2025-10-30 14:14:23,93.46,3337,93.5,D
sh688668,鼎通科技,2025-10-30 14:14:41,93.4,2682,93.41,D
sh688668,鼎通科技,2025-10-30 14:15:17,93.4,9667,93.4,D
sh688668,鼎通科技,2025-10-30 14:15:41,93.3,2702,93.33,D
sh688668,鼎通科技,2025-10-30 14:15:53,93.31,2200,93.29,U
sh688668,鼎通科技,2025-10-30 14:16:08,93.33,3728,93.29,U
sh688668,鼎通科技,2025-10-30 14:16:50,93.41,5250,93.33,U
sh688668,鼎通科技,2025-10-30 14:17:53,93.58,3066,93.64,D
sh688668,鼎通科技,2025-10-30 14:17:56,93.66,4313,93.58,U
sh688668,鼎通科技,2025-10-30 14:19:29,93.64,2380,93.65,E
sh688668,鼎通科技,2025-10-30 14:19:47,93.57,8277,93.59,D
sh688668,鼎通科技,2025-10-30 14:19:50,93.5,2293,93.57,D
sh688668,鼎通科技,2025-10-30 14:20:23,93.46,4080,93.5,D
sh688668,鼎通科技,2025-10-30 14:20:26,93.5,6991,93.46,U
sh688668,鼎通科技,2025-10-30 14:20:29,93.51,9520,93.5,D
sh688668,鼎通科技,2025-10-30 14:20:32,93.51,8597,93.51,D
sh688668,鼎通科技,2025-10-30 14:20:35,93.51,10169,93.51,D
sh688668,鼎通科技,2025-10-30 14:20:44,93.51,5000,93.51,D
sh688668,鼎通科技,2025-10-30 14:21:08,93.51,7125,93.51,D
sh688668,鼎通科技,2025-10-30 14:25:26,93.42,3943,93.43,D
sh688668,鼎通科技,2025-10-30 14:25:29,93.43,3212,93.42,E
sh688668,鼎通科技,2025-10-30 14:26:05,93.4,2224,93.43,D
sh688668,鼎通科技,2025-10-30 14:26:53,93.42,5901,93.42,D
sh688668,鼎通科技,2025-10-30 14:27:08,93.36,2465,93.36,D
sh688668,鼎通科技,2025-10-30 14:27:56,93.31,3450,93.33,D
sh688668,鼎通科技,2025-10-30 14:28:08,93.28,7500,93.31,D
sh688668,鼎通科技,2025-10-30 14:28:11,93.27,4316,93.28,D
sh688668,鼎通科技,2025-10-30 14:28:59,93.25,11210,93.28,D
sh688668,鼎通科技,2025-10-30 14:29:17,93.3,5540,93.27,U
sh688668,鼎通科技,2025-10-30 14:29:59,93.47,13858,93.31,U
sh688668,鼎通科技,2025-10-30 14:30:02,93.47,3729,93.47,D
sh688668,鼎通科技,2025-10-30 14:30:35,93.59,7505,93.57,U
sh688668,鼎通科技,2025-10-30 14:30:53,93.54,24934,93.72,D
sh688668,鼎通科技,2025-10-30 14:31:02,93.8,8244,93.54,U
sh688668,鼎通科技,2025-10-30 14:31:32,93.83,3221,93.85,D
sh688668,鼎通科技,2025-10-30 14:32:53,93.89,2153,93.94,D
sh688668,鼎通科技,2025-10-30 14:32:59,93.8,38316,93.86,D
sh688668,鼎通科技,2025-10-30 14:33:05,93.8,5525,93.8,D
sh688668,鼎通科技,2025-10-30 14:33:08,93.8,2748,93.8,D
sh688668,鼎通科技,2025-10-30 14:33:14,93.86,7533,93.8,D
sh688668,鼎通科技,2025-10-30 14:33:41,93.8,3000,93.86,D
sh688668,鼎通科技,2025-10-30 14:34:35,93.51,6000,93.71,D
sh688668,鼎通科技,2025-10-30 14:35:05,93.72,9000,93.72,D
sh688668,鼎通科技,2025-10-30 14:36:44,93.7,11661,93.72,D
sh688668,鼎通科技,2025-10-30 14:38:14,93.58,3312,93.54,U
sh688668,鼎通科技,2025-10-30 14:39:32,93.72,2607,93.72,D
sh688668,鼎通科技,2025-10-30 14:39:35,93.74,4073,93.72,U
sh688668,鼎通科技,2025-10-30 14:41:35,93.61,4605,93.67,D
sh688668,鼎通科技,2025-10-30 14:41:41,93.61,3602,93.61,U
sh688668,鼎通科技,2025-10-30 14:41:57,93.57,15300,93.55,U
sh688668,鼎通科技,2025-10-30 14:42:17,93.5,19795,93.55,D
sh688668,鼎通科技,2025-10-30 14:42:33,93.51,4534,93.48,D
sh688668,鼎通科技,2025-10-30 14:42:35,93.37,10466,93.51,D
sh688668,鼎通科技,2025-10-30 14:42:59,93.3,8430,93.37,D
sh688668,鼎通科技,2025-10-30 14:43:11,93.2,3117,93.3,D
sh688668,鼎通科技,2025-10-30 14:43:23,93.1,3685,93.18,D
sh688668,鼎通科技,2025-10-30 14:43:32,93.1,3620,93.19,D
sh688668,鼎通科技,2025-10-30 14:43:44,93.2,4195,93.2,D
sh688668,鼎通科技,2025-10-30 14:44:17,93.19,3400,93.19,U
sh688668,鼎通科技,2025-10-30 14:44:20,93.19,3570,93.19,U
sh688668,鼎通科技,2025-10-30 14:44:23,93.2,5936,93.19,U
sh688668,鼎通科技,2025-10-30 14:45:47,93.5,4654,93.38,U
sh688668,鼎通科技,2025-10-30 14:46:08,93.38,14315,93.35,U
sh688668,鼎通科技,2025-10-30 14:47:54,93.33,2300,93.38,D
sh688668,鼎通科技,2025-10-30 14:48:20,93.38,3000,93.49,D
sh688668,鼎通科技,2025-10-30 14:48:26,93.49,2148,93.49,U
sh688668,鼎通科技,2025-10-30 14:48:29,93.32,10000,93.49,D
sh688668,鼎通科技,2025-10-30 14:49:50,93.41,3863,93.44,D
sh688668,鼎通科技,2025-10-30 14:49:53,93.44,2200,93.41,U
sh688668,鼎通科技,2025-10-30 14:49:56,93.44,4353,93.44,U
sh688668,鼎通科技,2025-10-30 14:49:59,93.41,2819,93.44,D
sh688668,鼎通科技,2025-10-30 14:50:29,93.35,3208,93.4,D
sh688668,鼎通科技,2025-10-30 14:50:38,93.34,9655,93.34,D
sh688668,鼎通科技,2025-10-30 14:50:41,93.34,5025,93.34,D
sh688668,鼎通科技,2025-10-30 14:50:44,93.34,2500,93.34,D
sh688668,鼎通科技,2025-10-30 14:50:53,93.34,5000,93.34,D
sh688668,鼎通科技,2025-10-30 14:51:02,93.34,4200,93.34,D
sh688668,鼎通科技,2025-10-30 14:51:11,93.38,4053,93.35,U
sh688668,鼎通科技,2025-10-30 14:51:23,93.22,13980,93.34,D
sh688668,鼎通科技,2025-10-30 14:51:26,93.22,2922,93.22,D
sh688668,鼎通科技,2025-10-30 14:51:29,93.19,50000,93.22,D
sh688668,鼎通科技,2025-10-30 14:51:38,93.19,2966,93.33,D
sh688668,鼎通科技,2025-10-30 14:51:47,93.1,8487,93.19,D
sh688668,鼎通科技,2025-10-30 14:52:23,93.18,3023,93.19,D
sh688668,鼎通科技,2025-10-30 14:52:50,93.11,2596,93.11,U
sh688668,鼎通科技,2025-10-30 14:52:59,93.11,9907,93.1,U
sh688668,鼎通科技,2025-10-30 14:53:29,93.11,5500,93.08,U
sh688668,鼎通科技,2025-10-30 14:53:35,93.11,5900,93.08,U
sh688668,鼎通科技,2025-10-30 14:53:38,93.08,3000,93.11,D
sh688668,鼎通科技,2025-10-30 14:53:44,93.1,2318,93.11,D
sh688668,鼎通科技,2025-10-30 14:53:48,93.11,2669,93.1,U
sh688668,鼎通科技,2025-10-30 14:53:50,93.11,2300,93.11,U
sh688668,鼎通科技,2025-10-30 14:53:59,93.08,3119,93.11,D
sh688668,鼎通科技,2025-10-30 14:54:05,93.06,2574,93.07,D
sh688668,鼎通科技,2025-10-30 14:54:23,93.05,2592,93.05,U
sh688668,鼎通科技,2025-10-30 14:54:26,93.03,3333,93.05,E
sh688668,鼎通科技,2025-10-30 14:54:38,93.06,2708,93.06,D
sh688668,鼎通科技,2025-10-30 14:54:47,93.06,2699,93.06,D
sh688668,鼎通科技,2025-10-30 14:54:56,93.06,3000,93.06,U
sh688668,鼎通科技,2025-10-30 14:55:03,93.05,3206,93.08,D
sh688668,鼎通科技,2025-10-30 14:55:12,93.06,4517,93.06,D
sh688668,鼎通科技,2025-10-30 14:55:32,93.06,8060,93.07,D
sh688668,鼎通科技,2025-10-30 14:55:35,93.0,13837,93.06,D
sh688668,鼎通科技,2025-10-30 14:55:38,93.0,4434,93.0,D
sh688668,鼎通科技,2025-10-30 14:55:50,93.0,2300,93.0,D
sh688668,鼎通科技,2025-10-30 14:55:53,93.0,2187,93.0,D
sh688668,鼎通科技,2025-10-30 14:55:59,93.0,5018,93.0,D
sh688668,鼎通科技,2025-10-30 14:56:03,93.0,11460,93.0,D
sh688668,鼎通科技,2025-10-30 14:56:17,93.01,5842,93.06,D
sh688668,鼎通科技,2025-10-30 14:56:38,93.07,3529,93.07,U
sh688668,鼎通科技,2025-10-30 14:56:51,93.1,5474,93.07,U
sh688668,鼎通科技,2025-10-30 14:56:57,93.09,3000,93.07,E
sh688668,鼎通科技,2025-10-30 15:00:03,93.07,74128,93.15,U
