symbol,name,ticktime,price,volume,prev_price,kind
sh688668,鼎通科技,2025-09-25 09:25:02,102.41,16507,0.0,U
sh688668,鼎通科技,2025-09-25 09:30:02,102.51,6837,102.41,U
sh688668,鼎通科技,2025-09-25 09:30:05,102.16,8397,102.51,D
sh688668,鼎通科技,2025-09-25 09:30:11,102.1,4970,102.4,U
sh688668,鼎通科技,2025-09-25 09:30:14,102.1,3220,102.1,U
sh688668,鼎通科技,2025-09-25 09:30:17,102.26,11253,102.1,U
sh688668,鼎通科技,2025-09-25 09:30:20,102.26,4313,102.26,U
sh688668,鼎通科技,2025-09-25 09:30:23,102.26,10247,102.26,U
sh688668,鼎通科技,2025-09-25 09:30:26,102.31,6724,102.26,U
sh688668,鼎通科技,2025-09-25 09:30:32,102.63,10561,102.51,U
sh688668,鼎通科技,2025-09-25 09:30:35,103.0,10025,102.63,U
sh688668,鼎通科技,2025-09-25 09:30:38,103.0,3867,103.0,U
sh688668,鼎通科技,2025-09-25 09:30:41,103.22,13227,103.0,U
sh688668,鼎通科技,2025-09-25 09:30:44,103.01,4981,103.22,D
sh688668,鼎通科技,2025-09-25 09:30:47,102.91,4264,103.01,D
sh688668,鼎通科技,2025-09-25 09:30:50,102.92,3350,102.91,U
sh688668,鼎通科技,2025-09-25 09:30:56,102.8,7002,102.6,U
sh688668,鼎通科技,2025-09-25 09:30:59,102.44,4177,102.8,U
sh688668,鼎通科技,2025-09-25 09:31:02,102.53,2934,102.44,U
sh688668,鼎通科技,2025-09-25 09:31:08,102.79,11456,102.79,D
sh688668,鼎通科技,2025-09-25 09:31:14,102.98,4622,102.84,E
sh688668,鼎通科技,2025-09-25 09:31:20,103.38,2029,103.38,U
sh688668,鼎通科技,2025-09-25 09:31:23,103.41,2216,103.38,U
sh688668,鼎通科技,2025-09-25 09:31:26,103.5,2668,103.41,U
sh688668,鼎通科技,2025-09-25 09:31:35,103.9,4268,103.66,U
sh688668,鼎通科技,2025-09-25 09:31:41,103.38,3829,103.66,D
sh688668,鼎通科技,2025-09-25 09:31:44,103.35,3230,103.38,E
sh688668,鼎通科技,2025-09-25 09:31:47,103.21,2200,103.35,D
sh688668,鼎通科技,2025-09-25 09:31:50,103.21,2133,103.21,D
sh688668,鼎通科技,2025-09-25 09:31:56,103.37,2798,103.21,U
sh688668,鼎通科技,2025-09-25 09:31:59,103.4,2565,103.37,E
sh688668,鼎通科技,2025-09-25 09:32:11,102.8,2908,103.0,D
sh688668,鼎通科技,2025-09-25 09:32:23,103.03,2595,103.01,U
sh688668,鼎通科技,2025-09-25 09:32:29,103.4,14628,103.31,U
sh688668,鼎通科技,2025-09-25 09:32:32,103.31,6283,103.4,D
sh688668,鼎通科技,2025-09-25 09:32:41,103.7,2232,103.4,U
sh688668,鼎通科技,2025-09-25 09:32:47,103.89,4600,103.79,U
sh688668,鼎通科技,2025-09-25 09:32:50,103.78,4418,103.89,D
sh688668,鼎通科技,2025-09-25 09:32:53,103.78,4166,103.78,U
sh688668,鼎通科技,2025-09-25 09:32:56,103.63,1987,103.78,E
sh688668,鼎通科技,2025-09-25 09:32:59,103.62,1970,103.63,D
sh688668,鼎通科技,2025-09-25 09:33:02,103.62,2168,103.62,D
sh688668,鼎通科技,2025-09-25 09:33:05,103.75,7024,103.62,U
sh688668,鼎通科技,2025-09-25 09:33:08,103.57,11596,103.75,D
sh688668,鼎通科技,2025-09-25 09:33:11,103.62,2351,103.57,D
sh688668,鼎通科技,2025-09-25 09:33:14,103.85,6374,103.62,U
sh688668,鼎通科技,2025-09-25 09:33:17,103.85,2797,103.85,U
sh688668,鼎通科技,2025-09-25 09:33:20,103.62,2200,103.85,D
sh688668,鼎通科技,2025-09-25 09:33:32,103.58,2840,103.58,U
sh688668,鼎通科技,2025-09-25 09:33:38,103.45,6783,103.45,U
sh688668,鼎通科技,2025-09-25 09:33:41,103.46,2292,103.45,E
sh688668,鼎通科技,2025-09-25 09:33:59,103.49,4605,103.56,D
sh688668,鼎通科技,2025-09-25 09:34:05,103.36,3543,103.41,D
sh688668,鼎通科技,2025-09-25 09:34:11,103.36,2247,103.45,D
sh688668,鼎通科技,2025-09-25 09:34:14,103.36,2000,103.36,U
sh688668,鼎通科技,2025-09-25 09:34:20,103.23,1967,103.31,D
sh688668,鼎通科技,2025-09-25 09:34:23,103.18,2844,103.23,D
sh688668,鼎通科技,2025-09-25 09:34:29,103.0,1945,103.3,D
sh688668,鼎通科技,2025-09-25 09:34:41,103.21,3733,103.01,U
sh688668,鼎通科技,2025-09-25 09:34:50,103.1,4044,103.09,D
sh688668,鼎通科技,2025-09-25 09:34:56,103.21,2668,103.21,D
sh688668,鼎通科技,2025-09-25 09:34:59,103.21,2121,103.21,D
sh688668,鼎通科技,2025-09-25 09:35:05,103.22,2825,103.27,D
sh688668,鼎通科技,2025-09-25 09:35:11,103.1,2235,103.1,D
sh688668,鼎通科技,2025-09-25 09:35:32,103.34,8289,103.36,D
sh688668,鼎通科技,2025-09-25 09:35:35,103.34,3416,103.34,U
sh688668,鼎通科技,2025-09-25 09:35:56,103.1,10063,103.09,U
sh688668,鼎通科技,2025-09-25 09:36:08,103.45,4883,103.3,U
sh688668,鼎通科技,2025-09-25 09:36:17,103.44,2669,103.45,E
sh688668,鼎通科技,2025-09-25 09:36:29,103.0,38481,103.43,D
sh688668,鼎通科技,2025-09-25 09:36:32,102.98,6448,103.0,D
sh688668,鼎通科技,2025-09-25 09:36:38,102.9,2780,102.98,D
sh688668,鼎通科技,2025-09-25 09:36:41,103.45,4163,102.9,U
sh688668,鼎通科技,2025-09-25 09:36:44,102.99,4213,103.45,E
sh688668,鼎通科技,2025-09-25 09:36:47,102.96,3338,102.99,D
sh688668,鼎通科技,2025-09-25 09:36:56,103.44,2019,103.0,U
sh688668,鼎通科技,2025-09-25 09:37:08,103.07,2174,103.17,D
sh688668,鼎通科技,2025-09-25 09:37:14,103.3,2389,103.38,E
sh688668,鼎通科技,2025-09-25 09:37:41,103.01,4924,103.2,D
sh688668,鼎通科技,2025-09-25 09:37:44,103.08,2297,103.01,U
sh688668,鼎通科技,2025-09-25 09:37:53,103.02,2561,103.02,D
sh688668,鼎通科技,2025-09-25 09:38:05,103.02,4293,102.98,U
sh688668,鼎通科技,2025-09-25 09:38:08,103.2,9943,103.02,U
sh688668,鼎通科技,2025-09-25 09:38:20,103.01,2311,103.1,D
sh688668,鼎通科技,2025-09-25 09:38:47,102.9,2867,102.9,U
sh688668,鼎通科技,2025-09-25 09:38:50,102.91,3871,102.9,U
sh688668,鼎通科技,2025-09-25 09:39:17,102.79,6975,103.01,D
sh688668,鼎通科技,2025-09-25 09:39:23,102.5,2842,102.71,D
sh688668,鼎通科技,2025-09-25 09:39:29,102.6,4167,102.5,U
sh688668,鼎通科技,2025-09-25 09:39:35,102.51,4916,102.52,D
sh688668,鼎通科技,2025-09-25 09:39:38,102.5,2085,102.51,D
sh688668,鼎通科技,2025-09-25 09:39:41,102.5,3563,102.5,D
sh688668,鼎通科技,2025-09-25 09:39:47,102.5,2639,102.51,D
sh688668,鼎通科技,2025-09-25 09:39:50,102.51,2066,102.5,U
sh688668,鼎通科技,2025-09-25 09:39:59,102.6,3733,102.51,U
sh688668,鼎通科技,2025-09-25 09:40:02,102.59,3290,102.6,D
sh688668,鼎通科技,2025-09-25 09:40:20,102.81,5762,102.72,U
sh688668,鼎通科技,2025-09-25 09:40:23,102.84,5091,102.81,E
sh688668,鼎通科技,2025-09-25 09:40:35,103.0,3933,103.0,U
sh688668,鼎通科技,2025-09-25 09:40:47,103.15,2964,103.16,D
sh688668,鼎通科技,2025-09-25 09:40:50,103.2,9116,103.15,U
sh688668,鼎通科技,2025-09-25 09:40:53,103.21,6070,103.2,U
sh688668,鼎通科技,2025-09-25 09:40:59,103.21,6422,103.26,D
sh688668,鼎通科技,2025-09-25 09:41:02,103.26,3335,103.21,U
sh688668,鼎通科技,2025-09-25 09:41:08,103.26,2758,103.26,U
sh688668,鼎通科技,2025-09-25 09:41:11,103.28,4772,103.26,E
sh688668,鼎通科技,2025-09-25 09:41:17,103.28,2133,103.28,D
sh688668,鼎通科技,2025-09-25 09:41:41,103.31,3574,103.44,D
sh688668,鼎通科技,2025-09-25 09:41:47,103.45,2055,103.31,U
sh688668,鼎通科技,2025-09-25 09:41:50,103.45,2635,103.45,D
sh688668,鼎通科技,2025-09-25 09:41:59,103.44,3192,103.33,D
sh688668,鼎通科技,2025-09-25 09:42:02,103.45,4104,103.44,U
sh688668,鼎通科技,2025-09-25 09:42:05,103.44,2700,103.45,D
sh688668,鼎通科技,2025-09-25 09:42:11,103.56,3312,103.45,U
sh688668,鼎通科技,2025-09-25 09:42:14,103.54,3327,103.56,E
sh688668,鼎通科技,2025-09-25 09:42:35,103.56,4461,103.45,U
sh688668,鼎通科技,2025-09-25 09:42:38,103.56,9800,103.56,D
sh688668,鼎通科技,2025-09-25 09:42:41,103.53,2018,103.56,D
sh688668,鼎通科技,2025-09-25 09:42:44,103.51,6019,103.53,D
sh688668,鼎通科技,2025-09-25 09:42:53,103.32,15766,103.44,D
sh688668,鼎通科技,2025-09-25 09:43:02,103.22,5600,103.26,D
sh688668,鼎通科技,2025-09-25 09:43:50,102.89,4768,102.92,D
sh688668,鼎通科技,2025-09-25 09:44:05,102.89,6921,102.86,U
sh688668,鼎通科技,2025-09-25 09:44:08,102.94,16794,102.89,U
sh688668,鼎通科技,2025-09-25 09:44:11,102.9,9421,102.94,D
sh688668,鼎通科技,2025-09-25 09:44:14,103.26,7829,102.9,E
sh688668,鼎通科技,2025-09-25 09:44:17,102.9,3705,103.26,D
sh688668,鼎通科技,2025-09-25 09:44:20,103.26,2356,102.9,U
sh688668,鼎通科技,2025-09-25 09:44:23,103.0,6345,103.26,D
sh688668,鼎通科技,2025-09-25 09:44:26,103.0,2778,103.0,D
sh688668,鼎通科技,2025-09-25 09:44:29,102.92,3950,103.0,D
sh688668,鼎通科技,2025-09-25 09:44:38,102.99,3342,102.99,U
sh688668,鼎通科技,2025-09-25 09:44:50,102.97,2935,103.0,D
sh688668,鼎通科技,2025-09-25 09:44:53,103.0,4151,102.97,U
sh688668,鼎通科技,2025-09-25 09:44:56,103.0,2346,103.0,U
sh688668,鼎通科技,2025-09-25 09:45:02,103.0,7767,103.0,U
sh688668,鼎通科技,2025-09-25 09:45:08,103.0,2340,103.01,D
sh688668,鼎通科技,2025-09-25 09:45:14,103.02,4296,103.02,U
sh688668,鼎通科技,2025-09-25 09:45:17,103.02,2851,103.02,D
sh688668,鼎通科技,2025-09-25 09:45:32,103.01,2991,103.02,E
sh688668,鼎通科技,2025-09-25 09:45:41,102.88,13794,103.01,D
sh688668,鼎通科技,2025-09-25 09:45:44,102.88,2373,102.88,U
sh688668,鼎通科技,2025-09-25 09:45:50,102.73,5867,102.88,D
sh688668,鼎通科技,2025-09-25 09:46:05,102.5,13810,102.61,D
sh688668,鼎通科技,2025-09-25 09:46:14,102.42,3135,102.44,D
sh688668,鼎通科技,2025-09-25 09:46:17,102.31,13403,102.42,D
sh688668,鼎通科技,2025-09-25 09:46:20,102.22,19167,102.31,D
sh688668,鼎通科技,2025-09-25 09:46:23,102.32,3390,102.22,U
sh688668,鼎通科技,2025-09-25 09:46:26,102.31,2302,102.32,U
sh688668,鼎通科技,2025-09-25 09:46:29,102.2,3314,102.31,D
sh688668,鼎通科技,2025-09-25 09:46:35,102.23,2570,102.23,D
sh688668,鼎通科技,2025-09-25 09:46:38,102.2,3916,102.23,D
sh688668,鼎通科技,2025-09-25 09:46:41,102.22,9411,102.2,U
sh688668,鼎通科技,2025-09-25 09:46:44,102.2,3613,102.22,D
sh688668,鼎通科技,2025-09-25 09:46:47,102.0,19236,102.2,D
sh688668,鼎通科技,2025-09-25 09:46:50,102.0,5054,102.0,D
sh688668,鼎通科技,2025-09-25 09:46:53,102.0,2838,102.0,D
sh688668,鼎通科技,2025-09-25 09:46:56,102.0,3982,102.0,D
sh688668,鼎通科技,2025-09-25 09:47:02,101.8,2501,102.0,D
sh688668,鼎通科技,2025-09-25 09:47:05,101.8,4835,101.8,D
sh688668,鼎通科技,2025-09-25 09:47:08,101.68,2320,101.8,D
sh688668,鼎通科技,2025-09-25 09:47:14,101.58,2225,101.61,D
sh688668,鼎通科技,2025-09-25 09:47:23,101.61,3094,101.52,U
sh688668,鼎通科技,2025-09-25 09:47:26,101.5,8989,101.61,D
sh688668,鼎通科技,2025-09-25 09:47:29,101.48,15755,101.5,D
sh688668,鼎通科技,2025-09-25 09:47:41,101.3,3475,101.3,U
sh688668,鼎通科技,2025-09-25 09:47:44,101.26,6112,101.3,E
sh688668,鼎通科技,2025-09-25 09:47:50,101.21,3142,101.23,D
sh688668,鼎通科技,2025-09-25 09:47:53,101.21,10239,101.21,D
sh688668,鼎通科技,2025-09-25 09:47:56,101.25,8409,101.21,U
sh688668,鼎通科技,2025-09-25 09:47:59,101.25,4662,101.25,D
sh688668,鼎通科技,2025-09-25 09:48:05,101.25,9277,101.25,D
sh688668,鼎通科技,2025-09-25 09:48:11,101.26,2902,101.25,D
sh688668,鼎通科技,2025-09-25 09:48:14,101.23,7950,101.26,D
sh688668,鼎通科技,2025-09-25 09:48:17,101.22,3314,101.23,D
sh688668,鼎通科技,2025-09-25 09:48:20,101.23,2200,101.22,U
sh688668,鼎通科技,2025-09-25 09:48:26,101.12,12884,101.21,D
sh688668,鼎通科技,2025-09-25 09:48:29,100.94,41510,101.12,D
sh688668,鼎通科技,2025-09-25 09:48:35,100.6,7992,100.92,D
sh688668,鼎通科技,2025-09-25 09:48:38,100.6,7894,100.6,D
sh688668,鼎通科技,2025-09-25 09:48:41,100.6,2763,100.6,D
sh688668,鼎通科技,2025-09-25 09:48:44,100.6,5969,100.6,U
sh688668,鼎通科技,2025-09-25 09:48:47,100.51,6407,100.6,D
sh688668,鼎通科技,2025-09-25 09:48:50,100.46,6992,100.51,D
sh688668,鼎通科技,2025-09-25 09:48:53,100.59,10987,100.46,U
sh688668,鼎通科技,2025-09-25 09:48:56,100.6,11481,100.59,U
sh688668,鼎通科技,2025-09-25 09:48:59,100.51,5514,100.6,D
sh688668,鼎通科技,2025-09-25 09:49:02,100.51,7817,100.51,D
sh688668,鼎通科技,2025-09-25 09:49:11,100.44,3278,100.41,E
sh688668,鼎通科技,2025-09-25 09:49:14,100.41,20837,100.44,D
sh688668,鼎通科技,2025-09-25 09:49:17,100.41,5907,100.41,U
sh688668,鼎通科技,2025-09-25 09:49:20,100.44,6952,100.41,U
sh688668,鼎通科技,2025-09-25 09:49:23,100.55,4792,100.44,E
sh688668,鼎通科技,2025-09-25 09:49:26,100.36,4846,100.55,D
sh688668,鼎通科技,2025-09-25 09:49:29,100.27,11095,100.36,D
sh688668,鼎通科技,2025-09-25 09:49:32,100.2,3100,100.27,D
sh688668,鼎通科技,2025-09-25 09:49:35,100.15,5776,100.2,D
sh688668,鼎通科技,2025-09-25 09:49:38,100.18,3106,100.15,D
sh688668,鼎通科技,2025-09-25 09:49:41,100.01,11224,100.18,D
sh688668,鼎通科技,2025-09-25 09:49:44,100.01,29042,100.01,D
sh688668,鼎通科技,2025-09-25 09:49:47,99.88,27755,100.01,D
sh688668,鼎通科技,2025-09-25 09:49:50,100.05,33424,99.88,U
sh688668,鼎通科技,2025-09-25 09:49:53,100.18,12661,100.05,U
sh688668,鼎通科技,2025-09-25 09:49:56,100.0,5111,100.18,E
sh688668,鼎通科技,2025-09-25 09:49:59,99.89,7993,100.0,E
sh688668,鼎通科技,2025-09-25 09:50:02,99.76,5735,99.89,D
sh688668,鼎通科技,2025-09-25 09:50:05,99.7,2600,99.76,E
sh688668,鼎通科技,2025-09-25 09:50:08,99.74,13531,99.7,E
sh688668,鼎通科技,2025-09-25 09:50:11,99.76,7942,99.74,U
sh688668,鼎通科技,2025-09-25 09:50:14,99.63,10402,99.76,D
sh688668,鼎通科技,2025-09-25 09:50:17,99.86,12117,99.63,U
sh688668,鼎通科技,2025-09-25 09:50:20,99.63,16851,99.86,D
sh688668,鼎通科技,2025-09-25 09:50:23,99.82,3388,99.63,E
sh688668,鼎通科技,2025-09-25 09:50:26,99.8,5928,99.82,E
sh688668,鼎通科技,2025-09-25 09:50:29,99.63,7890,99.8,D
sh688668,鼎通科技,2025-09-25 09:50:32,99.63,2818,99.63,D
sh688668,鼎通科技,2025-09-25 09:50:35,99.83,2340,99.63,E
sh688668,鼎通科技,2025-09-25 09:50:38,99.84,11300,99.83,U
sh688668,鼎通科技,2025-09-25 09:50:41,99.8,6144,99.84,D
sh688668,鼎通科技,2025-09-25 09:50:44,99.86,3588,99.8,U
sh688668,鼎通科技,2025-09-25 09:50:47,99.84,2819,99.86,D
sh688668,鼎通科技,2025-09-25 09:50:53,99.8,8412,99.84,D
sh688668,鼎通科技,2025-09-25 09:50:59,99.8,2818,99.84,U
sh688668,鼎通科技,2025-09-25 09:51:02,99.8,3642,99.8,D
sh688668,鼎通科技,2025-09-25 09:51:05,99.66,6824,99.8,D
sh688668,鼎通科技,2025-09-25 09:51:08,99.44,50919,99.66,D
sh688668,鼎通科技,2025-09-25 09:51:11,99.64,8477,99.44,U
sh688668,鼎通科技,2025-09-25 09:51:14,99.81,13237,99.64,U
sh688668,鼎通科技,2025-09-25 09:51:17,99.8,10143,99.81,D
sh688668,鼎通科技,2025-09-25 09:51:20,99.69,6677,99.8,D
sh688668,鼎通科技,2025-09-25 09:51:23,99.66,2668,99.69,U
sh688668,鼎通科技,2025-09-25 09:51:26,99.6,4326,99.66,D
sh688668,鼎通科技,2025-09-25 09:51:29,99.62,2397,99.6,E
sh688668,鼎通科技,2025-09-25 09:51:32,99.62,6027,99.62,U
sh688668,鼎通科技,2025-09-25 09:51:35,99.56,4831,99.62,E
sh688668,鼎通科技,2025-09-25 09:51:38,99.55,5734,99.56,E
sh688668,鼎通科技,2025-09-25 09:51:41,99.62,24549,99.55,U
sh688668,鼎通科技,2025-09-25 09:51:44,99.61,6307,99.62,D
sh688668,鼎通科技,2025-09-25 09:51:47,99.64,6207,99.61,U
sh688668,鼎通科技,2025-09-25 09:51:50,99.52,6438,99.64,D
sh688668,鼎通科技,2025-09-25 09:51:53,99.59,13844,99.52,U
sh688668,鼎通科技,2025-09-25 09:51:56,99.59,13585,99.59,D
sh688668,鼎通科技,2025-09-25 09:51:59,99.74,3328,99.59,U
sh688668,鼎通科技,2025-09-25 09:52:02,99.74,15203,99.74,U
sh688668,鼎通科技,2025-09-25 09:52:05,99.74,7595,99.74,U
sh688668,鼎通科技,2025-09-25 09:52:08,99.74,2845,99.74,D
sh688668,鼎通科技,2025-09-25 09:52:11,99.66,10062,99.74,D
sh688668,鼎通科技,2025-09-25 09:52:17,99.68,3057,99.71,D
sh688668,鼎通科技,2025-09-25 09:52:20,99.67,4861,99.68,D
sh688668,鼎通科技,2025-09-25 09:52:23,99.9,19367,99.67,U
sh688668,鼎通科技,2025-09-25 09:52:26,99.82,3814,99.9,D
sh688668,鼎通科技,2025-09-25 09:52:29,99.99,5509,99.82,U
sh688668,鼎通科技,2025-09-25 09:52:35,99.98,2100,99.82,U
sh688668,鼎通科技,2025-09-25 09:52:47,100.05,13946,99.97,U
sh688668,鼎通科技,2025-09-25 09:52:53,100.08,5273,100.35,E
sh688668,鼎通科技,2025-09-25 09:52:56,100.35,3095,100.08,E
sh688668,鼎通科技,2025-09-25 09:52:59,100.46,17425,100.35,U
sh688668,鼎通科技,2025-09-25 09:53:02,100.88,2987,100.46,U
sh688668,鼎通科技,2025-09-25 09:53:05,100.5,3724,100.88,D
sh688668,鼎通科技,2025-09-25 09:53:08,100.78,4867,100.5,D
sh688668,鼎通科技,2025-09-25 09:53:14,100.98,18878,100.8,U
sh688668,鼎通科技,2025-09-25 09:53:17,101.0,23240,100.98,U
sh688668,鼎通科技,2025-09-25 09:53:20,100.98,6629,101.0,D
sh688668,鼎通科技,2025-09-25 09:53:23,100.99,3597,100.98,E
sh688668,鼎通科技,2025-09-25 09:53:29,100.86,4242,100.94,D
sh688668,鼎通科技,2025-09-25 09:53:35,100.86,8800,100.85,U
sh688668,鼎通科技,2025-09-25 09:53:41,100.78,3822,100.85,D
sh688668,鼎通科技,2025-09-25 09:53:47,100.76,3541,100.55,E
sh688668,鼎通科技,2025-09-25 09:53:56,100.56,5028,100.75,E
sh688668,鼎通科技,2025-09-25 09:53:59,100.75,5230,100.56,U
sh688668,鼎通科技,2025-09-25 09:54:05,100.86,9641,100.86,U
sh688668,鼎通科技,2025-09-25 09:54:08,101.01,13039,100.86,E
sh688668,鼎通科技,2025-09-25 09:54:11,100.92,2418,101.01,D
sh688668,鼎通科技,2025-09-25 09:54:14,101.18,5723,100.92,U
sh688668,鼎通科技,2025-09-25 09:54:17,101.28,11315,101.18,U
sh688668,鼎通科技,2025-09-25 09:54:20,101.36,4869,101.28,E
sh688668,鼎通科技,2025-09-25 09:54:32,101.54,3232,101.54,U
sh688668,鼎通科技,2025-09-25 09:54:35,101.49,2450,101.54,E
sh688668,鼎通科技,2025-09-25 09:54:50,101.4,3125,101.3,E
sh688668,鼎通科技,2025-09-25 09:54:53,101.4,2200,101.4,U
sh688668,鼎通科技,2025-09-25 09:54:59,101.31,14496,101.35,D
sh688668,鼎通科技,2025-09-25 09:55:05,101.39,3506,101.38,E
sh688668,鼎通科技,2025-09-25 09:55:11,101.25,6642,101.3,E
sh688668,鼎通科技,2025-09-25 09:55:14,101.3,8810,101.25,U
sh688668,鼎通科技,2025-09-25 09:55:17,101.44,21990,101.3,U
sh688668,鼎通科技,2025-09-25 09:55:20,101.67,4290,101.44,U
sh688668,鼎通科技,2025-09-25 09:55:23,101.47,4051,101.67,D
sh688668,鼎通科技,2025-09-25 09:55:26,101.45,3228,101.47,D
sh688668,鼎通科技,2025-09-25 09:55:38,101.41,2622,101.41,U
sh688668,鼎通科技,2025-09-25 09:55:47,101.39,4260,101.4,E
sh688668,鼎通科技,2025-09-25 09:55:53,101.45,6610,101.2,U
sh688668,鼎通科技,2025-09-25 09:56:02,101.44,2377,101.44,U
sh688668,鼎通科技,2025-09-25 09:56:05,101.44,3126,101.44,U
sh688668,鼎通科技,2025-09-25 09:56:08,101.39,2921,101.44,D
sh688668,鼎通科技,2025-09-25 09:56:11,101.66,2337,101.39,U
sh688668,鼎通科技,2025-09-25 09:56:14,101.77,9921,101.66,U
sh688668,鼎通科技,2025-09-25 09:56:20,101.78,2400,101.78,U
sh688668,鼎通科技,2025-09-25 09:56:23,102.0,18664,101.78,U
sh688668,鼎通科技,2025-09-25 09:56:29,101.93,3096,101.93,D
sh688668,鼎通科技,2025-09-25 09:56:32,102.21,12849,101.93,U
sh688668,鼎通科技,2025-09-25 09:56:35,101.91,7038,102.21,D
sh688668,鼎通科技,2025-09-25 09:57:17,101.52,3444,101.64,D
sh688668,鼎通科技,2025-09-25 09:57:20,101.51,7493,101.52,D
sh688668,鼎通科技,2025-09-25 09:57:23,101.49,2430,101.51,D
sh688668,鼎通科技,2025-09-25 09:57:29,101.38,5059,101.49,D
sh688668,鼎通科技,2025-09-25 09:57:47,100.86,3000,101.0,D
sh688668,鼎通科技,2025-09-25 09:58:05,100.8,2089,100.8,U
sh688668,鼎通科技,2025-09-25 09:58:08,100.52,5835,100.8,D
sh688668,鼎通科技,2025-09-25 09:58:11,100.97,13700,100.52,U
sh688668,鼎通科技,2025-09-25 09:58:14,100.8,4195,100.97,D
sh688668,鼎通科技,2025-09-25 09:58:20,100.71,5788,101.0,D
sh688668,鼎通科技,2025-09-25 09:58:29,100.8,3728,100.81,D
sh688668,鼎通科技,2025-09-25 09:58:35,101.2,17624,100.88,U
sh688668,鼎通科技,2025-09-25 09:58:41,101.2,6093,101.2,D
sh688668,鼎通科技,2025-09-25 09:58:50,101.25,5779,101.2,U
sh688668,鼎通科技,2025-09-25 09:58:53,101.43,7600,101.25,U
sh688668,鼎通科技,2025-09-25 09:59:17,101.51,3885,101.76,D
sh688668,鼎通科技,2025-09-25 09:59:29,101.9,1976,101.61,U
sh688668,鼎通科技,2025-09-25 09:59:32,101.91,18620,101.9,U
sh688668,鼎通科技,2025-09-25 09:59:44,101.88,2300,101.77,U
sh688668,鼎通科技,2025-09-25 10:00:08,102.05,6554,102.04,U
sh688668,鼎通科技,2025-09-25 10:00:14,101.89,3400,101.99,D
sh688668,鼎通科技,2025-09-25 10:00:20,101.97,3723,101.89,U
sh688668,鼎通科技,2025-09-25 10:00:26,102.18,9097,101.89,U
sh688668,鼎通科技,2025-09-25 10:00:29,102.21,3900,102.18,U
sh688668,鼎通科技,2025-09-25 10:01:05,102.49,9876,102.25,U
sh688668,鼎通科技,2025-09-25 10:01:08,102.5,23580,102.49,U
sh688668,鼎通科技,2025-09-25 10:01:14,102.59,2199,102.55,U
sh688668,鼎通科技,2025-09-25 10:01:17,102.77,10171,102.59,U
sh688668,鼎通科技,2025-09-25 10:01:20,102.64,3600,102.77,E
sh688668,鼎通科技,2025-09-25 10:01:23,102.79,4059,102.64,U
sh688668,鼎通科技,2025-09-25 10:01:26,102.85,5466,102.79,U
sh688668,鼎通科技,2025-09-25 10:01:44,102.9,7079,102.86,U
sh688668,鼎通科技,2025-09-25 10:01:47,103.0,8379,102.9,U
sh688668,鼎通科技,2025-09-25 10:01:50,103.0,4493,103.0,U
sh688668,鼎通科技,2025-09-25 10:01:53,102.88,2530,103.0,D
sh688668,鼎通科技,2025-09-25 10:01:56,102.86,9421,102.88,D
sh688668,鼎通科技,2025-09-25 10:02:05,102.87,3259,102.86,U
sh688668,鼎通科技,2025-09-25 10:02:14,103.0,16054,102.85,U
sh688668,鼎通科技,2025-09-25 10:02:17,102.99,7412,103.0,D
sh688668,鼎通科技,2025-09-25 10:02:38,103.0,14743,103.11,D
sh688668,鼎通科技,2025-09-25 10:02:41,103.0,3127,103.0,U
sh688668,鼎通科技,2025-09-25 10:02:44,102.93,2022,103.0,D
sh688668,鼎通科技,2025-09-25 10:02:47,102.9,3065,102.93,D
sh688668,鼎通科技,2025-09-25 10:03:02,102.85,2450,102.86,D
sh688668,鼎通科技,2025-09-25 10:03:05,102.85,2289,102.85,U
sh688668,鼎通科技,2025-09-25 10:03:08,102.86,2122,102.85,U
sh688668,鼎通科技,2025-09-25 10:03:11,103.0,14670,102.86,U
sh688668,鼎通科技,2025-09-25 10:03:17,103.0,2409,102.89,E
sh688668,鼎通科技,2025-09-25 10:03:23,102.85,3072,102.88,D
sh688668,鼎通科技,2025-09-25 10:03:26,103.05,6992,102.85,U
sh688668,鼎通科技,2025-09-25 10:03:32,103.05,2605,103.05,D
sh688668,鼎通科技,2025-09-25 10:03:44,103.0,9404,103.05,D
sh688668,鼎通科技,2025-09-25 10:03:47,103.11,3267,103.0,U
sh688668,鼎通科技,2025-09-25 10:03:50,102.88,3217,103.11,D
sh688668,鼎通科技,2025-09-25 10:03:53,102.86,3777,102.88,E
sh688668,鼎通科技,2025-09-25 10:04:08,103.01,5220,103.0,U
sh688668,鼎通科技,2025-09-25 10:04:14,103.0,3084,103.0,D
sh688668,鼎通科技,2025-09-25 10:04:17,102.89,2557,103.0,D
sh688668,鼎通科技,2025-09-25 10:04:29,103.11,3000,103.09,U
sh688668,鼎通科技,2025-09-25 10:04:38,103.2,19939,103.11,U
sh688668,鼎通科技,2025-09-25 10:04:41,103.14,2000,103.2,D
sh688668,鼎通科技,2025-09-25 10:04:53,102.91,2106,102.91,D
sh688668,鼎通科技,2025-09-25 10:04:59,102.91,2343,102.92,D
sh688668,鼎通科技,2025-09-25 10:05:05,102.86,2163,102.9,D
sh688668,鼎通科技,2025-09-25 10:05:08,102.84,3505,102.86,D
sh688668,鼎通科技,2025-09-25 10:05:17,102.6,6999,102.82,D
sh688668,鼎通科技,2025-09-25 10:05:26,102.59,2700,102.59,D
sh688668,鼎通科技,2025-09-25 10:06:05,102.86,4495,102.82,U
sh688668,鼎通科技,2025-09-25 10:06:08,102.86,2785,102.86,U
sh688668,鼎通科技,2025-09-25 10:06:11,102.87,7856,102.86,E
sh688668,鼎通科技,2025-09-25 10:06:20,103.0,3516,102.88,U
sh688668,鼎通科技,2025-09-25 10:06:23,103.03,3047,103.0,U
sh688668,鼎通科技,2025-09-25 10:06:26,103.14,2076,103.03,U
sh688668,鼎通科技,2025-09-25 10:06:29,103.14,2809,103.14,U
sh688668,鼎通科技,2025-09-25 10:06:56,103.26,2524,103.26,D
sh688668,鼎通科技,2025-09-25 10:07:02,103.28,3989,103.0,U
sh688668,鼎通科技,2025-09-25 10:07:05,103.26,2990,103.28,U
sh688668,鼎通科技,2025-09-25 10:07:08,103.06,3114,103.26,E
sh688668,鼎通科技,2025-09-25 10:07:11,103.25,2781,103.06,E
sh688668,鼎通科技,2025-09-25 10:07:20,103.25,3500,103.26,U
sh688668,鼎通科技,2025-09-25 10:07:26,103.21,2947,103.25,D
sh688668,鼎通科技,2025-09-25 10:07:29,103.06,4300,103.21,D
sh688668,鼎通科技,2025-09-25 10:07:35,103.01,2397,103.06,D
sh688668,鼎通科技,2025-09-25 10:07:44,103.0,2476,102.89,U
sh688668,鼎通科技,2025-09-25 10:08:08,102.82,2017,102.83,D
sh688668,鼎通科技,2025-09-25 10:08:23,102.8,3090,102.8,U
sh688668,鼎通科技,2025-09-25 10:09:11,102.61,2624,102.61,U
sh688668,鼎通科技,2025-09-25 10:09:17,102.61,2882,102.64,D
sh688668,鼎通科技,2025-09-25 10:09:41,102.64,4138,102.77,D
sh688668,鼎通科技,2025-09-25 10:10:02,102.57,7026,102.62,D
sh688668,鼎通科技,2025-09-25 10:11:08,102.78,2513,102.69,U
sh688668,鼎通科技,2025-09-25 10:11:11,102.83,5348,102.78,U
sh688668,鼎通科技,2025-09-25 10:11:23,103.0,2246,103.0,U
sh688668,鼎通科技,2025-09-25 10:11:26,102.99,3764,103.0,D
sh688668,鼎通科技,2025-09-25 10:11:32,103.18,20540,102.99,U
sh688668,鼎通科技,2025-09-25 10:11:35,103.01,2087,103.18,E
sh688668,鼎通科技,2025-09-25 10:11:41,103.04,2373,103.01,E
sh688668,鼎通科技,2025-09-25 10:11:56,103.3,1994,103.04,U
sh688668,鼎通科技,2025-09-25 10:12:05,103.21,1968,103.21,D
sh688668,鼎通科技,2025-09-25 10:12:08,103.2,2521,103.21,D
sh688668,鼎通科技,2025-09-25 10:12:14,103.0,2100,103.0,D
sh688668,鼎通科技,2025-09-25 10:12:20,103.04,6212,103.03,U
sh688668,鼎通科技,2025-09-25 10:12:26,103.04,4870,103.04,U
sh688668,鼎通科技,2025-09-25 10:12:44,103.07,2491,103.18,D
sh688668,鼎通科技,2025-09-25 10:12:47,103.05,8282,103.07,D
sh688668,鼎通科技,2025-09-25 10:12:50,103.17,2561,103.05,U
sh688668,鼎通科技,2025-09-25 10:12:56,103.2,7649,103.05,U
sh688668,鼎通科技,2025-09-25 10:13:02,103.05,3072,103.2,D
sh688668,鼎通科技,2025-09-25 10:13:05,103.28,3268,103.05,U
sh688668,鼎通科技,2025-09-25 10:13:08,103.29,5701,103.28,D
sh688668,鼎通科技,2025-09-25 10:13:20,103.56,13459,103.4,U
sh688668,鼎通科技,2025-09-25 10:13:23,103.56,2706,103.56,D
sh688668,鼎通科技,2025-09-25 10:13:26,103.67,6828,103.56,U
sh688668,鼎通科技,2025-09-25 10:13:29,103.61,4768,103.67,D
sh688668,鼎通科技,2025-09-25 10:13:35,103.73,3503,103.56,U
sh688668,鼎通科技,2025-09-25 10:14:29,103.86,1961,103.84,U
sh688668,鼎通科技,2025-09-25 10:14:41,103.77,1956,103.85,D
sh688668,鼎通科技,2025-09-25 10:14:53,103.88,9452,103.85,U
sh688668,鼎通科技,2025-09-25 10:14:56,103.96,21613,103.88,U
sh688668,鼎通科技,2025-09-25 10:14:59,103.97,19512,103.96,D
sh688668,鼎通科技,2025-09-25 10:15:05,104.14,4538,103.97,U
sh688668,鼎通科技,2025-09-25 10:15:08,104.09,3686,104.14,U
sh688668,鼎通科技,2025-09-25 10:15:23,104.2,3166,104.16,D
sh688668,鼎通科技,2025-09-25 10:15:29,104.09,5130,104.17,D
sh688668,鼎通科技,2025-09-25 10:15:32,104.09,2249,104.09,U
sh688668,鼎通科技,2025-09-25 10:15:47,103.8,2291,103.89,D
sh688668,鼎通科技,2025-09-25 10:16:11,103.74,5700,103.85,D
sh688668,鼎通科技,2025-09-25 10:16:14,103.73,7057,103.74,D
sh688668,鼎通科技,2025-09-25 10:16:20,103.73,1967,103.74,D
sh688668,鼎通科技,2025-09-25 10:16:38,103.74,2367,103.72,U
sh688668,鼎通科技,2025-09-25 10:16:50,103.74,2418,103.75,D
sh688668,鼎通科技,2025-09-25 10:17:05,103.74,2513,103.7,D
sh688668,鼎通科技,2025-09-25 10:17:11,103.83,2000,103.74,E
sh688668,鼎通科技,2025-09-25 10:17:20,103.8,4405,103.75,U
sh688668,鼎通科技,2025-09-25 10:18:02,103.7,2900,103.7,U
sh688668,鼎通科技,2025-09-25 10:18:14,103.7,4119,103.7,D
sh688668,鼎通科技,2025-09-25 10:18:29,103.7,3800,103.71,D
sh688668,鼎通科技,2025-09-25 10:18:35,103.65,2567,103.66,D
sh688668,鼎通科技,2025-09-25 10:18:56,103.61,2611,103.67,D
sh688668,鼎通科技,2025-09-25 10:18:59,103.58,11687,103.61,D
sh688668,鼎通科技,2025-09-25 10:19:08,103.42,5100,103.52,D
sh688668,鼎通科技,2025-09-25 10:19:26,103.34,3190,103.34,U
sh688668,鼎通科技,2025-09-25 10:19:29,103.2,6305,103.34,D
sh688668,鼎通科技,2025-09-25 10:19:41,103.32,18604,103.3,D
sh688668,鼎通科技,2025-09-25 10:19:59,103.33,5106,103.34,D
sh688668,鼎通科技,2025-09-25 10:20:53,103.19,2200,103.27,D
sh688668,鼎通科技,2025-09-25 10:21:56,103.11,5000,103.15,D
sh688668,鼎通科技,2025-09-25 10:22:05,103.34,3000,103.21,U
sh688668,鼎通科技,2025-09-25 10:22:35,103.41,2956,103.34,D
sh688668,鼎通科技,2025-09-25 10:22:59,103.6,2861,103.36,U
sh688668,鼎通科技,2025-09-25 10:23:08,103.6,3100,103.6,U
sh688668,鼎通科技,2025-09-25 10:23:14,103.6,2000,103.6,D
sh688668,鼎通科技,2025-09-25 10:23:17,103.6,2479,103.6,D
sh688668,鼎通科技,2025-09-25 10:23:35,103.6,5315,103.61,D
sh688668,鼎通科技,2025-09-25 10:23:53,103.34,1993,103.38,D
sh688668,鼎通科技,2025-09-25 10:24:29,103.38,3009,103.33,U
sh688668,鼎通科技,2025-09-25 10:25:38,103.59,2858,103.4,U
sh688668,鼎通科技,2025-09-25 10:25:47,103.38,7000,103.57,D
sh688668,鼎通科技,2025-09-25 10:25:50,103.44,2138,103.38,D
sh688668,鼎通科技,2025-09-25 10:26:08,103.81,7137,103.64,U
sh688668,鼎通科技,2025-09-25 10:26:11,103.67,3107,103.81,D
sh688668,鼎通科技,2025-09-25 10:26:26,103.78,4558,103.78,U
sh688668,鼎通科技,2025-09-25 10:26:29,103.79,3486,103.78,U
sh688668,鼎通科技,2025-09-25 10:26:41,103.72,2100,103.73,D
sh688668,鼎通科技,2025-09-25 10:26:43,103.78,2616,103.72,U
sh688668,鼎通科技,2025-09-25 10:26:53,103.9,13873,103.8,U
sh688668,鼎通科技,2025-09-25 10:27:08,104.0,2649,103.99,U
sh688668,鼎通科技,2025-09-25 10:27:14,103.97,2296,104.0,D
sh688668,鼎通科技,2025-09-25 10:27:38,104.2,6068,104.09,U
sh688668,鼎通科技,2025-09-25 10:28:14,104.48,4210,104.48,D
sh688668,鼎通科技,2025-09-25 10:30:17,103.88,3111,104.06,D
sh688668,鼎通科技,2025-09-25 10:30:20,103.56,3422,103.88,D
sh688668,鼎通科技,2025-09-25 10:30:53,103.35,5253,103.54,E
sh688668,鼎通科技,2025-09-25 10:31:35,103.56,2251,103.53,D
sh688668,鼎通科技,2025-09-25 10:31:38,103.56,2052,103.56,U
sh688668,鼎通科技,2025-09-25 10:32:14,103.66,3224,103.63,U
sh688668,鼎通科技,2025-09-25 10:32:50,103.6,2507,103.63,D
sh688668,鼎通科技,2025-09-25 10:32:53,103.51,6583,103.6,D
sh688668,鼎通科技,2025-09-25 10:33:11,103.69,2879,103.54,U
sh688668,鼎通科技,2025-09-25 10:33:23,103.99,5816,103.69,U
sh688668,鼎通科技,2025-09-25 10:33:32,104.1,2970,104.0,U
sh688668,鼎通科技,2025-09-25 10:33:41,104.1,3401,104.1,U
sh688668,鼎通科技,2025-09-25 10:34:05,104.1,2141,104.09,U
sh688668,鼎通科技,2025-09-25 10:34:08,104.09,3000,104.1,D
sh688668,鼎通科技,2025-09-25 10:34:23,104.2,2140,104.2,U
sh688668,鼎通科技,2025-09-25 10:34:32,104.21,3762,104.2,U
sh688668,鼎通科技,2025-09-25 10:34:41,104.21,3807,104.26,D
sh688668,鼎通科技,2025-09-25 10:34:53,104.26,2000,104.24,D
sh688668,鼎通科技,2025-09-25 10:35:17,104.3,6467,104.25,U
sh688668,鼎通科技,2025-09-25 10:35:20,104.3,3980,104.3,U
sh688668,鼎通科技,2025-09-25 10:35:26,104.47,7743,104.39,U
sh688668,鼎通科技,2025-09-25 10:35:29,104.66,45647,104.47,U
sh688668,鼎通科技,2025-09-25 10:35:32,104.7,4873,104.66,U
sh688668,鼎通科技,2025-09-25 10:35:35,104.7,1948,104.7,U
sh688668,鼎通科技,2025-09-25 10:35:38,104.8,2975,104.7,U
sh688668,鼎通科技,2025-09-25 10:35:50,104.8,2008,104.8,D
sh688668,鼎通科技,2025-09-25 10:35:56,104.79,22908,104.78,E
sh688668,鼎通科技,2025-09-25 10:35:59,104.78,2836,104.79,D
sh688668,鼎通科技,2025-09-25 10:36:05,104.8,3615,104.8,U
sh688668,鼎通科技,2025-09-25 10:36:08,104.79,4000,104.8,D
sh688668,鼎通科技,2025-09-25 10:36:29,104.84,3200,104.84,U
sh688668,鼎通科技,2025-09-25 10:36:32,104.8,1980,104.84,D
sh688668,鼎通科技,2025-09-25 10:36:44,104.85,2187,104.85,D
sh688668,鼎通科技,2025-09-25 10:36:50,104.85,3313,104.85,U
sh688668,鼎通科技,2025-09-25 10:36:53,104.85,1983,104.85,D
sh688668,鼎通科技,2025-09-25 10:36:56,104.87,4576,104.85,U
sh688668,鼎通科技,2025-09-25 10:36:59,104.97,5543,104.87,U
sh688668,鼎通科技,2025-09-25 10:37:08,104.99,2201,104.99,U
sh688668,鼎通科技,2025-09-25 10:37:11,104.99,2200,104.99,U
sh688668,鼎通科技,2025-09-25 10:37:17,104.92,2410,104.99,D
sh688668,鼎通科技,2025-09-25 10:37:20,104.85,2314,104.92,D
sh688668,鼎通科技,2025-09-25 10:37:23,104.85,6170,104.85,D
sh688668,鼎通科技,2025-09-25 10:37:32,104.88,6747,104.8,U
sh688668,鼎通科技,2025-09-25 10:37:35,104.71,11721,104.88,D
sh688668,鼎通科技,2025-09-25 10:38:11,104.71,5668,104.71,D
sh688668,鼎通科技,2025-09-25 10:38:38,104.52,2182,104.52,D
sh688668,鼎通科技,2025-09-25 10:39:08,104.4,2221,104.43,D
sh688668,鼎通科技,2025-09-25 10:39:23,104.39,2820,104.39,U
sh688668,鼎通科技,2025-09-25 10:39:26,104.39,4300,104.39,D
sh688668,鼎通科技,2025-09-25 10:39:44,104.5,3614,104.5,U
sh688668,鼎通科技,2025-09-25 10:39:47,104.5,3471,104.5,U
sh688668,鼎通科技,2025-09-25 10:40:08,104.42,6094,104.68,D
sh688668,鼎通科技,2025-09-25 10:40:11,104.44,2657,104.42,U
sh688668,鼎通科技,2025-09-25 10:40:17,104.27,6502,104.44,D
sh688668,鼎通科技,2025-09-25 10:40:20,104.27,2093,104.27,E
sh688668,鼎通科技,2025-09-25 10:40:32,104.2,1965,104.2,U
sh688668,鼎通科技,2025-09-25 10:40:35,104.1,4945,104.2,D
sh688668,鼎通科技,2025-09-25 10:42:53,103.83,4252,103.83,U
sh688668,鼎通科技,2025-09-25 10:42:56,103.83,2394,103.83,D
sh688668,鼎通科技,2025-09-25 10:43:05,103.9,6500,103.83,U
sh688668,鼎通科技,2025-09-25 10:43:08,103.94,2933,103.9,U
sh688668,鼎通科技,2025-09-25 10:43:17,103.98,3004,103.98,D
sh688668,鼎通科技,2025-09-25 10:43:20,103.75,13206,103.98,D
sh688668,鼎通科技,2025-09-25 10:43:23,103.77,2400,103.75,U
sh688668,鼎通科技,2025-09-25 10:43:29,103.65,13305,103.68,D
sh688668,鼎通科技,2025-09-25 10:43:35,103.52,2127,103.6,D
sh688668,鼎通科技,2025-09-25 10:44:14,103.55,2600,103.57,D
sh688668,鼎通科技,2025-09-25 10:44:17,103.55,3200,103.55,U
sh688668,鼎通科技,2025-09-25 10:44:29,103.67,5623,103.57,U
sh688668,鼎通科技,2025-09-25 10:45:17,103.89,10134,103.76,U
sh688668,鼎通科技,2025-09-25 10:46:23,103.98,7600,103.91,U
sh688668,鼎通科技,2025-09-25 10:46:32,104.0,2589,103.98,U
sh688668,鼎通科技,2025-09-25 10:46:44,104.0,7811,104.0,U
sh688668,鼎通科技,2025-09-25 10:47:23,103.78,22442,104.08,D
sh688668,鼎通科技,2025-09-25 10:49:44,103.8,2488,103.91,D
sh688668,鼎通科技,2025-09-25 10:51:23,104.38,3737,104.08,U
sh688668,鼎通科技,2025-09-25 10:52:23,104.15,8623,104.23,D
sh688668,鼎通科技,2025-09-25 10:52:35,104.1,2500,104.1,D
sh688668,鼎通科技,2025-09-25 10:52:44,104.18,2200,104.1,U
sh688668,鼎通科技,2025-09-25 10:53:47,104.3,1930,104.25,U
sh688668,鼎通科技,2025-09-25 10:54:29,104.18,9791,104.2,D
sh688668,鼎通科技,2025-09-25 10:54:32,104.18,10110,104.18,D
sh688668,鼎通科技,2025-09-25 10:54:38,104.02,5070,104.09,D
sh688668,鼎通科技,2025-09-25 10:55:26,103.71,3800,103.75,D
sh688668,鼎通科技,2025-09-25 10:57:11,104.08,5650,104.28,D
sh688668,鼎通科技,2025-09-25 10:57:26,103.9,2295,104.01,D
sh688668,鼎通科技,2025-09-25 10:57:38,103.82,2015,103.9,D
sh688668,鼎通科技,2025-09-25 10:58:02,103.68,2633,103.8,D
sh688668,鼎通科技,2025-09-25 11:00:29,103.57,2774,103.6,D
sh688668,鼎通科技,2025-09-25 11:00:47,103.53,5899,103.56,D
sh688668,鼎通科技,2025-09-25 11:00:53,103.52,4089,103.53,D
sh688668,鼎通科技,2025-09-25 11:00:56,103.47,3900,103.52,D
sh688668,鼎通科技,2025-09-25 11:01:29,103.25,2639,103.25,D
sh688668,鼎通科技,2025-09-25 11:02:59,103.42,2487,103.59,D
sh688668,鼎通科技,2025-09-25 11:03:23,103.6,2044,103.59,U
sh688668,鼎通科技,2025-09-25 11:03:26,103.6,2477,103.6,U
sh688668,鼎通科技,2025-09-25 11:06:44,103.8,2700,103.82,D
sh688668,鼎通科技,2025-09-25 11:06:50,103.79,4688,103.8,D
sh688668,鼎通科技,2025-09-25 11:07:11,103.82,2374,103.78,U
sh688668,鼎通科技,2025-09-25 11:08:23,103.8,11363,103.89,D
sh688668,鼎通科技,2025-09-25 11:10:02,103.68,5630,103.89,D
sh688668,鼎通科技,2025-09-25 11:10:11,103.78,3577,103.68,U
sh688668,鼎通科技,2025-09-25 11:11:17,103.37,3000,103.49,D
sh688668,鼎通科技,2025-09-25 11:14:11,103.21,3000,103.23,D
sh688668,鼎通科技,2025-09-25 11:16:02,103.21,3722,103.21,U
sh688668,鼎通科技,2025-09-25 11:16:05,103.22,3078,103.21,U
sh688668,鼎通科技,2025-09-25 11:16:38,103.2,6501,103.32,D
sh688668,鼎通科技,2025-09-25 11:16:56,103.13,14836,103.19,E
sh688668,鼎通科技,2025-09-25 11:17:02,103.0,2988,103.13,D
sh688668,鼎通科技,2025-09-25 11:17:11,103.0,6691,103.0,D
sh688668,鼎通科技,2025-09-25 11:18:02,103.01,3261,102.91,U
sh688668,鼎通科技,2025-09-25 11:19:41,103.2,5800,103.17,U
sh688668,鼎通科技,2025-09-25 11:20:44,102.88,2759,102.88,D
sh688668,鼎通科技,2025-09-25 11:22:08,103.0,14035,102.95,U
sh688668,鼎通科技,2025-09-25 11:22:14,102.96,3485,103.0,D
sh688668,鼎通科技,2025-09-25 11:22:26,103.2,3472,103.15,U
sh688668,鼎通科技,2025-09-25 11:22:56,102.84,6852,102.86,D
sh688668,鼎通科技,2025-09-25 11:23:20,102.8,2337,102.8,D
sh688668,鼎通科技,2025-09-25 11:23:32,102.7,3500,102.7,D
sh688668,鼎通科技,2025-09-25 11:24:23,102.8,3370,103.09,D
sh688668,鼎通科技,2025-09-25 11:24:38,102.83,4387,102.85,D
sh688668,鼎通科技,2025-09-25 11:25:05,102.82,2224,102.82,D
sh688668,鼎通科技,2025-09-25 11:25:23,102.82,2824,102.81,U
sh688668,鼎通科技,2025-09-25 11:26:14,102.82,6368,102.82,U
sh688668,鼎通科技,2025-09-25 11:26:23,102.79,2014,102.82,D
sh688668,鼎通科技,2025-09-25 11:26:53,103.0,2906,102.99,U
sh688668,鼎通科技,2025-09-25 11:27:17,103.68,11635,103.0,U
sh688668,鼎通科技,2025-09-25 11:27:56,103.0,1955,103.26,D
sh688668,鼎通科技,2025-09-25 11:28:59,102.95,8748,103.23,D
sh688668,鼎通科技,2025-09-25 13:00:08,102.8,11627,102.81,D
sh688668,鼎通科技,2025-09-25 13:00:14,102.62,3188,102.7,D
sh688668,鼎通科技,2025-09-25 13:00:23,102.5,2467,102.59,D
sh688668,鼎通科技,2025-09-25 13:00:44,102.82,2047,102.79,U
sh688668,鼎通科技,2025-09-25 13:00:53,102.97,2600,102.82,U
sh688668,鼎通科技,2025-09-25 13:00:56,102.98,8794,102.97,U
sh688668,鼎通科技,2025-09-25 13:01:32,103.22,2474,103.2,U
sh688668,鼎通科技,2025-09-25 13:01:35,103.3,2884,103.22,U
sh688668,鼎通科技,2025-09-25 13:03:02,103.22,2100,103.22,D
sh688668,鼎通科技,2025-09-25 13:04:41,103.0,2000,103.1,D
sh688668,鼎通科技,2025-09-25 13:04:56,102.85,3598,102.97,D
sh688668,鼎通科技,2025-09-25 13:05:11,102.97,3439,102.85,U
sh688668,鼎通科技,2025-09-25 13:05:32,103.1,3635,103.02,U
sh688668,鼎通科技,2025-09-25 13:05:50,103.2,4377,103.2,D
sh688668,鼎通科技,2025-09-25 13:06:29,103.38,3052,103.3,U
sh688668,鼎通科技,2025-09-25 13:07:08,103.67,7635,103.51,U
sh688668,鼎通科技,2025-09-25 13:07:20,103.57,2472,103.57,U
sh688668,鼎通科技,2025-09-25 13:07:47,103.43,3175,103.47,D
sh688668,鼎通科技,2025-09-25 13:07:56,103.41,3170,103.43,D
sh688668,鼎通科技,2025-09-25 13:07:59,103.05,2509,103.41,D
sh688668,鼎通科技,2025-09-25 13:08:26,103.44,1968,103.4,U
sh688668,鼎通科技,2025-09-25 13:08:53,103.48,2521,103.46,D
sh688668,鼎通科技,2025-09-25 13:09:17,103.36,3540,103.36,D
sh688668,鼎通科技,2025-09-25 13:09:29,103.1,5727,103.39,D
sh688668,鼎通科技,2025-09-25 13:09:41,103.48,9286,103.16,U
sh688668,鼎通科技,2025-09-25 13:09:44,103.51,4118,103.48,U
sh688668,鼎通科技,2025-09-25 13:09:50,103.46,3484,103.51,D
sh688668,鼎通科技,2025-09-25 13:09:53,103.5,1989,103.46,U
sh688668,鼎通科技,2025-09-25 13:09:56,103.46,3844,103.5,D
sh688668,鼎通科技,2025-09-25 13:09:59,103.46,4692,103.46,U
sh688668,鼎通科技,2025-09-25 13:10:08,103.3,9259,103.2,E
sh688668,鼎通科技,2025-09-25 13:10:20,102.9,5870,103.27,D
sh688668,鼎通科技,2025-09-25 13:10:29,102.9,3170,103.11,D
sh688668,鼎通科技,2025-09-25 13:10:32,102.9,6799,102.9,U
sh688668,鼎通科技,2025-09-25 13:10:38,102.8,3409,102.82,D
sh688668,鼎通科技,2025-09-25 13:10:41,102.88,2041,102.8,U
sh688668,鼎通科技,2025-09-25 13:10:44,102.91,3661,102.88,U
sh688668,鼎通科技,2025-09-25 13:10:53,102.91,2158,102.91,D
sh688668,鼎通科技,2025-09-25 13:10:56,102.71,1996,102.91,D
sh688668,鼎通科技,2025-09-25 13:11:44,102.7,16136,102.7,U
sh688668,鼎通科技,2025-09-25 13:11:50,102.7,3217,102.69,U
sh688668,鼎通科技,2025-09-25 13:12:02,102.7,6284,102.5,U
sh688668,鼎通科技,2025-09-25 13:12:05,102.72,2538,102.7,U
sh688668,鼎通科技,2025-09-25 13:12:20,102.72,2041,102.71,U
sh688668,鼎通科技,2025-09-25 13:12:47,102.62,3483,102.71,D
sh688668,鼎通科技,2025-09-25 13:12:56,102.62,2254,102.62,D
sh688668,鼎通科技,2025-09-25 13:12:59,102.52,3021,102.62,D
sh688668,鼎通科技,2025-09-25 13:13:44,102.27,5200,102.28,E
sh688668,鼎通科技,2025-09-25 13:13:56,102.37,2655,102.31,U
sh688668,鼎通科技,2025-09-25 13:14:17,102.0,14800,102.48,D
sh688668,鼎通科技,2025-09-25 13:14:29,102.49,4148,102.44,U
sh688668,鼎通科技,2025-09-25 13:14:35,102.45,15072,102.49,D
sh688668,鼎通科技,2025-09-25 13:14:47,102.08,2200,102.45,D
sh688668,鼎通科技,2025-09-25 13:15:23,102.38,5377,102.22,U
sh688668,鼎通科技,2025-09-25 13:15:26,102.22,2348,102.38,D
sh688668,鼎通科技,2025-09-25 13:15:29,102.21,3529,102.22,D
sh688668,鼎通科技,2025-09-25 13:15:32,102.2,9778,102.21,D
sh688668,鼎通科技,2025-09-25 13:15:53,102.22,1985,102.22,U
sh688668,鼎通科技,2025-09-25 13:15:56,102.22,2288,102.22,D
sh688668,鼎通科技,2025-09-25 13:16:05,102.38,3493,102.22,U
sh688668,鼎通科技,2025-09-25 13:16:11,102.4,7360,102.37,U
sh688668,鼎通科技,2025-09-25 13:16:29,102.39,2686,102.39,U
sh688668,鼎通科技,2025-09-25 13:16:32,102.4,3967,102.39,U
sh688668,鼎通科技,2025-09-25 13:16:35,102.43,5590,102.4,E
sh688668,鼎通科技,2025-09-25 13:16:41,102.49,1964,102.45,U
sh688668,鼎通科技,2025-09-25 13:16:47,102.49,3267,102.49,U
sh688668,鼎通科技,2025-09-25 13:17:11,102.57,3822,102.57,U
sh688668,鼎通科技,2025-09-25 13:17:44,102.9,5000,102.63,U
sh688668,鼎通科技,2025-09-25 13:18:20,102.63,2389,102.63,D
sh688668,鼎通科技,2025-09-25 13:18:26,102.65,2591,102.74,U
sh688668,鼎通科技,2025-09-25 13:19:29,102.8,3251,102.73,U
sh688668,鼎通科技,2025-09-25 13:20:17,102.9,2029,102.91,D
sh688668,鼎通科技,2025-09-25 13:20:38,103.0,5288,102.95,U
sh688668,鼎通科技,2025-09-25 13:21:32,103.03,3085,103.03,D
sh688668,鼎通科技,2025-09-25 13:21:35,103.05,2664,103.03,U
sh688668,鼎通科技,2025-09-25 13:21:56,103.26,4292,103.25,U
sh688668,鼎通科技,2025-09-25 13:22:23,103.33,2000,103.3,U
sh688668,鼎通科技,2025-09-25 13:23:14,103.43,5700,103.42,U
sh688668,鼎通科技,2025-09-25 13:23:26,103.54,3066,103.48,U
sh688668,鼎通科技,2025-09-25 13:23:29,103.59,3106,103.54,U
sh688668,鼎通科技,2025-09-25 13:23:32,103.68,2689,103.59,U
sh688668,鼎通科技,2025-09-25 13:24:02,103.45,11081,103.65,D
sh688668,鼎通科技,2025-09-25 13:24:23,103.45,5849,103.45,D
sh688668,鼎通科技,2025-09-25 13:27:02,103.09,7036,103.09,D
sh688668,鼎通科技,2025-09-25 13:27:14,103.09,4000,103.05,U
sh688668,鼎通科技,2025-09-25 13:28:20,103.45,2695,103.36,U
sh688668,鼎通科技,2025-09-25 13:29:35,103.02,10107,103.15,D
sh688668,鼎通科技,2025-09-25 13:29:41,103.02,9753,103.02,U
sh688668,鼎通科技,2025-09-25 13:30:29,102.59,2075,102.58,D
sh688668,鼎通科技,2025-09-25 13:30:32,102.52,3964,102.59,D
sh688668,鼎通科技,2025-09-25 13:30:35,102.52,6116,102.52,D
sh688668,鼎通科技,2025-09-25 13:31:23,102.49,10475,102.5,D
sh688668,鼎通科技,2025-09-25 13:31:26,102.24,3552,102.49,D
sh688668,鼎通科技,2025-09-25 13:31:44,102.48,2212,102.46,U
sh688668,鼎通科技,2025-09-25 13:32:29,102.3,2811,102.31,D
sh688668,鼎通科技,2025-09-25 13:34:17,102.4,3854,102.31,U
sh688668,鼎通科技,2025-09-25 13:35:05,102.3,2069,102.31,D
sh688668,鼎通科技,2025-09-25 13:35:20,102.49,4763,102.3,U
sh688668,鼎通科技,2025-09-25 13:35:44,102.6,3382,102.5,U
sh688668,鼎通科技,2025-09-25 13:35:56,102.52,3105,102.6,D
sh688668,鼎通科技,2025-09-25 13:36:53,102.95,3442,102.95,D
sh688668,鼎通科技,2025-09-25 13:37:02,102.99,7605,102.78,U
sh688668,鼎通科技,2025-09-25 13:37:20,102.96,10400,102.95,U
sh688668,鼎通科技,2025-09-25 13:37:23,102.94,14337,102.96,D
sh688668,鼎通科技,2025-09-25 13:37:38,102.86,5423,102.77,E
sh688668,鼎通科技,2025-09-25 13:39:02,103.08,5648,103.0,U
sh688668,鼎通科技,2025-09-25 13:39:05,103.08,2100,103.08,D
sh688668,鼎通科技,2025-09-25 13:40:35,103.06,10903,103.01,U
sh688668,鼎通科技,2025-09-25 13:41:11,103.08,8843,103.0,U
sh688668,鼎通科技,2025-09-25 13:41:14,103.2,5864,103.08,U
sh688668,鼎通科技,2025-09-25 13:41:17,103.24,4970,103.2,U
sh688668,鼎通科技,2025-09-25 13:42:26,103.35,17972,103.29,U
sh688668,鼎通科技,2025-09-25 13:42:29,103.35,2800,103.35,U
sh688668,鼎通科技,2025-09-25 13:42:32,103.34,20474,103.35,E
sh688668,鼎通科技,2025-09-25 13:42:35,103.35,4158,103.34,U
sh688668,鼎通科技,2025-09-25 13:42:53,103.48,2643,103.38,U
sh688668,鼎通科技,2025-09-25 13:43:05,103.49,2182,103.48,U
sh688668,鼎通科技,2025-09-25 13:43:17,103.5,3905,103.5,U
sh688668,鼎通科技,2025-09-25 13:43:38,103.56,2273,103.56,U
sh688668,鼎通科技,2025-09-25 13:45:02,103.53,9308,103.53,D
sh688668,鼎通科技,2025-09-25 13:47:20,103.18,7860,103.18,U
sh688668,鼎通科技,2025-09-25 13:47:23,103.17,2400,103.18,D
sh688668,鼎通科技,2025-09-25 13:49:05,103.33,11079,103.31,U
sh688668,鼎通科技,2025-09-25 13:51:26,103.18,2000,103.18,D
sh688668,鼎通科技,2025-09-25 13:52:44,103.06,10000,103.16,D
sh688668,鼎通科技,2025-09-25 13:53:11,103.21,2224,103.18,U
sh688668,鼎通科技,2025-09-25 13:56:17,103.22,2000,103.22,D
sh688668,鼎通科技,2025-09-25 13:56:44,103.4,28240,103.22,U
sh688668,鼎通科技,2025-09-25 13:57:02,103.23,3490,103.4,D
sh688668,鼎通科技,2025-09-25 13:57:53,103.52,13675,103.45,U
sh688668,鼎通科技,2025-09-25 13:59:11,103.73,4900,103.66,U
sh688668,鼎通科技,2025-09-25 13:59:20,103.78,2620,103.75,U
sh688668,鼎通科技,2025-09-25 13:59:29,103.79,5028,103.78,U
sh688668,鼎通科技,2025-09-25 13:59:35,103.85,6644,103.82,U
sh688668,鼎通科技,2025-09-25 13:59:50,103.85,7781,103.88,D
sh688668,鼎通科技,2025-09-25 13:59:59,103.98,9276,103.89,U
sh688668,鼎通科技,2025-09-25 14:00:05,104.0,12811,103.98,U
sh688668,鼎通科技,2025-09-25 14:00:08,104.0,6216,104.0,U
sh688668,鼎通科技,2025-09-25 14:00:17,104.0,2597,104.01,D
sh688668,鼎通科技,2025-09-25 14:00:44,104.01,2980,104.01,D
sh688668,鼎通科技,2025-09-25 14:01:05,104.01,3475,104.01,D
sh688668,鼎通科技,2025-09-25 14:01:14,104.02,3000,104.02,D
sh688668,鼎通科技,2025-09-25 14:01:17,104.0,5215,104.02,D
sh688668,鼎通科技,2025-09-25 14:01:23,103.89,11758,103.92,D
sh688668,鼎通科技,2025-09-25 14:01:32,103.91,9973,103.83,U
sh688668,鼎通科技,2025-09-25 14:01:44,103.66,3597,103.71,E
sh688668,鼎通科技,2025-09-25 14:01:50,103.81,4707,103.66,E
sh688668,鼎通科技,2025-09-25 14:02:11,104.03,6071,104.0,U
sh688668,鼎通科技,2025-09-25 14:02:17,104.08,2188,104.03,U
sh688668,鼎通科技,2025-09-25 14:02:23,104.06,3852,104.09,D
sh688668,鼎通科技,2025-09-25 14:03:08,104.03,3389,104.19,D
sh688668,鼎通科技,2025-09-25 14:04:11,104.19,2548,104.15,U
sh688668,鼎通科技,2025-09-25 14:04:20,104.04,2169,104.04,D
sh688668,鼎通科技,2025-09-25 14:04:44,104.03,5448,104.04,D
sh688668,鼎通科技,2025-09-25 14:04:47,104.03,4241,104.03,D
sh688668,鼎通科技,2025-09-25 14:04:50,104.03,7175,104.03,D
sh688668,鼎通科技,2025-09-25 14:05:29,104.0,5658,103.99,U
sh688668,鼎通科技,2025-09-25 14:06:20,104.15,2350,104.03,U
sh688668,鼎通科技,2025-09-25 14:06:44,104.03,9857,104.01,D
sh688668,鼎通科技,2025-09-25 14:10:47,103.84,3377,103.78,U
sh688668,鼎通科技,2025-09-25 14:11:53,103.7,2583,103.71,D
sh688668,鼎通科技,2025-09-25 14:14:05,103.8,3100,103.76,U
sh688668,鼎通科技,2025-09-25 14:15:44,103.67,1985,103.68,D
sh688668,鼎通科技,2025-09-25 14:16:11,103.66,3417,103.66,D
sh688668,鼎通科技,2025-09-25 14:16:23,103.5,2078,103.67,D
sh688668,鼎通科技,2025-09-25 14:18:20,103.31,5400,103.37,D
sh688668,鼎通科技,2025-09-25 14:22:56,103.61,5900,103.49,U
sh688668,鼎通科技,2025-09-25 14:23:02,103.61,7800,103.62,D
sh688668,鼎通科技,2025-09-25 14:24:23,103.61,3239,103.61,D
sh688668,鼎通科技,2025-09-25 14:24:35,103.61,3751,103.61,D
sh688668,鼎通科技,2025-09-25 14:25:41,103.58,15736,103.61,D
sh688668,鼎通科技,2025-09-25 14:26:20,103.65,2000,103.66,D
sh688668,鼎通科技,2025-09-25 14:26:26,103.66,3905,103.65,D
sh688668,鼎通科技,2025-09-25 14:27:41,103.9,11020,103.88,U
sh688668,鼎通科技,2025-09-25 14:27:44,103.93,3102,103.9,U
sh688668,鼎通科技,2025-09-25 14:29:11,103.81,3600,103.71,U
sh688668,鼎通科技,2025-09-25 14:29:41,103.8,2862,103.8,U
sh688668,鼎通科技,2025-09-25 14:30:20,103.82,2024,103.8,U
sh688668,鼎通科技,2025-09-25 14:30:29,103.9,4124,103.82,U
sh688668,鼎通科技,2025-09-25 14:30:38,103.98,2037,103.95,U
sh688668,鼎通科技,2025-09-25 14:32:44,103.92,3152,103.92,D
sh688668,鼎通科技,2025-09-25 14:34:14,103.82,2000,103.81,U
sh688668,鼎通科技,2025-09-25 14:36:56,103.72,11391,103.75,D
sh688668,鼎通科技,2025-09-25 14:37:02,103.69,11202,103.72,D
sh688668,鼎通科技,2025-09-25 14:38:08,103.5,2607,103.5,D
sh688668,鼎通科技,2025-09-25 14:39:56,103.5,4175,103.46,U
sh688668,鼎通科技,2025-09-25 14:40:02,103.5,2801,103.5,U
sh688668,鼎通科技,2025-09-25 14:40:41,103.6,5000,103.6,U
sh688668,鼎通科技,2025-09-25 14:42:14,103.6,3994,103.62,D
sh688668,鼎通科技,2025-09-25 14:42:17,103.51,4501,103.6,D
sh688668,鼎通科技,2025-09-25 14:43:38,103.49,2407,103.5,D
sh688668,鼎通科技,2025-09-25 14:44:08,103.48,1957,103.5,D
sh688668,鼎通科技,2025-09-25 14:46:08,103.6,8466,103.47,U
sh688668,鼎通科技,2025-09-25 14:47:08,103.5,2407,103.51,D
sh688668,鼎通科技,2025-09-25 14:48:02,103.4,3662,103.45,D
sh688668,鼎通科技,2025-09-25 14:48:17,103.41,2992,103.4,U
sh688668,鼎通科技,2025-09-25 14:48:23,103.4,2426,103.41,D
sh688668,鼎通科技,2025-09-25 14:48:26,103.4,2439,103.4,U
sh688668,鼎通科技,2025-09-25 14:48:29,103.41,2275,103.4,U
sh688668,鼎通科技,2025-09-25 14:48:32,103.41,2277,103.41,U
sh688668,鼎通科技,2025-09-25 14:48:38,103.36,2582,103.41,D
sh688668,鼎通科技,2025-09-25 14:49:02,103.39,5019,103.36,U
sh688668,鼎通科技,2025-09-25 14:49:41,103.36,1983,103.37,D
sh688668,鼎通科技,2025-09-25 14:49:47,103.38,4168,103.37,U
sh688668,鼎通科技,2025-09-25 14:49:53,103.38,3000,103.38,D
sh688668,鼎通科技,2025-09-25 14:50:26,103.38,10600,103.39,D
sh688668,鼎通科技,2025-09-25 14:50:29,103.39,2634,103.38,U
sh688668,鼎通科技,2025-09-25 14:50:32,103.38,6467,103.39,D
sh688668,鼎通科技,2025-09-25 14:51:23,103.33,10400,103.33,D
sh688668,鼎通科技,2025-09-25 14:51:56,103.05,7236,103.31,D
sh688668,鼎通科技,2025-09-25 14:52:47,103.3,9691,103.28,U
sh688668,鼎通科技,2025-09-25 14:53:11,103.28,7170,103.27,U
sh688668,鼎通科技,2025-09-25 14:53:29,103.27,2000,103.23,U
sh688668,鼎通科技,2025-09-25 14:54:29,103.1,2406,103.18,D
sh688668,鼎通科技,2025-09-25 14:54:41,103.1,2500,103.12,D
sh688668,鼎通科技,2025-09-25 14:55:02,103.1,11258,103.09,U
sh688668,鼎通科技,2025-09-25 14:55:14,103.06,7433,103.11,D
sh688668,鼎通科技,2025-09-25 14:56:02,103.12,5891,103.1,U
sh688668,鼎通科技,2025-09-25 14:56:41,103.05,6248,103.11,D
sh688668,鼎通科技,2025-09-25 15:00:01,103.0,96270,103.09,U
