symbol,name,ticktime,price,volume,prev_price,kind
sh688668,鼎通科技,2025-09-17 09:25:02,108.0,27319,0.0,U
sh688668,鼎通科技,2025-09-17 09:30:01,107.7,2939,108.0,D
sh688668,鼎通科技,2025-09-17 09:30:04,107.81,8455,107.7,U
sh688668,鼎通科技,2025-09-17 09:30:07,107.81,13612,107.81,U
sh688668,鼎通科技,2025-09-17 09:30:10,107.82,13165,107.81,E
sh688668,鼎通科技,2025-09-17 09:30:13,107.81,12399,107.82,U
sh688668,鼎通科技,2025-09-17 09:30:16,107.62,3536,107.81,D
sh688668,鼎通科技,2025-09-17 09:30:19,107.62,8562,107.62,U
sh688668,鼎通科技,2025-09-17 09:30:22,107.62,5566,107.62,U
sh688668,鼎通科技,2025-09-17 09:30:25,107.7,13516,107.62,U
sh688668,鼎通科技,2025-09-17 09:30:28,107.71,2118,107.7,U
sh688668,鼎通科技,2025-09-17 09:30:31,107.62,7875,107.71,D
sh688668,鼎通科技,2025-09-17 09:30:34,107.81,19466,107.62,U
sh688668,鼎通科技,2025-09-17 09:30:37,107.8,4313,107.81,D
sh688668,鼎通科技,2025-09-17 09:30:40,108.09,6696,107.8,U
sh688668,鼎通科技,2025-09-17 09:30:43,108.38,2771,108.09,U
sh688668,鼎通科技,2025-09-17 09:30:46,108.52,8868,108.38,U
sh688668,鼎通科技,2025-09-17 09:30:52,108.93,7512,108.9,U
sh688668,鼎通科技,2025-09-17 09:30:55,108.96,7374,108.93,E
sh688668,鼎通科技,2025-09-17 09:30:58,109.1,2300,108.96,U
sh688668,鼎通科技,2025-09-17 09:31:04,109.18,3712,109.17,E
sh688668,鼎通科技,2025-09-17 09:31:10,109.88,3563,109.81,U
sh688668,鼎通科技,2025-09-17 09:31:13,110.0,7166,109.88,U
sh688668,鼎通科技,2025-09-17 09:31:19,109.81,3200,109.81,D
sh688668,鼎通科技,2025-09-17 09:31:22,109.1,10500,109.81,D
sh688668,鼎通科技,2025-09-17 09:31:25,108.93,14855,109.1,D
sh688668,鼎通科技,2025-09-17 09:31:28,109.01,5171,108.93,E
sh688668,鼎通科技,2025-09-17 09:31:43,108.34,2669,108.34,U
sh688668,鼎通科技,2025-09-17 09:32:13,107.66,3698,107.76,D
sh688668,鼎通科技,2025-09-17 09:32:16,107.58,3674,107.66,D
sh688668,鼎通科技,2025-09-17 09:32:19,107.41,4992,107.58,D
sh688668,鼎通科技,2025-09-17 09:32:22,107.41,5198,107.41,D
sh688668,鼎通科技,2025-09-17 09:32:25,107.39,12906,107.41,D
sh688668,鼎通科技,2025-09-17 09:32:28,107.49,10958,107.39,U
sh688668,鼎通科技,2025-09-17 09:32:31,107.46,2335,107.49,D
sh688668,鼎通科技,2025-09-17 09:32:34,107.46,5088,107.46,E
sh688668,鼎通科技,2025-09-17 09:32:37,107.43,5964,107.46,E
sh688668,鼎通科技,2025-09-17 09:32:40,107.12,16716,107.43,D
sh688668,鼎通科技,2025-09-17 09:32:52,107.01,3146,107.06,D
sh688668,鼎通科技,2025-09-17 09:32:55,107.0,4579,107.01,D
sh688668,鼎通科技,2025-09-17 09:32:58,107.0,4807,107.0,D
sh688668,鼎通科技,2025-09-17 09:33:04,107.0,5587,107.0,U
sh688668,鼎通科技,2025-09-17 09:33:07,107.28,8987,107.0,U
sh688668,鼎通科技,2025-09-17 09:33:13,107.1,2255,107.28,D
sh688668,鼎通科技,2025-09-17 09:33:22,107.12,3322,107.1,E
sh688668,鼎通科技,2025-09-17 09:33:25,107.39,4652,107.12,D
sh688668,鼎通科技,2025-09-17 09:33:28,107.39,13708,107.39,U
sh688668,鼎通科技,2025-09-17 09:33:37,107.56,6934,107.41,E
sh688668,鼎通科技,2025-09-17 09:33:40,107.39,1922,107.56,E
sh688668,鼎通科技,2025-09-17 09:34:01,107.61,22362,107.59,U
sh688668,鼎通科技,2025-09-17 09:34:07,107.0,4200,107.24,D
sh688668,鼎通科技,2025-09-17 09:34:28,107.04,3900,107.01,E
sh688668,鼎通科技,2025-09-17 09:34:34,107.62,2801,107.06,U
sh688668,鼎通科技,2025-09-17 09:34:37,107.2,2170,107.62,D
sh688668,鼎通科技,2025-09-17 09:34:40,107.61,6951,107.2,E
sh688668,鼎通科技,2025-09-17 09:34:49,107.2,2352,107.58,D
sh688668,鼎通科技,2025-09-17 09:34:55,107.15,1958,107.2,D
sh688668,鼎通科技,2025-09-17 09:35:04,107.54,2008,107.54,U
sh688668,鼎通科技,2025-09-17 09:35:13,107.6,5053,107.32,U
sh688668,鼎通科技,2025-09-17 09:35:22,107.57,5881,107.61,D
sh688668,鼎通科技,2025-09-17 09:35:28,107.56,6085,107.57,D
sh688668,鼎通科技,2025-09-17 09:35:34,107.3,5701,107.56,D
sh688668,鼎通科技,2025-09-17 09:35:37,107.3,18144,107.3,U
sh688668,鼎通科技,2025-09-17 09:35:43,107.2,2634,107.3,D
sh688668,鼎通科技,2025-09-17 09:35:49,107.3,3421,107.3,U
sh688668,鼎通科技,2025-09-17 09:35:52,107.2,5430,107.3,D
sh688668,鼎通科技,2025-09-17 09:36:10,107.2,2870,107.17,E
sh688668,鼎通科技,2025-09-17 09:36:16,107.11,5932,107.39,D
sh688668,鼎通科技,2025-09-17 09:36:19,107.55,4390,107.11,U
sh688668,鼎通科技,2025-09-17 09:36:37,107.54,2275,107.55,E
sh688668,鼎通科技,2025-09-17 09:36:43,107.25,1945,107.24,U
sh688668,鼎通科技,2025-09-17 09:36:55,107.39,3607,107.39,U
sh688668,鼎通科技,2025-09-17 09:37:01,107.2,1931,107.23,D
sh688668,鼎通科技,2025-09-17 09:37:13,107.25,2505,107.2,U
sh688668,鼎通科技,2025-09-17 09:37:16,107.15,17172,107.25,E
sh688668,鼎通科技,2025-09-17 09:37:22,107.39,6261,107.31,U
sh688668,鼎通科技,2025-09-17 09:37:25,107.15,4191,107.39,D
sh688668,鼎通科技,2025-09-17 09:37:31,107.4,5463,107.38,U
sh688668,鼎通科技,2025-09-17 09:37:34,107.4,2533,107.4,U
sh688668,鼎通科技,2025-09-17 09:37:37,107.19,3242,107.4,U
sh688668,鼎通科技,2025-09-17 09:37:40,107.5,4072,107.19,U
sh688668,鼎通科技,2025-09-17 09:37:43,107.4,3519,107.5,E
sh688668,鼎通科技,2025-09-17 09:37:49,107.41,2566,107.71,D
sh688668,鼎通科技,2025-09-17 09:37:58,107.7,2452,107.7,U
sh688668,鼎通科技,2025-09-17 09:38:07,107.94,7559,107.96,E
sh688668,鼎通科技,2025-09-17 09:38:10,107.93,1955,107.94,U
sh688668,鼎通科技,2025-09-17 09:38:13,107.93,2697,107.93,U
sh688668,鼎通科技,2025-09-17 09:38:16,107.4,35291,107.93,D
sh688668,鼎通科技,2025-09-17 09:38:19,107.49,1927,107.4,U
sh688668,鼎通科技,2025-09-17 09:38:28,107.42,2865,107.42,U
sh688668,鼎通科技,2025-09-17 09:38:37,107.71,5082,107.42,U
sh688668,鼎通科技,2025-09-17 09:38:55,107.2,7251,107.88,D
sh688668,鼎通科技,2025-09-17 09:38:58,107.51,2121,107.2,D
sh688668,鼎通科技,2025-09-17 09:39:01,107.6,2472,107.51,E
sh688668,鼎通科技,2025-09-17 09:39:25,107.6,3416,107.92,E
sh688668,鼎通科技,2025-09-17 09:39:31,107.6,3897,107.6,U
sh688668,鼎通科技,2025-09-17 09:39:34,107.9,1949,107.6,U
sh688668,鼎通科技,2025-09-17 09:39:40,107.6,5237,107.77,D
sh688668,鼎通科技,2025-09-17 09:39:43,107.6,6403,107.6,U
sh688668,鼎通科技,2025-09-17 09:40:04,107.99,2938,107.99,U
sh688668,鼎通科技,2025-09-17 09:40:07,108.13,2208,107.99,U
sh688668,鼎通科技,2025-09-17 09:40:10,107.8,3440,108.13,D
sh688668,鼎通科技,2025-09-17 09:40:13,107.67,3866,107.8,D
sh688668,鼎通科技,2025-09-17 09:40:16,108.0,2041,107.67,E
sh688668,鼎通科技,2025-09-17 09:40:25,108.0,3535,108.0,D
sh688668,鼎通科技,2025-09-17 09:40:46,108.48,2120,108.18,U
sh688668,鼎通科技,2025-09-17 09:40:52,108.62,4375,108.2,U
sh688668,鼎通科技,2025-09-17 09:41:04,108.85,3000,108.65,U
sh688668,鼎通科技,2025-09-17 09:41:13,108.92,2500,108.74,U
sh688668,鼎通科技,2025-09-17 09:41:16,108.74,1856,108.92,D
sh688668,鼎通科技,2025-09-17 09:41:19,108.92,2947,108.74,U
sh688668,鼎通科技,2025-09-17 09:41:22,108.99,3552,108.92,U
sh688668,鼎通科技,2025-09-17 09:41:34,108.93,7324,109.01,D
sh688668,鼎通科技,2025-09-17 09:41:49,108.62,2424,108.62,D
sh688668,鼎通科技,2025-09-17 09:41:52,108.51,2200,108.62,D
sh688668,鼎通科技,2025-09-17 09:42:04,108.6,2181,108.6,U
sh688668,鼎通科技,2025-09-17 09:42:07,108.5,2237,108.6,D
sh688668,鼎通科技,2025-09-17 09:42:31,108.9,1919,109.01,D
sh688668,鼎通科技,2025-09-17 09:42:49,109.0,3269,109.01,E
sh688668,鼎通科技,2025-09-17 09:42:52,109.0,2361,109.0,U
sh688668,鼎通科技,2025-09-17 09:42:55,108.79,5809,109.0,D
sh688668,鼎通科技,2025-09-17 09:43:16,109.0,3667,109.0,U
sh688668,鼎通科技,2025-09-17 09:43:22,109.0,8859,109.0,U
sh688668,鼎通科技,2025-09-17 09:43:25,109.12,10139,109.0,E
sh688668,鼎通科技,2025-09-17 09:43:34,108.65,13687,109.0,E
sh688668,鼎通科技,2025-09-17 09:44:07,109.0,2976,109.0,D
sh688668,鼎通科技,2025-09-17 09:44:10,109.0,2423,109.0,D
sh688668,鼎通科技,2025-09-17 09:44:13,109.12,2716,109.0,U
sh688668,鼎通科技,2025-09-17 09:44:34,109.9,8200,109.48,U
sh688668,鼎通科技,2025-09-17 09:44:43,109.52,1897,109.79,E
sh688668,鼎通科技,2025-09-17 09:44:49,109.51,2680,109.52,D
sh688668,鼎通科技,2025-09-17 09:44:52,109.36,7687,109.51,D
sh688668,鼎通科技,2025-09-17 09:45:04,109.1,7314,109.45,D
sh688668,鼎通科技,2025-09-17 09:45:19,109.28,5912,109.3,E
sh688668,鼎通科技,2025-09-17 09:45:25,109.3,15864,109.3,D
sh688668,鼎通科技,2025-09-17 09:45:28,109.45,2767,109.3,U
sh688668,鼎通科技,2025-09-17 09:45:31,109.34,4865,109.45,D
sh688668,鼎通科技,2025-09-17 09:45:40,109.3,3169,109.36,D
sh688668,鼎通科技,2025-09-17 09:45:46,109.45,2867,109.28,U
sh688668,鼎通科技,2025-09-17 09:45:49,109.42,6002,109.45,D
sh688668,鼎通科技,2025-09-17 09:45:55,109.41,2998,109.42,U
sh688668,鼎通科技,2025-09-17 09:46:34,109.01,5597,109.09,D
sh688668,鼎通科技,2025-09-17 09:47:19,109.04,2192,108.8,U
sh688668,鼎通科技,2025-09-17 09:47:52,108.81,2882,108.8,U
sh688668,鼎通科技,2025-09-17 09:47:58,108.81,2775,108.82,D
sh688668,鼎通科技,2025-09-17 09:48:16,109.09,3244,109.09,U
sh688668,鼎通科技,2025-09-17 09:48:49,108.97,5622,109.04,D
sh688668,鼎通科技,2025-09-17 09:48:52,109.0,2678,108.97,U
sh688668,鼎通科技,2025-09-17 09:48:55,109.17,11673,109.0,U
sh688668,鼎通科技,2025-09-17 09:49:04,109.42,6500,109.17,U
sh688668,鼎通科技,2025-09-17 09:49:31,109.44,5704,109.56,D
sh688668,鼎通科技,2025-09-17 09:49:40,109.14,2011,109.44,D
sh688668,鼎通科技,2025-09-17 09:49:55,109.15,2581,109.16,D
sh688668,鼎通科技,2025-09-17 09:50:01,109.44,3685,109.17,U
sh688668,鼎通科技,2025-09-17 09:50:04,109.27,3640,109.44,D
sh688668,鼎通科技,2025-09-17 09:50:10,109.27,3170,109.4,D
sh688668,鼎通科技,2025-09-17 09:50:13,109.43,3100,109.27,U
sh688668,鼎通科技,2025-09-17 09:50:16,109.75,13067,109.43,U
sh688668,鼎通科技,2025-09-17 09:50:19,109.65,15316,109.75,E
sh688668,鼎通科技,2025-09-17 09:50:22,109.64,11618,109.65,D
sh688668,鼎通科技,2025-09-17 09:50:25,109.99,6090,109.64,U
sh688668,鼎通科技,2025-09-17 09:50:31,109.64,3818,109.9,E
sh688668,鼎通科技,2025-09-17 09:50:34,109.5,2035,109.64,D
sh688668,鼎通科技,2025-09-17 09:50:43,109.87,7401,109.64,U
sh688668,鼎通科技,2025-09-17 09:50:46,109.87,4045,109.87,U
sh688668,鼎通科技,2025-09-17 09:50:49,109.87,2664,109.87,U
sh688668,鼎通科技,2025-09-17 09:50:52,109.76,2868,109.87,E
sh688668,鼎通科技,2025-09-17 09:50:55,109.87,2025,109.76,U
sh688668,鼎通科技,2025-09-17 09:50:58,109.42,2775,109.87,D
sh688668,鼎通科技,2025-09-17 09:51:01,109.85,3236,109.42,U
sh688668,鼎通科技,2025-09-17 09:51:31,109.79,3200,109.4,U
sh688668,鼎通科技,2025-09-17 09:51:34,109.29,2711,109.79,D
sh688668,鼎通科技,2025-09-17 09:51:40,109.3,3158,109.3,D
sh688668,鼎通科技,2025-09-17 09:51:46,109.33,2777,109.3,E
sh688668,鼎通科技,2025-09-17 09:51:52,109.77,4927,109.78,U
sh688668,鼎通科技,2025-09-17 09:51:58,109.33,2458,109.77,D
sh688668,鼎通科技,2025-09-17 09:52:04,109.78,4353,109.76,U
sh688668,鼎通科技,2025-09-17 09:52:07,109.84,7471,109.78,U
sh688668,鼎通科技,2025-09-17 09:52:10,109.99,3038,109.84,U
sh688668,鼎通科技,2025-09-17 09:52:13,109.81,2270,109.99,D
sh688668,鼎通科技,2025-09-17 09:52:16,110.19,9197,109.81,U
sh688668,鼎通科技,2025-09-17 09:52:28,110.19,1851,110.01,E
sh688668,鼎通科技,2025-09-17 09:52:31,110.01,5381,110.19,D
sh688668,鼎通科技,2025-09-17 09:52:37,110.21,11868,110.19,U
sh688668,鼎通科技,2025-09-17 09:52:40,110.31,3787,110.21,U
sh688668,鼎通科技,2025-09-17 09:52:52,110.31,6178,110.31,U
sh688668,鼎通科技,2025-09-17 09:52:55,110.31,4843,110.31,D
sh688668,鼎通科技,2025-09-17 09:52:58,110.3,6362,110.31,D
sh688668,鼎通科技,2025-09-17 09:53:04,110.2,7593,110.22,D
sh688668,鼎通科技,2025-09-17 09:53:10,110.0,2673,110.2,D
sh688668,鼎通科技,2025-09-17 09:53:19,109.4,2970,109.78,D
sh688668,鼎通科技,2025-09-17 09:53:22,109.78,2478,109.4,E
sh688668,鼎通科技,2025-09-17 09:53:28,109.99,2567,109.78,U
sh688668,鼎通科技,2025-09-17 09:53:31,109.78,2223,109.99,E
sh688668,鼎通科技,2025-09-17 09:53:40,109.51,3459,109.51,E
sh688668,鼎通科技,2025-09-17 09:53:43,109.5,2975,109.51,D
sh688668,鼎通科技,2025-09-17 09:53:46,109.52,2063,109.5,U
sh688668,鼎通科技,2025-09-17 09:53:49,109.52,4162,109.52,D
sh688668,鼎通科技,2025-09-17 09:54:13,109.55,3257,109.58,D
sh688668,鼎通科技,2025-09-17 09:54:22,109.5,2153,109.5,D
sh688668,鼎通科技,2025-09-17 09:55:04,109.6,2200,109.8,D
sh688668,鼎通科技,2025-09-17 09:55:16,109.58,2251,109.59,D
sh688668,鼎通科技,2025-09-17 09:55:19,109.6,2652,109.58,D
sh688668,鼎通科技,2025-09-17 09:55:34,109.52,2142,109.54,D
sh688668,鼎通科技,2025-09-17 09:55:37,109.52,1906,109.52,D
sh688668,鼎通科技,2025-09-17 09:55:40,109.52,3889,109.52,U
sh688668,鼎通科技,2025-09-17 09:55:43,109.58,1855,109.52,U
sh688668,鼎通科技,2025-09-17 09:55:46,109.52,3522,109.58,E
sh688668,鼎通科技,2025-09-17 09:55:49,109.51,2400,109.52,D
sh688668,鼎通科技,2025-09-17 09:55:52,109.52,1878,109.51,E
sh688668,鼎通科技,2025-09-17 09:55:55,109.51,2832,109.52,D
sh688668,鼎通科技,2025-09-17 09:55:58,109.51,2175,109.51,D
sh688668,鼎通科技,2025-09-17 09:56:01,109.52,2248,109.51,E
sh688668,鼎通科技,2025-09-17 09:56:04,109.55,3441,109.52,E
sh688668,鼎通科技,2025-09-17 09:56:22,109.96,4288,109.58,U
sh688668,鼎通科技,2025-09-17 09:56:25,109.97,2635,109.96,U
sh688668,鼎通科技,2025-09-17 09:56:28,109.63,3371,109.97,E
sh688668,鼎通科技,2025-09-17 09:56:31,110.2,3110,109.63,U
sh688668,鼎通科技,2025-09-17 09:56:34,109.77,3511,110.2,E
sh688668,鼎通科技,2025-09-17 09:56:37,110.2,2748,109.77,U
sh688668,鼎通科技,2025-09-17 09:56:43,110.19,2246,109.8,U
sh688668,鼎通科技,2025-09-17 09:56:49,109.8,2225,109.95,D
sh688668,鼎通科技,2025-09-17 09:56:58,109.83,2715,110.13,D
sh688668,鼎通科技,2025-09-17 09:57:16,109.6,2523,109.61,D
sh688668,鼎通科技,2025-09-17 09:57:22,109.52,2839,109.79,D
sh688668,鼎通科技,2025-09-17 09:57:25,109.6,11500,109.52,U
sh688668,鼎通科技,2025-09-17 09:57:28,109.5,2682,109.6,D
sh688668,鼎通科技,2025-09-17 09:57:31,109.52,5083,109.5,D
sh688668,鼎通科技,2025-09-17 09:57:34,109.6,1833,109.52,U
sh688668,鼎通科技,2025-09-17 09:57:40,109.52,2650,109.52,D
sh688668,鼎通科技,2025-09-17 09:57:52,109.36,15655,109.5,D
sh688668,鼎通科技,2025-09-17 09:58:04,109.3,2847,109.3,U
sh688668,鼎通科技,2025-09-17 09:58:10,109.3,2369,109.41,D
sh688668,鼎通科技,2025-09-17 09:58:13,109.52,4503,109.3,U
sh688668,鼎通科技,2025-09-17 09:58:19,109.3,10415,109.41,D
sh688668,鼎通科技,2025-09-17 09:58:25,109.2,2226,109.44,D
sh688668,鼎通科技,2025-09-17 09:58:31,109.21,2800,109.79,D
sh688668,鼎通科技,2025-09-17 09:58:46,109.12,2000,109.2,D
sh688668,鼎通科技,2025-09-17 09:59:04,109.12,2016,109.12,D
sh688668,鼎通科技,2025-09-17 09:59:22,109.0,6705,109.01,D
sh688668,鼎通科技,2025-09-17 09:59:25,109.02,2682,109.0,E
sh688668,鼎通科技,2025-09-17 09:59:37,109.0,5997,109.2,D
sh688668,鼎通科技,2025-09-17 10:00:04,109.0,2690,109.2,D
sh688668,鼎通科技,2025-09-17 10:00:10,109.2,3229,109.06,U
sh688668,鼎通科技,2025-09-17 10:00:16,109.07,2270,109.26,E
sh688668,鼎通科技,2025-09-17 10:00:49,109.58,25207,109.26,U
sh688668,鼎通科技,2025-09-17 10:00:55,109.59,3996,109.79,D
sh688668,鼎通科技,2025-09-17 10:00:58,109.87,2040,109.59,U
sh688668,鼎通科技,2025-09-17 10:01:01,109.78,6674,109.87,D
sh688668,鼎通科技,2025-09-17 10:01:04,109.87,4613,109.78,D
sh688668,鼎通科技,2025-09-17 10:01:28,109.98,9675,109.95,U
sh688668,鼎通科技,2025-09-17 10:01:34,110.1,12826,109.93,U
sh688668,鼎通科技,2025-09-17 10:01:37,110.04,2504,110.1,E
sh688668,鼎通科技,2025-09-17 10:01:40,110.01,2018,110.04,D
sh688668,鼎通科技,2025-09-17 10:01:43,110.1,2274,110.01,U
sh688668,鼎通科技,2025-09-17 10:01:58,109.64,2610,109.96,D
sh688668,鼎通科技,2025-09-17 10:02:04,109.96,5375,109.64,U
sh688668,鼎通科技,2025-09-17 10:02:10,109.96,3700,110.04,D
sh688668,鼎通科技,2025-09-17 10:02:13,110.19,6786,109.96,U
sh688668,鼎通科技,2025-09-17 10:02:16,110.3,3922,110.19,U
sh688668,鼎通科技,2025-09-17 10:02:19,110.27,2974,110.3,D
sh688668,鼎通科技,2025-09-17 10:02:22,110.5,9017,110.27,U
sh688668,鼎通科技,2025-09-17 10:02:25,110.53,3668,110.5,U
sh688668,鼎通科技,2025-09-17 10:02:31,110.52,3461,110.6,D
sh688668,鼎通科技,2025-09-17 10:02:34,110.5,9239,110.52,D
sh688668,鼎通科技,2025-09-17 10:02:37,110.5,4252,110.5,D
sh688668,鼎通科技,2025-09-17 10:02:40,110.5,5593,110.5,U
sh688668,鼎通科技,2025-09-17 10:02:43,110.27,2837,110.5,D
sh688668,鼎通科技,2025-09-17 10:02:46,110.5,2746,110.27,U
sh688668,鼎通科技,2025-09-17 10:02:49,110.25,7190,110.5,D
sh688668,鼎通科技,2025-09-17 10:02:52,110.5,4367,110.25,U
sh688668,鼎通科技,2025-09-17 10:02:55,110.59,15618,110.5,U
sh688668,鼎通科技,2025-09-17 10:02:58,110.71,2210,110.59,U
sh688668,鼎通科技,2025-09-17 10:03:01,110.74,2472,110.71,U
sh688668,鼎通科技,2025-09-17 10:03:04,110.74,1857,110.74,U
sh688668,鼎通科技,2025-09-17 10:03:10,110.81,2506,110.75,U
sh688668,鼎通科技,2025-09-17 10:03:13,110.98,15724,110.81,U
sh688668,鼎通科技,2025-09-17 10:03:16,111.0,4976,110.98,U
sh688668,鼎通科技,2025-09-17 10:03:19,110.99,4353,111.0,D
sh688668,鼎通科技,2025-09-17 10:03:22,111.0,4376,110.99,U
sh688668,鼎通科技,2025-09-17 10:03:25,110.8,11677,111.0,D
sh688668,鼎通科技,2025-09-17 10:03:28,110.8,3035,110.8,D
sh688668,鼎通科技,2025-09-17 10:03:31,111.0,2957,110.8,U
sh688668,鼎通科技,2025-09-17 10:03:37,111.0,2390,111.02,D
sh688668,鼎通科技,2025-09-17 10:03:43,111.06,3803,111.0,E
sh688668,鼎通科技,2025-09-17 10:03:49,111.11,4467,111.11,D
sh688668,鼎通科技,2025-09-17 10:03:52,111.19,8599,111.11,U
sh688668,鼎通科技,2025-09-17 10:03:55,111.32,3637,111.19,U
sh688668,鼎通科技,2025-09-17 10:04:04,111.45,1872,111.32,U
sh688668,鼎通科技,2025-09-17 10:04:07,111.33,2832,111.45,U
sh688668,鼎通科技,2025-09-17 10:04:10,111.44,1866,111.33,U
sh688668,鼎通科技,2025-09-17 10:04:13,111.33,11038,111.44,D
sh688668,鼎通科技,2025-09-17 10:04:16,111.33,2238,111.33,U
sh688668,鼎通科技,2025-09-17 10:04:19,111.19,2029,111.33,D
sh688668,鼎通科技,2025-09-17 10:04:22,111.15,5460,111.19,D
sh688668,鼎通科技,2025-09-17 10:04:28,111.15,2566,111.27,D
sh688668,鼎通科技,2025-09-17 10:04:31,111.11,5102,111.15,D
sh688668,鼎通科技,2025-09-17 10:04:34,111.11,4251,111.11,D
sh688668,鼎通科技,2025-09-17 10:04:37,111.18,3086,111.11,U
sh688668,鼎通科技,2025-09-17 10:04:40,111.45,18210,111.18,U
sh688668,鼎通科技,2025-09-17 10:04:43,111.49,10006,111.45,U
sh688668,鼎通科技,2025-09-17 10:04:46,111.49,2616,111.49,D
sh688668,鼎通科技,2025-09-17 10:04:49,111.55,8714,111.49,U
sh688668,鼎通科技,2025-09-17 10:04:52,111.63,16604,111.55,U
sh688668,鼎通科技,2025-09-17 10:04:55,111.6,3951,111.63,D
sh688668,鼎通科技,2025-09-17 10:04:58,111.66,2487,111.6,U
sh688668,鼎通科技,2025-09-17 10:05:01,111.6,2093,111.66,E
sh688668,鼎通科技,2025-09-17 10:05:04,111.46,5363,111.6,D
sh688668,鼎通科技,2025-09-17 10:05:07,111.55,1882,111.46,U
sh688668,鼎通科技,2025-09-17 10:05:13,111.39,6951,111.55,D
sh688668,鼎通科技,2025-09-17 10:05:16,111.34,6559,111.39,E
sh688668,鼎通科技,2025-09-17 10:05:19,111.35,4072,111.34,U
sh688668,鼎通科技,2025-09-17 10:05:25,110.79,61492,110.79,D
sh688668,鼎通科技,2025-09-17 10:05:28,110.74,3016,110.79,D
sh688668,鼎通科技,2025-09-17 10:05:31,110.71,5786,110.74,D
sh688668,鼎通科技,2025-09-17 10:05:34,110.97,5512,110.71,U
sh688668,鼎通科技,2025-09-17 10:05:37,110.97,19072,110.97,D
sh688668,鼎通科技,2025-09-17 10:05:40,110.97,33013,110.97,D
sh688668,鼎通科技,2025-09-17 10:05:46,110.95,3305,110.95,U
sh688668,鼎通科技,2025-09-17 10:05:52,110.71,1855,110.95,D
sh688668,鼎通科技,2025-09-17 10:05:55,110.74,11618,110.71,U
sh688668,鼎通科技,2025-09-17 10:06:01,110.75,6665,110.95,D
sh688668,鼎通科技,2025-09-17 10:06:07,110.76,8153,110.76,U
sh688668,鼎通科技,2025-09-17 10:06:10,110.77,14216,110.76,E
sh688668,鼎通科技,2025-09-17 10:06:13,110.8,2210,110.77,E
sh688668,鼎通科技,2025-09-17 10:06:16,110.79,12094,110.8,D
sh688668,鼎通科技,2025-09-17 10:06:22,110.8,8941,110.79,D
sh688668,鼎通科技,2025-09-17 10:06:28,110.8,8774,111.11,D
sh688668,鼎通科技,2025-09-17 10:06:37,110.94,2696,110.98,E
sh688668,鼎通科技,2025-09-17 10:06:40,111.0,4594,110.94,U
sh688668,鼎通科技,2025-09-17 10:06:52,111.0,2628,111.0,D
sh688668,鼎通科技,2025-09-17 10:06:58,111.0,1950,111.0,U
sh688668,鼎通科技,2025-09-17 10:07:01,111.12,5582,111.0,U
sh688668,鼎通科技,2025-09-17 10:07:04,111.12,2092,111.12,D
sh688668,鼎通科技,2025-09-17 10:07:10,111.12,46967,111.12,U
sh688668,鼎通科技,2025-09-17 10:07:16,110.98,7935,111.12,E
sh688668,鼎通科技,2025-09-17 10:07:19,110.81,5549,110.98,D
sh688668,鼎通科技,2025-09-17 10:07:25,110.8,3997,111.0,D
sh688668,鼎通科技,2025-09-17 10:07:28,110.75,2100,110.8,D
sh688668,鼎通科技,2025-09-17 10:07:31,110.73,30423,110.75,D
sh688668,鼎通科技,2025-09-17 10:07:34,110.8,23977,110.73,U
sh688668,鼎通科技,2025-09-17 10:07:37,110.81,3283,110.8,U
sh688668,鼎通科技,2025-09-17 10:07:40,110.76,6447,110.81,D
sh688668,鼎通科技,2025-09-17 10:07:43,110.82,14485,110.76,U
sh688668,鼎通科技,2025-09-17 10:07:49,110.88,5580,110.81,U
sh688668,鼎通科技,2025-09-17 10:07:58,110.88,6786,110.87,U
sh688668,鼎通科技,2025-09-17 10:08:04,110.88,17020,110.96,D
sh688668,鼎通科技,2025-09-17 10:08:07,110.88,3957,110.88,D
sh688668,鼎通科技,2025-09-17 10:08:10,110.88,10472,110.88,D
sh688668,鼎通科技,2025-09-17 10:08:19,111.0,8944,110.98,U
sh688668,鼎通科技,2025-09-17 10:08:22,110.96,5400,111.0,D
sh688668,鼎通科技,2025-09-17 10:08:28,111.0,3621,111.12,U
sh688668,鼎通科技,2025-09-17 10:08:34,111.12,2083,111.0,U
sh688668,鼎通科技,2025-09-17 10:08:37,110.97,3003,111.12,D
sh688668,鼎通科技,2025-09-17 10:08:40,111.18,5075,110.97,U
sh688668,鼎通科技,2025-09-17 10:08:43,111.2,2000,111.18,U
sh688668,鼎通科技,2025-09-17 10:08:46,111.11,2500,111.2,D
sh688668,鼎通科技,2025-09-17 10:08:49,111.11,1886,111.11,D
sh688668,鼎通科技,2025-09-17 10:08:55,111.19,1954,111.11,U
sh688668,鼎通科技,2025-09-17 10:09:01,111.01,11298,111.19,D
sh688668,鼎通科技,2025-09-17 10:09:04,111.0,6616,111.01,D
sh688668,鼎通科技,2025-09-17 10:09:07,110.88,24382,111.0,D
sh688668,鼎通科技,2025-09-17 10:09:10,110.8,4595,110.88,D
sh688668,鼎通科技,2025-09-17 10:09:25,110.68,7773,110.45,U
sh688668,鼎通科技,2025-09-17 10:09:40,111.1,6780,110.8,U
sh688668,鼎通科技,2025-09-17 10:09:46,110.81,1852,111.1,U
sh688668,鼎通科技,2025-09-17 10:10:01,110.7,2729,110.7,U
sh688668,鼎通科技,2025-09-17 10:10:07,110.7,7598,110.69,U
sh688668,鼎通科技,2025-09-17 10:10:13,110.68,11011,110.68,D
sh688668,鼎通科技,2025-09-17 10:10:16,110.68,11536,110.68,D
sh688668,鼎通科技,2025-09-17 10:10:22,110.68,13407,110.96,D
sh688668,鼎通科技,2025-09-17 10:10:25,110.74,8150,110.68,U
sh688668,鼎通科技,2025-09-17 10:10:37,110.74,6353,110.69,U
sh688668,鼎通科技,2025-09-17 10:10:49,110.71,2069,110.68,U
sh688668,鼎通科技,2025-09-17 10:10:55,110.72,56607,110.71,E
sh688668,鼎通科技,2025-09-17 10:11:01,110.69,2272,110.72,U
sh688668,鼎通科技,2025-09-17 10:11:28,110.81,2501,110.71,U
sh688668,鼎通科技,2025-09-17 10:11:37,111.05,9981,110.76,U
sh688668,鼎通科技,2025-09-17 10:11:46,111.19,5116,111.1,U
sh688668,鼎通科技,2025-09-17 10:11:49,111.07,1956,111.19,D
sh688668,鼎通科技,2025-09-17 10:12:01,111.33,3087,111.29,U
sh688668,鼎通科技,2025-09-17 10:12:13,111.26,5625,111.4,D
sh688668,鼎通科技,2025-09-17 10:12:25,111.26,7167,111.2,U
sh688668,鼎通科技,2025-09-17 10:13:01,111.26,3327,111.33,D
sh688668,鼎通科技,2025-09-17 10:13:16,111.26,2000,111.26,D
sh688668,鼎通科技,2025-09-17 10:13:19,111.26,6640,111.26,D
sh688668,鼎通科技,2025-09-17 10:13:25,111.37,2312,111.26,U
sh688668,鼎通科技,2025-09-17 10:13:28,111.26,1803,111.37,D
sh688668,鼎通科技,2025-09-17 10:13:31,111.38,6239,111.26,U
sh688668,鼎通科技,2025-09-17 10:13:40,111.38,7302,111.4,D
sh688668,鼎通科技,2025-09-17 10:13:49,111.26,24253,111.38,D
sh688668,鼎通科技,2025-09-17 10:14:10,111.4,29374,111.26,U
sh688668,鼎通科技,2025-09-17 10:14:13,111.4,2472,111.4,U
sh688668,鼎通科技,2025-09-17 10:14:22,111.4,2371,111.4,U
sh688668,鼎通科技,2025-09-17 10:14:34,111.41,4024,111.39,U
sh688668,鼎通科技,2025-09-17 10:14:37,111.6,24913,111.41,U
sh688668,鼎通科技,2025-09-17 10:14:40,111.4,2400,111.6,D
sh688668,鼎通科技,2025-09-17 10:14:43,111.6,7722,111.4,U
sh688668,鼎通科技,2025-09-17 10:15:04,111.28,7797,111.51,D
sh688668,鼎通科技,2025-09-17 10:15:07,111.28,28428,111.28,U
sh688668,鼎通科技,2025-09-17 10:15:10,111.51,5062,111.28,U
sh688668,鼎通科技,2025-09-17 10:15:40,111.55,2200,111.54,D
sh688668,鼎通科技,2025-09-17 10:15:43,111.55,2181,111.55,D
sh688668,鼎通科技,2025-09-17 10:15:49,111.58,2182,111.55,U
sh688668,鼎通科技,2025-09-17 10:15:55,111.4,3711,111.55,D
sh688668,鼎通科技,2025-09-17 10:16:01,111.26,2779,111.4,D
sh688668,鼎通科技,2025-09-17 10:16:04,111.5,5938,111.26,U
sh688668,鼎通科技,2025-09-17 10:16:07,111.49,5315,111.5,E
sh688668,鼎通科技,2025-09-17 10:16:10,111.24,3000,111.49,E
sh688668,鼎通科技,2025-09-17 10:16:25,111.28,4487,111.48,E
sh688668,鼎通科技,2025-09-17 10:17:04,111.28,4218,111.25,U
sh688668,鼎通科技,2025-09-17 10:17:07,111.28,68732,111.28,D
sh688668,鼎通科技,2025-09-17 10:17:10,111.26,17605,111.28,D
sh688668,鼎通科技,2025-09-17 10:17:19,111.27,2149,111.25,U
sh688668,鼎通科技,2025-09-17 10:17:37,110.8,3588,110.88,D
sh688668,鼎通科技,2025-09-17 10:17:40,110.8,3304,110.8,D
sh688668,鼎通科技,2025-09-17 10:17:52,110.8,3559,110.74,U
sh688668,鼎通科技,2025-09-17 10:17:55,110.74,2145,110.8,D
sh688668,鼎通科技,2025-09-17 10:17:58,110.74,1894,110.74,D
sh688668,鼎通科技,2025-09-17 10:18:01,110.68,4060,110.74,D
sh688668,鼎通科技,2025-09-17 10:18:10,110.6,1951,110.6,U
sh688668,鼎通科技,2025-09-17 10:18:43,110.32,3868,110.32,U
sh688668,鼎通科技,2025-09-17 10:19:13,110.46,6019,110.5,D
sh688668,鼎通科技,2025-09-17 10:19:16,110.46,2365,110.46,U
sh688668,鼎通科技,2025-09-17 10:19:46,110.33,8989,110.3,E
sh688668,鼎通科技,2025-09-17 10:19:49,110.33,3938,110.33,D
sh688668,鼎通科技,2025-09-17 10:19:52,110.33,8125,110.33,D
sh688668,鼎通科技,2025-09-17 10:19:55,110.46,4067,110.33,U
sh688668,鼎通科技,2025-09-17 10:20:01,110.43,2459,110.33,U
sh688668,鼎通科技,2025-09-17 10:20:07,110.5,1917,110.43,U
sh688668,鼎通科技,2025-09-17 10:20:13,110.5,2060,110.5,D
sh688668,鼎通科技,2025-09-17 10:21:01,110.59,3904,110.59,D
sh688668,鼎通科技,2025-09-17 10:21:04,110.58,7490,110.59,D
sh688668,鼎通科技,2025-09-17 10:21:07,110.58,3245,110.58,U
sh688668,鼎通科技,2025-09-17 10:21:10,110.34,12848,110.58,D
sh688668,鼎通科技,2025-09-17 10:21:13,110.35,5379,110.34,U
sh688668,鼎通科技,2025-09-17 10:21:16,110.29,3446,110.35,D
sh688668,鼎通科技,2025-09-17 10:21:19,110.3,3473,110.29,U
sh688668,鼎通科技,2025-09-17 10:21:28,110.02,3642,110.19,D
sh688668,鼎通科技,2025-09-17 10:21:34,110.02,2158,110.02,D
sh688668,鼎通科技,2025-09-17 10:21:37,110.02,2831,110.02,U
sh688668,鼎通科技,2025-09-17 10:21:40,110.0,2241,110.02,D
sh688668,鼎通科技,2025-09-17 10:21:46,110.0,2425,110.02,D
sh688668,鼎通科技,2025-09-17 10:22:13,109.85,15234,110.04,D
sh688668,鼎通科技,2025-09-17 10:22:22,109.88,3444,109.88,U
sh688668,鼎通科技,2025-09-17 10:23:07,109.75,2107,109.7,U
sh688668,鼎通科技,2025-09-17 10:23:19,109.5,2600,109.56,D
sh688668,鼎通科技,2025-09-17 10:23:37,109.4,2339,109.52,D
sh688668,鼎通科技,2025-09-17 10:23:43,109.4,3207,109.42,D
sh688668,鼎通科技,2025-09-17 10:23:49,109.4,1940,109.4,U
sh688668,鼎通科技,2025-09-17 10:23:58,109.28,2659,109.42,D
sh688668,鼎通科技,2025-09-17 10:24:16,109.3,5949,109.35,D
sh688668,鼎通科技,2025-09-17 10:24:34,109.74,2176,109.4,U
sh688668,鼎通科技,2025-09-17 10:24:37,109.73,2463,109.74,E
sh688668,鼎通科技,2025-09-17 10:24:49,109.4,10870,109.56,D
sh688668,鼎通科技,2025-09-17 10:24:52,109.4,4339,109.4,U
sh688668,鼎通科技,2025-09-17 10:24:55,109.3,4577,109.4,D
sh688668,鼎通科技,2025-09-17 10:24:58,109.21,13593,109.3,D
sh688668,鼎通科技,2025-09-17 10:25:04,109.21,7623,109.25,D
sh688668,鼎通科技,2025-09-17 10:25:10,109.28,2080,109.21,U
sh688668,鼎通科技,2025-09-17 10:25:16,109.28,2507,109.21,U
sh688668,鼎通科技,2025-09-17 10:25:19,109.21,3771,109.28,D
sh688668,鼎通科技,2025-09-17 10:25:22,109.21,8222,109.21,D
sh688668,鼎通科技,2025-09-17 10:25:25,109.25,2695,109.21,U
sh688668,鼎通科技,2025-09-17 10:25:34,109.02,14302,109.21,D
sh688668,鼎通科技,2025-09-17 10:25:37,109.02,3070,109.02,U
sh688668,鼎通科技,2025-09-17 10:25:40,109.02,2352,109.02,U
sh688668,鼎通科技,2025-09-17 10:25:43,108.99,14685,109.02,D
sh688668,鼎通科技,2025-09-17 10:25:46,108.58,5017,108.99,D
sh688668,鼎通科技,2025-09-17 10:25:55,108.86,2065,108.75,U
sh688668,鼎通科技,2025-09-17 10:26:01,108.87,6913,108.75,U
sh688668,鼎通科技,2025-09-17 10:26:04,108.75,3710,108.87,D
sh688668,鼎通科技,2025-09-17 10:26:07,108.86,2279,108.75,U
sh688668,鼎通科技,2025-09-17 10:26:16,108.75,2833,108.61,U
sh688668,鼎通科技,2025-09-17 10:26:19,108.85,2342,108.75,E
sh688668,鼎通科技,2025-09-17 10:26:28,108.74,1864,108.62,U
sh688668,鼎通科技,2025-09-17 10:26:31,108.86,2464,108.74,U
sh688668,鼎通科技,2025-09-17 10:26:40,108.61,1887,108.86,D
sh688668,鼎通科技,2025-09-17 10:26:55,108.87,3743,108.87,U
sh688668,鼎通科技,2025-09-17 10:26:58,108.84,1990,108.87,E
sh688668,鼎通科技,2025-09-17 10:27:01,108.59,3405,108.84,D
sh688668,鼎通科技,2025-09-17 10:27:04,108.56,8508,108.59,D
sh688668,鼎通科技,2025-09-17 10:27:07,108.33,4493,108.56,D
sh688668,鼎通科技,2025-09-17 10:27:25,108.32,4357,108.18,E
sh688668,鼎通科技,2025-09-17 10:27:31,108.01,3523,108.18,D
sh688668,鼎通科技,2025-09-17 10:27:34,108.0,11627,108.01,D
sh688668,鼎通科技,2025-09-17 10:27:37,108.0,8621,108.0,D
sh688668,鼎通科技,2025-09-17 10:27:43,108.0,4314,108.09,D
sh688668,鼎通科技,2025-09-17 10:27:49,108.09,10386,108.01,U
sh688668,鼎通科技,2025-09-17 10:27:52,108.0,2603,108.09,D
sh688668,鼎通科技,2025-09-17 10:27:55,108.15,12336,108.0,U
sh688668,鼎通科技,2025-09-17 10:28:01,108.09,2203,108.15,D
sh688668,鼎通科技,2025-09-17 10:28:19,108.85,2741,108.84,U
sh688668,鼎通科技,2025-09-17 10:30:01,108.36,8868,108.5,D
sh688668,鼎通科技,2025-09-17 10:30:04,108.2,4251,108.36,D
sh688668,鼎通科技,2025-09-17 10:30:22,108.35,2366,108.16,U
sh688668,鼎通科技,2025-09-17 10:30:25,108.12,2000,108.35,D
sh688668,鼎通科技,2025-09-17 10:30:40,108.18,1871,108.18,D
sh688668,鼎通科技,2025-09-17 10:31:25,108.43,6274,108.66,D
sh688668,鼎通科技,2025-09-17 10:32:16,109.0,2000,109.0,U
sh688668,鼎通科技,2025-09-17 10:32:49,109.3,6345,109.43,D
sh688668,鼎通科技,2025-09-17 10:33:34,109.0,2750,109.08,D
sh688668,鼎通科技,2025-09-17 10:33:37,109.0,3821,109.0,D
sh688668,鼎通科技,2025-09-17 10:33:46,108.89,5318,108.99,D
sh688668,鼎通科技,2025-09-17 10:33:49,108.89,3021,108.89,U
sh688668,鼎通科技,2025-09-17 10:33:52,108.89,7197,108.89,U
sh688668,鼎通科技,2025-09-17 10:33:55,109.0,2000,108.89,U
sh688668,鼎通科技,2025-09-17 10:33:58,109.08,9597,109.0,U
sh688668,鼎通科技,2025-09-17 10:34:04,109.07,5063,109.07,D
sh688668,鼎通科技,2025-09-17 10:34:10,109.23,7091,109.08,U
sh688668,鼎通科技,2025-09-17 10:34:13,109.25,3270,109.23,U
sh688668,鼎通科技,2025-09-17 10:35:28,109.26,2400,109.63,D
sh688668,鼎通科技,2025-09-17 10:36:49,109.55,2238,109.49,U
sh688668,鼎通科技,2025-09-17 10:37:49,109.35,3200,109.35,U
sh688668,鼎通科技,2025-09-17 10:38:25,109.6,2763,109.6,U
sh688668,鼎通科技,2025-09-17 10:38:28,109.36,8137,109.6,D
sh688668,鼎通科技,2025-09-17 10:38:31,109.6,2672,109.36,E
sh688668,鼎通科技,2025-09-17 10:39:01,109.3,7587,109.3,U
sh688668,鼎通科技,2025-09-17 10:39:31,109.88,1907,109.88,U
sh688668,鼎通科技,2025-09-17 10:39:46,110.0,4639,109.99,U
sh688668,鼎通科技,2025-09-17 10:40:19,109.95,1957,109.47,U
sh688668,鼎通科技,2025-09-17 10:41:04,109.6,2423,109.7,D
sh688668,鼎通科技,2025-09-17 10:42:07,109.6,2699,109.58,U
sh688668,鼎通科技,2025-09-17 10:42:43,109.5,2585,109.58,D
sh688668,鼎通科技,2025-09-17 10:43:01,109.5,3000,109.62,D
sh688668,鼎通科技,2025-09-17 10:43:04,109.54,5832,109.5,U
sh688668,鼎通科技,2025-09-17 10:43:07,109.32,2135,109.54,D
sh688668,鼎通科技,2025-09-17 10:43:10,109.47,2609,109.32,U
sh688668,鼎通科技,2025-09-17 10:45:28,109.26,5653,109.17,U
sh688668,鼎通科技,2025-09-17 10:45:40,109.26,1966,109.41,D
sh688668,鼎通科技,2025-09-17 10:46:55,109.27,4437,109.38,D
sh688668,鼎通科技,2025-09-17 10:47:37,109.28,3980,109.28,U
sh688668,鼎通科技,2025-09-17 10:47:49,109.8,2000,109.8,U
sh688668,鼎通科技,2025-09-17 10:49:49,109.7,4863,109.68,U
sh688668,鼎通科技,2025-09-17 10:49:52,109.7,2000,109.7,D
sh688668,鼎通科技,2025-09-17 10:50:04,109.42,2026,109.42,D
sh688668,鼎通科技,2025-09-17 10:50:55,109.6,3644,109.64,D
sh688668,鼎通科技,2025-09-17 10:51:10,109.7,2001,109.65,U
sh688668,鼎通科技,2025-09-17 10:51:43,109.65,2000,109.65,D
sh688668,鼎通科技,2025-09-17 10:51:46,109.7,2810,109.65,U
sh688668,鼎通科技,2025-09-17 10:52:07,109.5,2489,109.7,D
sh688668,鼎通科技,2025-09-17 10:52:43,109.8,14365,109.54,U
sh688668,鼎通科技,2025-09-17 10:52:46,109.94,8292,109.8,U
sh688668,鼎通科技,2025-09-17 10:53:13,109.91,2559,109.75,U
sh688668,鼎通科技,2025-09-17 10:53:16,109.96,8874,109.91,U
sh688668,鼎通科技,2025-09-17 10:53:19,109.95,2290,109.96,U
sh688668,鼎通科技,2025-09-17 10:53:37,109.8,2000,109.54,E
sh688668,鼎通科技,2025-09-17 10:55:13,109.8,2979,109.6,U
sh688668,鼎通科技,2025-09-17 10:55:55,109.6,2015,109.6,U
sh688668,鼎通科技,2025-09-17 10:56:13,109.65,1992,109.66,D
sh688668,鼎通科技,2025-09-17 10:56:28,109.6,3642,109.64,D
sh688668,鼎通科技,2025-09-17 10:57:07,109.8,2403,109.8,U
sh688668,鼎通科技,2025-09-17 10:57:31,109.79,4595,109.79,U
sh688668,鼎通科技,2025-09-17 10:58:13,109.92,1904,109.9,U
sh688668,鼎通科技,2025-09-17 10:58:28,110.0,5901,110.0,U
sh688668,鼎通科技,2025-09-17 10:58:55,110.0,2245,109.98,U
sh688668,鼎通科技,2025-09-17 10:59:01,110.0,3145,110.0,U
sh688668,鼎通科技,2025-09-17 10:59:04,110.08,14198,110.0,D
sh688668,鼎通科技,2025-09-17 10:59:07,110.08,3971,110.08,U
sh688668,鼎通科技,2025-09-17 10:59:13,110.49,2875,110.49,D
sh688668,鼎通科技,2025-09-17 11:00:19,110.99,3708,110.89,U
sh688668,鼎通科技,2025-09-17 11:00:22,110.99,12143,110.99,U
sh688668,鼎通科技,2025-09-17 11:00:25,110.99,4466,110.99,D
sh688668,鼎通科技,2025-09-17 11:00:31,111.01,2046,111.0,U
sh688668,鼎通科技,2025-09-17 11:00:37,111.01,2188,110.99,U
sh688668,鼎通科技,2025-09-17 11:00:43,111.02,2500,110.99,U
sh688668,鼎通科技,2025-09-17 11:00:49,111.2,4461,111.08,U
sh688668,鼎通科技,2025-09-17 11:00:52,111.2,2439,111.2,U
sh688668,鼎通科技,2025-09-17 11:00:55,111.24,3100,111.2,U
sh688668,鼎通科技,2025-09-17 11:00:58,111.23,3628,111.24,D
sh688668,鼎通科技,2025-09-17 11:01:01,111.25,3467,111.23,U
sh688668,鼎通科技,2025-09-17 11:01:40,110.89,2016,110.9,E
sh688668,鼎通科技,2025-09-17 11:01:46,110.88,4200,110.9,D
sh688668,鼎通科技,2025-09-17 11:02:01,110.89,3027,110.89,U
sh688668,鼎通科技,2025-09-17 11:02:04,110.88,1983,110.89,D
sh688668,鼎通科技,2025-09-17 11:02:43,111.0,4573,110.66,U
sh688668,鼎通科技,2025-09-17 11:02:58,110.91,3648,111.0,D
sh688668,鼎通科技,2025-09-17 11:03:01,111.0,1925,110.91,U
sh688668,鼎通科技,2025-09-17 11:03:13,110.9,2200,111.0,D
sh688668,鼎通科技,2025-09-17 11:06:22,110.58,12409,110.75,D
sh688668,鼎通科技,2025-09-17 11:07:10,110.8,3843,110.77,U
sh688668,鼎通科技,2025-09-17 11:07:16,110.9,3503,110.86,U
sh688668,鼎通科技,2025-09-17 11:07:31,111.02,3589,110.94,U
sh688668,鼎通科技,2025-09-17 11:07:34,111.12,4115,111.02,U
sh688668,鼎通科技,2025-09-17 11:07:37,111.13,2460,111.12,U
sh688668,鼎通科技,2025-09-17 11:07:49,111.26,34763,111.2,U
sh688668,鼎通科技,2025-09-17 11:07:52,111.3,6200,111.26,U
sh688668,鼎通科技,2025-09-17 11:07:58,111.39,3958,111.38,U
sh688668,鼎通科技,2025-09-17 11:08:10,111.43,7985,111.4,U
sh688668,鼎通科技,2025-09-17 11:08:19,111.33,1932,111.33,U
sh688668,鼎通科技,2025-09-17 11:08:34,111.2,7691,111.2,D
sh688668,鼎通科技,2025-09-17 11:08:37,111.18,2935,111.2,D
sh688668,鼎通科技,2025-09-17 11:08:43,111.2,6200,111.18,U
sh688668,鼎通科技,2025-09-17 11:08:49,111.32,1918,111.32,U
sh688668,鼎通科技,2025-09-17 11:09:07,111.16,3770,111.33,D
sh688668,鼎通科技,2025-09-17 11:09:25,111.0,3100,111.18,D
sh688668,鼎通科技,2025-09-17 11:09:31,110.95,3590,111.0,D
sh688668,鼎通科技,2025-09-17 11:11:01,110.79,3525,110.8,D
sh688668,鼎通科技,2025-09-17 11:11:10,111.08,2800,110.99,U
sh688668,鼎通科技,2025-09-17 11:11:58,111.15,1946,111.02,E
sh688668,鼎通科技,2025-09-17 11:12:10,110.95,4916,110.97,E
sh688668,鼎通科技,2025-09-17 11:12:13,110.96,3531,110.95,U
sh688668,鼎通科技,2025-09-17 11:12:31,110.78,1937,110.78,D
sh688668,鼎通科技,2025-09-17 11:14:01,110.96,25282,110.87,U
sh688668,鼎通科技,2025-09-17 11:14:04,111.13,12073,110.96,U
sh688668,鼎通科技,2025-09-17 11:14:10,111.26,5838,111.18,U
sh688668,鼎通科技,2025-09-17 11:14:16,111.25,2148,111.25,D
sh688668,鼎通科技,2025-09-17 11:14:49,111.22,3476,111.2,E
sh688668,鼎通科技,2025-09-17 11:14:52,111.3,1803,111.22,U
sh688668,鼎通科技,2025-09-17 11:15:01,111.3,2558,111.3,D
sh688668,鼎通科技,2025-09-17 11:15:13,111.23,2500,111.31,D
sh688668,鼎通科技,2025-09-17 11:16:22,110.93,2347,110.96,D
sh688668,鼎通科技,2025-09-17 11:16:25,110.93,2400,110.93,D
sh688668,鼎通科技,2025-09-17 11:16:31,110.93,2682,110.93,D
sh688668,鼎通科技,2025-09-17 11:16:37,110.96,7654,110.93,U
sh688668,鼎通科技,2025-09-17 11:16:49,111.01,3901,111.01,U
sh688668,鼎通科技,2025-09-17 11:17:04,111.1,3400,111.1,U
sh688668,鼎通科技,2025-09-17 11:17:07,111.15,3386,111.1,U
sh688668,鼎通科技,2025-09-17 11:17:13,111.16,3321,111.27,E
sh688668,鼎通科技,2025-09-17 11:17:52,111.3,3475,111.27,U
sh688668,鼎通科技,2025-09-17 11:17:55,111.31,3000,111.3,U
sh688668,鼎通科技,2025-09-17 11:17:58,111.31,3201,111.31,U
sh688668,鼎通科技,2025-09-17 11:18:07,111.55,73527,111.29,U
sh688668,鼎通科技,2025-09-17 11:18:10,111.58,4300,111.55,U
sh688668,鼎通科技,2025-09-17 11:18:16,111.58,15899,111.58,U
sh688668,鼎通科技,2025-09-17 11:18:19,111.58,2142,111.58,U
sh688668,鼎通科技,2025-09-17 11:18:25,111.6,7287,111.58,U
sh688668,鼎通科技,2025-09-17 11:18:31,111.6,2228,111.6,U
sh688668,鼎通科技,2025-09-17 11:18:34,111.75,30107,111.6,U
sh688668,鼎通科技,2025-09-17 11:18:37,111.86,10366,111.75,U
sh688668,鼎通科技,2025-09-17 11:18:40,111.84,3062,111.86,D
sh688668,鼎通科技,2025-09-17 11:18:46,111.91,9650,111.85,U
sh688668,鼎通科技,2025-09-17 11:18:49,111.96,5000,111.91,U
sh688668,鼎通科技,2025-09-17 11:18:52,111.98,3789,111.96,U
sh688668,鼎通科技,2025-09-17 11:18:55,112.0,24592,111.98,U
sh688668,鼎通科技,2025-09-17 11:18:58,111.99,2372,112.0,E
sh688668,鼎通科技,2025-09-17 11:19:01,112.01,22038,111.99,U
sh688668,鼎通科技,2025-09-17 11:19:10,111.99,5225,111.99,U
sh688668,鼎通科技,2025-09-17 11:19:13,112.0,4282,111.99,U
sh688668,鼎通科技,2025-09-17 11:19:22,112.19,8822,112.0,U
sh688668,鼎通科技,2025-09-17 11:19:25,112.2,7659,112.19,U
sh688668,鼎通科技,2025-09-17 11:19:37,112.28,3550,112.27,U
sh688668,鼎通科技,2025-09-17 11:19:40,112.27,2150,112.28,D
sh688668,鼎通科技,2025-09-17 11:19:46,112.29,3932,112.27,U
sh688668,鼎通科技,2025-09-17 11:19:49,112.27,2601,112.29,U
sh688668,鼎通科技,2025-09-17 11:19:52,112.28,2331,112.27,E
sh688668,鼎通科技,2025-09-17 11:20:07,112.26,2244,112.22,U
sh688668,鼎通科技,2025-09-17 11:20:10,112.22,2621,112.26,D
sh688668,鼎通科技,2025-09-17 11:20:19,112.21,23783,112.23,D
sh688668,鼎通科技,2025-09-17 11:20:22,112.23,2055,112.21,U
sh688668,鼎通科技,2025-09-17 11:20:25,112.2,3202,112.23,D
sh688668,鼎通科技,2025-09-17 11:20:37,112.2,2975,112.11,U
sh688668,鼎通科技,2025-09-17 11:20:43,112.21,4426,112.2,E
sh688668,鼎通科技,2025-09-17 11:20:49,112.29,3469,112.27,U
sh688668,鼎通科技,2025-09-17 11:20:52,112.29,3643,112.29,U
sh688668,鼎通科技,2025-09-17 11:20:58,112.29,9021,112.29,E
sh688668,鼎通科技,2025-09-17 11:21:01,112.3,4208,112.29,U
sh688668,鼎通科技,2025-09-17 11:21:07,112.3,1818,112.3,U
sh688668,鼎通科技,2025-09-17 11:21:19,112.3,5684,112.3,U
sh688668,鼎通科技,2025-09-17 11:21:28,112.29,3057,112.29,D
sh688668,鼎通科技,2025-09-17 11:21:37,112.2,7000,112.29,D
sh688668,鼎通科技,2025-09-17 11:21:40,112.2,3800,112.2,D
sh688668,鼎通科技,2025-09-17 11:22:55,112.03,3424,112.08,D
sh688668,鼎通科技,2025-09-17 11:23:04,112.0,2009,112.03,D
sh688668,鼎通科技,2025-09-17 11:23:13,112.03,5660,112.0,U
sh688668,鼎通科技,2025-09-17 11:23:16,112.0,6500,112.03,D
sh688668,鼎通科技,2025-09-17 11:23:19,112.0,4067,112.0,D
sh688668,鼎通科技,2025-09-17 11:24:31,111.66,2433,111.96,D
sh688668,鼎通科技,2025-09-17 11:25:01,111.66,3851,111.66,U
sh688668,鼎通科技,2025-09-17 11:25:10,111.58,2463,111.6,D
sh688668,鼎通科技,2025-09-17 11:25:31,111.01,2250,111.01,D
sh688668,鼎通科技,2025-09-17 11:26:55,111.0,1827,111.08,D
sh688668,鼎通科技,2025-09-17 11:27:37,111.08,2733,111.05,U
sh688668,鼎通科技,2025-09-17 11:27:55,111.08,2037,111.08,D
sh688668,鼎通科技,2025-09-17 11:27:58,110.89,3700,111.08,D
sh688668,鼎通科技,2025-09-17 11:28:07,110.71,6059,110.89,D
sh688668,鼎通科技,2025-09-17 11:28:40,110.61,6503,110.78,D
sh688668,鼎通科技,2025-09-17 11:28:52,110.6,2945,110.6,U
sh688668,鼎通科技,2025-09-17 11:29:07,110.6,4795,110.6,D
sh688668,鼎通科技,2025-09-17 11:29:19,110.6,4319,110.6,U
sh688668,鼎通科技,2025-09-17 13:00:37,111.01,2277,111.0,U
sh688668,鼎通科技,2025-09-17 13:00:40,110.62,6196,111.01,D
sh688668,鼎通科技,2025-09-17 13:00:55,110.96,2016,110.96,U
sh688668,鼎通科技,2025-09-17 13:01:28,110.61,11034,111.0,D
sh688668,鼎通科技,2025-09-17 13:01:31,111.16,2948,110.61,U
sh688668,鼎通科技,2025-09-17 13:01:52,110.73,2018,111.18,D
sh688668,鼎通科技,2025-09-17 13:03:01,110.61,8576,110.74,D
sh688668,鼎通科技,2025-09-17 13:03:04,110.6,10133,110.61,D
sh688668,鼎通科技,2025-09-17 13:03:16,110.77,2600,110.6,U
sh688668,鼎通科技,2025-09-17 13:03:40,110.99,3344,110.77,U
sh688668,鼎通科技,2025-09-17 13:04:13,111.11,1892,111.15,D
sh688668,鼎通科技,2025-09-17 13:05:22,111.07,2043,111.0,U
sh688668,鼎通科技,2025-09-17 13:05:25,111.1,8848,111.07,U
sh688668,鼎通科技,2025-09-17 13:05:34,111.22,3200,111.22,U
sh688668,鼎通科技,2025-09-17 13:05:46,111.25,1932,111.21,U
sh688668,鼎通科技,2025-09-17 13:06:07,111.2,1879,111.3,D
sh688668,鼎通科技,2025-09-17 13:07:10,111.1,4375,111.12,D
sh688668,鼎通科技,2025-09-17 13:07:16,110.81,3246,111.06,D
sh688668,鼎通科技,2025-09-17 13:07:19,111.02,4058,110.81,E
sh688668,鼎通科技,2025-09-17 13:07:55,110.6,4542,110.76,D
sh688668,鼎通科技,2025-09-17 13:08:04,110.5,6236,110.6,D
sh688668,鼎通科技,2025-09-17 13:09:16,110.54,6700,110.52,D
sh688668,鼎通科技,2025-09-17 13:09:55,110.56,4415,110.56,D
sh688668,鼎通科技,2025-09-17 13:10:01,110.65,2622,110.55,U
sh688668,鼎通科技,2025-09-17 13:10:04,110.52,4979,110.65,D
sh688668,鼎通科技,2025-09-17 13:10:07,110.36,13288,110.52,D
sh688668,鼎通科技,2025-09-17 13:12:52,110.8,2021,110.8,U
sh688668,鼎通科技,2025-09-17 13:13:10,110.73,1869,110.8,D
sh688668,鼎通科技,2025-09-17 13:13:58,110.38,1945,110.5,D
sh688668,鼎通科技,2025-09-17 13:14:34,110.31,10000,110.44,D
sh688668,鼎通科技,2025-09-17 13:14:37,110.3,2863,110.31,D
sh688668,鼎通科技,2025-09-17 13:14:46,110.2,2658,110.32,D
sh688668,鼎通科技,2025-09-17 13:14:55,110.0,10000,110.2,D
sh688668,鼎通科技,2025-09-17 13:14:58,109.95,11400,110.0,D
sh688668,鼎通科技,2025-09-17 13:15:01,110.0,10458,109.95,D
sh688668,鼎通科技,2025-09-17 13:15:10,109.54,3000,110.0,D
sh688668,鼎通科技,2025-09-17 13:15:22,110.0,3603,110.0,U
sh688668,鼎通科技,2025-09-17 13:15:31,110.0,3000,110.11,D
sh688668,鼎通科技,2025-09-17 13:15:37,110.15,2793,110.15,D
sh688668,鼎通科技,2025-09-17 13:15:49,110.1,3174,110.0,E
sh688668,鼎通科技,2025-09-17 13:16:07,110.1,5205,109.91,U
sh688668,鼎通科技,2025-09-17 13:16:37,109.91,10000,110.3,D
sh688668,鼎通科技,2025-09-17 13:16:43,109.92,2000,109.91,D
sh688668,鼎通科技,2025-09-17 13:16:46,109.84,4000,109.92,D
sh688668,鼎通科技,2025-09-17 13:16:49,109.92,2200,109.84,E
sh688668,鼎通科技,2025-09-17 13:16:52,109.55,2200,109.92,D
sh688668,鼎通科技,2025-09-17 13:16:55,109.62,2000,109.55,E
sh688668,鼎通科技,2025-09-17 13:17:10,109.9,2086,109.88,U
sh688668,鼎通科技,2025-09-17 13:17:22,110.0,3619,109.9,E
sh688668,鼎通科技,2025-09-17 13:17:34,110.0,3000,110.0,U
sh688668,鼎通科技,2025-09-17 13:17:37,109.92,6788,110.0,E
sh688668,鼎通科技,2025-09-17 13:17:40,110.0,4200,109.92,U
sh688668,鼎通科技,2025-09-17 13:17:43,110.0,3982,110.0,U
sh688668,鼎通科技,2025-09-17 13:17:46,109.65,2000,110.0,D
sh688668,鼎通科技,2025-09-17 13:17:49,110.18,4654,109.65,U
sh688668,鼎通科技,2025-09-17 13:17:52,109.78,3200,110.18,D
sh688668,鼎通科技,2025-09-17 13:17:55,109.71,2200,109.78,D
sh688668,鼎通科技,2025-09-17 13:17:58,109.65,2000,109.71,D
sh688668,鼎通科技,2025-09-17 13:18:07,109.64,4000,109.65,D
sh688668,鼎通科技,2025-09-17 13:18:25,110.2,4693,109.65,U
sh688668,鼎通科技,2025-09-17 13:19:40,110.36,4384,110.35,U
sh688668,鼎通科技,2025-09-17 13:19:52,109.7,4000,110.38,D
sh688668,鼎通科技,2025-09-17 13:19:58,109.7,2000,109.7,D
sh688668,鼎通科技,2025-09-17 13:20:01,109.7,4000,109.7,D
sh688668,鼎通科技,2025-09-17 13:20:07,109.7,2000,110.4,D
sh688668,鼎通科技,2025-09-17 13:20:10,110.54,2654,109.7,U
sh688668,鼎通科技,2025-09-17 13:20:22,110.37,3800,110.4,D
sh688668,鼎通科技,2025-09-17 13:20:25,109.84,4000,110.37,D
sh688668,鼎通科技,2025-09-17 13:20:28,109.83,2217,109.84,D
sh688668,鼎通科技,2025-09-17 13:20:31,109.85,2000,109.83,D
sh688668,鼎通科技,2025-09-17 13:20:37,109.85,2000,109.85,D
sh688668,鼎通科技,2025-09-17 13:20:43,110.52,2886,109.85,U
sh688668,鼎通科技,2025-09-17 13:20:46,110.52,2108,110.52,U
sh688668,鼎通科技,2025-09-17 13:22:01,110.03,4000,110.44,D
sh688668,鼎通科技,2025-09-17 13:22:04,110.02,2208,110.03,D
sh688668,鼎通科技,2025-09-17 13:22:07,110.02,2000,110.02,D
sh688668,鼎通科技,2025-09-17 13:22:13,110.47,7348,110.4,U
sh688668,鼎通科技,2025-09-17 13:23:16,110.29,2498,110.34,D
sh688668,鼎通科技,2025-09-17 13:23:19,110.12,4000,110.29,D
sh688668,鼎通科技,2025-09-17 13:23:22,110.02,4000,110.12,D
sh688668,鼎通科技,2025-09-17 13:23:25,110.02,4000,110.02,D
sh688668,鼎通科技,2025-09-17 13:23:28,109.93,2000,110.02,D
sh688668,鼎通科技,2025-09-17 13:24:19,109.9,2458,110.19,D
sh688668,鼎通科技,2025-09-17 13:24:31,109.89,3831,109.9,D
sh688668,鼎通科技,2025-09-17 13:25:37,110.08,2508,110.0,D
sh688668,鼎通科技,2025-09-17 13:25:43,109.9,7602,110.14,D
sh688668,鼎通科技,2025-09-17 13:25:46,110.0,3838,109.9,U
sh688668,鼎通科技,2025-09-17 13:27:19,109.91,3226,110.0,D
sh688668,鼎通科技,2025-09-17 13:27:34,109.91,4400,110.0,D
sh688668,鼎通科技,2025-09-17 13:27:46,109.91,2074,109.92,D
sh688668,鼎通科技,2025-09-17 13:28:04,109.89,2990,109.89,D
sh688668,鼎通科技,2025-09-17 13:28:16,109.89,1930,109.88,U
sh688668,鼎通科技,2025-09-17 13:28:37,109.9,5574,109.89,U
sh688668,鼎通科技,2025-09-17 13:29:01,109.89,3059,109.89,D
sh688668,鼎通科技,2025-09-17 13:29:10,109.87,9905,109.89,D
sh688668,鼎通科技,2025-09-17 13:29:13,109.77,9507,109.87,D
sh688668,鼎通科技,2025-09-17 13:29:28,109.66,2166,109.65,D
sh688668,鼎通科技,2025-09-17 13:29:37,109.65,2561,109.77,D
sh688668,鼎通科技,2025-09-17 13:30:01,109.61,2725,109.61,U
sh688668,鼎通科技,2025-09-17 13:30:19,109.65,2113,109.61,U
sh688668,鼎通科技,2025-09-17 13:30:34,109.7,2988,109.61,U
sh688668,鼎通科技,2025-09-17 13:31:22,109.7,1893,109.72,D
sh688668,鼎通科技,2025-09-17 13:31:28,109.66,2128,109.7,D
sh688668,鼎通科技,2025-09-17 13:32:07,109.66,2589,109.66,D
sh688668,鼎通科技,2025-09-17 13:32:40,109.61,1930,109.62,D
sh688668,鼎通科技,2025-09-17 13:32:43,109.62,4720,109.61,U
sh688668,鼎通科技,2025-09-17 13:33:16,109.6,6545,109.6,D
sh688668,鼎通科技,2025-09-17 13:34:07,109.8,2220,109.67,U
sh688668,鼎通科技,2025-09-17 13:34:16,110.11,2494,110.0,U
sh688668,鼎通科技,2025-09-17 13:34:49,110.14,2365,110.26,D
sh688668,鼎通科技,2025-09-17 13:34:58,110.43,2673,110.44,U
sh688668,鼎通科技,2025-09-17 13:35:19,109.76,46144,110.24,E
sh688668,鼎通科技,2025-09-17 13:36:34,110.0,7123,109.9,U
sh688668,鼎通科技,2025-09-17 13:37:58,109.73,2853,109.72,D
sh688668,鼎通科技,2025-09-17 13:39:37,109.89,2077,109.91,D
sh688668,鼎通科技,2025-09-17 13:40:19,109.91,2800,109.9,U
sh688668,鼎通科技,2025-09-17 13:40:22,109.91,3147,109.91,U
sh688668,鼎通科技,2025-09-17 13:41:34,109.92,2552,109.92,D
sh688668,鼎通科技,2025-09-17 13:42:01,109.91,2786,109.91,U
sh688668,鼎通科技,2025-09-17 13:42:43,109.89,4344,109.89,U
sh688668,鼎通科技,2025-09-17 13:42:46,109.87,7106,109.89,D
sh688668,鼎通科技,2025-09-17 13:42:49,109.87,6400,109.87,D
sh688668,鼎通科技,2025-09-17 13:44:04,109.87,6655,109.88,D
sh688668,鼎通科技,2025-09-17 13:44:31,110.0,13617,109.87,U
sh688668,鼎通科技,2025-09-17 13:44:34,109.92,6812,110.0,D
sh688668,鼎通科技,2025-09-17 13:45:34,110.45,4000,110.4,U
sh688668,鼎通科技,2025-09-17 13:45:37,110.58,13684,110.45,U
sh688668,鼎通科技,2025-09-17 13:46:04,110.66,4102,110.66,D
sh688668,鼎通科技,2025-09-17 13:46:22,111.0,5000,110.85,U
sh688668,鼎通科技,2025-09-17 13:46:34,111.0,5000,110.75,U
sh688668,鼎通科技,2025-09-17 13:46:46,111.0,5401,110.75,U
sh688668,鼎通科技,2025-09-17 13:47:28,110.75,3316,110.77,D
sh688668,鼎通科技,2025-09-17 13:47:34,110.76,3000,110.75,U
sh688668,鼎通科技,2025-09-17 13:47:55,110.78,3600,110.77,U
sh688668,鼎通科技,2025-09-17 13:48:16,110.98,1959,110.9,U
sh688668,鼎通科技,2025-09-17 13:48:19,111.0,4515,110.98,U
sh688668,鼎通科技,2025-09-17 13:48:25,111.06,2300,111.02,U
sh688668,鼎通科技,2025-09-17 13:48:55,111.1,2000,111.08,U
sh688668,鼎通科技,2025-09-17 13:49:01,111.07,3600,111.07,U
sh688668,鼎通科技,2025-09-17 13:49:46,111.1,3864,111.08,U
sh688668,鼎通科技,2025-09-17 13:49:55,111.04,4639,111.11,D
sh688668,鼎通科技,2025-09-17 13:50:10,110.98,2551,111.1,D
sh688668,鼎通科技,2025-09-17 13:50:13,111.1,2401,110.98,U
sh688668,鼎通科技,2025-09-17 13:50:55,110.88,5200,110.87,U
sh688668,鼎通科技,2025-09-17 13:50:58,110.95,3400,110.88,U
sh688668,鼎通科技,2025-09-17 13:52:07,110.86,7661,110.87,U
sh688668,鼎通科技,2025-09-17 13:52:10,110.86,7000,110.86,U
sh688668,鼎通科技,2025-09-17 13:52:13,110.95,2776,110.86,U
sh688668,鼎通科技,2025-09-17 13:52:43,111.11,6569,111.07,U
sh688668,鼎通科技,2025-09-17 13:52:46,111.11,1831,111.11,U
sh688668,鼎通科技,2025-09-17 13:53:37,111.1,5503,111.1,D
sh688668,鼎通科技,2025-09-17 13:53:58,111.11,2213,111.1,U
sh688668,鼎通科技,2025-09-17 13:54:10,110.99,9547,111.1,D
sh688668,鼎通科技,2025-09-17 13:54:13,110.98,2083,110.99,U
sh688668,鼎通科技,2025-09-17 13:54:22,110.98,2000,110.98,U
sh688668,鼎通科技,2025-09-17 13:54:46,110.87,2324,110.97,D
sh688668,鼎通科技,2025-09-17 13:57:25,110.93,2157,110.98,D
sh688668,鼎通科技,2025-09-17 13:57:46,110.87,37147,110.92,D
sh688668,鼎通科技,2025-09-17 13:58:13,110.78,2314,110.78,D
sh688668,鼎通科技,2025-09-17 13:58:19,111.09,25430,110.88,U
sh688668,鼎通科技,2025-09-17 13:58:22,110.9,9700,111.09,D
sh688668,鼎通科技,2025-09-17 13:58:25,111.0,3434,110.9,E
sh688668,鼎通科技,2025-09-17 13:58:37,111.02,3812,111.02,D
sh688668,鼎通科技,2025-09-17 13:58:40,111.02,4691,111.02,U
sh688668,鼎通科技,2025-09-17 13:58:43,111.11,3688,111.02,U
sh688668,鼎通科技,2025-09-17 13:58:49,111.18,5178,111.0,U
sh688668,鼎通科技,2025-09-17 13:58:52,110.95,2038,111.18,E
sh688668,鼎通科技,2025-09-17 13:59:22,111.08,2000,111.1,E
sh688668,鼎通科技,2025-09-17 13:59:55,111.02,4037,111.03,D
sh688668,鼎通科技,2025-09-17 14:00:04,111.02,2590,111.02,D
sh688668,鼎通科技,2025-09-17 14:00:46,110.81,2000,111.0,D
sh688668,鼎通科技,2025-09-17 14:01:40,110.84,2405,110.83,D
sh688668,鼎通科技,2025-09-17 14:02:10,110.84,2009,110.84,D
sh688668,鼎通科技,2025-09-17 14:02:46,110.83,2186,110.83,U
sh688668,鼎通科技,2025-09-17 14:03:10,110.76,1919,110.76,D
sh688668,鼎通科技,2025-09-17 14:03:13,110.76,5382,110.76,D
sh688668,鼎通科技,2025-09-17 14:03:25,110.75,3000,110.78,D
sh688668,鼎通科技,2025-09-17 14:03:55,110.66,2700,110.7,D
sh688668,鼎通科技,2025-09-17 14:04:07,110.66,2000,110.66,D
sh688668,鼎通科技,2025-09-17 14:04:58,110.49,3136,110.4,U
sh688668,鼎通科技,2025-09-17 14:06:55,110.6,2761,110.58,U
sh688668,鼎通科技,2025-09-17 14:08:52,110.51,3318,110.58,D
sh688668,鼎通科技,2025-09-17 14:10:04,110.59,2919,110.59,U
sh688668,鼎通科技,2025-09-17 14:10:31,110.69,5515,110.59,U
sh688668,鼎通科技,2025-09-17 14:12:40,110.46,3400,110.48,D
sh688668,鼎通科技,2025-09-17 14:13:49,110.38,2775,110.38,D
sh688668,鼎通科技,2025-09-17 14:14:28,110.21,1900,110.22,D
sh688668,鼎通科技,2025-09-17 14:15:40,110.47,1905,110.47,D
sh688668,鼎通科技,2025-09-17 14:16:52,110.29,2228,110.29,D
sh688668,鼎通科技,2025-09-17 14:17:37,110.2,15000,110.3,D
sh688668,鼎通科技,2025-09-17 14:17:55,110.1,3440,110.2,D
sh688668,鼎通科技,2025-09-17 14:18:19,110.06,3053,110.09,D
sh688668,鼎通科技,2025-09-17 14:18:34,110.06,1820,110.06,D
sh688668,鼎通科技,2025-09-17 14:18:43,110.0,10300,110.06,D
sh688668,鼎通科技,2025-09-17 14:18:45,110.06,2154,110.0,U
sh688668,鼎通科技,2025-09-17 14:19:28,110.01,2000,110.0,U
sh688668,鼎通科技,2025-09-17 14:19:31,110.01,2015,110.01,U
sh688668,鼎通科技,2025-09-17 14:19:43,110.02,2873,110.01,U
sh688668,鼎通科技,2025-09-17 14:19:49,110.01,4458,110.02,D
sh688668,鼎通科技,2025-09-17 14:21:16,110.0,7240,110.1,D
sh688668,鼎通科技,2025-09-17 14:22:34,109.9,5312,109.88,U
sh688668,鼎通科技,2025-09-17 14:23:04,110.1,3241,109.92,U
sh688668,鼎通科技,2025-09-17 14:25:04,110.6,12510,110.59,U
sh688668,鼎通科技,2025-09-17 14:25:19,110.53,6045,110.6,D
sh688668,鼎通科技,2025-09-17 14:25:28,110.53,2663,110.53,U
sh688668,鼎通科技,2025-09-17 14:25:31,110.53,2670,110.53,D
sh688668,鼎通科技,2025-09-17 14:29:52,110.0,5000,110.2,D
sh688668,鼎通科技,2025-09-17 14:30:04,109.98,3749,110.0,D
sh688668,鼎通科技,2025-09-17 14:30:10,110.0,5078,109.98,U
sh688668,鼎通科技,2025-09-17 14:30:58,110.21,8800,110.21,D
sh688668,鼎通科技,2025-09-17 14:31:16,110.52,11236,110.28,U
sh688668,鼎通科技,2025-09-17 14:31:31,110.53,3592,110.52,U
sh688668,鼎通科技,2025-09-17 14:31:46,110.52,2000,110.52,U
sh688668,鼎通科技,2025-09-17 14:31:58,110.53,6900,110.53,U
sh688668,鼎通科技,2025-09-17 14:32:01,110.52,2014,110.53,D
sh688668,鼎通科技,2025-09-17 14:32:04,110.53,4000,110.52,U
sh688668,鼎通科技,2025-09-17 14:33:31,110.49,3571,110.39,U
sh688668,鼎通科技,2025-09-17 14:34:04,110.15,11895,110.15,U
sh688668,鼎通科技,2025-09-17 14:34:31,110.38,3036,110.12,U
sh688668,鼎通科技,2025-09-17 14:34:58,110.12,1924,110.12,U
sh688668,鼎通科技,2025-09-17 14:35:01,110.33,4226,110.12,U
sh688668,鼎通科技,2025-09-17 14:35:37,110.33,3083,110.36,D
sh688668,鼎通科技,2025-09-17 14:36:43,110.1,2505,110.1,U
sh688668,鼎通科技,2025-09-17 14:37:13,110.13,5137,110.1,U
sh688668,鼎通科技,2025-09-17 14:37:55,110.3,3511,110.3,D
sh688668,鼎通科技,2025-09-17 14:39:52,110.16,2777,110.2,D
sh688668,鼎通科技,2025-09-17 14:40:37,110.1,1927,110.1,D
sh688668,鼎通科技,2025-09-17 14:43:28,110.17,2170,110.17,D
sh688668,鼎通科技,2025-09-17 14:44:01,110.1,12250,110.14,D
sh688668,鼎通科技,2025-09-17 14:44:04,110.1,2982,110.1,U
sh688668,鼎通科技,2025-09-17 14:44:40,109.98,5039,110.0,D
sh688668,鼎通科技,2025-09-17 14:45:16,109.96,3060,109.96,U
sh688668,鼎通科技,2025-09-17 14:45:19,109.9,4062,109.96,D
sh688668,鼎通科技,2025-09-17 14:45:40,109.89,2072,109.89,U
sh688668,鼎通科技,2025-09-17 14:45:43,109.81,7338,109.89,D
sh688668,鼎通科技,2025-09-17 14:45:46,109.88,2178,109.81,E
sh688668,鼎通科技,2025-09-17 14:46:01,109.88,2254,109.88,U
sh688668,鼎通科技,2025-09-17 14:46:04,109.71,10626,109.88,D
sh688668,鼎通科技,2025-09-17 14:46:07,109.77,3306,109.71,U
sh688668,鼎通科技,2025-09-17 14:46:16,109.88,5593,109.8,U
sh688668,鼎通科技,2025-09-17 14:46:19,109.88,6103,109.88,U
sh688668,鼎通科技,2025-09-17 14:46:28,109.82,5975,109.86,D
sh688668,鼎通科技,2025-09-17 14:46:46,109.97,1928,109.9,U
sh688668,鼎通科技,2025-09-17 14:46:52,109.9,2029,109.97,D
sh688668,鼎通科技,2025-09-17 14:47:04,109.9,2300,109.97,D
sh688668,鼎通科技,2025-09-17 14:47:58,109.86,1970,109.86,D
sh688668,鼎通科技,2025-09-17 14:48:04,109.84,4128,109.84,U
sh688668,鼎通科技,2025-09-17 14:48:07,109.8,5400,109.84,D
sh688668,鼎通科技,2025-09-17 14:48:31,109.8,3142,109.79,U
sh688668,鼎通科技,2025-09-17 14:48:34,109.8,2750,109.8,D
sh688668,鼎通科技,2025-09-17 14:48:55,109.77,4965,109.72,U
sh688668,鼎通科技,2025-09-17 14:49:01,109.71,12373,109.77,D
sh688668,鼎通科技,2025-09-17 14:49:07,109.77,1882,109.71,U
sh688668,鼎通科技,2025-09-17 14:49:16,109.84,6761,109.8,U
sh688668,鼎通科技,2025-09-17 14:49:49,109.9,4766,109.89,U
sh688668,鼎通科技,2025-09-17 14:49:58,109.89,10043,109.9,D
sh688668,鼎通科技,2025-09-17 14:50:04,109.9,4348,109.89,D
sh688668,鼎通科技,2025-09-17 14:50:07,109.94,2138,109.9,U
sh688668,鼎通科技,2025-09-17 14:50:28,109.97,3462,109.97,D
sh688668,鼎通科技,2025-09-17 14:50:34,109.98,4850,109.97,U
sh688668,鼎通科技,2025-09-17 14:50:46,109.98,3387,109.98,U
sh688668,鼎通科技,2025-09-17 14:50:49,109.97,1938,109.98,D
sh688668,鼎通科技,2025-09-17 14:51:07,110.0,9950,109.98,U
sh688668,鼎通科技,2025-09-17 14:51:43,109.98,6538,109.98,D
sh688668,鼎通科技,2025-09-17 14:51:58,109.94,6387,109.95,D
sh688668,鼎通科技,2025-09-17 14:52:04,109.94,2400,109.94,U
sh688668,鼎通科技,2025-09-17 14:52:16,109.94,2045,109.94,U
sh688668,鼎通科技,2025-09-17 14:52:19,109.89,1947,109.94,D
sh688668,鼎通科技,2025-09-17 14:52:49,109.92,2843,109.9,U
sh688668,鼎通科技,2025-09-17 14:53:10,109.9,3156,109.92,D
sh688668,鼎通科技,2025-09-17 14:53:19,109.9,2600,109.9,U
sh688668,鼎通科技,2025-09-17 14:53:37,109.85,3100,109.85,D
sh688668,鼎通科技,2025-09-17 14:53:40,109.8,3889,109.85,D
sh688668,鼎通科技,2025-09-17 14:53:46,109.78,2267,109.8,D
sh688668,鼎通科技,2025-09-17 14:54:01,109.78,5351,109.73,U
sh688668,鼎通科技,2025-09-17 14:54:07,109.71,2300,109.74,D
sh688668,鼎通科技,2025-09-17 14:54:16,109.7,3205,109.72,D
sh688668,鼎通科技,2025-09-17 14:54:22,109.69,2321,109.71,D
sh688668,鼎通科技,2025-09-17 14:54:49,109.58,1984,109.61,D
sh688668,鼎通科技,2025-09-17 14:55:01,109.6,2838,109.58,U
sh688668,鼎通科技,2025-09-17 14:55:04,109.54,1906,109.6,E
sh688668,鼎通科技,2025-09-17 14:55:07,109.54,2200,109.54,U
sh688668,鼎通科技,2025-09-17 14:55:10,109.6,4003,109.54,U
sh688668,鼎通科技,2025-09-17 14:55:13,109.7,10701,109.6,U
sh688668,鼎通科技,2025-09-17 14:55:16,109.7,4100,109.7,U
sh688668,鼎通科技,2025-09-17 14:55:25,109.62,2900,109.7,D
sh688668,鼎通科技,2025-09-17 14:55:46,109.63,2091,109.63,D
sh688668,鼎通科技,2025-09-17 14:55:55,109.62,2430,109.62,D
sh688668,鼎通科技,2025-09-17 14:56:10,109.57,2236,109.54,E
sh688668,鼎通科技,2025-09-17 14:56:16,109.54,2443,109.6,D
sh688668,鼎通科技,2025-09-17 14:56:22,109.55,3085,109.6,D
sh688668,鼎通科技,2025-09-17 14:56:31,109.53,4489,109.6,D
sh688668,鼎通科技,2025-09-17 14:56:43,109.55,3628,109.53,U
sh688668,鼎通科技,2025-09-17 14:56:46,109.52,3667,109.55,D
sh688668,鼎通科技,2025-09-17 14:56:49,109.52,1872,109.52,D
sh688668,鼎通科技,2025-09-17 14:56:52,109.53,4659,109.52,U
sh688668,鼎通科技,2025-09-17 15:00:03,109.6,60797,109.6,U
