symbol,name,ticktime,price,volume,prev_price,kind
sh688668,鼎通科技,2025-09-23 09:25:02,114.0,87886,0.0,U
sh688668,鼎通科技,2025-09-23 09:30:00,114.36,24025,114.0,U
sh688668,鼎通科技,2025-09-23 09:30:03,114.5,20145,114.36,U
sh688668,鼎通科技,2025-09-23 09:30:06,114.2,22276,114.5,D
sh688668,鼎通科技,2025-09-23 09:30:09,114.2,28362,114.2,D
sh688668,鼎通科技,2025-09-23 09:30:12,114.48,21971,114.2,E
sh688668,鼎通科技,2025-09-23 09:30:15,114.0,25944,114.48,D
sh688668,鼎通科技,2025-09-23 09:30:18,114.19,21977,114.0,U
sh688668,鼎通科技,2025-09-23 09:30:21,113.99,19883,114.19,E
sh688668,鼎通科技,2025-09-23 09:30:24,114.19,20803,113.99,U
sh688668,鼎通科技,2025-09-23 09:30:27,113.43,32038,114.19,D
sh688668,鼎通科技,2025-09-23 09:30:30,113.28,21260,113.43,D
sh688668,鼎通科技,2025-09-23 09:30:33,113.37,26093,113.28,U
sh688668,鼎通科技,2025-09-23 09:30:36,113.68,7583,113.37,U
sh688668,鼎通科技,2025-09-23 09:30:39,113.43,13272,113.68,D
sh688668,鼎通科技,2025-09-23 09:30:42,113.43,22401,113.43,D
sh688668,鼎通科技,2025-09-23 09:30:45,113.41,8462,113.43,D
sh688668,鼎通科技,2025-09-23 09:30:48,113.27,10522,113.41,D
sh688668,鼎通科技,2025-09-23 09:30:51,113.0,18567,113.27,D
sh688668,鼎通科技,2025-09-23 09:30:54,112.5,34483,113.0,D
sh688668,鼎通科技,2025-09-23 09:31:00,112.0,36644,112.18,D
sh688668,鼎通科技,2025-09-23 09:31:03,112.01,5550,112.0,E
sh688668,鼎通科技,2025-09-23 09:31:06,112.13,7929,112.01,U
sh688668,鼎通科技,2025-09-23 09:31:09,112.17,6190,112.13,U
sh688668,鼎通科技,2025-09-23 09:31:12,112.49,8986,112.17,E
sh688668,鼎通科技,2025-09-23 09:31:21,112.2,8603,112.17,U
sh688668,鼎通科技,2025-09-23 09:31:24,112.21,3072,112.2,E
sh688668,鼎通科技,2025-09-23 09:31:30,112.58,7574,112.58,U
sh688668,鼎通科技,2025-09-23 09:31:33,112.94,8483,112.58,E
sh688668,鼎通科技,2025-09-23 09:31:36,112.95,2600,112.94,U
sh688668,鼎通科技,2025-09-23 09:31:39,112.58,4088,112.95,D
sh688668,鼎通科技,2025-09-23 09:31:42,112.95,4038,112.58,U
sh688668,鼎通科技,2025-09-23 09:31:45,112.99,11960,112.95,U
sh688668,鼎通科技,2025-09-23 09:31:54,113.41,4683,113.37,U
sh688668,鼎通科技,2025-09-23 09:32:00,113.68,3473,113.6,U
sh688668,鼎通科技,2025-09-23 09:32:03,113.68,3626,113.68,U
sh688668,鼎通科技,2025-09-23 09:32:06,113.68,5367,113.68,D
sh688668,鼎通科技,2025-09-23 09:32:09,113.68,6126,113.68,D
sh688668,鼎通科技,2025-09-23 09:32:12,113.55,6636,113.68,D
sh688668,鼎通科技,2025-09-23 09:32:15,113.6,10403,113.55,U
sh688668,鼎通科技,2025-09-23 09:32:18,113.37,4453,113.6,D
sh688668,鼎通科技,2025-09-23 09:32:27,112.95,5829,113.2,D
sh688668,鼎通科技,2025-09-23 09:32:30,112.91,10706,112.95,D
sh688668,鼎通科技,2025-09-23 09:32:33,113.17,5419,112.91,U
sh688668,鼎通科技,2025-09-23 09:32:36,112.95,3907,113.17,E
sh688668,鼎通科技,2025-09-23 09:32:39,113.17,4506,112.95,U
sh688668,鼎通科技,2025-09-23 09:32:42,113.05,3393,113.17,U
sh688668,鼎通科技,2025-09-23 09:32:48,113.01,2724,112.87,D
sh688668,鼎通科技,2025-09-23 09:32:51,112.95,10255,113.01,D
sh688668,鼎通科技,2025-09-23 09:32:54,113.01,8816,112.95,U
sh688668,鼎通科技,2025-09-23 09:32:57,112.86,2052,113.01,D
sh688668,鼎通科技,2025-09-23 09:33:00,112.98,11487,112.86,U
sh688668,鼎通科技,2025-09-23 09:33:03,112.9,9873,112.98,E
sh688668,鼎通科技,2025-09-23 09:33:06,112.9,3896,112.9,U
sh688668,鼎通科技,2025-09-23 09:33:09,112.75,4779,112.9,D
sh688668,鼎通科技,2025-09-23 09:33:12,112.55,54052,112.75,D
sh688668,鼎通科技,2025-09-23 09:33:15,112.45,2043,112.55,D
sh688668,鼎通科技,2025-09-23 09:33:18,112.43,9319,112.45,D
sh688668,鼎通科技,2025-09-23 09:33:21,112.79,53260,112.43,U
sh688668,鼎通科技,2025-09-23 09:33:24,112.86,3225,112.79,E
sh688668,鼎通科技,2025-09-23 09:33:27,112.95,2071,112.86,U
sh688668,鼎通科技,2025-09-23 09:33:30,112.9,7086,112.95,E
sh688668,鼎通科技,2025-09-23 09:33:33,112.98,6933,112.9,U
sh688668,鼎通科技,2025-09-23 09:33:36,112.83,3855,112.98,D
sh688668,鼎通科技,2025-09-23 09:33:39,113.05,3678,112.83,U
sh688668,鼎通科技,2025-09-23 09:33:42,113.17,19749,113.05,U
sh688668,鼎通科技,2025-09-23 09:33:45,113.27,5675,113.17,U
sh688668,鼎通科技,2025-09-23 09:33:48,113.16,3168,113.27,D
sh688668,鼎通科技,2025-09-23 09:33:51,113.32,17555,113.16,E
sh688668,鼎通科技,2025-09-23 09:33:57,113.26,8546,113.32,E
sh688668,鼎通科技,2025-09-23 09:34:00,112.93,5427,113.26,D
sh688668,鼎通科技,2025-09-23 09:34:03,112.98,2732,112.93,U
sh688668,鼎通科技,2025-09-23 09:34:06,113.13,3432,112.98,U
sh688668,鼎通科技,2025-09-23 09:34:12,113.13,4028,113.12,U
sh688668,鼎通科技,2025-09-23 09:34:15,113.06,4885,113.13,D
sh688668,鼎通科技,2025-09-23 09:34:18,113.1,2083,113.06,U
sh688668,鼎通科技,2025-09-23 09:34:21,112.99,3402,113.1,E
sh688668,鼎通科技,2025-09-23 09:34:24,113.1,2087,112.99,U
sh688668,鼎通科技,2025-09-23 09:34:27,113.1,1853,113.1,U
sh688668,鼎通科技,2025-09-23 09:34:30,113.1,2183,113.1,U
sh688668,鼎通科技,2025-09-23 09:34:33,113.1,2113,113.1,U
sh688668,鼎通科技,2025-09-23 09:34:36,113.26,2370,113.1,U
sh688668,鼎通科技,2025-09-23 09:34:39,113.32,7048,113.26,U
sh688668,鼎通科技,2025-09-23 09:34:42,113.29,2903,113.32,E
sh688668,鼎通科技,2025-09-23 09:34:45,113.18,2277,113.29,D
sh688668,鼎通科技,2025-09-23 09:34:48,113.1,4268,113.18,D
sh688668,鼎通科技,2025-09-23 09:34:51,113.12,6091,113.1,U
sh688668,鼎通科技,2025-09-23 09:34:57,112.95,5739,113.01,E
sh688668,鼎通科技,2025-09-23 09:35:00,112.72,3932,112.95,E
sh688668,鼎通科技,2025-09-23 09:35:03,112.72,4432,112.72,D
sh688668,鼎通科技,2025-09-23 09:35:06,113.0,2123,112.72,E
sh688668,鼎通科技,2025-09-23 09:35:09,113.03,3976,113.0,U
sh688668,鼎通科技,2025-09-23 09:35:12,112.72,4605,113.03,E
sh688668,鼎通科技,2025-09-23 09:35:15,113.03,2300,112.72,U
sh688668,鼎通科技,2025-09-23 09:35:18,113.0,7335,113.03,D
sh688668,鼎通科技,2025-09-23 09:35:21,113.06,3999,113.0,U
sh688668,鼎通科技,2025-09-23 09:35:24,113.19,3840,113.06,U
sh688668,鼎通科技,2025-09-23 09:35:27,113.27,12638,113.19,U
sh688668,鼎通科技,2025-09-23 09:35:30,113.27,8037,113.27,U
sh688668,鼎通科技,2025-09-23 09:35:33,113.27,3095,113.27,D
sh688668,鼎通科技,2025-09-23 09:35:36,113.26,4656,113.27,E
sh688668,鼎通科技,2025-09-23 09:35:39,113.17,11762,113.26,E
sh688668,鼎通科技,2025-09-23 09:35:42,113.0,5698,113.17,D
sh688668,鼎通科技,2025-09-23 09:35:48,112.8,1800,113.0,D
sh688668,鼎通科技,2025-09-23 09:36:03,112.53,4775,112.88,D
sh688668,鼎通科技,2025-09-23 09:36:06,112.49,16182,112.53,D
sh688668,鼎通科技,2025-09-23 09:36:09,112.38,15909,112.49,D
sh688668,鼎通科技,2025-09-23 09:36:15,112.1,3420,112.29,D
sh688668,鼎通科技,2025-09-23 09:36:18,111.5,16715,112.1,D
sh688668,鼎通科技,2025-09-23 09:36:21,111.72,16620,111.5,U
sh688668,鼎通科技,2025-09-23 09:36:24,111.87,2079,111.72,E
sh688668,鼎通科技,2025-09-23 09:36:27,112.09,26667,111.87,U
sh688668,鼎通科技,2025-09-23 09:36:30,112.09,4100,112.09,U
sh688668,鼎通科技,2025-09-23 09:36:33,112.05,3589,112.09,D
sh688668,鼎通科技,2025-09-23 09:36:36,112.14,7485,112.05,U
sh688668,鼎通科技,2025-09-23 09:36:39,112.05,9136,112.14,E
sh688668,鼎通科技,2025-09-23 09:36:42,112.04,2785,112.05,D
sh688668,鼎通科技,2025-09-23 09:36:45,112.14,2553,112.04,E
sh688668,鼎通科技,2025-09-23 09:36:51,112.15,1986,112.14,E
sh688668,鼎通科技,2025-09-23 09:36:54,112.13,12130,112.15,D
sh688668,鼎通科技,2025-09-23 09:36:57,112.18,5445,112.13,U
sh688668,鼎通科技,2025-09-23 09:37:09,111.89,2436,111.97,D
sh688668,鼎通科技,2025-09-23 09:37:24,111.59,3877,111.6,D
sh688668,鼎通科技,2025-09-23 09:37:27,111.5,2100,111.59,E
sh688668,鼎通科技,2025-09-23 09:37:30,111.6,2238,111.5,U
sh688668,鼎通科技,2025-09-23 09:37:33,111.35,4264,111.6,D
sh688668,鼎通科技,2025-09-23 09:37:42,111.44,10600,111.6,D
sh688668,鼎通科技,2025-09-23 09:37:45,111.43,5126,111.44,D
sh688668,鼎通科技,2025-09-23 09:37:48,111.45,2200,111.43,U
sh688668,鼎通科技,2025-09-23 09:37:51,111.29,3611,111.45,D
sh688668,鼎通科技,2025-09-23 09:37:54,111.21,2031,111.29,D
sh688668,鼎通科技,2025-09-23 09:38:15,111.06,16673,111.0,E
sh688668,鼎通科技,2025-09-23 09:38:21,111.0,5338,111.0,U
sh688668,鼎通科技,2025-09-23 09:38:24,110.94,2947,111.0,D
sh688668,鼎通科技,2025-09-23 09:38:30,110.98,8133,110.98,U
sh688668,鼎通科技,2025-09-23 09:38:33,110.98,4417,110.98,D
sh688668,鼎通科技,2025-09-23 09:38:36,110.98,2600,110.98,D
sh688668,鼎通科技,2025-09-23 09:38:42,110.93,8089,110.91,D
sh688668,鼎通科技,2025-09-23 09:38:48,110.9,3063,110.92,E
sh688668,鼎通科技,2025-09-23 09:38:54,110.9,4090,110.89,U
sh688668,鼎通科技,2025-09-23 09:38:57,110.82,11671,110.9,E
sh688668,鼎通科技,2025-09-23 09:39:00,111.04,13676,110.82,U
sh688668,鼎通科技,2025-09-23 09:39:03,111.04,8583,111.04,D
sh688668,鼎通科技,2025-09-23 09:39:06,110.82,2299,111.04,D
sh688668,鼎通科技,2025-09-23 09:39:12,110.8,7049,110.78,U
sh688668,鼎通科技,2025-09-23 09:39:15,110.36,8615,110.8,D
sh688668,鼎通科技,2025-09-23 09:39:18,110.33,8713,110.36,D
sh688668,鼎通科技,2025-09-23 09:39:24,110.07,40126,110.32,D
sh688668,鼎通科技,2025-09-23 09:39:27,109.98,3784,110.07,D
sh688668,鼎通科技,2025-09-23 09:39:33,109.7,2700,109.97,D
sh688668,鼎通科技,2025-09-23 09:39:36,109.98,8401,109.7,U
sh688668,鼎通科技,2025-09-23 09:39:39,110.08,15915,109.98,U
sh688668,鼎通科技,2025-09-23 09:39:42,109.0,11339,110.08,D
sh688668,鼎通科技,2025-09-23 09:39:45,110.06,2288,109.0,E
sh688668,鼎通科技,2025-09-23 09:39:48,110.3,8022,110.06,U
sh688668,鼎通科技,2025-09-23 09:39:51,110.34,13510,110.3,U
sh688668,鼎通科技,2025-09-23 09:39:54,110.3,2000,110.34,D
sh688668,鼎通科技,2025-09-23 09:40:00,109.99,3653,110.29,D
sh688668,鼎通科技,2025-09-23 09:40:03,110.57,2519,109.99,U
sh688668,鼎通科技,2025-09-23 09:40:06,110.3,7493,110.57,D
sh688668,鼎通科技,2025-09-23 09:40:09,110.59,2375,110.3,U
sh688668,鼎通科技,2025-09-23 09:40:12,110.57,1879,110.59,D
sh688668,鼎通科技,2025-09-23 09:40:15,110.57,3644,110.57,U
sh688668,鼎通科技,2025-09-23 09:40:18,110.56,2642,110.57,E
sh688668,鼎通科技,2025-09-23 09:40:21,110.3,2157,110.56,D
sh688668,鼎通科技,2025-09-23 09:40:24,110.56,4403,110.3,U
sh688668,鼎通科技,2025-09-23 09:40:27,110.56,2942,110.56,U
sh688668,鼎通科技,2025-09-23 09:40:33,110.67,2000,110.57,U
sh688668,鼎通科技,2025-09-23 09:40:48,110.67,2887,110.66,E
sh688668,鼎通科技,2025-09-23 09:40:51,110.66,4712,110.67,E
sh688668,鼎通科技,2025-09-23 09:41:03,110.49,2083,110.65,D
sh688668,鼎通科技,2025-09-23 09:41:06,110.48,4469,110.49,U
sh688668,鼎通科技,2025-09-23 09:41:09,110.57,2786,110.48,D
sh688668,鼎通科技,2025-09-23 09:41:21,110.48,9948,110.46,U
sh688668,鼎通科技,2025-09-23 09:41:36,110.5,9563,110.35,U
sh688668,鼎通科技,2025-09-23 09:41:39,110.49,4117,110.5,U
sh688668,鼎通科技,2025-09-23 09:41:45,110.34,5900,110.49,D
sh688668,鼎通科技,2025-09-23 09:41:48,110.31,10092,110.34,D
sh688668,鼎通科技,2025-09-23 09:42:00,110.06,3036,110.2,D
sh688668,鼎通科技,2025-09-23 09:42:03,109.8,7151,110.06,D
sh688668,鼎通科技,2025-09-23 09:42:15,109.72,2226,109.7,E
sh688668,鼎通科技,2025-09-23 09:42:18,109.31,4065,109.72,D
sh688668,鼎通科技,2025-09-23 09:42:21,109.27,6704,109.31,D
sh688668,鼎通科技,2025-09-23 09:42:24,109.27,17372,109.27,U
sh688668,鼎通科技,2025-09-23 09:42:33,109.29,7065,109.27,E
sh688668,鼎通科技,2025-09-23 09:42:39,109.47,5800,109.29,U
sh688668,鼎通科技,2025-09-23 09:42:48,109.27,2200,109.42,E
sh688668,鼎通科技,2025-09-23 09:42:51,109.22,3671,109.27,D
sh688668,鼎通科技,2025-09-23 09:42:57,109.42,3581,109.17,U
sh688668,鼎通科技,2025-09-23 09:43:00,109.47,12085,109.42,U
sh688668,鼎通科技,2025-09-23 09:43:03,109.21,10600,109.47,D
sh688668,鼎通科技,2025-09-23 09:43:09,109.24,21812,109.25,D
sh688668,鼎通科技,2025-09-23 09:43:12,109.43,2100,109.24,E
sh688668,鼎通科技,2025-09-23 09:43:18,109.42,3600,109.27,E
sh688668,鼎通科技,2025-09-23 09:43:21,109.41,9058,109.42,D
sh688668,鼎通科技,2025-09-23 09:43:24,109.41,11095,109.41,U
sh688668,鼎通科技,2025-09-23 09:43:27,109.41,4994,109.41,D
sh688668,鼎通科技,2025-09-23 09:43:33,109.4,3853,109.4,U
sh688668,鼎通科技,2025-09-23 09:43:42,109.45,8489,109.25,U
sh688668,鼎通科技,2025-09-23 09:43:45,109.25,4702,109.45,D
sh688668,鼎通科技,2025-09-23 09:43:48,109.23,5371,109.25,E
sh688668,鼎通科技,2025-09-23 09:44:00,109.24,2300,109.23,U
sh688668,鼎通科技,2025-09-23 09:44:03,109.18,9371,109.24,D
sh688668,鼎通科技,2025-09-23 09:44:09,109.06,3827,109.19,D
sh688668,鼎通科技,2025-09-23 09:44:12,109.01,6330,109.06,D
sh688668,鼎通科技,2025-09-23 09:44:15,109.05,4959,109.01,E
sh688668,鼎通科技,2025-09-23 09:44:18,108.8,16445,109.05,D
sh688668,鼎通科技,2025-09-23 09:44:21,108.68,4800,108.8,D
sh688668,鼎通科技,2025-09-23 09:44:33,108.93,4559,108.93,U
sh688668,鼎通科技,2025-09-23 09:44:36,108.66,4280,108.93,D
sh688668,鼎通科技,2025-09-23 09:44:51,108.79,5485,108.79,D
sh688668,鼎通科技,2025-09-23 09:44:54,108.6,1890,108.79,D
sh688668,鼎通科技,2025-09-23 09:44:57,108.74,3394,108.6,E
sh688668,鼎通科技,2025-09-23 09:45:06,108.7,5203,108.79,D
sh688668,鼎通科技,2025-09-23 09:45:15,108.5,4668,108.8,D
sh688668,鼎通科技,2025-09-23 09:45:18,108.68,2991,108.5,U
sh688668,鼎通科技,2025-09-23 09:45:33,108.61,3029,108.5,U
sh688668,鼎通科技,2025-09-23 09:45:36,108.69,2537,108.61,U
sh688668,鼎通科技,2025-09-23 09:45:39,108.6,4320,108.69,D
sh688668,鼎通科技,2025-09-23 09:45:42,108.94,2800,108.6,U
sh688668,鼎通科技,2025-09-23 09:45:54,108.55,6411,108.72,D
sh688668,鼎通科技,2025-09-23 09:45:57,108.55,2075,108.55,D
sh688668,鼎通科技,2025-09-23 09:46:00,108.5,12770,108.55,D
sh688668,鼎通科技,2025-09-23 09:46:03,108.61,5261,108.5,E
sh688668,鼎通科技,2025-09-23 09:46:06,108.68,6171,108.61,U
sh688668,鼎通科技,2025-09-23 09:46:18,108.63,5843,108.71,D
sh688668,鼎通科技,2025-09-23 09:46:21,108.68,10333,108.63,U
sh688668,鼎通科技,2025-09-23 09:46:24,108.63,5714,108.68,D
sh688668,鼎通科技,2025-09-23 09:46:30,108.5,7144,108.55,D
sh688668,鼎通科技,2025-09-23 09:46:33,108.21,10016,108.5,D
sh688668,鼎通科技,2025-09-23 09:46:36,108.06,4707,108.21,D
sh688668,鼎通科技,2025-09-23 09:46:39,108.05,5605,108.06,D
sh688668,鼎通科技,2025-09-23 09:46:54,108.1,11759,108.13,D
sh688668,鼎通科技,2025-09-23 09:46:57,108.2,10259,108.1,U
sh688668,鼎通科技,2025-09-23 09:47:03,108.16,1918,108.2,D
sh688668,鼎通科技,2025-09-23 09:47:09,108.31,6000,108.52,E
sh688668,鼎通科技,2025-09-23 09:47:12,108.5,3202,108.31,E
sh688668,鼎通科技,2025-09-23 09:47:15,108.29,2000,108.5,D
sh688668,鼎通科技,2025-09-23 09:47:18,108.25,5890,108.29,D
sh688668,鼎通科技,2025-09-23 09:47:24,108.22,9368,108.25,D
sh688668,鼎通科技,2025-09-23 09:47:27,108.2,2264,108.22,D
sh688668,鼎通科技,2025-09-23 09:47:33,108.38,3868,108.23,U
sh688668,鼎通科技,2025-09-23 09:47:36,108.11,6026,108.38,D
sh688668,鼎通科技,2025-09-23 09:47:39,108.0,25322,108.11,D
sh688668,鼎通科技,2025-09-23 09:47:45,107.8,2675,107.9,D
sh688668,鼎通科技,2025-09-23 09:47:48,107.77,2400,107.8,D
sh688668,鼎通科技,2025-09-23 09:48:00,107.8,4279,107.81,D
sh688668,鼎通科技,2025-09-23 09:48:03,107.79,3537,107.8,D
sh688668,鼎通科技,2025-09-23 09:48:09,107.77,3698,107.93,D
sh688668,鼎通科技,2025-09-23 09:48:12,107.78,4325,107.77,D
sh688668,鼎通科技,2025-09-23 09:48:15,107.54,5923,107.78,D
sh688668,鼎通科技,2025-09-23 09:48:18,107.5,5708,107.54,D
sh688668,鼎通科技,2025-09-23 09:48:24,107.5,2800,107.54,U
sh688668,鼎通科技,2025-09-23 09:48:36,107.4,21509,107.54,D
sh688668,鼎通科技,2025-09-23 09:48:39,107.4,2079,107.4,D
sh688668,鼎通科技,2025-09-23 09:48:42,107.49,5200,107.4,E
sh688668,鼎通科技,2025-09-23 09:48:45,107.47,16716,107.49,E
sh688668,鼎通科技,2025-09-23 09:48:48,107.25,9416,107.47,D
sh688668,鼎通科技,2025-09-23 09:48:51,107.47,4024,107.25,U
sh688668,鼎通科技,2025-09-23 09:48:54,107.33,2863,107.47,D
sh688668,鼎通科技,2025-09-23 09:48:57,107.33,5850,107.33,D
sh688668,鼎通科技,2025-09-23 09:49:00,107.78,6951,107.33,U
sh688668,鼎通科技,2025-09-23 09:49:09,108.12,3363,107.75,U
sh688668,鼎通科技,2025-09-23 09:49:12,108.02,2468,108.12,D
sh688668,鼎通科技,2025-09-23 09:49:15,107.56,2407,108.02,E
sh688668,鼎通科技,2025-09-23 09:49:21,108.17,3017,108.11,U
sh688668,鼎通科技,2025-09-23 09:49:24,108.11,4039,108.17,D
sh688668,鼎通科技,2025-09-23 09:49:27,108.0,4153,108.11,D
sh688668,鼎通科技,2025-09-23 09:49:30,107.56,7265,108.0,D
sh688668,鼎通科技,2025-09-23 09:49:33,107.89,2289,107.56,E
sh688668,鼎通科技,2025-09-23 09:49:39,107.99,2148,107.98,U
sh688668,鼎通科技,2025-09-23 09:49:45,108.0,4402,107.99,U
sh688668,鼎通科技,2025-09-23 09:49:51,108.1,3406,108.11,E
sh688668,鼎通科技,2025-09-23 09:49:57,107.99,3600,107.95,E
sh688668,鼎通科技,2025-09-23 09:50:00,108.12,8873,107.99,U
sh688668,鼎通科技,2025-09-23 09:50:06,108.26,2873,108.11,U
sh688668,鼎通科技,2025-09-23 09:50:09,108.26,2545,108.26,D
sh688668,鼎通科技,2025-09-23 09:50:27,108.49,2768,108.6,D
sh688668,鼎通科技,2025-09-23 09:50:30,108.44,8214,108.49,D
sh688668,鼎通科技,2025-09-23 09:50:45,108.26,4494,108.22,U
sh688668,鼎通科技,2025-09-23 09:50:54,108.07,3145,108.09,D
sh688668,鼎通科技,2025-09-23 09:50:57,108.0,4090,108.07,D
sh688668,鼎通科技,2025-09-23 09:51:00,108.07,7572,108.0,U
sh688668,鼎通科技,2025-09-23 09:51:03,108.0,13100,108.07,E
sh688668,鼎通科技,2025-09-23 09:51:15,107.4,13123,107.56,D
sh688668,鼎通科技,2025-09-23 09:51:18,107.15,14631,107.4,D
sh688668,鼎通科技,2025-09-23 09:51:21,107.1,10738,107.15,D
sh688668,鼎通科技,2025-09-23 09:51:24,107.01,4349,107.1,D
sh688668,鼎通科技,2025-09-23 09:51:27,107.01,4311,107.01,D
sh688668,鼎通科技,2025-09-23 09:51:30,107.05,3300,107.01,U
sh688668,鼎通科技,2025-09-23 09:51:33,107.0,11117,107.05,D
sh688668,鼎通科技,2025-09-23 09:51:39,107.02,7241,107.01,E
sh688668,鼎通科技,2025-09-23 09:52:00,107.0,25002,107.13,D
sh688668,鼎通科技,2025-09-23 09:52:03,107.01,30908,107.0,U
sh688668,鼎通科技,2025-09-23 09:52:06,106.78,2000,107.01,D
sh688668,鼎通科技,2025-09-23 09:52:12,106.67,3224,106.68,E
sh688668,鼎通科技,2025-09-23 09:52:15,106.5,1964,106.67,D
sh688668,鼎通科技,2025-09-23 09:52:21,106.5,9689,106.6,D
sh688668,鼎通科技,2025-09-23 09:52:24,106.51,6225,106.5,E
sh688668,鼎通科技,2025-09-23 09:52:27,106.45,3419,106.51,D
sh688668,鼎通科技,2025-09-23 09:52:33,106.5,3764,106.5,D
sh688668,鼎通科技,2025-09-23 09:52:42,106.5,3442,106.58,D
sh688668,鼎通科技,2025-09-23 09:52:45,106.99,2352,106.5,U
sh688668,鼎通科技,2025-09-23 09:53:03,106.6,3674,106.59,D
sh688668,鼎通科技,2025-09-23 09:53:06,106.8,5917,106.6,E
sh688668,鼎通科技,2025-09-23 09:53:09,106.55,5000,106.8,D
sh688668,鼎通科技,2025-09-23 09:53:15,106.49,5594,106.81,D
sh688668,鼎通科技,2025-09-23 09:53:21,106.81,9686,106.81,U
sh688668,鼎通科技,2025-09-23 09:53:27,107.0,4971,106.62,U
sh688668,鼎通科技,2025-09-23 09:53:30,106.5,7544,107.0,D
sh688668,鼎通科技,2025-09-23 09:53:51,106.83,2174,106.81,U
sh688668,鼎通科技,2025-09-23 09:53:57,106.99,3200,106.99,U
sh688668,鼎通科技,2025-09-23 09:54:00,106.83,3193,106.99,D
sh688668,鼎通科技,2025-09-23 09:54:06,106.99,4400,107.01,E
sh688668,鼎通科技,2025-09-23 09:54:09,106.68,2815,106.99,D
sh688668,鼎通科技,2025-09-23 09:54:15,106.76,2790,106.68,U
sh688668,鼎通科技,2025-09-23 09:54:18,106.94,4300,106.76,U
sh688668,鼎通科技,2025-09-23 09:54:21,106.51,4279,106.94,D
sh688668,鼎通科技,2025-09-23 09:54:57,106.96,2471,106.96,D
sh688668,鼎通科技,2025-09-23 09:55:18,107.02,2000,106.95,U
sh688668,鼎通科技,2025-09-23 09:55:30,107.03,5041,106.92,U
sh688668,鼎通科技,2025-09-23 09:55:36,107.2,4404,107.19,U
sh688668,鼎通科技,2025-09-23 09:56:00,107.25,3270,107.42,D
sh688668,鼎通科技,2025-09-23 09:56:03,107.23,2447,107.25,D
sh688668,鼎通科技,2025-09-23 09:56:33,107.58,2513,107.59,D
sh688668,鼎通科技,2025-09-23 09:56:39,107.58,2054,107.42,U
sh688668,鼎通科技,2025-09-23 09:57:42,107.57,2400,107.44,U
sh688668,鼎通科技,2025-09-23 09:57:54,107.83,2857,107.83,U
sh688668,鼎通科技,2025-09-23 09:57:57,107.8,4903,107.83,E
sh688668,鼎通科技,2025-09-23 09:58:03,107.83,3117,107.7,U
sh688668,鼎通科技,2025-09-23 09:58:06,107.83,4269,107.83,D
sh688668,鼎通科技,2025-09-23 09:58:09,107.7,6648,107.83,D
sh688668,鼎通科技,2025-09-23 09:58:27,107.5,2338,107.7,D
sh688668,鼎通科技,2025-09-23 09:59:27,108.03,2984,108.03,D
sh688668,鼎通科技,2025-09-23 09:59:42,107.7,3400,107.83,D
sh688668,鼎通科技,2025-09-23 10:00:00,107.82,1894,107.82,U
sh688668,鼎通科技,2025-09-23 10:00:15,107.8,2737,108.03,D
sh688668,鼎通科技,2025-09-23 10:00:18,107.84,3699,107.8,U
sh688668,鼎通科技,2025-09-23 10:00:30,107.84,3658,107.84,D
sh688668,鼎通科技,2025-09-23 10:00:33,107.96,7491,107.84,U
sh688668,鼎通科技,2025-09-23 10:01:03,107.7,2178,107.66,U
sh688668,鼎通科技,2025-09-23 10:01:12,107.48,14111,107.69,D
sh688668,鼎通科技,2025-09-23 10:01:15,107.25,12235,107.48,D
sh688668,鼎通科技,2025-09-23 10:01:18,107.2,5136,107.25,D
sh688668,鼎通科技,2025-09-23 10:01:30,107.03,3467,107.2,D
sh688668,鼎通科技,2025-09-23 10:01:33,107.03,2449,107.03,D
sh688668,鼎通科技,2025-09-23 10:01:39,107.0,2711,107.03,D
sh688668,鼎通科技,2025-09-23 10:01:51,107.03,4070,107.03,U
sh688668,鼎通科技,2025-09-23 10:02:18,107.0,3000,107.0,U
sh688668,鼎通科技,2025-09-23 10:03:45,107.39,2633,107.39,D
sh688668,鼎通科技,2025-09-23 10:04:39,107.4,4303,107.6,D
sh688668,鼎通科技,2025-09-23 10:04:45,107.32,2484,107.32,D
sh688668,鼎通科技,2025-09-23 10:05:00,107.35,2919,107.35,D
sh688668,鼎通科技,2025-09-23 10:05:03,107.3,4427,107.35,D
sh688668,鼎通科技,2025-09-23 10:05:06,107.3,2033,107.3,D
sh688668,鼎通科技,2025-09-23 10:05:15,107.0,14867,107.3,D
sh688668,鼎通科技,2025-09-23 10:05:18,106.88,11000,107.0,D
sh688668,鼎通科技,2025-09-23 10:05:21,106.88,1946,106.88,D
sh688668,鼎通科技,2025-09-23 10:05:30,106.81,13430,106.88,D
sh688668,鼎通科技,2025-09-23 10:05:39,106.7,7730,106.7,D
sh688668,鼎通科技,2025-09-23 10:05:51,106.7,13440,106.8,D
sh688668,鼎通科技,2025-09-23 10:05:57,106.7,2898,106.7,U
sh688668,鼎通科技,2025-09-23 10:06:03,106.88,4000,106.7,U
sh688668,鼎通科技,2025-09-23 10:06:06,106.69,4656,106.88,D
sh688668,鼎通科技,2025-09-23 10:06:18,106.88,6091,106.72,U
sh688668,鼎通科技,2025-09-23 10:06:27,106.8,2491,106.81,D
sh688668,鼎通科技,2025-09-23 10:06:30,106.81,6840,106.8,U
sh688668,鼎通科技,2025-09-23 10:06:42,106.85,2986,106.81,E
sh688668,鼎通科技,2025-09-23 10:07:12,106.84,9263,106.98,D
sh688668,鼎通科技,2025-09-23 10:07:15,106.77,3924,106.84,D
sh688668,鼎通科技,2025-09-23 10:08:24,107.0,2653,106.83,U
sh688668,鼎通科技,2025-09-23 10:08:27,107.0,2347,107.0,D
sh688668,鼎通科技,2025-09-23 10:08:57,106.86,3698,106.86,U
sh688668,鼎通科技,2025-09-23 10:09:00,106.78,2113,106.86,D
sh688668,鼎通科技,2025-09-23 10:09:03,106.78,3534,106.78,D
sh688668,鼎通科技,2025-09-23 10:09:09,106.86,7103,106.85,U
sh688668,鼎通科技,2025-09-23 10:10:39,106.9,2468,106.9,D
sh688668,鼎通科技,2025-09-23 10:11:42,107.1,1925,107.04,U
sh688668,鼎通科技,2025-09-23 10:11:51,107.12,5135,107.12,U
sh688668,鼎通科技,2025-09-23 10:11:57,106.91,7069,107.12,D
sh688668,鼎通科技,2025-09-23 10:12:06,106.93,2100,106.92,U
sh688668,鼎通科技,2025-09-23 10:12:12,106.87,3266,106.93,D
sh688668,鼎通科技,2025-09-23 10:12:18,106.83,2626,106.85,D
sh688668,鼎通科技,2025-09-23 10:12:21,106.78,4336,106.83,D
sh688668,鼎通科技,2025-09-23 10:12:48,106.58,3215,106.6,D
sh688668,鼎通科技,2025-09-23 10:13:03,106.5,25089,106.56,D
sh688668,鼎通科技,2025-09-23 10:13:06,106.42,3886,106.5,D
sh688668,鼎通科技,2025-09-23 10:13:09,106.22,5695,106.42,D
sh688668,鼎通科技,2025-09-23 10:13:12,106.1,2309,106.22,D
sh688668,鼎通科技,2025-09-23 10:13:15,106.0,17647,106.1,D
sh688668,鼎通科技,2025-09-23 10:13:18,106.01,12006,106.0,U
sh688668,鼎通科技,2025-09-23 10:13:21,106.01,5910,106.01,U
sh688668,鼎通科技,2025-09-23 10:13:33,106.04,2300,106.05,E
sh688668,鼎通科技,2025-09-23 10:13:51,106.05,2221,106.05,U
sh688668,鼎通科技,2025-09-23 10:13:57,106.05,3400,106.05,U
sh688668,鼎通科技,2025-09-23 10:14:00,106.0,8700,106.05,D
sh688668,鼎通科技,2025-09-23 10:14:03,106.07,2290,106.0,U
sh688668,鼎通科技,2025-09-23 10:14:09,106.0,1983,106.2,D
sh688668,鼎通科技,2025-09-23 10:14:15,106.2,3627,106.0,U
sh688668,鼎通科技,2025-09-23 10:14:21,106.42,2667,106.11,U
sh688668,鼎通科技,2025-09-23 10:14:42,106.68,2301,106.45,U
sh688668,鼎通科技,2025-09-23 10:15:03,106.83,1960,106.81,U
sh688668,鼎通科技,2025-09-23 10:15:18,106.69,2603,106.7,D
sh688668,鼎通科技,2025-09-23 10:15:51,106.66,2200,106.66,E
sh688668,鼎通科技,2025-09-23 10:16:06,106.58,2281,106.58,D
sh688668,鼎通科技,2025-09-23 10:16:12,106.48,2498,106.5,D
sh688668,鼎通科技,2025-09-23 10:17:15,106.32,2000,106.22,U
sh688668,鼎通科技,2025-09-23 10:19:00,106.39,2000,106.4,D
sh688668,鼎通科技,2025-09-23 10:19:21,106.33,5207,106.4,D
sh688668,鼎通科技,2025-09-23 10:19:24,106.21,17827,106.33,D
sh688668,鼎通科技,2025-09-23 10:19:27,106.2,3093,106.21,D
sh688668,鼎通科技,2025-09-23 10:19:39,106.22,2509,106.17,U
sh688668,鼎通科技,2025-09-23 10:20:06,106.22,1926,106.22,U
sh688668,鼎通科技,2025-09-23 10:20:09,106.22,3274,106.22,U
sh688668,鼎通科技,2025-09-23 10:20:39,106.22,5400,106.22,D
sh688668,鼎通科技,2025-09-23 10:20:42,106.22,2529,106.22,D
sh688668,鼎通科技,2025-09-23 10:20:51,106.22,2224,106.22,D
sh688668,鼎通科技,2025-09-23 10:20:57,106.22,9167,106.22,D
sh688668,鼎通科技,2025-09-23 10:21:00,106.14,3598,106.22,D
sh688668,鼎通科技,2025-09-23 10:21:06,106.1,3252,106.11,D
sh688668,鼎通科技,2025-09-23 10:21:33,106.08,3097,106.07,U
sh688668,鼎通科技,2025-09-23 10:21:45,106.07,3100,106.07,U
sh688668,鼎通科技,2025-09-23 10:22:03,106.08,5618,106.07,U
sh688668,鼎通科技,2025-09-23 10:22:06,106.1,4670,106.08,U
sh688668,鼎通科技,2025-09-23 10:22:45,105.96,15514,106.03,D
sh688668,鼎通科技,2025-09-23 10:23:51,106.06,5557,106.06,U
sh688668,鼎通科技,2025-09-23 10:23:54,106.0,2425,106.06,D
sh688668,鼎通科技,2025-09-23 10:24:06,105.96,3500,105.98,E
sh688668,鼎通科技,2025-09-23 10:24:12,105.63,11295,105.91,D
sh688668,鼎通科技,2025-09-23 10:24:15,105.68,2648,105.63,U
sh688668,鼎通科技,2025-09-23 10:24:51,105.52,2811,105.53,D
sh688668,鼎通科技,2025-09-23 10:24:54,105.5,8338,105.52,D
sh688668,鼎通科技,2025-09-23 10:25:06,105.49,2249,105.46,U
sh688668,鼎通科技,2025-09-23 10:25:09,105.4,3458,105.49,D
sh688668,鼎通科技,2025-09-23 10:25:30,105.31,2003,105.31,D
sh688668,鼎通科技,2025-09-23 10:25:39,105.3,2713,105.31,D
sh688668,鼎通科技,2025-09-23 10:25:45,105.1,7204,105.3,D
sh688668,鼎通科技,2025-09-23 10:25:57,105.11,2090,105.11,U
sh688668,鼎通科技,2025-09-23 10:26:00,105.15,2820,105.11,U
sh688668,鼎通科技,2025-09-23 10:26:03,105.26,4963,105.15,E
sh688668,鼎通科技,2025-09-23 10:26:09,105.3,5072,105.27,U
sh688668,鼎通科技,2025-09-23 10:26:30,105.31,2785,105.31,D
sh688668,鼎通科技,2025-09-23 10:26:36,105.31,1907,105.31,U
sh688668,鼎通科技,2025-09-23 10:26:39,105.2,2289,105.31,D
sh688668,鼎通科技,2025-09-23 10:27:00,105.11,3117,105.2,D
sh688668,鼎通科技,2025-09-23 10:27:18,105.2,5000,105.13,U
sh688668,鼎通科技,2025-09-23 10:28:24,105.31,8075,105.22,U
sh688668,鼎通科技,2025-09-23 10:28:51,105.39,2600,105.4,D
sh688668,鼎通科技,2025-09-23 10:29:15,105.33,2162,105.33,U
sh688668,鼎通科技,2025-09-23 10:29:18,105.33,2238,105.33,U
sh688668,鼎通科技,2025-09-23 10:29:54,105.4,3776,105.4,U
sh688668,鼎通科技,2025-09-23 10:30:18,105.4,4690,105.4,D
sh688668,鼎通科技,2025-09-23 10:30:24,105.33,2404,105.38,D
sh688668,鼎通科技,2025-09-23 10:30:27,105.26,3719,105.33,D
sh688668,鼎通科技,2025-09-23 10:30:30,105.33,8197,105.26,U
sh688668,鼎通科技,2025-09-23 10:30:42,105.2,3000,105.21,D
sh688668,鼎通科技,2025-09-23 10:30:45,105.2,2523,105.2,U
sh688668,鼎通科技,2025-09-23 10:31:15,105.12,4075,105.14,D
sh688668,鼎通科技,2025-09-23 10:31:18,105.11,5252,105.12,D
sh688668,鼎通科技,2025-09-23 10:31:42,105.05,2403,105.08,D
sh688668,鼎通科技,2025-09-23 10:31:45,105.08,8800,105.05,U
sh688668,鼎通科技,2025-09-23 10:31:54,105.02,5600,105.07,D
sh688668,鼎通科技,2025-09-23 10:31:57,104.9,60841,105.02,D
sh688668,鼎通科技,2025-09-23 10:32:00,105.0,3783,104.9,U
sh688668,鼎通科技,2025-09-23 10:32:15,104.88,2200,104.88,U
sh688668,鼎通科技,2025-09-23 10:32:30,104.87,2000,104.85,U
sh688668,鼎通科技,2025-09-23 10:32:45,104.8,2181,104.8,D
sh688668,鼎通科技,2025-09-23 10:32:57,104.68,2110,104.7,D
sh688668,鼎通科技,2025-09-23 10:33:15,104.68,2240,104.68,U
sh688668,鼎通科技,2025-09-23 10:33:18,104.68,2400,104.68,D
sh688668,鼎通科技,2025-09-23 10:33:21,104.6,3093,104.68,D
sh688668,鼎通科技,2025-09-23 10:33:24,104.7,9116,104.6,U
sh688668,鼎通科技,2025-09-23 10:33:39,104.7,4110,104.7,U
sh688668,鼎通科技,2025-09-23 10:34:03,104.58,2922,104.58,U
sh688668,鼎通科技,2025-09-23 10:34:06,104.7,7645,104.58,U
sh688668,鼎通科技,2025-09-23 10:34:15,104.7,3959,104.7,U
sh688668,鼎通科技,2025-09-23 10:34:18,104.7,4907,104.7,U
sh688668,鼎通科技,2025-09-23 10:34:21,104.7,4779,104.7,U
sh688668,鼎通科技,2025-09-23 10:34:48,104.8,3125,104.8,U
sh688668,鼎通科技,2025-09-23 10:35:09,104.87,4864,104.87,D
sh688668,鼎通科技,2025-09-23 10:35:18,105.08,4074,105.08,U
sh688668,鼎通科技,2025-09-23 10:36:45,106.01,11041,106.0,D
sh688668,鼎通科技,2025-09-23 10:36:48,106.1,4455,106.01,U
sh688668,鼎通科技,2025-09-23 10:36:51,106.18,2753,106.1,U
sh688668,鼎通科技,2025-09-23 10:37:21,106.2,2480,106.2,U
sh688668,鼎通科技,2025-09-23 10:37:30,106.2,2878,106.24,D
sh688668,鼎通科技,2025-09-23 10:37:36,106.17,9011,106.24,D
sh688668,鼎通科技,2025-09-23 10:37:39,106.18,3400,106.17,U
sh688668,鼎通科技,2025-09-23 10:37:48,106.18,4540,106.1,U
sh688668,鼎通科技,2025-09-23 10:38:00,106.0,4371,106.06,D
sh688668,鼎通科技,2025-09-23 10:38:15,105.14,4495,105.79,D
sh688668,鼎通科技,2025-09-23 10:39:18,105.68,4972,105.68,U
sh688668,鼎通科技,2025-09-23 10:39:45,105.69,7608,105.69,U
sh688668,鼎通科技,2025-09-23 10:39:48,105.68,4035,105.69,D
sh688668,鼎通科技,2025-09-23 10:39:51,105.68,5903,105.68,U
sh688668,鼎通科技,2025-09-23 10:40:15,105.37,9296,105.6,D
sh688668,鼎通科技,2025-09-23 10:40:33,105.2,3792,105.29,D
sh688668,鼎通科技,2025-09-23 10:41:09,105.05,5218,105.2,D
sh688668,鼎通科技,2025-09-23 10:41:12,105.02,2500,105.05,D
sh688668,鼎通科技,2025-09-23 10:41:15,105.01,3638,105.02,E
sh688668,鼎通科技,2025-09-23 10:41:30,104.88,3410,104.82,E
sh688668,鼎通科技,2025-09-23 10:41:36,104.86,2048,104.88,D
sh688668,鼎通科技,2025-09-23 10:42:33,105.03,2000,105.09,D
sh688668,鼎通科技,2025-09-23 10:42:45,105.21,2200,105.21,U
sh688668,鼎通科技,2025-09-23 10:43:06,105.38,3220,105.38,U
sh688668,鼎通科技,2025-09-23 10:43:24,105.4,2961,105.4,U
sh688668,鼎通科技,2025-09-23 10:43:39,105.66,2189,105.4,U
sh688668,鼎通科技,2025-09-23 10:43:51,105.4,4973,105.66,D
sh688668,鼎通科技,2025-09-23 10:44:42,105.67,2130,105.83,D
sh688668,鼎通科技,2025-09-23 10:45:06,105.89,2134,105.8,D
sh688668,鼎通科技,2025-09-23 10:45:27,105.55,12261,105.68,D
sh688668,鼎通科技,2025-09-23 10:45:30,105.55,5759,105.55,D
sh688668,鼎通科技,2025-09-23 10:46:42,105.51,3400,105.51,D
sh688668,鼎通科技,2025-09-23 10:46:48,105.57,3860,105.52,U
sh688668,鼎通科技,2025-09-23 10:47:00,105.43,3001,105.52,D
sh688668,鼎通科技,2025-09-23 10:47:09,105.4,5963,105.57,D
sh688668,鼎通科技,2025-09-23 10:47:12,105.21,2351,105.4,D
sh688668,鼎通科技,2025-09-23 10:48:15,105.19,1935,105.25,D
sh688668,鼎通科技,2025-09-23 10:49:24,105.28,4200,105.28,D
sh688668,鼎通科技,2025-09-23 10:49:27,105.28,4858,105.28,D
sh688668,鼎通科技,2025-09-23 10:49:57,105.28,2400,105.28,D
sh688668,鼎通科技,2025-09-23 10:50:00,105.2,2228,105.28,D
sh688668,鼎通科技,2025-09-23 10:50:03,105.2,3458,105.2,D
sh688668,鼎通科技,2025-09-23 10:50:09,105.15,8631,105.2,D
sh688668,鼎通科技,2025-09-23 10:50:15,104.98,13896,105.09,D
sh688668,鼎通科技,2025-09-23 10:50:18,104.85,6218,104.98,D
sh688668,鼎通科技,2025-09-23 10:50:27,104.82,2200,104.83,D
sh688668,鼎通科技,2025-09-23 10:50:39,104.82,2310,104.85,U
sh688668,鼎通科技,2025-09-23 10:50:51,104.81,2236,104.79,U
sh688668,鼎通科技,2025-09-23 10:51:09,104.68,5832,104.7,D
sh688668,鼎通科技,2025-09-23 10:51:18,104.78,3311,104.71,U
sh688668,鼎通科技,2025-09-23 10:51:39,104.71,2133,104.7,E
sh688668,鼎通科技,2025-09-23 10:52:03,104.68,4442,104.71,D
sh688668,鼎通科技,2025-09-23 10:52:12,104.63,4163,104.67,D
sh688668,鼎通科技,2025-09-23 10:52:51,104.56,9709,104.61,D
sh688668,鼎通科技,2025-09-23 10:52:54,104.6,7144,104.56,U
sh688668,鼎通科技,2025-09-23 10:52:57,104.5,7700,104.6,D
sh688668,鼎通科技,2025-09-23 10:53:36,104.3,1983,104.36,D
sh688668,鼎通科技,2025-09-23 10:53:48,104.01,10000,104.3,D
sh688668,鼎通科技,2025-09-23 10:53:57,104.0,14000,104.21,D
sh688668,鼎通科技,2025-09-23 10:54:09,104.0,12500,104.21,D
sh688668,鼎通科技,2025-09-23 10:54:33,104.28,2902,104.28,U
sh688668,鼎通科技,2025-09-23 10:54:36,104.03,3418,104.28,D
sh688668,鼎通科技,2025-09-23 10:54:57,104.03,3095,104.1,D
sh688668,鼎通科技,2025-09-23 10:55:06,104.04,5144,104.45,E
sh688668,鼎通科技,2025-09-23 10:55:09,104.03,8922,104.04,D
sh688668,鼎通科技,2025-09-23 10:55:12,104.0,9926,104.03,D
sh688668,鼎通科技,2025-09-23 10:55:15,104.01,15504,104.0,U
sh688668,鼎通科技,2025-09-23 10:55:18,104.01,3136,104.01,U
sh688668,鼎通科技,2025-09-23 10:55:21,104.0,8880,104.01,D
sh688668,鼎通科技,2025-09-23 10:55:30,103.98,2217,104.0,D
sh688668,鼎通科技,2025-09-23 10:55:39,103.98,2932,103.88,U
sh688668,鼎通科技,2025-09-23 10:55:48,103.98,3211,103.98,U
sh688668,鼎通科技,2025-09-23 10:55:51,103.8,8765,103.98,D
sh688668,鼎通科技,2025-09-23 10:56:03,103.98,7140,103.98,U
sh688668,鼎通科技,2025-09-23 10:56:57,103.97,3800,103.98,D
sh688668,鼎通科技,2025-09-23 10:57:00,103.98,11217,103.97,U
sh688668,鼎通科技,2025-09-23 10:57:21,106.0,25000,104.01,U
sh688668,鼎通科技,2025-09-23 10:59:27,104.36,5763,104.68,D
sh688668,鼎通科技,2025-09-23 10:59:51,105.05,2803,104.92,U
sh688668,鼎通科技,2025-09-23 11:00:00,104.52,2318,105.05,D
sh688668,鼎通科技,2025-09-23 11:00:09,104.39,3595,104.52,D
sh688668,鼎通科技,2025-09-23 11:00:24,104.3,1975,104.4,D
sh688668,鼎通科技,2025-09-23 11:01:03,104.3,15999,104.2,U
sh688668,鼎通科技,2025-09-23 11:01:30,104.15,2483,104.15,D
sh688668,鼎通科技,2025-09-23 11:01:36,104.15,3400,104.11,U
sh688668,鼎通科技,2025-09-23 11:01:45,104.15,3800,104.15,D
sh688668,鼎通科技,2025-09-23 11:03:09,104.52,15400,104.32,U
sh688668,鼎通科技,2025-09-23 11:04:15,104.7,14902,104.8,D
sh688668,鼎通科技,2025-09-23 11:05:06,104.87,3964,104.87,D
sh688668,鼎通科技,2025-09-23 11:08:15,104.85,10081,105.0,D
sh688668,鼎通科技,2025-09-23 11:09:06,104.67,2084,104.68,D
sh688668,鼎通科技,2025-09-23 11:10:45,105.1,4196,105.08,U
sh688668,鼎通科技,2025-09-23 11:12:00,105.1,1904,105.13,D
sh688668,鼎通科技,2025-09-23 11:13:21,105.0,17717,105.14,D
sh688668,鼎通科技,2025-09-23 11:15:39,104.75,2244,104.8,D
sh688668,鼎通科技,2025-09-23 11:16:48,104.81,11533,104.7,U
sh688668,鼎通科技,2025-09-23 11:19:18,104.96,3742,104.96,U
sh688668,鼎通科技,2025-09-23 11:19:45,105.85,2458,105.2,U
sh688668,鼎通科技,2025-09-23 11:20:12,105.3,10989,105.83,D
sh688668,鼎通科技,2025-09-23 11:20:24,105.12,2000,105.3,D
sh688668,鼎通科技,2025-09-23 11:22:09,104.78,5500,104.87,D
sh688668,鼎通科技,2025-09-23 11:22:18,104.85,2500,104.78,D
sh688668,鼎通科技,2025-09-23 11:23:03,104.7,7045,104.85,D
sh688668,鼎通科技,2025-09-23 11:23:06,104.62,3200,104.7,D
sh688668,鼎通科技,2025-09-23 11:23:09,104.6,3826,104.62,D
sh688668,鼎通科技,2025-09-23 11:24:42,104.44,4766,104.56,D
sh688668,鼎通科技,2025-09-23 11:25:24,104.45,3053,104.44,U
sh688668,鼎通科技,2025-09-23 11:25:48,104.3,9625,104.38,D
sh688668,鼎通科技,2025-09-23 11:25:51,104.22,3318,104.3,D
sh688668,鼎通科技,2025-09-23 11:27:00,104.2,2616,104.2,D
sh688668,鼎通科技,2025-09-23 11:27:06,104.21,3486,104.2,U
sh688668,鼎通科技,2025-09-23 11:27:09,104.0,15900,104.21,D
sh688668,鼎通科技,2025-09-23 11:27:21,104.0,5500,104.0,D
sh688668,鼎通科技,2025-09-23 11:27:48,104.01,3744,104.07,D
sh688668,鼎通科技,2025-09-23 11:27:54,104.0,2000,104.07,D
sh688668,鼎通科技,2025-09-23 11:27:57,104.29,8466,104.0,U
sh688668,鼎通科技,2025-09-23 11:28:00,104.0,8437,104.29,D
sh688668,鼎通科技,2025-09-23 11:28:03,104.0,4020,104.0,D
sh688668,鼎通科技,2025-09-23 11:28:12,103.99,27702,104.0,D
sh688668,鼎通科技,2025-09-23 11:28:15,104.01,7325,103.99,U
sh688668,鼎通科技,2025-09-23 11:28:30,104.23,4412,104.01,U
sh688668,鼎通科技,2025-09-23 11:28:42,104.01,3000,104.23,D
sh688668,鼎通科技,2025-09-23 13:00:03,104.05,3100,104.05,D
sh688668,鼎通科技,2025-09-23 13:00:06,104.08,4646,104.05,E
sh688668,鼎通科技,2025-09-23 13:00:12,104.08,6034,104.04,U
sh688668,鼎通科技,2025-09-23 13:00:15,104.05,4456,104.08,U
sh688668,鼎通科技,2025-09-23 13:00:18,104.04,2028,104.05,D
sh688668,鼎通科技,2025-09-23 13:01:06,104.62,21256,104.28,U
sh688668,鼎通科技,2025-09-23 13:05:18,104.14,6180,104.16,D
sh688668,鼎通科技,2025-09-23 13:06:06,104.1,2073,104.14,D
sh688668,鼎通科技,2025-09-23 13:06:09,104.05,2099,104.1,D
sh688668,鼎通科技,2025-09-23 13:06:18,104.01,3400,104.03,D
sh688668,鼎通科技,2025-09-23 13:06:21,103.9,14888,104.01,D
sh688668,鼎通科技,2025-09-23 13:06:30,104.03,2835,104.03,D
sh688668,鼎通科技,2025-09-23 13:07:18,104.02,8977,103.92,U
sh688668,鼎通科技,2025-09-23 13:11:51,104.78,5006,104.78,U
sh688668,鼎通科技,2025-09-23 13:12:33,105.18,4538,105.18,U
sh688668,鼎通科技,2025-09-23 13:13:24,105.0,2188,105.17,D
sh688668,鼎通科技,2025-09-23 13:13:36,105.25,2621,105.02,U
sh688668,鼎通科技,2025-09-23 13:14:21,105.24,7060,105.12,U
sh688668,鼎通科技,2025-09-23 13:15:06,105.02,3400,105.11,D
sh688668,鼎通科技,2025-09-23 13:15:09,105.03,4516,105.02,E
sh688668,鼎通科技,2025-09-23 13:16:18,105.16,4000,105.17,U
sh688668,鼎通科技,2025-09-23 13:16:33,105.15,2371,105.15,D
sh688668,鼎通科技,2025-09-23 13:16:39,105.16,10166,105.15,U
sh688668,鼎通科技,2025-09-23 13:17:24,105.0,5682,105.06,D
sh688668,鼎通科技,2025-09-23 13:18:03,104.85,2038,104.88,D
sh688668,鼎通科技,2025-09-23 13:18:06,104.68,2132,104.85,D
sh688668,鼎通科技,2025-09-23 13:18:18,104.34,2000,104.68,D
sh688668,鼎通科技,2025-09-23 13:19:06,104.19,4035,104.26,D
sh688668,鼎通科技,2025-09-23 13:19:51,104.37,1917,104.34,U
sh688668,鼎通科技,2025-09-23 13:20:18,104.37,2200,104.37,D
sh688668,鼎通科技,2025-09-23 13:20:24,104.26,6964,104.38,D
sh688668,鼎通科技,2025-09-23 13:20:51,104.74,2998,104.34,U
sh688668,鼎通科技,2025-09-23 13:21:36,104.48,2000,104.51,D
sh688668,鼎通科技,2025-09-23 13:22:06,104.52,5999,104.73,D
sh688668,鼎通科技,2025-09-23 13:26:03,105.2,3600,105.18,U
sh688668,鼎通科技,2025-09-23 13:27:06,105.22,5000,105.2,U
sh688668,鼎通科技,2025-09-23 13:27:12,105.36,7180,105.27,U
sh688668,鼎通科技,2025-09-23 13:27:54,105.85,4245,105.36,U
sh688668,鼎通科技,2025-09-23 13:28:00,105.84,9680,105.6,U
sh688668,鼎通科技,2025-09-23 13:30:15,105.39,2484,105.41,D
sh688668,鼎通科技,2025-09-23 13:31:06,105.67,2000,105.49,U
sh688668,鼎通科技,2025-09-23 13:31:36,105.5,2204,105.5,U
sh688668,鼎通科技,2025-09-23 13:33:00,105.42,2027,105.42,D
sh688668,鼎通科技,2025-09-23 13:33:12,105.34,17680,105.32,U
sh688668,鼎通科技,2025-09-23 13:33:15,105.28,2164,105.34,D
sh688668,鼎通科技,2025-09-23 13:33:48,105.29,3051,105.18,U
sh688668,鼎通科技,2025-09-23 13:34:30,105.39,3914,105.13,E
sh688668,鼎通科技,2025-09-23 13:34:48,105.08,2019,105.1,D
sh688668,鼎通科技,2025-09-23 13:35:09,105.1,17388,105.03,E
sh688668,鼎通科技,2025-09-23 13:35:12,105.09,2100,105.1,E
sh688668,鼎通科技,2025-09-23 13:35:15,104.96,4105,105.09,D
sh688668,鼎通科技,2025-09-23 13:36:57,105.1,5825,105.1,D
sh688668,鼎通科技,2025-09-23 13:37:00,105.32,2130,105.1,E
sh688668,鼎通科技,2025-09-23 13:40:45,104.88,2343,104.9,D
sh688668,鼎通科技,2025-09-23 13:40:48,104.88,2023,104.88,D
sh688668,鼎通科技,2025-09-23 13:43:00,104.84,1990,104.84,D
sh688668,鼎通科技,2025-09-23 13:43:06,104.75,2138,104.84,D
sh688668,鼎通科技,2025-09-23 13:44:00,104.6,3300,104.66,D
sh688668,鼎通科技,2025-09-23 13:44:03,104.61,2995,104.6,E
sh688668,鼎通科技,2025-09-23 13:45:00,104.61,5323,104.62,D
sh688668,鼎通科技,2025-09-23 13:45:30,104.8,3127,104.61,U
sh688668,鼎通科技,2025-09-23 13:45:51,104.6,6364,104.6,D
sh688668,鼎通科技,2025-09-23 13:46:06,104.43,5092,104.57,D
sh688668,鼎通科技,2025-09-23 13:48:36,104.54,3082,104.63,D
sh688668,鼎通科技,2025-09-23 13:49:00,104.54,12643,104.81,D
sh688668,鼎通科技,2025-09-23 13:49:03,104.47,5897,104.54,D
sh688668,鼎通科技,2025-09-23 13:49:09,104.35,3016,104.47,D
sh688668,鼎通科技,2025-09-23 13:49:51,104.2,4137,104.28,D
sh688668,鼎通科技,2025-09-23 13:50:03,104.2,2878,104.2,D
sh688668,鼎通科技,2025-09-23 13:51:36,104.3,1981,104.21,E
sh688668,鼎通科技,2025-09-23 13:52:54,104.58,2400,104.36,U
sh688668,鼎通科技,2025-09-23 13:54:57,105.0,2500,104.83,U
sh688668,鼎通科技,2025-09-23 13:55:00,105.0,7788,105.0,D
sh688668,鼎通科技,2025-09-23 13:55:03,105.0,1934,105.0,D
sh688668,鼎通科技,2025-09-23 13:55:21,105.09,4576,105.02,U
sh688668,鼎通科技,2025-09-23 13:55:51,105.07,3256,105.1,D
sh688668,鼎通科技,2025-09-23 13:55:54,105.0,2000,105.07,D
sh688668,鼎通科技,2025-09-23 13:56:00,105.0,4159,105.0,D
sh688668,鼎通科技,2025-09-23 13:56:09,105.01,11146,105.1,D
sh688668,鼎通科技,2025-09-23 13:56:12,105.01,2421,105.01,U
sh688668,鼎通科技,2025-09-23 13:57:18,104.76,2719,104.8,U
sh688668,鼎通科技,2025-09-23 13:57:36,105.1,2778,104.95,U
sh688668,鼎通科技,2025-09-23 13:59:21,104.8,4116,104.8,U
sh688668,鼎通科技,2025-09-23 14:01:03,105.03,2000,104.84,E
sh688668,鼎通科技,2025-09-23 14:02:06,104.85,3143,104.89,D
sh688668,鼎通科技,2025-09-23 14:03:00,104.77,13971,104.82,D
sh688668,鼎通科技,2025-09-23 14:03:03,104.44,4487,104.77,D
sh688668,鼎通科技,2025-09-23 14:03:54,104.3,3470,104.39,D
sh688668,鼎通科技,2025-09-23 14:04:06,104.42,3734,104.31,U
sh688668,鼎通科技,2025-09-23 14:04:42,104.2,12572,104.31,D
sh688668,鼎通科技,2025-09-23 14:04:54,104.11,3076,104.11,D
sh688668,鼎通科技,2025-09-23 14:05:15,104.08,10290,104.11,D
sh688668,鼎通科技,2025-09-23 14:05:18,104.03,3442,104.08,D
sh688668,鼎通科技,2025-09-23 14:05:21,104.01,15697,104.03,D
sh688668,鼎通科技,2025-09-23 14:05:24,104.0,5536,104.01,D
sh688668,鼎通科技,2025-09-23 14:05:36,104.0,3845,104.01,D
sh688668,鼎通科技,2025-09-23 14:05:42,104.0,5233,104.01,D
sh688668,鼎通科技,2025-09-23 14:05:54,104.0,2000,104.02,D
sh688668,鼎通科技,2025-09-23 14:06:09,104.0,2312,104.0,D
sh688668,鼎通科技,2025-09-23 14:06:24,104.0,3604,104.01,D
sh688668,鼎通科技,2025-09-23 14:06:27,104.0,3200,104.0,D
sh688668,鼎通科技,2025-09-23 14:06:33,104.01,2300,104.0,E
sh688668,鼎通科技,2025-09-23 14:06:45,104.05,2450,104.0,U
sh688668,鼎通科技,2025-09-23 14:07:27,104.0,10200,104.03,D
sh688668,鼎通科技,2025-09-23 14:07:36,104.0,16000,104.03,D
sh688668,鼎通科技,2025-09-23 14:07:45,104.0,3011,104.0,D
sh688668,鼎通科技,2025-09-23 14:07:48,104.0,12546,104.0,D
sh688668,鼎通科技,2025-09-23 14:07:51,103.98,15736,104.0,D
sh688668,鼎通科技,2025-09-23 14:08:09,103.9,4027,103.9,D
sh688668,鼎通科技,2025-09-23 14:08:12,103.89,2052,103.9,D
sh688668,鼎通科技,2025-09-23 14:08:18,103.88,1953,103.9,D
sh688668,鼎通科技,2025-09-23 14:08:24,103.88,4079,103.9,D
sh688668,鼎通科技,2025-09-23 14:08:27,103.9,2065,103.88,U
sh688668,鼎通科技,2025-09-23 14:08:30,103.9,4756,103.9,D
sh688668,鼎通科技,2025-09-23 14:08:36,103.9,6452,103.91,D
sh688668,鼎通科技,2025-09-23 14:08:45,103.9,4949,103.9,D
sh688668,鼎通科技,2025-09-23 14:09:15,103.89,2514,103.89,U
sh688668,鼎通科技,2025-09-23 14:09:21,103.83,1941,103.89,D
sh688668,鼎通科技,2025-09-23 14:09:24,103.7,25599,103.83,D
sh688668,鼎通科技,2025-09-23 14:09:27,103.61,6668,103.7,D
sh688668,鼎通科技,2025-09-23 14:09:30,103.58,2893,103.61,D
sh688668,鼎通科技,2025-09-23 14:09:36,103.58,2500,103.58,D
sh688668,鼎通科技,2025-09-23 14:10:15,103.6,3458,103.59,U
sh688668,鼎通科技,2025-09-23 14:10:24,103.51,4717,103.6,D
sh688668,鼎通科技,2025-09-23 14:10:45,103.51,2370,103.57,D
sh688668,鼎通科技,2025-09-23 14:11:06,103.5,3016,103.51,D
sh688668,鼎通科技,2025-09-23 14:11:09,103.5,5516,103.5,D
sh688668,鼎通科技,2025-09-23 14:11:15,103.5,2786,103.5,D
sh688668,鼎通科技,2025-09-23 14:11:18,103.5,4480,103.5,D
sh688668,鼎通科技,2025-09-23 14:12:27,103.43,4689,103.41,U
sh688668,鼎通科技,2025-09-23 14:12:30,103.5,5347,103.43,U
sh688668,鼎通科技,2025-09-23 14:13:30,103.85,2355,103.84,U
sh688668,鼎通科技,2025-09-23 14:14:09,103.86,1937,103.87,D
sh688668,鼎通科技,2025-09-23 14:17:45,104.08,3000,104.08,U
sh688668,鼎通科技,2025-09-23 14:19:33,104.35,7908,104.42,D
sh688668,鼎通科技,2025-09-23 14:19:45,104.35,5248,104.28,U
sh688668,鼎通科技,2025-09-23 14:20:36,104.23,5527,104.19,U
sh688668,鼎通科技,2025-09-23 14:21:12,104.22,2097,104.18,U
sh688668,鼎通科技,2025-09-23 14:21:18,104.22,1927,104.22,D
sh688668,鼎通科技,2025-09-23 14:21:36,104.07,3422,104.09,D
sh688668,鼎通科技,2025-09-23 14:21:39,104.07,2309,104.07,D
sh688668,鼎通科技,2025-09-23 14:23:09,104.58,2338,104.6,D
sh688668,鼎通科技,2025-09-23 14:24:21,104.3,3486,104.3,D
sh688668,鼎通科技,2025-09-23 14:24:48,104.3,4173,104.3,U
sh688668,鼎通科技,2025-09-23 14:25:09,104.82,2073,104.3,U
sh688668,鼎通科技,2025-09-23 14:25:12,104.82,3582,104.82,D
sh688668,鼎通科技,2025-09-23 14:25:33,104.8,2000,104.84,U
sh688668,鼎通科技,2025-09-23 14:27:42,105.22,3114,104.85,U
sh688668,鼎通科技,2025-09-23 14:28:36,105.5,3655,105.4,U
sh688668,鼎通科技,2025-09-23 14:28:39,105.5,1969,105.5,D
sh688668,鼎通科技,2025-09-23 14:28:48,105.4,2310,105.5,D
sh688668,鼎通科技,2025-09-23 14:29:00,105.52,3000,105.32,U
sh688668,鼎通科技,2025-09-23 14:29:36,105.5,2400,105.47,U
sh688668,鼎通科技,2025-09-23 14:30:12,105.48,5326,105.5,D
sh688668,鼎通科技,2025-09-23 14:30:48,105.7,3435,105.7,D
sh688668,鼎通科技,2025-09-23 14:32:12,105.69,1986,105.71,D
sh688668,鼎通科技,2025-09-23 14:32:27,105.33,3123,105.5,D
sh688668,鼎通科技,2025-09-23 14:32:39,105.5,2443,105.05,U
sh688668,鼎通科技,2025-09-23 14:32:42,105.69,5066,105.5,E
sh688668,鼎通科技,2025-09-23 14:32:45,105.03,6872,105.69,D
sh688668,鼎通科技,2025-09-23 14:32:48,105.0,3838,105.03,D
sh688668,鼎通科技,2025-09-23 14:32:51,105.0,2725,105.0,D
sh688668,鼎通科技,2025-09-23 14:32:57,104.59,5000,105.01,D
sh688668,鼎通科技,2025-09-23 14:33:03,105.23,1962,105.33,D
sh688668,鼎通科技,2025-09-23 14:33:12,105.5,4764,105.4,U
sh688668,鼎通科技,2025-09-23 14:34:39,105.4,10748,105.23,U
sh688668,鼎通科技,2025-09-23 14:34:42,105.49,2263,105.4,U
sh688668,鼎通科技,2025-09-23 14:34:45,105.5,3155,105.49,U
sh688668,鼎通科技,2025-09-23 14:36:54,105.73,3000,105.76,D
sh688668,鼎通科技,2025-09-23 14:37:09,105.72,2976,105.73,D
sh688668,鼎通科技,2025-09-23 14:37:12,105.69,13969,105.72,D
sh688668,鼎通科技,2025-09-23 14:37:18,105.69,3470,105.69,D
sh688668,鼎通科技,2025-09-23 14:37:21,105.69,2297,105.69,D
sh688668,鼎通科技,2025-09-23 14:38:15,105.51,3002,105.6,D
sh688668,鼎通科技,2025-09-23 14:39:06,105.41,2733,105.41,D
sh688668,鼎通科技,2025-09-23 14:39:33,105.41,2307,105.4,U
sh688668,鼎通科技,2025-09-23 14:40:15,105.56,4400,105.5,U
sh688668,鼎通科技,2025-09-23 14:40:18,105.69,15726,105.56,U
sh688668,鼎通科技,2025-09-23 14:40:57,105.8,2457,105.79,U
sh688668,鼎通科技,2025-09-23 14:41:06,105.88,3267,105.8,U
sh688668,鼎通科技,2025-09-23 14:41:09,105.88,2633,105.88,U
sh688668,鼎通科技,2025-09-23 14:41:54,106.0,3632,105.99,U
sh688668,鼎通科技,2025-09-23 14:42:51,106.07,3730,106.1,D
sh688668,鼎通科技,2025-09-23 14:43:09,106.28,4472,106.16,U
sh688668,鼎通科技,2025-09-23 14:43:12,106.47,2861,106.28,U
sh688668,鼎通科技,2025-09-23 14:43:30,106.3,3490,106.3,D
sh688668,鼎通科技,2025-09-23 14:43:51,106.4,2728,106.4,D
sh688668,鼎通科技,2025-09-23 14:43:57,106.41,2926,106.39,D
sh688668,鼎通科技,2025-09-23 14:44:21,106.41,4247,106.39,D
sh688668,鼎通科技,2025-09-23 14:44:24,106.3,2500,106.41,D
sh688668,鼎通科技,2025-09-23 14:44:33,106.3,2000,106.3,E
sh688668,鼎通科技,2025-09-23 14:44:51,106.4,2389,106.3,U
sh688668,鼎通科技,2025-09-23 14:45:54,106.42,6896,106.4,U
sh688668,鼎通科技,2025-09-23 14:46:06,106.45,1880,106.43,U
sh688668,鼎通科技,2025-09-23 14:46:09,106.42,3577,106.45,D
sh688668,鼎通科技,2025-09-23 14:46:27,106.3,6247,106.3,D
sh688668,鼎通科技,2025-09-23 14:46:33,106.27,3408,106.16,E
sh688668,鼎通科技,2025-09-23 14:47:18,106.11,3382,106.13,D
sh688668,鼎通科技,2025-09-23 14:47:39,106.19,4077,106.11,U
sh688668,鼎通科技,2025-09-23 14:47:42,106.12,5670,106.19,E
sh688668,鼎通科技,2025-09-23 14:47:51,106.12,3200,106.12,U
sh688668,鼎通科技,2025-09-23 14:48:00,106.2,2395,106.1,U
sh688668,鼎通科技,2025-09-23 14:48:06,106.3,2221,106.2,U
sh688668,鼎通科技,2025-09-23 14:49:06,106.5,3105,106.46,U
sh688668,鼎通科技,2025-09-23 14:49:09,106.46,4575,106.5,D
sh688668,鼎通科技,2025-09-23 14:49:30,106.85,4516,106.6,U
sh688668,鼎通科技,2025-09-23 14:49:42,107.0,7297,106.99,U
sh688668,鼎通科技,2025-09-23 14:49:57,107.0,2237,106.99,U
sh688668,鼎通科技,2025-09-23 14:50:03,106.9,2767,107.01,D
sh688668,鼎通科技,2025-09-23 14:50:06,107.0,2594,106.9,U
sh688668,鼎通科技,2025-09-23 14:50:21,106.92,3923,106.92,E
sh688668,鼎通科技,2025-09-23 14:50:27,106.99,2778,106.92,U
sh688668,鼎通科技,2025-09-23 14:50:48,107.15,5083,107.08,U
sh688668,鼎通科技,2025-09-23 14:52:15,106.7,2188,106.7,D
sh688668,鼎通科技,2025-09-23 14:52:24,106.6,3129,106.7,D
sh688668,鼎通科技,2025-09-23 14:53:06,106.7,2615,106.61,U
sh688668,鼎通科技,2025-09-23 14:53:36,106.69,4327,106.65,U
sh688668,鼎通科技,2025-09-23 14:54:09,106.73,3000,106.71,E
sh688668,鼎通科技,2025-09-23 14:54:42,106.65,10079,106.76,D
sh688668,鼎通科技,2025-09-23 14:54:45,106.5,9753,106.65,D
sh688668,鼎通科技,2025-09-23 14:54:48,106.59,2609,106.5,U
sh688668,鼎通科技,2025-09-23 14:54:51,106.3,6084,106.59,D
sh688668,鼎通科技,2025-09-23 14:55:06,106.35,4047,106.4,D
sh688668,鼎通科技,2025-09-23 14:55:33,106.6,3000,106.59,E
sh688668,鼎通科技,2025-09-23 14:55:39,106.74,3780,106.6,U
sh688668,鼎通科技,2025-09-23 14:55:57,106.8,2200,106.8,D
sh688668,鼎通科技,2025-09-23 14:56:00,106.8,3630,106.8,D
sh688668,鼎通科技,2025-09-23 14:56:03,106.8,2546,106.8,D
sh688668,鼎通科技,2025-09-23 14:56:06,106.8,4180,106.8,D
sh688668,鼎通科技,2025-09-23 14:56:15,106.8,4786,106.89,D
sh688668,鼎通科技,2025-09-23 14:56:18,106.81,2500,106.8,U
sh688668,鼎通科技,2025-09-23 14:56:24,106.8,8738,106.8,D
sh688668,鼎通科技,2025-09-23 14:56:27,106.8,2081,106.8,E
sh688668,鼎通科技,2025-09-23 14:56:42,106.87,3184,106.84,U
sh688668,鼎通科技,2025-09-23 15:00:03,106.51,30615,106.86,U
