symbol,name,ticktime,price,volume,prev_price,kind
sh688668,鼎通科技,2025-10-28 09:25:01,100.5,24099,0.0,U
sh688668,鼎通科技,2025-10-28 09:30:13,100.01,2508,100.01,U
sh688668,鼎通科技,2025-10-28 09:30:16,99.95,3272,100.01,D
sh688668,鼎通科技,2025-10-28 09:30:22,99.98,2015,99.9,U
sh688668,鼎通科技,2025-10-28 09:30:25,100.0,5507,99.98,U
sh688668,鼎通科技,2025-10-28 09:30:28,99.85,2413,100.0,E
sh688668,鼎通科技,2025-10-28 09:30:31,99.85,2875,99.85,U
sh688668,鼎通科技,2025-10-28 09:30:34,99.98,2747,99.85,U
sh688668,鼎通科技,2025-10-28 09:30:37,99.8,3409,99.98,D
sh688668,鼎通科技,2025-10-28 09:30:40,100.0,8214,99.8,U
sh688668,鼎通科技,2025-10-28 09:30:43,100.01,8909,100.0,U
sh688668,鼎通科技,2025-10-28 09:30:46,99.72,18024,100.01,D
sh688668,鼎通科技,2025-10-28 09:30:49,99.72,15378,99.72,U
sh688668,鼎通科技,2025-10-28 09:30:55,100.0,5672,100.0,U
sh688668,鼎通科技,2025-10-28 09:30:58,100.0,3733,100.0,U
sh688668,鼎通科技,2025-10-28 09:31:01,99.73,2833,100.0,D
sh688668,鼎通科技,2025-10-28 09:31:04,99.72,2012,99.73,D
sh688668,鼎通科技,2025-10-28 09:31:10,99.81,4858,99.74,U
sh688668,鼎通科技,2025-10-28 09:31:13,99.74,13864,99.81,D
sh688668,鼎通科技,2025-10-28 09:31:16,99.6,5065,99.74,D
sh688668,鼎通科技,2025-10-28 09:31:19,99.56,9403,99.6,D
sh688668,鼎通科技,2025-10-28 09:31:22,99.56,7190,99.56,U
sh688668,鼎通科技,2025-10-28 09:31:28,99.4,7841,99.56,D
sh688668,鼎通科技,2025-10-28 09:31:31,99.1,9280,99.4,D
sh688668,鼎通科技,2025-10-28 09:31:34,99.09,4354,99.1,D
sh688668,鼎通科技,2025-10-28 09:31:37,99.4,4592,99.09,U
sh688668,鼎通科技,2025-10-28 09:31:40,99.4,2642,99.4,U
sh688668,鼎通科技,2025-10-28 09:31:43,99.4,2684,99.4,U
sh688668,鼎通科技,2025-10-28 09:31:49,99.3,2914,99.4,E
sh688668,鼎通科技,2025-10-28 09:31:52,99.44,10500,99.3,U
sh688668,鼎通科技,2025-10-28 09:31:55,99.4,4945,99.44,D
sh688668,鼎通科技,2025-10-28 09:31:58,99.44,5560,99.4,U
sh688668,鼎通科技,2025-10-28 09:32:01,99.24,2357,99.44,E
sh688668,鼎通科技,2025-10-28 09:32:04,99.51,4554,99.24,E
sh688668,鼎通科技,2025-10-28 09:32:13,99.63,2564,99.72,D
sh688668,鼎通科技,2025-10-28 09:32:22,99.77,4315,99.98,D
sh688668,鼎通科技,2025-10-28 09:32:25,99.74,3495,99.77,D
sh688668,鼎通科技,2025-10-28 09:32:28,99.66,4087,99.74,D
sh688668,鼎通科技,2025-10-28 09:32:37,99.69,3325,99.74,D
sh688668,鼎通科技,2025-10-28 09:32:40,99.66,4605,99.69,D
sh688668,鼎通科技,2025-10-28 09:32:49,99.75,2577,99.66,U
sh688668,鼎通科技,2025-10-28 09:32:52,99.75,2114,99.75,U
sh688668,鼎通科技,2025-10-28 09:32:55,99.68,5649,99.75,D
sh688668,鼎通科技,2025-10-28 09:33:01,99.7,15750,99.68,D
sh688668,鼎通科技,2025-10-28 09:33:04,99.99,3229,99.7,D
sh688668,鼎通科技,2025-10-28 09:33:07,99.99,2379,99.99,U
sh688668,鼎通科技,2025-10-28 09:33:13,99.99,5330,100.15,D
sh688668,鼎通科技,2025-10-28 09:33:16,99.68,10700,99.99,D
sh688668,鼎通科技,2025-10-28 09:33:25,99.81,2830,99.89,D
sh688668,鼎通科技,2025-10-28 09:33:34,99.66,4200,99.98,D
sh688668,鼎通科技,2025-10-28 09:33:37,99.83,3000,99.66,E
sh688668,鼎通科技,2025-10-28 09:33:43,99.78,6500,99.81,D
sh688668,鼎通科技,2025-10-28 09:33:49,99.5,16608,99.68,D
sh688668,鼎通科技,2025-10-28 09:33:55,99.1,10000,99.58,D
sh688668,鼎通科技,2025-10-28 09:33:58,99.2,7159,99.1,E
sh688668,鼎通科技,2025-10-28 09:34:04,99.16,4204,99.21,D
sh688668,鼎通科技,2025-10-28 09:34:07,99.4,7857,99.16,U
sh688668,鼎通科技,2025-10-28 09:34:16,99.21,5911,99.14,U
sh688668,鼎通科技,2025-10-28 09:34:19,99.2,3400,99.21,U
sh688668,鼎通科技,2025-10-28 09:34:25,99.03,10313,99.2,D
sh688668,鼎通科技,2025-10-28 09:34:31,99.0,15705,99.03,D
sh688668,鼎通科技,2025-10-28 09:34:37,99.17,6098,99.17,U
sh688668,鼎通科技,2025-10-28 09:34:43,98.96,2400,99.0,E
sh688668,鼎通科技,2025-10-28 09:34:52,99.01,23390,98.95,U
sh688668,鼎通科技,2025-10-28 09:34:55,98.93,4000,99.01,D
sh688668,鼎通科技,2025-10-28 09:34:58,99.14,5233,98.93,U
sh688668,鼎通科技,2025-10-28 09:35:01,99.0,5717,99.14,D
sh688668,鼎通科技,2025-10-28 09:35:04,99.21,3862,99.0,U
sh688668,鼎通科技,2025-10-28 09:35:07,99.08,4518,99.21,D
sh688668,鼎通科技,2025-10-28 09:35:16,99.11,2180,99.11,D
sh688668,鼎通科技,2025-10-28 09:35:19,99.11,4570,99.11,U
sh688668,鼎通科技,2025-10-28 09:35:28,99.4,9652,99.11,U
sh688668,鼎通科技,2025-10-28 09:35:34,99.43,4273,99.4,U
sh688668,鼎通科技,2025-10-28 09:35:37,99.4,2700,99.43,E
sh688668,鼎通科技,2025-10-28 09:35:40,99.38,5109,99.4,D
sh688668,鼎通科技,2025-10-28 09:35:46,99.68,31919,99.35,U
sh688668,鼎通科技,2025-10-28 09:36:31,99.55,2063,99.56,D
sh688668,鼎通科技,2025-10-28 09:36:34,99.59,2863,99.55,U
sh688668,鼎通科技,2025-10-28 09:36:40,99.59,2100,99.59,D
sh688668,鼎通科技,2025-10-28 09:36:49,99.55,5372,99.56,U
sh688668,鼎通科技,2025-10-28 09:36:52,99.55,2645,99.55,D
sh688668,鼎通科技,2025-10-28 09:36:55,99.51,2178,99.55,U
sh688668,鼎通科技,2025-10-28 09:37:07,99.46,9060,99.51,D
sh688668,鼎通科技,2025-10-28 09:37:22,99.56,4033,99.48,U
sh688668,鼎通科技,2025-10-28 09:37:25,99.5,16896,99.56,D
sh688668,鼎通科技,2025-10-28 09:37:34,99.7,3501,99.52,U
sh688668,鼎通科技,2025-10-28 09:38:01,99.71,8439,99.8,D
sh688668,鼎通科技,2025-10-28 09:38:13,99.66,7020,99.69,E
sh688668,鼎通科技,2025-10-28 09:38:16,99.49,4480,99.66,D
sh688668,鼎通科技,2025-10-28 09:38:28,99.24,3651,99.33,D
sh688668,鼎通科技,2025-10-28 09:38:40,99.22,4907,99.26,D
sh688668,鼎通科技,2025-10-28 09:38:43,99.21,6691,99.22,E
sh688668,鼎通科技,2025-10-28 09:38:49,99.12,2858,99.21,D
sh688668,鼎通科技,2025-10-28 09:39:07,99.16,4540,99.15,U
sh688668,鼎通科技,2025-10-28 09:39:10,99.1,5694,99.16,D
sh688668,鼎通科技,2025-10-28 09:39:19,99.01,15825,99.08,D
sh688668,鼎通科技,2025-10-28 09:39:22,98.9,6544,99.01,D
sh688668,鼎通科技,2025-10-28 09:39:37,98.8,5680,98.9,D
sh688668,鼎通科技,2025-10-28 09:39:40,98.79,2100,98.8,D
sh688668,鼎通科技,2025-10-28 09:39:43,98.6,5829,98.79,D
sh688668,鼎通科技,2025-10-28 09:39:52,98.6,5608,98.6,D
sh688668,鼎通科技,2025-10-28 09:39:55,98.6,2898,98.6,D
sh688668,鼎通科技,2025-10-28 09:40:01,98.77,10776,98.76,U
sh688668,鼎通科技,2025-10-28 09:40:10,98.63,5665,98.63,D
sh688668,鼎通科技,2025-10-28 09:40:13,98.77,6566,98.63,U
sh688668,鼎通科技,2025-10-28 09:40:16,98.69,2616,98.77,D
sh688668,鼎通科技,2025-10-28 09:40:28,98.77,2049,98.65,U
sh688668,鼎通科技,2025-10-28 09:40:31,98.66,4742,98.77,D
sh688668,鼎通科技,2025-10-28 09:40:37,98.68,2927,98.7,D
sh688668,鼎通科技,2025-10-28 09:40:49,98.68,3525,98.68,D
sh688668,鼎通科技,2025-10-28 09:40:55,98.68,9654,98.68,U
sh688668,鼎通科技,2025-10-28 09:40:58,98.8,9797,98.68,U
sh688668,鼎通科技,2025-10-28 09:41:04,98.89,5280,98.89,D
sh688668,鼎通科技,2025-10-28 09:41:13,98.89,6163,98.91,D
sh688668,鼎通科技,2025-10-28 09:41:16,98.89,10744,98.89,U
sh688668,鼎通科技,2025-10-28 09:41:31,99.03,3000,99.01,U
sh688668,鼎通科技,2025-10-28 09:41:34,99.01,5395,99.03,E
sh688668,鼎通科技,2025-10-28 09:41:40,99.0,7490,99.01,D
sh688668,鼎通科技,2025-10-28 09:41:49,98.98,3000,98.98,U
sh688668,鼎通科技,2025-10-28 09:42:01,99.03,4030,98.99,U
sh688668,鼎通科技,2025-10-28 09:42:07,99.1,3520,99.1,U
sh688668,鼎通科技,2025-10-28 09:42:10,99.02,2710,99.1,D
sh688668,鼎通科技,2025-10-28 09:42:16,99.02,3305,99.1,D
sh688668,鼎通科技,2025-10-28 09:42:22,98.9,4615,99.02,D
sh688668,鼎通科技,2025-10-28 09:42:37,98.85,8683,98.82,U
sh688668,鼎通科技,2025-10-28 09:42:49,98.86,2493,98.85,D
sh688668,鼎通科技,2025-10-28 09:42:58,98.85,4336,98.85,D
sh688668,鼎通科技,2025-10-28 09:43:01,98.86,3506,98.85,D
sh688668,鼎通科技,2025-10-28 09:43:10,98.85,3679,98.98,D
sh688668,鼎通科技,2025-10-28 09:43:13,98.85,2561,98.85,D
sh688668,鼎通科技,2025-10-28 09:43:16,98.8,2900,98.85,D
sh688668,鼎通科技,2025-10-28 09:43:19,98.77,2475,98.8,D
sh688668,鼎通科技,2025-10-28 09:43:22,98.71,2500,98.77,D
sh688668,鼎通科技,2025-10-28 09:43:31,98.58,31777,98.71,D
sh688668,鼎通科技,2025-10-28 09:43:34,98.48,9263,98.58,D
sh688668,鼎通科技,2025-10-28 09:43:37,98.5,2500,98.48,U
sh688668,鼎通科技,2025-10-28 09:43:40,98.54,6731,98.5,U
sh688668,鼎通科技,2025-10-28 09:43:43,98.5,5366,98.54,D
sh688668,鼎通科技,2025-10-28 09:43:46,98.38,4106,98.5,D
sh688668,鼎通科技,2025-10-28 09:43:49,98.38,2100,98.38,D
sh688668,鼎通科技,2025-10-28 09:44:01,98.38,4763,98.3,U
sh688668,鼎通科技,2025-10-28 09:44:04,98.38,14065,98.38,U
sh688668,鼎通科技,2025-10-28 09:44:07,98.5,7182,98.38,U
sh688668,鼎通科技,2025-10-28 09:44:10,98.5,3388,98.5,U
sh688668,鼎通科技,2025-10-28 09:44:25,98.38,10815,98.5,D
sh688668,鼎通科技,2025-10-28 09:44:34,98.32,16130,98.36,D
sh688668,鼎通科技,2025-10-28 09:44:43,98.31,5412,98.34,D
sh688668,鼎通科技,2025-10-28 09:44:55,98.18,3345,98.27,D
sh688668,鼎通科技,2025-10-28 09:44:58,98.14,3239,98.18,D
sh688668,鼎通科技,2025-10-28 09:45:01,98.19,2484,98.14,E
sh688668,鼎通科技,2025-10-28 09:45:04,98.14,2900,98.19,D
sh688668,鼎通科技,2025-10-28 09:45:10,98.09,18205,98.14,D
sh688668,鼎通科技,2025-10-28 09:45:13,98.02,2745,98.09,D
sh688668,鼎通科技,2025-10-28 09:45:16,98.0,4933,98.02,D
sh688668,鼎通科技,2025-10-28 09:45:19,97.88,34658,98.0,D
sh688668,鼎通科技,2025-10-28 09:45:22,98.0,6295,97.88,U
sh688668,鼎通科技,2025-10-28 09:45:34,97.87,6252,97.96,D
sh688668,鼎通科技,2025-10-28 09:45:37,97.85,2403,97.87,D
sh688668,鼎通科技,2025-10-28 09:45:43,97.89,2753,97.85,U
sh688668,鼎通科技,2025-10-28 09:45:46,97.85,7873,97.89,D
sh688668,鼎通科技,2025-10-28 09:45:49,97.85,2808,97.85,U
sh688668,鼎通科技,2025-10-28 09:45:55,97.81,4803,97.85,D
sh688668,鼎通科技,2025-10-28 09:45:58,98.01,17396,97.81,U
sh688668,鼎通科技,2025-10-28 09:46:01,97.9,6041,98.01,D
sh688668,鼎通科技,2025-10-28 09:46:07,97.96,14362,97.9,E
sh688668,鼎通科技,2025-10-28 09:46:10,98.14,5675,97.96,U
sh688668,鼎通科技,2025-10-28 09:46:16,98.27,39919,98.19,U
sh688668,鼎通科技,2025-10-28 09:46:19,98.31,23891,98.27,U
sh688668,鼎通科技,2025-10-28 09:46:37,98.38,11800,98.38,D
sh688668,鼎通科技,2025-10-28 09:46:46,98.31,9600,98.34,D
sh688668,鼎通科技,2025-10-28 09:46:52,98.08,5043,98.34,D
sh688668,鼎通科技,2025-10-28 09:47:10,98.01,2200,98.08,D
sh688668,鼎通科技,2025-10-28 09:47:13,98.0,6000,98.01,D
sh688668,鼎通科技,2025-10-28 09:47:16,98.0,4000,98.0,D
sh688668,鼎通科技,2025-10-28 09:47:19,98.0,4674,98.0,D
sh688668,鼎通科技,2025-10-28 09:47:34,97.93,2958,97.9,U
sh688668,鼎通科技,2025-10-28 09:47:37,97.93,2698,97.93,D
sh688668,鼎通科技,2025-10-28 09:47:46,97.95,9880,97.91,U
sh688668,鼎通科技,2025-10-28 09:47:49,98.11,29519,97.95,U
sh688668,鼎通科技,2025-10-28 09:47:52,98.11,3039,98.11,D
sh688668,鼎通科技,2025-10-28 09:48:13,98.29,2667,98.01,E
sh688668,鼎通科技,2025-10-28 09:48:19,98.06,4780,98.05,U
sh688668,鼎通科技,2025-10-28 09:48:25,98.08,3200,98.06,U
sh688668,鼎通科技,2025-10-28 09:48:28,98.05,10473,98.08,D
sh688668,鼎通科技,2025-10-28 09:48:40,98.14,3000,98.14,D
sh688668,鼎通科技,2025-10-28 09:49:07,98.28,2100,98.29,D
sh688668,鼎通科技,2025-10-28 09:49:13,98.18,2705,98.28,D
sh688668,鼎通科技,2025-10-28 09:49:16,98.14,2796,98.18,D
sh688668,鼎通科技,2025-10-28 09:49:19,98.06,3715,98.14,D
sh688668,鼎通科技,2025-10-28 09:49:22,98.04,2234,98.06,D
sh688668,鼎通科技,2025-10-28 09:49:31,98.04,6088,98.02,U
sh688668,鼎通科技,2025-10-28 09:49:37,98.02,14911,98.04,D
sh688668,鼎通科技,2025-10-28 09:49:40,98.02,6200,98.02,D
sh688668,鼎通科技,2025-10-28 09:49:43,98.2,9540,98.02,U
sh688668,鼎通科技,2025-10-28 09:49:49,98.03,5671,98.02,D
sh688668,鼎通科技,2025-10-28 09:49:55,98.2,3000,98.03,U
sh688668,鼎通科技,2025-10-28 09:49:58,98.02,11400,98.2,D
sh688668,鼎通科技,2025-10-28 09:50:01,98.02,6732,98.02,D
sh688668,鼎通科技,2025-10-28 09:50:04,98.28,6406,98.02,U
sh688668,鼎通科技,2025-10-28 09:50:07,98.03,27417,98.28,D
sh688668,鼎通科技,2025-10-28 09:50:13,98.7,8148,98.53,U
sh688668,鼎通科技,2025-10-28 09:50:16,98.88,3228,98.7,U
sh688668,鼎通科技,2025-10-28 09:50:25,99.0,14629,98.99,U
sh688668,鼎通科技,2025-10-28 09:50:28,99.0,3568,99.0,E
sh688668,鼎通科技,2025-10-28 09:50:31,99.0,3211,99.0,D
sh688668,鼎通科技,2025-10-28 09:50:34,98.88,4159,99.0,D
sh688668,鼎通科技,2025-10-28 09:50:37,98.88,11439,98.88,D
sh688668,鼎通科技,2025-10-28 09:50:40,98.87,2215,98.88,E
sh688668,鼎通科技,2025-10-28 09:50:49,99.16,2247,99.0,U
sh688668,鼎通科技,2025-10-28 09:50:55,99.06,2653,99.19,D
sh688668,鼎通科技,2025-10-28 09:51:01,99.25,4457,99.06,U
sh688668,鼎通科技,2025-10-28 09:51:10,99.08,3843,99.09,D
sh688668,鼎通科技,2025-10-28 09:51:13,99.45,2991,99.08,U
sh688668,鼎通科技,2025-10-28 09:51:19,99.42,4098,99.1,U
sh688668,鼎通科技,2025-10-28 09:51:31,99.17,3333,99.17,D
sh688668,鼎通科技,2025-10-28 09:51:43,99.3,6827,99.2,D
sh688668,鼎通科技,2025-10-28 09:51:46,99.4,19263,99.3,U
sh688668,鼎通科技,2025-10-28 09:51:49,99.45,2201,99.4,U
sh688668,鼎通科技,2025-10-28 09:51:55,99.32,20000,99.45,D
sh688668,鼎通科技,2025-10-28 09:52:01,99.48,3617,99.45,U
sh688668,鼎通科技,2025-10-28 09:52:04,99.58,3311,99.48,U
sh688668,鼎通科技,2025-10-28 09:52:13,99.8,10054,99.79,U
sh688668,鼎通科技,2025-10-28 09:52:22,99.79,3416,99.62,U
sh688668,鼎通科技,2025-10-28 09:52:25,99.77,2248,99.79,U
sh688668,鼎通科技,2025-10-28 09:52:28,99.89,25740,99.77,U
sh688668,鼎通科技,2025-10-28 09:52:31,99.94,2706,99.89,U
sh688668,鼎通科技,2025-10-28 09:52:34,99.89,2642,99.94,D
sh688668,鼎通科技,2025-10-28 09:52:37,99.96,3803,99.89,U
sh688668,鼎通科技,2025-10-28 09:52:46,100.0,20598,99.9,U
sh688668,鼎通科技,2025-10-28 09:52:49,99.9,25283,100.0,D
sh688668,鼎通科技,2025-10-28 09:53:01,100.05,17031,100.0,E
sh688668,鼎通科技,2025-10-28 09:53:07,100.2,9137,100.18,U
sh688668,鼎通科技,2025-10-28 09:53:10,100.33,3079,100.2,U
sh688668,鼎通科技,2025-10-28 09:53:13,100.29,7362,100.33,E
sh688668,鼎通科技,2025-10-28 09:53:19,100.33,16143,100.33,U
sh688668,鼎通科技,2025-10-28 09:53:22,100.29,3205,100.33,D
sh688668,鼎通科技,2025-10-28 09:53:25,100.08,11115,100.29,D
sh688668,鼎通科技,2025-10-28 09:53:28,99.78,15306,100.08,D
sh688668,鼎通科技,2025-10-28 09:53:37,99.93,3557,99.99,D
sh688668,鼎通科技,2025-10-28 09:53:43,99.94,5500,99.93,U
sh688668,鼎通科技,2025-10-28 09:53:52,99.96,2044,99.96,D
sh688668,鼎通科技,2025-10-28 09:54:01,99.81,3027,99.96,D
sh688668,鼎通科技,2025-10-28 09:54:22,99.64,8510,99.82,D
sh688668,鼎通科技,2025-10-28 09:54:25,99.5,12000,99.64,D
sh688668,鼎通科技,2025-10-28 09:54:28,99.51,5400,99.5,U
sh688668,鼎通科技,2025-10-28 09:54:37,99.46,3608,99.51,D
sh688668,鼎通科技,2025-10-28 09:55:01,99.51,4716,99.47,D
sh688668,鼎通科技,2025-10-28 09:55:04,99.36,10375,99.51,D
sh688668,鼎通科技,2025-10-28 09:55:07,99.3,2595,99.36,E
sh688668,鼎通科技,2025-10-28 09:55:28,99.26,3252,99.2,E
sh688668,鼎通科技,2025-10-28 09:55:31,99.2,4650,99.26,U
sh688668,鼎通科技,2025-10-28 09:55:34,99.19,3057,99.2,D
sh688668,鼎通科技,2025-10-28 09:55:52,99.09,3494,99.09,D
sh688668,鼎通科技,2025-10-28 09:55:55,99.02,2040,99.09,E
sh688668,鼎通科技,2025-10-28 09:55:58,99.19,2146,99.02,U
sh688668,鼎通科技,2025-10-28 09:56:04,99.19,2504,99.19,U
sh688668,鼎通科技,2025-10-28 09:56:16,99.36,37319,99.19,U
sh688668,鼎通科技,2025-10-28 09:56:25,99.51,2202,99.36,U
sh688668,鼎通科技,2025-10-28 09:56:34,99.4,5342,99.4,U
sh688668,鼎通科技,2025-10-28 09:56:37,99.4,4051,99.4,D
sh688668,鼎通科技,2025-10-28 09:56:43,99.46,5439,99.48,U
sh688668,鼎通科技,2025-10-28 09:56:55,99.49,3854,99.47,U
sh688668,鼎通科技,2025-10-28 09:57:19,99.24,5316,99.21,U
sh688668,鼎通科技,2025-10-28 09:57:22,99.21,2317,99.24,D
sh688668,鼎通科技,2025-10-28 09:57:25,99.5,2335,99.21,U
sh688668,鼎通科技,2025-10-28 09:57:40,99.67,5544,99.78,D
sh688668,鼎通科技,2025-10-28 09:58:25,99.8,3406,99.39,U
sh688668,鼎通科技,2025-10-28 09:58:55,99.39,6019,99.39,D
sh688668,鼎通科技,2025-10-28 09:59:28,99.88,6741,99.73,U
sh688668,鼎通科技,2025-10-28 09:59:37,99.98,2661,99.79,U
sh688668,鼎通科技,2025-10-28 09:59:43,100.01,7626,99.55,U
sh688668,鼎通科技,2025-10-28 09:59:49,100.01,2546,100.01,U
sh688668,鼎通科技,2025-10-28 09:59:55,100.01,2900,100.01,U
sh688668,鼎通科技,2025-10-28 10:00:04,100.01,2902,99.71,U
sh688668,鼎通科技,2025-10-28 10:00:25,99.81,12344,99.87,U
sh688668,鼎通科技,2025-10-28 10:00:46,100.0,10400,99.9,U
sh688668,鼎通科技,2025-10-28 10:00:52,99.77,2784,99.85,D
sh688668,鼎通科技,2025-10-28 10:00:58,99.73,6060,99.72,E
sh688668,鼎通科技,2025-10-28 10:01:01,99.86,2200,99.73,E
sh688668,鼎通科技,2025-10-28 10:01:25,99.74,9056,99.75,D
sh688668,鼎通科技,2025-10-28 10:01:37,99.75,4034,99.74,U
sh688668,鼎通科技,2025-10-28 10:02:25,99.88,2500,99.87,U
sh688668,鼎通科技,2025-10-28 10:02:28,99.95,4521,99.88,U
sh688668,鼎通科技,2025-10-28 10:02:37,99.88,6466,99.88,D
sh688668,鼎通科技,2025-10-28 10:02:40,100.01,4194,99.88,U
sh688668,鼎通科技,2025-10-28 10:02:43,100.0,2393,100.01,D
sh688668,鼎通科技,2025-10-28 10:02:52,99.99,2477,100.01,D
sh688668,鼎通科技,2025-10-28 10:02:58,100.0,3600,99.99,E
sh688668,鼎通科技,2025-10-28 10:03:01,100.0,2870,100.0,D
sh688668,鼎通科技,2025-10-28 10:03:10,99.98,2695,99.99,D
sh688668,鼎通科技,2025-10-28 10:03:13,100.0,5950,99.98,U
sh688668,鼎通科技,2025-10-28 10:03:28,100.01,3769,99.99,U
sh688668,鼎通科技,2025-10-28 10:03:31,100.09,2109,100.01,U
sh688668,鼎通科技,2025-10-28 10:03:40,100.01,3301,100.01,U
sh688668,鼎通科技,2025-10-28 10:03:43,100.04,2250,100.01,E
sh688668,鼎通科技,2025-10-28 10:04:04,100.27,9291,100.26,U
sh688668,鼎通科技,2025-10-28 10:04:13,100.0,2741,100.25,D
sh688668,鼎通科技,2025-10-28 10:04:22,99.74,6822,99.9,D
sh688668,鼎通科技,2025-10-28 10:05:46,100.03,6003,99.98,U
sh688668,鼎通科技,2025-10-28 10:06:01,99.88,7510,99.99,E
sh688668,鼎通科技,2025-10-28 10:06:10,99.64,8611,99.82,D
sh688668,鼎通科技,2025-10-28 10:06:13,99.64,2905,99.64,D
sh688668,鼎通科技,2025-10-28 10:06:16,99.76,7412,99.64,E
sh688668,鼎通科技,2025-10-28 10:06:25,99.61,2339,99.64,E
sh688668,鼎通科技,2025-10-28 10:06:52,99.65,3086,99.75,D
sh688668,鼎通科技,2025-10-28 10:07:19,99.62,5238,99.62,D
sh688668,鼎通科技,2025-10-28 10:07:22,99.62,2188,99.62,D
sh688668,鼎通科技,2025-10-28 10:07:31,99.66,2414,99.61,U
sh688668,鼎通科技,2025-10-28 10:07:43,100.03,3465,99.76,U
sh688668,鼎通科技,2025-10-28 10:07:52,99.86,4012,99.87,D
sh688668,鼎通科技,2025-10-28 10:08:07,100.03,4397,100.02,U
sh688668,鼎通科技,2025-10-28 10:08:13,100.03,2160,100.03,U
sh688668,鼎通科技,2025-10-28 10:08:37,99.86,2942,99.86,U
sh688668,鼎通科技,2025-10-28 10:08:40,99.8,2261,99.86,D
sh688668,鼎通科技,2025-10-28 10:09:22,99.74,4937,99.88,D
sh688668,鼎通科技,2025-10-28 10:09:25,99.95,3201,99.74,U
sh688668,鼎通科技,2025-10-28 10:09:37,99.83,5348,99.63,U
sh688668,鼎通科技,2025-10-28 10:09:46,99.58,5523,99.83,D
sh688668,鼎通科技,2025-10-28 10:09:52,99.59,5222,99.58,E
sh688668,鼎通科技,2025-10-28 10:09:58,99.56,10008,99.59,D
sh688668,鼎通科技,2025-10-28 10:10:04,99.44,2177,99.47,D
sh688668,鼎通科技,2025-10-28 10:10:07,99.44,5765,99.44,D
sh688668,鼎通科技,2025-10-28 10:10:10,99.4,2269,99.44,D
sh688668,鼎通科技,2025-10-28 10:10:16,99.63,5200,99.58,U
sh688668,鼎通科技,2025-10-28 10:10:25,99.95,7114,99.63,U
sh688668,鼎通科技,2025-10-28 10:10:31,99.95,5602,99.71,U
sh688668,鼎通科技,2025-10-28 10:10:40,99.75,2400,99.94,E
sh688668,鼎通科技,2025-10-28 10:10:58,99.74,3007,99.72,U
sh688668,鼎通科技,2025-10-28 10:12:04,99.66,3675,99.66,U
sh688668,鼎通科技,2025-10-28 10:12:16,99.73,2641,99.61,U
sh688668,鼎通科技,2025-10-28 10:12:22,100.03,2505,99.73,U
sh688668,鼎通科技,2025-10-28 10:12:40,100.05,2050,99.96,U
sh688668,鼎通科技,2025-10-28 10:12:43,100.0,3682,100.05,D
sh688668,鼎通科技,2025-10-28 10:12:55,100.0,2000,100.04,D
sh688668,鼎通科技,2025-10-28 10:13:01,100.04,4777,100.0,U
sh688668,鼎通科技,2025-10-28 10:13:16,100.05,4131,100.05,E
sh688668,鼎通科技,2025-10-28 10:13:34,100.0,2065,100.05,D
sh688668,鼎通科技,2025-10-28 10:13:46,100.06,4998,100.02,U
sh688668,鼎通科技,2025-10-28 10:14:16,100.18,14557,100.05,U
sh688668,鼎通科技,2025-10-28 10:14:37,100.24,2733,100.24,U
sh688668,鼎通科技,2025-10-28 10:14:43,100.25,5000,100.25,U
sh688668,鼎通科技,2025-10-28 10:14:46,100.23,2056,100.25,E
sh688668,鼎通科技,2025-10-28 10:14:49,100.14,9455,100.23,D
sh688668,鼎通科技,2025-10-28 10:15:10,100.08,5703,100.12,D
sh688668,鼎通科技,2025-10-28 10:15:16,99.99,2490,100.02,D
sh688668,鼎通科技,2025-10-28 10:15:19,99.96,3311,99.99,D
sh688668,鼎通科技,2025-10-28 10:15:31,99.75,2531,99.9,D
sh688668,鼎通科技,2025-10-28 10:15:52,99.7,2209,99.98,D
sh688668,鼎通科技,2025-10-28 10:16:25,99.61,3233,99.61,D
sh688668,鼎通科技,2025-10-28 10:17:01,99.63,5149,99.62,U
sh688668,鼎通科技,2025-10-28 10:18:13,99.61,2407,99.61,D
sh688668,鼎通科技,2025-10-28 10:18:16,99.61,2800,99.61,U
sh688668,鼎通科技,2025-10-28 10:18:22,99.6,2200,99.61,D
sh688668,鼎通科技,2025-10-28 10:18:31,99.73,13421,99.61,U
sh688668,鼎通科技,2025-10-28 10:19:10,99.93,5858,99.93,U
sh688668,鼎通科技,2025-10-28 10:19:28,99.9,3362,99.77,U
sh688668,鼎通科技,2025-10-28 10:19:34,99.5,11010,99.74,D
sh688668,鼎通科技,2025-10-28 10:19:55,99.48,9527,99.5,D
sh688668,鼎通科技,2025-10-28 10:20:10,99.48,2460,99.51,D
sh688668,鼎通科技,2025-10-28 10:20:46,99.47,6397,99.5,D
sh688668,鼎通科技,2025-10-28 10:20:49,99.47,4083,99.47,U
sh688668,鼎通科技,2025-10-28 10:21:07,99.5,4961,99.43,U
sh688668,鼎通科技,2025-10-28 10:21:13,99.4,13844,99.5,D
sh688668,鼎通科技,2025-10-28 10:22:19,99.38,7738,99.47,D
sh688668,鼎通科技,2025-10-28 10:22:52,99.1,7635,99.22,D
sh688668,鼎通科技,2025-10-28 10:23:04,99.04,3800,99.07,D
sh688668,鼎通科技,2025-10-28 10:23:10,99.07,4500,99.04,U
sh688668,鼎通科技,2025-10-28 10:23:13,99.07,3800,99.07,U
sh688668,鼎通科技,2025-10-28 10:23:40,99.0,2300,99.0,D
sh688668,鼎通科技,2025-10-28 10:23:58,99.0,4629,99.02,D
sh688668,鼎通科技,2025-10-28 10:24:04,99.0,9889,99.0,D
sh688668,鼎通科技,2025-10-28 10:24:07,98.88,2040,99.0,D
sh688668,鼎通科技,2025-10-28 10:24:28,99.0,4665,98.9,U
sh688668,鼎通科技,2025-10-28 10:24:46,98.99,3000,98.9,U
sh688668,鼎通科技,2025-10-28 10:25:13,99.05,6371,98.99,U
sh688668,鼎通科技,2025-10-28 10:25:43,99.06,5000,99.06,D
sh688668,鼎通科技,2025-10-28 10:25:49,99.05,2170,99.06,D
sh688668,鼎通科技,2025-10-28 10:25:58,99.15,7971,99.05,U
sh688668,鼎通科技,2025-10-28 10:27:16,99.15,2412,99.11,U
sh688668,鼎通科技,2025-10-28 10:28:01,99.25,2022,99.25,U
sh688668,鼎通科技,2025-10-28 10:28:10,99.24,2218,99.48,D
sh688668,鼎通科技,2025-10-28 10:29:04,99.17,2471,99.17,U
sh688668,鼎通科技,2025-10-28 10:29:13,99.45,6513,99.45,U
sh688668,鼎通科技,2025-10-28 10:30:04,99.15,3212,99.17,D
sh688668,鼎通科技,2025-10-28 10:30:13,99.12,5000,99.14,D
sh688668,鼎通科技,2025-10-28 10:30:19,99.14,3778,99.12,U
sh688668,鼎通科技,2025-10-28 10:30:40,99.0,17426,99.14,D
sh688668,鼎通科技,2025-10-28 10:31:07,99.25,8900,99.15,U
sh688668,鼎通科技,2025-10-28 10:31:10,99.48,11961,99.25,U
sh688668,鼎通科技,2025-10-28 10:31:49,99.58,3860,99.6,D
sh688668,鼎通科技,2025-10-28 10:31:52,99.73,3930,99.58,U
sh688668,鼎通科技,2025-10-28 10:31:58,99.56,3944,99.73,D
sh688668,鼎通科技,2025-10-28 10:32:13,99.5,2074,99.56,D
sh688668,鼎通科技,2025-10-28 10:32:49,99.75,10000,99.77,U
sh688668,鼎通科技,2025-10-28 10:34:01,99.39,2022,99.42,D
sh688668,鼎通科技,2025-10-28 10:34:04,99.4,2573,99.39,U
sh688668,鼎通科技,2025-10-28 10:34:28,99.39,4375,99.42,D
sh688668,鼎通科技,2025-10-28 10:35:01,99.45,4272,99.69,D
sh688668,鼎通科技,2025-10-28 10:35:34,99.55,5200,99.55,D
sh688668,鼎通科技,2025-10-28 10:35:37,99.73,2600,99.55,E
sh688668,鼎通科技,2025-10-28 10:35:43,99.8,8550,99.77,U
sh688668,鼎通科技,2025-10-28 10:35:46,99.8,17723,99.8,U
sh688668,鼎通科技,2025-10-28 10:36:55,99.6,4000,99.79,D
sh688668,鼎通科技,2025-10-28 10:37:10,99.78,4637,99.75,U
sh688668,鼎通科技,2025-10-28 10:38:04,99.91,2100,99.89,U
sh688668,鼎通科技,2025-10-28 10:38:07,99.99,17383,99.91,U
sh688668,鼎通科技,2025-10-28 10:38:10,100.08,4490,99.99,U
sh688668,鼎通科技,2025-10-28 10:39:10,100.12,10272,100.12,D
sh688668,鼎通科技,2025-10-28 10:39:16,100.12,5248,100.12,D
sh688668,鼎通科技,2025-10-28 10:39:28,99.99,2800,100.13,D
sh688668,鼎通科技,2025-10-28 10:40:13,99.92,3830,99.99,D
sh688668,鼎通科技,2025-10-28 10:40:34,99.98,3352,99.97,U
sh688668,鼎通科技,2025-10-28 10:41:01,100.11,13040,99.98,U
sh688668,鼎通科技,2025-10-28 10:41:07,100.2,4378,100.18,U
sh688668,鼎通科技,2025-10-28 10:41:58,100.28,3200,100.28,U
sh688668,鼎通科技,2025-10-28 10:45:10,100.0,4329,99.96,U
sh688668,鼎通科技,2025-10-28 10:45:40,100.02,4510,100.02,U
sh688668,鼎通科技,2025-10-28 10:45:49,100.08,3140,100.08,U
sh688668,鼎通科技,2025-10-28 10:46:04,100.18,3633,100.16,U
sh688668,鼎通科技,2025-10-28 10:46:25,100.25,4600,100.23,U
sh688668,鼎通科技,2025-10-28 10:46:28,100.3,3708,100.25,U
sh688668,鼎通科技,2025-10-28 10:46:31,100.3,4400,100.3,U
sh688668,鼎通科技,2025-10-28 10:46:34,100.33,11260,100.3,U
sh688668,鼎通科技,2025-10-28 10:46:40,100.34,5200,100.37,E
sh688668,鼎通科技,2025-10-28 10:46:49,100.4,3240,100.4,D
sh688668,鼎通科技,2025-10-28 10:46:58,100.41,2491,100.45,D
sh688668,鼎通科技,2025-10-28 10:47:01,100.46,3841,100.41,U
sh688668,鼎通科技,2025-10-28 10:47:07,100.36,2044,100.4,D
sh688668,鼎通科技,2025-10-28 10:47:10,100.43,3439,100.36,U
sh688668,鼎通科技,2025-10-28 10:47:19,100.3,3400,100.43,D
sh688668,鼎通科技,2025-10-28 10:47:22,100.35,2551,100.3,E
sh688668,鼎通科技,2025-10-28 10:47:25,100.25,3400,100.35,D
sh688668,鼎通科技,2025-10-28 10:47:34,100.1,5886,100.24,D
sh688668,鼎通科技,2025-10-28 10:47:43,100.0,3294,100.14,D
sh688668,鼎通科技,2025-10-28 10:48:34,99.96,4775,99.97,D
sh688668,鼎通科技,2025-10-28 10:48:49,99.96,4162,99.97,D
sh688668,鼎通科技,2025-10-28 10:49:16,99.8,2359,99.86,D
sh688668,鼎通科技,2025-10-28 10:49:19,99.66,2200,99.8,D
sh688668,鼎通科技,2025-10-28 10:49:22,99.88,2700,99.66,U
sh688668,鼎通科技,2025-10-28 10:49:40,99.88,2485,99.79,U
sh688668,鼎通科技,2025-10-28 10:49:46,99.79,3726,99.88,D
sh688668,鼎通科技,2025-10-28 10:51:19,99.51,2200,99.6,D
sh688668,鼎通科技,2025-10-28 10:51:22,99.51,5451,99.51,U
sh688668,鼎通科技,2025-10-28 10:51:52,99.51,3720,99.51,D
sh688668,鼎通科技,2025-10-28 10:52:13,99.5,3700,99.51,U
sh688668,鼎通科技,2025-10-28 10:54:43,99.74,2958,99.74,U
sh688668,鼎通科技,2025-10-28 10:55:28,99.71,3000,99.69,E
sh688668,鼎通科技,2025-10-28 10:57:49,99.82,2492,99.82,U
sh688668,鼎通科技,2025-10-28 10:57:52,99.82,2428,99.82,U
sh688668,鼎通科技,2025-10-28 10:58:43,99.99,2480,99.99,U
sh688668,鼎通科技,2025-10-28 10:59:01,100.05,6295,99.91,U
sh688668,鼎通科技,2025-10-28 10:59:04,100.11,2113,100.05,U
sh688668,鼎通科技,2025-10-28 10:59:16,100.16,2500,100.12,U
sh688668,鼎通科技,2025-10-28 10:59:19,100.04,3098,100.16,D
sh688668,鼎通科技,2025-10-28 11:00:16,100.1,2210,99.91,U
sh688668,鼎通科技,2025-10-28 11:00:34,100.16,9019,100.15,U
sh688668,鼎通科技,2025-10-28 11:01:01,100.17,2580,100.17,D
sh688668,鼎通科技,2025-10-28 11:01:25,100.23,3000,100.23,U
sh688668,鼎通科技,2025-10-28 11:01:34,100.23,5355,100.23,D
sh688668,鼎通科技,2025-10-28 11:02:01,100.14,2451,100.17,D
sh688668,鼎通科技,2025-10-28 11:02:04,100.0,12100,100.14,D
sh688668,鼎通科技,2025-10-28 11:02:10,100.3,5041,100.0,U
sh688668,鼎通科技,2025-10-28 11:02:13,100.3,2607,100.3,D
sh688668,鼎通科技,2025-10-28 11:02:19,100.31,2000,100.3,U
sh688668,鼎通科技,2025-10-28 11:02:43,100.31,2560,100.32,D
sh688668,鼎通科技,2025-10-28 11:02:46,100.3,9452,100.31,D
sh688668,鼎通科技,2025-10-28 11:03:19,100.42,3500,100.38,U
sh688668,鼎通科技,2025-10-28 11:04:28,100.47,15826,100.35,U
sh688668,鼎通科技,2025-10-28 11:04:31,100.5,2756,100.47,U
sh688668,鼎通科技,2025-10-28 11:04:46,100.6,3300,100.56,U
sh688668,鼎通科技,2025-10-28 11:05:07,100.7,9312,100.56,U
sh688668,鼎通科技,2025-10-28 11:05:16,100.7,3988,100.7,D
sh688668,鼎通科技,2025-10-28 11:05:31,100.8,10961,100.69,U
sh688668,鼎通科技,2025-10-28 11:06:10,100.9,3400,100.9,D
sh688668,鼎通科技,2025-10-28 11:06:16,101.0,10059,100.9,U
sh688668,鼎通科技,2025-10-28 11:06:19,101.0,7497,101.0,U
sh688668,鼎通科技,2025-10-28 11:06:25,100.99,12508,101.0,D
sh688668,鼎通科技,2025-10-28 11:06:31,101.03,3200,101.19,E
sh688668,鼎通科技,2025-10-28 11:06:40,101.16,4742,101.19,D
sh688668,鼎通科技,2025-10-28 11:06:49,101.09,2964,101.07,U
sh688668,鼎通科技,2025-10-28 11:07:01,101.2,8100,100.82,U
sh688668,鼎通科技,2025-10-28 11:07:07,101.29,2898,101.0,U
sh688668,鼎通科技,2025-10-28 11:07:28,101.33,1989,101.3,U
sh688668,鼎通科技,2025-10-28 11:07:34,101.3,7825,101.36,E
sh688668,鼎通科技,2025-10-28 11:07:40,101.3,2500,101.2,U
sh688668,鼎通科技,2025-10-28 11:07:58,101.36,5900,101.36,U
sh688668,鼎通科技,2025-10-28 11:08:01,101.25,6051,101.36,D
sh688668,鼎通科技,2025-10-28 11:08:07,101.25,4503,101.25,U
sh688668,鼎通科技,2025-10-28 11:08:28,101.22,2191,101.12,U
sh688668,鼎通科技,2025-10-28 11:08:58,101.13,3541,101.2,D
sh688668,鼎通科技,2025-10-28 11:09:10,100.93,4400,101.0,D
sh688668,鼎通科技,2025-10-28 11:09:25,100.93,2000,100.82,U
sh688668,鼎通科技,2025-10-28 11:09:52,101.03,2033,100.93,U
sh688668,鼎通科技,2025-10-28 11:10:10,101.2,20411,101.13,U
sh688668,鼎通科技,2025-10-28 11:10:13,101.25,10182,101.2,U
sh688668,鼎通科技,2025-10-28 11:10:31,101.3,13168,101.24,U
sh688668,鼎通科技,2025-10-28 11:10:34,101.24,8509,101.3,D
sh688668,鼎通科技,2025-10-28 11:10:43,101.32,3324,101.21,U
sh688668,鼎通科技,2025-10-28 11:10:58,101.36,2765,101.36,U
sh688668,鼎通科技,2025-10-28 11:11:13,101.39,3002,101.36,U
sh688668,鼎通科技,2025-10-28 11:11:22,101.33,3626,101.4,D
sh688668,鼎通科技,2025-10-28 11:11:37,101.3,20264,101.33,D
sh688668,鼎通科技,2025-10-28 11:11:40,101.33,13842,101.3,U
sh688668,鼎通科技,2025-10-28 11:12:19,101.3,2598,101.3,D
sh688668,鼎通科技,2025-10-28 11:12:22,101.25,2600,101.3,D
sh688668,鼎通科技,2025-10-28 11:12:40,101.25,2766,101.25,D
sh688668,鼎通科技,2025-10-28 11:13:07,101.3,2100,101.28,U
sh688668,鼎通科技,2025-10-28 11:13:19,101.48,16573,101.29,U
sh688668,鼎通科技,2025-10-28 11:13:31,101.3,5236,101.48,D
sh688668,鼎通科技,2025-10-28 11:13:40,101.5,4400,101.49,U
sh688668,鼎通科技,2025-10-28 11:13:43,101.56,2121,101.5,U
sh688668,鼎通科技,2025-10-28 11:14:13,101.48,6216,101.59,D
sh688668,鼎通科技,2025-10-28 11:14:40,100.97,2900,101.24,D
sh688668,鼎通科技,2025-10-28 11:14:55,101.0,2660,100.95,E
sh688668,鼎通科技,2025-10-28 11:15:07,100.86,2465,100.93,D
sh688668,鼎通科技,2025-10-28 11:16:19,101.25,3125,100.84,U
sh688668,鼎通科技,2025-10-28 11:16:46,101.16,6000,100.8,U
sh688668,鼎通科技,2025-10-28 11:17:19,100.78,10138,101.03,D
sh688668,鼎通科技,2025-10-28 11:17:34,100.72,3744,100.85,D
sh688668,鼎通科技,2025-10-28 11:18:58,100.4,5155,100.54,D
sh688668,鼎通科技,2025-10-28 11:19:07,100.32,3447,100.31,U
sh688668,鼎通科技,2025-10-28 11:19:46,100.03,3463,100.04,D
sh688668,鼎通科技,2025-10-28 11:20:04,100.02,5300,100.02,D
sh688668,鼎通科技,2025-10-28 11:20:16,99.92,10477,100.0,D
sh688668,鼎通科技,2025-10-28 11:20:46,99.9,3122,99.82,E
sh688668,鼎通科技,2025-10-28 11:20:55,99.82,2080,99.82,U
sh688668,鼎通科技,2025-10-28 11:21:34,100.0,8399,100.03,D
sh688668,鼎通科技,2025-10-28 11:21:40,100.05,3200,100.03,U
sh688668,鼎通科技,2025-10-28 11:21:58,99.81,3200,99.95,D
sh688668,鼎通科技,2025-10-28 11:22:49,100.04,4183,99.99,U
sh688668,鼎通科技,2025-10-28 11:22:55,100.04,7560,100.05,D
sh688668,鼎通科技,2025-10-28 11:23:58,100.0,4123,100.0,U
sh688668,鼎通科技,2025-10-28 11:25:46,100.1,4099,100.1,D
sh688668,鼎通科技,2025-10-28 11:27:16,100.0,7371,100.05,D
sh688668,鼎通科技,2025-10-28 11:27:19,100.05,2000,100.0,U
sh688668,鼎通科技,2025-10-28 11:27:43,100.1,4817,100.05,U
sh688668,鼎通科技,2025-10-28 11:28:04,100.8,18000,100.11,U
sh688668,鼎通科技,2025-10-28 11:28:25,100.04,2682,100.05,D
sh688668,鼎通科技,2025-10-28 11:29:16,100.0,11179,100.04,D
sh688668,鼎通科技,2025-10-28 11:29:28,99.9,3080,99.99,D
