symbol,name,ticktime,price,volume,prev_price,kind
sh688668,鼎通科技,2025-10-16 09:25:01,90.23,15547,0.0,U
sh688668,鼎通科技,2025-10-16 09:30:00,90.23,11430,90.23,D
sh688668,鼎通科技,2025-10-16 09:30:03,90.16,8215,90.23,D
sh688668,鼎通科技,2025-10-16 09:30:06,90.15,5758,90.16,D
sh688668,鼎通科技,2025-10-16 09:30:09,90.0,21576,90.15,E
sh688668,鼎通科技,2025-10-16 09:30:12,90.23,6689,90.0,U
sh688668,鼎通科技,2025-10-16 09:30:18,89.98,5236,89.98,U
sh688668,鼎通科技,2025-10-16 09:30:21,89.8,2419,89.98,E
sh688668,鼎通科技,2025-10-16 09:30:24,89.8,2420,89.8,U
sh688668,鼎通科技,2025-10-16 09:30:27,89.8,2380,89.8,U
sh688668,鼎通科技,2025-10-16 09:30:30,89.5,8379,89.8,D
sh688668,鼎通科技,2025-10-16 09:30:33,89.5,4825,89.5,D
sh688668,鼎通科技,2025-10-16 09:30:36,89.6,12599,89.5,U
sh688668,鼎通科技,2025-10-16 09:30:39,89.6,3548,89.6,D
sh688668,鼎通科技,2025-10-16 09:30:42,89.61,12102,89.6,E
sh688668,鼎通科技,2025-10-16 09:30:45,89.79,6547,89.61,U
sh688668,鼎通科技,2025-10-16 09:30:48,89.8,13886,89.79,U
sh688668,鼎通科技,2025-10-16 09:30:51,89.8,15994,89.8,D
sh688668,鼎通科技,2025-10-16 09:30:54,89.83,21818,89.8,D
sh688668,鼎通科技,2025-10-16 09:30:57,89.83,3284,89.83,U
sh688668,鼎通科技,2025-10-16 09:31:03,90.02,15499,89.83,U
sh688668,鼎通科技,2025-10-16 09:31:06,90.04,4040,90.02,U
sh688668,鼎通科技,2025-10-16 09:31:09,90.1,4470,90.04,U
sh688668,鼎通科技,2025-10-16 09:31:12,90.12,6056,90.1,E
sh688668,鼎通科技,2025-10-16 09:31:18,90.02,2600,90.11,D
sh688668,鼎通科技,2025-10-16 09:31:24,90.07,9795,90.0,U
sh688668,鼎通科技,2025-10-16 09:31:30,90.1,5530,89.89,U
sh688668,鼎通科技,2025-10-16 09:31:39,89.88,2703,90.1,D
sh688668,鼎通科技,2025-10-16 09:31:45,89.89,2669,89.89,U
sh688668,鼎通科技,2025-10-16 09:31:51,89.88,3484,89.88,D
sh688668,鼎通科技,2025-10-16 09:32:03,89.88,4524,89.88,U
sh688668,鼎通科技,2025-10-16 09:32:09,89.86,3846,89.88,U
sh688668,鼎通科技,2025-10-16 09:32:15,89.92,3412,89.86,E
sh688668,鼎通科技,2025-10-16 09:32:21,90.0,4011,89.93,U
sh688668,鼎通科技,2025-10-16 09:32:24,90.12,3065,90.0,U
sh688668,鼎通科技,2025-10-16 09:32:27,90.24,17519,90.12,U
sh688668,鼎通科技,2025-10-16 09:32:30,90.69,10236,90.24,U
sh688668,鼎通科技,2025-10-16 09:32:33,90.6,5603,90.69,D
sh688668,鼎通科技,2025-10-16 09:32:36,90.59,15644,90.6,D
sh688668,鼎通科技,2025-10-16 09:32:39,90.6,14013,90.59,U
sh688668,鼎通科技,2025-10-16 09:32:42,90.8,3900,90.6,E
sh688668,鼎通科技,2025-10-16 09:32:48,90.68,7218,90.8,D
sh688668,鼎通科技,2025-10-16 09:32:51,90.49,6738,90.68,D
sh688668,鼎通科技,2025-10-16 09:33:06,90.38,3467,90.41,D
sh688668,鼎通科技,2025-10-16 09:33:12,90.4,3483,90.38,U
sh688668,鼎通科技,2025-10-16 09:33:39,90.32,2471,90.3,E
sh688668,鼎通科技,2025-10-16 09:33:54,90.15,5700,90.06,U
sh688668,鼎通科技,2025-10-16 09:34:00,89.87,2492,90.12,D
sh688668,鼎通科技,2025-10-16 09:34:30,89.93,3018,89.93,D
sh688668,鼎通科技,2025-10-16 09:34:36,89.93,2500,90.02,D
sh688668,鼎通科技,2025-10-16 09:34:39,89.91,6522,89.93,D
sh688668,鼎通科技,2025-10-16 09:34:45,89.91,2787,89.92,D
sh688668,鼎通科技,2025-10-16 09:35:00,89.92,4949,89.9,U
sh688668,鼎通科技,2025-10-16 09:35:06,89.91,7376,89.92,D
sh688668,鼎通科技,2025-10-16 09:35:15,89.92,2539,89.92,D
sh688668,鼎通科技,2025-10-16 09:35:33,89.92,2875,89.92,D
sh688668,鼎通科技,2025-10-16 09:35:45,89.91,3998,89.92,D
sh688668,鼎通科技,2025-10-16 09:35:57,89.7,8075,89.86,D
sh688668,鼎通科技,2025-10-16 09:36:09,89.7,16641,89.7,U
sh688668,鼎通科技,2025-10-16 09:36:15,89.76,2320,89.7,U
sh688668,鼎通科技,2025-10-16 09:36:24,89.76,2360,89.7,U
sh688668,鼎通科技,2025-10-16 09:36:30,89.74,15951,89.76,U
sh688668,鼎通科技,2025-10-16 09:36:33,89.74,2623,89.74,U
sh688668,鼎通科技,2025-10-16 09:36:36,89.84,9156,89.74,U
sh688668,鼎通科技,2025-10-16 09:36:39,89.85,3122,89.84,D
sh688668,鼎通科技,2025-10-16 09:36:45,89.78,4106,89.85,E
sh688668,鼎通科技,2025-10-16 09:37:18,89.89,3463,89.86,U
sh688668,鼎通科技,2025-10-16 09:37:24,90.0,4694,89.97,U
sh688668,鼎通科技,2025-10-16 09:37:57,90.1,3864,90.0,U
sh688668,鼎通科技,2025-10-16 09:38:21,90.11,2300,90.13,D
sh688668,鼎通科技,2025-10-16 09:38:51,90.12,3493,90.07,U
sh688668,鼎通科技,2025-10-16 09:38:54,90.3,9890,90.12,U
sh688668,鼎通科技,2025-10-16 09:39:00,90.15,12457,90.39,D
sh688668,鼎通科技,2025-10-16 09:39:15,90.16,9876,90.46,D
sh688668,鼎通科技,2025-10-16 09:39:21,90.15,17596,90.16,D
sh688668,鼎通科技,2025-10-16 09:39:36,90.11,2744,90.17,D
sh688668,鼎通科技,2025-10-16 09:39:39,90.11,3754,90.11,D
sh688668,鼎通科技,2025-10-16 09:39:48,90.03,3212,90.07,D
sh688668,鼎通科技,2025-10-16 09:40:09,90.29,7600,90.3,U
sh688668,鼎通科技,2025-10-16 09:40:24,90.46,3580,90.38,U
sh688668,鼎通科技,2025-10-16 09:40:42,90.84,4896,90.68,U
sh688668,鼎通科技,2025-10-16 09:40:45,90.96,10702,90.84,U
sh688668,鼎通科技,2025-10-16 09:40:48,90.94,3996,90.96,E
sh688668,鼎通科技,2025-10-16 09:40:51,90.81,11388,90.94,D
sh688668,鼎通科技,2025-10-16 09:40:54,90.86,2320,90.81,U
sh688668,鼎通科技,2025-10-16 09:41:15,90.87,3523,90.83,U
sh688668,鼎通科技,2025-10-16 09:41:21,91.08,21716,90.87,U
sh688668,鼎通科技,2025-10-16 09:41:24,91.13,4350,91.08,U
sh688668,鼎通科技,2025-10-16 09:41:39,91.13,3489,91.06,U
sh688668,鼎通科技,2025-10-16 09:41:42,91.13,3128,91.13,D
sh688668,鼎通科技,2025-10-16 09:41:51,91.23,9295,91.21,U
sh688668,鼎通科技,2025-10-16 09:41:57,91.22,4817,91.23,D
sh688668,鼎通科技,2025-10-16 09:42:00,91.2,2694,91.22,D
sh688668,鼎通科技,2025-10-16 09:42:06,91.18,7390,91.13,U
sh688668,鼎通科技,2025-10-16 09:42:12,90.81,10935,91.01,D
sh688668,鼎通科技,2025-10-16 09:42:15,91.0,5000,90.81,U
sh688668,鼎通科技,2025-10-16 09:42:39,90.7,5800,90.8,D
sh688668,鼎通科技,2025-10-16 09:43:06,90.85,6744,90.71,U
sh688668,鼎通科技,2025-10-16 09:43:09,90.85,5371,90.85,U
sh688668,鼎通科技,2025-10-16 09:43:21,90.85,3814,90.87,D
sh688668,鼎通科技,2025-10-16 09:43:24,90.74,2629,90.85,D
sh688668,鼎通科技,2025-10-16 09:43:30,90.5,3669,90.58,D
sh688668,鼎通科技,2025-10-16 09:43:33,90.6,4163,90.5,U
sh688668,鼎通科技,2025-10-16 09:44:21,90.73,4176,90.7,U
sh688668,鼎通科技,2025-10-16 09:44:36,90.83,2957,90.85,D
sh688668,鼎通科技,2025-10-16 09:44:57,90.9,2938,90.73,U
sh688668,鼎通科技,2025-10-16 09:45:03,90.88,3839,90.73,E
sh688668,鼎通科技,2025-10-16 09:45:06,90.9,4000,90.88,U
sh688668,鼎通科技,2025-10-16 09:45:12,90.73,6113,90.73,D
sh688668,鼎通科技,2025-10-16 09:45:45,90.89,6755,90.96,D
sh688668,鼎通科技,2025-10-16 09:45:48,90.94,3668,90.89,U
sh688668,鼎通科技,2025-10-16 09:46:00,90.76,4300,90.93,D
sh688668,鼎通科技,2025-10-16 09:46:03,90.66,7384,90.76,D
sh688668,鼎通科技,2025-10-16 09:46:21,90.75,3543,90.7,U
sh688668,鼎通科技,2025-10-16 09:46:24,90.63,2443,90.75,D
sh688668,鼎通科技,2025-10-16 09:46:30,90.61,5400,90.63,U
sh688668,鼎通科技,2025-10-16 09:46:54,90.75,5713,90.75,U
sh688668,鼎通科技,2025-10-16 09:47:06,90.5,7438,90.61,D
sh688668,鼎通科技,2025-10-16 09:47:09,90.3,9660,90.5,D
sh688668,鼎通科技,2025-10-16 09:47:18,90.57,15096,90.37,U
sh688668,鼎通科技,2025-10-16 09:47:27,90.55,2634,90.57,D
sh688668,鼎通科技,2025-10-16 09:47:36,90.93,3598,90.75,U
sh688668,鼎通科技,2025-10-16 09:48:06,90.54,3600,90.6,D
sh688668,鼎通科技,2025-10-16 09:48:12,90.3,2322,90.52,D
sh688668,鼎通科技,2025-10-16 09:49:12,90.56,2980,90.52,U
sh688668,鼎通科技,2025-10-16 09:49:39,90.7,2584,90.77,D
sh688668,鼎通科技,2025-10-16 09:50:00,90.69,5700,90.75,D
sh688668,鼎通科技,2025-10-16 09:50:21,90.36,6057,90.67,D
sh688668,鼎通科技,2025-10-16 09:50:24,90.38,2300,90.36,E
sh688668,鼎通科技,2025-10-16 09:51:12,90.41,4697,90.59,D
sh688668,鼎通科技,2025-10-16 09:51:15,90.3,6770,90.41,D
sh688668,鼎通科技,2025-10-16 09:51:24,90.3,2443,90.28,U
sh688668,鼎通科技,2025-10-16 09:51:54,90.32,3455,90.25,U
sh688668,鼎通科技,2025-10-16 09:52:18,90.35,3110,90.33,U
sh688668,鼎通科技,2025-10-16 09:52:21,90.17,3468,90.35,D
sh688668,鼎通科技,2025-10-16 09:52:39,90.18,3739,90.17,U
sh688668,鼎通科技,2025-10-16 09:52:45,90.5,9302,90.18,U
sh688668,鼎通科技,2025-10-16 09:52:57,90.65,2275,90.43,U
sh688668,鼎通科技,2025-10-16 09:53:00,90.67,2600,90.65,U
sh688668,鼎通科技,2025-10-16 09:53:21,90.89,2500,90.88,U
sh688668,鼎通科技,2025-10-16 09:54:27,90.8,2600,90.85,D
sh688668,鼎通科技,2025-10-16 09:54:51,90.94,5595,90.81,U
sh688668,鼎通科技,2025-10-16 09:54:54,91.04,18600,90.94,U
sh688668,鼎通科技,2025-10-16 09:54:57,91.1,3941,91.04,U
sh688668,鼎通科技,2025-10-16 09:55:03,91.11,2197,91.1,D
sh688668,鼎通科技,2025-10-16 09:55:06,91.25,15705,91.11,U
sh688668,鼎通科技,2025-10-16 09:55:21,90.9,6043,91.1,D
sh688668,鼎通科技,2025-10-16 09:55:24,91.09,12212,90.9,U
sh688668,鼎通科技,2025-10-16 09:55:39,90.96,3000,90.91,E
sh688668,鼎通科技,2025-10-16 09:55:48,91.0,4317,90.91,U
sh688668,鼎通科技,2025-10-16 09:55:54,90.92,3796,90.92,U
sh688668,鼎通科技,2025-10-16 09:56:12,91.05,2441,91.06,D
sh688668,鼎通科技,2025-10-16 09:56:15,91.0,3068,91.05,E
sh688668,鼎通科技,2025-10-16 09:56:39,90.88,5886,90.97,D
sh688668,鼎通科技,2025-10-16 09:56:42,90.88,2471,90.88,D
sh688668,鼎通科技,2025-10-16 09:56:54,90.92,4196,90.92,D
sh688668,鼎通科技,2025-10-16 09:57:09,91.08,3065,90.99,U
sh688668,鼎通科技,2025-10-16 09:57:57,91.12,5100,91.09,U
sh688668,鼎通科技,2025-10-16 09:58:48,91.36,2786,91.36,D
sh688668,鼎通科技,2025-10-16 09:59:18,91.26,7687,91.15,U
sh688668,鼎通科技,2025-10-16 09:59:51,90.96,6422,91.03,D
sh688668,鼎通科技,2025-10-16 10:00:03,91.2,3500,91.16,U
sh688668,鼎通科技,2025-10-16 10:00:06,91.21,4170,91.2,E
sh688668,鼎通科技,2025-10-16 10:00:12,91.43,9571,91.37,U
sh688668,鼎通科技,2025-10-16 10:00:15,91.5,8043,91.43,U
sh688668,鼎通科技,2025-10-16 10:00:18,91.68,7552,91.5,U
sh688668,鼎通科技,2025-10-16 10:00:27,91.52,3251,91.73,D
sh688668,鼎通科技,2025-10-16 10:00:30,91.46,4500,91.52,D
sh688668,鼎通科技,2025-10-16 10:00:36,91.5,4294,91.41,U
sh688668,鼎通科技,2025-10-16 10:00:54,91.2,13771,91.41,D
sh688668,鼎通科技,2025-10-16 10:01:06,91.18,4628,91.37,D
sh688668,鼎通科技,2025-10-16 10:02:51,91.18,4200,91.18,D
sh688668,鼎通科技,2025-10-16 10:02:57,91.11,2961,91.13,D
sh688668,鼎通科技,2025-10-16 10:03:00,91.02,6634,91.11,D
sh688668,鼎通科技,2025-10-16 10:03:06,91.04,3561,91.02,U
sh688668,鼎通科技,2025-10-16 10:03:21,91.19,2356,91.12,U
sh688668,鼎通科技,2025-10-16 10:04:42,91.5,3203,91.51,U
sh688668,鼎通科技,2025-10-16 10:04:51,91.21,9553,91.46,D
sh688668,鼎通科技,2025-10-16 10:04:57,91.5,22200,91.24,U
sh688668,鼎通科技,2025-10-16 10:05:00,91.46,9500,91.5,U
sh688668,鼎通科技,2025-10-16 10:05:09,91.4,25400,91.39,U
sh688668,鼎通科技,2025-10-16 10:05:18,91.5,6464,91.5,U
sh688668,鼎通科技,2025-10-16 10:05:48,91.3,11000,91.1,U
sh688668,鼎通科技,2025-10-16 10:06:12,91.13,3900,91.12,D
sh688668,鼎通科技,2025-10-16 10:06:54,91.16,7481,91.26,D
sh688668,鼎通科技,2025-10-16 10:08:09,91.28,2295,91.22,U
sh688668,鼎通科技,2025-10-16 10:08:36,91.37,3214,91.35,U
sh688668,鼎通科技,2025-10-16 10:09:00,91.22,2342,91.2,U
sh688668,鼎通科技,2025-10-16 10:10:06,91.37,9130,91.37,U
sh688668,鼎通科技,2025-10-16 10:10:18,91.1,6107,91.12,D
sh688668,鼎通科技,2025-10-16 10:10:48,91.03,16777,91.12,D
sh688668,鼎通科技,2025-10-16 10:10:51,90.88,10603,91.03,D
sh688668,鼎通科技,2025-10-16 10:12:12,90.94,2614,90.88,U
sh688668,鼎通科技,2025-10-16 10:12:33,90.92,10660,90.97,D
sh688668,鼎通科技,2025-10-16 10:12:36,90.92,4212,90.92,D
sh688668,鼎通科技,2025-10-16 10:12:39,90.92,2348,90.92,D
sh688668,鼎通科技,2025-10-16 10:12:54,90.92,2691,90.92,U
sh688668,鼎通科技,2025-10-16 10:13:03,90.87,4889,90.92,D
sh688668,鼎通科技,2025-10-16 10:14:03,90.95,4880,90.93,U
sh688668,鼎通科技,2025-10-16 10:14:06,90.97,3320,90.95,U
sh688668,鼎通科技,2025-10-16 10:14:15,90.93,8210,90.99,D
sh688668,鼎通科技,2025-10-16 10:14:18,90.97,2317,90.93,U
sh688668,鼎通科技,2025-10-16 10:14:21,91.0,3795,90.97,U
sh688668,鼎通科技,2025-10-16 10:14:24,91.0,5858,91.0,D
sh688668,鼎通科技,2025-10-16 10:15:12,91.0,7222,91.08,D
sh688668,鼎通科技,2025-10-16 10:15:15,90.88,6422,91.0,D
sh688668,鼎通科技,2025-10-16 10:15:24,91.0,3276,91.0,D
sh688668,鼎通科技,2025-10-16 10:15:36,91.02,5915,91.0,E
sh688668,鼎通科技,2025-10-16 10:15:39,91.0,2335,91.02,D
sh688668,鼎通科技,2025-10-16 10:16:36,91.4,3635,91.26,U
sh688668,鼎通科技,2025-10-16 10:17:54,91.38,3400,91.35,U
sh688668,鼎通科技,2025-10-16 10:18:36,91.15,2333,91.22,D
sh688668,鼎通科技,2025-10-16 10:19:03,91.0,3452,91.05,D
sh688668,鼎通科技,2025-10-16 10:19:12,90.96,2368,91.0,E
sh688668,鼎通科技,2025-10-16 10:19:15,91.01,3469,90.96,U
sh688668,鼎通科技,2025-10-16 10:20:00,90.84,3170,90.97,D
sh688668,鼎通科技,2025-10-16 10:20:15,90.78,3051,90.8,D
sh688668,鼎通科技,2025-10-16 10:20:36,90.76,4116,90.73,U
sh688668,鼎通科技,2025-10-16 10:21:09,90.85,6077,90.73,U
sh688668,鼎通科技,2025-10-16 10:21:57,90.83,6372,90.83,D
sh688668,鼎通科技,2025-10-16 10:22:06,90.83,3275,90.83,D
sh688668,鼎通科技,2025-10-16 10:23:27,90.54,2827,90.59,D
sh688668,鼎通科技,2025-10-16 10:24:57,90.6,3881,90.59,U
sh688668,鼎通科技,2025-10-16 10:25:00,90.58,3146,90.6,D
sh688668,鼎通科技,2025-10-16 10:25:12,90.51,11693,90.53,D
sh688668,鼎通科技,2025-10-16 10:25:15,90.5,9067,90.51,D
sh688668,鼎通科技,2025-10-16 10:25:18,90.5,2700,90.5,D
sh688668,鼎通科技,2025-10-16 10:25:33,90.5,3368,90.51,D
sh688668,鼎通科技,2025-10-16 10:25:36,90.3,4500,90.5,D
sh688668,鼎通科技,2025-10-16 10:28:09,90.27,5144,90.36,D
sh688668,鼎通科技,2025-10-16 10:28:18,90.26,4811,90.23,U
sh688668,鼎通科技,2025-10-16 10:28:21,90.27,2400,90.26,U
sh688668,鼎通科技,2025-10-16 10:29:33,90.42,11647,90.3,U
sh688668,鼎通科技,2025-10-16 10:29:36,90.5,2433,90.42,U
sh688668,鼎通科技,2025-10-16 10:30:00,90.65,4765,90.52,U
sh688668,鼎通科技,2025-10-16 10:31:30,90.86,3605,90.85,E
sh688668,鼎通科技,2025-10-16 10:32:21,90.81,3400,90.82,D
sh688668,鼎通科技,2025-10-16 10:32:24,90.79,7900,90.81,D
sh688668,鼎通科技,2025-10-16 10:32:48,90.77,6334,90.85,D
sh688668,鼎通科技,2025-10-16 10:33:03,90.63,6300,90.75,D
sh688668,鼎通科技,2025-10-16 10:35:51,90.52,2701,90.44,U
sh688668,鼎通科技,2025-10-16 10:36:33,90.52,6578,90.57,D
sh688668,鼎通科技,2025-10-16 10:36:57,90.42,2395,90.42,D
sh688668,鼎通科技,2025-10-16 10:38:00,90.58,7000,90.56,U
sh688668,鼎通科技,2025-10-16 10:38:03,90.61,4173,90.58,U
sh688668,鼎通科技,2025-10-16 10:38:57,90.72,3397,90.72,D
sh688668,鼎通科技,2025-10-16 10:39:00,90.63,2272,90.72,D
sh688668,鼎通科技,2025-10-16 10:40:45,90.59,2300,90.58,E
sh688668,鼎通科技,2025-10-16 10:40:54,90.42,2374,90.49,D
sh688668,鼎通科技,2025-10-16 10:41:00,90.44,6495,90.42,U
sh688668,鼎通科技,2025-10-16 10:42:15,90.57,4496,90.5,U
sh688668,鼎通科技,2025-10-16 10:43:36,90.49,7956,90.53,D
sh688668,鼎通科技,2025-10-16 10:44:21,90.62,3003,90.57,U
sh688668,鼎通科技,2025-10-16 10:46:42,90.58,2799,90.58,U
sh688668,鼎通科技,2025-10-16 10:46:57,90.58,5200,90.7,D
sh688668,鼎通科技,2025-10-16 10:48:09,90.7,3800,90.7,U
sh688668,鼎通科技,2025-10-16 10:48:12,90.7,4030,90.7,U
sh688668,鼎通科技,2025-10-16 10:50:21,90.8,2610,90.78,U
sh688668,鼎通科技,2025-10-16 10:51:09,90.84,3216,90.84,D
sh688668,鼎通科技,2025-10-16 10:51:45,90.86,2400,90.84,U
sh688668,鼎通科技,2025-10-16 10:53:03,90.93,6399,91.0,D
sh688668,鼎通科技,2025-10-16 10:53:06,90.85,8869,90.93,D
sh688668,鼎通科技,2025-10-16 10:53:09,90.84,3011,90.85,D
sh688668,鼎通科技,2025-10-16 10:53:12,90.84,2801,90.84,D
sh688668,鼎通科技,2025-10-16 10:53:18,90.84,3309,90.85,D
sh688668,鼎通科技,2025-10-16 10:54:15,91.01,14969,90.9,U
sh688668,鼎通科技,2025-10-16 10:54:18,91.31,2634,91.01,E
sh688668,鼎通科技,2025-10-16 10:54:30,91.24,20679,91.22,U
sh688668,鼎通科技,2025-10-16 10:54:39,91.21,10000,91.24,U
sh688668,鼎通科技,2025-10-16 10:56:30,91.35,7000,91.22,U
sh688668,鼎通科技,2025-10-16 10:56:51,91.35,4011,91.35,U
sh688668,鼎通科技,2025-10-16 10:58:36,91.22,4729,91.2,U
sh688668,鼎通科技,2025-10-16 10:58:42,91.2,3877,91.3,D
sh688668,鼎通科技,2025-10-16 10:58:48,91.33,2277,91.2,U
sh688668,鼎通科技,2025-10-16 10:58:51,91.48,15723,91.33,U
sh688668,鼎通科技,2025-10-16 10:59:09,91.44,2700,91.43,D
sh688668,鼎通科技,2025-10-16 10:59:33,91.54,2259,91.44,U
sh688668,鼎通科技,2025-10-16 11:00:00,91.59,2500,91.55,U
sh688668,鼎通科技,2025-10-16 11:00:03,91.59,4728,91.59,U
sh688668,鼎通科技,2025-10-16 11:00:06,91.7,5500,91.59,U
sh688668,鼎通科技,2025-10-16 11:00:09,91.7,8066,91.7,U
sh688668,鼎通科技,2025-10-16 11:00:30,91.73,2360,91.72,U
sh688668,鼎通科技,2025-10-16 11:00:39,91.83,5100,91.75,U
sh688668,鼎通科技,2025-10-16 11:01:00,91.75,4787,91.79,D
sh688668,鼎通科技,2025-10-16 11:01:18,91.86,3417,91.87,D
sh688668,鼎通科技,2025-10-16 11:01:39,92.1,25222,91.97,U
sh688668,鼎通科技,2025-10-16 11:02:00,91.99,4330,92.07,D
sh688668,鼎通科技,2025-10-16 11:03:06,92.06,3413,92.03,U
sh688668,鼎通科技,2025-10-16 11:03:18,92.06,3903,92.0,U
sh688668,鼎通科技,2025-10-16 11:03:21,92.07,6707,92.06,U
sh688668,鼎通科技,2025-10-16 11:03:33,92.02,5235,92.06,E
sh688668,鼎通科技,2025-10-16 11:03:39,91.9,7084,92.01,D
sh688668,鼎通科技,2025-10-16 11:03:42,91.9,5800,91.9,D
sh688668,鼎通科技,2025-10-16 11:04:09,91.66,9286,91.76,D
sh688668,鼎通科技,2025-10-16 11:04:45,91.66,3989,91.66,U
sh688668,鼎通科技,2025-10-16 11:04:51,91.65,4563,91.72,D
sh688668,鼎通科技,2025-10-16 11:05:06,91.72,4114,91.74,D
sh688668,鼎通科技,2025-10-16 11:05:09,91.74,2699,91.72,U
sh688668,鼎通科技,2025-10-16 11:05:30,91.78,7448,91.67,U
sh688668,鼎通科技,2025-10-16 11:05:39,91.94,14820,91.87,U
sh688668,鼎通科技,2025-10-16 11:05:42,91.99,5200,91.94,U
sh688668,鼎通科技,2025-10-16 11:05:45,92.0,4000,91.99,U
sh688668,鼎通科技,2025-10-16 11:05:48,92.03,2320,92.0,U
sh688668,鼎通科技,2025-10-16 11:05:51,92.0,4411,92.03,D
sh688668,鼎通科技,2025-10-16 11:06:09,91.91,4161,91.9,U
sh688668,鼎通科技,2025-10-16 11:06:36,92.0,2996,91.97,U
sh688668,鼎通科技,2025-10-16 11:06:57,92.18,2492,92.06,U
sh688668,鼎通科技,2025-10-16 11:07:09,92.16,4279,92.16,U
sh688668,鼎通科技,2025-10-16 11:07:12,92.15,5506,92.16,D
sh688668,鼎通科技,2025-10-16 11:07:27,92.15,3518,92.16,U
sh688668,鼎通科技,2025-10-16 11:07:33,92.15,4482,92.16,D
sh688668,鼎通科技,2025-10-16 11:07:42,92.11,2800,92.15,D
sh688668,鼎通科技,2025-10-16 11:07:54,92.16,3000,92.11,U
sh688668,鼎通科技,2025-10-16 11:08:03,92.12,5661,92.15,E
sh688668,鼎通科技,2025-10-16 11:08:24,91.64,2648,92.02,D
sh688668,鼎通科技,2025-10-16 11:08:30,92.0,5000,91.64,U
sh688668,鼎通科技,2025-10-16 11:08:33,92.0,5000,92.0,U
sh688668,鼎通科技,2025-10-16 11:08:36,92.01,5590,92.0,U
sh688668,鼎通科技,2025-10-16 11:09:00,92.1,2689,92.1,D
sh688668,鼎通科技,2025-10-16 11:09:03,92.15,5200,92.1,U
sh688668,鼎通科技,2025-10-16 11:09:30,92.14,5576,92.07,U
sh688668,鼎通科技,2025-10-16 11:09:36,92.07,4421,92.07,D
sh688668,鼎通科技,2025-10-16 11:09:39,92.0,3836,92.07,D
sh688668,鼎通科技,2025-10-16 11:10:33,91.83,4175,91.82,U
sh688668,鼎通科技,2025-10-16 11:11:06,91.79,5000,91.79,U
sh688668,鼎通科技,2025-10-16 11:11:42,91.6,2972,91.66,D
sh688668,鼎通科技,2025-10-16 11:12:00,91.56,2740,91.56,D
sh688668,鼎通科技,2025-10-16 11:12:21,91.61,15200,91.76,D
sh688668,鼎通科技,2025-10-16 11:12:24,91.66,3291,91.61,U
sh688668,鼎通科技,2025-10-16 11:12:42,91.69,2428,91.68,U
sh688668,鼎通科技,2025-10-16 11:13:24,91.75,2294,91.7,U
sh688668,鼎通科技,2025-10-16 11:14:57,91.8,2557,91.84,D
sh688668,鼎通科技,2025-10-16 11:15:09,91.79,2410,91.75,U
sh688668,鼎通科技,2025-10-16 11:16:09,91.51,2860,91.54,D
sh688668,鼎通科技,2025-10-16 11:17:18,91.41,11580,91.44,D
sh688668,鼎通科技,2025-10-16 11:17:27,91.41,2930,91.41,D
sh688668,鼎通科技,2025-10-16 11:17:36,91.41,2267,91.41,U
sh688668,鼎通科技,2025-10-16 11:18:36,91.61,3300,91.5,U
sh688668,鼎通科技,2025-10-16 11:18:48,91.61,3700,91.61,D
sh688668,鼎通科技,2025-10-16 11:18:57,91.5,3379,91.54,D
sh688668,鼎通科技,2025-10-16 11:19:21,91.31,4200,91.42,D
sh688668,鼎通科技,2025-10-16 11:19:48,91.31,3100,91.28,U
sh688668,鼎通科技,2025-10-16 11:20:00,91.21,2700,91.31,D
sh688668,鼎通科技,2025-10-16 11:20:39,91.2,10687,91.25,D
sh688668,鼎通科技,2025-10-16 11:20:42,91.2,6617,91.2,D
sh688668,鼎通科技,2025-10-16 11:20:51,91.2,3039,91.21,D
sh688668,鼎通科技,2025-10-16 11:20:54,91.2,3300,91.2,D
sh688668,鼎通科技,2025-10-16 11:21:21,91.28,12239,91.24,U
sh688668,鼎通科技,2025-10-16 11:22:36,91.44,2475,91.54,D
sh688668,鼎通科技,2025-10-16 11:22:39,91.44,2900,91.44,E
sh688668,鼎通科技,2025-10-16 11:22:42,91.42,2600,91.44,D
sh688668,鼎通科技,2025-10-16 11:22:54,91.57,4700,91.51,U
sh688668,鼎通科技,2025-10-16 11:25:00,91.47,3743,91.55,D
sh688668,鼎通科技,2025-10-16 11:25:09,91.66,3101,91.47,U
sh688668,鼎通科技,2025-10-16 11:26:09,91.63,2410,91.6,U
sh688668,鼎通科技,2025-10-16 11:26:12,91.8,3751,91.63,U
sh688668,鼎通科技,2025-10-16 11:26:18,91.88,4854,91.83,U
sh688668,鼎通科技,2025-10-16 11:27:57,91.99,2719,91.93,U
sh688668,鼎通科技,2025-10-16 11:28:00,91.9,3600,91.99,D
sh688668,鼎通科技,2025-10-16 11:29:03,91.85,3400,91.88,D
sh688668,鼎通科技,2025-10-16 11:29:12,91.88,5432,91.85,U
sh688668,鼎通科技,2025-10-16 11:29:27,91.85,2300,91.81,U
sh688668,鼎通科技,2025-10-16 11:29:57,91.94,5000,91.88,U
sh688668,鼎通科技,2025-10-16 13:00:09,91.86,3900,91.9,D
sh688668,鼎通科技,2025-10-16 13:00:21,91.65,4185,91.69,D
sh688668,鼎通科技,2025-10-16 13:01:03,91.3,18991,91.57,D
sh688668,鼎通科技,2025-10-16 13:01:09,91.25,2346,91.34,D
sh688668,鼎通科技,2025-10-16 13:01:42,91.27,5162,91.26,U
sh688668,鼎通科技,2025-10-16 13:01:48,91.2,10925,91.26,D
sh688668,鼎通科技,2025-10-16 13:02:09,91.13,8236,91.13,D
sh688668,鼎通科技,2025-10-16 13:02:39,90.99,7799,91.01,D
sh688668,鼎通科技,2025-10-16 13:02:42,91.08,4548,90.99,U
sh688668,鼎通科技,2025-10-16 13:02:57,91.27,2200,91.14,U
sh688668,鼎通科技,2025-10-16 13:03:03,91.18,3427,91.08,E
sh688668,鼎通科技,2025-10-16 13:04:03,91.22,4700,91.2,U
sh688668,鼎通科技,2025-10-16 13:05:15,91.31,7884,91.46,D
sh688668,鼎通科技,2025-10-16 13:05:18,91.42,5516,91.31,E
sh688668,鼎通科技,2025-10-16 13:05:21,91.49,3236,91.42,U
sh688668,鼎通科技,2025-10-16 13:05:27,91.31,2400,91.31,D
sh688668,鼎通科技,2025-10-16 13:05:42,91.54,3374,91.52,U
sh688668,鼎通科技,2025-10-16 13:06:00,91.34,2400,91.34,D
sh688668,鼎通科技,2025-10-16 13:06:06,91.6,3937,91.34,U
sh688668,鼎通科技,2025-10-16 13:07:00,91.46,2671,91.58,U
sh688668,鼎通科技,2025-10-16 13:07:21,91.6,2943,91.41,U
sh688668,鼎通科技,2025-10-16 13:08:06,91.47,5200,91.48,D
sh688668,鼎通科技,2025-10-16 13:09:24,91.46,2247,91.43,U
sh688668,鼎通科技,2025-10-16 13:09:42,91.44,3942,91.43,D
sh688668,鼎通科技,2025-10-16 13:10:45,91.39,3600,91.42,D
sh688668,鼎通科技,2025-10-16 13:10:48,91.31,15640,91.39,D
sh688668,鼎通科技,2025-10-16 13:10:51,91.31,3600,91.31,D
sh688668,鼎通科技,2025-10-16 13:11:09,91.32,4836,91.34,D
sh688668,鼎通科技,2025-10-16 13:11:42,91.22,16702,91.36,D
sh688668,鼎通科技,2025-10-16 13:11:45,91.21,2200,91.22,D
sh688668,鼎通科技,2025-10-16 13:12:42,91.09,4338,91.1,D
sh688668,鼎通科技,2025-10-16 13:13:03,91.21,6974,91.1,U
sh688668,鼎通科技,2025-10-16 13:13:06,91.25,4713,91.21,U
sh688668,鼎通科技,2025-10-16 13:14:54,91.01,8723,91.13,D
sh688668,鼎通科技,2025-10-16 13:15:27,91.25,4731,91.25,E
sh688668,鼎通科技,2025-10-16 13:15:39,90.98,4824,91.05,D
sh688668,鼎通科技,2025-10-16 13:15:45,90.95,2200,90.98,D
sh688668,鼎通科技,2025-10-16 13:16:42,90.9,3500,90.9,D
sh688668,鼎通科技,2025-10-16 13:17:42,90.76,4016,90.8,D
sh688668,鼎通科技,2025-10-16 13:20:00,90.58,3761,90.7,D
sh688668,鼎通科技,2025-10-16 13:20:12,90.56,3638,90.51,U
sh688668,鼎通科技,2025-10-16 13:20:45,90.65,3163,90.66,D
sh688668,鼎通科技,2025-10-16 13:20:51,90.65,2450,90.65,U
sh688668,鼎通科技,2025-10-16 13:22:39,90.66,5700,90.67,D
sh688668,鼎通科技,2025-10-16 13:22:45,90.67,3713,90.66,E
sh688668,鼎通科技,2025-10-16 13:22:51,90.58,3562,90.61,D
sh688668,鼎通科技,2025-10-16 13:22:57,90.52,5477,90.58,D
sh688668,鼎通科技,2025-10-16 13:23:00,90.53,3320,90.52,U
sh688668,鼎通科技,2025-10-16 13:23:03,90.65,2365,90.53,U
sh688668,鼎通科技,2025-10-16 13:25:51,90.6,5931,90.68,D
sh688668,鼎通科技,2025-10-16 13:26:06,90.57,11716,90.6,D
sh688668,鼎通科技,2025-10-16 13:26:12,90.55,2397,90.55,D
sh688668,鼎通科技,2025-10-16 13:28:54,90.64,2724,90.71,D
sh688668,鼎通科技,2025-10-16 13:30:06,90.64,5150,90.66,D
sh688668,鼎通科技,2025-10-16 13:30:09,90.75,12155,90.64,U
sh688668,鼎通科技,2025-10-16 13:30:27,90.86,12006,90.82,U
sh688668,鼎通科技,2025-10-16 13:30:42,91.05,3126,90.92,U
sh688668,鼎通科技,2025-10-16 13:30:48,91.0,7244,91.0,D
sh688668,鼎通科技,2025-10-16 13:32:12,90.92,5200,90.86,U
sh688668,鼎通科技,2025-10-16 13:32:45,90.94,4164,90.94,U
sh688668,鼎通科技,2025-10-16 13:33:30,91.0,3200,91.0,U
sh688668,鼎通科技,2025-10-16 13:34:03,91.27,4409,91.05,U
sh688668,鼎通科技,2025-10-16 13:35:03,91.05,4736,91.05,U
sh688668,鼎通科技,2025-10-16 13:35:51,91.3,10000,91.1,U
sh688668,鼎通科技,2025-10-16 13:36:03,91.3,3908,91.15,U
sh688668,鼎通科技,2025-10-16 13:36:12,91.3,7243,91.31,D
sh688668,鼎通科技,2025-10-16 13:36:48,91.16,5400,91.12,U
sh688668,鼎通科技,2025-10-16 13:38:03,91.05,6001,91.11,D
sh688668,鼎通科技,2025-10-16 13:38:09,91.02,2407,91.02,U
sh688668,鼎通科技,2025-10-16 13:38:18,91.02,2310,91.02,U
sh688668,鼎通科技,2025-10-16 13:39:15,90.96,5506,90.95,E
sh688668,鼎通科技,2025-10-16 13:39:21,90.98,2408,91.0,E
sh688668,鼎通科技,2025-10-16 13:40:03,91.12,4807,90.97,U
sh688668,鼎通科技,2025-10-16 13:41:06,91.09,7436,91.18,D
sh688668,鼎通科技,2025-10-16 13:42:30,90.96,2619,91.1,D
sh688668,鼎通科技,2025-10-16 13:43:18,91.1,2196,90.99,U
sh688668,鼎通科技,2025-10-16 13:43:33,91.1,7617,91.1,D
sh688668,鼎通科技,2025-10-16 13:44:06,91.2,10000,91.1,U
sh688668,鼎通科技,2025-10-16 13:44:42,90.99,2412,91.09,D
sh688668,鼎通科技,2025-10-16 13:46:39,90.9,2800,90.92,D
sh688668,鼎通科技,2025-10-16 13:46:42,90.8,9994,90.9,D
sh688668,鼎通科技,2025-10-16 13:47:06,90.84,3719,90.79,U
sh688668,鼎通科技,2025-10-16 13:48:15,90.8,3687,90.8,D
sh688668,鼎通科技,2025-10-16 13:48:18,90.78,2634,90.8,D
sh688668,鼎通科技,2025-10-16 13:49:54,90.7,5000,90.73,D
sh688668,鼎通科技,2025-10-16 13:51:03,90.8,3352,90.68,U
sh688668,鼎通科技,2025-10-16 13:55:03,91.2,2412,90.83,U
sh688668,鼎通科技,2025-10-16 13:55:54,91.13,3839,91.13,U
sh688668,鼎通科技,2025-10-16 13:56:27,91.11,3142,91.11,D
sh688668,鼎通科技,2025-10-16 13:56:36,91.08,2261,91.11,E
sh688668,鼎通科技,2025-10-16 13:57:51,91.18,2209,91.13,U
sh688668,鼎通科技,2025-10-16 13:58:48,91.06,2544,91.07,D
sh688668,鼎通科技,2025-10-16 13:58:51,91.0,4330,91.06,D
sh688668,鼎通科技,2025-10-16 13:58:57,90.98,2743,91.0,D
sh688668,鼎通科技,2025-10-16 14:01:03,91.01,5626,90.8,U
sh688668,鼎通科技,2025-10-16 14:04:03,90.86,4873,90.68,U
sh688668,鼎通科技,2025-10-16 14:04:18,90.81,3367,90.76,U
sh688668,鼎通科技,2025-10-16 14:08:45,90.8,3556,90.82,D
sh688668,鼎通科技,2025-10-16 14:09:15,90.9,5843,90.9,U
sh688668,鼎通科技,2025-10-16 14:11:15,91.12,2676,91.12,D
sh688668,鼎通科技,2025-10-16 14:16:00,90.92,7673,90.95,D
sh688668,鼎通科技,2025-10-16 14:16:03,90.89,3451,90.92,D
sh688668,鼎通科技,2025-10-16 14:16:06,90.81,2400,90.89,D
sh688668,鼎通科技,2025-10-16 14:16:48,90.92,5367,90.92,U
sh688668,鼎通科技,2025-10-16 14:17:30,90.8,3893,90.8,U
sh688668,鼎通科技,2025-10-16 14:19:48,90.81,2802,90.86,D
sh688668,鼎通科技,2025-10-16 14:19:51,90.82,8035,90.81,U
sh688668,鼎通科技,2025-10-16 14:20:18,90.8,5000,90.87,D
sh688668,鼎通科技,2025-10-16 14:20:45,90.68,4244,90.72,D
sh688668,鼎通科技,2025-10-16 14:20:57,90.65,28513,90.7,D
sh688668,鼎通科技,2025-10-16 14:22:06,90.77,10118,90.8,D
sh688668,鼎通科技,2025-10-16 14:23:00,90.62,2888,90.66,D
sh688668,鼎通科技,2025-10-16 14:23:03,90.6,2828,90.62,D
sh688668,鼎通科技,2025-10-16 14:23:24,90.65,3106,90.63,U
sh688668,鼎通科技,2025-10-16 14:24:54,90.6,3200,90.62,D
sh688668,鼎通科技,2025-10-16 14:25:09,90.57,2372,90.57,D
sh688668,鼎通科技,2025-10-16 14:27:36,90.61,2707,90.61,D
sh688668,鼎通科技,2025-10-16 14:29:12,90.66,6797,90.57,U
sh688668,鼎通科技,2025-10-16 14:30:54,90.8,6869,90.76,U
sh688668,鼎通科技,2025-10-16 14:31:42,90.8,13354,90.76,U
sh688668,鼎通科技,2025-10-16 14:31:57,90.99,4410,90.9,U
sh688668,鼎通科技,2025-10-16 14:32:42,90.79,2789,90.82,D
sh688668,鼎通科技,2025-10-16 14:33:30,90.74,5200,90.94,E
sh688668,鼎通科技,2025-10-16 14:33:39,90.91,2381,90.92,E
sh688668,鼎通科技,2025-10-16 14:33:57,90.9,2830,90.9,D
sh688668,鼎通科技,2025-10-16 14:34:57,90.74,3525,90.77,D
sh688668,鼎通科技,2025-10-16 14:36:27,90.83,10553,90.85,D
sh688668,鼎通科技,2025-10-16 14:37:24,90.8,2411,90.8,D
sh688668,鼎通科技,2025-10-16 14:38:09,90.72,2558,90.74,D
sh688668,鼎通科技,2025-10-16 14:38:27,90.71,2463,90.7,U
sh688668,鼎通科技,2025-10-16 14:38:33,90.7,6202,90.71,D
sh688668,鼎通科技,2025-10-16 14:38:45,90.7,5873,90.7,D
sh688668,鼎通科技,2025-10-16 14:40:06,90.69,11773,90.71,D
sh688668,鼎通科技,2025-10-16 14:40:18,90.66,4002,90.72,D
sh688668,鼎通科技,2025-10-16 14:43:00,90.6,7250,90.61,D
sh688668,鼎通科技,2025-10-16 14:44:36,90.61,3424,90.61,U
sh688668,鼎通科技,2025-10-16 14:46:09,90.7,3000,90.75,D
sh688668,鼎通科技,2025-10-16 14:46:36,90.7,6051,90.75,D
sh688668,鼎通科技,2025-10-16 14:46:45,90.69,4624,90.7,D
sh688668,鼎通科技,2025-10-16 14:47:18,90.7,3976,90.7,U
sh688668,鼎通科技,2025-10-16 14:47:54,90.71,2349,90.7,E
sh688668,鼎通科技,2025-10-16 14:49:18,90.72,3300,90.7,U
sh688668,鼎通科技,2025-10-16 14:50:42,90.74,2424,90.72,U
sh688668,鼎通科技,2025-10-16 14:52:15,90.79,4095,90.78,U
sh688668,鼎通科技,2025-10-16 14:52:18,90.79,2609,90.79,U
sh688668,鼎通科技,2025-10-16 14:52:27,90.77,2730,90.76,D
sh688668,鼎通科技,2025-10-16 14:52:42,90.8,2310,90.8,U
sh688668,鼎通科技,2025-10-16 14:53:06,90.88,8584,90.84,U
sh688668,鼎通科技,2025-10-16 14:53:36,90.92,2455,90.94,E
sh688668,鼎通科技,2025-10-16 14:54:18,90.89,5754,90.9,D
sh688668,鼎通科技,2025-10-16 14:54:30,90.9,2571,90.91,D
sh688668,鼎通科技,2025-10-16 14:54:48,90.9,2548,90.88,U
sh688668,鼎通科技,2025-10-16 14:55:03,90.9,2400,90.92,D
sh688668,鼎通科技,2025-10-16 14:55:48,90.89,6375,90.94,D
sh688668,鼎通科技,2025-10-16 14:56:27,90.92,4074,90.85,U
sh688668,鼎通科技,2025-10-16 14:56:51,90.92,5489,90.92,U
sh688668,鼎通科技,2025-10-16 15:00:03,90.9,41596,90.91,U
