symbol,name,ticktime,price,volume,prev_price,kind
sh688668,鼎通科技,2025-10-13 09:25:03,82.49,285303,0.0,U
sh688668,鼎通科技,2025-10-13 09:30:04,83.0,4735,83.5,D
sh688668,鼎通科技,2025-10-13 09:30:07,83.92,4407,83.0,U
sh688668,鼎通科技,2025-10-13 09:30:10,83.92,7118,83.92,D
sh688668,鼎通科技,2025-10-13 09:30:13,84.88,14942,83.92,U
sh688668,鼎通科技,2025-10-13 09:30:25,84.43,10021,84.69,E
sh688668,鼎通科技,2025-10-13 09:30:31,84.69,9493,85.0,D
sh688668,鼎通科技,2025-10-13 09:30:34,85.0,4120,84.69,U
sh688668,鼎通科技,2025-10-13 09:30:37,85.0,2440,85.0,U
sh688668,鼎通科技,2025-10-13 09:30:40,84.69,13002,85.0,D
sh688668,鼎通科技,2025-10-13 09:30:43,85.01,15653,84.69,U
sh688668,鼎通科技,2025-10-13 09:30:49,85.02,8483,85.04,D
sh688668,鼎通科技,2025-10-13 09:30:52,85.0,2700,85.02,D
sh688668,鼎通科技,2025-10-13 09:30:55,85.49,3600,85.0,U
sh688668,鼎通科技,2025-10-13 09:31:04,85.5,8117,85.5,D
sh688668,鼎通科技,2025-10-13 09:31:07,85.5,16840,85.5,D
sh688668,鼎通科技,2025-10-13 09:31:10,85.58,12071,85.5,D
sh688668,鼎通科技,2025-10-13 09:31:13,85.58,13093,85.58,D
sh688668,鼎通科技,2025-10-13 09:31:16,85.58,6103,85.58,D
sh688668,鼎通科技,2025-10-13 09:31:19,85.58,16696,85.58,D
sh688668,鼎通科技,2025-10-13 09:31:22,86.01,7688,85.58,U
sh688668,鼎通科技,2025-10-13 09:31:25,85.63,3154,86.01,D
sh688668,鼎通科技,2025-10-13 09:31:28,85.63,8812,85.63,D
sh688668,鼎通科技,2025-10-13 09:31:31,86.03,11266,85.63,U
sh688668,鼎通科技,2025-10-13 09:31:34,85.63,8894,86.03,D
sh688668,鼎通科技,2025-10-13 09:31:37,85.58,10990,85.63,D
sh688668,鼎通科技,2025-10-13 09:31:40,85.58,4951,85.58,D
sh688668,鼎通科技,2025-10-13 09:31:43,85.58,10895,85.58,D
sh688668,鼎通科技,2025-10-13 09:31:46,85.58,14027,85.58,D
sh688668,鼎通科技,2025-10-13 09:31:49,85.6,11676,85.58,U
sh688668,鼎通科技,2025-10-13 09:31:52,85.59,11508,85.6,D
sh688668,鼎通科技,2025-10-13 09:31:55,85.5,12269,85.59,D
sh688668,鼎通科技,2025-10-13 09:31:58,85.49,10425,85.5,D
sh688668,鼎通科技,2025-10-13 09:32:01,85.59,8210,85.49,U
sh688668,鼎通科技,2025-10-13 09:32:04,85.58,16852,85.59,D
sh688668,鼎通科技,2025-10-13 09:32:07,85.59,10628,85.58,E
sh688668,鼎通科技,2025-10-13 09:32:10,85.5,19234,85.59,D
sh688668,鼎通科技,2025-10-13 09:32:13,85.5,15348,85.5,U
sh688668,鼎通科技,2025-10-13 09:32:16,85.53,3716,85.5,U
sh688668,鼎通科技,2025-10-13 09:32:19,85.6,5563,85.53,U
sh688668,鼎通科技,2025-10-13 09:32:22,85.5,6961,85.6,D
sh688668,鼎通科技,2025-10-13 09:32:25,85.53,6659,85.5,U
sh688668,鼎通科技,2025-10-13 09:32:28,85.49,4035,85.53,D
sh688668,鼎通科技,2025-10-13 09:32:31,85.6,3843,85.49,U
sh688668,鼎通科技,2025-10-13 09:32:34,85.74,13645,85.6,U
sh688668,鼎通科技,2025-10-13 09:32:43,85.66,16583,85.85,D
sh688668,鼎通科技,2025-10-13 09:32:46,85.6,9964,85.66,D
sh688668,鼎通科技,2025-10-13 09:32:49,85.85,3990,85.6,U
sh688668,鼎通科技,2025-10-13 09:32:52,85.85,2576,85.85,D
sh688668,鼎通科技,2025-10-13 09:33:01,85.98,2845,85.86,U
sh688668,鼎通科技,2025-10-13 09:33:04,86.0,2900,85.98,U
sh688668,鼎通科技,2025-10-13 09:33:07,85.99,7353,86.0,D
sh688668,鼎通科技,2025-10-13 09:33:10,86.01,3485,85.99,U
sh688668,鼎通科技,2025-10-13 09:33:13,86.01,9170,86.01,U
sh688668,鼎通科技,2025-10-13 09:33:16,85.99,4547,86.01,D
sh688668,鼎通科技,2025-10-13 09:33:19,86.08,5110,85.99,U
sh688668,鼎通科技,2025-10-13 09:33:22,86.0,4200,86.08,D
sh688668,鼎通科技,2025-10-13 09:33:25,86.05,4605,86.0,D
sh688668,鼎通科技,2025-10-13 09:33:28,86.33,3300,86.05,U
sh688668,鼎通科技,2025-10-13 09:33:34,86.3,6384,86.06,U
sh688668,鼎通科技,2025-10-13 09:33:37,86.06,4338,86.3,D
sh688668,鼎通科技,2025-10-13 09:33:40,86.3,2801,86.06,U
sh688668,鼎通科技,2025-10-13 09:33:43,86.05,4531,86.3,D
sh688668,鼎通科技,2025-10-13 09:33:46,86.31,7625,86.05,U
sh688668,鼎通科技,2025-10-13 09:33:49,86.2,6069,86.31,D
sh688668,鼎通科技,2025-10-13 09:33:52,86.16,5142,86.2,D
sh688668,鼎通科技,2025-10-13 09:33:55,86.05,10760,86.16,D
sh688668,鼎通科技,2025-10-13 09:33:58,86.03,7652,86.05,D
sh688668,鼎通科技,2025-10-13 09:34:01,86.22,5052,86.03,U
sh688668,鼎通科技,2025-10-13 09:34:07,86.24,2559,86.25,D
sh688668,鼎通科技,2025-10-13 09:34:10,86.26,5970,86.24,U
sh688668,鼎通科技,2025-10-13 09:34:13,86.24,6238,86.26,D
sh688668,鼎通科技,2025-10-13 09:34:19,86.49,3706,86.24,E
sh688668,鼎通科技,2025-10-13 09:34:22,86.26,5572,86.49,D
sh688668,鼎通科技,2025-10-13 09:34:28,86.5,3534,86.28,U
sh688668,鼎通科技,2025-10-13 09:34:31,86.27,8074,86.5,D
sh688668,鼎通科技,2025-10-13 09:34:34,86.27,3795,86.27,U
sh688668,鼎通科技,2025-10-13 09:34:37,86.3,8160,86.27,U
sh688668,鼎通科技,2025-10-13 09:34:40,86.28,6191,86.3,D
sh688668,鼎通科技,2025-10-13 09:34:55,86.99,6387,86.85,U
sh688668,鼎通科技,2025-10-13 09:34:58,86.98,5011,86.99,D
sh688668,鼎通科技,2025-10-13 09:35:01,86.99,2428,86.98,E
sh688668,鼎通科技,2025-10-13 09:35:04,87.0,15764,86.99,U
sh688668,鼎通科技,2025-10-13 09:35:07,87.16,4049,87.0,U
sh688668,鼎通科技,2025-10-13 09:35:10,87.16,5637,87.16,U
sh688668,鼎通科技,2025-10-13 09:35:25,87.2,17005,87.2,D
sh688668,鼎通科技,2025-10-13 09:35:28,87.2,4887,87.2,U
sh688668,鼎通科技,2025-10-13 09:35:31,87.16,11602,87.2,D
sh688668,鼎通科技,2025-10-13 09:35:34,87.38,9587,87.16,U
sh688668,鼎通科技,2025-10-13 09:35:37,87.2,5317,87.38,D
sh688668,鼎通科技,2025-10-13 09:35:46,87.38,4769,87.38,D
sh688668,鼎通科技,2025-10-13 09:35:58,87.45,3355,87.47,D
sh688668,鼎通科技,2025-10-13 09:36:01,87.45,4496,87.45,U
sh688668,鼎通科技,2025-10-13 09:36:07,87.45,3099,87.5,D
sh688668,鼎通科技,2025-10-13 09:36:10,87.66,4667,87.45,U
sh688668,鼎通科技,2025-10-13 09:36:19,87.55,7315,87.55,D
sh688668,鼎通科技,2025-10-13 09:36:22,87.5,5855,87.55,D
sh688668,鼎通科技,2025-10-13 09:36:25,87.47,6721,87.5,D
sh688668,鼎通科技,2025-10-13 09:36:28,87.5,4800,87.47,U
sh688668,鼎通科技,2025-10-13 09:36:31,87.54,20025,87.5,U
sh688668,鼎通科技,2025-10-13 09:36:34,87.67,8142,87.54,U
sh688668,鼎通科技,2025-10-13 09:36:46,87.88,2432,87.97,D
sh688668,鼎通科技,2025-10-13 09:36:49,88.0,18210,87.88,U
sh688668,鼎通科技,2025-10-13 09:36:55,88.47,9300,88.02,U
sh688668,鼎通科技,2025-10-13 09:37:07,88.24,5536,88.46,D
sh688668,鼎通科技,2025-10-13 09:37:10,88.39,3379,88.24,E
sh688668,鼎通科技,2025-10-13 09:37:13,88.38,3169,88.39,E
sh688668,鼎通科技,2025-10-13 09:37:16,88.26,10703,88.38,D
sh688668,鼎通科技,2025-10-13 09:37:22,88.21,4500,88.26,D
sh688668,鼎通科技,2025-10-13 09:37:25,88.16,2516,88.21,D
sh688668,鼎通科技,2025-10-13 09:37:28,88.22,12500,88.16,U
sh688668,鼎通科技,2025-10-13 09:37:31,88.16,6300,88.22,D
sh688668,鼎通科技,2025-10-13 09:37:34,88.16,3765,88.16,D
sh688668,鼎通科技,2025-10-13 09:37:37,88.04,5650,88.16,D
sh688668,鼎通科技,2025-10-13 09:37:43,88.11,9302,88.09,U
sh688668,鼎通科技,2025-10-13 09:37:46,88.37,5171,88.11,U
sh688668,鼎通科技,2025-10-13 09:37:49,88.08,4818,88.37,D
sh688668,鼎通科技,2025-10-13 09:37:52,88.08,2650,88.08,D
sh688668,鼎通科技,2025-10-13 09:37:58,88.24,4743,88.25,E
sh688668,鼎通科技,2025-10-13 09:38:01,88.3,4712,88.24,U
sh688668,鼎通科技,2025-10-13 09:38:04,88.16,3608,88.3,D
sh688668,鼎通科技,2025-10-13 09:38:07,88.12,13812,88.16,U
sh688668,鼎通科技,2025-10-13 09:38:16,88.2,10059,88.12,U
sh688668,鼎通科技,2025-10-13 09:38:19,88.2,10655,88.2,D
sh688668,鼎通科技,2025-10-13 09:38:22,88.2,10759,88.2,D
sh688668,鼎通科技,2025-10-13 09:38:25,88.12,4337,88.2,D
sh688668,鼎通科技,2025-10-13 09:38:28,88.08,4300,88.12,D
sh688668,鼎通科技,2025-10-13 09:38:34,88.08,6400,88.1,D
sh688668,鼎通科技,2025-10-13 09:38:43,88.17,3710,88.12,U
sh688668,鼎通科技,2025-10-13 09:38:52,88.0,7300,88.08,D
sh688668,鼎通科技,2025-10-13 09:38:55,88.0,3353,88.0,U
sh688668,鼎通科技,2025-10-13 09:39:07,88.05,19368,88.04,U
sh688668,鼎通科技,2025-10-13 09:39:10,88.15,4271,88.05,U
sh688668,鼎通科技,2025-10-13 09:39:16,88.36,9586,88.3,U
sh688668,鼎通科技,2025-10-13 09:39:19,88.38,7107,88.36,U
sh688668,鼎通科技,2025-10-13 09:39:22,88.65,15512,88.38,U
sh688668,鼎通科技,2025-10-13 09:39:25,88.8,5520,88.65,U
sh688668,鼎通科技,2025-10-13 09:39:28,88.87,24322,88.8,U
sh688668,鼎通科技,2025-10-13 09:39:31,88.46,61942,88.87,D
sh688668,鼎通科技,2025-10-13 09:39:34,88.1,20791,88.46,D
sh688668,鼎通科技,2025-10-13 09:39:37,87.88,13262,88.1,D
sh688668,鼎通科技,2025-10-13 09:39:40,87.69,21084,87.88,D
sh688668,鼎通科技,2025-10-13 09:39:43,87.79,4200,87.69,U
sh688668,鼎通科技,2025-10-13 09:39:46,87.74,4828,87.79,D
sh688668,鼎通科技,2025-10-13 09:40:04,88.0,12660,87.94,U
sh688668,鼎通科技,2025-10-13 09:40:16,88.0,6421,87.94,U
sh688668,鼎通科技,2025-10-13 09:40:19,88.13,5585,88.0,U
sh688668,鼎通科技,2025-10-13 09:40:28,88.53,8678,88.13,U
sh688668,鼎通科技,2025-10-13 09:40:31,88.54,3206,88.53,D
sh688668,鼎通科技,2025-10-13 09:40:40,88.54,8656,88.5,U
sh688668,鼎通科技,2025-10-13 09:40:43,88.62,3156,88.54,U
sh688668,鼎通科技,2025-10-13 09:40:46,88.61,3200,88.62,E
sh688668,鼎通科技,2025-10-13 09:40:52,88.5,3200,88.52,D
sh688668,鼎通科技,2025-10-13 09:40:58,88.52,4390,88.5,U
sh688668,鼎通科技,2025-10-13 09:41:01,88.63,2965,88.52,U
sh688668,鼎通科技,2025-10-13 09:41:04,88.63,3537,88.63,U
sh688668,鼎通科技,2025-10-13 09:41:07,88.63,9795,88.63,D
sh688668,鼎通科技,2025-10-13 09:41:13,88.63,4600,88.79,D
sh688668,鼎通科技,2025-10-13 09:41:19,88.99,21410,88.79,U
sh688668,鼎通科技,2025-10-13 09:41:22,89.0,5310,88.99,U
sh688668,鼎通科技,2025-10-13 09:41:25,89.01,10500,89.0,U
sh688668,鼎通科技,2025-10-13 09:41:28,88.9,7072,89.01,D
sh688668,鼎通科技,2025-10-13 09:41:34,88.85,6700,88.65,U
sh688668,鼎通科技,2025-10-13 09:41:40,88.89,2400,88.89,D
sh688668,鼎通科技,2025-10-13 09:41:43,88.79,8356,88.89,D
sh688668,鼎通科技,2025-10-13 09:41:49,88.9,2373,88.93,D
sh688668,鼎通科技,2025-10-13 09:41:52,89.0,17063,88.9,U
sh688668,鼎通科技,2025-10-13 09:41:55,89.2,15312,89.0,U
sh688668,鼎通科技,2025-10-13 09:42:01,89.2,7200,89.41,D
sh688668,鼎通科技,2025-10-13 09:42:07,89.4,6425,89.22,U
sh688668,鼎通科技,2025-10-13 09:42:10,89.19,3600,89.4,D
sh688668,鼎通科技,2025-10-13 09:42:13,89.2,5403,89.19,U
sh688668,鼎通科技,2025-10-13 09:42:16,89.09,8665,89.2,D
sh688668,鼎通科技,2025-10-13 09:42:19,89.03,2909,89.09,E
sh688668,鼎通科技,2025-10-13 09:42:25,88.99,8604,89.16,D
sh688668,鼎通科技,2025-10-13 09:42:28,88.78,7856,88.99,D
sh688668,鼎通科技,2025-10-13 09:42:34,88.99,5522,88.89,U
sh688668,鼎通科技,2025-10-13 09:42:55,89.1,3422,89.16,D
sh688668,鼎通科技,2025-10-13 09:43:07,89.18,3767,89.1,U
sh688668,鼎通科技,2025-10-13 09:43:10,89.3,8829,89.18,U
sh688668,鼎通科技,2025-10-13 09:43:16,89.27,2419,89.38,D
sh688668,鼎通科技,2025-10-13 09:43:25,89.37,3400,89.41,E
sh688668,鼎通科技,2025-10-13 09:43:28,89.42,3465,89.37,U
sh688668,鼎通科技,2025-10-13 09:43:34,89.28,11333,89.5,D
sh688668,鼎通科技,2025-10-13 09:43:37,89.24,4293,89.28,D
sh688668,鼎通科技,2025-10-13 09:44:10,89.33,2600,89.18,U
sh688668,鼎通科技,2025-10-13 09:44:13,89.41,13723,89.33,U
sh688668,鼎通科技,2025-10-13 09:44:16,89.5,2900,89.41,U
sh688668,鼎通科技,2025-10-13 09:44:19,89.49,3602,89.5,D
sh688668,鼎通科技,2025-10-13 09:44:22,89.26,3218,89.49,D
sh688668,鼎通科技,2025-10-13 09:44:25,89.38,2400,89.26,E
sh688668,鼎通科技,2025-10-13 09:44:31,89.48,5587,89.38,U
sh688668,鼎通科技,2025-10-13 09:44:34,89.46,4200,89.48,E
sh688668,鼎通科技,2025-10-13 09:44:37,89.47,8648,89.46,U
sh688668,鼎通科技,2025-10-13 09:44:49,89.57,9421,89.48,U
sh688668,鼎通科技,2025-10-13 09:44:58,89.56,4948,89.54,U
sh688668,鼎通科技,2025-10-13 09:45:04,89.35,11327,89.56,D
sh688668,鼎通科技,2025-10-13 09:45:07,89.26,5721,89.35,D
sh688668,鼎通科技,2025-10-13 09:45:10,89.23,3510,89.26,D
sh688668,鼎通科技,2025-10-13 09:45:13,89.16,2690,89.23,D
sh688668,鼎通科技,2025-10-13 09:45:16,89.28,3255,89.16,E
sh688668,鼎通科技,2025-10-13 09:45:19,89.04,7600,89.28,D
sh688668,鼎通科技,2025-10-13 09:45:22,89.13,2699,89.04,U
sh688668,鼎通科技,2025-10-13 09:45:25,89.07,10368,89.13,D
sh688668,鼎通科技,2025-10-13 09:45:28,89.07,7103,89.07,D
sh688668,鼎通科技,2025-10-13 09:45:31,89.16,2808,89.07,E
sh688668,鼎通科技,2025-10-13 09:45:34,89.18,7227,89.16,U
sh688668,鼎通科技,2025-10-13 09:45:37,89.24,5357,89.18,U
sh688668,鼎通科技,2025-10-13 09:45:40,89.22,8593,89.24,D
sh688668,鼎通科技,2025-10-13 09:45:43,89.24,6819,89.22,U
sh688668,鼎通科技,2025-10-13 09:45:52,89.26,3461,89.28,D
sh688668,鼎通科技,2025-10-13 09:45:55,89.2,2796,89.26,D
sh688668,鼎通科技,2025-10-13 09:45:58,89.0,9124,89.2,D
sh688668,鼎通科技,2025-10-13 09:46:01,89.06,4297,89.0,U
sh688668,鼎通科技,2025-10-13 09:46:04,89.16,2480,89.06,U
sh688668,鼎通科技,2025-10-13 09:46:07,89.16,14185,89.16,D
sh688668,鼎通科技,2025-10-13 09:46:16,89.2,4452,89.28,D
sh688668,鼎通科技,2025-10-13 09:46:19,89.2,4003,89.2,U
sh688668,鼎通科技,2025-10-13 09:46:25,89.05,2431,89.2,D
sh688668,鼎通科技,2025-10-13 09:46:31,89.19,2996,89.05,U
sh688668,鼎通科技,2025-10-13 09:46:37,89.1,2613,89.02,U
sh688668,鼎通科技,2025-10-13 09:46:43,89.1,2386,89.1,D
sh688668,鼎通科技,2025-10-13 09:46:52,89.4,14087,89.23,U
sh688668,鼎通科技,2025-10-13 09:46:55,89.25,2500,89.4,D
sh688668,鼎通科技,2025-10-13 09:46:58,89.4,6400,89.25,U
sh688668,鼎通科技,2025-10-13 09:47:07,89.38,5511,89.39,U
sh688668,鼎通科技,2025-10-13 09:47:10,89.37,3954,89.38,E
sh688668,鼎通科技,2025-10-13 09:47:13,89.18,7228,89.37,D
sh688668,鼎通科技,2025-10-13 09:47:16,89.35,4703,89.18,U
sh688668,鼎通科技,2025-10-13 09:47:31,89.53,11137,89.48,U
sh688668,鼎通科技,2025-10-13 09:47:34,89.56,4828,89.53,U
sh688668,鼎通科技,2025-10-13 09:47:49,89.44,12308,89.6,D
sh688668,鼎通科技,2025-10-13 09:47:52,89.56,8929,89.44,U
sh688668,鼎通科技,2025-10-13 09:48:04,89.61,2777,89.6,U
sh688668,鼎通科技,2025-10-13 09:48:19,89.71,14418,89.63,U
sh688668,鼎通科技,2025-10-13 09:48:28,89.99,6426,89.8,U
sh688668,鼎通科技,2025-10-13 09:48:31,90.0,4968,89.99,U
sh688668,鼎通科技,2025-10-13 09:48:34,90.02,13019,90.0,U
sh688668,鼎通科技,2025-10-13 09:48:40,90.0,5867,90.02,D
sh688668,鼎通科技,2025-10-13 09:48:52,90.0,3000,90.1,D
sh688668,鼎通科技,2025-10-13 09:48:58,90.12,7724,90.12,E
sh688668,鼎通科技,2025-10-13 09:49:04,89.8,15397,90.11,D
sh688668,鼎通科技,2025-10-13 09:49:07,89.94,13092,89.8,U
sh688668,鼎通科技,2025-10-13 09:49:10,89.97,10048,89.94,E
sh688668,鼎通科技,2025-10-13 09:49:13,89.98,3422,89.97,U
sh688668,鼎通科技,2025-10-13 09:49:19,89.97,6129,89.98,D
sh688668,鼎通科技,2025-10-13 09:49:22,89.91,3153,89.97,D
sh688668,鼎通科技,2025-10-13 09:49:28,89.98,8694,89.73,U
sh688668,鼎通科技,2025-10-13 09:49:40,89.97,4674,89.83,E
sh688668,鼎通科技,2025-10-13 09:49:43,89.86,4293,89.97,D
sh688668,鼎通科技,2025-10-13 09:49:46,89.72,3558,89.86,D
sh688668,鼎通科技,2025-10-13 09:49:49,89.61,5426,89.72,D
sh688668,鼎通科技,2025-10-13 09:50:04,89.57,7001,89.6,D
sh688668,鼎通科技,2025-10-13 09:50:07,89.54,8116,89.57,D
sh688668,鼎通科技,2025-10-13 09:50:25,89.3,11634,89.35,D
sh688668,鼎通科技,2025-10-13 09:50:28,89.36,8842,89.3,U
sh688668,鼎通科技,2025-10-13 09:50:58,89.53,2695,89.53,D
sh688668,鼎通科技,2025-10-13 09:51:10,88.88,21629,89.4,D
sh688668,鼎通科技,2025-10-13 09:51:13,88.88,2784,88.88,D
sh688668,鼎通科技,2025-10-13 09:51:22,89.13,6155,89.0,U
sh688668,鼎通科技,2025-10-13 09:51:34,89.29,8472,89.15,U
sh688668,鼎通科技,2025-10-13 09:51:40,89.29,6151,89.16,U
sh688668,鼎通科技,2025-10-13 09:51:43,89.3,3807,89.29,E
sh688668,鼎通科技,2025-10-13 09:51:46,89.16,10601,89.3,D
sh688668,鼎通科技,2025-10-13 09:51:58,89.3,4796,89.25,U
sh688668,鼎通科技,2025-10-13 09:52:01,89.38,7484,89.3,U
sh688668,鼎通科技,2025-10-13 09:52:16,89.2,2545,89.28,D
sh688668,鼎通科技,2025-10-13 09:52:19,88.96,5098,89.2,D
sh688668,鼎通科技,2025-10-13 09:52:22,88.8,2924,88.96,D
sh688668,鼎通科技,2025-10-13 09:52:52,88.96,2378,89.03,D
sh688668,鼎通科技,2025-10-13 09:52:55,88.97,3977,88.96,U
sh688668,鼎通科技,2025-10-13 09:53:04,88.94,5227,88.96,D
sh688668,鼎通科技,2025-10-13 09:53:07,89.17,11014,88.94,U
sh688668,鼎通科技,2025-10-13 09:53:13,89.01,4340,89.17,D
sh688668,鼎通科技,2025-10-13 09:53:22,88.95,2767,89.01,D
sh688668,鼎通科技,2025-10-13 09:53:37,88.72,2900,88.84,D
sh688668,鼎通科技,2025-10-13 09:54:10,88.77,3270,88.77,E
sh688668,鼎通科技,2025-10-13 09:54:34,89.3,7976,89.04,U
sh688668,鼎通科技,2025-10-13 09:54:37,89.22,3418,89.3,D
sh688668,鼎通科技,2025-10-13 09:54:58,89.31,4041,89.37,D
sh688668,鼎通科技,2025-10-13 09:55:25,89.06,3000,89.22,D
sh688668,鼎通科技,2025-10-13 09:55:43,89.18,2500,89.39,D
sh688668,鼎通科技,2025-10-13 09:55:49,89.2,3219,89.18,D
sh688668,鼎通科技,2025-10-13 09:56:07,88.98,3049,89.04,D
sh688668,鼎通科技,2025-10-13 09:56:28,88.99,10063,88.98,U
sh688668,鼎通科技,2025-10-13 09:56:37,89.1,6127,89.1,U
sh688668,鼎通科技,2025-10-13 09:56:49,89.05,3013,89.11,D
sh688668,鼎通科技,2025-10-13 09:56:52,89.1,2259,89.05,U
sh688668,鼎通科技,2025-10-13 09:56:58,89.2,25959,89.03,U
sh688668,鼎通科技,2025-10-13 09:57:13,89.2,2708,89.39,D
sh688668,鼎通科技,2025-10-13 09:57:40,89.39,4442,89.34,U
sh688668,鼎通科技,2025-10-13 09:57:46,89.35,3285,89.48,D
sh688668,鼎通科技,2025-10-13 09:57:49,89.48,3196,89.35,U
sh688668,鼎通科技,2025-10-13 09:58:55,89.3,6600,89.23,U
sh688668,鼎通科技,2025-10-13 09:59:25,89.4,3138,89.45,D
sh688668,鼎通科技,2025-10-13 09:59:28,89.47,5260,89.4,U
sh688668,鼎通科技,2025-10-13 09:59:58,89.5,8998,89.4,U
sh688668,鼎通科技,2025-10-13 10:00:16,89.51,3835,89.42,U
sh688668,鼎通科技,2025-10-13 10:00:22,89.7,2416,89.61,U
sh688668,鼎通科技,2025-10-13 10:00:28,89.56,5597,89.61,D
sh688668,鼎通科技,2025-10-13 10:01:25,89.31,8921,89.48,D
sh688668,鼎通科技,2025-10-13 10:01:31,89.56,3858,89.48,U
sh688668,鼎通科技,2025-10-13 10:01:58,89.66,2320,89.78,D
sh688668,鼎通科技,2025-10-13 10:02:28,89.32,3707,89.53,D
sh688668,鼎通科技,2025-10-13 10:02:43,89.28,10000,89.32,D
sh688668,鼎通科技,2025-10-13 10:02:46,89.31,3343,89.28,E
sh688668,鼎通科技,2025-10-13 10:03:19,89.51,2735,89.38,U
sh688668,鼎通科技,2025-10-13 10:03:22,89.51,5885,89.51,U
sh688668,鼎通科技,2025-10-13 10:03:31,89.36,3056,89.45,D
sh688668,鼎通科技,2025-10-13 10:03:34,89.27,7759,89.36,D
sh688668,鼎通科技,2025-10-13 10:04:01,89.35,2500,89.29,U
sh688668,鼎通科技,2025-10-13 10:04:04,89.42,22323,89.35,E
sh688668,鼎通科技,2025-10-13 10:04:16,89.23,4853,89.24,D
sh688668,鼎通科技,2025-10-13 10:04:31,89.24,3358,89.22,U
sh688668,鼎通科技,2025-10-13 10:07:16,89.22,4703,89.29,D
sh688668,鼎通科技,2025-10-13 10:07:34,89.19,4355,89.19,D
sh688668,鼎通科技,2025-10-13 10:07:43,89.19,4567,89.28,D
sh688668,鼎通科技,2025-10-13 10:08:10,89.11,4714,89.23,D
sh688668,鼎通科技,2025-10-13 10:08:37,88.88,3399,89.05,D
sh688668,鼎通科技,2025-10-13 10:08:40,89.06,2739,88.88,U
sh688668,鼎通科技,2025-10-13 10:08:46,89.16,4328,89.05,E
sh688668,鼎通科技,2025-10-13 10:09:34,89.33,3200,89.3,U
sh688668,鼎通科技,2025-10-13 10:10:07,89.17,7178,89.37,D
sh688668,鼎通科技,2025-10-13 10:10:43,89.23,3265,89.26,D
sh688668,鼎通科技,2025-10-13 10:11:22,89.09,2712,89.1,D
sh688668,鼎通科技,2025-10-13 10:11:25,89.05,2315,89.09,D
sh688668,鼎通科技,2025-10-13 10:11:34,89.1,2946,89.06,U
sh688668,鼎通科技,2025-10-13 10:11:58,89.06,3000,89.1,D
sh688668,鼎通科技,2025-10-13 10:12:13,89.11,2854,89.12,U
sh688668,鼎通科技,2025-10-13 10:12:28,89.0,4715,89.0,D
sh688668,鼎通科技,2025-10-13 10:12:37,88.8,14082,88.88,D
sh688668,鼎通科技,2025-10-13 10:12:40,88.7,7072,88.8,D
sh688668,鼎通科技,2025-10-13 10:12:43,88.68,14501,88.7,D
sh688668,鼎通科技,2025-10-13 10:12:46,89.06,4873,88.68,U
sh688668,鼎通科技,2025-10-13 10:13:04,88.76,8551,88.75,D
sh688668,鼎通科技,2025-10-13 10:13:10,88.73,10659,88.92,D
sh688668,鼎通科技,2025-10-13 10:13:19,88.73,2517,88.73,E
sh688668,鼎通科技,2025-10-13 10:13:43,89.04,9140,89.02,U
sh688668,鼎通科技,2025-10-13 10:13:46,88.9,2326,89.04,D
sh688668,鼎通科技,2025-10-13 10:14:16,88.91,2988,88.8,U
sh688668,鼎通科技,2025-10-13 10:14:19,88.91,3100,88.91,U
sh688668,鼎通科技,2025-10-13 10:15:31,88.9,4053,88.87,E
sh688668,鼎通科技,2025-10-13 10:16:01,88.82,2614,88.89,D
sh688668,鼎通科技,2025-10-13 10:16:10,88.82,3400,88.89,D
sh688668,鼎通科技,2025-10-13 10:16:19,88.99,3888,88.86,U
sh688668,鼎通科技,2025-10-13 10:17:16,88.84,4950,88.99,D
sh688668,鼎通科技,2025-10-13 10:17:22,88.7,6145,88.84,D
sh688668,鼎通科技,2025-10-13 10:17:25,88.7,3288,88.7,D
sh688668,鼎通科技,2025-10-13 10:17:28,88.7,6952,88.7,D
sh688668,鼎通科技,2025-10-13 10:18:22,88.83,2600,88.83,U
sh688668,鼎通科技,2025-10-13 10:18:28,88.83,3394,88.87,D
sh688668,鼎通科技,2025-10-13 10:18:46,88.84,3105,88.84,U
sh688668,鼎通科技,2025-10-13 10:19:52,88.71,8891,88.69,U
sh688668,鼎通科技,2025-10-13 10:19:55,88.7,3793,88.71,D
sh688668,鼎通科技,2025-10-13 10:20:07,88.65,2800,88.68,D
sh688668,鼎通科技,2025-10-13 10:20:16,88.57,3451,88.62,D
sh688668,鼎通科技,2025-10-13 10:20:25,88.85,18252,88.63,U
sh688668,鼎通科技,2025-10-13 10:20:46,88.89,4790,89.0,D
sh688668,鼎通科技,2025-10-13 10:20:52,88.93,2600,88.87,U
sh688668,鼎通科技,2025-10-13 10:21:52,88.89,2676,88.95,D
sh688668,鼎通科技,2025-10-13 10:22:22,88.5,3780,88.65,D
sh688668,鼎通科技,2025-10-13 10:22:49,88.56,4549,88.46,U
sh688668,鼎通科技,2025-10-13 10:22:55,88.46,2323,88.65,D
sh688668,鼎通科技,2025-10-13 10:22:58,88.47,3256,88.46,D
sh688668,鼎通科技,2025-10-13 10:23:10,88.49,2340,88.49,U
sh688668,鼎通科技,2025-10-13 10:23:22,88.75,3069,88.53,U
sh688668,鼎通科技,2025-10-13 10:23:46,88.76,2835,88.73,U
sh688668,鼎通科技,2025-10-13 10:24:07,89.0,3033,89.0,U
sh688668,鼎通科技,2025-10-13 10:24:16,89.02,3386,89.0,D
sh688668,鼎通科技,2025-10-13 10:24:19,89.01,3658,89.02,D
sh688668,鼎通科技,2025-10-13 10:24:37,88.9,4089,88.95,U
sh688668,鼎通科技,2025-10-13 10:24:52,88.9,2931,88.88,U
sh688668,鼎通科技,2025-10-13 10:27:58,88.84,3043,88.8,U
sh688668,鼎通科技,2025-10-13 10:28:07,88.67,3409,88.73,D
sh688668,鼎通科技,2025-10-13 10:28:31,88.66,3093,88.66,D
sh688668,鼎通科技,2025-10-13 10:28:43,88.66,5006,88.66,D
sh688668,鼎通科技,2025-10-13 10:29:22,88.71,3963,88.71,U
sh688668,鼎通科技,2025-10-13 10:29:58,88.65,3528,88.64,D
sh688668,鼎通科技,2025-10-13 10:30:25,88.71,2459,88.7,D
sh688668,鼎通科技,2025-10-13 10:30:28,88.86,5991,88.71,U
sh688668,鼎通科技,2025-10-13 10:30:34,88.73,3041,88.86,D
sh688668,鼎通科技,2025-10-13 10:31:13,88.92,5400,88.81,U
sh688668,鼎通科技,2025-10-13 10:31:46,88.92,2331,88.95,U
sh688668,鼎通科技,2025-10-13 10:32:19,89.2,2307,89.11,U
sh688668,鼎通科技,2025-10-13 10:32:37,89.21,2962,89.21,U
sh688668,鼎通科技,2025-10-13 10:32:40,89.11,2279,89.21,D
sh688668,鼎通科技,2025-10-13 10:34:01,88.9,2301,88.9,U
sh688668,鼎通科技,2025-10-13 10:34:19,88.9,2953,88.83,U
sh688668,鼎通科技,2025-10-13 10:34:34,88.99,2852,88.99,U
sh688668,鼎通科技,2025-10-13 10:34:46,89.14,2596,89.15,E
sh688668,鼎通科技,2025-10-13 10:35:13,89.21,4679,89.1,U
sh688668,鼎通科技,2025-10-13 10:35:16,89.19,2726,89.21,D
sh688668,鼎通科技,2025-10-13 10:35:49,89.0,2624,89.15,D
sh688668,鼎通科技,2025-10-13 10:37:31,89.0,2481,88.92,U
sh688668,鼎通科技,2025-10-13 10:38:19,89.01,2477,89.05,D
sh688668,鼎通科技,2025-10-13 10:38:34,89.28,2792,89.01,U
sh688668,鼎通科技,2025-10-13 10:39:31,88.96,2376,88.96,U
sh688668,鼎通科技,2025-10-13 10:39:46,89.03,2528,88.89,E
sh688668,鼎通科技,2025-10-13 10:39:52,88.94,4400,88.89,U
sh688668,鼎通科技,2025-10-13 10:41:52,89.02,2518,89.05,D
sh688668,鼎通科技,2025-10-13 10:42:01,88.99,3455,88.99,D
sh688668,鼎通科技,2025-10-13 10:42:34,89.21,5257,88.99,U
sh688668,鼎通科技,2025-10-13 10:44:58,89.21,5574,88.95,U
sh688668,鼎通科技,2025-10-13 10:45:19,89.24,2242,89.21,U
sh688668,鼎通科技,2025-10-13 10:46:28,89.1,2366,89.03,U
sh688668,鼎通科技,2025-10-13 10:47:04,89.06,4082,89.11,D
sh688668,鼎通科技,2025-10-13 10:49:19,89.01,3104,89.03,D
sh688668,鼎通科技,2025-10-13 10:52:01,89.19,9188,89.04,U
sh688668,鼎通科技,2025-10-13 10:52:13,89.17,6364,89.17,D
sh688668,鼎通科技,2025-10-13 10:52:16,89.17,2400,89.17,D
sh688668,鼎通科技,2025-10-13 10:52:25,89.17,3427,89.17,D
sh688668,鼎通科技,2025-10-13 10:52:37,89.01,3189,89.17,D
sh688668,鼎通科技,2025-10-13 10:52:43,89.18,2889,89.01,E
sh688668,鼎通科技,2025-10-13 10:52:52,89.24,6439,89.19,U
sh688668,鼎通科技,2025-10-13 10:54:04,89.2,17527,89.19,U
sh688668,鼎通科技,2025-10-13 10:54:07,89.24,3918,89.2,U
sh688668,鼎通科技,2025-10-13 10:54:16,89.28,7763,89.25,U
sh688668,鼎通科技,2025-10-13 10:54:49,89.08,6153,89.41,D
sh688668,鼎通科技,2025-10-13 10:55:13,89.58,3160,89.45,U
sh688668,鼎通科技,2025-10-13 10:58:19,89.5,5657,89.44,U
sh688668,鼎通科技,2025-10-13 10:58:31,89.37,5321,89.44,D
sh688668,鼎通科技,2025-10-13 10:58:34,89.32,2278,89.37,D
sh688668,鼎通科技,2025-10-13 10:59:01,89.6,7897,89.44,U
sh688668,鼎通科技,2025-10-13 10:59:25,89.67,17199,89.61,U
sh688668,鼎通科技,2025-10-13 11:00:01,89.54,2617,89.68,D
sh688668,鼎通科技,2025-10-13 11:01:16,89.31,6493,89.4,D
sh688668,鼎通科技,2025-10-13 11:01:31,89.4,8937,89.28,U
sh688668,鼎通科技,2025-10-13 11:01:34,89.43,2447,89.4,U
sh688668,鼎通科技,2025-10-13 11:02:13,89.51,6078,89.47,U
sh688668,鼎通科技,2025-10-13 11:02:19,89.5,14502,89.51,D
sh688668,鼎通科技,2025-10-13 11:02:22,89.29,5983,89.5,D
sh688668,鼎通科技,2025-10-13 11:03:40,89.37,3438,89.45,D
sh688668,鼎通科技,2025-10-13 11:04:19,89.33,2878,89.45,D
sh688668,鼎通科技,2025-10-13 11:04:49,89.6,3002,89.49,U
sh688668,鼎通科技,2025-10-13 11:05:37,89.5,2690,89.52,D
sh688668,鼎通科技,2025-10-13 11:06:55,89.59,3292,89.6,D
sh688668,鼎通科技,2025-10-13 11:07:16,89.7,9594,89.58,U
sh688668,鼎通科技,2025-10-13 11:07:22,89.7,2560,89.7,U
sh688668,鼎通科技,2025-10-13 11:07:25,89.76,2971,89.7,U
sh688668,鼎通科技,2025-10-13 11:07:28,89.73,2678,89.76,E
sh688668,鼎通科技,2025-10-13 11:07:58,89.84,3018,89.89,D
sh688668,鼎通科技,2025-10-13 11:10:22,89.89,4186,89.9,D
sh688668,鼎通科技,2025-10-13 11:10:25,89.75,6651,89.89,D
sh688668,鼎通科技,2025-10-13 11:10:43,89.63,13452,89.76,D
sh688668,鼎通科技,2025-10-13 11:13:37,89.45,5058,89.52,D
sh688668,鼎通科技,2025-10-13 11:13:58,89.36,3818,89.45,D
sh688668,鼎通科技,2025-10-13 11:14:37,89.45,5839,89.36,U
sh688668,鼎通科技,2025-10-13 11:15:22,89.37,2770,89.37,D
sh688668,鼎通科技,2025-10-13 11:15:34,89.47,3407,89.43,U
sh688668,鼎通科技,2025-10-13 11:16:04,89.47,2437,89.53,D
sh688668,鼎通科技,2025-10-13 11:16:43,89.37,3796,89.37,D
sh688668,鼎通科技,2025-10-13 11:19:22,89.38,4400,89.44,D
sh688668,鼎通科技,2025-10-13 11:20:25,89.35,2349,89.43,D
sh688668,鼎通科技,2025-10-13 11:20:28,89.32,5190,89.35,D
sh688668,鼎通科技,2025-10-13 11:20:37,89.29,12923,89.28,E
sh688668,鼎通科技,2025-10-13 11:20:49,89.22,3679,89.28,D
sh688668,鼎通科技,2025-10-13 11:21:43,89.22,2650,89.24,D
sh688668,鼎通科技,2025-10-13 11:22:19,89.09,4500,89.1,D
sh688668,鼎通科技,2025-10-13 11:22:22,89.03,7686,89.09,D
sh688668,鼎通科技,2025-10-13 11:22:34,89.05,6107,89.01,U
sh688668,鼎通科技,2025-10-13 11:23:13,88.99,3166,88.99,D
sh688668,鼎通科技,2025-10-13 11:23:16,88.99,2757,88.99,D
sh688668,鼎通科技,2025-10-13 11:23:49,88.99,21201,88.99,D
sh688668,鼎通科技,2025-10-13 11:24:22,88.88,2794,89.02,D
sh688668,鼎通科技,2025-10-13 11:25:10,88.87,4513,88.89,D
sh688668,鼎通科技,2025-10-13 11:25:31,88.8,4382,88.86,D
sh688668,鼎通科技,2025-10-13 11:26:40,88.7,10000,88.75,D
sh688668,鼎通科技,2025-10-13 11:28:43,88.7,6876,88.7,U
sh688668,鼎通科技,2025-10-13 11:28:49,88.68,2995,88.7,D
sh688668,鼎通科技,2025-10-13 13:00:04,88.6,3422,88.74,D
sh688668,鼎通科技,2025-10-13 13:00:07,88.64,3700,88.6,E
sh688668,鼎通科技,2025-10-13 13:00:13,88.61,9451,88.61,D
sh688668,鼎通科技,2025-10-13 13:00:16,88.5,4484,88.61,D
sh688668,鼎通科技,2025-10-13 13:00:19,88.42,4833,88.5,D
sh688668,鼎通科技,2025-10-13 13:00:22,88.45,9231,88.42,U
sh688668,鼎通科技,2025-10-13 13:00:28,88.5,8802,88.45,U
sh688668,鼎通科技,2025-10-13 13:00:31,88.58,4316,88.5,U
sh688668,鼎通科技,2025-10-13 13:00:34,88.59,7173,88.58,E
sh688668,鼎通科技,2025-10-13 13:00:58,88.47,2390,88.56,D
sh688668,鼎通科技,2025-10-13 13:01:22,88.38,4015,88.39,D
sh688668,鼎通科技,2025-10-13 13:01:37,88.38,8708,88.37,U
sh688668,鼎通科技,2025-10-13 13:02:10,88.45,3051,88.46,D
sh688668,鼎通科技,2025-10-13 13:02:40,88.45,3046,88.4,U
sh688668,鼎通科技,2025-10-13 13:02:46,88.51,4437,88.49,U
sh688668,鼎通科技,2025-10-13 13:03:52,88.69,2364,88.68,U
sh688668,鼎通科技,2025-10-13 13:04:10,88.71,2309,88.65,E
sh688668,鼎通科技,2025-10-13 13:04:46,88.69,14897,88.69,U
sh688668,鼎通科技,2025-10-13 13:05:22,88.68,2876,88.49,U
sh688668,鼎通科技,2025-10-13 13:05:49,88.76,3781,88.68,U
sh688668,鼎通科技,2025-10-13 13:05:52,88.81,12502,88.76,U
sh688668,鼎通科技,2025-10-13 13:06:04,88.6,3000,88.6,U
sh688668,鼎通科技,2025-10-13 13:06:13,88.84,3302,88.68,U
sh688668,鼎通科技,2025-10-13 13:06:28,88.56,3682,88.6,D
sh688668,鼎通科技,2025-10-13 13:06:52,88.44,2582,88.7,D
sh688668,鼎通科技,2025-10-13 13:08:13,88.69,2742,88.65,U
sh688668,鼎通科技,2025-10-13 13:09:40,88.7,2868,88.61,U
sh688668,鼎通科技,2025-10-13 13:10:16,88.85,3000,88.74,U
sh688668,鼎通科技,2025-10-13 13:11:19,88.61,4124,88.61,U
sh688668,鼎通科技,2025-10-13 13:12:25,88.61,3114,88.58,U
sh688668,鼎通科技,2025-10-13 13:12:34,88.61,4162,88.61,U
sh688668,鼎通科技,2025-10-13 13:14:10,88.6,4400,88.45,U
sh688668,鼎通科技,2025-10-13 13:14:13,88.6,5154,88.6,U
sh688668,鼎通科技,2025-10-13 13:14:22,88.65,3620,88.72,D
sh688668,鼎通科技,2025-10-13 13:14:31,88.5,2327,88.72,D
sh688668,鼎通科技,2025-10-13 13:14:34,88.9,7669,88.5,U
sh688668,鼎通科技,2025-10-13 13:15:22,88.91,4094,89.0,D
sh688668,鼎通科技,2025-10-13 13:15:58,88.96,8678,88.95,U
sh688668,鼎通科技,2025-10-13 13:16:55,88.89,3295,88.99,D
sh688668,鼎通科技,2025-10-13 13:17:01,88.68,8411,88.88,D
sh688668,鼎通科技,2025-10-13 13:18:31,88.72,2896,88.87,D
sh688668,鼎通科技,2025-10-13 13:20:16,88.73,2756,88.73,D
sh688668,鼎通科技,2025-10-13 13:27:43,89.0,6381,89.0,U
sh688668,鼎通科技,2025-10-13 13:29:01,88.68,6867,88.96,D
sh688668,鼎通科技,2025-10-13 13:29:31,88.81,2400,88.81,D
sh688668,鼎通科技,2025-10-13 13:30:13,88.81,2301,88.94,D
sh688668,鼎通科技,2025-10-13 13:32:22,88.74,31682,88.74,U
sh688668,鼎通科技,2025-10-13 13:32:49,88.67,4157,88.63,E
sh688668,鼎通科技,2025-10-13 13:33:07,88.74,3261,88.68,U
sh688668,鼎通科技,2025-10-13 13:35:13,88.62,7372,88.69,D
sh688668,鼎通科技,2025-10-13 13:36:25,88.45,2387,88.48,D
sh688668,鼎通科技,2025-10-13 13:37:43,88.41,5108,88.42,D
sh688668,鼎通科技,2025-10-13 13:37:46,88.41,4793,88.41,U
sh688668,鼎通科技,2025-10-13 13:38:07,88.61,10000,88.48,U
sh688668,鼎通科技,2025-10-13 13:39:25,88.76,2553,88.76,U
sh688668,鼎通科技,2025-10-13 13:39:37,88.9,5207,88.88,U
sh688668,鼎通科技,2025-10-13 13:40:37,88.89,3450,88.97,D
sh688668,鼎通科技,2025-10-13 13:40:43,88.88,4813,88.89,D
sh688668,鼎通科技,2025-10-13 13:40:46,88.88,3200,88.88,D
sh688668,鼎通科技,2025-10-13 13:41:04,89.39,4420,89.09,U
sh688668,鼎通科技,2025-10-13 13:44:10,89.43,2416,89.36,U
sh688668,鼎通科技,2025-10-13 13:44:13,89.34,8945,89.43,D
sh688668,鼎通科技,2025-10-13 13:48:31,89.27,4100,89.11,U
sh688668,鼎通科技,2025-10-13 13:51:07,89.28,13065,89.19,U
sh688668,鼎通科技,2025-10-13 13:51:10,89.28,3042,89.28,U
sh688668,鼎通科技,2025-10-13 13:52:01,89.4,3114,89.37,U
sh688668,鼎通科技,2025-10-13 13:53:04,89.5,12925,89.5,U
sh688668,鼎通科技,2025-10-13 13:53:19,89.6,6732,89.7,D
sh688668,鼎通科技,2025-10-13 13:55:01,89.45,3402,89.45,U
sh688668,鼎通科技,2025-10-13 13:55:58,89.4,3292,89.45,D
sh688668,鼎通科技,2025-10-13 13:57:46,89.4,5436,89.39,U
sh688668,鼎通科技,2025-10-13 13:58:07,89.36,4482,89.4,D
sh688668,鼎通科技,2025-10-13 13:59:31,89.5,3600,89.5,U
sh688668,鼎通科技,2025-10-13 13:59:49,89.5,2800,89.5,U
sh688668,鼎通科技,2025-10-13 14:00:34,89.5,4496,89.5,U
sh688668,鼎通科技,2025-10-13 14:01:28,89.5,2840,89.5,U
sh688668,鼎通科技,2025-10-13 14:02:34,89.34,2912,89.33,U
sh688668,鼎通科技,2025-10-13 14:02:43,89.38,3480,89.35,U
sh688668,鼎通科技,2025-10-13 14:03:34,89.59,3796,89.57,U
sh688668,鼎通科技,2025-10-13 14:04:28,89.5,9700,89.49,D
sh688668,鼎通科技,2025-10-13 14:04:55,89.57,2261,89.5,U
sh688668,鼎通科技,2025-10-13 14:05:31,89.48,10448,89.57,D
sh688668,鼎通科技,2025-10-13 14:06:22,89.46,6586,89.47,D
sh688668,鼎通科技,2025-10-13 14:06:25,89.45,2832,89.46,U
sh688668,鼎通科技,2025-10-13 14:07:58,89.0,15494,89.25,D
sh688668,鼎通科技,2025-10-13 14:09:04,89.3,8816,89.24,U
sh688668,鼎通科技,2025-10-13 14:10:46,89.2,10000,89.43,D
sh688668,鼎通科技,2025-10-13 14:12:10,89.23,5200,89.25,E
sh688668,鼎通科技,2025-10-13 14:12:13,89.35,5448,89.23,U
sh688668,鼎通科技,2025-10-13 14:12:34,89.35,6105,89.35,U
sh688668,鼎通科技,2025-10-13 14:15:19,89.23,2383,89.28,D
sh688668,鼎通科技,2025-10-13 14:19:34,89.39,2908,89.34,U
sh688668,鼎通科技,2025-10-13 14:19:37,89.39,2394,89.39,U
sh688668,鼎通科技,2025-10-13 14:26:16,89.52,5999,89.39,U
sh688668,鼎通科技,2025-10-13 14:26:28,89.35,6749,89.47,D
sh688668,鼎通科技,2025-10-13 14:26:40,89.32,2511,89.36,D
sh688668,鼎通科技,2025-10-13 14:26:46,89.48,10000,89.32,U
sh688668,鼎通科技,2025-10-13 14:28:01,89.32,3769,89.5,D
sh688668,鼎通科技,2025-10-13 14:28:34,89.36,5086,89.3,U
sh688668,鼎通科技,2025-10-13 14:30:07,89.49,2495,89.43,U
sh688668,鼎通科技,2025-10-13 14:30:13,89.49,5698,89.49,U
sh688668,鼎通科技,2025-10-13 14:30:16,89.5,2396,89.49,U
sh688668,鼎通科技,2025-10-13 14:31:01,89.5,3318,89.51,D
sh688668,鼎通科技,2025-10-13 14:33:25,89.79,5987,89.72,U
sh688668,鼎通科技,2025-10-13 14:33:37,89.8,7301,89.79,U
sh688668,鼎通科技,2025-10-13 14:33:52,89.72,9100,89.8,D
sh688668,鼎通科技,2025-10-13 14:33:55,89.86,4250,89.72,U
sh688668,鼎通科技,2025-10-13 14:34:10,89.89,2322,89.84,U
sh688668,鼎通科技,2025-10-13 14:34:22,89.99,4700,89.98,U
sh688668,鼎通科技,2025-10-13 14:34:28,89.99,2718,89.99,U
sh688668,鼎通科技,2025-10-13 14:34:34,90.0,5623,89.99,U
sh688668,鼎通科技,2025-10-13 14:34:37,89.99,11827,90.0,E
sh688668,鼎通科技,2025-10-13 14:35:04,90.1,2379,90.1,D
sh688668,鼎通科技,2025-10-13 14:35:31,90.04,3506,90.13,D
sh688668,鼎通科技,2025-10-13 14:35:55,90.2,29521,90.14,U
sh688668,鼎通科技,2025-10-13 14:35:58,90.22,2534,90.2,U
sh688668,鼎通科技,2025-10-13 14:36:01,90.22,3242,90.22,U
sh688668,鼎通科技,2025-10-13 14:36:04,90.15,13785,90.22,E
sh688668,鼎通科技,2025-10-13 14:36:07,90.05,3248,90.15,D
sh688668,鼎通科技,2025-10-13 14:38:52,90.01,4199,90.01,U
sh688668,鼎通科技,2025-10-13 14:39:55,90.06,13689,90.07,E
sh688668,鼎通科技,2025-10-13 14:40:04,90.01,8789,90.06,D
sh688668,鼎通科技,2025-10-13 14:40:07,90.03,4602,90.01,U
sh688668,鼎通科技,2025-10-13 14:40:10,90.0,3128,90.03,D
sh688668,鼎通科技,2025-10-13 14:40:19,90.0,5765,89.97,U
sh688668,鼎通科技,2025-10-13 14:41:55,89.93,2703,89.93,U
sh688668,鼎通科技,2025-10-13 14:43:01,89.92,2931,89.92,U
sh688668,鼎通科技,2025-10-13 14:45:01,89.89,2299,89.92,D
sh688668,鼎通科技,2025-10-13 14:45:34,89.88,2678,89.88,D
sh688668,鼎通科技,2025-10-13 14:45:40,89.89,3104,89.88,E
sh688668,鼎通科技,2025-10-13 14:45:46,89.82,2862,89.89,D
sh688668,鼎通科技,2025-10-13 14:46:28,89.8,5924,89.82,D
sh688668,鼎通科技,2025-10-13 14:47:07,89.77,2653,89.71,U
sh688668,鼎通科技,2025-10-13 14:47:10,89.83,2427,89.77,U
sh688668,鼎通科技,2025-10-13 14:50:01,90.0,8001,90.03,D
sh688668,鼎通科技,2025-10-13 14:50:04,89.9,4766,90.0,D
sh688668,鼎通科技,2025-10-13 14:50:07,89.92,3535,89.9,U
sh688668,鼎通科技,2025-10-13 14:50:16,89.8,2400,89.91,E
sh688668,鼎通科技,2025-10-13 14:50:58,90.03,2241,90.03,U
sh688668,鼎通科技,2025-10-13 14:51:58,89.94,2796,89.94,D
sh688668,鼎通科技,2025-10-13 14:52:10,89.98,3479,89.98,U
sh688668,鼎通科技,2025-10-13 14:52:13,90.03,3616,89.98,U
sh688668,鼎通科技,2025-10-13 14:52:19,90.04,11919,90.05,E
sh688668,鼎通科技,2025-10-13 14:54:31,89.94,2293,89.85,U
sh688668,鼎通科技,2025-10-13 14:55:13,89.84,2619,89.84,U
sh688668,鼎通科技,2025-10-13 14:55:34,89.91,2355,89.91,D
sh688668,鼎通科技,2025-10-13 14:56:34,89.98,3118,89.98,D
sh688668,鼎通科技,2025-10-13 14:56:40,89.96,4056,89.96,U
sh688668,鼎通科技,2025-10-13 15:00:00,89.95,36974,89.99,U
