symbol,name,ticktime,price,volume,prev_price,kind
sh688668,鼎通科技,2025-09-16 09:25:01,107.36,43178,0.0,U
sh688668,鼎通科技,2025-09-16 09:30:00,107.35,1900,107.36,D
sh688668,鼎通科技,2025-09-16 09:30:03,107.39,5656,107.35,U
sh688668,鼎通科技,2025-09-16 09:30:06,107.6,14429,107.39,U
sh688668,鼎通科技,2025-09-16 09:30:09,107.47,15303,107.6,D
sh688668,鼎通科技,2025-09-16 09:30:12,107.72,29542,107.47,U
sh688668,鼎通科技,2025-09-16 09:30:15,107.39,18857,107.72,D
sh688668,鼎通科技,2025-09-16 09:30:18,107.36,9887,107.39,D
sh688668,鼎通科技,2025-09-16 09:30:21,107.35,6977,107.36,E
sh688668,鼎通科技,2025-09-16 09:30:24,107.11,15549,107.35,D
sh688668,鼎通科技,2025-09-16 09:30:27,107.39,23083,107.11,U
sh688668,鼎通科技,2025-09-16 09:30:30,107.4,14933,107.39,U
sh688668,鼎通科技,2025-09-16 09:30:33,107.35,9778,107.4,D
sh688668,鼎通科技,2025-09-16 09:30:36,107.35,6167,107.35,U
sh688668,鼎通科技,2025-09-16 09:30:39,107.16,1879,107.35,E
sh688668,鼎通科技,2025-09-16 09:30:42,107.11,9648,107.16,E
sh688668,鼎通科技,2025-09-16 09:30:48,106.98,2057,106.99,E
sh688668,鼎通科技,2025-09-16 09:30:51,106.8,1941,106.98,D
sh688668,鼎通科技,2025-09-16 09:30:54,106.73,7375,106.8,D
sh688668,鼎通科技,2025-09-16 09:30:57,106.64,3228,106.73,E
sh688668,鼎通科技,2025-09-16 09:31:00,106.57,2077,106.64,D
sh688668,鼎通科技,2025-09-16 09:31:03,106.57,3794,106.57,U
sh688668,鼎通科技,2025-09-16 09:31:06,106.75,3674,106.57,U
sh688668,鼎通科技,2025-09-16 09:31:09,106.8,7764,106.75,U
sh688668,鼎通科技,2025-09-16 09:31:12,106.53,3271,106.8,D
sh688668,鼎通科技,2025-09-16 09:31:15,106.94,2453,106.53,U
sh688668,鼎通科技,2025-09-16 09:31:27,107.3,2971,107.16,U
sh688668,鼎通科技,2025-09-16 09:31:30,107.16,3361,107.3,D
sh688668,鼎通科技,2025-09-16 09:31:33,107.3,6401,107.16,U
sh688668,鼎通科技,2025-09-16 09:31:36,107.28,4209,107.3,U
sh688668,鼎通科技,2025-09-16 09:31:39,107.29,4422,107.28,U
sh688668,鼎通科技,2025-09-16 09:31:42,107.3,10711,107.29,U
sh688668,鼎通科技,2025-09-16 09:31:45,107.3,7500,107.3,D
sh688668,鼎通科技,2025-09-16 09:31:48,107.46,17380,107.3,U
sh688668,鼎通科技,2025-09-16 09:31:51,108.0,29171,107.46,U
sh688668,鼎通科技,2025-09-16 09:31:54,108.1,5873,108.0,U
sh688668,鼎通科技,2025-09-16 09:31:57,108.2,8537,108.1,U
sh688668,鼎通科技,2025-09-16 09:32:00,108.2,2671,108.2,D
sh688668,鼎通科技,2025-09-16 09:32:03,108.5,8228,108.2,U
sh688668,鼎通科技,2025-09-16 09:32:06,108.49,9092,108.5,D
sh688668,鼎通科技,2025-09-16 09:32:09,108.57,33992,108.49,U
sh688668,鼎通科技,2025-09-16 09:32:12,108.55,18470,108.57,D
sh688668,鼎通科技,2025-09-16 09:32:15,108.41,9794,108.55,D
sh688668,鼎通科技,2025-09-16 09:32:18,108.35,9269,108.41,D
sh688668,鼎通科技,2025-09-16 09:32:21,108.41,16820,108.35,U
sh688668,鼎通科技,2025-09-16 09:32:24,108.19,7218,108.41,E
sh688668,鼎通科技,2025-09-16 09:32:27,108.37,3669,108.19,U
sh688668,鼎通科技,2025-09-16 09:32:33,108.38,8637,108.37,D
sh688668,鼎通科技,2025-09-16 09:32:36,108.4,10590,108.38,U
sh688668,鼎通科技,2025-09-16 09:32:39,108.39,24560,108.4,D
sh688668,鼎通科技,2025-09-16 09:32:42,108.38,28762,108.39,D
sh688668,鼎通科技,2025-09-16 09:32:45,108.3,2073,108.38,E
sh688668,鼎通科技,2025-09-16 09:32:48,108.35,3381,108.3,U
sh688668,鼎通科技,2025-09-16 09:32:51,108.0,2971,108.35,D
sh688668,鼎通科技,2025-09-16 09:32:54,108.19,2619,108.0,U
sh688668,鼎通科技,2025-09-16 09:32:57,108.2,14050,108.19,U
sh688668,鼎通科技,2025-09-16 09:33:00,108.37,20086,108.2,U
sh688668,鼎通科技,2025-09-16 09:33:03,108.52,47186,108.37,U
sh688668,鼎通科技,2025-09-16 09:33:06,108.54,5157,108.52,U
sh688668,鼎通科技,2025-09-16 09:33:09,108.6,5348,108.54,U
sh688668,鼎通科技,2025-09-16 09:33:15,108.7,6716,108.6,U
sh688668,鼎通科技,2025-09-16 09:33:18,108.53,9268,108.7,D
sh688668,鼎通科技,2025-09-16 09:33:21,108.53,5565,108.53,D
sh688668,鼎通科技,2025-09-16 09:33:24,108.52,3817,108.53,U
sh688668,鼎通科技,2025-09-16 09:33:27,108.53,13926,108.52,U
sh688668,鼎通科技,2025-09-16 09:33:30,108.51,7234,108.53,D
sh688668,鼎通科技,2025-09-16 09:33:33,108.51,15077,108.51,U
sh688668,鼎通科技,2025-09-16 09:33:39,108.51,5970,108.51,U
sh688668,鼎通科技,2025-09-16 09:33:45,108.52,4441,108.51,U
sh688668,鼎通科技,2025-09-16 09:33:48,108.31,8154,108.52,D
sh688668,鼎通科技,2025-09-16 09:33:51,108.52,9734,108.31,U
sh688668,鼎通科技,2025-09-16 09:33:54,108.53,7826,108.52,U
sh688668,鼎通科技,2025-09-16 09:33:57,108.57,5709,108.53,U
sh688668,鼎通科技,2025-09-16 09:34:00,108.54,5094,108.57,D
sh688668,鼎通科技,2025-09-16 09:34:03,108.53,3620,108.54,D
sh688668,鼎通科技,2025-09-16 09:34:06,108.31,7151,108.53,D
sh688668,鼎通科技,2025-09-16 09:34:09,108.02,5965,108.31,D
sh688668,鼎通科技,2025-09-16 09:34:12,108.51,8592,108.02,U
sh688668,鼎通科技,2025-09-16 09:34:15,108.31,5691,108.51,D
sh688668,鼎通科技,2025-09-16 09:34:18,108.53,10272,108.31,U
sh688668,鼎通科技,2025-09-16 09:34:21,108.8,12609,108.53,U
sh688668,鼎通科技,2025-09-16 09:34:24,108.87,12115,108.8,U
sh688668,鼎通科技,2025-09-16 09:34:27,108.88,3501,108.87,U
sh688668,鼎通科技,2025-09-16 09:34:30,108.99,12428,108.88,U
sh688668,鼎通科技,2025-09-16 09:34:33,109.32,24289,108.99,U
sh688668,鼎通科技,2025-09-16 09:34:36,109.33,5547,109.32,U
sh688668,鼎通科技,2025-09-16 09:34:39,109.33,4229,109.33,D
sh688668,鼎通科技,2025-09-16 09:34:42,109.33,6723,109.33,D
sh688668,鼎通科技,2025-09-16 09:34:45,109.51,13959,109.33,U
sh688668,鼎通科技,2025-09-16 09:34:48,109.57,2842,109.51,U
sh688668,鼎通科技,2025-09-16 09:34:51,109.58,40595,109.57,U
sh688668,鼎通科技,2025-09-16 09:34:54,109.57,5719,109.58,E
sh688668,鼎通科技,2025-09-16 09:34:57,109.57,6509,109.57,U
sh688668,鼎通科技,2025-09-16 09:35:00,109.33,6829,109.57,D
sh688668,鼎通科技,2025-09-16 09:35:03,109.33,5130,109.33,U
sh688668,鼎通科技,2025-09-16 09:35:06,109.32,4991,109.33,D
sh688668,鼎通科技,2025-09-16 09:35:09,109.32,14063,109.32,U
sh688668,鼎通科技,2025-09-16 09:35:15,109.2,3003,108.9,E
sh688668,鼎通科技,2025-09-16 09:35:18,108.86,5720,109.2,D
sh688668,鼎通科技,2025-09-16 09:35:21,108.87,2587,108.86,U
sh688668,鼎通科技,2025-09-16 09:35:27,108.87,10561,108.81,U
sh688668,鼎通科技,2025-09-16 09:35:30,108.87,7689,108.87,U
sh688668,鼎通科技,2025-09-16 09:35:33,108.87,7871,108.87,D
sh688668,鼎通科技,2025-09-16 09:35:36,108.87,12227,108.87,D
sh688668,鼎通科技,2025-09-16 09:35:39,108.98,8470,108.87,U
sh688668,鼎通科技,2025-09-16 09:35:42,108.97,4972,108.98,U
sh688668,鼎通科技,2025-09-16 09:35:45,108.87,3221,108.97,D
sh688668,鼎通科技,2025-09-16 09:35:51,108.68,6331,108.8,D
sh688668,鼎通科技,2025-09-16 09:35:54,108.9,10717,108.68,U
sh688668,鼎通科技,2025-09-16 09:36:00,108.96,5378,108.8,U
sh688668,鼎通科技,2025-09-16 09:36:03,108.7,10075,108.96,D
sh688668,鼎通科技,2025-09-16 09:36:06,108.89,6589,108.7,U
sh688668,鼎通科技,2025-09-16 09:36:18,108.8,2161,108.8,D
sh688668,鼎通科技,2025-09-16 09:36:33,108.7,5198,108.7,D
sh688668,鼎通科技,2025-09-16 09:36:39,108.68,5211,108.68,D
sh688668,鼎通科技,2025-09-16 09:36:42,108.67,2814,108.68,E
sh688668,鼎通科技,2025-09-16 09:36:48,108.82,18621,108.61,U
sh688668,鼎通科技,2025-09-16 09:36:51,108.83,4574,108.82,U
sh688668,鼎通科技,2025-09-16 09:36:54,108.68,4384,108.83,E
sh688668,鼎通科技,2025-09-16 09:36:57,108.68,2444,108.68,U
sh688668,鼎通科技,2025-09-16 09:37:03,108.83,2389,108.68,U
sh688668,鼎通科技,2025-09-16 09:37:09,108.7,3170,108.7,D
sh688668,鼎通科技,2025-09-16 09:37:12,108.7,3667,108.7,D
sh688668,鼎通科技,2025-09-16 09:37:15,108.58,2057,108.7,D
sh688668,鼎通科技,2025-09-16 09:37:21,108.46,6288,108.55,D
sh688668,鼎通科技,2025-09-16 09:37:30,108.22,2062,108.22,D
sh688668,鼎通科技,2025-09-16 09:37:48,108.01,10875,108.1,D
sh688668,鼎通科技,2025-09-16 09:37:51,107.96,19534,108.01,D
sh688668,鼎通科技,2025-09-16 09:37:54,107.85,4714,107.96,D
sh688668,鼎通科技,2025-09-16 09:38:03,107.84,3361,107.83,U
sh688668,鼎通科技,2025-09-16 09:38:06,107.85,3029,107.84,U
sh688668,鼎通科技,2025-09-16 09:38:09,108.01,2032,107.85,U
sh688668,鼎通科技,2025-09-16 09:38:21,107.85,4855,108.0,D
sh688668,鼎通科技,2025-09-16 09:38:24,107.8,9600,107.85,D
sh688668,鼎通科技,2025-09-16 09:38:30,107.72,6857,107.8,D
sh688668,鼎通科技,2025-09-16 09:38:33,107.53,6678,107.72,D
sh688668,鼎通科技,2025-09-16 09:38:36,107.48,3420,107.53,D
sh688668,鼎通科技,2025-09-16 09:38:48,107.49,3231,107.48,U
sh688668,鼎通科技,2025-09-16 09:38:51,107.49,1972,107.49,D
sh688668,鼎通科技,2025-09-16 09:38:54,107.4,2817,107.49,U
sh688668,鼎通科技,2025-09-16 09:39:06,107.4,2681,107.4,D
sh688668,鼎通科技,2025-09-16 09:39:09,107.48,2411,107.4,U
sh688668,鼎通科技,2025-09-16 09:39:18,107.49,4063,107.68,D
sh688668,鼎通科技,2025-09-16 09:39:21,107.48,23886,107.49,D
sh688668,鼎通科技,2025-09-16 09:39:27,107.4,4807,107.46,D
sh688668,鼎通科技,2025-09-16 09:39:30,107.46,4314,107.4,U
sh688668,鼎通科技,2025-09-16 09:39:39,107.2,6578,107.4,D
sh688668,鼎通科技,2025-09-16 09:39:48,107.21,3248,107.36,D
sh688668,鼎通科技,2025-09-16 09:39:51,107.49,5431,107.21,U
sh688668,鼎通科技,2025-09-16 09:39:54,107.71,3099,107.49,U
sh688668,鼎通科技,2025-09-16 09:40:15,107.8,7502,107.88,D
sh688668,鼎通科技,2025-09-16 09:40:30,107.41,1998,107.54,D
sh688668,鼎通科技,2025-09-16 09:40:33,107.3,2607,107.41,D
sh688668,鼎通科技,2025-09-16 09:40:36,107.41,1910,107.3,U
sh688668,鼎通科技,2025-09-16 09:40:39,107.22,4567,107.41,D
sh688668,鼎通科技,2025-09-16 09:40:42,107.11,6688,107.22,D
sh688668,鼎通科技,2025-09-16 09:40:48,107.11,5151,107.2,D
sh688668,鼎通科技,2025-09-16 09:40:51,107.11,1977,107.11,U
sh688668,鼎通科技,2025-09-16 09:41:00,107.02,3800,107.09,D
sh688668,鼎通科技,2025-09-16 09:41:03,107.0,8710,107.02,D
sh688668,鼎通科技,2025-09-16 09:41:09,107.04,5796,107.02,E
sh688668,鼎通科技,2025-09-16 09:41:12,107.0,9807,107.04,D
sh688668,鼎通科技,2025-09-16 09:41:15,107.0,1901,107.0,U
sh688668,鼎通科技,2025-09-16 09:41:18,107.04,5833,107.0,U
sh688668,鼎通科技,2025-09-16 09:41:21,107.04,9048,107.04,D
sh688668,鼎通科技,2025-09-16 09:41:24,107.0,13745,107.04,D
sh688668,鼎通科技,2025-09-16 09:41:27,107.0,26547,107.0,D
sh688668,鼎通科技,2025-09-16 09:41:30,107.3,19525,107.0,U
sh688668,鼎通科技,2025-09-16 09:41:36,107.5,4229,107.34,U
sh688668,鼎通科技,2025-09-16 09:41:39,107.34,1997,107.5,D
sh688668,鼎通科技,2025-09-16 09:41:45,107.3,4866,107.34,D
sh688668,鼎通科技,2025-09-16 09:41:48,107.04,2738,107.3,D
sh688668,鼎通科技,2025-09-16 09:41:51,107.3,2821,107.04,U
sh688668,鼎通科技,2025-09-16 09:42:06,107.55,2732,107.3,U
sh688668,鼎通科技,2025-09-16 09:42:15,107.07,2371,107.3,D
sh688668,鼎通科技,2025-09-16 09:42:18,107.07,9749,107.07,D
sh688668,鼎通科技,2025-09-16 09:42:24,107.09,2344,107.24,D
sh688668,鼎通科技,2025-09-16 09:42:30,107.08,2000,107.24,D
sh688668,鼎通科技,2025-09-16 09:42:36,107.11,2951,107.11,D
sh688668,鼎通科技,2025-09-16 09:42:39,107.02,13411,107.11,D
sh688668,鼎通科技,2025-09-16 09:42:42,106.9,6397,107.02,D
sh688668,鼎通科技,2025-09-16 09:42:45,106.9,2462,106.9,D
sh688668,鼎通科技,2025-09-16 09:42:48,106.9,3603,106.9,D
sh688668,鼎通科技,2025-09-16 09:43:03,106.91,2497,106.97,U
sh688668,鼎通科技,2025-09-16 09:43:18,107.26,4439,107.0,U
sh688668,鼎通科技,2025-09-16 09:43:24,107.32,3402,107.3,D
sh688668,鼎通科技,2025-09-16 09:43:30,107.49,3479,107.49,U
sh688668,鼎通科技,2025-09-16 09:43:42,107.54,2731,107.49,U
sh688668,鼎通科技,2025-09-16 09:43:48,107.3,2167,107.49,D
sh688668,鼎通科技,2025-09-16 09:44:21,107.71,5547,107.3,U
sh688668,鼎通科技,2025-09-16 09:44:24,107.87,1945,107.71,U
sh688668,鼎通科技,2025-09-16 09:44:30,107.71,2556,107.51,D
sh688668,鼎通科技,2025-09-16 09:44:36,107.38,3103,107.7,D
sh688668,鼎通科技,2025-09-16 09:44:39,107.36,4160,107.38,D
sh688668,鼎通科技,2025-09-16 09:44:51,107.27,2081,107.28,D
sh688668,鼎通科技,2025-09-16 09:45:03,107.27,5309,107.13,U
sh688668,鼎通科技,2025-09-16 09:45:15,107.1,1956,107.14,D
sh688668,鼎通科技,2025-09-16 09:45:24,107.12,10310,107.09,E
sh688668,鼎通科技,2025-09-16 09:45:27,107.3,9667,107.12,U
sh688668,鼎通科技,2025-09-16 09:45:33,107.3,2632,107.3,D
sh688668,鼎通科技,2025-09-16 09:45:42,107.38,2615,107.3,U
sh688668,鼎通科技,2025-09-16 09:45:45,107.6,4295,107.38,E
sh688668,鼎通科技,2025-09-16 09:45:51,107.63,6533,107.61,U
sh688668,鼎通科技,2025-09-16 09:45:54,107.68,4176,107.63,U
sh688668,鼎通科技,2025-09-16 09:45:57,107.8,2550,107.68,U
sh688668,鼎通科技,2025-09-16 09:46:00,107.87,1907,107.8,U
sh688668,鼎通科技,2025-09-16 09:46:03,108.03,7956,107.87,U
sh688668,鼎通科技,2025-09-16 09:46:18,108.11,10272,108.28,D
sh688668,鼎通科技,2025-09-16 09:46:30,108.11,1860,108.11,U
sh688668,鼎通科技,2025-09-16 09:46:42,108.09,1900,107.7,U
sh688668,鼎通科技,2025-09-16 09:46:48,107.88,5242,108.09,D
sh688668,鼎通科技,2025-09-16 09:46:57,108.08,8389,107.73,U
sh688668,鼎通科技,2025-09-16 09:47:09,108.2,8517,108.1,U
sh688668,鼎通科技,2025-09-16 09:47:12,108.09,14984,108.2,D
sh688668,鼎通科技,2025-09-16 09:47:15,108.14,6411,108.09,U
sh688668,鼎通科技,2025-09-16 09:47:24,108.39,10110,108.14,U
sh688668,鼎通科技,2025-09-16 09:47:27,108.4,2188,108.39,U
sh688668,鼎通科技,2025-09-16 09:47:30,108.5,11923,108.4,U
sh688668,鼎通科技,2025-09-16 09:47:33,108.5,3077,108.5,U
sh688668,鼎通科技,2025-09-16 09:47:36,108.52,6997,108.5,E
sh688668,鼎通科技,2025-09-16 09:47:42,108.12,3515,108.55,D
sh688668,鼎通科技,2025-09-16 09:47:45,108.12,21232,108.12,D
sh688668,鼎通科技,2025-09-16 09:47:54,108.51,3884,108.51,U
sh688668,鼎通科技,2025-09-16 09:47:57,108.13,1868,108.51,E
sh688668,鼎通科技,2025-09-16 09:48:12,108.52,2339,108.51,U
sh688668,鼎通科技,2025-09-16 09:48:18,108.78,3893,108.52,U
sh688668,鼎通科技,2025-09-16 09:48:24,108.52,6600,108.55,D
sh688668,鼎通科技,2025-09-16 09:48:30,108.87,2246,108.52,U
sh688668,鼎通科技,2025-09-16 09:48:36,108.51,2262,108.79,D
sh688668,鼎通科技,2025-09-16 09:48:42,108.52,5831,108.5,U
sh688668,鼎通科技,2025-09-16 09:48:45,108.78,31469,108.52,U
sh688668,鼎通科技,2025-09-16 09:48:48,108.78,2902,108.78,U
sh688668,鼎通科技,2025-09-16 09:48:51,108.78,2067,108.78,U
sh688668,鼎通科技,2025-09-16 09:48:54,108.82,1928,108.78,U
sh688668,鼎通科技,2025-09-16 09:48:57,108.86,3184,108.82,U
sh688668,鼎通科技,2025-09-16 09:49:00,108.78,3720,108.86,D
sh688668,鼎通科技,2025-09-16 09:49:03,108.72,4720,108.78,U
sh688668,鼎通科技,2025-09-16 09:49:06,108.53,3353,108.72,E
sh688668,鼎通科技,2025-09-16 09:49:18,108.94,9586,108.57,U
sh688668,鼎通科技,2025-09-16 09:49:21,109.1,35592,108.94,U
sh688668,鼎通科技,2025-09-16 09:49:24,109.1,2595,109.1,D
sh688668,鼎通科技,2025-09-16 09:49:27,109.09,2297,109.1,D
sh688668,鼎通科技,2025-09-16 09:49:30,109.13,4762,109.09,U
sh688668,鼎通科技,2025-09-16 09:49:36,109.13,7736,109.13,U
sh688668,鼎通科技,2025-09-16 09:49:39,108.98,2955,109.13,D
sh688668,鼎通科技,2025-09-16 09:49:48,109.19,13424,108.98,U
sh688668,鼎通科技,2025-09-16 09:49:51,109.2,14798,109.19,U
sh688668,鼎通科技,2025-09-16 09:50:03,109.18,3368,109.18,U
sh688668,鼎通科技,2025-09-16 09:50:09,109.1,3078,109.1,D
sh688668,鼎通科技,2025-09-16 09:50:18,109.09,2213,108.91,U
sh688668,鼎通科技,2025-09-16 09:50:21,108.92,2080,109.09,D
sh688668,鼎通科技,2025-09-16 09:50:24,109.07,9053,108.92,U
sh688668,鼎通科技,2025-09-16 09:50:27,109.2,42432,109.07,U
sh688668,鼎通科技,2025-09-16 09:50:30,109.25,12803,109.2,U
sh688668,鼎通科技,2025-09-16 09:50:33,109.24,4020,109.25,D
sh688668,鼎通科技,2025-09-16 09:50:36,109.2,16908,109.24,D
sh688668,鼎通科技,2025-09-16 09:50:45,109.19,4299,109.18,U
sh688668,鼎通科技,2025-09-16 09:50:48,109.18,10027,109.19,E
sh688668,鼎通科技,2025-09-16 09:50:51,109.2,6976,109.18,U
sh688668,鼎通科技,2025-09-16 09:50:54,109.4,6514,109.2,U
sh688668,鼎通科技,2025-09-16 09:51:00,109.55,17449,109.44,U
sh688668,鼎通科技,2025-09-16 09:51:03,109.6,5955,109.55,U
sh688668,鼎通科技,2025-09-16 09:51:06,109.64,3810,109.6,U
sh688668,鼎通科技,2025-09-16 09:51:09,109.49,7932,109.64,D
sh688668,鼎通科技,2025-09-16 09:51:12,109.63,8064,109.49,U
sh688668,鼎通科技,2025-09-16 09:51:15,109.61,16950,109.63,U
sh688668,鼎通科技,2025-09-16 09:51:18,109.6,6707,109.61,D
sh688668,鼎通科技,2025-09-16 09:51:21,109.61,9952,109.6,U
sh688668,鼎通科技,2025-09-16 09:51:24,109.61,3890,109.61,U
sh688668,鼎通科技,2025-09-16 09:51:27,109.6,2500,109.61,D
sh688668,鼎通科技,2025-09-16 09:51:36,109.49,2843,109.3,U
sh688668,鼎通科技,2025-09-16 09:51:42,109.3,1841,109.49,U
sh688668,鼎通科技,2025-09-16 09:51:48,109.3,5490,109.3,D
sh688668,鼎通科技,2025-09-16 09:51:54,109.3,4102,109.4,D
sh688668,鼎通科技,2025-09-16 09:51:57,109.2,4236,109.3,D
sh688668,鼎通科技,2025-09-16 09:52:18,108.97,5067,109.11,D
sh688668,鼎通科技,2025-09-16 09:52:24,108.97,2335,109.01,D
sh688668,鼎通科技,2025-09-16 09:52:27,108.97,2331,108.97,D
sh688668,鼎通科技,2025-09-16 09:52:30,108.82,1926,108.97,D
sh688668,鼎通科技,2025-09-16 09:52:36,108.9,6831,108.6,U
sh688668,鼎通科技,2025-09-16 09:52:45,108.61,2329,108.87,D
sh688668,鼎通科技,2025-09-16 09:52:48,108.87,2365,108.61,U
sh688668,鼎通科技,2025-09-16 09:52:51,108.87,3044,108.87,U
sh688668,鼎通科技,2025-09-16 09:52:54,108.89,6460,108.87,U
sh688668,鼎通科技,2025-09-16 09:52:57,108.89,3711,108.89,D
sh688668,鼎通科技,2025-09-16 09:53:06,108.89,2775,108.85,U
sh688668,鼎通科技,2025-09-16 09:53:09,108.89,1944,108.89,U
sh688668,鼎通科技,2025-09-16 09:53:21,108.6,5759,108.84,D
sh688668,鼎通科技,2025-09-16 09:53:24,108.57,6801,108.6,D
sh688668,鼎通科技,2025-09-16 09:53:27,108.52,2111,108.57,D
sh688668,鼎通科技,2025-09-16 09:53:39,108.5,4104,108.6,D
sh688668,鼎通科技,2025-09-16 09:53:42,108.5,1879,108.5,D
sh688668,鼎通科技,2025-09-16 09:54:00,108.63,4063,108.63,U
sh688668,鼎通科技,2025-09-16 09:54:06,108.88,8067,108.63,U
sh688668,鼎通科技,2025-09-16 09:54:09,108.98,5583,108.88,U
sh688668,鼎通科技,2025-09-16 09:54:12,109.0,2138,108.98,U
sh688668,鼎通科技,2025-09-16 09:54:21,109.18,5552,109.16,U
sh688668,鼎通科技,2025-09-16 09:54:24,109.18,3776,109.18,U
sh688668,鼎通科技,2025-09-16 09:54:27,109.18,2372,109.18,E
sh688668,鼎通科技,2025-09-16 09:54:30,109.3,4138,109.18,U
sh688668,鼎通科技,2025-09-16 09:54:36,109.3,4528,109.3,D
sh688668,鼎通科技,2025-09-16 09:54:42,109.19,5253,109.22,D
sh688668,鼎通科技,2025-09-16 09:54:45,109.19,2000,109.19,U
sh688668,鼎通科技,2025-09-16 09:54:51,109.19,4909,109.16,U
sh688668,鼎通科技,2025-09-16 09:54:54,109.19,3200,109.19,D
sh688668,鼎通科技,2025-09-16 09:55:00,109.22,3746,109.22,U
sh688668,鼎通科技,2025-09-16 09:55:06,109.3,1971,109.22,U
sh688668,鼎通科技,2025-09-16 09:55:12,109.09,2720,109.22,D
sh688668,鼎通科技,2025-09-16 09:55:15,109.03,2334,109.09,D
sh688668,鼎通科技,2025-09-16 09:55:18,109.0,3359,109.03,D
sh688668,鼎通科技,2025-09-16 09:55:27,108.98,1963,109.16,D
sh688668,鼎通科技,2025-09-16 09:55:36,109.3,2657,109.16,U
sh688668,鼎通科技,2025-09-16 09:55:45,108.75,5335,109.29,D
sh688668,鼎通科技,2025-09-16 09:55:57,109.0,6200,109.0,D
sh688668,鼎通科技,2025-09-16 09:56:00,109.21,13761,109.0,U
sh688668,鼎通科技,2025-09-16 09:56:03,109.32,5400,109.21,U
sh688668,鼎通科技,2025-09-16 09:56:06,109.39,2700,109.32,U
sh688668,鼎通科技,2025-09-16 09:56:09,109.4,3082,109.39,U
sh688668,鼎通科技,2025-09-16 09:56:12,109.22,2647,109.4,D
sh688668,鼎通科技,2025-09-16 09:56:27,109.22,4295,109.24,D
sh688668,鼎通科技,2025-09-16 09:56:57,108.98,6392,109.08,D
sh688668,鼎通科技,2025-09-16 09:57:45,108.85,16872,108.85,U
sh688668,鼎通科技,2025-09-16 09:58:03,108.75,1841,108.75,U
sh688668,鼎通科技,2025-09-16 09:58:21,108.6,9039,108.67,D
sh688668,鼎通科技,2025-09-16 09:58:24,108.58,3117,108.6,D
sh688668,鼎通科技,2025-09-16 09:58:30,108.58,2040,108.6,E
sh688668,鼎通科技,2025-09-16 09:58:45,108.51,2104,108.51,U
sh688668,鼎通科技,2025-09-16 09:58:57,108.35,5200,108.35,D
sh688668,鼎通科技,2025-09-16 09:59:00,108.5,3312,108.35,U
sh688668,鼎通科技,2025-09-16 09:59:30,108.3,3629,108.3,U
sh688668,鼎通科技,2025-09-16 09:59:36,108.5,3947,108.36,U
sh688668,鼎通科技,2025-09-16 09:59:48,108.48,2516,108.51,D
sh688668,鼎通科技,2025-09-16 09:59:51,108.48,3200,108.48,U
sh688668,鼎通科技,2025-09-16 09:59:54,108.51,3063,108.48,U
sh688668,鼎通科技,2025-09-16 10:00:06,108.5,2059,108.5,D
sh688668,鼎通科技,2025-09-16 10:00:09,108.48,10668,108.5,D
sh688668,鼎通科技,2025-09-16 10:00:27,108.48,2094,108.53,D
sh688668,鼎通科技,2025-09-16 10:00:33,108.36,7202,108.48,D
sh688668,鼎通科技,2025-09-16 10:01:12,108.32,3118,108.4,D
sh688668,鼎通科技,2025-09-16 10:01:15,108.31,15891,108.32,D
sh688668,鼎通科技,2025-09-16 10:01:18,108.27,2023,108.31,D
sh688668,鼎通科技,2025-09-16 10:01:21,108.22,3155,108.27,D
sh688668,鼎通科技,2025-09-16 10:01:24,108.37,1864,108.22,U
sh688668,鼎通科技,2025-09-16 10:01:30,108.21,4379,108.39,D
sh688668,鼎通科技,2025-09-16 10:01:51,108.21,7258,108.09,U
sh688668,鼎通科技,2025-09-16 10:01:54,108.2,20508,108.21,D
sh688668,鼎通科技,2025-09-16 10:02:03,108.2,3145,108.37,D
sh688668,鼎通科技,2025-09-16 10:02:09,108.2,4630,108.21,D
sh688668,鼎通科技,2025-09-16 10:02:15,108.41,2587,108.21,U
sh688668,鼎通科技,2025-09-16 10:03:09,108.48,6689,108.41,U
sh688668,鼎通科技,2025-09-16 10:03:18,108.44,9170,108.46,D
sh688668,鼎通科技,2025-09-16 10:03:21,108.5,51096,108.44,U
sh688668,鼎通科技,2025-09-16 10:03:33,108.4,3938,108.4,D
sh688668,鼎通科技,2025-09-16 10:03:48,108.4,1881,108.22,U
sh688668,鼎通科技,2025-09-16 10:04:30,108.23,6064,108.23,D
sh688668,鼎通科技,2025-09-16 10:05:00,108.28,2260,108.3,D
sh688668,鼎通科技,2025-09-16 10:05:09,108.3,2056,108.28,U
sh688668,鼎通科技,2025-09-16 10:06:24,108.2,2103,108.2,D
sh688668,鼎通科技,2025-09-16 10:06:36,108.2,4165,108.18,U
sh688668,鼎通科技,2025-09-16 10:06:39,108.2,13162,108.2,D
sh688668,鼎通科技,2025-09-16 10:07:09,108.2,2186,108.2,D
sh688668,鼎通科技,2025-09-16 10:07:12,108.12,2344,108.2,D
sh688668,鼎通科技,2025-09-16 10:07:15,108.08,4372,108.12,D
sh688668,鼎通科技,2025-09-16 10:07:18,107.97,4943,108.08,D
sh688668,鼎通科技,2025-09-16 10:07:21,107.89,2512,107.97,D
sh688668,鼎通科技,2025-09-16 10:07:30,107.68,3438,107.68,D
sh688668,鼎通科技,2025-09-16 10:08:24,107.62,4269,107.7,D
sh688668,鼎通科技,2025-09-16 10:10:21,107.79,4286,107.8,D
sh688668,鼎通科技,2025-09-16 10:10:42,107.63,2279,107.63,D
sh688668,鼎通科技,2025-09-16 10:10:45,107.63,1869,107.63,D
sh688668,鼎通科技,2025-09-16 10:10:48,107.61,1904,107.63,D
sh688668,鼎通科技,2025-09-16 10:10:51,107.6,2257,107.61,D
sh688668,鼎通科技,2025-09-16 10:11:06,107.5,8726,107.52,D
sh688668,鼎通科技,2025-09-16 10:11:09,107.47,3183,107.5,D
sh688668,鼎通科技,2025-09-16 10:11:18,107.47,4091,107.48,D
sh688668,鼎通科技,2025-09-16 10:11:39,107.4,8016,107.31,U
sh688668,鼎通科技,2025-09-16 10:11:42,107.31,2379,107.4,D
sh688668,鼎通科技,2025-09-16 10:12:06,107.31,4758,107.31,D
sh688668,鼎通科技,2025-09-16 10:12:18,107.18,2223,107.3,D
sh688668,鼎通科技,2025-09-16 10:12:36,107.13,5290,107.13,D
sh688668,鼎通科技,2025-09-16 10:12:42,107.02,5312,107.13,D
sh688668,鼎通科技,2025-09-16 10:12:48,107.02,3175,107.02,U
sh688668,鼎通科技,2025-09-16 10:12:51,107.01,4448,107.02,D
sh688668,鼎通科技,2025-09-16 10:12:54,107.01,3007,107.01,U
sh688668,鼎通科技,2025-09-16 10:13:00,107.0,4492,107.0,D
sh688668,鼎通科技,2025-09-16 10:13:09,107.0,2344,107.0,D
sh688668,鼎通科技,2025-09-16 10:13:12,107.31,19910,107.0,U
sh688668,鼎通科技,2025-09-16 10:13:18,107.31,3845,107.31,D
sh688668,鼎通科技,2025-09-16 10:13:21,107.01,3425,107.31,D
sh688668,鼎通科技,2025-09-16 10:13:24,107.01,6669,107.01,D
sh688668,鼎通科技,2025-09-16 10:13:27,107.01,9311,107.01,D
sh688668,鼎通科技,2025-09-16 10:14:06,107.3,5158,107.33,D
sh688668,鼎通科技,2025-09-16 10:16:03,107.26,2998,107.14,U
sh688668,鼎通科技,2025-09-16 10:16:09,107.14,3013,107.2,D
sh688668,鼎通科技,2025-09-16 10:17:51,107.16,7015,107.21,D
sh688668,鼎通科技,2025-09-16 10:18:33,107.12,10000,107.13,D
sh688668,鼎通科技,2025-09-16 10:18:48,107.12,3231,107.12,D
sh688668,鼎通科技,2025-09-16 10:19:00,107.13,1979,107.12,U
sh688668,鼎通科技,2025-09-16 10:19:03,107.12,2000,107.13,D
sh688668,鼎通科技,2025-09-16 10:19:57,107.14,2000,107.15,D
sh688668,鼎通科技,2025-09-16 10:20:00,107.25,2567,107.14,U
sh688668,鼎通科技,2025-09-16 10:20:09,107.26,3714,107.25,U
sh688668,鼎通科技,2025-09-16 10:20:21,107.25,4341,107.27,D
sh688668,鼎通科技,2025-09-16 10:20:30,107.27,5999,107.27,D
sh688668,鼎通科技,2025-09-16 10:20:33,107.28,3019,107.27,U
sh688668,鼎通科技,2025-09-16 10:20:57,107.3,5196,107.29,U
sh688668,鼎通科技,2025-09-16 10:21:09,107.4,2324,107.4,U
sh688668,鼎通科技,2025-09-16 10:22:00,107.4,2388,107.4,U
sh688668,鼎通科技,2025-09-16 10:22:15,107.8,9588,107.52,U
sh688668,鼎通科技,2025-09-16 10:22:33,107.9,3373,107.85,U
sh688668,鼎通科技,2025-09-16 10:22:36,107.63,2955,107.9,D
sh688668,鼎通科技,2025-09-16 10:23:12,107.65,2595,107.85,D
sh688668,鼎通科技,2025-09-16 10:23:24,107.9,3951,107.8,U
sh688668,鼎通科技,2025-09-16 10:24:15,107.8,5800,107.8,D
sh688668,鼎通科技,2025-09-16 10:25:30,107.63,6388,107.68,D
sh688668,鼎通科技,2025-09-16 10:25:42,107.53,2100,107.54,D
sh688668,鼎通科技,2025-09-16 10:25:51,107.51,2858,107.51,D
sh688668,鼎通科技,2025-09-16 10:26:30,107.5,2699,107.51,D
sh688668,鼎通科技,2025-09-16 10:27:21,107.5,2512,107.52,D
sh688668,鼎通科技,2025-09-16 10:27:24,107.5,6933,107.5,D
sh688668,鼎通科技,2025-09-16 10:27:45,107.33,9260,107.36,D
sh688668,鼎通科技,2025-09-16 10:28:00,107.3,2213,107.31,D
sh688668,鼎通科技,2025-09-16 10:28:33,107.3,2101,107.2,U
sh688668,鼎通科技,2025-09-16 10:29:18,107.2,1978,107.2,U
sh688668,鼎通科技,2025-09-16 10:29:51,107.16,3000,107.19,D
sh688668,鼎通科技,2025-09-16 10:30:06,107.2,2600,107.15,U
sh688668,鼎通科技,2025-09-16 10:30:42,107.29,3518,107.3,U
sh688668,鼎通科技,2025-09-16 10:31:00,107.5,6106,107.49,U
sh688668,鼎通科技,2025-09-16 10:31:24,107.26,1890,107.32,D
sh688668,鼎通科技,2025-09-16 10:31:33,107.19,7609,107.19,D
sh688668,鼎通科技,2025-09-16 10:31:39,107.2,2279,107.19,U
sh688668,鼎通科技,2025-09-16 10:31:48,107.2,3299,107.2,D
sh688668,鼎通科技,2025-09-16 10:31:54,107.2,3980,107.2,D
sh688668,鼎通科技,2025-09-16 10:32:09,107.5,3122,107.3,U
sh688668,鼎通科技,2025-09-16 10:32:33,107.49,2500,107.19,U
sh688668,鼎通科技,2025-09-16 10:33:03,107.3,3397,107.3,D
sh688668,鼎通科技,2025-09-16 10:34:06,107.5,2700,107.3,U
sh688668,鼎通科技,2025-09-16 10:34:15,107.3,2837,107.49,D
sh688668,鼎通科技,2025-09-16 10:34:18,107.46,2178,107.3,U
sh688668,鼎通科技,2025-09-16 10:34:30,107.3,2131,107.3,D
sh688668,鼎通科技,2025-09-16 10:34:42,107.3,3160,107.3,D
sh688668,鼎通科技,2025-09-16 10:34:57,107.3,3008,107.3,D
sh688668,鼎通科技,2025-09-16 10:35:12,107.23,3000,107.23,D
sh688668,鼎通科技,2025-09-16 10:35:15,107.19,2850,107.23,D
sh688668,鼎通科技,2025-09-16 10:35:21,107.12,11691,107.19,D
sh688668,鼎通科技,2025-09-16 10:35:24,107.07,13504,107.12,D
sh688668,鼎通科技,2025-09-16 10:35:27,107.01,3441,107.07,D
sh688668,鼎通科技,2025-09-16 10:35:30,107.0,2993,107.01,D
sh688668,鼎通科技,2025-09-16 10:35:33,107.0,3344,107.0,D
sh688668,鼎通科技,2025-09-16 10:35:42,107.0,4845,107.0,D
sh688668,鼎通科技,2025-09-16 10:35:51,106.9,2229,106.93,D
sh688668,鼎通科技,2025-09-16 10:35:54,106.89,3883,106.9,D
sh688668,鼎通科技,2025-09-16 10:35:57,106.86,2700,106.89,D
sh688668,鼎通科技,2025-09-16 10:36:09,106.79,2117,106.8,D
sh688668,鼎通科技,2025-09-16 10:36:12,106.66,2680,106.79,D
sh688668,鼎通科技,2025-09-16 10:36:15,106.58,2110,106.66,D
sh688668,鼎通科技,2025-09-16 10:36:24,106.54,3852,106.53,U
sh688668,鼎通科技,2025-09-16 10:36:30,106.56,2064,106.54,U
sh688668,鼎通科技,2025-09-16 10:36:42,106.53,4229,106.56,D
sh688668,鼎通科技,2025-09-16 10:37:00,106.3,2484,106.3,U
sh688668,鼎通科技,2025-09-16 10:37:06,106.34,2419,106.18,U
sh688668,鼎通科技,2025-09-16 10:37:27,106.53,1973,106.53,D
sh688668,鼎通科技,2025-09-16 10:37:45,106.53,7339,106.53,U
sh688668,鼎通科技,2025-09-16 10:37:48,106.51,2649,106.53,D
sh688668,鼎通科技,2025-09-16 10:37:51,106.53,5158,106.51,U
sh688668,鼎通科技,2025-09-16 10:38:03,106.51,3601,106.53,D
sh688668,鼎通科技,2025-09-16 10:38:09,106.53,3832,106.51,U
sh688668,鼎通科技,2025-09-16 10:38:12,106.53,4188,106.53,D
sh688668,鼎通科技,2025-09-16 10:38:15,106.11,2615,106.53,D
sh688668,鼎通科技,2025-09-16 10:38:18,106.53,2014,106.11,U
sh688668,鼎通科技,2025-09-16 10:40:21,106.1,5667,106.11,D
sh688668,鼎通科技,2025-09-16 10:41:06,106.2,8689,106.15,D
sh688668,鼎通科技,2025-09-16 10:42:15,106.8,1948,106.73,U
sh688668,鼎通科技,2025-09-16 10:42:39,106.69,3456,106.79,D
sh688668,鼎通科技,2025-09-16 10:43:30,106.55,2900,106.56,D
sh688668,鼎通科技,2025-09-16 10:43:45,106.5,1911,106.5,D
sh688668,鼎通科技,2025-09-16 10:44:30,106.5,2114,106.5,U
sh688668,鼎通科技,2025-09-16 10:45:12,106.42,2000,106.42,U
sh688668,鼎通科技,2025-09-16 10:46:06,106.31,2000,106.32,D
sh688668,鼎通科技,2025-09-16 10:46:15,106.41,3074,106.32,U
sh688668,鼎通科技,2025-09-16 10:46:18,106.31,3500,106.41,D
sh688668,鼎通科技,2025-09-16 10:46:48,106.32,5530,106.34,D
sh688668,鼎通科技,2025-09-16 10:46:51,106.5,2061,106.32,U
sh688668,鼎通科技,2025-09-16 10:47:06,106.88,10000,106.52,U
sh688668,鼎通科技,2025-09-16 10:47:09,106.31,2457,106.88,D
sh688668,鼎通科技,2025-09-16 10:47:54,106.99,5200,106.32,U
sh688668,鼎通科技,2025-09-16 10:48:00,106.32,5648,106.33,D
sh688668,鼎通科技,2025-09-16 10:48:06,106.32,10803,106.33,D
sh688668,鼎通科技,2025-09-16 10:48:09,106.34,3197,106.32,D
sh688668,鼎通科技,2025-09-16 10:48:12,106.34,3400,106.34,D
sh688668,鼎通科技,2025-09-16 10:48:48,106.36,2831,106.5,D
sh688668,鼎通科技,2025-09-16 10:48:57,106.95,10000,106.94,U
sh688668,鼎通科技,2025-09-16 10:49:00,106.5,8014,106.95,E
sh688668,鼎通科技,2025-09-16 10:49:06,106.37,1940,106.5,D
sh688668,鼎通科技,2025-09-16 10:49:54,107.0,5000,106.67,U
sh688668,鼎通科技,2025-09-16 10:49:57,106.7,1897,107.0,E
sh688668,鼎通科技,2025-09-16 10:51:03,106.85,8080,106.91,E
sh688668,鼎通科技,2025-09-16 10:51:36,106.91,2735,106.98,D
sh688668,鼎通科技,2025-09-16 10:52:03,106.85,7887,106.88,D
sh688668,鼎通科技,2025-09-16 10:52:06,106.62,2544,106.85,D
sh688668,鼎通科技,2025-09-16 10:52:15,106.58,2436,106.61,D
sh688668,鼎通科技,2025-09-16 10:52:18,106.38,2385,106.58,D
sh688668,鼎通科技,2025-09-16 10:52:42,106.33,3147,106.37,D
sh688668,鼎通科技,2025-09-16 10:53:54,106.58,1934,106.38,U
sh688668,鼎通科技,2025-09-16 10:55:18,106.33,3842,106.33,D
sh688668,鼎通科技,2025-09-16 10:57:30,106.31,2522,106.31,D
sh688668,鼎通科技,2025-09-16 10:57:48,106.3,2170,106.31,D
sh688668,鼎通科技,2025-09-16 10:57:54,106.3,2219,106.3,D
sh688668,鼎通科技,2025-09-16 10:58:15,106.3,3236,106.31,D
sh688668,鼎通科技,2025-09-16 10:58:24,106.3,2395,106.3,U
sh688668,鼎通科技,2025-09-16 10:59:12,106.28,3000,106.3,D
sh688668,鼎通科技,2025-09-16 10:59:18,106.3,8340,106.3,U
sh688668,鼎通科技,2025-09-16 11:01:12,106.5,1899,106.57,D
sh688668,鼎通科技,2025-09-16 11:01:57,106.46,2737,106.46,U
sh688668,鼎通科技,2025-09-16 11:02:12,106.9,2084,106.58,U
sh688668,鼎通科技,2025-09-16 11:02:27,107.0,9001,106.98,U
sh688668,鼎通科技,2025-09-16 11:02:48,107.44,4951,107.17,U
sh688668,鼎通科技,2025-09-16 11:02:54,107.44,14568,107.44,E
sh688668,鼎通科技,2025-09-16 11:03:33,107.3,3021,107.3,U
sh688668,鼎通科技,2025-09-16 11:04:36,107.5,4697,107.48,U
sh688668,鼎通科技,2025-09-16 11:04:42,107.52,3412,107.5,U
sh688668,鼎通科技,2025-09-16 11:04:54,107.0,6449,107.31,D
sh688668,鼎通科技,2025-09-16 11:04:57,107.0,4994,107.0,U
sh688668,鼎通科技,2025-09-16 11:05:15,107.5,5000,107.0,U
sh688668,鼎通科技,2025-09-16 11:06:06,107.36,2215,107.39,E
sh688668,鼎通科技,2025-09-16 11:06:15,107.5,1961,107.5,U
sh688668,鼎通科技,2025-09-16 11:09:21,107.47,2003,107.42,U
sh688668,鼎通科技,2025-09-16 11:09:45,107.47,6855,107.47,D
sh688668,鼎通科技,2025-09-16 11:12:42,107.38,2969,107.36,U
sh688668,鼎通科技,2025-09-16 11:12:48,107.42,3115,107.42,U
sh688668,鼎通科技,2025-09-16 11:12:57,107.5,6703,107.38,U
sh688668,鼎通科技,2025-09-16 11:13:03,107.51,3300,107.52,D
sh688668,鼎通科技,2025-09-16 11:13:06,107.48,2141,107.51,D
sh688668,鼎通科技,2025-09-16 11:13:45,107.51,3546,107.47,U
sh688668,鼎通科技,2025-09-16 11:14:57,107.51,2700,107.5,U
sh688668,鼎通科技,2025-09-16 11:16:09,107.14,3933,107.23,D
sh688668,鼎通科技,2025-09-16 11:16:12,107.12,1967,107.14,D
sh688668,鼎通科技,2025-09-16 11:16:21,107.01,5638,107.04,D
sh688668,鼎通科技,2025-09-16 11:16:42,106.69,5200,106.9,D
sh688668,鼎通科技,2025-09-16 11:16:51,106.83,3106,106.7,U
sh688668,鼎通科技,2025-09-16 11:20:03,107.17,8382,107.36,D
sh688668,鼎通科技,2025-09-16 11:21:57,107.39,2305,107.06,U
sh688668,鼎通科技,2025-09-16 11:22:00,106.93,10038,107.39,D
sh688668,鼎通科技,2025-09-16 11:22:12,106.95,5669,107.06,E
sh688668,鼎通科技,2025-09-16 11:22:39,107.06,4725,106.95,D
sh688668,鼎通科技,2025-09-16 11:23:06,107.42,5706,107.33,U
sh688668,鼎通科技,2025-09-16 11:25:42,107.33,3865,107.33,D
sh688668,鼎通科技,2025-09-16 11:28:12,107.0,3600,107.07,D
sh688668,鼎通科技,2025-09-16 11:28:51,107.03,3300,107.03,D
sh688668,鼎通科技,2025-09-16 13:00:06,106.9,9765,106.91,U
sh688668,鼎通科技,2025-09-16 13:00:09,107.3,6523,106.9,U
sh688668,鼎通科技,2025-09-16 13:00:12,106.92,3900,107.3,D
sh688668,鼎通科技,2025-09-16 13:00:15,107.29,5409,106.92,U
sh688668,鼎通科技,2025-09-16 13:00:18,106.88,2464,107.29,D
sh688668,鼎通科技,2025-09-16 13:00:24,107.39,10000,106.88,U
sh688668,鼎通科技,2025-09-16 13:00:27,106.8,2017,107.39,D
sh688668,鼎通科技,2025-09-16 13:00:33,107.41,11200,106.8,U
sh688668,鼎通科技,2025-09-16 13:01:00,107.45,9454,107.3,U
sh688668,鼎通科技,2025-09-16 13:01:06,107.8,17509,107.05,U
sh688668,鼎通科技,2025-09-16 13:01:12,107.62,2811,107.12,D
sh688668,鼎通科技,2025-09-16 13:01:15,107.97,5217,107.62,U
sh688668,鼎通科技,2025-09-16 13:01:18,108.3,16543,107.97,U
sh688668,鼎通科技,2025-09-16 13:01:21,108.35,2741,108.3,U
sh688668,鼎通科技,2025-09-16 13:01:24,108.6,45113,108.35,U
sh688668,鼎通科技,2025-09-16 13:01:27,108.38,7206,108.6,D
sh688668,鼎通科技,2025-09-16 13:01:30,108.7,3380,108.38,U
sh688668,鼎通科技,2025-09-16 13:01:33,108.8,16738,108.7,U
sh688668,鼎通科技,2025-09-16 13:01:36,109.0,10922,108.8,U
sh688668,鼎通科技,2025-09-16 13:01:39,108.98,30015,109.0,D
sh688668,鼎通科技,2025-09-16 13:01:42,108.88,13574,108.98,D
sh688668,鼎通科技,2025-09-16 13:01:45,108.66,3701,108.88,D
sh688668,鼎通科技,2025-09-16 13:01:48,108.42,3556,108.66,D
sh688668,鼎通科技,2025-09-16 13:01:51,108.79,3140,108.42,U
sh688668,鼎通科技,2025-09-16 13:02:00,108.78,1900,108.2,U
sh688668,鼎通科技,2025-09-16 13:02:42,108.3,4365,108.29,U
sh688668,鼎通科技,2025-09-16 13:02:45,108.3,2289,108.3,D
sh688668,鼎通科技,2025-09-16 13:02:51,108.26,3600,108.29,D
sh688668,鼎通科技,2025-09-16 13:03:06,108.0,4405,108.21,D
sh688668,鼎通科技,2025-09-16 13:03:15,108.5,9809,108.25,U
sh688668,鼎通科技,2025-09-16 13:03:21,108.5,12314,108.5,D
sh688668,鼎通科技,2025-09-16 13:03:24,108.5,2838,108.5,U
sh688668,鼎通科技,2025-09-16 13:03:42,108.45,2700,108.45,U
sh688668,鼎通科技,2025-09-16 13:03:48,108.03,2809,108.01,E
sh688668,鼎通科技,2025-09-16 13:03:51,108.39,1998,108.03,U
sh688668,鼎通科技,2025-09-16 13:03:57,108.01,2200,108.39,D
sh688668,鼎通科技,2025-09-16 13:04:06,108.35,3000,108.4,U
sh688668,鼎通科技,2025-09-16 13:04:33,108.3,13099,108.01,U
sh688668,鼎通科技,2025-09-16 13:04:36,108.3,2814,108.3,D
sh688668,鼎通科技,2025-09-16 13:04:54,108.54,6243,108.49,U
sh688668,鼎通科技,2025-09-16 13:05:06,108.79,9705,108.61,U
sh688668,鼎通科技,2025-09-16 13:05:09,108.63,4973,108.79,D
sh688668,鼎通科技,2025-09-16 13:05:12,108.95,3526,108.63,U
sh688668,鼎通科技,2025-09-16 13:05:18,108.97,4671,108.96,U
sh688668,鼎通科技,2025-09-16 13:05:24,108.66,3012,108.62,E
sh688668,鼎通科技,2025-09-16 13:05:27,108.63,2594,108.66,U
sh688668,鼎通科技,2025-09-16 13:05:30,108.63,2186,108.63,D
sh688668,鼎通科技,2025-09-16 13:05:36,108.64,10809,108.6,U
sh688668,鼎通科技,2025-09-16 13:05:42,108.98,7797,108.64,U
sh688668,鼎通科技,2025-09-16 13:05:45,108.55,2090,108.98,D
sh688668,鼎通科技,2025-09-16 13:05:57,108.89,2267,108.6,U
sh688668,鼎通科技,2025-09-16 13:06:00,108.67,1942,108.89,E
sh688668,鼎通科技,2025-09-16 13:06:06,109.08,21000,108.67,U
sh688668,鼎通科技,2025-09-16 13:06:09,109.01,7325,109.08,D
sh688668,鼎通科技,2025-09-16 13:06:24,108.9,5746,109.0,D
sh688668,鼎通科技,2025-09-16 13:06:27,108.9,4080,108.9,U
sh688668,鼎通科技,2025-09-16 13:06:36,108.8,2000,108.64,U
sh688668,鼎通科技,2025-09-16 13:06:39,108.8,2000,108.8,D
sh688668,鼎通科技,2025-09-16 13:06:54,108.55,2592,108.6,D
sh688668,鼎通科技,2025-09-16 13:07:18,108.55,3206,108.31,U
sh688668,鼎通科技,2025-09-16 13:07:24,108.5,2200,108.08,U
sh688668,鼎通科技,2025-09-16 13:08:00,108.15,5359,108.5,D
sh688668,鼎通科技,2025-09-16 13:09:15,108.0,8320,108.13,D
sh688668,鼎通科技,2025-09-16 13:09:33,108.0,3245,108.04,D
sh688668,鼎通科技,2025-09-16 13:09:36,108.0,2347,108.0,D
sh688668,鼎通科技,2025-09-16 13:11:42,108.4,4272,108.18,U
sh688668,鼎通科技,2025-09-16 13:12:18,108.06,2305,108.06,D
sh688668,鼎通科技,2025-09-16 13:13:24,108.28,2825,108.1,U
sh688668,鼎通科技,2025-09-16 13:13:27,108.3,7915,108.28,U
sh688668,鼎通科技,2025-09-16 13:13:48,108.38,2200,108.3,U
sh688668,鼎通科技,2025-09-16 13:13:57,108.44,2000,108.29,U
sh688668,鼎通科技,2025-09-16 13:14:42,108.21,1878,108.3,D
sh688668,鼎通科技,2025-09-16 13:15:03,108.2,2851,108.21,D
sh688668,鼎通科技,2025-09-16 13:15:30,108.04,5855,108.07,D
sh688668,鼎通科技,2025-09-16 13:15:39,108.3,2000,108.0,U
sh688668,鼎通科技,2025-09-16 13:15:48,108.35,2977,108.0,U
sh688668,鼎通科技,2025-09-16 13:16:00,108.1,3896,108.1,D
sh688668,鼎通科技,2025-09-16 13:16:21,108.5,11331,108.35,U
sh688668,鼎通科技,2025-09-16 13:16:24,108.53,5575,108.5,U
sh688668,鼎通科技,2025-09-16 13:16:27,108.57,5094,108.53,U
sh688668,鼎通科技,2025-09-16 13:16:30,108.57,2567,108.57,E
sh688668,鼎通科技,2025-09-16 13:16:48,108.59,4537,108.41,U
sh688668,鼎通科技,2025-09-16 13:17:15,108.75,4680,108.6,E
sh688668,鼎通科技,2025-09-16 13:17:21,108.74,4436,108.6,U
sh688668,鼎通科技,2025-09-16 13:17:24,108.55,2359,108.74,D
sh688668,鼎通科技,2025-09-16 13:18:00,108.4,11000,108.4,D
sh688668,鼎通科技,2025-09-16 13:18:03,108.08,2825,108.4,D
sh688668,鼎通科技,2025-09-16 13:18:18,108.0,25262,108.39,D
sh688668,鼎通科技,2025-09-16 13:18:45,108.0,7000,108.35,D
sh688668,鼎通科技,2025-09-16 13:18:48,108.34,2094,108.0,U
sh688668,鼎通科技,2025-09-16 13:19:03,108.0,2500,108.0,D
sh688668,鼎通科技,2025-09-16 13:20:15,108.2,2089,108.0,U
sh688668,鼎通科技,2025-09-16 13:20:24,108.0,2300,108.0,D
sh688668,鼎通科技,2025-09-16 13:20:45,108.1,1925,108.0,U
sh688668,鼎通科技,2025-09-16 13:20:48,108.27,4379,108.1,U
sh688668,鼎通科技,2025-09-16 13:20:57,108.3,1879,108.09,U
sh688668,鼎通科技,2025-09-16 13:21:27,108.0,6226,108.03,D
sh688668,鼎通科技,2025-09-16 13:21:57,108.0,2024,108.0,D
sh688668,鼎通科技,2025-09-16 13:22:03,108.0,2103,108.0,D
sh688668,鼎通科技,2025-09-16 13:22:09,108.0,3445,108.0,D
sh688668,鼎通科技,2025-09-16 13:22:21,108.0,5246,107.6,U
sh688668,鼎通科技,2025-09-16 13:22:33,108.0,6000,107.39,U
sh688668,鼎通科技,2025-09-16 13:23:00,108.2,7317,108.0,U
sh688668,鼎通科技,2025-09-16 13:23:30,108.18,2366,108.15,U
sh688668,鼎通科技,2025-09-16 13:23:45,108.0,1963,108.0,U
sh688668,鼎通科技,2025-09-16 13:24:03,108.2,5031,108.0,U
sh688668,鼎通科技,2025-09-16 13:24:06,108.25,3182,108.2,U
sh688668,鼎通科技,2025-09-16 13:24:09,108.01,2029,108.25,D
sh688668,鼎通科技,2025-09-16 13:24:30,108.26,2089,108.3,D
sh688668,鼎通科技,2025-09-16 13:25:06,108.26,2311,108.03,U
sh688668,鼎通科技,2025-09-16 13:27:18,108.01,5142,108.03,D
sh688668,鼎通科技,2025-09-16 13:27:30,108.03,8866,108.03,U
sh688668,鼎通科技,2025-09-16 13:27:39,108.2,3102,108.03,U
sh688668,鼎通科技,2025-09-16 13:28:18,108.27,3518,108.12,U
sh688668,鼎通科技,2025-09-16 13:28:45,108.02,1951,108.12,D
sh688668,鼎通科技,2025-09-16 13:28:48,108.24,5026,108.02,U
sh688668,鼎通科技,2025-09-16 13:29:39,108.0,2000,108.01,D
sh688668,鼎通科技,2025-09-16 13:29:42,107.93,10301,108.0,D
sh688668,鼎通科技,2025-09-16 13:30:03,107.92,3078,107.94,D
sh688668,鼎通科技,2025-09-16 13:30:12,107.91,2248,107.91,D
sh688668,鼎通科技,2025-09-16 13:30:15,107.9,11467,107.91,D
sh688668,鼎通科技,2025-09-16 13:30:18,107.63,11989,107.9,D
sh688668,鼎通科技,2025-09-16 13:30:21,107.63,4280,107.63,D
sh688668,鼎通科技,2025-09-16 13:30:36,107.51,4308,107.59,D
sh688668,鼎通科技,2025-09-16 13:30:39,107.57,4038,107.51,E
sh688668,鼎通科技,2025-09-16 13:30:45,107.57,2329,107.58,D
sh688668,鼎通科技,2025-09-16 13:30:48,107.5,4072,107.57,D
sh688668,鼎通科技,2025-09-16 13:30:57,107.52,2183,107.49,U
sh688668,鼎通科技,2025-09-16 13:31:30,107.93,3211,107.51,U
sh688668,鼎通科技,2025-09-16 13:32:09,107.6,4581,107.7,D
sh688668,鼎通科技,2025-09-16 13:32:27,107.71,11065,107.92,D
sh688668,鼎通科技,2025-09-16 13:32:30,108.0,2137,107.71,U
sh688668,鼎通科技,2025-09-16 13:32:36,107.8,5207,107.73,D
sh688668,鼎通科技,2025-09-16 13:32:42,107.71,10400,107.81,D
sh688668,鼎通科技,2025-09-16 13:32:45,107.82,2668,107.71,E
sh688668,鼎通科技,2025-09-16 13:32:57,108.2,6671,107.82,U
sh688668,鼎通科技,2025-09-16 13:35:48,108.18,2418,108.13,U
sh688668,鼎通科技,2025-09-16 13:36:18,108.09,4092,108.09,D
sh688668,鼎通科技,2025-09-16 13:36:27,108.0,4319,108.0,D
sh688668,鼎通科技,2025-09-16 13:36:54,108.18,2410,108.06,U
sh688668,鼎通科技,2025-09-16 13:37:03,108.18,9111,108.17,U
sh688668,鼎通科技,2025-09-16 13:37:06,108.2,10203,108.18,U
sh688668,鼎通科技,2025-09-16 13:37:09,108.3,8742,108.2,U
sh688668,鼎通科技,2025-09-16 13:37:12,108.3,4791,108.3,D
sh688668,鼎通科技,2025-09-16 13:37:15,108.4,3799,108.3,U
sh688668,鼎通科技,2025-09-16 13:37:33,108.41,2596,108.42,E
sh688668,鼎通科技,2025-09-16 13:37:48,108.3,16000,108.4,D
sh688668,鼎通科技,2025-09-16 13:37:51,108.47,1900,108.3,U
sh688668,鼎通科技,2025-09-16 13:37:54,108.6,7369,108.47,U
sh688668,鼎通科技,2025-09-16 13:38:06,108.73,4200,108.56,U
sh688668,鼎通科技,2025-09-16 13:38:24,108.9,5226,108.9,U
sh688668,鼎通科技,2025-09-16 13:38:27,108.95,8244,108.9,U
sh688668,鼎通科技,2025-09-16 13:38:33,108.9,1887,108.95,E
sh688668,鼎通科技,2025-09-16 13:38:36,108.9,12892,108.9,U
sh688668,鼎通科技,2025-09-16 13:38:39,108.94,2621,108.9,E
sh688668,鼎通科技,2025-09-16 13:39:06,108.57,2300,108.57,D
sh688668,鼎通科技,2025-09-16 13:39:33,108.37,2000,108.57,E
sh688668,鼎通科技,2025-09-16 13:40:09,108.41,1900,108.41,D
sh688668,鼎通科技,2025-09-16 13:40:18,108.02,10750,108.4,D
sh688668,鼎通科技,2025-09-16 13:40:33,108.0,21249,108.01,D
sh688668,鼎通科技,2025-09-16 13:40:36,108.01,4543,108.0,D
sh688668,鼎通科技,2025-09-16 13:40:45,107.92,5200,107.92,D
sh688668,鼎通科技,2025-09-16 13:44:24,108.4,3135,108.39,U
sh688668,鼎通科技,2025-09-16 13:44:27,108.4,2435,108.4,U
sh688668,鼎通科技,2025-09-16 13:44:33,108.57,1879,108.58,E
sh688668,鼎通科技,2025-09-16 13:44:36,108.58,2920,108.57,U
sh688668,鼎通科技,2025-09-16 13:44:45,108.31,2184,108.32,D
sh688668,鼎通科技,2025-09-16 13:44:57,108.37,2000,108.29,D
sh688668,鼎通科技,2025-09-16 13:45:06,108.32,3490,108.32,D
sh688668,鼎通科技,2025-09-16 13:45:15,108.54,5208,108.2,U
sh688668,鼎通科技,2025-09-16 13:45:54,108.53,3305,108.3,U
sh688668,鼎通科技,2025-09-16 13:46:09,108.58,2000,108.49,U
sh688668,鼎通科技,2025-09-16 13:46:12,108.58,1973,108.58,U
sh688668,鼎通科技,2025-09-16 13:46:15,108.6,11358,108.58,U
sh688668,鼎通科技,2025-09-16 13:46:18,108.6,4732,108.6,U
sh688668,鼎通科技,2025-09-16 13:46:21,108.8,9715,108.6,U
sh688668,鼎通科技,2025-09-16 13:46:24,108.82,3732,108.8,U
sh688668,鼎通科技,2025-09-16 13:46:36,108.89,3399,108.87,U
sh688668,鼎通科技,2025-09-16 13:46:42,108.93,3194,108.89,U
sh688668,鼎通科技,2025-09-16 13:47:06,108.93,2810,108.92,U
sh688668,鼎通科技,2025-09-16 13:47:09,109.0,17367,108.93,U
sh688668,鼎通科技,2025-09-16 13:47:12,109.0,17174,109.0,U
sh688668,鼎通科技,2025-09-16 13:47:15,109.03,8980,109.0,U
sh688668,鼎通科技,2025-09-16 13:47:24,109.2,3204,109.03,U
sh688668,鼎通科技,2025-09-16 13:47:27,109.22,6136,109.2,U
sh688668,鼎通科技,2025-09-16 13:47:33,109.26,3000,109.2,U
sh688668,鼎通科技,2025-09-16 13:47:48,109.2,2865,109.26,U
sh688668,鼎通科技,2025-09-16 13:47:51,109.12,2191,109.2,D
sh688668,鼎通科技,2025-09-16 13:48:12,108.72,2788,108.99,D
sh688668,鼎通科技,2025-09-16 13:48:15,108.99,2009,108.72,U
sh688668,鼎通科技,2025-09-16 13:48:24,109.1,2400,108.99,U
sh688668,鼎通科技,2025-09-16 13:48:27,109.1,1844,109.1,U
sh688668,鼎通科技,2025-09-16 13:48:30,109.11,2062,109.1,U
sh688668,鼎通科技,2025-09-16 13:48:39,109.08,2009,108.99,E
sh688668,鼎通科技,2025-09-16 13:48:45,109.1,6006,109.09,U
sh688668,鼎通科技,2025-09-16 13:48:51,109.1,2115,109.08,U
sh688668,鼎通科技,2025-09-16 13:49:03,109.09,4610,108.89,U
sh688668,鼎通科技,2025-09-16 13:49:06,109.0,2720,109.09,U
sh688668,鼎通科技,2025-09-16 13:49:09,109.09,4957,109.0,U
sh688668,鼎通科技,2025-09-16 13:49:12,109.07,5060,109.09,E
sh688668,鼎通科技,2025-09-16 13:49:15,109.09,4142,109.07,U
sh688668,鼎通科技,2025-09-16 13:49:27,109.09,2389,109.08,U
sh688668,鼎通科技,2025-09-16 13:49:33,109.1,3072,108.86,U
sh688668,鼎通科技,2025-09-16 13:49:45,109.09,3670,109.08,E
sh688668,鼎通科技,2025-09-16 13:49:48,109.11,4688,109.09,U
sh688668,鼎通科技,2025-09-16 13:50:03,109.12,2271,109.12,U
sh688668,鼎通科技,2025-09-16 13:50:06,109.11,3287,109.12,D
sh688668,鼎通科技,2025-09-16 13:50:09,109.2,11552,109.11,U
sh688668,鼎通科技,2025-09-16 13:50:12,109.3,14238,109.2,U
sh688668,鼎通科技,2025-09-16 13:50:15,109.39,9200,109.3,U
sh688668,鼎通科技,2025-09-16 13:50:18,109.59,55345,109.39,U
sh688668,鼎通科技,2025-09-16 13:50:21,109.7,41674,109.59,U
sh688668,鼎通科技,2025-09-16 13:50:24,109.77,4948,109.7,U
sh688668,鼎通科技,2025-09-16 13:50:27,109.8,4156,109.77,U
sh688668,鼎通科技,2025-09-16 13:50:30,109.8,16536,109.8,U
sh688668,鼎通科技,2025-09-16 13:50:33,109.86,5324,109.8,U
sh688668,鼎通科技,2025-09-16 13:50:36,109.88,4305,109.86,U
sh688668,鼎通科技,2025-09-16 13:50:42,109.7,2668,109.8,E
sh688668,鼎通科技,2025-09-16 13:50:45,109.88,3948,109.7,U
sh688668,鼎通科技,2025-09-16 13:50:54,109.51,1901,109.85,D
sh688668,鼎通科技,2025-09-16 13:51:03,109.86,2281,109.85,U
sh688668,鼎通科技,2025-09-16 13:51:06,109.88,6211,109.86,U
sh688668,鼎通科技,2025-09-16 13:51:09,109.88,2308,109.88,U
sh688668,鼎通科技,2025-09-16 13:51:12,109.88,2054,109.88,U
sh688668,鼎通科技,2025-09-16 13:51:15,109.88,2234,109.88,U
sh688668,鼎通科技,2025-09-16 13:51:18,109.86,2211,109.88,D
sh688668,鼎通科技,2025-09-16 13:51:21,109.85,3638,109.86,E
sh688668,鼎通科技,2025-09-16 13:51:27,109.87,2802,109.85,U
sh688668,鼎通科技,2025-09-16 13:51:39,109.71,10208,109.71,D
sh688668,鼎通科技,2025-09-16 13:51:42,109.63,2238,109.71,D
sh688668,鼎通科技,2025-09-16 13:51:48,109.71,3358,109.71,D
sh688668,鼎通科技,2025-09-16 13:52:03,109.9,3063,109.88,U
sh688668,鼎通科技,2025-09-16 13:52:06,109.9,2230,109.9,D
sh688668,鼎通科技,2025-09-16 13:52:09,109.93,3970,109.9,U
sh688668,鼎通科技,2025-09-16 13:52:12,109.96,5836,109.93,U
sh688668,鼎通科技,2025-09-16 13:52:18,109.99,26328,109.97,U
sh688668,鼎通科技,2025-09-16 13:52:21,109.99,2174,109.99,D
sh688668,鼎通科技,2025-09-16 13:52:24,110.0,12089,109.99,U
sh688668,鼎通科技,2025-09-16 13:52:27,109.99,3951,110.0,E
sh688668,鼎通科技,2025-09-16 13:52:33,109.99,11007,109.99,U
sh688668,鼎通科技,2025-09-16 13:52:36,110.0,10072,109.99,U
sh688668,鼎通科技,2025-09-16 13:52:39,110.0,5295,110.0,U
sh688668,鼎通科技,2025-09-16 13:53:15,109.57,2800,109.88,D
sh688668,鼎通科技,2025-09-16 13:53:33,109.56,2344,109.57,D
sh688668,鼎通科技,2025-09-16 13:53:51,109.86,3188,109.69,U
sh688668,鼎通科技,2025-09-16 13:53:54,109.86,4286,109.86,D
sh688668,鼎通科技,2025-09-16 13:53:57,109.86,2472,109.86,D
sh688668,鼎通科技,2025-09-16 13:54:03,109.87,9071,109.82,U
sh688668,鼎通科技,2025-09-16 13:54:06,109.9,3769,109.87,U
sh688668,鼎通科技,2025-09-16 13:54:24,109.85,7444,109.62,E
sh688668,鼎通科技,2025-09-16 13:54:42,109.79,4682,109.6,U
sh688668,鼎通科技,2025-09-16 13:54:57,109.3,1969,109.56,D
sh688668,鼎通科技,2025-09-16 13:55:42,109.33,2200,109.32,U
sh688668,鼎通科技,2025-09-16 13:56:27,109.39,4000,109.37,U
sh688668,鼎通科技,2025-09-16 13:56:30,109.4,2265,109.39,U
sh688668,鼎通科技,2025-09-16 13:56:39,109.4,2466,109.37,U
sh688668,鼎通科技,2025-09-16 13:57:15,109.59,2666,109.4,U
sh688668,鼎通科技,2025-09-16 13:57:51,109.57,1958,109.37,U
sh688668,鼎通科技,2025-09-16 13:57:54,109.5,3289,109.57,U
sh688668,鼎通科技,2025-09-16 13:58:12,109.5,2000,109.42,U
sh688668,鼎通科技,2025-09-16 13:58:15,109.37,4665,109.5,D
sh688668,鼎通科技,2025-09-16 13:58:18,109.32,3535,109.37,D
sh688668,鼎通科技,2025-09-16 13:59:06,109.59,21489,109.01,U
sh688668,鼎通科技,2025-09-16 13:59:33,109.59,2300,109.54,U
sh688668,鼎通科技,2025-09-16 13:59:36,109.59,1882,109.59,U
sh688668,鼎通科技,2025-09-16 13:59:51,109.59,2000,109.59,U
sh688668,鼎通科技,2025-09-16 13:59:54,109.59,2200,109.59,U
sh688668,鼎通科技,2025-09-16 14:00:06,109.78,2700,109.6,U
sh688668,鼎通科技,2025-09-16 14:00:24,109.78,2500,109.78,U
sh688668,鼎通科技,2025-09-16 14:00:27,109.95,21303,109.78,U
sh688668,鼎通科技,2025-09-16 14:01:12,109.63,10150,109.63,D
sh688668,鼎通科技,2025-09-16 14:02:21,109.65,1854,109.22,U
sh688668,鼎通科技,2025-09-16 14:03:24,109.7,2505,109.7,U
sh688668,鼎通科技,2025-09-16 14:03:30,109.75,2528,109.75,U
sh688668,鼎通科技,2025-09-16 14:03:45,109.9,7894,109.89,U
sh688668,鼎通科技,2025-09-16 14:03:51,109.89,1991,109.89,D
sh688668,鼎通科技,2025-09-16 14:04:12,110.02,54219,109.86,U
sh688668,鼎通科技,2025-09-16 14:04:18,110.3,13180,110.14,U
sh688668,鼎通科技,2025-09-16 14:04:36,110.38,3840,110.38,U
sh688668,鼎通科技,2025-09-16 14:04:42,110.48,2379,110.38,U
sh688668,鼎通科技,2025-09-16 14:04:48,110.49,2844,110.42,U
sh688668,鼎通科技,2025-09-16 14:04:51,110.5,4230,110.49,U
sh688668,鼎通科技,2025-09-16 14:04:54,110.42,3789,110.5,D
sh688668,鼎通科技,2025-09-16 14:04:57,110.38,6019,110.42,D
sh688668,鼎通科技,2025-09-16 14:05:03,110.38,4701,110.39,D
sh688668,鼎通科技,2025-09-16 14:05:09,110.48,5000,110.38,U
sh688668,鼎通科技,2025-09-16 14:05:12,110.18,3612,110.48,D
sh688668,鼎通科技,2025-09-16 14:05:36,110.17,2820,110.36,D
sh688668,鼎通科技,2025-09-16 14:06:21,110.24,2796,110.17,U
sh688668,鼎通科技,2025-09-16 14:07:18,109.94,2899,109.82,U
sh688668,鼎通科技,2025-09-16 14:08:39,109.7,2999,109.72,E
sh688668,鼎通科技,2025-09-16 14:10:06,109.72,2400,109.72,U
sh688668,鼎通科技,2025-09-16 14:10:24,109.71,11360,109.71,U
sh688668,鼎通科技,2025-09-16 14:10:45,109.35,2189,109.35,D
sh688668,鼎通科技,2025-09-16 14:11:09,109.32,4346,109.5,D
sh688668,鼎通科技,2025-09-16 14:11:27,109.01,18300,109.3,D
sh688668,鼎通科技,2025-09-16 14:11:33,109.32,10726,109.01,U
sh688668,鼎通科技,2025-09-16 14:11:39,109.0,9040,109.32,D
sh688668,鼎通科技,2025-09-16 14:14:00,108.88,3058,108.97,D
sh688668,鼎通科技,2025-09-16 14:14:15,109.0,4250,108.9,U
sh688668,鼎通科技,2025-09-16 14:14:27,109.02,3500,109.0,E
sh688668,鼎通科技,2025-09-16 14:15:06,109.27,1893,109.3,D
sh688668,鼎通科技,2025-09-16 14:15:12,109.3,3053,109.27,U
sh688668,鼎通科技,2025-09-16 14:15:15,109.3,2059,109.3,U
sh688668,鼎通科技,2025-09-16 14:17:24,109.73,22732,109.21,U
sh688668,鼎通科技,2025-09-16 14:17:27,109.73,3849,109.73,U
sh688668,鼎通科技,2025-09-16 14:17:45,109.73,4703,109.72,U
sh688668,鼎通科技,2025-09-16 14:17:48,109.73,1846,109.73,D
sh688668,鼎通科技,2025-09-16 14:18:15,109.36,6117,109.55,D
sh688668,鼎通科技,2025-09-16 14:18:39,109.63,3912,109.34,U
sh688668,鼎通科技,2025-09-16 14:21:24,109.35,4575,109.4,D
sh688668,鼎通科技,2025-09-16 14:21:27,109.2,5146,109.35,D
sh688668,鼎通科技,2025-09-16 14:22:27,109.2,8800,109.22,D
sh688668,鼎通科技,2025-09-16 14:23:51,109.56,11409,109.12,U
sh688668,鼎通科技,2025-09-16 14:26:09,109.3,2024,109.3,U
sh688668,鼎通科技,2025-09-16 14:26:21,109.3,2200,109.3,D
sh688668,鼎通科技,2025-09-16 14:26:30,109.26,8689,109.3,D
sh688668,鼎通科技,2025-09-16 14:26:36,109.0,15000,109.26,D
sh688668,鼎通科技,2025-09-16 14:27:12,109.0,2000,109.01,D
sh688668,鼎通科技,2025-09-16 14:27:21,109.0,12522,109.01,D
sh688668,鼎通科技,2025-09-16 14:28:03,109.02,2911,109.32,D
sh688668,鼎通科技,2025-09-16 14:28:42,109.31,2378,109.31,D
sh688668,鼎通科技,2025-09-16 14:29:00,109.08,2000,109.31,D
sh688668,鼎通科技,2025-09-16 14:29:45,109.08,2100,109.08,D
sh688668,鼎通科技,2025-09-16 14:29:51,109.03,4629,109.27,D
sh688668,鼎通科技,2025-09-16 14:30:06,109.0,3225,109.02,D
sh688668,鼎通科技,2025-09-16 14:30:27,108.89,6890,109.06,D
sh688668,鼎通科技,2025-09-16 14:30:36,108.88,2151,108.88,D
sh688668,鼎通科技,2025-09-16 14:30:42,108.87,1956,108.89,D
sh688668,鼎通科技,2025-09-16 14:31:06,108.89,5062,108.89,D
sh688668,鼎通科技,2025-09-16 14:31:12,108.8,3370,108.89,D
sh688668,鼎通科技,2025-09-16 14:31:48,108.7,3454,108.69,U
sh688668,鼎通科技,2025-09-16 14:31:51,108.6,6900,108.7,D
sh688668,鼎通科技,2025-09-16 14:32:06,108.8,2209,108.8,U
sh688668,鼎通科技,2025-09-16 14:32:24,108.89,5077,108.83,U
sh688668,鼎通科技,2025-09-16 14:34:15,108.83,3464,108.83,D
sh688668,鼎通科技,2025-09-16 14:34:24,108.72,7412,108.82,D
sh688668,鼎通科技,2025-09-16 14:35:24,108.8,11603,108.69,U
sh688668,鼎通科技,2025-09-16 14:36:15,108.66,5270,108.68,D
sh688668,鼎通科技,2025-09-16 14:37:30,108.65,2500,108.67,D
sh688668,鼎通科技,2025-09-16 14:37:57,108.7,2258,108.67,U
sh688668,鼎通科技,2025-09-16 14:38:48,108.73,1940,108.65,D
sh688668,鼎通科技,2025-09-16 14:39:42,108.7,2400,108.7,U
sh688668,鼎通科技,2025-09-16 14:40:27,108.81,2006,108.8,U
sh688668,鼎通科技,2025-09-16 14:40:30,108.85,1879,108.81,U
sh688668,鼎通科技,2025-09-16 14:41:15,109.0,7705,108.8,U
sh688668,鼎通科技,2025-09-16 14:42:33,108.76,3100,108.75,U
sh688668,鼎通科技,2025-09-16 14:43:51,108.7,2000,108.67,U
sh688668,鼎通科技,2025-09-16 14:44:03,108.7,1845,108.7,U
sh688668,鼎通科技,2025-09-16 14:44:06,108.8,11438,108.7,U
sh688668,鼎通科技,2025-09-16 14:44:12,108.66,2632,108.8,D
sh688668,鼎通科技,2025-09-16 14:44:36,108.66,3619,108.66,D
sh688668,鼎通科技,2025-09-16 14:45:03,108.62,2816,108.66,D
sh688668,鼎通科技,2025-09-16 14:45:09,108.65,1976,108.66,E
sh688668,鼎通科技,2025-09-16 14:46:15,108.65,3000,108.61,U
sh688668,鼎通科技,2025-09-16 14:46:36,108.87,3428,108.61,U
sh688668,鼎通科技,2025-09-16 14:46:48,108.62,3921,108.87,D
sh688668,鼎通科技,2025-09-16 14:47:09,108.87,3000,108.65,U
sh688668,鼎通科技,2025-09-16 14:47:18,108.87,3302,108.87,U
sh688668,鼎通科技,2025-09-16 14:47:36,108.87,2000,108.87,U
sh688668,鼎通科技,2025-09-16 14:47:51,108.87,3521,108.72,U
sh688668,鼎通科技,2025-09-16 14:48:03,108.88,7300,108.87,U
sh688668,鼎通科技,2025-09-16 14:48:06,108.88,10307,108.88,U
sh688668,鼎通科技,2025-09-16 14:48:51,108.88,3749,108.87,U
sh688668,鼎通科技,2025-09-16 14:50:06,108.96,2000,108.88,U
sh688668,鼎通科技,2025-09-16 14:50:36,108.69,2106,108.72,D
sh688668,鼎通科技,2025-09-16 14:51:03,108.7,2467,108.88,D
sh688668,鼎通科技,2025-09-16 14:51:24,108.72,4134,108.71,U
sh688668,鼎通科技,2025-09-16 14:51:27,108.71,2937,108.72,D
sh688668,鼎通科技,2025-09-16 14:52:39,108.72,5500,108.72,U
sh688668,鼎通科技,2025-09-16 14:53:24,108.71,2767,108.77,D
sh688668,鼎通科技,2025-09-16 14:53:39,108.72,3500,108.72,D
sh688668,鼎通科技,2025-09-16 14:54:03,108.72,2261,108.73,D
sh688668,鼎通科技,2025-09-16 14:54:06,108.73,2408,108.72,U
sh688668,鼎通科技,2025-09-16 14:54:36,108.77,2191,108.76,U
sh688668,鼎通科技,2025-09-16 14:54:45,108.8,11678,108.76,U
sh688668,鼎通科技,2025-09-16 14:55:09,108.9,6605,108.81,U
sh688668,鼎通科技,2025-09-16 14:55:54,108.98,2600,108.97,U
sh688668,鼎通科技,2025-09-16 14:55:57,109.0,10932,108.98,U
sh688668,鼎通科技,2025-09-16 14:56:21,109.0,2387,109.0,U
sh688668,鼎通科技,2025-09-16 14:56:24,109.01,6486,109.0,U
sh688668,鼎通科技,2025-09-16 14:56:45,109.06,3400,109.08,D
sh688668,鼎通科技,2025-09-16 14:56:57,109.09,5177,109.09,D
sh688668,鼎通科技,2025-09-16 15:00:03,109.1,29344,109.1,U
