symbol,name,ticktime,price,volume,prev_price,kind
sh688668,鼎通科技,2025-10-29 09:25:01,100.86,21257,0.0,U
sh688668,鼎通科技,2025-10-29 09:30:03,100.86,13945,101.0,D
sh688668,鼎通科技,2025-10-29 09:30:06,101.6,26114,100.86,U
sh688668,鼎通科技,2025-10-29 09:30:09,101.6,9717,101.6,D
sh688668,鼎通科技,2025-10-29 09:30:12,102.0,7966,101.6,U
sh688668,鼎通科技,2025-10-29 09:30:15,101.96,36458,102.0,D
sh688668,鼎通科技,2025-10-29 09:30:18,101.72,10403,101.96,D
sh688668,鼎通科技,2025-10-29 09:30:21,102.13,12396,101.72,U
sh688668,鼎通科技,2025-10-29 09:30:24,102.3,7032,102.13,U
sh688668,鼎通科技,2025-10-29 09:30:27,102.12,3550,102.3,D
sh688668,鼎通科技,2025-10-29 09:30:30,102.0,23292,102.12,D
sh688668,鼎通科技,2025-10-29 09:30:33,102.6,10954,102.0,U
sh688668,鼎通科技,2025-10-29 09:30:36,102.3,15403,102.6,D
sh688668,鼎通科技,2025-10-29 09:30:39,102.6,46400,102.3,D
sh688668,鼎通科技,2025-10-29 09:30:42,103.26,15829,102.6,U
sh688668,鼎通科技,2025-10-29 09:30:45,102.7,18292,103.26,D
sh688668,鼎通科技,2025-10-29 09:30:48,103.21,2400,102.7,U
sh688668,鼎通科技,2025-10-29 09:30:51,103.26,15926,103.21,U
sh688668,鼎通科技,2025-10-29 09:30:54,103.28,22288,103.26,U
sh688668,鼎通科技,2025-10-29 09:30:57,103.4,9200,103.28,U
sh688668,鼎通科技,2025-10-29 09:31:00,103.4,8723,103.4,D
sh688668,鼎通科技,2025-10-29 09:31:03,103.3,46548,103.4,D
sh688668,鼎通科技,2025-10-29 09:31:06,103.3,37817,103.3,E
sh688668,鼎通科技,2025-10-29 09:31:09,103.5,49040,103.3,U
sh688668,鼎通科技,2025-10-29 09:31:12,103.0,64604,103.5,D
sh688668,鼎通科技,2025-10-29 09:31:15,103.22,9177,103.0,U
sh688668,鼎通科技,2025-10-29 09:31:18,103.22,8203,103.22,D
sh688668,鼎通科技,2025-10-29 09:31:21,103.22,9146,103.22,D
sh688668,鼎通科技,2025-10-29 09:31:24,103.45,5797,103.22,U
sh688668,鼎通科技,2025-10-29 09:31:27,103.45,15449,103.45,U
sh688668,鼎通科技,2025-10-29 09:31:30,103.6,47720,103.45,U
sh688668,鼎通科技,2025-10-29 09:31:33,103.49,7532,103.6,D
sh688668,鼎通科技,2025-10-29 09:31:36,103.45,3406,103.49,D
sh688668,鼎通科技,2025-10-29 09:31:39,103.45,28522,103.45,U
sh688668,鼎通科技,2025-10-29 09:31:42,103.45,11263,103.45,U
sh688668,鼎通科技,2025-10-29 09:31:45,103.58,6045,103.45,U
sh688668,鼎通科技,2025-10-29 09:31:48,103.8,20907,103.58,U
sh688668,鼎通科技,2025-10-29 09:31:51,103.8,9141,103.8,U
sh688668,鼎通科技,2025-10-29 09:31:54,103.45,29605,103.8,U
sh688668,鼎通科技,2025-10-29 09:31:57,103.45,16084,103.45,U
sh688668,鼎通科技,2025-10-29 09:32:00,103.27,4421,103.45,D
sh688668,鼎通科技,2025-10-29 09:32:03,103.45,32094,103.27,U
sh688668,鼎通科技,2025-10-29 09:32:06,103.02,4385,103.45,D
sh688668,鼎通科技,2025-10-29 09:32:09,102.98,8851,103.02,D
sh688668,鼎通科技,2025-10-29 09:32:12,102.63,9417,102.98,D
sh688668,鼎通科技,2025-10-29 09:32:15,102.58,2155,102.63,D
sh688668,鼎通科技,2025-10-29 09:32:18,102.64,12199,102.58,U
sh688668,鼎通科技,2025-10-29 09:32:21,102.67,4155,102.64,E
sh688668,鼎通科技,2025-10-29 09:32:24,102.5,12632,102.67,D
sh688668,鼎通科技,2025-10-29 09:32:30,102.5,2381,102.5,U
sh688668,鼎通科技,2025-10-29 09:32:33,102.58,17412,102.5,E
sh688668,鼎通科技,2025-10-29 09:32:36,102.39,19360,102.58,E
sh688668,鼎通科技,2025-10-29 09:32:42,102.67,4580,102.92,D
sh688668,鼎通科技,2025-10-29 09:32:45,102.67,3476,102.67,D
sh688668,鼎通科技,2025-10-29 09:32:48,102.73,6135,102.67,E
sh688668,鼎通科技,2025-10-29 09:32:51,102.8,2646,102.73,U
sh688668,鼎通科技,2025-10-29 09:32:54,102.68,2802,102.8,D
sh688668,鼎通科技,2025-10-29 09:32:57,102.79,2294,102.68,U
sh688668,鼎通科技,2025-10-29 09:33:00,102.68,5654,102.79,D
sh688668,鼎通科技,2025-10-29 09:33:03,102.9,5909,102.68,U
sh688668,鼎通科技,2025-10-29 09:33:09,102.9,10763,102.67,U
sh688668,鼎通科技,2025-10-29 09:33:12,102.67,6171,102.9,E
sh688668,鼎通科技,2025-10-29 09:33:15,102.67,11594,102.67,D
sh688668,鼎通科技,2025-10-29 09:33:18,102.63,8695,102.67,D
sh688668,鼎通科技,2025-10-29 09:33:24,102.4,4125,102.8,D
sh688668,鼎通科技,2025-10-29 09:33:30,102.4,4500,102.25,U
sh688668,鼎通科技,2025-10-29 09:33:33,102.25,3183,102.4,D
sh688668,鼎通科技,2025-10-29 09:33:39,102.54,18584,102.4,U
sh688668,鼎通科技,2025-10-29 09:33:42,102.54,4459,102.54,D
sh688668,鼎通科技,2025-10-29 09:33:48,102.77,2832,102.77,D
sh688668,鼎通科技,2025-10-29 09:33:51,102.77,6692,102.77,U
sh688668,鼎通科技,2025-10-29 09:33:54,102.77,7349,102.77,U
sh688668,鼎通科技,2025-10-29 09:33:57,102.64,3333,102.77,E
sh688668,鼎通科技,2025-10-29 09:34:03,102.74,6982,102.77,E
sh688668,鼎通科技,2025-10-29 09:34:09,102.24,2911,102.34,D
sh688668,鼎通科技,2025-10-29 09:34:18,102.01,3602,102.17,D
sh688668,鼎通科技,2025-10-29 09:34:24,102.0,4627,102.0,D
sh688668,鼎通科技,2025-10-29 09:34:27,102.01,7048,102.0,U
sh688668,鼎通科技,2025-10-29 09:34:30,102.0,2188,102.01,E
sh688668,鼎通科技,2025-10-29 09:34:33,102.07,3337,102.0,U
sh688668,鼎通科技,2025-10-29 09:34:51,102.03,3690,102.04,D
sh688668,鼎通科技,2025-10-29 09:34:54,102.3,6782,102.03,U
sh688668,鼎通科技,2025-10-29 09:34:57,102.03,3000,102.3,D
sh688668,鼎通科技,2025-10-29 09:35:00,102.02,4907,102.03,D
sh688668,鼎通科技,2025-10-29 09:35:12,102.74,20397,102.05,U
sh688668,鼎通科技,2025-10-29 09:35:15,102.79,2877,102.74,U
sh688668,鼎通科技,2025-10-29 09:35:18,102.83,10069,102.79,U
sh688668,鼎通科技,2025-10-29 09:35:21,102.79,19024,102.83,U
sh688668,鼎通科技,2025-10-29 09:35:24,102.73,2472,102.79,E
sh688668,鼎通科技,2025-10-29 09:35:33,102.72,2595,102.72,U
sh688668,鼎通科技,2025-10-29 09:35:36,102.72,17935,102.72,U
sh688668,鼎通科技,2025-10-29 09:35:39,102.72,6879,102.72,U
sh688668,鼎通科技,2025-10-29 09:35:45,102.53,5962,102.72,E
sh688668,鼎通科技,2025-10-29 09:35:48,102.72,11285,102.53,U
sh688668,鼎通科技,2025-10-29 09:35:51,102.72,5368,102.72,U
sh688668,鼎通科技,2025-10-29 09:35:54,102.8,13390,102.72,U
sh688668,鼎通科技,2025-10-29 09:35:57,103.02,39904,102.8,U
sh688668,鼎通科技,2025-10-29 09:36:00,103.07,2650,103.02,E
sh688668,鼎通科技,2025-10-29 09:36:06,103.25,2000,103.19,U
sh688668,鼎通科技,2025-10-29 09:36:09,103.25,3900,103.25,D
sh688668,鼎通科技,2025-10-29 09:36:12,103.45,2666,103.25,U
sh688668,鼎通科技,2025-10-29 09:36:15,103.23,17600,103.45,E
sh688668,鼎通科技,2025-10-29 09:36:18,103.09,3014,103.23,E
sh688668,鼎通科技,2025-10-29 09:36:21,103.0,3286,103.09,D
sh688668,鼎通科技,2025-10-29 09:36:36,102.81,5795,102.72,U
sh688668,鼎通科技,2025-10-29 09:36:39,102.74,4598,102.81,D
sh688668,鼎通科技,2025-10-29 09:36:42,102.74,2105,102.74,D
sh688668,鼎通科技,2025-10-29 09:36:51,103.0,2300,102.87,U
sh688668,鼎通科技,2025-10-29 09:36:54,102.81,8528,103.0,U
sh688668,鼎通科技,2025-10-29 09:36:57,102.81,3408,102.81,U
sh688668,鼎通科技,2025-10-29 09:37:00,102.81,6419,102.81,D
sh688668,鼎通科技,2025-10-29 09:37:03,103.0,4505,102.81,U
sh688668,鼎通科技,2025-10-29 09:37:06,103.0,5992,103.0,U
sh688668,鼎通科技,2025-10-29 09:37:18,103.0,4000,103.0,U
sh688668,鼎通科技,2025-10-29 09:37:30,103.06,4608,103.02,U
sh688668,鼎通科技,2025-10-29 09:37:33,103.06,3600,103.06,U
sh688668,鼎通科技,2025-10-29 09:37:36,102.99,10405,103.06,D
sh688668,鼎通科技,2025-10-29 09:37:39,103.06,5327,102.99,U
sh688668,鼎通科技,2025-10-29 09:37:42,103.0,3219,103.06,D
sh688668,鼎通科技,2025-10-29 09:37:45,103.0,3604,103.0,U
sh688668,鼎通科技,2025-10-29 09:37:48,103.01,10301,103.0,U
sh688668,鼎通科技,2025-10-29 09:37:51,103.1,3293,103.01,U
sh688668,鼎通科技,2025-10-29 09:37:54,103.23,18120,103.1,U
sh688668,鼎通科技,2025-10-29 09:37:57,103.09,2779,103.23,D
sh688668,鼎通科技,2025-10-29 09:38:12,103.12,2274,103.17,D
sh688668,鼎通科技,2025-10-29 09:38:18,103.12,2281,103.12,D
sh688668,鼎通科技,2025-10-29 09:38:21,103.1,8365,103.12,D
sh688668,鼎通科技,2025-10-29 09:38:27,103.1,3110,103.12,E
sh688668,鼎通科技,2025-10-29 09:38:33,103.12,5825,103.17,D
sh688668,鼎通科技,2025-10-29 09:38:36,103.16,3279,103.12,U
sh688668,鼎通科技,2025-10-29 09:38:42,102.98,3892,103.12,D
sh688668,鼎通科技,2025-10-29 09:38:51,102.98,3571,102.98,D
sh688668,鼎通科技,2025-10-29 09:38:54,102.98,3610,102.98,D
sh688668,鼎通科技,2025-10-29 09:39:03,102.98,8101,102.86,U
sh688668,鼎通科技,2025-10-29 09:39:06,103.03,2155,102.98,U
sh688668,鼎通科技,2025-10-29 09:39:09,103.03,6300,103.03,D
sh688668,鼎通科技,2025-10-29 09:39:15,103.03,5399,103.05,D
sh688668,鼎通科技,2025-10-29 09:39:18,103.16,6588,103.03,U
sh688668,鼎通科技,2025-10-29 09:39:21,103.03,3733,103.16,D
sh688668,鼎通科技,2025-10-29 09:39:24,103.15,3200,103.03,U
sh688668,鼎通科技,2025-10-29 09:39:30,103.01,4200,103.01,D
sh688668,鼎通科技,2025-10-29 09:39:33,102.97,20467,103.01,D
sh688668,鼎通科技,2025-10-29 09:39:48,102.86,5781,102.86,D
sh688668,鼎通科技,2025-10-29 09:39:51,102.81,14176,102.86,D
sh688668,鼎通科技,2025-10-29 09:39:54,102.68,32738,102.81,D
sh688668,鼎通科技,2025-10-29 09:40:00,102.77,3835,102.68,U
sh688668,鼎通科技,2025-10-29 09:40:06,102.82,6088,102.77,U
sh688668,鼎通科技,2025-10-29 09:40:09,102.81,25384,102.82,D
sh688668,鼎通科技,2025-10-29 09:40:21,102.91,2749,102.91,E
sh688668,鼎通科技,2025-10-29 09:40:24,102.91,6078,102.91,U
sh688668,鼎通科技,2025-10-29 09:40:27,102.91,3677,102.91,U
sh688668,鼎通科技,2025-10-29 09:40:30,103.0,7284,102.91,U
sh688668,鼎通科技,2025-10-29 09:40:33,102.99,2548,103.0,E
sh688668,鼎通科技,2025-10-29 09:40:36,103.06,3535,102.99,U
sh688668,鼎通科技,2025-10-29 09:40:39,103.0,8300,103.06,E
sh688668,鼎通科技,2025-10-29 09:40:42,102.97,4300,103.0,D
sh688668,鼎通科技,2025-10-29 09:40:51,103.2,8020,103.15,U
sh688668,鼎通科技,2025-10-29 09:40:54,103.19,2529,103.2,E
sh688668,鼎通科技,2025-10-29 09:40:57,103.18,4535,103.19,E
sh688668,鼎通科技,2025-10-29 09:41:15,103.01,3658,103.15,D
sh688668,鼎通科技,2025-10-29 09:41:18,102.96,7087,103.01,D
sh688668,鼎通科技,2025-10-29 09:41:21,102.9,3432,102.96,D
sh688668,鼎通科技,2025-10-29 09:41:24,102.9,4724,102.9,U
sh688668,鼎通科技,2025-10-29 09:41:39,102.55,11834,102.85,D
sh688668,鼎通科技,2025-10-29 09:41:42,102.68,3000,102.55,U
sh688668,鼎通科技,2025-10-29 09:41:45,102.77,3431,102.68,U
sh688668,鼎通科技,2025-10-29 09:42:00,102.33,7235,102.55,D
sh688668,鼎通科技,2025-10-29 09:42:03,102.33,2830,102.33,D
sh688668,鼎通科技,2025-10-29 09:42:12,102.35,2034,102.32,U
sh688668,鼎通科技,2025-10-29 09:42:15,102.36,2272,102.35,E
sh688668,鼎通科技,2025-10-29 09:42:18,102.35,4823,102.36,U
sh688668,鼎通科技,2025-10-29 09:42:24,102.36,3406,102.34,E
sh688668,鼎通科技,2025-10-29 09:42:27,102.33,6265,102.36,D
sh688668,鼎通科技,2025-10-29 09:42:33,102.5,6649,102.47,U
sh688668,鼎通科技,2025-10-29 09:42:42,102.47,2489,102.35,E
sh688668,鼎通科技,2025-10-29 09:43:00,102.35,3307,102.36,D
sh688668,鼎通科技,2025-10-29 09:43:06,102.31,9498,102.33,D
sh688668,鼎通科技,2025-10-29 09:43:09,102.23,4062,102.31,D
sh688668,鼎通科技,2025-10-29 09:43:21,102.0,6875,102.03,D
sh688668,鼎通科技,2025-10-29 09:43:24,101.96,2628,102.0,D
sh688668,鼎通科技,2025-10-29 09:43:42,101.94,3627,101.9,U
sh688668,鼎通科技,2025-10-29 09:43:57,101.68,6257,101.68,U
sh688668,鼎通科技,2025-10-29 09:44:00,101.68,6701,101.68,U
sh688668,鼎通科技,2025-10-29 09:44:03,101.68,3200,101.68,D
sh688668,鼎通科技,2025-10-29 09:44:12,101.94,3884,101.79,U
sh688668,鼎通科技,2025-10-29 09:44:18,101.89,2146,101.89,D
sh688668,鼎通科技,2025-10-29 09:44:21,101.95,2708,101.89,U
sh688668,鼎通科技,2025-10-29 09:44:27,101.89,5516,101.95,D
sh688668,鼎通科技,2025-10-29 09:44:33,101.95,3890,101.95,U
sh688668,鼎通科技,2025-10-29 09:44:45,101.84,6545,101.9,D
sh688668,鼎通科技,2025-10-29 09:44:57,101.78,5000,101.8,D
sh688668,鼎通科技,2025-10-29 09:45:15,101.8,5569,101.81,D
sh688668,鼎通科技,2025-10-29 09:45:21,101.8,5296,101.8,U
sh688668,鼎通科技,2025-10-29 09:45:33,101.78,2998,101.79,D
sh688668,鼎通科技,2025-10-29 09:45:39,101.77,3731,101.78,D
sh688668,鼎通科技,2025-10-29 09:45:42,101.77,2100,101.77,D
sh688668,鼎通科技,2025-10-29 09:45:45,101.7,5830,101.77,D
sh688668,鼎通科技,2025-10-29 09:45:54,101.66,6294,101.68,D
sh688668,鼎通科技,2025-10-29 09:45:57,101.63,2749,101.66,D
sh688668,鼎通科技,2025-10-29 09:46:00,101.63,2352,101.63,D
sh688668,鼎通科技,2025-10-29 09:46:03,101.55,2466,101.63,D
sh688668,鼎通科技,2025-10-29 09:46:06,101.56,2619,101.55,E
sh688668,鼎通科技,2025-10-29 09:46:15,101.55,3200,101.55,U
sh688668,鼎通科技,2025-10-29 09:46:18,101.56,5621,101.55,U
sh688668,鼎通科技,2025-10-29 09:46:21,101.61,11918,101.56,U
sh688668,鼎通科技,2025-10-29 09:46:36,101.5,7751,101.61,D
sh688668,鼎通科技,2025-10-29 09:46:54,101.39,11100,101.64,D
sh688668,鼎通科技,2025-10-29 09:47:06,101.44,2106,101.42,E
sh688668,鼎通科技,2025-10-29 09:47:12,101.76,5400,101.44,U
sh688668,鼎通科技,2025-10-29 09:47:15,101.77,6197,101.76,U
sh688668,鼎通科技,2025-10-29 09:47:24,101.75,10525,101.8,D
sh688668,鼎通科技,2025-10-29 09:47:39,101.86,3008,101.88,D
sh688668,鼎通科技,2025-10-29 09:47:42,101.85,2003,101.86,U
sh688668,鼎通科技,2025-10-29 09:47:45,101.92,2706,101.85,U
sh688668,鼎通科技,2025-10-29 09:47:48,101.67,6030,101.92,D
sh688668,鼎通科技,2025-10-29 09:47:57,101.85,2192,101.67,E
sh688668,鼎通科技,2025-10-29 09:48:00,101.5,3200,101.85,D
sh688668,鼎通科技,2025-10-29 09:48:15,101.6,2100,101.68,D
sh688668,鼎通科技,2025-10-29 09:48:30,101.44,5860,101.5,D
sh688668,鼎通科技,2025-10-29 09:48:36,101.39,5799,101.43,D
sh688668,鼎通科技,2025-10-29 09:48:45,101.39,3356,101.39,D
sh688668,鼎通科技,2025-10-29 09:48:54,101.38,6978,101.39,D
sh688668,鼎通科技,2025-10-29 09:49:03,101.3,16399,101.38,D
sh688668,鼎通科技,2025-10-29 09:49:09,101.3,2699,101.36,D
sh688668,鼎通科技,2025-10-29 09:49:12,101.23,9419,101.3,D
sh688668,鼎通科技,2025-10-29 09:49:21,101.23,8212,101.21,U
sh688668,鼎通科技,2025-10-29 09:49:33,101.24,2570,101.37,D
sh688668,鼎通科技,2025-10-29 09:49:51,101.24,6483,101.2,U
sh688668,鼎通科技,2025-10-29 09:49:54,101.2,4117,101.24,D
sh688668,鼎通科技,2025-10-29 09:49:57,101.16,5160,101.2,E
sh688668,鼎通科技,2025-10-29 09:50:00,101.2,2256,101.16,U
sh688668,鼎通科技,2025-10-29 09:50:06,101.24,13200,101.25,D
sh688668,鼎通科技,2025-10-29 09:50:18,101.27,13331,101.37,D
sh688668,鼎通科技,2025-10-29 09:50:21,101.37,2587,101.27,U
sh688668,鼎通科技,2025-10-29 09:50:30,101.37,2540,101.5,D
sh688668,鼎通科技,2025-10-29 09:50:42,101.33,8800,101.37,E
sh688668,鼎通科技,2025-10-29 09:50:57,101.5,2263,101.5,U
sh688668,鼎通科技,2025-10-29 09:51:06,101.41,4083,101.52,D
sh688668,鼎通科技,2025-10-29 09:51:12,101.5,2157,101.5,U
sh688668,鼎通科技,2025-10-29 09:51:18,101.4,8072,101.5,D
sh688668,鼎通科技,2025-10-29 09:51:30,101.21,8274,101.32,D
sh688668,鼎通科技,2025-10-29 09:51:33,101.15,2271,101.21,D
sh688668,鼎通科技,2025-10-29 09:51:39,101.26,7539,101.11,U
sh688668,鼎通科技,2025-10-29 09:51:42,101.12,2998,101.26,D
sh688668,鼎通科技,2025-10-29 09:52:09,101.15,4200,101.13,D
sh688668,鼎通科技,2025-10-29 09:52:12,101.22,7768,101.15,U
sh688668,鼎通科技,2025-10-29 09:52:27,101.49,2857,101.34,U
sh688668,鼎通科技,2025-10-29 09:52:33,101.52,3000,101.49,U
sh688668,鼎通科技,2025-10-29 09:52:45,101.83,2309,101.53,U
sh688668,鼎通科技,2025-10-29 09:52:57,101.83,2350,101.83,U
sh688668,鼎通科技,2025-10-29 09:53:12,101.57,5605,101.57,D
sh688668,鼎通科技,2025-10-29 09:53:15,101.55,8930,101.57,D
sh688668,鼎通科技,2025-10-29 09:53:18,101.53,5787,101.55,D
sh688668,鼎通科技,2025-10-29 09:53:21,101.53,26181,101.53,D
sh688668,鼎通科技,2025-10-29 09:53:27,101.53,10000,101.53,D
sh688668,鼎通科技,2025-10-29 09:53:39,101.8,7394,101.66,U
sh688668,鼎通科技,2025-10-29 09:53:57,101.8,3700,101.8,D
sh688668,鼎通科技,2025-10-29 09:54:03,101.8,2042,101.8,D
sh688668,鼎通科技,2025-10-29 09:54:06,101.8,3508,101.8,D
sh688668,鼎通科技,2025-10-29 09:54:09,101.8,3700,101.8,U
sh688668,鼎通科技,2025-10-29 09:54:12,101.83,3000,101.8,U
sh688668,鼎通科技,2025-10-29 09:54:15,101.8,2038,101.83,D
sh688668,鼎通科技,2025-10-29 09:54:24,101.67,4766,101.64,U
sh688668,鼎通科技,2025-10-29 09:54:27,101.57,2903,101.67,D
sh688668,鼎通科技,2025-10-29 09:54:30,101.54,7477,101.57,D
sh688668,鼎通科技,2025-10-29 09:54:33,101.53,4387,101.54,D
sh688668,鼎通科技,2025-10-29 09:55:03,101.8,9659,101.65,U
sh688668,鼎通科技,2025-10-29 09:55:06,101.98,17193,101.8,U
sh688668,鼎通科技,2025-10-29 09:55:24,101.68,4375,101.9,D
sh688668,鼎通科技,2025-10-29 09:55:48,101.65,3454,101.65,U
sh688668,鼎通科技,2025-10-29 09:56:00,101.42,9679,101.58,D
sh688668,鼎通科技,2025-10-29 09:56:12,101.34,3120,101.35,D
sh688668,鼎通科技,2025-10-29 09:56:18,101.35,4464,101.32,U
sh688668,鼎通科技,2025-10-29 09:56:33,101.22,2774,101.22,D
sh688668,鼎通科技,2025-10-29 09:56:42,101.19,8736,101.19,D
sh688668,鼎通科技,2025-10-29 09:56:45,101.18,7272,101.19,D
sh688668,鼎通科技,2025-10-29 09:56:48,101.03,11492,101.18,D
sh688668,鼎通科技,2025-10-29 09:56:51,101.02,2226,101.03,D
sh688668,鼎通科技,2025-10-29 09:56:54,101.02,12685,101.02,D
sh688668,鼎通科技,2025-10-29 09:57:15,101.0,4835,101.0,D
sh688668,鼎通科技,2025-10-29 09:57:18,101.0,5814,101.0,D
sh688668,鼎通科技,2025-10-29 09:57:30,100.8,15151,100.98,D
sh688668,鼎通科技,2025-10-29 09:57:51,100.74,7321,100.79,U
sh688668,鼎通科技,2025-10-29 09:58:06,100.51,3400,100.5,E
sh688668,鼎通科技,2025-10-29 09:58:12,100.5,2100,100.7,D
sh688668,鼎通科技,2025-10-29 09:58:48,100.74,2500,100.74,U
sh688668,鼎通科技,2025-10-29 09:59:03,100.74,2422,100.74,U
sh688668,鼎通科技,2025-10-29 09:59:06,100.74,3108,100.74,U
sh688668,鼎通科技,2025-10-29 09:59:09,100.64,2542,100.74,D
sh688668,鼎通科技,2025-10-29 10:00:18,100.58,6614,100.58,D
sh688668,鼎通科技,2025-10-29 10:00:27,100.85,4000,100.85,D
sh688668,鼎通科技,2025-10-29 10:00:45,100.85,2184,100.85,D
sh688668,鼎通科技,2025-10-29 10:00:51,100.85,4567,100.86,D
sh688668,鼎通科技,2025-10-29 10:00:54,100.96,4884,100.85,U
sh688668,鼎通科技,2025-10-29 10:00:57,101.0,7247,100.96,U
sh688668,鼎通科技,2025-10-29 10:01:00,101.0,7881,101.0,U
sh688668,鼎通科技,2025-10-29 10:01:03,101.02,10634,101.0,U
sh688668,鼎通科技,2025-10-29 10:01:15,100.97,10000,101.46,D
sh688668,鼎通科技,2025-10-29 10:01:51,100.97,3782,100.96,E
sh688668,鼎通科技,2025-10-29 10:02:24,101.44,2823,101.3,U
sh688668,鼎通科技,2025-10-29 10:02:42,101.79,8086,101.59,U
sh688668,鼎通科技,2025-10-29 10:02:54,101.48,2368,101.59,D
sh688668,鼎通科技,2025-10-29 10:02:57,101.44,2127,101.48,D
sh688668,鼎通科技,2025-10-29 10:03:00,101.49,3926,101.44,U
sh688668,鼎通科技,2025-10-29 10:03:09,101.63,4500,101.49,U
sh688668,鼎通科技,2025-10-29 10:03:12,101.6,9418,101.63,D
sh688668,鼎通科技,2025-10-29 10:03:15,101.49,2362,101.6,D
sh688668,鼎通科技,2025-10-29 10:03:18,101.44,8707,101.49,D
sh688668,鼎通科技,2025-10-29 10:03:51,101.03,7739,101.3,D
sh688668,鼎通科技,2025-10-29 10:03:54,101.03,8097,101.03,U
sh688668,鼎通科技,2025-10-29 10:04:15,101.28,3408,101.28,D
sh688668,鼎通科技,2025-10-29 10:04:21,101.42,3200,101.42,U
sh688668,鼎通科技,2025-10-29 10:04:33,101.46,6140,101.42,U
sh688668,鼎通科技,2025-10-29 10:04:48,101.79,6427,101.5,U
sh688668,鼎通科技,2025-10-29 10:05:06,101.8,7645,101.8,U
sh688668,鼎通科技,2025-10-29 10:05:27,101.69,2925,101.79,U
sh688668,鼎通科技,2025-10-29 10:05:48,101.41,3000,101.42,D
sh688668,鼎通科技,2025-10-29 10:05:51,101.35,9527,101.41,D
sh688668,鼎通科技,2025-10-29 10:06:00,101.38,4567,101.33,U
sh688668,鼎通科技,2025-10-29 10:06:12,101.41,2238,101.4,U
sh688668,鼎通科技,2025-10-29 10:06:27,101.54,3220,101.41,U
sh688668,鼎通科技,2025-10-29 10:06:54,101.63,4750,101.63,D
sh688668,鼎通科技,2025-10-29 10:07:00,101.41,4950,101.53,D
sh688668,鼎通科技,2025-10-29 10:07:06,101.3,2271,101.33,D
sh688668,鼎通科技,2025-10-29 10:07:09,101.21,2818,101.3,D
sh688668,鼎通科技,2025-10-29 10:07:48,100.62,12281,101.0,D
sh688668,鼎通科技,2025-10-29 10:07:57,100.65,17221,101.0,D
sh688668,鼎通科技,2025-10-29 10:08:03,100.62,7078,100.67,D
sh688668,鼎通科技,2025-10-29 10:08:12,100.57,8611,100.62,D
sh688668,鼎通科技,2025-10-29 10:08:33,100.66,3212,100.66,D
sh688668,鼎通科技,2025-10-29 10:09:03,100.66,6586,100.69,D
sh688668,鼎通科技,2025-10-29 10:09:27,100.57,3345,100.6,D
sh688668,鼎通科技,2025-10-29 10:09:30,100.51,2400,100.57,D
sh688668,鼎通科技,2025-10-29 10:09:48,100.45,5753,100.5,D
sh688668,鼎通科技,2025-10-29 10:10:06,100.35,3608,100.36,D
sh688668,鼎通科技,2025-10-29 10:10:15,100.35,4700,100.34,U
sh688668,鼎通科技,2025-10-29 10:10:18,100.35,2106,100.35,U
sh688668,鼎通科技,2025-10-29 10:10:24,100.35,3775,100.35,U
sh688668,鼎通科技,2025-10-29 10:10:51,100.3,2440,100.33,D
sh688668,鼎通科技,2025-10-29 10:11:09,100.3,3368,100.38,D
sh688668,鼎通科技,2025-10-29 10:11:18,100.32,6650,100.35,D
sh688668,鼎通科技,2025-10-29 10:11:24,100.32,6527,100.32,U
sh688668,鼎通科技,2025-10-29 10:11:27,100.38,3161,100.32,U
sh688668,鼎通科技,2025-10-29 10:11:33,100.45,4064,100.38,U
sh688668,鼎通科技,2025-10-29 10:11:57,100.5,2694,100.5,D
sh688668,鼎通科技,2025-10-29 10:12:09,100.6,3040,100.6,D
sh688668,鼎通科技,2025-10-29 10:12:30,100.6,3121,100.6,D
sh688668,鼎通科技,2025-10-29 10:12:33,100.45,2677,100.6,D
sh688668,鼎通科技,2025-10-29 10:13:00,100.32,3327,100.45,D
sh688668,鼎通科技,2025-10-29 10:13:15,100.18,9733,100.2,D
sh688668,鼎通科技,2025-10-29 10:13:42,100.13,5145,100.13,D
sh688668,鼎通科技,2025-10-29 10:13:45,100.13,9008,100.13,U
sh688668,鼎通科技,2025-10-29 10:13:51,100.12,7105,100.13,D
sh688668,鼎通科技,2025-10-29 10:14:03,100.6,38895,100.08,U
sh688668,鼎通科技,2025-10-29 10:14:06,100.6,11485,100.6,D
sh688668,鼎通科技,2025-10-29 10:14:18,100.67,3000,100.6,U
sh688668,鼎通科技,2025-10-29 10:15:09,100.61,7002,100.6,U
sh688668,鼎通科技,2025-10-29 10:15:24,100.3,3209,100.6,D
sh688668,鼎通科技,2025-10-29 10:15:39,100.3,2488,100.3,D
sh688668,鼎通科技,2025-10-29 10:15:42,100.26,4475,100.3,D
sh688668,鼎通科技,2025-10-29 10:15:45,100.27,12367,100.26,E
sh688668,鼎通科技,2025-10-29 10:15:51,100.25,18089,100.25,D
sh688668,鼎通科技,2025-10-29 10:15:54,100.5,7045,100.25,E
sh688668,鼎通科技,2025-10-29 10:16:06,100.93,2200,100.92,U
sh688668,鼎通科技,2025-10-29 10:16:18,101.14,4624,100.92,U
sh688668,鼎通科技,2025-10-29 10:16:42,101.13,4655,100.96,U
sh688668,鼎通科技,2025-10-29 10:17:12,100.42,2615,101.13,D
sh688668,鼎通科技,2025-10-29 10:17:24,100.96,11859,100.42,U
sh688668,鼎通科技,2025-10-29 10:17:33,100.97,2276,100.96,U
sh688668,鼎通科技,2025-10-29 10:17:45,100.97,4927,101.0,D
sh688668,鼎通科技,2025-10-29 10:17:54,101.11,3783,100.97,U
sh688668,鼎通科技,2025-10-29 10:17:57,100.9,3554,101.11,D
sh688668,鼎通科技,2025-10-29 10:18:15,100.99,2071,101.0,U
sh688668,鼎通科技,2025-10-29 10:18:24,101.01,2946,101.0,U
sh688668,鼎通科技,2025-10-29 10:18:42,101.1,5972,100.99,U
sh688668,鼎通科技,2025-10-29 10:18:51,101.14,17264,101.1,U
sh688668,鼎通科技,2025-10-29 10:18:54,101.15,4370,101.14,U
sh688668,鼎通科技,2025-10-29 10:19:03,101.2,2751,101.15,U
sh688668,鼎通科技,2025-10-29 10:19:15,101.12,3812,101.2,D
sh688668,鼎通科技,2025-10-29 10:19:24,101.18,2157,101.12,U
sh688668,鼎通科技,2025-10-29 10:19:48,101.17,2700,101.18,D
sh688668,鼎通科技,2025-10-29 10:20:00,101.18,1995,101.17,U
sh688668,鼎通科技,2025-10-29 10:20:09,101.2,2451,101.19,U
sh688668,鼎通科技,2025-10-29 10:20:12,101.29,3340,101.2,U
sh688668,鼎通科技,2025-10-29 10:20:15,101.34,4130,101.29,U
sh688668,鼎通科技,2025-10-29 10:20:33,101.43,4000,101.36,U
sh688668,鼎通科技,2025-10-29 10:20:48,101.51,2181,101.5,U
sh688668,鼎通科技,2025-10-29 10:20:51,101.54,2600,101.51,U
sh688668,鼎通科技,2025-10-29 10:21:00,101.59,6109,101.54,U
sh688668,鼎通科技,2025-10-29 10:21:09,101.59,3146,101.55,U
sh688668,鼎通科技,2025-10-29 10:21:15,101.6,6379,101.59,U
sh688668,鼎通科技,2025-10-29 10:21:21,101.59,2798,101.6,D
sh688668,鼎通科技,2025-10-29 10:21:45,101.57,4388,101.55,U
sh688668,鼎通科技,2025-10-29 10:22:06,101.6,7177,101.58,U
sh688668,鼎通科技,2025-10-29 10:22:36,101.58,2707,101.58,U
sh688668,鼎通科技,2025-10-29 10:23:12,101.57,6433,101.6,D
sh688668,鼎通科技,2025-10-29 10:23:15,101.57,2409,101.57,U
sh688668,鼎通科技,2025-10-29 10:23:21,101.56,2953,101.56,D
sh688668,鼎通科技,2025-10-29 10:23:24,101.55,4731,101.56,D
sh688668,鼎通科技,2025-10-29 10:23:30,101.56,2274,101.55,U
sh688668,鼎通科技,2025-10-29 10:23:36,101.56,2000,101.56,D
sh688668,鼎通科技,2025-10-29 10:23:42,101.56,3109,101.56,D
sh688668,鼎通科技,2025-10-29 10:23:54,101.6,3468,101.56,U
sh688668,鼎通科技,2025-10-29 10:23:57,101.85,39663,101.6,U
sh688668,鼎通科技,2025-10-29 10:24:06,102.06,36982,101.95,U
sh688668,鼎通科技,2025-10-29 10:24:09,102.3,2810,102.06,U
sh688668,鼎通科技,2025-10-29 10:24:12,102.66,17540,102.3,U
sh688668,鼎通科技,2025-10-29 10:24:15,102.86,6245,102.66,U
sh688668,鼎通科技,2025-10-29 10:24:18,102.88,3200,102.86,U
sh688668,鼎通科技,2025-10-29 10:24:21,102.97,5647,102.88,U
sh688668,鼎通科技,2025-10-29 10:24:24,102.98,9885,102.97,U
sh688668,鼎通科技,2025-10-29 10:24:27,102.9,2747,102.98,D
sh688668,鼎通科技,2025-10-29 10:24:33,102.39,2130,102.68,D
sh688668,鼎通科技,2025-10-29 10:24:36,102.23,5902,102.39,D
sh688668,鼎通科技,2025-10-29 10:24:45,102.88,8397,102.77,U
sh688668,鼎通科技,2025-10-29 10:24:48,102.99,6953,102.88,U
sh688668,鼎通科技,2025-10-29 10:24:51,102.9,4456,102.99,U
sh688668,鼎通科技,2025-10-29 10:25:00,102.99,11805,102.98,U
sh688668,鼎通科技,2025-10-29 10:25:03,102.45,9743,102.99,D
sh688668,鼎通科技,2025-10-29 10:25:06,102.5,6813,102.45,E
sh688668,鼎通科技,2025-10-29 10:25:18,102.54,2125,102.52,E
sh688668,鼎通科技,2025-10-29 10:25:24,102.63,7220,102.55,E
sh688668,鼎通科技,2025-10-29 10:25:33,102.97,4740,102.65,U
sh688668,鼎通科技,2025-10-29 10:25:42,102.9,4967,102.67,U
sh688668,鼎通科技,2025-10-29 10:25:48,103.12,93620,102.97,U
sh688668,鼎通科技,2025-10-29 10:25:51,103.17,19974,103.12,U
sh688668,鼎通科技,2025-10-29 10:25:54,103.19,4555,103.17,U
sh688668,鼎通科技,2025-10-29 10:26:00,103.19,5500,103.19,D
sh688668,鼎通科技,2025-10-29 10:26:03,103.1,10908,103.19,D
sh688668,鼎通科技,2025-10-29 10:26:06,103.0,3226,103.1,D
sh688668,鼎通科技,2025-10-29 10:26:09,103.0,8856,103.0,D
sh688668,鼎通科技,2025-10-29 10:26:12,103.06,3384,103.0,E
sh688668,鼎通科技,2025-10-29 10:26:15,102.66,7154,103.06,D
sh688668,鼎通科技,2025-10-29 10:26:18,102.65,6931,102.66,D
sh688668,鼎通科技,2025-10-29 10:26:30,102.68,4086,102.96,D
sh688668,鼎通科技,2025-10-29 10:26:36,102.94,3406,102.65,U
sh688668,鼎通科技,2025-10-29 10:26:39,102.58,2076,102.94,D
sh688668,鼎通科技,2025-10-29 10:26:51,102.5,2546,102.5,D
sh688668,鼎通科技,2025-10-29 10:27:06,102.0,7979,102.4,D
sh688668,鼎通科技,2025-10-29 10:27:18,102.0,2932,102.0,U
sh688668,鼎通科技,2025-10-29 10:27:54,101.94,2941,101.9,U
sh688668,鼎通科技,2025-10-29 10:28:03,101.9,5865,101.66,U
sh688668,鼎通科技,2025-10-29 10:28:39,101.5,2022,101.5,D
sh688668,鼎通科技,2025-10-29 10:28:51,101.66,8000,101.5,U
sh688668,鼎通科技,2025-10-29 10:29:09,101.3,9882,101.65,D
sh688668,鼎通科技,2025-10-29 10:29:12,101.1,4801,101.3,D
sh688668,鼎通科技,2025-10-29 10:29:15,101.0,9786,101.1,D
sh688668,鼎通科技,2025-10-29 10:29:21,101.19,10400,101.0,U
sh688668,鼎通科技,2025-10-29 10:29:39,101.16,2550,101.17,E
sh688668,鼎通科技,2025-10-29 10:29:48,100.8,2075,101.17,D
sh688668,鼎通科技,2025-10-29 10:29:57,101.0,4628,101.17,D
sh688668,鼎通科技,2025-10-29 10:30:15,101.07,6658,101.1,E
sh688668,鼎通科技,2025-10-29 10:30:18,101.11,4596,101.07,U
sh688668,鼎通科技,2025-10-29 10:30:27,101.1,2334,101.11,E
sh688668,鼎通科技,2025-10-29 10:30:33,101.0,3107,101.12,D
sh688668,鼎通科技,2025-10-29 10:30:39,101.02,5836,101.0,U
sh688668,鼎通科技,2025-10-29 10:31:30,101.15,3790,101.0,U
sh688668,鼎通科技,2025-10-29 10:31:42,101.16,2625,101.16,U
sh688668,鼎通科技,2025-10-29 10:31:45,101.0,8320,101.16,D
sh688668,鼎通科技,2025-10-29 10:31:48,101.0,10222,101.0,D
sh688668,鼎通科技,2025-10-29 10:31:51,101.16,5000,101.0,U
sh688668,鼎通科技,2025-10-29 10:32:24,101.04,2200,101.26,D
sh688668,鼎通科技,2025-10-29 10:32:30,101.0,7799,101.02,D
sh688668,鼎通科技,2025-10-29 10:33:33,101.3,2300,101.34,E
sh688668,鼎通科技,2025-10-29 10:33:48,101.32,3000,101.28,U
sh688668,鼎通科技,2025-10-29 10:34:09,101.25,2508,101.11,E
sh688668,鼎通科技,2025-10-29 10:34:12,100.95,10435,101.25,D
sh688668,鼎通科技,2025-10-29 10:34:15,100.88,2967,100.95,D
sh688668,鼎通科技,2025-10-29 10:34:18,100.95,2400,100.88,U
sh688668,鼎通科技,2025-10-29 10:34:30,100.88,4903,100.83,U
sh688668,鼎通科技,2025-10-29 10:36:54,101.02,2300,101.23,D
sh688668,鼎通科技,2025-10-29 10:37:12,101.2,2065,101.2,U
sh688668,鼎通科技,2025-10-29 10:37:42,101.18,9385,101.19,E
sh688668,鼎通科技,2025-10-29 10:41:15,101.48,2101,101.47,U
sh688668,鼎通科技,2025-10-29 10:41:36,101.47,5128,101.49,D
sh688668,鼎通科技,2025-10-29 10:41:54,101.5,3586,101.5,D
sh688668,鼎通科技,2025-10-29 10:41:57,101.6,5000,101.5,U
sh688668,鼎通科技,2025-10-29 10:42:00,101.44,5700,101.6,D
sh688668,鼎通科技,2025-10-29 10:42:06,101.29,5965,101.44,D
sh688668,鼎通科技,2025-10-29 10:43:36,101.6,7919,101.6,D
sh688668,鼎通科技,2025-10-29 10:44:06,101.64,2800,101.5,U
sh688668,鼎通科技,2025-10-29 10:45:21,101.88,3339,101.78,U
sh688668,鼎通科技,2025-10-29 10:45:36,101.9,3400,101.9,U
sh688668,鼎通科技,2025-10-29 10:45:45,101.9,4207,101.9,U
sh688668,鼎通科技,2025-10-29 10:46:00,101.98,12347,101.9,U
sh688668,鼎通科技,2025-10-29 10:46:03,102.02,5715,101.98,U
sh688668,鼎通科技,2025-10-29 10:46:09,102.18,2633,102.02,U
sh688668,鼎通科技,2025-10-29 10:46:12,102.46,3102,102.18,U
sh688668,鼎通科技,2025-10-29 10:46:21,102.48,2113,102.49,D
sh688668,鼎通科技,2025-10-29 10:46:57,102.43,3449,102.44,D
sh688668,鼎通科技,2025-10-29 10:47:21,102.42,3546,102.47,D
sh688668,鼎通科技,2025-10-29 10:47:33,102.5,4685,102.42,U
sh688668,鼎通科技,2025-10-29 10:47:57,102.78,2100,102.8,U
sh688668,鼎通科技,2025-10-29 10:48:00,102.8,2219,102.78,U
sh688668,鼎通科技,2025-10-29 10:48:03,102.83,3047,102.8,U
sh688668,鼎通科技,2025-10-29 10:48:06,102.92,8699,102.83,U
sh688668,鼎通科技,2025-10-29 10:48:15,102.95,2836,102.94,U
sh688668,鼎通科技,2025-10-29 10:48:21,102.98,5000,102.81,U
sh688668,鼎通科技,2025-10-29 10:48:27,102.94,8129,102.83,U
sh688668,鼎通科技,2025-10-29 10:48:30,102.92,2931,102.94,U
sh688668,鼎通科技,2025-10-29 10:48:33,102.92,1949,102.92,D
sh688668,鼎通科技,2025-10-29 10:49:00,102.81,3137,102.92,D
sh688668,鼎通科技,2025-10-29 10:49:06,102.8,3379,102.81,D
sh688668,鼎通科技,2025-10-29 10:49:09,102.8,3895,102.8,D
sh688668,鼎通科技,2025-10-29 10:49:24,102.78,9558,102.78,D
sh688668,鼎通科技,2025-10-29 10:49:30,102.76,2338,102.78,E
sh688668,鼎通科技,2025-10-29 10:49:36,102.6,4018,102.76,U
sh688668,鼎通科技,2025-10-29 10:49:39,102.5,8822,102.6,D
sh688668,鼎通科技,2025-10-29 10:49:45,102.49,5373,102.49,D
sh688668,鼎通科技,2025-10-29 10:49:51,102.49,9896,102.49,D
sh688668,鼎通科技,2025-10-29 10:49:54,102.79,13942,102.49,U
sh688668,鼎通科技,2025-10-29 10:49:57,102.9,8459,102.79,U
sh688668,鼎通科技,2025-10-29 10:50:03,102.98,14549,102.78,U
sh688668,鼎通科技,2025-10-29 10:50:21,102.98,15300,102.78,U
sh688668,鼎通科技,2025-10-29 10:51:12,102.8,2200,102.76,U
sh688668,鼎通科技,2025-10-29 10:51:15,102.8,2200,102.8,D
sh688668,鼎通科技,2025-10-29 10:51:18,102.9,6648,102.8,U
sh688668,鼎通科技,2025-10-29 10:51:24,102.96,1952,102.9,U
sh688668,鼎通科技,2025-10-29 10:51:30,103.22,145631,102.96,U
sh688668,鼎通科技,2025-10-29 10:51:33,103.28,19055,103.22,U
sh688668,鼎通科技,2025-10-29 10:51:36,103.6,68536,103.28,U
sh688668,鼎通科技,2025-10-29 10:51:39,103.72,24309,103.6,U
sh688668,鼎通科技,2025-10-29 10:51:42,103.79,15548,103.72,U
sh688668,鼎通科技,2025-10-29 10:51:45,103.85,12888,103.79,U
sh688668,鼎通科技,2025-10-29 10:51:48,103.89,28866,103.85,U
sh688668,鼎通科技,2025-10-29 10:51:51,103.96,27975,103.89,U
sh688668,鼎通科技,2025-10-29 10:51:54,103.99,33613,103.96,U
sh688668,鼎通科技,2025-10-29 10:51:57,104.2,170737,103.99,U
sh688668,鼎通科技,2025-10-29 10:52:00,104.38,8678,104.2,U
sh688668,鼎通科技,2025-10-29 10:52:03,104.5,10807,104.38,U
sh688668,鼎通科技,2025-10-29 10:52:06,104.58,5055,104.5,U
sh688668,鼎通科技,2025-10-29 10:52:09,104.63,10743,104.58,U
sh688668,鼎通科技,2025-10-29 10:52:12,104.76,8817,104.63,U
sh688668,鼎通科技,2025-10-29 10:52:15,104.59,15536,104.76,D
sh688668,鼎通科技,2025-10-29 10:52:18,104.53,35400,104.59,D
sh688668,鼎通科技,2025-10-29 10:52:21,104.79,11225,104.53,U
sh688668,鼎通科技,2025-10-29 10:52:24,104.53,11076,104.79,D
sh688668,鼎通科技,2025-10-29 10:52:27,104.52,4200,104.53,D
sh688668,鼎通科技,2025-10-29 10:52:30,104.45,3979,104.52,D
sh688668,鼎通科技,2025-10-29 10:52:33,104.52,5188,104.45,U
sh688668,鼎通科技,2025-10-29 10:52:36,104.38,2108,104.52,D
sh688668,鼎通科技,2025-10-29 10:52:42,104.5,7891,104.5,U
sh688668,鼎通科技,2025-10-29 10:52:51,104.1,2393,104.3,D
sh688668,鼎通科技,2025-10-29 10:52:54,104.34,3359,104.1,U
sh688668,鼎通科技,2025-10-29 10:53:00,103.96,4563,104.09,D
sh688668,鼎通科技,2025-10-29 10:53:03,104.3,6547,103.96,U
sh688668,鼎通科技,2025-10-29 10:53:06,103.87,5100,104.3,E
sh688668,鼎通科技,2025-10-29 10:53:09,104.2,3146,103.87,U
sh688668,鼎通科技,2025-10-29 10:53:12,103.9,21700,104.2,E
sh688668,鼎通科技,2025-10-29 10:53:15,104.3,4600,103.9,U
sh688668,鼎通科技,2025-10-29 10:53:21,104.19,5910,104.2,E
sh688668,鼎通科技,2025-10-29 10:53:24,104.2,2842,104.19,U
sh688668,鼎通科技,2025-10-29 10:53:30,104.2,12117,104.2,U
sh688668,鼎通科技,2025-10-29 10:53:36,104.2,4221,104.02,U
sh688668,鼎通科技,2025-10-29 10:53:39,104.3,10394,104.2,U
sh688668,鼎通科技,2025-10-29 10:53:42,104.28,4311,104.3,E
sh688668,鼎通科技,2025-10-29 10:53:48,104.34,8631,104.18,U
sh688668,鼎通科技,2025-10-29 10:53:51,104.28,5205,104.34,D
sh688668,鼎通科技,2025-10-29 10:53:54,104.3,12346,104.28,E
sh688668,鼎通科技,2025-10-29 10:54:00,104.34,4164,104.29,D
sh688668,鼎通科技,2025-10-29 10:54:03,104.44,6901,104.34,E
sh688668,鼎通科技,2025-10-29 10:54:09,104.44,2266,104.44,U
sh688668,鼎通科技,2025-10-29 10:54:15,104.44,6577,104.44,D
sh688668,鼎通科技,2025-10-29 10:54:18,104.3,3611,104.44,D
sh688668,鼎通科技,2025-10-29 10:54:24,104.44,4075,104.43,U
sh688668,鼎通科技,2025-10-29 10:54:30,104.46,57975,104.43,U
sh688668,鼎通科技,2025-10-29 10:54:33,104.52,29218,104.46,U
sh688668,鼎通科技,2025-10-29 10:54:36,104.66,11100,104.52,U
sh688668,鼎通科技,2025-10-29 10:54:39,104.75,6383,104.66,U
sh688668,鼎通科技,2025-10-29 10:54:45,104.83,8400,104.75,U
sh688668,鼎通科技,2025-10-29 10:54:54,104.85,12420,104.87,D
sh688668,鼎通科技,2025-10-29 10:54:57,104.74,10204,104.85,D
sh688668,鼎通科技,2025-10-29 10:55:00,104.83,16085,104.74,D
sh688668,鼎通科技,2025-10-29 10:55:03,104.51,2006,104.83,D
sh688668,鼎通科技,2025-10-29 10:55:06,104.78,7359,104.51,E
sh688668,鼎通科技,2025-10-29 10:55:09,104.79,14246,104.78,U
sh688668,鼎通科技,2025-10-29 10:55:12,104.8,3230,104.79,U
sh688668,鼎通科技,2025-10-29 10:55:15,104.82,6141,104.8,E
sh688668,鼎通科技,2025-10-29 10:55:18,104.82,5189,104.82,D
sh688668,鼎通科技,2025-10-29 10:55:21,104.81,4766,104.82,D
sh688668,鼎通科技,2025-10-29 10:55:24,104.81,6604,104.81,D
sh688668,鼎通科技,2025-10-29 10:55:27,104.82,3566,104.81,E
sh688668,鼎通科技,2025-10-29 10:55:30,104.82,12698,104.82,D
sh688668,鼎通科技,2025-10-29 10:55:33,104.83,13500,104.82,E
sh688668,鼎通科技,2025-10-29 10:55:36,104.84,6388,104.83,U
sh688668,鼎通科技,2025-10-29 10:55:39,104.82,4094,104.84,D
sh688668,鼎通科技,2025-10-29 10:55:48,104.84,10446,104.87,D
sh688668,鼎通科技,2025-10-29 10:55:51,104.85,5535,104.84,E
sh688668,鼎通科技,2025-10-29 10:55:54,104.87,4618,104.85,U
sh688668,鼎通科技,2025-10-29 10:55:57,104.88,8419,104.87,U
sh688668,鼎通科技,2025-10-29 10:56:00,104.86,6296,104.88,D
sh688668,鼎通科技,2025-10-29 10:56:03,104.9,33213,104.86,U
sh688668,鼎通科技,2025-10-29 10:56:06,104.93,9534,104.9,U
sh688668,鼎通科技,2025-10-29 10:56:09,104.98,23188,104.93,U
sh688668,鼎通科技,2025-10-29 10:56:12,104.99,6315,104.98,U
sh688668,鼎通科技,2025-10-29 10:56:15,105.0,8066,104.99,U
sh688668,鼎通科技,2025-10-29 10:56:18,105.0,50843,105.0,U
sh688668,鼎通科技,2025-10-29 10:56:21,105.0,21223,105.0,U
sh688668,鼎通科技,2025-10-29 10:56:24,105.08,4527,105.0,U
sh688668,鼎通科技,2025-10-29 10:56:30,105.01,3459,105.08,D
sh688668,鼎通科技,2025-10-29 10:56:33,105.02,8809,105.01,U
sh688668,鼎通科技,2025-10-29 10:56:39,105.02,5894,105.01,U
sh688668,鼎通科技,2025-10-29 10:56:42,105.02,3070,105.02,D
sh688668,鼎通科技,2025-10-29 10:56:45,105.02,3124,105.02,U
sh688668,鼎通科技,2025-10-29 10:56:48,105.02,7334,105.02,U
sh688668,鼎通科技,2025-10-29 10:56:51,104.99,3677,105.02,D
sh688668,鼎通科技,2025-10-29 10:56:54,104.93,4831,104.99,D
sh688668,鼎通科技,2025-10-29 10:56:57,104.93,4657,104.93,D
sh688668,鼎通科技,2025-10-29 10:57:00,104.85,6925,104.93,D
sh688668,鼎通科技,2025-10-29 10:57:03,104.88,3027,104.85,U
sh688668,鼎通科技,2025-10-29 10:57:06,104.85,3257,104.88,D
sh688668,鼎通科技,2025-10-29 10:57:12,104.65,2969,104.85,U
sh688668,鼎通科技,2025-10-29 10:57:15,104.56,2020,104.65,D
sh688668,鼎通科技,2025-10-29 10:57:18,104.6,3128,104.56,U
sh688668,鼎通科技,2025-10-29 10:57:27,104.5,2200,104.56,D
sh688668,鼎通科技,2025-10-29 10:57:30,104.6,11495,104.5,U
sh688668,鼎通科技,2025-10-29 10:57:33,104.66,3957,104.6,U
sh688668,鼎通科技,2025-10-29 10:57:36,104.65,3350,104.66,D
sh688668,鼎通科技,2025-10-29 10:57:45,104.8,7110,104.84,U
sh688668,鼎通科技,2025-10-29 10:57:51,104.99,5674,104.81,U
sh688668,鼎通科技,2025-10-29 10:57:54,104.8,6800,104.99,D
sh688668,鼎通科技,2025-10-29 10:57:57,104.81,2083,104.8,E
sh688668,鼎通科技,2025-10-29 10:58:03,105.0,10200,105.0,U
sh688668,鼎通科技,2025-10-29 10:58:06,105.0,30968,105.0,U
sh688668,鼎通科技,2025-10-29 10:58:09,105.03,15854,105.0,U
sh688668,鼎通科技,2025-10-29 10:58:12,105.01,12297,105.03,D
sh688668,鼎通科技,2025-10-29 10:58:15,105.07,3348,105.01,U
sh688668,鼎通科技,2025-10-29 10:58:18,105.08,3785,105.07,U
sh688668,鼎通科技,2025-10-29 10:58:21,105.02,2000,105.08,D
sh688668,鼎通科技,2025-10-29 10:58:24,105.03,2765,105.02,E
sh688668,鼎通科技,2025-10-29 10:58:30,105.08,4151,105.08,U
sh688668,鼎通科技,2025-10-29 10:58:33,105.08,2860,105.08,U
sh688668,鼎通科技,2025-10-29 10:58:42,105.08,9505,105.03,U
sh688668,鼎通科技,2025-10-29 10:58:45,105.19,8769,105.08,U
sh688668,鼎通科技,2025-10-29 10:58:51,104.99,8543,105.08,D
sh688668,鼎通科技,2025-10-29 10:58:57,105.19,5508,105.07,U
sh688668,鼎通科技,2025-10-29 10:59:00,104.99,26734,105.19,D
sh688668,鼎通科技,2025-10-29 10:59:03,105.2,2867,104.99,U
sh688668,鼎通科技,2025-10-29 10:59:06,105.15,11000,105.2,D
sh688668,鼎通科技,2025-10-29 10:59:21,105.02,2000,105.15,D
sh688668,鼎通科技,2025-10-29 10:59:33,105.0,2372,105.0,U
sh688668,鼎通科技,2025-10-29 10:59:36,104.8,7770,105.0,D
sh688668,鼎通科技,2025-10-29 10:59:39,104.8,2116,104.8,D
sh688668,鼎通科技,2025-10-29 10:59:51,105.04,8525,104.9,U
sh688668,鼎通科技,2025-10-29 10:59:54,105.06,13731,105.04,U
sh688668,鼎通科技,2025-10-29 10:59:57,105.24,93273,105.06,U
sh688668,鼎通科技,2025-10-29 11:00:00,105.3,4384,105.24,U
sh688668,鼎通科技,2025-10-29 11:00:03,105.44,4003,105.3,U
sh688668,鼎通科技,2025-10-29 11:00:06,105.57,17625,105.44,U
sh688668,鼎通科技,2025-10-29 11:00:09,105.68,15580,105.57,U
sh688668,鼎通科技,2025-10-29 11:00:12,105.68,13965,105.68,U
sh688668,鼎通科技,2025-10-29 11:00:15,105.8,7911,105.68,U
sh688668,鼎通科技,2025-10-29 11:00:18,105.86,10274,105.8,U
sh688668,鼎通科技,2025-10-29 11:00:21,105.95,16598,105.86,U
sh688668,鼎通科技,2025-10-29 11:00:24,106.0,13559,105.95,U
sh688668,鼎通科技,2025-10-29 11:00:27,106.0,13200,106.0,U
sh688668,鼎通科技,2025-10-29 11:00:30,106.5,6810,106.0,U
sh688668,鼎通科技,2025-10-29 11:00:33,106.5,4558,106.5,U
sh688668,鼎通科技,2025-10-29 11:00:42,106.56,2775,106.56,D
sh688668,鼎通科技,2025-10-29 11:00:45,106.58,5229,106.56,E
sh688668,鼎通科技,2025-10-29 11:00:48,106.6,26524,106.58,U
sh688668,鼎通科技,2025-10-29 11:00:51,106.58,15503,106.6,D
sh688668,鼎通科技,2025-10-29 11:00:54,106.6,8736,106.58,U
sh688668,鼎通科技,2025-10-29 11:00:57,106.63,25432,106.6,U
sh688668,鼎通科技,2025-10-29 11:01:00,106.6,10241,106.63,D
sh688668,鼎通科技,2025-10-29 11:01:03,106.64,8747,106.6,E
sh688668,鼎通科技,2025-10-29 11:01:06,106.62,8786,106.64,U
sh688668,鼎通科技,2025-10-29 11:01:09,106.64,11464,106.62,U
sh688668,鼎通科技,2025-10-29 11:01:12,106.64,4833,106.64,D
sh688668,鼎通科技,2025-10-29 11:01:15,106.59,4596,106.64,D
sh688668,鼎通科技,2025-10-29 11:01:18,106.64,10200,106.59,U
sh688668,鼎通科技,2025-10-29 11:01:21,106.64,11445,106.64,U
sh688668,鼎通科技,2025-10-29 11:01:24,106.64,8647,106.64,U
sh688668,鼎通科技,2025-10-29 11:01:27,106.62,6837,106.64,D
sh688668,鼎通科技,2025-10-29 11:01:30,106.21,3000,106.62,D
sh688668,鼎通科技,2025-10-29 11:01:39,106.29,4895,106.1,U
sh688668,鼎通科技,2025-10-29 11:01:45,106.21,3649,106.21,D
sh688668,鼎通科技,2025-10-29 11:01:48,106.25,3474,106.21,U
sh688668,鼎通科技,2025-10-29 11:01:51,106.25,4589,106.25,D
sh688668,鼎通科技,2025-10-29 11:01:57,106.5,12080,106.26,U
sh688668,鼎通科技,2025-10-29 11:02:00,106.1,2574,106.5,D
sh688668,鼎通科技,2025-10-29 11:02:03,106.21,2901,106.1,U
sh688668,鼎通科技,2025-10-29 11:02:06,106.16,2327,106.21,U
sh688668,鼎通科技,2025-10-29 11:02:09,106.1,2634,106.16,D
sh688668,鼎通科技,2025-10-29 11:02:12,106.1,6938,106.1,U
sh688668,鼎通科技,2025-10-29 11:02:18,106.1,3608,106.1,D
sh688668,鼎通科技,2025-10-29 11:02:21,106.1,2868,106.1,D
sh688668,鼎通科技,2025-10-29 11:02:24,106.1,2277,106.1,U
sh688668,鼎通科技,2025-10-29 11:02:27,106.1,14998,106.1,U
sh688668,鼎通科技,2025-10-29 11:02:36,106.04,2907,106.01,U
sh688668,鼎通科技,2025-10-29 11:02:39,106.0,14215,106.04,D
sh688668,鼎通科技,2025-10-29 11:03:06,105.68,2701,105.68,U
sh688668,鼎通科技,2025-10-29 11:03:09,105.69,7376,105.68,U
sh688668,鼎通科技,2025-10-29 11:03:12,105.9,9643,105.69,U
sh688668,鼎通科技,2025-10-29 11:03:27,106.0,7101,106.0,U
sh688668,鼎通科技,2025-10-29 11:03:33,106.0,2771,105.99,U
sh688668,鼎通科技,2025-10-29 11:03:36,105.99,2086,106.0,E
sh688668,鼎通科技,2025-10-29 11:03:48,106.0,7777,105.9,U
sh688668,鼎通科技,2025-10-29 11:04:00,105.99,3754,105.99,D
sh688668,鼎通科技,2025-10-29 11:04:06,105.8,8038,105.96,D
sh688668,鼎通科技,2025-10-29 11:04:09,106.0,13132,105.8,U
sh688668,鼎通科技,2025-10-29 11:04:51,105.96,15430,105.9,U
sh688668,鼎通科技,2025-10-29 11:04:54,105.8,9433,105.96,E
sh688668,鼎通科技,2025-10-29 11:05:00,105.99,4834,105.8,U
sh688668,鼎通科技,2025-10-29 11:05:03,105.99,5441,105.99,U
sh688668,鼎通科技,2025-10-29 11:05:21,105.88,2400,105.87,U
sh688668,鼎通科技,2025-10-29 11:05:33,105.88,13200,105.95,E
sh688668,鼎通科技,2025-10-29 11:05:45,105.78,4800,105.37,U
sh688668,鼎通科技,2025-10-29 11:05:57,105.37,5477,105.37,U
sh688668,鼎通科技,2025-10-29 11:06:12,105.33,6568,105.33,D
sh688668,鼎通科技,2025-10-29 11:06:24,105.32,2017,105.01,U
sh688668,鼎通科技,2025-10-29 11:06:27,105.32,3163,105.32,D
sh688668,鼎通科技,2025-10-29 11:06:33,105.02,2649,105.32,D
sh688668,鼎通科技,2025-10-29 11:06:39,105.0,16602,105.12,D
sh688668,鼎通科技,2025-10-29 11:06:42,105.0,3000,105.0,U
sh688668,鼎通科技,2025-10-29 11:06:45,104.99,4724,105.0,D
sh688668,鼎通科技,2025-10-29 11:06:48,104.99,5771,104.99,U
sh688668,鼎通科技,2025-10-29 11:06:51,105.0,2100,104.99,U
sh688668,鼎通科技,2025-10-29 11:07:00,105.03,2198,104.9,U
sh688668,鼎通科技,2025-10-29 11:07:03,104.99,5200,105.03,D
sh688668,鼎通科技,2025-10-29 11:07:06,105.25,7779,104.99,U
sh688668,鼎通科技,2025-10-29 11:07:09,105.33,8055,105.25,U
sh688668,鼎通科技,2025-10-29 11:07:12,105.33,5915,105.33,U
sh688668,鼎通科技,2025-10-29 11:07:15,105.33,7067,105.33,U
sh688668,鼎通科技,2025-10-29 11:07:18,105.33,2080,105.33,U
sh688668,鼎通科技,2025-10-29 11:07:21,105.33,2040,105.33,U
sh688668,鼎通科技,2025-10-29 11:07:27,105.33,3000,105.33,D
sh688668,鼎通科技,2025-10-29 11:07:30,105.38,3026,105.33,U
sh688668,鼎通科技,2025-10-29 11:07:57,105.6,9288,105.6,D
sh688668,鼎通科技,2025-10-29 11:08:00,105.5,15378,105.6,D
sh688668,鼎通科技,2025-10-29 11:08:03,105.6,6074,105.5,U
sh688668,鼎通科技,2025-10-29 11:08:15,105.59,4422,105.59,U
sh688668,鼎通科技,2025-10-29 11:08:18,105.78,7244,105.59,U
sh688668,鼎通科技,2025-10-29 11:08:21,105.9,5157,105.78,U
sh688668,鼎通科技,2025-10-29 11:08:33,105.85,2357,105.9,D
sh688668,鼎通科技,2025-10-29 11:09:00,105.59,6957,105.78,D
sh688668,鼎通科技,2025-10-29 11:09:09,105.8,9631,105.59,U
sh688668,鼎通科技,2025-10-29 11:09:12,105.9,2700,105.8,U
sh688668,鼎通科技,2025-10-29 11:10:15,105.88,2830,105.88,U
sh688668,鼎通科技,2025-10-29 11:10:36,105.88,3305,105.88,U
sh688668,鼎通科技,2025-10-29 11:10:39,105.88,3200,105.88,U
sh688668,鼎通科技,2025-10-29 11:10:45,105.85,7627,105.8,U
sh688668,鼎通科技,2025-10-29 11:10:54,105.88,2200,105.79,U
sh688668,鼎通科技,2025-10-29 11:11:09,105.79,3936,105.79,D
sh688668,鼎通科技,2025-10-29 11:11:21,105.41,7098,105.45,D
sh688668,鼎通科技,2025-10-29 11:11:24,105.41,3147,105.41,U
sh688668,鼎通科技,2025-10-29 11:11:30,105.5,5682,105.5,D
sh688668,鼎通科技,2025-10-29 11:11:42,105.79,9452,105.5,U
sh688668,鼎通科技,2025-10-29 11:11:45,105.79,2000,105.79,U
sh688668,鼎通科技,2025-10-29 11:11:48,105.52,2700,105.79,D
sh688668,鼎通科技,2025-10-29 11:11:54,105.87,7924,105.53,U
sh688668,鼎通科技,2025-10-29 11:11:57,105.99,20149,105.87,U
sh688668,鼎通科技,2025-10-29 11:12:00,106.0,25901,105.99,U
sh688668,鼎通科技,2025-10-29 11:12:03,106.1,24094,106.0,U
sh688668,鼎通科技,2025-10-29 11:12:06,106.01,12308,106.1,D
sh688668,鼎通科技,2025-10-29 11:12:09,106.25,10070,106.01,U
sh688668,鼎通科技,2025-10-29 11:12:12,106.3,10284,106.25,U
sh688668,鼎通科技,2025-10-29 11:12:15,106.38,3234,106.3,U
sh688668,鼎通科技,2025-10-29 11:12:18,106.5,22000,106.38,U
sh688668,鼎通科技,2025-10-29 11:12:21,106.5,5732,106.5,U
sh688668,鼎通科技,2025-10-29 11:12:27,106.49,28959,106.5,E
sh688668,鼎通科技,2025-10-29 11:12:42,106.28,2345,106.38,D
sh688668,鼎通科技,2025-10-29 11:13:00,106.27,7357,106.3,D
sh688668,鼎通科技,2025-10-29 11:13:03,106.16,2906,106.27,D
sh688668,鼎通科技,2025-10-29 11:13:15,106.0,2650,106.27,D
sh688668,鼎通科技,2025-10-29 11:13:36,106.09,3595,106.09,U
sh688668,鼎通科技,2025-10-29 11:13:39,106.16,4105,106.09,U
sh688668,鼎通科技,2025-10-29 11:14:00,106.13,8047,106.11,U
sh688668,鼎通科技,2025-10-29 11:14:15,106.2,6509,106.14,U
sh688668,鼎通科技,2025-10-29 11:14:24,106.14,40400,106.14,U
sh688668,鼎通科技,2025-10-29 11:14:27,106.18,7750,106.14,U
sh688668,鼎通科技,2025-10-29 11:14:30,106.14,2314,106.18,D
sh688668,鼎通科技,2025-10-29 11:15:03,106.01,3682,106.0,U
sh688668,鼎通科技,2025-10-29 11:15:09,106.05,2383,106.01,U
sh688668,鼎通科技,2025-10-29 11:15:12,106.08,2561,106.05,U
sh688668,鼎通科技,2025-10-29 11:15:24,106.14,8773,106.08,U
sh688668,鼎通科技,2025-10-29 11:15:27,106.2,3864,106.14,U
sh688668,鼎通科技,2025-10-29 11:15:42,106.2,5889,106.18,U
sh688668,鼎通科技,2025-10-29 11:15:51,106.19,2848,106.2,D
sh688668,鼎通科技,2025-10-29 11:16:03,106.2,17114,106.19,U
sh688668,鼎通科技,2025-10-29 11:16:06,106.19,4605,106.2,D
sh688668,鼎通科技,2025-10-29 11:16:18,106.19,3697,106.19,D
sh688668,鼎通科技,2025-10-29 11:16:27,106.17,3800,106.2,D
sh688668,鼎通科技,2025-10-29 11:17:00,105.63,8078,105.81,D
sh688668,鼎通科技,2025-10-29 11:17:21,105.7,3243,105.61,U
sh688668,鼎通科技,2025-10-29 11:17:45,105.7,17456,105.7,D
sh688668,鼎通科技,2025-10-29 11:17:51,105.72,9062,105.68,U
sh688668,鼎通科技,2025-10-29 11:18:00,105.72,2936,105.71,U
sh688668,鼎通科技,2025-10-29 11:18:12,106.06,5000,105.77,U
sh688668,鼎通科技,2025-10-29 11:18:57,106.0,1987,106.0,U
sh688668,鼎通科技,2025-10-29 11:19:18,106.05,2100,106.0,U
sh688668,鼎通科技,2025-10-29 11:19:48,104.7,27364,105.9,D
sh688668,鼎通科技,2025-10-29 11:20:00,104.72,10678,105.9,D
sh688668,鼎通科技,2025-10-29 11:20:09,106.1,10000,104.72,U
sh688668,鼎通科技,2025-10-29 11:20:39,105.12,3926,105.11,E
sh688668,鼎通科技,2025-10-29 11:22:33,105.21,5382,105.34,D
sh688668,鼎通科技,2025-10-29 11:22:36,105.21,6010,105.21,U
sh688668,鼎通科技,2025-10-29 11:22:48,105.22,2632,105.21,U
sh688668,鼎通科技,2025-10-29 11:24:00,104.82,4924,104.82,D
sh688668,鼎通科技,2025-10-29 11:24:03,105.0,16430,104.82,U
sh688668,鼎通科技,2025-10-29 11:24:06,105.0,10103,105.0,D
sh688668,鼎通科技,2025-10-29 11:24:09,104.8,2607,105.0,D
sh688668,鼎通科技,2025-10-29 11:24:12,104.91,2479,104.8,E
sh688668,鼎通科技,2025-10-29 11:24:21,104.99,9129,104.8,U
sh688668,鼎通科技,2025-10-29 11:24:33,105.24,43655,105.14,U
sh688668,鼎通科技,2025-10-29 11:25:00,105.6,2936,105.6,D
sh688668,鼎通科技,2025-10-29 11:25:03,105.66,1904,105.6,U
sh688668,鼎通科技,2025-10-29 11:25:06,105.66,2398,105.66,D
sh688668,鼎通科技,2025-10-29 11:25:12,105.66,21770,105.66,U
sh688668,鼎通科技,2025-10-29 11:25:24,105.99,9279,105.64,U
sh688668,鼎通科技,2025-10-29 11:25:30,106.16,58206,105.99,U
sh688668,鼎通科技,2025-10-29 11:25:33,106.3,74502,106.16,U
sh688668,鼎通科技,2025-10-29 11:25:36,106.4,11606,106.3,U
sh688668,鼎通科技,2025-10-29 11:25:42,106.5,11564,106.49,U
sh688668,鼎通科技,2025-10-29 11:25:45,106.51,17108,106.5,U
sh688668,鼎通科技,2025-10-29 11:25:48,106.58,5200,106.51,U
sh688668,鼎通科技,2025-10-29 11:25:51,106.6,7730,106.58,U
sh688668,鼎通科技,2025-10-29 11:25:54,106.6,5250,106.6,U
sh688668,鼎通科技,2025-10-29 11:25:57,106.6,2440,106.6,U
sh688668,鼎通科技,2025-10-29 11:26:00,106.6,6750,106.6,U
sh688668,鼎通科技,2025-10-29 11:26:03,106.59,12305,106.6,D
sh688668,鼎通科技,2025-10-29 11:26:06,106.43,4297,106.59,D
sh688668,鼎通科技,2025-10-29 11:26:09,106.59,5802,106.43,U
sh688668,鼎通科技,2025-10-29 11:26:12,106.59,3905,106.59,U
sh688668,鼎通科技,2025-10-29 11:26:18,106.41,1900,106.59,D
sh688668,鼎通科技,2025-10-29 11:26:24,106.62,57879,106.41,U
sh688668,鼎通科技,2025-10-29 11:26:27,106.69,16575,106.62,U
sh688668,鼎通科技,2025-10-29 11:26:30,106.66,4559,106.69,D
sh688668,鼎通科技,2025-10-29 11:26:33,106.7,12211,106.66,U
sh688668,鼎通科技,2025-10-29 11:26:36,106.78,2123,106.7,U
sh688668,鼎通科技,2025-10-29 11:26:39,106.8,4613,106.78,U
sh688668,鼎通科技,2025-10-29 11:26:42,106.8,6316,106.8,U
sh688668,鼎通科技,2025-10-29 11:26:48,106.8,10209,106.8,U
sh688668,鼎通科技,2025-10-29 11:26:51,106.8,20047,106.8,U
sh688668,鼎通科技,2025-10-29 11:26:54,106.86,4739,106.8,U
sh688668,鼎通科技,2025-10-29 11:27:00,106.8,13810,106.82,D
sh688668,鼎通科技,2025-10-29 11:27:03,106.86,2228,106.8,U
sh688668,鼎通科技,2025-10-29 11:27:06,106.89,2280,106.86,U
sh688668,鼎通科技,2025-10-29 11:27:18,106.86,2944,106.86,D
sh688668,鼎通科技,2025-10-29 11:27:21,106.86,6201,106.86,D
sh688668,鼎通科技,2025-10-29 11:27:27,106.82,4000,106.86,D
sh688668,鼎通科技,2025-10-29 11:27:33,106.77,6339,106.82,D
sh688668,鼎通科技,2025-10-29 11:27:51,106.39,9400,106.39,D
sh688668,鼎通科技,2025-10-29 11:27:57,106.39,3300,106.39,D
sh688668,鼎通科技,2025-10-29 11:28:06,106.39,2380,106.39,U
sh688668,鼎通科技,2025-10-29 11:28:33,106.13,2706,106.14,U
sh688668,鼎通科技,2025-10-29 11:28:54,106.13,6472,106.13,D
sh688668,鼎通科技,2025-10-29 11:29:00,106.13,3535,106.13,U
sh688668,鼎通科技,2025-10-29 11:29:06,106.5,6982,106.13,U
sh688668,鼎通科技,2025-10-29 11:29:09,106.5,4018,106.5,D
sh688668,鼎通科技,2025-10-29 11:29:24,106.5,2000,106.5,D
sh688668,鼎通科技,2025-10-29 11:29:36,106.5,4613,106.51,E
sh688668,鼎通科技,2025-10-29 11:29:39,106.51,2021,106.5,U
sh688668,鼎通科技,2025-10-29 11:29:42,106.34,2139,106.51,D
sh688668,鼎通科技,2025-10-29 11:29:54,106.51,2728,106.51,U
sh688668,鼎通科技,2025-10-29 13:00:00,106.5,6445,106.51,D
sh688668,鼎通科技,2025-10-29 13:00:03,106.66,9693,106.5,U
sh688668,鼎通科技,2025-10-29 13:00:06,106.51,7461,106.66,D
sh688668,鼎通科技,2025-10-29 13:00:09,106.86,9800,106.51,U
sh688668,鼎通科技,2025-10-29 13:00:12,106.6,9237,106.86,E
sh688668,鼎通科技,2025-10-29 13:00:15,106.54,4124,106.6,E
sh688668,鼎通科技,2025-10-29 13:00:18,106.6,5347,106.54,U
sh688668,鼎通科技,2025-10-29 13:00:21,106.62,18561,106.6,U
sh688668,鼎通科技,2025-10-29 13:00:24,106.45,7659,106.62,D
sh688668,鼎通科技,2025-10-29 13:00:27,106.62,4475,106.45,U
sh688668,鼎通科技,2025-10-29 13:00:51,106.86,3944,106.86,U
sh688668,鼎通科技,2025-10-29 13:00:54,106.88,1972,106.86,E
sh688668,鼎通科技,2025-10-29 13:01:00,106.86,9404,106.9,D
sh688668,鼎通科技,2025-10-29 13:01:03,106.89,3973,106.86,E
sh688668,鼎通科技,2025-10-29 13:01:06,106.9,3713,106.89,U
sh688668,鼎通科技,2025-10-29 13:01:09,106.35,11365,106.9,D
sh688668,鼎通科技,2025-10-29 13:01:24,106.2,6418,106.67,D
sh688668,鼎通科技,2025-10-29 13:01:36,106.1,6253,106.16,D
sh688668,鼎通科技,2025-10-29 13:01:45,106.01,4698,106.03,D
sh688668,鼎通科技,2025-10-29 13:01:51,105.5,4180,105.66,D
sh688668,鼎通科技,2025-10-29 13:01:57,105.99,2936,105.03,U
sh688668,鼎通科技,2025-10-29 13:02:09,105.06,4090,105.99,D
sh688668,鼎通科技,2025-10-29 13:02:12,105.02,7199,105.06,D
sh688668,鼎通科技,2025-10-29 13:03:12,105.12,3885,105.2,D
sh688668,鼎通科技,2025-10-29 13:03:15,105.08,2675,105.12,D
sh688668,鼎通科技,2025-10-29 13:03:18,105.19,3691,105.08,U
sh688668,鼎通科技,2025-10-29 13:03:45,105.2,6582,105.19,U
sh688668,鼎通科技,2025-10-29 13:04:03,105.11,1974,105.2,D
sh688668,鼎通科技,2025-10-29 13:04:09,105.11,2400,105.11,U
sh688668,鼎通科技,2025-10-29 13:04:15,105.11,2863,105.11,U
sh688668,鼎通科技,2025-10-29 13:04:39,105.19,3200,105.12,U
sh688668,鼎通科技,2025-10-29 13:04:42,104.9,15614,105.19,D
sh688668,鼎通科技,2025-10-29 13:04:51,104.97,2601,104.97,U
sh688668,鼎通科技,2025-10-29 13:04:54,104.97,2399,104.97,D
sh688668,鼎通科技,2025-10-29 13:05:12,104.9,2000,104.97,D
sh688668,鼎通科技,2025-10-29 13:05:21,104.88,4339,104.9,D
sh688668,鼎通科技,2025-10-29 13:05:27,104.79,5198,104.82,D
sh688668,鼎通科技,2025-10-29 13:05:48,104.67,4900,104.7,U
sh688668,鼎通科技,2025-10-29 13:06:21,104.71,13100,104.7,E
sh688668,鼎通科技,2025-10-29 13:06:33,104.7,5466,104.71,D
sh688668,鼎通科技,2025-10-29 13:06:42,104.6,2095,104.65,D
sh688668,鼎通科技,2025-10-29 13:06:51,104.6,4300,104.6,D
sh688668,鼎通科技,2025-10-29 13:07:00,104.51,2106,104.61,D
sh688668,鼎通科技,2025-10-29 13:07:03,104.61,2254,104.51,U
sh688668,鼎通科技,2025-10-29 13:07:18,104.6,6457,104.61,D
sh688668,鼎通科技,2025-10-29 13:07:24,104.6,4443,104.6,U
sh688668,鼎通科技,2025-10-29 13:07:45,104.9,3271,104.87,U
sh688668,鼎通科技,2025-10-29 13:08:06,105.19,2571,105.0,U
sh688668,鼎通科技,2025-10-29 13:08:12,104.87,6892,105.0,D
sh688668,鼎通科技,2025-10-29 13:08:30,104.6,6952,104.71,D
sh688668,鼎通科技,2025-10-29 13:09:03,104.61,6349,104.61,D
sh688668,鼎通科技,2025-10-29 13:09:45,104.6,8129,104.62,D
sh688668,鼎通科技,2025-10-29 13:10:00,104.51,3849,104.53,D
sh688668,鼎通科技,2025-10-29 13:10:03,104.51,2325,104.51,D
sh688668,鼎通科技,2025-10-29 13:10:09,104.4,4561,104.43,D
sh688668,鼎通科技,2025-10-29 13:10:27,104.56,22646,104.11,U
sh688668,鼎通科技,2025-10-29 13:10:30,104.17,3630,104.56,D
sh688668,鼎通科技,2025-10-29 13:10:33,104.18,2301,104.17,E
sh688668,鼎通科技,2025-10-29 13:11:24,104.25,2815,104.28,D
sh688668,鼎通科技,2025-10-29 13:11:27,104.23,2047,104.25,D
sh688668,鼎通科技,2025-10-29 13:11:39,104.28,3908,104.25,U
sh688668,鼎通科技,2025-10-29 13:12:54,104.39,5741,104.45,D
sh688668,鼎通科技,2025-10-29 13:13:27,104.4,5197,104.4,D
sh688668,鼎通科技,2025-10-29 13:13:39,104.37,4288,104.4,D
sh688668,鼎通科技,2025-10-29 13:13:45,104.32,2683,104.4,D
sh688668,鼎通科技,2025-10-29 13:14:36,104.59,2636,104.58,U
sh688668,鼎通科技,2025-10-29 13:14:57,104.6,1993,104.6,U
sh688668,鼎通科技,2025-10-29 13:15:00,104.6,5200,104.6,U
sh688668,鼎通科技,2025-10-29 13:15:06,104.81,4350,104.8,U
sh688668,鼎通科技,2025-10-29 13:15:45,104.98,6984,104.98,D
sh688668,鼎通科技,2025-10-29 13:15:51,104.98,8693,105.0,D
sh688668,鼎通科技,2025-10-29 13:15:54,104.91,2225,104.98,D
sh688668,鼎通科技,2025-10-29 13:16:03,104.81,2515,104.91,D
sh688668,鼎通科技,2025-10-29 13:16:06,104.88,3781,104.81,U
sh688668,鼎通科技,2025-10-29 13:16:27,104.59,4779,104.6,D
sh688668,鼎通科技,2025-10-29 13:17:30,104.5,2789,104.58,D
sh688668,鼎通科技,2025-10-29 13:18:18,104.4,2102,104.47,D
sh688668,鼎通科技,2025-10-29 13:18:24,104.33,6801,104.38,D
sh688668,鼎通科技,2025-10-29 13:18:27,104.38,4298,104.33,U
sh688668,鼎通科技,2025-10-29 13:18:36,104.3,2789,104.38,D
sh688668,鼎通科技,2025-10-29 13:19:06,104.38,10863,104.31,U
sh688668,鼎通科技,2025-10-29 13:19:09,104.5,2130,104.38,U
sh688668,鼎通科技,2025-10-29 13:19:39,104.58,3434,104.57,U
sh688668,鼎通科技,2025-10-29 13:20:18,104.58,2151,104.59,D
sh688668,鼎通科技,2025-10-29 13:20:39,104.59,5951,104.57,U
sh688668,鼎通科技,2025-10-29 13:21:12,105.0,2087,104.88,U
sh688668,鼎通科技,2025-10-29 13:21:33,104.99,2770,104.99,U
sh688668,鼎通科技,2025-10-29 13:21:36,105.27,9048,104.99,U
sh688668,鼎通科技,2025-10-29 13:22:00,104.99,2041,104.91,U
sh688668,鼎通科技,2025-10-29 13:22:12,104.98,2695,104.99,D
sh688668,鼎通科技,2025-10-29 13:22:15,104.87,6103,104.98,D
sh688668,鼎通科技,2025-10-29 13:22:18,104.6,4663,104.87,D
sh688668,鼎通科技,2025-10-29 13:22:24,104.59,6336,104.8,D
sh688668,鼎通科技,2025-10-29 13:23:27,104.5,5000,104.59,D
sh688668,鼎通科技,2025-10-29 13:23:39,104.47,3000,104.5,D
sh688668,鼎通科技,2025-10-29 13:23:51,104.47,8466,104.47,D
sh688668,鼎通科技,2025-10-29 13:24:18,104.51,8248,104.52,D
sh688668,鼎通科技,2025-10-29 13:25:06,104.5,13678,104.58,D
sh688668,鼎通科技,2025-10-29 13:25:09,104.48,3938,104.5,D
sh688668,鼎通科技,2025-10-29 13:25:21,104.5,3352,104.46,U
sh688668,鼎通科技,2025-10-29 13:26:00,104.46,2460,104.62,D
sh688668,鼎通科技,2025-10-29 13:27:06,104.53,1978,104.53,U
sh688668,鼎通科技,2025-10-29 13:28:00,104.53,3280,104.64,D
sh688668,鼎通科技,2025-10-29 13:28:03,104.52,6044,104.53,D
sh688668,鼎通科技,2025-10-29 13:28:24,104.5,11256,104.53,D
sh688668,鼎通科技,2025-10-29 13:28:30,104.54,6697,104.54,D
sh688668,鼎通科技,2025-10-29 13:28:33,104.39,5261,104.54,D
sh688668,鼎通科技,2025-10-29 13:29:42,104.39,2000,104.4,D
sh688668,鼎通科技,2025-10-29 13:29:54,104.38,3749,104.4,D
sh688668,鼎通科技,2025-10-29 13:30:03,104.35,11066,104.4,D
sh688668,鼎通科技,2025-10-29 13:30:06,104.31,4634,104.35,D
sh688668,鼎通科技,2025-10-29 13:30:24,104.28,3962,104.28,D
sh688668,鼎通科技,2025-10-29 13:31:09,104.14,4824,104.14,U
sh688668,鼎通科技,2025-10-29 13:31:39,104.13,2368,104.16,D
sh688668,鼎通科技,2025-10-29 13:32:39,104.15,3570,104.16,D
sh688668,鼎通科技,2025-10-29 13:33:03,104.16,2976,104.15,U
sh688668,鼎通科技,2025-10-29 13:34:06,104.5,2973,104.26,U
sh688668,鼎通科技,2025-10-29 13:35:30,104.51,5079,104.34,U
sh688668,鼎通科技,2025-10-29 13:36:15,104.32,2500,104.32,D
sh688668,鼎通科技,2025-10-29 13:37:45,104.53,2864,104.35,U
sh688668,鼎通科技,2025-10-29 13:38:18,104.31,3711,104.53,D
sh688668,鼎通科技,2025-10-29 13:38:21,104.27,3639,104.31,D
sh688668,鼎通科技,2025-10-29 13:40:18,104.16,2517,104.43,D
sh688668,鼎通科技,2025-10-29 13:40:27,104.12,3989,104.16,D
sh688668,鼎通科技,2025-10-29 13:42:24,104.2,4515,104.2,U
sh688668,鼎通科技,2025-10-29 13:44:36,104.43,1980,104.47,D
sh688668,鼎通科技,2025-10-29 13:44:51,104.55,2839,104.5,U
sh688668,鼎通科技,2025-10-29 13:45:09,104.55,3754,104.55,U
sh688668,鼎通科技,2025-10-29 13:45:21,104.44,6538,104.6,D
sh688668,鼎通科技,2025-10-29 13:45:27,104.43,6554,104.44,D
sh688668,鼎通科技,2025-10-29 13:45:30,104.2,2754,104.43,D
sh688668,鼎通科技,2025-10-29 13:45:36,104.2,3200,104.19,E
sh688668,鼎通科技,2025-10-29 13:47:03,104.2,3200,104.19,E
sh688668,鼎通科技,2025-10-29 13:47:33,104.29,1996,104.21,U
sh688668,鼎通科技,2025-10-29 13:47:45,104.16,15353,104.2,D
sh688668,鼎通科技,2025-10-29 13:48:00,104.15,17210,104.16,D
sh688668,鼎通科技,2025-10-29 13:48:06,104.01,3106,104.01,D
sh688668,鼎通科技,2025-10-29 13:48:09,103.88,37457,104.01,D
sh688668,鼎通科技,2025-10-29 13:48:12,103.8,9119,103.88,D
sh688668,鼎通科技,2025-10-29 13:48:27,103.66,3148,103.67,D
sh688668,鼎通科技,2025-10-29 13:48:39,103.6,4674,103.62,D
sh688668,鼎通科技,2025-10-29 13:48:42,103.56,2316,103.6,D
sh688668,鼎通科技,2025-10-29 13:49:03,103.55,2608,103.55,U
sh688668,鼎通科技,2025-10-29 13:49:06,103.55,5219,103.55,U
sh688668,鼎通科技,2025-10-29 13:49:12,103.51,3081,103.51,D
sh688668,鼎通科技,2025-10-29 13:49:18,103.51,4165,103.5,U
sh688668,鼎通科技,2025-10-29 13:49:21,103.5,2459,103.51,D
sh688668,鼎通科技,2025-10-29 13:49:57,103.34,2647,103.35,D
sh688668,鼎通科技,2025-10-29 13:50:12,103.28,3906,103.34,D
sh688668,鼎通科技,2025-10-29 13:50:15,103.2,8598,103.28,D
sh688668,鼎通科技,2025-10-29 13:50:18,103.05,3302,103.2,D
sh688668,鼎通科技,2025-10-29 13:50:30,103.05,2333,103.06,D
sh688668,鼎通科技,2025-10-29 13:50:36,103.04,3312,103.19,D
sh688668,鼎通科技,2025-10-29 13:50:39,103.19,2279,103.04,U
sh688668,鼎通科技,2025-10-29 13:50:42,103.03,4957,103.19,D
sh688668,鼎通科技,2025-10-29 13:50:45,103.23,2160,103.03,U
sh688668,鼎通科技,2025-10-29 13:50:48,103.01,2200,103.23,D
sh688668,鼎通科技,2025-10-29 13:50:51,103.0,13968,103.01,D
sh688668,鼎通科技,2025-10-29 13:50:57,103.02,2299,103.0,D
sh688668,鼎通科技,2025-10-29 13:51:00,103.02,5137,103.02,E
sh688668,鼎通科技,2025-10-29 13:51:09,102.95,10377,103.02,D
sh688668,鼎通科技,2025-10-29 13:51:12,103.2,16629,102.95,U
sh688668,鼎通科技,2025-10-29 13:51:15,103.2,6339,103.2,D
sh688668,鼎通科技,2025-10-29 13:51:27,103.4,4611,103.4,U
sh688668,鼎通科技,2025-10-29 13:51:36,103.4,3688,103.47,D
sh688668,鼎通科技,2025-10-29 13:52:03,103.5,5838,103.37,U
sh688668,鼎通科技,2025-10-29 13:52:24,103.62,3645,103.54,U
sh688668,鼎通科技,2025-10-29 13:52:27,103.5,13077,103.62,D
sh688668,鼎通科技,2025-10-29 13:52:30,103.37,3901,103.5,D
sh688668,鼎通科技,2025-10-29 13:52:33,103.5,5000,103.37,U
sh688668,鼎通科技,2025-10-29 13:52:36,103.5,2569,103.5,U
sh688668,鼎通科技,2025-10-29 13:52:42,103.25,4886,103.25,U
sh688668,鼎通科技,2025-10-29 13:52:48,103.25,2184,103.23,U
sh688668,鼎通科技,2025-10-29 13:52:51,103.21,2337,103.25,D
sh688668,鼎通科技,2025-10-29 13:53:15,103.18,4700,103.12,E
sh688668,鼎通科技,2025-10-29 13:53:18,103.12,2357,103.18,D
sh688668,鼎通科技,2025-10-29 13:53:27,103.02,2419,103.02,U
sh688668,鼎通科技,2025-10-29 13:53:30,103.0,2280,103.02,D
sh688668,鼎通科技,2025-10-29 13:53:33,103.02,5243,103.0,U
sh688668,鼎通科技,2025-10-29 13:53:36,103.13,12837,103.02,U
sh688668,鼎通科技,2025-10-29 13:53:42,103.13,4180,103.18,D
sh688668,鼎通科技,2025-10-29 13:53:45,103.13,10852,103.13,D
sh688668,鼎通科技,2025-10-29 13:53:57,103.18,4200,103.18,U
sh688668,鼎通科技,2025-10-29 13:54:15,103.17,2600,103.18,E
sh688668,鼎通科技,2025-10-29 13:54:27,103.16,5200,103.16,U
sh688668,鼎通科技,2025-10-29 13:55:12,103.13,2362,103.13,D
sh688668,鼎通科技,2025-10-29 13:55:33,103.14,2000,103.14,U
sh688668,鼎通科技,2025-10-29 13:55:36,103.13,5522,103.14,D
sh688668,鼎通科技,2025-10-29 13:56:21,103.0,10918,103.02,D
sh688668,鼎通科技,2025-10-29 13:56:24,103.03,2482,103.0,U
sh688668,鼎通科技,2025-10-29 13:56:33,103.0,5631,103.03,D
sh688668,鼎通科技,2025-10-29 13:56:48,102.97,5845,103.0,D
sh688668,鼎通科技,2025-10-29 13:56:51,102.95,2641,102.97,D
sh688668,鼎通科技,2025-10-29 13:57:00,102.96,2359,102.96,D
sh688668,鼎通科技,2025-10-29 13:57:24,102.97,2740,102.97,U
sh688668,鼎通科技,2025-10-29 13:57:30,102.96,2416,102.97,D
sh688668,鼎通科技,2025-10-29 13:58:00,103.03,5944,102.97,U
sh688668,鼎通科技,2025-10-29 13:58:12,103.03,3623,102.96,U
sh688668,鼎通科技,2025-10-29 13:58:15,102.97,2564,103.03,D
sh688668,鼎通科技,2025-10-29 13:58:24,102.97,2249,102.97,U
sh688668,鼎通科技,2025-10-29 13:58:30,102.97,6265,102.97,U
sh688668,鼎通科技,2025-10-29 13:58:33,102.97,3723,102.97,U
sh688668,鼎通科技,2025-10-29 13:58:45,102.96,5000,102.96,D
sh688668,鼎通科技,2025-10-29 13:59:06,102.97,3622,102.97,U
sh688668,鼎通科技,2025-10-29 13:59:12,102.96,9712,102.97,D
sh688668,鼎通科技,2025-10-29 13:59:15,102.97,3356,102.96,U
sh688668,鼎通科技,2025-10-29 14:00:00,102.95,15208,102.95,U
sh688668,鼎通科技,2025-10-29 14:00:12,102.95,4431,102.95,D
sh688668,鼎通科技,2025-10-29 14:00:24,103.03,6700,102.95,U
sh688668,鼎通科技,2025-10-29 14:00:45,103.06,1976,103.07,D
sh688668,鼎通科技,2025-10-29 14:00:54,103.0,4032,102.95,U
sh688668,鼎通科技,2025-10-29 14:01:15,102.99,2470,102.99,U
sh688668,鼎通科技,2025-10-29 14:01:27,102.89,6397,102.96,D
sh688668,鼎通科技,2025-10-29 14:01:42,102.89,4058,102.9,D
sh688668,鼎通科技,2025-10-29 14:01:54,102.89,2943,102.9,D
sh688668,鼎通科技,2025-10-29 14:02:09,102.89,2000,102.89,U
sh688668,鼎通科技,2025-10-29 14:03:06,102.9,3432,102.89,U
sh688668,鼎通科技,2025-10-29 14:03:21,102.96,2049,102.9,U
sh688668,鼎通科技,2025-10-29 14:03:24,102.96,2872,102.96,U
sh688668,鼎通科技,2025-10-29 14:03:27,102.96,23489,102.96,U
sh688668,鼎通科技,2025-10-29 14:03:39,102.8,20000,102.96,D
sh688668,鼎通科技,2025-10-29 14:03:42,102.8,3164,102.8,D
sh688668,鼎通科技,2025-10-29 14:03:57,102.78,9355,102.88,D
sh688668,鼎通科技,2025-10-29 14:05:00,102.7,5060,102.71,D
sh688668,鼎通科技,2025-10-29 14:05:45,102.58,4423,102.57,U
sh688668,鼎通科技,2025-10-29 14:05:54,102.58,2500,102.69,E
sh688668,鼎通科技,2025-10-29 14:06:09,102.71,2401,102.7,U
sh688668,鼎通科技,2025-10-29 14:06:15,102.71,2821,102.71,U
sh688668,鼎通科技,2025-10-29 14:06:21,102.78,5588,102.78,U
sh688668,鼎通科技,2025-10-29 14:06:45,103.0,5781,102.71,U
sh688668,鼎通科技,2025-10-29 14:06:48,103.0,5018,103.0,D
sh688668,鼎通科技,2025-10-29 14:07:03,103.0,14711,103.06,D
sh688668,鼎通科技,2025-10-29 14:07:06,103.0,2091,103.0,U
sh688668,鼎通科技,2025-10-29 14:07:33,102.73,2205,102.72,U
sh688668,鼎通科技,2025-10-29 14:07:45,102.73,2007,102.71,U
sh688668,鼎通科技,2025-10-29 14:07:54,102.71,3851,102.73,D
sh688668,鼎通科技,2025-10-29 14:08:24,103.02,2243,103.0,U
sh688668,鼎通科技,2025-10-29 14:09:03,103.02,1989,103.02,U
sh688668,鼎通科技,2025-10-29 14:09:06,103.01,2506,103.02,D
sh688668,鼎通科技,2025-10-29 14:09:27,102.92,4189,103.0,D
sh688668,鼎通科技,2025-10-29 14:09:42,102.8,2446,102.9,D
sh688668,鼎通科技,2025-10-29 14:09:48,102.8,2233,102.89,D
sh688668,鼎通科技,2025-10-29 14:10:24,102.79,2300,102.78,U
sh688668,鼎通科技,2025-10-29 14:10:42,102.78,2500,102.8,D
sh688668,鼎通科技,2025-10-29 14:10:51,102.76,2146,102.78,D
sh688668,鼎通科技,2025-10-29 14:10:57,102.75,2300,102.76,D
sh688668,鼎通科技,2025-10-29 14:11:06,102.75,5690,102.75,U
sh688668,鼎通科技,2025-10-29 14:11:18,102.74,4929,102.73,U
sh688668,鼎通科技,2025-10-29 14:12:03,102.74,6946,102.73,U
sh688668,鼎通科技,2025-10-29 14:12:30,102.76,3134,102.75,U
sh688668,鼎通科技,2025-10-29 14:12:57,102.75,2253,102.75,U
sh688668,鼎通科技,2025-10-29 14:13:42,102.75,2155,102.76,D
sh688668,鼎通科技,2025-10-29 14:15:39,102.9,2294,102.88,U
sh688668,鼎通科技,2025-10-29 14:16:18,102.9,2345,102.9,U
sh688668,鼎通科技,2025-10-29 14:16:27,102.9,3661,102.9,U
sh688668,鼎通科技,2025-10-29 14:16:45,102.87,3424,102.9,D
sh688668,鼎通科技,2025-10-29 14:16:51,102.87,1965,102.8,U
sh688668,鼎通科技,2025-10-29 14:17:12,102.79,6813,102.86,D
sh688668,鼎通科技,2025-10-29 14:17:15,102.85,9476,102.79,U
sh688668,鼎通科技,2025-10-29 14:18:09,102.9,3150,102.89,U
sh688668,鼎通科技,2025-10-29 14:18:12,102.9,4609,102.9,U
sh688668,鼎通科技,2025-10-29 14:19:00,103.0,4953,102.92,U
sh688668,鼎通科技,2025-10-29 14:19:06,102.9,10114,102.91,D
sh688668,鼎通科技,2025-10-29 14:19:09,102.8,5163,102.9,D
sh688668,鼎通科技,2025-10-29 14:19:36,102.82,6700,102.86,E
sh688668,鼎通科技,2025-10-29 14:19:54,102.8,2963,102.8,D
sh688668,鼎通科技,2025-10-29 14:20:03,102.81,2376,102.81,D
sh688668,鼎通科技,2025-10-29 14:20:33,102.81,2350,102.87,D
sh688668,鼎通科技,2025-10-29 14:20:45,102.87,8200,102.81,E
sh688668,鼎通科技,2025-10-29 14:20:51,102.99,2070,102.87,U
sh688668,鼎通科技,2025-10-29 14:20:54,102.89,14098,102.99,D
sh688668,鼎通科技,2025-10-29 14:20:57,102.82,3747,102.89,D
sh688668,鼎通科技,2025-10-29 14:21:12,102.82,9179,102.81,D
sh688668,鼎通科技,2025-10-29 14:21:27,102.82,1962,102.83,D
sh688668,鼎通科技,2025-10-29 14:21:39,102.98,3844,102.97,U
sh688668,鼎通科技,2025-10-29 14:21:48,102.97,4323,102.97,U
sh688668,鼎通科技,2025-10-29 14:21:51,102.97,5751,102.97,D
sh688668,鼎通科技,2025-10-29 14:22:06,102.97,4432,102.98,D
sh688668,鼎通科技,2025-10-29 14:22:12,102.98,4167,102.97,U
sh688668,鼎通科技,2025-10-29 14:22:39,103.01,3532,102.99,U
sh688668,鼎通科技,2025-10-29 14:22:42,102.99,5434,103.01,D
sh688668,鼎通科技,2025-10-29 14:22:45,103.01,5187,102.99,U
sh688668,鼎通科技,2025-10-29 14:23:00,103.01,2400,103.01,D
sh688668,鼎通科技,2025-10-29 14:23:06,102.98,2252,103.01,D
sh688668,鼎通科技,2025-10-29 14:23:09,103.13,5056,102.98,U
sh688668,鼎通科技,2025-10-29 14:23:27,103.15,4086,103.13,U
sh688668,鼎通科技,2025-10-29 14:24:06,103.3,3069,103.11,U
sh688668,鼎通科技,2025-10-29 14:24:54,103.3,2232,103.49,D
sh688668,鼎通科技,2025-10-29 14:24:57,103.7,2718,103.3,U
sh688668,鼎通科技,2025-10-29 14:25:00,103.7,3483,103.7,U
sh688668,鼎通科技,2025-10-29 14:25:06,103.67,3281,103.7,E
sh688668,鼎通科技,2025-10-29 14:25:15,103.28,5880,103.38,D
sh688668,鼎通科技,2025-10-29 14:25:27,103.3,3700,103.3,U
sh688668,鼎通科技,2025-10-29 14:25:30,103.29,3268,103.3,U
sh688668,鼎通科技,2025-10-29 14:25:36,103.28,3202,103.28,D
sh688668,鼎通科技,2025-10-29 14:25:45,103.25,4900,103.21,E
sh688668,鼎通科技,2025-10-29 14:26:33,103.22,2205,103.22,U
sh688668,鼎通科技,2025-10-29 14:27:06,103.25,2862,103.24,U
sh688668,鼎通科技,2025-10-29 14:27:15,103.45,2731,103.46,E
sh688668,鼎通科技,2025-10-29 14:28:03,103.23,2030,103.23,U
sh688668,鼎通科技,2025-10-29 14:28:06,103.23,2765,103.23,D
sh688668,鼎通科技,2025-10-29 14:28:18,103.28,3179,103.27,U
sh688668,鼎通科技,2025-10-29 14:28:54,103.33,2584,103.46,D
sh688668,鼎通科技,2025-10-29 14:29:36,103.28,10797,103.5,D
sh688668,鼎通科技,2025-10-29 14:29:45,103.27,2079,103.5,D
sh688668,鼎通科技,2025-10-29 14:30:03,103.43,3416,103.48,D
sh688668,鼎通科技,2025-10-29 14:30:18,103.29,1947,103.4,D
sh688668,鼎通科技,2025-10-29 14:30:33,103.5,3377,103.5,D
sh688668,鼎通科技,2025-10-29 14:30:36,103.55,2712,103.5,U
sh688668,鼎通科技,2025-10-29 14:30:39,103.5,3897,103.55,D
sh688668,鼎通科技,2025-10-29 14:31:06,103.67,4896,103.66,U
sh688668,鼎通科技,2025-10-29 14:31:09,103.67,1938,103.67,D
sh688668,鼎通科技,2025-10-29 14:31:12,103.66,1931,103.67,D
sh688668,鼎通科技,2025-10-29 14:31:15,103.67,2419,103.66,U
sh688668,鼎通科技,2025-10-29 14:31:21,103.67,2405,103.67,U
sh688668,鼎通科技,2025-10-29 14:31:30,103.76,2570,103.69,U
sh688668,鼎通科技,2025-10-29 14:31:39,103.67,2200,103.76,D
sh688668,鼎通科技,2025-10-29 14:31:48,103.67,3953,103.69,D
sh688668,鼎通科技,2025-10-29 14:32:15,103.76,4971,103.5,U
sh688668,鼎通科技,2025-10-29 14:33:42,103.6,3032,103.57,D
sh688668,鼎通科技,2025-10-29 14:34:12,103.6,2470,103.64,D
sh688668,鼎通科技,2025-10-29 14:34:51,103.8,2007,103.66,U
sh688668,鼎通科技,2025-10-29 14:35:21,103.79,2186,103.8,U
sh688668,鼎通科技,2025-10-29 14:35:24,103.72,2465,103.79,E
sh688668,鼎通科技,2025-10-29 14:35:33,103.8,2361,103.75,U
sh688668,鼎通科技,2025-10-29 14:35:36,103.87,5000,103.8,U
sh688668,鼎通科技,2025-10-29 14:36:06,103.83,2205,103.8,U
sh688668,鼎通科技,2025-10-29 14:36:42,103.95,3026,103.83,U
sh688668,鼎通科技,2025-10-29 14:36:57,103.8,8394,103.94,D
sh688668,鼎通科技,2025-10-29 14:37:06,103.93,12146,103.84,U
sh688668,鼎通科技,2025-10-29 14:37:09,103.83,2488,103.93,E
sh688668,鼎通科技,2025-10-29 14:37:42,103.99,5200,103.96,U
sh688668,鼎通科技,2025-10-29 14:37:48,103.99,5000,103.96,U
sh688668,鼎通科技,2025-10-29 14:37:54,104.0,6880,103.99,U
sh688668,鼎通科技,2025-10-29 14:38:00,103.99,5935,104.08,D
sh688668,鼎通科技,2025-10-29 14:38:03,104.09,2299,103.99,E
sh688668,鼎通科技,2025-10-29 14:38:06,104.07,2626,104.09,D
sh688668,鼎通科技,2025-10-29 14:38:09,104.12,3694,104.07,U
sh688668,鼎通科技,2025-10-29 14:38:36,103.97,6422,103.97,D
sh688668,鼎通科技,2025-10-29 14:39:09,103.96,4549,103.96,D
sh688668,鼎通科技,2025-10-29 14:39:15,103.88,4531,103.88,D
sh688668,鼎通科技,2025-10-29 14:40:24,103.8,9392,103.83,D
sh688668,鼎通科技,2025-10-29 14:40:27,103.8,2179,103.8,U
sh688668,鼎通科技,2025-10-29 14:41:51,103.72,3039,103.72,D
sh688668,鼎通科技,2025-10-29 14:42:18,103.7,2671,103.68,U
sh688668,鼎通科技,2025-10-29 14:43:51,103.85,2994,103.75,U
sh688668,鼎通科技,2025-10-29 14:43:54,103.88,5702,103.85,U
sh688668,鼎通科技,2025-10-29 14:44:12,103.85,3578,103.88,D
sh688668,鼎通科技,2025-10-29 14:45:45,103.85,4285,103.86,D
sh688668,鼎通科技,2025-10-29 14:45:51,103.9,2000,103.85,U
sh688668,鼎通科技,2025-10-29 14:46:00,103.9,2121,103.9,U
sh688668,鼎通科技,2025-10-29 14:46:06,103.88,3699,103.9,D
sh688668,鼎通科技,2025-10-29 14:47:06,103.95,2608,103.9,U
sh688668,鼎通科技,2025-10-29 14:47:12,103.97,2000,103.96,U
sh688668,鼎通科技,2025-10-29 14:47:15,103.96,2589,103.97,D
sh688668,鼎通科技,2025-10-29 14:47:27,103.98,2985,103.96,U
sh688668,鼎通科技,2025-10-29 14:47:33,104.0,2547,103.97,U
sh688668,鼎通科技,2025-10-29 14:47:51,104.0,4435,104.0,U
sh688668,鼎通科技,2025-10-29 14:47:57,104.0,7707,103.99,U
sh688668,鼎通科技,2025-10-29 14:48:48,104.02,2642,104.03,D
sh688668,鼎通科技,2025-10-29 14:48:57,104.18,2355,104.14,U
sh688668,鼎通科技,2025-10-29 14:49:06,104.19,2636,104.19,U
sh688668,鼎通科技,2025-10-29 14:49:15,104.17,12671,104.17,D
sh688668,鼎通科技,2025-10-29 14:49:18,104.16,4668,104.17,E
sh688668,鼎通科技,2025-10-29 14:49:39,104.15,7473,104.15,D
sh688668,鼎通科技,2025-10-29 14:49:48,104.04,2855,104.05,D
sh688668,鼎通科技,2025-10-29 14:49:51,104.05,3631,104.04,U
sh688668,鼎通科技,2025-10-29 14:50:00,104.05,4321,104.05,D
sh688668,鼎通科技,2025-10-29 14:50:03,104.06,4840,104.05,U
sh688668,鼎通科技,2025-10-29 14:50:09,104.05,7125,104.06,D
sh688668,鼎通科技,2025-10-29 14:50:12,104.05,2783,104.05,D
sh688668,鼎通科技,2025-10-29 14:50:24,104.01,6773,104.01,D
sh688668,鼎通科技,2025-10-29 14:50:30,104.01,5211,104.01,D
sh688668,鼎通科技,2025-10-29 14:50:54,104.02,2500,104.01,D
sh688668,鼎通科技,2025-10-29 14:51:18,104.04,2604,104.03,U
sh688668,鼎通科技,2025-10-29 14:51:21,104.07,9168,104.04,U
sh688668,鼎通科技,2025-10-29 14:51:57,104.13,2167,104.1,U
sh688668,鼎通科技,2025-10-29 14:52:06,104.15,2984,104.13,U
sh688668,鼎通科技,2025-10-29 14:52:33,104.15,2493,104.14,U
sh688668,鼎通科技,2025-10-29 14:52:36,104.14,3201,104.15,D
sh688668,鼎通科技,2025-10-29 14:52:42,104.14,3400,104.14,D
sh688668,鼎通科技,2025-10-29 14:52:45,104.15,1952,104.14,U
sh688668,鼎通科技,2025-10-29 14:52:57,104.16,6993,104.15,U
sh688668,鼎通科技,2025-10-29 14:53:06,104.14,8428,104.16,D
sh688668,鼎通科技,2025-10-29 14:53:18,104.15,2768,104.14,U
sh688668,鼎通科技,2025-10-29 14:53:21,104.15,2391,104.15,U
sh688668,鼎通科技,2025-10-29 14:53:30,104.14,4408,104.14,D
sh688668,鼎通科技,2025-10-29 14:53:33,104.14,3579,104.14,D
sh688668,鼎通科技,2025-10-29 14:53:36,104.14,3310,104.14,D
sh688668,鼎通科技,2025-10-29 14:53:42,104.14,4734,104.14,D
sh688668,鼎通科技,2025-10-29 14:53:54,104.14,2244,104.16,D
sh688668,鼎通科技,2025-10-29 14:54:00,104.13,12097,104.15,D
sh688668,鼎通科技,2025-10-29 14:54:03,104.1,6039,104.13,D
sh688668,鼎通科技,2025-10-29 14:54:06,104.07,4193,104.1,D
sh688668,鼎通科技,2025-10-29 14:54:18,104.0,3845,104.01,D
sh688668,鼎通科技,2025-10-29 14:54:48,103.8,4643,103.85,D
sh688668,鼎通科技,2025-10-29 14:55:00,103.75,2936,103.8,D
sh688668,鼎通科技,2025-10-29 14:55:03,103.8,6909,103.75,U
sh688668,鼎通科技,2025-10-29 14:55:36,103.8,6151,103.8,U
sh688668,鼎通科技,2025-10-29 14:55:54,104.0,8845,103.85,U
sh688668,鼎通科技,2025-10-29 14:56:21,103.86,4014,103.86,U
sh688668,鼎通科技,2025-10-29 14:56:27,103.86,2700,103.85,U
sh688668,鼎通科技,2025-10-29 14:56:39,103.85,2554,103.81,U
sh688668,鼎通科技,2025-10-29 14:56:42,104.0,13700,103.85,U
sh688668,鼎通科技,2025-10-29 14:56:45,103.8,2500,104.0,D
sh688668,鼎通科技,2025-10-29 14:56:54,103.85,5819,103.8,U
sh688668,鼎通科技,2025-10-29 14:57:00,104.0,20900,103.85,U
sh688668,鼎通科技,2025-10-29 15:00:03,104.0,39883,104.0,U
