symbol,name,ticktime,price,volume,prev_price,kind
sh688668,鼎通科技,2025-09-18 09:25:01,108.0,44642,0.0,U
sh688668,鼎通科技,2025-09-18 09:30:02,108.2,26509,108.0,U
sh688668,鼎通科技,2025-09-18 09:30:06,107.85,10896,108.2,D
sh688668,鼎通科技,2025-09-18 09:30:08,107.9,9030,107.85,U
sh688668,鼎通科技,2025-09-18 09:30:12,107.8,14748,107.9,D
sh688668,鼎通科技,2025-09-18 09:30:14,107.85,8759,107.8,D
sh688668,鼎通科技,2025-09-18 09:30:17,108.0,3610,107.85,U
sh688668,鼎通科技,2025-09-18 09:30:21,107.85,14984,108.0,D
sh688668,鼎通科技,2025-09-18 09:30:23,107.85,12403,107.85,D
sh688668,鼎通科技,2025-09-18 09:30:26,108.05,4115,107.85,U
sh688668,鼎通科技,2025-09-18 09:30:32,108.4,5213,108.36,U
sh688668,鼎通科技,2025-09-18 09:30:35,108.2,4195,108.4,D
sh688668,鼎通科技,2025-09-18 09:30:39,108.14,11395,108.2,D
sh688668,鼎通科技,2025-09-18 09:30:41,108.14,13997,108.14,U
sh688668,鼎通科技,2025-09-18 09:30:45,108.14,8300,108.14,U
sh688668,鼎通科技,2025-09-18 09:30:47,108.05,16258,108.14,E
sh688668,鼎通科技,2025-09-18 09:30:51,108.13,10172,108.05,E
sh688668,鼎通科技,2025-09-18 09:31:00,108.5,4348,108.33,D
sh688668,鼎通科技,2025-09-18 09:31:05,108.29,2211,108.29,U
sh688668,鼎通科技,2025-09-18 09:31:09,108.29,2738,108.29,D
sh688668,鼎通科技,2025-09-18 09:31:12,108.38,3202,108.29,U
sh688668,鼎通科技,2025-09-18 09:31:15,108.33,7566,108.38,D
sh688668,鼎通科技,2025-09-18 09:31:17,108.29,2557,108.33,U
sh688668,鼎通科技,2025-09-18 09:31:21,108.3,3271,108.29,U
sh688668,鼎通科技,2025-09-18 09:31:27,108.32,2514,108.5,D
sh688668,鼎通科技,2025-09-18 09:31:36,108.5,2174,108.36,U
sh688668,鼎通科技,2025-09-18 09:32:18,108.5,3598,108.6,D
sh688668,鼎通科技,2025-09-18 09:32:24,108.25,2266,108.36,D
sh688668,鼎通科技,2025-09-18 09:32:27,108.15,2527,108.25,D
sh688668,鼎通科技,2025-09-18 09:32:33,108.01,3400,108.09,D
sh688668,鼎通科技,2025-09-18 09:32:51,107.8,16907,107.9,D
sh688668,鼎通科技,2025-09-18 09:32:54,107.87,6553,107.8,U
sh688668,鼎通科技,2025-09-18 09:32:57,107.87,2862,107.87,U
sh688668,鼎通科技,2025-09-18 09:33:00,108.14,5885,107.87,U
sh688668,鼎通科技,2025-09-18 09:33:03,107.98,4475,108.14,E
sh688668,鼎通科技,2025-09-18 09:33:18,108.41,12102,108.21,E
sh688668,鼎通科技,2025-09-18 09:33:20,108.45,3200,108.41,U
sh688668,鼎通科技,2025-09-18 09:33:24,108.49,7800,108.45,U
sh688668,鼎通科技,2025-09-18 09:33:26,108.31,21496,108.49,E
sh688668,鼎通科技,2025-09-18 09:33:39,108.47,2877,108.3,U
sh688668,鼎通科技,2025-09-18 09:33:45,108.44,3721,108.47,D
sh688668,鼎通科技,2025-09-18 09:34:06,108.45,7774,108.51,D
sh688668,鼎通科技,2025-09-18 09:34:12,108.12,8655,108.31,D
sh688668,鼎通科技,2025-09-18 09:34:15,107.7,12906,108.12,D
sh688668,鼎通科技,2025-09-18 09:34:21,108.09,3131,107.77,U
sh688668,鼎通科技,2025-09-18 09:34:29,107.77,3062,107.6,U
sh688668,鼎通科技,2025-09-18 09:34:33,107.6,2915,107.77,D
sh688668,鼎通科技,2025-09-18 09:34:45,107.56,13176,107.6,D
sh688668,鼎通科技,2025-09-18 09:34:53,107.59,8510,107.64,D
sh688668,鼎通科技,2025-09-18 09:35:09,108.0,4327,107.88,U
sh688668,鼎通科技,2025-09-18 09:35:30,108.2,6792,108.36,D
sh688668,鼎通科技,2025-09-18 09:35:36,108.36,8026,108.44,D
sh688668,鼎通科技,2025-09-18 09:35:41,108.2,2836,108.44,E
sh688668,鼎通科技,2025-09-18 09:35:54,108.2,1988,108.2,D
sh688668,鼎通科技,2025-09-18 09:35:57,108.07,5000,108.2,D
sh688668,鼎通科技,2025-09-18 09:36:15,108.48,6541,108.15,U
sh688668,鼎通科技,2025-09-18 09:36:24,108.48,5126,108.52,D
sh688668,鼎通科技,2025-09-18 09:36:27,108.48,2419,108.48,U
sh688668,鼎通科技,2025-09-18 09:37:05,108.48,1966,108.48,D
sh688668,鼎通科技,2025-09-18 09:37:09,108.47,3397,108.48,U
sh688668,鼎通科技,2025-09-18 09:37:15,107.95,11986,108.37,D
sh688668,鼎通科技,2025-09-18 09:37:18,107.82,4036,107.95,D
sh688668,鼎通科技,2025-09-18 09:37:21,107.82,3020,107.82,U
sh688668,鼎通科技,2025-09-18 09:37:29,107.82,2509,107.78,U
sh688668,鼎通科技,2025-09-18 09:37:36,107.38,22270,107.61,D
sh688668,鼎通科技,2025-09-18 09:37:42,107.38,2067,107.38,U
sh688668,鼎通科技,2025-09-18 09:37:45,107.3,2994,107.38,D
sh688668,鼎通科技,2025-09-18 09:37:48,107.21,3643,107.3,D
sh688668,鼎通科技,2025-09-18 09:37:54,107.29,2146,107.25,U
sh688668,鼎通科技,2025-09-18 09:37:57,107.18,2946,107.29,D
sh688668,鼎通科技,2025-09-18 09:38:09,107.1,4727,107.18,D
sh688668,鼎通科技,2025-09-18 09:38:11,107.31,6175,107.1,U
sh688668,鼎通科技,2025-09-18 09:38:15,107.31,6297,107.31,D
sh688668,鼎通科技,2025-09-18 09:38:18,107.31,3211,107.31,D
sh688668,鼎通科技,2025-09-18 09:38:23,107.32,6254,107.31,U
sh688668,鼎通科技,2025-09-18 09:38:27,107.1,3237,107.32,D
sh688668,鼎通科技,2025-09-18 09:38:33,107.11,2281,107.2,D
sh688668,鼎通科技,2025-09-18 09:38:39,107.1,5285,107.18,D
sh688668,鼎通科技,2025-09-18 09:38:42,107.12,3291,107.1,U
sh688668,鼎通科技,2025-09-18 09:38:44,107.1,2346,107.12,D
sh688668,鼎通科技,2025-09-18 09:38:48,107.02,7325,107.1,D
sh688668,鼎通科技,2025-09-18 09:38:51,107.1,12617,107.02,D
sh688668,鼎通科技,2025-09-18 09:38:53,107.1,1891,107.1,U
sh688668,鼎通科技,2025-09-18 09:38:57,107.08,5263,107.1,D
sh688668,鼎通科技,2025-09-18 09:39:00,107.41,2409,107.08,E
sh688668,鼎通科技,2025-09-18 09:39:06,107.1,2328,107.1,D
sh688668,鼎通科技,2025-09-18 09:39:12,107.41,2258,107.1,U
sh688668,鼎通科技,2025-09-18 09:39:15,107.41,3973,107.41,D
sh688668,鼎通科技,2025-09-18 09:39:29,107.15,10472,107.16,D
sh688668,鼎通科技,2025-09-18 09:39:39,107.17,2041,107.2,D
sh688668,鼎通科技,2025-09-18 09:39:50,107.22,2818,107.22,U
sh688668,鼎通科技,2025-09-18 09:40:06,107.22,3532,107.36,D
sh688668,鼎通科技,2025-09-18 09:40:18,107.7,3174,107.33,U
sh688668,鼎通科技,2025-09-18 09:40:24,107.7,2005,107.7,D
sh688668,鼎通科技,2025-09-18 09:40:27,107.96,6212,107.7,U
sh688668,鼎通科技,2025-09-18 09:40:29,108.0,13108,107.96,U
sh688668,鼎通科技,2025-09-18 09:40:32,107.99,9647,108.0,D
sh688668,鼎通科技,2025-09-18 09:40:36,107.94,14889,107.99,D
sh688668,鼎通科技,2025-09-18 09:40:45,107.93,7318,107.93,D
sh688668,鼎通科技,2025-09-18 09:40:47,107.88,2650,107.93,D
sh688668,鼎通科技,2025-09-18 09:40:51,107.93,3080,107.88,U
sh688668,鼎通科技,2025-09-18 09:40:53,108.19,24882,107.93,U
sh688668,鼎通科技,2025-09-18 09:40:57,108.0,3533,108.19,D
sh688668,鼎通科技,2025-09-18 09:40:59,108.03,4839,108.0,E
sh688668,鼎通科技,2025-09-18 09:41:02,107.96,7097,108.03,D
sh688668,鼎通科技,2025-09-18 09:41:09,107.88,3585,107.96,D
sh688668,鼎通科技,2025-09-18 09:41:12,107.88,2939,107.88,D
sh688668,鼎通科技,2025-09-18 09:41:15,107.88,3250,107.88,U
sh688668,鼎通科技,2025-09-18 09:41:32,108.0,2074,108.01,D
sh688668,鼎通科技,2025-09-18 09:41:36,108.18,6053,108.0,U
sh688668,鼎通科技,2025-09-18 09:41:42,108.18,2099,108.18,U
sh688668,鼎通科技,2025-09-18 09:41:48,108.18,2051,108.18,D
sh688668,鼎通科技,2025-09-18 09:42:21,108.19,2400,108.18,U
sh688668,鼎通科技,2025-09-18 09:42:48,108.18,2236,108.19,D
sh688668,鼎通科技,2025-09-18 09:43:15,108.0,7575,108.11,D
sh688668,鼎通科技,2025-09-18 09:43:18,108.36,8263,108.0,U
sh688668,鼎通科技,2025-09-18 09:43:24,108.47,2035,108.36,U
sh688668,鼎通科技,2025-09-18 09:43:27,108.35,6148,108.47,D
sh688668,鼎通科技,2025-09-18 09:43:30,108.41,2200,108.35,U
sh688668,鼎通科技,2025-09-18 09:43:33,108.52,2581,108.41,U
sh688668,鼎通科技,2025-09-18 09:43:50,108.55,2332,108.51,E
sh688668,鼎通科技,2025-09-18 09:43:54,108.5,5513,108.55,D
sh688668,鼎通科技,2025-09-18 09:43:57,108.41,5308,108.5,D
sh688668,鼎通科技,2025-09-18 09:44:00,108.51,2869,108.41,U
sh688668,鼎通科技,2025-09-18 09:44:03,108.18,5316,108.51,D
sh688668,鼎通科技,2025-09-18 09:44:15,108.0,2083,108.05,D
sh688668,鼎通科技,2025-09-18 09:44:29,108.0,4265,108.0,D
sh688668,鼎通科技,2025-09-18 09:45:33,107.71,2004,107.7,U
sh688668,鼎通科技,2025-09-18 09:46:02,107.68,11861,107.7,D
sh688668,鼎通科技,2025-09-18 09:46:12,108.29,2261,107.69,U
sh688668,鼎通科技,2025-09-18 09:46:24,108.29,9261,108.29,U
sh688668,鼎通科技,2025-09-18 09:46:27,108.64,7224,108.29,U
sh688668,鼎通科技,2025-09-18 09:46:56,108.29,2239,108.62,D
sh688668,鼎通科技,2025-09-18 09:47:57,107.6,18822,107.73,D
sh688668,鼎通科技,2025-09-18 09:48:35,107.7,5000,108.11,D
sh688668,鼎通科技,2025-09-18 09:50:18,107.8,6286,107.64,U
sh688668,鼎通科技,2025-09-18 09:50:20,107.88,5814,107.8,U
sh688668,鼎通科技,2025-09-18 09:50:30,108.06,3424,107.87,U
sh688668,鼎通科技,2025-09-18 09:50:39,108.22,12094,108.06,U
sh688668,鼎通科技,2025-09-18 09:50:41,108.22,3595,108.22,U
sh688668,鼎通科技,2025-09-18 09:50:44,108.27,7300,108.22,U
sh688668,鼎通科技,2025-09-18 09:50:54,108.22,3784,108.22,D
sh688668,鼎通科技,2025-09-18 09:51:03,108.5,18981,108.22,U
sh688668,鼎通科技,2025-09-18 09:51:06,108.59,5565,108.5,U
sh688668,鼎通科技,2025-09-18 09:51:09,108.58,6450,108.59,D
sh688668,鼎通科技,2025-09-18 09:51:15,108.64,4079,108.58,U
sh688668,鼎通科技,2025-09-18 09:51:17,108.99,12204,108.64,U
sh688668,鼎通科技,2025-09-18 09:51:27,109.04,6588,109.0,E
sh688668,鼎通科技,2025-09-18 09:51:51,109.58,2492,109.3,U
sh688668,鼎通科技,2025-09-18 09:52:12,109.29,3955,109.29,U
sh688668,鼎通科技,2025-09-18 09:52:17,109.3,2263,109.29,U
sh688668,鼎通科技,2025-09-18 09:52:21,109.57,5758,109.3,U
sh688668,鼎通科技,2025-09-18 09:52:24,109.5,26781,109.57,D
sh688668,鼎通科技,2025-09-18 09:52:27,109.58,2787,109.5,E
sh688668,鼎通科技,2025-09-18 09:52:32,109.79,3901,109.5,U
sh688668,鼎通科技,2025-09-18 09:52:39,109.51,4203,109.68,D
sh688668,鼎通科技,2025-09-18 09:52:45,109.3,5784,109.31,D
sh688668,鼎通科技,2025-09-18 09:52:48,109.3,2600,109.3,D
sh688668,鼎通科技,2025-09-18 09:53:03,109.08,2535,109.1,D
sh688668,鼎通科技,2025-09-18 09:53:06,109.1,2874,109.08,U
sh688668,鼎通科技,2025-09-18 09:53:14,108.97,2106,109.02,D
sh688668,鼎通科技,2025-09-18 09:53:50,108.72,2837,108.72,U
sh688668,鼎通科技,2025-09-18 09:53:54,109.11,9490,108.72,U
sh688668,鼎通科技,2025-09-18 09:54:03,109.01,2051,109.02,D
sh688668,鼎通科技,2025-09-18 09:54:39,109.04,5987,109.13,D
sh688668,鼎通科技,2025-09-18 09:55:02,108.82,3447,108.82,U
sh688668,鼎通科技,2025-09-18 09:55:14,109.13,2031,109.06,U
sh688668,鼎通科技,2025-09-18 09:55:30,109.3,9294,109.02,U
sh688668,鼎通科技,2025-09-18 09:55:33,109.45,8367,109.3,U
sh688668,鼎通科技,2025-09-18 09:55:42,109.41,2314,109.3,U
sh688668,鼎通科技,2025-09-18 09:56:17,109.03,6022,109.1,D
sh688668,鼎通科技,2025-09-18 09:56:20,109.02,2116,109.03,D
sh688668,鼎通科技,2025-09-18 09:56:24,109.0,2966,109.02,D
sh688668,鼎通科技,2025-09-18 09:56:39,109.03,5053,109.02,U
sh688668,鼎通科技,2025-09-18 09:56:42,109.02,6000,109.03,D
sh688668,鼎通科技,2025-09-18 09:57:21,109.45,31591,109.16,U
sh688668,鼎通科技,2025-09-18 09:57:24,109.65,1871,109.45,U
sh688668,鼎通科技,2025-09-18 09:57:30,109.65,5304,109.65,U
sh688668,鼎通科技,2025-09-18 09:57:32,109.51,12706,109.65,E
sh688668,鼎通科技,2025-09-18 09:57:36,109.7,3853,109.51,U
sh688668,鼎通科技,2025-09-18 09:57:41,109.6,3604,109.61,D
sh688668,鼎通科技,2025-09-18 09:58:00,109.59,2243,109.7,U
sh688668,鼎通科技,2025-09-18 09:58:03,109.69,10626,109.59,U
sh688668,鼎通科技,2025-09-18 09:58:09,109.79,3002,109.69,U
sh688668,鼎通科技,2025-09-18 09:58:12,109.9,5958,109.79,U
sh688668,鼎通科技,2025-09-18 09:58:15,110.2,40270,109.9,U
sh688668,鼎通科技,2025-09-18 09:58:18,110.3,4243,110.2,U
sh688668,鼎通科技,2025-09-18 09:58:21,110.17,2913,110.3,D
sh688668,鼎通科技,2025-09-18 09:58:27,110.27,4387,110.53,D
sh688668,鼎通科技,2025-09-18 09:58:30,110.3,6587,110.27,E
sh688668,鼎通科技,2025-09-18 09:58:32,110.29,9108,110.3,E
sh688668,鼎通科技,2025-09-18 09:58:39,110.33,3865,110.55,E
sh688668,鼎通科技,2025-09-18 09:58:42,110.55,7002,110.33,U
sh688668,鼎通科技,2025-09-18 09:58:48,110.55,16064,110.55,U
sh688668,鼎通科技,2025-09-18 09:58:51,110.65,3519,110.55,E
sh688668,鼎通科技,2025-09-18 09:58:54,110.65,12300,110.65,D
sh688668,鼎通科技,2025-09-18 09:58:57,110.55,5648,110.65,E
sh688668,鼎通科技,2025-09-18 09:59:00,110.65,3642,110.55,U
sh688668,鼎通科技,2025-09-18 09:59:03,110.47,2896,110.65,D
sh688668,鼎通科技,2025-09-18 09:59:11,110.55,3167,110.55,U
sh688668,鼎通科技,2025-09-18 09:59:15,110.46,7316,110.55,D
sh688668,鼎通科技,2025-09-18 09:59:18,110.58,1967,110.46,U
sh688668,鼎通科技,2025-09-18 09:59:24,110.8,9512,110.77,U
sh688668,鼎通科技,2025-09-18 09:59:27,110.89,3006,110.8,U
sh688668,鼎通科技,2025-09-18 09:59:33,110.99,3280,110.89,U
sh688668,鼎通科技,2025-09-18 09:59:36,110.96,10728,110.99,D
sh688668,鼎通科技,2025-09-18 09:59:39,111.26,12844,110.96,U
sh688668,鼎通科技,2025-09-18 09:59:42,111.2,2023,111.26,D
sh688668,鼎通科技,2025-09-18 09:59:45,111.04,3000,111.2,D
sh688668,鼎通科技,2025-09-18 09:59:51,111.19,2205,111.19,D
sh688668,鼎通科技,2025-09-18 09:59:54,111.2,5131,111.19,U
sh688668,鼎通科技,2025-09-18 09:59:57,111.2,3809,111.2,D
sh688668,鼎通科技,2025-09-18 10:00:02,111.16,6494,111.17,E
sh688668,鼎通科技,2025-09-18 10:00:05,111.13,3059,111.16,U
sh688668,鼎通科技,2025-09-18 10:00:14,110.73,6841,110.99,D
sh688668,鼎通科技,2025-09-18 10:00:18,110.85,2590,110.73,E
sh688668,鼎通科技,2025-09-18 10:00:21,111.01,10078,110.85,U
sh688668,鼎通科技,2025-09-18 10:00:24,110.93,7802,111.01,D
sh688668,鼎通科技,2025-09-18 10:00:27,111.0,3806,110.93,E
sh688668,鼎通科技,2025-09-18 10:00:32,110.94,3426,110.99,D
sh688668,鼎通科技,2025-09-18 10:00:36,110.72,2053,110.94,D
sh688668,鼎通科技,2025-09-18 10:00:48,110.53,4307,110.41,E
sh688668,鼎通科技,2025-09-18 10:00:54,110.41,2890,110.52,U
sh688668,鼎通科技,2025-09-18 10:01:12,110.72,7504,110.41,U
sh688668,鼎通科技,2025-09-18 10:01:21,110.58,13061,110.72,D
sh688668,鼎通科技,2025-09-18 10:01:24,110.58,3491,110.58,D
sh688668,鼎通科技,2025-09-18 10:01:27,110.59,7476,110.58,E
sh688668,鼎通科技,2025-09-18 10:01:29,110.58,2786,110.59,D
sh688668,鼎通科技,2025-09-18 10:01:38,110.8,2041,110.66,U
sh688668,鼎通科技,2025-09-18 10:01:45,110.74,3610,110.8,D
sh688668,鼎通科技,2025-09-18 10:01:51,110.8,7743,110.8,D
sh688668,鼎通科技,2025-09-18 10:02:02,110.58,11333,110.74,D
sh688668,鼎通科技,2025-09-18 10:02:06,110.61,4396,110.58,U
sh688668,鼎通科技,2025-09-18 10:02:36,110.2,2100,110.32,U
sh688668,鼎通科技,2025-09-18 10:03:42,110.2,3812,110.04,U
sh688668,鼎通科技,2025-09-18 10:03:50,110.13,3000,110.2,D
sh688668,鼎通科技,2025-09-18 10:03:54,109.99,9738,110.13,D
sh688668,鼎通科技,2025-09-18 10:03:57,110.0,4800,109.99,U
sh688668,鼎通科技,2025-09-18 10:04:05,109.9,2356,109.97,D
sh688668,鼎通科技,2025-09-18 10:04:24,110.16,8053,110.04,U
sh688668,鼎通科技,2025-09-18 10:04:36,110.1,2711,110.2,D
sh688668,鼎通科技,2025-09-18 10:04:38,110.34,2416,110.1,U
sh688668,鼎通科技,2025-09-18 10:05:39,110.3,2633,110.3,U
sh688668,鼎通科技,2025-09-18 10:05:44,110.32,2600,110.3,D
sh688668,鼎通科技,2025-09-18 10:06:12,110.4,2295,110.4,U
sh688668,鼎通科技,2025-09-18 10:06:15,110.43,2305,110.4,U
sh688668,鼎通科技,2025-09-18 10:06:51,110.37,4259,110.37,E
sh688668,鼎通科技,2025-09-18 10:08:39,110.43,4000,110.35,U
sh688668,鼎通科技,2025-09-18 10:08:47,110.29,4613,110.36,D
sh688668,鼎通科技,2025-09-18 10:08:53,110.2,6507,110.28,D
sh688668,鼎通科技,2025-09-18 10:08:57,110.2,5718,110.2,D
sh688668,鼎通科技,2025-09-18 10:08:59,110.21,6450,110.2,E
sh688668,鼎通科技,2025-09-18 10:09:02,110.22,2062,110.21,U
sh688668,鼎通科技,2025-09-18 10:09:05,110.22,2128,110.22,D
sh688668,鼎通科技,2025-09-18 10:09:09,110.27,2523,110.22,U
sh688668,鼎通科技,2025-09-18 10:09:27,110.2,4669,110.3,D
sh688668,鼎通科技,2025-09-18 10:09:33,110.3,3600,110.2,U
sh688668,鼎通科技,2025-09-18 10:10:18,110.43,5532,110.33,U
sh688668,鼎通科技,2025-09-18 10:10:21,110.6,4122,110.43,U
sh688668,鼎通科技,2025-09-18 10:11:14,110.52,2680,110.6,D
sh688668,鼎通科技,2025-09-18 10:11:18,110.52,2750,110.52,U
sh688668,鼎通科技,2025-09-18 10:11:21,110.5,3667,110.52,D
sh688668,鼎通科技,2025-09-18 10:11:29,110.32,3255,110.5,D
sh688668,鼎通科技,2025-09-18 10:11:36,110.31,2125,110.31,D
sh688668,鼎通科技,2025-09-18 10:11:45,110.21,4452,110.21,D
sh688668,鼎通科技,2025-09-18 10:11:51,110.2,2101,110.2,D
sh688668,鼎通科技,2025-09-18 10:11:59,110.21,6174,110.21,U
sh688668,鼎通科技,2025-09-18 10:12:02,110.21,2842,110.21,D
sh688668,鼎通科技,2025-09-18 10:12:05,110.2,4021,110.21,D
sh688668,鼎通科技,2025-09-18 10:12:18,110.49,2332,110.23,U
sh688668,鼎通科技,2025-09-18 10:12:57,110.72,2500,110.7,U
sh688668,鼎通科技,2025-09-18 10:13:17,110.88,3523,110.71,U
sh688668,鼎通科技,2025-09-18 10:13:32,111.0,13711,110.99,U
sh688668,鼎通科技,2025-09-18 10:13:53,111.08,3323,111.08,U
sh688668,鼎通科技,2025-09-18 10:14:03,111.1,4600,111.09,U
sh688668,鼎通科技,2025-09-18 10:14:15,111.28,3723,111.25,U
sh688668,鼎通科技,2025-09-18 10:14:18,111.28,3625,111.28,D
sh688668,鼎通科技,2025-09-18 10:14:21,111.36,2256,111.28,U
sh688668,鼎通科技,2025-09-18 10:14:24,111.36,4729,111.36,D
sh688668,鼎通科技,2025-09-18 10:14:30,111.62,14857,111.36,U
sh688668,鼎通科技,2025-09-18 10:14:33,111.7,11896,111.62,U
sh688668,鼎通科技,2025-09-18 10:14:39,111.88,4376,111.86,U
sh688668,鼎通科技,2025-09-18 10:14:47,111.87,4322,111.88,D
sh688668,鼎通科技,2025-09-18 10:14:51,111.95,4421,111.87,U
sh688668,鼎通科技,2025-09-18 10:14:53,111.86,2645,111.95,D
sh688668,鼎通科技,2025-09-18 10:14:56,111.86,9884,111.86,D
sh688668,鼎通科技,2025-09-18 10:15:03,111.71,9896,111.9,D
sh688668,鼎通科技,2025-09-18 10:15:09,111.86,7183,111.91,D
sh688668,鼎通科技,2025-09-18 10:15:12,111.86,4594,111.86,D
sh688668,鼎通科技,2025-09-18 10:15:18,111.7,3084,111.71,D
sh688668,鼎通科技,2025-09-18 10:15:21,111.7,6972,111.7,U
sh688668,鼎通科技,2025-09-18 10:15:24,111.9,4299,111.7,U
sh688668,鼎通科技,2025-09-18 10:15:33,111.88,20763,111.9,U
sh688668,鼎通科技,2025-09-18 10:15:39,111.9,4044,111.9,U
sh688668,鼎通科技,2025-09-18 10:15:47,111.9,2154,111.9,U
sh688668,鼎通科技,2025-09-18 10:15:57,111.9,13607,111.95,D
sh688668,鼎通科技,2025-09-18 10:15:59,112.12,16900,111.9,U
sh688668,鼎通科技,2025-09-18 10:16:02,112.35,21450,112.12,U
sh688668,鼎通科技,2025-09-18 10:16:05,112.48,11697,112.35,U
sh688668,鼎通科技,2025-09-18 10:16:08,112.22,2445,112.48,D
sh688668,鼎通科技,2025-09-18 10:16:15,112.5,3603,112.48,U
sh688668,鼎通科技,2025-09-18 10:16:18,112.48,6833,112.5,D
sh688668,鼎通科技,2025-09-18 10:16:21,112.5,3007,112.48,D
sh688668,鼎通科技,2025-09-18 10:16:26,112.5,1786,112.5,U
sh688668,鼎通科技,2025-09-18 10:16:36,112.28,3123,112.5,D
sh688668,鼎通科技,2025-09-18 10:16:39,112.26,2549,112.28,D
sh688668,鼎通科技,2025-09-18 10:16:42,112.5,28711,112.26,U
sh688668,鼎通科技,2025-09-18 10:16:51,112.5,3752,112.51,D
sh688668,鼎通科技,2025-09-18 10:16:57,112.7,2294,112.7,U
sh688668,鼎通科技,2025-09-18 10:17:05,112.51,3584,112.6,D
sh688668,鼎通科技,2025-09-18 10:17:08,112.5,39515,112.51,D
sh688668,鼎通科技,2025-09-18 10:17:12,112.51,3881,112.5,U
sh688668,鼎通科技,2025-09-18 10:17:20,112.51,7463,112.48,U
sh688668,鼎通科技,2025-09-18 10:17:23,112.26,3765,112.51,D
sh688668,鼎通科技,2025-09-18 10:17:32,112.45,14499,112.26,U
sh688668,鼎通科技,2025-09-18 10:17:35,112.45,2401,112.45,D
sh688668,鼎通科技,2025-09-18 10:17:48,112.49,10293,112.3,U
sh688668,鼎通科技,2025-09-18 10:17:51,112.29,7948,112.49,D
sh688668,鼎通科技,2025-09-18 10:17:54,112.31,1879,112.29,D
sh688668,鼎通科技,2025-09-18 10:18:00,112.46,2393,112.31,U
sh688668,鼎通科技,2025-09-18 10:18:03,112.51,4487,112.46,U
sh688668,鼎通科技,2025-09-18 10:18:05,112.5,2000,112.51,E
sh688668,鼎通科技,2025-09-18 10:18:08,112.83,20679,112.5,U
sh688668,鼎通科技,2025-09-18 10:18:12,112.98,10771,112.83,U
sh688668,鼎通科技,2025-09-18 10:18:15,113.07,22384,112.98,U
sh688668,鼎通科技,2025-09-18 10:18:18,113.05,3311,113.07,D
sh688668,鼎通科技,2025-09-18 10:18:21,113.25,2100,113.05,U
sh688668,鼎通科技,2025-09-18 10:18:24,113.27,15793,113.25,U
sh688668,鼎通科技,2025-09-18 10:18:26,113.0,4066,113.27,D
sh688668,鼎通科技,2025-09-18 10:18:30,113.0,10273,113.0,U
sh688668,鼎通科技,2025-09-18 10:18:33,113.13,2376,113.0,U
sh688668,鼎通科技,2025-09-18 10:18:35,113.13,2006,113.13,U
sh688668,鼎通科技,2025-09-18 10:18:45,113.3,16987,113.18,U
sh688668,鼎通科技,2025-09-18 10:18:48,113.59,15433,113.3,U
sh688668,鼎通科技,2025-09-18 10:18:50,113.6,10562,113.59,U
sh688668,鼎通科技,2025-09-18 10:18:54,113.69,2200,113.6,U
sh688668,鼎通科技,2025-09-18 10:19:00,113.88,11135,113.85,U
sh688668,鼎通科技,2025-09-18 10:19:02,113.85,8653,113.88,E
sh688668,鼎通科技,2025-09-18 10:19:06,113.8,8388,113.85,E
sh688668,鼎通科技,2025-09-18 10:19:09,113.9,9900,113.8,U
sh688668,鼎通科技,2025-09-18 10:19:12,113.91,3733,113.9,U
sh688668,鼎通科技,2025-09-18 10:19:15,113.9,2750,113.91,E
sh688668,鼎通科技,2025-09-18 10:19:18,113.85,9865,113.9,E
sh688668,鼎通科技,2025-09-18 10:19:20,113.92,2900,113.85,U
sh688668,鼎通科技,2025-09-18 10:19:24,113.94,2500,113.92,U
sh688668,鼎通科技,2025-09-18 10:19:26,113.91,7012,113.94,D
sh688668,鼎通科技,2025-09-18 10:19:29,113.94,6300,113.91,E
sh688668,鼎通科技,2025-09-18 10:19:33,114.0,27302,113.94,U
sh688668,鼎通科技,2025-09-18 10:19:36,114.14,27572,114.0,U
sh688668,鼎通科技,2025-09-18 10:19:39,114.27,5156,114.14,U
sh688668,鼎通科技,2025-09-18 10:19:42,114.3,3600,114.27,U
sh688668,鼎通科技,2025-09-18 10:19:44,114.39,3646,114.3,U
sh688668,鼎通科技,2025-09-18 10:19:48,114.5,11686,114.39,U
sh688668,鼎通科技,2025-09-18 10:19:51,114.34,5506,114.5,D
sh688668,鼎通科技,2025-09-18 10:19:54,114.1,4250,114.34,D
sh688668,鼎通科技,2025-09-18 10:19:56,114.3,9834,114.1,U
sh688668,鼎通科技,2025-09-18 10:20:00,114.49,8845,114.3,U
sh688668,鼎通科技,2025-09-18 10:20:03,114.54,9341,114.49,E
sh688668,鼎通科技,2025-09-18 10:20:06,114.62,7281,114.54,U
sh688668,鼎通科技,2025-09-18 10:20:09,114.8,9182,114.62,U
sh688668,鼎通科技,2025-09-18 10:20:12,114.79,3014,114.8,E
sh688668,鼎通科技,2025-09-18 10:20:15,114.88,4246,114.79,U
sh688668,鼎通科技,2025-09-18 10:20:18,114.79,7919,114.88,E
sh688668,鼎通科技,2025-09-18 10:20:21,114.68,10381,114.79,D
sh688668,鼎通科技,2025-09-18 10:20:24,114.8,5946,114.68,U
sh688668,鼎通科技,2025-09-18 10:20:27,114.8,9817,114.8,U
sh688668,鼎通科技,2025-09-18 10:20:30,114.85,7469,114.8,U
sh688668,鼎通科技,2025-09-18 10:20:33,114.8,8370,114.85,D
sh688668,鼎通科技,2025-09-18 10:20:36,114.81,8976,114.8,U
sh688668,鼎通科技,2025-09-18 10:20:38,114.85,15049,114.81,U
sh688668,鼎通科技,2025-09-18 10:20:42,114.73,9262,114.85,U
sh688668,鼎通科技,2025-09-18 10:20:48,114.88,5189,114.82,U
sh688668,鼎通科技,2025-09-18 10:20:51,114.98,7000,114.88,U
sh688668,鼎通科技,2025-09-18 10:20:54,115.1,40823,114.98,U
sh688668,鼎通科技,2025-09-18 10:20:57,114.89,16739,115.1,D
sh688668,鼎通科技,2025-09-18 10:21:00,115.5,7685,114.89,U
sh688668,鼎通科技,2025-09-18 10:21:02,115.5,19141,115.5,D
sh688668,鼎通科技,2025-09-18 10:21:05,115.5,7778,115.5,U
sh688668,鼎通科技,2025-09-18 10:21:09,115.6,5613,115.5,U
sh688668,鼎通科技,2025-09-18 10:21:12,115.67,3167,115.6,U
sh688668,鼎通科技,2025-09-18 10:21:15,115.79,3679,115.67,U
sh688668,鼎通科技,2025-09-18 10:21:17,115.8,4619,115.79,U
sh688668,鼎通科技,2025-09-18 10:21:21,115.85,5193,115.8,U
sh688668,鼎通科技,2025-09-18 10:21:23,115.86,4417,115.85,U
sh688668,鼎通科技,2025-09-18 10:21:27,115.95,6858,115.86,U
sh688668,鼎通科技,2025-09-18 10:21:30,115.88,7641,115.95,D
sh688668,鼎通科技,2025-09-18 10:21:33,115.89,5633,115.88,U
sh688668,鼎通科技,2025-09-18 10:21:36,115.89,8998,115.89,D
sh688668,鼎通科技,2025-09-18 10:21:38,115.89,4297,115.89,U
sh688668,鼎通科技,2025-09-18 10:21:41,115.97,27306,115.89,U
sh688668,鼎通科技,2025-09-18 10:21:44,116.0,11779,115.97,U
sh688668,鼎通科技,2025-09-18 10:21:48,116.13,5700,116.0,U
sh688668,鼎通科技,2025-09-18 10:21:51,116.2,2999,116.13,U
sh688668,鼎通科技,2025-09-18 10:21:54,116.0,12680,116.2,D
sh688668,鼎通科技,2025-09-18 10:21:57,115.97,14042,116.0,D
sh688668,鼎通科技,2025-09-18 10:22:00,115.97,12374,115.97,D
sh688668,鼎通科技,2025-09-18 10:22:02,115.89,7488,115.97,D
sh688668,鼎通科技,2025-09-18 10:22:05,115.37,6420,115.89,D
sh688668,鼎通科技,2025-09-18 10:22:08,115.38,5793,115.37,E
sh688668,鼎通科技,2025-09-18 10:22:11,115.36,34163,115.38,D
sh688668,鼎通科技,2025-09-18 10:22:15,115.0,5667,115.36,D
sh688668,鼎通科技,2025-09-18 10:22:18,114.65,4476,115.0,D
sh688668,鼎通科技,2025-09-18 10:22:21,115.69,13294,114.65,U
sh688668,鼎通科技,2025-09-18 10:22:23,115.38,3423,115.69,D
sh688668,鼎通科技,2025-09-18 10:22:26,115.38,1827,115.38,D
sh688668,鼎通科技,2025-09-18 10:22:30,115.39,22118,115.38,E
sh688668,鼎通科技,2025-09-18 10:22:33,115.65,1851,115.39,U
sh688668,鼎通科技,2025-09-18 10:22:36,115.4,31408,115.65,E
sh688668,鼎通科技,2025-09-18 10:22:39,115.38,8145,115.4,D
sh688668,鼎通科技,2025-09-18 10:22:42,115.57,7329,115.38,U
sh688668,鼎通科技,2025-09-18 10:22:45,115.38,6909,115.57,D
sh688668,鼎通科技,2025-09-18 10:22:48,115.36,5303,115.38,D
sh688668,鼎通科技,2025-09-18 10:22:51,115.69,13818,115.36,U
sh688668,鼎通科技,2025-09-18 10:22:54,115.77,5591,115.69,U
sh688668,鼎通科技,2025-09-18 10:22:57,115.77,4545,115.77,U
sh688668,鼎通科技,2025-09-18 10:23:00,115.9,21034,115.77,U
sh688668,鼎通科技,2025-09-18 10:23:03,115.65,22405,115.9,D
sh688668,鼎通科技,2025-09-18 10:23:05,115.65,5307,115.65,D
sh688668,鼎通科技,2025-09-18 10:23:08,115.31,3750,115.65,D
sh688668,鼎通科技,2025-09-18 10:23:12,115.61,6299,115.31,U
sh688668,鼎通科技,2025-09-18 10:23:15,115.35,3900,115.61,D
sh688668,鼎通科技,2025-09-18 10:23:21,115.5,3082,115.35,U
sh688668,鼎通科技,2025-09-18 10:23:24,115.5,7024,115.5,D
sh688668,鼎通科技,2025-09-18 10:23:26,115.55,7992,115.5,U
sh688668,鼎通科技,2025-09-18 10:23:30,115.7,15577,115.55,U
sh688668,鼎通科技,2025-09-18 10:23:33,115.7,2488,115.7,D
sh688668,鼎通科技,2025-09-18 10:23:38,115.61,2450,115.61,D
sh688668,鼎通科技,2025-09-18 10:23:42,115.71,3900,115.61,U
sh688668,鼎通科技,2025-09-18 10:23:44,115.61,45794,115.71,D
sh688668,鼎通科技,2025-09-18 10:23:48,115.71,8884,115.61,U
sh688668,鼎通科技,2025-09-18 10:23:51,115.72,2404,115.71,E
sh688668,鼎通科技,2025-09-18 10:23:53,115.77,8544,115.72,U
sh688668,鼎通科技,2025-09-18 10:23:57,115.73,3109,115.77,D
sh688668,鼎通科技,2025-09-18 10:24:03,115.71,3185,115.72,D
sh688668,鼎通科技,2025-09-18 10:24:06,115.72,3291,115.71,E
sh688668,鼎通科技,2025-09-18 10:24:09,115.73,3433,115.72,E
sh688668,鼎通科技,2025-09-18 10:24:12,115.9,12767,115.73,U
sh688668,鼎通科技,2025-09-18 10:24:15,116.32,30731,115.9,U
sh688668,鼎通科技,2025-09-18 10:24:17,116.4,6290,116.32,U
sh688668,鼎通科技,2025-09-18 10:24:21,116.36,3725,116.4,D
sh688668,鼎通科技,2025-09-18 10:24:24,116.38,7069,116.36,E
sh688668,鼎通科技,2025-09-18 10:24:27,116.4,5031,116.38,U
sh688668,鼎通科技,2025-09-18 10:24:30,116.48,2916,116.4,U
sh688668,鼎通科技,2025-09-18 10:24:32,116.5,2400,116.48,U
sh688668,鼎通科技,2025-09-18 10:24:36,116.48,5000,116.5,D
sh688668,鼎通科技,2025-09-18 10:24:38,116.5,4500,116.48,U
sh688668,鼎通科技,2025-09-18 10:24:41,116.51,9823,116.5,U
sh688668,鼎通科技,2025-09-18 10:24:45,116.52,4051,116.51,D
sh688668,鼎通科技,2025-09-18 10:24:51,116.58,4504,116.56,U
sh688668,鼎通科技,2025-09-18 10:24:53,116.59,4407,116.58,U
sh688668,鼎通科技,2025-09-18 10:24:57,116.56,3755,116.59,D
sh688668,鼎通科技,2025-09-18 10:25:00,116.57,16634,116.56,D
sh688668,鼎通科技,2025-09-18 10:25:03,116.59,7054,116.57,U
sh688668,鼎通科技,2025-09-18 10:25:09,116.61,3364,116.59,U
sh688668,鼎通科技,2025-09-18 10:25:11,116.66,6165,116.61,U
sh688668,鼎通科技,2025-09-18 10:25:15,116.63,2200,116.66,E
sh688668,鼎通科技,2025-09-18 10:25:21,116.66,7489,116.64,U
sh688668,鼎通科技,2025-09-18 10:25:23,116.68,7397,116.66,U
sh688668,鼎通科技,2025-09-18 10:25:27,116.7,2500,116.68,E
sh688668,鼎通科技,2025-09-18 10:25:30,116.68,2674,116.7,D
sh688668,鼎通科技,2025-09-18 10:25:32,116.85,2628,116.68,U
sh688668,鼎通科技,2025-09-18 10:25:36,116.66,6329,116.85,D
sh688668,鼎通科技,2025-09-18 10:25:39,116.64,5748,116.66,D
sh688668,鼎通科技,2025-09-18 10:25:42,116.7,1756,116.64,U
sh688668,鼎通科技,2025-09-18 10:25:45,116.82,17735,116.7,U
sh688668,鼎通科技,2025-09-18 10:25:51,116.82,3671,116.81,D
sh688668,鼎通科技,2025-09-18 10:25:54,116.89,5211,116.82,U
sh688668,鼎通科技,2025-09-18 10:25:56,116.9,2243,116.89,U
sh688668,鼎通科技,2025-09-18 10:26:00,116.7,1913,116.9,D
sh688668,鼎通科技,2025-09-18 10:26:03,116.48,15561,116.7,D
sh688668,鼎通科技,2025-09-18 10:26:08,116.28,2374,116.29,E
sh688668,鼎通科技,2025-09-18 10:26:12,115.73,22397,116.28,D
sh688668,鼎通科技,2025-09-18 10:26:18,116.35,7875,115.75,U
sh688668,鼎通科技,2025-09-18 10:26:24,116.29,3896,116.29,U
sh688668,鼎通科技,2025-09-18 10:26:30,116.3,4176,116.29,U
sh688668,鼎通科技,2025-09-18 10:26:32,116.05,2720,116.3,E
sh688668,鼎通科技,2025-09-18 10:26:36,116.39,2865,116.05,U
sh688668,鼎通科技,2025-09-18 10:26:38,116.05,2122,116.39,D
sh688668,鼎通科技,2025-09-18 10:26:44,116.07,1725,116.07,D
sh688668,鼎通科技,2025-09-18 10:26:48,116.07,5015,116.07,D
sh688668,鼎通科技,2025-09-18 10:26:51,116.3,7041,116.07,U
sh688668,鼎通科技,2025-09-18 10:26:54,116.2,3179,116.3,D
sh688668,鼎通科技,2025-09-18 10:26:57,116.07,2542,116.2,D
sh688668,鼎通科技,2025-09-18 10:27:00,116.05,2197,116.07,D
sh688668,鼎通科技,2025-09-18 10:27:06,116.07,16701,116.06,U
sh688668,鼎通科技,2025-09-18 10:27:09,116.07,4650,116.07,D
sh688668,鼎通科技,2025-09-18 10:27:15,116.07,8623,116.07,D
sh688668,鼎通科技,2025-09-18 10:27:18,115.94,2193,116.07,D
sh688668,鼎通科技,2025-09-18 10:27:24,116.06,11766,115.94,U
sh688668,鼎通科技,2025-09-18 10:27:27,116.06,9019,116.06,D
sh688668,鼎通科技,2025-09-18 10:27:30,116.06,3991,116.06,D
sh688668,鼎通科技,2025-09-18 10:27:32,116.06,25210,116.06,D
sh688668,鼎通科技,2025-09-18 10:27:36,116.06,2874,116.06,D
sh688668,鼎通科技,2025-09-18 10:27:47,116.07,15271,115.7,U
sh688668,鼎通科技,2025-09-18 10:27:51,116.06,9159,116.07,D
sh688668,鼎通科技,2025-09-18 10:27:54,116.07,7093,116.06,U
sh688668,鼎通科技,2025-09-18 10:27:56,116.07,3900,116.07,U
sh688668,鼎通科技,2025-09-18 10:28:00,116.06,4389,116.07,D
sh688668,鼎通科技,2025-09-18 10:28:06,116.07,11709,115.85,U
sh688668,鼎通科技,2025-09-18 10:28:08,116.07,3140,116.07,D
sh688668,鼎通科技,2025-09-18 10:28:11,116.07,3155,116.07,D
sh688668,鼎通科技,2025-09-18 10:28:15,115.87,2925,116.07,E
sh688668,鼎通科技,2025-09-18 10:28:20,115.85,3721,115.85,U
sh688668,鼎通科技,2025-09-18 10:28:26,115.85,12738,115.85,D
sh688668,鼎通科技,2025-09-18 10:28:30,115.85,1984,115.85,D
sh688668,鼎通科技,2025-09-18 10:28:36,116.0,23228,115.78,U
sh688668,鼎通科技,2025-09-18 10:28:39,116.06,9451,116.0,U
sh688668,鼎通科技,2025-09-18 10:28:41,115.85,19009,116.06,D
sh688668,鼎通科技,2025-09-18 10:28:48,116.0,6282,115.85,U
sh688668,鼎通科技,2025-09-18 10:28:50,116.02,7733,116.0,U
sh688668,鼎通科技,2025-09-18 10:28:53,116.0,2661,116.02,D
sh688668,鼎通科技,2025-09-18 10:28:56,116.02,4747,116.0,E
sh688668,鼎通科技,2025-09-18 10:29:00,116.0,8350,116.02,D
sh688668,鼎通科技,2025-09-18 10:29:03,116.01,8701,116.0,E
sh688668,鼎通科技,2025-09-18 10:29:05,116.3,9414,116.01,U
sh688668,鼎通科技,2025-09-18 10:29:15,116.42,2488,116.42,D
sh688668,鼎通科技,2025-09-18 10:29:17,116.42,11278,116.42,U
sh688668,鼎通科技,2025-09-18 10:29:21,116.5,17689,116.42,U
sh688668,鼎通科技,2025-09-18 10:29:33,116.6,11021,116.51,U
sh688668,鼎通科技,2025-09-18 10:29:41,116.61,3752,116.61,D
sh688668,鼎通科技,2025-09-18 10:29:45,116.61,3407,116.61,U
sh688668,鼎通科技,2025-09-18 10:29:47,116.69,16440,116.61,U
sh688668,鼎通科技,2025-09-18 10:29:51,116.78,3385,116.69,U
sh688668,鼎通科技,2025-09-18 10:29:54,116.85,4494,116.78,U
sh688668,鼎通科技,2025-09-18 10:29:56,116.88,5144,116.85,U
sh688668,鼎通科技,2025-09-18 10:30:00,116.62,4345,116.88,D
sh688668,鼎通科技,2025-09-18 10:30:03,116.88,13001,116.62,U
sh688668,鼎通科技,2025-09-18 10:30:06,116.87,12062,116.88,E
sh688668,鼎通科技,2025-09-18 10:30:12,116.91,2695,116.9,U
sh688668,鼎通科技,2025-09-18 10:30:15,116.85,3950,116.91,D
sh688668,鼎通科技,2025-09-18 10:30:20,116.8,6935,116.85,D
sh688668,鼎通科技,2025-09-18 10:30:26,116.79,2992,116.62,U
sh688668,鼎通科技,2025-09-18 10:30:29,116.63,4402,116.79,D
sh688668,鼎通科技,2025-09-18 10:30:33,116.65,1786,116.63,E
sh688668,鼎通科技,2025-09-18 10:30:36,116.65,3100,116.65,D
sh688668,鼎通科技,2025-09-18 10:30:39,116.63,7658,116.65,D
sh688668,鼎通科技,2025-09-18 10:30:41,116.61,3000,116.63,D
sh688668,鼎通科技,2025-09-18 10:30:45,116.6,2764,116.61,D
sh688668,鼎通科技,2025-09-18 10:30:47,116.6,9428,116.6,D
sh688668,鼎通科技,2025-09-18 10:30:54,116.52,2243,116.6,U
sh688668,鼎通科技,2025-09-18 10:30:57,116.48,6371,116.52,D
sh688668,鼎通科技,2025-09-18 10:31:03,116.25,3020,116.32,D
sh688668,鼎通科技,2025-09-18 10:31:12,116.25,2131,116.32,D
sh688668,鼎通科技,2025-09-18 10:31:18,116.2,4100,116.25,D
sh688668,鼎通科技,2025-09-18 10:31:26,116.18,7353,116.19,D
sh688668,鼎通科技,2025-09-18 10:31:29,116.32,16977,116.18,U
sh688668,鼎通科技,2025-09-18 10:31:32,116.42,3455,116.32,U
sh688668,鼎通科技,2025-09-18 10:31:42,116.32,2529,116.21,U
sh688668,鼎通科技,2025-09-18 10:31:45,116.21,5117,116.32,D
sh688668,鼎通科技,2025-09-18 10:31:51,116.39,2918,116.32,U
sh688668,鼎通科技,2025-09-18 10:31:54,116.25,11670,116.39,D
sh688668,鼎通科技,2025-09-18 10:31:57,116.2,6262,116.25,D
sh688668,鼎通科技,2025-09-18 10:31:59,116.2,6200,116.2,D
sh688668,鼎通科技,2025-09-18 10:32:06,116.2,29301,116.2,D
sh688668,鼎通科技,2025-09-18 10:32:09,116.2,2400,116.2,D
sh688668,鼎通科技,2025-09-18 10:32:12,116.39,11741,116.2,U
sh688668,鼎通科技,2025-09-18 10:32:17,116.18,9136,116.21,D
sh688668,鼎通科技,2025-09-18 10:32:30,116.0,4802,116.1,D
sh688668,鼎通科技,2025-09-18 10:32:33,115.85,5375,116.0,D
sh688668,鼎通科技,2025-09-18 10:32:39,115.85,2844,115.85,D
sh688668,鼎通科技,2025-09-18 10:32:42,115.71,2780,115.85,D
sh688668,鼎通科技,2025-09-18 10:32:51,115.61,6429,115.61,D
sh688668,鼎通科技,2025-09-18 10:32:59,115.5,1838,115.5,D
sh688668,鼎通科技,2025-09-18 10:33:12,115.22,2095,115.35,E
sh688668,鼎通科技,2025-09-18 10:33:23,115.2,5923,115.01,U
sh688668,鼎通科技,2025-09-18 10:33:30,115.0,3253,115.0,D
sh688668,鼎通科技,2025-09-18 10:33:32,115.01,3555,115.0,U
sh688668,鼎通科技,2025-09-18 10:33:36,114.87,6022,115.01,D
sh688668,鼎通科技,2025-09-18 10:33:38,115.0,2338,114.87,U
sh688668,鼎通科技,2025-09-18 10:33:41,114.87,2892,115.0,E
sh688668,鼎通科技,2025-09-18 10:33:44,114.84,3611,114.87,D
sh688668,鼎通科技,2025-09-18 10:34:00,114.84,3196,114.84,U
sh688668,鼎通科技,2025-09-18 10:34:03,114.86,7078,114.84,U
sh688668,鼎通科技,2025-09-18 10:34:06,115.0,2521,114.86,U
sh688668,鼎通科技,2025-09-18 10:34:12,115.0,2379,115.0,U
sh688668,鼎通科技,2025-09-18 10:34:24,115.2,3522,115.19,U
sh688668,鼎通科技,2025-09-18 10:34:29,115.2,2100,115.2,D
sh688668,鼎通科技,2025-09-18 10:34:36,115.35,3900,115.2,U
sh688668,鼎通科技,2025-09-18 10:34:44,115.2,6178,115.35,D
sh688668,鼎通科技,2025-09-18 10:35:00,115.08,1880,115.08,D
sh688668,鼎通科技,2025-09-18 10:35:03,115.0,6506,115.08,D
sh688668,鼎通科技,2025-09-18 10:35:27,115.0,1916,115.0,D
sh688668,鼎通科技,2025-09-18 10:35:53,114.9,3189,114.9,U
sh688668,鼎通科技,2025-09-18 10:36:23,114.68,2000,114.82,D
sh688668,鼎通科技,2025-09-18 10:36:30,114.68,4150,114.82,D
sh688668,鼎通科技,2025-09-18 10:36:33,114.67,2454,114.68,D
sh688668,鼎通科技,2025-09-18 10:36:48,114.67,1915,114.67,D
sh688668,鼎通科技,2025-09-18 10:37:03,114.75,4499,114.67,E
sh688668,鼎通科技,2025-09-18 10:37:17,114.5,5163,114.65,D
sh688668,鼎通科技,2025-09-18 10:37:35,114.2,1875,114.2,D
sh688668,鼎通科技,2025-09-18 10:37:38,114.1,8667,114.2,D
sh688668,鼎通科技,2025-09-18 10:37:45,114.0,2617,114.1,D
sh688668,鼎通科技,2025-09-18 10:37:50,113.92,5200,113.92,U
sh688668,鼎通科技,2025-09-18 10:37:54,113.98,3193,113.92,U
sh688668,鼎通科技,2025-09-18 10:37:56,114.01,4665,113.98,U
sh688668,鼎通科技,2025-09-18 10:38:03,114.01,16363,114.01,D
sh688668,鼎通科技,2025-09-18 10:38:05,114.01,7346,114.01,D
sh688668,鼎通科技,2025-09-18 10:38:18,114.02,2467,114.02,D
sh688668,鼎通科技,2025-09-18 10:38:20,114.02,1938,114.02,D
sh688668,鼎通科技,2025-09-18 10:38:56,114.51,3561,114.5,U
sh688668,鼎通科技,2025-09-18 10:39:17,114.58,3754,114.6,D
sh688668,鼎通科技,2025-09-18 10:39:24,114.56,3358,114.5,U
sh688668,鼎通科技,2025-09-18 10:39:26,114.3,5738,114.56,D
sh688668,鼎通科技,2025-09-18 10:39:30,114.08,1900,114.3,D
sh688668,鼎通科技,2025-09-18 10:39:38,113.92,7355,114.03,D
sh688668,鼎通科技,2025-09-18 10:39:56,114.58,3996,114.05,E
sh688668,鼎通科技,2025-09-18 10:40:11,114.05,2000,114.59,D
sh688668,鼎通科技,2025-09-18 10:40:15,114.6,2759,114.05,U
sh688668,鼎通科技,2025-09-18 10:40:36,114.99,2503,114.63,U
sh688668,鼎通科技,2025-09-18 10:40:38,114.66,2200,114.99,D
sh688668,鼎通科技,2025-09-18 10:40:45,114.66,4700,114.66,D
sh688668,鼎通科技,2025-09-18 10:41:00,115.08,2950,114.99,U
sh688668,鼎通科技,2025-09-18 10:41:23,115.08,5732,115.1,D
sh688668,鼎通科技,2025-09-18 10:42:35,114.7,6000,115.0,D
sh688668,鼎通科技,2025-09-18 10:43:29,114.72,5400,114.96,D
sh688668,鼎通科技,2025-09-18 10:43:32,114.96,1814,114.72,U
sh688668,鼎通科技,2025-09-18 10:44:09,114.99,2423,114.97,U
sh688668,鼎通科技,2025-09-18 10:44:11,115.1,24556,114.99,U
sh688668,鼎通科技,2025-09-18 10:44:17,115.2,3712,115.17,U
sh688668,鼎通科技,2025-09-18 10:44:20,115.16,3185,115.2,D
sh688668,鼎通科技,2025-09-18 10:45:09,115.49,1815,115.5,D
sh688668,鼎通科技,2025-09-18 10:45:17,115.3,7883,115.43,D
sh688668,鼎通科技,2025-09-18 10:45:20,115.3,3309,115.3,D
sh688668,鼎通科技,2025-09-18 10:45:23,115.3,8338,115.3,D
sh688668,鼎通科技,2025-09-18 10:45:45,114.97,5477,115.0,D
sh688668,鼎通科技,2025-09-18 10:46:21,114.9,2293,114.78,U
sh688668,鼎通科技,2025-09-18 10:46:24,114.78,5989,114.9,D
sh688668,鼎通科技,2025-09-18 10:46:33,114.97,2969,114.76,U
sh688668,鼎通科技,2025-09-18 10:46:44,114.97,2477,114.97,D
sh688668,鼎通科技,2025-09-18 10:46:54,114.9,2200,114.9,D
sh688668,鼎通科技,2025-09-18 10:47:08,114.66,2000,114.72,D
sh688668,鼎通科技,2025-09-18 10:47:27,114.72,2000,114.66,U
sh688668,鼎通科技,2025-09-18 10:47:35,114.72,3005,114.72,U
sh688668,鼎通科技,2025-09-18 10:47:45,114.69,2027,114.72,D
sh688668,鼎通科技,2025-09-18 10:48:32,114.67,2123,114.67,U
sh688668,鼎通科技,2025-09-18 10:48:47,114.67,6942,114.67,U
sh688668,鼎通科技,2025-09-18 10:48:51,114.67,10166,114.67,U
sh688668,鼎通科技,2025-09-18 10:49:48,114.67,3683,114.64,U
sh688668,鼎通科技,2025-09-18 10:50:03,114.63,2175,114.64,D
sh688668,鼎通科技,2025-09-18 10:50:11,114.6,2188,114.63,D
sh688668,鼎通科技,2025-09-18 10:50:24,114.64,5200,114.6,U
sh688668,鼎通科技,2025-09-18 10:50:26,114.7,7889,114.64,U
sh688668,鼎通科技,2025-09-18 10:51:12,115.0,4000,114.88,U
sh688668,鼎通科技,2025-09-18 10:51:57,115.3,2051,115.0,U
sh688668,鼎通科技,2025-09-18 10:53:06,115.0,3795,115.0,D
sh688668,鼎通科技,2025-09-18 10:54:47,115.36,3763,115.0,U
sh688668,鼎通科技,2025-09-18 10:55:45,115.2,2400,115.39,D
sh688668,鼎通科技,2025-09-18 10:56:05,115.19,4146,115.42,D
sh688668,鼎通科技,2025-09-18 10:56:44,114.96,6500,115.0,D
sh688668,鼎通科技,2025-09-18 10:56:47,114.88,1953,114.96,D
sh688668,鼎通科技,2025-09-18 10:57:02,114.81,2000,115.0,D
sh688668,鼎通科技,2025-09-18 10:57:15,115.0,1748,115.0,D
sh688668,鼎通科技,2025-09-18 10:57:29,115.0,3200,114.82,U
sh688668,鼎通科技,2025-09-18 10:57:32,114.82,2965,115.0,D
sh688668,鼎通科技,2025-09-18 10:58:02,115.01,4705,114.86,U
sh688668,鼎通科技,2025-09-18 10:58:06,115.0,2819,115.01,E
sh688668,鼎通科技,2025-09-18 10:58:27,115.3,3242,115.35,U
sh688668,鼎通科技,2025-09-18 10:58:30,115.3,4139,115.3,U
sh688668,鼎通科技,2025-09-18 10:58:33,115.03,2660,115.3,D
sh688668,鼎通科技,2025-09-18 10:58:36,115.03,1898,115.03,U
sh688668,鼎通科技,2025-09-18 10:59:06,115.02,7394,115.01,E
sh688668,鼎通科技,2025-09-18 10:59:09,115.48,3384,115.02,U
sh688668,鼎通科技,2025-09-18 10:59:11,115.72,56361,115.48,U
sh688668,鼎通科技,2025-09-18 10:59:15,115.95,3632,115.72,U
sh688668,鼎通科技,2025-09-18 10:59:18,116.1,52630,115.95,U
sh688668,鼎通科技,2025-09-18 10:59:21,116.21,41386,116.1,U
sh688668,鼎通科技,2025-09-18 10:59:23,116.55,2000,116.21,U
sh688668,鼎通科技,2025-09-18 10:59:26,116.63,6074,116.55,U
sh688668,鼎通科技,2025-09-18 10:59:29,116.7,8653,116.63,U
sh688668,鼎通科技,2025-09-18 10:59:32,116.8,20243,116.7,U
sh688668,鼎通科技,2025-09-18 10:59:35,116.86,3809,116.8,U
sh688668,鼎通科技,2025-09-18 10:59:39,116.86,14799,116.86,U
sh688668,鼎通科技,2025-09-18 10:59:42,116.9,6022,116.86,U
sh688668,鼎通科技,2025-09-18 10:59:44,116.9,11223,116.9,U
sh688668,鼎通科技,2025-09-18 10:59:47,116.97,15778,116.9,U
sh688668,鼎通科技,2025-09-18 10:59:51,116.93,13637,116.97,D
sh688668,鼎通科技,2025-09-18 10:59:54,116.98,8851,116.93,U
sh688668,鼎通科技,2025-09-18 10:59:57,116.98,6345,116.98,D
sh688668,鼎通科技,2025-09-18 10:59:59,117.0,2479,116.98,U
sh688668,鼎通科技,2025-09-18 11:00:02,116.93,4008,117.0,D
sh688668,鼎通科技,2025-09-18 11:00:09,116.98,6348,116.99,D
sh688668,鼎通科技,2025-09-18 11:00:15,116.55,3216,116.89,D
sh688668,鼎通科技,2025-09-18 11:00:18,116.9,2289,116.55,U
sh688668,鼎通科技,2025-09-18 11:00:24,116.87,3569,116.55,E
sh688668,鼎通科技,2025-09-18 11:00:26,116.51,2295,116.87,D
sh688668,鼎通科技,2025-09-18 11:00:38,116.5,2141,116.51,D
sh688668,鼎通科技,2025-09-18 11:00:45,116.49,2150,116.48,U
sh688668,鼎通科技,2025-09-18 11:00:51,116.17,2969,116.17,D
sh688668,鼎通科技,2025-09-18 11:01:09,116.48,5806,116.46,U
sh688668,鼎通科技,2025-09-18 11:01:12,116.49,3103,116.48,U
sh688668,鼎通科技,2025-09-18 11:01:14,116.44,1773,116.49,E
sh688668,鼎通科技,2025-09-18 11:01:17,116.49,4819,116.44,U
sh688668,鼎通科技,2025-09-18 11:01:21,116.48,2179,116.49,D
sh688668,鼎通科技,2025-09-18 11:01:23,116.49,2562,116.48,E
sh688668,鼎通科技,2025-09-18 11:01:29,116.47,2823,116.47,D
sh688668,鼎通科技,2025-09-18 11:01:35,116.45,2508,116.46,D
sh688668,鼎通科技,2025-09-18 11:01:53,116.16,1962,116.17,D
sh688668,鼎通科技,2025-09-18 11:01:56,116.17,11706,116.16,U
sh688668,鼎通科技,2025-09-18 11:01:59,116.31,3676,116.17,U
sh688668,鼎通科技,2025-09-18 11:02:06,116.88,22347,116.46,U
sh688668,鼎通科技,2025-09-18 11:02:09,116.9,4456,116.88,U
sh688668,鼎通科技,2025-09-18 11:02:12,116.99,22903,116.9,U
sh688668,鼎通科技,2025-09-18 11:02:14,117.0,39831,116.99,U
sh688668,鼎通科技,2025-09-18 11:02:18,117.0,21760,117.0,U
sh688668,鼎通科技,2025-09-18 11:02:20,117.0,3891,117.0,D
sh688668,鼎通科技,2025-09-18 11:02:26,116.96,6018,116.97,E
sh688668,鼎通科技,2025-09-18 11:02:30,116.91,2546,116.96,E
sh688668,鼎通科技,2025-09-18 11:02:35,116.96,10200,116.86,U
sh688668,鼎通科技,2025-09-18 11:02:56,116.78,2346,116.78,U
sh688668,鼎通科技,2025-09-18 11:03:08,116.79,5468,116.79,U
sh688668,鼎通科技,2025-09-18 11:03:11,116.79,2051,116.79,D
sh688668,鼎通科技,2025-09-18 11:03:17,116.79,3406,116.8,D
sh688668,鼎通科技,2025-09-18 11:03:35,116.78,5712,116.78,D
sh688668,鼎通科技,2025-09-18 11:03:38,116.78,2172,116.78,D
sh688668,鼎通科技,2025-09-18 11:03:42,116.55,11570,116.78,D
sh688668,鼎通科技,2025-09-18 11:03:47,116.4,4092,116.79,D
sh688668,鼎通科技,2025-09-18 11:03:54,116.8,2057,116.79,U
sh688668,鼎通科技,2025-09-18 11:04:00,116.79,3565,116.8,U
sh688668,鼎通科技,2025-09-18 11:04:12,116.46,4298,116.77,D
sh688668,鼎通科技,2025-09-18 11:04:21,116.46,2132,116.46,U
sh688668,鼎通科技,2025-09-18 11:04:30,116.46,2195,116.68,D
sh688668,鼎通科技,2025-09-18 11:04:39,116.46,9126,116.46,U
sh688668,鼎通科技,2025-09-18 11:05:00,116.88,1875,116.88,U
sh688668,鼎通科技,2025-09-18 11:05:05,116.88,2853,116.88,U
sh688668,鼎通科技,2025-09-18 11:05:30,116.72,6294,116.72,U
sh688668,鼎通科技,2025-09-18 11:05:33,116.4,2624,116.72,D
sh688668,鼎通科技,2025-09-18 11:06:15,116.34,3263,116.38,D
sh688668,鼎通科技,2025-09-18 11:06:21,116.28,3750,116.34,D
sh688668,鼎通科技,2025-09-18 11:06:24,116.28,3000,116.28,D
sh688668,鼎通科技,2025-09-18 11:07:03,116.18,2109,116.28,D
sh688668,鼎通科技,2025-09-18 11:08:32,115.69,1801,115.7,D
sh688668,鼎通科技,2025-09-18 11:08:50,115.7,6200,115.7,U
sh688668,鼎通科技,2025-09-18 11:09:09,116.08,2861,115.96,U
sh688668,鼎通科技,2025-09-18 11:09:59,115.7,4415,115.85,D
sh688668,鼎通科技,2025-09-18 11:11:20,115.66,2118,115.7,D
sh688668,鼎通科技,2025-09-18 11:11:57,115.06,1839,115.5,D
sh688668,鼎通科技,2025-09-18 11:12:03,115.5,12436,115.29,U
sh688668,鼎通科技,2025-09-18 11:12:06,115.12,4132,115.5,D
sh688668,鼎通科技,2025-09-18 11:12:09,115.1,6500,115.12,D
sh688668,鼎通科技,2025-09-18 11:12:11,115.55,3314,115.1,U
sh688668,鼎通科技,2025-09-18 11:12:30,115.77,6189,115.52,U
sh688668,鼎通科技,2025-09-18 11:13:05,115.91,6659,115.92,E
sh688668,鼎通科技,2025-09-18 11:13:30,116.0,4352,115.8,U
sh688668,鼎通科技,2025-09-18 11:13:38,116.34,5681,116.0,U
sh688668,鼎通科技,2025-09-18 11:13:48,116.34,8979,116.36,D
sh688668,鼎通科技,2025-09-18 11:14:24,116.0,1914,116.01,D
sh688668,鼎通科技,2025-09-18 11:15:00,116.0,1883,115.81,U
sh688668,鼎通科技,2025-09-18 11:15:03,116.0,3000,116.0,D
sh688668,鼎通科技,2025-09-18 11:21:18,115.54,1843,115.55,D
sh688668,鼎通科技,2025-09-18 11:21:30,115.66,2806,115.52,U
sh688668,鼎通科技,2025-09-18 11:22:29,115.88,2102,115.81,U
sh688668,鼎通科技,2025-09-18 11:22:42,115.75,4936,115.99,D
sh688668,鼎通科技,2025-09-18 11:23:38,116.0,2047,115.99,U
sh688668,鼎通科技,2025-09-18 11:24:09,116.25,2000,116.25,U
sh688668,鼎通科技,2025-09-18 11:24:24,116.25,2263,116.22,U
sh688668,鼎通科技,2025-09-18 11:26:54,116.27,12561,116.2,U
sh688668,鼎通科技,2025-09-18 11:26:57,116.38,4264,116.27,U
sh688668,鼎通科技,2025-09-18 11:27:15,116.5,10000,116.48,U
sh688668,鼎通科技,2025-09-18 11:28:06,116.42,6400,116.4,U
sh688668,鼎通科技,2025-09-18 11:28:14,116.66,38722,116.4,U
sh688668,鼎通科技,2025-09-18 11:28:17,116.62,5089,116.66,D
sh688668,鼎通科技,2025-09-18 11:28:32,116.7,10200,116.7,D
sh688668,鼎通科技,2025-09-18 11:28:51,115.7,30000,116.5,D
sh688668,鼎通科技,2025-09-18 11:29:39,116.78,2361,116.78,D
sh688668,鼎通科技,2025-09-18 13:00:06,116.39,3000,116.25,U
sh688668,鼎通科技,2025-09-18 13:00:08,116.76,8040,116.39,U
sh688668,鼎通科技,2025-09-18 13:00:11,116.4,12111,116.76,D
sh688668,鼎通科技,2025-09-18 13:00:14,116.4,3253,116.4,D
sh688668,鼎通科技,2025-09-18 13:00:18,116.6,2800,116.4,U
sh688668,鼎通科技,2025-09-18 13:00:20,116.94,2900,116.6,U
sh688668,鼎通科技,2025-09-18 13:00:33,116.69,2400,116.94,D
sh688668,鼎通科技,2025-09-18 13:00:35,116.59,7620,116.69,D
sh688668,鼎通科技,2025-09-18 13:01:02,116.27,3000,116.57,D
sh688668,鼎通科技,2025-09-18 13:01:06,116.27,2843,116.27,U
sh688668,鼎通科技,2025-09-18 13:01:09,116.02,2794,116.27,D
sh688668,鼎通科技,2025-09-18 13:01:15,116.0,3022,116.05,D
sh688668,鼎通科技,2025-09-18 13:01:33,116.1,2480,116.05,U
sh688668,鼎通科技,2025-09-18 13:01:35,116.28,2742,116.1,U
sh688668,鼎通科技,2025-09-18 13:01:57,116.6,5209,116.94,D
sh688668,鼎通科技,2025-09-18 13:02:03,117.0,20302,116.6,U
sh688668,鼎通科技,2025-09-18 13:02:06,116.95,5568,117.0,E
sh688668,鼎通科技,2025-09-18 13:02:15,116.94,2981,116.99,D
sh688668,鼎通科技,2025-09-18 13:02:18,117.0,1942,116.94,U
sh688668,鼎通科技,2025-09-18 13:02:20,116.87,1894,117.0,D
sh688668,鼎通科技,2025-09-18 13:02:32,117.0,10086,116.94,U
sh688668,鼎通科技,2025-09-18 13:02:35,116.95,3830,117.0,D
sh688668,鼎通科技,2025-09-18 13:02:42,116.99,10400,116.95,U
sh688668,鼎通科技,2025-09-18 13:02:54,116.95,6123,116.99,D
sh688668,鼎通科技,2025-09-18 13:03:06,116.61,2165,116.87,D
sh688668,鼎通科技,2025-09-18 13:03:48,116.35,2000,116.65,D
sh688668,鼎通科技,2025-09-18 13:04:48,116.83,2700,116.83,D
sh688668,鼎通科技,2025-09-18 13:04:59,116.8,2029,116.83,D
sh688668,鼎通科技,2025-09-18 13:05:09,116.8,2900,116.66,U
sh688668,鼎通科技,2025-09-18 13:05:11,116.68,3092,116.8,D
sh688668,鼎通科技,2025-09-18 13:06:03,116.33,3147,116.6,D
sh688668,鼎通科技,2025-09-18 13:06:20,116.59,3480,116.17,U
sh688668,鼎通科技,2025-09-18 13:06:23,116.17,2127,116.59,D
sh688668,鼎通科技,2025-09-18 13:06:54,116.15,2500,116.15,D
sh688668,鼎通科技,2025-09-18 13:07:00,116.41,3672,116.15,U
sh688668,鼎通科技,2025-09-18 13:07:51,116.18,2919,116.18,D
sh688668,鼎通科技,2025-09-18 13:08:23,116.3,3193,116.19,U
sh688668,鼎通科技,2025-09-18 13:08:51,116.0,20331,116.19,D
sh688668,鼎通科技,2025-09-18 13:08:53,116.19,4756,116.0,U
sh688668,鼎通科技,2025-09-18 13:09:03,115.88,3316,116.19,D
sh688668,鼎通科技,2025-09-18 13:09:21,115.98,3456,115.88,D
sh688668,鼎通科技,2025-09-18 13:10:17,115.87,3998,115.88,U
sh688668,鼎通科技,2025-09-18 13:10:48,115.65,2400,115.66,D
sh688668,鼎通科技,2025-09-18 13:10:54,115.8,5384,115.65,U
sh688668,鼎通科技,2025-09-18 13:11:14,115.5,9687,115.7,D
sh688668,鼎通科技,2025-09-18 13:11:41,115.35,2956,115.38,D
sh688668,鼎通科技,2025-09-18 13:12:00,115.35,3000,115.29,U
sh688668,鼎通科技,2025-09-18 13:12:03,115.35,3742,115.35,U
sh688668,鼎通科技,2025-09-18 13:12:39,115.78,5000,115.6,U
sh688668,鼎通科技,2025-09-18 13:13:03,115.77,2000,115.63,U
sh688668,鼎通科技,2025-09-18 13:14:42,115.0,10000,115.26,D
sh688668,鼎通科技,2025-09-18 13:14:48,114.88,5400,115.0,D
sh688668,鼎通科技,2025-09-18 13:14:54,115.05,4800,114.88,E
sh688668,鼎通科技,2025-09-18 13:14:56,115.23,3200,115.05,E
sh688668,鼎通科技,2025-09-18 13:15:05,115.1,4299,115.23,D
sh688668,鼎通科技,2025-09-18 13:15:12,115.1,1772,115.1,D
sh688668,鼎通科技,2025-09-18 13:15:18,115.08,5000,115.1,D
sh688668,鼎通科技,2025-09-18 13:16:00,114.92,3000,114.92,U
sh688668,鼎通科技,2025-09-18 13:16:06,115.1,9249,114.93,U
sh688668,鼎通科技,2025-09-18 13:16:12,115.09,2125,115.1,D
sh688668,鼎通科技,2025-09-18 13:16:21,115.22,3034,115.22,D
sh688668,鼎通科技,2025-09-18 13:16:39,115.09,4135,115.09,U
sh688668,鼎通科技,2025-09-18 13:17:47,115.01,2042,115.02,D
sh688668,鼎通科技,2025-09-18 13:17:54,115.0,3100,115.0,D
sh688668,鼎通科技,2025-09-18 13:18:15,115.01,2914,114.95,U
sh688668,鼎通科技,2025-09-18 13:18:18,115.09,10431,115.01,U
sh688668,鼎通科技,2025-09-18 13:18:26,115.0,2573,115.22,E
sh688668,鼎通科技,2025-09-18 13:19:29,115.12,2089,115.12,D
sh688668,鼎通科技,2025-09-18 13:19:44,114.91,11232,115.12,D
sh688668,鼎通科技,2025-09-18 13:19:47,114.89,1800,114.91,D
sh688668,鼎通科技,2025-09-18 13:20:02,114.9,22014,114.9,E
sh688668,鼎通科技,2025-09-18 13:20:14,115.01,1974,114.92,E
sh688668,鼎通科技,2025-09-18 13:20:26,115.06,7829,115.2,D
sh688668,鼎通科技,2025-09-18 13:20:32,115.06,3397,115.06,D
sh688668,鼎通科技,2025-09-18 13:20:36,115.36,5908,115.06,U
sh688668,鼎通科技,2025-09-18 13:20:38,115.08,1840,115.36,D
sh688668,鼎通科技,2025-09-18 13:21:02,115.49,2156,115.49,U
sh688668,鼎通科技,2025-09-18 13:21:06,115.41,5839,115.49,E
sh688668,鼎通科技,2025-09-18 13:21:11,115.13,6187,115.48,D
sh688668,鼎通科技,2025-09-18 13:21:21,115.15,5122,115.48,D
sh688668,鼎通科技,2025-09-18 13:21:24,115.2,3733,115.15,U
sh688668,鼎通科技,2025-09-18 13:21:30,115.44,7297,115.12,U
sh688668,鼎通科技,2025-09-18 13:21:36,115.2,1742,115.2,U
sh688668,鼎通科技,2025-09-18 13:22:32,114.82,2200,114.82,U
sh688668,鼎通科技,2025-09-18 13:22:38,114.83,8195,114.82,U
sh688668,鼎通科技,2025-09-18 13:23:03,115.02,6818,114.81,U
sh688668,鼎通科技,2025-09-18 13:23:12,115.05,10000,115.32,D
sh688668,鼎通科技,2025-09-18 13:23:38,115.18,4565,115.08,U
sh688668,鼎通科技,2025-09-18 13:24:23,115.18,7368,115.18,U
sh688668,鼎通科技,2025-09-18 13:24:27,115.2,6493,115.18,U
sh688668,鼎通科技,2025-09-18 13:25:06,115.01,2247,115.02,D
sh688668,鼎通科技,2025-09-18 13:25:09,115.01,3580,115.01,U
sh688668,鼎通科技,2025-09-18 13:25:30,114.8,1749,114.9,D
sh688668,鼎通科技,2025-09-18 13:25:39,114.78,5038,114.8,D
sh688668,鼎通科技,2025-09-18 13:26:02,114.59,2176,114.61,D
sh688668,鼎通科技,2025-09-18 13:26:09,114.58,5693,114.6,D
sh688668,鼎通科技,2025-09-18 13:26:18,114.5,2885,114.58,D
sh688668,鼎通科技,2025-09-18 13:26:33,114.46,8253,114.5,D
sh688668,鼎通科技,2025-09-18 13:26:42,114.48,6752,114.5,E
sh688668,鼎通科技,2025-09-18 13:26:48,114.5,5207,114.53,D
sh688668,鼎通科技,2025-09-18 13:26:51,114.5,2174,114.5,D
sh688668,鼎通科技,2025-09-18 13:26:54,114.5,3776,114.5,D
sh688668,鼎通科技,2025-09-18 13:27:03,114.67,2178,114.5,U
sh688668,鼎通科技,2025-09-18 13:27:05,114.5,2500,114.67,D
sh688668,鼎通科技,2025-09-18 13:27:24,114.54,2231,114.51,E
sh688668,鼎通科技,2025-09-18 13:27:27,114.5,8900,114.54,D
sh688668,鼎通科技,2025-09-18 13:27:29,114.51,2385,114.5,E
sh688668,鼎通科技,2025-09-18 13:27:47,114.49,3108,114.5,D
sh688668,鼎通科技,2025-09-18 13:27:51,114.49,2500,114.49,D
sh688668,鼎通科技,2025-09-18 13:28:33,114.45,3200,114.45,U
sh688668,鼎通科技,2025-09-18 13:28:48,114.44,2700,114.44,U
sh688668,鼎通科技,2025-09-18 13:28:51,114.47,15696,114.44,U
sh688668,鼎通科技,2025-09-18 13:28:53,114.5,3155,114.47,U
sh688668,鼎通科技,2025-09-18 13:28:57,114.55,4057,114.5,U
sh688668,鼎通科技,2025-09-18 13:29:02,114.7,6859,114.67,U
sh688668,鼎通科技,2025-09-18 13:29:30,114.9,2000,114.9,D
sh688668,鼎通科技,2025-09-18 13:30:18,115.08,5809,115.0,U
sh688668,鼎通科技,2025-09-18 13:30:27,115.3,4760,115.08,U
sh688668,鼎通科技,2025-09-18 13:30:39,115.12,4400,115.4,D
sh688668,鼎通科技,2025-09-18 13:30:42,115.4,1874,115.12,U
sh688668,鼎通科技,2025-09-18 13:31:06,115.6,2400,115.55,U
sh688668,鼎通科技,2025-09-18 13:31:09,115.66,6867,115.6,U
sh688668,鼎通科技,2025-09-18 13:32:53,115.29,2174,115.23,D
sh688668,鼎通科技,2025-09-18 13:33:29,115.4,8646,115.23,U
sh688668,鼎通科技,2025-09-18 13:33:54,115.19,1800,115.19,D
sh688668,鼎通科技,2025-09-18 13:34:21,115.18,1900,115.18,U
sh688668,鼎通科技,2025-09-18 13:34:30,115.14,4529,115.14,D
sh688668,鼎通科技,2025-09-18 13:35:15,115.12,2240,115.14,D
sh688668,鼎通科技,2025-09-18 13:35:59,115.2,3148,115.13,U
sh688668,鼎通科技,2025-09-18 13:36:09,115.4,2495,115.4,U
sh688668,鼎通科技,2025-09-18 13:36:57,115.5,3305,115.51,D
sh688668,鼎通科技,2025-09-18 13:37:03,115.65,12218,115.5,U
sh688668,鼎通科技,2025-09-18 13:37:09,115.7,2939,115.7,U
sh688668,鼎通科技,2025-09-18 13:40:11,115.36,3378,115.39,U
sh688668,鼎通科技,2025-09-18 13:40:17,115.36,2569,115.31,E
sh688668,鼎通科技,2025-09-18 13:40:29,115.5,7400,115.49,U
sh688668,鼎通科技,2025-09-18 13:40:33,115.5,2391,115.5,U
sh688668,鼎通科技,2025-09-18 13:41:36,115.53,2200,115.53,U
sh688668,鼎通科技,2025-09-18 13:42:39,115.51,1857,115.5,U
sh688668,鼎通科技,2025-09-18 13:42:42,115.56,10999,115.51,U
sh688668,鼎通科技,2025-09-18 13:42:44,115.56,2004,115.56,U
sh688668,鼎通科技,2025-09-18 13:43:54,115.68,2014,115.68,U
sh688668,鼎通科技,2025-09-18 13:44:54,115.63,2200,115.63,D
sh688668,鼎通科技,2025-09-18 13:44:56,115.63,2278,115.63,D
sh688668,鼎通科技,2025-09-18 13:44:59,115.63,11288,115.63,D
sh688668,鼎通科技,2025-09-18 13:45:03,115.63,3409,115.63,D
sh688668,鼎通科技,2025-09-18 13:45:11,115.68,4060,115.5,U
sh688668,鼎通科技,2025-09-18 13:46:18,114.58,6253,114.62,D
sh688668,鼎通科技,2025-09-18 13:46:24,114.58,1919,114.58,U
sh688668,鼎通科技,2025-09-18 13:46:27,114.5,1800,114.58,D
sh688668,鼎通科技,2025-09-18 13:46:36,114.58,7100,114.5,U
sh688668,鼎通科技,2025-09-18 13:46:42,114.5,5724,114.6,E
sh688668,鼎通科技,2025-09-18 13:46:44,114.8,3078,114.5,U
sh688668,鼎通科技,2025-09-18 13:47:05,114.87,4054,115.0,D
sh688668,鼎通科技,2025-09-18 13:47:15,115.0,5341,114.87,U
sh688668,鼎通科技,2025-09-18 13:48:09,114.6,3702,114.58,U
sh688668,鼎通科技,2025-09-18 13:48:12,114.66,2358,114.6,U
sh688668,鼎通科技,2025-09-18 13:48:15,114.7,2400,114.66,U
sh688668,鼎通科技,2025-09-18 13:48:24,115.08,2478,114.74,U
sh688668,鼎通科技,2025-09-18 13:48:59,115.12,3212,115.12,D
sh688668,鼎通科技,2025-09-18 13:49:18,115.67,3620,115.28,U
sh688668,鼎通科技,2025-09-18 13:49:36,115.61,2086,115.61,D
sh688668,鼎通科技,2025-09-18 13:49:48,115.68,2296,115.5,U
sh688668,鼎通科技,2025-09-18 13:50:23,115.51,1900,115.52,D
sh688668,鼎通科技,2025-09-18 13:51:23,115.67,3119,115.67,U
sh688668,鼎通科技,2025-09-18 13:51:36,115.7,1979,115.67,U
sh688668,鼎通科技,2025-09-18 13:51:42,115.7,2120,115.7,D
sh688668,鼎通科技,2025-09-18 13:52:03,115.99,8619,115.77,U
sh688668,鼎通科技,2025-09-18 13:52:30,115.9,1900,115.77,U
sh688668,鼎通科技,2025-09-18 13:52:47,115.89,1827,115.9,U
sh688668,鼎通科技,2025-09-18 13:53:23,115.7,4596,115.74,D
sh688668,鼎通科技,2025-09-18 13:53:33,115.7,5020,115.7,D
sh688668,鼎通科技,2025-09-18 13:53:47,115.7,3931,115.7,U
sh688668,鼎通科技,2025-09-18 13:54:27,115.67,2811,115.67,D
sh688668,鼎通科技,2025-09-18 13:54:48,115.52,3437,115.52,D
sh688668,鼎通科技,2025-09-18 13:54:59,115.5,3722,115.52,D
sh688668,鼎通科技,2025-09-18 13:55:02,115.5,2627,115.5,D
sh688668,鼎通科技,2025-09-18 13:55:09,115.5,3481,115.5,D
sh688668,鼎通科技,2025-09-18 13:55:17,115.5,4658,115.5,D
sh688668,鼎通科技,2025-09-18 13:55:27,115.51,4900,115.5,U
sh688668,鼎通科技,2025-09-18 13:55:33,115.51,3778,115.5,U
sh688668,鼎通科技,2025-09-18 13:56:24,115.49,2667,115.49,U
sh688668,鼎通科技,2025-09-18 13:57:08,115.35,4159,115.2,U
sh688668,鼎通科技,2025-09-18 13:57:26,115.45,11155,115.2,U
sh688668,鼎通科技,2025-09-18 13:57:51,114.75,20000,115.1,D
sh688668,鼎通科技,2025-09-18 13:58:12,114.6,3000,114.76,D
sh688668,鼎通科技,2025-09-18 13:58:15,114.76,3656,114.6,U
sh688668,鼎通科技,2025-09-18 13:58:17,114.6,3400,114.76,D
sh688668,鼎通科技,2025-09-18 13:58:54,115.0,4797,114.66,U
sh688668,鼎通科技,2025-09-18 13:59:03,114.6,6802,115.01,D
sh688668,鼎通科技,2025-09-18 13:59:06,114.66,4174,114.6,E
sh688668,鼎通科技,2025-09-18 13:59:51,114.5,7011,114.6,D
sh688668,鼎通科技,2025-09-18 13:59:54,114.5,2989,114.5,U
sh688668,鼎通科技,2025-09-18 14:00:05,114.46,3197,114.5,D
sh688668,鼎通科技,2025-09-18 14:00:12,114.45,4216,114.46,D
sh688668,鼎通科技,2025-09-18 14:00:15,114.45,5520,114.45,D
sh688668,鼎通科技,2025-09-18 14:00:17,114.44,2807,114.45,D
sh688668,鼎通科技,2025-09-18 14:00:39,114.2,4089,114.3,D
sh688668,鼎通科技,2025-09-18 14:00:45,114.14,1758,114.2,D
sh688668,鼎通科技,2025-09-18 14:00:48,114.14,2568,114.14,U
sh688668,鼎通科技,2025-09-18 14:00:51,114.1,2758,114.14,D
sh688668,鼎通科技,2025-09-18 14:00:53,114.11,8181,114.1,U
sh688668,鼎通科技,2025-09-18 14:01:00,114.11,2836,114.2,D
sh688668,鼎通科技,2025-09-18 14:01:06,114.3,4862,114.16,U
sh688668,鼎通科技,2025-09-18 14:01:14,114.2,3059,114.2,U
sh688668,鼎通科技,2025-09-18 14:02:09,114.2,4622,114.52,D
sh688668,鼎通科技,2025-09-18 14:03:12,114.65,2015,114.65,U
sh688668,鼎通科技,2025-09-18 14:03:24,114.65,4000,114.65,D
sh688668,鼎通科技,2025-09-18 14:03:30,114.8,5622,114.65,U
sh688668,鼎通科技,2025-09-18 14:04:02,114.87,4056,114.8,E
sh688668,鼎通科技,2025-09-18 14:04:18,114.63,4744,114.64,D
sh688668,鼎通科技,2025-09-18 14:04:39,114.52,2500,114.63,D
sh688668,鼎通科技,2025-09-18 14:06:03,114.05,10731,114.0,U
sh688668,鼎通科技,2025-09-18 14:06:05,114.0,3611,114.05,D
sh688668,鼎通科技,2025-09-18 14:06:12,114.06,4710,114.01,U
sh688668,鼎通科技,2025-09-18 14:06:50,114.0,4982,114.01,D
sh688668,鼎通科技,2025-09-18 14:07:00,114.0,2000,114.01,D
sh688668,鼎通科技,2025-09-18 14:07:09,114.0,5052,114.0,D
sh688668,鼎通科技,2025-09-18 14:07:11,114.0,7452,114.0,D
sh688668,鼎通科技,2025-09-18 14:07:30,114.0,3000,113.99,U
sh688668,鼎通科技,2025-09-18 14:07:42,113.88,1981,113.88,D
sh688668,鼎通科技,2025-09-18 14:07:47,113.78,1817,113.86,D
sh688668,鼎通科技,2025-09-18 14:07:50,113.8,2200,113.78,U
sh688668,鼎通科技,2025-09-18 14:08:12,113.6,4300,113.66,D
sh688668,鼎通科技,2025-09-18 14:08:45,113.58,23214,113.38,U
sh688668,鼎通科技,2025-09-18 14:08:48,113.66,7351,113.58,U
sh688668,鼎通科技,2025-09-18 14:08:51,113.63,2361,113.66,E
sh688668,鼎通科技,2025-09-18 14:08:54,113.51,3121,113.63,D
sh688668,鼎通科技,2025-09-18 14:08:56,113.5,10600,113.51,E
sh688668,鼎通科技,2025-09-18 14:09:03,113.63,2783,113.38,U
sh688668,鼎通科技,2025-09-18 14:09:06,113.57,6807,113.63,E
sh688668,鼎通科技,2025-09-18 14:09:09,113.63,3252,113.57,U
sh688668,鼎通科技,2025-09-18 14:09:17,113.66,2657,113.66,U
sh688668,鼎通科技,2025-09-18 14:09:21,113.57,16558,113.66,D
sh688668,鼎通科技,2025-09-18 14:09:33,114.12,6677,113.71,U
sh688668,鼎通科技,2025-09-18 14:09:36,113.68,11994,114.12,D
sh688668,鼎通科技,2025-09-18 14:09:48,113.93,2917,114.18,D
sh688668,鼎通科技,2025-09-18 14:09:57,113.9,5924,114.18,D
sh688668,鼎通科技,2025-09-18 14:10:00,114.17,6236,113.9,U
sh688668,鼎通科技,2025-09-18 14:11:03,113.7,2049,113.71,D
sh688668,鼎通科技,2025-09-18 14:11:06,113.5,2600,113.7,D
sh688668,鼎通科技,2025-09-18 14:11:27,113.37,2100,113.5,D
sh688668,鼎通科技,2025-09-18 14:11:48,112.98,9189,113.01,D
sh688668,鼎通科技,2025-09-18 14:11:50,112.8,2060,112.98,D
sh688668,鼎通科技,2025-09-18 14:11:54,112.8,2900,112.8,D
sh688668,鼎通科技,2025-09-18 14:11:56,112.7,2107,112.8,D
sh688668,鼎通科技,2025-09-18 14:12:03,112.92,4387,112.7,U
sh688668,鼎通科技,2025-09-18 14:12:06,113.01,5222,112.92,U
sh688668,鼎通科技,2025-09-18 14:12:09,112.88,6740,113.01,D
sh688668,鼎通科技,2025-09-18 14:12:12,112.93,2695,112.88,U
sh688668,鼎通科技,2025-09-18 14:12:15,112.93,3600,112.93,U
sh688668,鼎通科技,2025-09-18 14:12:21,112.8,5075,112.92,D
sh688668,鼎通科技,2025-09-18 14:12:27,112.8,5106,112.72,U
sh688668,鼎通科技,2025-09-18 14:12:36,112.72,11384,112.72,D
sh688668,鼎通科技,2025-09-18 14:12:39,112.92,27118,112.72,U
sh688668,鼎通科技,2025-09-18 14:12:42,112.81,2062,112.92,D
sh688668,鼎通科技,2025-09-18 14:12:54,112.73,1800,112.86,D
sh688668,鼎通科技,2025-09-18 14:13:06,112.74,2633,112.74,D
sh688668,鼎通科技,2025-09-18 14:13:09,112.73,5266,112.74,D
sh688668,鼎通科技,2025-09-18 14:13:12,112.73,3477,112.73,U
sh688668,鼎通科技,2025-09-18 14:13:15,112.75,3723,112.73,E
sh688668,鼎通科技,2025-09-18 14:13:35,112.76,4400,112.76,U
sh688668,鼎通科技,2025-09-18 14:13:42,112.76,4833,112.76,U
sh688668,鼎通科技,2025-09-18 14:13:54,113.02,7937,112.77,U
sh688668,鼎通科技,2025-09-18 14:14:08,113.71,1889,113.5,U
sh688668,鼎通科技,2025-09-18 14:14:12,113.5,4086,113.71,D
sh688668,鼎通科技,2025-09-18 14:14:27,113.48,5200,113.5,E
sh688668,鼎通科技,2025-09-18 14:14:45,113.47,1847,113.47,D
sh688668,鼎通科技,2025-09-18 14:14:47,113.51,20556,113.47,U
sh688668,鼎通科技,2025-09-18 14:14:56,113.71,2400,113.51,U
sh688668,鼎通科技,2025-09-18 14:15:11,113.76,2658,113.78,E
sh688668,鼎通科技,2025-09-18 14:15:24,113.7,5600,113.53,U
sh688668,鼎通科技,2025-09-18 14:16:54,113.38,1800,113.38,U
sh688668,鼎通科技,2025-09-18 14:17:05,113.54,3334,113.48,U
sh688668,鼎通科技,2025-09-18 14:17:09,113.68,6600,113.54,U
sh688668,鼎通科技,2025-09-18 14:17:12,113.88,10766,113.68,U
sh688668,鼎通科技,2025-09-18 14:17:15,114.0,7989,113.88,U
sh688668,鼎通科技,2025-09-18 14:17:18,114.0,10700,114.0,U
sh688668,鼎通科技,2025-09-18 14:17:33,114.18,2425,114.17,U
sh688668,鼎通科技,2025-09-18 14:17:47,114.5,7132,114.39,D
sh688668,鼎通科技,2025-09-18 14:17:54,114.5,18710,114.56,E
sh688668,鼎通科技,2025-09-18 14:18:18,114.6,2358,114.62,D
sh688668,鼎通科技,2025-09-18 14:18:36,114.66,4719,114.66,U
sh688668,鼎通科技,2025-09-18 14:19:27,114.8,2800,114.71,U
sh688668,鼎通科技,2025-09-18 14:19:45,114.8,7143,114.86,D
sh688668,鼎通科技,2025-09-18 14:19:56,114.83,3382,114.8,U
sh688668,鼎通科技,2025-09-18 14:20:03,114.9,3254,114.83,U
sh688668,鼎通科技,2025-09-18 14:20:08,114.9,2376,114.94,D
sh688668,鼎通科技,2025-09-18 14:20:24,114.9,1851,114.81,U
sh688668,鼎通科技,2025-09-18 14:21:00,114.67,4165,114.68,D
sh688668,鼎通科技,2025-09-18 14:21:02,114.68,8904,114.67,U
sh688668,鼎通科技,2025-09-18 14:21:08,114.66,2262,114.68,D
sh688668,鼎通科技,2025-09-18 14:21:15,114.26,4522,114.66,D
sh688668,鼎通科技,2025-09-18 14:21:18,114.66,4715,114.26,U
sh688668,鼎通科技,2025-09-18 14:21:32,114.66,2663,114.66,D
sh688668,鼎通科技,2025-09-18 14:22:44,114.0,5103,113.9,U
sh688668,鼎通科技,2025-09-18 14:22:47,114.07,2900,114.0,U
sh688668,鼎通科技,2025-09-18 14:23:12,113.99,1886,114.05,D
sh688668,鼎通科技,2025-09-18 14:23:30,113.99,5714,113.99,U
sh688668,鼎通科技,2025-09-18 14:23:48,113.97,1815,113.99,E
sh688668,鼎通科技,2025-09-18 14:24:41,114.0,3950,113.91,U
sh688668,鼎通科技,2025-09-18 14:25:30,113.82,2212,113.89,D
sh688668,鼎通科技,2025-09-18 14:26:39,113.38,8025,113.39,D
sh688668,鼎通科技,2025-09-18 14:27:05,113.38,3489,113.37,U
sh688668,鼎通科技,2025-09-18 14:27:27,113.3,1981,113.39,D
sh688668,鼎通科技,2025-09-18 14:27:47,113.35,1985,113.31,D
sh688668,鼎通科技,2025-09-18 14:28:27,113.35,3341,113.35,U
sh688668,鼎通科技,2025-09-18 14:29:11,113.2,2000,113.22,D
sh688668,鼎通科技,2025-09-18 14:29:53,113.23,5867,113.12,U
sh688668,鼎通科技,2025-09-18 14:30:26,112.9,3635,113.01,D
sh688668,鼎通科技,2025-09-18 14:30:53,113.01,2100,113.0,U
sh688668,鼎通科技,2025-09-18 14:31:00,112.9,8247,113.01,D
sh688668,鼎通科技,2025-09-18 14:31:30,112.8,2995,112.8,U
sh688668,鼎通科技,2025-09-18 14:31:35,112.8,3705,112.81,D
sh688668,鼎通科技,2025-09-18 14:31:38,112.82,7922,112.8,U
sh688668,鼎通科技,2025-09-18 14:31:51,112.8,3095,112.88,D
sh688668,鼎通科技,2025-09-18 14:31:54,112.9,8766,112.8,U
sh688668,鼎通科技,2025-09-18 14:32:03,113.01,4283,112.9,U
sh688668,鼎通科技,2025-09-18 14:32:09,113.05,3397,113.01,U
sh688668,鼎通科技,2025-09-18 14:32:15,113.35,5900,113.05,U
sh688668,鼎通科技,2025-09-18 14:32:35,113.5,8335,113.5,U
sh688668,鼎通科技,2025-09-18 14:33:00,113.5,1827,113.3,U
sh688668,鼎通科技,2025-09-18 14:33:17,113.56,1837,113.5,U
sh688668,鼎通科技,2025-09-18 14:35:23,113.3,4000,113.21,U
sh688668,鼎通科技,2025-09-18 14:37:12,112.86,2600,112.88,D
sh688668,鼎通科技,2025-09-18 14:37:24,112.78,2312,112.8,D
sh688668,鼎通科技,2025-09-18 14:37:42,112.72,2977,112.76,D
sh688668,鼎通科技,2025-09-18 14:38:06,112.58,2712,112.69,D
sh688668,鼎通科技,2025-09-18 14:38:23,112.5,3800,112.5,D
sh688668,鼎通科技,2025-09-18 14:38:33,112.5,7115,112.46,U
sh688668,鼎通科技,2025-09-18 14:38:36,112.5,3612,112.5,D
sh688668,鼎通科技,2025-09-18 14:38:39,112.47,2657,112.5,D
sh688668,鼎通科技,2025-09-18 14:38:42,112.46,4132,112.47,E
sh688668,鼎通科技,2025-09-18 14:38:54,112.33,3203,112.36,D
sh688668,鼎通科技,2025-09-18 14:38:59,112.08,3023,112.33,D
sh688668,鼎通科技,2025-09-18 14:39:03,112.11,14072,112.08,E
sh688668,鼎通科技,2025-09-18 14:39:06,112.17,5586,112.11,D
sh688668,鼎通科技,2025-09-18 14:39:21,112.1,2970,112.17,D
sh688668,鼎通科技,2025-09-18 14:39:29,112.22,2848,112.18,U
sh688668,鼎通科技,2025-09-18 14:39:33,112.15,2794,112.22,U
sh688668,鼎通科技,2025-09-18 14:39:35,112.0,5000,112.15,D
sh688668,鼎通科技,2025-09-18 14:39:39,112.15,2120,112.0,E
sh688668,鼎通科技,2025-09-18 14:40:00,112.09,1950,112.05,U
sh688668,鼎通科技,2025-09-18 14:40:03,112.09,1835,112.09,D
sh688668,鼎通科技,2025-09-18 14:40:14,112.0,5000,112.09,D
sh688668,鼎通科技,2025-09-18 14:40:59,112.06,11480,112.06,U
sh688668,鼎通科技,2025-09-18 14:41:12,112.0,3664,111.89,U
sh688668,鼎通科技,2025-09-18 14:41:18,112.06,2900,112.0,U
sh688668,鼎通科技,2025-09-18 14:41:27,111.92,6674,111.93,D
sh688668,鼎通科技,2025-09-18 14:41:39,111.9,2300,111.93,D
sh688668,鼎通科技,2025-09-18 14:41:45,112.06,2000,112.0,U
sh688668,鼎通科技,2025-09-18 14:41:48,112.0,2553,112.06,D
sh688668,鼎通科技,2025-09-18 14:41:51,112.02,1935,112.0,E
sh688668,鼎通科技,2025-09-18 14:41:56,112.06,2200,112.01,U
sh688668,鼎通科技,2025-09-18 14:42:15,111.97,2498,111.97,D
sh688668,鼎通科技,2025-09-18 14:42:30,111.91,2501,111.91,D
sh688668,鼎通科技,2025-09-18 14:43:03,111.78,2848,111.8,D
sh688668,鼎通科技,2025-09-18 14:43:06,111.78,2921,111.78,D
sh688668,鼎通科技,2025-09-18 14:43:12,111.53,10504,111.79,D
sh688668,鼎通科技,2025-09-18 14:43:20,111.86,6203,111.9,E
sh688668,鼎通科技,2025-09-18 14:43:27,111.86,3252,111.86,U
sh688668,鼎通科技,2025-09-18 14:43:30,111.61,2126,111.86,D
sh688668,鼎通科技,2025-09-18 14:43:33,111.86,19481,111.61,E
sh688668,鼎通科技,2025-09-18 14:43:35,111.91,2299,111.86,U
sh688668,鼎通科技,2025-09-18 14:43:38,112.08,5146,111.91,U
sh688668,鼎通科技,2025-09-18 14:43:47,112.16,2113,112.08,U
sh688668,鼎通科技,2025-09-18 14:43:53,112.37,3344,112.08,U
sh688668,鼎通科技,2025-09-18 14:43:57,112.2,5761,112.37,D
sh688668,鼎通科技,2025-09-18 14:44:03,112.2,4492,112.16,U
sh688668,鼎通科技,2025-09-18 14:44:09,112.21,2000,112.21,U
sh688668,鼎通科技,2025-09-18 14:44:14,112.72,4923,112.21,U
sh688668,鼎通科技,2025-09-18 14:44:21,112.76,4318,112.72,U
sh688668,鼎通科技,2025-09-18 14:44:27,112.8,2192,112.72,U
sh688668,鼎通科技,2025-09-18 14:44:48,112.94,2059,112.94,U
sh688668,鼎通科技,2025-09-18 14:44:51,113.0,2215,112.94,U
sh688668,鼎通科技,2025-09-18 14:45:00,113.0,2935,112.94,U
sh688668,鼎通科技,2025-09-18 14:45:06,112.94,2101,112.99,D
sh688668,鼎通科技,2025-09-18 14:45:09,113.0,2635,112.94,U
sh688668,鼎通科技,2025-09-18 14:45:50,112.5,1947,112.73,D
sh688668,鼎通科技,2025-09-18 14:45:54,112.8,2320,112.5,U
sh688668,鼎通科技,2025-09-18 14:46:26,112.88,2912,112.71,U
sh688668,鼎通科技,2025-09-18 14:46:30,112.88,3202,112.88,D
sh688668,鼎通科技,2025-09-18 14:47:12,113.16,6600,113.0,U
sh688668,鼎通科技,2025-09-18 14:47:15,113.1,4281,113.16,D
sh688668,鼎通科技,2025-09-18 14:47:21,113.12,1784,113.0,U
sh688668,鼎通科技,2025-09-18 14:47:32,113.0,2801,113.1,D
sh688668,鼎通科技,2025-09-18 14:47:45,112.98,3644,112.97,U
sh688668,鼎通科技,2025-09-18 14:47:47,112.98,2024,112.98,D
sh688668,鼎通科技,2025-09-18 14:48:21,113.15,8400,113.0,U
sh688668,鼎通科技,2025-09-18 14:48:24,112.98,4448,113.15,D
sh688668,鼎通科技,2025-09-18 14:48:48,112.98,5158,112.98,U
sh688668,鼎通科技,2025-09-18 14:48:53,113.29,3263,113.0,U
sh688668,鼎通科技,2025-09-18 14:49:24,113.11,1800,113.11,U
sh688668,鼎通科技,2025-09-18 14:49:29,113.11,5000,113.11,D
sh688668,鼎通科技,2025-09-18 14:49:36,113.12,4766,113.12,D
sh688668,鼎通科技,2025-09-18 14:49:53,113.41,2397,113.28,U
sh688668,鼎通科技,2025-09-18 14:50:20,113.41,1982,113.32,U
sh688668,鼎通科技,2025-09-18 14:50:24,113.44,2459,113.41,U
sh688668,鼎通科技,2025-09-18 14:50:33,113.5,5605,113.49,U
sh688668,鼎通科技,2025-09-18 14:50:45,113.51,15100,113.69,D
sh688668,鼎通科技,2025-09-18 14:51:00,113.77,4145,113.63,U
sh688668,鼎通科技,2025-09-18 14:51:06,113.77,16873,113.77,D
sh688668,鼎通科技,2025-09-18 14:51:29,113.76,2320,113.75,U
sh688668,鼎通科技,2025-09-18 14:52:09,113.58,5200,113.58,D
sh688668,鼎通科技,2025-09-18 14:52:30,113.56,2593,113.56,U
sh688668,鼎通科技,2025-09-18 14:52:38,113.4,9166,113.74,D
sh688668,鼎通科技,2025-09-18 14:52:42,113.4,3500,113.4,U
sh688668,鼎通科技,2025-09-18 14:53:06,113.39,4083,113.4,E
sh688668,鼎通科技,2025-09-18 14:53:14,113.75,14719,113.38,U
sh688668,鼎通科技,2025-09-18 14:53:24,113.72,2386,113.75,E
sh688668,鼎通科技,2025-09-18 14:53:42,113.77,7200,113.75,U
sh688668,鼎通科技,2025-09-18 14:53:48,113.75,5660,113.88,D
sh688668,鼎通科技,2025-09-18 14:53:59,113.8,1900,113.94,U
sh688668,鼎通科技,2025-09-18 14:54:03,113.84,8200,113.8,U
sh688668,鼎通科技,2025-09-18 14:54:15,113.89,2628,113.9,E
sh688668,鼎通科技,2025-09-18 14:54:18,113.9,2856,113.89,U
sh688668,鼎通科技,2025-09-18 14:54:27,113.7,1800,113.78,E
sh688668,鼎通科技,2025-09-18 14:54:36,113.7,3315,113.57,U
sh688668,鼎通科技,2025-09-18 14:55:03,113.45,2444,113.45,U
sh688668,鼎通科技,2025-09-18 14:55:09,113.4,3452,113.45,D
sh688668,鼎通科技,2025-09-18 14:55:11,113.41,1899,113.4,D
sh688668,鼎通科技,2025-09-18 14:55:18,113.4,3700,113.39,U
sh688668,鼎通科技,2025-09-18 14:55:45,113.35,2000,113.35,D
sh688668,鼎通科技,2025-09-18 14:55:51,113.35,2900,113.35,D
sh688668,鼎通科技,2025-09-18 14:55:54,113.35,2000,113.35,D
sh688668,鼎通科技,2025-09-18 14:56:03,113.74,3971,113.38,U
sh688668,鼎通科技,2025-09-18 14:56:05,113.7,5700,113.74,E
sh688668,鼎通科技,2025-09-18 14:56:18,113.37,6152,113.75,D
sh688668,鼎通科技,2025-09-18 14:56:30,113.7,2452,113.69,U
sh688668,鼎通科技,2025-09-18 14:56:36,113.7,2565,113.7,U
sh688668,鼎通科技,2025-09-18 14:56:39,113.69,2855,113.7,D
sh688668,鼎通科技,2025-09-18 14:56:57,113.49,2000,113.5,U
sh688668,鼎通科技,2025-09-18 15:00:03,113.39,58051,113.49,U
