symbol,name,ticktime,price,volume,prev_price,kind
sh688668,鼎通科技,2025-09-22 09:25:02,105.0,80316,0.0,U
sh688668,鼎通科技,2025-09-22 09:30:00,106.0,4170,105.0,U
sh688668,鼎通科技,2025-09-22 09:30:06,106.27,4135,106.0,D
sh688668,鼎通科技,2025-09-22 09:30:09,106.85,4328,106.27,U
sh688668,鼎通科技,2025-09-22 09:30:12,106.88,6075,106.85,E
sh688668,鼎通科技,2025-09-22 09:30:15,106.85,5703,106.88,D
sh688668,鼎通科技,2025-09-22 09:30:18,106.9,25730,106.85,E
sh688668,鼎通科技,2025-09-22 09:30:21,107.0,25925,106.9,U
sh688668,鼎通科技,2025-09-22 09:30:24,107.33,11671,107.0,U
sh688668,鼎通科技,2025-09-22 09:30:27,107.21,3413,107.33,E
sh688668,鼎通科技,2025-09-22 09:30:30,107.35,9352,107.21,U
sh688668,鼎通科技,2025-09-22 09:30:33,107.5,6810,107.35,U
sh688668,鼎通科技,2025-09-22 09:30:36,107.55,10353,107.5,U
sh688668,鼎通科技,2025-09-22 09:30:39,107.63,4995,107.55,E
sh688668,鼎通科技,2025-09-22 09:30:42,107.63,2871,107.63,D
sh688668,鼎通科技,2025-09-22 09:30:45,107.99,6414,107.63,D
sh688668,鼎通科技,2025-09-22 09:30:48,107.51,4700,107.99,D
sh688668,鼎通科技,2025-09-22 09:30:51,107.98,5812,107.51,U
sh688668,鼎通科技,2025-09-22 09:30:54,107.47,2401,107.98,D
sh688668,鼎通科技,2025-09-22 09:30:57,107.24,5414,107.47,D
sh688668,鼎通科技,2025-09-22 09:31:00,107.01,4354,107.24,D
sh688668,鼎通科技,2025-09-22 09:31:03,107.0,9638,107.01,D
sh688668,鼎通科技,2025-09-22 09:31:09,106.61,2250,106.77,D
sh688668,鼎通科技,2025-09-22 09:31:12,106.6,4200,106.61,D
sh688668,鼎通科技,2025-09-22 09:31:15,106.08,4797,106.6,D
sh688668,鼎通科技,2025-09-22 09:31:18,106.0,18635,106.08,D
sh688668,鼎通科技,2025-09-22 09:31:24,105.4,17782,105.48,D
sh688668,鼎通科技,2025-09-22 09:31:27,105.43,5201,105.4,U
sh688668,鼎通科技,2025-09-22 09:31:30,105.37,18381,105.43,D
sh688668,鼎通科技,2025-09-22 09:31:33,105.35,3000,105.37,D
sh688668,鼎通科技,2025-09-22 09:31:36,105.42,3501,105.35,U
sh688668,鼎通科技,2025-09-22 09:31:39,105.32,2316,105.42,E
sh688668,鼎通科技,2025-09-22 09:31:42,105.47,3036,105.32,U
sh688668,鼎通科技,2025-09-22 09:31:45,105.31,3657,105.47,D
sh688668,鼎通科技,2025-09-22 09:32:30,105.8,1918,105.77,E
sh688668,鼎通科技,2025-09-22 09:32:33,105.65,3139,105.8,D
sh688668,鼎通科技,2025-09-22 09:32:36,105.59,5688,105.65,D
sh688668,鼎通科技,2025-09-22 09:32:39,105.29,8986,105.59,D
sh688668,鼎通科技,2025-09-22 09:32:42,105.29,4659,105.29,D
sh688668,鼎通科技,2025-09-22 09:32:45,105.05,10800,105.29,D
sh688668,鼎通科技,2025-09-22 09:32:48,105.09,4798,105.05,U
sh688668,鼎通科技,2025-09-22 09:32:51,105.17,2401,105.09,U
sh688668,鼎通科技,2025-09-22 09:32:54,105.4,4556,105.17,U
sh688668,鼎通科技,2025-09-22 09:33:00,105.29,2900,105.5,D
sh688668,鼎通科技,2025-09-22 09:33:06,105.35,2539,105.4,D
sh688668,鼎通科技,2025-09-22 09:33:09,105.4,2581,105.35,U
sh688668,鼎通科技,2025-09-22 09:33:24,106.0,2439,105.85,U
sh688668,鼎通科技,2025-09-22 09:33:27,105.95,3563,106.0,E
sh688668,鼎通科技,2025-09-22 09:33:39,105.94,3100,105.93,U
sh688668,鼎通科技,2025-09-22 09:33:42,105.94,3562,105.94,D
sh688668,鼎通科技,2025-09-22 09:33:45,105.8,3847,105.94,D
sh688668,鼎通科技,2025-09-22 09:33:48,105.95,3648,105.8,U
sh688668,鼎通科技,2025-09-22 09:34:09,106.19,3635,106.24,U
sh688668,鼎通科技,2025-09-22 09:34:24,106.2,3143,106.19,D
sh688668,鼎通科技,2025-09-22 09:34:48,106.6,4400,106.65,E
sh688668,鼎通科技,2025-09-22 09:35:03,106.82,2370,106.6,U
sh688668,鼎通科技,2025-09-22 09:35:06,107.24,5902,106.82,U
sh688668,鼎通科技,2025-09-22 09:35:18,107.34,3997,107.01,U
sh688668,鼎通科技,2025-09-22 09:35:21,107.51,2122,107.34,U
sh688668,鼎通科技,2025-09-22 09:35:33,107.61,5965,107.85,E
sh688668,鼎通科技,2025-09-22 09:35:54,107.86,4657,107.84,U
sh688668,鼎通科技,2025-09-22 09:35:57,107.84,3666,107.86,D
sh688668,鼎通科技,2025-09-22 09:36:00,107.75,5391,107.84,D
sh688668,鼎通科技,2025-09-22 09:36:06,107.52,2600,107.72,D
sh688668,鼎通科技,2025-09-22 09:36:09,107.19,4273,107.52,D
sh688668,鼎通科技,2025-09-22 09:36:30,107.3,4448,107.3,D
sh688668,鼎通科技,2025-09-22 09:37:18,107.7,4706,107.4,U
sh688668,鼎通科技,2025-09-22 09:37:21,107.89,12804,107.7,U
sh688668,鼎通科技,2025-09-22 09:37:36,107.89,6023,108.13,D
sh688668,鼎通科技,2025-09-22 09:38:09,108.47,6795,108.45,U
sh688668,鼎通科技,2025-09-22 09:38:12,108.45,2450,108.47,U
sh688668,鼎通科技,2025-09-22 09:38:15,108.45,4978,108.45,U
sh688668,鼎通科技,2025-09-22 09:38:21,108.49,5024,108.45,U
sh688668,鼎通科技,2025-09-22 09:38:42,108.16,1900,108.21,D
sh688668,鼎通科技,2025-09-22 09:38:45,108.16,2200,108.16,D
sh688668,鼎通科技,2025-09-22 09:38:54,108.45,5000,108.4,U
sh688668,鼎通科技,2025-09-22 09:38:57,108.5,2101,108.45,U
sh688668,鼎通科技,2025-09-22 09:39:00,108.59,9330,108.5,U
sh688668,鼎通科技,2025-09-22 09:39:03,108.41,13118,108.59,D
sh688668,鼎通科技,2025-09-22 09:39:06,108.59,3785,108.41,U
sh688668,鼎通科技,2025-09-22 09:39:09,108.6,3723,108.59,E
sh688668,鼎通科技,2025-09-22 09:39:12,108.61,7443,108.6,E
sh688668,鼎通科技,2025-09-22 09:39:15,109.0,4237,108.61,U
sh688668,鼎通科技,2025-09-22 09:39:21,108.91,2200,108.91,D
sh688668,鼎通科技,2025-09-22 09:39:36,108.66,4500,109.25,D
sh688668,鼎通科技,2025-09-22 09:39:42,108.6,5898,108.66,D
sh688668,鼎通科技,2025-09-22 09:39:45,109.06,2151,108.6,U
sh688668,鼎通科技,2025-09-22 09:39:48,108.69,2900,109.06,U
sh688668,鼎通科技,2025-09-22 09:39:57,108.9,12335,108.69,U
sh688668,鼎通科技,2025-09-22 09:40:06,108.9,2692,108.91,D
sh688668,鼎通科技,2025-09-22 09:40:15,108.68,7494,108.9,D
sh688668,鼎通科技,2025-09-22 09:40:18,108.56,3935,108.68,D
sh688668,鼎通科技,2025-09-22 09:40:21,108.68,4400,108.56,U
sh688668,鼎通科技,2025-09-22 09:41:00,108.22,6627,108.22,D
sh688668,鼎通科技,2025-09-22 09:41:24,108.2,5000,108.01,U
sh688668,鼎通科技,2025-09-22 09:41:36,108.04,3200,108.04,E
sh688668,鼎通科技,2025-09-22 09:41:39,108.3,17301,108.04,U
sh688668,鼎通科技,2025-09-22 09:41:42,108.48,10197,108.3,U
sh688668,鼎通科技,2025-09-22 09:41:45,108.5,6159,108.48,U
sh688668,鼎通科技,2025-09-22 09:41:51,108.4,5044,108.5,E
sh688668,鼎通科技,2025-09-22 09:42:24,108.54,3608,108.59,D
sh688668,鼎通科技,2025-09-22 09:42:27,108.8,5761,108.54,U
sh688668,鼎通科技,2025-09-22 09:42:30,108.9,12031,108.8,U
sh688668,鼎通科技,2025-09-22 09:42:33,108.9,7582,108.9,U
sh688668,鼎通科技,2025-09-22 09:42:57,108.8,4077,108.9,D
sh688668,鼎通科技,2025-09-22 09:43:09,108.9,2200,108.9,U
sh688668,鼎通科技,2025-09-22 09:43:12,108.63,6059,108.9,D
sh688668,鼎通科技,2025-09-22 09:43:30,108.61,4741,108.9,D
sh688668,鼎通科技,2025-09-22 09:43:33,108.64,5601,108.61,U
sh688668,鼎通科技,2025-09-22 09:43:36,108.64,6615,108.64,U
sh688668,鼎通科技,2025-09-22 09:43:45,108.65,3309,108.65,D
sh688668,鼎通科技,2025-09-22 09:43:57,108.88,2084,108.67,U
sh688668,鼎通科技,2025-09-22 09:44:00,109.23,20323,108.88,U
sh688668,鼎通科技,2025-09-22 09:44:03,109.25,5178,109.23,U
sh688668,鼎通科技,2025-09-22 09:44:24,109.32,2439,109.06,U
sh688668,鼎通科技,2025-09-22 09:44:36,109.43,2838,109.32,U
sh688668,鼎通科技,2025-09-22 09:44:42,109.28,2915,109.28,D
sh688668,鼎通科技,2025-09-22 09:44:45,109.46,2400,109.28,U
sh688668,鼎通科技,2025-09-22 09:44:57,109.43,10481,109.35,U
sh688668,鼎通科技,2025-09-22 09:45:03,109.28,7440,109.29,D
sh688668,鼎通科技,2025-09-22 09:45:15,109.09,2081,109.09,D
sh688668,鼎通科技,2025-09-22 09:45:30,108.89,7787,108.9,D
sh688668,鼎通科技,2025-09-22 09:45:36,108.9,2355,108.89,U
sh688668,鼎通科技,2025-09-22 09:45:39,108.89,9366,108.9,D
sh688668,鼎通科技,2025-09-22 09:45:54,108.9,5100,108.82,U
sh688668,鼎通科技,2025-09-22 09:46:03,109.09,2000,108.9,U
sh688668,鼎通科技,2025-09-22 09:46:06,109.0,4277,109.09,D
sh688668,鼎通科技,2025-09-22 09:46:12,108.88,3092,108.91,D
sh688668,鼎通科技,2025-09-22 09:46:18,108.94,3659,108.65,E
sh688668,鼎通科技,2025-09-22 09:46:27,108.64,7695,108.71,D
sh688668,鼎通科技,2025-09-22 09:47:06,108.7,3871,108.82,D
sh688668,鼎通科技,2025-09-22 09:47:39,108.7,31689,108.57,U
sh688668,鼎通科技,2025-09-22 09:47:51,108.7,1947,108.76,D
sh688668,鼎通科技,2025-09-22 09:47:57,108.67,5169,108.7,D
sh688668,鼎通科技,2025-09-22 09:48:03,108.67,6488,108.6,U
sh688668,鼎通科技,2025-09-22 09:48:06,108.55,4600,108.67,D
sh688668,鼎通科技,2025-09-22 09:48:15,108.43,8989,108.58,D
sh688668,鼎通科技,2025-09-22 09:48:21,108.1,3297,108.32,D
sh688668,鼎通科技,2025-09-22 09:48:51,107.96,5020,108.0,D
sh688668,鼎通科技,2025-09-22 09:49:06,107.98,7705,107.96,U
sh688668,鼎通科技,2025-09-22 09:49:09,108.32,3676,107.98,U
sh688668,鼎通科技,2025-09-22 09:49:24,107.88,2776,107.91,D
sh688668,鼎通科技,2025-09-22 09:49:30,107.91,10086,107.88,U
sh688668,鼎通科技,2025-09-22 09:49:51,108.0,3000,108.02,D
sh688668,鼎通科技,2025-09-22 09:50:12,108.33,2486,108.0,U
sh688668,鼎通科技,2025-09-22 09:50:21,108.58,2081,108.37,U
sh688668,鼎通科技,2025-09-22 09:50:27,108.7,4627,108.66,U
sh688668,鼎通科技,2025-09-22 09:50:36,108.78,2406,108.7,U
sh688668,鼎通科技,2025-09-22 09:51:30,108.6,4555,108.69,D
sh688668,鼎通科技,2025-09-22 09:51:33,108.71,4982,108.6,U
sh688668,鼎通科技,2025-09-22 09:51:36,108.82,16080,108.71,U
sh688668,鼎通科技,2025-09-22 09:51:39,109.0,5900,108.82,U
sh688668,鼎通科技,2025-09-22 09:51:42,109.01,4681,109.0,D
sh688668,鼎通科技,2025-09-22 09:51:45,108.99,5180,109.01,D
sh688668,鼎通科技,2025-09-22 09:52:12,108.8,6195,108.82,D
sh688668,鼎通科技,2025-09-22 09:52:15,108.89,4703,108.8,U
sh688668,鼎通科技,2025-09-22 09:52:33,108.72,3020,108.76,D
sh688668,鼎通科技,2025-09-22 09:52:39,108.69,5998,108.72,D
sh688668,鼎通科技,2025-09-22 09:52:54,108.76,8998,108.6,U
sh688668,鼎通科技,2025-09-22 09:52:57,108.81,1958,108.76,U
sh688668,鼎通科技,2025-09-22 09:53:12,108.81,2477,108.8,U
sh688668,鼎通科技,2025-09-22 09:53:18,108.8,2184,108.8,U
sh688668,鼎通科技,2025-09-22 09:53:21,108.82,2011,108.8,U
sh688668,鼎通科技,2025-09-22 09:53:27,108.89,3821,108.85,U
sh688668,鼎通科技,2025-09-22 09:53:30,108.82,3155,108.89,D
sh688668,鼎通科技,2025-09-22 09:53:48,108.8,2538,108.83,D
sh688668,鼎通科技,2025-09-22 09:54:21,108.3,2345,108.6,D
sh688668,鼎通科技,2025-09-22 09:55:27,108.63,2437,108.43,U
sh688668,鼎通科技,2025-09-22 09:55:30,108.44,1934,108.63,D
sh688668,鼎通科技,2025-09-22 09:56:00,108.42,8472,108.53,D
sh688668,鼎通科技,2025-09-22 09:56:03,108.3,2065,108.42,D
sh688668,鼎通科技,2025-09-22 09:56:21,108.43,6703,108.3,U
sh688668,鼎通科技,2025-09-22 09:56:24,108.6,2602,108.43,U
sh688668,鼎通科技,2025-09-22 09:56:36,108.7,5455,108.6,U
sh688668,鼎通科技,2025-09-22 09:56:39,108.83,1919,108.7,U
sh688668,鼎通科技,2025-09-22 09:57:24,108.94,2168,108.94,U
sh688668,鼎通科技,2025-09-22 09:57:30,108.9,5000,108.66,U
sh688668,鼎通科技,2025-09-22 09:58:09,108.95,22773,108.85,U
sh688668,鼎通科技,2025-09-22 09:58:18,109.08,7388,108.91,U
sh688668,鼎通科技,2025-09-22 09:58:24,109.22,6781,109.1,U
sh688668,鼎通科技,2025-09-22 09:58:42,109.34,11239,109.45,D
sh688668,鼎通科技,2025-09-22 09:58:48,109.48,4491,109.5,U
sh688668,鼎通科技,2025-09-22 09:58:51,109.45,13945,109.48,U
sh688668,鼎通科技,2025-09-22 09:59:30,109.35,3930,109.14,U
sh688668,鼎通科技,2025-09-22 09:59:42,109.3,3372,109.3,U
sh688668,鼎通科技,2025-09-22 09:59:51,109.35,2949,109.35,U
sh688668,鼎通科技,2025-09-22 09:59:54,109.3,7141,109.35,D
sh688668,鼎通科技,2025-09-22 10:00:30,108.56,2430,108.56,D
sh688668,鼎通科技,2025-09-22 10:00:45,108.55,9977,108.58,D
sh688668,鼎通科技,2025-09-22 10:00:51,108.53,2196,108.72,D
sh688668,鼎通科技,2025-09-22 10:00:54,108.85,2603,108.53,U
sh688668,鼎通科技,2025-09-22 10:00:57,108.5,1946,108.85,D
sh688668,鼎通科技,2025-09-22 10:01:03,108.53,3226,108.53,U
sh688668,鼎通科技,2025-09-22 10:01:15,108.31,2403,108.47,D
sh688668,鼎通科技,2025-09-22 10:01:18,108.29,4507,108.31,D
sh688668,鼎通科技,2025-09-22 10:01:27,108.53,2027,108.53,U
sh688668,鼎通科技,2025-09-22 10:01:33,108.32,4463,108.54,D
sh688668,鼎通科技,2025-09-22 10:02:03,108.27,2400,108.3,D
sh688668,鼎通科技,2025-09-22 10:02:06,108.3,2176,108.27,U
sh688668,鼎通科技,2025-09-22 10:02:42,108.72,2368,108.72,D
sh688668,鼎通科技,2025-09-22 10:03:00,108.72,2322,108.85,D
sh688668,鼎通科技,2025-09-22 10:03:06,108.48,5582,108.53,D
sh688668,鼎通科技,2025-09-22 10:03:18,108.28,3598,108.28,D
sh688668,鼎通科技,2025-09-22 10:03:24,108.0,13605,108.17,D
sh688668,鼎通科技,2025-09-22 10:03:27,108.0,3302,108.0,D
sh688668,鼎通科技,2025-09-22 10:03:30,108.0,3801,108.0,D
sh688668,鼎通科技,2025-09-22 10:04:57,108.08,2193,108.07,D
sh688668,鼎通科技,2025-09-22 10:05:18,108.1,3043,108.07,U
sh688668,鼎通科技,2025-09-22 10:05:21,108.07,1903,108.1,D
sh688668,鼎通科技,2025-09-22 10:05:36,108.48,4903,108.63,D
sh688668,鼎通科技,2025-09-22 10:06:06,108.48,3321,108.66,D
sh688668,鼎通科技,2025-09-22 10:06:21,108.8,6329,108.35,U
sh688668,鼎通科技,2025-09-22 10:06:24,108.66,3619,108.8,D
sh688668,鼎通科技,2025-09-22 10:07:03,108.99,1953,108.99,U
sh688668,鼎通科技,2025-09-22 10:08:42,109.0,3694,109.0,U
sh688668,鼎通科技,2025-09-22 10:08:57,109.02,2835,109.06,D
sh688668,鼎通科技,2025-09-22 10:09:00,109.0,2156,109.02,D
sh688668,鼎通科技,2025-09-22 10:09:06,109.06,3712,109.0,U
sh688668,鼎通科技,2025-09-22 10:09:42,109.25,2446,109.24,U
sh688668,鼎通科技,2025-09-22 10:10:18,109.09,9476,109.13,D
sh688668,鼎通科技,2025-09-22 10:10:21,109.02,4191,109.09,E
sh688668,鼎通科技,2025-09-22 10:10:24,109.05,2170,109.02,U
sh688668,鼎通科技,2025-09-22 10:10:30,109.16,11156,109.05,D
sh688668,鼎通科技,2025-09-22 10:10:33,109.0,3850,109.16,D
sh688668,鼎通科技,2025-09-22 10:10:51,109.0,2656,109.0,D
sh688668,鼎通科技,2025-09-22 10:11:39,109.0,2800,108.77,U
sh688668,鼎通科技,2025-09-22 10:12:30,109.05,18897,108.71,U
sh688668,鼎通科技,2025-09-22 10:12:33,109.1,1999,109.05,U
sh688668,鼎通科技,2025-09-22 10:12:48,109.26,20040,109.22,U
sh688668,鼎通科技,2025-09-22 10:12:51,109.36,13797,109.26,U
sh688668,鼎通科技,2025-09-22 10:12:54,109.36,4617,109.36,U
sh688668,鼎通科技,2025-09-22 10:13:03,109.5,13155,109.48,U
sh688668,鼎通科技,2025-09-22 10:13:09,109.48,2794,109.48,U
sh688668,鼎通科技,2025-09-22 10:13:18,109.48,11000,109.48,U
sh688668,鼎通科技,2025-09-22 10:13:24,109.48,2044,109.48,D
sh688668,鼎通科技,2025-09-22 10:13:30,109.55,2700,109.48,U
sh688668,鼎通科技,2025-09-22 10:13:33,109.48,1855,109.55,D
sh688668,鼎通科技,2025-09-22 10:13:36,109.64,10434,109.48,U
sh688668,鼎通科技,2025-09-22 10:13:45,109.77,2009,109.49,U
sh688668,鼎通科技,2025-09-22 10:13:51,109.7,2000,109.7,D
sh688668,鼎通科技,2025-09-22 10:14:24,109.75,2045,109.78,D
sh688668,鼎通科技,2025-09-22 10:14:33,109.88,10300,109.75,U
sh688668,鼎通科技,2025-09-22 10:14:36,109.9,6467,109.88,U
sh688668,鼎通科技,2025-09-22 10:15:15,109.68,2034,109.9,D
sh688668,鼎通科技,2025-09-22 10:15:36,109.68,2360,109.48,U
sh688668,鼎通科技,2025-09-22 10:15:57,109.27,4700,109.65,D
sh688668,鼎通科技,2025-09-22 10:16:03,109.08,4500,109.64,D
sh688668,鼎通科技,2025-09-22 10:16:06,109.25,3113,109.08,D
sh688668,鼎通科技,2025-09-22 10:16:12,109.62,2082,109.25,U
sh688668,鼎通科技,2025-09-22 10:17:09,109.61,3258,109.44,U
sh688668,鼎通科技,2025-09-22 10:17:15,109.66,3420,109.64,U
sh688668,鼎通科技,2025-09-22 10:17:33,109.9,4110,109.88,U
sh688668,鼎通科技,2025-09-22 10:18:12,109.8,1974,109.8,D
sh688668,鼎通科技,2025-09-22 10:18:15,109.8,1900,109.8,D
sh688668,鼎通科技,2025-09-22 10:19:21,109.0,2200,109.12,D
sh688668,鼎通科技,2025-09-22 10:19:51,109.0,4529,108.8,E
sh688668,鼎通科技,2025-09-22 10:22:00,109.06,4905,109.12,D
sh688668,鼎通科技,2025-09-22 10:22:03,108.8,4091,109.06,D
sh688668,鼎通科技,2025-09-22 10:22:51,108.77,3005,108.86,D
sh688668,鼎通科技,2025-09-22 10:25:15,108.95,21318,108.95,U
sh688668,鼎通科技,2025-09-22 10:25:18,108.95,5111,108.95,U
sh688668,鼎通科技,2025-09-22 10:25:24,108.96,2299,108.95,D
sh688668,鼎通科技,2025-09-22 10:25:48,108.92,6636,108.96,D
sh688668,鼎通科技,2025-09-22 10:25:51,108.95,3486,108.92,U
sh688668,鼎通科技,2025-09-22 10:26:03,108.85,10400,108.87,D
sh688668,鼎通科技,2025-09-22 10:26:06,108.54,17835,108.85,D
sh688668,鼎通科技,2025-09-22 10:26:18,108.5,4070,108.54,D
sh688668,鼎通科技,2025-09-22 10:27:12,108.54,5208,108.54,U
sh688668,鼎通科技,2025-09-22 10:27:30,108.7,2404,108.55,E
sh688668,鼎通科技,2025-09-22 10:28:33,108.77,3058,108.61,U
sh688668,鼎通科技,2025-09-22 10:28:51,108.55,3473,108.55,D
sh688668,鼎通科技,2025-09-22 10:28:57,108.6,2200,108.6,D
sh688668,鼎通科技,2025-09-22 10:29:03,108.52,9911,108.56,D
sh688668,鼎通科技,2025-09-22 10:29:06,108.51,2646,108.52,D
sh688668,鼎通科技,2025-09-22 10:29:09,108.48,2259,108.51,D
sh688668,鼎通科技,2025-09-22 10:29:12,108.45,9128,108.48,D
sh688668,鼎通科技,2025-09-22 10:29:54,108.45,3204,108.45,D
sh688668,鼎通科技,2025-09-22 10:30:48,108.56,3958,108.56,U
sh688668,鼎通科技,2025-09-22 10:31:09,108.56,3517,108.53,U
sh688668,鼎通科技,2025-09-22 10:31:12,108.5,2387,108.56,D
sh688668,鼎通科技,2025-09-22 10:32:21,108.6,2869,108.49,U
sh688668,鼎通科技,2025-09-22 10:32:27,108.5,4768,108.6,D
sh688668,鼎通科技,2025-09-22 10:33:36,108.95,2451,108.95,D
sh688668,鼎通科技,2025-09-22 10:33:42,108.95,2220,108.95,U
sh688668,鼎通科技,2025-09-22 10:34:06,109.16,2278,108.99,U
sh688668,鼎通科技,2025-09-22 10:34:15,108.99,7016,109.16,D
sh688668,鼎通科技,2025-09-22 10:34:42,109.1,4700,109.11,D
sh688668,鼎通科技,2025-09-22 10:34:45,109.1,5690,109.1,D
sh688668,鼎通科技,2025-09-22 10:36:06,109.5,16907,109.21,U
sh688668,鼎通科技,2025-09-22 10:36:09,109.69,3100,109.5,U
sh688668,鼎通科技,2025-09-22 10:36:54,109.62,3000,109.54,U
sh688668,鼎通科技,2025-09-22 10:37:00,109.62,3200,109.62,U
sh688668,鼎通科技,2025-09-22 10:37:12,109.5,2508,109.5,D
sh688668,鼎通科技,2025-09-22 10:37:42,109.5,2800,109.46,U
sh688668,鼎通科技,2025-09-22 10:38:48,109.45,12660,109.39,U
sh688668,鼎通科技,2025-09-22 10:38:51,109.66,4159,109.45,U
sh688668,鼎通科技,2025-09-22 10:38:54,109.78,2446,109.66,U
sh688668,鼎通科技,2025-09-22 10:38:57,109.8,5985,109.78,U
sh688668,鼎通科技,2025-09-22 10:39:00,109.83,10498,109.8,U
sh688668,鼎通科技,2025-09-22 10:39:12,109.83,6727,109.83,D
sh688668,鼎通科技,2025-09-22 10:40:24,109.68,6220,109.32,U
sh688668,鼎通科技,2025-09-22 10:40:27,109.7,5421,109.68,U
sh688668,鼎通科技,2025-09-22 10:40:33,109.88,6223,109.54,U
sh688668,鼎通科技,2025-09-22 10:40:39,109.93,12618,109.88,U
sh688668,鼎通科技,2025-09-22 10:40:42,110.05,42166,109.93,U
sh688668,鼎通科技,2025-09-22 10:40:45,110.1,2186,110.05,D
sh688668,鼎通科技,2025-09-22 10:40:51,110.18,2998,110.0,U
sh688668,鼎通科技,2025-09-22 10:40:54,110.2,4798,110.18,U
sh688668,鼎通科技,2025-09-22 10:41:18,110.21,2307,110.25,D
sh688668,鼎通科技,2025-09-22 10:42:00,110.0,2800,110.0,D
sh688668,鼎通科技,2025-09-22 10:42:36,109.61,5200,109.99,D
sh688668,鼎通科技,2025-09-22 10:42:45,109.97,25428,109.7,U
sh688668,鼎通科技,2025-09-22 10:44:12,109.87,20798,109.8,U
sh688668,鼎通科技,2025-09-22 10:44:36,109.9,3907,109.92,D
sh688668,鼎通科技,2025-09-22 10:44:42,109.83,2400,109.9,D
sh688668,鼎通科技,2025-09-22 10:44:48,109.7,2433,109.8,D
sh688668,鼎通科技,2025-09-22 10:44:51,109.58,5909,109.7,D
sh688668,鼎通科技,2025-09-22 10:45:57,109.92,20000,109.8,U
sh688668,鼎通科技,2025-09-22 10:47:09,109.8,2484,109.8,U
sh688668,鼎通科技,2025-09-22 10:48:15,109.48,4152,109.51,D
sh688668,鼎通科技,2025-09-22 10:48:42,109.3,3084,109.48,D
sh688668,鼎通科技,2025-09-22 10:49:00,109.37,3344,109.39,D
sh688668,鼎通科技,2025-09-22 10:49:09,109.6,2098,109.6,U
sh688668,鼎通科技,2025-09-22 10:49:21,109.49,8290,109.6,D
sh688668,鼎通科技,2025-09-22 10:49:24,109.49,2113,109.49,U
sh688668,鼎通科技,2025-09-22 10:50:06,109.6,2061,109.6,U
sh688668,鼎通科技,2025-09-22 10:52:09,109.53,2239,109.53,U
sh688668,鼎通科技,2025-09-22 10:52:36,109.54,2884,109.79,D
sh688668,鼎通科技,2025-09-22 10:53:06,109.92,4200,109.85,U
sh688668,鼎通科技,2025-09-22 10:53:24,109.9,2045,109.99,D
sh688668,鼎通科技,2025-09-22 10:53:27,110.0,3591,109.9,U
sh688668,鼎通科技,2025-09-22 10:54:18,110.23,2631,110.2,U
sh688668,鼎通科技,2025-09-22 10:54:30,110.32,2675,110.28,U
sh688668,鼎通科技,2025-09-22 10:54:33,110.38,2895,110.32,U
sh688668,鼎通科技,2025-09-22 10:54:57,110.27,7773,110.32,D
sh688668,鼎通科技,2025-09-22 10:55:27,110.02,4383,110.06,D
sh688668,鼎通科技,2025-09-22 10:57:15,110.05,2832,110.03,U
sh688668,鼎通科技,2025-09-22 10:57:30,109.87,2300,110.0,D
sh688668,鼎通科技,2025-09-22 10:57:33,109.83,2152,109.87,D
sh688668,鼎通科技,2025-09-22 10:57:45,109.86,2900,109.58,U
sh688668,鼎通科技,2025-09-22 10:57:48,109.58,2091,109.86,D
sh688668,鼎通科技,2025-09-22 10:58:45,109.85,2207,110.05,D
sh688668,鼎通科技,2025-09-22 10:59:39,110.0,2285,110.0,U
sh688668,鼎通科技,2025-09-22 10:59:48,110.17,2996,110.19,D
sh688668,鼎通科技,2025-09-22 10:59:57,110.15,11618,110.18,D
sh688668,鼎通科技,2025-09-22 11:01:00,109.86,3215,110.15,D
sh688668,鼎通科技,2025-09-22 11:01:39,109.41,4606,110.12,D
sh688668,鼎通科技,2025-09-22 11:02:36,109.3,3635,109.41,D
sh688668,鼎通科技,2025-09-22 11:03:45,109.3,1958,109.52,D
sh688668,鼎通科技,2025-09-22 11:04:24,109.16,1869,109.17,D
sh688668,鼎通科技,2025-09-22 11:05:09,109.09,1960,109.09,D
sh688668,鼎通科技,2025-09-22 11:05:36,109.1,2748,109.37,D
sh688668,鼎通科技,2025-09-22 11:05:57,109.1,3200,109.1,D
sh688668,鼎通科技,2025-09-22 11:06:00,109.1,5653,109.1,D
sh688668,鼎通科技,2025-09-22 11:08:06,108.88,3100,108.94,D
sh688668,鼎通科技,2025-09-22 11:08:09,108.88,2185,108.88,D
sh688668,鼎通科技,2025-09-22 11:08:45,108.66,2033,108.67,D
sh688668,鼎通科技,2025-09-22 11:08:54,108.66,2170,108.65,U
sh688668,鼎通科技,2025-09-22 11:09:54,108.94,2615,108.67,U
sh688668,鼎通科技,2025-09-22 11:11:54,109.1,2770,109.0,U
sh688668,鼎通科技,2025-09-22 11:14:15,108.7,2200,108.72,D
sh688668,鼎通科技,2025-09-22 11:14:21,108.68,2131,108.7,D
sh688668,鼎通科技,2025-09-22 11:15:00,108.68,5463,108.68,D
sh688668,鼎通科技,2025-09-22 11:15:12,108.65,22466,108.68,D
sh688668,鼎通科技,2025-09-22 11:15:21,108.6,2000,108.61,D
sh688668,鼎通科技,2025-09-22 11:15:57,108.6,5441,108.63,D
sh688668,鼎通科技,2025-09-22 11:18:27,108.75,3000,108.78,D
sh688668,鼎通科技,2025-09-22 11:18:54,108.78,2000,108.88,D
sh688668,鼎通科技,2025-09-22 11:19:54,108.5,12427,108.63,D
sh688668,鼎通科技,2025-09-22 11:20:00,108.55,2284,108.45,U
sh688668,鼎通科技,2025-09-22 11:20:48,108.69,2332,108.68,U
sh688668,鼎通科技,2025-09-22 11:21:30,109.0,4797,109.0,U
sh688668,鼎通科技,2025-09-22 11:21:45,109.38,9462,108.93,U
sh688668,鼎通科技,2025-09-22 11:21:48,108.93,2222,109.38,D
sh688668,鼎通科技,2025-09-22 11:21:54,108.69,6957,109.05,D
sh688668,鼎通科技,2025-09-22 11:22:09,108.91,5384,108.91,D
sh688668,鼎通科技,2025-09-22 11:22:15,109.32,3364,108.91,U
sh688668,鼎通科技,2025-09-22 11:22:27,109.1,1891,109.42,D
sh688668,鼎通科技,2025-09-22 11:22:36,109.12,2255,109.12,D
sh688668,鼎通科技,2025-09-22 11:22:51,108.94,3143,109.37,D
sh688668,鼎通科技,2025-09-22 11:22:57,109.13,1909,108.95,E
sh688668,鼎通科技,2025-09-22 11:23:36,109.05,3750,109.14,D
sh688668,鼎通科技,2025-09-22 11:23:42,109.36,3609,109.05,U
sh688668,鼎通科技,2025-09-22 11:24:00,109.05,3726,109.12,D
sh688668,鼎通科技,2025-09-22 11:24:12,109.12,2383,109.56,D
sh688668,鼎通科技,2025-09-22 11:24:42,109.24,2926,109.25,D
sh688668,鼎通科技,2025-09-22 11:24:45,109.53,2766,109.24,E
sh688668,鼎通科技,2025-09-22 11:24:51,109.01,4177,109.53,D
sh688668,鼎通科技,2025-09-22 11:25:03,109.4,9310,109.45,D
sh688668,鼎通科技,2025-09-22 11:25:39,109.1,3542,109.39,D
sh688668,鼎通科技,2025-09-22 11:26:24,109.05,4434,109.38,D
sh688668,鼎通科技,2025-09-22 11:26:33,109.0,3470,109.05,D
sh688668,鼎通科技,2025-09-22 11:27:03,108.91,5547,108.89,U
sh688668,鼎通科技,2025-09-22 11:27:57,109.1,2837,109.35,D
sh688668,鼎通科技,2025-09-22 11:28:18,109.08,1993,109.12,D
sh688668,鼎通科技,2025-09-22 11:28:48,109.46,2668,109.36,U
sh688668,鼎通科技,2025-09-22 11:29:03,109.1,2295,109.37,D
sh688668,鼎通科技,2025-09-22 11:29:48,109.11,4307,109.59,D
sh688668,鼎通科技,2025-09-22 13:00:00,109.58,1921,109.59,E
sh688668,鼎通科技,2025-09-22 13:00:06,109.59,2500,109.59,U
sh688668,鼎通科技,2025-09-22 13:00:09,109.2,9205,109.59,D
sh688668,鼎通科技,2025-09-22 13:00:12,109.2,9429,109.2,U
sh688668,鼎通科技,2025-09-22 13:00:18,109.3,8604,109.3,U
sh688668,鼎通科技,2025-09-22 13:01:24,109.48,2934,109.48,U
sh688668,鼎通科技,2025-09-22 13:02:15,109.49,3382,109.62,D
sh688668,鼎通科技,2025-09-22 13:03:39,109.29,2526,109.36,D
sh688668,鼎通科技,2025-09-22 13:03:57,109.0,3946,109.1,D
sh688668,鼎通科技,2025-09-22 13:04:03,109.0,8522,109.0,D
sh688668,鼎通科技,2025-09-22 13:04:54,108.99,1917,109.15,D
sh688668,鼎通科技,2025-09-22 13:06:09,108.93,3455,108.98,D
sh688668,鼎通科技,2025-09-22 13:06:12,108.87,2825,108.93,D
sh688668,鼎通科技,2025-09-22 13:06:15,108.86,2416,108.87,D
sh688668,鼎通科技,2025-09-22 13:07:03,108.97,2324,108.61,U
sh688668,鼎通科技,2025-09-22 13:07:39,109.03,1910,109.01,D
sh688668,鼎通科技,2025-09-22 13:09:15,109.2,3824,109.19,U
sh688668,鼎通科技,2025-09-22 13:09:33,109.19,2530,109.19,E
sh688668,鼎通科技,2025-09-22 13:09:48,109.2,2080,109.05,U
sh688668,鼎通科技,2025-09-22 13:10:24,108.79,2099,108.85,D
sh688668,鼎通科技,2025-09-22 13:10:42,108.9,7118,108.67,U
sh688668,鼎通科技,2025-09-22 13:11:18,108.93,3263,108.87,U
sh688668,鼎通科技,2025-09-22 13:12:06,108.99,2624,109.0,U
sh688668,鼎通科技,2025-09-22 13:12:12,108.79,3615,108.79,U
sh688668,鼎通科技,2025-09-22 13:12:15,108.79,3943,108.79,U
sh688668,鼎通科技,2025-09-22 13:12:18,108.79,2000,108.79,D
sh688668,鼎通科技,2025-09-22 13:13:03,109.0,2000,109.0,U
sh688668,鼎通科技,2025-09-22 13:16:54,108.82,3401,108.95,D
sh688668,鼎通科技,2025-09-22 13:17:57,108.96,3865,108.96,D
sh688668,鼎通科技,2025-09-22 13:19:00,108.99,2898,109.11,D
sh688668,鼎通科技,2025-09-22 13:20:09,108.58,3293,108.6,D
sh688668,鼎通科技,2025-09-22 13:20:12,108.58,7590,108.58,D
sh688668,鼎通科技,2025-09-22 13:20:15,108.58,2875,108.58,D
sh688668,鼎通科技,2025-09-22 13:21:03,108.61,2476,108.59,E
sh688668,鼎通科技,2025-09-22 13:21:09,108.68,3036,108.67,U
sh688668,鼎通科技,2025-09-22 13:22:00,108.76,3497,108.77,D
sh688668,鼎通科技,2025-09-22 13:22:27,108.66,2967,108.72,D
sh688668,鼎通科技,2025-09-22 13:22:30,108.72,4749,108.66,U
sh688668,鼎通科技,2025-09-22 13:22:42,108.8,2569,108.8,U
sh688668,鼎通科技,2025-09-22 13:22:51,108.78,2173,108.8,D
sh688668,鼎通科技,2025-09-22 13:23:03,108.8,2927,108.78,U
sh688668,鼎通科技,2025-09-22 13:23:06,108.82,7428,108.8,U
sh688668,鼎通科技,2025-09-22 13:23:57,109.0,3366,109.12,D
sh688668,鼎通科技,2025-09-22 13:24:27,109.62,4896,109.41,U
sh688668,鼎通科技,2025-09-22 13:24:36,109.64,8778,109.65,E
sh688668,鼎通科技,2025-09-22 13:24:42,109.0,8492,109.64,D
sh688668,鼎通科技,2025-09-22 13:24:48,109.0,4182,109.0,D
sh688668,鼎通科技,2025-09-22 13:25:18,109.0,16000,109.48,D
sh688668,鼎通科技,2025-09-22 13:25:48,109.0,2097,109.46,D
sh688668,鼎通科技,2025-09-22 13:26:03,109.01,3708,109.01,U
sh688668,鼎通科技,2025-09-22 13:26:09,109.01,2200,109.01,U
sh688668,鼎通科技,2025-09-22 13:26:57,109.0,4535,109.42,D
sh688668,鼎通科技,2025-09-22 13:27:18,109.01,2764,109.0,D
sh688668,鼎通科技,2025-09-22 13:28:03,108.93,3000,109.01,D
sh688668,鼎通科技,2025-09-22 13:29:15,108.99,2687,108.99,U
sh688668,鼎通科技,2025-09-22 13:29:18,108.99,2789,108.99,U
sh688668,鼎通科技,2025-09-22 13:30:45,109.01,3913,109.0,E
sh688668,鼎通科技,2025-09-22 13:31:03,109.0,8702,109.22,D
sh688668,鼎通科技,2025-09-22 13:31:12,109.0,2103,109.0,U
sh688668,鼎通科技,2025-09-22 13:31:15,109.0,3101,109.0,U
sh688668,鼎通科技,2025-09-22 13:31:18,109.0,8485,109.0,U
sh688668,鼎通科技,2025-09-22 13:31:21,109.0,2664,109.0,U
sh688668,鼎通科技,2025-09-22 13:31:30,109.11,2516,109.0,U
sh688668,鼎通科技,2025-09-22 13:32:30,109.28,2008,109.28,U
sh688668,鼎通科技,2025-09-22 13:33:30,109.03,3462,109.07,D
sh688668,鼎通科技,2025-09-22 13:36:57,108.62,1980,108.81,D
sh688668,鼎通科技,2025-09-22 13:37:54,108.73,2298,108.79,D
sh688668,鼎通科技,2025-09-22 13:38:03,108.81,2919,108.8,U
sh688668,鼎通科技,2025-09-22 13:38:09,108.8,2319,108.81,D
sh688668,鼎通科技,2025-09-22 13:39:06,108.8,2728,108.8,U
sh688668,鼎通科技,2025-09-22 13:39:51,109.0,10269,108.98,U
sh688668,鼎通科技,2025-09-22 13:39:54,109.0,2428,109.0,U
sh688668,鼎通科技,2025-09-22 13:40:18,109.0,5351,108.98,U
sh688668,鼎通科技,2025-09-22 13:42:06,108.82,11823,109.05,D
sh688668,鼎通科技,2025-09-22 13:42:24,108.7,4871,108.8,D
sh688668,鼎通科技,2025-09-22 13:42:27,108.7,2629,108.7,U
sh688668,鼎通科技,2025-09-22 13:43:54,108.69,6100,108.72,D
sh688668,鼎通科技,2025-09-22 13:44:12,108.55,33063,108.62,D
sh688668,鼎通科技,2025-09-22 13:44:18,108.55,5000,108.55,U
sh688668,鼎通科技,2025-09-22 13:44:21,108.5,3424,108.55,D
sh688668,鼎通科技,2025-09-22 13:44:42,108.55,3280,108.48,U
sh688668,鼎通科技,2025-09-22 13:46:00,108.57,2631,108.57,D
sh688668,鼎通科技,2025-09-22 13:46:03,108.57,2669,108.57,U
sh688668,鼎通科技,2025-09-22 13:47:18,108.5,4100,108.55,D
sh688668,鼎通科技,2025-09-22 13:48:15,108.41,3385,108.42,D
sh688668,鼎通科技,2025-09-22 13:48:18,108.4,6255,108.41,D
sh688668,鼎通科技,2025-09-22 13:48:48,108.3,2500,108.4,D
sh688668,鼎通科技,2025-09-22 13:49:03,108.46,2303,108.41,U
sh688668,鼎通科技,2025-09-22 13:49:24,108.71,4130,108.5,U
sh688668,鼎通科技,2025-09-22 13:49:27,108.72,1908,108.71,U
sh688668,鼎通科技,2025-09-22 13:49:48,108.5,2903,108.72,D
sh688668,鼎通科技,2025-09-22 13:52:33,108.48,10555,108.51,D
sh688668,鼎通科技,2025-09-22 13:52:36,108.48,4227,108.48,D
sh688668,鼎通科技,2025-09-22 13:52:42,108.48,1912,108.48,D
sh688668,鼎通科技,2025-09-22 13:52:48,108.48,11788,108.48,D
sh688668,鼎通科技,2025-09-22 13:52:51,108.48,2083,108.48,D
sh688668,鼎通科技,2025-09-22 13:53:00,108.48,2566,108.48,D
sh688668,鼎通科技,2025-09-22 13:55:36,108.28,3881,108.3,D
sh688668,鼎通科技,2025-09-22 13:57:48,108.1,3300,108.18,D
sh688668,鼎通科技,2025-09-22 13:57:51,108.1,2451,108.1,U
sh688668,鼎通科技,2025-09-22 13:58:24,108.08,7043,108.08,U
sh688668,鼎通科技,2025-09-22 13:58:42,108.0,20480,108.08,D
sh688668,鼎通科技,2025-09-22 13:58:54,107.91,1877,107.91,D
sh688668,鼎通科技,2025-09-22 13:59:06,108.08,9428,107.9,U
sh688668,鼎通科技,2025-09-22 13:59:21,108.2,14439,108.18,U
sh688668,鼎通科技,2025-09-22 14:01:27,107.91,1900,107.91,D
sh688668,鼎通科技,2025-09-22 14:01:51,107.96,4275,108.01,D
sh688668,鼎通科技,2025-09-22 14:01:57,108.0,4207,107.98,D
sh688668,鼎通科技,2025-09-22 14:03:42,108.21,2380,108.26,D
sh688668,鼎通科技,2025-09-22 14:04:45,107.91,3865,107.91,U
sh688668,鼎通科技,2025-09-22 14:06:00,107.6,3203,107.79,D
sh688668,鼎通科技,2025-09-22 14:06:12,107.81,3298,107.8,U
sh688668,鼎通科技,2025-09-22 14:06:15,107.8,4800,107.81,U
sh688668,鼎通科技,2025-09-22 14:06:36,107.7,5000,107.8,D
sh688668,鼎通科技,2025-09-22 14:07:27,107.68,2088,107.68,U
sh688668,鼎通科技,2025-09-22 14:08:06,107.79,9440,107.79,U
sh688668,鼎通科技,2025-09-22 14:08:09,107.8,12523,107.79,U
sh688668,鼎通科技,2025-09-22 14:08:30,107.84,2600,107.84,U
sh688668,鼎通科技,2025-09-22 14:08:33,107.84,8887,107.84,U
sh688668,鼎通科技,2025-09-22 14:09:06,108.31,2301,107.9,U
sh688668,鼎通科技,2025-09-22 14:09:36,108.46,3921,108.4,U
sh688668,鼎通科技,2025-09-22 14:10:21,108.39,5086,108.39,U
sh688668,鼎通科技,2025-09-22 14:10:27,108.39,3049,108.39,U
sh688668,鼎通科技,2025-09-22 14:11:03,108.56,3877,108.56,U
sh688668,鼎通科技,2025-09-22 14:13:45,108.3,3206,108.26,U
sh688668,鼎通科技,2025-09-22 14:13:48,108.3,4128,108.3,U
sh688668,鼎通科技,2025-09-22 14:14:09,108.3,1879,108.3,U
sh688668,鼎通科技,2025-09-22 14:16:00,108.31,2421,108.31,U
sh688668,鼎通科技,2025-09-22 14:17:27,108.54,2200,108.5,U
sh688668,鼎通科技,2025-09-22 14:18:54,108.41,1900,108.41,U
sh688668,鼎通科技,2025-09-22 14:19:09,108.5,2322,108.5,U
sh688668,鼎通科技,2025-09-22 14:19:12,108.53,10418,108.5,U
sh688668,鼎通科技,2025-09-22 14:19:15,108.54,2859,108.53,U
sh688668,鼎通科技,2025-09-22 14:20:12,108.54,8857,108.54,D
sh688668,鼎通科技,2025-09-22 14:20:15,108.56,7881,108.54,U
sh688668,鼎通科技,2025-09-22 14:20:18,108.57,9934,108.56,U
sh688668,鼎通科技,2025-09-22 14:20:21,108.57,2677,108.57,U
sh688668,鼎通科技,2025-09-22 14:20:24,108.57,3231,108.57,U
sh688668,鼎通科技,2025-09-22 14:21:00,108.6,3409,108.6,U
sh688668,鼎通科技,2025-09-22 14:25:00,108.7,3338,108.68,U
sh688668,鼎通科技,2025-09-22 14:25:09,108.8,3067,108.7,U
sh688668,鼎通科技,2025-09-22 14:25:12,108.9,1860,108.8,U
sh688668,鼎通科技,2025-09-22 14:29:27,108.76,2185,108.75,U
sh688668,鼎通科技,2025-09-22 14:29:45,108.76,1854,108.75,U
sh688668,鼎通科技,2025-09-22 14:30:06,108.76,4033,108.76,U
sh688668,鼎通科技,2025-09-22 14:30:12,108.81,2200,108.81,U
sh688668,鼎通科技,2025-09-22 14:32:12,108.89,1985,108.9,D
sh688668,鼎通科技,2025-09-22 14:32:57,108.88,6372,108.88,D
sh688668,鼎通科技,2025-09-22 14:33:03,108.97,10613,108.86,U
sh688668,鼎通科技,2025-09-22 14:34:24,108.98,3562,108.95,U
sh688668,鼎通科技,2025-09-22 14:35:00,109.0,2069,108.98,U
sh688668,鼎通科技,2025-09-22 14:35:42,109.19,3000,109.18,D
sh688668,鼎通科技,2025-09-22 14:36:00,109.2,2896,109.24,D
sh688668,鼎通科技,2025-09-22 14:36:03,109.18,3001,109.2,D
sh688668,鼎通科技,2025-09-22 14:36:09,109.26,6400,109.18,U
sh688668,鼎通科技,2025-09-22 14:36:48,109.18,3800,109.17,U
sh688668,鼎通科技,2025-09-22 14:37:24,109.03,2200,109.18,D
sh688668,鼎通科技,2025-09-22 14:38:00,109.08,3032,109.08,U
sh688668,鼎通科技,2025-09-22 14:39:00,108.99,4573,109.0,D
sh688668,鼎通科技,2025-09-22 14:39:27,108.95,2904,108.95,D
sh688668,鼎通科技,2025-09-22 14:40:15,108.99,6707,108.9,U
sh688668,鼎通科技,2025-09-22 14:41:00,108.97,3312,109.06,D
sh688668,鼎通科技,2025-09-22 14:43:18,109.03,8001,109.03,U
sh688668,鼎通科技,2025-09-22 14:43:21,109.06,2289,109.03,U
sh688668,鼎通科技,2025-09-22 14:45:06,108.91,2235,108.9,U
sh688668,鼎通科技,2025-09-22 14:45:51,108.98,2029,109.0,D
sh688668,鼎通科技,2025-09-22 14:46:06,108.97,3219,108.99,D
sh688668,鼎通科技,2025-09-22 14:47:21,108.96,4867,108.99,D
sh688668,鼎通科技,2025-09-22 14:48:06,108.96,1995,108.94,U
sh688668,鼎通科技,2025-09-22 14:48:15,108.96,2873,108.96,U
sh688668,鼎通科技,2025-09-22 14:48:21,108.94,5155,108.97,D
sh688668,鼎通科技,2025-09-22 14:48:27,108.94,6387,108.94,U
sh688668,鼎通科技,2025-09-22 14:49:03,108.99,10200,108.91,U
sh688668,鼎通科技,2025-09-22 14:49:06,109.0,1944,108.99,U
sh688668,鼎通科技,2025-09-22 14:49:18,109.02,11060,109.0,U
sh688668,鼎通科技,2025-09-22 14:49:21,109.04,2134,109.02,U
sh688668,鼎通科技,2025-09-22 14:49:27,109.08,2236,109.07,U
sh688668,鼎通科技,2025-09-22 14:50:18,109.04,6655,109.02,U
sh688668,鼎通科技,2025-09-22 14:50:24,109.02,6691,109.03,D
sh688668,鼎通科技,2025-09-22 14:50:54,109.05,3242,109.05,D
sh688668,鼎通科技,2025-09-22 14:51:24,109.0,6233,109.1,D
sh688668,鼎通科技,2025-09-22 14:51:45,108.95,3198,109.0,D
sh688668,鼎通科技,2025-09-22 14:52:09,108.9,1839,108.91,D
sh688668,鼎通科技,2025-09-22 14:53:15,108.93,3897,108.93,D
sh688668,鼎通科技,2025-09-22 14:53:33,108.94,5887,108.94,U
sh688668,鼎通科技,2025-09-22 14:53:45,108.93,2332,108.94,D
sh688668,鼎通科技,2025-09-22 14:54:00,108.9,3859,108.9,U
sh688668,鼎通科技,2025-09-22 14:54:03,108.9,4552,108.9,U
sh688668,鼎通科技,2025-09-22 14:54:09,108.94,3468,108.91,U
sh688668,鼎通科技,2025-09-22 14:54:12,108.92,2000,108.94,E
sh688668,鼎通科技,2025-09-22 14:54:15,108.97,3549,108.92,U
sh688668,鼎通科技,2025-09-22 14:54:21,108.9,2836,108.97,D
sh688668,鼎通科技,2025-09-22 14:54:24,108.9,3164,108.9,U
sh688668,鼎通科技,2025-09-22 14:54:48,108.9,2704,108.88,U
sh688668,鼎通科技,2025-09-22 14:54:54,108.85,5200,108.96,E
sh688668,鼎通科技,2025-09-22 14:54:57,108.97,2482,108.85,U
sh688668,鼎通科技,2025-09-22 14:55:03,108.97,9105,108.97,U
sh688668,鼎通科技,2025-09-22 14:55:12,108.91,3400,108.9,E
sh688668,鼎通科技,2025-09-22 14:55:21,108.9,4268,108.97,D
sh688668,鼎通科技,2025-09-22 14:55:36,108.9,9124,108.9,U
sh688668,鼎通科技,2025-09-22 14:55:39,108.89,2396,108.9,D
sh688668,鼎通科技,2025-09-22 14:55:42,108.93,2343,108.89,U
sh688668,鼎通科技,2025-09-22 14:55:45,108.96,1902,108.93,U
sh688668,鼎通科技,2025-09-22 14:55:51,108.96,4343,108.97,D
sh688668,鼎通科技,2025-09-22 14:56:06,108.96,1869,108.96,U
sh688668,鼎通科技,2025-09-22 14:56:18,108.98,1902,108.96,U
sh688668,鼎通科技,2025-09-22 14:56:21,108.97,2528,108.98,D
sh688668,鼎通科技,2025-09-22 14:56:30,109.0,2386,108.98,U
sh688668,鼎通科技,2025-09-22 14:56:33,108.97,3643,109.0,D
sh688668,鼎通科技,2025-09-22 14:56:36,108.96,2800,108.97,D
sh688668,鼎通科技,2025-09-22 14:56:39,108.97,2615,108.96,E
sh688668,鼎通科技,2025-09-22 14:56:42,109.0,2601,108.97,U
sh688668,鼎通科技,2025-09-22 15:00:03,108.94,53977,108.98,U
