symbol,name,ticktime,price,volume,prev_price,kind
sh688668,鼎通科技,2025-10-24 09:25:01,94.6,45427,0.0,U
sh688668,鼎通科技,2025-10-24 09:30:01,94.83,2151,94.6,U
sh688668,鼎通科技,2025-10-24 09:30:04,94.83,4080,94.83,D
sh688668,鼎通科技,2025-10-24 09:30:07,94.98,8619,94.83,U
sh688668,鼎通科技,2025-10-24 09:30:10,94.6,15523,94.98,D
sh688668,鼎通科技,2025-10-24 09:30:13,94.98,5876,94.6,U
sh688668,鼎通科技,2025-10-24 09:30:16,94.52,11508,94.98,D
sh688668,鼎通科技,2025-10-24 09:30:19,94.52,10375,94.52,U
sh688668,鼎通科技,2025-10-24 09:30:22,94.54,15534,94.52,U
sh688668,鼎通科技,2025-10-24 09:30:25,94.54,17932,94.54,U
sh688668,鼎通科技,2025-10-24 09:30:28,94.45,35488,94.54,D
sh688668,鼎通科技,2025-10-24 09:30:31,94.39,5233,94.45,D
sh688668,鼎通科技,2025-10-24 09:30:34,94.5,12747,94.39,U
sh688668,鼎通科技,2025-10-24 09:30:37,94.42,4475,94.5,D
sh688668,鼎通科技,2025-10-24 09:30:40,94.36,4753,94.42,D
sh688668,鼎通科技,2025-10-24 09:30:43,94.31,13020,94.36,D
sh688668,鼎通科技,2025-10-24 09:30:46,93.72,20949,94.31,D
sh688668,鼎通科技,2025-10-24 09:30:49,94.45,13330,93.72,U
sh688668,鼎通科技,2025-10-24 09:30:52,94.03,11834,94.45,D
sh688668,鼎通科技,2025-10-24 09:30:55,93.73,16358,94.03,E
sh688668,鼎通科技,2025-10-24 09:30:58,93.72,8699,93.73,D
sh688668,鼎通科技,2025-10-24 09:31:01,94.52,7837,93.72,U
sh688668,鼎通科技,2025-10-24 09:31:04,94.54,13354,94.52,U
sh688668,鼎通科技,2025-10-24 09:31:07,94.61,5350,94.54,U
sh688668,鼎通科技,2025-10-24 09:31:13,94.87,10151,94.76,U
sh688668,鼎通科技,2025-10-24 09:31:16,94.9,7285,94.87,U
sh688668,鼎通科技,2025-10-24 09:31:19,94.94,8429,94.9,U
sh688668,鼎通科技,2025-10-24 09:31:22,95.0,15927,94.94,U
sh688668,鼎通科技,2025-10-24 09:31:25,95.16,10337,95.0,U
sh688668,鼎通科技,2025-10-24 09:31:28,95.18,17925,95.16,U
sh688668,鼎通科技,2025-10-24 09:31:31,95.2,4327,95.18,E
sh688668,鼎通科技,2025-10-24 09:31:34,95.18,4423,95.2,D
sh688668,鼎通科技,2025-10-24 09:31:37,95.5,10617,95.18,U
sh688668,鼎通科技,2025-10-24 09:31:40,95.4,22464,95.5,D
sh688668,鼎通科技,2025-10-24 09:31:43,95.5,4473,95.4,U
sh688668,鼎通科技,2025-10-24 09:31:46,95.49,9807,95.5,U
sh688668,鼎通科技,2025-10-24 09:31:49,95.54,15381,95.49,U
sh688668,鼎通科技,2025-10-24 09:31:52,95.5,10705,95.54,D
sh688668,鼎通科技,2025-10-24 09:31:55,95.0,10140,95.5,D
sh688668,鼎通科技,2025-10-24 09:31:58,95.0,4691,95.0,U
sh688668,鼎通科技,2025-10-24 09:32:01,95.49,16278,95.0,U
sh688668,鼎通科技,2025-10-24 09:32:04,95.37,5360,95.49,D
sh688668,鼎通科技,2025-10-24 09:32:07,95.37,3905,95.37,D
sh688668,鼎通科技,2025-10-24 09:32:10,95.37,10232,95.37,U
sh688668,鼎通科技,2025-10-24 09:32:13,95.37,12153,95.37,U
sh688668,鼎通科技,2025-10-24 09:32:25,94.95,10122,95.01,D
sh688668,鼎通科技,2025-10-24 09:32:28,94.59,2415,94.95,D
sh688668,鼎通科技,2025-10-24 09:32:31,94.65,2200,94.59,U
sh688668,鼎通科技,2025-10-24 09:32:34,95.0,15103,94.65,U
sh688668,鼎通科技,2025-10-24 09:32:37,94.88,25290,95.0,D
sh688668,鼎通科技,2025-10-24 09:32:40,94.9,3978,94.88,U
sh688668,鼎通科技,2025-10-24 09:32:49,94.99,3180,95.0,U
sh688668,鼎通科技,2025-10-24 09:32:55,94.99,3175,94.88,D
sh688668,鼎通科技,2025-10-24 09:32:58,94.72,15800,94.99,D
sh688668,鼎通科技,2025-10-24 09:33:01,95.0,2744,94.72,U
sh688668,鼎通科技,2025-10-24 09:33:04,94.81,3800,95.0,E
sh688668,鼎通科技,2025-10-24 09:33:07,94.99,2200,94.81,U
sh688668,鼎通科技,2025-10-24 09:33:13,94.99,3034,94.72,U
sh688668,鼎通科技,2025-10-24 09:33:16,94.92,2518,94.99,E
sh688668,鼎通科技,2025-10-24 09:33:31,94.84,2363,94.84,D
sh688668,鼎通科技,2025-10-24 09:33:37,94.74,7918,94.84,D
sh688668,鼎通科技,2025-10-24 09:33:40,94.72,6563,94.74,D
sh688668,鼎通科技,2025-10-24 09:33:49,94.63,4232,94.65,D
sh688668,鼎通科技,2025-10-24 09:33:55,94.65,2237,94.65,D
sh688668,鼎通科技,2025-10-24 09:34:10,94.48,2700,94.49,D
sh688668,鼎通科技,2025-10-24 09:34:16,94.48,4400,94.5,D
sh688668,鼎通科技,2025-10-24 09:34:19,94.45,11282,94.48,D
sh688668,鼎通科技,2025-10-24 09:34:22,94.64,12991,94.45,U
sh688668,鼎通科技,2025-10-24 09:34:43,94.5,2600,94.46,E
sh688668,鼎通科技,2025-10-24 09:34:49,94.43,7415,94.5,D
sh688668,鼎通科技,2025-10-24 09:34:55,94.0,10200,94.36,D
sh688668,鼎通科技,2025-10-24 09:35:16,94.43,2251,94.42,U
sh688668,鼎通科技,2025-10-24 09:35:22,94.41,101500,94.19,U
sh688668,鼎通科技,2025-10-24 09:35:28,94.17,3222,94.19,D
sh688668,鼎通科技,2025-10-24 09:35:31,94.26,7979,94.17,E
sh688668,鼎通科技,2025-10-24 09:35:37,94.0,14689,94.01,D
sh688668,鼎通科技,2025-10-24 09:35:40,94.25,24054,94.0,U
sh688668,鼎通科技,2025-10-24 09:35:43,94.43,6184,94.25,U
sh688668,鼎通科技,2025-10-24 09:35:46,94.5,2264,94.43,U
sh688668,鼎通科技,2025-10-24 09:35:52,94.39,2855,94.43,D
sh688668,鼎通科技,2025-10-24 09:36:16,94.11,10200,94.19,D
sh688668,鼎通科技,2025-10-24 09:36:19,94.01,3549,94.11,D
sh688668,鼎通科技,2025-10-24 09:36:28,94.0,3709,94.02,D
sh688668,鼎通科技,2025-10-24 09:36:31,94.0,3049,94.0,U
sh688668,鼎通科技,2025-10-24 09:36:43,93.84,3689,93.91,D
sh688668,鼎通科技,2025-10-24 09:36:46,93.97,14193,93.84,U
sh688668,鼎通科技,2025-10-24 09:36:49,94.03,19687,93.97,U
sh688668,鼎通科技,2025-10-24 09:36:52,93.97,3300,94.03,D
sh688668,鼎通科技,2025-10-24 09:36:55,94.09,5123,93.97,U
sh688668,鼎通科技,2025-10-24 09:37:01,94.12,12410,93.98,U
sh688668,鼎通科技,2025-10-24 09:37:04,94.28,9641,94.12,U
sh688668,鼎通科技,2025-10-24 09:37:07,94.31,2496,94.28,U
sh688668,鼎通科技,2025-10-24 09:37:10,94.29,3197,94.31,D
sh688668,鼎通科技,2025-10-24 09:37:16,94.4,3049,94.31,U
sh688668,鼎通科技,2025-10-24 09:37:19,94.53,5800,94.4,U
sh688668,鼎通科技,2025-10-24 09:37:22,94.7,3200,94.53,U
sh688668,鼎通科技,2025-10-24 09:37:28,94.69,2881,94.7,D
sh688668,鼎通科技,2025-10-24 09:37:40,94.53,5701,94.54,E
sh688668,鼎通科技,2025-10-24 09:37:43,94.53,2499,94.53,U
sh688668,鼎通科技,2025-10-24 09:37:52,94.45,8966,94.45,U
sh688668,鼎通科技,2025-10-24 09:37:58,94.26,6723,94.18,E
sh688668,鼎通科技,2025-10-24 09:38:04,94.47,6299,94.26,E
sh688668,鼎通科技,2025-10-24 09:38:07,94.7,5626,94.47,U
sh688668,鼎通科技,2025-10-24 09:38:13,95.08,36838,94.9,U
sh688668,鼎通科技,2025-10-24 09:38:16,95.01,14287,95.08,D
sh688668,鼎通科技,2025-10-24 09:38:22,95.22,13226,95.02,U
sh688668,鼎通科技,2025-10-24 09:38:28,95.2,5420,95.22,D
sh688668,鼎通科技,2025-10-24 09:38:31,95.2,16584,95.2,U
sh688668,鼎通科技,2025-10-24 09:38:34,95.2,9210,95.2,U
sh688668,鼎通科技,2025-10-24 09:38:37,95.2,4600,95.2,U
sh688668,鼎通科技,2025-10-24 09:38:40,95.2,10684,95.2,U
sh688668,鼎通科技,2025-10-24 09:38:46,95.3,20014,95.18,U
sh688668,鼎通科技,2025-10-24 09:38:49,95.33,3684,95.3,U
sh688668,鼎通科技,2025-10-24 09:38:55,95.29,6700,95.33,D
sh688668,鼎通科技,2025-10-24 09:38:58,95.35,6464,95.29,U
sh688668,鼎通科技,2025-10-24 09:39:01,95.4,10057,95.35,U
sh688668,鼎通科技,2025-10-24 09:39:04,95.45,3860,95.4,U
sh688668,鼎通科技,2025-10-24 09:39:10,95.48,4517,95.41,U
sh688668,鼎通科技,2025-10-24 09:39:13,95.75,62900,95.48,U
sh688668,鼎通科技,2025-10-24 09:39:16,95.61,6273,95.75,D
sh688668,鼎通科技,2025-10-24 09:39:22,95.8,3400,95.79,U
sh688668,鼎通科技,2025-10-24 09:39:25,95.8,14708,95.8,U
sh688668,鼎通科技,2025-10-24 09:39:28,95.81,5633,95.8,U
sh688668,鼎通科技,2025-10-24 09:39:31,95.81,3070,95.81,D
sh688668,鼎通科技,2025-10-24 09:39:34,95.82,8375,95.81,U
sh688668,鼎通科技,2025-10-24 09:39:37,95.85,17684,95.82,U
sh688668,鼎通科技,2025-10-24 09:39:40,95.82,5088,95.85,E
sh688668,鼎通科技,2025-10-24 09:39:43,95.72,2200,95.82,E
sh688668,鼎通科技,2025-10-24 09:39:46,95.71,4445,95.72,D
sh688668,鼎通科技,2025-10-24 09:39:49,95.8,11834,95.71,U
sh688668,鼎通科技,2025-10-24 09:39:55,95.69,3400,95.71,U
sh688668,鼎通科技,2025-10-24 09:40:01,95.69,2778,95.68,U
sh688668,鼎通科技,2025-10-24 09:40:07,95.68,11871,95.68,D
sh688668,鼎通科技,2025-10-24 09:40:10,95.75,20342,95.68,U
sh688668,鼎通科技,2025-10-24 09:40:13,95.79,8704,95.75,U
sh688668,鼎通科技,2025-10-24 09:40:19,95.79,9448,95.79,U
sh688668,鼎通科技,2025-10-24 09:40:25,95.81,5184,95.79,U
sh688668,鼎通科技,2025-10-24 09:40:28,95.83,16610,95.81,U
sh688668,鼎通科技,2025-10-24 09:40:31,96.0,39193,95.83,U
sh688668,鼎通科技,2025-10-24 09:40:34,96.06,17857,96.0,U
sh688668,鼎通科技,2025-10-24 09:40:37,96.14,4933,96.06,U
sh688668,鼎通科技,2025-10-24 09:40:40,96.15,14843,96.14,U
sh688668,鼎通科技,2025-10-24 09:40:43,96.1,4290,96.15,D
sh688668,鼎通科技,2025-10-24 09:40:46,95.79,14825,96.1,D
sh688668,鼎通科技,2025-10-24 09:40:49,95.84,4383,95.79,U
sh688668,鼎通科技,2025-10-24 09:40:55,96.0,2200,95.84,U
sh688668,鼎通科技,2025-10-24 09:40:58,95.76,3601,96.0,D
sh688668,鼎通科技,2025-10-24 09:41:01,95.69,4892,95.76,D
sh688668,鼎通科技,2025-10-24 09:41:04,95.77,2200,95.69,E
sh688668,鼎通科技,2025-10-24 09:41:07,95.95,2400,95.77,U
sh688668,鼎通科技,2025-10-24 09:41:10,95.74,2288,95.95,E
sh688668,鼎通科技,2025-10-24 09:41:13,95.69,2279,95.74,E
sh688668,鼎通科技,2025-10-24 09:41:19,95.61,2593,95.64,D
sh688668,鼎通科技,2025-10-24 09:41:22,95.76,10891,95.61,U
sh688668,鼎通科技,2025-10-24 09:41:25,95.8,2881,95.76,U
sh688668,鼎通科技,2025-10-24 09:41:28,95.91,3264,95.8,U
sh688668,鼎通科技,2025-10-24 09:41:31,95.91,3754,95.91,U
sh688668,鼎通科技,2025-10-24 09:41:34,95.96,6349,95.91,U
sh688668,鼎通科技,2025-10-24 09:41:37,95.99,4914,95.96,U
sh688668,鼎通科技,2025-10-24 09:41:40,95.99,6700,95.99,U
sh688668,鼎通科技,2025-10-24 09:41:46,96.11,16847,95.91,U
sh688668,鼎通科技,2025-10-24 09:41:49,96.2,7700,96.11,U
sh688668,鼎通科技,2025-10-24 09:41:52,96.26,4617,96.2,U
sh688668,鼎通科技,2025-10-24 09:41:55,96.3,2790,96.26,U
sh688668,鼎通科技,2025-10-24 09:41:58,96.48,4300,96.3,U
sh688668,鼎通科技,2025-10-24 09:42:04,96.36,3183,96.36,D
sh688668,鼎通科技,2025-10-24 09:42:13,96.3,9990,96.36,D
sh688668,鼎通科技,2025-10-24 09:42:16,96.28,3300,96.3,D
sh688668,鼎通科技,2025-10-24 09:42:19,96.31,15622,96.28,U
sh688668,鼎通科技,2025-10-24 09:42:25,96.33,4024,96.27,U
sh688668,鼎通科技,2025-10-24 09:42:28,96.46,9111,96.33,U
sh688668,鼎通科技,2025-10-24 09:42:31,96.42,2856,96.46,E
sh688668,鼎通科技,2025-10-24 09:42:34,96.47,2200,96.42,U
sh688668,鼎通科技,2025-10-24 09:42:37,96.41,10665,96.47,D
sh688668,鼎通科技,2025-10-24 09:42:49,96.44,4788,96.38,U
sh688668,鼎通科技,2025-10-24 09:42:52,96.34,8218,96.44,D
sh688668,鼎通科技,2025-10-24 09:42:55,96.11,2828,96.34,D
sh688668,鼎通科技,2025-10-24 09:43:01,96.28,3953,96.11,E
sh688668,鼎通科技,2025-10-24 09:43:07,96.19,3980,96.18,U
sh688668,鼎通科技,2025-10-24 09:43:10,96.18,2977,96.19,D
sh688668,鼎通科技,2025-10-24 09:43:13,96.3,3234,96.18,U
sh688668,鼎通科技,2025-10-24 09:43:25,96.15,4790,96.2,D
sh688668,鼎通科技,2025-10-24 09:43:31,96.11,4175,96.11,D
sh688668,鼎通科技,2025-10-24 09:43:34,96.11,8016,96.11,D
sh688668,鼎通科技,2025-10-24 09:43:37,96.14,3598,96.11,U
sh688668,鼎通科技,2025-10-24 09:43:46,96.0,8215,96.0,D
sh688668,鼎通科技,2025-10-24 09:43:49,96.0,10056,96.0,D
sh688668,鼎通科技,2025-10-24 09:43:55,95.99,2190,96.06,D
sh688668,鼎通科技,2025-10-24 09:44:01,96.0,4806,96.0,U
sh688668,鼎通科技,2025-10-24 09:44:04,95.87,2400,96.0,E
sh688668,鼎通科技,2025-10-24 09:44:07,95.9,4514,95.87,E
sh688668,鼎通科技,2025-10-24 09:44:16,95.87,3400,95.88,D
sh688668,鼎通科技,2025-10-24 09:44:19,95.86,2236,95.87,D
sh688668,鼎通科技,2025-10-24 09:44:25,95.79,3506,95.81,E
sh688668,鼎通科技,2025-10-24 09:44:31,95.64,4300,95.79,D
sh688668,鼎通科技,2025-10-24 09:44:40,95.7,5085,95.7,D
sh688668,鼎通科技,2025-10-24 09:44:43,95.71,2291,95.7,U
sh688668,鼎通科技,2025-10-24 09:44:49,95.76,2357,95.71,U
sh688668,鼎通科技,2025-10-24 09:45:13,95.8,7470,95.72,U
sh688668,鼎通科技,2025-10-24 09:45:25,95.61,8967,95.79,D
sh688668,鼎通科技,2025-10-24 09:45:37,95.5,2437,95.5,U
sh688668,鼎通科技,2025-10-24 09:45:40,95.49,2130,95.5,U
sh688668,鼎通科技,2025-10-24 09:45:46,95.23,4679,95.41,D
sh688668,鼎通科技,2025-10-24 09:45:52,95.41,3632,95.23,U
sh688668,鼎通科技,2025-10-24 09:45:58,95.23,3808,95.23,D
sh688668,鼎通科技,2025-10-24 09:46:01,95.4,6317,95.23,U
sh688668,鼎通科技,2025-10-24 09:46:16,95.12,4921,95.13,E
sh688668,鼎通科技,2025-10-24 09:46:22,95.01,4541,95.1,D
sh688668,鼎通科技,2025-10-24 09:46:25,95.06,2492,95.01,U
sh688668,鼎通科技,2025-10-24 09:46:34,95.0,10500,95.0,D
sh688668,鼎通科技,2025-10-24 09:46:49,94.91,3691,94.8,U
sh688668,鼎通科技,2025-10-24 09:46:52,94.68,3200,94.91,U
sh688668,鼎通科技,2025-10-24 09:47:16,95.0,6413,94.86,U
sh688668,鼎通科技,2025-10-24 09:47:22,95.1,5264,95.0,U
sh688668,鼎通科技,2025-10-24 09:47:25,94.91,14739,95.1,D
sh688668,鼎通科技,2025-10-24 09:47:28,94.94,4568,94.91,E
sh688668,鼎通科技,2025-10-24 09:47:31,94.94,3035,94.94,U
sh688668,鼎通科技,2025-10-24 09:47:34,94.8,14482,94.94,D
sh688668,鼎通科技,2025-10-24 09:47:37,94.63,10589,94.8,D
sh688668,鼎通科技,2025-10-24 09:47:43,94.69,3547,94.62,U
sh688668,鼎通科技,2025-10-24 09:47:46,94.63,7054,94.69,D
sh688668,鼎通科技,2025-10-24 09:47:58,94.52,2440,94.67,D
sh688668,鼎通科技,2025-10-24 09:48:01,94.78,3906,94.52,U
sh688668,鼎通科技,2025-10-24 09:48:19,94.79,2300,94.6,U
sh688668,鼎通科技,2025-10-24 09:48:22,94.79,2453,94.79,U
sh688668,鼎通科技,2025-10-24 09:48:43,94.6,4489,94.65,D
sh688668,鼎通科技,2025-10-24 09:48:46,94.58,5108,94.6,E
sh688668,鼎通科技,2025-10-24 09:48:49,94.48,10785,94.58,D
sh688668,鼎通科技,2025-10-24 09:49:07,94.43,3295,94.41,U
sh688668,鼎通科技,2025-10-24 09:49:10,94.51,4969,94.43,U
sh688668,鼎通科技,2025-10-24 09:49:13,94.4,4162,94.51,D
sh688668,鼎通科技,2025-10-24 09:49:22,94.41,4470,94.38,U
sh688668,鼎通科技,2025-10-24 09:49:58,94.27,2132,94.27,D
sh688668,鼎通科技,2025-10-24 09:50:04,94.01,5972,94.36,D
sh688668,鼎通科技,2025-10-24 09:50:07,93.99,9965,94.01,D
sh688668,鼎通科技,2025-10-24 09:50:22,93.89,6343,93.9,U
sh688668,鼎通科技,2025-10-24 09:50:34,94.13,2939,93.96,U
sh688668,鼎通科技,2025-10-24 09:50:46,94.13,2400,94.03,U
sh688668,鼎通科技,2025-10-24 09:50:49,94.13,7202,94.13,U
sh688668,鼎通科技,2025-10-24 09:50:55,94.4,2200,94.34,U
sh688668,鼎通科技,2025-10-24 09:51:01,94.63,9415,94.4,U
sh688668,鼎通科技,2025-10-24 09:51:10,94.99,2839,94.63,U
sh688668,鼎通科技,2025-10-24 09:51:19,94.91,6319,94.93,E
sh688668,鼎通科技,2025-10-24 09:51:25,94.92,17309,94.89,U
sh688668,鼎通科技,2025-10-24 09:51:34,94.76,19533,94.89,E
sh688668,鼎通科技,2025-10-24 09:51:52,94.77,6431,94.76,D
sh688668,鼎通科技,2025-10-24 09:51:58,94.61,3220,94.6,D
sh688668,鼎通科技,2025-10-24 09:52:01,94.96,24481,94.61,U
sh688668,鼎通科技,2025-10-24 09:52:07,95.0,4877,94.91,U
sh688668,鼎通科技,2025-10-24 09:52:22,95.41,5609,95.0,U
sh688668,鼎通科技,2025-10-24 09:52:46,95.11,3307,95.11,D
sh688668,鼎通科技,2025-10-24 09:52:49,95.11,3866,95.11,D
sh688668,鼎通科技,2025-10-24 09:53:01,95.12,5579,95.0,U
sh688668,鼎通科技,2025-10-24 09:53:04,95.13,3324,95.12,E
sh688668,鼎通科技,2025-10-24 09:53:10,95.35,4249,95.13,U
sh688668,鼎通科技,2025-10-24 09:53:13,95.57,7276,95.35,U
sh688668,鼎通科技,2025-10-24 09:53:16,95.38,4188,95.57,D
sh688668,鼎通科技,2025-10-24 09:53:22,95.59,25149,95.57,U
sh688668,鼎通科技,2025-10-24 09:53:34,95.6,4969,95.57,U
sh688668,鼎通科技,2025-10-24 09:53:58,95.6,4341,95.6,D
sh688668,鼎通科技,2025-10-24 09:54:01,95.65,4045,95.6,E
sh688668,鼎通科技,2025-10-24 09:54:16,95.6,11120,95.6,D
sh688668,鼎通科技,2025-10-24 09:54:22,95.58,2250,95.62,E
sh688668,鼎通科技,2025-10-24 09:54:28,95.62,4044,95.58,U
sh688668,鼎通科技,2025-10-24 09:54:34,95.54,6065,95.62,D
sh688668,鼎通科技,2025-10-24 09:54:43,95.6,2769,95.54,U
sh688668,鼎通科技,2025-10-24 09:54:46,95.48,2539,95.6,D
sh688668,鼎通科技,2025-10-24 09:54:52,95.4,3574,95.48,E
sh688668,鼎通科技,2025-10-24 09:55:04,95.55,18038,95.4,U
sh688668,鼎通科技,2025-10-24 09:55:07,95.55,10027,95.55,D
sh688668,鼎通科技,2025-10-24 09:55:16,95.58,5046,95.53,U
sh688668,鼎通科技,2025-10-24 09:55:19,95.69,6790,95.58,E
sh688668,鼎通科技,2025-10-24 09:55:22,95.75,3178,95.69,U
sh688668,鼎通科技,2025-10-24 09:55:31,95.58,3453,95.69,D
sh688668,鼎通科技,2025-10-24 09:55:40,95.61,2190,95.44,U
sh688668,鼎通科技,2025-10-24 09:56:01,95.3,2502,95.36,D
sh688668,鼎通科技,2025-10-24 09:56:04,95.33,2679,95.3,U
sh688668,鼎通科技,2025-10-24 09:56:07,95.38,2566,95.33,U
sh688668,鼎通科技,2025-10-24 09:56:19,95.4,2580,95.4,U
sh688668,鼎通科技,2025-10-24 09:56:28,95.59,3905,95.4,U
sh688668,鼎通科技,2025-10-24 09:56:34,95.41,3200,95.59,D
sh688668,鼎通科技,2025-10-24 09:56:40,95.41,5243,95.41,U
sh688668,鼎通科技,2025-10-24 09:57:16,95.59,2180,95.59,U
sh688668,鼎通科技,2025-10-24 09:57:28,95.43,5949,95.49,D
sh688668,鼎通科技,2025-10-24 09:57:40,95.01,3075,95.4,D
sh688668,鼎通科技,2025-10-24 09:57:49,95.21,3790,95.32,D
sh688668,鼎通科技,2025-10-24 09:57:52,95.44,2460,95.21,U
sh688668,鼎通科技,2025-10-24 09:58:01,95.21,2610,95.35,D
sh688668,鼎通科技,2025-10-24 09:58:10,95.21,4861,95.21,D
sh688668,鼎通科技,2025-10-24 09:58:52,95.45,14412,95.25,U
sh688668,鼎通科技,2025-10-24 09:58:55,95.54,7869,95.45,U
sh688668,鼎通科技,2025-10-24 09:59:07,95.62,8526,95.59,U
sh688668,鼎通科技,2025-10-24 09:59:10,95.59,2229,95.62,D
sh688668,鼎通科技,2025-10-24 09:59:13,95.7,16702,95.59,U
sh688668,鼎通科技,2025-10-24 09:59:16,95.78,14353,95.7,U
sh688668,鼎通科技,2025-10-24 09:59:19,95.78,9923,95.78,D
sh688668,鼎通科技,2025-10-24 09:59:22,95.88,5725,95.78,U
sh688668,鼎通科技,2025-10-24 09:59:28,95.88,10575,95.87,U
sh688668,鼎通科技,2025-10-24 09:59:31,95.87,2915,95.88,E
sh688668,鼎通科技,2025-10-24 09:59:34,95.88,3175,95.87,U
sh688668,鼎通科技,2025-10-24 09:59:40,95.71,4118,95.75,D
sh688668,鼎通科技,2025-10-24 09:59:43,95.71,2387,95.71,U
sh688668,鼎通科技,2025-10-24 09:59:55,95.71,2313,95.76,D
sh688668,鼎通科技,2025-10-24 10:00:04,95.63,4392,95.71,D
sh688668,鼎通科技,2025-10-24 10:00:49,95.32,5489,95.34,D
sh688668,鼎通科技,2025-10-24 10:00:52,95.34,2142,95.32,U
sh688668,鼎通科技,2025-10-24 10:01:07,95.51,6300,95.48,U
sh688668,鼎通科技,2025-10-24 10:01:10,95.48,3150,95.51,D
sh688668,鼎通科技,2025-10-24 10:01:16,95.31,4196,95.48,D
sh688668,鼎通科技,2025-10-24 10:01:25,95.31,7000,95.31,D
sh688668,鼎通科技,2025-10-24 10:01:40,95.47,3960,95.41,U
sh688668,鼎通科技,2025-10-24 10:01:43,95.47,2300,95.47,U
sh688668,鼎通科技,2025-10-24 10:01:46,95.5,2465,95.47,U
sh688668,鼎通科技,2025-10-24 10:01:49,95.58,3770,95.5,U
sh688668,鼎通科技,2025-10-24 10:01:58,95.51,2173,95.53,D
sh688668,鼎通科技,2025-10-24 10:02:19,95.51,2521,95.5,U
sh688668,鼎通科技,2025-10-24 10:02:28,95.61,6974,95.59,U
sh688668,鼎通科技,2025-10-24 10:02:31,95.52,4617,95.61,D
sh688668,鼎通科技,2025-10-24 10:02:34,95.52,2200,95.52,D
sh688668,鼎通科技,2025-10-24 10:02:40,95.7,4506,95.61,U
sh688668,鼎通科技,2025-10-24 10:02:46,95.7,6694,95.7,D
sh688668,鼎通科技,2025-10-24 10:02:55,95.51,3200,95.55,D
sh688668,鼎通科技,2025-10-24 10:02:58,95.47,3825,95.51,D
sh688668,鼎通科技,2025-10-24 10:03:49,95.58,13695,95.4,U
sh688668,鼎通科技,2025-10-24 10:03:58,95.55,6858,95.58,E
sh688668,鼎通科技,2025-10-24 10:04:10,95.66,7306,95.41,U
sh688668,鼎通科技,2025-10-24 10:04:13,95.65,6134,95.66,D
sh688668,鼎通科技,2025-10-24 10:05:04,95.59,14164,95.48,U
sh688668,鼎通科技,2025-10-24 10:05:07,95.5,5200,95.59,E
sh688668,鼎通科技,2025-10-24 10:05:58,95.45,10132,95.4,U
sh688668,鼎通科技,2025-10-24 10:06:01,95.4,2987,95.45,D
sh688668,鼎通科技,2025-10-24 10:06:10,95.71,10918,95.42,U
sh688668,鼎通科技,2025-10-24 10:06:13,95.66,4890,95.71,D
sh688668,鼎通科技,2025-10-24 10:06:16,95.59,8049,95.66,D
sh688668,鼎通科技,2025-10-24 10:06:43,95.74,3312,95.67,U
sh688668,鼎通科技,2025-10-24 10:06:49,95.74,3418,95.75,E
sh688668,鼎通科技,2025-10-24 10:06:55,95.86,32183,95.74,U
sh688668,鼎通科技,2025-10-24 10:06:58,95.91,4823,95.86,U
sh688668,鼎通科技,2025-10-24 10:07:07,95.77,4728,95.77,U
sh688668,鼎通科技,2025-10-24 10:07:19,95.9,3144,95.91,U
sh688668,鼎通科技,2025-10-24 10:07:22,95.77,2572,95.9,D
sh688668,鼎通科技,2025-10-24 10:07:43,95.96,7602,95.9,U
sh688668,鼎通科技,2025-10-24 10:08:13,95.98,8501,95.96,U
sh688668,鼎通科技,2025-10-24 10:08:16,96.0,13264,95.98,U
sh688668,鼎通科技,2025-10-24 10:08:19,96.05,3619,96.0,U
sh688668,鼎通科技,2025-10-24 10:08:31,96.08,2726,96.04,U
sh688668,鼎通科技,2025-10-24 10:08:37,96.06,3357,96.04,E
sh688668,鼎通科技,2025-10-24 10:08:43,96.04,2315,96.04,U
sh688668,鼎通科技,2025-10-24 10:08:49,95.9,2693,96.04,D
sh688668,鼎通科技,2025-10-24 10:08:55,95.86,2200,95.86,D
sh688668,鼎通科技,2025-10-24 10:09:25,95.75,4533,95.78,D
sh688668,鼎通科技,2025-10-24 10:09:31,95.78,2452,95.78,U
sh688668,鼎通科技,2025-10-24 10:09:34,95.86,3131,95.78,U
sh688668,鼎通科技,2025-10-24 10:10:10,95.95,4254,95.91,U
sh688668,鼎通科技,2025-10-24 10:10:13,95.95,2995,95.95,D
sh688668,鼎通科技,2025-10-24 10:10:34,96.1,12470,96.06,U
sh688668,鼎通科技,2025-10-24 10:10:40,96.14,2971,96.13,U
sh688668,鼎通科技,2025-10-24 10:10:43,96.16,5585,96.14,U
sh688668,鼎通科技,2025-10-24 10:10:52,96.2,5321,96.18,U
sh688668,鼎通科技,2025-10-24 10:10:55,96.2,9981,96.2,U
sh688668,鼎通科技,2025-10-24 10:10:58,96.24,3723,96.2,U
sh688668,鼎通科技,2025-10-24 10:11:10,96.25,6462,96.25,U
sh688668,鼎通科技,2025-10-24 10:11:13,96.25,2669,96.25,D
sh688668,鼎通科技,2025-10-24 10:11:31,96.17,2218,96.18,D
sh688668,鼎通科技,2025-10-24 10:11:37,96.16,2500,96.17,E
sh688668,鼎通科技,2025-10-24 10:11:52,96.11,4385,96.1,U
sh688668,鼎通科技,2025-10-24 10:12:10,95.92,2284,96.0,D
sh688668,鼎通科技,2025-10-24 10:12:25,95.92,2580,95.91,U
sh688668,鼎通科技,2025-10-24 10:12:40,95.94,9000,96.0,D
sh688668,鼎通科技,2025-10-24 10:12:49,95.95,3400,95.92,U
sh688668,鼎通科技,2025-10-24 10:13:16,95.8,2416,95.81,D
sh688668,鼎通科技,2025-10-24 10:13:31,95.71,4396,95.71,D
sh688668,鼎通科技,2025-10-24 10:13:58,95.5,6078,95.45,U
sh688668,鼎通科技,2025-10-24 10:15:10,95.66,6825,95.6,U
sh688668,鼎通科技,2025-10-24 10:15:13,95.79,12920,95.66,U
sh688668,鼎通科技,2025-10-24 10:15:31,95.67,4757,95.68,D
sh688668,鼎通科技,2025-10-24 10:15:34,95.8,3700,95.67,U
sh688668,鼎通科技,2025-10-24 10:15:49,95.59,10003,95.68,D
sh688668,鼎通科技,2025-10-24 10:16:19,95.59,2216,95.57,U
sh688668,鼎通科技,2025-10-24 10:16:28,95.61,4148,95.78,D
sh688668,鼎通科技,2025-10-24 10:16:55,95.61,3805,95.78,D
sh688668,鼎通科技,2025-10-24 10:17:19,95.6,9182,95.75,D
sh688668,鼎通科技,2025-10-24 10:17:49,95.58,2810,95.5,U
sh688668,鼎通科技,2025-10-24 10:18:10,95.62,6968,95.63,E
sh688668,鼎通科技,2025-10-24 10:18:13,95.75,8186,95.62,U
sh688668,鼎通科技,2025-10-24 10:18:16,95.76,3548,95.75,U
sh688668,鼎通科技,2025-10-24 10:18:22,95.73,6867,95.75,D
sh688668,鼎通科技,2025-10-24 10:18:25,95.8,35774,95.73,U
sh688668,鼎通科技,2025-10-24 10:18:28,95.95,11103,95.8,U
sh688668,鼎通科技,2025-10-24 10:18:43,95.92,2497,95.82,E
sh688668,鼎通科技,2025-10-24 10:19:55,95.97,7440,95.91,U
sh688668,鼎通科技,2025-10-24 10:19:58,96.0,9741,95.97,U
sh688668,鼎通科技,2025-10-24 10:20:10,95.93,5400,96.0,D
sh688668,鼎通科技,2025-10-24 10:20:13,95.99,12805,95.93,U
sh688668,鼎通科技,2025-10-24 10:20:19,95.99,3400,95.89,U
sh688668,鼎通科技,2025-10-24 10:21:01,95.87,2162,95.82,U
sh688668,鼎通科技,2025-10-24 10:21:04,95.95,15702,95.87,U
sh688668,鼎通科技,2025-10-24 10:21:07,95.98,4231,95.95,U
sh688668,鼎通科技,2025-10-24 10:21:10,96.08,15968,95.98,U
sh688668,鼎通科技,2025-10-24 10:21:13,96.2,20794,96.08,U
sh688668,鼎通科技,2025-10-24 10:21:16,96.25,9519,96.2,U
sh688668,鼎通科技,2025-10-24 10:21:19,96.38,22329,96.25,U
sh688668,鼎通科技,2025-10-24 10:21:22,96.4,7975,96.38,U
sh688668,鼎通科技,2025-10-24 10:21:25,96.43,2667,96.4,U
sh688668,鼎通科技,2025-10-24 10:21:28,96.4,3180,96.43,D
sh688668,鼎通科技,2025-10-24 10:21:31,96.44,3986,96.4,U
sh688668,鼎通科技,2025-10-24 10:21:34,96.43,2171,96.44,E
sh688668,鼎通科技,2025-10-24 10:21:37,96.4,2919,96.43,D
sh688668,鼎通科技,2025-10-24 10:21:40,96.38,5112,96.4,D
sh688668,鼎通科技,2025-10-24 10:21:49,96.45,2230,96.39,U
sh688668,鼎通科技,2025-10-24 10:22:10,96.03,8471,96.26,D
sh688668,鼎通科技,2025-10-24 10:22:16,96.04,5057,96.27,D
sh688668,鼎通科技,2025-10-24 10:22:46,96.23,7755,96.23,U
sh688668,鼎通科技,2025-10-24 10:22:55,96.23,8554,96.15,U
sh688668,鼎通科技,2025-10-24 10:23:01,96.28,8800,96.23,U
sh688668,鼎通科技,2025-10-24 10:23:04,96.29,3030,96.28,U
sh688668,鼎通科技,2025-10-24 10:23:07,96.38,14572,96.29,U
sh688668,鼎通科技,2025-10-24 10:23:10,96.4,4880,96.38,U
sh688668,鼎通科技,2025-10-24 10:23:16,96.47,21125,96.4,U
sh688668,鼎通科技,2025-10-24 10:23:19,96.5,20835,96.47,U
sh688668,鼎通科技,2025-10-24 10:23:22,96.52,65017,96.5,U
sh688668,鼎通科技,2025-10-24 10:23:31,96.58,4700,96.56,U
sh688668,鼎通科技,2025-10-24 10:23:37,96.59,3438,96.58,U
sh688668,鼎通科技,2025-10-24 10:23:40,96.6,6959,96.59,U
sh688668,鼎通科技,2025-10-24 10:23:46,96.6,3998,96.6,U
sh688668,鼎通科技,2025-10-24 10:23:49,96.6,13380,96.6,D
sh688668,鼎通科技,2025-10-24 10:23:52,96.69,11120,96.6,U
sh688668,鼎通科技,2025-10-24 10:24:04,96.7,10176,96.7,U
sh688668,鼎通科技,2025-10-24 10:24:07,96.7,3300,96.7,D
sh688668,鼎通科技,2025-10-24 10:24:10,96.7,3672,96.7,D
sh688668,鼎通科技,2025-10-24 10:24:25,96.6,2400,96.69,D
sh688668,鼎通科技,2025-10-24 10:24:40,96.5,7356,96.6,D
sh688668,鼎通科技,2025-10-24 10:24:43,96.5,5733,96.5,D
sh688668,鼎通科技,2025-10-24 10:25:13,96.55,4592,96.42,U
sh688668,鼎通科技,2025-10-24 10:25:16,96.55,2200,96.55,D
sh688668,鼎通科技,2025-10-24 10:25:52,96.59,9709,96.49,U
sh688668,鼎通科技,2025-10-24 10:25:58,96.58,5350,96.56,U
sh688668,鼎通科技,2025-10-24 10:26:01,96.51,2800,96.58,D
sh688668,鼎通科技,2025-10-24 10:26:07,96.35,2402,96.42,D
sh688668,鼎通科技,2025-10-24 10:27:04,96.09,2717,96.09,D
sh688668,鼎通科技,2025-10-24 10:27:31,96.0,2214,96.06,D
sh688668,鼎通科技,2025-10-24 10:28:28,95.91,2200,95.89,E
sh688668,鼎通科技,2025-10-24 10:28:46,95.83,8540,95.96,D
sh688668,鼎通科技,2025-10-24 10:30:25,95.58,7155,95.62,D
sh688668,鼎通科技,2025-10-24 10:30:37,95.5,2279,95.51,D
sh688668,鼎通科技,2025-10-24 10:31:04,95.51,6107,95.39,U
sh688668,鼎通科技,2025-10-24 10:31:10,95.45,7516,95.45,D
sh688668,鼎通科技,2025-10-24 10:31:22,95.47,2227,95.53,D
sh688668,鼎通科技,2025-10-24 10:31:37,95.57,2506,95.53,D
sh688668,鼎通科技,2025-10-24 10:31:40,95.57,3700,95.57,E
sh688668,鼎通科技,2025-10-24 10:31:46,95.53,6200,95.56,D
sh688668,鼎通科技,2025-10-24 10:32:19,95.52,2204,95.52,U
sh688668,鼎通科技,2025-10-24 10:32:49,95.46,2500,95.46,D
sh688668,鼎通科技,2025-10-24 10:33:10,95.58,18352,95.52,U
sh688668,鼎通科技,2025-10-24 10:33:46,95.62,4464,95.53,U
sh688668,鼎通科技,2025-10-24 10:33:55,95.47,6818,95.48,E
sh688668,鼎通科技,2025-10-24 10:34:01,95.41,14555,95.47,D
sh688668,鼎通科技,2025-10-24 10:34:04,95.35,6909,95.41,D
sh688668,鼎通科技,2025-10-24 10:34:22,95.27,5623,95.32,D
sh688668,鼎通科技,2025-10-24 10:34:46,95.08,2324,95.1,D
sh688668,鼎通科技,2025-10-24 10:34:52,95.1,4660,95.08,U
sh688668,鼎通科技,2025-10-24 10:35:34,95.24,2184,95.24,U
sh688668,鼎通科技,2025-10-24 10:35:49,95.22,2350,95.22,E
sh688668,鼎通科技,2025-10-24 10:36:43,95.2,8551,95.23,D
sh688668,鼎通科技,2025-10-24 10:36:49,95.08,13050,95.2,D
sh688668,鼎通科技,2025-10-24 10:37:04,95.0,20401,95.05,D
sh688668,鼎通科技,2025-10-24 10:37:13,94.94,2839,95.07,D
sh688668,鼎通科技,2025-10-24 10:37:19,95.07,4632,94.94,U
sh688668,鼎通科技,2025-10-24 10:37:49,95.08,7715,95.08,U
sh688668,鼎通科技,2025-10-24 10:39:04,95.3,2976,95.23,U
sh688668,鼎通科技,2025-10-24 10:39:07,95.2,5700,95.3,D
sh688668,鼎通科技,2025-10-24 10:39:10,95.33,6436,95.2,U
sh688668,鼎通科技,2025-10-24 10:39:34,95.53,2272,95.35,U
sh688668,鼎通科技,2025-10-24 10:39:52,95.35,2912,95.35,D
sh688668,鼎通科技,2025-10-24 10:40:16,95.1,5569,95.2,D
sh688668,鼎通科技,2025-10-24 10:40:34,95.09,3890,95.05,U
sh688668,鼎通科技,2025-10-24 10:40:37,94.9,10888,95.09,D
sh688668,鼎通科技,2025-10-24 10:41:07,94.96,3400,94.92,U
sh688668,鼎通科技,2025-10-24 10:41:16,94.87,5499,94.93,D
sh688668,鼎通科技,2025-10-24 10:41:31,94.81,5600,94.91,D
sh688668,鼎通科技,2025-10-24 10:41:46,94.7,3425,94.8,D
sh688668,鼎通科技,2025-10-24 10:41:52,94.6,3400,94.7,D
sh688668,鼎通科技,2025-10-24 10:42:01,94.64,2400,94.64,U
sh688668,鼎通科技,2025-10-24 10:42:58,94.63,2220,94.64,D
sh688668,鼎通科技,2025-10-24 10:43:04,94.6,3248,94.63,D
sh688668,鼎通科技,2025-10-24 10:43:10,94.52,4047,94.6,D
sh688668,鼎通科技,2025-10-24 10:43:13,94.32,17508,94.52,D
sh688668,鼎通科技,2025-10-24 10:43:37,94.3,3800,94.3,E
sh688668,鼎通科技,2025-10-24 10:43:43,94.3,2317,94.3,D
sh688668,鼎通科技,2025-10-24 10:43:49,94.3,2854,94.3,D
sh688668,鼎通科技,2025-10-24 10:43:52,94.31,3700,94.3,E
sh688668,鼎通科技,2025-10-24 10:44:01,94.31,2177,94.31,D
sh688668,鼎通科技,2025-10-24 10:44:31,94.55,5465,94.6,D
sh688668,鼎通科技,2025-10-24 10:44:37,94.55,2452,94.55,D
sh688668,鼎通科技,2025-10-24 10:44:40,94.55,2410,94.55,D
sh688668,鼎通科技,2025-10-24 10:45:13,94.58,2300,94.76,D
sh688668,鼎通科技,2025-10-24 10:45:16,94.58,2700,94.58,U
sh688668,鼎通科技,2025-10-24 10:45:37,94.77,5000,94.58,U
sh688668,鼎通科技,2025-10-24 10:46:04,94.76,2868,94.76,U
sh688668,鼎通科技,2025-10-24 10:46:13,94.78,4852,94.76,U
sh688668,鼎通科技,2025-10-24 10:46:22,94.77,3742,94.79,D
sh688668,鼎通科技,2025-10-24 10:46:43,94.77,3529,94.79,D
sh688668,鼎通科技,2025-10-24 10:47:01,94.79,3775,94.77,U
sh688668,鼎通科技,2025-10-24 10:49:07,94.92,2449,94.93,D
sh688668,鼎通科技,2025-10-24 10:49:13,95.08,2193,94.93,U
sh688668,鼎通科技,2025-10-24 10:49:43,94.92,4286,94.92,D
sh688668,鼎通科技,2025-10-24 10:51:43,94.94,9082,94.94,U
sh688668,鼎通科技,2025-10-24 10:52:13,94.95,3806,95.14,D
sh688668,鼎通科技,2025-10-24 10:52:52,94.96,3044,95.01,D
sh688668,鼎通科技,2025-10-24 10:53:01,94.97,3322,94.9,U
sh688668,鼎通科技,2025-10-24 10:53:22,95.11,25575,94.9,U
sh688668,鼎通科技,2025-10-24 10:53:58,95.18,7014,95.11,U
sh688668,鼎通科技,2025-10-24 10:54:55,95.14,2903,95.09,U
sh688668,鼎通科技,2025-10-24 10:55:01,95.18,4394,95.14,U
sh688668,鼎通科技,2025-10-24 10:55:25,95.31,3275,95.31,U
sh688668,鼎通科技,2025-10-24 10:55:46,95.2,2138,95.2,D
sh688668,鼎通科技,2025-10-24 10:56:40,95.34,3573,95.24,U
sh688668,鼎通科技,2025-10-24 10:56:46,95.35,5612,95.34,U
sh688668,鼎通科技,2025-10-24 10:56:58,95.57,6949,95.35,U
sh688668,鼎通科技,2025-10-24 10:57:04,95.58,3061,95.51,U
sh688668,鼎通科技,2025-10-24 10:57:16,95.51,4646,95.58,D
sh688668,鼎通科技,2025-10-24 10:58:37,95.53,5000,95.44,U
sh688668,鼎通科技,2025-10-24 10:59:13,95.44,2200,95.4,D
sh688668,鼎通科技,2025-10-24 11:00:10,95.28,5200,95.47,D
sh688668,鼎通科技,2025-10-24 11:00:16,95.52,2494,95.32,U
sh688668,鼎通科技,2025-10-24 11:00:22,95.52,8948,95.52,D
sh688668,鼎通科技,2025-10-24 11:00:49,95.56,2474,95.52,U
sh688668,鼎通科技,2025-10-24 11:00:52,95.58,2430,95.56,U
sh688668,鼎通科技,2025-10-24 11:00:55,95.58,3866,95.58,U
sh688668,鼎通科技,2025-10-24 11:02:16,95.7,2633,95.69,U
sh688668,鼎通科技,2025-10-24 11:02:40,95.66,7029,95.66,D
sh688668,鼎通科技,2025-10-24 11:02:49,95.57,5547,95.66,E
sh688668,鼎通科技,2025-10-24 11:04:07,95.59,6583,95.63,D
sh688668,鼎通科技,2025-10-24 11:05:28,95.35,4729,95.35,U
sh688668,鼎通科技,2025-10-24 11:05:40,95.35,2872,95.35,U
sh688668,鼎通科技,2025-10-24 11:07:19,95.43,3151,95.42,U
sh688668,鼎通科技,2025-10-24 11:07:34,95.51,8017,95.46,U
sh688668,鼎通科技,2025-10-24 11:07:40,95.5,5424,95.56,D
sh688668,鼎通科技,2025-10-24 11:08:04,95.58,4599,95.56,U
sh688668,鼎通科技,2025-10-24 11:12:46,95.67,3707,95.54,U
sh688668,鼎通科技,2025-10-24 11:12:49,95.7,3200,95.67,D
sh688668,鼎通科技,2025-10-24 11:13:58,95.53,3400,95.53,D
sh688668,鼎通科技,2025-10-24 11:14:46,95.7,3055,95.63,U
sh688668,鼎通科技,2025-10-24 11:15:07,95.7,6588,95.59,U
sh688668,鼎通科技,2025-10-24 11:15:10,95.71,3220,95.7,E
sh688668,鼎通科技,2025-10-24 11:15:22,95.72,2571,95.71,U
sh688668,鼎通科技,2025-10-24 11:15:31,95.74,3412,95.74,U
sh688668,鼎通科技,2025-10-24 11:16:10,95.55,6363,95.67,D
sh688668,鼎通科技,2025-10-24 11:16:46,95.6,2696,95.6,U
sh688668,鼎通科技,2025-10-24 11:17:01,95.48,3322,95.6,D
sh688668,鼎通科技,2025-10-24 11:17:04,95.33,5761,95.48,D
sh688668,鼎通科技,2025-10-24 11:17:22,95.19,23565,95.3,D
sh688668,鼎通科技,2025-10-24 11:18:22,95.35,4036,95.33,U
sh688668,鼎通科技,2025-10-24 11:18:25,95.38,2200,95.35,U
sh688668,鼎通科技,2025-10-24 11:18:34,95.39,12036,95.39,U
sh688668,鼎通科技,2025-10-24 11:18:37,95.39,4382,95.39,U
sh688668,鼎通科技,2025-10-24 11:19:49,95.4,2402,95.4,D
sh688668,鼎通科技,2025-10-24 11:20:16,95.28,6087,95.28,U
sh688668,鼎通科技,2025-10-24 11:20:40,95.5,5646,95.28,U
sh688668,鼎通科技,2025-10-24 11:21:04,95.29,4623,95.4,D
sh688668,鼎通科技,2025-10-24 11:21:52,95.33,2100,95.31,D
sh688668,鼎通科技,2025-10-24 11:22:19,95.39,3637,95.39,U
sh688668,鼎通科技,2025-10-24 11:23:04,95.65,4476,95.45,U
sh688668,鼎通科技,2025-10-24 11:23:28,95.65,10000,95.67,D
sh688668,鼎通科技,2025-10-24 11:23:31,95.65,3424,95.65,D
sh688668,鼎通科技,2025-10-24 11:25:22,95.54,6300,95.58,D
sh688668,鼎通科技,2025-10-24 11:25:28,95.56,3000,95.56,U
sh688668,鼎通科技,2025-10-24 11:25:31,95.54,4701,95.56,D
sh688668,鼎通科技,2025-10-24 11:25:37,95.54,3151,95.54,U
sh688668,鼎通科技,2025-10-24 11:26:01,95.75,9143,95.55,U
sh688668,鼎通科技,2025-10-24 11:26:37,95.55,4483,95.57,D
sh688668,鼎通科技,2025-10-24 11:27:25,95.6,4600,95.63,D
sh688668,鼎通科技,2025-10-24 11:27:31,95.57,3180,95.6,D
sh688668,鼎通科技,2025-10-24 11:28:28,95.55,3208,95.56,D
sh688668,鼎通科技,2025-10-24 11:28:31,95.55,10399,95.55,D
sh688668,鼎通科技,2025-10-24 11:29:43,95.46,4585,95.5,D
sh688668,鼎通科技,2025-10-24 13:00:04,95.41,2326,95.45,D
sh688668,鼎通科技,2025-10-24 13:00:07,95.53,8508,95.41,U
sh688668,鼎通科技,2025-10-24 13:00:10,95.4,6048,95.53,D
sh688668,鼎通科技,2025-10-24 13:00:13,95.58,6803,95.4,U
sh688668,鼎通科技,2025-10-24 13:00:16,95.41,3450,95.58,U
sh688668,鼎通科技,2025-10-24 13:01:13,95.58,7102,95.68,D
sh688668,鼎通科技,2025-10-24 13:02:10,95.66,4317,95.66,D
sh688668,鼎通科技,2025-10-24 13:02:16,95.7,6562,95.66,U
sh688668,鼎通科技,2025-10-24 13:02:25,95.7,2928,95.66,U
sh688668,鼎通科技,2025-10-24 13:03:01,95.7,3000,95.71,D
sh688668,鼎通科技,2025-10-24 13:03:13,95.5,5048,95.5,D
sh688668,鼎通科技,2025-10-24 13:03:52,95.45,2429,95.45,U
sh688668,鼎通科技,2025-10-24 13:04:04,95.5,3492,95.5,U
sh688668,鼎通科技,2025-10-24 13:04:10,95.49,3871,95.5,D
sh688668,鼎通科技,2025-10-24 13:05:01,95.5,3436,95.64,D
sh688668,鼎通科技,2025-10-24 13:05:22,95.6,7431,95.51,U
sh688668,鼎通科技,2025-10-24 13:06:22,95.78,2719,95.76,U
sh688668,鼎通科技,2025-10-24 13:06:31,95.75,6011,95.77,D
sh688668,鼎通科技,2025-10-24 13:06:34,95.8,6598,95.75,U
sh688668,鼎通科技,2025-10-24 13:07:01,95.78,3730,95.78,U
sh688668,鼎通科技,2025-10-24 13:07:07,95.78,2663,95.78,U
sh688668,鼎通科技,2025-10-24 13:07:31,95.64,3231,95.85,D
sh688668,鼎通科技,2025-10-24 13:08:19,95.89,6400,95.83,U
sh688668,鼎通科技,2025-10-24 13:08:31,95.98,6600,95.98,U
sh688668,鼎通科技,2025-10-24 13:08:34,96.0,26077,95.98,U
sh688668,鼎通科技,2025-10-24 13:08:37,96.06,4400,96.0,U
sh688668,鼎通科技,2025-10-24 13:08:40,96.07,7700,96.06,U
sh688668,鼎通科技,2025-10-24 13:08:49,96.09,2943,96.08,U
sh688668,鼎通科技,2025-10-24 13:09:10,96.07,6784,96.09,E
sh688668,鼎通科技,2025-10-24 13:09:37,96.15,4653,96.15,U
sh688668,鼎通科技,2025-10-24 13:09:49,96.15,2225,96.14,U
sh688668,鼎通科技,2025-10-24 13:10:13,96.11,2697,96.18,D
sh688668,鼎通科技,2025-10-24 13:10:16,96.16,2200,96.11,E
sh688668,鼎通科技,2025-10-24 13:10:22,96.19,2921,96.07,U
sh688668,鼎通科技,2025-10-24 13:10:25,96.14,8534,96.19,D
sh688668,鼎通科技,2025-10-24 13:10:28,96.21,10310,96.14,U
sh688668,鼎通科技,2025-10-24 13:10:31,96.33,4854,96.21,U
sh688668,鼎通科技,2025-10-24 13:10:58,96.38,5450,96.35,U
sh688668,鼎通科技,2025-10-24 13:11:01,96.35,2420,96.38,E
sh688668,鼎通科技,2025-10-24 13:11:04,96.4,4577,96.35,U
sh688668,鼎通科技,2025-10-24 13:11:19,96.33,2844,96.31,U
sh688668,鼎通科技,2025-10-24 13:11:22,96.49,11127,96.33,U
sh688668,鼎通科技,2025-10-24 13:11:25,96.53,20495,96.49,U
sh688668,鼎通科技,2025-10-24 13:11:28,96.58,9034,96.53,U
sh688668,鼎通科技,2025-10-24 13:11:46,96.55,2160,96.53,U
sh688668,鼎通科技,2025-10-24 13:12:01,96.66,49312,96.55,U
sh688668,鼎通科技,2025-10-24 13:12:04,96.69,13463,96.66,U
sh688668,鼎通科技,2025-10-24 13:12:07,96.7,3621,96.69,U
sh688668,鼎通科技,2025-10-24 13:12:10,96.72,27854,96.7,U
sh688668,鼎通科技,2025-10-24 13:12:13,96.68,3381,96.72,D
sh688668,鼎通科技,2025-10-24 13:12:28,96.68,6526,96.68,D
sh688668,鼎通科技,2025-10-24 13:12:49,96.69,4300,96.71,D
sh688668,鼎通科技,2025-10-24 13:12:55,96.7,2238,96.7,U
sh688668,鼎通科技,2025-10-24 13:12:58,96.72,38411,96.7,U
sh688668,鼎通科技,2025-10-24 13:13:01,96.78,11445,96.72,U
sh688668,鼎通科技,2025-10-24 13:13:04,96.84,20871,96.78,U
sh688668,鼎通科技,2025-10-24 13:13:07,96.91,22802,96.84,U
sh688668,鼎通科技,2025-10-24 13:13:10,96.99,20045,96.91,U
sh688668,鼎通科技,2025-10-24 13:13:13,97.0,3200,96.99,U
sh688668,鼎通科技,2025-10-24 13:13:16,96.97,3575,97.0,D
sh688668,鼎通科技,2025-10-24 13:13:19,96.9,2100,96.97,D
sh688668,鼎通科技,2025-10-24 13:13:22,96.83,4692,96.9,D
sh688668,鼎通科技,2025-10-24 13:13:25,96.97,2200,96.83,U
sh688668,鼎通科技,2025-10-24 13:13:34,96.81,3949,96.83,D
sh688668,鼎通科技,2025-10-24 13:14:13,96.88,3600,96.9,U
sh688668,鼎通科技,2025-10-24 13:14:25,96.73,2081,96.86,D
sh688668,鼎通科技,2025-10-24 13:14:31,96.72,4021,96.72,D
sh688668,鼎通科技,2025-10-24 13:14:40,96.62,3445,96.66,D
sh688668,鼎通科技,2025-10-24 13:14:55,96.48,6100,96.49,D
sh688668,鼎通科技,2025-10-24 13:15:07,96.4,3118,96.23,U
sh688668,鼎通科技,2025-10-24 13:15:19,96.25,3308,96.26,D
sh688668,鼎通科技,2025-10-24 13:15:49,96.29,3100,96.4,D
sh688668,鼎通科技,2025-10-24 13:16:16,96.37,4918,96.37,U
sh688668,鼎通科技,2025-10-24 13:16:31,96.28,2258,96.36,D
sh688668,鼎通科技,2025-10-24 13:16:46,96.21,2400,96.18,E
sh688668,鼎通科技,2025-10-24 13:16:55,96.3,2487,96.22,U
sh688668,鼎通科技,2025-10-24 13:17:01,96.22,4060,96.3,D
sh688668,鼎通科技,2025-10-24 13:17:34,96.45,2220,96.44,U
sh688668,鼎通科技,2025-10-24 13:17:43,96.53,2400,96.45,U
sh688668,鼎通科技,2025-10-24 13:17:55,96.6,2147,96.57,U
sh688668,鼎通科技,2025-10-24 13:18:13,96.54,3100,96.58,D
sh688668,鼎通科技,2025-10-24 13:18:19,96.54,2466,96.53,E
sh688668,鼎通科技,2025-10-24 13:19:43,96.4,2482,96.4,U
sh688668,鼎通科技,2025-10-24 13:20:07,96.44,2193,96.46,D
sh688668,鼎通科技,2025-10-24 13:20:13,96.6,13066,96.5,U
sh688668,鼎通科技,2025-10-24 13:20:19,96.63,3446,96.61,U
sh688668,鼎通科技,2025-10-24 13:20:22,96.66,2867,96.63,U
sh688668,鼎通科技,2025-10-24 13:20:31,96.7,2200,96.64,U
sh688668,鼎通科技,2025-10-24 13:20:43,96.79,2270,96.79,D
sh688668,鼎通科技,2025-10-24 13:20:55,96.8,3643,96.81,U
sh688668,鼎通科技,2025-10-24 13:21:13,96.88,5766,96.83,U
sh688668,鼎通科技,2025-10-24 13:21:16,96.81,3008,96.88,D
sh688668,鼎通科技,2025-10-24 13:21:19,96.79,10416,96.81,D
sh688668,鼎通科技,2025-10-24 13:21:34,96.82,3126,96.82,D
sh688668,鼎通科技,2025-10-24 13:21:37,96.95,5958,96.82,U
sh688668,鼎通科技,2025-10-24 13:21:40,96.96,6035,96.95,U
sh688668,鼎通科技,2025-10-24 13:21:43,96.96,5407,96.96,D
sh688668,鼎通科技,2025-10-24 13:21:46,96.96,13910,96.96,D
sh688668,鼎通科技,2025-10-24 13:21:49,96.96,2090,96.96,U
sh688668,鼎通科技,2025-10-24 13:22:01,96.95,2220,96.93,U
sh688668,鼎通科技,2025-10-24 13:22:07,96.91,11282,96.96,D
sh688668,鼎通科技,2025-10-24 13:22:19,96.8,13239,96.91,D
sh688668,鼎通科技,2025-10-24 13:22:49,96.87,2795,96.88,D
sh688668,鼎通科技,2025-10-24 13:23:01,96.84,5636,96.84,D
sh688668,鼎通科技,2025-10-24 13:23:07,96.73,6787,96.85,D
sh688668,鼎通科技,2025-10-24 13:23:19,96.75,2662,96.84,D
sh688668,鼎通科技,2025-10-24 13:23:43,96.76,3800,96.76,U
sh688668,鼎通科技,2025-10-24 13:23:52,96.82,10697,96.78,U
sh688668,鼎通科技,2025-10-24 13:23:55,96.9,10923,96.82,U
sh688668,鼎通科技,2025-10-24 13:24:25,96.7,10023,96.51,U
sh688668,鼎通科技,2025-10-24 13:25:01,96.59,2344,96.55,U
sh688668,鼎通科技,2025-10-24 13:25:07,96.59,2805,96.59,U
sh688668,鼎通科技,2025-10-24 13:25:13,96.72,11737,96.55,U
sh688668,鼎通科技,2025-10-24 13:25:19,96.88,2642,96.76,U
sh688668,鼎通科技,2025-10-24 13:25:22,96.95,13743,96.88,U
sh688668,鼎通科技,2025-10-24 13:25:25,96.99,12651,96.95,U
sh688668,鼎通科技,2025-10-24 13:25:28,97.08,68057,96.99,U
sh688668,鼎通科技,2025-10-24 13:25:34,97.2,12583,97.09,U
sh688668,鼎通科技,2025-10-24 13:25:37,97.3,12349,97.2,U
sh688668,鼎通科技,2025-10-24 13:25:46,97.39,14975,97.32,U
sh688668,鼎通科技,2025-10-24 13:25:52,97.11,3995,97.32,D
sh688668,鼎通科技,2025-10-24 13:25:55,97.39,19156,97.11,U
sh688668,鼎通科技,2025-10-24 13:26:04,97.42,6254,97.39,U
sh688668,鼎通科技,2025-10-24 13:26:13,97.51,20000,97.09,U
sh688668,鼎通科技,2025-10-24 13:26:22,97.3,4552,97.26,U
sh688668,鼎通科技,2025-10-24 13:26:28,97.5,2110,97.3,U
sh688668,鼎通科技,2025-10-24 13:26:40,97.31,11970,97.4,D
sh688668,鼎通科技,2025-10-24 13:26:43,97.58,31021,97.31,U
sh688668,鼎通科技,2025-10-24 13:27:13,97.46,2434,97.47,D
sh688668,鼎通科技,2025-10-24 13:27:16,97.39,4943,97.46,D
sh688668,鼎通科技,2025-10-24 13:27:22,97.18,6600,97.38,D
sh688668,鼎通科技,2025-10-24 13:27:25,97.44,10200,97.18,U
sh688668,鼎通科技,2025-10-24 13:27:46,97.06,2064,97.27,D
sh688668,鼎通科技,2025-10-24 13:27:52,97.26,2500,97.0,U
sh688668,鼎通科技,2025-10-24 13:28:22,97.08,3400,97.08,U
sh688668,鼎通科技,2025-10-24 13:29:07,96.55,46864,96.95,D
sh688668,鼎通科技,2025-10-24 13:29:28,96.93,6792,96.91,U
sh688668,鼎通科技,2025-10-24 13:29:34,97.08,49831,96.99,U
sh688668,鼎通科技,2025-10-24 13:29:37,97.29,7934,97.08,U
sh688668,鼎通科技,2025-10-24 13:29:40,97.48,11030,97.29,U
sh688668,鼎通科技,2025-10-24 13:29:43,97.88,82774,97.48,U
sh688668,鼎通科技,2025-10-24 13:29:46,97.97,7070,97.88,U
sh688668,鼎通科技,2025-10-24 13:29:55,97.97,5265,97.96,U
sh688668,鼎通科技,2025-10-24 13:29:58,97.95,6940,97.97,E
sh688668,鼎通科技,2025-10-24 13:30:01,97.94,8298,97.95,E
sh688668,鼎通科技,2025-10-24 13:30:07,97.61,9219,97.93,E
sh688668,鼎通科技,2025-10-24 13:30:10,97.51,31698,97.61,D
sh688668,鼎通科技,2025-10-24 13:30:19,97.94,3885,97.9,U
sh688668,鼎通科技,2025-10-24 13:30:22,98.0,46745,97.94,U
sh688668,鼎通科技,2025-10-24 13:30:25,98.2,20412,98.0,U
sh688668,鼎通科技,2025-10-24 13:30:28,98.21,11400,98.2,E
sh688668,鼎通科技,2025-10-24 13:30:37,98.4,6002,98.3,U
sh688668,鼎通科技,2025-10-24 13:30:43,98.48,2670,98.4,U
sh688668,鼎通科技,2025-10-24 13:30:46,98.38,9161,98.48,U
sh688668,鼎通科技,2025-10-24 13:30:49,98.29,4449,98.38,D
sh688668,鼎通科技,2025-10-24 13:30:52,98.38,7939,98.29,U
sh688668,鼎通科技,2025-10-24 13:30:55,98.29,3548,98.38,D
sh688668,鼎通科技,2025-10-24 13:30:58,98.4,6846,98.29,U
sh688668,鼎通科技,2025-10-24 13:31:01,98.38,4240,98.4,D
sh688668,鼎通科技,2025-10-24 13:31:04,98.38,3257,98.38,U
sh688668,鼎通科技,2025-10-24 13:31:07,98.48,23650,98.38,U
sh688668,鼎通科技,2025-10-24 13:31:10,98.62,8617,98.48,U
sh688668,鼎通科技,2025-10-24 13:31:13,98.66,7627,98.62,U
sh688668,鼎通科技,2025-10-24 13:31:16,98.42,4948,98.66,D
sh688668,鼎通科技,2025-10-24 13:31:19,98.69,4521,98.42,U
sh688668,鼎通科技,2025-10-24 13:31:22,98.38,12219,98.69,D
sh688668,鼎通科技,2025-10-24 13:31:25,98.29,6823,98.38,D
sh688668,鼎通科技,2025-10-24 13:31:28,98.43,4876,98.29,E
sh688668,鼎通科技,2025-10-24 13:31:31,98.5,10554,98.43,U
sh688668,鼎通科技,2025-10-24 13:31:34,98.5,12911,98.5,U
sh688668,鼎通科技,2025-10-24 13:31:37,98.49,5549,98.5,E
sh688668,鼎通科技,2025-10-24 13:31:40,98.42,4726,98.49,D
sh688668,鼎通科技,2025-10-24 13:31:43,98.29,5597,98.42,D
sh688668,鼎通科技,2025-10-24 13:31:46,98.45,5900,98.29,U
sh688668,鼎通科技,2025-10-24 13:31:49,98.51,5151,98.45,U
sh688668,鼎通科技,2025-10-24 13:31:55,98.56,3499,98.51,E
sh688668,鼎通科技,2025-10-24 13:31:58,98.57,5547,98.56,U
sh688668,鼎通科技,2025-10-24 13:32:01,98.53,2775,98.57,E
sh688668,鼎通科技,2025-10-24 13:32:04,98.5,2210,98.53,E
sh688668,鼎通科技,2025-10-24 13:32:07,98.51,5647,98.5,E
sh688668,鼎通科技,2025-10-24 13:32:10,98.53,4211,98.51,U
sh688668,鼎通科技,2025-10-24 13:32:13,98.52,6610,98.53,D
sh688668,鼎通科技,2025-10-24 13:32:16,98.6,5674,98.52,U
sh688668,鼎通科技,2025-10-24 13:32:25,98.66,4503,98.65,E
sh688668,鼎通科技,2025-10-24 13:32:28,98.66,5289,98.66,D
sh688668,鼎通科技,2025-10-24 13:32:31,98.56,4356,98.66,D
sh688668,鼎通科技,2025-10-24 13:32:34,98.56,5097,98.56,D
sh688668,鼎通科技,2025-10-24 13:32:37,98.56,5341,98.56,D
sh688668,鼎通科技,2025-10-24 13:32:40,98.63,3254,98.56,U
sh688668,鼎通科技,2025-10-24 13:32:49,98.55,4841,98.56,U
sh688668,鼎通科技,2025-10-24 13:32:52,98.54,9523,98.55,E
sh688668,鼎通科技,2025-10-24 13:32:58,98.52,2996,98.54,D
sh688668,鼎通科技,2025-10-24 13:33:07,98.5,5371,98.5,D
sh688668,鼎通科技,2025-10-24 13:33:10,98.55,7782,98.5,U
sh688668,鼎通科技,2025-10-24 13:33:13,98.52,29009,98.55,D
sh688668,鼎通科技,2025-10-24 13:33:16,98.64,23444,98.52,U
sh688668,鼎通科技,2025-10-24 13:33:19,98.75,15588,98.64,U
sh688668,鼎通科技,2025-10-24 13:33:22,98.75,9319,98.75,U
sh688668,鼎通科技,2025-10-24 13:33:25,98.77,8928,98.75,E
sh688668,鼎通科技,2025-10-24 13:33:34,98.8,4104,98.83,D
sh688668,鼎通科技,2025-10-24 13:33:37,98.83,9485,98.8,U
sh688668,鼎通科技,2025-10-24 13:33:40,98.9,11402,98.83,U
sh688668,鼎通科技,2025-10-24 13:33:46,98.88,12271,98.9,D
sh688668,鼎通科技,2025-10-24 13:33:49,98.98,3701,98.88,U
sh688668,鼎通科技,2025-10-24 13:33:52,98.98,4997,98.98,U
sh688668,鼎通科技,2025-10-24 13:33:55,98.98,2654,98.98,U
sh688668,鼎通科技,2025-10-24 13:33:58,98.97,2887,98.98,D
sh688668,鼎通科技,2025-10-24 13:34:01,98.99,37650,98.97,U
sh688668,鼎通科技,2025-10-24 13:34:04,99.01,19147,98.99,U
sh688668,鼎通科技,2025-10-24 13:34:07,99.0,11713,99.01,D
sh688668,鼎通科技,2025-10-24 13:34:13,99.12,7082,99.0,U
sh688668,鼎通科技,2025-10-24 13:34:16,98.99,8748,99.12,D
sh688668,鼎通科技,2025-10-24 13:34:19,99.07,4536,98.99,U
sh688668,鼎通科技,2025-10-24 13:34:25,99.07,10550,99.07,U
sh688668,鼎通科技,2025-10-24 13:34:37,98.9,7977,98.9,U
sh688668,鼎通科技,2025-10-24 13:34:40,98.93,2713,98.9,U
sh688668,鼎通科技,2025-10-24 13:34:46,98.93,3609,98.9,E
sh688668,鼎通科技,2025-10-24 13:34:49,99.02,2221,98.93,U
sh688668,鼎通科技,2025-10-24 13:34:58,98.83,8543,98.88,D
sh688668,鼎通科技,2025-10-24 13:35:01,98.88,5284,98.83,U
sh688668,鼎通科技,2025-10-24 13:35:04,98.86,2821,98.88,D
sh688668,鼎通科技,2025-10-24 13:35:10,99.0,7058,98.86,U
sh688668,鼎通科技,2025-10-24 13:35:13,98.86,7296,99.0,D
sh688668,鼎通科技,2025-10-24 13:35:16,98.86,4573,98.86,U
sh688668,鼎通科技,2025-10-24 13:35:19,99.06,5805,98.86,U
sh688668,鼎通科技,2025-10-24 13:35:22,99.18,22392,99.06,U
sh688668,鼎通科技,2025-10-24 13:35:25,99.24,8011,99.18,U
sh688668,鼎通科技,2025-10-24 13:35:28,99.21,6885,99.24,E
sh688668,鼎通科技,2025-10-24 13:35:31,99.23,12118,99.21,E
sh688668,鼎通科技,2025-10-24 13:35:34,99.3,7531,99.23,U
sh688668,鼎通科技,2025-10-24 13:35:37,99.38,11732,99.3,U
sh688668,鼎通科技,2025-10-24 13:35:40,99.45,3200,99.38,U
sh688668,鼎通科技,2025-10-24 13:35:46,99.53,25491,99.45,U
sh688668,鼎通科技,2025-10-24 13:35:49,99.6,4358,99.53,U
sh688668,鼎通科技,2025-10-24 13:35:52,99.62,3900,99.6,U
sh688668,鼎通科技,2025-10-24 13:35:55,99.66,10087,99.62,U
sh688668,鼎通科技,2025-10-24 13:35:58,99.63,4030,99.66,D
sh688668,鼎通科技,2025-10-24 13:36:01,99.46,6953,99.63,D
sh688668,鼎通科技,2025-10-24 13:36:04,99.6,2900,99.46,E
sh688668,鼎通科技,2025-10-24 13:36:07,99.62,2517,99.6,U
sh688668,鼎通科技,2025-10-24 13:36:10,99.25,22995,99.62,D
sh688668,鼎通科技,2025-10-24 13:36:13,99.29,6518,99.25,U
sh688668,鼎通科技,2025-10-24 13:36:25,99.29,2156,99.29,U
sh688668,鼎通科技,2025-10-24 13:36:31,99.25,7572,99.25,U
sh688668,鼎通科技,2025-10-24 13:36:34,99.13,4781,99.25,D
sh688668,鼎通科技,2025-10-24 13:36:43,99.08,8949,99.13,D
sh688668,鼎通科技,2025-10-24 13:36:46,99.13,5735,99.08,U
sh688668,鼎通科技,2025-10-24 13:36:55,98.89,2155,99.07,D
sh688668,鼎通科技,2025-10-24 13:36:58,98.89,2552,98.89,D
sh688668,鼎通科技,2025-10-24 13:37:01,98.89,6513,98.89,U
sh688668,鼎通科技,2025-10-24 13:37:16,99.07,2385,99.0,U
sh688668,鼎通科技,2025-10-24 13:37:34,98.89,6072,98.89,E
sh688668,鼎通科技,2025-10-24 13:37:46,98.8,3925,98.99,D
sh688668,鼎通科技,2025-10-24 13:37:55,98.8,2122,98.8,U
sh688668,鼎通科技,2025-10-24 13:37:58,98.8,6808,98.8,D
sh688668,鼎通科技,2025-10-24 13:38:13,98.67,6937,98.7,D
sh688668,鼎通科技,2025-10-24 13:38:16,98.68,2680,98.67,E
sh688668,鼎通科技,2025-10-24 13:38:19,98.63,19404,98.68,D
sh688668,鼎通科技,2025-10-24 13:38:22,98.5,6538,98.63,D
sh688668,鼎通科技,2025-10-24 13:38:25,98.5,3579,98.5,D
sh688668,鼎通科技,2025-10-24 13:38:43,98.53,2425,98.51,E
sh688668,鼎通科技,2025-10-24 13:38:46,98.67,3881,98.53,U
sh688668,鼎通科技,2025-10-24 13:38:52,98.67,6312,98.67,D
sh688668,鼎通科技,2025-10-24 13:39:01,98.55,5653,98.6,D
sh688668,鼎通科技,2025-10-24 13:39:04,98.55,4554,98.55,D
sh688668,鼎通科技,2025-10-24 13:39:22,98.28,4012,98.39,D
sh688668,鼎通科技,2025-10-24 13:39:25,98.28,9239,98.28,D
sh688668,鼎通科技,2025-10-24 13:39:40,98.27,5841,98.23,U
sh688668,鼎通科技,2025-10-24 13:39:43,98.13,2102,98.27,D
sh688668,鼎通科技,2025-10-24 13:39:58,98.1,3247,98.1,D
sh688668,鼎通科技,2025-10-24 13:40:01,98.28,6918,98.1,U
sh688668,鼎通科技,2025-10-24 13:40:04,98.1,9321,98.28,D
sh688668,鼎通科技,2025-10-24 13:40:07,98.48,2367,98.1,E
sh688668,鼎通科技,2025-10-24 13:40:10,98.55,3681,98.48,U
sh688668,鼎通科技,2025-10-24 13:40:19,98.55,7200,98.5,E
sh688668,鼎通科技,2025-10-24 13:40:22,98.33,2354,98.55,E
sh688668,鼎通科技,2025-10-24 13:40:34,98.21,7080,98.6,D
sh688668,鼎通科技,2025-10-24 13:40:37,98.21,18535,98.21,U
sh688668,鼎通科技,2025-10-24 13:40:40,98.47,5856,98.21,U
sh688668,鼎通科技,2025-10-24 13:40:46,98.55,3278,98.55,U
sh688668,鼎通科技,2025-10-24 13:40:49,98.55,2522,98.55,U
sh688668,鼎通科技,2025-10-24 13:41:01,98.26,3900,98.26,D
sh688668,鼎通科技,2025-10-24 13:41:37,98.27,19513,98.33,D
sh688668,鼎通科技,2025-10-24 13:41:40,98.26,4281,98.27,D
sh688668,鼎通科技,2025-10-24 13:41:46,98.2,6098,98.24,D
sh688668,鼎通科技,2025-10-24 13:41:49,98.18,2265,98.2,D
sh688668,鼎通科技,2025-10-24 13:42:04,98.11,4158,98.11,D
sh688668,鼎通科技,2025-10-24 13:42:10,98.02,2650,98.12,D
sh688668,鼎通科技,2025-10-24 13:42:19,98.0,7273,98.02,D
sh688668,鼎通科技,2025-10-24 13:42:22,98.02,9400,98.0,U
sh688668,鼎通科技,2025-10-24 13:42:25,98.12,12635,98.02,U
sh688668,鼎通科技,2025-10-24 13:42:28,98.35,2833,98.12,U
sh688668,鼎通科技,2025-10-24 13:42:31,98.24,5000,98.35,E
sh688668,鼎通科技,2025-10-24 13:42:34,98.36,3247,98.24,U
sh688668,鼎通科技,2025-10-24 13:42:43,98.37,12836,98.24,U
sh688668,鼎通科技,2025-10-24 13:42:46,98.3,7604,98.37,D
sh688668,鼎通科技,2025-10-24 13:42:52,98.3,5215,98.49,D
sh688668,鼎通科技,2025-10-24 13:42:55,98.3,3262,98.3,D
sh688668,鼎通科技,2025-10-24 13:42:58,98.3,2325,98.3,D
sh688668,鼎通科技,2025-10-24 13:43:16,98.01,5000,98.16,D
sh688668,鼎通科技,2025-10-24 13:43:19,98.18,2425,98.01,E
sh688668,鼎通科技,2025-10-24 13:43:22,98.01,5900,98.18,D
sh688668,鼎通科技,2025-10-24 13:43:25,98.18,3043,98.01,U
sh688668,鼎通科技,2025-10-24 13:43:28,98.0,7134,98.18,D
sh688668,鼎通科技,2025-10-24 13:43:31,98.0,8297,98.0,D
sh688668,鼎通科技,2025-10-24 13:43:37,98.01,8279,98.04,D
sh688668,鼎通科技,2025-10-24 13:44:01,97.96,10496,97.96,D
sh688668,鼎通科技,2025-10-24 13:44:04,97.97,4134,97.96,D
sh688668,鼎通科技,2025-10-24 13:44:07,97.95,4365,97.97,D
sh688668,鼎通科技,2025-10-24 13:44:10,97.97,4809,97.95,U
sh688668,鼎通科技,2025-10-24 13:44:16,98.19,2181,97.97,U
sh688668,鼎通科技,2025-10-24 13:44:22,98.3,6093,98.18,U
sh688668,鼎通科技,2025-10-24 13:44:43,98.38,3327,98.3,U
sh688668,鼎通科技,2025-10-24 13:44:49,98.53,10343,98.48,U
sh688668,鼎通科技,2025-10-24 13:44:52,98.6,3554,98.53,U
sh688668,鼎通科技,2025-10-24 13:44:58,98.38,2200,98.6,D
sh688668,鼎通科技,2025-10-24 13:45:01,98.3,24527,98.38,D
sh688668,鼎通科技,2025-10-24 13:45:04,98.78,6380,98.3,U
sh688668,鼎通科技,2025-10-24 13:45:13,98.3,29991,98.8,D
sh688668,鼎通科技,2025-10-24 13:45:22,98.51,6905,98.56,D
sh688668,鼎通科技,2025-10-24 13:45:28,98.9,9911,98.51,U
sh688668,鼎通科技,2025-10-24 13:46:10,98.5,5200,98.76,D
sh688668,鼎通科技,2025-10-24 13:46:16,98.6,13686,98.79,E
sh688668,鼎通科技,2025-10-24 13:46:31,98.8,3374,98.68,U
sh688668,鼎通科技,2025-10-24 13:46:40,98.63,2200,98.8,D
sh688668,鼎通科技,2025-10-24 13:46:43,98.8,3278,98.63,U
sh688668,鼎通科技,2025-10-24 13:46:46,98.5,2200,98.8,D
sh688668,鼎通科技,2025-10-24 13:46:52,98.6,5100,98.52,U
sh688668,鼎通科技,2025-10-24 13:47:19,98.42,3279,98.52,D
sh688668,鼎通科技,2025-10-24 13:47:25,98.33,5938,98.51,D
sh688668,鼎通科技,2025-10-24 13:47:43,98.52,2987,98.31,U
sh688668,鼎通科技,2025-10-24 13:47:49,98.3,5000,98.32,D
sh688668,鼎通科技,2025-10-24 13:48:01,98.37,2822,98.51,D
sh688668,鼎通科技,2025-10-24 13:48:04,98.4,7073,98.37,E
sh688668,鼎通科技,2025-10-24 13:48:07,98.3,5000,98.4,D
sh688668,鼎通科技,2025-10-24 13:48:16,98.58,2208,98.31,E
sh688668,鼎通科技,2025-10-24 13:48:28,98.3,5405,98.58,D
sh688668,鼎通科技,2025-10-24 13:48:31,98.57,4220,98.3,U
sh688668,鼎通科技,2025-10-24 13:48:46,98.3,5000,98.3,D
sh688668,鼎通科技,2025-10-24 13:49:28,98.72,10017,98.57,U
sh688668,鼎通科技,2025-10-24 13:49:40,98.75,2111,98.75,U
sh688668,鼎通科技,2025-10-24 13:49:58,98.73,3002,98.7,U
sh688668,鼎通科技,2025-10-24 13:50:01,98.78,10308,98.73,U
sh688668,鼎通科技,2025-10-24 13:50:10,98.5,5436,98.58,D
sh688668,鼎通科技,2025-10-24 13:50:28,98.7,2825,98.53,U
sh688668,鼎通科技,2025-10-24 13:50:58,98.28,2327,98.31,D
sh688668,鼎通科技,2025-10-24 13:51:01,98.28,7627,98.28,U
sh688668,鼎通科技,2025-10-24 13:51:16,98.4,6694,98.35,U
sh688668,鼎通科技,2025-10-24 13:51:25,98.25,4283,98.25,D
sh688668,鼎通科技,2025-10-24 13:51:34,98.2,5219,98.25,D
sh688668,鼎通科技,2025-10-24 13:51:49,98.08,5000,98.21,D
sh688668,鼎通科技,2025-10-24 13:51:55,98.08,4341,98.24,D
sh688668,鼎通科技,2025-10-24 13:51:58,98.08,12051,98.08,D
sh688668,鼎通科技,2025-10-24 13:52:01,98.1,3670,98.08,D
sh688668,鼎通科技,2025-10-24 13:52:04,98.0,4143,98.1,D
sh688668,鼎通科技,2025-10-24 13:53:46,97.95,18053,98.01,D
sh688668,鼎通科技,2025-10-24 13:53:49,97.9,2290,97.95,D
sh688668,鼎通科技,2025-10-24 13:53:52,97.8,9754,97.9,D
sh688668,鼎通科技,2025-10-24 13:54:01,97.9,5039,97.51,U
sh688668,鼎通科技,2025-10-24 13:54:13,98.17,5128,97.91,U
sh688668,鼎通科技,2025-10-24 13:54:19,97.86,2109,98.17,D
sh688668,鼎通科技,2025-10-24 13:54:49,97.69,2500,97.68,D
sh688668,鼎通科技,2025-10-24 13:55:16,97.71,5000,97.8,D
sh688668,鼎通科技,2025-10-24 13:55:19,97.81,4215,97.71,E
sh688668,鼎通科技,2025-10-24 13:55:31,97.7,3017,97.71,D
sh688668,鼎通科技,2025-10-24 13:55:58,97.7,2772,97.7,U
sh688668,鼎通科技,2025-10-24 13:56:01,97.98,2521,97.7,U
sh688668,鼎通科技,2025-10-24 13:57:37,97.92,2366,97.9,U
sh688668,鼎通科技,2025-10-24 13:59:52,97.92,4381,97.91,U
sh688668,鼎通科技,2025-10-24 14:00:16,97.92,3000,97.9,U
sh688668,鼎通科技,2025-10-24 14:01:01,98.05,6171,97.98,U
sh688668,鼎通科技,2025-10-24 14:01:04,98.09,3200,98.05,U
sh688668,鼎通科技,2025-10-24 14:01:25,97.98,13098,98.13,D
sh688668,鼎通科技,2025-10-24 14:01:37,97.86,3596,97.97,D
sh688668,鼎通科技,2025-10-24 14:01:46,97.84,14563,97.93,D
sh688668,鼎通科技,2025-10-24 14:01:49,97.84,6098,97.84,D
sh688668,鼎通科技,2025-10-24 14:02:46,97.84,4000,97.85,D
sh688668,鼎通科技,2025-10-24 14:02:49,97.85,3689,97.84,U
sh688668,鼎通科技,2025-10-24 14:03:01,97.84,5591,97.85,D
sh688668,鼎通科技,2025-10-24 14:03:13,97.58,7858,97.7,D
sh688668,鼎通科技,2025-10-24 14:03:58,97.5,2500,97.52,D
sh688668,鼎通科技,2025-10-24 14:04:01,97.58,3164,97.5,U
sh688668,鼎通科技,2025-10-24 14:04:04,97.62,27641,97.58,U
sh688668,鼎通科技,2025-10-24 14:04:13,97.59,4820,97.63,D
sh688668,鼎通科技,2025-10-24 14:05:22,97.69,3329,97.7,D
sh688668,鼎通科技,2025-10-24 14:05:25,97.82,8379,97.69,U
sh688668,鼎通科技,2025-10-24 14:06:16,97.81,2108,97.82,D
sh688668,鼎通科技,2025-10-24 14:06:19,97.82,12369,97.81,U
sh688668,鼎通科技,2025-10-24 14:07:34,97.6,3212,97.6,D
sh688668,鼎通科技,2025-10-24 14:08:01,97.63,3903,97.61,U
sh688668,鼎通科技,2025-10-24 14:09:40,97.5,3153,97.5,D
sh688668,鼎通科技,2025-10-24 14:09:58,97.61,3000,97.5,U
sh688668,鼎通科技,2025-10-24 14:10:19,97.63,4509,97.62,U
sh688668,鼎通科技,2025-10-24 14:10:58,98.0,3170,97.82,U
sh688668,鼎通科技,2025-10-24 14:11:07,98.0,2244,98.0,U
sh688668,鼎通科技,2025-10-24 14:11:25,98.0,4475,98.12,D
sh688668,鼎通科技,2025-10-24 14:15:04,97.7,3000,97.7,D
sh688668,鼎通科技,2025-10-24 14:15:13,97.7,2254,97.7,D
sh688668,鼎通科技,2025-10-24 14:15:31,97.72,2200,97.7,U
sh688668,鼎通科技,2025-10-24 14:16:52,97.66,2200,97.65,U
sh688668,鼎通科技,2025-10-24 14:17:04,97.5,4429,97.67,D
sh688668,鼎通科技,2025-10-24 14:17:07,97.59,2319,97.5,U
sh688668,鼎通科技,2025-10-24 14:17:28,97.62,4645,97.62,U
sh688668,鼎通科技,2025-10-24 14:17:31,97.6,6440,97.62,D
sh688668,鼎通科技,2025-10-24 14:17:34,97.75,114251,97.6,U
sh688668,鼎通科技,2025-10-24 14:17:37,98.04,8855,97.75,U
sh688668,鼎通科技,2025-10-24 14:17:40,98.08,3733,98.04,U
sh688668,鼎通科技,2025-10-24 14:17:46,98.15,4290,98.08,U
sh688668,鼎通科技,2025-10-24 14:18:04,98.21,2576,98.29,D
sh688668,鼎通科技,2025-10-24 14:18:10,98.3,3138,98.3,D
sh688668,鼎通科技,2025-10-24 14:18:19,98.3,4792,98.3,U
sh688668,鼎通科技,2025-10-24 14:18:34,98.29,4044,98.2,U
sh688668,鼎通科技,2025-10-24 14:19:55,98.29,4094,98.09,U
sh688668,鼎通科技,2025-10-24 14:19:58,98.29,12538,98.29,D
sh688668,鼎通科技,2025-10-24 14:20:04,98.3,5931,98.3,D
sh688668,鼎通科技,2025-10-24 14:20:31,98.45,2696,98.45,U
sh688668,鼎通科技,2025-10-24 14:20:58,98.5,19217,98.42,U
sh688668,鼎通科技,2025-10-24 14:21:01,98.6,8162,98.5,U
sh688668,鼎通科技,2025-10-24 14:21:04,98.6,3318,98.6,U
sh688668,鼎通科技,2025-10-24 14:21:07,98.66,5000,98.6,U
sh688668,鼎通科技,2025-10-24 14:22:10,98.5,4056,98.53,D
sh688668,鼎通科技,2025-10-24 14:22:19,98.45,2628,98.51,D
sh688668,鼎通科技,2025-10-24 14:22:25,98.59,4346,98.51,U
sh688668,鼎通科技,2025-10-24 14:22:46,98.62,6328,98.58,U
sh688668,鼎通科技,2025-10-24 14:22:49,98.63,4946,98.62,U
sh688668,鼎通科技,2025-10-24 14:23:10,98.66,8056,98.67,D
sh688668,鼎通科技,2025-10-24 14:24:34,98.45,2213,98.47,D
sh688668,鼎通科技,2025-10-24 14:24:43,98.45,9313,98.47,D
sh688668,鼎通科技,2025-10-24 14:24:55,98.43,2158,98.44,D
sh688668,鼎通科技,2025-10-24 14:25:04,98.4,2667,98.4,D
sh688668,鼎通科技,2025-10-24 14:25:13,98.4,2458,98.4,D
sh688668,鼎通科技,2025-10-24 14:25:16,98.43,2963,98.4,U
sh688668,鼎通科技,2025-10-24 14:25:34,98.43,8744,98.4,U
sh688668,鼎通科技,2025-10-24 14:25:37,98.43,3701,98.43,U
sh688668,鼎通科技,2025-10-24 14:25:46,98.5,2048,98.46,U
sh688668,鼎通科技,2025-10-24 14:26:07,98.46,3174,98.41,U
sh688668,鼎通科技,2025-10-24 14:26:13,98.5,3288,98.46,U
sh688668,鼎通科技,2025-10-24 14:26:22,98.56,9647,98.53,U
sh688668,鼎通科技,2025-10-24 14:26:25,98.56,2600,98.56,U
sh688668,鼎通科技,2025-10-24 14:26:31,98.52,2738,98.56,E
sh688668,鼎通科技,2025-10-24 14:26:49,98.55,5652,98.54,E
sh688668,鼎通科技,2025-10-24 14:26:55,98.56,7118,98.56,U
sh688668,鼎通科技,2025-10-24 14:26:58,98.55,7942,98.56,D
sh688668,鼎通科技,2025-10-24 14:27:19,98.5,2900,98.5,D
sh688668,鼎通科技,2025-10-24 14:27:31,98.55,4608,98.5,U
sh688668,鼎通科技,2025-10-24 14:28:01,98.6,6213,98.57,U
sh688668,鼎通科技,2025-10-24 14:28:07,98.6,2195,98.6,U
sh688668,鼎通科技,2025-10-24 14:28:16,98.57,3970,98.6,D
sh688668,鼎通科技,2025-10-24 14:29:10,98.56,15500,98.55,U
sh688668,鼎通科技,2025-10-24 14:29:16,98.57,2393,98.58,D
sh688668,鼎通科技,2025-10-24 14:29:19,98.56,3000,98.57,D
sh688668,鼎通科技,2025-10-24 14:29:46,98.57,3000,98.57,U
sh688668,鼎通科技,2025-10-24 14:29:49,98.56,5200,98.57,D
sh688668,鼎通科技,2025-10-24 14:29:58,98.57,5764,98.56,U
sh688668,鼎通科技,2025-10-24 14:30:01,98.57,7159,98.57,U
sh688668,鼎通科技,2025-10-24 14:30:04,98.59,8493,98.57,U
sh688668,鼎通科技,2025-10-24 14:30:07,98.61,8898,98.59,U
sh688668,鼎通科技,2025-10-24 14:30:19,98.64,4222,98.64,U
sh688668,鼎通科技,2025-10-24 14:30:22,98.69,7334,98.64,U
sh688668,鼎通科技,2025-10-24 14:30:25,98.7,22873,98.69,U
sh688668,鼎通科技,2025-10-24 14:30:31,98.72,4803,98.72,D
sh688668,鼎通科技,2025-10-24 14:30:46,98.8,11288,98.75,U
sh688668,鼎通科技,2025-10-24 14:30:49,98.81,10756,98.8,U
sh688668,鼎通科技,2025-10-24 14:30:55,98.86,5600,98.8,U
sh688668,鼎通科技,2025-10-24 14:30:58,98.89,10221,98.86,U
sh688668,鼎通科技,2025-10-24 14:31:04,98.89,2082,98.88,U
sh688668,鼎通科技,2025-10-24 14:31:28,98.91,4685,98.85,U
sh688668,鼎通科技,2025-10-24 14:31:34,98.97,2184,98.85,U
sh688668,鼎通科技,2025-10-24 14:32:19,98.81,11528,98.83,D
sh688668,鼎通科技,2025-10-24 14:32:22,98.79,12647,98.81,D
sh688668,鼎通科技,2025-10-24 14:32:37,98.79,2230,98.82,E
sh688668,鼎通科技,2025-10-24 14:33:04,98.69,2038,98.74,D
sh688668,鼎通科技,2025-10-24 14:33:31,98.66,8207,98.65,U
sh688668,鼎通科技,2025-10-24 14:33:52,98.65,6907,98.71,D
sh688668,鼎通科技,2025-10-24 14:34:04,98.7,8060,98.7,U
sh688668,鼎通科技,2025-10-24 14:34:07,98.71,2066,98.7,U
sh688668,鼎通科技,2025-10-24 14:34:10,98.74,2781,98.71,U
sh688668,鼎通科技,2025-10-24 14:34:28,98.8,2206,98.8,U
sh688668,鼎通科技,2025-10-24 14:34:37,98.8,2846,98.8,D
sh688668,鼎通科技,2025-10-24 14:35:10,98.89,3004,98.84,U
sh688668,鼎通科技,2025-10-24 14:35:13,98.93,3261,98.89,U
sh688668,鼎通科技,2025-10-24 14:35:16,98.95,2248,98.93,U
sh688668,鼎通科技,2025-10-24 14:35:28,98.94,5030,98.94,D
sh688668,鼎通科技,2025-10-24 14:35:31,98.94,3000,98.94,D
sh688668,鼎通科技,2025-10-24 14:35:43,98.93,7440,98.94,D
sh688668,鼎通科技,2025-10-24 14:36:10,98.85,5000,98.9,D
sh688668,鼎通科技,2025-10-24 14:36:16,98.8,5380,98.85,D
sh688668,鼎通科技,2025-10-24 14:36:25,98.66,3804,98.8,D
sh688668,鼎通科技,2025-10-24 14:36:55,98.78,3451,98.8,D
sh688668,鼎通科技,2025-10-24 14:37:46,98.86,6196,98.86,U
sh688668,鼎通科技,2025-10-24 14:37:58,98.91,2366,98.9,U
sh688668,鼎通科技,2025-10-24 14:38:13,98.94,2810,98.92,U
sh688668,鼎通科技,2025-10-24 14:38:16,98.94,2581,98.94,U
sh688668,鼎通科技,2025-10-24 14:38:19,98.94,4644,98.94,U
sh688668,鼎通科技,2025-10-24 14:38:31,98.93,2405,98.94,D
sh688668,鼎通科技,2025-10-24 14:38:40,98.92,2395,98.92,D
sh688668,鼎通科技,2025-10-24 14:39:16,98.92,4092,98.92,U
sh688668,鼎通科技,2025-10-24 14:39:31,98.92,2392,98.96,D
sh688668,鼎通科技,2025-10-24 14:40:04,98.84,5045,98.89,D
sh688668,鼎通科技,2025-10-24 14:40:19,98.81,2298,98.71,U
sh688668,鼎通科技,2025-10-24 14:40:25,98.88,4100,98.8,U
sh688668,鼎通科技,2025-10-24 14:40:34,98.71,2511,98.88,D
sh688668,鼎通科技,2025-10-24 14:40:40,98.87,4496,98.73,E
sh688668,鼎通科技,2025-10-24 14:41:01,98.85,6634,98.78,E
sh688668,鼎通科技,2025-10-24 14:41:04,98.89,3530,98.85,U
sh688668,鼎通科技,2025-10-24 14:41:10,98.9,2292,98.89,U
sh688668,鼎通科技,2025-10-24 14:41:13,98.91,3929,98.9,U
sh688668,鼎通科技,2025-10-24 14:41:16,98.9,4205,98.91,D
sh688668,鼎通科技,2025-10-24 14:41:40,98.91,2167,98.91,U
sh688668,鼎通科技,2025-10-24 14:41:55,98.9,2772,98.91,D
sh688668,鼎通科技,2025-10-24 14:42:01,98.91,4929,98.9,U
sh688668,鼎通科技,2025-10-24 14:42:13,98.93,4133,98.92,U
sh688668,鼎通科技,2025-10-24 14:42:49,98.91,2551,98.9,U
sh688668,鼎通科技,2025-10-24 14:42:58,98.9,2041,98.9,D
sh688668,鼎通科技,2025-10-24 14:43:16,98.8,3104,98.88,D
sh688668,鼎通科技,2025-10-24 14:44:01,98.83,2197,98.78,U
sh688668,鼎通科技,2025-10-24 14:44:10,98.79,2508,98.83,U
sh688668,鼎通科技,2025-10-24 14:44:13,98.83,2600,98.79,U
sh688668,鼎通科技,2025-10-24 14:44:16,98.83,2205,98.83,D
sh688668,鼎通科技,2025-10-24 14:44:25,98.83,2336,98.83,U
sh688668,鼎通科技,2025-10-24 14:44:28,98.83,5668,98.83,U
sh688668,鼎通科技,2025-10-24 14:44:31,98.83,5517,98.83,D
sh688668,鼎通科技,2025-10-24 14:44:43,98.87,3993,98.87,D
sh688668,鼎通科技,2025-10-24 14:44:46,98.87,3562,98.87,D
sh688668,鼎通科技,2025-10-24 14:44:49,98.9,4577,98.87,U
sh688668,鼎通科技,2025-10-24 14:44:52,98.9,2241,98.9,U
sh688668,鼎通科技,2025-10-24 14:45:04,98.9,9875,98.9,D
sh688668,鼎通科技,2025-10-24 14:45:13,98.91,2604,98.91,D
sh688668,鼎通科技,2025-10-24 14:45:37,98.91,2345,98.91,U
sh688668,鼎通科技,2025-10-24 14:46:01,98.91,3473,98.9,U
sh688668,鼎通科技,2025-10-24 14:46:16,98.9,3051,98.88,U
sh688668,鼎通科技,2025-10-24 14:46:43,98.85,3700,98.86,U
sh688668,鼎通科技,2025-10-24 14:46:52,98.83,2252,98.85,D
sh688668,鼎通科技,2025-10-24 14:46:55,98.83,3204,98.83,D
sh688668,鼎通科技,2025-10-24 14:47:13,98.85,2994,98.84,U
sh688668,鼎通科技,2025-10-24 14:47:31,98.84,2827,98.84,D
sh688668,鼎通科技,2025-10-24 14:47:55,98.85,15000,98.8,U
sh688668,鼎通科技,2025-10-24 14:48:01,98.85,14019,98.81,U
sh688668,鼎通科技,2025-10-24 14:48:04,98.85,7087,98.85,U
sh688668,鼎通科技,2025-10-24 14:48:07,98.86,3182,98.85,U
sh688668,鼎通科技,2025-10-24 14:48:10,98.86,4588,98.86,U
sh688668,鼎通科技,2025-10-24 14:48:16,98.86,3495,98.88,D
sh688668,鼎通科技,2025-10-24 14:48:22,98.9,15679,98.89,U
sh688668,鼎通科技,2025-10-24 14:48:25,98.9,7230,98.9,U
sh688668,鼎通科技,2025-10-24 14:48:31,98.9,5551,98.9,D
sh688668,鼎通科技,2025-10-24 14:48:34,98.9,5434,98.9,U
sh688668,鼎通科技,2025-10-24 14:48:37,98.91,6683,98.9,U
sh688668,鼎通科技,2025-10-24 14:48:43,98.9,3054,98.91,D
sh688668,鼎通科技,2025-10-24 14:48:46,98.91,2801,98.9,U
sh688668,鼎通科技,2025-10-24 14:48:52,98.94,20773,98.91,U
sh688668,鼎通科技,2025-10-24 14:48:55,98.95,5677,98.94,U
sh688668,鼎通科技,2025-10-24 14:48:58,98.96,9097,98.95,U
sh688668,鼎通科技,2025-10-24 14:49:01,98.95,2117,98.96,E
sh688668,鼎通科技,2025-10-24 14:49:04,98.96,7998,98.95,U
sh688668,鼎通科技,2025-10-24 14:49:22,98.91,6009,98.95,D
sh688668,鼎通科技,2025-10-24 14:49:37,99.0,49639,98.9,U
sh688668,鼎通科技,2025-10-24 14:49:40,98.95,2732,99.0,E
sh688668,鼎通科技,2025-10-24 14:50:01,99.0,16996,98.99,U
sh688668,鼎通科技,2025-10-24 14:50:04,99.0,2880,99.0,U
sh688668,鼎通科技,2025-10-24 14:50:10,99.0,8788,98.94,U
sh688668,鼎通科技,2025-10-24 14:50:22,99.0,8283,98.95,U
sh688668,鼎通科技,2025-10-24 14:50:25,99.0,2330,99.0,U
sh688668,鼎通科技,2025-10-24 14:50:34,98.99,2174,98.99,D
sh688668,鼎通科技,2025-10-24 14:50:37,99.0,16063,98.99,U
sh688668,鼎通科技,2025-10-24 14:50:40,99.0,7648,99.0,U
sh688668,鼎通科技,2025-10-24 14:51:01,98.95,7007,98.94,E
sh688668,鼎通科技,2025-10-24 14:51:04,98.92,5060,98.95,D
sh688668,鼎通科技,2025-10-24 14:51:07,98.93,2439,98.92,D
sh688668,鼎通科技,2025-10-24 14:51:10,98.92,3149,98.93,D
sh688668,鼎通科技,2025-10-24 14:51:43,98.88,9506,98.88,D
sh688668,鼎通科技,2025-10-24 14:51:46,98.88,5248,98.88,D
sh688668,鼎通科技,2025-10-24 14:51:58,98.86,4252,98.88,D
sh688668,鼎通科技,2025-10-24 14:52:16,98.9,2602,98.9,U
sh688668,鼎通科技,2025-10-24 14:52:19,98.89,3111,98.9,D
sh688668,鼎通科技,2025-10-24 14:52:31,98.85,5000,98.88,D
sh688668,鼎通科技,2025-10-24 14:52:37,98.85,4417,98.85,D
sh688668,鼎通科技,2025-10-24 14:52:43,98.8,4169,98.83,D
sh688668,鼎通科技,2025-10-24 14:53:01,98.8,5325,98.78,U
sh688668,鼎通科技,2025-10-24 14:53:04,98.79,2693,98.8,E
sh688668,鼎通科技,2025-10-24 14:53:07,98.79,5896,98.79,U
sh688668,鼎通科技,2025-10-24 14:53:10,98.81,3072,98.79,D
sh688668,鼎通科技,2025-10-24 14:53:16,98.79,2872,98.81,D
sh688668,鼎通科技,2025-10-24 14:53:31,98.7,3785,98.7,D
sh688668,鼎通科技,2025-10-24 14:53:34,98.76,5711,98.7,U
sh688668,鼎通科技,2025-10-24 14:53:43,98.73,3670,98.72,D
sh688668,鼎通科技,2025-10-24 14:53:46,98.72,2292,98.73,D
sh688668,鼎通科技,2025-10-24 14:53:52,98.73,2152,98.74,D
sh688668,鼎通科技,2025-10-24 14:53:55,98.72,3022,98.73,D
sh688668,鼎通科技,2025-10-24 14:54:01,98.74,11421,98.73,U
sh688668,鼎通科技,2025-10-24 14:54:19,98.74,2451,98.73,D
sh688668,鼎通科技,2025-10-24 14:54:31,98.73,3861,98.74,D
sh688668,鼎通科技,2025-10-24 14:54:34,98.75,4787,98.73,U
sh688668,鼎通科技,2025-10-24 14:54:40,98.72,4005,98.73,D
sh688668,鼎通科技,2025-10-24 14:54:49,98.77,2955,98.72,U
sh688668,鼎通科技,2025-10-24 14:54:52,98.7,3605,98.77,D
sh688668,鼎通科技,2025-10-24 14:55:01,98.63,6552,98.62,E
sh688668,鼎通科技,2025-10-24 14:55:04,98.7,2288,98.63,U
sh688668,鼎通科技,2025-10-24 14:55:07,98.7,3341,98.7,U
sh688668,鼎通科技,2025-10-24 14:55:16,98.78,2985,98.77,U
sh688668,鼎通科技,2025-10-24 14:55:19,98.79,24502,98.78,U
sh688668,鼎通科技,2025-10-24 14:55:22,98.77,3078,98.79,E
sh688668,鼎通科技,2025-10-24 14:55:25,98.77,6850,98.77,U
sh688668,鼎通科技,2025-10-24 14:55:28,98.76,5400,98.77,U
sh688668,鼎通科技,2025-10-24 14:55:31,98.76,6190,98.76,D
sh688668,鼎通科技,2025-10-24 14:55:46,98.77,3105,98.78,D
sh688668,鼎通科技,2025-10-24 14:55:58,98.8,3003,98.79,U
sh688668,鼎通科技,2025-10-24 14:56:01,98.79,4274,98.8,D
sh688668,鼎通科技,2025-10-24 14:56:07,98.79,2972,98.8,D
sh688668,鼎通科技,2025-10-24 14:56:19,98.8,5283,98.79,U
sh688668,鼎通科技,2025-10-24 14:56:25,98.76,4008,98.78,D
sh688668,鼎通科技,2025-10-24 14:56:34,98.78,3170,98.76,U
sh688668,鼎通科技,2025-10-24 14:56:40,98.76,2450,98.76,D
sh688668,鼎通科技,2025-10-24 14:56:43,98.76,6211,98.76,D
sh688668,鼎通科技,2025-10-24 14:56:46,98.76,4723,98.76,U
sh688668,鼎通科技,2025-10-24 15:00:01,98.78,105052,98.75,U
