symbol,name,ticktime,price,volume,prev_price,kind
sh688668,鼎通科技,2025-09-15 09:25:03,107.9,45018,0.0,U
sh688668,鼎通科技,2025-09-15 09:30:01,107.58,2010,107.9,D
sh688668,鼎通科技,2025-09-15 09:30:04,107.5,3710,107.58,D
sh688668,鼎通科技,2025-09-15 09:30:07,107.66,16388,107.5,U
sh688668,鼎通科技,2025-09-15 09:30:10,107.0,11041,107.66,D
sh688668,鼎通科技,2025-09-15 09:30:13,106.98,6753,107.0,D
sh688668,鼎通科技,2025-09-15 09:30:16,107.0,5600,106.98,E
sh688668,鼎通科技,2025-09-15 09:30:19,106.9,10385,107.0,D
sh688668,鼎通科技,2025-09-15 09:30:22,106.51,9847,106.9,D
sh688668,鼎通科技,2025-09-15 09:30:25,106.8,3608,106.51,U
sh688668,鼎通科技,2025-09-15 09:30:28,106.11,5139,106.8,D
sh688668,鼎通科技,2025-09-15 09:30:31,106.29,2100,106.11,U
sh688668,鼎通科技,2025-09-15 09:30:34,106.02,12291,106.29,D
sh688668,鼎通科技,2025-09-15 09:30:37,105.91,13654,106.02,D
sh688668,鼎通科技,2025-09-15 09:30:40,105.55,6512,105.91,D
sh688668,鼎通科技,2025-09-15 09:30:43,105.45,6185,105.55,D
sh688668,鼎通科技,2025-09-15 09:30:46,105.28,7850,105.45,D
sh688668,鼎通科技,2025-09-15 09:30:49,105.1,14002,105.28,D
sh688668,鼎通科技,2025-09-15 09:30:52,105.0,18736,105.1,D
sh688668,鼎通科技,2025-09-15 09:30:55,104.97,10151,105.0,D
sh688668,鼎通科技,2025-09-15 09:30:58,104.68,13026,104.97,D
sh688668,鼎通科技,2025-09-15 09:31:01,104.18,6248,104.68,D
sh688668,鼎通科技,2025-09-15 09:31:04,104.1,21205,104.18,D
sh688668,鼎通科技,2025-09-15 09:31:07,104.02,15734,104.1,D
sh688668,鼎通科技,2025-09-15 09:31:10,103.9,6886,104.02,D
sh688668,鼎通科技,2025-09-15 09:31:13,103.95,11667,103.9,U
sh688668,鼎通科技,2025-09-15 09:31:16,103.96,19498,103.95,U
sh688668,鼎通科技,2025-09-15 09:31:19,103.68,14309,103.96,D
sh688668,鼎通科技,2025-09-15 09:31:22,103.85,14383,103.68,U
sh688668,鼎通科技,2025-09-15 09:31:25,103.91,28300,103.85,U
sh688668,鼎通科技,2025-09-15 09:31:28,103.68,23846,103.91,D
sh688668,鼎通科技,2025-09-15 09:31:31,103.68,12285,103.68,U
sh688668,鼎通科技,2025-09-15 09:31:34,103.69,17603,103.68,U
sh688668,鼎通科技,2025-09-15 09:31:37,103.84,21694,103.69,E
sh688668,鼎通科技,2025-09-15 09:31:40,103.91,12807,103.84,U
sh688668,鼎通科技,2025-09-15 09:31:43,103.84,15892,103.91,D
sh688668,鼎通科技,2025-09-15 09:31:46,103.95,8055,103.84,U
sh688668,鼎通科技,2025-09-15 09:31:49,103.9,15653,103.95,D
sh688668,鼎通科技,2025-09-15 09:31:52,103.9,11486,103.9,U
sh688668,鼎通科技,2025-09-15 09:31:55,103.9,17957,103.9,U
sh688668,鼎通科技,2025-09-15 09:31:58,103.85,13468,103.9,D
sh688668,鼎通科技,2025-09-15 09:32:01,103.8,19640,103.85,D
sh688668,鼎通科技,2025-09-15 09:32:04,103.67,11076,103.8,D
sh688668,鼎通科技,2025-09-15 09:32:07,103.67,19032,103.67,U
sh688668,鼎通科技,2025-09-15 09:32:10,103.97,13562,103.67,U
sh688668,鼎通科技,2025-09-15 09:32:13,104.0,7690,103.97,U
sh688668,鼎通科技,2025-09-15 09:32:16,104.0,8262,104.0,U
sh688668,鼎通科技,2025-09-15 09:32:19,104.0,16101,104.0,D
sh688668,鼎通科技,2025-09-15 09:32:22,104.03,13699,104.0,E
sh688668,鼎通科技,2025-09-15 09:32:25,104.09,2008,104.03,E
sh688668,鼎通科技,2025-09-15 09:32:28,104.65,2480,104.09,U
sh688668,鼎通科技,2025-09-15 09:32:31,104.11,12322,104.65,D
sh688668,鼎通科技,2025-09-15 09:32:34,104.68,1987,104.11,U
sh688668,鼎通科技,2025-09-15 09:32:37,104.66,4785,104.68,D
sh688668,鼎通科技,2025-09-15 09:32:40,105.0,10961,104.66,U
sh688668,鼎通科技,2025-09-15 09:32:43,105.0,4030,105.0,U
sh688668,鼎通科技,2025-09-15 09:32:46,105.0,5647,105.0,U
sh688668,鼎通科技,2025-09-15 09:32:49,105.0,4400,105.0,D
sh688668,鼎通科技,2025-09-15 09:32:52,105.33,2190,105.0,U
sh688668,鼎通科技,2025-09-15 09:32:55,105.2,3612,105.33,D
sh688668,鼎通科技,2025-09-15 09:32:58,105.87,8825,105.2,U
sh688668,鼎通科技,2025-09-15 09:33:01,105.61,5977,105.87,D
sh688668,鼎通科技,2025-09-15 09:33:07,105.17,5370,105.21,D
sh688668,鼎通科技,2025-09-15 09:33:10,105.16,5091,105.17,D
sh688668,鼎通科技,2025-09-15 09:33:13,105.2,26932,105.16,U
sh688668,鼎通科技,2025-09-15 09:33:16,105.0,8290,105.2,D
sh688668,鼎通科技,2025-09-15 09:33:19,104.81,11381,105.0,D
sh688668,鼎通科技,2025-09-15 09:33:22,104.8,6496,104.81,D
sh688668,鼎通科技,2025-09-15 09:33:25,105.0,4553,104.8,U
sh688668,鼎通科技,2025-09-15 09:33:28,104.95,3035,105.0,U
sh688668,鼎通科技,2025-09-15 09:33:31,105.02,5206,104.95,U
sh688668,鼎通科技,2025-09-15 09:33:34,105.55,4474,105.02,U
sh688668,鼎通科技,2025-09-15 09:33:37,105.55,3933,105.55,U
sh688668,鼎通科技,2025-09-15 09:33:40,105.39,11248,105.55,D
sh688668,鼎通科技,2025-09-15 09:33:43,105.57,4724,105.39,U
sh688668,鼎通科技,2025-09-15 09:33:46,105.55,4672,105.57,D
sh688668,鼎通科技,2025-09-15 09:33:49,105.85,6261,105.55,U
sh688668,鼎通科技,2025-09-15 09:33:55,105.61,10500,105.61,D
sh688668,鼎通科技,2025-09-15 09:33:58,105.99,6467,105.61,U
sh688668,鼎通科技,2025-09-15 09:34:01,105.61,11438,105.99,D
sh688668,鼎通科技,2025-09-15 09:34:04,105.87,5234,105.61,U
sh688668,鼎通科技,2025-09-15 09:34:07,105.56,17546,105.87,D
sh688668,鼎通科技,2025-09-15 09:34:10,105.48,6436,105.56,D
sh688668,鼎通科技,2025-09-15 09:34:13,105.44,3793,105.48,D
sh688668,鼎通科技,2025-09-15 09:34:16,105.48,11861,105.44,U
sh688668,鼎通科技,2025-09-15 09:34:19,105.55,4425,105.48,U
sh688668,鼎通科技,2025-09-15 09:34:22,105.54,10595,105.55,E
sh688668,鼎通科技,2025-09-15 09:34:25,105.52,9996,105.54,D
sh688668,鼎通科技,2025-09-15 09:34:31,105.74,4195,105.5,E
sh688668,鼎通科技,2025-09-15 09:34:34,105.56,16513,105.74,D
sh688668,鼎通科技,2025-09-15 09:34:37,105.52,2148,105.56,D
sh688668,鼎通科技,2025-09-15 09:34:46,105.5,3618,105.56,D
sh688668,鼎通科技,2025-09-15 09:34:49,105.56,3670,105.5,U
sh688668,鼎通科技,2025-09-15 09:34:52,105.56,1910,105.56,U
sh688668,鼎通科技,2025-09-15 09:34:55,105.56,2277,105.56,D
sh688668,鼎通科技,2025-09-15 09:35:01,105.7,4445,105.56,E
sh688668,鼎通科技,2025-09-15 09:35:04,105.55,2849,105.7,D
sh688668,鼎通科技,2025-09-15 09:35:07,105.55,5800,105.55,D
sh688668,鼎通科技,2025-09-15 09:35:13,105.7,9288,105.68,U
sh688668,鼎通科技,2025-09-15 09:35:16,105.55,5755,105.7,E
sh688668,鼎通科技,2025-09-15 09:35:22,105.38,5948,105.48,D
sh688668,鼎通科技,2025-09-15 09:35:25,105.29,4100,105.38,D
sh688668,鼎通科技,2025-09-15 09:35:28,105.3,3277,105.29,U
sh688668,鼎通科技,2025-09-15 09:35:31,105.39,4795,105.3,U
sh688668,鼎通科技,2025-09-15 09:35:34,105.56,11953,105.39,U
sh688668,鼎通科技,2025-09-15 09:35:37,105.56,9637,105.56,U
sh688668,鼎通科技,2025-09-15 09:35:43,105.55,3116,105.57,D
sh688668,鼎通科技,2025-09-15 09:35:46,105.3,12300,105.55,D
sh688668,鼎通科技,2025-09-15 09:35:49,105.01,12580,105.3,D
sh688668,鼎通科技,2025-09-15 09:35:52,105.29,7044,105.01,E
sh688668,鼎通科技,2025-09-15 09:35:58,105.48,5500,105.29,U
sh688668,鼎通科技,2025-09-15 09:36:01,105.03,19191,105.48,D
sh688668,鼎通科技,2025-09-15 09:36:04,105.03,13349,105.03,D
sh688668,鼎通科技,2025-09-15 09:36:07,105.1,2647,105.03,E
sh688668,鼎通科技,2025-09-15 09:36:10,105.1,5809,105.1,D
sh688668,鼎通科技,2025-09-15 09:36:13,105.1,1948,105.1,D
sh688668,鼎通科技,2025-09-15 09:36:16,105.04,4826,105.1,D
sh688668,鼎通科技,2025-09-15 09:36:22,105.19,9153,105.04,E
sh688668,鼎通科技,2025-09-15 09:36:25,105.06,5380,105.19,D
sh688668,鼎通科技,2025-09-15 09:36:28,105.2,7795,105.06,U
sh688668,鼎通科技,2025-09-15 09:36:31,105.48,5700,105.2,U
sh688668,鼎通科技,2025-09-15 09:36:34,105.2,11101,105.48,D
sh688668,鼎通科技,2025-09-15 09:36:43,105.18,6741,105.21,D
sh688668,鼎通科技,2025-09-15 09:36:49,105.22,7892,105.07,U
sh688668,鼎通科技,2025-09-15 09:36:52,105.2,13676,105.22,D
sh688668,鼎通科技,2025-09-15 09:36:55,105.04,4000,105.2,D
sh688668,鼎通科技,2025-09-15 09:36:58,105.2,3993,105.04,U
sh688668,鼎通科技,2025-09-15 09:37:01,105.36,9488,105.2,U
sh688668,鼎通科技,2025-09-15 09:37:04,105.05,7904,105.36,D
sh688668,鼎通科技,2025-09-15 09:37:07,105.13,8700,105.05,E
sh688668,鼎通科技,2025-09-15 09:37:16,105.44,23709,105.24,U
sh688668,鼎通科技,2025-09-15 09:37:19,105.2,2899,105.44,D
sh688668,鼎通科技,2025-09-15 09:37:22,105.36,2087,105.2,E
sh688668,鼎通科技,2025-09-15 09:37:28,105.36,2247,105.44,D
sh688668,鼎通科技,2025-09-15 09:37:37,105.36,2586,105.36,U
sh688668,鼎通科技,2025-09-15 09:37:43,105.27,11508,105.36,D
sh688668,鼎通科技,2025-09-15 09:37:46,105.45,6512,105.27,U
sh688668,鼎通科技,2025-09-15 09:37:49,105.4,9393,105.45,D
sh688668,鼎通科技,2025-09-15 09:37:58,105.6,3352,105.6,D
sh688668,鼎通科技,2025-09-15 09:38:07,105.99,6755,105.9,U
sh688668,鼎通科技,2025-09-15 09:38:10,105.91,3544,105.99,D
sh688668,鼎通科技,2025-09-15 09:38:13,106.0,3125,105.91,D
sh688668,鼎通科技,2025-09-15 09:38:16,106.06,2887,106.0,U
sh688668,鼎通科技,2025-09-15 09:38:25,106.11,2901,106.11,D
sh688668,鼎通科技,2025-09-15 09:38:31,106.22,3950,106.5,D
sh688668,鼎通科技,2025-09-15 09:38:34,106.11,18349,106.22,D
sh688668,鼎通科技,2025-09-15 09:38:37,106.14,3016,106.11,U
sh688668,鼎通科技,2025-09-15 09:38:49,106.5,5769,106.33,U
sh688668,鼎通科技,2025-09-15 09:38:55,106.64,5086,106.45,E
sh688668,鼎通科技,2025-09-15 09:38:58,106.5,3309,106.64,D
sh688668,鼎通科技,2025-09-15 09:39:01,106.5,10926,106.5,U
sh688668,鼎通科技,2025-09-15 09:39:07,106.57,7946,106.5,U
sh688668,鼎通科技,2025-09-15 09:39:10,106.65,1996,106.57,U
sh688668,鼎通科技,2025-09-15 09:39:13,106.64,3091,106.65,D
sh688668,鼎通科技,2025-09-15 09:39:25,106.92,6966,106.96,U
sh688668,鼎通科技,2025-09-15 09:39:28,106.9,14534,106.92,D
sh688668,鼎通科技,2025-09-15 09:39:31,106.95,2927,106.9,U
sh688668,鼎通科技,2025-09-15 09:39:37,106.99,6733,106.93,U
sh688668,鼎通科技,2025-09-15 09:39:40,106.97,7460,106.99,U
sh688668,鼎通科技,2025-09-15 09:39:43,106.9,11461,106.97,D
sh688668,鼎通科技,2025-09-15 09:39:49,106.95,9790,106.93,U
sh688668,鼎通科技,2025-09-15 09:39:52,106.95,5900,106.95,D
sh688668,鼎通科技,2025-09-15 09:39:55,106.91,4063,106.95,D
sh688668,鼎通科技,2025-09-15 09:40:04,106.89,3300,106.8,D
sh688668,鼎通科技,2025-09-15 09:40:07,106.93,3758,106.89,U
sh688668,鼎通科技,2025-09-15 09:40:16,106.6,11011,106.73,D
sh688668,鼎通科技,2025-09-15 09:40:25,106.51,3824,106.5,E
sh688668,鼎通科技,2025-09-15 09:40:31,106.5,3834,106.51,D
sh688668,鼎通科技,2025-09-15 09:40:37,106.28,2006,106.34,D
sh688668,鼎通科技,2025-09-15 09:40:43,106.22,3236,106.28,D
sh688668,鼎通科技,2025-09-15 09:40:46,106.34,7353,106.22,U
sh688668,鼎通科技,2025-09-15 09:40:49,106.45,3000,106.34,U
sh688668,鼎通科技,2025-09-15 09:40:52,106.21,1960,106.45,E
sh688668,鼎通科技,2025-09-15 09:40:55,106.34,2256,106.21,U
sh688668,鼎通科技,2025-09-15 09:41:04,106.18,2500,106.26,D
sh688668,鼎通科技,2025-09-15 09:41:13,106.21,4200,106.19,U
sh688668,鼎通科技,2025-09-15 09:41:19,106.28,10262,106.19,U
sh688668,鼎通科技,2025-09-15 09:41:28,106.19,2997,106.23,D
sh688668,鼎通科技,2025-09-15 09:41:31,106.19,11369,106.19,D
sh688668,鼎通科技,2025-09-15 09:41:34,106.19,5733,106.19,D
sh688668,鼎通科技,2025-09-15 09:41:43,106.02,2876,106.19,D
sh688668,鼎通科技,2025-09-15 09:41:58,105.88,4720,105.9,D
sh688668,鼎通科技,2025-09-15 09:42:01,105.89,4787,105.88,E
sh688668,鼎通科技,2025-09-15 09:42:04,106.02,5859,105.89,U
sh688668,鼎通科技,2025-09-15 09:42:07,105.88,9613,106.02,D
sh688668,鼎通科技,2025-09-15 09:42:13,106.02,2900,105.95,U
sh688668,鼎通科技,2025-09-15 09:42:16,105.96,3995,106.02,D
sh688668,鼎通科技,2025-09-15 09:42:28,105.88,10876,105.95,D
sh688668,鼎通科技,2025-09-15 09:42:31,105.88,5167,105.88,D
sh688668,鼎通科技,2025-09-15 09:42:34,105.95,3532,105.88,U
sh688668,鼎通科技,2025-09-15 09:42:46,105.88,8812,105.88,D
sh688668,鼎通科技,2025-09-15 09:42:52,105.9,2032,105.9,E
sh688668,鼎通科技,2025-09-15 09:43:01,105.8,10983,105.9,D
sh688668,鼎通科技,2025-09-15 09:43:16,105.75,2208,105.6,U
sh688668,鼎通科技,2025-09-15 09:43:19,105.75,2300,105.75,D
sh688668,鼎通科技,2025-09-15 09:43:25,105.38,21581,105.75,D
sh688668,鼎通科技,2025-09-15 09:43:37,105.49,3000,105.49,D
sh688668,鼎通科技,2025-09-15 09:43:40,105.45,3854,105.49,D
sh688668,鼎通科技,2025-09-15 09:43:43,105.61,5542,105.45,U
sh688668,鼎通科技,2025-09-15 09:43:46,105.79,2445,105.61,U
sh688668,鼎通科技,2025-09-15 09:43:49,105.79,3345,105.79,D
sh688668,鼎通科技,2025-09-15 09:43:52,105.79,3311,105.79,D
sh688668,鼎通科技,2025-09-15 09:43:58,105.6,3500,105.79,D
sh688668,鼎通科技,2025-09-15 09:44:01,105.4,2400,105.6,D
sh688668,鼎通科技,2025-09-15 09:44:07,105.6,9304,105.4,U
sh688668,鼎通科技,2025-09-15 09:44:10,105.55,2323,105.6,D
sh688668,鼎通科技,2025-09-15 09:44:16,105.51,3000,105.55,D
sh688668,鼎通科技,2025-09-15 09:44:19,105.59,2121,105.51,U
sh688668,鼎通科技,2025-09-15 09:44:22,105.65,17438,105.59,U
sh688668,鼎通科技,2025-09-15 09:44:28,105.65,2237,105.79,D
sh688668,鼎通科技,2025-09-15 09:44:31,106.0,28583,105.65,U
sh688668,鼎通科技,2025-09-15 09:44:40,105.79,3205,106.01,D
sh688668,鼎通科技,2025-09-15 09:44:49,105.79,2261,105.65,U
sh688668,鼎通科技,2025-09-15 09:44:52,105.66,3652,105.79,D
sh688668,鼎通科技,2025-09-15 09:44:55,105.65,5664,105.66,D
sh688668,鼎通科技,2025-09-15 09:45:01,105.52,4072,105.6,D
sh688668,鼎通科技,2025-09-15 09:45:04,105.4,6436,105.52,D
sh688668,鼎通科技,2025-09-15 09:45:07,105.39,2042,105.4,E
sh688668,鼎通科技,2025-09-15 09:45:10,105.38,19298,105.39,D
sh688668,鼎通科技,2025-09-15 09:45:22,105.32,2491,105.32,U
sh688668,鼎通科技,2025-09-15 09:45:25,105.23,2295,105.32,D
sh688668,鼎通科技,2025-09-15 09:45:34,105.22,4099,105.23,U
sh688668,鼎通科技,2025-09-15 09:45:40,105.16,7333,105.15,D
sh688668,鼎通科技,2025-09-15 09:45:49,105.1,3400,105.13,D
sh688668,鼎通科技,2025-09-15 09:45:52,105.02,3266,105.1,D
sh688668,鼎通科技,2025-09-15 09:45:55,105.01,3300,105.02,D
sh688668,鼎通科技,2025-09-15 09:45:58,105.01,4583,105.01,D
sh688668,鼎通科技,2025-09-15 09:46:04,105.01,8978,105.05,D
sh688668,鼎通科技,2025-09-15 09:46:07,105.01,2325,105.01,U
sh688668,鼎通科技,2025-09-15 09:46:10,105.01,12947,105.01,D
sh688668,鼎通科技,2025-09-15 09:46:13,105.01,2600,105.01,D
sh688668,鼎通科技,2025-09-15 09:46:19,105.05,8433,105.03,U
sh688668,鼎通科技,2025-09-15 09:46:22,105.01,5345,105.05,D
sh688668,鼎通科技,2025-09-15 09:46:25,105.03,1995,105.01,U
sh688668,鼎通科技,2025-09-15 09:46:37,105.08,12830,105.05,D
sh688668,鼎通科技,2025-09-15 09:46:40,105.08,3789,105.08,U
sh688668,鼎通科技,2025-09-15 09:46:46,105.06,18100,105.08,D
sh688668,鼎通科技,2025-09-15 09:46:55,105.07,4193,105.09,D
sh688668,鼎通科技,2025-09-15 09:47:01,105.08,5714,105.05,U
sh688668,鼎通科技,2025-09-15 09:47:04,105.1,2439,105.08,U
sh688668,鼎通科技,2025-09-15 09:47:07,105.5,13213,105.1,U
sh688668,鼎通科技,2025-09-15 09:47:16,105.5,3846,105.5,U
sh688668,鼎通科技,2025-09-15 09:47:22,105.24,2000,105.5,D
sh688668,鼎通科技,2025-09-15 09:47:25,105.55,3056,105.24,U
sh688668,鼎通科技,2025-09-15 09:47:28,105.5,6241,105.55,D
sh688668,鼎通科技,2025-09-15 09:47:31,105.65,2200,105.5,U
sh688668,鼎通科技,2025-09-15 09:47:40,105.31,2486,105.65,E
sh688668,鼎通科技,2025-09-15 09:47:43,105.65,3897,105.31,D
sh688668,鼎通科技,2025-09-15 09:47:46,105.3,11603,105.65,D
sh688668,鼎通科技,2025-09-15 09:47:52,105.65,4213,105.32,U
sh688668,鼎通科技,2025-09-15 09:47:55,105.32,2214,105.65,D
sh688668,鼎通科技,2025-09-15 09:48:04,105.32,12538,105.32,U
sh688668,鼎通科技,2025-09-15 09:48:07,105.3,3030,105.32,D
sh688668,鼎通科技,2025-09-15 09:48:10,105.31,4301,105.3,D
sh688668,鼎通科技,2025-09-15 09:48:13,105.31,2087,105.31,U
sh688668,鼎通科技,2025-09-15 09:48:16,105.3,6106,105.31,D
sh688668,鼎通科技,2025-09-15 09:48:19,105.26,5729,105.3,D
sh688668,鼎通科技,2025-09-15 09:48:25,105.31,5820,105.3,D
sh688668,鼎通科技,2025-09-15 09:48:49,105.36,7078,105.47,D
sh688668,鼎通科技,2025-09-15 09:48:58,105.35,2820,105.35,D
sh688668,鼎通科技,2025-09-15 09:49:01,105.58,2130,105.35,U
sh688668,鼎通科技,2025-09-15 09:49:04,105.58,9556,105.58,U
sh688668,鼎通科技,2025-09-15 09:49:07,105.34,5902,105.58,D
sh688668,鼎通科技,2025-09-15 09:49:10,105.37,2673,105.34,E
sh688668,鼎通科技,2025-09-15 09:49:13,105.3,2086,105.37,D
sh688668,鼎通科技,2025-09-15 09:49:16,105.37,5318,105.3,U
sh688668,鼎通科技,2025-09-15 09:49:19,105.35,4025,105.37,D
sh688668,鼎通科技,2025-09-15 09:49:22,105.35,3626,105.35,D
sh688668,鼎通科技,2025-09-15 09:49:25,105.38,4640,105.35,U
sh688668,鼎通科技,2025-09-15 09:49:28,105.38,8354,105.38,U
sh688668,鼎通科技,2025-09-15 09:49:31,105.36,6263,105.38,D
sh688668,鼎通科技,2025-09-15 09:49:34,105.34,3534,105.36,D
sh688668,鼎通科技,2025-09-15 09:49:37,105.34,3107,105.34,D
sh688668,鼎通科技,2025-09-15 09:49:40,105.35,5357,105.34,E
sh688668,鼎通科技,2025-09-15 09:49:43,105.34,5140,105.35,D
sh688668,鼎通科技,2025-09-15 09:49:49,105.3,6979,105.34,D
sh688668,鼎通科技,2025-09-15 09:49:55,105.26,8241,105.3,D
sh688668,鼎通科技,2025-09-15 09:49:58,105.25,7664,105.26,D
sh688668,鼎通科技,2025-09-15 09:50:07,105.23,3142,105.25,D
sh688668,鼎通科技,2025-09-15 09:50:10,105.23,11464,105.23,D
sh688668,鼎通科技,2025-09-15 09:50:13,105.22,5880,105.23,D
sh688668,鼎通科技,2025-09-15 09:50:16,105.72,27461,105.22,U
sh688668,鼎通科技,2025-09-15 09:50:19,105.36,8721,105.72,D
sh688668,鼎通科技,2025-09-15 09:50:22,105.44,9744,105.36,D
sh688668,鼎通科技,2025-09-15 09:50:25,105.73,7664,105.44,U
sh688668,鼎通科技,2025-09-15 09:50:28,105.45,3976,105.73,D
sh688668,鼎通科技,2025-09-15 09:50:31,105.36,3500,105.45,E
sh688668,鼎通科技,2025-09-15 09:50:34,105.24,11902,105.36,D
sh688668,鼎通科技,2025-09-15 09:50:37,105.24,9844,105.24,U
sh688668,鼎通科技,2025-09-15 09:50:40,105.23,7462,105.24,D
sh688668,鼎通科技,2025-09-15 09:50:43,105.24,4852,105.23,E
sh688668,鼎通科技,2025-09-15 09:50:46,105.24,5616,105.24,D
sh688668,鼎通科技,2025-09-15 09:50:49,105.22,5688,105.24,D
sh688668,鼎通科技,2025-09-15 09:50:52,105.18,10187,105.22,D
sh688668,鼎通科技,2025-09-15 09:50:58,105.16,7393,105.18,D
sh688668,鼎通科技,2025-09-15 09:51:01,105.1,2047,105.16,D
sh688668,鼎通科技,2025-09-15 09:51:04,105.09,7574,105.1,D
sh688668,鼎通科技,2025-09-15 09:51:07,105.14,14528,105.09,U
sh688668,鼎通科技,2025-09-15 09:51:10,105.1,13788,105.14,D
sh688668,鼎通科技,2025-09-15 09:51:13,105.03,8204,105.1,D
sh688668,鼎通科技,2025-09-15 09:51:19,105.13,12943,105.03,U
sh688668,鼎通科技,2025-09-15 09:51:22,105.29,18258,105.13,U
sh688668,鼎通科技,2025-09-15 09:51:25,105.15,9610,105.29,D
sh688668,鼎通科技,2025-09-15 09:51:31,105.3,3706,105.15,E
sh688668,鼎通科技,2025-09-15 09:51:34,105.15,5525,105.3,D
sh688668,鼎通科技,2025-09-15 09:51:37,105.08,6856,105.15,D
sh688668,鼎通科技,2025-09-15 09:51:40,105.04,3171,105.08,D
sh688668,鼎通科技,2025-09-15 09:51:43,105.04,13539,105.04,U
sh688668,鼎通科技,2025-09-15 09:51:46,105.01,14086,105.04,D
sh688668,鼎通科技,2025-09-15 09:51:49,105.03,4006,105.01,U
sh688668,鼎通科技,2025-09-15 09:51:52,105.0,10703,105.03,D
sh688668,鼎通科技,2025-09-15 09:51:55,105.0,25836,105.0,D
sh688668,鼎通科技,2025-09-15 09:52:04,104.92,6783,104.93,D
sh688668,鼎通科技,2025-09-15 09:52:13,104.88,15901,104.89,D
sh688668,鼎通科技,2025-09-15 09:52:16,104.87,9100,104.88,D
sh688668,鼎通科技,2025-09-15 09:52:19,104.81,3403,104.87,D
sh688668,鼎通科技,2025-09-15 09:52:22,104.87,5176,104.81,U
sh688668,鼎通科技,2025-09-15 09:52:25,105.03,35737,104.87,U
sh688668,鼎通科技,2025-09-15 09:52:28,105.03,4068,105.03,D
sh688668,鼎通科技,2025-09-15 09:52:31,105.03,6516,105.03,D
sh688668,鼎通科技,2025-09-15 09:52:34,105.04,9322,105.03,D
sh688668,鼎通科技,2025-09-15 09:52:37,105.04,3668,105.04,D
sh688668,鼎通科技,2025-09-15 09:52:40,105.04,3857,105.04,D
sh688668,鼎通科技,2025-09-15 09:52:43,105.05,5572,105.04,U
sh688668,鼎通科技,2025-09-15 09:52:46,105.04,2945,105.05,D
sh688668,鼎通科技,2025-09-15 09:52:49,105.03,7254,105.04,D
sh688668,鼎通科技,2025-09-15 09:52:55,105.04,4487,105.03,U
sh688668,鼎通科技,2025-09-15 09:53:01,105.0,2933,105.0,D
sh688668,鼎通科技,2025-09-15 09:53:04,105.0,9297,105.0,D
sh688668,鼎通科技,2025-09-15 09:53:07,105.0,4864,105.0,D
sh688668,鼎通科技,2025-09-15 09:53:10,105.01,5878,105.0,U
sh688668,鼎通科技,2025-09-15 09:53:13,105.0,2858,105.01,E
sh688668,鼎通科技,2025-09-15 09:53:16,105.52,14469,105.0,U
sh688668,鼎通科技,2025-09-15 09:53:19,105.57,4054,105.52,U
sh688668,鼎通科技,2025-09-15 09:53:22,105.57,4336,105.57,D
sh688668,鼎通科技,2025-09-15 09:53:25,105.58,3618,105.57,U
sh688668,鼎通科技,2025-09-15 09:53:31,105.66,8763,105.87,E
sh688668,鼎通科技,2025-09-15 09:53:37,105.66,2858,105.58,E
sh688668,鼎通科技,2025-09-15 09:53:40,105.58,5053,105.66,D
sh688668,鼎通科技,2025-09-15 09:53:43,105.58,3083,105.58,U
sh688668,鼎通科技,2025-09-15 09:53:46,105.99,3379,105.58,U
sh688668,鼎通科技,2025-09-15 09:53:49,105.61,3507,105.99,E
sh688668,鼎通科技,2025-09-15 09:53:55,105.65,3200,105.95,D
sh688668,鼎通科技,2025-09-15 09:53:58,105.95,2470,105.65,U
sh688668,鼎通科技,2025-09-15 09:54:04,105.95,2217,105.83,U
sh688668,鼎通科技,2025-09-15 09:54:28,105.61,4093,105.54,U
sh688668,鼎通科技,2025-09-15 09:54:31,105.58,3498,105.61,U
sh688668,鼎通科技,2025-09-15 09:54:34,105.61,4531,105.58,U
sh688668,鼎通科技,2025-09-15 09:54:37,105.34,2259,105.61,D
sh688668,鼎通科技,2025-09-15 09:54:49,105.54,3181,105.3,U
sh688668,鼎通科技,2025-09-15 09:55:07,105.42,6006,105.34,E
sh688668,鼎通科技,2025-09-15 09:55:10,105.34,1909,105.42,D
sh688668,鼎通科技,2025-09-15 09:55:13,105.55,2898,105.34,U
sh688668,鼎通科技,2025-09-15 09:55:19,105.35,3436,105.4,D
sh688668,鼎通科技,2025-09-15 09:55:25,105.41,2020,105.41,U
sh688668,鼎通科技,2025-09-15 09:55:55,105.53,2975,105.55,D
sh688668,鼎通科技,2025-09-15 09:56:01,105.55,9088,105.55,U
sh688668,鼎通科技,2025-09-15 09:56:04,105.42,2613,105.55,D
sh688668,鼎通科技,2025-09-15 09:56:13,105.54,6065,105.54,D
sh688668,鼎通科技,2025-09-15 09:56:31,105.34,3339,105.34,D
sh688668,鼎通科技,2025-09-15 09:56:43,105.3,2633,105.32,D
sh688668,鼎通科技,2025-09-15 09:56:49,105.0,16000,105.32,D
sh688668,鼎通科技,2025-09-15 09:56:52,105.0,3152,105.0,D
sh688668,鼎通科技,2025-09-15 09:56:55,105.01,34792,105.0,E
sh688668,鼎通科技,2025-09-15 09:57:04,105.0,2800,105.01,D
sh688668,鼎通科技,2025-09-15 09:57:07,105.0,3955,105.0,D
sh688668,鼎通科技,2025-09-15 09:57:10,105.01,15952,105.0,U
sh688668,鼎通科技,2025-09-15 09:57:13,105.01,9568,105.01,U
sh688668,鼎通科技,2025-09-15 09:57:16,105.01,7181,105.01,U
sh688668,鼎通科技,2025-09-15 09:57:19,104.96,7375,105.01,D
sh688668,鼎通科技,2025-09-15 09:57:22,104.8,20832,104.96,D
sh688668,鼎通科技,2025-09-15 09:57:25,104.74,7249,104.8,D
sh688668,鼎通科技,2025-09-15 09:57:28,104.68,4582,104.74,D
sh688668,鼎通科技,2025-09-15 09:57:31,104.67,3348,104.68,D
sh688668,鼎通科技,2025-09-15 09:57:34,104.69,3545,104.67,D
sh688668,鼎通科技,2025-09-15 09:57:37,104.65,5731,104.69,D
sh688668,鼎通科技,2025-09-15 09:57:40,104.6,4074,104.65,D
sh688668,鼎通科技,2025-09-15 09:57:43,104.6,4081,104.6,D
sh688668,鼎通科技,2025-09-15 09:57:46,104.6,1947,104.6,U
sh688668,鼎通科技,2025-09-15 09:57:49,104.6,2283,104.6,U
sh688668,鼎通科技,2025-09-15 09:58:07,104.61,3176,104.62,D
sh688668,鼎通科技,2025-09-15 09:58:10,104.61,7391,104.61,D
sh688668,鼎通科技,2025-09-15 09:58:13,104.61,9579,104.61,U
sh688668,鼎通科技,2025-09-15 09:58:16,104.6,15172,104.61,D
sh688668,鼎通科技,2025-09-15 09:58:19,104.53,4894,104.6,D
sh688668,鼎通科技,2025-09-15 09:58:34,104.5,2824,104.57,D
sh688668,鼎通科技,2025-09-15 09:58:43,104.58,8225,104.5,U
sh688668,鼎通科技,2025-09-15 09:58:46,104.57,2499,104.58,D
sh688668,鼎通科技,2025-09-15 09:58:49,104.57,2013,104.57,D
sh688668,鼎通科技,2025-09-15 09:58:55,104.57,6567,104.57,D
sh688668,鼎通科技,2025-09-15 09:58:58,104.58,8217,104.57,U
sh688668,鼎通科技,2025-09-15 09:59:01,104.51,2175,104.58,D
sh688668,鼎通科技,2025-09-15 09:59:04,104.51,9136,104.51,D
sh688668,鼎通科技,2025-09-15 09:59:07,104.49,4964,104.51,D
sh688668,鼎通科技,2025-09-15 09:59:10,104.49,4448,104.49,U
sh688668,鼎通科技,2025-09-15 09:59:13,104.43,2197,104.49,E
sh688668,鼎通科技,2025-09-15 09:59:25,104.34,4600,104.36,D
sh688668,鼎通科技,2025-09-15 09:59:31,104.32,2876,104.34,D
sh688668,鼎通科技,2025-09-15 09:59:34,104.28,1990,104.32,D
sh688668,鼎通科技,2025-09-15 09:59:46,104.23,3878,104.25,D
sh688668,鼎通科技,2025-09-15 09:59:49,104.2,2400,104.23,D
sh688668,鼎通科技,2025-09-15 10:00:01,104.18,5757,104.11,U
sh688668,鼎通科技,2025-09-15 10:00:04,104.19,7600,104.18,U
sh688668,鼎通科技,2025-09-15 10:00:10,104.11,5671,104.13,D
sh688668,鼎通科技,2025-09-15 10:00:13,104.13,4021,104.11,U
sh688668,鼎通科技,2025-09-15 10:00:16,104.19,11837,104.13,U
sh688668,鼎通科技,2025-09-15 10:00:19,104.22,15785,104.19,U
sh688668,鼎通科技,2025-09-15 10:00:22,104.28,13284,104.22,U
sh688668,鼎通科技,2025-09-15 10:00:25,104.2,14059,104.28,D
sh688668,鼎通科技,2025-09-15 10:00:34,104.33,2547,104.27,U
sh688668,鼎通科技,2025-09-15 10:00:37,104.36,2062,104.33,U
sh688668,鼎通科技,2025-09-15 10:00:43,104.36,2928,104.35,U
sh688668,鼎通科技,2025-09-15 10:00:52,104.48,2000,104.48,U
sh688668,鼎通科技,2025-09-15 10:00:58,104.49,3061,104.48,U
sh688668,鼎通科技,2025-09-15 10:01:01,104.58,4112,104.49,U
sh688668,鼎通科技,2025-09-15 10:01:04,104.62,6557,104.58,U
sh688668,鼎通科技,2025-09-15 10:01:07,104.76,5356,104.62,U
sh688668,鼎通科技,2025-09-15 10:01:22,104.66,6021,104.62,U
sh688668,鼎通科技,2025-09-15 10:01:25,104.62,2834,104.66,D
sh688668,鼎通科技,2025-09-15 10:01:46,104.48,2026,104.48,U
sh688668,鼎通科技,2025-09-15 10:02:01,104.33,4235,104.41,D
sh688668,鼎通科技,2025-09-15 10:02:04,104.33,2400,104.33,U
sh688668,鼎通科技,2025-09-15 10:02:16,104.22,4764,104.22,U
sh688668,鼎通科技,2025-09-15 10:02:19,104.2,2031,104.22,E
sh688668,鼎通科技,2025-09-15 10:02:28,104.2,9581,104.19,U
sh688668,鼎通科技,2025-09-15 10:02:31,104.25,7797,104.2,U
sh688668,鼎通科技,2025-09-15 10:02:37,104.21,6654,104.25,D
sh688668,鼎通科技,2025-09-15 10:02:40,104.2,6566,104.21,D
sh688668,鼎通科技,2025-09-15 10:02:49,104.25,5200,104.25,U
sh688668,鼎通科技,2025-09-15 10:02:55,104.2,2059,104.25,D
sh688668,鼎通科技,2025-09-15 10:03:07,104.13,4540,104.19,D
sh688668,鼎通科技,2025-09-15 10:03:16,104.18,2728,104.16,U
sh688668,鼎通科技,2025-09-15 10:03:31,104.17,15152,104.11,U
sh688668,鼎通科技,2025-09-15 10:03:37,104.2,5161,104.17,U
sh688668,鼎通科技,2025-09-15 10:03:40,104.26,5064,104.2,U
sh688668,鼎通科技,2025-09-15 10:03:43,104.3,5032,104.26,E
sh688668,鼎通科技,2025-09-15 10:03:46,104.36,5329,104.3,U
sh688668,鼎通科技,2025-09-15 10:03:49,104.53,8146,104.36,U
sh688668,鼎通科技,2025-09-15 10:03:52,104.65,4581,104.53,U
sh688668,鼎通科技,2025-09-15 10:03:58,104.73,4168,104.66,U
sh688668,鼎通科技,2025-09-15 10:04:01,104.95,3646,104.73,U
sh688668,鼎通科技,2025-09-15 10:04:16,104.92,2522,104.93,D
sh688668,鼎通科技,2025-09-15 10:04:22,104.92,1917,104.77,U
sh688668,鼎通科技,2025-09-15 10:04:31,105.0,3377,104.93,U
sh688668,鼎通科技,2025-09-15 10:04:55,105.0,3954,105.01,D
sh688668,鼎通科技,2025-09-15 10:05:01,105.02,10975,105.0,U
sh688668,鼎通科技,2025-09-15 10:05:04,104.92,3134,105.02,D
sh688668,鼎通科技,2025-09-15 10:05:28,104.78,6349,104.78,U
sh688668,鼎通科技,2025-09-15 10:05:31,104.78,2826,104.78,D
sh688668,鼎通科技,2025-09-15 10:06:04,104.89,2200,104.87,U
sh688668,鼎通科技,2025-09-15 10:06:07,104.98,4877,104.89,U
sh688668,鼎通科技,2025-09-15 10:06:10,104.96,5994,104.98,D
sh688668,鼎通科技,2025-09-15 10:06:13,104.96,3049,104.96,D
sh688668,鼎通科技,2025-09-15 10:06:19,105.22,1946,105.22,U
sh688668,鼎通科技,2025-09-15 10:06:22,104.97,4943,105.22,D
sh688668,鼎通科技,2025-09-15 10:06:25,104.97,4325,104.97,U
sh688668,鼎通科技,2025-09-15 10:06:28,104.97,2708,104.97,U
sh688668,鼎通科技,2025-09-15 10:06:31,104.96,2681,104.97,D
sh688668,鼎通科技,2025-09-15 10:06:58,104.89,5505,104.96,D
sh688668,鼎通科技,2025-09-15 10:07:19,104.8,2209,104.8,D
sh688668,鼎通科技,2025-09-15 10:07:31,104.78,3452,104.78,D
sh688668,鼎通科技,2025-09-15 10:07:43,104.78,9291,104.77,U
sh688668,鼎通科技,2025-09-15 10:07:46,104.8,5842,104.78,U
sh688668,鼎通科技,2025-09-15 10:07:55,104.78,2000,104.8,D
sh688668,鼎通科技,2025-09-15 10:08:22,104.77,2848,104.74,U
sh688668,鼎通科技,2025-09-15 10:08:37,104.78,1929,104.78,U
sh688668,鼎通科技,2025-09-15 10:08:43,104.75,2223,104.77,D
sh688668,鼎通科技,2025-09-15 10:08:52,104.75,4805,104.75,U
sh688668,鼎通科技,2025-09-15 10:08:55,104.75,3824,104.75,U
sh688668,鼎通科技,2025-09-15 10:09:13,104.67,3934,104.73,D
sh688668,鼎通科技,2025-09-15 10:09:16,104.66,2606,104.67,D
sh688668,鼎通科技,2025-09-15 10:09:19,104.73,10517,104.66,D
sh688668,鼎通科技,2025-09-15 10:09:22,104.9,4407,104.73,U
sh688668,鼎通科技,2025-09-15 10:09:28,104.9,4491,104.92,D
sh688668,鼎通科技,2025-09-15 10:09:31,104.91,3122,104.9,E
sh688668,鼎通科技,2025-09-15 10:09:34,105.0,3140,104.91,E
sh688668,鼎通科技,2025-09-15 10:09:37,105.03,6359,105.0,U
sh688668,鼎通科技,2025-09-15 10:09:40,104.9,4431,105.03,D
sh688668,鼎通科技,2025-09-15 10:09:52,104.92,2657,105.0,D
sh688668,鼎通科技,2025-09-15 10:10:04,104.87,2138,104.82,D
sh688668,鼎通科技,2025-09-15 10:10:07,105.0,3692,104.87,U
sh688668,鼎通科技,2025-09-15 10:10:13,104.9,2508,104.83,E
sh688668,鼎通科技,2025-09-15 10:10:16,104.9,5394,104.9,U
sh688668,鼎通科技,2025-09-15 10:10:19,104.9,3475,104.9,U
sh688668,鼎通科技,2025-09-15 10:10:25,104.86,3014,104.84,E
sh688668,鼎通科技,2025-09-15 10:10:40,104.84,1968,104.99,D
sh688668,鼎通科技,2025-09-15 10:10:46,104.99,4882,104.9,U
sh688668,鼎通科技,2025-09-15 10:10:49,104.99,2232,104.99,D
sh688668,鼎通科技,2025-09-15 10:11:25,104.99,2956,104.98,U
sh688668,鼎通科技,2025-09-15 10:11:28,104.99,2875,104.99,D
sh688668,鼎通科技,2025-09-15 10:11:31,104.99,3225,104.99,D
sh688668,鼎通科技,2025-09-15 10:11:34,105.0,4504,104.99,U
sh688668,鼎通科技,2025-09-15 10:11:37,104.98,2489,105.0,D
sh688668,鼎通科技,2025-09-15 10:11:40,105.0,2373,104.98,E
sh688668,鼎通科技,2025-09-15 10:11:46,105.0,2684,105.02,D
sh688668,鼎通科技,2025-09-15 10:11:49,104.95,12607,105.0,D
sh688668,鼎通科技,2025-09-15 10:11:52,104.95,2565,104.95,D
sh688668,鼎通科技,2025-09-15 10:12:01,104.9,5366,105.0,D
sh688668,鼎通科技,2025-09-15 10:12:16,104.78,2332,104.84,D
sh688668,鼎通科技,2025-09-15 10:12:22,104.68,2741,104.75,D
sh688668,鼎通科技,2025-09-15 10:12:55,104.5,2000,104.51,D
sh688668,鼎通科技,2025-09-15 10:13:01,104.5,2156,104.5,D
sh688668,鼎通科技,2025-09-15 10:13:52,104.37,2800,104.37,D
sh688668,鼎通科技,2025-09-15 10:14:04,104.36,7170,104.37,D
sh688668,鼎通科技,2025-09-15 10:14:16,104.35,5824,104.36,D
sh688668,鼎通科技,2025-09-15 10:14:19,104.3,3500,104.35,D
sh688668,鼎通科技,2025-09-15 10:14:43,104.28,3531,104.27,U
sh688668,鼎通科技,2025-09-15 10:15:04,104.26,2863,104.24,U
sh688668,鼎通科技,2025-09-15 10:15:49,104.26,2829,104.26,D
sh688668,鼎通科技,2025-09-15 10:16:01,104.26,2456,104.27,D
sh688668,鼎通科技,2025-09-15 10:16:13,104.24,2509,104.26,E
sh688668,鼎通科技,2025-09-15 10:16:22,104.24,5977,104.27,D
sh688668,鼎通科技,2025-09-15 10:16:28,104.27,3015,104.23,U
sh688668,鼎通科技,2025-09-15 10:16:31,104.24,4199,104.27,D
sh688668,鼎通科技,2025-09-15 10:16:37,104.19,35154,104.22,D
sh688668,鼎通科技,2025-09-15 10:16:49,104.12,6192,104.12,U
sh688668,鼎通科技,2025-09-15 10:16:52,104.12,3418,104.12,D
sh688668,鼎通科技,2025-09-15 10:16:55,104.1,5778,104.12,D
sh688668,鼎通科技,2025-09-15 10:16:58,104.09,8040,104.1,D
sh688668,鼎通科技,2025-09-15 10:17:01,104.04,2214,104.09,D
sh688668,鼎通科技,2025-09-15 10:17:04,104.02,4500,104.04,D
sh688668,鼎通科技,2025-09-15 10:17:10,104.02,7721,104.03,E
sh688668,鼎通科技,2025-09-15 10:17:13,104.04,5703,104.02,U
sh688668,鼎通科技,2025-09-15 10:17:16,104.07,7782,104.04,U
sh688668,鼎通科技,2025-09-15 10:17:19,104.1,7356,104.07,U
sh688668,鼎通科技,2025-09-15 10:17:22,104.1,4811,104.1,U
sh688668,鼎通科技,2025-09-15 10:17:25,104.09,7372,104.1,U
sh688668,鼎通科技,2025-09-15 10:17:28,104.01,15488,104.09,D
sh688668,鼎通科技,2025-09-15 10:17:31,104.02,3527,104.01,D
sh688668,鼎通科技,2025-09-15 10:17:37,104.1,5500,104.09,U
sh688668,鼎通科技,2025-09-15 10:17:40,104.04,3660,104.1,E
sh688668,鼎通科技,2025-09-15 10:17:52,104.0,34084,104.1,D
sh688668,鼎通科技,2025-09-15 10:17:55,104.1,4961,104.0,D
sh688668,鼎通科技,2025-09-15 10:17:58,104.22,9615,104.1,U
sh688668,鼎通科技,2025-09-15 10:18:01,104.01,4283,104.22,D
sh688668,鼎通科技,2025-09-15 10:18:04,104.04,43383,104.01,U
sh688668,鼎通科技,2025-09-15 10:18:07,104.02,14117,104.04,D
sh688668,鼎通科技,2025-09-15 10:18:10,104.01,3914,104.02,D
sh688668,鼎通科技,2025-09-15 10:18:13,104.04,2801,104.01,U
sh688668,鼎通科技,2025-09-15 10:18:19,104.22,5083,104.04,U
sh688668,鼎通科技,2025-09-15 10:18:22,104.0,21930,104.22,D
sh688668,鼎通科技,2025-09-15 10:18:25,104.0,4814,104.0,D
sh688668,鼎通科技,2025-09-15 10:18:28,104.04,2684,104.0,E
sh688668,鼎通科技,2025-09-15 10:18:31,104.04,3643,104.04,D
sh688668,鼎通科技,2025-09-15 10:18:34,104.0,9833,104.04,D
sh688668,鼎通科技,2025-09-15 10:18:58,104.02,8147,104.06,D
sh688668,鼎通科技,2025-09-15 10:19:04,104.29,4831,104.07,U
sh688668,鼎通科技,2025-09-15 10:19:10,104.31,3942,104.29,U
sh688668,鼎通科技,2025-09-15 10:19:13,104.39,18504,104.31,U
sh688668,鼎通科技,2025-09-15 10:19:16,104.38,5822,104.39,D
sh688668,鼎通科技,2025-09-15 10:19:37,104.41,2015,104.4,E
sh688668,鼎通科技,2025-09-15 10:19:40,104.51,11388,104.41,U
sh688668,鼎通科技,2025-09-15 10:19:46,104.51,2620,104.4,E
sh688668,鼎通科技,2025-09-15 10:20:25,104.05,2351,104.28,D
sh688668,鼎通科技,2025-09-15 10:20:28,104.28,3144,104.05,U
sh688668,鼎通科技,2025-09-15 10:20:31,104.28,4355,104.28,D
sh688668,鼎通科技,2025-09-15 10:20:34,104.05,2074,104.28,D
sh688668,鼎通科技,2025-09-15 10:20:55,104.02,2466,104.06,D
sh688668,鼎通科技,2025-09-15 10:21:04,104.0,3162,104.01,D
sh688668,鼎通科技,2025-09-15 10:21:10,104.01,2598,104.0,U
sh688668,鼎通科技,2025-09-15 10:21:13,104.0,1999,104.01,D
sh688668,鼎通科技,2025-09-15 10:21:19,104.0,9303,104.0,D
sh688668,鼎通科技,2025-09-15 10:21:25,104.02,4431,104.0,U
sh688668,鼎通科技,2025-09-15 10:21:34,104.0,3631,104.0,U
sh688668,鼎通科技,2025-09-15 10:21:55,104.0,3378,103.99,U
sh688668,鼎通科技,2025-09-15 10:21:58,103.93,6935,104.0,D
sh688668,鼎通科技,2025-09-15 10:22:01,103.98,6494,103.93,U
sh688668,鼎通科技,2025-09-15 10:22:16,103.99,4637,103.98,U
sh688668,鼎通科技,2025-09-15 10:22:19,103.99,5684,103.99,U
sh688668,鼎通科技,2025-09-15 10:22:25,103.94,3055,103.95,D
sh688668,鼎通科技,2025-09-15 10:22:28,103.98,2051,103.94,U
sh688668,鼎通科技,2025-09-15 10:22:34,103.94,2944,103.94,U
sh688668,鼎通科技,2025-09-15 10:22:40,103.9,4585,103.94,D
sh688668,鼎通科技,2025-09-15 10:22:46,103.9,2844,103.91,D
sh688668,鼎通科技,2025-09-15 10:22:49,103.9,7189,103.9,D
sh688668,鼎通科技,2025-09-15 10:22:52,103.89,5708,103.9,D
sh688668,鼎通科技,2025-09-15 10:22:55,103.9,5240,103.89,U
sh688668,鼎通科技,2025-09-15 10:23:01,103.89,6122,103.88,U
sh688668,鼎通科技,2025-09-15 10:23:04,103.88,11817,103.89,D
sh688668,鼎通科技,2025-09-15 10:23:07,103.88,11400,103.88,D
sh688668,鼎通科技,2025-09-15 10:23:10,103.89,5138,103.88,U
sh688668,鼎通科技,2025-09-15 10:23:13,103.88,5654,103.89,D
sh688668,鼎通科技,2025-09-15 10:23:16,103.9,4143,103.88,U
sh688668,鼎通科技,2025-09-15 10:23:25,103.88,1933,103.89,D
sh688668,鼎通科技,2025-09-15 10:23:28,103.88,9731,103.88,D
sh688668,鼎通科技,2025-09-15 10:23:34,103.84,3500,103.85,D
sh688668,鼎通科技,2025-09-15 10:23:40,103.8,5112,103.84,D
sh688668,鼎通科技,2025-09-15 10:23:49,103.8,6309,103.8,D
sh688668,鼎通科技,2025-09-15 10:23:52,103.87,7065,103.8,U
sh688668,鼎通科技,2025-09-15 10:23:55,103.87,20064,103.87,U
sh688668,鼎通科技,2025-09-15 10:23:58,103.8,17832,103.87,D
sh688668,鼎通科技,2025-09-15 10:24:01,103.78,3587,103.8,D
sh688668,鼎通科技,2025-09-15 10:24:04,103.88,15733,103.78,U
sh688668,鼎通科技,2025-09-15 10:24:07,103.77,3933,103.88,D
sh688668,鼎通科技,2025-09-15 10:24:13,103.69,7416,103.88,D
sh688668,鼎通科技,2025-09-15 10:24:19,103.8,8023,103.69,U
sh688668,鼎通科技,2025-09-15 10:24:22,103.75,8894,103.8,U
sh688668,鼎通科技,2025-09-15 10:24:28,103.74,6113,103.68,U
sh688668,鼎通科技,2025-09-15 10:24:31,103.7,5709,103.74,E
sh688668,鼎通科技,2025-09-15 10:24:37,103.76,4747,103.74,U
sh688668,鼎通科技,2025-09-15 10:24:43,103.74,3355,103.67,U
sh688668,鼎通科技,2025-09-15 10:24:46,103.73,2486,103.74,E
sh688668,鼎通科技,2025-09-15 10:24:49,103.69,4445,103.73,D
sh688668,鼎通科技,2025-09-15 10:24:52,103.69,3548,103.69,U
sh688668,鼎通科技,2025-09-15 10:24:55,103.68,2491,103.69,D
sh688668,鼎通科技,2025-09-15 10:25:04,103.67,8298,103.68,D
sh688668,鼎通科技,2025-09-15 10:25:07,103.66,28613,103.67,D
sh688668,鼎通科技,2025-09-15 10:25:10,103.6,7885,103.66,E
sh688668,鼎通科技,2025-09-15 10:25:16,103.68,8127,103.59,U
sh688668,鼎通科技,2025-09-15 10:25:19,103.7,25559,103.68,U
sh688668,鼎通科技,2025-09-15 10:25:22,103.69,2678,103.7,D
sh688668,鼎通科技,2025-09-15 10:25:25,103.66,2880,103.69,D
sh688668,鼎通科技,2025-09-15 10:25:28,103.7,4435,103.66,U
sh688668,鼎通科技,2025-09-15 10:25:31,103.69,3350,103.7,E
sh688668,鼎通科技,2025-09-15 10:25:34,103.62,3977,103.69,D
sh688668,鼎通科技,2025-09-15 10:25:37,103.7,2066,103.62,U
sh688668,鼎通科技,2025-09-15 10:25:43,103.62,3989,103.7,D
sh688668,鼎通科技,2025-09-15 10:25:58,103.69,2777,103.66,U
sh688668,鼎通科技,2025-09-15 10:26:01,103.69,10151,103.69,U
sh688668,鼎通科技,2025-09-15 10:26:04,103.67,7052,103.69,E
sh688668,鼎通科技,2025-09-15 10:26:16,103.72,2023,103.67,U
sh688668,鼎通科技,2025-09-15 10:26:19,103.71,4058,103.72,E
sh688668,鼎通科技,2025-09-15 10:26:22,103.69,5623,103.71,D
sh688668,鼎通科技,2025-09-15 10:26:34,103.89,2269,103.89,U
sh688668,鼎通科技,2025-09-15 10:26:37,103.73,2235,103.89,D
sh688668,鼎通科技,2025-09-15 10:26:46,103.73,3389,103.75,D
sh688668,鼎通科技,2025-09-15 10:26:52,103.8,3282,103.8,U
sh688668,鼎通科技,2025-09-15 10:27:01,103.88,5235,103.88,U
sh688668,鼎通科技,2025-09-15 10:27:07,103.91,4776,103.88,U
sh688668,鼎通科技,2025-09-15 10:27:28,103.99,4629,103.99,D
sh688668,鼎通科技,2025-09-15 10:27:31,103.95,5660,103.99,U
sh688668,鼎通科技,2025-09-15 10:27:34,104.0,5178,103.95,U
sh688668,鼎通科技,2025-09-15 10:27:37,104.0,5901,104.0,U
sh688668,鼎通科技,2025-09-15 10:27:46,104.12,5263,104.13,U
sh688668,鼎通科技,2025-09-15 10:27:52,104.12,2006,104.12,U
sh688668,鼎通科技,2025-09-15 10:27:55,104.12,1984,104.12,U
sh688668,鼎通科技,2025-09-15 10:27:58,104.2,4114,104.12,U
sh688668,鼎通科技,2025-09-15 10:28:01,104.14,2195,104.2,D
sh688668,鼎通科技,2025-09-15 10:28:10,104.14,14125,104.13,U
sh688668,鼎通科技,2025-09-15 10:28:13,104.13,4158,104.14,D
sh688668,鼎通科技,2025-09-15 10:28:16,104.04,1955,104.13,D
sh688668,鼎通科技,2025-09-15 10:28:22,104.13,1989,104.13,U
sh688668,鼎通科技,2025-09-15 10:28:25,104.08,6031,104.13,U
sh688668,鼎通科技,2025-09-15 10:28:34,104.0,12835,104.07,D
sh688668,鼎通科技,2025-09-15 10:28:37,104.15,4181,104.0,U
sh688668,鼎通科技,2025-09-15 10:28:40,104.26,6108,104.15,U
sh688668,鼎通科技,2025-09-15 10:28:43,104.15,3451,104.26,D
sh688668,鼎通科技,2025-09-15 10:28:46,104.25,5313,104.15,U
sh688668,鼎通科技,2025-09-15 10:28:49,104.1,2324,104.25,E
sh688668,鼎通科技,2025-09-15 10:29:34,103.97,4390,103.99,D
sh688668,鼎通科技,2025-09-15 10:29:58,103.98,3464,103.98,U
sh688668,鼎通科技,2025-09-15 10:30:07,103.99,5286,103.98,U
sh688668,鼎通科技,2025-09-15 10:30:13,104.15,2945,103.98,U
sh688668,鼎通科技,2025-09-15 10:30:19,104.5,5712,104.16,U
sh688668,鼎通科技,2025-09-15 10:30:22,104.5,3034,104.5,D
sh688668,鼎通科技,2025-09-15 10:30:25,104.5,2783,104.5,U
sh688668,鼎通科技,2025-09-15 10:30:37,104.52,2954,104.48,U
sh688668,鼎通科技,2025-09-15 10:31:01,104.6,3940,104.58,U
sh688668,鼎通科技,2025-09-15 10:31:07,104.7,6178,104.62,U
sh688668,鼎通科技,2025-09-15 10:31:16,104.74,2892,104.65,U
sh688668,鼎通科技,2025-09-15 10:31:31,104.74,2946,104.7,U
sh688668,鼎通科技,2025-09-15 10:31:43,105.15,11313,104.88,U
sh688668,鼎通科技,2025-09-15 10:31:46,105.15,4673,105.15,D
sh688668,鼎通科技,2025-09-15 10:32:13,105.15,3559,105.19,D
sh688668,鼎通科技,2025-09-15 10:32:16,105.15,6348,105.15,D
sh688668,鼎通科技,2025-09-15 10:32:25,105.08,3993,105.0,U
sh688668,鼎通科技,2025-09-15 10:32:34,105.15,6031,105.0,U
sh688668,鼎通科技,2025-09-15 10:32:46,105.19,6426,104.9,U
sh688668,鼎通科技,2025-09-15 10:32:49,105.19,2208,105.19,D
sh688668,鼎通科技,2025-09-15 10:33:10,105.2,3400,105.36,D
sh688668,鼎通科技,2025-09-15 10:33:40,105.42,1943,105.35,U
sh688668,鼎通科技,2025-09-15 10:33:55,105.58,2880,105.57,U
sh688668,鼎通科技,2025-09-15 10:34:07,105.56,3025,105.56,U
sh688668,鼎通科技,2025-09-15 10:34:16,105.5,2059,105.56,U
sh688668,鼎通科技,2025-09-15 10:34:19,105.43,5242,105.5,E
sh688668,鼎通科技,2025-09-15 10:34:22,105.38,6402,105.43,D
sh688668,鼎通科技,2025-09-15 10:34:25,105.3,11677,105.38,D
sh688668,鼎通科技,2025-09-15 10:34:28,104.92,6079,105.3,D
sh688668,鼎通科技,2025-09-15 10:34:31,105.19,4083,104.92,U
sh688668,鼎通科技,2025-09-15 10:34:34,104.87,4642,105.19,D
sh688668,鼎通科技,2025-09-15 10:34:37,104.87,6067,104.87,D
sh688668,鼎通科技,2025-09-15 10:34:40,104.88,2258,104.87,U
sh688668,鼎通科技,2025-09-15 10:34:43,104.65,5116,104.88,D
sh688668,鼎通科技,2025-09-15 10:34:55,104.88,3172,104.87,D
sh688668,鼎通科技,2025-09-15 10:35:52,104.94,4498,104.95,E
sh688668,鼎通科技,2025-09-15 10:36:01,105.02,2616,104.97,U
sh688668,鼎通科技,2025-09-15 10:36:28,105.07,1923,105.05,D
sh688668,鼎通科技,2025-09-15 10:36:52,105.3,2174,105.3,U
sh688668,鼎通科技,2025-09-15 10:36:55,105.41,3152,105.3,U
sh688668,鼎通科技,2025-09-15 10:37:13,105.49,2161,105.5,E
sh688668,鼎通科技,2025-09-15 10:37:25,105.48,2700,105.49,D
sh688668,鼎通科技,2025-09-15 10:37:31,105.48,3534,105.49,E
sh688668,鼎通科技,2025-09-15 10:37:34,105.48,7018,105.48,U
sh688668,鼎通科技,2025-09-15 10:37:37,105.28,2883,105.48,D
sh688668,鼎通科技,2025-09-15 10:37:40,105.14,4352,105.28,D
sh688668,鼎通科技,2025-09-15 10:37:43,105.07,5326,105.14,D
sh688668,鼎通科技,2025-09-15 10:37:52,104.98,2250,105.0,D
sh688668,鼎通科技,2025-09-15 10:37:55,104.93,3240,104.98,D
sh688668,鼎通科技,2025-09-15 10:37:58,104.92,2009,104.93,U
sh688668,鼎通科技,2025-09-15 10:38:49,105.1,4792,105.1,U
sh688668,鼎通科技,2025-09-15 10:38:52,105.38,7811,105.1,U
sh688668,鼎通科技,2025-09-15 10:39:25,105.4,4763,105.37,U
sh688668,鼎通科技,2025-09-15 10:39:40,105.5,2091,105.55,D
sh688668,鼎通科技,2025-09-15 10:40:19,105.0,5889,105.1,D
sh688668,鼎通科技,2025-09-15 10:40:28,104.97,3935,104.99,D
sh688668,鼎通科技,2025-09-15 10:41:43,104.97,10329,105.02,D
sh688668,鼎通科技,2025-09-15 10:41:49,105.05,5244,104.97,U
sh688668,鼎通科技,2025-09-15 10:42:01,105.07,3000,104.88,U
sh688668,鼎通科技,2025-09-15 10:42:13,104.88,2485,104.88,D
sh688668,鼎通科技,2025-09-15 10:45:22,104.93,6095,104.93,U
sh688668,鼎通科技,2025-09-15 10:45:28,104.93,7043,104.94,D
sh688668,鼎通科技,2025-09-15 10:45:52,105.0,9600,104.96,U
sh688668,鼎通科技,2025-09-15 10:46:07,105.12,2200,105.1,U
sh688668,鼎通科技,2025-09-15 10:46:22,105.12,2300,105.2,D
sh688668,鼎通科技,2025-09-15 10:47:43,105.2,5434,105.2,D
sh688668,鼎通科技,2025-09-15 10:48:01,105.39,4662,105.37,U
sh688668,鼎通科技,2025-09-15 10:48:55,105.47,1900,105.48,D
sh688668,鼎通科技,2025-09-15 10:49:19,105.48,1999,105.47,U
sh688668,鼎通科技,2025-09-15 10:49:25,105.47,2171,105.49,D
sh688668,鼎通科技,2025-09-15 10:49:37,105.5,3780,105.39,U
sh688668,鼎通科技,2025-09-15 10:49:46,105.16,2736,105.21,D
sh688668,鼎通科技,2025-09-15 10:50:10,105.5,3054,105.17,U
sh688668,鼎通科技,2025-09-15 10:51:01,105.2,2852,105.49,D
sh688668,鼎通科技,2025-09-15 10:51:04,105.49,2999,105.2,U
sh688668,鼎通科技,2025-09-15 10:51:40,105.5,3059,105.48,U
sh688668,鼎通科技,2025-09-15 10:51:49,105.29,2214,105.29,D
sh688668,鼎通科技,2025-09-15 10:52:37,105.48,4057,105.47,U
sh688668,鼎通科技,2025-09-15 10:52:40,105.32,3967,105.48,D
sh688668,鼎通科技,2025-09-15 10:52:49,105.16,3851,105.47,D
sh688668,鼎通科技,2025-09-15 10:54:13,105.19,5919,105.32,D
sh688668,鼎通科技,2025-09-15 10:54:31,105.13,8231,105.18,D
sh688668,鼎通科技,2025-09-15 10:56:01,105.0,3316,105.0,D
sh688668,鼎通科技,2025-09-15 10:56:16,104.92,1961,104.95,D
sh688668,鼎通科技,2025-09-15 10:57:16,105.0,3223,105.0,D
sh688668,鼎通科技,2025-09-15 10:57:19,104.99,4464,105.0,D
sh688668,鼎通科技,2025-09-15 10:57:22,104.91,5426,104.99,D
sh688668,鼎通科技,2025-09-15 10:57:25,104.9,5156,104.91,D
sh688668,鼎通科技,2025-09-15 10:57:37,104.9,2345,104.88,U
sh688668,鼎通科技,2025-09-15 10:57:46,104.85,3576,104.88,D
sh688668,鼎通科技,2025-09-15 10:58:31,104.86,2085,104.86,D
sh688668,鼎通科技,2025-09-15 10:58:34,104.85,2026,104.86,D
sh688668,鼎通科技,2025-09-15 10:59:58,104.9,3032,104.9,U
sh688668,鼎通科技,2025-09-15 11:00:04,104.99,26219,104.9,U
sh688668,鼎通科技,2025-09-15 11:00:07,104.92,7693,104.99,D
sh688668,鼎通科技,2025-09-15 11:00:16,104.9,6333,104.99,D
sh688668,鼎通科技,2025-09-15 11:00:37,104.99,4331,105.0,D
sh688668,鼎通科技,2025-09-15 11:01:07,105.02,3038,105.02,U
sh688668,鼎通科技,2025-09-15 11:01:16,105.2,7968,105.03,U
sh688668,鼎通科技,2025-09-15 11:01:19,105.19,2100,105.2,D
sh688668,鼎通科技,2025-09-15 11:01:31,105.1,2875,105.19,E
sh688668,鼎通科技,2025-09-15 11:01:40,105.12,2321,105.12,U
sh688668,鼎通科技,2025-09-15 11:01:43,105.1,2300,105.12,D
sh688668,鼎通科技,2025-09-15 11:01:46,105.1,2013,105.1,U
sh688668,鼎通科技,2025-09-15 11:05:55,105.3,2981,105.25,U
sh688668,鼎通科技,2025-09-15 11:07:10,105.15,6796,105.26,D
sh688668,鼎通科技,2025-09-15 11:07:16,105.25,4277,105.13,U
sh688668,鼎通科技,2025-09-15 11:07:25,105.13,3000,105.13,D
sh688668,鼎通科技,2025-09-15 11:09:52,105.29,2499,105.3,D
sh688668,鼎通科技,2025-09-15 11:10:04,105.29,1935,105.3,D
sh688668,鼎通科技,2025-09-15 11:10:49,105.36,2221,105.31,U
sh688668,鼎通科技,2025-09-15 11:11:07,105.32,2499,105.31,D
sh688668,鼎通科技,2025-09-15 11:11:10,105.27,21440,105.32,D
sh688668,鼎通科技,2025-09-15 11:11:22,105.26,1956,105.27,D
sh688668,鼎通科技,2025-09-15 11:11:46,105.26,2487,105.26,D
sh688668,鼎通科技,2025-09-15 11:12:04,105.24,2149,105.26,D
sh688668,鼎通科技,2025-09-15 11:12:25,105.14,4967,105.2,D
sh688668,鼎通科技,2025-09-15 11:13:01,105.13,2412,105.13,D
sh688668,鼎通科技,2025-09-15 11:13:34,105.1,4360,105.11,D
sh688668,鼎通科技,2025-09-15 11:14:07,105.07,2352,105.06,E
sh688668,鼎通科技,2025-09-15 11:15:01,105.08,2916,105.09,D
sh688668,鼎通科技,2025-09-15 11:15:07,105.06,4523,105.08,D
sh688668,鼎通科技,2025-09-15 11:15:19,105.0,2040,105.02,D
sh688668,鼎通科技,2025-09-15 11:15:31,104.91,9411,104.92,D
sh688668,鼎通科技,2025-09-15 11:15:43,104.9,5582,104.91,D
sh688668,鼎通科技,2025-09-15 11:16:01,104.8,9512,104.89,D
sh688668,鼎通科技,2025-09-15 11:17:01,104.68,3374,104.7,D
sh688668,鼎通科技,2025-09-15 11:18:16,104.7,1989,104.7,U
sh688668,鼎通科技,2025-09-15 11:18:25,104.68,2000,104.7,D
sh688668,鼎通科技,2025-09-15 11:19:16,104.6,2590,104.66,D
sh688668,鼎通科技,2025-09-15 11:19:37,104.59,3100,104.59,D
sh688668,鼎通科技,2025-09-15 11:20:01,104.58,2200,104.59,D
sh688668,鼎通科技,2025-09-15 11:20:16,104.58,2414,104.58,U
sh688668,鼎通科技,2025-09-15 11:21:28,104.78,11450,104.65,U
sh688668,鼎通科技,2025-09-15 11:22:13,104.76,2652,104.77,D
sh688668,鼎通科技,2025-09-15 11:22:43,104.74,2000,104.77,D
sh688668,鼎通科技,2025-09-15 11:22:46,104.78,7048,104.74,U
sh688668,鼎通科技,2025-09-15 11:23:19,104.69,2558,104.68,U
sh688668,鼎通科技,2025-09-15 11:25:04,104.73,3578,104.76,D
sh688668,鼎通科技,2025-09-15 11:25:07,104.65,7325,104.73,D
sh688668,鼎通科技,2025-09-15 11:25:28,104.6,2893,104.6,D
sh688668,鼎通科技,2025-09-15 11:25:55,104.51,3929,104.51,U
sh688668,鼎通科技,2025-09-15 11:26:16,104.63,2394,104.62,E
sh688668,鼎通科技,2025-09-15 11:27:07,104.63,3848,104.75,D
sh688668,鼎通科技,2025-09-15 11:27:19,104.63,12900,104.63,U
sh688668,鼎通科技,2025-09-15 11:28:16,104.6,3200,104.66,D
sh688668,鼎通科技,2025-09-15 11:28:46,104.61,3846,104.61,D
sh688668,鼎通科技,2025-09-15 11:29:10,104.61,2800,104.6,U
sh688668,鼎通科技,2025-09-15 11:29:13,104.61,2086,104.61,U
sh688668,鼎通科技,2025-09-15 13:00:04,104.66,1929,104.66,U
sh688668,鼎通科技,2025-09-15 13:00:07,104.68,3727,104.66,E
sh688668,鼎通科技,2025-09-15 13:00:13,104.77,3123,104.74,U
sh688668,鼎通科技,2025-09-15 13:00:16,104.78,6441,104.77,U
sh688668,鼎通科技,2025-09-15 13:00:19,104.78,1925,104.78,U
sh688668,鼎通科技,2025-09-15 13:00:22,104.89,6400,104.78,U
sh688668,鼎通科技,2025-09-15 13:00:25,104.92,19047,104.89,U
sh688668,鼎通科技,2025-09-15 13:00:55,105.24,6806,105.26,D
sh688668,鼎通科技,2025-09-15 13:01:22,105.23,3303,105.22,D
sh688668,鼎通科技,2025-09-15 13:01:49,105.23,13451,105.24,D
sh688668,鼎通科技,2025-09-15 13:01:52,105.23,4616,105.23,D
sh688668,鼎通科技,2025-09-15 13:02:10,105.2,8024,105.23,U
sh688668,鼎通科技,2025-09-15 13:04:37,105.12,4875,105.1,U
sh688668,鼎通科技,2025-09-15 13:04:49,105.12,10063,105.12,D
sh688668,鼎通科技,2025-09-15 13:05:01,105.12,2079,105.12,D
sh688668,鼎通科技,2025-09-15 13:06:25,104.8,3140,105.0,D
sh688668,鼎通科技,2025-09-15 13:06:28,104.75,1920,104.8,E
sh688668,鼎通科技,2025-09-15 13:06:43,104.75,5179,104.87,D
sh688668,鼎通科技,2025-09-15 13:07:13,104.78,2959,104.77,D
sh688668,鼎通科技,2025-09-15 13:08:28,105.14,5855,105.05,U
sh688668,鼎通科技,2025-09-15 13:09:25,105.08,2680,105.13,E
sh688668,鼎通科技,2025-09-15 13:09:37,105.14,2452,105.12,U
sh688668,鼎通科技,2025-09-15 13:10:16,105.3,11326,105.19,U
sh688668,鼎通科技,2025-09-15 13:10:19,105.2,5738,105.3,D
sh688668,鼎通科技,2025-09-15 13:10:31,105.3,2470,105.3,U
sh688668,鼎通科技,2025-09-15 13:10:34,105.5,8780,105.3,U
sh688668,鼎通科技,2025-09-15 13:10:43,105.3,1974,105.36,D
sh688668,鼎通科技,2025-09-15 13:11:58,105.5,3552,105.49,U
sh688668,鼎通科技,2025-09-15 13:12:01,105.5,2394,105.5,D
sh688668,鼎通科技,2025-09-15 13:12:04,105.5,9251,105.5,D
sh688668,鼎通科技,2025-09-15 13:12:25,105.51,3163,105.51,D
sh688668,鼎通科技,2025-09-15 13:12:31,105.47,2991,105.5,D
sh688668,鼎通科技,2025-09-15 13:12:40,105.5,2059,105.48,U
sh688668,鼎通科技,2025-09-15 13:13:04,105.3,2520,105.36,E
sh688668,鼎通科技,2025-09-15 13:13:31,105.36,3513,105.24,D
sh688668,鼎通科技,2025-09-15 13:13:40,105.36,6200,105.36,D
sh688668,鼎通科技,2025-09-15 13:13:43,105.19,2848,105.36,D
sh688668,鼎通科技,2025-09-15 13:14:19,105.21,2706,105.2,U
sh688668,鼎通科技,2025-09-15 13:15:31,105.4,3129,105.3,U
sh688668,鼎通科技,2025-09-15 13:15:49,105.41,3119,105.4,U
sh688668,鼎通科技,2025-09-15 13:16:22,105.5,2282,105.5,U
sh688668,鼎通科技,2025-09-15 13:16:28,105.5,3602,105.5,D
sh688668,鼎通科技,2025-09-15 13:16:34,105.5,2022,105.52,U
sh688668,鼎通科技,2025-09-15 13:16:37,105.33,2172,105.5,D
sh688668,鼎通科技,2025-09-15 13:16:40,105.2,3205,105.33,D
sh688668,鼎通科技,2025-09-15 13:17:01,105.19,8228,105.19,U
sh688668,鼎通科技,2025-09-15 13:17:34,105.21,7700,105.31,D
sh688668,鼎通科技,2025-09-15 13:17:49,105.21,2723,105.07,U
sh688668,鼎通科技,2025-09-15 13:18:28,105.05,2709,105.05,U
sh688668,鼎通科技,2025-09-15 13:18:49,105.03,2000,105.05,D
sh688668,鼎通科技,2025-09-15 13:18:58,105.03,2000,105.03,D
sh688668,鼎通科技,2025-09-15 13:19:25,105.0,10500,105.17,D
sh688668,鼎通科技,2025-09-15 13:19:40,105.18,2013,105.18,U
sh688668,鼎通科技,2025-09-15 13:20:31,105.27,4969,105.18,E
sh688668,鼎通科技,2025-09-15 13:20:37,105.36,2100,105.3,U
sh688668,鼎通科技,2025-09-15 13:20:49,105.49,3507,105.28,U
sh688668,鼎通科技,2025-09-15 13:21:34,105.36,4933,105.3,U
sh688668,鼎通科技,2025-09-15 13:22:25,105.38,4247,105.44,D
sh688668,鼎通科技,2025-09-15 13:22:28,105.41,2400,105.38,U
sh688668,鼎通科技,2025-09-15 13:22:55,105.41,7451,105.41,U
sh688668,鼎通科技,2025-09-15 13:22:58,105.55,8936,105.41,U
sh688668,鼎通科技,2025-09-15 13:23:22,105.61,2322,105.6,D
sh688668,鼎通科技,2025-09-15 13:23:25,105.6,3164,105.61,D
sh688668,鼎通科技,2025-09-15 13:23:28,105.6,3400,105.6,U
sh688668,鼎通科技,2025-09-15 13:23:37,105.75,2224,105.59,U
sh688668,鼎通科技,2025-09-15 13:24:04,105.77,10765,105.8,D
sh688668,鼎通科技,2025-09-15 13:24:10,105.8,6462,105.75,E
sh688668,鼎通科技,2025-09-15 13:24:16,105.79,4457,105.8,U
sh688668,鼎通科技,2025-09-15 13:26:34,105.8,2648,105.8,U
sh688668,鼎通科技,2025-09-15 13:26:46,105.78,12900,105.84,D
sh688668,鼎通科技,2025-09-15 13:26:49,105.69,6859,105.78,D
sh688668,鼎通科技,2025-09-15 13:26:55,105.69,5788,105.69,D
sh688668,鼎通科技,2025-09-15 13:27:04,105.44,2873,105.51,D
sh688668,鼎通科技,2025-09-15 13:27:07,105.35,3500,105.44,D
sh688668,鼎通科技,2025-09-15 13:28:07,105.36,4170,105.41,D
sh688668,鼎通科技,2025-09-15 13:28:13,105.33,3837,105.36,D
sh688668,鼎通科技,2025-09-15 13:29:31,105.34,2315,105.4,D
sh688668,鼎通科技,2025-09-15 13:29:37,105.34,2558,105.34,D
sh688668,鼎通科技,2025-09-15 13:29:52,105.34,4054,105.34,U
sh688668,鼎通科技,2025-09-15 13:30:49,105.31,2436,105.44,D
sh688668,鼎通科技,2025-09-15 13:30:52,105.44,3863,105.31,U
sh688668,鼎通科技,2025-09-15 13:30:55,105.44,2968,105.44,D
sh688668,鼎通科技,2025-09-15 13:32:19,105.5,4800,105.41,U
sh688668,鼎通科技,2025-09-15 13:32:37,105.54,2237,105.5,U
sh688668,鼎通科技,2025-09-15 13:32:58,105.48,4064,105.5,D
sh688668,鼎通科技,2025-09-15 13:33:34,105.51,2337,105.71,D
sh688668,鼎通科技,2025-09-15 13:34:22,105.31,5100,105.7,D
sh688668,鼎通科技,2025-09-15 13:34:28,105.68,5151,105.67,U
sh688668,鼎通科技,2025-09-15 13:35:40,105.31,2000,105.63,D
sh688668,鼎通科技,2025-09-15 13:37:28,105.08,4000,105.4,D
sh688668,鼎通科技,2025-09-15 13:37:34,105.37,7687,105.08,U
sh688668,鼎通科技,2025-09-15 13:38:37,105.0,3820,105.02,D
sh688668,鼎通科技,2025-09-15 13:40:13,105.1,3433,105.25,D
sh688668,鼎通科技,2025-09-15 13:40:19,105.24,2435,105.1,U
sh688668,鼎通科技,2025-09-15 13:40:22,105.24,2715,105.24,D
sh688668,鼎通科技,2025-09-15 13:41:19,105.37,2391,105.37,U
sh688668,鼎通科技,2025-09-15 13:41:49,105.52,2381,105.37,U
sh688668,鼎通科技,2025-09-15 13:42:22,105.52,2178,105.51,D
sh688668,鼎通科技,2025-09-15 13:43:04,105.37,6575,105.55,D
sh688668,鼎通科技,2025-09-15 13:43:16,105.35,2309,105.35,U
sh688668,鼎通科技,2025-09-15 13:43:49,105.5,4542,105.27,U
sh688668,鼎通科技,2025-09-15 13:44:22,105.47,1926,105.47,D
sh688668,鼎通科技,2025-09-15 13:47:07,105.3,2826,105.31,D
sh688668,鼎通科技,2025-09-15 13:49:31,105.29,2377,105.4,D
sh688668,鼎通科技,2025-09-15 13:49:52,105.5,3894,105.3,U
sh688668,鼎通科技,2025-09-15 13:51:52,105.37,3000,105.38,D
sh688668,鼎通科技,2025-09-15 13:51:58,105.44,2291,105.37,U
sh688668,鼎通科技,2025-09-15 13:52:40,105.35,1948,105.43,D
sh688668,鼎通科技,2025-09-15 13:52:55,105.35,4193,105.35,D
sh688668,鼎通科技,2025-09-15 13:53:16,105.5,2189,105.45,U
sh688668,鼎通科技,2025-09-15 13:53:37,105.52,3413,105.35,U
sh688668,鼎通科技,2025-09-15 13:53:40,105.52,3139,105.52,D
sh688668,鼎通科技,2025-09-15 13:55:13,105.41,3797,105.47,D
sh688668,鼎通科技,2025-09-15 13:55:19,105.49,5196,105.41,E
sh688668,鼎通科技,2025-09-15 13:56:43,105.48,6586,105.47,U
sh688668,鼎通科技,2025-09-15 13:57:07,105.5,2632,105.5,U
sh688668,鼎通科技,2025-09-15 13:58:49,105.6,2906,105.63,D
sh688668,鼎通科技,2025-09-15 13:59:07,105.63,5332,105.56,U
sh688668,鼎通科技,2025-09-15 13:59:10,105.58,2160,105.63,D
sh688668,鼎通科技,2025-09-15 13:59:16,105.58,7219,105.58,U
sh688668,鼎通科技,2025-09-15 13:59:40,105.64,3064,105.63,U
sh688668,鼎通科技,2025-09-15 13:59:43,105.7,7264,105.64,U
sh688668,鼎通科技,2025-09-15 14:00:07,105.77,2055,105.75,U
sh688668,鼎通科技,2025-09-15 14:00:19,105.77,2994,105.77,D
sh688668,鼎通科技,2025-09-15 14:00:22,105.78,2075,105.77,E
sh688668,鼎通科技,2025-09-15 14:00:25,105.8,4371,105.78,U
sh688668,鼎通科技,2025-09-15 14:00:28,105.82,2320,105.8,U
sh688668,鼎通科技,2025-09-15 14:00:43,105.71,4745,105.7,U
sh688668,鼎通科技,2025-09-15 14:00:46,105.8,9114,105.71,U
sh688668,鼎通科技,2025-09-15 14:00:55,105.75,4124,105.75,D
sh688668,鼎通科技,2025-09-15 14:01:52,105.76,2000,105.72,U
sh688668,鼎通科技,2025-09-15 14:01:58,105.69,3401,105.69,D
sh688668,鼎通科技,2025-09-15 14:02:01,105.82,14537,105.69,U
sh688668,鼎通科技,2025-09-15 14:02:07,105.69,3178,105.82,D
sh688668,鼎通科技,2025-09-15 14:02:13,105.68,5754,105.82,D
sh688668,鼎通科技,2025-09-15 14:02:16,105.68,2000,105.68,D
sh688668,鼎通科技,2025-09-15 14:03:01,105.65,15849,105.69,D
sh688668,鼎通科技,2025-09-15 14:03:04,105.6,10022,105.65,D
sh688668,鼎通科技,2025-09-15 14:03:10,105.5,2636,105.6,D
sh688668,鼎通科技,2025-09-15 14:03:37,105.4,2525,105.46,D
sh688668,鼎通科技,2025-09-15 14:03:40,105.32,2068,105.4,D
sh688668,鼎通科技,2025-09-15 14:03:55,105.31,5100,105.3,E
sh688668,鼎通科技,2025-09-15 14:04:52,105.3,2008,105.31,D
sh688668,鼎通科技,2025-09-15 14:05:10,105.2,2510,105.2,D
sh688668,鼎通科技,2025-09-15 14:05:28,105.23,2060,105.22,U
sh688668,鼎通科技,2025-09-15 14:06:01,105.23,2880,105.23,D
sh688668,鼎通科技,2025-09-15 14:06:07,105.23,5742,105.23,D
sh688668,鼎通科技,2025-09-15 14:06:10,105.23,7390,105.23,D
sh688668,鼎通科技,2025-09-15 14:06:13,105.22,6573,105.23,D
sh688668,鼎通科技,2025-09-15 14:07:22,105.08,16698,105.07,U
sh688668,鼎通科技,2025-09-15 14:07:28,105.21,2891,105.08,U
sh688668,鼎通科技,2025-09-15 14:09:01,106.0,20000,105.36,U
sh688668,鼎通科技,2025-09-15 14:09:04,105.65,4117,106.0,E
sh688668,鼎通科技,2025-09-15 14:09:10,106.01,22013,105.65,U
sh688668,鼎通科技,2025-09-15 14:09:19,106.03,2477,106.0,U
sh688668,鼎通科技,2025-09-15 14:09:22,106.03,1898,106.03,U
sh688668,鼎通科技,2025-09-15 14:09:40,106.0,2189,106.01,D
sh688668,鼎通科技,2025-09-15 14:09:43,106.0,18914,106.0,D
sh688668,鼎通科技,2025-09-15 14:09:58,105.97,2231,105.97,U
sh688668,鼎通科技,2025-09-15 14:10:04,106.0,4750,105.97,U
sh688668,鼎通科技,2025-09-15 14:10:07,106.0,3783,106.0,D
sh688668,鼎通科技,2025-09-15 14:10:10,106.0,4254,106.0,D
sh688668,鼎通科技,2025-09-15 14:10:16,106.0,2825,106.01,D
sh688668,鼎通科技,2025-09-15 14:10:19,106.01,6620,106.0,E
sh688668,鼎通科技,2025-09-15 14:10:37,106.01,17018,105.68,U
sh688668,鼎通科技,2025-09-15 14:10:40,106.01,2835,106.01,U
sh688668,鼎通科技,2025-09-15 14:10:43,106.01,3633,106.01,U
sh688668,鼎通科技,2025-09-15 14:10:49,106.01,2248,106.01,U
sh688668,鼎通科技,2025-09-15 14:10:55,106.01,2655,106.0,U
sh688668,鼎通科技,2025-09-15 14:10:58,106.03,4901,106.01,U
sh688668,鼎通科技,2025-09-15 14:11:07,106.01,5865,106.03,D
sh688668,鼎通科技,2025-09-15 14:11:31,106.0,9553,106.0,D
sh688668,鼎通科技,2025-09-15 14:11:34,106.01,4060,106.0,U
sh688668,鼎通科技,2025-09-15 14:11:37,106.0,2822,106.01,D
sh688668,鼎通科技,2025-09-15 14:11:40,106.01,4869,106.0,U
sh688668,鼎通科技,2025-09-15 14:12:01,106.0,10195,105.88,U
sh688668,鼎通科技,2025-09-15 14:12:07,106.01,2225,106.01,D
sh688668,鼎通科技,2025-09-15 14:12:13,106.0,4462,106.0,D
sh688668,鼎通科技,2025-09-15 14:12:43,106.0,2616,106.01,D
sh688668,鼎通科技,2025-09-15 14:12:52,106.02,3115,106.01,E
sh688668,鼎通科技,2025-09-15 14:14:07,106.01,2200,106.01,U
sh688668,鼎通科技,2025-09-15 14:14:22,106.03,2684,106.01,U
sh688668,鼎通科技,2025-09-15 14:15:31,106.06,4822,106.04,U
sh688668,鼎通科技,2025-09-15 14:16:34,106.15,2058,106.1,U
sh688668,鼎通科技,2025-09-15 14:17:01,106.17,2594,106.16,U
sh688668,鼎通科技,2025-09-15 14:17:13,106.19,2476,106.19,U
sh688668,鼎通科技,2025-09-15 14:17:25,106.2,1896,106.19,U
sh688668,鼎通科技,2025-09-15 14:17:37,106.3,2812,106.21,U
sh688668,鼎通科技,2025-09-15 14:17:55,106.24,3979,106.3,D
sh688668,鼎通科技,2025-09-15 14:17:58,106.3,5730,106.24,U
sh688668,鼎通科技,2025-09-15 14:18:01,106.14,4805,106.3,D
sh688668,鼎通科技,2025-09-15 14:20:01,106.13,3085,106.19,D
sh688668,鼎通科技,2025-09-15 14:20:40,106.06,2509,106.16,U
sh688668,鼎通科技,2025-09-15 14:20:43,106.06,1951,106.06,D
sh688668,鼎通科技,2025-09-15 14:21:31,106.13,1908,106.15,U
sh688668,鼎通科技,2025-09-15 14:22:19,106.0,5000,106.01,D
sh688668,鼎通科技,2025-09-15 14:22:25,106.0,2795,106.0,D
sh688668,鼎通科技,2025-09-15 14:22:28,106.0,4118,106.0,D
sh688668,鼎通科技,2025-09-15 14:22:31,106.0,21959,106.0,D
sh688668,鼎通科技,2025-09-15 14:22:34,105.88,4463,106.0,D
sh688668,鼎通科技,2025-09-15 14:22:37,105.94,2131,105.88,U
sh688668,鼎通科技,2025-09-15 14:23:01,106.0,2887,106.0,D
sh688668,鼎通科技,2025-09-15 14:23:04,106.0,3160,106.0,D
sh688668,鼎通科技,2025-09-15 14:23:16,106.0,2179,106.0,D
sh688668,鼎通科技,2025-09-15 14:23:37,106.0,10000,105.99,U
sh688668,鼎通科技,2025-09-15 14:23:40,105.97,5059,106.0,E
sh688668,鼎通科技,2025-09-15 14:23:49,106.0,25402,105.98,U
sh688668,鼎通科技,2025-09-15 14:23:58,106.04,4068,106.0,E
sh688668,鼎通科技,2025-09-15 14:24:07,106.1,3879,106.0,U
sh688668,鼎通科技,2025-09-15 14:25:01,106.0,3137,106.0,D
sh688668,鼎通科技,2025-09-15 14:26:49,106.06,3679,106.06,U
sh688668,鼎通科技,2025-09-15 14:27:07,106.06,11500,106.08,D
sh688668,鼎通科技,2025-09-15 14:27:10,106.0,11644,106.06,D
sh688668,鼎通科技,2025-09-15 14:28:13,106.0,3142,106.0,D
sh688668,鼎通科技,2025-09-15 14:28:52,106.0,3500,106.0,D
sh688668,鼎通科技,2025-09-15 14:29:07,106.0,20628,106.0,D
sh688668,鼎通科技,2025-09-15 14:29:10,105.81,2219,106.0,D
sh688668,鼎通科技,2025-09-15 14:29:13,105.99,2875,105.81,U
sh688668,鼎通科技,2025-09-15 14:29:22,105.81,2087,105.8,D
sh688668,鼎通科技,2025-09-15 14:29:25,106.0,2292,105.81,U
sh688668,鼎通科技,2025-09-15 14:29:28,105.8,3453,106.0,D
sh688668,鼎通科技,2025-09-15 14:29:37,106.0,4486,106.01,D
sh688668,鼎通科技,2025-09-15 14:30:01,105.81,4748,105.85,D
sh688668,鼎通科技,2025-09-15 14:30:04,105.8,3731,105.81,D
sh688668,鼎通科技,2025-09-15 14:30:28,105.85,5000,105.76,U
sh688668,鼎通科技,2025-09-15 14:30:40,106.0,16036,105.85,U
sh688668,鼎通科技,2025-09-15 14:30:43,106.01,1998,106.0,U
sh688668,鼎通科技,2025-09-15 14:31:01,106.0,2100,106.0,D
sh688668,鼎通科技,2025-09-15 14:31:10,106.0,4873,106.0,D
sh688668,鼎通科技,2025-09-15 14:31:25,106.09,2993,106.02,U
sh688668,鼎通科技,2025-09-15 14:31:58,106.2,3389,106.17,U
sh688668,鼎通科技,2025-09-15 14:33:16,106.4,3652,106.4,U
sh688668,鼎通科技,2025-09-15 14:33:19,106.39,2322,106.4,D
sh688668,鼎通科技,2025-09-15 14:33:34,106.38,2659,106.39,E
sh688668,鼎通科技,2025-09-15 14:34:37,106.4,3700,106.4,U
sh688668,鼎通科技,2025-09-15 14:34:40,106.39,2332,106.4,D
sh688668,鼎通科技,2025-09-15 14:35:28,106.24,3101,106.26,D
sh688668,鼎通科技,2025-09-15 14:35:34,106.39,4247,106.24,U
sh688668,鼎通科技,2025-09-15 14:35:46,106.2,6462,106.24,D
sh688668,鼎通科技,2025-09-15 14:35:52,106.37,2000,106.25,U
sh688668,鼎通科技,2025-09-15 14:36:16,106.26,2704,106.27,D
sh688668,鼎通科技,2025-09-15 14:36:31,106.01,4223,106.1,D
sh688668,鼎通科技,2025-09-15 14:36:43,106.0,2728,106.0,D
sh688668,鼎通科技,2025-09-15 14:37:25,105.9,3705,105.9,U
sh688668,鼎通科技,2025-09-15 14:38:10,105.67,19000,105.91,D
sh688668,鼎通科技,2025-09-15 14:38:25,105.91,2130,105.67,U
sh688668,鼎通科技,2025-09-15 14:38:58,105.7,5534,105.7,D
sh688668,鼎通科技,2025-09-15 14:39:01,105.68,3377,105.7,D
sh688668,鼎通科技,2025-09-15 14:39:04,105.58,4605,105.68,D
sh688668,鼎通科技,2025-09-15 14:39:10,105.4,2520,105.5,D
sh688668,鼎通科技,2025-09-15 14:39:31,105.42,3943,105.42,U
sh688668,鼎通科技,2025-09-15 14:40:01,105.64,5000,105.42,U
sh688668,鼎通科技,2025-09-15 14:41:43,105.54,2494,105.67,D
sh688668,鼎通科技,2025-09-15 14:42:04,105.41,3480,105.5,D
sh688668,鼎通科技,2025-09-15 14:42:13,105.5,4579,105.41,U
sh688668,鼎通科技,2025-09-15 14:42:16,105.5,2159,105.5,U
sh688668,鼎通科技,2025-09-15 14:42:19,105.41,2871,105.5,D
sh688668,鼎通科技,2025-09-15 14:42:40,105.4,2089,105.43,D
sh688668,鼎通科技,2025-09-15 14:42:55,105.4,2297,105.41,D
sh688668,鼎通科技,2025-09-15 14:43:22,105.42,3673,105.43,D
sh688668,鼎通科技,2025-09-15 14:44:13,105.5,4174,105.5,D
sh688668,鼎通科技,2025-09-15 14:45:01,105.43,2056,105.43,D
sh688668,鼎通科技,2025-09-15 14:45:40,105.43,6104,105.44,D
sh688668,鼎通科技,2025-09-15 14:46:22,105.43,6400,105.42,U
sh688668,鼎通科技,2025-09-15 14:46:31,105.41,4969,105.4,U
sh688668,鼎通科技,2025-09-15 14:46:34,105.4,4234,105.41,D
sh688668,鼎通科技,2025-09-15 14:46:40,105.4,2265,105.42,D
sh688668,鼎通科技,2025-09-15 14:46:43,105.4,13637,105.4,D
sh688668,鼎通科技,2025-09-15 14:46:46,105.36,8148,105.4,D
sh688668,鼎通科技,2025-09-15 14:46:52,105.26,4100,105.4,D
sh688668,鼎通科技,2025-09-15 14:47:16,105.2,2894,105.2,D
sh688668,鼎通科技,2025-09-15 14:47:19,105.25,4505,105.2,U
sh688668,鼎通科技,2025-09-15 14:47:46,105.13,6862,105.14,D
sh688668,鼎通科技,2025-09-15 14:47:52,105.1,2020,105.13,D
sh688668,鼎通科技,2025-09-15 14:47:55,105.08,2844,105.1,D
sh688668,鼎通科技,2025-09-15 14:48:04,105.05,8225,105.08,D
sh688668,鼎通科技,2025-09-15 14:48:07,105.08,58740,105.05,U
sh688668,鼎通科技,2025-09-15 14:48:10,105.45,6325,105.08,U
sh688668,鼎通科技,2025-09-15 14:48:13,105.34,5448,105.45,E
sh688668,鼎通科技,2025-09-15 14:48:16,105.31,5088,105.34,D
sh688668,鼎通科技,2025-09-15 14:48:25,105.31,7321,105.31,U
sh688668,鼎通科技,2025-09-15 14:48:40,105.32,2536,105.35,D
sh688668,鼎通科技,2025-09-15 14:48:46,105.31,3429,105.32,D
sh688668,鼎通科技,2025-09-15 14:48:52,105.31,2287,105.62,D
sh688668,鼎通科技,2025-09-15 14:49:07,105.32,2652,105.6,D
sh688668,鼎通科技,2025-09-15 14:49:10,105.5,2000,105.32,E
sh688668,鼎通科技,2025-09-15 14:50:25,105.59,2403,105.56,U
sh688668,鼎通科技,2025-09-15 14:50:28,105.5,4795,105.59,D
sh688668,鼎通科技,2025-09-15 14:51:16,105.5,2000,105.5,D
sh688668,鼎通科技,2025-09-15 14:51:22,105.56,2324,105.5,U
sh688668,鼎通科技,2025-09-15 14:52:13,105.49,3996,105.42,U
sh688668,鼎通科技,2025-09-15 14:52:37,105.48,2374,105.43,U
sh688668,鼎通科技,2025-09-15 14:53:01,105.42,1912,105.43,D
sh688668,鼎通科技,2025-09-15 14:53:07,105.48,3864,105.4,U
sh688668,鼎通科技,2025-09-15 14:53:19,105.43,2322,105.48,D
sh688668,鼎通科技,2025-09-15 14:53:25,105.43,3351,105.45,D
sh688668,鼎通科技,2025-09-15 14:53:34,105.43,3072,105.43,U
sh688668,鼎通科技,2025-09-15 14:54:16,105.48,2188,105.43,U
sh688668,鼎通科技,2025-09-15 14:54:43,105.5,2370,105.48,U
sh688668,鼎通科技,2025-09-15 14:54:52,105.49,2638,105.49,U
sh688668,鼎通科技,2025-09-15 14:54:55,105.48,4369,105.49,D
sh688668,鼎通科技,2025-09-15 14:54:58,105.49,3851,105.48,U
sh688668,鼎通科技,2025-09-15 14:55:04,105.49,5570,105.49,D
sh688668,鼎通科技,2025-09-15 14:55:07,105.5,1926,105.49,U
sh688668,鼎通科技,2025-09-15 14:55:19,105.55,3050,105.5,U
sh688668,鼎通科技,2025-09-15 14:55:25,105.51,2185,105.51,D
sh688668,鼎通科技,2025-09-15 14:55:31,105.51,3546,105.51,U
sh688668,鼎通科技,2025-09-15 14:55:34,105.55,2894,105.51,U
sh688668,鼎通科技,2025-09-15 14:56:13,105.55,8204,105.55,U
sh688668,鼎通科技,2025-09-15 14:56:25,105.55,5815,105.55,D
sh688668,鼎通科技,2025-09-15 14:56:40,105.55,9808,105.54,U
sh688668,鼎通科技,2025-09-15 14:56:52,105.55,2868,105.55,D
sh688668,鼎通科技,2025-09-15 15:00:03,105.5,82455,105.55,U
