symbol,name,ticktime,price,volume,prev_price,kind
sh688668,鼎通科技,2025-10-27 09:25:01,102.0,148573,0.0,U
sh688668,鼎通科技,2025-10-27 09:30:02,102.58,14411,102.0,U
sh688668,鼎通科技,2025-10-27 09:30:05,102.85,23211,102.58,U
sh688668,鼎通科技,2025-10-27 09:30:08,102.53,16968,102.85,D
sh688668,鼎通科技,2025-10-27 09:30:11,102.68,22988,102.53,E
sh688668,鼎通科技,2025-10-27 09:30:14,102.54,15100,102.68,D
sh688668,鼎通科技,2025-10-27 09:30:17,102.5,20719,102.54,D
sh688668,鼎通科技,2025-10-27 09:30:20,102.6,26834,102.5,E
sh688668,鼎通科技,2025-10-27 09:30:23,102.96,13767,102.6,U
sh688668,鼎通科技,2025-10-27 09:30:26,102.68,21773,102.96,D
sh688668,鼎通科技,2025-10-27 09:30:29,102.3,30746,102.68,D
sh688668,鼎通科技,2025-10-27 09:30:32,102.5,12443,102.3,U
sh688668,鼎通科技,2025-10-27 09:30:35,102.47,9732,102.5,E
sh688668,鼎通科技,2025-10-27 09:30:38,102.01,13075,102.47,D
sh688668,鼎通科技,2025-10-27 09:30:41,102.01,14205,102.01,D
sh688668,鼎通科技,2025-10-27 09:30:44,102.0,22734,102.01,D
sh688668,鼎通科技,2025-10-27 09:30:47,102.02,57900,102.0,U
sh688668,鼎通科技,2025-10-27 09:30:50,102.5,109750,102.02,U
sh688668,鼎通科技,2025-10-27 09:30:53,102.0,33995,102.5,D
sh688668,鼎通科技,2025-10-27 09:30:56,103.0,45325,102.0,U
sh688668,鼎通科技,2025-10-27 09:30:59,103.0,46412,103.0,U
sh688668,鼎通科技,2025-10-27 09:31:02,103.2,19245,103.0,U
sh688668,鼎通科技,2025-10-27 09:31:05,103.23,16406,103.2,U
sh688668,鼎通科技,2025-10-27 09:31:08,103.28,14492,103.23,E
sh688668,鼎通科技,2025-10-27 09:31:11,103.46,35354,103.28,U
sh688668,鼎通科技,2025-10-27 09:31:14,103.47,29366,103.46,U
sh688668,鼎通科技,2025-10-27 09:31:17,103.5,18924,103.47,U
sh688668,鼎通科技,2025-10-27 09:31:20,103.62,13854,103.5,U
sh688668,鼎通科技,2025-10-27 09:31:23,103.62,41857,103.62,U
sh688668,鼎通科技,2025-10-27 09:31:26,103.74,12534,103.62,U
sh688668,鼎通科技,2025-10-27 09:31:29,103.74,54382,103.74,D
sh688668,鼎通科技,2025-10-27 09:31:32,103.49,28244,103.74,D
sh688668,鼎通科技,2025-10-27 09:31:35,103.84,18297,103.49,U
sh688668,鼎通科技,2025-10-27 09:31:38,103.3,45023,103.84,D
sh688668,鼎通科技,2025-10-27 09:31:41,103.56,12528,103.3,U
sh688668,鼎通科技,2025-10-27 09:31:44,103.81,8724,103.56,E
sh688668,鼎通科技,2025-10-27 09:31:47,103.5,12643,103.81,E
sh688668,鼎通科技,2025-10-27 09:31:50,103.8,25831,103.5,U
sh688668,鼎通科技,2025-10-27 09:31:53,103.3,23840,103.8,D
sh688668,鼎通科技,2025-10-27 09:31:56,103.8,14963,103.3,U
sh688668,鼎通科技,2025-10-27 09:31:59,103.61,21087,103.8,E
sh688668,鼎通科技,2025-10-27 09:32:02,103.48,7203,103.61,D
sh688668,鼎通科技,2025-10-27 09:32:05,103.3,24325,103.48,D
sh688668,鼎通科技,2025-10-27 09:32:08,103.5,11561,103.3,E
sh688668,鼎通科技,2025-10-27 09:32:11,103.3,6504,103.5,D
sh688668,鼎通科技,2025-10-27 09:32:14,103.0,18122,103.3,D
sh688668,鼎通科技,2025-10-27 09:32:17,103.0,7466,103.0,U
sh688668,鼎通科技,2025-10-27 09:32:20,102.51,5172,103.0,E
sh688668,鼎通科技,2025-10-27 09:32:23,102.5,11189,102.51,D
sh688668,鼎通科技,2025-10-27 09:32:26,102.47,2579,102.5,E
sh688668,鼎通科技,2025-10-27 09:32:29,102.01,24526,102.47,D
sh688668,鼎通科技,2025-10-27 09:32:32,102.0,14227,102.01,D
sh688668,鼎通科技,2025-10-27 09:32:35,102.27,15129,102.0,U
sh688668,鼎通科技,2025-10-27 09:32:38,101.68,33171,102.27,D
sh688668,鼎通科技,2025-10-27 09:32:41,102.0,3693,101.68,U
sh688668,鼎通科技,2025-10-27 09:32:47,102.0,6202,101.85,U
sh688668,鼎通科技,2025-10-27 09:32:50,101.65,4798,102.0,D
sh688668,鼎通科技,2025-10-27 09:32:53,101.88,9741,101.65,U
sh688668,鼎通科技,2025-10-27 09:32:56,101.65,2018,101.88,U
sh688668,鼎通科技,2025-10-27 09:32:59,101.4,11447,101.65,D
sh688668,鼎通科技,2025-10-27 09:33:02,101.64,2812,101.4,E
sh688668,鼎通科技,2025-10-27 09:33:05,101.23,6478,101.64,D
sh688668,鼎通科技,2025-10-27 09:33:08,101.64,9196,101.23,U
sh688668,鼎通科技,2025-10-27 09:33:11,101.33,4214,101.64,D
sh688668,鼎通科技,2025-10-27 09:33:14,101.4,4234,101.33,D
sh688668,鼎通科技,2025-10-27 09:33:17,101.93,13103,101.4,U
sh688668,鼎通科技,2025-10-27 09:33:20,101.83,2820,101.93,D
sh688668,鼎通科技,2025-10-27 09:33:23,101.83,5476,101.83,U
sh688668,鼎通科技,2025-10-27 09:33:26,101.88,5441,101.83,D
sh688668,鼎通科技,2025-10-27 09:33:29,101.88,11194,101.88,D
sh688668,鼎通科技,2025-10-27 09:33:32,101.54,9141,101.88,D
sh688668,鼎通科技,2025-10-27 09:33:35,101.5,7395,101.54,D
sh688668,鼎通科技,2025-10-27 09:33:41,101.54,4948,101.55,D
sh688668,鼎通科技,2025-10-27 09:33:44,101.64,2988,101.54,U
sh688668,鼎通科技,2025-10-27 09:33:47,101.64,8077,101.64,D
sh688668,鼎通科技,2025-10-27 09:33:50,101.4,8185,101.64,D
sh688668,鼎通科技,2025-10-27 09:33:53,101.41,4132,101.4,U
sh688668,鼎通科技,2025-10-27 09:33:56,101.33,9114,101.41,D
sh688668,鼎通科技,2025-10-27 09:33:59,101.33,3885,101.33,U
sh688668,鼎通科技,2025-10-27 09:34:02,101.33,4417,101.33,U
sh688668,鼎通科技,2025-10-27 09:34:05,101.3,7791,101.33,E
sh688668,鼎通科技,2025-10-27 09:34:08,101.2,8346,101.3,D
sh688668,鼎通科技,2025-10-27 09:34:11,101.24,12772,101.2,U
sh688668,鼎通科技,2025-10-27 09:34:14,101.33,14475,101.24,U
sh688668,鼎通科技,2025-10-27 09:34:17,101.23,8153,101.33,E
sh688668,鼎通科技,2025-10-27 09:34:20,101.24,7452,101.23,U
sh688668,鼎通科技,2025-10-27 09:34:23,101.23,5972,101.24,D
sh688668,鼎通科技,2025-10-27 09:34:26,101.11,18119,101.23,D
sh688668,鼎通科技,2025-10-27 09:34:29,101.1,20587,101.11,D
sh688668,鼎通科技,2025-10-27 09:34:32,101.0,11748,101.1,D
sh688668,鼎通科技,2025-10-27 09:34:35,100.88,19771,101.0,D
sh688668,鼎通科技,2025-10-27 09:34:38,101.0,5114,100.88,U
sh688668,鼎通科技,2025-10-27 09:34:41,101.01,8398,101.0,U
sh688668,鼎通科技,2025-10-27 09:34:44,101.0,5126,101.01,D
sh688668,鼎通科技,2025-10-27 09:34:47,100.96,12669,101.0,D
sh688668,鼎通科技,2025-10-27 09:34:50,101.5,24384,100.96,U
sh688668,鼎通科技,2025-10-27 09:34:53,101.34,11951,101.5,E
sh688668,鼎通科技,2025-10-27 09:34:56,101.55,8403,101.34,U
sh688668,鼎通科技,2025-10-27 09:34:59,101.61,8358,101.55,E
sh688668,鼎通科技,2025-10-27 09:35:02,101.36,3369,101.61,D
sh688668,鼎通科技,2025-10-27 09:35:05,101.25,2448,101.36,D
sh688668,鼎通科技,2025-10-27 09:35:11,100.93,9479,101.25,D
sh688668,鼎通科技,2025-10-27 09:35:14,100.5,24758,100.93,D
sh688668,鼎通科技,2025-10-27 09:35:17,100.5,11422,100.5,U
sh688668,鼎通科技,2025-10-27 09:35:20,100.83,10109,100.5,U
sh688668,鼎通科技,2025-10-27 09:35:23,100.33,7756,100.83,D
sh688668,鼎通科技,2025-10-27 09:35:26,100.33,3724,100.33,E
sh688668,鼎通科技,2025-10-27 09:35:29,100.3,5639,100.33,D
sh688668,鼎通科技,2025-10-27 09:35:32,100.3,8244,100.3,U
sh688668,鼎通科技,2025-10-27 09:35:35,100.29,20052,100.3,E
sh688668,鼎通科技,2025-10-27 09:35:38,100.3,3025,100.29,E
sh688668,鼎通科技,2025-10-27 09:35:41,100.29,10088,100.3,D
sh688668,鼎通科技,2025-10-27 09:35:44,100.56,2050,100.29,E
sh688668,鼎通科技,2025-10-27 09:35:47,100.2,12121,100.56,D
sh688668,鼎通科技,2025-10-27 09:35:50,100.47,2364,100.2,U
sh688668,鼎通科技,2025-10-27 09:35:53,100.46,4634,100.47,E
sh688668,鼎通科技,2025-10-27 09:36:02,100.2,7247,100.39,D
sh688668,鼎通科技,2025-10-27 09:36:05,100.12,11079,100.2,D
sh688668,鼎通科技,2025-10-27 09:36:08,100.12,5855,100.12,D
sh688668,鼎通科技,2025-10-27 09:36:11,100.46,2917,100.12,U
sh688668,鼎通科技,2025-10-27 09:36:14,100.15,7557,100.46,D
sh688668,鼎通科技,2025-10-27 09:36:17,100.39,3327,100.15,U
sh688668,鼎通科技,2025-10-27 09:36:20,100.36,4999,100.39,D
sh688668,鼎通科技,2025-10-27 09:36:23,100.36,3075,100.36,D
sh688668,鼎通科技,2025-10-27 09:36:26,100.46,12885,100.36,U
sh688668,鼎通科技,2025-10-27 09:36:29,100.7,5337,100.46,U
sh688668,鼎通科技,2025-10-27 09:36:32,100.7,3430,100.7,U
sh688668,鼎通科技,2025-10-27 09:36:35,100.68,3042,100.7,D
sh688668,鼎通科技,2025-10-27 09:36:38,100.66,17027,100.68,E
sh688668,鼎通科技,2025-10-27 09:36:41,100.7,4241,100.66,U
sh688668,鼎通科技,2025-10-27 09:36:44,100.68,10835,100.7,D
sh688668,鼎通科技,2025-10-27 09:36:47,100.36,13495,100.68,D
sh688668,鼎通科技,2025-10-27 09:36:50,100.66,3685,100.36,E
sh688668,鼎通科技,2025-10-27 09:36:53,100.69,8345,100.66,U
sh688668,鼎通科技,2025-10-27 09:36:56,100.68,4829,100.69,D
sh688668,鼎通科技,2025-10-27 09:36:59,100.69,3593,100.68,D
sh688668,鼎通科技,2025-10-27 09:37:02,100.7,8371,100.69,D
sh688668,鼎通科技,2025-10-27 09:37:05,100.72,4148,100.7,E
sh688668,鼎通科技,2025-10-27 09:37:08,100.72,2424,100.72,D
sh688668,鼎通科技,2025-10-27 09:37:11,100.99,12512,100.72,D
sh688668,鼎通科技,2025-10-27 09:37:17,101.34,4457,100.99,U
sh688668,鼎通科技,2025-10-27 09:37:20,101.34,6640,101.34,D
sh688668,鼎通科技,2025-10-27 09:37:23,101.59,4706,101.34,U
sh688668,鼎通科技,2025-10-27 09:37:26,101.54,26000,101.59,E
sh688668,鼎通科技,2025-10-27 09:37:29,101.53,9379,101.54,E
sh688668,鼎通科技,2025-10-27 09:37:35,101.0,7819,101.53,D
sh688668,鼎通科技,2025-10-27 09:37:41,101.59,14130,101.3,E
sh688668,鼎通科技,2025-10-27 09:37:44,101.65,16750,101.59,U
sh688668,鼎通科技,2025-10-27 09:37:47,101.52,4965,101.65,U
sh688668,鼎通科技,2025-10-27 09:37:50,101.28,4224,101.52,D
sh688668,鼎通科技,2025-10-27 09:37:53,101.9,13695,101.28,U
sh688668,鼎通科技,2025-10-27 09:37:56,101.52,7193,101.9,D
sh688668,鼎通科技,2025-10-27 09:37:59,101.58,7132,101.52,U
sh688668,鼎通科技,2025-10-27 09:38:02,101.57,5462,101.58,E
sh688668,鼎通科技,2025-10-27 09:38:05,101.28,5063,101.57,E
sh688668,鼎通科技,2025-10-27 09:38:08,101.8,5510,101.28,U
sh688668,鼎通科技,2025-10-27 09:38:11,101.84,9814,101.8,U
sh688668,鼎通科技,2025-10-27 09:38:14,101.8,6029,101.84,D
sh688668,鼎通科技,2025-10-27 09:38:17,101.92,2652,101.8,U
sh688668,鼎通科技,2025-10-27 09:38:20,101.8,5072,101.92,D
sh688668,鼎通科技,2025-10-27 09:38:23,101.9,5274,101.8,D
sh688668,鼎通科技,2025-10-27 09:38:26,101.95,2948,101.9,U
sh688668,鼎通科技,2025-10-27 09:38:29,101.95,5223,101.95,D
sh688668,鼎通科技,2025-10-27 09:38:32,102.0,36047,101.95,U
sh688668,鼎通科技,2025-10-27 09:38:35,101.92,4652,102.0,D
sh688668,鼎通科技,2025-10-27 09:38:41,101.92,16237,102.0,D
sh688668,鼎通科技,2025-10-27 09:38:44,101.8,6987,101.92,D
sh688668,鼎通科技,2025-10-27 09:38:47,101.99,6910,101.8,U
sh688668,鼎通科技,2025-10-27 09:38:50,101.9,9461,101.99,D
sh688668,鼎通科技,2025-10-27 09:38:53,101.6,3081,101.9,D
sh688668,鼎通科技,2025-10-27 09:38:56,101.6,4695,101.6,D
sh688668,鼎通科技,2025-10-27 09:38:59,101.6,17128,101.6,D
sh688668,鼎通科技,2025-10-27 09:39:02,102.0,6549,101.6,U
sh688668,鼎通科技,2025-10-27 09:39:05,102.1,22580,102.0,U
sh688668,鼎通科技,2025-10-27 09:39:08,101.79,15921,102.1,D
sh688668,鼎通科技,2025-10-27 09:39:11,102.06,6533,101.79,E
sh688668,鼎通科技,2025-10-27 09:39:14,102.1,3906,102.06,U
sh688668,鼎通科技,2025-10-27 09:39:17,101.84,5423,102.1,D
sh688668,鼎通科技,2025-10-27 09:39:26,101.84,4100,101.67,D
sh688668,鼎通科技,2025-10-27 09:39:29,101.84,3038,101.84,D
sh688668,鼎通科技,2025-10-27 09:39:32,101.84,5917,101.84,D
sh688668,鼎通科技,2025-10-27 09:39:35,101.99,11326,101.84,U
sh688668,鼎通科技,2025-10-27 09:39:38,101.99,10720,101.99,U
sh688668,鼎通科技,2025-10-27 09:39:41,102.0,14694,101.99,E
sh688668,鼎通科技,2025-10-27 09:39:47,102.08,2525,102.09,E
sh688668,鼎通科技,2025-10-27 09:39:56,102.0,3653,102.15,D
sh688668,鼎通科技,2025-10-27 09:39:59,101.99,3141,102.0,D
sh688668,鼎通科技,2025-10-27 09:40:02,101.73,4775,101.99,D
sh688668,鼎通科技,2025-10-27 09:40:05,101.87,2349,101.73,E
sh688668,鼎通科技,2025-10-27 09:40:14,102.17,27207,101.82,U
sh688668,鼎通科技,2025-10-27 09:40:17,102.11,4812,102.17,D
sh688668,鼎通科技,2025-10-27 09:40:20,102.1,2892,102.11,D
sh688668,鼎通科技,2025-10-27 09:40:29,102.07,12730,101.92,E
sh688668,鼎通科技,2025-10-27 09:40:32,101.75,11150,102.07,D
sh688668,鼎通科技,2025-10-27 09:40:35,102.11,26159,101.75,U
sh688668,鼎通科技,2025-10-27 09:40:38,102.11,15607,102.11,D
sh688668,鼎通科技,2025-10-27 09:40:44,102.09,21601,102.11,D
sh688668,鼎通科技,2025-10-27 09:40:47,101.77,4781,102.09,D
sh688668,鼎通科技,2025-10-27 09:40:50,101.0,35253,101.77,D
sh688668,鼎通科技,2025-10-27 09:40:56,101.52,9725,101.21,E
sh688668,鼎通科技,2025-10-27 09:40:59,101.73,4895,101.52,D
sh688668,鼎通科技,2025-10-27 09:41:02,102.0,18214,101.73,U
sh688668,鼎通科技,2025-10-27 09:41:05,102.02,4591,102.0,U
sh688668,鼎通科技,2025-10-27 09:41:08,102.0,11074,102.02,D
sh688668,鼎通科技,2025-10-27 09:41:11,102.17,7580,102.0,U
sh688668,鼎通科技,2025-10-27 09:41:14,102.25,6339,102.17,U
sh688668,鼎通科技,2025-10-27 09:41:20,102.12,4425,102.25,D
sh688668,鼎通科技,2025-10-27 09:41:23,102.22,3033,102.12,U
sh688668,鼎通科技,2025-10-27 09:41:32,102.15,4152,102.13,U
sh688668,鼎通科技,2025-10-27 09:41:35,102.02,6760,102.15,D
sh688668,鼎通科技,2025-10-27 09:41:38,101.75,34772,102.02,D
sh688668,鼎通科技,2025-10-27 09:41:41,101.81,6016,101.75,D
sh688668,鼎通科技,2025-10-27 09:41:47,101.98,2110,101.99,E
sh688668,鼎通科技,2025-10-27 09:41:50,102.13,16730,101.98,U
sh688668,鼎通科技,2025-10-27 09:41:53,102.13,5399,102.13,U
sh688668,鼎通科技,2025-10-27 09:41:59,101.81,3435,101.81,D
sh688668,鼎通科技,2025-10-27 09:42:17,102.07,8251,102.07,U
sh688668,鼎通科技,2025-10-27 09:42:20,102.06,6013,102.07,U
sh688668,鼎通科技,2025-10-27 09:42:23,102.08,3859,102.06,U
sh688668,鼎通科技,2025-10-27 09:42:29,102.09,3540,102.09,U
sh688668,鼎通科技,2025-10-27 09:42:35,102.05,3146,102.06,D
sh688668,鼎通科技,2025-10-27 09:42:41,102.07,3452,102.03,U
sh688668,鼎通科技,2025-10-27 09:42:44,101.92,2254,102.07,D
sh688668,鼎通科技,2025-10-27 09:42:47,102.03,2625,101.92,U
sh688668,鼎通科技,2025-10-27 09:42:53,102.0,11094,102.03,E
sh688668,鼎通科技,2025-10-27 09:42:56,102.0,4665,102.0,D
sh688668,鼎通科技,2025-10-27 09:42:59,102.05,2497,102.0,U
sh688668,鼎通科技,2025-10-27 09:43:02,102.03,3368,102.05,E
sh688668,鼎通科技,2025-10-27 09:43:08,101.98,16057,102.05,D
sh688668,鼎通科技,2025-10-27 09:43:11,101.81,4554,101.98,D
sh688668,鼎通科技,2025-10-27 09:43:14,101.96,3650,101.81,U
sh688668,鼎通科技,2025-10-27 09:43:17,102.06,16931,101.96,U
sh688668,鼎通科技,2025-10-27 09:43:20,102.1,3093,102.06,U
sh688668,鼎通科技,2025-10-27 09:43:23,102.15,4079,102.1,U
sh688668,鼎通科技,2025-10-27 09:43:29,102.26,27951,102.15,U
sh688668,鼎通科技,2025-10-27 09:43:32,102.25,5356,102.26,D
sh688668,鼎通科技,2025-10-27 09:43:35,102.3,15487,102.25,U
sh688668,鼎通科技,2025-10-27 09:43:38,102.5,8591,102.3,U
sh688668,鼎通科技,2025-10-27 09:43:41,102.35,8713,102.5,D
sh688668,鼎通科技,2025-10-27 09:43:44,102.31,27501,102.35,D
sh688668,鼎通科技,2025-10-27 09:43:47,102.6,7382,102.31,E
sh688668,鼎通科技,2025-10-27 09:43:50,102.37,3972,102.6,D
sh688668,鼎通科技,2025-10-27 09:44:02,102.37,7608,102.64,D
sh688668,鼎通科技,2025-10-27 09:44:05,102.42,4561,102.37,E
sh688668,鼎通科技,2025-10-27 09:44:14,102.42,5305,102.39,U
sh688668,鼎通科技,2025-10-27 09:44:17,102.5,6679,102.42,U
sh688668,鼎通科技,2025-10-27 09:44:20,102.41,5972,102.5,D
sh688668,鼎通科技,2025-10-27 09:44:23,102.57,3373,102.41,U
sh688668,鼎通科技,2025-10-27 09:44:26,102.5,3044,102.57,E
sh688668,鼎通科技,2025-10-27 09:44:35,102.41,6487,102.41,D
sh688668,鼎通科技,2025-10-27 09:44:38,102.56,3987,102.41,U
sh688668,鼎通科技,2025-10-27 09:44:41,102.56,4121,102.56,U
sh688668,鼎通科技,2025-10-27 09:44:53,102.52,6466,102.5,U
sh688668,鼎通科技,2025-10-27 09:44:59,102.41,5275,102.48,D
sh688668,鼎通科技,2025-10-27 09:45:05,102.52,7811,102.41,U
sh688668,鼎通科技,2025-10-27 09:45:11,102.59,3194,102.5,U
sh688668,鼎通科技,2025-10-27 09:45:20,102.59,4826,102.44,U
sh688668,鼎通科技,2025-10-27 09:45:23,102.41,5871,102.59,D
sh688668,鼎通科技,2025-10-27 09:45:26,102.41,2370,102.41,D
sh688668,鼎通科技,2025-10-27 09:45:29,102.4,6894,102.41,D
sh688668,鼎通科技,2025-10-27 09:45:38,102.53,13240,102.45,U
sh688668,鼎通科技,2025-10-27 09:45:41,102.6,6240,102.53,U
sh688668,鼎通科技,2025-10-27 09:45:47,102.63,2236,102.6,U
sh688668,鼎通科技,2025-10-27 09:45:53,102.62,4624,102.64,D
sh688668,鼎通科技,2025-10-27 09:45:56,102.8,7448,102.62,U
sh688668,鼎通科技,2025-10-27 09:45:59,102.64,4615,102.8,D
sh688668,鼎通科技,2025-10-27 09:46:02,102.77,4520,102.64,U
sh688668,鼎通科技,2025-10-27 09:46:08,102.77,6385,102.6,E
sh688668,鼎通科技,2025-10-27 09:46:11,102.4,9886,102.77,D
sh688668,鼎通科技,2025-10-27 09:46:14,102.69,10057,102.4,U
sh688668,鼎通科技,2025-10-27 09:46:17,102.69,2448,102.69,U
sh688668,鼎通科技,2025-10-27 09:46:35,102.52,5404,102.55,D
sh688668,鼎通科技,2025-10-27 09:46:38,102.55,3347,102.52,U
sh688668,鼎通科技,2025-10-27 09:46:47,102.37,6503,102.43,D
sh688668,鼎通科技,2025-10-27 09:46:53,102.3,5008,102.31,D
sh688668,鼎通科技,2025-10-27 09:46:56,102.28,7708,102.3,D
sh688668,鼎通科技,2025-10-27 09:46:59,102.27,12745,102.28,D
sh688668,鼎通科技,2025-10-27 09:47:02,102.28,2929,102.27,U
sh688668,鼎通科技,2025-10-27 09:47:05,102.25,8500,102.28,D
sh688668,鼎通科技,2025-10-27 09:47:08,102.25,4948,102.25,D
sh688668,鼎通科技,2025-10-27 09:47:11,102.15,4684,102.25,D
sh688668,鼎通科技,2025-10-27 09:47:14,102.0,10337,102.15,D
sh688668,鼎通科技,2025-10-27 09:47:17,101.96,3923,102.0,D
sh688668,鼎通科技,2025-10-27 09:47:20,102.22,2364,101.96,U
sh688668,鼎通科技,2025-10-27 09:47:38,101.88,4458,101.88,E
sh688668,鼎通科技,2025-10-27 09:47:44,101.8,7033,102.0,D
sh688668,鼎通科技,2025-10-27 09:47:47,101.8,3721,101.8,D
sh688668,鼎通科技,2025-10-27 09:47:50,101.8,3721,101.8,D
sh688668,鼎通科技,2025-10-27 09:47:53,101.81,6611,101.8,U
sh688668,鼎通科技,2025-10-27 09:47:56,102.2,4988,101.81,U
sh688668,鼎通科技,2025-10-27 09:47:59,102.41,15652,102.2,U
sh688668,鼎通科技,2025-10-27 09:48:02,102.25,4949,102.41,E
sh688668,鼎通科技,2025-10-27 09:48:05,102.5,2472,102.25,U
sh688668,鼎通科技,2025-10-27 09:48:11,102.48,6747,102.38,U
sh688668,鼎通科技,2025-10-27 09:48:17,102.5,2339,102.49,U
sh688668,鼎通科技,2025-10-27 09:48:20,102.41,2908,102.5,D
sh688668,鼎通科技,2025-10-27 09:48:23,102.49,4240,102.41,D
sh688668,鼎通科技,2025-10-27 09:48:29,102.48,3966,102.55,D
sh688668,鼎通科技,2025-10-27 09:48:32,102.48,8204,102.48,D
sh688668,鼎通科技,2025-10-27 09:48:38,102.48,8347,102.48,U
sh688668,鼎通科技,2025-10-27 09:48:41,102.48,6882,102.48,D
sh688668,鼎通科技,2025-10-27 09:48:44,102.49,3020,102.48,D
sh688668,鼎通科技,2025-10-27 09:48:50,102.0,5511,102.48,D
sh688668,鼎通科技,2025-10-27 09:48:56,102.41,11025,102.44,E
sh688668,鼎通科技,2025-10-27 09:49:02,101.89,2686,101.89,D
sh688668,鼎通科技,2025-10-27 09:49:05,101.88,3316,101.89,D
sh688668,鼎通科技,2025-10-27 09:49:08,101.79,3085,101.88,D
sh688668,鼎通科技,2025-10-27 09:49:14,102.0,11047,101.79,U
sh688668,鼎通科技,2025-10-27 09:49:20,101.81,2279,101.81,D
sh688668,鼎通科技,2025-10-27 09:49:26,101.81,4397,101.81,D
sh688668,鼎通科技,2025-10-27 09:49:29,101.96,5013,101.81,U
sh688668,鼎通科技,2025-10-27 09:49:41,102.0,4861,101.7,U
sh688668,鼎通科技,2025-10-27 09:50:02,101.78,7214,101.8,D
sh688668,鼎通科技,2025-10-27 09:50:08,101.69,5452,101.78,D
sh688668,鼎通科技,2025-10-27 09:50:11,101.64,2445,101.69,D
sh688668,鼎通科技,2025-10-27 09:50:14,101.52,4115,101.64,D
sh688668,鼎通科技,2025-10-27 09:50:17,101.59,2296,101.52,E
sh688668,鼎通科技,2025-10-27 09:50:20,101.52,5035,101.59,E
sh688668,鼎通科技,2025-10-27 09:50:23,101.48,5085,101.52,D
sh688668,鼎通科技,2025-10-27 09:50:26,101.7,6584,101.48,U
sh688668,鼎通科技,2025-10-27 09:50:32,101.7,2214,101.43,U
sh688668,鼎通科技,2025-10-27 09:50:38,101.62,1976,101.7,D
sh688668,鼎通科技,2025-10-27 09:50:59,101.7,16256,101.69,U
sh688668,鼎通科技,2025-10-27 09:51:11,102.05,2200,102.0,U
sh688668,鼎通科技,2025-10-27 09:51:29,102.21,3020,102.37,D
sh688668,鼎通科技,2025-10-27 09:51:35,102.2,2178,102.21,U
sh688668,鼎通科技,2025-10-27 09:51:44,102.59,39337,102.46,U
sh688668,鼎通科技,2025-10-27 09:51:47,102.67,9180,102.59,U
sh688668,鼎通科技,2025-10-27 09:51:50,102.8,12174,102.67,U
sh688668,鼎通科技,2025-10-27 09:51:56,102.91,3695,102.88,U
sh688668,鼎通科技,2025-10-27 09:51:59,102.88,5777,102.91,D
sh688668,鼎通科技,2025-10-27 09:52:02,103.0,36353,102.88,U
sh688668,鼎通科技,2025-10-27 09:52:05,103.01,41026,103.0,U
sh688668,鼎通科技,2025-10-27 09:52:08,103.16,8200,103.01,E
sh688668,鼎通科技,2025-10-27 09:52:11,103.22,5387,103.16,U
sh688668,鼎通科技,2025-10-27 09:52:14,103.49,2417,103.22,U
sh688668,鼎通科技,2025-10-27 09:52:20,103.5,2240,103.4,U
sh688668,鼎通科技,2025-10-27 09:52:23,103.56,18428,103.5,U
sh688668,鼎通科技,2025-10-27 09:52:26,103.5,8186,103.56,D
sh688668,鼎通科技,2025-10-27 09:52:29,103.69,11265,103.5,U
sh688668,鼎通科技,2025-10-27 09:52:32,103.51,3533,103.69,E
sh688668,鼎通科技,2025-10-27 09:52:35,103.7,3316,103.51,U
sh688668,鼎通科技,2025-10-27 09:52:38,103.7,4696,103.7,U
sh688668,鼎通科技,2025-10-27 09:52:44,103.53,3680,103.69,D
sh688668,鼎通科技,2025-10-27 09:52:47,103.73,17533,103.53,U
sh688668,鼎通科技,2025-10-27 09:52:50,103.69,8775,103.73,U
sh688668,鼎通科技,2025-10-27 09:52:53,103.69,3129,103.69,U
sh688668,鼎通科技,2025-10-27 09:52:56,103.68,12425,103.69,E
sh688668,鼎通科技,2025-10-27 09:53:02,103.53,3054,103.65,E
sh688668,鼎通科技,2025-10-27 09:53:05,103.69,7943,103.53,U
sh688668,鼎通科技,2025-10-27 09:53:08,103.69,6288,103.69,D
sh688668,鼎通科技,2025-10-27 09:53:11,103.79,15657,103.69,U
sh688668,鼎通科技,2025-10-27 09:53:14,103.82,16272,103.79,U
sh688668,鼎通科技,2025-10-27 09:53:17,103.77,3653,103.82,D
sh688668,鼎通科技,2025-10-27 09:53:20,103.91,27154,103.77,U
sh688668,鼎通科技,2025-10-27 09:53:23,103.95,18125,103.91,U
sh688668,鼎通科技,2025-10-27 09:53:26,104.0,30284,103.95,U
sh688668,鼎通科技,2025-10-27 09:53:29,104.07,57444,104.0,U
sh688668,鼎通科技,2025-10-27 09:53:35,104.0,13642,104.2,D
sh688668,鼎通科技,2025-10-27 09:53:38,104.03,11946,104.0,E
sh688668,鼎通科技,2025-10-27 09:53:41,104.18,12722,104.03,U
sh688668,鼎通科技,2025-10-27 09:53:44,104.22,11065,104.18,U
sh688668,鼎通科技,2025-10-27 09:53:47,104.18,2917,104.22,E
sh688668,鼎通科技,2025-10-27 09:53:50,103.96,2200,104.18,D
sh688668,鼎通科技,2025-10-27 09:53:53,103.95,11965,103.96,E
sh688668,鼎通科技,2025-10-27 09:53:59,104.0,2092,104.0,U
sh688668,鼎通科技,2025-10-27 09:54:02,104.0,16071,104.0,D
sh688668,鼎通科技,2025-10-27 09:54:05,104.1,6319,104.0,E
sh688668,鼎通科技,2025-10-27 09:54:08,104.18,23677,104.1,U
sh688668,鼎通科技,2025-10-27 09:54:11,104.13,10804,104.18,E
sh688668,鼎通科技,2025-10-27 09:54:14,104.12,17439,104.13,U
sh688668,鼎通科技,2025-10-27 09:54:17,104.05,3300,104.12,U
sh688668,鼎通科技,2025-10-27 09:54:20,103.75,7223,104.05,D
sh688668,鼎通科技,2025-10-27 09:54:26,103.75,8628,103.85,D
sh688668,鼎通科技,2025-10-27 09:54:35,103.99,8875,103.88,E
sh688668,鼎通科技,2025-10-27 09:54:38,103.88,4812,103.99,D
sh688668,鼎通科技,2025-10-27 09:54:41,103.89,7149,103.88,E
sh688668,鼎通科技,2025-10-27 09:54:44,103.97,2145,103.89,U
sh688668,鼎通科技,2025-10-27 09:54:47,103.99,6259,103.97,U
sh688668,鼎通科技,2025-10-27 09:54:53,103.98,4183,104.0,D
sh688668,鼎通科技,2025-10-27 09:54:56,103.99,3200,103.98,U
sh688668,鼎通科技,2025-10-27 09:55:02,103.9,28579,103.98,D
sh688668,鼎通科技,2025-10-27 09:55:05,103.97,13645,103.9,E
sh688668,鼎通科技,2025-10-27 09:55:08,103.88,3394,103.97,E
sh688668,鼎通科技,2025-10-27 09:55:11,103.8,5105,103.88,D
sh688668,鼎通科技,2025-10-27 09:55:14,103.88,12167,103.8,U
sh688668,鼎通科技,2025-10-27 09:55:17,103.89,16841,103.88,U
sh688668,鼎通科技,2025-10-27 09:55:23,103.73,3967,103.72,U
sh688668,鼎通科技,2025-10-27 09:55:26,103.49,44650,103.73,D
sh688668,鼎通科技,2025-10-27 09:55:29,103.3,11595,103.49,D
sh688668,鼎通科技,2025-10-27 09:55:35,103.68,13213,103.57,U
sh688668,鼎通科技,2025-10-27 09:55:41,103.68,6938,103.68,U
sh688668,鼎通科技,2025-10-27 09:55:44,103.7,2610,103.68,U
sh688668,鼎通科技,2025-10-27 09:55:47,103.85,2005,103.7,U
sh688668,鼎通科技,2025-10-27 09:55:53,103.87,5743,103.85,U
sh688668,鼎通科技,2025-10-27 09:55:56,103.9,5754,103.87,U
sh688668,鼎通科技,2025-10-27 09:55:59,103.9,3163,103.9,D
sh688668,鼎通科技,2025-10-27 09:56:05,103.99,9957,103.98,U
sh688668,鼎通科技,2025-10-27 09:56:08,104.0,7415,103.99,U
sh688668,鼎通科技,2025-10-27 09:56:11,103.88,4428,104.0,D
sh688668,鼎通科技,2025-10-27 09:56:17,103.5,9108,103.95,D
sh688668,鼎通科技,2025-10-27 09:56:20,103.72,3371,103.5,U
sh688668,鼎通科技,2025-10-27 09:56:23,103.22,3587,103.72,D
sh688668,鼎通科技,2025-10-27 09:56:26,103.69,16859,103.22,U
sh688668,鼎通科技,2025-10-27 09:56:29,103.73,2432,103.69,U
sh688668,鼎通科技,2025-10-27 09:56:32,103.73,6032,103.73,U
sh688668,鼎通科技,2025-10-27 09:56:35,103.81,3857,103.73,U
sh688668,鼎通科技,2025-10-27 09:56:38,103.73,2800,103.81,D
sh688668,鼎通科技,2025-10-27 09:56:41,103.68,4656,103.73,D
sh688668,鼎通科技,2025-10-27 09:56:44,103.69,5525,103.68,D
sh688668,鼎通科技,2025-10-27 09:56:47,103.73,2986,103.69,U
sh688668,鼎通科技,2025-10-27 09:56:53,103.52,2085,103.69,D
sh688668,鼎通科技,2025-10-27 09:57:02,103.69,3601,103.45,U
sh688668,鼎通科技,2025-10-27 09:57:11,103.42,12494,103.68,E
sh688668,鼎通科技,2025-10-27 09:57:14,103.7,3369,103.42,U
sh688668,鼎通科技,2025-10-27 09:57:17,103.28,5854,103.7,D
sh688668,鼎通科技,2025-10-27 09:57:20,103.7,10402,103.28,U
sh688668,鼎通科技,2025-10-27 09:57:23,103.67,3093,103.7,U
sh688668,鼎通科技,2025-10-27 09:57:26,103.7,2092,103.67,U
sh688668,鼎通科技,2025-10-27 09:57:29,103.67,6259,103.7,D
sh688668,鼎通科技,2025-10-27 09:57:32,103.7,2444,103.67,U
sh688668,鼎通科技,2025-10-27 09:57:35,103.45,1960,103.7,D
sh688668,鼎通科技,2025-10-27 09:57:41,103.48,2873,103.48,D
sh688668,鼎通科技,2025-10-27 09:57:44,103.71,4565,103.48,U
sh688668,鼎通科技,2025-10-27 09:57:53,103.48,2775,103.48,U
sh688668,鼎通科技,2025-10-27 09:57:56,103.3,1969,103.48,D
sh688668,鼎通科技,2025-10-27 09:58:02,103.2,13374,103.27,D
sh688668,鼎通科技,2025-10-27 09:58:05,103.12,7868,103.2,D
sh688668,鼎通科技,2025-10-27 09:58:08,103.2,4951,103.12,U
sh688668,鼎通科技,2025-10-27 09:58:14,103.04,2640,103.04,U
sh688668,鼎通科技,2025-10-27 09:58:17,103.0,5077,103.04,D
sh688668,鼎通科技,2025-10-27 09:58:20,103.06,12144,103.0,E
sh688668,鼎通科技,2025-10-27 09:58:23,103.11,3261,103.06,E
sh688668,鼎通科技,2025-10-27 09:58:26,103.07,2914,103.11,D
sh688668,鼎通科技,2025-10-27 09:58:44,103.41,3331,103.09,U
sh688668,鼎通科技,2025-10-27 09:59:02,103.13,9087,103.37,D
sh688668,鼎通科技,2025-10-27 09:59:05,103.0,4788,103.13,D
sh688668,鼎通科技,2025-10-27 09:59:14,103.15,1973,103.0,U
sh688668,鼎通科技,2025-10-27 09:59:29,103.3,16467,103.0,U
sh688668,鼎通科技,2025-10-27 09:59:32,103.0,3100,103.3,D
sh688668,鼎通科技,2025-10-27 09:59:56,103.05,6603,102.69,U
sh688668,鼎通科技,2025-10-27 10:00:02,102.93,6373,102.52,E
sh688668,鼎通科技,2025-10-27 10:00:08,102.65,4130,102.65,D
sh688668,鼎通科技,2025-10-27 10:00:20,102.63,3700,102.51,E
sh688668,鼎通科技,2025-10-27 10:00:23,102.5,2219,102.63,D
sh688668,鼎通科技,2025-10-27 10:00:26,102.5,9884,102.5,D
sh688668,鼎通科技,2025-10-27 10:00:29,102.5,3000,102.5,D
sh688668,鼎通科技,2025-10-27 10:00:32,102.53,4230,102.5,U
sh688668,鼎通科技,2025-10-27 10:00:47,102.63,2000,102.63,D
sh688668,鼎通科技,2025-10-27 10:00:50,102.89,4520,102.63,U
sh688668,鼎通科技,2025-10-27 10:00:53,102.65,3090,102.89,D
sh688668,鼎通科技,2025-10-27 10:00:59,102.65,2209,102.65,D
sh688668,鼎通科技,2025-10-27 10:01:02,102.7,4560,102.65,D
sh688668,鼎通科技,2025-10-27 10:01:05,102.6,6307,102.7,D
sh688668,鼎通科技,2025-10-27 10:01:08,102.65,9720,102.6,U
sh688668,鼎通科技,2025-10-27 10:01:11,102.69,5516,102.65,U
sh688668,鼎通科技,2025-10-27 10:01:14,102.88,3374,102.69,U
sh688668,鼎通科技,2025-10-27 10:01:17,103.05,10228,102.88,U
sh688668,鼎通科技,2025-10-27 10:01:20,103.35,3299,103.05,U
sh688668,鼎通科技,2025-10-27 10:01:29,103.2,2210,103.25,E
sh688668,鼎通科技,2025-10-27 10:01:44,102.7,1961,102.84,D
sh688668,鼎通科技,2025-10-27 10:01:47,102.83,4890,102.7,U
sh688668,鼎通科技,2025-10-27 10:01:53,102.68,2528,102.68,D
sh688668,鼎通科技,2025-10-27 10:02:02,102.88,42305,102.7,U
sh688668,鼎通科技,2025-10-27 10:02:05,103.0,5061,102.88,U
sh688668,鼎通科技,2025-10-27 10:02:14,102.81,2200,103.0,D
sh688668,鼎通科技,2025-10-27 10:02:17,103.0,2466,102.81,E
sh688668,鼎通科技,2025-10-27 10:02:20,102.96,2000,103.0,E
sh688668,鼎通科技,2025-10-27 10:02:23,103.0,3782,102.96,U
sh688668,鼎通科技,2025-10-27 10:02:29,103.0,2549,103.0,D
sh688668,鼎通科技,2025-10-27 10:02:32,103.03,1957,103.0,U
sh688668,鼎通科技,2025-10-27 10:02:38,103.0,8143,103.04,D
sh688668,鼎通科技,2025-10-27 10:02:41,103.05,8701,103.0,U
sh688668,鼎通科技,2025-10-27 10:02:50,103.05,2995,103.06,D
sh688668,鼎通科技,2025-10-27 10:03:02,103.2,4873,103.17,U
sh688668,鼎通科技,2025-10-27 10:03:26,103.41,2000,103.41,D
sh688668,鼎通科技,2025-10-27 10:03:35,103.36,8590,103.44,D
sh688668,鼎通科技,2025-10-27 10:03:38,103.22,6638,103.36,D
sh688668,鼎通科技,2025-10-27 10:03:50,103.23,4955,103.22,E
sh688668,鼎通科技,2025-10-27 10:03:56,103.23,3200,103.22,E
sh688668,鼎通科技,2025-10-27 10:04:02,103.22,4059,103.22,D
sh688668,鼎通科技,2025-10-27 10:04:11,103.29,2190,103.29,U
sh688668,鼎通科技,2025-10-27 10:04:14,103.29,2519,103.29,U
sh688668,鼎通科技,2025-10-27 10:04:17,103.29,2344,103.29,U
sh688668,鼎通科技,2025-10-27 10:04:26,103.29,3100,103.29,D
sh688668,鼎通科技,2025-10-27 10:04:32,103.38,2989,103.4,D
sh688668,鼎通科技,2025-10-27 10:04:35,103.41,3671,103.38,U
sh688668,鼎通科技,2025-10-27 10:04:41,103.44,36211,103.41,U
sh688668,鼎通科技,2025-10-27 10:04:44,103.5,61627,103.44,U
sh688668,鼎通科技,2025-10-27 10:04:50,103.68,4700,103.5,U
sh688668,鼎通科技,2025-10-27 10:05:02,103.8,3827,103.7,U
sh688668,鼎通科技,2025-10-27 10:05:08,103.8,2419,103.87,E
sh688668,鼎通科技,2025-10-27 10:05:35,103.74,3396,103.72,U
sh688668,鼎通科技,2025-10-27 10:05:44,103.69,3318,103.74,D
sh688668,鼎通科技,2025-10-27 10:05:47,103.74,3085,103.69,U
sh688668,鼎通科技,2025-10-27 10:05:50,103.74,5300,103.74,D
sh688668,鼎通科技,2025-10-27 10:05:59,103.6,1993,103.68,D
sh688668,鼎通科技,2025-10-27 10:06:44,103.59,11139,103.6,D
sh688668,鼎通科技,2025-10-27 10:07:35,103.38,10945,103.48,D
sh688668,鼎通科技,2025-10-27 10:07:38,103.29,14158,103.38,D
sh688668,鼎通科技,2025-10-27 10:07:47,103.2,4065,103.38,D
sh688668,鼎通科技,2025-10-27 10:08:05,103.39,9234,103.24,U
sh688668,鼎通科技,2025-10-27 10:08:29,103.45,2009,103.46,D
sh688668,鼎通科技,2025-10-27 10:08:32,103.4,7336,103.45,D
sh688668,鼎通科技,2025-10-27 10:08:44,103.39,3526,103.48,D
sh688668,鼎通科技,2025-10-27 10:08:47,103.38,2942,103.39,D
sh688668,鼎通科技,2025-10-27 10:08:50,103.38,2173,103.38,D
sh688668,鼎通科技,2025-10-27 10:09:26,103.0,18145,103.23,D
sh688668,鼎通科技,2025-10-27 10:09:53,102.8,16291,102.78,U
sh688668,鼎通科技,2025-10-27 10:10:56,103.37,4305,103.37,E
sh688668,鼎通科技,2025-10-27 10:11:02,103.5,2005,103.36,U
sh688668,鼎通科技,2025-10-27 10:11:20,103.3,4475,103.48,D
sh688668,鼎通科技,2025-10-27 10:11:23,103.36,3217,103.3,E
sh688668,鼎通科技,2025-10-27 10:11:41,103.3,9016,103.23,U
sh688668,鼎通科技,2025-10-27 10:11:44,103.3,1979,103.3,D
sh688668,鼎通科技,2025-10-27 10:11:47,103.3,5045,103.3,D
sh688668,鼎通科技,2025-10-27 10:11:53,103.3,2620,103.3,U
sh688668,鼎通科技,2025-10-27 10:12:02,103.1,4237,103.27,D
sh688668,鼎通科技,2025-10-27 10:12:14,103.27,4644,103.1,U
sh688668,鼎通科技,2025-10-27 10:12:32,103.55,9917,103.4,U
sh688668,鼎通科技,2025-10-27 10:12:56,103.46,5825,103.6,D
sh688668,鼎通科技,2025-10-27 10:13:02,103.25,23238,103.49,D
sh688668,鼎通科技,2025-10-27 10:13:08,103.25,3000,103.0,U
sh688668,鼎通科技,2025-10-27 10:13:11,103.0,13321,103.25,D
sh688668,鼎通科技,2025-10-27 10:13:14,102.89,51342,103.0,D
sh688668,鼎通科技,2025-10-27 10:13:17,103.0,21963,102.89,U
sh688668,鼎通科技,2025-10-27 10:13:32,102.8,8563,102.65,D
sh688668,鼎通科技,2025-10-27 10:13:35,102.65,5629,102.8,D
sh688668,鼎通科技,2025-10-27 10:13:38,102.65,2853,102.65,D
sh688668,鼎通科技,2025-10-27 10:13:41,102.66,5071,102.65,E
sh688668,鼎通科技,2025-10-27 10:13:44,102.65,7112,102.66,D
sh688668,鼎通科技,2025-10-27 10:13:47,102.66,2563,102.65,U
sh688668,鼎通科技,2025-10-27 10:13:53,102.7,2421,102.67,E
sh688668,鼎通科技,2025-10-27 10:14:26,102.8,5000,102.83,D
sh688668,鼎通科技,2025-10-27 10:14:35,102.82,2251,102.89,E
sh688668,鼎通科技,2025-10-27 10:15:17,102.88,8846,102.96,D
sh688668,鼎通科技,2025-10-27 10:15:20,102.7,37314,102.88,D
sh688668,鼎通科技,2025-10-27 10:15:23,102.6,16604,102.7,D
sh688668,鼎通科技,2025-10-27 10:15:26,102.57,8264,102.6,D
sh688668,鼎通科技,2025-10-27 10:15:29,102.55,4947,102.57,D
sh688668,鼎通科技,2025-10-27 10:15:32,102.48,8749,102.55,D
sh688668,鼎通科技,2025-10-27 10:15:41,102.32,2159,102.33,D
sh688668,鼎通科技,2025-10-27 10:15:44,102.31,2341,102.32,D
sh688668,鼎通科技,2025-10-27 10:15:47,102.24,3193,102.31,D
sh688668,鼎通科技,2025-10-27 10:15:50,102.32,2041,102.24,U
sh688668,鼎通科技,2025-10-27 10:15:56,102.32,2877,102.33,D
sh688668,鼎通科技,2025-10-27 10:16:02,102.34,2976,102.32,U
sh688668,鼎通科技,2025-10-27 10:16:17,102.35,5907,102.43,D
sh688668,鼎通科技,2025-10-27 10:16:35,102.42,2990,102.42,U
sh688668,鼎通科技,2025-10-27 10:16:41,102.42,4549,102.42,D
sh688668,鼎通科技,2025-10-27 10:16:44,102.42,2331,102.42,D
sh688668,鼎通科技,2025-10-27 10:16:53,102.41,2000,102.41,D
sh688668,鼎通科技,2025-10-27 10:16:56,102.33,17226,102.41,D
sh688668,鼎通科技,2025-10-27 10:16:59,102.25,3724,102.33,D
sh688668,鼎通科技,2025-10-27 10:17:02,102.32,5600,102.25,U
sh688668,鼎通科技,2025-10-27 10:17:14,102.28,2010,102.31,D
sh688668,鼎通科技,2025-10-27 10:18:41,102.6,3972,102.6,D
sh688668,鼎通科技,2025-10-27 10:18:44,102.59,14510,102.6,D
sh688668,鼎通科技,2025-10-27 10:18:47,102.59,4864,102.59,U
sh688668,鼎通科技,2025-10-27 10:19:11,102.12,20728,102.4,D
sh688668,鼎通科技,2025-10-27 10:19:14,102.0,14007,102.12,D
sh688668,鼎通科技,2025-10-27 10:19:17,102.0,9765,102.0,D
sh688668,鼎通科技,2025-10-27 10:19:26,101.9,2700,101.98,D
sh688668,鼎通科技,2025-10-27 10:19:38,101.9,2150,101.9,U
sh688668,鼎通科技,2025-10-27 10:19:41,101.9,2736,101.9,D
sh688668,鼎通科技,2025-10-27 10:19:44,101.85,5674,101.9,D
sh688668,鼎通科技,2025-10-27 10:19:47,101.85,2097,101.85,U
sh688668,鼎通科技,2025-10-27 10:19:59,101.87,3870,101.8,U
sh688668,鼎通科技,2025-10-27 10:20:08,101.66,8394,101.7,D
sh688668,鼎通科技,2025-10-27 10:20:11,101.55,2396,101.66,D
sh688668,鼎通科技,2025-10-27 10:20:17,101.51,6814,101.5,E
sh688668,鼎通科技,2025-10-27 10:20:20,101.61,4625,101.51,E
sh688668,鼎通科技,2025-10-27 10:20:23,101.61,2818,101.61,D
sh688668,鼎通科技,2025-10-27 10:20:32,101.51,5850,101.61,D
sh688668,鼎通科技,2025-10-27 10:20:35,101.5,9180,101.51,D
sh688668,鼎通科技,2025-10-27 10:20:38,101.5,3500,101.5,D
sh688668,鼎通科技,2025-10-27 10:20:41,101.5,2300,101.5,D
sh688668,鼎通科技,2025-10-27 10:20:53,101.55,2465,101.57,D
sh688668,鼎通科技,2025-10-27 10:20:56,101.6,7925,101.55,U
sh688668,鼎通科技,2025-10-27 10:21:02,101.56,6303,101.6,D
sh688668,鼎通科技,2025-10-27 10:21:05,101.5,14721,101.56,D
sh688668,鼎通科技,2025-10-27 10:21:08,101.5,4811,101.5,U
sh688668,鼎通科技,2025-10-27 10:21:14,101.5,3636,101.4,U
sh688668,鼎通科技,2025-10-27 10:21:26,101.23,4966,101.5,D
sh688668,鼎通科技,2025-10-27 10:21:29,101.5,5000,101.23,U
sh688668,鼎通科技,2025-10-27 10:21:41,101.49,3303,101.48,U
sh688668,鼎通科技,2025-10-27 10:21:50,101.25,3166,101.48,D
sh688668,鼎通科技,2025-10-27 10:21:59,101.5,2250,101.5,U
sh688668,鼎通科技,2025-10-27 10:22:02,101.49,21753,101.5,D
sh688668,鼎通科技,2025-10-27 10:22:17,101.55,2402,101.5,U
sh688668,鼎通科技,2025-10-27 10:22:20,101.7,4256,101.55,U
sh688668,鼎通科技,2025-10-27 10:22:26,101.55,3300,101.7,D
sh688668,鼎通科技,2025-10-27 10:22:32,101.56,20125,101.55,E
sh688668,鼎通科技,2025-10-27 10:22:47,101.68,2400,101.69,U
sh688668,鼎通科技,2025-10-27 10:22:50,101.69,3147,101.68,U
sh688668,鼎通科技,2025-10-27 10:22:56,101.68,2008,101.6,E
sh688668,鼎通科技,2025-10-27 10:22:59,101.76,2313,101.68,U
sh688668,鼎通科技,2025-10-27 10:23:02,101.69,8560,101.76,D
sh688668,鼎通科技,2025-10-27 10:23:23,101.72,3261,101.95,D
sh688668,鼎通科技,2025-10-27 10:23:29,101.75,7492,101.94,D
sh688668,鼎通科技,2025-10-27 10:24:08,101.85,3317,101.83,U
sh688668,鼎通科技,2025-10-27 10:24:32,101.86,2615,101.86,D
sh688668,鼎通科技,2025-10-27 10:25:11,101.91,2965,101.88,U
sh688668,鼎通科技,2025-10-27 10:25:29,102.0,6699,101.91,U
sh688668,鼎通科技,2025-10-27 10:25:41,102.39,2500,102.28,U
sh688668,鼎通科技,2025-10-27 10:25:53,102.25,3461,102.02,U
sh688668,鼎通科技,2025-10-27 10:26:29,102.12,6646,102.1,U
sh688668,鼎通科技,2025-10-27 10:26:38,101.96,2752,102.0,D
sh688668,鼎通科技,2025-10-27 10:26:44,102.0,5200,102.08,U
sh688668,鼎通科技,2025-10-27 10:26:59,101.95,4485,102.0,D
sh688668,鼎通科技,2025-10-27 10:27:02,101.95,2479,101.95,D
sh688668,鼎通科技,2025-10-27 10:27:05,101.95,2314,101.95,D
sh688668,鼎通科技,2025-10-27 10:27:11,101.91,3737,101.91,D
sh688668,鼎通科技,2025-10-27 10:27:26,101.91,2736,101.91,D
sh688668,鼎通科技,2025-10-27 10:27:59,101.98,8745,101.95,U
sh688668,鼎通科技,2025-10-27 10:28:17,101.97,3870,101.95,U
sh688668,鼎通科技,2025-10-27 10:28:32,101.96,2000,101.96,D
sh688668,鼎通科技,2025-10-27 10:28:35,101.96,4400,101.96,D
sh688668,鼎通科技,2025-10-27 10:28:38,101.96,2378,101.96,D
sh688668,鼎通科技,2025-10-27 10:28:47,101.88,3802,101.89,D
sh688668,鼎通科技,2025-10-27 10:28:50,101.83,3764,101.88,D
sh688668,鼎通科技,2025-10-27 10:28:53,101.88,3729,101.83,U
sh688668,鼎通科技,2025-10-27 10:28:56,101.88,2282,101.88,U
sh688668,鼎通科技,2025-10-27 10:29:02,101.88,3236,101.88,D
sh688668,鼎通科技,2025-10-27 10:29:08,101.6,15974,101.77,D
sh688668,鼎通科技,2025-10-27 10:29:35,101.54,21275,101.57,D
sh688668,鼎通科技,2025-10-27 10:29:38,101.5,6221,101.54,D
sh688668,鼎通科技,2025-10-27 10:29:53,101.5,5300,101.51,D
sh688668,鼎通科技,2025-10-27 10:29:56,101.53,2566,101.5,U
sh688668,鼎通科技,2025-10-27 10:30:05,101.5,2621,101.5,D
sh688668,鼎通科技,2025-10-27 10:30:32,101.31,2800,101.3,E
sh688668,鼎通科技,2025-10-27 10:30:44,101.3,3000,101.3,U
sh688668,鼎通科技,2025-10-27 10:30:47,101.3,25870,101.3,U
sh688668,鼎通科技,2025-10-27 10:30:50,101.38,4200,101.3,E
sh688668,鼎通科技,2025-10-27 10:31:02,101.44,2610,101.26,U
sh688668,鼎通科技,2025-10-27 10:31:05,101.25,3000,101.44,D
sh688668,鼎通科技,2025-10-27 10:31:11,101.56,8713,101.39,U
sh688668,鼎通科技,2025-10-27 10:31:29,101.74,7400,101.61,E
sh688668,鼎通科技,2025-10-27 10:31:41,101.6,1976,101.61,D
sh688668,鼎通科技,2025-10-27 10:32:11,101.67,2181,101.59,U
sh688668,鼎通科技,2025-10-27 10:32:29,101.9,3234,101.74,U
sh688668,鼎通科技,2025-10-27 10:32:32,101.96,2900,101.9,U
sh688668,鼎通科技,2025-10-27 10:32:35,101.96,3911,101.96,U
sh688668,鼎通科技,2025-10-27 10:32:38,101.69,9136,101.96,D
sh688668,鼎通科技,2025-10-27 10:32:41,101.74,2200,101.69,U
sh688668,鼎通科技,2025-10-27 10:32:47,101.74,38264,101.69,U
sh688668,鼎通科技,2025-10-27 10:32:50,101.94,7920,101.74,U
sh688668,鼎通科技,2025-10-27 10:33:02,101.95,2041,101.94,U
sh688668,鼎通科技,2025-10-27 10:33:05,102.05,11331,101.95,U
sh688668,鼎通科技,2025-10-27 10:33:26,102.2,6000,102.05,U
sh688668,鼎通科技,2025-10-27 10:33:29,102.1,2801,102.2,D
sh688668,鼎通科技,2025-10-27 10:33:41,102.25,3110,102.1,U
sh688668,鼎通科技,2025-10-27 10:33:50,102.38,10522,102.4,E
sh688668,鼎通科技,2025-10-27 10:33:56,102.39,4042,102.38,U
sh688668,鼎通科技,2025-10-27 10:35:02,102.25,3966,102.2,U
sh688668,鼎通科技,2025-10-27 10:35:05,102.5,15080,102.25,U
sh688668,鼎通科技,2025-10-27 10:36:23,102.22,3200,102.42,D
sh688668,鼎通科技,2025-10-27 10:36:32,102.5,10000,102.22,U
sh688668,鼎通科技,2025-10-27 10:36:41,102.2,2590,102.22,D
sh688668,鼎通科技,2025-10-27 10:36:50,102.05,5145,102.1,D
sh688668,鼎通科技,2025-10-27 10:37:32,101.67,12066,101.72,D
sh688668,鼎通科技,2025-10-27 10:37:38,101.67,2187,101.71,D
sh688668,鼎通科技,2025-10-27 10:37:50,101.68,8750,101.7,D
sh688668,鼎通科技,2025-10-27 10:37:56,101.7,6314,101.68,U
sh688668,鼎通科技,2025-10-27 10:38:08,101.7,5522,101.7,D
sh688668,鼎通科技,2025-10-27 10:38:11,101.7,2214,101.7,U
sh688668,鼎通科技,2025-10-27 10:38:44,101.86,5000,101.86,U
sh688668,鼎通科技,2025-10-27 10:38:47,101.86,2024,101.86,U
sh688668,鼎通科技,2025-10-27 10:39:08,101.66,2389,101.7,D
sh688668,鼎通科技,2025-10-27 10:39:11,101.51,3000,101.66,D
sh688668,鼎通科技,2025-10-27 10:39:29,101.5,5020,101.61,D
sh688668,鼎通科技,2025-10-27 10:39:32,101.41,3203,101.5,D
sh688668,鼎通科技,2025-10-27 10:39:44,101.36,2641,101.44,D
sh688668,鼎通科技,2025-10-27 10:40:44,101.36,2592,101.3,U
sh688668,鼎通科技,2025-10-27 10:41:02,101.39,4640,101.39,U
sh688668,鼎通科技,2025-10-27 10:41:14,101.33,2482,101.39,E
sh688668,鼎通科技,2025-10-27 10:41:26,101.32,5221,101.35,D
sh688668,鼎通科技,2025-10-27 10:41:44,101.33,3002,101.45,D
sh688668,鼎通科技,2025-10-27 10:42:08,101.33,3609,101.35,D
sh688668,鼎通科技,2025-10-27 10:42:11,101.31,2793,101.33,D
sh688668,鼎通科技,2025-10-27 10:42:14,101.31,6015,101.31,D
sh688668,鼎通科技,2025-10-27 10:42:17,101.3,2473,101.31,D
sh688668,鼎通科技,2025-10-27 10:42:23,101.26,3287,101.3,D
sh688668,鼎通科技,2025-10-27 10:42:26,101.29,4923,101.26,U
sh688668,鼎通科技,2025-10-27 10:42:32,101.26,2109,101.26,D
sh688668,鼎通科技,2025-10-27 10:42:41,101.23,3963,101.26,D
sh688668,鼎通科技,2025-10-27 10:42:47,101.25,4314,101.25,U
sh688668,鼎通科技,2025-10-27 10:42:50,101.25,2001,101.25,U
sh688668,鼎通科技,2025-10-27 10:43:02,101.31,2424,101.3,U
sh688668,鼎通科技,2025-10-27 10:43:11,101.32,2766,101.3,U
sh688668,鼎通科技,2025-10-27 10:43:14,101.31,2092,101.32,D
sh688668,鼎通科技,2025-10-27 10:43:56,101.32,2722,101.44,D
sh688668,鼎通科技,2025-10-27 10:44:17,101.31,5028,101.33,D
sh688668,鼎通科技,2025-10-27 10:44:20,101.46,2714,101.31,U
sh688668,鼎通科技,2025-10-27 10:44:23,101.31,2270,101.46,D
sh688668,鼎通科技,2025-10-27 10:44:50,101.47,4321,101.48,D
sh688668,鼎通科技,2025-10-27 10:45:17,101.2,8307,101.28,D
sh688668,鼎通科技,2025-10-27 10:45:20,101.26,3426,101.2,U
sh688668,鼎通科技,2025-10-27 10:45:35,101.0,13445,101.11,D
sh688668,鼎通科技,2025-10-27 10:45:38,101.0,3083,101.0,D
sh688668,鼎通科技,2025-10-27 10:45:41,101.1,10795,101.0,U
sh688668,鼎通科技,2025-10-27 10:45:44,101.0,8448,101.1,D
sh688668,鼎通科技,2025-10-27 10:45:50,101.0,3565,101.0,D
sh688668,鼎通科技,2025-10-27 10:45:53,101.0,2985,101.0,D
sh688668,鼎通科技,2025-10-27 10:45:56,101.0,4679,101.0,D
sh688668,鼎通科技,2025-10-27 10:46:02,101.09,20751,100.99,U
sh688668,鼎通科技,2025-10-27 10:46:05,101.11,3796,101.09,U
sh688668,鼎通科技,2025-10-27 10:46:08,100.88,21060,101.11,D
sh688668,鼎通科技,2025-10-27 10:46:11,100.93,3336,100.88,E
sh688668,鼎通科技,2025-10-27 10:46:17,100.93,15141,100.92,D
sh688668,鼎通科技,2025-10-27 10:46:23,100.94,4183,101.3,E
sh688668,鼎通科技,2025-10-27 10:46:32,100.93,2309,100.93,U
sh688668,鼎通科技,2025-10-27 10:46:53,101.0,7398,100.93,U
sh688668,鼎通科技,2025-10-27 10:46:56,101.0,2252,101.0,D
sh688668,鼎通科技,2025-10-27 10:47:02,100.9,6696,101.0,D
sh688668,鼎通科技,2025-10-27 10:47:05,100.9,2424,100.9,U
sh688668,鼎通科技,2025-10-27 10:47:17,100.9,12064,100.8,U
sh688668,鼎通科技,2025-10-27 10:47:29,100.81,2200,100.9,D
sh688668,鼎通科技,2025-10-27 10:47:38,100.69,6884,100.84,D
sh688668,鼎通科技,2025-10-27 10:47:41,100.84,2637,100.69,U
sh688668,鼎通科技,2025-10-27 10:47:47,100.68,2378,100.69,D
sh688668,鼎通科技,2025-10-27 10:47:53,100.81,4101,100.71,U
sh688668,鼎通科技,2025-10-27 10:47:59,100.68,2629,100.81,D
sh688668,鼎通科技,2025-10-27 10:48:02,100.8,5660,100.68,U
sh688668,鼎通科技,2025-10-27 10:48:08,100.71,3086,100.81,D
sh688668,鼎通科技,2025-10-27 10:48:11,100.8,2878,100.71,U
sh688668,鼎通科技,2025-10-27 10:48:14,100.81,13080,100.8,U
sh688668,鼎通科技,2025-10-27 10:48:17,100.9,4262,100.81,U
sh688668,鼎通科技,2025-10-27 10:48:23,100.9,14212,100.9,U
sh688668,鼎通科技,2025-10-27 10:48:29,100.84,3068,100.9,D
sh688668,鼎通科技,2025-10-27 10:48:41,100.71,5759,100.84,D
sh688668,鼎通科技,2025-10-27 10:49:05,100.91,18453,100.82,U
sh688668,鼎通科技,2025-10-27 10:49:11,101.29,3107,100.91,U
sh688668,鼎通科技,2025-10-27 10:49:29,101.0,2000,101.21,D
sh688668,鼎通科技,2025-10-27 10:49:32,101.2,3804,101.0,U
sh688668,鼎通科技,2025-10-27 10:51:02,101.18,4265,101.29,D
sh688668,鼎通科技,2025-10-27 10:51:38,101.15,6244,101.22,D
sh688668,鼎通科技,2025-10-27 10:51:41,101.1,2166,101.15,D
sh688668,鼎通科技,2025-10-27 10:52:02,101.09,1979,101.1,D
sh688668,鼎通科技,2025-10-27 10:52:08,101.16,2825,101.21,E
sh688668,鼎通科技,2025-10-27 10:52:56,100.9,2462,101.1,D
sh688668,鼎通科技,2025-10-27 10:53:23,100.87,2000,101.01,D
sh688668,鼎通科技,2025-10-27 10:55:20,101.0,2264,101.08,D
sh688668,鼎通科技,2025-10-27 10:55:38,101.0,4195,101.1,D
sh688668,鼎通科技,2025-10-27 10:57:38,101.26,5257,101.25,U
sh688668,鼎通科技,2025-10-27 10:57:59,101.29,5200,101.3,D
sh688668,鼎通科技,2025-10-27 10:58:11,101.3,4900,101.34,D
sh688668,鼎通科技,2025-10-27 10:58:41,101.42,5673,101.42,U
sh688668,鼎通科技,2025-10-27 11:00:11,101.46,5805,101.59,D
sh688668,鼎通科技,2025-10-27 11:00:14,101.47,2090,101.46,U
sh688668,鼎通科技,2025-10-27 11:00:20,101.25,13509,101.36,D
sh688668,鼎通科技,2025-10-27 11:00:23,101.2,5510,101.25,D
sh688668,鼎通科技,2025-10-27 11:00:53,101.2,4436,101.28,D
sh688668,鼎通科技,2025-10-27 11:00:56,101.1,8693,101.2,D
sh688668,鼎通科技,2025-10-27 11:01:02,101.06,2257,101.11,D
sh688668,鼎通科技,2025-10-27 11:02:50,100.99,12322,100.98,U
sh688668,鼎通科技,2025-10-27 11:03:02,100.99,5980,100.98,U
sh688668,鼎通科技,2025-10-27 11:03:05,100.99,2834,100.99,D
sh688668,鼎通科技,2025-10-27 11:03:26,101.2,4616,101.0,E
sh688668,鼎通科技,2025-10-27 11:05:32,101.07,2363,101.08,U
sh688668,鼎通科技,2025-10-27 11:05:47,101.01,2131,101.0,E
sh688668,鼎通科技,2025-10-27 11:06:05,101.06,10702,101.06,U
sh688668,鼎通科技,2025-10-27 11:06:11,101.06,2711,101.06,U
sh688668,鼎通科技,2025-10-27 11:08:08,101.02,15945,101.4,D
sh688668,鼎通科技,2025-10-27 11:08:26,101.52,2370,101.55,U
sh688668,鼎通科技,2025-10-27 11:09:26,101.39,9050,101.39,D
sh688668,鼎通科技,2025-10-27 11:11:53,101.23,7149,101.37,D
sh688668,鼎通科技,2025-10-27 11:11:56,101.18,3699,101.23,D
sh688668,鼎通科技,2025-10-27 11:12:05,101.1,2907,101.16,D
sh688668,鼎通科技,2025-10-27 11:12:14,101.0,11139,101.1,D
sh688668,鼎通科技,2025-10-27 11:12:17,100.99,5876,101.0,D
sh688668,鼎通科技,2025-10-27 11:12:56,101.11,6294,101.11,D
sh688668,鼎通科技,2025-10-27 11:13:17,101.09,1994,101.06,U
sh688668,鼎通科技,2025-10-27 11:15:20,101.24,2424,101.33,D
sh688668,鼎通科技,2025-10-27 11:15:23,101.22,5703,101.24,D
sh688668,鼎通科技,2025-10-27 11:15:26,101.15,7086,101.22,D
sh688668,鼎通科技,2025-10-27 11:15:29,101.15,2279,101.15,D
sh688668,鼎通科技,2025-10-27 11:15:32,101.15,2221,101.15,D
sh688668,鼎通科技,2025-10-27 11:17:08,101.23,2826,101.03,U
sh688668,鼎通科技,2025-10-27 11:17:44,101.04,5183,101.18,D
sh688668,鼎通科技,2025-10-27 11:17:47,101.04,4374,101.04,U
sh688668,鼎通科技,2025-10-27 11:18:59,101.29,2885,101.3,D
sh688668,鼎通科技,2025-10-27 11:19:41,101.08,2000,101.23,D
sh688668,鼎通科技,2025-10-27 11:22:08,101.27,2873,101.25,U
sh688668,鼎通科技,2025-10-27 11:22:14,101.28,8722,101.27,U
sh688668,鼎通科技,2025-10-27 11:22:35,101.4,10600,101.33,U
sh688668,鼎通科技,2025-10-27 11:22:38,101.41,2227,101.4,U
sh688668,鼎通科技,2025-10-27 11:22:59,101.43,5600,101.43,U
sh688668,鼎通科技,2025-10-27 11:23:20,101.44,3908,101.43,U
sh688668,鼎通科技,2025-10-27 11:23:29,101.5,2198,101.5,U
sh688668,鼎通科技,2025-10-27 11:23:35,101.59,9874,101.5,U
sh688668,鼎通科技,2025-10-27 11:23:53,101.76,2130,101.76,U
sh688668,鼎通科技,2025-10-27 11:26:05,101.85,3513,101.76,U
sh688668,鼎通科技,2025-10-27 11:26:23,101.88,5292,101.82,U
sh688668,鼎通科技,2025-10-27 11:26:47,102.0,5845,101.8,U
sh688668,鼎通科技,2025-10-27 11:26:53,102.0,5326,102.0,D
sh688668,鼎通科技,2025-10-27 11:27:11,101.76,5644,101.92,D
sh688668,鼎通科技,2025-10-27 11:27:14,101.81,2089,101.76,U
sh688668,鼎通科技,2025-10-27 11:29:02,101.93,4722,101.85,U
sh688668,鼎通科技,2025-10-27 11:29:11,101.98,4919,101.93,U
sh688668,鼎通科技,2025-10-27 11:29:23,101.8,3000,101.98,D
sh688668,鼎通科技,2025-10-27 13:00:05,101.97,3800,101.96,U
sh688668,鼎通科技,2025-10-27 13:00:14,101.95,10016,101.96,D
sh688668,鼎通科技,2025-10-27 13:00:17,101.83,11617,101.95,D
sh688668,鼎通科技,2025-10-27 13:00:23,101.7,6552,101.82,D
sh688668,鼎通科技,2025-10-27 13:00:26,101.55,8963,101.7,D
sh688668,鼎通科技,2025-10-27 13:00:29,101.32,7904,101.55,D
sh688668,鼎通科技,2025-10-27 13:00:35,101.47,3068,101.47,U
sh688668,鼎通科技,2025-10-27 13:00:41,101.57,5426,101.47,U
sh688668,鼎通科技,2025-10-27 13:01:08,101.66,2525,101.47,U
sh688668,鼎通科技,2025-10-27 13:03:02,101.2,65692,101.43,D
sh688668,鼎通科技,2025-10-27 13:03:05,101.11,15322,101.2,D
sh688668,鼎通科技,2025-10-27 13:04:11,101.1,2570,101.07,U
sh688668,鼎通科技,2025-10-27 13:04:14,101.31,7074,101.1,U
sh688668,鼎通科技,2025-10-27 13:04:29,101.15,6444,101.28,E
sh688668,鼎通科技,2025-10-27 13:04:32,101.01,13317,101.15,E
sh688668,鼎通科技,2025-10-27 13:04:41,101.03,2477,101.03,D
sh688668,鼎通科技,2025-10-27 13:04:50,101.24,2443,101.24,U
sh688668,鼎通科技,2025-10-27 13:05:02,101.1,1998,101.04,D
sh688668,鼎通科技,2025-10-27 13:05:08,101.1,2200,101.11,D
sh688668,鼎通科技,2025-10-27 13:05:11,101.11,2191,101.1,U
sh688668,鼎通科技,2025-10-27 13:05:17,101.03,2271,101.11,D
sh688668,鼎通科技,2025-10-27 13:05:26,101.01,8272,101.02,D
sh688668,鼎通科技,2025-10-27 13:05:56,101.0,3422,100.93,D
sh688668,鼎通科技,2025-10-27 13:07:05,101.0,4094,100.91,U
sh688668,鼎通科技,2025-10-27 13:07:41,100.9,10200,101.13,D
sh688668,鼎通科技,2025-10-27 13:07:44,100.91,2442,100.9,E
sh688668,鼎通科技,2025-10-27 13:08:29,100.93,2091,100.93,D
sh688668,鼎通科技,2025-10-27 13:09:14,101.01,5647,101.09,D
sh688668,鼎通科技,2025-10-27 13:09:17,101.01,3797,101.01,U
sh688668,鼎通科技,2025-10-27 13:10:14,101.0,3534,101.02,D
sh688668,鼎通科技,2025-10-27 13:10:17,100.98,2639,101.0,D
sh688668,鼎通科技,2025-10-27 13:10:20,100.95,9593,100.98,D
sh688668,鼎通科技,2025-10-27 13:10:23,100.9,7103,100.95,D
sh688668,鼎通科技,2025-10-27 13:10:29,101.07,3074,100.9,U
sh688668,鼎通科技,2025-10-27 13:10:56,100.89,3556,100.9,D
sh688668,鼎通科技,2025-10-27 13:10:59,100.85,35290,100.89,D
sh688668,鼎通科技,2025-10-27 13:11:02,100.95,7759,100.85,E
sh688668,鼎通科技,2025-10-27 13:11:05,100.8,7264,100.95,D
sh688668,鼎通科技,2025-10-27 13:11:08,100.87,8193,100.8,U
sh688668,鼎通科技,2025-10-27 13:11:11,100.78,7616,100.87,D
sh688668,鼎通科技,2025-10-27 13:11:14,100.7,5827,100.78,D
sh688668,鼎通科技,2025-10-27 13:11:38,100.68,4688,100.67,U
sh688668,鼎通科技,2025-10-27 13:11:56,100.61,3255,100.66,D
sh688668,鼎通科技,2025-10-27 13:11:59,100.6,14474,100.61,D
sh688668,鼎通科技,2025-10-27 13:12:02,100.52,4554,100.6,D
sh688668,鼎通科技,2025-10-27 13:12:08,100.61,5491,100.61,U
sh688668,鼎通科技,2025-10-27 13:12:14,100.52,2837,100.66,D
sh688668,鼎通科技,2025-10-27 13:12:20,100.52,3055,100.52,D
sh688668,鼎通科技,2025-10-27 13:12:26,100.52,4682,100.86,D
sh688668,鼎通科技,2025-10-27 13:12:38,100.54,2000,100.51,E
sh688668,鼎通科技,2025-10-27 13:12:41,100.54,4608,100.54,U
sh688668,鼎通科技,2025-10-27 13:12:56,100.51,2000,100.51,D
sh688668,鼎通科技,2025-10-27 13:13:26,100.55,5528,100.54,U
sh688668,鼎通科技,2025-10-27 13:13:29,100.66,3047,100.55,E
sh688668,鼎通科技,2025-10-27 13:13:35,100.65,5318,100.56,E
sh688668,鼎通科技,2025-10-27 13:13:50,100.6,3243,100.55,D
sh688668,鼎通科技,2025-10-27 13:13:53,100.5,3550,100.6,D
sh688668,鼎通科技,2025-10-27 13:14:02,100.46,14378,100.5,D
sh688668,鼎通科技,2025-10-27 13:14:05,100.31,8918,100.46,D
sh688668,鼎通科技,2025-10-27 13:14:08,100.3,3017,100.31,D
sh688668,鼎通科技,2025-10-27 13:14:11,100.3,3381,100.3,D
sh688668,鼎通科技,2025-10-27 13:14:14,100.3,6175,100.3,D
sh688668,鼎通科技,2025-10-27 13:14:17,100.26,2672,100.3,D
sh688668,鼎通科技,2025-10-27 13:14:26,100.24,4125,100.21,U
sh688668,鼎通科技,2025-10-27 13:14:29,100.16,2308,100.24,D
sh688668,鼎通科技,2025-10-27 13:14:35,100.19,10622,100.18,E
sh688668,鼎通科技,2025-10-27 13:14:38,100.11,3456,100.19,D
sh688668,鼎通科技,2025-10-27 13:15:11,100.16,2203,100.2,U
sh688668,鼎通科技,2025-10-27 13:15:23,100.0,20460,100.1,D
sh688668,鼎通科技,2025-10-27 13:15:29,100.13,5462,100.0,E
sh688668,鼎通科技,2025-10-27 13:15:50,100.44,2140,100.44,D
sh688668,鼎通科技,2025-10-27 13:16:17,100.4,3424,100.23,U
sh688668,鼎通科技,2025-10-27 13:16:41,100.27,4186,100.23,E
sh688668,鼎通科技,2025-10-27 13:16:44,100.2,3377,100.27,D
sh688668,鼎通科技,2025-10-27 13:16:47,100.29,2705,100.2,E
sh688668,鼎通科技,2025-10-27 13:16:56,100.42,9164,100.37,U
sh688668,鼎通科技,2025-10-27 13:16:59,100.42,2888,100.42,D
sh688668,鼎通科技,2025-10-27 13:17:05,100.42,2435,100.42,U
sh688668,鼎通科技,2025-10-27 13:17:11,100.44,3654,100.42,U
sh688668,鼎通科技,2025-10-27 13:17:14,100.53,4235,100.44,U
sh688668,鼎通科技,2025-10-27 13:18:14,100.55,3009,100.7,D
sh688668,鼎通科技,2025-10-27 13:18:44,100.72,3500,100.7,U
sh688668,鼎通科技,2025-10-27 13:18:50,100.56,6814,100.56,U
sh688668,鼎通科技,2025-10-27 13:19:47,100.98,5627,100.97,U
sh688668,鼎通科技,2025-10-27 13:20:02,100.93,3993,100.94,D
sh688668,鼎通科技,2025-10-27 13:21:14,101.12,3426,101.07,U
sh688668,鼎通科技,2025-10-27 13:21:26,101.31,3010,101.23,U
sh688668,鼎通科技,2025-10-27 13:21:29,101.31,3693,101.31,U
sh688668,鼎通科技,2025-10-27 13:22:08,101.34,4435,101.3,U
sh688668,鼎通科技,2025-10-27 13:22:11,101.53,6398,101.34,U
sh688668,鼎通科技,2025-10-27 13:22:41,101.64,2600,101.65,U
sh688668,鼎通科技,2025-10-27 13:23:02,101.34,2368,101.65,D
sh688668,鼎通科技,2025-10-27 13:23:08,101.23,3440,101.49,D
sh688668,鼎通科技,2025-10-27 13:23:11,101.42,3098,101.23,U
sh688668,鼎通科技,2025-10-27 13:24:14,101.07,5172,101.04,U
sh688668,鼎通科技,2025-10-27 13:25:11,101.27,6343,101.27,D
sh688668,鼎通科技,2025-10-27 13:25:14,101.01,2772,101.27,D
sh688668,鼎通科技,2025-10-27 13:25:26,101.0,5378,101.1,D
sh688668,鼎通科技,2025-10-27 13:25:29,101.0,4673,101.0,U
sh688668,鼎通科技,2025-10-27 13:25:41,101.0,7064,100.93,U
sh688668,鼎通科技,2025-10-27 13:25:44,100.95,6948,101.0,D
sh688668,鼎通科技,2025-10-27 13:26:14,100.95,3392,101.0,D
sh688668,鼎通科技,2025-10-27 13:26:17,101.0,10538,100.95,U
sh688668,鼎通科技,2025-10-27 13:27:05,100.93,2200,101.0,D
sh688668,鼎通科技,2025-10-27 13:27:08,101.0,2965,100.93,U
sh688668,鼎通科技,2025-10-27 13:27:56,100.93,4780,100.94,D
sh688668,鼎通科技,2025-10-27 13:28:05,100.87,3726,100.91,D
sh688668,鼎通科技,2025-10-27 13:28:17,100.86,4062,100.86,U
sh688668,鼎通科技,2025-10-27 13:28:35,100.8,8100,100.94,D
sh688668,鼎通科技,2025-10-27 13:28:41,100.79,4388,100.8,D
sh688668,鼎通科技,2025-10-27 13:29:02,100.96,6048,100.81,U
sh688668,鼎通科技,2025-10-27 13:29:05,101.04,5328,100.96,U
sh688668,鼎通科技,2025-10-27 13:29:20,101.36,8838,101.31,U
sh688668,鼎通科技,2025-10-27 13:29:35,101.36,2260,101.37,E
sh688668,鼎通科技,2025-10-27 13:29:59,101.0,5644,101.05,D
sh688668,鼎通科技,2025-10-27 13:31:02,101.0,4024,101.26,D
sh688668,鼎通科技,2025-10-27 13:33:20,100.91,2200,100.8,E
sh688668,鼎通科技,2025-10-27 13:34:02,100.96,3049,100.94,U
sh688668,鼎通科技,2025-10-27 13:34:05,100.94,2445,100.96,D
sh688668,鼎通科技,2025-10-27 13:34:08,100.93,4067,100.94,D
sh688668,鼎通科技,2025-10-27 13:34:17,100.94,4576,100.93,U
sh688668,鼎通科技,2025-10-27 13:34:20,100.97,2538,100.94,U
sh688668,鼎通科技,2025-10-27 13:34:47,101.0,2087,100.99,U
sh688668,鼎通科技,2025-10-27 13:35:02,101.01,2579,101.18,D
sh688668,鼎通科技,2025-10-27 13:35:11,101.0,2602,101.01,D
sh688668,鼎通科技,2025-10-27 13:36:08,101.1,3497,100.99,U
sh688668,鼎通科技,2025-10-27 13:36:38,101.1,3071,101.1,D
sh688668,鼎通科技,2025-10-27 13:36:56,101.13,2700,101.0,U
sh688668,鼎通科技,2025-10-27 13:37:02,101.1,2995,101.0,U
sh688668,鼎通科技,2025-10-27 13:37:05,101.11,3422,101.1,U
sh688668,鼎通科技,2025-10-27 13:37:14,101.0,10300,101.09,D
sh688668,鼎通科技,2025-10-27 13:37:17,100.97,4054,101.0,D
sh688668,鼎通科技,2025-10-27 13:37:50,100.68,3345,100.7,D
sh688668,鼎通科技,2025-10-27 13:38:02,100.67,5300,100.68,D
sh688668,鼎通科技,2025-10-27 13:38:05,100.68,2842,100.67,E
sh688668,鼎通科技,2025-10-27 13:39:02,100.9,2876,100.91,D
sh688668,鼎通科技,2025-10-27 13:40:02,100.97,12696,100.9,U
sh688668,鼎通科技,2025-10-27 13:40:05,100.75,2075,100.97,D
sh688668,鼎通科技,2025-10-27 13:40:38,100.67,2306,100.68,D
sh688668,鼎通科技,2025-10-27 13:40:41,100.74,14994,100.67,U
sh688668,鼎通科技,2025-10-27 13:40:44,100.54,4175,100.74,D
sh688668,鼎通科技,2025-10-27 13:40:53,100.51,2856,100.52,D
sh688668,鼎通科技,2025-10-27 13:40:56,100.51,3000,100.51,D
sh688668,鼎通科技,2025-10-27 13:41:35,100.52,4150,100.55,D
sh688668,鼎通科技,2025-10-27 13:41:47,100.53,2699,100.53,U
sh688668,鼎通科技,2025-10-27 13:41:59,100.54,2029,100.54,U
sh688668,鼎通科技,2025-10-27 13:42:11,100.54,5100,100.54,D
sh688668,鼎通科技,2025-10-27 13:42:14,100.43,15382,100.54,D
sh688668,鼎通科技,2025-10-27 13:42:20,100.55,2776,100.43,U
sh688668,鼎通科技,2025-10-27 13:42:35,100.6,10000,100.43,U
sh688668,鼎通科技,2025-10-27 13:42:38,100.4,4529,100.6,D
sh688668,鼎通科技,2025-10-27 13:43:14,100.31,5274,100.33,D
sh688668,鼎通科技,2025-10-27 13:43:35,100.31,4969,100.31,D
sh688668,鼎通科技,2025-10-27 13:44:17,100.31,3929,100.32,D
sh688668,鼎通科技,2025-10-27 13:44:20,100.3,6821,100.31,D
sh688668,鼎通科技,2025-10-27 13:44:23,100.32,3188,100.3,U
sh688668,鼎通科技,2025-10-27 13:44:26,100.32,9577,100.32,U
sh688668,鼎通科技,2025-10-27 13:44:35,100.33,4402,100.33,U
sh688668,鼎通科技,2025-10-27 13:44:41,100.32,2000,100.34,D
sh688668,鼎通科技,2025-10-27 13:44:59,100.42,3031,100.4,U
sh688668,鼎通科技,2025-10-27 13:45:14,101.0,5967,100.43,U
sh688668,鼎通科技,2025-10-27 13:45:29,100.7,22266,100.45,E
sh688668,鼎通科技,2025-10-27 13:45:32,100.5,6732,100.7,E
sh688668,鼎通科技,2025-10-27 13:45:50,100.5,2184,100.5,U
sh688668,鼎通科技,2025-10-27 13:46:08,100.53,3468,100.52,U
sh688668,鼎通科技,2025-10-27 13:48:44,100.71,4200,100.71,D
sh688668,鼎通科技,2025-10-27 13:48:59,100.55,15064,100.71,D
sh688668,鼎通科技,2025-10-27 13:49:29,100.55,2721,100.69,D
sh688668,鼎通科技,2025-10-27 13:50:11,100.65,2013,100.66,U
sh688668,鼎通科技,2025-10-27 13:50:26,100.65,2341,100.56,U
sh688668,鼎通科技,2025-10-27 13:50:35,100.65,2115,100.65,D
sh688668,鼎通科技,2025-10-27 13:50:47,100.71,2782,100.65,U
sh688668,鼎通科技,2025-10-27 13:51:23,100.65,3012,100.67,D
sh688668,鼎通科技,2025-10-27 13:52:11,100.63,5126,100.56,U
sh688668,鼎通科技,2025-10-27 13:52:17,100.65,3092,100.56,U
sh688668,鼎通科技,2025-10-27 13:53:20,100.55,2000,100.59,D
sh688668,鼎通科技,2025-10-27 13:53:23,100.54,8049,100.55,D
sh688668,鼎通科技,2025-10-27 13:53:26,100.53,8281,100.54,D
sh688668,鼎通科技,2025-10-27 13:53:35,100.52,9962,100.52,D
sh688668,鼎通科技,2025-10-27 13:53:53,100.51,8069,100.52,D
sh688668,鼎通科技,2025-10-27 13:53:56,100.51,2659,100.51,D
sh688668,鼎通科技,2025-10-27 13:53:59,100.51,9114,100.51,D
sh688668,鼎通科技,2025-10-27 13:54:05,100.5,4843,100.51,D
sh688668,鼎通科技,2025-10-27 13:54:08,100.4,9297,100.5,D
sh688668,鼎通科技,2025-10-27 13:54:11,100.39,6614,100.4,D
sh688668,鼎通科技,2025-10-27 13:54:14,100.51,9332,100.39,U
sh688668,鼎通科技,2025-10-27 13:54:17,100.51,2605,100.51,D
sh688668,鼎通科技,2025-10-27 13:54:20,100.51,2241,100.51,D
sh688668,鼎通科技,2025-10-27 13:54:23,100.51,10485,100.51,D
sh688668,鼎通科技,2025-10-27 13:54:26,100.51,17351,100.51,D
sh688668,鼎通科技,2025-10-27 13:54:35,100.51,3933,100.51,D
sh688668,鼎通科技,2025-10-27 13:54:47,100.51,2229,100.51,D
sh688668,鼎通科技,2025-10-27 13:55:14,100.39,2300,100.39,D
sh688668,鼎通科技,2025-10-27 13:55:41,100.4,3500,100.4,D
sh688668,鼎通科技,2025-10-27 13:56:08,100.5,10200,100.43,U
sh688668,鼎通科技,2025-10-27 13:56:38,100.5,4393,100.5,U
sh688668,鼎通科技,2025-10-27 13:56:53,100.4,3581,100.41,D
sh688668,鼎通科技,2025-10-27 13:56:59,100.5,2096,100.39,U
sh688668,鼎通科技,2025-10-27 13:57:35,100.42,2200,100.42,D
sh688668,鼎通科技,2025-10-27 13:57:38,100.39,3471,100.42,D
sh688668,鼎通科技,2025-10-27 13:57:41,100.39,11168,100.39,D
sh688668,鼎通科技,2025-10-27 13:57:44,100.33,3329,100.39,D
sh688668,鼎通科技,2025-10-27 13:57:59,100.3,3995,100.34,D
sh688668,鼎通科技,2025-10-27 13:58:14,100.28,9351,100.32,D
sh688668,鼎通科技,2025-10-27 13:58:17,100.25,2097,100.28,D
sh688668,鼎通科技,2025-10-27 13:58:32,100.24,2042,100.21,U
sh688668,鼎通科技,2025-10-27 13:58:44,100.2,3430,100.2,D
sh688668,鼎通科技,2025-10-27 13:58:53,100.2,4678,100.2,D
sh688668,鼎通科技,2025-10-27 13:58:59,100.2,7616,100.2,D
sh688668,鼎通科技,2025-10-27 13:59:05,100.2,2111,100.2,D
sh688668,鼎通科技,2025-10-27 13:59:08,100.19,2157,100.2,D
sh688668,鼎通科技,2025-10-27 13:59:26,100.13,3747,100.16,D
sh688668,鼎通科技,2025-10-27 13:59:32,100.16,4800,100.13,U
sh688668,鼎通科技,2025-10-27 13:59:35,100.17,3342,100.16,U
sh688668,鼎通科技,2025-10-27 13:59:47,100.15,4329,100.16,E
sh688668,鼎通科技,2025-10-27 14:00:11,100.14,3043,100.14,D
sh688668,鼎通科技,2025-10-27 14:00:17,100.2,5597,100.14,U
sh688668,鼎通科技,2025-10-27 14:00:20,100.3,3616,100.2,U
sh688668,鼎通科技,2025-10-27 14:00:23,100.31,2888,100.3,U
sh688668,鼎通科技,2025-10-27 14:00:35,100.34,2217,100.34,U
sh688668,鼎通科技,2025-10-27 14:01:05,100.2,3248,100.4,D
sh688668,鼎通科技,2025-10-27 14:01:14,100.16,3655,100.4,D
sh688668,鼎通科技,2025-10-27 14:01:32,100.15,8609,100.29,D
sh688668,鼎通科技,2025-10-27 14:02:32,100.5,3658,100.44,U
sh688668,鼎通科技,2025-10-27 14:03:02,100.53,2005,100.52,U
sh688668,鼎通科技,2025-10-27 14:03:29,100.71,2300,100.58,U
sh688668,鼎通科技,2025-10-27 14:04:14,100.8,11319,100.72,U
sh688668,鼎通科技,2025-10-27 14:04:32,100.88,2674,100.8,U
sh688668,鼎通科技,2025-10-27 14:04:44,100.98,13436,100.81,U
sh688668,鼎通科技,2025-10-27 14:04:47,101.0,7300,100.98,U
sh688668,鼎通科技,2025-10-27 14:04:59,101.1,3184,101.0,U
sh688668,鼎通科技,2025-10-27 14:05:14,101.2,2500,101.2,U
sh688668,鼎通科技,2025-10-27 14:06:56,100.9,2831,100.9,D
sh688668,鼎通科技,2025-10-27 14:07:23,100.9,2800,100.9,D
sh688668,鼎通科技,2025-10-27 14:07:29,100.9,2100,100.9,D
sh688668,鼎通科技,2025-10-27 14:07:53,100.87,32232,100.9,D
sh688668,鼎通科技,2025-10-27 14:07:56,100.55,5951,100.87,D
sh688668,鼎通科技,2025-10-27 14:07:59,100.55,3353,100.55,D
sh688668,鼎通科技,2025-10-27 14:08:11,100.3,18462,100.57,D
sh688668,鼎通科技,2025-10-27 14:08:20,100.55,2790,100.31,U
sh688668,鼎通科技,2025-10-27 14:08:23,100.32,2000,100.55,D
sh688668,鼎通科技,2025-10-27 14:09:41,100.57,2017,100.57,U
sh688668,鼎通科技,2025-10-27 14:09:53,100.57,2000,100.57,D
sh688668,鼎通科技,2025-10-27 14:10:20,100.56,3903,100.56,D
sh688668,鼎通科技,2025-10-27 14:10:26,100.6,4247,100.59,U
sh688668,鼎通科技,2025-10-27 14:10:29,100.6,2891,100.6,U
sh688668,鼎通科技,2025-10-27 14:10:35,100.6,3140,100.6,D
sh688668,鼎通科技,2025-10-27 14:12:20,100.63,2544,100.64,D
sh688668,鼎通科技,2025-10-27 14:14:14,100.6,3876,100.61,D
sh688668,鼎通科技,2025-10-27 14:14:50,100.57,2282,100.57,U
sh688668,鼎通科技,2025-10-27 14:15:29,100.5,4243,100.53,D
sh688668,鼎通科技,2025-10-27 14:16:20,100.47,2201,100.45,U
sh688668,鼎通科技,2025-10-27 14:16:26,100.45,3269,100.45,D
sh688668,鼎通科技,2025-10-27 14:16:29,100.45,7365,100.45,D
sh688668,鼎通科技,2025-10-27 14:16:56,100.44,3820,100.4,U
sh688668,鼎通科技,2025-10-27 14:17:02,100.38,19159,100.39,D
sh688668,鼎通科技,2025-10-27 14:17:05,100.49,3397,100.38,U
sh688668,鼎通科技,2025-10-27 14:19:32,100.41,7665,100.39,U
sh688668,鼎通科技,2025-10-27 14:19:38,100.47,4634,100.41,U
sh688668,鼎通科技,2025-10-27 14:20:17,100.53,2594,100.5,U
sh688668,鼎通科技,2025-10-27 14:20:35,100.6,2555,100.6,D
sh688668,鼎通科技,2025-10-27 14:21:17,100.7,2826,100.6,U
sh688668,鼎通科技,2025-10-27 14:21:23,100.46,20000,100.7,D
sh688668,鼎通科技,2025-10-27 14:23:41,100.5,9551,100.5,U
sh688668,鼎通科技,2025-10-27 14:23:53,100.56,2162,100.55,U
sh688668,鼎通科技,2025-10-27 14:25:17,100.6,4506,100.61,D
sh688668,鼎通科技,2025-10-27 14:25:32,100.6,12555,100.57,U
sh688668,鼎通科技,2025-10-27 14:26:26,100.8,4653,100.85,D
sh688668,鼎通科技,2025-10-27 14:27:02,100.84,3621,100.85,E
sh688668,鼎通科技,2025-10-27 14:27:05,100.88,4300,100.84,U
sh688668,鼎通科技,2025-10-27 14:27:32,100.98,3400,100.94,U
sh688668,鼎通科技,2025-10-27 14:27:41,100.99,10599,100.97,U
sh688668,鼎通科技,2025-10-27 14:28:11,101.0,2228,101.0,D
sh688668,鼎通科技,2025-10-27 14:28:14,100.89,6999,101.0,D
sh688668,鼎通科技,2025-10-27 14:30:59,100.8,2506,100.71,U
sh688668,鼎通科技,2025-10-27 14:31:02,100.81,2595,100.8,U
sh688668,鼎通科技,2025-10-27 14:31:17,100.81,6395,100.8,U
sh688668,鼎通科技,2025-10-27 14:32:02,100.66,5461,100.72,D
sh688668,鼎通科技,2025-10-27 14:32:08,100.71,2993,100.66,U
sh688668,鼎通科技,2025-10-27 14:32:17,100.7,2303,100.71,D
sh688668,鼎通科技,2025-10-27 14:32:26,100.7,2431,100.7,D
sh688668,鼎通科技,2025-10-27 14:32:53,100.66,3006,100.62,U
sh688668,鼎通科技,2025-10-27 14:32:56,100.66,3200,100.66,D
sh688668,鼎通科技,2025-10-27 14:33:35,100.54,3918,100.5,U
sh688668,鼎通科技,2025-10-27 14:33:53,100.52,3110,100.52,D
sh688668,鼎通科技,2025-10-27 14:34:08,100.52,3689,100.52,U
sh688668,鼎通科技,2025-10-27 14:35:44,100.73,13200,100.58,U
sh688668,鼎通科技,2025-10-27 14:36:23,100.59,3008,100.6,D
sh688668,鼎通科技,2025-10-27 14:37:26,100.5,5313,100.5,D
sh688668,鼎通科技,2025-10-27 14:37:29,100.5,4360,100.5,D
sh688668,鼎通科技,2025-10-27 14:37:32,100.5,3924,100.5,D
sh688668,鼎通科技,2025-10-27 14:37:35,100.5,11640,100.5,D
sh688668,鼎通科技,2025-10-27 14:38:44,100.4,4800,100.41,D
sh688668,鼎通科技,2025-10-27 14:38:56,100.4,4803,100.41,D
sh688668,鼎通科技,2025-10-27 14:39:17,100.39,2615,100.39,D
sh688668,鼎通科技,2025-10-27 14:39:26,100.38,8656,100.38,U
sh688668,鼎通科技,2025-10-27 14:39:50,100.4,7038,100.36,U
sh688668,鼎通科技,2025-10-27 14:41:56,100.49,6800,100.5,D
sh688668,鼎通科技,2025-10-27 14:42:02,100.52,3114,100.49,U
sh688668,鼎通科技,2025-10-27 14:42:05,100.53,2900,100.52,U
sh688668,鼎通科技,2025-10-27 14:42:41,100.49,5550,100.55,D
sh688668,鼎通科技,2025-10-27 14:44:35,100.75,5000,100.7,U
sh688668,鼎通科技,2025-10-27 14:44:50,100.7,2154,100.7,U
sh688668,鼎通科技,2025-10-27 14:45:02,100.66,2496,100.7,D
sh688668,鼎通科技,2025-10-27 14:45:11,100.65,4410,100.66,D
sh688668,鼎通科技,2025-10-27 14:45:14,100.68,7030,100.65,U
sh688668,鼎通科技,2025-10-27 14:45:29,100.8,8000,100.69,U
sh688668,鼎通科技,2025-10-27 14:45:47,101.0,16781,100.8,U
sh688668,鼎通科技,2025-10-27 14:46:50,100.76,5382,100.68,U
sh688668,鼎通科技,2025-10-27 14:47:05,100.68,2904,100.76,D
sh688668,鼎通科技,2025-10-27 14:47:11,100.77,5785,100.68,U
sh688668,鼎通科技,2025-10-27 14:47:14,100.77,2590,100.77,D
sh688668,鼎通科技,2025-10-27 14:47:20,101.0,12643,100.77,U
sh688668,鼎通科技,2025-10-27 14:47:53,100.99,3600,100.82,U
sh688668,鼎通科技,2025-10-27 14:48:05,100.77,10934,100.99,D
sh688668,鼎通科技,2025-10-27 14:48:11,100.77,5330,100.77,D
sh688668,鼎通科技,2025-10-27 14:48:41,100.77,2669,100.81,D
sh688668,鼎通科技,2025-10-27 14:48:59,100.76,2362,100.77,D
sh688668,鼎通科技,2025-10-27 14:49:08,100.77,9766,100.68,U
sh688668,鼎通科技,2025-10-27 14:49:20,100.66,2627,100.67,D
sh688668,鼎通科技,2025-10-27 14:51:08,100.68,3649,100.68,D
sh688668,鼎通科技,2025-10-27 14:51:38,100.7,2500,100.69,U
sh688668,鼎通科技,2025-10-27 14:51:44,100.7,3260,100.7,U
sh688668,鼎通科技,2025-10-27 14:51:56,100.71,5257,100.71,U
sh688668,鼎通科技,2025-10-27 14:51:59,100.72,3173,100.71,U
sh688668,鼎通科技,2025-10-27 14:52:41,100.69,4076,100.72,D
sh688668,鼎通科技,2025-10-27 14:52:56,100.68,2780,100.68,D
sh688668,鼎通科技,2025-10-27 14:53:02,100.68,5235,100.68,D
sh688668,鼎通科技,2025-10-27 14:53:11,100.67,2491,100.67,D
sh688668,鼎通科技,2025-10-27 14:53:17,100.69,10609,100.67,U
sh688668,鼎通科技,2025-10-27 14:53:29,100.62,10015,100.69,D
sh688668,鼎通科技,2025-10-27 14:53:59,100.6,2200,100.53,U
sh688668,鼎通科技,2025-10-27 14:54:05,100.6,3782,100.59,U
sh688668,鼎通科技,2025-10-27 14:54:11,100.61,3729,100.6,U
sh688668,鼎通科技,2025-10-27 14:54:17,100.66,2136,100.61,U
sh688668,鼎通科技,2025-10-27 14:54:32,100.62,2298,100.62,U
sh688668,鼎通科技,2025-10-27 14:54:41,100.63,3884,100.62,D
sh688668,鼎通科技,2025-10-27 14:54:44,100.65,2730,100.63,U
sh688668,鼎通科技,2025-10-27 14:54:59,100.66,3228,100.65,U
sh688668,鼎通科技,2025-10-27 14:55:14,100.61,20436,100.68,D
sh688668,鼎通科技,2025-10-27 14:55:26,100.62,6583,100.72,D
sh688668,鼎通科技,2025-10-27 14:55:35,100.6,8769,100.63,D
sh688668,鼎通科技,2025-10-27 14:56:14,100.5,2000,100.52,D
sh688668,鼎通科技,2025-10-27 14:56:32,100.58,6497,100.58,D
sh688668,鼎通科技,2025-10-27 14:56:38,100.58,2500,100.53,U
sh688668,鼎通科技,2025-10-27 14:56:50,100.58,4208,100.58,D
sh688668,鼎通科技,2025-10-27 15:00:03,100.6,54273,100.54,U
