symbol,name,ticktime,price,volume,prev_price,kind
sz300850,新强联,2025-10-09 09:25:00,44.15,237900,0.0,U
sz300850,新强联,2025-10-09 09:30:00,44.0,195100,44.15,D
sz300850,新强联,2025-10-09 09:30:03,43.78,213100,44.0,D
sz300850,新强联,2025-10-09 09:30:06,43.66,31900,43.78,D
sz300850,新强联,2025-10-09 09:30:09,43.58,31300,43.66,D
sz300850,新强联,2025-10-09 09:30:12,43.51,14100,43.58,D
sz300850,新强联,2025-10-09 09:30:15,43.48,32400,43.51,D
sz300850,新强联,2025-10-09 09:30:18,43.48,23400,43.48,D
sz300850,新强联,2025-10-09 09:30:27,43.23,22700,43.3,D
sz300850,新强联,2025-10-09 09:30:30,43.25,40500,43.23,E
sz300850,新强联,2025-10-09 09:30:33,43.23,35600,43.25,D
sz300850,新强联,2025-10-09 09:30:36,43.23,57400,43.23,U
sz300850,新强联,2025-10-09 09:30:39,43.13,190100,43.23,E
sz300850,新强联,2025-10-09 09:30:42,43.28,80200,43.13,U
sz300850,新强联,2025-10-09 09:30:45,43.41,125100,43.28,U
sz300850,新强联,2025-10-09 09:30:48,43.41,29400,43.41,D
sz300850,新强联,2025-10-09 09:30:51,43.38,14000,43.41,E
sz300850,新强联,2025-10-09 09:30:54,43.23,49000,43.38,D
sz300850,新强联,2025-10-09 09:30:57,43.19,29000,43.23,E
sz300850,新强联,2025-10-09 09:31:00,43.2,28900,43.19,U
sz300850,新强联,2025-10-09 09:31:03,43.22,36100,43.2,U
sz300850,新强联,2025-10-09 09:31:06,43.24,31900,43.22,U
sz300850,新强联,2025-10-09 09:31:09,43.15,42100,43.24,D
sz300850,新强联,2025-10-09 09:31:12,42.94,82200,43.15,D
sz300850,新强联,2025-10-09 09:31:15,42.98,37200,42.94,U
sz300850,新强联,2025-10-09 09:31:18,42.99,9800,42.98,E
sz300850,新强联,2025-10-09 09:31:21,43.07,23800,42.99,E
sz300850,新强联,2025-10-09 09:31:24,42.99,7100,43.07,E
sz300850,新强联,2025-10-09 09:31:27,42.95,15700,42.99,D
sz300850,新强联,2025-10-09 09:31:30,42.97,25500,42.95,U
sz300850,新强联,2025-10-09 09:31:33,42.91,30900,42.97,D
sz300850,新强联,2025-10-09 09:31:36,42.88,17300,42.91,D
sz300850,新强联,2025-10-09 09:31:39,42.88,5100,42.88,D
sz300850,新强联,2025-10-09 09:31:42,42.88,29300,42.88,U
sz300850,新强联,2025-10-09 09:31:45,42.91,80300,42.88,U
sz300850,新强联,2025-10-09 09:31:48,42.92,10700,42.91,E
sz300850,新强联,2025-10-09 09:31:51,42.91,42800,42.92,D
sz300850,新强联,2025-10-09 09:31:54,42.82,51300,42.91,D
sz300850,新强联,2025-10-09 09:31:57,42.88,26600,42.82,U
sz300850,新强联,2025-10-09 09:32:00,42.82,36700,42.88,D
sz300850,新强联,2025-10-09 09:32:03,42.88,43900,42.82,U
sz300850,新强联,2025-10-09 09:32:06,42.89,18200,42.88,U
sz300850,新强联,2025-10-09 09:32:09,42.98,7300,42.89,U
sz300850,新强联,2025-10-09 09:32:12,43.03,18900,42.98,U
sz300850,新强联,2025-10-09 09:32:15,43.04,10142,43.03,E
sz300850,新强联,2025-10-09 09:32:21,43.16,24100,43.13,U
sz300850,新强联,2025-10-09 09:32:24,43.13,18700,43.16,D
sz300850,新强联,2025-10-09 09:32:27,43.17,11400,43.13,U
sz300850,新强联,2025-10-09 09:32:30,43.17,5986,43.17,U
sz300850,新强联,2025-10-09 09:32:33,43.22,43500,43.17,U
sz300850,新强联,2025-10-09 09:32:36,43.36,29000,43.22,U
sz300850,新强联,2025-10-09 09:32:39,43.37,5000,43.36,U
sz300850,新强联,2025-10-09 09:32:42,43.54,50800,43.37,U
sz300850,新强联,2025-10-09 09:32:45,43.52,18900,43.54,E
sz300850,新强联,2025-10-09 09:32:48,43.63,5500,43.52,U
sz300850,新强联,2025-10-09 09:32:51,43.67,30500,43.63,U
sz300850,新强联,2025-10-09 09:32:54,43.69,32500,43.67,E
sz300850,新强联,2025-10-09 09:32:57,43.7,27200,43.69,E
sz300850,新强联,2025-10-09 09:33:00,43.77,13900,43.7,E
sz300850,新强联,2025-10-09 09:33:03,43.79,18700,43.77,E
sz300850,新强联,2025-10-09 09:33:06,43.8,43000,43.79,U
sz300850,新强联,2025-10-09 09:33:09,43.85,15000,43.8,U
sz300850,新强联,2025-10-09 09:33:12,43.82,19200,43.85,D
sz300850,新强联,2025-10-09 09:33:15,43.88,13500,43.82,U
sz300850,新强联,2025-10-09 09:33:18,43.94,8500,43.88,U
sz300850,新强联,2025-10-09 09:33:24,43.71,105100,43.94,D
sz300850,新强联,2025-10-09 09:33:27,43.67,25500,43.71,D
sz300850,新强联,2025-10-09 09:33:30,43.63,22900,43.67,D
sz300850,新强联,2025-10-09 09:33:33,43.63,22400,43.63,E
sz300850,新强联,2025-10-09 09:33:36,43.6,59800,43.63,D
sz300850,新强联,2025-10-09 09:33:39,43.52,20200,43.6,D
sz300850,新强联,2025-10-09 09:33:42,43.56,17200,43.52,U
sz300850,新强联,2025-10-09 09:33:45,43.55,17100,43.56,D
sz300850,新强联,2025-10-09 09:33:48,43.57,32500,43.55,D
sz300850,新强联,2025-10-09 09:33:51,43.58,10700,43.57,U
sz300850,新强联,2025-10-09 09:33:54,43.47,23300,43.58,D
sz300850,新强联,2025-10-09 09:33:57,43.51,33700,43.47,U
sz300850,新强联,2025-10-09 09:34:00,43.41,7600,43.51,D
sz300850,新强联,2025-10-09 09:34:03,43.47,54500,43.41,E
sz300850,新强联,2025-10-09 09:34:06,43.36,11400,43.47,D
sz300850,新强联,2025-10-09 09:34:09,43.41,15700,43.36,U
sz300850,新强联,2025-10-09 09:34:12,43.46,5400,43.41,U
sz300850,新强联,2025-10-09 09:34:15,43.46,5400,43.46,U
sz300850,新强联,2025-10-09 09:34:18,43.47,27100,43.46,U
sz300850,新强联,2025-10-09 09:34:21,43.46,6500,43.47,E
sz300850,新强联,2025-10-09 09:34:24,43.47,26700,43.46,E
sz300850,新强联,2025-10-09 09:34:27,43.55,13000,43.47,U
sz300850,新强联,2025-10-09 09:34:30,43.56,5800,43.55,U
sz300850,新强联,2025-10-09 09:34:33,43.57,6400,43.56,U
sz300850,新强联,2025-10-09 09:34:36,43.54,5500,43.57,D
sz300850,新强联,2025-10-09 09:34:39,43.55,16800,43.54,U
sz300850,新强联,2025-10-09 09:34:42,43.57,26900,43.55,U
sz300850,新强联,2025-10-09 09:34:45,43.56,7400,43.57,D
sz300850,新强联,2025-10-09 09:34:48,43.56,6800,43.56,D
sz300850,新强联,2025-10-09 09:34:51,43.55,45600,43.56,D
sz300850,新强联,2025-10-09 09:34:54,43.57,9200,43.55,U
sz300850,新强联,2025-10-09 09:34:57,43.58,10200,43.57,E
sz300850,新强联,2025-10-09 09:35:00,43.57,9500,43.58,D
sz300850,新强联,2025-10-09 09:35:03,43.59,15500,43.57,U
sz300850,新强联,2025-10-09 09:35:06,43.57,8200,43.59,U
sz300850,新强联,2025-10-09 09:35:09,43.54,49200,43.57,D
sz300850,新强联,2025-10-09 09:35:12,43.55,13700,43.54,U
sz300850,新强联,2025-10-09 09:35:15,43.55,26900,43.55,U
sz300850,新强联,2025-10-09 09:35:18,43.57,41200,43.55,U
sz300850,新强联,2025-10-09 09:35:21,43.57,6300,43.57,D
sz300850,新强联,2025-10-09 09:35:27,43.57,6700,43.62,U
sz300850,新强联,2025-10-09 09:35:30,43.57,16100,43.57,D
sz300850,新强联,2025-10-09 09:35:33,43.6,6200,43.57,U
sz300850,新强联,2025-10-09 09:35:36,43.63,10200,43.6,U
sz300850,新强联,2025-10-09 09:35:45,43.63,4600,43.63,U
sz300850,新强联,2025-10-09 09:35:54,43.57,8900,43.59,D
sz300850,新强联,2025-10-09 09:35:57,43.58,22200,43.57,U
sz300850,新强联,2025-10-09 09:36:00,43.62,19400,43.58,U
sz300850,新强联,2025-10-09 09:36:03,43.6,14100,43.62,D
sz300850,新强联,2025-10-09 09:36:06,43.6,11200,43.6,D
sz300850,新强联,2025-10-09 09:36:09,43.61,13000,43.6,E
sz300850,新强联,2025-10-09 09:36:12,43.62,10300,43.61,U
sz300850,新强联,2025-10-09 09:36:15,43.6,6600,43.62,D
sz300850,新强联,2025-10-09 09:36:18,43.58,29400,43.6,D
sz300850,新强联,2025-10-09 09:36:21,43.51,73600,43.58,D
sz300850,新强联,2025-10-09 09:36:24,43.5,5900,43.51,D
sz300850,新强联,2025-10-09 09:36:27,43.4,32500,43.5,D
sz300850,新强联,2025-10-09 09:36:30,43.47,10300,43.4,U
sz300850,新强联,2025-10-09 09:36:33,43.42,5200,43.47,E
sz300850,新强联,2025-10-09 09:36:36,43.4,20200,43.42,D
sz300850,新强联,2025-10-09 09:36:39,43.36,15400,43.4,D
sz300850,新强联,2025-10-09 09:36:42,43.39,111091,43.36,U
sz300850,新强联,2025-10-09 09:36:45,43.47,8800,43.39,U
sz300850,新强联,2025-10-09 09:36:48,43.49,14000,43.47,U
sz300850,新强联,2025-10-09 09:36:51,43.55,18200,43.49,E
sz300850,新强联,2025-10-09 09:37:03,43.41,21400,43.42,D
sz300850,新强联,2025-10-09 09:37:06,43.49,43345,43.41,U
sz300850,新强联,2025-10-09 09:37:09,43.42,5600,43.49,D
sz300850,新强联,2025-10-09 09:37:18,43.49,36100,43.47,U
sz300850,新强联,2025-10-09 09:37:21,43.5,7700,43.49,U
sz300850,新强联,2025-10-09 09:37:24,43.49,9300,43.5,D
sz300850,新强联,2025-10-09 09:37:30,43.5,4800,43.49,U
sz300850,新强联,2025-10-09 09:37:33,43.37,51600,43.5,D
sz300850,新强联,2025-10-09 09:37:36,43.36,11500,43.37,D
sz300850,新强联,2025-10-09 09:37:39,43.36,18700,43.36,D
sz300850,新强联,2025-10-09 09:37:42,43.36,5900,43.36,D
sz300850,新强联,2025-10-09 09:37:45,43.31,13900,43.36,D
sz300850,新强联,2025-10-09 09:37:48,43.29,12800,43.31,D
sz300850,新强联,2025-10-09 09:37:51,43.28,21700,43.29,D
sz300850,新强联,2025-10-09 09:37:54,43.44,29100,43.28,U
sz300850,新强联,2025-10-09 09:37:57,43.34,7100,43.44,D
sz300850,新强联,2025-10-09 09:38:00,43.45,7500,43.34,U
sz300850,新强联,2025-10-09 09:38:03,43.36,5600,43.45,D
sz300850,新强联,2025-10-09 09:38:06,43.43,10100,43.36,U
sz300850,新强联,2025-10-09 09:38:09,43.48,13045,43.43,U
sz300850,新强联,2025-10-09 09:38:12,43.41,15955,43.48,D
sz300850,新强联,2025-10-09 09:38:15,43.38,16300,43.41,D
sz300850,新强联,2025-10-09 09:38:21,43.37,12400,43.38,D
sz300850,新强联,2025-10-09 09:38:24,43.41,5400,43.37,U
sz300850,新强联,2025-10-09 09:38:27,43.45,11500,43.41,U
sz300850,新强联,2025-10-09 09:38:33,43.48,5745,43.41,U
sz300850,新强联,2025-10-09 09:38:36,43.49,8700,43.48,U
sz300850,新强联,2025-10-09 09:38:39,43.48,18500,43.49,D
sz300850,新强联,2025-10-09 09:38:42,43.49,9700,43.48,D
sz300850,新强联,2025-10-09 09:38:45,43.5,30500,43.49,U
sz300850,新强联,2025-10-09 09:38:48,43.45,6300,43.5,E
sz300850,新强联,2025-10-09 09:38:51,43.45,10200,43.45,D
sz300850,新强联,2025-10-09 09:38:54,43.49,4700,43.45,U
sz300850,新强联,2025-10-09 09:38:57,43.49,7000,43.49,U
sz300850,新强联,2025-10-09 09:39:03,43.42,9300,43.48,D
sz300850,新强联,2025-10-09 09:39:09,43.48,7400,43.47,U
sz300850,新强联,2025-10-09 09:39:12,43.67,56500,43.48,U
sz300850,新强联,2025-10-09 09:39:15,43.68,28300,43.67,U
sz300850,新强联,2025-10-09 09:39:21,43.68,13500,43.68,U
sz300850,新强联,2025-10-09 09:39:24,43.66,5200,43.68,E
sz300850,新强联,2025-10-09 09:39:30,43.68,28000,43.61,U
sz300850,新强联,2025-10-09 09:39:33,43.72,4700,43.68,U
sz300850,新强联,2025-10-09 09:39:36,43.8,6000,43.72,U
sz300850,新强联,2025-10-09 09:39:39,43.8,7800,43.8,U
sz300850,新强联,2025-10-09 09:39:42,43.76,14100,43.8,E
sz300850,新强联,2025-10-09 09:39:45,43.72,5200,43.76,D
sz300850,新强联,2025-10-09 09:39:48,43.8,6300,43.72,U
sz300850,新强联,2025-10-09 09:39:51,43.83,20400,43.8,U
sz300850,新强联,2025-10-09 09:39:54,43.85,22300,43.83,U
sz300850,新强联,2025-10-09 09:39:57,43.88,6200,43.85,U
sz300850,新强联,2025-10-09 09:40:00,43.91,14700,43.88,U
sz300850,新强联,2025-10-09 09:40:03,43.9,18545,43.91,D
sz300850,新强联,2025-10-09 09:40:06,43.91,25300,43.9,D
sz300850,新强联,2025-10-09 09:40:09,43.99,26700,43.91,U
sz300850,新强联,2025-10-09 09:40:12,43.99,55655,43.99,D
sz300850,新强联,2025-10-09 09:40:15,44.01,35840,43.99,U
sz300850,新强联,2025-10-09 09:40:18,44.01,8900,44.01,D
sz300850,新强联,2025-10-09 09:40:21,44.0,37060,44.01,D
sz300850,新强联,2025-10-09 09:40:24,43.96,57300,44.0,D
sz300850,新强联,2025-10-09 09:40:27,43.95,13000,43.96,E
sz300850,新强联,2025-10-09 09:40:30,43.94,8600,43.95,E
sz300850,新强联,2025-10-09 09:40:33,43.94,29500,43.94,U
sz300850,新强联,2025-10-09 09:40:36,43.9,16400,43.94,D
sz300850,新强联,2025-10-09 09:40:39,43.9,15200,43.9,D
sz300850,新强联,2025-10-09 09:40:42,43.9,17800,43.9,E
sz300850,新强联,2025-10-09 09:40:45,43.87,16000,43.9,D
sz300850,新强联,2025-10-09 09:40:51,43.81,16800,43.83,D
sz300850,新强联,2025-10-09 09:40:54,43.8,4700,43.81,D
sz300850,新强联,2025-10-09 09:40:57,43.78,8800,43.8,D
sz300850,新强联,2025-10-09 09:41:00,43.81,9300,43.78,U
sz300850,新强联,2025-10-09 09:41:03,43.76,10000,43.81,D
sz300850,新强联,2025-10-09 09:41:06,43.72,12400,43.76,D
sz300850,新强联,2025-10-09 09:41:09,43.69,5100,43.72,E
sz300850,新强联,2025-10-09 09:41:12,43.7,14100,43.69,U
sz300850,新强联,2025-10-09 09:41:15,43.68,8900,43.7,D
sz300850,新强联,2025-10-09 09:41:21,43.72,34200,43.67,U
sz300850,新强联,2025-10-09 09:41:27,43.71,7200,43.73,D
sz300850,新强联,2025-10-09 09:41:33,43.67,36000,43.72,D
sz300850,新强联,2025-10-09 09:41:36,43.7,8500,43.67,U
sz300850,新强联,2025-10-09 09:41:42,43.68,9200,43.68,D
sz300850,新强联,2025-10-09 09:41:48,43.7,18800,43.67,U
sz300850,新强联,2025-10-09 09:41:57,43.8,41600,43.71,U
sz300850,新强联,2025-10-09 09:42:00,43.85,18600,43.8,U
sz300850,新强联,2025-10-09 09:42:03,43.75,144200,43.85,D
sz300850,新强联,2025-10-09 09:42:06,43.7,7300,43.75,D
sz300850,新强联,2025-10-09 09:42:09,43.68,29200,43.7,D
sz300850,新强联,2025-10-09 09:42:12,43.7,6500,43.68,U
sz300850,新强联,2025-10-09 09:42:15,43.63,13600,43.7,D
sz300850,新强联,2025-10-09 09:42:18,43.6,15000,43.63,D
sz300850,新强联,2025-10-09 09:42:24,43.69,33000,43.6,U
sz300850,新强联,2025-10-09 09:42:39,43.64,14700,43.6,U
sz300850,新强联,2025-10-09 09:42:45,43.6,7900,43.64,D
sz300850,新强联,2025-10-09 09:42:48,43.63,6000,43.6,D
sz300850,新强联,2025-10-09 09:42:51,43.7,4900,43.63,U
sz300850,新强联,2025-10-09 09:42:54,43.7,12200,43.7,E
sz300850,新强联,2025-10-09 09:43:06,43.71,16200,43.65,U
sz300850,新强联,2025-10-09 09:43:09,43.79,22600,43.71,U
sz300850,新强联,2025-10-09 09:43:12,43.85,16300,43.79,U
sz300850,新强联,2025-10-09 09:43:18,43.72,12800,43.84,D
sz300850,新强联,2025-10-09 09:43:24,43.72,12100,43.72,D
sz300850,新强联,2025-10-09 09:43:30,43.78,13400,43.72,U
sz300850,新强联,2025-10-09 09:43:33,43.77,17700,43.78,E
sz300850,新强联,2025-10-09 09:43:36,43.88,57700,43.77,U
sz300850,新强联,2025-10-09 09:43:48,43.91,6600,43.88,U
sz300850,新强联,2025-10-09 09:43:51,43.9,15200,43.91,D
sz300850,新强联,2025-10-09 09:43:54,43.94,13700,43.9,E
sz300850,新强联,2025-10-09 09:43:57,43.94,6900,43.94,D
sz300850,新强联,2025-10-09 09:44:03,43.9,20000,43.92,D
sz300850,新强联,2025-10-09 09:44:06,43.93,21400,43.9,U
sz300850,新强联,2025-10-09 09:44:09,43.88,30600,43.93,D
sz300850,新强联,2025-10-09 09:44:15,43.71,29800,43.88,D
sz300850,新强联,2025-10-09 09:44:18,43.81,22500,43.71,U
sz300850,新强联,2025-10-09 09:44:21,43.8,7000,43.81,U
sz300850,新强联,2025-10-09 09:44:24,43.8,5600,43.8,E
sz300850,新强联,2025-10-09 09:44:27,43.78,8100,43.8,D
sz300850,新强联,2025-10-09 09:44:30,43.67,62860,43.78,D
sz300850,新强联,2025-10-09 09:44:33,43.68,13900,43.67,U
sz300850,新强联,2025-10-09 09:44:36,43.68,7400,43.68,U
sz300850,新强联,2025-10-09 09:44:39,43.68,9600,43.68,U
sz300850,新强联,2025-10-09 09:44:45,43.78,6900,43.75,U
sz300850,新强联,2025-10-09 09:44:48,43.78,29800,43.78,U
sz300850,新强联,2025-10-09 09:44:51,43.78,10300,43.78,D
sz300850,新强联,2025-10-09 09:44:54,43.76,6800,43.78,D
sz300850,新强联,2025-10-09 09:45:03,43.79,7300,43.8,D
sz300850,新强联,2025-10-09 09:45:06,43.88,5200,43.79,U
sz300850,新强联,2025-10-09 09:45:15,43.9,25700,43.9,U
sz300850,新强联,2025-10-09 09:45:18,43.95,43300,43.9,U
sz300850,新强联,2025-10-09 09:45:24,43.98,16300,43.97,U
sz300850,新强联,2025-10-09 09:45:27,43.96,28600,43.98,E
sz300850,新强联,2025-10-09 09:45:30,44.01,47600,43.96,U
sz300850,新强联,2025-10-09 09:45:33,43.97,15100,44.01,D
sz300850,新强联,2025-10-09 09:45:36,44.0,24700,43.97,U
sz300850,新强联,2025-10-09 09:45:39,43.94,30000,44.0,E
sz300850,新强联,2025-10-09 09:45:42,43.85,6000,43.94,D
sz300850,新强联,2025-10-09 09:45:48,43.85,5200,43.9,D
sz300850,新强联,2025-10-09 09:45:51,43.86,10900,43.85,D
sz300850,新强联,2025-10-09 09:45:54,43.85,4800,43.86,D
sz300850,新强联,2025-10-09 09:45:57,43.78,19800,43.85,D
sz300850,新强联,2025-10-09 09:46:00,43.77,29300,43.78,D
sz300850,新强联,2025-10-09 09:46:03,43.8,32700,43.77,U
sz300850,新强联,2025-10-09 09:46:06,43.76,45800,43.8,D
sz300850,新强联,2025-10-09 09:46:09,43.77,6000,43.76,U
sz300850,新强联,2025-10-09 09:46:15,43.71,6300,43.76,D
sz300850,新强联,2025-10-09 09:46:24,43.75,12500,43.73,U
sz300850,新强联,2025-10-09 09:46:27,43.76,7600,43.75,E
sz300850,新强联,2025-10-09 09:46:33,43.74,13000,43.71,U
sz300850,新强联,2025-10-09 09:46:36,43.7,12000,43.74,D
sz300850,新强联,2025-10-09 09:46:39,43.71,19300,43.7,U
sz300850,新强联,2025-10-09 09:46:42,43.7,13100,43.71,D
sz300850,新强联,2025-10-09 09:46:45,43.69,6900,43.7,D
sz300850,新强联,2025-10-09 09:46:48,43.68,11200,43.69,D
sz300850,新强联,2025-10-09 09:46:51,43.69,14000,43.68,U
sz300850,新强联,2025-10-09 09:46:54,43.7,10200,43.69,U
sz300850,新强联,2025-10-09 09:46:57,43.7,18000,43.7,D
sz300850,新强联,2025-10-09 09:47:00,43.72,11400,43.7,E
sz300850,新强联,2025-10-09 09:47:03,43.7,5700,43.72,D
sz300850,新强联,2025-10-09 09:47:06,43.79,6500,43.7,U
sz300850,新强联,2025-10-09 09:47:09,43.81,5100,43.79,U
sz300850,新强联,2025-10-09 09:47:15,43.8,4900,43.79,D
sz300850,新强联,2025-10-09 09:47:21,43.8,7300,43.77,U
sz300850,新强联,2025-10-09 09:47:24,43.9,7500,43.8,U
sz300850,新强联,2025-10-09 09:47:27,43.8,26100,43.9,D
sz300850,新强联,2025-10-09 09:47:30,43.9,6800,43.8,U
sz300850,新强联,2025-10-09 09:47:42,43.85,4700,43.87,D
sz300850,新强联,2025-10-09 09:47:45,43.87,12600,43.85,U
sz300850,新强联,2025-10-09 09:47:57,43.89,4600,43.88,U
sz300850,新强联,2025-10-09 09:48:00,43.9,23700,43.89,U
sz300850,新强联,2025-10-09 09:48:03,43.88,8500,43.9,D
sz300850,新强联,2025-10-09 09:48:06,43.91,5900,43.88,U
sz300850,新强联,2025-10-09 09:48:12,43.9,7100,43.91,D
sz300850,新强联,2025-10-09 09:48:15,43.88,16800,43.9,D
sz300850,新强联,2025-10-09 09:48:18,43.88,8500,43.88,D
sz300850,新强联,2025-10-09 09:48:21,43.91,6900,43.88,U
sz300850,新强联,2025-10-09 09:48:24,43.88,6600,43.91,U
sz300850,新强联,2025-10-09 09:48:27,43.88,10700,43.88,E
sz300850,新强联,2025-10-09 09:48:30,43.86,8300,43.88,D
sz300850,新强联,2025-10-09 09:48:33,43.88,10300,43.86,U
sz300850,新强联,2025-10-09 09:48:39,43.87,8300,43.85,U
sz300850,新强联,2025-10-09 09:48:48,43.84,10500,43.87,D
sz300850,新强联,2025-10-09 09:48:51,43.83,16100,43.84,D
sz300850,新强联,2025-10-09 09:48:54,43.87,71000,43.83,U
sz300850,新强联,2025-10-09 09:48:57,44.03,75914,43.87,U
sz300850,新强联,2025-10-09 09:49:00,44.01,10200,44.03,D
sz300850,新强联,2025-10-09 09:49:03,44.02,10000,44.01,E
sz300850,新强联,2025-10-09 09:49:06,43.99,28400,44.02,D
sz300850,新强联,2025-10-09 09:49:09,44.0,7000,43.99,D
sz300850,新强联,2025-10-09 09:49:12,44.0,5800,44.0,E
sz300850,新强联,2025-10-09 09:49:21,43.92,7900,43.99,E
sz300850,新强联,2025-10-09 09:49:24,43.89,35900,43.92,D
sz300850,新强联,2025-10-09 09:49:27,43.82,6600,43.89,D
sz300850,新强联,2025-10-09 09:49:30,43.81,9100,43.82,D
sz300850,新强联,2025-10-09 09:49:33,43.91,9300,43.81,U
sz300850,新强联,2025-10-09 09:49:36,43.9,13600,43.91,E
sz300850,新强联,2025-10-09 09:49:39,43.9,5600,43.9,D
sz300850,新强联,2025-10-09 09:49:48,43.89,7600,43.89,U
sz300850,新强联,2025-10-09 09:49:54,43.87,26700,43.87,D
sz300850,新强联,2025-10-09 09:49:57,43.89,17300,43.87,U
sz300850,新强联,2025-10-09 09:50:03,43.89,8600,43.89,U
sz300850,新强联,2025-10-09 09:50:06,43.87,20600,43.89,D
sz300850,新强联,2025-10-09 09:50:12,43.87,8300,43.88,D
sz300850,新强联,2025-10-09 09:50:15,43.9,22000,43.87,U
sz300850,新强联,2025-10-09 09:50:30,43.99,7100,43.96,U
sz300850,新强联,2025-10-09 09:50:36,44.0,9600,44.0,U
sz300850,新强联,2025-10-09 09:50:39,44.02,8200,44.0,U
sz300850,新强联,2025-10-09 09:50:42,43.98,5200,44.02,D
sz300850,新强联,2025-10-09 09:50:45,43.99,12900,43.98,E
sz300850,新强联,2025-10-09 09:50:48,43.95,11800,43.99,E
sz300850,新强联,2025-10-09 09:50:51,43.94,8300,43.95,E
sz300850,新强联,2025-10-09 09:50:54,43.92,23000,43.94,E
sz300850,新强联,2025-10-09 09:51:00,43.99,10100,43.94,U
sz300850,新强联,2025-10-09 09:51:03,43.91,9800,43.99,D
sz300850,新强联,2025-10-09 09:51:06,43.92,10000,43.91,D
sz300850,新强联,2025-10-09 09:51:09,43.94,28000,43.92,D
sz300850,新强联,2025-10-09 09:51:12,43.91,4600,43.94,E
sz300850,新强联,2025-10-09 09:51:21,43.92,43000,43.9,U
sz300850,新强联,2025-10-09 09:51:24,43.87,12600,43.92,D
sz300850,新强联,2025-10-09 09:51:30,43.99,36100,43.88,U
sz300850,新强联,2025-10-09 09:51:33,44.05,11100,43.99,U
sz300850,新强联,2025-10-09 09:51:36,44.0,9700,44.05,D
sz300850,新强联,2025-10-09 09:51:45,44.02,14300,44.02,U
sz300850,新强联,2025-10-09 09:51:48,44.07,11600,44.02,U
sz300850,新强联,2025-10-09 09:51:51,44.08,12500,44.07,U
sz300850,新强联,2025-10-09 09:51:54,44.07,4700,44.08,E
sz300850,新强联,2025-10-09 09:51:57,44.08,24600,44.07,U
sz300850,新强联,2025-10-09 09:52:03,44.01,21800,44.07,D
sz300850,新强联,2025-10-09 09:52:06,44.05,36400,44.01,U
sz300850,新强联,2025-10-09 09:52:12,43.95,5800,44.01,D
sz300850,新强联,2025-10-09 09:52:15,44.0,19700,43.95,U
sz300850,新强联,2025-10-09 09:52:18,44.17,91570,44.0,U
sz300850,新强联,2025-10-09 09:52:21,44.05,22100,44.17,D
sz300850,新强联,2025-10-09 09:52:24,44.17,5200,44.05,U
sz300850,新强联,2025-10-09 09:52:27,44.13,15700,44.17,E
sz300850,新强联,2025-10-09 09:52:30,44.13,7600,44.13,U
sz300850,新强联,2025-10-09 09:52:36,44.13,7600,44.05,U
sz300850,新强联,2025-10-09 09:52:39,44.12,13500,44.13,U
sz300850,新强联,2025-10-09 09:52:42,44.12,4900,44.12,U
sz300850,新强联,2025-10-09 09:52:45,44.12,20700,44.12,U
sz300850,新强联,2025-10-09 09:52:48,44.12,27900,44.12,D
sz300850,新强联,2025-10-09 09:52:51,44.12,10800,44.12,U
sz300850,新强联,2025-10-09 09:52:54,44.12,8000,44.12,D
sz300850,新强联,2025-10-09 09:52:57,44.2,40000,44.12,U
sz300850,新强联,2025-10-09 09:53:00,44.2,10600,44.2,D
sz300850,新强联,2025-10-09 09:53:03,44.35,26600,44.2,U
sz300850,新强联,2025-10-09 09:53:06,44.35,5200,44.35,U
sz300850,新强联,2025-10-09 09:53:09,44.32,7900,44.35,D
sz300850,新强联,2025-10-09 09:53:12,44.25,21900,44.32,D
sz300850,新强联,2025-10-09 09:53:15,44.33,24300,44.25,U
sz300850,新强联,2025-10-09 09:53:18,44.32,25000,44.33,E
sz300850,新强联,2025-10-09 09:53:21,44.33,12900,44.32,U
sz300850,新强联,2025-10-09 09:53:24,44.33,40100,44.33,U
sz300850,新强联,2025-10-09 09:53:27,44.33,18400,44.33,U
sz300850,新强联,2025-10-09 09:53:30,44.31,10400,44.33,U
sz300850,新强联,2025-10-09 09:53:33,44.31,15200,44.31,E
sz300850,新强联,2025-10-09 09:53:36,44.39,12200,44.31,U
sz300850,新强联,2025-10-09 09:53:39,44.4,10400,44.39,U
sz300850,新强联,2025-10-09 09:53:42,44.41,6500,44.4,U
sz300850,新强联,2025-10-09 09:53:45,44.41,7800,44.41,D
sz300850,新强联,2025-10-09 09:53:48,44.4,22600,44.41,D
sz300850,新强联,2025-10-09 09:53:51,44.32,55400,44.4,D
sz300850,新强联,2025-10-09 09:53:54,44.38,50700,44.32,U
sz300850,新强联,2025-10-09 09:53:57,44.4,56000,44.38,U
sz300850,新强联,2025-10-09 09:54:00,44.42,28800,44.4,U
sz300850,新强联,2025-10-09 09:54:03,44.42,7600,44.42,D
sz300850,新强联,2025-10-09 09:54:06,44.47,13800,44.42,U
sz300850,新强联,2025-10-09 09:54:09,44.5,26200,44.47,U
sz300850,新强联,2025-10-09 09:54:12,44.52,37350,44.5,U
sz300850,新强联,2025-10-09 09:54:15,44.55,21600,44.52,U
sz300850,新强联,2025-10-09 09:54:18,44.56,14100,44.55,U
sz300850,新强联,2025-10-09 09:54:21,44.55,92300,44.56,D
sz300850,新强联,2025-10-09 09:54:24,44.49,34800,44.55,D
sz300850,新强联,2025-10-09 09:54:27,44.55,42000,44.49,U
sz300850,新强联,2025-10-09 09:54:30,44.42,98300,44.55,D
sz300850,新强联,2025-10-09 09:54:33,44.41,56400,44.42,U
sz300850,新强联,2025-10-09 09:54:36,44.56,52991,44.41,U
sz300850,新强联,2025-10-09 09:54:39,44.66,27900,44.56,U
sz300850,新强联,2025-10-09 09:54:42,44.67,16600,44.66,U
sz300850,新强联,2025-10-09 09:54:45,44.74,9300,44.67,U
sz300850,新强联,2025-10-09 09:54:48,44.78,7500,44.74,U
sz300850,新强联,2025-10-09 09:54:51,44.78,44600,44.78,D
sz300850,新强联,2025-10-09 09:54:54,44.78,92500,44.78,U
sz300850,新强联,2025-10-09 09:54:57,44.76,25700,44.78,E
sz300850,新强联,2025-10-09 09:55:00,44.55,50300,44.76,D
sz300850,新强联,2025-10-09 09:55:03,44.57,79400,44.55,E
sz300850,新强联,2025-10-09 09:55:06,44.54,21400,44.57,D
sz300850,新强联,2025-10-09 09:55:09,44.61,8600,44.54,E
sz300850,新强联,2025-10-09 09:55:12,44.53,12500,44.61,D
sz300850,新强联,2025-10-09 09:55:15,44.5,19000,44.53,D
sz300850,新强联,2025-10-09 09:55:18,44.54,9900,44.5,U
sz300850,新强联,2025-10-09 09:55:21,44.56,27107,44.54,U
sz300850,新强联,2025-10-09 09:55:24,44.6,5800,44.56,U
sz300850,新强联,2025-10-09 09:55:27,44.63,5700,44.6,U
sz300850,新强联,2025-10-09 09:55:36,44.59,43800,44.64,D
sz300850,新强联,2025-10-09 09:55:39,44.54,29900,44.59,D
sz300850,新强联,2025-10-09 09:55:42,44.47,34700,44.54,D
sz300850,新强联,2025-10-09 09:55:45,44.44,11800,44.47,D
sz300850,新强联,2025-10-09 09:55:51,44.4,25300,44.42,D
sz300850,新强联,2025-10-09 09:55:54,44.41,18400,44.4,U
sz300850,新强联,2025-10-09 09:55:57,44.42,21800,44.41,U
sz300850,新强联,2025-10-09 09:56:00,44.45,6700,44.42,U
sz300850,新强联,2025-10-09 09:56:03,44.44,33900,44.45,D
sz300850,新强联,2025-10-09 09:56:06,44.44,13400,44.44,D
sz300850,新强联,2025-10-09 09:56:09,44.44,22400,44.44,E
sz300850,新强联,2025-10-09 09:56:12,44.32,69100,44.44,D
sz300850,新强联,2025-10-09 09:56:15,44.29,31200,44.32,D
sz300850,新强联,2025-10-09 09:56:21,44.29,13900,44.32,D
sz300850,新强联,2025-10-09 09:56:24,44.32,5200,44.29,U
sz300850,新强联,2025-10-09 09:56:27,44.34,8700,44.32,U
sz300850,新强联,2025-10-09 09:56:33,44.35,7500,44.35,D
sz300850,新强联,2025-10-09 09:56:36,44.36,7400,44.35,U
sz300850,新强联,2025-10-09 09:56:39,44.33,65700,44.36,D
sz300850,新强联,2025-10-09 09:56:42,44.35,12000,44.33,E
sz300850,新强联,2025-10-09 09:56:45,44.34,55000,44.35,D
sz300850,新强联,2025-10-09 09:56:48,44.31,26100,44.34,E
sz300850,新强联,2025-10-09 09:56:51,44.28,23700,44.31,D
sz300850,新强联,2025-10-09 09:56:54,44.3,5100,44.28,E
sz300850,新强联,2025-10-09 09:56:57,44.25,11500,44.3,D
sz300850,新强联,2025-10-09 09:57:00,44.28,41900,44.25,U
sz300850,新强联,2025-10-09 09:57:03,44.23,51400,44.28,D
sz300850,新强联,2025-10-09 09:57:09,44.24,59500,44.26,D
sz300850,新强联,2025-10-09 09:57:12,44.27,12500,44.24,U
sz300850,新强联,2025-10-09 09:57:15,44.33,9000,44.27,U
sz300850,新强联,2025-10-09 09:57:18,44.31,25700,44.33,D
sz300850,新强联,2025-10-09 09:57:21,44.27,17700,44.31,E
sz300850,新强联,2025-10-09 09:57:30,44.33,6000,44.34,D
sz300850,新强联,2025-10-09 09:57:39,44.4,5900,44.35,U
sz300850,新强联,2025-10-09 09:57:45,44.45,6900,44.41,U
sz300850,新强联,2025-10-09 09:57:51,44.46,13100,44.41,U
sz300850,新强联,2025-10-09 09:57:57,44.45,6939,44.43,U
sz300850,新强联,2025-10-09 09:58:00,44.42,38961,44.45,D
sz300850,新强联,2025-10-09 09:58:03,44.42,22200,44.42,D
sz300850,新强联,2025-10-09 09:58:09,44.33,65600,44.35,D
sz300850,新强联,2025-10-09 09:58:12,44.3,20000,44.33,D
sz300850,新强联,2025-10-09 09:58:15,44.3,10000,44.3,E
sz300850,新强联,2025-10-09 09:58:30,44.2,9800,44.21,D
sz300850,新强联,2025-10-09 09:58:33,44.2,12245,44.2,D
sz300850,新强联,2025-10-09 09:58:36,44.16,67255,44.2,D
sz300850,新强联,2025-10-09 09:58:39,44.18,15700,44.16,U
sz300850,新强联,2025-10-09 09:58:42,44.2,17100,44.18,U
sz300850,新强联,2025-10-09 09:58:48,44.2,10000,44.2,U
sz300850,新强联,2025-10-09 09:58:51,44.19,9000,44.2,D
sz300850,新强联,2025-10-09 09:58:54,44.16,16000,44.19,D
sz300850,新强联,2025-10-09 09:58:57,44.15,6300,44.16,D
sz300850,新强联,2025-10-09 09:59:00,44.15,17000,44.15,U
sz300850,新强联,2025-10-09 09:59:03,44.12,13100,44.15,D
sz300850,新强联,2025-10-09 09:59:15,44.04,11900,44.07,D
sz300850,新强联,2025-10-09 09:59:18,44.02,10300,44.04,D
sz300850,新强联,2025-10-09 09:59:21,44.03,15000,44.02,U
sz300850,新强联,2025-10-09 09:59:24,44.02,9100,44.03,E
sz300850,新强联,2025-10-09 09:59:27,44.02,7300,44.02,U
sz300850,新强联,2025-10-09 09:59:30,44.01,14700,44.02,D
sz300850,新强联,2025-10-09 09:59:33,44.02,8700,44.01,U
sz300850,新强联,2025-10-09 09:59:36,44.02,6500,44.02,D
sz300850,新强联,2025-10-09 09:59:39,44.02,18300,44.02,D
sz300850,新强联,2025-10-09 09:59:45,44.03,5300,44.02,U
sz300850,新强联,2025-10-09 09:59:51,44.01,14300,44.02,D
sz300850,新强联,2025-10-09 09:59:54,44.03,17200,44.01,U
sz300850,新强联,2025-10-09 09:59:57,44.01,21800,44.03,E
sz300850,新强联,2025-10-09 10:00:00,44.01,24800,44.01,U
sz300850,新强联,2025-10-09 10:00:03,44.0,17100,44.01,D
sz300850,新强联,2025-10-09 10:00:06,44.0,11100,44.0,D
sz300850,新强联,2025-10-09 10:00:15,44.0,7600,43.98,U
sz300850,新强联,2025-10-09 10:00:21,44.0,11300,44.0,U
sz300850,新强联,2025-10-09 10:00:24,44.0,4700,44.0,U
sz300850,新强联,2025-10-09 10:00:27,43.99,6700,44.0,D
sz300850,新强联,2025-10-09 10:00:33,43.98,15600,43.98,D
sz300850,新强联,2025-10-09 10:00:36,43.97,4600,43.98,D
sz300850,新强联,2025-10-09 10:00:42,43.97,20100,43.96,U
sz300850,新强联,2025-10-09 10:00:48,43.96,6900,43.96,D
sz300850,新强联,2025-10-09 10:00:54,43.95,13700,43.95,D
sz300850,新强联,2025-10-09 10:01:00,44.01,28600,43.93,U
sz300850,新强联,2025-10-09 10:01:03,43.95,6100,44.01,D
sz300850,新强联,2025-10-09 10:01:12,44.02,5900,44.01,U
sz300850,新强联,2025-10-09 10:01:21,44.03,5600,44.02,U
sz300850,新强联,2025-10-09 10:01:24,44.04,9200,44.03,U
sz300850,新强联,2025-10-09 10:01:27,44.05,10300,44.04,U
sz300850,新强联,2025-10-09 10:01:33,44.07,8100,44.04,U
sz300850,新强联,2025-10-09 10:01:48,44.08,4900,44.08,U
sz300850,新强联,2025-10-09 10:01:54,44.09,18900,44.09,D
sz300850,新强联,2025-10-09 10:01:57,44.1,4900,44.09,U
sz300850,新强联,2025-10-09 10:02:00,44.11,10300,44.1,U
sz300850,新强联,2025-10-09 10:02:03,44.11,5100,44.11,D
sz300850,新强联,2025-10-09 10:02:09,44.13,5400,44.12,U
sz300850,新强联,2025-10-09 10:02:12,44.13,12800,44.13,U
sz300850,新强联,2025-10-09 10:02:15,44.12,13800,44.13,D
sz300850,新强联,2025-10-09 10:02:18,44.12,7800,44.12,U
sz300850,新强联,2025-10-09 10:02:21,44.14,7900,44.12,U
sz300850,新强联,2025-10-09 10:02:24,44.14,5700,44.14,D
sz300850,新强联,2025-10-09 10:02:27,44.13,6700,44.14,D
sz300850,新强联,2025-10-09 10:02:30,44.09,28600,44.13,D
sz300850,新强联,2025-10-09 10:02:33,44.09,4700,44.09,D
sz300850,新强联,2025-10-09 10:02:36,44.09,5300,44.09,U
sz300850,新强联,2025-10-09 10:02:39,44.07,8200,44.09,D
sz300850,新强联,2025-10-09 10:02:42,44.07,9200,44.07,D
sz300850,新强联,2025-10-09 10:02:45,44.08,8500,44.07,U
sz300850,新强联,2025-10-09 10:02:48,44.08,8700,44.08,U
sz300850,新强联,2025-10-09 10:02:54,44.06,9700,44.09,D
sz300850,新强联,2025-10-09 10:02:57,44.07,9900,44.06,U
sz300850,新强联,2025-10-09 10:03:03,44.11,5300,44.07,U
sz300850,新强联,2025-10-09 10:03:06,44.12,29100,44.11,U
sz300850,新强联,2025-10-09 10:03:09,44.18,6900,44.12,U
sz300850,新强联,2025-10-09 10:03:18,44.17,6400,44.12,U
sz300850,新强联,2025-10-09 10:03:27,44.18,9600,44.17,U
sz300850,新强联,2025-10-09 10:03:33,44.16,56100,44.18,D
sz300850,新强联,2025-10-09 10:03:36,44.13,10100,44.16,D
sz300850,新强联,2025-10-09 10:03:39,44.1,21600,44.13,D
sz300850,新强联,2025-10-09 10:03:45,44.09,5300,44.1,D
sz300850,新强联,2025-10-09 10:03:54,44.09,20100,44.08,U
sz300850,新强联,2025-10-09 10:04:00,44.09,35400,44.09,U
sz300850,新强联,2025-10-09 10:04:03,44.05,4600,44.09,D
sz300850,新强联,2025-10-09 10:04:06,44.0,31300,44.05,D
sz300850,新强联,2025-10-09 10:04:09,43.99,5000,44.0,D
sz300850,新强联,2025-10-09 10:04:12,43.96,11200,43.99,D
sz300850,新强联,2025-10-09 10:04:18,43.95,6775,43.95,D
sz300850,新强联,2025-10-09 10:04:21,43.95,7725,43.95,D
sz300850,新强联,2025-10-09 10:04:24,43.94,7975,43.95,D
sz300850,新强联,2025-10-09 10:04:51,43.92,18400,43.92,U
sz300850,新强联,2025-10-09 10:04:54,43.9,8300,43.92,D
sz300850,新强联,2025-10-09 10:05:12,43.93,17600,43.91,U
sz300850,新强联,2025-10-09 10:05:24,43.94,17500,43.93,U
sz300850,新强联,2025-10-09 10:05:27,43.94,23600,43.94,U
sz300850,新强联,2025-10-09 10:05:33,43.94,7400,43.93,U
sz300850,新强联,2025-10-09 10:05:39,43.86,65000,43.92,D
sz300850,新强联,2025-10-09 10:05:42,43.85,8800,43.86,D
sz300850,新强联,2025-10-09 10:05:48,43.87,5500,43.87,U
sz300850,新强联,2025-10-09 10:05:51,43.84,17500,43.87,D
sz300850,新强联,2025-10-09 10:06:00,43.82,5800,43.84,D
sz300850,新强联,2025-10-09 10:06:03,43.8,7100,43.82,D
sz300850,新强联,2025-10-09 10:06:09,43.81,6800,43.81,U
sz300850,新强联,2025-10-09 10:06:12,43.81,20900,43.81,D
sz300850,新强联,2025-10-09 10:06:27,43.85,9000,43.85,U
sz300850,新强联,2025-10-09 10:06:33,43.88,5000,43.87,U
sz300850,新强联,2025-10-09 10:06:45,43.9,5542,43.92,D
sz300850,新强联,2025-10-09 10:06:48,43.92,7758,43.9,U
sz300850,新强联,2025-10-09 10:06:51,43.9,17042,43.92,D
sz300850,新强联,2025-10-09 10:06:54,43.89,13100,43.9,D
sz300850,新强联,2025-10-09 10:06:57,43.9,6400,43.89,U
sz300850,新强联,2025-10-09 10:07:09,43.9,9800,43.88,U
sz300850,新强联,2025-10-09 10:07:12,43.87,17000,43.9,D
sz300850,新强联,2025-10-09 10:07:18,43.88,17000,43.86,U
sz300850,新强联,2025-10-09 10:07:24,43.85,5600,43.85,D
sz300850,新强联,2025-10-09 10:07:27,43.85,5000,43.85,D
sz300850,新强联,2025-10-09 10:07:30,43.84,8800,43.85,D
sz300850,新强联,2025-10-09 10:07:33,43.83,6300,43.84,D
sz300850,新强联,2025-10-09 10:07:36,43.84,4600,43.83,U
sz300850,新强联,2025-10-09 10:07:39,43.83,7400,43.84,D
sz300850,新强联,2025-10-09 10:07:42,43.83,6600,43.83,D
sz300850,新强联,2025-10-09 10:07:54,43.87,21600,43.86,U
sz300850,新强联,2025-10-09 10:08:18,43.92,8375,43.91,U
sz300850,新强联,2025-10-09 10:08:27,43.91,6500,43.91,D
sz300850,新强联,2025-10-09 10:08:30,43.92,27300,43.91,U
sz300850,新强联,2025-10-09 10:08:39,43.93,10300,43.94,D
sz300850,新强联,2025-10-09 10:08:45,43.96,8100,43.93,E
sz300850,新强联,2025-10-09 10:08:48,43.94,5900,43.96,E
sz300850,新强联,2025-10-09 10:09:03,43.95,12200,43.97,D
sz300850,新强联,2025-10-09 10:09:21,43.96,8000,43.93,U
sz300850,新强联,2025-10-09 10:09:24,43.96,6000,43.96,D
sz300850,新强联,2025-10-09 10:09:27,43.95,11400,43.96,D
sz300850,新强联,2025-10-09 10:09:33,43.95,5000,43.94,U
sz300850,新强联,2025-10-09 10:09:36,43.93,10200,43.95,D
sz300850,新强联,2025-10-09 10:09:39,43.93,9400,43.93,D
sz300850,新强联,2025-10-09 10:09:42,43.95,6500,43.93,U
sz300850,新强联,2025-10-09 10:09:45,43.96,7000,43.95,U
sz300850,新强联,2025-10-09 10:09:48,44.01,10500,43.96,U
sz300850,新强联,2025-10-09 10:10:06,44.08,6300,44.01,U
sz300850,新强联,2025-10-09 10:10:15,44.02,7900,44.06,D
sz300850,新强联,2025-10-09 10:10:21,44.06,15500,44.0,U
sz300850,新强联,2025-10-09 10:10:33,44.05,12000,44.02,U
sz300850,新强联,2025-10-09 10:10:42,44.01,7800,44.03,D
sz300850,新强联,2025-10-09 10:10:45,44.02,4700,44.01,U
sz300850,新强联,2025-10-09 10:11:00,44.04,19400,44.03,U
sz300850,新强联,2025-10-09 10:11:06,43.97,14200,44.01,D
sz300850,新强联,2025-10-09 10:11:09,44.0,6800,43.97,U
sz300850,新强联,2025-10-09 10:11:33,44.0,6500,44.04,D
sz300850,新强联,2025-10-09 10:11:45,43.99,6600,44.01,D
sz300850,新强联,2025-10-09 10:12:06,44.01,17100,43.98,U
sz300850,新强联,2025-10-09 10:12:21,44.04,7900,44.02,U
sz300850,新强联,2025-10-09 10:12:30,44.06,8400,44.04,U
sz300850,新强联,2025-10-09 10:12:36,44.1,8500,44.08,U
sz300850,新强联,2025-10-09 10:12:39,44.06,7200,44.1,D
sz300850,新强联,2025-10-09 10:12:57,44.09,8300,44.1,D
sz300850,新强联,2025-10-09 10:13:09,44.1,6700,44.1,D
sz300850,新强联,2025-10-09 10:13:18,44.09,6100,44.1,D
sz300850,新强联,2025-10-09 10:13:21,44.1,5600,44.09,U
sz300850,新强联,2025-10-09 10:13:30,44.11,4700,44.11,D
sz300850,新强联,2025-10-09 10:13:36,44.11,5800,44.1,U
sz300850,新强联,2025-10-09 10:13:39,44.12,6100,44.11,E
sz300850,新强联,2025-10-09 10:13:48,44.11,6600,44.13,D
sz300850,新强联,2025-10-09 10:13:51,44.1,8800,44.11,D
sz300850,新强联,2025-10-09 10:13:54,44.13,51000,44.1,U
sz300850,新强联,2025-10-09 10:14:00,44.23,15378,44.14,U
sz300850,新强联,2025-10-09 10:14:03,44.28,7800,44.23,U
sz300850,新强联,2025-10-09 10:14:09,44.38,7500,44.27,U
sz300850,新强联,2025-10-09 10:14:12,44.4,16100,44.38,U
sz300850,新强联,2025-10-09 10:14:15,44.45,45900,44.4,U
sz300850,新强联,2025-10-09 10:14:21,44.41,4855,44.42,D
sz300850,新强联,2025-10-09 10:14:24,44.39,17800,44.41,D
sz300850,新强联,2025-10-09 10:14:30,44.34,9100,44.33,U
sz300850,新强联,2025-10-09 10:14:42,44.27,13700,44.28,E
sz300850,新强联,2025-10-09 10:14:45,44.28,5600,44.27,U
sz300850,新强联,2025-10-09 10:14:51,44.28,16100,44.28,U
sz300850,新强联,2025-10-09 10:15:03,44.22,11400,44.2,E
sz300850,新强联,2025-10-09 10:15:15,44.07,16400,44.11,D
sz300850,新强联,2025-10-09 10:15:30,44.08,21400,44.07,U
sz300850,新强联,2025-10-09 10:15:42,44.05,7600,44.06,D
sz300850,新强联,2025-10-09 10:15:45,44.05,7600,44.05,U
sz300850,新强联,2025-10-09 10:15:51,44.03,5500,44.04,D
sz300850,新强联,2025-10-09 10:16:15,44.08,5800,44.08,U
sz300850,新强联,2025-10-09 10:16:42,44.1,40800,44.1,D
sz300850,新强联,2025-10-09 10:16:45,44.09,9500,44.1,E
sz300850,新强联,2025-10-09 10:16:51,44.08,9800,44.09,D
sz300850,新强联,2025-10-09 10:16:54,44.08,4600,44.08,D
sz300850,新强联,2025-10-09 10:16:57,44.07,7000,44.08,D
sz300850,新强联,2025-10-09 10:17:15,44.06,4900,44.06,D
sz300850,新强联,2025-10-09 10:17:27,44.15,51569,44.07,U
sz300850,新强联,2025-10-09 10:17:36,44.18,7700,44.1,U
sz300850,新强联,2025-10-09 10:18:03,44.16,4600,44.16,D
sz300850,新强联,2025-10-09 10:18:06,44.22,12422,44.16,U
sz300850,新强联,2025-10-09 10:18:12,44.3,5800,44.19,U
sz300850,新强联,2025-10-09 10:18:21,44.27,18100,44.29,D
sz300850,新强联,2025-10-09 10:18:33,44.26,5000,44.25,U
sz300850,新强联,2025-10-09 10:18:36,44.22,16000,44.26,D
sz300850,新强联,2025-10-09 10:18:39,44.22,9800,44.22,D
sz300850,新强联,2025-10-09 10:18:45,44.29,11700,44.27,U
sz300850,新强联,2025-10-09 10:19:03,44.27,13700,44.27,U
sz300850,新强联,2025-10-09 10:19:12,44.26,8700,44.27,D
sz300850,新强联,2025-10-09 10:19:15,44.28,7500,44.26,U
sz300850,新强联,2025-10-09 10:19:24,44.28,10000,44.24,U
sz300850,新强联,2025-10-09 10:19:39,44.24,4700,44.25,D
sz300850,新强联,2025-10-09 10:19:42,44.26,12200,44.24,U
sz300850,新强联,2025-10-09 10:19:45,44.27,6600,44.26,U
sz300850,新强联,2025-10-09 10:19:51,44.3,17800,44.26,U
sz300850,新强联,2025-10-09 10:19:57,44.3,5200,44.3,U
sz300850,新强联,2025-10-09 10:20:03,44.26,8400,44.3,D
sz300850,新强联,2025-10-09 10:20:06,44.27,6200,44.26,E
sz300850,新强联,2025-10-09 10:20:21,44.26,7000,44.27,D
sz300850,新强联,2025-10-09 10:20:24,44.22,5200,44.26,D
sz300850,新强联,2025-10-09 10:20:57,44.33,19200,44.22,U
sz300850,新强联,2025-10-09 10:21:00,44.33,15300,44.33,U
sz300850,新强联,2025-10-09 10:21:03,44.29,5300,44.33,D
sz300850,新强联,2025-10-09 10:21:21,44.38,5000,44.36,U
sz300850,新强联,2025-10-09 10:21:27,44.38,14600,44.37,U
sz300850,新强联,2025-10-09 10:21:30,44.39,5500,44.38,U
sz300850,新强联,2025-10-09 10:21:36,44.39,24600,44.39,D
sz300850,新强联,2025-10-09 10:21:39,44.37,6600,44.39,D
sz300850,新强联,2025-10-09 10:21:42,44.37,18400,44.37,D
sz300850,新强联,2025-10-09 10:21:45,44.37,10700,44.37,D
sz300850,新强联,2025-10-09 10:21:48,44.34,7100,44.37,D
sz300850,新强联,2025-10-09 10:22:15,44.32,37300,44.31,U
sz300850,新强联,2025-10-09 10:22:18,44.32,9400,44.32,D
sz300850,新强联,2025-10-09 10:22:21,44.32,6800,44.32,D
sz300850,新强联,2025-10-09 10:22:24,44.32,17500,44.32,U
sz300850,新强联,2025-10-09 10:22:33,44.32,7798,44.32,U
sz300850,新强联,2025-10-09 10:22:48,44.3,14502,44.32,D
sz300850,新强联,2025-10-09 10:22:57,44.3,8700,44.24,U
sz300850,新强联,2025-10-09 10:23:15,44.3,5100,44.3,D
sz300850,新强联,2025-10-09 10:23:36,44.32,25900,44.29,U
sz300850,新强联,2025-10-09 10:23:42,44.33,4600,44.32,U
sz300850,新强联,2025-10-09 10:23:48,44.39,20600,44.34,U
sz300850,新强联,2025-10-09 10:23:51,44.42,17600,44.39,U
sz300850,新强联,2025-10-09 10:24:03,44.38,15900,44.43,D
sz300850,新强联,2025-10-09 10:24:06,44.38,8000,44.38,D
sz300850,新强联,2025-10-09 10:24:27,44.39,5000,44.39,D
sz300850,新强联,2025-10-09 10:24:39,44.39,7400,44.39,D
sz300850,新强联,2025-10-09 10:24:42,44.39,6600,44.39,D
sz300850,新强联,2025-10-09 10:24:51,44.4,10000,44.39,U
sz300850,新强联,2025-10-09 10:24:57,44.39,6900,44.39,D
sz300850,新强联,2025-10-09 10:25:03,44.39,7900,44.38,U
sz300850,新强联,2025-10-09 10:25:48,44.35,4600,44.31,U
sz300850,新强联,2025-10-09 10:25:57,44.35,12400,44.31,U
sz300850,新强联,2025-10-09 10:26:03,44.39,5558,44.38,U
sz300850,新强联,2025-10-09 10:26:09,44.4,9200,44.39,U
sz300850,新强联,2025-10-09 10:26:12,44.5,55075,44.4,U
sz300850,新强联,2025-10-09 10:26:15,44.49,46600,44.5,U
sz300850,新强联,2025-10-09 10:26:21,44.57,36091,44.49,U
sz300850,新强联,2025-10-09 10:26:33,44.59,9000,44.57,U
sz300850,新强联,2025-10-09 10:26:36,44.58,13000,44.59,D
sz300850,新强联,2025-10-09 10:26:42,44.58,9500,44.58,D
sz300850,新强联,2025-10-09 10:26:45,44.58,62400,44.58,D
sz300850,新强联,2025-10-09 10:26:57,44.57,6500,44.57,D
sz300850,新强联,2025-10-09 10:27:00,44.6,15561,44.57,U
sz300850,新强联,2025-10-09 10:27:09,44.62,7600,44.61,U
sz300850,新强联,2025-10-09 10:27:15,44.62,5239,44.61,U
sz300850,新强联,2025-10-09 10:27:45,44.56,17300,44.56,U
sz300850,新强联,2025-10-09 10:27:51,44.5,7800,44.55,D
sz300850,新强联,2025-10-09 10:28:03,44.34,6700,44.44,D
sz300850,新强联,2025-10-09 10:28:18,44.35,15600,44.35,D
sz300850,新强联,2025-10-09 10:28:24,44.36,7100,44.38,D
sz300850,新强联,2025-10-09 10:28:30,44.41,5500,44.41,U
sz300850,新强联,2025-10-09 10:28:39,44.43,7400,44.4,U
sz300850,新强联,2025-10-09 10:28:48,44.4,7300,44.39,U
sz300850,新强联,2025-10-09 10:29:00,44.43,4800,44.42,U
sz300850,新强联,2025-10-09 10:29:06,44.48,7100,44.43,U
sz300850,新强联,2025-10-09 10:29:09,44.47,7800,44.48,E
sz300850,新强联,2025-10-09 10:29:27,44.54,9700,44.52,E
sz300850,新强联,2025-10-09 10:29:48,44.51,9200,44.51,U
sz300850,新强联,2025-10-09 10:29:57,44.51,8000,44.51,U
sz300850,新强联,2025-10-09 10:30:03,44.51,18900,44.5,U
sz300850,新强联,2025-10-09 10:30:12,44.51,8500,44.51,U
sz300850,新强联,2025-10-09 10:30:15,44.5,7300,44.51,D
sz300850,新强联,2025-10-09 10:30:18,44.5,22300,44.5,U
sz300850,新强联,2025-10-09 10:30:24,44.4,9300,44.4,D
sz300850,新强联,2025-10-09 10:30:27,44.4,14200,44.4,U
sz300850,新强联,2025-10-09 10:30:30,44.41,24800,44.4,U
sz300850,新强联,2025-10-09 10:30:33,44.41,7200,44.41,D
sz300850,新强联,2025-10-09 10:30:39,44.4,9300,44.41,D
sz300850,新强联,2025-10-09 10:30:45,44.34,7400,44.35,D
sz300850,新强联,2025-10-09 10:30:48,44.3,5300,44.34,D
sz300850,新强联,2025-10-09 10:30:57,44.26,33100,44.26,D
sz300850,新强联,2025-10-09 10:31:00,44.26,17700,44.26,E
sz300850,新强联,2025-10-09 10:31:09,44.3,6100,44.3,D
sz300850,新强联,2025-10-09 10:31:24,44.3,5100,44.3,U
sz300850,新强联,2025-10-09 10:31:30,44.33,4900,44.3,U
sz300850,新强联,2025-10-09 10:31:39,44.25,11300,44.3,D
sz300850,新强联,2025-10-09 10:32:03,44.28,14700,44.31,D
sz300850,新强联,2025-10-09 10:32:06,44.25,4700,44.28,D
sz300850,新强联,2025-10-09 10:32:15,44.26,12800,44.27,E
sz300850,新强联,2025-10-09 10:32:27,44.34,9100,44.29,U
sz300850,新强联,2025-10-09 10:32:33,44.38,6400,44.34,U
sz300850,新强联,2025-10-09 10:32:36,44.42,7000,44.38,U
sz300850,新强联,2025-10-09 10:32:45,44.35,4900,44.37,D
sz300850,新强联,2025-10-09 10:33:00,44.34,6795,44.33,U
sz300850,新强联,2025-10-09 10:33:06,44.33,7900,44.34,D
sz300850,新强联,2025-10-09 10:33:21,44.33,34395,44.33,U
sz300850,新强联,2025-10-09 10:33:27,44.33,8300,44.33,D
sz300850,新强联,2025-10-09 10:33:30,44.38,13150,44.33,E
sz300850,新强联,2025-10-09 10:33:42,44.39,8600,44.4,D
sz300850,新强联,2025-10-09 10:33:48,44.39,12600,44.4,D
sz300850,新强联,2025-10-09 10:33:54,44.6,43000,44.44,U
sz300850,新强联,2025-10-09 10:33:57,44.57,9000,44.6,E
sz300850,新强联,2025-10-09 10:34:00,44.57,24361,44.57,D
sz300850,新强联,2025-10-09 10:34:03,44.59,11400,44.57,D
sz300850,新强联,2025-10-09 10:34:06,44.57,7500,44.59,E
sz300850,新强联,2025-10-09 10:34:15,44.52,8400,44.5,E
sz300850,新强联,2025-10-09 10:34:21,44.59,19700,44.55,U
sz300850,新强联,2025-10-09 10:34:24,44.56,4500,44.59,D
sz300850,新强联,2025-10-09 10:34:39,44.57,6100,44.54,U
sz300850,新强联,2025-10-09 10:35:18,44.43,6600,44.45,D
sz300850,新强联,2025-10-09 10:35:42,44.45,51100,44.48,D
sz300850,新强联,2025-10-09 10:35:51,44.44,5700,44.46,E
sz300850,新强联,2025-10-09 10:35:54,44.44,8800,44.44,U
sz300850,新强联,2025-10-09 10:35:57,44.44,4900,44.44,U
sz300850,新强联,2025-10-09 10:36:00,44.48,38600,44.44,U
sz300850,新强联,2025-10-09 10:36:06,44.49,4600,44.48,U
sz300850,新强联,2025-10-09 10:36:09,44.41,21400,44.49,D
sz300850,新强联,2025-10-09 10:36:15,44.49,5400,44.48,U
sz300850,新强联,2025-10-09 10:36:24,44.5,4700,44.48,U
sz300850,新强联,2025-10-09 10:36:42,44.56,6400,44.55,U
sz300850,新强联,2025-10-09 10:36:48,44.55,7100,44.56,D
sz300850,新强联,2025-10-09 10:36:51,44.54,7500,44.55,D
sz300850,新强联,2025-10-09 10:36:57,44.56,14600,44.55,U
sz300850,新强联,2025-10-09 10:37:03,44.5,14100,44.53,D
sz300850,新强联,2025-10-09 10:37:18,44.4,29800,44.45,D
sz300850,新强联,2025-10-09 10:37:21,44.41,5400,44.4,U
sz300850,新强联,2025-10-09 10:37:27,44.35,46700,44.41,D
sz300850,新强联,2025-10-09 10:37:30,44.39,6900,44.35,U
sz300850,新强联,2025-10-09 10:37:33,44.38,6000,44.39,U
sz300850,新强联,2025-10-09 10:37:48,44.3,68200,44.31,D
sz300850,新强联,2025-10-09 10:37:51,44.3,13500,44.3,D
sz300850,新强联,2025-10-09 10:37:54,44.29,32300,44.3,D
sz300850,新强联,2025-10-09 10:37:57,44.25,23800,44.29,D
sz300850,新强联,2025-10-09 10:38:24,44.3,5000,44.26,U
sz300850,新强联,2025-10-09 10:38:33,44.23,52000,44.32,D
sz300850,新强联,2025-10-09 10:38:39,44.29,5800,44.32,D
sz300850,新强联,2025-10-09 10:38:45,44.23,6600,44.25,D
sz300850,新强联,2025-10-09 10:38:51,44.19,19000,44.23,D
sz300850,新强联,2025-10-09 10:39:00,44.18,7700,44.19,D
sz300850,新强联,2025-10-09 10:39:06,44.19,5800,44.2,D
sz300850,新强联,2025-10-09 10:39:12,44.25,6600,44.2,U
sz300850,新强联,2025-10-09 10:39:27,44.26,51400,44.27,D
sz300850,新强联,2025-10-09 10:39:36,44.26,4700,44.22,U
sz300850,新强联,2025-10-09 10:39:42,44.19,43800,44.2,D
sz300850,新强联,2025-10-09 10:39:51,44.17,5200,44.18,D
sz300850,新强联,2025-10-09 10:40:48,44.3,5000,44.27,U
sz300850,新强联,2025-10-09 10:40:54,44.25,6300,44.26,D
sz300850,新强联,2025-10-09 10:40:57,44.24,6300,44.25,D
sz300850,新强联,2025-10-09 10:41:00,44.24,15800,44.24,D
sz300850,新强联,2025-10-09 10:41:03,44.24,6300,44.24,D
sz300850,新强联,2025-10-09 10:41:12,44.26,5900,44.24,U
sz300850,新强联,2025-10-09 10:41:18,44.26,8100,44.26,U
sz300850,新强联,2025-10-09 10:41:21,44.25,10800,44.26,D
sz300850,新强联,2025-10-09 10:41:36,44.28,5500,44.26,E
sz300850,新强联,2025-10-09 10:41:45,44.25,6500,44.26,D
sz300850,新强联,2025-10-09 10:41:51,44.27,11100,44.26,U
sz300850,新强联,2025-10-09 10:42:06,44.21,5100,44.2,U
sz300850,新强联,2025-10-09 10:42:09,44.2,6500,44.21,D
sz300850,新强联,2025-10-09 10:42:18,44.2,22300,44.21,D
sz300850,新强联,2025-10-09 10:42:27,44.18,7800,44.19,D
sz300850,新强联,2025-10-09 10:42:30,44.14,19700,44.18,D
sz300850,新强联,2025-10-09 10:42:39,44.1,6400,44.1,D
sz300850,新强联,2025-10-09 10:42:48,44.1,4900,44.1,U
sz300850,新强联,2025-10-09 10:43:03,44.07,81100,44.07,U
sz300850,新强联,2025-10-09 10:43:09,44.03,4800,44.02,E
sz300850,新强联,2025-10-09 10:43:12,44.07,6800,44.03,U
sz300850,新强联,2025-10-09 10:43:18,44.08,7200,44.07,U
sz300850,新强联,2025-10-09 10:43:51,44.19,9600,44.18,U
sz300850,新强联,2025-10-09 10:44:03,44.16,22272,44.21,D
sz300850,新强联,2025-10-09 10:44:09,44.15,8900,44.14,U
sz300850,新强联,2025-10-09 10:44:27,44.12,17600,44.13,D
sz300850,新强联,2025-10-09 10:44:42,44.11,5600,44.11,D
sz300850,新强联,2025-10-09 10:44:48,44.1,8100,44.1,D
sz300850,新强联,2025-10-09 10:45:06,44.11,7100,44.12,D
sz300850,新强联,2025-10-09 10:45:12,44.17,28500,44.11,U
sz300850,新强联,2025-10-09 10:45:18,44.17,23000,44.19,D
sz300850,新强联,2025-10-09 10:46:03,44.17,19400,44.16,U
sz300850,新强联,2025-10-09 10:46:24,44.21,9000,44.19,U
sz300850,新强联,2025-10-09 10:47:03,44.28,4900,44.28,D
sz300850,新强联,2025-10-09 10:47:15,44.29,16737,44.29,U
sz300850,新强联,2025-10-09 10:47:18,44.32,4700,44.29,U
sz300850,新强联,2025-10-09 10:47:30,44.3,24463,44.32,D
sz300850,新强联,2025-10-09 10:47:42,44.3,5400,44.32,D
sz300850,新强联,2025-10-09 10:48:03,44.29,8300,44.3,D
sz300850,新强联,2025-10-09 10:48:09,44.32,7200,44.29,U
sz300850,新强联,2025-10-09 10:48:18,44.32,4800,44.22,U
sz300850,新强联,2025-10-09 10:48:24,44.3,5300,44.31,U
sz300850,新强联,2025-10-09 10:48:45,44.3,4800,44.27,U
sz300850,新强联,2025-10-09 10:48:48,44.31,23200,44.3,U
sz300850,新强联,2025-10-09 10:48:57,44.3,12700,44.28,U
sz300850,新强联,2025-10-09 10:49:00,44.28,5400,44.3,E
sz300850,新强联,2025-10-09 10:49:03,44.26,18100,44.28,E
sz300850,新强联,2025-10-09 10:49:39,44.25,4791,44.26,D
sz300850,新强联,2025-10-09 10:49:57,44.22,10800,44.22,D
sz300850,新强联,2025-10-09 10:50:18,44.18,4800,44.21,D
sz300850,新强联,2025-10-09 10:50:33,44.18,7300,44.17,U
sz300850,新强联,2025-10-09 10:50:39,44.18,7800,44.16,U
sz300850,新强联,2025-10-09 10:50:42,44.17,9000,44.18,D
sz300850,新强联,2025-10-09 10:50:51,44.17,5500,44.16,U
sz300850,新强联,2025-10-09 10:51:00,44.14,20800,44.17,D
sz300850,新强联,2025-10-09 10:51:03,44.14,6900,44.14,U
sz300850,新强联,2025-10-09 10:51:39,44.12,18000,44.12,D
sz300850,新强联,2025-10-09 10:51:48,44.09,69500,44.11,D
sz300850,新强联,2025-10-09 10:52:00,44.07,22000,44.09,D
sz300850,新强联,2025-10-09 10:52:21,44.03,7700,44.04,D
sz300850,新强联,2025-10-09 10:52:30,44.03,8800,44.03,D
sz300850,新强联,2025-10-09 10:52:36,44.05,8500,44.05,D
sz300850,新强联,2025-10-09 10:52:45,44.09,18500,44.04,U
sz300850,新强联,2025-10-09 10:52:57,44.17,6000,44.13,U
sz300850,新强联,2025-10-09 10:53:57,44.19,8300,44.2,E
sz300850,新强联,2025-10-09 10:54:03,44.24,14300,44.19,U
sz300850,新强联,2025-10-09 10:54:06,44.26,9100,44.24,U
sz300850,新强联,2025-10-09 10:54:15,44.29,4600,44.28,U
sz300850,新强联,2025-10-09 10:54:24,44.3,9400,44.3,U
sz300850,新强联,2025-10-09 10:54:27,44.28,8400,44.3,D
sz300850,新强联,2025-10-09 10:54:33,44.29,14200,44.29,U
sz300850,新强联,2025-10-09 10:54:51,44.29,5200,44.3,D
sz300850,新强联,2025-10-09 10:54:54,44.29,8200,44.29,D
sz300850,新强联,2025-10-09 10:55:03,44.26,18500,44.28,D
sz300850,新强联,2025-10-09 10:55:15,44.15,6700,44.15,D
sz300850,新强联,2025-10-09 10:55:27,44.15,5300,44.16,D
sz300850,新强联,2025-10-09 10:55:54,44.25,8200,44.2,U
sz300850,新强联,2025-10-09 10:56:03,44.34,39900,44.29,U
sz300850,新强联,2025-10-09 10:56:18,44.38,10200,44.38,D
sz300850,新强联,2025-10-09 10:56:21,44.38,24600,44.38,U
sz300850,新强联,2025-10-09 10:56:24,44.4,35800,44.38,U
sz300850,新强联,2025-10-09 10:56:27,44.4,8600,44.4,U
sz300850,新强联,2025-10-09 10:56:30,44.4,13500,44.4,U
sz300850,新强联,2025-10-09 10:56:36,44.4,6900,44.4,U
sz300850,新强联,2025-10-09 10:56:42,44.37,9700,44.4,D
sz300850,新强联,2025-10-09 10:56:45,44.39,5800,44.37,U
sz300850,新强联,2025-10-09 10:57:03,44.36,19100,44.39,D
sz300850,新强联,2025-10-09 10:57:18,44.37,20700,44.35,U
sz300850,新强联,2025-10-09 10:57:30,44.4,13700,44.39,E
sz300850,新强联,2025-10-09 10:57:39,44.4,4600,44.4,U
sz300850,新强联,2025-10-09 10:58:00,44.38,5700,44.38,U
sz300850,新强联,2025-10-09 10:58:03,44.37,5300,44.38,D
sz300850,新强联,2025-10-09 10:58:21,44.27,4700,44.34,D
sz300850,新强联,2025-10-09 10:58:45,44.35,12400,44.32,U
sz300850,新强联,2025-10-09 10:58:51,44.42,33500,44.35,U
sz300850,新强联,2025-10-09 10:59:06,44.43,9400,44.43,D
sz300850,新强联,2025-10-09 10:59:48,44.45,22100,44.45,D
sz300850,新强联,2025-10-09 11:00:03,44.4,6100,44.45,D
sz300850,新强联,2025-10-09 11:00:24,44.39,6200,44.41,D
sz300850,新强联,2025-10-09 11:00:33,44.35,11700,44.4,D
sz300850,新强联,2025-10-09 11:00:42,44.35,5900,44.35,D
sz300850,新强联,2025-10-09 11:00:57,44.4,10300,44.36,U
sz300850,新强联,2025-10-09 11:01:18,44.4,5000,44.41,E
sz300850,新强联,2025-10-09 11:02:03,44.42,17900,44.4,U
sz300850,新强联,2025-10-09 11:02:24,44.37,6100,44.38,D
sz300850,新强联,2025-10-09 11:02:33,44.36,9200,44.37,D
sz300850,新强联,2025-10-09 11:02:36,44.36,5000,44.36,D
sz300850,新强联,2025-10-09 11:02:45,44.35,7800,44.35,D
sz300850,新强联,2025-10-09 11:02:48,44.35,5200,44.35,D
sz300850,新强联,2025-10-09 11:02:51,44.36,6500,44.35,U
sz300850,新强联,2025-10-09 11:03:00,44.3,78642,44.35,D
sz300850,新强联,2025-10-09 11:03:03,44.23,11500,44.3,D
sz300850,新强联,2025-10-09 11:03:09,44.23,8600,44.23,D
sz300850,新强联,2025-10-09 11:03:54,44.4,24258,44.34,U
sz300850,新强联,2025-10-09 11:04:45,44.3,11300,44.34,D
sz300850,新强联,2025-10-09 11:04:51,44.31,30900,44.3,U
sz300850,新强联,2025-10-09 11:05:03,44.3,5100,44.33,D
sz300850,新强联,2025-10-09 11:05:21,44.28,22400,44.32,D
sz300850,新强联,2025-10-09 11:06:33,44.29,14300,44.31,D
sz300850,新强联,2025-10-09 11:06:36,44.29,9000,44.29,U
sz300850,新强联,2025-10-09 11:07:03,44.3,10100,44.31,D
sz300850,新强联,2025-10-09 11:07:09,44.31,6700,44.26,U
sz300850,新强联,2025-10-09 11:07:57,44.3,5600,44.27,U
sz300850,新强联,2025-10-09 11:08:09,44.31,32900,44.31,U
sz300850,新强联,2025-10-09 11:08:12,44.42,7900,44.31,U
sz300850,新强联,2025-10-09 11:08:15,44.44,5700,44.42,U
sz300850,新强联,2025-10-09 11:08:39,44.46,4700,44.47,D
sz300850,新强联,2025-10-09 11:08:42,44.49,6600,44.46,U
sz300850,新强联,2025-10-09 11:08:57,44.49,7300,44.49,U
sz300850,新强联,2025-10-09 11:09:03,44.41,15800,44.48,D
sz300850,新强联,2025-10-09 11:09:12,44.48,5500,44.49,U
sz300850,新强联,2025-10-09 11:09:21,44.48,4700,44.42,U
sz300850,新强联,2025-10-09 11:09:24,44.48,6000,44.48,U
sz300850,新强联,2025-10-09 11:09:45,44.48,10300,44.48,U
sz300850,新强联,2025-10-09 11:09:48,44.47,19000,44.48,E
sz300850,新强联,2025-10-09 11:09:51,44.48,6700,44.47,U
sz300850,新强联,2025-10-09 11:10:03,44.5,6700,44.48,U
sz300850,新强联,2025-10-09 11:10:06,44.48,4800,44.5,D
sz300850,新强联,2025-10-09 11:10:18,44.5,33100,44.5,U
sz300850,新强联,2025-10-09 11:10:21,44.55,5345,44.5,U
sz300850,新强联,2025-10-09 11:10:24,44.55,4500,44.55,D
sz300850,新强联,2025-10-09 11:10:39,44.55,10400,44.55,U
sz300850,新强联,2025-10-09 11:10:42,44.57,4900,44.55,U
sz300850,新强联,2025-10-09 11:10:45,44.57,10300,44.57,U
sz300850,新强联,2025-10-09 11:10:57,44.5,12800,44.56,D
sz300850,新强联,2025-10-09 11:11:00,44.5,8600,44.5,D
sz300850,新强联,2025-10-09 11:11:03,44.5,10900,44.5,D
sz300850,新强联,2025-10-09 11:11:12,44.51,10400,44.52,D
sz300850,新强联,2025-10-09 11:11:21,44.52,5500,44.51,U
sz300850,新强联,2025-10-09 11:11:39,44.57,19500,44.52,U
sz300850,新强联,2025-10-09 11:11:42,44.57,10400,44.57,U
sz300850,新强联,2025-10-09 11:11:48,44.58,7500,44.57,U
sz300850,新强联,2025-10-09 11:11:51,44.57,11300,44.58,D
sz300850,新强联,2025-10-09 11:11:54,44.63,65594,44.57,U
sz300850,新强联,2025-10-09 11:12:00,44.64,5600,44.63,U
sz300850,新强联,2025-10-09 11:12:06,44.64,14800,44.63,U
sz300850,新强联,2025-10-09 11:12:09,44.65,23600,44.64,U
sz300850,新强联,2025-10-09 11:12:15,44.72,148862,44.66,U
sz300850,新强联,2025-10-09 11:12:18,44.67,14446,44.72,D
sz300850,新强联,2025-10-09 11:12:21,44.76,52800,44.67,U
sz300850,新强联,2025-10-09 11:12:24,44.76,15952,44.76,U
sz300850,新强联,2025-10-09 11:12:30,44.78,15500,44.76,U
sz300850,新强联,2025-10-09 11:12:33,44.8,34158,44.78,U
sz300850,新强联,2025-10-09 11:12:36,44.8,11000,44.8,U
sz300850,新强联,2025-10-09 11:12:39,44.79,18000,44.8,E
sz300850,新强联,2025-10-09 11:12:42,44.78,49100,44.79,D
sz300850,新强联,2025-10-09 11:12:45,44.8,15525,44.78,U
sz300850,新强联,2025-10-09 11:12:48,44.79,21375,44.8,D
sz300850,新强联,2025-10-09 11:12:51,44.78,13700,44.79,D
sz300850,新强联,2025-10-09 11:12:54,44.76,26200,44.78,D
sz300850,新强联,2025-10-09 11:12:57,44.85,14000,44.76,U
sz300850,新强联,2025-10-09 11:13:00,44.78,6600,44.85,U
sz300850,新强联,2025-10-09 11:13:03,44.82,11600,44.78,U
sz300850,新强联,2025-10-09 11:13:09,44.8,6100,44.84,D
sz300850,新强联,2025-10-09 11:13:21,44.8,10100,44.8,D
sz300850,新强联,2025-10-09 11:13:24,44.81,9300,44.8,U
sz300850,新强联,2025-10-09 11:13:27,44.79,10600,44.81,D
sz300850,新强联,2025-10-09 11:13:30,44.8,5600,44.79,U
sz300850,新强联,2025-10-09 11:13:33,44.79,10000,44.8,U
sz300850,新强联,2025-10-09 11:13:36,44.79,7300,44.79,U
sz300850,新强联,2025-10-09 11:13:45,44.78,4600,44.77,U
sz300850,新强联,2025-10-09 11:13:48,44.78,15700,44.78,D
sz300850,新强联,2025-10-09 11:13:51,44.8,14000,44.78,U
sz300850,新强联,2025-10-09 11:13:54,44.87,159725,44.8,U
sz300850,新强联,2025-10-09 11:13:57,44.95,25581,44.87,U
sz300850,新强联,2025-10-09 11:14:00,44.98,42400,44.95,U
sz300850,新强联,2025-10-09 11:14:03,44.99,15500,44.98,U
sz300850,新强联,2025-10-09 11:14:06,44.99,26600,44.99,U
sz300850,新强联,2025-10-09 11:14:09,44.99,18000,44.99,U
sz300850,新强联,2025-10-09 11:14:12,44.99,35500,44.99,D
sz300850,新强联,2025-10-09 11:14:15,44.99,11700,44.99,U
sz300850,新强联,2025-10-09 11:14:18,45.0,24700,44.99,U
sz300850,新强联,2025-10-09 11:14:24,44.99,12800,44.99,U
sz300850,新强联,2025-10-09 11:14:27,44.94,13500,44.99,D
sz300850,新强联,2025-10-09 11:14:30,44.93,19100,44.94,D
sz300850,新强联,2025-10-09 11:14:33,44.95,7400,44.93,U
sz300850,新强联,2025-10-09 11:14:36,44.99,7800,44.95,U
sz300850,新强联,2025-10-09 11:14:39,44.98,22000,44.99,U
sz300850,新强联,2025-10-09 11:14:42,44.95,16600,44.98,D
sz300850,新强联,2025-10-09 11:14:45,44.99,9400,44.95,U
sz300850,新强联,2025-10-09 11:14:48,44.96,10900,44.99,D
sz300850,新强联,2025-10-09 11:14:51,45.0,13600,44.96,U
sz300850,新强联,2025-10-09 11:14:54,45.0,6600,45.0,U
sz300850,新强联,2025-10-09 11:14:57,44.96,39300,45.0,D
sz300850,新强联,2025-10-09 11:15:00,45.01,5600,44.96,U
sz300850,新强联,2025-10-09 11:15:03,45.0,50500,45.01,D
sz300850,新强联,2025-10-09 11:15:06,45.0,6600,45.0,U
sz300850,新强联,2025-10-09 11:15:09,45.01,27300,45.0,U
sz300850,新强联,2025-10-09 11:15:12,45.03,10216,45.01,U
sz300850,新强联,2025-10-09 11:15:15,45.01,47284,45.03,D
sz300850,新强联,2025-10-09 11:15:18,45.04,18500,45.01,U
sz300850,新强联,2025-10-09 11:15:21,45.04,6616,45.04,U
sz300850,新强联,2025-10-09 11:15:27,44.98,17800,44.96,E
sz300850,新强联,2025-10-09 11:15:33,44.97,5600,44.99,U
sz300850,新强联,2025-10-09 11:15:36,44.95,5119,44.97,E
sz300850,新强联,2025-10-09 11:15:48,44.9,5000,44.94,E
sz300850,新强联,2025-10-09 11:15:54,44.84,5300,44.85,D
sz300850,新强联,2025-10-09 11:16:03,44.84,5900,44.88,D
sz300850,新强联,2025-10-09 11:16:18,44.89,5900,44.89,D
sz300850,新强联,2025-10-09 11:16:27,44.93,5400,44.91,U
sz300850,新强联,2025-10-09 11:16:30,44.95,7300,44.93,U
sz300850,新强联,2025-10-09 11:16:33,45.0,19800,44.95,U
sz300850,新强联,2025-10-09 11:16:36,45.0,4800,45.0,U
sz300850,新强联,2025-10-09 11:16:39,44.91,23300,45.0,D
sz300850,新强联,2025-10-09 11:16:42,44.99,17200,44.91,U
sz300850,新强联,2025-10-09 11:16:45,45.0,5000,44.99,U
sz300850,新强联,2025-10-09 11:16:48,44.97,6700,45.0,D
sz300850,新强联,2025-10-09 11:16:51,44.99,12800,44.97,U
sz300850,新强联,2025-10-09 11:16:54,44.97,26200,44.99,U
sz300850,新强联,2025-10-09 11:17:03,44.96,14700,44.99,D
sz300850,新强联,2025-10-09 11:17:21,44.9,7400,44.91,D
sz300850,新强联,2025-10-09 11:17:30,44.85,12700,44.88,D
sz300850,新强联,2025-10-09 11:17:36,44.8,5300,44.81,D
sz300850,新强联,2025-10-09 11:17:51,44.78,16100,44.86,D
sz300850,新强联,2025-10-09 11:18:03,44.78,5400,44.77,U
sz300850,新强联,2025-10-09 11:18:09,44.83,5100,44.78,U
sz300850,新强联,2025-10-09 11:18:24,44.97,14200,44.92,U
sz300850,新强联,2025-10-09 11:18:27,44.9,5200,44.97,D
sz300850,新强联,2025-10-09 11:18:42,44.82,28500,44.83,D
sz300850,新强联,2025-10-09 11:19:00,44.82,4500,44.81,U
sz300850,新强联,2025-10-09 11:19:03,44.8,16700,44.82,D
sz300850,新强联,2025-10-09 11:19:12,44.85,7400,44.82,U
sz300850,新强联,2025-10-09 11:19:27,44.85,6500,44.84,U
sz300850,新强联,2025-10-09 11:19:33,44.83,5400,44.84,D
sz300850,新强联,2025-10-09 11:19:36,44.78,25200,44.83,D
sz300850,新强联,2025-10-09 11:19:42,44.85,5800,44.8,U
sz300850,新强联,2025-10-09 11:19:57,44.79,8300,44.79,U
sz300850,新强联,2025-10-09 11:20:03,44.78,10700,44.79,D
sz300850,新强联,2025-10-09 11:20:15,44.76,4600,44.77,D
sz300850,新强联,2025-10-09 11:20:21,44.74,5500,44.75,D
sz300850,新强联,2025-10-09 11:20:39,44.71,22200,44.71,U
sz300850,新强联,2025-10-09 11:21:24,44.67,4500,44.67,U
sz300850,新强联,2025-10-09 11:21:30,44.66,6500,44.66,D
sz300850,新强联,2025-10-09 11:21:33,44.64,21300,44.66,D
sz300850,新强联,2025-10-09 11:21:42,44.62,5800,44.63,D
sz300850,新强联,2025-10-09 11:21:45,44.62,8600,44.62,E
sz300850,新强联,2025-10-09 11:21:48,44.6,8000,44.62,D
sz300850,新强联,2025-10-09 11:21:54,44.58,16300,44.59,D
sz300850,新强联,2025-10-09 11:21:57,44.57,5300,44.58,D
sz300850,新强联,2025-10-09 11:22:00,44.57,11800,44.57,D
sz300850,新强联,2025-10-09 11:22:03,44.58,5600,44.57,U
sz300850,新强联,2025-10-09 11:22:06,44.58,7200,44.58,D
sz300850,新强联,2025-10-09 11:22:24,44.58,5500,44.58,U
sz300850,新强联,2025-10-09 11:22:27,44.58,9000,44.58,U
sz300850,新强联,2025-10-09 11:22:30,44.57,5200,44.58,D
sz300850,新强联,2025-10-09 11:23:03,44.65,11800,44.61,U
sz300850,新强联,2025-10-09 11:23:15,44.61,6030,44.61,D
sz300850,新强联,2025-10-09 11:23:18,44.59,5600,44.61,D
sz300850,新强联,2025-10-09 11:23:21,44.6,13200,44.59,E
sz300850,新强联,2025-10-09 11:23:27,44.56,6400,44.58,D
sz300850,新强联,2025-10-09 11:23:30,44.53,18300,44.56,D
sz300850,新强联,2025-10-09 11:23:39,44.57,5400,44.55,U
sz300850,新强联,2025-10-09 11:23:54,44.48,48000,44.51,D
sz300850,新强联,2025-10-09 11:24:00,44.38,8200,44.49,D
sz300850,新强联,2025-10-09 11:24:03,44.33,5600,44.38,D
sz300850,新强联,2025-10-09 11:24:06,44.33,5600,44.33,D
sz300850,新强联,2025-10-09 11:24:30,44.45,5400,44.44,D
sz300850,新强联,2025-10-09 11:24:36,44.44,9700,44.45,D
sz300850,新强联,2025-10-09 11:24:42,44.45,7500,44.45,D
sz300850,新强联,2025-10-09 11:24:45,44.61,5100,44.45,U
sz300850,新强联,2025-10-09 11:24:54,44.53,7700,44.46,E
sz300850,新强联,2025-10-09 11:25:03,44.55,6900,44.53,U
sz300850,新强联,2025-10-09 11:25:06,44.53,11200,44.55,E
sz300850,新强联,2025-10-09 11:25:24,44.55,14000,44.52,U
sz300850,新强联,2025-10-09 11:25:33,44.53,12400,44.52,U
sz300850,新强联,2025-10-09 11:25:39,44.52,6000,44.53,D
sz300850,新强联,2025-10-09 11:25:48,44.49,4500,44.5,E
sz300850,新强联,2025-10-09 11:25:54,44.48,5000,44.49,D
sz300850,新强联,2025-10-09 11:26:03,44.48,5600,44.48,D
sz300850,新强联,2025-10-09 11:26:06,44.46,17400,44.48,D
sz300850,新强联,2025-10-09 11:26:09,44.44,6300,44.46,D
sz300850,新强联,2025-10-09 11:26:18,44.4,5900,44.42,D
sz300850,新强联,2025-10-09 11:26:39,44.45,10200,44.44,U
sz300850,新强联,2025-10-09 11:27:24,44.43,5000,44.43,U
sz300850,新强联,2025-10-09 11:27:30,44.48,10500,44.43,U
sz300850,新强联,2025-10-09 11:27:42,44.6,9800,44.48,U
sz300850,新强联,2025-10-09 11:28:57,44.6,6600,44.62,U
sz300850,新强联,2025-10-09 11:29:00,44.55,12458,44.6,D
sz300850,新强联,2025-10-09 11:29:12,44.55,8200,44.55,U
sz300850,新强联,2025-10-09 11:29:45,44.56,15100,44.52,U
sz300850,新强联,2025-10-09 11:29:48,44.52,6100,44.56,D
sz300850,新强联,2025-10-09 11:29:51,44.53,6000,44.52,E
sz300850,新强联,2025-10-09 11:29:57,44.66,4600,44.56,U
sz300850,新强联,2025-10-09 13:00:00,44.68,42387,44.66,U
sz300850,新强联,2025-10-09 13:00:03,44.63,13813,44.68,D
sz300850,新强联,2025-10-09 13:00:06,44.63,76500,44.63,D
sz300850,新强联,2025-10-09 13:00:09,44.57,27500,44.63,D
sz300850,新强联,2025-10-09 13:00:12,44.42,58300,44.57,D
sz300850,新强联,2025-10-09 13:00:18,44.39,11900,44.43,D
sz300850,新强联,2025-10-09 13:00:33,44.41,5200,44.41,U
sz300850,新强联,2025-10-09 13:00:36,44.39,4900,44.41,D
sz300850,新强联,2025-10-09 13:00:39,44.38,8600,44.39,D
sz300850,新强联,2025-10-09 13:00:45,44.36,4600,44.39,D
sz300850,新强联,2025-10-09 13:00:57,44.36,10355,44.36,D
sz300850,新强联,2025-10-09 13:01:00,44.33,10145,44.36,D
sz300850,新强联,2025-10-09 13:01:21,44.33,4700,44.34,D
sz300850,新强联,2025-10-09 13:01:27,44.26,35555,44.32,D
sz300850,新强联,2025-10-09 13:01:39,44.26,29700,44.26,U
sz300850,新强联,2025-10-09 13:01:42,44.25,7700,44.26,D
sz300850,新强联,2025-10-09 13:01:45,44.29,7300,44.25,U
sz300850,新强联,2025-10-09 13:01:51,44.33,12300,44.31,U
sz300850,新强联,2025-10-09 13:02:06,44.36,8000,44.37,U
sz300850,新强联,2025-10-09 13:02:09,44.39,10100,44.36,U
sz300850,新强联,2025-10-09 13:02:12,44.36,29900,44.39,D
sz300850,新强联,2025-10-09 13:02:24,44.34,12600,44.31,U
sz300850,新强联,2025-10-09 13:02:27,44.32,5600,44.34,D
sz300850,新强联,2025-10-09 13:02:33,44.34,5200,44.31,U
sz300850,新强联,2025-10-09 13:02:36,44.32,21800,44.34,D
sz300850,新强联,2025-10-09 13:02:42,44.35,4900,44.32,E
sz300850,新强联,2025-10-09 13:03:18,44.37,27800,44.4,D
sz300850,新强联,2025-10-09 13:03:21,44.32,24900,44.37,D
sz300850,新强联,2025-10-09 13:03:24,44.32,20200,44.32,D
sz300850,新强联,2025-10-09 13:03:36,44.33,8300,44.32,U
sz300850,新强联,2025-10-09 13:04:06,44.35,5800,44.35,D
sz300850,新强联,2025-10-09 13:04:09,44.36,7000,44.35,U
sz300850,新强联,2025-10-09 13:04:15,44.33,7500,44.35,D
sz300850,新强联,2025-10-09 13:04:18,44.31,10900,44.33,D
sz300850,新强联,2025-10-09 13:04:21,44.31,4700,44.31,D
sz300850,新强联,2025-10-09 13:04:30,44.33,4900,44.32,U
sz300850,新强联,2025-10-09 13:04:33,44.34,5400,44.33,U
sz300850,新强联,2025-10-09 13:04:54,44.4,9100,44.35,U
sz300850,新强联,2025-10-09 13:05:12,44.41,7000,44.4,U
sz300850,新强联,2025-10-09 13:05:18,44.47,4600,44.41,U
sz300850,新强联,2025-10-09 13:05:21,44.51,8800,44.47,U
sz300850,新强联,2025-10-09 13:05:30,44.51,7600,44.52,D
sz300850,新强联,2025-10-09 13:05:36,44.54,6300,44.51,U
sz300850,新强联,2025-10-09 13:05:45,44.63,11400,44.54,U
sz300850,新强联,2025-10-09 13:05:48,44.55,13300,44.63,D
sz300850,新强联,2025-10-09 13:05:57,44.56,17100,44.57,D
sz300850,新强联,2025-10-09 13:06:09,44.55,4638,44.52,U
sz300850,新强联,2025-10-09 13:06:15,44.6,7800,44.55,U
sz300850,新强联,2025-10-09 13:06:18,44.63,25900,44.6,U
sz300850,新强联,2025-10-09 13:06:30,44.63,5313,44.66,D
sz300850,新强联,2025-10-09 13:06:33,44.65,8000,44.63,U
sz300850,新强联,2025-10-09 13:06:45,44.55,12800,44.64,D
sz300850,新强联,2025-10-09 13:07:03,44.59,24400,44.6,D
sz300850,新强联,2025-10-09 13:07:15,44.55,4500,44.58,D
sz300850,新强联,2025-10-09 13:07:51,44.59,18300,44.57,U
sz300850,新强联,2025-10-09 13:07:54,44.64,6000,44.59,U
sz300850,新强联,2025-10-09 13:08:12,44.67,4600,44.67,D
sz300850,新强联,2025-10-09 13:08:21,44.65,8800,44.66,D
sz300850,新强联,2025-10-09 13:08:27,44.64,5300,44.65,D
sz300850,新强联,2025-10-09 13:08:54,44.66,11800,44.66,D
sz300850,新强联,2025-10-09 13:09:00,44.59,13100,44.66,D
sz300850,新强联,2025-10-09 13:09:09,44.59,4900,44.56,U
sz300850,新强联,2025-10-09 13:09:39,44.57,16800,44.56,E
sz300850,新强联,2025-10-09 13:09:54,44.5,32300,44.52,D
sz300850,新强联,2025-10-09 13:10:00,44.4,8900,44.47,D
sz300850,新强联,2025-10-09 13:10:18,44.45,7000,44.41,U
sz300850,新强联,2025-10-09 13:10:27,44.41,7500,44.43,D
sz300850,新强联,2025-10-09 13:10:42,44.41,14500,44.41,D
sz300850,新强联,2025-10-09 13:10:57,44.4,13000,44.42,D
sz300850,新强联,2025-10-09 13:11:42,44.41,5500,44.41,U
sz300850,新强联,2025-10-09 13:11:45,44.39,11200,44.41,D
sz300850,新强联,2025-10-09 13:11:48,44.38,17800,44.39,D
sz300850,新强联,2025-10-09 13:11:51,44.38,6300,44.38,D
sz300850,新强联,2025-10-09 13:13:15,44.45,10400,44.4,U
sz300850,新强联,2025-10-09 13:13:33,44.43,4800,44.44,D
sz300850,新强联,2025-10-09 13:13:39,44.43,4900,44.42,U
sz300850,新强联,2025-10-09 13:13:48,44.4,8900,44.41,D
sz300850,新强联,2025-10-09 13:13:51,44.4,7700,44.4,U
sz300850,新强联,2025-10-09 13:14:39,44.5,8800,44.5,U
sz300850,新强联,2025-10-09 13:14:54,44.49,7600,44.52,D
sz300850,新强联,2025-10-09 13:14:57,44.49,17100,44.49,D
sz300850,新强联,2025-10-09 13:15:00,44.48,5313,44.49,D
sz300850,新强联,2025-10-09 13:15:09,44.44,5000,44.45,D
sz300850,新强联,2025-10-09 13:15:12,44.43,26100,44.44,D
sz300850,新强联,2025-10-09 13:15:24,44.44,7000,44.43,U
sz300850,新强联,2025-10-09 13:15:30,44.43,14700,44.44,D
sz300850,新强联,2025-10-09 13:15:36,44.38,63000,44.44,D
sz300850,新强联,2025-10-09 13:15:48,44.37,6500,44.42,D
sz300850,新强联,2025-10-09 13:15:54,44.35,13800,44.37,D
sz300850,新强联,2025-10-09 13:15:57,44.36,6600,44.35,D
sz300850,新强联,2025-10-09 13:16:24,44.36,10900,44.35,D
sz300850,新强联,2025-10-09 13:16:30,44.33,11400,44.35,D
sz300850,新强联,2025-10-09 13:16:33,44.31,5400,44.33,D
sz300850,新强联,2025-10-09 13:16:36,44.33,12087,44.31,U
sz300850,新强联,2025-10-09 13:17:03,44.28,72413,44.32,D
sz300850,新强联,2025-10-09 13:17:06,44.26,8700,44.28,D
sz300850,新强联,2025-10-09 13:17:09,44.3,6800,44.26,U
sz300850,新强联,2025-10-09 13:17:24,44.25,7100,44.25,D
sz300850,新强联,2025-10-09 13:17:30,44.25,9500,44.25,U
sz300850,新强联,2025-10-09 13:17:36,44.24,12600,44.25,D
sz300850,新强联,2025-10-09 13:18:00,44.26,4600,44.26,U
sz300850,新强联,2025-10-09 13:18:27,44.31,16300,44.27,U
sz300850,新强联,2025-10-09 13:18:33,44.3,4800,44.31,D
sz300850,新强联,2025-10-09 13:18:57,44.32,12500,44.33,D
sz300850,新强联,2025-10-09 13:19:03,44.31,6600,44.33,E
sz300850,新强联,2025-10-09 13:19:06,44.28,9200,44.31,D
sz300850,新强联,2025-10-09 13:19:09,44.3,7900,44.28,U
sz300850,新强联,2025-10-09 13:19:18,44.31,17300,44.28,U
sz300850,新强联,2025-10-09 13:19:27,44.3,6900,44.3,D
sz300850,新强联,2025-10-09 13:19:30,44.29,5000,44.3,D
sz300850,新强联,2025-10-09 13:19:57,44.33,15500,44.33,D
sz300850,新强联,2025-10-09 13:20:00,44.35,51200,44.33,E
sz300850,新强联,2025-10-09 13:20:12,44.39,6700,44.37,U
sz300850,新强联,2025-10-09 13:20:24,44.38,41000,44.43,D
sz300850,新强联,2025-10-09 13:20:27,44.38,5400,44.38,U
sz300850,新强联,2025-10-09 13:20:45,44.38,50000,44.44,D
sz300850,新强联,2025-10-09 13:20:51,44.41,6600,44.43,D
sz300850,新强联,2025-10-09 13:20:57,44.44,5600,44.43,U
sz300850,新强联,2025-10-09 13:21:03,44.43,8500,44.45,D
sz300850,新强联,2025-10-09 13:21:15,44.42,12900,44.42,U
sz300850,新强联,2025-10-09 13:21:18,44.49,52800,44.42,U
sz300850,新强联,2025-10-09 13:21:48,44.45,20000,44.49,D
sz300850,新强联,2025-10-09 13:22:18,44.45,12900,44.45,U
sz300850,新强联,2025-10-09 13:22:24,44.45,15000,44.45,U
sz300850,新强联,2025-10-09 13:22:30,44.45,8400,44.45,U
sz300850,新强联,2025-10-09 13:22:36,44.44,10300,44.45,D
sz300850,新强联,2025-10-09 13:22:39,44.42,7700,44.44,D
sz300850,新强联,2025-10-09 13:22:42,44.44,24600,44.42,U
sz300850,新强联,2025-10-09 13:23:21,44.44,7100,44.44,U
sz300850,新强联,2025-10-09 13:23:24,44.44,46500,44.44,U
sz300850,新强联,2025-10-09 13:23:36,44.4,9900,44.44,D
sz300850,新强联,2025-10-09 13:23:57,44.41,5500,44.38,U
sz300850,新强联,2025-10-09 13:24:15,44.42,6100,44.42,D
sz300850,新强联,2025-10-09 13:24:18,44.42,5600,44.42,D
sz300850,新强联,2025-10-09 13:24:36,44.39,4700,44.4,D
sz300850,新强联,2025-10-09 13:25:24,44.25,21200,44.3,D
sz300850,新强联,2025-10-09 13:25:33,44.3,11200,44.3,U
sz300850,新强联,2025-10-09 13:25:42,44.3,10500,44.25,U
sz300850,新强联,2025-10-09 13:25:45,44.27,5100,44.3,D
sz300850,新强联,2025-10-09 13:26:18,44.31,5400,44.33,D
sz300850,新强联,2025-10-09 13:26:33,44.36,5900,44.34,U
sz300850,新强联,2025-10-09 13:26:48,44.4,8000,44.38,U
sz300850,新强联,2025-10-09 13:27:03,44.36,11900,44.39,D
sz300850,新强联,2025-10-09 13:27:30,44.37,6100,44.4,D
sz300850,新强联,2025-10-09 13:28:06,44.39,8900,44.39,U
sz300850,新强联,2025-10-09 13:28:21,44.4,6800,44.4,U
sz300850,新强联,2025-10-09 13:28:51,44.41,10100,44.4,U
sz300850,新强联,2025-10-09 13:29:00,44.36,25300,44.41,D
sz300850,新强联,2025-10-09 13:29:03,44.37,18700,44.36,U
sz300850,新强联,2025-10-09 13:30:00,44.32,23900,44.34,D
sz300850,新强联,2025-10-09 13:30:27,44.35,12000,44.38,D
sz300850,新强联,2025-10-09 13:30:39,44.31,7100,44.33,D
sz300850,新强联,2025-10-09 13:30:42,44.28,27500,44.31,D
sz300850,新强联,2025-10-09 13:30:57,44.28,6200,44.28,D
sz300850,新强联,2025-10-09 13:31:00,44.27,4700,44.28,D
sz300850,新强联,2025-10-09 13:31:03,44.26,8700,44.27,D
sz300850,新强联,2025-10-09 13:31:06,44.28,6700,44.26,U
sz300850,新强联,2025-10-09 13:31:09,44.25,28000,44.28,D
sz300850,新强联,2025-10-09 13:31:12,44.26,5200,44.25,U
sz300850,新强联,2025-10-09 13:31:33,44.23,5800,44.26,D
sz300850,新强联,2025-10-09 13:31:36,44.24,25000,44.23,D
sz300850,新强联,2025-10-09 13:31:48,44.24,6300,44.22,U
sz300850,新强联,2025-10-09 13:32:06,44.24,5000,44.23,U
sz300850,新强联,2025-10-09 13:32:51,44.33,5300,44.31,U
sz300850,新强联,2025-10-09 13:32:57,44.32,10900,44.31,U
sz300850,新强联,2025-10-09 13:33:00,44.28,18600,44.32,D
sz300850,新强联,2025-10-09 13:33:06,44.25,14600,44.26,D
sz300850,新强联,2025-10-09 13:33:12,44.26,8300,44.26,U
sz300850,新强联,2025-10-09 13:33:24,44.26,10900,44.26,D
sz300850,新强联,2025-10-09 13:33:48,44.26,4900,44.25,U
sz300850,新强联,2025-10-09 13:34:00,44.27,7200,44.25,U
sz300850,新强联,2025-10-09 13:34:24,44.24,30000,44.28,D
sz300850,新强联,2025-10-09 13:34:39,44.25,12592,44.24,U
sz300850,新强联,2025-10-09 13:35:00,44.2,127608,44.26,D
sz300850,新强联,2025-10-09 13:35:03,44.15,48800,44.2,D
sz300850,新强联,2025-10-09 13:35:18,44.15,36100,44.18,D
sz300850,新强联,2025-10-09 13:35:27,44.15,6600,44.16,D
sz300850,新强联,2025-10-09 13:35:33,44.17,9300,44.15,E
sz300850,新强联,2025-10-09 13:35:57,44.19,5100,44.18,U
sz300850,新强联,2025-10-09 13:36:09,44.18,9200,44.19,D
sz300850,新强联,2025-10-09 13:36:12,44.18,5300,44.18,D
sz300850,新强联,2025-10-09 13:36:42,44.19,6700,44.18,U
sz300850,新强联,2025-10-09 13:37:06,44.21,5600,44.2,E
sz300850,新强联,2025-10-09 13:37:21,44.24,20500,44.21,U
sz300850,新强联,2025-10-09 13:37:42,44.27,10700,44.27,U
sz300850,新强联,2025-10-09 13:37:48,44.31,7300,44.27,U
sz300850,新强联,2025-10-09 13:37:51,44.31,9000,44.31,D
sz300850,新强联,2025-10-09 13:37:54,44.32,7000,44.31,U
sz300850,新强联,2025-10-09 13:37:57,44.31,10100,44.32,D
sz300850,新强联,2025-10-09 13:38:09,44.34,5500,44.33,E
sz300850,新强联,2025-10-09 13:38:36,44.3,7500,44.32,D
sz300850,新强联,2025-10-09 13:39:54,44.31,6584,44.33,D
sz300850,新强联,2025-10-09 13:39:57,44.27,53900,44.31,D
sz300850,新强联,2025-10-09 13:40:00,44.26,5100,44.27,D
sz300850,新强联,2025-10-09 13:40:03,44.25,10300,44.26,D
sz300850,新强联,2025-10-09 13:40:51,44.23,5300,44.23,E
sz300850,新强联,2025-10-09 13:40:54,44.25,14100,44.23,U
sz300850,新强联,2025-10-09 13:41:21,44.25,6700,44.25,D
sz300850,新强联,2025-10-09 13:42:00,44.26,17700,44.28,D
sz300850,新强联,2025-10-09 13:42:09,44.26,5500,44.26,U
sz300850,新强联,2025-10-09 13:42:54,44.24,26900,44.26,D
sz300850,新强联,2025-10-09 13:43:03,44.21,13269,44.22,D
sz300850,新强联,2025-10-09 13:43:06,44.19,27600,44.21,D
sz300850,新强联,2025-10-09 13:43:12,44.2,7800,44.2,U
sz300850,新强联,2025-10-09 13:43:45,44.2,9600,44.21,D
sz300850,新强联,2025-10-09 13:44:00,44.14,69600,44.19,D
sz300850,新强联,2025-10-09 13:44:03,44.14,6200,44.14,D
sz300850,新强联,2025-10-09 13:44:18,44.14,5200,44.13,U
sz300850,新强联,2025-10-09 13:44:33,44.12,7900,44.12,D
sz300850,新强联,2025-10-09 13:44:36,44.12,12000,44.12,D
sz300850,新强联,2025-10-09 13:44:42,44.12,5300,44.11,U
sz300850,新强联,2025-10-09 13:44:48,44.12,21000,44.11,D
sz300850,新强联,2025-10-09 13:44:51,44.12,6764,44.12,D
sz300850,新强联,2025-10-09 13:44:54,44.12,12108,44.12,D
sz300850,新强联,2025-10-09 13:45:00,44.1,7300,44.11,D
sz300850,新强联,2025-10-09 13:45:03,44.06,46166,44.1,D
sz300850,新强联,2025-10-09 13:45:21,44.05,4700,44.05,U
sz300850,新强联,2025-10-09 13:45:30,44.08,8200,44.05,U
sz300850,新强联,2025-10-09 13:45:45,44.11,10600,44.11,E
sz300850,新强联,2025-10-09 13:45:48,44.06,5500,44.11,D
sz300850,新强联,2025-10-09 13:45:57,44.08,6700,44.08,U
sz300850,新强联,2025-10-09 13:46:00,44.07,5700,44.08,D
sz300850,新强联,2025-10-09 13:46:24,44.09,9400,44.1,D
sz300850,新强联,2025-10-09 13:46:33,44.05,67500,44.08,D
sz300850,新强联,2025-10-09 13:46:36,44.05,5400,44.05,U
sz300850,新强联,2025-10-09 13:46:42,44.05,5500,44.04,U
sz300850,新强联,2025-10-09 13:46:48,44.04,12400,44.04,D
sz300850,新强联,2025-10-09 13:46:51,44.05,6600,44.04,U
sz300850,新强联,2025-10-09 13:47:09,44.05,7600,44.05,D
sz300850,新强联,2025-10-09 13:47:21,44.06,7600,44.04,U
sz300850,新强联,2025-10-09 13:47:27,44.07,6400,44.06,U
sz300850,新强联,2025-10-09 13:47:33,44.06,5600,44.07,E
sz300850,新强联,2025-10-09 13:47:57,44.05,7000,44.05,U
sz300850,新强联,2025-10-09 13:48:00,44.04,15600,44.05,D
sz300850,新强联,2025-10-09 13:48:06,44.03,8000,44.04,D
sz300850,新强联,2025-10-09 13:48:09,44.03,16500,44.03,D
sz300850,新强联,2025-10-09 13:48:15,44.02,13900,44.02,D
sz300850,新强联,2025-10-09 13:48:18,44.02,31700,44.02,U
sz300850,新强联,2025-10-09 13:48:24,44.01,5400,44.02,D
sz300850,新强联,2025-10-09 13:48:30,44.0,7100,44.0,D
sz300850,新强联,2025-10-09 13:48:33,43.97,193500,44.0,D
sz300850,新强联,2025-10-09 13:48:36,43.93,4800,43.97,D
sz300850,新强联,2025-10-09 13:48:39,43.95,10400,43.93,U
sz300850,新强联,2025-10-09 13:48:48,44.0,11100,43.94,U
sz300850,新强联,2025-10-09 13:48:57,43.93,9300,43.97,D
sz300850,新强联,2025-10-09 13:49:03,43.97,7900,43.99,D
sz300850,新强联,2025-10-09 13:49:18,44.01,13100,44.0,U
sz300850,新强联,2025-10-09 13:49:24,44.01,5500,44.01,U
sz300850,新强联,2025-10-09 13:49:27,44.01,5300,44.01,D
sz300850,新强联,2025-10-09 13:49:30,44.01,5200,44.01,D
sz300850,新强联,2025-10-09 13:49:33,44.01,7600,44.01,D
sz300850,新强联,2025-10-09 13:49:42,44.03,23600,44.02,U
sz300850,新强联,2025-10-09 13:49:54,44.02,4600,44.04,D
sz300850,新强联,2025-10-09 13:50:00,44.03,25700,44.03,D
sz300850,新强联,2025-10-09 13:50:09,43.95,17900,44.01,D
sz300850,新强联,2025-10-09 13:50:18,44.0,20000,44.0,D
sz300850,新强联,2025-10-09 13:50:24,44.02,24900,44.03,D
sz300850,新强联,2025-10-09 13:50:27,44.01,18300,44.02,D
sz300850,新强联,2025-10-09 13:50:33,43.93,16200,44.0,D
sz300850,新强联,2025-10-09 13:50:45,43.97,5900,44.03,D
sz300850,新强联,2025-10-09 13:50:57,44.04,48600,43.96,U
sz300850,新强联,2025-10-09 13:51:24,44.09,11600,44.08,U
sz300850,新强联,2025-10-09 13:51:33,44.09,6300,44.09,U
sz300850,新强联,2025-10-09 13:51:42,44.09,7300,44.09,U
sz300850,新强联,2025-10-09 13:51:45,44.1,17900,44.09,U
sz300850,新强联,2025-10-09 13:51:57,44.09,9000,44.12,D
sz300850,新强联,2025-10-09 13:52:21,44.15,5800,44.14,U
sz300850,新强联,2025-10-09 13:52:54,44.21,6500,44.21,U
sz300850,新强联,2025-10-09 13:53:06,44.21,6800,44.22,D
sz300850,新强联,2025-10-09 13:53:42,44.26,11200,44.28,D
sz300850,新强联,2025-10-09 13:54:00,44.26,13900,44.25,U
sz300850,新强联,2025-10-09 13:54:06,44.27,14600,44.24,U
sz300850,新强联,2025-10-09 13:54:39,44.28,7800,44.29,D
sz300850,新强联,2025-10-09 13:55:00,44.3,10628,44.3,U
sz300850,新强联,2025-10-09 13:55:03,44.31,13500,44.3,U
sz300850,新强联,2025-10-09 13:55:09,44.32,7516,44.31,U
sz300850,新强联,2025-10-09 13:55:24,44.34,6800,44.35,D
sz300850,新强联,2025-10-09 13:55:27,44.35,8400,44.34,U
sz300850,新强联,2025-10-09 13:55:36,44.36,16300,44.34,U
sz300850,新强联,2025-10-09 13:55:45,44.35,7000,44.36,D
sz300850,新强联,2025-10-09 13:56:03,44.36,16200,44.36,D
sz300850,新强联,2025-10-09 13:56:27,44.36,10200,44.37,D
sz300850,新强联,2025-10-09 13:56:30,44.37,7100,44.36,U
sz300850,新强联,2025-10-09 13:56:33,44.36,10000,44.37,D
sz300850,新强联,2025-10-09 13:56:48,44.33,42500,44.36,D
sz300850,新强联,2025-10-09 13:57:00,44.34,9200,44.32,U
sz300850,新强联,2025-10-09 13:57:24,44.45,17700,44.36,U
sz300850,新强联,2025-10-09 13:57:33,44.5,6300,44.4,U
sz300850,新强联,2025-10-09 13:57:42,44.47,16500,44.5,D
sz300850,新强联,2025-10-09 13:57:45,44.52,12800,44.47,U
sz300850,新强联,2025-10-09 13:57:51,44.52,21300,44.51,E
sz300850,新强联,2025-10-09 13:58:03,44.54,11700,44.51,U
sz300850,新强联,2025-10-09 13:58:09,44.55,35600,44.54,U
sz300850,新强联,2025-10-09 13:58:12,44.51,9400,44.55,D
sz300850,新强联,2025-10-09 13:58:21,44.45,8500,44.5,D
sz300850,新强联,2025-10-09 13:58:24,44.53,8400,44.45,U
sz300850,新强联,2025-10-09 13:58:36,44.5,6000,44.51,D
sz300850,新强联,2025-10-09 13:58:57,44.5,4900,44.5,D
sz300850,新强联,2025-10-09 14:00:03,44.49,6200,44.42,U
sz300850,新强联,2025-10-09 14:00:18,44.42,5500,44.43,D
sz300850,新强联,2025-10-09 14:00:24,44.43,5500,44.43,U
sz300850,新强联,2025-10-09 14:00:48,44.42,6400,44.4,U
sz300850,新强联,2025-10-09 14:00:51,44.45,14700,44.42,U
sz300850,新强联,2025-10-09 14:01:06,44.51,44200,44.49,U
sz300850,新强联,2025-10-09 14:01:09,44.55,9400,44.51,U
sz300850,新强联,2025-10-09 14:01:12,44.55,8700,44.55,U
sz300850,新强联,2025-10-09 14:01:15,44.59,39100,44.55,U
sz300850,新强联,2025-10-09 14:01:18,44.63,17000,44.59,U
sz300850,新强联,2025-10-09 14:01:24,44.64,9500,44.65,U
sz300850,新强联,2025-10-09 14:01:30,44.68,7200,44.66,U
sz300850,新强联,2025-10-09 14:01:33,44.7,10500,44.68,U
sz300850,新强联,2025-10-09 14:01:36,44.7,9700,44.7,U
sz300850,新强联,2025-10-09 14:01:48,44.79,11600,44.79,U
sz300850,新强联,2025-10-09 14:01:51,44.85,18300,44.79,U
sz300850,新强联,2025-10-09 14:01:54,44.85,4800,44.85,U
sz300850,新强联,2025-10-09 14:01:57,44.84,30700,44.85,E
sz300850,新强联,2025-10-09 14:02:00,44.79,63600,44.84,D
sz300850,新强联,2025-10-09 14:02:03,44.79,15100,44.79,U
sz300850,新强联,2025-10-09 14:02:06,44.79,5700,44.79,E
sz300850,新强联,2025-10-09 14:02:09,44.72,7300,44.79,D
sz300850,新强联,2025-10-09 14:02:18,44.75,10600,44.74,U
sz300850,新强联,2025-10-09 14:02:24,44.75,6800,44.74,U
sz300850,新强联,2025-10-09 14:02:36,44.75,9500,44.76,D
sz300850,新强联,2025-10-09 14:02:48,44.76,6500,44.76,D
sz300850,新强联,2025-10-09 14:02:51,44.75,11500,44.76,D
sz300850,新强联,2025-10-09 14:03:03,44.64,9200,44.71,D
sz300850,新强联,2025-10-09 14:03:06,44.6,5800,44.64,D
sz300850,新强联,2025-10-09 14:03:09,44.64,6000,44.6,U
sz300850,新强联,2025-10-09 14:03:36,44.52,25500,44.61,D
sz300850,新强联,2025-10-09 14:03:51,44.61,11500,44.64,D
sz300850,新强联,2025-10-09 14:03:57,44.6,6400,44.61,E
sz300850,新强联,2025-10-09 14:04:24,44.53,11200,44.57,D
sz300850,新强联,2025-10-09 14:04:27,44.58,10100,44.53,E
sz300850,新强联,2025-10-09 14:04:30,44.6,5300,44.58,U
sz300850,新强联,2025-10-09 14:04:36,44.6,6200,44.59,U
sz300850,新强联,2025-10-09 14:04:39,44.6,7900,44.6,D
sz300850,新强联,2025-10-09 14:04:45,44.61,23500,44.6,U
sz300850,新强联,2025-10-09 14:04:48,44.63,104500,44.61,U
sz300850,新强联,2025-10-09 14:05:06,44.77,11600,44.75,U
sz300850,新强联,2025-10-09 14:05:15,44.87,6000,44.83,U
sz300850,新强联,2025-10-09 14:05:18,44.85,10600,44.87,D
sz300850,新强联,2025-10-09 14:05:21,44.87,28600,44.85,U
sz300850,新强联,2025-10-09 14:05:24,44.87,21000,44.87,U
sz300850,新强联,2025-10-09 14:05:27,44.87,9900,44.87,U
sz300850,新强联,2025-10-09 14:05:30,44.85,5200,44.87,D
sz300850,新强联,2025-10-09 14:05:33,44.88,20000,44.85,U
sz300850,新强联,2025-10-09 14:05:36,44.88,9000,44.88,U
sz300850,新强联,2025-10-09 14:05:39,44.88,20800,44.88,D
sz300850,新强联,2025-10-09 14:05:42,44.88,7500,44.88,U
sz300850,新强联,2025-10-09 14:05:51,44.88,22500,44.89,D
sz300850,新强联,2025-10-09 14:05:54,44.84,19800,44.88,D
sz300850,新强联,2025-10-09 14:05:57,44.8,4500,44.84,D
sz300850,新强联,2025-10-09 14:06:00,44.88,17900,44.8,U
sz300850,新强联,2025-10-09 14:06:09,44.82,27700,44.88,D
sz300850,新强联,2025-10-09 14:06:12,44.84,7200,44.82,U
sz300850,新强联,2025-10-09 14:06:18,44.79,5700,44.83,D
sz300850,新强联,2025-10-09 14:06:33,44.75,6500,44.75,D
sz300850,新强联,2025-10-09 14:06:48,44.75,6700,44.8,D
sz300850,新强联,2025-10-09 14:06:51,44.8,4600,44.75,U
sz300850,新强联,2025-10-09 14:06:54,44.78,4600,44.8,E
sz300850,新强联,2025-10-09 14:06:57,44.75,8200,44.78,D
sz300850,新强联,2025-10-09 14:07:00,44.79,6400,44.75,U
sz300850,新强联,2025-10-09 14:07:09,44.79,7700,44.79,D
sz300850,新强联,2025-10-09 14:07:15,44.79,9500,44.8,D
sz300850,新强联,2025-10-09 14:07:18,44.8,45400,44.79,U
sz300850,新强联,2025-10-09 14:07:27,44.8,6400,44.8,U
sz300850,新强联,2025-10-09 14:07:30,44.79,8000,44.8,D
sz300850,新强联,2025-10-09 14:07:33,44.79,10200,44.79,D
sz300850,新强联,2025-10-09 14:07:39,44.77,7900,44.78,U
sz300850,新强联,2025-10-09 14:07:45,44.78,7700,44.76,U
sz300850,新强联,2025-10-09 14:07:48,44.77,6100,44.78,U
sz300850,新强联,2025-10-09 14:07:54,44.75,10900,44.77,D
sz300850,新强联,2025-10-09 14:08:00,44.72,7700,44.75,D
sz300850,新强联,2025-10-09 14:08:06,44.72,28500,44.73,D
sz300850,新强联,2025-10-09 14:08:09,44.7,40800,44.72,D
sz300850,新强联,2025-10-09 14:08:12,44.75,11800,44.7,U
sz300850,新强联,2025-10-09 14:08:15,44.72,10900,44.75,U
sz300850,新强联,2025-10-09 14:08:21,44.78,8200,44.74,U
sz300850,新强联,2025-10-09 14:08:30,44.79,8700,44.79,U
sz300850,新强联,2025-10-09 14:08:33,44.78,14700,44.79,D
sz300850,新强联,2025-10-09 14:08:36,44.78,6200,44.78,U
sz300850,新强联,2025-10-09 14:09:03,44.66,6700,44.65,U
sz300850,新强联,2025-10-09 14:09:06,44.66,12100,44.66,U
sz300850,新强联,2025-10-09 14:09:12,44.7,8900,44.65,U
sz300850,新强联,2025-10-09 14:09:18,44.7,12900,44.66,U
sz300850,新强联,2025-10-09 14:09:33,44.65,16200,44.66,D
sz300850,新强联,2025-10-09 14:09:42,44.64,5400,44.64,U
sz300850,新强联,2025-10-09 14:09:45,44.65,4500,44.64,U
sz300850,新强联,2025-10-09 14:10:03,44.57,20500,44.61,D
sz300850,新强联,2025-10-09 14:10:06,44.57,5800,44.57,E
sz300850,新强联,2025-10-09 14:10:12,44.55,5700,44.56,E
sz300850,新强联,2025-10-09 14:10:18,44.57,14600,44.53,U
sz300850,新强联,2025-10-09 14:10:45,44.51,16700,44.55,D
sz300850,新强联,2025-10-09 14:11:03,44.44,16400,44.51,D
sz300850,新强联,2025-10-09 14:11:21,44.5,6800,44.47,U
sz300850,新强联,2025-10-09 14:11:42,44.52,5600,44.53,D
sz300850,新强联,2025-10-09 14:11:45,44.52,9400,44.52,D
sz300850,新强联,2025-10-09 14:11:54,44.51,16000,44.54,D
sz300850,新强联,2025-10-09 14:11:57,44.51,6700,44.51,D
sz300850,新强联,2025-10-09 14:12:00,44.49,5100,44.51,D
sz300850,新强联,2025-10-09 14:12:12,44.48,4600,44.47,D
sz300850,新强联,2025-10-09 14:12:15,44.5,10100,44.48,U
sz300850,新强联,2025-10-09 14:12:36,44.54,58400,44.56,D
sz300850,新强联,2025-10-09 14:12:39,44.54,6400,44.54,U
sz300850,新强联,2025-10-09 14:12:42,44.54,5200,44.54,U
sz300850,新强联,2025-10-09 14:12:54,44.53,7900,44.53,U
sz300850,新强联,2025-10-09 14:13:00,44.54,9500,44.52,U
sz300850,新强联,2025-10-09 14:13:03,44.54,6500,44.54,U
sz300850,新强联,2025-10-09 14:13:33,44.53,26300,44.56,D
sz300850,新强联,2025-10-09 14:13:36,44.52,5200,44.53,D
sz300850,新强联,2025-10-09 14:13:42,44.51,4700,44.5,U
sz300850,新强联,2025-10-09 14:13:48,44.5,13000,44.5,U
sz300850,新强联,2025-10-09 14:14:45,44.47,30341,44.51,D
sz300850,新强联,2025-10-09 14:14:48,44.51,5900,44.47,U
sz300850,新强联,2025-10-09 14:15:51,44.63,5500,44.61,U
sz300850,新强联,2025-10-09 14:15:54,44.61,9400,44.63,D
sz300850,新强联,2025-10-09 14:16:03,44.55,58200,44.57,D
sz300850,新强联,2025-10-09 14:16:06,44.54,10900,44.55,D
sz300850,新强联,2025-10-09 14:16:36,44.54,7100,44.54,D
sz300850,新强联,2025-10-09 14:16:39,44.57,19000,44.54,U
sz300850,新强联,2025-10-09 14:17:18,44.61,4800,44.61,D
sz300850,新强联,2025-10-09 14:17:21,44.61,5100,44.61,D
sz300850,新强联,2025-10-09 14:17:33,44.58,10700,44.58,D
sz300850,新强联,2025-10-09 14:17:36,44.54,24100,44.58,D
sz300850,新强联,2025-10-09 14:17:39,44.54,8400,44.54,D
sz300850,新强联,2025-10-09 14:17:42,44.54,12000,44.54,D
sz300850,新强联,2025-10-09 14:17:51,44.51,28400,44.54,D
sz300850,新强联,2025-10-09 14:17:57,44.54,11500,44.54,U
sz300850,新强联,2025-10-09 14:18:12,44.5,6900,44.51,D
sz300850,新强联,2025-10-09 14:18:15,44.54,10800,44.5,U
sz300850,新强联,2025-10-09 14:18:21,44.53,11300,44.51,U
sz300850,新强联,2025-10-09 14:18:27,44.51,6900,44.52,D
sz300850,新强联,2025-10-09 14:19:33,44.49,19900,44.53,D
sz300850,新强联,2025-10-09 14:19:36,44.52,6100,44.49,U
sz300850,新强联,2025-10-09 14:19:48,44.51,9800,44.49,E
sz300850,新强联,2025-10-09 14:19:51,44.48,19600,44.51,D
sz300850,新强联,2025-10-09 14:20:00,44.45,5400,44.48,D
sz300850,新强联,2025-10-09 14:20:06,44.5,4800,44.45,U
sz300850,新强联,2025-10-09 14:20:15,44.51,7300,44.5,U
sz300850,新强联,2025-10-09 14:20:27,44.49,40300,44.51,D
sz300850,新强联,2025-10-09 14:20:48,44.44,5400,44.44,U
sz300850,新强联,2025-10-09 14:21:00,44.38,6500,44.42,D
sz300850,新强联,2025-10-09 14:21:06,44.44,20300,44.39,U
sz300850,新强联,2025-10-09 14:22:24,44.35,39300,44.38,D
sz300850,新强联,2025-10-09 14:22:36,44.31,7284,44.31,D
sz300850,新强联,2025-10-09 14:23:12,44.28,30800,44.27,U
sz300850,新强联,2025-10-09 14:23:27,44.21,10400,44.23,D
sz300850,新强联,2025-10-09 14:23:48,44.2,14700,44.23,D
sz300850,新强联,2025-10-09 14:24:03,44.2,16200,44.26,D
sz300850,新强联,2025-10-09 14:24:18,44.26,4774,44.23,U
sz300850,新强联,2025-10-09 14:24:33,44.28,4600,44.28,D
sz300850,新强联,2025-10-09 14:24:36,44.26,13226,44.28,D
sz300850,新强联,2025-10-09 14:24:51,44.26,5500,44.25,U
sz300850,新强联,2025-10-09 14:24:57,44.26,9200,44.25,U
sz300850,新强联,2025-10-09 14:25:00,44.28,6374,44.26,U
sz300850,新强联,2025-10-09 14:25:18,44.29,5396,44.32,D
sz300850,新强联,2025-10-09 14:25:30,44.28,12100,44.27,U
sz300850,新强联,2025-10-09 14:25:33,44.27,12300,44.28,D
sz300850,新强联,2025-10-09 14:25:48,44.35,14300,44.27,U
sz300850,新强联,2025-10-09 14:25:57,44.32,6100,44.33,E
sz300850,新强联,2025-10-09 14:26:00,44.26,33817,44.32,D
sz300850,新强联,2025-10-09 14:26:03,44.22,17883,44.26,D
sz300850,新强联,2025-10-09 14:26:06,44.21,6700,44.22,D
sz300850,新强联,2025-10-09 14:26:09,44.2,20700,44.21,D
sz300850,新强联,2025-10-09 14:26:12,44.2,5700,44.2,U
sz300850,新强联,2025-10-09 14:26:15,44.22,9000,44.2,U
sz300850,新强联,2025-10-09 14:26:24,44.2,11800,44.22,D
sz300850,新强联,2025-10-09 14:26:27,44.18,13200,44.2,D
sz300850,新强联,2025-10-09 14:26:30,44.17,4900,44.18,D
sz300850,新强联,2025-10-09 14:26:48,44.19,10400,44.19,D
sz300850,新强联,2025-10-09 14:27:18,44.15,6000,44.16,D
sz300850,新强联,2025-10-09 14:27:36,44.18,6300,44.18,U
sz300850,新强联,2025-10-09 14:27:45,44.17,12000,44.17,E
sz300850,新强联,2025-10-09 14:27:48,44.16,4600,44.17,E
sz300850,新强联,2025-10-09 14:27:57,44.15,7800,44.17,D
sz300850,新强联,2025-10-09 14:28:00,44.15,4900,44.15,U
sz300850,新强联,2025-10-09 14:28:51,44.14,5600,44.14,D
sz300850,新强联,2025-10-09 14:28:54,44.14,5400,44.14,D
sz300850,新强联,2025-10-09 14:28:57,44.15,20400,44.14,U
sz300850,新强联,2025-10-09 14:29:00,44.15,5100,44.15,U
sz300850,新强联,2025-10-09 14:29:06,44.16,54200,44.14,U
sz300850,新强联,2025-10-09 14:29:09,44.16,5800,44.16,U
sz300850,新强联,2025-10-09 14:29:15,44.15,8100,44.15,D
sz300850,新强联,2025-10-09 14:29:30,44.15,7300,44.16,D
sz300850,新强联,2025-10-09 14:29:33,44.16,9200,44.15,U
sz300850,新强联,2025-10-09 14:29:36,44.16,21122,44.16,U
sz300850,新强联,2025-10-09 14:29:39,44.17,6300,44.16,U
sz300850,新强联,2025-10-09 14:29:48,44.15,53078,44.17,D
sz300850,新强联,2025-10-09 14:29:57,44.1,31100,44.11,D
sz300850,新强联,2025-10-09 14:30:03,44.1,5200,44.09,U
sz300850,新强联,2025-10-09 14:30:06,44.08,5500,44.1,D
sz300850,新强联,2025-10-09 14:30:21,44.1,6900,44.1,U
sz300850,新强联,2025-10-09 14:30:36,44.14,5100,44.11,U
sz300850,新强联,2025-10-09 14:30:48,44.15,5200,44.14,U
sz300850,新强联,2025-10-09 14:30:54,44.15,5000,44.16,D
sz300850,新强联,2025-10-09 14:31:09,44.16,12700,44.18,D
sz300850,新强联,2025-10-09 14:31:12,44.19,4900,44.16,U
sz300850,新强联,2025-10-09 14:31:15,44.19,7300,44.19,U
sz300850,新强联,2025-10-09 14:31:24,44.2,11200,44.2,U
sz300850,新强联,2025-10-09 14:31:36,44.21,8900,44.21,D
sz300850,新强联,2025-10-09 14:31:42,44.22,8700,44.21,E
sz300850,新强联,2025-10-09 14:31:57,44.21,17200,44.25,D
sz300850,新强联,2025-10-09 14:32:00,44.22,8400,44.21,E
sz300850,新强联,2025-10-09 14:32:03,44.18,23900,44.22,D
sz300850,新强联,2025-10-09 14:32:06,44.18,5900,44.18,D
sz300850,新强联,2025-10-09 14:32:15,44.21,7100,44.21,E
sz300850,新强联,2025-10-09 14:32:33,44.25,4700,44.23,U
sz300850,新强联,2025-10-09 14:32:36,44.25,9400,44.25,D
sz300850,新强联,2025-10-09 14:32:39,44.27,50300,44.25,U
sz300850,新强联,2025-10-09 14:32:42,44.25,25400,44.27,D
sz300850,新强联,2025-10-09 14:32:48,44.28,4900,44.28,U
sz300850,新强联,2025-10-09 14:32:57,44.29,30600,44.29,U
sz300850,新强联,2025-10-09 14:33:06,44.3,10300,44.3,D
sz300850,新强联,2025-10-09 14:33:33,44.3,5400,44.3,D
sz300850,新强联,2025-10-09 14:33:45,44.31,9400,44.31,U
sz300850,新强联,2025-10-09 14:33:51,44.32,20700,44.31,U
sz300850,新强联,2025-10-09 14:34:06,44.3,93700,44.33,D
sz300850,新强联,2025-10-09 14:34:18,44.26,5000,44.27,D
sz300850,新强联,2025-10-09 14:34:21,44.25,10800,44.26,D
sz300850,新强联,2025-10-09 14:34:24,44.26,7700,44.25,U
sz300850,新强联,2025-10-09 14:34:27,44.25,5300,44.26,D
sz300850,新强联,2025-10-09 14:34:39,44.25,16000,44.25,U
sz300850,新强联,2025-10-09 14:34:42,44.23,8200,44.25,D
sz300850,新强联,2025-10-09 14:34:48,44.24,4600,44.22,U
sz300850,新强联,2025-10-09 14:35:06,44.23,4700,44.24,D
sz300850,新强联,2025-10-09 14:35:18,44.25,5400,44.25,U
sz300850,新强联,2025-10-09 14:35:30,44.24,6000,44.24,U
sz300850,新强联,2025-10-09 14:35:39,44.28,9100,44.25,U
sz300850,新强联,2025-10-09 14:35:57,44.3,8900,44.29,U
sz300850,新强联,2025-10-09 14:36:09,44.3,7700,44.3,D
sz300850,新强联,2025-10-09 14:36:24,44.31,28400,44.32,D
sz300850,新强联,2025-10-09 14:36:27,44.3,38500,44.31,D
sz300850,新强联,2025-10-09 14:36:30,44.27,15200,44.3,D
sz300850,新强联,2025-10-09 14:36:36,44.25,5100,44.26,D
sz300850,新强联,2025-10-09 14:37:24,44.27,9100,44.29,D
sz300850,新强联,2025-10-09 14:37:27,44.29,7000,44.27,U
sz300850,新强联,2025-10-09 14:37:33,44.29,5300,44.28,U
sz300850,新强联,2025-10-09 14:37:48,44.31,12400,44.3,U
sz300850,新强联,2025-10-09 14:38:09,44.32,6400,44.32,D
sz300850,新强联,2025-10-09 14:38:12,44.31,8900,44.32,D
sz300850,新强联,2025-10-09 14:38:15,44.32,5600,44.31,U
sz300850,新强联,2025-10-09 14:38:30,44.35,11200,44.34,U
sz300850,新强联,2025-10-09 14:38:33,44.34,5900,44.35,D
sz300850,新强联,2025-10-09 14:38:36,44.33,10300,44.34,D
sz300850,新强联,2025-10-09 14:38:39,44.32,5700,44.33,D
sz300850,新强联,2025-10-09 14:38:42,44.31,9500,44.32,D
sz300850,新强联,2025-10-09 14:38:45,44.31,8700,44.31,D
sz300850,新强联,2025-10-09 14:38:51,44.31,49400,44.3,U
sz300850,新强联,2025-10-09 14:38:54,44.27,9400,44.31,D
sz300850,新强联,2025-10-09 14:38:57,44.26,6300,44.27,D
sz300850,新强联,2025-10-09 14:39:00,44.28,9500,44.26,U
sz300850,新强联,2025-10-09 14:39:09,44.29,18600,44.28,U
sz300850,新强联,2025-10-09 14:39:42,44.28,23700,44.3,D
sz300850,新强联,2025-10-09 14:39:45,44.25,36700,44.28,D
sz300850,新强联,2025-10-09 14:39:48,44.24,13900,44.25,D
sz300850,新强联,2025-10-09 14:39:51,44.24,7000,44.24,D
sz300850,新强联,2025-10-09 14:39:57,44.21,11800,44.23,D
sz300850,新强联,2025-10-09 14:40:00,44.19,23100,44.21,D
sz300850,新强联,2025-10-09 14:40:12,44.22,21600,44.17,U
sz300850,新强联,2025-10-09 14:40:15,44.2,21000,44.22,D
sz300850,新强联,2025-10-09 14:40:18,44.15,6900,44.2,D
sz300850,新强联,2025-10-09 14:40:30,44.18,5200,44.18,D
sz300850,新强联,2025-10-09 14:40:39,44.18,6600,44.18,U
sz300850,新强联,2025-10-09 14:40:48,44.18,4800,44.18,D
sz300850,新强联,2025-10-09 14:41:03,44.18,4600,44.18,D
sz300850,新强联,2025-10-09 14:41:06,44.19,18800,44.18,U
sz300850,新强联,2025-10-09 14:41:27,44.2,11090,44.2,D
sz300850,新强联,2025-10-09 14:41:30,44.19,17110,44.2,D
sz300850,新强联,2025-10-09 14:41:33,44.19,18600,44.19,D
sz300850,新强联,2025-10-09 14:41:36,44.18,11600,44.19,D
sz300850,新强联,2025-10-09 14:41:39,44.18,51500,44.18,D
sz300850,新强联,2025-10-09 14:41:42,44.15,16900,44.18,D
sz300850,新强联,2025-10-09 14:42:00,44.13,24500,44.15,D
sz300850,新强联,2025-10-09 14:42:03,44.15,26100,44.13,U
sz300850,新强联,2025-10-09 14:42:48,44.16,9100,44.15,U
sz300850,新强联,2025-10-09 14:43:03,44.17,28400,44.16,U
sz300850,新强联,2025-10-09 14:43:06,44.16,5200,44.17,D
sz300850,新强联,2025-10-09 14:43:09,44.18,7200,44.16,U
sz300850,新强联,2025-10-09 14:43:18,44.15,5900,44.16,D
sz300850,新强联,2025-10-09 14:43:27,44.14,4800,44.15,D
sz300850,新强联,2025-10-09 14:43:30,44.14,10200,44.14,D
sz300850,新强联,2025-10-09 14:43:39,44.15,9500,44.15,D
sz300850,新强联,2025-10-09 14:43:48,44.16,4800,44.16,U
sz300850,新强联,2025-10-09 14:43:54,44.16,5700,44.16,U
sz300850,新强联,2025-10-09 14:44:03,44.14,8200,44.15,D
sz300850,新强联,2025-10-09 14:44:06,44.12,26000,44.14,D
sz300850,新强联,2025-10-09 14:44:09,44.11,14700,44.12,D
sz300850,新强联,2025-10-09 14:44:12,44.12,9500,44.11,U
sz300850,新强联,2025-10-09 14:44:36,44.15,18400,44.13,U
sz300850,新强联,2025-10-09 14:44:39,44.16,4900,44.15,U
sz300850,新强联,2025-10-09 14:44:57,44.18,6900,44.18,U
sz300850,新强联,2025-10-09 14:45:00,44.17,6000,44.18,D
sz300850,新强联,2025-10-09 14:45:03,44.19,5500,44.17,U
sz300850,新强联,2025-10-09 14:45:09,44.18,8100,44.19,D
sz300850,新强联,2025-10-09 14:45:21,44.14,11792,44.15,D
sz300850,新强联,2025-10-09 14:45:24,44.18,9400,44.14,U
sz300850,新强联,2025-10-09 14:45:27,44.14,4800,44.18,D
sz300850,新强联,2025-10-09 14:45:39,44.16,6500,44.18,D
sz300850,新强联,2025-10-09 14:45:51,44.19,9100,44.18,U
sz300850,新强联,2025-10-09 14:45:54,44.19,11500,44.19,U
sz300850,新强联,2025-10-09 14:45:57,44.16,29000,44.19,D
sz300850,新强联,2025-10-09 14:46:00,44.16,9200,44.16,U
sz300850,新强联,2025-10-09 14:46:03,44.21,18500,44.16,U
sz300850,新强联,2025-10-09 14:46:06,44.21,6000,44.21,U
sz300850,新强联,2025-10-09 14:46:24,44.22,6980,44.21,U
sz300850,新强联,2025-10-09 14:46:39,44.23,16800,44.23,D
sz300850,新强联,2025-10-09 14:46:42,44.22,6700,44.23,D
sz300850,新强联,2025-10-09 14:46:57,44.22,18900,44.23,D
sz300850,新强联,2025-10-09 14:47:00,44.21,11100,44.22,D
sz300850,新强联,2025-10-09 14:47:03,44.2,7900,44.21,D
sz300850,新强联,2025-10-09 14:47:33,44.2,32900,44.2,U
sz300850,新强联,2025-10-09 14:47:36,44.21,7500,44.2,U
sz300850,新强联,2025-10-09 14:47:54,44.2,6300,44.19,U
sz300850,新强联,2025-10-09 14:48:00,44.17,15600,44.2,D
sz300850,新强联,2025-10-09 14:48:03,44.15,24500,44.17,D
sz300850,新强联,2025-10-09 14:48:06,44.16,6500,44.15,U
sz300850,新强联,2025-10-09 14:48:09,44.15,17000,44.16,D
sz300850,新强联,2025-10-09 14:48:18,44.15,5600,44.15,D
sz300850,新强联,2025-10-09 14:48:24,44.16,12300,44.15,D
sz300850,新强联,2025-10-09 14:48:33,44.14,12000,44.16,D
sz300850,新强联,2025-10-09 14:48:42,44.16,8800,44.17,D
sz300850,新强联,2025-10-09 14:48:45,44.17,5000,44.16,U
sz300850,新强联,2025-10-09 14:48:48,44.17,8400,44.17,U
sz300850,新强联,2025-10-09 14:49:00,44.16,10000,44.17,D
sz300850,新强联,2025-10-09 14:49:03,44.15,15100,44.16,D
sz300850,新强联,2025-10-09 14:49:06,44.16,11800,44.15,U
sz300850,新强联,2025-10-09 14:49:18,44.16,5000,44.15,U
sz300850,新强联,2025-10-09 14:49:30,44.16,10900,44.15,U
sz300850,新强联,2025-10-09 14:49:45,44.18,13000,44.17,U
sz300850,新强联,2025-10-09 14:49:48,44.2,20712,44.18,U
sz300850,新强联,2025-10-09 14:50:00,44.18,16788,44.21,D
sz300850,新强联,2025-10-09 14:50:03,44.17,15200,44.18,D
sz300850,新强联,2025-10-09 14:50:09,44.15,6500,44.16,D
sz300850,新强联,2025-10-09 14:50:12,44.16,14700,44.15,U
sz300850,新强联,2025-10-09 14:50:15,44.13,34833,44.16,D
sz300850,新强联,2025-10-09 14:50:18,44.12,22300,44.13,D
sz300850,新强联,2025-10-09 14:50:21,44.11,29900,44.12,D
sz300850,新强联,2025-10-09 14:50:30,44.1,36700,44.13,D
sz300850,新强联,2025-10-09 14:50:33,44.1,8700,44.1,D
sz300850,新强联,2025-10-09 14:50:36,44.1,6800,44.1,D
sz300850,新强联,2025-10-09 14:50:39,44.1,25900,44.1,D
sz300850,新强联,2025-10-09 14:50:42,44.1,6000,44.1,D
sz300850,新强联,2025-10-09 14:50:45,44.1,45500,44.1,D
sz300850,新强联,2025-10-09 14:50:54,44.12,5700,44.1,U
sz300850,新强联,2025-10-09 14:51:00,44.1,41768,44.12,D
sz300850,新强联,2025-10-09 14:51:06,44.12,12559,44.11,U
sz300850,新强联,2025-10-09 14:51:27,44.14,5600,44.13,U
sz300850,新强联,2025-10-09 14:51:30,44.12,5941,44.14,D
sz300850,新强联,2025-10-09 14:51:33,44.11,10500,44.12,D
sz300850,新强联,2025-10-09 14:51:45,44.12,7700,44.12,D
sz300850,新强联,2025-10-09 14:52:00,44.12,25200,44.11,U
sz300850,新强联,2025-10-09 14:52:03,44.11,5400,44.12,U
sz300850,新强联,2025-10-09 14:52:06,44.11,11200,44.11,U
sz300850,新强联,2025-10-09 14:52:09,44.11,9200,44.11,U
sz300850,新强联,2025-10-09 14:52:18,44.11,6200,44.1,U
sz300850,新强联,2025-10-09 14:52:24,44.1,5168,44.1,U
sz300850,新强联,2025-10-09 14:52:27,44.1,7300,44.1,D
sz300850,新强联,2025-10-09 14:52:30,44.08,18732,44.1,D
sz300850,新强联,2025-10-09 14:52:39,44.1,4832,44.1,D
sz300850,新强联,2025-10-09 14:53:00,44.11,34300,44.11,D
sz300850,新强联,2025-10-09 14:53:18,44.12,6100,44.12,D
sz300850,新强联,2025-10-09 14:53:27,44.13,8900,44.12,U
sz300850,新强联,2025-10-09 14:53:30,44.12,11900,44.13,U
sz300850,新强联,2025-10-09 14:53:33,44.12,13000,44.12,U
sz300850,新强联,2025-10-09 14:53:39,44.12,15700,44.12,D
sz300850,新强联,2025-10-09 14:53:48,44.12,6600,44.13,D
sz300850,新强联,2025-10-09 14:53:51,44.12,9800,44.12,D
sz300850,新强联,2025-10-09 14:53:57,44.14,5800,44.13,U
sz300850,新强联,2025-10-09 14:54:00,44.14,10400,44.14,U
sz300850,新强联,2025-10-09 14:54:03,44.15,16800,44.14,U
sz300850,新强联,2025-10-09 14:54:06,44.12,10400,44.15,D
sz300850,新强联,2025-10-09 14:54:09,44.14,8700,44.12,U
sz300850,新强联,2025-10-09 14:54:15,44.14,4900,44.14,U
sz300850,新强联,2025-10-09 14:54:21,44.14,7500,44.14,D
sz300850,新强联,2025-10-09 14:54:27,44.13,10800,44.15,D
sz300850,新强联,2025-10-09 14:54:30,44.13,8000,44.13,D
sz300850,新强联,2025-10-09 14:54:42,44.13,11200,44.13,D
sz300850,新强联,2025-10-09 14:54:45,44.12,18500,44.13,D
sz300850,新强联,2025-10-09 14:54:51,44.12,16600,44.13,D
sz300850,新强联,2025-10-09 14:54:54,44.12,10200,44.12,U
sz300850,新强联,2025-10-09 14:54:57,44.12,13200,44.12,U
sz300850,新强联,2025-10-09 14:55:00,44.12,6200,44.12,U
sz300850,新强联,2025-10-09 14:55:03,44.13,12400,44.12,U
sz300850,新强联,2025-10-09 14:55:06,44.12,14200,44.13,D
sz300850,新强联,2025-10-09 14:55:09,44.13,21800,44.12,U
sz300850,新强联,2025-10-09 14:55:18,44.12,5200,44.12,U
sz300850,新强联,2025-10-09 14:55:21,44.12,20500,44.12,D
sz300850,新强联,2025-10-09 14:55:24,44.11,9400,44.12,D
sz300850,新强联,2025-10-09 14:55:27,44.11,23400,44.11,U
sz300850,新强联,2025-10-09 14:55:30,44.1,14800,44.11,D
sz300850,新强联,2025-10-09 14:55:33,44.1,22500,44.1,D
sz300850,新强联,2025-10-09 14:55:36,44.1,7200,44.1,D
sz300850,新强联,2025-10-09 14:55:42,44.08,16000,44.09,D
sz300850,新强联,2025-10-09 14:55:45,44.09,8000,44.08,U
sz300850,新强联,2025-10-09 14:55:54,44.1,9100,44.1,U
sz300850,新强联,2025-10-09 14:56:00,44.09,12400,44.1,D
sz300850,新强联,2025-10-09 14:56:03,44.08,21300,44.09,D
sz300850,新强联,2025-10-09 14:56:06,44.09,8500,44.08,U
sz300850,新强联,2025-10-09 14:56:09,44.08,7300,44.09,D
sz300850,新强联,2025-10-09 14:56:12,44.08,9700,44.08,D
sz300850,新强联,2025-10-09 14:56:15,44.09,5300,44.08,U
sz300850,新强联,2025-10-09 14:56:18,44.07,19300,44.09,D
sz300850,新强联,2025-10-09 14:56:24,44.08,10900,44.07,U
sz300850,新强联,2025-10-09 14:56:30,44.08,11600,44.08,D
sz300850,新强联,2025-10-09 14:56:33,44.07,20400,44.08,D
sz300850,新强联,2025-10-09 14:56:36,44.1,11600,44.07,U
sz300850,新强联,2025-10-09 14:56:45,44.08,8400,44.1,D
sz300850,新强联,2025-10-09 14:56:48,44.08,6700,44.08,D
sz300850,新强联,2025-10-09 14:56:51,44.08,9400,44.08,D
sz300850,新强联,2025-10-09 14:56:54,44.08,11000,44.08,U
sz300850,新强联,2025-10-09 14:56:57,44.08,17500,44.08,U
sz300850,新强联,2025-10-09 15:00:00,44.11,252056,44.06,U
