symbol,name,ticktime,price,volume,prev_price,kind
sz300850,新强联,2025-10-10 09:25:00,44.3,176900,0.0,U
sz300850,新强联,2025-10-10 09:30:00,44.29,150400,44.3,D
sz300850,新强联,2025-10-10 09:30:03,44.3,100000,44.29,U
sz300850,新强联,2025-10-10 09:30:06,44.37,41700,44.3,U
sz300850,新强联,2025-10-10 09:30:09,44.43,20645,44.37,U
sz300850,新强联,2025-10-10 09:30:12,44.46,35200,44.43,U
sz300850,新强联,2025-10-10 09:30:15,44.46,24960,44.46,U
sz300850,新强联,2025-10-10 09:30:18,44.59,15800,44.46,U
sz300850,新强联,2025-10-10 09:30:21,44.6,12200,44.59,U
sz300850,新强联,2025-10-10 09:30:24,44.63,25200,44.6,U
sz300850,新强联,2025-10-10 09:30:27,44.65,16500,44.63,U
sz300850,新强联,2025-10-10 09:30:30,44.7,37400,44.65,U
sz300850,新强联,2025-10-10 09:30:33,44.8,34400,44.7,U
sz300850,新强联,2025-10-10 09:30:36,44.87,10400,44.8,U
sz300850,新强联,2025-10-10 09:30:39,44.87,63500,44.87,U
sz300850,新强联,2025-10-10 09:30:42,44.88,44600,44.87,U
sz300850,新强联,2025-10-10 09:30:45,44.86,47200,44.88,D
sz300850,新强联,2025-10-10 09:30:48,44.66,109200,44.86,D
sz300850,新强联,2025-10-10 09:30:51,44.36,42100,44.66,D
sz300850,新强联,2025-10-10 09:30:54,44.46,30100,44.36,U
sz300850,新强联,2025-10-10 09:30:57,44.51,19800,44.46,U
sz300850,新强联,2025-10-10 09:31:00,44.62,21100,44.51,U
sz300850,新强联,2025-10-10 09:31:03,44.62,18200,44.62,U
sz300850,新强联,2025-10-10 09:31:06,44.6,26100,44.62,D
sz300850,新强联,2025-10-10 09:31:09,44.67,62100,44.6,U
sz300850,新强联,2025-10-10 09:31:12,44.52,57300,44.67,D
sz300850,新强联,2025-10-10 09:31:15,44.41,23000,44.52,D
sz300850,新强联,2025-10-10 09:31:18,44.4,28700,44.41,E
sz300850,新强联,2025-10-10 09:31:21,44.35,17100,44.4,D
sz300850,新强联,2025-10-10 09:31:24,44.47,29500,44.35,U
sz300850,新强联,2025-10-10 09:31:27,44.53,34800,44.47,U
sz300850,新强联,2025-10-10 09:31:30,44.59,47700,44.53,E
sz300850,新强联,2025-10-10 09:31:33,44.74,16800,44.59,U
sz300850,新强联,2025-10-10 09:31:36,45.0,152100,44.74,U
sz300850,新强联,2025-10-10 09:31:39,45.0,63500,45.0,U
sz300850,新强联,2025-10-10 09:31:42,45.09,27300,45.0,U
sz300850,新强联,2025-10-10 09:31:45,45.12,15300,45.09,U
sz300850,新强联,2025-10-10 09:31:48,45.15,33000,45.12,U
sz300850,新强联,2025-10-10 09:31:51,45.2,28300,45.15,U
sz300850,新强联,2025-10-10 09:31:54,45.23,25800,45.2,U
sz300850,新强联,2025-10-10 09:31:57,45.38,56100,45.23,U
sz300850,新强联,2025-10-10 09:32:00,45.63,43700,45.38,U
sz300850,新强联,2025-10-10 09:32:03,45.47,121400,45.63,D
sz300850,新强联,2025-10-10 09:32:06,45.4,61500,45.47,D
sz300850,新强联,2025-10-10 09:32:09,45.45,53600,45.4,U
sz300850,新强联,2025-10-10 09:32:12,45.63,52700,45.45,U
sz300850,新强联,2025-10-10 09:32:15,45.57,49000,45.63,D
sz300850,新强联,2025-10-10 09:32:18,45.66,100300,45.57,E
sz300850,新强联,2025-10-10 09:32:21,45.57,59175,45.66,D
sz300850,新强联,2025-10-10 09:32:24,45.61,66800,45.57,U
sz300850,新强联,2025-10-10 09:32:27,45.67,66300,45.61,U
sz300850,新强联,2025-10-10 09:32:30,45.68,75400,45.67,E
sz300850,新强联,2025-10-10 09:32:33,45.69,78000,45.68,E
sz300850,新强联,2025-10-10 09:32:36,45.71,93500,45.69,E
sz300850,新强联,2025-10-10 09:32:39,45.8,22000,45.71,U
sz300850,新强联,2025-10-10 09:32:42,45.82,27400,45.8,U
sz300850,新强联,2025-10-10 09:32:45,45.88,32800,45.82,U
sz300850,新强联,2025-10-10 09:32:48,45.88,38600,45.88,U
sz300850,新强联,2025-10-10 09:32:51,45.9,57600,45.88,U
sz300850,新强联,2025-10-10 09:32:54,45.91,38900,45.9,U
sz300850,新强联,2025-10-10 09:32:57,45.97,32700,45.91,U
sz300850,新强联,2025-10-10 09:33:00,45.91,42900,45.97,D
sz300850,新强联,2025-10-10 09:33:03,45.96,95200,45.91,U
sz300850,新强联,2025-10-10 09:33:06,45.92,72400,45.96,D
sz300850,新强联,2025-10-10 09:33:09,45.96,151142,45.92,U
sz300850,新强联,2025-10-10 09:33:12,46.2,103168,45.96,U
sz300850,新强联,2025-10-10 09:33:15,46.2,38600,46.2,U
sz300850,新强联,2025-10-10 09:33:18,46.27,45400,46.2,E
sz300850,新强联,2025-10-10 09:33:21,46.3,16400,46.27,U
sz300850,新强联,2025-10-10 09:33:24,46.3,50700,46.3,D
sz300850,新强联,2025-10-10 09:33:27,46.35,26056,46.3,E
sz300850,新强联,2025-10-10 09:33:30,46.44,76100,46.35,U
sz300850,新强联,2025-10-10 09:33:33,46.53,71787,46.44,U
sz300850,新强联,2025-10-10 09:33:36,46.5,30576,46.53,D
sz300850,新强联,2025-10-10 09:33:39,46.42,67537,46.5,D
sz300850,新强联,2025-10-10 09:33:42,46.33,62600,46.42,D
sz300850,新强联,2025-10-10 09:33:45,46.28,46600,46.33,D
sz300850,新强联,2025-10-10 09:33:48,46.26,37200,46.28,E
sz300850,新强联,2025-10-10 09:33:51,46.11,31300,46.26,D
sz300850,新强联,2025-10-10 09:33:54,46.14,31500,46.11,U
sz300850,新强联,2025-10-10 09:33:57,46.11,40700,46.14,D
sz300850,新强联,2025-10-10 09:34:00,46.1,27600,46.11,D
sz300850,新强联,2025-10-10 09:34:03,46.1,64300,46.1,U
sz300850,新强联,2025-10-10 09:34:06,46.09,108557,46.1,U
sz300850,新强联,2025-10-10 09:34:09,46.02,46800,46.09,E
sz300850,新强联,2025-10-10 09:34:12,45.98,33600,46.02,D
sz300850,新强联,2025-10-10 09:34:15,45.96,65925,45.98,D
sz300850,新强联,2025-10-10 09:34:18,45.91,17500,45.96,D
sz300850,新强联,2025-10-10 09:34:21,45.88,18600,45.91,D
sz300850,新强联,2025-10-10 09:34:24,45.88,31850,45.88,D
sz300850,新强联,2025-10-10 09:34:27,45.83,27300,45.88,D
sz300850,新强联,2025-10-10 09:34:30,45.83,48100,45.83,D
sz300850,新强联,2025-10-10 09:34:33,45.8,18700,45.83,D
sz300850,新强联,2025-10-10 09:34:36,45.8,28300,45.8,U
sz300850,新强联,2025-10-10 09:34:39,45.79,91200,45.8,D
sz300850,新强联,2025-10-10 09:34:42,45.79,43200,45.79,U
sz300850,新强联,2025-10-10 09:34:45,45.79,32300,45.79,U
sz300850,新强联,2025-10-10 09:34:48,45.8,129250,45.79,U
sz300850,新强联,2025-10-10 09:34:51,45.81,14000,45.8,E
sz300850,新强联,2025-10-10 09:34:54,45.82,19700,45.81,E
sz300850,新强联,2025-10-10 09:34:57,45.85,14800,45.82,E
sz300850,新强联,2025-10-10 09:35:00,45.85,22300,45.85,D
sz300850,新强联,2025-10-10 09:35:03,45.9,30400,45.85,E
sz300850,新强联,2025-10-10 09:35:06,45.88,21000,45.9,D
sz300850,新强联,2025-10-10 09:35:09,45.9,35400,45.88,U
sz300850,新强联,2025-10-10 09:35:12,45.96,58600,45.9,U
sz300850,新强联,2025-10-10 09:35:15,46.01,23600,45.96,U
sz300850,新强联,2025-10-10 09:35:18,45.92,36200,46.01,D
sz300850,新强联,2025-10-10 09:35:21,45.96,33300,45.92,E
sz300850,新强联,2025-10-10 09:35:24,45.96,54600,45.96,U
sz300850,新强联,2025-10-10 09:35:27,45.9,16400,45.96,D
sz300850,新强联,2025-10-10 09:35:30,45.88,90300,45.9,D
sz300850,新强联,2025-10-10 09:35:33,45.82,49600,45.88,D
sz300850,新强联,2025-10-10 09:35:36,45.82,15300,45.82,D
sz300850,新强联,2025-10-10 09:35:39,45.79,16300,45.82,D
sz300850,新强联,2025-10-10 09:35:42,45.8,28500,45.79,E
sz300850,新强联,2025-10-10 09:35:45,45.79,15300,45.8,D
sz300850,新强联,2025-10-10 09:35:48,45.77,7100,45.79,D
sz300850,新强联,2025-10-10 09:35:51,45.75,17900,45.77,E
sz300850,新强联,2025-10-10 09:35:54,45.68,11500,45.75,E
sz300850,新强联,2025-10-10 09:35:57,45.74,19700,45.68,U
sz300850,新强联,2025-10-10 09:36:00,45.68,30400,45.74,D
sz300850,新强联,2025-10-10 09:36:03,45.62,25500,45.68,D
sz300850,新强联,2025-10-10 09:36:06,45.62,21500,45.62,U
sz300850,新强联,2025-10-10 09:36:09,45.51,25825,45.62,D
sz300850,新强联,2025-10-10 09:36:12,45.52,12275,45.51,U
sz300850,新强联,2025-10-10 09:36:15,45.49,18900,45.52,D
sz300850,新强联,2025-10-10 09:36:18,45.46,109200,45.49,D
sz300850,新强联,2025-10-10 09:36:21,45.49,21100,45.46,D
sz300850,新强联,2025-10-10 09:36:24,45.52,87300,45.49,U
sz300850,新强联,2025-10-10 09:36:27,45.62,17500,45.52,U
sz300850,新强联,2025-10-10 09:36:30,45.65,39700,45.62,U
sz300850,新强联,2025-10-10 09:36:33,45.65,4600,45.65,D
sz300850,新强联,2025-10-10 09:36:36,45.64,14200,45.65,D
sz300850,新强联,2025-10-10 09:36:42,45.65,37800,45.65,U
sz300850,新强联,2025-10-10 09:36:48,45.65,21300,45.64,U
sz300850,新强联,2025-10-10 09:36:51,45.6,70700,45.65,D
sz300850,新强联,2025-10-10 09:36:54,45.62,33300,45.6,U
sz300850,新强联,2025-10-10 09:36:57,45.56,22300,45.62,D
sz300850,新强联,2025-10-10 09:37:00,45.56,16200,45.56,U
sz300850,新强联,2025-10-10 09:37:03,45.64,41900,45.56,U
sz300850,新强联,2025-10-10 09:37:06,45.56,15800,45.64,E
sz300850,新强联,2025-10-10 09:37:09,45.64,11900,45.56,U
sz300850,新强联,2025-10-10 09:37:12,45.71,9300,45.64,U
sz300850,新强联,2025-10-10 09:37:15,45.81,10000,45.71,U
sz300850,新强联,2025-10-10 09:37:18,45.81,13200,45.81,U
sz300850,新强联,2025-10-10 09:37:21,45.82,5285,45.81,E
sz300850,新强联,2025-10-10 09:37:24,45.85,19600,45.82,U
sz300850,新强联,2025-10-10 09:37:27,45.85,43715,45.85,D
sz300850,新强联,2025-10-10 09:37:30,45.86,15600,45.85,E
sz300850,新强联,2025-10-10 09:37:33,45.8,8100,45.86,E
sz300850,新强联,2025-10-10 09:37:36,45.73,7600,45.8,D
sz300850,新强联,2025-10-10 09:37:39,45.73,10000,45.73,D
sz300850,新强联,2025-10-10 09:37:42,45.8,18300,45.73,U
sz300850,新强联,2025-10-10 09:37:45,45.8,16100,45.8,D
sz300850,新强联,2025-10-10 09:37:48,45.82,55300,45.8,U
sz300850,新强联,2025-10-10 09:37:51,45.97,22100,45.82,U
sz300850,新强联,2025-10-10 09:37:54,45.92,22000,45.97,E
sz300850,新强联,2025-10-10 09:38:00,46.01,34500,46.0,U
sz300850,新强联,2025-10-10 09:38:03,46.11,35700,46.01,U
sz300850,新强联,2025-10-10 09:38:06,46.11,26000,46.11,D
sz300850,新强联,2025-10-10 09:38:12,46.33,100500,46.2,U
sz300850,新强联,2025-10-10 09:38:15,46.38,19100,46.33,U
sz300850,新强联,2025-10-10 09:38:18,46.43,19100,46.38,U
sz300850,新强联,2025-10-10 09:38:21,46.44,22600,46.43,U
sz300850,新强联,2025-10-10 09:38:24,46.44,143000,46.44,D
sz300850,新强联,2025-10-10 09:38:27,46.46,37800,46.44,U
sz300850,新强联,2025-10-10 09:38:30,46.5,31900,46.46,U
sz300850,新强联,2025-10-10 09:38:33,46.55,28710,46.5,U
sz300850,新强联,2025-10-10 09:38:36,46.53,38300,46.55,D
sz300850,新强联,2025-10-10 09:38:39,46.6,127338,46.53,U
sz300850,新强联,2025-10-10 09:38:42,46.74,43000,46.6,U
sz300850,新强联,2025-10-10 09:38:45,46.74,22400,46.74,U
sz300850,新强联,2025-10-10 09:38:48,46.78,46500,46.74,U
sz300850,新强联,2025-10-10 09:38:51,46.73,86200,46.78,D
sz300850,新强联,2025-10-10 09:38:54,46.74,53000,46.73,U
sz300850,新强联,2025-10-10 09:38:57,46.75,31300,46.74,E
sz300850,新强联,2025-10-10 09:39:00,46.69,109900,46.75,D
sz300850,新强联,2025-10-10 09:39:03,46.74,51100,46.69,U
sz300850,新强联,2025-10-10 09:39:06,46.7,63700,46.74,D
sz300850,新强联,2025-10-10 09:39:09,46.7,49600,46.7,D
sz300850,新强联,2025-10-10 09:39:12,46.57,42200,46.7,D
sz300850,新强联,2025-10-10 09:39:15,46.65,47800,46.57,U
sz300850,新强联,2025-10-10 09:39:18,46.65,11500,46.65,D
sz300850,新强联,2025-10-10 09:39:21,46.66,35500,46.65,E
sz300850,新强联,2025-10-10 09:39:24,46.63,13400,46.66,U
sz300850,新强联,2025-10-10 09:39:27,46.61,47000,46.63,E
sz300850,新强联,2025-10-10 09:39:30,46.61,53648,46.61,D
sz300850,新强联,2025-10-10 09:39:33,46.68,104663,46.61,U
sz300850,新强联,2025-10-10 09:39:36,46.69,17500,46.68,D
sz300850,新强联,2025-10-10 09:39:39,46.76,44000,46.69,U
sz300850,新强联,2025-10-10 09:39:42,46.75,41800,46.76,D
sz300850,新强联,2025-10-10 09:39:45,46.69,24200,46.75,E
sz300850,新强联,2025-10-10 09:39:48,46.67,11800,46.69,U
sz300850,新强联,2025-10-10 09:39:51,46.67,30300,46.67,D
sz300850,新强联,2025-10-10 09:39:54,46.69,24900,46.67,U
sz300850,新强联,2025-10-10 09:39:57,46.67,9800,46.69,D
sz300850,新强联,2025-10-10 09:40:00,46.6,52600,46.67,D
sz300850,新强联,2025-10-10 09:40:03,46.57,53900,46.6,D
sz300850,新强联,2025-10-10 09:40:06,46.5,27500,46.57,D
sz300850,新强联,2025-10-10 09:40:09,46.55,42100,46.5,U
sz300850,新强联,2025-10-10 09:40:12,46.47,14900,46.55,D
sz300850,新强联,2025-10-10 09:40:15,46.38,33800,46.47,E
sz300850,新强联,2025-10-10 09:40:18,46.34,33771,46.38,E
sz300850,新强联,2025-10-10 09:40:21,46.32,28100,46.34,E
sz300850,新强联,2025-10-10 09:40:24,46.31,18500,46.32,U
sz300850,新强联,2025-10-10 09:40:27,46.26,80900,46.31,E
sz300850,新强联,2025-10-10 09:40:30,46.31,29400,46.26,U
sz300850,新强联,2025-10-10 09:40:33,46.31,26000,46.31,D
sz300850,新强联,2025-10-10 09:40:36,46.28,30700,46.31,D
sz300850,新强联,2025-10-10 09:40:39,46.26,16700,46.28,E
sz300850,新强联,2025-10-10 09:40:42,46.24,46700,46.26,U
sz300850,新强联,2025-10-10 09:40:45,46.31,10600,46.24,U
sz300850,新强联,2025-10-10 09:40:48,46.21,20500,46.31,U
sz300850,新强联,2025-10-10 09:40:51,46.26,18400,46.21,U
sz300850,新强联,2025-10-10 09:40:54,46.25,5600,46.26,D
sz300850,新强联,2025-10-10 09:40:57,46.24,13600,46.25,E
sz300850,新强联,2025-10-10 09:41:00,46.24,4600,46.24,U
sz300850,新强联,2025-10-10 09:41:03,46.18,14800,46.24,D
sz300850,新强联,2025-10-10 09:41:06,46.17,80300,46.18,D
sz300850,新强联,2025-10-10 09:41:09,45.99,14000,46.17,D
sz300850,新强联,2025-10-10 09:41:12,45.98,8015,45.99,D
sz300850,新强联,2025-10-10 09:41:15,46.1,14385,45.98,U
sz300850,新强联,2025-10-10 09:41:18,46.24,56500,46.1,U
sz300850,新强联,2025-10-10 09:41:21,46.2,13400,46.24,D
sz300850,新强联,2025-10-10 09:41:24,46.21,15400,46.2,U
sz300850,新强联,2025-10-10 09:41:27,46.3,33700,46.21,U
sz300850,新强联,2025-10-10 09:41:30,46.14,45600,46.3,D
sz300850,新强联,2025-10-10 09:41:33,46.2,49000,46.14,U
sz300850,新强联,2025-10-10 09:41:36,46.09,69800,46.2,E
sz300850,新强联,2025-10-10 09:41:39,46.16,21600,46.09,U
sz300850,新强联,2025-10-10 09:41:42,46.2,93615,46.16,E
sz300850,新强联,2025-10-10 09:41:45,46.16,40500,46.2,E
sz300850,新强联,2025-10-10 09:41:48,46.22,43500,46.16,U
sz300850,新强联,2025-10-10 09:41:51,46.11,130000,46.22,D
sz300850,新强联,2025-10-10 09:41:54,46.16,17000,46.11,U
sz300850,新强联,2025-10-10 09:41:57,46.07,25200,46.16,E
sz300850,新强联,2025-10-10 09:42:00,46.06,10400,46.07,D
sz300850,新强联,2025-10-10 09:42:03,46.05,28300,46.06,D
sz300850,新强联,2025-10-10 09:42:06,46.01,10900,46.05,D
sz300850,新强联,2025-10-10 09:42:09,46.01,69100,46.01,D
sz300850,新强联,2025-10-10 09:42:15,45.88,11200,45.98,D
sz300850,新强联,2025-10-10 09:42:18,45.95,31700,45.88,U
sz300850,新强联,2025-10-10 09:42:21,45.99,9600,45.95,U
sz300850,新强联,2025-10-10 09:42:24,46.0,9100,45.99,U
sz300850,新强联,2025-10-10 09:42:27,45.9,25400,46.0,D
sz300850,新强联,2025-10-10 09:42:30,46.15,32300,45.9,U
sz300850,新强联,2025-10-10 09:42:33,46.09,22000,46.15,E
sz300850,新强联,2025-10-10 09:42:36,46.15,21800,46.09,E
sz300850,新强联,2025-10-10 09:42:39,46.28,8100,46.15,U
sz300850,新强联,2025-10-10 09:42:42,46.2,9900,46.28,D
sz300850,新强联,2025-10-10 09:42:45,46.2,12000,46.2,D
sz300850,新强联,2025-10-10 09:42:48,46.27,42400,46.2,U
sz300850,新强联,2025-10-10 09:42:51,46.2,22300,46.27,U
sz300850,新强联,2025-10-10 09:42:54,46.2,7200,46.2,U
sz300850,新强联,2025-10-10 09:42:57,46.28,9500,46.2,U
sz300850,新强联,2025-10-10 09:43:00,46.29,18200,46.28,U
sz300850,新强联,2025-10-10 09:43:03,46.26,6000,46.29,U
sz300850,新强联,2025-10-10 09:43:06,46.16,55700,46.26,D
sz300850,新强联,2025-10-10 09:43:09,46.25,15200,46.16,U
sz300850,新强联,2025-10-10 09:43:12,46.16,7100,46.25,E
sz300850,新强联,2025-10-10 09:43:15,46.15,15100,46.16,D
sz300850,新强联,2025-10-10 09:43:18,46.02,14000,46.15,D
sz300850,新强联,2025-10-10 09:43:21,46.0,8500,46.02,D
sz300850,新强联,2025-10-10 09:43:24,45.94,6200,46.0,D
sz300850,新强联,2025-10-10 09:43:27,45.87,45100,45.94,D
sz300850,新强联,2025-10-10 09:43:30,45.81,8200,45.87,D
sz300850,新强联,2025-10-10 09:43:33,45.8,18800,45.81,D
sz300850,新强联,2025-10-10 09:43:36,45.78,10400,45.8,D
sz300850,新强联,2025-10-10 09:43:39,45.75,7800,45.78,D
sz300850,新强联,2025-10-10 09:43:42,45.71,7600,45.75,D
sz300850,新强联,2025-10-10 09:43:45,45.66,12100,45.71,D
sz300850,新强联,2025-10-10 09:43:48,45.68,6600,45.66,U
sz300850,新强联,2025-10-10 09:43:51,45.61,33000,45.68,D
sz300850,新强联,2025-10-10 09:43:54,45.61,10800,45.61,D
sz300850,新强联,2025-10-10 09:43:57,45.63,11500,45.61,U
sz300850,新强联,2025-10-10 09:44:00,45.71,58400,45.63,U
sz300850,新强联,2025-10-10 09:44:03,45.68,10700,45.71,D
sz300850,新强联,2025-10-10 09:44:09,45.71,5600,45.71,U
sz300850,新强联,2025-10-10 09:44:12,45.76,36500,45.71,U
sz300850,新强联,2025-10-10 09:44:15,45.81,16600,45.76,E
sz300850,新强联,2025-10-10 09:44:18,45.75,10100,45.81,D
sz300850,新强联,2025-10-10 09:44:21,45.84,6000,45.75,U
sz300850,新强联,2025-10-10 09:44:24,45.88,21200,45.84,U
sz300850,新强联,2025-10-10 09:44:27,45.85,7391,45.88,D
sz300850,新强联,2025-10-10 09:44:30,45.87,17300,45.85,U
sz300850,新强联,2025-10-10 09:44:33,45.86,19209,45.87,D
sz300850,新强联,2025-10-10 09:44:36,45.91,7400,45.86,U
sz300850,新强联,2025-10-10 09:44:39,45.9,8000,45.91,D
sz300850,新强联,2025-10-10 09:44:42,45.95,8500,45.9,U
sz300850,新强联,2025-10-10 09:44:48,45.9,25500,45.93,D
sz300850,新强联,2025-10-10 09:44:51,45.92,18600,45.9,E
sz300850,新强联,2025-10-10 09:44:54,45.93,8200,45.92,U
sz300850,新强联,2025-10-10 09:44:57,45.92,22200,45.93,D
sz300850,新强联,2025-10-10 09:45:00,45.92,19000,45.92,D
sz300850,新强联,2025-10-10 09:45:03,45.92,18300,45.92,D
sz300850,新强联,2025-10-10 09:45:06,45.89,10500,45.92,D
sz300850,新强联,2025-10-10 09:45:09,45.95,14900,45.89,U
sz300850,新强联,2025-10-10 09:45:12,45.89,9400,45.95,E
sz300850,新强联,2025-10-10 09:45:15,45.89,43000,45.89,E
sz300850,新强联,2025-10-10 09:45:18,45.89,12800,45.89,U
sz300850,新强联,2025-10-10 09:45:21,45.82,34600,45.89,D
sz300850,新强联,2025-10-10 09:45:24,45.85,19400,45.82,U
sz300850,新强联,2025-10-10 09:45:27,45.77,9400,45.85,D
sz300850,新强联,2025-10-10 09:45:30,45.78,8700,45.77,U
sz300850,新强联,2025-10-10 09:45:33,45.7,75000,45.78,D
sz300850,新强联,2025-10-10 09:45:36,45.69,23900,45.7,E
sz300850,新强联,2025-10-10 09:45:39,45.69,24300,45.69,U
sz300850,新强联,2025-10-10 09:45:42,45.69,17700,45.69,D
sz300850,新强联,2025-10-10 09:45:45,45.74,15400,45.69,E
sz300850,新强联,2025-10-10 09:45:51,45.71,8200,45.75,E
sz300850,新强联,2025-10-10 09:45:54,45.7,8000,45.71,D
sz300850,新强联,2025-10-10 09:45:57,45.74,14627,45.7,U
sz300850,新强联,2025-10-10 09:46:00,45.75,17300,45.74,D
sz300850,新强联,2025-10-10 09:46:03,45.76,25000,45.75,E
sz300850,新强联,2025-10-10 09:46:06,45.83,8900,45.76,U
sz300850,新强联,2025-10-10 09:46:09,45.84,9900,45.83,U
sz300850,新强联,2025-10-10 09:46:12,45.84,9700,45.84,D
sz300850,新强联,2025-10-10 09:46:15,45.88,7500,45.84,U
sz300850,新强联,2025-10-10 09:46:21,45.9,13800,45.9,D
sz300850,新强联,2025-10-10 09:46:24,45.84,9400,45.9,D
sz300850,新强联,2025-10-10 09:46:27,45.86,8800,45.84,U
sz300850,新强联,2025-10-10 09:46:30,45.78,21300,45.86,E
sz300850,新强联,2025-10-10 09:46:33,45.85,11000,45.78,U
sz300850,新强联,2025-10-10 09:46:36,45.74,22900,45.85,D
sz300850,新强联,2025-10-10 09:46:39,45.74,11000,45.74,D
sz300850,新强联,2025-10-10 09:46:42,45.76,5700,45.74,E
sz300850,新强联,2025-10-10 09:46:45,45.75,9900,45.76,D
sz300850,新强联,2025-10-10 09:46:48,45.76,26200,45.75,D
sz300850,新强联,2025-10-10 09:46:51,45.71,155933,45.76,D
sz300850,新强联,2025-10-10 09:46:54,45.62,7900,45.71,E
sz300850,新强联,2025-10-10 09:46:57,45.69,16700,45.62,E
sz300850,新强联,2025-10-10 09:47:00,45.74,18267,45.69,U
sz300850,新强联,2025-10-10 09:47:03,45.69,13533,45.74,D
sz300850,新强联,2025-10-10 09:47:09,45.66,59600,45.59,E
sz300850,新强联,2025-10-10 09:47:12,45.65,20300,45.66,D
sz300850,新强联,2025-10-10 09:47:18,45.65,6000,45.65,U
sz300850,新强联,2025-10-10 09:47:21,45.62,17700,45.65,D
sz300850,新强联,2025-10-10 09:47:24,45.62,9800,45.62,D
sz300850,新强联,2025-10-10 09:47:27,45.65,7500,45.62,U
sz300850,新强联,2025-10-10 09:47:30,45.72,13400,45.65,U
sz300850,新强联,2025-10-10 09:47:33,45.72,19600,45.72,D
sz300850,新强联,2025-10-10 09:47:36,45.74,7700,45.72,E
sz300850,新强联,2025-10-10 09:47:42,45.9,36000,45.89,U
sz300850,新强联,2025-10-10 09:47:48,46.0,6000,46.0,U
sz300850,新强联,2025-10-10 09:47:51,45.9,43000,46.0,D
sz300850,新强联,2025-10-10 09:47:54,45.95,8000,45.9,U
sz300850,新强联,2025-10-10 09:47:57,45.85,15500,45.95,D
sz300850,新强联,2025-10-10 09:48:00,45.84,8400,45.85,D
sz300850,新强联,2025-10-10 09:48:03,45.84,13100,45.84,U
sz300850,新强联,2025-10-10 09:48:06,45.95,14700,45.84,U
sz300850,新强联,2025-10-10 09:48:09,45.87,14900,45.95,D
sz300850,新强联,2025-10-10 09:48:12,45.9,27300,45.87,E
sz300850,新强联,2025-10-10 09:48:15,45.8,15600,45.9,E
sz300850,新强联,2025-10-10 09:48:18,45.91,10500,45.8,U
sz300850,新强联,2025-10-10 09:48:24,45.8,12600,45.87,E
sz300850,新强联,2025-10-10 09:48:27,45.79,7300,45.8,E
sz300850,新强联,2025-10-10 09:48:30,45.68,44100,45.79,D
sz300850,新强联,2025-10-10 09:48:33,45.65,6700,45.68,D
sz300850,新强联,2025-10-10 09:48:36,45.65,19400,45.65,D
sz300850,新强联,2025-10-10 09:48:39,45.74,12600,45.65,U
sz300850,新强联,2025-10-10 09:48:42,45.75,13900,45.74,U
sz300850,新强联,2025-10-10 09:48:45,45.66,14400,45.75,E
sz300850,新强联,2025-10-10 09:48:51,45.76,5200,45.82,D
sz300850,新强联,2025-10-10 09:48:54,45.76,13600,45.76,U
sz300850,新强联,2025-10-10 09:49:00,45.76,5300,45.72,U
sz300850,新强联,2025-10-10 09:49:06,45.76,10200,45.76,D
sz300850,新强联,2025-10-10 09:49:09,45.77,4852,45.76,U
sz300850,新强联,2025-10-10 09:49:12,45.79,11000,45.77,E
sz300850,新强联,2025-10-10 09:49:21,45.78,41700,45.86,D
sz300850,新强联,2025-10-10 09:49:24,45.76,25400,45.78,E
sz300850,新强联,2025-10-10 09:49:27,45.73,16100,45.76,E
sz300850,新强联,2025-10-10 09:49:30,45.72,6900,45.73,U
sz300850,新强联,2025-10-10 09:49:33,45.66,5100,45.72,D
sz300850,新强联,2025-10-10 09:49:36,45.63,17500,45.66,D
sz300850,新强联,2025-10-10 09:49:39,45.65,12200,45.63,E
sz300850,新强联,2025-10-10 09:49:42,45.62,53100,45.65,D
sz300850,新强联,2025-10-10 09:49:45,45.61,5445,45.62,U
sz300850,新强联,2025-10-10 09:49:48,45.57,8055,45.61,D
sz300850,新强联,2025-10-10 09:49:51,45.62,14945,45.57,U
sz300850,新强联,2025-10-10 09:49:54,45.62,18100,45.62,D
sz300850,新强联,2025-10-10 09:49:57,45.56,11900,45.62,D
sz300850,新强联,2025-10-10 09:50:00,45.59,27400,45.56,E
sz300850,新强联,2025-10-10 09:50:03,45.62,48600,45.59,D
sz300850,新强联,2025-10-10 09:50:06,45.62,47100,45.62,U
sz300850,新强联,2025-10-10 09:50:09,45.65,9301,45.62,U
sz300850,新强联,2025-10-10 09:50:12,45.69,26850,45.65,U
sz300850,新强联,2025-10-10 09:50:15,45.7,10900,45.69,U
sz300850,新强联,2025-10-10 09:50:27,45.8,10600,45.81,D
sz300850,新强联,2025-10-10 09:50:33,45.78,11400,45.8,D
sz300850,新强联,2025-10-10 09:50:42,45.68,13300,45.71,E
sz300850,新强联,2025-10-10 09:50:48,45.7,27600,45.66,U
sz300850,新强联,2025-10-10 09:50:51,45.73,9200,45.7,U
sz300850,新强联,2025-10-10 09:50:54,45.72,26900,45.73,E
sz300850,新强联,2025-10-10 09:50:57,45.72,8600,45.72,U
sz300850,新强联,2025-10-10 09:51:00,45.72,11300,45.72,D
sz300850,新强联,2025-10-10 09:51:03,45.8,22900,45.72,U
sz300850,新强联,2025-10-10 09:51:06,45.82,7400,45.8,E
sz300850,新强联,2025-10-10 09:51:09,45.82,4400,45.82,D
sz300850,新强联,2025-10-10 09:51:12,45.87,19600,45.82,E
sz300850,新强联,2025-10-10 09:51:15,45.88,18600,45.87,U
sz300850,新强联,2025-10-10 09:51:18,45.88,5500,45.88,D
sz300850,新强联,2025-10-10 09:51:24,46.0,43700,45.89,U
sz300850,新强联,2025-10-10 09:51:27,46.0,4700,46.0,D
sz300850,新强联,2025-10-10 09:51:33,46.15,6400,46.08,U
sz300850,新强联,2025-10-10 09:51:36,46.08,6900,46.15,D
sz300850,新强联,2025-10-10 09:51:39,46.09,23400,46.08,E
sz300850,新强联,2025-10-10 09:51:42,46.08,16500,46.09,E
sz300850,新强联,2025-10-10 09:51:45,46.12,16300,46.08,U
sz300850,新强联,2025-10-10 09:51:48,46.19,22600,46.12,U
sz300850,新强联,2025-10-10 09:51:51,46.28,10300,46.19,U
sz300850,新强联,2025-10-10 09:51:54,46.26,13000,46.28,D
sz300850,新强联,2025-10-10 09:51:57,46.29,8600,46.26,U
sz300850,新强联,2025-10-10 09:52:00,46.26,59100,46.29,D
sz300850,新强联,2025-10-10 09:52:03,46.26,46800,46.26,E
sz300850,新强联,2025-10-10 09:52:06,46.2,4800,46.26,E
sz300850,新强联,2025-10-10 09:52:09,46.11,5100,46.2,D
sz300850,新强联,2025-10-10 09:52:12,46.11,12300,46.11,U
sz300850,新强联,2025-10-10 09:52:18,46.04,6600,46.05,D
sz300850,新强联,2025-10-10 09:52:21,46.04,10300,46.04,D
sz300850,新强联,2025-10-10 09:52:24,46.03,9800,46.04,E
sz300850,新强联,2025-10-10 09:52:30,46.0,8700,45.99,U
sz300850,新强联,2025-10-10 09:52:33,45.9,9700,46.0,D
sz300850,新强联,2025-10-10 09:52:36,45.93,10900,45.9,E
sz300850,新强联,2025-10-10 09:52:39,45.93,6900,45.93,D
sz300850,新强联,2025-10-10 09:52:42,45.93,10200,45.93,U
sz300850,新强联,2025-10-10 09:52:48,45.93,5200,45.92,U
sz300850,新强联,2025-10-10 09:52:54,45.97,16300,45.95,U
sz300850,新强联,2025-10-10 09:52:57,45.92,5700,45.97,D
sz300850,新强联,2025-10-10 09:53:03,45.92,6500,45.89,D
sz300850,新强联,2025-10-10 09:53:06,45.83,19000,45.92,D
sz300850,新强联,2025-10-10 09:53:15,45.87,7500,45.8,E
sz300850,新强联,2025-10-10 09:53:27,45.81,12605,45.86,D
sz300850,新强联,2025-10-10 09:53:36,45.87,16700,45.86,U
sz300850,新强联,2025-10-10 09:53:39,45.8,18695,45.87,D
sz300850,新强联,2025-10-10 09:53:42,45.76,8000,45.8,E
sz300850,新强联,2025-10-10 09:53:45,45.84,7400,45.76,U
sz300850,新强联,2025-10-10 09:53:51,45.86,24300,45.8,U
sz300850,新强联,2025-10-10 09:53:54,45.86,10305,45.86,E
sz300850,新强联,2025-10-10 09:54:00,46.04,26000,45.85,U
sz300850,新强联,2025-10-10 09:54:03,46.06,8100,46.04,U
sz300850,新强联,2025-10-10 09:54:06,46.11,7200,46.06,U
sz300850,新强联,2025-10-10 09:54:12,46.11,9000,46.11,E
sz300850,新强联,2025-10-10 09:54:15,46.18,11000,46.11,U
sz300850,新强联,2025-10-10 09:54:18,46.22,31200,46.18,U
sz300850,新强联,2025-10-10 09:54:21,46.28,11900,46.22,U
sz300850,新强联,2025-10-10 09:54:27,46.27,12700,46.25,E
sz300850,新强联,2025-10-10 09:54:30,46.27,7000,46.27,U
sz300850,新强联,2025-10-10 09:54:33,46.26,13400,46.27,D
sz300850,新强联,2025-10-10 09:54:36,46.28,7000,46.26,U
sz300850,新强联,2025-10-10 09:54:39,46.28,6600,46.28,D
sz300850,新强联,2025-10-10 09:54:42,46.28,9000,46.28,D
sz300850,新强联,2025-10-10 09:54:45,46.29,17800,46.28,D
sz300850,新强联,2025-10-10 09:54:48,46.29,7900,46.29,D
sz300850,新强联,2025-10-10 09:54:51,46.34,5200,46.29,U
sz300850,新强联,2025-10-10 09:54:54,46.35,39000,46.34,U
sz300850,新强联,2025-10-10 09:55:00,46.35,16600,46.34,U
sz300850,新强联,2025-10-10 09:55:03,46.29,24700,46.35,D
sz300850,新强联,2025-10-10 09:55:06,46.34,19300,46.29,U
sz300850,新强联,2025-10-10 09:55:09,46.39,44636,46.34,U
sz300850,新强联,2025-10-10 09:55:12,46.6,138430,46.39,U
sz300850,新强联,2025-10-10 09:55:15,46.67,114096,46.6,U
sz300850,新强联,2025-10-10 09:55:18,46.79,28700,46.67,U
sz300850,新强联,2025-10-10 09:55:21,46.8,51300,46.79,U
sz300850,新强联,2025-10-10 09:55:24,46.81,46700,46.8,U
sz300850,新强联,2025-10-10 09:55:27,46.87,46200,46.81,U
sz300850,新强联,2025-10-10 09:55:30,46.87,49700,46.87,D
sz300850,新强联,2025-10-10 09:55:33,46.92,6900,46.87,U
sz300850,新强联,2025-10-10 09:55:36,46.96,19000,46.92,U
sz300850,新强联,2025-10-10 09:55:39,46.97,92700,46.96,U
sz300850,新强联,2025-10-10 09:55:42,46.97,25300,46.97,D
sz300850,新强联,2025-10-10 09:55:45,46.94,44900,46.97,D
sz300850,新强联,2025-10-10 09:55:48,46.84,27900,46.94,E
sz300850,新强联,2025-10-10 09:55:51,46.91,8300,46.84,E
sz300850,新强联,2025-10-10 09:55:54,46.9,25100,46.91,E
sz300850,新强联,2025-10-10 09:55:57,46.9,30400,46.9,U
sz300850,新强联,2025-10-10 09:56:00,46.89,30700,46.9,E
sz300850,新强联,2025-10-10 09:56:03,46.69,41900,46.89,D
sz300850,新强联,2025-10-10 09:56:06,46.71,17700,46.69,E
sz300850,新强联,2025-10-10 09:56:09,46.69,5900,46.71,E
sz300850,新强联,2025-10-10 09:56:12,46.64,8500,46.69,D
sz300850,新强联,2025-10-10 09:56:15,46.57,7300,46.64,E
sz300850,新强联,2025-10-10 09:56:18,46.57,17700,46.57,D
sz300850,新强联,2025-10-10 09:56:24,46.55,5200,46.52,U
sz300850,新强联,2025-10-10 09:56:27,46.54,9400,46.55,U
sz300850,新强联,2025-10-10 09:56:30,46.53,4700,46.54,D
sz300850,新强联,2025-10-10 09:56:33,46.53,24400,46.53,U
sz300850,新强联,2025-10-10 09:56:42,46.48,6300,46.5,D
sz300850,新强联,2025-10-10 09:56:51,46.44,7300,46.48,D
sz300850,新强联,2025-10-10 09:56:54,46.44,12600,46.44,D
sz300850,新强联,2025-10-10 09:57:03,46.43,8100,46.43,D
sz300850,新强联,2025-10-10 09:57:06,46.37,115700,46.43,D
sz300850,新强联,2025-10-10 09:57:09,46.4,13400,46.37,U
sz300850,新强联,2025-10-10 09:57:12,46.3,10000,46.4,D
sz300850,新强联,2025-10-10 09:57:18,46.3,13900,46.34,U
sz300850,新强联,2025-10-10 09:57:21,46.28,7100,46.3,D
sz300850,新强联,2025-10-10 09:57:24,46.28,6800,46.28,D
sz300850,新强联,2025-10-10 09:57:27,46.2,11800,46.28,D
sz300850,新强联,2025-10-10 09:57:36,46.25,6800,46.28,D
sz300850,新强联,2025-10-10 09:57:39,46.27,7100,46.25,E
sz300850,新强联,2025-10-10 09:57:42,46.29,9700,46.27,U
sz300850,新强联,2025-10-10 09:57:45,46.27,13700,46.29,E
sz300850,新强联,2025-10-10 09:57:48,46.29,15400,46.27,U
sz300850,新强联,2025-10-10 09:57:51,46.28,19500,46.29,E
sz300850,新强联,2025-10-10 09:57:54,46.31,11400,46.28,E
sz300850,新强联,2025-10-10 09:57:57,46.4,12300,46.31,U
sz300850,新强联,2025-10-10 09:58:00,46.34,6600,46.4,D
sz300850,新强联,2025-10-10 09:58:03,46.43,11300,46.34,U
sz300850,新强联,2025-10-10 09:58:06,46.4,26900,46.43,D
sz300850,新强联,2025-10-10 09:58:09,46.43,13500,46.4,E
sz300850,新强联,2025-10-10 09:58:12,46.43,11700,46.43,D
sz300850,新强联,2025-10-10 09:58:15,46.43,9100,46.43,U
sz300850,新强联,2025-10-10 09:58:18,46.5,12700,46.43,U
sz300850,新强联,2025-10-10 09:58:21,46.35,64100,46.5,D
sz300850,新强联,2025-10-10 09:58:24,46.3,6900,46.35,D
sz300850,新强联,2025-10-10 09:58:27,46.35,20300,46.3,U
sz300850,新强联,2025-10-10 09:58:36,46.3,8800,46.29,U
sz300850,新强联,2025-10-10 09:58:39,46.3,7100,46.3,U
sz300850,新强联,2025-10-10 09:58:42,46.28,6200,46.3,U
sz300850,新强联,2025-10-10 09:58:45,46.17,37700,46.28,D
sz300850,新强联,2025-10-10 09:58:48,46.28,13800,46.17,U
sz300850,新强联,2025-10-10 09:58:54,46.12,8200,46.16,D
sz300850,新强联,2025-10-10 09:58:57,46.16,7600,46.12,E
sz300850,新强联,2025-10-10 09:59:00,46.08,21600,46.16,D
sz300850,新强联,2025-10-10 09:59:03,46.1,10500,46.08,U
sz300850,新强联,2025-10-10 09:59:12,46.0,37700,46.1,D
sz300850,新强联,2025-10-10 09:59:18,45.98,5700,46.05,E
sz300850,新强联,2025-10-10 09:59:24,45.95,5600,45.95,D
sz300850,新强联,2025-10-10 09:59:27,45.92,6300,45.95,D
sz300850,新强联,2025-10-10 09:59:36,45.92,14600,45.93,D
sz300850,新强联,2025-10-10 09:59:39,45.94,5400,45.92,U
sz300850,新强联,2025-10-10 09:59:51,46.02,8000,46.01,U
sz300850,新强联,2025-10-10 09:59:54,46.02,5700,46.02,U
sz300850,新强联,2025-10-10 09:59:57,46.09,14000,46.02,U
sz300850,新强联,2025-10-10 10:00:00,46.06,6300,46.09,E
sz300850,新强联,2025-10-10 10:00:03,46.0,15600,46.06,D
sz300850,新强联,2025-10-10 10:00:12,45.93,11600,45.96,D
sz300850,新强联,2025-10-10 10:00:18,45.96,5800,45.95,E
sz300850,新强联,2025-10-10 10:00:21,45.92,8117,45.96,D
sz300850,新强联,2025-10-10 10:00:27,45.99,10300,45.91,U
sz300850,新强联,2025-10-10 10:00:30,45.92,12100,45.99,E
sz300850,新强联,2025-10-10 10:01:00,45.93,5400,45.97,D
sz300850,新强联,2025-10-10 10:01:03,45.97,4400,45.93,U
sz300850,新强联,2025-10-10 10:01:06,46.0,5900,45.97,U
sz300850,新强联,2025-10-10 10:01:18,45.96,5200,45.97,D
sz300850,新强联,2025-10-10 10:01:24,45.96,8000,45.97,D
sz300850,新强联,2025-10-10 10:01:27,45.97,4700,45.96,U
sz300850,新强联,2025-10-10 10:01:30,45.97,5200,45.97,U
sz300850,新强联,2025-10-10 10:01:33,46.16,24600,45.97,U
sz300850,新强联,2025-10-10 10:01:48,46.15,5200,46.07,U
sz300850,新强联,2025-10-10 10:01:51,46.14,9500,46.15,E
sz300850,新强联,2025-10-10 10:01:54,46.15,11700,46.14,U
sz300850,新强联,2025-10-10 10:02:00,46.12,6400,46.14,D
sz300850,新强联,2025-10-10 10:02:09,46.07,7700,46.07,D
sz300850,新强联,2025-10-10 10:02:18,46.11,12400,46.03,U
sz300850,新强联,2025-10-10 10:02:24,46.06,6900,46.07,U
sz300850,新强联,2025-10-10 10:02:36,46.11,8700,46.08,U
sz300850,新强联,2025-10-10 10:02:39,46.14,7700,46.11,U
sz300850,新强联,2025-10-10 10:02:48,46.14,6200,46.14,U
sz300850,新强联,2025-10-10 10:02:51,46.06,9500,46.14,D
sz300850,新强联,2025-10-10 10:02:54,46.03,4700,46.06,D
sz300850,新强联,2025-10-10 10:02:57,46.07,16800,46.03,U
sz300850,新强联,2025-10-10 10:03:03,46.02,12700,46.06,D
sz300850,新强联,2025-10-10 10:03:06,46.1,5500,46.02,U
sz300850,新强联,2025-10-10 10:03:12,46.04,10200,46.07,D
sz300850,新强联,2025-10-10 10:03:15,45.93,48500,46.04,D
sz300850,新强联,2025-10-10 10:03:18,45.99,18500,45.93,U
sz300850,新强联,2025-10-10 10:03:21,46.0,15600,45.99,U
sz300850,新强联,2025-10-10 10:03:24,46.05,8400,46.0,U
sz300850,新强联,2025-10-10 10:03:27,46.05,7300,46.05,D
sz300850,新强联,2025-10-10 10:03:30,46.05,5600,46.05,D
sz300850,新强联,2025-10-10 10:03:33,46.02,7800,46.05,D
sz300850,新强联,2025-10-10 10:03:36,46.0,4800,46.02,D
sz300850,新强联,2025-10-10 10:03:39,45.99,11500,46.0,D
sz300850,新强联,2025-10-10 10:03:42,46.01,5400,45.99,U
sz300850,新强联,2025-10-10 10:03:48,45.94,4400,46.0,D
sz300850,新强联,2025-10-10 10:03:57,45.93,8500,45.92,U
sz300850,新强联,2025-10-10 10:04:00,45.93,24900,45.93,U
sz300850,新强联,2025-10-10 10:04:06,45.93,8800,45.96,D
sz300850,新强联,2025-10-10 10:04:09,45.92,8300,45.93,D
sz300850,新强联,2025-10-10 10:04:12,45.92,6100,45.92,D
sz300850,新强联,2025-10-10 10:04:18,45.91,7400,45.93,D
sz300850,新强联,2025-10-10 10:04:21,45.88,58483,45.91,D
sz300850,新强联,2025-10-10 10:04:27,45.89,10500,45.89,U
sz300850,新强联,2025-10-10 10:04:30,45.82,5800,45.89,D
sz300850,新强联,2025-10-10 10:04:33,45.85,35500,45.82,U
sz300850,新强联,2025-10-10 10:04:36,45.85,7200,45.85,U
sz300850,新强联,2025-10-10 10:04:39,45.85,8700,45.85,D
sz300850,新强联,2025-10-10 10:04:42,45.85,6100,45.85,U
sz300850,新强联,2025-10-10 10:04:45,45.84,4800,45.85,D
sz300850,新强联,2025-10-10 10:04:48,45.83,6400,45.84,E
sz300850,新强联,2025-10-10 10:04:51,45.82,6900,45.83,D
sz300850,新强联,2025-10-10 10:05:00,45.8,8700,45.83,D
sz300850,新强联,2025-10-10 10:05:03,45.85,22000,45.8,U
sz300850,新强联,2025-10-10 10:05:09,45.83,7900,45.81,U
sz300850,新强联,2025-10-10 10:05:12,45.81,6000,45.83,D
sz300850,新强联,2025-10-10 10:05:15,45.79,21000,45.81,D
sz300850,新强联,2025-10-10 10:05:18,45.79,4800,45.79,D
sz300850,新强联,2025-10-10 10:05:21,45.79,12400,45.79,U
sz300850,新强联,2025-10-10 10:05:24,45.74,16100,45.79,D
sz300850,新强联,2025-10-10 10:05:27,45.83,41900,45.74,U
sz300850,新强联,2025-10-10 10:05:30,45.83,21900,45.83,D
sz300850,新强联,2025-10-10 10:05:36,45.83,10300,45.83,D
sz300850,新强联,2025-10-10 10:05:39,45.8,24100,45.83,D
sz300850,新强联,2025-10-10 10:05:42,45.84,14700,45.8,U
sz300850,新强联,2025-10-10 10:05:51,45.75,28700,45.81,D
sz300850,新强联,2025-10-10 10:06:00,45.76,12200,45.75,D
sz300850,新强联,2025-10-10 10:06:09,45.77,14400,45.77,D
sz300850,新强联,2025-10-10 10:06:12,45.82,19800,45.77,U
sz300850,新强联,2025-10-10 10:06:15,45.77,9100,45.82,D
sz300850,新强联,2025-10-10 10:06:18,45.85,63300,45.77,U
sz300850,新强联,2025-10-10 10:06:21,45.84,9700,45.85,U
sz300850,新强联,2025-10-10 10:06:33,45.89,7400,45.89,D
sz300850,新强联,2025-10-10 10:06:36,45.92,8500,45.89,U
sz300850,新强联,2025-10-10 10:06:39,45.88,5200,45.92,D
sz300850,新强联,2025-10-10 10:06:45,45.88,4900,45.92,D
sz300850,新强联,2025-10-10 10:07:03,45.95,4400,45.93,U
sz300850,新强联,2025-10-10 10:07:06,45.95,5500,45.95,D
sz300850,新强联,2025-10-10 10:07:15,45.98,9100,45.95,U
sz300850,新强联,2025-10-10 10:07:21,45.95,5400,46.0,D
sz300850,新强联,2025-10-10 10:07:27,45.98,6300,45.99,U
sz300850,新强联,2025-10-10 10:07:30,46.03,39000,45.98,U
sz300850,新强联,2025-10-10 10:07:33,46.05,9600,46.03,U
sz300850,新强联,2025-10-10 10:07:51,46.17,7900,46.15,U
sz300850,新强联,2025-10-10 10:07:54,46.18,12900,46.17,E
sz300850,新强联,2025-10-10 10:08:06,46.24,5100,46.23,U
sz300850,新强联,2025-10-10 10:08:12,46.25,16000,46.25,U
sz300850,新强联,2025-10-10 10:08:15,46.25,13300,46.25,U
sz300850,新强联,2025-10-10 10:08:18,46.25,17000,46.25,U
sz300850,新强联,2025-10-10 10:08:21,46.2,26700,46.25,D
sz300850,新强联,2025-10-10 10:08:24,46.2,22600,46.2,U
sz300850,新强联,2025-10-10 10:08:30,46.17,4600,46.15,U
sz300850,新强联,2025-10-10 10:08:36,46.12,5000,46.19,E
sz300850,新强联,2025-10-10 10:08:45,46.11,5100,46.12,U
sz300850,新强联,2025-10-10 10:08:48,46.16,4900,46.11,U
sz300850,新强联,2025-10-10 10:08:54,46.18,10801,46.15,U
sz300850,新强联,2025-10-10 10:08:57,46.18,8300,46.18,D
sz300850,新强联,2025-10-10 10:09:00,46.21,5700,46.18,U
sz300850,新强联,2025-10-10 10:09:03,46.25,4900,46.21,U
sz300850,新强联,2025-10-10 10:09:06,46.28,4400,46.25,U
sz300850,新强联,2025-10-10 10:09:09,46.31,6200,46.28,U
sz300850,新强联,2025-10-10 10:09:15,46.38,5200,46.36,U
sz300850,新强联,2025-10-10 10:09:18,46.37,17200,46.38,D
sz300850,新强联,2025-10-10 10:09:21,46.36,28700,46.37,E
sz300850,新强联,2025-10-10 10:09:24,46.26,13400,46.36,D
sz300850,新强联,2025-10-10 10:09:27,46.31,8400,46.26,E
sz300850,新强联,2025-10-10 10:09:30,46.27,14700,46.31,E
sz300850,新强联,2025-10-10 10:09:39,46.25,14200,46.23,U
sz300850,新强联,2025-10-10 10:09:45,46.25,19700,46.25,D
sz300850,新强联,2025-10-10 10:09:54,46.3,16000,46.25,U
sz300850,新强联,2025-10-10 10:09:57,46.16,4700,46.3,E
sz300850,新强联,2025-10-10 10:10:00,46.18,5300,46.16,E
sz300850,新强联,2025-10-10 10:10:15,46.18,4400,46.16,U
sz300850,新强联,2025-10-10 10:10:24,46.22,4700,46.22,E
sz300850,新强联,2025-10-10 10:10:30,46.18,10400,46.18,D
sz300850,新强联,2025-10-10 10:10:36,46.16,5000,46.17,D
sz300850,新强联,2025-10-10 10:10:39,46.16,6300,46.16,D
sz300850,新强联,2025-10-10 10:10:42,46.15,9300,46.16,D
sz300850,新强联,2025-10-10 10:10:45,46.18,5500,46.15,U
sz300850,新强联,2025-10-10 10:10:54,46.1,7900,46.17,D
sz300850,新强联,2025-10-10 10:10:57,46.1,4500,46.1,U
sz300850,新强联,2025-10-10 10:11:03,46.05,4900,46.1,D
sz300850,新强联,2025-10-10 10:11:15,46.02,5000,46.03,D
sz300850,新强联,2025-10-10 10:11:18,46.02,4400,46.02,D
sz300850,新强联,2025-10-10 10:11:33,45.94,5300,45.94,D
sz300850,新强联,2025-10-10 10:11:45,46.05,21500,46.0,U
sz300850,新强联,2025-10-10 10:11:48,46.09,5300,46.05,U
sz300850,新强联,2025-10-10 10:11:57,46.13,23500,46.1,U
sz300850,新强联,2025-10-10 10:12:00,46.13,7200,46.13,E
sz300850,新强联,2025-10-10 10:12:12,46.09,27500,46.18,D
sz300850,新强联,2025-10-10 10:12:15,46.02,11600,46.09,D
sz300850,新强联,2025-10-10 10:12:18,46.0,7500,46.02,D
sz300850,新强联,2025-10-10 10:12:21,46.0,7600,46.0,D
sz300850,新强联,2025-10-10 10:12:33,46.02,9000,46.04,D
sz300850,新强联,2025-10-10 10:12:42,46.03,6700,46.03,D
sz300850,新强联,2025-10-10 10:12:45,46.1,6800,46.03,U
sz300850,新强联,2025-10-10 10:12:48,46.03,6600,46.1,D
sz300850,新强联,2025-10-10 10:12:51,46.04,4500,46.03,E
sz300850,新强联,2025-10-10 10:13:03,46.1,10700,46.08,U
sz300850,新强联,2025-10-10 10:13:06,46.14,8400,46.1,U
sz300850,新强联,2025-10-10 10:13:09,46.08,4700,46.14,E
sz300850,新强联,2025-10-10 10:13:15,46.07,19200,46.07,E
sz300850,新强联,2025-10-10 10:13:18,46.08,7100,46.07,E
sz300850,新强联,2025-10-10 10:13:21,46.1,25600,46.08,E
sz300850,新强联,2025-10-10 10:13:24,46.08,9400,46.1,D
sz300850,新强联,2025-10-10 10:13:27,46.13,4700,46.08,U
sz300850,新强联,2025-10-10 10:13:33,46.19,14600,46.17,U
sz300850,新强联,2025-10-10 10:13:36,46.25,8900,46.19,U
sz300850,新强联,2025-10-10 10:13:48,46.22,5400,46.28,D
sz300850,新强联,2025-10-10 10:13:57,46.22,11700,46.21,U
sz300850,新强联,2025-10-10 10:14:00,46.3,42400,46.22,U
sz300850,新强联,2025-10-10 10:14:03,46.37,14000,46.3,E
sz300850,新强联,2025-10-10 10:14:09,46.4,16900,46.43,D
sz300850,新强联,2025-10-10 10:14:12,46.43,5100,46.4,U
sz300850,新强联,2025-10-10 10:14:15,46.45,4400,46.43,U
sz300850,新强联,2025-10-10 10:14:27,46.41,31200,46.44,D
sz300850,新强联,2025-10-10 10:14:33,46.45,5400,46.45,D
sz300850,新强联,2025-10-10 10:14:39,46.46,11100,46.46,U
sz300850,新强联,2025-10-10 10:14:45,46.45,24600,46.46,D
sz300850,新强联,2025-10-10 10:14:48,46.4,18900,46.45,D
sz300850,新强联,2025-10-10 10:15:00,46.39,4500,46.4,D
sz300850,新强联,2025-10-10 10:15:12,46.37,12900,46.3,U
sz300850,新强联,2025-10-10 10:15:15,46.27,5700,46.37,D
sz300850,新强联,2025-10-10 10:15:18,46.3,15700,46.27,U
sz300850,新强联,2025-10-10 10:15:24,46.27,25000,46.3,D
sz300850,新强联,2025-10-10 10:15:27,46.21,10600,46.27,D
sz300850,新强联,2025-10-10 10:15:33,46.21,20300,46.21,D
sz300850,新强联,2025-10-10 10:15:39,46.3,5300,46.28,U
sz300850,新强联,2025-10-10 10:15:42,46.25,24200,46.3,D
sz300850,新强联,2025-10-10 10:15:48,46.32,27300,46.36,D
sz300850,新强联,2025-10-10 10:15:51,46.39,13200,46.32,U
sz300850,新强联,2025-10-10 10:15:54,46.29,8100,46.39,D
sz300850,新强联,2025-10-10 10:16:00,46.28,17300,46.32,D
sz300850,新强联,2025-10-10 10:16:06,46.24,23700,46.25,D
sz300850,新强联,2025-10-10 10:16:09,46.2,8200,46.24,D
sz300850,新强联,2025-10-10 10:16:12,46.19,8300,46.2,D
sz300850,新强联,2025-10-10 10:16:15,46.19,6900,46.19,U
sz300850,新强联,2025-10-10 10:16:51,46.0,41800,46.03,D
sz300850,新强联,2025-10-10 10:17:03,45.92,6400,45.95,D
sz300850,新强联,2025-10-10 10:17:06,45.95,6700,45.92,U
sz300850,新强联,2025-10-10 10:17:09,45.95,6800,45.95,D
sz300850,新强联,2025-10-10 10:17:30,45.86,8400,45.88,D
sz300850,新强联,2025-10-10 10:17:33,45.79,40000,45.86,D
sz300850,新强联,2025-10-10 10:17:36,45.79,4600,45.79,D
sz300850,新强联,2025-10-10 10:17:39,45.75,28500,45.79,D
sz300850,新强联,2025-10-10 10:17:42,45.74,9900,45.75,D
sz300850,新强联,2025-10-10 10:17:51,45.74,7700,45.76,D
sz300850,新强联,2025-10-10 10:17:54,45.67,29700,45.74,D
sz300850,新强联,2025-10-10 10:17:57,45.66,4400,45.67,D
sz300850,新强联,2025-10-10 10:18:00,45.64,9300,45.66,D
sz300850,新强联,2025-10-10 10:18:03,45.65,30300,45.64,U
sz300850,新强联,2025-10-10 10:18:06,45.66,14300,45.65,U
sz300850,新强联,2025-10-10 10:18:09,45.64,6000,45.66,U
sz300850,新强联,2025-10-10 10:18:12,45.66,4900,45.64,U
sz300850,新强联,2025-10-10 10:18:15,45.66,14000,45.66,D
sz300850,新强联,2025-10-10 10:18:18,45.66,7900,45.66,U
sz300850,新强联,2025-10-10 10:18:21,45.66,9700,45.66,U
sz300850,新强联,2025-10-10 10:18:24,45.62,14100,45.66,D
sz300850,新强联,2025-10-10 10:18:27,45.61,21300,45.62,D
sz300850,新强联,2025-10-10 10:18:30,45.61,32200,45.61,E
sz300850,新强联,2025-10-10 10:18:48,45.65,9300,45.66,D
sz300850,新强联,2025-10-10 10:18:51,45.65,5200,45.65,U
sz300850,新强联,2025-10-10 10:18:57,45.63,9100,45.64,D
sz300850,新强联,2025-10-10 10:19:00,45.66,14000,45.63,U
sz300850,新强联,2025-10-10 10:19:03,45.65,13600,45.66,D
sz300850,新强联,2025-10-10 10:19:06,45.65,7500,45.65,D
sz300850,新强联,2025-10-10 10:19:12,45.65,14600,45.65,U
sz300850,新强联,2025-10-10 10:19:21,45.65,7000,45.65,U
sz300850,新强联,2025-10-10 10:19:24,45.67,4500,45.65,U
sz300850,新强联,2025-10-10 10:19:30,45.65,39700,45.66,D
sz300850,新强联,2025-10-10 10:19:33,45.64,5600,45.65,D
sz300850,新强联,2025-10-10 10:19:36,45.61,32100,45.64,D
sz300850,新强联,2025-10-10 10:19:39,45.64,4800,45.61,U
sz300850,新强联,2025-10-10 10:19:42,45.63,4600,45.64,D
sz300850,新强联,2025-10-10 10:19:48,45.63,11000,45.61,U
sz300850,新强联,2025-10-10 10:19:51,45.52,158700,45.63,D
sz300850,新强联,2025-10-10 10:19:57,45.42,84100,45.5,D
sz300850,新强联,2025-10-10 10:20:00,45.42,9700,45.42,U
sz300850,新强联,2025-10-10 10:20:06,45.41,20300,45.41,D
sz300850,新强联,2025-10-10 10:20:09,45.4,8500,45.41,D
sz300850,新强联,2025-10-10 10:20:12,45.36,29400,45.4,D
sz300850,新强联,2025-10-10 10:20:15,45.33,6800,45.36,D
sz300850,新强联,2025-10-10 10:20:18,45.33,15800,45.33,D
sz300850,新强联,2025-10-10 10:20:21,45.4,19600,45.33,U
sz300850,新强联,2025-10-10 10:20:24,45.33,8300,45.4,D
sz300850,新强联,2025-10-10 10:20:27,45.34,13100,45.33,E
sz300850,新强联,2025-10-10 10:20:30,45.36,33300,45.34,E
sz300850,新强联,2025-10-10 10:20:33,45.33,5900,45.36,D
sz300850,新强联,2025-10-10 10:20:36,45.28,17200,45.33,D
sz300850,新强联,2025-10-10 10:20:39,45.28,12600,45.28,D
sz300850,新强联,2025-10-10 10:20:42,45.22,6400,45.28,D
sz300850,新强联,2025-10-10 10:20:48,45.21,34000,45.21,D
sz300850,新强联,2025-10-10 10:20:51,45.21,9500,45.21,U
sz300850,新强联,2025-10-10 10:20:54,45.2,15000,45.21,E
sz300850,新强联,2025-10-10 10:20:57,45.2,13800,45.2,U
sz300850,新强联,2025-10-10 10:21:00,45.18,13200,45.2,E
sz300850,新强联,2025-10-10 10:21:03,45.16,10800,45.18,D
sz300850,新强联,2025-10-10 10:21:06,45.16,16500,45.16,U
sz300850,新强联,2025-10-10 10:21:09,45.18,18900,45.16,U
sz300850,新强联,2025-10-10 10:21:12,45.21,9100,45.18,U
sz300850,新强联,2025-10-10 10:21:15,45.16,10500,45.21,D
sz300850,新强联,2025-10-10 10:21:18,45.2,30400,45.16,D
sz300850,新强联,2025-10-10 10:21:21,45.2,16700,45.2,D
sz300850,新强联,2025-10-10 10:21:24,45.2,7500,45.2,U
sz300850,新强联,2025-10-10 10:21:27,45.25,16300,45.2,U
sz300850,新强联,2025-10-10 10:21:33,45.25,7700,45.25,D
sz300850,新强联,2025-10-10 10:21:36,45.28,8600,45.25,U
sz300850,新强联,2025-10-10 10:21:45,45.27,10100,45.27,D
sz300850,新强联,2025-10-10 10:21:48,45.26,10700,45.27,D
sz300850,新强联,2025-10-10 10:21:51,45.26,10800,45.26,U
sz300850,新强联,2025-10-10 10:21:54,45.3,10300,45.26,U
sz300850,新强联,2025-10-10 10:22:00,45.26,7300,45.25,E
sz300850,新强联,2025-10-10 10:22:03,45.25,10800,45.26,D
sz300850,新强联,2025-10-10 10:22:06,45.25,6700,45.25,D
sz300850,新强联,2025-10-10 10:22:12,45.18,24300,45.23,D
sz300850,新强联,2025-10-10 10:22:15,45.17,8500,45.18,D
sz300850,新强联,2025-10-10 10:22:18,45.13,30300,45.17,D
sz300850,新强联,2025-10-10 10:22:21,45.11,17000,45.13,E
sz300850,新强联,2025-10-10 10:22:24,45.07,8900,45.11,D
sz300850,新强联,2025-10-10 10:22:27,45.0,22200,45.07,D
sz300850,新强联,2025-10-10 10:22:30,45.0,32200,45.0,D
sz300850,新强联,2025-10-10 10:22:33,45.0,31100,45.0,D
sz300850,新强联,2025-10-10 10:22:36,45.04,24100,45.0,U
sz300850,新强联,2025-10-10 10:22:39,45.04,20800,45.04,D
sz300850,新强联,2025-10-10 10:22:42,45.05,20000,45.04,E
sz300850,新强联,2025-10-10 10:22:45,45.01,14100,45.05,D
sz300850,新强联,2025-10-10 10:22:48,45.0,42500,45.01,D
sz300850,新强联,2025-10-10 10:22:51,45.0,5200,45.0,U
sz300850,新强联,2025-10-10 10:22:54,44.96,5800,45.0,D
sz300850,新强联,2025-10-10 10:22:57,44.92,4700,44.96,D
sz300850,新强联,2025-10-10 10:23:00,44.95,10500,44.92,U
sz300850,新强联,2025-10-10 10:23:03,44.9,8800,44.95,E
sz300850,新强联,2025-10-10 10:23:06,44.95,77600,44.9,U
sz300850,新强联,2025-10-10 10:23:09,44.95,4600,44.95,U
sz300850,新强联,2025-10-10 10:23:12,44.96,21391,44.95,U
sz300850,新强联,2025-10-10 10:23:15,44.96,15000,44.96,U
sz300850,新强联,2025-10-10 10:23:18,44.91,9300,44.96,D
sz300850,新强联,2025-10-10 10:23:21,44.92,6400,44.91,E
sz300850,新强联,2025-10-10 10:23:24,44.99,25200,44.92,E
sz300850,新强联,2025-10-10 10:23:30,45.0,10000,45.0,D
sz300850,新强联,2025-10-10 10:23:39,45.08,23100,45.05,U
sz300850,新强联,2025-10-10 10:23:42,45.05,5200,45.08,D
sz300850,新强联,2025-10-10 10:23:45,45.04,6900,45.05,D
sz300850,新强联,2025-10-10 10:23:48,44.96,22600,45.04,D
sz300850,新强联,2025-10-10 10:23:57,45.1,12800,45.04,U
sz300850,新强联,2025-10-10 10:24:06,45.09,6400,45.11,D
sz300850,新强联,2025-10-10 10:24:09,45.07,7200,45.09,D
sz300850,新强联,2025-10-10 10:24:12,45.1,10200,45.07,U
sz300850,新强联,2025-10-10 10:24:18,45.09,6200,45.07,U
sz300850,新强联,2025-10-10 10:24:21,45.07,21000,45.09,D
sz300850,新强联,2025-10-10 10:24:24,45.05,10000,45.07,D
sz300850,新强联,2025-10-10 10:24:30,45.02,5200,45.06,D
sz300850,新强联,2025-10-10 10:24:33,45.0,6000,45.02,D
sz300850,新强联,2025-10-10 10:24:36,45.05,6200,45.0,U
sz300850,新强联,2025-10-10 10:24:45,45.05,12300,45.01,E
sz300850,新强联,2025-10-10 10:24:48,45.06,8600,45.05,U
sz300850,新强联,2025-10-10 10:24:51,45.06,17900,45.06,U
sz300850,新强联,2025-10-10 10:24:54,45.06,5700,45.06,D
sz300850,新强联,2025-10-10 10:24:57,45.03,9200,45.06,D
sz300850,新强联,2025-10-10 10:25:00,45.06,5900,45.03,E
sz300850,新强联,2025-10-10 10:25:03,45.06,6373,45.06,D
sz300850,新强联,2025-10-10 10:25:12,45.06,12900,45.07,D
sz300850,新强联,2025-10-10 10:25:24,45.11,6900,45.1,U
sz300850,新强联,2025-10-10 10:25:33,45.13,6600,45.12,U
sz300850,新强联,2025-10-10 10:25:36,45.13,5100,45.13,U
sz300850,新强联,2025-10-10 10:25:51,45.16,15600,45.16,U
sz300850,新强联,2025-10-10 10:25:54,45.14,10300,45.16,D
sz300850,新强联,2025-10-10 10:25:57,45.16,14300,45.14,U
sz300850,新强联,2025-10-10 10:26:00,45.17,4900,45.16,U
sz300850,新强联,2025-10-10 10:26:09,45.17,34300,45.18,D
sz300850,新强联,2025-10-10 10:26:12,45.14,6100,45.17,D
sz300850,新强联,2025-10-10 10:26:15,45.16,14600,45.14,U
sz300850,新强联,2025-10-10 10:26:21,45.15,5500,45.09,U
sz300850,新强联,2025-10-10 10:26:24,45.12,6800,45.15,D
sz300850,新强联,2025-10-10 10:26:27,45.14,5400,45.12,U
sz300850,新强联,2025-10-10 10:26:33,45.12,10300,45.12,D
sz300850,新强联,2025-10-10 10:26:39,45.25,45900,45.13,U
sz300850,新强联,2025-10-10 10:26:51,45.2,6500,45.2,U
sz300850,新强联,2025-10-10 10:27:21,45.28,8100,45.26,U
sz300850,新强联,2025-10-10 10:27:30,45.3,5100,45.3,D
sz300850,新强联,2025-10-10 10:27:42,45.28,50200,45.3,D
sz300850,新强联,2025-10-10 10:27:45,45.22,9400,45.28,D
sz300850,新强联,2025-10-10 10:27:54,45.22,5000,45.22,U
sz300850,新强联,2025-10-10 10:28:00,45.25,15100,45.23,U
sz300850,新强联,2025-10-10 10:28:09,45.41,58800,45.35,U
sz300850,新强联,2025-10-10 10:28:12,45.63,5300,45.41,U
sz300850,新强联,2025-10-10 10:28:30,45.65,19400,45.66,D
sz300850,新强联,2025-10-10 10:28:33,45.57,5200,45.65,D
sz300850,新强联,2025-10-10 10:28:36,45.66,6900,45.57,D
sz300850,新强联,2025-10-10 10:28:51,45.62,15958,45.61,E
sz300850,新强联,2025-10-10 10:28:57,45.6,5400,45.62,D
sz300850,新强联,2025-10-10 10:29:09,45.58,7200,45.67,D
sz300850,新强联,2025-10-10 10:29:15,45.66,4500,45.59,U
sz300850,新强联,2025-10-10 10:29:21,45.68,7400,45.65,U
sz300850,新强联,2025-10-10 10:29:36,45.69,4500,45.69,D
sz300850,新强联,2025-10-10 10:29:45,45.64,6300,45.64,D
sz300850,新强联,2025-10-10 10:29:51,45.66,5600,45.65,U
sz300850,新强联,2025-10-10 10:29:54,45.66,4800,45.66,U
sz300850,新强联,2025-10-10 10:29:57,45.65,9800,45.66,D
sz300850,新强联,2025-10-10 10:30:03,45.59,8700,45.65,D
sz300850,新强联,2025-10-10 10:30:06,45.61,5000,45.59,U
sz300850,新强联,2025-10-10 10:30:09,45.55,5800,45.61,D
sz300850,新强联,2025-10-10 10:30:24,45.53,14900,45.53,U
sz300850,新强联,2025-10-10 10:30:27,45.66,52900,45.53,U
sz300850,新强联,2025-10-10 10:30:39,45.63,8900,45.65,D
sz300850,新强联,2025-10-10 10:30:45,45.56,11800,45.6,D
sz300850,新强联,2025-10-10 10:30:54,45.5,8700,45.55,D
sz300850,新强联,2025-10-10 10:30:57,45.59,14900,45.5,E
sz300850,新强联,2025-10-10 10:31:03,45.72,5500,45.71,U
sz300850,新强联,2025-10-10 10:31:24,45.8,8600,45.78,U
sz300850,新强联,2025-10-10 10:31:42,45.74,7200,45.75,E
sz300850,新强联,2025-10-10 10:31:48,45.77,17800,45.75,U
sz300850,新强联,2025-10-10 10:31:54,45.88,30800,45.8,U
sz300850,新强联,2025-10-10 10:31:57,45.88,5000,45.88,U
sz300850,新强联,2025-10-10 10:32:06,45.8,39100,45.83,D
sz300850,新强联,2025-10-10 10:32:12,45.8,4700,45.82,D
sz300850,新强联,2025-10-10 10:32:39,45.73,29300,45.73,U
sz300850,新强联,2025-10-10 10:32:42,45.73,7300,45.73,D
sz300850,新强联,2025-10-10 10:32:45,45.88,13400,45.73,U
sz300850,新强联,2025-10-10 10:32:48,45.8,14500,45.88,D
sz300850,新强联,2025-10-10 10:33:03,45.94,7800,45.86,U
sz300850,新强联,2025-10-10 10:33:06,45.91,4400,45.94,D
sz300850,新强联,2025-10-10 10:33:09,45.98,15200,45.91,U
sz300850,新强联,2025-10-10 10:33:12,46.0,11800,45.98,U
sz300850,新强联,2025-10-10 10:33:15,46.0,8500,46.0,D
sz300850,新强联,2025-10-10 10:33:18,46.0,16600,46.0,D
sz300850,新强联,2025-10-10 10:33:21,46.04,9300,46.0,U
sz300850,新强联,2025-10-10 10:33:27,45.93,7600,46.01,D
sz300850,新强联,2025-10-10 10:33:33,45.98,6700,45.94,U
sz300850,新强联,2025-10-10 10:33:39,45.99,22100,45.97,U
sz300850,新强联,2025-10-10 10:33:45,45.97,6500,45.98,D
sz300850,新强联,2025-10-10 10:33:51,45.96,11300,45.97,D
sz300850,新强联,2025-10-10 10:34:03,45.91,6600,45.93,D
sz300850,新强联,2025-10-10 10:34:09,45.92,7400,45.86,U
sz300850,新强联,2025-10-10 10:34:45,45.92,5500,45.89,U
sz300850,新强联,2025-10-10 10:34:48,45.92,8100,45.92,U
sz300850,新强联,2025-10-10 10:34:51,45.89,4600,45.92,D
sz300850,新强联,2025-10-10 10:34:57,45.89,12400,45.9,D
sz300850,新强联,2025-10-10 10:35:00,46.0,14700,45.89,U
sz300850,新强联,2025-10-10 10:35:03,46.1,23500,46.0,U
sz300850,新强联,2025-10-10 10:35:06,46.12,19200,46.1,U
sz300850,新强联,2025-10-10 10:35:09,46.1,8300,46.12,D
sz300850,新强联,2025-10-10 10:35:15,46.12,13200,46.1,D
sz300850,新强联,2025-10-10 10:35:30,46.0,4400,46.05,D
sz300850,新强联,2025-10-10 10:35:33,46.05,4600,46.0,U
sz300850,新强联,2025-10-10 10:35:36,46.08,11500,46.05,U
sz300850,新强联,2025-10-10 10:35:39,46.13,4700,46.08,U
sz300850,新强联,2025-10-10 10:35:45,46.0,34700,46.12,D
sz300850,新强联,2025-10-10 10:35:48,46.16,6000,46.0,U
sz300850,新强联,2025-10-10 10:35:51,46.2,17800,46.16,U
sz300850,新强联,2025-10-10 10:35:57,46.13,4600,46.15,D
sz300850,新强联,2025-10-10 10:36:09,46.13,14200,46.13,U
sz300850,新强联,2025-10-10 10:36:18,46.17,12500,46.15,E
sz300850,新强联,2025-10-10 10:36:24,46.24,15900,46.2,U
sz300850,新强联,2025-10-10 10:36:27,46.29,10700,46.24,U
sz300850,新强联,2025-10-10 10:36:30,46.36,34700,46.29,U
sz300850,新强联,2025-10-10 10:36:33,46.59,106020,46.36,U
sz300850,新强联,2025-10-10 10:36:36,46.59,13100,46.59,U
sz300850,新强联,2025-10-10 10:36:39,46.58,9900,46.59,U
sz300850,新强联,2025-10-10 10:36:42,46.58,11300,46.58,U
sz300850,新强联,2025-10-10 10:36:45,46.45,9900,46.58,E
sz300850,新强联,2025-10-10 10:36:51,46.55,20100,46.55,U
sz300850,新强联,2025-10-10 10:36:54,46.58,21200,46.55,U
sz300850,新强联,2025-10-10 10:36:57,46.6,13600,46.58,E
sz300850,新强联,2025-10-10 10:37:00,46.63,11700,46.6,E
sz300850,新强联,2025-10-10 10:37:06,46.58,26700,46.58,D
sz300850,新强联,2025-10-10 10:37:09,46.61,16900,46.58,U
sz300850,新强联,2025-10-10 10:37:12,46.6,4400,46.61,E
sz300850,新强联,2025-10-10 10:37:15,46.59,18600,46.6,U
sz300850,新强联,2025-10-10 10:37:18,46.56,5200,46.59,D
sz300850,新强联,2025-10-10 10:37:21,46.62,27218,46.56,U
sz300850,新强联,2025-10-10 10:37:24,46.58,8500,46.62,D
sz300850,新强联,2025-10-10 10:37:27,46.6,17947,46.58,U
sz300850,新强联,2025-10-10 10:37:30,46.57,17253,46.6,D
sz300850,新强联,2025-10-10 10:37:33,46.57,10300,46.57,D
sz300850,新强联,2025-10-10 10:37:36,46.56,7400,46.57,D
sz300850,新强联,2025-10-10 10:37:39,46.5,8700,46.56,D
sz300850,新强联,2025-10-10 10:37:48,46.4,16100,46.45,D
sz300850,新强联,2025-10-10 10:37:51,46.38,12000,46.4,D
sz300850,新强联,2025-10-10 10:37:54,46.38,4900,46.38,D
sz300850,新强联,2025-10-10 10:38:00,46.25,19800,46.24,E
sz300850,新强联,2025-10-10 10:38:03,46.35,4900,46.25,U
sz300850,新强联,2025-10-10 10:38:06,46.38,11700,46.35,U
sz300850,新强联,2025-10-10 10:38:09,46.36,6800,46.38,E
sz300850,新强联,2025-10-10 10:38:15,46.28,8500,46.28,D
sz300850,新强联,2025-10-10 10:38:24,46.37,30900,46.28,U
sz300850,新强联,2025-10-10 10:38:30,46.49,6500,46.43,U
sz300850,新强联,2025-10-10 10:38:36,46.45,6100,46.45,D
sz300850,新强联,2025-10-10 10:38:42,46.45,12300,46.36,U
sz300850,新强联,2025-10-10 10:39:00,46.4,14200,46.4,U
sz300850,新强联,2025-10-10 10:39:06,46.25,27200,46.29,D
sz300850,新强联,2025-10-10 10:39:09,46.24,5100,46.25,D
sz300850,新强联,2025-10-10 10:39:30,46.0,4900,46.05,D
sz300850,新强联,2025-10-10 10:39:33,45.9,8400,46.0,D
sz300850,新强联,2025-10-10 10:39:45,46.05,4400,46.06,D
sz300850,新强联,2025-10-10 10:39:51,46.06,4600,46.05,U
sz300850,新强联,2025-10-10 10:40:00,46.0,7600,46.01,D
sz300850,新强联,2025-10-10 10:40:30,45.82,4800,45.82,U
sz300850,新强联,2025-10-10 10:41:00,45.83,11200,45.88,D
sz300850,新强联,2025-10-10 10:41:03,45.79,14400,45.83,D
sz300850,新强联,2025-10-10 10:41:09,45.86,8200,45.8,U
sz300850,新强联,2025-10-10 10:41:42,45.8,11000,45.82,D
sz300850,新强联,2025-10-10 10:41:45,45.8,9300,45.8,D
sz300850,新强联,2025-10-10 10:41:48,45.79,14700,45.8,D
sz300850,新强联,2025-10-10 10:42:18,45.6,10800,45.61,D
sz300850,新强联,2025-10-10 10:43:06,45.65,4500,45.68,E
sz300850,新强联,2025-10-10 10:43:09,45.62,8000,45.65,D
sz300850,新强联,2025-10-10 10:43:12,45.66,31700,45.62,U
sz300850,新强联,2025-10-10 10:43:30,45.68,6400,45.66,U
sz300850,新强联,2025-10-10 10:43:36,45.76,5000,45.72,U
sz300850,新强联,2025-10-10 10:44:03,45.74,7900,45.76,D
sz300850,新强联,2025-10-10 10:44:12,45.75,10700,45.72,U
sz300850,新强联,2025-10-10 10:44:15,45.69,6000,45.75,D
sz300850,新强联,2025-10-10 10:44:36,45.72,9800,45.7,U
sz300850,新强联,2025-10-10 10:45:30,45.72,4900,45.72,D
sz300850,新强联,2025-10-10 10:45:33,45.69,4500,45.72,D
sz300850,新强联,2025-10-10 10:45:36,45.66,7000,45.69,D
sz300850,新强联,2025-10-10 10:45:39,45.66,8400,45.66,D
sz300850,新强联,2025-10-10 10:45:42,45.64,15400,45.66,D
sz300850,新强联,2025-10-10 10:46:00,45.64,23600,45.63,U
sz300850,新强联,2025-10-10 10:46:42,45.69,6000,45.7,D
sz300850,新强联,2025-10-10 10:46:51,45.72,4600,45.72,U
sz300850,新强联,2025-10-10 10:47:00,45.7,8000,45.7,U
sz300850,新强联,2025-10-10 10:47:09,45.68,6500,45.7,D
sz300850,新强联,2025-10-10 10:47:12,45.69,6000,45.68,D
sz300850,新强联,2025-10-10 10:47:24,45.68,7100,45.68,U
sz300850,新强联,2025-10-10 10:47:33,45.68,4500,45.68,D
sz300850,新强联,2025-10-10 10:47:54,45.7,9400,45.7,U
sz300850,新强联,2025-10-10 10:47:57,45.68,5400,45.7,D
sz300850,新强联,2025-10-10 10:48:00,45.67,18900,45.68,D
sz300850,新强联,2025-10-10 10:48:21,45.6,11100,45.62,D
sz300850,新强联,2025-10-10 10:48:24,45.59,5100,45.6,D
sz300850,新强联,2025-10-10 10:48:51,45.55,5700,45.51,U
sz300850,新强联,2025-10-10 10:48:54,45.57,8500,45.55,U
sz300850,新强联,2025-10-10 10:48:57,45.56,4700,45.57,D
sz300850,新强联,2025-10-10 10:49:06,45.6,8000,45.61,E
sz300850,新强联,2025-10-10 10:49:12,45.5,35200,45.58,D
sz300850,新强联,2025-10-10 10:49:27,45.47,7100,45.47,U
sz300850,新强联,2025-10-10 10:49:30,45.47,5700,45.47,D
sz300850,新强联,2025-10-10 10:49:33,45.51,5200,45.47,U
sz300850,新强联,2025-10-10 10:49:51,45.53,4900,45.56,E
sz300850,新强联,2025-10-10 10:50:21,45.47,6600,45.47,D
sz300850,新强联,2025-10-10 10:50:45,45.51,4600,45.5,U
sz300850,新强联,2025-10-10 10:50:51,45.51,10300,45.52,D
sz300850,新强联,2025-10-10 10:51:06,45.45,21900,45.51,D
sz300850,新强联,2025-10-10 10:51:42,45.44,9400,45.4,U
sz300850,新强联,2025-10-10 10:51:45,45.45,6100,45.44,U
sz300850,新强联,2025-10-10 10:52:00,45.39,6300,45.4,D
sz300850,新强联,2025-10-10 10:52:36,45.4,9700,45.4,U
sz300850,新强联,2025-10-10 10:52:54,45.45,5700,45.45,D
sz300850,新强联,2025-10-10 10:53:30,45.4,19700,45.42,D
sz300850,新强联,2025-10-10 10:53:42,45.36,7200,45.38,D
sz300850,新强联,2025-10-10 10:53:45,45.39,8500,45.36,U
sz300850,新强联,2025-10-10 10:54:00,45.35,5000,45.35,E
sz300850,新强联,2025-10-10 10:54:15,45.32,4900,45.32,D
sz300850,新强联,2025-10-10 10:54:21,45.32,14600,45.31,E
sz300850,新强联,2025-10-10 10:54:30,45.31,8200,45.35,D
sz300850,新强联,2025-10-10 10:55:00,45.3,12200,45.31,D
sz300850,新强联,2025-10-10 10:55:18,45.3,5100,45.3,U
sz300850,新强联,2025-10-10 10:55:27,45.34,13200,45.31,U
sz300850,新强联,2025-10-10 10:55:30,45.35,5500,45.34,U
sz300850,新强联,2025-10-10 10:55:33,45.35,4800,45.35,U
sz300850,新强联,2025-10-10 10:55:54,45.43,6800,45.39,U
sz300850,新强联,2025-10-10 10:56:03,45.39,7300,45.37,U
sz300850,新强联,2025-10-10 10:56:15,45.43,5800,45.39,U
sz300850,新强联,2025-10-10 10:56:27,45.45,5320,45.43,U
sz300850,新强联,2025-10-10 10:56:36,45.45,4700,45.48,D
sz300850,新强联,2025-10-10 10:57:15,45.59,7600,45.57,U
sz300850,新强联,2025-10-10 10:57:33,45.54,25600,45.57,D
sz300850,新强联,2025-10-10 10:57:51,45.51,5900,45.54,D
sz300850,新强联,2025-10-10 10:58:00,45.49,26700,45.53,D
sz300850,新强联,2025-10-10 10:58:03,45.43,9280,45.49,D
sz300850,新强联,2025-10-10 10:58:27,45.4,14100,45.4,U
sz300850,新强联,2025-10-10 10:58:30,45.4,8900,45.4,U
sz300850,新强联,2025-10-10 10:58:45,45.4,10000,45.43,D
sz300850,新强联,2025-10-10 10:59:36,45.35,14900,45.35,U
sz300850,新强联,2025-10-10 10:59:48,45.36,4500,45.39,D
sz300850,新强联,2025-10-10 11:00:09,45.51,11200,45.47,U
sz300850,新强联,2025-10-10 11:00:12,45.61,5500,45.51,U
sz300850,新强联,2025-10-10 11:01:03,45.5,29100,45.54,D
sz300850,新强联,2025-10-10 11:01:12,45.55,4900,45.54,U
sz300850,新强联,2025-10-10 11:02:15,45.68,9900,45.66,U
sz300850,新强联,2025-10-10 11:02:18,45.66,4700,45.68,D
sz300850,新强联,2025-10-10 11:02:24,45.65,4500,45.66,D
sz300850,新强联,2025-10-10 11:02:36,45.66,7100,45.65,U
sz300850,新强联,2025-10-10 11:02:42,45.63,9500,45.66,E
sz300850,新强联,2025-10-10 11:03:00,45.6,5800,45.61,D
sz300850,新强联,2025-10-10 11:03:06,45.56,10300,45.57,D
sz300850,新强联,2025-10-10 11:03:09,45.52,5400,45.56,D
sz300850,新强联,2025-10-10 11:03:12,45.51,4600,45.52,D
sz300850,新强联,2025-10-10 11:03:18,45.5,27300,45.51,D
sz300850,新强联,2025-10-10 11:03:21,45.49,6700,45.5,E
sz300850,新强联,2025-10-10 11:04:15,45.5,8800,45.51,D
sz300850,新强联,2025-10-10 11:04:18,45.48,5100,45.5,D
sz300850,新强联,2025-10-10 11:05:03,45.45,6700,45.46,D
sz300850,新强联,2025-10-10 11:05:06,45.43,6000,45.45,D
sz300850,新强联,2025-10-10 11:05:09,45.45,36300,45.43,U
sz300850,新强联,2025-10-10 11:05:15,45.47,5600,45.45,U
sz300850,新强联,2025-10-10 11:05:21,45.48,7600,45.47,U
sz300850,新强联,2025-10-10 11:05:24,45.46,13800,45.48,D
sz300850,新强联,2025-10-10 11:05:30,45.56,14800,45.47,U
sz300850,新强联,2025-10-10 11:05:51,45.55,12700,45.55,D
sz300850,新强联,2025-10-10 11:06:42,45.44,7500,45.44,D
sz300850,新强联,2025-10-10 11:07:42,45.38,19200,45.42,D
sz300850,新强联,2025-10-10 11:08:42,45.38,31900,45.43,D
sz300850,新强联,2025-10-10 11:09:15,45.35,7600,45.34,U
sz300850,新强联,2025-10-10 11:09:18,45.34,12500,45.35,D
sz300850,新强联,2025-10-10 11:09:36,45.38,8900,45.38,U
sz300850,新强联,2025-10-10 11:09:48,45.39,20325,45.39,U
sz300850,新强联,2025-10-10 11:10:12,45.36,7000,45.34,U
sz300850,新强联,2025-10-10 11:10:18,45.33,15600,45.35,D
sz300850,新强联,2025-10-10 11:10:24,45.33,9000,45.33,U
sz300850,新强联,2025-10-10 11:10:27,45.33,18500,45.33,U
sz300850,新强联,2025-10-10 11:10:30,45.32,9300,45.33,D
sz300850,新强联,2025-10-10 11:10:33,45.33,4800,45.32,U
sz300850,新强联,2025-10-10 11:10:36,45.36,10200,45.33,U
sz300850,新强联,2025-10-10 11:10:42,45.32,6500,45.38,D
sz300850,新强联,2025-10-10 11:11:09,45.28,33700,45.34,D
sz300850,新强联,2025-10-10 11:11:12,45.29,8600,45.28,U
sz300850,新强联,2025-10-10 11:11:51,45.2,32600,45.25,D
sz300850,新强联,2025-10-10 11:12:12,45.29,5700,45.29,E
sz300850,新强联,2025-10-10 11:12:27,45.4,11100,45.28,U
sz300850,新强联,2025-10-10 11:12:33,45.26,83500,45.42,D
sz300850,新强联,2025-10-10 11:13:03,45.28,4800,45.26,U
sz300850,新强联,2025-10-10 11:13:51,45.32,9800,45.31,U
sz300850,新强联,2025-10-10 11:13:57,45.38,9114,45.32,U
sz300850,新强联,2025-10-10 11:14:18,45.34,4500,45.35,D
sz300850,新强联,2025-10-10 11:14:36,45.3,15000,45.34,D
sz300850,新强联,2025-10-10 11:14:39,45.32,5200,45.3,U
sz300850,新强联,2025-10-10 11:14:45,45.3,9400,45.32,D
sz300850,新强联,2025-10-10 11:15:39,45.26,4600,45.26,D
sz300850,新强联,2025-10-10 11:16:00,45.26,4700,45.25,U
sz300850,新强联,2025-10-10 11:16:15,45.25,13900,45.25,U
sz300850,新强联,2025-10-10 11:16:21,45.28,5000,45.25,U
sz300850,新强联,2025-10-10 11:17:54,45.31,4500,45.31,D
sz300850,新强联,2025-10-10 11:18:06,45.27,10400,45.3,D
sz300850,新强联,2025-10-10 11:19:42,45.28,7400,45.3,D
sz300850,新强联,2025-10-10 11:19:45,45.25,10700,45.28,D
sz300850,新强联,2025-10-10 11:19:48,45.24,5600,45.25,D
sz300850,新强联,2025-10-10 11:20:06,45.22,13200,45.22,U
sz300850,新强联,2025-10-10 11:21:21,45.21,16600,45.22,D
sz300850,新强联,2025-10-10 11:21:30,45.18,13400,45.2,D
sz300850,新强联,2025-10-10 11:21:48,45.15,8200,45.19,D
sz300850,新强联,2025-10-10 11:22:09,45.11,6500,45.12,D
sz300850,新强联,2025-10-10 11:22:12,45.1,7552,45.11,D
sz300850,新强联,2025-10-10 11:22:27,45.1,11348,45.1,D
sz300850,新强联,2025-10-10 11:22:30,45.1,9652,45.1,U
sz300850,新强联,2025-10-10 11:22:36,45.11,5900,45.11,D
sz300850,新强联,2025-10-10 11:22:42,45.1,5200,45.11,D
sz300850,新强联,2025-10-10 11:22:45,45.11,6100,45.1,U
sz300850,新强联,2025-10-10 11:22:48,45.1,8900,45.11,D
sz300850,新强联,2025-10-10 11:22:54,45.1,18300,45.1,D
sz300850,新强联,2025-10-10 11:22:57,45.11,9948,45.1,U
sz300850,新强联,2025-10-10 11:23:00,45.09,11100,45.11,D
sz300850,新强联,2025-10-10 11:23:06,45.09,9500,45.11,D
sz300850,新强联,2025-10-10 11:23:15,45.05,45100,45.09,D
sz300850,新强联,2025-10-10 11:23:24,45.05,12300,45.05,D
sz300850,新强联,2025-10-10 11:23:30,45.05,15100,45.06,D
sz300850,新强联,2025-10-10 11:23:33,45.08,17700,45.05,U
sz300850,新强联,2025-10-10 11:23:36,45.07,75500,45.08,D
sz300850,新强联,2025-10-10 11:24:06,45.08,10100,45.05,U
sz300850,新强联,2025-10-10 11:24:15,45.05,5000,45.08,D
sz300850,新强联,2025-10-10 11:24:42,45.05,5152,45.07,D
sz300850,新强联,2025-10-10 11:24:48,45.05,7900,45.05,D
sz300850,新强联,2025-10-10 11:25:06,45.05,5100,45.04,U
sz300850,新强联,2025-10-10 11:25:09,45.04,11200,45.05,D
sz300850,新强联,2025-10-10 11:25:12,45.04,5800,45.04,D
sz300850,新强联,2025-10-10 11:25:21,45.04,4700,45.05,D
sz300850,新强联,2025-10-10 11:25:27,45.04,5000,45.04,D
sz300850,新强联,2025-10-10 11:25:39,45.02,6700,45.03,D
sz300850,新强联,2025-10-10 11:25:42,45.03,4500,45.02,E
sz300850,新强联,2025-10-10 11:25:51,45.02,5500,45.03,D
sz300850,新强联,2025-10-10 11:25:54,45.03,4700,45.02,U
sz300850,新强联,2025-10-10 11:25:57,45.02,4700,45.03,E
sz300850,新强联,2025-10-10 11:26:09,45.01,16900,45.01,D
sz300850,新强联,2025-10-10 11:26:12,45.03,12900,45.01,U
sz300850,新强联,2025-10-10 11:26:24,45.08,5500,45.06,U
sz300850,新强联,2025-10-10 11:26:33,45.1,4800,45.1,U
sz300850,新强联,2025-10-10 11:26:48,45.15,5000,45.14,U
sz300850,新强联,2025-10-10 11:27:21,45.18,6700,45.18,U
sz300850,新强联,2025-10-10 11:28:09,45.26,18800,45.19,U
sz300850,新强联,2025-10-10 11:28:12,45.26,5100,45.26,D
sz300850,新强联,2025-10-10 11:29:45,45.29,5100,45.22,U
sz300850,新强联,2025-10-10 13:00:00,45.22,38800,45.22,D
sz300850,新强联,2025-10-10 13:00:06,45.22,13600,45.3,D
sz300850,新强联,2025-10-10 13:00:15,45.19,4600,45.23,D
sz300850,新强联,2025-10-10 13:00:24,45.18,8400,45.26,D
sz300850,新强联,2025-10-10 13:00:27,45.18,4700,45.18,D
sz300850,新强联,2025-10-10 13:00:45,45.12,8500,45.15,D
sz300850,新强联,2025-10-10 13:01:18,45.11,12500,45.12,D
sz300850,新强联,2025-10-10 13:01:39,45.1,4700,45.08,U
sz300850,新强联,2025-10-10 13:02:48,45.08,8700,45.14,D
sz300850,新强联,2025-10-10 13:03:03,45.08,7800,45.04,U
sz300850,新强联,2025-10-10 13:03:45,45.03,9200,45.05,D
sz300850,新强联,2025-10-10 13:03:57,45.01,5700,45.03,D
sz300850,新强联,2025-10-10 13:04:03,45.02,5700,45.02,U
sz300850,新强联,2025-10-10 13:04:18,45.01,4600,45.01,D
sz300850,新强联,2025-10-10 13:04:24,44.99,229000,45.01,D
sz300850,新强联,2025-10-10 13:04:57,44.94,5200,44.94,U
sz300850,新强联,2025-10-10 13:05:03,44.92,8400,44.92,D
sz300850,新强联,2025-10-10 13:05:06,44.91,12700,44.92,D
sz300850,新强联,2025-10-10 13:05:09,44.9,16700,44.91,D
sz300850,新强联,2025-10-10 13:05:12,44.91,9100,44.9,U
sz300850,新强联,2025-10-10 13:05:33,44.88,25200,44.89,D
sz300850,新强联,2025-10-10 13:05:42,44.87,4900,44.9,D
sz300850,新强联,2025-10-10 13:05:45,44.88,6900,44.87,U
sz300850,新强联,2025-10-10 13:05:51,44.9,6100,44.88,E
sz300850,新强联,2025-10-10 13:06:24,44.88,4500,44.9,D
sz300850,新强联,2025-10-10 13:06:42,44.89,18248,44.92,D
sz300850,新强联,2025-10-10 13:06:51,44.92,4600,44.92,U
sz300850,新强联,2025-10-10 13:07:18,44.89,6200,44.9,D
sz300850,新强联,2025-10-10 13:07:21,44.89,38709,44.89,D
sz300850,新强联,2025-10-10 13:07:33,44.85,8700,44.85,D
sz300850,新强联,2025-10-10 13:07:36,44.86,6200,44.85,U
sz300850,新强联,2025-10-10 13:07:51,44.81,9500,44.8,U
sz300850,新强联,2025-10-10 13:07:54,44.81,13800,44.81,U
sz300850,新强联,2025-10-10 13:08:00,44.81,5500,44.8,U
sz300850,新强联,2025-10-10 13:08:06,44.81,12800,44.82,D
sz300850,新强联,2025-10-10 13:08:12,44.8,7200,44.81,D
sz300850,新强联,2025-10-10 13:08:18,44.8,5000,44.8,U
sz300850,新强联,2025-10-10 13:08:21,44.8,5800,44.8,U
sz300850,新强联,2025-10-10 13:08:33,44.83,6300,44.83,D
sz300850,新强联,2025-10-10 13:08:39,44.92,4691,44.88,U
sz300850,新强联,2025-10-10 13:08:57,44.94,4500,44.97,D
sz300850,新强联,2025-10-10 13:09:33,45.05,5500,45.05,D
sz300850,新强联,2025-10-10 13:10:51,45.18,13600,45.2,D
sz300850,新强联,2025-10-10 13:11:09,45.19,5200,45.25,D
sz300850,新强联,2025-10-10 13:11:12,45.2,4500,45.19,D
sz300850,新强联,2025-10-10 13:11:21,45.22,5400,45.22,D
sz300850,新强联,2025-10-10 13:11:30,45.22,9700,45.2,U
sz300850,新强联,2025-10-10 13:11:36,45.24,4800,45.22,U
sz300850,新强联,2025-10-10 13:11:45,45.22,6800,45.2,U
sz300850,新强联,2025-10-10 13:13:51,45.01,5000,45.02,D
sz300850,新强联,2025-10-10 13:14:06,45.0,9300,45.01,D
sz300850,新强联,2025-10-10 13:14:09,45.0,7300,45.0,D
sz300850,新强联,2025-10-10 13:14:33,45.04,10400,45.01,U
sz300850,新强联,2025-10-10 13:15:00,45.07,4700,45.09,D
sz300850,新强联,2025-10-10 13:15:15,45.05,17200,45.05,U
sz300850,新强联,2025-10-10 13:16:00,45.06,5400,45.06,U
sz300850,新强联,2025-10-10 13:16:48,45.12,12300,45.12,U
sz300850,新强联,2025-10-10 13:17:57,45.19,7200,45.18,U
sz300850,新强联,2025-10-10 13:18:00,45.22,7200,45.19,U
sz300850,新强联,2025-10-10 13:18:09,45.27,6300,45.27,U
sz300850,新强联,2025-10-10 13:18:12,45.27,5300,45.27,U
sz300850,新强联,2025-10-10 13:18:45,45.26,8700,45.29,D
sz300850,新强联,2025-10-10 13:18:57,45.22,10900,45.27,D
sz300850,新强联,2025-10-10 13:19:00,45.18,14600,45.22,D
sz300850,新强联,2025-10-10 13:19:03,45.2,6100,45.18,U
sz300850,新强联,2025-10-10 13:19:48,45.12,10400,45.12,D
sz300850,新强联,2025-10-10 13:22:03,45.26,4500,45.24,U
sz300850,新强联,2025-10-10 13:23:03,45.35,6500,45.31,U
sz300850,新强联,2025-10-10 13:23:21,45.32,5300,45.32,E
sz300850,新强联,2025-10-10 13:23:24,45.35,6400,45.32,U
sz300850,新强联,2025-10-10 13:23:27,45.3,4600,45.35,D
sz300850,新强联,2025-10-10 13:23:33,45.25,25500,45.27,D
sz300850,新强联,2025-10-10 13:23:42,45.2,5900,45.23,D
sz300850,新强联,2025-10-10 13:24:51,45.16,6000,45.15,U
sz300850,新强联,2025-10-10 13:25:21,45.15,6300,45.16,D
sz300850,新强联,2025-10-10 13:25:30,45.15,4600,45.12,U
sz300850,新强联,2025-10-10 13:25:36,45.16,9800,45.12,U
sz300850,新强联,2025-10-10 13:26:36,45.18,5900,45.17,U
sz300850,新强联,2025-10-10 13:26:42,45.15,9300,45.18,D
sz300850,新强联,2025-10-10 13:27:00,45.19,4600,45.16,U
sz300850,新强联,2025-10-10 13:28:12,45.34,25200,45.3,U
sz300850,新强联,2025-10-10 13:28:33,45.46,7800,45.46,U
sz300850,新强联,2025-10-10 13:28:36,45.46,5600,45.46,U
sz300850,新强联,2025-10-10 13:28:54,45.46,4600,45.46,E
sz300850,新强联,2025-10-10 13:29:00,45.47,32900,45.47,D
sz300850,新强联,2025-10-10 13:29:03,45.45,11800,45.47,D
sz300850,新强联,2025-10-10 13:29:06,45.43,6300,45.45,D
sz300850,新强联,2025-10-10 13:29:54,45.39,7600,45.39,D
sz300850,新强联,2025-10-10 13:30:33,45.35,11500,45.31,U
sz300850,新强联,2025-10-10 13:30:48,45.32,18100,45.31,U
sz300850,新强联,2025-10-10 13:31:06,45.36,6200,45.36,U
sz300850,新强联,2025-10-10 13:31:18,45.45,6100,45.4,U
sz300850,新强联,2025-10-10 13:31:39,45.46,6900,45.45,U
sz300850,新强联,2025-10-10 13:31:54,45.44,5300,45.43,U
sz300850,新强联,2025-10-10 13:31:57,45.48,7000,45.44,U
sz300850,新强联,2025-10-10 13:32:12,45.45,5600,45.46,D
sz300850,新强联,2025-10-10 13:32:21,45.43,7900,45.44,D
sz300850,新强联,2025-10-10 13:32:24,45.45,4600,45.43,U
sz300850,新强联,2025-10-10 13:32:36,45.41,4600,45.41,D
sz300850,新强联,2025-10-10 13:33:00,45.38,6800,45.36,U
sz300850,新强联,2025-10-10 13:33:45,45.39,8500,45.4,D
sz300850,新强联,2025-10-10 13:34:15,45.4,8300,45.41,D
sz300850,新强联,2025-10-10 13:34:30,45.44,7800,45.42,U
sz300850,新强联,2025-10-10 13:34:36,45.4,11800,45.44,D
sz300850,新强联,2025-10-10 13:35:06,45.49,4700,45.45,U
sz300850,新强联,2025-10-10 13:35:21,45.45,6900,45.45,D
sz300850,新强联,2025-10-10 13:35:48,45.39,5800,45.4,D
sz300850,新强联,2025-10-10 13:36:00,45.37,16400,45.39,D
sz300850,新强联,2025-10-10 13:36:03,45.36,12000,45.37,D
sz300850,新强联,2025-10-10 13:36:06,45.36,4900,45.36,D
sz300850,新强联,2025-10-10 13:36:21,45.3,5300,45.38,D
sz300850,新强联,2025-10-10 13:36:51,45.3,5900,45.3,U
sz300850,新强联,2025-10-10 13:38:51,45.17,5000,45.13,U
sz300850,新强联,2025-10-10 13:38:54,45.2,4600,45.17,U
sz300850,新强联,2025-10-10 13:38:57,45.18,7900,45.2,E
sz300850,新强联,2025-10-10 13:39:03,45.21,10600,45.21,U
sz300850,新强联,2025-10-10 13:39:51,45.12,4800,45.12,D
sz300850,新强联,2025-10-10 13:40:21,45.11,7400,45.11,D
sz300850,新强联,2025-10-10 13:40:36,45.1,5000,45.1,D
sz300850,新强联,2025-10-10 13:40:48,45.1,7300,45.09,U
sz300850,新强联,2025-10-10 13:41:39,45.02,10200,45.03,D
sz300850,新强联,2025-10-10 13:41:51,45.03,7700,45.01,U
sz300850,新强联,2025-10-10 13:42:09,45.0,28400,45.0,D
sz300850,新强联,2025-10-10 13:42:12,45.0,31600,45.0,D
sz300850,新强联,2025-10-10 13:42:18,45.0,7300,45.0,D
sz300850,新强联,2025-10-10 13:42:21,45.0,11100,45.0,D
sz300850,新强联,2025-10-10 13:42:48,44.95,4800,44.97,D
sz300850,新强联,2025-10-10 13:43:09,44.9,5100,44.91,D
sz300850,新强联,2025-10-10 13:43:12,44.91,5600,44.9,U
sz300850,新强联,2025-10-10 13:43:15,44.95,12400,44.91,U
sz300850,新强联,2025-10-10 13:43:18,44.93,5100,44.95,D
sz300850,新强联,2025-10-10 13:43:21,44.95,6000,44.93,U
sz300850,新强联,2025-10-10 13:43:27,44.97,27000,44.94,U
sz300850,新强联,2025-10-10 13:43:30,44.99,4800,44.97,U
sz300850,新强联,2025-10-10 13:43:54,45.01,5700,45.01,D
sz300850,新强联,2025-10-10 13:43:57,45.0,6000,45.01,D
sz300850,新强联,2025-10-10 13:44:06,45.0,7100,45.02,D
sz300850,新强联,2025-10-10 13:44:21,45.02,5600,45.01,U
sz300850,新强联,2025-10-10 13:44:57,45.0,6800,45.0,D
sz300850,新强联,2025-10-10 13:45:12,45.03,4800,45.01,U
sz300850,新强联,2025-10-10 13:46:33,45.08,4700,45.08,U
sz300850,新强联,2025-10-10 13:47:09,45.06,6900,45.06,D
sz300850,新强联,2025-10-10 13:47:21,45.06,4600,45.06,U
sz300850,新强联,2025-10-10 13:48:39,45.01,5500,45.03,D
sz300850,新强联,2025-10-10 13:48:45,45.0,21800,45.01,D
sz300850,新强联,2025-10-10 13:48:51,45.0,6100,45.0,D
sz300850,新强联,2025-10-10 13:49:12,45.03,4881,45.01,U
sz300850,新强联,2025-10-10 13:49:15,45.0,7600,45.03,D
sz300850,新强联,2025-10-10 13:50:12,45.01,4800,45.01,D
sz300850,新强联,2025-10-10 13:50:39,45.0,8919,45.0,D
sz300850,新强联,2025-10-10 13:50:48,44.94,15700,44.98,D
sz300850,新强联,2025-10-10 13:51:00,44.98,24881,44.98,E
sz300850,新强联,2025-10-10 13:51:03,45.01,4600,44.98,E
sz300850,新强联,2025-10-10 13:51:06,45.0,20400,45.01,D
sz300850,新强联,2025-10-10 13:51:42,45.05,34160,44.98,U
sz300850,新强联,2025-10-10 13:53:15,45.06,9700,45.06,U
sz300850,新强联,2025-10-10 13:53:18,45.06,11683,45.06,U
sz300850,新强联,2025-10-10 13:54:00,45.12,5000,45.11,U
sz300850,新强联,2025-10-10 13:54:18,45.12,4700,45.12,D
sz300850,新强联,2025-10-10 13:54:42,45.18,9100,45.13,U
sz300850,新强联,2025-10-10 13:55:03,45.2,7000,45.18,U
sz300850,新强联,2025-10-10 13:55:09,45.17,8000,45.21,D
sz300850,新强联,2025-10-10 13:55:27,45.11,5100,45.14,D
sz300850,新强联,2025-10-10 13:56:36,45.13,4500,45.13,U
sz300850,新强联,2025-10-10 13:57:21,45.17,5200,45.17,U
sz300850,新强联,2025-10-10 14:00:42,45.31,4500,45.34,D
sz300850,新强联,2025-10-10 14:00:51,45.31,5400,45.34,D
sz300850,新强联,2025-10-10 14:01:00,45.3,5700,45.31,D
sz300850,新强联,2025-10-10 14:01:03,45.33,9900,45.3,E
sz300850,新强联,2025-10-10 14:01:15,45.29,18100,45.31,D
sz300850,新强联,2025-10-10 14:01:24,45.29,8200,45.29,E
sz300850,新强联,2025-10-10 14:02:06,45.23,6400,45.23,U
sz300850,新强联,2025-10-10 14:02:21,45.26,6700,45.25,U
sz300850,新强联,2025-10-10 14:03:03,45.25,6600,45.23,U
sz300850,新强联,2025-10-10 14:03:36,45.19,6600,45.2,D
sz300850,新强联,2025-10-10 14:04:12,45.18,6900,45.2,D
sz300850,新强联,2025-10-10 14:04:18,45.17,4500,45.18,D
sz300850,新强联,2025-10-10 14:04:51,45.11,5000,45.13,D
sz300850,新强联,2025-10-10 14:05:06,45.12,5100,45.11,U
sz300850,新强联,2025-10-10 14:05:12,45.11,4800,45.12,D
sz300850,新强联,2025-10-10 14:05:27,45.11,6700,45.12,D
sz300850,新强联,2025-10-10 14:05:39,45.1,7100,45.11,D
sz300850,新强联,2025-10-10 14:06:03,45.1,5300,45.1,D
sz300850,新强联,2025-10-10 14:06:21,45.08,6400,45.08,D
sz300850,新强联,2025-10-10 14:06:54,45.07,5300,45.07,D
sz300850,新强联,2025-10-10 14:07:39,45.07,5400,45.07,U
sz300850,新强联,2025-10-10 14:07:48,45.06,4500,45.07,D
sz300850,新强联,2025-10-10 14:08:15,45.03,5000,45.04,D
sz300850,新强联,2025-10-10 14:08:24,45.0,11200,45.03,D
sz300850,新强联,2025-10-10 14:08:39,45.01,5300,45.02,D
sz300850,新强联,2025-10-10 14:09:03,45.02,5200,45.01,U
sz300850,新强联,2025-10-10 14:09:12,45.01,4700,45.0,E
sz300850,新强联,2025-10-10 14:09:24,45.01,12900,45.0,U
sz300850,新强联,2025-10-10 14:09:33,45.0,9500,45.01,D
sz300850,新强联,2025-10-10 14:09:36,45.01,8500,45.0,U
sz300850,新强联,2025-10-10 14:09:51,45.0,12600,45.0,D
sz300850,新强联,2025-10-10 14:09:54,45.0,17500,45.0,D
sz300850,新强联,2025-10-10 14:09:57,44.99,4900,45.0,D
sz300850,新强联,2025-10-10 14:10:39,44.9,15000,44.92,D
sz300850,新强联,2025-10-10 14:10:42,44.9,4800,44.9,D
sz300850,新强联,2025-10-10 14:10:51,44.91,6200,44.9,U
sz300850,新强联,2025-10-10 14:10:54,44.9,19800,44.91,D
sz300850,新强联,2025-10-10 14:11:09,44.9,11500,44.91,D
sz300850,新强联,2025-10-10 14:11:12,44.9,15800,44.9,D
sz300850,新强联,2025-10-10 14:11:15,44.9,10300,44.9,U
sz300850,新强联,2025-10-10 14:11:24,44.9,24400,44.91,D
sz300850,新强联,2025-10-10 14:11:30,44.92,17300,44.9,U
sz300850,新强联,2025-10-10 14:11:36,44.95,7600,44.94,U
sz300850,新强联,2025-10-10 14:13:39,44.95,4900,44.95,D
sz300850,新强联,2025-10-10 14:13:45,44.95,5800,44.95,U
sz300850,新强联,2025-10-10 14:14:24,44.96,4700,44.96,D
sz300850,新强联,2025-10-10 14:14:27,44.95,12500,44.96,D
sz300850,新强联,2025-10-10 14:14:30,44.97,5300,44.95,U
sz300850,新强联,2025-10-10 14:14:33,44.93,11500,44.97,D
sz300850,新强联,2025-10-10 14:14:36,44.96,21600,44.93,U
sz300850,新强联,2025-10-10 14:14:39,44.96,5800,44.96,D
sz300850,新强联,2025-10-10 14:14:45,44.96,6700,44.96,D
sz300850,新强联,2025-10-10 14:14:51,44.96,4700,44.96,D
sz300850,新强联,2025-10-10 14:14:54,44.93,14100,44.96,D
sz300850,新强联,2025-10-10 14:16:00,44.96,5800,44.94,U
sz300850,新强联,2025-10-10 14:16:30,44.99,6100,44.99,U
sz300850,新强联,2025-10-10 14:16:33,44.99,8100,44.99,D
sz300850,新强联,2025-10-10 14:16:54,45.03,13100,45.03,U
sz300850,新强联,2025-10-10 14:17:12,45.05,11700,45.05,D
sz300850,新强联,2025-10-10 14:17:15,45.05,8800,45.05,D
sz300850,新强联,2025-10-10 14:17:54,45.02,8300,45.02,D
sz300850,新强联,2025-10-10 14:18:00,45.05,11999,45.02,U
sz300850,新强联,2025-10-10 14:18:06,45.05,4600,45.05,D
sz300850,新强联,2025-10-10 14:18:12,45.05,7400,45.05,D
sz300850,新强联,2025-10-10 14:18:54,45.02,5900,45.02,D
sz300850,新强联,2025-10-10 14:19:15,45.04,5200,45.03,D
sz300850,新强联,2025-10-10 14:19:18,45.04,5400,45.04,D
sz300850,新强联,2025-10-10 14:19:30,45.05,23000,45.05,U
sz300850,新强联,2025-10-10 14:19:33,45.04,16400,45.05,D
sz300850,新强联,2025-10-10 14:19:36,45.04,4700,45.04,U
sz300850,新强联,2025-10-10 14:19:39,45.09,18400,45.04,U
sz300850,新强联,2025-10-10 14:19:42,45.1,4800,45.09,U
sz300850,新强联,2025-10-10 14:20:09,45.2,10400,45.15,U
sz300850,新强联,2025-10-10 14:20:36,45.2,4800,45.2,D
sz300850,新强联,2025-10-10 14:20:42,45.13,8300,45.19,D
sz300850,新强联,2025-10-10 14:21:15,45.09,6400,45.12,D
sz300850,新强联,2025-10-10 14:21:54,45.14,5600,45.16,D
sz300850,新强联,2025-10-10 14:22:27,45.14,19700,45.16,D
sz300850,新强联,2025-10-10 14:22:30,45.14,6900,45.14,D
sz300850,新强联,2025-10-10 14:22:42,45.12,9600,45.12,D
sz300850,新强联,2025-10-10 14:23:51,45.11,5200,45.13,D
sz300850,新强联,2025-10-10 14:25:00,45.08,7200,45.05,U
sz300850,新强联,2025-10-10 14:25:33,45.09,6500,45.07,U
sz300850,新强联,2025-10-10 14:25:36,45.07,8400,45.09,E
sz300850,新强联,2025-10-10 14:26:24,45.12,11000,45.09,U
sz300850,新强联,2025-10-10 14:27:15,45.07,9800,45.09,D
sz300850,新强联,2025-10-10 14:27:33,45.1,5200,45.09,U
sz300850,新强联,2025-10-10 14:28:06,45.08,5200,45.09,D
sz300850,新强联,2025-10-10 14:28:09,45.08,4600,45.08,D
sz300850,新强联,2025-10-10 14:28:30,45.09,8100,45.07,U
sz300850,新强联,2025-10-10 14:28:33,45.06,14800,45.09,D
sz300850,新强联,2025-10-10 14:28:39,45.11,5300,45.06,U
sz300850,新强联,2025-10-10 14:28:51,45.1,5100,45.05,U
sz300850,新强联,2025-10-10 14:29:06,45.13,5000,45.09,U
sz300850,新强联,2025-10-10 14:29:30,45.1,13400,45.11,D
sz300850,新强联,2025-10-10 14:29:36,45.1,9000,45.1,U
sz300850,新强联,2025-10-10 14:29:45,45.09,6474,45.09,D
sz300850,新强联,2025-10-10 14:29:54,45.09,7400,45.09,D
sz300850,新强联,2025-10-10 14:30:09,45.1,5600,45.09,U
sz300850,新强联,2025-10-10 14:30:27,45.05,14600,45.07,D
sz300850,新强联,2025-10-10 14:30:30,45.03,6500,45.05,D
sz300850,新强联,2025-10-10 14:30:42,45.01,5100,45.01,D
sz300850,新强联,2025-10-10 14:30:48,45.0,24900,45.03,D
sz300850,新强联,2025-10-10 14:30:51,44.99,9300,45.0,D
sz300850,新强联,2025-10-10 14:30:54,44.98,6700,44.99,D
sz300850,新强联,2025-10-10 14:30:57,44.98,4700,44.98,D
sz300850,新强联,2025-10-10 14:31:00,44.96,5800,44.98,D
sz300850,新强联,2025-10-10 14:31:03,44.96,4900,44.96,D
sz300850,新强联,2025-10-10 14:31:09,44.96,5900,44.96,D
sz300850,新强联,2025-10-10 14:31:15,44.96,8300,44.96,D
sz300850,新强联,2025-10-10 14:31:18,44.95,10400,44.96,D
sz300850,新强联,2025-10-10 14:31:27,44.93,4900,44.95,D
sz300850,新强联,2025-10-10 14:31:30,44.92,6500,44.93,D
sz300850,新强联,2025-10-10 14:31:36,44.94,10200,44.95,U
sz300850,新强联,2025-10-10 14:31:51,44.94,12900,44.92,U
sz300850,新强联,2025-10-10 14:31:57,44.95,7700,44.93,U
sz300850,新强联,2025-10-10 14:32:00,44.96,21200,44.95,U
sz300850,新强联,2025-10-10 14:32:03,44.97,11700,44.96,U
sz300850,新强联,2025-10-10 14:32:06,44.98,4600,44.97,U
sz300850,新强联,2025-10-10 14:32:09,45.0,24000,44.98,U
sz300850,新强联,2025-10-10 14:32:12,44.99,11300,45.0,E
sz300850,新强联,2025-10-10 14:32:24,45.03,4500,45.01,U
sz300850,新强联,2025-10-10 14:32:51,45.04,5400,45.04,D
sz300850,新强联,2025-10-10 14:33:03,45.05,5500,45.04,U
sz300850,新强联,2025-10-10 14:33:09,45.05,6300,45.05,D
sz300850,新强联,2025-10-10 14:33:12,45.05,4500,45.05,D
sz300850,新强联,2025-10-10 14:33:54,45.07,13274,45.13,D
sz300850,新强联,2025-10-10 14:34:00,45.07,4500,45.08,D
sz300850,新强联,2025-10-10 14:34:09,45.07,5200,45.08,D
sz300850,新强联,2025-10-10 14:34:33,45.08,7700,45.08,U
sz300850,新强联,2025-10-10 14:34:36,45.13,10726,45.08,U
sz300850,新强联,2025-10-10 14:34:57,45.08,10100,45.09,D
sz300850,新强联,2025-10-10 14:35:06,45.08,6800,45.09,D
sz300850,新强联,2025-10-10 14:35:15,45.1,9600,45.1,U
sz300850,新强联,2025-10-10 14:35:57,45.06,19000,45.09,D
sz300850,新强联,2025-10-10 14:36:00,45.04,15000,45.06,D
sz300850,新强联,2025-10-10 14:36:54,45.05,6500,45.06,D
sz300850,新强联,2025-10-10 14:37:36,45.12,7600,45.07,U
sz300850,新强联,2025-10-10 14:37:45,45.13,14700,45.13,U
sz300850,新强联,2025-10-10 14:37:54,45.12,18300,45.1,U
sz300850,新强联,2025-10-10 14:38:00,45.11,10000,45.13,E
sz300850,新强联,2025-10-10 14:38:06,45.12,7400,45.12,U
sz300850,新强联,2025-10-10 14:38:15,45.1,8300,45.11,D
sz300850,新强联,2025-10-10 14:38:48,45.15,42700,45.12,U
sz300850,新强联,2025-10-10 14:38:51,45.17,7000,45.15,U
sz300850,新强联,2025-10-10 14:39:12,45.13,10400,45.18,D
sz300850,新强联,2025-10-10 14:39:15,45.18,9300,45.13,U
sz300850,新强联,2025-10-10 14:39:18,45.18,5000,45.18,U
sz300850,新强联,2025-10-10 14:39:48,45.13,7900,45.15,D
sz300850,新强联,2025-10-10 14:39:51,45.11,6700,45.13,D
sz300850,新强联,2025-10-10 14:40:00,45.1,5900,45.11,D
sz300850,新强联,2025-10-10 14:40:12,45.1,4700,45.1,U
sz300850,新强联,2025-10-10 14:40:27,45.09,7100,45.1,D
sz300850,新强联,2025-10-10 14:40:33,45.07,4600,45.08,D
sz300850,新强联,2025-10-10 14:40:39,45.08,9200,45.07,U
sz300850,新强联,2025-10-10 14:40:42,45.08,4500,45.08,U
sz300850,新强联,2025-10-10 14:40:48,45.09,16600,45.07,U
sz300850,新强联,2025-10-10 14:40:51,45.08,5600,45.09,D
sz300850,新强联,2025-10-10 14:41:06,45.13,6200,45.12,U
sz300850,新强联,2025-10-10 14:41:09,45.13,13800,45.13,D
sz300850,新强联,2025-10-10 14:41:12,45.16,4600,45.13,U
sz300850,新强联,2025-10-10 14:41:15,45.18,5600,45.16,U
sz300850,新强联,2025-10-10 14:41:45,45.14,6100,45.13,U
sz300850,新强联,2025-10-10 14:41:51,45.18,11500,45.15,U
sz300850,新强联,2025-10-10 14:41:54,45.21,11500,45.18,U
sz300850,新强联,2025-10-10 14:41:57,45.23,10600,45.21,U
sz300850,新强联,2025-10-10 14:42:03,45.25,11000,45.22,U
sz300850,新强联,2025-10-10 14:42:06,45.26,15400,45.25,U
sz300850,新强联,2025-10-10 14:42:09,45.26,24000,45.26,U
sz300850,新强联,2025-10-10 14:42:15,45.28,6300,45.27,U
sz300850,新强联,2025-10-10 14:42:24,45.27,19600,45.28,D
sz300850,新强联,2025-10-10 14:42:27,45.25,40600,45.27,D
sz300850,新强联,2025-10-10 14:42:30,45.24,7300,45.25,D
sz300850,新强联,2025-10-10 14:42:51,45.16,4800,45.19,D
sz300850,新强联,2025-10-10 14:43:06,45.14,4900,45.17,U
sz300850,新强联,2025-10-10 14:43:18,45.11,5100,45.11,U
sz300850,新强联,2025-10-10 14:43:48,45.13,12400,45.1,U
sz300850,新强联,2025-10-10 14:43:51,45.1,6200,45.13,D
sz300850,新强联,2025-10-10 14:43:57,45.07,10000,45.1,D
sz300850,新强联,2025-10-10 14:44:00,45.06,10900,45.07,D
sz300850,新强联,2025-10-10 14:44:06,45.09,5500,45.09,U
sz300850,新强联,2025-10-10 14:44:09,45.05,6800,45.09,D
sz300850,新强联,2025-10-10 14:44:18,45.1,20400,45.08,U
sz300850,新强联,2025-10-10 14:44:42,45.06,41709,45.06,D
sz300850,新强联,2025-10-10 14:44:48,45.01,11800,45.06,E
sz300850,新强联,2025-10-10 14:45:30,45.05,14555,45.05,U
sz300850,新强联,2025-10-10 14:45:39,45.02,5700,45.02,D
sz300850,新强联,2025-10-10 14:46:06,44.99,9700,45.0,D
sz300850,新强联,2025-10-10 14:46:12,45.0,8600,45.0,U
sz300850,新强联,2025-10-10 14:46:15,44.99,6200,45.0,D
sz300850,新强联,2025-10-10 14:46:18,44.98,51000,44.99,D
sz300850,新强联,2025-10-10 14:46:24,44.96,12200,44.96,D
sz300850,新强联,2025-10-10 14:46:27,44.95,5000,44.96,D
sz300850,新强联,2025-10-10 14:46:30,44.98,5100,44.95,U
sz300850,新强联,2025-10-10 14:46:45,44.96,5400,44.97,D
sz300850,新强联,2025-10-10 14:46:48,44.97,17500,44.96,U
sz300850,新强联,2025-10-10 14:46:54,44.97,6100,44.96,U
sz300850,新强联,2025-10-10 14:47:00,44.98,6500,44.96,U
sz300850,新强联,2025-10-10 14:47:03,45.03,37700,44.98,U
sz300850,新强联,2025-10-10 14:47:06,45.09,4500,45.03,U
sz300850,新强联,2025-10-10 14:47:12,45.05,4600,45.06,D
sz300850,新强联,2025-10-10 14:47:36,45.0,5300,45.03,D
sz300850,新强联,2025-10-10 14:47:42,44.99,6592,44.99,D
sz300850,新强联,2025-10-10 14:47:45,44.99,11908,44.99,U
sz300850,新强联,2025-10-10 14:47:51,44.99,6300,45.0,D
sz300850,新强联,2025-10-10 14:48:00,45.02,4800,45.03,E
sz300850,新强联,2025-10-10 14:48:03,45.02,6100,45.02,U
sz300850,新强联,2025-10-10 14:48:24,45.01,15400,45.01,D
sz300850,新强联,2025-10-10 14:48:30,45.01,10600,45.02,D
sz300850,新强联,2025-10-10 14:48:36,45.0,11300,45.01,D
sz300850,新强联,2025-10-10 14:48:42,45.01,7400,45.01,D
sz300850,新强联,2025-10-10 14:48:45,45.01,6500,45.01,D
sz300850,新强联,2025-10-10 14:48:48,45.02,4700,45.01,U
sz300850,新强联,2025-10-10 14:48:51,45.02,7500,45.02,U
sz300850,新强联,2025-10-10 14:49:00,45.0,5000,45.02,D
sz300850,新强联,2025-10-10 14:49:03,44.99,6500,45.0,D
sz300850,新强联,2025-10-10 14:49:06,44.99,5600,44.99,D
sz300850,新强联,2025-10-10 14:49:09,45.0,6300,44.99,U
sz300850,新强联,2025-10-10 14:49:21,44.99,11900,44.99,D
sz300850,新强联,2025-10-10 14:49:30,44.99,7700,44.99,U
sz300850,新强联,2025-10-10 14:49:33,44.99,42900,44.99,U
sz300850,新强联,2025-10-10 14:49:39,44.98,16100,45.0,D
sz300850,新强联,2025-10-10 14:49:48,44.97,8000,44.99,D
sz300850,新强联,2025-10-10 14:49:57,44.99,7100,44.98,U
sz300850,新强联,2025-10-10 14:50:00,45.0,27400,44.99,U
sz300850,新强联,2025-10-10 14:50:03,44.99,11300,45.0,E
sz300850,新强联,2025-10-10 14:50:06,45.0,6300,44.99,U
sz300850,新强联,2025-10-10 14:50:09,45.02,9000,45.0,U
sz300850,新强联,2025-10-10 14:50:12,45.03,11900,45.02,U
sz300850,新强联,2025-10-10 14:50:15,45.06,8700,45.03,U
sz300850,新强联,2025-10-10 14:50:24,45.08,11300,45.06,U
sz300850,新强联,2025-10-10 14:50:30,45.1,6300,45.08,U
sz300850,新强联,2025-10-10 14:50:33,45.08,13900,45.1,D
sz300850,新强联,2025-10-10 14:50:36,45.1,5500,45.08,U
sz300850,新强联,2025-10-10 14:50:39,45.15,39700,45.1,U
sz300850,新强联,2025-10-10 14:50:54,45.09,27200,45.14,D
sz300850,新强联,2025-10-10 14:50:57,45.15,5700,45.09,U
sz300850,新强联,2025-10-10 14:51:03,45.12,9944,45.12,U
sz300850,新强联,2025-10-10 14:51:06,45.13,9700,45.12,U
sz300850,新强联,2025-10-10 14:51:21,45.14,28700,45.14,D
sz300850,新强联,2025-10-10 14:51:30,45.13,6500,45.14,D
sz300850,新强联,2025-10-10 14:51:39,45.12,4700,45.13,D
sz300850,新强联,2025-10-10 14:51:42,45.12,9200,45.12,D
sz300850,新强联,2025-10-10 14:51:45,45.13,10000,45.12,E
sz300850,新强联,2025-10-10 14:51:51,45.13,6400,45.13,D
sz300850,新强联,2025-10-10 14:51:54,45.13,4500,45.13,D
sz300850,新强联,2025-10-10 14:52:21,45.11,13300,45.1,U
sz300850,新强联,2025-10-10 14:52:24,45.1,4800,45.11,D
sz300850,新强联,2025-10-10 14:52:36,45.09,33100,45.12,D
sz300850,新强联,2025-10-10 14:52:48,45.1,6900,45.1,U
sz300850,新强联,2025-10-10 14:52:51,45.1,10300,45.1,D
sz300850,新强联,2025-10-10 14:52:54,45.11,7439,45.1,U
sz300850,新强联,2025-10-10 14:53:03,45.12,4600,45.11,U
sz300850,新强联,2025-10-10 14:53:06,45.12,5700,45.12,U
sz300850,新强联,2025-10-10 14:53:09,45.12,39944,45.12,D
sz300850,新强联,2025-10-10 14:53:18,45.12,9500,45.14,D
sz300850,新强联,2025-10-10 14:53:30,45.14,13000,45.13,U
sz300850,新强联,2025-10-10 14:53:45,45.14,18390,45.13,U
sz300850,新强联,2025-10-10 14:53:48,45.15,13210,45.14,U
sz300850,新强联,2025-10-10 14:53:57,45.15,24100,45.15,U
sz300850,新强联,2025-10-10 14:54:00,45.15,15494,45.15,U
sz300850,新强联,2025-10-10 14:54:03,45.17,5000,45.15,U
sz300850,新强联,2025-10-10 14:54:12,45.17,9900,45.18,D
sz300850,新强联,2025-10-10 14:54:24,45.21,4700,45.21,U
sz300850,新强联,2025-10-10 14:54:30,45.28,5800,45.21,U
sz300850,新强联,2025-10-10 14:54:33,45.3,7800,45.28,U
sz300850,新强联,2025-10-10 14:54:42,45.35,5500,45.35,U
sz300850,新强联,2025-10-10 14:54:48,45.38,5000,45.37,U
sz300850,新强联,2025-10-10 14:54:51,45.39,16400,45.38,U
sz300850,新强联,2025-10-10 14:54:54,45.33,48600,45.39,D
sz300850,新强联,2025-10-10 14:54:57,45.39,7100,45.33,U
sz300850,新强联,2025-10-10 14:55:00,45.39,19600,45.39,D
sz300850,新强联,2025-10-10 14:55:03,45.46,26800,45.39,U
sz300850,新强联,2025-10-10 14:55:06,45.39,5100,45.46,D
sz300850,新强联,2025-10-10 14:55:09,45.39,12500,45.39,D
sz300850,新强联,2025-10-10 14:55:12,45.39,5100,45.39,D
sz300850,新强联,2025-10-10 14:55:18,45.4,7100,45.43,D
sz300850,新强联,2025-10-10 14:55:21,45.43,11500,45.4,U
sz300850,新强联,2025-10-10 14:55:27,45.42,9791,45.43,D
sz300850,新强联,2025-10-10 14:55:30,45.42,5200,45.42,U
sz300850,新强联,2025-10-10 14:55:33,45.4,12500,45.42,D
sz300850,新强联,2025-10-10 14:55:36,45.4,7700,45.4,D
sz300850,新强联,2025-10-10 14:55:39,45.39,9509,45.4,D
sz300850,新强联,2025-10-10 14:55:42,45.38,8900,45.39,D
sz300850,新强联,2025-10-10 14:55:45,45.4,8100,45.38,U
sz300850,新强联,2025-10-10 14:55:54,45.4,4600,45.4,U
sz300850,新强联,2025-10-10 14:56:00,45.38,16500,45.4,D
sz300850,新强联,2025-10-10 14:56:03,45.38,14100,45.38,D
sz300850,新强联,2025-10-10 14:56:06,45.39,8000,45.38,U
sz300850,新强联,2025-10-10 14:56:09,45.38,18900,45.39,D
sz300850,新强联,2025-10-10 14:56:12,45.38,9700,45.38,U
sz300850,新强联,2025-10-10 14:56:15,45.38,17200,45.38,U
sz300850,新强联,2025-10-10 14:56:18,45.38,19600,45.38,D
sz300850,新强联,2025-10-10 14:56:21,45.38,5500,45.38,D
sz300850,新强联,2025-10-10 14:56:24,45.38,9800,45.38,U
sz300850,新强联,2025-10-10 14:56:27,45.38,7000,45.38,U
sz300850,新强联,2025-10-10 14:56:33,45.38,15000,45.38,U
sz300850,新强联,2025-10-10 14:56:42,45.4,6800,45.4,U
sz300850,新强联,2025-10-10 14:56:45,45.41,7500,45.4,U
sz300850,新强联,2025-10-10 14:56:48,45.4,6400,45.41,D
sz300850,新强联,2025-10-10 14:56:51,45.41,8000,45.4,U
sz300850,新强联,2025-10-10 14:56:57,45.42,5800,45.42,U
sz300850,新强联,2025-10-10 14:57:00,45.41,4800,45.42,D
sz300850,新强联,2025-10-10 15:00:00,45.41,259045,45.41,D
