symbol,name,ticktime,price,volume,prev_price,kind
sz300850,新强联,2025-10-20 09:25:00,42.49,94700,0.0,U
sz300850,新强联,2025-10-20 09:30:00,42.49,98000,42.49,U
sz300850,新强联,2025-10-20 09:30:03,42.52,60100,42.49,E
sz300850,新强联,2025-10-20 09:30:06,42.51,23300,42.52,D
sz300850,新强联,2025-10-20 09:30:09,42.47,13000,42.51,D
sz300850,新强联,2025-10-20 09:30:12,42.33,18800,42.47,D
sz300850,新强联,2025-10-20 09:30:15,42.24,15000,42.33,D
sz300850,新强联,2025-10-20 09:30:18,42.14,7800,42.24,D
sz300850,新强联,2025-10-20 09:30:21,42.07,8500,42.14,D
sz300850,新强联,2025-10-20 09:30:24,42.0,42100,42.07,D
sz300850,新强联,2025-10-20 09:30:27,42.0,30000,42.0,D
sz300850,新强联,2025-10-20 09:30:30,41.98,25000,42.0,D
sz300850,新强联,2025-10-20 09:30:33,41.9,23700,41.98,D
sz300850,新强联,2025-10-20 09:30:36,41.89,7900,41.9,E
sz300850,新强联,2025-10-20 09:30:39,41.87,23500,41.89,D
sz300850,新强联,2025-10-20 09:30:42,41.8,18500,41.87,D
sz300850,新强联,2025-10-20 09:30:45,41.6,48000,41.8,D
sz300850,新强联,2025-10-20 09:30:48,41.52,43100,41.6,D
sz300850,新强联,2025-10-20 09:30:51,41.35,12000,41.52,D
sz300850,新强联,2025-10-20 09:30:54,41.5,21100,41.35,U
sz300850,新强联,2025-10-20 09:30:57,41.51,5800,41.5,U
sz300850,新强联,2025-10-20 09:31:00,41.45,54400,41.51,D
sz300850,新强联,2025-10-20 09:31:03,41.45,17200,41.45,D
sz300850,新强联,2025-10-20 09:31:06,41.44,15400,41.45,E
sz300850,新强联,2025-10-20 09:31:09,41.55,119330,41.44,U
sz300850,新强联,2025-10-20 09:31:12,41.54,12300,41.55,E
sz300850,新强联,2025-10-20 09:31:18,41.53,31500,41.47,U
sz300850,新强联,2025-10-20 09:31:21,41.56,26700,41.53,U
sz300850,新强联,2025-10-20 09:31:24,41.64,12100,41.56,E
sz300850,新强联,2025-10-20 09:31:27,41.64,11400,41.64,U
sz300850,新强联,2025-10-20 09:31:30,41.64,18500,41.64,U
sz300850,新强联,2025-10-20 09:31:33,41.65,11800,41.64,U
sz300850,新强联,2025-10-20 09:31:36,41.65,8300,41.65,U
sz300850,新强联,2025-10-20 09:31:45,41.68,65600,41.65,U
sz300850,新强联,2025-10-20 09:31:48,41.69,13700,41.68,U
sz300850,新强联,2025-10-20 09:31:51,41.6,18500,41.69,D
sz300850,新强联,2025-10-20 09:31:54,41.56,8700,41.6,D
sz300850,新强联,2025-10-20 09:31:57,41.61,19000,41.56,U
sz300850,新强联,2025-10-20 09:32:00,41.61,49900,41.61,D
sz300850,新强联,2025-10-20 09:32:03,41.72,27500,41.61,U
sz300850,新强联,2025-10-20 09:32:06,41.76,13500,41.72,U
sz300850,新强联,2025-10-20 09:32:09,41.84,7800,41.76,U
sz300850,新强联,2025-10-20 09:32:12,41.71,12900,41.84,D
sz300850,新强联,2025-10-20 09:32:15,41.72,6100,41.71,E
sz300850,新强联,2025-10-20 09:32:18,41.82,10700,41.72,U
sz300850,新强联,2025-10-20 09:32:24,41.87,45700,41.82,U
sz300850,新强联,2025-10-20 09:32:36,41.86,21900,41.95,D
sz300850,新强联,2025-10-20 09:32:39,41.88,14600,41.86,E
sz300850,新强联,2025-10-20 09:32:51,41.88,6000,41.89,D
sz300850,新强联,2025-10-20 09:32:57,41.9,9900,41.9,D
sz300850,新强联,2025-10-20 09:33:00,41.89,17200,41.9,D
sz300850,新强联,2025-10-20 09:33:03,41.89,13400,41.89,D
sz300850,新强联,2025-10-20 09:33:06,41.92,5800,41.89,U
sz300850,新强联,2025-10-20 09:33:09,41.93,6700,41.92,U
sz300850,新强联,2025-10-20 09:33:15,41.93,27900,41.93,D
sz300850,新强联,2025-10-20 09:33:18,42.0,20700,41.93,U
sz300850,新强联,2025-10-20 09:33:21,41.88,39900,42.0,D
sz300850,新强联,2025-10-20 09:33:24,41.84,15900,41.88,D
sz300850,新强联,2025-10-20 09:33:27,41.85,5100,41.84,U
sz300850,新强联,2025-10-20 09:33:42,41.87,5200,41.87,D
sz300850,新强联,2025-10-20 09:33:45,41.87,4800,41.87,D
sz300850,新强联,2025-10-20 09:33:51,41.91,87800,41.89,U
sz300850,新强联,2025-10-20 09:33:54,41.9,5100,41.91,D
sz300850,新强联,2025-10-20 09:34:12,41.97,4900,41.92,U
sz300850,新强联,2025-10-20 09:34:18,42.0,62200,41.97,U
sz300850,新强联,2025-10-20 09:34:21,41.97,6800,42.0,E
sz300850,新强联,2025-10-20 09:34:27,41.97,11800,41.99,E
sz300850,新强联,2025-10-20 09:34:48,41.99,6600,41.94,U
sz300850,新强联,2025-10-20 09:35:00,42.01,5200,42.0,U
sz300850,新强联,2025-10-20 09:35:06,42.05,6400,42.08,E
sz300850,新强联,2025-10-20 09:35:12,41.89,44200,42.08,D
sz300850,新强联,2025-10-20 09:35:21,41.91,11200,41.84,U
sz300850,新强联,2025-10-20 09:35:24,41.93,10100,41.91,U
sz300850,新强联,2025-10-20 09:35:27,41.97,22400,41.93,U
sz300850,新强联,2025-10-20 09:35:30,42.0,11700,41.97,U
sz300850,新强联,2025-10-20 09:35:33,42.06,12000,42.0,E
sz300850,新强联,2025-10-20 09:35:36,42.09,14400,42.06,U
sz300850,新强联,2025-10-20 09:35:42,42.19,19200,42.14,U
sz300850,新强联,2025-10-20 09:35:45,42.26,8100,42.19,U
sz300850,新强联,2025-10-20 09:35:51,42.29,7900,42.21,U
sz300850,新强联,2025-10-20 09:35:57,42.24,22800,42.28,D
sz300850,新强联,2025-10-20 09:36:09,42.28,22400,42.27,U
sz300850,新强联,2025-10-20 09:36:15,42.25,27000,42.27,D
sz300850,新强联,2025-10-20 09:36:18,42.16,9400,42.25,D
sz300850,新强联,2025-10-20 09:36:21,42.1,7500,42.16,D
sz300850,新强联,2025-10-20 09:36:24,42.16,29900,42.1,U
sz300850,新强联,2025-10-20 09:36:27,42.07,7900,42.16,D
sz300850,新强联,2025-10-20 09:36:36,42.07,13000,42.07,U
sz300850,新强联,2025-10-20 09:36:39,42.07,13300,42.07,U
sz300850,新强联,2025-10-20 09:36:51,42.06,6400,42.08,D
sz300850,新强联,2025-10-20 09:36:54,42.01,13000,42.06,D
sz300850,新强联,2025-10-20 09:36:57,42.02,13800,42.01,U
sz300850,新强联,2025-10-20 09:37:00,42.0,14000,42.02,D
sz300850,新强联,2025-10-20 09:37:03,41.95,6300,42.0,D
sz300850,新强联,2025-10-20 09:37:12,42.08,53900,41.94,U
sz300850,新强联,2025-10-20 09:37:15,42.08,24300,42.08,D
sz300850,新强联,2025-10-20 09:37:18,42.05,8500,42.08,E
sz300850,新强联,2025-10-20 09:37:21,42.11,15000,42.05,U
sz300850,新强联,2025-10-20 09:37:39,42.1,18400,42.1,U
sz300850,新强联,2025-10-20 09:37:42,42.01,12000,42.1,D
sz300850,新强联,2025-10-20 09:37:45,42.04,24300,42.01,E
sz300850,新强联,2025-10-20 09:37:54,42.05,10800,42.02,U
sz300850,新强联,2025-10-20 09:38:00,42.08,86700,42.02,U
sz300850,新强联,2025-10-20 09:38:03,42.08,7600,42.08,U
sz300850,新强联,2025-10-20 09:38:12,42.09,47700,42.06,U
sz300850,新强联,2025-10-20 09:38:15,42.16,9900,42.09,U
sz300850,新强联,2025-10-20 09:38:27,42.14,7400,42.15,U
sz300850,新强联,2025-10-20 09:38:30,42.12,9700,42.14,E
sz300850,新强联,2025-10-20 09:38:33,42.08,18400,42.12,D
sz300850,新强联,2025-10-20 09:38:36,42.12,16200,42.08,U
sz300850,新强联,2025-10-20 09:38:45,42.04,10400,42.13,D
sz300850,新强联,2025-10-20 09:38:48,42.0,28400,42.04,D
sz300850,新强联,2025-10-20 09:38:51,41.96,9600,42.0,D
sz300850,新强联,2025-10-20 09:38:57,41.92,11400,41.96,E
sz300850,新强联,2025-10-20 09:39:03,42.0,13400,42.0,D
sz300850,新强联,2025-10-20 09:39:30,42.07,17800,41.96,U
sz300850,新强联,2025-10-20 09:39:33,42.11,9100,42.07,U
sz300850,新强联,2025-10-20 09:39:48,42.03,10500,42.11,D
sz300850,新强联,2025-10-20 09:40:00,41.98,41800,42.03,D
sz300850,新强联,2025-10-20 09:40:09,41.98,6600,42.0,D
sz300850,新强联,2025-10-20 09:40:12,41.92,7600,41.98,D
sz300850,新强联,2025-10-20 09:40:18,41.94,5000,41.9,U
sz300850,新强联,2025-10-20 09:40:21,41.94,5600,41.94,U
sz300850,新强联,2025-10-20 09:40:24,41.91,12000,41.94,D
sz300850,新强联,2025-10-20 09:40:27,41.92,8900,41.91,E
sz300850,新强联,2025-10-20 09:40:36,41.92,22300,41.92,U
sz300850,新强联,2025-10-20 09:40:39,41.93,20340,41.92,U
sz300850,新强联,2025-10-20 09:40:54,41.92,9500,41.95,D
sz300850,新强联,2025-10-20 09:40:57,41.95,16300,41.92,U
sz300850,新强联,2025-10-20 09:41:00,41.97,18100,41.95,U
sz300850,新强联,2025-10-20 09:41:09,42.1,12200,42.02,U
sz300850,新强联,2025-10-20 09:41:12,42.12,7100,42.1,U
sz300850,新强联,2025-10-20 09:41:18,42.16,10400,42.15,U
sz300850,新强联,2025-10-20 09:41:27,42.16,19000,42.16,U
sz300850,新强联,2025-10-20 09:41:30,42.16,13700,42.16,E
sz300850,新强联,2025-10-20 09:41:42,42.08,7400,42.1,D
sz300850,新强联,2025-10-20 09:41:54,42.09,6300,42.09,U
sz300850,新强联,2025-10-20 09:41:57,42.09,9000,42.09,D
sz300850,新强联,2025-10-20 09:42:03,42.03,8800,42.08,D
sz300850,新强联,2025-10-20 09:42:06,42.06,12300,42.03,U
sz300850,新强联,2025-10-20 09:42:15,42.03,14200,42.04,D
sz300850,新强联,2025-10-20 09:42:30,41.97,6800,42.03,D
sz300850,新强联,2025-10-20 09:42:57,41.84,21260,41.9,D
sz300850,新强联,2025-10-20 09:43:03,41.85,7200,41.87,D
sz300850,新强联,2025-10-20 09:43:18,41.83,6200,41.82,U
sz300850,新强联,2025-10-20 09:43:27,41.84,8900,41.84,U
sz300850,新强联,2025-10-20 09:43:30,41.85,5587,41.84,U
sz300850,新强联,2025-10-20 09:43:42,41.88,6300,41.87,U
sz300850,新强联,2025-10-20 09:43:45,41.89,8300,41.88,U
sz300850,新强联,2025-10-20 09:44:00,41.91,8600,41.9,U
sz300850,新强联,2025-10-20 09:44:09,41.79,10113,41.89,D
sz300850,新强联,2025-10-20 09:44:12,41.79,7200,41.79,D
sz300850,新强联,2025-10-20 09:44:18,41.8,5700,41.79,U
sz300850,新强联,2025-10-20 09:44:21,41.79,8456,41.8,D
sz300850,新强联,2025-10-20 09:44:24,41.79,11700,41.79,U
sz300850,新强联,2025-10-20 09:44:27,41.81,11210,41.79,U
sz300850,新强联,2025-10-20 09:44:30,41.86,6787,41.81,U
sz300850,新强联,2025-10-20 09:44:33,41.88,32300,41.86,U
sz300850,新强联,2025-10-20 09:44:36,41.92,11800,41.88,U
sz300850,新强联,2025-10-20 09:44:39,41.93,10400,41.92,E
sz300850,新强联,2025-10-20 09:44:45,42.0,11300,41.93,U
sz300850,新强联,2025-10-20 09:44:48,42.07,5700,42.0,U
sz300850,新强联,2025-10-20 09:44:54,42.06,9500,42.07,U
sz300850,新强联,2025-10-20 09:44:57,42.12,24300,42.06,U
sz300850,新强联,2025-10-20 09:45:00,42.15,10600,42.12,U
sz300850,新强联,2025-10-20 09:45:03,42.2,5100,42.15,U
sz300850,新强联,2025-10-20 09:45:09,42.2,9300,42.2,U
sz300850,新强联,2025-10-20 09:45:18,42.17,16800,42.2,D
sz300850,新强联,2025-10-20 09:45:21,42.23,18900,42.17,U
sz300850,新强联,2025-10-20 09:45:24,42.24,19200,42.23,E
sz300850,新强联,2025-10-20 09:45:27,42.22,17400,42.24,E
sz300850,新强联,2025-10-20 09:45:33,42.16,5200,42.24,D
sz300850,新强联,2025-10-20 09:45:54,42.16,5500,42.17,D
sz300850,新强联,2025-10-20 09:46:03,42.19,5400,42.17,U
sz300850,新强联,2025-10-20 09:46:06,42.2,29700,42.19,U
sz300850,新强联,2025-10-20 09:46:09,42.23,8700,42.2,U
sz300850,新强联,2025-10-20 09:46:18,42.28,16300,42.22,U
sz300850,新强联,2025-10-20 09:46:30,42.29,21800,42.29,E
sz300850,新强联,2025-10-20 09:46:36,42.29,7400,42.28,D
sz300850,新强联,2025-10-20 09:46:48,42.29,6200,42.26,U
sz300850,新强联,2025-10-20 09:46:54,42.3,6900,42.28,U
sz300850,新强联,2025-10-20 09:47:00,42.32,5800,42.32,D
sz300850,新强联,2025-10-20 09:47:12,42.38,22700,42.34,U
sz300850,新强联,2025-10-20 09:47:21,42.38,14700,42.38,D
sz300850,新强联,2025-10-20 09:47:24,42.38,7500,42.38,E
sz300850,新强联,2025-10-20 09:47:27,42.37,5000,42.38,E
sz300850,新强联,2025-10-20 09:47:39,42.4,5200,42.38,U
sz300850,新强联,2025-10-20 09:47:42,42.38,11400,42.4,D
sz300850,新强联,2025-10-20 09:47:45,42.33,8700,42.38,D
sz300850,新强联,2025-10-20 09:47:51,42.36,44000,42.36,U
sz300850,新强联,2025-10-20 09:47:54,42.33,5500,42.36,D
sz300850,新强联,2025-10-20 09:48:06,42.31,5700,42.34,D
sz300850,新强联,2025-10-20 09:48:12,42.28,5000,42.33,D
sz300850,新强联,2025-10-20 09:48:33,42.37,77400,42.26,U
sz300850,新强联,2025-10-20 09:48:36,42.46,36000,42.37,U
sz300850,新强联,2025-10-20 09:48:39,42.64,50200,42.46,U
sz300850,新强联,2025-10-20 09:49:09,42.54,9400,42.52,U
sz300850,新强联,2025-10-20 09:49:18,42.62,36600,42.55,U
sz300850,新强联,2025-10-20 09:49:21,42.61,7600,42.62,D
sz300850,新强联,2025-10-20 09:49:27,42.67,38500,42.64,U
sz300850,新强联,2025-10-20 09:49:30,42.68,6300,42.67,E
sz300850,新强联,2025-10-20 09:49:33,42.73,14500,42.68,U
sz300850,新强联,2025-10-20 09:49:36,42.67,4900,42.73,E
sz300850,新强联,2025-10-20 09:49:39,42.66,17300,42.67,D
sz300850,新强联,2025-10-20 09:49:42,42.66,5600,42.66,U
sz300850,新强联,2025-10-20 09:49:45,42.66,9100,42.66,E
sz300850,新强联,2025-10-20 09:49:48,42.66,11400,42.66,U
sz300850,新强联,2025-10-20 09:49:51,42.62,7200,42.66,D
sz300850,新强联,2025-10-20 09:49:54,42.61,18800,42.62,D
sz300850,新强联,2025-10-20 09:49:57,42.66,17400,42.61,U
sz300850,新强联,2025-10-20 09:50:00,42.66,10300,42.66,U
sz300850,新强联,2025-10-20 09:50:03,42.66,4800,42.66,D
sz300850,新强联,2025-10-20 09:50:12,42.56,40500,42.66,D
sz300850,新强联,2025-10-20 09:50:15,42.55,15200,42.56,D
sz300850,新强联,2025-10-20 09:50:21,42.58,4800,42.52,U
sz300850,新强联,2025-10-20 09:50:45,42.59,10100,42.58,D
sz300850,新强联,2025-10-20 09:50:51,42.58,5300,42.6,D
sz300850,新强联,2025-10-20 09:51:09,42.56,7200,42.57,D
sz300850,新强联,2025-10-20 09:51:15,42.55,5800,42.56,D
sz300850,新强联,2025-10-20 09:51:30,42.54,8100,42.53,U
sz300850,新强联,2025-10-20 09:51:33,42.55,5268,42.54,U
sz300850,新强联,2025-10-20 09:51:36,42.65,49000,42.55,U
sz300850,新强联,2025-10-20 09:51:39,42.68,26000,42.65,U
sz300850,新强联,2025-10-20 09:51:51,42.7,8800,42.7,D
sz300850,新强联,2025-10-20 09:51:54,42.7,4900,42.7,U
sz300850,新强联,2025-10-20 09:52:00,42.67,6000,42.67,D
sz300850,新强联,2025-10-20 09:52:03,42.69,12600,42.67,U
sz300850,新强联,2025-10-20 09:52:06,42.71,5500,42.69,U
sz300850,新强联,2025-10-20 09:52:09,42.76,54300,42.71,U
sz300850,新强联,2025-10-20 09:52:12,42.79,4800,42.76,U
sz300850,新强联,2025-10-20 09:52:15,42.79,10100,42.79,U
sz300850,新强联,2025-10-20 09:52:21,42.77,12999,42.78,D
sz300850,新强联,2025-10-20 09:52:33,42.75,5300,42.75,U
sz300850,新强联,2025-10-20 09:52:39,42.75,28800,42.74,U
sz300850,新强联,2025-10-20 09:52:45,42.79,5900,42.79,U
sz300850,新强联,2025-10-20 09:52:48,42.82,54700,42.79,U
sz300850,新强联,2025-10-20 09:52:57,42.76,26600,42.78,D
sz300850,新强联,2025-10-20 09:53:03,42.75,12900,42.79,D
sz300850,新强联,2025-10-20 09:53:06,42.74,26500,42.75,D
sz300850,新强联,2025-10-20 09:53:09,42.69,13600,42.74,D
sz300850,新强联,2025-10-20 09:53:21,42.71,5800,42.71,U
sz300850,新强联,2025-10-20 09:53:39,42.69,11700,42.7,U
sz300850,新强联,2025-10-20 09:53:51,42.7,7200,42.7,U
sz300850,新强联,2025-10-20 09:54:00,42.75,7800,42.72,U
sz300850,新强联,2025-10-20 09:54:03,42.72,6300,42.75,D
sz300850,新强联,2025-10-20 09:54:09,42.73,5500,42.72,U
sz300850,新强联,2025-10-20 09:54:33,42.76,5600,42.75,U
sz300850,新强联,2025-10-20 09:54:36,42.77,8100,42.76,U
sz300850,新强联,2025-10-20 09:54:51,42.8,7100,42.8,U
sz300850,新强联,2025-10-20 09:54:54,42.8,13500,42.8,U
sz300850,新强联,2025-10-20 09:54:57,42.82,16300,42.8,U
sz300850,新强联,2025-10-20 09:55:00,42.83,10100,42.82,U
sz300850,新强联,2025-10-20 09:55:03,42.86,10100,42.83,U
sz300850,新强联,2025-10-20 09:55:09,42.9,75000,42.86,U
sz300850,新强联,2025-10-20 09:55:12,42.91,8800,42.9,E
sz300850,新强联,2025-10-20 09:55:15,42.94,37800,42.91,U
sz300850,新强联,2025-10-20 09:55:18,42.91,61400,42.94,D
sz300850,新强联,2025-10-20 09:55:21,42.82,52900,42.91,D
sz300850,新强联,2025-10-20 09:55:24,42.85,10200,42.82,E
sz300850,新强联,2025-10-20 09:55:27,42.89,12600,42.85,U
sz300850,新强联,2025-10-20 09:55:33,42.89,7500,42.88,U
sz300850,新强联,2025-10-20 09:55:36,42.87,6100,42.89,E
sz300850,新强联,2025-10-20 09:55:45,42.88,42500,42.88,D
sz300850,新强联,2025-10-20 09:55:48,42.87,12600,42.88,U
sz300850,新强联,2025-10-20 09:55:51,42.86,4800,42.87,E
sz300850,新强联,2025-10-20 09:56:00,42.82,8000,42.82,D
sz300850,新强联,2025-10-20 09:56:03,42.84,10800,42.82,U
sz300850,新强联,2025-10-20 09:56:09,42.85,8200,42.84,U
sz300850,新强联,2025-10-20 09:56:12,42.87,5100,42.85,U
sz300850,新强联,2025-10-20 09:56:33,42.87,9600,42.86,E
sz300850,新强联,2025-10-20 09:56:39,42.9,18200,42.86,U
sz300850,新强联,2025-10-20 09:56:45,42.9,4900,42.9,U
sz300850,新强联,2025-10-20 09:56:54,42.92,11100,42.93,D
sz300850,新强联,2025-10-20 09:56:57,42.85,44900,42.92,D
sz300850,新强联,2025-10-20 09:57:00,42.83,18000,42.85,D
sz300850,新强联,2025-10-20 09:57:09,42.94,7500,42.85,U
sz300850,新强联,2025-10-20 09:57:12,42.86,5000,42.94,D
sz300850,新强联,2025-10-20 09:57:15,42.88,7900,42.86,U
sz300850,新强联,2025-10-20 09:57:42,42.84,6100,42.85,D
sz300850,新强联,2025-10-20 09:57:51,42.84,7500,42.84,U
sz300850,新强联,2025-10-20 09:57:57,42.86,8400,42.83,U
sz300850,新强联,2025-10-20 09:58:18,42.89,13800,42.88,U
sz300850,新强联,2025-10-20 09:58:24,42.89,5200,42.89,U
sz300850,新强联,2025-10-20 09:58:27,42.84,16700,42.89,D
sz300850,新强联,2025-10-20 09:58:30,42.85,11500,42.84,U
sz300850,新强联,2025-10-20 09:58:33,42.85,11100,42.85,U
sz300850,新强联,2025-10-20 09:58:48,42.86,6000,42.86,D
sz300850,新强联,2025-10-20 09:59:03,42.84,5200,42.84,U
sz300850,新强联,2025-10-20 09:59:09,42.83,13100,42.84,D
sz300850,新强联,2025-10-20 09:59:24,42.8,9100,42.8,D
sz300850,新强联,2025-10-20 09:59:33,42.76,19700,42.74,U
sz300850,新强联,2025-10-20 09:59:36,42.75,12500,42.76,D
sz300850,新强联,2025-10-20 09:59:39,42.8,6100,42.75,U
sz300850,新强联,2025-10-20 09:59:42,42.8,10000,42.8,E
sz300850,新强联,2025-10-20 09:59:45,42.83,7300,42.8,U
sz300850,新强联,2025-10-20 09:59:51,42.82,6300,42.83,D
sz300850,新强联,2025-10-20 10:00:03,42.86,20800,42.83,U
sz300850,新强联,2025-10-20 10:00:12,42.86,11800,42.84,U
sz300850,新强联,2025-10-20 10:00:18,42.9,5000,42.88,U
sz300850,新强联,2025-10-20 10:00:24,42.9,7800,42.9,U
sz300850,新强联,2025-10-20 10:00:33,42.92,14600,42.94,E
sz300850,新强联,2025-10-20 10:00:39,42.89,8500,42.89,U
sz300850,新强联,2025-10-20 10:00:42,42.89,7100,42.89,E
sz300850,新强联,2025-10-20 10:01:00,42.87,13900,42.91,D
sz300850,新强联,2025-10-20 10:01:03,42.88,19800,42.87,E
sz300850,新强联,2025-10-20 10:01:06,42.87,10200,42.88,D
sz300850,新强联,2025-10-20 10:01:21,42.89,25500,42.88,U
sz300850,新强联,2025-10-20 10:02:06,42.89,5200,42.9,D
sz300850,新强联,2025-10-20 10:02:12,42.89,26645,42.9,D
sz300850,新强联,2025-10-20 10:02:15,42.95,6100,42.89,U
sz300850,新强联,2025-10-20 10:02:18,42.98,34500,42.95,U
sz300850,新强联,2025-10-20 10:02:21,43.05,61500,42.98,U
sz300850,新强联,2025-10-20 10:02:33,43.08,9700,43.06,U
sz300850,新强联,2025-10-20 10:02:39,43.09,13100,43.1,D
sz300850,新强联,2025-10-20 10:02:45,43.1,11600,43.08,U
sz300850,新强联,2025-10-20 10:02:51,43.15,12600,43.12,U
sz300850,新强联,2025-10-20 10:02:57,43.13,20200,43.17,D
sz300850,新强联,2025-10-20 10:03:00,43.1,51200,43.13,D
sz300850,新强联,2025-10-20 10:03:03,43.13,7900,43.1,E
sz300850,新强联,2025-10-20 10:03:06,43.1,20700,43.13,D
sz300850,新强联,2025-10-20 10:03:09,43.13,6000,43.1,D
sz300850,新强联,2025-10-20 10:03:15,43.15,9000,43.17,U
sz300850,新强联,2025-10-20 10:03:21,43.19,13500,43.17,U
sz300850,新强联,2025-10-20 10:03:27,43.19,16200,43.18,U
sz300850,新强联,2025-10-20 10:03:33,43.23,16600,43.19,U
sz300850,新强联,2025-10-20 10:03:36,43.18,21600,43.23,D
sz300850,新强联,2025-10-20 10:03:39,43.16,11400,43.18,D
sz300850,新强联,2025-10-20 10:03:42,43.16,11500,43.16,E
sz300850,新强联,2025-10-20 10:03:45,43.17,6800,43.16,U
sz300850,新强联,2025-10-20 10:03:48,43.15,4700,43.17,U
sz300850,新强联,2025-10-20 10:03:51,43.13,5900,43.15,D
sz300850,新强联,2025-10-20 10:03:57,43.16,6100,43.13,U
sz300850,新强联,2025-10-20 10:04:09,43.16,8800,43.16,U
sz300850,新强联,2025-10-20 10:04:27,43.13,5500,43.14,D
sz300850,新强联,2025-10-20 10:05:00,43.22,44600,43.12,U
sz300850,新强联,2025-10-20 10:05:03,43.23,7200,43.22,U
sz300850,新强联,2025-10-20 10:05:06,43.25,7500,43.23,U
sz300850,新强联,2025-10-20 10:05:12,43.26,5800,43.23,E
sz300850,新强联,2025-10-20 10:05:24,43.27,25000,43.27,U
sz300850,新强联,2025-10-20 10:05:27,43.29,10200,43.27,U
sz300850,新强联,2025-10-20 10:05:36,43.23,4900,43.22,U
sz300850,新强联,2025-10-20 10:05:39,43.23,11100,43.23,D
sz300850,新强联,2025-10-20 10:05:57,43.24,12100,43.25,D
sz300850,新强联,2025-10-20 10:06:00,43.25,13900,43.24,E
sz300850,新强联,2025-10-20 10:06:03,43.25,5700,43.25,U
sz300850,新强联,2025-10-20 10:06:15,43.23,14300,43.23,D
sz300850,新强联,2025-10-20 10:06:21,43.25,10000,43.23,U
sz300850,新强联,2025-10-20 10:06:27,43.2,7500,43.22,D
sz300850,新强联,2025-10-20 10:06:30,43.18,7300,43.2,E
sz300850,新强联,2025-10-20 10:06:45,43.2,6500,43.21,U
sz300850,新强联,2025-10-20 10:07:00,43.12,6300,43.15,D
sz300850,新强联,2025-10-20 10:07:51,43.08,5100,43.1,D
sz300850,新强联,2025-10-20 10:07:54,43.07,10600,43.08,D
sz300850,新强联,2025-10-20 10:08:03,43.06,19200,43.03,U
sz300850,新强联,2025-10-20 10:08:06,43.05,6200,43.06,E
sz300850,新强联,2025-10-20 10:08:09,43.04,6000,43.05,D
sz300850,新强联,2025-10-20 10:08:30,43.08,9100,43.02,U
sz300850,新强联,2025-10-20 10:08:33,43.09,10166,43.08,U
sz300850,新强联,2025-10-20 10:08:36,43.01,10100,43.09,D
sz300850,新强联,2025-10-20 10:09:12,43.05,7900,43.05,D
sz300850,新强联,2025-10-20 10:09:30,43.01,7700,43.01,U
sz300850,新强联,2025-10-20 10:09:33,43.01,5700,43.01,D
sz300850,新强联,2025-10-20 10:09:36,43.0,47500,43.01,D
sz300850,新强联,2025-10-20 10:09:39,43.0,10600,43.0,D
sz300850,新强联,2025-10-20 10:09:42,43.01,5800,43.0,U
sz300850,新强联,2025-10-20 10:09:45,42.98,6700,43.01,E
sz300850,新强联,2025-10-20 10:10:00,43.04,11200,42.99,U
sz300850,新强联,2025-10-20 10:10:15,42.91,9100,42.97,D
sz300850,新强联,2025-10-20 10:10:18,42.87,20100,42.91,D
sz300850,新强联,2025-10-20 10:10:24,42.82,14800,42.91,D
sz300850,新强联,2025-10-20 10:10:33,42.86,10700,42.9,D
sz300850,新强联,2025-10-20 10:10:51,42.85,6800,42.85,U
sz300850,新强联,2025-10-20 10:10:54,42.88,7700,42.85,U
sz300850,新强联,2025-10-20 10:11:24,42.89,15700,42.89,U
sz300850,新强联,2025-10-20 10:11:57,42.82,12800,42.83,D
sz300850,新强联,2025-10-20 10:12:00,42.79,13900,42.82,D
sz300850,新强联,2025-10-20 10:12:06,42.83,9000,42.81,U
sz300850,新强联,2025-10-20 10:12:15,42.77,7600,42.8,D
sz300850,新强联,2025-10-20 10:12:30,42.85,4900,42.81,U
sz300850,新强联,2025-10-20 10:12:42,42.83,5800,42.83,U
sz300850,新强联,2025-10-20 10:12:51,42.86,6600,42.82,U
sz300850,新强联,2025-10-20 10:13:24,42.77,9400,42.78,D
sz300850,新强联,2025-10-20 10:13:48,42.74,8900,42.75,D
sz300850,新强联,2025-10-20 10:14:03,42.72,5500,42.69,U
sz300850,新强联,2025-10-20 10:14:39,42.76,10300,42.73,U
sz300850,新强联,2025-10-20 10:14:45,42.77,6100,42.77,D
sz300850,新强联,2025-10-20 10:15:45,42.76,21200,42.75,E
sz300850,新强联,2025-10-20 10:15:51,42.76,5800,42.76,U
sz300850,新强联,2025-10-20 10:16:15,42.74,7900,42.77,D
sz300850,新强联,2025-10-20 10:16:30,42.71,4800,42.71,D
sz300850,新强联,2025-10-20 10:16:33,42.72,9200,42.71,E
sz300850,新强联,2025-10-20 10:17:48,42.77,9600,42.78,U
sz300850,新强联,2025-10-20 10:17:57,42.75,4900,42.78,D
sz300850,新强联,2025-10-20 10:18:15,42.83,25050,42.78,U
sz300850,新强联,2025-10-20 10:18:18,42.86,6200,42.83,U
sz300850,新强联,2025-10-20 10:18:21,42.88,6000,42.86,U
sz300850,新强联,2025-10-20 10:19:30,42.71,9500,42.79,D
sz300850,新强联,2025-10-20 10:20:54,42.88,8300,42.88,U
sz300850,新强联,2025-10-20 10:21:54,42.93,5000,42.91,U
sz300850,新强联,2025-10-20 10:22:39,42.88,5700,42.88,D
sz300850,新强联,2025-10-20 10:22:48,42.86,5300,42.85,E
sz300850,新强联,2025-10-20 10:23:45,42.77,5200,42.8,D
sz300850,新强联,2025-10-20 10:23:48,42.81,6200,42.77,U
sz300850,新强联,2025-10-20 10:24:15,42.75,6100,42.77,D
sz300850,新强联,2025-10-20 10:24:18,42.73,5700,42.75,D
sz300850,新强联,2025-10-20 10:24:27,42.73,26900,42.72,E
sz300850,新强联,2025-10-20 10:24:30,42.74,4700,42.73,E
sz300850,新强联,2025-10-20 10:25:06,42.77,5800,42.75,U
sz300850,新强联,2025-10-20 10:26:12,42.72,12400,42.75,D
sz300850,新强联,2025-10-20 10:26:36,42.75,7300,42.73,U
sz300850,新强联,2025-10-20 10:27:33,42.75,10000,42.85,D
sz300850,新强联,2025-10-20 10:27:51,42.76,6800,42.74,U
sz300850,新强联,2025-10-20 10:28:48,42.79,8100,42.78,U
sz300850,新强联,2025-10-20 10:28:54,42.79,8800,42.76,U
sz300850,新强联,2025-10-20 10:29:39,42.84,15800,42.87,D
sz300850,新强联,2025-10-20 10:29:51,42.83,12600,42.87,E
sz300850,新强联,2025-10-20 10:30:06,42.77,6600,42.82,D
sz300850,新强联,2025-10-20 10:30:09,42.84,5900,42.77,U
sz300850,新强联,2025-10-20 10:31:24,42.81,36200,42.77,U
sz300850,新强联,2025-10-20 10:31:27,42.87,13200,42.81,U
sz300850,新强联,2025-10-20 10:32:03,42.77,7200,42.78,D
sz300850,新强联,2025-10-20 10:32:06,42.77,12600,42.77,D
sz300850,新强联,2025-10-20 10:32:09,42.83,5000,42.77,U
sz300850,新强联,2025-10-20 10:32:15,42.85,5500,42.82,U
sz300850,新强联,2025-10-20 10:32:54,42.88,5500,42.87,U
sz300850,新强联,2025-10-20 10:33:39,42.83,5700,42.83,U
sz300850,新强联,2025-10-20 10:33:48,42.79,9300,42.79,D
sz300850,新强联,2025-10-20 10:33:51,42.75,30800,42.79,D
sz300850,新强联,2025-10-20 10:34:33,42.73,5000,42.72,U
sz300850,新强联,2025-10-20 10:35:15,42.8,13700,42.74,U
sz300850,新强联,2025-10-20 10:35:45,42.79,5300,42.77,U
sz300850,新强联,2025-10-20 10:36:39,42.84,5700,42.81,U
sz300850,新强联,2025-10-20 10:37:18,42.82,10300,42.85,D
sz300850,新强联,2025-10-20 10:37:39,42.77,7800,42.8,D
sz300850,新强联,2025-10-20 10:38:06,42.78,17400,42.77,U
sz300850,新强联,2025-10-20 10:40:06,42.74,9400,42.76,D
sz300850,新强联,2025-10-20 10:40:21,42.74,9200,42.74,U
sz300850,新强联,2025-10-20 10:40:33,42.76,6900,42.74,U
sz300850,新强联,2025-10-20 10:41:03,42.79,6600,42.79,U
sz300850,新强联,2025-10-20 10:41:54,42.78,6000,42.78,U
sz300850,新强联,2025-10-20 10:41:57,42.79,8900,42.78,U
sz300850,新强联,2025-10-20 10:42:12,42.8,5900,42.8,U
sz300850,新强联,2025-10-20 10:43:42,42.87,8600,42.84,U
sz300850,新强联,2025-10-20 10:43:54,42.81,6000,42.84,D
sz300850,新强联,2025-10-20 10:44:03,42.8,9200,42.82,D
sz300850,新强联,2025-10-20 10:44:06,42.82,5500,42.8,U
sz300850,新强联,2025-10-20 10:44:21,42.82,4800,42.8,U
sz300850,新强联,2025-10-20 10:44:36,42.76,8400,42.78,D
sz300850,新强联,2025-10-20 10:45:54,42.82,4700,42.79,U
sz300850,新强联,2025-10-20 10:47:00,42.84,8100,42.79,U
sz300850,新强联,2025-10-20 10:47:39,42.8,6200,42.81,D
sz300850,新强联,2025-10-20 10:48:06,42.77,6400,42.78,D
sz300850,新强联,2025-10-20 10:48:09,42.78,6600,42.77,U
sz300850,新强联,2025-10-20 10:48:15,42.75,6000,42.76,D
sz300850,新强联,2025-10-20 10:48:18,42.75,11200,42.75,D
sz300850,新强联,2025-10-20 10:48:24,42.74,10700,42.74,D
sz300850,新强联,2025-10-20 10:49:54,42.71,5700,42.71,D
sz300850,新强联,2025-10-20 10:50:00,42.7,10800,42.7,D
sz300850,新强联,2025-10-20 10:50:06,42.69,25800,42.7,D
sz300850,新强联,2025-10-20 10:51:03,42.63,9200,42.62,U
sz300850,新强联,2025-10-20 10:51:24,42.66,5700,42.66,D
sz300850,新强联,2025-10-20 10:51:42,42.66,14800,42.65,U
sz300850,新强联,2025-10-20 10:52:57,42.61,14300,42.63,D
sz300850,新强联,2025-10-20 10:53:00,42.64,10000,42.61,U
sz300850,新强联,2025-10-20 10:53:03,42.66,13200,42.64,U
sz300850,新强联,2025-10-20 10:53:06,42.66,12500,42.66,D
sz300850,新强联,2025-10-20 10:54:21,42.67,6606,42.7,U
sz300850,新强联,2025-10-20 10:54:24,42.7,19700,42.67,U
sz300850,新强联,2025-10-20 10:54:30,42.74,6400,42.7,U
sz300850,新强联,2025-10-20 10:55:42,42.68,41100,42.65,U
sz300850,新强联,2025-10-20 10:55:45,42.76,5600,42.68,U
sz300850,新强联,2025-10-20 10:55:48,42.89,37300,42.76,U
sz300850,新强联,2025-10-20 10:55:54,42.9,7400,42.89,U
sz300850,新强联,2025-10-20 10:56:15,42.88,5500,42.88,D
sz300850,新强联,2025-10-20 10:56:18,42.9,5300,42.88,U
sz300850,新强联,2025-10-20 10:56:24,42.96,7200,42.9,U
sz300850,新强联,2025-10-20 10:56:27,43.0,20100,42.96,U
sz300850,新强联,2025-10-20 10:56:30,43.0,5000,43.0,U
sz300850,新强联,2025-10-20 10:56:36,43.0,13000,42.97,U
sz300850,新强联,2025-10-20 10:56:42,42.97,8200,42.95,U
sz300850,新强联,2025-10-20 10:56:45,42.99,7600,42.97,U
sz300850,新强联,2025-10-20 10:56:48,42.99,10200,42.99,U
sz300850,新强联,2025-10-20 10:56:51,43.01,5900,42.99,U
sz300850,新强联,2025-10-20 10:56:54,43.01,7400,43.01,D
sz300850,新强联,2025-10-20 10:56:57,43.04,6800,43.01,U
sz300850,新强联,2025-10-20 10:57:03,43.1,10700,43.04,U
sz300850,新强联,2025-10-20 10:57:06,43.1,6500,43.1,U
sz300850,新强联,2025-10-20 10:57:18,43.11,10000,43.11,D
sz300850,新强联,2025-10-20 10:57:21,43.13,11100,43.11,U
sz300850,新强联,2025-10-20 10:57:24,43.11,7400,43.13,E
sz300850,新强联,2025-10-20 10:57:48,43.05,9400,43.01,U
sz300850,新强联,2025-10-20 10:58:00,43.07,11400,42.99,U
sz300850,新强联,2025-10-20 10:58:03,43.07,5200,43.07,U
sz300850,新强联,2025-10-20 10:58:06,43.05,4900,43.07,E
sz300850,新强联,2025-10-20 10:58:09,43.0,12100,43.05,D
sz300850,新强联,2025-10-20 10:58:12,43.0,6500,43.0,D
sz300850,新强联,2025-10-20 10:58:30,42.99,6300,42.99,D
sz300850,新强联,2025-10-20 10:58:36,43.08,18500,42.99,U
sz300850,新强联,2025-10-20 10:58:39,43.0,21500,43.08,D
sz300850,新强联,2025-10-20 10:59:15,43.03,7100,43.05,D
sz300850,新强联,2025-10-20 10:59:30,43.04,9800,43.04,E
sz300850,新强联,2025-10-20 10:59:33,43.03,7900,43.04,D
sz300850,新强联,2025-10-20 10:59:39,43.02,6100,43.04,D
sz300850,新强联,2025-10-20 10:59:42,43.02,13600,43.02,E
sz300850,新强联,2025-10-20 11:01:06,42.85,6300,42.85,D
sz300850,新强联,2025-10-20 11:01:15,42.86,11900,42.84,U
sz300850,新强联,2025-10-20 11:01:24,42.91,18000,42.86,U
sz300850,新强联,2025-10-20 11:01:27,42.91,10900,42.91,U
sz300850,新强联,2025-10-20 11:03:03,42.83,10500,42.79,U
sz300850,新强联,2025-10-20 11:03:06,42.85,4700,42.83,U
sz300850,新强联,2025-10-20 11:03:24,42.87,5000,42.87,D
sz300850,新强联,2025-10-20 11:04:21,42.9,6700,42.88,U
sz300850,新强联,2025-10-20 11:04:51,42.87,7900,42.87,U
sz300850,新强联,2025-10-20 11:05:12,42.84,6800,42.86,D
sz300850,新强联,2025-10-20 11:05:21,42.8,12200,42.84,D
sz300850,新强联,2025-10-20 11:05:27,42.83,6400,42.82,U
sz300850,新强联,2025-10-20 11:06:45,42.8,8500,42.75,U
sz300850,新强联,2025-10-20 11:07:09,42.91,4800,42.86,U
sz300850,新强联,2025-10-20 11:07:18,42.95,8400,42.91,U
sz300850,新强联,2025-10-20 11:08:12,42.83,5900,42.82,U
sz300850,新强联,2025-10-20 11:08:21,42.81,5200,42.83,D
sz300850,新强联,2025-10-20 11:08:36,42.82,5300,42.81,U
sz300850,新强联,2025-10-20 11:08:54,42.84,37700,42.75,U
sz300850,新强联,2025-10-20 11:08:57,42.9,9300,42.84,U
sz300850,新强联,2025-10-20 11:09:09,42.9,20300,42.86,U
sz300850,新强联,2025-10-20 11:09:18,42.88,8200,42.93,D
sz300850,新强联,2025-10-20 11:09:36,42.81,11700,42.87,D
sz300850,新强联,2025-10-20 11:10:12,42.83,6200,42.83,U
sz300850,新强联,2025-10-20 11:10:18,42.84,5500,42.83,D
sz300850,新强联,2025-10-20 11:10:27,42.86,6100,42.84,E
sz300850,新强联,2025-10-20 11:11:51,42.88,8500,42.89,D
sz300850,新强联,2025-10-20 11:12:03,42.83,7100,42.86,D
sz300850,新强联,2025-10-20 11:12:27,42.86,6700,42.86,D
sz300850,新强联,2025-10-20 11:13:03,42.85,10000,42.85,D
sz300850,新强联,2025-10-20 11:13:06,42.85,11700,42.85,D
sz300850,新强联,2025-10-20 11:13:09,42.94,17500,42.85,U
sz300850,新强联,2025-10-20 11:13:12,42.95,7900,42.94,U
sz300850,新强联,2025-10-20 11:13:57,42.87,7100,42.88,D
sz300850,新强联,2025-10-20 11:15:51,42.8,21600,42.8,D
sz300850,新强联,2025-10-20 11:16:33,42.87,6800,42.85,U
sz300850,新强联,2025-10-20 11:17:15,42.82,5000,42.78,U
sz300850,新强联,2025-10-20 11:17:24,42.9,27700,42.76,U
sz300850,新强联,2025-10-20 11:18:54,42.96,4700,42.88,U
sz300850,新强联,2025-10-20 11:19:12,42.96,7200,42.94,U
sz300850,新强联,2025-10-20 11:19:21,43.0,10800,42.98,U
sz300850,新强联,2025-10-20 11:21:03,42.99,7400,42.96,U
sz300850,新强联,2025-10-20 11:21:06,43.0,7000,42.99,U
sz300850,新强联,2025-10-20 11:21:42,42.95,5100,42.93,U
sz300850,新强联,2025-10-20 11:22:33,42.9,6700,42.89,U
sz300850,新强联,2025-10-20 11:23:12,43.02,11100,42.95,U
sz300850,新强联,2025-10-20 11:23:21,42.99,9100,43.02,D
sz300850,新强联,2025-10-20 11:23:33,42.97,6700,42.97,E
sz300850,新强联,2025-10-20 11:25:15,42.89,5100,42.89,D
sz300850,新强联,2025-10-20 11:26:03,42.77,6700,42.8,D
sz300850,新强联,2025-10-20 11:26:12,42.76,21500,42.78,D
sz300850,新强联,2025-10-20 11:26:15,42.78,6900,42.76,U
sz300850,新强联,2025-10-20 11:27:54,42.8,4900,42.81,D
sz300850,新强联,2025-10-20 11:28:06,42.82,8900,42.78,U
sz300850,新强联,2025-10-20 13:00:00,42.84,16400,42.79,U
sz300850,新强联,2025-10-20 13:00:03,42.81,9200,42.84,U
sz300850,新强联,2025-10-20 13:00:06,42.82,54700,42.81,U
sz300850,新强联,2025-10-20 13:00:09,43.1,46700,42.82,U
sz300850,新强联,2025-10-20 13:00:12,43.04,7100,43.1,D
sz300850,新强联,2025-10-20 13:00:42,42.88,12800,42.92,E
sz300850,新强联,2025-10-20 13:01:30,42.81,8200,42.76,U
sz300850,新强联,2025-10-20 13:01:33,42.88,9700,42.81,U
sz300850,新强联,2025-10-20 13:01:48,42.95,15900,42.95,E
sz300850,新强联,2025-10-20 13:01:57,42.93,5900,42.87,U
sz300850,新强联,2025-10-20 13:03:06,42.88,6500,42.82,U
sz300850,新强联,2025-10-20 13:03:12,42.91,6900,42.9,U
sz300850,新强联,2025-10-20 13:03:33,42.92,6300,42.84,U
sz300850,新强联,2025-10-20 13:03:36,42.9,5500,42.92,E
sz300850,新强联,2025-10-20 13:03:39,42.94,10900,42.9,U
sz300850,新强联,2025-10-20 13:04:33,42.93,6100,42.9,U
sz300850,新强联,2025-10-20 13:04:36,43.0,14300,42.93,U
sz300850,新强联,2025-10-20 13:06:12,42.73,30500,42.78,D
sz300850,新强联,2025-10-20 13:06:27,42.74,5200,42.73,U
sz300850,新强联,2025-10-20 13:06:30,42.72,5600,42.74,D
sz300850,新强联,2025-10-20 13:06:33,42.7,20200,42.72,D
sz300850,新强联,2025-10-20 13:06:36,42.7,8000,42.7,D
sz300850,新强联,2025-10-20 13:06:42,42.66,6500,42.68,D
sz300850,新强联,2025-10-20 13:07:00,42.62,23100,42.65,D
sz300850,新强联,2025-10-20 13:08:15,42.61,23500,42.63,D
sz300850,新强联,2025-10-20 13:08:18,42.6,9900,42.61,D
sz300850,新强联,2025-10-20 13:08:33,42.55,33200,42.57,D
sz300850,新强联,2025-10-20 13:09:15,42.52,9600,42.53,D
sz300850,新强联,2025-10-20 13:09:21,42.51,12500,42.53,D
sz300850,新强联,2025-10-20 13:09:24,42.5,11200,42.51,D
sz300850,新强联,2025-10-20 13:09:36,42.49,18400,42.5,D
sz300850,新强联,2025-10-20 13:09:39,42.48,6700,42.49,D
sz300850,新强联,2025-10-20 13:09:45,42.54,85100,42.47,U
sz300850,新强联,2025-10-20 13:10:27,42.56,5300,42.55,U
sz300850,新强联,2025-10-20 13:10:45,42.55,6700,42.55,U
sz300850,新强联,2025-10-20 13:11:06,42.51,7300,42.5,E
sz300850,新强联,2025-10-20 13:11:18,42.52,5400,42.51,U
sz300850,新强联,2025-10-20 13:11:36,42.49,26300,42.5,D
sz300850,新强联,2025-10-20 13:12:24,42.49,7400,42.49,D
sz300850,新强联,2025-10-20 13:12:33,42.48,10400,42.48,U
sz300850,新强联,2025-10-20 13:12:39,42.48,10700,42.48,U
sz300850,新强联,2025-10-20 13:12:51,42.48,13000,42.47,U
sz300850,新强联,2025-10-20 13:13:09,42.48,5600,42.5,D
sz300850,新强联,2025-10-20 13:13:24,42.42,42100,42.48,D
sz300850,新强联,2025-10-20 13:13:33,42.41,12800,42.41,D
sz300850,新强联,2025-10-20 13:13:48,42.42,9100,42.42,D
sz300850,新强联,2025-10-20 13:13:51,42.41,10100,42.42,D
sz300850,新强联,2025-10-20 13:14:03,42.41,10000,42.43,D
sz300850,新强联,2025-10-20 13:14:12,42.49,5600,42.42,U
sz300850,新强联,2025-10-20 13:14:36,42.45,14600,42.43,E
sz300850,新强联,2025-10-20 13:14:39,42.45,7400,42.45,U
sz300850,新强联,2025-10-20 13:14:45,42.4,6600,42.41,D
sz300850,新强联,2025-10-20 13:14:51,42.41,6900,42.41,D
sz300850,新强联,2025-10-20 13:14:57,42.4,5300,42.4,D
sz300850,新强联,2025-10-20 13:15:00,42.39,12300,42.4,D
sz300850,新强联,2025-10-20 13:15:12,42.45,8800,42.4,U
sz300850,新强联,2025-10-20 13:15:15,42.48,10400,42.45,U
sz300850,新强联,2025-10-20 13:15:51,42.44,5000,42.45,D
sz300850,新强联,2025-10-20 13:16:03,42.45,5500,42.45,D
sz300850,新强联,2025-10-20 13:16:33,42.49,10000,42.45,U
sz300850,新强联,2025-10-20 13:18:06,42.45,16200,42.44,U
sz300850,新强联,2025-10-20 13:18:21,42.4,5900,42.41,D
sz300850,新强联,2025-10-20 13:18:27,42.45,11800,42.4,U
sz300850,新强联,2025-10-20 13:18:30,42.43,10100,42.45,D
sz300850,新强联,2025-10-20 13:18:48,42.4,11800,42.41,D
sz300850,新强联,2025-10-20 13:18:57,42.4,5700,42.39,U
sz300850,新强联,2025-10-20 13:19:00,42.39,13200,42.4,D
sz300850,新强联,2025-10-20 13:20:45,42.48,5100,42.44,U
sz300850,新强联,2025-10-20 13:21:21,42.55,16900,42.5,U
sz300850,新强联,2025-10-20 13:23:06,42.5,12900,42.51,D
sz300850,新强联,2025-10-20 13:23:09,42.48,5000,42.5,D
sz300850,新强联,2025-10-20 13:26:06,42.5,8300,42.5,U
sz300850,新强联,2025-10-20 13:30:51,42.41,16700,42.42,D
sz300850,新强联,2025-10-20 13:31:03,42.39,13600,42.4,D
sz300850,新强联,2025-10-20 13:31:54,42.35,5800,42.38,D
sz300850,新强联,2025-10-20 13:32:00,42.35,6600,42.34,U
sz300850,新强联,2025-10-20 13:34:18,42.33,7800,42.31,U
sz300850,新强联,2025-10-20 13:34:21,42.33,9200,42.33,D
sz300850,新强联,2025-10-20 13:34:39,42.3,9400,42.31,D
sz300850,新强联,2025-10-20 13:34:54,42.32,11500,42.3,U
sz300850,新强联,2025-10-20 13:34:57,42.35,9300,42.32,U
sz300850,新强联,2025-10-20 13:35:18,42.37,6000,42.39,D
sz300850,新强联,2025-10-20 13:37:00,42.4,5400,42.39,U
sz300850,新强联,2025-10-20 13:37:03,42.46,19000,42.4,U
sz300850,新强联,2025-10-20 13:37:39,42.51,7900,42.5,U
sz300850,新强联,2025-10-20 13:38:03,42.53,9800,42.49,U
sz300850,新强联,2025-10-20 13:38:30,42.5,8200,42.52,D
sz300850,新强联,2025-10-20 13:39:00,42.49,18200,42.5,D
sz300850,新强联,2025-10-20 13:39:03,42.49,5600,42.49,D
sz300850,新强联,2025-10-20 13:39:30,42.49,6000,42.48,U
sz300850,新强联,2025-10-20 13:39:48,42.48,5600,42.48,D
sz300850,新强联,2025-10-20 13:43:27,42.45,6300,42.47,D
sz300850,新强联,2025-10-20 13:44:00,42.36,5000,42.38,D
sz300850,新强联,2025-10-20 13:45:54,42.39,10800,42.39,U
sz300850,新强联,2025-10-20 13:48:12,42.44,5000,42.47,D
sz300850,新强联,2025-10-20 13:50:21,42.4,5000,42.41,D
sz300850,新强联,2025-10-20 13:51:00,42.39,8500,42.38,U
sz300850,新强联,2025-10-20 13:54:06,42.56,8400,42.49,U
sz300850,新强联,2025-10-20 13:54:12,42.53,10800,42.57,D
sz300850,新强联,2025-10-20 13:54:15,42.55,6400,42.53,U
sz300850,新强联,2025-10-20 13:54:45,42.6,5000,42.58,U
sz300850,新强联,2025-10-20 13:54:54,42.58,12600,42.57,U
sz300850,新强联,2025-10-20 13:55:00,42.59,8400,42.58,U
sz300850,新强联,2025-10-20 13:55:09,42.53,5100,42.53,U
sz300850,新强联,2025-10-20 13:55:33,42.61,13500,42.55,U
sz300850,新强联,2025-10-20 13:55:36,42.61,12600,42.61,E
sz300850,新强联,2025-10-20 13:55:45,42.63,5400,42.6,U
sz300850,新强联,2025-10-20 13:57:54,42.65,4800,42.63,U
sz300850,新强联,2025-10-20 13:57:57,42.66,5100,42.65,U
sz300850,新强联,2025-10-20 13:58:00,42.67,8400,42.66,U
sz300850,新强联,2025-10-20 13:58:03,42.66,5000,42.67,D
sz300850,新强联,2025-10-20 13:58:51,42.7,4800,42.69,U
sz300850,新强联,2025-10-20 13:59:03,42.73,21800,42.71,U
sz300850,新强联,2025-10-20 13:59:18,42.75,10800,42.75,U
sz300850,新强联,2025-10-20 13:59:21,42.72,4700,42.75,D
sz300850,新强联,2025-10-20 13:59:33,42.68,7200,42.68,D
sz300850,新强联,2025-10-20 13:59:36,42.68,5000,42.68,D
sz300850,新强联,2025-10-20 13:59:54,42.72,8500,42.67,U
sz300850,新强联,2025-10-20 14:00:06,42.67,29200,42.69,D
sz300850,新强联,2025-10-20 14:01:42,42.56,7300,42.56,D
sz300850,新强联,2025-10-20 14:01:57,42.58,13100,42.54,U
sz300850,新强联,2025-10-20 14:03:21,42.64,19200,42.62,U
sz300850,新强联,2025-10-20 14:03:30,42.64,6700,42.64,D
sz300850,新强联,2025-10-20 14:03:42,42.59,5500,42.61,D
sz300850,新强联,2025-10-20 14:04:09,42.59,5300,42.55,U
sz300850,新强联,2025-10-20 14:04:42,42.64,13200,42.58,U
sz300850,新强联,2025-10-20 14:04:45,42.64,7200,42.64,U
sz300850,新强联,2025-10-20 14:05:45,42.7,13000,42.65,U
sz300850,新强联,2025-10-20 14:05:51,42.7,7800,42.7,D
sz300850,新强联,2025-10-20 14:08:03,42.56,6400,42.56,D
sz300850,新强联,2025-10-20 14:08:39,42.54,14500,42.52,U
sz300850,新强联,2025-10-20 14:08:51,42.53,8000,42.51,E
sz300850,新强联,2025-10-20 14:09:51,42.47,12200,42.48,D
sz300850,新强联,2025-10-20 14:12:51,42.44,25600,42.43,U
sz300850,新强联,2025-10-20 14:13:57,42.44,7700,42.45,D
sz300850,新强联,2025-10-20 14:15:15,42.45,15800,42.44,U
sz300850,新强联,2025-10-20 14:15:39,42.43,9700,42.43,D
sz300850,新强联,2025-10-20 14:15:42,42.42,15100,42.43,D
sz300850,新强联,2025-10-20 14:16:33,42.41,8300,42.39,U
sz300850,新强联,2025-10-20 14:18:18,42.35,33700,42.36,D
sz300850,新强联,2025-10-20 14:18:42,42.38,7400,42.36,U
sz300850,新强联,2025-10-20 14:18:57,42.42,6000,42.38,U
sz300850,新强联,2025-10-20 14:19:09,42.41,5300,42.37,U
sz300850,新强联,2025-10-20 14:19:36,42.42,5700,42.4,U
sz300850,新强联,2025-10-20 14:19:54,42.42,15100,42.41,U
sz300850,新强联,2025-10-20 14:20:21,42.42,9500,42.38,U
sz300850,新强联,2025-10-20 14:20:24,42.38,7700,42.42,D
sz300850,新强联,2025-10-20 14:20:39,42.5,68800,42.43,U
sz300850,新强联,2025-10-20 14:21:15,42.58,5000,42.57,U
sz300850,新强联,2025-10-20 14:21:21,42.63,7800,42.6,U
sz300850,新强联,2025-10-20 14:21:51,42.56,18000,42.58,D
sz300850,新强联,2025-10-20 14:21:54,42.58,5600,42.56,U
sz300850,新强联,2025-10-20 14:22:06,42.64,12900,42.56,U
sz300850,新强联,2025-10-20 14:22:09,42.58,6200,42.64,D
sz300850,新强联,2025-10-20 14:24:18,42.59,6300,42.59,U
sz300850,新强联,2025-10-20 14:24:27,42.65,56200,42.6,U
sz300850,新强联,2025-10-20 14:24:36,42.78,27500,42.68,U
sz300850,新强联,2025-10-20 14:24:42,42.82,6000,42.81,U
sz300850,新强联,2025-10-20 14:24:45,42.85,23700,42.82,U
sz300850,新强联,2025-10-20 14:24:48,42.85,6200,42.85,D
sz300850,新强联,2025-10-20 14:24:51,42.91,12400,42.85,U
sz300850,新强联,2025-10-20 14:24:57,42.88,5600,42.9,D
sz300850,新强联,2025-10-20 14:25:09,42.97,19300,42.87,U
sz300850,新强联,2025-10-20 14:25:12,42.98,52800,42.97,D
sz300850,新强联,2025-10-20 14:25:15,42.92,32900,42.98,D
sz300850,新强联,2025-10-20 14:25:18,42.82,5300,42.92,D
sz300850,新强联,2025-10-20 14:25:21,42.96,93700,42.82,U
sz300850,新强联,2025-10-20 14:25:24,42.94,87900,42.96,D
sz300850,新强联,2025-10-20 14:25:27,42.92,5700,42.94,D
sz300850,新强联,2025-10-20 14:25:33,42.91,10600,42.91,U
sz300850,新强联,2025-10-20 14:26:12,42.8,7100,42.83,D
sz300850,新强联,2025-10-20 14:27:03,42.79,5700,42.77,U
sz300850,新强联,2025-10-20 14:27:06,42.8,6800,42.79,U
sz300850,新强联,2025-10-20 14:27:15,42.81,5100,42.81,U
sz300850,新强联,2025-10-20 14:27:30,42.81,5300,42.8,U
sz300850,新强联,2025-10-20 14:27:33,42.81,6900,42.81,U
sz300850,新强联,2025-10-20 14:27:36,42.83,7000,42.81,U
sz300850,新强联,2025-10-20 14:28:03,42.8,6200,42.8,D
sz300850,新强联,2025-10-20 14:28:06,42.81,5400,42.8,U
sz300850,新强联,2025-10-20 14:28:12,42.77,7100,42.78,D
sz300850,新强联,2025-10-20 14:28:45,42.77,5000,42.77,U
sz300850,新强联,2025-10-20 14:28:51,42.77,6600,42.77,D
sz300850,新强联,2025-10-20 14:29:03,42.75,5400,42.73,U
sz300850,新强联,2025-10-20 14:29:48,42.78,8700,42.75,U
sz300850,新强联,2025-10-20 14:30:09,42.76,12100,42.76,U
sz300850,新强联,2025-10-20 14:30:36,42.81,5900,42.79,U
sz300850,新强联,2025-10-20 14:30:51,42.77,8400,42.79,D
sz300850,新强联,2025-10-20 14:30:54,42.75,9100,42.77,D
sz300850,新强联,2025-10-20 14:31:18,42.7,6100,42.71,D
sz300850,新强联,2025-10-20 14:31:54,42.71,7200,42.69,U
sz300850,新强联,2025-10-20 14:32:27,42.66,8140,42.67,D
sz300850,新强联,2025-10-20 14:33:03,42.68,12700,42.7,D
sz300850,新强联,2025-10-20 14:33:15,42.67,5200,42.67,D
sz300850,新强联,2025-10-20 14:33:33,42.67,9000,42.67,D
sz300850,新强联,2025-10-20 14:33:54,42.67,8700,42.65,U
sz300850,新强联,2025-10-20 14:36:33,42.7,8300,42.67,U
sz300850,新强联,2025-10-20 14:36:36,42.7,6800,42.7,D
sz300850,新强联,2025-10-20 14:37:12,42.64,7200,42.66,D
sz300850,新强联,2025-10-20 14:37:27,42.66,5900,42.63,U
sz300850,新强联,2025-10-20 14:37:45,42.68,7600,42.67,U
sz300850,新强联,2025-10-20 14:38:15,42.68,13000,42.71,D
sz300850,新强联,2025-10-20 14:38:36,42.69,5800,42.68,U
sz300850,新强联,2025-10-20 14:38:42,42.7,4800,42.71,E
sz300850,新强联,2025-10-20 14:39:00,42.73,10900,42.73,U
sz300850,新强联,2025-10-20 14:39:09,42.75,10500,42.69,U
sz300850,新强联,2025-10-20 14:39:54,42.77,7200,42.75,U
sz300850,新强联,2025-10-20 14:40:03,42.78,8800,42.8,E
sz300850,新强联,2025-10-20 14:40:21,42.8,7900,42.82,D
sz300850,新强联,2025-10-20 14:41:15,42.84,13500,42.82,U
sz300850,新强联,2025-10-20 14:41:18,42.85,7100,42.84,U
sz300850,新强联,2025-10-20 14:41:21,42.85,7800,42.85,U
sz300850,新强联,2025-10-20 14:42:03,42.88,31000,42.83,U
sz300850,新强联,2025-10-20 14:42:06,42.9,4800,42.88,U
sz300850,新强联,2025-10-20 14:42:09,42.96,22700,42.9,U
sz300850,新强联,2025-10-20 14:42:18,42.93,4700,42.95,E
sz300850,新强联,2025-10-20 14:42:21,42.97,5300,42.93,U
sz300850,新强联,2025-10-20 14:42:24,42.97,6100,42.97,U
sz300850,新强联,2025-10-20 14:42:30,42.95,10300,42.96,U
sz300850,新强联,2025-10-20 14:42:42,42.99,29600,42.96,U
sz300850,新强联,2025-10-20 14:42:48,42.98,5900,42.98,D
sz300850,新强联,2025-10-20 14:42:51,42.98,7900,42.98,D
sz300850,新强联,2025-10-20 14:42:54,43.0,30500,42.98,U
sz300850,新强联,2025-10-20 14:43:06,43.0,17300,43.01,D
sz300850,新强联,2025-10-20 14:43:12,43.01,6900,43.0,U
sz300850,新强联,2025-10-20 14:43:30,43.02,6800,43.02,D
sz300850,新强联,2025-10-20 14:43:42,43.03,9300,43.02,U
sz300850,新强联,2025-10-20 14:43:48,43.03,5800,43.03,U
sz300850,新强联,2025-10-20 14:43:51,43.01,7900,43.03,D
sz300850,新强联,2025-10-20 14:43:57,43.05,5600,43.03,U
sz300850,新强联,2025-10-20 14:44:00,43.05,9400,43.05,U
sz300850,新强联,2025-10-20 14:44:06,43.06,72000,43.04,U
sz300850,新强联,2025-10-20 14:44:09,43.11,20900,43.06,U
sz300850,新强联,2025-10-20 14:44:12,43.16,15400,43.11,U
sz300850,新强联,2025-10-20 14:44:15,43.18,5700,43.16,U
sz300850,新强联,2025-10-20 14:44:21,43.18,24000,43.18,U
sz300850,新强联,2025-10-20 14:44:24,43.16,10200,43.18,D
sz300850,新强联,2025-10-20 14:44:27,43.16,15400,43.16,D
sz300850,新强联,2025-10-20 14:44:36,43.14,12300,43.14,U
sz300850,新强联,2025-10-20 14:44:39,43.2,59400,43.14,U
sz300850,新强联,2025-10-20 14:44:42,43.2,7800,43.2,D
sz300850,新强联,2025-10-20 14:44:45,43.2,9800,43.2,U
sz300850,新强联,2025-10-20 14:44:51,43.19,11400,43.19,U
sz300850,新强联,2025-10-20 14:45:00,43.18,22000,43.19,D
sz300850,新强联,2025-10-20 14:45:03,43.19,14400,43.18,U
sz300850,新强联,2025-10-20 14:45:09,43.22,13700,43.15,U
sz300850,新强联,2025-10-20 14:45:15,43.21,16500,43.16,U
sz300850,新强联,2025-10-20 14:45:21,43.19,7900,43.2,D
sz300850,新强联,2025-10-20 14:45:24,43.2,6400,43.19,U
sz300850,新强联,2025-10-20 14:45:27,43.22,19400,43.2,U
sz300850,新强联,2025-10-20 14:45:30,43.27,48700,43.22,U
sz300850,新强联,2025-10-20 14:45:33,43.28,29600,43.27,U
sz300850,新强联,2025-10-20 14:45:36,43.28,21900,43.28,D
sz300850,新强联,2025-10-20 14:45:39,43.26,51800,43.28,E
sz300850,新强联,2025-10-20 14:45:42,43.26,18100,43.26,U
sz300850,新强联,2025-10-20 14:45:45,43.3,9200,43.26,U
sz300850,新强联,2025-10-20 14:45:48,43.33,8000,43.3,U
sz300850,新强联,2025-10-20 14:45:51,43.34,7900,43.33,U
sz300850,新强联,2025-10-20 14:45:54,43.34,11500,43.34,U
sz300850,新强联,2025-10-20 14:45:57,43.37,28300,43.34,U
sz300850,新强联,2025-10-20 14:46:00,43.34,29100,43.37,D
sz300850,新强联,2025-10-20 14:46:06,43.35,17000,43.36,U
sz300850,新强联,2025-10-20 14:46:18,43.28,7000,43.29,D
sz300850,新强联,2025-10-20 14:46:21,43.26,5300,43.28,D
sz300850,新强联,2025-10-20 14:46:24,43.31,26700,43.26,U
sz300850,新强联,2025-10-20 14:46:27,43.29,8300,43.31,E
sz300850,新强联,2025-10-20 14:46:33,43.29,7000,43.29,D
sz300850,新强联,2025-10-20 14:46:36,43.3,5300,43.29,D
sz300850,新强联,2025-10-20 14:46:39,43.29,5700,43.3,D
sz300850,新强联,2025-10-20 14:46:42,43.28,7900,43.29,D
sz300850,新强联,2025-10-20 14:46:48,43.3,9400,43.3,D
sz300850,新强联,2025-10-20 14:46:51,43.3,10800,43.3,U
sz300850,新强联,2025-10-20 14:46:54,43.35,27500,43.3,U
sz300850,新强联,2025-10-20 14:47:00,43.34,20200,43.35,E
sz300850,新强联,2025-10-20 14:47:03,43.34,4800,43.34,D
sz300850,新强联,2025-10-20 14:47:06,43.36,29000,43.34,U
sz300850,新强联,2025-10-20 14:47:09,43.35,5600,43.36,D
sz300850,新强联,2025-10-20 14:47:15,43.34,6700,43.35,U
sz300850,新强联,2025-10-20 14:47:24,43.3,6900,43.34,D
sz300850,新强联,2025-10-20 14:47:33,43.33,11500,43.3,E
sz300850,新强联,2025-10-20 14:47:36,43.33,9200,43.33,D
sz300850,新强联,2025-10-20 14:47:39,43.33,9500,43.33,U
sz300850,新强联,2025-10-20 14:47:42,43.33,17900,43.33,D
sz300850,新强联,2025-10-20 14:47:45,43.35,21700,43.33,U
sz300850,新强联,2025-10-20 14:47:48,43.35,9600,43.35,E
sz300850,新强联,2025-10-20 14:47:51,43.39,19100,43.35,U
sz300850,新强联,2025-10-20 14:47:54,43.39,10600,43.39,U
sz300850,新强联,2025-10-20 14:47:57,43.4,9600,43.39,U
sz300850,新强联,2025-10-20 14:48:00,43.43,21100,43.4,U
sz300850,新强联,2025-10-20 14:48:09,43.39,12800,43.4,D
sz300850,新强联,2025-10-20 14:48:12,43.4,8500,43.39,U
sz300850,新强联,2025-10-20 14:48:15,43.4,8100,43.4,U
sz300850,新强联,2025-10-20 14:48:18,43.4,19800,43.4,D
sz300850,新强联,2025-10-20 14:48:30,43.33,5500,43.33,D
sz300850,新强联,2025-10-20 14:48:36,43.39,5700,43.36,U
sz300850,新强联,2025-10-20 14:48:39,43.4,12600,43.39,U
sz300850,新强联,2025-10-20 14:48:45,43.33,5300,43.38,D
sz300850,新强联,2025-10-20 14:48:54,43.4,8000,43.34,U
sz300850,新强联,2025-10-20 14:49:00,43.42,14100,43.41,U
sz300850,新强联,2025-10-20 14:49:03,43.42,7100,43.42,U
sz300850,新强联,2025-10-20 14:49:06,43.41,7600,43.42,E
sz300850,新强联,2025-10-20 14:49:12,43.42,14400,43.42,D
sz300850,新强联,2025-10-20 14:49:18,43.41,4800,43.42,D
sz300850,新强联,2025-10-20 14:49:21,43.4,7900,43.41,D
sz300850,新强联,2025-10-20 14:49:30,43.39,6300,43.4,U
sz300850,新强联,2025-10-20 14:49:36,43.37,8100,43.39,E
sz300850,新强联,2025-10-20 14:49:45,43.39,16900,43.39,D
sz300850,新强联,2025-10-20 14:49:48,43.39,8200,43.39,D
sz300850,新强联,2025-10-20 14:49:54,43.39,14900,43.39,D
sz300850,新强联,2025-10-20 14:49:57,43.41,10200,43.39,U
sz300850,新强联,2025-10-20 14:50:03,43.36,6200,43.4,D
sz300850,新强联,2025-10-20 14:50:12,43.36,13593,43.34,U
sz300850,新强联,2025-10-20 14:50:15,43.33,5000,43.36,D
sz300850,新强联,2025-10-20 14:50:18,43.27,64907,43.33,D
sz300850,新强联,2025-10-20 14:50:21,43.26,16600,43.27,D
sz300850,新强联,2025-10-20 14:50:27,43.24,5000,43.22,E
sz300850,新强联,2025-10-20 14:50:30,43.26,13300,43.24,U
sz300850,新强联,2025-10-20 14:50:33,43.26,5400,43.26,U
sz300850,新强联,2025-10-20 14:50:39,43.26,24600,43.25,U
sz300850,新强联,2025-10-20 14:50:42,43.27,8800,43.26,U
sz300850,新强联,2025-10-20 14:50:45,43.28,7600,43.27,U
sz300850,新强联,2025-10-20 14:50:48,43.28,5300,43.28,U
sz300850,新强联,2025-10-20 14:50:51,43.29,16300,43.28,U
sz300850,新强联,2025-10-20 14:50:54,43.27,5500,43.29,D
sz300850,新强联,2025-10-20 14:51:00,43.3,15500,43.29,U
sz300850,新强联,2025-10-20 14:51:09,43.28,8400,43.27,U
sz300850,新强联,2025-10-20 14:51:12,43.26,5700,43.28,D
sz300850,新强联,2025-10-20 14:51:21,43.26,9500,43.25,U
sz300850,新强联,2025-10-20 14:51:27,43.26,4700,43.26,U
sz300850,新强联,2025-10-20 14:51:30,43.27,4900,43.26,U
sz300850,新强联,2025-10-20 14:51:36,43.28,6500,43.26,U
sz300850,新强联,2025-10-20 14:51:39,43.27,7900,43.28,D
sz300850,新强联,2025-10-20 14:51:45,43.26,5600,43.27,E
sz300850,新强联,2025-10-20 14:51:54,43.27,6500,43.27,U
sz300850,新强联,2025-10-20 14:52:03,43.28,7700,43.27,U
sz300850,新强联,2025-10-20 14:52:09,43.28,7500,43.29,D
sz300850,新强联,2025-10-20 14:52:15,43.28,12300,43.3,D
sz300850,新强联,2025-10-20 14:52:24,43.29,5100,43.29,D
sz300850,新强联,2025-10-20 14:52:30,43.3,4900,43.29,U
sz300850,新强联,2025-10-20 14:52:39,43.29,5400,43.29,D
sz300850,新强联,2025-10-20 14:52:48,43.3,5800,43.3,U
sz300850,新强联,2025-10-20 14:52:51,43.27,46000,43.3,D
sz300850,新强联,2025-10-20 14:52:54,43.26,18500,43.27,D
sz300850,新强联,2025-10-20 14:52:57,43.26,29900,43.26,U
sz300850,新强联,2025-10-20 14:53:03,43.24,10200,43.25,U
sz300850,新强联,2025-10-20 14:53:18,43.24,4800,43.23,D
sz300850,新强联,2025-10-20 14:53:39,43.23,11500,43.23,D
sz300850,新强联,2025-10-20 14:53:45,43.25,6100,43.23,U
sz300850,新强联,2025-10-20 14:53:48,43.27,7500,43.25,U
sz300850,新强联,2025-10-20 14:53:57,43.23,16700,43.24,D
sz300850,新强联,2025-10-20 14:54:03,43.22,15700,43.22,U
sz300850,新强联,2025-10-20 14:54:06,43.22,6800,43.22,U
sz300850,新强联,2025-10-20 14:54:09,43.21,13100,43.22,E
sz300850,新强联,2025-10-20 14:54:12,43.2,29200,43.21,D
sz300850,新强联,2025-10-20 14:54:15,43.18,19000,43.2,D
sz300850,新强联,2025-10-20 14:54:21,43.2,9700,43.2,D
sz300850,新强联,2025-10-20 14:54:36,43.25,10930,43.21,U
sz300850,新强联,2025-10-20 14:54:45,43.28,7100,43.27,U
sz300850,新强联,2025-10-20 14:54:48,43.28,9700,43.28,D
sz300850,新强联,2025-10-20 14:54:51,43.29,5100,43.28,D
sz300850,新强联,2025-10-20 14:54:54,43.28,24200,43.29,D
sz300850,新强联,2025-10-20 14:55:00,43.27,11300,43.32,D
sz300850,新强联,2025-10-20 14:55:06,43.29,5000,43.27,U
sz300850,新强联,2025-10-20 14:55:12,43.33,5200,43.3,U
sz300850,新强联,2025-10-20 14:55:18,43.3,19200,43.33,D
sz300850,新强联,2025-10-20 14:55:21,43.33,49700,43.3,U
sz300850,新强联,2025-10-20 14:55:24,43.3,13000,43.33,E
sz300850,新强联,2025-10-20 14:55:27,43.24,8100,43.3,D
sz300850,新强联,2025-10-20 14:55:30,43.28,5600,43.24,U
sz300850,新强联,2025-10-20 14:55:33,43.24,6500,43.28,D
sz300850,新强联,2025-10-20 14:55:36,43.24,5500,43.24,D
sz300850,新强联,2025-10-20 14:55:39,43.25,6500,43.24,E
sz300850,新强联,2025-10-20 14:55:42,43.26,15500,43.25,U
sz300850,新强联,2025-10-20 14:55:48,43.28,4700,43.26,U
sz300850,新强联,2025-10-20 14:55:57,43.28,5400,43.26,E
sz300850,新强联,2025-10-20 14:56:00,43.33,4900,43.28,U
sz300850,新强联,2025-10-20 14:56:12,43.29,4800,43.29,E
sz300850,新强联,2025-10-20 14:56:18,43.3,21400,43.28,U
sz300850,新强联,2025-10-20 14:56:21,43.28,6300,43.3,U
sz300850,新强联,2025-10-20 14:56:27,43.3,17082,43.3,D
sz300850,新强联,2025-10-20 14:56:33,43.28,6200,43.28,D
sz300850,新强联,2025-10-20 14:56:36,43.24,12000,43.28,D
sz300850,新强联,2025-10-20 14:56:39,43.24,7700,43.24,D
sz300850,新强联,2025-10-20 14:56:42,43.24,5300,43.24,D
sz300850,新强联,2025-10-20 14:56:51,43.28,5700,43.24,U
sz300850,新强联,2025-10-20 15:00:00,43.35,308500,43.26,U
