symbol,name,ticktime,price,volume,prev_price,kind
sz300850,新强联,2025-10-13 09:25:00,42.47,353400,0.0,U
sz300850,新强联,2025-10-13 09:30:00,42.55,304400,42.47,U
sz300850,新强联,2025-10-13 09:30:03,43.0,197700,42.55,U
sz300850,新强联,2025-10-13 09:30:06,42.98,123800,43.0,E
sz300850,新强联,2025-10-13 09:30:09,43.22,43400,42.98,U
sz300850,新强联,2025-10-13 09:30:12,43.37,54900,43.22,U
sz300850,新强联,2025-10-13 09:30:15,43.48,24800,43.37,U
sz300850,新强联,2025-10-13 09:30:18,43.5,32500,43.48,U
sz300850,新强联,2025-10-13 09:30:21,43.64,18700,43.5,U
sz300850,新强联,2025-10-13 09:30:24,43.68,23100,43.64,U
sz300850,新强联,2025-10-13 09:30:27,43.73,27700,43.68,U
sz300850,新强联,2025-10-13 09:30:30,43.79,22100,43.73,U
sz300850,新强联,2025-10-13 09:30:33,43.81,23800,43.79,U
sz300850,新强联,2025-10-13 09:30:36,43.97,28500,43.81,U
sz300850,新强联,2025-10-13 09:30:39,44.05,115800,43.97,U
sz300850,新强联,2025-10-13 09:30:42,44.08,36100,44.05,U
sz300850,新强联,2025-10-13 09:30:45,44.11,41000,44.08,U
sz300850,新强联,2025-10-13 09:30:48,44.2,22700,44.11,U
sz300850,新强联,2025-10-13 09:30:51,44.34,8600,44.2,E
sz300850,新强联,2025-10-13 09:30:54,44.34,29300,44.34,U
sz300850,新强联,2025-10-13 09:30:57,44.3,37400,44.34,D
sz300850,新强联,2025-10-13 09:31:00,44.3,53900,44.3,U
sz300850,新强联,2025-10-13 09:31:03,44.36,34556,44.3,U
sz300850,新强联,2025-10-13 09:31:06,44.36,34300,44.36,D
sz300850,新强联,2025-10-13 09:31:09,44.34,51200,44.36,E
sz300850,新强联,2025-10-13 09:31:12,44.25,28444,44.34,D
sz300850,新强联,2025-10-13 09:31:15,44.2,35200,44.25,D
sz300850,新强联,2025-10-13 09:31:18,44.17,83900,44.2,E
sz300850,新强联,2025-10-13 09:31:21,44.2,98200,44.17,U
sz300850,新强联,2025-10-13 09:31:24,44.09,36600,44.2,D
sz300850,新强联,2025-10-13 09:31:27,44.01,58800,44.09,E
sz300850,新强联,2025-10-13 09:31:30,44.1,47600,44.01,E
sz300850,新强联,2025-10-13 09:31:33,43.96,87200,44.1,D
sz300850,新强联,2025-10-13 09:31:36,44.02,41300,43.96,U
sz300850,新强联,2025-10-13 09:31:39,44.39,95500,44.02,U
sz300850,新强联,2025-10-13 09:31:42,44.45,36100,44.39,U
sz300850,新强联,2025-10-13 09:31:45,44.44,75556,44.45,D
sz300850,新强联,2025-10-13 09:31:48,44.53,75000,44.44,U
sz300850,新强联,2025-10-13 09:31:51,44.61,31700,44.53,U
sz300850,新强联,2025-10-13 09:31:54,44.74,18800,44.61,U
sz300850,新强联,2025-10-13 09:31:57,44.8,41800,44.74,U
sz300850,新强联,2025-10-13 09:32:00,44.9,38400,44.8,U
sz300850,新强联,2025-10-13 09:32:03,44.87,21100,44.9,D
sz300850,新强联,2025-10-13 09:32:06,44.87,55000,44.87,D
sz300850,新强联,2025-10-13 09:32:09,44.89,28800,44.87,U
sz300850,新强联,2025-10-13 09:32:12,44.84,29500,44.89,D
sz300850,新强联,2025-10-13 09:32:15,44.87,41700,44.84,U
sz300850,新强联,2025-10-13 09:32:18,44.79,37000,44.87,D
sz300850,新强联,2025-10-13 09:32:21,44.68,25200,44.79,E
sz300850,新强联,2025-10-13 09:32:24,45.0,124000,44.68,U
sz300850,新强联,2025-10-13 09:32:27,44.95,20400,45.0,D
sz300850,新强联,2025-10-13 09:32:30,45.09,42900,44.95,U
sz300850,新强联,2025-10-13 09:32:33,44.99,15800,45.09,D
sz300850,新强联,2025-10-13 09:32:36,45.18,31500,44.99,U
sz300850,新强联,2025-10-13 09:32:39,45.33,139800,45.18,U
sz300850,新强联,2025-10-13 09:32:42,45.48,13300,45.33,U
sz300850,新强联,2025-10-13 09:32:45,45.58,17000,45.48,U
sz300850,新强联,2025-10-13 09:32:48,45.49,17400,45.58,D
sz300850,新强联,2025-10-13 09:32:51,45.61,29600,45.49,E
sz300850,新强联,2025-10-13 09:32:54,45.62,60100,45.61,E
sz300850,新强联,2025-10-13 09:32:57,45.47,35100,45.62,D
sz300850,新强联,2025-10-13 09:33:00,45.47,17400,45.47,U
sz300850,新强联,2025-10-13 09:33:03,45.35,39000,45.47,E
sz300850,新强联,2025-10-13 09:33:06,45.37,16200,45.35,U
sz300850,新强联,2025-10-13 09:33:09,45.17,72900,45.37,D
sz300850,新强联,2025-10-13 09:33:12,45.17,26900,45.17,D
sz300850,新强联,2025-10-13 09:33:15,45.09,13400,45.17,D
sz300850,新强联,2025-10-13 09:33:18,45.09,23000,45.09,D
sz300850,新强联,2025-10-13 09:33:21,44.99,47500,45.09,E
sz300850,新强联,2025-10-13 09:33:24,45.14,95288,44.99,U
sz300850,新强联,2025-10-13 09:33:27,45.17,18800,45.14,D
sz300850,新强联,2025-10-13 09:33:30,45.08,35600,45.17,D
sz300850,新强联,2025-10-13 09:33:33,45.31,44000,45.08,U
sz300850,新强联,2025-10-13 09:33:36,45.0,114700,45.31,D
sz300850,新强联,2025-10-13 09:33:39,45.11,17000,45.0,U
sz300850,新强联,2025-10-13 09:33:42,44.95,19700,45.11,D
sz300850,新强联,2025-10-13 09:33:45,44.95,53200,44.95,E
sz300850,新强联,2025-10-13 09:33:48,44.94,14100,44.95,E
sz300850,新强联,2025-10-13 09:33:51,45.06,23500,44.94,U
sz300850,新强联,2025-10-13 09:33:54,44.93,30500,45.06,D
sz300850,新强联,2025-10-13 09:33:57,45.07,14300,44.93,U
sz300850,新强联,2025-10-13 09:34:00,45.1,23800,45.07,U
sz300850,新强联,2025-10-13 09:34:03,45.06,38100,45.1,E
sz300850,新强联,2025-10-13 09:34:06,45.15,33600,45.06,U
sz300850,新强联,2025-10-13 09:34:09,45.27,49141,45.15,U
sz300850,新强联,2025-10-13 09:34:12,45.19,25400,45.27,D
sz300850,新强联,2025-10-13 09:34:15,45.4,11600,45.19,U
sz300850,新强联,2025-10-13 09:34:18,45.33,12400,45.4,D
sz300850,新强联,2025-10-13 09:34:21,45.23,15800,45.33,D
sz300850,新强联,2025-10-13 09:34:24,45.26,14500,45.23,D
sz300850,新强联,2025-10-13 09:34:27,45.48,23800,45.26,U
sz300850,新强联,2025-10-13 09:34:30,45.3,31500,45.48,D
sz300850,新强联,2025-10-13 09:34:33,45.33,21900,45.3,E
sz300850,新强联,2025-10-13 09:34:36,45.21,15500,45.33,D
sz300850,新强联,2025-10-13 09:34:39,45.28,26000,45.21,E
sz300850,新强联,2025-10-13 09:34:42,45.29,32400,45.28,U
sz300850,新强联,2025-10-13 09:34:45,45.2,12900,45.29,D
sz300850,新强联,2025-10-13 09:34:48,45.19,7300,45.2,D
sz300850,新强联,2025-10-13 09:34:51,45.11,38500,45.19,D
sz300850,新强联,2025-10-13 09:34:54,45.2,15700,45.11,U
sz300850,新强联,2025-10-13 09:34:57,45.27,22400,45.2,U
sz300850,新强联,2025-10-13 09:35:00,45.28,16500,45.27,E
sz300850,新强联,2025-10-13 09:35:03,45.41,78209,45.28,U
sz300850,新强联,2025-10-13 09:35:06,45.43,132000,45.41,U
sz300850,新强联,2025-10-13 09:35:09,45.48,22600,45.43,U
sz300850,新强联,2025-10-13 09:35:12,45.68,95100,45.48,U
sz300850,新强联,2025-10-13 09:35:15,45.7,26900,45.68,U
sz300850,新强联,2025-10-13 09:35:18,45.8,53600,45.7,U
sz300850,新强联,2025-10-13 09:35:21,45.79,102000,45.8,E
sz300850,新强联,2025-10-13 09:35:24,45.7,27200,45.79,D
sz300850,新强联,2025-10-13 09:35:27,45.8,60400,45.7,U
sz300850,新强联,2025-10-13 09:35:30,45.62,17400,45.8,D
sz300850,新强联,2025-10-13 09:35:33,45.56,17400,45.62,D
sz300850,新强联,2025-10-13 09:35:36,45.53,11200,45.56,D
sz300850,新强联,2025-10-13 09:35:39,45.56,17100,45.53,U
sz300850,新强联,2025-10-13 09:35:42,45.56,24900,45.56,D
sz300850,新强联,2025-10-13 09:35:45,45.48,13200,45.56,E
sz300850,新强联,2025-10-13 09:35:48,45.43,10400,45.48,D
sz300850,新强联,2025-10-13 09:35:51,45.35,22100,45.43,D
sz300850,新强联,2025-10-13 09:35:54,45.35,24800,45.35,D
sz300850,新强联,2025-10-13 09:35:57,45.35,30200,45.35,D
sz300850,新强联,2025-10-13 09:36:00,45.29,32300,45.35,E
sz300850,新强联,2025-10-13 09:36:03,45.38,18300,45.29,E
sz300850,新强联,2025-10-13 09:36:06,45.36,30300,45.38,D
sz300850,新强联,2025-10-13 09:36:09,45.3,22600,45.36,E
sz300850,新强联,2025-10-13 09:36:12,45.3,36500,45.3,U
sz300850,新强联,2025-10-13 09:36:15,45.2,18000,45.3,D
sz300850,新强联,2025-10-13 09:36:18,45.3,121000,45.2,U
sz300850,新强联,2025-10-13 09:36:21,45.3,21000,45.3,D
sz300850,新强联,2025-10-13 09:36:24,45.3,36800,45.3,D
sz300850,新强联,2025-10-13 09:36:27,45.25,19500,45.3,E
sz300850,新强联,2025-10-13 09:36:30,45.31,32300,45.25,U
sz300850,新强联,2025-10-13 09:36:33,45.36,26700,45.31,U
sz300850,新强联,2025-10-13 09:36:36,45.36,45200,45.36,U
sz300850,新强联,2025-10-13 09:36:39,45.53,43700,45.36,U
sz300850,新强联,2025-10-13 09:36:42,45.68,47500,45.53,U
sz300850,新强联,2025-10-13 09:36:45,45.7,18100,45.68,U
sz300850,新强联,2025-10-13 09:36:48,45.79,16800,45.7,U
sz300850,新强联,2025-10-13 09:36:51,45.75,21400,45.79,D
sz300850,新强联,2025-10-13 09:36:54,45.54,35300,45.75,D
sz300850,新强联,2025-10-13 09:36:57,45.55,7900,45.54,E
sz300850,新强联,2025-10-13 09:37:00,45.54,41200,45.55,D
sz300850,新强联,2025-10-13 09:37:03,45.54,21200,45.54,E
sz300850,新强联,2025-10-13 09:37:06,45.52,4700,45.54,E
sz300850,新强联,2025-10-13 09:37:09,45.46,5100,45.52,D
sz300850,新强联,2025-10-13 09:37:12,45.52,29500,45.46,U
sz300850,新强联,2025-10-13 09:37:15,45.44,10600,45.52,D
sz300850,新强联,2025-10-13 09:37:18,45.49,42400,45.44,E
sz300850,新强联,2025-10-13 09:37:21,45.43,27900,45.49,U
sz300850,新强联,2025-10-13 09:37:24,45.47,18800,45.43,D
sz300850,新强联,2025-10-13 09:37:27,45.44,8300,45.47,E
sz300850,新强联,2025-10-13 09:37:30,45.47,16100,45.44,U
sz300850,新强联,2025-10-13 09:37:33,45.39,6800,45.47,D
sz300850,新强联,2025-10-13 09:37:36,45.36,11800,45.39,D
sz300850,新强联,2025-10-13 09:37:39,45.24,19700,45.36,D
sz300850,新强联,2025-10-13 09:37:42,45.33,6600,45.24,U
sz300850,新强联,2025-10-13 09:37:45,45.2,24600,45.33,D
sz300850,新强联,2025-10-13 09:37:48,45.06,6700,45.2,D
sz300850,新强联,2025-10-13 09:37:51,45.06,5600,45.06,D
sz300850,新强联,2025-10-13 09:37:57,45.02,26800,45.01,U
sz300850,新强联,2025-10-13 09:38:00,45.08,75100,45.02,U
sz300850,新强联,2025-10-13 09:38:03,45.07,22500,45.08,D
sz300850,新强联,2025-10-13 09:38:06,45.04,24100,45.07,D
sz300850,新强联,2025-10-13 09:38:09,45.06,28100,45.04,D
sz300850,新强联,2025-10-13 09:38:12,45.05,19200,45.06,D
sz300850,新强联,2025-10-13 09:38:15,45.02,20500,45.05,D
sz300850,新强联,2025-10-13 09:38:18,44.95,29300,45.02,D
sz300850,新强联,2025-10-13 09:38:21,44.93,12600,44.95,E
sz300850,新强联,2025-10-13 09:38:24,44.9,7700,44.93,U
sz300850,新强联,2025-10-13 09:38:27,44.8,15700,44.9,D
sz300850,新强联,2025-10-13 09:38:30,44.8,42000,44.8,D
sz300850,新强联,2025-10-13 09:38:33,44.8,21600,44.8,U
sz300850,新强联,2025-10-13 09:38:36,44.79,9500,44.8,E
sz300850,新强联,2025-10-13 09:38:39,44.71,10000,44.79,D
sz300850,新强联,2025-10-13 09:38:42,44.72,12100,44.71,E
sz300850,新强联,2025-10-13 09:38:45,44.7,59400,44.72,D
sz300850,新强联,2025-10-13 09:38:48,44.71,18000,44.7,E
sz300850,新强联,2025-10-13 09:38:51,44.71,37000,44.71,D
sz300850,新强联,2025-10-13 09:38:54,44.72,125300,44.71,E
sz300850,新强联,2025-10-13 09:38:57,44.72,27300,44.72,U
sz300850,新强联,2025-10-13 09:39:00,44.72,8100,44.72,D
sz300850,新强联,2025-10-13 09:39:03,44.72,28500,44.72,D
sz300850,新强联,2025-10-13 09:39:06,44.72,11100,44.72,U
sz300850,新强联,2025-10-13 09:39:09,44.71,7700,44.72,D
sz300850,新强联,2025-10-13 09:39:12,44.67,13700,44.71,D
sz300850,新强联,2025-10-13 09:39:15,44.67,124100,44.67,U
sz300850,新强联,2025-10-13 09:39:18,44.76,30348,44.67,U
sz300850,新强联,2025-10-13 09:39:21,44.84,14400,44.76,U
sz300850,新强联,2025-10-13 09:39:24,44.9,10400,44.84,U
sz300850,新强联,2025-10-13 09:39:27,44.79,10200,44.9,D
sz300850,新强联,2025-10-13 09:39:30,44.85,15500,44.79,U
sz300850,新强联,2025-10-13 09:39:33,44.82,9500,44.85,D
sz300850,新强联,2025-10-13 09:39:36,44.93,12500,44.82,U
sz300850,新强联,2025-10-13 09:39:45,44.93,29800,44.91,U
sz300850,新强联,2025-10-13 09:39:51,44.93,11700,44.93,D
sz300850,新强联,2025-10-13 09:39:54,44.99,8000,44.93,U
sz300850,新强联,2025-10-13 09:39:57,45.01,11000,44.99,E
sz300850,新强联,2025-10-13 09:40:00,45.02,6600,45.01,E
sz300850,新强联,2025-10-13 09:40:09,45.07,23600,45.18,D
sz300850,新强联,2025-10-13 09:40:12,45.25,33500,45.07,U
sz300850,新强联,2025-10-13 09:40:15,45.36,18800,45.25,U
sz300850,新强联,2025-10-13 09:40:18,45.45,39774,45.36,U
sz300850,新强联,2025-10-13 09:40:21,45.46,9600,45.45,E
sz300850,新强联,2025-10-13 09:40:24,45.59,16900,45.46,U
sz300850,新强联,2025-10-13 09:40:30,45.6,6900,45.52,U
sz300850,新强联,2025-10-13 09:40:33,45.61,6000,45.6,U
sz300850,新强联,2025-10-13 09:40:36,45.58,19700,45.61,D
sz300850,新强联,2025-10-13 09:40:39,45.62,18800,45.58,U
sz300850,新强联,2025-10-13 09:40:42,45.58,21800,45.62,D
sz300850,新强联,2025-10-13 09:40:45,45.58,21000,45.58,D
sz300850,新强联,2025-10-13 09:40:48,45.59,15600,45.58,U
sz300850,新强联,2025-10-13 09:40:51,45.58,26300,45.59,E
sz300850,新强联,2025-10-13 09:40:54,45.62,163300,45.58,U
sz300850,新强联,2025-10-13 09:40:57,45.68,10900,45.62,U
sz300850,新强联,2025-10-13 09:41:00,45.68,21600,45.68,U
sz300850,新强联,2025-10-13 09:41:03,45.6,17600,45.68,D
sz300850,新强联,2025-10-13 09:41:06,45.68,37000,45.6,E
sz300850,新强联,2025-10-13 09:41:09,45.7,10700,45.68,E
sz300850,新强联,2025-10-13 09:41:12,45.78,15100,45.7,U
sz300850,新强联,2025-10-13 09:41:15,45.68,28700,45.78,D
sz300850,新强联,2025-10-13 09:41:18,45.7,7200,45.68,U
sz300850,新强联,2025-10-13 09:41:21,45.69,26800,45.7,D
sz300850,新强联,2025-10-13 09:41:24,45.68,10600,45.69,D
sz300850,新强联,2025-10-13 09:41:27,45.7,22100,45.68,U
sz300850,新强联,2025-10-13 09:41:30,45.7,17100,45.7,D
sz300850,新强联,2025-10-13 09:41:33,45.69,35600,45.7,D
sz300850,新强联,2025-10-13 09:41:36,45.62,9500,45.69,D
sz300850,新强联,2025-10-13 09:41:45,45.62,12100,45.66,D
sz300850,新强联,2025-10-13 09:41:48,45.65,23800,45.62,D
sz300850,新强联,2025-10-13 09:41:51,45.65,19200,45.65,U
sz300850,新强联,2025-10-13 09:41:54,45.6,21100,45.65,D
sz300850,新强联,2025-10-13 09:41:57,45.6,8800,45.6,U
sz300850,新强联,2025-10-13 09:42:03,45.54,8600,45.59,D
sz300850,新强联,2025-10-13 09:42:06,45.6,39600,45.54,U
sz300850,新强联,2025-10-13 09:42:09,45.59,14400,45.6,D
sz300850,新强联,2025-10-13 09:42:12,45.58,32000,45.59,D
sz300850,新强联,2025-10-13 09:42:15,45.59,9700,45.58,U
sz300850,新强联,2025-10-13 09:42:18,45.49,41300,45.59,D
sz300850,新强联,2025-10-13 09:42:24,45.47,9700,45.53,D
sz300850,新强联,2025-10-13 09:42:27,45.44,7400,45.47,D
sz300850,新强联,2025-10-13 09:42:30,45.47,10900,45.44,E
sz300850,新强联,2025-10-13 09:42:33,45.58,12800,45.47,U
sz300850,新强联,2025-10-13 09:42:36,45.54,13400,45.58,D
sz300850,新强联,2025-10-13 09:42:39,45.53,31700,45.54,D
sz300850,新强联,2025-10-13 09:42:45,45.59,23600,45.54,U
sz300850,新强联,2025-10-13 09:42:48,45.6,9400,45.59,U
sz300850,新强联,2025-10-13 09:42:51,45.6,27000,45.6,U
sz300850,新强联,2025-10-13 09:42:54,45.55,7700,45.6,D
sz300850,新强联,2025-10-13 09:42:57,45.49,13000,45.55,D
sz300850,新强联,2025-10-13 09:43:00,45.47,14000,45.49,E
sz300850,新强联,2025-10-13 09:43:03,45.5,14300,45.47,E
sz300850,新强联,2025-10-13 09:43:06,45.57,21400,45.5,U
sz300850,新强联,2025-10-13 09:43:09,45.64,6100,45.57,U
sz300850,新强联,2025-10-13 09:43:12,45.56,49200,45.64,D
sz300850,新强联,2025-10-13 09:43:15,45.64,12000,45.56,U
sz300850,新强联,2025-10-13 09:43:18,45.6,7500,45.64,E
sz300850,新强联,2025-10-13 09:43:21,45.6,6900,45.6,D
sz300850,新强联,2025-10-13 09:43:24,45.6,8300,45.6,E
sz300850,新强联,2025-10-13 09:43:27,45.58,22000,45.6,E
sz300850,新强联,2025-10-13 09:43:30,45.6,4600,45.58,E
sz300850,新强联,2025-10-13 09:43:36,45.57,9200,45.56,E
sz300850,新强联,2025-10-13 09:43:39,45.56,10100,45.57,D
sz300850,新强联,2025-10-13 09:43:42,45.56,5600,45.56,D
sz300850,新强联,2025-10-13 09:43:45,45.55,31900,45.56,D
sz300850,新强联,2025-10-13 09:43:48,45.56,5300,45.55,U
sz300850,新强联,2025-10-13 09:43:54,45.55,7300,45.5,U
sz300850,新强联,2025-10-13 09:43:57,45.5,8300,45.55,D
sz300850,新强联,2025-10-13 09:44:00,45.49,10900,45.5,D
sz300850,新强联,2025-10-13 09:44:03,45.47,20400,45.49,U
sz300850,新强联,2025-10-13 09:44:06,45.49,28900,45.47,U
sz300850,新强联,2025-10-13 09:44:09,45.5,10200,45.49,U
sz300850,新强联,2025-10-13 09:44:12,45.55,5400,45.5,U
sz300850,新强联,2025-10-13 09:44:15,45.6,47300,45.55,U
sz300850,新强联,2025-10-13 09:44:24,45.63,8500,45.63,U
sz300850,新强联,2025-10-13 09:44:27,45.63,24700,45.63,U
sz300850,新强联,2025-10-13 09:44:30,45.63,10300,45.63,D
sz300850,新强联,2025-10-13 09:44:33,45.63,5600,45.63,D
sz300850,新强联,2025-10-13 09:44:36,45.63,17900,45.63,D
sz300850,新强联,2025-10-13 09:44:39,45.62,11900,45.63,E
sz300850,新强联,2025-10-13 09:44:42,45.55,15000,45.62,D
sz300850,新强联,2025-10-13 09:44:45,45.63,8200,45.55,U
sz300850,新强联,2025-10-13 09:44:48,45.56,14100,45.63,D
sz300850,新强联,2025-10-13 09:44:51,45.62,6200,45.56,U
sz300850,新强联,2025-10-13 09:44:54,45.63,5800,45.62,U
sz300850,新强联,2025-10-13 09:44:57,45.63,8200,45.63,U
sz300850,新强联,2025-10-13 09:45:03,45.62,6700,45.63,D
sz300850,新强联,2025-10-13 09:45:06,45.66,14288,45.62,U
sz300850,新强联,2025-10-13 09:45:09,45.62,29549,45.66,D
sz300850,新强联,2025-10-13 09:45:12,45.6,14400,45.62,E
sz300850,新强联,2025-10-13 09:45:15,45.63,63800,45.6,U
sz300850,新强联,2025-10-13 09:45:18,45.6,21000,45.63,D
sz300850,新强联,2025-10-13 09:45:21,45.59,27600,45.6,E
sz300850,新强联,2025-10-13 09:45:24,45.6,19400,45.59,U
sz300850,新强联,2025-10-13 09:45:27,45.74,71000,45.6,U
sz300850,新强联,2025-10-13 09:45:30,45.86,109700,45.74,U
sz300850,新强联,2025-10-13 09:45:33,45.92,75600,45.86,U
sz300850,新强联,2025-10-13 09:45:36,45.92,11200,45.92,D
sz300850,新强联,2025-10-13 09:45:39,45.95,18000,45.92,U
sz300850,新强联,2025-10-13 09:45:42,45.96,8400,45.95,U
sz300850,新强联,2025-10-13 09:45:45,45.96,10163,45.96,U
sz300850,新强联,2025-10-13 09:45:48,45.96,22400,45.96,D
sz300850,新强联,2025-10-13 09:45:51,45.94,39237,45.96,D
sz300850,新强联,2025-10-13 09:45:54,45.95,21400,45.94,D
sz300850,新强联,2025-10-13 09:45:57,45.92,20500,45.95,D
sz300850,新强联,2025-10-13 09:46:00,45.88,15500,45.92,D
sz300850,新强联,2025-10-13 09:46:03,45.93,11400,45.88,U
sz300850,新强联,2025-10-13 09:46:09,45.94,4400,45.94,U
sz300850,新强联,2025-10-13 09:46:12,45.89,16300,45.94,D
sz300850,新强联,2025-10-13 09:46:15,45.92,26800,45.89,U
sz300850,新强联,2025-10-13 09:46:18,45.92,5000,45.92,U
sz300850,新强联,2025-10-13 09:46:21,45.96,76500,45.92,U
sz300850,新强联,2025-10-13 09:46:24,46.18,179063,45.96,U
sz300850,新强联,2025-10-13 09:46:27,46.19,27900,46.18,U
sz300850,新强联,2025-10-13 09:46:30,46.18,4800,46.19,D
sz300850,新强联,2025-10-13 09:46:33,46.16,5400,46.18,E
sz300850,新强联,2025-10-13 09:46:36,46.19,10200,46.16,U
sz300850,新强联,2025-10-13 09:46:39,46.2,10800,46.19,E
sz300850,新强联,2025-10-13 09:46:42,46.18,7100,46.2,D
sz300850,新强联,2025-10-13 09:46:45,46.14,16600,46.18,D
sz300850,新强联,2025-10-13 09:46:48,46.19,9300,46.14,U
sz300850,新强联,2025-10-13 09:46:51,46.09,35700,46.19,D
sz300850,新强联,2025-10-13 09:46:54,46.14,6100,46.09,U
sz300850,新强联,2025-10-13 09:46:57,46.04,11900,46.14,D
sz300850,新强联,2025-10-13 09:47:00,46.09,5500,46.04,U
sz300850,新强联,2025-10-13 09:47:06,45.96,19800,46.09,D
sz300850,新强联,2025-10-13 09:47:09,45.93,7600,45.96,D
sz300850,新强联,2025-10-13 09:47:12,45.93,10600,45.93,D
sz300850,新强联,2025-10-13 09:47:15,45.9,4700,45.93,E
sz300850,新强联,2025-10-13 09:47:21,45.9,21500,45.9,U
sz300850,新强联,2025-10-13 09:47:24,45.88,4700,45.9,E
sz300850,新强联,2025-10-13 09:47:30,45.81,4800,45.82,D
sz300850,新强联,2025-10-13 09:47:33,45.81,13200,45.81,U
sz300850,新强联,2025-10-13 09:47:36,45.78,8300,45.81,D
sz300850,新强联,2025-10-13 09:47:39,45.8,8800,45.78,U
sz300850,新强联,2025-10-13 09:47:42,45.8,4600,45.8,U
sz300850,新强联,2025-10-13 09:47:45,45.81,10100,45.8,U
sz300850,新强联,2025-10-13 09:47:51,45.81,12400,45.8,U
sz300850,新强联,2025-10-13 09:47:54,45.81,5400,45.81,U
sz300850,新强联,2025-10-13 09:47:57,45.88,22100,45.81,U
sz300850,新强联,2025-10-13 09:48:00,45.95,12800,45.88,U
sz300850,新强联,2025-10-13 09:48:03,46.04,15800,45.95,U
sz300850,新强联,2025-10-13 09:48:12,46.0,11000,46.0,U
sz300850,新强联,2025-10-13 09:48:15,46.06,16600,46.0,U
sz300850,新强联,2025-10-13 09:48:18,46.01,4400,46.06,E
sz300850,新强联,2025-10-13 09:48:21,46.01,8400,46.01,D
sz300850,新强联,2025-10-13 09:48:24,46.02,5300,46.01,E
sz300850,新强联,2025-10-13 09:48:27,45.99,11800,46.02,D
sz300850,新强联,2025-10-13 09:48:30,45.98,7200,45.99,E
sz300850,新强联,2025-10-13 09:48:33,46.01,4900,45.98,U
sz300850,新强联,2025-10-13 09:48:36,45.99,7500,46.01,E
sz300850,新强联,2025-10-13 09:48:39,45.97,9100,45.99,E
sz300850,新强联,2025-10-13 09:48:42,46.01,22500,45.97,U
sz300850,新强联,2025-10-13 09:48:48,46.01,8300,45.95,U
sz300850,新强联,2025-10-13 09:48:51,45.95,9300,46.01,D
sz300850,新强联,2025-10-13 09:48:54,46.0,14900,45.95,U
sz300850,新强联,2025-10-13 09:49:03,45.97,19300,46.0,D
sz300850,新强联,2025-10-13 09:49:06,45.95,16000,45.97,D
sz300850,新强联,2025-10-13 09:49:09,45.9,11200,45.95,D
sz300850,新强联,2025-10-13 09:49:12,45.91,8600,45.9,E
sz300850,新强联,2025-10-13 09:49:15,45.93,9600,45.91,U
sz300850,新强联,2025-10-13 09:49:18,45.96,7400,45.93,U
sz300850,新强联,2025-10-13 09:49:21,45.98,11500,45.96,U
sz300850,新强联,2025-10-13 09:49:24,45.91,10500,45.98,D
sz300850,新强联,2025-10-13 09:49:27,46.01,34000,45.91,U
sz300850,新强联,2025-10-13 09:49:30,46.03,11300,46.01,U
sz300850,新强联,2025-10-13 09:49:33,46.09,8200,46.03,U
sz300850,新强联,2025-10-13 09:49:36,46.03,14800,46.09,E
sz300850,新强联,2025-10-13 09:49:39,46.01,5200,46.03,D
sz300850,新强联,2025-10-13 09:49:42,45.99,4400,46.01,D
sz300850,新强联,2025-10-13 09:49:48,45.97,8800,45.99,D
sz300850,新强联,2025-10-13 09:49:54,45.88,14700,45.96,D
sz300850,新强联,2025-10-13 09:49:57,45.86,4600,45.88,E
sz300850,新强联,2025-10-13 09:50:00,45.78,11700,45.86,D
sz300850,新强联,2025-10-13 09:50:03,45.78,11800,45.78,U
sz300850,新强联,2025-10-13 09:50:06,45.64,5100,45.78,D
sz300850,新强联,2025-10-13 09:50:09,45.6,4900,45.64,D
sz300850,新强联,2025-10-13 09:50:18,45.64,6500,45.62,E
sz300850,新强联,2025-10-13 09:50:21,45.62,4900,45.64,D
sz300850,新强联,2025-10-13 09:50:24,45.74,6900,45.62,U
sz300850,新强联,2025-10-13 09:50:33,45.79,14400,45.82,D
sz300850,新强联,2025-10-13 09:50:36,45.73,5600,45.79,D
sz300850,新强联,2025-10-13 09:50:39,45.68,14800,45.73,D
sz300850,新强联,2025-10-13 09:50:48,45.72,4400,45.69,E
sz300850,新强联,2025-10-13 09:50:51,45.68,5800,45.72,D
sz300850,新强联,2025-10-13 09:50:54,45.63,11400,45.68,D
sz300850,新强联,2025-10-13 09:51:03,45.66,7000,45.72,D
sz300850,新强联,2025-10-13 09:51:06,45.66,11200,45.66,U
sz300850,新强联,2025-10-13 09:51:09,45.6,31000,45.66,D
sz300850,新强联,2025-10-13 09:51:18,45.46,10300,45.52,D
sz300850,新强联,2025-10-13 09:51:24,45.36,4600,45.39,D
sz300850,新强联,2025-10-13 09:51:30,45.35,38400,45.36,D
sz300850,新强联,2025-10-13 09:51:33,45.32,10400,45.35,D
sz300850,新强联,2025-10-13 09:51:36,45.35,8500,45.32,U
sz300850,新强联,2025-10-13 09:51:39,45.38,5400,45.35,U
sz300850,新强联,2025-10-13 09:51:42,45.37,20900,45.38,E
sz300850,新强联,2025-10-13 09:51:45,45.38,14400,45.37,E
sz300850,新强联,2025-10-13 09:51:48,45.46,8400,45.38,E
sz300850,新强联,2025-10-13 09:51:51,45.4,14200,45.46,D
sz300850,新强联,2025-10-13 09:52:03,45.43,15100,45.41,E
sz300850,新强联,2025-10-13 09:52:06,45.41,11800,45.43,E
sz300850,新强联,2025-10-13 09:52:09,45.4,9500,45.41,E
sz300850,新强联,2025-10-13 09:52:15,45.3,33900,45.41,D
sz300850,新强联,2025-10-13 09:52:18,45.2,18200,45.3,D
sz300850,新强联,2025-10-13 09:52:27,45.11,5000,45.11,E
sz300850,新强联,2025-10-13 09:52:30,45.14,21100,45.11,U
sz300850,新强联,2025-10-13 09:52:36,45.15,15600,45.11,E
sz300850,新强联,2025-10-13 09:52:39,45.12,13200,45.15,D
sz300850,新强联,2025-10-13 09:52:42,45.15,7700,45.12,D
sz300850,新强联,2025-10-13 09:52:45,45.15,6800,45.15,U
sz300850,新强联,2025-10-13 09:52:48,45.13,5800,45.15,E
sz300850,新强联,2025-10-13 09:52:54,45.16,9200,45.15,E
sz300850,新强联,2025-10-13 09:53:00,45.14,8300,45.15,E
sz300850,新强联,2025-10-13 09:53:03,45.09,5700,45.14,D
sz300850,新强联,2025-10-13 09:53:06,45.09,5700,45.09,D
sz300850,新强联,2025-10-13 09:53:09,45.13,13400,45.09,U
sz300850,新强联,2025-10-13 09:53:12,45.1,8500,45.13,D
sz300850,新强联,2025-10-13 09:53:15,45.15,12600,45.1,U
sz300850,新强联,2025-10-13 09:53:18,45.1,6700,45.15,D
sz300850,新强联,2025-10-13 09:53:21,45.09,6400,45.1,D
sz300850,新强联,2025-10-13 09:53:27,45.14,5700,45.1,U
sz300850,新强联,2025-10-13 09:53:30,45.12,4600,45.14,E
sz300850,新强联,2025-10-13 09:53:36,45.09,36800,45.1,D
sz300850,新强联,2025-10-13 09:53:42,45.06,61800,45.06,D
sz300850,新强联,2025-10-13 09:53:45,45.02,26700,45.06,D
sz300850,新强联,2025-10-13 09:53:48,45.0,11400,45.02,D
sz300850,新强联,2025-10-13 09:54:00,44.92,14000,44.95,D
sz300850,新强联,2025-10-13 09:54:03,44.91,7800,44.92,D
sz300850,新强联,2025-10-13 09:54:06,44.91,11600,44.91,D
sz300850,新强联,2025-10-13 09:54:09,44.92,20500,44.91,U
sz300850,新强联,2025-10-13 09:54:12,44.88,15700,44.92,D
sz300850,新强联,2025-10-13 09:54:15,44.88,19000,44.88,D
sz300850,新强联,2025-10-13 09:54:18,44.92,8900,44.88,U
sz300850,新强联,2025-10-13 09:54:21,44.95,12300,44.92,U
sz300850,新强联,2025-10-13 09:54:27,44.96,12500,44.96,U
sz300850,新强联,2025-10-13 09:54:30,44.96,9900,44.96,U
sz300850,新强联,2025-10-13 09:54:36,45.02,8800,45.0,U
sz300850,新强联,2025-10-13 09:54:39,45.0,5300,45.02,D
sz300850,新强联,2025-10-13 09:54:42,44.91,17100,45.0,D
sz300850,新强联,2025-10-13 09:54:48,44.95,13100,44.91,U
sz300850,新强联,2025-10-13 09:54:51,44.95,11000,44.95,U
sz300850,新强联,2025-10-13 09:54:54,44.96,9400,44.95,U
sz300850,新强联,2025-10-13 09:55:00,44.95,6700,44.96,D
sz300850,新强联,2025-10-13 09:55:03,45.0,11000,44.95,U
sz300850,新强联,2025-10-13 09:55:06,45.02,12200,45.0,U
sz300850,新强联,2025-10-13 09:55:12,45.02,7400,45.0,U
sz300850,新强联,2025-10-13 09:55:15,45.0,8800,45.02,U
sz300850,新强联,2025-10-13 09:55:18,44.99,7200,45.0,D
sz300850,新强联,2025-10-13 09:55:21,45.02,18000,44.99,U
sz300850,新强联,2025-10-13 09:55:24,45.06,7500,45.02,U
sz300850,新强联,2025-10-13 09:55:27,45.08,8000,45.06,U
sz300850,新强联,2025-10-13 09:55:30,45.11,16000,45.08,U
sz300850,新强联,2025-10-13 09:55:39,45.13,7300,45.18,D
sz300850,新强联,2025-10-13 09:55:42,45.1,7700,45.13,D
sz300850,新强联,2025-10-13 09:55:48,45.06,22600,45.07,D
sz300850,新强联,2025-10-13 09:55:51,45.08,5100,45.06,U
sz300850,新强联,2025-10-13 09:55:57,45.04,13600,45.03,E
sz300850,新强联,2025-10-13 09:56:00,44.96,17900,45.04,D
sz300850,新强联,2025-10-13 09:56:03,44.96,7600,44.96,D
sz300850,新强联,2025-10-13 09:56:06,44.94,15000,44.96,D
sz300850,新强联,2025-10-13 09:56:09,44.91,23000,44.94,D
sz300850,新强联,2025-10-13 09:56:12,44.81,52700,44.91,D
sz300850,新强联,2025-10-13 09:56:18,44.81,9000,44.86,D
sz300850,新强联,2025-10-13 09:56:21,44.8,24500,44.81,D
sz300850,新强联,2025-10-13 09:56:24,44.87,28700,44.8,U
sz300850,新强联,2025-10-13 09:56:27,44.87,5100,44.87,D
sz300850,新强联,2025-10-13 09:56:30,44.84,5100,44.87,D
sz300850,新强联,2025-10-13 09:56:36,44.84,21000,44.83,U
sz300850,新强联,2025-10-13 09:56:39,44.79,6200,44.84,D
sz300850,新强联,2025-10-13 09:56:42,44.77,9200,44.79,D
sz300850,新强联,2025-10-13 09:56:45,44.77,4500,44.77,U
sz300850,新强联,2025-10-13 09:56:51,44.72,10800,44.76,D
sz300850,新强联,2025-10-13 09:56:54,44.74,15200,44.72,E
sz300850,新强联,2025-10-13 09:56:57,44.74,42000,44.74,D
sz300850,新强联,2025-10-13 09:57:00,44.73,11800,44.74,D
sz300850,新强联,2025-10-13 09:57:03,44.84,22800,44.73,U
sz300850,新强联,2025-10-13 09:57:12,44.83,14700,44.83,U
sz300850,新强联,2025-10-13 09:57:15,44.81,5900,44.83,D
sz300850,新强联,2025-10-13 09:57:18,44.83,25600,44.81,U
sz300850,新强联,2025-10-13 09:57:24,44.79,6800,44.81,D
sz300850,新强联,2025-10-13 09:57:27,44.79,12500,44.79,D
sz300850,新强联,2025-10-13 09:57:30,44.79,4500,44.79,D
sz300850,新强联,2025-10-13 09:57:33,44.8,7800,44.79,U
sz300850,新强联,2025-10-13 09:57:36,44.8,5400,44.8,U
sz300850,新强联,2025-10-13 09:57:39,44.8,6800,44.8,U
sz300850,新强联,2025-10-13 09:58:03,44.76,5500,44.78,D
sz300850,新强联,2025-10-13 09:58:06,44.77,10400,44.76,U
sz300850,新强联,2025-10-13 09:58:09,44.78,7100,44.77,U
sz300850,新强联,2025-10-13 09:58:12,44.76,13600,44.78,D
sz300850,新强联,2025-10-13 09:58:21,44.78,13900,44.77,U
sz300850,新强联,2025-10-13 09:58:24,44.78,17900,44.78,U
sz300850,新强联,2025-10-13 09:58:27,44.78,14500,44.78,U
sz300850,新强联,2025-10-13 09:58:30,44.73,76700,44.78,D
sz300850,新强联,2025-10-13 09:58:33,44.68,9300,44.73,D
sz300850,新强联,2025-10-13 09:58:36,44.66,6300,44.68,D
sz300850,新强联,2025-10-13 09:58:48,44.61,11500,44.63,D
sz300850,新强联,2025-10-13 09:58:51,44.6,12400,44.61,D
sz300850,新强联,2025-10-13 09:58:54,44.64,27600,44.6,U
sz300850,新强联,2025-10-13 09:58:57,44.65,37400,44.64,U
sz300850,新强联,2025-10-13 09:59:00,44.61,10400,44.65,D
sz300850,新强联,2025-10-13 09:59:03,44.59,24000,44.61,D
sz300850,新强联,2025-10-13 09:59:06,44.64,15400,44.59,U
sz300850,新强联,2025-10-13 09:59:09,44.64,8500,44.64,U
sz300850,新强联,2025-10-13 09:59:12,44.6,30100,44.64,D
sz300850,新强联,2025-10-13 09:59:15,44.68,12100,44.6,U
sz300850,新强联,2025-10-13 09:59:18,44.68,12700,44.68,D
sz300850,新强联,2025-10-13 09:59:21,44.73,4800,44.68,U
sz300850,新强联,2025-10-13 09:59:33,44.64,20400,44.73,D
sz300850,新强联,2025-10-13 09:59:36,44.7,5600,44.64,D
sz300850,新强联,2025-10-13 09:59:48,44.64,18000,44.65,D
sz300850,新强联,2025-10-13 09:59:51,44.65,5600,44.64,U
sz300850,新强联,2025-10-13 09:59:54,44.7,4800,44.65,U
sz300850,新强联,2025-10-13 09:59:57,44.66,6400,44.7,D
sz300850,新强联,2025-10-13 10:00:03,44.6,23800,44.61,D
sz300850,新强联,2025-10-13 10:00:06,44.6,5100,44.6,U
sz300850,新强联,2025-10-13 10:00:12,44.6,4700,44.6,U
sz300850,新强联,2025-10-13 10:00:15,44.6,13600,44.6,U
sz300850,新强联,2025-10-13 10:00:18,44.64,7300,44.6,U
sz300850,新强联,2025-10-13 10:00:24,44.61,6600,44.63,E
sz300850,新强联,2025-10-13 10:00:27,44.61,6200,44.61,E
sz300850,新强联,2025-10-13 10:00:30,44.6,12500,44.61,D
sz300850,新强联,2025-10-13 10:00:33,44.64,11000,44.6,U
sz300850,新强联,2025-10-13 10:00:36,44.56,56000,44.64,D
sz300850,新强联,2025-10-13 10:00:39,44.53,34800,44.56,D
sz300850,新强联,2025-10-13 10:00:42,44.44,111800,44.53,D
sz300850,新强联,2025-10-13 10:00:48,44.44,12100,44.48,D
sz300850,新强联,2025-10-13 10:00:51,44.48,28900,44.44,U
sz300850,新强联,2025-10-13 10:00:54,44.44,21400,44.48,D
sz300850,新强联,2025-10-13 10:01:00,44.48,15000,44.47,U
sz300850,新强联,2025-10-13 10:01:03,44.47,7600,44.48,D
sz300850,新强联,2025-10-13 10:01:06,44.52,15800,44.47,D
sz300850,新强联,2025-10-13 10:01:09,44.51,18400,44.52,D
sz300850,新强联,2025-10-13 10:01:12,44.52,21100,44.51,E
sz300850,新强联,2025-10-13 10:01:18,44.52,26200,44.52,D
sz300850,新强联,2025-10-13 10:01:21,44.51,7700,44.52,E
sz300850,新强联,2025-10-13 10:01:24,44.49,6400,44.51,E
sz300850,新强联,2025-10-13 10:01:33,44.54,18500,44.52,U
sz300850,新强联,2025-10-13 10:01:36,44.64,9200,44.54,U
sz300850,新强联,2025-10-13 10:01:39,44.59,13800,44.64,D
sz300850,新强联,2025-10-13 10:01:42,44.67,8800,44.59,U
sz300850,新强联,2025-10-13 10:01:45,44.67,15400,44.67,U
sz300850,新强联,2025-10-13 10:01:48,44.65,6600,44.67,E
sz300850,新强联,2025-10-13 10:01:51,44.65,9500,44.65,D
sz300850,新强联,2025-10-13 10:02:03,44.5,26100,44.58,D
sz300850,新强联,2025-10-13 10:02:06,44.44,19200,44.5,D
sz300850,新强联,2025-10-13 10:02:09,44.46,8300,44.44,U
sz300850,新强联,2025-10-13 10:02:15,44.42,5100,44.41,E
sz300850,新强联,2025-10-13 10:02:18,44.41,20800,44.42,D
sz300850,新强联,2025-10-13 10:02:21,44.37,26700,44.41,D
sz300850,新强联,2025-10-13 10:02:24,44.37,7100,44.37,U
sz300850,新强联,2025-10-13 10:02:33,44.29,9400,44.32,D
sz300850,新强联,2025-10-13 10:02:36,44.28,12700,44.29,D
sz300850,新强联,2025-10-13 10:02:39,44.27,8400,44.28,D
sz300850,新强联,2025-10-13 10:02:42,44.28,7900,44.27,U
sz300850,新强联,2025-10-13 10:02:45,44.28,15500,44.28,U
sz300850,新强联,2025-10-13 10:02:48,44.27,24000,44.28,E
sz300850,新强联,2025-10-13 10:02:51,44.21,23700,44.27,D
sz300850,新强联,2025-10-13 10:02:54,44.2,8300,44.21,D
sz300850,新强联,2025-10-13 10:02:57,44.2,6300,44.2,D
sz300850,新强联,2025-10-13 10:03:03,44.19,5300,44.17,U
sz300850,新强联,2025-10-13 10:03:06,44.17,18300,44.19,E
sz300850,新强联,2025-10-13 10:03:09,44.15,6300,44.17,D
sz300850,新强联,2025-10-13 10:03:18,44.14,22500,44.16,D
sz300850,新强联,2025-10-13 10:03:21,44.16,23200,44.14,E
sz300850,新强联,2025-10-13 10:03:24,44.15,64300,44.16,D
sz300850,新强联,2025-10-13 10:03:27,44.17,44300,44.15,E
sz300850,新强联,2025-10-13 10:03:30,44.12,16900,44.17,D
sz300850,新强联,2025-10-13 10:03:33,44.06,62100,44.12,D
sz300850,新强联,2025-10-13 10:03:36,44.08,29200,44.06,U
sz300850,新强联,2025-10-13 10:03:39,44.1,23400,44.08,U
sz300850,新强联,2025-10-13 10:03:42,44.05,6200,44.1,D
sz300850,新强联,2025-10-13 10:03:45,44.08,4800,44.05,E
sz300850,新强联,2025-10-13 10:03:51,44.16,7200,44.11,U
sz300850,新强联,2025-10-13 10:03:54,44.16,9200,44.16,D
sz300850,新强联,2025-10-13 10:03:57,44.16,10500,44.16,E
sz300850,新强联,2025-10-13 10:04:00,44.13,7400,44.16,D
sz300850,新强联,2025-10-13 10:04:09,44.15,12700,44.15,U
sz300850,新强联,2025-10-13 10:04:12,44.1,13000,44.15,D
sz300850,新强联,2025-10-13 10:04:15,44.1,23800,44.1,U
sz300850,新强联,2025-10-13 10:04:18,44.08,5200,44.1,D
sz300850,新强联,2025-10-13 10:04:24,44.06,73000,44.08,D
sz300850,新强联,2025-10-13 10:04:27,44.07,10400,44.06,U
sz300850,新强联,2025-10-13 10:04:30,44.01,30300,44.07,D
sz300850,新强联,2025-10-13 10:04:33,44.04,51800,44.01,D
sz300850,新强联,2025-10-13 10:04:36,44.01,4700,44.04,D
sz300850,新强联,2025-10-13 10:04:39,44.02,5500,44.01,D
sz300850,新强联,2025-10-13 10:04:42,44.01,7500,44.02,U
sz300850,新强联,2025-10-13 10:04:45,44.03,20570,44.01,U
sz300850,新强联,2025-10-13 10:04:48,44.07,14600,44.03,U
sz300850,新强联,2025-10-13 10:04:51,44.03,5700,44.07,D
sz300850,新强联,2025-10-13 10:04:57,44.07,5000,44.07,U
sz300850,新强联,2025-10-13 10:05:00,44.08,6400,44.07,E
sz300850,新强联,2025-10-13 10:05:03,44.1,4800,44.08,U
sz300850,新强联,2025-10-13 10:05:09,44.06,9400,44.07,D
sz300850,新强联,2025-10-13 10:05:12,44.13,9600,44.06,U
sz300850,新强联,2025-10-13 10:05:15,44.08,26600,44.13,E
sz300850,新强联,2025-10-13 10:05:24,44.07,12600,44.1,D
sz300850,新强联,2025-10-13 10:05:30,44.15,8400,44.11,U
sz300850,新强联,2025-10-13 10:05:33,44.23,45900,44.15,U
sz300850,新强联,2025-10-13 10:05:36,44.23,5200,44.23,U
sz300850,新强联,2025-10-13 10:05:42,44.21,18200,44.17,U
sz300850,新强联,2025-10-13 10:05:48,44.23,29300,44.21,U
sz300850,新强联,2025-10-13 10:05:54,44.15,7300,44.2,D
sz300850,新强联,2025-10-13 10:05:57,44.19,7800,44.15,U
sz300850,新强联,2025-10-13 10:06:00,44.16,9300,44.19,D
sz300850,新强联,2025-10-13 10:06:03,44.23,14500,44.16,U
sz300850,新强联,2025-10-13 10:06:06,44.24,13100,44.23,U
sz300850,新强联,2025-10-13 10:06:09,44.25,5300,44.24,U
sz300850,新强联,2025-10-13 10:06:15,44.32,4700,44.29,U
sz300850,新强联,2025-10-13 10:06:18,44.3,6000,44.32,E
sz300850,新强联,2025-10-13 10:06:21,44.29,8500,44.3,D
sz300850,新强联,2025-10-13 10:06:24,44.29,6400,44.29,U
sz300850,新强联,2025-10-13 10:06:33,44.29,4700,44.29,D
sz300850,新强联,2025-10-13 10:06:39,44.3,18500,44.3,D
sz300850,新强联,2025-10-13 10:06:42,44.3,19200,44.3,U
sz300850,新强联,2025-10-13 10:06:57,44.24,12400,44.25,U
sz300850,新强联,2025-10-13 10:07:00,44.18,5200,44.24,D
sz300850,新强联,2025-10-13 10:07:15,44.25,8200,44.24,U
sz300850,新强联,2025-10-13 10:07:33,44.24,7400,44.22,U
sz300850,新强联,2025-10-13 10:07:36,44.29,14900,44.24,U
sz300850,新强联,2025-10-13 10:07:39,44.32,11400,44.29,U
sz300850,新强联,2025-10-13 10:07:42,44.38,20300,44.32,U
sz300850,新强联,2025-10-13 10:07:48,44.29,11200,44.3,D
sz300850,新强联,2025-10-13 10:07:51,44.29,6800,44.29,D
sz300850,新强联,2025-10-13 10:07:54,44.22,51800,44.29,D
sz300850,新强联,2025-10-13 10:07:57,44.16,18500,44.22,D
sz300850,新强联,2025-10-13 10:08:00,44.16,15800,44.16,D
sz300850,新强联,2025-10-13 10:08:15,44.15,8300,44.16,D
sz300850,新强联,2025-10-13 10:08:18,44.18,11600,44.15,U
sz300850,新强联,2025-10-13 10:08:27,44.01,91750,44.15,D
sz300850,新强联,2025-10-13 10:08:30,44.05,9300,44.01,U
sz300850,新强联,2025-10-13 10:08:36,44.0,18600,44.01,D
sz300850,新强联,2025-10-13 10:08:39,44.0,29300,44.0,D
sz300850,新强联,2025-10-13 10:08:42,44.01,13200,44.0,U
sz300850,新强联,2025-10-13 10:08:45,44.0,14100,44.01,D
sz300850,新强联,2025-10-13 10:08:48,44.0,8080,44.0,D
sz300850,新强联,2025-10-13 10:08:54,43.99,74100,43.99,D
sz300850,新强联,2025-10-13 10:08:57,43.99,21300,43.99,U
sz300850,新强联,2025-10-13 10:09:00,43.97,41000,43.99,D
sz300850,新强联,2025-10-13 10:09:06,43.98,30900,43.98,U
sz300850,新强联,2025-10-13 10:09:09,43.99,67220,43.98,U
sz300850,新强联,2025-10-13 10:09:12,43.98,9000,43.99,D
sz300850,新强联,2025-10-13 10:09:21,44.02,10500,44.0,D
sz300850,新强联,2025-10-13 10:09:24,44.1,9100,44.02,U
sz300850,新强联,2025-10-13 10:09:30,44.15,12000,44.08,U
sz300850,新强联,2025-10-13 10:09:51,44.14,8700,44.15,D
sz300850,新强联,2025-10-13 10:09:54,44.14,6600,44.14,E
sz300850,新强联,2025-10-13 10:09:57,44.15,5200,44.14,U
sz300850,新强联,2025-10-13 10:10:03,44.08,59600,44.19,D
sz300850,新强联,2025-10-13 10:10:06,44.08,10300,44.08,D
sz300850,新强联,2025-10-13 10:10:09,44.09,5600,44.08,U
sz300850,新强联,2025-10-13 10:10:24,44.09,8100,44.09,D
sz300850,新强联,2025-10-13 10:10:30,44.07,5800,44.09,D
sz300850,新强联,2025-10-13 10:10:36,44.07,10200,44.08,D
sz300850,新强联,2025-10-13 10:10:45,44.03,106100,44.07,D
sz300850,新强联,2025-10-13 10:11:00,43.96,48300,44.01,D
sz300850,新强联,2025-10-13 10:11:03,43.96,7900,43.96,U
sz300850,新强联,2025-10-13 10:11:12,43.92,4800,43.91,E
sz300850,新强联,2025-10-13 10:11:15,43.95,8100,43.92,U
sz300850,新强联,2025-10-13 10:11:18,43.9,5700,43.95,E
sz300850,新强联,2025-10-13 10:11:21,43.89,7600,43.9,D
sz300850,新强联,2025-10-13 10:11:24,43.89,5900,43.89,U
sz300850,新强联,2025-10-13 10:11:27,43.92,14500,43.89,U
sz300850,新强联,2025-10-13 10:11:30,43.94,6100,43.92,U
sz300850,新强联,2025-10-13 10:11:33,43.95,6300,43.94,U
sz300850,新强联,2025-10-13 10:11:36,43.94,7700,43.95,D
sz300850,新强联,2025-10-13 10:11:48,43.93,4700,43.93,U
sz300850,新强联,2025-10-13 10:11:54,43.93,11500,43.93,U
sz300850,新强联,2025-10-13 10:11:57,44.0,63900,43.93,U
sz300850,新强联,2025-10-13 10:12:12,44.04,17900,44.03,U
sz300850,新强联,2025-10-13 10:12:15,44.05,18700,44.04,D
sz300850,新强联,2025-10-13 10:12:21,44.05,6500,44.05,D
sz300850,新强联,2025-10-13 10:13:00,44.1,5600,44.11,D
sz300850,新强联,2025-10-13 10:13:03,44.06,44500,44.1,D
sz300850,新强联,2025-10-13 10:13:09,44.1,8200,44.06,U
sz300850,新强联,2025-10-13 10:13:12,44.14,9200,44.1,U
sz300850,新强联,2025-10-13 10:13:21,44.11,15400,44.16,D
sz300850,新强联,2025-10-13 10:13:42,44.15,15300,44.1,U
sz300850,新强联,2025-10-13 10:13:51,44.16,4600,44.12,U
sz300850,新强联,2025-10-13 10:13:57,44.18,7100,44.17,E
sz300850,新强联,2025-10-13 10:14:24,44.16,4700,44.22,D
sz300850,新强联,2025-10-13 10:14:39,44.16,4900,44.2,D
sz300850,新强联,2025-10-13 10:14:42,44.25,6900,44.16,U
sz300850,新强联,2025-10-13 10:14:45,44.23,11900,44.25,E
sz300850,新强联,2025-10-13 10:14:48,44.23,8900,44.23,D
sz300850,新强联,2025-10-13 10:14:57,44.22,15900,44.24,D
sz300850,新强联,2025-10-13 10:15:00,44.22,8100,44.22,D
sz300850,新强联,2025-10-13 10:15:06,44.22,6200,44.22,D
sz300850,新强联,2025-10-13 10:15:15,44.31,4700,44.23,U
sz300850,新强联,2025-10-13 10:15:21,44.34,17400,44.33,U
sz300850,新强联,2025-10-13 10:15:33,44.35,10300,44.38,D
sz300850,新强联,2025-10-13 10:15:36,44.37,10100,44.35,U
sz300850,新强联,2025-10-13 10:15:39,44.36,5300,44.37,D
sz300850,新强联,2025-10-13 10:15:45,44.32,20800,44.36,D
sz300850,新强联,2025-10-13 10:15:51,44.34,15500,44.32,U
sz300850,新强联,2025-10-13 10:15:54,44.34,13100,44.34,D
sz300850,新强联,2025-10-13 10:15:57,44.33,5300,44.34,D
sz300850,新强联,2025-10-13 10:16:12,44.27,8500,44.29,D
sz300850,新强联,2025-10-13 10:16:15,44.32,5700,44.27,U
sz300850,新强联,2025-10-13 10:16:24,44.33,8400,44.28,U
sz300850,新强联,2025-10-13 10:16:30,44.35,8200,44.33,U
sz300850,新强联,2025-10-13 10:16:36,44.33,11700,44.35,D
sz300850,新强联,2025-10-13 10:16:51,44.31,6800,44.34,D
sz300850,新强联,2025-10-13 10:16:54,44.32,8500,44.31,D
sz300850,新强联,2025-10-13 10:16:57,44.31,7500,44.32,D
sz300850,新强联,2025-10-13 10:17:03,44.31,5600,44.33,D
sz300850,新强联,2025-10-13 10:17:09,44.37,11500,44.31,U
sz300850,新强联,2025-10-13 10:17:12,44.41,16400,44.37,U
sz300850,新强联,2025-10-13 10:17:15,44.37,8600,44.41,D
sz300850,新强联,2025-10-13 10:17:21,44.3,31900,44.33,D
sz300850,新强联,2025-10-13 10:17:24,44.24,22900,44.3,D
sz300850,新强联,2025-10-13 10:17:33,44.33,10900,44.31,U
sz300850,新强联,2025-10-13 10:17:42,44.36,6300,44.33,U
sz300850,新强联,2025-10-13 10:17:51,44.41,9900,44.39,U
sz300850,新强联,2025-10-13 10:18:42,44.39,6400,44.4,U
sz300850,新强联,2025-10-13 10:18:45,44.39,4900,44.39,U
sz300850,新强联,2025-10-13 10:18:48,44.39,17700,44.39,U
sz300850,新强联,2025-10-13 10:19:03,44.4,5700,44.39,U
sz300850,新强联,2025-10-13 10:19:27,44.45,11800,44.43,U
sz300850,新强联,2025-10-13 10:19:33,44.43,7300,44.45,D
sz300850,新强联,2025-10-13 10:19:36,44.46,6000,44.43,U
sz300850,新强联,2025-10-13 10:19:39,44.56,6600,44.46,U
sz300850,新强联,2025-10-13 10:20:00,44.44,16000,44.47,D
sz300850,新强联,2025-10-13 10:20:03,44.43,10000,44.44,D
sz300850,新强联,2025-10-13 10:20:06,44.42,6100,44.43,D
sz300850,新强联,2025-10-13 10:20:33,44.42,8800,44.39,U
sz300850,新强联,2025-10-13 10:20:36,44.41,57500,44.42,D
sz300850,新强联,2025-10-13 10:20:39,44.54,4800,44.41,U
sz300850,新强联,2025-10-13 10:20:42,44.49,13900,44.54,D
sz300850,新强联,2025-10-13 10:21:03,44.53,9700,44.55,D
sz300850,新强联,2025-10-13 10:21:12,44.52,19300,44.55,D
sz300850,新强联,2025-10-13 10:21:15,44.52,16600,44.52,D
sz300850,新强联,2025-10-13 10:21:21,44.58,12500,44.51,U
sz300850,新强联,2025-10-13 10:21:24,44.62,9600,44.58,U
sz300850,新强联,2025-10-13 10:21:39,44.7,11200,44.62,U
sz300850,新强联,2025-10-13 10:21:42,44.64,22600,44.7,D
sz300850,新强联,2025-10-13 10:21:45,44.71,18400,44.64,U
sz300850,新强联,2025-10-13 10:21:48,44.69,17800,44.71,D
sz300850,新强联,2025-10-13 10:21:51,44.7,19200,44.69,U
sz300850,新强联,2025-10-13 10:22:03,44.71,7400,44.7,D
sz300850,新强联,2025-10-13 10:22:15,44.77,4600,44.77,U
sz300850,新强联,2025-10-13 10:22:30,44.77,32700,44.77,D
sz300850,新强联,2025-10-13 10:22:33,44.78,11900,44.77,U
sz300850,新强联,2025-10-13 10:22:48,44.84,6400,44.83,U
sz300850,新强联,2025-10-13 10:22:51,44.84,12100,44.84,D
sz300850,新强联,2025-10-13 10:23:00,44.83,23300,44.87,D
sz300850,新强联,2025-10-13 10:23:03,44.73,66200,44.83,D
sz300850,新强联,2025-10-13 10:23:06,44.71,6500,44.73,D
sz300850,新强联,2025-10-13 10:23:15,44.7,11100,44.71,D
sz300850,新强联,2025-10-13 10:23:18,44.7,19700,44.7,D
sz300850,新强联,2025-10-13 10:23:24,44.7,7300,44.71,E
sz300850,新强联,2025-10-13 10:23:27,44.7,4700,44.7,U
sz300850,新强联,2025-10-13 10:23:30,44.68,9400,44.7,E
sz300850,新强联,2025-10-13 10:23:33,44.7,14500,44.68,U
sz300850,新强联,2025-10-13 10:24:06,44.7,6600,44.71,D
sz300850,新强联,2025-10-13 10:24:18,44.68,7000,44.69,D
sz300850,新强联,2025-10-13 10:24:30,44.69,5200,44.7,D
sz300850,新强联,2025-10-13 10:24:33,44.75,21600,44.69,U
sz300850,新强联,2025-10-13 10:24:39,44.71,5700,44.7,E
sz300850,新强联,2025-10-13 10:24:42,44.71,5600,44.71,E
sz300850,新强联,2025-10-13 10:25:33,44.74,42400,44.71,U
sz300850,新强联,2025-10-13 10:25:36,44.73,16200,44.74,D
sz300850,新强联,2025-10-13 10:25:39,44.74,33000,44.73,D
sz300850,新强联,2025-10-13 10:25:54,44.81,7300,44.8,U
sz300850,新强联,2025-10-13 10:26:00,44.81,12300,44.81,D
sz300850,新强联,2025-10-13 10:26:18,44.73,6600,44.8,D
sz300850,新强联,2025-10-13 10:26:24,44.8,28400,44.75,U
sz300850,新强联,2025-10-13 10:26:33,44.78,5900,44.8,D
sz300850,新强联,2025-10-13 10:26:51,44.71,42600,44.73,D
sz300850,新强联,2025-10-13 10:27:09,44.68,6200,44.6,U
sz300850,新强联,2025-10-13 10:27:45,44.65,30100,44.63,U
sz300850,新强联,2025-10-13 10:27:48,44.65,8100,44.65,D
sz300850,新强联,2025-10-13 10:28:03,44.74,4500,44.74,U
sz300850,新强联,2025-10-13 10:28:06,44.76,5600,44.74,U
sz300850,新强联,2025-10-13 10:28:15,44.94,26100,44.74,U
sz300850,新强联,2025-10-13 10:28:30,44.89,10400,44.87,U
sz300850,新强联,2025-10-13 10:28:33,45.0,17400,44.89,U
sz300850,新强联,2025-10-13 10:28:36,45.0,20800,45.0,U
sz300850,新强联,2025-10-13 10:29:00,45.0,5700,45.02,D
sz300850,新强联,2025-10-13 10:29:03,45.0,15700,45.0,D
sz300850,新强联,2025-10-13 10:29:15,44.95,6200,44.99,D
sz300850,新强联,2025-10-13 10:29:36,44.89,9300,44.89,D
sz300850,新强联,2025-10-13 10:29:39,44.85,6100,44.89,D
sz300850,新强联,2025-10-13 10:29:42,44.89,7600,44.85,U
sz300850,新强联,2025-10-13 10:29:51,44.99,26300,44.93,U
sz300850,新强联,2025-10-13 10:29:54,44.92,8700,44.99,D
sz300850,新强联,2025-10-13 10:29:57,44.89,4900,44.92,E
sz300850,新强联,2025-10-13 10:30:03,44.92,5900,44.93,D
sz300850,新强联,2025-10-13 10:30:21,44.94,34400,44.96,D
sz300850,新强联,2025-10-13 10:30:42,44.88,4900,44.9,D
sz300850,新强联,2025-10-13 10:30:45,44.86,34400,44.88,D
sz300850,新强联,2025-10-13 10:31:06,44.81,9100,44.86,D
sz300850,新强联,2025-10-13 10:31:09,44.87,13800,44.81,U
sz300850,新强联,2025-10-13 10:31:24,44.88,6600,44.91,D
sz300850,新强联,2025-10-13 10:31:42,44.87,13600,44.88,D
sz300850,新强联,2025-10-13 10:31:45,44.84,7200,44.87,D
sz300850,新强联,2025-10-13 10:32:03,44.77,7800,44.79,D
sz300850,新强联,2025-10-13 10:32:15,44.79,6700,44.78,U
sz300850,新强联,2025-10-13 10:32:30,44.88,6900,44.91,D
sz300850,新强联,2025-10-13 10:32:33,44.92,5500,44.88,U
sz300850,新强联,2025-10-13 10:32:36,44.93,9900,44.92,U
sz300850,新强联,2025-10-13 10:32:45,44.91,23300,44.91,D
sz300850,新强联,2025-10-13 10:33:00,44.9,7500,44.9,U
sz300850,新强联,2025-10-13 10:33:06,44.94,6100,44.9,U
sz300850,新强联,2025-10-13 10:33:12,44.99,10100,44.94,U
sz300850,新强联,2025-10-13 10:33:18,45.01,7800,44.99,U
sz300850,新强联,2025-10-13 10:33:27,44.99,11500,45.03,D
sz300850,新强联,2025-10-13 10:33:36,45.0,12700,44.99,U
sz300850,新强联,2025-10-13 10:33:42,45.0,13200,45.0,D
sz300850,新强联,2025-10-13 10:33:54,45.06,5100,45.01,U
sz300850,新强联,2025-10-13 10:34:03,45.06,10000,45.02,U
sz300850,新强联,2025-10-13 10:34:12,45.03,24400,45.02,U
sz300850,新强联,2025-10-13 10:34:18,44.99,30600,45.02,D
sz300850,新强联,2025-10-13 10:34:42,45.2,8700,45.14,U
sz300850,新强联,2025-10-13 10:34:54,45.18,5900,45.21,D
sz300850,新强联,2025-10-13 10:35:03,45.18,5300,45.18,D
sz300850,新强联,2025-10-13 10:35:12,45.18,20300,45.2,D
sz300850,新强联,2025-10-13 10:35:15,45.14,11100,45.18,D
sz300850,新强联,2025-10-13 10:35:33,45.1,6600,45.06,U
sz300850,新强联,2025-10-13 10:35:36,45.05,12800,45.1,D
sz300850,新强联,2025-10-13 10:35:48,45.07,4600,45.09,D
sz300850,新强联,2025-10-13 10:35:51,45.12,29100,45.07,U
sz300850,新强联,2025-10-13 10:35:57,45.2,10700,45.15,U
sz300850,新强联,2025-10-13 10:36:00,45.2,6700,45.2,U
sz300850,新强联,2025-10-13 10:36:12,45.18,5900,45.18,D
sz300850,新强联,2025-10-13 10:36:18,45.2,13400,45.18,U
sz300850,新强联,2025-10-13 10:36:21,45.22,11700,45.2,U
sz300850,新强联,2025-10-13 10:36:24,45.18,8200,45.22,D
sz300850,新强联,2025-10-13 10:36:27,45.2,8500,45.18,U
sz300850,新强联,2025-10-13 10:36:39,45.21,49800,45.2,U
sz300850,新强联,2025-10-13 10:36:51,45.17,16300,45.18,D
sz300850,新强联,2025-10-13 10:36:54,45.18,18300,45.17,U
sz300850,新强联,2025-10-13 10:37:00,45.17,7100,45.17,D
sz300850,新强联,2025-10-13 10:37:15,45.05,7300,45.08,D
sz300850,新强联,2025-10-13 10:37:18,45.03,12700,45.05,D
sz300850,新强联,2025-10-13 10:37:27,45.08,52200,45.03,U
sz300850,新强联,2025-10-13 10:37:36,45.17,9500,45.08,U
sz300850,新强联,2025-10-13 10:37:51,45.29,11600,45.17,U
sz300850,新强联,2025-10-13 10:38:03,45.24,6000,45.27,D
sz300850,新强联,2025-10-13 10:38:09,45.36,5200,45.33,U
sz300850,新强联,2025-10-13 10:38:12,45.38,9700,45.36,U
sz300850,新强联,2025-10-13 10:38:15,45.38,6300,45.38,D
sz300850,新强联,2025-10-13 10:38:24,45.37,6500,45.38,D
sz300850,新强联,2025-10-13 10:38:27,45.36,13000,45.37,D
sz300850,新强联,2025-10-13 10:38:42,45.37,5300,45.34,U
sz300850,新强联,2025-10-13 10:38:45,45.32,23700,45.37,D
sz300850,新强联,2025-10-13 10:38:51,45.37,18600,45.32,U
sz300850,新强联,2025-10-13 10:38:57,45.38,6600,45.4,D
sz300850,新强联,2025-10-13 10:39:15,45.16,6900,45.16,E
sz300850,新强联,2025-10-13 10:39:42,45.1,7200,45.1,D
sz300850,新强联,2025-10-13 10:40:00,45.05,5300,45.07,D
sz300850,新强联,2025-10-13 10:40:03,45.06,5700,45.05,E
sz300850,新强联,2025-10-13 10:40:06,45.05,11000,45.06,E
sz300850,新强联,2025-10-13 10:40:09,45.06,8200,45.05,E
sz300850,新强联,2025-10-13 10:40:39,45.07,9900,45.06,U
sz300850,新强联,2025-10-13 10:41:54,44.93,4800,44.93,D
sz300850,新强联,2025-10-13 10:42:03,44.93,5500,44.91,E
sz300850,新强联,2025-10-13 10:42:06,44.93,6100,44.93,E
sz300850,新强联,2025-10-13 10:42:54,44.94,5100,44.93,U
sz300850,新强联,2025-10-13 10:43:03,44.93,4800,44.94,D
sz300850,新强联,2025-10-13 10:43:06,44.88,79000,44.93,D
sz300850,新强联,2025-10-13 10:44:51,45.03,7800,45.03,U
sz300850,新强联,2025-10-13 10:45:00,45.0,11900,45.04,D
sz300850,新强联,2025-10-13 10:45:03,44.99,7000,45.0,D
sz300850,新强联,2025-10-13 10:45:06,45.01,7300,44.99,U
sz300850,新强联,2025-10-13 10:45:30,44.98,5000,44.99,D
sz300850,新强联,2025-10-13 10:45:45,44.96,7300,44.99,D
sz300850,新强联,2025-10-13 10:45:57,44.9,38200,44.96,D
sz300850,新强联,2025-10-13 10:46:03,45.0,19900,44.95,U
sz300850,新强联,2025-10-13 10:46:06,45.0,16200,45.0,U
sz300850,新强联,2025-10-13 10:46:36,45.02,7300,45.02,U
sz300850,新强联,2025-10-13 10:46:42,45.02,6200,45.09,D
sz300850,新强联,2025-10-13 10:47:15,45.1,9600,45.19,D
sz300850,新强联,2025-10-13 10:47:24,45.1,5900,45.07,U
sz300850,新强联,2025-10-13 10:47:30,45.1,5600,45.15,D
sz300850,新强联,2025-10-13 10:47:33,45.18,8200,45.1,U
sz300850,新强联,2025-10-13 10:47:39,45.18,8500,45.18,D
sz300850,新强联,2025-10-13 10:47:57,45.15,6200,45.15,D
sz300850,新强联,2025-10-13 10:48:00,45.11,7800,45.15,D
sz300850,新强联,2025-10-13 10:48:27,45.07,24800,45.09,D
sz300850,新强联,2025-10-13 10:48:39,45.02,11200,45.09,D
sz300850,新强联,2025-10-13 10:48:42,45.0,4900,45.02,D
sz300850,新强联,2025-10-13 10:48:57,44.99,9100,45.0,D
sz300850,新强联,2025-10-13 10:49:00,45.0,6500,44.99,U
sz300850,新强联,2025-10-13 10:49:06,45.01,10300,44.99,U
sz300850,新强联,2025-10-13 10:49:24,44.95,17800,45.0,D
sz300850,新强联,2025-10-13 10:49:39,45.0,5400,44.99,U
sz300850,新强联,2025-10-13 10:50:00,45.08,5400,45.15,E
sz300850,新强联,2025-10-13 10:50:03,44.96,6000,45.08,D
sz300850,新强联,2025-10-13 10:50:15,45.1,5200,44.97,U
sz300850,新强联,2025-10-13 10:50:18,45.15,9700,45.1,U
sz300850,新强联,2025-10-13 10:50:24,45.0,7100,45.17,D
sz300850,新强联,2025-10-13 10:50:27,45.1,5100,45.0,U
sz300850,新强联,2025-10-13 10:50:36,45.04,6200,45.1,E
sz300850,新强联,2025-10-13 10:50:42,45.04,5000,44.96,U
sz300850,新强联,2025-10-13 10:50:48,45.08,5100,45.06,U
sz300850,新强联,2025-10-13 10:50:57,44.94,7500,44.97,D
sz300850,新强联,2025-10-13 10:51:09,44.9,4700,44.92,D
sz300850,新强联,2025-10-13 10:51:15,44.85,8200,44.9,D
sz300850,新强联,2025-10-13 10:51:36,44.81,27000,44.82,D
sz300850,新强联,2025-10-13 10:51:42,44.8,8200,44.81,D
sz300850,新强联,2025-10-13 10:52:03,44.76,5600,44.77,D
sz300850,新强联,2025-10-13 10:52:12,44.73,6600,44.74,D
sz300850,新强联,2025-10-13 10:52:15,44.73,6000,44.73,D
sz300850,新强联,2025-10-13 10:52:18,44.79,10200,44.73,U
sz300850,新强联,2025-10-13 10:52:45,44.72,5000,44.76,D
sz300850,新强联,2025-10-13 10:53:18,44.78,7500,44.75,U
sz300850,新强联,2025-10-13 10:53:57,44.83,14800,44.78,U
sz300850,新强联,2025-10-13 10:54:48,44.85,7300,44.85,D
sz300850,新强联,2025-10-13 10:54:51,44.82,9400,44.85,D
sz300850,新强联,2025-10-13 10:55:57,44.76,4600,44.77,D
sz300850,新强联,2025-10-13 10:56:12,44.76,20400,44.76,D
sz300850,新强联,2025-10-13 10:56:21,44.75,6800,44.76,D
sz300850,新强联,2025-10-13 10:56:24,44.75,7900,44.75,D
sz300850,新强联,2025-10-13 10:56:33,44.75,6000,44.75,D
sz300850,新强联,2025-10-13 10:56:54,44.77,5000,44.75,U
sz300850,新强联,2025-10-13 10:57:36,44.77,6600,44.74,U
sz300850,新强联,2025-10-13 10:58:18,44.79,9600,44.76,U
sz300850,新强联,2025-10-13 10:58:39,44.77,14900,44.78,D
sz300850,新强联,2025-10-13 10:58:42,44.76,29800,44.77,D
sz300850,新强联,2025-10-13 10:59:48,44.75,8800,44.75,D
sz300850,新强联,2025-10-13 11:00:03,44.71,7600,44.73,D
sz300850,新强联,2025-10-13 11:00:09,44.7,14600,44.72,D
sz300850,新强联,2025-10-13 11:00:12,44.7,10700,44.7,D
sz300850,新强联,2025-10-13 11:00:21,44.68,6200,44.71,D
sz300850,新强联,2025-10-13 11:00:42,44.68,10100,44.69,D
sz300850,新强联,2025-10-13 11:01:27,44.65,6900,44.64,U
sz300850,新强联,2025-10-13 11:01:48,44.64,26500,44.63,U
sz300850,新强联,2025-10-13 11:02:33,44.73,13600,44.75,D
sz300850,新强联,2025-10-13 11:02:57,44.66,6400,44.68,D
sz300850,新强联,2025-10-13 11:03:15,44.68,5400,44.68,U
sz300850,新强联,2025-10-13 11:03:39,44.68,9700,44.68,D
sz300850,新强联,2025-10-13 11:03:42,44.67,16100,44.68,D
sz300850,新强联,2025-10-13 11:03:45,44.63,9600,44.67,D
sz300850,新强联,2025-10-13 11:03:48,44.62,6500,44.63,D
sz300850,新强联,2025-10-13 11:04:06,44.6,13100,44.61,D
sz300850,新强联,2025-10-13 11:04:12,44.58,4700,44.6,D
sz300850,新强联,2025-10-13 11:04:36,44.58,18000,44.58,U
sz300850,新强联,2025-10-13 11:04:39,44.58,4500,44.58,D
sz300850,新强联,2025-10-13 11:04:45,44.59,14200,44.6,D
sz300850,新强联,2025-10-13 11:05:30,44.59,13000,44.62,D
sz300850,新强联,2025-10-13 11:05:39,44.59,29700,44.59,D
sz300850,新强联,2025-10-13 11:06:00,44.58,18200,44.59,D
sz300850,新强联,2025-10-13 11:06:03,44.62,10900,44.58,U
sz300850,新强联,2025-10-13 11:06:42,44.6,10000,44.62,D
sz300850,新强联,2025-10-13 11:07:21,44.56,20100,44.59,D
sz300850,新强联,2025-10-13 11:07:45,44.61,11200,44.59,U
sz300850,新强联,2025-10-13 11:08:21,44.58,26100,44.6,D
sz300850,新强联,2025-10-13 11:08:48,44.69,10600,44.66,U
sz300850,新强联,2025-10-13 11:08:54,44.74,7200,44.73,U
sz300850,新强联,2025-10-13 11:09:06,44.69,6200,44.71,D
sz300850,新强联,2025-10-13 11:09:21,44.65,4500,44.65,D
sz300850,新强联,2025-10-13 11:09:27,44.67,5200,44.67,U
sz300850,新强联,2025-10-13 11:10:18,44.75,12300,44.72,U
sz300850,新强联,2025-10-13 11:10:27,44.74,10700,44.74,D
sz300850,新强联,2025-10-13 11:10:51,44.74,6600,44.74,D
sz300850,新强联,2025-10-13 11:11:36,44.69,10000,44.69,U
sz300850,新强联,2025-10-13 11:11:51,44.6,24400,44.66,D
sz300850,新强联,2025-10-13 11:12:00,44.59,10300,44.6,E
sz300850,新强联,2025-10-13 11:12:06,44.6,30100,44.58,U
sz300850,新强联,2025-10-13 11:12:33,44.6,6900,44.66,D
sz300850,新强联,2025-10-13 11:12:36,44.6,5300,44.6,D
sz300850,新强联,2025-10-13 11:12:54,44.6,8000,44.6,U
sz300850,新强联,2025-10-13 11:12:57,44.6,13800,44.6,U
sz300850,新强联,2025-10-13 11:13:54,44.61,5500,44.62,D
sz300850,新强联,2025-10-13 11:14:06,44.6,5700,44.61,D
sz300850,新强联,2025-10-13 11:14:15,44.59,5600,44.6,D
sz300850,新强联,2025-10-13 11:14:39,44.58,15800,44.58,D
sz300850,新强联,2025-10-13 11:14:42,44.58,21900,44.58,D
sz300850,新强联,2025-10-13 11:15:27,44.58,4800,44.57,U
sz300850,新强联,2025-10-13 11:15:33,44.58,4900,44.57,U
sz300850,新强联,2025-10-13 11:15:36,44.59,11900,44.58,U
sz300850,新强联,2025-10-13 11:15:51,44.65,12001,44.6,U
sz300850,新强联,2025-10-13 11:16:36,44.62,4600,44.62,D
sz300850,新强联,2025-10-13 11:17:09,44.61,11300,44.59,U
sz300850,新强联,2025-10-13 11:18:09,44.56,9800,44.58,D
sz300850,新强联,2025-10-13 11:18:57,44.58,8400,44.57,E
sz300850,新强联,2025-10-13 11:19:18,44.64,26000,44.58,U
sz300850,新强联,2025-10-13 11:20:33,44.76,6600,44.76,D
sz300850,新强联,2025-10-13 11:20:36,44.76,10500,44.76,D
sz300850,新强联,2025-10-13 11:21:09,44.75,6700,44.77,D
sz300850,新强联,2025-10-13 11:21:15,44.75,6700,44.75,D
sz300850,新强联,2025-10-13 11:21:18,44.74,11600,44.75,D
sz300850,新强联,2025-10-13 11:21:33,44.71,5500,44.74,D
sz300850,新强联,2025-10-13 11:21:48,44.68,4500,44.69,D
sz300850,新强联,2025-10-13 11:22:12,44.62,5000,44.62,D
sz300850,新强联,2025-10-13 11:22:18,44.58,7600,44.58,D
sz300850,新强联,2025-10-13 11:22:21,44.58,7900,44.58,D
sz300850,新强联,2025-10-13 11:22:30,44.59,6100,44.58,E
sz300850,新强联,2025-10-13 11:22:33,44.57,80100,44.59,D
sz300850,新强联,2025-10-13 11:22:36,44.55,5200,44.57,E
sz300850,新强联,2025-10-13 11:22:42,44.55,20900,44.51,U
sz300850,新强联,2025-10-13 11:23:12,44.5,22200,44.51,D
sz300850,新强联,2025-10-13 11:24:03,44.45,4700,44.5,D
sz300850,新强联,2025-10-13 11:24:24,44.41,24600,44.46,D
sz300850,新强联,2025-10-13 11:24:54,44.42,5900,44.42,U
sz300850,新强联,2025-10-13 11:24:57,44.39,16100,44.42,D
sz300850,新强联,2025-10-13 11:25:06,44.42,18400,44.38,U
sz300850,新强联,2025-10-13 11:25:09,44.39,17800,44.42,D
sz300850,新强联,2025-10-13 11:26:33,44.39,5100,44.4,D
sz300850,新强联,2025-10-13 11:26:51,44.37,6400,44.4,D
sz300850,新强联,2025-10-13 11:27:24,44.35,5300,44.36,D
sz300850,新强联,2025-10-13 11:27:51,44.34,8200,44.33,U
sz300850,新强联,2025-10-13 11:27:54,44.34,16700,44.34,U
sz300850,新强联,2025-10-13 11:28:24,44.34,5800,44.32,U
sz300850,新强联,2025-10-13 11:28:48,44.29,41000,44.33,D
sz300850,新强联,2025-10-13 11:28:54,44.29,5200,44.29,U
sz300850,新强联,2025-10-13 11:28:57,44.26,10800,44.29,D
sz300850,新强联,2025-10-13 11:29:06,44.26,4700,44.25,U
sz300850,新强联,2025-10-13 11:29:09,44.29,7300,44.26,U
sz300850,新强联,2025-10-13 11:29:48,44.26,5900,44.26,D
sz300850,新强联,2025-10-13 13:00:00,44.15,33600,44.25,D
sz300850,新强联,2025-10-13 13:00:03,44.23,26500,44.15,U
sz300850,新强联,2025-10-13 13:00:06,44.26,30200,44.23,U
sz300850,新强联,2025-10-13 13:00:09,44.28,4900,44.26,U
sz300850,新强联,2025-10-13 13:00:12,44.31,4700,44.28,U
sz300850,新强联,2025-10-13 13:01:03,44.38,5900,44.38,D
sz300850,新强联,2025-10-13 13:01:06,44.37,8500,44.38,D
sz300850,新强联,2025-10-13 13:01:12,44.37,7200,44.37,D
sz300850,新强联,2025-10-13 13:01:18,44.35,12100,44.37,D
sz300850,新强联,2025-10-13 13:01:21,44.35,4900,44.35,D
sz300850,新强联,2025-10-13 13:02:39,44.19,53000,44.2,D
sz300850,新强联,2025-10-13 13:02:42,44.2,29800,44.19,E
sz300850,新强联,2025-10-13 13:03:03,44.29,6000,44.29,U
sz300850,新强联,2025-10-13 13:03:12,44.19,4800,44.2,D
sz300850,新强联,2025-10-13 13:03:18,44.2,5000,44.19,U
sz300850,新强联,2025-10-13 13:03:54,44.19,9300,44.2,D
sz300850,新强联,2025-10-13 13:04:00,44.19,23600,44.19,U
sz300850,新强联,2025-10-13 13:04:18,44.16,6000,44.19,D
sz300850,新强联,2025-10-13 13:05:00,44.14,15000,44.15,D
sz300850,新强联,2025-10-13 13:05:09,44.12,4600,44.15,D
sz300850,新强联,2025-10-13 13:05:48,44.23,16000,44.19,U
sz300850,新强联,2025-10-13 13:06:09,44.23,6300,44.24,D
sz300850,新强联,2025-10-13 13:06:12,44.23,10300,44.23,U
sz300850,新强联,2025-10-13 13:06:15,44.25,21600,44.23,U
sz300850,新强联,2025-10-13 13:06:30,44.23,4600,44.27,D
sz300850,新强联,2025-10-13 13:07:09,44.28,5400,44.25,U
sz300850,新强联,2025-10-13 13:07:21,44.35,6200,44.28,U
sz300850,新强联,2025-10-13 13:07:45,44.35,7400,44.34,E
sz300850,新强联,2025-10-13 13:08:33,44.33,4700,44.33,D
sz300850,新强联,2025-10-13 13:08:39,44.32,6600,44.32,D
sz300850,新强联,2025-10-13 13:08:45,44.32,5300,44.33,D
sz300850,新强联,2025-10-13 13:09:27,44.46,4700,44.45,E
sz300850,新强联,2025-10-13 13:09:42,44.52,15600,44.49,U
sz300850,新强联,2025-10-13 13:10:03,44.49,18700,44.48,U
sz300850,新强联,2025-10-13 13:11:00,44.5,7400,44.5,D
sz300850,新强联,2025-10-13 13:11:54,44.58,9800,44.5,U
sz300850,新强联,2025-10-13 13:12:24,44.64,9500,44.64,D
sz300850,新强联,2025-10-13 13:13:09,44.6,8900,44.62,D
sz300850,新强联,2025-10-13 13:14:03,44.6,7400,44.6,E
sz300850,新强联,2025-10-13 13:14:42,44.65,6600,44.68,D
sz300850,新强联,2025-10-13 13:15:03,44.63,8200,44.64,D
sz300850,新强联,2025-10-13 13:15:09,44.65,6300,44.63,U
sz300850,新强联,2025-10-13 13:15:15,44.72,6800,44.65,U
sz300850,新强联,2025-10-13 13:15:51,44.7,5300,44.71,D
sz300850,新强联,2025-10-13 13:16:03,44.68,14700,44.69,D
sz300850,新强联,2025-10-13 13:16:33,44.69,12300,44.62,U
sz300850,新强联,2025-10-13 13:17:15,44.6,6100,44.62,D
sz300850,新强联,2025-10-13 13:17:48,44.55,8000,44.58,D
sz300850,新强联,2025-10-13 13:18:54,44.61,8400,44.55,U
sz300850,新强联,2025-10-13 13:19:06,44.57,7200,44.59,D
sz300850,新强联,2025-10-13 13:19:57,44.56,10100,44.56,D
sz300850,新强联,2025-10-13 13:20:15,44.58,5600,44.57,U
sz300850,新强联,2025-10-13 13:21:03,44.59,7200,44.61,D
sz300850,新强联,2025-10-13 13:21:57,44.62,16000,44.59,U
sz300850,新强联,2025-10-13 13:22:09,44.68,27500,44.62,U
sz300850,新强联,2025-10-13 13:22:21,44.7,8600,44.7,U
sz300850,新强联,2025-10-13 13:22:42,44.7,5300,44.7,U
sz300850,新强联,2025-10-13 13:23:21,44.68,7100,44.7,D
sz300850,新强联,2025-10-13 13:23:24,44.68,4500,44.68,D
sz300850,新强联,2025-10-13 13:26:33,44.78,7800,44.79,D
sz300850,新强联,2025-10-13 13:26:48,44.79,5100,44.82,D
sz300850,新强联,2025-10-13 13:26:57,44.79,10800,44.8,D
sz300850,新强联,2025-10-13 13:27:27,44.81,5900,44.84,D
sz300850,新强联,2025-10-13 13:27:33,44.86,5000,44.85,U
sz300850,新强联,2025-10-13 13:27:57,44.87,17000,44.89,D
sz300850,新强联,2025-10-13 13:28:18,44.8,4700,44.8,D
sz300850,新强联,2025-10-13 13:28:36,44.79,10500,44.82,D
sz300850,新强联,2025-10-13 13:29:24,44.77,6900,44.79,D
sz300850,新强联,2025-10-13 13:29:48,44.75,5000,44.75,U
sz300850,新强联,2025-10-13 13:30:06,44.76,8800,44.75,D
sz300850,新强联,2025-10-13 13:30:18,44.7,52300,44.76,D
sz300850,新强联,2025-10-13 13:30:54,44.63,4800,44.63,U
sz300850,新强联,2025-10-13 13:31:42,44.75,5000,44.78,D
sz300850,新强联,2025-10-13 13:31:51,44.74,6400,44.74,D
sz300850,新强联,2025-10-13 13:32:18,44.72,4600,44.7,U
sz300850,新强联,2025-10-13 13:32:30,44.77,13400,44.73,U
sz300850,新强联,2025-10-13 13:32:36,44.77,9200,44.74,U
sz300850,新强联,2025-10-13 13:32:54,44.75,11000,44.77,D
sz300850,新强联,2025-10-13 13:32:57,44.77,77700,44.75,U
sz300850,新强联,2025-10-13 13:34:03,44.79,23000,44.81,D
sz300850,新强联,2025-10-13 13:34:51,44.7,7400,44.7,D
sz300850,新强联,2025-10-13 13:35:09,44.65,7400,44.68,D
sz300850,新强联,2025-10-13 13:35:27,44.58,8900,44.65,D
sz300850,新强联,2025-10-13 13:36:12,44.6,7700,44.64,D
sz300850,新强联,2025-10-13 13:37:09,44.55,4900,44.54,U
sz300850,新强联,2025-10-13 13:37:30,44.57,6400,44.54,U
sz300850,新强联,2025-10-13 13:39:33,44.73,5100,44.73,U
sz300850,新强联,2025-10-13 13:39:51,44.75,12200,44.75,D
sz300850,新强联,2025-10-13 13:40:03,44.76,23100,44.75,U
sz300850,新强联,2025-10-13 13:40:09,44.77,11100,44.76,U
sz300850,新强联,2025-10-13 13:40:21,44.76,5700,44.77,D
sz300850,新强联,2025-10-13 13:40:33,44.75,18600,44.76,D
sz300850,新强联,2025-10-13 13:40:51,44.72,18800,44.74,D
sz300850,新强联,2025-10-13 13:40:54,44.71,4600,44.72,D
sz300850,新强联,2025-10-13 13:41:00,44.71,5800,44.71,D
sz300850,新强联,2025-10-13 13:41:21,44.71,5000,44.68,U
sz300850,新强联,2025-10-13 13:41:45,44.79,5000,44.72,U
sz300850,新强联,2025-10-13 13:42:00,44.79,10900,44.79,D
sz300850,新强联,2025-10-13 13:42:30,44.88,26400,44.83,U
sz300850,新强联,2025-10-13 13:42:51,44.86,24600,44.85,U
sz300850,新强联,2025-10-13 13:42:54,44.86,15200,44.86,D
sz300850,新强联,2025-10-13 13:43:00,44.86,6200,44.86,U
sz300850,新强联,2025-10-13 13:43:03,44.83,9400,44.86,D
sz300850,新强联,2025-10-13 13:43:06,44.83,5900,44.83,D
sz300850,新强联,2025-10-13 13:43:12,44.81,10300,44.83,D
sz300850,新强联,2025-10-13 13:44:00,44.81,9800,44.8,U
sz300850,新强联,2025-10-13 13:44:42,44.83,6400,44.83,D
sz300850,新强联,2025-10-13 13:44:54,44.81,6000,44.82,D
sz300850,新强联,2025-10-13 13:45:03,44.81,30700,44.81,D
sz300850,新强联,2025-10-13 13:45:18,44.81,7400,44.81,D
sz300850,新强联,2025-10-13 13:45:45,44.8,7700,44.77,U
sz300850,新强联,2025-10-13 13:46:00,44.75,9600,44.8,D
sz300850,新强联,2025-10-13 13:46:12,44.76,7300,44.77,U
sz300850,新强联,2025-10-13 13:46:18,44.83,27700,44.74,U
sz300850,新强联,2025-10-13 13:46:21,44.9,10000,44.83,U
sz300850,新强联,2025-10-13 13:46:33,44.96,36600,44.9,U
sz300850,新强联,2025-10-13 13:46:54,44.98,5300,44.97,U
sz300850,新强联,2025-10-13 13:46:57,44.99,23500,44.98,U
sz300850,新强联,2025-10-13 13:47:03,45.01,14700,44.99,U
sz300850,新强联,2025-10-13 13:47:24,45.04,7900,45.04,D
sz300850,新强联,2025-10-13 13:47:27,45.01,10400,45.04,D
sz300850,新强联,2025-10-13 13:47:30,44.99,10900,45.01,D
sz300850,新强联,2025-10-13 13:47:45,45.04,12600,45.01,U
sz300850,新强联,2025-10-13 13:48:33,45.03,4600,45.0,U
sz300850,新强联,2025-10-13 13:49:03,44.99,30300,45.02,D
sz300850,新强联,2025-10-13 13:49:42,44.98,6700,44.98,D
sz300850,新强联,2025-10-13 13:49:51,45.01,5400,44.99,U
sz300850,新强联,2025-10-13 13:50:03,44.96,5100,44.97,D
sz300850,新强联,2025-10-13 13:50:45,44.91,6200,44.91,U
sz300850,新强联,2025-10-13 13:51:21,44.9,9300,44.92,D
sz300850,新强联,2025-10-13 13:51:39,44.9,6400,44.9,D
sz300850,新强联,2025-10-13 13:51:42,44.9,4800,44.9,U
sz300850,新强联,2025-10-13 13:52:18,44.96,5200,44.95,E
sz300850,新强联,2025-10-13 13:52:39,45.0,12700,44.99,U
sz300850,新强联,2025-10-13 13:52:57,45.02,11600,45.01,D
sz300850,新强联,2025-10-13 13:53:30,45.02,5800,45.02,U
sz300850,新强联,2025-10-13 13:53:39,45.04,8500,45.03,U
sz300850,新强联,2025-10-13 13:54:12,45.05,17500,45.05,D
sz300850,新强联,2025-10-13 13:54:33,45.02,9800,45.02,D
sz300850,新强联,2025-10-13 13:54:42,45.0,8600,45.0,D
sz300850,新强联,2025-10-13 13:54:54,44.99,8000,44.98,U
sz300850,新强联,2025-10-13 13:55:54,44.97,13500,44.92,U
sz300850,新强联,2025-10-13 13:55:57,44.92,11900,44.97,D
sz300850,新强联,2025-10-13 13:57:24,44.92,13800,44.91,U
sz300850,新强联,2025-10-13 13:57:36,44.91,11900,44.9,U
sz300850,新强联,2025-10-13 13:59:27,44.99,4700,44.97,U
sz300850,新强联,2025-10-13 13:59:33,45.0,5600,45.0,U
sz300850,新强联,2025-10-13 14:00:00,45.02,14000,45.0,U
sz300850,新强联,2025-10-13 14:00:15,45.06,4700,45.06,U
sz300850,新强联,2025-10-13 14:00:18,45.12,21400,45.06,U
sz300850,新强联,2025-10-13 14:00:27,45.15,61500,45.12,U
sz300850,新强联,2025-10-13 14:00:36,45.25,7600,45.2,U
sz300850,新强联,2025-10-13 14:00:45,45.27,8800,45.25,U
sz300850,新强联,2025-10-13 14:00:48,45.25,7600,45.27,D
sz300850,新强联,2025-10-13 14:00:51,45.26,6100,45.25,U
sz300850,新强联,2025-10-13 14:01:00,45.21,5700,45.26,D
sz300850,新强联,2025-10-13 14:01:03,45.24,6600,45.21,U
sz300850,新强联,2025-10-13 14:01:15,45.2,9100,45.22,D
sz300850,新强联,2025-10-13 14:01:27,45.18,6000,45.18,D
sz300850,新强联,2025-10-13 14:01:45,45.15,7200,45.17,D
sz300850,新强联,2025-10-13 14:01:51,45.15,7700,45.15,D
sz300850,新强联,2025-10-13 14:01:54,45.12,6400,45.15,D
sz300850,新强联,2025-10-13 14:01:57,45.12,6900,45.12,D
sz300850,新强联,2025-10-13 14:02:24,45.09,8100,45.09,U
sz300850,新强联,2025-10-13 14:02:33,45.06,4900,45.09,D
sz300850,新强联,2025-10-13 14:02:36,45.05,5100,45.06,U
sz300850,新强联,2025-10-13 14:02:51,45.02,6100,45.03,D
sz300850,新强联,2025-10-13 14:03:12,44.99,9300,44.97,U
sz300850,新强联,2025-10-13 14:03:15,45.0,7400,44.99,U
sz300850,新强联,2025-10-13 14:03:42,45.02,4700,45.05,D
sz300850,新强联,2025-10-13 14:04:00,45.0,11900,45.03,D
sz300850,新强联,2025-10-13 14:04:27,44.99,5800,44.99,U
sz300850,新强联,2025-10-13 14:05:15,44.99,8400,44.98,U
sz300850,新强联,2025-10-13 14:06:00,45.07,31652,45.09,D
sz300850,新强联,2025-10-13 14:06:03,45.05,4500,45.07,D
sz300850,新强联,2025-10-13 14:06:12,45.0,6800,45.04,D
sz300850,新强联,2025-10-13 14:06:36,45.06,19000,45.02,U
sz300850,新强联,2025-10-13 14:06:45,45.12,10048,45.05,U
sz300850,新强联,2025-10-13 14:06:57,45.13,9100,45.16,U
sz300850,新强联,2025-10-13 14:07:00,45.12,24800,45.13,D
sz300850,新强联,2025-10-13 14:07:18,45.07,5900,45.06,D
sz300850,新强联,2025-10-13 14:07:21,45.12,27300,45.07,U
sz300850,新强联,2025-10-13 14:07:27,45.2,12000,45.12,U
sz300850,新强联,2025-10-13 14:07:42,45.25,6200,45.2,U
sz300850,新强联,2025-10-13 14:07:48,45.21,7000,45.24,E
sz300850,新强联,2025-10-13 14:07:54,45.26,10200,45.23,U
sz300850,新强联,2025-10-13 14:07:57,45.26,10200,45.26,U
sz300850,新强联,2025-10-13 14:08:00,45.28,9000,45.26,U
sz300850,新强联,2025-10-13 14:08:18,45.25,8100,45.24,U
sz300850,新强联,2025-10-13 14:08:39,45.27,18900,45.23,U
sz300850,新强联,2025-10-13 14:09:06,45.2,6700,45.2,U
sz300850,新强联,2025-10-13 14:09:30,45.28,16900,45.23,U
sz300850,新强联,2025-10-13 14:09:36,45.29,6900,45.28,U
sz300850,新强联,2025-10-13 14:09:39,45.29,8000,45.29,U
sz300850,新强联,2025-10-13 14:09:42,45.31,25200,45.29,U
sz300850,新强联,2025-10-13 14:09:48,45.39,9600,45.38,U
sz300850,新强联,2025-10-13 14:09:51,45.43,26900,45.39,U
sz300850,新强联,2025-10-13 14:09:54,45.45,7400,45.43,U
sz300850,新强联,2025-10-13 14:10:09,45.47,4500,45.5,D
sz300850,新强联,2025-10-13 14:10:12,45.46,4400,45.47,D
sz300850,新强联,2025-10-13 14:10:18,45.5,17000,45.5,U
sz300850,新强联,2025-10-13 14:10:21,45.48,6800,45.5,D
sz300850,新强联,2025-10-13 14:10:33,45.47,8600,45.48,D
sz300850,新强联,2025-10-13 14:10:36,45.41,16600,45.47,D
sz300850,新强联,2025-10-13 14:10:39,45.49,8200,45.41,U
sz300850,新强联,2025-10-13 14:10:51,45.5,24500,45.49,U
sz300850,新强联,2025-10-13 14:10:54,45.5,4500,45.5,U
sz300850,新强联,2025-10-13 14:10:57,45.5,4500,45.5,U
sz300850,新强联,2025-10-13 14:11:06,45.55,5500,45.52,U
sz300850,新强联,2025-10-13 14:11:09,45.55,6300,45.55,U
sz300850,新强联,2025-10-13 14:11:15,45.56,16000,45.55,U
sz300850,新强联,2025-10-13 14:11:21,45.58,5800,45.55,U
sz300850,新强联,2025-10-13 14:11:24,45.59,13100,45.58,U
sz300850,新强联,2025-10-13 14:11:30,45.6,16700,45.59,U
sz300850,新强联,2025-10-13 14:11:33,45.6,6100,45.6,D
sz300850,新强联,2025-10-13 14:11:39,45.6,16900,45.62,D
sz300850,新强联,2025-10-13 14:11:42,45.63,14800,45.6,U
sz300850,新强联,2025-10-13 14:11:45,45.64,16100,45.63,U
sz300850,新强联,2025-10-13 14:11:48,45.62,5900,45.64,E
sz300850,新强联,2025-10-13 14:11:51,45.63,16300,45.62,E
sz300850,新强联,2025-10-13 14:11:54,45.63,4900,45.63,U
sz300850,新强联,2025-10-13 14:11:57,45.61,18800,45.63,E
sz300850,新强联,2025-10-13 14:12:03,45.62,16700,45.62,U
sz300850,新强联,2025-10-13 14:12:06,45.62,7200,45.62,U
sz300850,新强联,2025-10-13 14:12:15,45.62,7000,45.63,D
sz300850,新强联,2025-10-13 14:12:30,45.65,15300,45.64,U
sz300850,新强联,2025-10-13 14:12:33,45.65,4900,45.65,D
sz300850,新强联,2025-10-13 14:12:36,45.65,26000,45.65,D
sz300850,新强联,2025-10-13 14:12:42,45.65,9400,45.63,U
sz300850,新强联,2025-10-13 14:12:45,45.63,11300,45.65,D
sz300850,新强联,2025-10-13 14:12:48,45.66,16197,45.63,U
sz300850,新强联,2025-10-13 14:12:51,45.66,11500,45.66,D
sz300850,新强联,2025-10-13 14:12:54,45.68,9600,45.66,U
sz300850,新强联,2025-10-13 14:13:00,45.69,5800,45.68,U
sz300850,新强联,2025-10-13 14:13:06,45.69,8600,45.7,E
sz300850,新强联,2025-10-13 14:13:18,45.7,13800,45.71,D
sz300850,新强联,2025-10-13 14:13:21,45.67,14000,45.7,D
sz300850,新强联,2025-10-13 14:13:24,45.67,14300,45.67,U
sz300850,新强联,2025-10-13 14:13:27,45.64,7200,45.67,D
sz300850,新强联,2025-10-13 14:13:33,45.66,10200,45.63,U
sz300850,新强联,2025-10-13 14:13:36,45.66,5000,45.66,D
sz300850,新强联,2025-10-13 14:13:39,45.7,10900,45.66,U
sz300850,新强联,2025-10-13 14:13:45,45.69,32300,45.67,U
sz300850,新强联,2025-10-13 14:13:48,45.8,7900,45.69,U
sz300850,新强联,2025-10-13 14:13:51,45.88,50100,45.8,U
sz300850,新强联,2025-10-13 14:13:54,45.99,17800,45.88,U
sz300850,新强联,2025-10-13 14:14:00,45.92,9200,45.98,D
sz300850,新强联,2025-10-13 14:14:03,45.97,5800,45.92,U
sz300850,新强联,2025-10-13 14:14:06,45.93,8300,45.97,D
sz300850,新强联,2025-10-13 14:14:09,45.88,7500,45.93,E
sz300850,新强联,2025-10-13 14:14:12,45.85,10300,45.88,E
sz300850,新强联,2025-10-13 14:14:15,45.85,74300,45.85,U
sz300850,新强联,2025-10-13 14:14:18,45.77,98700,45.85,D
sz300850,新强联,2025-10-13 14:14:24,45.73,16700,45.78,D
sz300850,新强联,2025-10-13 14:14:30,45.74,25600,45.73,U
sz300850,新强联,2025-10-13 14:14:51,45.64,5100,45.65,D
sz300850,新强联,2025-10-13 14:14:54,45.64,9600,45.64,D
sz300850,新强联,2025-10-13 14:14:57,45.63,9700,45.64,D
sz300850,新强联,2025-10-13 14:15:09,45.62,6900,45.64,D
sz300850,新强联,2025-10-13 14:15:12,45.62,14300,45.62,D
sz300850,新强联,2025-10-13 14:15:15,45.65,15000,45.62,U
sz300850,新强联,2025-10-13 14:15:21,45.6,7800,45.6,D
sz300850,新强联,2025-10-13 14:15:39,45.5,5100,45.51,D
sz300850,新强联,2025-10-13 14:15:42,45.52,20600,45.5,E
sz300850,新强联,2025-10-13 14:15:57,45.52,6200,45.52,D
sz300850,新强联,2025-10-13 14:16:00,45.56,5700,45.52,U
sz300850,新强联,2025-10-13 14:16:03,45.55,14100,45.56,D
sz300850,新强联,2025-10-13 14:16:12,45.55,4900,45.56,D
sz300850,新强联,2025-10-13 14:16:15,45.55,5000,45.55,D
sz300850,新强联,2025-10-13 14:16:18,45.51,5800,45.55,D
sz300850,新强联,2025-10-13 14:16:24,45.5,8100,45.52,D
sz300850,新强联,2025-10-13 14:16:27,45.46,10400,45.5,D
sz300850,新强联,2025-10-13 14:16:30,45.48,15900,45.46,U
sz300850,新强联,2025-10-13 14:16:39,45.39,7700,45.4,E
sz300850,新强联,2025-10-13 14:16:48,45.39,12600,45.31,U
sz300850,新强联,2025-10-13 14:17:03,45.41,8000,45.42,D
sz300850,新强联,2025-10-13 14:17:21,45.36,9500,45.36,D
sz300850,新强联,2025-10-13 14:17:36,45.48,6959,45.4,U
sz300850,新强联,2025-10-13 14:18:00,45.42,5100,45.42,D
sz300850,新强联,2025-10-13 14:18:51,45.48,5400,45.51,D
sz300850,新强联,2025-10-13 14:19:24,45.54,5000,45.53,U
sz300850,新强联,2025-10-13 14:19:42,45.56,19600,45.55,U
sz300850,新强联,2025-10-13 14:19:48,45.56,5600,45.56,D
sz300850,新强联,2025-10-13 14:19:51,45.56,13900,45.56,D
sz300850,新强联,2025-10-13 14:20:30,45.57,4800,45.58,D
sz300850,新强联,2025-10-13 14:20:33,45.57,11900,45.57,U
sz300850,新强联,2025-10-13 14:20:45,45.57,4900,45.57,U
sz300850,新强联,2025-10-13 14:20:54,45.57,4700,45.57,D
sz300850,新强联,2025-10-13 14:21:00,45.49,67400,45.58,D
sz300850,新强联,2025-10-13 14:21:15,45.5,7700,45.5,D
sz300850,新强联,2025-10-13 14:21:24,45.49,18000,45.5,D
sz300850,新强联,2025-10-13 14:21:48,45.5,15600,45.48,U
sz300850,新强联,2025-10-13 14:22:21,45.5,8700,45.51,D
sz300850,新强联,2025-10-13 14:22:39,45.5,4500,45.49,U
sz300850,新强联,2025-10-13 14:22:51,45.5,4700,45.49,U
sz300850,新强联,2025-10-13 14:23:21,45.48,4800,45.49,D
sz300850,新强联,2025-10-13 14:23:33,45.49,21000,45.5,D
sz300850,新强联,2025-10-13 14:23:39,45.45,7800,45.46,D
sz300850,新强联,2025-10-13 14:24:18,45.4,10600,45.42,D
sz300850,新强联,2025-10-13 14:25:39,45.41,4900,45.42,D
sz300850,新强联,2025-10-13 14:25:42,45.4,12000,45.41,D
sz300850,新强联,2025-10-13 14:25:48,45.4,4800,45.42,D
sz300850,新强联,2025-10-13 14:27:03,45.34,97500,45.45,D
sz300850,新强联,2025-10-13 14:27:24,45.35,16800,45.37,D
sz300850,新强联,2025-10-13 14:27:30,45.38,10700,45.35,U
sz300850,新强联,2025-10-13 14:28:00,45.34,6500,45.36,D
sz300850,新强联,2025-10-13 14:28:03,45.34,11300,45.34,D
sz300850,新强联,2025-10-13 14:28:09,45.32,6900,45.33,D
sz300850,新强联,2025-10-13 14:28:57,45.3,5100,45.31,D
sz300850,新强联,2025-10-13 14:29:03,45.31,7700,45.31,U
sz300850,新强联,2025-10-13 14:29:18,45.3,11700,45.31,D
sz300850,新强联,2025-10-13 14:29:36,45.29,7500,45.29,D
sz300850,新强联,2025-10-13 14:30:03,45.29,10800,45.28,U
sz300850,新强联,2025-10-13 14:30:06,45.28,6600,45.29,D
sz300850,新强联,2025-10-13 14:30:09,45.29,5300,45.28,U
sz300850,新强联,2025-10-13 14:30:21,45.27,10100,45.28,D
sz300850,新强联,2025-10-13 14:30:48,45.3,7100,45.29,U
sz300850,新强联,2025-10-13 14:30:54,45.32,5900,45.32,U
sz300850,新强联,2025-10-13 14:31:12,45.36,5700,45.36,U
sz300850,新强联,2025-10-13 14:32:06,45.42,6200,45.4,U
sz300850,新强联,2025-10-13 14:32:33,45.41,4700,45.43,D
sz300850,新强联,2025-10-13 14:32:36,45.41,10200,45.41,D
sz300850,新强联,2025-10-13 14:33:24,45.45,4600,45.45,U
sz300850,新强联,2025-10-13 14:33:36,45.43,5500,45.45,D
sz300850,新强联,2025-10-13 14:33:48,45.43,5500,45.44,D
sz300850,新强联,2025-10-13 14:34:30,45.45,7500,45.45,U
sz300850,新强联,2025-10-13 14:34:42,45.44,13600,45.44,D
sz300850,新强联,2025-10-13 14:34:54,45.5,28700,45.43,U
sz300850,新强联,2025-10-13 14:35:33,45.49,9700,45.5,D
sz300850,新强联,2025-10-13 14:35:36,45.47,16800,45.49,D
sz300850,新强联,2025-10-13 14:35:42,45.47,17127,45.47,U
sz300850,新强联,2025-10-13 14:35:45,45.43,11500,45.47,D
sz300850,新强联,2025-10-13 14:35:48,45.4,22800,45.43,D
sz300850,新强联,2025-10-13 14:35:51,45.46,32200,45.4,U
sz300850,新强联,2025-10-13 14:36:00,45.38,10800,45.45,D
sz300850,新强联,2025-10-13 14:36:03,45.36,6500,45.38,D
sz300850,新强联,2025-10-13 14:36:09,45.38,4800,45.4,D
sz300850,新强联,2025-10-13 14:36:24,45.44,16500,45.38,U
sz300850,新强联,2025-10-13 14:36:30,45.37,5200,45.44,D
sz300850,新强联,2025-10-13 14:36:36,45.36,7300,45.37,D
sz300850,新强联,2025-10-13 14:36:57,45.36,5700,45.36,D
sz300850,新强联,2025-10-13 14:37:00,45.38,10500,45.36,U
sz300850,新强联,2025-10-13 14:37:12,45.36,7700,45.36,D
sz300850,新强联,2025-10-13 14:37:15,45.34,9500,45.36,D
sz300850,新强联,2025-10-13 14:37:45,45.3,5200,45.31,D
sz300850,新强联,2025-10-13 14:38:21,45.3,9000,45.32,D
sz300850,新强联,2025-10-13 14:38:24,45.3,6300,45.3,D
sz300850,新强联,2025-10-13 14:38:27,45.3,6000,45.3,D
sz300850,新强联,2025-10-13 14:38:30,45.32,4900,45.3,U
sz300850,新强联,2025-10-13 14:38:36,45.34,20500,45.32,U
sz300850,新强联,2025-10-13 14:38:51,45.33,6200,45.31,U
sz300850,新强联,2025-10-13 14:39:09,45.31,11600,45.32,D
sz300850,新强联,2025-10-13 14:39:12,45.31,6700,45.31,D
sz300850,新强联,2025-10-13 14:39:30,45.28,36100,45.3,D
sz300850,新强联,2025-10-13 14:39:36,45.27,6200,45.28,D
sz300850,新强联,2025-10-13 14:39:48,45.24,14300,45.24,D
sz300850,新强联,2025-10-13 14:39:54,45.2,7700,45.22,D
sz300850,新强联,2025-10-13 14:40:12,45.13,5600,45.2,D
sz300850,新强联,2025-10-13 14:40:27,45.24,19600,45.19,U
sz300850,新强联,2025-10-13 14:40:33,45.25,6000,45.19,U
sz300850,新强联,2025-10-13 14:41:06,45.19,10000,45.22,D
sz300850,新强联,2025-10-13 14:41:30,45.2,5100,45.2,D
sz300850,新强联,2025-10-13 14:41:33,45.21,9800,45.2,U
sz300850,新强联,2025-10-13 14:41:39,45.2,9300,45.2,U
sz300850,新强联,2025-10-13 14:41:45,45.2,13000,45.2,U
sz300850,新强联,2025-10-13 14:41:54,45.18,9200,45.18,D
sz300850,新强联,2025-10-13 14:42:03,45.18,4600,45.18,D
sz300850,新强联,2025-10-13 14:42:18,45.19,8000,45.19,D
sz300850,新强联,2025-10-13 14:42:21,45.13,28300,45.19,D
sz300850,新强联,2025-10-13 14:42:24,45.18,13500,45.13,U
sz300850,新强联,2025-10-13 14:42:39,45.1,14900,45.1,D
sz300850,新强联,2025-10-13 14:43:03,45.1,4500,45.08,U
sz300850,新强联,2025-10-13 14:43:06,45.14,23900,45.1,U
sz300850,新强联,2025-10-13 14:43:09,45.04,15121,45.14,D
sz300850,新强联,2025-10-13 14:43:15,45.19,11500,45.04,U
sz300850,新强联,2025-10-13 14:43:24,45.16,4600,45.11,U
sz300850,新强联,2025-10-13 14:43:36,45.21,7400,45.21,U
sz300850,新强联,2025-10-13 14:43:39,45.2,38900,45.21,E
sz300850,新强联,2025-10-13 14:43:45,45.21,8900,45.17,U
sz300850,新强联,2025-10-13 14:43:48,45.19,6500,45.21,E
sz300850,新强联,2025-10-13 14:43:54,45.2,15400,45.21,D
sz300850,新强联,2025-10-13 14:43:57,45.22,9300,45.2,U
sz300850,新强联,2025-10-13 14:45:00,45.21,5400,45.18,U
sz300850,新强联,2025-10-13 14:45:03,45.18,19200,45.21,D
sz300850,新强联,2025-10-13 14:45:06,45.19,4500,45.18,U
sz300850,新强联,2025-10-13 14:45:09,45.22,17100,45.19,U
sz300850,新强联,2025-10-13 14:45:42,45.21,10000,45.21,D
sz300850,新强联,2025-10-13 14:45:51,45.19,26100,45.19,U
sz300850,新强联,2025-10-13 14:45:54,45.12,5300,45.19,D
sz300850,新强联,2025-10-13 14:46:06,45.19,5800,45.19,U
sz300850,新强联,2025-10-13 14:46:21,45.21,10300,45.2,U
sz300850,新强联,2025-10-13 14:46:24,45.21,6000,45.21,U
sz300850,新强联,2025-10-13 14:46:27,45.21,14600,45.21,U
sz300850,新强联,2025-10-13 14:46:33,45.2,4700,45.21,D
sz300850,新强联,2025-10-13 14:46:36,45.21,13800,45.2,U
sz300850,新强联,2025-10-13 14:46:54,45.23,7900,45.22,U
sz300850,新强联,2025-10-13 14:46:57,45.24,15600,45.23,U
sz300850,新强联,2025-10-13 14:47:03,45.23,7500,45.23,D
sz300850,新强联,2025-10-13 14:47:27,45.31,5100,45.3,E
sz300850,新强联,2025-10-13 14:47:45,45.32,25800,45.32,D
sz300850,新强联,2025-10-13 14:47:48,45.31,10200,45.32,D
sz300850,新强联,2025-10-13 14:47:51,45.3,7600,45.31,D
sz300850,新强联,2025-10-13 14:47:54,45.3,9100,45.3,D
sz300850,新强联,2025-10-13 14:48:00,45.28,34600,45.3,D
sz300850,新强联,2025-10-13 14:48:03,45.28,11500,45.28,D
sz300850,新强联,2025-10-13 14:48:09,45.3,5800,45.29,U
sz300850,新强联,2025-10-13 14:48:12,45.3,5300,45.3,U
sz300850,新强联,2025-10-13 14:48:27,45.3,7900,45.3,U
sz300850,新强联,2025-10-13 14:48:33,45.32,6200,45.31,U
sz300850,新强联,2025-10-13 14:48:48,45.33,4600,45.33,D
sz300850,新强联,2025-10-13 14:48:57,45.3,10500,45.34,D
sz300850,新强联,2025-10-13 14:49:06,45.34,5300,45.33,U
sz300850,新强联,2025-10-13 14:49:30,45.34,6800,45.33,U
sz300850,新强联,2025-10-13 14:49:33,45.35,4600,45.34,U
sz300850,新强联,2025-10-13 14:49:36,45.35,5900,45.35,U
sz300850,新强联,2025-10-13 14:49:45,45.36,7500,45.35,U
sz300850,新强联,2025-10-13 14:50:00,45.37,4700,45.36,U
sz300850,新强联,2025-10-13 14:50:03,45.34,9200,45.37,D
sz300850,新强联,2025-10-13 14:50:06,45.33,12400,45.34,D
sz300850,新强联,2025-10-13 14:50:09,45.29,43100,45.33,D
sz300850,新强联,2025-10-13 14:50:12,45.3,42141,45.29,U
sz300850,新强联,2025-10-13 14:50:15,45.3,9959,45.3,U
sz300850,新强联,2025-10-13 14:50:18,45.31,8000,45.3,U
sz300850,新强联,2025-10-13 14:50:24,45.34,5500,45.32,U
sz300850,新强联,2025-10-13 14:50:48,45.36,6100,45.36,D
sz300850,新强联,2025-10-13 14:51:03,45.37,10100,45.37,U
sz300850,新强联,2025-10-13 14:51:12,45.29,59155,45.38,D
sz300850,新强联,2025-10-13 14:51:15,45.35,7800,45.29,U
sz300850,新强联,2025-10-13 14:51:18,45.34,20100,45.35,D
sz300850,新强联,2025-10-13 14:51:24,45.36,10200,45.35,U
sz300850,新强联,2025-10-13 14:51:39,45.3,5000,45.3,D
sz300850,新强联,2025-10-13 14:51:45,45.3,8900,45.36,U
sz300850,新强联,2025-10-13 14:51:48,45.25,4800,45.3,D
sz300850,新强联,2025-10-13 14:52:09,45.25,10600,45.25,D
sz300850,新强联,2025-10-13 14:52:12,45.25,10700,45.25,U
sz300850,新强联,2025-10-13 14:52:36,45.28,4800,45.27,U
sz300850,新强联,2025-10-13 14:52:42,45.27,5600,45.28,U
sz300850,新强联,2025-10-13 14:52:51,45.23,23300,45.25,D
sz300850,新强联,2025-10-13 14:52:54,45.29,12300,45.23,D
sz300850,新强联,2025-10-13 14:53:00,45.29,8200,45.29,D
sz300850,新强联,2025-10-13 14:53:03,45.29,8600,45.29,D
sz300850,新强联,2025-10-13 14:53:06,45.29,8884,45.29,U
sz300850,新强联,2025-10-13 14:53:09,45.28,7816,45.29,E
sz300850,新强联,2025-10-13 14:53:12,45.24,8900,45.28,E
sz300850,新强联,2025-10-13 14:53:15,45.2,24500,45.24,D
sz300850,新强联,2025-10-13 14:53:21,45.19,6800,45.2,D
sz300850,新强联,2025-10-13 14:53:30,45.16,5300,45.19,U
sz300850,新强联,2025-10-13 14:53:39,45.11,8100,45.16,D
sz300850,新强联,2025-10-13 14:53:42,45.17,13000,45.11,U
sz300850,新强联,2025-10-13 14:53:54,45.11,5200,45.13,D
sz300850,新强联,2025-10-13 14:54:00,45.15,6500,45.13,U
sz300850,新强联,2025-10-13 14:54:03,45.16,4600,45.15,U
sz300850,新强联,2025-10-13 14:54:09,45.17,10600,45.16,U
sz300850,新强联,2025-10-13 14:54:15,45.16,6500,45.16,U
sz300850,新强联,2025-10-13 14:54:18,45.15,24800,45.16,D
sz300850,新强联,2025-10-13 14:54:21,45.15,5400,45.15,U
sz300850,新强联,2025-10-13 14:54:24,45.13,15700,45.15,D
sz300850,新强联,2025-10-13 14:54:27,45.15,7800,45.13,U
sz300850,新强联,2025-10-13 14:54:30,45.15,6300,45.15,U
sz300850,新强联,2025-10-13 14:54:33,45.15,4800,45.15,U
sz300850,新强联,2025-10-13 14:54:39,45.13,5000,45.15,D
sz300850,新强联,2025-10-13 14:54:42,45.14,7800,45.13,E
sz300850,新强联,2025-10-13 14:54:45,45.14,5148,45.14,D
sz300850,新强联,2025-10-13 14:54:48,45.14,7352,45.14,D
sz300850,新强联,2025-10-13 14:54:51,45.13,9100,45.14,D
sz300850,新强联,2025-10-13 14:55:03,45.11,12300,45.13,D
sz300850,新强联,2025-10-13 14:55:06,45.11,25400,45.11,D
sz300850,新强联,2025-10-13 14:55:09,45.13,10000,45.11,U
sz300850,新强联,2025-10-13 14:55:12,45.13,9700,45.13,U
sz300850,新强联,2025-10-13 14:55:15,45.13,13482,45.13,U
sz300850,新强联,2025-10-13 14:55:18,45.14,6700,45.13,U
sz300850,新强联,2025-10-13 14:55:21,45.14,4501,45.14,U
sz300850,新强联,2025-10-13 14:55:27,45.1,5817,45.14,D
sz300850,新强联,2025-10-13 14:55:33,45.12,5300,45.12,U
sz300850,新强联,2025-10-13 14:55:39,45.11,7900,45.11,D
sz300850,新强联,2025-10-13 14:55:45,45.09,22600,45.1,D
sz300850,新强联,2025-10-13 14:55:54,45.09,17800,45.1,D
sz300850,新强联,2025-10-13 14:56:00,45.16,7100,45.15,U
sz300850,新强联,2025-10-13 14:56:09,45.13,23300,45.14,D
sz300850,新强联,2025-10-13 14:56:12,45.21,12249,45.13,U
sz300850,新强联,2025-10-13 14:56:15,45.2,12800,45.21,D
sz300850,新强联,2025-10-13 14:56:18,45.2,10000,45.2,D
sz300850,新强联,2025-10-13 14:56:21,45.2,19000,45.2,D
sz300850,新强联,2025-10-13 14:56:24,45.2,12800,45.2,D
sz300850,新强联,2025-10-13 14:56:30,45.2,6100,45.21,D
sz300850,新强联,2025-10-13 14:56:36,45.21,6700,45.2,U
sz300850,新强联,2025-10-13 14:56:39,45.22,8200,45.21,U
sz300850,新强联,2025-10-13 14:56:57,45.22,7000,45.21,U
sz300850,新强联,2025-10-13 14:57:00,45.22,15300,45.22,U
sz300850,新强联,2025-10-13 15:00:00,45.24,159100,45.22,U
