symbol,name,ticktime,price,volume,prev_price,kind
sz300850,新强联,2025-09-22 09:25:00,39.55,105000,0.0,D
sz300850,新强联,2025-09-22 09:30:00,39.55,231600,39.55,U
sz300850,新强联,2025-09-22 09:30:03,39.61,71042,39.55,U
sz300850,新强联,2025-09-22 09:30:06,39.65,61745,39.61,U
sz300850,新强联,2025-09-22 09:30:09,39.87,16983,39.65,U
sz300850,新强联,2025-09-22 09:30:12,39.87,28200,39.87,U
sz300850,新强联,2025-09-22 09:30:15,39.76,14000,39.87,D
sz300850,新强联,2025-09-22 09:30:18,39.7,21100,39.76,D
sz300850,新强联,2025-09-22 09:30:21,39.61,8500,39.7,D
sz300850,新强联,2025-09-22 09:30:24,39.57,13800,39.61,D
sz300850,新强联,2025-09-22 09:30:27,39.5,28158,39.57,D
sz300850,新强联,2025-09-22 09:30:30,39.45,11200,39.5,D
sz300850,新强联,2025-09-22 09:30:33,39.38,12800,39.45,D
sz300850,新强联,2025-09-22 09:30:36,39.14,32000,39.38,D
sz300850,新强联,2025-09-22 09:30:39,39.09,69300,39.14,D
sz300850,新强联,2025-09-22 09:30:42,38.98,49900,39.09,D
sz300850,新强联,2025-09-22 09:30:45,39.14,147400,38.98,U
sz300850,新强联,2025-09-22 09:30:48,39.2,61900,39.14,E
sz300850,新强联,2025-09-22 09:30:51,39.2,34200,39.2,D
sz300850,新强联,2025-09-22 09:30:54,39.08,13400,39.2,D
sz300850,新强联,2025-09-22 09:30:57,38.95,23200,39.08,D
sz300850,新强联,2025-09-22 09:31:00,39.02,41700,38.95,U
sz300850,新强联,2025-09-22 09:31:03,39.05,16779,39.02,E
sz300850,新强联,2025-09-22 09:31:06,39.13,29900,39.05,U
sz300850,新强联,2025-09-22 09:31:09,39.16,26600,39.13,E
sz300850,新强联,2025-09-22 09:31:12,39.13,28100,39.16,D
sz300850,新强联,2025-09-22 09:31:15,39.08,61500,39.13,D
sz300850,新强联,2025-09-22 09:31:18,39.08,9000,39.08,U
sz300850,新强联,2025-09-22 09:31:21,39.07,8600,39.08,D
sz300850,新强联,2025-09-22 09:31:24,39.05,15000,39.07,D
sz300850,新强联,2025-09-22 09:31:27,38.99,8100,39.05,D
sz300850,新强联,2025-09-22 09:31:30,39.0,31200,38.99,U
sz300850,新强联,2025-09-22 09:31:33,39.06,84391,39.0,U
sz300850,新强联,2025-09-22 09:31:36,39.02,8200,39.06,D
sz300850,新强联,2025-09-22 09:31:39,39.07,10784,39.02,E
sz300850,新强联,2025-09-22 09:31:42,39.06,18100,39.07,D
sz300850,新强联,2025-09-22 09:31:48,38.98,23800,39.04,D
sz300850,新强联,2025-09-22 09:31:51,39.0,26000,38.98,U
sz300850,新强联,2025-09-22 09:31:57,39.0,12400,38.99,U
sz300850,新强联,2025-09-22 09:32:00,39.0,6900,39.0,U
sz300850,新强联,2025-09-22 09:32:03,39.02,10100,39.0,U
sz300850,新强联,2025-09-22 09:32:06,38.98,23700,39.02,D
sz300850,新强联,2025-09-22 09:32:09,39.0,26800,38.98,U
sz300850,新强联,2025-09-22 09:32:12,38.96,14400,39.0,D
sz300850,新强联,2025-09-22 09:32:15,38.95,8700,38.96,D
sz300850,新强联,2025-09-22 09:32:18,38.9,12200,38.95,D
sz300850,新强联,2025-09-22 09:32:21,38.89,26200,38.9,D
sz300850,新强联,2025-09-22 09:32:24,38.87,27100,38.89,D
sz300850,新强联,2025-09-22 09:32:27,38.87,14100,38.87,D
sz300850,新强联,2025-09-22 09:32:30,38.86,18500,38.87,D
sz300850,新强联,2025-09-22 09:32:33,38.86,30000,38.86,U
sz300850,新强联,2025-09-22 09:32:36,38.87,44800,38.86,U
sz300850,新强联,2025-09-22 09:32:39,38.91,73504,38.87,U
sz300850,新强联,2025-09-22 09:32:42,38.83,6000,38.91,D
sz300850,新强联,2025-09-22 09:32:45,38.82,29900,38.83,D
sz300850,新强联,2025-09-22 09:32:48,38.76,5300,38.82,D
sz300850,新强联,2025-09-22 09:32:51,38.74,38100,38.76,E
sz300850,新强联,2025-09-22 09:32:54,38.71,17300,38.74,D
sz300850,新强联,2025-09-22 09:32:57,38.68,24600,38.71,D
sz300850,新强联,2025-09-22 09:33:00,38.68,42698,38.68,D
sz300850,新强联,2025-09-22 09:33:03,38.69,24979,38.68,E
sz300850,新强联,2025-09-22 09:33:06,38.76,65900,38.69,U
sz300850,新强联,2025-09-22 09:33:09,38.73,36800,38.76,D
sz300850,新强联,2025-09-22 09:33:12,38.83,49800,38.73,U
sz300850,新强联,2025-09-22 09:33:15,38.83,39000,38.83,D
sz300850,新强联,2025-09-22 09:33:18,38.82,12400,38.83,D
sz300850,新强联,2025-09-22 09:33:21,38.86,11300,38.82,E
sz300850,新强联,2025-09-22 09:33:24,38.91,7900,38.86,U
sz300850,新强联,2025-09-22 09:33:27,38.83,13000,38.91,D
sz300850,新强联,2025-09-22 09:33:30,38.95,12400,38.83,U
sz300850,新强联,2025-09-22 09:33:33,38.9,25900,38.95,D
sz300850,新强联,2025-09-22 09:33:36,38.91,10400,38.9,U
sz300850,新强联,2025-09-22 09:33:42,38.89,8400,38.89,D
sz300850,新强联,2025-09-22 09:33:45,38.88,7100,38.89,D
sz300850,新强联,2025-09-22 09:33:48,38.86,8800,38.88,D
sz300850,新强联,2025-09-22 09:33:57,38.87,120337,38.86,U
sz300850,新强联,2025-09-22 09:34:00,38.86,5300,38.87,D
sz300850,新强联,2025-09-22 09:34:03,38.84,11800,38.86,D
sz300850,新强联,2025-09-22 09:34:06,38.86,14500,38.84,U
sz300850,新强联,2025-09-22 09:34:09,38.86,11500,38.86,U
sz300850,新强联,2025-09-22 09:34:12,38.86,28700,38.86,U
sz300850,新强联,2025-09-22 09:34:15,38.9,9000,38.86,E
sz300850,新强联,2025-09-22 09:34:21,38.94,16000,38.96,D
sz300850,新强联,2025-09-22 09:34:39,38.9,9899,38.89,U
sz300850,新强联,2025-09-22 09:34:42,38.89,5700,38.9,E
sz300850,新强联,2025-09-22 09:34:45,38.88,7200,38.89,D
sz300850,新强联,2025-09-22 09:34:48,38.88,7300,38.88,U
sz300850,新强联,2025-09-22 09:34:51,38.88,13700,38.88,U
sz300850,新强联,2025-09-22 09:34:54,38.88,5400,38.88,D
sz300850,新强联,2025-09-22 09:34:57,38.88,8393,38.88,D
sz300850,新强联,2025-09-22 09:35:00,38.89,6900,38.88,E
sz300850,新强联,2025-09-22 09:35:03,38.89,14500,38.89,D
sz300850,新强联,2025-09-22 09:35:06,39.05,28300,38.89,U
sz300850,新强联,2025-09-22 09:35:09,39.0,8800,39.05,D
sz300850,新强联,2025-09-22 09:35:18,39.02,9100,38.95,U
sz300850,新强联,2025-09-22 09:35:24,38.97,7500,38.97,U
sz300850,新强联,2025-09-22 09:35:27,39.01,13800,38.97,U
sz300850,新强联,2025-09-22 09:35:30,39.01,10200,39.01,U
sz300850,新强联,2025-09-22 09:35:33,39.0,13400,39.01,D
sz300850,新强联,2025-09-22 09:35:45,39.0,26235,38.96,U
sz300850,新强联,2025-09-22 09:35:48,39.03,26205,39.0,U
sz300850,新强联,2025-09-22 09:35:51,39.04,11900,39.03,D
sz300850,新强联,2025-09-22 09:36:00,39.13,16100,39.02,U
sz300850,新强联,2025-09-22 09:36:03,39.15,24400,39.13,U
sz300850,新强联,2025-09-22 09:36:09,39.11,46600,39.14,D
sz300850,新强联,2025-09-22 09:36:12,39.07,7400,39.11,D
sz300850,新强联,2025-09-22 09:36:15,39.07,5400,39.07,D
sz300850,新强联,2025-09-22 09:36:18,39.0,24660,39.07,D
sz300850,新强联,2025-09-22 09:36:21,39.03,17100,39.0,U
sz300850,新强联,2025-09-22 09:36:24,39.02,13800,39.03,E
sz300850,新强联,2025-09-22 09:36:27,39.07,9700,39.02,U
sz300850,新强联,2025-09-22 09:36:30,39.06,8200,39.07,D
sz300850,新强联,2025-09-22 09:36:36,39.04,9500,39.05,D
sz300850,新强联,2025-09-22 09:36:42,39.06,15700,39.05,U
sz300850,新强联,2025-09-22 09:36:45,39.06,6800,39.06,E
sz300850,新强联,2025-09-22 09:36:48,39.02,5800,39.06,E
sz300850,新强联,2025-09-22 09:36:51,39.03,44600,39.02,E
sz300850,新强联,2025-09-22 09:36:54,39.03,5400,39.03,D
sz300850,新强联,2025-09-22 09:37:03,39.02,7800,39.03,D
sz300850,新强联,2025-09-22 09:37:06,39.03,15000,39.02,U
sz300850,新强联,2025-09-22 09:37:09,39.03,10000,39.03,D
sz300850,新强联,2025-09-22 09:37:12,39.02,10200,39.03,E
sz300850,新强联,2025-09-22 09:37:15,39.01,6200,39.02,U
sz300850,新强联,2025-09-22 09:37:18,39.01,39900,39.01,U
sz300850,新强联,2025-09-22 09:37:21,39.08,22500,39.01,D
sz300850,新强联,2025-09-22 09:37:24,39.06,16400,39.08,D
sz300850,新强联,2025-09-22 09:37:36,39.02,7900,39.02,D
sz300850,新强联,2025-09-22 09:37:39,39.01,6900,39.02,D
sz300850,新强联,2025-09-22 09:37:45,39.0,16400,39.0,D
sz300850,新强联,2025-09-22 09:37:48,38.97,60000,39.0,D
sz300850,新强联,2025-09-22 09:37:51,38.99,8300,38.97,U
sz300850,新强联,2025-09-22 09:37:54,39.13,193300,38.99,U
sz300850,新强联,2025-09-22 09:37:57,39.12,12700,39.13,D
sz300850,新强联,2025-09-22 09:38:00,39.14,15100,39.12,E
sz300850,新强联,2025-09-22 09:38:06,39.12,6100,39.15,D
sz300850,新强联,2025-09-22 09:38:09,39.16,53300,39.12,U
sz300850,新强联,2025-09-22 09:38:15,39.23,30300,39.22,E
sz300850,新强联,2025-09-22 09:38:18,39.28,21896,39.23,U
sz300850,新强联,2025-09-22 09:38:21,39.25,9504,39.28,D
sz300850,新强联,2025-09-22 09:38:27,39.25,15600,39.24,U
sz300850,新强联,2025-09-22 09:38:30,39.27,8896,39.25,U
sz300850,新强联,2025-09-22 09:38:45,39.25,5100,39.25,D
sz300850,新强联,2025-09-22 09:38:48,39.25,33200,39.25,D
sz300850,新强联,2025-09-22 09:38:57,39.28,5704,39.25,U
sz300850,新强联,2025-09-22 09:39:00,39.28,13200,39.28,U
sz300850,新强联,2025-09-22 09:39:06,39.32,8996,39.25,U
sz300850,新强联,2025-09-22 09:39:09,39.32,6500,39.32,U
sz300850,新强联,2025-09-22 09:39:15,39.36,6200,39.32,E
sz300850,新强联,2025-09-22 09:39:18,39.35,11500,39.36,D
sz300850,新强联,2025-09-22 09:39:21,39.36,9800,39.35,D
sz300850,新强联,2025-09-22 09:39:24,39.44,5500,39.36,U
sz300850,新强联,2025-09-22 09:39:30,39.41,12100,39.41,D
sz300850,新强联,2025-09-22 09:39:33,39.4,9700,39.41,D
sz300850,新强联,2025-09-22 09:39:36,39.44,27100,39.4,U
sz300850,新强联,2025-09-22 09:39:39,39.52,15700,39.44,U
sz300850,新强联,2025-09-22 09:39:45,39.49,9700,39.45,E
sz300850,新强联,2025-09-22 09:39:48,39.46,5100,39.49,E
sz300850,新强联,2025-09-22 09:39:54,39.48,6100,39.5,E
sz300850,新强联,2025-09-22 09:40:00,39.59,41600,39.48,U
sz300850,新强联,2025-09-22 09:40:03,39.59,15000,39.59,D
sz300850,新强联,2025-09-22 09:40:09,39.57,6800,39.59,D
sz300850,新强联,2025-09-22 09:40:15,39.52,23400,39.54,D
sz300850,新强联,2025-09-22 09:40:18,39.47,22200,39.52,D
sz300850,新强联,2025-09-22 09:40:21,39.44,9500,39.47,D
sz300850,新强联,2025-09-22 09:40:24,39.42,7500,39.44,D
sz300850,新强联,2025-09-22 09:40:27,39.51,25600,39.42,U
sz300850,新强联,2025-09-22 09:40:30,39.42,6800,39.51,E
sz300850,新强联,2025-09-22 09:40:33,39.46,7600,39.42,U
sz300850,新强联,2025-09-22 09:40:39,39.46,43100,39.48,D
sz300850,新强联,2025-09-22 09:40:45,39.37,20500,39.38,E
sz300850,新强联,2025-09-22 09:40:48,39.41,30500,39.37,U
sz300850,新强联,2025-09-22 09:40:51,39.56,42592,39.41,U
sz300850,新强联,2025-09-22 09:40:54,39.62,17600,39.56,U
sz300850,新强联,2025-09-22 09:41:00,39.62,14083,39.66,D
sz300850,新强联,2025-09-22 09:41:06,39.65,5900,39.62,E
sz300850,新强联,2025-09-22 09:41:09,39.6,31517,39.65,D
sz300850,新强联,2025-09-22 09:41:12,39.55,13800,39.6,D
sz300850,新强联,2025-09-22 09:41:18,39.56,11800,39.57,D
sz300850,新强联,2025-09-22 09:41:24,39.51,11400,39.56,D
sz300850,新强联,2025-09-22 09:41:30,39.51,6545,39.51,D
sz300850,新强联,2025-09-22 09:41:33,39.51,20955,39.51,D
sz300850,新强联,2025-09-22 09:41:39,39.56,15900,39.56,U
sz300850,新强联,2025-09-22 09:41:42,39.55,5100,39.56,E
sz300850,新强联,2025-09-22 09:41:45,39.54,9100,39.55,D
sz300850,新强联,2025-09-22 09:41:48,39.54,8900,39.54,D
sz300850,新强联,2025-09-22 09:41:51,39.58,12800,39.54,U
sz300850,新强联,2025-09-22 09:42:03,39.54,19800,39.65,D
sz300850,新强联,2025-09-22 09:42:06,39.46,12055,39.54,D
sz300850,新强联,2025-09-22 09:42:09,39.46,9000,39.46,D
sz300850,新强联,2025-09-22 09:42:18,39.48,7500,39.48,D
sz300850,新强联,2025-09-22 09:42:27,39.6,13575,39.57,U
sz300850,新强联,2025-09-22 09:42:30,39.59,11925,39.6,D
sz300850,新强联,2025-09-22 09:42:33,39.54,6200,39.59,D
sz300850,新强联,2025-09-22 09:42:45,39.52,14200,39.58,D
sz300850,新强联,2025-09-22 09:42:51,39.52,5200,39.52,D
sz300850,新强联,2025-09-22 09:42:54,39.52,6100,39.52,E
sz300850,新强联,2025-09-22 09:42:57,39.5,19800,39.52,D
sz300850,新强联,2025-09-22 09:43:00,39.52,5500,39.5,U
sz300850,新强联,2025-09-22 09:43:03,39.45,9200,39.52,D
sz300850,新强联,2025-09-22 09:43:06,39.46,5500,39.45,U
sz300850,新强联,2025-09-22 09:43:09,39.46,6800,39.46,U
sz300850,新强联,2025-09-22 09:43:12,39.46,10300,39.46,D
sz300850,新强联,2025-09-22 09:43:15,39.44,9300,39.46,D
sz300850,新强联,2025-09-22 09:43:18,39.42,20200,39.44,D
sz300850,新强联,2025-09-22 09:43:33,39.39,6300,39.41,D
sz300850,新强联,2025-09-22 09:43:36,39.47,35566,39.39,U
sz300850,新强联,2025-09-22 09:43:39,39.48,5100,39.47,E
sz300850,新强联,2025-09-22 09:43:42,39.46,5600,39.48,D
sz300850,新强联,2025-09-22 09:43:45,39.45,17000,39.46,D
sz300850,新强联,2025-09-22 09:43:51,39.39,8500,39.4,D
sz300850,新强联,2025-09-22 09:44:03,39.36,14800,39.4,D
sz300850,新强联,2025-09-22 09:44:06,39.39,6700,39.36,U
sz300850,新强联,2025-09-22 09:44:12,39.31,15500,39.31,E
sz300850,新强联,2025-09-22 09:44:15,39.33,9200,39.31,E
sz300850,新强联,2025-09-22 09:44:18,39.38,11800,39.33,E
sz300850,新强联,2025-09-22 09:44:30,39.38,6700,39.36,U
sz300850,新强联,2025-09-22 09:44:33,39.36,6500,39.38,D
sz300850,新强联,2025-09-22 09:44:39,39.32,8400,39.36,D
sz300850,新强联,2025-09-22 09:44:48,39.28,11800,39.3,D
sz300850,新强联,2025-09-22 09:44:51,39.29,7400,39.28,U
sz300850,新强联,2025-09-22 09:44:54,39.29,7800,39.29,U
sz300850,新强联,2025-09-22 09:45:00,39.22,14600,39.23,D
sz300850,新强联,2025-09-22 09:45:06,39.25,14700,39.2,U
sz300850,新强联,2025-09-22 09:45:12,39.17,13000,39.23,D
sz300850,新强联,2025-09-22 09:45:15,39.14,9000,39.17,D
sz300850,新强联,2025-09-22 09:45:18,39.13,32500,39.14,D
sz300850,新强联,2025-09-22 09:45:30,39.1,22500,39.06,U
sz300850,新强联,2025-09-22 09:45:36,39.1,11100,39.14,D
sz300850,新强联,2025-09-22 09:45:45,39.12,11500,39.12,D
sz300850,新强联,2025-09-22 09:45:48,39.09,7900,39.12,D
sz300850,新强联,2025-09-22 09:45:51,39.1,7200,39.09,D
sz300850,新强联,2025-09-22 09:45:54,39.1,8400,39.1,D
sz300850,新强联,2025-09-22 09:45:57,39.15,22800,39.1,U
sz300850,新强联,2025-09-22 09:46:03,39.2,10200,39.17,U
sz300850,新强联,2025-09-22 09:46:24,39.07,23500,39.12,D
sz300850,新强联,2025-09-22 09:46:27,39.08,9800,39.07,U
sz300850,新强联,2025-09-22 09:46:33,39.07,6700,39.06,U
sz300850,新强联,2025-09-22 09:46:36,39.06,8600,39.07,D
sz300850,新强联,2025-09-22 09:46:45,39.12,71800,39.09,U
sz300850,新强联,2025-09-22 09:46:48,39.15,18491,39.12,U
sz300850,新强联,2025-09-22 09:46:54,39.19,5900,39.16,E
sz300850,新强联,2025-09-22 09:47:00,39.24,16100,39.23,U
sz300850,新强联,2025-09-22 09:47:06,39.17,5800,39.18,D
sz300850,新强联,2025-09-22 09:47:12,39.16,11800,39.16,D
sz300850,新强联,2025-09-22 09:47:18,39.12,13300,39.14,D
sz300850,新强联,2025-09-22 09:47:27,39.02,10200,39.09,D
sz300850,新强联,2025-09-22 09:47:30,39.07,10200,39.02,U
sz300850,新强联,2025-09-22 09:47:33,39.0,34800,39.07,D
sz300850,新强联,2025-09-22 09:47:36,39.01,19800,39.0,D
sz300850,新强联,2025-09-22 09:47:39,39.02,10800,39.01,D
sz300850,新强联,2025-09-22 09:48:03,38.97,32900,38.97,D
sz300850,新强联,2025-09-22 09:48:06,38.97,6900,38.97,E
sz300850,新强联,2025-09-22 09:48:09,38.94,6500,38.97,E
sz300850,新强联,2025-09-22 09:48:12,38.98,17500,38.94,U
sz300850,新强联,2025-09-22 09:48:15,38.93,21500,38.98,D
sz300850,新强联,2025-09-22 09:48:18,38.88,36800,38.93,D
sz300850,新强联,2025-09-22 09:48:21,38.89,7200,38.88,U
sz300850,新强联,2025-09-22 09:48:24,38.89,8200,38.89,U
sz300850,新强联,2025-09-22 09:48:27,38.88,5900,38.89,E
sz300850,新强联,2025-09-22 09:48:30,38.95,16600,38.88,U
sz300850,新强联,2025-09-22 09:48:33,38.9,16200,38.95,D
sz300850,新强联,2025-09-22 09:48:36,38.91,8900,38.9,E
sz300850,新强联,2025-09-22 09:48:42,38.9,11300,38.92,D
sz300850,新强联,2025-09-22 09:48:48,38.88,13700,38.89,D
sz300850,新强联,2025-09-22 09:49:00,38.88,5700,38.88,D
sz300850,新强联,2025-09-22 09:49:03,38.86,6100,38.88,D
sz300850,新强联,2025-09-22 09:49:06,38.9,10300,38.86,U
sz300850,新强联,2025-09-22 09:49:18,38.88,9500,38.9,D
sz300850,新强联,2025-09-22 09:49:33,38.89,8500,38.91,D
sz300850,新强联,2025-09-22 09:49:42,38.88,11100,38.88,D
sz300850,新强联,2025-09-22 09:49:45,38.88,41800,38.88,D
sz300850,新强联,2025-09-22 09:49:54,38.91,42900,38.85,U
sz300850,新强联,2025-09-22 09:50:00,38.94,9412,38.9,U
sz300850,新强联,2025-09-22 09:50:15,38.93,6400,38.93,U
sz300850,新强联,2025-09-22 09:50:18,38.95,13800,38.93,U
sz300850,新强联,2025-09-22 09:50:30,38.94,12100,38.95,D
sz300850,新强联,2025-09-22 09:50:33,38.96,8000,38.94,E
sz300850,新强联,2025-09-22 09:50:42,38.96,12100,38.97,D
sz300850,新强联,2025-09-22 09:50:45,38.96,5700,38.96,U
sz300850,新强联,2025-09-22 09:50:54,38.99,8700,38.96,U
sz300850,新强联,2025-09-22 09:51:00,39.0,15900,38.99,U
sz300850,新强联,2025-09-22 09:51:21,39.02,6500,39.06,D
sz300850,新强联,2025-09-22 09:51:24,39.08,26400,39.02,U
sz300850,新强联,2025-09-22 09:51:36,39.13,39200,39.06,U
sz300850,新强联,2025-09-22 09:51:39,39.06,12700,39.13,D
sz300850,新强联,2025-09-22 09:51:42,39.05,15500,39.06,D
sz300850,新强联,2025-09-22 09:51:48,39.11,15000,39.08,U
sz300850,新强联,2025-09-22 09:51:51,39.11,11900,39.11,D
sz300850,新强联,2025-09-22 09:51:54,39.07,16300,39.11,E
sz300850,新强联,2025-09-22 09:51:57,39.09,5500,39.07,U
sz300850,新强联,2025-09-22 09:52:00,39.09,16300,39.09,D
sz300850,新强联,2025-09-22 09:52:03,39.15,14500,39.09,U
sz300850,新强联,2025-09-22 09:52:06,39.23,5500,39.15,U
sz300850,新强联,2025-09-22 09:52:12,39.21,5800,39.26,E
sz300850,新强联,2025-09-22 09:52:18,39.16,8700,39.25,D
sz300850,新强联,2025-09-22 09:52:21,39.15,9400,39.16,D
sz300850,新强联,2025-09-22 09:52:30,39.1,13500,39.14,D
sz300850,新强联,2025-09-22 09:52:33,39.13,70800,39.1,U
sz300850,新强联,2025-09-22 09:52:36,39.17,45900,39.13,U
sz300850,新强联,2025-09-22 09:52:39,39.19,5900,39.17,U
sz300850,新强联,2025-09-22 09:52:45,39.21,8900,39.18,U
sz300850,新强联,2025-09-22 09:52:54,39.26,15300,39.26,U
sz300850,新强联,2025-09-22 09:52:57,39.24,6200,39.26,D
sz300850,新强联,2025-09-22 09:53:06,39.25,8200,39.24,U
sz300850,新强联,2025-09-22 09:53:15,39.16,23300,39.21,D
sz300850,新强联,2025-09-22 09:53:18,39.11,10700,39.16,D
sz300850,新强联,2025-09-22 09:53:24,39.1,18500,39.15,D
sz300850,新强联,2025-09-22 09:53:27,39.09,8200,39.1,D
sz300850,新强联,2025-09-22 09:53:33,39.13,11100,39.1,U
sz300850,新强联,2025-09-22 09:53:36,39.24,5100,39.13,U
sz300850,新强联,2025-09-22 09:53:39,39.15,10400,39.24,D
sz300850,新强联,2025-09-22 09:53:48,39.16,5800,39.16,E
sz300850,新强联,2025-09-22 09:53:54,39.11,19800,39.16,D
sz300850,新强联,2025-09-22 09:53:57,39.12,6400,39.11,D
sz300850,新强联,2025-09-22 09:54:03,39.17,11200,39.09,U
sz300850,新强联,2025-09-22 09:54:06,39.2,26700,39.17,U
sz300850,新强联,2025-09-22 09:54:09,39.17,5200,39.2,D
sz300850,新强联,2025-09-22 09:54:12,39.12,35300,39.17,D
sz300850,新强联,2025-09-22 09:54:15,39.15,6900,39.12,D
sz300850,新强联,2025-09-22 09:54:33,39.15,8500,39.15,U
sz300850,新强联,2025-09-22 09:54:48,39.07,8300,39.1,D
sz300850,新强联,2025-09-22 09:54:57,39.08,9500,39.07,E
sz300850,新强联,2025-09-22 09:55:03,39.15,6799,39.08,U
sz300850,新强联,2025-09-22 09:55:36,39.08,18900,39.09,D
sz300850,新强联,2025-09-22 09:56:00,39.03,7200,39.03,U
sz300850,新强联,2025-09-22 09:56:03,38.98,34200,39.03,D
sz300850,新强联,2025-09-22 09:56:12,38.92,10900,38.96,D
sz300850,新强联,2025-09-22 09:56:15,38.9,10800,38.92,D
sz300850,新强联,2025-09-22 09:56:18,38.9,24200,38.9,D
sz300850,新强联,2025-09-22 09:56:21,38.89,29700,38.9,E
sz300850,新强联,2025-09-22 09:56:24,38.9,11700,38.89,U
sz300850,新强联,2025-09-22 09:56:27,38.9,13000,38.9,U
sz300850,新强联,2025-09-22 09:56:30,38.87,7700,38.9,D
sz300850,新强联,2025-09-22 09:56:33,38.88,5500,38.87,E
sz300850,新强联,2025-09-22 09:56:36,38.87,7800,38.88,D
sz300850,新强联,2025-09-22 09:56:42,38.87,13100,38.86,U
sz300850,新强联,2025-09-22 09:56:45,38.86,19200,38.87,D
sz300850,新强联,2025-09-22 09:56:54,38.86,8700,38.86,U
sz300850,新强联,2025-09-22 09:57:00,38.87,25900,38.85,U
sz300850,新强联,2025-09-22 09:57:03,38.85,8000,38.87,D
sz300850,新强联,2025-09-22 09:57:06,38.86,6300,38.85,E
sz300850,新强联,2025-09-22 09:57:09,38.93,7800,38.86,E
sz300850,新强联,2025-09-22 09:57:27,38.9,14100,38.9,U
sz300850,新强联,2025-09-22 09:57:36,38.86,6300,38.86,D
sz300850,新强联,2025-09-22 09:57:45,38.85,7100,38.86,D
sz300850,新强联,2025-09-22 09:57:51,38.86,5800,38.88,D
sz300850,新强联,2025-09-22 09:57:54,38.86,5500,38.86,U
sz300850,新强联,2025-09-22 09:57:57,38.85,7000,38.86,D
sz300850,新强联,2025-09-22 09:58:03,38.88,11700,38.88,D
sz300850,新强联,2025-09-22 09:58:09,38.87,7100,38.88,D
sz300850,新强联,2025-09-22 09:58:12,38.88,6000,38.87,U
sz300850,新强联,2025-09-22 09:58:15,38.87,9600,38.88,D
sz300850,新强联,2025-09-22 09:58:27,38.85,7400,38.86,D
sz300850,新强联,2025-09-22 09:58:45,38.83,15000,38.85,D
sz300850,新强联,2025-09-22 09:59:00,38.85,9900,38.82,U
sz300850,新强联,2025-09-22 09:59:09,38.86,6000,38.85,U
sz300850,新强联,2025-09-22 09:59:12,38.87,17000,38.86,U
sz300850,新强联,2025-09-22 09:59:39,38.85,20500,38.84,U
sz300850,新强联,2025-09-22 09:59:42,38.82,5600,38.85,U
sz300850,新强联,2025-09-22 09:59:48,38.83,15100,38.85,D
sz300850,新强联,2025-09-22 09:59:57,38.79,65700,38.82,D
sz300850,新强联,2025-09-22 10:00:09,38.78,6000,38.75,E
sz300850,新强联,2025-09-22 10:00:21,38.8,13700,38.79,U
sz300850,新强联,2025-09-22 10:00:24,38.81,20600,38.8,U
sz300850,新强联,2025-09-22 10:00:27,38.8,15700,38.81,D
sz300850,新强联,2025-09-22 10:00:30,38.8,11800,38.8,D
sz300850,新强联,2025-09-22 10:00:33,38.79,8600,38.8,E
sz300850,新强联,2025-09-22 10:00:39,38.78,15400,38.78,D
sz300850,新强联,2025-09-22 10:01:06,38.75,5500,38.76,D
sz300850,新强联,2025-09-22 10:01:09,38.74,5500,38.75,D
sz300850,新强联,2025-09-22 10:01:12,38.73,5200,38.74,D
sz300850,新强联,2025-09-22 10:01:15,38.72,7500,38.73,D
sz300850,新强联,2025-09-22 10:01:21,38.72,9200,38.73,D
sz300850,新强联,2025-09-22 10:01:36,38.73,10800,38.73,U
sz300850,新强联,2025-09-22 10:01:39,38.73,13000,38.73,U
sz300850,新强联,2025-09-22 10:01:51,38.73,8700,38.74,D
sz300850,新强联,2025-09-22 10:01:54,38.71,10000,38.73,D
sz300850,新强联,2025-09-22 10:01:57,38.73,6100,38.71,U
sz300850,新强联,2025-09-22 10:02:03,38.7,5200,38.7,D
sz300850,新强联,2025-09-22 10:02:06,38.72,25300,38.7,U
sz300850,新强联,2025-09-22 10:02:18,38.78,11300,38.75,U
sz300850,新强联,2025-09-22 10:02:21,38.74,6300,38.78,D
sz300850,新强联,2025-09-22 10:02:27,38.75,6300,38.75,D
sz300850,新强联,2025-09-22 10:02:30,38.74,5500,38.75,D
sz300850,新强联,2025-09-22 10:02:33,38.71,7800,38.74,D
sz300850,新强联,2025-09-22 10:02:39,38.81,9300,38.75,U
sz300850,新强联,2025-09-22 10:02:54,38.78,17300,38.82,D
sz300850,新强联,2025-09-22 10:03:06,38.8,6600,38.79,E
sz300850,新强联,2025-09-22 10:03:24,38.88,13700,38.86,U
sz300850,新强联,2025-09-22 10:03:33,38.87,9000,38.9,D
sz300850,新强联,2025-09-22 10:04:09,38.87,5800,38.91,D
sz300850,新强联,2025-09-22 10:04:21,38.85,12600,38.88,D
sz300850,新强联,2025-09-22 10:04:24,38.88,6700,38.85,U
sz300850,新强联,2025-09-22 10:04:30,38.83,13600,38.85,D
sz300850,新强联,2025-09-22 10:04:45,38.9,10600,38.89,U
sz300850,新强联,2025-09-22 10:04:54,38.89,7700,38.9,E
sz300850,新强联,2025-09-22 10:05:03,38.94,9100,38.94,E
sz300850,新强联,2025-09-22 10:05:54,39.02,6300,39.02,D
sz300850,新强联,2025-09-22 10:05:57,39.0,5400,39.02,D
sz300850,新强联,2025-09-22 10:06:06,38.95,7700,38.94,E
sz300850,新强联,2025-09-22 10:06:39,38.96,5200,38.95,E
sz300850,新强联,2025-09-22 10:06:42,38.97,11400,38.96,U
sz300850,新强联,2025-09-22 10:07:03,38.88,19000,38.94,D
sz300850,新强联,2025-09-22 10:07:21,38.84,8500,38.86,D
sz300850,新强联,2025-09-22 10:07:24,38.85,15700,38.84,U
sz300850,新强联,2025-09-22 10:07:36,38.85,10600,38.86,D
sz300850,新强联,2025-09-22 10:08:27,38.87,13700,38.81,U
sz300850,新强联,2025-09-22 10:08:54,38.8,42800,38.88,D
sz300850,新强联,2025-09-22 10:09:18,38.8,9000,38.8,D
sz300850,新强联,2025-09-22 10:10:00,38.81,7400,38.81,D
sz300850,新强联,2025-09-22 10:10:15,38.82,18500,38.8,E
sz300850,新强联,2025-09-22 10:10:30,38.84,13800,38.82,U
sz300850,新强联,2025-09-22 10:10:57,38.82,7800,38.82,D
sz300850,新强联,2025-09-22 10:11:00,38.78,25700,38.82,D
sz300850,新强联,2025-09-22 10:11:03,38.83,14400,38.78,U
sz300850,新强联,2025-09-22 10:11:15,38.84,8400,38.83,D
sz300850,新强联,2025-09-22 10:11:27,38.82,7500,38.83,D
sz300850,新强联,2025-09-22 10:11:30,38.84,9800,38.82,U
sz300850,新强联,2025-09-22 10:11:39,38.81,24900,38.82,D
sz300850,新强联,2025-09-22 10:11:54,38.8,9100,38.8,D
sz300850,新强联,2025-09-22 10:12:24,38.76,13700,38.78,D
sz300850,新强联,2025-09-22 10:12:30,38.77,8000,38.77,U
sz300850,新强联,2025-09-22 10:12:48,38.78,9600,38.78,U
sz300850,新强联,2025-09-22 10:12:51,38.81,10700,38.78,U
sz300850,新强联,2025-09-22 10:13:03,38.79,7200,38.82,D
sz300850,新强联,2025-09-22 10:13:09,38.78,6000,38.78,D
sz300850,新强联,2025-09-22 10:13:18,38.75,6600,38.75,D
sz300850,新强联,2025-09-22 10:13:27,38.78,11400,38.76,U
sz300850,新强联,2025-09-22 10:13:42,38.81,27800,38.79,U
sz300850,新强联,2025-09-22 10:14:00,38.82,5300,38.81,U
sz300850,新强联,2025-09-22 10:14:03,38.85,7100,38.82,U
sz300850,新强联,2025-09-22 10:14:18,38.88,5800,38.87,U
sz300850,新强联,2025-09-22 10:14:36,38.85,12500,38.88,D
sz300850,新强联,2025-09-22 10:15:00,38.8,6900,38.81,D
sz300850,新强联,2025-09-22 10:15:09,38.79,5900,38.8,E
sz300850,新强联,2025-09-22 10:15:12,38.76,6500,38.79,D
sz300850,新强联,2025-09-22 10:15:21,38.76,9500,38.75,U
sz300850,新强联,2025-09-22 10:15:24,38.76,7300,38.76,U
sz300850,新强联,2025-09-22 10:15:27,38.77,5300,38.76,U
sz300850,新强联,2025-09-22 10:15:36,38.75,20300,38.76,D
sz300850,新强联,2025-09-22 10:15:39,38.75,17100,38.75,U
sz300850,新强联,2025-09-22 10:15:42,38.75,6500,38.75,D
sz300850,新强联,2025-09-22 10:15:45,38.76,25400,38.75,U
sz300850,新强联,2025-09-22 10:15:51,38.78,5600,38.77,U
sz300850,新强联,2025-09-22 10:16:03,38.77,6500,38.78,D
sz300850,新强联,2025-09-22 10:16:15,38.77,5500,38.76,U
sz300850,新强联,2025-09-22 10:16:33,38.76,11200,38.75,U
sz300850,新强联,2025-09-22 10:16:42,38.75,6600,38.74,U
sz300850,新强联,2025-09-22 10:16:51,38.74,9600,38.72,U
sz300850,新强联,2025-09-22 10:17:00,38.8,23529,38.76,U
sz300850,新强联,2025-09-22 10:17:21,38.83,12900,38.82,U
sz300850,新强联,2025-09-22 10:17:33,38.84,5200,38.83,U
sz300850,新强联,2025-09-22 10:18:00,38.84,5191,38.86,D
sz300850,新强联,2025-09-22 10:18:24,38.9,11300,38.91,D
sz300850,新强联,2025-09-22 10:18:36,38.83,25091,38.89,D
sz300850,新强联,2025-09-22 10:18:48,38.84,12100,38.82,U
sz300850,新强联,2025-09-22 10:19:18,38.9,13300,38.92,D
sz300850,新强联,2025-09-22 10:19:42,38.9,11300,38.93,D
sz300850,新强联,2025-09-22 10:19:51,38.89,5600,38.89,U
sz300850,新强联,2025-09-22 10:20:00,38.88,7600,38.91,D
sz300850,新强联,2025-09-22 10:20:06,38.92,8100,38.86,U
sz300850,新强联,2025-09-22 10:20:33,38.88,7800,38.89,D
sz300850,新强联,2025-09-22 10:20:39,38.84,18100,38.89,D
sz300850,新强联,2025-09-22 10:20:57,38.78,7200,38.81,D
sz300850,新强联,2025-09-22 10:21:03,38.76,15200,38.77,D
sz300850,新强联,2025-09-22 10:21:48,38.8,9200,38.81,D
sz300850,新强联,2025-09-22 10:22:18,38.8,10400,38.79,U
sz300850,新强联,2025-09-22 10:22:33,38.8,9400,38.81,D
sz300850,新强联,2025-09-22 10:22:51,38.78,7600,38.8,D
sz300850,新强联,2025-09-22 10:22:54,38.8,20400,38.78,U
sz300850,新强联,2025-09-22 10:23:18,38.8,6600,38.8,U
sz300850,新强联,2025-09-22 10:23:51,38.79,5400,38.8,D
sz300850,新强联,2025-09-22 10:24:03,38.8,8300,38.79,U
sz300850,新强联,2025-09-22 10:24:15,38.79,5300,38.81,D
sz300850,新强联,2025-09-22 10:24:27,38.79,6500,38.79,D
sz300850,新强联,2025-09-22 10:24:48,38.79,13400,38.79,D
sz300850,新强联,2025-09-22 10:25:45,38.76,35500,38.82,D
sz300850,新强联,2025-09-22 10:26:54,38.75,9500,38.76,D
sz300850,新强联,2025-09-22 10:26:57,38.76,8400,38.75,U
sz300850,新强联,2025-09-22 10:27:12,38.74,7400,38.75,D
sz300850,新强联,2025-09-22 10:27:57,38.76,6543,38.77,D
sz300850,新强联,2025-09-22 10:28:06,38.76,6357,38.75,U
sz300850,新强联,2025-09-22 10:28:36,38.76,9300,38.77,D
sz300850,新强联,2025-09-22 10:29:06,38.75,7000,38.76,D
sz300850,新强联,2025-09-22 10:29:09,38.76,5710,38.75,U
sz300850,新强联,2025-09-22 10:29:12,38.76,10200,38.76,D
sz300850,新强联,2025-09-22 10:29:15,38.79,21303,38.76,U
sz300850,新强联,2025-09-22 10:30:03,38.84,9100,38.83,E
sz300850,新强联,2025-09-22 10:31:06,38.88,12600,38.88,U
sz300850,新强联,2025-09-22 10:31:12,38.85,7000,38.87,D
sz300850,新强联,2025-09-22 10:31:54,38.84,17400,38.85,D
sz300850,新强联,2025-09-22 10:31:57,38.84,32000,38.84,U
sz300850,新强联,2025-09-22 10:32:03,38.95,13240,38.87,U
sz300850,新强联,2025-09-22 10:32:06,38.95,5500,38.95,U
sz300850,新强联,2025-09-22 10:32:12,38.98,9200,38.94,U
sz300850,新强联,2025-09-22 10:32:15,38.92,7200,38.98,D
sz300850,新强联,2025-09-22 10:32:18,38.91,6100,38.92,D
sz300850,新强联,2025-09-22 10:32:21,38.92,20700,38.91,U
sz300850,新强联,2025-09-22 10:32:30,38.94,6500,38.96,D
sz300850,新强联,2025-09-22 10:32:36,38.91,9900,38.92,D
sz300850,新强联,2025-09-22 10:32:45,38.95,6060,38.91,U
sz300850,新强联,2025-09-22 10:33:00,38.94,8700,38.95,D
sz300850,新强联,2025-09-22 10:33:18,38.89,5200,38.92,D
sz300850,新强联,2025-09-22 10:34:57,38.77,37900,38.8,D
sz300850,新强联,2025-09-22 10:36:39,38.92,6900,38.92,U
sz300850,新强联,2025-09-22 10:37:33,38.87,6400,38.87,D
sz300850,新强联,2025-09-22 10:38:00,38.85,11700,38.84,U
sz300850,新强联,2025-09-22 10:38:03,38.86,10100,38.85,U
sz300850,新强联,2025-09-22 10:38:09,38.88,7600,38.87,U
sz300850,新强联,2025-09-22 10:38:30,38.89,5400,38.89,U
sz300850,新强联,2025-09-22 10:39:39,38.86,6600,38.84,U
sz300850,新强联,2025-09-22 10:40:15,38.85,5400,38.86,D
sz300850,新强联,2025-09-22 10:40:18,38.85,5600,38.85,D
sz300850,新强联,2025-09-22 10:40:45,38.84,5461,38.84,U
sz300850,新强联,2025-09-22 10:40:57,38.88,7897,38.84,U
sz300850,新强联,2025-09-22 10:41:12,38.84,12003,38.87,D
sz300850,新强联,2025-09-22 10:42:12,38.82,7439,38.83,D
sz300850,新强联,2025-09-22 10:42:36,38.8,5200,38.8,D
sz300850,新强联,2025-09-22 10:42:39,38.81,7161,38.8,U
sz300850,新强联,2025-09-22 10:42:45,38.82,6639,38.81,U
sz300850,新强联,2025-09-22 10:42:51,38.79,5800,38.8,D
sz300850,新强联,2025-09-22 10:42:54,38.77,13800,38.79,D
sz300850,新强联,2025-09-22 10:43:00,38.75,25200,38.77,D
sz300850,新强联,2025-09-22 10:43:09,38.76,6600,38.73,U
sz300850,新强联,2025-09-22 10:43:21,38.78,9800,38.77,U
sz300850,新强联,2025-09-22 10:43:27,38.76,12900,38.77,U
sz300850,新强联,2025-09-22 10:43:30,38.72,28500,38.76,D
sz300850,新强联,2025-09-22 10:43:36,38.71,6600,38.72,D
sz300850,新强联,2025-09-22 10:43:42,38.72,8100,38.73,D
sz300850,新强联,2025-09-22 10:43:57,38.75,12300,38.75,U
sz300850,新强联,2025-09-22 10:44:00,38.74,6000,38.75,D
sz300850,新强联,2025-09-22 10:44:18,38.78,7700,38.74,U
sz300850,新强联,2025-09-22 10:44:36,38.72,16642,38.72,D
sz300850,新强联,2025-09-22 10:44:45,38.7,60600,38.72,D
sz300850,新强联,2025-09-22 10:45:03,38.71,31304,38.71,U
sz300850,新强联,2025-09-22 10:45:06,38.7,7400,38.71,D
sz300850,新强联,2025-09-22 10:45:09,38.68,48800,38.7,D
sz300850,新强联,2025-09-22 10:45:30,38.69,5742,38.7,D
sz300850,新强联,2025-09-22 10:46:27,38.7,10900,38.69,U
sz300850,新强联,2025-09-22 10:46:33,38.71,5900,38.7,U
sz300850,新强联,2025-09-22 10:46:36,38.73,12300,38.71,U
sz300850,新强联,2025-09-22 10:47:09,38.7,5200,38.71,D
sz300850,新强联,2025-09-22 10:47:12,38.71,7500,38.7,U
sz300850,新强联,2025-09-22 10:47:15,38.7,32300,38.71,D
sz300850,新强联,2025-09-22 10:47:18,38.7,11900,38.7,D
sz300850,新强联,2025-09-22 10:47:24,38.7,9400,38.69,U
sz300850,新强联,2025-09-22 10:47:51,38.69,8000,38.69,U
sz300850,新强联,2025-09-22 10:48:06,38.67,19477,38.68,D
sz300850,新强联,2025-09-22 10:48:09,38.67,5800,38.67,D
sz300850,新强联,2025-09-22 10:48:15,38.68,5800,38.68,D
sz300850,新强联,2025-09-22 10:48:30,38.68,22100,38.68,U
sz300850,新强联,2025-09-22 10:49:27,38.72,7800,38.73,U
sz300850,新强联,2025-09-22 10:49:45,38.72,22200,38.71,U
sz300850,新强联,2025-09-22 10:49:48,38.7,25300,38.72,D
sz300850,新强联,2025-09-22 10:49:51,38.7,7000,38.7,U
sz300850,新强联,2025-09-22 10:50:09,38.72,5700,38.71,U
sz300850,新强联,2025-09-22 10:50:30,38.77,5600,38.75,U
sz300850,新强联,2025-09-22 10:50:48,38.76,27900,38.73,U
sz300850,新强联,2025-09-22 10:51:57,38.74,9000,38.73,U
sz300850,新强联,2025-09-22 10:52:00,38.71,6400,38.74,D
sz300850,新强联,2025-09-22 10:52:42,38.75,7500,38.74,U
sz300850,新强联,2025-09-22 10:53:06,38.75,7800,38.73,U
sz300850,新强联,2025-09-22 10:53:09,38.76,7000,38.75,U
sz300850,新强联,2025-09-22 10:53:12,38.76,28500,38.76,U
sz300850,新强联,2025-09-22 10:53:54,38.73,5300,38.74,D
sz300850,新强联,2025-09-22 10:54:39,38.76,5200,38.75,U
sz300850,新强联,2025-09-22 10:54:57,38.74,54500,38.79,D
sz300850,新强联,2025-09-22 10:55:00,38.73,9500,38.74,D
sz300850,新强联,2025-09-22 10:55:06,38.76,13600,38.73,U
sz300850,新强联,2025-09-22 10:55:15,38.79,5500,38.79,U
sz300850,新强联,2025-09-22 10:55:18,38.82,16331,38.79,U
sz300850,新强联,2025-09-22 10:56:00,38.85,12897,38.85,D
sz300850,新强联,2025-09-22 10:56:03,38.84,10703,38.85,D
sz300850,新强联,2025-09-22 10:56:06,38.83,10597,38.84,D
sz300850,新强联,2025-09-22 10:56:09,38.86,6000,38.83,U
sz300850,新强联,2025-09-22 10:56:27,38.85,11400,38.87,D
sz300850,新强联,2025-09-22 10:56:42,38.82,6500,38.82,E
sz300850,新强联,2025-09-22 10:56:45,38.83,6700,38.82,U
sz300850,新强联,2025-09-22 10:57:00,38.81,17700,38.82,D
sz300850,新强联,2025-09-22 10:57:03,38.76,21369,38.81,D
sz300850,新强联,2025-09-22 10:57:33,38.72,5700,38.74,D
sz300850,新强联,2025-09-22 10:58:00,38.68,36000,38.7,D
sz300850,新强联,2025-09-22 10:58:18,38.67,5200,38.67,D
sz300850,新强联,2025-09-22 10:58:39,38.65,11300,38.67,D
sz300850,新强联,2025-09-22 10:59:33,38.69,16000,38.68,E
sz300850,新强联,2025-09-22 11:00:00,38.69,11600,38.7,E
sz300850,新强联,2025-09-22 11:00:15,38.72,11700,38.7,U
sz300850,新强联,2025-09-22 11:00:48,38.68,9700,38.7,D
sz300850,新强联,2025-09-22 11:00:54,38.68,12600,38.69,E
sz300850,新强联,2025-09-22 11:01:03,38.68,6600,38.69,D
sz300850,新强联,2025-09-22 11:01:30,38.67,5200,38.69,D
sz300850,新强联,2025-09-22 11:02:03,38.63,10600,38.65,D
sz300850,新强联,2025-09-22 11:02:06,38.63,17200,38.63,D
sz300850,新强联,2025-09-22 11:02:12,38.63,7100,38.63,E
sz300850,新强联,2025-09-22 11:02:18,38.6,22400,38.64,D
sz300850,新强联,2025-09-22 11:02:21,38.62,11900,38.6,E
sz300850,新强联,2025-09-22 11:02:51,38.62,13800,38.62,U
sz300850,新强联,2025-09-22 11:02:54,38.62,6800,38.62,D
sz300850,新强联,2025-09-22 11:03:03,38.65,14400,38.63,U
sz300850,新强联,2025-09-22 11:03:06,38.67,6700,38.65,U
sz300850,新强联,2025-09-22 11:03:27,38.63,8700,38.66,D
sz300850,新强联,2025-09-22 11:03:54,38.66,7000,38.68,D
sz300850,新强联,2025-09-22 11:04:24,38.69,34500,38.68,U
sz300850,新强联,2025-09-22 11:04:27,38.67,5400,38.69,D
sz300850,新强联,2025-09-22 11:06:36,38.62,11100,38.62,D
sz300850,新强联,2025-09-22 11:06:42,38.61,5900,38.62,D
sz300850,新强联,2025-09-22 11:06:51,38.62,7600,38.61,U
sz300850,新强联,2025-09-22 11:07:03,38.63,22300,38.61,U
sz300850,新强联,2025-09-22 11:07:18,38.6,6300,38.61,D
sz300850,新强联,2025-09-22 11:07:51,38.56,60831,38.61,D
sz300850,新强联,2025-09-22 11:07:54,38.58,6900,38.56,E
sz300850,新强联,2025-09-22 11:08:12,38.55,11400,38.58,D
sz300850,新强联,2025-09-22 11:08:18,38.57,5400,38.55,U
sz300850,新强联,2025-09-22 11:08:24,38.56,5500,38.57,D
sz300850,新强联,2025-09-22 11:08:27,38.56,16800,38.56,D
sz300850,新强联,2025-09-22 11:08:30,38.56,13800,38.56,U
sz300850,新强联,2025-09-22 11:08:33,38.55,13400,38.56,D
sz300850,新强联,2025-09-22 11:08:42,38.55,5900,38.55,D
sz300850,新强联,2025-09-22 11:09:09,38.57,15300,38.55,U
sz300850,新强联,2025-09-22 11:09:24,38.57,11500,38.57,D
sz300850,新强联,2025-09-22 11:09:39,38.56,16600,38.56,U
sz300850,新强联,2025-09-22 11:09:42,38.57,30237,38.56,U
sz300850,新强联,2025-09-22 11:10:06,38.55,9500,38.55,U
sz300850,新强联,2025-09-22 11:10:09,38.55,6100,38.55,U
sz300850,新强联,2025-09-22 11:10:48,38.6,12400,38.58,U
sz300850,新强联,2025-09-22 11:11:06,38.58,8400,38.59,D
sz300850,新强联,2025-09-22 11:11:09,38.61,5800,38.58,U
sz300850,新强联,2025-09-22 11:12:06,38.57,13500,38.57,D
sz300850,新强联,2025-09-22 11:12:09,38.58,5200,38.57,U
sz300850,新强联,2025-09-22 11:12:12,38.59,41600,38.58,U
sz300850,新强联,2025-09-22 11:12:15,38.6,7300,38.59,U
sz300850,新强联,2025-09-22 11:12:27,38.58,5700,38.6,D
sz300850,新强联,2025-09-22 11:12:30,38.59,6900,38.58,E
sz300850,新强联,2025-09-22 11:13:06,38.58,14100,38.58,D
sz300850,新强联,2025-09-22 11:13:15,38.58,5400,38.59,D
sz300850,新强联,2025-09-22 11:13:39,38.54,38700,38.57,D
sz300850,新强联,2025-09-22 11:14:00,38.5,10800,38.51,D
sz300850,新强联,2025-09-22 11:14:03,38.5,14000,38.5,D
sz300850,新强联,2025-09-22 11:14:06,38.5,7300,38.5,D
sz300850,新强联,2025-09-22 11:14:09,38.5,34700,38.5,D
sz300850,新强联,2025-09-22 11:14:12,38.5,8500,38.5,D
sz300850,新强联,2025-09-22 11:14:15,38.48,12700,38.5,D
sz300850,新强联,2025-09-22 11:14:30,38.48,6200,38.48,D
sz300850,新强联,2025-09-22 11:15:00,38.49,19200,38.5,D
sz300850,新强联,2025-09-22 11:15:12,38.46,8865,38.48,D
sz300850,新强联,2025-09-22 11:15:21,38.45,7800,38.45,U
sz300850,新强联,2025-09-22 11:15:24,38.45,5600,38.45,U
sz300850,新强联,2025-09-22 11:15:33,38.46,14900,38.47,D
sz300850,新强联,2025-09-22 11:15:45,38.45,5300,38.45,U
sz300850,新强联,2025-09-22 11:15:48,38.46,7100,38.45,U
sz300850,新强联,2025-09-22 11:15:51,38.48,14487,38.46,U
sz300850,新强联,2025-09-22 11:16:42,38.44,36800,38.46,D
sz300850,新强联,2025-09-22 11:16:48,38.41,26700,38.42,D
sz300850,新强联,2025-09-22 11:16:51,38.4,13600,38.41,D
sz300850,新强联,2025-09-22 11:17:06,38.39,18300,38.4,D
sz300850,新强联,2025-09-22 11:17:09,38.4,8900,38.39,U
sz300850,新强联,2025-09-22 11:17:18,38.45,27100,38.4,U
sz300850,新强联,2025-09-22 11:17:45,38.45,8500,38.45,D
sz300850,新强联,2025-09-22 11:18:12,38.45,11000,38.44,U
sz300850,新强联,2025-09-22 11:18:45,38.45,6600,38.46,D
sz300850,新强联,2025-09-22 11:19:21,38.41,11700,38.43,D
sz300850,新强联,2025-09-22 11:19:24,38.43,7200,38.41,U
sz300850,新强联,2025-09-22 11:20:00,38.39,6700,38.4,D
sz300850,新强联,2025-09-22 11:20:06,38.4,8400,38.41,D
sz300850,新强联,2025-09-22 11:20:09,38.45,18800,38.4,U
sz300850,新强联,2025-09-22 11:20:18,38.48,10283,38.45,U
sz300850,新强联,2025-09-22 11:20:27,38.47,6700,38.49,D
sz300850,新强联,2025-09-22 11:21:30,38.58,72500,38.56,U
sz300850,新强联,2025-09-22 11:21:54,38.63,10700,38.62,U
sz300850,新强联,2025-09-22 11:22:51,38.73,9600,38.71,U
sz300850,新强联,2025-09-22 11:23:06,38.79,21000,38.73,U
sz300850,新强联,2025-09-22 11:23:09,38.8,6900,38.79,U
sz300850,新强联,2025-09-22 11:23:45,38.83,14200,38.84,D
sz300850,新强联,2025-09-22 11:23:57,38.82,8000,38.81,E
sz300850,新强联,2025-09-22 11:24:39,38.78,10900,38.79,D
sz300850,新强联,2025-09-22 11:25:00,38.77,5900,38.78,D
sz300850,新强联,2025-09-22 11:25:42,38.82,8500,38.81,U
sz300850,新强联,2025-09-22 11:26:06,38.72,8300,38.76,D
sz300850,新强联,2025-09-22 11:26:39,38.74,10700,38.75,D
sz300850,新强联,2025-09-22 11:28:21,38.75,11600,38.74,U
sz300850,新强联,2025-09-22 11:28:36,38.76,11100,38.76,U
sz300850,新强联,2025-09-22 11:29:36,38.75,10200,38.74,U
sz300850,新强联,2025-09-22 13:00:00,38.75,31900,38.75,U
sz300850,新强联,2025-09-22 13:00:06,38.72,27100,38.75,D
sz300850,新强联,2025-09-22 13:00:09,38.64,6000,38.72,D
sz300850,新强联,2025-09-22 13:00:48,38.66,10300,38.67,D
sz300850,新强联,2025-09-22 13:01:36,38.66,7300,38.68,D
sz300850,新强联,2025-09-22 13:02:39,38.65,5900,38.65,U
sz300850,新强联,2025-09-22 13:02:48,38.64,8111,38.65,D
sz300850,新强联,2025-09-22 13:02:57,38.58,6300,38.6,D
sz300850,新强联,2025-09-22 13:03:48,38.59,6200,38.6,D
sz300850,新强联,2025-09-22 13:04:36,38.58,11400,38.55,U
sz300850,新强联,2025-09-22 13:04:42,38.57,5900,38.59,D
sz300850,新强联,2025-09-22 13:06:06,38.62,5200,38.59,U
sz300850,新强联,2025-09-22 13:06:12,38.58,6100,38.62,D
sz300850,新强联,2025-09-22 13:06:57,38.62,7000,38.6,U
sz300850,新强联,2025-09-22 13:08:36,38.71,6800,38.73,E
sz300850,新强联,2025-09-22 13:08:48,38.77,7300,38.74,U
sz300850,新强联,2025-09-22 13:10:00,38.66,6800,38.73,D
sz300850,新强联,2025-09-22 13:11:48,38.71,9800,38.72,D
sz300850,新强联,2025-09-22 13:12:12,38.67,5300,38.66,U
sz300850,新强联,2025-09-22 13:13:00,38.67,6600,38.7,D
sz300850,新强联,2025-09-22 13:13:39,38.61,14500,38.65,D
sz300850,新强联,2025-09-22 13:14:03,38.67,5500,38.64,U
sz300850,新强联,2025-09-22 13:14:42,38.65,5800,38.66,D
sz300850,新强联,2025-09-22 13:14:45,38.64,14183,38.65,D
sz300850,新强联,2025-09-22 13:15:57,38.59,10300,38.61,D
sz300850,新强联,2025-09-22 13:16:06,38.57,12200,38.58,D
sz300850,新强联,2025-09-22 13:16:09,38.58,10200,38.57,U
sz300850,新强联,2025-09-22 13:16:39,38.6,9700,38.64,D
sz300850,新强联,2025-09-22 13:17:48,38.63,6300,38.62,U
sz300850,新强联,2025-09-22 13:19:18,38.63,19700,38.63,U
sz300850,新强联,2025-09-22 13:19:30,38.63,26100,38.67,D
sz300850,新强联,2025-09-22 13:20:33,38.66,8400,38.65,U
sz300850,新强联,2025-09-22 13:21:54,38.73,5800,38.71,U
sz300850,新强联,2025-09-22 13:24:21,38.74,6700,38.76,D
sz300850,新强联,2025-09-22 13:25:00,38.68,10900,38.72,D
sz300850,新强联,2025-09-22 13:29:09,38.7,15500,38.72,D
sz300850,新强联,2025-09-22 13:29:12,38.68,9300,38.7,D
sz300850,新强联,2025-09-22 13:30:27,38.74,6200,38.75,D
sz300850,新强联,2025-09-22 13:32:06,38.79,28200,38.8,D
sz300850,新强联,2025-09-22 13:32:54,38.7,14100,38.73,D
sz300850,新强联,2025-09-22 13:33:00,38.7,12900,38.7,D
sz300850,新强联,2025-09-22 13:33:09,38.73,7200,38.71,U
sz300850,新强联,2025-09-22 13:33:21,38.74,9400,38.74,D
sz300850,新强联,2025-09-22 13:33:45,38.72,13100,38.73,D
sz300850,新强联,2025-09-22 13:34:06,38.74,9100,38.72,U
sz300850,新强联,2025-09-22 13:34:21,38.65,9000,38.68,D
sz300850,新强联,2025-09-22 13:34:24,38.66,9400,38.65,U
sz300850,新强联,2025-09-22 13:34:33,38.69,9800,38.66,U
sz300850,新强联,2025-09-22 13:34:39,38.68,5700,38.68,D
sz300850,新强联,2025-09-22 13:34:48,38.68,11200,38.68,D
sz300850,新强联,2025-09-22 13:34:51,38.7,11700,38.68,U
sz300850,新强联,2025-09-22 13:35:30,38.73,5400,38.75,D
sz300850,新强联,2025-09-22 13:36:03,38.68,7700,38.7,D
sz300850,新强联,2025-09-22 13:36:18,38.68,9300,38.68,D
sz300850,新强联,2025-09-22 13:37:09,38.62,76400,38.65,D
sz300850,新强联,2025-09-22 13:37:36,38.57,23800,38.57,D
sz300850,新强联,2025-09-22 13:38:54,38.57,7500,38.6,D
sz300850,新强联,2025-09-22 13:39:54,38.65,23100,38.65,D
sz300850,新强联,2025-09-22 13:40:09,38.65,20400,38.65,D
sz300850,新强联,2025-09-22 13:40:45,38.6,6200,38.61,D
sz300850,新强联,2025-09-22 13:41:03,38.63,9900,38.63,D
sz300850,新强联,2025-09-22 13:41:54,38.59,6100,38.59,D
sz300850,新强联,2025-09-22 13:42:03,38.54,17900,38.59,D
sz300850,新强联,2025-09-22 13:42:09,38.53,6400,38.53,D
sz300850,新强联,2025-09-22 13:42:24,38.5,11400,38.53,D
sz300850,新强联,2025-09-22 13:42:27,38.55,13000,38.5,U
sz300850,新强联,2025-09-22 13:42:30,38.55,9510,38.55,U
sz300850,新强联,2025-09-22 13:44:15,38.44,6900,38.46,D
sz300850,新强联,2025-09-22 13:44:21,38.46,11100,38.46,U
sz300850,新强联,2025-09-22 13:44:27,38.48,18800,38.45,U
sz300850,新强联,2025-09-22 13:45:48,38.5,6693,38.47,U
sz300850,新强联,2025-09-22 13:46:09,38.5,8100,38.52,D
sz300850,新强联,2025-09-22 13:51:09,38.51,13600,38.52,D
sz300850,新强联,2025-09-22 13:51:39,38.48,6700,38.5,D
sz300850,新强联,2025-09-22 13:52:30,38.52,11100,38.5,U
sz300850,新强联,2025-09-22 13:53:12,38.45,14000,38.46,D
sz300850,新强联,2025-09-22 13:53:15,38.45,8650,38.45,U
sz300850,新强联,2025-09-22 13:53:18,38.47,5900,38.45,U
sz300850,新强联,2025-09-22 13:55:48,38.46,6700,38.46,D
sz300850,新强联,2025-09-22 13:55:57,38.45,11300,38.45,D
sz300850,新强联,2025-09-22 13:56:12,38.46,6500,38.45,U
sz300850,新强联,2025-09-22 13:56:57,38.41,24200,38.42,D
sz300850,新强联,2025-09-22 13:57:09,38.4,44100,38.41,D
sz300850,新强联,2025-09-22 13:57:12,38.4,17600,38.4,U
sz300850,新强联,2025-09-22 13:57:15,38.4,6500,38.4,U
sz300850,新强联,2025-09-22 13:58:06,38.39,8600,38.4,D
sz300850,新强联,2025-09-22 13:58:48,38.38,66300,38.38,D
sz300850,新强联,2025-09-22 13:58:51,38.38,7200,38.38,D
sz300850,新强联,2025-09-22 13:59:03,38.38,7800,38.38,D
sz300850,新强联,2025-09-22 13:59:06,38.38,5700,38.38,U
sz300850,新强联,2025-09-22 13:59:12,38.39,6200,38.38,U
sz300850,新强联,2025-09-22 13:59:15,38.4,7500,38.39,U
sz300850,新强联,2025-09-22 14:00:03,38.38,35800,38.38,D
sz300850,新强联,2025-09-22 14:01:03,38.33,6700,38.36,D
sz300850,新强联,2025-09-22 14:01:15,38.31,61700,38.32,D
sz300850,新强联,2025-09-22 14:03:45,38.37,8000,38.39,D
sz300850,新强联,2025-09-22 14:03:48,38.33,16600,38.37,D
sz300850,新强联,2025-09-22 14:04:21,38.33,5800,38.33,D
sz300850,新强联,2025-09-22 14:04:45,38.33,12800,38.34,D
sz300850,新强联,2025-09-22 14:04:48,38.32,13700,38.33,D
sz300850,新强联,2025-09-22 14:05:06,38.29,13700,38.3,D
sz300850,新强联,2025-09-22 14:05:18,38.3,8500,38.28,U
sz300850,新强联,2025-09-22 14:06:36,38.31,10800,38.29,U
sz300850,新强联,2025-09-22 14:06:54,38.28,6700,38.3,D
sz300850,新强联,2025-09-22 14:07:03,38.27,6400,38.28,D
sz300850,新强联,2025-09-22 14:07:06,38.27,7400,38.27,D
sz300850,新强联,2025-09-22 14:08:03,38.31,11700,38.29,U
sz300850,新强联,2025-09-22 14:08:06,38.34,9995,38.31,U
sz300850,新强联,2025-09-22 14:09:27,38.38,14200,38.38,U
sz300850,新强联,2025-09-22 14:10:27,38.44,6100,38.47,D
sz300850,新强联,2025-09-22 14:10:54,38.43,5400,38.44,D
sz300850,新强联,2025-09-22 14:11:00,38.41,9200,38.43,D
sz300850,新强联,2025-09-22 14:11:03,38.39,7452,38.41,D
sz300850,新强联,2025-09-22 14:11:09,38.39,14200,38.39,D
sz300850,新强联,2025-09-22 14:13:06,38.4,9100,38.43,D
sz300850,新强联,2025-09-22 14:13:18,38.4,26300,38.4,D
sz300850,新强联,2025-09-22 14:15:06,38.44,36200,38.46,D
sz300850,新强联,2025-09-22 14:15:09,38.45,9000,38.44,U
sz300850,新强联,2025-09-22 14:15:15,38.43,6500,38.45,D
sz300850,新强联,2025-09-22 14:15:27,38.43,9000,38.44,D
sz300850,新强联,2025-09-22 14:17:00,38.44,6300,38.48,D
sz300850,新强联,2025-09-22 14:18:12,38.41,8000,38.43,D
sz300850,新强联,2025-09-22 14:18:33,38.4,5400,38.4,D
sz300850,新强联,2025-09-22 14:18:36,38.38,10200,38.4,D
sz300850,新强联,2025-09-22 14:18:51,38.4,9200,38.39,U
sz300850,新强联,2025-09-22 14:20:30,38.48,5300,38.5,D
sz300850,新强联,2025-09-22 14:20:33,38.43,7400,38.48,D
sz300850,新强联,2025-09-22 14:21:06,38.45,5700,38.46,D
sz300850,新强联,2025-09-22 14:21:12,38.44,8200,38.44,U
sz300850,新强联,2025-09-22 14:21:51,38.46,5700,38.47,D
sz300850,新强联,2025-09-22 14:22:09,38.46,22400,38.48,D
sz300850,新强联,2025-09-22 14:22:48,38.47,6700,38.47,U
sz300850,新强联,2025-09-22 14:24:03,38.42,7200,38.46,D
sz300850,新强联,2025-09-22 14:25:48,38.47,5500,38.46,U
sz300850,新强联,2025-09-22 14:26:06,38.46,6100,38.45,U
sz300850,新强联,2025-09-22 14:26:27,38.48,7600,38.48,U
sz300850,新强联,2025-09-22 14:27:12,38.44,18200,38.46,D
sz300850,新强联,2025-09-22 14:27:54,38.45,9000,38.46,D
sz300850,新强联,2025-09-22 14:28:18,38.48,9800,38.48,U
sz300850,新强联,2025-09-22 14:28:48,38.49,12900,38.49,U
sz300850,新强联,2025-09-22 14:28:57,38.48,9300,38.48,D
sz300850,新强联,2025-09-22 14:30:09,38.5,20500,38.47,U
sz300850,新强联,2025-09-22 14:30:27,38.52,12100,38.51,U
sz300850,新强联,2025-09-22 14:30:36,38.51,5300,38.52,D
sz300850,新强联,2025-09-22 14:31:18,38.55,9900,38.56,D
sz300850,新强联,2025-09-22 14:31:21,38.56,7400,38.55,U
sz300850,新强联,2025-09-22 14:31:24,38.56,7600,38.56,D
sz300850,新强联,2025-09-22 14:31:57,38.59,6700,38.58,U
sz300850,新强联,2025-09-22 14:32:06,38.63,6500,38.59,U
sz300850,新强联,2025-09-22 14:32:21,38.61,7600,38.64,D
sz300850,新强联,2025-09-22 14:32:36,38.59,6900,38.59,D
sz300850,新强联,2025-09-22 14:32:39,38.57,14100,38.59,D
sz300850,新强联,2025-09-22 14:32:42,38.59,8300,38.57,U
sz300850,新强联,2025-09-22 14:32:54,38.57,5400,38.57,D
sz300850,新强联,2025-09-22 14:33:27,38.59,7200,38.6,D
sz300850,新强联,2025-09-22 14:33:51,38.59,8300,38.6,D
sz300850,新强联,2025-09-22 14:33:54,38.58,15100,38.59,D
sz300850,新强联,2025-09-22 14:33:57,38.58,6100,38.58,D
sz300850,新强联,2025-09-22 14:35:06,38.65,6600,38.63,U
sz300850,新强联,2025-09-22 14:35:33,38.66,5200,38.65,U
sz300850,新强联,2025-09-22 14:36:09,38.66,18500,38.64,U
sz300850,新强联,2025-09-22 14:36:27,38.65,6400,38.65,U
sz300850,新强联,2025-09-22 14:36:39,38.65,6100,38.64,U
sz300850,新强联,2025-09-22 14:36:42,38.63,23800,38.65,D
sz300850,新强联,2025-09-22 14:36:45,38.62,34400,38.63,D
sz300850,新强联,2025-09-22 14:36:48,38.6,5700,38.62,D
sz300850,新强联,2025-09-22 14:36:57,38.6,6900,38.6,U
sz300850,新强联,2025-09-22 14:37:09,38.59,7600,38.6,D
sz300850,新强联,2025-09-22 14:37:12,38.57,16200,38.59,D
sz300850,新强联,2025-09-22 14:37:15,38.58,5500,38.57,U
sz300850,新强联,2025-09-22 14:37:42,38.6,5600,38.59,U
sz300850,新强联,2025-09-22 14:38:06,38.58,5200,38.59,D
sz300850,新强联,2025-09-22 14:38:36,38.55,6900,38.56,D
sz300850,新强联,2025-09-22 14:38:39,38.53,9700,38.55,D
sz300850,新强联,2025-09-22 14:38:42,38.58,12900,38.53,U
sz300850,新强联,2025-09-22 14:39:00,38.55,9200,38.55,D
sz300850,新强联,2025-09-22 14:39:12,38.52,7800,38.55,D
sz300850,新强联,2025-09-22 14:39:15,38.51,10500,38.52,D
sz300850,新强联,2025-09-22 14:39:21,38.51,11085,38.5,U
sz300850,新强联,2025-09-22 14:39:42,38.51,9900,38.51,D
sz300850,新强联,2025-09-22 14:40:39,38.55,11300,38.55,U
sz300850,新强联,2025-09-22 14:41:00,38.55,5800,38.54,U
sz300850,新强联,2025-09-22 14:41:03,38.55,5600,38.55,D
sz300850,新强联,2025-09-22 14:41:12,38.51,7100,38.53,D
sz300850,新强联,2025-09-22 14:41:21,38.5,11900,38.52,D
sz300850,新强联,2025-09-22 14:41:57,38.53,15155,38.53,U
sz300850,新强联,2025-09-22 14:42:00,38.54,10700,38.53,U
sz300850,新强联,2025-09-22 14:42:18,38.54,13500,38.55,U
sz300850,新强联,2025-09-22 14:42:51,38.5,6300,38.49,U
sz300850,新强联,2025-09-22 14:42:57,38.49,12500,38.5,D
sz300850,新强联,2025-09-22 14:43:06,38.5,6500,38.49,U
sz300850,新强联,2025-09-22 14:43:12,38.5,9900,38.5,U
sz300850,新强联,2025-09-22 14:43:48,38.51,14500,38.51,U
sz300850,新强联,2025-09-22 14:44:15,38.53,6000,38.55,D
sz300850,新强联,2025-09-22 14:44:45,38.52,11700,38.56,D
sz300850,新强联,2025-09-22 14:44:48,38.52,10000,38.52,U
sz300850,新强联,2025-09-22 14:45:00,38.52,20100,38.51,U
sz300850,新强联,2025-09-22 14:45:15,38.5,6700,38.51,D
sz300850,新强联,2025-09-22 14:45:27,38.51,16000,38.51,E
sz300850,新强联,2025-09-22 14:46:00,38.54,14000,38.55,E
sz300850,新强联,2025-09-22 14:46:03,38.55,12200,38.54,U
sz300850,新强联,2025-09-22 14:46:18,38.5,32336,38.53,D
sz300850,新强联,2025-09-22 14:47:33,38.55,18800,38.55,U
sz300850,新强联,2025-09-22 14:48:00,38.57,9000,38.56,U
sz300850,新强联,2025-09-22 14:48:03,38.57,6100,38.57,U
sz300850,新强联,2025-09-22 14:48:18,38.56,17936,38.55,U
sz300850,新强联,2025-09-22 14:48:51,38.58,33826,38.57,U
sz300850,新强联,2025-09-22 14:48:57,38.6,11500,38.55,U
sz300850,新强联,2025-09-22 14:49:00,38.57,7500,38.6,D
sz300850,新强联,2025-09-22 14:49:03,38.58,6717,38.57,U
sz300850,新强联,2025-09-22 14:49:09,38.6,6410,38.6,U
sz300850,新强联,2025-09-22 14:49:57,38.63,5900,38.62,U
sz300850,新强联,2025-09-22 14:50:00,38.59,16790,38.63,D
sz300850,新强联,2025-09-22 14:50:06,38.61,20310,38.59,U
sz300850,新强联,2025-09-22 14:50:30,38.58,6200,38.58,D
sz300850,新强联,2025-09-22 14:50:33,38.58,7500,38.58,D
sz300850,新强联,2025-09-22 14:50:54,38.61,35700,38.62,D
sz300850,新强联,2025-09-22 14:50:57,38.62,5600,38.61,U
sz300850,新强联,2025-09-22 14:51:09,38.62,6000,38.63,U
sz300850,新强联,2025-09-22 14:51:27,38.65,8200,38.64,U
sz300850,新强联,2025-09-22 14:52:00,38.64,13700,38.65,D
sz300850,新强联,2025-09-22 14:52:06,38.63,11300,38.65,D
sz300850,新强联,2025-09-22 14:52:09,38.62,8500,38.63,D
sz300850,新强联,2025-09-22 14:52:12,38.66,6600,38.62,U
sz300850,新强联,2025-09-22 14:52:27,38.65,9400,38.65,D
sz300850,新强联,2025-09-22 14:52:42,38.65,5200,38.65,U
sz300850,新强联,2025-09-22 14:52:45,38.67,6100,38.65,U
sz300850,新强联,2025-09-22 14:52:57,38.66,8000,38.66,D
sz300850,新强联,2025-09-22 14:53:09,38.66,7034,38.66,D
sz300850,新强联,2025-09-22 14:53:24,38.68,30900,38.66,U
sz300850,新强联,2025-09-22 14:53:39,38.64,7700,38.66,D
sz300850,新强联,2025-09-22 14:53:45,38.62,14500,38.63,D
sz300850,新强联,2025-09-22 14:53:51,38.62,8234,38.62,U
sz300850,新强联,2025-09-22 14:53:54,38.66,20000,38.62,U
sz300850,新强联,2025-09-22 14:54:00,38.64,6600,38.64,D
sz300850,新强联,2025-09-22 14:54:09,38.65,6700,38.64,U
sz300850,新强联,2025-09-22 14:54:33,38.67,7000,38.68,D
sz300850,新强联,2025-09-22 14:54:36,38.66,7700,38.67,D
sz300850,新强联,2025-09-22 14:54:39,38.67,18100,38.66,U
sz300850,新强联,2025-09-22 14:55:03,38.68,6800,38.69,D
sz300850,新强联,2025-09-22 14:55:06,38.69,17500,38.68,U
sz300850,新强联,2025-09-22 14:55:12,38.71,9638,38.7,D
sz300850,新强联,2025-09-22 14:55:18,38.73,30100,38.71,U
sz300850,新强联,2025-09-22 14:55:21,38.74,7400,38.73,U
sz300850,新强联,2025-09-22 14:55:24,38.72,7800,38.74,D
sz300850,新强联,2025-09-22 14:55:30,38.72,13400,38.72,D
sz300850,新强联,2025-09-22 14:55:33,38.74,9217,38.72,U
sz300850,新强联,2025-09-22 14:55:51,38.75,12900,38.75,E
sz300850,新强联,2025-09-22 14:55:54,38.75,9800,38.75,D
sz300850,新强联,2025-09-22 14:55:57,38.74,11200,38.75,D
sz300850,新强联,2025-09-22 14:56:00,38.72,16000,38.74,D
sz300850,新强联,2025-09-22 14:56:03,38.74,6736,38.72,U
sz300850,新强联,2025-09-22 14:56:15,38.74,11000,38.75,U
sz300850,新强联,2025-09-22 14:56:18,38.74,6100,38.74,U
sz300850,新强联,2025-09-22 14:56:27,38.74,7900,38.73,U
sz300850,新强联,2025-09-22 14:56:36,38.78,6600,38.77,U
sz300850,新强联,2025-09-22 14:56:39,38.78,10300,38.78,U
sz300850,新强联,2025-09-22 14:56:51,38.73,10100,38.75,D
sz300850,新强联,2025-09-22 14:56:54,38.73,11700,38.73,D
sz300850,新强联,2025-09-22 15:00:00,38.75,220800,38.75,E
