symbol,name,ticktime,price,volume,prev_price,kind
sz300850,新强联,2025-10-16 09:25:00,43.5,48600,0.0,D
sz300850,新强联,2025-10-16 09:30:00,43.5,45400,43.5,D
sz300850,新强联,2025-10-16 09:30:03,43.51,24000,43.5,U
sz300850,新强联,2025-10-16 09:30:06,43.51,16300,43.51,D
sz300850,新强联,2025-10-16 09:30:09,43.49,9500,43.51,D
sz300850,新强联,2025-10-16 09:30:12,43.45,15200,43.49,D
sz300850,新强联,2025-10-16 09:30:15,43.41,20100,43.45,D
sz300850,新强联,2025-10-16 09:30:18,43.39,8800,43.41,E
sz300850,新强联,2025-10-16 09:30:21,43.3,6300,43.39,D
sz300850,新强联,2025-10-16 09:30:24,43.28,5600,43.3,D
sz300850,新强联,2025-10-16 09:30:27,43.24,6000,43.28,D
sz300850,新强联,2025-10-16 09:30:30,43.22,14100,43.24,D
sz300850,新强联,2025-10-16 09:30:33,43.24,11600,43.22,U
sz300850,新强联,2025-10-16 09:30:36,43.24,35000,43.24,U
sz300850,新强联,2025-10-16 09:30:39,43.24,16000,43.24,D
sz300850,新强联,2025-10-16 09:30:42,43.2,9600,43.24,D
sz300850,新强联,2025-10-16 09:30:45,43.17,4700,43.2,D
sz300850,新强联,2025-10-16 09:30:48,43.05,19200,43.17,D
sz300850,新强联,2025-10-16 09:30:51,43.03,6800,43.05,D
sz300850,新强联,2025-10-16 09:30:54,43.02,8200,43.03,D
sz300850,新强联,2025-10-16 09:30:57,43.01,15200,43.02,D
sz300850,新强联,2025-10-16 09:31:00,42.9,50200,43.01,D
sz300850,新强联,2025-10-16 09:31:03,42.97,19200,42.9,U
sz300850,新强联,2025-10-16 09:31:09,42.98,30600,42.98,D
sz300850,新强联,2025-10-16 09:31:12,43.01,9900,42.98,U
sz300850,新强联,2025-10-16 09:31:24,43.06,40500,43.08,D
sz300850,新强联,2025-10-16 09:31:27,42.93,19500,43.06,D
sz300850,新强联,2025-10-16 09:31:30,42.86,53300,42.93,D
sz300850,新强联,2025-10-16 09:31:33,42.9,19900,42.86,U
sz300850,新强联,2025-10-16 09:31:36,43.01,18600,42.9,U
sz300850,新强联,2025-10-16 09:31:39,43.05,7300,43.01,U
sz300850,新强联,2025-10-16 09:31:45,43.0,7800,43.05,D
sz300850,新强联,2025-10-16 09:31:51,42.95,7200,42.98,D
sz300850,新强联,2025-10-16 09:31:54,42.94,8800,42.95,D
sz300850,新强联,2025-10-16 09:32:03,42.94,9700,42.94,D
sz300850,新强联,2025-10-16 09:32:06,42.96,10300,42.94,U
sz300850,新强联,2025-10-16 09:32:09,42.95,5400,42.96,D
sz300850,新强联,2025-10-16 09:32:15,42.92,14100,42.96,D
sz300850,新强联,2025-10-16 09:32:18,42.93,6200,42.92,U
sz300850,新强联,2025-10-16 09:32:21,42.95,11000,42.93,U
sz300850,新强联,2025-10-16 09:32:24,42.95,7100,42.95,U
sz300850,新强联,2025-10-16 09:32:27,42.9,6600,42.95,D
sz300850,新强联,2025-10-16 09:32:30,42.96,5800,42.9,U
sz300850,新强联,2025-10-16 09:32:33,42.91,7500,42.96,D
sz300850,新强联,2025-10-16 09:32:36,42.92,16300,42.91,U
sz300850,新强联,2025-10-16 09:32:39,42.96,7000,42.92,U
sz300850,新强联,2025-10-16 09:32:42,43.01,47000,42.96,U
sz300850,新强联,2025-10-16 09:32:45,43.08,5500,43.01,U
sz300850,新强联,2025-10-16 09:32:48,43.14,18200,43.08,U
sz300850,新强联,2025-10-16 09:32:51,43.02,14100,43.14,D
sz300850,新强联,2025-10-16 09:32:57,43.02,5300,43.11,D
sz300850,新强联,2025-10-16 09:33:09,42.93,30900,43.13,D
sz300850,新强联,2025-10-16 09:33:12,42.93,16500,42.93,D
sz300850,新强联,2025-10-16 09:33:15,42.93,8200,42.93,E
sz300850,新强联,2025-10-16 09:33:18,42.93,8900,42.93,D
sz300850,新强联,2025-10-16 09:33:21,42.97,13100,42.93,U
sz300850,新强联,2025-10-16 09:33:24,42.99,25000,42.97,U
sz300850,新强联,2025-10-16 09:33:27,42.99,7200,42.99,D
sz300850,新强联,2025-10-16 09:33:30,42.93,5100,42.99,D
sz300850,新强联,2025-10-16 09:33:33,42.91,38600,42.93,D
sz300850,新强联,2025-10-16 09:33:36,42.85,49600,42.91,D
sz300850,新强联,2025-10-16 09:33:39,42.8,86900,42.85,D
sz300850,新强联,2025-10-16 09:33:42,42.75,16000,42.8,D
sz300850,新强联,2025-10-16 09:33:45,42.73,15100,42.75,D
sz300850,新强联,2025-10-16 09:33:48,42.74,8000,42.73,D
sz300850,新强联,2025-10-16 09:33:51,42.8,7100,42.74,U
sz300850,新强联,2025-10-16 09:33:54,42.79,10800,42.8,U
sz300850,新强联,2025-10-16 09:33:57,42.79,16700,42.79,U
sz300850,新强联,2025-10-16 09:34:00,42.76,11900,42.79,D
sz300850,新强联,2025-10-16 09:34:03,42.69,22600,42.76,D
sz300850,新强联,2025-10-16 09:34:06,42.69,8200,42.69,U
sz300850,新强联,2025-10-16 09:34:09,42.69,8300,42.69,D
sz300850,新强联,2025-10-16 09:34:12,42.67,23600,42.69,D
sz300850,新强联,2025-10-16 09:34:15,42.6,15900,42.67,D
sz300850,新强联,2025-10-16 09:34:18,42.6,7400,42.6,D
sz300850,新强联,2025-10-16 09:34:21,42.6,25200,42.6,D
sz300850,新强联,2025-10-16 09:34:24,42.6,9300,42.6,D
sz300850,新强联,2025-10-16 09:34:27,42.66,49900,42.6,U
sz300850,新强联,2025-10-16 09:34:30,42.6,23100,42.66,D
sz300850,新强联,2025-10-16 09:34:33,42.61,5200,42.6,E
sz300850,新强联,2025-10-16 09:34:36,42.65,19100,42.61,U
sz300850,新强联,2025-10-16 09:34:39,42.56,9300,42.65,D
sz300850,新强联,2025-10-16 09:34:42,42.6,6100,42.56,E
sz300850,新强联,2025-10-16 09:34:45,42.6,18200,42.6,D
sz300850,新强联,2025-10-16 09:34:48,42.61,5800,42.6,E
sz300850,新强联,2025-10-16 09:34:51,42.6,18400,42.61,D
sz300850,新强联,2025-10-16 09:34:54,42.6,10300,42.6,E
sz300850,新强联,2025-10-16 09:34:57,42.63,7000,42.6,E
sz300850,新强联,2025-10-16 09:35:00,42.6,7800,42.63,D
sz300850,新强联,2025-10-16 09:35:03,42.56,15600,42.6,D
sz300850,新强联,2025-10-16 09:35:06,42.57,21100,42.56,U
sz300850,新强联,2025-10-16 09:35:09,42.57,6700,42.57,D
sz300850,新强联,2025-10-16 09:35:12,42.56,6500,42.57,D
sz300850,新强联,2025-10-16 09:35:15,42.56,23988,42.56,D
sz300850,新强联,2025-10-16 09:35:18,42.52,18612,42.56,D
sz300850,新强联,2025-10-16 09:35:21,42.5,29700,42.52,D
sz300850,新强联,2025-10-16 09:35:24,42.57,43900,42.5,U
sz300850,新强联,2025-10-16 09:35:27,42.52,48900,42.57,D
sz300850,新强联,2025-10-16 09:35:30,42.59,19400,42.52,E
sz300850,新强联,2025-10-16 09:35:33,42.65,12600,42.59,U
sz300850,新强联,2025-10-16 09:35:36,42.72,8600,42.65,U
sz300850,新强联,2025-10-16 09:35:42,42.75,10200,42.66,U
sz300850,新强联,2025-10-16 09:35:45,42.75,15200,42.75,D
sz300850,新强联,2025-10-16 09:35:48,42.77,8700,42.75,E
sz300850,新强联,2025-10-16 09:35:54,42.77,29100,42.8,D
sz300850,新强联,2025-10-16 09:35:57,42.67,18100,42.77,D
sz300850,新强联,2025-10-16 09:36:00,42.68,8500,42.67,E
sz300850,新强联,2025-10-16 09:36:03,42.65,12200,42.68,D
sz300850,新强联,2025-10-16 09:36:06,42.74,7800,42.65,U
sz300850,新强联,2025-10-16 09:36:12,42.77,13500,42.75,U
sz300850,新强联,2025-10-16 09:36:15,42.73,5900,42.77,D
sz300850,新强联,2025-10-16 09:36:18,42.75,5000,42.73,U
sz300850,新强联,2025-10-16 09:36:27,42.7,6300,42.7,U
sz300850,新强联,2025-10-16 09:36:30,42.69,7300,42.7,D
sz300850,新强联,2025-10-16 09:36:42,42.7,4900,42.7,U
sz300850,新强联,2025-10-16 09:36:45,42.75,25000,42.7,U
sz300850,新强联,2025-10-16 09:36:48,42.8,12300,42.75,U
sz300850,新强联,2025-10-16 09:36:57,42.92,57900,42.88,E
sz300850,新强联,2025-10-16 09:37:00,42.88,15800,42.92,E
sz300850,新强联,2025-10-16 09:37:21,42.9,7600,42.91,D
sz300850,新强联,2025-10-16 09:37:45,42.9,13900,42.89,U
sz300850,新强联,2025-10-16 09:37:51,42.93,9900,42.9,U
sz300850,新强联,2025-10-16 09:37:57,42.94,10900,42.93,U
sz300850,新强联,2025-10-16 09:38:00,42.95,7000,42.94,U
sz300850,新强联,2025-10-16 09:38:03,42.93,11400,42.95,D
sz300850,新强联,2025-10-16 09:38:12,42.88,6700,42.89,E
sz300850,新强联,2025-10-16 09:38:21,42.88,4700,42.88,U
sz300850,新强联,2025-10-16 09:38:30,42.89,7800,42.89,U
sz300850,新强联,2025-10-16 09:38:33,42.88,6500,42.89,D
sz300850,新强联,2025-10-16 09:38:45,42.91,40200,42.87,U
sz300850,新强联,2025-10-16 09:38:48,42.95,39200,42.91,U
sz300850,新强联,2025-10-16 09:38:51,42.9,5100,42.95,D
sz300850,新强联,2025-10-16 09:39:21,42.88,4900,42.89,D
sz300850,新强联,2025-10-16 09:39:30,42.94,24074,42.87,U
sz300850,新强联,2025-10-16 09:39:39,42.91,5100,42.93,D
sz300850,新强联,2025-10-16 09:39:48,42.92,4700,42.94,D
sz300850,新强联,2025-10-16 09:39:51,42.93,4900,42.92,U
sz300850,新强联,2025-10-16 09:40:00,42.9,35400,42.91,D
sz300850,新强联,2025-10-16 09:40:06,42.91,32900,42.9,E
sz300850,新强联,2025-10-16 09:40:12,42.97,23600,42.9,U
sz300850,新强联,2025-10-16 09:40:15,42.98,6300,42.97,U
sz300850,新强联,2025-10-16 09:40:21,43.01,23500,43.05,E
sz300850,新强联,2025-10-16 09:40:27,42.96,8000,42.95,U
sz300850,新强联,2025-10-16 09:40:30,42.96,9100,42.96,D
sz300850,新强联,2025-10-16 09:40:33,42.99,7000,42.96,E
sz300850,新强联,2025-10-16 09:40:54,42.98,7700,43.03,D
sz300850,新强联,2025-10-16 09:40:57,42.99,5600,42.98,U
sz300850,新强联,2025-10-16 09:41:00,43.02,12500,42.99,U
sz300850,新强联,2025-10-16 09:41:15,43.01,5500,43.01,D
sz300850,新强联,2025-10-16 09:41:18,42.99,12600,43.01,D
sz300850,新强联,2025-10-16 09:41:21,43.03,27200,42.99,U
sz300850,新强联,2025-10-16 09:41:24,43.05,4800,43.03,U
sz300850,新强联,2025-10-16 09:41:30,43.05,6100,43.04,U
sz300850,新强联,2025-10-16 09:41:42,43.05,11000,43.06,D
sz300850,新强联,2025-10-16 09:41:54,43.01,14900,43.01,D
sz300850,新强联,2025-10-16 09:41:57,42.95,17100,43.01,D
sz300850,新强联,2025-10-16 09:42:09,42.94,6500,42.98,D
sz300850,新强联,2025-10-16 09:42:12,42.88,25600,42.94,D
sz300850,新强联,2025-10-16 09:42:24,42.78,4700,42.8,D
sz300850,新强联,2025-10-16 09:42:42,42.78,6200,42.77,U
sz300850,新强联,2025-10-16 09:42:48,42.8,9500,42.8,U
sz300850,新强联,2025-10-16 09:42:51,42.77,4800,42.8,D
sz300850,新强联,2025-10-16 09:42:57,42.8,5100,42.77,U
sz300850,新强联,2025-10-16 09:43:09,42.78,14700,42.77,U
sz300850,新强联,2025-10-16 09:43:12,42.75,7100,42.78,D
sz300850,新强联,2025-10-16 09:43:15,42.78,6200,42.75,E
sz300850,新强联,2025-10-16 09:43:18,42.81,9500,42.78,U
sz300850,新强联,2025-10-16 09:43:39,42.76,5300,42.76,D
sz300850,新强联,2025-10-16 09:43:45,42.78,5100,42.77,U
sz300850,新强联,2025-10-16 09:43:48,42.76,4700,42.78,D
sz300850,新强联,2025-10-16 09:43:51,42.81,19300,42.76,U
sz300850,新强联,2025-10-16 09:44:12,42.85,5600,42.85,D
sz300850,新强联,2025-10-16 09:44:15,42.87,26200,42.85,U
sz300850,新强联,2025-10-16 09:44:18,42.86,7000,42.87,U
sz300850,新强联,2025-10-16 09:44:42,42.73,5600,42.75,D
sz300850,新强联,2025-10-16 09:44:45,42.73,6900,42.73,D
sz300850,新强联,2025-10-16 09:44:48,42.72,8300,42.73,D
sz300850,新强联,2025-10-16 09:44:51,42.74,7000,42.72,U
sz300850,新强联,2025-10-16 09:44:54,42.71,23100,42.74,D
sz300850,新强联,2025-10-16 09:45:00,42.71,7900,42.73,D
sz300850,新强联,2025-10-16 09:45:03,42.69,22100,42.71,D
sz300850,新强联,2025-10-16 09:45:06,42.64,16000,42.69,D
sz300850,新强联,2025-10-16 09:45:12,42.62,5400,42.63,D
sz300850,新强联,2025-10-16 09:45:15,42.6,44000,42.62,D
sz300850,新强联,2025-10-16 09:45:18,42.6,4700,42.6,U
sz300850,新强联,2025-10-16 09:45:21,42.58,9700,42.6,D
sz300850,新强联,2025-10-16 09:45:24,42.56,7000,42.58,D
sz300850,新强联,2025-10-16 09:45:27,42.55,6500,42.56,D
sz300850,新强联,2025-10-16 09:45:33,42.56,7700,42.56,U
sz300850,新强联,2025-10-16 09:45:36,42.55,16200,42.56,D
sz300850,新强联,2025-10-16 09:45:45,42.53,58500,42.55,D
sz300850,新强联,2025-10-16 09:45:48,42.54,23300,42.53,U
sz300850,新强联,2025-10-16 09:45:51,42.54,68600,42.54,D
sz300850,新强联,2025-10-16 09:45:54,42.55,11200,42.54,D
sz300850,新强联,2025-10-16 09:45:57,42.56,15600,42.55,U
sz300850,新强联,2025-10-16 09:46:03,42.57,34100,42.54,U
sz300850,新强联,2025-10-16 09:46:06,42.54,144200,42.57,E
sz300850,新强联,2025-10-16 09:46:09,42.5,7700,42.54,D
sz300850,新强联,2025-10-16 09:46:12,42.57,13300,42.5,U
sz300850,新强联,2025-10-16 09:46:15,42.53,104100,42.57,D
sz300850,新强联,2025-10-16 09:46:18,42.51,6400,42.53,D
sz300850,新强联,2025-10-16 09:46:21,42.55,8300,42.51,E
sz300850,新强联,2025-10-16 09:46:27,42.54,7000,42.59,D
sz300850,新强联,2025-10-16 09:46:30,42.55,13100,42.54,U
sz300850,新强联,2025-10-16 09:46:39,42.62,9600,42.6,U
sz300850,新强联,2025-10-16 09:46:51,42.67,8600,42.67,D
sz300850,新强联,2025-10-16 09:47:00,42.63,6400,42.61,U
sz300850,新强联,2025-10-16 09:47:03,42.69,4800,42.63,U
sz300850,新强联,2025-10-16 09:47:06,42.69,5000,42.69,U
sz300850,新强联,2025-10-16 09:47:18,42.73,13400,42.71,U
sz300850,新强联,2025-10-16 09:47:21,42.76,10500,42.73,E
sz300850,新强联,2025-10-16 09:47:42,42.78,6200,42.73,U
sz300850,新强联,2025-10-16 09:48:00,42.85,61200,42.82,U
sz300850,新强联,2025-10-16 09:48:06,42.7,11800,42.76,D
sz300850,新强联,2025-10-16 09:48:21,42.69,7100,42.65,U
sz300850,新强联,2025-10-16 09:48:33,42.74,22300,42.73,D
sz300850,新强联,2025-10-16 09:48:45,42.7,10700,42.65,U
sz300850,新强联,2025-10-16 09:48:57,42.7,12400,42.7,D
sz300850,新强联,2025-10-16 09:49:00,42.7,14600,42.7,D
sz300850,新强联,2025-10-16 09:49:03,42.67,9200,42.7,D
sz300850,新强联,2025-10-16 09:49:09,42.7,10200,42.69,U
sz300850,新强联,2025-10-16 09:49:12,42.83,7970,42.7,U
sz300850,新强联,2025-10-16 09:49:24,42.84,8300,42.85,D
sz300850,新强联,2025-10-16 09:49:27,42.83,5100,42.84,D
sz300850,新强联,2025-10-16 09:49:42,42.85,13900,42.82,U
sz300850,新强联,2025-10-16 09:49:48,42.85,14900,42.82,U
sz300850,新强联,2025-10-16 09:49:51,42.86,16100,42.85,U
sz300850,新强联,2025-10-16 09:50:03,42.86,6900,42.87,D
sz300850,新强联,2025-10-16 09:50:12,42.93,6300,42.88,U
sz300850,新强联,2025-10-16 09:50:21,42.87,5800,42.87,D
sz300850,新强联,2025-10-16 09:50:27,42.93,11500,42.89,U
sz300850,新强联,2025-10-16 09:50:30,42.94,11245,42.93,U
sz300850,新强联,2025-10-16 09:51:00,42.91,5100,42.92,D
sz300850,新强联,2025-10-16 09:51:03,42.93,10500,42.91,U
sz300850,新强联,2025-10-16 09:51:09,43.07,28358,42.95,U
sz300850,新强联,2025-10-16 09:51:12,43.04,5800,43.07,D
sz300850,新强联,2025-10-16 09:51:15,43.08,4800,43.04,U
sz300850,新强联,2025-10-16 09:51:27,43.06,5100,43.04,U
sz300850,新强联,2025-10-16 09:51:30,43.06,7000,43.06,D
sz300850,新强联,2025-10-16 09:52:00,43.03,4800,43.03,D
sz300850,新强联,2025-10-16 09:52:12,43.03,9700,43.03,U
sz300850,新强联,2025-10-16 09:53:12,43.03,7700,43.03,D
sz300850,新强联,2025-10-16 09:53:33,43.06,13000,43.01,U
sz300850,新强联,2025-10-16 09:54:03,43.11,28800,43.01,U
sz300850,新强联,2025-10-16 09:55:03,42.99,32742,43.1,D
sz300850,新强联,2025-10-16 09:55:06,42.99,6058,42.99,U
sz300850,新强联,2025-10-16 09:55:18,42.99,8200,42.98,D
sz300850,新强联,2025-10-16 09:55:21,43.0,4800,42.99,E
sz300850,新强联,2025-10-16 09:55:45,43.06,20300,43.02,U
sz300850,新强联,2025-10-16 09:56:00,43.12,10200,43.03,U
sz300850,新强联,2025-10-16 09:56:03,43.07,6900,43.12,D
sz300850,新强联,2025-10-16 09:56:09,43.12,6900,43.09,U
sz300850,新强联,2025-10-16 09:56:30,43.15,7300,43.13,U
sz300850,新强联,2025-10-16 09:56:48,43.28,42050,43.15,U
sz300850,新强联,2025-10-16 09:56:51,43.3,17900,43.28,U
sz300850,新强联,2025-10-16 09:57:00,43.27,4700,43.27,D
sz300850,新强联,2025-10-16 09:57:12,43.25,12700,43.21,U
sz300850,新强联,2025-10-16 09:57:33,43.32,14500,43.25,U
sz300850,新强联,2025-10-16 09:57:36,43.33,5000,43.32,U
sz300850,新强联,2025-10-16 09:58:09,43.37,8900,43.34,U
sz300850,新强联,2025-10-16 09:58:18,43.53,20700,43.47,U
sz300850,新强联,2025-10-16 09:58:21,43.49,5600,43.53,D
sz300850,新强联,2025-10-16 09:58:24,43.54,6300,43.49,U
sz300850,新强联,2025-10-16 09:58:27,43.51,8600,43.54,D
sz300850,新强联,2025-10-16 09:58:30,43.54,4700,43.51,U
sz300850,新强联,2025-10-16 09:58:36,43.51,6600,43.54,E
sz300850,新强联,2025-10-16 09:58:45,43.5,5500,43.49,U
sz300850,新强联,2025-10-16 09:59:15,43.51,6900,43.51,U
sz300850,新强联,2025-10-16 09:59:18,43.5,7900,43.51,D
sz300850,新强联,2025-10-16 09:59:24,43.48,6900,43.49,D
sz300850,新强联,2025-10-16 09:59:48,43.39,6000,43.37,U
sz300850,新强联,2025-10-16 09:59:57,43.42,11900,43.4,U
sz300850,新强联,2025-10-16 10:00:00,43.42,5800,43.42,U
sz300850,新强联,2025-10-16 10:00:24,43.45,7500,43.43,U
sz300850,新强联,2025-10-16 10:00:48,43.45,10600,43.43,U
sz300850,新强联,2025-10-16 10:00:51,43.44,4800,43.45,E
sz300850,新强联,2025-10-16 10:00:54,43.46,8500,43.44,U
sz300850,新强联,2025-10-16 10:01:33,43.4,5700,43.41,D
sz300850,新强联,2025-10-16 10:01:36,43.4,5000,43.4,U
sz300850,新强联,2025-10-16 10:01:54,43.33,6900,43.35,D
sz300850,新强联,2025-10-16 10:02:00,43.3,7600,43.32,D
sz300850,新强联,2025-10-16 10:02:21,43.25,29400,43.23,D
sz300850,新强联,2025-10-16 10:02:48,43.19,8300,43.24,D
sz300850,新强联,2025-10-16 10:02:51,43.25,8600,43.19,U
sz300850,新强联,2025-10-16 10:03:06,43.19,7900,43.19,D
sz300850,新强联,2025-10-16 10:03:09,43.18,7700,43.19,E
sz300850,新强联,2025-10-16 10:03:12,43.21,8200,43.18,U
sz300850,新强联,2025-10-16 10:03:39,43.27,14400,43.21,U
sz300850,新强联,2025-10-16 10:03:54,43.2,5000,43.22,D
sz300850,新强联,2025-10-16 10:04:00,43.27,21700,43.2,U
sz300850,新强联,2025-10-16 10:04:06,43.29,24600,43.29,U
sz300850,新强联,2025-10-16 10:04:12,43.29,8000,43.29,U
sz300850,新强联,2025-10-16 10:04:15,43.28,5900,43.29,D
sz300850,新强联,2025-10-16 10:04:21,43.32,5900,43.32,U
sz300850,新强联,2025-10-16 10:04:24,43.32,4800,43.32,U
sz300850,新强联,2025-10-16 10:04:30,43.3,5600,43.33,D
sz300850,新强联,2025-10-16 10:04:33,43.28,5300,43.3,D
sz300850,新强联,2025-10-16 10:04:48,43.26,8400,43.26,U
sz300850,新强联,2025-10-16 10:05:00,43.2,20800,43.2,D
sz300850,新强联,2025-10-16 10:05:09,43.23,15100,43.24,D
sz300850,新强联,2025-10-16 10:05:18,43.26,4800,43.23,U
sz300850,新强联,2025-10-16 10:05:21,43.3,19600,43.26,U
sz300850,新强联,2025-10-16 10:05:36,43.27,5300,43.31,D
sz300850,新强联,2025-10-16 10:05:51,43.24,14600,43.26,E
sz300850,新强联,2025-10-16 10:05:54,43.18,12000,43.24,D
sz300850,新强联,2025-10-16 10:05:57,43.18,4700,43.18,D
sz300850,新强联,2025-10-16 10:06:12,43.18,10600,43.18,D
sz300850,新强联,2025-10-16 10:06:15,43.18,11600,43.18,D
sz300850,新强联,2025-10-16 10:06:18,43.16,10400,43.18,D
sz300850,新强联,2025-10-16 10:06:21,43.09,15700,43.16,D
sz300850,新强联,2025-10-16 10:06:42,43.08,7800,43.12,D
sz300850,新强联,2025-10-16 10:07:03,43.13,23500,43.08,U
sz300850,新强联,2025-10-16 10:07:39,43.15,6300,43.13,U
sz300850,新强联,2025-10-16 10:07:54,43.17,6600,43.14,U
sz300850,新强联,2025-10-16 10:09:00,43.18,4800,43.16,U
sz300850,新强联,2025-10-16 10:09:12,43.18,5700,43.18,D
sz300850,新强联,2025-10-16 10:09:18,43.2,7700,43.19,U
sz300850,新强联,2025-10-16 10:10:15,43.25,5500,43.26,D
sz300850,新强联,2025-10-16 10:10:30,43.3,6100,43.23,U
sz300850,新强联,2025-10-16 10:11:03,43.32,33900,43.32,D
sz300850,新强联,2025-10-16 10:11:09,43.29,8100,43.3,D
sz300850,新强联,2025-10-16 10:11:27,43.28,6900,43.28,U
sz300850,新强联,2025-10-16 10:11:30,43.25,9400,43.28,D
sz300850,新强联,2025-10-16 10:11:45,43.22,5600,43.26,D
sz300850,新强联,2025-10-16 10:12:09,43.18,12800,43.2,D
sz300850,新强联,2025-10-16 10:12:12,43.3,21400,43.18,U
sz300850,新强联,2025-10-16 10:13:03,43.32,6200,43.27,U
sz300850,新强联,2025-10-16 10:13:12,43.26,5200,43.24,E
sz300850,新强联,2025-10-16 10:13:21,43.29,5900,43.29,E
sz300850,新强联,2025-10-16 10:14:03,43.37,32300,43.31,U
sz300850,新强联,2025-10-16 10:14:15,43.37,5100,43.39,D
sz300850,新强联,2025-10-16 10:14:57,43.28,5200,43.26,U
sz300850,新强联,2025-10-16 10:15:30,43.25,4900,43.3,D
sz300850,新强联,2025-10-16 10:15:54,43.25,6300,43.27,D
sz300850,新强联,2025-10-16 10:16:00,43.25,4800,43.25,U
sz300850,新强联,2025-10-16 10:16:42,43.33,7300,43.35,D
sz300850,新强联,2025-10-16 10:17:21,43.35,7100,43.32,U
sz300850,新强联,2025-10-16 10:18:00,43.4,6800,43.4,U
sz300850,新强联,2025-10-16 10:18:06,43.37,9100,43.41,D
sz300850,新强联,2025-10-16 10:18:33,43.4,8100,43.39,U
sz300850,新强联,2025-10-16 10:19:06,43.35,7000,43.36,D
sz300850,新强联,2025-10-16 10:19:21,43.32,5000,43.35,D
sz300850,新强联,2025-10-16 10:19:30,43.29,6100,43.29,U
sz300850,新强联,2025-10-16 10:20:00,43.29,11700,43.29,U
sz300850,新强联,2025-10-16 10:21:39,43.34,14200,43.32,U
sz300850,新强联,2025-10-16 10:22:03,43.28,6700,43.33,D
sz300850,新强联,2025-10-16 10:22:48,43.28,13400,43.28,U
sz300850,新强联,2025-10-16 10:23:00,43.18,6100,43.22,D
sz300850,新强联,2025-10-16 10:23:06,43.23,13300,43.21,D
sz300850,新强联,2025-10-16 10:23:30,43.27,4800,43.24,U
sz300850,新强联,2025-10-16 10:23:51,43.2,7300,43.2,U
sz300850,新强联,2025-10-16 10:24:36,43.23,10300,43.18,U
sz300850,新强联,2025-10-16 10:25:30,43.16,7000,43.16,U
sz300850,新强联,2025-10-16 10:26:00,43.16,8000,43.15,U
sz300850,新强联,2025-10-16 10:26:06,43.18,6100,43.16,E
sz300850,新强联,2025-10-16 10:26:12,43.19,7300,43.19,U
sz300850,新强联,2025-10-16 10:28:24,43.17,5600,43.15,U
sz300850,新强联,2025-10-16 10:30:45,43.16,6400,43.18,D
sz300850,新强联,2025-10-16 10:31:09,43.16,7900,43.17,D
sz300850,新强联,2025-10-16 10:31:39,43.23,121000,43.18,U
sz300850,新强联,2025-10-16 10:32:18,43.29,5100,43.29,D
sz300850,新强联,2025-10-16 10:32:24,43.23,16200,43.29,D
sz300850,新强联,2025-10-16 10:33:03,43.23,12300,43.19,U
sz300850,新强联,2025-10-16 10:34:12,43.22,13800,43.23,D
sz300850,新强联,2025-10-16 10:35:30,43.15,9400,43.19,D
sz300850,新强联,2025-10-16 10:35:39,43.19,5100,43.17,U
sz300850,新强联,2025-10-16 10:35:45,43.2,4700,43.19,E
sz300850,新强联,2025-10-16 10:35:51,43.19,5300,43.21,D
sz300850,新强联,2025-10-16 10:36:03,43.22,13132,43.2,U
sz300850,新强联,2025-10-16 10:36:33,43.28,11800,43.29,D
sz300850,新强联,2025-10-16 10:36:36,43.3,5600,43.28,U
sz300850,新强联,2025-10-16 10:36:42,43.3,12900,43.3,D
sz300850,新强联,2025-10-16 10:37:24,43.37,10800,43.34,U
sz300850,新强联,2025-10-16 10:37:33,43.41,7000,43.37,U
sz300850,新强联,2025-10-16 10:37:39,43.48,22500,43.4,U
sz300850,新强联,2025-10-16 10:38:03,43.59,20400,43.53,U
sz300850,新强联,2025-10-16 10:38:06,43.59,128600,43.59,U
sz300850,新强联,2025-10-16 10:38:12,43.64,20200,43.61,U
sz300850,新强联,2025-10-16 10:38:21,43.63,8300,43.67,D
sz300850,新强联,2025-10-16 10:38:24,43.62,8800,43.63,U
sz300850,新强联,2025-10-16 10:38:39,43.58,8300,43.58,D
sz300850,新强联,2025-10-16 10:38:42,43.58,5500,43.58,E
sz300850,新强联,2025-10-16 10:38:51,43.66,8600,43.6,U
sz300850,新强联,2025-10-16 10:38:57,43.65,6400,43.7,D
sz300850,新强联,2025-10-16 10:39:00,43.7,10800,43.65,U
sz300850,新强联,2025-10-16 10:39:09,43.63,20400,43.71,D
sz300850,新强联,2025-10-16 10:39:12,43.67,19100,43.63,U
sz300850,新强联,2025-10-16 10:39:27,43.6,10000,43.6,D
sz300850,新强联,2025-10-16 10:39:33,43.59,29900,43.61,E
sz300850,新强联,2025-10-16 10:39:45,43.55,7100,43.53,U
sz300850,新强联,2025-10-16 10:40:09,43.5,14100,43.51,D
sz300850,新强联,2025-10-16 10:43:06,43.38,6400,43.35,U
sz300850,新强联,2025-10-16 10:43:18,43.4,5800,43.38,U
sz300850,新强联,2025-10-16 10:44:00,43.44,8300,43.39,U
sz300850,新强联,2025-10-16 10:44:12,43.49,9400,43.49,D
sz300850,新强联,2025-10-16 10:44:15,43.54,6300,43.49,U
sz300850,新强联,2025-10-16 10:44:39,43.55,5300,43.55,U
sz300850,新强联,2025-10-16 10:44:42,43.57,6800,43.55,U
sz300850,新强联,2025-10-16 10:44:51,43.5,6700,43.52,D
sz300850,新强联,2025-10-16 10:44:57,43.5,8700,43.52,U
sz300850,新强联,2025-10-16 10:45:54,43.48,6300,43.48,D
sz300850,新强联,2025-10-16 10:46:45,43.39,10400,43.42,D
sz300850,新强联,2025-10-16 10:46:48,43.43,7900,43.39,E
sz300850,新强联,2025-10-16 10:47:03,43.42,9600,43.43,D
sz300850,新强联,2025-10-16 10:47:06,43.48,29500,43.42,U
sz300850,新强联,2025-10-16 10:47:15,43.43,15600,43.48,E
sz300850,新强联,2025-10-16 10:47:42,43.44,8100,43.38,U
sz300850,新强联,2025-10-16 10:49:00,43.37,6000,43.33,U
sz300850,新强联,2025-10-16 10:50:45,43.37,5600,43.36,U
sz300850,新强联,2025-10-16 10:51:15,43.4,6900,43.4,U
sz300850,新强联,2025-10-16 10:51:24,43.42,5600,43.42,U
sz300850,新强联,2025-10-16 10:52:45,43.43,6700,43.41,U
sz300850,新强联,2025-10-16 10:53:21,43.38,7600,43.37,U
sz300850,新强联,2025-10-16 10:55:12,43.51,5883,43.5,U
sz300850,新强联,2025-10-16 10:56:24,43.53,5300,43.52,D
sz300850,新强联,2025-10-16 10:58:12,43.52,12600,43.5,U
sz300850,新强联,2025-10-16 11:01:51,43.55,4600,43.55,U
sz300850,新强联,2025-10-16 11:02:15,43.55,5900,43.55,U
sz300850,新强联,2025-10-16 11:03:45,43.48,35364,43.43,U
sz300850,新强联,2025-10-16 11:04:12,43.56,7500,43.5,U
sz300850,新强联,2025-10-16 11:04:27,43.57,6100,43.52,U
sz300850,新强联,2025-10-16 11:04:48,43.6,5000,43.59,U
sz300850,新强联,2025-10-16 11:04:51,43.6,5100,43.6,D
sz300850,新强联,2025-10-16 11:04:54,43.59,7200,43.6,E
sz300850,新强联,2025-10-16 11:05:03,43.62,26700,43.56,U
sz300850,新强联,2025-10-16 11:05:09,43.73,28600,43.62,U
sz300850,新强联,2025-10-16 11:05:12,43.75,17700,43.73,U
sz300850,新强联,2025-10-16 11:05:15,43.78,16600,43.75,U
sz300850,新强联,2025-10-16 11:05:27,43.8,7800,43.78,U
sz300850,新强联,2025-10-16 11:05:48,43.78,12200,43.74,U
sz300850,新强联,2025-10-16 11:06:12,43.72,15500,43.72,U
sz300850,新强联,2025-10-16 11:06:51,43.74,14400,43.77,D
sz300850,新强联,2025-10-16 11:07:21,43.79,6200,43.78,U
sz300850,新强联,2025-10-16 11:07:24,43.8,7000,43.79,U
sz300850,新强联,2025-10-16 11:07:45,43.81,14100,43.8,U
sz300850,新强联,2025-10-16 11:08:09,43.82,30600,43.72,U
sz300850,新强联,2025-10-16 11:08:42,43.82,10900,43.84,D
sz300850,新强联,2025-10-16 11:08:57,43.88,26500,43.82,U
sz300850,新强联,2025-10-16 11:09:06,43.95,23800,43.85,U
sz300850,新强联,2025-10-16 11:09:21,43.98,27100,43.92,U
sz300850,新强联,2025-10-16 11:09:30,43.96,11700,43.98,D
sz300850,新强联,2025-10-16 11:09:39,43.94,7200,43.95,E
sz300850,新强联,2025-10-16 11:09:42,43.88,8800,43.94,D
sz300850,新强联,2025-10-16 11:10:00,43.89,6000,43.88,U
sz300850,新强联,2025-10-16 11:10:15,43.87,6900,43.92,D
sz300850,新强联,2025-10-16 11:10:51,43.77,9900,43.8,D
sz300850,新强联,2025-10-16 11:11:36,43.74,6500,43.73,U
sz300850,新强联,2025-10-16 11:11:42,43.69,6100,43.75,D
sz300850,新强联,2025-10-16 11:12:21,43.74,5400,43.72,U
sz300850,新强联,2025-10-16 11:13:18,43.79,17500,43.79,U
sz300850,新强联,2025-10-16 11:14:39,43.78,7700,43.78,U
sz300850,新强联,2025-10-16 11:15:24,43.75,6500,43.81,D
sz300850,新强联,2025-10-16 11:17:09,43.67,5700,43.67,D
sz300850,新强联,2025-10-16 11:18:12,43.85,17300,43.8,U
sz300850,新强联,2025-10-16 11:18:33,43.86,6100,43.89,D
sz300850,新强联,2025-10-16 11:21:06,43.77,13300,43.75,U
sz300850,新强联,2025-10-16 11:21:33,43.86,5900,43.85,U
sz300850,新强联,2025-10-16 11:21:54,43.95,10700,43.94,U
sz300850,新强联,2025-10-16 11:22:00,43.99,19000,43.93,U
sz300850,新强联,2025-10-16 11:22:03,44.03,51500,43.99,U
sz300850,新强联,2025-10-16 11:22:06,44.04,5600,44.03,E
sz300850,新强联,2025-10-16 11:22:12,44.04,8600,44.04,U
sz300850,新强联,2025-10-16 11:22:15,43.99,21400,44.04,D
sz300850,新强联,2025-10-16 11:22:18,44.04,23300,43.99,U
sz300850,新强联,2025-10-16 11:22:24,44.01,8800,44.01,D
sz300850,新强联,2025-10-16 11:22:27,44.01,6100,44.01,D
sz300850,新强联,2025-10-16 11:22:30,43.95,11700,44.01,D
sz300850,新强联,2025-10-16 11:22:33,43.97,4800,43.95,E
sz300850,新强联,2025-10-16 11:22:36,44.02,7200,43.97,U
sz300850,新强联,2025-10-16 11:22:51,43.93,5700,43.99,D
sz300850,新强联,2025-10-16 11:23:00,43.98,5600,43.98,U
sz300850,新强联,2025-10-16 11:23:15,43.96,10600,43.97,E
sz300850,新强联,2025-10-16 11:23:21,43.8,6900,43.94,D
sz300850,新强联,2025-10-16 11:23:30,43.91,9600,43.93,E
sz300850,新强联,2025-10-16 11:23:36,43.83,10100,43.91,D
sz300850,新强联,2025-10-16 11:23:57,43.8,12400,43.81,D
sz300850,新强联,2025-10-16 11:25:12,43.83,7100,43.85,D
sz300850,新强联,2025-10-16 11:25:15,43.82,4600,43.83,E
sz300850,新强联,2025-10-16 11:25:18,43.81,16100,43.82,D
sz300850,新强联,2025-10-16 11:25:21,43.86,12400,43.81,U
sz300850,新强联,2025-10-16 11:25:30,43.84,4900,43.82,U
sz300850,新强联,2025-10-16 11:25:33,43.85,5500,43.84,U
sz300850,新强联,2025-10-16 11:26:15,43.87,10100,43.87,U
sz300850,新强联,2025-10-16 11:26:54,43.8,8200,43.8,D
sz300850,新强联,2025-10-16 11:27:12,43.8,21500,43.79,U
sz300850,新强联,2025-10-16 11:27:48,43.83,6800,43.8,U
sz300850,新强联,2025-10-16 11:28:12,43.81,5100,43.8,U
sz300850,新强联,2025-10-16 11:28:33,43.8,12700,43.81,D
sz300850,新强联,2025-10-16 11:29:15,43.79,18500,43.79,D
sz300850,新强联,2025-10-16 11:29:48,43.78,10700,43.79,U
sz300850,新强联,2025-10-16 11:29:54,43.71,10700,43.74,D
sz300850,新强联,2025-10-16 13:00:00,43.7,24500,43.7,D
sz300850,新强联,2025-10-16 13:00:03,43.64,6600,43.7,D
sz300850,新强联,2025-10-16 13:00:06,43.63,20200,43.64,D
sz300850,新强联,2025-10-16 13:00:09,43.63,8300,43.63,U
sz300850,新强联,2025-10-16 13:00:39,43.67,4700,43.67,U
sz300850,新强联,2025-10-16 13:00:42,43.73,10070,43.67,U
sz300850,新强联,2025-10-16 13:01:09,43.71,15900,43.67,U
sz300850,新强联,2025-10-16 13:01:12,43.71,5100,43.71,D
sz300850,新强联,2025-10-16 13:01:48,43.56,5200,43.6,D
sz300850,新强联,2025-10-16 13:01:51,43.5,11600,43.56,D
sz300850,新强联,2025-10-16 13:02:09,43.6,13200,43.63,D
sz300850,新强联,2025-10-16 13:02:15,43.6,5000,43.54,U
sz300850,新强联,2025-10-16 13:02:51,43.53,5400,43.53,D
sz300850,新强联,2025-10-16 13:03:03,43.56,5000,43.58,D
sz300850,新强联,2025-10-16 13:03:45,43.58,5200,43.61,D
sz300850,新强联,2025-10-16 13:04:42,43.46,11700,43.47,D
sz300850,新强联,2025-10-16 13:06:03,43.39,6500,43.38,U
sz300850,新强联,2025-10-16 13:06:12,43.42,4800,43.42,U
sz300850,新强联,2025-10-16 13:06:18,43.35,7800,43.39,D
sz300850,新强联,2025-10-16 13:06:42,43.34,5000,43.36,D
sz300850,新强联,2025-10-16 13:07:03,43.35,7600,43.35,U
sz300850,新强联,2025-10-16 13:08:12,43.3,19700,43.33,D
sz300850,新强联,2025-10-16 13:08:15,43.34,5900,43.3,U
sz300850,新强联,2025-10-16 13:08:51,43.23,9600,43.26,D
sz300850,新强联,2025-10-16 13:08:54,43.24,13900,43.23,D
sz300850,新强联,2025-10-16 13:09:00,43.24,12300,43.24,D
sz300850,新强联,2025-10-16 13:09:06,43.23,6900,43.23,D
sz300850,新强联,2025-10-16 13:09:09,43.24,7500,43.23,U
sz300850,新强联,2025-10-16 13:10:06,43.3,5800,43.26,U
sz300850,新强联,2025-10-16 13:11:00,43.32,11600,43.29,U
sz300850,新强联,2025-10-16 13:11:12,43.31,54100,43.31,U
sz300850,新强联,2025-10-16 13:11:42,43.3,6600,43.3,U
sz300850,新强联,2025-10-16 13:12:03,43.3,10000,43.31,D
sz300850,新强联,2025-10-16 13:13:15,43.22,5000,43.23,D
sz300850,新强联,2025-10-16 13:13:18,43.23,11600,43.22,U
sz300850,新强联,2025-10-16 13:13:21,43.23,21600,43.23,U
sz300850,新强联,2025-10-16 13:13:57,43.22,6200,43.22,D
sz300850,新强联,2025-10-16 13:14:42,43.24,9800,43.25,D
sz300850,新强联,2025-10-16 13:15:36,43.29,5000,43.3,D
sz300850,新强联,2025-10-16 13:15:57,43.26,6900,43.27,D
sz300850,新强联,2025-10-16 13:16:06,43.23,8100,43.25,D
sz300850,新强联,2025-10-16 13:16:09,43.22,11000,43.23,D
sz300850,新强联,2025-10-16 13:16:12,43.21,8800,43.22,D
sz300850,新强联,2025-10-16 13:17:00,43.2,4900,43.21,D
sz300850,新强联,2025-10-16 13:18:00,43.2,5200,43.2,U
sz300850,新强联,2025-10-16 13:18:24,43.17,10600,43.18,D
sz300850,新强联,2025-10-16 13:18:30,43.19,9900,43.18,U
sz300850,新强联,2025-10-16 13:18:33,43.18,4900,43.19,D
sz300850,新强联,2025-10-16 13:18:36,43.18,7300,43.18,D
sz300850,新强联,2025-10-16 13:19:42,43.22,11400,43.22,D
sz300850,新强联,2025-10-16 13:21:06,43.22,6200,43.19,U
sz300850,新强联,2025-10-16 13:21:21,43.22,18400,43.18,U
sz300850,新强联,2025-10-16 13:21:57,43.23,10200,43.23,D
sz300850,新强联,2025-10-16 13:22:21,43.25,4900,43.3,D
sz300850,新强联,2025-10-16 13:22:57,43.25,6800,43.27,D
sz300850,新强联,2025-10-16 13:23:00,43.25,4800,43.25,D
sz300850,新强联,2025-10-16 13:23:15,43.28,8948,43.25,U
sz300850,新强联,2025-10-16 13:24:00,43.25,9152,43.29,D
sz300850,新强联,2025-10-16 13:24:12,43.21,4700,43.23,D
sz300850,新强联,2025-10-16 13:24:51,43.24,5700,43.26,E
sz300850,新强联,2025-10-16 13:26:15,43.19,17000,43.22,D
sz300850,新强联,2025-10-16 13:26:45,43.19,10900,43.22,D
sz300850,新强联,2025-10-16 13:27:09,43.22,5900,43.19,U
sz300850,新强联,2025-10-16 13:29:21,43.12,15900,43.2,D
sz300850,新强联,2025-10-16 13:30:03,43.1,14800,43.13,D
sz300850,新强联,2025-10-16 13:30:06,43.1,9800,43.1,D
sz300850,新强联,2025-10-16 13:30:27,43.1,5900,43.12,D
sz300850,新强联,2025-10-16 13:30:51,43.0,58700,43.09,D
sz300850,新强联,2025-10-16 13:30:57,43.07,7100,43.07,E
sz300850,新强联,2025-10-16 13:31:03,43.09,6100,43.07,U
sz300850,新强联,2025-10-16 13:31:12,43.08,6100,43.08,E
sz300850,新强联,2025-10-16 13:31:21,43.08,6800,43.09,D
sz300850,新强联,2025-10-16 13:31:27,43.1,19900,43.09,E
sz300850,新强联,2025-10-16 13:31:45,43.15,12100,43.09,U
sz300850,新强联,2025-10-16 13:32:12,43.18,7000,43.15,U
sz300850,新强联,2025-10-16 13:33:21,43.18,5900,43.15,U
sz300850,新强联,2025-10-16 13:33:24,43.18,9600,43.18,U
sz300850,新强联,2025-10-16 13:36:09,43.3,6300,43.34,D
sz300850,新强联,2025-10-16 13:36:21,43.3,5100,43.27,U
sz300850,新强联,2025-10-16 13:36:30,43.27,4700,43.27,U
sz300850,新强联,2025-10-16 13:36:57,43.27,53300,43.23,U
sz300850,新强联,2025-10-16 13:37:00,43.31,6800,43.27,U
sz300850,新强联,2025-10-16 13:37:09,43.28,5000,43.3,D
sz300850,新强联,2025-10-16 13:37:42,43.26,10500,43.27,D
sz300850,新强联,2025-10-16 13:38:09,43.19,4900,43.2,D
sz300850,新强联,2025-10-16 13:39:30,43.12,7500,43.13,D
sz300850,新强联,2025-10-16 13:41:06,43.17,18000,43.17,E
sz300850,新强联,2025-10-16 13:41:54,43.12,15300,43.18,D
sz300850,新强联,2025-10-16 13:42:48,43.11,6200,43.09,U
sz300850,新强联,2025-10-16 13:43:06,43.13,4800,43.12,U
sz300850,新强联,2025-10-16 13:44:54,43.13,7800,43.08,U
sz300850,新强联,2025-10-16 13:45:03,43.16,9932,43.13,U
sz300850,新强联,2025-10-16 13:45:45,43.12,4700,43.12,D
sz300850,新强联,2025-10-16 13:46:03,43.13,5300,43.11,U
sz300850,新强联,2025-10-16 13:46:24,43.12,5100,43.12,D
sz300850,新强联,2025-10-16 13:46:54,43.13,10468,43.12,U
sz300850,新强联,2025-10-16 13:47:24,43.12,8900,43.1,U
sz300850,新强联,2025-10-16 13:48:18,43.08,9800,43.09,D
sz300850,新强联,2025-10-16 13:48:27,43.1,38594,43.07,U
sz300850,新强联,2025-10-16 13:49:51,43.11,5100,43.1,E
sz300850,新强联,2025-10-16 13:51:00,43.12,15800,43.07,U
sz300850,新强联,2025-10-16 13:51:03,43.15,8300,43.12,U
sz300850,新强联,2025-10-16 13:51:12,43.12,6000,43.14,D
sz300850,新强联,2025-10-16 13:51:30,43.13,4700,43.11,U
sz300850,新强联,2025-10-16 13:52:03,43.19,12900,43.17,U
sz300850,新强联,2025-10-16 13:52:12,43.16,5000,43.16,U
sz300850,新强联,2025-10-16 13:53:00,43.17,6700,43.11,U
sz300850,新强联,2025-10-16 13:53:51,43.21,6600,43.21,D
sz300850,新强联,2025-10-16 13:54:03,43.23,5800,43.23,D
sz300850,新强联,2025-10-16 13:54:15,43.24,6900,43.22,U
sz300850,新强联,2025-10-16 13:54:18,43.25,5100,43.24,U
sz300850,新强联,2025-10-16 13:55:00,43.23,5300,43.25,D
sz300850,新强联,2025-10-16 13:55:21,43.32,19400,43.34,E
sz300850,新强联,2025-10-16 13:55:30,43.33,6600,43.33,D
sz300850,新强联,2025-10-16 13:55:48,43.34,5700,43.33,U
sz300850,新强联,2025-10-16 13:56:24,43.3,5100,43.32,D
sz300850,新强联,2025-10-16 13:57:27,43.29,10200,43.25,U
sz300850,新强联,2025-10-16 13:57:30,43.28,18800,43.29,E
sz300850,新强联,2025-10-16 13:57:57,43.21,4700,43.26,D
sz300850,新强联,2025-10-16 13:58:09,43.17,12000,43.21,D
sz300850,新强联,2025-10-16 13:59:21,43.21,5200,43.17,U
sz300850,新强联,2025-10-16 13:59:33,43.22,10400,43.2,U
sz300850,新强联,2025-10-16 14:00:00,43.17,5157,43.19,D
sz300850,新强联,2025-10-16 14:00:12,43.14,4900,43.15,D
sz300850,新强联,2025-10-16 14:00:39,43.11,6000,43.11,D
sz300850,新强联,2025-10-16 14:01:03,43.15,5000,43.09,U
sz300850,新强联,2025-10-16 14:01:06,43.08,8600,43.15,D
sz300850,新强联,2025-10-16 14:03:30,43.02,35600,43.01,U
sz300850,新强联,2025-10-16 14:03:42,43.0,32600,43.01,D
sz300850,新强联,2025-10-16 14:03:48,43.01,13500,43.0,U
sz300850,新强联,2025-10-16 14:03:51,43.04,7100,43.01,U
sz300850,新强联,2025-10-16 14:04:12,43.07,17000,43.03,U
sz300850,新强联,2025-10-16 14:04:39,43.06,7900,43.05,U
sz300850,新强联,2025-10-16 14:04:45,43.06,16600,43.06,U
sz300850,新强联,2025-10-16 14:05:03,43.1,9100,43.05,U
sz300850,新强联,2025-10-16 14:08:42,43.09,22600,43.12,D
sz300850,新强联,2025-10-16 14:08:48,43.11,17700,43.09,U
sz300850,新强联,2025-10-16 14:10:36,43.21,13300,43.15,U
sz300850,新强联,2025-10-16 14:15:42,43.26,17200,43.22,U
sz300850,新强联,2025-10-16 14:16:18,43.17,11100,43.17,D
sz300850,新强联,2025-10-16 14:16:30,43.2,12000,43.17,U
sz300850,新强联,2025-10-16 14:17:03,43.14,5400,43.15,D
sz300850,新强联,2025-10-16 14:17:24,43.15,10300,43.12,U
sz300850,新强联,2025-10-16 14:17:51,43.2,5100,43.17,U
sz300850,新强联,2025-10-16 14:19:00,43.3,8800,43.29,D
sz300850,新强联,2025-10-16 14:20:06,43.27,10800,43.27,U
sz300850,新强联,2025-10-16 14:20:30,43.28,7400,43.3,D
sz300850,新强联,2025-10-16 14:22:57,43.16,8200,43.18,D
sz300850,新强联,2025-10-16 14:23:36,43.16,6200,43.16,D
sz300850,新强联,2025-10-16 14:23:57,43.17,11900,43.15,U
sz300850,新强联,2025-10-16 14:25:21,43.12,8400,43.11,D
sz300850,新强联,2025-10-16 14:25:30,43.11,4900,43.1,E
sz300850,新强联,2025-10-16 14:26:27,43.15,16000,43.13,U
sz300850,新强联,2025-10-16 14:26:39,43.2,5700,43.15,U
sz300850,新强联,2025-10-16 14:27:42,43.18,7000,43.18,D
sz300850,新强联,2025-10-16 14:27:48,43.22,11058,43.2,U
sz300850,新强联,2025-10-16 14:27:51,43.29,5600,43.22,U
sz300850,新强联,2025-10-16 14:28:18,43.28,6100,43.28,D
sz300850,新强联,2025-10-16 14:30:03,43.31,15900,43.26,U
sz300850,新强联,2025-10-16 14:30:09,43.36,6500,43.35,U
sz300850,新强联,2025-10-16 14:30:15,43.36,6700,43.36,U
sz300850,新强联,2025-10-16 14:30:33,43.36,10900,43.36,U
sz300850,新强联,2025-10-16 14:30:57,43.31,5300,43.36,D
sz300850,新强联,2025-10-16 14:31:39,43.34,12200,43.3,U
sz300850,新强联,2025-10-16 14:33:51,43.29,6600,43.29,U
sz300850,新强联,2025-10-16 14:34:00,43.25,9100,43.24,D
sz300850,新强联,2025-10-16 14:34:03,43.27,7300,43.25,U
sz300850,新强联,2025-10-16 14:34:51,43.2,14200,43.22,D
sz300850,新强联,2025-10-16 14:34:57,43.19,5600,43.2,E
sz300850,新强联,2025-10-16 14:36:15,43.18,5100,43.19,D
sz300850,新强联,2025-10-16 14:37:03,43.11,4700,43.12,D
sz300850,新强联,2025-10-16 14:37:06,43.12,4900,43.11,U
sz300850,新强联,2025-10-16 14:37:09,43.11,5200,43.12,D
sz300850,新强联,2025-10-16 14:37:15,43.11,5000,43.11,U
sz300850,新强联,2025-10-16 14:37:39,43.1,4700,43.1,D
sz300850,新强联,2025-10-16 14:37:42,43.13,26200,43.1,U
sz300850,新强联,2025-10-16 14:37:45,43.11,6700,43.13,D
sz300850,新强联,2025-10-16 14:38:06,43.1,12200,43.11,D
sz300850,新强联,2025-10-16 14:38:09,43.09,53600,43.1,D
sz300850,新强联,2025-10-16 14:38:12,43.09,6300,43.09,D
sz300850,新强联,2025-10-16 14:38:15,43.1,5200,43.09,U
sz300850,新强联,2025-10-16 14:38:45,43.08,23100,43.05,U
sz300850,新强联,2025-10-16 14:39:39,43.06,11300,43.06,U
sz300850,新强联,2025-10-16 14:40:03,43.11,8500,43.08,U
sz300850,新强联,2025-10-16 14:40:06,43.13,7000,43.11,U
sz300850,新强联,2025-10-16 14:42:06,43.06,11100,43.07,D
sz300850,新强联,2025-10-16 14:42:30,43.06,6300,43.06,U
sz300850,新强联,2025-10-16 14:42:51,43.07,9350,43.06,U
sz300850,新强联,2025-10-16 14:43:12,43.07,5400,43.05,U
sz300850,新强联,2025-10-16 14:44:03,43.11,7500,43.08,U
sz300850,新强联,2025-10-16 14:44:48,43.1,12500,43.09,U
sz300850,新强联,2025-10-16 14:45:09,43.14,17400,43.11,U
sz300850,新强联,2025-10-16 14:45:24,43.16,6000,43.15,U
sz300850,新强联,2025-10-16 14:45:48,43.12,6200,43.13,U
sz300850,新强联,2025-10-16 14:46:12,43.12,4900,43.14,D
sz300850,新强联,2025-10-16 14:46:45,43.13,22300,43.15,D
sz300850,新强联,2025-10-16 14:47:03,43.09,5300,43.1,D
sz300850,新强联,2025-10-16 14:47:42,43.07,18100,43.07,D
sz300850,新强联,2025-10-16 14:47:48,43.07,9100,43.07,D
sz300850,新强联,2025-10-16 14:48:15,43.06,9700,43.1,D
sz300850,新强联,2025-10-16 14:48:18,43.06,4800,43.06,U
sz300850,新强联,2025-10-16 14:48:27,43.06,5700,43.07,D
sz300850,新强联,2025-10-16 14:48:51,43.07,5500,43.07,U
sz300850,新强联,2025-10-16 14:48:54,43.07,6700,43.07,E
sz300850,新强联,2025-10-16 14:49:06,43.08,6800,43.08,U
sz300850,新强联,2025-10-16 14:49:27,43.08,13300,43.08,D
sz300850,新强联,2025-10-16 14:49:36,43.07,8200,43.08,E
sz300850,新强联,2025-10-16 14:49:54,43.06,5600,43.07,D
sz300850,新强联,2025-10-16 14:50:00,43.08,5500,43.07,U
sz300850,新强联,2025-10-16 14:50:03,43.11,18300,43.08,U
sz300850,新强联,2025-10-16 14:50:18,43.15,6500,43.18,E
sz300850,新强联,2025-10-16 14:50:33,43.16,5200,43.13,U
sz300850,新强联,2025-10-16 14:50:39,43.15,6600,43.16,D
sz300850,新强联,2025-10-16 14:50:51,43.14,6100,43.14,D
sz300850,新强联,2025-10-16 14:51:00,43.16,14000,43.14,U
sz300850,新强联,2025-10-16 14:51:03,43.2,8500,43.16,U
sz300850,新强联,2025-10-16 14:51:06,43.19,9900,43.2,E
sz300850,新强联,2025-10-16 14:51:09,43.2,27400,43.19,U
sz300850,新强联,2025-10-16 14:51:12,43.2,8900,43.2,U
sz300850,新强联,2025-10-16 14:52:00,43.18,8700,43.17,U
sz300850,新强联,2025-10-16 14:52:30,43.19,5700,43.19,U
sz300850,新强联,2025-10-16 14:52:33,43.18,9700,43.19,D
sz300850,新强联,2025-10-16 14:52:48,43.21,5800,43.2,U
sz300850,新强联,2025-10-16 14:53:00,43.28,10300,43.22,U
sz300850,新强联,2025-10-16 14:53:09,43.25,7400,43.25,U
sz300850,新强联,2025-10-16 14:53:30,43.25,8100,43.23,U
sz300850,新强联,2025-10-16 14:53:36,43.24,9400,43.25,D
sz300850,新强联,2025-10-16 14:53:45,43.26,5300,43.23,U
sz300850,新强联,2025-10-16 14:54:00,43.25,5400,43.24,U
sz300850,新强联,2025-10-16 14:54:30,43.24,8500,43.26,D
sz300850,新强联,2025-10-16 14:54:39,43.24,4900,43.25,D
sz300850,新强联,2025-10-16 14:54:45,43.25,8100,43.25,U
sz300850,新强联,2025-10-16 14:54:48,43.25,6900,43.25,D
sz300850,新强联,2025-10-16 14:54:51,43.25,4800,43.25,D
sz300850,新强联,2025-10-16 14:55:00,43.27,25000,43.26,U
sz300850,新强联,2025-10-16 14:55:09,43.22,6300,43.26,D
sz300850,新强联,2025-10-16 14:55:12,43.19,9900,43.22,D
sz300850,新强联,2025-10-16 14:55:15,43.21,26000,43.19,U
sz300850,新强联,2025-10-16 14:55:30,43.18,7100,43.19,D
sz300850,新强联,2025-10-16 14:56:00,43.17,6000,43.19,D
sz300850,新强联,2025-10-16 14:56:06,43.2,21541,43.19,D
sz300850,新强联,2025-10-16 15:00:00,43.29,163296,43.18,E
