symbol,name,ticktime,price,volume,prev_price,kind
sz300850,新强联,2025-09-17 09:25:00,35.42,37300,0.0,D
sz300850,新强联,2025-09-17 09:30:00,35.33,25500,35.42,D
sz300850,新强联,2025-09-17 09:30:03,35.41,21900,35.33,U
sz300850,新强联,2025-09-17 09:30:06,35.41,20400,35.41,U
sz300850,新强联,2025-09-17 09:30:12,35.45,14500,35.45,D
sz300850,新强联,2025-09-17 09:30:15,35.45,8200,35.45,D
sz300850,新强联,2025-09-17 09:30:18,35.42,8900,35.45,D
sz300850,新强联,2025-09-17 09:30:21,35.42,14600,35.42,D
sz300850,新强联,2025-09-17 09:30:24,35.41,8400,35.42,D
sz300850,新强联,2025-09-17 09:30:42,35.23,18000,35.29,D
sz300850,新强联,2025-09-17 09:30:45,35.2,8700,35.23,D
sz300850,新强联,2025-09-17 09:30:51,35.16,5900,35.18,D
sz300850,新强联,2025-09-17 09:31:03,35.25,23273,35.21,U
sz300850,新强联,2025-09-17 09:31:12,35.23,9800,35.2,U
sz300850,新强联,2025-09-17 09:31:24,35.22,13200,35.21,U
sz300850,新强联,2025-09-17 09:31:30,35.27,6100,35.27,U
sz300850,新强联,2025-09-17 09:32:18,35.29,6600,35.32,D
sz300850,新强联,2025-09-17 09:32:33,35.33,7100,35.3,U
sz300850,新强联,2025-09-17 09:32:57,35.35,8100,35.35,U
sz300850,新强联,2025-09-17 09:33:06,35.39,8700,35.37,U
sz300850,新强联,2025-09-17 09:33:15,35.35,6100,35.37,D
sz300850,新强联,2025-09-17 09:33:18,35.43,12000,35.35,U
sz300850,新强联,2025-09-17 09:33:36,35.4,5900,35.4,D
sz300850,新强联,2025-09-17 09:34:03,35.45,6600,35.45,U
sz300850,新强联,2025-09-17 09:34:06,35.49,6900,35.45,U
sz300850,新强联,2025-09-17 09:34:18,35.49,21100,35.49,U
sz300850,新强联,2025-09-17 09:34:21,35.5,7300,35.49,U
sz300850,新强联,2025-09-17 09:34:42,35.52,14400,35.52,U
sz300850,新强联,2025-09-17 09:34:48,35.51,7765,35.5,E
sz300850,新强联,2025-09-17 09:35:00,35.53,8800,35.53,D
sz300850,新强联,2025-09-17 09:35:03,35.55,6800,35.53,U
sz300850,新强联,2025-09-17 09:35:09,35.55,7900,35.55,U
sz300850,新强联,2025-09-17 09:35:15,35.55,9000,35.55,D
sz300850,新强联,2025-09-17 09:35:18,35.55,7300,35.55,U
sz300850,新强联,2025-09-17 09:35:30,35.55,6800,35.55,U
sz300850,新强联,2025-09-17 09:35:39,35.56,25782,35.55,U
sz300850,新强联,2025-09-17 09:35:54,35.5,38535,35.57,D
sz300850,新强联,2025-09-17 09:35:57,35.5,7200,35.5,U
sz300850,新强联,2025-09-17 09:36:03,35.5,9300,35.5,U
sz300850,新强联,2025-09-17 09:36:15,35.5,11900,35.46,U
sz300850,新强联,2025-09-17 09:36:42,35.54,5700,35.54,U
sz300850,新强联,2025-09-17 09:37:03,35.6,23900,35.59,U
sz300850,新强联,2025-09-17 09:37:15,35.62,7400,35.62,U
sz300850,新强联,2025-09-17 09:37:21,35.6,16100,35.62,D
sz300850,新强联,2025-09-17 09:37:30,35.62,7100,35.61,U
sz300850,新强联,2025-09-17 09:37:33,35.61,8800,35.62,D
sz300850,新强联,2025-09-17 09:37:42,35.65,54376,35.61,U
sz300850,新强联,2025-09-17 09:37:45,35.65,6669,35.65,U
sz300850,新强联,2025-09-17 09:38:03,35.57,37310,35.66,D
sz300850,新强联,2025-09-17 09:38:09,35.58,11100,35.62,E
sz300850,新强联,2025-09-17 09:38:12,35.55,22200,35.58,D
sz300850,新强联,2025-09-17 09:38:15,35.56,6600,35.55,E
sz300850,新强联,2025-09-17 09:38:21,35.55,11700,35.59,D
sz300850,新强联,2025-09-17 09:38:51,35.64,6500,35.64,D
sz300850,新强联,2025-09-17 09:39:03,35.66,6400,35.65,U
sz300850,新强联,2025-09-17 09:39:36,35.66,13700,35.63,U
sz300850,新强联,2025-09-17 09:39:45,35.65,8709,35.66,D
sz300850,新强联,2025-09-17 09:39:48,35.71,26412,35.65,U
sz300850,新强联,2025-09-17 09:39:51,35.71,24100,35.71,D
sz300850,新强联,2025-09-17 09:39:54,35.74,6300,35.71,U
sz300850,新强联,2025-09-17 09:39:57,35.78,6100,35.74,U
sz300850,新强联,2025-09-17 09:40:03,35.78,8700,35.77,U
sz300850,新强联,2025-09-17 09:40:09,35.78,7000,35.77,U
sz300850,新强联,2025-09-17 09:40:15,35.83,18600,35.78,U
sz300850,新强联,2025-09-17 09:40:18,35.83,16900,35.83,D
sz300850,新强联,2025-09-17 09:40:30,35.8,22400,35.8,D
sz300850,新强联,2025-09-17 09:40:33,35.8,14800,35.8,D
sz300850,新强联,2025-09-17 09:40:39,35.83,8700,35.8,U
sz300850,新强联,2025-09-17 09:40:42,35.88,53383,35.83,U
sz300850,新强联,2025-09-17 09:40:45,35.96,42730,35.88,U
sz300850,新强联,2025-09-17 09:40:48,36.02,50500,35.96,U
sz300850,新强联,2025-09-17 09:40:51,36.08,12800,36.02,U
sz300850,新强联,2025-09-17 09:40:54,36.18,27381,36.08,U
sz300850,新强联,2025-09-17 09:40:57,36.06,6800,36.18,D
sz300850,新强联,2025-09-17 09:41:00,36.08,14000,36.06,U
sz300850,新强联,2025-09-17 09:41:06,36.09,17867,36.1,D
sz300850,新强联,2025-09-17 09:41:12,36.07,20600,36.09,D
sz300850,新强联,2025-09-17 09:41:15,36.09,16400,36.07,U
sz300850,新强联,2025-09-17 09:41:18,36.09,32200,36.09,U
sz300850,新强联,2025-09-17 09:41:21,36.09,55898,36.09,U
sz300850,新强联,2025-09-17 09:41:24,36.1,7900,36.09,E
sz300850,新强联,2025-09-17 09:41:27,36.11,7900,36.1,E
sz300850,新强联,2025-09-17 09:41:30,36.16,36895,36.11,U
sz300850,新强联,2025-09-17 09:41:36,36.19,7600,36.18,U
sz300850,新强联,2025-09-17 09:41:39,36.19,22800,36.19,D
sz300850,新强联,2025-09-17 09:41:42,36.2,12800,36.19,E
sz300850,新强联,2025-09-17 09:41:45,36.24,8700,36.2,U
sz300850,新强联,2025-09-17 09:41:48,36.23,9600,36.24,E
sz300850,新强联,2025-09-17 09:41:51,36.25,7100,36.23,U
sz300850,新强联,2025-09-17 09:41:57,36.25,16200,36.22,U
sz300850,新强联,2025-09-17 09:42:00,36.3,81266,36.25,U
sz300850,新强联,2025-09-17 09:42:03,36.29,21200,36.3,D
sz300850,新强联,2025-09-17 09:42:09,36.34,10700,36.36,U
sz300850,新强联,2025-09-17 09:42:12,36.28,9500,36.34,D
sz300850,新强联,2025-09-17 09:42:15,36.32,29600,36.28,U
sz300850,新强联,2025-09-17 09:42:18,36.29,15700,36.32,E
sz300850,新强联,2025-09-17 09:42:21,36.29,9900,36.29,U
sz300850,新强联,2025-09-17 09:42:24,36.24,39400,36.29,D
sz300850,新强联,2025-09-17 09:42:27,36.28,16200,36.24,U
sz300850,新强联,2025-09-17 09:42:30,36.24,10700,36.28,D
sz300850,新强联,2025-09-17 09:42:33,36.29,20200,36.24,U
sz300850,新强联,2025-09-17 09:42:36,36.26,12500,36.29,U
sz300850,新强联,2025-09-17 09:42:42,36.28,9000,36.28,U
sz300850,新强联,2025-09-17 09:42:45,36.28,12900,36.28,U
sz300850,新强联,2025-09-17 09:42:48,36.28,15200,36.28,D
sz300850,新强联,2025-09-17 09:42:51,36.28,10000,36.28,U
sz300850,新强联,2025-09-17 09:42:54,36.26,21900,36.28,D
sz300850,新强联,2025-09-17 09:42:57,36.28,24900,36.26,E
sz300850,新强联,2025-09-17 09:43:03,36.24,42300,36.27,D
sz300850,新强联,2025-09-17 09:43:06,36.25,7200,36.24,U
sz300850,新强联,2025-09-17 09:43:12,36.22,7400,36.21,E
sz300850,新强联,2025-09-17 09:43:15,36.21,14900,36.22,D
sz300850,新强联,2025-09-17 09:43:21,36.19,8900,36.21,D
sz300850,新强联,2025-09-17 09:43:27,36.15,6200,36.2,D
sz300850,新强联,2025-09-17 09:43:30,36.25,78675,36.15,U
sz300850,新强联,2025-09-17 09:43:33,36.23,14800,36.25,D
sz300850,新强联,2025-09-17 09:43:39,36.21,27400,36.21,D
sz300850,新强联,2025-09-17 09:43:42,36.31,37200,36.21,U
sz300850,新强联,2025-09-17 09:43:45,36.34,13300,36.31,U
sz300850,新强联,2025-09-17 09:43:51,36.27,10500,36.35,D
sz300850,新强联,2025-09-17 09:43:54,36.32,16600,36.27,U
sz300850,新强联,2025-09-17 09:44:00,36.31,5600,36.27,E
sz300850,新强联,2025-09-17 09:44:03,36.28,25500,36.31,D
sz300850,新强联,2025-09-17 09:44:06,36.28,6300,36.28,U
sz300850,新强联,2025-09-17 09:44:09,36.28,7500,36.28,U
sz300850,新强联,2025-09-17 09:44:18,36.26,6000,36.28,D
sz300850,新强联,2025-09-17 09:44:21,36.28,16400,36.26,U
sz300850,新强联,2025-09-17 09:44:27,36.29,15000,36.26,U
sz300850,新强联,2025-09-17 09:44:33,36.25,13000,36.27,D
sz300850,新强联,2025-09-17 09:44:42,36.28,6500,36.23,U
sz300850,新强联,2025-09-17 09:44:48,36.26,6600,36.26,D
sz300850,新强联,2025-09-17 09:44:51,36.22,18600,36.26,D
sz300850,新强联,2025-09-17 09:45:15,36.28,47166,36.23,U
sz300850,新强联,2025-09-17 09:45:24,36.22,10300,36.3,D
sz300850,新强联,2025-09-17 09:45:51,36.24,7200,36.24,D
sz300850,新强联,2025-09-17 09:46:03,36.27,58700,36.24,U
sz300850,新强联,2025-09-17 09:46:33,36.25,28900,36.3,D
sz300850,新强联,2025-09-17 09:46:36,36.26,25200,36.25,U
sz300850,新强联,2025-09-17 09:47:00,36.29,12256,36.27,U
sz300850,新强联,2025-09-17 09:47:03,36.33,15700,36.29,U
sz300850,新强联,2025-09-17 09:47:15,36.37,124864,36.33,U
sz300850,新强联,2025-09-17 09:47:21,36.54,113500,36.4,U
sz300850,新强联,2025-09-17 09:47:24,36.57,15300,36.54,U
sz300850,新强联,2025-09-17 09:47:27,36.58,22850,36.57,U
sz300850,新强联,2025-09-17 09:47:30,36.62,10800,36.58,U
sz300850,新强联,2025-09-17 09:47:33,36.66,14200,36.62,U
sz300850,新强联,2025-09-17 09:47:36,36.68,42921,36.66,U
sz300850,新强联,2025-09-17 09:47:39,36.69,14400,36.68,E
sz300850,新强联,2025-09-17 09:47:42,36.71,21500,36.69,U
sz300850,新强联,2025-09-17 09:47:45,36.7,52700,36.71,E
sz300850,新强联,2025-09-17 09:47:48,36.77,26900,36.7,U
sz300850,新强联,2025-09-17 09:47:51,36.77,79200,36.77,U
sz300850,新强联,2025-09-17 09:47:54,36.68,30800,36.77,D
sz300850,新强联,2025-09-17 09:47:57,36.77,15000,36.68,U
sz300850,新强联,2025-09-17 09:48:00,36.74,23800,36.77,U
sz300850,新强联,2025-09-17 09:48:03,36.6,34000,36.74,D
sz300850,新强联,2025-09-17 09:48:06,36.68,30800,36.6,U
sz300850,新强联,2025-09-17 09:48:12,36.62,21400,36.67,D
sz300850,新强联,2025-09-17 09:48:15,36.62,43300,36.62,U
sz300850,新强联,2025-09-17 09:48:18,36.62,20000,36.62,U
sz300850,新强联,2025-09-17 09:48:21,36.62,17900,36.62,D
sz300850,新强联,2025-09-17 09:48:24,36.57,13500,36.62,D
sz300850,新强联,2025-09-17 09:48:33,36.59,5800,36.55,U
sz300850,新强联,2025-09-17 09:48:48,36.53,5500,36.53,U
sz300850,新强联,2025-09-17 09:48:51,36.5,13600,36.53,D
sz300850,新强联,2025-09-17 09:48:54,36.52,14200,36.5,U
sz300850,新强联,2025-09-17 09:49:00,36.49,7600,36.49,U
sz300850,新强联,2025-09-17 09:49:15,36.42,6500,36.41,U
sz300850,新强联,2025-09-17 09:49:18,36.44,19600,36.42,E
sz300850,新强联,2025-09-17 09:49:21,36.42,6300,36.44,D
sz300850,新强联,2025-09-17 09:49:27,36.5,25200,36.48,U
sz300850,新强联,2025-09-17 09:49:30,36.51,13400,36.5,U
sz300850,新强联,2025-09-17 09:49:51,36.52,14300,36.52,U
sz300850,新强联,2025-09-17 09:49:54,36.51,7700,36.52,E
sz300850,新强联,2025-09-17 09:50:00,36.51,11100,36.52,D
sz300850,新强联,2025-09-17 09:50:03,36.5,10200,36.51,D
sz300850,新强联,2025-09-17 09:50:09,36.57,14400,36.52,U
sz300850,新强联,2025-09-17 09:50:12,36.59,30500,36.57,U
sz300850,新强联,2025-09-17 09:50:36,36.55,11200,36.53,U
sz300850,新强联,2025-09-17 09:50:42,36.49,22500,36.55,D
sz300850,新强联,2025-09-17 09:51:00,36.46,13900,36.5,D
sz300850,新强联,2025-09-17 09:51:06,36.51,11700,36.45,U
sz300850,新强联,2025-09-17 09:51:21,36.48,6100,36.5,D
sz300850,新强联,2025-09-17 09:51:27,36.54,27100,36.48,U
sz300850,新强联,2025-09-17 09:51:30,36.57,43400,36.54,U
sz300850,新强联,2025-09-17 09:51:36,36.63,22300,36.6,U
sz300850,新强联,2025-09-17 09:51:39,36.6,10800,36.63,D
sz300850,新强联,2025-09-17 09:51:45,36.59,5700,36.65,D
sz300850,新强联,2025-09-17 09:51:51,36.59,5700,36.6,D
sz300850,新强联,2025-09-17 09:51:57,36.6,17000,36.6,U
sz300850,新强联,2025-09-17 09:52:00,36.67,17900,36.6,U
sz300850,新强联,2025-09-17 09:52:03,36.63,34200,36.67,D
sz300850,新强联,2025-09-17 09:52:06,36.63,13200,36.63,D
sz300850,新强联,2025-09-17 09:52:15,36.63,6400,36.6,E
sz300850,新强联,2025-09-17 09:52:18,36.61,8600,36.63,D
sz300850,新强联,2025-09-17 09:52:21,36.6,8800,36.61,D
sz300850,新强联,2025-09-17 09:52:36,36.6,5500,36.6,U
sz300850,新强联,2025-09-17 09:52:39,36.59,9300,36.6,D
sz300850,新强联,2025-09-17 09:52:57,36.56,6500,36.58,D
sz300850,新强联,2025-09-17 09:53:00,36.5,11300,36.56,D
sz300850,新强联,2025-09-17 09:53:15,36.54,5600,36.53,D
sz300850,新强联,2025-09-17 09:53:24,36.54,12500,36.54,D
sz300850,新强联,2025-09-17 09:53:36,36.51,33500,36.51,U
sz300850,新强联,2025-09-17 09:53:39,36.5,9100,36.51,U
sz300850,新强联,2025-09-17 09:53:42,36.54,12900,36.5,U
sz300850,新强联,2025-09-17 09:54:03,36.56,19500,36.51,U
sz300850,新强联,2025-09-17 09:54:12,36.56,5600,36.54,U
sz300850,新强联,2025-09-17 09:54:45,36.54,6000,36.54,D
sz300850,新强联,2025-09-17 09:55:27,36.53,7200,36.54,D
sz300850,新强联,2025-09-17 09:55:33,36.54,10100,36.52,U
sz300850,新强联,2025-09-17 09:55:45,36.5,6600,36.51,D
sz300850,新强联,2025-09-17 09:56:09,36.49,6600,36.47,U
sz300850,新强联,2025-09-17 09:56:15,36.48,15700,36.49,D
sz300850,新强联,2025-09-17 09:56:27,36.45,6500,36.46,D
sz300850,新强联,2025-09-17 09:56:30,36.43,10100,36.45,D
sz300850,新强联,2025-09-17 09:56:54,36.4,7400,36.4,D
sz300850,新强联,2025-09-17 09:56:57,36.42,6800,36.4,U
sz300850,新强联,2025-09-17 09:58:00,36.47,22100,36.41,U
sz300850,新强联,2025-09-17 09:58:09,36.49,7100,36.48,U
sz300850,新强联,2025-09-17 09:58:12,36.46,6600,36.49,D
sz300850,新强联,2025-09-17 09:58:27,36.5,11500,36.47,U
sz300850,新强联,2025-09-17 09:58:42,36.46,16400,36.48,D
sz300850,新强联,2025-09-17 09:58:51,36.39,21500,36.43,D
sz300850,新强联,2025-09-17 09:59:00,36.39,5700,36.4,U
sz300850,新强联,2025-09-17 09:59:12,36.38,6000,36.39,D
sz300850,新强联,2025-09-17 09:59:27,36.39,5600,36.39,U
sz300850,新强联,2025-09-17 09:59:36,36.38,10600,36.39,D
sz300850,新强联,2025-09-17 10:00:24,36.35,6900,36.34,U
sz300850,新强联,2025-09-17 10:00:27,36.33,12100,36.35,D
sz300850,新强联,2025-09-17 10:00:36,36.32,12800,36.32,D
sz300850,新强联,2025-09-17 10:00:57,36.32,13400,36.31,U
sz300850,新强联,2025-09-17 10:01:03,36.39,5500,36.37,U
sz300850,新强联,2025-09-17 10:01:33,36.37,5500,36.37,D
sz300850,新强联,2025-09-17 10:01:36,36.37,7800,36.37,U
sz300850,新强联,2025-09-17 10:02:12,36.33,7100,36.34,D
sz300850,新强联,2025-09-17 10:02:15,36.35,7700,36.33,U
sz300850,新强联,2025-09-17 10:02:24,36.33,6500,36.33,D
sz300850,新强联,2025-09-17 10:02:36,36.31,12200,36.31,U
sz300850,新强联,2025-09-17 10:02:51,36.29,12100,36.31,D
sz300850,新强联,2025-09-17 10:03:06,36.26,8200,36.28,D
sz300850,新强联,2025-09-17 10:03:09,36.28,59800,36.26,U
sz300850,新强联,2025-09-17 10:03:15,36.33,11000,36.33,U
sz300850,新强联,2025-09-17 10:03:39,36.26,10000,36.32,D
sz300850,新强联,2025-09-17 10:04:06,36.26,5800,36.29,D
sz300850,新强联,2025-09-17 10:04:15,36.29,9600,36.29,D
sz300850,新强联,2025-09-17 10:04:36,36.32,20100,36.26,U
sz300850,新强联,2025-09-17 10:05:18,36.29,7000,36.29,D
sz300850,新强联,2025-09-17 10:05:27,36.28,7900,36.28,D
sz300850,新强联,2025-09-17 10:05:54,36.26,8200,36.26,D
sz300850,新强联,2025-09-17 10:06:03,36.29,7636,36.26,U
sz300850,新强联,2025-09-17 10:06:30,36.31,12200,36.31,U
sz300850,新强联,2025-09-17 10:06:48,36.29,6700,36.28,E
sz300850,新强联,2025-09-17 10:06:51,36.28,7200,36.29,E
sz300850,新强联,2025-09-17 10:06:57,36.26,13364,36.27,D
sz300850,新强联,2025-09-17 10:07:00,36.25,22771,36.26,D
sz300850,新强联,2025-09-17 10:07:03,36.22,13900,36.25,D
sz300850,新强联,2025-09-17 10:07:06,36.22,6700,36.22,D
sz300850,新强联,2025-09-17 10:07:27,36.2,6400,36.22,D
sz300850,新强联,2025-09-17 10:07:54,36.2,5900,36.2,D
sz300850,新强联,2025-09-17 10:07:57,36.2,6000,36.2,D
sz300850,新强联,2025-09-17 10:08:03,36.24,35600,36.18,U
sz300850,新强联,2025-09-17 10:08:06,36.19,6500,36.24,D
sz300850,新强联,2025-09-17 10:09:03,36.26,5600,36.26,E
sz300850,新强联,2025-09-17 10:09:42,36.29,6900,36.29,U
sz300850,新强联,2025-09-17 10:09:51,36.29,13400,36.29,U
sz300850,新强联,2025-09-17 10:09:54,36.25,12900,36.29,D
sz300850,新强联,2025-09-17 10:10:03,36.23,15500,36.25,D
sz300850,新强联,2025-09-17 10:10:06,36.25,5800,36.23,U
sz300850,新强联,2025-09-17 10:10:45,36.23,11300,36.23,D
sz300850,新强联,2025-09-17 10:11:12,36.25,7000,36.24,U
sz300850,新强联,2025-09-17 10:11:36,36.31,7700,36.28,U
sz300850,新强联,2025-09-17 10:11:51,36.32,8700,36.32,D
sz300850,新强联,2025-09-17 10:11:57,36.32,7200,36.33,D
sz300850,新强联,2025-09-17 10:12:03,36.39,16100,36.32,U
sz300850,新强联,2025-09-17 10:12:15,36.34,7600,36.37,D
sz300850,新强联,2025-09-17 10:12:18,36.32,11400,36.34,D
sz300850,新强联,2025-09-17 10:12:24,36.28,8200,36.29,D
sz300850,新强联,2025-09-17 10:12:57,36.23,7700,36.24,D
sz300850,新强联,2025-09-17 10:13:33,36.28,6700,36.25,U
sz300850,新强联,2025-09-17 10:13:45,36.28,7700,36.24,U
sz300850,新强联,2025-09-17 10:16:00,36.25,8000,36.26,D
sz300850,新强联,2025-09-17 10:16:18,36.33,12300,36.29,U
sz300850,新强联,2025-09-17 10:16:54,36.32,29600,36.33,D
sz300850,新强联,2025-09-17 10:17:21,36.31,5600,36.31,D
sz300850,新强联,2025-09-17 10:17:30,36.3,12300,36.31,D
sz300850,新强联,2025-09-17 10:18:21,36.31,6700,36.31,U
sz300850,新强联,2025-09-17 10:18:36,36.31,7500,36.32,D
sz300850,新强联,2025-09-17 10:18:42,36.36,29600,36.31,U
sz300850,新强联,2025-09-17 10:19:06,36.42,14000,36.38,U
sz300850,新强联,2025-09-17 10:20:18,36.4,15500,36.44,D
sz300850,新强联,2025-09-17 10:20:21,36.38,13100,36.4,D
sz300850,新强联,2025-09-17 10:21:18,36.32,8400,36.32,U
sz300850,新强联,2025-09-17 10:21:57,36.29,18400,36.32,D
sz300850,新强联,2025-09-17 10:22:33,36.2,32600,36.21,D
sz300850,新强联,2025-09-17 10:22:36,36.18,8400,36.2,D
sz300850,新强联,2025-09-17 10:22:57,36.15,7600,36.16,D
sz300850,新强联,2025-09-17 10:23:00,36.15,8700,36.15,E
sz300850,新强联,2025-09-17 10:23:33,36.15,21100,36.1,U
sz300850,新强联,2025-09-17 10:23:36,36.14,40900,36.15,D
sz300850,新强联,2025-09-17 10:23:42,36.16,5700,36.1,U
sz300850,新强联,2025-09-17 10:24:03,36.23,11000,36.19,U
sz300850,新强联,2025-09-17 10:24:54,36.21,12300,36.22,D
sz300850,新强联,2025-09-17 10:25:03,36.19,8900,36.21,D
sz300850,新强联,2025-09-17 10:25:06,36.19,5900,36.19,E
sz300850,新强联,2025-09-17 10:25:15,36.14,9800,36.16,D
sz300850,新强联,2025-09-17 10:25:33,36.1,7300,36.12,D
sz300850,新强联,2025-09-17 10:25:45,36.06,8500,36.07,U
sz300850,新强联,2025-09-17 10:25:48,36.06,5900,36.06,U
sz300850,新强联,2025-09-17 10:27:00,36.06,9700,36.05,U
sz300850,新强联,2025-09-17 10:27:27,36.07,8100,36.05,U
sz300850,新强联,2025-09-17 10:28:06,36.1,14500,36.08,U
sz300850,新强联,2025-09-17 10:29:06,36.1,9722,36.1,U
sz300850,新强联,2025-09-17 10:30:03,36.04,10000,36.04,D
sz300850,新强联,2025-09-17 10:30:36,36.0,18500,36.03,D
sz300850,新强联,2025-09-17 10:30:39,36.0,6600,36.0,D
sz300850,新强联,2025-09-17 10:30:48,36.0,6000,36.0,D
sz300850,新强联,2025-09-17 10:30:51,36.0,11700,36.0,D
sz300850,新强联,2025-09-17 10:31:09,36.0,6000,36.02,D
sz300850,新强联,2025-09-17 10:31:12,36.05,7800,36.0,U
sz300850,新强联,2025-09-17 10:31:42,36.06,15600,36.04,U
sz300850,新强联,2025-09-17 10:32:54,36.0,7100,36.02,D
sz300850,新强联,2025-09-17 10:33:27,36.02,6700,36.03,D
sz300850,新强联,2025-09-17 10:34:24,35.99,8400,36.01,D
sz300850,新强联,2025-09-17 10:34:30,36.02,13800,36.01,U
sz300850,新强联,2025-09-17 10:34:39,36.03,6700,36.0,U
sz300850,新强联,2025-09-17 10:34:42,36.05,17000,36.03,U
sz300850,新强联,2025-09-17 10:35:03,36.01,7900,36.04,D
sz300850,新强联,2025-09-17 10:35:51,36.03,12900,36.02,U
sz300850,新强联,2025-09-17 10:36:09,36.09,13500,36.05,U
sz300850,新强联,2025-09-17 10:36:24,36.09,7700,36.09,U
sz300850,新强联,2025-09-17 10:37:39,36.11,12400,36.14,D
sz300850,新强联,2025-09-17 10:40:24,36.25,45400,36.2,U
sz300850,新强联,2025-09-17 10:40:30,36.32,13300,36.26,U
sz300850,新强联,2025-09-17 10:40:33,36.33,15100,36.32,U
sz300850,新强联,2025-09-17 10:41:06,36.32,10300,36.29,U
sz300850,新强联,2025-09-17 10:41:12,36.43,14300,36.36,U
sz300850,新强联,2025-09-17 10:41:15,36.37,16700,36.43,D
sz300850,新强联,2025-09-17 10:41:18,36.33,8300,36.37,D
sz300850,新强联,2025-09-17 10:42:36,36.28,18600,36.2,U
sz300850,新强联,2025-09-17 10:42:39,36.26,19400,36.28,D
sz300850,新强联,2025-09-17 10:43:30,36.17,11000,36.2,D
sz300850,新强联,2025-09-17 10:45:18,36.24,6901,36.19,U
sz300850,新强联,2025-09-17 10:45:33,36.3,9500,36.3,U
sz300850,新强联,2025-09-17 10:45:42,36.31,11000,36.3,U
sz300850,新强联,2025-09-17 10:46:51,36.22,6100,36.26,D
sz300850,新强联,2025-09-17 10:47:21,36.19,6100,36.2,D
sz300850,新强联,2025-09-17 10:48:18,36.26,20840,36.24,U
sz300850,新强联,2025-09-17 10:48:21,36.35,15500,36.26,U
sz300850,新强联,2025-09-17 10:49:27,36.29,10400,36.29,D
sz300850,新强联,2025-09-17 10:49:54,36.34,10100,36.32,U
sz300850,新强联,2025-09-17 10:50:15,36.27,15100,36.28,D
sz300850,新强联,2025-09-17 10:50:18,36.21,11600,36.27,D
sz300850,新强联,2025-09-17 10:51:42,36.27,7700,36.24,U
sz300850,新强联,2025-09-17 10:51:51,36.3,7200,36.26,U
sz300850,新强联,2025-09-17 10:52:57,36.31,10020,36.29,U
sz300850,新强联,2025-09-17 10:53:06,36.31,21400,36.3,U
sz300850,新强联,2025-09-17 10:53:09,36.31,7900,36.31,U
sz300850,新强联,2025-09-17 10:53:18,36.31,16980,36.31,D
sz300850,新强联,2025-09-17 10:53:33,36.32,18120,36.28,U
sz300850,新强联,2025-09-17 10:54:12,36.42,5900,36.38,U
sz300850,新强联,2025-09-17 10:54:36,36.41,6700,36.41,D
sz300850,新强联,2025-09-17 10:55:06,36.45,7800,36.45,U
sz300850,新强联,2025-09-17 10:55:09,36.5,61000,36.45,U
sz300850,新强联,2025-09-17 10:55:12,36.54,241200,36.5,U
sz300850,新强联,2025-09-17 10:55:15,36.55,13700,36.54,E
sz300850,新强联,2025-09-17 10:55:24,36.52,6900,36.54,E
sz300850,新强联,2025-09-17 10:55:27,36.52,8100,36.52,E
sz300850,新强联,2025-09-17 10:55:36,36.53,6600,36.5,U
sz300850,新强联,2025-09-17 10:55:42,36.54,10100,36.54,D
sz300850,新强联,2025-09-17 10:55:48,36.54,6500,36.54,E
sz300850,新强联,2025-09-17 10:55:57,36.5,11500,36.54,D
sz300850,新强联,2025-09-17 10:56:15,36.55,33391,36.5,U
sz300850,新强联,2025-09-17 10:56:24,36.6,20000,36.55,U
sz300850,新强联,2025-09-17 10:56:30,36.64,10100,36.57,U
sz300850,新强联,2025-09-17 10:56:33,36.61,19000,36.64,D
sz300850,新强联,2025-09-17 10:56:39,36.55,15300,36.57,D
sz300850,新强联,2025-09-17 10:56:51,36.57,16000,36.57,U
sz300850,新强联,2025-09-17 10:57:18,36.52,15600,36.49,U
sz300850,新强联,2025-09-17 10:57:24,36.51,10400,36.53,D
sz300850,新强联,2025-09-17 10:57:45,36.52,6200,36.51,U
sz300850,新强联,2025-09-17 10:57:54,36.55,18500,36.51,U
sz300850,新强联,2025-09-17 10:59:00,36.49,6100,36.47,U
sz300850,新强联,2025-09-17 10:59:15,36.51,15400,36.49,U
sz300850,新强联,2025-09-17 11:00:09,36.55,19300,36.49,U
sz300850,新强联,2025-09-17 11:00:27,36.53,8400,36.51,U
sz300850,新强联,2025-09-17 11:00:33,36.57,6900,36.5,U
sz300850,新强联,2025-09-17 11:01:24,36.49,13000,36.49,U
sz300850,新强联,2025-09-17 11:01:39,36.49,15000,36.49,U
sz300850,新强联,2025-09-17 11:02:15,36.44,12600,36.4,U
sz300850,新强联,2025-09-17 11:02:51,36.42,10800,36.4,U
sz300850,新强联,2025-09-17 11:04:00,36.49,14501,36.45,U
sz300850,新强联,2025-09-17 11:04:03,36.52,6200,36.49,U
sz300850,新强联,2025-09-17 11:04:12,36.57,15300,36.55,U
sz300850,新强联,2025-09-17 11:04:27,36.57,7900,36.57,D
sz300850,新强联,2025-09-17 11:04:33,36.62,30400,36.58,U
sz300850,新强联,2025-09-17 11:04:48,36.64,5800,36.64,D
sz300850,新强联,2025-09-17 11:04:51,36.62,10700,36.64,D
sz300850,新强联,2025-09-17 11:05:15,36.61,5500,36.61,U
sz300850,新强联,2025-09-17 11:05:18,36.61,13300,36.61,D
sz300850,新强联,2025-09-17 11:05:30,36.61,10400,36.61,D
sz300850,新强联,2025-09-17 11:05:39,36.61,11500,36.61,U
sz300850,新强联,2025-09-17 11:05:57,36.61,10700,36.6,U
sz300850,新强联,2025-09-17 11:06:15,36.6,13100,36.62,D
sz300850,新强联,2025-09-17 11:06:24,36.56,7400,36.57,D
sz300850,新强联,2025-09-17 11:07:03,36.54,7300,36.53,U
sz300850,新强联,2025-09-17 11:08:57,36.45,15100,36.47,D
sz300850,新强联,2025-09-17 11:09:33,36.41,8700,36.44,D
sz300850,新强联,2025-09-17 11:10:09,36.4,9300,36.39,U
sz300850,新强联,2025-09-17 11:10:57,36.38,26600,36.41,D
sz300850,新强联,2025-09-17 11:12:03,36.31,6900,36.36,D
sz300850,新强联,2025-09-17 11:12:51,36.27,7800,36.26,U
sz300850,新强联,2025-09-17 11:13:09,36.27,16200,36.28,E
sz300850,新强联,2025-09-17 11:16:09,36.28,6200,36.28,D
sz300850,新强联,2025-09-17 11:16:30,36.43,24783,36.28,U
sz300850,新强联,2025-09-17 11:16:39,36.5,6100,36.47,U
sz300850,新强联,2025-09-17 11:16:45,36.55,16200,36.52,U
sz300850,新强联,2025-09-17 11:16:57,36.57,9000,36.53,U
sz300850,新强联,2025-09-17 11:17:15,36.59,7700,36.57,U
sz300850,新强联,2025-09-17 11:17:36,36.59,23000,36.59,U
sz300850,新强联,2025-09-17 11:17:48,36.59,7600,36.59,U
sz300850,新强联,2025-09-17 11:17:54,36.56,24500,36.59,D
sz300850,新强联,2025-09-17 11:17:57,36.59,11800,36.56,U
sz300850,新强联,2025-09-17 11:18:06,36.61,40642,36.59,U
sz300850,新强联,2025-09-17 11:18:09,36.62,7900,36.61,U
sz300850,新强联,2025-09-17 11:18:12,36.64,19500,36.62,U
sz300850,新强联,2025-09-17 11:18:21,36.62,16800,36.62,E
sz300850,新强联,2025-09-17 11:19:03,36.6,11209,36.58,U
sz300850,新强联,2025-09-17 11:19:36,36.58,6900,36.58,U
sz300850,新强联,2025-09-17 11:19:51,36.57,16000,36.59,D
sz300850,新强联,2025-09-17 11:19:54,36.55,7000,36.57,D
sz300850,新强联,2025-09-17 11:19:57,36.55,18800,36.55,D
sz300850,新强联,2025-09-17 11:20:33,36.55,10100,36.57,D
sz300850,新强联,2025-09-17 11:21:24,36.61,82209,36.58,U
sz300850,新强联,2025-09-17 11:21:36,36.62,5500,36.62,U
sz300850,新强联,2025-09-17 11:21:39,36.63,6200,36.62,U
sz300850,新强联,2025-09-17 11:22:24,36.59,31200,36.58,U
sz300850,新强联,2025-09-17 11:22:27,36.58,6000,36.59,D
sz300850,新强联,2025-09-17 11:22:30,36.6,5900,36.58,U
sz300850,新强联,2025-09-17 11:22:39,36.6,6300,36.61,D
sz300850,新强联,2025-09-17 11:23:18,36.57,9100,36.56,U
sz300850,新强联,2025-09-17 11:23:24,36.54,27900,36.56,D
sz300850,新强联,2025-09-17 11:23:48,36.55,6700,36.54,U
sz300850,新强联,2025-09-17 11:24:09,36.53,5600,36.53,D
sz300850,新强联,2025-09-17 11:24:36,36.49,13500,36.5,D
sz300850,新强联,2025-09-17 11:25:03,36.5,9000,36.5,U
sz300850,新强联,2025-09-17 11:25:21,36.5,6900,36.53,D
sz300850,新强联,2025-09-17 11:26:03,36.44,9700,36.46,D
sz300850,新强联,2025-09-17 11:27:03,36.43,6600,36.43,U
sz300850,新强联,2025-09-17 11:27:33,36.52,10000,36.48,U
sz300850,新强联,2025-09-17 11:27:57,36.55,6100,36.5,U
sz300850,新强联,2025-09-17 11:28:42,36.5,6600,36.5,U
sz300850,新强联,2025-09-17 13:00:00,36.47,23200,36.47,U
sz300850,新强联,2025-09-17 13:00:03,36.47,6200,36.47,D
sz300850,新强联,2025-09-17 13:00:09,36.52,45100,36.49,U
sz300850,新强联,2025-09-17 13:00:15,36.62,72700,36.49,U
sz300850,新强联,2025-09-17 13:00:18,36.61,75000,36.62,D
sz300850,新强联,2025-09-17 13:00:24,36.67,125422,36.61,U
sz300850,新强联,2025-09-17 13:00:27,36.67,11000,36.67,D
sz300850,新强联,2025-09-17 13:00:36,36.68,15700,36.67,U
sz300850,新强联,2025-09-17 13:00:42,36.68,7200,36.66,U
sz300850,新强联,2025-09-17 13:03:21,36.65,12225,36.61,U
sz300850,新强联,2025-09-17 13:03:24,36.66,7400,36.65,U
sz300850,新强联,2025-09-17 13:03:45,36.65,5700,36.66,D
sz300850,新强联,2025-09-17 13:04:15,36.72,68500,36.67,U
sz300850,新强联,2025-09-17 13:04:18,36.72,13400,36.72,U
sz300850,新强联,2025-09-17 13:04:48,36.68,8000,36.68,U
sz300850,新强联,2025-09-17 13:05:03,36.69,6100,36.68,U
sz300850,新强联,2025-09-17 13:05:12,36.64,13800,36.68,D
sz300850,新强联,2025-09-17 13:06:15,36.63,18700,36.59,U
sz300850,新强联,2025-09-17 13:06:39,36.64,8300,36.6,U
sz300850,新强联,2025-09-17 13:09:51,36.51,6400,36.51,U
sz300850,新强联,2025-09-17 13:09:54,36.5,8600,36.51,D
sz300850,新强联,2025-09-17 13:10:21,36.47,7100,36.47,D
sz300850,新强联,2025-09-17 13:10:33,36.49,8300,36.48,U
sz300850,新强联,2025-09-17 13:10:45,36.51,5800,36.5,U
sz300850,新强联,2025-09-17 13:12:39,36.55,12044,36.5,U
sz300850,新强联,2025-09-17 13:12:48,36.53,24609,36.54,D
sz300850,新强联,2025-09-17 13:14:42,36.49,12600,36.49,D
sz300850,新强联,2025-09-17 13:14:48,36.5,8000,36.49,U
sz300850,新强联,2025-09-17 13:16:42,36.4,17300,36.43,D
sz300850,新强联,2025-09-17 13:16:54,36.37,23900,36.4,D
sz300850,新强联,2025-09-17 13:17:09,36.37,7100,36.42,D
sz300850,新强联,2025-09-17 13:17:48,36.42,41700,36.35,U
sz300850,新强联,2025-09-17 13:18:48,36.42,12500,36.4,U
sz300850,新强联,2025-09-17 13:19:21,36.43,6000,36.42,U
sz300850,新强联,2025-09-17 13:20:24,36.47,25100,36.44,U
sz300850,新强联,2025-09-17 13:21:09,36.47,6400,36.49,D
sz300850,新强联,2025-09-17 13:21:27,36.47,5500,36.46,U
sz300850,新强联,2025-09-17 13:23:09,36.45,12600,36.47,D
sz300850,新强联,2025-09-17 13:23:15,36.45,7500,36.45,D
sz300850,新强联,2025-09-17 13:25:27,36.46,6300,36.44,U
sz300850,新强联,2025-09-17 13:25:51,36.43,21400,36.46,D
sz300850,新强联,2025-09-17 13:26:12,36.44,10300,36.45,D
sz300850,新强联,2025-09-17 13:27:24,36.46,24100,36.46,U
sz300850,新强联,2025-09-17 13:27:42,36.42,6800,36.43,D
sz300850,新强联,2025-09-17 13:27:54,36.42,6000,36.43,D
sz300850,新强联,2025-09-17 13:27:57,36.48,21000,36.42,U
sz300850,新强联,2025-09-17 13:29:24,36.42,12300,36.43,D
sz300850,新强联,2025-09-17 13:30:15,36.42,7300,36.39,U
sz300850,新强联,2025-09-17 13:32:03,36.42,9000,36.44,D
sz300850,新强联,2025-09-17 13:33:06,36.5,44400,36.43,U
sz300850,新强联,2025-09-17 13:33:42,36.55,5500,36.5,U
sz300850,新强联,2025-09-17 13:34:00,36.59,5800,36.58,U
sz300850,新强联,2025-09-17 13:34:09,36.61,7700,36.6,U
sz300850,新强联,2025-09-17 13:34:24,36.77,211300,36.65,U
sz300850,新强联,2025-09-17 13:34:27,36.78,58100,36.77,U
sz300850,新强联,2025-09-17 13:34:30,36.77,9800,36.78,U
sz300850,新强联,2025-09-17 13:34:33,36.77,13600,36.77,D
sz300850,新强联,2025-09-17 13:34:39,36.73,5700,36.73,U
sz300850,新强联,2025-09-17 13:34:54,36.71,7200,36.72,D
sz300850,新强联,2025-09-17 13:34:57,36.72,25500,36.71,E
sz300850,新强联,2025-09-17 13:35:51,36.68,12000,36.66,U
sz300850,新强联,2025-09-17 13:36:09,36.67,7600,36.66,U
sz300850,新强联,2025-09-17 13:36:33,36.73,24600,36.68,U
sz300850,新强联,2025-09-17 13:36:36,36.75,43600,36.73,U
sz300850,新强联,2025-09-17 13:36:39,36.86,205947,36.75,U
sz300850,新强联,2025-09-17 13:36:42,36.85,7900,36.86,D
sz300850,新强联,2025-09-17 13:36:45,36.83,16600,36.85,D
sz300850,新强联,2025-09-17 13:36:51,36.86,18800,36.85,U
sz300850,新强联,2025-09-17 13:36:54,36.86,28600,36.86,U
sz300850,新强联,2025-09-17 13:37:00,36.85,11100,36.88,D
sz300850,新强联,2025-09-17 13:37:03,36.85,6600,36.85,U
sz300850,新强联,2025-09-17 13:37:09,36.83,20600,36.82,U
sz300850,新强联,2025-09-17 13:37:15,36.85,18300,36.77,U
sz300850,新强联,2025-09-17 13:37:24,36.8,18700,36.8,U
sz300850,新强联,2025-09-17 13:37:36,36.82,19600,36.81,U
sz300850,新强联,2025-09-17 13:38:12,36.77,11600,36.78,D
sz300850,新强联,2025-09-17 13:38:39,36.73,7000,36.74,D
sz300850,新强联,2025-09-17 13:38:42,36.78,32400,36.73,U
sz300850,新强联,2025-09-17 13:39:09,36.74,8600,36.74,U
sz300850,新强联,2025-09-17 13:39:54,36.75,14900,36.75,U
sz300850,新强联,2025-09-17 13:40:00,36.76,8400,36.75,U
sz300850,新强联,2025-09-17 13:40:03,36.78,7500,36.76,U
sz300850,新强联,2025-09-17 13:40:09,36.85,43800,36.77,U
sz300850,新强联,2025-09-17 13:40:12,36.86,32217,36.85,U
sz300850,新强联,2025-09-17 13:40:15,36.85,15200,36.86,D
sz300850,新强联,2025-09-17 13:40:18,36.86,7600,36.85,U
sz300850,新强联,2025-09-17 13:40:21,36.86,19500,36.86,D
sz300850,新强联,2025-09-17 13:40:24,36.87,11900,36.86,U
sz300850,新强联,2025-09-17 13:40:27,36.87,10500,36.87,U
sz300850,新强联,2025-09-17 13:40:33,36.87,5700,36.86,U
sz300850,新强联,2025-09-17 13:40:36,36.87,10000,36.87,U
sz300850,新强联,2025-09-17 13:40:39,36.85,26783,36.87,D
sz300850,新强联,2025-09-17 13:40:45,36.87,7100,36.83,U
sz300850,新强联,2025-09-17 13:40:51,36.88,20200,36.83,U
sz300850,新强联,2025-09-17 13:40:57,36.86,7600,36.82,U
sz300850,新强联,2025-09-17 13:41:21,36.84,11600,36.84,D
sz300850,新强联,2025-09-17 13:41:30,36.86,9500,36.85,U
sz300850,新强联,2025-09-17 13:41:33,36.86,8300,36.86,U
sz300850,新强联,2025-09-17 13:41:39,36.84,14916,36.85,D
sz300850,新强联,2025-09-17 13:41:45,36.84,6900,36.85,U
sz300850,新强联,2025-09-17 13:41:51,36.8,11800,36.82,D
sz300850,新强联,2025-09-17 13:41:54,36.8,9900,36.8,D
sz300850,新强联,2025-09-17 13:42:03,36.75,15700,36.8,D
sz300850,新强联,2025-09-17 13:42:45,36.73,5500,36.73,D
sz300850,新强联,2025-09-17 13:43:45,36.73,11300,36.72,U
sz300850,新强联,2025-09-17 13:44:24,36.75,6700,36.74,U
sz300850,新强联,2025-09-17 13:44:57,36.8,16700,36.79,U
sz300850,新强联,2025-09-17 13:45:12,36.88,110100,36.81,U
sz300850,新强联,2025-09-17 13:45:15,36.88,7000,36.88,U
sz300850,新强联,2025-09-17 13:45:18,36.88,19417,36.88,U
sz300850,新强联,2025-09-17 13:45:27,36.88,9383,36.88,D
sz300850,新强联,2025-09-17 13:45:30,36.88,6800,36.88,U
sz300850,新强联,2025-09-17 13:45:36,36.89,7900,36.88,U
sz300850,新强联,2025-09-17 13:45:39,36.89,11200,36.89,U
sz300850,新强联,2025-09-17 13:45:45,36.9,14400,36.9,U
sz300850,新强联,2025-09-17 13:45:51,36.9,21100,36.9,U
sz300850,新强联,2025-09-17 13:45:54,36.9,8500,36.9,U
sz300850,新强联,2025-09-17 13:45:57,36.9,25000,36.9,U
sz300850,新强联,2025-09-17 13:46:00,36.9,10200,36.9,U
sz300850,新强联,2025-09-17 13:46:12,36.9,14700,36.87,U
sz300850,新强联,2025-09-17 13:46:21,36.91,8400,36.91,U
sz300850,新强联,2025-09-17 13:46:27,36.9,34600,36.91,D
sz300850,新强联,2025-09-17 13:46:30,36.9,10000,36.9,D
sz300850,新强联,2025-09-17 13:47:09,36.98,204200,36.88,U
sz300850,新强联,2025-09-17 13:47:12,37.03,216800,36.98,U
sz300850,新强联,2025-09-17 13:47:15,37.02,22300,37.03,D
sz300850,新强联,2025-09-17 13:47:21,37.04,7100,37.03,U
sz300850,新强联,2025-09-17 13:47:24,37.05,15800,37.04,U
sz300850,新强联,2025-09-17 13:47:30,37.05,18700,37.05,U
sz300850,新强联,2025-09-17 13:47:33,37.05,12900,37.05,U
sz300850,新强联,2025-09-17 13:47:39,36.99,16100,37.05,D
sz300850,新强联,2025-09-17 13:47:57,37.02,6800,37.02,D
sz300850,新强联,2025-09-17 13:48:03,37.05,20600,37.02,U
sz300850,新强联,2025-09-17 13:48:06,37.05,8500,37.05,U
sz300850,新强联,2025-09-17 13:48:12,37.05,10000,37.05,U
sz300850,新强联,2025-09-17 13:48:15,37.0,54700,37.05,D
sz300850,新强联,2025-09-17 13:48:18,37.01,58300,37.0,U
sz300850,新强联,2025-09-17 13:48:21,37.0,10000,37.01,E
sz300850,新强联,2025-09-17 13:48:39,37.05,17600,37.04,U
sz300850,新强联,2025-09-17 13:48:45,37.03,23900,37.05,D
sz300850,新强联,2025-09-17 13:48:51,37.06,8600,37.05,U
sz300850,新强联,2025-09-17 13:48:57,37.07,12900,37.07,U
sz300850,新强联,2025-09-17 13:49:03,37.07,48900,37.06,U
sz300850,新强联,2025-09-17 13:49:33,36.98,5600,37.0,D
sz300850,新强联,2025-09-17 13:49:45,36.95,6000,36.95,D
sz300850,新强联,2025-09-17 13:49:54,36.98,6100,36.96,U
sz300850,新强联,2025-09-17 13:50:09,36.88,57800,36.91,D
sz300850,新强联,2025-09-17 13:50:21,36.92,7000,36.91,U
sz300850,新强联,2025-09-17 13:50:39,36.96,19400,36.97,D
sz300850,新强联,2025-09-17 13:51:03,36.97,8700,36.98,E
sz300850,新强联,2025-09-17 13:51:27,36.96,5600,36.96,D
sz300850,新强联,2025-09-17 13:51:51,36.97,6000,36.97,D
sz300850,新强联,2025-09-17 13:52:03,36.97,5793,36.98,D
sz300850,新强联,2025-09-17 13:52:15,36.97,16200,36.97,U
sz300850,新强联,2025-09-17 13:52:21,36.96,8900,36.96,U
sz300850,新强联,2025-09-17 13:52:27,36.93,8700,36.96,D
sz300850,新强联,2025-09-17 13:52:39,36.94,12300,36.94,U
sz300850,新强联,2025-09-17 13:53:18,36.99,11093,36.97,U
sz300850,新强联,2025-09-17 13:54:00,36.97,5900,36.99,D
sz300850,新强联,2025-09-17 13:54:03,37.0,21400,36.97,U
sz300850,新强联,2025-09-17 13:54:51,36.98,20000,36.98,U
sz300850,新强联,2025-09-17 13:55:33,36.98,11600,36.98,U
sz300850,新强联,2025-09-17 13:55:39,37.03,82600,36.98,U
sz300850,新强联,2025-09-17 13:56:03,37.01,23300,37.01,U
sz300850,新强联,2025-09-17 13:56:15,37.01,33300,37.01,U
sz300850,新强联,2025-09-17 13:56:21,37.02,18600,37.01,U
sz300850,新强联,2025-09-17 13:56:27,37.03,13900,37.03,U
sz300850,新强联,2025-09-17 13:56:30,37.03,8600,37.03,U
sz300850,新强联,2025-09-17 13:57:06,36.97,13700,36.99,D
sz300850,新强联,2025-09-17 13:57:18,36.97,16500,36.95,U
sz300850,新强联,2025-09-17 13:57:39,36.91,5800,36.91,D
sz300850,新强联,2025-09-17 13:59:09,36.91,9200,36.9,E
sz300850,新强联,2025-09-17 13:59:45,36.91,15100,36.91,U
sz300850,新强联,2025-09-17 13:59:51,36.89,5600,36.9,D
sz300850,新强联,2025-09-17 14:00:42,36.88,6900,36.9,D
sz300850,新强联,2025-09-17 14:00:57,36.86,30400,36.89,D
sz300850,新强联,2025-09-17 14:01:00,36.85,28800,36.86,D
sz300850,新强联,2025-09-17 14:01:09,36.86,7800,36.83,U
sz300850,新强联,2025-09-17 14:01:12,36.84,8000,36.86,E
sz300850,新强联,2025-09-17 14:01:18,36.82,15400,36.83,D
sz300850,新强联,2025-09-17 14:01:27,36.84,13700,36.83,U
sz300850,新强联,2025-09-17 14:01:39,36.83,21500,36.8,U
sz300850,新强联,2025-09-17 14:01:42,36.83,6900,36.83,E
sz300850,新强联,2025-09-17 14:01:45,36.82,8900,36.83,D
sz300850,新强联,2025-09-17 14:02:39,36.8,8000,36.8,D
sz300850,新强联,2025-09-17 14:04:45,36.81,16600,36.82,D
sz300850,新强联,2025-09-17 14:04:48,36.77,9300,36.81,D
sz300850,新强联,2025-09-17 14:04:51,36.77,6500,36.77,D
sz300850,新强联,2025-09-17 14:05:27,36.81,9600,36.82,E
sz300850,新强联,2025-09-17 14:05:57,36.79,6100,36.81,D
sz300850,新强联,2025-09-17 14:08:00,36.7,104900,36.75,D
sz300850,新强联,2025-09-17 14:08:15,36.68,8200,36.7,D
sz300850,新强联,2025-09-17 14:08:18,36.71,6700,36.68,U
sz300850,新强联,2025-09-17 14:08:42,36.69,30800,36.68,D
sz300850,新强联,2025-09-17 14:08:45,36.69,9700,36.69,D
sz300850,新强联,2025-09-17 14:08:48,36.69,6700,36.69,U
sz300850,新强联,2025-09-17 14:13:00,36.7,27800,36.72,D
sz300850,新强联,2025-09-17 14:13:03,36.71,7200,36.7,U
sz300850,新强联,2025-09-17 14:13:21,36.67,22300,36.68,D
sz300850,新强联,2025-09-17 14:13:27,36.67,6000,36.68,D
sz300850,新强联,2025-09-17 14:13:33,36.66,9500,36.67,D
sz300850,新强联,2025-09-17 14:13:48,36.65,6100,36.66,D
sz300850,新强联,2025-09-17 14:13:51,36.65,11700,36.65,U
sz300850,新强联,2025-09-17 14:14:00,36.64,7500,36.64,U
sz300850,新强联,2025-09-17 14:14:18,36.64,8200,36.64,D
sz300850,新强联,2025-09-17 14:14:24,36.64,9600,36.65,D
sz300850,新强联,2025-09-17 14:15:03,36.65,8200,36.65,U
sz300850,新强联,2025-09-17 14:15:30,36.65,13600,36.65,U
sz300850,新强联,2025-09-17 14:15:33,36.65,15100,36.65,U
sz300850,新强联,2025-09-17 14:15:36,36.65,28900,36.65,U
sz300850,新强联,2025-09-17 14:15:48,36.66,5500,36.65,U
sz300850,新强联,2025-09-17 14:16:18,36.67,6500,36.67,U
sz300850,新强联,2025-09-17 14:16:48,36.66,5700,36.66,D
sz300850,新强联,2025-09-17 14:16:51,36.64,5600,36.66,D
sz300850,新强联,2025-09-17 14:16:54,36.62,8900,36.64,D
sz300850,新强联,2025-09-17 14:17:54,36.62,17800,36.63,D
sz300850,新强联,2025-09-17 14:18:03,36.65,8700,36.62,U
sz300850,新强联,2025-09-17 14:18:48,36.63,6900,36.64,D
sz300850,新强联,2025-09-17 14:19:18,36.63,5900,36.63,U
sz300850,新强联,2025-09-17 14:20:09,36.63,5800,36.63,U
sz300850,新强联,2025-09-17 14:20:15,36.62,8400,36.63,D
sz300850,新强联,2025-09-17 14:20:21,36.66,60400,36.63,U
sz300850,新强联,2025-09-17 14:20:24,36.64,7400,36.66,D
sz300850,新强联,2025-09-17 14:20:27,36.63,15300,36.64,D
sz300850,新强联,2025-09-17 14:22:18,36.62,7200,36.62,D
sz300850,新强联,2025-09-17 14:22:24,36.62,8500,36.61,U
sz300850,新强联,2025-09-17 14:22:57,36.61,6600,36.61,U
sz300850,新强联,2025-09-17 14:23:03,36.61,23700,36.61,U
sz300850,新强联,2025-09-17 14:23:12,36.59,7600,36.59,U
sz300850,新强联,2025-09-17 14:23:24,36.61,19500,36.6,U
sz300850,新强联,2025-09-17 14:23:42,36.63,7000,36.58,U
sz300850,新强联,2025-09-17 14:24:39,36.67,5900,36.68,D
sz300850,新强联,2025-09-17 14:25:24,36.73,6600,36.74,D
sz300850,新强联,2025-09-17 14:25:42,36.7,8200,36.71,D
sz300850,新强联,2025-09-17 14:26:30,36.68,7400,36.7,D
sz300850,新强联,2025-09-17 14:26:33,36.67,7200,36.68,D
sz300850,新强联,2025-09-17 14:27:12,36.68,9100,36.68,D
sz300850,新强联,2025-09-17 14:28:00,36.68,20900,36.67,U
sz300850,新强联,2025-09-17 14:28:18,36.6,7400,36.6,D
sz300850,新强联,2025-09-17 14:28:51,36.52,6000,36.52,U
sz300850,新强联,2025-09-17 14:29:00,36.52,22100,36.55,E
sz300850,新强联,2025-09-17 14:29:03,36.57,29600,36.52,U
sz300850,新强联,2025-09-17 14:29:27,36.55,6500,36.55,D
sz300850,新强联,2025-09-17 14:29:33,36.6,9100,36.54,U
sz300850,新强联,2025-09-17 14:29:57,36.59,22600,36.56,U
sz300850,新强联,2025-09-17 14:30:21,36.6,6900,36.56,U
sz300850,新强联,2025-09-17 14:30:24,36.6,11700,36.6,U
sz300850,新强联,2025-09-17 14:30:30,36.6,5700,36.6,U
sz300850,新强联,2025-09-17 14:30:51,36.6,51500,36.58,U
sz300850,新强联,2025-09-17 14:31:18,36.55,7900,36.55,U
sz300850,新强联,2025-09-17 14:32:06,36.61,14100,36.57,U
sz300850,新强联,2025-09-17 14:33:06,36.55,9800,36.57,D
sz300850,新强联,2025-09-17 14:33:12,36.52,6600,36.52,D
sz300850,新强联,2025-09-17 14:33:24,36.5,45000,36.54,D
sz300850,新强联,2025-09-17 14:33:27,36.5,10100,36.5,U
sz300850,新强联,2025-09-17 14:33:30,36.51,7100,36.5,U
sz300850,新强联,2025-09-17 14:33:42,36.49,7700,36.49,U
sz300850,新强联,2025-09-17 14:34:09,36.54,9900,36.52,E
sz300850,新强联,2025-09-17 14:34:30,36.55,7400,36.55,U
sz300850,新强联,2025-09-17 14:35:12,36.52,5700,36.52,D
sz300850,新强联,2025-09-17 14:36:03,36.54,8500,36.52,U
sz300850,新强联,2025-09-17 14:36:06,36.51,6700,36.54,D
sz300850,新强联,2025-09-17 14:36:48,36.53,30200,36.53,D
sz300850,新强联,2025-09-17 14:36:54,36.52,7100,36.51,U
sz300850,新强联,2025-09-17 14:36:57,36.51,8600,36.52,E
sz300850,新强联,2025-09-17 14:37:36,36.48,6200,36.49,D
sz300850,新强联,2025-09-17 14:38:03,36.51,10200,36.5,U
sz300850,新强联,2025-09-17 14:38:06,36.5,13200,36.51,D
sz300850,新强联,2025-09-17 14:38:09,36.5,13300,36.5,U
sz300850,新强联,2025-09-17 14:39:42,36.53,18900,36.53,U
sz300850,新强联,2025-09-17 14:39:57,36.48,20500,36.51,D
sz300850,新强联,2025-09-17 14:40:00,36.5,31000,36.48,U
sz300850,新强联,2025-09-17 14:40:03,36.46,15400,36.5,D
sz300850,新强联,2025-09-17 14:40:33,36.47,9600,36.47,U
sz300850,新强联,2025-09-17 14:40:57,36.44,6100,36.45,D
sz300850,新强联,2025-09-17 14:41:15,36.46,6700,36.47,D
sz300850,新强联,2025-09-17 14:41:18,36.49,9100,36.46,U
sz300850,新强联,2025-09-17 14:41:36,36.5,6900,36.48,U
sz300850,新强联,2025-09-17 14:41:39,36.5,22900,36.5,D
sz300850,新强联,2025-09-17 14:42:03,36.5,7600,36.5,U
sz300850,新强联,2025-09-17 14:42:09,36.5,19400,36.52,D
sz300850,新强联,2025-09-17 14:42:12,36.53,7200,36.5,U
sz300850,新强联,2025-09-17 14:42:24,36.52,7300,36.53,D
sz300850,新强联,2025-09-17 14:42:57,36.55,8000,36.54,U
sz300850,新强联,2025-09-17 14:44:30,36.53,7200,36.53,U
sz300850,新强联,2025-09-17 14:44:45,36.53,12100,36.53,U
sz300850,新强联,2025-09-17 14:45:00,36.53,22400,36.54,D
sz300850,新强联,2025-09-17 14:45:57,36.48,32700,36.51,D
sz300850,新强联,2025-09-17 14:46:00,36.5,6500,36.48,U
sz300850,新强联,2025-09-17 14:46:03,36.52,10300,36.5,U
sz300850,新强联,2025-09-17 14:46:36,36.52,11300,36.52,U
sz300850,新强联,2025-09-17 14:46:48,36.52,11600,36.52,U
sz300850,新强联,2025-09-17 14:47:42,36.52,8400,36.52,U
sz300850,新强联,2025-09-17 14:48:09,36.52,7600,36.52,D
sz300850,新强联,2025-09-17 14:48:18,36.54,9900,36.52,U
sz300850,新强联,2025-09-17 14:48:24,36.53,6000,36.54,D
sz300850,新强联,2025-09-17 14:48:48,36.54,8300,36.53,U
sz300850,新强联,2025-09-17 14:49:15,36.53,22000,36.54,D
sz300850,新强联,2025-09-17 14:49:18,36.54,19000,36.53,U
sz300850,新强联,2025-09-17 14:49:48,36.54,12600,36.54,U
sz300850,新强联,2025-09-17 14:50:00,36.54,10100,36.55,D
sz300850,新强联,2025-09-17 14:50:15,36.58,6100,36.56,U
sz300850,新强联,2025-09-17 14:50:24,36.58,14900,36.57,U
sz300850,新强联,2025-09-17 14:50:27,36.58,8370,36.58,U
sz300850,新强联,2025-09-17 14:50:30,36.57,7500,36.58,D
sz300850,新强联,2025-09-17 14:50:48,36.58,6900,36.59,D
sz300850,新强联,2025-09-17 14:50:54,36.56,13900,36.59,D
sz300850,新强联,2025-09-17 14:51:00,36.56,51500,36.6,D
sz300850,新强联,2025-09-17 14:51:03,36.55,8200,36.56,D
sz300850,新强联,2025-09-17 14:51:06,36.59,8900,36.55,U
sz300850,新强联,2025-09-17 14:51:09,36.54,8400,36.59,D
sz300850,新强联,2025-09-17 14:51:12,36.55,9700,36.54,E
sz300850,新强联,2025-09-17 14:51:24,36.54,13600,36.55,D
sz300850,新强联,2025-09-17 14:51:36,36.55,5700,36.55,U
sz300850,新强联,2025-09-17 14:52:03,36.55,11400,36.54,U
sz300850,新强联,2025-09-17 14:52:06,36.55,6200,36.55,D
sz300850,新强联,2025-09-17 14:52:30,36.58,34800,36.56,U
sz300850,新强联,2025-09-17 14:52:48,36.58,7500,36.58,U
sz300850,新强联,2025-09-17 14:53:09,36.58,8500,36.57,U
sz300850,新强联,2025-09-17 14:53:18,36.59,13500,36.58,U
sz300850,新强联,2025-09-17 14:53:36,36.59,31800,36.58,U
sz300850,新强联,2025-09-17 14:54:03,36.6,17100,36.59,U
sz300850,新强联,2025-09-17 14:54:09,36.6,9500,36.6,U
sz300850,新强联,2025-09-17 14:54:12,36.6,7000,36.6,U
sz300850,新强联,2025-09-17 14:54:33,36.6,9600,36.6,U
sz300850,新强联,2025-09-17 14:54:36,36.59,14900,36.6,D
sz300850,新强联,2025-09-17 14:54:45,36.59,6900,36.59,U
sz300850,新强联,2025-09-17 14:54:48,36.59,25600,36.59,U
sz300850,新强联,2025-09-17 14:54:54,36.6,8500,36.59,U
sz300850,新强联,2025-09-17 14:55:03,36.59,10200,36.6,U
sz300850,新强联,2025-09-17 14:55:06,36.59,9800,36.59,E
sz300850,新强联,2025-09-17 14:55:09,36.6,9400,36.59,U
sz300850,新强联,2025-09-17 14:55:15,36.6,6000,36.59,U
sz300850,新强联,2025-09-17 14:55:21,36.6,14300,36.6,U
sz300850,新强联,2025-09-17 14:55:30,36.6,20700,36.6,D
sz300850,新强联,2025-09-17 14:55:36,36.59,7500,36.59,D
sz300850,新强联,2025-09-17 14:55:39,36.58,6600,36.59,D
sz300850,新强联,2025-09-17 14:55:42,36.58,21500,36.58,D
sz300850,新强联,2025-09-17 14:56:00,36.58,9700,36.6,D
sz300850,新强联,2025-09-17 14:56:03,36.57,8000,36.58,D
sz300850,新强联,2025-09-17 14:56:33,36.58,9300,36.59,D
sz300850,新强联,2025-09-17 14:56:36,36.59,5700,36.58,U
sz300850,新强联,2025-09-17 14:56:39,36.57,10900,36.59,D
sz300850,新强联,2025-09-17 14:56:42,36.58,10800,36.57,U
sz300850,新强联,2025-09-17 14:56:54,36.59,23900,36.58,U
sz300850,新强联,2025-09-17 15:00:00,36.59,124900,36.59,E
