symbol,name,ticktime,price,volume,prev_price,kind
sz300850,新强联,2025-09-18 09:25:00,36.43,44400,0.0,D
sz300850,新强联,2025-09-18 09:30:00,36.35,64800,36.43,D
sz300850,新强联,2025-09-18 09:30:03,36.3,26200,36.35,D
sz300850,新强联,2025-09-18 09:30:06,36.29,16300,36.3,E
sz300850,新强联,2025-09-18 09:30:09,36.32,25900,36.29,U
sz300850,新强联,2025-09-18 09:30:15,36.36,13400,36.32,U
sz300850,新强联,2025-09-18 09:30:18,36.38,18776,36.36,U
sz300850,新强联,2025-09-18 09:30:21,36.42,11700,36.38,U
sz300850,新强联,2025-09-18 09:30:24,36.43,13400,36.42,U
sz300850,新强联,2025-09-18 09:30:30,36.39,6300,36.39,D
sz300850,新强联,2025-09-18 09:30:39,36.35,9100,36.34,U
sz300850,新强联,2025-09-18 09:30:48,36.26,11900,36.32,D
sz300850,新强联,2025-09-18 09:30:51,36.18,34300,36.26,D
sz300850,新强联,2025-09-18 09:30:57,36.21,6800,36.22,E
sz300850,新强联,2025-09-18 09:31:00,36.23,29500,36.21,U
sz300850,新强联,2025-09-18 09:31:06,36.2,6500,36.2,U
sz300850,新强联,2025-09-18 09:31:09,36.2,11200,36.2,U
sz300850,新强联,2025-09-18 09:31:12,36.23,46000,36.2,U
sz300850,新强联,2025-09-18 09:31:18,36.33,8000,36.29,U
sz300850,新强联,2025-09-18 09:31:30,36.33,8100,36.3,U
sz300850,新强联,2025-09-18 09:31:39,36.28,6700,36.27,U
sz300850,新强联,2025-09-18 09:31:45,36.33,17100,36.3,U
sz300850,新强联,2025-09-18 09:31:54,36.33,6400,36.34,D
sz300850,新强联,2025-09-18 09:32:00,36.34,11600,36.33,D
sz300850,新强联,2025-09-18 09:32:09,36.32,12700,36.36,D
sz300850,新强联,2025-09-18 09:32:33,36.39,10700,36.38,U
sz300850,新强联,2025-09-18 09:32:39,36.39,6100,36.39,D
sz300850,新强联,2025-09-18 09:32:54,36.38,7600,36.37,U
sz300850,新强联,2025-09-18 09:32:57,36.37,18600,36.38,D
sz300850,新强联,2025-09-18 09:33:00,36.32,18300,36.37,D
sz300850,新强联,2025-09-18 09:33:06,36.3,6600,36.33,E
sz300850,新强联,2025-09-18 09:33:12,36.43,92700,36.34,U
sz300850,新强联,2025-09-18 09:33:15,36.38,18200,36.43,D
sz300850,新强联,2025-09-18 09:33:24,36.31,8500,36.38,D
sz300850,新强联,2025-09-18 09:33:36,36.34,14300,36.33,U
sz300850,新强联,2025-09-18 09:33:39,36.4,5600,36.34,U
sz300850,新强联,2025-09-18 09:33:48,36.45,15700,36.42,U
sz300850,新强联,2025-09-18 09:33:51,36.63,30000,36.45,U
sz300850,新强联,2025-09-18 09:33:54,36.72,54200,36.63,U
sz300850,新强联,2025-09-18 09:33:57,36.86,45200,36.72,U
sz300850,新强联,2025-09-18 09:34:00,36.95,109200,36.86,U
sz300850,新强联,2025-09-18 09:34:03,37.01,19600,36.95,U
sz300850,新强联,2025-09-18 09:34:06,36.98,17100,37.01,D
sz300850,新强联,2025-09-18 09:34:09,36.98,24600,36.98,U
sz300850,新强联,2025-09-18 09:34:12,36.88,24700,36.98,D
sz300850,新强联,2025-09-18 09:34:15,36.9,5900,36.88,U
sz300850,新强联,2025-09-18 09:34:18,36.89,11500,36.9,U
sz300850,新强联,2025-09-18 09:34:21,36.9,5700,36.89,U
sz300850,新强联,2025-09-18 09:34:24,36.9,9300,36.9,D
sz300850,新强联,2025-09-18 09:34:30,36.9,11500,36.89,U
sz300850,新强联,2025-09-18 09:34:33,36.93,16800,36.9,U
sz300850,新强联,2025-09-18 09:34:39,36.95,16100,36.9,U
sz300850,新强联,2025-09-18 09:34:42,36.9,8800,36.95,D
sz300850,新强联,2025-09-18 09:34:45,36.93,9800,36.9,U
sz300850,新强联,2025-09-18 09:34:48,36.93,8400,36.93,D
sz300850,新强联,2025-09-18 09:34:51,36.87,10500,36.93,D
sz300850,新强联,2025-09-18 09:34:54,36.92,19600,36.87,U
sz300850,新强联,2025-09-18 09:35:00,36.8,15100,36.88,D
sz300850,新强联,2025-09-18 09:35:03,36.9,27700,36.8,U
sz300850,新强联,2025-09-18 09:35:06,36.88,121500,36.9,E
sz300850,新强联,2025-09-18 09:35:12,36.86,10800,36.91,D
sz300850,新强联,2025-09-18 09:35:24,36.9,12600,36.87,U
sz300850,新强联,2025-09-18 09:35:30,36.88,37000,36.92,D
sz300850,新强联,2025-09-18 09:35:33,36.9,26100,36.88,U
sz300850,新强联,2025-09-18 09:35:36,36.89,26500,36.9,E
sz300850,新强联,2025-09-18 09:35:39,36.9,35600,36.89,U
sz300850,新强联,2025-09-18 09:35:45,36.9,8400,36.86,U
sz300850,新强联,2025-09-18 09:35:54,36.9,20922,36.89,U
sz300850,新强联,2025-09-18 09:35:57,36.99,56100,36.9,U
sz300850,新强联,2025-09-18 09:36:00,37.0,27200,36.99,U
sz300850,新强联,2025-09-18 09:36:03,37.03,16800,37.0,U
sz300850,新强联,2025-09-18 09:36:15,37.04,12100,37.04,U
sz300850,新强联,2025-09-18 09:36:18,37.06,63800,37.04,U
sz300850,新强联,2025-09-18 09:36:21,37.06,13800,37.06,D
sz300850,新强联,2025-09-18 09:36:24,37.06,25400,37.06,D
sz300850,新强联,2025-09-18 09:36:27,37.21,42300,37.06,U
sz300850,新强联,2025-09-18 09:36:30,37.2,6300,37.21,D
sz300850,新强联,2025-09-18 09:36:33,37.2,18600,37.2,D
sz300850,新强联,2025-09-18 09:36:36,37.25,25600,37.2,U
sz300850,新强联,2025-09-18 09:36:39,37.3,42700,37.25,U
sz300850,新强联,2025-09-18 09:36:42,37.32,8400,37.3,E
sz300850,新强联,2025-09-18 09:36:45,37.29,32600,37.32,D
sz300850,新强联,2025-09-18 09:36:48,37.26,23800,37.29,D
sz300850,新强联,2025-09-18 09:36:51,37.32,42000,37.26,U
sz300850,新强联,2025-09-18 09:36:54,37.44,64300,37.32,U
sz300850,新强联,2025-09-18 09:36:57,37.35,14600,37.44,D
sz300850,新强联,2025-09-18 09:37:00,37.59,122012,37.35,U
sz300850,新强联,2025-09-18 09:37:03,37.51,20400,37.59,D
sz300850,新强联,2025-09-18 09:37:06,37.56,17000,37.51,U
sz300850,新强联,2025-09-18 09:37:09,37.56,5900,37.56,E
sz300850,新强联,2025-09-18 09:37:12,37.6,33800,37.56,E
sz300850,新强联,2025-09-18 09:37:15,37.59,10200,37.6,E
sz300850,新强联,2025-09-18 09:37:18,37.56,24800,37.59,E
sz300850,新强联,2025-09-18 09:37:21,37.55,23700,37.56,D
sz300850,新强联,2025-09-18 09:37:24,37.53,8000,37.55,U
sz300850,新强联,2025-09-18 09:37:27,37.5,21200,37.53,D
sz300850,新强联,2025-09-18 09:37:30,37.5,23600,37.5,U
sz300850,新强联,2025-09-18 09:37:33,37.47,10900,37.5,D
sz300850,新强联,2025-09-18 09:37:36,37.53,22600,37.47,U
sz300850,新强联,2025-09-18 09:37:39,37.45,14700,37.53,E
sz300850,新强联,2025-09-18 09:37:42,37.4,28400,37.45,D
sz300850,新强联,2025-09-18 09:37:45,37.42,13800,37.4,E
sz300850,新强联,2025-09-18 09:37:51,37.49,9700,37.48,U
sz300850,新强联,2025-09-18 09:37:54,37.52,37100,37.49,U
sz300850,新强联,2025-09-18 09:37:57,37.49,15000,37.52,D
sz300850,新强联,2025-09-18 09:38:00,37.54,178800,37.49,U
sz300850,新强联,2025-09-18 09:38:03,37.51,54900,37.54,D
sz300850,新强联,2025-09-18 09:38:06,37.48,14700,37.51,D
sz300850,新强联,2025-09-18 09:38:09,37.48,7600,37.48,U
sz300850,新强联,2025-09-18 09:38:15,37.51,27300,37.45,U
sz300850,新强联,2025-09-18 09:38:18,37.47,20400,37.51,D
sz300850,新强联,2025-09-18 09:38:21,37.43,11058,37.47,D
sz300850,新强联,2025-09-18 09:38:24,37.46,23000,37.43,U
sz300850,新强联,2025-09-18 09:38:30,37.45,47200,37.43,U
sz300850,新强联,2025-09-18 09:38:33,37.4,7400,37.45,D
sz300850,新强联,2025-09-18 09:38:36,37.46,45858,37.4,U
sz300850,新强联,2025-09-18 09:38:39,37.46,7200,37.46,D
sz300850,新强联,2025-09-18 09:38:42,37.4,6300,37.46,D
sz300850,新强联,2025-09-18 09:38:45,37.4,6300,37.4,D
sz300850,新强联,2025-09-18 09:38:48,37.43,12300,37.4,U
sz300850,新强联,2025-09-18 09:38:54,37.43,47000,37.4,E
sz300850,新强联,2025-09-18 09:39:00,37.43,8000,37.43,D
sz300850,新强联,2025-09-18 09:39:06,37.33,12200,37.37,D
sz300850,新强联,2025-09-18 09:39:09,37.35,7900,37.33,E
sz300850,新强联,2025-09-18 09:39:15,37.39,25200,37.39,U
sz300850,新强联,2025-09-18 09:39:18,37.52,64600,37.39,U
sz300850,新强联,2025-09-18 09:39:21,37.49,32813,37.52,D
sz300850,新强联,2025-09-18 09:39:24,37.51,10100,37.49,U
sz300850,新强联,2025-09-18 09:39:30,37.45,7800,37.5,D
sz300850,新强联,2025-09-18 09:39:33,37.46,7500,37.45,D
sz300850,新强联,2025-09-18 09:39:36,37.46,11100,37.46,D
sz300850,新强联,2025-09-18 09:39:39,37.48,36300,37.46,U
sz300850,新强联,2025-09-18 09:39:42,37.4,85900,37.48,D
sz300850,新强联,2025-09-18 09:39:45,37.4,6300,37.4,U
sz300850,新强联,2025-09-18 09:39:51,37.32,10700,37.38,D
sz300850,新强联,2025-09-18 09:39:54,37.38,35800,37.32,U
sz300850,新强联,2025-09-18 09:40:03,37.39,10100,37.37,U
sz300850,新强联,2025-09-18 09:40:06,37.41,8700,37.39,U
sz300850,新强联,2025-09-18 09:40:09,37.46,12300,37.41,U
sz300850,新强联,2025-09-18 09:40:12,37.5,11400,37.46,U
sz300850,新强联,2025-09-18 09:40:15,37.68,99500,37.5,U
sz300850,新强联,2025-09-18 09:40:18,37.65,19100,37.68,D
sz300850,新强联,2025-09-18 09:40:21,37.75,81101,37.65,U
sz300850,新强联,2025-09-18 09:40:24,37.8,76800,37.75,U
sz300850,新强联,2025-09-18 09:40:27,37.84,10300,37.8,U
sz300850,新强联,2025-09-18 09:40:30,37.8,14600,37.84,D
sz300850,新强联,2025-09-18 09:40:33,37.83,26700,37.8,U
sz300850,新强联,2025-09-18 09:40:36,37.85,52800,37.83,E
sz300850,新强联,2025-09-18 09:40:39,37.88,56300,37.85,U
sz300850,新强联,2025-09-18 09:40:42,37.87,47400,37.88,D
sz300850,新强联,2025-09-18 09:40:45,37.9,29000,37.87,U
sz300850,新强联,2025-09-18 09:40:48,37.89,41300,37.9,D
sz300850,新强联,2025-09-18 09:40:51,37.87,30400,37.89,D
sz300850,新强联,2025-09-18 09:40:54,37.9,100300,37.87,U
sz300850,新强联,2025-09-18 09:40:57,37.85,43700,37.9,D
sz300850,新强联,2025-09-18 09:41:00,37.83,26100,37.85,D
sz300850,新强联,2025-09-18 09:41:03,37.85,28300,37.83,E
sz300850,新强联,2025-09-18 09:41:06,37.82,38600,37.85,E
sz300850,新强联,2025-09-18 09:41:09,37.8,12300,37.82,E
sz300850,新强联,2025-09-18 09:41:12,37.8,10200,37.8,U
sz300850,新强联,2025-09-18 09:41:15,37.82,13100,37.8,U
sz300850,新强联,2025-09-18 09:41:18,37.8,18500,37.82,E
sz300850,新强联,2025-09-18 09:41:21,37.83,43500,37.8,E
sz300850,新强联,2025-09-18 09:41:24,37.98,114300,37.83,U
sz300850,新强联,2025-09-18 09:41:27,38.02,130400,37.98,U
sz300850,新强联,2025-09-18 09:41:30,38.04,7500,38.02,D
sz300850,新强联,2025-09-18 09:41:33,38.04,32900,38.04,D
sz300850,新强联,2025-09-18 09:41:36,38.03,24300,38.04,E
sz300850,新强联,2025-09-18 09:41:39,38.02,21800,38.03,E
sz300850,新强联,2025-09-18 09:41:42,38.04,62500,38.02,U
sz300850,新强联,2025-09-18 09:41:45,38.04,28700,38.04,D
sz300850,新强联,2025-09-18 09:41:48,38.04,8500,38.04,E
sz300850,新强联,2025-09-18 09:41:51,37.98,29100,38.04,D
sz300850,新强联,2025-09-18 09:41:54,37.98,48900,37.98,D
sz300850,新强联,2025-09-18 09:41:57,37.91,8900,37.98,D
sz300850,新强联,2025-09-18 09:42:00,37.95,28700,37.91,U
sz300850,新强联,2025-09-18 09:42:03,37.95,15100,37.95,U
sz300850,新强联,2025-09-18 09:42:06,37.95,15466,37.95,D
sz300850,新强联,2025-09-18 09:42:09,37.99,19500,37.95,E
sz300850,新强联,2025-09-18 09:42:12,37.95,14500,37.99,D
sz300850,新强联,2025-09-18 09:42:15,38.0,25700,37.95,E
sz300850,新强联,2025-09-18 09:42:18,38.03,14000,38.0,U
sz300850,新强联,2025-09-18 09:42:21,38.03,15600,38.03,U
sz300850,新强联,2025-09-18 09:42:24,38.03,20000,38.03,U
sz300850,新强联,2025-09-18 09:42:27,38.01,22200,38.03,D
sz300850,新强联,2025-09-18 09:42:30,38.06,44600,38.01,U
sz300850,新强联,2025-09-18 09:42:33,38.08,39600,38.06,U
sz300850,新强联,2025-09-18 09:42:36,38.06,8400,38.08,D
sz300850,新强联,2025-09-18 09:42:39,38.07,10500,38.06,E
sz300850,新强联,2025-09-18 09:42:42,38.08,73800,38.07,U
sz300850,新强联,2025-09-18 09:42:45,38.08,55020,38.08,U
sz300850,新强联,2025-09-18 09:42:48,38.1,13900,38.08,U
sz300850,新强联,2025-09-18 09:42:51,38.14,30700,38.1,U
sz300850,新强联,2025-09-18 09:42:54,38.15,11017,38.14,U
sz300850,新强联,2025-09-18 09:42:57,38.15,8468,38.15,D
sz300850,新强联,2025-09-18 09:43:00,38.17,27500,38.15,U
sz300850,新强联,2025-09-18 09:43:03,38.18,38200,38.17,E
sz300850,新强联,2025-09-18 09:43:06,38.11,40432,38.18,D
sz300850,新强联,2025-09-18 09:43:09,38.14,57900,38.11,E
sz300850,新强联,2025-09-18 09:43:12,38.15,20000,38.14,U
sz300850,新强联,2025-09-18 09:43:15,38.17,21200,38.15,U
sz300850,新强联,2025-09-18 09:43:18,38.18,16900,38.17,U
sz300850,新强联,2025-09-18 09:43:21,38.15,46100,38.18,D
sz300850,新强联,2025-09-18 09:43:24,38.18,21000,38.15,U
sz300850,新强联,2025-09-18 09:43:27,38.15,9200,38.18,D
sz300850,新强联,2025-09-18 09:43:30,38.14,15300,38.15,D
sz300850,新强联,2025-09-18 09:43:33,38.14,12700,38.14,D
sz300850,新强联,2025-09-18 09:43:36,38.12,31000,38.14,E
sz300850,新强联,2025-09-18 09:43:39,38.06,10700,38.12,D
sz300850,新强联,2025-09-18 09:43:42,38.11,8600,38.06,E
sz300850,新强联,2025-09-18 09:43:45,38.05,35600,38.11,D
sz300850,新强联,2025-09-18 09:43:48,38.06,18200,38.05,E
sz300850,新强联,2025-09-18 09:43:51,38.1,12600,38.06,E
sz300850,新强联,2025-09-18 09:43:54,38.07,34100,38.1,D
sz300850,新强联,2025-09-18 09:43:57,38.24,157668,38.07,U
sz300850,新强联,2025-09-18 09:44:00,38.19,27100,38.24,D
sz300850,新强联,2025-09-18 09:44:09,38.1,18200,38.18,D
sz300850,新强联,2025-09-18 09:44:15,38.05,27500,38.07,D
sz300850,新强联,2025-09-18 09:44:18,37.98,9100,38.05,D
sz300850,新强联,2025-09-18 09:44:21,38.03,7300,37.98,E
sz300850,新强联,2025-09-18 09:44:24,37.98,16100,38.03,E
sz300850,新强联,2025-09-18 09:44:27,37.94,30200,37.98,E
sz300850,新强联,2025-09-18 09:44:33,38.01,14800,37.94,U
sz300850,新强联,2025-09-18 09:44:36,37.94,11500,38.01,D
sz300850,新强联,2025-09-18 09:44:39,38.03,16700,37.94,U
sz300850,新强联,2025-09-18 09:44:45,38.08,8800,38.08,U
sz300850,新强联,2025-09-18 09:44:51,38.05,5300,38.08,D
sz300850,新强联,2025-09-18 09:44:54,38.08,9300,38.05,U
sz300850,新强联,2025-09-18 09:44:57,38.1,25100,38.08,U
sz300850,新强联,2025-09-18 09:45:00,38.05,30600,38.1,D
sz300850,新强联,2025-09-18 09:45:03,38.1,16400,38.05,U
sz300850,新强联,2025-09-18 09:45:06,38.08,24500,38.1,D
sz300850,新强联,2025-09-18 09:45:09,38.15,62300,38.08,U
sz300850,新强联,2025-09-18 09:45:12,38.11,6400,38.15,D
sz300850,新强联,2025-09-18 09:45:21,38.21,32700,38.19,U
sz300850,新强联,2025-09-18 09:45:24,38.22,47100,38.21,E
sz300850,新强联,2025-09-18 09:45:27,38.25,14800,38.22,U
sz300850,新强联,2025-09-18 09:45:30,38.28,63600,38.25,U
sz300850,新强联,2025-09-18 09:45:33,38.3,11800,38.28,U
sz300850,新强联,2025-09-18 09:45:36,38.25,17200,38.3,D
sz300850,新强联,2025-09-18 09:45:39,38.25,75100,38.25,D
sz300850,新强联,2025-09-18 09:45:42,38.24,24500,38.25,E
sz300850,新强联,2025-09-18 09:45:45,38.15,19200,38.24,D
sz300850,新强联,2025-09-18 09:45:48,38.25,74100,38.15,U
sz300850,新强联,2025-09-18 09:45:51,38.25,64800,38.25,U
sz300850,新强联,2025-09-18 09:45:54,38.26,34600,38.25,E
sz300850,新强联,2025-09-18 09:45:57,38.28,17800,38.26,E
sz300850,新强联,2025-09-18 09:46:00,38.26,24300,38.28,D
sz300850,新强联,2025-09-18 09:46:03,38.52,231800,38.26,U
sz300850,新强联,2025-09-18 09:46:06,38.49,29200,38.52,D
sz300850,新强联,2025-09-18 09:46:09,38.52,12000,38.49,E
sz300850,新强联,2025-09-18 09:46:12,38.58,71900,38.52,U
sz300850,新强联,2025-09-18 09:46:15,38.6,29800,38.58,U
sz300850,新强联,2025-09-18 09:46:18,38.56,21800,38.6,D
sz300850,新强联,2025-09-18 09:46:21,38.56,20900,38.56,D
sz300850,新强联,2025-09-18 09:46:24,38.56,28700,38.56,U
sz300850,新强联,2025-09-18 09:46:27,38.56,25500,38.56,U
sz300850,新强联,2025-09-18 09:46:33,38.64,55400,38.57,U
sz300850,新强联,2025-09-18 09:46:36,38.69,31100,38.64,U
sz300850,新强联,2025-09-18 09:46:39,38.76,56900,38.69,U
sz300850,新强联,2025-09-18 09:46:42,38.77,21300,38.76,E
sz300850,新强联,2025-09-18 09:46:45,38.8,19800,38.77,U
sz300850,新强联,2025-09-18 09:46:48,38.84,40000,38.8,U
sz300850,新强联,2025-09-18 09:46:51,38.82,29100,38.84,E
sz300850,新强联,2025-09-18 09:46:54,38.75,53000,38.82,D
sz300850,新强联,2025-09-18 09:46:57,38.72,8600,38.75,D
sz300850,新强联,2025-09-18 09:47:00,38.61,273800,38.72,D
sz300850,新强联,2025-09-18 09:47:03,38.73,39800,38.61,U
sz300850,新强联,2025-09-18 09:47:06,38.63,14100,38.73,E
sz300850,新强联,2025-09-18 09:47:12,38.63,7200,38.61,E
sz300850,新强联,2025-09-18 09:47:15,38.63,13800,38.63,D
sz300850,新强联,2025-09-18 09:47:18,38.57,48600,38.63,D
sz300850,新强联,2025-09-18 09:47:24,38.57,9300,38.58,E
sz300850,新强联,2025-09-18 09:47:27,38.5,12800,38.57,E
sz300850,新强联,2025-09-18 09:47:30,38.5,17100,38.5,D
sz300850,新强联,2025-09-18 09:47:33,38.46,14400,38.5,D
sz300850,新强联,2025-09-18 09:47:36,38.47,16200,38.46,U
sz300850,新强联,2025-09-18 09:47:39,38.43,10700,38.47,D
sz300850,新强联,2025-09-18 09:47:42,38.45,8000,38.43,E
sz300850,新强联,2025-09-18 09:47:45,38.43,22600,38.45,E
sz300850,新强联,2025-09-18 09:47:48,38.43,9000,38.43,U
sz300850,新强联,2025-09-18 09:47:51,38.4,25300,38.43,D
sz300850,新强联,2025-09-18 09:47:54,38.4,24100,38.4,D
sz300850,新强联,2025-09-18 09:47:57,38.38,6300,38.4,D
sz300850,新强联,2025-09-18 09:48:06,38.34,9000,38.37,E
sz300850,新强联,2025-09-18 09:48:09,38.36,17700,38.34,E
sz300850,新强联,2025-09-18 09:48:12,38.36,22400,38.36,D
sz300850,新强联,2025-09-18 09:48:15,38.31,10100,38.36,D
sz300850,新强联,2025-09-18 09:48:18,38.37,146300,38.31,U
sz300850,新强联,2025-09-18 09:48:21,38.37,25600,38.37,D
sz300850,新强联,2025-09-18 09:48:24,38.37,12000,38.37,D
sz300850,新强联,2025-09-18 09:48:27,38.41,22700,38.37,U
sz300850,新强联,2025-09-18 09:48:30,38.55,42500,38.41,U
sz300850,新强联,2025-09-18 09:48:36,38.56,9700,38.48,U
sz300850,新强联,2025-09-18 09:48:39,38.6,32300,38.56,U
sz300850,新强联,2025-09-18 09:48:42,38.6,11100,38.6,D
sz300850,新强联,2025-09-18 09:48:45,38.6,14300,38.6,D
sz300850,新强联,2025-09-18 09:48:48,38.6,15200,38.6,U
sz300850,新强联,2025-09-18 09:48:54,38.52,5400,38.53,D
sz300850,新强联,2025-09-18 09:48:57,38.53,8100,38.52,U
sz300850,新强联,2025-09-18 09:49:00,38.49,8800,38.53,D
sz300850,新强联,2025-09-18 09:49:03,38.48,7800,38.49,D
sz300850,新强联,2025-09-18 09:49:06,38.36,29800,38.48,D
sz300850,新强联,2025-09-18 09:49:09,38.59,167300,38.36,U
sz300850,新强联,2025-09-18 09:49:12,38.54,73000,38.59,D
sz300850,新强联,2025-09-18 09:49:18,38.54,5600,38.51,E
sz300850,新强联,2025-09-18 09:49:21,38.6,80900,38.54,U
sz300850,新强联,2025-09-18 09:49:24,38.64,10100,38.6,U
sz300850,新强联,2025-09-18 09:49:27,38.64,7300,38.64,D
sz300850,新强联,2025-09-18 09:49:30,38.64,10600,38.64,U
sz300850,新强联,2025-09-18 09:49:33,38.5,23700,38.64,D
sz300850,新强联,2025-09-18 09:49:39,38.35,54600,38.5,D
sz300850,新强联,2025-09-18 09:49:42,38.39,19900,38.35,U
sz300850,新强联,2025-09-18 09:49:45,38.37,6300,38.39,E
sz300850,新强联,2025-09-18 09:49:48,38.4,18700,38.37,U
sz300850,新强联,2025-09-18 09:49:57,38.45,9900,38.47,E
sz300850,新强联,2025-09-18 09:50:00,38.41,21100,38.45,D
sz300850,新强联,2025-09-18 09:50:03,38.35,71700,38.41,D
sz300850,新强联,2025-09-18 09:50:06,38.4,12300,38.35,E
sz300850,新强联,2025-09-18 09:50:12,38.38,6500,38.38,D
sz300850,新强联,2025-09-18 09:50:15,38.35,11100,38.38,D
sz300850,新强联,2025-09-18 09:50:18,38.45,31200,38.35,U
sz300850,新强联,2025-09-18 09:50:21,38.4,26100,38.45,D
sz300850,新强联,2025-09-18 09:50:24,38.4,14500,38.4,U
sz300850,新强联,2025-09-18 09:50:30,38.33,5600,38.35,E
sz300850,新强联,2025-09-18 09:50:33,38.3,16200,38.33,D
sz300850,新强联,2025-09-18 09:50:39,38.22,11900,38.26,D
sz300850,新强联,2025-09-18 09:50:45,38.21,14500,38.25,D
sz300850,新强联,2025-09-18 09:50:51,38.21,76600,38.19,U
sz300850,新强联,2025-09-18 09:50:54,38.19,13800,38.21,D
sz300850,新强联,2025-09-18 09:50:57,38.17,15500,38.19,D
sz300850,新强联,2025-09-18 09:51:00,38.18,41600,38.17,U
sz300850,新强联,2025-09-18 09:51:03,38.25,36600,38.18,U
sz300850,新强联,2025-09-18 09:51:06,38.26,20500,38.25,U
sz300850,新强联,2025-09-18 09:51:09,38.44,56300,38.26,U
sz300850,新强联,2025-09-18 09:51:12,38.65,100000,38.44,U
sz300850,新强联,2025-09-18 09:51:15,38.55,45100,38.65,D
sz300850,新强联,2025-09-18 09:51:18,38.54,23800,38.55,D
sz300850,新强联,2025-09-18 09:51:21,38.51,8600,38.54,D
sz300850,新强联,2025-09-18 09:51:24,38.55,25600,38.51,E
sz300850,新强联,2025-09-18 09:51:27,38.62,20000,38.55,U
sz300850,新强联,2025-09-18 09:51:33,38.64,8200,38.66,E
sz300850,新强联,2025-09-18 09:51:36,38.59,27400,38.64,D
sz300850,新强联,2025-09-18 09:51:42,38.61,16000,38.59,U
sz300850,新强联,2025-09-18 09:51:45,38.74,77200,38.61,U
sz300850,新强联,2025-09-18 09:51:48,38.74,25100,38.74,U
sz300850,新强联,2025-09-18 09:51:51,38.69,9300,38.74,D
sz300850,新强联,2025-09-18 09:51:54,38.68,27300,38.69,D
sz300850,新强联,2025-09-18 09:51:57,38.62,23900,38.68,D
sz300850,新强联,2025-09-18 09:52:00,38.68,7100,38.62,U
sz300850,新强联,2025-09-18 09:52:03,38.59,70015,38.68,D
sz300850,新强联,2025-09-18 09:52:06,38.59,6900,38.59,U
sz300850,新强联,2025-09-18 09:52:12,38.54,20400,38.59,E
sz300850,新强联,2025-09-18 09:52:15,38.51,6900,38.54,D
sz300850,新强联,2025-09-18 09:52:18,38.51,7900,38.51,D
sz300850,新强联,2025-09-18 09:52:39,38.59,130600,38.45,U
sz300850,新强联,2025-09-18 09:52:42,38.57,5400,38.59,D
sz300850,新强联,2025-09-18 09:52:45,38.49,19300,38.57,D
sz300850,新强联,2025-09-18 09:52:51,38.48,5200,38.48,U
sz300850,新强联,2025-09-18 09:53:00,38.53,22300,38.49,U
sz300850,新强联,2025-09-18 09:53:03,38.45,7400,38.53,D
sz300850,新强联,2025-09-18 09:53:06,38.5,12600,38.45,D
sz300850,新强联,2025-09-18 09:53:09,38.5,22300,38.5,U
sz300850,新强联,2025-09-18 09:53:12,38.45,11600,38.5,D
sz300850,新强联,2025-09-18 09:53:24,38.45,9100,38.49,D
sz300850,新强联,2025-09-18 09:53:30,38.44,5300,38.46,E
sz300850,新强联,2025-09-18 09:53:36,38.44,15600,38.44,U
sz300850,新强联,2025-09-18 09:53:39,38.42,9000,38.44,D
sz300850,新强联,2025-09-18 09:53:45,38.4,6800,38.35,U
sz300850,新强联,2025-09-18 09:53:48,38.43,6600,38.4,U
sz300850,新强联,2025-09-18 09:53:57,38.37,10800,38.41,D
sz300850,新强联,2025-09-18 09:54:06,38.35,66000,38.39,D
sz300850,新强联,2025-09-18 09:54:12,38.32,5600,38.31,D
sz300850,新强联,2025-09-18 09:54:15,38.39,16400,38.32,U
sz300850,新强联,2025-09-18 09:54:18,38.32,11500,38.39,D
sz300850,新强联,2025-09-18 09:54:30,38.37,10900,38.35,U
sz300850,新强联,2025-09-18 09:54:36,38.42,43900,38.37,U
sz300850,新强联,2025-09-18 09:54:42,38.49,8100,38.42,U
sz300850,新强联,2025-09-18 09:54:54,38.49,5600,38.49,U
sz300850,新强联,2025-09-18 09:54:57,38.52,29000,38.49,U
sz300850,新强联,2025-09-18 09:55:00,38.53,17900,38.52,U
sz300850,新强联,2025-09-18 09:55:03,38.62,52000,38.53,U
sz300850,新强联,2025-09-18 09:55:06,38.68,35800,38.62,U
sz300850,新强联,2025-09-18 09:55:09,38.62,16400,38.68,D
sz300850,新强联,2025-09-18 09:55:15,38.68,26900,38.62,U
sz300850,新强联,2025-09-18 09:55:18,38.68,17700,38.68,U
sz300850,新强联,2025-09-18 09:55:21,38.63,19700,38.68,D
sz300850,新强联,2025-09-18 09:55:24,38.68,6000,38.63,U
sz300850,新强联,2025-09-18 09:55:27,38.62,28500,38.68,D
sz300850,新强联,2025-09-18 09:55:30,38.67,55400,38.62,U
sz300850,新强联,2025-09-18 09:55:36,38.68,19700,38.69,D
sz300850,新强联,2025-09-18 09:55:39,38.67,44900,38.68,D
sz300850,新强联,2025-09-18 09:55:42,38.7,10400,38.67,U
sz300850,新强联,2025-09-18 09:55:48,38.7,27700,38.7,D
sz300850,新强联,2025-09-18 09:55:57,38.79,46300,38.72,U
sz300850,新强联,2025-09-18 09:56:00,38.84,77890,38.79,U
sz300850,新强联,2025-09-18 09:56:03,38.79,122910,38.84,D
sz300850,新强联,2025-09-18 09:56:06,38.82,17900,38.79,U
sz300850,新强联,2025-09-18 09:56:09,38.79,8500,38.82,D
sz300850,新强联,2025-09-18 09:56:12,38.78,31200,38.79,E
sz300850,新强联,2025-09-18 09:56:18,38.76,34000,38.73,U
sz300850,新强联,2025-09-18 09:56:21,38.79,31300,38.76,U
sz300850,新强联,2025-09-18 09:56:24,38.83,43200,38.79,U
sz300850,新强联,2025-09-18 09:56:27,38.84,25900,38.83,U
sz300850,新强联,2025-09-18 09:56:30,38.82,48000,38.84,E
sz300850,新强联,2025-09-18 09:56:33,38.79,9000,38.82,D
sz300850,新强联,2025-09-18 09:56:36,38.73,35200,38.79,D
sz300850,新强联,2025-09-18 09:56:39,38.71,9300,38.73,E
sz300850,新强联,2025-09-18 09:56:42,38.61,28000,38.71,E
sz300850,新强联,2025-09-18 09:56:45,38.72,10900,38.61,E
sz300850,新强联,2025-09-18 09:56:48,38.77,8700,38.72,E
sz300850,新强联,2025-09-18 09:56:51,38.82,68800,38.77,U
sz300850,新强联,2025-09-18 09:56:57,38.82,91737,38.82,E
sz300850,新强联,2025-09-18 09:57:00,38.8,6863,38.82,D
sz300850,新强联,2025-09-18 09:57:03,38.85,65837,38.8,U
sz300850,新强联,2025-09-18 09:57:06,38.85,20740,38.85,E
sz300850,新强联,2025-09-18 09:57:09,38.85,103300,38.85,U
sz300850,新强联,2025-09-18 09:57:12,38.82,17400,38.85,D
sz300850,新强联,2025-09-18 09:57:15,38.85,7560,38.82,E
sz300850,新强联,2025-09-18 09:57:18,38.9,48919,38.85,U
sz300850,新强联,2025-09-18 09:57:24,38.95,74191,38.91,U
sz300850,新强联,2025-09-18 09:57:27,38.99,24000,38.95,U
sz300850,新强联,2025-09-18 09:57:30,38.99,12900,38.99,U
sz300850,新强联,2025-09-18 09:57:33,38.95,23500,38.99,E
sz300850,新强联,2025-09-18 09:57:36,39.0,143000,38.95,U
sz300850,新强联,2025-09-18 09:57:39,39.0,42700,39.0,U
sz300850,新强联,2025-09-18 09:57:42,39.0,40700,39.0,U
sz300850,新强联,2025-09-18 09:57:45,39.0,34400,39.0,U
sz300850,新强联,2025-09-18 09:57:48,39.0,18900,39.0,U
sz300850,新强联,2025-09-18 09:57:51,39.0,20100,39.0,U
sz300850,新强联,2025-09-18 09:57:54,39.0,19800,39.0,U
sz300850,新强联,2025-09-18 09:57:57,39.01,14500,39.0,U
sz300850,新强联,2025-09-18 09:58:00,39.0,25400,39.01,D
sz300850,新强联,2025-09-18 09:58:03,39.0,27000,39.0,D
sz300850,新强联,2025-09-18 09:58:06,38.95,10200,39.0,D
sz300850,新强联,2025-09-18 09:58:09,38.95,59900,38.95,D
sz300850,新强联,2025-09-18 09:58:18,38.94,6000,38.99,D
sz300850,新强联,2025-09-18 09:58:21,38.95,9500,38.94,U
sz300850,新强联,2025-09-18 09:58:24,38.98,8300,38.95,E
sz300850,新强联,2025-09-18 09:58:27,39.0,46100,38.98,U
sz300850,新强联,2025-09-18 09:58:30,38.99,7300,39.0,E
sz300850,新强联,2025-09-18 09:58:33,38.99,22000,38.99,U
sz300850,新强联,2025-09-18 09:58:36,39.01,106600,38.99,U
sz300850,新强联,2025-09-18 09:58:39,39.05,24200,39.01,U
sz300850,新强联,2025-09-18 09:58:42,39.05,14400,39.05,U
sz300850,新强联,2025-09-18 09:58:45,39.07,15400,39.05,U
sz300850,新强联,2025-09-18 09:58:48,39.06,44400,39.07,D
sz300850,新强联,2025-09-18 09:58:51,39.1,26200,39.06,U
sz300850,新强联,2025-09-18 09:58:54,39.13,5900,39.1,U
sz300850,新强联,2025-09-18 09:58:57,39.15,43700,39.13,U
sz300850,新强联,2025-09-18 09:59:00,39.15,21400,39.15,U
sz300850,新强联,2025-09-18 09:59:03,39.2,12000,39.15,U
sz300850,新强联,2025-09-18 09:59:06,39.29,78400,39.2,U
sz300850,新强联,2025-09-18 09:59:09,39.26,5100,39.29,D
sz300850,新强联,2025-09-18 09:59:12,39.26,7000,39.26,D
sz300850,新强联,2025-09-18 09:59:15,39.29,41700,39.26,U
sz300850,新强联,2025-09-18 09:59:18,39.3,22000,39.29,U
sz300850,新强联,2025-09-18 09:59:21,39.3,14900,39.3,U
sz300850,新强联,2025-09-18 09:59:24,39.3,13800,39.3,D
sz300850,新强联,2025-09-18 09:59:27,39.33,38400,39.3,U
sz300850,新强联,2025-09-18 09:59:30,39.36,11000,39.33,U
sz300850,新强联,2025-09-18 09:59:33,39.38,20100,39.36,U
sz300850,新强联,2025-09-18 09:59:36,39.4,17100,39.38,U
sz300850,新强联,2025-09-18 09:59:39,39.41,8800,39.4,U
sz300850,新强联,2025-09-18 09:59:42,39.41,12700,39.41,U
sz300850,新强联,2025-09-18 09:59:45,39.45,11100,39.41,U
sz300850,新强联,2025-09-18 09:59:48,39.46,6400,39.45,U
sz300850,新强联,2025-09-18 09:59:51,39.48,12200,39.46,U
sz300850,新强联,2025-09-18 09:59:54,39.5,63300,39.48,U
sz300850,新强联,2025-09-18 09:59:57,39.5,25700,39.5,U
sz300850,新强联,2025-09-18 10:00:00,39.5,60000,39.5,U
sz300850,新强联,2025-09-18 10:00:03,39.5,28685,39.5,D
sz300850,新强联,2025-09-18 10:00:06,39.45,109315,39.5,D
sz300850,新强联,2025-09-18 10:00:09,39.41,17200,39.45,D
sz300850,新强联,2025-09-18 10:00:12,39.41,21900,39.41,D
sz300850,新强联,2025-09-18 10:00:15,39.38,16600,39.41,D
sz300850,新强联,2025-09-18 10:00:18,39.38,13900,39.38,U
sz300850,新强联,2025-09-18 10:00:21,39.37,13500,39.38,E
sz300850,新强联,2025-09-18 10:00:24,39.35,19200,39.37,D
sz300850,新强联,2025-09-18 10:00:27,39.35,8600,39.35,U
sz300850,新强联,2025-09-18 10:00:30,39.5,137396,39.35,U
sz300850,新强联,2025-09-18 10:00:33,39.38,33500,39.5,D
sz300850,新强联,2025-09-18 10:00:39,39.4,9900,39.47,D
sz300850,新强联,2025-09-18 10:00:42,39.41,21500,39.4,D
sz300850,新强联,2025-09-18 10:00:45,39.38,21000,39.41,E
sz300850,新强联,2025-09-18 10:00:48,39.38,31900,39.38,U
sz300850,新强联,2025-09-18 10:00:51,39.31,11600,39.38,D
sz300850,新强联,2025-09-18 10:00:54,39.35,82400,39.31,U
sz300850,新强联,2025-09-18 10:01:00,39.6,195700,39.3,U
sz300850,新强联,2025-09-18 10:01:03,39.48,43800,39.6,D
sz300850,新强联,2025-09-18 10:01:06,39.56,12600,39.48,E
sz300850,新强联,2025-09-18 10:01:09,39.56,10500,39.56,U
sz300850,新强联,2025-09-18 10:01:12,39.56,21700,39.56,U
sz300850,新强联,2025-09-18 10:01:15,39.56,8900,39.56,U
sz300850,新强联,2025-09-18 10:01:18,39.56,14900,39.56,D
sz300850,新强联,2025-09-18 10:01:21,39.6,44800,39.56,U
sz300850,新强联,2025-09-18 10:01:24,39.64,119000,39.6,U
sz300850,新强联,2025-09-18 10:01:27,39.75,15800,39.64,U
sz300850,新强联,2025-09-18 10:01:30,39.75,6800,39.75,U
sz300850,新强联,2025-09-18 10:01:33,39.76,9600,39.75,U
sz300850,新强联,2025-09-18 10:01:36,39.78,49600,39.76,U
sz300850,新强联,2025-09-18 10:01:39,39.8,38200,39.78,U
sz300850,新强联,2025-09-18 10:01:42,39.81,20545,39.8,U
sz300850,新强联,2025-09-18 10:01:45,39.8,15200,39.81,D
sz300850,新强联,2025-09-18 10:01:48,39.85,79255,39.8,U
sz300850,新强联,2025-09-18 10:01:51,39.9,96570,39.85,U
sz300850,新强联,2025-09-18 10:01:54,39.95,54600,39.9,U
sz300850,新强联,2025-09-18 10:01:57,39.95,24300,39.95,U
sz300850,新强联,2025-09-18 10:02:00,39.95,31900,39.95,U
sz300850,新强联,2025-09-18 10:02:03,39.94,46100,39.95,E
sz300850,新强联,2025-09-18 10:02:06,39.95,83600,39.94,U
sz300850,新强联,2025-09-18 10:02:09,39.96,23700,39.95,U
sz300850,新强联,2025-09-18 10:02:12,39.97,29886,39.96,E
sz300850,新强联,2025-09-18 10:02:15,39.97,54800,39.97,U
sz300850,新强联,2025-09-18 10:02:18,39.99,127821,39.97,U
sz300850,新强联,2025-09-18 10:02:21,39.98,57000,39.99,D
sz300850,新强联,2025-09-18 10:02:24,39.97,84393,39.98,D
sz300850,新强联,2025-09-18 10:02:27,39.89,49200,39.97,D
sz300850,新强联,2025-09-18 10:02:30,39.99,37607,39.89,U
sz300850,新强联,2025-09-18 10:02:33,39.96,28900,39.99,D
sz300850,新强联,2025-09-18 10:02:36,39.98,5100,39.96,E
sz300850,新强联,2025-09-18 10:02:39,39.96,18700,39.98,D
sz300850,新强联,2025-09-18 10:02:42,39.95,45970,39.96,D
sz300850,新强联,2025-09-18 10:02:45,39.96,33123,39.95,U
sz300850,新强联,2025-09-18 10:02:48,39.95,7600,39.96,U
sz300850,新强联,2025-09-18 10:02:51,39.94,10500,39.95,E
sz300850,新强联,2025-09-18 10:02:54,39.83,122500,39.94,D
sz300850,新强联,2025-09-18 10:02:57,39.88,64770,39.83,U
sz300850,新强联,2025-09-18 10:03:00,39.9,23500,39.88,U
sz300850,新强联,2025-09-18 10:03:03,39.9,13700,39.9,E
sz300850,新强联,2025-09-18 10:03:06,39.96,53500,39.9,U
sz300850,新强联,2025-09-18 10:03:09,39.94,20600,39.96,E
sz300850,新强联,2025-09-18 10:03:12,39.87,7000,39.94,D
sz300850,新强联,2025-09-18 10:03:15,39.86,21800,39.87,D
sz300850,新强联,2025-09-18 10:03:18,39.87,11700,39.86,U
sz300850,新强联,2025-09-18 10:03:21,39.97,90439,39.87,U
sz300850,新强联,2025-09-18 10:03:24,39.87,49157,39.97,D
sz300850,新强联,2025-09-18 10:03:27,39.87,75800,39.87,D
sz300850,新强联,2025-09-18 10:03:30,39.84,11900,39.87,D
sz300850,新强联,2025-09-18 10:03:33,39.84,12100,39.84,D
sz300850,新强联,2025-09-18 10:03:36,39.83,19900,39.84,D
sz300850,新强联,2025-09-18 10:03:42,39.8,14327,39.77,U
sz300850,新强联,2025-09-18 10:03:45,39.74,19200,39.8,D
sz300850,新强联,2025-09-18 10:03:48,39.77,11200,39.74,U
sz300850,新强联,2025-09-18 10:03:54,39.76,8900,39.74,U
sz300850,新强联,2025-09-18 10:03:57,39.72,10700,39.76,D
sz300850,新强联,2025-09-18 10:04:00,39.73,6900,39.72,U
sz300850,新强联,2025-09-18 10:04:03,39.7,29100,39.73,E
sz300850,新强联,2025-09-18 10:04:06,39.71,29000,39.7,U
sz300850,新强联,2025-09-18 10:04:09,39.76,13900,39.71,U
sz300850,新强联,2025-09-18 10:04:12,39.71,25200,39.76,D
sz300850,新强联,2025-09-18 10:04:18,39.69,8800,39.7,D
sz300850,新强联,2025-09-18 10:04:21,39.69,13300,39.69,U
sz300850,新强联,2025-09-18 10:04:24,39.79,36600,39.69,U
sz300850,新强联,2025-09-18 10:04:27,39.71,37700,39.79,D
sz300850,新强联,2025-09-18 10:04:33,39.7,13700,39.7,D
sz300850,新强联,2025-09-18 10:04:36,39.65,42400,39.7,D
sz300850,新强联,2025-09-18 10:04:39,39.71,38573,39.65,U
sz300850,新强联,2025-09-18 10:04:42,39.74,31100,39.71,U
sz300850,新强联,2025-09-18 10:04:48,39.78,44227,39.78,U
sz300850,新强联,2025-09-18 10:04:51,39.8,18600,39.78,E
sz300850,新强联,2025-09-18 10:04:54,39.81,20300,39.8,U
sz300850,新强联,2025-09-18 10:04:57,39.85,57900,39.81,U
sz300850,新强联,2025-09-18 10:05:03,39.79,15100,39.8,D
sz300850,新强联,2025-09-18 10:05:15,39.71,7500,39.72,D
sz300850,新强联,2025-09-18 10:05:18,39.65,18100,39.71,D
sz300850,新强联,2025-09-18 10:05:24,39.63,8700,39.63,D
sz300850,新强联,2025-09-18 10:05:27,39.63,14800,39.63,D
sz300850,新强联,2025-09-18 10:05:30,39.64,11100,39.63,E
sz300850,新强联,2025-09-18 10:05:33,39.64,15000,39.64,U
sz300850,新强联,2025-09-18 10:05:36,39.63,16700,39.64,D
sz300850,新强联,2025-09-18 10:05:39,39.63,7500,39.63,D
sz300850,新强联,2025-09-18 10:05:42,39.62,28300,39.63,D
sz300850,新强联,2025-09-18 10:05:45,39.67,38045,39.62,U
sz300850,新强联,2025-09-18 10:05:48,39.72,145800,39.67,U
sz300850,新强联,2025-09-18 10:05:51,39.74,17300,39.72,E
sz300850,新强联,2025-09-18 10:05:54,39.75,7600,39.74,E
sz300850,新强联,2025-09-18 10:06:00,39.75,35600,39.69,U
sz300850,新强联,2025-09-18 10:06:03,39.72,12300,39.75,D
sz300850,新强联,2025-09-18 10:06:06,39.75,18900,39.72,D
sz300850,新强联,2025-09-18 10:06:09,39.74,8100,39.75,D
sz300850,新强联,2025-09-18 10:06:12,39.71,6600,39.74,D
sz300850,新强联,2025-09-18 10:06:18,39.7,19700,39.68,U
sz300850,新强联,2025-09-18 10:06:21,39.72,5600,39.7,U
sz300850,新强联,2025-09-18 10:06:24,39.71,14900,39.72,D
sz300850,新强联,2025-09-18 10:06:30,39.65,19155,39.68,D
sz300850,新强联,2025-09-18 10:06:39,39.62,32100,39.62,D
sz300850,新强联,2025-09-18 10:06:45,39.59,7100,39.58,D
sz300850,新强联,2025-09-18 10:06:48,39.58,21900,39.59,D
sz300850,新强联,2025-09-18 10:06:51,39.62,30900,39.58,U
sz300850,新强联,2025-09-18 10:06:54,39.6,19000,39.62,D
sz300850,新强联,2025-09-18 10:06:57,39.59,6200,39.6,D
sz300850,新强联,2025-09-18 10:07:00,39.58,10000,39.59,D
sz300850,新强联,2025-09-18 10:07:03,39.57,10700,39.58,D
sz300850,新强联,2025-09-18 10:07:06,39.56,23300,39.57,D
sz300850,新强联,2025-09-18 10:07:09,39.56,18300,39.56,E
sz300850,新强联,2025-09-18 10:07:12,39.54,24700,39.56,D
sz300850,新强联,2025-09-18 10:07:15,39.55,18200,39.54,U
sz300850,新强联,2025-09-18 10:07:18,39.54,26300,39.55,D
sz300850,新强联,2025-09-18 10:07:21,39.54,13300,39.54,D
sz300850,新强联,2025-09-18 10:07:24,39.5,14600,39.54,D
sz300850,新强联,2025-09-18 10:07:27,39.5,10600,39.5,D
sz300850,新强联,2025-09-18 10:07:33,39.49,6800,39.5,D
sz300850,新强联,2025-09-18 10:07:39,39.46,6800,39.48,D
sz300850,新强联,2025-09-18 10:07:42,39.42,5300,39.46,D
sz300850,新强联,2025-09-18 10:07:45,39.2,112100,39.42,D
sz300850,新强联,2025-09-18 10:07:48,39.35,8400,39.2,E
sz300850,新强联,2025-09-18 10:07:51,39.44,45075,39.35,U
sz300850,新强联,2025-09-18 10:07:54,39.4,14100,39.44,D
sz300850,新强联,2025-09-18 10:07:57,39.4,9500,39.4,D
sz300850,新强联,2025-09-18 10:08:03,39.4,28825,39.44,D
sz300850,新强联,2025-09-18 10:08:06,39.44,13700,39.4,U
sz300850,新强联,2025-09-18 10:08:09,39.45,16454,39.44,U
sz300850,新强联,2025-09-18 10:08:12,39.44,20400,39.45,D
sz300850,新强联,2025-09-18 10:08:15,39.52,74000,39.44,U
sz300850,新强联,2025-09-18 10:08:30,39.57,8400,39.57,D
sz300850,新强联,2025-09-18 10:08:33,39.55,6200,39.57,D
sz300850,新强联,2025-09-18 10:08:54,39.35,15746,39.49,D
sz300850,新强联,2025-09-18 10:09:00,39.38,5500,39.42,D
sz300850,新强联,2025-09-18 10:09:03,39.38,25700,39.38,D
sz300850,新强联,2025-09-18 10:09:09,39.34,20800,39.38,D
sz300850,新强联,2025-09-18 10:09:12,39.24,13000,39.34,D
sz300850,新强联,2025-09-18 10:09:18,39.27,59400,39.3,E
sz300850,新强联,2025-09-18 10:09:21,39.26,15800,39.27,U
sz300850,新强联,2025-09-18 10:09:24,39.26,18000,39.26,D
sz300850,新强联,2025-09-18 10:09:27,39.23,8700,39.26,D
sz300850,新强联,2025-09-18 10:09:30,39.2,9200,39.23,D
sz300850,新强联,2025-09-18 10:09:36,39.26,37000,39.22,U
sz300850,新强联,2025-09-18 10:09:39,39.23,9229,39.26,D
sz300850,新强联,2025-09-18 10:09:42,39.26,13600,39.23,E
sz300850,新强联,2025-09-18 10:09:45,39.26,7000,39.26,U
sz300850,新强联,2025-09-18 10:09:48,39.27,7200,39.26,U
sz300850,新强联,2025-09-18 10:09:57,39.23,9500,39.25,D
sz300850,新强联,2025-09-18 10:10:00,39.2,124600,39.23,D
sz300850,新强联,2025-09-18 10:10:03,39.2,40800,39.2,D
sz300850,新强联,2025-09-18 10:10:06,39.18,8900,39.2,D
sz300850,新强联,2025-09-18 10:10:12,39.2,15700,39.2,U
sz300850,新强联,2025-09-18 10:10:15,39.17,12200,39.2,D
sz300850,新强联,2025-09-18 10:10:18,39.19,55300,39.17,E
sz300850,新强联,2025-09-18 10:10:21,39.2,13100,39.19,U
sz300850,新强联,2025-09-18 10:10:24,39.19,8000,39.2,U
sz300850,新强联,2025-09-18 10:10:27,39.19,7500,39.19,D
sz300850,新强联,2025-09-18 10:10:33,39.18,8800,39.17,U
sz300850,新强联,2025-09-18 10:10:36,39.25,67700,39.18,U
sz300850,新强联,2025-09-18 10:10:42,39.32,36546,39.25,U
sz300850,新强联,2025-09-18 10:10:45,39.38,9800,39.32,U
sz300850,新强联,2025-09-18 10:10:48,39.31,35100,39.38,D
sz300850,新强联,2025-09-18 10:10:54,39.38,25900,39.3,U
sz300850,新强联,2025-09-18 10:11:00,39.32,6800,39.33,D
sz300850,新强联,2025-09-18 10:11:03,39.51,50044,39.32,U
sz300850,新强联,2025-09-18 10:11:06,39.54,35100,39.51,U
sz300850,新强联,2025-09-18 10:11:15,39.57,35700,39.54,U
sz300850,新强联,2025-09-18 10:11:18,39.58,19800,39.57,U
sz300850,新强联,2025-09-18 10:11:24,39.53,8700,39.55,D
sz300850,新强联,2025-09-18 10:11:27,39.58,44000,39.53,U
sz300850,新强联,2025-09-18 10:11:30,39.56,10100,39.58,D
sz300850,新强联,2025-09-18 10:11:36,39.61,88700,39.61,E
sz300850,新强联,2025-09-18 10:11:39,39.61,13600,39.61,U
sz300850,新强联,2025-09-18 10:11:42,39.64,10300,39.61,U
sz300850,新强联,2025-09-18 10:11:45,39.64,15900,39.64,U
sz300850,新强联,2025-09-18 10:11:48,39.66,6500,39.64,U
sz300850,新强联,2025-09-18 10:11:51,39.64,11500,39.66,D
sz300850,新强联,2025-09-18 10:11:54,39.68,33100,39.64,U
sz300850,新强联,2025-09-18 10:11:57,39.61,7100,39.68,D
sz300850,新强联,2025-09-18 10:12:00,39.62,10700,39.61,U
sz300850,新强联,2025-09-18 10:12:03,39.66,18100,39.62,U
sz300850,新强联,2025-09-18 10:12:06,39.68,21600,39.66,U
sz300850,新强联,2025-09-18 10:12:09,39.68,8800,39.68,U
sz300850,新强联,2025-09-18 10:12:12,39.68,7745,39.68,U
sz300850,新强联,2025-09-18 10:12:15,39.68,6700,39.68,D
sz300850,新强联,2025-09-18 10:12:18,39.69,5355,39.68,U
sz300850,新强联,2025-09-18 10:12:24,39.65,5100,39.64,U
sz300850,新强联,2025-09-18 10:12:30,39.6,9600,39.61,D
sz300850,新强联,2025-09-18 10:12:36,39.56,18500,39.58,D
sz300850,新强联,2025-09-18 10:12:39,39.55,11300,39.56,D
sz300850,新强联,2025-09-18 10:12:51,39.55,6200,39.55,U
sz300850,新强联,2025-09-18 10:12:57,39.54,7500,39.54,D
sz300850,新强联,2025-09-18 10:13:06,39.45,15000,39.52,D
sz300850,新强联,2025-09-18 10:13:15,39.45,6000,39.45,U
sz300850,新强联,2025-09-18 10:13:21,39.45,32100,39.43,U
sz300850,新强联,2025-09-18 10:13:24,39.44,27600,39.45,D
sz300850,新强联,2025-09-18 10:13:27,39.4,7500,39.44,D
sz300850,新强联,2025-09-18 10:13:30,39.41,6100,39.4,E
sz300850,新强联,2025-09-18 10:13:39,39.41,6000,39.4,U
sz300850,新强联,2025-09-18 10:13:51,39.4,10000,39.42,D
sz300850,新强联,2025-09-18 10:13:57,39.4,19400,39.41,D
sz300850,新强联,2025-09-18 10:14:00,39.35,5800,39.4,D
sz300850,新强联,2025-09-18 10:14:06,39.39,6100,39.4,D
sz300850,新强联,2025-09-18 10:14:09,39.4,5400,39.39,U
sz300850,新强联,2025-09-18 10:14:12,39.4,26800,39.4,U
sz300850,新强联,2025-09-18 10:14:18,39.33,10300,39.37,D
sz300850,新强联,2025-09-18 10:14:24,39.36,11400,39.37,U
sz300850,新强联,2025-09-18 10:14:27,39.23,12800,39.36,D
sz300850,新强联,2025-09-18 10:14:33,39.23,6500,39.36,D
sz300850,新强联,2025-09-18 10:14:39,39.23,14500,39.23,U
sz300850,新强联,2025-09-18 10:14:45,39.22,6300,39.3,D
sz300850,新强联,2025-09-18 10:14:51,39.2,18600,39.23,D
sz300850,新强联,2025-09-18 10:14:57,39.19,31600,39.2,D
sz300850,新强联,2025-09-18 10:15:18,39.14,13000,39.13,U
sz300850,新强联,2025-09-18 10:15:21,39.14,43600,39.14,U
sz300850,新强联,2025-09-18 10:15:27,39.12,22700,39.18,D
sz300850,新强联,2025-09-18 10:15:30,39.18,10000,39.12,U
sz300850,新强联,2025-09-18 10:15:33,39.17,6200,39.18,D
sz300850,新强联,2025-09-18 10:15:36,39.18,11300,39.17,E
sz300850,新强联,2025-09-18 10:15:42,39.21,8100,39.21,D
sz300850,新强联,2025-09-18 10:15:57,39.25,8700,39.24,E
sz300850,新强联,2025-09-18 10:16:00,39.24,11500,39.25,E
sz300850,新强联,2025-09-18 10:16:09,39.28,6500,39.26,U
sz300850,新强联,2025-09-18 10:16:24,39.24,17000,39.24,D
sz300850,新强联,2025-09-18 10:16:27,39.25,17600,39.24,D
sz300850,新强联,2025-09-18 10:16:30,39.4,99800,39.25,U
sz300850,新强联,2025-09-18 10:16:33,39.4,31300,39.4,U
sz300850,新强联,2025-09-18 10:16:36,39.39,8500,39.4,D
sz300850,新强联,2025-09-18 10:16:39,39.42,5100,39.39,U
sz300850,新强联,2025-09-18 10:16:51,39.37,5700,39.37,U
sz300850,新强联,2025-09-18 10:17:00,39.33,5600,39.32,E
sz300850,新强联,2025-09-18 10:17:15,39.33,13100,39.36,D
sz300850,新强联,2025-09-18 10:17:18,39.36,12000,39.33,U
sz300850,新强联,2025-09-18 10:17:30,39.4,6400,39.36,U
sz300850,新强联,2025-09-18 10:17:33,39.4,9000,39.4,U
sz300850,新强联,2025-09-18 10:17:39,39.39,5400,39.4,D
sz300850,新强联,2025-09-18 10:17:42,39.35,32500,39.39,D
sz300850,新强联,2025-09-18 10:17:45,39.35,5800,39.35,D
sz300850,新强联,2025-09-18 10:17:48,39.29,6200,39.35,D
sz300850,新强联,2025-09-18 10:17:51,39.3,6000,39.29,U
sz300850,新强联,2025-09-18 10:18:00,39.28,11100,39.3,D
sz300850,新强联,2025-09-18 10:18:12,39.4,138500,39.28,U
sz300850,新强联,2025-09-18 10:18:15,39.38,24400,39.4,E
sz300850,新强联,2025-09-18 10:18:18,39.38,25900,39.38,D
sz300850,新强联,2025-09-18 10:18:21,39.44,7700,39.38,E
sz300850,新强联,2025-09-18 10:18:27,39.45,6300,39.41,U
sz300850,新强联,2025-09-18 10:18:51,39.43,18602,39.46,D
sz300850,新强联,2025-09-18 10:18:57,39.46,7100,39.46,U
sz300850,新强联,2025-09-18 10:19:00,39.48,12800,39.46,U
sz300850,新强联,2025-09-18 10:19:09,39.5,69200,39.4,U
sz300850,新强联,2025-09-18 10:19:18,39.5,5700,39.5,U
sz300850,新强联,2025-09-18 10:19:21,39.47,5500,39.5,D
sz300850,新强联,2025-09-18 10:19:30,39.5,7800,39.51,U
sz300850,新强联,2025-09-18 10:20:00,39.45,5600,39.45,U
sz300850,新强联,2025-09-18 10:20:06,39.43,9500,39.42,E
sz300850,新强联,2025-09-18 10:20:09,39.45,9100,39.43,U
sz300850,新强联,2025-09-18 10:20:12,39.52,113305,39.45,U
sz300850,新强联,2025-09-18 10:20:15,39.55,27900,39.52,U
sz300850,新强联,2025-09-18 10:20:18,39.51,13200,39.55,E
sz300850,新强联,2025-09-18 10:20:21,39.55,12000,39.51,U
sz300850,新强联,2025-09-18 10:20:27,39.56,5500,39.51,U
sz300850,新强联,2025-09-18 10:20:39,39.55,8100,39.54,D
sz300850,新强联,2025-09-18 10:20:42,39.57,6200,39.55,U
sz300850,新强联,2025-09-18 10:20:51,39.56,11000,39.57,E
sz300850,新强联,2025-09-18 10:20:54,39.57,6400,39.56,U
sz300850,新强联,2025-09-18 10:21:00,39.56,12200,39.57,E
sz300850,新强联,2025-09-18 10:21:03,39.55,6800,39.56,U
sz300850,新强联,2025-09-18 10:21:12,39.45,14300,39.51,D
sz300850,新强联,2025-09-18 10:21:21,39.39,11000,39.37,E
sz300850,新强联,2025-09-18 10:21:36,39.5,8800,39.5,U
sz300850,新强联,2025-09-18 10:21:39,39.5,5200,39.5,U
sz300850,新强联,2025-09-18 10:21:42,39.49,10900,39.5,D
sz300850,新强联,2025-09-18 10:21:48,39.49,7800,39.49,U
sz300850,新强联,2025-09-18 10:21:51,39.5,8500,39.49,U
sz300850,新强联,2025-09-18 10:21:54,39.5,11700,39.5,D
sz300850,新强联,2025-09-18 10:22:00,39.51,19600,39.51,U
sz300850,新强联,2025-09-18 10:22:12,39.56,29100,39.52,U
sz300850,新强联,2025-09-18 10:22:18,39.54,7100,39.54,D
sz300850,新强联,2025-09-18 10:22:21,39.57,6100,39.54,U
sz300850,新强联,2025-09-18 10:22:30,39.53,13800,39.54,D
sz300850,新强联,2025-09-18 10:22:33,39.54,10400,39.53,E
sz300850,新强联,2025-09-18 10:22:36,39.54,18200,39.54,D
sz300850,新强联,2025-09-18 10:22:42,39.5,6300,39.5,D
sz300850,新强联,2025-09-18 10:22:54,39.5,11900,39.5,D
sz300850,新强联,2025-09-18 10:22:57,39.48,13600,39.5,D
sz300850,新强联,2025-09-18 10:23:00,39.5,6100,39.48,U
sz300850,新强联,2025-09-18 10:23:06,39.5,8500,39.45,U
sz300850,新强联,2025-09-18 10:23:09,39.5,6000,39.5,D
sz300850,新强联,2025-09-18 10:23:33,39.55,24500,39.52,U
sz300850,新强联,2025-09-18 10:23:36,39.55,15700,39.55,U
sz300850,新强联,2025-09-18 10:23:48,39.55,7400,39.56,U
sz300850,新强联,2025-09-18 10:24:06,39.54,12700,39.54,U
sz300850,新强联,2025-09-18 10:24:12,39.53,20600,39.54,D
sz300850,新强联,2025-09-18 10:24:33,39.55,7000,39.55,U
sz300850,新强联,2025-09-18 10:24:36,39.55,5700,39.55,D
sz300850,新强联,2025-09-18 10:24:39,39.58,18480,39.55,U
sz300850,新强联,2025-09-18 10:24:42,39.58,26020,39.58,U
sz300850,新强联,2025-09-18 10:24:48,39.58,7300,39.58,U
sz300850,新强联,2025-09-18 10:25:21,39.57,6900,39.56,U
sz300850,新强联,2025-09-18 10:25:24,39.6,46300,39.57,U
sz300850,新强联,2025-09-18 10:25:27,39.6,29700,39.6,U
sz300850,新强联,2025-09-18 10:25:30,39.62,21600,39.6,U
sz300850,新强联,2025-09-18 10:25:33,39.6,8100,39.62,D
sz300850,新强联,2025-09-18 10:25:45,39.63,16800,39.63,D
sz300850,新强联,2025-09-18 10:25:48,39.65,11100,39.63,U
sz300850,新强联,2025-09-18 10:25:51,39.63,12000,39.65,D
sz300850,新强联,2025-09-18 10:25:54,39.62,41500,39.63,D
sz300850,新强联,2025-09-18 10:26:03,39.59,5300,39.62,E
sz300850,新强联,2025-09-18 10:26:12,39.57,6000,39.56,E
sz300850,新强联,2025-09-18 10:26:15,39.58,5500,39.57,E
sz300850,新强联,2025-09-18 10:26:18,39.57,10100,39.58,D
sz300850,新强联,2025-09-18 10:26:27,39.52,10200,39.54,D
sz300850,新强联,2025-09-18 10:26:30,39.5,24100,39.52,D
sz300850,新强联,2025-09-18 10:27:12,39.45,6200,39.48,D
sz300850,新强联,2025-09-18 10:27:15,39.43,5300,39.45,D
sz300850,新强联,2025-09-18 10:27:18,39.4,6500,39.43,D
sz300850,新强联,2025-09-18 10:27:24,39.4,14500,39.4,E
sz300850,新强联,2025-09-18 10:27:27,39.34,17600,39.4,D
sz300850,新强联,2025-09-18 10:27:30,39.38,23800,39.34,U
sz300850,新强联,2025-09-18 10:27:51,39.4,7500,39.4,U
sz300850,新强联,2025-09-18 10:27:54,39.4,7800,39.4,U
sz300850,新强联,2025-09-18 10:27:57,39.39,10300,39.4,D
sz300850,新强联,2025-09-18 10:28:00,39.39,13800,39.39,E
sz300850,新强联,2025-09-18 10:28:03,39.43,6700,39.39,U
sz300850,新强联,2025-09-18 10:28:06,39.57,85100,39.43,U
sz300850,新强联,2025-09-18 10:28:21,39.53,7600,39.57,D
sz300850,新强联,2025-09-18 10:29:03,39.52,11000,39.5,U
sz300850,新强联,2025-09-18 10:29:06,39.54,7900,39.52,U
sz300850,新强联,2025-09-18 10:29:09,39.51,9300,39.54,D
sz300850,新强联,2025-09-18 10:29:12,39.54,6000,39.51,E
sz300850,新强联,2025-09-18 10:29:24,39.58,17700,39.57,U
sz300850,新强联,2025-09-18 10:29:33,39.58,27400,39.57,U
sz300850,新强联,2025-09-18 10:29:45,39.64,84500,39.59,U
sz300850,新强联,2025-09-18 10:29:48,39.68,47000,39.64,U
sz300850,新强联,2025-09-18 10:29:51,39.7,26788,39.68,U
sz300850,新强联,2025-09-18 10:30:00,39.76,13500,39.73,U
sz300850,新强联,2025-09-18 10:30:03,39.78,9200,39.76,U
sz300850,新强联,2025-09-18 10:30:09,39.76,8600,39.77,D
sz300850,新强联,2025-09-18 10:30:12,39.76,15500,39.76,E
sz300850,新强联,2025-09-18 10:30:15,39.78,7400,39.76,U
sz300850,新强联,2025-09-18 10:30:18,39.74,7100,39.78,E
sz300850,新强联,2025-09-18 10:30:24,39.75,5800,39.75,U
sz300850,新强联,2025-09-18 10:30:27,39.74,6000,39.75,D
sz300850,新强联,2025-09-18 10:30:39,39.69,12800,39.74,D
sz300850,新强联,2025-09-18 10:30:42,39.69,7100,39.69,U
sz300850,新强联,2025-09-18 10:30:48,39.71,11500,39.71,D
sz300850,新强联,2025-09-18 10:30:51,39.68,11300,39.71,D
sz300850,新强联,2025-09-18 10:30:54,39.68,7700,39.68,U
sz300850,新强联,2025-09-18 10:31:06,39.68,9400,39.71,D
sz300850,新强联,2025-09-18 10:31:12,39.7,12500,39.67,U
sz300850,新强联,2025-09-18 10:31:21,39.6,12300,39.65,D
sz300850,新强联,2025-09-18 10:31:27,39.66,19800,39.63,U
sz300850,新强联,2025-09-18 10:31:33,39.7,10200,39.68,U
sz300850,新强联,2025-09-18 10:31:39,39.72,17300,39.7,U
sz300850,新强联,2025-09-18 10:31:42,39.74,5900,39.72,U
sz300850,新强联,2025-09-18 10:31:45,39.7,21300,39.74,D
sz300850,新强联,2025-09-18 10:31:57,39.62,13400,39.68,D
sz300850,新强联,2025-09-18 10:32:03,39.6,6500,39.67,D
sz300850,新强联,2025-09-18 10:32:12,39.57,6100,39.57,E
sz300850,新强联,2025-09-18 10:32:18,39.52,12400,39.52,U
sz300850,新强联,2025-09-18 10:32:30,39.52,9200,39.51,U
sz300850,新强联,2025-09-18 10:32:39,39.5,5600,39.51,D
sz300850,新强联,2025-09-18 10:33:03,39.43,5300,39.45,D
sz300850,新强联,2025-09-18 10:33:06,39.49,6700,39.43,U
sz300850,新强联,2025-09-18 10:33:21,39.5,11400,39.48,U
sz300850,新强联,2025-09-18 10:33:24,39.5,6100,39.5,U
sz300850,新强联,2025-09-18 10:33:27,39.5,12600,39.5,U
sz300850,新强联,2025-09-18 10:33:30,39.51,15800,39.5,U
sz300850,新强联,2025-09-18 10:33:33,39.5,23300,39.51,D
sz300850,新强联,2025-09-18 10:33:36,39.5,7200,39.5,D
sz300850,新强联,2025-09-18 10:33:39,39.5,6600,39.5,U
sz300850,新强联,2025-09-18 10:33:42,39.54,17100,39.5,U
sz300850,新强联,2025-09-18 10:34:24,39.52,7900,39.55,D
sz300850,新强联,2025-09-18 10:34:48,39.41,5300,39.47,D
sz300850,新强联,2025-09-18 10:34:51,39.4,11600,39.41,D
sz300850,新强联,2025-09-18 10:34:54,39.47,12100,39.4,U
sz300850,新强联,2025-09-18 10:35:15,39.49,6000,39.48,U
sz300850,新强联,2025-09-18 10:35:21,39.47,19700,39.49,D
sz300850,新强联,2025-09-18 10:35:24,39.48,44400,39.47,U
sz300850,新强联,2025-09-18 10:35:30,39.49,6300,39.5,D
sz300850,新强联,2025-09-18 10:35:36,39.5,22800,39.5,U
sz300850,新强联,2025-09-18 10:35:39,39.49,5300,39.5,D
sz300850,新强联,2025-09-18 10:35:57,39.47,19100,39.47,E
sz300850,新强联,2025-09-18 10:36:00,39.46,8300,39.47,U
sz300850,新强联,2025-09-18 10:36:15,39.47,10900,39.46,U
sz300850,新强联,2025-09-18 10:36:57,39.39,8900,39.4,D
sz300850,新强联,2025-09-18 10:37:00,39.37,9200,39.39,D
sz300850,新强联,2025-09-18 10:37:12,39.32,9400,39.32,D
sz300850,新强联,2025-09-18 10:37:39,39.23,7200,39.23,U
sz300850,新强联,2025-09-18 10:37:48,39.21,28300,39.22,D
sz300850,新强联,2025-09-18 10:37:51,39.21,39000,39.21,D
sz300850,新强联,2025-09-18 10:37:54,39.22,11900,39.21,U
sz300850,新强联,2025-09-18 10:38:00,39.29,108236,39.24,U
sz300850,新强联,2025-09-18 10:38:03,39.32,51800,39.29,U
sz300850,新强联,2025-09-18 10:38:06,39.35,5200,39.32,U
sz300850,新强联,2025-09-18 10:38:15,39.31,5800,39.33,D
sz300850,新强联,2025-09-18 10:38:42,39.28,7400,39.28,D
sz300850,新强联,2025-09-18 10:39:12,39.28,23100,39.28,U
sz300850,新强联,2025-09-18 10:39:45,39.31,19600,39.29,U
sz300850,新强联,2025-09-18 10:40:00,39.28,17400,39.29,D
sz300850,新强联,2025-09-18 10:40:06,39.21,21000,39.22,D
sz300850,新强联,2025-09-18 10:40:09,39.21,8700,39.21,U
sz300850,新强联,2025-09-18 10:40:18,39.27,6000,39.27,D
sz300850,新强联,2025-09-18 10:40:45,39.24,6300,39.26,D
sz300850,新强联,2025-09-18 10:40:51,39.24,56700,39.24,U
sz300850,新强联,2025-09-18 10:41:00,39.27,6600,39.27,U
sz300850,新强联,2025-09-18 10:41:03,39.26,6900,39.27,D
sz300850,新强联,2025-09-18 10:41:21,39.3,5900,39.28,U
sz300850,新强联,2025-09-18 10:41:24,39.29,12300,39.3,D
sz300850,新强联,2025-09-18 10:41:36,39.33,6400,39.31,U
sz300850,新强联,2025-09-18 10:41:39,39.33,7900,39.33,U
sz300850,新强联,2025-09-18 10:41:42,39.32,11000,39.33,D
sz300850,新强联,2025-09-18 10:41:45,39.33,32100,39.32,U
sz300850,新强联,2025-09-18 10:41:48,39.33,6400,39.33,D
sz300850,新强联,2025-09-18 10:41:54,39.33,5200,39.33,D
sz300850,新强联,2025-09-18 10:42:03,39.24,8300,39.33,D
sz300850,新强联,2025-09-18 10:42:15,39.22,7300,39.23,D
sz300850,新强联,2025-09-18 10:42:21,39.22,11700,39.21,U
sz300850,新强联,2025-09-18 10:42:27,39.21,9200,39.21,D
sz300850,新强联,2025-09-18 10:42:33,39.21,14600,39.2,U
sz300850,新强联,2025-09-18 10:42:36,39.21,16100,39.21,U
sz300850,新强联,2025-09-18 10:42:42,39.2,6900,39.2,U
sz300850,新强联,2025-09-18 10:42:45,39.19,6500,39.2,D
sz300850,新强联,2025-09-18 10:42:51,39.19,5800,39.19,E
sz300850,新强联,2025-09-18 10:43:00,39.18,5700,39.18,U
sz300850,新强联,2025-09-18 10:43:03,39.16,10600,39.18,D
sz300850,新强联,2025-09-18 10:43:06,39.16,15000,39.16,U
sz300850,新强联,2025-09-18 10:43:09,39.16,8600,39.16,U
sz300850,新强联,2025-09-18 10:43:12,39.17,41100,39.16,U
sz300850,新强联,2025-09-18 10:43:15,39.18,11700,39.17,E
sz300850,新强联,2025-09-18 10:43:18,39.2,12400,39.18,U
sz300850,新强联,2025-09-18 10:43:39,39.19,8500,39.18,U
sz300850,新强联,2025-09-18 10:43:42,39.2,5200,39.19,U
sz300850,新强联,2025-09-18 10:43:45,39.2,12500,39.2,U
sz300850,新强联,2025-09-18 10:43:48,39.2,6500,39.2,U
sz300850,新强联,2025-09-18 10:43:51,39.21,5400,39.2,U
sz300850,新强联,2025-09-18 10:43:54,39.2,9000,39.21,D
sz300850,新强联,2025-09-18 10:44:00,39.23,14000,39.23,U
sz300850,新强联,2025-09-18 10:44:27,39.31,6300,39.31,D
sz300850,新强联,2025-09-18 10:44:45,39.26,5500,39.27,D
sz300850,新强联,2025-09-18 10:44:48,39.26,6600,39.26,D
sz300850,新强联,2025-09-18 10:45:03,39.23,6900,39.25,D
sz300850,新强联,2025-09-18 10:45:24,39.16,20200,39.19,D
sz300850,新强联,2025-09-18 10:45:27,39.16,5400,39.16,D
sz300850,新强联,2025-09-18 10:45:30,39.22,22900,39.16,U
sz300850,新强联,2025-09-18 10:45:33,39.16,11100,39.22,D
sz300850,新强联,2025-09-18 10:45:39,39.25,13000,39.22,U
sz300850,新强联,2025-09-18 10:45:51,39.29,6900,39.27,U
sz300850,新强联,2025-09-18 10:45:57,39.26,8800,39.29,D
sz300850,新强联,2025-09-18 10:46:00,39.26,6900,39.26,U
sz300850,新强联,2025-09-18 10:47:03,39.22,13400,39.24,D
sz300850,新强联,2025-09-18 10:47:06,39.25,5900,39.22,U
sz300850,新强联,2025-09-18 10:47:09,39.28,25245,39.25,U
sz300850,新强联,2025-09-18 10:47:18,39.3,8600,39.29,U
sz300850,新强联,2025-09-18 10:47:24,39.3,10900,39.29,U
sz300850,新强联,2025-09-18 10:47:36,39.3,30800,39.27,U
sz300850,新强联,2025-09-18 10:47:42,39.32,5600,39.31,U
sz300850,新强联,2025-09-18 10:48:00,39.33,7200,39.3,U
sz300850,新强联,2025-09-18 10:48:27,39.3,25300,39.3,E
sz300850,新强联,2025-09-18 10:49:48,39.25,15500,39.2,U
sz300850,新强联,2025-09-18 10:49:51,39.24,6100,39.25,D
sz300850,新强联,2025-09-18 10:50:21,39.27,11200,39.23,U
sz300850,新强联,2025-09-18 10:50:27,39.23,10600,39.27,D
sz300850,新强联,2025-09-18 10:51:12,39.28,6088,39.26,U
sz300850,新强联,2025-09-18 10:51:15,39.29,6800,39.28,U
sz300850,新强联,2025-09-18 10:51:18,39.3,7100,39.29,U
sz300850,新强联,2025-09-18 10:51:57,39.31,6400,39.31,U
sz300850,新强联,2025-09-18 10:52:27,39.32,18800,39.29,U
sz300850,新强联,2025-09-18 10:52:30,39.35,20200,39.32,U
sz300850,新强联,2025-09-18 10:52:33,39.34,7800,39.35,D
sz300850,新强联,2025-09-18 10:52:36,39.36,9900,39.34,U
sz300850,新强联,2025-09-18 10:52:51,39.37,7800,39.37,D
sz300850,新强联,2025-09-18 10:52:57,39.37,11200,39.35,U
sz300850,新强联,2025-09-18 10:55:03,39.34,25000,39.29,U
sz300850,新强联,2025-09-18 10:55:06,39.3,22600,39.34,D
sz300850,新强联,2025-09-18 10:55:15,39.33,53200,39.3,U
sz300850,新强联,2025-09-18 10:55:33,39.33,7600,39.34,D
sz300850,新强联,2025-09-18 10:56:03,39.34,9000,39.33,U
sz300850,新强联,2025-09-18 10:56:06,39.44,78800,39.34,U
sz300850,新强联,2025-09-18 10:56:12,39.48,5900,39.46,U
sz300850,新强联,2025-09-18 10:56:21,39.5,21900,39.48,U
sz300850,新强联,2025-09-18 10:56:24,39.54,54800,39.5,U
sz300850,新强联,2025-09-18 10:57:24,39.3,16600,39.47,D
sz300850,新强联,2025-09-18 10:58:30,39.38,51100,39.38,U
sz300850,新强联,2025-09-18 10:59:12,39.43,6800,39.43,U
sz300850,新强联,2025-09-18 10:59:15,39.44,7500,39.43,U
sz300850,新强联,2025-09-18 11:00:18,39.45,6100,39.44,U
sz300850,新强联,2025-09-18 11:00:54,39.46,14100,39.46,D
sz300850,新强联,2025-09-18 11:01:00,39.46,5400,39.48,D
sz300850,新强联,2025-09-18 11:01:21,39.52,24000,39.48,U
sz300850,新强联,2025-09-18 11:01:24,39.5,5100,39.52,D
sz300850,新强联,2025-09-18 11:01:42,39.54,6800,39.55,D
sz300850,新强联,2025-09-18 11:01:54,39.55,26300,39.55,U
sz300850,新强联,2025-09-18 11:02:00,39.59,12300,39.58,U
sz300850,新强联,2025-09-18 11:02:15,39.6,13900,39.58,U
sz300850,新强联,2025-09-18 11:02:27,39.56,8100,39.58,D
sz300850,新强联,2025-09-18 11:02:48,39.47,7300,39.48,D
sz300850,新强联,2025-09-18 11:02:57,39.47,7200,39.45,U
sz300850,新强联,2025-09-18 11:04:18,39.41,8200,39.4,U
sz300850,新强联,2025-09-18 11:05:15,39.45,5600,39.42,U
sz300850,新强联,2025-09-18 11:05:45,39.38,20600,39.4,D
sz300850,新强联,2025-09-18 11:06:15,39.41,11800,39.4,U
sz300850,新强联,2025-09-18 11:07:39,39.3,5500,39.29,U
sz300850,新强联,2025-09-18 11:07:42,39.28,11600,39.3,D
sz300850,新强联,2025-09-18 11:07:57,39.3,15000,39.25,U
sz300850,新强联,2025-09-18 11:08:45,39.17,6800,39.17,D
sz300850,新强联,2025-09-18 11:08:48,39.15,16300,39.17,D
sz300850,新强联,2025-09-18 11:08:54,39.16,11400,39.16,D
sz300850,新强联,2025-09-18 11:09:00,39.2,8200,39.17,U
sz300850,新强联,2025-09-18 11:09:12,39.15,8500,39.18,D
sz300850,新强联,2025-09-18 11:09:36,39.16,5500,39.15,U
sz300850,新强联,2025-09-18 11:09:39,39.16,7000,39.16,U
sz300850,新强联,2025-09-18 11:09:42,39.15,18800,39.16,D
sz300850,新强联,2025-09-18 11:09:48,39.12,32000,39.15,D
sz300850,新强联,2025-09-18 11:09:57,39.11,6600,39.11,D
sz300850,新强联,2025-09-18 11:10:03,39.08,15700,39.11,D
sz300850,新强联,2025-09-18 11:10:09,39.08,11600,39.08,D
sz300850,新强联,2025-09-18 11:10:12,39.03,7200,39.08,D
sz300850,新强联,2025-09-18 11:10:18,39.03,5500,39.03,D
sz300850,新强联,2025-09-18 11:10:30,39.01,16100,39.01,D
sz300850,新强联,2025-09-18 11:10:39,39.02,5700,39.03,D
sz300850,新强联,2025-09-18 11:10:42,39.02,15500,39.02,D
sz300850,新强联,2025-09-18 11:10:57,39.01,27600,39.03,D
sz300850,新强联,2025-09-18 11:11:03,39.03,5500,39.03,U
sz300850,新强联,2025-09-18 11:11:09,39.01,5300,39.02,D
sz300850,新强联,2025-09-18 11:11:18,39.0,28100,39.01,D
sz300850,新强联,2025-09-18 11:11:39,38.99,41700,38.98,U
sz300850,新强联,2025-09-18 11:11:42,39.02,5800,38.99,U
sz300850,新强联,2025-09-18 11:11:51,39.05,14000,39.03,U
sz300850,新强联,2025-09-18 11:11:57,39.03,5300,39.08,D
sz300850,新强联,2025-09-18 11:12:48,39.07,10900,39.09,D
sz300850,新强联,2025-09-18 11:13:51,39.17,8000,39.14,U
sz300850,新强联,2025-09-18 11:14:03,39.18,5200,39.15,U
sz300850,新强联,2025-09-18 11:14:06,39.2,8300,39.18,U
sz300850,新强联,2025-09-18 11:14:09,39.25,13000,39.2,U
sz300850,新强联,2025-09-18 11:14:18,39.28,12700,39.25,U
sz300850,新强联,2025-09-18 11:14:54,39.34,5200,39.33,U
sz300850,新强联,2025-09-18 11:15:06,39.35,8400,39.34,U
sz300850,新强联,2025-09-18 11:15:12,39.35,8900,39.36,D
sz300850,新强联,2025-09-18 11:15:24,39.33,40000,39.34,D
sz300850,新强联,2025-09-18 11:16:06,39.33,5800,39.31,U
sz300850,新强联,2025-09-18 11:16:09,39.34,9700,39.33,U
sz300850,新强联,2025-09-18 11:16:39,39.33,12700,39.33,D
sz300850,新强联,2025-09-18 11:17:51,39.3,7700,39.28,U
sz300850,新强联,2025-09-18 11:17:57,39.26,15700,39.31,D
sz300850,新强联,2025-09-18 11:18:00,39.26,7600,39.26,U
sz300850,新强联,2025-09-18 11:18:06,39.26,13600,39.26,U
sz300850,新强联,2025-09-18 11:20:12,39.26,5100,39.26,U
sz300850,新强联,2025-09-18 11:20:24,39.25,7000,39.26,D
sz300850,新强联,2025-09-18 11:20:51,39.22,7400,39.25,D
sz300850,新强联,2025-09-18 11:20:57,39.22,5100,39.2,U
sz300850,新强联,2025-09-18 11:21:42,39.19,5200,39.18,U
sz300850,新强联,2025-09-18 11:22:06,39.23,7100,39.22,U
sz300850,新强联,2025-09-18 11:24:00,39.2,16000,39.2,U
sz300850,新强联,2025-09-18 11:24:03,39.36,89500,39.2,U
sz300850,新强联,2025-09-18 11:24:06,39.36,16800,39.36,U
sz300850,新强联,2025-09-18 11:25:21,39.29,10869,39.26,U
sz300850,新强联,2025-09-18 11:25:54,39.29,5200,39.3,D
sz300850,新强联,2025-09-18 11:25:57,39.3,5300,39.29,U
sz300850,新强联,2025-09-18 11:26:21,39.32,7300,39.32,U
sz300850,新强联,2025-09-18 11:26:57,39.29,5200,39.3,D
sz300850,新强联,2025-09-18 11:27:03,39.29,5300,39.3,D
sz300850,新强联,2025-09-18 11:27:48,39.27,6900,39.27,U
sz300850,新强联,2025-09-18 11:28:33,39.26,6300,39.31,D
sz300850,新强联,2025-09-18 11:28:36,39.21,5800,39.26,D
sz300850,新强联,2025-09-18 11:29:54,39.28,6100,39.27,E
sz300850,新强联,2025-09-18 13:00:00,39.25,28100,39.29,D
sz300850,新强联,2025-09-18 13:00:03,39.28,31700,39.25,U
sz300850,新强联,2025-09-18 13:00:06,39.27,11737,39.28,D
sz300850,新强联,2025-09-18 13:00:09,39.32,9700,39.27,U
sz300850,新强联,2025-09-18 13:00:12,39.26,7000,39.32,D
sz300850,新强联,2025-09-18 13:00:15,39.26,5500,39.26,E
sz300850,新强联,2025-09-18 13:00:18,39.21,13200,39.26,D
sz300850,新强联,2025-09-18 13:00:33,39.17,6600,39.21,D
sz300850,新强联,2025-09-18 13:00:51,39.18,8716,39.2,D
sz300850,新强联,2025-09-18 13:01:09,39.18,14700,39.2,D
sz300850,新强联,2025-09-18 13:01:30,39.2,11384,39.17,U
sz300850,新强联,2025-09-18 13:01:33,39.2,7100,39.2,U
sz300850,新强联,2025-09-18 13:02:06,39.25,5444,39.25,U
sz300850,新强联,2025-09-18 13:02:09,39.21,16856,39.25,D
sz300850,新强联,2025-09-18 13:02:24,39.17,6200,39.22,D
sz300850,新强联,2025-09-18 13:02:27,39.28,38144,39.17,U
sz300850,新强联,2025-09-18 13:03:12,39.16,9000,39.2,D
sz300850,新强联,2025-09-18 13:04:51,39.32,8800,39.3,U
sz300850,新强联,2025-09-18 13:05:00,39.35,9700,39.35,U
sz300850,新强联,2025-09-18 13:05:09,39.37,12800,39.37,U
sz300850,新强联,2025-09-18 13:06:09,39.27,10700,39.31,D
sz300850,新强联,2025-09-18 13:06:18,39.25,7500,39.27,D
sz300850,新强联,2025-09-18 13:06:45,39.24,5500,39.24,U
sz300850,新强联,2025-09-18 13:06:57,39.19,17800,39.22,D
sz300850,新强联,2025-09-18 13:07:15,39.22,6500,39.23,D
sz300850,新强联,2025-09-18 13:08:36,39.31,37400,39.17,U
sz300850,新强联,2025-09-18 13:08:39,39.29,27600,39.31,D
sz300850,新强联,2025-09-18 13:08:42,39.3,5600,39.29,U
sz300850,新强联,2025-09-18 13:08:51,39.24,9000,39.26,D
sz300850,新强联,2025-09-18 13:09:15,39.21,6700,39.26,D
sz300850,新强联,2025-09-18 13:09:33,39.17,5500,39.21,D
sz300850,新强联,2025-09-18 13:09:45,39.15,28100,39.2,D
sz300850,新强联,2025-09-18 13:09:48,39.16,5400,39.15,E
sz300850,新强联,2025-09-18 13:09:51,39.18,7000,39.16,U
sz300850,新强联,2025-09-18 13:10:09,39.11,28700,39.15,D
sz300850,新强联,2025-09-18 13:10:18,39.09,6700,39.1,D
sz300850,新强联,2025-09-18 13:10:24,39.07,18700,39.08,D
sz300850,新强联,2025-09-18 13:10:27,39.07,13800,39.07,U
sz300850,新强联,2025-09-18 13:10:30,39.07,8800,39.07,D
sz300850,新强联,2025-09-18 13:10:36,39.06,6400,39.07,D
sz300850,新强联,2025-09-18 13:10:54,39.12,19600,39.08,U
sz300850,新强联,2025-09-18 13:11:30,39.03,49700,39.1,D
sz300850,新强联,2025-09-18 13:11:36,39.01,7700,39.02,D
sz300850,新强联,2025-09-18 13:11:45,39.0,25800,39.0,D
sz300850,新强联,2025-09-18 13:11:51,39.0,7500,39.01,D
sz300850,新强联,2025-09-18 13:11:57,39.01,6600,39.0,U
sz300850,新强联,2025-09-18 13:12:15,39.0,9600,39.02,D
sz300850,新强联,2025-09-18 13:12:18,38.99,5400,39.0,D
sz300850,新强联,2025-09-18 13:12:36,38.98,6100,39.0,D
sz300850,新强联,2025-09-18 13:13:00,38.94,8000,38.97,D
sz300850,新强联,2025-09-18 13:13:51,39.06,65780,38.95,U
sz300850,新强联,2025-09-18 13:14:03,39.08,19800,39.04,U
sz300850,新强联,2025-09-18 13:14:21,39.08,5600,39.07,U
sz300850,新强联,2025-09-18 13:14:27,39.08,6500,39.08,U
sz300850,新强联,2025-09-18 13:15:12,39.05,10000,39.05,D
sz300850,新强联,2025-09-18 13:15:27,39.02,5500,39.02,U
sz300850,新强联,2025-09-18 13:15:48,39.03,6200,39.01,U
sz300850,新强联,2025-09-18 13:15:57,39.15,30600,39.03,U
sz300850,新强联,2025-09-18 13:16:00,39.11,25200,39.15,E
sz300850,新强联,2025-09-18 13:16:06,39.1,6400,39.11,D
sz300850,新强联,2025-09-18 13:16:42,39.04,10900,39.06,D
sz300850,新强联,2025-09-18 13:17:42,39.04,10000,39.05,D
sz300850,新强联,2025-09-18 13:18:03,39.0,5983,39.01,D
sz300850,新强联,2025-09-18 13:18:24,38.99,7600,38.99,D
sz300850,新强联,2025-09-18 13:18:39,38.99,12700,39.0,D
sz300850,新强联,2025-09-18 13:19:06,38.96,7300,38.97,D
sz300850,新强联,2025-09-18 13:19:09,38.97,5200,38.96,U
sz300850,新强联,2025-09-18 13:19:24,39.01,47000,38.97,U
sz300850,新强联,2025-09-18 13:19:30,39.0,11000,39.04,D
sz300850,新强联,2025-09-18 13:20:06,39.0,15000,39.02,D
sz300850,新强联,2025-09-18 13:20:21,38.98,6200,38.98,U
sz300850,新强联,2025-09-18 13:20:27,38.96,7800,38.96,D
sz300850,新强联,2025-09-18 13:20:33,38.92,5600,38.94,D
sz300850,新强联,2025-09-18 13:21:06,38.93,30400,38.94,D
sz300850,新强联,2025-09-18 13:21:12,38.93,27000,38.93,U
sz300850,新强联,2025-09-18 13:21:21,38.94,11400,38.93,U
sz300850,新强联,2025-09-18 13:21:42,38.9,13800,38.92,D
sz300850,新强联,2025-09-18 13:21:45,38.91,7000,38.9,E
sz300850,新强联,2025-09-18 13:21:48,38.88,30100,38.91,D
sz300850,新强联,2025-09-18 13:21:51,38.9,10100,38.88,U
sz300850,新强联,2025-09-18 13:21:57,38.89,10200,38.9,D
sz300850,新强联,2025-09-18 13:22:00,38.89,9800,38.89,U
sz300850,新强联,2025-09-18 13:22:03,38.95,44852,38.89,U
sz300850,新强联,2025-09-18 13:22:06,38.95,8000,38.95,D
sz300850,新强联,2025-09-18 13:22:18,38.95,18300,38.95,U
sz300850,新强联,2025-09-18 13:22:36,38.91,5400,38.92,D
sz300850,新强联,2025-09-18 13:22:39,38.94,13000,38.91,U
sz300850,新强联,2025-09-18 13:22:45,38.92,5400,38.92,D
sz300850,新强联,2025-09-18 13:22:48,38.92,5800,38.92,D
sz300850,新强联,2025-09-18 13:22:54,38.92,7100,38.92,D
sz300850,新强联,2025-09-18 13:23:15,38.94,15500,38.93,U
sz300850,新强联,2025-09-18 13:23:18,38.92,25100,38.94,D
sz300850,新强联,2025-09-18 13:23:21,38.95,13800,38.92,U
sz300850,新强联,2025-09-18 13:23:24,38.96,5300,38.95,U
sz300850,新强联,2025-09-18 13:23:57,38.96,5800,38.94,U
sz300850,新强联,2025-09-18 13:24:06,38.94,8500,38.96,D
sz300850,新强联,2025-09-18 13:24:30,38.94,9900,38.94,D
sz300850,新强联,2025-09-18 13:24:33,38.93,5500,38.94,D
sz300850,新强联,2025-09-18 13:24:48,38.94,7000,38.93,U
sz300850,新强联,2025-09-18 13:24:54,38.92,8100,38.94,D
sz300850,新强联,2025-09-18 13:25:00,38.92,7100,38.93,D
sz300850,新强联,2025-09-18 13:25:03,38.91,5600,38.92,D
sz300850,新强联,2025-09-18 13:25:09,38.9,5900,38.91,D
sz300850,新强联,2025-09-18 13:25:12,38.86,18900,38.9,D
sz300850,新强联,2025-09-18 13:25:27,38.84,22000,38.85,D
sz300850,新强联,2025-09-18 13:25:33,38.84,12887,38.85,D
sz300850,新强联,2025-09-18 13:25:36,38.84,6500,38.84,D
sz300850,新强联,2025-09-18 13:25:39,38.84,5200,38.84,D
sz300850,新强联,2025-09-18 13:25:42,38.83,10600,38.84,D
sz300850,新强联,2025-09-18 13:25:45,38.83,7300,38.83,D
sz300850,新强联,2025-09-18 13:25:51,38.84,11900,38.84,D
sz300850,新强联,2025-09-18 13:25:57,38.84,7300,38.84,U
sz300850,新强联,2025-09-18 13:26:09,38.81,34100,38.82,D
sz300850,新强联,2025-09-18 13:26:15,38.81,17100,38.81,U
sz300850,新强联,2025-09-18 13:26:18,38.8,22300,38.81,D
sz300850,新强联,2025-09-18 13:26:24,38.79,14800,38.8,D
sz300850,新强联,2025-09-18 13:26:33,38.78,7900,38.79,D
sz300850,新强联,2025-09-18 13:26:36,38.79,19800,38.78,U
sz300850,新强联,2025-09-18 13:26:48,38.86,43800,38.79,U
sz300850,新强联,2025-09-18 13:26:51,38.81,14000,38.86,D
sz300850,新强联,2025-09-18 13:28:00,38.78,7300,38.78,D
sz300850,新强联,2025-09-18 13:28:15,38.76,11500,38.77,D
sz300850,新强联,2025-09-18 13:28:18,38.76,12400,38.76,D
sz300850,新强联,2025-09-18 13:28:21,38.76,9600,38.76,E
sz300850,新强联,2025-09-18 13:28:24,38.75,15100,38.76,D
sz300850,新强联,2025-09-18 13:28:27,38.75,43900,38.75,D
sz300850,新强联,2025-09-18 13:28:30,38.76,14300,38.75,U
sz300850,新强联,2025-09-18 13:28:33,38.75,45500,38.76,D
sz300850,新强联,2025-09-18 13:28:39,38.76,8400,38.75,U
sz300850,新强联,2025-09-18 13:28:42,38.75,26500,38.76,E
sz300850,新强联,2025-09-18 13:28:54,38.73,6000,38.74,D
sz300850,新强联,2025-09-18 13:28:57,38.73,6500,38.73,U
sz300850,新强联,2025-09-18 13:29:00,38.73,12900,38.73,U
sz300850,新强联,2025-09-18 13:29:03,38.73,5500,38.73,E
sz300850,新强联,2025-09-18 13:29:09,38.72,12400,38.73,D
sz300850,新强联,2025-09-18 13:29:12,38.72,14100,38.72,U
sz300850,新强联,2025-09-18 13:29:15,38.71,5700,38.72,D
sz300850,新强联,2025-09-18 13:29:18,38.73,15800,38.71,U
sz300850,新强联,2025-09-18 13:29:21,38.71,6500,38.73,D
sz300850,新强联,2025-09-18 13:29:27,38.7,48300,38.71,D
sz300850,新强联,2025-09-18 13:29:30,38.73,8800,38.7,U
sz300850,新强联,2025-09-18 13:29:36,38.73,8400,38.72,U
sz300850,新强联,2025-09-18 13:29:39,38.75,9800,38.73,U
sz300850,新强联,2025-09-18 13:29:42,38.73,6700,38.75,D
sz300850,新强联,2025-09-18 13:29:45,38.73,5200,38.73,U
sz300850,新强联,2025-09-18 13:29:48,38.76,10300,38.73,U
sz300850,新强联,2025-09-18 13:29:54,38.76,18200,38.76,U
sz300850,新强联,2025-09-18 13:30:03,38.73,6300,38.79,D
sz300850,新强联,2025-09-18 13:30:06,38.76,6300,38.73,U
sz300850,新强联,2025-09-18 13:30:09,38.79,7400,38.76,U
sz300850,新强联,2025-09-18 13:30:12,38.87,36200,38.79,U
sz300850,新强联,2025-09-18 13:30:15,38.87,5700,38.87,D
sz300850,新强联,2025-09-18 13:30:18,38.8,16100,38.87,D
sz300850,新强联,2025-09-18 13:30:24,38.92,5200,38.91,U
sz300850,新强联,2025-09-18 13:31:06,38.99,12300,38.95,U
sz300850,新强联,2025-09-18 13:31:09,39.0,5900,38.99,U
sz300850,新强联,2025-09-18 13:31:18,39.0,16700,39.0,U
sz300850,新强联,2025-09-18 13:31:21,39.0,7500,39.0,U
sz300850,新强联,2025-09-18 13:31:36,39.03,7900,39.05,D
sz300850,新强联,2025-09-18 13:31:39,39.0,15100,39.03,D
sz300850,新强联,2025-09-18 13:31:42,39.02,5200,39.0,U
sz300850,新强联,2025-09-18 13:32:00,38.92,10300,38.97,D
sz300850,新强联,2025-09-18 13:32:45,38.85,12200,38.84,U
sz300850,新强联,2025-09-18 13:33:03,38.83,9900,38.84,D
sz300850,新强联,2025-09-18 13:33:06,38.82,8000,38.83,E
sz300850,新强联,2025-09-18 13:33:18,38.84,10400,38.82,U
sz300850,新强联,2025-09-18 13:33:21,38.85,12600,38.84,U
sz300850,新强联,2025-09-18 13:33:24,38.88,12100,38.85,U
sz300850,新强联,2025-09-18 13:33:36,38.88,10000,38.83,U
sz300850,新强联,2025-09-18 13:33:42,38.83,7200,38.83,E
sz300850,新强联,2025-09-18 13:34:00,38.8,6200,38.8,D
sz300850,新强联,2025-09-18 13:34:03,38.81,7400,38.8,E
sz300850,新强联,2025-09-18 13:34:24,38.85,12200,38.85,U
sz300850,新强联,2025-09-18 13:34:51,38.79,9700,38.85,D
sz300850,新强联,2025-09-18 13:35:03,38.78,10400,38.79,D
sz300850,新强联,2025-09-18 13:35:12,38.82,11396,38.78,U
sz300850,新强联,2025-09-18 13:35:24,38.84,7800,38.82,U
sz300850,新强联,2025-09-18 13:35:30,38.85,8000,38.84,U
sz300850,新强联,2025-09-18 13:35:33,38.84,20500,38.85,D
sz300850,新强联,2025-09-18 13:35:42,38.84,10800,38.84,U
sz300850,新强联,2025-09-18 13:35:54,38.84,9900,38.82,U
sz300850,新强联,2025-09-18 13:36:00,38.85,10900,38.85,U
sz300850,新强联,2025-09-18 13:36:03,38.87,15000,38.85,U
sz300850,新强联,2025-09-18 13:36:06,38.88,5400,38.87,U
sz300850,新强联,2025-09-18 13:36:18,38.88,5700,38.88,U
sz300850,新强联,2025-09-18 13:36:36,38.91,6800,38.88,U
sz300850,新强联,2025-09-18 13:37:12,39.02,33000,38.98,U
sz300850,新强联,2025-09-18 13:37:24,39.06,38400,39.02,U
sz300850,新强联,2025-09-18 13:37:54,38.99,6600,38.94,U
sz300850,新强联,2025-09-18 13:38:06,38.88,11600,38.91,D
sz300850,新强联,2025-09-18 13:38:09,38.88,6600,38.88,D
sz300850,新强联,2025-09-18 13:39:06,38.85,6492,38.84,U
sz300850,新强联,2025-09-18 13:39:09,38.85,9200,38.85,E
sz300850,新强联,2025-09-18 13:39:15,38.85,6500,38.86,E
sz300850,新强联,2025-09-18 13:40:21,38.85,6300,38.85,U
sz300850,新强联,2025-09-18 13:41:03,38.85,5500,38.84,D
sz300850,新强联,2025-09-18 13:41:09,38.9,16400,38.85,U
sz300850,新强联,2025-09-18 13:41:12,38.89,8000,38.9,D
sz300850,新强联,2025-09-18 13:41:36,38.87,37800,38.93,D
sz300850,新强联,2025-09-18 13:42:00,38.88,5700,38.88,D
sz300850,新强联,2025-09-18 13:42:03,38.88,7800,38.88,U
sz300850,新强联,2025-09-18 13:42:06,38.88,5500,38.88,D
sz300850,新强联,2025-09-18 13:42:12,38.85,8100,38.87,D
sz300850,新强联,2025-09-18 13:42:45,38.9,5600,38.87,U
sz300850,新强联,2025-09-18 13:43:12,38.87,6600,38.91,D
sz300850,新强联,2025-09-18 13:43:15,38.86,5500,38.87,D
sz300850,新强联,2025-09-18 13:44:00,38.81,10183,38.88,D
sz300850,新强联,2025-09-18 13:44:21,38.8,19700,38.83,D
sz300850,新强联,2025-09-18 13:44:24,38.78,19100,38.8,D
sz300850,新强联,2025-09-18 13:45:15,38.72,6500,38.75,D
sz300850,新强联,2025-09-18 13:45:24,38.71,16000,38.71,D
sz300850,新强联,2025-09-18 13:45:27,38.71,12500,38.71,D
sz300850,新强联,2025-09-18 13:45:30,38.71,13200,38.71,U
sz300850,新强联,2025-09-18 13:45:33,38.7,10700,38.71,D
sz300850,新强联,2025-09-18 13:45:42,38.7,16900,38.7,U
sz300850,新强联,2025-09-18 13:45:45,38.69,5700,38.7,D
sz300850,新强联,2025-09-18 13:45:48,38.69,6100,38.69,U
sz300850,新强联,2025-09-18 13:46:12,38.66,5800,38.67,D
sz300850,新强联,2025-09-18 13:46:21,38.65,13000,38.66,D
sz300850,新强联,2025-09-18 13:46:24,38.65,11200,38.65,U
sz300850,新强联,2025-09-18 13:46:30,38.67,11900,38.66,U
sz300850,新强联,2025-09-18 13:46:45,38.64,5200,38.65,D
sz300850,新强联,2025-09-18 13:47:03,38.63,7300,38.64,D
sz300850,新强联,2025-09-18 13:47:12,38.63,6000,38.63,D
sz300850,新强联,2025-09-18 13:47:24,38.62,6700,38.62,D
sz300850,新强联,2025-09-18 13:47:27,38.6,41000,38.62,D
sz300850,新强联,2025-09-18 13:47:33,38.6,8400,38.62,D
sz300850,新强联,2025-09-18 13:47:36,38.63,11300,38.6,U
sz300850,新强联,2025-09-18 13:47:39,38.64,15300,38.63,U
sz300850,新强联,2025-09-18 13:47:48,38.63,7000,38.64,D
sz300850,新强联,2025-09-18 13:47:54,38.64,5400,38.64,U
sz300850,新强联,2025-09-18 13:48:03,38.67,9000,38.66,U
sz300850,新强联,2025-09-18 13:48:48,38.75,25900,38.77,D
sz300850,新强联,2025-09-18 13:49:24,38.74,14000,38.73,U
sz300850,新强联,2025-09-18 13:50:12,38.76,10900,38.73,U
sz300850,新强联,2025-09-18 13:50:18,38.77,5500,38.75,U
sz300850,新强联,2025-09-18 13:50:21,38.75,6300,38.77,D
sz300850,新强联,2025-09-18 13:50:36,38.76,5600,38.75,U
sz300850,新强联,2025-09-18 13:52:09,38.75,17900,38.78,D
sz300850,新强联,2025-09-18 13:52:30,38.73,6700,38.76,D
sz300850,新强联,2025-09-18 13:52:48,38.72,6300,38.72,U
sz300850,新强联,2025-09-18 13:52:51,38.75,8500,38.72,U
sz300850,新强联,2025-09-18 13:53:27,38.74,5900,38.72,U
sz300850,新强联,2025-09-18 13:54:39,38.65,8200,38.65,D
sz300850,新强联,2025-09-18 13:54:57,38.61,9000,38.64,D
sz300850,新强联,2025-09-18 13:55:12,38.6,12000,38.6,D
sz300850,新强联,2025-09-18 13:55:15,38.62,10100,38.6,U
sz300850,新强联,2025-09-18 13:55:18,38.6,22300,38.62,D
sz300850,新强联,2025-09-18 13:55:21,38.6,23200,38.6,D
sz300850,新强联,2025-09-18 13:56:12,38.65,7700,38.64,U
sz300850,新强联,2025-09-18 13:56:18,38.65,9700,38.64,U
sz300850,新强联,2025-09-18 13:56:45,38.7,8000,38.7,D
sz300850,新强联,2025-09-18 13:57:15,38.67,7200,38.67,D
sz300850,新强联,2025-09-18 13:57:45,38.62,5800,38.63,D
sz300850,新强联,2025-09-18 13:57:54,38.59,8100,38.6,D
sz300850,新强联,2025-09-18 13:58:00,38.58,9900,38.58,D
sz300850,新强联,2025-09-18 13:58:33,38.56,9900,38.58,D
sz300850,新强联,2025-09-18 13:58:39,38.6,18500,38.57,U
sz300850,新强联,2025-09-18 13:58:42,38.59,5500,38.6,E
sz300850,新强联,2025-09-18 13:58:45,38.58,14700,38.59,E
sz300850,新强联,2025-09-18 13:59:18,38.6,12900,38.58,U
sz300850,新强联,2025-09-18 13:59:21,38.59,11200,38.6,D
sz300850,新强联,2025-09-18 13:59:24,38.6,6500,38.59,U
sz300850,新强联,2025-09-18 13:59:33,38.59,6300,38.59,U
sz300850,新强联,2025-09-18 13:59:51,38.57,8200,38.58,D
sz300850,新强联,2025-09-18 14:00:00,38.58,8300,38.56,U
sz300850,新强联,2025-09-18 14:00:03,38.56,6200,38.58,D
sz300850,新强联,2025-09-18 14:00:06,38.56,5500,38.56,U
sz300850,新强联,2025-09-18 14:00:21,38.53,6600,38.55,D
sz300850,新强联,2025-09-18 14:00:27,38.53,11300,38.54,D
sz300850,新强联,2025-09-18 14:00:30,38.53,10200,38.53,U
sz300850,新强联,2025-09-18 14:00:33,38.52,5800,38.53,D
sz300850,新强联,2025-09-18 14:00:36,38.52,9200,38.52,U
sz300850,新强联,2025-09-18 14:00:39,38.52,11200,38.52,D
sz300850,新强联,2025-09-18 14:00:42,38.52,7100,38.52,U
sz300850,新强联,2025-09-18 14:00:45,38.51,19300,38.52,D
sz300850,新强联,2025-09-18 14:00:48,38.51,6900,38.51,U
sz300850,新强联,2025-09-18 14:00:51,38.5,31500,38.51,D
sz300850,新强联,2025-09-18 14:01:09,38.48,8500,38.48,U
sz300850,新强联,2025-09-18 14:01:12,38.5,91100,38.48,U
sz300850,新强联,2025-09-18 14:01:15,38.48,10300,38.5,D
sz300850,新强联,2025-09-18 14:01:18,38.51,5400,38.48,U
sz300850,新强联,2025-09-18 14:01:21,38.52,17800,38.51,U
sz300850,新强联,2025-09-18 14:01:30,38.49,14200,38.52,D
sz300850,新强联,2025-09-18 14:01:39,38.51,12900,38.51,U
sz300850,新强联,2025-09-18 14:01:45,38.51,8200,38.51,U
sz300850,新强联,2025-09-18 14:01:48,38.52,5800,38.51,U
sz300850,新强联,2025-09-18 14:01:51,38.52,5200,38.52,U
sz300850,新强联,2025-09-18 14:01:57,38.51,5200,38.51,U
sz300850,新强联,2025-09-18 14:02:03,38.51,5600,38.51,U
sz300850,新强联,2025-09-18 14:02:09,38.54,35300,38.51,U
sz300850,新强联,2025-09-18 14:02:12,38.54,10000,38.54,U
sz300850,新强联,2025-09-18 14:02:15,38.6,111800,38.54,U
sz300850,新强联,2025-09-18 14:02:18,38.6,12300,38.6,U
sz300850,新强联,2025-09-18 14:02:33,38.63,8300,38.65,D
sz300850,新强联,2025-09-18 14:02:36,38.6,6100,38.63,D
sz300850,新强联,2025-09-18 14:02:54,38.55,8100,38.55,D
sz300850,新强联,2025-09-18 14:03:00,38.55,10100,38.55,D
sz300850,新强联,2025-09-18 14:03:06,38.59,9300,38.56,U
sz300850,新强联,2025-09-18 14:03:09,38.64,18700,38.59,U
sz300850,新强联,2025-09-18 14:03:12,38.64,8700,38.64,U
sz300850,新强联,2025-09-18 14:03:15,38.63,9400,38.64,E
sz300850,新强联,2025-09-18 14:03:48,38.63,6400,38.64,U
sz300850,新强联,2025-09-18 14:03:54,38.63,12500,38.63,U
sz300850,新强联,2025-09-18 14:03:57,38.6,6900,38.63,D
sz300850,新强联,2025-09-18 14:04:00,38.6,5700,38.6,D
sz300850,新强联,2025-09-18 14:04:03,38.58,11700,38.6,D
sz300850,新强联,2025-09-18 14:04:06,38.52,16300,38.58,D
sz300850,新强联,2025-09-18 14:04:09,38.56,5500,38.52,U
sz300850,新强联,2025-09-18 14:04:12,38.51,6100,38.56,D
sz300850,新强联,2025-09-18 14:04:24,38.47,8700,38.49,D
sz300850,新强联,2025-09-18 14:04:30,38.47,5900,38.48,D
sz300850,新强联,2025-09-18 14:04:39,38.44,8800,38.47,D
sz300850,新强联,2025-09-18 14:04:42,38.42,7600,38.44,D
sz300850,新强联,2025-09-18 14:05:03,38.41,11600,38.41,D
sz300850,新强联,2025-09-18 14:05:06,38.41,6100,38.41,D
sz300850,新强联,2025-09-18 14:05:12,38.4,7000,38.41,D
sz300850,新强联,2025-09-18 14:05:15,38.4,6100,38.4,D
sz300850,新强联,2025-09-18 14:05:24,38.39,7600,38.4,D
sz300850,新强联,2025-09-18 14:05:27,38.4,12100,38.39,U
sz300850,新强联,2025-09-18 14:05:30,38.48,35100,38.4,U
sz300850,新强联,2025-09-18 14:05:33,38.48,14400,38.48,U
sz300850,新强联,2025-09-18 14:06:06,38.42,10500,38.42,E
sz300850,新强联,2025-09-18 14:06:21,38.42,5800,38.43,D
sz300850,新强联,2025-09-18 14:06:33,38.43,8900,38.43,U
sz300850,新强联,2025-09-18 14:06:36,38.44,11900,38.43,U
sz300850,新强联,2025-09-18 14:06:45,38.43,47900,38.44,D
sz300850,新强联,2025-09-18 14:06:54,38.42,5300,38.41,U
sz300850,新强联,2025-09-18 14:07:00,38.37,14300,38.42,D
sz300850,新强联,2025-09-18 14:07:15,38.34,6400,38.36,D
sz300850,新强联,2025-09-18 14:07:18,38.3,36300,38.34,D
sz300850,新强联,2025-09-18 14:07:24,38.34,8700,38.3,U
sz300850,新强联,2025-09-18 14:07:27,38.3,5600,38.34,D
sz300850,新强联,2025-09-18 14:07:33,38.32,11900,38.3,E
sz300850,新强联,2025-09-18 14:07:42,38.3,10900,38.26,U
sz300850,新强联,2025-09-18 14:07:48,38.28,6100,38.27,U
sz300850,新强联,2025-09-18 14:07:54,38.27,6600,38.26,U
sz300850,新强联,2025-09-18 14:07:57,38.25,12100,38.27,D
sz300850,新强联,2025-09-18 14:08:06,38.25,5600,38.24,U
sz300850,新强联,2025-09-18 14:08:09,38.22,5300,38.25,D
sz300850,新强联,2025-09-18 14:08:12,38.24,34200,38.22,U
sz300850,新强联,2025-09-18 14:08:15,38.24,12900,38.24,U
sz300850,新强联,2025-09-18 14:08:18,38.26,21075,38.24,U
sz300850,新强联,2025-09-18 14:08:21,38.25,71200,38.26,E
sz300850,新强联,2025-09-18 14:08:24,38.23,5500,38.25,D
sz300850,新强联,2025-09-18 14:08:27,38.24,12000,38.23,U
sz300850,新强联,2025-09-18 14:08:30,38.23,12900,38.24,D
sz300850,新强联,2025-09-18 14:08:33,38.22,7200,38.23,D
sz300850,新强联,2025-09-18 14:08:36,38.21,6300,38.22,D
sz300850,新强联,2025-09-18 14:08:45,38.23,11300,38.23,E
sz300850,新强联,2025-09-18 14:08:48,38.25,9600,38.23,U
sz300850,新强联,2025-09-18 14:08:54,38.25,6700,38.24,U
sz300850,新强联,2025-09-18 14:08:57,38.24,8700,38.25,D
sz300850,新强联,2025-09-18 14:09:00,38.27,15700,38.24,U
sz300850,新强联,2025-09-18 14:09:12,38.3,11900,38.28,U
sz300850,新强联,2025-09-18 14:09:27,38.36,6100,38.36,D
sz300850,新强联,2025-09-18 14:09:30,38.39,13300,38.36,U
sz300850,新强联,2025-09-18 14:09:54,38.37,10300,38.37,U
sz300850,新强联,2025-09-18 14:09:57,38.32,18900,38.37,D
sz300850,新强联,2025-09-18 14:10:00,38.31,6700,38.32,D
sz300850,新强联,2025-09-18 14:10:03,38.29,12700,38.31,D
sz300850,新强联,2025-09-18 14:10:15,38.29,5500,38.27,U
sz300850,新强联,2025-09-18 14:10:21,38.24,6100,38.24,D
sz300850,新强联,2025-09-18 14:10:30,38.24,5300,38.26,D
sz300850,新强联,2025-09-18 14:10:42,38.23,6400,38.24,D
sz300850,新强联,2025-09-18 14:10:45,38.24,9700,38.23,U
sz300850,新强联,2025-09-18 14:10:51,38.24,10300,38.23,U
sz300850,新强联,2025-09-18 14:11:00,38.21,33600,38.24,D
sz300850,新强联,2025-09-18 14:11:09,38.2,6800,38.21,D
sz300850,新强联,2025-09-18 14:11:21,38.2,7500,38.2,U
sz300850,新强联,2025-09-18 14:11:33,38.18,14600,38.19,D
sz300850,新强联,2025-09-18 14:11:42,38.17,8600,38.18,D
sz300850,新强联,2025-09-18 14:11:48,38.13,28500,38.18,D
sz300850,新强联,2025-09-18 14:11:57,38.1,15827,38.11,D
sz300850,新强联,2025-09-18 14:12:00,38.1,5700,38.1,D
sz300850,新强联,2025-09-18 14:12:03,38.1,21700,38.1,D
sz300850,新强联,2025-09-18 14:12:18,38.08,8800,38.08,U
sz300850,新强联,2025-09-18 14:12:21,38.07,20000,38.08,D
sz300850,新强联,2025-09-18 14:12:33,38.07,66600,38.06,U
sz300850,新强联,2025-09-18 14:12:36,38.06,22900,38.07,D
sz300850,新强联,2025-09-18 14:12:39,38.07,32900,38.06,U
sz300850,新强联,2025-09-18 14:12:42,38.07,20600,38.07,U
sz300850,新强联,2025-09-18 14:12:45,38.08,10200,38.07,U
sz300850,新强联,2025-09-18 14:12:48,38.09,10600,38.08,U
sz300850,新强联,2025-09-18 14:12:54,38.1,12200,38.08,U
sz300850,新强联,2025-09-18 14:13:00,38.1,7300,38.08,U
sz300850,新强联,2025-09-18 14:13:03,38.15,9450,38.1,U
sz300850,新强联,2025-09-18 14:13:18,38.14,5500,38.13,U
sz300850,新强联,2025-09-18 14:13:27,38.1,7450,38.11,D
sz300850,新强联,2025-09-18 14:13:42,38.1,9600,38.1,U
sz300850,新强联,2025-09-18 14:13:45,38.13,6750,38.1,U
sz300850,新强联,2025-09-18 14:13:48,38.14,9400,38.13,U
sz300850,新强联,2025-09-18 14:13:51,38.14,7100,38.14,U
sz300850,新强联,2025-09-18 14:13:54,38.17,24300,38.14,U
sz300850,新强联,2025-09-18 14:13:57,38.19,9500,38.17,U
sz300850,新强联,2025-09-18 14:14:00,38.19,6500,38.19,U
sz300850,新强联,2025-09-18 14:14:03,38.2,5400,38.19,U
sz300850,新强联,2025-09-18 14:14:06,38.2,16600,38.2,U
sz300850,新强联,2025-09-18 14:14:09,38.2,5600,38.2,U
sz300850,新强联,2025-09-18 14:14:15,38.22,6400,38.22,U
sz300850,新强联,2025-09-18 14:14:24,38.2,6800,38.23,D
sz300850,新强联,2025-09-18 14:14:27,38.2,7200,38.2,D
sz300850,新强联,2025-09-18 14:14:39,38.17,14090,38.2,D
sz300850,新强联,2025-09-18 14:14:57,38.2,6100,38.2,U
sz300850,新强联,2025-09-18 14:15:06,38.2,8000,38.19,U
sz300850,新强联,2025-09-18 14:15:12,38.21,25200,38.2,U
sz300850,新强联,2025-09-18 14:15:15,38.19,9800,38.21,D
sz300850,新强联,2025-09-18 14:15:18,38.18,7500,38.19,D
sz300850,新强联,2025-09-18 14:15:21,38.18,37300,38.18,D
sz300850,新强联,2025-09-18 14:15:42,38.15,6900,38.15,D
sz300850,新强联,2025-09-18 14:15:48,38.15,15100,38.15,D
sz300850,新强联,2025-09-18 14:15:51,38.17,6800,38.15,U
sz300850,新强联,2025-09-18 14:16:09,38.19,10500,38.2,D
sz300850,新强联,2025-09-18 14:16:51,38.31,9167,38.29,U
sz300850,新强联,2025-09-18 14:16:57,38.35,6100,38.31,U
sz300850,新强联,2025-09-18 14:17:06,38.35,19700,38.36,D
sz300850,新强联,2025-09-18 14:17:09,38.35,25400,38.35,D
sz300850,新强联,2025-09-18 14:17:12,38.36,12000,38.35,U
sz300850,新强联,2025-09-18 14:17:36,38.36,6500,38.37,D
sz300850,新强联,2025-09-18 14:17:42,38.35,9300,38.36,D
sz300850,新强联,2025-09-18 14:18:06,38.34,6400,38.35,D
sz300850,新强联,2025-09-18 14:18:15,38.34,13900,38.36,D
sz300850,新强联,2025-09-18 14:18:36,38.36,10400,38.36,U
sz300850,新强联,2025-09-18 14:18:45,38.38,9400,38.38,U
sz300850,新强联,2025-09-18 14:19:12,38.42,9100,38.41,U
sz300850,新强联,2025-09-18 14:19:15,38.4,13200,38.42,D
sz300850,新强联,2025-09-18 14:19:18,38.42,13000,38.4,U
sz300850,新强联,2025-09-18 14:19:21,38.42,9900,38.42,U
sz300850,新强联,2025-09-18 14:19:30,38.4,84000,38.4,D
sz300850,新强联,2025-09-18 14:19:33,38.4,6100,38.4,U
sz300850,新强联,2025-09-18 14:20:03,38.34,12500,38.35,D
sz300850,新强联,2025-09-18 14:20:06,38.34,5900,38.34,U
sz300850,新强联,2025-09-18 14:20:21,38.33,6700,38.33,D
sz300850,新强联,2025-09-18 14:20:24,38.32,11800,38.33,D
sz300850,新强联,2025-09-18 14:20:33,38.31,10800,38.31,D
sz300850,新强联,2025-09-18 14:20:48,38.34,6800,38.32,U
sz300850,新强联,2025-09-18 14:21:57,38.31,7200,38.31,D
sz300850,新强联,2025-09-18 14:22:03,38.3,25400,38.3,D
sz300850,新强联,2025-09-18 14:22:06,38.29,14500,38.3,D
sz300850,新强联,2025-09-18 14:22:09,38.3,7600,38.29,U
sz300850,新强联,2025-09-18 14:22:21,38.29,15600,38.29,D
sz300850,新强联,2025-09-18 14:22:24,38.3,9700,38.29,U
sz300850,新强联,2025-09-18 14:22:27,38.3,8500,38.3,D
sz300850,新强联,2025-09-18 14:22:30,38.3,7000,38.3,D
sz300850,新强联,2025-09-18 14:22:36,38.3,5800,38.3,U
sz300850,新强联,2025-09-18 14:22:39,38.32,11400,38.3,U
sz300850,新强联,2025-09-18 14:22:42,38.36,28000,38.32,U
sz300850,新强联,2025-09-18 14:22:51,38.37,6500,38.37,D
sz300850,新强联,2025-09-18 14:23:06,38.37,19600,38.4,D
sz300850,新强联,2025-09-18 14:23:09,38.31,18100,38.37,D
sz300850,新强联,2025-09-18 14:23:24,38.38,14700,38.38,D
sz300850,新强联,2025-09-18 14:23:39,38.33,16300,38.38,D
sz300850,新强联,2025-09-18 14:23:57,38.3,6700,38.34,D
sz300850,新强联,2025-09-18 14:24:15,38.29,20100,38.31,D
sz300850,新强联,2025-09-18 14:24:39,38.25,7900,38.24,U
sz300850,新强联,2025-09-18 14:25:39,38.25,5800,38.28,D
sz300850,新强联,2025-09-18 14:26:00,38.27,14300,38.28,D
sz300850,新强联,2025-09-18 14:26:12,38.29,13700,38.27,U
sz300850,新强联,2025-09-18 14:26:27,38.28,5300,38.29,D
sz300850,新强联,2025-09-18 14:26:33,38.29,9900,38.3,E
sz300850,新强联,2025-09-18 14:27:06,38.24,6700,38.27,D
sz300850,新强联,2025-09-18 14:27:24,38.19,7800,38.2,D
sz300850,新强联,2025-09-18 14:27:30,38.19,6300,38.2,D
sz300850,新强联,2025-09-18 14:27:51,38.19,7500,38.18,U
sz300850,新强联,2025-09-18 14:27:54,38.19,6800,38.19,U
sz300850,新强联,2025-09-18 14:28:06,38.2,8000,38.2,U
sz300850,新强联,2025-09-18 14:28:45,38.22,11200,38.23,D
sz300850,新强联,2025-09-18 14:28:51,38.21,9900,38.2,U
sz300850,新强联,2025-09-18 14:28:54,38.2,8200,38.21,D
sz300850,新强联,2025-09-18 14:29:12,38.2,10300,38.21,D
sz300850,新强联,2025-09-18 14:29:45,38.16,7500,38.17,D
sz300850,新强联,2025-09-18 14:29:48,38.17,6900,38.16,U
sz300850,新强联,2025-09-18 14:29:54,38.16,10900,38.17,D
sz300850,新强联,2025-09-18 14:30:21,38.16,5400,38.15,U
sz300850,新强联,2025-09-18 14:30:33,38.11,11600,38.15,D
sz300850,新强联,2025-09-18 14:30:36,38.15,11500,38.11,U
sz300850,新强联,2025-09-18 14:31:00,38.13,11600,38.12,U
sz300850,新强联,2025-09-18 14:31:15,38.13,7300,38.13,U
sz300850,新强联,2025-09-18 14:31:18,38.12,7100,38.13,D
sz300850,新强联,2025-09-18 14:31:36,38.15,6000,38.13,U
sz300850,新强联,2025-09-18 14:31:51,38.2,13500,38.17,U
sz300850,新强联,2025-09-18 14:31:54,38.2,7000,38.2,U
sz300850,新强联,2025-09-18 14:31:57,38.21,5900,38.2,U
sz300850,新强联,2025-09-18 14:32:09,38.24,16500,38.24,E
sz300850,新强联,2025-09-18 14:32:48,38.21,11300,38.24,D
sz300850,新强联,2025-09-18 14:32:51,38.2,5300,38.21,D
sz300850,新强联,2025-09-18 14:32:54,38.2,7000,38.2,D
sz300850,新强联,2025-09-18 14:33:06,38.27,10900,38.23,U
sz300850,新强联,2025-09-18 14:33:09,38.27,8000,38.27,U
sz300850,新强联,2025-09-18 14:33:12,38.25,28800,38.27,D
sz300850,新强联,2025-09-18 14:33:18,38.21,9100,38.22,D
sz300850,新强联,2025-09-18 14:33:30,38.15,5700,38.17,D
sz300850,新强联,2025-09-18 14:33:39,38.16,7900,38.15,U
sz300850,新强联,2025-09-18 14:33:57,38.19,11400,38.13,U
sz300850,新强联,2025-09-18 14:34:00,38.18,8900,38.19,D
sz300850,新强联,2025-09-18 14:34:09,38.24,15200,38.18,U
sz300850,新强联,2025-09-18 14:34:12,38.23,7000,38.24,D
sz300850,新强联,2025-09-18 14:34:27,38.24,11500,38.23,U
sz300850,新强联,2025-09-18 14:35:15,38.2,13600,38.19,U
sz300850,新强联,2025-09-18 14:35:24,38.16,17300,38.19,D
sz300850,新强联,2025-09-18 14:35:30,38.17,7700,38.16,E
sz300850,新强联,2025-09-18 14:35:36,38.16,5500,38.17,D
sz300850,新强联,2025-09-18 14:35:39,38.15,7200,38.16,D
sz300850,新强联,2025-09-18 14:35:42,38.11,43500,38.15,D
sz300850,新强联,2025-09-18 14:35:45,38.1,7600,38.11,D
sz300850,新强联,2025-09-18 14:35:48,38.09,6500,38.1,D
sz300850,新强联,2025-09-18 14:35:51,38.09,6800,38.09,D
sz300850,新强联,2025-09-18 14:35:54,38.08,6700,38.09,E
sz300850,新强联,2025-09-18 14:36:03,38.09,10200,38.09,D
sz300850,新强联,2025-09-18 14:36:45,38.02,16800,38.02,D
sz300850,新强联,2025-09-18 14:36:51,38.02,7100,38.02,D
sz300850,新强联,2025-09-18 14:36:57,38.0,18100,38.01,D
sz300850,新强联,2025-09-18 14:37:00,38.01,32400,38.0,U
sz300850,新强联,2025-09-18 14:37:06,38.0,11300,38.0,D
sz300850,新强联,2025-09-18 14:37:09,38.0,14000,38.0,D
sz300850,新强联,2025-09-18 14:37:12,38.01,10200,38.0,D
sz300850,新强联,2025-09-18 14:37:15,38.01,5700,38.01,D
sz300850,新强联,2025-09-18 14:37:18,38.0,7400,38.01,D
sz300850,新强联,2025-09-18 14:37:21,38.0,10000,38.0,D
sz300850,新强联,2025-09-18 14:37:33,37.99,7500,37.97,U
sz300850,新强联,2025-09-18 14:37:36,37.99,6800,37.99,U
sz300850,新强联,2025-09-18 14:37:42,37.98,6500,37.99,D
sz300850,新强联,2025-09-18 14:37:45,37.99,6200,37.98,U
sz300850,新强联,2025-09-18 14:38:09,37.99,6400,37.98,U
sz300850,新强联,2025-09-18 14:38:18,38.0,21600,38.0,U
sz300850,新强联,2025-09-18 14:38:21,38.0,6200,38.0,U
sz300850,新强联,2025-09-18 14:38:30,38.0,48900,38.0,U
sz300850,新强联,2025-09-18 14:38:45,37.99,13700,38.01,D
sz300850,新强联,2025-09-18 14:38:51,37.99,6000,37.98,U
sz300850,新强联,2025-09-18 14:38:54,37.97,20100,37.99,D
sz300850,新强联,2025-09-18 14:39:00,37.97,10500,37.96,U
sz300850,新强联,2025-09-18 14:39:06,37.96,7800,37.99,D
sz300850,新强联,2025-09-18 14:39:18,37.95,5600,37.97,D
sz300850,新强联,2025-09-18 14:39:27,37.94,11400,37.93,E
sz300850,新强联,2025-09-18 14:39:36,37.93,7900,37.9,U
sz300850,新强联,2025-09-18 14:39:42,37.94,5900,37.93,E
sz300850,新强联,2025-09-18 14:39:45,37.95,8100,37.94,U
sz300850,新强联,2025-09-18 14:40:03,37.93,12000,37.94,E
sz300850,新强联,2025-09-18 14:40:09,37.93,11100,37.93,U
sz300850,新强联,2025-09-18 14:40:12,37.93,5800,37.93,D
sz300850,新强联,2025-09-18 14:40:15,37.91,5500,37.93,D
sz300850,新强联,2025-09-18 14:40:21,37.91,11900,37.9,E
sz300850,新强联,2025-09-18 14:40:27,37.9,24600,37.9,D
sz300850,新强联,2025-09-18 14:40:30,37.9,5600,37.9,U
sz300850,新强联,2025-09-18 14:40:33,37.9,7100,37.9,U
sz300850,新强联,2025-09-18 14:40:36,37.9,11300,37.9,U
sz300850,新强联,2025-09-18 14:40:45,37.89,23800,37.9,D
sz300850,新强联,2025-09-18 14:40:48,37.89,6153,37.89,U
sz300850,新强联,2025-09-18 14:40:54,37.9,8600,37.89,U
sz300850,新强联,2025-09-18 14:40:57,37.9,5600,37.9,D
sz300850,新强联,2025-09-18 14:41:03,37.91,5800,37.91,U
sz300850,新强联,2025-09-18 14:41:06,37.92,9800,37.91,U
sz300850,新强联,2025-09-18 14:41:18,37.9,7547,37.9,U
sz300850,新强联,2025-09-18 14:41:27,37.9,7400,37.88,U
sz300850,新强联,2025-09-18 14:41:39,37.84,5900,37.87,D
sz300850,新强联,2025-09-18 14:41:45,37.83,22900,37.84,D
sz300850,新强联,2025-09-18 14:41:48,37.83,6200,37.83,D
sz300850,新强联,2025-09-18 14:42:00,37.83,7700,37.82,U
sz300850,新强联,2025-09-18 14:42:06,37.82,12700,37.82,D
sz300850,新强联,2025-09-18 14:42:09,37.82,13500,37.82,U
sz300850,新强联,2025-09-18 14:42:18,37.82,8300,37.81,U
sz300850,新强联,2025-09-18 14:42:21,37.84,34500,37.82,U
sz300850,新强联,2025-09-18 14:42:24,37.82,10800,37.84,D
sz300850,新强联,2025-09-18 14:42:33,37.82,7900,37.82,D
sz300850,新强联,2025-09-18 14:42:39,37.82,10900,37.83,D
sz300850,新强联,2025-09-18 14:43:06,37.84,22700,37.81,U
sz300850,新强联,2025-09-18 14:43:09,37.83,27800,37.84,D
sz300850,新强联,2025-09-18 14:43:12,37.82,5600,37.83,D
sz300850,新强联,2025-09-18 14:43:18,37.87,11100,37.84,U
sz300850,新强联,2025-09-18 14:43:24,37.89,9300,37.89,U
sz300850,新强联,2025-09-18 14:43:33,37.91,43000,37.9,U
sz300850,新强联,2025-09-18 14:43:36,37.93,28100,37.91,U
sz300850,新强联,2025-09-18 14:43:42,37.94,10800,37.94,U
sz300850,新强联,2025-09-18 14:43:51,37.94,36300,37.96,D
sz300850,新强联,2025-09-18 14:43:57,37.98,5800,37.97,U
sz300850,新强联,2025-09-18 14:44:03,37.99,8500,37.99,U
sz300850,新强联,2025-09-18 14:44:06,37.99,14000,37.99,U
sz300850,新强联,2025-09-18 14:44:09,38.0,7500,37.99,U
sz300850,新强联,2025-09-18 14:44:18,38.0,9800,38.0,U
sz300850,新强联,2025-09-18 14:44:21,38.03,65500,38.0,U
sz300850,新强联,2025-09-18 14:44:24,38.1,12100,38.03,U
sz300850,新强联,2025-09-18 14:44:36,38.12,6000,38.13,D
sz300850,新强联,2025-09-18 14:44:39,38.11,18100,38.12,D
sz300850,新强联,2025-09-18 14:44:42,38.11,19200,38.11,U
sz300850,新强联,2025-09-18 14:44:48,38.09,12100,38.14,D
sz300850,新强联,2025-09-18 14:44:51,38.07,6900,38.09,D
sz300850,新强联,2025-09-18 14:45:03,38.09,12900,38.09,U
sz300850,新强联,2025-09-18 14:45:06,38.09,23700,38.09,U
sz300850,新强联,2025-09-18 14:45:09,38.1,10200,38.09,U
sz300850,新强联,2025-09-18 14:45:12,38.07,19000,38.1,D
sz300850,新强联,2025-09-18 14:45:15,38.07,8000,38.07,U
sz300850,新强联,2025-09-18 14:45:18,38.08,9000,38.07,U
sz300850,新强联,2025-09-18 14:45:24,38.05,21200,38.09,D
sz300850,新强联,2025-09-18 14:45:27,38.09,25400,38.05,U
sz300850,新强联,2025-09-18 14:45:33,38.06,19280,38.1,D
sz300850,新强联,2025-09-18 14:45:36,38.06,5600,38.06,U
sz300850,新强联,2025-09-18 14:45:39,38.06,12700,38.06,U
sz300850,新强联,2025-09-18 14:45:42,38.08,25600,38.06,U
sz300850,新强联,2025-09-18 14:45:45,38.07,21600,38.08,D
sz300850,新强联,2025-09-18 14:45:48,38.09,18300,38.07,U
sz300850,新强联,2025-09-18 14:45:51,38.1,6000,38.09,U
sz300850,新强联,2025-09-18 14:45:54,38.1,20800,38.1,U
sz300850,新强联,2025-09-18 14:45:57,38.1,13800,38.1,U
sz300850,新强联,2025-09-18 14:46:00,38.1,12100,38.1,U
sz300850,新强联,2025-09-18 14:46:03,38.12,34100,38.1,U
sz300850,新强联,2025-09-18 14:46:09,38.12,9400,38.11,D
sz300850,新强联,2025-09-18 14:46:15,38.13,9700,38.12,U
sz300850,新强联,2025-09-18 14:46:18,38.14,16800,38.13,U
sz300850,新强联,2025-09-18 14:46:24,38.11,13100,38.12,D
sz300850,新强联,2025-09-18 14:46:27,38.09,27100,38.11,D
sz300850,新强联,2025-09-18 14:46:30,38.08,13800,38.09,D
sz300850,新强联,2025-09-18 14:46:33,38.08,6600,38.08,D
sz300850,新强联,2025-09-18 14:46:36,38.1,13300,38.08,U
sz300850,新强联,2025-09-18 14:46:39,38.08,7100,38.1,D
sz300850,新强联,2025-09-18 14:46:54,38.08,7800,38.09,D
sz300850,新强联,2025-09-18 14:46:57,38.09,7118,38.08,U
sz300850,新强联,2025-09-18 14:47:00,38.09,15350,38.09,U
sz300850,新强联,2025-09-18 14:47:03,38.11,15300,38.09,U
sz300850,新强联,2025-09-18 14:47:06,38.1,7500,38.11,D
sz300850,新强联,2025-09-18 14:47:12,38.1,5300,38.1,D
sz300850,新强联,2025-09-18 14:47:39,38.12,9100,38.11,U
sz300850,新强联,2025-09-18 14:47:51,38.12,13800,38.11,U
sz300850,新强联,2025-09-18 14:48:03,38.15,6700,38.14,U
sz300850,新强联,2025-09-18 14:48:06,38.19,9300,38.15,U
sz300850,新强联,2025-09-18 14:48:30,38.23,6000,38.25,D
sz300850,新强联,2025-09-18 14:48:33,38.21,12700,38.23,D
sz300850,新强联,2025-09-18 14:48:36,38.25,12500,38.21,U
sz300850,新强联,2025-09-18 14:48:54,38.25,6100,38.25,U
sz300850,新强联,2025-09-18 14:48:57,38.25,6400,38.25,U
sz300850,新强联,2025-09-18 14:49:03,38.23,6600,38.24,D
sz300850,新强联,2025-09-18 14:49:06,38.23,6500,38.23,U
sz300850,新强联,2025-09-18 14:49:09,38.23,5500,38.23,U
sz300850,新强联,2025-09-18 14:49:15,38.24,5500,38.23,U
sz300850,新强联,2025-09-18 14:49:18,38.25,5500,38.24,U
sz300850,新强联,2025-09-18 14:49:24,38.25,5800,38.25,D
sz300850,新强联,2025-09-18 14:49:33,38.25,5900,38.26,D
sz300850,新强联,2025-09-18 14:49:36,38.26,9200,38.25,U
sz300850,新强联,2025-09-18 14:49:48,38.28,10100,38.27,U
sz300850,新强联,2025-09-18 14:50:00,38.31,21700,38.3,U
sz300850,新强联,2025-09-18 14:50:03,38.31,11100,38.31,U
sz300850,新强联,2025-09-18 14:50:06,38.31,11300,38.31,U
sz300850,新强联,2025-09-18 14:50:09,38.31,12600,38.31,U
sz300850,新强联,2025-09-18 14:50:27,38.31,9400,38.33,D
sz300850,新强联,2025-09-18 14:50:33,38.28,13900,38.31,D
sz300850,新强联,2025-09-18 14:50:39,38.31,8700,38.28,U
sz300850,新强联,2025-09-18 14:50:48,38.35,9300,38.31,U
sz300850,新强联,2025-09-18 14:51:03,38.38,10637,38.36,U
sz300850,新强联,2025-09-18 14:51:06,38.37,7263,38.38,D
sz300850,新强联,2025-09-18 14:51:09,38.38,21200,38.37,U
sz300850,新强联,2025-09-18 14:51:15,38.36,5900,38.4,D
sz300850,新强联,2025-09-18 14:51:42,38.36,6800,38.36,D
sz300850,新强联,2025-09-18 14:51:48,38.36,13300,38.36,U
sz300850,新强联,2025-09-18 14:51:51,38.36,8100,38.36,U
sz300850,新强联,2025-09-18 14:51:57,38.35,9500,38.36,D
sz300850,新强联,2025-09-18 14:52:00,38.36,13100,38.35,U
sz300850,新强联,2025-09-18 14:52:03,38.4,8200,38.36,U
sz300850,新强联,2025-09-18 14:52:18,38.34,7300,38.36,D
sz300850,新强联,2025-09-18 14:52:21,38.35,8800,38.34,U
sz300850,新强联,2025-09-18 14:52:36,38.36,8900,38.36,D
sz300850,新强联,2025-09-18 14:52:42,38.39,5700,38.38,U
sz300850,新强联,2025-09-18 14:52:45,38.39,11100,38.39,D
sz300850,新强联,2025-09-18 14:52:48,38.4,10100,38.39,U
sz300850,新强联,2025-09-18 14:53:03,38.4,31700,38.4,U
sz300850,新强联,2025-09-18 14:53:12,38.42,11300,38.41,U
sz300850,新强联,2025-09-18 14:53:18,38.4,7100,38.4,D
sz300850,新强联,2025-09-18 14:53:27,38.43,7500,38.42,U
sz300850,新强联,2025-09-18 14:53:30,38.44,7700,38.43,U
sz300850,新强联,2025-09-18 14:53:33,38.43,10200,38.44,D
sz300850,新强联,2025-09-18 14:53:39,38.45,5300,38.44,U
sz300850,新强联,2025-09-18 14:53:45,38.45,13600,38.45,D
sz300850,新强联,2025-09-18 14:53:48,38.45,9000,38.45,U
sz300850,新强联,2025-09-18 14:53:51,38.46,6700,38.45,U
sz300850,新强联,2025-09-18 14:53:57,38.45,13300,38.46,D
sz300850,新强联,2025-09-18 14:54:00,38.47,25400,38.45,U
sz300850,新强联,2025-09-18 14:54:03,38.49,6300,38.47,U
sz300850,新强联,2025-09-18 14:54:06,38.49,5600,38.49,U
sz300850,新强联,2025-09-18 14:54:09,38.49,6700,38.49,U
sz300850,新强联,2025-09-18 14:54:15,38.47,11300,38.49,D
sz300850,新强联,2025-09-18 14:54:18,38.47,18800,38.47,D
sz300850,新强联,2025-09-18 14:54:33,38.45,7500,38.46,D
sz300850,新强联,2025-09-18 14:54:36,38.45,7400,38.45,D
sz300850,新强联,2025-09-18 14:54:45,38.44,15900,38.44,D
sz300850,新强联,2025-09-18 14:54:48,38.43,8900,38.44,D
sz300850,新强联,2025-09-18 14:54:57,38.44,7100,38.44,D
sz300850,新强联,2025-09-18 14:55:03,38.44,5500,38.44,U
sz300850,新强联,2025-09-18 14:55:06,38.45,6891,38.44,U
sz300850,新强联,2025-09-18 14:55:09,38.44,7300,38.45,D
sz300850,新强联,2025-09-18 14:55:12,38.45,8700,38.44,U
sz300850,新强联,2025-09-18 14:55:18,38.44,13000,38.45,D
sz300850,新强联,2025-09-18 14:55:24,38.45,8800,38.44,U
sz300850,新强联,2025-09-18 14:55:27,38.45,6700,38.45,U
sz300850,新强联,2025-09-18 14:55:30,38.47,5600,38.45,U
sz300850,新强联,2025-09-18 14:55:36,38.45,19100,38.45,D
sz300850,新强联,2025-09-18 14:55:39,38.44,11900,38.45,D
sz300850,新强联,2025-09-18 14:55:42,38.44,33098,38.44,D
sz300850,新强联,2025-09-18 14:55:54,38.42,5300,38.44,D
sz300850,新强联,2025-09-18 14:56:06,38.42,5900,38.41,E
sz300850,新强联,2025-09-18 14:56:09,38.4,20100,38.42,D
sz300850,新强联,2025-09-18 14:56:15,38.4,8300,38.4,D
sz300850,新强联,2025-09-18 14:56:21,38.39,8900,38.38,E
sz300850,新强联,2025-09-18 14:56:33,38.38,14500,38.38,U
sz300850,新强联,2025-09-18 14:56:36,38.37,7200,38.38,D
sz300850,新强联,2025-09-18 14:56:39,38.37,13900,38.37,D
sz300850,新强联,2025-09-18 14:56:42,38.36,9400,38.37,D
sz300850,新强联,2025-09-18 14:56:45,38.37,7100,38.36,U
sz300850,新强联,2025-09-18 14:56:54,38.35,6700,38.36,D
sz300850,新强联,2025-09-18 14:56:57,38.3,25700,38.35,D
sz300850,新强联,2025-09-18 15:00:00,38.3,221400,38.3,U
