symbol,name,ticktime,price,volume,prev_price,kind
sz300850,新强联,2025-09-30 09:25:00,42.4,221100,0.0,D
sz300850,新强联,2025-09-30 09:30:00,42.4,268086,42.4,U
sz300850,新强联,2025-09-30 09:30:03,42.49,97700,42.4,U
sz300850,新强联,2025-09-30 09:30:06,42.55,47000,42.49,U
sz300850,新强联,2025-09-30 09:30:09,42.64,39100,42.55,U
sz300850,新强联,2025-09-30 09:30:12,42.62,41000,42.64,D
sz300850,新强联,2025-09-30 09:30:15,42.6,97900,42.62,D
sz300850,新强联,2025-09-30 09:30:18,42.55,51600,42.6,E
sz300850,新强联,2025-09-30 09:30:21,42.54,47700,42.55,E
sz300850,新强联,2025-09-30 09:30:24,42.57,35900,42.54,U
sz300850,新强联,2025-09-30 09:30:27,42.57,54500,42.57,D
sz300850,新强联,2025-09-30 09:30:30,42.67,54900,42.57,U
sz300850,新强联,2025-09-30 09:30:33,42.79,53300,42.67,U
sz300850,新强联,2025-09-30 09:30:36,42.99,85500,42.79,U
sz300850,新强联,2025-09-30 09:30:39,43.2,42300,42.99,U
sz300850,新强联,2025-09-30 09:30:42,43.18,22600,43.2,D
sz300850,新强联,2025-09-30 09:30:45,43.11,45200,43.18,D
sz300850,新强联,2025-09-30 09:30:48,43.2,24400,43.11,U
sz300850,新强联,2025-09-30 09:30:51,43.12,49500,43.2,D
sz300850,新强联,2025-09-30 09:30:54,43.18,44000,43.12,U
sz300850,新强联,2025-09-30 09:30:57,43.34,72500,43.18,U
sz300850,新强联,2025-09-30 09:31:00,43.36,32600,43.34,U
sz300850,新强联,2025-09-30 09:31:03,43.44,28775,43.36,U
sz300850,新强联,2025-09-30 09:31:06,43.45,61200,43.44,U
sz300850,新强联,2025-09-30 09:31:09,43.57,13800,43.45,U
sz300850,新强联,2025-09-30 09:31:12,43.5,50600,43.57,D
sz300850,新强联,2025-09-30 09:31:15,43.58,36700,43.5,U
sz300850,新强联,2025-09-30 09:31:18,43.58,66300,43.58,U
sz300850,新强联,2025-09-30 09:31:21,43.64,35115,43.58,U
sz300850,新强联,2025-09-30 09:31:24,43.67,21142,43.64,U
sz300850,新强联,2025-09-30 09:31:27,43.78,14900,43.67,U
sz300850,新强联,2025-09-30 09:31:30,43.87,40531,43.78,U
sz300850,新强联,2025-09-30 09:31:33,43.88,18000,43.87,U
sz300850,新强联,2025-09-30 09:31:36,44.01,97064,43.88,U
sz300850,新强联,2025-09-30 09:31:39,43.93,25995,44.01,D
sz300850,新强联,2025-09-30 09:31:42,43.71,130900,43.93,D
sz300850,新强联,2025-09-30 09:31:45,43.76,56600,43.71,E
sz300850,新强联,2025-09-30 09:31:48,43.97,39100,43.76,U
sz300850,新强联,2025-09-30 09:31:51,43.88,34400,43.97,E
sz300850,新强联,2025-09-30 09:31:54,43.96,45600,43.88,U
sz300850,新强联,2025-09-30 09:31:57,43.88,64500,43.96,D
sz300850,新强联,2025-09-30 09:32:00,43.94,47000,43.88,U
sz300850,新强联,2025-09-30 09:32:03,44.11,87037,43.94,U
sz300850,新强联,2025-09-30 09:32:06,44.18,54400,44.11,U
sz300850,新强联,2025-09-30 09:32:09,44.19,30400,44.18,E
sz300850,新强联,2025-09-30 09:32:12,44.17,42400,44.19,D
sz300850,新强联,2025-09-30 09:32:15,44.12,44800,44.17,D
sz300850,新强联,2025-09-30 09:32:18,44.2,32400,44.12,U
sz300850,新强联,2025-09-30 09:32:21,44.14,53400,44.2,D
sz300850,新强联,2025-09-30 09:32:24,44.21,42400,44.14,E
sz300850,新强联,2025-09-30 09:32:27,44.26,42100,44.21,U
sz300850,新强联,2025-09-30 09:32:30,44.21,52300,44.26,D
sz300850,新强联,2025-09-30 09:32:33,44.21,26000,44.21,U
sz300850,新强联,2025-09-30 09:32:36,44.14,49600,44.21,D
sz300850,新强联,2025-09-30 09:32:39,44.2,43000,44.14,U
sz300850,新强联,2025-09-30 09:32:42,44.11,36000,44.2,E
sz300850,新强联,2025-09-30 09:32:45,44.11,35700,44.11,E
sz300850,新强联,2025-09-30 09:32:48,44.02,30700,44.11,D
sz300850,新强联,2025-09-30 09:32:51,44.03,49400,44.02,E
sz300850,新强联,2025-09-30 09:32:54,44.15,46100,44.03,U
sz300850,新强联,2025-09-30 09:32:57,44.22,70257,44.15,U
sz300850,新强联,2025-09-30 09:33:00,44.3,110841,44.22,U
sz300850,新强联,2025-09-30 09:33:03,44.33,29900,44.3,U
sz300850,新强联,2025-09-30 09:33:06,44.34,32300,44.33,U
sz300850,新强联,2025-09-30 09:33:09,44.29,43800,44.34,D
sz300850,新强联,2025-09-30 09:33:12,44.13,41200,44.29,D
sz300850,新强联,2025-09-30 09:33:15,44.2,61800,44.13,E
sz300850,新强联,2025-09-30 09:33:18,44.15,27200,44.2,D
sz300850,新强联,2025-09-30 09:33:21,44.15,21800,44.15,U
sz300850,新强联,2025-09-30 09:33:24,44.17,36800,44.15,U
sz300850,新强联,2025-09-30 09:33:27,44.31,59300,44.17,U
sz300850,新强联,2025-09-30 09:33:30,44.34,128900,44.31,U
sz300850,新强联,2025-09-30 09:33:33,44.32,21900,44.34,D
sz300850,新强联,2025-09-30 09:33:36,44.4,34300,44.32,U
sz300850,新强联,2025-09-30 09:33:39,44.34,24400,44.4,D
sz300850,新强联,2025-09-30 09:33:42,44.32,23800,44.34,D
sz300850,新强联,2025-09-30 09:33:45,44.25,20100,44.32,E
sz300850,新强联,2025-09-30 09:33:48,44.24,66900,44.25,D
sz300850,新强联,2025-09-30 09:33:51,44.27,6700,44.24,E
sz300850,新强联,2025-09-30 09:33:54,44.25,12200,44.27,U
sz300850,新强联,2025-09-30 09:33:57,44.25,11300,44.25,U
sz300850,新强联,2025-09-30 09:34:00,44.2,28500,44.25,D
sz300850,新强联,2025-09-30 09:34:03,44.19,13800,44.2,E
sz300850,新强联,2025-09-30 09:34:06,44.1,7100,44.19,D
sz300850,新强联,2025-09-30 09:34:09,43.93,28300,44.1,D
sz300850,新强联,2025-09-30 09:34:12,43.77,35900,43.93,D
sz300850,新强联,2025-09-30 09:34:18,43.64,9600,43.7,D
sz300850,新强联,2025-09-30 09:34:21,43.72,80000,43.64,U
sz300850,新强联,2025-09-30 09:34:24,43.73,14300,43.72,E
sz300850,新强联,2025-09-30 09:34:27,43.75,5700,43.73,E
sz300850,新强联,2025-09-30 09:34:30,43.76,12900,43.75,D
sz300850,新强联,2025-09-30 09:34:33,43.82,41845,43.76,E
sz300850,新强联,2025-09-30 09:34:36,43.8,16200,43.82,E
sz300850,新强联,2025-09-30 09:34:39,43.68,25955,43.8,D
sz300850,新强联,2025-09-30 09:34:42,43.66,6500,43.68,E
sz300850,新强联,2025-09-30 09:34:45,43.65,16975,43.66,D
sz300850,新强联,2025-09-30 09:34:48,43.65,17400,43.65,E
sz300850,新强联,2025-09-30 09:34:54,43.62,12300,43.62,D
sz300850,新强联,2025-09-30 09:34:57,43.59,9800,43.62,D
sz300850,新强联,2025-09-30 09:35:00,43.59,14700,43.59,U
sz300850,新强联,2025-09-30 09:35:03,43.61,76600,43.59,U
sz300850,新强联,2025-09-30 09:35:06,43.57,37200,43.61,D
sz300850,新强联,2025-09-30 09:35:09,43.55,30000,43.57,D
sz300850,新强联,2025-09-30 09:35:12,43.57,11000,43.55,U
sz300850,新强联,2025-09-30 09:35:15,43.5,11700,43.57,D
sz300850,新强联,2025-09-30 09:35:18,43.5,17800,43.5,D
sz300850,新强联,2025-09-30 09:35:21,43.5,6000,43.5,U
sz300850,新强联,2025-09-30 09:35:24,43.46,5300,43.5,U
sz300850,新强联,2025-09-30 09:35:27,43.43,12800,43.46,D
sz300850,新强联,2025-09-30 09:35:30,43.46,10300,43.43,U
sz300850,新强联,2025-09-30 09:35:33,43.43,14200,43.46,D
sz300850,新强联,2025-09-30 09:35:36,43.44,5000,43.43,E
sz300850,新强联,2025-09-30 09:35:39,43.48,10300,43.44,U
sz300850,新强联,2025-09-30 09:35:42,43.44,32400,43.48,E
sz300850,新强联,2025-09-30 09:35:45,43.48,5700,43.44,E
sz300850,新强联,2025-09-30 09:35:48,43.44,22800,43.48,D
sz300850,新强联,2025-09-30 09:35:51,43.54,16300,43.44,U
sz300850,新强联,2025-09-30 09:35:54,43.47,10900,43.54,D
sz300850,新强联,2025-09-30 09:35:57,43.48,14700,43.47,U
sz300850,新强联,2025-09-30 09:36:00,43.54,24000,43.48,U
sz300850,新强联,2025-09-30 09:36:03,43.57,81900,43.54,E
sz300850,新强联,2025-09-30 09:36:06,43.49,11300,43.57,D
sz300850,新强联,2025-09-30 09:36:09,43.5,15000,43.49,U
sz300850,新强联,2025-09-30 09:36:12,43.44,37600,43.5,D
sz300850,新强联,2025-09-30 09:36:15,43.44,22200,43.44,D
sz300850,新强联,2025-09-30 09:36:18,43.44,15600,43.44,U
sz300850,新强联,2025-09-30 09:36:21,43.4,11200,43.44,D
sz300850,新强联,2025-09-30 09:36:24,43.34,20200,43.4,D
sz300850,新强联,2025-09-30 09:36:27,43.29,12500,43.34,D
sz300850,新强联,2025-09-30 09:36:30,43.32,16500,43.29,U
sz300850,新强联,2025-09-30 09:36:33,43.32,26100,43.32,U
sz300850,新强联,2025-09-30 09:36:36,43.39,9400,43.32,E
sz300850,新强联,2025-09-30 09:36:39,43.32,20300,43.39,D
sz300850,新强联,2025-09-30 09:36:42,43.3,19900,43.32,D
sz300850,新强联,2025-09-30 09:36:45,43.3,6500,43.3,U
sz300850,新强联,2025-09-30 09:36:48,43.35,15900,43.3,U
sz300850,新强联,2025-09-30 09:36:51,43.29,20200,43.35,D
sz300850,新强联,2025-09-30 09:36:54,43.3,9700,43.29,U
sz300850,新强联,2025-09-30 09:36:57,43.27,6800,43.3,E
sz300850,新强联,2025-09-30 09:37:06,43.25,16900,43.25,U
sz300850,新强联,2025-09-30 09:37:09,43.24,18200,43.25,D
sz300850,新强联,2025-09-30 09:37:12,43.14,75500,43.24,D
sz300850,新强联,2025-09-30 09:37:15,43.18,7600,43.14,U
sz300850,新强联,2025-09-30 09:37:18,43.11,11500,43.18,D
sz300850,新强联,2025-09-30 09:37:21,43.11,11500,43.11,U
sz300850,新强联,2025-09-30 09:37:24,43.1,11300,43.11,D
sz300850,新强联,2025-09-30 09:37:27,43.09,29100,43.1,D
sz300850,新强联,2025-09-30 09:37:30,43.03,20600,43.09,D
sz300850,新强联,2025-09-30 09:37:33,43.09,26546,43.03,U
sz300850,新强联,2025-09-30 09:37:36,43.05,20500,43.09,D
sz300850,新强联,2025-09-30 09:37:39,43.13,21100,43.05,U
sz300850,新强联,2025-09-30 09:37:45,43.15,4667,43.11,E
sz300850,新强联,2025-09-30 09:37:48,43.13,6633,43.15,D
sz300850,新强联,2025-09-30 09:37:51,43.12,9342,43.13,D
sz300850,新强联,2025-09-30 09:37:54,43.11,17800,43.12,D
sz300850,新强联,2025-09-30 09:37:57,43.11,17500,43.11,U
sz300850,新强联,2025-09-30 09:38:00,43.1,14500,43.11,D
sz300850,新强联,2025-09-30 09:38:03,43.12,13100,43.1,U
sz300850,新强联,2025-09-30 09:38:06,43.14,11100,43.12,U
sz300850,新强联,2025-09-30 09:38:09,43.14,11700,43.14,U
sz300850,新强联,2025-09-30 09:38:12,43.17,22800,43.14,U
sz300850,新强联,2025-09-30 09:38:15,43.17,5300,43.17,D
sz300850,新强联,2025-09-30 09:38:21,43.16,23500,43.22,D
sz300850,新强联,2025-09-30 09:38:24,43.14,27700,43.16,U
sz300850,新强联,2025-09-30 09:38:27,43.22,6657,43.14,U
sz300850,新强联,2025-09-30 09:38:33,43.11,23500,43.2,D
sz300850,新强联,2025-09-30 09:38:36,43.09,31800,43.11,D
sz300850,新强联,2025-09-30 09:38:39,43.14,26700,43.09,U
sz300850,新强联,2025-09-30 09:38:45,43.11,10500,43.08,U
sz300850,新强联,2025-09-30 09:38:48,43.08,6500,43.11,D
sz300850,新强联,2025-09-30 09:38:51,43.04,12900,43.08,D
sz300850,新强联,2025-09-30 09:38:54,43.02,11500,43.04,D
sz300850,新强联,2025-09-30 09:38:57,42.95,84000,43.02,D
sz300850,新强联,2025-09-30 09:39:00,43.01,18000,42.95,U
sz300850,新强联,2025-09-30 09:39:03,43.05,20900,43.01,U
sz300850,新强联,2025-09-30 09:39:09,43.13,9700,43.08,U
sz300850,新强联,2025-09-30 09:39:15,43.14,6100,43.13,U
sz300850,新强联,2025-09-30 09:39:18,43.09,18300,43.14,D
sz300850,新强联,2025-09-30 09:39:21,43.12,7000,43.09,U
sz300850,新强联,2025-09-30 09:39:24,43.03,12700,43.12,E
sz300850,新强联,2025-09-30 09:39:27,43.02,9400,43.03,D
sz300850,新强联,2025-09-30 09:39:30,43.02,11900,43.02,D
sz300850,新强联,2025-09-30 09:39:33,43.01,5300,43.02,E
sz300850,新强联,2025-09-30 09:39:36,43.02,7100,43.01,U
sz300850,新强联,2025-09-30 09:39:39,43.03,9945,43.02,U
sz300850,新强联,2025-09-30 09:39:42,43.0,6100,43.03,E
sz300850,新强联,2025-09-30 09:39:45,42.98,7100,43.0,D
sz300850,新强联,2025-09-30 09:39:48,43.03,7900,42.98,U
sz300850,新强联,2025-09-30 09:39:51,42.99,10255,43.03,D
sz300850,新强联,2025-09-30 09:39:54,42.97,7000,42.99,D
sz300850,新强联,2025-09-30 09:39:57,43.0,18900,42.97,U
sz300850,新强联,2025-09-30 09:40:00,42.98,11400,43.0,D
sz300850,新强联,2025-09-30 09:40:03,43.0,18200,42.98,U
sz300850,新强联,2025-09-30 09:40:06,43.04,20900,43.0,U
sz300850,新强联,2025-09-30 09:40:09,43.09,9800,43.04,U
sz300850,新强联,2025-09-30 09:40:12,43.0,7900,43.09,D
sz300850,新强联,2025-09-30 09:40:15,43.0,10500,43.0,D
sz300850,新强联,2025-09-30 09:40:18,43.0,14500,43.0,U
sz300850,新强联,2025-09-30 09:40:21,42.93,20000,43.0,D
sz300850,新强联,2025-09-30 09:40:24,43.05,17000,42.93,U
sz300850,新强联,2025-09-30 09:40:27,43.1,38800,43.05,U
sz300850,新强联,2025-09-30 09:40:33,43.04,10800,43.01,U
sz300850,新强联,2025-09-30 09:40:36,43.08,11600,43.04,U
sz300850,新强联,2025-09-30 09:40:39,43.15,15800,43.08,U
sz300850,新强联,2025-09-30 09:40:42,43.09,14800,43.15,E
sz300850,新强联,2025-09-30 09:40:45,43.2,25600,43.09,U
sz300850,新强联,2025-09-30 09:40:48,43.2,27100,43.2,U
sz300850,新强联,2025-09-30 09:40:51,43.2,29300,43.2,U
sz300850,新强联,2025-09-30 09:40:54,43.1,36500,43.2,D
sz300850,新强联,2025-09-30 09:40:57,43.14,20200,43.1,E
sz300850,新强联,2025-09-30 09:41:00,43.05,11800,43.14,D
sz300850,新强联,2025-09-30 09:41:03,43.0,22300,43.05,D
sz300850,新强联,2025-09-30 09:41:06,43.0,13200,43.0,D
sz300850,新强联,2025-09-30 09:41:09,43.0,7600,43.0,U
sz300850,新强联,2025-09-30 09:41:12,43.04,11200,43.0,U
sz300850,新强联,2025-09-30 09:41:15,43.01,7600,43.04,D
sz300850,新强联,2025-09-30 09:41:21,43.06,28500,43.02,E
sz300850,新强联,2025-09-30 09:41:24,43.07,18900,43.06,D
sz300850,新强联,2025-09-30 09:41:30,43.02,12000,43.07,D
sz300850,新强联,2025-09-30 09:41:33,43.02,9000,43.02,D
sz300850,新强联,2025-09-30 09:41:36,42.99,29300,43.02,D
sz300850,新强联,2025-09-30 09:41:42,43.01,6200,42.98,U
sz300850,新强联,2025-09-30 09:41:45,42.97,7100,43.01,D
sz300850,新强联,2025-09-30 09:41:51,42.95,7400,42.96,D
sz300850,新强联,2025-09-30 09:41:54,42.96,8600,42.95,U
sz300850,新强联,2025-09-30 09:41:57,42.9,11700,42.96,D
sz300850,新强联,2025-09-30 09:42:00,42.92,9000,42.9,U
sz300850,新强联,2025-09-30 09:42:03,42.95,36000,42.92,U
sz300850,新强联,2025-09-30 09:42:06,42.91,22900,42.95,D
sz300850,新强联,2025-09-30 09:42:09,42.9,5400,42.91,D
sz300850,新强联,2025-09-30 09:42:12,42.84,12900,42.9,D
sz300850,新强联,2025-09-30 09:42:15,42.89,44400,42.84,U
sz300850,新强联,2025-09-30 09:42:18,42.88,12200,42.89,E
sz300850,新强联,2025-09-30 09:42:21,42.83,5900,42.88,D
sz300850,新强联,2025-09-30 09:42:24,42.82,20200,42.83,D
sz300850,新强联,2025-09-30 09:42:27,42.82,13800,42.82,E
sz300850,新强联,2025-09-30 09:42:30,42.8,29400,42.82,D
sz300850,新强联,2025-09-30 09:42:33,42.79,21500,42.8,D
sz300850,新强联,2025-09-30 09:42:36,42.73,8000,42.79,D
sz300850,新强联,2025-09-30 09:42:42,42.73,9700,42.73,D
sz300850,新强联,2025-09-30 09:42:45,42.69,7900,42.73,E
sz300850,新强联,2025-09-30 09:42:48,42.73,103200,42.69,U
sz300850,新强联,2025-09-30 09:42:51,42.73,23300,42.73,D
sz300850,新强联,2025-09-30 09:42:54,42.79,10300,42.73,U
sz300850,新强联,2025-09-30 09:42:57,42.75,19800,42.79,D
sz300850,新强联,2025-09-30 09:43:00,42.79,10400,42.75,U
sz300850,新强联,2025-09-30 09:43:03,42.79,8100,42.79,E
sz300850,新强联,2025-09-30 09:43:06,42.81,8100,42.79,U
sz300850,新强联,2025-09-30 09:43:09,42.82,16500,42.81,U
sz300850,新强联,2025-09-30 09:43:12,42.89,14000,42.82,U
sz300850,新强联,2025-09-30 09:43:15,42.84,7400,42.89,D
sz300850,新强联,2025-09-30 09:43:21,42.95,18800,42.89,U
sz300850,新强联,2025-09-30 09:43:24,43.0,10700,42.95,U
sz300850,新强联,2025-09-30 09:43:27,43.06,42091,43.0,U
sz300850,新强联,2025-09-30 09:43:30,43.06,41000,43.06,U
sz300850,新强联,2025-09-30 09:43:33,43.29,54300,43.06,U
sz300850,新强联,2025-09-30 09:43:36,43.19,53800,43.29,D
sz300850,新强联,2025-09-30 09:43:39,43.25,48500,43.19,E
sz300850,新强联,2025-09-30 09:43:42,43.38,22600,43.25,E
sz300850,新强联,2025-09-30 09:43:45,43.41,44700,43.38,U
sz300850,新强联,2025-09-30 09:43:48,43.45,34800,43.41,U
sz300850,新强联,2025-09-30 09:43:51,43.3,31800,43.45,D
sz300850,新强联,2025-09-30 09:43:54,43.45,37100,43.3,U
sz300850,新强联,2025-09-30 09:43:57,43.37,23545,43.45,E
sz300850,新强联,2025-09-30 09:44:00,43.37,49800,43.37,D
sz300850,新强联,2025-09-30 09:44:03,43.44,28600,43.37,E
sz300850,新强联,2025-09-30 09:44:06,43.47,20700,43.44,E
sz300850,新强联,2025-09-30 09:44:09,43.42,19900,43.47,D
sz300850,新强联,2025-09-30 09:44:12,43.38,18700,43.42,D
sz300850,新强联,2025-09-30 09:44:15,43.37,27400,43.38,D
sz300850,新强联,2025-09-30 09:44:18,43.34,11955,43.37,D
sz300850,新强联,2025-09-30 09:44:21,43.36,44300,43.34,U
sz300850,新强联,2025-09-30 09:44:24,43.44,19818,43.36,U
sz300850,新强联,2025-09-30 09:44:27,43.44,14900,43.44,D
sz300850,新强联,2025-09-30 09:44:30,43.43,6400,43.44,D
sz300850,新强联,2025-09-30 09:44:33,43.47,12900,43.43,U
sz300850,新强联,2025-09-30 09:44:36,43.47,11500,43.47,D
sz300850,新强联,2025-09-30 09:44:39,43.5,30500,43.47,U
sz300850,新强联,2025-09-30 09:44:42,43.5,45500,43.5,D
sz300850,新强联,2025-09-30 09:44:45,43.56,16900,43.5,U
sz300850,新强联,2025-09-30 09:44:48,43.56,14800,43.56,D
sz300850,新强联,2025-09-30 09:44:51,43.56,7300,43.56,U
sz300850,新强联,2025-09-30 09:44:54,43.49,22900,43.56,D
sz300850,新强联,2025-09-30 09:44:57,43.47,11500,43.49,E
sz300850,新强联,2025-09-30 09:45:00,43.49,6600,43.47,E
sz300850,新强联,2025-09-30 09:45:03,43.46,9190,43.49,E
sz300850,新强联,2025-09-30 09:45:06,43.42,10410,43.46,D
sz300850,新强联,2025-09-30 09:45:09,43.36,10880,43.42,E
sz300850,新强联,2025-09-30 09:45:21,43.2,13600,43.26,D
sz300850,新强联,2025-09-30 09:45:24,43.23,32100,43.2,U
sz300850,新强联,2025-09-30 09:45:27,43.27,41000,43.23,U
sz300850,新强联,2025-09-30 09:45:30,43.29,12900,43.27,E
sz300850,新强联,2025-09-30 09:45:39,43.32,8900,43.4,D
sz300850,新强联,2025-09-30 09:45:42,43.42,44300,43.32,U
sz300850,新强联,2025-09-30 09:45:45,43.34,8900,43.42,E
sz300850,新强联,2025-09-30 09:45:48,43.32,41100,43.34,D
sz300850,新强联,2025-09-30 09:45:54,43.31,5100,43.3,E
sz300850,新强联,2025-09-30 09:45:57,43.3,9800,43.31,D
sz300850,新强联,2025-09-30 09:46:00,43.31,23200,43.3,U
sz300850,新强联,2025-09-30 09:46:03,43.3,7200,43.31,D
sz300850,新强联,2025-09-30 09:46:09,43.26,5900,43.32,D
sz300850,新强联,2025-09-30 09:46:15,43.2,5700,43.21,D
sz300850,新强联,2025-09-30 09:46:18,43.2,7200,43.2,D
sz300850,新强联,2025-09-30 09:46:24,43.11,4900,43.19,D
sz300850,新强联,2025-09-30 09:46:30,43.07,32100,43.05,U
sz300850,新强联,2025-09-30 09:46:39,43.3,80700,43.08,U
sz300850,新强联,2025-09-30 09:46:42,43.21,25700,43.3,D
sz300850,新强联,2025-09-30 09:46:45,43.27,6200,43.21,E
sz300850,新强联,2025-09-30 09:46:48,43.27,14400,43.27,U
sz300850,新强联,2025-09-30 09:46:51,43.23,8000,43.27,E
sz300850,新强联,2025-09-30 09:46:57,43.21,6900,43.22,U
sz300850,新强联,2025-09-30 09:47:00,43.21,17600,43.21,U
sz300850,新强联,2025-09-30 09:47:18,43.17,7700,43.18,D
sz300850,新强联,2025-09-30 09:47:27,43.1,11452,43.17,D
sz300850,新强联,2025-09-30 09:47:33,43.12,18650,43.11,U
sz300850,新强联,2025-09-30 09:47:51,43.15,5300,43.15,U
sz300850,新强联,2025-09-30 09:47:54,43.15,6600,43.15,U
sz300850,新强联,2025-09-30 09:48:00,43.1,8400,43.11,U
sz300850,新强联,2025-09-30 09:48:03,43.15,4750,43.1,U
sz300850,新强联,2025-09-30 09:48:09,43.15,7900,43.12,U
sz300850,新强联,2025-09-30 09:48:15,43.14,22600,43.15,D
sz300850,新强联,2025-09-30 09:48:24,43.17,12200,43.14,U
sz300850,新强联,2025-09-30 09:48:33,43.12,21500,43.15,D
sz300850,新强联,2025-09-30 09:48:39,43.0,69400,43.12,D
sz300850,新强联,2025-09-30 09:48:42,43.0,13800,43.0,U
sz300850,新强联,2025-09-30 09:48:48,42.99,27300,43.0,E
sz300850,新强联,2025-09-30 09:48:51,42.95,17109,42.99,D
sz300850,新强联,2025-09-30 09:48:57,42.97,10191,42.94,U
sz300850,新强联,2025-09-30 09:49:00,43.0,113400,42.97,U
sz300850,新强联,2025-09-30 09:49:06,43.0,31000,43.0,D
sz300850,新强联,2025-09-30 09:49:09,43.04,13900,43.0,U
sz300850,新强联,2025-09-30 09:49:15,43.0,12300,43.04,D
sz300850,新强联,2025-09-30 09:49:18,43.01,6600,43.0,E
sz300850,新强联,2025-09-30 09:49:36,43.09,5400,43.05,U
sz300850,新强联,2025-09-30 09:49:39,43.11,33300,43.09,U
sz300850,新强联,2025-09-30 09:49:51,43.12,6800,43.12,U
sz300850,新强联,2025-09-30 09:50:00,43.12,103700,43.15,D
sz300850,新强联,2025-09-30 09:50:03,43.17,4700,43.12,E
sz300850,新强联,2025-09-30 09:50:06,43.15,6300,43.17,E
sz300850,新强联,2025-09-30 09:50:09,43.14,25300,43.15,D
sz300850,新强联,2025-09-30 09:50:15,43.19,26100,43.13,U
sz300850,新强联,2025-09-30 09:50:18,43.32,49300,43.19,U
sz300850,新强联,2025-09-30 09:50:21,43.39,10200,43.32,U
sz300850,新强联,2025-09-30 09:50:24,43.29,20200,43.39,D
sz300850,新强联,2025-09-30 09:50:27,43.32,5200,43.29,E
sz300850,新强联,2025-09-30 09:50:33,43.29,157400,43.31,U
sz300850,新强联,2025-09-30 09:50:39,43.31,9900,43.3,E
sz300850,新强联,2025-09-30 09:50:45,43.36,17100,43.34,E
sz300850,新强联,2025-09-30 09:50:48,43.37,6500,43.36,U
sz300850,新强联,2025-09-30 09:50:57,43.37,7700,43.37,D
sz300850,新强联,2025-09-30 09:51:00,43.32,7000,43.37,D
sz300850,新强联,2025-09-30 09:51:15,43.3,14900,43.34,D
sz300850,新强联,2025-09-30 09:51:18,43.29,10100,43.3,D
sz300850,新强联,2025-09-30 09:51:36,43.3,14200,43.24,U
sz300850,新强联,2025-09-30 09:51:39,43.29,7437,43.3,D
sz300850,新强联,2025-09-30 09:51:45,43.51,150000,43.28,U
sz300850,新强联,2025-09-30 09:51:48,43.5,19700,43.51,D
sz300850,新强联,2025-09-30 09:52:00,43.5,8800,43.5,U
sz300850,新强联,2025-09-30 09:52:03,43.5,5500,43.5,U
sz300850,新强联,2025-09-30 09:52:06,43.47,8200,43.5,D
sz300850,新强联,2025-09-30 09:52:09,43.44,34700,43.47,D
sz300850,新强联,2025-09-30 09:52:12,43.48,8900,43.44,E
sz300850,新强联,2025-09-30 09:52:33,43.36,5600,43.34,D
sz300850,新强联,2025-09-30 09:52:51,43.33,4700,43.34,D
sz300850,新强联,2025-09-30 09:52:57,43.28,8400,43.33,D
sz300850,新强联,2025-09-30 09:53:00,43.4,49800,43.28,U
sz300850,新强联,2025-09-30 09:53:03,43.35,9100,43.4,D
sz300850,新强联,2025-09-30 09:53:06,43.39,12100,43.35,E
sz300850,新强联,2025-09-30 09:53:18,43.35,5200,43.37,D
sz300850,新强联,2025-09-30 09:53:21,43.39,11400,43.35,U
sz300850,新强联,2025-09-30 09:53:24,43.31,44600,43.39,D
sz300850,新强联,2025-09-30 09:53:30,43.3,9900,43.31,D
sz300850,新强联,2025-09-30 09:53:33,43.3,4800,43.3,U
sz300850,新强联,2025-09-30 09:53:39,43.28,13900,43.28,D
sz300850,新强联,2025-09-30 09:53:45,43.28,18500,43.28,D
sz300850,新强联,2025-09-30 09:53:48,43.28,6500,43.28,D
sz300850,新强联,2025-09-30 09:54:18,43.31,9300,43.35,D
sz300850,新强联,2025-09-30 09:54:24,43.35,9600,43.29,U
sz300850,新强联,2025-09-30 09:54:45,43.3,22800,43.31,D
sz300850,新强联,2025-09-30 09:54:48,43.28,14300,43.3,D
sz300850,新强联,2025-09-30 09:54:54,43.25,4900,43.26,D
sz300850,新强联,2025-09-30 09:54:57,43.25,4700,43.25,D
sz300850,新强联,2025-09-30 09:55:00,43.25,5300,43.25,D
sz300850,新强联,2025-09-30 09:55:15,43.26,10900,43.24,U
sz300850,新强联,2025-09-30 09:55:30,43.25,18900,43.23,U
sz300850,新强联,2025-09-30 09:55:36,43.26,29500,43.24,U
sz300850,新强联,2025-09-30 09:55:39,43.28,7500,43.26,U
sz300850,新强联,2025-09-30 09:55:48,43.36,6200,43.32,U
sz300850,新强联,2025-09-30 09:55:51,43.28,21900,43.36,D
sz300850,新强联,2025-09-30 09:55:57,43.38,11600,43.36,U
sz300850,新强联,2025-09-30 09:56:03,43.38,10500,43.39,D
sz300850,新强联,2025-09-30 09:56:06,43.39,11700,43.38,U
sz300850,新强联,2025-09-30 09:56:15,43.32,7600,43.33,D
sz300850,新强联,2025-09-30 09:56:18,43.37,11500,43.32,U
sz300850,新强联,2025-09-30 09:56:24,43.4,63400,43.28,U
sz300850,新强联,2025-09-30 09:56:27,43.3,12700,43.4,D
sz300850,新强联,2025-09-30 09:56:48,43.4,12000,43.39,U
sz300850,新强联,2025-09-30 09:57:00,43.43,17200,43.37,U
sz300850,新强联,2025-09-30 09:57:03,43.41,7400,43.43,D
sz300850,新强联,2025-09-30 09:57:27,43.5,6200,43.49,U
sz300850,新强联,2025-09-30 09:57:30,43.5,23599,43.5,U
sz300850,新强联,2025-09-30 09:57:33,43.6,28700,43.5,U
sz300850,新强联,2025-09-30 09:57:36,43.63,5200,43.6,U
sz300850,新强联,2025-09-30 09:57:42,43.63,38100,43.63,U
sz300850,新强联,2025-09-30 09:57:45,43.61,17700,43.63,D
sz300850,新强联,2025-09-30 09:57:48,43.6,5700,43.61,E
sz300850,新强联,2025-09-30 09:57:54,43.6,9100,43.54,U
sz300850,新强联,2025-09-30 09:58:06,43.48,10700,43.5,D
sz300850,新强联,2025-09-30 09:58:09,43.37,27400,43.48,D
sz300850,新强联,2025-09-30 09:58:15,43.32,6000,43.32,U
sz300850,新强联,2025-09-30 09:58:18,43.32,13700,43.32,U
sz300850,新强联,2025-09-30 09:58:21,43.32,5700,43.32,U
sz300850,新强联,2025-09-30 09:58:24,43.26,9200,43.32,D
sz300850,新强联,2025-09-30 09:58:27,43.28,7500,43.26,D
sz300850,新强联,2025-09-30 09:58:30,43.37,87745,43.28,U
sz300850,新强联,2025-09-30 09:58:33,43.29,6400,43.37,D
sz300850,新强联,2025-09-30 09:58:54,43.29,10000,43.29,D
sz300850,新强联,2025-09-30 09:58:57,43.28,13500,43.29,D
sz300850,新强联,2025-09-30 09:59:03,43.28,6300,43.28,U
sz300850,新强联,2025-09-30 09:59:09,43.33,8200,43.26,U
sz300850,新强联,2025-09-30 09:59:18,43.41,11600,43.37,U
sz300850,新强联,2025-09-30 09:59:30,43.47,6100,43.47,D
sz300850,新强联,2025-09-30 09:59:33,43.5,8000,43.47,U
sz300850,新强联,2025-09-30 09:59:45,43.48,8100,43.48,U
sz300850,新强联,2025-09-30 09:59:57,43.51,96400,43.43,U
sz300850,新强联,2025-09-30 10:00:00,43.44,15500,43.51,D
sz300850,新强联,2025-09-30 10:00:03,43.43,4800,43.44,D
sz300850,新强联,2025-09-30 10:00:12,43.4,6800,43.41,D
sz300850,新强联,2025-09-30 10:00:15,43.44,23800,43.4,U
sz300850,新强联,2025-09-30 10:00:21,43.44,4700,43.41,U
sz300850,新强联,2025-09-30 10:00:30,43.35,32800,43.45,D
sz300850,新强联,2025-09-30 10:00:33,43.31,24400,43.35,D
sz300850,新强联,2025-09-30 10:00:48,43.36,10300,43.36,D
sz300850,新强联,2025-09-30 10:00:51,43.35,6500,43.36,D
sz300850,新强联,2025-09-30 10:00:54,43.49,201500,43.35,U
sz300850,新强联,2025-09-30 10:01:09,43.48,8900,43.43,U
sz300850,新强联,2025-09-30 10:01:12,43.5,5700,43.48,U
sz300850,新强联,2025-09-30 10:01:18,43.52,7400,43.51,U
sz300850,新强联,2025-09-30 10:01:24,43.52,5200,43.51,E
sz300850,新强联,2025-09-30 10:01:27,43.58,10900,43.52,U
sz300850,新强联,2025-09-30 10:01:33,43.56,13100,43.57,D
sz300850,新强联,2025-09-30 10:01:36,43.55,27300,43.56,E
sz300850,新强联,2025-09-30 10:01:39,43.5,8800,43.55,E
sz300850,新强联,2025-09-30 10:01:42,43.44,6200,43.5,D
sz300850,新强联,2025-09-30 10:01:54,43.44,12200,43.4,U
sz300850,新强联,2025-09-30 10:02:09,43.5,22800,43.41,U
sz300850,新强联,2025-09-30 10:02:12,43.5,11100,43.5,D
sz300850,新强联,2025-09-30 10:02:30,43.58,5200,43.59,D
sz300850,新强联,2025-09-30 10:02:42,43.58,20100,43.62,D
sz300850,新强联,2025-09-30 10:02:45,43.62,52100,43.58,U
sz300850,新强联,2025-09-30 10:02:48,43.57,41400,43.62,E
sz300850,新强联,2025-09-30 10:02:51,43.58,7400,43.57,D
sz300850,新强联,2025-09-30 10:02:57,43.5,21700,43.57,D
sz300850,新强联,2025-09-30 10:03:03,43.61,29800,43.54,U
sz300850,新强联,2025-09-30 10:03:09,43.63,6500,43.59,U
sz300850,新强联,2025-09-30 10:03:12,43.62,7800,43.63,D
sz300850,新强联,2025-09-30 10:03:15,43.57,84000,43.62,D
sz300850,新强联,2025-09-30 10:03:18,43.51,19300,43.57,E
sz300850,新强联,2025-09-30 10:03:24,43.46,10400,43.53,D
sz300850,新强联,2025-09-30 10:03:33,43.56,5000,43.53,U
sz300850,新强联,2025-09-30 10:03:45,43.62,12070,43.56,U
sz300850,新强联,2025-09-30 10:03:51,43.64,6700,43.63,U
sz300850,新强联,2025-09-30 10:03:54,43.64,8200,43.64,U
sz300850,新强联,2025-09-30 10:03:57,43.65,27100,43.64,U
sz300850,新强联,2025-09-30 10:04:00,43.65,5140,43.65,U
sz300850,新强联,2025-09-30 10:04:03,43.65,16100,43.65,D
sz300850,新强联,2025-09-30 10:04:06,43.65,6600,43.65,D
sz300850,新强联,2025-09-30 10:04:09,43.71,7600,43.65,U
sz300850,新强联,2025-09-30 10:04:12,43.68,6500,43.71,D
sz300850,新强联,2025-09-30 10:04:15,43.65,12100,43.68,D
sz300850,新强联,2025-09-30 10:04:18,43.68,11200,43.65,U
sz300850,新强联,2025-09-30 10:04:30,43.75,14500,43.73,U
sz300850,新强联,2025-09-30 10:04:36,43.78,4700,43.77,U
sz300850,新强联,2025-09-30 10:04:39,43.8,10200,43.78,U
sz300850,新强联,2025-09-30 10:04:45,43.81,13700,43.8,E
sz300850,新强联,2025-09-30 10:04:48,43.84,19500,43.81,E
sz300850,新强联,2025-09-30 10:04:51,43.84,12300,43.84,D
sz300850,新强联,2025-09-30 10:04:54,43.8,14800,43.84,D
sz300850,新强联,2025-09-30 10:04:57,43.75,46700,43.8,D
sz300850,新强联,2025-09-30 10:05:00,43.73,18000,43.75,D
sz300850,新强联,2025-09-30 10:05:03,43.7,11300,43.73,D
sz300850,新强联,2025-09-30 10:05:06,43.73,6200,43.7,U
sz300850,新强联,2025-09-30 10:05:12,43.78,28900,43.74,U
sz300850,新强联,2025-09-30 10:05:18,43.78,5100,43.76,D
sz300850,新强联,2025-09-30 10:05:24,43.8,10768,43.75,U
sz300850,新强联,2025-09-30 10:05:27,43.8,7200,43.8,D
sz300850,新强联,2025-09-30 10:05:30,43.81,14100,43.8,U
sz300850,新强联,2025-09-30 10:05:33,43.8,10500,43.81,U
sz300850,新强联,2025-09-30 10:05:36,43.8,9500,43.8,D
sz300850,新强联,2025-09-30 10:05:39,43.8,6100,43.8,D
sz300850,新强联,2025-09-30 10:05:42,43.81,25500,43.8,U
sz300850,新强联,2025-09-30 10:05:45,43.81,18400,43.81,D
sz300850,新强联,2025-09-30 10:05:48,43.84,11400,43.81,U
sz300850,新强联,2025-09-30 10:05:51,43.82,9700,43.84,D
sz300850,新强联,2025-09-30 10:05:57,43.87,22600,43.85,U
sz300850,新强联,2025-09-30 10:06:00,43.87,13300,43.87,U
sz300850,新强联,2025-09-30 10:06:03,43.88,19400,43.87,U
sz300850,新强联,2025-09-30 10:06:06,43.85,9300,43.88,E
sz300850,新强联,2025-09-30 10:06:09,43.9,42200,43.85,U
sz300850,新强联,2025-09-30 10:06:15,43.96,11600,43.92,U
sz300850,新强联,2025-09-30 10:06:21,43.99,15800,43.98,U
sz300850,新强联,2025-09-30 10:06:24,43.98,11600,43.99,D
sz300850,新强联,2025-09-30 10:06:27,43.98,16700,43.98,U
sz300850,新强联,2025-09-30 10:06:30,43.98,26329,43.98,U
sz300850,新强联,2025-09-30 10:06:33,43.91,14499,43.98,D
sz300850,新强联,2025-09-30 10:06:36,43.91,12772,43.91,D
sz300850,新强联,2025-09-30 10:06:39,43.98,36800,43.91,U
sz300850,新强联,2025-09-30 10:06:42,43.96,17000,43.98,D
sz300850,新强联,2025-09-30 10:06:45,43.93,23400,43.96,E
sz300850,新强联,2025-09-30 10:06:48,43.95,13900,43.93,U
sz300850,新强联,2025-09-30 10:06:51,43.96,99928,43.95,D
sz300850,新强联,2025-09-30 10:06:54,44.05,31500,43.96,U
sz300850,新强联,2025-09-30 10:06:57,44.07,20400,44.05,U
sz300850,新强联,2025-09-30 10:07:03,44.05,10300,44.0,D
sz300850,新强联,2025-09-30 10:07:06,44.05,14800,44.05,D
sz300850,新强联,2025-09-30 10:07:09,44.01,13100,44.05,D
sz300850,新强联,2025-09-30 10:07:12,44.01,11300,44.01,U
sz300850,新强联,2025-09-30 10:07:15,44.02,8900,44.01,U
sz300850,新强联,2025-09-30 10:07:18,44.02,9900,44.02,D
sz300850,新强联,2025-09-30 10:07:21,43.99,12900,44.02,D
sz300850,新强联,2025-09-30 10:07:24,43.99,8200,43.99,D
sz300850,新强联,2025-09-30 10:07:27,43.99,12000,43.99,D
sz300850,新强联,2025-09-30 10:07:30,43.98,7900,43.99,D
sz300850,新强联,2025-09-30 10:07:33,43.96,27300,43.98,D
sz300850,新强联,2025-09-30 10:07:36,43.88,17600,43.96,D
sz300850,新强联,2025-09-30 10:07:39,43.9,5500,43.88,E
sz300850,新强联,2025-09-30 10:07:42,43.95,7400,43.9,U
sz300850,新强联,2025-09-30 10:07:45,43.9,9700,43.95,D
sz300850,新强联,2025-09-30 10:07:51,43.94,9100,43.94,U
sz300850,新强联,2025-09-30 10:07:54,43.95,4800,43.94,U
sz300850,新强联,2025-09-30 10:07:57,43.92,9100,43.95,D
sz300850,新强联,2025-09-30 10:08:00,44.07,225417,43.92,U
sz300850,新强联,2025-09-30 10:08:03,44.14,31900,44.07,U
sz300850,新强联,2025-09-30 10:08:06,44.15,31500,44.14,U
sz300850,新强联,2025-09-30 10:08:09,44.15,35000,44.15,U
sz300850,新强联,2025-09-30 10:08:12,44.17,15200,44.15,U
sz300850,新强联,2025-09-30 10:08:15,44.11,46700,44.17,D
sz300850,新强联,2025-09-30 10:08:18,44.15,17500,44.11,U
sz300850,新强联,2025-09-30 10:08:21,44.05,18300,44.15,E
sz300850,新强联,2025-09-30 10:08:24,44.11,11100,44.05,U
sz300850,新强联,2025-09-30 10:08:27,44.11,12500,44.11,U
sz300850,新强联,2025-09-30 10:08:30,44.11,10400,44.11,U
sz300850,新强联,2025-09-30 10:08:33,44.11,9900,44.11,U
sz300850,新强联,2025-09-30 10:08:36,44.06,17400,44.11,U
sz300850,新强联,2025-09-30 10:08:39,44.08,5800,44.06,U
sz300850,新强联,2025-09-30 10:08:42,44.06,20900,44.08,E
sz300850,新强联,2025-09-30 10:08:45,44.0,8500,44.06,D
sz300850,新强联,2025-09-30 10:08:48,44.04,13400,44.0,U
sz300850,新强联,2025-09-30 10:08:51,44.04,5500,44.04,U
sz300850,新强联,2025-09-30 10:08:57,44.0,10600,44.03,D
sz300850,新强联,2025-09-30 10:09:00,43.99,5100,44.0,E
sz300850,新强联,2025-09-30 10:09:03,44.0,10300,43.99,U
sz300850,新强联,2025-09-30 10:09:06,43.99,5900,44.0,D
sz300850,新强联,2025-09-30 10:09:09,44.0,6900,43.99,U
sz300850,新强联,2025-09-30 10:09:12,43.99,5600,44.0,D
sz300850,新强联,2025-09-30 10:09:15,43.99,7200,43.99,U
sz300850,新强联,2025-09-30 10:09:24,44.01,8000,44.0,U
sz300850,新强联,2025-09-30 10:09:27,44.0,8700,44.01,D
sz300850,新强联,2025-09-30 10:09:30,44.04,4800,44.0,U
sz300850,新强联,2025-09-30 10:09:33,44.03,6800,44.04,D
sz300850,新强联,2025-09-30 10:09:36,44.04,6300,44.03,D
sz300850,新强联,2025-09-30 10:09:42,44.05,6500,44.06,D
sz300850,新强联,2025-09-30 10:09:45,44.06,21400,44.05,U
sz300850,新强联,2025-09-30 10:09:48,44.06,11600,44.06,D
sz300850,新强联,2025-09-30 10:09:51,44.1,10400,44.06,U
sz300850,新强联,2025-09-30 10:09:54,44.09,10500,44.1,E
sz300850,新强联,2025-09-30 10:09:57,44.13,88900,44.09,U
sz300850,新强联,2025-09-30 10:10:00,44.16,35500,44.13,U
sz300850,新强联,2025-09-30 10:10:03,44.2,12200,44.16,U
sz300850,新强联,2025-09-30 10:10:06,44.18,10500,44.2,E
sz300850,新强联,2025-09-30 10:10:09,44.2,24500,44.18,U
sz300850,新强联,2025-09-30 10:10:12,44.14,31800,44.2,D
sz300850,新强联,2025-09-30 10:10:18,44.19,17300,44.17,U
sz300850,新强联,2025-09-30 10:10:21,44.2,9100,44.19,U
sz300850,新强联,2025-09-30 10:10:24,44.19,9200,44.2,E
sz300850,新强联,2025-09-30 10:10:27,44.2,9700,44.19,U
sz300850,新强联,2025-09-30 10:10:30,44.17,15700,44.2,D
sz300850,新强联,2025-09-30 10:10:33,44.17,15300,44.17,D
sz300850,新强联,2025-09-30 10:10:36,44.17,8800,44.17,U
sz300850,新强联,2025-09-30 10:10:39,44.17,5300,44.17,U
sz300850,新强联,2025-09-30 10:10:42,44.16,15400,44.17,D
sz300850,新强联,2025-09-30 10:10:45,44.15,9700,44.16,D
sz300850,新强联,2025-09-30 10:10:48,44.14,9700,44.15,D
sz300850,新强联,2025-09-30 10:10:51,44.13,5400,44.14,D
sz300850,新强联,2025-09-30 10:10:54,44.1,4900,44.13,D
sz300850,新强联,2025-09-30 10:10:57,44.1,8400,44.1,U
sz300850,新强联,2025-09-30 10:11:00,44.1,13100,44.1,D
sz300850,新强联,2025-09-30 10:11:03,44.11,25200,44.1,U
sz300850,新强联,2025-09-30 10:11:06,44.1,23200,44.11,D
sz300850,新强联,2025-09-30 10:11:09,44.16,10400,44.1,U
sz300850,新强联,2025-09-30 10:11:12,44.16,11200,44.16,D
sz300850,新强联,2025-09-30 10:11:15,44.16,5000,44.16,D
sz300850,新强联,2025-09-30 10:11:18,44.16,5000,44.16,U
sz300850,新强联,2025-09-30 10:11:27,44.16,4600,44.13,U
sz300850,新强联,2025-09-30 10:11:30,44.15,4900,44.16,E
sz300850,新强联,2025-09-30 10:11:33,44.1,25600,44.15,D
sz300850,新强联,2025-09-30 10:11:36,44.13,14400,44.1,U
sz300850,新强联,2025-09-30 10:11:39,44.17,12300,44.13,U
sz300850,新强联,2025-09-30 10:11:45,44.11,8091,44.12,D
sz300850,新强联,2025-09-30 10:11:48,44.13,7300,44.11,U
sz300850,新强联,2025-09-30 10:11:57,44.17,5300,44.14,E
sz300850,新强联,2025-09-30 10:12:00,44.2,39900,44.17,U
sz300850,新强联,2025-09-30 10:12:03,44.2,25827,44.2,U
sz300850,新强联,2025-09-30 10:12:09,44.25,11800,44.22,U
sz300850,新强联,2025-09-30 10:12:12,44.25,8300,44.25,U
sz300850,新强联,2025-09-30 10:12:15,44.25,11040,44.25,U
sz300850,新强联,2025-09-30 10:12:18,44.28,11600,44.25,U
sz300850,新强联,2025-09-30 10:12:21,44.28,11700,44.28,U
sz300850,新强联,2025-09-30 10:12:27,44.29,47660,44.29,U
sz300850,新强联,2025-09-30 10:12:30,44.3,14400,44.29,U
sz300850,新强联,2025-09-30 10:12:33,44.3,22500,44.3,U
sz300850,新强联,2025-09-30 10:12:36,44.29,74700,44.3,D
sz300850,新强联,2025-09-30 10:12:39,44.31,14100,44.29,U
sz300850,新强联,2025-09-30 10:12:42,44.34,11800,44.31,U
sz300850,新强联,2025-09-30 10:12:45,44.32,12700,44.34,D
sz300850,新强联,2025-09-30 10:12:48,44.34,15440,44.32,U
sz300850,新强联,2025-09-30 10:12:51,44.34,19100,44.34,D
sz300850,新强联,2025-09-30 10:12:54,44.34,9900,44.34,D
sz300850,新强联,2025-09-30 10:12:57,44.36,127560,44.34,U
sz300850,新强联,2025-09-30 10:13:03,44.3,20800,44.3,U
sz300850,新强联,2025-09-30 10:13:06,44.29,8000,44.3,E
sz300850,新强联,2025-09-30 10:13:09,44.34,7100,44.29,U
sz300850,新强联,2025-09-30 10:13:12,44.3,4800,44.34,D
sz300850,新强联,2025-09-30 10:13:15,44.29,10900,44.3,D
sz300850,新强联,2025-09-30 10:13:18,44.23,12000,44.29,D
sz300850,新强联,2025-09-30 10:13:21,44.29,7800,44.23,U
sz300850,新强联,2025-09-30 10:13:27,44.28,6200,44.22,U
sz300850,新强联,2025-09-30 10:13:30,44.27,5100,44.28,E
sz300850,新强联,2025-09-30 10:13:33,44.2,7400,44.27,D
sz300850,新强联,2025-09-30 10:13:54,44.2,5000,44.19,U
sz300850,新强联,2025-09-30 10:13:57,44.22,17500,44.2,U
sz300850,新强联,2025-09-30 10:14:03,44.25,8400,44.26,D
sz300850,新强联,2025-09-30 10:14:12,44.25,18700,44.23,E
sz300850,新强联,2025-09-30 10:14:18,44.23,6400,44.23,D
sz300850,新强联,2025-09-30 10:14:21,44.2,19100,44.23,D
sz300850,新强联,2025-09-30 10:14:24,44.19,9100,44.2,D
sz300850,新强联,2025-09-30 10:14:27,44.19,14100,44.19,D
sz300850,新强联,2025-09-30 10:14:39,44.15,7500,44.18,D
sz300850,新强联,2025-09-30 10:14:42,44.15,8900,44.15,D
sz300850,新强联,2025-09-30 10:14:45,44.15,10800,44.15,D
sz300850,新强联,2025-09-30 10:14:48,44.15,9800,44.15,D
sz300850,新强联,2025-09-30 10:14:51,44.14,7500,44.15,D
sz300850,新强联,2025-09-30 10:14:54,44.14,22600,44.14,D
sz300850,新强联,2025-09-30 10:14:57,44.11,28009,44.14,D
sz300850,新强联,2025-09-30 10:15:00,44.11,22000,44.11,U
sz300850,新强联,2025-09-30 10:15:12,44.0,5600,44.06,D
sz300850,新强联,2025-09-30 10:15:18,44.0,34400,44.04,D
sz300850,新强联,2025-09-30 10:15:21,43.97,5100,44.0,D
sz300850,新强联,2025-09-30 10:15:24,44.0,10900,43.97,U
sz300850,新强联,2025-09-30 10:15:30,43.97,8300,43.95,E
sz300850,新强联,2025-09-30 10:15:33,43.93,6300,43.97,D
sz300850,新强联,2025-09-30 10:15:39,43.94,10300,43.94,D
sz300850,新强联,2025-09-30 10:15:42,43.94,9800,43.94,E
sz300850,新强联,2025-09-30 10:15:45,43.86,32200,43.94,D
sz300850,新强联,2025-09-30 10:15:48,43.86,4700,43.86,D
sz300850,新强联,2025-09-30 10:15:54,43.86,21500,43.91,D
sz300850,新强联,2025-09-30 10:15:57,43.84,7100,43.86,D
sz300850,新强联,2025-09-30 10:16:03,43.84,11900,43.86,E
sz300850,新强联,2025-09-30 10:16:06,43.93,13100,43.84,U
sz300850,新强联,2025-09-30 10:16:12,43.85,7800,43.85,D
sz300850,新强联,2025-09-30 10:16:24,43.93,6700,43.88,U
sz300850,新强联,2025-09-30 10:16:27,43.9,4700,43.93,D
sz300850,新强联,2025-09-30 10:16:30,43.93,12600,43.9,U
sz300850,新强联,2025-09-30 10:16:33,43.99,7000,43.93,U
sz300850,新强联,2025-09-30 10:16:36,44.03,10200,43.99,U
sz300850,新强联,2025-09-30 10:16:48,44.03,7800,44.03,D
sz300850,新强联,2025-09-30 10:16:51,44.03,14500,44.03,U
sz300850,新强联,2025-09-30 10:16:54,44.03,6200,44.03,U
sz300850,新强联,2025-09-30 10:16:57,44.03,5900,44.03,D
sz300850,新强联,2025-09-30 10:17:00,44.03,9000,44.03,U
sz300850,新强联,2025-09-30 10:17:03,44.07,13900,44.03,U
sz300850,新强联,2025-09-30 10:17:06,44.06,9300,44.07,D
sz300850,新强联,2025-09-30 10:17:15,44.14,5600,44.11,U
sz300850,新强联,2025-09-30 10:17:18,44.12,10000,44.14,D
sz300850,新强联,2025-09-30 10:17:21,44.12,10300,44.12,D
sz300850,新强联,2025-09-30 10:17:24,44.11,4700,44.12,D
sz300850,新强联,2025-09-30 10:17:27,44.1,13500,44.11,D
sz300850,新强联,2025-09-30 10:17:30,44.11,10400,44.1,U
sz300850,新强联,2025-09-30 10:17:33,44.06,19300,44.11,D
sz300850,新强联,2025-09-30 10:17:36,44.03,9000,44.06,D
sz300850,新强联,2025-09-30 10:17:39,44.03,4700,44.03,E
sz300850,新强联,2025-09-30 10:17:45,44.0,31500,44.02,D
sz300850,新强联,2025-09-30 10:17:48,43.93,17100,44.0,D
sz300850,新强联,2025-09-30 10:17:51,43.9,7900,43.93,D
sz300850,新强联,2025-09-30 10:17:54,43.89,5600,43.9,E
sz300850,新强联,2025-09-30 10:17:57,43.87,4800,43.89,D
sz300850,新强联,2025-09-30 10:18:12,43.89,9000,43.88,U
sz300850,新强联,2025-09-30 10:18:15,43.93,12200,43.89,U
sz300850,新强联,2025-09-30 10:18:24,43.85,34900,43.88,D
sz300850,新强联,2025-09-30 10:18:27,43.84,7200,43.85,D
sz300850,新强联,2025-09-30 10:18:33,43.8,6600,43.8,D
sz300850,新强联,2025-09-30 10:18:48,43.77,12200,43.76,U
sz300850,新强联,2025-09-30 10:18:51,43.74,5432,43.77,D
sz300850,新强联,2025-09-30 10:19:00,43.77,14268,43.73,U
sz300850,新强联,2025-09-30 10:19:09,43.81,24200,43.78,U
sz300850,新强联,2025-09-30 10:19:15,43.78,8100,43.81,D
sz300850,新强联,2025-09-30 10:19:24,43.8,10000,43.78,U
sz300850,新强联,2025-09-30 10:19:27,43.78,7000,43.8,D
sz300850,新强联,2025-09-30 10:19:30,43.75,5100,43.78,D
sz300850,新强联,2025-09-30 10:19:33,43.79,9500,43.75,U
sz300850,新强联,2025-09-30 10:19:36,43.78,5200,43.79,D
sz300850,新强联,2025-09-30 10:19:39,43.76,6200,43.78,E
sz300850,新强联,2025-09-30 10:19:42,43.77,8200,43.76,U
sz300850,新强联,2025-09-30 10:19:57,43.76,11600,43.77,D
sz300850,新强联,2025-09-30 10:20:00,43.74,12800,43.76,D
sz300850,新强联,2025-09-30 10:20:03,43.73,4600,43.74,E
sz300850,新强联,2025-09-30 10:20:06,43.7,7000,43.73,D
sz300850,新强联,2025-09-30 10:20:09,43.7,7700,43.7,D
sz300850,新强联,2025-09-30 10:20:12,43.69,9200,43.7,D
sz300850,新强联,2025-09-30 10:20:15,43.7,16900,43.69,U
sz300850,新强联,2025-09-30 10:20:33,43.69,6200,43.7,D
sz300850,新强联,2025-09-30 10:20:42,43.77,38900,43.7,U
sz300850,新强联,2025-09-30 10:20:45,43.83,14300,43.77,U
sz300850,新强联,2025-09-30 10:20:48,43.85,15500,43.83,U
sz300850,新强联,2025-09-30 10:20:51,43.89,4900,43.85,U
sz300850,新强联,2025-09-30 10:21:15,43.9,6000,43.89,U
sz300850,新强联,2025-09-30 10:21:33,44.0,28800,43.95,U
sz300850,新强联,2025-09-30 10:21:54,44.0,10100,44.01,D
sz300850,新强联,2025-09-30 10:22:00,43.96,14000,43.94,U
sz300850,新强联,2025-09-30 10:22:03,43.96,19800,43.96,D
sz300850,新强联,2025-09-30 10:22:06,43.95,8600,43.96,D
sz300850,新强联,2025-09-30 10:22:27,43.89,6900,43.89,D
sz300850,新强联,2025-09-30 10:22:42,43.82,5600,43.8,U
sz300850,新强联,2025-09-30 10:23:00,43.78,7700,43.76,U
sz300850,新强联,2025-09-30 10:23:03,43.76,6000,43.78,D
sz300850,新强联,2025-09-30 10:23:06,43.78,10400,43.76,U
sz300850,新强联,2025-09-30 10:23:09,43.75,13800,43.78,D
sz300850,新强联,2025-09-30 10:23:21,43.78,16700,43.77,E
sz300850,新强联,2025-09-30 10:23:51,43.8,6500,43.82,D
sz300850,新强联,2025-09-30 10:24:12,43.84,47600,43.81,U
sz300850,新强联,2025-09-30 10:24:15,43.92,5800,43.84,E
sz300850,新强联,2025-09-30 10:24:36,43.95,6500,43.91,U
sz300850,新强联,2025-09-30 10:24:42,43.91,5100,43.9,U
sz300850,新强联,2025-09-30 10:24:51,43.94,5500,43.93,U
sz300850,新强联,2025-09-30 10:24:54,43.95,26600,43.94,U
sz300850,新强联,2025-09-30 10:25:12,44.01,5800,44.01,U
sz300850,新强联,2025-09-30 10:25:15,43.96,22300,44.01,D
sz300850,新强联,2025-09-30 10:25:21,43.93,12400,43.94,D
sz300850,新强联,2025-09-30 10:25:27,43.89,6100,43.91,D
sz300850,新强联,2025-09-30 10:25:54,43.81,16800,43.81,D
sz300850,新强联,2025-09-30 10:25:57,43.86,16800,43.81,U
sz300850,新强联,2025-09-30 10:26:00,43.9,16800,43.86,U
sz300850,新强联,2025-09-30 10:26:06,43.94,9600,43.86,U
sz300850,新强联,2025-09-30 10:26:15,43.93,4900,43.93,E
sz300850,新强联,2025-09-30 10:26:33,43.87,10600,43.86,U
sz300850,新强联,2025-09-30 10:26:48,43.82,7300,43.82,E
sz300850,新强联,2025-09-30 10:27:00,43.79,56700,43.77,U
sz300850,新强联,2025-09-30 10:27:21,43.76,5200,43.76,U
sz300850,新强联,2025-09-30 10:27:27,43.76,5700,43.77,D
sz300850,新强联,2025-09-30 10:27:39,43.76,14000,43.75,U
sz300850,新强联,2025-09-30 10:27:42,43.71,28500,43.76,D
sz300850,新强联,2025-09-30 10:27:45,43.72,11000,43.71,D
sz300850,新强联,2025-09-30 10:27:48,43.76,11700,43.72,U
sz300850,新强联,2025-09-30 10:28:00,43.74,40600,43.72,U
sz300850,新强联,2025-09-30 10:28:12,43.79,6700,43.77,U
sz300850,新强联,2025-09-30 10:28:15,43.77,10500,43.79,D
sz300850,新强联,2025-09-30 10:28:24,43.82,16500,43.8,U
sz300850,新强联,2025-09-30 10:28:30,43.9,7100,43.88,U
sz300850,新强联,2025-09-30 10:28:48,43.89,4800,43.89,E
sz300850,新强联,2025-09-30 10:28:57,43.82,5100,43.83,D
sz300850,新强联,2025-09-30 10:29:00,43.84,13500,43.82,D
sz300850,新强联,2025-09-30 10:29:21,43.88,4600,43.89,D
sz300850,新强联,2025-09-30 10:29:24,43.9,10733,43.88,U
sz300850,新强联,2025-09-30 10:29:42,43.93,6700,43.94,D
sz300850,新强联,2025-09-30 10:30:00,43.89,10700,43.9,D
sz300850,新强联,2025-09-30 10:30:03,43.97,13000,43.89,U
sz300850,新强联,2025-09-30 10:30:12,43.88,60400,43.98,D
sz300850,新强联,2025-09-30 10:30:15,43.98,21600,43.88,U
sz300850,新强联,2025-09-30 10:30:21,43.98,7200,43.97,U
sz300850,新强联,2025-09-30 10:30:45,43.93,4800,43.93,D
sz300850,新强联,2025-09-30 10:31:18,43.91,15200,43.93,D
sz300850,新强联,2025-09-30 10:31:57,43.75,16800,43.81,D
sz300850,新强联,2025-09-30 10:32:00,43.75,10800,43.75,D
sz300850,新强联,2025-09-30 10:32:06,43.77,26200,43.77,U
sz300850,新强联,2025-09-30 10:33:06,43.83,5800,43.82,E
sz300850,新强联,2025-09-30 10:33:12,43.83,5900,43.82,U
sz300850,新强联,2025-09-30 10:33:18,43.87,5100,43.86,U
sz300850,新强联,2025-09-30 10:33:33,43.9,5900,43.89,U
sz300850,新强联,2025-09-30 10:33:45,43.91,5100,43.9,U
sz300850,新强联,2025-09-30 10:33:54,43.87,10000,43.87,D
sz300850,新强联,2025-09-30 10:34:00,43.81,12200,43.87,D
sz300850,新强联,2025-09-30 10:34:03,43.87,8200,43.81,U
sz300850,新强联,2025-09-30 10:34:15,43.86,5300,43.85,U
sz300850,新强联,2025-09-30 10:34:30,43.9,5500,43.87,U
sz300850,新强联,2025-09-30 10:35:00,43.89,10500,43.88,U
sz300850,新强联,2025-09-30 10:35:15,43.86,7500,43.87,D
sz300850,新强联,2025-09-30 10:35:21,43.85,9000,43.85,D
sz300850,新强联,2025-09-30 10:35:48,43.81,8400,43.82,D
sz300850,新强联,2025-09-30 10:36:00,43.83,11400,43.81,U
sz300850,新强联,2025-09-30 10:36:48,43.81,6200,43.81,D
sz300850,新强联,2025-09-30 10:37:03,43.8,7000,43.8,U
sz300850,新强联,2025-09-30 10:37:06,43.79,15100,43.8,D
sz300850,新强联,2025-09-30 10:37:09,43.78,5700,43.79,D
sz300850,新强联,2025-09-30 10:37:12,43.76,8900,43.78,D
sz300850,新强联,2025-09-30 10:37:30,43.7,8800,43.7,D
sz300850,新强联,2025-09-30 10:37:36,43.71,11200,43.7,E
sz300850,新强联,2025-09-30 10:38:00,43.7,5700,43.69,U
sz300850,新强联,2025-09-30 10:38:06,43.7,12802,43.69,U
sz300850,新强联,2025-09-30 10:38:09,43.71,5600,43.7,U
sz300850,新强联,2025-09-30 10:38:45,43.68,10100,43.69,D
sz300850,新强联,2025-09-30 10:38:48,43.65,5400,43.68,D
sz300850,新强联,2025-09-30 10:38:51,43.65,5600,43.65,D
sz300850,新强联,2025-09-30 10:38:54,43.61,40600,43.65,D
sz300850,新强联,2025-09-30 10:39:00,43.61,5600,43.62,D
sz300850,新强联,2025-09-30 10:39:06,43.6,11600,43.6,D
sz300850,新强联,2025-09-30 10:39:09,43.6,10900,43.6,D
sz300850,新强联,2025-09-30 10:39:12,43.6,9700,43.6,D
sz300850,新强联,2025-09-30 10:39:54,43.61,4900,43.61,D
sz300850,新强联,2025-09-30 10:40:03,43.62,7700,43.61,U
sz300850,新强联,2025-09-30 10:40:15,43.61,4700,43.63,D
sz300850,新强联,2025-09-30 10:40:21,43.61,4700,43.61,U
sz300850,新强联,2025-09-30 10:40:27,43.63,8000,43.61,U
sz300850,新强联,2025-09-30 10:40:30,43.59,15618,43.63,D
sz300850,新强联,2025-09-30 10:40:33,43.57,5100,43.59,D
sz300850,新强联,2025-09-30 10:40:36,43.58,10300,43.57,E
sz300850,新强联,2025-09-30 10:41:03,43.6,21800,43.59,U
sz300850,新强联,2025-09-30 10:41:18,43.55,12200,43.57,D
sz300850,新强联,2025-09-30 10:41:21,43.55,15000,43.55,D
sz300850,新强联,2025-09-30 10:41:24,43.5,5500,43.55,D
sz300850,新强联,2025-09-30 10:41:36,43.53,6800,43.53,D
sz300850,新强联,2025-09-30 10:42:09,43.51,5100,43.52,D
sz300850,新强联,2025-09-30 10:42:12,43.5,20900,43.51,D
sz300850,新强联,2025-09-30 10:42:15,43.45,75100,43.5,D
sz300850,新强联,2025-09-30 10:42:33,43.4,77930,43.42,D
sz300850,新强联,2025-09-30 10:42:45,43.31,10600,43.37,D
sz300850,新强联,2025-09-30 10:42:51,43.31,11200,43.31,D
sz300850,新强联,2025-09-30 10:42:57,43.31,7600,43.35,D
sz300850,新强联,2025-09-30 10:43:03,43.31,18900,43.32,D
sz300850,新强联,2025-09-30 10:43:06,43.31,12200,43.31,U
sz300850,新强联,2025-09-30 10:43:09,43.3,6400,43.31,D
sz300850,新强联,2025-09-30 10:43:12,43.3,7100,43.3,U
sz300850,新强联,2025-09-30 10:43:18,43.31,5600,43.31,U
sz300850,新强联,2025-09-30 10:43:21,43.31,7900,43.31,U
sz300850,新强联,2025-09-30 10:43:39,43.34,7700,43.36,D
sz300850,新强联,2025-09-30 10:44:00,43.35,19300,43.36,D
sz300850,新强联,2025-09-30 10:44:12,43.34,5900,43.34,D
sz300850,新强联,2025-09-30 10:44:18,43.34,5500,43.35,D
sz300850,新强联,2025-09-30 10:45:15,43.4,12100,43.42,D
sz300850,新强联,2025-09-30 10:45:24,43.37,8800,43.37,D
sz300850,新强联,2025-09-30 10:45:30,43.38,24000,43.35,U
sz300850,新强联,2025-09-30 10:45:39,43.4,6900,43.4,U
sz300850,新强联,2025-09-30 10:45:48,43.37,54100,43.39,D
sz300850,新强联,2025-09-30 10:46:00,43.29,28800,43.31,D
sz300850,新强联,2025-09-30 10:46:03,43.3,5300,43.29,U
sz300850,新强联,2025-09-30 10:46:06,43.29,12000,43.3,D
sz300850,新强联,2025-09-30 10:46:18,43.25,10100,43.27,D
sz300850,新强联,2025-09-30 10:46:21,43.24,8600,43.25,D
sz300850,新强联,2025-09-30 10:46:24,43.26,9200,43.24,U
sz300850,新强联,2025-09-30 10:46:27,43.24,7100,43.26,E
sz300850,新强联,2025-09-30 10:46:30,43.23,14300,43.24,D
sz300850,新强联,2025-09-30 10:46:33,43.23,5000,43.23,D
sz300850,新强联,2025-09-30 10:46:36,43.24,7500,43.23,U
sz300850,新强联,2025-09-30 10:46:42,43.23,9100,43.23,U
sz300850,新强联,2025-09-30 10:46:51,43.22,5200,43.21,U
sz300850,新强联,2025-09-30 10:46:57,43.22,9198,43.23,D
sz300850,新强联,2025-09-30 10:47:15,43.21,9100,43.22,D
sz300850,新强联,2025-09-30 10:47:33,43.23,4700,43.23,U
sz300850,新强联,2025-09-30 10:47:36,43.22,8800,43.23,D
sz300850,新强联,2025-09-30 10:47:54,43.23,14243,43.23,U
sz300850,新强联,2025-09-30 10:48:12,43.26,4900,43.24,U
sz300850,新强联,2025-09-30 10:48:45,43.25,9288,43.25,D
sz300850,新强联,2025-09-30 10:48:48,43.24,15100,43.25,E
sz300850,新强联,2025-09-30 10:49:00,43.19,62257,43.24,D
sz300850,新强联,2025-09-30 10:49:03,43.16,14800,43.19,D
sz300850,新强联,2025-09-30 10:49:18,43.19,14600,43.19,U
sz300850,新强联,2025-09-30 10:49:21,43.18,6400,43.19,D
sz300850,新强联,2025-09-30 10:49:24,43.34,51800,43.18,U
sz300850,新强联,2025-09-30 10:49:27,43.27,11700,43.34,D
sz300850,新强联,2025-09-30 10:49:30,43.28,22100,43.27,E
sz300850,新强联,2025-09-30 10:49:36,43.33,6800,43.33,D
sz300850,新强联,2025-09-30 10:49:42,43.36,5800,43.36,D
sz300850,新强联,2025-09-30 10:49:54,43.36,8500,43.36,D
sz300850,新强联,2025-09-30 10:49:57,43.41,56600,43.36,U
sz300850,新强联,2025-09-30 10:50:03,43.41,29800,43.41,U
sz300850,新强联,2025-09-30 10:50:06,43.48,32200,43.41,U
sz300850,新强联,2025-09-30 10:50:33,43.47,4800,43.47,D
sz300850,新强联,2025-09-30 10:50:36,43.48,13200,43.47,U
sz300850,新强联,2025-09-30 10:50:39,43.47,8100,43.48,D
sz300850,新强联,2025-09-30 10:50:42,43.46,8600,43.47,D
sz300850,新强联,2025-09-30 10:50:54,43.47,10600,43.47,U
sz300850,新强联,2025-09-30 10:50:57,43.5,13000,43.47,U
sz300850,新强联,2025-09-30 10:51:00,43.49,6476,43.5,E
sz300850,新强联,2025-09-30 10:51:09,43.58,9600,43.56,U
sz300850,新强联,2025-09-30 10:51:18,43.58,5224,43.58,D
sz300850,新强联,2025-09-30 10:52:03,43.54,5700,43.55,E
sz300850,新强联,2025-09-30 10:52:06,43.51,4600,43.54,D
sz300850,新强联,2025-09-30 10:52:09,43.5,10100,43.51,D
sz300850,新强联,2025-09-30 10:52:24,43.48,9000,43.48,U
sz300850,新强联,2025-09-30 10:52:27,43.48,5500,43.48,E
sz300850,新强联,2025-09-30 10:52:48,43.56,20848,43.48,U
sz300850,新强联,2025-09-30 10:54:51,43.65,5000,43.64,U
sz300850,新强联,2025-09-30 10:55:00,43.68,11600,43.65,U
sz300850,新强联,2025-09-30 10:55:15,43.68,6200,43.68,U
sz300850,新强联,2025-09-30 10:55:18,43.71,32400,43.68,U
sz300850,新强联,2025-09-30 10:55:21,43.74,61758,43.71,U
sz300850,新强联,2025-09-30 10:55:30,43.8,6000,43.8,D
sz300850,新强联,2025-09-30 10:55:51,43.8,4600,43.8,D
sz300850,新强联,2025-09-30 10:55:57,43.8,8190,43.82,D
sz300850,新强联,2025-09-30 10:57:33,43.68,5100,43.68,D
sz300850,新强联,2025-09-30 10:59:15,43.65,30900,43.65,D
sz300850,新强联,2025-09-30 10:59:27,43.7,20350,43.66,U
sz300850,新强联,2025-09-30 10:59:30,43.77,6655,43.7,U
sz300850,新强联,2025-09-30 10:59:39,43.84,18910,43.76,U
sz300850,新强联,2025-09-30 10:59:42,43.7,5100,43.84,D
sz300850,新强联,2025-09-30 10:59:45,43.9,13000,43.7,U
sz300850,新强联,2025-09-30 11:00:00,43.85,12330,43.85,U
sz300850,新强联,2025-09-30 11:00:18,43.78,6000,43.78,D
sz300850,新强联,2025-09-30 11:00:27,43.8,9200,43.79,U
sz300850,新强联,2025-09-30 11:00:30,43.82,7400,43.8,U
sz300850,新强联,2025-09-30 11:00:36,43.83,5700,43.82,U
sz300850,新强联,2025-09-30 11:00:39,43.81,4700,43.83,D
sz300850,新强联,2025-09-30 11:01:36,43.81,6100,43.8,U
sz300850,新强联,2025-09-30 11:01:54,43.82,6600,43.83,D
sz300850,新强联,2025-09-30 11:01:57,43.81,9700,43.82,D
sz300850,新强联,2025-09-30 11:02:00,43.79,7470,43.81,D
sz300850,新强联,2025-09-30 11:02:33,43.78,11030,43.8,D
sz300850,新强联,2025-09-30 11:02:45,43.78,6600,43.77,U
sz300850,新强联,2025-09-30 11:03:00,43.78,7300,43.78,U
sz300850,新强联,2025-09-30 11:03:03,43.77,5600,43.78,D
sz300850,新强联,2025-09-30 11:03:15,43.78,14400,43.77,U
sz300850,新强联,2025-09-30 11:03:48,43.77,6301,43.78,D
sz300850,新强联,2025-09-30 11:03:51,43.76,6400,43.77,D
sz300850,新强联,2025-09-30 11:04:15,43.74,40200,43.74,D
sz300850,新强联,2025-09-30 11:04:30,43.75,5000,43.71,U
sz300850,新强联,2025-09-30 11:04:45,43.73,5100,43.75,D
sz300850,新强联,2025-09-30 11:05:33,43.7,7800,43.7,U
sz300850,新强联,2025-09-30 11:05:36,43.72,5900,43.7,U
sz300850,新强联,2025-09-30 11:06:30,43.75,5300,43.77,D
sz300850,新强联,2025-09-30 11:06:39,43.71,12600,43.73,D
sz300850,新强联,2025-09-30 11:06:45,43.72,5100,43.71,U
sz300850,新强联,2025-09-30 11:07:09,43.73,6600,43.73,U
sz300850,新强联,2025-09-30 11:07:21,43.71,5100,43.73,D
sz300850,新强联,2025-09-30 11:08:00,43.7,12200,43.67,U
sz300850,新强联,2025-09-30 11:08:09,43.69,5000,43.7,E
sz300850,新强联,2025-09-30 11:09:06,43.73,5200,43.75,D
sz300850,新强联,2025-09-30 11:10:06,43.77,14000,43.74,U
sz300850,新强联,2025-09-30 11:10:42,43.82,6700,43.81,U
sz300850,新强联,2025-09-30 11:11:06,43.88,7700,43.86,U
sz300850,新强联,2025-09-30 11:11:15,43.95,5900,43.94,U
sz300850,新强联,2025-09-30 11:11:24,43.97,5800,43.95,U
sz300850,新强联,2025-09-30 11:11:33,43.95,9600,43.95,D
sz300850,新强联,2025-09-30 11:11:45,43.98,23600,43.97,U
sz300850,新强联,2025-09-30 11:11:48,43.99,13300,43.98,U
sz300850,新强联,2025-09-30 11:11:57,43.98,13617,43.98,D
sz300850,新强联,2025-09-30 11:12:00,44.05,52600,43.98,U
sz300850,新强联,2025-09-30 11:12:03,44.1,6000,44.05,U
sz300850,新强联,2025-09-30 11:12:18,44.1,18800,44.07,U
sz300850,新强联,2025-09-30 11:12:24,44.1,4600,44.07,U
sz300850,新强联,2025-09-30 11:12:27,44.04,8700,44.1,D
sz300850,新强联,2025-09-30 11:12:30,44.1,10300,44.04,U
sz300850,新强联,2025-09-30 11:12:33,44.1,6300,44.1,U
sz300850,新强联,2025-09-30 11:12:39,44.07,41700,44.1,E
sz300850,新强联,2025-09-30 11:12:42,44.08,7200,44.07,U
sz300850,新强联,2025-09-30 11:12:45,44.08,5000,44.08,U
sz300850,新强联,2025-09-30 11:12:48,44.08,13600,44.08,D
sz300850,新强联,2025-09-30 11:12:54,44.06,9300,44.0,E
sz300850,新强联,2025-09-30 11:12:57,44.0,4800,44.06,D
sz300850,新强联,2025-09-30 11:13:00,44.06,6645,44.0,U
sz300850,新强联,2025-09-30 11:13:36,43.98,7600,43.98,U
sz300850,新强联,2025-09-30 11:13:48,43.95,7300,43.96,D
sz300850,新强联,2025-09-30 11:14:06,43.97,6600,43.98,D
sz300850,新强联,2025-09-30 11:14:15,43.95,6400,43.95,U
sz300850,新强联,2025-09-30 11:14:45,44.01,24247,43.95,U
sz300850,新强联,2025-09-30 11:14:48,44.06,17200,44.01,U
sz300850,新强联,2025-09-30 11:14:51,44.06,13000,44.06,U
sz300850,新强联,2025-09-30 11:15:00,44.08,5300,44.08,U
sz300850,新强联,2025-09-30 11:15:09,44.08,20900,44.09,D
sz300850,新强联,2025-09-30 11:15:15,44.05,7300,44.08,U
sz300850,新强联,2025-09-30 11:15:18,44.03,6300,44.05,D
sz300850,新强联,2025-09-30 11:15:30,44.01,6600,44.01,U
sz300850,新强联,2025-09-30 11:15:45,44.02,19900,44.01,U
sz300850,新强联,2025-09-30 11:15:48,44.0,11000,44.02,D
sz300850,新强联,2025-09-30 11:15:51,44.02,24253,44.0,U
sz300850,新强联,2025-09-30 11:16:00,44.02,4600,44.0,U
sz300850,新强联,2025-09-30 11:16:03,44.02,19147,44.02,U
sz300850,新强联,2025-09-30 11:16:24,43.97,7900,43.94,U
sz300850,新强联,2025-09-30 11:17:27,43.87,5800,43.87,D
sz300850,新强联,2025-09-30 11:18:09,43.91,5900,43.91,E
sz300850,新强联,2025-09-30 11:18:18,43.91,11100,43.92,D
sz300850,新强联,2025-09-30 11:18:33,43.89,4900,43.92,D
sz300850,新强联,2025-09-30 11:18:48,43.85,5500,43.86,D
sz300850,新强联,2025-09-30 11:19:06,43.85,8000,43.86,D
sz300850,新强联,2025-09-30 11:19:12,43.84,6300,43.84,D
sz300850,新强联,2025-09-30 11:19:15,43.84,6700,43.84,D
sz300850,新强联,2025-09-30 11:19:21,43.81,4800,43.82,D
sz300850,新强联,2025-09-30 11:20:12,43.84,12100,43.8,U
sz300850,新强联,2025-09-30 11:20:21,43.83,6900,43.83,D
sz300850,新强联,2025-09-30 11:20:45,43.86,4600,43.85,U
sz300850,新强联,2025-09-30 11:20:48,43.85,8800,43.86,D
sz300850,新强联,2025-09-30 11:21:00,43.83,12300,43.88,D
sz300850,新强联,2025-09-30 11:22:09,43.71,11700,43.71,E
sz300850,新强联,2025-09-30 11:22:12,43.77,21245,43.71,U
sz300850,新强联,2025-09-30 11:22:21,43.78,6300,43.75,U
sz300850,新强联,2025-09-30 11:26:03,43.7,9600,43.75,D
sz300850,新强联,2025-09-30 11:27:33,43.71,5600,43.71,D
sz300850,新强联,2025-09-30 11:28:06,43.68,6100,43.69,D
sz300850,新强联,2025-09-30 11:28:18,43.68,5500,43.67,U
sz300850,新强联,2025-09-30 11:29:15,43.66,5900,43.66,E
sz300850,新强联,2025-09-30 13:00:00,43.57,100900,43.6,D
sz300850,新强联,2025-09-30 13:00:03,43.6,14500,43.57,U
sz300850,新强联,2025-09-30 13:00:06,43.61,9300,43.6,U
sz300850,新强联,2025-09-30 13:00:09,43.68,5600,43.61,U
sz300850,新强联,2025-09-30 13:00:12,43.62,5700,43.68,D
sz300850,新强联,2025-09-30 13:00:36,43.58,6500,43.62,D
sz300850,新强联,2025-09-30 13:00:39,43.55,23774,43.58,D
sz300850,新强联,2025-09-30 13:00:45,43.55,16100,43.57,D
sz300850,新强联,2025-09-30 13:01:15,43.56,8000,43.54,U
sz300850,新强联,2025-09-30 13:01:57,43.7,12020,43.62,U
sz300850,新强联,2025-09-30 13:02:39,43.79,10700,43.76,U
sz300850,新强联,2025-09-30 13:02:42,43.86,15500,43.79,E
sz300850,新强联,2025-09-30 13:02:54,43.8,10600,43.74,U
sz300850,新强联,2025-09-30 13:03:03,43.84,11400,43.75,U
sz300850,新强联,2025-09-30 13:03:09,43.8,14900,43.8,D
sz300850,新强联,2025-09-30 13:03:39,43.79,18000,43.79,E
sz300850,新强联,2025-09-30 13:04:09,43.94,4600,43.82,U
sz300850,新强联,2025-09-30 13:04:18,43.99,8652,43.96,U
sz300850,新强联,2025-09-30 13:04:21,44.04,30500,43.99,U
sz300850,新强联,2025-09-30 13:04:24,44.06,4900,44.04,U
sz300850,新强联,2025-09-30 13:04:30,44.13,39771,44.08,U
sz300850,新强联,2025-09-30 13:04:33,44.2,118029,44.13,U
sz300850,新强联,2025-09-30 13:04:36,44.19,11700,44.2,D
sz300850,新强联,2025-09-30 13:04:39,44.2,5300,44.19,D
sz300850,新强联,2025-09-30 13:04:42,44.21,5800,44.2,U
sz300850,新强联,2025-09-30 13:05:03,44.21,16400,44.28,D
sz300850,新强联,2025-09-30 13:05:06,44.24,9100,44.21,U
sz300850,新强联,2025-09-30 13:05:09,44.21,12400,44.24,E
sz300850,新强联,2025-09-30 13:05:12,44.36,164171,44.21,U
sz300850,新强联,2025-09-30 13:05:15,44.38,19600,44.36,U
sz300850,新强联,2025-09-30 13:05:18,44.38,7700,44.38,U
sz300850,新强联,2025-09-30 13:05:21,44.38,30600,44.38,U
sz300850,新强联,2025-09-30 13:05:24,44.36,5000,44.38,D
sz300850,新强联,2025-09-30 13:05:27,44.36,8300,44.36,U
sz300850,新强联,2025-09-30 13:05:30,44.3,10400,44.36,D
sz300850,新强联,2025-09-30 13:05:33,44.3,5600,44.3,D
sz300850,新强联,2025-09-30 13:05:42,44.3,10900,44.3,D
sz300850,新强联,2025-09-30 13:05:45,44.31,35300,44.3,E
sz300850,新强联,2025-09-30 13:05:48,44.31,9900,44.31,D
sz300850,新强联,2025-09-30 13:05:51,44.37,12500,44.31,U
sz300850,新强联,2025-09-30 13:05:54,44.33,9000,44.37,U
sz300850,新强联,2025-09-30 13:06:03,44.29,13400,44.33,D
sz300850,新强联,2025-09-30 13:06:06,44.2,5100,44.29,D
sz300850,新强联,2025-09-30 13:06:12,44.2,5800,44.2,D
sz300850,新强联,2025-09-30 13:06:15,44.11,15100,44.2,D
sz300850,新强联,2025-09-30 13:07:06,44.01,5900,44.03,D
sz300850,新强联,2025-09-30 13:07:24,44.01,6700,44.01,D
sz300850,新强联,2025-09-30 13:07:33,43.98,29600,44.0,D
sz300850,新强联,2025-09-30 13:07:36,43.98,5400,43.98,D
sz300850,新强联,2025-09-30 13:07:54,44.01,5000,44.0,U
sz300850,新强联,2025-09-30 13:08:00,44.01,5300,44.01,U
sz300850,新强联,2025-09-30 13:08:15,44.06,16500,44.01,U
sz300850,新强联,2025-09-30 13:08:18,44.07,10700,44.06,U
sz300850,新强联,2025-09-30 13:08:24,44.06,5000,44.12,D
sz300850,新强联,2025-09-30 13:08:30,44.06,6700,44.04,U
sz300850,新强联,2025-09-30 13:08:45,44.04,4900,44.04,D
sz300850,新强联,2025-09-30 13:09:00,44.07,8800,44.1,D
sz300850,新强联,2025-09-30 13:09:03,44.01,23800,44.07,D
sz300850,新强联,2025-09-30 13:09:09,43.98,6600,43.99,D
sz300850,新强联,2025-09-30 13:09:12,43.99,4600,43.98,U
sz300850,新强联,2025-09-30 13:09:15,43.99,6000,43.99,D
sz300850,新强联,2025-09-30 13:10:12,44.11,6900,44.07,U
sz300850,新强联,2025-09-30 13:10:21,44.2,8400,44.12,U
sz300850,新强联,2025-09-30 13:10:27,44.16,11100,44.15,E
sz300850,新强联,2025-09-30 13:10:30,44.14,5300,44.16,E
sz300850,新强联,2025-09-30 13:10:36,44.14,7000,44.13,U
sz300850,新强联,2025-09-30 13:11:00,44.2,8100,44.18,U
sz300850,新强联,2025-09-30 13:11:09,44.2,9800,44.2,D
sz300850,新强联,2025-09-30 13:11:15,44.16,7100,44.18,D
sz300850,新强联,2025-09-30 13:11:18,44.17,5100,44.16,U
sz300850,新强联,2025-09-30 13:11:27,44.13,5800,44.14,D
sz300850,新强联,2025-09-30 13:11:48,44.11,6000,44.1,U
sz300850,新强联,2025-09-30 13:11:54,44.17,13000,44.13,U
sz300850,新强联,2025-09-30 13:12:03,44.19,6200,44.19,U
sz300850,新强联,2025-09-30 13:12:12,44.17,9100,44.17,D
sz300850,新强联,2025-09-30 13:12:21,44.12,6100,44.14,E
sz300850,新强联,2025-09-30 13:12:48,44.06,10300,44.0,U
sz300850,新强联,2025-09-30 13:13:06,44.02,9900,44.05,D
sz300850,新强联,2025-09-30 13:13:09,44.01,11000,44.02,D
sz300850,新强联,2025-09-30 13:13:57,44.03,10800,44.08,D
sz300850,新强联,2025-09-30 13:14:00,44.01,5500,44.03,D
sz300850,新强联,2025-09-30 13:15:42,44.03,5700,44.05,D
sz300850,新强联,2025-09-30 13:15:45,44.01,16400,44.03,D
sz300850,新强联,2025-09-30 13:15:48,44.01,11700,44.01,D
sz300850,新强联,2025-09-30 13:15:51,44.02,48200,44.01,U
sz300850,新强联,2025-09-30 13:15:54,44.03,10000,44.02,U
sz300850,新强联,2025-09-30 13:16:36,44.04,5000,44.01,U
sz300850,新强联,2025-09-30 13:17:09,43.95,6000,43.98,D
sz300850,新强联,2025-09-30 13:17:15,44.0,18700,43.92,U
sz300850,新强联,2025-09-30 13:17:18,44.0,5900,44.0,U
sz300850,新强联,2025-09-30 13:17:57,43.91,5100,43.99,D
sz300850,新强联,2025-09-30 13:18:18,43.96,7000,43.95,U
sz300850,新强联,2025-09-30 13:19:27,43.98,15600,43.94,U
sz300850,新强联,2025-09-30 13:21:06,43.91,15200,43.91,D
sz300850,新强联,2025-09-30 13:21:09,43.89,21200,43.91,D
sz300850,新强联,2025-09-30 13:22:00,43.85,7200,43.88,D
sz300850,新强联,2025-09-30 13:22:03,43.85,8100,43.85,U
sz300850,新强联,2025-09-30 13:22:42,43.83,5100,43.83,D
sz300850,新强联,2025-09-30 13:25:45,43.94,7500,43.94,D
sz300850,新强联,2025-09-30 13:25:54,43.94,6200,43.94,U
sz300850,新强联,2025-09-30 13:27:12,43.95,8200,43.96,D
sz300850,新强联,2025-09-30 13:27:15,43.94,6600,43.95,D
sz300850,新强联,2025-09-30 13:27:48,43.96,7400,44.0,D
sz300850,新强联,2025-09-30 13:28:00,43.95,5900,43.99,D
sz300850,新强联,2025-09-30 13:28:03,43.94,24900,43.95,D
sz300850,新强联,2025-09-30 13:28:09,43.95,5100,43.94,U
sz300850,新强联,2025-09-30 13:28:24,43.95,6200,43.96,D
sz300850,新强联,2025-09-30 13:28:42,43.93,5600,43.94,D
sz300850,新强联,2025-09-30 13:29:00,43.92,19400,43.93,D
sz300850,新强联,2025-09-30 13:29:03,43.88,35900,43.92,D
sz300850,新强联,2025-09-30 13:29:30,43.86,13000,43.85,U
sz300850,新强联,2025-09-30 13:30:00,43.83,5300,43.85,D
sz300850,新强联,2025-09-30 13:30:21,43.85,4900,43.85,U
sz300850,新强联,2025-09-30 13:30:27,43.85,5200,43.85,D
sz300850,新强联,2025-09-30 13:31:06,43.82,8700,43.82,D
sz300850,新强联,2025-09-30 13:31:45,43.8,8500,43.82,D
sz300850,新强联,2025-09-30 13:31:51,43.8,8600,43.81,D
sz300850,新强联,2025-09-30 13:31:54,43.81,16200,43.8,U
sz300850,新强联,2025-09-30 13:32:06,43.77,43600,43.82,D
sz300850,新强联,2025-09-30 13:32:09,43.76,5700,43.77,D
sz300850,新强联,2025-09-30 13:32:15,43.76,5300,43.77,U
sz300850,新强联,2025-09-30 13:32:39,43.71,5400,43.74,D
sz300850,新强联,2025-09-30 13:32:48,43.7,6700,43.71,D
sz300850,新强联,2025-09-30 13:33:06,43.69,4610,43.69,D
sz300850,新强联,2025-09-30 13:33:42,43.63,11600,43.63,D
sz300850,新强联,2025-09-30 13:33:48,43.63,11200,43.63,U
sz300850,新强联,2025-09-30 13:33:51,43.65,5500,43.63,U
sz300850,新强联,2025-09-30 13:33:54,43.65,4900,43.65,U
sz300850,新强联,2025-09-30 13:33:57,43.65,5100,43.65,U
sz300850,新强联,2025-09-30 13:34:33,43.65,39200,43.65,D
sz300850,新强联,2025-09-30 13:34:54,43.6,4600,43.61,D
sz300850,新强联,2025-09-30 13:35:03,43.6,7200,43.6,D
sz300850,新强联,2025-09-30 13:35:06,43.6,13400,43.6,D
sz300850,新强联,2025-09-30 13:35:09,43.61,6800,43.6,U
sz300850,新强联,2025-09-30 13:35:15,43.6,5800,43.58,U
sz300850,新强联,2025-09-30 13:35:39,43.57,8600,43.57,D
sz300850,新强联,2025-09-30 13:36:21,43.62,16500,43.62,U
sz300850,新强联,2025-09-30 13:36:57,43.63,5500,43.64,D
sz300850,新强联,2025-09-30 13:37:00,43.61,23300,43.63,D
sz300850,新强联,2025-09-30 13:37:03,43.54,11700,43.61,D
sz300850,新强联,2025-09-30 13:37:36,43.53,5774,43.52,U
sz300850,新强联,2025-09-30 13:37:45,43.53,5500,43.54,D
sz300850,新强联,2025-09-30 13:37:57,43.59,16000,43.55,U
sz300850,新强联,2025-09-30 13:38:33,43.55,5800,43.56,D
sz300850,新强联,2025-09-30 13:39:21,43.58,6600,43.56,U
sz300850,新强联,2025-09-30 13:39:54,43.6,10400,43.58,U
sz300850,新强联,2025-09-30 13:40:00,43.6,10917,43.6,U
sz300850,新强联,2025-09-30 13:40:21,43.59,15100,43.6,D
sz300850,新强联,2025-09-30 13:40:27,43.58,5683,43.58,D
sz300850,新强联,2025-09-30 13:40:51,43.57,12500,43.56,U
sz300850,新强联,2025-09-30 13:41:06,43.59,26283,43.59,D
sz300850,新强联,2025-09-30 13:41:42,43.55,6200,43.56,D
sz300850,新强联,2025-09-30 13:41:48,43.55,6200,43.55,D
sz300850,新强联,2025-09-30 13:42:00,43.56,5300,43.56,U
sz300850,新强联,2025-09-30 13:42:51,43.56,5300,43.56,U
sz300850,新强联,2025-09-30 13:42:57,43.55,5000,43.55,D
sz300850,新强联,2025-09-30 13:43:30,43.52,37026,43.53,D
sz300850,新强联,2025-09-30 13:43:36,43.5,34500,43.5,D
sz300850,新强联,2025-09-30 13:43:39,43.48,38800,43.5,D
sz300850,新强联,2025-09-30 13:44:03,43.42,5400,43.43,D
sz300850,新强联,2025-09-30 13:44:45,43.5,4700,43.5,U
sz300850,新强联,2025-09-30 13:44:48,43.5,6500,43.5,D
sz300850,新强联,2025-09-30 13:45:00,43.48,8000,43.5,D
sz300850,新强联,2025-09-30 13:45:09,43.47,6000,43.48,D
sz300850,新强联,2025-09-30 13:45:21,43.49,4800,43.49,U
sz300850,新强联,2025-09-30 13:46:45,43.47,21100,43.49,D
sz300850,新强联,2025-09-30 13:46:48,43.47,5000,43.47,D
sz300850,新强联,2025-09-30 13:46:54,43.45,7100,43.46,D
sz300850,新强联,2025-09-30 13:47:03,43.44,5100,43.45,D
sz300850,新强联,2025-09-30 13:47:15,43.44,5200,43.44,D
sz300850,新强联,2025-09-30 13:47:24,43.44,4900,43.44,D
sz300850,新强联,2025-09-30 13:47:54,43.43,6600,43.43,U
sz300850,新强联,2025-09-30 13:48:36,43.42,20000,43.42,D
sz300850,新强联,2025-09-30 13:49:00,43.41,4800,43.4,U
sz300850,新强联,2025-09-30 13:49:03,43.4,8500,43.41,D
sz300850,新强联,2025-09-30 13:50:45,43.43,15300,43.43,D
sz300850,新强联,2025-09-30 13:50:51,43.42,6400,43.43,D
sz300850,新强联,2025-09-30 13:50:54,43.42,9200,43.42,D
sz300850,新强联,2025-09-30 13:52:30,43.39,70300,43.42,D
sz300850,新强联,2025-09-30 13:53:27,43.31,15800,43.32,D
sz300850,新强联,2025-09-30 13:53:36,43.29,22800,43.29,D
sz300850,新强联,2025-09-30 13:54:03,43.32,7300,43.32,U
sz300850,新强联,2025-09-30 13:54:57,43.35,12800,43.36,U
sz300850,新强联,2025-09-30 13:55:03,43.33,9800,43.36,D
sz300850,新强联,2025-09-30 13:55:06,43.3,22000,43.33,D
sz300850,新强联,2025-09-30 13:55:09,43.3,13200,43.3,D
sz300850,新强联,2025-09-30 13:55:15,43.29,11900,43.29,D
sz300850,新强联,2025-09-30 13:55:18,43.29,6700,43.29,D
sz300850,新强联,2025-09-30 13:55:21,43.28,6000,43.29,D
sz300850,新强联,2025-09-30 13:55:39,43.25,11400,43.26,D
sz300850,新强联,2025-09-30 13:55:48,43.25,6900,43.25,D
sz300850,新强联,2025-09-30 13:56:12,43.22,44200,43.22,U
sz300850,新强联,2025-09-30 13:56:42,43.16,86200,43.19,D
sz300850,新强联,2025-09-30 13:56:51,43.15,37000,43.15,D
sz300850,新强联,2025-09-30 13:56:54,43.15,5400,43.15,U
sz300850,新强联,2025-09-30 13:56:57,43.14,27200,43.15,D
sz300850,新强联,2025-09-30 13:57:06,43.11,43100,43.12,D
sz300850,新强联,2025-09-30 13:57:12,43.13,6700,43.13,U
sz300850,新强联,2025-09-30 13:57:15,43.11,6300,43.13,U
sz300850,新强联,2025-09-30 13:57:33,43.1,4700,43.13,D
sz300850,新强联,2025-09-30 13:57:45,43.12,9500,43.12,D
sz300850,新强联,2025-09-30 13:57:48,43.13,15669,43.12,D
sz300850,新强联,2025-09-30 13:57:51,43.11,7431,43.13,D
sz300850,新强联,2025-09-30 13:57:54,43.12,6469,43.11,U
sz300850,新强联,2025-09-30 13:58:09,43.11,4869,43.1,U
sz300850,新强联,2025-09-30 13:58:12,43.1,4900,43.11,D
sz300850,新强联,2025-09-30 13:58:42,43.17,11800,43.12,U
sz300850,新强联,2025-09-30 13:59:00,43.2,6900,43.15,U
sz300850,新强联,2025-09-30 13:59:12,43.26,8400,43.24,U
sz300850,新强联,2025-09-30 13:59:39,43.25,7000,43.26,D
sz300850,新强联,2025-09-30 14:00:45,43.25,34000,43.26,D
sz300850,新强联,2025-09-30 14:00:51,43.25,5300,43.25,U
sz300850,新强联,2025-09-30 14:01:06,43.27,10800,43.26,U
sz300850,新强联,2025-09-30 14:01:09,43.29,18900,43.27,U
sz300850,新强联,2025-09-30 14:01:39,43.34,9100,43.33,U
sz300850,新强联,2025-09-30 14:01:45,43.34,39800,43.34,U
sz300850,新强联,2025-09-30 14:01:48,43.34,5800,43.34,D
sz300850,新强联,2025-09-30 14:01:51,43.36,17700,43.34,U
sz300850,新强联,2025-09-30 14:02:00,43.36,12200,43.39,D
sz300850,新强联,2025-09-30 14:02:12,43.36,51531,43.36,D
sz300850,新强联,2025-09-30 14:02:36,43.37,5100,43.39,D
sz300850,新强联,2025-09-30 14:03:00,43.36,8500,43.35,U
sz300850,新强联,2025-09-30 14:03:03,43.36,15100,43.36,U
sz300850,新强联,2025-09-30 14:03:06,43.37,4900,43.36,U
sz300850,新强联,2025-09-30 14:03:12,43.47,6600,43.4,U
sz300850,新强联,2025-09-30 14:03:39,43.49,5700,43.49,U
sz300850,新强联,2025-09-30 14:03:42,43.51,37600,43.49,U
sz300850,新强联,2025-09-30 14:03:45,43.52,26700,43.51,E
sz300850,新强联,2025-09-30 14:03:48,43.51,5800,43.52,D
sz300850,新强联,2025-09-30 14:03:54,43.51,5100,43.51,D
sz300850,新强联,2025-09-30 14:05:27,43.51,14900,43.49,U
sz300850,新强联,2025-09-30 14:05:45,43.55,4900,43.57,D
sz300850,新强联,2025-09-30 14:06:00,43.6,14700,43.58,U
sz300850,新强联,2025-09-30 14:06:21,43.66,7300,43.64,U
sz300850,新强联,2025-09-30 14:06:27,43.59,17600,43.65,D
sz300850,新强联,2025-09-30 14:06:30,43.6,11100,43.59,U
sz300850,新强联,2025-09-30 14:07:18,43.61,5700,43.58,U
sz300850,新强联,2025-09-30 14:07:33,43.62,5000,43.66,D
sz300850,新强联,2025-09-30 14:07:42,43.62,7900,43.65,D
sz300850,新强联,2025-09-30 14:08:18,43.61,5500,43.63,D
sz300850,新强联,2025-09-30 14:08:51,43.57,9300,43.58,D
sz300850,新强联,2025-09-30 14:08:57,43.59,16500,43.57,U
sz300850,新强联,2025-09-30 14:09:30,43.57,38100,43.57,U
sz300850,新强联,2025-09-30 14:09:54,43.56,13000,43.57,D
sz300850,新强联,2025-09-30 14:10:06,43.57,6000,43.57,U
sz300850,新强联,2025-09-30 14:10:09,43.5,27000,43.57,D
sz300850,新强联,2025-09-30 14:10:12,43.5,6400,43.5,U
sz300850,新强联,2025-09-30 14:12:00,43.58,7600,43.55,U
sz300850,新强联,2025-09-30 14:12:15,43.57,5900,43.56,U
sz300850,新强联,2025-09-30 14:13:12,43.5,7800,43.51,U
sz300850,新强联,2025-09-30 14:13:42,43.5,4600,43.5,D
sz300850,新强联,2025-09-30 14:13:45,43.47,5300,43.5,D
sz300850,新强联,2025-09-30 14:13:57,43.51,12200,43.51,U
sz300850,新强联,2025-09-30 14:14:18,43.5,5300,43.46,U
sz300850,新强联,2025-09-30 14:15:30,43.5,7300,43.53,D
sz300850,新强联,2025-09-30 14:15:51,43.56,6300,43.5,U
sz300850,新强联,2025-09-30 14:17:15,43.6,5500,43.59,U
sz300850,新强联,2025-09-30 14:17:36,43.65,7100,43.65,U
sz300850,新强联,2025-09-30 14:17:45,43.7,11600,43.69,U
sz300850,新强联,2025-09-30 14:17:48,43.69,10600,43.7,D
sz300850,新强联,2025-09-30 14:17:51,43.66,6700,43.69,D
sz300850,新强联,2025-09-30 14:17:54,43.65,7700,43.66,D
sz300850,新强联,2025-09-30 14:18:03,43.63,14700,43.65,D
sz300850,新强联,2025-09-30 14:18:06,43.69,22000,43.63,U
sz300850,新强联,2025-09-30 14:18:15,43.69,6900,43.69,U
sz300850,新强联,2025-09-30 14:18:21,43.72,4900,43.69,U
sz300850,新强联,2025-09-30 14:18:24,43.69,4800,43.72,D
sz300850,新强联,2025-09-30 14:18:27,43.72,10200,43.69,U
sz300850,新强联,2025-09-30 14:18:30,43.72,7200,43.72,D
sz300850,新强联,2025-09-30 14:18:33,43.72,4700,43.72,D
sz300850,新强联,2025-09-30 14:18:42,43.7,22800,43.74,D
sz300850,新强联,2025-09-30 14:18:45,43.72,11600,43.7,U
sz300850,新强联,2025-09-30 14:19:03,43.71,5300,43.72,D
sz300850,新强联,2025-09-30 14:19:18,43.73,12900,43.72,U
sz300850,新强联,2025-09-30 14:19:36,43.74,10700,43.75,D
sz300850,新强联,2025-09-30 14:19:42,43.74,8224,43.75,E
sz300850,新强联,2025-09-30 14:19:51,43.74,4800,43.72,U
sz300850,新强联,2025-09-30 14:20:12,43.75,6300,43.75,U
sz300850,新强联,2025-09-30 14:20:24,43.75,5100,43.74,U
sz300850,新强联,2025-09-30 14:20:33,43.74,7600,43.74,U
sz300850,新强联,2025-09-30 14:20:39,43.75,7100,43.73,U
sz300850,新强联,2025-09-30 14:21:00,43.75,6300,43.73,U
sz300850,新强联,2025-09-30 14:21:03,43.73,6800,43.75,U
sz300850,新强联,2025-09-30 14:21:09,43.74,14200,43.73,U
sz300850,新强联,2025-09-30 14:21:48,43.7,74276,43.74,D
sz300850,新强联,2025-09-30 14:21:51,43.71,23400,43.7,U
sz300850,新强联,2025-09-30 14:21:57,43.7,35600,43.68,E
sz300850,新强联,2025-09-30 14:22:18,43.72,7500,43.71,U
sz300850,新强联,2025-09-30 14:22:42,43.73,4800,43.72,U
sz300850,新强联,2025-09-30 14:23:06,43.71,9800,43.71,D
sz300850,新强联,2025-09-30 14:23:42,43.67,12400,43.68,D
sz300850,新强联,2025-09-30 14:23:57,43.67,6600,43.66,U
sz300850,新强联,2025-09-30 14:24:03,43.67,8900,43.67,U
sz300850,新强联,2025-09-30 14:24:06,43.66,6400,43.67,D
sz300850,新强联,2025-09-30 14:24:18,43.65,11900,43.67,D
sz300850,新强联,2025-09-30 14:24:21,43.65,6400,43.65,D
sz300850,新强联,2025-09-30 14:24:27,43.66,13200,43.63,U
sz300850,新强联,2025-09-30 14:25:27,43.74,22000,43.71,U
sz300850,新强联,2025-09-30 14:25:39,43.7,7200,43.68,U
sz300850,新强联,2025-09-30 14:25:57,43.71,5100,43.71,U
sz300850,新强联,2025-09-30 14:26:03,43.67,26700,43.71,D
sz300850,新强联,2025-09-30 14:26:51,43.7,9900,43.7,U
sz300850,新强联,2025-09-30 14:27:00,43.7,4600,43.71,D
sz300850,新强联,2025-09-30 14:27:03,43.71,10300,43.7,U
sz300850,新强联,2025-09-30 14:27:09,43.71,14700,43.71,U
sz300850,新强联,2025-09-30 14:27:36,43.78,24800,43.76,U
sz300850,新强联,2025-09-30 14:27:39,43.78,14600,43.78,U
sz300850,新强联,2025-09-30 14:27:42,43.78,7500,43.78,U
sz300850,新强联,2025-09-30 14:27:45,43.76,11200,43.78,D
sz300850,新强联,2025-09-30 14:27:51,43.74,5500,43.76,D
sz300850,新强联,2025-09-30 14:28:06,43.7,10100,43.72,D
sz300850,新强联,2025-09-30 14:28:09,43.7,7000,43.7,D
sz300850,新强联,2025-09-30 14:28:30,43.71,11900,43.71,D
sz300850,新强联,2025-09-30 14:28:33,43.7,9200,43.71,D
sz300850,新强联,2025-09-30 14:28:39,43.66,46900,43.71,D
sz300850,新强联,2025-09-30 14:28:48,43.67,9500,43.68,E
sz300850,新强联,2025-09-30 14:29:00,43.66,27700,43.67,D
sz300850,新强联,2025-09-30 14:29:03,43.61,27620,43.66,D
sz300850,新强联,2025-09-30 14:29:21,43.63,22600,43.61,U
sz300850,新强联,2025-09-30 14:29:24,43.59,6700,43.63,D
sz300850,新强联,2025-09-30 14:29:42,43.55,7100,43.57,D
sz300850,新强联,2025-09-30 14:29:51,43.56,8300,43.57,D
sz300850,新强联,2025-09-30 14:30:03,43.54,18088,43.57,D
sz300850,新强联,2025-09-30 14:30:12,43.55,5958,43.54,D
sz300850,新强联,2025-09-30 14:31:18,43.55,57110,43.58,D
sz300850,新强联,2025-09-30 14:31:36,43.54,43700,43.53,U
sz300850,新强联,2025-09-30 14:31:48,43.5,6100,43.53,D
sz300850,新强联,2025-09-30 14:32:03,43.51,9500,43.51,U
sz300850,新强联,2025-09-30 14:32:12,43.53,5000,43.53,U
sz300850,新强联,2025-09-30 14:32:45,43.56,4900,43.57,D
sz300850,新强联,2025-09-30 14:33:03,43.56,5600,43.56,D
sz300850,新强联,2025-09-30 14:33:09,43.55,6100,43.56,D
sz300850,新强联,2025-09-30 14:33:12,43.56,10400,43.55,E
sz300850,新强联,2025-09-30 14:33:27,43.52,13300,43.54,D
sz300850,新强联,2025-09-30 14:33:30,43.52,5400,43.52,D
sz300850,新强联,2025-09-30 14:33:33,43.52,7300,43.52,D
sz300850,新强联,2025-09-30 14:33:36,43.52,22000,43.52,D
sz300850,新强联,2025-09-30 14:33:39,43.55,46000,43.52,U
sz300850,新强联,2025-09-30 14:33:42,43.55,7400,43.55,D
sz300850,新强联,2025-09-30 14:33:45,43.52,10500,43.55,D
sz300850,新强联,2025-09-30 14:34:24,43.56,5000,43.57,D
sz300850,新强联,2025-09-30 14:35:00,43.57,7300,43.57,D
sz300850,新强联,2025-09-30 14:35:06,43.6,22200,43.56,U
sz300850,新强联,2025-09-30 14:35:39,43.58,9100,43.59,D
sz300850,新强联,2025-09-30 14:36:03,43.56,6500,43.57,D
sz300850,新强联,2025-09-30 14:36:21,43.54,10000,43.55,D
sz300850,新强联,2025-09-30 14:36:33,43.51,6500,43.52,D
sz300850,新强联,2025-09-30 14:36:36,43.5,17900,43.51,D
sz300850,新强联,2025-09-30 14:36:39,43.5,9500,43.5,D
sz300850,新强联,2025-09-30 14:36:42,43.5,6400,43.5,D
sz300850,新强联,2025-09-30 14:36:45,43.51,10700,43.5,U
sz300850,新强联,2025-09-30 14:36:51,43.49,17700,43.5,D
sz300850,新强联,2025-09-30 14:36:54,43.49,5800,43.49,D
sz300850,新强联,2025-09-30 14:37:00,43.49,11200,43.5,D
sz300850,新强联,2025-09-30 14:37:03,43.48,7800,43.49,D
sz300850,新强联,2025-09-30 14:37:09,43.48,15700,43.49,D
sz300850,新强联,2025-09-30 14:37:12,43.49,5000,43.48,U
sz300850,新强联,2025-09-30 14:37:15,43.49,15800,43.49,U
sz300850,新强联,2025-09-30 14:37:21,43.49,6500,43.5,D
sz300850,新强联,2025-09-30 14:37:30,43.5,11700,43.48,U
sz300850,新强联,2025-09-30 14:38:18,43.51,5600,43.52,D
sz300850,新强联,2025-09-30 14:38:30,43.5,37500,43.5,D
sz300850,新强联,2025-09-30 14:38:36,43.51,4600,43.5,U
sz300850,新强联,2025-09-30 14:38:39,43.52,7600,43.51,U
sz300850,新强联,2025-09-30 14:38:57,43.5,12300,43.52,D
sz300850,新强联,2025-09-30 14:39:00,43.5,7900,43.5,D
sz300850,新强联,2025-09-30 14:39:33,43.54,5700,43.54,U
sz300850,新强联,2025-09-30 14:40:09,43.55,7800,43.54,U
sz300850,新强联,2025-09-30 14:40:48,43.57,16000,43.56,U
sz300850,新强联,2025-09-30 14:41:00,43.6,11200,43.59,E
sz300850,新强联,2025-09-30 14:41:12,43.56,5700,43.57,D
sz300850,新强联,2025-09-30 14:41:27,43.57,7200,43.56,U
sz300850,新强联,2025-09-30 14:41:39,43.57,4800,43.58,D
sz300850,新强联,2025-09-30 14:42:00,43.57,12400,43.59,D
sz300850,新强联,2025-09-30 14:42:03,43.56,6300,43.57,D
sz300850,新强联,2025-09-30 14:42:15,43.54,10300,43.56,D
sz300850,新强联,2025-09-30 14:42:36,43.53,7500,43.53,D
sz300850,新强联,2025-09-30 14:42:45,43.54,6100,43.54,D
sz300850,新强联,2025-09-30 14:43:09,43.56,4700,43.55,U
sz300850,新强联,2025-09-30 14:43:45,43.56,6400,43.56,D
sz300850,新强联,2025-09-30 14:44:00,43.58,14900,43.59,E
sz300850,新强联,2025-09-30 14:44:03,43.57,15900,43.58,U
sz300850,新强联,2025-09-30 14:44:21,43.57,7400,43.56,U
sz300850,新强联,2025-09-30 14:44:39,43.58,6500,43.57,U
sz300850,新强联,2025-09-30 14:45:00,43.54,67300,43.58,D
sz300850,新强联,2025-09-30 14:45:03,43.51,17300,43.54,D
sz300850,新强联,2025-09-30 14:45:06,43.5,16900,43.51,D
sz300850,新强联,2025-09-30 14:45:09,43.5,9300,43.5,D
sz300850,新强联,2025-09-30 14:45:12,43.49,19400,43.5,D
sz300850,新强联,2025-09-30 14:45:15,43.49,5300,43.49,D
sz300850,新强联,2025-09-30 14:45:21,43.51,14500,43.5,U
sz300850,新强联,2025-09-30 14:45:48,43.49,8100,43.5,D
sz300850,新强联,2025-09-30 14:45:51,43.46,22100,43.49,D
sz300850,新强联,2025-09-30 14:46:03,43.45,5300,43.45,D
sz300850,新强联,2025-09-30 14:46:09,43.48,12800,43.45,U
sz300850,新强联,2025-09-30 14:46:27,43.51,19400,43.5,U
sz300850,新强联,2025-09-30 14:46:30,43.51,8100,43.51,U
sz300850,新强联,2025-09-30 14:46:48,43.55,5700,43.54,U
sz300850,新强联,2025-09-30 14:47:06,43.52,27900,43.55,D
sz300850,新强联,2025-09-30 14:47:09,43.52,4600,43.52,E
sz300850,新强联,2025-09-30 14:47:12,43.51,8500,43.52,D
sz300850,新强联,2025-09-30 14:47:18,43.52,7300,43.52,U
sz300850,新强联,2025-09-30 14:47:39,43.53,4900,43.52,D
sz300850,新强联,2025-09-30 14:47:54,43.54,5500,43.53,U
sz300850,新强联,2025-09-30 14:48:03,43.53,9900,43.53,D
sz300850,新强联,2025-09-30 14:48:09,43.52,6855,43.52,D
sz300850,新强联,2025-09-30 14:48:18,43.5,6500,43.52,D
sz300850,新强联,2025-09-30 14:48:33,43.51,8300,43.5,U
sz300850,新强联,2025-09-30 14:48:36,43.51,7900,43.51,U
sz300850,新强联,2025-09-30 14:48:45,43.51,6200,43.52,D
sz300850,新强联,2025-09-30 14:48:48,43.52,6300,43.51,U
sz300850,新强联,2025-09-30 14:49:30,43.54,5300,43.55,U
sz300850,新强联,2025-09-30 14:49:33,43.55,5600,43.54,U
sz300850,新强联,2025-09-30 14:49:36,43.54,5200,43.55,D
sz300850,新强联,2025-09-30 14:49:39,43.54,4900,43.54,D
sz300850,新强联,2025-09-30 14:49:51,43.54,7500,43.54,D
sz300850,新强联,2025-09-30 14:50:00,43.53,111700,43.55,D
sz300850,新强联,2025-09-30 14:50:03,43.51,69800,43.53,D
sz300850,新强联,2025-09-30 14:50:12,43.55,8100,43.54,U
sz300850,新强联,2025-09-30 14:50:21,43.52,39500,43.52,U
sz300850,新强联,2025-09-30 14:50:24,43.53,5100,43.52,E
sz300850,新强联,2025-09-30 14:50:39,43.57,21700,43.53,U
sz300850,新强联,2025-09-30 14:50:51,43.55,6300,43.55,D
sz300850,新强联,2025-09-30 14:50:54,43.56,6000,43.55,U
sz300850,新强联,2025-09-30 14:50:57,43.56,10600,43.56,U
sz300850,新强联,2025-09-30 14:51:06,43.56,4700,43.57,D
sz300850,新强联,2025-09-30 14:51:12,43.57,21900,43.56,U
sz300850,新强联,2025-09-30 14:51:21,43.58,4700,43.58,U
sz300850,新强联,2025-09-30 14:51:24,43.6,13900,43.58,U
sz300850,新强联,2025-09-30 14:51:30,43.61,6100,43.6,U
sz300850,新强联,2025-09-30 14:51:33,43.62,7000,43.61,U
sz300850,新强联,2025-09-30 14:51:39,43.59,55200,43.61,D
sz300850,新强联,2025-09-30 14:52:06,43.6,7100,43.57,U
sz300850,新强联,2025-09-30 14:52:12,43.6,5800,43.57,U
sz300850,新强联,2025-09-30 14:52:30,43.55,63500,43.58,D
sz300850,新强联,2025-09-30 14:52:33,43.57,16400,43.55,E
sz300850,新强联,2025-09-30 14:52:36,43.57,17600,43.57,D
sz300850,新强联,2025-09-30 14:52:45,43.57,8847,43.56,U
sz300850,新强联,2025-09-30 14:52:57,43.57,8900,43.57,U
sz300850,新强联,2025-09-30 14:53:00,43.57,13200,43.57,U
sz300850,新强联,2025-09-30 14:53:03,43.57,22000,43.57,U
sz300850,新强联,2025-09-30 14:53:12,43.56,7500,43.57,D
sz300850,新强联,2025-09-30 14:53:15,43.56,4800,43.56,U
sz300850,新强联,2025-09-30 14:53:24,43.57,5100,43.56,U
sz300850,新强联,2025-09-30 14:53:27,43.57,5300,43.57,U
sz300850,新强联,2025-09-30 14:53:30,43.56,13000,43.57,D
sz300850,新强联,2025-09-30 14:53:33,43.55,10700,43.56,D
sz300850,新强联,2025-09-30 14:53:36,43.56,5300,43.55,U
sz300850,新强联,2025-09-30 14:53:39,43.57,6900,43.56,U
sz300850,新强联,2025-09-30 14:53:48,43.56,9700,43.56,D
sz300850,新强联,2025-09-30 14:53:51,43.56,23700,43.56,D
sz300850,新强联,2025-09-30 14:53:57,43.55,29253,43.55,D
sz300850,新强联,2025-09-30 14:54:00,43.54,5400,43.55,D
sz300850,新强联,2025-09-30 14:54:03,43.54,27700,43.54,D
sz300850,新强联,2025-09-30 14:54:06,43.52,28000,43.54,D
sz300850,新强联,2025-09-30 14:54:09,43.52,52800,43.52,D
sz300850,新强联,2025-09-30 14:54:12,43.52,16900,43.52,D
sz300850,新强联,2025-09-30 14:54:15,43.52,39500,43.52,D
sz300850,新强联,2025-09-30 14:54:18,43.53,10300,43.52,E
sz300850,新强联,2025-09-30 14:54:27,43.53,12200,43.53,D
sz300850,新强联,2025-09-30 14:54:30,43.51,42200,43.53,D
sz300850,新强联,2025-09-30 14:54:33,43.51,15100,43.51,D
sz300850,新强联,2025-09-30 14:54:36,43.51,10100,43.51,D
sz300850,新强联,2025-09-30 14:54:39,43.52,12600,43.51,U
sz300850,新强联,2025-09-30 14:54:42,43.52,5000,43.52,D
sz300850,新强联,2025-09-30 14:54:48,43.52,4800,43.53,D
sz300850,新强联,2025-09-30 14:54:54,43.53,8600,43.52,U
sz300850,新强联,2025-09-30 14:54:57,43.51,21300,43.53,D
sz300850,新强联,2025-09-30 14:55:00,43.5,7538,43.51,D
sz300850,新强联,2025-09-30 14:55:03,43.48,110262,43.5,D
sz300850,新强联,2025-09-30 14:55:09,43.48,5400,43.49,E
sz300850,新强联,2025-09-30 14:55:18,43.47,5800,43.46,U
sz300850,新强联,2025-09-30 14:55:21,43.47,8400,43.47,U
sz300850,新强联,2025-09-30 14:55:24,43.46,7300,43.47,D
sz300850,新强联,2025-09-30 14:55:30,43.47,23394,43.48,D
sz300850,新强联,2025-09-30 14:55:36,43.48,9900,43.48,D
sz300850,新强联,2025-09-30 14:55:39,43.47,4706,43.48,D
sz300850,新强联,2025-09-30 14:55:42,43.45,15600,43.47,D
sz300850,新强联,2025-09-30 14:55:45,43.48,30394,43.45,U
sz300850,新强联,2025-09-30 14:55:48,43.48,6100,43.48,D
sz300850,新强联,2025-09-30 14:55:51,43.48,5800,43.48,D
sz300850,新强联,2025-09-30 14:55:54,43.48,16106,43.48,D
sz300850,新强联,2025-09-30 14:55:57,43.45,7100,43.48,D
sz300850,新强联,2025-09-30 14:56:00,43.46,7500,43.45,D
sz300850,新强联,2025-09-30 14:56:03,43.48,27634,43.46,U
sz300850,新强联,2025-09-30 14:56:09,43.4,7900,43.47,D
sz300850,新强联,2025-09-30 14:56:12,43.47,21300,43.4,E
sz300850,新强联,2025-09-30 14:56:21,43.48,37500,43.47,U
sz300850,新强联,2025-09-30 14:56:24,43.48,7200,43.48,U
sz300850,新强联,2025-09-30 14:56:27,43.47,6900,43.48,D
sz300850,新强联,2025-09-30 14:56:30,43.47,11500,43.47,D
sz300850,新强联,2025-09-30 14:56:33,43.45,16500,43.47,D
sz300850,新强联,2025-09-30 14:56:39,43.46,8000,43.45,U
sz300850,新强联,2025-09-30 14:56:42,43.46,4800,43.46,D
sz300850,新强联,2025-09-30 14:56:54,43.47,23885,43.47,D
sz300850,新强联,2025-09-30 14:56:57,43.48,11200,43.47,U
sz300850,新强联,2025-09-30 14:57:00,43.48,9000,43.48,U
sz300850,新强联,2025-09-30 15:00:00,43.48,172236,43.48,U
