symbol,name,ticktime,price,volume,prev_price,kind
sz300850,新强联,2025-09-26 09:25:00,40.28,168067,0.0,U
sz300850,新强联,2025-09-26 09:30:00,40.25,159800,40.28,D
sz300850,新强联,2025-09-26 09:30:03,40.21,48000,40.25,D
sz300850,新强联,2025-09-26 09:30:06,40.1,20400,40.21,D
sz300850,新强联,2025-09-26 09:30:09,40.2,22500,40.1,E
sz300850,新强联,2025-09-26 09:30:12,40.24,20300,40.2,U
sz300850,新强联,2025-09-26 09:30:15,40.21,15600,40.24,U
sz300850,新强联,2025-09-26 09:30:18,40.26,34430,40.21,U
sz300850,新强联,2025-09-26 09:30:21,40.48,54551,40.26,U
sz300850,新强联,2025-09-26 09:30:24,40.48,10175,40.48,U
sz300850,新强联,2025-09-26 09:30:27,40.5,15116,40.48,U
sz300850,新强联,2025-09-26 09:30:30,40.53,24104,40.5,U
sz300850,新强联,2025-09-26 09:30:33,40.48,41280,40.53,D
sz300850,新强联,2025-09-26 09:30:36,40.41,95829,40.48,D
sz300850,新强联,2025-09-26 09:30:39,40.43,46071,40.41,E
sz300850,新强联,2025-09-26 09:30:42,40.42,25900,40.43,D
sz300850,新强联,2025-09-26 09:30:45,40.41,33300,40.42,D
sz300850,新强联,2025-09-26 09:30:48,40.41,9600,40.41,E
sz300850,新强联,2025-09-26 09:30:51,40.4,8500,40.41,E
sz300850,新强联,2025-09-26 09:30:54,40.42,6076,40.4,E
sz300850,新强联,2025-09-26 09:30:57,40.55,17640,40.42,U
sz300850,新强联,2025-09-26 09:31:00,40.47,81658,40.55,D
sz300850,新强联,2025-09-26 09:31:03,40.46,7000,40.47,D
sz300850,新强联,2025-09-26 09:31:06,40.52,20600,40.46,E
sz300850,新强联,2025-09-26 09:31:09,40.55,10400,40.52,U
sz300850,新强联,2025-09-26 09:31:12,40.55,13400,40.55,U
sz300850,新强联,2025-09-26 09:31:15,40.64,63500,40.55,U
sz300850,新强联,2025-09-26 09:31:18,40.74,18992,40.64,U
sz300850,新强联,2025-09-26 09:31:21,40.85,101643,40.74,U
sz300850,新强联,2025-09-26 09:31:24,40.88,32618,40.85,U
sz300850,新强联,2025-09-26 09:31:27,40.93,24393,40.88,E
sz300850,新强联,2025-09-26 09:31:30,40.98,92272,40.93,U
sz300850,新强联,2025-09-26 09:31:33,40.98,32225,40.98,D
sz300850,新强联,2025-09-26 09:31:36,41.0,35100,40.98,U
sz300850,新强联,2025-09-26 09:31:39,41.09,44900,41.0,U
sz300850,新强联,2025-09-26 09:31:42,41.11,16800,41.09,U
sz300850,新强联,2025-09-26 09:31:45,41.15,29435,41.11,E
sz300850,新强联,2025-09-26 09:31:48,41.2,40482,41.15,U
sz300850,新强联,2025-09-26 09:31:51,41.18,43400,41.2,D
sz300850,新强联,2025-09-26 09:31:54,41.25,62600,41.18,U
sz300850,新强联,2025-09-26 09:31:57,41.3,33800,41.25,U
sz300850,新强联,2025-09-26 09:32:00,41.27,37136,41.3,D
sz300850,新强联,2025-09-26 09:32:03,41.28,37300,41.27,U
sz300850,新强联,2025-09-26 09:32:06,41.28,43000,41.28,U
sz300850,新强联,2025-09-26 09:32:09,41.25,75900,41.28,E
sz300850,新强联,2025-09-26 09:32:12,41.27,38800,41.25,U
sz300850,新强联,2025-09-26 09:32:15,41.32,49202,41.27,U
sz300850,新强联,2025-09-26 09:32:18,41.48,22483,41.32,U
sz300850,新强联,2025-09-26 09:32:21,41.49,51735,41.48,U
sz300850,新强联,2025-09-26 09:32:24,41.56,18200,41.49,E
sz300850,新强联,2025-09-26 09:32:27,41.59,18317,41.56,U
sz300850,新强联,2025-09-26 09:32:30,41.63,33400,41.59,U
sz300850,新强联,2025-09-26 09:32:33,41.62,22400,41.63,D
sz300850,新强联,2025-09-26 09:32:36,41.65,41000,41.62,U
sz300850,新强联,2025-09-26 09:32:39,41.59,60283,41.65,D
sz300850,新强联,2025-09-26 09:32:42,41.65,46892,41.59,U
sz300850,新强联,2025-09-26 09:32:45,41.75,94800,41.65,U
sz300850,新强联,2025-09-26 09:32:48,41.67,11700,41.75,D
sz300850,新强联,2025-09-26 09:32:51,41.67,25700,41.67,D
sz300850,新强联,2025-09-26 09:32:54,41.67,25500,41.67,D
sz300850,新强联,2025-09-26 09:32:57,41.73,40400,41.67,U
sz300850,新强联,2025-09-26 09:33:00,41.7,18200,41.73,E
sz300850,新强联,2025-09-26 09:33:03,41.73,29558,41.7,U
sz300850,新强联,2025-09-26 09:33:06,41.75,36300,41.73,U
sz300850,新强联,2025-09-26 09:33:09,41.73,34100,41.75,D
sz300850,新强联,2025-09-26 09:33:12,41.75,22200,41.73,U
sz300850,新强联,2025-09-26 09:33:15,41.69,34900,41.75,D
sz300850,新强联,2025-09-26 09:33:18,41.73,50000,41.69,U
sz300850,新强联,2025-09-26 09:33:21,41.68,29300,41.73,D
sz300850,新强联,2025-09-26 09:33:24,41.75,71500,41.68,U
sz300850,新强联,2025-09-26 09:33:27,41.78,124547,41.75,U
sz300850,新强联,2025-09-26 09:33:30,41.89,132004,41.78,U
sz300850,新强联,2025-09-26 09:33:33,41.98,226776,41.89,U
sz300850,新强联,2025-09-26 09:33:36,41.95,83780,41.98,D
sz300850,新强联,2025-09-26 09:33:39,41.98,44400,41.95,U
sz300850,新强联,2025-09-26 09:33:42,42.08,43700,41.98,U
sz300850,新强联,2025-09-26 09:33:45,42.2,69834,42.08,U
sz300850,新强联,2025-09-26 09:33:48,42.08,83300,42.2,D
sz300850,新强联,2025-09-26 09:33:51,42.08,14900,42.08,U
sz300850,新强联,2025-09-26 09:33:54,42.08,49166,42.08,D
sz300850,新强联,2025-09-26 09:33:57,42.03,40900,42.08,E
sz300850,新强联,2025-09-26 09:34:00,42.02,42500,42.03,D
sz300850,新强联,2025-09-26 09:34:03,41.9,54320,42.02,D
sz300850,新强联,2025-09-26 09:34:06,41.91,65000,41.9,E
sz300850,新强联,2025-09-26 09:34:09,41.84,21000,41.91,D
sz300850,新强联,2025-09-26 09:34:12,41.78,13900,41.84,D
sz300850,新强联,2025-09-26 09:34:15,41.57,32900,41.78,D
sz300850,新强联,2025-09-26 09:34:18,41.68,44000,41.57,U
sz300850,新强联,2025-09-26 09:34:21,41.67,65800,41.68,E
sz300850,新强联,2025-09-26 09:34:24,41.68,65300,41.67,U
sz300850,新强联,2025-09-26 09:34:27,41.72,30318,41.68,E
sz300850,新强联,2025-09-26 09:34:30,41.73,34900,41.72,D
sz300850,新强联,2025-09-26 09:34:33,41.88,18775,41.73,U
sz300850,新强联,2025-09-26 09:34:36,41.76,30900,41.88,D
sz300850,新强联,2025-09-26 09:34:39,41.86,13100,41.76,U
sz300850,新强联,2025-09-26 09:34:42,41.88,11600,41.86,U
sz300850,新强联,2025-09-26 09:34:45,41.88,17800,41.88,U
sz300850,新强联,2025-09-26 09:34:48,41.88,22700,41.88,D
sz300850,新强联,2025-09-26 09:34:51,41.9,59100,41.88,E
sz300850,新强联,2025-09-26 09:34:54,41.97,28700,41.9,U
sz300850,新强联,2025-09-26 09:34:57,41.98,44700,41.97,U
sz300850,新强联,2025-09-26 09:35:00,41.98,53300,41.98,D
sz300850,新强联,2025-09-26 09:35:03,41.98,30200,41.98,U
sz300850,新强联,2025-09-26 09:35:06,41.92,13500,41.98,D
sz300850,新强联,2025-09-26 09:35:09,41.91,22800,41.92,D
sz300850,新强联,2025-09-26 09:35:12,41.91,23700,41.91,D
sz300850,新强联,2025-09-26 09:35:15,41.87,40447,41.91,D
sz300850,新强联,2025-09-26 09:35:18,41.87,57600,41.87,U
sz300850,新强联,2025-09-26 09:35:21,41.87,35400,41.87,D
sz300850,新强联,2025-09-26 09:35:24,41.9,24600,41.87,U
sz300850,新强联,2025-09-26 09:35:27,41.8,16400,41.9,D
sz300850,新强联,2025-09-26 09:35:30,41.7,21153,41.8,D
sz300850,新强联,2025-09-26 09:35:33,41.71,48500,41.7,E
sz300850,新强联,2025-09-26 09:35:36,41.7,7000,41.71,D
sz300850,新强联,2025-09-26 09:35:39,41.67,12800,41.7,D
sz300850,新强联,2025-09-26 09:35:42,41.7,19900,41.67,U
sz300850,新强联,2025-09-26 09:35:45,41.66,5500,41.7,D
sz300850,新强联,2025-09-26 09:35:48,41.67,8382,41.66,U
sz300850,新强联,2025-09-26 09:35:54,41.6,17900,41.67,D
sz300850,新强联,2025-09-26 09:36:00,41.59,51682,41.61,D
sz300850,新强联,2025-09-26 09:36:03,41.57,15300,41.59,E
sz300850,新强联,2025-09-26 09:36:06,41.54,7600,41.57,D
sz300850,新强联,2025-09-26 09:36:09,41.52,13200,41.54,D
sz300850,新强联,2025-09-26 09:36:12,41.6,115050,41.52,U
sz300850,新强联,2025-09-26 09:36:15,41.66,13700,41.6,U
sz300850,新强联,2025-09-26 09:36:18,41.6,6100,41.66,E
sz300850,新强联,2025-09-26 09:36:21,41.66,15300,41.6,U
sz300850,新强联,2025-09-26 09:36:24,41.66,28400,41.66,E
sz300850,新强联,2025-09-26 09:36:27,41.68,32800,41.66,U
sz300850,新强联,2025-09-26 09:36:30,41.68,14100,41.68,U
sz300850,新强联,2025-09-26 09:36:33,41.66,21000,41.68,D
sz300850,新强联,2025-09-26 09:36:36,41.68,20501,41.66,U
sz300850,新强联,2025-09-26 09:36:39,41.7,7400,41.68,U
sz300850,新强联,2025-09-26 09:36:42,41.77,8375,41.7,U
sz300850,新强联,2025-09-26 09:36:48,41.8,9600,41.77,U
sz300850,新强联,2025-09-26 09:36:51,41.85,9700,41.8,U
sz300850,新强联,2025-09-26 09:36:54,41.95,56300,41.85,U
sz300850,新强联,2025-09-26 09:36:57,41.92,32900,41.95,D
sz300850,新强联,2025-09-26 09:37:00,42.07,135650,41.92,U
sz300850,新强联,2025-09-26 09:37:03,42.0,40800,42.07,D
sz300850,新强联,2025-09-26 09:37:06,42.13,40800,42.0,U
sz300850,新强联,2025-09-26 09:37:09,42.12,23900,42.13,E
sz300850,新强联,2025-09-26 09:37:12,42.12,37500,42.12,U
sz300850,新强联,2025-09-26 09:37:15,42.15,21300,42.12,U
sz300850,新强联,2025-09-26 09:37:18,42.17,38667,42.15,U
sz300850,新强联,2025-09-26 09:37:21,42.15,63700,42.17,D
sz300850,新强联,2025-09-26 09:37:24,42.2,48010,42.15,U
sz300850,新强联,2025-09-26 09:37:27,42.21,16500,42.2,U
sz300850,新强联,2025-09-26 09:37:30,42.15,152480,42.21,D
sz300850,新强联,2025-09-26 09:37:33,42.08,63210,42.15,D
sz300850,新强联,2025-09-26 09:37:36,42.05,45745,42.08,E
sz300850,新强联,2025-09-26 09:37:42,42.15,33700,42.08,U
sz300850,新强联,2025-09-26 09:37:45,42.08,26900,42.15,D
sz300850,新强联,2025-09-26 09:37:48,42.22,178436,42.08,U
sz300850,新强联,2025-09-26 09:37:51,42.2,25437,42.22,D
sz300850,新强联,2025-09-26 09:37:54,42.27,31829,42.2,U
sz300850,新强联,2025-09-26 09:37:57,42.3,56210,42.27,U
sz300850,新强联,2025-09-26 09:38:00,42.39,29000,42.3,U
sz300850,新强联,2025-09-26 09:38:03,42.4,32200,42.39,U
sz300850,新强联,2025-09-26 09:38:06,42.41,20200,42.4,U
sz300850,新强联,2025-09-26 09:38:09,42.43,33000,42.41,U
sz300850,新强联,2025-09-26 09:38:12,42.49,15400,42.43,U
sz300850,新强联,2025-09-26 09:38:15,42.47,27900,42.49,U
sz300850,新强联,2025-09-26 09:38:18,42.47,99500,42.47,E
sz300850,新强联,2025-09-26 09:38:21,42.48,28600,42.47,D
sz300850,新强联,2025-09-26 09:38:24,42.52,41400,42.48,U
sz300850,新强联,2025-09-26 09:38:27,42.53,36222,42.52,U
sz300850,新强联,2025-09-26 09:38:30,42.58,51445,42.53,U
sz300850,新强联,2025-09-26 09:38:33,42.64,27900,42.58,U
sz300850,新强联,2025-09-26 09:38:36,42.66,25900,42.64,U
sz300850,新强联,2025-09-26 09:38:39,42.67,11623,42.66,E
sz300850,新强联,2025-09-26 09:38:42,42.71,120537,42.67,U
sz300850,新强联,2025-09-26 09:38:45,42.74,45898,42.71,U
sz300850,新强联,2025-09-26 09:38:48,42.58,110242,42.74,D
sz300850,新强联,2025-09-26 09:38:51,42.62,60938,42.58,U
sz300850,新强联,2025-09-26 09:38:54,42.54,13257,42.62,E
sz300850,新强联,2025-09-26 09:38:57,42.38,52983,42.54,D
sz300850,新强联,2025-09-26 09:39:00,42.38,7500,42.38,U
sz300850,新强联,2025-09-26 09:39:03,42.32,15400,42.38,E
sz300850,新强联,2025-09-26 09:39:06,42.27,23500,42.32,D
sz300850,新强联,2025-09-26 09:39:09,42.38,42779,42.27,U
sz300850,新强联,2025-09-26 09:39:12,42.38,10775,42.38,U
sz300850,新强联,2025-09-26 09:39:15,42.44,20000,42.38,U
sz300850,新强联,2025-09-26 09:39:18,42.47,60400,42.44,U
sz300850,新强联,2025-09-26 09:39:21,42.55,8700,42.47,U
sz300850,新强联,2025-09-26 09:39:24,42.62,23500,42.55,U
sz300850,新强联,2025-09-26 09:39:27,42.63,5600,42.62,U
sz300850,新强联,2025-09-26 09:39:30,42.65,52700,42.63,U
sz300850,新强联,2025-09-26 09:39:33,42.63,62100,42.65,E
sz300850,新强联,2025-09-26 09:39:36,42.53,40900,42.63,D
sz300850,新强联,2025-09-26 09:39:39,42.56,91600,42.53,U
sz300850,新强联,2025-09-26 09:39:42,42.46,40400,42.56,D
sz300850,新强联,2025-09-26 09:39:45,42.44,28000,42.46,D
sz300850,新强联,2025-09-26 09:39:48,42.42,44600,42.44,E
sz300850,新强联,2025-09-26 09:39:51,42.43,17000,42.42,U
sz300850,新强联,2025-09-26 09:39:54,42.29,67900,42.43,D
sz300850,新强联,2025-09-26 09:39:57,42.25,39800,42.29,D
sz300850,新强联,2025-09-26 09:40:00,42.43,105500,42.25,U
sz300850,新强联,2025-09-26 09:40:03,42.39,20500,42.43,E
sz300850,新强联,2025-09-26 09:40:06,42.42,23300,42.39,U
sz300850,新强联,2025-09-26 09:40:09,42.42,30600,42.42,U
sz300850,新强联,2025-09-26 09:40:12,42.45,25100,42.42,U
sz300850,新强联,2025-09-26 09:40:15,42.6,18700,42.45,U
sz300850,新强联,2025-09-26 09:40:18,42.43,42300,42.6,D
sz300850,新强联,2025-09-26 09:40:21,42.43,108400,42.43,U
sz300850,新强联,2025-09-26 09:40:24,42.38,28900,42.43,D
sz300850,新强联,2025-09-26 09:40:27,42.43,42500,42.38,E
sz300850,新强联,2025-09-26 09:40:30,42.34,15200,42.43,D
sz300850,新强联,2025-09-26 09:40:33,42.25,44300,42.34,D
sz300850,新强联,2025-09-26 09:40:36,42.23,28900,42.25,D
sz300850,新强联,2025-09-26 09:40:42,42.27,16300,42.25,U
sz300850,新强联,2025-09-26 09:40:45,42.23,14200,42.27,D
sz300850,新强联,2025-09-26 09:40:48,42.23,13300,42.23,D
sz300850,新强联,2025-09-26 09:40:51,42.33,13300,42.23,U
sz300850,新强联,2025-09-26 09:40:54,42.23,19900,42.33,D
sz300850,新强联,2025-09-26 09:40:57,42.26,13000,42.23,E
sz300850,新强联,2025-09-26 09:41:03,42.31,14700,42.3,U
sz300850,新强联,2025-09-26 09:41:06,42.24,17600,42.31,D
sz300850,新强联,2025-09-26 09:41:09,42.2,32185,42.24,D
sz300850,新强联,2025-09-26 09:41:12,42.16,27300,42.2,D
sz300850,新强联,2025-09-26 09:41:18,42.12,54200,42.18,D
sz300850,新强联,2025-09-26 09:41:21,42.13,12000,42.12,D
sz300850,新强联,2025-09-26 09:41:24,42.14,23600,42.13,D
sz300850,新强联,2025-09-26 09:41:27,42.14,5600,42.14,D
sz300850,新强联,2025-09-26 09:41:30,42.14,29700,42.14,D
sz300850,新强联,2025-09-26 09:41:39,42.14,10500,42.23,D
sz300850,新强联,2025-09-26 09:41:48,42.2,11300,42.2,D
sz300850,新强联,2025-09-26 09:41:51,42.26,44800,42.2,U
sz300850,新强联,2025-09-26 09:41:54,42.19,17000,42.26,E
sz300850,新强联,2025-09-26 09:42:00,42.2,11900,42.26,D
sz300850,新强联,2025-09-26 09:42:03,42.16,37600,42.2,D
sz300850,新强联,2025-09-26 09:42:06,42.11,12100,42.16,D
sz300850,新强联,2025-09-26 09:42:12,42.02,23200,42.11,D
sz300850,新强联,2025-09-26 09:42:21,42.07,12400,42.03,U
sz300850,新强联,2025-09-26 09:42:24,42.13,41200,42.07,U
sz300850,新强联,2025-09-26 09:42:27,42.3,21600,42.13,U
sz300850,新强联,2025-09-26 09:42:36,42.23,5500,42.25,E
sz300850,新强联,2025-09-26 09:42:39,42.25,13200,42.23,U
sz300850,新强联,2025-09-26 09:42:42,42.24,28900,42.25,U
sz300850,新强联,2025-09-26 09:42:45,42.31,21600,42.24,E
sz300850,新强联,2025-09-26 09:42:48,42.31,35100,42.31,D
sz300850,新强联,2025-09-26 09:42:51,42.43,7200,42.31,U
sz300850,新强联,2025-09-26 09:42:57,42.44,5200,42.45,U
sz300850,新强联,2025-09-26 09:43:00,42.49,9800,42.44,U
sz300850,新强联,2025-09-26 09:43:03,42.5,58800,42.49,U
sz300850,新强联,2025-09-26 09:43:06,42.5,51300,42.5,U
sz300850,新强联,2025-09-26 09:43:09,42.49,28300,42.5,E
sz300850,新强联,2025-09-26 09:43:12,42.5,19800,42.49,U
sz300850,新强联,2025-09-26 09:43:15,42.4,20700,42.5,D
sz300850,新强联,2025-09-26 09:43:21,42.44,22200,42.4,U
sz300850,新强联,2025-09-26 09:43:24,42.3,12700,42.44,D
sz300850,新强联,2025-09-26 09:43:27,42.25,20600,42.3,D
sz300850,新强联,2025-09-26 09:43:30,42.24,15300,42.25,D
sz300850,新强联,2025-09-26 09:43:33,42.24,11600,42.24,U
sz300850,新强联,2025-09-26 09:43:36,42.24,27200,42.24,D
sz300850,新强联,2025-09-26 09:43:39,42.24,9900,42.24,D
sz300850,新强联,2025-09-26 09:43:42,42.2,11100,42.24,D
sz300850,新强联,2025-09-26 09:43:45,42.11,8700,42.2,D
sz300850,新强联,2025-09-26 09:43:54,42.1,22800,42.06,U
sz300850,新强联,2025-09-26 09:43:57,42.06,10600,42.1,D
sz300850,新强联,2025-09-26 09:44:00,42.08,5000,42.06,U
sz300850,新强联,2025-09-26 09:44:03,42.1,12400,42.08,U
sz300850,新强联,2025-09-26 09:44:06,42.01,17700,42.1,D
sz300850,新强联,2025-09-26 09:44:09,42.03,113400,42.01,U
sz300850,新强联,2025-09-26 09:44:12,42.12,25800,42.03,E
sz300850,新强联,2025-09-26 09:44:15,42.11,4800,42.12,D
sz300850,新强联,2025-09-26 09:44:18,42.22,15300,42.11,U
sz300850,新强联,2025-09-26 09:44:27,42.27,22900,42.3,D
sz300850,新强联,2025-09-26 09:44:30,42.25,19404,42.27,D
sz300850,新强联,2025-09-26 09:44:39,42.13,16400,42.11,U
sz300850,新强联,2025-09-26 09:44:42,42.12,9300,42.13,D
sz300850,新强联,2025-09-26 09:44:45,42.05,8300,42.12,D
sz300850,新强联,2025-09-26 09:44:48,42.04,7400,42.05,D
sz300850,新强联,2025-09-26 09:44:51,42.05,11700,42.04,U
sz300850,新强联,2025-09-26 09:44:57,42.02,10700,42.03,D
sz300850,新强联,2025-09-26 09:45:00,42.0,95800,42.02,D
sz300850,新强联,2025-09-26 09:45:03,41.96,7200,42.0,D
sz300850,新强联,2025-09-26 09:45:09,42.01,18000,41.97,U
sz300850,新强联,2025-09-26 09:45:12,41.95,18800,42.01,E
sz300850,新强联,2025-09-26 09:45:15,42.0,12200,41.95,U
sz300850,新强联,2025-09-26 09:45:18,41.98,17100,42.0,E
sz300850,新强联,2025-09-26 09:45:21,41.95,12600,41.98,D
sz300850,新强联,2025-09-26 09:45:24,41.89,17200,41.95,D
sz300850,新强联,2025-09-26 09:45:27,41.9,12500,41.89,U
sz300850,新强联,2025-09-26 09:45:30,41.86,10200,41.9,D
sz300850,新强联,2025-09-26 09:45:33,41.85,7000,41.86,D
sz300850,新强联,2025-09-26 09:45:39,41.8,5300,41.86,D
sz300850,新强联,2025-09-26 09:45:42,41.81,11100,41.8,U
sz300850,新强联,2025-09-26 09:45:45,41.85,101800,41.81,U
sz300850,新强联,2025-09-26 09:45:48,41.85,14100,41.85,D
sz300850,新强联,2025-09-26 09:45:54,41.82,10400,41.82,D
sz300850,新强联,2025-09-26 09:46:00,41.93,18700,41.91,U
sz300850,新强联,2025-09-26 09:46:06,41.94,16300,41.9,U
sz300850,新强联,2025-09-26 09:46:09,42.03,106800,41.94,U
sz300850,新强联,2025-09-26 09:46:12,42.11,17658,42.03,U
sz300850,新强联,2025-09-26 09:46:15,41.99,9400,42.11,D
sz300850,新强联,2025-09-26 09:46:27,42.09,15900,42.09,U
sz300850,新强联,2025-09-26 09:46:30,42.13,12600,42.09,U
sz300850,新强联,2025-09-26 09:46:36,42.2,6500,42.19,U
sz300850,新强联,2025-09-26 09:46:39,42.2,8700,42.2,U
sz300850,新强联,2025-09-26 09:46:42,42.22,17200,42.2,U
sz300850,新强联,2025-09-26 09:46:45,42.29,7100,42.22,U
sz300850,新强联,2025-09-26 09:46:51,42.3,9100,42.29,U
sz300850,新强联,2025-09-26 09:46:54,42.3,7091,42.3,U
sz300850,新强联,2025-09-26 09:46:57,42.24,23509,42.3,D
sz300850,新强联,2025-09-26 09:47:00,42.25,34100,42.24,E
sz300850,新强联,2025-09-26 09:47:06,42.29,9400,42.29,U
sz300850,新强联,2025-09-26 09:47:09,42.23,4800,42.29,E
sz300850,新强联,2025-09-26 09:47:12,42.25,10600,42.23,U
sz300850,新强联,2025-09-26 09:47:15,42.21,10591,42.25,D
sz300850,新强联,2025-09-26 09:47:18,42.13,18800,42.21,D
sz300850,新强联,2025-09-26 09:47:21,42.22,25500,42.13,U
sz300850,新强联,2025-09-26 09:47:24,42.2,10400,42.22,E
sz300850,新强联,2025-09-26 09:47:27,42.28,13800,42.2,U
sz300850,新强联,2025-09-26 09:47:36,42.25,9700,42.21,U
sz300850,新强联,2025-09-26 09:47:39,42.24,6500,42.25,D
sz300850,新强联,2025-09-26 09:47:42,42.24,8000,42.24,D
sz300850,新强联,2025-09-26 09:47:45,42.25,12000,42.24,U
sz300850,新强联,2025-09-26 09:47:48,42.21,5000,42.25,E
sz300850,新强联,2025-09-26 09:47:51,42.2,12300,42.21,D
sz300850,新强联,2025-09-26 09:47:54,42.2,10100,42.2,U
sz300850,新强联,2025-09-26 09:47:57,42.18,4800,42.2,D
sz300850,新强联,2025-09-26 09:48:00,42.14,10700,42.18,D
sz300850,新强联,2025-09-26 09:48:03,42.14,8900,42.14,D
sz300850,新强联,2025-09-26 09:48:06,42.15,6300,42.14,U
sz300850,新强联,2025-09-26 09:48:09,42.15,10900,42.15,U
sz300850,新强联,2025-09-26 09:48:12,42.12,37800,42.15,D
sz300850,新强联,2025-09-26 09:48:18,42.09,21000,42.14,D
sz300850,新强联,2025-09-26 09:48:21,42.11,8900,42.09,E
sz300850,新强联,2025-09-26 09:48:24,42.06,6500,42.11,D
sz300850,新强联,2025-09-26 09:48:30,42.09,12000,42.09,D
sz300850,新强联,2025-09-26 09:48:33,42.02,17800,42.09,D
sz300850,新强联,2025-09-26 09:48:39,42.15,7300,42.02,U
sz300850,新强联,2025-09-26 09:48:48,42.07,13100,42.08,D
sz300850,新强联,2025-09-26 09:48:51,42.02,24800,42.07,D
sz300850,新强联,2025-09-26 09:48:54,41.99,12400,42.02,D
sz300850,新强联,2025-09-26 09:49:03,42.0,7000,41.98,U
sz300850,新强联,2025-09-26 09:49:06,41.99,5100,42.0,D
sz300850,新强联,2025-09-26 09:49:09,41.96,8800,41.99,D
sz300850,新强联,2025-09-26 09:49:12,41.85,69600,41.96,D
sz300850,新强联,2025-09-26 09:49:21,41.99,65800,41.9,U
sz300850,新强联,2025-09-26 09:49:24,42.02,12800,41.99,U
sz300850,新强联,2025-09-26 09:49:27,42.04,23400,42.02,E
sz300850,新强联,2025-09-26 09:49:36,42.02,19800,42.12,D
sz300850,新强联,2025-09-26 09:49:39,42.01,6100,42.02,D
sz300850,新强联,2025-09-26 09:49:54,42.05,6500,42.12,E
sz300850,新强联,2025-09-26 09:49:57,42.06,26900,42.05,U
sz300850,新强联,2025-09-26 09:50:12,41.92,5700,41.93,D
sz300850,新强联,2025-09-26 09:50:15,42.05,40600,41.92,U
sz300850,新强联,2025-09-26 09:50:18,42.06,16600,42.05,E
sz300850,新强联,2025-09-26 09:50:24,42.08,6000,42.07,E
sz300850,新强联,2025-09-26 09:50:27,42.12,12000,42.08,U
sz300850,新强联,2025-09-26 09:50:33,42.12,9800,42.08,U
sz300850,新强联,2025-09-26 09:50:45,42.13,13800,42.09,U
sz300850,新强联,2025-09-26 09:50:48,42.12,6100,42.13,D
sz300850,新强联,2025-09-26 09:50:57,42.1,6500,42.11,D
sz300850,新强联,2025-09-26 09:51:00,42.1,16700,42.1,U
sz300850,新强联,2025-09-26 09:51:03,42.11,10241,42.1,U
sz300850,新强联,2025-09-26 09:51:06,42.1,5359,42.11,D
sz300850,新强联,2025-09-26 09:51:09,42.16,48341,42.1,U
sz300850,新强联,2025-09-26 09:51:12,42.13,14300,42.16,D
sz300850,新强联,2025-09-26 09:51:18,42.16,6600,42.18,E
sz300850,新强联,2025-09-26 09:51:21,42.19,12300,42.16,U
sz300850,新强联,2025-09-26 09:51:24,42.2,11434,42.19,U
sz300850,新强联,2025-09-26 09:51:27,42.2,17700,42.2,U
sz300850,新强联,2025-09-26 09:51:30,42.2,9000,42.2,U
sz300850,新强联,2025-09-26 09:51:33,42.2,12800,42.2,U
sz300850,新强联,2025-09-26 09:51:36,42.2,10098,42.2,U
sz300850,新强联,2025-09-26 09:51:39,42.4,129900,42.2,U
sz300850,新强联,2025-09-26 09:51:48,42.36,10200,42.36,U
sz300850,新强联,2025-09-26 09:51:51,42.36,41400,42.36,U
sz300850,新强联,2025-09-26 09:51:57,42.36,30000,42.36,U
sz300850,新强联,2025-09-26 09:52:00,42.35,22600,42.36,E
sz300850,新强联,2025-09-26 09:52:03,42.26,9800,42.35,E
sz300850,新强联,2025-09-26 09:52:06,42.23,13100,42.26,D
sz300850,新强联,2025-09-26 09:52:09,42.23,6700,42.23,D
sz300850,新强联,2025-09-26 09:52:15,42.25,6600,42.22,U
sz300850,新强联,2025-09-26 09:52:30,42.3,19000,42.25,U
sz300850,新强联,2025-09-26 09:52:33,42.27,13130,42.3,D
sz300850,新强联,2025-09-26 09:52:36,42.36,20700,42.27,U
sz300850,新强联,2025-09-26 09:52:39,42.31,17800,42.36,D
sz300850,新强联,2025-09-26 09:52:45,42.39,13700,42.36,U
sz300850,新强联,2025-09-26 09:52:48,42.39,31900,42.39,U
sz300850,新强联,2025-09-26 09:52:51,42.39,15700,42.39,D
sz300850,新强联,2025-09-26 09:52:57,42.38,10800,42.39,E
sz300850,新强联,2025-09-26 09:53:00,42.27,21800,42.38,D
sz300850,新强联,2025-09-26 09:53:03,42.24,27600,42.27,D
sz300850,新强联,2025-09-26 09:53:06,42.25,20100,42.24,U
sz300850,新强联,2025-09-26 09:53:12,42.21,28900,42.24,D
sz300850,新强联,2025-09-26 09:53:15,42.19,28300,42.21,D
sz300850,新强联,2025-09-26 09:53:18,42.21,11300,42.19,U
sz300850,新强联,2025-09-26 09:53:24,42.18,5600,42.13,U
sz300850,新强联,2025-09-26 09:53:33,42.11,9200,42.11,E
sz300850,新强联,2025-09-26 09:53:39,42.09,15351,42.09,D
sz300850,新强联,2025-09-26 09:53:42,42.02,6849,42.09,D
sz300850,新强联,2025-09-26 09:53:45,42.09,4900,42.02,U
sz300850,新强联,2025-09-26 09:53:51,42.09,6051,42.04,U
sz300850,新强联,2025-09-26 09:53:54,42.1,7500,42.09,U
sz300850,新强联,2025-09-26 09:53:57,42.18,12700,42.1,U
sz300850,新强联,2025-09-26 09:54:00,42.19,9100,42.18,U
sz300850,新强联,2025-09-26 09:54:09,42.18,6700,42.19,E
sz300850,新强联,2025-09-26 09:54:18,42.14,10300,42.19,D
sz300850,新强联,2025-09-26 09:54:30,42.19,13900,42.19,D
sz300850,新强联,2025-09-26 09:54:36,42.2,24100,42.19,U
sz300850,新强联,2025-09-26 09:54:39,42.18,4800,42.2,D
sz300850,新强联,2025-09-26 09:54:48,42.14,12900,42.14,E
sz300850,新强联,2025-09-26 09:54:51,42.05,5200,42.14,D
sz300850,新强联,2025-09-26 09:54:54,42.01,5500,42.05,D
sz300850,新强联,2025-09-26 09:54:57,42.05,22800,42.01,E
sz300850,新强联,2025-09-26 09:55:00,42.0,27700,42.05,D
sz300850,新强联,2025-09-26 09:55:12,42.01,34675,41.99,U
sz300850,新强联,2025-09-26 09:55:15,42.08,14200,42.01,E
sz300850,新强联,2025-09-26 09:55:30,42.11,9400,42.14,D
sz300850,新强联,2025-09-26 09:55:45,42.08,9400,42.08,U
sz300850,新强联,2025-09-26 09:55:48,42.1,7521,42.08,U
sz300850,新强联,2025-09-26 09:55:57,42.1,18900,42.08,U
sz300850,新强联,2025-09-26 09:56:06,42.09,21700,42.09,U
sz300850,新强联,2025-09-26 09:56:12,42.09,4900,42.09,U
sz300850,新强联,2025-09-26 09:56:18,42.09,40804,42.09,U
sz300850,新强联,2025-09-26 09:56:24,42.03,8100,42.06,U
sz300850,新强联,2025-09-26 09:56:30,42.08,18500,42.03,U
sz300850,新强联,2025-09-26 09:56:33,42.18,17039,42.08,U
sz300850,新强联,2025-09-26 09:56:36,42.1,12800,42.18,D
sz300850,新强联,2025-09-26 09:56:42,42.25,27800,42.18,U
sz300850,新强联,2025-09-26 09:56:54,42.18,6500,42.24,D
sz300850,新强联,2025-09-26 09:56:57,42.22,6300,42.18,E
sz300850,新强联,2025-09-26 09:57:03,42.14,12200,42.14,U
sz300850,新强联,2025-09-26 09:57:06,42.14,5400,42.14,E
sz300850,新强联,2025-09-26 09:57:09,42.12,14600,42.14,D
sz300850,新强联,2025-09-26 09:57:12,42.14,8100,42.12,U
sz300850,新强联,2025-09-26 09:57:27,42.1,23100,42.12,D
sz300850,新强联,2025-09-26 09:57:36,42.04,4900,42.08,D
sz300850,新强联,2025-09-26 09:57:51,42.06,11800,42.03,U
sz300850,新强联,2025-09-26 09:57:57,42.08,6900,42.05,U
sz300850,新强联,2025-09-26 09:58:06,42.08,5500,42.08,U
sz300850,新强联,2025-09-26 09:58:09,42.08,6000,42.08,U
sz300850,新强联,2025-09-26 09:58:12,42.2,44961,42.08,U
sz300850,新强联,2025-09-26 09:58:15,42.22,28000,42.2,U
sz300850,新强联,2025-09-26 09:58:21,42.25,23000,42.26,D
sz300850,新强联,2025-09-26 09:58:30,42.24,19800,42.24,U
sz300850,新强联,2025-09-26 09:58:33,42.24,5300,42.24,U
sz300850,新强联,2025-09-26 09:58:36,42.24,12100,42.24,U
sz300850,新强联,2025-09-26 09:58:39,42.24,10900,42.24,U
sz300850,新强联,2025-09-26 09:58:45,42.19,19600,42.23,D
sz300850,新强联,2025-09-26 09:59:00,42.23,14900,42.2,U
sz300850,新强联,2025-09-26 09:59:03,42.23,11000,42.23,U
sz300850,新强联,2025-09-26 09:59:06,42.25,11800,42.23,U
sz300850,新强联,2025-09-26 09:59:12,42.3,28800,42.29,U
sz300850,新强联,2025-09-26 09:59:18,42.36,18400,42.3,U
sz300850,新强联,2025-09-26 09:59:21,42.44,57917,42.36,U
sz300850,新强联,2025-09-26 09:59:27,42.41,12000,42.41,U
sz300850,新强联,2025-09-26 09:59:30,42.41,18500,42.41,U
sz300850,新强联,2025-09-26 09:59:33,42.39,22200,42.41,E
sz300850,新强联,2025-09-26 09:59:39,42.39,10600,42.4,D
sz300850,新强联,2025-09-26 09:59:42,42.36,9783,42.39,D
sz300850,新强联,2025-09-26 09:59:45,42.39,51700,42.36,U
sz300850,新强联,2025-09-26 09:59:54,42.39,44200,42.4,D
sz300850,新强联,2025-09-26 09:59:57,42.39,26200,42.39,U
sz300850,新强联,2025-09-26 10:00:00,42.37,12500,42.39,E
sz300850,新强联,2025-09-26 10:00:03,42.33,8900,42.37,D
sz300850,新强联,2025-09-26 10:00:06,42.37,106000,42.33,U
sz300850,新强联,2025-09-26 10:00:09,42.36,17600,42.37,E
sz300850,新强联,2025-09-26 10:00:12,42.39,5700,42.36,E
sz300850,新强联,2025-09-26 10:00:15,42.4,8300,42.39,E
sz300850,新强联,2025-09-26 10:00:21,42.35,9700,42.42,D
sz300850,新强联,2025-09-26 10:00:24,42.34,5000,42.35,D
sz300850,新强联,2025-09-26 10:00:30,42.33,37700,42.34,D
sz300850,新强联,2025-09-26 10:00:33,42.37,7400,42.33,U
sz300850,新强联,2025-09-26 10:00:39,42.28,5900,42.32,D
sz300850,新强联,2025-09-26 10:00:42,42.28,16900,42.28,U
sz300850,新强联,2025-09-26 10:00:48,42.28,5700,42.29,E
sz300850,新强联,2025-09-26 10:00:57,42.43,19300,42.33,U
sz300850,新强联,2025-09-26 10:01:00,42.42,22500,42.43,D
sz300850,新强联,2025-09-26 10:01:15,42.4,9800,42.37,U
sz300850,新强联,2025-09-26 10:01:21,42.41,20600,42.43,D
sz300850,新强联,2025-09-26 10:01:27,42.41,5000,42.42,U
sz300850,新强联,2025-09-26 10:01:33,42.42,29065,42.41,U
sz300850,新强联,2025-09-26 10:01:36,42.34,11535,42.42,D
sz300850,新强联,2025-09-26 10:01:51,42.35,10500,42.33,U
sz300850,新强联,2025-09-26 10:02:00,42.35,113571,42.33,U
sz300850,新强联,2025-09-26 10:02:03,42.39,9958,42.35,U
sz300850,新强联,2025-09-26 10:02:09,42.35,11000,42.39,D
sz300850,新强联,2025-09-26 10:02:12,42.39,13600,42.35,U
sz300850,新强联,2025-09-26 10:02:18,42.39,5900,42.39,U
sz300850,新强联,2025-09-26 10:02:39,42.35,7200,42.37,D
sz300850,新强联,2025-09-26 10:02:45,42.32,4800,42.35,U
sz300850,新强联,2025-09-26 10:02:51,42.3,15700,42.25,U
sz300850,新强联,2025-09-26 10:02:57,42.3,14700,42.27,U
sz300850,新强联,2025-09-26 10:03:03,42.31,8600,42.3,U
sz300850,新强联,2025-09-26 10:03:06,42.33,5100,42.31,U
sz300850,新强联,2025-09-26 10:03:12,42.37,13300,42.31,U
sz300850,新强联,2025-09-26 10:03:15,42.36,7300,42.37,D
sz300850,新强联,2025-09-26 10:03:18,42.36,9800,42.36,D
sz300850,新强联,2025-09-26 10:03:24,42.36,11900,42.36,U
sz300850,新强联,2025-09-26 10:03:27,42.31,7900,42.36,D
sz300850,新强联,2025-09-26 10:03:33,42.3,6600,42.3,U
sz300850,新强联,2025-09-26 10:03:39,42.25,7000,42.25,D
sz300850,新强联,2025-09-26 10:03:42,42.24,7900,42.25,D
sz300850,新强联,2025-09-26 10:03:54,42.3,8100,42.3,U
sz300850,新强联,2025-09-26 10:04:00,42.3,7100,42.3,U
sz300850,新强联,2025-09-26 10:04:09,42.3,21800,42.3,D
sz300850,新强联,2025-09-26 10:04:12,42.35,34500,42.3,U
sz300850,新强联,2025-09-26 10:04:21,42.38,15900,42.35,U
sz300850,新强联,2025-09-26 10:04:33,42.42,17496,42.4,U
sz300850,新强联,2025-09-26 10:04:36,42.44,7884,42.42,U
sz300850,新强联,2025-09-26 10:04:42,42.45,7000,42.45,U
sz300850,新强联,2025-09-26 10:04:48,42.41,31300,42.46,D
sz300850,新强联,2025-09-26 10:04:51,42.41,34520,42.41,D
sz300850,新强联,2025-09-26 10:04:54,42.45,26300,42.41,U
sz300850,新强联,2025-09-26 10:04:57,42.44,5200,42.45,U
sz300850,新强联,2025-09-26 10:05:00,42.42,9300,42.44,E
sz300850,新强联,2025-09-26 10:05:03,42.42,7400,42.42,U
sz300850,新强联,2025-09-26 10:05:06,42.4,11500,42.42,E
sz300850,新强联,2025-09-26 10:05:15,42.35,5800,42.36,D
sz300850,新强联,2025-09-26 10:05:24,42.3,13500,42.33,D
sz300850,新强联,2025-09-26 10:05:30,42.3,6500,42.3,D
sz300850,新强联,2025-09-26 10:05:33,42.31,8700,42.3,U
sz300850,新强联,2025-09-26 10:05:45,42.26,14800,42.28,D
sz300850,新强联,2025-09-26 10:05:48,42.31,15400,42.26,U
sz300850,新强联,2025-09-26 10:05:51,42.31,4800,42.31,D
sz300850,新强联,2025-09-26 10:05:57,42.31,9844,42.32,D
sz300850,新强联,2025-09-26 10:06:00,42.31,7700,42.31,U
sz300850,新强联,2025-09-26 10:06:18,42.37,6300,42.35,E
sz300850,新强联,2025-09-26 10:06:21,42.35,6700,42.37,D
sz300850,新强联,2025-09-26 10:06:27,42.42,6600,42.39,U
sz300850,新强联,2025-09-26 10:06:33,42.42,6200,42.41,U
sz300850,新强联,2025-09-26 10:06:36,42.42,13500,42.42,U
sz300850,新强联,2025-09-26 10:06:42,42.4,34000,42.42,D
sz300850,新强联,2025-09-26 10:06:45,42.58,237843,42.4,U
sz300850,新强联,2025-09-26 10:06:48,42.6,5400,42.58,U
sz300850,新强联,2025-09-26 10:06:51,42.6,15100,42.6,U
sz300850,新强联,2025-09-26 10:06:54,42.6,10000,42.6,U
sz300850,新强联,2025-09-26 10:06:57,42.6,12300,42.6,U
sz300850,新强联,2025-09-26 10:07:00,42.57,42000,42.6,E
sz300850,新强联,2025-09-26 10:07:03,42.6,38700,42.57,U
sz300850,新强联,2025-09-26 10:07:06,42.61,10100,42.6,U
sz300850,新强联,2025-09-26 10:07:09,42.6,9600,42.61,E
sz300850,新强联,2025-09-26 10:07:12,42.61,15700,42.6,U
sz300850,新强联,2025-09-26 10:07:15,42.66,53900,42.61,U
sz300850,新强联,2025-09-26 10:07:18,42.68,45140,42.66,U
sz300850,新强联,2025-09-26 10:07:21,42.67,12100,42.68,D
sz300850,新强联,2025-09-26 10:07:24,42.69,20398,42.67,U
sz300850,新强联,2025-09-26 10:07:27,42.7,5000,42.69,U
sz300850,新强联,2025-09-26 10:07:30,42.67,37662,42.7,D
sz300850,新强联,2025-09-26 10:07:33,42.67,30000,42.67,U
sz300850,新强联,2025-09-26 10:07:36,42.68,44500,42.67,U
sz300850,新强联,2025-09-26 10:07:42,42.7,21900,42.69,U
sz300850,新强联,2025-09-26 10:07:45,42.7,7200,42.7,U
sz300850,新强联,2025-09-26 10:07:48,42.7,19700,42.7,U
sz300850,新强联,2025-09-26 10:07:51,42.71,36318,42.7,U
sz300850,新强联,2025-09-26 10:07:54,42.73,46100,42.71,U
sz300850,新强联,2025-09-26 10:07:57,42.73,34500,42.73,U
sz300850,新强联,2025-09-26 10:08:00,42.67,141282,42.73,D
sz300850,新强联,2025-09-26 10:08:03,42.7,38500,42.67,U
sz300850,新强联,2025-09-26 10:08:06,42.61,12800,42.7,D
sz300850,新强联,2025-09-26 10:08:09,42.68,21400,42.61,U
sz300850,新强联,2025-09-26 10:08:12,42.62,17100,42.68,U
sz300850,新强联,2025-09-26 10:08:15,42.68,7000,42.62,U
sz300850,新强联,2025-09-26 10:08:18,42.67,22300,42.68,E
sz300850,新强联,2025-09-26 10:08:24,42.67,15200,42.65,U
sz300850,新强联,2025-09-26 10:08:27,42.65,14700,42.67,D
sz300850,新强联,2025-09-26 10:08:30,42.67,13500,42.65,U
sz300850,新强联,2025-09-26 10:08:36,42.65,28800,42.62,U
sz300850,新强联,2025-09-26 10:08:42,42.6,14800,42.61,D
sz300850,新强联,2025-09-26 10:08:45,42.63,6600,42.6,U
sz300850,新强联,2025-09-26 10:08:48,42.62,5200,42.63,D
sz300850,新强联,2025-09-26 10:08:51,42.62,5800,42.62,U
sz300850,新强联,2025-09-26 10:08:54,42.61,7100,42.62,D
sz300850,新强联,2025-09-26 10:08:57,42.62,24700,42.61,U
sz300850,新强联,2025-09-26 10:09:00,42.63,7500,42.62,U
sz300850,新强联,2025-09-26 10:09:03,42.64,5200,42.63,U
sz300850,新强联,2025-09-26 10:09:06,42.63,11200,42.64,D
sz300850,新强联,2025-09-26 10:09:12,42.68,6100,42.66,U
sz300850,新强联,2025-09-26 10:09:15,42.68,19800,42.68,U
sz300850,新强联,2025-09-26 10:09:18,42.8,111400,42.68,U
sz300850,新强联,2025-09-26 10:09:21,42.73,6200,42.8,D
sz300850,新强联,2025-09-26 10:09:24,42.8,9900,42.73,U
sz300850,新强联,2025-09-26 10:09:27,42.81,39745,42.8,U
sz300850,新强联,2025-09-26 10:09:30,42.85,53200,42.81,U
sz300850,新强联,2025-09-26 10:09:33,42.86,11800,42.85,U
sz300850,新强联,2025-09-26 10:09:36,42.88,18000,42.86,U
sz300850,新强联,2025-09-26 10:09:39,42.88,12500,42.88,U
sz300850,新强联,2025-09-26 10:09:42,42.88,23100,42.88,U
sz300850,新强联,2025-09-26 10:09:45,42.88,33300,42.88,U
sz300850,新强联,2025-09-26 10:09:48,42.89,19000,42.88,U
sz300850,新强联,2025-09-26 10:09:51,42.88,36400,42.89,D
sz300850,新强联,2025-09-26 10:09:54,42.89,39976,42.88,U
sz300850,新强联,2025-09-26 10:09:57,42.92,11140,42.89,U
sz300850,新强联,2025-09-26 10:10:00,42.91,22984,42.92,E
sz300850,新强联,2025-09-26 10:10:03,42.92,29400,42.91,U
sz300850,新强联,2025-09-26 10:10:06,42.97,65000,42.92,U
sz300850,新强联,2025-09-26 10:10:09,42.92,7460,42.97,U
sz300850,新强联,2025-09-26 10:10:12,42.92,7800,42.92,D
sz300850,新强联,2025-09-26 10:10:15,42.95,11600,42.92,U
sz300850,新强联,2025-09-26 10:10:18,42.9,20840,42.95,D
sz300850,新强联,2025-09-26 10:10:21,42.88,21300,42.9,D
sz300850,新强联,2025-09-26 10:10:24,42.88,20900,42.88,U
sz300850,新强联,2025-09-26 10:10:27,42.88,14100,42.88,U
sz300850,新强联,2025-09-26 10:10:30,42.88,10700,42.88,D
sz300850,新强联,2025-09-26 10:10:33,42.91,21600,42.88,E
sz300850,新强联,2025-09-26 10:10:36,42.9,5896,42.91,E
sz300850,新强联,2025-09-26 10:10:39,42.88,9204,42.9,D
sz300850,新强联,2025-09-26 10:10:42,42.85,5200,42.88,E
sz300850,新强联,2025-09-26 10:10:45,42.88,8000,42.85,U
sz300850,新强联,2025-09-26 10:10:48,42.9,5800,42.88,U
sz300850,新强联,2025-09-26 10:10:51,42.89,15918,42.9,E
sz300850,新强联,2025-09-26 10:10:54,42.96,13600,42.89,U
sz300850,新强联,2025-09-26 10:10:57,42.98,11670,42.96,U
sz300850,新强联,2025-09-26 10:11:00,42.98,25000,42.98,U
sz300850,新强联,2025-09-26 10:11:03,42.99,42500,42.98,U
sz300850,新强联,2025-09-26 10:11:06,42.92,55230,42.99,D
sz300850,新强联,2025-09-26 10:11:09,42.93,28100,42.92,E
sz300850,新强联,2025-09-26 10:11:12,42.88,6200,42.93,E
sz300850,新强联,2025-09-26 10:11:15,42.8,84000,42.88,D
sz300850,新强联,2025-09-26 10:11:18,42.78,13200,42.8,E
sz300850,新强联,2025-09-26 10:11:21,42.81,14700,42.78,U
sz300850,新强联,2025-09-26 10:11:24,42.88,16900,42.81,U
sz300850,新强联,2025-09-26 10:11:27,42.8,22800,42.88,D
sz300850,新强联,2025-09-26 10:11:30,42.8,19400,42.8,D
sz300850,新强联,2025-09-26 10:11:33,42.88,12100,42.8,U
sz300850,新强联,2025-09-26 10:11:36,42.89,18200,42.88,U
sz300850,新强联,2025-09-26 10:11:39,42.79,13900,42.89,D
sz300850,新强联,2025-09-26 10:11:42,42.89,10100,42.79,U
sz300850,新强联,2025-09-26 10:11:48,42.81,49500,42.88,E
sz300850,新强联,2025-09-26 10:11:51,42.78,9100,42.81,D
sz300850,新强联,2025-09-26 10:11:54,42.79,9600,42.78,U
sz300850,新强联,2025-09-26 10:12:00,42.79,7000,42.77,U
sz300850,新强联,2025-09-26 10:12:03,42.77,4900,42.79,E
sz300850,新强联,2025-09-26 10:12:06,42.78,18200,42.77,U
sz300850,新强联,2025-09-26 10:12:09,42.73,15700,42.78,D
sz300850,新强联,2025-09-26 10:12:12,42.87,76916,42.73,U
sz300850,新强联,2025-09-26 10:12:15,42.87,5100,42.87,D
sz300850,新强联,2025-09-26 10:12:18,42.87,9900,42.87,D
sz300850,新强联,2025-09-26 10:12:21,42.87,7100,42.87,U
sz300850,新强联,2025-09-26 10:12:27,42.95,12500,42.87,U
sz300850,新强联,2025-09-26 10:12:30,42.98,18500,42.95,U
sz300850,新强联,2025-09-26 10:12:33,42.95,7300,42.98,D
sz300850,新强联,2025-09-26 10:12:36,42.98,6500,42.95,U
sz300850,新强联,2025-09-26 10:12:39,42.98,5900,42.98,U
sz300850,新强联,2025-09-26 10:12:42,42.98,9100,42.98,U
sz300850,新强联,2025-09-26 10:12:45,42.98,27300,42.98,U
sz300850,新强联,2025-09-26 10:12:48,42.96,8500,42.98,E
sz300850,新强联,2025-09-26 10:12:51,42.95,14000,42.96,E
sz300850,新强联,2025-09-26 10:12:54,42.96,16400,42.95,U
sz300850,新强联,2025-09-26 10:12:57,42.96,9500,42.96,U
sz300850,新强联,2025-09-26 10:13:00,42.96,14684,42.96,U
sz300850,新强联,2025-09-26 10:13:03,42.87,5200,42.96,E
sz300850,新强联,2025-09-26 10:13:06,42.87,5100,42.87,U
sz300850,新强联,2025-09-26 10:13:09,42.8,13700,42.87,D
sz300850,新强联,2025-09-26 10:13:15,42.8,10000,42.83,E
sz300850,新强联,2025-09-26 10:13:18,42.74,11200,42.8,D
sz300850,新强联,2025-09-26 10:13:21,42.74,6800,42.74,E
sz300850,新强联,2025-09-26 10:13:36,42.65,36000,42.67,U
sz300850,新强联,2025-09-26 10:13:39,42.65,19443,42.65,U
sz300850,新强联,2025-09-26 10:13:42,42.64,8357,42.65,D
sz300850,新强联,2025-09-26 10:13:54,42.64,27000,42.61,U
sz300850,新强联,2025-09-26 10:13:57,42.68,39443,42.64,U
sz300850,新强联,2025-09-26 10:14:00,42.62,14900,42.68,D
sz300850,新强联,2025-09-26 10:14:03,42.68,7700,42.62,U
sz300850,新强联,2025-09-26 10:14:12,42.7,9900,42.7,U
sz300850,新强联,2025-09-26 10:14:15,42.72,6100,42.7,E
sz300850,新强联,2025-09-26 10:14:18,42.73,6800,42.72,U
sz300850,新强联,2025-09-26 10:14:24,42.81,7200,42.79,U
sz300850,新强联,2025-09-26 10:14:30,42.87,11900,42.81,U
sz300850,新强联,2025-09-26 10:14:33,42.79,24800,42.87,D
sz300850,新强联,2025-09-26 10:14:45,42.77,7300,42.74,U
sz300850,新强联,2025-09-26 10:14:57,42.68,16000,42.77,D
sz300850,新强联,2025-09-26 10:15:00,42.77,18200,42.68,U
sz300850,新强联,2025-09-26 10:15:03,42.74,10300,42.77,E
sz300850,新强联,2025-09-26 10:15:06,42.74,12200,42.74,U
sz300850,新强联,2025-09-26 10:15:15,42.74,11700,42.74,U
sz300850,新强联,2025-09-26 10:15:18,42.83,34700,42.74,U
sz300850,新强联,2025-09-26 10:15:21,42.87,11100,42.83,U
sz300850,新强联,2025-09-26 10:15:24,42.87,7800,42.87,U
sz300850,新强联,2025-09-26 10:15:27,42.88,21700,42.87,U
sz300850,新强联,2025-09-26 10:15:30,42.92,15097,42.88,U
sz300850,新强联,2025-09-26 10:15:33,42.92,8600,42.92,U
sz300850,新强联,2025-09-26 10:15:36,42.96,29300,42.92,U
sz300850,新强联,2025-09-26 10:15:39,42.97,25216,42.96,U
sz300850,新强联,2025-09-26 10:15:42,42.98,15100,42.97,U
sz300850,新强联,2025-09-26 10:15:45,42.98,31700,42.98,D
sz300850,新强联,2025-09-26 10:15:48,42.91,38184,42.98,D
sz300850,新强联,2025-09-26 10:15:51,42.95,27903,42.91,U
sz300850,新强联,2025-09-26 10:15:54,42.9,13400,42.95,E
sz300850,新强联,2025-09-26 10:15:57,42.9,10100,42.9,U
sz300850,新强联,2025-09-26 10:16:00,42.89,9800,42.9,E
sz300850,新强联,2025-09-26 10:16:03,42.91,12900,42.89,U
sz300850,新强联,2025-09-26 10:16:06,42.88,5500,42.91,E
sz300850,新强联,2025-09-26 10:16:09,42.89,26900,42.88,U
sz300850,新强联,2025-09-26 10:16:12,42.91,7500,42.89,U
sz300850,新强联,2025-09-26 10:16:15,42.92,22000,42.91,U
sz300850,新强联,2025-09-26 10:16:18,42.89,9200,42.92,D
sz300850,新强联,2025-09-26 10:16:21,42.82,5500,42.89,D
sz300850,新强联,2025-09-26 10:16:24,42.9,26100,42.82,U
sz300850,新强联,2025-09-26 10:16:27,42.89,5700,42.9,D
sz300850,新强联,2025-09-26 10:16:30,42.89,40500,42.89,D
sz300850,新强联,2025-09-26 10:16:33,42.9,31700,42.89,U
sz300850,新强联,2025-09-26 10:16:48,42.91,6200,42.9,U
sz300850,新强联,2025-09-26 10:16:51,42.89,37900,42.91,D
sz300850,新强联,2025-09-26 10:16:54,42.78,6300,42.89,D
sz300850,新强联,2025-09-26 10:16:57,42.78,9000,42.78,U
sz300850,新强联,2025-09-26 10:17:00,42.82,6500,42.78,U
sz300850,新强联,2025-09-26 10:17:06,42.75,7700,42.75,D
sz300850,新强联,2025-09-26 10:17:15,42.7,9400,42.75,D
sz300850,新强联,2025-09-26 10:17:21,42.69,8200,42.7,E
sz300850,新强联,2025-09-26 10:17:36,42.67,5600,42.68,D
sz300850,新强联,2025-09-26 10:17:45,42.63,5000,42.65,D
sz300850,新强联,2025-09-26 10:17:51,42.62,6000,42.62,D
sz300850,新强联,2025-09-26 10:17:57,42.6,8800,42.61,D
sz300850,新强联,2025-09-26 10:18:00,42.57,17200,42.6,D
sz300850,新强联,2025-09-26 10:18:03,42.56,11600,42.57,D
sz300850,新强联,2025-09-26 10:18:12,42.5,6700,42.5,D
sz300850,新强联,2025-09-26 10:18:18,42.48,8700,42.49,D
sz300850,新强联,2025-09-26 10:18:24,42.47,5500,42.47,D
sz300850,新强联,2025-09-26 10:18:27,42.47,6600,42.47,U
sz300850,新强联,2025-09-26 10:18:30,42.47,7100,42.47,U
sz300850,新强联,2025-09-26 10:18:33,42.47,5800,42.47,U
sz300850,新强联,2025-09-26 10:18:39,42.54,51300,42.47,U
sz300850,新强联,2025-09-26 10:18:54,42.57,12700,42.55,U
sz300850,新强联,2025-09-26 10:19:06,42.6,9500,42.6,U
sz300850,新强联,2025-09-26 10:19:09,42.61,8052,42.6,U
sz300850,新强联,2025-09-26 10:19:24,42.6,12800,42.6,U
sz300850,新强联,2025-09-26 10:19:30,42.59,10200,42.6,E
sz300850,新强联,2025-09-26 10:19:33,42.62,7300,42.59,U
sz300850,新强联,2025-09-26 10:19:36,42.63,8400,42.62,U
sz300850,新强联,2025-09-26 10:20:00,42.7,25800,42.67,U
sz300850,新强联,2025-09-26 10:20:03,42.74,6200,42.7,U
sz300850,新强联,2025-09-26 10:20:15,42.79,6700,42.75,U
sz300850,新强联,2025-09-26 10:20:18,42.75,5800,42.79,D
sz300850,新强联,2025-09-26 10:20:24,42.79,10500,42.79,U
sz300850,新强联,2025-09-26 10:20:27,42.8,11700,42.79,U
sz300850,新强联,2025-09-26 10:20:33,42.86,8800,42.82,U
sz300850,新强联,2025-09-26 10:20:36,42.93,39500,42.86,U
sz300850,新强联,2025-09-26 10:20:42,42.93,10500,42.95,D
sz300850,新强联,2025-09-26 10:20:48,42.88,10800,42.9,D
sz300850,新强联,2025-09-26 10:20:57,42.88,8400,42.84,U
sz300850,新强联,2025-09-26 10:21:09,42.9,8200,42.89,U
sz300850,新强联,2025-09-26 10:21:12,42.92,33500,42.9,U
sz300850,新强联,2025-09-26 10:21:18,42.95,8700,42.94,U
sz300850,新强联,2025-09-26 10:21:21,42.95,35200,42.95,U
sz300850,新强联,2025-09-26 10:21:24,42.95,6700,42.95,U
sz300850,新强联,2025-09-26 10:21:27,42.82,37900,42.95,D
sz300850,新强联,2025-09-26 10:21:30,42.82,18400,42.82,D
sz300850,新强联,2025-09-26 10:21:33,42.79,15500,42.82,D
sz300850,新强联,2025-09-26 10:21:36,42.82,10200,42.79,D
sz300850,新强联,2025-09-26 10:21:54,42.71,5000,42.79,D
sz300850,新强联,2025-09-26 10:21:57,42.73,5200,42.71,U
sz300850,新强联,2025-09-26 10:22:00,42.73,7700,42.73,D
sz300850,新强联,2025-09-26 10:22:03,42.8,20200,42.73,U
sz300850,新强联,2025-09-26 10:22:06,42.8,20300,42.8,U
sz300850,新强联,2025-09-26 10:22:09,42.81,8600,42.8,E
sz300850,新强联,2025-09-26 10:22:12,42.82,12900,42.81,U
sz300850,新强联,2025-09-26 10:22:15,42.82,5900,42.82,U
sz300850,新强联,2025-09-26 10:22:18,42.88,6300,42.82,U
sz300850,新强联,2025-09-26 10:22:21,42.9,37200,42.88,U
sz300850,新强联,2025-09-26 10:22:24,42.9,5500,42.9,D
sz300850,新强联,2025-09-26 10:22:27,42.93,7700,42.9,U
sz300850,新强联,2025-09-26 10:22:30,42.93,10400,42.93,D
sz300850,新强联,2025-09-26 10:22:36,42.92,59900,42.92,U
sz300850,新强联,2025-09-26 10:22:39,42.8,6100,42.92,D
sz300850,新强联,2025-09-26 10:22:45,42.82,7000,42.88,E
sz300850,新强联,2025-09-26 10:22:48,42.87,7600,42.82,E
sz300850,新强联,2025-09-26 10:22:51,42.91,5600,42.87,U
sz300850,新强联,2025-09-26 10:22:54,42.91,6900,42.91,U
sz300850,新强联,2025-09-26 10:22:57,42.91,8600,42.91,U
sz300850,新强联,2025-09-26 10:23:03,42.91,16300,42.91,U
sz300850,新强联,2025-09-26 10:23:06,42.91,29700,42.91,U
sz300850,新强联,2025-09-26 10:23:09,42.85,25000,42.91,D
sz300850,新强联,2025-09-26 10:23:12,42.75,11900,42.85,D
sz300850,新强联,2025-09-26 10:23:15,42.81,40300,42.75,U
sz300850,新强联,2025-09-26 10:23:21,42.78,6900,42.77,U
sz300850,新强联,2025-09-26 10:23:27,42.77,5900,42.76,U
sz300850,新强联,2025-09-26 10:23:33,42.77,44800,42.78,D
sz300850,新强联,2025-09-26 10:23:39,42.7,7100,42.77,D
sz300850,新强联,2025-09-26 10:23:48,42.73,9300,42.71,U
sz300850,新强联,2025-09-26 10:23:57,42.7,12400,42.72,D
sz300850,新强联,2025-09-26 10:24:00,42.71,5900,42.7,E
sz300850,新强联,2025-09-26 10:24:09,42.55,22900,42.63,D
sz300850,新强联,2025-09-26 10:24:15,42.57,7500,42.58,E
sz300850,新强联,2025-09-26 10:24:18,42.57,6900,42.57,U
sz300850,新强联,2025-09-26 10:24:24,42.59,54300,42.57,U
sz300850,新强联,2025-09-26 10:24:42,42.65,5300,42.68,D
sz300850,新强联,2025-09-26 10:24:48,42.65,5000,42.66,E
sz300850,新强联,2025-09-26 10:25:00,42.75,95000,42.62,U
sz300850,新强联,2025-09-26 10:25:03,42.85,40500,42.75,U
sz300850,新强联,2025-09-26 10:25:06,42.9,9300,42.85,U
sz300850,新强联,2025-09-26 10:25:15,42.9,7000,42.9,U
sz300850,新强联,2025-09-26 10:25:18,42.9,12000,42.9,U
sz300850,新强联,2025-09-26 10:25:24,42.95,24700,42.91,U
sz300850,新强联,2025-09-26 10:25:27,42.95,6600,42.95,U
sz300850,新强联,2025-09-26 10:25:30,42.91,23100,42.95,D
sz300850,新强联,2025-09-26 10:25:36,42.97,26100,42.96,U
sz300850,新强联,2025-09-26 10:25:39,42.98,62100,42.97,U
sz300850,新强联,2025-09-26 10:25:42,42.98,7400,42.98,U
sz300850,新强联,2025-09-26 10:25:48,42.98,30400,42.98,U
sz300850,新强联,2025-09-26 10:25:51,42.98,44400,42.98,U
sz300850,新强联,2025-09-26 10:25:54,42.98,5600,42.98,U
sz300850,新强联,2025-09-26 10:25:57,43.02,332027,42.98,U
sz300850,新强联,2025-09-26 10:26:00,43.03,12373,43.02,U
sz300850,新强联,2025-09-26 10:26:03,43.05,9327,43.03,U
sz300850,新强联,2025-09-26 10:26:06,43.03,22474,43.05,D
sz300850,新强联,2025-09-26 10:26:09,43.04,18000,43.03,U
sz300850,新强联,2025-09-26 10:26:12,43.06,25500,43.04,U
sz300850,新强联,2025-09-26 10:26:15,43.06,20800,43.06,U
sz300850,新强联,2025-09-26 10:26:18,43.06,12500,43.06,U
sz300850,新强联,2025-09-26 10:26:21,43.1,25200,43.06,U
sz300850,新强联,2025-09-26 10:26:24,43.07,16000,43.1,D
sz300850,新强联,2025-09-26 10:26:27,43.07,22600,43.07,U
sz300850,新强联,2025-09-26 10:26:30,43.15,83600,43.07,U
sz300850,新强联,2025-09-26 10:26:33,43.2,47000,43.15,U
sz300850,新强联,2025-09-26 10:26:36,43.22,35300,43.2,U
sz300850,新强联,2025-09-26 10:26:39,43.21,17300,43.22,D
sz300850,新强联,2025-09-26 10:26:42,43.22,31000,43.21,U
sz300850,新强联,2025-09-26 10:26:45,43.25,16200,43.22,U
sz300850,新强联,2025-09-26 10:26:48,43.25,19400,43.25,D
sz300850,新强联,2025-09-26 10:26:51,43.26,15000,43.25,U
sz300850,新强联,2025-09-26 10:26:54,43.3,10400,43.26,U
sz300850,新强联,2025-09-26 10:26:57,43.28,113300,43.3,D
sz300850,新强联,2025-09-26 10:27:00,43.23,30700,43.28,E
sz300850,新强联,2025-09-26 10:27:03,43.26,15600,43.23,U
sz300850,新强联,2025-09-26 10:27:06,43.2,20800,43.26,D
sz300850,新强联,2025-09-26 10:27:09,43.17,16200,43.2,E
sz300850,新强联,2025-09-26 10:27:12,43.2,70200,43.17,U
sz300850,新强联,2025-09-26 10:27:15,43.18,46800,43.2,U
sz300850,新强联,2025-09-26 10:27:21,43.18,9800,43.11,U
sz300850,新强联,2025-09-26 10:27:30,43.19,6900,43.18,U
sz300850,新强联,2025-09-26 10:27:36,43.17,7400,43.18,D
sz300850,新强联,2025-09-26 10:27:39,43.18,7333,43.17,U
sz300850,新强联,2025-09-26 10:27:48,43.19,5000,43.18,U
sz300850,新强联,2025-09-26 10:27:54,43.14,10100,43.19,D
sz300850,新强联,2025-09-26 10:27:57,43.18,11800,43.14,U
sz300850,新强联,2025-09-26 10:28:03,43.31,109034,43.19,U
sz300850,新强联,2025-09-26 10:28:09,43.39,10700,43.38,U
sz300850,新强联,2025-09-26 10:28:12,43.38,5900,43.39,D
sz300850,新强联,2025-09-26 10:28:15,43.39,11500,43.38,U
sz300850,新强联,2025-09-26 10:28:18,43.39,33200,43.39,D
sz300850,新强联,2025-09-26 10:28:21,43.39,52200,43.39,D
sz300850,新强联,2025-09-26 10:28:24,43.4,19400,43.39,U
sz300850,新强联,2025-09-26 10:28:27,43.4,15600,43.4,U
sz300850,新强联,2025-09-26 10:28:30,43.41,20400,43.4,U
sz300850,新强联,2025-09-26 10:28:33,43.39,13100,43.41,E
sz300850,新强联,2025-09-26 10:28:36,43.39,13200,43.39,U
sz300850,新强联,2025-09-26 10:28:39,43.39,8300,43.39,U
sz300850,新强联,2025-09-26 10:28:42,43.4,67900,43.39,U
sz300850,新强联,2025-09-26 10:28:45,43.4,19500,43.4,U
sz300850,新强联,2025-09-26 10:28:48,43.4,12700,43.4,U
sz300850,新强联,2025-09-26 10:28:51,43.33,7100,43.4,D
sz300850,新强联,2025-09-26 10:28:54,43.34,22600,43.33,E
sz300850,新强联,2025-09-26 10:28:57,43.39,18000,43.34,U
sz300850,新强联,2025-09-26 10:29:00,43.39,21200,43.39,U
sz300850,新强联,2025-09-26 10:29:03,43.4,17600,43.39,E
sz300850,新强联,2025-09-26 10:29:06,43.37,13700,43.4,D
sz300850,新强联,2025-09-26 10:29:09,43.24,25600,43.37,D
sz300850,新强联,2025-09-26 10:29:12,43.29,10500,43.24,U
sz300850,新强联,2025-09-26 10:29:15,43.3,8000,43.29,U
sz300850,新强联,2025-09-26 10:29:18,43.21,15800,43.3,D
sz300850,新强联,2025-09-26 10:29:24,43.2,65500,43.21,D
sz300850,新强联,2025-09-26 10:29:27,43.21,9300,43.2,U
sz300850,新强联,2025-09-26 10:29:30,43.19,38200,43.21,D
sz300850,新强联,2025-09-26 10:29:33,43.12,14300,43.19,D
sz300850,新强联,2025-09-26 10:29:36,43.16,6800,43.12,U
sz300850,新强联,2025-09-26 10:29:39,43.1,8800,43.16,D
sz300850,新强联,2025-09-26 10:29:45,43.11,12500,43.12,U
sz300850,新强联,2025-09-26 10:29:48,43.1,76800,43.11,D
sz300850,新强联,2025-09-26 10:30:03,43.07,8539,43.08,D
sz300850,新强联,2025-09-26 10:30:06,43.09,6761,43.07,U
sz300850,新强联,2025-09-26 10:30:09,43.09,4900,43.09,D
sz300850,新强联,2025-09-26 10:30:12,43.08,7039,43.09,D
sz300850,新强联,2025-09-26 10:30:15,43.05,10100,43.08,D
sz300850,新强联,2025-09-26 10:30:18,43.02,13100,43.05,D
sz300850,新强联,2025-09-26 10:30:21,43.0,19500,43.02,D
sz300850,新强联,2025-09-26 10:30:24,42.96,43000,43.0,D
sz300850,新强联,2025-09-26 10:30:30,42.98,14900,42.92,U
sz300850,新强联,2025-09-26 10:30:39,42.99,5100,43.0,E
sz300850,新强联,2025-09-26 10:30:45,43.0,4800,43.0,U
sz300850,新强联,2025-09-26 10:30:48,43.0,4900,43.0,U
sz300850,新强联,2025-09-26 10:30:51,42.99,11800,43.0,D
sz300850,新强联,2025-09-26 10:30:54,42.98,6600,42.99,D
sz300850,新强联,2025-09-26 10:30:57,42.92,8000,42.98,D
sz300850,新强联,2025-09-26 10:31:00,42.9,25000,42.92,D
sz300850,新强联,2025-09-26 10:31:03,42.96,7800,42.9,U
sz300850,新强联,2025-09-26 10:31:09,43.08,45500,42.96,U
sz300850,新强联,2025-09-26 10:31:12,43.09,5300,43.08,U
sz300850,新强联,2025-09-26 10:31:18,43.05,4700,43.08,D
sz300850,新强联,2025-09-26 10:31:21,42.99,8800,43.05,D
sz300850,新强联,2025-09-26 10:31:30,42.96,23400,42.98,D
sz300850,新强联,2025-09-26 10:31:33,42.96,11100,42.96,D
sz300850,新强联,2025-09-26 10:31:39,42.96,9000,42.97,D
sz300850,新强联,2025-09-26 10:31:45,42.93,5000,42.95,D
sz300850,新强联,2025-09-26 10:31:51,42.93,6500,42.93,U
sz300850,新强联,2025-09-26 10:31:57,42.94,8200,42.93,U
sz300850,新强联,2025-09-26 10:32:03,42.88,29300,42.92,D
sz300850,新强联,2025-09-26 10:32:06,42.93,18800,42.88,U
sz300850,新强联,2025-09-26 10:32:27,42.88,6416,42.9,D
sz300850,新强联,2025-09-26 10:32:30,42.85,14900,42.88,D
sz300850,新强联,2025-09-26 10:32:51,42.85,4700,42.87,D
sz300850,新强联,2025-09-26 10:32:54,42.85,8700,42.85,D
sz300850,新强联,2025-09-26 10:33:00,42.84,6700,42.83,U
sz300850,新强联,2025-09-26 10:33:06,42.85,5600,42.83,U
sz300850,新强联,2025-09-26 10:33:24,42.85,7300,42.86,D
sz300850,新强联,2025-09-26 10:33:27,42.85,7600,42.85,D
sz300850,新强联,2025-09-26 10:33:30,42.82,13700,42.85,D
sz300850,新强联,2025-09-26 10:33:33,42.82,31900,42.82,D
sz300850,新强联,2025-09-26 10:33:57,42.76,21100,42.74,E
sz300850,新强联,2025-09-26 10:34:18,42.76,6500,42.75,U
sz300850,新强联,2025-09-26 10:34:24,42.72,19700,42.73,D
sz300850,新强联,2025-09-26 10:34:27,42.71,50400,42.72,D
sz300850,新强联,2025-09-26 10:34:30,42.7,10200,42.71,D
sz300850,新强联,2025-09-26 10:34:33,42.69,6300,42.7,D
sz300850,新强联,2025-09-26 10:34:39,42.7,12300,42.7,U
sz300850,新强联,2025-09-26 10:34:42,42.71,10884,42.7,U
sz300850,新强联,2025-09-26 10:34:48,42.72,4700,42.77,D
sz300850,新强联,2025-09-26 10:35:03,42.76,4700,42.72,E
sz300850,新强联,2025-09-26 10:35:12,42.68,12616,42.72,D
sz300850,新强联,2025-09-26 10:35:18,42.65,6600,42.66,D
sz300850,新强联,2025-09-26 10:35:21,42.61,5500,42.65,D
sz300850,新强联,2025-09-26 10:35:27,42.61,10600,42.61,U
sz300850,新强联,2025-09-26 10:35:30,42.62,13800,42.61,U
sz300850,新强联,2025-09-26 10:35:33,42.6,11200,42.62,D
sz300850,新强联,2025-09-26 10:35:45,42.58,4800,42.62,D
sz300850,新强联,2025-09-26 10:35:54,42.61,5200,42.6,U
sz300850,新强联,2025-09-26 10:36:03,42.6,15200,42.61,D
sz300850,新强联,2025-09-26 10:36:09,42.58,6500,42.58,D
sz300850,新强联,2025-09-26 10:36:18,42.56,6500,42.57,D
sz300850,新强联,2025-09-26 10:36:33,42.5,52500,42.52,D
sz300850,新强联,2025-09-26 10:36:36,42.5,12700,42.5,D
sz300850,新强联,2025-09-26 10:36:45,42.48,17200,42.47,U
sz300850,新强联,2025-09-26 10:36:48,42.46,41900,42.48,D
sz300850,新强联,2025-09-26 10:36:51,42.46,24520,42.46,D
sz300850,新强联,2025-09-26 10:36:54,42.45,17100,42.46,D
sz300850,新强联,2025-09-26 10:37:00,42.41,12600,42.42,D
sz300850,新强联,2025-09-26 10:37:03,42.42,7900,42.41,U
sz300850,新强联,2025-09-26 10:37:06,42.42,11300,42.42,U
sz300850,新强联,2025-09-26 10:37:09,42.41,12500,42.42,D
sz300850,新强联,2025-09-26 10:37:12,42.42,5000,42.41,D
sz300850,新强联,2025-09-26 10:37:15,42.43,9000,42.42,D
sz300850,新强联,2025-09-26 10:37:18,42.45,7100,42.43,U
sz300850,新强联,2025-09-26 10:37:27,42.46,5600,42.47,U
sz300850,新强联,2025-09-26 10:37:30,42.5,13500,42.46,U
sz300850,新强联,2025-09-26 10:37:33,42.42,160000,42.5,D
sz300850,新强联,2025-09-26 10:37:36,42.41,12000,42.42,E
sz300850,新强联,2025-09-26 10:37:42,42.41,7000,42.45,D
sz300850,新强联,2025-09-26 10:37:48,42.39,44000,42.4,D
sz300850,新强联,2025-09-26 10:37:54,42.38,11800,42.4,E
sz300850,新强联,2025-09-26 10:37:57,42.36,12300,42.38,D
sz300850,新强联,2025-09-26 10:38:00,42.33,24000,42.36,D
sz300850,新强联,2025-09-26 10:38:03,42.33,7700,42.33,U
sz300850,新强联,2025-09-26 10:38:06,42.3,8300,42.33,D
sz300850,新强联,2025-09-26 10:38:12,42.27,13800,42.28,D
sz300850,新强联,2025-09-26 10:38:15,42.27,12500,42.27,U
sz300850,新强联,2025-09-26 10:38:18,42.27,6300,42.27,U
sz300850,新强联,2025-09-26 10:38:21,42.27,12200,42.27,U
sz300850,新强联,2025-09-26 10:38:24,42.26,14800,42.27,D
sz300850,新强联,2025-09-26 10:38:27,42.25,7200,42.26,D
sz300850,新强联,2025-09-26 10:38:39,42.24,15300,42.24,U
sz300850,新强联,2025-09-26 10:38:42,42.25,28200,42.24,U
sz300850,新强联,2025-09-26 10:38:45,42.24,9600,42.25,D
sz300850,新强联,2025-09-26 10:38:54,42.27,33100,42.27,U
sz300850,新强联,2025-09-26 10:38:57,42.27,9400,42.27,D
sz300850,新强联,2025-09-26 10:39:15,42.36,7300,42.36,U
sz300850,新强联,2025-09-26 10:39:21,42.36,30800,42.36,D
sz300850,新强联,2025-09-26 10:39:24,42.32,8700,42.36,D
sz300850,新强联,2025-09-26 10:39:27,42.28,24000,42.32,D
sz300850,新强联,2025-09-26 10:39:30,42.34,35100,42.28,U
sz300850,新强联,2025-09-26 10:39:36,42.38,7300,42.35,U
sz300850,新强联,2025-09-26 10:39:45,42.4,5500,42.4,U
sz300850,新强联,2025-09-26 10:39:51,42.41,13000,42.4,U
sz300850,新强联,2025-09-26 10:40:00,42.4,5400,42.41,D
sz300850,新强联,2025-09-26 10:40:03,42.41,9300,42.4,U
sz300850,新强联,2025-09-26 10:40:09,42.4,20200,42.4,D
sz300850,新强联,2025-09-26 10:40:12,42.41,5600,42.4,U
sz300850,新强联,2025-09-26 10:40:15,42.41,12300,42.41,U
sz300850,新强联,2025-09-26 10:40:18,42.41,5500,42.41,U
sz300850,新强联,2025-09-26 10:40:27,42.43,7500,42.43,D
sz300850,新强联,2025-09-26 10:40:30,42.41,12600,42.43,D
sz300850,新强联,2025-09-26 10:40:33,42.39,6300,42.41,D
sz300850,新强联,2025-09-26 10:40:39,42.39,5400,42.39,U
sz300850,新强联,2025-09-26 10:40:42,42.39,41900,42.39,U
sz300850,新强联,2025-09-26 10:40:48,42.36,8600,42.33,U
sz300850,新强联,2025-09-26 10:40:51,42.39,8100,42.36,U
sz300850,新强联,2025-09-26 10:40:54,42.35,14100,42.39,D
sz300850,新强联,2025-09-26 10:41:03,42.31,26300,42.38,D
sz300850,新强联,2025-09-26 10:41:06,42.27,36000,42.31,D
sz300850,新强联,2025-09-26 10:41:09,42.27,16600,42.27,D
sz300850,新强联,2025-09-26 10:41:12,42.25,16400,42.27,D
sz300850,新强联,2025-09-26 10:41:15,42.25,16300,42.25,D
sz300850,新强联,2025-09-26 10:41:18,42.24,5400,42.25,D
sz300850,新强联,2025-09-26 10:41:21,42.22,5300,42.24,D
sz300850,新强联,2025-09-26 10:41:27,42.25,11200,42.23,U
sz300850,新强联,2025-09-26 10:41:33,42.25,7900,42.23,U
sz300850,新强联,2025-09-26 10:41:39,42.23,21000,42.24,D
sz300850,新强联,2025-09-26 10:41:51,42.22,9187,42.22,D
sz300850,新强联,2025-09-26 10:42:03,42.2,15200,42.21,D
sz300850,新强联,2025-09-26 10:42:06,42.17,57100,42.2,D
sz300850,新强联,2025-09-26 10:42:09,42.14,15700,42.17,D
sz300850,新强联,2025-09-26 10:42:21,42.1,7700,42.11,D
sz300850,新强联,2025-09-26 10:42:24,42.1,12200,42.1,U
sz300850,新强联,2025-09-26 10:42:27,42.1,15300,42.1,U
sz300850,新强联,2025-09-26 10:42:30,42.13,14300,42.1,U
sz300850,新强联,2025-09-26 10:42:36,42.2,45521,42.1,U
sz300850,新强联,2025-09-26 10:42:42,42.2,8287,42.16,U
sz300850,新强联,2025-09-26 10:43:09,42.22,8300,42.2,U
sz300850,新强联,2025-09-26 10:43:15,42.21,11600,42.25,D
sz300850,新强联,2025-09-26 10:43:24,42.19,10700,42.21,D
sz300850,新强联,2025-09-26 10:43:36,42.22,5600,42.19,U
sz300850,新强联,2025-09-26 10:43:51,42.34,18300,42.22,U
sz300850,新强联,2025-09-26 10:44:03,42.27,6100,42.27,E
sz300850,新强联,2025-09-26 10:44:06,42.24,15700,42.27,D
sz300850,新强联,2025-09-26 10:44:21,42.21,11300,42.22,D
sz300850,新强联,2025-09-26 10:44:24,42.22,13500,42.21,D
sz300850,新强联,2025-09-26 10:44:36,42.19,5200,42.19,D
sz300850,新强联,2025-09-26 10:44:48,42.19,5000,42.19,U
sz300850,新强联,2025-09-26 10:44:57,42.18,5600,42.19,D
sz300850,新强联,2025-09-26 10:45:00,42.17,9500,42.18,D
sz300850,新强联,2025-09-26 10:45:03,42.3,24400,42.17,U
sz300850,新强联,2025-09-26 10:45:06,42.2,16400,42.3,D
sz300850,新强联,2025-09-26 10:45:24,42.28,4800,42.27,U
sz300850,新强联,2025-09-26 10:45:39,42.3,9900,42.3,U
sz300850,新强联,2025-09-26 10:45:42,42.3,12400,42.3,U
sz300850,新强联,2025-09-26 10:45:48,42.34,6600,42.32,U
sz300850,新强联,2025-09-26 10:45:54,42.3,15400,42.32,D
sz300850,新强联,2025-09-26 10:45:57,42.34,6700,42.3,U
sz300850,新强联,2025-09-26 10:46:00,42.28,9300,42.34,D
sz300850,新强联,2025-09-26 10:46:03,42.24,16400,42.28,D
sz300850,新强联,2025-09-26 10:46:06,42.29,13400,42.24,U
sz300850,新强联,2025-09-26 10:46:09,42.29,5400,42.29,U
sz300850,新强联,2025-09-26 10:46:24,42.29,5100,42.29,U
sz300850,新强联,2025-09-26 10:46:27,42.29,6300,42.29,U
sz300850,新强联,2025-09-26 10:46:45,42.29,6600,42.33,D
sz300850,新强联,2025-09-26 10:46:51,42.25,8200,42.31,D
sz300850,新强联,2025-09-26 10:47:00,42.21,22100,42.24,D
sz300850,新强联,2025-09-26 10:47:03,42.2,8400,42.21,D
sz300850,新强联,2025-09-26 10:47:06,42.19,11300,42.2,D
sz300850,新强联,2025-09-26 10:47:12,42.18,10800,42.18,D
sz300850,新强联,2025-09-26 10:47:15,42.19,17000,42.18,E
sz300850,新强联,2025-09-26 10:47:18,42.19,28700,42.19,D
sz300850,新强联,2025-09-26 10:47:24,42.18,8100,42.18,U
sz300850,新强联,2025-09-26 10:47:33,42.16,11300,42.18,D
sz300850,新强联,2025-09-26 10:47:45,42.11,4900,42.15,D
sz300850,新强联,2025-09-26 10:47:48,42.1,52200,42.11,D
sz300850,新强联,2025-09-26 10:47:51,42.1,9700,42.1,D
sz300850,新强联,2025-09-26 10:47:54,42.12,5600,42.1,E
sz300850,新强联,2025-09-26 10:48:00,42.11,10900,42.12,D
sz300850,新强联,2025-09-26 10:48:03,42.1,6400,42.11,D
sz300850,新强联,2025-09-26 10:48:12,42.1,9200,42.12,D
sz300850,新强联,2025-09-26 10:48:15,42.01,45700,42.1,D
sz300850,新强联,2025-09-26 10:48:18,42.0,69900,42.01,D
sz300850,新强联,2025-09-26 10:48:21,42.1,5000,42.0,U
sz300850,新强联,2025-09-26 10:48:24,42.01,7000,42.1,D
sz300850,新强联,2025-09-26 10:48:33,42.09,5200,42.04,U
sz300850,新强联,2025-09-26 10:48:36,42.1,34200,42.09,U
sz300850,新强联,2025-09-26 10:48:45,42.09,7700,42.11,D
sz300850,新强联,2025-09-26 10:48:54,42.08,7900,42.09,D
sz300850,新强联,2025-09-26 10:49:00,42.1,7100,42.08,U
sz300850,新强联,2025-09-26 10:49:09,42.11,8100,42.1,U
sz300850,新强联,2025-09-26 10:49:18,42.14,6900,42.13,U
sz300850,新强联,2025-09-26 10:49:30,42.14,14100,42.15,D
sz300850,新强联,2025-09-26 10:49:54,42.1,12400,42.15,D
sz300850,新强联,2025-09-26 10:49:57,42.07,10200,42.1,D
sz300850,新强联,2025-09-26 10:50:18,42.14,6300,42.11,U
sz300850,新强联,2025-09-26 10:50:30,42.15,4900,42.15,D
sz300850,新强联,2025-09-26 10:50:42,42.17,8900,42.15,U
sz300850,新强联,2025-09-26 10:50:48,42.2,7300,42.18,U
sz300850,新强联,2025-09-26 10:51:00,42.21,18200,42.21,D
sz300850,新强联,2025-09-26 10:51:03,42.18,9900,42.21,E
sz300850,新强联,2025-09-26 10:52:03,42.19,5000,42.19,D
sz300850,新强联,2025-09-26 10:52:15,42.16,6500,42.18,D
sz300850,新强联,2025-09-26 10:52:18,42.12,19800,42.16,D
sz300850,新强联,2025-09-26 10:52:21,42.07,8000,42.12,D
sz300850,新强联,2025-09-26 10:52:27,42.1,6200,42.09,U
sz300850,新强联,2025-09-26 10:53:00,42.15,4900,42.18,D
sz300850,新强联,2025-09-26 10:53:42,42.14,5500,42.13,D
sz300850,新强联,2025-09-26 10:53:57,42.13,17600,42.14,D
sz300850,新强联,2025-09-26 10:54:21,42.13,6100,42.11,U
sz300850,新强联,2025-09-26 10:54:54,42.22,21600,42.16,U
sz300850,新强联,2025-09-26 10:55:27,42.21,7400,42.23,D
sz300850,新强联,2025-09-26 10:55:45,42.24,7000,42.24,U
sz300850,新强联,2025-09-26 10:55:51,42.24,6000,42.21,U
sz300850,新强联,2025-09-26 10:56:48,42.22,9000,42.26,D
sz300850,新强联,2025-09-26 10:56:51,42.2,8700,42.22,D
sz300850,新强联,2025-09-26 10:57:06,42.32,4800,42.26,U
sz300850,新强联,2025-09-26 10:57:51,42.28,7600,42.28,D
sz300850,新强联,2025-09-26 10:58:09,42.27,6400,42.27,D
sz300850,新强联,2025-09-26 10:58:15,42.29,7500,42.26,U
sz300850,新强联,2025-09-26 10:58:18,42.34,11500,42.29,U
sz300850,新强联,2025-09-26 10:58:21,42.37,5800,42.34,U
sz300850,新强联,2025-09-26 10:59:06,42.38,11900,42.36,U
sz300850,新强联,2025-09-26 10:59:09,42.37,6284,42.38,E
sz300850,新强联,2025-09-26 10:59:48,42.3,15300,42.31,D
sz300850,新强联,2025-09-26 11:00:00,42.27,11400,42.24,E
sz300850,新强联,2025-09-26 11:00:45,42.31,30100,42.32,D
sz300850,新强联,2025-09-26 11:00:48,42.32,5300,42.31,U
sz300850,新强联,2025-09-26 11:01:06,42.38,5900,42.36,U
sz300850,新强联,2025-09-26 11:01:27,42.44,10300,42.4,U
sz300850,新强联,2025-09-26 11:01:33,42.42,7400,42.43,D
sz300850,新强联,2025-09-26 11:01:45,42.39,4800,42.42,D
sz300850,新强联,2025-09-26 11:02:09,42.44,11500,42.41,U
sz300850,新强联,2025-09-26 11:02:24,42.47,5100,42.46,U
sz300850,新强联,2025-09-26 11:02:27,42.47,6300,42.47,D
sz300850,新强联,2025-09-26 11:02:30,42.48,22600,42.47,U
sz300850,新强联,2025-09-26 11:02:39,42.52,4900,42.48,U
sz300850,新强联,2025-09-26 11:02:42,42.53,22200,42.52,U
sz300850,新强联,2025-09-26 11:02:51,42.48,8100,42.47,U
sz300850,新强联,2025-09-26 11:03:24,42.48,5000,42.48,D
sz300850,新强联,2025-09-26 11:03:30,42.48,9600,42.49,D
sz300850,新强联,2025-09-26 11:03:39,42.5,7500,42.54,D
sz300850,新强联,2025-09-26 11:03:48,42.45,90500,42.49,D
sz300850,新强联,2025-09-26 11:04:09,42.54,26800,42.47,U
sz300850,新强联,2025-09-26 11:04:27,42.54,5600,42.54,U
sz300850,新强联,2025-09-26 11:04:45,42.52,6500,42.5,U
sz300850,新强联,2025-09-26 11:05:57,42.38,11300,42.39,D
sz300850,新强联,2025-09-26 11:06:15,42.33,5700,42.31,U
sz300850,新强联,2025-09-26 11:06:27,42.3,8800,42.33,D
sz300850,新强联,2025-09-26 11:06:33,42.29,8200,42.3,E
sz300850,新强联,2025-09-26 11:06:51,42.29,5500,42.28,U
sz300850,新强联,2025-09-26 11:07:09,42.24,5600,42.26,D
sz300850,新强联,2025-09-26 11:07:36,42.18,10600,42.13,U
sz300850,新强联,2025-09-26 11:07:48,42.14,5800,42.13,U
sz300850,新强联,2025-09-26 11:07:54,42.13,5600,42.14,D
sz300850,新强联,2025-09-26 11:07:57,42.08,23600,42.13,D
sz300850,新强联,2025-09-26 11:08:00,42.09,15500,42.08,U
sz300850,新强联,2025-09-26 11:08:12,42.07,4900,42.08,D
sz300850,新强联,2025-09-26 11:08:18,42.02,23000,42.07,D
sz300850,新强联,2025-09-26 11:08:21,42.02,7000,42.02,D
sz300850,新强联,2025-09-26 11:08:24,42.08,5600,42.02,U
sz300850,新强联,2025-09-26 11:08:54,42.0,27100,42.02,D
sz300850,新强联,2025-09-26 11:08:57,42.0,37600,42.0,D
sz300850,新强联,2025-09-26 11:09:00,42.0,8700,42.0,D
sz300850,新强联,2025-09-26 11:09:06,41.98,16300,41.98,D
sz300850,新强联,2025-09-26 11:09:12,42.03,25200,41.98,U
sz300850,新强联,2025-09-26 11:09:15,42.06,6100,42.03,U
sz300850,新强联,2025-09-26 11:09:18,42.0,4800,42.06,D
sz300850,新强联,2025-09-26 11:09:21,42.0,4900,42.0,D
sz300850,新强联,2025-09-26 11:09:24,42.0,7200,42.0,D
sz300850,新强联,2025-09-26 11:09:27,41.98,6000,42.0,D
sz300850,新强联,2025-09-26 11:09:39,41.98,9300,41.99,D
sz300850,新强联,2025-09-26 11:09:42,42.01,17600,41.98,U
sz300850,新强联,2025-09-26 11:09:45,42.04,12400,42.01,U
sz300850,新强联,2025-09-26 11:09:51,41.99,5000,42.0,D
sz300850,新强联,2025-09-26 11:10:45,42.01,5000,42.01,D
sz300850,新强联,2025-09-26 11:11:12,41.99,5000,42.0,D
sz300850,新强联,2025-09-26 11:11:15,41.96,11100,41.99,D
sz300850,新强联,2025-09-26 11:11:21,41.94,14900,41.95,D
sz300850,新强联,2025-09-26 11:11:36,41.92,10600,41.93,D
sz300850,新强联,2025-09-26 11:11:39,41.92,8200,41.92,D
sz300850,新强联,2025-09-26 11:11:48,41.98,5200,41.94,U
sz300850,新强联,2025-09-26 11:12:42,41.98,42000,42.0,D
sz300850,新强联,2025-09-26 11:12:45,41.95,7200,41.98,D
sz300850,新强联,2025-09-26 11:13:03,41.92,5800,41.93,D
sz300850,新强联,2025-09-26 11:13:06,41.91,6100,41.92,D
sz300850,新强联,2025-09-26 11:13:24,41.92,5500,41.92,U
sz300850,新强联,2025-09-26 11:13:27,41.94,4900,41.92,U
sz300850,新强联,2025-09-26 11:13:45,41.98,4900,41.97,U
sz300850,新强联,2025-09-26 11:13:54,41.98,22300,41.98,U
sz300850,新强联,2025-09-26 11:14:00,41.98,10600,41.98,U
sz300850,新强联,2025-09-26 11:14:18,41.96,10400,41.97,D
sz300850,新强联,2025-09-26 11:14:45,42.0,58484,41.96,U
sz300850,新强联,2025-09-26 11:14:48,42.02,6300,42.0,U
sz300850,新强联,2025-09-26 11:14:51,42.02,6400,42.02,D
sz300850,新强联,2025-09-26 11:15:03,42.01,5700,42.01,U
sz300850,新强联,2025-09-26 11:15:18,41.99,6800,42.0,D
sz300850,新强联,2025-09-26 11:15:30,42.01,5300,42.0,U
sz300850,新强联,2025-09-26 11:15:48,41.99,13516,41.99,U
sz300850,新强联,2025-09-26 11:16:03,41.96,6100,41.96,D
sz300850,新强联,2025-09-26 11:16:06,41.95,8700,41.96,D
sz300850,新强联,2025-09-26 11:16:09,41.95,5700,41.95,D
sz300850,新强联,2025-09-26 11:16:36,41.88,46100,41.93,D
sz300850,新强联,2025-09-26 11:16:39,41.85,8500,41.88,D
sz300850,新强联,2025-09-26 11:16:42,41.83,10300,41.85,D
sz300850,新强联,2025-09-26 11:16:45,41.82,9100,41.83,D
sz300850,新强联,2025-09-26 11:16:48,41.8,12900,41.82,D
sz300850,新强联,2025-09-26 11:16:51,41.8,8000,41.8,D
sz300850,新强联,2025-09-26 11:16:54,41.8,29200,41.8,D
sz300850,新强联,2025-09-26 11:16:57,41.8,27500,41.8,D
sz300850,新强联,2025-09-26 11:17:00,41.78,7900,41.8,D
sz300850,新强联,2025-09-26 11:17:03,41.75,5700,41.78,D
sz300850,新强联,2025-09-26 11:17:06,41.79,9800,41.75,U
sz300850,新强联,2025-09-26 11:17:09,41.79,42600,41.79,U
sz300850,新强联,2025-09-26 11:17:12,41.78,13200,41.79,D
sz300850,新强联,2025-09-26 11:17:21,41.78,6300,41.77,U
sz300850,新强联,2025-09-26 11:17:24,41.78,15100,41.78,U
sz300850,新强联,2025-09-26 11:17:42,41.78,32500,41.77,U
sz300850,新强联,2025-09-26 11:18:06,41.82,5500,41.83,D
sz300850,新强联,2025-09-26 11:18:09,41.82,14400,41.82,U
sz300850,新强联,2025-09-26 11:18:24,41.79,10200,41.8,D
sz300850,新强联,2025-09-26 11:18:27,41.8,24800,41.79,U
sz300850,新强联,2025-09-26 11:18:30,41.78,7400,41.8,D
sz300850,新强联,2025-09-26 11:18:36,41.8,10200,41.77,U
sz300850,新强联,2025-09-26 11:19:15,41.78,6500,41.78,D
sz300850,新强联,2025-09-26 11:19:21,41.77,5755,41.79,D
sz300850,新强联,2025-09-26 11:19:27,41.77,13500,41.77,U
sz300850,新强联,2025-09-26 11:19:36,41.74,7600,41.77,D
sz300850,新强联,2025-09-26 11:19:45,41.76,5500,41.76,E
sz300850,新强联,2025-09-26 11:20:15,41.73,15900,41.74,D
sz300850,新强联,2025-09-26 11:20:30,41.74,6400,41.74,U
sz300850,新强联,2025-09-26 11:20:39,41.74,15400,41.75,D
sz300850,新强联,2025-09-26 11:21:00,41.75,5700,41.77,D
sz300850,新强联,2025-09-26 11:21:03,41.74,10800,41.75,D
sz300850,新强联,2025-09-26 11:21:42,41.73,4900,41.73,D
sz300850,新强联,2025-09-26 11:21:54,41.7,10500,41.73,D
sz300850,新强联,2025-09-26 11:22:00,41.69,11800,41.7,D
sz300850,新强联,2025-09-26 11:22:06,41.69,9600,41.69,D
sz300850,新强联,2025-09-26 11:22:18,41.69,6600,41.69,U
sz300850,新强联,2025-09-26 11:22:21,41.69,16800,41.69,U
sz300850,新强联,2025-09-26 11:22:30,41.7,8900,41.69,U
sz300850,新强联,2025-09-26 11:23:06,41.73,7700,41.73,D
sz300850,新强联,2025-09-26 11:23:30,41.7,5200,41.7,D
sz300850,新强联,2025-09-26 11:23:51,41.69,8600,41.69,U
sz300850,新强联,2025-09-26 11:24:15,41.7,5100,41.69,U
sz300850,新强联,2025-09-26 11:24:33,41.68,6700,41.68,D
sz300850,新强联,2025-09-26 11:24:36,41.68,14100,41.68,D
sz300850,新强联,2025-09-26 11:24:42,41.7,13385,41.67,U
sz300850,新强联,2025-09-26 11:24:45,41.7,5200,41.7,U
sz300850,新强联,2025-09-26 11:24:48,41.7,5200,41.7,U
sz300850,新强联,2025-09-26 11:25:18,41.68,25815,41.69,D
sz300850,新强联,2025-09-26 11:25:21,41.69,4800,41.68,U
sz300850,新强联,2025-09-26 11:25:24,41.7,6600,41.69,U
sz300850,新强联,2025-09-26 11:26:30,41.68,10700,41.7,D
sz300850,新强联,2025-09-26 11:26:54,41.7,13100,41.67,U
sz300850,新强联,2025-09-26 11:27:00,41.7,4800,41.7,U
sz300850,新强联,2025-09-26 11:27:06,41.71,15900,41.7,U
sz300850,新强联,2025-09-26 11:27:27,41.74,9100,41.71,U
sz300850,新强联,2025-09-26 11:27:39,41.79,8245,41.72,U
sz300850,新强联,2025-09-26 11:27:48,41.82,10167,41.81,U
sz300850,新强联,2025-09-26 11:28:06,41.82,6600,41.82,U
sz300850,新强联,2025-09-26 11:28:36,41.84,27000,41.84,D
sz300850,新强联,2025-09-26 11:29:06,41.8,26033,41.83,D
sz300850,新强联,2025-09-26 11:29:12,41.79,5700,41.79,U
sz300850,新强联,2025-09-26 13:00:00,41.82,38100,41.81,U
sz300850,新强联,2025-09-26 13:00:12,41.88,27400,41.85,U
sz300850,新强联,2025-09-26 13:00:15,41.89,8800,41.88,U
sz300850,新强联,2025-09-26 13:00:21,41.87,8400,41.89,D
sz300850,新强联,2025-09-26 13:00:33,41.89,8400,41.86,U
sz300850,新强联,2025-09-26 13:00:39,41.87,9100,41.87,D
sz300850,新强联,2025-09-26 13:00:45,41.87,8900,41.87,D
sz300850,新强联,2025-09-26 13:00:51,41.89,5100,41.87,U
sz300850,新强联,2025-09-26 13:01:03,41.88,16600,41.9,D
sz300850,新强联,2025-09-26 13:01:06,41.85,9000,41.88,D
sz300850,新强联,2025-09-26 13:01:12,41.82,45100,41.83,D
sz300850,新强联,2025-09-26 13:01:15,41.8,44000,41.82,D
sz300850,新强联,2025-09-26 13:01:18,41.92,8400,41.8,U
sz300850,新强联,2025-09-26 13:01:21,41.95,21900,41.92,U
sz300850,新强联,2025-09-26 13:01:33,41.95,14900,41.95,D
sz300850,新强联,2025-09-26 13:01:54,41.97,6400,41.95,U
sz300850,新强联,2025-09-26 13:02:03,41.9,66400,41.96,D
sz300850,新强联,2025-09-26 13:02:09,41.9,12400,41.89,U
sz300850,新强联,2025-09-26 13:02:18,41.77,35800,41.85,D
sz300850,新强联,2025-09-26 13:02:30,41.73,7900,41.77,D
sz300850,新强联,2025-09-26 13:02:39,41.7,20900,41.72,D
sz300850,新强联,2025-09-26 13:02:45,41.69,5500,41.69,U
sz300850,新强联,2025-09-26 13:02:48,41.69,5700,41.69,E
sz300850,新强联,2025-09-26 13:03:27,41.69,13500,41.7,D
sz300850,新强联,2025-09-26 13:04:00,41.7,7700,41.71,D
sz300850,新强联,2025-09-26 13:04:06,41.69,4800,41.69,D
sz300850,新强联,2025-09-26 13:04:09,41.71,5900,41.69,U
sz300850,新强联,2025-09-26 13:04:15,41.69,10200,41.7,D
sz300850,新强联,2025-09-26 13:04:21,41.7,5300,41.69,U
sz300850,新强联,2025-09-26 13:05:12,41.63,7700,41.61,U
sz300850,新强联,2025-09-26 13:05:27,41.62,8400,41.61,U
sz300850,新强联,2025-09-26 13:05:33,41.61,16600,41.61,D
sz300850,新强联,2025-09-26 13:05:39,41.63,8662,41.6,U
sz300850,新强联,2025-09-26 13:06:03,41.62,8000,41.62,U
sz300850,新强联,2025-09-26 13:06:33,41.65,24300,41.63,U
sz300850,新强联,2025-09-26 13:06:57,41.69,5000,41.66,U
sz300850,新强联,2025-09-26 13:07:30,41.69,10200,41.71,D
sz300850,新强联,2025-09-26 13:07:54,41.67,4900,41.68,D
sz300850,新强联,2025-09-26 13:08:09,41.68,5100,41.68,D
sz300850,新强联,2025-09-26 13:08:48,41.64,9400,41.64,D
sz300850,新强联,2025-09-26 13:09:09,41.64,9100,41.66,D
sz300850,新强联,2025-09-26 13:09:45,41.63,8700,41.66,D
sz300850,新强联,2025-09-26 13:09:57,41.62,6400,41.63,D
sz300850,新强联,2025-09-26 13:10:18,41.66,9000,41.66,D
sz300850,新强联,2025-09-26 13:10:45,41.68,5500,41.68,U
sz300850,新强联,2025-09-26 13:10:54,41.68,8300,41.69,D
sz300850,新强联,2025-09-26 13:11:00,41.69,13800,41.66,U
sz300850,新强联,2025-09-26 13:11:06,41.68,5800,41.7,D
sz300850,新强联,2025-09-26 13:11:09,41.66,13300,41.68,D
sz300850,新强联,2025-09-26 13:11:15,41.64,5800,41.65,D
sz300850,新强联,2025-09-26 13:11:45,41.66,5600,41.66,D
sz300850,新强联,2025-09-26 13:11:48,41.66,11100,41.66,D
sz300850,新强联,2025-09-26 13:12:06,41.61,9500,41.64,D
sz300850,新强联,2025-09-26 13:12:27,41.61,6800,41.62,D
sz300850,新强联,2025-09-26 13:12:30,41.61,5600,41.61,U
sz300850,新强联,2025-09-26 13:12:33,41.63,5900,41.61,U
sz300850,新强联,2025-09-26 13:12:57,41.61,7400,41.61,D
sz300850,新强联,2025-09-26 13:13:03,41.6,14200,41.61,D
sz300850,新强联,2025-09-26 13:13:06,41.59,11100,41.6,D
sz300850,新强联,2025-09-26 13:13:09,41.59,5600,41.59,D
sz300850,新强联,2025-09-26 13:13:15,41.59,8000,41.59,D
sz300850,新强联,2025-09-26 13:13:24,41.6,14100,41.59,U
sz300850,新强联,2025-09-26 13:13:27,41.58,7800,41.6,D
sz300850,新强联,2025-09-26 13:13:51,41.59,5600,41.6,D
sz300850,新强联,2025-09-26 13:14:15,41.56,8976,41.59,D
sz300850,新强联,2025-09-26 13:14:21,41.58,7000,41.58,U
sz300850,新强联,2025-09-26 13:15:06,41.6,7900,41.6,U
sz300850,新强联,2025-09-26 13:15:12,41.6,7796,41.6,U
sz300850,新强联,2025-09-26 13:15:15,41.61,9300,41.6,U
sz300850,新强联,2025-09-26 13:15:48,41.6,6104,41.61,D
sz300850,新强联,2025-09-26 13:15:54,41.57,9900,41.59,D
sz300850,新强联,2025-09-26 13:16:30,41.56,12696,41.53,U
sz300850,新强联,2025-09-26 13:16:39,41.56,6000,41.56,U
sz300850,新强联,2025-09-26 13:16:45,41.55,5700,41.55,D
sz300850,新强联,2025-09-26 13:16:48,41.54,8500,41.55,D
sz300850,新强联,2025-09-26 13:17:00,41.5,31500,41.55,D
sz300850,新强联,2025-09-26 13:17:06,41.48,38304,41.54,D
sz300850,新强联,2025-09-26 13:17:12,41.45,7100,41.46,D
sz300850,新强联,2025-09-26 13:17:21,41.45,6200,41.44,U
sz300850,新强联,2025-09-26 13:17:24,41.43,5200,41.45,D
sz300850,新强联,2025-09-26 13:17:30,41.43,9800,41.43,U
sz300850,新强联,2025-09-26 13:17:33,41.43,24700,41.43,U
sz300850,新强联,2025-09-26 13:17:57,41.36,21800,41.36,D
sz300850,新强联,2025-09-26 13:18:00,41.4,36200,41.36,U
sz300850,新强联,2025-09-26 13:18:03,41.43,6900,41.4,U
sz300850,新强联,2025-09-26 13:18:06,41.44,8700,41.43,U
sz300850,新强联,2025-09-26 13:18:09,41.45,4900,41.44,U
sz300850,新强联,2025-09-26 13:18:15,41.5,5900,41.47,U
sz300850,新强联,2025-09-26 13:18:18,41.5,5900,41.5,D
sz300850,新强联,2025-09-26 13:18:42,41.5,7800,41.49,U
sz300850,新强联,2025-09-26 13:18:54,41.48,6800,41.48,U
sz300850,新强联,2025-09-26 13:18:57,41.46,5000,41.48,D
sz300850,新强联,2025-09-26 13:19:12,41.49,19300,41.45,U
sz300850,新强联,2025-09-26 13:19:24,41.48,65800,41.47,U
sz300850,新强联,2025-09-26 13:19:27,41.47,10300,41.48,D
sz300850,新强联,2025-09-26 13:19:57,41.44,11900,41.46,D
sz300850,新强联,2025-09-26 13:20:03,41.45,15100,41.44,U
sz300850,新强联,2025-09-26 13:20:15,41.47,5500,41.46,U
sz300850,新强联,2025-09-26 13:20:21,41.49,16200,41.47,E
sz300850,新强联,2025-09-26 13:21:03,41.6,5200,41.56,U
sz300850,新强联,2025-09-26 13:21:12,41.56,5600,41.6,D
sz300850,新强联,2025-09-26 13:21:33,41.58,9600,41.55,U
sz300850,新强联,2025-09-26 13:21:45,41.6,14400,41.6,U
sz300850,新强联,2025-09-26 13:21:51,41.57,7700,41.58,D
sz300850,新强联,2025-09-26 13:22:00,41.56,10200,41.54,E
sz300850,新强联,2025-09-26 13:22:03,41.55,21500,41.56,U
sz300850,新强联,2025-09-26 13:22:24,41.54,5200,41.54,U
sz300850,新强联,2025-09-26 13:22:36,41.53,6200,41.53,U
sz300850,新强联,2025-09-26 13:23:09,41.5,9200,41.52,D
sz300850,新强联,2025-09-26 13:23:30,41.49,12400,41.5,D
sz300850,新强联,2025-09-26 13:23:33,41.48,13300,41.49,D
sz300850,新强联,2025-09-26 13:23:42,41.48,8800,41.48,U
sz300850,新强联,2025-09-26 13:24:00,41.48,8100,41.47,U
sz300850,新强联,2025-09-26 13:24:03,41.46,5400,41.48,D
sz300850,新强联,2025-09-26 13:24:24,41.41,6900,41.43,D
sz300850,新强联,2025-09-26 13:24:27,41.42,7600,41.41,U
sz300850,新强联,2025-09-26 13:24:39,41.39,6500,41.41,D
sz300850,新强联,2025-09-26 13:24:48,41.38,11400,41.38,U
sz300850,新强联,2025-09-26 13:24:54,41.37,11500,41.37,U
sz300850,新强联,2025-09-26 13:25:00,41.35,9600,41.37,D
sz300850,新强联,2025-09-26 13:25:03,41.3,23987,41.35,D
sz300850,新强联,2025-09-26 13:25:06,41.36,22100,41.3,U
sz300850,新强联,2025-09-26 13:25:09,41.35,7900,41.36,U
sz300850,新强联,2025-09-26 13:25:15,41.32,26200,41.32,E
sz300850,新强联,2025-09-26 13:25:21,41.32,6300,41.34,D
sz300850,新强联,2025-09-26 13:25:27,41.32,6000,41.33,D
sz300850,新强联,2025-09-26 13:25:36,41.32,16900,41.32,U
sz300850,新强联,2025-09-26 13:25:39,41.31,7700,41.32,D
sz300850,新强联,2025-09-26 13:25:42,41.31,5000,41.31,U
sz300850,新强联,2025-09-26 13:25:45,41.3,4900,41.31,D
sz300850,新强联,2025-09-26 13:25:51,41.31,14200,41.29,U
sz300850,新强联,2025-09-26 13:25:54,41.31,6500,41.31,U
sz300850,新强联,2025-09-26 13:25:57,41.3,10000,41.31,D
sz300850,新强联,2025-09-26 13:26:06,41.29,6000,41.3,D
sz300850,新强联,2025-09-26 13:26:12,41.25,8600,41.28,D
sz300850,新强联,2025-09-26 13:26:15,41.22,12000,41.25,D
sz300850,新强联,2025-09-26 13:26:21,41.23,16000,41.22,U
sz300850,新强联,2025-09-26 13:26:45,41.27,8600,41.23,U
sz300850,新强联,2025-09-26 13:26:48,41.28,37900,41.27,U
sz300850,新强联,2025-09-26 13:26:51,41.29,5600,41.28,E
sz300850,新强联,2025-09-26 13:27:06,41.31,15400,41.3,U
sz300850,新强联,2025-09-26 13:27:09,41.32,10700,41.31,U
sz300850,新强联,2025-09-26 13:27:12,41.37,5400,41.32,U
sz300850,新强联,2025-09-26 13:27:18,41.37,11900,41.37,U
sz300850,新强联,2025-09-26 13:27:21,41.39,5300,41.37,U
sz300850,新强联,2025-09-26 13:27:45,41.33,7000,41.35,D
sz300850,新强联,2025-09-26 13:27:54,41.33,7900,41.32,U
sz300850,新强联,2025-09-26 13:27:57,41.34,5500,41.33,U
sz300850,新强联,2025-09-26 13:28:00,41.34,9500,41.34,U
sz300850,新强联,2025-09-26 13:28:09,41.34,4900,41.34,U
sz300850,新强联,2025-09-26 13:28:21,41.32,8600,41.32,U
sz300850,新强联,2025-09-26 13:28:24,41.31,12500,41.32,D
sz300850,新强联,2025-09-26 13:28:39,41.27,9400,41.28,D
sz300850,新强联,2025-09-26 13:28:42,41.26,5100,41.27,D
sz300850,新强联,2025-09-26 13:28:51,41.26,7600,41.3,D
sz300850,新强联,2025-09-26 13:29:00,41.26,19100,41.26,D
sz300850,新强联,2025-09-26 13:29:06,41.3,8800,41.27,E
sz300850,新强联,2025-09-26 13:29:12,41.31,5100,41.28,U
sz300850,新强联,2025-09-26 13:29:15,41.26,26600,41.31,D
sz300850,新强联,2025-09-26 13:29:39,41.32,6900,41.34,D
sz300850,新强联,2025-09-26 13:30:03,41.3,7100,41.29,U
sz300850,新强联,2025-09-26 13:30:48,41.33,4900,41.33,D
sz300850,新强联,2025-09-26 13:30:51,41.27,43934,41.33,D
sz300850,新强联,2025-09-26 13:30:54,41.3,6096,41.27,U
sz300850,新强联,2025-09-26 13:30:57,41.3,7400,41.3,U
sz300850,新强联,2025-09-26 13:31:00,41.29,7000,41.3,E
sz300850,新强联,2025-09-26 13:31:03,41.3,6600,41.29,U
sz300850,新强联,2025-09-26 13:31:18,41.32,6200,41.32,U
sz300850,新强联,2025-09-26 13:31:21,41.31,17100,41.32,E
sz300850,新强联,2025-09-26 13:31:27,41.28,22000,41.27,E
sz300850,新强联,2025-09-26 13:31:42,41.25,18100,41.27,D
sz300850,新强联,2025-09-26 13:31:57,41.18,50100,41.23,D
sz300850,新强联,2025-09-26 13:32:06,41.19,7400,41.18,E
sz300850,新强联,2025-09-26 13:32:15,41.18,17400,41.19,D
sz300850,新强联,2025-09-26 13:32:21,41.16,8700,41.15,U
sz300850,新强联,2025-09-26 13:32:24,41.15,8600,41.16,D
sz300850,新强联,2025-09-26 13:32:33,41.16,11400,41.15,U
sz300850,新强联,2025-09-26 13:32:36,41.16,8700,41.16,D
sz300850,新强联,2025-09-26 13:32:45,41.16,8500,41.17,D
sz300850,新强联,2025-09-26 13:32:48,41.15,5200,41.16,D
sz300850,新强联,2025-09-26 13:32:51,41.14,6700,41.15,D
sz300850,新强联,2025-09-26 13:33:00,41.14,11000,41.15,D
sz300850,新强联,2025-09-26 13:33:03,41.16,10100,41.14,U
sz300850,新强联,2025-09-26 13:33:06,41.16,10200,41.16,U
sz300850,新强联,2025-09-26 13:34:00,41.12,8200,41.15,D
sz300850,新强联,2025-09-26 13:34:15,41.12,13800,41.15,D
sz300850,新强联,2025-09-26 13:34:18,41.13,11000,41.12,E
sz300850,新强联,2025-09-26 13:34:30,41.14,10300,41.13,E
sz300850,新强联,2025-09-26 13:34:42,41.16,5400,41.16,U
sz300850,新强联,2025-09-26 13:34:45,41.2,14600,41.16,U
sz300850,新强联,2025-09-26 13:34:54,41.2,11500,41.2,U
sz300850,新强联,2025-09-26 13:35:03,41.2,8500,41.2,U
sz300850,新强联,2025-09-26 13:35:09,41.18,21800,41.19,D
sz300850,新强联,2025-09-26 13:35:30,41.15,13600,41.17,D
sz300850,新强联,2025-09-26 13:35:45,41.18,17000,41.17,U
sz300850,新强联,2025-09-26 13:35:57,41.18,5300,41.18,U
sz300850,新强联,2025-09-26 13:36:09,41.16,15700,41.18,D
sz300850,新强联,2025-09-26 13:36:18,41.16,19200,41.16,U
sz300850,新强联,2025-09-26 13:36:21,41.16,9300,41.16,U
sz300850,新强联,2025-09-26 13:36:24,41.18,25800,41.16,U
sz300850,新强联,2025-09-26 13:36:48,41.2,6900,41.2,U
sz300850,新强联,2025-09-26 13:37:06,41.18,8300,41.17,D
sz300850,新强联,2025-09-26 13:37:18,41.18,8900,41.17,U
sz300850,新强联,2025-09-26 13:37:39,41.19,26200,41.19,U
sz300850,新强联,2025-09-26 13:37:45,41.19,6700,41.19,D
sz300850,新强联,2025-09-26 13:38:12,41.23,6600,41.21,E
sz300850,新强联,2025-09-26 13:38:15,41.23,13100,41.23,U
sz300850,新强联,2025-09-26 13:38:21,41.25,6800,41.24,U
sz300850,新强联,2025-09-26 13:38:33,41.27,7000,41.27,D
sz300850,新强联,2025-09-26 13:38:36,41.26,11900,41.27,D
sz300850,新强联,2025-09-26 13:38:39,41.25,4900,41.26,D
sz300850,新强联,2025-09-26 13:38:42,41.31,8600,41.25,U
sz300850,新强联,2025-09-26 13:38:45,41.24,5800,41.31,D
sz300850,新强联,2025-09-26 13:38:48,41.24,18500,41.24,E
sz300850,新强联,2025-09-26 13:39:03,41.24,7100,41.24,U
sz300850,新强联,2025-09-26 13:39:15,41.24,12100,41.23,U
sz300850,新强联,2025-09-26 13:39:18,41.23,7800,41.24,D
sz300850,新强联,2025-09-26 13:39:45,41.2,9400,41.22,D
sz300850,新强联,2025-09-26 13:39:54,41.19,4900,41.2,D
sz300850,新强联,2025-09-26 13:39:57,41.18,7800,41.19,D
sz300850,新强联,2025-09-26 13:40:03,41.08,65900,41.2,D
sz300850,新强联,2025-09-26 13:40:12,41.2,10200,41.18,U
sz300850,新强联,2025-09-26 13:40:48,41.13,9800,41.11,D
sz300850,新强联,2025-09-26 13:41:15,41.07,8200,41.09,D
sz300850,新强联,2025-09-26 13:41:21,41.08,8700,41.06,U
sz300850,新强联,2025-09-26 13:41:36,41.07,31500,41.07,D
sz300850,新强联,2025-09-26 13:41:39,41.09,7800,41.07,U
sz300850,新强联,2025-09-26 13:41:45,41.09,5800,41.09,U
sz300850,新强联,2025-09-26 13:41:54,41.08,9237,41.08,U
sz300850,新强联,2025-09-26 13:42:00,41.13,40300,41.08,U
sz300850,新强联,2025-09-26 13:42:12,41.15,7300,41.15,D
sz300850,新强联,2025-09-26 13:42:30,41.21,4900,41.21,D
sz300850,新强联,2025-09-26 13:42:36,41.2,5300,41.2,U
sz300850,新强联,2025-09-26 13:43:12,41.25,6300,41.25,U
sz300850,新强联,2025-09-26 13:43:36,41.22,7900,41.24,D
sz300850,新强联,2025-09-26 13:43:39,41.22,4900,41.22,D
sz300850,新强联,2025-09-26 13:44:00,41.22,7000,41.23,D
sz300850,新强联,2025-09-26 13:44:09,41.2,6500,41.22,D
sz300850,新强联,2025-09-26 13:44:15,41.16,6700,41.18,D
sz300850,新强联,2025-09-26 13:45:27,41.11,7700,41.1,U
sz300850,新强联,2025-09-26 13:46:06,41.08,11300,41.09,D
sz300850,新强联,2025-09-26 13:46:30,41.08,6600,41.11,D
sz300850,新强联,2025-09-26 13:46:39,41.08,13500,41.09,D
sz300850,新强联,2025-09-26 13:46:51,41.04,9100,41.05,D
sz300850,新强联,2025-09-26 13:47:03,41.02,6000,41.04,D
sz300850,新强联,2025-09-26 13:47:09,41.02,14400,41.02,U
sz300850,新强联,2025-09-26 13:47:12,41.0,21800,41.02,D
sz300850,新强联,2025-09-26 13:47:15,41.0,29000,41.0,D
sz300850,新强联,2025-09-26 13:47:18,41.0,37500,41.0,D
sz300850,新强联,2025-09-26 13:47:21,41.02,31900,41.0,U
sz300850,新强联,2025-09-26 13:47:24,41.01,13000,41.02,D
sz300850,新强联,2025-09-26 13:47:27,41.02,13654,41.01,E
sz300850,新强联,2025-09-26 13:47:30,40.99,7846,41.02,D
sz300850,新强联,2025-09-26 13:47:33,41.02,7354,40.99,U
sz300850,新强联,2025-09-26 13:47:48,41.01,6700,41.01,U
sz300850,新强联,2025-09-26 13:47:51,40.98,13200,41.01,D
sz300850,新强联,2025-09-26 13:48:00,40.96,4900,40.98,E
sz300850,新强联,2025-09-26 13:48:03,40.97,22100,40.96,E
sz300850,新强联,2025-09-26 13:48:12,40.98,5700,41.0,E
sz300850,新强联,2025-09-26 13:48:36,40.99,43900,40.99,U
sz300850,新强联,2025-09-26 13:48:39,41.01,6700,40.99,U
sz300850,新强联,2025-09-26 13:48:51,41.03,9900,41.03,D
sz300850,新强联,2025-09-26 13:49:12,41.08,7700,41.07,U
sz300850,新强联,2025-09-26 13:49:15,41.08,7100,41.08,U
sz300850,新强联,2025-09-26 13:49:18,41.1,10500,41.08,U
sz300850,新强联,2025-09-26 13:49:27,41.12,6700,41.14,D
sz300850,新强联,2025-09-26 13:49:42,41.1,5700,41.13,D
sz300850,新强联,2025-09-26 13:50:00,41.15,10700,41.16,D
sz300850,新强联,2025-09-26 13:50:03,41.17,10700,41.15,U
sz300850,新强联,2025-09-26 13:50:09,41.16,7700,41.14,E
sz300850,新强联,2025-09-26 13:50:24,41.16,13200,41.16,D
sz300850,新强联,2025-09-26 13:50:33,41.11,10100,41.13,D
sz300850,新强联,2025-09-26 13:50:57,41.01,8500,41.05,D
sz300850,新强联,2025-09-26 13:51:00,40.96,15200,41.01,D
sz300850,新强联,2025-09-26 13:51:03,40.97,13600,40.96,E
sz300850,新强联,2025-09-26 13:51:36,41.02,6200,41.0,D
sz300850,新强联,2025-09-26 13:52:00,41.02,11200,41.02,D
sz300850,新强联,2025-09-26 13:52:09,40.98,12400,41.02,D
sz300850,新强联,2025-09-26 13:52:27,40.92,10100,40.94,D
sz300850,新强联,2025-09-26 13:52:30,40.9,12500,40.92,D
sz300850,新强联,2025-09-26 13:52:36,40.9,9900,40.91,D
sz300850,新强联,2025-09-26 13:52:39,40.9,4900,40.9,D
sz300850,新强联,2025-09-26 13:52:51,40.88,5700,40.88,D
sz300850,新强联,2025-09-26 13:53:03,40.88,9400,40.86,U
sz300850,新强联,2025-09-26 13:53:09,40.89,6000,40.88,U
sz300850,新强联,2025-09-26 13:53:21,40.82,5200,40.86,D
sz300850,新强联,2025-09-26 13:53:30,40.88,6700,40.88,U
sz300850,新强联,2025-09-26 13:53:33,40.88,6200,40.88,U
sz300850,新强联,2025-09-26 13:53:36,40.89,5100,40.88,U
sz300850,新强联,2025-09-26 13:53:48,40.92,5900,40.9,U
sz300850,新强联,2025-09-26 13:54:03,40.95,10600,40.93,U
sz300850,新强联,2025-09-26 13:54:36,40.91,6600,40.9,U
sz300850,新强联,2025-09-26 13:54:45,40.9,6200,40.91,D
sz300850,新强联,2025-09-26 13:54:48,40.91,8700,40.9,U
sz300850,新强联,2025-09-26 13:55:03,40.9,6000,40.9,U
sz300850,新强联,2025-09-26 13:55:09,40.9,6800,40.9,U
sz300850,新强联,2025-09-26 13:55:18,40.9,6100,40.9,U
sz300850,新强联,2025-09-26 13:55:21,40.91,22100,40.9,U
sz300850,新强联,2025-09-26 13:56:12,40.94,8900,40.99,D
sz300850,新强联,2025-09-26 13:56:15,40.91,9300,40.94,D
sz300850,新强联,2025-09-26 13:56:39,40.9,5600,40.91,D
sz300850,新强联,2025-09-26 13:56:42,40.88,9600,40.9,D
sz300850,新强联,2025-09-26 13:56:48,40.88,7400,40.89,D
sz300850,新强联,2025-09-26 13:56:57,40.88,7400,40.88,U
sz300850,新强联,2025-09-26 13:57:00,40.88,11400,40.88,U
sz300850,新强联,2025-09-26 13:57:03,40.89,8700,40.88,U
sz300850,新强联,2025-09-26 13:57:48,40.9,5000,40.88,U
sz300850,新强联,2025-09-26 13:57:57,40.9,6200,40.9,U
sz300850,新强联,2025-09-26 13:58:03,40.89,13400,40.89,D
sz300850,新强联,2025-09-26 13:58:30,40.86,6100,40.87,D
sz300850,新强联,2025-09-26 13:58:39,40.87,6800,40.87,D
sz300850,新强联,2025-09-26 13:59:15,40.87,8500,40.86,U
sz300850,新强联,2025-09-26 13:59:21,40.87,5700,40.87,D
sz300850,新强联,2025-09-26 13:59:54,40.88,6800,40.87,U
sz300850,新强联,2025-09-26 13:59:57,40.88,5000,40.88,U
sz300850,新强联,2025-09-26 14:00:09,40.8,28800,40.86,D
sz300850,新强联,2025-09-26 14:00:15,40.8,5000,40.82,D
sz300850,新强联,2025-09-26 14:00:18,40.82,8300,40.8,U
sz300850,新强联,2025-09-26 14:00:21,40.82,9500,40.82,D
sz300850,新强联,2025-09-26 14:00:24,40.83,10300,40.82,D
sz300850,新强联,2025-09-26 14:00:30,40.86,12100,40.86,U
sz300850,新强联,2025-09-26 14:00:33,40.85,18600,40.86,D
sz300850,新强联,2025-09-26 14:00:36,40.85,5700,40.85,D
sz300850,新强联,2025-09-26 14:00:39,40.85,4900,40.85,U
sz300850,新强联,2025-09-26 14:00:57,40.84,4900,40.83,U
sz300850,新强联,2025-09-26 14:01:03,40.84,36300,40.84,U
sz300850,新强联,2025-09-26 14:01:06,40.96,58400,40.84,U
sz300850,新强联,2025-09-26 14:01:24,40.92,5300,40.96,D
sz300850,新强联,2025-09-26 14:01:30,40.92,7800,40.88,U
sz300850,新强联,2025-09-26 14:02:00,41.0,5500,40.97,U
sz300850,新强联,2025-09-26 14:02:03,41.0,10000,41.0,U
sz300850,新强联,2025-09-26 14:02:06,41.0,9200,41.0,U
sz300850,新强联,2025-09-26 14:02:09,40.94,8600,41.0,D
sz300850,新强联,2025-09-26 14:02:30,40.94,13700,40.97,D
sz300850,新强联,2025-09-26 14:02:45,40.93,6100,40.95,E
sz300850,新强联,2025-09-26 14:03:39,40.91,5900,40.93,D
sz300850,新强联,2025-09-26 14:03:42,40.9,9900,40.91,D
sz300850,新强联,2025-09-26 14:04:21,40.91,6100,40.9,U
sz300850,新强联,2025-09-26 14:04:45,40.98,15500,40.97,U
sz300850,新强联,2025-09-26 14:05:21,40.94,8300,41.0,D
sz300850,新强联,2025-09-26 14:06:03,40.89,8700,40.91,D
sz300850,新强联,2025-09-26 14:06:42,40.9,6200,40.9,U
sz300850,新强联,2025-09-26 14:07:15,40.89,8800,40.91,D
sz300850,新强联,2025-09-26 14:08:00,40.87,7900,40.87,U
sz300850,新强联,2025-09-26 14:08:03,40.87,16750,40.87,U
sz300850,新强联,2025-09-26 14:08:06,40.89,12400,40.87,E
sz300850,新强联,2025-09-26 14:08:12,40.91,6300,40.91,U
sz300850,新强联,2025-09-26 14:08:21,40.91,8500,40.91,U
sz300850,新强联,2025-09-26 14:08:48,40.99,21500,40.95,U
sz300850,新强联,2025-09-26 14:09:15,40.97,6800,40.97,U
sz300850,新强联,2025-09-26 14:09:18,40.96,6300,40.97,D
sz300850,新强联,2025-09-26 14:09:48,40.94,11400,40.98,D
sz300850,新强联,2025-09-26 14:10:12,40.91,11700,40.94,D
sz300850,新强联,2025-09-26 14:10:15,40.91,9400,40.91,D
sz300850,新强联,2025-09-26 14:10:24,40.9,9100,40.88,U
sz300850,新强联,2025-09-26 14:10:36,40.87,5900,40.88,D
sz300850,新强联,2025-09-26 14:10:54,40.85,17200,40.89,D
sz300850,新强联,2025-09-26 14:11:09,40.86,5800,40.84,U
sz300850,新强联,2025-09-26 14:11:15,40.86,7000,40.86,D
sz300850,新强联,2025-09-26 14:11:24,40.86,7100,40.85,U
sz300850,新强联,2025-09-26 14:12:03,40.88,6600,40.87,U
sz300850,新强联,2025-09-26 14:12:06,40.9,6700,40.88,U
sz300850,新强联,2025-09-26 14:12:24,40.94,5900,40.93,E
sz300850,新强联,2025-09-26 14:12:42,40.9,7700,40.93,D
sz300850,新强联,2025-09-26 14:13:09,40.86,20800,40.89,D
sz300850,新强联,2025-09-26 14:13:12,40.87,8000,40.86,E
sz300850,新强联,2025-09-26 14:13:36,40.86,11500,40.86,D
sz300850,新强联,2025-09-26 14:13:42,40.85,10100,40.85,D
sz300850,新强联,2025-09-26 14:13:48,40.84,9600,40.85,D
sz300850,新强联,2025-09-26 14:13:51,40.83,22800,40.84,D
sz300850,新强联,2025-09-26 14:13:57,40.81,12500,40.82,D
sz300850,新强联,2025-09-26 14:14:06,40.79,16600,40.8,D
sz300850,新强联,2025-09-26 14:14:12,40.77,29200,40.78,D
sz300850,新强联,2025-09-26 14:14:24,40.77,12900,40.76,U
sz300850,新强联,2025-09-26 14:14:45,40.75,8400,40.74,U
sz300850,新强联,2025-09-26 14:14:57,40.75,7200,40.75,D
sz300850,新强联,2025-09-26 14:15:00,40.75,7700,40.75,D
sz300850,新强联,2025-09-26 14:15:15,40.75,8100,40.75,U
sz300850,新强联,2025-09-26 14:15:18,40.75,5445,40.75,U
sz300850,新强联,2025-09-26 14:15:21,40.75,7355,40.75,D
sz300850,新强联,2025-09-26 14:15:27,40.75,7200,40.78,D
sz300850,新强联,2025-09-26 14:15:36,40.8,17500,40.79,U
sz300850,新强联,2025-09-26 14:15:48,40.83,8200,40.83,U
sz300850,新强联,2025-09-26 14:15:51,40.83,5400,40.83,U
sz300850,新强联,2025-09-26 14:16:09,40.87,7200,40.9,D
sz300850,新强联,2025-09-26 14:16:21,40.88,5000,40.92,D
sz300850,新强联,2025-09-26 14:16:24,40.92,6000,40.88,U
sz300850,新强联,2025-09-26 14:16:27,40.87,96800,40.92,D
sz300850,新强联,2025-09-26 14:16:33,40.88,6900,40.87,D
sz300850,新强联,2025-09-26 14:16:45,40.87,8300,40.9,D
sz300850,新强联,2025-09-26 14:17:15,40.81,5100,40.8,U
sz300850,新强联,2025-09-26 14:17:18,40.81,7600,40.81,D
sz300850,新强联,2025-09-26 14:17:24,40.81,20400,40.82,D
sz300850,新强联,2025-09-26 14:17:27,40.81,6900,40.81,D
sz300850,新强联,2025-09-26 14:17:33,40.81,5200,40.81,U
sz300850,新强联,2025-09-26 14:18:06,40.81,15300,40.82,D
sz300850,新强联,2025-09-26 14:18:12,40.84,25000,40.82,U
sz300850,新强联,2025-09-26 14:18:15,40.83,11500,40.84,D
sz300850,新强联,2025-09-26 14:19:09,40.93,7100,40.92,U
sz300850,新强联,2025-09-26 14:19:21,40.92,8400,40.93,D
sz300850,新强联,2025-09-26 14:20:03,40.93,12200,40.92,E
sz300850,新强联,2025-09-26 14:20:06,40.93,9700,40.93,D
sz300850,新强联,2025-09-26 14:20:30,40.87,5000,40.88,D
sz300850,新强联,2025-09-26 14:20:51,40.91,17500,40.9,U
sz300850,新强联,2025-09-26 14:21:03,40.94,30500,40.92,U
sz300850,新强联,2025-09-26 14:21:06,40.95,5500,40.94,U
sz300850,新强联,2025-09-26 14:21:15,40.96,4900,40.96,U
sz300850,新强联,2025-09-26 14:21:27,40.93,8200,40.93,D
sz300850,新强联,2025-09-26 14:21:42,40.96,10000,40.93,U
sz300850,新强联,2025-09-26 14:22:00,40.91,12745,40.91,D
sz300850,新强联,2025-09-26 14:22:33,40.92,5200,40.92,D
sz300850,新强联,2025-09-26 14:22:45,40.87,12300,40.91,D
sz300850,新强联,2025-09-26 14:22:48,40.92,6100,40.87,U
sz300850,新强联,2025-09-26 14:22:54,40.88,5700,40.92,E
sz300850,新强联,2025-09-26 14:24:03,40.94,12900,40.93,U
sz300850,新强联,2025-09-26 14:24:09,40.93,10200,40.95,D
sz300850,新强联,2025-09-26 14:24:12,40.94,5000,40.93,U
sz300850,新强联,2025-09-26 14:24:24,40.94,11000,40.91,U
sz300850,新强联,2025-09-26 14:24:30,40.9,5700,40.94,D
sz300850,新强联,2025-09-26 14:24:33,40.94,5000,40.9,U
sz300850,新强联,2025-09-26 14:24:36,40.9,5800,40.94,D
sz300850,新强联,2025-09-26 14:24:51,40.9,5500,40.9,U
sz300850,新强联,2025-09-26 14:24:54,40.87,5200,40.9,D
sz300850,新强联,2025-09-26 14:25:12,40.86,5700,40.86,D
sz300850,新强联,2025-09-26 14:25:15,40.87,11700,40.86,U
sz300850,新强联,2025-09-26 14:25:18,40.88,8900,40.87,U
sz300850,新强联,2025-09-26 14:25:21,40.87,6100,40.88,D
sz300850,新强联,2025-09-26 14:25:24,40.85,23600,40.87,D
sz300850,新强联,2025-09-26 14:25:27,40.85,11800,40.85,D
sz300850,新强联,2025-09-26 14:25:30,40.87,5600,40.85,U
sz300850,新强联,2025-09-26 14:25:45,40.9,12404,40.89,U
sz300850,新强联,2025-09-26 14:25:48,40.96,7200,40.9,U
sz300850,新强联,2025-09-26 14:25:54,40.9,6900,40.91,D
sz300850,新强联,2025-09-26 14:26:12,40.9,4996,40.91,D
sz300850,新强联,2025-09-26 14:26:33,40.85,6000,40.85,U
sz300850,新强联,2025-09-26 14:26:54,40.89,20377,40.88,U
sz300850,新强联,2025-09-26 14:26:57,40.9,16500,40.89,U
sz300850,新强联,2025-09-26 14:27:12,40.87,43623,40.89,D
sz300850,新强联,2025-09-26 14:27:18,40.9,5700,40.89,U
sz300850,新强联,2025-09-26 14:27:30,40.89,14677,40.88,U
sz300850,新强联,2025-09-26 14:27:39,40.83,17400,40.89,D
sz300850,新强联,2025-09-26 14:27:42,40.84,7500,40.83,U
sz300850,新强联,2025-09-26 14:27:45,40.83,10400,40.84,D
sz300850,新强联,2025-09-26 14:28:18,40.88,12000,40.85,U
sz300850,新强联,2025-09-26 14:29:00,40.95,8900,40.91,U
sz300850,新强联,2025-09-26 14:29:03,40.96,10700,40.95,U
sz300850,新强联,2025-09-26 14:29:06,40.98,6800,40.96,U
sz300850,新强联,2025-09-26 14:29:18,40.99,14400,40.99,E
sz300850,新强联,2025-09-26 14:29:24,41.0,7900,41.0,U
sz300850,新强联,2025-09-26 14:29:33,40.99,7500,40.99,U
sz300850,新强联,2025-09-26 14:29:42,41.0,7300,41.0,U
sz300850,新强联,2025-09-26 14:30:00,40.98,10600,41.01,D
sz300850,新强联,2025-09-26 14:30:03,40.99,10100,40.98,E
sz300850,新强联,2025-09-26 14:30:36,41.03,5900,41.05,D
sz300850,新强联,2025-09-26 14:30:42,41.04,4900,41.03,U
sz300850,新强联,2025-09-26 14:31:00,41.07,9300,41.05,D
sz300850,新强联,2025-09-26 14:31:03,41.08,6900,41.07,U
sz300850,新强联,2025-09-26 14:31:09,41.05,5800,41.05,D
sz300850,新强联,2025-09-26 14:31:18,41.02,5200,41.04,D
sz300850,新强联,2025-09-26 14:31:24,41.0,10200,41.02,D
sz300850,新强联,2025-09-26 14:31:36,41.0,17400,40.99,U
sz300850,新强联,2025-09-26 14:31:42,40.97,6400,41.0,D
sz300850,新强联,2025-09-26 14:32:00,40.87,56400,40.9,D
sz300850,新强联,2025-09-26 14:32:12,40.89,8000,40.88,U
sz300850,新强联,2025-09-26 14:32:18,40.88,8000,40.87,U
sz300850,新强联,2025-09-26 14:32:24,40.81,51800,40.83,D
sz300850,新强联,2025-09-26 14:32:33,40.83,5200,40.83,D
sz300850,新强联,2025-09-26 14:32:36,40.81,6900,40.83,D
sz300850,新强联,2025-09-26 14:32:45,40.8,5100,40.81,D
sz300850,新强联,2025-09-26 14:32:48,40.8,11400,40.8,U
sz300850,新强联,2025-09-26 14:32:51,40.77,11600,40.8,D
sz300850,新强联,2025-09-26 14:33:03,40.73,5700,40.77,D
sz300850,新强联,2025-09-26 14:33:09,40.74,5800,40.75,D
sz300850,新强联,2025-09-26 14:33:15,40.78,8300,40.75,U
sz300850,新强联,2025-09-26 14:33:18,40.75,10400,40.78,D
sz300850,新强联,2025-09-26 14:33:24,40.77,6400,40.77,U
sz300850,新强联,2025-09-26 14:33:33,40.81,26200,40.78,U
sz300850,新强联,2025-09-26 14:33:36,40.81,5600,40.81,E
sz300850,新强联,2025-09-26 14:33:51,40.79,11100,40.78,U
sz300850,新强联,2025-09-26 14:33:57,40.7,32300,40.79,D
sz300850,新强联,2025-09-26 14:34:12,40.7,8700,40.71,D
sz300850,新强联,2025-09-26 14:34:15,40.71,12400,40.7,E
sz300850,新强联,2025-09-26 14:34:30,40.7,6800,40.71,D
sz300850,新强联,2025-09-26 14:34:33,40.71,10600,40.7,D
sz300850,新强联,2025-09-26 14:34:42,40.72,5400,40.72,U
sz300850,新强联,2025-09-26 14:34:45,40.72,8000,40.72,U
sz300850,新强联,2025-09-26 14:34:54,40.77,15700,40.74,U
sz300850,新强联,2025-09-26 14:34:57,40.77,5400,40.77,D
sz300850,新强联,2025-09-26 14:35:03,40.74,11700,40.77,D
sz300850,新强联,2025-09-26 14:35:06,40.76,5700,40.74,U
sz300850,新强联,2025-09-26 14:35:18,40.72,6100,40.74,D
sz300850,新强联,2025-09-26 14:35:27,40.72,6000,40.72,D
sz300850,新强联,2025-09-26 14:35:33,40.73,25500,40.71,U
sz300850,新强联,2025-09-26 14:35:51,40.76,14200,40.75,U
sz300850,新强联,2025-09-26 14:35:57,40.76,5500,40.75,D
sz300850,新强联,2025-09-26 14:36:03,40.75,7200,40.78,D
sz300850,新强联,2025-09-26 14:36:06,40.74,19600,40.75,D
sz300850,新强联,2025-09-26 14:36:09,40.75,11800,40.74,U
sz300850,新强联,2025-09-26 14:36:15,40.76,10200,40.74,U
sz300850,新强联,2025-09-26 14:36:18,40.73,5300,40.76,D
sz300850,新强联,2025-09-26 14:36:21,40.72,6100,40.73,D
sz300850,新强联,2025-09-26 14:36:27,40.71,7600,40.72,D
sz300850,新强联,2025-09-26 14:36:30,40.7,9600,40.71,D
sz300850,新强联,2025-09-26 14:36:39,40.73,5300,40.7,U
sz300850,新强联,2025-09-26 14:36:48,40.72,7400,40.72,D
sz300850,新强联,2025-09-26 14:36:54,40.75,24700,40.72,U
sz300850,新强联,2025-09-26 14:37:00,40.78,34900,40.74,U
sz300850,新强联,2025-09-26 14:37:06,40.78,9800,40.77,U
sz300850,新强联,2025-09-26 14:37:48,40.8,8800,40.8,D
sz300850,新强联,2025-09-26 14:38:00,40.79,5900,40.79,U
sz300850,新强联,2025-09-26 14:38:12,40.82,10700,40.82,U
sz300850,新强联,2025-09-26 14:38:15,40.82,7800,40.82,U
sz300850,新强联,2025-09-26 14:38:18,40.82,13500,40.82,D
sz300850,新强联,2025-09-26 14:38:27,40.82,7900,40.82,U
sz300850,新强联,2025-09-26 14:38:30,40.82,6500,40.82,U
sz300850,新强联,2025-09-26 14:38:42,40.81,8800,40.82,D
sz300850,新强联,2025-09-26 14:38:48,40.8,5700,40.8,D
sz300850,新强联,2025-09-26 14:39:06,40.77,19046,40.8,D
sz300850,新强联,2025-09-26 14:39:12,40.78,5900,40.76,E
sz300850,新强联,2025-09-26 14:39:15,40.74,9500,40.78,D
sz300850,新强联,2025-09-26 14:39:30,40.74,14800,40.75,D
sz300850,新强联,2025-09-26 14:39:42,40.74,9500,40.74,D
sz300850,新强联,2025-09-26 14:39:54,40.72,8700,40.72,D
sz300850,新强联,2025-09-26 14:40:00,40.73,8000,40.72,U
sz300850,新强联,2025-09-26 14:40:03,40.77,16500,40.73,U
sz300850,新强联,2025-09-26 14:40:12,40.78,7600,40.78,U
sz300850,新强联,2025-09-26 14:40:15,40.8,20100,40.78,U
sz300850,新强联,2025-09-26 14:40:30,40.76,6000,40.8,D
sz300850,新强联,2025-09-26 14:40:33,40.78,5600,40.76,U
sz300850,新强联,2025-09-26 14:40:51,40.8,7900,40.79,U
sz300850,新强联,2025-09-26 14:40:54,40.8,5500,40.8,U
sz300850,新强联,2025-09-26 14:41:03,40.82,8800,40.8,U
sz300850,新强联,2025-09-26 14:41:09,40.83,16254,40.81,U
sz300850,新强联,2025-09-26 14:41:27,40.8,5600,40.82,D
sz300850,新强联,2025-09-26 14:41:45,40.79,11500,40.78,U
sz300850,新强联,2025-09-26 14:41:51,40.78,8000,40.77,U
sz300850,新强联,2025-09-26 14:41:54,40.74,17200,40.78,D
sz300850,新强联,2025-09-26 14:42:00,40.74,12600,40.73,U
sz300850,新强联,2025-09-26 14:42:03,40.73,33600,40.74,D
sz300850,新强联,2025-09-26 14:42:06,40.77,5300,40.73,U
sz300850,新强联,2025-09-26 14:42:09,40.74,12800,40.77,D
sz300850,新强联,2025-09-26 14:42:15,40.79,21300,40.74,U
sz300850,新强联,2025-09-26 14:42:18,40.78,6100,40.79,D
sz300850,新强联,2025-09-26 14:42:30,40.78,7400,40.78,U
sz300850,新强联,2025-09-26 14:42:33,40.78,8100,40.78,U
sz300850,新强联,2025-09-26 14:42:36,40.78,8400,40.78,E
sz300850,新强联,2025-09-26 14:42:42,40.79,6500,40.79,U
sz300850,新强联,2025-09-26 14:42:45,40.79,6500,40.79,U
sz300850,新强联,2025-09-26 14:42:51,40.78,21100,40.78,D
sz300850,新强联,2025-09-26 14:43:00,40.79,10200,40.77,U
sz300850,新强联,2025-09-26 14:43:03,40.81,15500,40.79,U
sz300850,新强联,2025-09-26 14:43:06,40.81,9500,40.81,U
sz300850,新强联,2025-09-26 14:43:09,40.82,18700,40.81,U
sz300850,新强联,2025-09-26 14:43:21,40.82,12000,40.82,U
sz300850,新强联,2025-09-26 14:43:27,40.82,7300,40.82,U
sz300850,新强联,2025-09-26 14:43:36,40.83,16735,40.82,U
sz300850,新强联,2025-09-26 14:43:39,40.83,5600,40.83,U
sz300850,新强联,2025-09-26 14:43:51,40.86,6900,40.84,U
sz300850,新强联,2025-09-26 14:44:03,40.86,8800,40.85,U
sz300850,新强联,2025-09-26 14:44:30,40.88,5200,40.88,D
sz300850,新强联,2025-09-26 14:44:36,40.87,4900,40.87,D
sz300850,新强联,2025-09-26 14:44:42,40.9,19300,40.89,U
sz300850,新强联,2025-09-26 14:44:54,40.89,6000,40.9,D
sz300850,新强联,2025-09-26 14:44:57,40.92,5400,40.89,U
sz300850,新强联,2025-09-26 14:45:00,40.92,7900,40.92,U
sz300850,新强联,2025-09-26 14:45:09,40.92,6400,40.92,D
sz300850,新强联,2025-09-26 14:45:21,40.93,6400,40.93,U
sz300850,新强联,2025-09-26 14:45:45,40.94,6900,40.93,U
sz300850,新强联,2025-09-26 14:46:18,40.98,9800,40.97,U
sz300850,新强联,2025-09-26 14:46:24,40.99,6300,40.98,U
sz300850,新强联,2025-09-26 14:46:33,40.98,7000,40.99,D
sz300850,新强联,2025-09-26 14:46:45,40.94,5400,40.96,D
sz300850,新强联,2025-09-26 14:46:48,40.94,5100,40.94,E
sz300850,新强联,2025-09-26 14:47:12,40.91,9100,40.92,D
sz300850,新强联,2025-09-26 14:47:18,40.91,5100,40.91,U
sz300850,新强联,2025-09-26 14:47:24,40.91,11300,40.91,U
sz300850,新强联,2025-09-26 14:47:33,40.91,19700,40.91,D
sz300850,新强联,2025-09-26 14:47:39,40.9,6900,40.91,U
sz300850,新强联,2025-09-26 14:47:45,40.91,8000,40.89,U
sz300850,新强联,2025-09-26 14:47:57,40.91,33000,40.9,U
sz300850,新强联,2025-09-26 14:48:03,40.93,18700,40.92,U
sz300850,新强联,2025-09-26 14:48:21,40.91,8400,40.94,D
sz300850,新强联,2025-09-26 14:48:24,40.88,8100,40.91,D
sz300850,新强联,2025-09-26 14:48:33,40.88,9300,40.92,D
sz300850,新强联,2025-09-26 14:48:42,40.9,7300,40.89,U
sz300850,新强联,2025-09-26 14:48:45,40.88,16400,40.9,D
sz300850,新强联,2025-09-26 14:48:51,40.86,6000,40.87,D
sz300850,新强联,2025-09-26 14:49:03,40.84,19400,40.86,D
sz300850,新强联,2025-09-26 14:49:09,40.84,18800,40.83,U
sz300850,新强联,2025-09-26 14:49:15,40.84,5800,40.83,U
sz300850,新强联,2025-09-26 14:49:18,40.83,6000,40.84,D
sz300850,新强联,2025-09-26 14:49:24,40.82,7500,40.83,D
sz300850,新强联,2025-09-26 14:49:27,40.84,20900,40.82,U
sz300850,新强联,2025-09-26 14:49:33,40.81,12800,40.83,D
sz300850,新强联,2025-09-26 14:49:36,40.82,30700,40.81,U
sz300850,新强联,2025-09-26 14:49:39,40.82,6100,40.82,U
sz300850,新强联,2025-09-26 14:49:42,40.8,26700,40.82,D
sz300850,新强联,2025-09-26 14:49:48,40.82,6800,40.82,D
sz300850,新强联,2025-09-26 14:49:51,40.82,5500,40.82,D
sz300850,新强联,2025-09-26 14:49:54,40.82,19500,40.82,U
sz300850,新强联,2025-09-26 14:49:57,40.82,11300,40.82,U
sz300850,新强联,2025-09-26 14:50:00,40.82,12200,40.82,U
sz300850,新强联,2025-09-26 14:50:03,40.87,25300,40.82,U
sz300850,新强联,2025-09-26 14:50:21,40.86,22200,40.87,D
sz300850,新强联,2025-09-26 14:50:36,40.84,4900,40.85,D
sz300850,新强联,2025-09-26 14:50:42,40.83,16100,40.85,D
sz300850,新强联,2025-09-26 14:50:45,40.85,22100,40.83,U
sz300850,新强联,2025-09-26 14:50:51,40.85,9600,40.85,U
sz300850,新强联,2025-09-26 14:50:57,40.85,5000,40.85,U
sz300850,新强联,2025-09-26 14:51:00,40.85,11800,40.85,U
sz300850,新强联,2025-09-26 14:51:06,40.83,13800,40.85,D
sz300850,新强联,2025-09-26 14:51:09,40.84,8400,40.83,U
sz300850,新强联,2025-09-26 14:51:15,40.83,9800,40.84,D
sz300850,新强联,2025-09-26 14:51:18,40.86,7458,40.83,U
sz300850,新强联,2025-09-26 14:51:27,40.87,5800,40.87,U
sz300850,新强联,2025-09-26 14:51:30,40.85,29000,40.87,D
sz300850,新强联,2025-09-26 14:51:33,40.86,16100,40.85,U
sz300850,新强联,2025-09-26 14:51:36,40.87,15900,40.86,U
sz300850,新强联,2025-09-26 14:51:39,40.87,11000,40.87,U
sz300850,新强联,2025-09-26 14:51:42,40.87,7400,40.87,U
sz300850,新强联,2025-09-26 14:51:45,40.86,5700,40.87,D
sz300850,新强联,2025-09-26 14:52:00,40.88,10100,40.86,U
sz300850,新强联,2025-09-26 14:52:06,40.88,9200,40.87,U
sz300850,新强联,2025-09-26 14:52:09,40.86,23100,40.88,D
sz300850,新强联,2025-09-26 14:52:12,40.85,29200,40.86,D
sz300850,新强联,2025-09-26 14:52:15,40.76,114942,40.85,D
sz300850,新强联,2025-09-26 14:52:18,40.76,6561,40.76,U
sz300850,新强联,2025-09-26 14:52:21,40.76,8400,40.76,E
sz300850,新强联,2025-09-26 14:52:27,40.78,8800,40.78,U
sz300850,新强联,2025-09-26 14:52:45,40.8,23200,40.78,U
sz300850,新强联,2025-09-26 14:52:57,40.78,6700,40.78,D
sz300850,新强联,2025-09-26 14:53:03,40.78,31300,40.78,U
sz300850,新强联,2025-09-26 14:53:06,40.82,11700,40.78,E
sz300850,新强联,2025-09-26 14:53:27,40.79,7000,40.79,D
sz300850,新强联,2025-09-26 14:53:36,40.79,27400,40.79,D
sz300850,新强联,2025-09-26 14:53:42,40.81,43585,40.79,U
sz300850,新强联,2025-09-26 14:53:48,40.8,9015,40.81,D
sz300850,新强联,2025-09-26 14:53:54,40.8,5200,40.8,U
sz300850,新强联,2025-09-26 14:54:00,40.81,5600,40.81,U
sz300850,新强联,2025-09-26 14:54:03,40.8,13100,40.81,D
sz300850,新强联,2025-09-26 14:54:09,40.8,29500,40.81,D
sz300850,新强联,2025-09-26 14:54:15,40.8,6400,40.81,U
sz300850,新强联,2025-09-26 14:54:21,40.79,16500,40.79,D
sz300850,新强联,2025-09-26 14:54:27,40.79,5200,40.8,D
sz300850,新强联,2025-09-26 14:54:39,40.79,5900,40.79,D
sz300850,新强联,2025-09-26 14:54:45,40.78,10000,40.78,D
sz300850,新强联,2025-09-26 14:54:48,40.78,16500,40.78,D
sz300850,新强联,2025-09-26 14:55:00,40.76,12900,40.76,D
sz300850,新强联,2025-09-26 14:55:03,40.76,12000,40.76,U
sz300850,新强联,2025-09-26 14:55:06,40.76,8900,40.76,U
sz300850,新强联,2025-09-26 14:55:09,40.76,6300,40.76,U
sz300850,新强联,2025-09-26 14:55:12,40.75,14500,40.76,D
sz300850,新强联,2025-09-26 14:55:18,40.77,18900,40.75,U
sz300850,新强联,2025-09-26 14:55:27,40.75,10652,40.76,D
sz300850,新强联,2025-09-26 14:55:30,40.75,9600,40.75,D
sz300850,新强联,2025-09-26 14:55:33,40.75,8000,40.75,D
sz300850,新强联,2025-09-26 14:55:36,40.75,8400,40.75,D
sz300850,新强联,2025-09-26 14:55:39,40.75,7300,40.75,U
sz300850,新强联,2025-09-26 14:55:42,40.75,5900,40.75,U
sz300850,新强联,2025-09-26 14:55:45,40.75,17500,40.75,U
sz300850,新强联,2025-09-26 14:55:57,40.76,15600,40.74,U
sz300850,新强联,2025-09-26 14:56:12,40.76,10400,40.76,U
sz300850,新强联,2025-09-26 14:56:18,40.75,20900,40.77,D
sz300850,新强联,2025-09-26 14:56:24,40.74,9300,40.75,D
sz300850,新强联,2025-09-26 14:56:27,40.74,15100,40.74,D
sz300850,新强联,2025-09-26 14:56:30,40.74,12000,40.74,U
sz300850,新强联,2025-09-26 14:56:33,40.73,5800,40.74,D
sz300850,新强联,2025-09-26 14:56:36,40.72,7200,40.73,D
sz300850,新强联,2025-09-26 14:56:42,40.72,13600,40.72,D
sz300850,新强联,2025-09-26 14:56:51,40.71,5800,40.71,D
sz300850,新强联,2025-09-26 14:56:54,40.71,5300,40.71,D
sz300850,新强联,2025-09-26 15:00:00,40.73,374444,40.71,U
