symbol,name,ticktime,price,volume,prev_price,kind
sz300850,新强联,2025-09-24 09:25:00,38.2,35800,0.0,U
sz300850,新强联,2025-09-24 09:30:00,38.2,35387,38.2,U
sz300850,新强联,2025-09-24 09:30:03,38.12,47169,38.2,D
sz300850,新强联,2025-09-24 09:30:06,38.15,30429,38.12,U
sz300850,新强联,2025-09-24 09:30:09,38.2,18600,38.15,U
sz300850,新强联,2025-09-24 09:30:12,38.33,8500,38.2,U
sz300850,新强联,2025-09-24 09:30:15,38.38,10300,38.33,U
sz300850,新强联,2025-09-24 09:30:18,38.51,35200,38.38,U
sz300850,新强联,2025-09-24 09:30:21,38.51,15285,38.51,D
sz300850,新强联,2025-09-24 09:30:24,38.56,8200,38.51,E
sz300850,新强联,2025-09-24 09:30:27,38.56,6800,38.56,D
sz300850,新强联,2025-09-24 09:30:30,38.59,13100,38.56,D
sz300850,新强联,2025-09-24 09:30:33,38.54,23915,38.59,D
sz300850,新强联,2025-09-24 09:30:36,38.39,21200,38.54,D
sz300850,新强联,2025-09-24 09:30:39,38.29,29100,38.39,D
sz300850,新强联,2025-09-24 09:30:42,38.3,17800,38.29,U
sz300850,新强联,2025-09-24 09:30:45,38.31,22025,38.3,E
sz300850,新强联,2025-09-24 09:30:48,38.29,7791,38.31,D
sz300850,新强联,2025-09-24 09:31:06,38.24,19179,38.2,U
sz300850,新强联,2025-09-24 09:31:09,38.24,24000,38.24,D
sz300850,新强联,2025-09-24 09:31:15,38.25,8400,38.26,D
sz300850,新强联,2025-09-24 09:31:18,38.22,6800,38.25,E
sz300850,新强联,2025-09-24 09:31:21,38.19,7100,38.22,D
sz300850,新强联,2025-09-24 09:31:27,38.15,41800,38.15,U
sz300850,新强联,2025-09-24 09:31:36,38.19,20400,38.19,U
sz300850,新强联,2025-09-24 09:31:48,38.2,20900,38.28,D
sz300850,新强联,2025-09-24 09:31:51,38.32,5700,38.2,U
sz300850,新强联,2025-09-24 09:32:00,38.4,10200,38.39,D
sz300850,新强联,2025-09-24 09:32:03,38.4,23200,38.4,D
sz300850,新强联,2025-09-24 09:32:06,38.4,14600,38.4,D
sz300850,新强联,2025-09-24 09:32:09,38.34,13700,38.4,D
sz300850,新强联,2025-09-24 09:32:21,38.29,7000,38.28,D
sz300850,新强联,2025-09-24 09:32:24,38.24,5700,38.29,D
sz300850,新强联,2025-09-24 09:32:30,38.3,15000,38.29,E
sz300850,新强联,2025-09-24 09:32:36,38.33,28300,38.34,U
sz300850,新强联,2025-09-24 09:32:48,38.29,9700,38.35,D
sz300850,新强联,2025-09-24 09:33:00,38.25,8800,38.28,D
sz300850,新强联,2025-09-24 09:33:06,38.23,17800,38.25,D
sz300850,新强联,2025-09-24 09:33:09,38.23,18385,38.23,U
sz300850,新强联,2025-09-24 09:33:15,38.23,18300,38.23,D
sz300850,新强联,2025-09-24 09:33:18,38.29,11369,38.23,E
sz300850,新强联,2025-09-24 09:33:24,38.4,27026,38.26,U
sz300850,新强联,2025-09-24 09:33:30,38.45,32800,38.43,U
sz300850,新强联,2025-09-24 09:33:36,38.43,5500,38.43,U
sz300850,新强联,2025-09-24 09:33:45,38.37,5900,38.42,D
sz300850,新强联,2025-09-24 09:33:51,38.5,10300,38.38,U
sz300850,新强联,2025-09-24 09:33:54,38.5,22400,38.5,U
sz300850,新强联,2025-09-24 09:33:57,38.51,16662,38.5,U
sz300850,新强联,2025-09-24 09:34:03,38.56,48300,38.57,U
sz300850,新强联,2025-09-24 09:34:06,38.6,10805,38.56,U
sz300850,新强联,2025-09-24 09:34:09,38.6,7000,38.6,D
sz300850,新强联,2025-09-24 09:34:15,38.76,26700,38.6,U
sz300850,新强联,2025-09-24 09:34:18,38.72,6300,38.76,D
sz300850,新强联,2025-09-24 09:34:21,38.72,8900,38.72,U
sz300850,新强联,2025-09-24 09:34:24,38.68,22000,38.72,D
sz300850,新强联,2025-09-24 09:34:30,38.66,8600,38.66,D
sz300850,新强联,2025-09-24 09:34:36,38.69,7400,38.66,U
sz300850,新强联,2025-09-24 09:34:39,38.71,9500,38.69,U
sz300850,新强联,2025-09-24 09:34:45,38.69,6400,38.69,D
sz300850,新强联,2025-09-24 09:34:48,38.69,16500,38.69,D
sz300850,新强联,2025-09-24 09:34:51,38.7,8900,38.69,U
sz300850,新强联,2025-09-24 09:34:54,38.69,30800,38.7,D
sz300850,新强联,2025-09-24 09:35:00,38.71,24200,38.7,E
sz300850,新强联,2025-09-24 09:35:03,38.7,5300,38.71,E
sz300850,新强联,2025-09-24 09:35:12,38.56,9500,38.61,D
sz300850,新强联,2025-09-24 09:35:24,38.69,9100,38.68,U
sz300850,新强联,2025-09-24 09:35:27,38.65,14400,38.69,D
sz300850,新强联,2025-09-24 09:35:30,38.65,11900,38.65,D
sz300850,新强联,2025-09-24 09:35:33,38.72,104100,38.65,U
sz300850,新强联,2025-09-24 09:35:36,38.77,14900,38.72,E
sz300850,新强联,2025-09-24 09:35:42,38.8,8700,38.78,E
sz300850,新强联,2025-09-24 09:35:45,38.81,5400,38.8,E
sz300850,新强联,2025-09-24 09:35:48,38.87,26300,38.81,U
sz300850,新强联,2025-09-24 09:35:51,38.89,31800,38.87,U
sz300850,新强联,2025-09-24 09:35:54,38.77,68600,38.89,D
sz300850,新强联,2025-09-24 09:35:57,38.78,14200,38.77,U
sz300850,新强联,2025-09-24 09:36:00,38.78,14600,38.78,E
sz300850,新强联,2025-09-24 09:36:03,38.76,6700,38.78,D
sz300850,新强联,2025-09-24 09:36:09,38.67,7700,38.76,D
sz300850,新强联,2025-09-24 09:36:12,38.7,5200,38.67,U
sz300850,新强联,2025-09-24 09:36:15,38.68,32400,38.7,D
sz300850,新强联,2025-09-24 09:36:27,38.63,7700,38.63,U
sz300850,新强联,2025-09-24 09:36:30,38.62,8600,38.63,E
sz300850,新强联,2025-09-24 09:36:33,38.62,17500,38.62,E
sz300850,新强联,2025-09-24 09:36:36,38.64,6200,38.62,U
sz300850,新强联,2025-09-24 09:36:39,38.63,10800,38.64,D
sz300850,新强联,2025-09-24 09:36:42,38.63,7800,38.63,U
sz300850,新强联,2025-09-24 09:36:45,38.64,13400,38.63,E
sz300850,新强联,2025-09-24 09:37:00,38.6,9200,38.61,D
sz300850,新强联,2025-09-24 09:37:09,38.62,22700,38.6,U
sz300850,新强联,2025-09-24 09:37:24,38.53,9600,38.53,D
sz300850,新强联,2025-09-24 09:37:27,38.43,27900,38.53,D
sz300850,新强联,2025-09-24 09:37:33,38.51,13300,38.49,U
sz300850,新强联,2025-09-24 09:37:42,38.55,43600,38.51,U
sz300850,新强联,2025-09-24 09:37:48,38.54,10100,38.55,D
sz300850,新强联,2025-09-24 09:37:54,38.6,25900,38.52,U
sz300850,新强联,2025-09-24 09:37:57,38.6,13300,38.6,D
sz300850,新强联,2025-09-24 09:38:00,38.67,20500,38.6,U
sz300850,新强联,2025-09-24 09:38:06,38.7,29500,38.65,U
sz300850,新强联,2025-09-24 09:38:12,38.67,9100,38.64,U
sz300850,新强联,2025-09-24 09:38:18,38.67,12800,38.65,U
sz300850,新强联,2025-09-24 09:38:24,38.66,7500,38.67,D
sz300850,新强联,2025-09-24 09:38:27,38.68,11100,38.66,U
sz300850,新强联,2025-09-24 09:38:30,38.68,12000,38.68,U
sz300850,新强联,2025-09-24 09:38:33,38.67,27000,38.68,D
sz300850,新强联,2025-09-24 09:38:36,38.67,15500,38.67,U
sz300850,新强联,2025-09-24 09:38:39,38.66,8300,38.67,D
sz300850,新强联,2025-09-24 09:38:42,38.68,16400,38.66,U
sz300850,新强联,2025-09-24 09:38:48,38.67,7100,38.66,U
sz300850,新强联,2025-09-24 09:38:54,38.69,9500,38.67,E
sz300850,新强联,2025-09-24 09:39:00,38.68,25400,38.71,D
sz300850,新强联,2025-09-24 09:39:06,38.67,6800,38.65,U
sz300850,新强联,2025-09-24 09:39:09,38.65,13500,38.67,U
sz300850,新强联,2025-09-24 09:39:12,38.69,16000,38.65,U
sz300850,新强联,2025-09-24 09:39:30,38.68,10300,38.68,U
sz300850,新强联,2025-09-24 09:39:42,38.65,8600,38.64,E
sz300850,新强联,2025-09-24 09:39:48,38.64,20900,38.65,E
sz300850,新强联,2025-09-24 09:39:54,38.65,5400,38.66,D
sz300850,新强联,2025-09-24 09:40:00,38.65,16900,38.65,U
sz300850,新强联,2025-09-24 09:40:03,38.65,21400,38.65,U
sz300850,新强联,2025-09-24 09:40:06,38.7,12600,38.65,U
sz300850,新强联,2025-09-24 09:40:18,38.73,43946,38.66,U
sz300850,新强联,2025-09-24 09:40:21,38.82,34800,38.73,U
sz300850,新强联,2025-09-24 09:40:24,38.84,11300,38.82,U
sz300850,新强联,2025-09-24 09:40:30,38.83,7600,38.82,E
sz300850,新强联,2025-09-24 09:40:33,38.82,21100,38.83,D
sz300850,新强联,2025-09-24 09:40:36,38.85,10500,38.82,U
sz300850,新强联,2025-09-24 09:40:39,38.81,18000,38.85,D
sz300850,新强联,2025-09-24 09:40:51,38.79,7200,38.8,D
sz300850,新强联,2025-09-24 09:40:54,38.8,6200,38.79,U
sz300850,新强联,2025-09-24 09:41:00,38.7,15900,38.81,D
sz300850,新强联,2025-09-24 09:41:21,38.61,24400,38.68,D
sz300850,新强联,2025-09-24 09:41:24,38.58,11100,38.61,D
sz300850,新强联,2025-09-24 09:41:33,38.58,7000,38.6,E
sz300850,新强联,2025-09-24 09:41:48,38.61,32000,38.57,U
sz300850,新强联,2025-09-24 09:41:51,38.58,7200,38.61,D
sz300850,新强联,2025-09-24 09:41:57,38.55,14500,38.58,D
sz300850,新强联,2025-09-24 09:42:00,38.58,7600,38.55,U
sz300850,新强联,2025-09-24 09:42:09,38.58,26700,38.58,D
sz300850,新强联,2025-09-24 09:42:12,38.59,8100,38.58,U
sz300850,新强联,2025-09-24 09:42:18,38.54,16600,38.56,D
sz300850,新强联,2025-09-24 09:42:21,38.5,5300,38.54,D
sz300850,新强联,2025-09-24 09:42:27,38.45,13500,38.5,D
sz300850,新强联,2025-09-24 09:42:30,38.45,6500,38.45,D
sz300850,新强联,2025-09-24 09:42:33,38.5,12400,38.45,U
sz300850,新强联,2025-09-24 09:42:36,38.51,5700,38.5,U
sz300850,新强联,2025-09-24 09:42:48,38.56,8200,38.56,U
sz300850,新强联,2025-09-24 09:42:51,38.56,18100,38.56,D
sz300850,新强联,2025-09-24 09:43:03,38.57,15900,38.54,E
sz300850,新强联,2025-09-24 09:43:12,38.58,5500,38.56,U
sz300850,新强联,2025-09-24 09:43:15,38.58,6600,38.58,U
sz300850,新强联,2025-09-24 09:43:18,38.56,5500,38.58,D
sz300850,新强联,2025-09-24 09:43:21,38.56,15000,38.56,U
sz300850,新强联,2025-09-24 09:43:24,38.55,11700,38.56,D
sz300850,新强联,2025-09-24 09:43:30,38.56,6000,38.56,U
sz300850,新强联,2025-09-24 09:43:33,38.52,13400,38.56,D
sz300850,新强联,2025-09-24 09:43:36,38.52,11800,38.52,U
sz300850,新强联,2025-09-24 09:43:39,38.49,11400,38.52,D
sz300850,新强联,2025-09-24 09:43:45,38.49,12400,38.53,D
sz300850,新强联,2025-09-24 09:43:48,38.49,6400,38.49,E
sz300850,新强联,2025-09-24 09:43:51,38.5,5200,38.49,U
sz300850,新强联,2025-09-24 09:43:54,38.5,6700,38.5,D
sz300850,新强联,2025-09-24 09:44:00,38.47,6600,38.52,D
sz300850,新强联,2025-09-24 09:44:15,38.4,17600,38.41,D
sz300850,新强联,2025-09-24 09:44:24,38.32,11000,38.36,D
sz300850,新强联,2025-09-24 09:44:30,38.3,44400,38.35,D
sz300850,新强联,2025-09-24 09:44:33,38.31,11000,38.3,U
sz300850,新强联,2025-09-24 09:44:36,38.32,19400,38.31,U
sz300850,新强联,2025-09-24 09:44:39,38.39,7000,38.32,U
sz300850,新强联,2025-09-24 09:44:42,38.33,6800,38.39,D
sz300850,新强联,2025-09-24 09:44:45,38.34,6200,38.33,E
sz300850,新强联,2025-09-24 09:44:54,38.39,9000,38.39,D
sz300850,新强联,2025-09-24 09:45:03,38.39,9100,38.39,E
sz300850,新强联,2025-09-24 09:45:18,38.37,10500,38.44,D
sz300850,新强联,2025-09-24 09:45:24,38.36,7700,38.35,U
sz300850,新强联,2025-09-24 09:45:27,38.35,11600,38.36,U
sz300850,新强联,2025-09-24 09:45:42,38.33,6900,38.33,D
sz300850,新强联,2025-09-24 09:45:45,38.33,5300,38.33,D
sz300850,新强联,2025-09-24 09:45:51,38.32,66200,38.34,D
sz300850,新强联,2025-09-24 09:45:57,38.34,6400,38.34,U
sz300850,新强联,2025-09-24 09:46:03,38.31,6100,38.32,E
sz300850,新强联,2025-09-24 09:46:09,38.22,11400,38.29,D
sz300850,新强联,2025-09-24 09:46:24,38.2,15000,38.2,D
sz300850,新强联,2025-09-24 09:46:27,38.16,8400,38.2,D
sz300850,新强联,2025-09-24 09:46:30,38.16,15200,38.16,D
sz300850,新强联,2025-09-24 09:46:39,38.23,26800,38.19,U
sz300850,新强联,2025-09-24 09:46:51,38.21,10300,38.21,D
sz300850,新强联,2025-09-24 09:46:54,38.21,10000,38.21,D
sz300850,新强联,2025-09-24 09:47:00,38.29,8180,38.24,U
sz300850,新强联,2025-09-24 09:47:15,38.24,8300,38.28,E
sz300850,新强联,2025-09-24 09:47:18,38.3,8100,38.24,U
sz300850,新强联,2025-09-24 09:47:21,38.23,6300,38.3,D
sz300850,新强联,2025-09-24 09:47:30,38.18,8100,38.2,D
sz300850,新强联,2025-09-24 09:47:45,38.22,29900,38.19,U
sz300850,新强联,2025-09-24 09:47:51,38.24,7400,38.23,U
sz300850,新强联,2025-09-24 09:48:00,38.19,15300,38.23,D
sz300850,新强联,2025-09-24 09:48:03,38.17,9100,38.19,D
sz300850,新强联,2025-09-24 09:48:06,38.2,26600,38.17,E
sz300850,新强联,2025-09-24 09:48:09,38.2,7900,38.2,U
sz300850,新强联,2025-09-24 09:48:15,38.3,25800,38.22,U
sz300850,新强联,2025-09-24 09:48:18,38.29,23400,38.3,E
sz300850,新强联,2025-09-24 09:48:27,38.31,15900,38.29,E
sz300850,新强联,2025-09-24 09:48:33,38.28,13200,38.31,D
sz300850,新强联,2025-09-24 09:49:00,38.25,27200,38.25,U
sz300850,新强联,2025-09-24 09:49:06,38.25,5500,38.25,U
sz300850,新强联,2025-09-24 09:49:15,38.25,10600,38.24,U
sz300850,新强联,2025-09-24 09:49:18,38.38,21400,38.25,U
sz300850,新强联,2025-09-24 09:49:27,38.32,8300,38.36,D
sz300850,新强联,2025-09-24 09:49:48,38.23,7400,38.25,D
sz300850,新强联,2025-09-24 09:49:51,38.22,7100,38.23,D
sz300850,新强联,2025-09-24 09:49:54,38.21,7300,38.22,D
sz300850,新强联,2025-09-24 09:49:57,38.18,11700,38.21,D
sz300850,新强联,2025-09-24 09:50:00,38.15,8000,38.18,D
sz300850,新强联,2025-09-24 09:50:06,38.1,15192,38.16,D
sz300850,新强联,2025-09-24 09:50:09,38.07,14500,38.1,D
sz300850,新强联,2025-09-24 09:50:12,38.07,15400,38.07,U
sz300850,新强联,2025-09-24 09:50:15,38.07,6100,38.07,U
sz300850,新强联,2025-09-24 09:50:18,38.04,25000,38.07,D
sz300850,新强联,2025-09-24 09:50:24,37.99,66200,38.04,D
sz300850,新强联,2025-09-24 09:50:27,38.02,10700,37.99,U
sz300850,新强联,2025-09-24 09:50:30,37.99,9000,38.02,U
sz300850,新强联,2025-09-24 09:50:33,37.97,5600,37.99,E
sz300850,新强联,2025-09-24 09:50:36,37.97,8300,37.97,U
sz300850,新强联,2025-09-24 09:50:48,38.02,6500,37.98,U
sz300850,新强联,2025-09-24 09:50:51,38.06,9100,38.02,U
sz300850,新强联,2025-09-24 09:51:00,38.16,46300,38.04,U
sz300850,新强联,2025-09-24 09:51:03,38.2,9600,38.16,U
sz300850,新强联,2025-09-24 09:51:15,38.16,22000,38.12,U
sz300850,新强联,2025-09-24 09:51:30,38.22,61700,38.2,U
sz300850,新强联,2025-09-24 09:51:33,38.27,8600,38.22,E
sz300850,新强联,2025-09-24 09:51:36,38.29,10100,38.27,E
sz300850,新强联,2025-09-24 09:51:45,38.26,7900,38.27,E
sz300850,新强联,2025-09-24 09:52:00,38.23,7900,38.23,D
sz300850,新强联,2025-09-24 09:52:09,38.26,12000,38.28,E
sz300850,新强联,2025-09-24 09:52:24,38.33,6600,38.25,U
sz300850,新强联,2025-09-24 09:52:39,38.32,6200,38.32,U
sz300850,新强联,2025-09-24 09:52:42,38.34,11800,38.32,U
sz300850,新强联,2025-09-24 09:52:45,38.37,10400,38.34,U
sz300850,新强联,2025-09-24 09:53:18,38.27,5900,38.28,D
sz300850,新强联,2025-09-24 09:53:36,38.26,13000,38.19,U
sz300850,新强联,2025-09-24 09:54:09,38.16,8900,38.19,D
sz300850,新强联,2025-09-24 09:54:18,38.22,7100,38.21,D
sz300850,新强联,2025-09-24 09:54:21,38.2,6900,38.22,D
sz300850,新强联,2025-09-24 09:54:36,38.19,6100,38.19,U
sz300850,新强联,2025-09-24 09:54:57,38.2,6200,38.2,E
sz300850,新强联,2025-09-24 09:55:03,38.22,11000,38.22,D
sz300850,新强联,2025-09-24 09:55:12,38.22,8500,38.2,U
sz300850,新强联,2025-09-24 09:55:21,38.27,7200,38.24,U
sz300850,新强联,2025-09-24 09:55:30,38.24,9700,38.27,D
sz300850,新强联,2025-09-24 09:55:39,38.28,6800,38.25,U
sz300850,新强联,2025-09-24 09:56:03,38.26,12200,38.26,D
sz300850,新强联,2025-09-24 09:56:12,38.23,7300,38.23,D
sz300850,新强联,2025-09-24 09:56:15,38.2,6900,38.23,D
sz300850,新强联,2025-09-24 09:56:18,38.19,9100,38.2,D
sz300850,新强联,2025-09-24 09:56:30,38.19,12400,38.19,U
sz300850,新强联,2025-09-24 09:57:00,38.16,8400,38.13,U
sz300850,新强联,2025-09-24 09:57:15,38.18,29387,38.15,U
sz300850,新强联,2025-09-24 09:57:30,38.22,8600,38.22,U
sz300850,新强联,2025-09-24 09:57:33,38.25,18510,38.22,U
sz300850,新强联,2025-09-24 09:57:36,38.27,14800,38.25,U
sz300850,新强联,2025-09-24 09:57:39,38.25,13300,38.27,D
sz300850,新强联,2025-09-24 09:58:15,38.27,32300,38.18,U
sz300850,新强联,2025-09-24 09:58:36,38.22,10800,38.22,U
sz300850,新强联,2025-09-24 09:58:39,38.24,8200,38.22,U
sz300850,新强联,2025-09-24 09:59:00,38.24,6100,38.24,U
sz300850,新强联,2025-09-24 09:59:21,38.26,12600,38.25,U
sz300850,新强联,2025-09-24 09:59:30,38.26,10800,38.26,U
sz300850,新强联,2025-09-24 09:59:36,38.22,11200,38.24,D
sz300850,新强联,2025-09-24 09:59:54,38.22,7200,38.22,U
sz300850,新强联,2025-09-24 10:00:00,38.25,6500,38.21,U
sz300850,新强联,2025-09-24 10:00:03,38.21,20100,38.25,D
sz300850,新强联,2025-09-24 10:00:09,38.28,15800,38.24,U
sz300850,新强联,2025-09-24 10:00:33,38.29,16600,38.29,U
sz300850,新强联,2025-09-24 10:00:42,38.32,14500,38.32,U
sz300850,新强联,2025-09-24 10:01:00,38.32,10500,38.32,U
sz300850,新强联,2025-09-24 10:01:12,38.29,9200,38.3,D
sz300850,新强联,2025-09-24 10:01:30,38.21,19000,38.25,D
sz300850,新强联,2025-09-24 10:01:39,38.2,19800,38.2,D
sz300850,新强联,2025-09-24 10:01:48,38.2,12700,38.16,U
sz300850,新强联,2025-09-24 10:02:09,38.17,7000,38.19,D
sz300850,新强联,2025-09-24 10:02:15,38.19,14000,38.17,U
sz300850,新强联,2025-09-24 10:02:24,38.17,5500,38.16,D
sz300850,新强联,2025-09-24 10:02:33,38.15,16900,38.15,U
sz300850,新强联,2025-09-24 10:02:36,38.18,9000,38.15,U
sz300850,新强联,2025-09-24 10:02:51,38.16,60600,38.21,D
sz300850,新强联,2025-09-24 10:02:57,38.15,35800,38.16,D
sz300850,新强联,2025-09-24 10:03:00,38.15,9800,38.15,U
sz300850,新强联,2025-09-24 10:03:06,38.12,14100,38.15,D
sz300850,新强联,2025-09-24 10:03:09,38.13,10800,38.12,E
sz300850,新强联,2025-09-24 10:03:12,38.1,10600,38.13,D
sz300850,新强联,2025-09-24 10:03:24,38.11,5800,38.1,E
sz300850,新强联,2025-09-24 10:03:27,38.1,24400,38.11,D
sz300850,新强联,2025-09-24 10:03:30,38.14,5700,38.1,U
sz300850,新强联,2025-09-24 10:03:33,38.1,8200,38.14,D
sz300850,新强联,2025-09-24 10:03:36,38.07,10000,38.1,D
sz300850,新强联,2025-09-24 10:03:48,38.06,5700,38.06,D
sz300850,新强联,2025-09-24 10:03:51,38.06,6200,38.06,D
sz300850,新强联,2025-09-24 10:03:54,38.09,9200,38.06,U
sz300850,新强联,2025-09-24 10:04:03,38.06,11500,38.09,D
sz300850,新强联,2025-09-24 10:04:27,38.03,9100,38.03,D
sz300850,新强联,2025-09-24 10:04:33,38.04,15900,38.04,U
sz300850,新强联,2025-09-24 10:04:45,38.05,60400,38.06,D
sz300850,新强联,2025-09-24 10:05:00,38.01,6200,38.03,D
sz300850,新强联,2025-09-24 10:05:03,38.03,24200,38.01,U
sz300850,新强联,2025-09-24 10:05:21,38.03,9600,38.04,D
sz300850,新强联,2025-09-24 10:05:30,38.01,6900,38.01,D
sz300850,新强联,2025-09-24 10:05:33,38.0,6300,38.01,D
sz300850,新强联,2025-09-24 10:05:39,38.0,20800,37.99,U
sz300850,新强联,2025-09-24 10:06:06,38.09,18100,38.06,U
sz300850,新强联,2025-09-24 10:06:30,38.05,13600,38.09,D
sz300850,新强联,2025-09-24 10:06:33,38.04,14100,38.05,D
sz300850,新强联,2025-09-24 10:06:54,38.02,25400,38.08,D
sz300850,新强联,2025-09-24 10:07:21,38.01,39800,38.03,D
sz300850,新强联,2025-09-24 10:07:30,37.99,7400,38.0,D
sz300850,新强联,2025-09-24 10:07:33,37.99,8400,37.99,D
sz300850,新强联,2025-09-24 10:07:36,37.98,6700,37.99,D
sz300850,新强联,2025-09-24 10:07:42,37.98,5700,37.98,D
sz300850,新强联,2025-09-24 10:07:48,37.98,13100,37.98,D
sz300850,新强联,2025-09-24 10:08:03,38.04,16900,38.0,U
sz300850,新强联,2025-09-24 10:08:36,38.05,112800,38.05,U
sz300850,新强联,2025-09-24 10:08:48,38.0,25300,38.01,D
sz300850,新强联,2025-09-24 10:09:03,38.0,8200,38.0,U
sz300850,新强联,2025-09-24 10:09:09,37.99,5600,37.99,D
sz300850,新强联,2025-09-24 10:09:24,37.98,6100,37.99,D
sz300850,新强联,2025-09-24 10:09:27,37.95,39400,37.98,D
sz300850,新强联,2025-09-24 10:09:30,37.93,5600,37.95,D
sz300850,新强联,2025-09-24 10:09:36,37.9,25400,37.92,D
sz300850,新强联,2025-09-24 10:09:42,37.89,39700,37.9,D
sz300850,新强联,2025-09-24 10:09:48,37.89,10000,37.89,D
sz300850,新强联,2025-09-24 10:09:54,37.88,17100,37.89,D
sz300850,新强联,2025-09-24 10:09:57,37.88,9200,37.88,D
sz300850,新强联,2025-09-24 10:10:00,37.89,9600,37.88,D
sz300850,新强联,2025-09-24 10:10:03,37.89,25900,37.89,D
sz300850,新强联,2025-09-24 10:10:33,37.9,10100,37.9,D
sz300850,新强联,2025-09-24 10:10:51,37.9,9097,37.91,D
sz300850,新强联,2025-09-24 10:11:00,37.9,10497,37.89,U
sz300850,新强联,2025-09-24 10:11:03,37.94,6400,37.9,U
sz300850,新强联,2025-09-24 10:12:03,37.91,5300,37.93,D
sz300850,新强联,2025-09-24 10:12:21,37.97,16201,37.91,U
sz300850,新强联,2025-09-24 10:13:12,37.91,6500,37.94,D
sz300850,新强联,2025-09-24 10:13:15,37.9,33800,37.91,D
sz300850,新强联,2025-09-24 10:13:21,37.92,7500,37.89,U
sz300850,新强联,2025-09-24 10:13:24,37.91,6200,37.92,U
sz300850,新强联,2025-09-24 10:14:57,37.94,6100,37.94,E
sz300850,新强联,2025-09-24 10:15:12,37.88,10000,37.92,D
sz300850,新强联,2025-09-24 10:15:15,37.87,8300,37.88,D
sz300850,新强联,2025-09-24 10:15:42,37.9,6400,37.9,U
sz300850,新强联,2025-09-24 10:15:48,37.9,6700,37.91,D
sz300850,新强联,2025-09-24 10:15:51,37.87,14600,37.9,D
sz300850,新强联,2025-09-24 10:16:03,37.84,11500,37.87,D
sz300850,新强联,2025-09-24 10:16:15,37.86,6800,37.86,U
sz300850,新强联,2025-09-24 10:16:30,37.9,21500,37.88,U
sz300850,新强联,2025-09-24 10:16:45,37.89,9700,37.9,D
sz300850,新强联,2025-09-24 10:16:54,37.89,5500,37.89,D
sz300850,新强联,2025-09-24 10:16:57,37.88,21700,37.89,D
sz300850,新强联,2025-09-24 10:17:27,37.9,14100,37.89,U
sz300850,新强联,2025-09-24 10:18:00,37.91,6600,37.92,D
sz300850,新强联,2025-09-24 10:18:36,37.89,11900,37.95,D
sz300850,新强联,2025-09-24 10:18:39,37.89,15800,37.89,U
sz300850,新强联,2025-09-24 10:18:54,37.89,10800,37.89,U
sz300850,新强联,2025-09-24 10:19:03,37.89,15600,37.89,U
sz300850,新强联,2025-09-24 10:19:06,37.91,12900,37.89,U
sz300850,新强联,2025-09-24 10:20:12,37.93,6400,37.94,D
sz300850,新强联,2025-09-24 10:20:30,37.9,6900,37.92,D
sz300850,新强联,2025-09-24 10:20:36,37.89,7700,37.9,D
sz300850,新强联,2025-09-24 10:20:42,37.89,11200,37.9,D
sz300850,新强联,2025-09-24 10:21:00,37.95,7100,37.89,U
sz300850,新强联,2025-09-24 10:21:03,37.99,9700,37.95,U
sz300850,新强联,2025-09-24 10:21:12,37.94,69100,37.97,D
sz300850,新强联,2025-09-24 10:21:36,37.98,9100,37.94,U
sz300850,新强联,2025-09-24 10:21:48,37.94,6500,37.98,D
sz300850,新强联,2025-09-24 10:22:03,38.0,7500,37.95,U
sz300850,新强联,2025-09-24 10:23:30,37.9,23411,37.99,D
sz300850,新强联,2025-09-24 10:23:45,37.95,6700,37.9,U
sz300850,新强联,2025-09-24 10:24:09,37.9,13500,37.95,D
sz300850,新强联,2025-09-24 10:24:12,37.91,15689,37.9,U
sz300850,新强联,2025-09-24 10:24:15,37.88,13000,37.91,D
sz300850,新强联,2025-09-24 10:24:18,37.88,16500,37.88,U
sz300850,新强联,2025-09-24 10:25:30,37.91,6300,37.89,U
sz300850,新强联,2025-09-24 10:25:51,37.87,8200,37.87,D
sz300850,新强联,2025-09-24 10:25:57,37.85,28404,37.87,D
sz300850,新强联,2025-09-24 10:26:03,37.84,21200,37.85,D
sz300850,新强联,2025-09-24 10:26:09,37.81,10100,37.84,D
sz300850,新强联,2025-09-24 10:26:18,37.82,5400,37.84,D
sz300850,新强联,2025-09-24 10:26:21,37.82,7100,37.82,D
sz300850,新强联,2025-09-24 10:26:51,37.84,6300,37.84,D
sz300850,新强联,2025-09-24 10:27:06,37.83,11066,37.85,D
sz300850,新强联,2025-09-24 10:27:12,37.87,6600,37.85,U
sz300850,新强联,2025-09-24 10:27:30,37.89,8100,37.86,U
sz300850,新强联,2025-09-24 10:28:30,37.86,5400,37.88,D
sz300850,新强联,2025-09-24 10:28:36,37.86,6700,37.86,U
sz300850,新强联,2025-09-24 10:28:39,37.86,8600,37.86,U
sz300850,新强联,2025-09-24 10:28:45,37.86,13900,37.86,U
sz300850,新强联,2025-09-24 10:29:09,37.86,9400,37.89,D
sz300850,新强联,2025-09-24 10:29:24,37.85,6500,37.85,D
sz300850,新强联,2025-09-24 10:29:36,37.84,12500,37.84,D
sz300850,新强联,2025-09-24 10:30:12,37.88,18900,37.87,U
sz300850,新强联,2025-09-24 10:31:09,37.9,6700,37.92,D
sz300850,新强联,2025-09-24 10:31:33,37.89,5900,37.9,D
sz300850,新强联,2025-09-24 10:32:03,37.86,7700,37.87,D
sz300850,新强联,2025-09-24 10:32:06,37.87,5700,37.86,U
sz300850,新强联,2025-09-24 10:32:15,37.89,10600,37.85,U
sz300850,新强联,2025-09-24 10:33:03,38.0,5700,37.99,U
sz300850,新强联,2025-09-24 10:33:12,38.0,11600,38.0,U
sz300850,新强联,2025-09-24 10:33:24,38.0,8500,37.98,U
sz300850,新强联,2025-09-24 10:33:57,38.02,11300,38.01,U
sz300850,新强联,2025-09-24 10:34:00,38.02,6000,38.02,U
sz300850,新强联,2025-09-24 10:34:03,38.02,15100,38.02,U
sz300850,新强联,2025-09-24 10:34:12,38.01,8800,38.03,D
sz300850,新强联,2025-09-24 10:34:30,38.09,5600,38.08,U
sz300850,新强联,2025-09-24 10:34:36,38.05,11200,38.11,D
sz300850,新强联,2025-09-24 10:35:06,38.05,5300,38.03,U
sz300850,新强联,2025-09-24 10:35:54,38.05,5500,38.06,D
sz300850,新强联,2025-09-24 10:36:00,38.08,10000,38.04,U
sz300850,新强联,2025-09-24 10:36:03,38.09,11500,38.08,U
sz300850,新强联,2025-09-24 10:36:15,38.09,6500,38.09,D
sz300850,新强联,2025-09-24 10:36:18,38.07,29700,38.09,D
sz300850,新强联,2025-09-24 10:37:18,38.02,13300,38.06,D
sz300850,新强联,2025-09-24 10:38:15,38.02,6600,38.04,D
sz300850,新强联,2025-09-24 10:38:27,38.02,6100,38.02,D
sz300850,新强联,2025-09-24 10:39:06,38.0,33845,38.03,D
sz300850,新强联,2025-09-24 10:39:18,38.05,8593,38.01,U
sz300850,新强联,2025-09-24 10:39:21,38.05,6100,38.05,U
sz300850,新强联,2025-09-24 10:40:18,38.0,6900,38.04,D
sz300850,新强联,2025-09-24 10:41:51,38.08,15300,38.07,U
sz300850,新强联,2025-09-24 10:42:21,38.02,12503,38.05,D
sz300850,新强联,2025-09-24 10:43:27,38.0,8000,38.03,D
sz300850,新强联,2025-09-24 10:45:45,38.05,6300,38.06,E
sz300850,新强联,2025-09-24 10:46:18,38.08,20289,38.07,U
sz300850,新强联,2025-09-24 10:46:24,38.11,6000,38.09,U
sz300850,新强联,2025-09-24 10:46:57,38.14,9300,38.14,D
sz300850,新强联,2025-09-24 10:49:15,38.2,7000,38.22,D
sz300850,新强联,2025-09-24 10:50:30,38.2,6300,38.23,D
sz300850,新强联,2025-09-24 10:51:15,38.2,7600,38.2,U
sz300850,新强联,2025-09-24 10:51:24,38.19,5300,38.21,D
sz300850,新强联,2025-09-24 10:51:54,38.21,19000,38.2,U
sz300850,新强联,2025-09-24 10:51:57,38.21,10000,38.21,U
sz300850,新强联,2025-09-24 10:52:51,38.21,6200,38.21,U
sz300850,新强联,2025-09-24 10:52:57,38.18,17600,38.2,D
sz300850,新强联,2025-09-24 10:54:30,38.2,13000,38.23,D
sz300850,新强联,2025-09-24 10:55:15,38.18,5300,38.21,D
sz300850,新强联,2025-09-24 10:56:00,38.16,19100,38.18,D
sz300850,新强联,2025-09-24 10:56:57,38.14,5400,38.12,U
sz300850,新强联,2025-09-24 10:57:21,38.13,9200,38.12,U
sz300850,新强联,2025-09-24 10:58:03,38.16,15400,38.14,U
sz300850,新强联,2025-09-24 10:58:30,38.18,17800,38.18,D
sz300850,新强联,2025-09-24 10:59:45,38.27,11200,38.28,D
sz300850,新强联,2025-09-24 11:00:12,38.27,22200,38.29,D
sz300850,新强联,2025-09-24 11:00:36,38.25,6700,38.23,U
sz300850,新强联,2025-09-24 11:00:51,38.24,5382,38.24,U
sz300850,新强联,2025-09-24 11:01:15,38.22,10300,38.22,D
sz300850,新强联,2025-09-24 11:01:18,38.22,9100,38.22,D
sz300850,新强联,2025-09-24 11:02:18,38.26,7000,38.25,U
sz300850,新强联,2025-09-24 11:03:30,38.23,9500,38.27,D
sz300850,新强联,2025-09-24 11:04:27,38.23,5900,38.27,D
sz300850,新强联,2025-09-24 11:04:39,38.26,9300,38.23,U
sz300850,新强联,2025-09-24 11:04:51,38.24,20500,38.24,D
sz300850,新强联,2025-09-24 11:05:18,38.22,7300,38.23,D
sz300850,新强联,2025-09-24 11:05:36,38.18,5800,38.18,D
sz300850,新强联,2025-09-24 11:06:00,38.18,9600,38.17,U
sz300850,新强联,2025-09-24 11:07:48,38.13,9500,38.13,U
sz300850,新强联,2025-09-24 11:09:30,38.09,5600,38.11,D
sz300850,新强联,2025-09-24 11:09:42,38.06,6800,38.06,D
sz300850,新强联,2025-09-24 11:11:12,38.13,5600,38.14,D
sz300850,新强联,2025-09-24 11:11:15,38.11,6521,38.13,D
sz300850,新强联,2025-09-24 11:12:00,38.11,13800,38.11,D
sz300850,新强联,2025-09-24 11:16:09,38.18,7070,38.2,D
sz300850,新强联,2025-09-24 11:16:45,38.21,5400,38.2,U
sz300850,新强联,2025-09-24 11:17:42,38.2,6900,38.21,D
sz300850,新强联,2025-09-24 11:17:51,38.19,5300,38.2,D
sz300850,新强联,2025-09-24 11:18:06,38.19,8300,38.19,D
sz300850,新强联,2025-09-24 11:18:09,38.17,31759,38.19,D
sz300850,新强联,2025-09-24 11:19:06,38.16,5700,38.15,U
sz300850,新强联,2025-09-24 11:20:12,38.22,8900,38.24,D
sz300850,新强联,2025-09-24 11:21:42,38.26,5300,38.24,U
sz300850,新强联,2025-09-24 11:23:42,38.3,14100,38.3,U
sz300850,新强联,2025-09-24 11:23:54,38.31,7000,38.31,U
sz300850,新强联,2025-09-24 11:24:00,38.31,11200,38.29,U
sz300850,新强联,2025-09-24 11:24:27,38.28,8700,38.3,D
sz300850,新强联,2025-09-24 11:24:30,38.29,9100,38.28,U
sz300850,新强联,2025-09-24 11:24:36,38.27,16600,38.29,D
sz300850,新强联,2025-09-24 11:25:54,38.26,15400,38.26,U
sz300850,新强联,2025-09-24 11:26:27,38.26,6200,38.26,U
sz300850,新强联,2025-09-24 11:28:39,38.31,8100,38.28,U
sz300850,新强联,2025-09-24 11:28:57,38.36,11400,38.35,U
sz300850,新强联,2025-09-24 11:29:15,38.31,9100,38.33,D
sz300850,新强联,2025-09-24 11:29:45,38.28,7400,38.29,D
sz300850,新强联,2025-09-24 13:00:00,38.29,36845,38.28,U
sz300850,新强联,2025-09-24 13:00:03,38.32,11500,38.29,U
sz300850,新强联,2025-09-24 13:00:06,38.31,15600,38.32,E
sz300850,新强联,2025-09-24 13:00:12,38.27,11700,38.28,D
sz300850,新强联,2025-09-24 13:00:15,38.23,24100,38.27,D
sz300850,新强联,2025-09-24 13:00:18,38.29,41900,38.23,U
sz300850,新强联,2025-09-24 13:00:27,38.33,6200,38.33,D
sz300850,新强联,2025-09-24 13:00:36,38.29,9600,38.33,D
sz300850,新强联,2025-09-24 13:00:39,38.29,9300,38.29,D
sz300850,新强联,2025-09-24 13:00:45,38.28,9400,38.31,D
sz300850,新强联,2025-09-24 13:01:03,38.39,10900,38.32,U
sz300850,新强联,2025-09-24 13:01:06,38.33,19100,38.39,E
sz300850,新强联,2025-09-24 13:01:15,38.27,6700,38.3,D
sz300850,新强联,2025-09-24 13:01:21,38.27,12600,38.31,D
sz300850,新强联,2025-09-24 13:02:06,38.28,7500,38.28,U
sz300850,新强联,2025-09-24 13:02:09,38.31,11200,38.28,U
sz300850,新强联,2025-09-24 13:02:12,38.31,6100,38.31,U
sz300850,新强联,2025-09-24 13:02:45,38.3,7400,38.31,D
sz300850,新强联,2025-09-24 13:03:03,38.32,6300,38.36,D
sz300850,新强联,2025-09-24 13:03:06,38.31,6700,38.32,D
sz300850,新强联,2025-09-24 13:03:45,38.29,6000,38.3,D
sz300850,新强联,2025-09-24 13:03:57,38.27,6500,38.3,D
sz300850,新强联,2025-09-24 13:04:39,38.25,5700,38.26,D
sz300850,新强联,2025-09-24 13:05:06,38.29,5700,38.27,U
sz300850,新强联,2025-09-24 13:05:24,38.3,9500,38.3,D
sz300850,新强联,2025-09-24 13:05:27,38.33,22700,38.3,U
sz300850,新强联,2025-09-24 13:05:42,38.36,7800,38.32,U
sz300850,新强联,2025-09-24 13:06:30,38.26,11000,38.24,U
sz300850,新强联,2025-09-24 13:06:36,38.26,6500,38.26,D
sz300850,新强联,2025-09-24 13:06:39,38.26,9400,38.26,U
sz300850,新强联,2025-09-24 13:06:51,38.27,5500,38.26,U
sz300850,新强联,2025-09-24 13:06:54,38.24,9700,38.27,D
sz300850,新强联,2025-09-24 13:07:24,38.26,11200,38.26,D
sz300850,新强联,2025-09-24 13:07:27,38.23,16900,38.26,D
sz300850,新强联,2025-09-24 13:07:36,38.17,83900,38.21,D
sz300850,新强联,2025-09-24 13:07:39,38.17,8200,38.17,D
sz300850,新强联,2025-09-24 13:07:45,38.16,7400,38.17,D
sz300850,新强联,2025-09-24 13:07:54,38.1,23245,38.15,D
sz300850,新强联,2025-09-24 13:07:57,38.1,7955,38.1,U
sz300850,新强联,2025-09-24 13:08:12,38.04,10200,38.08,D
sz300850,新强联,2025-09-24 13:08:27,38.05,5300,38.03,U
sz300850,新强联,2025-09-24 13:08:30,38.09,6983,38.05,U
sz300850,新强联,2025-09-24 13:08:36,38.09,8800,38.08,E
sz300850,新强联,2025-09-24 13:09:00,38.05,6900,38.04,U
sz300850,新强联,2025-09-24 13:09:03,38.05,7400,38.05,U
sz300850,新强联,2025-09-24 13:09:12,38.08,14700,38.05,U
sz300850,新强联,2025-09-24 13:09:30,38.16,5300,38.08,U
sz300850,新强联,2025-09-24 13:10:00,38.17,13100,38.15,U
sz300850,新强联,2025-09-24 13:10:33,38.21,6000,38.17,U
sz300850,新强联,2025-09-24 13:10:48,38.17,7700,38.17,E
sz300850,新强联,2025-09-24 13:11:06,38.14,5300,38.15,D
sz300850,新强联,2025-09-24 13:11:36,38.12,5300,38.13,D
sz300850,新强联,2025-09-24 13:11:39,38.13,6100,38.12,U
sz300850,新强联,2025-09-24 13:12:00,38.11,18600,38.14,D
sz300850,新强联,2025-09-24 13:12:27,38.1,5500,38.11,D
sz300850,新强联,2025-09-24 13:12:39,38.1,11300,38.12,D
sz300850,新强联,2025-09-24 13:12:48,38.1,5900,38.1,D
sz300850,新强联,2025-09-24 13:12:57,38.08,6400,38.08,D
sz300850,新强联,2025-09-24 13:13:09,38.08,5400,38.1,U
sz300850,新强联,2025-09-24 13:13:27,38.08,9700,38.1,D
sz300850,新强联,2025-09-24 13:13:30,38.06,16200,38.08,D
sz300850,新强联,2025-09-24 13:13:36,38.03,17600,38.05,D
sz300850,新强联,2025-09-24 13:14:00,38.04,6800,38.04,D
sz300850,新强联,2025-09-24 13:14:06,38.07,21300,38.03,U
sz300850,新强联,2025-09-24 13:14:09,38.04,6100,38.07,D
sz300850,新强联,2025-09-24 13:15:36,38.1,6900,38.1,D
sz300850,新强联,2025-09-24 13:16:03,38.12,9100,38.15,D
sz300850,新强联,2025-09-24 13:16:06,38.1,7200,38.12,D
sz300850,新强联,2025-09-24 13:16:09,38.09,7600,38.1,D
sz300850,新强联,2025-09-24 13:16:30,38.14,15000,38.14,U
sz300850,新强联,2025-09-24 13:16:39,38.19,11000,38.19,U
sz300850,新强联,2025-09-24 13:17:12,38.21,9400,38.18,U
sz300850,新强联,2025-09-24 13:17:24,38.24,5600,38.23,U
sz300850,新强联,2025-09-24 13:17:48,38.27,6400,38.27,U
sz300850,新强联,2025-09-24 13:17:54,38.25,12600,38.24,U
sz300850,新强联,2025-09-24 13:18:57,38.27,5300,38.27,U
sz300850,新强联,2025-09-24 13:19:06,38.2,6900,38.23,D
sz300850,新强联,2025-09-24 13:20:36,38.26,12400,38.26,U
sz300850,新强联,2025-09-24 13:20:48,38.25,16096,38.25,D
sz300850,新强联,2025-09-24 13:21:57,38.2,5848,38.19,U
sz300850,新强联,2025-09-24 13:23:24,38.12,5600,38.12,U
sz300850,新强联,2025-09-24 13:23:27,38.13,6100,38.12,U
sz300850,新强联,2025-09-24 13:24:00,38.13,10300,38.16,D
sz300850,新强联,2025-09-24 13:25:12,38.14,13300,38.13,U
sz300850,新强联,2025-09-24 13:25:18,38.13,7200,38.14,D
sz300850,新强联,2025-09-24 13:25:54,38.16,7200,38.14,U
sz300850,新强联,2025-09-24 13:26:09,38.21,6852,38.2,U
sz300850,新强联,2025-09-24 13:27:06,38.25,5500,38.25,U
sz300850,新强联,2025-09-24 13:27:18,38.27,16300,38.25,U
sz300850,新强联,2025-09-24 13:27:30,38.3,14500,38.3,U
sz300850,新强联,2025-09-24 13:27:48,38.35,8400,38.34,U
sz300850,新强联,2025-09-24 13:27:51,38.35,6700,38.35,U
sz300850,新强联,2025-09-24 13:28:00,38.32,26000,38.34,E
sz300850,新强联,2025-09-24 13:29:39,38.29,5300,38.31,D
sz300850,新强联,2025-09-24 13:30:06,38.3,11800,38.32,D
sz300850,新强联,2025-09-24 13:31:36,38.29,8800,38.28,U
sz300850,新强联,2025-09-24 13:31:39,38.29,9500,38.29,U
sz300850,新强联,2025-09-24 13:32:03,38.28,11900,38.29,D
sz300850,新强联,2025-09-24 13:32:06,38.3,35400,38.28,U
sz300850,新强联,2025-09-24 13:32:24,38.32,11400,38.33,D
sz300850,新强联,2025-09-24 13:32:27,38.31,6200,38.32,D
sz300850,新强联,2025-09-24 13:32:36,38.32,6200,38.32,U
sz300850,新强联,2025-09-24 13:32:45,38.35,24100,38.32,U
sz300850,新强联,2025-09-24 13:32:48,38.38,21600,38.35,U
sz300850,新强联,2025-09-24 13:32:51,38.38,7200,38.38,U
sz300850,新强联,2025-09-24 13:32:57,38.4,6100,38.4,D
sz300850,新强联,2025-09-24 13:33:00,38.39,16500,38.4,D
sz300850,新强联,2025-09-24 13:33:06,38.39,7100,38.39,U
sz300850,新强联,2025-09-24 13:33:21,38.34,6200,38.35,D
sz300850,新强联,2025-09-24 13:33:30,38.33,5500,38.35,D
sz300850,新强联,2025-09-24 13:33:45,38.35,14900,38.35,U
sz300850,新强联,2025-09-24 13:33:54,38.35,5300,38.35,D
sz300850,新强联,2025-09-24 13:34:45,38.38,8600,38.35,U
sz300850,新强联,2025-09-24 13:35:00,38.4,7645,38.38,U
sz300850,新强联,2025-09-24 13:35:33,38.42,7200,38.44,D
sz300850,新强联,2025-09-24 13:35:36,38.46,6400,38.42,U
sz300850,新强联,2025-09-24 13:35:39,38.55,73535,38.46,U
sz300850,新强联,2025-09-24 13:35:54,38.51,9000,38.52,U
sz300850,新强联,2025-09-24 13:36:00,38.55,7900,38.52,U
sz300850,新强联,2025-09-24 13:36:06,38.57,10100,38.55,U
sz300850,新强联,2025-09-24 13:36:12,38.57,8100,38.53,U
sz300850,新强联,2025-09-24 13:36:18,38.58,11400,38.58,U
sz300850,新强联,2025-09-24 13:36:21,38.59,21500,38.58,U
sz300850,新强联,2025-09-24 13:36:24,38.68,9400,38.59,U
sz300850,新强联,2025-09-24 13:36:27,38.68,11100,38.68,U
sz300850,新强联,2025-09-24 13:36:33,38.68,9800,38.63,U
sz300850,新强联,2025-09-24 13:36:39,38.68,11800,38.63,U
sz300850,新强联,2025-09-24 13:36:42,38.7,8000,38.68,U
sz300850,新强联,2025-09-24 13:36:48,38.64,6700,38.68,U
sz300850,新强联,2025-09-24 13:36:54,38.64,8800,38.63,U
sz300850,新强联,2025-09-24 13:37:09,38.59,13600,38.61,E
sz300850,新强联,2025-09-24 13:37:15,38.53,9705,38.58,D
sz300850,新强联,2025-09-24 13:37:33,38.53,7000,38.53,D
sz300850,新强联,2025-09-24 13:37:36,38.53,5500,38.53,E
sz300850,新强联,2025-09-24 13:37:48,38.56,29600,38.58,D
sz300850,新强联,2025-09-24 13:38:03,38.56,25600,38.58,D
sz300850,新强联,2025-09-24 13:38:09,38.6,6400,38.57,U
sz300850,新强联,2025-09-24 13:38:12,38.55,44700,38.6,D
sz300850,新强联,2025-09-24 13:38:21,38.5,36900,38.52,D
sz300850,新强联,2025-09-24 13:38:33,38.5,24200,38.47,U
sz300850,新强联,2025-09-24 13:39:00,38.5,10100,38.5,U
sz300850,新强联,2025-09-24 13:39:18,38.53,6800,38.53,D
sz300850,新强联,2025-09-24 13:39:21,38.53,6600,38.53,U
sz300850,新强联,2025-09-24 13:39:42,38.53,11900,38.53,U
sz300850,新强联,2025-09-24 13:39:45,38.53,21700,38.53,D
sz300850,新强联,2025-09-24 13:39:57,38.53,5300,38.53,U
sz300850,新强联,2025-09-24 13:40:12,38.59,18300,38.58,U
sz300850,新强联,2025-09-24 13:40:15,38.62,5700,38.59,U
sz300850,新强联,2025-09-24 13:40:24,38.69,16000,38.65,U
sz300850,新强联,2025-09-24 13:40:33,38.67,6800,38.65,U
sz300850,新强联,2025-09-24 13:40:45,38.62,7400,38.62,U
sz300850,新强联,2025-09-24 13:40:48,38.64,7800,38.62,U
sz300850,新强联,2025-09-24 13:40:51,38.61,5300,38.64,U
sz300850,新强联,2025-09-24 13:40:54,38.6,6100,38.61,D
sz300850,新强联,2025-09-24 13:41:12,38.62,24700,38.62,U
sz300850,新强联,2025-09-24 13:41:15,38.63,6400,38.62,U
sz300850,新强联,2025-09-24 13:41:18,38.62,10500,38.63,U
sz300850,新强联,2025-09-24 13:41:21,38.66,14000,38.62,U
sz300850,新强联,2025-09-24 13:41:24,38.7,7700,38.66,U
sz300850,新强联,2025-09-24 13:41:30,38.72,10700,38.7,U
sz300850,新强联,2025-09-24 13:41:33,38.72,15700,38.72,U
sz300850,新强联,2025-09-24 13:41:36,38.72,12500,38.72,U
sz300850,新强联,2025-09-24 13:41:39,38.72,11000,38.72,U
sz300850,新强联,2025-09-24 13:41:42,38.72,5800,38.72,U
sz300850,新强联,2025-09-24 13:41:45,38.72,7600,38.72,U
sz300850,新强联,2025-09-24 13:41:48,38.71,5500,38.72,D
sz300850,新强联,2025-09-24 13:41:54,38.7,5200,38.71,D
sz300850,新强联,2025-09-24 13:42:00,38.71,6200,38.7,E
sz300850,新强联,2025-09-24 13:42:12,38.7,25800,38.69,U
sz300850,新强联,2025-09-24 13:42:24,38.63,9400,38.64,D
sz300850,新强联,2025-09-24 13:42:42,38.64,6000,38.64,D
sz300850,新强联,2025-09-24 13:42:45,38.62,27000,38.64,D
sz300850,新强联,2025-09-24 13:42:48,38.61,11800,38.62,D
sz300850,新强联,2025-09-24 13:43:18,38.6,18100,38.61,D
sz300850,新强联,2025-09-24 13:43:42,38.61,6200,38.6,U
sz300850,新强联,2025-09-24 13:43:45,38.64,8000,38.61,U
sz300850,新强联,2025-09-24 13:43:54,38.65,5900,38.61,U
sz300850,新强联,2025-09-24 13:44:00,38.59,14000,38.64,D
sz300850,新强联,2025-09-24 13:44:18,38.6,7700,38.6,D
sz300850,新强联,2025-09-24 13:44:33,38.6,7000,38.61,D
sz300850,新强联,2025-09-24 13:44:36,38.63,8800,38.6,U
sz300850,新强联,2025-09-24 13:44:39,38.6,13700,38.63,D
sz300850,新强联,2025-09-24 13:45:03,38.6,6600,38.58,U
sz300850,新强联,2025-09-24 13:45:30,38.58,6800,38.58,D
sz300850,新强联,2025-09-24 13:45:51,38.59,9148,38.58,U
sz300850,新强联,2025-09-24 13:46:24,38.65,7400,38.63,U
sz300850,新强联,2025-09-24 13:46:30,38.63,5200,38.64,D
sz300850,新强联,2025-09-24 13:46:33,38.62,23052,38.63,D
sz300850,新强联,2025-09-24 13:46:36,38.61,7600,38.62,U
sz300850,新强联,2025-09-24 13:46:39,38.65,10000,38.61,U
sz300850,新强联,2025-09-24 13:47:27,38.63,11700,38.63,U
sz300850,新强联,2025-09-24 13:47:30,38.67,6000,38.63,U
sz300850,新强联,2025-09-24 13:47:36,38.68,6400,38.68,U
sz300850,新强联,2025-09-24 13:47:48,38.71,12800,38.7,U
sz300850,新强联,2025-09-24 13:47:51,38.72,5900,38.71,U
sz300850,新强联,2025-09-24 13:47:54,38.71,5700,38.72,D
sz300850,新强联,2025-09-24 13:47:57,38.71,22300,38.71,U
sz300850,新强联,2025-09-24 13:48:00,38.69,9412,38.71,D
sz300850,新强联,2025-09-24 13:48:03,38.67,7500,38.69,D
sz300850,新强联,2025-09-24 13:48:06,38.7,5500,38.67,U
sz300850,新强联,2025-09-24 13:48:09,38.69,5600,38.7,U
sz300850,新强联,2025-09-24 13:49:15,38.69,17300,38.68,U
sz300850,新强联,2025-09-24 13:49:42,38.7,20500,38.71,D
sz300850,新强联,2025-09-24 13:49:45,38.7,6400,38.7,U
sz300850,新强联,2025-09-24 13:49:51,38.7,30600,38.7,U
sz300850,新强联,2025-09-24 13:51:06,38.64,17400,38.63,U
sz300850,新强联,2025-09-24 13:51:30,38.65,13800,38.65,U
sz300850,新强联,2025-09-24 13:51:36,38.66,5600,38.65,E
sz300850,新强联,2025-09-24 13:51:51,38.65,15500,38.67,D
sz300850,新强联,2025-09-24 13:52:42,38.64,5800,38.64,U
sz300850,新强联,2025-09-24 13:54:12,38.63,10800,38.62,U
sz300850,新强联,2025-09-24 13:54:39,38.61,30000,38.63,D
sz300850,新强联,2025-09-24 13:54:54,38.57,22400,38.6,D
sz300850,新强联,2025-09-24 13:55:00,38.55,6000,38.57,D
sz300850,新强联,2025-09-24 13:55:27,38.52,5400,38.51,U
sz300850,新强联,2025-09-24 13:55:42,38.49,8700,38.5,D
sz300850,新强联,2025-09-24 13:56:15,38.49,9600,38.49,E
sz300850,新强联,2025-09-24 13:56:36,38.48,6100,38.47,U
sz300850,新强联,2025-09-24 13:56:54,38.44,8600,38.46,D
sz300850,新强联,2025-09-24 13:57:03,38.41,12700,38.42,D
sz300850,新强联,2025-09-24 13:57:27,38.47,5500,38.47,U
sz300850,新强联,2025-09-24 13:58:12,38.44,7300,38.44,E
sz300850,新强联,2025-09-24 13:58:15,38.44,11200,38.44,U
sz300850,新强联,2025-09-24 13:58:30,38.41,18200,38.43,D
sz300850,新强联,2025-09-24 13:58:33,38.42,45100,38.41,U
sz300850,新强联,2025-09-24 13:58:48,38.39,10300,38.39,U
sz300850,新强联,2025-09-24 14:00:30,38.42,11300,38.42,U
sz300850,新强联,2025-09-24 14:01:00,38.49,13500,38.46,U
sz300850,新强联,2025-09-24 14:01:21,38.49,7000,38.48,U
sz300850,新强联,2025-09-24 14:01:30,38.47,5500,38.49,D
sz300850,新强联,2025-09-24 14:01:51,38.47,8100,38.48,D
sz300850,新强联,2025-09-24 14:02:00,38.47,5600,38.47,D
sz300850,新强联,2025-09-24 14:02:21,38.44,5900,38.47,D
sz300850,新强联,2025-09-24 14:02:48,38.43,6300,38.44,D
sz300850,新强联,2025-09-24 14:03:12,38.41,45500,38.43,D
sz300850,新强联,2025-09-24 14:03:15,38.42,9100,38.41,U
sz300850,新强联,2025-09-24 14:03:18,38.4,6500,38.42,D
sz300850,新强联,2025-09-24 14:04:00,38.38,6000,38.38,D
sz300850,新强联,2025-09-24 14:04:18,38.37,16300,38.39,D
sz300850,新强联,2025-09-24 14:04:57,38.37,16500,38.39,D
sz300850,新强联,2025-09-24 14:05:00,38.35,9300,38.37,D
sz300850,新强联,2025-09-24 14:05:03,38.33,9800,38.35,D
sz300850,新强联,2025-09-24 14:05:09,38.33,10400,38.33,D
sz300850,新强联,2025-09-24 14:06:42,38.38,6000,38.39,D
sz300850,新强联,2025-09-24 14:07:39,38.4,5900,38.39,U
sz300850,新强联,2025-09-24 14:07:42,38.4,21200,38.4,U
sz300850,新强联,2025-09-24 14:08:03,38.39,24000,38.41,D
sz300850,新强联,2025-09-24 14:09:21,38.4,8400,38.39,U
sz300850,新强联,2025-09-24 14:09:33,38.37,29000,38.38,D
sz300850,新强联,2025-09-24 14:09:54,38.35,5800,38.35,D
sz300850,新强联,2025-09-24 14:10:03,38.34,14200,38.35,D
sz300850,新强联,2025-09-24 14:10:18,38.3,69400,38.32,D
sz300850,新强联,2025-09-24 14:10:30,38.3,6600,38.28,U
sz300850,新强联,2025-09-24 14:15:21,38.38,8400,38.37,U
sz300850,新强联,2025-09-24 14:16:06,38.39,7500,38.39,U
sz300850,新强联,2025-09-24 14:16:12,38.4,8000,38.38,U
sz300850,新强联,2025-09-24 14:16:18,38.41,7200,38.4,U
sz300850,新强联,2025-09-24 14:16:21,38.4,8200,38.41,D
sz300850,新强联,2025-09-24 14:17:09,38.38,8000,38.39,D
sz300850,新强联,2025-09-24 14:17:30,38.38,9300,38.38,D
sz300850,新强联,2025-09-24 14:17:33,38.38,11700,38.38,D
sz300850,新强联,2025-09-24 14:17:48,38.35,7300,38.36,D
sz300850,新强联,2025-09-24 14:18:09,38.39,22400,38.36,U
sz300850,新强联,2025-09-24 14:18:42,38.4,6700,38.39,U
sz300850,新强联,2025-09-24 14:19:12,38.39,11000,38.41,D
sz300850,新强联,2025-09-24 14:19:15,38.39,5500,38.39,D
sz300850,新强联,2025-09-24 14:19:21,38.39,8400,38.38,U
sz300850,新强联,2025-09-24 14:19:33,38.34,314300,38.38,D
sz300850,新强联,2025-09-24 14:20:12,38.35,9800,38.34,U
sz300850,新强联,2025-09-24 14:20:15,38.35,5400,38.35,D
sz300850,新强联,2025-09-24 14:20:42,38.31,5800,38.32,D
sz300850,新强联,2025-09-24 14:20:48,38.27,26400,38.31,D
sz300850,新强联,2025-09-24 14:22:06,38.23,107200,38.31,D
sz300850,新强联,2025-09-24 14:22:12,38.23,6000,38.23,U
sz300850,新强联,2025-09-24 14:22:21,38.22,14300,38.22,U
sz300850,新强联,2025-09-24 14:22:24,38.22,6100,38.22,D
sz300850,新强联,2025-09-24 14:22:33,38.23,84252,38.22,E
sz300850,新强联,2025-09-24 14:22:45,38.23,8500,38.24,D
sz300850,新强联,2025-09-24 14:23:03,38.24,6400,38.25,D
sz300850,新强联,2025-09-24 14:23:48,38.22,12400,38.22,D
sz300850,新强联,2025-09-24 14:23:51,38.21,5800,38.22,D
sz300850,新强联,2025-09-24 14:24:12,38.21,22500,38.21,D
sz300850,新强联,2025-09-24 14:24:18,38.2,7109,38.21,D
sz300850,新强联,2025-09-24 14:24:33,38.2,7191,38.2,D
sz300850,新强联,2025-09-24 14:24:42,38.18,10300,38.2,D
sz300850,新强联,2025-09-24 14:25:51,38.19,44452,38.21,D
sz300850,新强联,2025-09-24 14:26:00,38.18,13348,38.19,D
sz300850,新强联,2025-09-24 14:26:03,38.19,16552,38.18,U
sz300850,新强联,2025-09-24 14:26:09,38.16,6600,38.17,D
sz300850,新强联,2025-09-24 14:26:12,38.16,8900,38.16,D
sz300850,新强联,2025-09-24 14:26:30,38.15,5400,38.15,D
sz300850,新强联,2025-09-24 14:26:57,38.15,5300,38.15,U
sz300850,新强联,2025-09-24 14:27:06,38.13,14200,38.14,D
sz300850,新强联,2025-09-24 14:27:09,38.14,6000,38.13,U
sz300850,新强联,2025-09-24 14:27:51,38.16,17900,38.16,D
sz300850,新强联,2025-09-24 14:28:09,38.18,10300,38.18,U
sz300850,新强联,2025-09-24 14:29:00,38.2,17400,38.19,U
sz300850,新强联,2025-09-24 14:29:48,38.2,16400,38.2,D
sz300850,新强联,2025-09-24 14:30:03,38.18,18800,38.22,D
sz300850,新强联,2025-09-24 14:30:45,38.15,5700,38.18,D
sz300850,新强联,2025-09-24 14:33:36,38.21,6400,38.22,D
sz300850,新强联,2025-09-24 14:34:00,38.21,5700,38.21,E
sz300850,新强联,2025-09-24 14:36:00,38.21,5400,38.22,D
sz300850,新强联,2025-09-24 14:36:30,38.2,15700,38.21,D
sz300850,新强联,2025-09-24 14:37:00,38.21,5700,38.2,E
sz300850,新强联,2025-09-24 14:38:00,38.21,6600,38.22,D
sz300850,新强联,2025-09-24 14:38:03,38.21,6200,38.21,D
sz300850,新强联,2025-09-24 14:38:51,38.24,13600,38.26,D
sz300850,新强联,2025-09-24 14:39:24,38.26,19100,38.24,U
sz300850,新强联,2025-09-24 14:39:48,38.24,29600,38.24,U
sz300850,新强联,2025-09-24 14:39:54,38.19,30900,38.23,D
sz300850,新强联,2025-09-24 14:39:57,38.22,8100,38.19,D
sz300850,新强联,2025-09-24 14:40:03,38.18,31100,38.22,D
sz300850,新强联,2025-09-24 14:40:06,38.18,16100,38.18,E
sz300850,新强联,2025-09-24 14:40:09,38.25,7200,38.18,U
sz300850,新强联,2025-09-24 14:40:12,38.25,7900,38.25,U
sz300850,新强联,2025-09-24 14:41:09,38.22,22700,38.25,D
sz300850,新强联,2025-09-24 14:41:12,38.25,7400,38.22,U
sz300850,新强联,2025-09-24 14:41:42,38.24,5300,38.24,D
sz300850,新强联,2025-09-24 14:41:48,38.3,11600,38.23,U
sz300850,新强联,2025-09-24 14:42:48,38.26,5300,38.26,U
sz300850,新强联,2025-09-24 14:43:39,38.26,9100,38.27,D
sz300850,新强联,2025-09-24 14:44:03,38.25,32400,38.26,D
sz300850,新强联,2025-09-24 14:44:09,38.26,6700,38.25,U
sz300850,新强联,2025-09-24 14:44:12,38.24,5400,38.26,D
sz300850,新强联,2025-09-24 14:44:33,38.24,11600,38.26,D
sz300850,新强联,2025-09-24 14:44:36,38.24,6500,38.24,D
sz300850,新强联,2025-09-24 14:44:39,38.25,16200,38.24,U
sz300850,新强联,2025-09-24 14:44:51,38.25,11300,38.24,U
sz300850,新强联,2025-09-24 14:45:09,38.26,6900,38.26,U
sz300850,新强联,2025-09-24 14:45:21,38.24,6500,38.25,D
sz300850,新强联,2025-09-24 14:45:30,38.23,6300,38.24,D
sz300850,新强联,2025-09-24 14:45:57,38.24,23200,38.25,D
sz300850,新强联,2025-09-24 14:46:00,38.24,8500,38.24,U
sz300850,新强联,2025-09-24 14:46:03,38.24,8400,38.24,U
sz300850,新强联,2025-09-24 14:46:06,38.24,48396,38.24,U
sz300850,新强联,2025-09-24 14:46:09,38.25,9455,38.24,E
sz300850,新强联,2025-09-24 14:46:12,38.29,9600,38.25,U
sz300850,新强联,2025-09-24 14:46:30,38.29,6800,38.28,U
sz300850,新强联,2025-09-24 14:46:42,38.29,11200,38.3,D
sz300850,新强联,2025-09-24 14:46:45,38.32,5400,38.29,E
sz300850,新强联,2025-09-24 14:46:51,38.37,9200,38.32,U
sz300850,新强联,2025-09-24 14:46:54,38.33,6100,38.37,D
sz300850,新强联,2025-09-24 14:47:00,38.3,16600,38.33,D
sz300850,新强联,2025-09-24 14:47:03,38.31,37400,38.3,E
sz300850,新强联,2025-09-24 14:47:06,38.3,10400,38.31,D
sz300850,新强联,2025-09-24 14:47:12,38.31,50300,38.31,D
sz300850,新强联,2025-09-24 14:47:42,38.31,5500,38.32,D
sz300850,新强联,2025-09-24 14:48:03,38.32,11100,38.3,U
sz300850,新强联,2025-09-24 14:48:30,38.33,11200,38.33,D
sz300850,新强联,2025-09-24 14:48:48,38.32,20300,38.32,D
sz300850,新强联,2025-09-24 14:49:21,38.34,7100,38.34,D
sz300850,新强联,2025-09-24 14:49:27,38.38,8100,38.33,U
sz300850,新强联,2025-09-24 14:49:42,38.36,47700,38.36,D
sz300850,新强联,2025-09-24 14:49:48,38.36,9300,38.36,D
sz300850,新强联,2025-09-24 14:50:00,38.36,7000,38.38,D
sz300850,新强联,2025-09-24 14:50:03,38.36,8500,38.36,D
sz300850,新强联,2025-09-24 14:50:15,38.35,29900,38.34,U
sz300850,新强联,2025-09-24 14:50:18,38.33,14800,38.35,D
sz300850,新强联,2025-09-24 14:50:24,38.33,5400,38.34,D
sz300850,新强联,2025-09-24 14:50:57,38.36,12900,38.34,U
sz300850,新强联,2025-09-24 14:51:00,38.33,35700,38.36,D
sz300850,新强联,2025-09-24 14:51:03,38.3,16305,38.33,D
sz300850,新强联,2025-09-24 14:51:06,38.28,25000,38.3,D
sz300850,新强联,2025-09-24 14:51:09,38.27,8600,38.28,D
sz300850,新强联,2025-09-24 14:51:18,38.25,11600,38.26,D
sz300850,新强联,2025-09-24 14:51:45,38.28,14700,38.26,U
sz300850,新强联,2025-09-24 14:52:12,38.29,5900,38.29,U
sz300850,新强联,2025-09-24 14:52:27,38.3,11400,38.3,U
sz300850,新强联,2025-09-24 14:52:33,38.31,6100,38.3,U
sz300850,新强联,2025-09-24 14:52:39,38.31,5800,38.32,D
sz300850,新强联,2025-09-24 14:52:51,38.33,6900,38.33,U
sz300850,新强联,2025-09-24 14:53:03,38.35,7700,38.33,U
sz300850,新强联,2025-09-24 14:53:12,38.33,21700,38.34,D
sz300850,新强联,2025-09-24 14:53:15,38.36,11200,38.33,U
sz300850,新强联,2025-09-24 14:53:27,38.38,9800,38.37,U
sz300850,新强联,2025-09-24 14:53:39,38.32,40362,38.38,D
sz300850,新强联,2025-09-24 14:53:42,38.3,17505,38.32,D
sz300850,新强联,2025-09-24 14:53:45,38.32,18200,38.3,U
sz300850,新强联,2025-09-24 14:53:51,38.31,18100,38.31,D
sz300850,新强联,2025-09-24 14:54:00,38.32,13200,38.32,D
sz300850,新强联,2025-09-24 14:54:12,38.32,6400,38.32,D
sz300850,新强联,2025-09-24 14:54:15,38.32,6200,38.32,D
sz300850,新强联,2025-09-24 14:54:39,38.35,6400,38.36,D
sz300850,新强联,2025-09-24 14:54:42,38.35,13200,38.35,D
sz300850,新强联,2025-09-24 14:54:48,38.42,6100,38.35,U
sz300850,新强联,2025-09-24 14:55:00,38.38,6300,38.4,U
sz300850,新强联,2025-09-24 14:55:15,38.37,15600,38.37,D
sz300850,新强联,2025-09-24 14:55:18,38.38,7600,38.37,U
sz300850,新强联,2025-09-24 14:55:21,38.37,7400,38.38,D
sz300850,新强联,2025-09-24 14:55:36,38.37,6000,38.36,U
sz300850,新强联,2025-09-24 14:55:51,38.38,10200,38.37,U
sz300850,新强联,2025-09-24 14:55:57,38.37,7800,38.37,D
sz300850,新强联,2025-09-24 14:56:00,38.36,50796,38.37,D
sz300850,新强联,2025-09-24 14:56:03,38.32,53954,38.36,D
sz300850,新强联,2025-09-24 14:56:18,38.32,9300,38.32,U
sz300850,新强联,2025-09-24 14:56:36,38.32,7300,38.33,D
sz300850,新强联,2025-09-24 15:00:00,38.38,157942,38.36,U
