symbol,name,ticktime,price,volume,prev_price,kind
sz300850,新强联,2025-10-15 09:25:00,43.69,135386,0.0,U
sz300850,新强联,2025-10-15 09:30:00,43.7,93014,43.69,E
sz300850,新强联,2025-10-15 09:30:03,43.69,58900,43.7,D
sz300850,新强联,2025-10-15 09:30:06,43.47,31900,43.69,D
sz300850,新强联,2025-10-15 09:30:09,43.44,22300,43.47,D
sz300850,新强联,2025-10-15 09:30:12,43.43,13200,43.44,E
sz300850,新强联,2025-10-15 09:30:15,43.37,5800,43.43,D
sz300850,新强联,2025-10-15 09:30:18,43.32,16000,43.37,D
sz300850,新强联,2025-10-15 09:30:21,43.29,11300,43.32,E
sz300850,新强联,2025-10-15 09:30:24,43.34,32500,43.29,U
sz300850,新强联,2025-10-15 09:30:27,43.36,10700,43.34,U
sz300850,新强联,2025-10-15 09:30:30,43.65,25900,43.36,U
sz300850,新强联,2025-10-15 09:30:36,43.65,8600,43.47,U
sz300850,新强联,2025-10-15 09:30:39,43.65,40200,43.65,U
sz300850,新强联,2025-10-15 09:30:42,43.65,17100,43.65,U
sz300850,新强联,2025-10-15 09:30:45,43.67,12800,43.65,D
sz300850,新强联,2025-10-15 09:30:48,43.5,11100,43.67,D
sz300850,新强联,2025-10-15 09:30:54,43.67,14100,43.56,U
sz300850,新强联,2025-10-15 09:30:57,43.68,27800,43.67,U
sz300850,新强联,2025-10-15 09:31:00,43.6,22100,43.68,D
sz300850,新强联,2025-10-15 09:31:03,43.5,10900,43.6,D
sz300850,新强联,2025-10-15 09:31:06,43.56,49400,43.5,U
sz300850,新强联,2025-10-15 09:31:09,43.56,9700,43.56,D
sz300850,新强联,2025-10-15 09:31:12,43.55,21900,43.56,D
sz300850,新强联,2025-10-15 09:31:15,43.5,6100,43.55,D
sz300850,新强联,2025-10-15 09:31:21,43.49,7500,43.5,D
sz300850,新强联,2025-10-15 09:31:24,43.44,7200,43.49,E
sz300850,新强联,2025-10-15 09:31:27,43.43,25200,43.44,D
sz300850,新强联,2025-10-15 09:31:30,43.4,15600,43.43,D
sz300850,新强联,2025-10-15 09:31:33,43.38,6400,43.4,D
sz300850,新强联,2025-10-15 09:31:36,43.35,6800,43.38,D
sz300850,新强联,2025-10-15 09:31:42,43.3,7200,43.33,D
sz300850,新强联,2025-10-15 09:31:45,43.41,46400,43.3,U
sz300850,新强联,2025-10-15 09:31:48,43.45,22500,43.41,E
sz300850,新强联,2025-10-15 09:31:51,43.41,13400,43.45,D
sz300850,新强联,2025-10-15 09:32:00,43.3,11300,43.33,D
sz300850,新强联,2025-10-15 09:32:06,43.28,7800,43.3,D
sz300850,新强联,2025-10-15 09:32:12,43.25,5600,43.28,D
sz300850,新强联,2025-10-15 09:32:15,43.2,47400,43.25,D
sz300850,新强联,2025-10-15 09:32:18,43.11,7900,43.2,D
sz300850,新强联,2025-10-15 09:32:21,43.11,40800,43.11,D
sz300850,新强联,2025-10-15 09:32:24,43.07,21000,43.11,D
sz300850,新强联,2025-10-15 09:32:27,43.01,13300,43.07,D
sz300850,新强联,2025-10-15 09:32:30,43.0,16100,43.01,D
sz300850,新强联,2025-10-15 09:32:33,43.01,24000,43.0,D
sz300850,新强联,2025-10-15 09:32:36,42.91,25300,43.01,D
sz300850,新强联,2025-10-15 09:32:39,42.91,7100,42.91,U
sz300850,新强联,2025-10-15 09:32:42,42.85,16100,42.91,D
sz300850,新强联,2025-10-15 09:32:45,42.89,55341,42.85,U
sz300850,新强联,2025-10-15 09:32:48,42.88,47100,42.89,D
sz300850,新强联,2025-10-15 09:32:51,42.9,26500,42.88,E
sz300850,新强联,2025-10-15 09:32:54,42.89,36500,42.9,D
sz300850,新强联,2025-10-15 09:32:57,42.88,46600,42.89,D
sz300850,新强联,2025-10-15 09:33:00,42.87,20300,42.88,E
sz300850,新强联,2025-10-15 09:33:03,42.87,29800,42.87,U
sz300850,新强联,2025-10-15 09:33:06,42.74,14700,42.87,D
sz300850,新强联,2025-10-15 09:33:09,42.74,11800,42.74,D
sz300850,新强联,2025-10-15 09:33:12,42.73,7574,42.74,D
sz300850,新强联,2025-10-15 09:33:15,42.72,9826,42.73,D
sz300850,新强联,2025-10-15 09:33:18,42.86,40974,42.72,U
sz300850,新强联,2025-10-15 09:33:21,42.86,16400,42.86,U
sz300850,新强联,2025-10-15 09:33:24,42.88,15600,42.86,U
sz300850,新强联,2025-10-15 09:33:27,42.83,5600,42.88,D
sz300850,新强联,2025-10-15 09:33:30,42.77,5200,42.83,D
sz300850,新强联,2025-10-15 09:33:33,42.73,18800,42.77,D
sz300850,新强联,2025-10-15 09:33:36,42.71,11100,42.73,D
sz300850,新强联,2025-10-15 09:33:39,42.71,14500,42.71,D
sz300850,新强联,2025-10-15 09:33:42,42.69,26300,42.71,D
sz300850,新强联,2025-10-15 09:33:45,42.66,20400,42.69,D
sz300850,新强联,2025-10-15 09:33:48,42.71,73200,42.66,U
sz300850,新强联,2025-10-15 09:33:51,42.7,75500,42.71,D
sz300850,新强联,2025-10-15 09:33:54,42.7,51600,42.7,D
sz300850,新强联,2025-10-15 09:33:57,42.8,50000,42.7,U
sz300850,新强联,2025-10-15 09:34:00,42.74,56000,42.8,E
sz300850,新强联,2025-10-15 09:34:03,42.71,15000,42.74,D
sz300850,新强联,2025-10-15 09:34:06,42.74,15600,42.71,U
sz300850,新强联,2025-10-15 09:34:09,42.72,17600,42.74,D
sz300850,新强联,2025-10-15 09:34:12,42.78,9900,42.72,U
sz300850,新强联,2025-10-15 09:34:15,42.78,10000,42.78,U
sz300850,新强联,2025-10-15 09:34:18,42.68,11800,42.78,D
sz300850,新强联,2025-10-15 09:34:21,42.68,6500,42.68,D
sz300850,新强联,2025-10-15 09:34:24,42.6,47900,42.68,D
sz300850,新强联,2025-10-15 09:34:27,42.6,15300,42.6,U
sz300850,新强联,2025-10-15 09:34:30,42.49,37300,42.6,D
sz300850,新强联,2025-10-15 09:34:33,42.44,16600,42.49,D
sz300850,新强联,2025-10-15 09:34:36,42.54,17300,42.44,U
sz300850,新强联,2025-10-15 09:34:39,42.48,25400,42.54,D
sz300850,新强联,2025-10-15 09:34:42,42.45,17300,42.48,D
sz300850,新强联,2025-10-15 09:34:45,42.52,58900,42.45,U
sz300850,新强联,2025-10-15 09:34:48,42.49,64900,42.52,D
sz300850,新强联,2025-10-15 09:34:51,42.54,58300,42.49,E
sz300850,新强联,2025-10-15 09:34:54,42.54,18700,42.54,D
sz300850,新强联,2025-10-15 09:34:57,42.55,30500,42.54,D
sz300850,新强联,2025-10-15 09:35:00,42.68,29500,42.55,U
sz300850,新强联,2025-10-15 09:35:03,42.62,53500,42.68,D
sz300850,新强联,2025-10-15 09:35:06,42.68,24000,42.62,D
sz300850,新强联,2025-10-15 09:35:09,42.63,9700,42.68,D
sz300850,新强联,2025-10-15 09:35:12,42.65,12000,42.63,E
sz300850,新强联,2025-10-15 09:35:15,42.64,79144,42.65,D
sz300850,新强联,2025-10-15 09:35:18,42.63,32100,42.64,D
sz300850,新强联,2025-10-15 09:35:21,42.65,14300,42.63,D
sz300850,新强联,2025-10-15 09:35:24,42.76,44700,42.65,U
sz300850,新强联,2025-10-15 09:35:27,42.68,11440,42.76,D
sz300850,新强联,2025-10-15 09:35:30,42.7,11200,42.68,U
sz300850,新强联,2025-10-15 09:35:33,42.78,14760,42.7,U
sz300850,新强联,2025-10-15 09:35:36,42.8,7600,42.78,U
sz300850,新强联,2025-10-15 09:35:39,42.84,12000,42.8,U
sz300850,新强联,2025-10-15 09:35:42,42.84,41600,42.84,D
sz300850,新强联,2025-10-15 09:35:45,42.89,24526,42.84,U
sz300850,新强联,2025-10-15 09:35:48,42.89,6500,42.89,U
sz300850,新强联,2025-10-15 09:35:51,42.89,20000,42.89,U
sz300850,新强联,2025-10-15 09:35:54,42.9,9200,42.89,E
sz300850,新强联,2025-10-15 09:36:00,42.96,5900,42.93,D
sz300850,新强联,2025-10-15 09:36:03,42.96,12700,42.96,D
sz300850,新强联,2025-10-15 09:36:06,42.96,24500,42.96,D
sz300850,新强联,2025-10-15 09:36:09,42.95,9800,42.96,E
sz300850,新强联,2025-10-15 09:36:12,42.92,13000,42.95,D
sz300850,新强联,2025-10-15 09:36:15,42.9,7000,42.92,D
sz300850,新强联,2025-10-15 09:36:18,42.83,33200,42.9,D
sz300850,新强联,2025-10-15 09:36:21,42.82,9600,42.83,D
sz300850,新强联,2025-10-15 09:36:24,42.85,7300,42.82,U
sz300850,新强联,2025-10-15 09:36:27,42.81,10800,42.85,D
sz300850,新强联,2025-10-15 09:36:33,42.81,26000,42.82,D
sz300850,新强联,2025-10-15 09:36:36,42.75,11200,42.81,D
sz300850,新强联,2025-10-15 09:36:39,42.74,8700,42.75,D
sz300850,新强联,2025-10-15 09:36:42,42.74,6300,42.74,D
sz300850,新强联,2025-10-15 09:36:45,42.73,5900,42.74,D
sz300850,新强联,2025-10-15 09:36:48,42.73,12200,42.73,D
sz300850,新强联,2025-10-15 09:36:51,42.71,7100,42.73,D
sz300850,新强联,2025-10-15 09:36:54,42.74,40700,42.71,U
sz300850,新强联,2025-10-15 09:36:57,42.71,56800,42.74,D
sz300850,新强联,2025-10-15 09:37:00,42.72,29800,42.71,U
sz300850,新强联,2025-10-15 09:37:03,42.74,9800,42.72,E
sz300850,新强联,2025-10-15 09:37:06,42.82,105000,42.74,U
sz300850,新强联,2025-10-15 09:37:09,42.76,49400,42.82,D
sz300850,新强联,2025-10-15 09:37:12,42.8,22900,42.76,U
sz300850,新强联,2025-10-15 09:37:18,42.8,5800,42.75,U
sz300850,新强联,2025-10-15 09:37:21,42.8,5900,42.8,U
sz300850,新强联,2025-10-15 09:37:30,42.82,9800,42.76,U
sz300850,新强联,2025-10-15 09:37:33,42.9,5800,42.82,U
sz300850,新强联,2025-10-15 09:37:42,42.97,5500,42.94,U
sz300850,新强联,2025-10-15 09:37:54,43.0,14400,43.0,D
sz300850,新强联,2025-10-15 09:37:57,42.98,7900,43.0,E
sz300850,新强联,2025-10-15 09:38:00,42.91,6000,42.98,D
sz300850,新强联,2025-10-15 09:38:03,42.82,22100,42.91,D
sz300850,新强联,2025-10-15 09:38:06,42.81,6800,42.82,D
sz300850,新强联,2025-10-15 09:38:09,42.8,6600,42.81,D
sz300850,新强联,2025-10-15 09:38:15,42.72,19100,42.78,D
sz300850,新强联,2025-10-15 09:38:18,42.6,11100,42.72,D
sz300850,新强联,2025-10-15 09:38:21,42.6,11400,42.6,D
sz300850,新强联,2025-10-15 09:38:27,42.6,12400,42.6,U
sz300850,新强联,2025-10-15 09:38:30,42.57,22800,42.6,D
sz300850,新强联,2025-10-15 09:38:33,42.56,6700,42.57,D
sz300850,新强联,2025-10-15 09:38:36,42.51,13200,42.56,D
sz300850,新强联,2025-10-15 09:38:39,42.46,54900,42.51,D
sz300850,新强联,2025-10-15 09:38:42,42.46,25400,42.46,D
sz300850,新强联,2025-10-15 09:38:45,42.46,24600,42.46,U
sz300850,新强联,2025-10-15 09:38:51,42.53,57800,42.43,U
sz300850,新强联,2025-10-15 09:38:54,42.5,11745,42.53,D
sz300850,新强联,2025-10-15 09:38:57,42.65,27900,42.5,U
sz300850,新强联,2025-10-15 09:39:00,42.6,9600,42.65,E
sz300850,新强联,2025-10-15 09:39:03,42.6,9300,42.6,D
sz300850,新强联,2025-10-15 09:39:09,42.59,4700,42.6,E
sz300850,新强联,2025-10-15 09:39:12,42.6,4800,42.59,U
sz300850,新强联,2025-10-15 09:39:15,42.59,19700,42.6,U
sz300850,新强联,2025-10-15 09:39:18,42.58,13000,42.59,E
sz300850,新强联,2025-10-15 09:39:21,42.53,8600,42.58,D
sz300850,新强联,2025-10-15 09:39:24,42.55,22400,42.53,U
sz300850,新强联,2025-10-15 09:39:27,42.53,5200,42.55,E
sz300850,新强联,2025-10-15 09:39:30,42.52,6800,42.53,D
sz300850,新强联,2025-10-15 09:39:33,42.51,12400,42.52,D
sz300850,新强联,2025-10-15 09:39:39,42.47,5300,42.51,D
sz300850,新强联,2025-10-15 09:39:42,42.47,7700,42.47,U
sz300850,新强联,2025-10-15 09:39:45,42.5,104200,42.47,U
sz300850,新强联,2025-10-15 09:39:48,42.49,10100,42.5,D
sz300850,新强联,2025-10-15 09:39:51,42.49,6800,42.49,D
sz300850,新强联,2025-10-15 09:39:54,42.49,13600,42.49,D
sz300850,新强联,2025-10-15 09:39:57,42.5,12102,42.49,U
sz300850,新强联,2025-10-15 09:40:06,42.62,15759,42.54,U
sz300850,新强联,2025-10-15 09:40:09,42.63,87400,42.62,D
sz300850,新强联,2025-10-15 09:40:15,42.64,11000,42.66,D
sz300850,新强联,2025-10-15 09:40:21,42.57,9200,42.6,D
sz300850,新强联,2025-10-15 09:40:24,42.57,23500,42.57,U
sz300850,新强联,2025-10-15 09:40:27,42.5,8500,42.57,E
sz300850,新强联,2025-10-15 09:40:30,42.49,5200,42.5,E
sz300850,新强联,2025-10-15 09:40:33,42.48,16500,42.49,D
sz300850,新强联,2025-10-15 09:40:36,42.56,4900,42.48,U
sz300850,新强联,2025-10-15 09:40:39,42.51,20800,42.56,D
sz300850,新强联,2025-10-15 09:40:42,42.57,51100,42.51,E
sz300850,新强联,2025-10-15 09:40:51,42.54,5300,42.57,E
sz300850,新强联,2025-10-15 09:40:54,42.52,6400,42.54,E
sz300850,新强联,2025-10-15 09:40:57,42.53,25600,42.52,U
sz300850,新强联,2025-10-15 09:41:00,42.51,6800,42.53,E
sz300850,新强联,2025-10-15 09:41:03,42.44,7600,42.51,D
sz300850,新强联,2025-10-15 09:41:06,42.43,8800,42.44,D
sz300850,新强联,2025-10-15 09:41:09,42.47,15500,42.43,U
sz300850,新强联,2025-10-15 09:41:12,42.44,14500,42.47,D
sz300850,新强联,2025-10-15 09:41:21,42.42,38900,42.45,D
sz300850,新强联,2025-10-15 09:41:24,42.4,76000,42.42,D
sz300850,新强联,2025-10-15 09:41:27,42.4,12000,42.4,U
sz300850,新强联,2025-10-15 09:41:30,42.37,5100,42.4,D
sz300850,新强联,2025-10-15 09:41:33,42.37,20200,42.37,D
sz300850,新强联,2025-10-15 09:41:36,42.38,33400,42.37,D
sz300850,新强联,2025-10-15 09:41:39,42.4,23100,42.38,U
sz300850,新强联,2025-10-15 09:41:42,42.42,55400,42.4,D
sz300850,新强联,2025-10-15 09:41:45,42.42,31700,42.42,D
sz300850,新强联,2025-10-15 09:41:48,42.39,14300,42.42,D
sz300850,新强联,2025-10-15 09:41:51,42.39,4900,42.39,D
sz300850,新强联,2025-10-15 09:41:54,42.43,110000,42.39,U
sz300850,新强联,2025-10-15 09:41:57,42.42,15300,42.43,D
sz300850,新强联,2025-10-15 09:42:00,42.43,24800,42.42,E
sz300850,新强联,2025-10-15 09:42:09,42.48,6700,42.51,D
sz300850,新强联,2025-10-15 09:42:12,42.56,13700,42.48,U
sz300850,新强联,2025-10-15 09:42:24,42.56,7700,42.56,U
sz300850,新强联,2025-10-15 09:42:27,42.56,8200,42.56,U
sz300850,新强联,2025-10-15 09:42:30,42.56,5400,42.56,U
sz300850,新强联,2025-10-15 09:42:33,42.48,14000,42.56,D
sz300850,新强联,2025-10-15 09:42:36,42.48,10600,42.48,D
sz300850,新强联,2025-10-15 09:42:42,42.5,34300,42.48,U
sz300850,新强联,2025-10-15 09:42:48,42.49,5400,42.52,D
sz300850,新强联,2025-10-15 09:43:00,42.51,9000,42.52,E
sz300850,新强联,2025-10-15 09:43:09,42.55,8900,42.51,U
sz300850,新强联,2025-10-15 09:43:15,42.59,13400,42.54,U
sz300850,新强联,2025-10-15 09:43:18,42.62,8700,42.59,U
sz300850,新强联,2025-10-15 09:43:24,42.71,7000,42.64,E
sz300850,新强联,2025-10-15 09:43:30,42.7,6000,42.69,E
sz300850,新强联,2025-10-15 09:43:36,42.75,21000,42.62,U
sz300850,新强联,2025-10-15 09:43:39,42.8,6300,42.75,U
sz300850,新强联,2025-10-15 09:43:42,42.87,46900,42.8,U
sz300850,新强联,2025-10-15 09:43:45,42.98,14400,42.87,U
sz300850,新强联,2025-10-15 09:43:48,42.97,4700,42.98,D
sz300850,新强联,2025-10-15 09:43:51,43.06,12800,42.97,U
sz300850,新强联,2025-10-15 09:44:12,43.13,5300,43.13,D
sz300850,新强联,2025-10-15 09:44:15,43.11,6500,43.13,E
sz300850,新强联,2025-10-15 09:44:18,43.15,11200,43.11,U
sz300850,新强联,2025-10-15 09:44:30,43.23,28000,43.23,U
sz300850,新强联,2025-10-15 09:44:36,43.37,7100,43.28,U
sz300850,新强联,2025-10-15 09:44:48,43.39,15800,43.33,U
sz300850,新强联,2025-10-15 09:44:51,43.35,7800,43.39,U
sz300850,新强联,2025-10-15 09:44:54,43.31,7300,43.35,D
sz300850,新强联,2025-10-15 09:44:57,43.37,4900,43.31,E
sz300850,新强联,2025-10-15 09:45:00,43.35,12200,43.37,D
sz300850,新强联,2025-10-15 09:45:03,43.34,14400,43.35,U
sz300850,新强联,2025-10-15 09:45:06,43.37,5400,43.34,E
sz300850,新强联,2025-10-15 09:45:09,43.4,8700,43.37,U
sz300850,新强联,2025-10-15 09:45:12,43.36,16400,43.4,U
sz300850,新强联,2025-10-15 09:45:24,43.41,7400,43.37,U
sz300850,新强联,2025-10-15 09:45:27,43.43,11600,43.41,U
sz300850,新强联,2025-10-15 09:45:30,43.46,5100,43.43,U
sz300850,新强联,2025-10-15 09:45:33,43.44,33700,43.46,D
sz300850,新强联,2025-10-15 09:45:36,43.41,9400,43.44,D
sz300850,新强联,2025-10-15 09:45:39,43.55,25300,43.41,U
sz300850,新强联,2025-10-15 09:45:45,43.6,6900,43.55,U
sz300850,新强联,2025-10-15 09:45:48,43.47,9500,43.6,D
sz300850,新强联,2025-10-15 09:45:54,43.47,6500,43.56,D
sz300850,新强联,2025-10-15 09:45:57,43.48,20600,43.47,D
sz300850,新强联,2025-10-15 09:46:00,43.58,5000,43.48,U
sz300850,新强联,2025-10-15 09:46:03,43.66,36900,43.58,U
sz300850,新强联,2025-10-15 09:46:06,43.65,11900,43.66,D
sz300850,新强联,2025-10-15 09:46:09,43.66,12300,43.65,U
sz300850,新强联,2025-10-15 09:46:12,43.7,5200,43.66,U
sz300850,新强联,2025-10-15 09:46:15,43.73,5500,43.7,U
sz300850,新强联,2025-10-15 09:46:18,43.7,17500,43.73,U
sz300850,新强联,2025-10-15 09:46:21,43.67,11300,43.7,E
sz300850,新强联,2025-10-15 09:46:24,43.62,10700,43.67,D
sz300850,新强联,2025-10-15 09:46:27,43.58,11500,43.62,D
sz300850,新强联,2025-10-15 09:46:30,43.57,6800,43.58,D
sz300850,新强联,2025-10-15 09:46:42,43.5,11100,43.47,E
sz300850,新强联,2025-10-15 09:46:48,43.47,6200,43.46,E
sz300850,新强联,2025-10-15 09:46:54,43.46,5800,43.45,D
sz300850,新强联,2025-10-15 09:46:57,43.57,26000,43.46,U
sz300850,新强联,2025-10-15 09:47:00,43.53,9600,43.57,D
sz300850,新强联,2025-10-15 09:47:06,43.5,7000,43.49,E
sz300850,新强联,2025-10-15 09:47:09,43.6,6700,43.5,U
sz300850,新强联,2025-10-15 09:47:12,43.54,7100,43.6,D
sz300850,新强联,2025-10-15 09:47:18,43.54,6900,43.54,U
sz300850,新强联,2025-10-15 09:47:24,43.5,8200,43.54,D
sz300850,新强联,2025-10-15 09:47:33,43.49,6900,43.48,U
sz300850,新强联,2025-10-15 09:47:36,43.5,22000,43.49,U
sz300850,新强联,2025-10-15 09:47:39,43.5,18500,43.5,U
sz300850,新强联,2025-10-15 09:47:48,43.46,10000,43.49,D
sz300850,新强联,2025-10-15 09:47:51,43.44,5300,43.46,D
sz300850,新强联,2025-10-15 09:47:57,43.37,13100,43.44,D
sz300850,新强联,2025-10-15 09:48:12,43.35,10200,43.34,U
sz300850,新强联,2025-10-15 09:48:27,43.23,9600,43.31,D
sz300850,新强联,2025-10-15 09:48:33,43.23,5700,43.24,D
sz300850,新强联,2025-10-15 09:48:45,43.21,16300,43.23,D
sz300850,新强联,2025-10-15 09:48:57,43.2,7800,43.26,D
sz300850,新强联,2025-10-15 09:49:00,43.2,8500,43.2,D
sz300850,新强联,2025-10-15 09:49:18,43.1,5200,43.12,D
sz300850,新强联,2025-10-15 09:49:45,43.08,8000,43.08,U
sz300850,新强联,2025-10-15 09:49:57,43.0,9700,43.08,D
sz300850,新强联,2025-10-15 09:50:00,43.04,33200,43.0,U
sz300850,新强联,2025-10-15 09:50:03,43.04,5200,43.04,U
sz300850,新强联,2025-10-15 09:50:18,42.99,11400,43.06,D
sz300850,新强联,2025-10-15 09:50:48,43.07,7700,43.03,U
sz300850,新强联,2025-10-15 09:51:03,43.07,8200,43.06,U
sz300850,新强联,2025-10-15 09:51:15,43.1,7100,43.09,E
sz300850,新强联,2025-10-15 09:51:48,43.08,6700,43.11,D
sz300850,新强联,2025-10-15 09:51:51,42.99,12070,43.08,D
sz300850,新强联,2025-10-15 09:52:30,43.0,31800,42.97,U
sz300850,新强联,2025-10-15 09:52:36,43.0,7400,43.04,D
sz300850,新强联,2025-10-15 09:52:39,43.0,4800,43.0,U
sz300850,新强联,2025-10-15 09:52:57,42.87,6200,42.88,D
sz300850,新强联,2025-10-15 09:53:03,42.9,13700,42.88,U
sz300850,新强联,2025-10-15 09:53:12,42.82,12000,42.83,D
sz300850,新强联,2025-10-15 09:53:15,42.82,5400,42.82,D
sz300850,新强联,2025-10-15 09:53:18,42.82,10600,42.82,D
sz300850,新强联,2025-10-15 09:53:24,42.83,8000,42.82,U
sz300850,新强联,2025-10-15 09:53:27,42.86,11200,42.83,U
sz300850,新强联,2025-10-15 09:53:42,42.91,25000,42.88,U
sz300850,新强联,2025-10-15 09:53:48,43.0,6700,42.95,U
sz300850,新强联,2025-10-15 09:53:54,43.0,20100,42.95,U
sz300850,新强联,2025-10-15 09:54:06,43.0,10800,43.0,U
sz300850,新强联,2025-10-15 09:54:09,42.99,24100,43.0,D
sz300850,新强联,2025-10-15 09:54:15,43.04,58300,42.99,U
sz300850,新强联,2025-10-15 09:54:24,43.0,4700,43.1,D
sz300850,新强联,2025-10-15 09:55:00,43.08,5100,43.08,E
sz300850,新强联,2025-10-15 09:55:27,43.02,14200,43.03,D
sz300850,新强联,2025-10-15 09:55:45,43.02,8700,43.01,U
sz300850,新强联,2025-10-15 09:55:51,43.04,5900,43.03,E
sz300850,新强联,2025-10-15 09:55:54,43.06,12000,43.04,U
sz300850,新强联,2025-10-15 09:56:15,43.22,5000,43.16,U
sz300850,新强联,2025-10-15 09:56:24,43.21,9300,43.2,U
sz300850,新强联,2025-10-15 09:57:09,43.06,10300,43.02,E
sz300850,新强联,2025-10-15 09:57:15,43.02,11000,43.0,E
sz300850,新强联,2025-10-15 09:57:36,43.04,11830,43.05,D
sz300850,新强联,2025-10-15 09:57:42,43.0,10700,43.04,D
sz300850,新强联,2025-10-15 09:58:18,43.1,12700,42.96,U
sz300850,新强联,2025-10-15 09:59:45,43.16,6900,43.17,D
sz300850,新强联,2025-10-15 09:59:48,43.23,29800,43.16,U
sz300850,新强联,2025-10-15 09:59:54,43.23,6300,43.23,U
sz300850,新强联,2025-10-15 10:00:00,43.19,23800,43.28,D
sz300850,新强联,2025-10-15 10:00:21,43.09,6300,43.08,U
sz300850,新强联,2025-10-15 10:00:39,43.01,8900,43.07,D
sz300850,新强联,2025-10-15 10:00:54,43.01,16000,43.06,D
sz300850,新强联,2025-10-15 10:01:03,43.06,8500,43.02,D
sz300850,新强联,2025-10-15 10:01:12,43.08,8700,43.08,D
sz300850,新强联,2025-10-15 10:02:03,43.05,10300,43.06,D
sz300850,新强联,2025-10-15 10:02:09,43.07,4800,43.04,U
sz300850,新强联,2025-10-15 10:02:12,43.1,7500,43.07,U
sz300850,新强联,2025-10-15 10:02:15,43.16,10300,43.1,U
sz300850,新强联,2025-10-15 10:03:06,43.13,7700,43.1,U
sz300850,新强联,2025-10-15 10:03:33,43.21,14600,43.15,U
sz300850,新强联,2025-10-15 10:03:51,43.21,16700,43.21,D
sz300850,新强联,2025-10-15 10:04:03,43.22,9600,43.24,D
sz300850,新强联,2025-10-15 10:04:18,43.12,8000,43.12,D
sz300850,新强联,2025-10-15 10:04:42,43.1,9300,43.08,U
sz300850,新强联,2025-10-15 10:04:48,43.12,13500,43.09,U
sz300850,新强联,2025-10-15 10:04:54,43.12,12500,43.12,U
sz300850,新强联,2025-10-15 10:04:57,43.01,10800,43.12,D
sz300850,新强联,2025-10-15 10:06:00,43.26,10100,43.28,D
sz300850,新强联,2025-10-15 10:06:12,43.33,10300,43.29,U
sz300850,新强联,2025-10-15 10:06:24,43.26,11100,43.29,D
sz300850,新强联,2025-10-15 10:06:33,43.28,5000,43.31,D
sz300850,新强联,2025-10-15 10:06:36,43.24,5900,43.28,D
sz300850,新强联,2025-10-15 10:06:45,43.23,12100,43.32,D
sz300850,新强联,2025-10-15 10:06:51,43.2,7300,43.22,D
sz300850,新强联,2025-10-15 10:07:39,43.22,5900,43.2,U
sz300850,新强联,2025-10-15 10:07:48,43.2,6600,43.25,D
sz300850,新强联,2025-10-15 10:08:30,43.19,13600,43.22,D
sz300850,新强联,2025-10-15 10:08:45,43.24,16300,43.21,U
sz300850,新强联,2025-10-15 10:08:51,43.24,8700,43.24,U
sz300850,新强联,2025-10-15 10:09:00,43.31,19700,43.24,U
sz300850,新强联,2025-10-15 10:09:30,43.32,4900,43.31,U
sz300850,新强联,2025-10-15 10:10:18,43.43,10700,43.45,D
sz300850,新强联,2025-10-15 10:10:21,43.47,10800,43.43,U
sz300850,新强联,2025-10-15 10:10:24,43.47,5100,43.47,U
sz300850,新强联,2025-10-15 10:10:36,43.46,6700,43.42,U
sz300850,新强联,2025-10-15 10:11:27,43.18,12000,43.37,D
sz300850,新强联,2025-10-15 10:11:39,43.31,6000,43.31,D
sz300850,新强联,2025-10-15 10:11:42,43.37,24200,43.31,U
sz300850,新强联,2025-10-15 10:11:57,43.38,11900,43.37,U
sz300850,新强联,2025-10-15 10:12:33,43.37,13900,43.34,U
sz300850,新强联,2025-10-15 10:13:00,43.38,6600,43.37,U
sz300850,新强联,2025-10-15 10:13:03,43.39,10600,43.38,U
sz300850,新强联,2025-10-15 10:13:15,43.46,7000,43.4,U
sz300850,新强联,2025-10-15 10:13:18,43.47,5200,43.46,U
sz300850,新强联,2025-10-15 10:13:33,43.46,4900,43.48,D
sz300850,新强联,2025-10-15 10:13:36,43.45,11800,43.46,D
sz300850,新强联,2025-10-15 10:13:51,43.46,10100,43.46,U
sz300850,新强联,2025-10-15 10:14:00,43.5,7600,43.49,U
sz300850,新强联,2025-10-15 10:14:06,43.49,19900,43.5,D
sz300850,新强联,2025-10-15 10:14:18,43.48,5200,43.48,U
sz300850,新强联,2025-10-15 10:14:27,43.47,7900,43.45,U
sz300850,新强联,2025-10-15 10:14:39,43.47,6800,43.45,U
sz300850,新强联,2025-10-15 10:14:48,43.42,5100,43.45,D
sz300850,新强联,2025-10-15 10:15:48,43.34,7100,43.39,D
sz300850,新强联,2025-10-15 10:16:30,43.45,6400,43.42,U
sz300850,新强联,2025-10-15 10:16:33,43.42,7000,43.45,D
sz300850,新强联,2025-10-15 10:16:45,43.5,15500,43.47,U
sz300850,新强联,2025-10-15 10:17:33,43.46,5400,43.48,D
sz300850,新强联,2025-10-15 10:17:51,43.46,6700,43.48,D
sz300850,新强联,2025-10-15 10:18:12,43.53,9500,43.53,U
sz300850,新强联,2025-10-15 10:18:27,43.48,5400,43.51,D
sz300850,新强联,2025-10-15 10:18:30,43.46,6200,43.48,D
sz300850,新强联,2025-10-15 10:18:33,43.46,5100,43.46,D
sz300850,新强联,2025-10-15 10:18:36,43.46,19200,43.46,U
sz300850,新强联,2025-10-15 10:18:45,43.46,5500,43.45,U
sz300850,新强联,2025-10-15 10:19:00,43.41,7700,43.4,U
sz300850,新强联,2025-10-15 10:19:27,43.48,23000,43.43,U
sz300850,新强联,2025-10-15 10:19:30,43.5,17000,43.48,U
sz300850,新强联,2025-10-15 10:19:36,43.51,5200,43.5,U
sz300850,新强联,2025-10-15 10:19:48,43.46,10700,43.5,D
sz300850,新强联,2025-10-15 10:20:03,43.43,6900,43.47,D
sz300850,新强联,2025-10-15 10:20:18,43.46,5400,43.46,E
sz300850,新强联,2025-10-15 10:20:24,43.46,7800,43.44,U
sz300850,新强联,2025-10-15 10:20:30,43.47,6400,43.44,U
sz300850,新强联,2025-10-15 10:21:06,43.46,10500,43.46,U
sz300850,新强联,2025-10-15 10:21:09,43.5,29600,43.46,U
sz300850,新强联,2025-10-15 10:21:15,43.52,13900,43.5,U
sz300850,新强联,2025-10-15 10:21:45,43.5,5900,43.51,D
sz300850,新强联,2025-10-15 10:21:48,43.5,12800,43.5,E
sz300850,新强联,2025-10-15 10:22:03,43.58,7600,43.56,U
sz300850,新强联,2025-10-15 10:22:06,43.58,20000,43.58,U
sz300850,新强联,2025-10-15 10:22:15,43.62,5000,43.63,D
sz300850,新强联,2025-10-15 10:22:18,43.63,12400,43.62,U
sz300850,新强联,2025-10-15 10:22:48,43.61,10400,43.61,U
sz300850,新强联,2025-10-15 10:23:03,43.57,6900,43.6,D
sz300850,新强联,2025-10-15 10:23:06,43.6,10000,43.57,U
sz300850,新强联,2025-10-15 10:23:12,43.53,6200,43.6,D
sz300850,新强联,2025-10-15 10:23:15,43.5,33800,43.53,D
sz300850,新强联,2025-10-15 10:23:24,43.56,7000,43.47,U
sz300850,新强联,2025-10-15 10:24:12,43.44,12900,43.41,U
sz300850,新强联,2025-10-15 10:24:15,43.45,5000,43.44,U
sz300850,新强联,2025-10-15 10:25:12,43.45,12900,43.51,D
sz300850,新强联,2025-10-15 10:25:21,43.52,7400,43.47,U
sz300850,新强联,2025-10-15 10:25:27,43.53,15200,43.53,U
sz300850,新强联,2025-10-15 10:25:33,43.5,4800,43.53,D
sz300850,新强联,2025-10-15 10:25:39,43.53,8200,43.5,U
sz300850,新强联,2025-10-15 10:26:09,43.54,11700,43.52,U
sz300850,新强联,2025-10-15 10:26:18,43.62,18100,43.59,U
sz300850,新强联,2025-10-15 10:26:24,43.68,11200,43.63,U
sz300850,新强联,2025-10-15 10:26:30,43.71,7900,43.69,U
sz300850,新强联,2025-10-15 10:26:33,43.72,7400,43.71,U
sz300850,新强联,2025-10-15 10:26:42,43.72,5900,43.72,U
sz300850,新强联,2025-10-15 10:26:45,43.72,8900,43.72,D
sz300850,新强联,2025-10-15 10:26:54,43.65,6700,43.71,D
sz300850,新强联,2025-10-15 10:26:57,43.63,5200,43.65,D
sz300850,新强联,2025-10-15 10:27:00,43.7,5300,43.63,U
sz300850,新强联,2025-10-15 10:27:03,43.61,7700,43.7,D
sz300850,新强联,2025-10-15 10:27:15,43.6,9600,43.64,D
sz300850,新强联,2025-10-15 10:27:45,43.65,5700,43.65,U
sz300850,新强联,2025-10-15 10:27:54,43.65,4700,43.65,D
sz300850,新强联,2025-10-15 10:28:15,43.63,8000,43.65,D
sz300850,新强联,2025-10-15 10:28:27,43.6,11900,43.62,D
sz300850,新强联,2025-10-15 10:28:39,43.59,5500,43.52,E
sz300850,新强联,2025-10-15 10:28:54,43.67,7300,43.64,U
sz300850,新强联,2025-10-15 10:28:57,43.67,8300,43.67,U
sz300850,新强联,2025-10-15 10:29:24,43.7,5000,43.71,D
sz300850,新强联,2025-10-15 10:29:33,43.67,17800,43.72,D
sz300850,新强联,2025-10-15 10:29:36,43.66,9300,43.67,D
sz300850,新强联,2025-10-15 10:30:06,43.56,8800,43.6,E
sz300850,新强联,2025-10-15 10:30:15,43.55,7700,43.56,D
sz300850,新强联,2025-10-15 10:30:21,43.5,5200,43.52,D
sz300850,新强联,2025-10-15 10:30:24,43.45,7800,43.5,D
sz300850,新强联,2025-10-15 10:30:54,43.49,7400,43.49,D
sz300850,新强联,2025-10-15 10:31:03,43.48,18400,43.48,U
sz300850,新强联,2025-10-15 10:31:15,43.49,4900,43.52,D
sz300850,新强联,2025-10-15 10:31:45,43.49,18300,43.4,U
sz300850,新强联,2025-10-15 10:32:09,43.52,13400,43.48,U
sz300850,新强联,2025-10-15 10:32:15,43.51,7200,43.52,D
sz300850,新强联,2025-10-15 10:32:39,43.54,10000,43.51,U
sz300850,新强联,2025-10-15 10:32:54,43.55,8800,43.54,U
sz300850,新强联,2025-10-15 10:33:42,43.42,7400,43.42,D
sz300850,新强联,2025-10-15 10:33:54,43.44,16000,43.43,D
sz300850,新强联,2025-10-15 10:34:21,43.39,5400,43.4,D
sz300850,新强联,2025-10-15 10:34:27,43.36,15300,43.39,D
sz300850,新强联,2025-10-15 10:34:33,43.36,7800,43.36,U
sz300850,新强联,2025-10-15 10:34:42,43.36,9300,43.37,D
sz300850,新强联,2025-10-15 10:34:51,43.35,6600,43.36,D
sz300850,新强联,2025-10-15 10:34:57,43.35,8400,43.35,D
sz300850,新强联,2025-10-15 10:35:00,43.36,10700,43.35,E
sz300850,新强联,2025-10-15 10:35:03,43.35,6300,43.36,D
sz300850,新强联,2025-10-15 10:35:06,43.36,27400,43.35,U
sz300850,新强联,2025-10-15 10:35:09,43.35,9900,43.36,D
sz300850,新强联,2025-10-15 10:35:12,43.28,22600,43.35,D
sz300850,新强联,2025-10-15 10:35:36,43.27,8400,43.27,D
sz300850,新强联,2025-10-15 10:35:39,43.26,5100,43.27,D
sz300850,新强联,2025-10-15 10:36:30,43.2,6900,43.2,D
sz300850,新强联,2025-10-15 10:36:33,43.2,9500,43.2,U
sz300850,新强联,2025-10-15 10:36:42,43.21,22600,43.19,U
sz300850,新强联,2025-10-15 10:37:06,43.2,8800,43.24,D
sz300850,新强联,2025-10-15 10:37:09,43.19,6400,43.2,D
sz300850,新强联,2025-10-15 10:37:18,43.19,15100,43.19,U
sz300850,新强联,2025-10-15 10:37:57,43.15,5900,43.18,D
sz300850,新强联,2025-10-15 10:38:00,43.19,10000,43.15,U
sz300850,新强联,2025-10-15 10:38:18,43.18,15000,43.17,U
sz300850,新强联,2025-10-15 10:39:21,43.13,7900,43.14,D
sz300850,新强联,2025-10-15 10:39:39,43.1,8000,43.11,D
sz300850,新强联,2025-10-15 10:40:00,43.05,19500,43.06,D
sz300850,新强联,2025-10-15 10:40:12,43.06,5300,43.09,D
sz300850,新强联,2025-10-15 10:40:24,43.08,7900,43.05,E
sz300850,新强联,2025-10-15 10:40:27,43.09,17400,43.08,U
sz300850,新强联,2025-10-15 10:40:30,43.06,7500,43.09,D
sz300850,新强联,2025-10-15 10:40:48,43.13,10000,43.08,U
sz300850,新强联,2025-10-15 10:41:21,43.12,16100,43.1,U
sz300850,新强联,2025-10-15 10:42:06,43.09,6600,43.11,D
sz300850,新强联,2025-10-15 10:43:00,43.07,5000,43.07,D
sz300850,新强联,2025-10-15 10:43:39,43.02,5700,43.02,U
sz300850,新强联,2025-10-15 10:43:54,43.01,6000,43.02,D
sz300850,新强联,2025-10-15 10:44:00,43.04,10500,43.0,U
sz300850,新强联,2025-10-15 10:44:03,43.0,29500,43.04,D
sz300850,新强联,2025-10-15 10:44:42,43.01,9300,43.01,D
sz300850,新强联,2025-10-15 10:44:45,43.0,8800,43.01,D
sz300850,新强联,2025-10-15 10:45:36,43.07,10500,43.11,D
sz300850,新强联,2025-10-15 10:46:48,43.11,4900,43.11,D
sz300850,新强联,2025-10-15 10:47:45,43.11,8800,43.13,D
sz300850,新强联,2025-10-15 10:48:00,43.13,6400,43.11,U
sz300850,新强联,2025-10-15 10:48:42,43.19,6400,43.22,E
sz300850,新强联,2025-10-15 10:49:33,43.12,7800,43.14,D
sz300850,新强联,2025-10-15 10:49:54,43.06,11400,43.12,D
sz300850,新强联,2025-10-15 10:50:00,43.02,7200,43.07,D
sz300850,新强联,2025-10-15 10:50:03,43.14,16600,43.02,U
sz300850,新强联,2025-10-15 10:51:51,43.14,8500,43.19,D
sz300850,新强联,2025-10-15 10:53:12,43.06,5800,43.05,D
sz300850,新强联,2025-10-15 10:54:24,43.12,6300,43.12,U
sz300850,新强联,2025-10-15 10:54:54,43.07,6200,43.09,D
sz300850,新强联,2025-10-15 10:55:42,42.99,26800,43.02,D
sz300850,新强联,2025-10-15 10:56:09,42.92,4700,42.97,D
sz300850,新强联,2025-10-15 10:56:27,42.95,11800,42.93,D
sz300850,新强联,2025-10-15 10:56:33,43.0,9400,42.99,U
sz300850,新强联,2025-10-15 10:56:42,42.97,6400,42.97,D
sz300850,新强联,2025-10-15 10:57:03,42.97,9800,42.96,U
sz300850,新强联,2025-10-15 10:57:09,42.97,12700,42.98,D
sz300850,新强联,2025-10-15 10:57:54,42.91,4700,42.91,D
sz300850,新强联,2025-10-15 10:58:03,42.88,12500,42.9,D
sz300850,新强联,2025-10-15 10:58:06,42.91,26400,42.88,U
sz300850,新强联,2025-10-15 10:58:09,42.88,4900,42.91,D
sz300850,新强联,2025-10-15 10:58:42,42.91,6400,42.91,E
sz300850,新强联,2025-10-15 10:59:00,42.9,6700,42.94,D
sz300850,新强联,2025-10-15 10:59:51,42.87,8300,42.87,U
sz300850,新强联,2025-10-15 10:59:57,42.83,20200,42.85,D
sz300850,新强联,2025-10-15 11:00:03,42.95,29500,42.9,U
sz300850,新强联,2025-10-15 11:00:18,43.0,37100,43.0,U
sz300850,新强联,2025-10-15 11:00:48,43.02,12500,42.97,U
sz300850,新强联,2025-10-15 11:01:21,43.0,8700,43.02,D
sz300850,新强联,2025-10-15 11:01:27,42.99,5300,43.01,D
sz300850,新强联,2025-10-15 11:01:42,43.0,6500,42.97,U
sz300850,新强联,2025-10-15 11:01:48,43.01,5000,43.0,U
sz300850,新强联,2025-10-15 11:02:03,43.0,4700,43.01,D
sz300850,新强联,2025-10-15 11:03:48,42.96,4900,42.95,U
sz300850,新强联,2025-10-15 11:05:54,43.02,9900,43.04,D
sz300850,新强联,2025-10-15 11:08:27,43.01,6200,43.0,U
sz300850,新强联,2025-10-15 11:08:30,43.03,4900,43.01,U
sz300850,新强联,2025-10-15 11:08:45,43.06,7200,43.02,U
sz300850,新强联,2025-10-15 11:09:36,43.03,6100,43.03,U
sz300850,新强联,2025-10-15 11:10:27,43.01,21300,43.03,D
sz300850,新强联,2025-10-15 11:11:00,43.01,14600,43.02,D
sz300850,新强联,2025-10-15 11:11:06,43.01,6900,43.01,D
sz300850,新强联,2025-10-15 11:11:36,43.01,10000,42.99,U
sz300850,新强联,2025-10-15 11:13:00,42.98,6200,43.01,D
sz300850,新强联,2025-10-15 11:13:15,42.95,5100,42.96,D
sz300850,新强联,2025-10-15 11:13:54,42.91,22700,42.88,U
sz300850,新强联,2025-10-15 11:14:03,42.95,20300,42.88,U
sz300850,新强联,2025-10-15 11:14:12,42.93,21900,42.96,E
sz300850,新强联,2025-10-15 11:14:24,42.94,50600,42.94,E
sz300850,新强联,2025-10-15 11:14:30,42.96,4800,42.95,U
sz300850,新强联,2025-10-15 11:16:09,42.92,5100,42.9,U
sz300850,新强联,2025-10-15 11:16:36,42.95,21100,42.97,D
sz300850,新强联,2025-10-15 11:16:45,42.94,5500,42.94,D
sz300850,新强联,2025-10-15 11:16:48,42.93,5200,42.94,D
sz300850,新强联,2025-10-15 11:19:15,43.05,11900,43.04,U
sz300850,新强联,2025-10-15 11:19:21,43.08,13700,43.04,U
sz300850,新强联,2025-10-15 11:21:33,43.01,4900,43.01,U
sz300850,新强联,2025-10-15 11:22:03,43.03,9000,43.03,U
sz300850,新强联,2025-10-15 11:22:09,43.04,19700,43.03,U
sz300850,新强联,2025-10-15 11:22:45,43.01,4900,43.02,D
sz300850,新强联,2025-10-15 11:23:12,43.0,6300,43.0,U
sz300850,新强联,2025-10-15 11:25:36,43.11,10200,43.09,U
sz300850,新强联,2025-10-15 11:26:00,43.14,6800,43.13,U
sz300850,新强联,2025-10-15 11:26:51,43.19,5900,43.18,U
sz300850,新强联,2025-10-15 11:27:03,43.22,5194,43.2,U
sz300850,新强联,2025-10-15 11:27:51,43.3,6500,43.28,U
sz300850,新强联,2025-10-15 11:27:57,43.27,11200,43.31,D
sz300850,新强联,2025-10-15 11:28:24,43.36,9100,43.35,U
sz300850,新强联,2025-10-15 11:28:45,43.43,29200,43.43,U
sz300850,新强联,2025-10-15 11:29:00,43.52,20100,43.48,U
sz300850,新强联,2025-10-15 11:29:06,43.45,22600,43.51,D
sz300850,新强联,2025-10-15 11:29:09,43.5,14400,43.45,U
sz300850,新强联,2025-10-15 11:29:18,43.49,10400,43.49,U
sz300850,新强联,2025-10-15 11:29:21,43.5,17100,43.49,U
sz300850,新强联,2025-10-15 11:29:39,43.49,5000,43.47,U
sz300850,新强联,2025-10-15 13:00:00,43.48,12600,43.48,U
sz300850,新强联,2025-10-15 13:00:06,43.35,13609,43.37,D
sz300850,新强联,2025-10-15 13:00:09,43.28,11000,43.35,D
sz300850,新强联,2025-10-15 13:00:12,43.35,32500,43.28,U
sz300850,新强联,2025-10-15 13:00:15,43.35,10200,43.35,U
sz300850,新强联,2025-10-15 13:00:27,43.42,5000,43.42,U
sz300850,新强联,2025-10-15 13:00:48,43.47,22300,43.45,U
sz300850,新强联,2025-10-15 13:01:57,43.39,6100,43.38,U
sz300850,新强联,2025-10-15 13:02:00,43.41,9800,43.39,U
sz300850,新强联,2025-10-15 13:02:24,43.54,6200,43.5,U
sz300850,新强联,2025-10-15 13:02:30,43.55,8800,43.55,U
sz300850,新强联,2025-10-15 13:03:00,43.58,5600,43.57,U
sz300850,新强联,2025-10-15 13:03:03,43.57,9300,43.58,D
sz300850,新强联,2025-10-15 13:03:12,43.56,5200,43.56,U
sz300850,新强联,2025-10-15 13:03:39,43.54,8500,43.5,E
sz300850,新强联,2025-10-15 13:03:48,43.58,24000,43.53,U
sz300850,新强联,2025-10-15 13:03:51,43.62,23700,43.58,U
sz300850,新强联,2025-10-15 13:04:00,43.7,20000,43.68,U
sz300850,新强联,2025-10-15 13:04:27,43.67,5100,43.67,D
sz300850,新强联,2025-10-15 13:04:48,43.61,7500,43.66,D
sz300850,新强联,2025-10-15 13:05:00,43.58,7300,43.62,D
sz300850,新强联,2025-10-15 13:05:18,43.61,5500,43.59,E
sz300850,新强联,2025-10-15 13:05:36,43.61,15900,43.64,D
sz300850,新强联,2025-10-15 13:06:24,43.56,11900,43.59,D
sz300850,新强联,2025-10-15 13:06:27,43.61,7300,43.56,U
sz300850,新强联,2025-10-15 13:07:45,43.4,6100,43.38,U
sz300850,新强联,2025-10-15 13:08:12,43.49,5100,43.49,D
sz300850,新强联,2025-10-15 13:08:39,43.47,5200,43.42,U
sz300850,新强联,2025-10-15 13:09:21,43.42,6500,43.43,D
sz300850,新强联,2025-10-15 13:09:57,43.38,5200,43.38,U
sz300850,新强联,2025-10-15 13:10:00,43.4,6800,43.38,U
sz300850,新强联,2025-10-15 13:11:09,43.36,8300,43.37,D
sz300850,新强联,2025-10-15 13:12:00,43.37,4700,43.37,D
sz300850,新强联,2025-10-15 13:12:51,43.33,5300,43.35,D
sz300850,新强联,2025-10-15 13:12:57,43.3,9000,43.36,D
sz300850,新强联,2025-10-15 13:13:15,43.3,7100,43.36,D
sz300850,新强联,2025-10-15 13:15:18,43.5,5000,43.49,U
sz300850,新强联,2025-10-15 13:16:30,43.54,6700,43.54,U
sz300850,新强联,2025-10-15 13:16:51,43.45,12000,43.46,E
sz300850,新强联,2025-10-15 13:16:54,43.46,11300,43.45,U
sz300850,新强联,2025-10-15 13:17:09,43.53,6800,43.54,D
sz300850,新强联,2025-10-15 13:17:51,43.51,10800,43.54,D
sz300850,新强联,2025-10-15 13:18:33,43.51,12800,43.52,D
sz300850,新强联,2025-10-15 13:19:30,43.52,6300,43.5,U
sz300850,新强联,2025-10-15 13:19:39,43.52,6300,43.52,D
sz300850,新强联,2025-10-15 13:19:42,43.52,10000,43.52,D
sz300850,新强联,2025-10-15 13:20:57,43.47,5800,43.47,D
sz300850,新强联,2025-10-15 13:21:15,43.48,5400,43.45,U
sz300850,新强联,2025-10-15 13:21:18,43.49,6700,43.48,U
sz300850,新强联,2025-10-15 13:22:06,43.49,6800,43.49,D
sz300850,新强联,2025-10-15 13:23:24,43.46,5400,43.47,D
sz300850,新强联,2025-10-15 13:23:30,43.43,4800,43.47,D
sz300850,新强联,2025-10-15 13:23:33,43.46,21100,43.43,U
sz300850,新强联,2025-10-15 13:26:00,43.49,14600,43.52,D
sz300850,新强联,2025-10-15 13:26:03,43.48,27600,43.49,D
sz300850,新强联,2025-10-15 13:26:09,43.5,6300,43.49,U
sz300850,新强联,2025-10-15 13:26:27,43.54,15200,43.52,U
sz300850,新强联,2025-10-15 13:26:45,43.55,8300,43.54,U
sz300850,新强联,2025-10-15 13:26:51,43.56,7800,43.58,E
sz300850,新强联,2025-10-15 13:27:03,43.59,22500,43.6,D
sz300850,新强联,2025-10-15 13:27:36,43.63,23400,43.59,U
sz300850,新强联,2025-10-15 13:27:54,43.61,8400,43.61,D
sz300850,新强联,2025-10-15 13:28:48,43.62,8500,43.65,D
sz300850,新强联,2025-10-15 13:28:51,43.62,10900,43.62,E
sz300850,新强联,2025-10-15 13:29:06,43.58,7300,43.58,D
sz300850,新强联,2025-10-15 13:29:27,43.64,7700,43.61,U
sz300850,新强联,2025-10-15 13:29:48,43.63,15700,43.62,U
sz300850,新强联,2025-10-15 13:29:51,43.63,5600,43.63,U
sz300850,新强联,2025-10-15 13:30:42,43.64,31000,43.62,U
sz300850,新强联,2025-10-15 13:30:45,43.66,8200,43.64,U
sz300850,新强联,2025-10-15 13:30:48,43.67,6600,43.66,U
sz300850,新强联,2025-10-15 13:30:51,43.67,10500,43.67,U
sz300850,新强联,2025-10-15 13:30:57,43.69,23600,43.68,U
sz300850,新强联,2025-10-15 13:31:00,43.71,16300,43.69,U
sz300850,新强联,2025-10-15 13:31:03,43.73,12200,43.71,U
sz300850,新强联,2025-10-15 13:31:57,43.72,4900,43.71,U
sz300850,新强联,2025-10-15 13:32:00,43.74,28000,43.72,U
sz300850,新强联,2025-10-15 13:32:09,43.76,6800,43.77,D
sz300850,新强联,2025-10-15 13:32:12,43.79,20800,43.76,U
sz300850,新强联,2025-10-15 13:32:18,43.78,4600,43.78,U
sz300850,新强联,2025-10-15 13:32:24,43.73,9900,43.78,D
sz300850,新强联,2025-10-15 13:32:27,43.71,6100,43.73,D
sz300850,新强联,2025-10-15 13:32:30,43.69,7100,43.71,D
sz300850,新强联,2025-10-15 13:32:39,43.68,6900,43.69,D
sz300850,新强联,2025-10-15 13:32:45,43.61,8700,43.69,D
sz300850,新强联,2025-10-15 13:33:45,43.62,8100,43.61,E
sz300850,新强联,2025-10-15 13:33:57,43.6,15400,43.6,D
sz300850,新强联,2025-10-15 13:34:48,43.63,7200,43.62,U
sz300850,新强联,2025-10-15 13:35:42,43.68,7600,43.69,D
sz300850,新强联,2025-10-15 13:37:00,43.68,32600,43.67,U
sz300850,新强联,2025-10-15 13:37:06,43.7,10400,43.7,U
sz300850,新强联,2025-10-15 13:37:51,43.73,4600,43.76,D
sz300850,新强联,2025-10-15 13:38:09,43.71,6100,43.72,D
sz300850,新强联,2025-10-15 13:38:15,43.71,9800,43.72,D
sz300850,新强联,2025-10-15 13:38:21,43.75,27600,43.73,U
sz300850,新强联,2025-10-15 13:38:24,43.75,12500,43.75,U
sz300850,新强联,2025-10-15 13:38:27,43.8,17600,43.75,U
sz300850,新强联,2025-10-15 13:38:39,43.8,6000,43.77,U
sz300850,新强联,2025-10-15 13:38:42,43.8,4700,43.8,U
sz300850,新强联,2025-10-15 13:38:45,43.78,10400,43.8,D
sz300850,新强联,2025-10-15 13:39:00,43.74,4700,43.78,D
sz300850,新强联,2025-10-15 13:39:09,43.73,4700,43.75,D
sz300850,新强联,2025-10-15 13:39:21,43.72,5000,43.73,D
sz300850,新强联,2025-10-15 13:39:27,43.7,12100,43.76,D
sz300850,新强联,2025-10-15 13:39:48,43.69,12400,43.69,U
sz300850,新强联,2025-10-15 13:41:36,43.7,6500,43.68,U
sz300850,新强联,2025-10-15 13:41:39,43.76,7200,43.7,U
sz300850,新强联,2025-10-15 13:41:45,43.68,6000,43.7,D
sz300850,新强联,2025-10-15 13:42:21,43.69,5000,43.7,D
sz300850,新强联,2025-10-15 13:43:03,43.7,12000,43.71,D
sz300850,新强联,2025-10-15 13:43:24,43.63,9600,43.63,D
sz300850,新强联,2025-10-15 13:43:30,43.6,7600,43.6,D
sz300850,新强联,2025-10-15 13:43:39,43.56,7200,43.56,D
sz300850,新强联,2025-10-15 13:43:57,43.54,4600,43.56,D
sz300850,新强联,2025-10-15 13:44:15,43.62,9000,43.57,U
sz300850,新强联,2025-10-15 13:45:00,43.61,6500,43.58,U
sz300850,新强联,2025-10-15 13:46:30,43.53,7200,43.53,U
sz300850,新强联,2025-10-15 13:47:00,43.56,18500,43.5,U
sz300850,新强联,2025-10-15 13:47:03,43.57,6200,43.56,E
sz300850,新强联,2025-10-15 13:47:18,43.51,23500,43.55,D
sz300850,新强联,2025-10-15 13:47:21,43.56,7800,43.51,E
sz300850,新强联,2025-10-15 13:48:51,43.46,11900,43.47,D
sz300850,新强联,2025-10-15 13:50:27,43.52,5900,43.52,U
sz300850,新强联,2025-10-15 13:51:27,43.44,9800,43.45,D
sz300850,新强联,2025-10-15 13:51:39,43.44,9700,43.45,E
sz300850,新强联,2025-10-15 13:51:54,43.43,5900,43.45,D
sz300850,新强联,2025-10-15 13:52:00,43.49,19300,43.45,U
sz300850,新强联,2025-10-15 13:53:06,43.5,6100,43.5,U
sz300850,新强联,2025-10-15 13:54:15,43.55,23700,43.55,U
sz300850,新强联,2025-10-15 13:55:00,43.51,5100,43.53,D
sz300850,新强联,2025-10-15 13:55:03,43.47,10200,43.51,D
sz300850,新强联,2025-10-15 13:55:18,43.48,6900,43.49,U
sz300850,新强联,2025-10-15 13:55:45,43.52,4700,43.54,D
sz300850,新强联,2025-10-15 13:57:21,43.56,34200,43.56,U
sz300850,新强联,2025-10-15 13:57:24,43.56,11600,43.56,U
sz300850,新强联,2025-10-15 13:57:36,43.58,50100,43.56,U
sz300850,新强联,2025-10-15 13:57:39,43.61,9868,43.58,U
sz300850,新强联,2025-10-15 13:58:36,43.71,5100,43.7,U
sz300850,新强联,2025-10-15 13:58:48,43.71,5600,43.71,D
sz300850,新强联,2025-10-15 13:59:03,43.7,10400,43.7,U
sz300850,新强联,2025-10-15 13:59:42,43.62,5400,43.63,D
sz300850,新强联,2025-10-15 14:00:12,43.61,4700,43.61,D
sz300850,新强联,2025-10-15 14:01:42,43.61,7000,43.61,U
sz300850,新强联,2025-10-15 14:01:48,43.65,33700,43.64,U
sz300850,新强联,2025-10-15 14:01:51,43.69,5200,43.65,U
sz300850,新强联,2025-10-15 14:01:54,43.7,14900,43.69,U
sz300850,新强联,2025-10-15 14:03:06,43.69,10300,43.7,D
sz300850,新强联,2025-10-15 14:03:54,43.67,7000,43.67,U
sz300850,新强联,2025-10-15 14:04:00,43.67,6800,43.67,D
sz300850,新强联,2025-10-15 14:04:03,43.67,11500,43.67,D
sz300850,新强联,2025-10-15 14:04:06,43.67,4700,43.67,U
sz300850,新强联,2025-10-15 14:04:18,43.69,9900,43.69,U
sz300850,新强联,2025-10-15 14:04:21,43.7,5300,43.69,U
sz300850,新强联,2025-10-15 14:05:12,43.71,6200,43.72,D
sz300850,新强联,2025-10-15 14:05:30,43.72,6100,43.7,U
sz300850,新强联,2025-10-15 14:05:45,43.66,15500,43.72,D
sz300850,新强联,2025-10-15 14:06:45,43.66,4700,43.63,U
sz300850,新强联,2025-10-15 14:07:57,43.68,5100,43.69,D
sz300850,新强联,2025-10-15 14:08:03,43.74,8000,43.7,U
sz300850,新强联,2025-10-15 14:08:15,43.66,21100,43.67,D
sz300850,新强联,2025-10-15 14:08:45,43.7,18100,43.68,U
sz300850,新强联,2025-10-15 14:08:48,43.7,4600,43.7,D
sz300850,新强联,2025-10-15 14:11:24,43.74,7500,43.74,U
sz300850,新强联,2025-10-15 14:11:39,43.71,23700,43.74,D
sz300850,新强联,2025-10-15 14:12:51,43.67,5500,43.66,U
sz300850,新强联,2025-10-15 14:13:03,43.66,6500,43.66,U
sz300850,新强联,2025-10-15 14:13:21,43.6,5600,43.63,D
sz300850,新强联,2025-10-15 14:13:30,43.62,5300,43.6,U
sz300850,新强联,2025-10-15 14:14:54,43.66,5300,43.66,U
sz300850,新强联,2025-10-15 14:15:24,43.62,22500,43.62,U
sz300850,新强联,2025-10-15 14:17:06,43.6,16600,43.63,D
sz300850,新强联,2025-10-15 14:18:39,43.62,9400,43.63,D
sz300850,新强联,2025-10-15 14:19:33,43.59,14200,43.62,D
sz300850,新强联,2025-10-15 14:19:39,43.63,5200,43.6,U
sz300850,新强联,2025-10-15 14:20:06,43.56,7800,43.58,U
sz300850,新强联,2025-10-15 14:21:06,43.62,6000,43.62,U
sz300850,新强联,2025-10-15 14:22:48,43.67,4900,43.67,D
sz300850,新强联,2025-10-15 14:23:21,43.68,4900,43.67,U
sz300850,新强联,2025-10-15 14:24:00,43.7,5000,43.7,U
sz300850,新强联,2025-10-15 14:24:06,43.71,5500,43.7,U
sz300850,新强联,2025-10-15 14:25:03,43.75,5000,43.7,U
sz300850,新强联,2025-10-15 14:28:12,43.77,26400,43.75,U
sz300850,新强联,2025-10-15 14:28:15,43.77,7200,43.77,U
sz300850,新强联,2025-10-15 14:28:18,43.78,13100,43.77,U
sz300850,新强联,2025-10-15 14:28:36,43.8,5600,43.79,U
sz300850,新强联,2025-10-15 14:28:51,43.8,17000,43.79,E
sz300850,新强联,2025-10-15 14:28:54,43.79,4900,43.8,U
sz300850,新强联,2025-10-15 14:29:00,43.72,5600,43.76,D
sz300850,新强联,2025-10-15 14:29:03,43.72,4700,43.72,D
sz300850,新强联,2025-10-15 14:29:15,43.71,5300,43.72,D
sz300850,新强联,2025-10-15 14:30:27,43.76,6600,43.75,U
sz300850,新强联,2025-10-15 14:31:06,43.8,17200,43.77,U
sz300850,新强联,2025-10-15 14:31:12,43.81,4700,43.79,U
sz300850,新强联,2025-10-15 14:31:18,43.82,5700,43.82,U
sz300850,新强联,2025-10-15 14:31:24,43.83,8700,43.81,U
sz300850,新强联,2025-10-15 14:31:36,43.81,6000,43.81,D
sz300850,新强联,2025-10-15 14:31:48,43.78,7000,43.79,D
sz300850,新强联,2025-10-15 14:32:24,43.76,5900,43.77,D
sz300850,新强联,2025-10-15 14:32:39,43.76,7100,43.76,U
sz300850,新强联,2025-10-15 14:33:00,43.76,8200,43.76,D
sz300850,新强联,2025-10-15 14:33:03,43.76,15600,43.76,D
sz300850,新强联,2025-10-15 14:33:15,43.74,6200,43.75,D
sz300850,新强联,2025-10-15 14:33:42,43.7,13900,43.7,D
sz300850,新强联,2025-10-15 14:33:45,43.69,6400,43.7,E
sz300850,新强联,2025-10-15 14:33:57,43.67,14800,43.68,D
sz300850,新强联,2025-10-15 14:34:00,43.69,4900,43.67,U
sz300850,新强联,2025-10-15 14:34:03,43.67,14000,43.69,D
sz300850,新强联,2025-10-15 14:34:06,43.72,6000,43.67,U
sz300850,新强联,2025-10-15 14:34:24,43.72,14500,43.72,D
sz300850,新强联,2025-10-15 14:34:33,43.72,4800,43.72,D
sz300850,新强联,2025-10-15 14:34:39,43.72,6700,43.72,D
sz300850,新强联,2025-10-15 14:36:24,43.76,6800,43.75,U
sz300850,新强联,2025-10-15 14:36:36,43.78,7300,43.77,U
sz300850,新强联,2025-10-15 14:37:00,43.77,7700,43.79,D
sz300850,新强联,2025-10-15 14:37:15,43.76,7500,43.74,U
sz300850,新强联,2025-10-15 14:37:54,43.77,5300,43.77,D
sz300850,新强联,2025-10-15 14:38:03,43.77,18600,43.77,D
sz300850,新强联,2025-10-15 14:38:06,43.77,4800,43.77,U
sz300850,新强联,2025-10-15 14:38:39,43.79,6200,43.79,U
sz300850,新强联,2025-10-15 14:39:03,43.82,5100,43.81,U
sz300850,新强联,2025-10-15 14:39:09,43.84,6900,43.83,U
sz300850,新强联,2025-10-15 14:39:30,43.88,10700,43.86,U
sz300850,新强联,2025-10-15 14:39:48,43.88,18200,43.89,D
sz300850,新强联,2025-10-15 14:39:57,43.87,15900,43.89,D
sz300850,新强联,2025-10-15 14:40:36,43.86,6300,43.86,D
sz300850,新强联,2025-10-15 14:40:45,43.84,7100,43.85,D
sz300850,新强联,2025-10-15 14:42:18,43.87,7200,43.88,D
sz300850,新强联,2025-10-15 14:42:30,43.89,6600,43.88,U
sz300850,新强联,2025-10-15 14:42:45,43.89,5100,43.9,D
sz300850,新强联,2025-10-15 14:43:00,43.93,9500,43.92,U
sz300850,新强联,2025-10-15 14:43:06,43.92,6000,43.93,D
sz300850,新强联,2025-10-15 14:43:09,43.93,10000,43.92,U
sz300850,新强联,2025-10-15 14:43:15,43.88,14300,43.91,D
sz300850,新强联,2025-10-15 14:43:27,43.88,9600,43.91,D
sz300850,新强联,2025-10-15 14:43:36,43.89,6000,43.9,D
sz300850,新强联,2025-10-15 14:43:51,43.89,6600,43.91,D
sz300850,新强联,2025-10-15 14:44:09,43.91,9000,43.9,U
sz300850,新强联,2025-10-15 14:44:15,43.88,14300,43.89,D
sz300850,新强联,2025-10-15 14:44:39,43.9,12800,43.9,U
sz300850,新强联,2025-10-15 14:44:45,43.89,11400,43.9,D
sz300850,新强联,2025-10-15 14:45:03,43.88,12200,43.92,D
sz300850,新强联,2025-10-15 14:45:06,43.86,14600,43.88,D
sz300850,新强联,2025-10-15 14:45:24,43.85,6700,43.87,D
sz300850,新强联,2025-10-15 14:45:39,43.87,10500,43.85,U
sz300850,新强联,2025-10-15 14:45:45,43.86,5100,43.85,D
sz300850,新强联,2025-10-15 14:46:15,43.86,9300,43.86,U
sz300850,新强联,2025-10-15 14:46:30,43.86,8800,43.87,D
sz300850,新强联,2025-10-15 14:46:51,43.87,8100,43.87,D
sz300850,新强联,2025-10-15 14:47:06,43.89,5000,43.88,U
sz300850,新强联,2025-10-15 14:47:18,43.9,5700,43.89,E
sz300850,新强联,2025-10-15 14:47:36,43.88,12600,43.9,D
sz300850,新强联,2025-10-15 14:47:42,43.87,7600,43.88,D
sz300850,新强联,2025-10-15 14:48:12,43.9,10200,43.9,U
sz300850,新强联,2025-10-15 14:48:18,43.9,21500,43.89,U
sz300850,新强联,2025-10-15 14:48:27,43.92,5400,43.9,U
sz300850,新强联,2025-10-15 14:48:45,43.93,6200,43.92,U
sz300850,新强联,2025-10-15 14:49:21,43.9,7400,43.92,D
sz300850,新强联,2025-10-15 14:49:36,43.91,5900,43.91,U
sz300850,新强联,2025-10-15 14:49:45,43.89,5900,43.9,D
sz300850,新强联,2025-10-15 14:49:51,43.9,7600,43.89,U
sz300850,新强联,2025-10-15 14:49:54,43.89,15300,43.9,D
sz300850,新强联,2025-10-15 14:49:57,43.88,10100,43.89,D
sz300850,新强联,2025-10-15 14:50:00,43.87,26900,43.88,D
sz300850,新强联,2025-10-15 14:50:03,43.89,17000,43.87,U
sz300850,新强联,2025-10-15 14:50:06,43.86,5700,43.89,E
sz300850,新强联,2025-10-15 14:50:21,43.85,7900,43.85,D
sz300850,新强联,2025-10-15 14:50:30,43.83,5800,43.85,D
sz300850,新强联,2025-10-15 14:50:36,43.87,5300,43.88,E
sz300850,新强联,2025-10-15 14:50:39,43.87,12400,43.87,E
sz300850,新强联,2025-10-15 14:50:57,43.85,4900,43.84,E
sz300850,新强联,2025-10-15 14:51:00,43.84,9900,43.85,D
sz300850,新强联,2025-10-15 14:51:15,43.81,22400,43.84,D
sz300850,新强联,2025-10-15 14:51:18,43.82,15200,43.81,U
sz300850,新强联,2025-10-15 14:51:24,43.8,14600,43.82,D
sz300850,新强联,2025-10-15 14:51:27,43.8,15800,43.8,D
sz300850,新强联,2025-10-15 14:51:30,43.81,7600,43.8,E
sz300850,新强联,2025-10-15 14:51:33,43.79,24400,43.81,D
sz300850,新强联,2025-10-15 14:51:36,43.79,8100,43.79,U
sz300850,新强联,2025-10-15 14:51:45,43.73,15700,43.78,D
sz300850,新强联,2025-10-15 14:51:48,43.73,5900,43.73,U
sz300850,新强联,2025-10-15 14:52:12,43.79,7100,43.76,U
sz300850,新强联,2025-10-15 14:52:18,43.77,5200,43.78,D
sz300850,新强联,2025-10-15 14:53:03,43.8,5000,43.8,U
sz300850,新强联,2025-10-15 14:53:06,43.78,9100,43.8,D
sz300850,新强联,2025-10-15 14:53:18,43.79,4700,43.8,D
sz300850,新强联,2025-10-15 14:53:21,43.79,23400,43.79,D
sz300850,新强联,2025-10-15 14:53:30,43.79,5200,43.8,D
sz300850,新强联,2025-10-15 14:53:36,43.79,5200,43.8,D
sz300850,新强联,2025-10-15 14:54:03,43.81,6400,43.82,D
sz300850,新强联,2025-10-15 14:54:09,43.78,60800,43.8,D
sz300850,新强联,2025-10-15 14:54:12,43.76,5800,43.78,D
sz300850,新强联,2025-10-15 14:54:18,43.75,5800,43.76,D
sz300850,新强联,2025-10-15 14:54:21,43.75,8000,43.75,D
sz300850,新强联,2025-10-15 14:54:27,43.74,6900,43.75,E
sz300850,新强联,2025-10-15 14:54:36,43.71,5700,43.71,D
sz300850,新强联,2025-10-15 14:55:00,43.72,13800,43.71,U
sz300850,新强联,2025-10-15 14:55:06,43.73,6700,43.72,U
sz300850,新强联,2025-10-15 14:55:09,43.75,5300,43.73,U
sz300850,新强联,2025-10-15 14:55:12,43.73,5300,43.75,D
sz300850,新强联,2025-10-15 14:55:15,43.73,6800,43.73,D
sz300850,新强联,2025-10-15 14:55:33,43.76,27200,43.76,D
sz300850,新强联,2025-10-15 14:55:36,43.75,4900,43.76,D
sz300850,新强联,2025-10-15 14:55:39,43.76,5700,43.75,U
sz300850,新强联,2025-10-15 14:55:45,43.76,7200,43.76,D
sz300850,新强联,2025-10-15 14:55:48,43.75,4800,43.76,D
sz300850,新强联,2025-10-15 14:55:51,43.74,16200,43.75,D
sz300850,新强联,2025-10-15 14:55:57,43.76,5600,43.76,D
sz300850,新强联,2025-10-15 14:56:00,43.81,36600,43.76,U
sz300850,新强联,2025-10-15 14:56:03,43.83,9400,43.81,U
sz300850,新强联,2025-10-15 14:56:30,43.81,8400,43.82,D
sz300850,新强联,2025-10-15 14:56:33,43.83,8700,43.81,U
sz300850,新强联,2025-10-15 14:56:39,43.81,20800,43.82,D
sz300850,新强联,2025-10-15 14:56:48,43.83,14400,43.84,E
sz300850,新强联,2025-10-15 14:56:51,43.84,5100,43.83,U
sz300850,新强联,2025-10-15 14:56:54,43.85,13200,43.84,U
sz300850,新强联,2025-10-15 15:00:00,43.82,220300,43.85,D
