symbol,name,ticktime,price,volume,prev_price,kind
sz300850,新强联,2025-09-29 09:25:00,42.1,624267,0.0,U
sz300850,新强联,2025-09-29 09:30:00,42.47,375776,42.1,U
sz300850,新强联,2025-09-29 09:30:03,42.7,126425,42.47,U
sz300850,新强联,2025-09-29 09:30:06,42.68,122300,42.7,D
sz300850,新强联,2025-09-29 09:30:09,42.53,101700,42.68,D
sz300850,新强联,2025-09-29 09:30:12,42.45,37821,42.53,D
sz300850,新强联,2025-09-29 09:30:15,42.4,57400,42.45,D
sz300850,新强联,2025-09-29 09:30:18,42.19,216162,42.4,D
sz300850,新强联,2025-09-29 09:30:21,42.2,54300,42.19,E
sz300850,新强联,2025-09-29 09:30:24,42.19,103700,42.2,D
sz300850,新强联,2025-09-29 09:30:27,42.2,100970,42.19,U
sz300850,新强联,2025-09-29 09:30:30,42.22,132030,42.2,U
sz300850,新强联,2025-09-29 09:30:33,42.24,71406,42.22,E
sz300850,新强联,2025-09-29 09:30:36,42.37,124788,42.24,U
sz300850,新强联,2025-09-29 09:30:39,42.42,104566,42.37,U
sz300850,新强联,2025-09-29 09:30:42,42.45,41591,42.42,U
sz300850,新强联,2025-09-29 09:30:45,42.41,111809,42.45,D
sz300850,新强联,2025-09-29 09:30:48,42.4,45400,42.41,E
sz300850,新强联,2025-09-29 09:30:51,42.3,35100,42.4,D
sz300850,新强联,2025-09-29 09:30:54,42.08,288227,42.3,D
sz300850,新强联,2025-09-29 09:30:57,42.16,76356,42.08,U
sz300850,新强联,2025-09-29 09:31:00,42.31,93800,42.16,U
sz300850,新强联,2025-09-29 09:31:03,42.25,37209,42.31,D
sz300850,新强联,2025-09-29 09:31:06,42.24,33500,42.25,E
sz300850,新强联,2025-09-29 09:31:09,42.22,27200,42.24,E
sz300850,新强联,2025-09-29 09:31:12,42.13,24000,42.22,D
sz300850,新强联,2025-09-29 09:31:15,42.13,77900,42.13,E
sz300850,新强联,2025-09-29 09:31:18,42.25,100152,42.13,U
sz300850,新强联,2025-09-29 09:31:21,42.32,81582,42.25,E
sz300850,新强联,2025-09-29 09:31:24,42.38,44300,42.32,E
sz300850,新强联,2025-09-29 09:31:27,42.37,58800,42.38,U
sz300850,新强联,2025-09-29 09:31:30,42.38,52600,42.37,U
sz300850,新强联,2025-09-29 09:31:33,42.47,33400,42.38,E
sz300850,新强联,2025-09-29 09:31:36,42.63,58937,42.47,U
sz300850,新强联,2025-09-29 09:31:39,42.68,33700,42.63,E
sz300850,新强联,2025-09-29 09:31:42,42.67,136500,42.68,E
sz300850,新强联,2025-09-29 09:31:45,42.56,31500,42.67,D
sz300850,新强联,2025-09-29 09:31:48,42.53,78800,42.56,D
sz300850,新强联,2025-09-29 09:31:51,42.41,32000,42.53,D
sz300850,新强联,2025-09-29 09:31:54,42.53,85200,42.41,U
sz300850,新强联,2025-09-29 09:31:57,42.36,30600,42.53,D
sz300850,新强联,2025-09-29 09:32:00,42.36,21000,42.36,U
sz300850,新强联,2025-09-29 09:32:03,42.26,47400,42.36,D
sz300850,新强联,2025-09-29 09:32:06,42.12,34700,42.26,D
sz300850,新强联,2025-09-29 09:32:09,42.11,105300,42.12,E
sz300850,新强联,2025-09-29 09:32:12,42.02,34000,42.11,D
sz300850,新强联,2025-09-29 09:32:15,41.91,40400,42.02,D
sz300850,新强联,2025-09-29 09:32:18,41.88,60500,41.91,E
sz300850,新强联,2025-09-29 09:32:21,41.79,36200,41.88,D
sz300850,新强联,2025-09-29 09:32:24,41.81,38533,41.79,U
sz300850,新强联,2025-09-29 09:32:27,41.75,47958,41.81,D
sz300850,新强联,2025-09-29 09:32:30,41.69,23300,41.75,D
sz300850,新强联,2025-09-29 09:32:33,41.8,106433,41.69,U
sz300850,新强联,2025-09-29 09:32:36,41.8,54891,41.8,D
sz300850,新强联,2025-09-29 09:32:39,41.8,19700,41.8,E
sz300850,新强联,2025-09-29 09:32:42,41.81,27678,41.8,U
sz300850,新强联,2025-09-29 09:32:45,41.81,31400,41.81,U
sz300850,新强联,2025-09-29 09:32:48,41.8,28900,41.81,D
sz300850,新强联,2025-09-29 09:32:51,41.79,28700,41.8,E
sz300850,新强联,2025-09-29 09:32:54,41.72,30300,41.79,D
sz300850,新强联,2025-09-29 09:32:57,41.79,66300,41.72,U
sz300850,新强联,2025-09-29 09:33:00,41.82,18900,41.79,E
sz300850,新强联,2025-09-29 09:33:03,41.72,19500,41.82,E
sz300850,新强联,2025-09-29 09:33:06,41.73,77300,41.72,E
sz300850,新强联,2025-09-29 09:33:09,41.72,32100,41.73,D
sz300850,新强联,2025-09-29 09:33:12,41.74,21100,41.72,D
sz300850,新强联,2025-09-29 09:33:15,41.81,34800,41.74,U
sz300850,新强联,2025-09-29 09:33:18,41.74,17700,41.81,D
sz300850,新强联,2025-09-29 09:33:21,41.76,14400,41.74,U
sz300850,新强联,2025-09-29 09:33:24,41.74,7300,41.76,D
sz300850,新强联,2025-09-29 09:33:27,41.74,14700,41.74,D
sz300850,新强联,2025-09-29 09:33:30,41.67,15500,41.74,D
sz300850,新强联,2025-09-29 09:33:33,41.58,54400,41.67,D
sz300850,新强联,2025-09-29 09:33:36,41.6,24800,41.58,U
sz300850,新强联,2025-09-29 09:33:39,41.54,13800,41.6,D
sz300850,新强联,2025-09-29 09:33:42,41.51,14800,41.54,D
sz300850,新强联,2025-09-29 09:33:45,41.54,162500,41.51,U
sz300850,新强联,2025-09-29 09:33:48,41.5,24000,41.54,D
sz300850,新强联,2025-09-29 09:33:51,41.5,16085,41.5,D
sz300850,新强联,2025-09-29 09:33:54,41.5,35400,41.5,U
sz300850,新强联,2025-09-29 09:33:57,41.49,52800,41.5,U
sz300850,新强联,2025-09-29 09:34:00,41.56,45706,41.49,U
sz300850,新强联,2025-09-29 09:34:03,41.53,29794,41.56,D
sz300850,新强联,2025-09-29 09:34:06,41.5,26300,41.53,D
sz300850,新强联,2025-09-29 09:34:09,41.64,23006,41.5,U
sz300850,新强联,2025-09-29 09:34:12,41.74,27100,41.64,U
sz300850,新强联,2025-09-29 09:34:15,41.79,24000,41.74,U
sz300850,新强联,2025-09-29 09:34:18,41.78,19700,41.79,D
sz300850,新强联,2025-09-29 09:34:21,41.87,10342,41.78,U
sz300850,新强联,2025-09-29 09:34:24,41.86,14200,41.87,E
sz300850,新强联,2025-09-29 09:34:27,41.87,14600,41.86,U
sz300850,新强联,2025-09-29 09:34:30,41.86,14500,41.87,E
sz300850,新强联,2025-09-29 09:34:33,41.79,34400,41.86,D
sz300850,新强联,2025-09-29 09:34:36,41.75,10658,41.79,D
sz300850,新强联,2025-09-29 09:34:39,41.78,25000,41.75,U
sz300850,新强联,2025-09-29 09:34:42,41.76,9500,41.78,U
sz300850,新强联,2025-09-29 09:34:48,41.71,18700,41.78,D
sz300850,新强联,2025-09-29 09:34:51,41.71,5466,41.71,U
sz300850,新强联,2025-09-29 09:34:54,41.67,15000,41.71,E
sz300850,新强联,2025-09-29 09:34:57,41.77,53500,41.67,U
sz300850,新强联,2025-09-29 09:35:03,41.71,6900,41.69,E
sz300850,新强联,2025-09-29 09:35:06,41.79,17800,41.71,U
sz300850,新强联,2025-09-29 09:35:09,41.7,12000,41.79,D
sz300850,新强联,2025-09-29 09:35:12,41.78,29600,41.7,U
sz300850,新强联,2025-09-29 09:35:15,41.67,7200,41.78,D
sz300850,新强联,2025-09-29 09:35:18,41.7,22434,41.67,E
sz300850,新强联,2025-09-29 09:35:21,41.67,8200,41.7,D
sz300850,新强联,2025-09-29 09:35:24,41.67,38421,41.67,U
sz300850,新强联,2025-09-29 09:35:27,41.67,128700,41.67,E
sz300850,新强联,2025-09-29 09:35:30,41.66,22900,41.67,D
sz300850,新强联,2025-09-29 09:35:33,41.71,18466,41.66,E
sz300850,新强联,2025-09-29 09:35:36,41.73,23100,41.71,U
sz300850,新强联,2025-09-29 09:35:39,41.68,9234,41.73,D
sz300850,新强联,2025-09-29 09:35:42,41.68,7400,41.68,D
sz300850,新强联,2025-09-29 09:35:45,41.65,7900,41.68,D
sz300850,新强联,2025-09-29 09:35:48,41.61,20300,41.65,D
sz300850,新强联,2025-09-29 09:35:51,41.58,60379,41.61,D
sz300850,新强联,2025-09-29 09:35:54,41.58,20100,41.58,E
sz300850,新强联,2025-09-29 09:35:57,41.53,5300,41.58,D
sz300850,新强联,2025-09-29 09:36:00,41.55,6800,41.53,E
sz300850,新强联,2025-09-29 09:36:03,41.53,14200,41.55,D
sz300850,新强联,2025-09-29 09:36:06,41.6,27111,41.53,U
sz300850,新强联,2025-09-29 09:36:09,41.55,32800,41.6,D
sz300850,新强联,2025-09-29 09:36:15,41.58,220166,41.57,D
sz300850,新强联,2025-09-29 09:36:21,41.6,13700,41.62,D
sz300850,新强联,2025-09-29 09:36:27,41.62,9600,41.61,U
sz300850,新强联,2025-09-29 09:36:30,41.62,5400,41.62,U
sz300850,新强联,2025-09-29 09:36:33,41.63,10000,41.62,E
sz300850,新强联,2025-09-29 09:36:39,41.62,27600,41.64,U
sz300850,新强联,2025-09-29 09:36:45,41.69,11300,41.7,D
sz300850,新强联,2025-09-29 09:36:48,41.71,18100,41.69,U
sz300850,新强联,2025-09-29 09:36:51,41.7,6400,41.71,D
sz300850,新强联,2025-09-29 09:36:57,41.72,9600,41.72,D
sz300850,新强联,2025-09-29 09:37:00,41.63,13000,41.72,D
sz300850,新强联,2025-09-29 09:37:03,41.65,14100,41.63,E
sz300850,新强联,2025-09-29 09:37:06,41.61,17400,41.65,D
sz300850,新强联,2025-09-29 09:37:09,41.48,42400,41.61,D
sz300850,新强联,2025-09-29 09:37:12,41.47,7500,41.48,E
sz300850,新强联,2025-09-29 09:37:18,41.4,27300,41.43,D
sz300850,新强联,2025-09-29 09:37:21,41.5,29620,41.4,U
sz300850,新强联,2025-09-29 09:37:24,41.51,10900,41.5,U
sz300850,新强联,2025-09-29 09:37:27,41.5,15100,41.51,D
sz300850,新强联,2025-09-29 09:37:30,41.51,7500,41.5,U
sz300850,新强联,2025-09-29 09:37:33,41.5,20000,41.51,D
sz300850,新强联,2025-09-29 09:37:36,41.5,7900,41.5,U
sz300850,新强联,2025-09-29 09:37:39,41.45,7100,41.5,D
sz300850,新强联,2025-09-29 09:37:42,41.42,5200,41.45,D
sz300850,新强联,2025-09-29 09:37:45,41.38,12700,41.42,D
sz300850,新强联,2025-09-29 09:37:48,41.35,8700,41.38,D
sz300850,新强联,2025-09-29 09:37:51,41.34,24600,41.35,D
sz300850,新强联,2025-09-29 09:37:54,41.36,36600,41.34,E
sz300850,新强联,2025-09-29 09:37:57,41.36,36600,41.36,D
sz300850,新强联,2025-09-29 09:38:00,41.46,22391,41.36,U
sz300850,新强联,2025-09-29 09:38:03,41.47,43700,41.46,U
sz300850,新强联,2025-09-29 09:38:06,41.51,17600,41.47,U
sz300850,新强联,2025-09-29 09:38:09,41.51,6500,41.51,D
sz300850,新强联,2025-09-29 09:38:12,41.5,5600,41.51,D
sz300850,新强联,2025-09-29 09:38:18,41.5,8800,41.47,U
sz300850,新强联,2025-09-29 09:38:21,41.47,16500,41.5,U
sz300850,新强联,2025-09-29 09:38:27,41.48,10379,41.49,E
sz300850,新强联,2025-09-29 09:38:30,41.47,5021,41.48,D
sz300850,新强联,2025-09-29 09:38:36,41.48,9100,41.47,U
sz300850,新强联,2025-09-29 09:38:39,41.43,19300,41.48,D
sz300850,新强联,2025-09-29 09:38:42,41.44,8000,41.43,U
sz300850,新强联,2025-09-29 09:38:48,41.41,21300,41.43,D
sz300850,新强联,2025-09-29 09:38:54,41.41,15300,41.38,U
sz300850,新强联,2025-09-29 09:38:57,41.43,7000,41.41,U
sz300850,新强联,2025-09-29 09:39:00,41.45,22900,41.43,U
sz300850,新强联,2025-09-29 09:39:03,41.41,14200,41.45,D
sz300850,新强联,2025-09-29 09:39:06,41.36,11700,41.41,D
sz300850,新强联,2025-09-29 09:39:09,41.35,8200,41.36,D
sz300850,新强联,2025-09-29 09:39:12,41.4,16700,41.35,U
sz300850,新强联,2025-09-29 09:39:15,41.36,13800,41.4,D
sz300850,新强联,2025-09-29 09:39:18,41.36,7100,41.36,U
sz300850,新强联,2025-09-29 09:39:21,41.36,14200,41.36,U
sz300850,新强联,2025-09-29 09:39:24,41.35,14300,41.36,D
sz300850,新强联,2025-09-29 09:39:27,41.37,10900,41.35,E
sz300850,新强联,2025-09-29 09:39:30,41.34,14600,41.37,D
sz300850,新强联,2025-09-29 09:39:33,41.4,20800,41.34,U
sz300850,新强联,2025-09-29 09:39:36,41.41,15837,41.4,U
sz300850,新强联,2025-09-29 09:39:42,41.4,61491,41.4,U
sz300850,新强联,2025-09-29 09:39:45,41.43,11300,41.4,E
sz300850,新强联,2025-09-29 09:39:48,41.44,12352,41.43,E
sz300850,新强联,2025-09-29 09:39:51,41.5,41529,41.44,U
sz300850,新强联,2025-09-29 09:39:54,41.52,12600,41.5,U
sz300850,新强联,2025-09-29 09:39:57,41.56,4900,41.52,U
sz300850,新强联,2025-09-29 09:40:00,41.63,12000,41.56,U
sz300850,新强联,2025-09-29 09:40:03,41.62,5595,41.63,E
sz300850,新强联,2025-09-29 09:40:09,41.66,11700,41.63,U
sz300850,新强联,2025-09-29 09:40:12,41.63,52900,41.66,E
sz300850,新强联,2025-09-29 09:40:15,41.49,24600,41.63,D
sz300850,新强联,2025-09-29 09:40:18,41.45,9600,41.49,D
sz300850,新强联,2025-09-29 09:40:21,41.43,38600,41.45,D
sz300850,新强联,2025-09-29 09:40:24,41.43,30200,41.43,U
sz300850,新强联,2025-09-29 09:40:30,41.47,21900,41.45,U
sz300850,新强联,2025-09-29 09:40:33,41.51,12000,41.47,U
sz300850,新强联,2025-09-29 09:40:36,41.66,73805,41.51,U
sz300850,新强联,2025-09-29 09:40:39,41.69,5754,41.66,U
sz300850,新强联,2025-09-29 09:40:42,41.62,43646,41.69,D
sz300850,新强联,2025-09-29 09:40:45,41.66,7800,41.62,U
sz300850,新强联,2025-09-29 09:40:48,41.65,7400,41.66,E
sz300850,新强联,2025-09-29 09:40:51,41.62,11600,41.65,D
sz300850,新强联,2025-09-29 09:40:54,41.66,19754,41.62,U
sz300850,新强联,2025-09-29 09:40:57,41.65,24500,41.66,D
sz300850,新强联,2025-09-29 09:41:00,41.66,13800,41.65,U
sz300850,新强联,2025-09-29 09:41:03,41.64,10900,41.66,E
sz300850,新强联,2025-09-29 09:41:06,41.64,4900,41.64,U
sz300850,新强联,2025-09-29 09:41:09,41.57,10300,41.64,D
sz300850,新强联,2025-09-29 09:41:15,41.52,7100,41.56,D
sz300850,新强联,2025-09-29 09:41:18,41.51,5800,41.52,D
sz300850,新强联,2025-09-29 09:41:21,41.48,7800,41.51,D
sz300850,新强联,2025-09-29 09:41:24,41.43,50200,41.48,D
sz300850,新强联,2025-09-29 09:41:27,41.4,12500,41.43,D
sz300850,新强联,2025-09-29 09:41:30,41.41,9300,41.4,E
sz300850,新强联,2025-09-29 09:41:36,41.39,9500,41.39,U
sz300850,新强联,2025-09-29 09:41:42,41.34,18963,41.38,D
sz300850,新强联,2025-09-29 09:41:45,41.36,12600,41.34,U
sz300850,新强联,2025-09-29 09:41:48,41.31,22700,41.36,D
sz300850,新强联,2025-09-29 09:41:51,41.3,25600,41.31,D
sz300850,新强联,2025-09-29 09:41:54,41.3,6300,41.3,D
sz300850,新强联,2025-09-29 09:41:57,41.31,9200,41.3,U
sz300850,新强联,2025-09-29 09:42:00,41.29,25400,41.31,D
sz300850,新强联,2025-09-29 09:42:03,41.3,18100,41.29,U
sz300850,新强联,2025-09-29 09:42:06,41.21,19700,41.3,D
sz300850,新强联,2025-09-29 09:42:09,41.23,5900,41.21,E
sz300850,新强联,2025-09-29 09:42:12,41.31,75222,41.23,U
sz300850,新强联,2025-09-29 09:42:15,41.4,43883,41.31,U
sz300850,新强联,2025-09-29 09:42:18,41.4,17900,41.4,U
sz300850,新强联,2025-09-29 09:42:21,41.31,15537,41.4,D
sz300850,新强联,2025-09-29 09:42:24,41.39,7200,41.31,U
sz300850,新强联,2025-09-29 09:42:27,41.5,20900,41.39,U
sz300850,新强联,2025-09-29 09:42:30,41.54,16800,41.5,U
sz300850,新强联,2025-09-29 09:42:33,41.55,11300,41.54,U
sz300850,新强联,2025-09-29 09:42:36,41.56,7800,41.55,U
sz300850,新强联,2025-09-29 09:42:39,41.64,6400,41.56,U
sz300850,新强联,2025-09-29 09:42:45,41.64,42488,41.64,U
sz300850,新强联,2025-09-29 09:42:48,41.63,18600,41.64,E
sz300850,新强联,2025-09-29 09:42:51,41.64,5500,41.63,U
sz300850,新强联,2025-09-29 09:42:54,41.63,32600,41.64,D
sz300850,新强联,2025-09-29 09:42:57,41.68,55800,41.63,U
sz300850,新强联,2025-09-29 09:43:00,41.66,13500,41.68,E
sz300850,新强联,2025-09-29 09:43:03,41.68,8700,41.66,U
sz300850,新强联,2025-09-29 09:43:06,41.67,30400,41.68,D
sz300850,新强联,2025-09-29 09:43:12,41.69,8200,41.68,U
sz300850,新强联,2025-09-29 09:43:15,41.68,8800,41.69,D
sz300850,新强联,2025-09-29 09:43:18,41.68,13691,41.68,U
sz300850,新强联,2025-09-29 09:43:24,41.73,16491,41.7,U
sz300850,新强联,2025-09-29 09:43:27,41.73,82034,41.73,U
sz300850,新强联,2025-09-29 09:43:30,41.69,18300,41.73,E
sz300850,新强联,2025-09-29 09:43:33,41.73,18500,41.69,U
sz300850,新强联,2025-09-29 09:43:36,41.79,15400,41.73,U
sz300850,新强联,2025-09-29 09:43:39,41.8,16300,41.79,U
sz300850,新强联,2025-09-29 09:43:42,41.81,13300,41.8,U
sz300850,新强联,2025-09-29 09:43:45,41.81,28900,41.81,U
sz300850,新强联,2025-09-29 09:43:48,41.81,11200,41.81,U
sz300850,新强联,2025-09-29 09:43:51,41.8,21800,41.81,U
sz300850,新强联,2025-09-29 09:43:54,41.78,36500,41.8,U
sz300850,新强联,2025-09-29 09:43:57,41.74,29500,41.78,D
sz300850,新强联,2025-09-29 09:44:00,41.77,20500,41.74,U
sz300850,新强联,2025-09-29 09:44:03,41.81,62488,41.77,U
sz300850,新强联,2025-09-29 09:44:06,41.88,15300,41.81,U
sz300850,新强联,2025-09-29 09:44:09,41.9,12900,41.88,U
sz300850,新强联,2025-09-29 09:44:12,41.9,33500,41.9,U
sz300850,新强联,2025-09-29 09:44:15,41.9,6300,41.9,U
sz300850,新强联,2025-09-29 09:44:18,41.84,18900,41.9,D
sz300850,新强联,2025-09-29 09:44:21,41.88,21100,41.84,E
sz300850,新强联,2025-09-29 09:44:24,41.84,30900,41.88,U
sz300850,新强联,2025-09-29 09:44:27,41.89,8600,41.84,U
sz300850,新强联,2025-09-29 09:44:33,41.87,16300,41.87,U
sz300850,新强联,2025-09-29 09:44:36,41.88,15500,41.87,U
sz300850,新强联,2025-09-29 09:44:39,41.86,15800,41.88,D
sz300850,新强联,2025-09-29 09:44:42,41.79,13100,41.86,D
sz300850,新强联,2025-09-29 09:44:45,41.79,14200,41.79,U
sz300850,新强联,2025-09-29 09:44:48,41.79,6700,41.79,E
sz300850,新强联,2025-09-29 09:44:51,41.76,10800,41.79,U
sz300850,新强联,2025-09-29 09:44:54,41.75,10000,41.76,D
sz300850,新强联,2025-09-29 09:44:57,41.75,5900,41.75,D
sz300850,新强联,2025-09-29 09:45:00,41.72,39700,41.75,D
sz300850,新强联,2025-09-29 09:45:03,41.7,14000,41.72,E
sz300850,新强联,2025-09-29 09:45:06,41.7,11200,41.7,U
sz300850,新强联,2025-09-29 09:45:09,41.68,22000,41.7,D
sz300850,新强联,2025-09-29 09:45:12,41.71,48700,41.68,U
sz300850,新强联,2025-09-29 09:45:15,41.72,6900,41.71,U
sz300850,新强联,2025-09-29 09:45:18,41.87,169400,41.72,U
sz300850,新强联,2025-09-29 09:45:21,41.87,5400,41.87,U
sz300850,新强联,2025-09-29 09:45:24,41.89,7600,41.87,U
sz300850,新强联,2025-09-29 09:45:27,41.89,6700,41.89,U
sz300850,新强联,2025-09-29 09:45:30,41.87,4900,41.89,D
sz300850,新强联,2025-09-29 09:45:33,41.77,13200,41.87,D
sz300850,新强联,2025-09-29 09:45:36,41.77,11400,41.77,U
sz300850,新强联,2025-09-29 09:45:39,41.79,15100,41.77,U
sz300850,新强联,2025-09-29 09:45:42,41.76,45300,41.79,D
sz300850,新强联,2025-09-29 09:45:45,41.76,34200,41.76,U
sz300850,新强联,2025-09-29 09:45:51,41.8,31200,41.78,U
sz300850,新强联,2025-09-29 09:45:54,41.85,11500,41.8,E
sz300850,新强联,2025-09-29 09:45:57,41.87,4800,41.85,U
sz300850,新强联,2025-09-29 09:46:00,41.85,49700,41.87,D
sz300850,新强联,2025-09-29 09:46:03,41.75,53400,41.85,D
sz300850,新强联,2025-09-29 09:46:06,41.84,27800,41.75,U
sz300850,新强联,2025-09-29 09:46:09,41.75,25400,41.84,D
sz300850,新强联,2025-09-29 09:46:12,41.75,14700,41.75,E
sz300850,新强联,2025-09-29 09:46:15,41.75,7500,41.75,E
sz300850,新强联,2025-09-29 09:46:18,41.75,38800,41.75,D
sz300850,新强联,2025-09-29 09:46:30,41.74,29500,41.78,D
sz300850,新强联,2025-09-29 09:46:33,41.71,43400,41.74,D
sz300850,新强联,2025-09-29 09:46:36,41.68,10400,41.71,E
sz300850,新强联,2025-09-29 09:46:39,41.63,9600,41.68,E
sz300850,新强联,2025-09-29 09:46:42,41.61,12100,41.63,E
sz300850,新强联,2025-09-29 09:46:48,41.55,17300,41.6,D
sz300850,新强联,2025-09-29 09:46:54,41.55,8100,41.54,E
sz300850,新强联,2025-09-29 09:46:57,41.49,53600,41.55,D
sz300850,新强联,2025-09-29 09:47:00,41.35,14500,41.49,D
sz300850,新强联,2025-09-29 09:47:06,41.31,37200,41.33,D
sz300850,新强联,2025-09-29 09:47:09,41.32,25600,41.31,U
sz300850,新强联,2025-09-29 09:47:18,41.34,12300,41.34,U
sz300850,新强联,2025-09-29 09:47:21,41.32,15200,41.34,E
sz300850,新强联,2025-09-29 09:47:24,41.31,22900,41.32,E
sz300850,新强联,2025-09-29 09:47:27,41.34,14401,41.31,U
sz300850,新强联,2025-09-29 09:47:30,41.36,14900,41.34,E
sz300850,新强联,2025-09-29 09:47:39,41.38,9900,41.43,E
sz300850,新强联,2025-09-29 09:47:42,41.38,4900,41.38,D
sz300850,新强联,2025-09-29 09:47:48,41.46,6760,41.43,U
sz300850,新强联,2025-09-29 09:47:51,41.45,12200,41.46,D
sz300850,新强联,2025-09-29 09:47:57,41.49,6200,41.46,U
sz300850,新强联,2025-09-29 09:48:00,41.44,5200,41.49,D
sz300850,新强联,2025-09-29 09:48:03,41.44,13300,41.44,D
sz300850,新强联,2025-09-29 09:48:09,41.46,5500,41.44,U
sz300850,新强联,2025-09-29 09:48:21,41.44,33200,41.45,D
sz300850,新强联,2025-09-29 09:48:24,41.45,5300,41.44,D
sz300850,新强联,2025-09-29 09:48:27,41.45,26200,41.45,D
sz300850,新强联,2025-09-29 09:48:33,41.52,11800,41.49,U
sz300850,新强联,2025-09-29 09:48:36,41.52,10329,41.52,U
sz300850,新强联,2025-09-29 09:48:48,41.59,10100,41.57,U
sz300850,新强联,2025-09-29 09:48:51,41.64,160200,41.59,U
sz300850,新强联,2025-09-29 09:48:54,41.71,7500,41.64,U
sz300850,新强联,2025-09-29 09:48:57,41.73,6800,41.71,E
sz300850,新强联,2025-09-29 09:49:00,41.76,6100,41.73,U
sz300850,新强联,2025-09-29 09:49:06,41.78,7100,41.76,U
sz300850,新强联,2025-09-29 09:49:09,41.8,6700,41.78,U
sz300850,新强联,2025-09-29 09:49:12,41.79,24300,41.8,D
sz300850,新强联,2025-09-29 09:49:18,41.79,13400,41.8,D
sz300850,新强联,2025-09-29 09:49:21,41.81,8404,41.79,U
sz300850,新强联,2025-09-29 09:49:24,41.85,10800,41.81,U
sz300850,新强联,2025-09-29 09:49:27,41.89,6109,41.85,U
sz300850,新强联,2025-09-29 09:49:30,41.89,7300,41.89,U
sz300850,新强联,2025-09-29 09:49:36,41.88,12600,41.9,D
sz300850,新强联,2025-09-29 09:49:39,41.89,16600,41.88,U
sz300850,新强联,2025-09-29 09:49:42,41.9,10000,41.89,U
sz300850,新强联,2025-09-29 09:49:45,41.84,17800,41.9,D
sz300850,新强联,2025-09-29 09:49:48,41.8,9996,41.84,D
sz300850,新强联,2025-09-29 09:49:51,41.79,6100,41.8,D
sz300850,新强联,2025-09-29 09:49:57,41.77,10700,41.77,D
sz300850,新强联,2025-09-29 09:50:00,41.73,6300,41.77,D
sz300850,新强联,2025-09-29 09:50:03,41.67,22800,41.73,D
sz300850,新强联,2025-09-29 09:50:18,41.52,11900,41.58,D
sz300850,新强联,2025-09-29 09:50:24,41.5,15200,41.55,D
sz300850,新强联,2025-09-29 09:50:33,41.51,7800,41.54,D
sz300850,新强联,2025-09-29 09:50:36,41.54,11500,41.51,U
sz300850,新强联,2025-09-29 09:50:42,41.53,6700,41.54,E
sz300850,新强联,2025-09-29 09:50:45,41.58,20400,41.53,U
sz300850,新强联,2025-09-29 09:50:57,41.54,17100,41.55,D
sz300850,新强联,2025-09-29 09:51:00,41.54,5000,41.54,U
sz300850,新强联,2025-09-29 09:51:03,41.55,18900,41.54,U
sz300850,新强联,2025-09-29 09:51:06,41.56,4900,41.55,U
sz300850,新强联,2025-09-29 09:51:09,41.55,7700,41.56,D
sz300850,新强联,2025-09-29 09:51:12,41.58,6300,41.55,U
sz300850,新强联,2025-09-29 09:51:15,41.62,14300,41.58,U
sz300850,新强联,2025-09-29 09:51:18,41.62,4900,41.62,U
sz300850,新强联,2025-09-29 09:51:21,41.65,6983,41.62,U
sz300850,新强联,2025-09-29 09:51:27,41.62,8717,41.7,D
sz300850,新强联,2025-09-29 09:51:30,41.59,6800,41.62,D
sz300850,新强联,2025-09-29 09:51:33,41.59,5100,41.59,D
sz300850,新强联,2025-09-29 09:51:36,41.59,14100,41.59,U
sz300850,新强联,2025-09-29 09:51:39,41.62,5200,41.59,E
sz300850,新强联,2025-09-29 09:51:42,41.59,19100,41.62,D
sz300850,新强联,2025-09-29 09:51:45,41.59,5700,41.59,U
sz300850,新强联,2025-09-29 09:51:54,41.58,10500,41.55,U
sz300850,新强联,2025-09-29 09:51:57,41.56,16200,41.58,U
sz300850,新强联,2025-09-29 09:52:00,41.54,9200,41.56,D
sz300850,新强联,2025-09-29 09:52:15,41.59,5200,41.59,U
sz300850,新强联,2025-09-29 09:52:18,41.6,35000,41.59,U
sz300850,新强联,2025-09-29 09:52:39,41.59,7200,41.58,U
sz300850,新强联,2025-09-29 09:52:42,41.6,14000,41.59,U
sz300850,新强联,2025-09-29 09:52:45,41.63,10400,41.6,U
sz300850,新强联,2025-09-29 09:52:48,41.63,20500,41.63,U
sz300850,新强联,2025-09-29 09:52:51,41.7,9800,41.63,U
sz300850,新强联,2025-09-29 09:53:00,41.66,6000,41.73,E
sz300850,新强联,2025-09-29 09:53:03,41.66,8200,41.66,D
sz300850,新强联,2025-09-29 09:53:15,41.76,6400,41.74,U
sz300850,新强联,2025-09-29 09:53:27,41.79,8700,41.79,U
sz300850,新强联,2025-09-29 09:53:30,41.8,4942,41.79,U
sz300850,新强联,2025-09-29 09:53:36,41.8,11358,41.8,D
sz300850,新强联,2025-09-29 09:53:45,41.8,9200,41.77,U
sz300850,新强联,2025-09-29 09:53:48,41.76,14100,41.8,D
sz300850,新强联,2025-09-29 09:53:51,41.78,21400,41.76,U
sz300850,新强联,2025-09-29 09:54:03,41.74,19017,41.75,D
sz300850,新强联,2025-09-29 09:54:06,41.73,11800,41.74,E
sz300850,新强联,2025-09-29 09:54:12,41.68,16000,41.74,D
sz300850,新强联,2025-09-29 09:54:15,41.62,17700,41.68,D
sz300850,新强联,2025-09-29 09:54:18,41.61,20900,41.62,D
sz300850,新强联,2025-09-29 09:54:27,41.59,8700,41.61,D
sz300850,新强联,2025-09-29 09:54:30,41.61,4900,41.59,U
sz300850,新强联,2025-09-29 09:54:33,41.6,8500,41.61,D
sz300850,新强联,2025-09-29 09:54:39,41.61,26800,41.6,U
sz300850,新强联,2025-09-29 09:54:42,41.61,34600,41.61,D
sz300850,新强联,2025-09-29 09:54:45,41.61,22400,41.61,D
sz300850,新强联,2025-09-29 09:54:48,41.62,9000,41.61,E
sz300850,新强联,2025-09-29 09:55:06,41.71,5500,41.69,U
sz300850,新强联,2025-09-29 09:55:12,41.68,7200,41.71,D
sz300850,新强联,2025-09-29 09:55:21,41.78,64383,41.73,U
sz300850,新强联,2025-09-29 09:55:24,41.78,28400,41.78,D
sz300850,新强联,2025-09-29 09:55:33,41.75,29717,41.79,D
sz300850,新强联,2025-09-29 09:55:36,41.71,30300,41.75,D
sz300850,新强联,2025-09-29 09:55:51,41.73,23700,41.78,D
sz300850,新强联,2025-09-29 09:55:54,41.78,9300,41.73,U
sz300850,新强联,2025-09-29 09:55:57,41.77,5000,41.78,E
sz300850,新强联,2025-09-29 09:56:03,41.75,5600,41.77,E
sz300850,新强联,2025-09-29 09:56:06,41.73,11600,41.75,D
sz300850,新强联,2025-09-29 09:56:12,41.76,18700,41.76,U
sz300850,新强联,2025-09-29 09:56:15,41.69,40900,41.76,D
sz300850,新强联,2025-09-29 09:56:27,41.68,15500,41.69,D
sz300850,新强联,2025-09-29 09:56:36,41.7,5300,41.72,U
sz300850,新强联,2025-09-29 09:56:42,41.65,8700,41.66,D
sz300850,新强联,2025-09-29 09:56:48,41.61,12000,41.67,D
sz300850,新强联,2025-09-29 09:56:51,41.62,12900,41.61,U
sz300850,新强联,2025-09-29 09:56:57,41.66,7900,41.62,U
sz300850,新强联,2025-09-29 09:57:09,41.61,21400,41.66,D
sz300850,新强联,2025-09-29 09:57:12,41.45,196100,41.61,D
sz300850,新强联,2025-09-29 09:57:15,41.43,7800,41.45,D
sz300850,新强联,2025-09-29 09:57:27,41.45,9400,41.41,U
sz300850,新强联,2025-09-29 09:57:30,41.41,8400,41.45,D
sz300850,新强联,2025-09-29 09:57:33,41.44,9100,41.41,E
sz300850,新强联,2025-09-29 09:57:36,41.42,27100,41.44,E
sz300850,新强联,2025-09-29 09:57:42,41.43,16100,41.41,U
sz300850,新强联,2025-09-29 09:57:45,41.44,7300,41.43,U
sz300850,新强联,2025-09-29 09:57:48,41.4,9600,41.44,D
sz300850,新强联,2025-09-29 09:57:51,41.34,23100,41.4,D
sz300850,新强联,2025-09-29 09:57:57,41.31,12100,41.38,D
sz300850,新强联,2025-09-29 09:58:00,41.33,13300,41.31,U
sz300850,新强联,2025-09-29 09:58:03,41.33,19300,41.33,U
sz300850,新强联,2025-09-29 09:58:09,41.33,15000,41.33,U
sz300850,新强联,2025-09-29 09:58:12,41.39,5900,41.33,U
sz300850,新强联,2025-09-29 09:58:15,41.43,8137,41.39,U
sz300850,新强联,2025-09-29 09:58:18,41.42,11200,41.43,D
sz300850,新强联,2025-09-29 09:58:21,41.43,6300,41.42,E
sz300850,新强联,2025-09-29 09:58:24,41.44,6400,41.43,U
sz300850,新强联,2025-09-29 09:58:27,41.45,7000,41.44,U
sz300850,新强联,2025-09-29 09:58:33,41.44,20300,41.45,D
sz300850,新强联,2025-09-29 09:58:42,41.43,5200,41.44,D
sz300850,新强联,2025-09-29 09:58:45,41.43,6000,41.43,U
sz300850,新强联,2025-09-29 09:58:51,41.51,84600,41.42,U
sz300850,新强联,2025-09-29 09:58:54,41.46,4900,41.51,D
sz300850,新强联,2025-09-29 09:59:09,41.55,12200,41.56,D
sz300850,新强联,2025-09-29 09:59:15,41.53,5600,41.53,D
sz300850,新强联,2025-09-29 09:59:21,41.49,19800,41.54,D
sz300850,新强联,2025-09-29 09:59:33,41.55,5900,41.55,U
sz300850,新强联,2025-09-29 09:59:36,41.56,14400,41.55,U
sz300850,新强联,2025-09-29 09:59:39,41.58,7400,41.56,U
sz300850,新强联,2025-09-29 09:59:45,41.6,6400,41.58,U
sz300850,新强联,2025-09-29 09:59:54,41.57,6100,41.58,D
sz300850,新强联,2025-09-29 10:00:03,41.7,7090,41.6,U
sz300850,新强联,2025-09-29 10:00:09,41.6,16400,41.64,D
sz300850,新强联,2025-09-29 10:00:18,41.61,10500,41.61,D
sz300850,新强联,2025-09-29 10:00:27,41.48,44500,41.56,D
sz300850,新强联,2025-09-29 10:00:30,41.54,9300,41.48,U
sz300850,新强联,2025-09-29 10:00:42,41.5,15200,41.48,U
sz300850,新强联,2025-09-29 10:01:03,41.42,4900,41.43,D
sz300850,新强联,2025-09-29 10:01:06,41.42,11300,41.42,D
sz300850,新强联,2025-09-29 10:01:09,41.41,6900,41.42,E
sz300850,新强联,2025-09-29 10:01:12,41.39,17900,41.41,D
sz300850,新强联,2025-09-29 10:01:18,41.4,17200,41.39,U
sz300850,新强联,2025-09-29 10:01:21,41.42,10000,41.4,U
sz300850,新强联,2025-09-29 10:01:24,41.38,8800,41.42,D
sz300850,新强联,2025-09-29 10:01:30,41.38,12900,41.38,D
sz300850,新强联,2025-09-29 10:01:54,41.42,8300,41.45,D
sz300850,新强联,2025-09-29 10:01:57,41.39,15400,41.42,D
sz300850,新强联,2025-09-29 10:02:00,41.38,7700,41.39,D
sz300850,新强联,2025-09-29 10:02:03,41.43,25800,41.38,U
sz300850,新强联,2025-09-29 10:02:06,41.47,44237,41.43,U
sz300850,新强联,2025-09-29 10:02:09,41.56,6400,41.47,U
sz300850,新强联,2025-09-29 10:02:12,41.51,5700,41.56,D
sz300850,新强联,2025-09-29 10:02:18,41.56,6100,41.56,U
sz300850,新强联,2025-09-29 10:02:21,41.62,15700,41.56,U
sz300850,新强联,2025-09-29 10:02:27,41.62,7900,41.68,D
sz300850,新强联,2025-09-29 10:02:33,41.62,6300,41.62,U
sz300850,新强联,2025-09-29 10:02:36,41.61,7200,41.62,U
sz300850,新强联,2025-09-29 10:02:45,41.61,18500,41.61,D
sz300850,新强联,2025-09-29 10:02:48,41.6,8000,41.61,U
sz300850,新强联,2025-09-29 10:02:54,41.6,18100,41.6,U
sz300850,新强联,2025-09-29 10:02:57,41.59,14700,41.6,E
sz300850,新强联,2025-09-29 10:03:00,41.58,47100,41.59,D
sz300850,新强联,2025-09-29 10:03:06,41.5,9500,41.54,D
sz300850,新强联,2025-09-29 10:03:09,41.43,7200,41.5,D
sz300850,新强联,2025-09-29 10:03:21,41.47,13700,41.47,U
sz300850,新强联,2025-09-29 10:03:36,41.47,6800,41.45,U
sz300850,新强联,2025-09-29 10:03:39,41.65,82600,41.47,U
sz300850,新强联,2025-09-29 10:03:42,41.67,26100,41.65,U
sz300850,新强联,2025-09-29 10:03:45,41.74,10900,41.67,U
sz300850,新强联,2025-09-29 10:03:48,41.75,5000,41.74,U
sz300850,新强联,2025-09-29 10:03:51,41.78,6700,41.75,U
sz300850,新强联,2025-09-29 10:03:54,41.76,8500,41.78,D
sz300850,新强联,2025-09-29 10:04:00,41.74,8900,41.79,D
sz300850,新强联,2025-09-29 10:04:03,41.74,10500,41.74,E
sz300850,新强联,2025-09-29 10:04:06,41.75,15300,41.74,U
sz300850,新强联,2025-09-29 10:04:09,41.74,22000,41.75,D
sz300850,新强联,2025-09-29 10:04:12,41.74,7400,41.74,U
sz300850,新强联,2025-09-29 10:04:24,41.76,18200,41.73,U
sz300850,新强联,2025-09-29 10:04:27,41.76,17500,41.76,U
sz300850,新强联,2025-09-29 10:04:30,41.8,10100,41.76,U
sz300850,新强联,2025-09-29 10:04:36,41.83,4900,41.84,D
sz300850,新强联,2025-09-29 10:04:39,41.89,43937,41.83,U
sz300850,新强联,2025-09-29 10:04:42,41.91,23000,41.89,U
sz300850,新强联,2025-09-29 10:04:48,41.94,4900,41.95,D
sz300850,新强联,2025-09-29 10:04:51,41.99,33600,41.94,U
sz300850,新强联,2025-09-29 10:04:54,42.0,24129,41.99,U
sz300850,新强联,2025-09-29 10:04:57,42.1,71900,42.0,U
sz300850,新强联,2025-09-29 10:05:00,42.28,13600,42.1,U
sz300850,新强联,2025-09-29 10:05:03,42.28,14000,42.28,U
sz300850,新强联,2025-09-29 10:05:06,42.29,14292,42.28,U
sz300850,新强联,2025-09-29 10:05:09,42.3,17108,42.29,U
sz300850,新强联,2025-09-29 10:05:12,42.33,41500,42.3,U
sz300850,新强联,2025-09-29 10:05:15,42.29,27700,42.33,D
sz300850,新强联,2025-09-29 10:05:18,42.29,38800,42.29,U
sz300850,新强联,2025-09-29 10:05:21,42.15,21100,42.29,D
sz300850,新强联,2025-09-29 10:05:24,42.15,17400,42.15,U
sz300850,新强联,2025-09-29 10:05:27,42.15,8300,42.15,U
sz300850,新强联,2025-09-29 10:05:30,42.06,11200,42.15,E
sz300850,新强联,2025-09-29 10:05:33,42.11,7900,42.06,E
sz300850,新强联,2025-09-29 10:05:36,42.13,4800,42.11,E
sz300850,新强联,2025-09-29 10:05:39,42.12,6700,42.13,D
sz300850,新强联,2025-09-29 10:05:42,42.13,6100,42.12,U
sz300850,新强联,2025-09-29 10:05:45,42.15,6100,42.13,U
sz300850,新强联,2025-09-29 10:05:48,42.16,6400,42.15,U
sz300850,新强联,2025-09-29 10:05:51,42.21,26700,42.16,U
sz300850,新强联,2025-09-29 10:06:03,42.3,17400,42.28,U
sz300850,新强联,2025-09-29 10:06:06,42.28,9300,42.3,D
sz300850,新强联,2025-09-29 10:06:09,42.26,21100,42.28,D
sz300850,新强联,2025-09-29 10:06:12,42.26,16000,42.26,U
sz300850,新强联,2025-09-29 10:06:18,42.17,20400,42.24,D
sz300850,新强联,2025-09-29 10:06:21,42.14,20600,42.17,D
sz300850,新强联,2025-09-29 10:06:24,42.15,6100,42.14,U
sz300850,新强联,2025-09-29 10:06:27,42.13,7600,42.15,E
sz300850,新强联,2025-09-29 10:06:30,42.17,39400,42.13,U
sz300850,新强联,2025-09-29 10:06:33,42.18,8700,42.17,U
sz300850,新强联,2025-09-29 10:06:39,42.21,10600,42.19,U
sz300850,新强联,2025-09-29 10:06:42,42.21,11400,42.21,U
sz300850,新强联,2025-09-29 10:06:45,42.23,8900,42.21,U
sz300850,新强联,2025-09-29 10:06:48,42.24,9800,42.23,U
sz300850,新强联,2025-09-29 10:06:51,42.26,20700,42.24,U
sz300850,新强联,2025-09-29 10:07:00,42.29,14700,42.28,U
sz300850,新强联,2025-09-29 10:07:03,42.3,19300,42.29,U
sz300850,新强联,2025-09-29 10:07:06,42.26,52200,42.3,D
sz300850,新强联,2025-09-29 10:07:09,42.28,16100,42.26,U
sz300850,新强联,2025-09-29 10:07:12,42.37,16500,42.28,U
sz300850,新强联,2025-09-29 10:07:15,42.36,9500,42.37,D
sz300850,新强联,2025-09-29 10:07:18,42.38,6800,42.36,U
sz300850,新强联,2025-09-29 10:07:21,42.38,22400,42.38,U
sz300850,新强联,2025-09-29 10:07:24,42.28,68800,42.38,D
sz300850,新强联,2025-09-29 10:07:27,42.28,15500,42.28,U
sz300850,新强联,2025-09-29 10:07:33,42.32,15600,42.25,U
sz300850,新强联,2025-09-29 10:07:36,42.26,16858,42.32,D
sz300850,新强联,2025-09-29 10:07:39,42.33,17858,42.26,E
sz300850,新强联,2025-09-29 10:07:42,42.39,9900,42.33,U
sz300850,新强联,2025-09-29 10:07:45,42.38,17600,42.39,E
sz300850,新强联,2025-09-29 10:07:48,42.37,16000,42.38,D
sz300850,新强联,2025-09-29 10:07:51,42.45,68800,42.37,U
sz300850,新强联,2025-09-29 10:07:54,42.37,14100,42.45,D
sz300850,新强联,2025-09-29 10:07:57,42.4,12900,42.37,U
sz300850,新强联,2025-09-29 10:08:00,42.37,38100,42.4,D
sz300850,新强联,2025-09-29 10:08:03,42.37,20700,42.37,U
sz300850,新强联,2025-09-29 10:08:06,42.32,23100,42.37,E
sz300850,新强联,2025-09-29 10:08:09,42.32,19100,42.32,U
sz300850,新强联,2025-09-29 10:08:12,42.32,8000,42.32,E
sz300850,新强联,2025-09-29 10:08:15,42.26,8500,42.32,D
sz300850,新强联,2025-09-29 10:08:18,42.25,27600,42.26,D
sz300850,新强联,2025-09-29 10:08:21,42.25,5400,42.25,U
sz300850,新强联,2025-09-29 10:08:24,42.2,6900,42.25,D
sz300850,新强联,2025-09-29 10:08:27,42.15,28000,42.2,D
sz300850,新强联,2025-09-29 10:08:42,42.16,5100,42.21,D
sz300850,新强联,2025-09-29 10:08:45,42.14,14900,42.16,D
sz300850,新强联,2025-09-29 10:09:03,42.15,12000,42.17,D
sz300850,新强联,2025-09-29 10:09:06,42.13,6700,42.15,D
sz300850,新强联,2025-09-29 10:09:12,42.17,5100,42.14,U
sz300850,新强联,2025-09-29 10:09:15,42.18,6998,42.17,U
sz300850,新强联,2025-09-29 10:09:21,42.15,7502,42.17,D
sz300850,新强联,2025-09-29 10:09:24,42.17,9500,42.15,U
sz300850,新强联,2025-09-29 10:09:33,42.12,8700,42.11,U
sz300850,新强联,2025-09-29 10:09:42,42.18,12600,42.12,U
sz300850,新强联,2025-09-29 10:09:48,42.2,23891,42.18,U
sz300850,新强联,2025-09-29 10:09:54,42.21,6300,42.21,U
sz300850,新强联,2025-09-29 10:10:06,42.22,6800,42.22,U
sz300850,新强联,2025-09-29 10:10:12,42.23,8600,42.24,D
sz300850,新强联,2025-09-29 10:10:18,42.2,7500,42.16,U
sz300850,新强联,2025-09-29 10:10:21,42.15,10700,42.2,E
sz300850,新强联,2025-09-29 10:10:27,42.12,14900,42.15,D
sz300850,新强联,2025-09-29 10:10:30,42.24,31600,42.12,U
sz300850,新强联,2025-09-29 10:10:33,42.29,33900,42.24,U
sz300850,新强联,2025-09-29 10:10:36,42.35,7100,42.29,U
sz300850,新强联,2025-09-29 10:10:39,42.36,5000,42.35,U
sz300850,新强联,2025-09-29 10:10:48,42.27,10500,42.32,D
sz300850,新强联,2025-09-29 10:10:51,42.35,11600,42.27,U
sz300850,新强联,2025-09-29 10:10:57,42.29,9500,42.3,U
sz300850,新强联,2025-09-29 10:11:03,42.33,9200,42.33,U
sz300850,新强联,2025-09-29 10:11:06,42.34,6400,42.33,E
sz300850,新强联,2025-09-29 10:11:09,42.37,23029,42.34,U
sz300850,新强联,2025-09-29 10:11:15,42.36,25400,42.38,D
sz300850,新强联,2025-09-29 10:11:21,42.33,15371,42.36,D
sz300850,新强联,2025-09-29 10:11:24,42.32,9900,42.33,U
sz300850,新强联,2025-09-29 10:11:30,42.27,6500,42.31,D
sz300850,新强联,2025-09-29 10:11:36,42.25,8100,42.26,U
sz300850,新强联,2025-09-29 10:11:42,42.2,5200,42.26,D
sz300850,新强联,2025-09-29 10:11:45,42.18,60200,42.2,D
sz300850,新强联,2025-09-29 10:11:51,42.13,5100,42.18,D
sz300850,新强联,2025-09-29 10:11:54,42.19,9900,42.13,U
sz300850,新强联,2025-09-29 10:12:09,42.09,9800,42.09,D
sz300850,新强联,2025-09-29 10:12:21,42.16,19600,42.1,U
sz300850,新强联,2025-09-29 10:12:33,42.18,11400,42.17,U
sz300850,新强联,2025-09-29 10:12:42,42.2,8100,42.2,U
sz300850,新强联,2025-09-29 10:12:54,42.25,7100,42.24,U
sz300850,新强联,2025-09-29 10:12:57,42.27,6800,42.25,U
sz300850,新强联,2025-09-29 10:13:00,42.23,46900,42.27,D
sz300850,新强联,2025-09-29 10:13:03,42.25,7300,42.23,U
sz300850,新强联,2025-09-29 10:13:18,42.28,10491,42.27,U
sz300850,新强联,2025-09-29 10:13:24,42.28,15900,42.28,D
sz300850,新强联,2025-09-29 10:13:30,42.31,6900,42.31,U
sz300850,新强联,2025-09-29 10:13:36,42.37,5000,42.34,U
sz300850,新强联,2025-09-29 10:13:39,42.38,5300,42.37,U
sz300850,新强联,2025-09-29 10:13:42,42.39,47300,42.38,U
sz300850,新强联,2025-09-29 10:13:45,42.39,10500,42.39,U
sz300850,新强联,2025-09-29 10:13:48,42.36,17100,42.39,D
sz300850,新强联,2025-09-29 10:13:51,42.38,5400,42.36,D
sz300850,新强联,2025-09-29 10:13:54,42.38,15000,42.38,U
sz300850,新强联,2025-09-29 10:13:57,42.36,7200,42.38,E
sz300850,新强联,2025-09-29 10:14:00,42.36,9100,42.36,U
sz300850,新强联,2025-09-29 10:14:03,42.36,10200,42.36,D
sz300850,新强联,2025-09-29 10:14:09,42.31,30400,42.36,E
sz300850,新强联,2025-09-29 10:14:12,42.36,4900,42.31,U
sz300850,新强联,2025-09-29 10:14:15,42.3,8200,42.36,D
sz300850,新强联,2025-09-29 10:14:18,42.36,5700,42.3,U
sz300850,新强联,2025-09-29 10:14:21,42.32,86729,42.36,D
sz300850,新强联,2025-09-29 10:14:24,42.35,10500,42.32,D
sz300850,新强联,2025-09-29 10:14:42,42.34,14800,42.34,U
sz300850,新强联,2025-09-29 10:14:45,42.26,29009,42.34,D
sz300850,新强联,2025-09-29 10:15:00,42.27,8000,42.32,D
sz300850,新强联,2025-09-29 10:15:03,42.27,19300,42.27,U
sz300850,新强联,2025-09-29 10:15:06,42.27,7800,42.27,U
sz300850,新强联,2025-09-29 10:15:09,42.27,7300,42.27,U
sz300850,新强联,2025-09-29 10:15:24,42.29,5000,42.28,U
sz300850,新强联,2025-09-29 10:15:42,42.3,5300,42.3,U
sz300850,新强联,2025-09-29 10:15:48,42.3,7191,42.3,U
sz300850,新强联,2025-09-29 10:15:51,42.3,6600,42.3,D
sz300850,新强联,2025-09-29 10:15:54,42.3,10900,42.3,U
sz300850,新强联,2025-09-29 10:15:57,42.26,21800,42.3,D
sz300850,新强联,2025-09-29 10:16:00,42.24,29204,42.26,D
sz300850,新强联,2025-09-29 10:16:06,42.22,5000,42.23,D
sz300850,新强联,2025-09-29 10:16:09,42.2,44700,42.22,D
sz300850,新强联,2025-09-29 10:16:12,42.2,10400,42.2,U
sz300850,新强联,2025-09-29 10:16:15,42.19,5300,42.2,U
sz300850,新强联,2025-09-29 10:16:21,42.19,7300,42.19,U
sz300850,新强联,2025-09-29 10:16:27,42.16,6200,42.18,D
sz300850,新强联,2025-09-29 10:16:33,42.18,21200,42.15,U
sz300850,新强联,2025-09-29 10:16:42,42.15,6200,42.15,D
sz300850,新强联,2025-09-29 10:16:48,42.15,14400,42.17,D
sz300850,新强联,2025-09-29 10:16:54,42.17,7845,42.18,D
sz300850,新强联,2025-09-29 10:16:57,42.23,17100,42.17,U
sz300850,新强联,2025-09-29 10:17:00,42.23,65500,42.23,U
sz300850,新强联,2025-09-29 10:17:12,42.3,5200,42.3,U
sz300850,新强联,2025-09-29 10:17:15,42.3,9600,42.3,U
sz300850,新强联,2025-09-29 10:17:21,42.3,5400,42.31,D
sz300850,新强联,2025-09-29 10:17:24,42.31,5500,42.3,U
sz300850,新强联,2025-09-29 10:17:30,42.34,5300,42.31,U
sz300850,新强联,2025-09-29 10:17:33,42.33,4900,42.34,D
sz300850,新强联,2025-09-29 10:17:42,42.36,12900,42.36,U
sz300850,新强联,2025-09-29 10:17:45,42.37,9200,42.36,U
sz300850,新强联,2025-09-29 10:17:48,42.37,31200,42.37,D
sz300850,新强联,2025-09-29 10:17:51,42.38,25200,42.37,U
sz300850,新强联,2025-09-29 10:17:54,42.39,19200,42.38,U
sz300850,新强联,2025-09-29 10:17:57,42.39,8800,42.39,D
sz300850,新强联,2025-09-29 10:18:00,42.41,7400,42.39,U
sz300850,新强联,2025-09-29 10:18:06,42.41,11700,42.41,U
sz300850,新强联,2025-09-29 10:18:09,42.33,51100,42.41,D
sz300850,新强联,2025-09-29 10:18:21,42.41,7000,42.39,U
sz300850,新强联,2025-09-29 10:18:24,42.36,41700,42.41,D
sz300850,新强联,2025-09-29 10:18:27,42.41,16800,42.36,U
sz300850,新强联,2025-09-29 10:18:33,42.41,9600,42.4,U
sz300850,新强联,2025-09-29 10:18:45,42.43,13700,42.41,U
sz300850,新强联,2025-09-29 10:18:57,42.33,112300,42.44,D
sz300850,新强联,2025-09-29 10:19:00,42.39,13900,42.33,U
sz300850,新强联,2025-09-29 10:19:03,42.28,23100,42.39,D
sz300850,新强联,2025-09-29 10:19:06,42.33,18300,42.28,E
sz300850,新强联,2025-09-29 10:19:09,42.3,4800,42.33,E
sz300850,新强联,2025-09-29 10:19:12,42.3,9300,42.3,U
sz300850,新强联,2025-09-29 10:19:21,42.28,8800,42.3,D
sz300850,新强联,2025-09-29 10:19:24,42.3,5900,42.28,D
sz300850,新强联,2025-09-29 10:19:27,42.3,6600,42.3,D
sz300850,新强联,2025-09-29 10:19:30,42.32,5400,42.3,U
sz300850,新强联,2025-09-29 10:19:36,42.3,5200,42.3,D
sz300850,新强联,2025-09-29 10:19:45,42.3,20300,42.3,U
sz300850,新强联,2025-09-29 10:19:57,42.29,5300,42.28,U
sz300850,新强联,2025-09-29 10:20:12,42.25,4800,42.29,D
sz300850,新强联,2025-09-29 10:20:18,42.21,25100,42.25,D
sz300850,新强联,2025-09-29 10:20:21,42.21,8900,42.21,D
sz300850,新强联,2025-09-29 10:20:27,42.21,6063,42.22,D
sz300850,新强联,2025-09-29 10:20:33,42.2,8800,42.2,D
sz300850,新强联,2025-09-29 10:20:39,42.19,22600,42.2,D
sz300850,新强联,2025-09-29 10:20:42,42.15,9200,42.19,D
sz300850,新强联,2025-09-29 10:20:45,42.13,7400,42.15,D
sz300850,新强联,2025-09-29 10:20:54,42.12,28300,42.13,D
sz300850,新强联,2025-09-29 10:20:57,42.13,24400,42.12,U
sz300850,新强联,2025-09-29 10:21:00,42.15,9100,42.13,U
sz300850,新强联,2025-09-29 10:21:09,42.17,9100,42.17,U
sz300850,新强联,2025-09-29 10:21:18,42.19,4900,42.18,U
sz300850,新强联,2025-09-29 10:21:21,42.24,25337,42.19,U
sz300850,新强联,2025-09-29 10:21:27,42.25,5300,42.25,U
sz300850,新强联,2025-09-29 10:21:30,42.28,15900,42.25,U
sz300850,新强联,2025-09-29 10:21:33,42.25,5070,42.28,D
sz300850,新强联,2025-09-29 10:21:39,42.3,5600,42.3,U
sz300850,新强联,2025-09-29 10:21:42,42.32,15400,42.3,U
sz300850,新强联,2025-09-29 10:21:48,42.34,5400,42.32,U
sz300850,新强联,2025-09-29 10:21:51,42.34,25800,42.34,U
sz300850,新强联,2025-09-29 10:21:54,42.32,7100,42.34,U
sz300850,新强联,2025-09-29 10:21:57,42.31,7900,42.32,E
sz300850,新强联,2025-09-29 10:22:00,42.28,6100,42.31,D
sz300850,新强联,2025-09-29 10:22:03,42.24,9900,42.28,D
sz300850,新强联,2025-09-29 10:22:06,42.23,7600,42.24,D
sz300850,新强联,2025-09-29 10:22:15,42.18,23100,42.22,D
sz300850,新强联,2025-09-29 10:22:18,42.19,48900,42.18,U
sz300850,新强联,2025-09-29 10:22:33,42.12,4800,42.12,D
sz300850,新强联,2025-09-29 10:22:45,42.11,9900,42.1,U
sz300850,新强联,2025-09-29 10:22:48,42.09,9600,42.11,D
sz300850,新强联,2025-09-29 10:23:12,42.16,5000,42.15,U
sz300850,新强联,2025-09-29 10:23:54,42.26,4937,42.23,U
sz300850,新强联,2025-09-29 10:23:57,42.24,17563,42.26,D
sz300850,新强联,2025-09-29 10:24:03,42.2,5400,42.21,E
sz300850,新强联,2025-09-29 10:24:15,42.22,5100,42.23,D
sz300850,新强联,2025-09-29 10:24:39,42.27,8400,42.27,U
sz300850,新强联,2025-09-29 10:24:42,42.28,25200,42.27,U
sz300850,新强联,2025-09-29 10:24:48,42.22,14800,42.22,U
sz300850,新强联,2025-09-29 10:25:00,42.22,6700,42.22,U
sz300850,新强联,2025-09-29 10:25:24,42.25,31600,42.24,U
sz300850,新强联,2025-09-29 10:25:27,42.24,7400,42.25,E
sz300850,新强联,2025-09-29 10:25:42,42.21,9500,42.21,D
sz300850,新强联,2025-09-29 10:25:51,42.16,28500,42.19,D
sz300850,新强联,2025-09-29 10:25:54,42.19,8400,42.16,U
sz300850,新强联,2025-09-29 10:25:57,42.2,9400,42.19,U
sz300850,新强联,2025-09-29 10:26:03,42.19,16200,42.2,D
sz300850,新强联,2025-09-29 10:26:09,42.15,19900,42.18,D
sz300850,新强联,2025-09-29 10:26:15,42.13,8400,42.14,D
sz300850,新强联,2025-09-29 10:26:33,42.09,17300,42.09,D
sz300850,新强联,2025-09-29 10:26:36,42.06,9400,42.09,E
sz300850,新强联,2025-09-29 10:26:45,42.06,5700,42.08,D
sz300850,新强联,2025-09-29 10:26:57,42.06,7400,42.06,U
sz300850,新强联,2025-09-29 10:27:00,42.06,112700,42.06,U
sz300850,新强联,2025-09-29 10:27:09,42.08,5900,42.08,U
sz300850,新强联,2025-09-29 10:27:24,42.1,6300,42.1,U
sz300850,新强联,2025-09-29 10:27:27,42.1,5000,42.1,U
sz300850,新强联,2025-09-29 10:27:30,42.09,5700,42.1,U
sz300850,新强联,2025-09-29 10:27:33,42.09,5990,42.09,U
sz300850,新强联,2025-09-29 10:27:39,42.09,6200,42.09,D
sz300850,新强联,2025-09-29 10:27:42,42.09,11000,42.09,D
sz300850,新强联,2025-09-29 10:27:45,42.06,31000,42.09,D
sz300850,新强联,2025-09-29 10:27:57,42.09,16500,42.09,U
sz300850,新强联,2025-09-29 10:28:00,42.08,7000,42.09,D
sz300850,新强联,2025-09-29 10:28:12,42.08,10500,42.07,U
sz300850,新强联,2025-09-29 10:28:21,42.06,5100,42.04,U
sz300850,新强联,2025-09-29 10:28:24,42.0,5000,42.06,D
sz300850,新强联,2025-09-29 10:28:27,42.03,5300,42.0,U
sz300850,新强联,2025-09-29 10:28:33,42.03,23100,41.98,U
sz300850,新强联,2025-09-29 10:28:45,42.09,5300,42.03,U
sz300850,新强联,2025-09-29 10:28:51,42.09,7800,42.09,U
sz300850,新强联,2025-09-29 10:28:57,42.08,8200,42.09,D
sz300850,新强联,2025-09-29 10:29:09,42.03,5900,42.06,D
sz300850,新强联,2025-09-29 10:29:12,42.02,20576,42.03,D
sz300850,新强联,2025-09-29 10:29:21,42.07,16800,42.02,U
sz300850,新强联,2025-09-29 10:29:24,42.01,5000,42.07,D
sz300850,新强联,2025-09-29 10:29:51,42.0,5800,42.02,D
sz300850,新强联,2025-09-29 10:30:00,41.99,6100,42.02,D
sz300850,新强联,2025-09-29 10:30:03,42.02,8200,41.99,U
sz300850,新强联,2025-09-29 10:30:27,42.02,9987,42.03,D
sz300850,新强联,2025-09-29 10:30:42,42.0,9900,42.0,D
sz300850,新强联,2025-09-29 10:30:48,41.95,22700,42.01,D
sz300850,新强联,2025-09-29 10:31:00,41.96,5000,41.96,U
sz300850,新强联,2025-09-29 10:31:03,42.01,5700,41.96,U
sz300850,新强联,2025-09-29 10:31:18,41.96,10400,41.99,D
sz300850,新强联,2025-09-29 10:31:27,41.92,4900,41.93,D
sz300850,新强联,2025-09-29 10:31:30,41.88,34800,41.92,D
sz300850,新强联,2025-09-29 10:31:33,41.81,6600,41.88,D
sz300850,新强联,2025-09-29 10:31:36,41.81,6100,41.81,D
sz300850,新强联,2025-09-29 10:31:42,41.81,12400,41.82,D
sz300850,新强联,2025-09-29 10:31:45,41.81,11400,41.81,U
sz300850,新强联,2025-09-29 10:31:48,41.8,6300,41.81,D
sz300850,新强联,2025-09-29 10:31:51,41.8,8300,41.8,D
sz300850,新强联,2025-09-29 10:31:54,41.8,6000,41.8,D
sz300850,新强联,2025-09-29 10:32:21,41.7,5100,41.68,U
sz300850,新强联,2025-09-29 10:32:24,41.68,8400,41.7,D
sz300850,新强联,2025-09-29 10:32:27,41.68,5500,41.68,U
sz300850,新强联,2025-09-29 10:32:30,41.67,12700,41.68,D
sz300850,新强联,2025-09-29 10:32:33,41.69,10551,41.67,U
sz300850,新强联,2025-09-29 10:32:36,41.7,5900,41.69,U
sz300850,新强联,2025-09-29 10:32:39,41.7,9600,41.7,U
sz300850,新强联,2025-09-29 10:32:45,41.69,6600,41.7,D
sz300850,新强联,2025-09-29 10:32:48,41.72,38200,41.69,U
sz300850,新强联,2025-09-29 10:32:51,41.7,9200,41.72,U
sz300850,新强联,2025-09-29 10:32:57,41.73,6400,41.71,U
sz300850,新强联,2025-09-29 10:33:03,41.73,16200,41.73,U
sz300850,新强联,2025-09-29 10:33:06,41.73,6400,41.73,U
sz300850,新强联,2025-09-29 10:33:18,41.72,21700,41.73,D
sz300850,新强联,2025-09-29 10:33:21,41.69,15400,41.72,D
sz300850,新强联,2025-09-29 10:33:24,41.72,5500,41.69,U
sz300850,新强联,2025-09-29 10:33:30,41.69,5700,41.68,U
sz300850,新强联,2025-09-29 10:33:42,41.7,5300,41.69,U
sz300850,新强联,2025-09-29 10:33:45,41.69,12300,41.7,E
sz300850,新强联,2025-09-29 10:33:57,41.7,7700,41.71,D
sz300850,新强联,2025-09-29 10:34:00,41.72,17800,41.7,U
sz300850,新强联,2025-09-29 10:34:12,41.75,5000,41.74,U
sz300850,新强联,2025-09-29 10:34:21,41.75,6600,41.76,D
sz300850,新强联,2025-09-29 10:34:27,41.82,12900,41.77,U
sz300850,新强联,2025-09-29 10:34:39,41.93,7100,41.88,U
sz300850,新强联,2025-09-29 10:34:45,41.94,16600,41.89,U
sz300850,新强联,2025-09-29 10:34:48,41.94,12000,41.94,D
sz300850,新强联,2025-09-29 10:34:51,41.94,8000,41.94,D
sz300850,新强联,2025-09-29 10:34:57,41.96,6100,41.95,U
sz300850,新强联,2025-09-29 10:35:00,41.97,5400,41.96,U
sz300850,新强联,2025-09-29 10:35:18,41.98,8800,41.99,D
sz300850,新强联,2025-09-29 10:35:24,41.97,6300,41.97,U
sz300850,新强联,2025-09-29 10:35:30,41.96,18800,41.97,D
sz300850,新强联,2025-09-29 10:35:33,41.93,18100,41.96,D
sz300850,新强联,2025-09-29 10:35:57,41.98,20500,41.97,U
sz300850,新强联,2025-09-29 10:36:00,41.97,16300,41.98,D
sz300850,新强联,2025-09-29 10:36:03,42.02,45000,41.97,U
sz300850,新强联,2025-09-29 10:37:30,42.02,5200,42.02,U
sz300850,新强联,2025-09-29 10:37:39,42.06,15400,42.03,E
sz300850,新强联,2025-09-29 10:37:45,42.07,5700,42.06,E
sz300850,新强联,2025-09-29 10:38:30,42.08,6300,42.08,U
sz300850,新强联,2025-09-29 10:38:33,42.06,15300,42.08,D
sz300850,新强联,2025-09-29 10:38:36,42.08,7300,42.06,U
sz300850,新强联,2025-09-29 10:38:39,42.08,6000,42.08,U
sz300850,新强联,2025-09-29 10:38:51,42.09,5300,42.09,U
sz300850,新强联,2025-09-29 10:38:57,42.14,10300,42.09,U
sz300850,新强联,2025-09-29 10:39:12,42.16,13000,42.16,E
sz300850,新强联,2025-09-29 10:39:18,42.15,9500,42.15,U
sz300850,新强联,2025-09-29 10:39:24,42.1,16100,42.15,D
sz300850,新强联,2025-09-29 10:39:27,42.2,11900,42.1,U
sz300850,新强联,2025-09-29 10:39:30,42.2,12700,42.2,U
sz300850,新强联,2025-09-29 10:39:36,42.2,6900,42.2,D
sz300850,新强联,2025-09-29 10:40:15,42.24,6400,42.24,U
sz300850,新强联,2025-09-29 10:40:18,42.24,7000,42.24,D
sz300850,新强联,2025-09-29 10:40:21,42.2,21300,42.24,D
sz300850,新强联,2025-09-29 10:40:24,42.25,38700,42.2,U
sz300850,新强联,2025-09-29 10:40:30,42.19,17100,42.22,D
sz300850,新强联,2025-09-29 10:40:33,42.19,5300,42.19,U
sz300850,新强联,2025-09-29 10:40:39,42.16,6800,42.18,E
sz300850,新强联,2025-09-29 10:40:45,42.08,8600,42.14,D
sz300850,新强联,2025-09-29 10:41:18,42.25,5500,42.24,U
sz300850,新强联,2025-09-29 10:41:21,42.21,7100,42.25,D
sz300850,新强联,2025-09-29 10:41:33,42.14,29800,42.21,D
sz300850,新强联,2025-09-29 10:41:39,42.19,4900,42.2,E
sz300850,新强联,2025-09-29 10:42:00,42.12,28300,42.17,D
sz300850,新强联,2025-09-29 10:42:03,42.05,13600,42.12,D
sz300850,新强联,2025-09-29 10:42:06,42.18,5000,42.05,U
sz300850,新强联,2025-09-29 10:42:45,42.24,4743,42.23,U
sz300850,新强联,2025-09-29 10:42:51,42.21,14300,42.22,E
sz300850,新强联,2025-09-29 10:43:06,42.21,5600,42.22,D
sz300850,新强联,2025-09-29 10:43:54,42.16,5200,42.16,D
sz300850,新强联,2025-09-29 10:44:06,42.19,13700,42.18,U
sz300850,新强联,2025-09-29 10:44:09,42.21,7900,42.19,U
sz300850,新强联,2025-09-29 10:44:12,42.21,5000,42.21,U
sz300850,新强联,2025-09-29 10:44:15,42.2,7500,42.21,D
sz300850,新强联,2025-09-29 10:44:18,42.21,8900,42.2,U
sz300850,新强联,2025-09-29 10:44:21,42.16,39200,42.21,D
sz300850,新强联,2025-09-29 10:44:33,42.18,6500,42.18,D
sz300850,新强联,2025-09-29 10:44:39,42.18,7200,42.18,D
sz300850,新强联,2025-09-29 10:44:45,42.18,8320,42.19,D
sz300850,新强联,2025-09-29 10:44:51,42.16,10200,42.18,D
sz300850,新强联,2025-09-29 10:45:06,42.13,9200,42.15,D
sz300850,新强联,2025-09-29 10:45:24,42.09,7100,42.08,U
sz300850,新强联,2025-09-29 10:45:27,42.07,5000,42.09,D
sz300850,新强联,2025-09-29 10:45:30,42.09,12500,42.07,U
sz300850,新强联,2025-09-29 10:45:33,42.13,8000,42.09,U
sz300850,新强联,2025-09-29 10:45:36,42.1,6100,42.13,E
sz300850,新强联,2025-09-29 10:45:39,42.12,5600,42.1,E
sz300850,新强联,2025-09-29 10:45:57,42.1,7000,42.1,D
sz300850,新强联,2025-09-29 10:46:00,42.12,12700,42.1,U
sz300850,新强联,2025-09-29 10:46:03,42.1,10300,42.12,D
sz300850,新强联,2025-09-29 10:46:33,42.11,8100,42.09,U
sz300850,新强联,2025-09-29 10:46:36,42.08,5700,42.11,D
sz300850,新强联,2025-09-29 10:46:45,42.07,5700,42.07,U
sz300850,新强联,2025-09-29 10:46:54,42.09,8300,42.08,U
sz300850,新强联,2025-09-29 10:46:57,42.1,9100,42.09,U
sz300850,新强联,2025-09-29 10:47:00,42.09,14600,42.1,D
sz300850,新强联,2025-09-29 10:47:15,42.14,8520,42.2,D
sz300850,新强联,2025-09-29 10:47:18,42.14,5980,42.14,U
sz300850,新强联,2025-09-29 10:47:30,42.15,5500,42.2,D
sz300850,新强联,2025-09-29 10:47:33,42.2,7400,42.15,U
sz300850,新强联,2025-09-29 10:47:39,42.2,8900,42.2,U
sz300850,新强联,2025-09-29 10:47:48,42.23,20600,42.21,U
sz300850,新强联,2025-09-29 10:47:51,42.25,6600,42.23,U
sz300850,新强联,2025-09-29 10:47:57,42.27,16600,42.26,U
sz300850,新强联,2025-09-29 10:48:00,42.29,6300,42.27,U
sz300850,新强联,2025-09-29 10:48:03,42.36,31100,42.29,U
sz300850,新强联,2025-09-29 10:48:06,42.37,9200,42.36,U
sz300850,新强联,2025-09-29 10:48:09,42.34,10600,42.37,D
sz300850,新强联,2025-09-29 10:48:12,42.35,5900,42.34,U
sz300850,新强联,2025-09-29 10:48:15,42.34,10500,42.35,D
sz300850,新强联,2025-09-29 10:48:18,42.34,29400,42.34,U
sz300850,新强联,2025-09-29 10:48:21,42.34,8100,42.34,U
sz300850,新强联,2025-09-29 10:48:24,42.26,9600,42.34,D
sz300850,新强联,2025-09-29 10:48:27,42.24,7700,42.26,D
sz300850,新强联,2025-09-29 10:48:30,42.25,5600,42.24,U
sz300850,新强联,2025-09-29 10:48:33,42.23,16025,42.25,D
sz300850,新强联,2025-09-29 10:48:36,42.23,17100,42.23,U
sz300850,新强联,2025-09-29 10:48:45,42.14,7600,42.15,D
sz300850,新强联,2025-09-29 10:49:03,42.11,7200,42.11,D
sz300850,新强联,2025-09-29 10:49:12,42.05,5500,42.07,D
sz300850,新强联,2025-09-29 10:49:15,42.01,8200,42.05,D
sz300850,新强联,2025-09-29 10:49:18,42.07,8400,42.01,U
sz300850,新强联,2025-09-29 10:49:21,42.05,9300,42.07,E
sz300850,新强联,2025-09-29 10:49:30,41.99,9400,42.0,D
sz300850,新强联,2025-09-29 10:50:00,42.06,7200,42.07,D
sz300850,新强联,2025-09-29 10:50:18,42.13,23400,42.15,D
sz300850,新强联,2025-09-29 10:50:21,42.15,11400,42.13,U
sz300850,新强联,2025-09-29 10:50:33,42.02,13400,42.11,D
sz300850,新强联,2025-09-29 10:50:45,42.06,24900,42.09,D
sz300850,新强联,2025-09-29 10:51:03,42.03,6200,42.01,U
sz300850,新强联,2025-09-29 10:51:12,41.97,5100,41.98,D
sz300850,新强联,2025-09-29 10:51:21,41.96,14300,41.97,D
sz300850,新强联,2025-09-29 10:51:24,41.97,7500,41.96,U
sz300850,新强联,2025-09-29 10:51:33,41.97,5500,41.96,U
sz300850,新强联,2025-09-29 10:51:45,41.97,5000,41.97,U
sz300850,新强联,2025-09-29 10:52:09,42.02,6500,42.0,E
sz300850,新强联,2025-09-29 10:52:15,42.06,8800,42.05,E
sz300850,新强联,2025-09-29 10:52:24,42.07,15800,42.11,D
sz300850,新强联,2025-09-29 10:52:42,42.13,13000,42.12,U
sz300850,新强联,2025-09-29 10:52:51,42.12,9800,42.12,D
sz300850,新强联,2025-09-29 10:53:15,42.1,6900,42.03,U
sz300850,新强联,2025-09-29 10:53:18,42.09,5300,42.1,D
sz300850,新强联,2025-09-29 10:53:36,42.12,13500,42.13,D
sz300850,新强联,2025-09-29 10:53:45,42.02,9300,42.13,D
sz300850,新强联,2025-09-29 10:54:06,42.14,6975,42.15,D
sz300850,新强联,2025-09-29 10:54:09,42.15,5600,42.14,U
sz300850,新强联,2025-09-29 10:54:21,42.17,45500,42.11,U
sz300850,新强联,2025-09-29 10:54:24,42.12,16700,42.17,D
sz300850,新强联,2025-09-29 10:54:33,42.17,7500,42.14,U
sz300850,新强联,2025-09-29 10:54:36,42.26,23800,42.17,U
sz300850,新强联,2025-09-29 10:54:45,42.26,5467,42.28,D
sz300850,新强联,2025-09-29 10:55:00,42.25,13500,42.25,U
sz300850,新强联,2025-09-29 10:55:03,42.25,17200,42.25,D
sz300850,新强联,2025-09-29 10:55:12,42.27,13300,42.27,D
sz300850,新强联,2025-09-29 10:55:21,42.3,13800,42.28,U
sz300850,新强联,2025-09-29 10:55:30,42.3,22833,42.27,U
sz300850,新强联,2025-09-29 10:55:42,42.3,6200,42.31,U
sz300850,新强联,2025-09-29 10:56:06,42.3,5000,42.3,U
sz300850,新强联,2025-09-29 10:56:15,42.28,15700,42.28,D
sz300850,新强联,2025-09-29 10:56:21,42.27,7500,42.28,D
sz300850,新强联,2025-09-29 10:56:24,42.26,6900,42.27,D
sz300850,新强联,2025-09-29 10:56:42,42.22,5700,42.23,U
sz300850,新强联,2025-09-29 10:57:00,42.25,9600,42.22,U
sz300850,新强联,2025-09-29 10:57:15,42.29,6900,42.3,D
sz300850,新强联,2025-09-29 10:57:33,42.3,6400,42.3,D
sz300850,新强联,2025-09-29 10:57:36,42.3,11500,42.3,U
sz300850,新强联,2025-09-29 10:57:45,42.29,5500,42.29,U
sz300850,新强联,2025-09-29 10:58:09,42.29,16800,42.26,U
sz300850,新强联,2025-09-29 10:58:15,42.31,12800,42.31,U
sz300850,新强联,2025-09-29 10:58:30,42.33,23000,42.33,D
sz300850,新强联,2025-09-29 10:58:33,42.35,17900,42.33,U
sz300850,新强联,2025-09-29 10:58:45,42.37,15900,42.36,U
sz300850,新强联,2025-09-29 10:58:51,42.37,5600,42.37,U
sz300850,新强联,2025-09-29 10:58:57,42.34,28000,42.38,D
sz300850,新强联,2025-09-29 10:59:03,42.35,10500,42.36,E
sz300850,新强联,2025-09-29 10:59:09,42.36,28100,42.31,U
sz300850,新强联,2025-09-29 10:59:24,42.35,6900,42.35,U
sz300850,新强联,2025-09-29 10:59:30,42.34,9400,42.34,D
sz300850,新强联,2025-09-29 10:59:42,42.38,40770,42.35,U
sz300850,新强联,2025-09-29 10:59:45,42.4,12300,42.38,U
sz300850,新强联,2025-09-29 10:59:48,42.41,9700,42.4,U
sz300850,新强联,2025-09-29 10:59:51,42.45,35000,42.41,U
sz300850,新强联,2025-09-29 10:59:54,42.46,7400,42.45,U
sz300850,新强联,2025-09-29 11:00:00,42.46,13100,42.45,U
sz300850,新强联,2025-09-29 11:00:06,42.49,7900,42.47,U
sz300850,新强联,2025-09-29 11:00:12,42.5,16700,42.49,U
sz300850,新强联,2025-09-29 11:00:15,42.5,13100,42.5,U
sz300850,新强联,2025-09-29 11:00:18,42.5,12000,42.5,U
sz300850,新强联,2025-09-29 11:00:21,42.48,5000,42.5,D
sz300850,新强联,2025-09-29 11:00:24,42.46,5000,42.48,D
sz300850,新强联,2025-09-29 11:00:27,42.48,22500,42.46,U
sz300850,新强联,2025-09-29 11:00:33,42.48,6000,42.48,D
sz300850,新强联,2025-09-29 11:00:36,42.5,11000,42.48,U
sz300850,新强联,2025-09-29 11:00:42,42.5,8200,42.5,U
sz300850,新强联,2025-09-29 11:00:45,42.5,14900,42.5,U
sz300850,新强联,2025-09-29 11:00:48,42.5,8400,42.5,U
sz300850,新强联,2025-09-29 11:00:51,42.5,6700,42.5,U
sz300850,新强联,2025-09-29 11:00:54,42.5,5100,42.5,U
sz300850,新强联,2025-09-29 11:00:57,42.5,5200,42.5,U
sz300850,新强联,2025-09-29 11:01:06,42.5,19483,42.5,U
sz300850,新强联,2025-09-29 11:01:18,42.55,11600,42.52,U
sz300850,新强联,2025-09-29 11:01:21,42.55,6400,42.55,D
sz300850,新强联,2025-09-29 11:01:27,42.58,8000,42.58,U
sz300850,新强联,2025-09-29 11:01:33,42.52,17700,42.54,D
sz300850,新强联,2025-09-29 11:01:36,42.5,12200,42.52,D
sz300850,新强联,2025-09-29 11:01:39,42.49,30717,42.5,D
sz300850,新强联,2025-09-29 11:01:42,42.45,38200,42.49,D
sz300850,新强联,2025-09-29 11:01:45,42.49,18200,42.45,U
sz300850,新强联,2025-09-29 11:01:48,42.46,10000,42.49,E
sz300850,新强联,2025-09-29 11:01:57,42.48,19100,42.47,U
sz300850,新强联,2025-09-29 11:02:00,42.48,28200,42.48,D
sz300850,新强联,2025-09-29 11:02:24,42.62,71368,42.48,U
sz300850,新强联,2025-09-29 11:02:27,42.64,7500,42.62,U
sz300850,新强联,2025-09-29 11:02:36,42.65,6700,42.65,U
sz300850,新强联,2025-09-29 11:02:45,42.58,10300,42.65,D
sz300850,新强联,2025-09-29 11:02:48,42.64,14800,42.58,U
sz300850,新强联,2025-09-29 11:02:51,42.64,5200,42.64,U
sz300850,新强联,2025-09-29 11:02:54,42.64,10900,42.64,D
sz300850,新强联,2025-09-29 11:03:06,42.65,10400,42.67,D
sz300850,新强联,2025-09-29 11:03:09,42.65,32100,42.65,U
sz300850,新强联,2025-09-29 11:03:12,42.67,4900,42.65,U
sz300850,新强联,2025-09-29 11:03:21,42.67,6300,42.67,U
sz300850,新强联,2025-09-29 11:03:27,42.68,14700,42.68,U
sz300850,新强联,2025-09-29 11:03:42,42.7,24900,42.7,U
sz300850,新强联,2025-09-29 11:03:48,42.76,6600,42.75,U
sz300850,新强联,2025-09-29 11:03:51,42.75,16000,42.76,D
sz300850,新强联,2025-09-29 11:03:54,42.75,9600,42.75,U
sz300850,新强联,2025-09-29 11:03:57,42.75,6200,42.75,U
sz300850,新强联,2025-09-29 11:04:00,42.75,4700,42.75,U
sz300850,新强联,2025-09-29 11:04:03,42.7,14900,42.75,D
sz300850,新强联,2025-09-29 11:04:06,42.68,6000,42.7,D
sz300850,新强联,2025-09-29 11:04:09,42.72,89800,42.68,U
sz300850,新强联,2025-09-29 11:04:18,42.65,12600,42.67,D
sz300850,新强联,2025-09-29 11:04:21,42.63,15900,42.65,D
sz300850,新强联,2025-09-29 11:04:30,42.64,13300,42.6,U
sz300850,新强联,2025-09-29 11:04:33,42.66,30100,42.64,U
sz300850,新强联,2025-09-29 11:04:36,42.71,10700,42.66,U
sz300850,新强联,2025-09-29 11:04:39,42.72,6600,42.71,U
sz300850,新强联,2025-09-29 11:04:42,42.71,23700,42.72,D
sz300850,新强联,2025-09-29 11:04:54,42.7,17600,42.71,D
sz300850,新强联,2025-09-29 11:05:00,42.7,5600,42.73,D
sz300850,新强联,2025-09-29 11:05:03,42.72,5000,42.7,U
sz300850,新强联,2025-09-29 11:05:15,42.67,6000,42.71,D
sz300850,新强联,2025-09-29 11:05:21,42.66,30600,42.66,D
sz300850,新强联,2025-09-29 11:05:24,42.65,5600,42.66,D
sz300850,新强联,2025-09-29 11:05:42,42.55,6300,42.55,U
sz300850,新强联,2025-09-29 11:06:03,42.55,9829,42.56,D
sz300850,新强联,2025-09-29 11:06:21,42.56,5000,42.56,U
sz300850,新强联,2025-09-29 11:06:24,42.57,5200,42.56,U
sz300850,新强联,2025-09-29 11:06:33,42.55,6800,42.57,D
sz300850,新强联,2025-09-29 11:06:48,42.56,7800,42.56,D
sz300850,新强联,2025-09-29 11:06:51,42.55,11100,42.56,D
sz300850,新强联,2025-09-29 11:07:03,42.54,36600,42.55,D
sz300850,新强联,2025-09-29 11:07:15,42.49,6100,42.52,D
sz300850,新强联,2025-09-29 11:07:21,42.48,5600,42.48,D
sz300850,新强联,2025-09-29 11:07:27,42.47,6300,42.47,D
sz300850,新强联,2025-09-29 11:07:45,42.45,37100,42.48,D
sz300850,新强联,2025-09-29 11:07:48,42.42,11200,42.45,D
sz300850,新强联,2025-09-29 11:08:39,42.39,5900,42.38,U
sz300850,新强联,2025-09-29 11:08:48,42.39,4800,42.39,U
sz300850,新强联,2025-09-29 11:09:15,42.36,11500,42.36,D
sz300850,新强联,2025-09-29 11:09:36,42.3,9400,42.3,U
sz300850,新强联,2025-09-29 11:09:39,42.29,20300,42.3,D
sz300850,新强联,2025-09-29 11:09:45,42.29,5300,42.3,D
sz300850,新强联,2025-09-29 11:09:54,42.28,8600,42.29,D
sz300850,新强联,2025-09-29 11:10:00,42.29,5300,42.28,U
sz300850,新强联,2025-09-29 11:10:06,42.3,10100,42.28,U
sz300850,新强联,2025-09-29 11:10:24,42.37,26400,42.35,U
sz300850,新强联,2025-09-29 11:10:27,42.38,9900,42.37,U
sz300850,新强联,2025-09-29 11:10:30,42.38,5100,42.38,U
sz300850,新强联,2025-09-29 11:10:36,42.4,5200,42.39,U
sz300850,新强联,2025-09-29 11:10:39,42.39,8000,42.4,D
sz300850,新强联,2025-09-29 11:10:42,42.4,10700,42.39,U
sz300850,新强联,2025-09-29 11:10:48,42.39,7000,42.4,D
sz300850,新强联,2025-09-29 11:10:54,42.4,13200,42.4,D
sz300850,新强联,2025-09-29 11:10:57,42.38,5600,42.4,E
sz300850,新强联,2025-09-29 11:11:03,42.33,5100,42.38,D
sz300850,新强联,2025-09-29 11:11:21,42.32,5800,42.32,E
sz300850,新强联,2025-09-29 11:12:06,42.3,6700,42.3,D
sz300850,新强联,2025-09-29 11:12:09,42.27,12400,42.3,D
sz300850,新强联,2025-09-29 11:12:39,42.24,7500,42.26,D
sz300850,新强联,2025-09-29 11:13:00,42.22,10100,42.22,D
sz300850,新强联,2025-09-29 11:13:03,42.22,7000,42.22,U
sz300850,新强联,2025-09-29 11:13:18,42.23,10300,42.23,D
sz300850,新强联,2025-09-29 11:13:21,42.25,5000,42.23,U
sz300850,新强联,2025-09-29 11:13:27,42.25,7800,42.24,U
sz300850,新强联,2025-09-29 11:13:39,42.25,5700,42.25,U
sz300850,新强联,2025-09-29 11:14:03,42.2,25500,42.25,D
sz300850,新强联,2025-09-29 11:14:09,42.18,7800,42.19,D
sz300850,新强联,2025-09-29 11:14:54,42.26,10700,42.26,U
sz300850,新强联,2025-09-29 11:15:21,42.26,13300,42.28,D
sz300850,新强联,2025-09-29 11:15:54,42.21,5400,42.23,D
sz300850,新强联,2025-09-29 11:16:00,42.2,6200,42.22,D
sz300850,新强联,2025-09-29 11:17:12,42.15,5400,42.15,U
sz300850,新强联,2025-09-29 11:17:36,42.17,22200,42.2,D
sz300850,新强联,2025-09-29 11:18:00,42.19,21600,42.19,D
sz300850,新强联,2025-09-29 11:18:30,42.22,6900,42.24,D
sz300850,新强联,2025-09-29 11:18:45,42.21,7600,42.21,U
sz300850,新强联,2025-09-29 11:19:06,42.29,5200,42.3,D
sz300850,新强联,2025-09-29 11:19:12,42.3,7700,42.3,D
sz300850,新强联,2025-09-29 11:19:48,42.26,8200,42.26,U
sz300850,新强联,2025-09-29 11:20:36,42.25,5600,42.25,U
sz300850,新强联,2025-09-29 11:20:39,42.25,8700,42.25,D
sz300850,新强联,2025-09-29 11:20:54,42.23,12545,42.26,D
sz300850,新强联,2025-09-29 11:20:57,42.23,17900,42.23,D
sz300850,新强联,2025-09-29 11:21:03,42.24,5000,42.23,U
sz300850,新强联,2025-09-29 11:22:03,42.2,10100,42.22,D
sz300850,新强联,2025-09-29 11:22:09,42.19,6200,42.2,D
sz300850,新强联,2025-09-29 11:22:18,42.18,5300,42.19,D
sz300850,新强联,2025-09-29 11:22:30,42.15,24500,42.17,D
sz300850,新强联,2025-09-29 11:22:36,42.13,8100,42.16,D
sz300850,新强联,2025-09-29 11:22:42,42.12,11800,42.13,E
sz300850,新强联,2025-09-29 11:22:48,42.15,4900,42.15,U
sz300850,新强联,2025-09-29 11:23:33,42.17,7000,42.18,D
sz300850,新强联,2025-09-29 11:23:57,42.17,7500,42.16,E
sz300850,新强联,2025-09-29 11:24:48,42.2,13200,42.2,D
sz300850,新强联,2025-09-29 11:24:57,42.19,9300,42.21,D
sz300850,新强联,2025-09-29 11:25:36,42.24,10100,42.24,E
sz300850,新强联,2025-09-29 11:25:45,42.25,9700,42.25,D
sz300850,新强联,2025-09-29 11:26:03,42.21,7300,42.21,U
sz300850,新强联,2025-09-29 11:27:39,42.19,5300,42.2,D
sz300850,新强联,2025-09-29 11:27:45,42.22,5200,42.19,U
sz300850,新强联,2025-09-29 11:27:48,42.19,20600,42.22,D
sz300850,新强联,2025-09-29 11:27:57,42.22,7800,42.2,U
sz300850,新强联,2025-09-29 11:28:03,42.22,7400,42.2,U
sz300850,新强联,2025-09-29 11:28:36,42.18,22900,42.2,D
sz300850,新强联,2025-09-29 11:28:57,42.18,7100,42.22,D
sz300850,新强联,2025-09-29 11:29:24,42.14,6000,42.16,D
sz300850,新强联,2025-09-29 11:29:33,42.09,10600,42.11,D
sz300850,新强联,2025-09-29 11:29:36,42.1,22200,42.09,E
sz300850,新强联,2025-09-29 11:29:57,42.09,4900,42.09,D
sz300850,新强联,2025-09-29 13:00:00,42.09,31818,42.09,U
sz300850,新强联,2025-09-29 13:00:03,42.1,7800,42.09,E
sz300850,新强联,2025-09-29 13:00:06,42.09,8700,42.1,D
sz300850,新强联,2025-09-29 13:00:09,42.1,17500,42.09,U
sz300850,新强联,2025-09-29 13:00:15,42.11,6000,42.11,U
sz300850,新强联,2025-09-29 13:00:21,42.13,11800,42.12,E
sz300850,新强联,2025-09-29 13:00:27,42.11,6500,42.12,D
sz300850,新强联,2025-09-29 13:00:33,42.1,8400,42.12,D
sz300850,新强联,2025-09-29 13:01:30,42.03,8882,42.06,D
sz300850,新强联,2025-09-29 13:01:42,42.02,13900,42.03,D
sz300850,新强联,2025-09-29 13:01:45,42.01,6100,42.02,D
sz300850,新强联,2025-09-29 13:01:54,42.01,26800,42.01,D
sz300850,新强联,2025-09-29 13:02:03,42.01,12600,42.03,D
sz300850,新强联,2025-09-29 13:02:06,41.97,62300,42.01,D
sz300850,新强联,2025-09-29 13:02:09,41.98,5100,41.97,U
sz300850,新强联,2025-09-29 13:02:15,42.01,20300,42.0,U
sz300850,新强联,2025-09-29 13:02:18,42.0,5600,42.01,E
sz300850,新强联,2025-09-29 13:03:21,42.11,4900,42.07,U
sz300850,新强联,2025-09-29 13:04:03,42.14,13100,42.13,U
sz300850,新强联,2025-09-29 13:04:27,42.3,5800,42.26,U
sz300850,新强联,2025-09-29 13:04:30,42.3,12800,42.3,D
sz300850,新强联,2025-09-29 13:04:36,42.34,34000,42.29,U
sz300850,新强联,2025-09-29 13:04:39,42.37,16300,42.34,E
sz300850,新强联,2025-09-29 13:04:42,42.37,11000,42.37,U
sz300850,新强联,2025-09-29 13:04:45,42.37,8200,42.37,U
sz300850,新强联,2025-09-29 13:04:48,42.37,12600,42.37,U
sz300850,新强联,2025-09-29 13:04:54,42.29,60700,42.31,D
sz300850,新强联,2025-09-29 13:05:00,42.36,7500,42.35,U
sz300850,新强联,2025-09-29 13:05:03,42.39,10800,42.36,U
sz300850,新强联,2025-09-29 13:05:09,42.39,5600,42.41,D
sz300850,新强联,2025-09-29 13:05:15,42.41,5900,42.41,U
sz300850,新强联,2025-09-29 13:05:21,42.39,9200,42.4,D
sz300850,新强联,2025-09-29 13:05:24,42.4,16700,42.39,U
sz300850,新强联,2025-09-29 13:05:33,42.38,18300,42.38,U
sz300850,新强联,2025-09-29 13:05:39,42.41,5500,42.4,U
sz300850,新强联,2025-09-29 13:05:42,42.41,10900,42.41,U
sz300850,新强联,2025-09-29 13:06:12,42.39,5600,42.41,D
sz300850,新强联,2025-09-29 13:06:18,42.35,7200,42.36,D
sz300850,新强联,2025-09-29 13:06:39,42.34,6700,42.34,D
sz300850,新强联,2025-09-29 13:06:45,42.3,16200,42.33,D
sz300850,新强联,2025-09-29 13:06:48,42.41,21200,42.3,U
sz300850,新强联,2025-09-29 13:06:57,42.41,7300,42.41,D
sz300850,新强联,2025-09-29 13:07:27,42.29,4900,42.32,D
sz300850,新强联,2025-09-29 13:08:21,42.28,4800,42.29,E
sz300850,新强联,2025-09-29 13:08:24,42.29,4900,42.28,U
sz300850,新强联,2025-09-29 13:08:54,42.29,18700,42.33,D
sz300850,新强联,2025-09-29 13:08:57,42.29,9800,42.29,D
sz300850,新强联,2025-09-29 13:09:06,42.25,5100,42.25,D
sz300850,新强联,2025-09-29 13:09:21,42.25,20904,42.25,U
sz300850,新强联,2025-09-29 13:09:24,42.24,15100,42.25,D
sz300850,新强联,2025-09-29 13:09:27,42.24,10600,42.24,U
sz300850,新强联,2025-09-29 13:09:33,42.28,5200,42.25,U
sz300850,新强联,2025-09-29 13:10:06,42.18,6000,42.25,D
sz300850,新强联,2025-09-29 13:10:09,42.15,4800,42.18,D
sz300850,新强联,2025-09-29 13:10:18,42.18,5700,42.18,D
sz300850,新强联,2025-09-29 13:10:21,42.18,10200,42.18,D
sz300850,新强联,2025-09-29 13:11:09,42.14,6900,42.13,E
sz300850,新强联,2025-09-29 13:11:12,42.11,7900,42.14,D
sz300850,新强联,2025-09-29 13:11:15,42.14,7900,42.11,U
sz300850,新强联,2025-09-29 13:11:18,42.13,6200,42.14,D
sz300850,新强联,2025-09-29 13:11:30,42.12,4800,42.12,D
sz300850,新强联,2025-09-29 13:11:45,42.12,7500,42.12,D
sz300850,新强联,2025-09-29 13:11:54,42.09,23400,42.13,D
sz300850,新强联,2025-09-29 13:12:06,42.08,5000,42.1,D
sz300850,新强联,2025-09-29 13:12:12,42.07,11700,42.08,D
sz300850,新强联,2025-09-29 13:12:27,42.1,4900,42.11,D
sz300850,新强联,2025-09-29 13:12:45,42.12,5100,42.11,U
sz300850,新强联,2025-09-29 13:13:21,42.17,6700,42.16,U
sz300850,新强联,2025-09-29 13:13:45,42.17,23600,42.19,D
sz300850,新强联,2025-09-29 13:13:54,42.16,6100,42.17,D
sz300850,新强联,2025-09-29 13:14:30,42.11,6100,42.13,D
sz300850,新强联,2025-09-29 13:15:51,42.11,11700,42.14,D
sz300850,新强联,2025-09-29 13:15:54,42.11,15500,42.11,D
sz300850,新强联,2025-09-29 13:15:57,42.1,18900,42.11,D
sz300850,新强联,2025-09-29 13:16:00,42.11,9700,42.1,U
sz300850,新强联,2025-09-29 13:16:06,42.13,7600,42.13,U
sz300850,新强联,2025-09-29 13:16:18,42.13,5500,42.13,U
sz300850,新强联,2025-09-29 13:16:48,42.1,11100,42.12,D
sz300850,新强联,2025-09-29 13:17:24,42.09,8400,42.08,E
sz300850,新强联,2025-09-29 13:18:06,42.1,7100,42.13,D
sz300850,新强联,2025-09-29 13:18:24,42.08,5700,42.09,D
sz300850,新强联,2025-09-29 13:18:36,42.09,5300,42.08,U
sz300850,新强联,2025-09-29 13:18:54,42.11,5800,42.1,U
sz300850,新强联,2025-09-29 13:19:39,42.1,8300,42.13,D
sz300850,新强联,2025-09-29 13:19:42,42.13,5700,42.1,U
sz300850,新强联,2025-09-29 13:19:51,42.11,4900,42.12,D
sz300850,新强联,2025-09-29 13:19:57,42.1,6300,42.09,U
sz300850,新强联,2025-09-29 13:20:09,42.05,7300,42.07,D
sz300850,新强联,2025-09-29 13:20:15,42.06,5600,42.06,U
sz300850,新强联,2025-09-29 13:20:54,42.07,10200,42.07,D
sz300850,新强联,2025-09-29 13:21:06,42.09,7800,42.08,U
sz300850,新强联,2025-09-29 13:21:09,42.1,6700,42.09,U
sz300850,新强联,2025-09-29 13:21:12,42.12,7500,42.1,U
sz300850,新强联,2025-09-29 13:21:24,42.14,5600,42.15,D
sz300850,新强联,2025-09-29 13:21:27,42.14,7500,42.14,D
sz300850,新强联,2025-09-29 13:21:33,42.14,12000,42.13,U
sz300850,新强联,2025-09-29 13:21:45,42.15,7500,42.15,D
sz300850,新强联,2025-09-29 13:21:51,42.12,6000,42.14,E
sz300850,新强联,2025-09-29 13:21:54,42.11,6900,42.12,E
sz300850,新强联,2025-09-29 13:22:09,42.09,4800,42.09,U
sz300850,新强联,2025-09-29 13:22:15,42.07,10100,42.07,U
sz300850,新强联,2025-09-29 13:22:18,42.07,5200,42.07,U
sz300850,新强联,2025-09-29 13:22:21,42.07,4800,42.07,U
sz300850,新强联,2025-09-29 13:22:24,42.04,7300,42.07,D
sz300850,新强联,2025-09-29 13:22:27,42.05,7400,42.04,U
sz300850,新强联,2025-09-29 13:22:33,42.07,5100,42.06,U
sz300850,新强联,2025-09-29 13:23:57,42.03,21000,42.03,U
sz300850,新强联,2025-09-29 13:24:03,42.02,9600,42.02,U
sz300850,新强联,2025-09-29 13:24:09,42.0,10600,42.01,D
sz300850,新强联,2025-09-29 13:24:12,41.95,71700,42.0,D
sz300850,新强联,2025-09-29 13:24:15,41.97,5200,41.95,U
sz300850,新强联,2025-09-29 13:24:21,42.0,7800,42.0,U
sz300850,新强联,2025-09-29 13:24:30,42.01,15700,42.01,U
sz300850,新强联,2025-09-29 13:24:48,41.98,6000,41.98,U
sz300850,新强联,2025-09-29 13:24:57,41.98,5000,42.0,D
sz300850,新强联,2025-09-29 13:25:06,42.0,6400,41.98,U
sz300850,新强联,2025-09-29 13:25:09,41.98,5600,42.0,D
sz300850,新强联,2025-09-29 13:25:42,41.99,6500,41.98,U
sz300850,新强联,2025-09-29 13:26:00,41.95,6000,41.96,D
sz300850,新强联,2025-09-29 13:26:06,41.96,15700,41.96,E
sz300850,新强联,2025-09-29 13:26:12,41.95,5300,41.97,D
sz300850,新强联,2025-09-29 13:26:24,41.95,5500,41.96,D
sz300850,新强联,2025-09-29 13:26:33,41.95,5600,41.95,D
sz300850,新强联,2025-09-29 13:26:54,41.93,9100,41.94,D
sz300850,新强联,2025-09-29 13:27:03,41.95,6500,41.95,D
sz300850,新强联,2025-09-29 13:27:09,41.91,8300,41.96,D
sz300850,新强联,2025-09-29 13:27:12,41.93,13600,41.91,U
sz300850,新强联,2025-09-29 13:27:24,41.9,24600,41.93,D
sz300850,新强联,2025-09-29 13:27:27,41.91,17100,41.9,U
sz300850,新强联,2025-09-29 13:27:30,41.96,7800,41.91,U
sz300850,新强联,2025-09-29 13:27:42,41.99,6300,41.96,U
sz300850,新强联,2025-09-29 13:27:51,41.99,6500,41.99,D
sz300850,新强联,2025-09-29 13:28:03,41.98,10400,41.97,U
sz300850,新强联,2025-09-29 13:28:12,41.98,11700,41.97,U
sz300850,新强联,2025-09-29 13:28:15,41.99,5700,41.98,U
sz300850,新强联,2025-09-29 13:29:42,42.02,10600,42.01,U
sz300850,新强联,2025-09-29 13:29:51,42.03,6000,42.02,U
sz300850,新强联,2025-09-29 13:30:00,42.01,22465,42.03,D
sz300850,新强联,2025-09-29 13:30:15,42.0,10400,42.02,D
sz300850,新强联,2025-09-29 13:30:27,41.93,9200,41.98,D
sz300850,新强联,2025-09-29 13:30:30,41.94,6400,41.93,U
sz300850,新强联,2025-09-29 13:30:39,41.9,24800,41.92,D
sz300850,新强联,2025-09-29 13:30:42,41.86,6300,41.9,D
sz300850,新强联,2025-09-29 13:30:48,41.85,5000,41.85,D
sz300850,新强联,2025-09-29 13:30:51,41.91,8400,41.85,U
sz300850,新强联,2025-09-29 13:31:18,41.92,10300,41.92,U
sz300850,新强联,2025-09-29 13:31:24,42.0,32700,41.92,U
sz300850,新强联,2025-09-29 13:31:30,41.9,5800,41.92,D
sz300850,新强联,2025-09-29 13:31:36,41.93,45700,41.9,U
sz300850,新强联,2025-09-29 13:31:51,41.95,5300,41.95,D
sz300850,新强联,2025-09-29 13:31:57,42.0,12300,41.96,U
sz300850,新强联,2025-09-29 13:32:00,42.0,20100,42.0,D
sz300850,新强联,2025-09-29 13:32:24,41.9,64400,41.93,D
sz300850,新强联,2025-09-29 13:32:33,41.95,41700,41.9,U
sz300850,新强联,2025-09-29 13:32:39,41.89,18800,41.91,D
sz300850,新强联,2025-09-29 13:32:45,41.94,5400,41.9,U
sz300850,新强联,2025-09-29 13:32:48,41.95,6100,41.94,U
sz300850,新强联,2025-09-29 13:32:51,41.92,7800,41.95,D
sz300850,新强联,2025-09-29 13:33:00,41.95,6644,41.95,U
sz300850,新强联,2025-09-29 13:33:18,41.98,7400,41.98,D
sz300850,新强联,2025-09-29 13:33:42,41.96,7500,41.97,D
sz300850,新强联,2025-09-29 13:33:45,41.98,10991,41.96,U
sz300850,新强联,2025-09-29 13:33:51,42.0,16600,42.0,D
sz300850,新强联,2025-09-29 13:33:54,41.95,16865,42.0,D
sz300850,新强联,2025-09-29 13:34:24,41.94,7200,41.95,D
sz300850,新强联,2025-09-29 13:34:45,41.94,7100,41.92,U
sz300850,新强联,2025-09-29 13:34:54,41.95,22100,41.96,D
sz300850,新强联,2025-09-29 13:34:57,41.91,5100,41.95,D
sz300850,新强联,2025-09-29 13:35:12,41.83,62100,41.91,D
sz300850,新强联,2025-09-29 13:35:15,41.86,47000,41.83,U
sz300850,新强联,2025-09-29 13:35:30,41.87,30800,41.85,U
sz300850,新强联,2025-09-29 13:36:03,41.89,5000,41.89,D
sz300850,新强联,2025-09-29 13:36:06,41.92,17806,41.89,U
sz300850,新强联,2025-09-29 13:36:15,41.93,7700,41.95,D
sz300850,新强联,2025-09-29 13:36:33,41.92,5300,41.92,D
sz300850,新强联,2025-09-29 13:36:45,41.91,9400,41.91,D
sz300850,新强联,2025-09-29 13:36:51,41.92,15194,41.91,U
sz300850,新强联,2025-09-29 13:37:15,41.9,24300,41.87,U
sz300850,新强联,2025-09-29 13:37:30,41.91,9400,41.91,D
sz300850,新强联,2025-09-29 13:38:06,41.85,42000,41.88,D
sz300850,新强联,2025-09-29 13:38:09,41.85,5000,41.85,D
sz300850,新强联,2025-09-29 13:38:12,41.85,6300,41.85,D
sz300850,新强联,2025-09-29 13:38:21,41.86,32300,41.84,U
sz300850,新强联,2025-09-29 13:38:24,41.86,8200,41.86,D
sz300850,新强联,2025-09-29 13:38:33,41.88,16900,41.86,U
sz300850,新强联,2025-09-29 13:38:36,41.85,6000,41.88,D
sz300850,新强联,2025-09-29 13:39:06,41.81,7500,41.82,D
sz300850,新强联,2025-09-29 13:39:12,41.81,9700,41.82,D
sz300850,新强联,2025-09-29 13:39:21,41.82,5900,41.8,U
sz300850,新强联,2025-09-29 13:39:24,41.81,21400,41.82,U
sz300850,新强联,2025-09-29 13:39:30,41.84,17457,41.8,U
sz300850,新强联,2025-09-29 13:39:33,41.86,6600,41.84,U
sz300850,新强联,2025-09-29 13:39:57,41.88,5200,41.86,U
sz300850,新强联,2025-09-29 13:40:09,41.85,11000,41.89,D
sz300850,新强联,2025-09-29 13:40:21,41.87,19300,41.85,U
sz300850,新强联,2025-09-29 13:40:24,41.85,11700,41.87,D
sz300850,新强联,2025-09-29 13:40:27,41.85,6100,41.85,D
sz300850,新强联,2025-09-29 13:40:30,41.84,13300,41.85,D
sz300850,新强联,2025-09-29 13:40:36,41.84,19700,41.84,D
sz300850,新强联,2025-09-29 13:40:42,41.84,5943,41.85,D
sz300850,新强联,2025-09-29 13:40:48,41.85,5857,41.84,U
sz300850,新强联,2025-09-29 13:41:24,41.81,37900,41.84,D
sz300850,新强联,2025-09-29 13:41:39,41.79,13400,41.78,U
sz300850,新强联,2025-09-29 13:41:57,41.83,12200,41.83,U
sz300850,新强联,2025-09-29 13:42:36,41.81,7400,41.83,D
sz300850,新强联,2025-09-29 13:42:39,41.81,12000,41.81,D
sz300850,新强联,2025-09-29 13:42:51,41.79,5500,41.81,D
sz300850,新强联,2025-09-29 13:43:09,41.76,11800,41.78,D
sz300850,新强联,2025-09-29 13:43:12,41.75,15500,41.76,D
sz300850,新强联,2025-09-29 13:43:18,41.71,5400,41.72,D
sz300850,新强联,2025-09-29 13:43:24,41.7,6300,41.71,D
sz300850,新强联,2025-09-29 13:43:30,41.7,15100,41.7,D
sz300850,新强联,2025-09-29 13:43:42,41.67,19500,41.68,D
sz300850,新强联,2025-09-29 13:43:48,41.66,6900,41.66,D
sz300850,新强联,2025-09-29 13:43:57,41.64,5600,41.64,D
sz300850,新强联,2025-09-29 13:44:00,41.63,4900,41.64,D
sz300850,新强联,2025-09-29 13:44:03,41.62,10000,41.63,D
sz300850,新强联,2025-09-29 13:44:09,41.63,9200,41.61,U
sz300850,新强联,2025-09-29 13:44:21,41.63,8700,41.64,D
sz300850,新强联,2025-09-29 13:44:24,41.63,8300,41.63,U
sz300850,新强联,2025-09-29 13:44:27,41.63,5500,41.63,U
sz300850,新强联,2025-09-29 13:44:30,41.63,6600,41.63,U
sz300850,新强联,2025-09-29 13:44:33,41.63,7046,41.63,U
sz300850,新强联,2025-09-29 13:44:48,41.62,6000,41.62,D
sz300850,新强联,2025-09-29 13:45:00,41.63,4900,41.62,U
sz300850,新强联,2025-09-29 13:45:30,41.7,7700,41.68,U
sz300850,新强联,2025-09-29 13:45:33,41.73,5700,41.7,U
sz300850,新强联,2025-09-29 13:45:36,41.71,6000,41.73,U
sz300850,新强联,2025-09-29 13:45:42,41.8,11900,41.71,U
sz300850,新强联,2025-09-29 13:47:00,41.76,8537,41.78,D
sz300850,新强联,2025-09-29 13:47:09,41.75,5000,41.77,D
sz300850,新强联,2025-09-29 13:47:21,41.75,4800,41.75,D
sz300850,新强联,2025-09-29 13:47:33,41.7,7200,41.71,D
sz300850,新强联,2025-09-29 13:47:36,41.71,5700,41.7,U
sz300850,新强联,2025-09-29 13:47:39,41.71,9600,41.71,U
sz300850,新强联,2025-09-29 13:47:42,41.71,86500,41.71,E
sz300850,新强联,2025-09-29 13:49:48,41.92,18700,41.9,U
sz300850,新强联,2025-09-29 13:50:06,41.91,18800,41.93,D
sz300850,新强联,2025-09-29 13:50:18,41.89,5400,41.88,U
sz300850,新强联,2025-09-29 13:50:42,41.88,6600,41.89,D
sz300850,新强联,2025-09-29 13:50:45,41.89,9400,41.88,U
sz300850,新强联,2025-09-29 13:50:48,41.89,7900,41.89,U
sz300850,新强联,2025-09-29 13:50:51,41.88,6400,41.89,D
sz300850,新强联,2025-09-29 13:51:15,41.94,10100,41.91,U
sz300850,新强联,2025-09-29 13:51:33,41.91,20500,41.9,U
sz300850,新强联,2025-09-29 13:51:48,41.9,10500,41.9,U
sz300850,新强联,2025-09-29 13:51:51,41.93,5500,41.9,U
sz300850,新强联,2025-09-29 13:52:21,41.96,5000,41.94,U
sz300850,新强联,2025-09-29 13:52:42,41.95,8600,41.95,U
sz300850,新强联,2025-09-29 13:53:00,41.94,5600,41.97,D
sz300850,新强联,2025-09-29 13:53:03,41.95,7500,41.94,U
sz300850,新强联,2025-09-29 13:53:09,41.93,5900,41.95,D
sz300850,新强联,2025-09-29 13:53:18,41.99,6100,41.97,U
sz300850,新强联,2025-09-29 13:53:27,42.0,5600,42.0,U
sz300850,新强联,2025-09-29 13:53:33,42.0,6300,41.99,U
sz300850,新强联,2025-09-29 13:53:48,41.99,5200,42.0,D
sz300850,新强联,2025-09-29 13:53:51,42.02,14998,41.99,U
sz300850,新强联,2025-09-29 13:54:33,42.02,4800,42.03,D
sz300850,新强联,2025-09-29 13:54:54,42.05,5600,42.04,U
sz300850,新强联,2025-09-29 13:54:57,42.02,7365,42.05,D
sz300850,新强联,2025-09-29 13:55:03,42.02,5900,42.02,U
sz300850,新强联,2025-09-29 13:55:06,42.01,8100,42.02,D
sz300850,新强联,2025-09-29 13:55:09,42.05,28756,42.01,U
sz300850,新强联,2025-09-29 13:55:21,42.1,7200,42.07,U
sz300850,新强联,2025-09-29 13:55:45,42.11,6604,42.09,U
sz300850,新强联,2025-09-29 13:55:48,42.14,6900,42.11,U
sz300850,新强联,2025-09-29 13:55:51,42.15,6700,42.14,U
sz300850,新强联,2025-09-29 13:55:57,42.15,7200,42.15,U
sz300850,新强联,2025-09-29 13:56:00,42.17,12400,42.15,U
sz300850,新强联,2025-09-29 13:56:18,42.11,5300,42.11,D
sz300850,新强联,2025-09-29 13:56:30,42.11,29700,42.11,U
sz300850,新强联,2025-09-29 13:56:33,42.12,26154,42.11,E
sz300850,新强联,2025-09-29 13:56:39,42.18,5600,42.16,U
sz300850,新强联,2025-09-29 13:56:45,42.19,21100,42.16,U
sz300850,新强联,2025-09-29 13:56:57,42.2,12900,42.19,U
sz300850,新强联,2025-09-29 13:57:03,42.19,13900,42.24,D
sz300850,新强联,2025-09-29 13:57:09,42.16,11400,42.19,D
sz300850,新强联,2025-09-29 13:57:18,42.16,30019,42.13,U
sz300850,新强联,2025-09-29 13:57:21,42.15,13200,42.16,D
sz300850,新强联,2025-09-29 13:58:06,42.1,27100,42.08,U
sz300850,新强联,2025-09-29 13:58:12,42.15,6000,42.13,U
sz300850,新强联,2025-09-29 13:59:03,42.09,7800,42.11,D
sz300850,新强联,2025-09-29 13:59:06,42.09,29800,42.09,D
sz300850,新强联,2025-09-29 13:59:12,42.07,4929,42.08,D
sz300850,新强联,2025-09-29 13:59:57,42.07,12838,42.05,U
sz300850,新强联,2025-09-29 14:00:00,42.04,6362,42.07,D
sz300850,新强联,2025-09-29 14:00:03,42.1,9571,42.04,U
sz300850,新强联,2025-09-29 14:00:09,42.14,8200,42.14,U
sz300850,新强联,2025-09-29 14:00:12,42.15,7900,42.14,U
sz300850,新强联,2025-09-29 14:00:15,42.16,7100,42.15,U
sz300850,新强联,2025-09-29 14:00:24,42.16,4900,42.16,U
sz300850,新强联,2025-09-29 14:00:27,42.16,5100,42.16,U
sz300850,新强联,2025-09-29 14:00:33,42.14,8800,42.16,D
sz300850,新强联,2025-09-29 14:00:57,42.1,9400,42.11,D
sz300850,新强联,2025-09-29 14:01:06,42.12,6900,42.11,U
sz300850,新强联,2025-09-29 14:01:09,42.15,15300,42.12,U
sz300850,新强联,2025-09-29 14:02:03,42.06,10500,42.04,U
sz300850,新强联,2025-09-29 14:02:18,42.07,9200,42.06,E
sz300850,新强联,2025-09-29 14:02:57,42.06,8600,42.06,D
sz300850,新强联,2025-09-29 14:03:06,42.1,8285,42.1,U
sz300850,新强联,2025-09-29 14:03:15,42.13,5700,42.13,U
sz300850,新强联,2025-09-29 14:03:21,42.15,9100,42.13,U
sz300850,新强联,2025-09-29 14:03:27,42.15,8700,42.15,U
sz300850,新强联,2025-09-29 14:03:36,42.15,7800,42.15,U
sz300850,新强联,2025-09-29 14:03:45,42.14,8300,42.16,D
sz300850,新强联,2025-09-29 14:03:57,42.14,5000,42.14,U
sz300850,新强联,2025-09-29 14:04:00,42.12,6100,42.14,D
sz300850,新强联,2025-09-29 14:04:03,42.12,5200,42.12,D
sz300850,新强联,2025-09-29 14:04:15,42.15,12000,42.13,U
sz300850,新强联,2025-09-29 14:04:21,42.2,4861,42.18,U
sz300850,新强联,2025-09-29 14:04:24,42.2,6300,42.2,U
sz300850,新强联,2025-09-29 14:05:03,42.18,14100,42.21,D
sz300850,新强联,2025-09-29 14:05:21,42.14,6000,42.15,D
sz300850,新强联,2025-09-29 14:05:45,42.16,6800,42.14,U
sz300850,新强联,2025-09-29 14:05:48,42.16,13400,42.16,U
sz300850,新强联,2025-09-29 14:05:57,42.17,7800,42.16,U
sz300850,新强联,2025-09-29 14:06:15,42.2,5500,42.2,D
sz300850,新强联,2025-09-29 14:06:21,42.21,7100,42.2,U
sz300850,新强联,2025-09-29 14:06:27,42.2,11000,42.19,U
sz300850,新强联,2025-09-29 14:06:30,42.2,7800,42.2,U
sz300850,新强联,2025-09-29 14:07:03,42.19,15900,42.22,D
sz300850,新强联,2025-09-29 14:07:09,42.22,6200,42.19,U
sz300850,新强联,2025-09-29 14:07:12,42.19,5100,42.22,U
sz300850,新强联,2025-09-29 14:07:21,42.18,10100,42.2,D
sz300850,新强联,2025-09-29 14:07:33,42.17,5300,42.17,D
sz300850,新强联,2025-09-29 14:07:36,42.15,9400,42.17,D
sz300850,新强联,2025-09-29 14:08:21,42.15,9900,42.15,D
sz300850,新强联,2025-09-29 14:08:24,42.15,5400,42.15,D
sz300850,新强联,2025-09-29 14:08:27,42.16,6900,42.15,U
sz300850,新强联,2025-09-29 14:08:33,42.14,6400,42.15,D
sz300850,新强联,2025-09-29 14:08:42,42.14,6500,42.14,D
sz300850,新强联,2025-09-29 14:08:48,42.13,8600,42.14,D
sz300850,新强联,2025-09-29 14:08:54,42.1,9700,42.12,D
sz300850,新强联,2025-09-29 14:09:00,42.14,6400,42.13,U
sz300850,新强联,2025-09-29 14:09:09,42.14,6000,42.13,U
sz300850,新强联,2025-09-29 14:09:15,42.13,8700,42.14,D
sz300850,新强联,2025-09-29 14:09:27,42.13,8600,42.13,U
sz300850,新强联,2025-09-29 14:09:36,42.12,7900,42.12,U
sz300850,新强联,2025-09-29 14:09:39,42.13,13900,42.12,U
sz300850,新强联,2025-09-29 14:09:42,42.14,6000,42.13,U
sz300850,新强联,2025-09-29 14:09:51,42.13,6700,42.14,D
sz300850,新强联,2025-09-29 14:10:15,42.08,28800,42.15,D
sz300850,新强联,2025-09-29 14:10:27,42.07,7000,42.06,U
sz300850,新强联,2025-09-29 14:11:09,42.0,9600,42.01,D
sz300850,新强联,2025-09-29 14:11:12,42.0,60902,42.0,D
sz300850,新强联,2025-09-29 14:11:27,41.99,7800,41.98,U
sz300850,新强联,2025-09-29 14:11:33,41.99,10400,41.99,D
sz300850,新强联,2025-09-29 14:11:36,41.99,8800,41.99,D
sz300850,新强联,2025-09-29 14:11:42,41.99,7000,41.98,U
sz300850,新强联,2025-09-29 14:11:54,41.95,5200,41.96,D
sz300850,新强联,2025-09-29 14:12:06,41.94,13300,41.96,D
sz300850,新强联,2025-09-29 14:12:12,41.97,7200,41.95,U
sz300850,新强联,2025-09-29 14:12:27,41.99,6900,41.98,U
sz300850,新强联,2025-09-29 14:12:42,41.99,5700,41.99,U
sz300850,新强联,2025-09-29 14:12:54,41.97,10600,41.98,D
sz300850,新强联,2025-09-29 14:13:06,41.98,6300,41.98,D
sz300850,新强联,2025-09-29 14:13:27,41.99,5900,41.97,U
sz300850,新强联,2025-09-29 14:13:39,41.97,6700,41.98,D
sz300850,新强联,2025-09-29 14:13:42,41.96,18600,41.97,D
sz300850,新强联,2025-09-29 14:14:06,41.92,10800,41.92,U
sz300850,新强联,2025-09-29 14:14:12,41.91,17800,41.91,D
sz300850,新强联,2025-09-29 14:14:15,41.91,6600,41.91,U
sz300850,新强联,2025-09-29 14:14:21,41.91,8800,41.91,U
sz300850,新强联,2025-09-29 14:14:24,41.92,20500,41.91,U
sz300850,新强联,2025-09-29 14:14:27,41.93,9100,41.92,U
sz300850,新强联,2025-09-29 14:14:57,41.88,13900,41.92,D
sz300850,新强联,2025-09-29 14:15:24,41.91,17700,41.89,U
sz300850,新强联,2025-09-29 14:15:30,41.93,5200,41.92,U
sz300850,新强联,2025-09-29 14:15:51,41.97,5400,41.97,D
sz300850,新强联,2025-09-29 14:16:24,42.0,9100,41.98,U
sz300850,新强联,2025-09-29 14:16:27,42.01,6000,42.0,U
sz300850,新强联,2025-09-29 14:16:36,42.0,6300,42.01,D
sz300850,新强联,2025-09-29 14:17:03,41.95,15400,41.95,D
sz300850,新强联,2025-09-29 14:17:06,41.95,17300,41.95,D
sz300850,新强联,2025-09-29 14:17:12,41.95,14200,41.95,U
sz300850,新强联,2025-09-29 14:17:30,41.97,9200,41.94,U
sz300850,新强联,2025-09-29 14:17:42,42.0,5200,41.98,U
sz300850,新强联,2025-09-29 14:18:12,42.0,16600,41.99,U
sz300850,新强联,2025-09-29 14:18:15,42.0,4800,42.0,U
sz300850,新强联,2025-09-29 14:18:27,42.0,7600,42.0,U
sz300850,新强联,2025-09-29 14:18:39,42.06,8700,42.05,U
sz300850,新强联,2025-09-29 14:18:45,42.03,4800,42.06,D
sz300850,新强联,2025-09-29 14:18:57,42.04,5300,42.03,U
sz300850,新强联,2025-09-29 14:19:03,42.01,9200,42.03,D
sz300850,新强联,2025-09-29 14:19:09,42.02,8100,42.0,U
sz300850,新强联,2025-09-29 14:19:18,42.0,7800,42.03,D
sz300850,新强联,2025-09-29 14:20:42,42.01,6900,42.0,U
sz300850,新强联,2025-09-29 14:20:57,42.02,8400,42.01,U
sz300850,新强联,2025-09-29 14:22:03,42.02,11000,42.02,U
sz300850,新强联,2025-09-29 14:22:12,42.03,5200,42.02,U
sz300850,新强联,2025-09-29 14:23:27,42.05,8200,42.05,D
sz300850,新强联,2025-09-29 14:23:48,42.05,6900,42.05,E
sz300850,新强联,2025-09-29 14:23:57,42.05,7700,42.05,U
sz300850,新强联,2025-09-29 14:24:00,42.04,7700,42.05,D
sz300850,新强联,2025-09-29 14:24:09,42.05,5100,42.05,D
sz300850,新强联,2025-09-29 14:24:15,42.09,25000,42.06,U
sz300850,新强联,2025-09-29 14:24:48,42.12,8500,42.11,U
sz300850,新强联,2025-09-29 14:24:54,42.11,9600,42.12,D
sz300850,新强联,2025-09-29 14:25:09,42.13,6500,42.13,D
sz300850,新强联,2025-09-29 14:25:30,42.13,7100,42.13,D
sz300850,新强联,2025-09-29 14:25:36,42.14,7100,42.14,U
sz300850,新强联,2025-09-29 14:26:09,42.1,7600,42.12,D
sz300850,新强联,2025-09-29 14:26:12,42.12,10600,42.1,U
sz300850,新强联,2025-09-29 14:26:57,42.1,5000,42.08,U
sz300850,新强联,2025-09-29 14:27:00,42.08,19900,42.1,D
sz300850,新强联,2025-09-29 14:27:06,42.08,6400,42.08,U
sz300850,新强联,2025-09-29 14:27:27,42.11,9800,42.1,U
sz300850,新强联,2025-09-29 14:28:09,42.13,5100,42.13,D
sz300850,新强联,2025-09-29 14:28:12,42.13,9400,42.13,D
sz300850,新强联,2025-09-29 14:28:27,42.11,9600,42.13,D
sz300850,新强联,2025-09-29 14:29:33,42.13,8900,42.12,U
sz300850,新强联,2025-09-29 14:29:36,42.12,8659,42.13,D
sz300850,新强联,2025-09-29 14:29:51,42.14,6500,42.13,U
sz300850,新强联,2025-09-29 14:29:57,42.12,9500,42.13,U
sz300850,新强联,2025-09-29 14:30:39,42.12,33400,42.12,U
sz300850,新强联,2025-09-29 14:30:42,42.13,34344,42.12,U
sz300850,新强联,2025-09-29 14:30:48,42.16,11229,42.15,U
sz300850,新强联,2025-09-29 14:30:54,42.17,7800,42.16,U
sz300850,新强联,2025-09-29 14:31:03,42.2,45200,42.19,U
sz300850,新强联,2025-09-29 14:31:06,42.19,10300,42.2,U
sz300850,新强联,2025-09-29 14:31:09,42.2,7300,42.19,U
sz300850,新强联,2025-09-29 14:31:15,42.2,19400,42.19,U
sz300850,新强联,2025-09-29 14:31:18,42.18,5400,42.2,D
sz300850,新强联,2025-09-29 14:31:36,42.18,13000,42.19,D
sz300850,新强联,2025-09-29 14:31:39,42.19,5100,42.18,E
sz300850,新强联,2025-09-29 14:31:42,42.17,22300,42.19,D
sz300850,新强联,2025-09-29 14:31:48,42.18,5200,42.17,U
sz300850,新强联,2025-09-29 14:31:51,42.19,14700,42.18,U
sz300850,新强联,2025-09-29 14:32:00,42.19,10500,42.19,U
sz300850,新强联,2025-09-29 14:32:06,42.2,6100,42.19,U
sz300850,新强联,2025-09-29 14:32:12,42.2,7798,42.18,U
sz300850,新强联,2025-09-29 14:32:27,42.21,5400,42.2,U
sz300850,新强联,2025-09-29 14:32:30,42.21,5700,42.21,U
sz300850,新强联,2025-09-29 14:32:42,42.2,6300,42.2,U
sz300850,新强联,2025-09-29 14:32:51,42.2,6200,42.18,U
sz300850,新强联,2025-09-29 14:33:00,42.16,5900,42.17,D
sz300850,新强联,2025-09-29 14:33:12,42.16,5000,42.16,U
sz300850,新强联,2025-09-29 14:33:57,42.17,5300,42.16,U
sz300850,新强联,2025-09-29 14:34:21,42.18,5200,42.18,D
sz300850,新强联,2025-09-29 14:34:33,42.19,8300,42.2,D
sz300850,新强联,2025-09-29 14:34:54,42.19,34900,42.2,D
sz300850,新强联,2025-09-29 14:34:57,42.19,16300,42.19,U
sz300850,新强联,2025-09-29 14:35:00,42.19,6800,42.19,D
sz300850,新强联,2025-09-29 14:35:03,42.19,20400,42.19,U
sz300850,新强联,2025-09-29 14:35:12,42.18,12700,42.19,U
sz300850,新强联,2025-09-29 14:35:15,42.19,14100,42.18,U
sz300850,新强联,2025-09-29 14:35:21,42.18,13900,42.18,U
sz300850,新强联,2025-09-29 14:35:24,42.13,7800,42.18,D
sz300850,新强联,2025-09-29 14:35:36,42.18,12000,42.18,U
sz300850,新强联,2025-09-29 14:35:42,42.18,11400,42.18,U
sz300850,新强联,2025-09-29 14:35:45,42.18,6200,42.18,D
sz300850,新强联,2025-09-29 14:35:48,42.18,6100,42.18,D
sz300850,新强联,2025-09-29 14:35:51,42.18,5700,42.18,D
sz300850,新强联,2025-09-29 14:35:57,42.2,14600,42.19,U
sz300850,新强联,2025-09-29 14:36:00,42.2,6700,42.2,U
sz300850,新强联,2025-09-29 14:36:03,42.2,6500,42.2,U
sz300850,新强联,2025-09-29 14:36:06,42.21,6939,42.2,U
sz300850,新强联,2025-09-29 14:36:27,42.23,10000,42.24,D
sz300850,新强联,2025-09-29 14:36:30,42.23,5159,42.23,D
sz300850,新强联,2025-09-29 14:36:33,42.22,19000,42.23,D
sz300850,新强联,2025-09-29 14:36:36,42.22,5400,42.22,U
sz300850,新强联,2025-09-29 14:36:39,42.22,7900,42.22,D
sz300850,新强联,2025-09-29 14:36:42,42.22,6700,42.22,U
sz300850,新强联,2025-09-29 14:36:51,42.23,6200,42.23,U
sz300850,新强联,2025-09-29 14:36:57,42.25,9000,42.24,U
sz300850,新强联,2025-09-29 14:37:00,42.25,15500,42.25,U
sz300850,新强联,2025-09-29 14:37:06,42.24,5100,42.25,D
sz300850,新强联,2025-09-29 14:37:09,42.25,6000,42.24,U
sz300850,新强联,2025-09-29 14:37:15,42.24,8700,42.25,D
sz300850,新强联,2025-09-29 14:37:21,42.25,5000,42.25,U
sz300850,新强联,2025-09-29 14:37:24,42.25,12200,42.25,U
sz300850,新强联,2025-09-29 14:37:27,42.25,23400,42.25,U
sz300850,新强联,2025-09-29 14:37:30,42.28,6700,42.25,U
sz300850,新强联,2025-09-29 14:37:33,42.28,11800,42.28,U
sz300850,新强联,2025-09-29 14:37:39,42.3,11400,42.29,U
sz300850,新强联,2025-09-29 14:37:42,42.33,14200,42.3,U
sz300850,新强联,2025-09-29 14:37:48,42.32,26300,42.33,D
sz300850,新强联,2025-09-29 14:37:51,42.29,11500,42.32,D
sz300850,新强联,2025-09-29 14:37:54,42.31,6500,42.29,U
sz300850,新强联,2025-09-29 14:37:57,42.28,9500,42.31,D
sz300850,新强联,2025-09-29 14:38:00,42.28,9500,42.28,D
sz300850,新强联,2025-09-29 14:38:03,42.28,9700,42.28,U
sz300850,新强联,2025-09-29 14:38:09,42.28,7000,42.26,U
sz300850,新强联,2025-09-29 14:38:12,42.27,24400,42.28,U
sz300850,新强联,2025-09-29 14:38:15,42.28,12000,42.27,U
sz300850,新强联,2025-09-29 14:38:18,42.27,10400,42.28,D
sz300850,新强联,2025-09-29 14:38:21,42.26,8400,42.27,D
sz300850,新强联,2025-09-29 14:38:24,42.27,11000,42.26,U
sz300850,新强联,2025-09-29 14:38:27,42.27,14900,42.27,U
sz300850,新强联,2025-09-29 14:38:33,42.27,4800,42.26,E
sz300850,新强联,2025-09-29 14:38:36,42.27,9100,42.27,U
sz300850,新强联,2025-09-29 14:38:39,42.26,11000,42.27,D
sz300850,新强联,2025-09-29 14:38:42,42.27,7700,42.26,U
sz300850,新强联,2025-09-29 14:38:45,42.25,5500,42.27,D
sz300850,新强联,2025-09-29 14:38:48,42.26,5200,42.25,U
sz300850,新强联,2025-09-29 14:38:51,42.27,8700,42.26,U
sz300850,新强联,2025-09-29 14:39:00,42.28,10800,42.28,U
sz300850,新强联,2025-09-29 14:39:03,42.29,5600,42.28,U
sz300850,新强联,2025-09-29 14:39:12,42.3,6800,42.3,U
sz300850,新强联,2025-09-29 14:39:21,42.3,6600,42.32,D
sz300850,新强联,2025-09-29 14:39:24,42.3,31200,42.3,D
sz300850,新强联,2025-09-29 14:39:27,42.28,26800,42.3,D
sz300850,新强联,2025-09-29 14:39:30,42.27,8400,42.28,D
sz300850,新强联,2025-09-29 14:39:33,42.27,11900,42.27,D
sz300850,新强联,2025-09-29 14:39:36,42.32,19700,42.27,U
sz300850,新强联,2025-09-29 14:39:42,42.29,10100,42.29,D
sz300850,新强联,2025-09-29 14:39:45,42.29,12200,42.29,D
sz300850,新强联,2025-09-29 14:39:51,42.29,5200,42.3,D
sz300850,新强联,2025-09-29 14:39:57,42.29,5000,42.29,U
sz300850,新强联,2025-09-29 14:40:00,42.3,7900,42.29,U
sz300850,新强联,2025-09-29 14:40:03,42.26,15200,42.3,D
sz300850,新强联,2025-09-29 14:40:06,42.22,22500,42.26,D
sz300850,新强联,2025-09-29 14:40:15,42.24,9500,42.26,D
sz300850,新强联,2025-09-29 14:40:18,42.24,6600,42.24,U
sz300850,新强联,2025-09-29 14:40:21,42.2,10600,42.24,D
sz300850,新强联,2025-09-29 14:40:24,42.24,8800,42.2,U
sz300850,新强联,2025-09-29 14:40:30,42.25,5100,42.25,U
sz300850,新强联,2025-09-29 14:40:33,42.23,7400,42.25,E
sz300850,新强联,2025-09-29 14:40:42,42.22,7000,42.22,U
sz300850,新强联,2025-09-29 14:40:48,42.22,6200,42.24,D
sz300850,新强联,2025-09-29 14:40:51,42.21,10500,42.22,D
sz300850,新强联,2025-09-29 14:40:54,42.21,5500,42.21,U
sz300850,新强联,2025-09-29 14:41:06,42.21,7200,42.22,D
sz300850,新强联,2025-09-29 14:41:09,42.2,23500,42.21,D
sz300850,新强联,2025-09-29 14:41:12,42.2,5900,42.2,U
sz300850,新强联,2025-09-29 14:41:18,42.19,6000,42.19,U
sz300850,新强联,2025-09-29 14:41:21,42.18,5100,42.19,D
sz300850,新强联,2025-09-29 14:41:27,42.18,11500,42.17,U
sz300850,新强联,2025-09-29 14:41:39,42.17,23600,42.18,D
sz300850,新强联,2025-09-29 14:41:42,42.17,5900,42.17,U
sz300850,新强联,2025-09-29 14:41:45,42.17,6200,42.17,U
sz300850,新强联,2025-09-29 14:41:48,42.18,6800,42.17,U
sz300850,新强联,2025-09-29 14:41:51,42.2,7400,42.18,U
sz300850,新强联,2025-09-29 14:41:54,42.2,4800,42.2,U
sz300850,新强联,2025-09-29 14:41:57,42.19,23100,42.2,D
sz300850,新强联,2025-09-29 14:42:03,42.19,9600,42.2,D
sz300850,新强联,2025-09-29 14:42:09,42.2,10500,42.2,D
sz300850,新强联,2025-09-29 14:42:12,42.22,10600,42.2,U
sz300850,新强联,2025-09-29 14:42:15,42.22,4900,42.22,U
sz300850,新强联,2025-09-29 14:42:18,42.22,5000,42.22,U
sz300850,新强联,2025-09-29 14:42:21,42.22,4900,42.22,U
sz300850,新强联,2025-09-29 14:42:27,42.21,7600,42.22,D
sz300850,新强联,2025-09-29 14:42:42,42.23,8400,42.21,U
sz300850,新强联,2025-09-29 14:42:45,42.21,35800,42.23,D
sz300850,新强联,2025-09-29 14:42:48,42.19,4900,42.21,U
sz300850,新强联,2025-09-29 14:42:51,42.18,9300,42.19,D
sz300850,新强联,2025-09-29 14:42:54,42.14,16400,42.18,D
sz300850,新强联,2025-09-29 14:42:57,42.15,4800,42.14,U
sz300850,新强联,2025-09-29 14:43:06,42.14,4900,42.13,U
sz300850,新强联,2025-09-29 14:43:12,42.15,20300,42.15,U
sz300850,新强联,2025-09-29 14:43:15,42.18,11864,42.15,U
sz300850,新强联,2025-09-29 14:43:24,42.17,5600,42.17,U
sz300850,新强联,2025-09-29 14:43:30,42.18,30900,42.17,U
sz300850,新强联,2025-09-29 14:43:48,42.17,26000,42.17,D
sz300850,新强联,2025-09-29 14:43:51,42.15,6371,42.17,D
sz300850,新强联,2025-09-29 14:43:57,42.17,42000,42.15,U
sz300850,新强联,2025-09-29 14:44:00,42.17,9100,42.17,U
sz300850,新强联,2025-09-29 14:44:06,42.18,11400,42.18,U
sz300850,新强联,2025-09-29 14:44:09,42.16,10500,42.18,D
sz300850,新强联,2025-09-29 14:44:15,42.21,19655,42.16,U
sz300850,新强联,2025-09-29 14:44:21,42.18,10300,42.19,D
sz300850,新强联,2025-09-29 14:44:30,42.18,8300,42.17,E
sz300850,新强联,2025-09-29 14:44:36,42.16,9100,42.17,D
sz300850,新强联,2025-09-29 14:44:39,42.17,7500,42.16,U
sz300850,新强联,2025-09-29 14:44:48,42.16,7345,42.17,D
sz300850,新强联,2025-09-29 14:44:51,42.18,10600,42.16,U
sz300850,新强联,2025-09-29 14:44:57,42.18,6155,42.18,U
sz300850,新强联,2025-09-29 14:45:00,42.17,6645,42.18,D
sz300850,新强联,2025-09-29 14:45:03,42.18,4755,42.17,U
sz300850,新强联,2025-09-29 14:45:09,42.2,8800,42.18,U
sz300850,新强联,2025-09-29 14:45:15,42.2,5700,42.19,U
sz300850,新强联,2025-09-29 14:45:21,42.21,10300,42.19,U
sz300850,新强联,2025-09-29 14:45:24,42.19,5700,42.21,D
sz300850,新强联,2025-09-29 14:45:27,42.2,16100,42.19,U
sz300850,新强联,2025-09-29 14:45:30,42.18,5700,42.2,D
sz300850,新强联,2025-09-29 14:45:33,42.18,7045,42.18,D
sz300850,新强联,2025-09-29 14:45:36,42.16,20500,42.18,D
sz300850,新强联,2025-09-29 14:45:39,42.16,6400,42.16,E
sz300850,新强联,2025-09-29 14:45:42,42.18,8700,42.16,U
sz300850,新强联,2025-09-29 14:45:54,42.16,17000,42.18,D
sz300850,新强联,2025-09-29 14:45:57,42.16,5500,42.16,D
sz300850,新强联,2025-09-29 14:46:00,42.16,10200,42.16,D
sz300850,新强联,2025-09-29 14:46:06,42.18,4900,42.18,U
sz300850,新强联,2025-09-29 14:46:09,42.2,10000,42.18,U
sz300850,新强联,2025-09-29 14:46:12,42.21,8500,42.2,U
sz300850,新强联,2025-09-29 14:46:21,42.21,7500,42.21,D
sz300850,新强联,2025-09-29 14:46:30,42.23,6000,42.23,U
sz300850,新强联,2025-09-29 14:46:36,42.23,10000,42.22,U
sz300850,新强联,2025-09-29 14:46:48,42.25,13800,42.24,U
sz300850,新强联,2025-09-29 14:46:54,42.22,22000,42.25,D
sz300850,新强联,2025-09-29 14:46:57,42.23,7489,42.22,U
sz300850,新强联,2025-09-29 14:47:00,42.21,18400,42.23,D
sz300850,新强联,2025-09-29 14:47:03,42.23,6700,42.21,U
sz300850,新强联,2025-09-29 14:47:06,42.21,10011,42.23,D
sz300850,新强联,2025-09-29 14:47:09,42.2,11400,42.21,D
sz300850,新强联,2025-09-29 14:47:12,42.21,5000,42.2,U
sz300850,新强联,2025-09-29 14:47:15,42.22,4800,42.21,U
sz300850,新强联,2025-09-29 14:47:21,42.2,6900,42.2,D
sz300850,新强联,2025-09-29 14:47:27,42.22,6000,42.22,U
sz300850,新强联,2025-09-29 14:47:30,42.22,6700,42.22,U
sz300850,新强联,2025-09-29 14:47:33,42.25,15289,42.22,U
sz300850,新强联,2025-09-29 14:47:36,42.23,5500,42.25,D
sz300850,新强联,2025-09-29 14:47:42,42.26,21600,42.25,U
sz300850,新强联,2025-09-29 14:47:45,42.26,12900,42.26,D
sz300850,新强联,2025-09-29 14:47:48,42.25,5300,42.26,D
sz300850,新强联,2025-09-29 14:47:51,42.28,21900,42.25,U
sz300850,新强联,2025-09-29 14:47:54,42.26,6000,42.28,D
sz300850,新强联,2025-09-29 14:47:57,42.25,17700,42.26,D
sz300850,新强联,2025-09-29 14:48:00,42.27,30100,42.25,U
sz300850,新强联,2025-09-29 14:48:03,42.25,22100,42.27,E
sz300850,新强联,2025-09-29 14:48:09,42.26,27600,42.24,U
sz300850,新强联,2025-09-29 14:48:15,42.26,10000,42.25,U
sz300850,新强联,2025-09-29 14:48:24,42.27,72600,42.25,U
sz300850,新强联,2025-09-29 14:48:27,42.3,6200,42.27,E
sz300850,新强联,2025-09-29 14:48:36,42.26,14900,42.28,D
sz300850,新强联,2025-09-29 14:48:39,42.27,10400,42.26,E
sz300850,新强联,2025-09-29 14:48:48,42.25,6700,42.26,D
sz300850,新强联,2025-09-29 14:48:57,42.23,72800,42.22,U
sz300850,新强联,2025-09-29 14:49:03,42.24,8300,42.27,U
sz300850,新强联,2025-09-29 14:49:09,42.26,8000,42.24,U
sz300850,新强联,2025-09-29 14:49:12,42.28,7100,42.26,U
sz300850,新强联,2025-09-29 14:49:15,42.28,10600,42.28,U
sz300850,新强联,2025-09-29 14:49:18,42.3,6700,42.28,U
sz300850,新强联,2025-09-29 14:49:21,42.29,7700,42.3,E
sz300850,新强联,2025-09-29 14:49:24,42.29,7900,42.29,E
sz300850,新强联,2025-09-29 14:49:27,42.28,7600,42.29,D
sz300850,新强联,2025-09-29 14:49:30,42.28,9100,42.28,U
sz300850,新强联,2025-09-29 14:49:33,42.28,5637,42.28,E
sz300850,新强联,2025-09-29 14:49:39,42.28,12300,42.29,U
sz300850,新强联,2025-09-29 14:49:42,42.27,7300,42.28,E
sz300850,新强联,2025-09-29 14:49:45,42.25,7600,42.27,D
sz300850,新强联,2025-09-29 14:49:51,42.25,21200,42.24,E
sz300850,新强联,2025-09-29 14:49:54,42.24,5600,42.25,D
sz300850,新强联,2025-09-29 14:49:57,42.24,4800,42.24,D
sz300850,新强联,2025-09-29 14:50:00,42.19,26600,42.24,D
sz300850,新强联,2025-09-29 14:50:03,42.18,18400,42.19,D
sz300850,新强联,2025-09-29 14:50:06,42.18,20500,42.18,U
sz300850,新强联,2025-09-29 14:50:09,42.24,29400,42.18,U
sz300850,新强联,2025-09-29 14:50:12,42.24,31600,42.24,U
sz300850,新强联,2025-09-29 14:50:18,42.25,10200,42.22,E
sz300850,新强联,2025-09-29 14:50:21,42.28,16800,42.25,U
sz300850,新强联,2025-09-29 14:50:24,42.38,102000,42.28,U
sz300850,新强联,2025-09-29 14:50:27,42.31,5900,42.38,E
sz300850,新强联,2025-09-29 14:50:30,42.36,30200,42.31,E
sz300850,新强联,2025-09-29 14:50:33,42.38,11800,42.36,U
sz300850,新强联,2025-09-29 14:50:36,42.31,9700,42.38,E
sz300850,新强联,2025-09-29 14:50:42,42.33,14100,42.3,U
sz300850,新强联,2025-09-29 14:50:45,42.32,6200,42.33,E
sz300850,新强联,2025-09-29 14:50:48,42.26,7900,42.32,D
sz300850,新强联,2025-09-29 14:50:51,42.33,8100,42.26,U
sz300850,新强联,2025-09-29 14:50:54,42.32,4800,42.33,D
sz300850,新强联,2025-09-29 14:50:57,42.31,7300,42.32,E
sz300850,新强联,2025-09-29 14:51:00,42.29,16000,42.31,D
sz300850,新强联,2025-09-29 14:51:03,42.29,5700,42.29,U
sz300850,新强联,2025-09-29 14:51:06,42.27,15200,42.29,D
sz300850,新强联,2025-09-29 14:51:09,42.33,16000,42.27,U
sz300850,新强联,2025-09-29 14:51:15,42.32,11600,42.31,U
sz300850,新强联,2025-09-29 14:51:21,42.31,44600,42.3,U
sz300850,新强联,2025-09-29 14:51:24,42.32,6800,42.31,U
sz300850,新强联,2025-09-29 14:51:30,42.3,20709,42.31,D
sz300850,新强联,2025-09-29 14:51:33,42.31,10791,42.3,U
sz300850,新强联,2025-09-29 14:51:39,42.31,10000,42.31,U
sz300850,新强联,2025-09-29 14:51:45,42.31,7200,42.28,D
sz300850,新强联,2025-09-29 14:52:00,42.3,14600,42.3,U
sz300850,新强联,2025-09-29 14:52:06,42.33,5100,42.3,U
sz300850,新强联,2025-09-29 14:52:09,42.3,7100,42.33,D
sz300850,新强联,2025-09-29 14:52:12,42.32,5700,42.3,U
sz300850,新强联,2025-09-29 14:52:18,42.31,5355,42.32,D
sz300850,新强联,2025-09-29 14:52:24,42.31,5300,42.33,D
sz300850,新强联,2025-09-29 14:52:30,42.31,17500,42.33,D
sz300850,新强联,2025-09-29 14:52:33,42.31,4900,42.31,D
sz300850,新强联,2025-09-29 14:52:36,42.31,14745,42.31,D
sz300850,新强联,2025-09-29 14:52:39,42.31,13040,42.31,U
sz300850,新强联,2025-09-29 14:52:42,42.31,12860,42.31,D
sz300850,新强联,2025-09-29 14:52:45,42.3,7200,42.31,D
sz300850,新强联,2025-09-29 14:52:48,42.3,8700,42.3,D
sz300850,新强联,2025-09-29 14:52:51,42.3,6800,42.3,D
sz300850,新强联,2025-09-29 14:52:54,42.28,13800,42.3,D
sz300850,新强联,2025-09-29 14:52:57,42.3,13500,42.28,U
sz300850,新强联,2025-09-29 14:53:00,42.35,41640,42.3,U
sz300850,新强联,2025-09-29 14:53:03,42.36,4900,42.35,U
sz300850,新强联,2025-09-29 14:53:09,42.38,32500,42.31,U
sz300850,新强联,2025-09-29 14:53:12,42.37,7050,42.38,D
sz300850,新强联,2025-09-29 14:53:18,42.4,12300,42.39,U
sz300850,新强联,2025-09-29 14:53:21,42.41,22500,42.4,U
sz300850,新强联,2025-09-29 14:53:27,42.38,10000,42.41,D
sz300850,新强联,2025-09-29 14:53:30,42.38,6200,42.38,D
sz300850,新强联,2025-09-29 14:53:33,42.38,10500,42.38,U
sz300850,新强联,2025-09-29 14:53:42,42.37,13700,42.37,D
sz300850,新强联,2025-09-29 14:53:51,42.35,14800,42.35,U
sz300850,新强联,2025-09-29 14:53:54,42.36,7800,42.35,U
sz300850,新强联,2025-09-29 14:54:00,42.35,28003,42.36,D
sz300850,新强联,2025-09-29 14:54:03,42.32,7900,42.35,D
sz300850,新强联,2025-09-29 14:54:06,42.36,31400,42.32,U
sz300850,新强联,2025-09-29 14:54:09,42.3,22900,42.36,D
sz300850,新强联,2025-09-29 14:54:12,42.36,21900,42.3,E
sz300850,新强联,2025-09-29 14:54:18,42.33,6200,42.32,U
sz300850,新强联,2025-09-29 14:54:24,42.32,5500,42.32,U
sz300850,新强联,2025-09-29 14:54:30,42.31,5800,42.33,D
sz300850,新强联,2025-09-29 14:54:39,42.32,8500,42.32,D
sz300850,新强联,2025-09-29 14:54:51,42.32,7700,42.32,U
sz300850,新强联,2025-09-29 14:54:57,42.34,10600,42.34,D
sz300850,新强联,2025-09-29 14:55:00,42.31,10600,42.34,D
sz300850,新强联,2025-09-29 14:55:03,42.28,44000,42.31,D
sz300850,新强联,2025-09-29 14:55:06,42.29,36800,42.28,U
sz300850,新强联,2025-09-29 14:55:09,42.28,12600,42.29,D
sz300850,新强联,2025-09-29 14:55:12,42.27,48000,42.28,D
sz300850,新强联,2025-09-29 14:55:21,42.29,4800,42.28,U
sz300850,新强联,2025-09-29 14:55:27,42.3,13817,42.29,U
sz300850,新强联,2025-09-29 14:55:30,42.3,6600,42.3,D
sz300850,新强联,2025-09-29 14:55:36,42.32,9700,42.33,D
sz300850,新强联,2025-09-29 14:55:39,42.32,4900,42.32,U
sz300850,新强联,2025-09-29 14:55:48,42.33,10200,42.32,U
sz300850,新强联,2025-09-29 14:55:54,42.33,6800,42.33,U
sz300850,新强联,2025-09-29 14:56:00,42.32,30100,42.33,D
sz300850,新强联,2025-09-29 14:56:03,42.3,68300,42.32,D
sz300850,新强联,2025-09-29 14:56:06,42.3,29146,42.3,D
sz300850,新强联,2025-09-29 14:56:09,42.3,17800,42.3,D
sz300850,新强联,2025-09-29 14:56:12,42.32,10600,42.3,U
sz300850,新强联,2025-09-29 14:56:15,42.32,8000,42.32,U
sz300850,新强联,2025-09-29 14:56:18,42.33,10997,42.32,U
sz300850,新强联,2025-09-29 14:56:21,42.32,10600,42.33,U
sz300850,新强联,2025-09-29 14:56:24,42.33,11400,42.32,U
sz300850,新强联,2025-09-29 14:56:27,42.33,12707,42.33,U
sz300850,新强联,2025-09-29 14:56:30,42.33,20200,42.33,E
sz300850,新强联,2025-09-29 14:56:33,42.34,15000,42.33,U
sz300850,新强联,2025-09-29 14:56:36,42.35,21500,42.34,U
sz300850,新强联,2025-09-29 14:56:39,42.35,6700,42.35,D
sz300850,新强联,2025-09-29 14:56:42,42.34,16200,42.35,D
sz300850,新强联,2025-09-29 14:56:45,42.35,7900,42.34,U
sz300850,新强联,2025-09-29 14:56:51,42.34,12000,42.34,U
sz300850,新强联,2025-09-29 15:00:00,42.4,323600,42.34,U
