symbol,name,ticktime,price,volume,prev_price,kind
sz300850,新强联,2025-09-23 09:25:00,38.65,27000,0.0,D
sz300850,新强联,2025-09-23 09:30:00,38.48,86500,38.65,D
sz300850,新强联,2025-09-23 09:30:03,38.47,39512,38.48,E
sz300850,新强联,2025-09-23 09:30:06,38.5,10000,38.47,E
sz300850,新强联,2025-09-23 09:30:09,38.49,14800,38.5,U
sz300850,新强联,2025-09-23 09:30:12,38.57,43372,38.49,U
sz300850,新强联,2025-09-23 09:30:15,38.69,12900,38.57,U
sz300850,新强联,2025-09-23 09:30:18,38.62,23700,38.69,D
sz300850,新强联,2025-09-23 09:30:21,38.62,6900,38.62,U
sz300850,新强联,2025-09-23 09:30:24,38.64,18300,38.62,E
sz300850,新强联,2025-09-23 09:30:27,38.69,6900,38.64,U
sz300850,新强联,2025-09-23 09:30:30,38.64,5800,38.69,E
sz300850,新强联,2025-09-23 09:30:33,38.66,8400,38.64,U
sz300850,新强联,2025-09-23 09:30:36,38.66,8800,38.66,E
sz300850,新强联,2025-09-23 09:30:42,38.62,17702,38.66,D
sz300850,新强联,2025-09-23 09:30:45,38.5,9798,38.62,D
sz300850,新强联,2025-09-23 09:30:48,38.5,19400,38.5,D
sz300850,新强联,2025-09-23 09:30:51,38.46,5688,38.5,E
sz300850,新强联,2025-09-23 09:30:57,38.48,9100,38.47,U
sz300850,新强联,2025-09-23 09:31:00,38.49,10700,38.48,D
sz300850,新强联,2025-09-23 09:31:06,38.52,6600,38.49,U
sz300850,新强联,2025-09-23 09:31:09,38.52,7500,38.52,U
sz300850,新强联,2025-09-23 09:31:15,38.52,19300,38.49,U
sz300850,新强联,2025-09-23 09:31:24,38.49,15400,38.58,D
sz300850,新强联,2025-09-23 09:31:30,38.48,5300,38.49,D
sz300850,新强联,2025-09-23 09:31:33,38.47,11700,38.48,D
sz300850,新强联,2025-09-23 09:31:36,38.47,6352,38.47,U
sz300850,新强联,2025-09-23 09:31:39,38.46,29400,38.47,D
sz300850,新强联,2025-09-23 09:31:42,38.46,13000,38.46,D
sz300850,新强联,2025-09-23 09:32:03,38.52,5300,38.51,U
sz300850,新强联,2025-09-23 09:32:18,38.56,10269,38.59,D
sz300850,新强联,2025-09-23 09:32:21,38.56,8100,38.56,U
sz300850,新强联,2025-09-23 09:32:33,38.6,15400,38.55,U
sz300850,新强联,2025-09-23 09:32:48,38.6,21000,38.6,D
sz300850,新强联,2025-09-23 09:32:51,38.62,35400,38.6,U
sz300850,新强联,2025-09-23 09:32:57,38.63,5700,38.62,U
sz300850,新强联,2025-09-23 09:33:00,38.55,46700,38.63,D
sz300850,新强联,2025-09-23 09:33:03,38.54,8600,38.55,D
sz300850,新强联,2025-09-23 09:33:15,38.53,10000,38.5,U
sz300850,新强联,2025-09-23 09:33:18,38.64,7700,38.53,U
sz300850,新强联,2025-09-23 09:33:21,38.63,12500,38.64,E
sz300850,新强联,2025-09-23 09:33:24,38.64,5300,38.63,U
sz300850,新强联,2025-09-23 09:33:42,38.59,5900,38.56,U
sz300850,新强联,2025-09-23 09:34:21,38.57,7400,38.59,D
sz300850,新强联,2025-09-23 09:34:24,38.57,11600,38.57,D
sz300850,新强联,2025-09-23 09:34:27,38.58,5883,38.57,U
sz300850,新强联,2025-09-23 09:34:30,38.57,8417,38.58,D
sz300850,新强联,2025-09-23 09:34:39,38.48,22983,38.58,D
sz300850,新强联,2025-09-23 09:34:42,38.5,10900,38.48,U
sz300850,新强联,2025-09-23 09:34:51,38.5,11038,38.5,U
sz300850,新强联,2025-09-23 09:35:18,38.52,5800,38.52,D
sz300850,新强联,2025-09-23 09:35:27,38.54,9700,38.52,E
sz300850,新强联,2025-09-23 09:35:42,38.53,28400,38.56,D
sz300850,新强联,2025-09-23 09:35:48,38.5,9900,38.53,E
sz300850,新强联,2025-09-23 09:36:06,38.44,8931,38.5,D
sz300850,新强联,2025-09-23 09:36:15,38.38,20200,38.48,D
sz300850,新强联,2025-09-23 09:36:24,38.37,11400,38.36,U
sz300850,新强联,2025-09-23 09:36:30,38.34,44700,38.37,D
sz300850,新强联,2025-09-23 09:36:36,38.32,18000,38.32,U
sz300850,新强联,2025-09-23 09:36:39,38.33,13300,38.32,E
sz300850,新强联,2025-09-23 09:36:42,38.34,20900,38.33,E
sz300850,新强联,2025-09-23 09:36:45,38.34,7300,38.34,U
sz300850,新强联,2025-09-23 09:36:51,38.38,9100,38.39,E
sz300850,新强联,2025-09-23 09:36:54,38.47,21900,38.38,U
sz300850,新强联,2025-09-23 09:36:57,38.48,6500,38.47,U
sz300850,新强联,2025-09-23 09:37:00,38.44,10000,38.48,E
sz300850,新强联,2025-09-23 09:37:12,38.43,8200,38.43,E
sz300850,新强联,2025-09-23 09:37:24,38.41,10200,38.43,D
sz300850,新强联,2025-09-23 09:37:27,38.4,38900,38.41,D
sz300850,新强联,2025-09-23 09:37:30,38.41,27919,38.4,E
sz300850,新强联,2025-09-23 09:37:33,38.45,14700,38.41,U
sz300850,新强联,2025-09-23 09:37:39,38.46,6100,38.46,D
sz300850,新强联,2025-09-23 09:37:48,38.54,47815,38.47,U
sz300850,新强联,2025-09-23 09:37:51,38.57,28000,38.54,U
sz300850,新强联,2025-09-23 09:38:09,38.52,11000,38.49,U
sz300850,新强联,2025-09-23 09:38:18,38.53,12800,38.57,D
sz300850,新强联,2025-09-23 09:38:21,38.65,15000,38.53,U
sz300850,新强联,2025-09-23 09:38:48,38.54,11100,38.57,D
sz300850,新强联,2025-09-23 09:38:51,38.54,6200,38.54,D
sz300850,新强联,2025-09-23 09:39:00,38.49,6200,38.51,D
sz300850,新强联,2025-09-23 09:39:12,38.42,59000,38.45,E
sz300850,新强联,2025-09-23 09:39:24,38.32,26100,38.38,D
sz300850,新强联,2025-09-23 09:39:42,38.33,26200,38.31,U
sz300850,新强联,2025-09-23 09:39:45,38.36,7700,38.33,U
sz300850,新强联,2025-09-23 09:39:48,38.36,5900,38.36,U
sz300850,新强联,2025-09-23 09:39:51,38.42,7900,38.36,U
sz300850,新强联,2025-09-23 09:40:00,38.33,21400,38.36,D
sz300850,新强联,2025-09-23 09:40:03,38.32,11300,38.33,D
sz300850,新强联,2025-09-23 09:40:06,38.31,7200,38.32,D
sz300850,新强联,2025-09-23 09:40:09,38.31,16900,38.31,D
sz300850,新强联,2025-09-23 09:40:12,38.33,32000,38.31,U
sz300850,新强联,2025-09-23 09:40:15,38.4,6600,38.33,U
sz300850,新强联,2025-09-23 09:40:18,38.45,13500,38.4,U
sz300850,新强联,2025-09-23 09:40:21,38.45,6800,38.45,U
sz300850,新强联,2025-09-23 09:40:36,38.45,12800,38.47,E
sz300850,新强联,2025-09-23 09:40:39,38.46,7000,38.45,U
sz300850,新强联,2025-09-23 09:40:42,38.52,15900,38.46,U
sz300850,新强联,2025-09-23 09:40:57,38.52,15100,38.5,U
sz300850,新强联,2025-09-23 09:41:18,38.52,5400,38.53,D
sz300850,新强联,2025-09-23 09:41:33,38.59,11900,38.53,U
sz300850,新强联,2025-09-23 09:41:48,38.53,12100,38.54,D
sz300850,新强联,2025-09-23 09:41:51,38.53,5500,38.53,D
sz300850,新强联,2025-09-23 09:41:54,38.49,5700,38.53,D
sz300850,新强联,2025-09-23 09:42:00,38.51,12100,38.5,E
sz300850,新强联,2025-09-23 09:42:12,38.58,21000,38.56,U
sz300850,新强联,2025-09-23 09:42:21,38.58,11600,38.58,E
sz300850,新强联,2025-09-23 09:42:24,38.54,30200,38.58,E
sz300850,新强联,2025-09-23 09:42:45,38.54,11500,38.51,U
sz300850,新强联,2025-09-23 09:42:54,38.55,6300,38.58,E
sz300850,新强联,2025-09-23 09:43:09,38.57,15600,38.58,E
sz300850,新强联,2025-09-23 09:43:21,38.55,6600,38.57,D
sz300850,新强联,2025-09-23 09:43:27,38.51,6200,38.52,D
sz300850,新强联,2025-09-23 09:43:33,38.51,6200,38.52,D
sz300850,新强联,2025-09-23 09:43:36,38.48,15700,38.51,D
sz300850,新强联,2025-09-23 09:43:54,38.58,16000,38.49,U
sz300850,新强联,2025-09-23 09:44:45,38.51,5800,38.48,U
sz300850,新强联,2025-09-23 09:45:09,38.67,34084,38.58,U
sz300850,新强联,2025-09-23 09:45:15,38.77,49919,38.7,U
sz300850,新强联,2025-09-23 09:45:18,38.75,13400,38.77,D
sz300850,新强联,2025-09-23 09:45:21,38.8,47487,38.75,U
sz300850,新强联,2025-09-23 09:45:30,38.83,5600,38.79,U
sz300850,新强联,2025-09-23 09:45:33,38.9,6192,38.83,U
sz300850,新强联,2025-09-23 09:45:36,38.88,9000,38.9,E
sz300850,新强联,2025-09-23 09:45:39,38.9,31608,38.88,U
sz300850,新强联,2025-09-23 09:45:42,38.84,22300,38.9,E
sz300850,新强联,2025-09-23 09:45:45,38.89,16900,38.84,U
sz300850,新强联,2025-09-23 09:45:48,38.87,13600,38.89,E
sz300850,新强联,2025-09-23 09:45:51,38.9,12100,38.87,E
sz300850,新强联,2025-09-23 09:45:54,38.91,9700,38.9,U
sz300850,新强联,2025-09-23 09:46:03,39.06,48200,38.93,U
sz300850,新强联,2025-09-23 09:46:12,39.06,12200,39.08,D
sz300850,新强联,2025-09-23 09:46:15,39.05,56400,39.06,E
sz300850,新强联,2025-09-23 09:46:18,39.05,111800,39.05,U
sz300850,新强联,2025-09-23 09:46:21,39.05,38100,39.05,U
sz300850,新强联,2025-09-23 09:46:24,39.08,7400,39.05,U
sz300850,新强联,2025-09-23 09:46:27,39.04,24000,39.08,D
sz300850,新强联,2025-09-23 09:46:30,39.03,21400,39.04,E
sz300850,新强联,2025-09-23 09:46:33,39.0,37700,39.03,D
sz300850,新强联,2025-09-23 09:46:36,39.0,18000,39.0,U
sz300850,新强联,2025-09-23 09:46:39,38.98,18100,39.0,U
sz300850,新强联,2025-09-23 09:46:42,38.95,10000,38.98,D
sz300850,新强联,2025-09-23 09:46:45,39.0,12100,38.95,U
sz300850,新强联,2025-09-23 09:46:48,39.04,11496,39.0,U
sz300850,新强联,2025-09-23 09:46:51,39.05,14700,39.04,D
sz300850,新强联,2025-09-23 09:46:54,39.07,29737,39.05,U
sz300850,新强联,2025-09-23 09:46:57,39.14,78200,39.07,U
sz300850,新强联,2025-09-23 09:47:00,39.17,131700,39.14,E
sz300850,新强联,2025-09-23 09:47:03,39.3,24200,39.17,U
sz300850,新强联,2025-09-23 09:47:06,39.41,30100,39.3,U
sz300850,新强联,2025-09-23 09:47:12,39.46,10700,39.42,U
sz300850,新强联,2025-09-23 09:47:15,39.45,33500,39.46,D
sz300850,新强联,2025-09-23 09:47:18,39.42,28062,39.45,D
sz300850,新强联,2025-09-23 09:47:21,39.36,50938,39.42,D
sz300850,新强联,2025-09-23 09:47:24,39.31,38500,39.36,D
sz300850,新强联,2025-09-23 09:47:27,39.4,17800,39.31,U
sz300850,新强联,2025-09-23 09:47:30,39.31,17200,39.4,D
sz300850,新强联,2025-09-23 09:47:33,39.4,27800,39.31,U
sz300850,新强联,2025-09-23 09:47:36,39.29,20300,39.4,E
sz300850,新强联,2025-09-23 09:47:39,39.32,27600,39.29,U
sz300850,新强联,2025-09-23 09:47:42,39.33,20900,39.32,U
sz300850,新强联,2025-09-23 09:47:45,39.34,11000,39.33,D
sz300850,新强联,2025-09-23 09:47:48,39.35,12900,39.34,U
sz300850,新强联,2025-09-23 09:47:51,39.36,21200,39.35,U
sz300850,新强联,2025-09-23 09:47:54,39.34,41600,39.36,E
sz300850,新强联,2025-09-23 09:47:57,39.25,22100,39.34,D
sz300850,新强联,2025-09-23 09:48:00,39.22,21700,39.25,D
sz300850,新强联,2025-09-23 09:48:03,39.2,31500,39.22,D
sz300850,新强联,2025-09-23 09:48:09,39.16,12600,39.18,E
sz300850,新强联,2025-09-23 09:48:12,39.18,17100,39.16,U
sz300850,新强联,2025-09-23 09:48:15,39.14,35000,39.18,E
sz300850,新强联,2025-09-23 09:48:18,39.15,10000,39.14,E
sz300850,新强联,2025-09-23 09:48:21,39.11,56000,39.15,D
sz300850,新强联,2025-09-23 09:48:27,39.14,35600,39.12,U
sz300850,新强联,2025-09-23 09:48:30,39.03,39200,39.14,D
sz300850,新强联,2025-09-23 09:48:33,39.02,9600,39.03,D
sz300850,新强联,2025-09-23 09:48:42,39.04,10200,39.04,D
sz300850,新强联,2025-09-23 09:48:45,39.09,26400,39.04,U
sz300850,新强联,2025-09-23 09:48:51,39.1,7700,39.15,D
sz300850,新强联,2025-09-23 09:48:54,39.1,35900,39.1,D
sz300850,新强联,2025-09-23 09:48:57,39.1,67900,39.1,D
sz300850,新强联,2025-09-23 09:49:00,39.1,21000,39.1,D
sz300850,新强联,2025-09-23 09:49:03,39.09,18400,39.1,E
sz300850,新强联,2025-09-23 09:49:06,39.07,14600,39.09,E
sz300850,新强联,2025-09-23 09:49:09,39.07,106700,39.07,E
sz300850,新强联,2025-09-23 09:49:12,39.04,66500,39.07,D
sz300850,新强联,2025-09-23 09:49:15,39.0,30100,39.04,D
sz300850,新强联,2025-09-23 09:49:18,39.0,24500,39.0,D
sz300850,新强联,2025-09-23 09:49:21,38.98,59200,39.0,D
sz300850,新强联,2025-09-23 09:49:24,38.96,5900,38.98,E
sz300850,新强联,2025-09-23 09:49:27,38.87,30400,38.96,D
sz300850,新强联,2025-09-23 09:49:33,38.87,15500,38.87,U
sz300850,新强联,2025-09-23 09:49:36,38.89,29100,38.87,U
sz300850,新强联,2025-09-23 09:49:45,38.96,6300,38.96,U
sz300850,新强联,2025-09-23 09:49:51,38.94,5800,38.94,E
sz300850,新强联,2025-09-23 09:49:54,38.9,14200,38.94,D
sz300850,新强联,2025-09-23 09:49:57,38.86,17900,38.9,D
sz300850,新强联,2025-09-23 09:50:00,38.83,10200,38.86,D
sz300850,新强联,2025-09-23 09:50:03,38.83,7400,38.83,D
sz300850,新强联,2025-09-23 09:50:06,38.85,8300,38.83,U
sz300850,新强联,2025-09-23 09:50:09,38.78,8800,38.85,D
sz300850,新强联,2025-09-23 09:50:12,38.84,5800,38.78,U
sz300850,新强联,2025-09-23 09:50:15,38.85,7600,38.84,E
sz300850,新强联,2025-09-23 09:50:18,38.8,25300,38.85,D
sz300850,新强联,2025-09-23 09:50:30,38.77,14700,38.78,D
sz300850,新强联,2025-09-23 09:50:33,38.78,20600,38.77,U
sz300850,新强联,2025-09-23 09:50:36,38.74,11400,38.78,D
sz300850,新强联,2025-09-23 09:50:42,38.68,39300,38.72,D
sz300850,新强联,2025-09-23 09:50:54,38.63,12800,38.64,D
sz300850,新强联,2025-09-23 09:51:03,38.56,13400,38.58,D
sz300850,新强联,2025-09-23 09:51:06,38.57,22000,38.56,U
sz300850,新强联,2025-09-23 09:51:18,38.52,5800,38.54,D
sz300850,新强联,2025-09-23 09:51:21,38.52,16800,38.52,U
sz300850,新强联,2025-09-23 09:51:24,38.51,6700,38.52,E
sz300850,新强联,2025-09-23 09:51:30,38.47,9000,38.49,D
sz300850,新强联,2025-09-23 09:51:36,38.45,15300,38.46,U
sz300850,新强联,2025-09-23 09:51:39,38.52,9100,38.45,U
sz300850,新强联,2025-09-23 09:51:42,38.46,7400,38.52,D
sz300850,新强联,2025-09-23 09:51:45,38.49,10100,38.46,U
sz300850,新强联,2025-09-23 09:51:48,38.48,9500,38.49,D
sz300850,新强联,2025-09-23 09:51:54,38.46,10100,38.52,D
sz300850,新强联,2025-09-23 09:51:57,38.48,21700,38.46,U
sz300850,新强联,2025-09-23 09:52:00,38.48,8000,38.48,E
sz300850,新强联,2025-09-23 09:52:06,38.49,5300,38.49,U
sz300850,新强联,2025-09-23 09:52:09,38.47,18200,38.49,D
sz300850,新强联,2025-09-23 09:52:12,38.48,27200,38.47,U
sz300850,新强联,2025-09-23 09:52:15,38.47,12400,38.48,D
sz300850,新强联,2025-09-23 09:52:30,38.54,10100,38.56,D
sz300850,新强联,2025-09-23 09:52:33,38.51,35300,38.54,D
sz300850,新强联,2025-09-23 09:52:36,38.5,9300,38.51,D
sz300850,新强联,2025-09-23 09:52:39,38.52,9100,38.5,U
sz300850,新强联,2025-09-23 09:52:45,38.53,17800,38.52,U
sz300850,新强联,2025-09-23 09:52:48,38.52,9600,38.53,D
sz300850,新强联,2025-09-23 09:52:51,38.49,45100,38.52,D
sz300850,新强联,2025-09-23 09:52:54,38.51,7200,38.49,U
sz300850,新强联,2025-09-23 09:53:06,38.47,10000,38.49,D
sz300850,新强联,2025-09-23 09:53:09,38.44,11500,38.47,D
sz300850,新强联,2025-09-23 09:53:15,38.44,5600,38.45,U
sz300850,新强联,2025-09-23 09:53:27,38.44,6700,38.44,D
sz300850,新强联,2025-09-23 09:53:33,38.44,11500,38.45,D
sz300850,新强联,2025-09-23 09:53:36,38.4,38200,38.44,D
sz300850,新强联,2025-09-23 09:53:42,38.42,7900,38.4,U
sz300850,新强联,2025-09-23 09:53:48,38.36,10100,38.39,D
sz300850,新强联,2025-09-23 09:53:57,38.36,50600,38.4,D
sz300850,新强联,2025-09-23 09:54:00,38.37,34700,38.36,U
sz300850,新强联,2025-09-23 09:54:12,38.32,17400,38.32,U
sz300850,新强联,2025-09-23 09:54:15,38.32,22500,38.32,D
sz300850,新强联,2025-09-23 09:54:24,38.36,7900,38.36,U
sz300850,新强联,2025-09-23 09:54:30,38.34,5800,38.33,E
sz300850,新强联,2025-09-23 09:54:39,38.34,36000,38.34,E
sz300850,新强联,2025-09-23 09:54:51,38.33,8100,38.34,D
sz300850,新强联,2025-09-23 09:54:54,38.28,57500,38.33,D
sz300850,新强联,2025-09-23 09:55:03,38.25,14400,38.31,D
sz300850,新强联,2025-09-23 09:55:06,38.24,10300,38.25,D
sz300850,新强联,2025-09-23 09:55:09,38.24,11000,38.24,D
sz300850,新强联,2025-09-23 09:55:30,38.29,7700,38.27,U
sz300850,新强联,2025-09-23 09:55:33,38.28,41000,38.29,E
sz300850,新强联,2025-09-23 09:55:42,38.32,5400,38.31,E
sz300850,新强联,2025-09-23 09:56:03,38.32,5400,38.33,D
sz300850,新强联,2025-09-23 09:56:12,38.4,16500,38.34,U
sz300850,新强联,2025-09-23 09:56:24,38.47,8100,38.4,U
sz300850,新强联,2025-09-23 09:56:30,38.45,7900,38.44,D
sz300850,新强联,2025-09-23 09:56:33,38.44,17500,38.45,D
sz300850,新强联,2025-09-23 09:56:36,38.43,48300,38.44,E
sz300850,新强联,2025-09-23 09:56:57,38.5,11600,38.44,U
sz300850,新强联,2025-09-23 09:57:06,38.59,7200,38.52,U
sz300850,新强联,2025-09-23 09:57:18,38.51,12100,38.58,D
sz300850,新强联,2025-09-23 09:57:21,38.5,8300,38.51,D
sz300850,新强联,2025-09-23 09:57:24,38.47,5800,38.5,D
sz300850,新强联,2025-09-23 09:57:42,38.38,24500,38.38,D
sz300850,新强联,2025-09-23 09:57:45,38.38,10200,38.38,D
sz300850,新强联,2025-09-23 09:57:48,38.35,20000,38.38,D
sz300850,新强联,2025-09-23 09:58:03,38.35,5300,38.36,D
sz300850,新强联,2025-09-23 09:58:18,38.36,10900,38.31,U
sz300850,新强联,2025-09-23 09:58:33,38.33,11600,38.34,D
sz300850,新强联,2025-09-23 09:58:57,38.36,12500,38.39,D
sz300850,新强联,2025-09-23 09:59:03,38.36,10300,38.32,U
sz300850,新强联,2025-09-23 09:59:24,38.28,42300,38.32,D
sz300850,新强联,2025-09-23 09:59:27,38.3,8600,38.28,U
sz300850,新强联,2025-09-23 09:59:36,38.26,6079,38.27,D
sz300850,新强联,2025-09-23 09:59:42,38.27,6200,38.26,U
sz300850,新强联,2025-09-23 09:59:45,38.21,30600,38.27,D
sz300850,新强联,2025-09-23 09:59:48,38.23,5500,38.21,E
sz300850,新强联,2025-09-23 09:59:51,38.2,27900,38.23,D
sz300850,新强联,2025-09-23 09:59:57,38.19,5300,38.19,U
sz300850,新强联,2025-09-23 10:00:00,38.21,16800,38.19,U
sz300850,新强联,2025-09-23 10:00:03,38.21,9300,38.21,D
sz300850,新强联,2025-09-23 10:00:06,38.29,21500,38.21,U
sz300850,新强联,2025-09-23 10:00:12,38.26,32300,38.23,D
sz300850,新强联,2025-09-23 10:00:24,38.23,14800,38.23,D
sz300850,新强联,2025-09-23 10:00:27,38.21,8100,38.23,D
sz300850,新强联,2025-09-23 10:00:30,38.2,5800,38.21,E
sz300850,新强联,2025-09-23 10:00:33,38.2,5700,38.2,U
sz300850,新强联,2025-09-23 10:00:36,38.16,24000,38.2,D
sz300850,新强联,2025-09-23 10:00:42,38.19,11100,38.16,U
sz300850,新强联,2025-09-23 10:00:45,38.15,12100,38.19,D
sz300850,新强联,2025-09-23 10:00:48,38.14,6200,38.15,E
sz300850,新强联,2025-09-23 10:00:54,38.1,13400,38.14,D
sz300850,新强联,2025-09-23 10:01:03,38.09,14800,38.13,D
sz300850,新强联,2025-09-23 10:01:09,38.1,25100,38.14,D
sz300850,新强联,2025-09-23 10:01:12,38.1,14900,38.1,D
sz300850,新强联,2025-09-23 10:01:15,38.11,15100,38.1,U
sz300850,新强联,2025-09-23 10:01:24,38.09,6300,38.1,D
sz300850,新强联,2025-09-23 10:01:30,38.1,6600,38.09,U
sz300850,新强联,2025-09-23 10:01:33,38.11,8400,38.1,U
sz300850,新强联,2025-09-23 10:01:45,38.1,8200,38.09,U
sz300850,新强联,2025-09-23 10:01:48,38.09,8600,38.1,D
sz300850,新强联,2025-09-23 10:02:03,38.07,12600,38.08,D
sz300850,新强联,2025-09-23 10:02:12,38.05,17100,38.06,D
sz300850,新强联,2025-09-23 10:02:15,38.05,13200,38.05,D
sz300850,新强联,2025-09-23 10:02:18,38.04,7900,38.05,D
sz300850,新强联,2025-09-23 10:02:24,38.05,37300,38.02,U
sz300850,新强联,2025-09-23 10:02:33,37.98,119400,38.02,D
sz300850,新强联,2025-09-23 10:02:36,38.05,17900,37.98,U
sz300850,新强联,2025-09-23 10:02:42,38.05,28253,38.02,U
sz300850,新强联,2025-09-23 10:02:54,38.05,9000,38.09,E
sz300850,新强联,2025-09-23 10:03:00,38.09,16100,38.03,U
sz300850,新强联,2025-09-23 10:03:03,38.05,10100,38.09,D
sz300850,新强联,2025-09-23 10:03:09,38.14,5600,38.14,U
sz300850,新强联,2025-09-23 10:03:12,38.16,7900,38.14,U
sz300850,新强联,2025-09-23 10:03:21,38.18,5600,38.16,U
sz300850,新强联,2025-09-23 10:03:27,38.16,6500,38.16,D
sz300850,新强联,2025-09-23 10:03:30,38.16,8400,38.16,D
sz300850,新强联,2025-09-23 10:03:36,38.15,7300,38.14,U
sz300850,新强联,2025-09-23 10:03:39,38.12,5400,38.15,D
sz300850,新强联,2025-09-23 10:03:48,38.12,5300,38.1,U
sz300850,新强联,2025-09-23 10:03:54,38.12,5700,38.13,D
sz300850,新强联,2025-09-23 10:04:03,38.18,6200,38.17,U
sz300850,新强联,2025-09-23 10:04:27,38.12,21100,38.13,D
sz300850,新强联,2025-09-23 10:04:39,38.13,6300,38.13,U
sz300850,新强联,2025-09-23 10:04:54,38.19,25300,38.15,U
sz300850,新强联,2025-09-23 10:05:21,38.14,6600,38.14,D
sz300850,新强联,2025-09-23 10:05:24,38.13,10000,38.14,D
sz300850,新强联,2025-09-23 10:05:30,38.1,7700,38.11,D
sz300850,新强联,2025-09-23 10:05:33,38.1,6900,38.1,D
sz300850,新强联,2025-09-23 10:05:36,38.1,7900,38.1,D
sz300850,新强联,2025-09-23 10:05:39,38.09,6700,38.1,D
sz300850,新强联,2025-09-23 10:05:45,38.1,45800,38.1,U
sz300850,新强联,2025-09-23 10:05:48,38.11,5600,38.1,D
sz300850,新强联,2025-09-23 10:06:00,38.11,5600,38.12,D
sz300850,新强联,2025-09-23 10:06:09,38.08,12200,38.11,D
sz300850,新强联,2025-09-23 10:06:12,38.06,6400,38.08,D
sz300850,新强联,2025-09-23 10:06:18,38.06,5400,38.08,D
sz300850,新强联,2025-09-23 10:06:21,38.06,7400,38.06,U
sz300850,新强联,2025-09-23 10:06:24,38.07,16900,38.06,U
sz300850,新强联,2025-09-23 10:06:36,38.08,9400,38.09,D
sz300850,新强联,2025-09-23 10:06:42,38.06,12700,38.08,D
sz300850,新强联,2025-09-23 10:06:54,38.07,8500,38.08,D
sz300850,新强联,2025-09-23 10:07:15,38.1,21500,38.1,D
sz300850,新强联,2025-09-23 10:07:54,38.16,15300,38.08,U
sz300850,新强联,2025-09-23 10:08:03,38.32,21700,38.19,U
sz300850,新强联,2025-09-23 10:08:06,38.25,9500,38.32,D
sz300850,新强联,2025-09-23 10:08:09,38.28,15400,38.25,U
sz300850,新强联,2025-09-23 10:08:48,38.08,6700,38.07,U
sz300850,新强联,2025-09-23 10:09:12,38.08,8100,38.08,U
sz300850,新强联,2025-09-23 10:09:24,38.07,8166,38.07,U
sz300850,新强联,2025-09-23 10:09:36,38.06,6900,38.07,D
sz300850,新强联,2025-09-23 10:09:42,38.05,8500,38.05,D
sz300850,新强联,2025-09-23 10:09:45,38.05,8400,38.05,D
sz300850,新强联,2025-09-23 10:09:51,38.04,8200,38.05,D
sz300850,新强联,2025-09-23 10:09:54,38.03,7600,38.04,D
sz300850,新强联,2025-09-23 10:10:09,38.02,8000,38.02,D
sz300850,新强联,2025-09-23 10:10:15,38.0,19347,38.02,D
sz300850,新强联,2025-09-23 10:10:21,38.04,31300,38.0,U
sz300850,新强联,2025-09-23 10:10:24,38.07,36800,38.04,U
sz300850,新强联,2025-09-23 10:11:51,38.04,6000,38.04,D
sz300850,新强联,2025-09-23 10:11:54,38.03,20200,38.04,D
sz300850,新强联,2025-09-23 10:12:00,38.01,6100,38.01,D
sz300850,新强联,2025-09-23 10:12:21,38.01,11000,38.0,U
sz300850,新强联,2025-09-23 10:12:24,38.0,5900,38.01,D
sz300850,新强联,2025-09-23 10:12:30,38.01,10817,38.01,U
sz300850,新强联,2025-09-23 10:12:42,38.01,26700,38.02,D
sz300850,新强联,2025-09-23 10:12:45,37.99,26483,38.01,D
sz300850,新强联,2025-09-23 10:12:48,38.0,5900,37.99,E
sz300850,新强联,2025-09-23 10:12:51,37.97,9800,38.0,D
sz300850,新强联,2025-09-23 10:12:54,37.95,5300,37.97,D
sz300850,新强联,2025-09-23 10:12:57,37.94,5400,37.95,D
sz300850,新强联,2025-09-23 10:13:03,37.9,18800,37.94,D
sz300850,新强联,2025-09-23 10:13:09,37.87,24000,37.88,D
sz300850,新强联,2025-09-23 10:13:18,37.87,8700,37.88,D
sz300850,新强联,2025-09-23 10:13:21,37.87,9900,37.87,U
sz300850,新强联,2025-09-23 10:13:27,37.86,106900,37.86,D
sz300850,新强联,2025-09-23 10:13:42,37.83,10700,37.82,D
sz300850,新强联,2025-09-23 10:13:45,37.82,8100,37.83,D
sz300850,新强联,2025-09-23 10:13:51,37.84,6100,37.85,E
sz300850,新强联,2025-09-23 10:13:54,37.84,10100,37.84,D
sz300850,新强联,2025-09-23 10:13:57,37.83,15500,37.84,D
sz300850,新强联,2025-09-23 10:14:06,37.96,7000,37.96,E
sz300850,新强联,2025-09-23 10:14:18,38.0,11900,37.95,U
sz300850,新强联,2025-09-23 10:14:21,37.97,5400,38.0,E
sz300850,新强联,2025-09-23 10:14:54,38.03,20000,38.01,U
sz300850,新强联,2025-09-23 10:15:03,38.01,6000,38.01,D
sz300850,新强联,2025-09-23 10:15:54,38.0,12000,37.99,U
sz300850,新强联,2025-09-23 10:16:00,37.95,5500,37.95,D
sz300850,新强联,2025-09-23 10:16:06,37.88,6900,37.93,D
sz300850,新强联,2025-09-23 10:16:42,37.88,5800,37.88,U
sz300850,新强联,2025-09-23 10:16:51,37.85,12100,37.86,E
sz300850,新强联,2025-09-23 10:16:57,37.82,5300,37.85,D
sz300850,新强联,2025-09-23 10:17:03,37.88,24300,37.82,U
sz300850,新强联,2025-09-23 10:17:15,37.81,20300,37.82,D
sz300850,新强联,2025-09-23 10:17:18,37.83,19100,37.81,U
sz300850,新强联,2025-09-23 10:17:36,37.91,5400,37.88,U
sz300850,新强联,2025-09-23 10:17:39,37.87,7500,37.91,D
sz300850,新强联,2025-09-23 10:18:06,37.81,6500,37.83,D
sz300850,新强联,2025-09-23 10:18:33,37.83,7100,37.81,U
sz300850,新强联,2025-09-23 10:18:39,37.82,5800,37.82,D
sz300850,新强联,2025-09-23 10:18:42,37.81,9400,37.82,D
sz300850,新强联,2025-09-23 10:19:00,37.81,8900,37.81,D
sz300850,新强联,2025-09-23 10:19:18,37.8,7100,37.81,D
sz300850,新强联,2025-09-23 10:19:21,37.8,9300,37.8,D
sz300850,新强联,2025-09-23 10:19:24,37.77,9000,37.8,D
sz300850,新强联,2025-09-23 10:19:27,37.79,5500,37.77,U
sz300850,新强联,2025-09-23 10:19:48,37.77,9000,37.77,U
sz300850,新强联,2025-09-23 10:20:03,37.79,11200,37.77,U
sz300850,新强联,2025-09-23 10:20:06,37.79,6400,37.79,U
sz300850,新强联,2025-09-23 10:20:12,37.81,7300,37.8,U
sz300850,新强联,2025-09-23 10:20:15,37.82,9700,37.81,U
sz300850,新强联,2025-09-23 10:20:18,37.81,7000,37.82,D
sz300850,新强联,2025-09-23 10:20:21,37.86,65100,37.81,U
sz300850,新强联,2025-09-23 10:20:24,37.84,9000,37.86,D
sz300850,新强联,2025-09-23 10:20:27,37.83,8600,37.84,D
sz300850,新强联,2025-09-23 10:20:33,37.82,7500,37.83,D
sz300850,新强联,2025-09-23 10:21:00,37.81,6500,37.81,D
sz300850,新强联,2025-09-23 10:21:06,37.84,7400,37.81,U
sz300850,新强联,2025-09-23 10:22:24,37.81,17900,37.81,D
sz300850,新强联,2025-09-23 10:22:42,37.77,7100,37.77,D
sz300850,新强联,2025-09-23 10:22:54,37.77,12700,37.76,U
sz300850,新强联,2025-09-23 10:22:57,37.78,6200,37.77,U
sz300850,新强联,2025-09-23 10:23:00,37.76,10100,37.78,D
sz300850,新强联,2025-09-23 10:23:45,37.73,33400,37.76,D
sz300850,新强联,2025-09-23 10:24:03,37.7,10600,37.7,D
sz300850,新强联,2025-09-23 10:24:09,37.7,17000,37.71,D
sz300850,新强联,2025-09-23 10:24:33,37.66,5800,37.66,D
sz300850,新强联,2025-09-23 10:24:36,37.63,17900,37.66,D
sz300850,新强联,2025-09-23 10:24:48,37.67,9100,37.67,D
sz300850,新强联,2025-09-23 10:25:27,37.63,5400,37.64,D
sz300850,新强联,2025-09-23 10:25:33,37.63,8500,37.63,D
sz300850,新强联,2025-09-23 10:25:45,37.63,11700,37.63,D
sz300850,新强联,2025-09-23 10:26:00,37.61,50200,37.61,D
sz300850,新强联,2025-09-23 10:26:03,37.61,13700,37.61,U
sz300850,新强联,2025-09-23 10:26:06,37.61,38700,37.61,D
sz300850,新强联,2025-09-23 10:26:09,37.61,6400,37.61,D
sz300850,新强联,2025-09-23 10:26:12,37.6,7100,37.61,D
sz300850,新强联,2025-09-23 10:26:21,37.6,22385,37.6,D
sz300850,新强联,2025-09-23 10:26:24,37.6,6515,37.6,D
sz300850,新强联,2025-09-23 10:26:27,37.6,10100,37.6,U
sz300850,新强联,2025-09-23 10:26:30,37.6,6300,37.6,U
sz300850,新强联,2025-09-23 10:27:00,37.64,11100,37.64,D
sz300850,新强联,2025-09-23 10:27:24,37.6,7100,37.6,D
sz300850,新强联,2025-09-23 10:28:00,37.59,33000,37.58,U
sz300850,新强联,2025-09-23 10:28:03,37.58,22900,37.59,D
sz300850,新强联,2025-09-23 10:28:09,37.58,14800,37.62,D
sz300850,新强联,2025-09-23 10:28:21,37.58,14500,37.6,D
sz300850,新强联,2025-09-23 10:28:24,37.56,8500,37.58,D
sz300850,新强联,2025-09-23 10:29:18,37.62,18400,37.61,U
sz300850,新强联,2025-09-23 10:29:24,37.62,7800,37.63,D
sz300850,新强联,2025-09-23 10:29:54,37.66,42600,37.65,U
sz300850,新强联,2025-09-23 10:29:57,37.65,5400,37.66,E
sz300850,新强联,2025-09-23 10:30:09,37.61,5800,37.61,D
sz300850,新强联,2025-09-23 10:30:12,37.61,5400,37.61,D
sz300850,新强联,2025-09-23 10:30:18,37.67,6300,37.62,U
sz300850,新强联,2025-09-23 10:30:21,37.68,20600,37.67,U
sz300850,新强联,2025-09-23 10:30:33,37.68,5600,37.67,U
sz300850,新强联,2025-09-23 10:30:39,37.69,6300,37.68,U
sz300850,新强联,2025-09-23 10:30:42,37.66,8500,37.69,D
sz300850,新强联,2025-09-23 10:30:45,37.67,8700,37.66,U
sz300850,新强联,2025-09-23 10:30:51,37.69,7000,37.7,U
sz300850,新强联,2025-09-23 10:31:12,37.69,7800,37.69,D
sz300850,新强联,2025-09-23 10:31:15,37.67,7800,37.69,D
sz300850,新强联,2025-09-23 10:31:18,37.67,11300,37.67,D
sz300850,新强联,2025-09-23 10:31:30,37.76,20100,37.71,U
sz300850,新强联,2025-09-23 10:32:03,37.71,6500,37.7,U
sz300850,新强联,2025-09-23 10:32:18,37.7,6700,37.71,D
sz300850,新强联,2025-09-23 10:32:24,37.65,12400,37.7,D
sz300850,新强联,2025-09-23 10:33:03,37.57,6800,37.57,D
sz300850,新强联,2025-09-23 10:33:12,37.57,9200,37.6,D
sz300850,新强联,2025-09-23 10:33:18,37.6,6400,37.6,U
sz300850,新强联,2025-09-23 10:34:00,37.62,15400,37.57,U
sz300850,新强联,2025-09-23 10:34:03,37.59,24600,37.62,D
sz300850,新强联,2025-09-23 10:34:33,37.63,5700,37.63,D
sz300850,新强联,2025-09-23 10:35:12,37.73,5500,37.74,E
sz300850,新强联,2025-09-23 10:35:18,37.73,8500,37.74,D
sz300850,新强联,2025-09-23 10:35:36,37.74,5600,37.72,U
sz300850,新强联,2025-09-23 10:35:39,37.74,18400,37.74,D
sz300850,新强联,2025-09-23 10:35:48,37.7,7100,37.71,D
sz300850,新强联,2025-09-23 10:35:54,37.71,12800,37.7,U
sz300850,新强联,2025-09-23 10:36:51,37.77,8400,37.78,D
sz300850,新强联,2025-09-23 10:36:54,37.8,6100,37.77,U
sz300850,新强联,2025-09-23 10:37:18,37.81,10300,37.84,E
sz300850,新强联,2025-09-23 10:37:33,37.77,22400,37.82,D
sz300850,新强联,2025-09-23 10:37:36,37.82,13800,37.77,U
sz300850,新强联,2025-09-23 10:38:03,37.7,10500,37.73,D
sz300850,新强联,2025-09-23 10:38:06,37.7,6100,37.7,D
sz300850,新强联,2025-09-23 10:38:12,37.72,9200,37.66,U
sz300850,新强联,2025-09-23 10:38:21,37.63,11200,37.65,D
sz300850,新强联,2025-09-23 10:38:24,37.6,6900,37.63,D
sz300850,新强联,2025-09-23 10:38:27,37.64,6100,37.6,U
sz300850,新强联,2025-09-23 10:38:33,37.65,10800,37.62,U
sz300850,新强联,2025-09-23 10:38:42,37.62,9700,37.65,D
sz300850,新强联,2025-09-23 10:38:51,37.63,5900,37.65,D
sz300850,新强联,2025-09-23 10:39:00,37.65,7700,37.64,U
sz300850,新强联,2025-09-23 10:39:03,37.62,8100,37.65,E
sz300850,新强联,2025-09-23 10:39:12,37.6,6500,37.61,D
sz300850,新强联,2025-09-23 10:39:30,37.58,17800,37.61,D
sz300850,新强联,2025-09-23 10:39:33,37.57,43900,37.58,D
sz300850,新强联,2025-09-23 10:39:45,37.6,12100,37.57,U
sz300850,新强联,2025-09-23 10:40:42,37.59,8700,37.58,U
sz300850,新强联,2025-09-23 10:41:03,37.56,7900,37.59,D
sz300850,新强联,2025-09-23 10:41:06,37.54,5500,37.56,D
sz300850,新强联,2025-09-23 10:41:09,37.51,13500,37.54,D
sz300850,新强联,2025-09-23 10:41:12,37.51,42300,37.51,D
sz300850,新强联,2025-09-23 10:41:15,37.5,11700,37.51,D
sz300850,新强联,2025-09-23 10:41:18,37.53,12400,37.5,U
sz300850,新强联,2025-09-23 10:41:21,37.48,55900,37.53,D
sz300850,新强联,2025-09-23 10:41:42,37.5,7300,37.47,U
sz300850,新强联,2025-09-23 10:41:45,37.47,16000,37.5,D
sz300850,新强联,2025-09-23 10:42:09,37.5,11200,37.52,D
sz300850,新强联,2025-09-23 10:42:30,37.57,7200,37.53,U
sz300850,新强联,2025-09-23 10:43:15,37.7,7500,37.68,U
sz300850,新强联,2025-09-23 10:43:51,37.77,6700,37.75,U
sz300850,新强联,2025-09-23 10:44:03,37.8,12800,37.77,U
sz300850,新强联,2025-09-23 10:44:27,37.83,6100,37.88,E
sz300850,新强联,2025-09-23 10:44:45,37.89,18300,37.89,U
sz300850,新强联,2025-09-23 10:44:48,37.89,6900,37.89,D
sz300850,新强联,2025-09-23 10:44:51,37.93,7500,37.89,U
sz300850,新强联,2025-09-23 10:45:06,37.87,5300,37.87,D
sz300850,新强联,2025-09-23 10:45:15,37.87,5700,37.85,U
sz300850,新强联,2025-09-23 10:45:18,37.87,11700,37.87,U
sz300850,新强联,2025-09-23 10:46:15,37.77,11800,37.82,D
sz300850,新强联,2025-09-23 10:46:33,37.81,10000,37.77,U
sz300850,新强联,2025-09-23 10:46:42,37.8,5600,37.77,U
sz300850,新强联,2025-09-23 10:46:51,37.88,20000,37.81,U
sz300850,新强联,2025-09-23 10:47:09,37.85,9000,37.82,U
sz300850,新强联,2025-09-23 10:48:03,37.87,9600,37.8,U
sz300850,新强联,2025-09-23 10:48:06,37.88,6700,37.87,U
sz300850,新强联,2025-09-23 10:50:09,37.74,10895,37.77,D
sz300850,新强联,2025-09-23 10:50:12,37.75,8200,37.74,U
sz300850,新强联,2025-09-23 10:51:21,37.7,7600,37.66,U
sz300850,新强联,2025-09-23 10:52:15,37.67,13200,37.65,U
sz300850,新强联,2025-09-23 10:52:51,37.59,9500,37.64,D
sz300850,新强联,2025-09-23 10:53:06,37.53,5500,37.6,D
sz300850,新强联,2025-09-23 10:53:27,37.51,18000,37.55,D
sz300850,新强联,2025-09-23 10:53:42,37.56,6000,37.56,U
sz300850,新强联,2025-09-23 10:54:12,37.6,6800,37.55,U
sz300850,新强联,2025-09-23 10:55:09,37.59,7400,37.62,D
sz300850,新强联,2025-09-23 10:55:42,37.55,5600,37.54,U
sz300850,新强联,2025-09-23 10:56:00,37.51,23800,37.53,D
sz300850,新强联,2025-09-23 10:56:03,37.5,15700,37.51,D
sz300850,新强联,2025-09-23 10:56:09,37.5,10100,37.5,D
sz300850,新强联,2025-09-23 10:56:12,37.49,9400,37.5,D
sz300850,新强联,2025-09-23 10:56:15,37.48,5600,37.49,E
sz300850,新强联,2025-09-23 10:56:21,37.51,21672,37.48,U
sz300850,新强联,2025-09-23 10:56:36,37.53,7505,37.48,U
sz300850,新强联,2025-09-23 10:57:06,37.48,18698,37.51,D
sz300850,新强联,2025-09-23 10:57:15,37.49,7300,37.48,U
sz300850,新强联,2025-09-23 10:57:51,37.57,7700,37.55,D
sz300850,新强联,2025-09-23 10:58:00,37.55,6600,37.56,U
sz300850,新强联,2025-09-23 10:58:30,37.53,10000,37.53,D
sz300850,新强联,2025-09-23 10:58:45,37.55,15715,37.52,U
sz300850,新强联,2025-09-23 10:58:54,37.59,8700,37.54,U
sz300850,新强联,2025-09-23 10:59:03,37.58,5800,37.57,U
sz300850,新强联,2025-09-23 10:59:15,37.64,5600,37.65,E
sz300850,新强联,2025-09-23 10:59:57,37.63,6097,37.64,D
sz300850,新强联,2025-09-23 11:00:27,37.57,14400,37.61,D
sz300850,新强联,2025-09-23 11:00:48,37.54,17500,37.56,D
sz300850,新强联,2025-09-23 11:00:51,37.58,19309,37.54,U
sz300850,新强联,2025-09-23 11:00:54,37.56,7000,37.58,D
sz300850,新强联,2025-09-23 11:01:03,37.55,10491,37.55,D
sz300850,新强联,2025-09-23 11:01:24,37.5,8700,37.51,D
sz300850,新强联,2025-09-23 11:01:30,37.5,8600,37.5,D
sz300850,新强联,2025-09-23 11:02:03,37.52,6700,37.49,U
sz300850,新强联,2025-09-23 11:02:06,37.5,10000,37.52,D
sz300850,新强联,2025-09-23 11:02:27,37.5,14300,37.52,D
sz300850,新强联,2025-09-23 11:02:30,37.51,8700,37.5,U
sz300850,新强联,2025-09-23 11:02:51,37.46,8297,37.48,D
sz300850,新强联,2025-09-23 11:03:09,37.46,20800,37.48,D
sz300850,新强联,2025-09-23 11:03:12,37.48,7800,37.46,U
sz300850,新强联,2025-09-23 11:03:15,37.53,26596,37.48,U
sz300850,新强联,2025-09-23 11:03:39,37.56,7800,37.55,E
sz300850,新强联,2025-09-23 11:04:09,37.59,7400,37.58,U
sz300850,新强联,2025-09-23 11:07:03,37.59,6700,37.58,E
sz300850,新强联,2025-09-23 11:08:00,37.56,8099,37.59,D
sz300850,新强联,2025-09-23 11:08:15,37.5,11200,37.52,D
sz300850,新强联,2025-09-23 11:08:48,37.46,9400,37.46,D
sz300850,新强联,2025-09-23 11:09:03,37.45,5600,37.46,D
sz300850,新强联,2025-09-23 11:09:12,37.46,6500,37.49,D
sz300850,新强联,2025-09-23 11:09:45,37.48,12200,37.49,D
sz300850,新强联,2025-09-23 11:11:15,37.53,10500,37.5,U
sz300850,新强联,2025-09-23 11:12:06,37.49,6000,37.51,D
sz300850,新强联,2025-09-23 11:12:09,37.49,7200,37.49,E
sz300850,新强联,2025-09-23 11:12:18,37.46,13500,37.47,D
sz300850,新强联,2025-09-23 11:12:21,37.43,8200,37.46,D
sz300850,新强联,2025-09-23 11:12:30,37.44,6800,37.44,U
sz300850,新强联,2025-09-23 11:12:33,37.47,14400,37.44,U
sz300850,新强联,2025-09-23 11:12:36,37.48,12800,37.47,U
sz300850,新强联,2025-09-23 11:12:48,37.44,5600,37.45,D
sz300850,新强联,2025-09-23 11:13:24,37.47,11800,37.47,U
sz300850,新强联,2025-09-23 11:14:00,37.44,7300,37.44,D
sz300850,新强联,2025-09-23 11:14:03,37.43,30000,37.44,D
sz300850,新强联,2025-09-23 11:14:48,37.41,19200,37.42,D
sz300850,新强联,2025-09-23 11:14:51,37.41,34400,37.41,U
sz300850,新强联,2025-09-23 11:15:03,37.37,5800,37.37,D
sz300850,新强联,2025-09-23 11:15:06,37.37,12800,37.37,D
sz300850,新强联,2025-09-23 11:15:15,37.39,13000,37.38,E
sz300850,新强联,2025-09-23 11:15:39,37.4,7500,37.41,D
sz300850,新强联,2025-09-23 11:15:48,37.37,24500,37.39,D
sz300850,新强联,2025-09-23 11:16:18,37.35,5400,37.35,D
sz300850,新强联,2025-09-23 11:16:30,37.35,40300,37.35,D
sz300850,新强联,2025-09-23 11:16:48,37.36,5600,37.34,U
sz300850,新强联,2025-09-23 11:18:51,37.52,15300,37.5,U
sz300850,新强联,2025-09-23 11:21:09,37.44,7000,37.45,D
sz300850,新强联,2025-09-23 11:21:39,37.41,7400,37.42,D
sz300850,新强联,2025-09-23 11:21:42,37.39,5800,37.41,D
sz300850,新强联,2025-09-23 11:22:15,37.34,10100,37.34,D
sz300850,新强联,2025-09-23 11:22:21,37.33,11800,37.33,D
sz300850,新强联,2025-09-23 11:22:30,37.3,18700,37.34,D
sz300850,新强联,2025-09-23 11:22:45,37.35,12100,37.35,E
sz300850,新强联,2025-09-23 11:23:12,37.38,15400,37.37,U
sz300850,新强联,2025-09-23 11:23:45,37.34,5400,37.32,U
sz300850,新强联,2025-09-23 11:24:00,37.3,9300,37.31,D
sz300850,新强联,2025-09-23 11:24:27,37.31,13400,37.32,D
sz300850,新强联,2025-09-23 11:25:12,37.28,6600,37.28,D
sz300850,新强联,2025-09-23 11:25:45,37.25,8700,37.28,D
sz300850,新强联,2025-09-23 11:28:33,37.27,10600,37.27,U
sz300850,新强联,2025-09-23 11:28:54,37.26,6785,37.26,D
sz300850,新强联,2025-09-23 11:29:57,37.28,9300,37.27,E
sz300850,新强联,2025-09-23 13:00:00,37.25,17712,37.25,D
sz300850,新强联,2025-09-23 13:00:06,37.24,11200,37.25,D
sz300850,新强联,2025-09-23 13:00:09,37.23,8607,37.24,D
sz300850,新强联,2025-09-23 13:00:12,37.27,35878,37.23,U
sz300850,新强联,2025-09-23 13:01:45,37.34,6600,37.32,E
sz300850,新强联,2025-09-23 13:01:48,37.32,11800,37.34,D
sz300850,新强联,2025-09-23 13:02:00,37.32,9600,37.31,E
sz300850,新强联,2025-09-23 13:02:42,37.26,5900,37.26,D
sz300850,新强联,2025-09-23 13:06:09,37.25,15700,37.25,D
sz300850,新强联,2025-09-23 13:06:30,37.27,6800,37.26,U
sz300850,新强联,2025-09-23 13:06:48,37.28,6400,37.28,U
sz300850,新强联,2025-09-23 13:07:00,37.28,18000,37.28,D
sz300850,新强联,2025-09-23 13:07:03,37.26,6800,37.28,D
sz300850,新强联,2025-09-23 13:07:18,37.27,22600,37.26,D
sz300850,新强联,2025-09-23 13:09:00,37.37,5900,37.38,D
sz300850,新强联,2025-09-23 13:09:03,37.35,15700,37.37,D
sz300850,新强联,2025-09-23 13:09:36,37.33,11400,37.3,U
sz300850,新强联,2025-09-23 13:10:03,37.35,5500,37.35,D
sz300850,新强联,2025-09-23 13:10:06,37.32,6300,37.35,D
sz300850,新强联,2025-09-23 13:11:00,37.43,12600,37.36,U
sz300850,新强联,2025-09-23 13:11:03,37.45,8700,37.43,U
sz300850,新强联,2025-09-23 13:12:36,37.58,5700,37.61,D
sz300850,新强联,2025-09-23 13:13:27,37.55,7400,37.55,D
sz300850,新强联,2025-09-23 13:14:12,37.54,17400,37.52,U
sz300850,新强联,2025-09-23 13:14:15,37.51,31600,37.54,D
sz300850,新强联,2025-09-23 13:14:42,37.55,6200,37.51,U
sz300850,新强联,2025-09-23 13:14:57,37.55,108200,37.53,E
sz300850,新强联,2025-09-23 13:15:00,37.54,12400,37.55,D
sz300850,新强联,2025-09-23 13:15:33,37.56,6900,37.61,D
sz300850,新强联,2025-09-23 13:16:06,37.61,8900,37.6,U
sz300850,新强联,2025-09-23 13:16:21,37.63,7200,37.65,D
sz300850,新强联,2025-09-23 13:16:30,37.54,6500,37.56,D
sz300850,新强联,2025-09-23 13:17:33,37.45,17100,37.42,U
sz300850,新强联,2025-09-23 13:18:12,37.45,24900,37.43,U
sz300850,新强联,2025-09-23 13:18:15,37.45,6300,37.45,D
sz300850,新强联,2025-09-23 13:18:54,37.42,5800,37.4,E
sz300850,新强联,2025-09-23 13:18:57,37.47,10400,37.42,U
sz300850,新强联,2025-09-23 13:19:00,37.47,16100,37.47,E
sz300850,新强联,2025-09-23 13:19:06,37.49,11300,37.43,U
sz300850,新强联,2025-09-23 13:20:21,37.49,21400,37.46,U
sz300850,新强联,2025-09-23 13:20:42,37.49,6500,37.47,U
sz300850,新强联,2025-09-23 13:22:03,37.52,7100,37.53,D
sz300850,新强联,2025-09-23 13:22:24,37.6,5900,37.52,U
sz300850,新强联,2025-09-23 13:22:36,37.64,5400,37.61,U
sz300850,新强联,2025-09-23 13:23:09,37.8,8000,37.7,U
sz300850,新强联,2025-09-23 13:23:15,37.73,9500,37.79,D
sz300850,新强联,2025-09-23 13:23:48,37.71,6600,37.74,D
sz300850,新强联,2025-09-23 13:24:09,37.76,5800,37.74,U
sz300850,新强联,2025-09-23 13:24:51,37.82,5300,37.81,U
sz300850,新强联,2025-09-23 13:25:06,37.88,9000,37.85,U
sz300850,新强联,2025-09-23 13:25:09,37.9,46400,37.88,U
sz300850,新强联,2025-09-23 13:25:24,37.92,6500,37.89,U
sz300850,新强联,2025-09-23 13:25:33,37.96,12400,37.93,U
sz300850,新强联,2025-09-23 13:25:39,37.94,8400,37.96,D
sz300850,新强联,2025-09-23 13:25:51,38.02,53300,37.95,U
sz300850,新强联,2025-09-23 13:26:00,37.95,18600,38.02,D
sz300850,新强联,2025-09-23 13:26:03,37.94,6700,37.95,D
sz300850,新强联,2025-09-23 13:26:06,37.94,6500,37.94,D
sz300850,新强联,2025-09-23 13:26:36,37.94,10600,37.95,D
sz300850,新强联,2025-09-23 13:26:51,37.93,8000,37.95,D
sz300850,新强联,2025-09-23 13:26:54,37.96,20500,37.93,U
sz300850,新强联,2025-09-23 13:28:00,37.93,5600,37.97,D
sz300850,新强联,2025-09-23 13:28:12,38.0,6000,37.97,U
sz300850,新强联,2025-09-23 13:28:15,38.03,15300,38.0,U
sz300850,新强联,2025-09-23 13:28:45,38.01,11100,38.03,D
sz300850,新强联,2025-09-23 13:28:48,38.0,13800,38.01,D
sz300850,新强联,2025-09-23 13:28:54,38.01,11900,38.01,D
sz300850,新强联,2025-09-23 13:29:24,38.09,15700,38.03,U
sz300850,新强联,2025-09-23 13:30:24,37.96,40900,38.0,D
sz300850,新强联,2025-09-23 13:30:48,37.97,9400,37.98,E
sz300850,新强联,2025-09-23 13:30:51,38.01,73600,37.97,U
sz300850,新强联,2025-09-23 13:31:03,38.08,26800,38.01,U
sz300850,新强联,2025-09-23 13:31:09,38.07,7000,38.06,U
sz300850,新强联,2025-09-23 13:31:18,38.15,52100,38.08,U
sz300850,新强联,2025-09-23 13:31:45,38.12,12400,38.1,U
sz300850,新强联,2025-09-23 13:31:51,38.11,10900,38.08,U
sz300850,新强联,2025-09-23 13:31:57,38.06,8000,38.11,D
sz300850,新强联,2025-09-23 13:32:15,38.01,6300,38.05,D
sz300850,新强联,2025-09-23 13:32:27,37.94,11000,37.94,D
sz300850,新强联,2025-09-23 13:32:33,38.0,8600,37.94,U
sz300850,新强联,2025-09-23 13:32:42,38.0,7200,37.97,U
sz300850,新强联,2025-09-23 13:32:54,38.03,13400,37.96,U
sz300850,新强联,2025-09-23 13:33:09,38.01,15600,37.97,U
sz300850,新强联,2025-09-23 13:33:21,38.07,8000,38.01,U
sz300850,新强联,2025-09-23 13:33:30,38.05,15700,38.02,E
sz300850,新强联,2025-09-23 13:34:09,38.0,24600,38.02,D
sz300850,新强联,2025-09-23 13:34:12,38.0,8600,38.0,D
sz300850,新强联,2025-09-23 13:34:18,37.99,9000,38.0,D
sz300850,新强联,2025-09-23 13:34:24,37.97,15200,37.97,U
sz300850,新强联,2025-09-23 13:34:39,38.0,15300,38.0,D
sz300850,新强联,2025-09-23 13:34:57,37.98,7200,37.94,U
sz300850,新强联,2025-09-23 13:35:51,37.93,6000,37.88,U
sz300850,新强联,2025-09-23 13:35:54,37.88,5400,37.93,D
sz300850,新强联,2025-09-23 13:36:12,37.96,14100,37.91,U
sz300850,新强联,2025-09-23 13:36:33,37.92,6679,37.93,D
sz300850,新强联,2025-09-23 13:36:48,37.95,6500,37.91,U
sz300850,新强联,2025-09-23 13:37:15,38.0,12500,37.96,U
sz300850,新强联,2025-09-23 13:37:21,37.93,9300,38.0,D
sz300850,新强联,2025-09-23 13:39:48,38.04,10200,37.96,U
sz300850,新强联,2025-09-23 13:40:06,37.99,22100,37.99,D
sz300850,新强联,2025-09-23 13:40:12,37.98,9100,37.99,D
sz300850,新强联,2025-09-23 13:40:33,37.97,10942,37.97,D
sz300850,新强联,2025-09-23 13:40:36,37.96,5600,37.97,U
sz300850,新强联,2025-09-23 13:40:39,37.92,36100,37.96,D
sz300850,新强联,2025-09-23 13:42:18,37.86,10500,37.86,D
sz300850,新强联,2025-09-23 13:42:54,37.85,6700,37.86,D
sz300850,新强联,2025-09-23 13:42:57,37.83,9200,37.85,D
sz300850,新强联,2025-09-23 13:44:00,37.76,21000,37.73,U
sz300850,新强联,2025-09-23 13:44:09,37.77,5800,37.77,D
sz300850,新强联,2025-09-23 13:45:33,37.83,23600,37.85,D
sz300850,新强联,2025-09-23 13:45:48,37.79,9100,37.78,U
sz300850,新强联,2025-09-23 13:46:42,37.73,12300,37.76,D
sz300850,新强联,2025-09-23 13:47:54,37.78,7800,37.81,D
sz300850,新强联,2025-09-23 13:47:57,37.81,13900,37.78,U
sz300850,新强联,2025-09-23 13:48:36,37.86,5800,37.86,U
sz300850,新强联,2025-09-23 13:48:48,37.86,6200,37.86,D
sz300850,新强联,2025-09-23 13:49:15,37.86,18300,37.83,U
sz300850,新强联,2025-09-23 13:49:51,37.84,6000,37.84,U
sz300850,新强联,2025-09-23 13:50:42,37.9,11300,37.89,U
sz300850,新强联,2025-09-23 13:50:45,37.88,6500,37.9,D
sz300850,新强联,2025-09-23 13:51:15,37.84,7400,37.85,D
sz300850,新强联,2025-09-23 13:53:45,37.93,7500,37.94,D
sz300850,新强联,2025-09-23 13:54:36,37.93,10300,37.92,U
sz300850,新强联,2025-09-23 13:55:03,37.92,12600,37.94,D
sz300850,新强联,2025-09-23 13:55:06,37.94,5800,37.92,U
sz300850,新强联,2025-09-23 13:55:21,37.92,26800,37.94,D
sz300850,新强联,2025-09-23 13:56:15,37.89,7000,37.91,D
sz300850,新强联,2025-09-23 13:57:48,37.93,6700,37.9,U
sz300850,新强联,2025-09-23 13:59:15,37.91,15400,37.89,U
sz300850,新强联,2025-09-23 14:01:12,37.85,21200,37.82,D
sz300850,新强联,2025-09-23 14:02:06,37.83,6600,37.85,D
sz300850,新强联,2025-09-23 14:03:15,37.75,10500,37.75,D
sz300850,新强联,2025-09-23 14:03:21,37.75,10500,37.75,D
sz300850,新强联,2025-09-23 14:03:51,37.7,6700,37.71,D
sz300850,新强联,2025-09-23 14:05:06,37.72,5700,37.72,D
sz300850,新强联,2025-09-23 14:05:18,37.69,5600,37.7,D
sz300850,新强联,2025-09-23 14:05:51,37.64,18517,37.66,D
sz300850,新强联,2025-09-23 14:05:54,37.65,30283,37.64,U
sz300850,新强联,2025-09-23 14:07:27,37.62,5500,37.64,D
sz300850,新强联,2025-09-23 14:08:12,37.63,6800,37.63,D
sz300850,新强联,2025-09-23 14:09:57,37.6,8300,37.61,D
sz300850,新强联,2025-09-23 14:10:06,37.58,13000,37.61,D
sz300850,新强联,2025-09-23 14:10:36,37.56,12300,37.53,U
sz300850,新强联,2025-09-23 14:10:45,37.55,7800,37.55,E
sz300850,新强联,2025-09-23 14:11:03,37.56,10600,37.56,E
sz300850,新强联,2025-09-23 14:11:51,37.52,10500,37.55,D
sz300850,新强联,2025-09-23 14:12:27,37.56,15400,37.58,D
sz300850,新强联,2025-09-23 14:12:54,37.63,37500,37.6,U
sz300850,新强联,2025-09-23 14:13:03,37.61,5400,37.56,U
sz300850,新强联,2025-09-23 14:13:21,37.56,12400,37.56,U
sz300850,新强联,2025-09-23 14:14:09,37.57,8400,37.58,D
sz300850,新强联,2025-09-23 14:14:12,37.58,8000,37.57,U
sz300850,新强联,2025-09-23 14:14:27,37.56,30600,37.58,E
sz300850,新强联,2025-09-23 14:15:06,37.65,10900,37.61,U
sz300850,新强联,2025-09-23 14:16:15,37.62,5500,37.63,D
sz300850,新强联,2025-09-23 14:17:06,37.78,8700,37.74,U
sz300850,新强联,2025-09-23 14:17:54,37.8,6700,37.78,U
sz300850,新强联,2025-09-23 14:18:12,37.93,5600,37.88,U
sz300850,新强联,2025-09-23 14:18:36,37.92,19400,37.93,D
sz300850,新强联,2025-09-23 14:19:00,37.94,5700,37.94,E
sz300850,新强联,2025-09-23 14:19:03,37.94,8700,37.94,U
sz300850,新强联,2025-09-23 14:19:06,37.92,6100,37.94,D
sz300850,新强联,2025-09-23 14:19:36,37.96,19800,37.93,U
sz300850,新强联,2025-09-23 14:19:51,38.03,5400,37.96,U
sz300850,新强联,2025-09-23 14:21:06,37.9,5700,37.9,D
sz300850,新强联,2025-09-23 14:21:09,37.89,9000,37.9,D
sz300850,新强联,2025-09-23 14:21:21,37.86,10600,37.86,D
sz300850,新强联,2025-09-23 14:21:33,37.9,13200,37.85,U
sz300850,新强联,2025-09-23 14:22:30,37.92,6500,37.91,U
sz300850,新强联,2025-09-23 14:22:33,37.97,10000,37.92,U
sz300850,新强联,2025-09-23 14:23:00,37.98,14600,37.93,U
sz300850,新强联,2025-09-23 14:23:09,37.91,10100,37.94,D
sz300850,新强联,2025-09-23 14:24:57,37.91,5700,37.9,U
sz300850,新强联,2025-09-23 14:25:09,37.91,7700,37.91,U
sz300850,新强联,2025-09-23 14:25:21,37.92,5300,37.92,U
sz300850,新强联,2025-09-23 14:25:36,37.91,5800,37.92,D
sz300850,新强联,2025-09-23 14:25:39,37.9,5400,37.91,D
sz300850,新强联,2025-09-23 14:25:54,37.86,6000,37.87,D
sz300850,新强联,2025-09-23 14:28:06,38.05,34100,37.99,U
sz300850,新强联,2025-09-23 14:28:18,38.04,5300,38.04,D
sz300850,新强联,2025-09-23 14:28:21,38.06,8900,38.04,U
sz300850,新强联,2025-09-23 14:28:57,38.1,12700,38.08,U
sz300850,新强联,2025-09-23 14:29:00,38.12,6400,38.1,U
sz300850,新强联,2025-09-23 14:29:27,38.1,6400,38.1,U
sz300850,新强联,2025-09-23 14:29:57,38.03,14100,38.11,D
sz300850,新强联,2025-09-23 14:30:18,38.11,5500,38.11,D
sz300850,新强联,2025-09-23 14:30:24,38.11,13100,38.11,E
sz300850,新强联,2025-09-23 14:30:27,38.12,5600,38.11,U
sz300850,新强联,2025-09-23 14:31:39,38.1,8300,38.13,D
sz300850,新强联,2025-09-23 14:32:18,38.0,7200,38.01,D
sz300850,新强联,2025-09-23 14:32:21,38.02,6900,38.0,U
sz300850,新强联,2025-09-23 14:33:42,37.97,9300,38.0,D
sz300850,新强联,2025-09-23 14:34:36,38.01,10000,38.01,D
sz300850,新强联,2025-09-23 14:34:57,38.04,11400,38.0,U
sz300850,新强联,2025-09-23 14:35:09,38.05,7200,38.03,U
sz300850,新强联,2025-09-23 14:35:18,38.05,7400,38.06,U
sz300850,新强联,2025-09-23 14:35:27,38.05,10900,38.05,D
sz300850,新强联,2025-09-23 14:35:30,38.03,11800,38.05,D
sz300850,新强联,2025-09-23 14:35:45,38.06,6600,38.05,U
sz300850,新强联,2025-09-23 14:35:48,38.06,11100,38.06,U
sz300850,新强联,2025-09-23 14:36:21,38.06,6000,38.05,U
sz300850,新强联,2025-09-23 14:36:39,38.07,6400,38.06,U
sz300850,新强联,2025-09-23 14:36:48,38.05,7635,38.06,D
sz300850,新强联,2025-09-23 14:36:57,38.01,11100,38.02,D
sz300850,新强联,2025-09-23 14:37:18,37.97,9900,37.98,D
sz300850,新强联,2025-09-23 14:39:18,37.94,5800,37.95,D
sz300850,新强联,2025-09-23 14:39:39,37.92,8700,37.92,D
sz300850,新强联,2025-09-23 14:40:27,37.94,22000,38.0,D
sz300850,新强联,2025-09-23 14:42:12,38.01,11356,38.01,U
sz300850,新强联,2025-09-23 14:43:09,38.03,10000,38.06,D
sz300850,新强联,2025-09-23 14:43:15,38.05,6500,38.03,U
sz300850,新强联,2025-09-23 14:43:21,38.03,5700,38.03,U
sz300850,新强联,2025-09-23 14:44:09,38.06,26000,38.04,U
sz300850,新强联,2025-09-23 14:45:00,38.11,7500,38.12,D
sz300850,新强联,2025-09-23 14:45:03,38.09,17100,38.11,D
sz300850,新强联,2025-09-23 14:45:06,38.09,11900,38.09,U
sz300850,新强联,2025-09-23 14:45:18,38.12,9000,38.12,E
sz300850,新强联,2025-09-23 14:45:30,38.12,5900,38.12,U
sz300850,新强联,2025-09-23 14:45:39,38.11,12500,38.11,U
sz300850,新强联,2025-09-23 14:46:12,38.2,62200,38.16,U
sz300850,新强联,2025-09-23 14:46:27,38.25,122600,38.19,U
sz300850,新强联,2025-09-23 14:46:36,38.19,12000,38.19,D
sz300850,新强联,2025-09-23 14:46:39,38.18,9900,38.19,U
sz300850,新强联,2025-09-23 14:46:45,38.19,10100,38.18,U
sz300850,新强联,2025-09-23 14:46:51,38.22,7700,38.21,U
sz300850,新强联,2025-09-23 14:46:57,38.23,24800,38.21,U
sz300850,新强联,2025-09-23 14:47:12,38.21,9300,38.19,U
sz300850,新强联,2025-09-23 14:47:15,38.23,6600,38.21,U
sz300850,新强联,2025-09-23 14:47:33,38.23,7100,38.22,U
sz300850,新强联,2025-09-23 14:47:57,38.32,46000,38.28,U
sz300850,新强联,2025-09-23 14:48:12,38.31,9600,38.3,U
sz300850,新强联,2025-09-23 14:48:21,38.33,16000,38.33,U
sz300850,新强联,2025-09-23 14:48:24,38.33,12600,38.33,D
sz300850,新强联,2025-09-23 14:48:27,38.33,6300,38.33,U
sz300850,新强联,2025-09-23 14:48:30,38.33,9600,38.33,U
sz300850,新强联,2025-09-23 14:48:36,38.33,5700,38.34,D
sz300850,新强联,2025-09-23 14:48:39,38.32,5600,38.33,D
sz300850,新强联,2025-09-23 14:49:03,38.36,8500,38.34,U
sz300850,新强联,2025-09-23 14:49:18,38.37,6000,38.33,U
sz300850,新强联,2025-09-23 14:49:30,38.39,5600,38.38,U
sz300850,新强联,2025-09-23 14:49:36,38.39,6500,38.4,E
sz300850,新强联,2025-09-23 14:49:39,38.39,14000,38.39,U
sz300850,新强联,2025-09-23 14:49:42,38.39,6400,38.39,D
sz300850,新强联,2025-09-23 14:49:48,38.35,6100,38.36,D
sz300850,新强联,2025-09-23 14:50:12,38.39,24300,38.4,D
sz300850,新强联,2025-09-23 14:50:18,38.44,6500,38.41,U
sz300850,新强联,2025-09-23 14:50:24,38.41,6100,38.42,D
sz300850,新强联,2025-09-23 14:50:30,38.4,7900,38.42,D
sz300850,新强联,2025-09-23 14:50:36,38.39,35200,38.4,D
sz300850,新强联,2025-09-23 14:50:39,38.41,13900,38.39,E
sz300850,新强联,2025-09-23 14:50:45,38.45,8700,38.4,U
sz300850,新强联,2025-09-23 14:50:54,38.45,9800,38.45,D
sz300850,新强联,2025-09-23 14:50:57,38.46,5900,38.45,U
sz300850,新强联,2025-09-23 14:51:00,38.43,36500,38.46,D
sz300850,新强联,2025-09-23 14:51:03,38.4,27900,38.43,D
sz300850,新强联,2025-09-23 14:51:06,38.39,12200,38.4,D
sz300850,新强联,2025-09-23 14:51:09,38.41,55200,38.39,U
sz300850,新强联,2025-09-23 14:51:15,38.44,56900,38.4,U
sz300850,新强联,2025-09-23 14:51:36,38.42,15700,38.41,U
sz300850,新强联,2025-09-23 14:51:42,38.44,8600,38.43,U
sz300850,新强联,2025-09-23 14:51:51,38.47,11900,38.45,U
sz300850,新强联,2025-09-23 14:51:54,38.52,71300,38.47,U
sz300850,新强联,2025-09-23 14:52:09,38.5,7062,38.51,D
sz300850,新强联,2025-09-23 14:52:12,38.51,8900,38.5,E
sz300850,新强联,2025-09-23 14:52:15,38.58,27800,38.51,U
sz300850,新强联,2025-09-23 14:52:18,38.58,13300,38.58,U
sz300850,新强联,2025-09-23 14:52:21,38.6,5700,38.58,U
sz300850,新强联,2025-09-23 14:52:27,38.6,18900,38.57,U
sz300850,新强联,2025-09-23 14:52:30,38.59,7800,38.6,U
sz300850,新强联,2025-09-23 14:52:33,38.6,9900,38.59,U
sz300850,新强联,2025-09-23 14:52:39,38.6,14000,38.6,D
sz300850,新强联,2025-09-23 14:52:42,38.6,10100,38.6,D
sz300850,新强联,2025-09-23 14:52:45,38.58,22800,38.6,D
sz300850,新强联,2025-09-23 14:52:48,38.59,7500,38.58,U
sz300850,新强联,2025-09-23 14:52:51,38.6,8700,38.59,U
sz300850,新强联,2025-09-23 14:52:54,38.6,6700,38.6,D
sz300850,新强联,2025-09-23 14:53:00,38.6,8245,38.58,U
sz300850,新强联,2025-09-23 14:53:12,38.62,11400,38.62,D
sz300850,新强联,2025-09-23 14:53:21,38.62,10055,38.61,U
sz300850,新强联,2025-09-23 14:53:24,38.62,7000,38.62,D
sz300850,新强联,2025-09-23 14:53:33,38.62,12500,38.63,D
sz300850,新强联,2025-09-23 14:53:36,38.63,60300,38.62,U
sz300850,新强联,2025-09-23 14:53:54,38.61,40500,38.61,D
sz300850,新强联,2025-09-23 14:54:06,38.6,14400,38.61,D
sz300850,新强联,2025-09-23 14:54:09,38.6,5200,38.6,D
sz300850,新强联,2025-09-23 14:54:15,38.6,21200,38.6,D
sz300850,新强联,2025-09-23 14:54:42,38.54,6085,38.56,D
sz300850,新强联,2025-09-23 14:54:45,38.6,54200,38.54,U
sz300850,新强联,2025-09-23 14:54:54,38.63,10425,38.59,U
sz300850,新强联,2025-09-23 14:54:57,38.65,7200,38.63,U
sz300850,新强联,2025-09-23 14:55:00,38.59,15300,38.65,D
sz300850,新强联,2025-09-23 14:55:03,38.58,10475,38.59,D
sz300850,新强联,2025-09-23 14:55:06,38.63,5500,38.58,U
sz300850,新强联,2025-09-23 14:55:12,38.63,6300,38.64,D
sz300850,新强联,2025-09-23 14:55:18,38.59,8000,38.6,D
sz300850,新强联,2025-09-23 14:55:21,38.59,8600,38.59,D
sz300850,新强联,2025-09-23 14:55:27,38.59,7100,38.58,U
sz300850,新强联,2025-09-23 14:55:36,38.57,13900,38.56,E
sz300850,新强联,2025-09-23 14:55:39,38.55,6600,38.57,D
sz300850,新强联,2025-09-23 14:55:48,38.53,5800,38.53,D
sz300850,新强联,2025-09-23 14:56:03,38.54,12300,38.53,U
sz300850,新强联,2025-09-23 14:56:06,38.53,10600,38.54,D
sz300850,新强联,2025-09-23 14:56:12,38.51,16300,38.51,D
sz300850,新强联,2025-09-23 14:56:18,38.51,8800,38.48,U
sz300850,新强联,2025-09-23 14:56:21,38.48,6100,38.51,D
sz300850,新强联,2025-09-23 14:56:24,38.5,12900,38.48,U
sz300850,新强联,2025-09-23 14:56:27,38.51,8600,38.5,E
sz300850,新强联,2025-09-23 14:56:33,38.52,9400,38.5,U
sz300850,新强联,2025-09-23 14:56:36,38.51,5300,38.52,D
sz300850,新强联,2025-09-23 14:56:48,38.5,10500,38.5,D
sz300850,新强联,2025-09-23 14:56:54,38.5,6000,38.5,D
sz300850,新强联,2025-09-23 15:00:00,38.52,128700,38.5,E
