symbol,name,ticktime,price,volume,prev_price,kind
sz300850,新强联,2025-09-25 09:25:00,38.25,60500,0.0,D
sz300850,新强联,2025-09-25 09:30:00,38.23,60305,38.25,D
sz300850,新强联,2025-09-25 09:30:03,38.31,19664,38.23,U
sz300850,新强联,2025-09-25 09:30:06,38.37,63321,38.31,U
sz300850,新强联,2025-09-25 09:30:09,38.53,43300,38.37,U
sz300850,新强联,2025-09-25 09:30:12,38.6,42100,38.53,U
sz300850,新强联,2025-09-25 09:30:15,38.66,26200,38.6,U
sz300850,新强联,2025-09-25 09:30:18,38.7,72800,38.66,U
sz300850,新强联,2025-09-25 09:30:21,38.85,16300,38.7,U
sz300850,新强联,2025-09-25 09:30:24,38.92,29874,38.85,U
sz300850,新强联,2025-09-25 09:30:27,39.1,61638,38.92,U
sz300850,新强联,2025-09-25 09:30:30,39.1,12900,39.1,U
sz300850,新强联,2025-09-25 09:30:33,39.18,28000,39.1,U
sz300850,新强联,2025-09-25 09:30:36,39.19,25700,39.18,U
sz300850,新强联,2025-09-25 09:30:39,39.14,59412,39.19,D
sz300850,新强联,2025-09-25 09:30:42,39.25,55350,39.14,U
sz300850,新强联,2025-09-25 09:30:45,39.21,51900,39.25,U
sz300850,新强联,2025-09-25 09:30:48,39.24,33900,39.21,U
sz300850,新强联,2025-09-25 09:30:51,39.27,72400,39.24,U
sz300850,新强联,2025-09-25 09:30:54,39.28,42170,39.27,D
sz300850,新强联,2025-09-25 09:30:57,39.28,15830,39.28,D
sz300850,新强联,2025-09-25 09:31:00,39.45,53477,39.28,U
sz300850,新强联,2025-09-25 09:31:03,39.49,69529,39.45,U
sz300850,新强联,2025-09-25 09:31:06,39.36,75901,39.49,D
sz300850,新强联,2025-09-25 09:31:09,39.3,62000,39.36,D
sz300850,新强联,2025-09-25 09:31:12,39.32,46493,39.3,U
sz300850,新强联,2025-09-25 09:31:15,39.58,102500,39.32,U
sz300850,新强联,2025-09-25 09:31:18,39.63,91517,39.58,U
sz300850,新强联,2025-09-25 09:31:21,39.72,21800,39.63,U
sz300850,新强联,2025-09-25 09:31:24,39.8,20400,39.72,U
sz300850,新强联,2025-09-25 09:31:27,39.81,23800,39.8,E
sz300850,新强联,2025-09-25 09:31:30,39.85,32600,39.81,E
sz300850,新强联,2025-09-25 09:31:33,39.85,51100,39.85,D
sz300850,新强联,2025-09-25 09:31:36,39.85,62800,39.85,D
sz300850,新强联,2025-09-25 09:31:39,39.9,47000,39.85,E
sz300850,新强联,2025-09-25 09:31:42,39.81,27000,39.9,E
sz300850,新强联,2025-09-25 09:31:45,39.76,37700,39.81,D
sz300850,新强联,2025-09-25 09:31:48,39.76,63574,39.76,D
sz300850,新强联,2025-09-25 09:31:51,39.8,17800,39.76,E
sz300850,新强联,2025-09-25 09:31:54,39.8,49800,39.8,U
sz300850,新强联,2025-09-25 09:31:57,39.94,88117,39.8,U
sz300850,新强联,2025-09-25 09:32:00,39.95,64400,39.94,U
sz300850,新强联,2025-09-25 09:32:03,39.95,21800,39.95,D
sz300850,新强联,2025-09-25 09:32:06,39.96,35800,39.95,D
sz300850,新强联,2025-09-25 09:32:09,39.89,118400,39.96,D
sz300850,新强联,2025-09-25 09:32:12,39.96,101654,39.89,U
sz300850,新强联,2025-09-25 09:32:15,39.96,73975,39.96,U
sz300850,新强联,2025-09-25 09:32:18,40.03,58900,39.96,U
sz300850,新强联,2025-09-25 09:32:21,40.09,45300,40.03,E
sz300850,新强联,2025-09-25 09:32:24,40.15,12800,40.09,U
sz300850,新强联,2025-09-25 09:32:27,40.16,33100,40.15,U
sz300850,新强联,2025-09-25 09:32:30,40.16,19800,40.16,D
sz300850,新强联,2025-09-25 09:32:33,40.16,53400,40.16,D
sz300850,新强联,2025-09-25 09:32:36,40.12,19200,40.16,E
sz300850,新强联,2025-09-25 09:32:39,40.13,35800,40.12,E
sz300850,新强联,2025-09-25 09:32:42,40.1,21700,40.13,D
sz300850,新强联,2025-09-25 09:32:45,40.16,40900,40.1,U
sz300850,新强联,2025-09-25 09:32:48,40.16,38400,40.16,D
sz300850,新强联,2025-09-25 09:32:51,40.11,41900,40.16,D
sz300850,新强联,2025-09-25 09:32:54,40.13,30300,40.11,U
sz300850,新强联,2025-09-25 09:32:57,40.15,42384,40.13,E
sz300850,新强联,2025-09-25 09:33:00,40.24,84900,40.15,U
sz300850,新强联,2025-09-25 09:33:03,40.24,29000,40.24,U
sz300850,新强联,2025-09-25 09:33:06,40.22,29600,40.24,D
sz300850,新强联,2025-09-25 09:33:09,40.18,35700,40.22,D
sz300850,新强联,2025-09-25 09:33:12,40.12,9200,40.18,E
sz300850,新强联,2025-09-25 09:33:15,40.07,11800,40.12,D
sz300850,新强联,2025-09-25 09:33:18,40.02,24663,40.07,D
sz300850,新强联,2025-09-25 09:33:21,40.02,35200,40.02,D
sz300850,新强联,2025-09-25 09:33:24,40.0,36137,40.02,D
sz300850,新强联,2025-09-25 09:33:27,39.97,43700,40.0,D
sz300850,新强联,2025-09-25 09:33:30,40.02,79563,39.97,U
sz300850,新强联,2025-09-25 09:33:33,39.98,94700,40.02,E
sz300850,新强联,2025-09-25 09:33:36,40.02,66200,39.98,U
sz300850,新强联,2025-09-25 09:33:39,40.13,25903,40.02,U
sz300850,新强联,2025-09-25 09:33:42,40.13,40397,40.13,D
sz300850,新强联,2025-09-25 09:33:45,40.1,6800,40.13,U
sz300850,新强联,2025-09-25 09:33:48,39.98,20500,40.1,D
sz300850,新强联,2025-09-25 09:33:51,39.95,11900,39.98,D
sz300850,新强联,2025-09-25 09:33:54,39.83,15400,39.95,D
sz300850,新强联,2025-09-25 09:33:57,39.83,8600,39.83,U
sz300850,新强联,2025-09-25 09:34:00,39.82,19000,39.83,D
sz300850,新强联,2025-09-25 09:34:03,39.79,19600,39.82,D
sz300850,新强联,2025-09-25 09:34:06,39.8,23200,39.79,U
sz300850,新强联,2025-09-25 09:34:09,39.78,6200,39.8,E
sz300850,新强联,2025-09-25 09:34:12,39.72,26000,39.78,D
sz300850,新强联,2025-09-25 09:34:15,39.68,7800,39.72,D
sz300850,新强联,2025-09-25 09:34:18,39.68,6104,39.68,U
sz300850,新强联,2025-09-25 09:34:21,39.68,50500,39.68,U
sz300850,新强联,2025-09-25 09:34:24,39.68,22400,39.68,E
sz300850,新强联,2025-09-25 09:34:27,39.79,22500,39.68,U
sz300850,新强联,2025-09-25 09:34:30,39.69,16900,39.79,D
sz300850,新强联,2025-09-25 09:34:33,39.75,21300,39.69,E
sz300850,新强联,2025-09-25 09:34:36,39.73,18600,39.75,E
sz300850,新强联,2025-09-25 09:34:39,39.69,11300,39.73,D
sz300850,新强联,2025-09-25 09:34:42,39.67,8800,39.69,D
sz300850,新强联,2025-09-25 09:34:45,39.63,23696,39.67,E
sz300850,新强联,2025-09-25 09:34:48,39.61,10000,39.63,E
sz300850,新强联,2025-09-25 09:34:51,39.55,11500,39.61,D
sz300850,新强联,2025-09-25 09:34:57,39.55,9600,39.6,D
sz300850,新强联,2025-09-25 09:35:00,39.53,50200,39.55,D
sz300850,新强联,2025-09-25 09:35:03,39.54,40400,39.53,U
sz300850,新强联,2025-09-25 09:35:06,39.53,18500,39.54,D
sz300850,新强联,2025-09-25 09:35:09,39.48,19000,39.53,D
sz300850,新强联,2025-09-25 09:35:12,39.47,9200,39.48,E
sz300850,新强联,2025-09-25 09:35:15,39.44,18500,39.47,D
sz300850,新强联,2025-09-25 09:35:18,39.42,12100,39.44,D
sz300850,新强联,2025-09-25 09:35:21,39.4,24400,39.42,D
sz300850,新强联,2025-09-25 09:35:24,39.43,6100,39.4,E
sz300850,新强联,2025-09-25 09:35:27,39.43,16500,39.43,D
sz300850,新强联,2025-09-25 09:35:30,39.62,49201,39.43,U
sz300850,新强联,2025-09-25 09:35:33,39.51,48704,39.62,D
sz300850,新强联,2025-09-25 09:35:36,39.65,11400,39.51,E
sz300850,新强联,2025-09-25 09:35:39,39.75,7900,39.65,U
sz300850,新强联,2025-09-25 09:35:42,39.88,36000,39.75,U
sz300850,新强联,2025-09-25 09:35:45,39.89,15400,39.88,U
sz300850,新强联,2025-09-25 09:35:48,40.01,84100,39.89,U
sz300850,新强联,2025-09-25 09:35:51,40.02,12200,40.01,U
sz300850,新强联,2025-09-25 09:35:54,40.01,27300,40.02,D
sz300850,新强联,2025-09-25 09:35:57,39.93,24000,40.01,D
sz300850,新强联,2025-09-25 09:36:00,39.93,12600,39.93,U
sz300850,新强联,2025-09-25 09:36:03,39.79,26800,39.93,D
sz300850,新强联,2025-09-25 09:36:06,39.84,10300,39.79,E
sz300850,新强联,2025-09-25 09:36:09,39.79,8900,39.84,D
sz300850,新强联,2025-09-25 09:36:12,39.93,34500,39.79,U
sz300850,新强联,2025-09-25 09:36:15,39.8,39400,39.93,E
sz300850,新强联,2025-09-25 09:36:21,39.85,102200,39.72,U
sz300850,新强联,2025-09-25 09:36:24,39.82,9700,39.85,D
sz300850,新强联,2025-09-25 09:36:30,39.81,5400,39.8,E
sz300850,新强联,2025-09-25 09:36:33,39.81,5300,39.81,D
sz300850,新强联,2025-09-25 09:36:36,39.82,9300,39.81,E
sz300850,新强联,2025-09-25 09:36:39,39.9,29500,39.82,U
sz300850,新强联,2025-09-25 09:36:42,39.84,11000,39.9,D
sz300850,新强联,2025-09-25 09:36:45,39.88,12900,39.84,E
sz300850,新强联,2025-09-25 09:36:48,39.9,8500,39.88,U
sz300850,新强联,2025-09-25 09:36:51,39.93,14200,39.9,U
sz300850,新强联,2025-09-25 09:36:54,39.9,15000,39.93,D
sz300850,新强联,2025-09-25 09:36:57,39.97,5300,39.9,U
sz300850,新强联,2025-09-25 09:37:00,39.98,40000,39.97,U
sz300850,新强联,2025-09-25 09:37:03,39.89,7200,39.98,D
sz300850,新强联,2025-09-25 09:37:06,39.81,38800,39.89,D
sz300850,新强联,2025-09-25 09:37:09,39.9,22000,39.81,U
sz300850,新强联,2025-09-25 09:37:15,39.81,11500,39.81,U
sz300850,新强联,2025-09-25 09:37:18,39.85,28600,39.81,U
sz300850,新强联,2025-09-25 09:37:21,39.85,8400,39.85,D
sz300850,新强联,2025-09-25 09:37:24,39.8,83200,39.85,D
sz300850,新强联,2025-09-25 09:37:27,39.76,7000,39.8,D
sz300850,新强联,2025-09-25 09:37:33,39.79,6500,39.77,U
sz300850,新强联,2025-09-25 09:37:36,39.76,13500,39.79,D
sz300850,新强联,2025-09-25 09:37:42,39.73,6700,39.77,D
sz300850,新强联,2025-09-25 09:37:45,39.72,9200,39.73,D
sz300850,新强联,2025-09-25 09:38:03,39.69,37800,39.73,D
sz300850,新强联,2025-09-25 09:38:09,39.74,20358,39.67,U
sz300850,新强联,2025-09-25 09:38:12,39.7,16100,39.74,D
sz300850,新强联,2025-09-25 09:38:18,39.8,7800,39.8,U
sz300850,新强联,2025-09-25 09:38:24,39.79,6500,39.79,U
sz300850,新强联,2025-09-25 09:38:27,39.76,12600,39.79,D
sz300850,新强联,2025-09-25 09:38:33,39.75,6000,39.75,U
sz300850,新强联,2025-09-25 09:38:36,39.75,5200,39.75,U
sz300850,新强联,2025-09-25 09:38:39,39.73,31500,39.75,U
sz300850,新强联,2025-09-25 09:38:45,39.72,7000,39.71,U
sz300850,新强联,2025-09-25 09:38:48,39.74,8045,39.72,U
sz300850,新强联,2025-09-25 09:38:51,39.75,7800,39.74,U
sz300850,新强联,2025-09-25 09:38:54,39.79,11000,39.75,U
sz300850,新强联,2025-09-25 09:38:57,39.8,5300,39.79,U
sz300850,新强联,2025-09-25 09:39:03,39.92,63104,39.8,U
sz300850,新强联,2025-09-25 09:39:06,39.94,10200,39.92,U
sz300850,新强联,2025-09-25 09:39:09,40.07,211421,39.94,U
sz300850,新强联,2025-09-25 09:39:15,40.07,23700,40.03,U
sz300850,新强联,2025-09-25 09:39:18,40.01,10800,40.07,E
sz300850,新强联,2025-09-25 09:39:21,39.93,22800,40.01,D
sz300850,新强联,2025-09-25 09:39:24,39.93,51700,39.93,U
sz300850,新强联,2025-09-25 09:39:27,39.98,8200,39.93,U
sz300850,新强联,2025-09-25 09:39:30,39.98,16400,39.98,U
sz300850,新强联,2025-09-25 09:39:33,39.98,19500,39.98,E
sz300850,新强联,2025-09-25 09:39:45,39.8,6800,39.83,D
sz300850,新强联,2025-09-25 09:39:48,39.78,8600,39.8,D
sz300850,新强联,2025-09-25 09:39:51,39.74,9000,39.78,D
sz300850,新强联,2025-09-25 09:39:57,39.75,5500,39.75,U
sz300850,新强联,2025-09-25 09:40:00,39.74,8200,39.75,D
sz300850,新强联,2025-09-25 09:40:03,39.77,7300,39.74,U
sz300850,新强联,2025-09-25 09:40:06,39.74,13200,39.77,D
sz300850,新强联,2025-09-25 09:40:12,39.8,6700,39.78,U
sz300850,新强联,2025-09-25 09:40:18,39.84,11900,39.78,U
sz300850,新强联,2025-09-25 09:40:21,39.88,7000,39.84,U
sz300850,新强联,2025-09-25 09:40:24,39.95,5497,39.88,U
sz300850,新强联,2025-09-25 09:40:27,40.01,74997,39.95,U
sz300850,新强联,2025-09-25 09:40:30,40.03,12000,40.01,U
sz300850,新强联,2025-09-25 09:40:33,39.99,40703,40.03,E
sz300850,新强联,2025-09-25 09:40:36,40.0,18400,39.99,D
sz300850,新强联,2025-09-25 09:40:39,40.03,18100,40.0,U
sz300850,新强联,2025-09-25 09:40:42,40.02,7700,40.03,D
sz300850,新强联,2025-09-25 09:40:45,40.03,14600,40.02,E
sz300850,新强联,2025-09-25 09:40:48,40.03,26600,40.03,U
sz300850,新强联,2025-09-25 09:40:51,40.01,14800,40.03,D
sz300850,新强联,2025-09-25 09:40:54,39.9,5600,40.01,D
sz300850,新强联,2025-09-25 09:40:57,39.96,9300,39.9,E
sz300850,新强联,2025-09-25 09:41:00,39.9,13600,39.96,D
sz300850,新强联,2025-09-25 09:41:03,39.89,7400,39.9,D
sz300850,新强联,2025-09-25 09:41:06,39.89,8200,39.89,E
sz300850,新强联,2025-09-25 09:41:09,39.88,13000,39.89,E
sz300850,新强联,2025-09-25 09:41:12,39.88,9900,39.88,U
sz300850,新强联,2025-09-25 09:41:15,39.89,19500,39.88,U
sz300850,新强联,2025-09-25 09:41:18,39.89,14600,39.89,U
sz300850,新强联,2025-09-25 09:41:21,39.88,8400,39.89,D
sz300850,新强联,2025-09-25 09:41:30,39.89,8200,39.87,U
sz300850,新强联,2025-09-25 09:41:33,39.9,5400,39.89,U
sz300850,新强联,2025-09-25 09:41:42,39.89,6700,39.9,D
sz300850,新强联,2025-09-25 09:41:45,39.94,13700,39.89,U
sz300850,新强联,2025-09-25 09:41:48,39.93,16800,39.94,E
sz300850,新强联,2025-09-25 09:41:54,39.95,7100,39.98,D
sz300850,新强联,2025-09-25 09:41:57,39.95,6700,39.95,U
sz300850,新强联,2025-09-25 09:42:03,39.93,6100,39.95,D
sz300850,新强联,2025-09-25 09:42:06,39.95,33300,39.93,U
sz300850,新强联,2025-09-25 09:42:09,39.9,16800,39.95,D
sz300850,新强联,2025-09-25 09:42:15,39.99,16300,39.92,U
sz300850,新强联,2025-09-25 09:42:18,39.89,5800,39.99,D
sz300850,新强联,2025-09-25 09:42:21,39.95,16000,39.89,U
sz300850,新强联,2025-09-25 09:42:27,39.94,5400,39.9,U
sz300850,新强联,2025-09-25 09:42:33,39.92,16800,39.9,U
sz300850,新强联,2025-09-25 09:42:39,39.9,6800,39.91,D
sz300850,新强联,2025-09-25 09:42:45,39.88,10300,39.9,D
sz300850,新强联,2025-09-25 09:42:54,39.89,5300,39.89,D
sz300850,新强联,2025-09-25 09:42:57,39.89,5700,39.89,D
sz300850,新强联,2025-09-25 09:43:06,39.86,38200,39.9,D
sz300850,新强联,2025-09-25 09:43:09,39.91,32800,39.86,U
sz300850,新强联,2025-09-25 09:43:12,39.89,5900,39.91,D
sz300850,新强联,2025-09-25 09:43:15,39.95,8600,39.89,U
sz300850,新强联,2025-09-25 09:43:18,39.89,6200,39.95,D
sz300850,新强联,2025-09-25 09:43:21,39.9,6500,39.89,U
sz300850,新强联,2025-09-25 09:43:27,39.94,7500,39.91,U
sz300850,新强联,2025-09-25 09:43:30,39.95,47800,39.94,U
sz300850,新强联,2025-09-25 09:43:33,39.95,8800,39.95,D
sz300850,新强联,2025-09-25 09:43:36,39.95,8400,39.95,D
sz300850,新强联,2025-09-25 09:43:39,39.99,23400,39.95,U
sz300850,新强联,2025-09-25 09:43:42,39.98,10200,39.99,D
sz300850,新强联,2025-09-25 09:43:45,40.03,66006,39.98,U
sz300850,新强联,2025-09-25 09:43:51,40.03,11300,40.03,D
sz300850,新强联,2025-09-25 09:43:54,40.03,7800,40.03,D
sz300850,新强联,2025-09-25 09:43:57,40.06,29825,40.03,U
sz300850,新强联,2025-09-25 09:44:00,40.08,21600,40.06,U
sz300850,新强联,2025-09-25 09:44:03,40.1,20744,40.08,U
sz300850,新强联,2025-09-25 09:44:06,40.08,37300,40.1,D
sz300850,新强联,2025-09-25 09:44:09,40.14,15200,40.08,U
sz300850,新强联,2025-09-25 09:44:12,40.28,244526,40.14,U
sz300850,新强联,2025-09-25 09:44:15,40.25,71842,40.28,D
sz300850,新强联,2025-09-25 09:44:18,40.29,39700,40.25,U
sz300850,新强联,2025-09-25 09:44:21,40.22,16300,40.29,D
sz300850,新强联,2025-09-25 09:44:24,40.29,39600,40.22,U
sz300850,新强联,2025-09-25 09:44:27,40.29,23600,40.29,U
sz300850,新强联,2025-09-25 09:44:30,40.29,21600,40.29,U
sz300850,新强联,2025-09-25 09:44:33,40.34,49200,40.29,U
sz300850,新强联,2025-09-25 09:44:36,40.34,74700,40.34,D
sz300850,新强联,2025-09-25 09:44:39,40.41,30700,40.34,U
sz300850,新强联,2025-09-25 09:44:42,40.41,6400,40.41,D
sz300850,新强联,2025-09-25 09:44:45,40.52,120100,40.41,U
sz300850,新强联,2025-09-25 09:44:48,40.64,61600,40.52,U
sz300850,新强联,2025-09-25 09:44:51,40.65,31600,40.64,U
sz300850,新强联,2025-09-25 09:44:54,40.65,48100,40.65,U
sz300850,新强联,2025-09-25 09:44:57,40.68,45600,40.65,U
sz300850,新强联,2025-09-25 09:45:00,40.68,42200,40.68,U
sz300850,新强联,2025-09-25 09:45:03,40.67,47400,40.68,D
sz300850,新强联,2025-09-25 09:45:06,40.7,38900,40.67,U
sz300850,新强联,2025-09-25 09:45:09,40.7,22800,40.7,D
sz300850,新强联,2025-09-25 09:45:12,40.72,50100,40.7,E
sz300850,新强联,2025-09-25 09:45:15,40.68,52200,40.72,D
sz300850,新强联,2025-09-25 09:45:18,40.72,62000,40.68,U
sz300850,新强联,2025-09-25 09:45:21,40.65,8800,40.72,U
sz300850,新强联,2025-09-25 09:45:24,40.59,27100,40.65,E
sz300850,新强联,2025-09-25 09:45:27,40.66,78200,40.59,U
sz300850,新强联,2025-09-25 09:45:30,40.65,39100,40.66,D
sz300850,新强联,2025-09-25 09:45:33,40.68,57600,40.65,E
sz300850,新强联,2025-09-25 09:45:36,40.6,32400,40.68,D
sz300850,新强联,2025-09-25 09:45:39,40.68,13500,40.6,U
sz300850,新强联,2025-09-25 09:45:42,40.6,17100,40.68,D
sz300850,新强联,2025-09-25 09:45:45,40.69,49800,40.6,U
sz300850,新强联,2025-09-25 09:45:48,40.7,137400,40.69,U
sz300850,新强联,2025-09-25 09:45:51,40.69,20800,40.7,U
sz300850,新强联,2025-09-25 09:45:54,40.73,75400,40.69,U
sz300850,新强联,2025-09-25 09:45:57,40.84,211400,40.73,U
sz300850,新强联,2025-09-25 09:46:00,40.88,16300,40.84,U
sz300850,新强联,2025-09-25 09:46:03,40.88,49100,40.88,U
sz300850,新强联,2025-09-25 09:46:06,40.88,45100,40.88,U
sz300850,新强联,2025-09-25 09:46:09,40.9,46400,40.88,U
sz300850,新强联,2025-09-25 09:46:12,40.78,65900,40.9,D
sz300850,新强联,2025-09-25 09:46:15,40.84,23600,40.78,E
sz300850,新强联,2025-09-25 09:46:18,40.9,76300,40.84,U
sz300850,新强联,2025-09-25 09:46:21,40.86,10300,40.9,E
sz300850,新强联,2025-09-25 09:46:24,40.68,55500,40.86,D
sz300850,新强联,2025-09-25 09:46:27,40.77,18800,40.68,E
sz300850,新强联,2025-09-25 09:46:30,40.6,15100,40.77,D
sz300850,新强联,2025-09-25 09:46:33,40.64,16600,40.6,U
sz300850,新强联,2025-09-25 09:46:36,40.6,26200,40.64,D
sz300850,新强联,2025-09-25 09:46:39,40.65,10300,40.6,D
sz300850,新强联,2025-09-25 09:46:42,40.69,29200,40.65,E
sz300850,新强联,2025-09-25 09:46:45,40.65,20000,40.69,E
sz300850,新强联,2025-09-25 09:46:48,40.62,34200,40.65,D
sz300850,新强联,2025-09-25 09:46:51,40.61,20700,40.62,D
sz300850,新强联,2025-09-25 09:46:54,40.59,100700,40.61,D
sz300850,新强联,2025-09-25 09:46:57,40.53,14100,40.59,D
sz300850,新强联,2025-09-25 09:47:00,40.5,9000,40.53,E
sz300850,新强联,2025-09-25 09:47:03,40.48,23500,40.5,U
sz300850,新强联,2025-09-25 09:47:06,40.39,16200,40.48,D
sz300850,新强联,2025-09-25 09:47:09,40.38,65700,40.39,D
sz300850,新强联,2025-09-25 09:47:12,40.37,11900,40.38,E
sz300850,新强联,2025-09-25 09:47:15,40.3,5200,40.37,D
sz300850,新强联,2025-09-25 09:47:18,40.28,5000,40.3,D
sz300850,新强联,2025-09-25 09:47:21,40.29,11400,40.28,U
sz300850,新强联,2025-09-25 09:47:24,40.3,6800,40.29,U
sz300850,新强联,2025-09-25 09:47:27,40.25,12000,40.3,D
sz300850,新强联,2025-09-25 09:47:30,40.25,8200,40.25,U
sz300850,新强联,2025-09-25 09:47:33,40.25,19900,40.25,U
sz300850,新强联,2025-09-25 09:47:36,40.25,9700,40.25,U
sz300850,新强联,2025-09-25 09:47:39,40.24,7300,40.25,D
sz300850,新强联,2025-09-25 09:47:42,40.23,37500,40.24,D
sz300850,新强联,2025-09-25 09:47:45,40.23,7100,40.23,E
sz300850,新强联,2025-09-25 09:47:48,40.17,17400,40.23,E
sz300850,新强联,2025-09-25 09:47:51,40.23,6800,40.17,U
sz300850,新强联,2025-09-25 09:48:00,40.19,12500,40.21,D
sz300850,新强联,2025-09-25 09:48:03,40.19,6900,40.19,U
sz300850,新强联,2025-09-25 09:48:06,40.21,7600,40.19,U
sz300850,新强联,2025-09-25 09:48:09,40.2,6100,40.21,D
sz300850,新强联,2025-09-25 09:48:12,40.33,24000,40.2,U
sz300850,新强联,2025-09-25 09:48:18,40.37,13400,40.37,U
sz300850,新强联,2025-09-25 09:48:21,40.41,7800,40.37,E
sz300850,新强联,2025-09-25 09:48:24,40.43,32100,40.41,U
sz300850,新强联,2025-09-25 09:48:27,40.44,5200,40.43,E
sz300850,新强联,2025-09-25 09:48:30,40.46,14600,40.44,U
sz300850,新强联,2025-09-25 09:48:33,40.45,16000,40.46,D
sz300850,新强联,2025-09-25 09:48:36,40.5,44600,40.45,U
sz300850,新强联,2025-09-25 09:48:39,40.48,13700,40.5,E
sz300850,新强联,2025-09-25 09:48:48,40.6,44100,40.58,U
sz300850,新强联,2025-09-25 09:48:51,40.6,22600,40.6,E
sz300850,新强联,2025-09-25 09:48:54,40.6,29800,40.6,D
sz300850,新强联,2025-09-25 09:48:57,40.52,7200,40.6,D
sz300850,新强联,2025-09-25 09:49:00,40.45,20100,40.52,D
sz300850,新强联,2025-09-25 09:49:03,40.34,13200,40.45,D
sz300850,新强联,2025-09-25 09:49:06,40.33,11600,40.34,D
sz300850,新强联,2025-09-25 09:49:15,40.32,19800,40.26,U
sz300850,新强联,2025-09-25 09:49:18,40.41,11600,40.32,E
sz300850,新强联,2025-09-25 09:49:21,40.45,5000,40.41,U
sz300850,新强联,2025-09-25 09:49:27,40.35,7500,40.34,U
sz300850,新强联,2025-09-25 09:49:36,40.4,7100,40.4,U
sz300850,新强联,2025-09-25 09:49:39,40.35,7600,40.4,D
sz300850,新强联,2025-09-25 09:49:42,40.39,20500,40.35,U
sz300850,新强联,2025-09-25 09:49:45,40.41,7100,40.39,U
sz300850,新强联,2025-09-25 09:49:48,40.38,11900,40.41,D
sz300850,新强联,2025-09-25 09:49:51,40.45,9500,40.38,U
sz300850,新强联,2025-09-25 09:49:54,40.36,5800,40.45,D
sz300850,新强联,2025-09-25 09:50:03,40.4,37900,40.37,U
sz300850,新强联,2025-09-25 09:50:06,40.43,43100,40.4,E
sz300850,新强联,2025-09-25 09:50:09,40.4,16900,40.43,D
sz300850,新强联,2025-09-25 09:50:12,40.4,26400,40.4,D
sz300850,新强联,2025-09-25 09:50:15,40.38,17300,40.4,D
sz300850,新强联,2025-09-25 09:50:18,40.38,25200,40.38,D
sz300850,新强联,2025-09-25 09:50:21,40.44,32700,40.38,U
sz300850,新强联,2025-09-25 09:50:27,40.48,15900,40.48,D
sz300850,新强联,2025-09-25 09:50:30,40.59,9400,40.48,U
sz300850,新强联,2025-09-25 09:50:36,40.52,19400,40.59,D
sz300850,新强联,2025-09-25 09:50:42,40.55,14791,40.5,U
sz300850,新强联,2025-09-25 09:50:45,40.53,19300,40.55,D
sz300850,新强联,2025-09-25 09:50:48,40.53,20309,40.53,D
sz300850,新强联,2025-09-25 09:50:51,40.55,8300,40.53,E
sz300850,新强联,2025-09-25 09:50:54,40.55,8500,40.55,U
sz300850,新强联,2025-09-25 09:50:57,40.5,37300,40.55,D
sz300850,新强联,2025-09-25 09:51:00,40.58,44300,40.5,U
sz300850,新强联,2025-09-25 09:51:03,40.54,44900,40.58,D
sz300850,新强联,2025-09-25 09:51:06,40.54,12300,40.54,U
sz300850,新强联,2025-09-25 09:51:09,40.47,8200,40.54,D
sz300850,新强联,2025-09-25 09:51:12,40.54,20300,40.47,U
sz300850,新强联,2025-09-25 09:51:18,40.57,16700,40.49,U
sz300850,新强联,2025-09-25 09:51:24,40.6,6900,40.56,E
sz300850,新强联,2025-09-25 09:51:33,40.5,30800,40.59,D
sz300850,新强联,2025-09-25 09:51:39,40.5,9200,40.58,D
sz300850,新强联,2025-09-25 09:51:42,40.5,5100,40.5,D
sz300850,新强联,2025-09-25 09:51:45,40.48,10400,40.5,D
sz300850,新强联,2025-09-25 09:51:48,40.49,8200,40.48,U
sz300850,新强联,2025-09-25 09:51:51,40.5,6000,40.49,U
sz300850,新强联,2025-09-25 09:51:54,40.49,5700,40.5,D
sz300850,新强联,2025-09-25 09:51:57,40.5,15000,40.49,U
sz300850,新强联,2025-09-25 09:52:00,40.5,8500,40.5,U
sz300850,新强联,2025-09-25 09:52:03,40.48,17700,40.5,D
sz300850,新强联,2025-09-25 09:52:09,40.5,16800,40.5,U
sz300850,新强联,2025-09-25 09:52:12,40.5,11100,40.5,D
sz300850,新强联,2025-09-25 09:52:18,40.63,32800,40.5,U
sz300850,新强联,2025-09-25 09:52:21,40.56,67300,40.63,D
sz300850,新强联,2025-09-25 09:52:30,40.63,16700,40.63,U
sz300850,新强联,2025-09-25 09:52:33,40.63,6700,40.63,U
sz300850,新强联,2025-09-25 09:52:36,40.66,12500,40.63,E
sz300850,新强联,2025-09-25 09:52:39,40.72,7200,40.66,U
sz300850,新强联,2025-09-25 09:52:42,40.63,9900,40.72,D
sz300850,新强联,2025-09-25 09:52:45,40.61,26200,40.63,D
sz300850,新强联,2025-09-25 09:52:48,40.59,7800,40.61,D
sz300850,新强联,2025-09-25 09:52:51,40.6,9400,40.59,E
sz300850,新强联,2025-09-25 09:53:00,40.6,10400,40.66,D
sz300850,新强联,2025-09-25 09:53:03,40.65,5000,40.6,U
sz300850,新强联,2025-09-25 09:53:06,40.56,67500,40.65,D
sz300850,新强联,2025-09-25 09:53:09,40.55,6800,40.56,E
sz300850,新强联,2025-09-25 09:53:12,40.6,12500,40.55,U
sz300850,新强联,2025-09-25 09:53:18,40.5,7600,40.55,D
sz300850,新强联,2025-09-25 09:53:21,40.45,16252,40.5,D
sz300850,新强联,2025-09-25 09:53:30,40.41,6900,40.44,D
sz300850,新强联,2025-09-25 09:53:33,40.45,12400,40.41,E
sz300850,新强联,2025-09-25 09:53:39,40.48,8100,40.49,D
sz300850,新强联,2025-09-25 09:53:42,40.43,9900,40.48,D
sz300850,新强联,2025-09-25 09:53:48,40.43,11600,40.45,U
sz300850,新强联,2025-09-25 09:53:51,40.49,12000,40.43,U
sz300850,新强联,2025-09-25 09:53:54,40.48,14500,40.49,U
sz300850,新强联,2025-09-25 09:53:57,40.66,55670,40.48,U
sz300850,新强联,2025-09-25 09:54:12,40.6,8800,40.61,E
sz300850,新强联,2025-09-25 09:54:21,40.51,6700,40.51,D
sz300850,新强联,2025-09-25 09:54:30,40.59,9200,40.51,U
sz300850,新强联,2025-09-25 09:54:48,40.59,17500,40.59,U
sz300850,新强联,2025-09-25 09:54:51,40.58,47800,40.59,E
sz300850,新强联,2025-09-25 09:55:00,40.58,10200,40.54,U
sz300850,新强联,2025-09-25 09:55:03,40.53,10900,40.58,D
sz300850,新强联,2025-09-25 09:55:09,40.44,7000,40.48,D
sz300850,新强联,2025-09-25 09:55:12,40.41,8100,40.44,D
sz300850,新强联,2025-09-25 09:55:21,40.4,5252,40.38,E
sz300850,新强联,2025-09-25 09:55:36,40.41,9300,40.37,U
sz300850,新强联,2025-09-25 09:55:51,40.4,24600,40.35,U
sz300850,新强联,2025-09-25 09:56:00,40.4,10452,40.35,U
sz300850,新强联,2025-09-25 09:56:06,40.38,16200,40.41,D
sz300850,新强联,2025-09-25 09:56:09,40.41,6900,40.38,D
sz300850,新强联,2025-09-25 09:56:12,40.49,5014,40.41,U
sz300850,新强联,2025-09-25 09:56:18,40.5,8300,40.41,U
sz300850,新强联,2025-09-25 09:56:24,40.58,32214,40.51,U
sz300850,新强联,2025-09-25 09:56:27,40.58,8600,40.58,U
sz300850,新强联,2025-09-25 09:56:30,40.56,13000,40.58,D
sz300850,新强联,2025-09-25 09:56:33,40.55,21200,40.56,D
sz300850,新强联,2025-09-25 09:56:36,40.59,8300,40.55,U
sz300850,新强联,2025-09-25 09:56:39,40.51,7300,40.59,D
sz300850,新强联,2025-09-25 09:56:42,40.57,7800,40.51,U
sz300850,新强联,2025-09-25 09:56:48,40.59,12500,40.58,U
sz300850,新强联,2025-09-25 09:56:51,40.59,11968,40.59,U
sz300850,新强联,2025-09-25 09:56:54,40.59,5500,40.59,D
sz300850,新强联,2025-09-25 09:56:57,40.59,9332,40.59,D
sz300850,新强联,2025-09-25 09:57:09,40.55,17700,40.55,U
sz300850,新强联,2025-09-25 09:57:12,40.49,16100,40.55,D
sz300850,新强联,2025-09-25 09:57:15,40.55,15100,40.49,U
sz300850,新强联,2025-09-25 09:57:18,40.55,8000,40.55,U
sz300850,新强联,2025-09-25 09:57:21,40.53,12200,40.55,D
sz300850,新强联,2025-09-25 09:57:24,40.53,21991,40.53,D
sz300850,新强联,2025-09-25 09:57:30,40.52,9100,40.53,D
sz300850,新强联,2025-09-25 09:57:33,40.38,38600,40.52,D
sz300850,新强联,2025-09-25 09:57:36,40.46,8800,40.38,U
sz300850,新强联,2025-09-25 09:57:39,40.5,8300,40.46,U
sz300850,新强联,2025-09-25 09:57:48,40.38,13000,40.38,E
sz300850,新强联,2025-09-25 09:57:51,40.38,7900,40.38,U
sz300850,新强联,2025-09-25 09:57:54,40.34,5500,40.38,D
sz300850,新强联,2025-09-25 09:58:09,40.34,7300,40.33,E
sz300850,新强联,2025-09-25 09:58:12,40.28,8300,40.34,D
sz300850,新强联,2025-09-25 09:58:15,40.25,8200,40.28,D
sz300850,新强联,2025-09-25 09:58:21,40.25,6800,40.25,E
sz300850,新强联,2025-09-25 09:58:30,40.2,6600,40.2,U
sz300850,新强联,2025-09-25 09:58:33,40.2,9100,40.2,U
sz300850,新强联,2025-09-25 09:58:36,40.19,8700,40.2,E
sz300850,新强联,2025-09-25 09:58:39,40.2,8500,40.19,U
sz300850,新强联,2025-09-25 09:58:42,40.23,13100,40.2,U
sz300850,新强联,2025-09-25 09:58:48,40.24,14100,40.2,U
sz300850,新强联,2025-09-25 09:58:51,40.24,11500,40.24,U
sz300850,新强联,2025-09-25 09:59:06,40.27,9300,40.27,D
sz300850,新强联,2025-09-25 09:59:09,40.27,6600,40.27,U
sz300850,新强联,2025-09-25 09:59:18,40.27,11600,40.27,U
sz300850,新强联,2025-09-25 09:59:24,40.33,18746,40.26,U
sz300850,新强联,2025-09-25 09:59:27,40.42,15500,40.33,U
sz300850,新强联,2025-09-25 09:59:30,40.54,34300,40.42,U
sz300850,新强联,2025-09-25 09:59:33,40.5,18050,40.54,D
sz300850,新强联,2025-09-25 09:59:39,40.58,13800,40.53,U
sz300850,新强联,2025-09-25 09:59:42,40.54,18700,40.58,D
sz300850,新强联,2025-09-25 09:59:51,40.54,8100,40.52,U
sz300850,新强联,2025-09-25 09:59:54,40.38,9800,40.54,D
sz300850,新强联,2025-09-25 09:59:57,40.46,49700,40.38,E
sz300850,新强联,2025-09-25 10:00:06,40.6,60468,40.53,U
sz300850,新强联,2025-09-25 10:00:09,40.6,5400,40.6,D
sz300850,新强联,2025-09-25 10:00:12,40.66,11300,40.6,U
sz300850,新强联,2025-09-25 10:00:15,40.65,13300,40.66,D
sz300850,新强联,2025-09-25 10:00:18,40.57,11232,40.65,D
sz300850,新强联,2025-09-25 10:00:24,40.55,16300,40.55,E
sz300850,新强联,2025-09-25 10:00:27,40.55,7200,40.55,U
sz300850,新强联,2025-09-25 10:00:30,40.53,5900,40.55,E
sz300850,新强联,2025-09-25 10:00:39,40.49,18800,40.5,E
sz300850,新强联,2025-09-25 10:00:54,40.49,6600,40.48,U
sz300850,新强联,2025-09-25 10:00:57,40.5,24400,40.49,U
sz300850,新强联,2025-09-25 10:01:00,40.53,56800,40.5,U
sz300850,新强联,2025-09-25 10:01:03,40.54,18900,40.53,U
sz300850,新强联,2025-09-25 10:01:06,40.54,18600,40.54,U
sz300850,新强联,2025-09-25 10:01:18,40.6,18500,40.59,U
sz300850,新强联,2025-09-25 10:01:21,40.63,7900,40.6,U
sz300850,新强联,2025-09-25 10:01:24,40.61,7800,40.63,D
sz300850,新强联,2025-09-25 10:01:27,40.59,9900,40.61,D
sz300850,新强联,2025-09-25 10:01:33,40.59,8400,40.58,U
sz300850,新强联,2025-09-25 10:01:39,40.54,11300,40.59,D
sz300850,新强联,2025-09-25 10:01:54,40.59,7100,40.59,U
sz300850,新强联,2025-09-25 10:01:57,40.5,50300,40.59,D
sz300850,新强联,2025-09-25 10:02:00,40.56,21200,40.5,U
sz300850,新强联,2025-09-25 10:02:03,40.56,7000,40.56,U
sz300850,新强联,2025-09-25 10:02:06,40.63,57500,40.56,U
sz300850,新强联,2025-09-25 10:02:15,40.78,201100,40.57,U
sz300850,新强联,2025-09-25 10:02:18,40.79,15800,40.78,U
sz300850,新强联,2025-09-25 10:02:21,40.64,21700,40.79,D
sz300850,新强联,2025-09-25 10:02:27,40.57,26500,40.67,D
sz300850,新强联,2025-09-25 10:02:30,40.65,17400,40.57,U
sz300850,新强联,2025-09-25 10:02:39,40.58,6200,40.59,D
sz300850,新强联,2025-09-25 10:02:45,40.56,5900,40.57,D
sz300850,新强联,2025-09-25 10:02:48,40.62,10400,40.56,U
sz300850,新强联,2025-09-25 10:02:54,40.57,6100,40.59,D
sz300850,新强联,2025-09-25 10:02:57,40.58,23900,40.57,U
sz300850,新强联,2025-09-25 10:03:00,40.62,6600,40.58,U
sz300850,新强联,2025-09-25 10:03:03,40.65,9200,40.62,U
sz300850,新强联,2025-09-25 10:03:06,40.73,16600,40.65,U
sz300850,新强联,2025-09-25 10:03:09,40.76,9900,40.73,U
sz300850,新强联,2025-09-25 10:03:12,40.77,8935,40.76,U
sz300850,新强联,2025-09-25 10:03:15,40.77,15200,40.77,D
sz300850,新强联,2025-09-25 10:03:21,40.79,16300,40.76,U
sz300850,新强联,2025-09-25 10:03:27,40.7,7100,40.78,E
sz300850,新强联,2025-09-25 10:03:33,40.76,6200,40.76,U
sz300850,新强联,2025-09-25 10:03:39,40.74,11900,40.77,E
sz300850,新强联,2025-09-25 10:03:42,40.75,9100,40.74,U
sz300850,新强联,2025-09-25 10:03:51,40.61,7100,40.66,E
sz300850,新强联,2025-09-25 10:03:54,40.58,27200,40.61,D
sz300850,新强联,2025-09-25 10:03:57,40.54,22400,40.58,D
sz300850,新强联,2025-09-25 10:04:03,40.51,26300,40.53,D
sz300850,新强联,2025-09-25 10:04:09,40.45,8900,40.55,D
sz300850,新强联,2025-09-25 10:04:15,40.54,8100,40.45,U
sz300850,新强联,2025-09-25 10:04:30,40.48,6400,40.46,U
sz300850,新强联,2025-09-25 10:04:33,40.46,5600,40.48,D
sz300850,新强联,2025-09-25 10:04:42,40.47,16300,40.47,U
sz300850,新强联,2025-09-25 10:04:45,40.45,8000,40.47,D
sz300850,新强联,2025-09-25 10:04:48,40.54,73500,40.45,U
sz300850,新强联,2025-09-25 10:04:51,40.54,25262,40.54,U
sz300850,新强联,2025-09-25 10:04:57,40.55,17600,40.54,U
sz300850,新强联,2025-09-25 10:05:03,40.62,8700,40.59,U
sz300850,新强联,2025-09-25 10:05:06,40.61,30600,40.62,E
sz300850,新强联,2025-09-25 10:05:09,40.63,5600,40.61,E
sz300850,新强联,2025-09-25 10:05:18,40.67,5400,40.66,U
sz300850,新强联,2025-09-25 10:05:21,40.66,14300,40.67,D
sz300850,新强联,2025-09-25 10:05:33,40.66,5800,40.66,U
sz300850,新强联,2025-09-25 10:05:42,40.59,6500,40.6,D
sz300850,新强联,2025-09-25 10:05:45,40.62,14100,40.59,U
sz300850,新强联,2025-09-25 10:05:48,40.66,15400,40.62,U
sz300850,新强联,2025-09-25 10:05:51,40.66,6100,40.66,U
sz300850,新强联,2025-09-25 10:05:57,40.63,5100,40.64,D
sz300850,新强联,2025-09-25 10:06:03,40.68,21206,40.63,U
sz300850,新强联,2025-09-25 10:06:06,40.69,7800,40.68,U
sz300850,新强联,2025-09-25 10:06:09,40.72,6600,40.69,U
sz300850,新强联,2025-09-25 10:06:12,40.73,14000,40.72,U
sz300850,新强联,2025-09-25 10:06:15,40.73,5500,40.73,U
sz300850,新强联,2025-09-25 10:06:18,40.9,259500,40.73,U
sz300850,新强联,2025-09-25 10:06:21,40.9,37300,40.9,U
sz300850,新强联,2025-09-25 10:06:24,40.9,5100,40.9,U
sz300850,新强联,2025-09-25 10:06:27,40.9,18300,40.9,U
sz300850,新强联,2025-09-25 10:06:30,40.9,5800,40.9,U
sz300850,新强联,2025-09-25 10:06:33,40.88,20900,40.9,U
sz300850,新强联,2025-09-25 10:06:36,40.83,8900,40.88,D
sz300850,新强联,2025-09-25 10:06:39,40.9,7500,40.83,U
sz300850,新强联,2025-09-25 10:06:42,40.9,12000,40.9,U
sz300850,新强联,2025-09-25 10:06:45,40.88,32100,40.9,D
sz300850,新强联,2025-09-25 10:06:48,40.88,27200,40.88,D
sz300850,新强联,2025-09-25 10:06:51,40.92,92700,40.88,U
sz300850,新强联,2025-09-25 10:06:54,40.9,17400,40.92,U
sz300850,新强联,2025-09-25 10:06:57,40.89,33000,40.9,E
sz300850,新强联,2025-09-25 10:07:00,40.92,56600,40.89,U
sz300850,新强联,2025-09-25 10:07:06,40.9,43100,40.9,D
sz300850,新强联,2025-09-25 10:07:09,40.93,152300,40.9,E
sz300850,新强联,2025-09-25 10:07:12,41.0,17900,40.93,U
sz300850,新强联,2025-09-25 10:07:15,41.15,360100,41.0,U
sz300850,新强联,2025-09-25 10:07:18,41.07,5900,41.15,E
sz300850,新强联,2025-09-25 10:07:21,41.13,103600,41.07,E
sz300850,新强联,2025-09-25 10:07:27,41.05,46400,41.07,E
sz300850,新强联,2025-09-25 10:07:30,41.09,83000,41.05,E
sz300850,新强联,2025-09-25 10:07:33,41.11,16100,41.09,U
sz300850,新强联,2025-09-25 10:07:36,41.03,8000,41.11,D
sz300850,新强联,2025-09-25 10:07:39,41.05,12000,41.03,U
sz300850,新强联,2025-09-25 10:07:42,41.05,16700,41.05,U
sz300850,新强联,2025-09-25 10:07:45,41.05,8800,41.05,U
sz300850,新强联,2025-09-25 10:07:48,41.05,7200,41.05,D
sz300850,新强联,2025-09-25 10:07:51,41.12,9700,41.05,U
sz300850,新强联,2025-09-25 10:07:54,41.13,8900,41.12,U
sz300850,新强联,2025-09-25 10:07:57,41.1,8200,41.13,D
sz300850,新强联,2025-09-25 10:08:00,41.1,14500,41.1,U
sz300850,新强联,2025-09-25 10:08:03,41.05,51300,41.1,D
sz300850,新强联,2025-09-25 10:08:06,41.01,21000,41.05,D
sz300850,新强联,2025-09-25 10:08:12,41.02,7300,41.0,E
sz300850,新强联,2025-09-25 10:08:15,41.05,13200,41.02,U
sz300850,新强联,2025-09-25 10:08:18,41.06,6500,41.05,U
sz300850,新强联,2025-09-25 10:08:24,41.1,16800,41.09,U
sz300850,新强联,2025-09-25 10:08:30,41.11,73500,41.1,U
sz300850,新强联,2025-09-25 10:08:33,41.15,13000,41.11,U
sz300850,新强联,2025-09-25 10:08:36,41.15,8100,41.15,U
sz300850,新强联,2025-09-25 10:08:42,41.11,13800,41.15,D
sz300850,新强联,2025-09-25 10:08:45,41.15,26500,41.11,U
sz300850,新强联,2025-09-25 10:08:48,41.15,12600,41.15,D
sz300850,新强联,2025-09-25 10:08:51,41.15,21300,41.15,D
sz300850,新强联,2025-09-25 10:08:54,41.13,9200,41.15,D
sz300850,新强联,2025-09-25 10:08:57,41.12,31400,41.13,D
sz300850,新强联,2025-09-25 10:09:06,41.01,6400,41.06,D
sz300850,新强联,2025-09-25 10:09:12,41.0,7400,41.01,D
sz300850,新强联,2025-09-25 10:09:15,41.0,7700,41.0,U
sz300850,新强联,2025-09-25 10:09:18,41.0,9900,41.0,U
sz300850,新强联,2025-09-25 10:09:21,41.06,4900,41.0,U
sz300850,新强联,2025-09-25 10:09:24,41.02,6600,41.06,D
sz300850,新强联,2025-09-25 10:09:30,41.07,10000,41.02,U
sz300850,新强联,2025-09-25 10:09:39,41.08,26700,41.07,E
sz300850,新强联,2025-09-25 10:09:42,41.01,7400,41.08,D
sz300850,新强联,2025-09-25 10:09:45,41.06,21500,41.01,E
sz300850,新强联,2025-09-25 10:09:51,40.96,7900,41.01,D
sz300850,新强联,2025-09-25 10:09:54,40.94,5400,40.96,D
sz300850,新强联,2025-09-25 10:09:57,40.96,5700,40.94,U
sz300850,新强联,2025-09-25 10:10:00,40.91,5900,40.96,D
sz300850,新强联,2025-09-25 10:10:03,40.99,5000,40.91,U
sz300850,新强联,2025-09-25 10:10:06,40.91,52929,40.99,D
sz300850,新强联,2025-09-25 10:10:09,40.96,5700,40.91,D
sz300850,新强联,2025-09-25 10:10:12,40.96,5000,40.96,D
sz300850,新强联,2025-09-25 10:10:18,40.87,10700,40.94,D
sz300850,新强联,2025-09-25 10:10:27,40.84,6200,40.88,D
sz300850,新强联,2025-09-25 10:10:33,40.84,7800,40.84,D
sz300850,新强联,2025-09-25 10:10:36,40.83,5600,40.84,D
sz300850,新强联,2025-09-25 10:10:42,40.83,6400,40.83,D
sz300850,新强联,2025-09-25 10:10:45,40.83,6500,40.83,U
sz300850,新强联,2025-09-25 10:10:48,40.8,5200,40.83,D
sz300850,新强联,2025-09-25 10:10:54,40.81,5300,40.79,U
sz300850,新强联,2025-09-25 10:10:57,40.83,36500,40.81,U
sz300850,新强联,2025-09-25 10:11:00,40.94,44100,40.83,U
sz300850,新强联,2025-09-25 10:11:09,40.94,19700,40.95,D
sz300850,新强联,2025-09-25 10:11:12,40.95,15600,40.94,U
sz300850,新强联,2025-09-25 10:11:18,40.95,7400,40.97,D
sz300850,新强联,2025-09-25 10:11:21,40.94,14600,40.95,D
sz300850,新强联,2025-09-25 10:11:24,40.95,18900,40.94,U
sz300850,新强联,2025-09-25 10:11:27,40.95,5000,40.95,E
sz300850,新强联,2025-09-25 10:11:33,40.98,6200,40.95,U
sz300850,新强联,2025-09-25 10:11:36,40.98,8045,40.98,U
sz300850,新强联,2025-09-25 10:11:42,40.98,5800,40.97,U
sz300850,新强联,2025-09-25 10:11:48,41.0,6500,40.99,U
sz300850,新强联,2025-09-25 10:11:54,41.0,9800,41.0,U
sz300850,新强联,2025-09-25 10:12:00,41.0,11800,41.0,U
sz300850,新强联,2025-09-25 10:12:03,41.0,18100,41.0,U
sz300850,新强联,2025-09-25 10:12:06,40.99,6400,41.0,E
sz300850,新强联,2025-09-25 10:12:09,41.0,8600,40.99,U
sz300850,新强联,2025-09-25 10:12:12,40.99,29700,41.0,U
sz300850,新强联,2025-09-25 10:12:18,41.01,26900,40.94,U
sz300850,新强联,2025-09-25 10:12:27,40.97,5900,40.99,D
sz300850,新强联,2025-09-25 10:12:45,40.95,15000,40.89,U
sz300850,新强联,2025-09-25 10:13:03,40.9,13300,40.92,D
sz300850,新强联,2025-09-25 10:13:12,40.9,7500,40.93,D
sz300850,新强联,2025-09-25 10:13:18,40.93,13300,40.93,E
sz300850,新强联,2025-09-25 10:13:45,40.86,10000,40.91,D
sz300850,新强联,2025-09-25 10:14:06,40.87,6417,40.81,U
sz300850,新强联,2025-09-25 10:14:09,40.93,8300,40.87,U
sz300850,新强联,2025-09-25 10:14:18,40.93,5600,40.94,D
sz300850,新强联,2025-09-25 10:14:30,40.88,5200,40.94,D
sz300850,新强联,2025-09-25 10:14:36,40.88,5700,40.88,U
sz300850,新强联,2025-09-25 10:14:39,40.88,7300,40.88,U
sz300850,新强联,2025-09-25 10:14:45,40.91,9000,40.89,U
sz300850,新强联,2025-09-25 10:14:54,40.91,16700,40.97,D
sz300850,新强联,2025-09-25 10:15:12,40.91,17400,40.89,U
sz300850,新强联,2025-09-25 10:15:15,40.95,10000,40.91,U
sz300850,新强联,2025-09-25 10:15:27,40.9,5300,40.9,E
sz300850,新强联,2025-09-25 10:15:33,40.87,15100,40.9,D
sz300850,新强联,2025-09-25 10:15:45,40.8,6800,40.85,D
sz300850,新强联,2025-09-25 10:15:51,40.84,7200,40.85,E
sz300850,新强联,2025-09-25 10:16:00,40.83,5800,40.85,U
sz300850,新强联,2025-09-25 10:16:03,40.86,14100,40.83,U
sz300850,新强联,2025-09-25 10:16:18,40.82,7600,40.85,D
sz300850,新强联,2025-09-25 10:16:30,40.83,5275,40.83,U
sz300850,新强联,2025-09-25 10:16:39,40.8,6100,40.83,D
sz300850,新强联,2025-09-25 10:16:45,40.85,7200,40.8,U
sz300850,新强联,2025-09-25 10:16:48,40.84,11600,40.85,E
sz300850,新强联,2025-09-25 10:16:51,40.8,15200,40.84,D
sz300850,新强联,2025-09-25 10:17:18,40.89,9900,40.89,U
sz300850,新强联,2025-09-25 10:17:54,41.0,81500,40.87,U
sz300850,新强联,2025-09-25 10:17:57,41.02,7700,41.0,U
sz300850,新强联,2025-09-25 10:18:03,41.02,7400,41.01,U
sz300850,新强联,2025-09-25 10:18:09,40.98,12300,40.99,E
sz300850,新强联,2025-09-25 10:18:18,40.94,5400,40.97,D
sz300850,新强联,2025-09-25 10:18:21,40.93,9400,40.94,D
sz300850,新强联,2025-09-25 10:18:30,40.88,17100,40.95,D
sz300850,新强联,2025-09-25 10:18:39,40.77,35400,40.82,D
sz300850,新强联,2025-09-25 10:18:51,40.73,10200,40.76,D
sz300850,新强联,2025-09-25 10:18:54,40.75,8300,40.73,E
sz300850,新强联,2025-09-25 10:19:00,40.66,14300,40.73,D
sz300850,新强联,2025-09-25 10:19:03,40.67,6700,40.66,U
sz300850,新强联,2025-09-25 10:19:09,40.66,6700,40.63,U
sz300850,新强联,2025-09-25 10:19:18,40.67,6100,40.66,U
sz300850,新强联,2025-09-25 10:19:21,40.69,13500,40.67,U
sz300850,新强联,2025-09-25 10:19:27,40.69,11700,40.69,U
sz300850,新强联,2025-09-25 10:19:45,40.71,8200,40.68,U
sz300850,新强联,2025-09-25 10:19:57,40.71,14800,40.65,U
sz300850,新强联,2025-09-25 10:20:00,40.72,9000,40.71,U
sz300850,新强联,2025-09-25 10:20:09,40.72,12200,40.73,D
sz300850,新强联,2025-09-25 10:20:21,40.72,5100,40.72,U
sz300850,新强联,2025-09-25 10:20:54,40.67,10928,40.67,D
sz300850,新强联,2025-09-25 10:21:00,40.67,7600,40.67,U
sz300850,新强联,2025-09-25 10:21:09,40.68,9000,40.66,U
sz300850,新强联,2025-09-25 10:21:12,40.71,8800,40.68,U
sz300850,新强联,2025-09-25 10:21:30,40.75,5600,40.73,U
sz300850,新强联,2025-09-25 10:21:45,40.78,11700,40.75,U
sz300850,新强联,2025-09-25 10:21:54,40.74,7800,40.78,D
sz300850,新强联,2025-09-25 10:22:09,40.8,13300,40.79,U
sz300850,新强联,2025-09-25 10:22:18,40.82,16300,40.81,U
sz300850,新强联,2025-09-25 10:22:21,40.78,13200,40.82,D
sz300850,新强联,2025-09-25 10:22:45,40.65,35972,40.75,D
sz300850,新强联,2025-09-25 10:22:48,40.65,6000,40.65,D
sz300850,新强联,2025-09-25 10:23:03,40.71,8300,40.71,U
sz300850,新强联,2025-09-25 10:23:12,40.73,5100,40.72,U
sz300850,新强联,2025-09-25 10:23:24,40.72,6300,40.71,U
sz300850,新强联,2025-09-25 10:23:27,40.71,7700,40.72,D
sz300850,新强联,2025-09-25 10:23:45,40.67,5100,40.68,D
sz300850,新强联,2025-09-25 10:24:00,40.64,7300,40.67,D
sz300850,新强联,2025-09-25 10:24:03,40.64,34000,40.64,D
sz300850,新强联,2025-09-25 10:24:06,40.66,10500,40.64,U
sz300850,新强联,2025-09-25 10:24:09,40.67,5500,40.66,U
sz300850,新强联,2025-09-25 10:24:48,40.71,7000,40.7,U
sz300850,新强联,2025-09-25 10:25:06,40.76,22700,40.71,U
sz300850,新强联,2025-09-25 10:25:09,40.76,7200,40.76,U
sz300850,新强联,2025-09-25 10:25:27,40.76,5600,40.75,U
sz300850,新强联,2025-09-25 10:26:57,40.71,10700,40.76,D
sz300850,新强联,2025-09-25 10:27:00,40.67,16400,40.71,D
sz300850,新强联,2025-09-25 10:27:03,40.66,7100,40.67,D
sz300850,新强联,2025-09-25 10:27:39,40.68,5700,40.69,D
sz300850,新强联,2025-09-25 10:27:45,40.66,7300,40.71,D
sz300850,新强联,2025-09-25 10:27:48,40.64,8200,40.66,D
sz300850,新强联,2025-09-25 10:28:15,40.62,5000,40.63,D
sz300850,新强联,2025-09-25 10:29:00,40.65,6000,40.65,E
sz300850,新强联,2025-09-25 10:29:39,40.61,8800,40.62,E
sz300850,新强联,2025-09-25 10:29:45,40.73,38500,40.61,U
sz300850,新强联,2025-09-25 10:29:48,40.62,13700,40.73,D
sz300850,新强联,2025-09-25 10:29:57,40.62,6400,40.64,D
sz300850,新强联,2025-09-25 10:30:06,40.69,8000,40.7,E
sz300850,新强联,2025-09-25 10:30:18,40.63,6700,40.7,D
sz300850,新强联,2025-09-25 10:30:30,40.7,7100,40.66,U
sz300850,新强联,2025-09-25 10:31:00,40.64,54814,40.7,D
sz300850,新强联,2025-09-25 10:31:03,40.7,7500,40.64,U
sz300850,新强联,2025-09-25 10:32:15,40.58,7000,40.63,D
sz300850,新强联,2025-09-25 10:32:27,40.53,7500,40.57,D
sz300850,新强联,2025-09-25 10:32:33,40.46,25000,40.53,D
sz300850,新强联,2025-09-25 10:32:42,40.5,10300,40.45,U
sz300850,新强联,2025-09-25 10:32:51,40.45,7200,40.45,D
sz300850,新强联,2025-09-25 10:32:57,40.45,6200,40.42,U
sz300850,新强联,2025-09-25 10:33:00,40.45,10100,40.45,U
sz300850,新强联,2025-09-25 10:33:03,40.45,34500,40.45,U
sz300850,新强联,2025-09-25 10:33:06,40.46,11600,40.45,E
sz300850,新强联,2025-09-25 10:33:21,40.49,7100,40.5,D
sz300850,新强联,2025-09-25 10:33:27,40.49,8300,40.5,D
sz300850,新强联,2025-09-25 10:33:33,40.5,6200,40.49,U
sz300850,新强联,2025-09-25 10:34:00,40.51,15600,40.53,D
sz300850,新强联,2025-09-25 10:34:18,40.55,8000,40.55,U
sz300850,新强联,2025-09-25 10:34:36,40.56,5700,40.56,U
sz300850,新强联,2025-09-25 10:34:45,40.56,7800,40.55,U
sz300850,新强联,2025-09-25 10:35:00,40.47,22500,40.52,D
sz300850,新强联,2025-09-25 10:35:18,40.47,6000,40.47,D
sz300850,新强联,2025-09-25 10:35:21,40.44,15000,40.47,E
sz300850,新强联,2025-09-25 10:35:54,40.4,10193,40.45,D
sz300850,新强联,2025-09-25 10:36:03,40.42,13407,40.38,U
sz300850,新强联,2025-09-25 10:36:06,40.43,5800,40.42,U
sz300850,新强联,2025-09-25 10:36:18,40.42,5400,40.42,U
sz300850,新强联,2025-09-25 10:36:27,40.45,9600,40.45,U
sz300850,新强联,2025-09-25 10:36:42,40.46,11000,40.46,U
sz300850,新强联,2025-09-25 10:37:00,40.43,7000,40.45,D
sz300850,新强联,2025-09-25 10:37:03,40.41,11800,40.43,D
sz300850,新强联,2025-09-25 10:37:15,40.36,7200,40.39,D
sz300850,新强联,2025-09-25 10:37:21,40.38,12700,40.36,U
sz300850,新强联,2025-09-25 10:37:42,40.36,15500,40.39,D
sz300850,新强联,2025-09-25 10:37:48,40.33,12700,40.37,D
sz300850,新强联,2025-09-25 10:38:00,40.33,29300,40.32,U
sz300850,新强联,2025-09-25 10:38:39,40.3,14000,40.3,U
sz300850,新强联,2025-09-25 10:38:51,40.35,45000,40.29,U
sz300850,新强联,2025-09-25 10:38:57,40.34,15198,40.35,D
sz300850,新强联,2025-09-25 10:39:00,40.31,7600,40.34,D
sz300850,新强联,2025-09-25 10:39:21,40.3,21000,40.31,D
sz300850,新强联,2025-09-25 10:39:39,40.35,16700,40.3,U
sz300850,新强联,2025-09-25 10:39:54,40.35,5000,40.36,D
sz300850,新强联,2025-09-25 10:40:00,40.35,7000,40.36,D
sz300850,新强联,2025-09-25 10:40:03,40.35,11800,40.35,D
sz300850,新强联,2025-09-25 10:40:30,40.35,10500,40.35,D
sz300850,新强联,2025-09-25 10:40:33,40.29,54000,40.35,D
sz300850,新强联,2025-09-25 10:41:03,40.28,8500,40.28,D
sz300850,新强联,2025-09-25 10:41:09,40.29,5800,40.28,U
sz300850,新强联,2025-09-25 10:41:21,40.33,6800,40.29,U
sz300850,新强联,2025-09-25 10:41:24,40.28,5000,40.33,D
sz300850,新强联,2025-09-25 10:41:48,40.29,7000,40.28,U
sz300850,新强联,2025-09-25 10:41:57,40.26,22500,40.29,D
sz300850,新强联,2025-09-25 10:42:00,40.3,15100,40.26,U
sz300850,新强联,2025-09-25 10:42:12,40.23,16000,40.25,D
sz300850,新强联,2025-09-25 10:42:18,40.23,20600,40.23,D
sz300850,新强联,2025-09-25 10:42:30,40.25,24900,40.23,U
sz300850,新强联,2025-09-25 10:43:06,40.25,9400,40.26,D
sz300850,新强联,2025-09-25 10:43:18,40.24,6000,40.25,D
sz300850,新强联,2025-09-25 10:43:30,40.25,7100,40.25,U
sz300850,新强联,2025-09-25 10:43:33,40.24,9300,40.25,D
sz300850,新强联,2025-09-25 10:43:57,40.23,22100,40.24,D
sz300850,新强联,2025-09-25 10:44:00,40.25,8600,40.23,U
sz300850,新强联,2025-09-25 10:44:09,40.29,20288,40.25,U
sz300850,新强联,2025-09-25 10:44:12,40.3,17400,40.29,U
sz300850,新强联,2025-09-25 10:44:30,40.36,6700,40.34,U
sz300850,新强联,2025-09-25 10:45:18,40.37,16000,40.33,U
sz300850,新强联,2025-09-25 10:45:45,40.42,8500,40.42,D
sz300850,新强联,2025-09-25 10:45:48,40.42,8800,40.42,U
sz300850,新强联,2025-09-25 10:46:06,40.48,5700,40.45,U
sz300850,新强联,2025-09-25 10:46:30,40.38,7800,40.41,D
sz300850,新强联,2025-09-25 10:47:03,40.3,15700,40.36,D
sz300850,新强联,2025-09-25 10:47:09,40.36,8900,40.31,E
sz300850,新强联,2025-09-25 10:48:21,40.3,15200,40.34,D
sz300850,新强联,2025-09-25 10:48:24,40.3,6700,40.3,E
sz300850,新强联,2025-09-25 10:49:42,40.29,10200,40.28,U
sz300850,新强联,2025-09-25 10:49:54,40.27,6700,40.3,D
sz300850,新强联,2025-09-25 10:50:06,40.25,5500,40.27,D
sz300850,新强联,2025-09-25 10:50:24,40.26,9400,40.25,E
sz300850,新强联,2025-09-25 10:51:00,40.22,6700,40.22,E
sz300850,新强联,2025-09-25 10:51:18,40.22,6200,40.22,E
sz300850,新强联,2025-09-25 10:51:21,40.2,11600,40.22,D
sz300850,新强联,2025-09-25 10:51:39,40.21,15100,40.21,E
sz300850,新强联,2025-09-25 10:51:42,40.19,8100,40.21,D
sz300850,新强联,2025-09-25 10:51:45,40.19,6700,40.19,D
sz300850,新强联,2025-09-25 10:51:48,40.22,12100,40.19,U
sz300850,新强联,2025-09-25 10:52:09,40.26,24300,40.21,U
sz300850,新强联,2025-09-25 10:52:15,40.22,6400,40.22,D
sz300850,新强联,2025-09-25 10:53:00,40.2,6000,40.2,U
sz300850,新强联,2025-09-25 10:53:24,40.15,5500,40.16,D
sz300850,新强联,2025-09-25 10:53:36,40.13,5800,40.15,D
sz300850,新强联,2025-09-25 10:53:39,40.15,5400,40.13,U
sz300850,新强联,2025-09-25 10:53:42,40.13,12800,40.15,D
sz300850,新强联,2025-09-25 10:53:48,40.12,17500,40.16,D
sz300850,新强联,2025-09-25 10:53:57,40.13,13700,40.13,U
sz300850,新强联,2025-09-25 10:54:21,40.11,9200,40.11,D
sz300850,新强联,2025-09-25 10:54:30,40.1,8900,40.11,D
sz300850,新强联,2025-09-25 10:54:48,40.07,10200,40.07,U
sz300850,新强联,2025-09-25 10:54:51,40.07,6400,40.07,U
sz300850,新强联,2025-09-25 10:54:57,40.07,6200,40.06,U
sz300850,新强联,2025-09-25 10:55:00,40.03,28400,40.07,D
sz300850,新强联,2025-09-25 10:55:12,40.07,5600,40.07,D
sz300850,新强联,2025-09-25 10:55:15,40.08,7400,40.07,U
sz300850,新强联,2025-09-25 10:55:21,40.07,20000,40.07,D
sz300850,新强联,2025-09-25 10:55:33,40.09,83000,40.07,U
sz300850,新强联,2025-09-25 10:55:36,40.11,6700,40.09,U
sz300850,新强联,2025-09-25 10:55:42,40.11,10500,40.1,U
sz300850,新强联,2025-09-25 10:55:45,40.11,6400,40.11,U
sz300850,新强联,2025-09-25 10:56:06,40.19,5200,40.18,U
sz300850,新强联,2025-09-25 10:56:09,40.17,11100,40.19,D
sz300850,新强联,2025-09-25 10:56:15,40.2,75200,40.2,D
sz300850,新强联,2025-09-25 10:56:42,40.22,6100,40.2,U
sz300850,新强联,2025-09-25 10:56:48,40.22,14600,40.22,D
sz300850,新强联,2025-09-25 10:56:51,40.22,16490,40.22,D
sz300850,新强联,2025-09-25 10:57:00,40.18,24900,40.23,D
sz300850,新强联,2025-09-25 10:57:18,40.18,12610,40.21,D
sz300850,新强联,2025-09-25 10:57:24,40.18,5100,40.17,E
sz300850,新强联,2025-09-25 10:57:33,40.13,15400,40.17,D
sz300850,新强联,2025-09-25 10:58:03,40.05,22000,40.13,D
sz300850,新强联,2025-09-25 10:58:09,40.03,8600,40.06,D
sz300850,新强联,2025-09-25 10:58:12,40.05,6100,40.03,U
sz300850,新强联,2025-09-25 10:58:15,40.06,5800,40.05,D
sz300850,新强联,2025-09-25 10:58:24,40.01,15900,40.05,D
sz300850,新强联,2025-09-25 10:58:54,40.05,5500,40.05,U
sz300850,新强联,2025-09-25 10:59:03,40.05,6700,40.03,U
sz300850,新强联,2025-09-25 10:59:15,40.0,19700,40.03,D
sz300850,新强联,2025-09-25 10:59:33,40.07,19770,40.04,U
sz300850,新强联,2025-09-25 10:59:51,40.08,7700,40.05,U
sz300850,新强联,2025-09-25 11:00:36,40.09,7300,40.1,D
sz300850,新强联,2025-09-25 11:01:18,40.14,5900,40.1,U
sz300850,新强联,2025-09-25 11:03:12,40.14,7800,40.16,D
sz300850,新强联,2025-09-25 11:03:18,40.15,80900,40.16,E
sz300850,新强联,2025-09-25 11:04:06,40.18,5100,40.18,E
sz300850,新强联,2025-09-25 11:04:57,40.24,5300,40.23,U
sz300850,新强联,2025-09-25 11:05:00,40.28,6000,40.24,U
sz300850,新强联,2025-09-25 11:05:12,40.28,5300,40.28,D
sz300850,新强联,2025-09-25 11:05:15,40.28,6800,40.28,D
sz300850,新强联,2025-09-25 11:05:51,40.28,6400,40.27,U
sz300850,新强联,2025-09-25 11:06:00,40.29,5600,40.29,U
sz300850,新强联,2025-09-25 11:06:09,40.29,22900,40.29,D
sz300850,新强联,2025-09-25 11:06:15,40.31,12200,40.3,U
sz300850,新强联,2025-09-25 11:06:30,40.25,8700,40.3,D
sz300850,新强联,2025-09-25 11:07:33,40.29,5100,40.29,D
sz300850,新强联,2025-09-25 11:08:06,40.25,6000,40.28,D
sz300850,新强联,2025-09-25 11:08:33,40.23,6000,40.23,D
sz300850,新强联,2025-09-25 11:10:03,40.22,7945,40.24,D
sz300850,新强联,2025-09-25 11:10:57,40.18,14580,40.24,D
sz300850,新强联,2025-09-25 11:11:03,40.15,6600,40.18,D
sz300850,新强联,2025-09-25 11:12:42,40.04,12300,40.06,D
sz300850,新强联,2025-09-25 11:13:21,40.05,7000,40.03,U
sz300850,新强联,2025-09-25 11:13:27,40.05,6800,40.05,U
sz300850,新强联,2025-09-25 11:13:42,40.03,5400,40.04,D
sz300850,新强联,2025-09-25 11:14:21,40.05,7370,40.04,U
sz300850,新强联,2025-09-25 11:15:00,40.08,10300,40.1,D
sz300850,新强联,2025-09-25 11:15:21,40.09,5200,40.09,U
sz300850,新强联,2025-09-25 11:15:36,40.18,5300,40.15,U
sz300850,新强联,2025-09-25 11:16:00,40.1,8600,40.15,D
sz300850,新强联,2025-09-25 11:16:33,40.1,15200,40.1,D
sz300850,新强联,2025-09-25 11:17:06,40.03,8400,40.03,U
sz300850,新强联,2025-09-25 11:18:06,40.15,5500,40.16,E
sz300850,新强联,2025-09-25 11:19:00,40.12,10400,40.14,D
sz300850,新强联,2025-09-25 11:19:27,40.14,5400,40.14,U
sz300850,新强联,2025-09-25 11:21:15,40.08,5800,40.06,U
sz300850,新强联,2025-09-25 11:21:54,40.05,13900,40.07,D
sz300850,新强联,2025-09-25 11:22:03,40.06,7980,40.07,D
sz300850,新强联,2025-09-25 11:22:12,40.06,6200,40.09,D
sz300850,新强联,2025-09-25 11:22:36,40.08,5000,40.08,U
sz300850,新强联,2025-09-25 11:22:48,40.09,8100,40.08,U
sz300850,新强联,2025-09-25 11:23:00,40.07,13300,40.1,D
sz300850,新强联,2025-09-25 11:23:12,40.07,5600,40.05,U
sz300850,新强联,2025-09-25 11:24:42,40.08,8800,40.08,D
sz300850,新强联,2025-09-25 11:24:45,40.08,18100,40.08,D
sz300850,新强联,2025-09-25 11:24:51,40.06,5600,40.08,E
sz300850,新强联,2025-09-25 11:24:54,40.08,12700,40.06,U
sz300850,新强联,2025-09-25 11:25:42,40.1,10200,40.1,D
sz300850,新强联,2025-09-25 11:26:24,40.07,8400,40.07,D
sz300850,新强联,2025-09-25 11:26:27,40.06,9000,40.07,U
sz300850,新强联,2025-09-25 11:26:45,40.09,5600,40.07,U
sz300850,新强联,2025-09-25 11:27:39,40.07,6200,40.08,D
sz300850,新强联,2025-09-25 11:28:15,40.09,6000,40.08,U
sz300850,新强联,2025-09-25 11:28:39,40.06,5200,40.08,D
sz300850,新强联,2025-09-25 11:29:33,40.08,11000,40.04,U
sz300850,新强联,2025-09-25 11:29:36,40.09,7500,40.08,U
sz300850,新强联,2025-09-25 13:00:00,40.09,13600,40.08,U
sz300850,新强联,2025-09-25 13:00:03,40.09,11800,40.09,D
sz300850,新强联,2025-09-25 13:00:06,40.13,21800,40.09,E
sz300850,新强联,2025-09-25 13:00:09,40.08,14500,40.13,D
sz300850,新强联,2025-09-25 13:00:12,40.01,93100,40.08,D
sz300850,新强联,2025-09-25 13:00:15,40.04,8800,40.01,U
sz300850,新强联,2025-09-25 13:00:18,40.04,11200,40.04,D
sz300850,新强联,2025-09-25 13:00:51,40.09,5500,40.11,E
sz300850,新强联,2025-09-25 13:01:36,40.02,42000,40.09,D
sz300850,新强联,2025-09-25 13:01:39,40.0,11800,40.02,D
sz300850,新强联,2025-09-25 13:01:51,40.08,21000,40.06,U
sz300850,新强联,2025-09-25 13:01:57,40.09,7500,40.08,U
sz300850,新强联,2025-09-25 13:02:39,40.09,7100,40.09,U
sz300850,新强联,2025-09-25 13:03:03,40.03,7900,40.05,D
sz300850,新强联,2025-09-25 13:03:06,40.02,5700,40.03,D
sz300850,新强联,2025-09-25 13:03:09,40.08,6400,40.02,U
sz300850,新强联,2025-09-25 13:03:12,39.98,131800,40.08,D
sz300850,新强联,2025-09-25 13:03:15,40.0,27200,39.98,U
sz300850,新强联,2025-09-25 13:03:18,40.01,9800,40.0,E
sz300850,新强联,2025-09-25 13:03:21,40.07,8400,40.01,U
sz300850,新强联,2025-09-25 13:03:24,40.07,5400,40.07,U
sz300850,新强联,2025-09-25 13:03:36,40.05,6100,40.01,U
sz300850,新强联,2025-09-25 13:03:45,40.01,25400,39.99,E
sz300850,新强联,2025-09-25 13:03:48,39.99,5500,40.01,U
sz300850,新强联,2025-09-25 13:03:54,39.95,23700,39.98,D
sz300850,新强联,2025-09-25 13:03:57,39.92,9100,39.95,D
sz300850,新强联,2025-09-25 13:04:03,39.92,6700,39.97,D
sz300850,新强联,2025-09-25 13:04:06,39.93,9500,39.92,U
sz300850,新强联,2025-09-25 13:04:21,39.91,9000,39.9,U
sz300850,新强联,2025-09-25 13:04:30,39.91,11500,39.9,E
sz300850,新强联,2025-09-25 13:04:39,39.93,6700,39.93,D
sz300850,新强联,2025-09-25 13:05:00,39.95,5400,39.92,U
sz300850,新强联,2025-09-25 13:05:06,40.0,5000,39.98,U
sz300850,新强联,2025-09-25 13:05:57,40.04,5400,40.04,D
sz300850,新强联,2025-09-25 13:06:12,40.07,12200,40.04,E
sz300850,新强联,2025-09-25 13:06:24,40.05,7400,40.07,D
sz300850,新强联,2025-09-25 13:06:42,40.08,5200,40.01,U
sz300850,新强联,2025-09-25 13:06:45,40.08,5100,40.08,U
sz300850,新强联,2025-09-25 13:07:36,40.09,5500,40.08,U
sz300850,新强联,2025-09-25 13:07:51,40.08,46800,40.04,U
sz300850,新强联,2025-09-25 13:08:12,40.11,5200,40.12,D
sz300850,新强联,2025-09-25 13:08:54,40.1,11300,40.07,U
sz300850,新强联,2025-09-25 13:09:21,40.05,7300,40.07,D
sz300850,新强联,2025-09-25 13:09:24,40.06,5900,40.05,U
sz300850,新强联,2025-09-25 13:09:45,40.03,10200,40.03,D
sz300850,新强联,2025-09-25 13:09:57,40.0,8300,40.01,D
sz300850,新强联,2025-09-25 13:10:03,40.0,22700,40.0,D
sz300850,新强联,2025-09-25 13:10:06,40.0,5600,40.0,U
sz300850,新强联,2025-09-25 13:10:09,40.02,6300,40.0,U
sz300850,新强联,2025-09-25 13:10:12,40.02,5700,40.02,U
sz300850,新强联,2025-09-25 13:10:18,40.02,5500,40.0,U
sz300850,新强联,2025-09-25 13:11:06,40.08,8400,40.06,U
sz300850,新强联,2025-09-25 13:11:36,40.08,10000,40.08,U
sz300850,新强联,2025-09-25 13:12:06,40.04,8000,40.07,D
sz300850,新强联,2025-09-25 13:12:45,39.99,5100,39.98,U
sz300850,新强联,2025-09-25 13:12:48,40.0,5600,39.99,U
sz300850,新强联,2025-09-25 13:12:51,39.98,25200,40.0,D
sz300850,新强联,2025-09-25 13:12:57,40.08,10200,40.04,U
sz300850,新强联,2025-09-25 13:13:12,39.97,18900,40.02,D
sz300850,新强联,2025-09-25 13:13:18,39.92,5100,39.98,D
sz300850,新强联,2025-09-25 13:13:36,39.91,8000,40.0,D
sz300850,新强联,2025-09-25 13:13:42,39.91,7400,39.98,D
sz300850,新强联,2025-09-25 13:13:57,39.93,12900,39.94,E
sz300850,新强联,2025-09-25 13:14:03,39.91,8700,39.92,D
sz300850,新强联,2025-09-25 13:14:18,39.89,20800,39.92,D
sz300850,新强联,2025-09-25 13:14:27,39.93,6100,39.93,U
sz300850,新强联,2025-09-25 13:14:33,39.93,7800,39.93,D
sz300850,新强联,2025-09-25 13:14:39,39.92,7600,39.92,E
sz300850,新强联,2025-09-25 13:14:42,39.92,6000,39.92,D
sz300850,新强联,2025-09-25 13:14:48,39.92,6300,39.92,U
sz300850,新强联,2025-09-25 13:14:54,39.9,11000,39.92,D
sz300850,新强联,2025-09-25 13:15:12,39.92,12118,39.89,U
sz300850,新强联,2025-09-25 13:15:15,39.94,15700,39.92,U
sz300850,新强联,2025-09-25 13:15:18,39.96,15700,39.94,U
sz300850,新强联,2025-09-25 13:15:21,39.97,6900,39.96,U
sz300850,新强联,2025-09-25 13:15:24,39.96,24000,39.97,D
sz300850,新强联,2025-09-25 13:15:30,39.97,8800,39.96,U
sz300850,新强联,2025-09-25 13:15:42,39.99,6200,40.0,U
sz300850,新强联,2025-09-25 13:15:54,39.98,8400,39.97,U
sz300850,新强联,2025-09-25 13:16:00,40.0,7600,39.99,U
sz300850,新强联,2025-09-25 13:17:15,39.95,21800,39.96,D
sz300850,新强联,2025-09-25 13:17:21,39.91,9500,39.93,D
sz300850,新强联,2025-09-25 13:17:24,39.87,69878,39.91,D
sz300850,新强联,2025-09-25 13:17:27,39.85,5900,39.87,D
sz300850,新强联,2025-09-25 13:17:30,39.84,5500,39.85,E
sz300850,新强联,2025-09-25 13:17:39,39.86,7800,39.86,D
sz300850,新强联,2025-09-25 13:18:15,39.84,16000,39.83,U
sz300850,新强联,2025-09-25 13:18:18,39.83,6800,39.84,D
sz300850,新强联,2025-09-25 13:18:51,39.85,6000,39.85,D
sz300850,新强联,2025-09-25 13:19:06,39.88,18284,39.87,U
sz300850,新强联,2025-09-25 13:19:09,39.87,6200,39.88,D
sz300850,新强联,2025-09-25 13:20:03,39.85,5500,39.84,E
sz300850,新强联,2025-09-25 13:20:09,39.9,8884,39.85,U
sz300850,新强联,2025-09-25 13:20:36,39.95,7300,39.97,D
sz300850,新强联,2025-09-25 13:20:39,39.94,9400,39.95,D
sz300850,新强联,2025-09-25 13:20:54,40.0,6300,39.99,U
sz300850,新强联,2025-09-25 13:20:57,40.01,13000,40.0,U
sz300850,新强联,2025-09-25 13:21:21,40.06,5400,40.05,U
sz300850,新强联,2025-09-25 13:21:42,40.05,6200,40.07,D
sz300850,新强联,2025-09-25 13:21:48,40.07,5000,40.06,U
sz300850,新强联,2025-09-25 13:21:51,40.07,12100,40.07,D
sz300850,新强联,2025-09-25 13:21:57,40.03,6700,40.06,D
sz300850,新强联,2025-09-25 13:22:09,40.1,18674,40.08,U
sz300850,新强联,2025-09-25 13:22:18,40.15,9700,40.13,U
sz300850,新强联,2025-09-25 13:22:30,40.1,5900,40.13,D
sz300850,新强联,2025-09-25 13:22:48,40.14,48300,40.08,U
sz300850,新强联,2025-09-25 13:23:24,40.15,5900,40.15,U
sz300850,新强联,2025-09-25 13:23:39,40.14,9200,40.13,U
sz300850,新强联,2025-09-25 13:23:45,40.17,8000,40.15,U
sz300850,新强联,2025-09-25 13:23:48,40.2,21400,40.17,U
sz300850,新强联,2025-09-25 13:23:57,40.19,16300,40.22,D
sz300850,新强联,2025-09-25 13:24:03,40.17,5200,40.18,D
sz300850,新强联,2025-09-25 13:24:33,40.21,10400,40.17,U
sz300850,新强联,2025-09-25 13:24:36,40.19,5000,40.21,D
sz300850,新强联,2025-09-25 13:25:03,40.27,12500,40.24,U
sz300850,新强联,2025-09-25 13:25:06,40.29,11500,40.27,U
sz300850,新强联,2025-09-25 13:25:12,40.29,5300,40.28,U
sz300850,新强联,2025-09-25 13:25:15,40.29,8600,40.29,U
sz300850,新强联,2025-09-25 13:25:21,40.3,11200,40.3,U
sz300850,新强联,2025-09-25 13:25:33,40.29,5300,40.29,D
sz300850,新强联,2025-09-25 13:25:36,40.3,10700,40.29,D
sz300850,新强联,2025-09-25 13:25:39,40.3,8400,40.3,D
sz300850,新强联,2025-09-25 13:25:45,40.28,22600,40.29,E
sz300850,新强联,2025-09-25 13:25:48,40.3,6000,40.28,E
sz300850,新强联,2025-09-25 13:26:00,40.37,45500,40.3,U
sz300850,新强联,2025-09-25 13:26:03,40.39,16000,40.37,U
sz300850,新强联,2025-09-25 13:26:30,40.39,28000,40.43,D
sz300850,新强联,2025-09-25 13:26:48,40.39,10200,40.4,E
sz300850,新强联,2025-09-25 13:26:51,40.38,8400,40.39,D
sz300850,新强联,2025-09-25 13:26:57,40.4,5800,40.37,U
sz300850,新强联,2025-09-25 13:27:00,40.4,33052,40.4,U
sz300850,新强联,2025-09-25 13:27:03,40.49,13200,40.4,U
sz300850,新强联,2025-09-25 13:27:06,40.45,14100,40.49,E
sz300850,新强联,2025-09-25 13:27:12,40.5,7000,40.5,U
sz300850,新强联,2025-09-25 13:27:15,40.5,16400,40.5,U
sz300850,新强联,2025-09-25 13:27:24,40.51,17404,40.55,D
sz300850,新强联,2025-09-25 13:27:30,40.45,10600,40.5,D
sz300850,新强联,2025-09-25 13:27:36,40.44,67800,40.45,D
sz300850,新强联,2025-09-25 13:27:39,40.45,12000,40.44,U
sz300850,新强联,2025-09-25 13:27:42,40.45,13700,40.45,U
sz300850,新强联,2025-09-25 13:27:51,40.44,6800,40.45,D
sz300850,新强联,2025-09-25 13:28:00,40.44,22700,40.45,D
sz300850,新强联,2025-09-25 13:28:03,40.46,5800,40.44,E
sz300850,新强联,2025-09-25 13:28:09,40.41,18300,40.46,D
sz300850,新强联,2025-09-25 13:28:15,40.4,6200,40.43,E
sz300850,新强联,2025-09-25 13:28:36,40.45,13500,40.38,U
sz300850,新强联,2025-09-25 13:28:57,40.45,5500,40.45,D
sz300850,新强联,2025-09-25 13:29:09,40.53,71200,40.44,U
sz300850,新强联,2025-09-25 13:29:12,40.63,11500,40.53,U
sz300850,新强联,2025-09-25 13:29:15,40.63,5600,40.63,E
sz300850,新强联,2025-09-25 13:29:18,40.62,8400,40.63,E
sz300850,新强联,2025-09-25 13:29:30,40.62,8900,40.53,U
sz300850,新强联,2025-09-25 13:29:33,40.53,31300,40.62,D
sz300850,新强联,2025-09-25 13:29:39,40.61,18100,40.56,U
sz300850,新强联,2025-09-25 13:29:45,40.61,5900,40.61,D
sz300850,新强联,2025-09-25 13:29:48,40.63,17700,40.61,U
sz300850,新强联,2025-09-25 13:29:51,40.62,5500,40.63,D
sz300850,新强联,2025-09-25 13:29:54,40.62,8400,40.62,E
sz300850,新强联,2025-09-25 13:29:57,40.66,11000,40.62,U
sz300850,新强联,2025-09-25 13:30:00,40.55,10400,40.66,D
sz300850,新强联,2025-09-25 13:30:03,40.58,9300,40.55,U
sz300850,新强联,2025-09-25 13:30:09,40.61,8400,40.58,U
sz300850,新强联,2025-09-25 13:30:15,40.6,7800,40.6,D
sz300850,新强联,2025-09-25 13:30:18,40.62,8000,40.6,U
sz300850,新强联,2025-09-25 13:30:24,40.6,7300,40.62,D
sz300850,新强联,2025-09-25 13:30:45,40.54,5900,40.54,U
sz300850,新强联,2025-09-25 13:30:51,40.53,8800,40.51,U
sz300850,新强联,2025-09-25 13:30:57,40.57,18700,40.49,U
sz300850,新强联,2025-09-25 13:31:00,40.58,14000,40.57,U
sz300850,新强联,2025-09-25 13:31:06,40.59,9700,40.6,D
sz300850,新强联,2025-09-25 13:31:09,40.58,5800,40.59,E
sz300850,新强联,2025-09-25 13:31:18,40.61,9800,40.6,U
sz300850,新强联,2025-09-25 13:31:27,40.66,18500,40.62,U
sz300850,新强联,2025-09-25 13:31:30,40.68,14900,40.66,U
sz300850,新强联,2025-09-25 13:31:36,40.7,10900,40.66,U
sz300850,新强联,2025-09-25 13:31:45,40.75,10800,40.72,U
sz300850,新强联,2025-09-25 13:31:48,40.76,24530,40.75,U
sz300850,新强联,2025-09-25 13:31:51,40.77,17200,40.76,U
sz300850,新强联,2025-09-25 13:31:54,40.77,16900,40.77,U
sz300850,新强联,2025-09-25 13:31:57,40.77,17200,40.77,U
sz300850,新强联,2025-09-25 13:32:03,40.79,28000,40.79,U
sz300850,新强联,2025-09-25 13:32:06,40.8,15900,40.79,U
sz300850,新强联,2025-09-25 13:32:09,40.79,12700,40.8,D
sz300850,新强联,2025-09-25 13:32:12,40.78,28800,40.79,D
sz300850,新强联,2025-09-25 13:32:15,40.75,7600,40.78,D
sz300850,新强联,2025-09-25 13:32:18,40.77,8300,40.75,U
sz300850,新强联,2025-09-25 13:32:21,40.77,11700,40.77,U
sz300850,新强联,2025-09-25 13:32:24,40.84,9500,40.77,U
sz300850,新强联,2025-09-25 13:32:27,40.88,32100,40.84,U
sz300850,新强联,2025-09-25 13:32:30,40.85,148200,40.88,D
sz300850,新强联,2025-09-25 13:32:33,40.8,13700,40.85,E
sz300850,新强联,2025-09-25 13:32:36,40.74,56900,40.8,D
sz300850,新强联,2025-09-25 13:32:39,40.8,15300,40.74,U
sz300850,新强联,2025-09-25 13:32:42,40.89,25300,40.8,U
sz300850,新强联,2025-09-25 13:32:45,40.8,10100,40.89,D
sz300850,新强联,2025-09-25 13:32:48,40.79,5100,40.8,E
sz300850,新强联,2025-09-25 13:32:51,40.72,11200,40.79,E
sz300850,新强联,2025-09-25 13:32:57,40.79,20700,40.79,U
sz300850,新强联,2025-09-25 13:33:00,40.79,5400,40.79,U
sz300850,新强联,2025-09-25 13:33:03,40.73,5200,40.79,D
sz300850,新强联,2025-09-25 13:33:06,40.76,5800,40.73,E
sz300850,新强联,2025-09-25 13:33:09,40.73,20100,40.76,D
sz300850,新强联,2025-09-25 13:33:12,40.74,5300,40.73,U
sz300850,新强联,2025-09-25 13:33:15,40.71,5900,40.74,D
sz300850,新强联,2025-09-25 13:33:21,40.71,6600,40.72,D
sz300850,新强联,2025-09-25 13:33:24,40.7,7600,40.71,D
sz300850,新强联,2025-09-25 13:33:51,40.49,9200,40.56,D
sz300850,新强联,2025-09-25 13:33:57,40.55,51900,40.48,U
sz300850,新强联,2025-09-25 13:34:06,40.56,8100,40.52,U
sz300850,新强联,2025-09-25 13:34:12,40.53,22300,40.55,D
sz300850,新强联,2025-09-25 13:34:18,40.54,6800,40.55,D
sz300850,新强联,2025-09-25 13:34:21,40.55,11500,40.54,E
sz300850,新强联,2025-09-25 13:34:27,40.56,9100,40.56,D
sz300850,新强联,2025-09-25 13:34:30,40.63,21117,40.56,U
sz300850,新强联,2025-09-25 13:34:33,40.69,17000,40.63,U
sz300850,新强联,2025-09-25 13:34:36,40.7,5900,40.69,U
sz300850,新强联,2025-09-25 13:34:39,40.71,5700,40.7,U
sz300850,新强联,2025-09-25 13:34:42,40.72,8400,40.71,U
sz300850,新强联,2025-09-25 13:34:54,40.68,5000,40.68,D
sz300850,新强联,2025-09-25 13:34:57,40.68,12500,40.68,D
sz300850,新强联,2025-09-25 13:35:00,40.69,8300,40.68,U
sz300850,新强联,2025-09-25 13:35:03,40.63,5500,40.69,D
sz300850,新强联,2025-09-25 13:35:12,40.62,5500,40.64,D
sz300850,新强联,2025-09-25 13:35:15,40.62,8500,40.62,D
sz300850,新强联,2025-09-25 13:35:36,40.53,11400,40.58,D
sz300850,新强联,2025-09-25 13:36:03,40.47,5710,40.5,D
sz300850,新强联,2025-09-25 13:36:18,40.45,12100,40.46,D
sz300850,新强联,2025-09-25 13:36:21,40.47,8462,40.45,U
sz300850,新强联,2025-09-25 13:36:27,40.5,11952,40.46,U
sz300850,新强联,2025-09-25 13:36:36,40.49,29300,40.55,D
sz300850,新强联,2025-09-25 13:36:39,40.55,29047,40.49,U
sz300850,新强联,2025-09-25 13:36:42,40.53,7300,40.55,D
sz300850,新强联,2025-09-25 13:37:03,40.52,5300,40.51,U
sz300850,新强联,2025-09-25 13:37:06,40.52,5600,40.52,U
sz300850,新强联,2025-09-25 13:37:24,40.5,20400,40.51,D
sz300850,新强联,2025-09-25 13:37:27,40.5,12100,40.5,D
sz300850,新强联,2025-09-25 13:37:57,40.47,5700,40.47,D
sz300850,新强联,2025-09-25 13:38:33,40.41,5400,40.42,D
sz300850,新强联,2025-09-25 13:38:42,40.43,13900,40.41,U
sz300850,新强联,2025-09-25 13:38:48,40.42,8000,40.42,E
sz300850,新强联,2025-09-25 13:38:54,40.41,6800,40.42,D
sz300850,新强联,2025-09-25 13:39:03,40.43,7700,40.42,U
sz300850,新强联,2025-09-25 13:39:12,40.5,29155,40.45,U
sz300850,新强联,2025-09-25 13:39:15,40.49,6000,40.5,D
sz300850,新强联,2025-09-25 13:39:21,40.52,8300,40.51,U
sz300850,新强联,2025-09-25 13:39:39,40.53,5500,40.53,D
sz300850,新强联,2025-09-25 13:39:45,40.54,8100,40.53,U
sz300850,新强联,2025-09-25 13:39:57,40.56,8000,40.55,E
sz300850,新强联,2025-09-25 13:40:03,40.49,8800,40.53,D
sz300850,新强联,2025-09-25 13:40:21,40.46,20700,40.48,D
sz300850,新强联,2025-09-25 13:40:39,40.57,6000,40.51,U
sz300850,新强联,2025-09-25 13:40:45,40.68,15100,40.58,U
sz300850,新强联,2025-09-25 13:41:06,40.65,14200,40.58,U
sz300850,新强联,2025-09-25 13:41:09,40.64,27000,40.65,D
sz300850,新强联,2025-09-25 13:41:12,40.58,7400,40.64,E
sz300850,新强联,2025-09-25 13:41:18,40.67,5000,40.63,U
sz300850,新强联,2025-09-25 13:41:21,40.65,5000,40.67,D
sz300850,新强联,2025-09-25 13:41:24,40.67,5500,40.65,E
sz300850,新强联,2025-09-25 13:41:48,40.72,30870,40.68,U
sz300850,新强联,2025-09-25 13:42:03,40.67,5400,40.68,D
sz300850,新强联,2025-09-25 13:42:09,40.67,12900,40.67,U
sz300850,新强联,2025-09-25 13:42:24,40.5,6100,40.56,D
sz300850,新强联,2025-09-25 13:43:21,40.4,5600,40.42,D
sz300850,新强联,2025-09-25 13:43:39,40.38,7700,40.37,U
sz300850,新强联,2025-09-25 13:43:42,40.37,5000,40.38,D
sz300850,新强联,2025-09-25 13:44:06,40.36,5700,40.36,D
sz300850,新强联,2025-09-25 13:44:09,40.36,9000,40.36,D
sz300850,新强联,2025-09-25 13:44:12,40.32,13400,40.36,D
sz300850,新强联,2025-09-25 13:44:27,40.31,6400,40.3,U
sz300850,新强联,2025-09-25 13:44:30,40.31,7800,40.31,U
sz300850,新强联,2025-09-25 13:44:48,40.36,6100,40.35,U
sz300850,新强联,2025-09-25 13:45:03,40.28,21774,40.34,D
sz300850,新强联,2025-09-25 13:45:54,40.31,5300,40.31,D
sz300850,新强联,2025-09-25 13:45:57,40.32,5700,40.31,U
sz300850,新强联,2025-09-25 13:46:00,40.31,7200,40.32,U
sz300850,新强联,2025-09-25 13:46:03,40.32,13300,40.31,U
sz300850,新强联,2025-09-25 13:46:39,40.32,9900,40.31,U
sz300850,新强联,2025-09-25 13:46:57,40.35,6500,40.36,D
sz300850,新强联,2025-09-25 13:47:24,40.34,20600,40.33,U
sz300850,新强联,2025-09-25 13:47:27,40.32,6300,40.34,D
sz300850,新强联,2025-09-25 13:47:48,40.35,15600,40.39,D
sz300850,新强联,2025-09-25 13:47:51,40.34,5900,40.35,D
sz300850,新强联,2025-09-25 13:48:03,40.34,7300,40.34,D
sz300850,新强联,2025-09-25 13:48:45,40.45,9000,40.45,D
sz300850,新强联,2025-09-25 13:49:09,40.52,30000,40.48,U
sz300850,新强联,2025-09-25 13:49:30,40.46,5900,40.45,U
sz300850,新强联,2025-09-25 13:49:45,40.45,7900,40.46,D
sz300850,新强联,2025-09-25 13:50:15,40.43,6200,40.44,D
sz300850,新强联,2025-09-25 13:52:33,40.36,7400,40.36,D
sz300850,新强联,2025-09-25 13:52:57,40.35,6100,40.32,U
sz300850,新强联,2025-09-25 13:53:00,40.35,13700,40.35,U
sz300850,新强联,2025-09-25 13:53:03,40.36,6500,40.35,U
sz300850,新强联,2025-09-25 13:53:06,40.39,63700,40.36,U
sz300850,新强联,2025-09-25 13:53:39,40.43,6200,40.43,U
sz300850,新强联,2025-09-25 13:54:09,40.45,5200,40.43,U
sz300850,新强联,2025-09-25 13:54:33,40.41,13600,40.47,D
sz300850,新强联,2025-09-25 13:55:06,40.35,5400,40.37,D
sz300850,新强联,2025-09-25 13:55:09,40.35,6500,40.35,U
sz300850,新强联,2025-09-25 13:55:30,40.37,8600,40.35,U
sz300850,新强联,2025-09-25 13:55:33,40.4,5600,40.37,U
sz300850,新强联,2025-09-25 13:55:36,40.39,5200,40.4,D
sz300850,新强联,2025-09-25 13:56:39,40.38,5600,40.38,E
sz300850,新强联,2025-09-25 13:56:51,40.36,8700,40.37,D
sz300850,新强联,2025-09-25 13:57:09,40.34,21300,40.35,D
sz300850,新强联,2025-09-25 13:57:12,40.34,12400,40.34,D
sz300850,新强联,2025-09-25 13:57:15,40.34,6500,40.34,U
sz300850,新强联,2025-09-25 13:57:51,40.35,5900,40.35,D
sz300850,新强联,2025-09-25 13:57:54,40.36,5097,40.35,U
sz300850,新强联,2025-09-25 13:57:57,40.36,5500,40.36,U
sz300850,新强联,2025-09-25 13:58:00,40.35,5600,40.36,D
sz300850,新强联,2025-09-25 13:58:06,40.37,6600,40.36,U
sz300850,新强联,2025-09-25 14:00:36,40.38,5400,40.38,E
sz300850,新强联,2025-09-25 14:00:39,40.45,32500,40.38,U
sz300850,新强联,2025-09-25 14:00:42,40.46,16500,40.45,U
sz300850,新强联,2025-09-25 14:00:54,40.49,6100,40.5,D
sz300850,新强联,2025-09-25 14:00:57,40.48,6000,40.49,D
sz300850,新强联,2025-09-25 14:01:03,40.49,5300,40.49,D
sz300850,新强联,2025-09-25 14:01:18,40.44,10400,40.47,D
sz300850,新强联,2025-09-25 14:01:33,40.42,5000,40.41,E
sz300850,新强联,2025-09-25 14:01:45,40.42,14400,40.42,D
sz300850,新强联,2025-09-25 14:02:00,40.42,5000,40.45,D
sz300850,新强联,2025-09-25 14:02:48,40.38,10300,40.44,D
sz300850,新强联,2025-09-25 14:03:06,40.35,12100,40.37,D
sz300850,新强联,2025-09-25 14:03:36,40.38,8100,40.37,U
sz300850,新强联,2025-09-25 14:04:12,40.39,5700,40.4,D
sz300850,新强联,2025-09-25 14:04:42,40.3,8400,40.32,D
sz300850,新强联,2025-09-25 14:05:18,40.27,12500,40.28,D
sz300850,新强联,2025-09-25 14:05:24,40.28,29400,40.27,U
sz300850,新强联,2025-09-25 14:05:27,40.27,14200,40.28,D
sz300850,新强联,2025-09-25 14:05:48,40.31,7100,40.31,D
sz300850,新强联,2025-09-25 14:06:21,40.31,6500,40.31,U
sz300850,新强联,2025-09-25 14:06:33,40.33,10200,40.33,U
sz300850,新强联,2025-09-25 14:07:03,40.27,26400,40.31,D
sz300850,新强联,2025-09-25 14:07:12,40.26,10300,40.26,U
sz300850,新强联,2025-09-25 14:08:06,40.22,6000,40.25,D
sz300850,新强联,2025-09-25 14:08:39,40.2,7000,40.23,D
sz300850,新强联,2025-09-25 14:08:54,40.22,5900,40.24,D
sz300850,新强联,2025-09-25 14:09:33,40.22,8600,40.24,D
sz300850,新强联,2025-09-25 14:09:42,40.24,5000,40.24,U
sz300850,新强联,2025-09-25 14:12:09,40.19,6500,40.17,U
sz300850,新强联,2025-09-25 14:12:42,40.22,5000,40.22,U
sz300850,新强联,2025-09-25 14:13:03,40.2,5800,40.22,D
sz300850,新强联,2025-09-25 14:13:15,40.24,5900,40.2,U
sz300850,新强联,2025-09-25 14:13:36,40.25,9917,40.26,D
sz300850,新强联,2025-09-25 14:13:54,40.19,15800,40.21,D
sz300850,新强联,2025-09-25 14:14:42,40.19,6900,40.18,U
sz300850,新强联,2025-09-25 14:14:54,40.16,5500,40.16,D
sz300850,新强联,2025-09-25 14:15:03,40.14,6700,40.14,U
sz300850,新强联,2025-09-25 14:15:06,40.13,9400,40.14,D
sz300850,新强联,2025-09-25 14:15:45,40.12,6300,40.12,D
sz300850,新强联,2025-09-25 14:16:24,40.1,10300,40.12,D
sz300850,新强联,2025-09-25 14:16:36,40.11,6500,40.11,U
sz300850,新强联,2025-09-25 14:17:15,40.06,21700,40.09,D
sz300850,新强联,2025-09-25 14:18:21,40.11,5000,40.1,U
sz300850,新强联,2025-09-25 14:18:24,40.1,5300,40.11,D
sz300850,新强联,2025-09-25 14:18:51,40.05,31900,40.11,D
sz300850,新强联,2025-09-25 14:19:33,40.06,5200,40.05,D
sz300850,新强联,2025-09-25 14:20:09,40.12,28021,40.09,U
sz300850,新强联,2025-09-25 14:20:12,40.17,6300,40.12,U
sz300850,新强联,2025-09-25 14:20:15,40.13,5900,40.17,E
sz300850,新强联,2025-09-25 14:21:00,40.17,8400,40.17,D
sz300850,新强联,2025-09-25 14:21:12,40.15,7100,40.15,D
sz300850,新强联,2025-09-25 14:22:24,40.2,7900,40.2,U
sz300850,新强联,2025-09-25 14:23:06,40.23,21500,40.25,E
sz300850,新强联,2025-09-25 14:23:18,40.23,5600,40.23,D
sz300850,新强联,2025-09-25 14:23:45,40.23,5800,40.23,U
sz300850,新强联,2025-09-25 14:24:09,40.22,11300,40.22,U
sz300850,新强联,2025-09-25 14:24:15,40.23,19100,40.23,D
sz300850,新强联,2025-09-25 14:24:27,40.2,15900,40.21,D
sz300850,新强联,2025-09-25 14:24:36,40.29,9183,40.25,U
sz300850,新强联,2025-09-25 14:24:45,40.33,5400,40.31,U
sz300850,新强联,2025-09-25 14:24:54,40.32,9400,40.34,D
sz300850,新强联,2025-09-25 14:24:57,40.32,7600,40.32,U
sz300850,新强联,2025-09-25 14:25:09,40.36,6500,40.34,U
sz300850,新强联,2025-09-25 14:25:12,40.37,9900,40.36,U
sz300850,新强联,2025-09-25 14:25:15,40.4,6700,40.37,U
sz300850,新强联,2025-09-25 14:25:21,40.41,7300,40.41,U
sz300850,新强联,2025-09-25 14:25:24,40.41,5600,40.41,U
sz300850,新强联,2025-09-25 14:25:30,40.42,18600,40.43,D
sz300850,新强联,2025-09-25 14:25:33,40.48,10600,40.42,U
sz300850,新强联,2025-09-25 14:25:42,40.43,33400,40.46,U
sz300850,新强联,2025-09-25 14:25:45,40.45,5100,40.43,E
sz300850,新强联,2025-09-25 14:26:03,40.57,37500,40.46,U
sz300850,新强联,2025-09-25 14:26:06,40.53,21600,40.57,E
sz300850,新强联,2025-09-25 14:26:09,40.61,8600,40.53,U
sz300850,新强联,2025-09-25 14:26:21,40.65,11500,40.65,U
sz300850,新强联,2025-09-25 14:26:24,40.75,105698,40.65,U
sz300850,新强联,2025-09-25 14:26:27,40.77,45384,40.75,U
sz300850,新强联,2025-09-25 14:26:33,40.77,13000,40.77,U
sz300850,新强联,2025-09-25 14:26:36,40.77,5500,40.77,U
sz300850,新强联,2025-09-25 14:26:39,40.77,6500,40.77,U
sz300850,新强联,2025-09-25 14:26:42,40.69,46900,40.77,D
sz300850,新强联,2025-09-25 14:26:45,40.75,5900,40.69,U
sz300850,新强联,2025-09-25 14:26:57,40.7,12500,40.68,U
sz300850,新强联,2025-09-25 14:27:00,40.68,28400,40.7,D
sz300850,新强联,2025-09-25 14:27:09,40.69,11400,40.68,D
sz300850,新强联,2025-09-25 14:27:12,40.69,8300,40.69,U
sz300850,新强联,2025-09-25 14:27:15,40.74,17300,40.69,U
sz300850,新强联,2025-09-25 14:27:33,40.67,19500,40.71,D
sz300850,新强联,2025-09-25 14:28:03,40.68,14300,40.67,U
sz300850,新强联,2025-09-25 14:28:06,40.68,18700,40.68,D
sz300850,新强联,2025-09-25 14:28:18,40.7,5100,40.73,E
sz300850,新强联,2025-09-25 14:28:27,40.7,5000,40.69,U
sz300850,新强联,2025-09-25 14:28:39,40.7,22900,40.68,U
sz300850,新强联,2025-09-25 14:28:42,40.71,6000,40.7,U
sz300850,新强联,2025-09-25 14:28:54,40.69,10000,40.71,D
sz300850,新强联,2025-09-25 14:29:06,40.63,19500,40.68,D
sz300850,新强联,2025-09-25 14:29:15,40.61,10800,40.64,D
sz300850,新强联,2025-09-25 14:29:18,40.62,6100,40.61,U
sz300850,新强联,2025-09-25 14:29:51,40.6,11000,40.58,U
sz300850,新强联,2025-09-25 14:30:27,40.58,16400,40.54,U
sz300850,新强联,2025-09-25 14:30:33,40.58,6470,40.58,U
sz300850,新强联,2025-09-25 14:30:45,40.6,7100,40.59,U
sz300850,新强联,2025-09-25 14:30:48,40.61,14400,40.6,U
sz300850,新强联,2025-09-25 14:30:51,40.64,11500,40.61,U
sz300850,新强联,2025-09-25 14:31:00,40.6,28930,40.63,D
sz300850,新强联,2025-09-25 14:31:21,40.51,7700,40.55,D
sz300850,新强联,2025-09-25 14:31:24,40.5,5900,40.51,D
sz300850,新强联,2025-09-25 14:31:42,40.45,7400,40.47,D
sz300850,新强联,2025-09-25 14:32:03,40.43,16000,40.45,D
sz300850,新强联,2025-09-25 14:32:09,40.43,6900,40.47,D
sz300850,新强联,2025-09-25 14:32:15,40.41,28200,40.43,D
sz300850,新强联,2025-09-25 14:32:18,40.42,25700,40.41,D
sz300850,新强联,2025-09-25 14:32:24,40.41,17200,40.42,D
sz300850,新强联,2025-09-25 14:32:33,40.41,14300,40.41,U
sz300850,新强联,2025-09-25 14:32:57,40.4,8400,40.4,D
sz300850,新强联,2025-09-25 14:33:54,40.37,8600,40.39,D
sz300850,新强联,2025-09-25 14:33:57,40.36,23200,40.37,D
sz300850,新强联,2025-09-25 14:34:00,40.36,8300,40.36,D
sz300850,新强联,2025-09-25 14:34:03,40.38,8800,40.36,U
sz300850,新强联,2025-09-25 14:34:30,40.45,5600,40.43,U
sz300850,新强联,2025-09-25 14:34:36,40.45,5600,40.47,D
sz300850,新强联,2025-09-25 14:35:06,40.37,6353,40.39,D
sz300850,新强联,2025-09-25 14:35:33,40.43,16100,40.39,U
sz300850,新强联,2025-09-25 14:35:36,40.39,5200,40.43,D
sz300850,新强联,2025-09-25 14:35:57,40.41,6600,40.41,U
sz300850,新强联,2025-09-25 14:36:06,40.37,5800,40.39,D
sz300850,新强联,2025-09-25 14:36:09,40.36,13700,40.37,D
sz300850,新强联,2025-09-25 14:36:33,40.37,14100,40.36,U
sz300850,新强联,2025-09-25 14:36:57,40.35,19500,40.37,D
sz300850,新强联,2025-09-25 14:37:03,40.35,21400,40.33,U
sz300850,新强联,2025-09-25 14:37:27,40.34,5300,40.34,D
sz300850,新强联,2025-09-25 14:37:33,40.34,11300,40.35,D
sz300850,新强联,2025-09-25 14:37:54,40.34,15100,40.35,D
sz300850,新强联,2025-09-25 14:38:27,40.33,5300,40.32,U
sz300850,新强联,2025-09-25 14:38:42,40.34,5800,40.34,U
sz300850,新强联,2025-09-25 14:39:06,40.4,7900,40.36,U
sz300850,新强联,2025-09-25 14:39:12,40.39,5200,40.4,D
sz300850,新强联,2025-09-25 14:39:27,40.36,12000,40.37,D
sz300850,新强联,2025-09-25 14:39:30,40.36,10900,40.36,D
sz300850,新强联,2025-09-25 14:39:33,40.35,35700,40.36,D
sz300850,新强联,2025-09-25 14:39:36,40.36,5200,40.35,U
sz300850,新强联,2025-09-25 14:40:03,40.35,8300,40.33,U
sz300850,新强联,2025-09-25 14:40:09,40.33,6500,40.36,D
sz300850,新强联,2025-09-25 14:40:24,40.35,5400,40.36,U
sz300850,新强联,2025-09-25 14:40:27,40.33,7300,40.35,D
sz300850,新强联,2025-09-25 14:40:39,40.35,11100,40.32,U
sz300850,新强联,2025-09-25 14:40:45,40.35,10500,40.34,U
sz300850,新强联,2025-09-25 14:40:48,40.34,6300,40.35,D
sz300850,新强联,2025-09-25 14:40:51,40.34,5700,40.34,D
sz300850,新强联,2025-09-25 14:40:54,40.32,5900,40.34,D
sz300850,新强联,2025-09-25 14:41:09,40.34,16300,40.33,U
sz300850,新强联,2025-09-25 14:41:36,40.34,6700,40.34,U
sz300850,新强联,2025-09-25 14:41:39,40.33,23600,40.34,D
sz300850,新强联,2025-09-25 14:41:51,40.33,10700,40.34,D
sz300850,新强联,2025-09-25 14:41:54,40.34,5400,40.33,D
sz300850,新强联,2025-09-25 14:42:00,40.34,11090,40.34,U
sz300850,新强联,2025-09-25 14:42:03,40.34,8700,40.34,U
sz300850,新强联,2025-09-25 14:42:06,40.33,8500,40.34,E
sz300850,新强联,2025-09-25 14:42:09,40.25,100510,40.33,D
sz300850,新强联,2025-09-25 14:43:06,40.3,7037,40.29,U
sz300850,新强联,2025-09-25 14:43:57,40.33,9800,40.32,U
sz300850,新强联,2025-09-25 14:44:06,40.34,12400,40.33,U
sz300850,新强联,2025-09-25 14:44:09,40.33,6100,40.34,E
sz300850,新强联,2025-09-25 14:44:27,40.33,9500,40.33,D
sz300850,新强联,2025-09-25 14:44:33,40.34,14400,40.34,U
sz300850,新强联,2025-09-25 14:44:36,40.35,10100,40.34,U
sz300850,新强联,2025-09-25 14:44:51,40.35,29563,40.35,U
sz300850,新强联,2025-09-25 14:45:00,40.35,8000,40.37,D
sz300850,新强联,2025-09-25 14:45:06,40.34,7037,40.33,E
sz300850,新强联,2025-09-25 14:45:09,40.34,10400,40.34,U
sz300850,新强联,2025-09-25 14:45:12,40.31,56000,40.34,D
sz300850,新强联,2025-09-25 14:45:15,40.31,5390,40.31,U
sz300850,新强联,2025-09-25 14:45:18,40.31,13900,40.31,U
sz300850,新强联,2025-09-25 14:45:39,40.3,6400,40.3,D
sz300850,新强联,2025-09-25 14:45:42,40.29,8500,40.3,D
sz300850,新强联,2025-09-25 14:45:57,40.28,7400,40.29,D
sz300850,新强联,2025-09-25 14:46:00,40.27,26273,40.28,D
sz300850,新强联,2025-09-25 14:46:09,40.27,6700,40.27,U
sz300850,新强联,2025-09-25 14:46:24,40.25,7000,40.27,D
sz300850,新强联,2025-09-25 14:46:27,40.25,5200,40.25,U
sz300850,新强联,2025-09-25 14:46:42,40.25,17100,40.26,D
sz300850,新强联,2025-09-25 14:46:51,40.26,10600,40.26,U
sz300850,新强联,2025-09-25 14:47:06,40.27,5888,40.25,U
sz300850,新强联,2025-09-25 14:47:21,40.26,8800,40.26,U
sz300850,新强联,2025-09-25 14:47:27,40.25,5400,40.26,D
sz300850,新强联,2025-09-25 14:47:30,40.25,8000,40.25,D
sz300850,新强联,2025-09-25 14:47:33,40.23,6100,40.25,D
sz300850,新强联,2025-09-25 14:47:36,40.22,6300,40.23,D
sz300850,新强联,2025-09-25 14:47:39,40.21,18600,40.22,D
sz300850,新强联,2025-09-25 14:47:54,40.26,9400,40.25,U
sz300850,新强联,2025-09-25 14:48:06,40.24,9600,40.26,D
sz300850,新强联,2025-09-25 14:48:09,40.22,33300,40.24,D
sz300850,新强联,2025-09-25 14:48:12,40.18,59900,40.22,D
sz300850,新强联,2025-09-25 14:48:15,40.17,7900,40.18,D
sz300850,新强联,2025-09-25 14:48:48,40.22,5800,40.22,D
sz300850,新强联,2025-09-25 14:49:03,40.24,24000,40.21,U
sz300850,新强联,2025-09-25 14:49:06,40.24,13300,40.24,U
sz300850,新强联,2025-09-25 14:49:15,40.24,5600,40.24,D
sz300850,新强联,2025-09-25 14:49:18,40.25,20400,40.24,U
sz300850,新强联,2025-09-25 14:49:27,40.23,6800,40.24,D
sz300850,新强联,2025-09-25 14:49:30,40.22,10400,40.23,D
sz300850,新强联,2025-09-25 14:49:36,40.23,6800,40.23,D
sz300850,新强联,2025-09-25 14:49:45,40.24,9400,40.23,U
sz300850,新强联,2025-09-25 14:49:51,40.23,14000,40.23,D
sz300850,新强联,2025-09-25 14:49:57,40.22,12900,40.22,U
sz300850,新强联,2025-09-25 14:50:03,40.2,11300,40.22,D
sz300850,新强联,2025-09-25 14:50:09,40.2,14500,40.21,D
sz300850,新强联,2025-09-25 14:50:21,40.2,9500,40.21,D
sz300850,新强联,2025-09-25 14:50:24,40.21,18800,40.2,U
sz300850,新强联,2025-09-25 14:50:27,40.23,20500,40.21,U
sz300850,新强联,2025-09-25 14:50:33,40.22,5600,40.23,E
sz300850,新强联,2025-09-25 14:50:39,40.19,17700,40.21,D
sz300850,新强联,2025-09-25 14:50:42,40.18,26700,40.19,D
sz300850,新强联,2025-09-25 14:50:48,40.19,11400,40.17,U
sz300850,新强联,2025-09-25 14:51:00,40.17,27600,40.19,D
sz300850,新强联,2025-09-25 14:51:03,40.15,36500,40.17,D
sz300850,新强联,2025-09-25 14:51:06,40.13,5400,40.15,D
sz300850,新强联,2025-09-25 14:51:09,40.15,13000,40.13,U
sz300850,新强联,2025-09-25 14:51:12,40.14,7700,40.15,D
sz300850,新强联,2025-09-25 14:51:15,40.15,7400,40.14,U
sz300850,新强联,2025-09-25 14:51:21,40.15,5800,40.15,E
sz300850,新强联,2025-09-25 14:51:27,40.14,10900,40.14,U
sz300850,新强联,2025-09-25 14:51:30,40.13,10900,40.14,D
sz300850,新强联,2025-09-25 14:51:33,40.14,8100,40.13,D
sz300850,新强联,2025-09-25 14:51:36,40.11,9800,40.14,D
sz300850,新强联,2025-09-25 14:51:39,40.14,15900,40.11,U
sz300850,新强联,2025-09-25 14:51:45,40.11,17500,40.13,D
sz300850,新强联,2025-09-25 14:51:48,40.1,19600,40.11,E
sz300850,新强联,2025-09-25 14:51:51,40.12,6300,40.1,U
sz300850,新强联,2025-09-25 14:51:54,40.13,6700,40.12,U
sz300850,新强联,2025-09-25 14:52:03,40.13,26900,40.13,D
sz300850,新强联,2025-09-25 14:52:06,40.15,17100,40.13,U
sz300850,新强联,2025-09-25 14:52:09,40.15,19100,40.15,U
sz300850,新强联,2025-09-25 14:52:12,40.14,5500,40.15,D
sz300850,新强联,2025-09-25 14:52:15,40.16,5700,40.14,E
sz300850,新强联,2025-09-25 14:52:18,40.16,8100,40.16,D
sz300850,新强联,2025-09-25 14:52:24,40.16,9500,40.15,U
sz300850,新强联,2025-09-25 14:52:30,40.15,11500,40.16,D
sz300850,新强联,2025-09-25 14:52:33,40.16,13400,40.15,U
sz300850,新强联,2025-09-25 14:52:36,40.15,5400,40.16,D
sz300850,新强联,2025-09-25 14:52:39,40.16,9100,40.15,U
sz300850,新强联,2025-09-25 14:52:45,40.17,8100,40.16,U
sz300850,新强联,2025-09-25 14:52:48,40.18,12234,40.17,U
sz300850,新强联,2025-09-25 14:52:51,40.17,7800,40.18,D
sz300850,新强联,2025-09-25 14:52:54,40.2,6600,40.17,U
sz300850,新强联,2025-09-25 14:53:03,40.17,5000,40.17,U
sz300850,新强联,2025-09-25 14:53:06,40.16,25634,40.17,D
sz300850,新强联,2025-09-25 14:53:09,40.17,5500,40.16,U
sz300850,新强联,2025-09-25 14:53:12,40.14,16566,40.17,D
sz300850,新强联,2025-09-25 14:53:15,40.17,19800,40.14,U
sz300850,新强联,2025-09-25 14:53:30,40.18,25934,40.15,U
sz300850,新强联,2025-09-25 14:53:54,40.16,6100,40.16,D
sz300850,新强联,2025-09-25 14:53:57,40.16,11400,40.16,E
sz300850,新强联,2025-09-25 14:54:06,40.13,39500,40.17,D
sz300850,新强联,2025-09-25 14:54:09,40.11,10000,40.13,E
sz300850,新强联,2025-09-25 14:54:15,40.11,9280,40.1,D
sz300850,新强联,2025-09-25 14:54:27,40.11,9300,40.11,D
sz300850,新强联,2025-09-25 14:54:39,40.14,23000,40.13,U
sz300850,新强联,2025-09-25 14:54:42,40.13,12500,40.14,D
sz300850,新强联,2025-09-25 14:54:54,40.18,15300,40.17,U
sz300850,新强联,2025-09-25 14:55:00,40.2,10300,40.17,U
sz300850,新强联,2025-09-25 14:55:03,40.19,9900,40.2,D
sz300850,新强联,2025-09-25 14:55:06,40.21,14400,40.19,U
sz300850,新强联,2025-09-25 14:55:12,40.23,13900,40.24,E
sz300850,新强联,2025-09-25 14:55:30,40.23,15900,40.21,U
sz300850,新强联,2025-09-25 14:55:33,40.23,20100,40.23,U
sz300850,新强联,2025-09-25 14:55:36,40.21,8500,40.23,E
sz300850,新强联,2025-09-25 14:55:42,40.22,11400,40.21,U
sz300850,新强联,2025-09-25 14:55:48,40.21,19400,40.21,D
sz300850,新强联,2025-09-25 14:55:51,40.21,18200,40.21,U
sz300850,新强联,2025-09-25 14:55:54,40.2,10200,40.21,E
sz300850,新强联,2025-09-25 14:56:03,40.19,28200,40.18,U
sz300850,新强联,2025-09-25 14:56:06,40.19,64000,40.19,U
sz300850,新强联,2025-09-25 14:56:18,40.19,5900,40.2,E
sz300850,新强联,2025-09-25 14:56:21,40.2,8100,40.19,U
sz300850,新强联,2025-09-25 14:56:24,40.21,29000,40.2,U
sz300850,新强联,2025-09-25 14:56:27,40.2,10500,40.21,D
sz300850,新强联,2025-09-25 14:56:36,40.21,29134,40.2,U
sz300850,新强联,2025-09-25 14:56:39,40.21,11700,40.21,D
sz300850,新强联,2025-09-25 14:56:42,40.21,5600,40.21,D
sz300850,新强联,2025-09-25 14:56:48,40.24,5400,40.25,E
sz300850,新强联,2025-09-25 14:56:51,40.23,7100,40.24,D
sz300850,新强联,2025-09-25 14:56:57,40.25,11700,40.23,U
sz300850,新强联,2025-09-25 15:00:00,40.25,247300,40.24,U
