symbol,name,ticktime,price,volume,prev_price,kind
sz300850,新强联,2025-10-14 09:25:00,45.05,117000,0.0,D
sz300850,新强联,2025-10-14 09:30:00,45.13,134700,45.05,E
sz300850,新强联,2025-10-14 09:30:03,45.21,104000,45.13,U
sz300850,新强联,2025-10-14 09:30:06,45.05,98900,45.21,D
sz300850,新强联,2025-10-14 09:30:09,45.03,37400,45.05,E
sz300850,新强联,2025-10-14 09:30:12,44.9,9700,45.03,D
sz300850,新强联,2025-10-14 09:30:15,44.81,14400,44.9,D
sz300850,新强联,2025-10-14 09:30:18,44.71,14900,44.81,D
sz300850,新强联,2025-10-14 09:30:21,44.69,18300,44.71,D
sz300850,新强联,2025-10-14 09:30:24,44.65,15800,44.69,D
sz300850,新强联,2025-10-14 09:30:27,44.6,9400,44.65,D
sz300850,新强联,2025-10-14 09:30:30,44.51,7900,44.6,D
sz300850,新强联,2025-10-14 09:30:33,44.51,21700,44.51,D
sz300850,新强联,2025-10-14 09:30:36,44.5,17400,44.51,D
sz300850,新强联,2025-10-14 09:30:39,44.46,24400,44.5,D
sz300850,新强联,2025-10-14 09:30:42,44.4,41100,44.46,D
sz300850,新强联,2025-10-14 09:30:45,44.3,29100,44.4,D
sz300850,新强联,2025-10-14 09:30:48,44.3,16200,44.3,U
sz300850,新强联,2025-10-14 09:30:51,44.38,67600,44.3,U
sz300850,新强联,2025-10-14 09:30:54,44.38,30600,44.38,U
sz300850,新强联,2025-10-14 09:30:57,44.25,33300,44.38,D
sz300850,新强联,2025-10-14 09:31:00,44.3,23800,44.25,U
sz300850,新强联,2025-10-14 09:31:03,44.28,27000,44.3,D
sz300850,新强联,2025-10-14 09:31:06,44.3,27762,44.28,U
sz300850,新强联,2025-10-14 09:31:09,44.31,20400,44.3,E
sz300850,新强联,2025-10-14 09:31:12,44.35,21800,44.31,U
sz300850,新强联,2025-10-14 09:31:15,44.54,79700,44.35,U
sz300850,新强联,2025-10-14 09:31:18,44.53,92300,44.54,D
sz300850,新强联,2025-10-14 09:31:21,44.73,25800,44.53,U
sz300850,新强联,2025-10-14 09:31:24,44.75,22000,44.73,U
sz300850,新强联,2025-10-14 09:31:27,44.78,8100,44.75,U
sz300850,新强联,2025-10-14 09:31:30,44.72,13400,44.78,D
sz300850,新强联,2025-10-14 09:31:33,44.61,31700,44.72,D
sz300850,新强联,2025-10-14 09:31:36,44.76,38900,44.61,U
sz300850,新强联,2025-10-14 09:31:39,44.91,57900,44.76,U
sz300850,新强联,2025-10-14 09:31:42,45.01,20900,44.91,U
sz300850,新强联,2025-10-14 09:31:45,44.75,61400,45.01,D
sz300850,新强联,2025-10-14 09:31:48,44.86,15300,44.75,U
sz300850,新强联,2025-10-14 09:31:51,44.85,13000,44.86,U
sz300850,新强联,2025-10-14 09:31:57,44.85,17200,44.85,D
sz300850,新强联,2025-10-14 09:32:00,44.79,24100,44.85,D
sz300850,新强联,2025-10-14 09:32:03,44.73,46900,44.79,D
sz300850,新强联,2025-10-14 09:32:06,44.74,13000,44.73,E
sz300850,新强联,2025-10-14 09:32:09,44.73,16700,44.74,D
sz300850,新强联,2025-10-14 09:32:12,44.73,19900,44.73,U
sz300850,新强联,2025-10-14 09:32:15,44.81,23300,44.73,U
sz300850,新强联,2025-10-14 09:32:18,44.72,128500,44.81,D
sz300850,新强联,2025-10-14 09:32:21,44.85,120500,44.72,U
sz300850,新强联,2025-10-14 09:32:24,44.94,5900,44.85,U
sz300850,新强联,2025-10-14 09:32:30,45.01,14800,44.92,E
sz300850,新强联,2025-10-14 09:32:36,45.01,4800,45.0,D
sz300850,新强联,2025-10-14 09:32:39,45.08,10500,45.01,U
sz300850,新强联,2025-10-14 09:32:45,45.25,20400,45.09,U
sz300850,新强联,2025-10-14 09:32:48,45.38,8900,45.25,U
sz300850,新强联,2025-10-14 09:32:51,45.38,14400,45.38,U
sz300850,新强联,2025-10-14 09:32:54,45.42,10400,45.38,U
sz300850,新强联,2025-10-14 09:32:57,45.35,16000,45.42,D
sz300850,新强联,2025-10-14 09:33:00,45.27,10900,45.35,D
sz300850,新强联,2025-10-14 09:33:03,45.34,6600,45.27,U
sz300850,新强联,2025-10-14 09:33:06,45.34,14300,45.34,U
sz300850,新强联,2025-10-14 09:33:09,45.32,8800,45.34,U
sz300850,新强联,2025-10-14 09:33:12,45.34,7600,45.32,U
sz300850,新强联,2025-10-14 09:33:15,45.29,10600,45.34,E
sz300850,新强联,2025-10-14 09:33:18,45.28,26000,45.29,E
sz300850,新强联,2025-10-14 09:33:21,45.35,15100,45.28,U
sz300850,新强联,2025-10-14 09:33:24,45.29,10600,45.35,D
sz300850,新强联,2025-10-14 09:33:27,45.3,21900,45.29,U
sz300850,新强联,2025-10-14 09:33:30,45.21,29300,45.3,D
sz300850,新强联,2025-10-14 09:33:33,45.28,11700,45.21,U
sz300850,新强联,2025-10-14 09:33:36,45.28,15100,45.28,D
sz300850,新强联,2025-10-14 09:33:45,45.35,10300,45.36,E
sz300850,新强联,2025-10-14 09:33:48,45.35,12700,45.35,D
sz300850,新强联,2025-10-14 09:33:51,45.36,22800,45.35,E
sz300850,新强联,2025-10-14 09:33:54,45.38,18100,45.36,U
sz300850,新强联,2025-10-14 09:33:57,45.38,12100,45.38,U
sz300850,新强联,2025-10-14 09:34:00,45.3,25500,45.38,D
sz300850,新强联,2025-10-14 09:34:03,45.3,12500,45.3,U
sz300850,新强联,2025-10-14 09:34:06,45.3,5900,45.3,U
sz300850,新强联,2025-10-14 09:34:09,45.29,60900,45.3,E
sz300850,新强联,2025-10-14 09:34:12,45.45,13900,45.29,U
sz300850,新强联,2025-10-14 09:34:15,45.3,14300,45.45,D
sz300850,新强联,2025-10-14 09:34:18,45.38,6800,45.3,D
sz300850,新强联,2025-10-14 09:34:21,45.46,38700,45.38,E
sz300850,新强联,2025-10-14 09:34:24,45.49,38700,45.46,U
sz300850,新强联,2025-10-14 09:34:27,45.54,14200,45.49,U
sz300850,新强联,2025-10-14 09:34:30,45.54,4800,45.54,U
sz300850,新强联,2025-10-14 09:34:33,45.41,11800,45.54,D
sz300850,新强联,2025-10-14 09:34:36,45.41,23300,45.41,D
sz300850,新强联,2025-10-14 09:34:39,45.43,18300,45.41,U
sz300850,新强联,2025-10-14 09:34:42,45.52,23800,45.43,U
sz300850,新强联,2025-10-14 09:34:45,45.57,25900,45.52,U
sz300850,新强联,2025-10-14 09:34:48,45.6,16800,45.57,E
sz300850,新强联,2025-10-14 09:34:51,45.65,32200,45.6,D
sz300850,新强联,2025-10-14 09:34:54,45.65,16700,45.65,U
sz300850,新强联,2025-10-14 09:34:57,45.75,14200,45.65,U
sz300850,新强联,2025-10-14 09:35:00,45.79,11900,45.75,E
sz300850,新强联,2025-10-14 09:35:03,45.84,33200,45.79,U
sz300850,新强联,2025-10-14 09:35:06,45.89,14700,45.84,U
sz300850,新强联,2025-10-14 09:35:09,45.9,17200,45.89,E
sz300850,新强联,2025-10-14 09:35:12,45.97,36700,45.9,E
sz300850,新强联,2025-10-14 09:35:15,45.98,38300,45.97,U
sz300850,新强联,2025-10-14 09:35:18,45.89,17600,45.98,D
sz300850,新强联,2025-10-14 09:35:21,45.79,17200,45.89,D
sz300850,新强联,2025-10-14 09:35:24,45.86,13000,45.79,U
sz300850,新强联,2025-10-14 09:35:27,45.86,4700,45.86,D
sz300850,新强联,2025-10-14 09:35:30,45.85,26400,45.86,D
sz300850,新强联,2025-10-14 09:35:33,45.86,18600,45.85,U
sz300850,新强联,2025-10-14 09:35:36,45.84,9900,45.86,E
sz300850,新强联,2025-10-14 09:35:39,45.84,10100,45.84,U
sz300850,新强联,2025-10-14 09:35:42,45.85,30500,45.84,U
sz300850,新强联,2025-10-14 09:35:45,45.85,18000,45.85,U
sz300850,新强联,2025-10-14 09:35:48,45.87,14200,45.85,U
sz300850,新强联,2025-10-14 09:35:51,45.87,6300,45.87,D
sz300850,新强联,2025-10-14 09:35:54,45.9,8600,45.87,U
sz300850,新强联,2025-10-14 09:35:57,45.9,47000,45.9,U
sz300850,新强联,2025-10-14 09:36:00,45.88,17000,45.9,D
sz300850,新强联,2025-10-14 09:36:03,45.9,35300,45.88,E
sz300850,新强联,2025-10-14 09:36:06,45.94,5900,45.9,U
sz300850,新强联,2025-10-14 09:36:12,45.9,19100,45.86,U
sz300850,新强联,2025-10-14 09:36:15,45.93,30900,45.9,E
sz300850,新强联,2025-10-14 09:36:18,45.94,5500,45.93,U
sz300850,新强联,2025-10-14 09:36:21,45.96,15100,45.94,U
sz300850,新强联,2025-10-14 09:36:24,45.93,34200,45.96,D
sz300850,新强联,2025-10-14 09:36:27,45.96,33100,45.93,U
sz300850,新强联,2025-10-14 09:36:30,45.94,9500,45.96,U
sz300850,新强联,2025-10-14 09:36:33,45.95,9200,45.94,U
sz300850,新强联,2025-10-14 09:36:36,46.06,83500,45.95,U
sz300850,新强联,2025-10-14 09:36:39,46.14,36900,46.06,U
sz300850,新强联,2025-10-14 09:36:42,46.14,10900,46.14,U
sz300850,新强联,2025-10-14 09:36:45,46.15,36000,46.14,E
sz300850,新强联,2025-10-14 09:36:48,46.15,16800,46.15,U
sz300850,新强联,2025-10-14 09:36:51,46.16,45684,46.15,U
sz300850,新强联,2025-10-14 09:36:54,46.1,17500,46.16,U
sz300850,新强联,2025-10-14 09:36:57,46.15,13800,46.1,U
sz300850,新强联,2025-10-14 09:37:00,46.09,5416,46.15,E
sz300850,新强联,2025-10-14 09:37:03,46.14,28600,46.09,U
sz300850,新强联,2025-10-14 09:37:06,46.01,11600,46.14,D
sz300850,新强联,2025-10-14 09:37:09,46.08,15900,46.01,U
sz300850,新强联,2025-10-14 09:37:12,46.11,34300,46.08,U
sz300850,新强联,2025-10-14 09:37:15,46.26,137400,46.11,U
sz300850,新强联,2025-10-14 09:37:18,46.34,34000,46.26,U
sz300850,新强联,2025-10-14 09:37:21,46.32,20900,46.34,D
sz300850,新强联,2025-10-14 09:37:24,46.32,23400,46.32,U
sz300850,新强联,2025-10-14 09:37:27,46.32,28900,46.32,E
sz300850,新强联,2025-10-14 09:37:30,46.3,40600,46.32,E
sz300850,新强联,2025-10-14 09:37:33,46.3,19000,46.3,U
sz300850,新强联,2025-10-14 09:37:36,46.3,50800,46.3,U
sz300850,新强联,2025-10-14 09:37:39,46.28,34600,46.3,U
sz300850,新强联,2025-10-14 09:37:42,46.27,20700,46.28,U
sz300850,新强联,2025-10-14 09:37:45,46.24,20800,46.27,U
sz300850,新强联,2025-10-14 09:37:48,46.28,14300,46.24,U
sz300850,新强联,2025-10-14 09:37:51,46.25,11800,46.28,D
sz300850,新强联,2025-10-14 09:37:54,46.28,18300,46.25,U
sz300850,新强联,2025-10-14 09:37:57,46.17,10700,46.28,D
sz300850,新强联,2025-10-14 09:38:03,46.17,17000,46.17,D
sz300850,新强联,2025-10-14 09:38:06,46.17,7200,46.17,U
sz300850,新强联,2025-10-14 09:38:09,46.14,14900,46.17,D
sz300850,新强联,2025-10-14 09:38:12,46.14,11200,46.14,D
sz300850,新强联,2025-10-14 09:38:15,46.08,25600,46.14,D
sz300850,新强联,2025-10-14 09:38:18,46.0,13100,46.08,D
sz300850,新强联,2025-10-14 09:38:21,45.95,12000,46.0,D
sz300850,新强联,2025-10-14 09:38:24,45.95,16300,45.95,D
sz300850,新强联,2025-10-14 09:38:27,46.1,31000,45.95,U
sz300850,新强联,2025-10-14 09:38:30,46.1,8700,46.1,U
sz300850,新强联,2025-10-14 09:38:33,46.14,41600,46.1,U
sz300850,新强联,2025-10-14 09:38:36,46.15,8800,46.14,U
sz300850,新强联,2025-10-14 09:38:39,46.2,15400,46.15,U
sz300850,新强联,2025-10-14 09:38:42,46.35,121300,46.2,U
sz300850,新强联,2025-10-14 09:38:48,46.48,18200,46.4,U
sz300850,新强联,2025-10-14 09:38:54,46.51,71400,46.49,U
sz300850,新强联,2025-10-14 09:38:57,46.43,42400,46.51,D
sz300850,新强联,2025-10-14 09:39:00,46.4,33400,46.43,D
sz300850,新强联,2025-10-14 09:39:03,46.45,20400,46.4,E
sz300850,新强联,2025-10-14 09:39:06,46.41,31700,46.45,E
sz300850,新强联,2025-10-14 09:39:09,46.4,22900,46.41,D
sz300850,新强联,2025-10-14 09:39:12,46.41,10200,46.4,E
sz300850,新强联,2025-10-14 09:39:15,46.28,13300,46.41,D
sz300850,新强联,2025-10-14 09:39:18,46.4,12000,46.28,U
sz300850,新强联,2025-10-14 09:39:24,46.21,26500,46.29,D
sz300850,新强联,2025-10-14 09:39:27,46.22,17000,46.21,E
sz300850,新强联,2025-10-14 09:39:30,46.21,11100,46.22,D
sz300850,新强联,2025-10-14 09:39:33,46.15,5900,46.21,D
sz300850,新强联,2025-10-14 09:39:36,46.16,23800,46.15,D
sz300850,新强联,2025-10-14 09:39:39,46.15,7400,46.16,E
sz300850,新强联,2025-10-14 09:39:42,46.1,27500,46.15,D
sz300850,新强联,2025-10-14 09:39:45,46.2,23800,46.1,U
sz300850,新强联,2025-10-14 09:39:48,46.15,15900,46.2,U
sz300850,新强联,2025-10-14 09:39:54,46.05,7500,46.1,D
sz300850,新强联,2025-10-14 09:39:57,46.02,26000,46.05,D
sz300850,新强联,2025-10-14 09:40:00,45.99,20200,46.02,D
sz300850,新强联,2025-10-14 09:40:03,45.94,8200,45.99,D
sz300850,新强联,2025-10-14 09:40:09,45.94,33200,45.94,D
sz300850,新强联,2025-10-14 09:40:21,45.97,19900,45.94,E
sz300850,新强联,2025-10-14 09:40:24,46.07,18500,45.97,U
sz300850,新强联,2025-10-14 09:40:30,46.05,6900,46.1,D
sz300850,新强联,2025-10-14 09:40:33,46.14,25500,46.05,E
sz300850,新强联,2025-10-14 09:40:36,46.14,7900,46.14,D
sz300850,新强联,2025-10-14 09:40:42,46.29,8800,46.3,U
sz300850,新强联,2025-10-14 09:40:48,46.3,17700,46.19,U
sz300850,新强联,2025-10-14 09:40:51,46.29,4500,46.3,E
sz300850,新强联,2025-10-14 09:40:54,46.23,15300,46.29,E
sz300850,新强联,2025-10-14 09:41:00,46.36,46800,46.21,U
sz300850,新强联,2025-10-14 09:41:03,46.52,99364,46.36,U
sz300850,新强联,2025-10-14 09:41:06,46.52,41500,46.52,D
sz300850,新强联,2025-10-14 09:41:09,46.58,45700,46.52,U
sz300850,新强联,2025-10-14 09:41:12,46.66,26800,46.58,U
sz300850,新强联,2025-10-14 09:41:15,46.66,34700,46.66,D
sz300850,新强联,2025-10-14 09:41:18,46.73,10200,46.66,E
sz300850,新强联,2025-10-14 09:41:21,46.66,78900,46.73,E
sz300850,新强联,2025-10-14 09:41:24,46.72,17600,46.66,U
sz300850,新强联,2025-10-14 09:41:27,46.75,50600,46.72,U
sz300850,新强联,2025-10-14 09:41:30,46.8,23900,46.75,U
sz300850,新强联,2025-10-14 09:41:33,46.82,42400,46.8,U
sz300850,新强联,2025-10-14 09:41:36,46.88,6000,46.82,U
sz300850,新强联,2025-10-14 09:41:39,46.89,54900,46.88,U
sz300850,新强联,2025-10-14 09:41:42,46.8,32500,46.89,E
sz300850,新强联,2025-10-14 09:41:45,46.82,21500,46.8,U
sz300850,新强联,2025-10-14 09:41:48,46.8,15800,46.82,D
sz300850,新强联,2025-10-14 09:41:51,46.87,14400,46.8,U
sz300850,新强联,2025-10-14 09:41:54,46.78,12300,46.87,D
sz300850,新强联,2025-10-14 09:41:57,46.74,34500,46.78,D
sz300850,新强联,2025-10-14 09:42:00,46.66,10700,46.74,D
sz300850,新强联,2025-10-14 09:42:03,46.73,7300,46.66,U
sz300850,新强联,2025-10-14 09:42:06,46.72,13100,46.73,E
sz300850,新强联,2025-10-14 09:42:09,46.61,9600,46.72,D
sz300850,新强联,2025-10-14 09:42:12,46.61,7800,46.61,U
sz300850,新强联,2025-10-14 09:42:15,46.61,15400,46.61,U
sz300850,新强联,2025-10-14 09:42:18,46.54,5700,46.61,E
sz300850,新强联,2025-10-14 09:42:21,46.31,12500,46.54,D
sz300850,新强联,2025-10-14 09:42:24,46.34,47800,46.31,E
sz300850,新强联,2025-10-14 09:42:27,46.36,18700,46.34,E
sz300850,新强联,2025-10-14 09:42:30,46.35,28500,46.36,D
sz300850,新强联,2025-10-14 09:42:33,46.41,7500,46.35,E
sz300850,新强联,2025-10-14 09:42:36,46.34,17800,46.41,D
sz300850,新强联,2025-10-14 09:42:39,46.41,19500,46.34,U
sz300850,新强联,2025-10-14 09:42:42,46.35,14400,46.41,D
sz300850,新强联,2025-10-14 09:42:45,46.49,9700,46.35,U
sz300850,新强联,2025-10-14 09:42:51,46.42,31100,46.41,E
sz300850,新强联,2025-10-14 09:42:54,46.42,5200,46.42,U
sz300850,新强联,2025-10-14 09:42:57,46.43,9600,46.42,U
sz300850,新强联,2025-10-14 09:43:00,46.41,5300,46.43,D
sz300850,新强联,2025-10-14 09:43:03,46.32,19200,46.41,D
sz300850,新强联,2025-10-14 09:43:06,46.26,20200,46.32,D
sz300850,新强联,2025-10-14 09:43:09,46.34,16100,46.26,U
sz300850,新强联,2025-10-14 09:43:12,46.19,18100,46.34,D
sz300850,新强联,2025-10-14 09:43:21,46.17,5600,46.17,U
sz300850,新强联,2025-10-14 09:43:24,46.14,11900,46.17,E
sz300850,新强联,2025-10-14 09:43:27,46.15,50700,46.14,U
sz300850,新强联,2025-10-14 09:43:30,46.15,9400,46.15,D
sz300850,新强联,2025-10-14 09:43:33,46.14,9700,46.15,D
sz300850,新强联,2025-10-14 09:43:36,46.18,6500,46.14,U
sz300850,新强联,2025-10-14 09:43:39,46.2,5100,46.18,U
sz300850,新强联,2025-10-14 09:43:48,46.3,19000,46.2,U
sz300850,新强联,2025-10-14 09:43:57,46.28,4800,46.22,U
sz300850,新强联,2025-10-14 09:44:03,46.3,9200,46.23,U
sz300850,新强联,2025-10-14 09:44:06,46.28,6600,46.3,D
sz300850,新强联,2025-10-14 09:44:09,46.3,37400,46.28,U
sz300850,新强联,2025-10-14 09:44:12,46.28,75500,46.3,D
sz300850,新强联,2025-10-14 09:44:15,46.3,5500,46.28,U
sz300850,新强联,2025-10-14 09:44:18,46.36,16600,46.3,E
sz300850,新强联,2025-10-14 09:44:24,46.3,11900,46.37,D
sz300850,新强联,2025-10-14 09:44:27,46.23,25400,46.3,D
sz300850,新强联,2025-10-14 09:44:36,46.22,9200,46.35,D
sz300850,新强联,2025-10-14 09:44:39,46.23,6700,46.22,U
sz300850,新强联,2025-10-14 09:44:42,46.22,5200,46.23,D
sz300850,新强联,2025-10-14 09:44:45,46.14,29400,46.22,D
sz300850,新强联,2025-10-14 09:44:48,46.23,14500,46.14,U
sz300850,新强联,2025-10-14 09:44:51,46.12,5300,46.23,D
sz300850,新强联,2025-10-14 09:44:54,46.09,13400,46.12,D
sz300850,新强联,2025-10-14 09:45:03,46.11,7300,46.12,E
sz300850,新强联,2025-10-14 09:45:06,46.17,13400,46.11,U
sz300850,新强联,2025-10-14 09:45:15,46.12,23100,46.17,D
sz300850,新强联,2025-10-14 09:45:18,46.15,5700,46.12,E
sz300850,新强联,2025-10-14 09:45:21,46.14,8600,46.15,D
sz300850,新强联,2025-10-14 09:45:24,46.15,24800,46.14,U
sz300850,新强联,2025-10-14 09:45:30,46.15,18600,46.17,E
sz300850,新强联,2025-10-14 09:45:36,46.14,13700,46.15,U
sz300850,新强联,2025-10-14 09:45:42,46.18,18200,46.15,U
sz300850,新强联,2025-10-14 09:45:45,46.2,8500,46.18,U
sz300850,新强联,2025-10-14 09:45:48,46.26,16700,46.2,U
sz300850,新强联,2025-10-14 09:45:51,46.26,10800,46.26,E
sz300850,新强联,2025-10-14 09:45:54,46.29,20100,46.26,U
sz300850,新强联,2025-10-14 09:45:57,46.24,16400,46.29,E
sz300850,新强联,2025-10-14 09:46:00,46.29,11500,46.24,D
sz300850,新强联,2025-10-14 09:46:03,46.29,8200,46.29,D
sz300850,新强联,2025-10-14 09:46:06,46.31,9500,46.29,U
sz300850,新强联,2025-10-14 09:46:09,46.3,12700,46.31,D
sz300850,新强联,2025-10-14 09:46:12,46.3,4700,46.3,U
sz300850,新强联,2025-10-14 09:46:15,46.3,9400,46.3,E
sz300850,新强联,2025-10-14 09:46:18,46.3,10500,46.3,D
sz300850,新强联,2025-10-14 09:46:21,46.3,6800,46.3,D
sz300850,新强联,2025-10-14 09:46:24,46.4,19100,46.3,U
sz300850,新强联,2025-10-14 09:46:27,46.31,4600,46.4,D
sz300850,新强联,2025-10-14 09:46:30,46.39,7200,46.31,U
sz300850,新强联,2025-10-14 09:46:36,46.4,17800,46.32,U
sz300850,新强联,2025-10-14 09:46:39,46.42,9900,46.4,E
sz300850,新强联,2025-10-14 09:46:45,46.51,55900,46.43,U
sz300850,新强联,2025-10-14 09:46:48,46.5,4600,46.51,E
sz300850,新强联,2025-10-14 09:46:51,46.5,4900,46.5,E
sz300850,新强联,2025-10-14 09:46:54,46.48,9700,46.5,E
sz300850,新强联,2025-10-14 09:46:57,46.48,11300,46.48,U
sz300850,新强联,2025-10-14 09:47:00,46.48,10900,46.48,E
sz300850,新强联,2025-10-14 09:47:03,46.4,13700,46.48,D
sz300850,新强联,2025-10-14 09:47:06,46.4,7300,46.4,D
sz300850,新强联,2025-10-14 09:47:09,46.36,5000,46.4,D
sz300850,新强联,2025-10-14 09:47:12,46.33,7600,46.36,D
sz300850,新强联,2025-10-14 09:47:15,46.29,12600,46.33,D
sz300850,新强联,2025-10-14 09:47:24,46.23,6500,46.24,U
sz300850,新强联,2025-10-14 09:47:30,46.23,22100,46.22,U
sz300850,新强联,2025-10-14 09:47:36,46.39,92700,46.29,U
sz300850,新强联,2025-10-14 09:47:39,46.33,4400,46.39,E
sz300850,新强联,2025-10-14 09:47:42,46.3,17000,46.33,D
sz300850,新强联,2025-10-14 09:47:45,46.31,5800,46.3,D
sz300850,新强联,2025-10-14 09:47:48,46.31,6300,46.31,D
sz300850,新强联,2025-10-14 09:47:51,46.31,27100,46.31,U
sz300850,新强联,2025-10-14 09:47:54,46.29,7000,46.31,D
sz300850,新强联,2025-10-14 09:47:57,46.3,4900,46.29,U
sz300850,新强联,2025-10-14 09:48:00,46.28,4400,46.3,E
sz300850,新强联,2025-10-14 09:48:03,46.35,20300,46.28,U
sz300850,新强联,2025-10-14 09:48:12,46.22,36300,46.28,D
sz300850,新强联,2025-10-14 09:48:15,46.22,7700,46.22,U
sz300850,新强联,2025-10-14 09:48:18,46.22,14600,46.22,U
sz300850,新强联,2025-10-14 09:48:21,46.21,11700,46.22,E
sz300850,新强联,2025-10-14 09:48:24,46.24,8200,46.21,U
sz300850,新强联,2025-10-14 09:48:27,46.4,27800,46.24,U
sz300850,新强联,2025-10-14 09:48:30,46.27,22700,46.4,D
sz300850,新强联,2025-10-14 09:48:36,46.3,29900,46.36,D
sz300850,新强联,2025-10-14 09:48:39,46.32,9200,46.3,U
sz300850,新强联,2025-10-14 09:48:42,46.36,14500,46.32,U
sz300850,新强联,2025-10-14 09:48:51,46.32,5100,46.3,D
sz300850,新强联,2025-10-14 09:49:00,46.39,12900,46.32,U
sz300850,新强联,2025-10-14 09:49:03,46.45,7900,46.39,U
sz300850,新强联,2025-10-14 09:49:12,46.43,33700,46.45,E
sz300850,新强联,2025-10-14 09:49:15,46.47,27200,46.43,U
sz300850,新强联,2025-10-14 09:49:18,46.47,22200,46.47,D
sz300850,新强联,2025-10-14 09:49:21,46.49,8100,46.47,U
sz300850,新强联,2025-10-14 09:49:24,46.53,11100,46.49,U
sz300850,新强联,2025-10-14 09:49:27,46.54,13900,46.53,U
sz300850,新强联,2025-10-14 09:49:30,46.58,23900,46.54,U
sz300850,新强联,2025-10-14 09:49:36,46.58,6700,46.58,D
sz300850,新强联,2025-10-14 09:49:39,46.6,21500,46.58,U
sz300850,新强联,2025-10-14 09:49:42,46.65,11900,46.6,U
sz300850,新强联,2025-10-14 09:49:45,46.64,44500,46.65,U
sz300850,新强联,2025-10-14 09:49:48,46.62,27300,46.64,E
sz300850,新强联,2025-10-14 09:49:51,46.6,11700,46.62,E
sz300850,新强联,2025-10-14 09:49:54,46.62,44500,46.6,U
sz300850,新强联,2025-10-14 09:49:57,46.62,11200,46.62,U
sz300850,新强联,2025-10-14 09:50:00,46.6,17300,46.62,E
sz300850,新强联,2025-10-14 09:50:03,46.59,12000,46.6,E
sz300850,新强联,2025-10-14 09:50:06,46.55,26700,46.59,E
sz300850,新强联,2025-10-14 09:50:09,46.52,17500,46.55,D
sz300850,新强联,2025-10-14 09:50:12,46.58,24700,46.52,U
sz300850,新强联,2025-10-14 09:50:15,46.57,18200,46.58,E
sz300850,新强联,2025-10-14 09:50:18,46.53,16700,46.57,E
sz300850,新强联,2025-10-14 09:50:21,46.45,36500,46.53,D
sz300850,新强联,2025-10-14 09:50:24,46.45,27100,46.45,U
sz300850,新强联,2025-10-14 09:50:27,46.39,6500,46.45,D
sz300850,新强联,2025-10-14 09:50:30,46.4,9200,46.39,U
sz300850,新强联,2025-10-14 09:50:36,46.33,13700,46.3,E
sz300850,新强联,2025-10-14 09:50:39,46.25,9900,46.33,D
sz300850,新强联,2025-10-14 09:50:45,46.27,8600,46.27,D
sz300850,新强联,2025-10-14 09:50:51,46.54,30800,46.29,U
sz300850,新强联,2025-10-14 09:50:54,46.3,12500,46.54,D
sz300850,新强联,2025-10-14 09:50:57,46.49,9100,46.3,U
sz300850,新强联,2025-10-14 09:51:00,46.48,15200,46.49,E
sz300850,新强联,2025-10-14 09:51:03,46.31,8600,46.48,D
sz300850,新强联,2025-10-14 09:51:09,46.33,9900,46.33,D
sz300850,新强联,2025-10-14 09:51:15,46.31,24100,46.31,D
sz300850,新强联,2025-10-14 09:51:18,46.37,18500,46.31,E
sz300850,新强联,2025-10-14 09:51:21,46.38,51000,46.37,U
sz300850,新强联,2025-10-14 09:51:27,46.49,10500,46.44,U
sz300850,新强联,2025-10-14 09:51:30,46.43,8400,46.49,E
sz300850,新强联,2025-10-14 09:51:33,46.4,4700,46.43,E
sz300850,新强联,2025-10-14 09:51:36,46.44,9600,46.4,U
sz300850,新强联,2025-10-14 09:51:39,46.4,4500,46.44,D
sz300850,新强联,2025-10-14 09:51:42,46.44,10300,46.4,U
sz300850,新强联,2025-10-14 09:51:48,46.44,10900,46.42,U
sz300850,新强联,2025-10-14 09:51:51,46.41,13400,46.44,D
sz300850,新强联,2025-10-14 09:51:54,46.41,18500,46.41,D
sz300850,新强联,2025-10-14 09:51:57,46.41,7600,46.41,U
sz300850,新强联,2025-10-14 09:52:06,46.42,13300,46.38,U
sz300850,新强联,2025-10-14 09:52:15,46.45,24600,46.43,U
sz300850,新强联,2025-10-14 09:52:21,46.55,117100,46.5,U
sz300850,新强联,2025-10-14 09:52:24,46.58,7200,46.55,E
sz300850,新强联,2025-10-14 09:52:27,46.66,8600,46.58,U
sz300850,新强联,2025-10-14 09:52:30,46.68,44300,46.66,U
sz300850,新强联,2025-10-14 09:52:33,46.57,77600,46.68,D
sz300850,新强联,2025-10-14 09:52:36,46.58,14600,46.57,U
sz300850,新强联,2025-10-14 09:52:39,46.59,16100,46.58,U
sz300850,新强联,2025-10-14 09:52:42,46.62,40700,46.59,U
sz300850,新强联,2025-10-14 09:52:45,46.62,7800,46.62,U
sz300850,新强联,2025-10-14 09:52:48,46.7,11600,46.62,U
sz300850,新强联,2025-10-14 09:52:51,46.75,26600,46.7,U
sz300850,新强联,2025-10-14 09:52:54,46.7,5000,46.75,D
sz300850,新强联,2025-10-14 09:52:57,46.8,18300,46.7,U
sz300850,新强联,2025-10-14 09:53:00,46.82,51700,46.8,U
sz300850,新强联,2025-10-14 09:53:03,46.8,23800,46.82,E
sz300850,新强联,2025-10-14 09:53:06,46.8,34300,46.8,U
sz300850,新强联,2025-10-14 09:53:09,46.78,15300,46.8,U
sz300850,新强联,2025-10-14 09:53:12,46.71,15800,46.78,E
sz300850,新强联,2025-10-14 09:53:18,46.78,58700,46.71,U
sz300850,新强联,2025-10-14 09:53:21,46.71,11800,46.78,E
sz300850,新强联,2025-10-14 09:53:27,46.77,19500,46.7,U
sz300850,新强联,2025-10-14 09:53:30,46.64,10400,46.77,E
sz300850,新强联,2025-10-14 09:53:33,46.64,4400,46.64,U
sz300850,新强联,2025-10-14 09:53:36,46.64,9400,46.64,U
sz300850,新强联,2025-10-14 09:53:39,46.69,11000,46.64,U
sz300850,新强联,2025-10-14 09:53:42,46.64,7800,46.69,D
sz300850,新强联,2025-10-14 09:53:45,46.64,6700,46.64,D
sz300850,新强联,2025-10-14 09:53:48,46.64,16100,46.64,E
sz300850,新强联,2025-10-14 09:53:51,46.55,6800,46.64,D
sz300850,新强联,2025-10-14 09:53:54,46.61,14600,46.55,U
sz300850,新强联,2025-10-14 09:54:00,46.55,13600,46.59,U
sz300850,新强联,2025-10-14 09:54:03,46.75,29100,46.55,U
sz300850,新强联,2025-10-14 09:54:06,46.55,6900,46.75,U
sz300850,新强联,2025-10-14 09:54:09,46.55,11700,46.55,E
sz300850,新强联,2025-10-14 09:54:12,46.43,6200,46.55,D
sz300850,新强联,2025-10-14 09:54:15,46.36,11900,46.43,D
sz300850,新强联,2025-10-14 09:54:18,46.46,6900,46.36,U
sz300850,新强联,2025-10-14 09:54:27,46.43,5200,46.4,E
sz300850,新强联,2025-10-14 09:54:33,46.44,4900,46.43,E
sz300850,新强联,2025-10-14 09:54:36,46.46,5600,46.44,U
sz300850,新强联,2025-10-14 09:54:42,46.43,21800,46.44,D
sz300850,新强联,2025-10-14 09:54:45,46.43,6000,46.43,U
sz300850,新强联,2025-10-14 09:54:51,46.41,6200,46.41,D
sz300850,新强联,2025-10-14 09:54:57,46.43,5800,46.41,U
sz300850,新强联,2025-10-14 09:55:00,46.41,25100,46.43,E
sz300850,新强联,2025-10-14 09:55:06,46.37,5400,46.4,D
sz300850,新强联,2025-10-14 09:55:09,46.37,11100,46.37,D
sz300850,新强联,2025-10-14 09:55:18,46.41,8500,46.4,U
sz300850,新强联,2025-10-14 09:55:21,46.41,10600,46.41,U
sz300850,新强联,2025-10-14 09:55:24,46.4,4600,46.41,U
sz300850,新强联,2025-10-14 09:55:30,46.35,10700,46.35,D
sz300850,新强联,2025-10-14 09:55:33,46.4,7400,46.35,U
sz300850,新强联,2025-10-14 09:55:36,46.39,15200,46.4,D
sz300850,新强联,2025-10-14 09:55:42,46.39,4700,46.36,U
sz300850,新强联,2025-10-14 09:55:48,46.35,8000,46.33,U
sz300850,新强联,2025-10-14 09:55:57,46.33,6900,46.35,D
sz300850,新强联,2025-10-14 09:56:00,46.33,36200,46.33,D
sz300850,新强联,2025-10-14 09:56:03,46.33,16600,46.33,U
sz300850,新强联,2025-10-14 09:56:06,46.3,17700,46.33,U
sz300850,新强联,2025-10-14 09:56:09,46.29,19700,46.3,E
sz300850,新强联,2025-10-14 09:56:12,46.34,64400,46.29,U
sz300850,新强联,2025-10-14 09:56:15,46.4,11500,46.34,U
sz300850,新强联,2025-10-14 09:56:18,46.38,10300,46.4,U
sz300850,新强联,2025-10-14 09:56:24,46.38,5500,46.28,U
sz300850,新强联,2025-10-14 09:56:27,46.29,5200,46.38,E
sz300850,新强联,2025-10-14 09:56:30,46.28,16500,46.29,D
sz300850,新强联,2025-10-14 09:56:36,46.28,5700,46.29,D
sz300850,新强联,2025-10-14 09:56:54,46.29,5200,46.3,D
sz300850,新强联,2025-10-14 09:56:57,46.33,5600,46.29,U
sz300850,新强联,2025-10-14 09:57:03,46.3,7200,46.38,D
sz300850,新强联,2025-10-14 09:57:06,46.29,10500,46.3,D
sz300850,新强联,2025-10-14 09:57:12,46.4,23000,46.31,U
sz300850,新强联,2025-10-14 09:57:18,46.31,7000,46.33,D
sz300850,新强联,2025-10-14 09:57:30,46.4,7800,46.33,U
sz300850,新强联,2025-10-14 09:57:36,46.34,4500,46.33,D
sz300850,新强联,2025-10-14 09:57:48,46.34,6800,46.39,D
sz300850,新强联,2025-10-14 09:57:54,46.39,12000,46.38,U
sz300850,新强联,2025-10-14 09:58:00,46.33,4700,46.38,D
sz300850,新强联,2025-10-14 09:58:06,46.32,7400,46.34,D
sz300850,新强联,2025-10-14 09:58:09,46.32,6900,46.32,U
sz300850,新强联,2025-10-14 09:58:18,46.28,15300,46.3,D
sz300850,新强联,2025-10-14 09:58:21,46.26,15500,46.28,D
sz300850,新强联,2025-10-14 09:58:27,46.27,5600,46.22,U
sz300850,新强联,2025-10-14 09:58:33,46.21,7100,46.22,D
sz300850,新强联,2025-10-14 09:58:39,46.2,9000,46.2,D
sz300850,新强联,2025-10-14 09:58:42,46.2,9300,46.2,D
sz300850,新强联,2025-10-14 09:58:48,46.18,4400,46.2,D
sz300850,新强联,2025-10-14 09:58:51,46.18,6800,46.18,D
sz300850,新强联,2025-10-14 09:58:54,46.19,5300,46.18,U
sz300850,新强联,2025-10-14 09:58:57,46.19,31700,46.19,U
sz300850,新强联,2025-10-14 09:59:00,46.18,5300,46.19,D
sz300850,新强联,2025-10-14 09:59:03,46.25,6300,46.18,E
sz300850,新强联,2025-10-14 09:59:06,46.19,7200,46.25,D
sz300850,新强联,2025-10-14 09:59:36,46.25,9995,46.24,U
sz300850,新强联,2025-10-14 09:59:42,46.29,15505,46.26,U
sz300850,新强联,2025-10-14 09:59:48,46.21,28200,46.26,D
sz300850,新强联,2025-10-14 09:59:51,46.18,25200,46.21,D
sz300850,新强联,2025-10-14 09:59:54,46.2,22700,46.18,E
sz300850,新强联,2025-10-14 10:00:00,46.18,5100,46.2,D
sz300850,新强联,2025-10-14 10:00:12,46.12,19600,46.16,D
sz300850,新强联,2025-10-14 10:00:15,46.07,26200,46.12,D
sz300850,新强联,2025-10-14 10:00:18,46.02,22400,46.07,D
sz300850,新强联,2025-10-14 10:00:24,46.02,8000,46.02,D
sz300850,新强联,2025-10-14 10:00:27,46.0,15700,46.02,D
sz300850,新强联,2025-10-14 10:00:30,46.02,128100,46.0,U
sz300850,新强联,2025-10-14 10:00:33,46.01,30800,46.02,D
sz300850,新强联,2025-10-14 10:00:36,46.0,26600,46.01,D
sz300850,新强联,2025-10-14 10:00:39,46.0,15200,46.0,D
sz300850,新强联,2025-10-14 10:00:42,46.0,27600,46.0,D
sz300850,新强联,2025-10-14 10:00:45,46.0,8100,46.0,D
sz300850,新强联,2025-10-14 10:00:48,45.99,4700,46.0,E
sz300850,新强联,2025-10-14 10:00:54,45.91,16300,45.96,D
sz300850,新强联,2025-10-14 10:00:57,45.98,8200,45.91,U
sz300850,新强联,2025-10-14 10:01:00,46.02,11100,45.98,U
sz300850,新强联,2025-10-14 10:01:03,45.98,6800,46.02,U
sz300850,新强联,2025-10-14 10:01:09,45.93,21200,45.94,D
sz300850,新强联,2025-10-14 10:01:12,45.93,17500,45.93,U
sz300850,新强联,2025-10-14 10:01:15,45.93,9200,45.93,U
sz300850,新强联,2025-10-14 10:01:18,45.9,24400,45.93,D
sz300850,新强联,2025-10-14 10:01:21,45.98,15800,45.9,U
sz300850,新强联,2025-10-14 10:01:24,45.9,8300,45.98,D
sz300850,新强联,2025-10-14 10:01:27,45.93,8500,45.9,D
sz300850,新强联,2025-10-14 10:01:33,45.9,31900,45.91,D
sz300850,新强联,2025-10-14 10:01:42,45.91,12900,45.92,D
sz300850,新强联,2025-10-14 10:01:45,45.98,19900,45.91,U
sz300850,新强联,2025-10-14 10:01:48,45.92,17200,45.98,D
sz300850,新强联,2025-10-14 10:01:54,45.95,8500,45.93,E
sz300850,新强联,2025-10-14 10:01:57,45.9,6300,45.95,D
sz300850,新强联,2025-10-14 10:02:03,45.95,12800,45.95,U
sz300850,新强联,2025-10-14 10:02:06,45.91,10200,45.95,D
sz300850,新强联,2025-10-14 10:02:09,45.91,10500,45.91,D
sz300850,新强联,2025-10-14 10:02:18,45.94,22100,45.94,U
sz300850,新强联,2025-10-14 10:02:21,45.95,24500,45.94,U
sz300850,新强联,2025-10-14 10:02:24,45.96,8200,45.95,U
sz300850,新强联,2025-10-14 10:02:27,45.95,6100,45.96,E
sz300850,新强联,2025-10-14 10:02:30,45.93,17700,45.95,E
sz300850,新强联,2025-10-14 10:02:33,45.91,4400,45.93,D
sz300850,新强联,2025-10-14 10:02:39,45.9,14148,45.91,D
sz300850,新强联,2025-10-14 10:02:45,45.88,28300,45.9,D
sz300850,新强联,2025-10-14 10:02:54,45.87,9700,45.88,D
sz300850,新强联,2025-10-14 10:02:57,45.87,7700,45.87,D
sz300850,新强联,2025-10-14 10:03:00,45.86,10200,45.87,D
sz300850,新强联,2025-10-14 10:03:09,45.85,12000,45.84,U
sz300850,新强联,2025-10-14 10:03:12,45.81,10800,45.85,D
sz300850,新强联,2025-10-14 10:03:15,45.87,10500,45.81,U
sz300850,新强联,2025-10-14 10:03:24,45.85,7500,45.88,D
sz300850,新强联,2025-10-14 10:03:27,45.89,7400,45.85,U
sz300850,新强联,2025-10-14 10:03:33,45.91,7900,45.9,U
sz300850,新强联,2025-10-14 10:03:39,45.89,5200,45.87,U
sz300850,新强联,2025-10-14 10:03:48,45.9,7000,45.89,U
sz300850,新强联,2025-10-14 10:03:54,45.91,5800,45.9,U
sz300850,新强联,2025-10-14 10:04:03,45.9,4900,45.91,D
sz300850,新强联,2025-10-14 10:04:06,45.92,9600,45.9,U
sz300850,新强联,2025-10-14 10:04:09,45.94,4400,45.92,U
sz300850,新强联,2025-10-14 10:04:21,45.99,10200,45.94,U
sz300850,新强联,2025-10-14 10:04:24,45.94,18000,45.99,D
sz300850,新强联,2025-10-14 10:04:30,45.94,6400,45.94,D
sz300850,新强联,2025-10-14 10:04:36,45.9,29800,45.95,D
sz300850,新强联,2025-10-14 10:04:42,45.89,11100,45.9,D
sz300850,新强联,2025-10-14 10:04:45,45.88,11700,45.89,D
sz300850,新强联,2025-10-14 10:04:48,45.85,30300,45.88,D
sz300850,新强联,2025-10-14 10:04:51,45.75,85100,45.85,D
sz300850,新强联,2025-10-14 10:05:00,45.71,11000,45.71,U
sz300850,新强联,2025-10-14 10:05:03,45.7,13600,45.71,D
sz300850,新强联,2025-10-14 10:05:06,45.71,4500,45.7,U
sz300850,新强联,2025-10-14 10:05:09,45.71,19300,45.71,D
sz300850,新强联,2025-10-14 10:05:12,45.7,10700,45.71,D
sz300850,新强联,2025-10-14 10:05:18,45.7,7100,45.7,D
sz300850,新强联,2025-10-14 10:05:21,45.69,20800,45.7,D
sz300850,新强联,2025-10-14 10:05:24,45.66,6100,45.69,E
sz300850,新强联,2025-10-14 10:05:33,45.63,9300,45.63,D
sz300850,新强联,2025-10-14 10:05:36,45.61,10800,45.63,D
sz300850,新强联,2025-10-14 10:05:39,45.63,11500,45.61,D
sz300850,新强联,2025-10-14 10:05:42,45.63,5700,45.63,D
sz300850,新强联,2025-10-14 10:05:45,45.67,13900,45.63,U
sz300850,新强联,2025-10-14 10:05:48,45.67,11200,45.67,D
sz300850,新强联,2025-10-14 10:05:57,45.74,9400,45.75,U
sz300850,新强联,2025-10-14 10:06:00,45.74,24400,45.74,U
sz300850,新强联,2025-10-14 10:06:03,45.72,5500,45.74,D
sz300850,新强联,2025-10-14 10:06:06,45.74,7200,45.72,U
sz300850,新强联,2025-10-14 10:06:18,45.74,4600,45.72,U
sz300850,新强联,2025-10-14 10:06:21,45.72,13300,45.74,D
sz300850,新强联,2025-10-14 10:06:30,45.72,4700,45.7,U
sz300850,新强联,2025-10-14 10:06:33,45.7,10800,45.72,D
sz300850,新强联,2025-10-14 10:06:36,45.68,16200,45.7,D
sz300850,新强联,2025-10-14 10:06:39,45.67,9100,45.68,D
sz300850,新强联,2025-10-14 10:06:45,45.61,7900,45.66,D
sz300850,新强联,2025-10-14 10:06:51,45.6,53700,45.6,D
sz300850,新强联,2025-10-14 10:06:54,45.59,31000,45.6,D
sz300850,新强联,2025-10-14 10:06:57,45.55,7400,45.59,D
sz300850,新强联,2025-10-14 10:07:00,45.52,13900,45.55,D
sz300850,新强联,2025-10-14 10:07:03,45.4,54600,45.52,D
sz300850,新强联,2025-10-14 10:07:06,45.35,11800,45.4,D
sz300850,新强联,2025-10-14 10:07:09,45.38,11100,45.35,E
sz300850,新强联,2025-10-14 10:07:12,45.4,6100,45.38,U
sz300850,新强联,2025-10-14 10:07:15,45.42,36200,45.4,U
sz300850,新强联,2025-10-14 10:07:18,45.41,19200,45.42,D
sz300850,新强联,2025-10-14 10:07:45,45.47,9700,45.47,D
sz300850,新强联,2025-10-14 10:07:48,45.49,29000,45.47,U
sz300850,新强联,2025-10-14 10:07:51,45.5,8800,45.49,D
sz300850,新强联,2025-10-14 10:07:54,45.48,8100,45.5,E
sz300850,新强联,2025-10-14 10:07:57,45.48,6100,45.48,D
sz300850,新强联,2025-10-14 10:08:03,45.48,6300,45.48,U
sz300850,新强联,2025-10-14 10:08:06,45.5,7900,45.48,E
sz300850,新强联,2025-10-14 10:08:09,45.46,19100,45.5,D
sz300850,新强联,2025-10-14 10:08:12,45.47,5200,45.46,U
sz300850,新强联,2025-10-14 10:08:15,45.45,14400,45.47,D
sz300850,新强联,2025-10-14 10:08:18,45.46,13200,45.45,U
sz300850,新强联,2025-10-14 10:08:21,45.42,6500,45.46,D
sz300850,新强联,2025-10-14 10:08:24,45.43,6000,45.42,U
sz300850,新强联,2025-10-14 10:08:27,45.41,8800,45.43,D
sz300850,新强联,2025-10-14 10:08:30,45.4,16400,45.41,D
sz300850,新强联,2025-10-14 10:08:39,45.42,12000,45.41,U
sz300850,新强联,2025-10-14 10:08:48,45.41,12700,45.41,D
sz300850,新强联,2025-10-14 10:08:51,45.43,10400,45.41,U
sz300850,新强联,2025-10-14 10:08:57,45.43,10600,45.43,U
sz300850,新强联,2025-10-14 10:09:15,45.42,4600,45.43,D
sz300850,新强联,2025-10-14 10:09:18,45.35,45237,45.42,D
sz300850,新强联,2025-10-14 10:09:21,45.25,64800,45.35,D
sz300850,新强联,2025-10-14 10:09:24,45.29,7900,45.25,E
sz300850,新强联,2025-10-14 10:09:30,45.29,6100,45.27,U
sz300850,新强联,2025-10-14 10:09:33,45.22,7000,45.29,D
sz300850,新强联,2025-10-14 10:09:36,45.27,7400,45.22,U
sz300850,新强联,2025-10-14 10:09:39,45.25,12400,45.27,D
sz300850,新强联,2025-10-14 10:09:42,45.23,9200,45.25,D
sz300850,新强联,2025-10-14 10:09:45,45.23,7700,45.23,U
sz300850,新强联,2025-10-14 10:09:51,45.21,5800,45.21,D
sz300850,新强联,2025-10-14 10:09:54,45.21,8600,45.21,D
sz300850,新强联,2025-10-14 10:09:57,45.25,13200,45.21,U
sz300850,新强联,2025-10-14 10:10:03,45.25,7100,45.24,D
sz300850,新强联,2025-10-14 10:10:15,45.3,8800,45.3,U
sz300850,新强联,2025-10-14 10:10:18,45.31,5100,45.3,U
sz300850,新强联,2025-10-14 10:10:21,45.31,13600,45.31,U
sz300850,新强联,2025-10-14 10:10:30,45.33,6100,45.31,D
sz300850,新强联,2025-10-14 10:10:36,45.33,6400,45.31,U
sz300850,新强联,2025-10-14 10:10:39,45.37,17600,45.33,U
sz300850,新强联,2025-10-14 10:10:48,45.4,6600,45.39,U
sz300850,新强联,2025-10-14 10:10:51,45.4,7100,45.4,D
sz300850,新强联,2025-10-14 10:10:54,45.37,8200,45.4,D
sz300850,新强联,2025-10-14 10:10:57,45.37,6800,45.37,U
sz300850,新强联,2025-10-14 10:11:00,45.37,58000,45.37,U
sz300850,新强联,2025-10-14 10:11:03,45.32,31200,45.37,D
sz300850,新强联,2025-10-14 10:11:09,45.3,20900,45.29,E
sz300850,新强联,2025-10-14 10:11:18,45.31,10000,45.33,D
sz300850,新强联,2025-10-14 10:11:21,45.31,8300,45.31,E
sz300850,新强联,2025-10-14 10:11:24,45.23,21800,45.31,D
sz300850,新强联,2025-10-14 10:11:27,45.24,11600,45.23,E
sz300850,新强联,2025-10-14 10:11:36,45.22,13100,45.22,D
sz300850,新强联,2025-10-14 10:11:42,45.21,7400,45.23,D
sz300850,新强联,2025-10-14 10:11:48,45.22,8000,45.22,U
sz300850,新强联,2025-10-14 10:11:51,45.22,8600,45.22,U
sz300850,新强联,2025-10-14 10:11:54,45.21,8700,45.22,D
sz300850,新强联,2025-10-14 10:11:57,45.22,15900,45.21,U
sz300850,新强联,2025-10-14 10:12:00,45.23,18800,45.22,U
sz300850,新强联,2025-10-14 10:12:03,45.27,7000,45.23,U
sz300850,新强联,2025-10-14 10:12:06,45.22,7600,45.27,D
sz300850,新强联,2025-10-14 10:12:15,45.22,8800,45.26,D
sz300850,新强联,2025-10-14 10:12:27,45.26,9900,45.26,D
sz300850,新强联,2025-10-14 10:12:30,45.26,5700,45.26,D
sz300850,新强联,2025-10-14 10:12:33,45.26,7200,45.26,D
sz300850,新强联,2025-10-14 10:12:36,45.23,5500,45.26,D
sz300850,新强联,2025-10-14 10:12:45,45.26,11500,45.23,U
sz300850,新强联,2025-10-14 10:12:48,45.23,19000,45.26,D
sz300850,新强联,2025-10-14 10:12:51,45.24,20400,45.23,U
sz300850,新强联,2025-10-14 10:13:00,45.24,12000,45.23,U
sz300850,新强联,2025-10-14 10:13:06,45.2,18900,45.23,D
sz300850,新强联,2025-10-14 10:13:09,45.2,6100,45.2,D
sz300850,新强联,2025-10-14 10:13:12,45.21,20300,45.2,U
sz300850,新强联,2025-10-14 10:13:15,45.2,4800,45.21,E
sz300850,新强联,2025-10-14 10:13:18,45.18,17200,45.2,D
sz300850,新强联,2025-10-14 10:13:24,45.19,9300,45.17,U
sz300850,新强联,2025-10-14 10:13:30,45.16,5300,45.17,D
sz300850,新强联,2025-10-14 10:13:33,45.16,5200,45.16,D
sz300850,新强联,2025-10-14 10:13:36,45.15,8200,45.16,D
sz300850,新强联,2025-10-14 10:13:42,45.15,29600,45.15,D
sz300850,新强联,2025-10-14 10:13:54,45.1,5600,45.1,D
sz300850,新强联,2025-10-14 10:13:57,45.12,14300,45.1,U
sz300850,新强联,2025-10-14 10:14:00,45.11,12400,45.12,D
sz300850,新强联,2025-10-14 10:14:03,45.12,10300,45.11,D
sz300850,新强联,2025-10-14 10:14:09,45.1,37400,45.11,D
sz300850,新强联,2025-10-14 10:14:18,45.06,12000,45.07,D
sz300850,新强联,2025-10-14 10:14:24,45.11,10400,45.07,U
sz300850,新强联,2025-10-14 10:14:27,45.16,7000,45.11,U
sz300850,新强联,2025-10-14 10:14:30,45.16,4700,45.16,U
sz300850,新强联,2025-10-14 10:14:42,45.17,5400,45.21,E
sz300850,新强联,2025-10-14 10:14:51,45.26,10500,45.15,U
sz300850,新强联,2025-10-14 10:14:54,45.23,32200,45.26,D
sz300850,新强联,2025-10-14 10:15:00,45.17,14700,45.29,D
sz300850,新强联,2025-10-14 10:15:09,45.17,6700,45.21,D
sz300850,新强联,2025-10-14 10:15:12,45.17,12900,45.17,D
sz300850,新强联,2025-10-14 10:15:36,45.18,21000,45.18,D
sz300850,新强联,2025-10-14 10:15:39,45.15,6800,45.18,D
sz300850,新强联,2025-10-14 10:15:48,45.1,7700,45.1,D
sz300850,新强联,2025-10-14 10:15:51,45.06,13700,45.1,D
sz300850,新强联,2025-10-14 10:15:54,45.1,20000,45.06,U
sz300850,新强联,2025-10-14 10:15:57,45.08,5200,45.1,D
sz300850,新强联,2025-10-14 10:16:03,45.1,13500,45.06,E
sz300850,新强联,2025-10-14 10:16:06,45.11,16900,45.1,D
sz300850,新强联,2025-10-14 10:16:30,45.11,5100,45.18,D
sz300850,新强联,2025-10-14 10:16:48,45.18,26600,45.2,U
sz300850,新强联,2025-10-14 10:17:00,45.17,5600,45.18,D
sz300850,新强联,2025-10-14 10:17:03,45.15,15800,45.17,D
sz300850,新强联,2025-10-14 10:17:12,45.1,20586,45.13,D
sz300850,新强联,2025-10-14 10:17:30,45.08,11900,45.09,E
sz300850,新强联,2025-10-14 10:17:33,45.06,9700,45.08,D
sz300850,新强联,2025-10-14 10:17:36,45.05,14600,45.06,D
sz300850,新强联,2025-10-14 10:17:39,45.05,23200,45.05,D
sz300850,新强联,2025-10-14 10:17:51,45.04,14300,45.04,U
sz300850,新强联,2025-10-14 10:17:57,45.02,4900,45.02,U
sz300850,新强联,2025-10-14 10:18:00,45.01,17600,45.02,D
sz300850,新强联,2025-10-14 10:18:06,45.04,6800,45.04,D
sz300850,新强联,2025-10-14 10:18:09,45.04,4900,45.04,D
sz300850,新强联,2025-10-14 10:18:12,45.02,8000,45.04,D
sz300850,新强联,2025-10-14 10:18:15,45.02,7800,45.02,U
sz300850,新强联,2025-10-14 10:18:18,45.02,6800,45.02,U
sz300850,新强联,2025-10-14 10:18:21,45.03,5100,45.02,U
sz300850,新强联,2025-10-14 10:18:27,45.04,4500,45.02,U
sz300850,新强联,2025-10-14 10:18:33,45.02,7100,45.03,D
sz300850,新强联,2025-10-14 10:18:42,45.01,8400,45.02,D
sz300850,新强联,2025-10-14 10:18:48,45.02,4900,45.02,D
sz300850,新强联,2025-10-14 10:18:54,45.02,16600,45.02,U
sz300850,新强联,2025-10-14 10:18:57,45.0,38500,45.02,D
sz300850,新强联,2025-10-14 10:19:00,45.01,25800,45.0,E
sz300850,新强联,2025-10-14 10:19:03,45.0,6500,45.01,D
sz300850,新强联,2025-10-14 10:19:06,45.01,4800,45.0,E
sz300850,新强联,2025-10-14 10:19:09,45.0,9400,45.01,D
sz300850,新强联,2025-10-14 10:19:12,45.0,14900,45.0,D
sz300850,新强联,2025-10-14 10:19:15,45.0,7700,45.0,D
sz300850,新强联,2025-10-14 10:19:18,45.02,5600,45.0,U
sz300850,新强联,2025-10-14 10:19:24,45.02,80400,45.02,D
sz300850,新强联,2025-10-14 10:19:27,44.99,10800,45.02,D
sz300850,新强联,2025-10-14 10:19:30,45.01,4700,44.99,U
sz300850,新强联,2025-10-14 10:19:33,44.98,7600,45.01,E
sz300850,新强联,2025-10-14 10:19:45,44.94,10400,44.99,D
sz300850,新强联,2025-10-14 10:19:48,44.97,4700,44.94,D
sz300850,新强联,2025-10-14 10:19:51,44.98,4900,44.97,E
sz300850,新强联,2025-10-14 10:20:00,44.92,4800,44.94,D
sz300850,新强联,2025-10-14 10:20:12,44.93,7000,44.94,E
sz300850,新强联,2025-10-14 10:20:15,44.95,11800,44.93,U
sz300850,新强联,2025-10-14 10:20:24,45.03,11500,44.98,U
sz300850,新强联,2025-10-14 10:20:33,44.99,5300,45.04,D
sz300850,新强联,2025-10-14 10:20:45,45.08,6600,45.06,U
sz300850,新强联,2025-10-14 10:20:57,45.08,8900,45.11,D
sz300850,新强联,2025-10-14 10:21:12,45.07,9300,45.05,U
sz300850,新强联,2025-10-14 10:21:27,45.05,11900,45.06,D
sz300850,新强联,2025-10-14 10:21:30,45.05,9400,45.05,U
sz300850,新强联,2025-10-14 10:22:00,45.03,24500,45.09,D
sz300850,新强联,2025-10-14 10:22:03,45.04,16300,45.03,E
sz300850,新强联,2025-10-14 10:22:06,45.0,5600,45.04,D
sz300850,新强联,2025-10-14 10:22:09,44.98,39500,45.0,D
sz300850,新强联,2025-10-14 10:22:12,44.95,5300,44.98,D
sz300850,新强联,2025-10-14 10:22:15,44.94,5700,44.95,D
sz300850,新强联,2025-10-14 10:22:24,44.92,6600,44.93,D
sz300850,新强联,2025-10-14 10:22:30,44.88,26800,44.91,D
sz300850,新强联,2025-10-14 10:22:42,44.91,5200,44.88,U
sz300850,新强联,2025-10-14 10:22:48,44.93,11321,44.91,U
sz300850,新强联,2025-10-14 10:23:00,44.91,5000,44.93,D
sz300850,新强联,2025-10-14 10:23:09,44.88,7400,44.91,D
sz300850,新强联,2025-10-14 10:23:12,44.88,5600,44.88,D
sz300850,新强联,2025-10-14 10:23:33,44.88,8700,44.88,D
sz300850,新强联,2025-10-14 10:23:36,44.87,30700,44.88,D
sz300850,新强联,2025-10-14 10:23:39,44.83,34400,44.87,D
sz300850,新强联,2025-10-14 10:23:45,44.82,28100,44.83,U
sz300850,新强联,2025-10-14 10:23:48,44.77,62000,44.82,D
sz300850,新强联,2025-10-14 10:23:57,44.83,8400,44.76,U
sz300850,新强联,2025-10-14 10:24:06,44.77,13100,44.8,D
sz300850,新强联,2025-10-14 10:24:09,44.82,13000,44.77,U
sz300850,新强联,2025-10-14 10:24:15,44.78,15000,44.77,E
sz300850,新强联,2025-10-14 10:24:18,44.76,15500,44.78,D
sz300850,新强联,2025-10-14 10:24:27,44.75,5200,44.76,D
sz300850,新强联,2025-10-14 10:24:30,44.76,16600,44.75,U
sz300850,新强联,2025-10-14 10:24:33,44.75,20200,44.76,D
sz300850,新强联,2025-10-14 10:24:36,44.77,4600,44.75,E
sz300850,新强联,2025-10-14 10:24:42,44.75,14000,44.76,D
sz300850,新强联,2025-10-14 10:24:54,44.76,6200,44.76,D
sz300850,新强联,2025-10-14 10:25:00,44.75,10700,44.76,D
sz300850,新强联,2025-10-14 10:25:06,44.75,33000,44.76,D
sz300850,新强联,2025-10-14 10:25:09,44.71,36700,44.75,D
sz300850,新强联,2025-10-14 10:25:12,44.75,35400,44.71,U
sz300850,新强联,2025-10-14 10:25:18,44.68,7400,44.69,D
sz300850,新强联,2025-10-14 10:25:24,44.66,7400,44.67,D
sz300850,新强联,2025-10-14 10:25:27,44.65,10600,44.66,D
sz300850,新强联,2025-10-14 10:25:30,44.62,30400,44.65,D
sz300850,新强联,2025-10-14 10:25:33,44.65,4700,44.62,U
sz300850,新强联,2025-10-14 10:25:36,44.65,12321,44.65,U
sz300850,新强联,2025-10-14 10:25:45,44.66,5121,44.65,U
sz300850,新强联,2025-10-14 10:26:03,44.66,6000,44.65,U
sz300850,新强联,2025-10-14 10:26:06,44.65,4500,44.66,D
sz300850,新强联,2025-10-14 10:26:15,44.64,22200,44.66,D
sz300850,新强联,2025-10-14 10:26:30,44.62,6500,44.62,U
sz300850,新强联,2025-10-14 10:26:33,44.62,7300,44.62,U
sz300850,新强联,2025-10-14 10:27:03,44.64,19000,44.63,D
sz300850,新强联,2025-10-14 10:27:21,44.66,7600,44.66,U
sz300850,新强联,2025-10-14 10:27:27,44.64,6100,44.63,U
sz300850,新强联,2025-10-14 10:27:51,44.67,7400,44.65,E
sz300850,新强联,2025-10-14 10:28:03,44.64,8600,44.66,D
sz300850,新强联,2025-10-14 10:28:06,44.65,6000,44.64,U
sz300850,新强联,2025-10-14 10:28:24,44.63,72400,44.63,U
sz300850,新强联,2025-10-14 10:28:30,44.57,8600,44.6,D
sz300850,新强联,2025-10-14 10:28:33,44.57,5000,44.57,D
sz300850,新强联,2025-10-14 10:28:48,44.5,30200,44.51,D
sz300850,新强联,2025-10-14 10:29:00,44.5,7000,44.5,D
sz300850,新强联,2025-10-14 10:29:09,44.53,4800,44.53,E
sz300850,新强联,2025-10-14 10:29:15,44.55,4500,44.55,U
sz300850,新强联,2025-10-14 10:29:18,44.51,7400,44.55,D
sz300850,新强联,2025-10-14 10:29:30,44.57,4700,44.56,U
sz300850,新强联,2025-10-14 10:29:48,44.58,7200,44.57,U
sz300850,新强联,2025-10-14 10:29:54,44.58,10800,44.59,D
sz300850,新强联,2025-10-14 10:30:00,44.61,4700,44.58,E
sz300850,新强联,2025-10-14 10:30:15,44.58,5700,44.61,D
sz300850,新强联,2025-10-14 10:30:24,44.58,17700,44.61,D
sz300850,新强联,2025-10-14 10:30:27,44.57,7300,44.58,D
sz300850,新强联,2025-10-14 10:30:39,44.55,12300,44.55,D
sz300850,新强联,2025-10-14 10:30:45,44.53,15500,44.54,D
sz300850,新强联,2025-10-14 10:30:51,44.53,8100,44.51,U
sz300850,新强联,2025-10-14 10:31:03,44.51,8600,44.52,D
sz300850,新强联,2025-10-14 10:31:12,44.51,5000,44.51,U
sz300850,新强联,2025-10-14 10:31:27,44.5,16100,44.5,D
sz300850,新强联,2025-10-14 10:31:30,44.5,5800,44.5,D
sz300850,新强联,2025-10-14 10:31:48,44.5,5700,44.5,D
sz300850,新强联,2025-10-14 10:31:51,44.5,5900,44.5,D
sz300850,新强联,2025-10-14 10:31:54,44.51,18600,44.5,U
sz300850,新强联,2025-10-14 10:31:57,44.51,7100,44.51,U
sz300850,新强联,2025-10-14 10:32:00,44.5,4600,44.51,D
sz300850,新强联,2025-10-14 10:32:09,44.5,6700,44.52,D
sz300850,新强联,2025-10-14 10:32:27,44.5,24500,44.52,D
sz300850,新强联,2025-10-14 10:32:30,44.5,11700,44.5,D
sz300850,新强联,2025-10-14 10:32:33,44.5,87300,44.5,D
sz300850,新强联,2025-10-14 10:32:36,44.5,5300,44.5,D
sz300850,新强联,2025-10-14 10:32:39,44.5,8000,44.5,D
sz300850,新强联,2025-10-14 10:33:24,44.6,10700,44.58,U
sz300850,新强联,2025-10-14 10:33:27,44.68,14700,44.6,U
sz300850,新强联,2025-10-14 10:33:45,44.68,6800,44.68,U
sz300850,新强联,2025-10-14 10:33:57,44.71,5600,44.69,U
sz300850,新强联,2025-10-14 10:34:00,44.68,19200,44.71,D
sz300850,新强联,2025-10-14 10:34:09,44.57,6895,44.67,D
sz300850,新强联,2025-10-14 10:34:15,44.57,4800,44.56,U
sz300850,新强联,2025-10-14 10:34:21,44.56,9300,44.55,U
sz300850,新强联,2025-10-14 10:34:27,44.54,6600,44.52,U
sz300850,新强联,2025-10-14 10:34:30,44.5,25200,44.54,D
sz300850,新强联,2025-10-14 10:34:33,44.53,26000,44.5,U
sz300850,新强联,2025-10-14 10:34:36,44.49,5400,44.53,D
sz300850,新强联,2025-10-14 10:34:45,44.46,6300,44.48,D
sz300850,新强联,2025-10-14 10:34:57,44.46,8600,44.46,D
sz300850,新强联,2025-10-14 10:35:12,44.45,14300,44.46,D
sz300850,新强联,2025-10-14 10:35:21,44.45,7900,44.47,D
sz300850,新强联,2025-10-14 10:35:30,44.46,7500,44.45,U
sz300850,新强联,2025-10-14 10:35:36,44.45,5500,44.45,D
sz300850,新强联,2025-10-14 10:35:39,44.46,6000,44.45,U
sz300850,新强联,2025-10-14 10:36:21,44.47,7500,44.46,U
sz300850,新强联,2025-10-14 10:36:24,44.45,5700,44.47,D
sz300850,新强联,2025-10-14 10:36:36,44.44,25000,44.47,D
sz300850,新强联,2025-10-14 10:36:39,44.45,4900,44.44,U
sz300850,新强联,2025-10-14 10:36:54,44.4,11500,44.41,D
sz300850,新强联,2025-10-14 10:37:03,44.45,7400,44.41,U
sz300850,新强联,2025-10-14 10:37:06,44.51,6300,44.45,U
sz300850,新强联,2025-10-14 10:37:09,44.48,5700,44.51,E
sz300850,新强联,2025-10-14 10:37:21,44.51,5700,44.5,E
sz300850,新强联,2025-10-14 10:37:39,44.48,9400,44.48,D
sz300850,新强联,2025-10-14 10:37:45,44.46,7800,44.48,D
sz300850,新强联,2025-10-14 10:38:00,44.46,10400,44.46,U
sz300850,新强联,2025-10-14 10:38:09,44.43,4900,44.46,D
sz300850,新强联,2025-10-14 10:38:27,44.42,20600,44.45,D
sz300850,新强联,2025-10-14 10:38:30,44.41,6200,44.42,E
sz300850,新强联,2025-10-14 10:38:33,44.4,6000,44.41,D
sz300850,新强联,2025-10-14 10:38:39,44.38,13400,44.4,D
sz300850,新强联,2025-10-14 10:38:48,44.38,18200,44.38,U
sz300850,新强联,2025-10-14 10:39:09,44.32,4600,44.32,U
sz300850,新强联,2025-10-14 10:39:12,44.34,67500,44.32,U
sz300850,新强联,2025-10-14 10:39:21,44.32,5200,44.31,U
sz300850,新强联,2025-10-14 10:39:24,44.3,5600,44.32,D
sz300850,新强联,2025-10-14 10:39:30,44.33,34000,44.34,E
sz300850,新强联,2025-10-14 10:39:33,44.34,7600,44.33,U
sz300850,新强联,2025-10-14 10:39:36,44.31,4600,44.34,D
sz300850,新强联,2025-10-14 10:39:48,44.32,5900,44.32,D
sz300850,新强联,2025-10-14 10:39:51,44.34,8000,44.32,U
sz300850,新强联,2025-10-14 10:39:57,44.34,4700,44.34,U
sz300850,新强联,2025-10-14 10:40:15,44.32,30400,44.34,D
sz300850,新强联,2025-10-14 10:40:33,44.29,10200,44.32,D
sz300850,新强联,2025-10-14 10:40:42,44.3,9300,44.3,U
sz300850,新强联,2025-10-14 10:40:45,44.3,5000,44.3,U
sz300850,新强联,2025-10-14 10:40:48,44.3,13200,44.3,D
sz300850,新强联,2025-10-14 10:40:57,44.3,10800,44.3,U
sz300850,新强联,2025-10-14 10:41:06,44.28,8500,44.29,D
sz300850,新强联,2025-10-14 10:41:36,44.26,6000,44.26,D
sz300850,新强联,2025-10-14 10:41:42,44.25,7000,44.26,D
sz300850,新强联,2025-10-14 10:41:51,44.25,9700,44.25,U
sz300850,新强联,2025-10-14 10:41:54,44.24,7000,44.25,D
sz300850,新强联,2025-10-14 10:41:57,44.25,12200,44.24,U
sz300850,新强联,2025-10-14 10:42:09,44.25,7700,44.24,U
sz300850,新强联,2025-10-14 10:42:12,44.26,8900,44.25,U
sz300850,新强联,2025-10-14 10:42:15,44.25,18800,44.26,D
sz300850,新强联,2025-10-14 10:42:18,44.3,6100,44.25,U
sz300850,新强联,2025-10-14 10:42:21,44.31,9700,44.3,U
sz300850,新强联,2025-10-14 10:42:36,44.32,4700,44.33,E
sz300850,新强联,2025-10-14 10:42:39,44.33,5000,44.32,U
sz300850,新强联,2025-10-14 10:43:03,44.43,5400,44.42,U
sz300850,新强联,2025-10-14 10:43:09,44.45,8500,44.43,U
sz300850,新强联,2025-10-14 10:43:15,44.45,10100,44.45,U
sz300850,新强联,2025-10-14 10:43:18,44.43,5700,44.45,D
sz300850,新强联,2025-10-14 10:43:21,44.43,7600,44.43,U
sz300850,新强联,2025-10-14 10:43:30,44.41,15000,44.39,U
sz300850,新强联,2025-10-14 10:43:36,44.35,8200,44.43,D
sz300850,新强联,2025-10-14 10:43:42,44.33,5100,44.34,D
sz300850,新强联,2025-10-14 10:43:54,44.3,7900,44.3,D
sz300850,新强联,2025-10-14 10:44:00,44.31,5900,44.33,D
sz300850,新强联,2025-10-14 10:44:03,44.28,32400,44.31,D
sz300850,新强联,2025-10-14 10:44:06,44.28,7900,44.28,E
sz300850,新强联,2025-10-14 10:44:39,44.27,6900,44.28,D
sz300850,新强联,2025-10-14 10:44:51,44.27,4700,44.28,D
sz300850,新强联,2025-10-14 10:44:57,44.27,5300,44.28,D
sz300850,新强联,2025-10-14 10:45:00,44.24,23700,44.27,D
sz300850,新强联,2025-10-14 10:45:03,44.21,10500,44.24,D
sz300850,新强联,2025-10-14 10:45:06,44.2,6000,44.21,D
sz300850,新强联,2025-10-14 10:45:12,44.18,25700,44.21,D
sz300850,新强联,2025-10-14 10:45:15,44.18,8000,44.18,D
sz300850,新强联,2025-10-14 10:45:18,44.18,4900,44.18,U
sz300850,新强联,2025-10-14 10:45:30,44.2,9600,44.19,U
sz300850,新强联,2025-10-14 10:45:57,44.1,11500,44.1,D
sz300850,新强联,2025-10-14 10:46:03,44.07,14700,44.1,D
sz300850,新强联,2025-10-14 10:46:06,44.12,5500,44.07,U
sz300850,新强联,2025-10-14 10:46:09,44.06,7200,44.12,D
sz300850,新强联,2025-10-14 10:46:12,44.08,9900,44.06,E
sz300850,新强联,2025-10-14 10:46:18,44.07,24000,44.06,U
sz300850,新强联,2025-10-14 10:46:21,44.06,5000,44.07,U
sz300850,新强联,2025-10-14 10:46:24,44.05,4900,44.06,D
sz300850,新强联,2025-10-14 10:46:39,44.05,6300,44.05,D
sz300850,新强联,2025-10-14 10:46:42,44.05,5700,44.05,D
sz300850,新强联,2025-10-14 10:46:51,44.07,23600,44.05,U
sz300850,新强联,2025-10-14 10:46:54,44.06,14200,44.07,E
sz300850,新强联,2025-10-14 10:47:36,44.1,6100,44.1,D
sz300850,新强联,2025-10-14 10:47:48,44.07,6900,44.08,D
sz300850,新强联,2025-10-14 10:47:51,44.05,5600,44.07,D
sz300850,新强联,2025-10-14 10:48:03,44.03,8200,44.05,D
sz300850,新强联,2025-10-14 10:48:15,44.0,22800,44.04,D
sz300850,新强联,2025-10-14 10:48:21,44.0,10300,44.01,D
sz300850,新强联,2025-10-14 10:48:24,44.0,4800,44.0,D
sz300850,新强联,2025-10-14 10:48:27,44.01,11800,44.0,U
sz300850,新强联,2025-10-14 10:48:30,44.0,11700,44.01,D
sz300850,新强联,2025-10-14 10:48:33,44.0,25500,44.0,D
sz300850,新强联,2025-10-14 10:48:36,44.01,12300,44.0,U
sz300850,新强联,2025-10-14 10:48:39,44.0,11600,44.01,D
sz300850,新强联,2025-10-14 10:48:42,44.0,11400,44.0,D
sz300850,新强联,2025-10-14 10:49:06,44.12,64500,44.02,U
sz300850,新强联,2025-10-14 10:50:03,44.14,5900,44.17,D
sz300850,新强联,2025-10-14 10:50:18,44.23,35900,44.14,U
sz300850,新强联,2025-10-14 10:50:21,44.17,7900,44.23,D
sz300850,新强联,2025-10-14 10:50:42,44.23,5800,44.23,D
sz300850,新强联,2025-10-14 10:50:48,44.26,10500,44.26,U
sz300850,新强联,2025-10-14 10:51:03,44.23,15100,44.25,E
sz300850,新强联,2025-10-14 10:51:12,44.31,8300,44.27,U
sz300850,新强联,2025-10-14 10:51:51,44.27,11900,44.27,D
sz300850,新强联,2025-10-14 10:52:06,44.29,11200,44.3,D
sz300850,新强联,2025-10-14 10:52:15,44.29,5200,44.29,U
sz300850,新强联,2025-10-14 10:52:42,44.3,16000,44.32,D
sz300850,新强联,2025-10-14 10:52:48,44.31,5800,44.29,U
sz300850,新强联,2025-10-14 10:52:54,44.3,14900,44.3,U
sz300850,新强联,2025-10-14 10:53:00,44.3,5000,44.3,E
sz300850,新强联,2025-10-14 10:53:06,44.23,14500,44.3,D
sz300850,新强联,2025-10-14 10:53:12,44.22,5100,44.23,D
sz300850,新强联,2025-10-14 10:53:21,44.18,4700,44.22,D
sz300850,新强联,2025-10-14 10:53:45,44.13,7600,44.14,D
sz300850,新强联,2025-10-14 10:54:15,44.1,4600,44.1,U
sz300850,新强联,2025-10-14 10:54:21,44.11,5500,44.11,U
sz300850,新强联,2025-10-14 10:54:36,44.09,18500,44.1,D
sz300850,新强联,2025-10-14 10:54:39,44.1,6500,44.09,U
sz300850,新强联,2025-10-14 10:56:18,44.1,9500,44.11,D
sz300850,新强联,2025-10-14 10:56:21,44.08,4700,44.1,D
sz300850,新强联,2025-10-14 10:56:36,44.05,4800,44.05,D
sz300850,新强联,2025-10-14 10:56:39,44.01,7700,44.05,D
sz300850,新强联,2025-10-14 10:56:45,44.0,20000,44.03,D
sz300850,新强联,2025-10-14 10:56:54,44.09,10400,44.02,U
sz300850,新强联,2025-10-14 10:56:57,44.05,8200,44.09,D
sz300850,新强联,2025-10-14 10:57:39,44.07,6200,44.08,D
sz300850,新强联,2025-10-14 10:57:48,44.06,11600,44.07,D
sz300850,新强联,2025-10-14 10:58:06,44.07,9400,44.06,U
sz300850,新强联,2025-10-14 10:58:15,44.05,7500,44.07,D
sz300850,新强联,2025-10-14 10:58:39,44.04,5300,44.04,U
sz300850,新强联,2025-10-14 10:59:12,44.02,5900,44.03,D
sz300850,新强联,2025-10-14 11:00:00,44.03,25600,44.03,U
sz300850,新强联,2025-10-14 11:00:15,44.02,11800,44.01,U
sz300850,新强联,2025-10-14 11:00:21,44.07,11100,44.04,U
sz300850,新强联,2025-10-14 11:00:33,44.09,9100,44.1,D
sz300850,新强联,2025-10-14 11:00:42,44.18,11400,44.14,E
sz300850,新强联,2025-10-14 11:00:57,44.29,5500,44.18,U
sz300850,新强联,2025-10-14 11:01:51,44.13,30500,44.17,D
sz300850,新强联,2025-10-14 11:01:54,44.11,7600,44.13,D
sz300850,新强联,2025-10-14 11:02:03,44.13,5000,44.1,U
sz300850,新强联,2025-10-14 11:02:51,44.2,8400,44.23,D
sz300850,新强联,2025-10-14 11:02:57,44.2,72300,44.2,U
sz300850,新强联,2025-10-14 11:03:03,44.15,22200,44.23,D
sz300850,新强联,2025-10-14 11:03:18,44.05,5000,44.1,D
sz300850,新强联,2025-10-14 11:03:21,44.09,9500,44.05,U
sz300850,新强联,2025-10-14 11:03:36,44.09,5300,44.06,U
sz300850,新强联,2025-10-14 11:04:15,44.22,16800,44.12,U
sz300850,新强联,2025-10-14 11:05:00,44.1,8300,44.13,D
sz300850,新强联,2025-10-14 11:05:45,44.04,8900,44.05,D
sz300850,新强联,2025-10-14 11:06:00,44.03,24600,44.04,D
sz300850,新强联,2025-10-14 11:06:03,44.05,4800,44.03,U
sz300850,新强联,2025-10-14 11:06:12,44.02,6200,44.05,D
sz300850,新强联,2025-10-14 11:06:21,44.02,5800,44.03,D
sz300850,新强联,2025-10-14 11:06:36,44.03,5800,44.03,D
sz300850,新强联,2025-10-14 11:06:42,44.02,6500,44.03,D
sz300850,新强联,2025-10-14 11:06:51,44.02,5100,44.03,D
sz300850,新强联,2025-10-14 11:06:54,43.99,89700,44.02,D
sz300850,新强联,2025-10-14 11:07:00,43.98,15000,44.0,D
sz300850,新强联,2025-10-14 11:07:06,43.98,10000,43.99,D
sz300850,新强联,2025-10-14 11:07:09,43.96,17400,43.98,D
sz300850,新强联,2025-10-14 11:07:21,43.96,11800,43.96,D
sz300850,新强联,2025-10-14 11:07:24,43.96,9700,43.96,D
sz300850,新强联,2025-10-14 11:08:09,43.92,5300,43.93,D
sz300850,新强联,2025-10-14 11:08:24,43.9,6700,43.9,D
sz300850,新强联,2025-10-14 11:08:27,43.9,9100,43.9,D
sz300850,新强联,2025-10-14 11:08:48,43.86,19900,43.86,D
sz300850,新强联,2025-10-14 11:08:57,43.86,21000,43.84,U
sz300850,新强联,2025-10-14 11:09:00,43.85,4700,43.86,D
sz300850,新强联,2025-10-14 11:09:03,43.86,9400,43.85,E
sz300850,新强联,2025-10-14 11:09:06,43.86,14900,43.86,D
sz300850,新强联,2025-10-14 11:09:12,43.96,8200,43.96,U
sz300850,新强联,2025-10-14 11:09:27,43.97,10300,43.97,D
sz300850,新强联,2025-10-14 11:09:45,43.98,5700,43.98,D
sz300850,新强联,2025-10-14 11:09:51,43.89,6600,44.0,D
sz300850,新强联,2025-10-14 11:10:06,43.95,5000,43.98,E
sz300850,新强联,2025-10-14 11:10:27,43.96,4700,43.91,U
sz300850,新强联,2025-10-14 11:10:33,43.9,8400,43.91,D
sz300850,新强联,2025-10-14 11:11:00,43.9,7000,43.91,D
sz300850,新强联,2025-10-14 11:11:36,43.88,22700,43.89,D
sz300850,新强联,2025-10-14 11:12:18,43.85,8100,43.86,D
sz300850,新强联,2025-10-14 11:12:27,43.85,6600,43.82,U
sz300850,新强联,2025-10-14 11:12:39,43.84,16100,43.84,D
sz300850,新强联,2025-10-14 11:12:48,43.9,33500,43.83,U
sz300850,新强联,2025-10-14 11:13:09,44.01,12400,44.0,E
sz300850,新强联,2025-10-14 11:13:12,44.0,5600,44.01,D
sz300850,新强联,2025-10-14 11:13:15,44.02,6200,44.0,U
sz300850,新强联,2025-10-14 11:13:51,44.05,5900,44.03,U
sz300850,新强联,2025-10-14 11:13:57,44.07,17600,44.06,U
sz300850,新强联,2025-10-14 11:14:06,43.93,17000,44.01,D
sz300850,新强联,2025-10-14 11:14:30,43.98,9200,43.96,U
sz300850,新强联,2025-10-14 11:15:00,44.0,6300,44.02,D
sz300850,新强联,2025-10-14 11:16:06,43.96,12500,43.98,D
sz300850,新强联,2025-10-14 11:17:00,43.9,6100,43.93,D
sz300850,新强联,2025-10-14 11:18:24,43.83,6500,43.83,D
sz300850,新强联,2025-10-14 11:18:27,43.84,17200,43.83,U
sz300850,新强联,2025-10-14 11:19:06,43.83,5200,43.84,D
sz300850,新强联,2025-10-14 11:19:27,43.83,7100,43.83,D
sz300850,新强联,2025-10-14 11:19:30,43.83,5300,43.83,D
sz300850,新强联,2025-10-14 11:19:36,43.82,10300,43.84,D
sz300850,新强联,2025-10-14 11:19:42,43.83,10500,43.82,E
sz300850,新强联,2025-10-14 11:19:51,43.81,7400,43.82,D
sz300850,新强联,2025-10-14 11:20:06,43.86,23400,43.81,U
sz300850,新强联,2025-10-14 11:20:09,43.86,55300,43.86,U
sz300850,新强联,2025-10-14 11:22:00,43.79,7800,43.8,D
sz300850,新强联,2025-10-14 11:22:06,43.8,8300,43.79,U
sz300850,新强联,2025-10-14 11:22:18,43.78,5800,43.79,D
sz300850,新强联,2025-10-14 11:22:24,43.77,5300,43.77,D
sz300850,新强联,2025-10-14 11:22:27,43.8,14600,43.77,U
sz300850,新强联,2025-10-14 11:22:30,43.81,15400,43.8,U
sz300850,新强联,2025-10-14 11:22:33,43.85,8000,43.81,U
sz300850,新强联,2025-10-14 11:23:00,43.86,8500,43.86,U
sz300850,新强联,2025-10-14 11:23:03,43.9,10800,43.86,U
sz300850,新强联,2025-10-14 11:24:24,44.07,5300,44.04,U
sz300850,新强联,2025-10-14 11:24:30,44.05,19000,44.07,D
sz300850,新强联,2025-10-14 11:24:51,44.06,6300,44.06,D
sz300850,新强联,2025-10-14 11:24:54,44.04,5300,44.06,D
sz300850,新强联,2025-10-14 11:26:06,43.97,4700,44.02,D
sz300850,新强联,2025-10-14 11:26:27,43.92,4900,43.94,D
sz300850,新强联,2025-10-14 11:27:24,43.89,5200,43.87,U
sz300850,新强联,2025-10-14 11:27:36,43.92,6800,43.9,U
sz300850,新强联,2025-10-14 11:27:39,43.89,10300,43.92,D
sz300850,新强联,2025-10-14 11:29:00,44.01,6300,44.02,E
sz300850,新强联,2025-10-14 11:29:06,44.04,7400,44.02,U
sz300850,新强联,2025-10-14 11:29:36,44.11,6500,44.08,U
sz300850,新强联,2025-10-14 11:29:51,44.17,6100,44.17,U
sz300850,新强联,2025-10-14 11:29:54,44.17,8900,44.17,D
sz300850,新强联,2025-10-14 13:00:00,44.2,14300,44.15,U
sz300850,新强联,2025-10-14 13:00:03,44.19,23600,44.2,D
sz300850,新强联,2025-10-14 13:00:09,44.12,24100,44.17,D
sz300850,新强联,2025-10-14 13:00:12,44.06,10700,44.12,D
sz300850,新强联,2025-10-14 13:00:21,44.01,5200,44.04,D
sz300850,新强联,2025-10-14 13:00:24,44.03,4800,44.01,U
sz300850,新强联,2025-10-14 13:00:33,43.95,5100,43.98,D
sz300850,新强联,2025-10-14 13:01:00,43.91,5500,43.92,D
sz300850,新强联,2025-10-14 13:01:03,43.9,4900,43.91,D
sz300850,新强联,2025-10-14 13:01:27,43.87,9900,43.85,E
sz300850,新强联,2025-10-14 13:01:39,43.84,44100,43.87,D
sz300850,新强联,2025-10-14 13:01:51,43.8,5000,43.81,D
sz300850,新强联,2025-10-14 13:01:54,43.79,5300,43.8,D
sz300850,新强联,2025-10-14 13:02:09,43.79,8100,43.78,U
sz300850,新强联,2025-10-14 13:02:42,43.71,22500,43.76,D
sz300850,新强联,2025-10-14 13:02:48,43.7,7000,43.7,D
sz300850,新强联,2025-10-14 13:02:51,43.7,7200,43.7,D
sz300850,新强联,2025-10-14 13:03:03,43.64,28100,43.68,D
sz300850,新强联,2025-10-14 13:03:06,43.64,5000,43.64,D
sz300850,新强联,2025-10-14 13:03:12,43.64,5500,43.68,D
sz300850,新强联,2025-10-14 13:03:39,43.67,5600,43.65,U
sz300850,新强联,2025-10-14 13:04:21,43.63,22000,43.64,D
sz300850,新强联,2025-10-14 13:04:36,43.61,25600,43.62,D
sz300850,新强联,2025-10-14 13:04:48,43.6,6100,43.61,D
sz300850,新强联,2025-10-14 13:04:51,43.62,7100,43.6,U
sz300850,新强联,2025-10-14 13:05:03,43.61,19300,43.62,D
sz300850,新强联,2025-10-14 13:05:30,43.6,9700,43.6,U
sz300850,新强联,2025-10-14 13:05:39,43.6,8000,43.6,U
sz300850,新强联,2025-10-14 13:06:06,43.63,38500,43.56,U
sz300850,新强联,2025-10-14 13:06:09,43.6,9100,43.63,D
sz300850,新强联,2025-10-14 13:06:12,43.67,5300,43.6,U
sz300850,新强联,2025-10-14 13:06:39,43.69,8900,43.67,U
sz300850,新强联,2025-10-14 13:07:24,43.68,7700,43.7,D
sz300850,新强联,2025-10-14 13:08:03,43.6,7700,43.62,D
sz300850,新强联,2025-10-14 13:08:09,43.6,5500,43.62,D
sz300850,新强联,2025-10-14 13:08:18,43.56,7900,43.59,D
sz300850,新强联,2025-10-14 13:09:03,43.56,6600,43.58,D
sz300850,新强联,2025-10-14 13:09:15,43.55,7400,43.56,D
sz300850,新强联,2025-10-14 13:09:18,43.54,10000,43.55,D
sz300850,新强联,2025-10-14 13:09:27,43.55,6100,43.55,U
sz300850,新强联,2025-10-14 13:09:30,43.56,5700,43.55,U
sz300850,新强联,2025-10-14 13:09:54,43.6,6800,43.6,U
sz300850,新强联,2025-10-14 13:10:18,43.6,11600,43.56,U
sz300850,新强联,2025-10-14 13:10:36,43.63,5800,43.62,U
sz300850,新强联,2025-10-14 13:11:30,43.69,8100,43.68,U
sz300850,新强联,2025-10-14 13:11:57,43.58,7000,43.62,D
sz300850,新强联,2025-10-14 13:12:00,43.58,61600,43.58,D
sz300850,新强联,2025-10-14 13:12:09,43.5,5700,43.58,D
sz300850,新强联,2025-10-14 13:12:12,43.5,35200,43.5,D
sz300850,新强联,2025-10-14 13:12:21,43.49,50000,43.48,E
sz300850,新强联,2025-10-14 13:12:33,43.48,19000,43.48,D
sz300850,新强联,2025-10-14 13:12:39,43.47,27200,43.48,D
sz300850,新强联,2025-10-14 13:12:42,43.5,5400,43.47,U
sz300850,新强联,2025-10-14 13:13:00,43.52,10800,43.52,E
sz300850,新强联,2025-10-14 13:13:15,43.53,6600,43.58,D
sz300850,新强联,2025-10-14 13:13:39,43.59,5000,43.55,U
sz300850,新强联,2025-10-14 13:13:48,43.56,5800,43.56,D
sz300850,新强联,2025-10-14 13:13:54,43.57,14600,43.61,D
sz300850,新强联,2025-10-14 13:14:18,43.59,6000,43.56,E
sz300850,新强联,2025-10-14 13:14:21,43.64,7900,43.59,U
sz300850,新强联,2025-10-14 13:14:45,43.65,12400,43.62,U
sz300850,新强联,2025-10-14 13:14:48,43.69,15200,43.65,U
sz300850,新强联,2025-10-14 13:14:51,43.73,30200,43.69,U
sz300850,新强联,2025-10-14 13:14:54,43.66,5600,43.73,D
sz300850,新强联,2025-10-14 13:15:15,43.9,5800,43.8,U
sz300850,新强联,2025-10-14 13:15:18,43.9,5000,43.9,U
sz300850,新强联,2025-10-14 13:15:21,43.9,17200,43.9,U
sz300850,新强联,2025-10-14 13:15:24,43.88,5200,43.9,E
sz300850,新强联,2025-10-14 13:15:27,43.83,4700,43.88,D
sz300850,新强联,2025-10-14 13:15:39,43.92,7000,43.9,U
sz300850,新强联,2025-10-14 13:15:57,43.89,19500,43.93,D
sz300850,新强联,2025-10-14 13:16:06,43.84,6400,43.86,D
sz300850,新强联,2025-10-14 13:16:24,43.92,7200,43.88,U
sz300850,新强联,2025-10-14 13:16:27,43.92,10200,43.92,U
sz300850,新强联,2025-10-14 13:16:42,43.98,5800,43.96,U
sz300850,新强联,2025-10-14 13:16:54,43.98,12300,44.0,D
sz300850,新强联,2025-10-14 13:17:21,44.02,5200,44.0,U
sz300850,新强联,2025-10-14 13:17:39,44.01,5700,44.02,D
sz300850,新强联,2025-10-14 13:18:24,44.14,9700,44.1,U
sz300850,新强联,2025-10-14 13:18:33,44.2,6200,44.14,U
sz300850,新强联,2025-10-14 13:18:39,44.15,21600,44.2,D
sz300850,新强联,2025-10-14 13:19:03,44.17,6300,44.19,D
sz300850,新强联,2025-10-14 13:19:06,44.17,5300,44.17,D
sz300850,新强联,2025-10-14 13:19:27,44.28,6400,44.28,U
sz300850,新强联,2025-10-14 13:19:48,44.27,6200,44.28,D
sz300850,新强联,2025-10-14 13:19:51,44.26,12600,44.27,D
sz300850,新强联,2025-10-14 13:19:54,44.26,13700,44.26,E
sz300850,新强联,2025-10-14 13:19:57,44.28,10800,44.26,E
sz300850,新强联,2025-10-14 13:20:00,44.2,5300,44.28,D
sz300850,新强联,2025-10-14 13:20:15,44.21,12000,44.25,D
sz300850,新强联,2025-10-14 13:20:27,44.2,7000,44.21,D
sz300850,新强联,2025-10-14 13:21:00,44.21,14600,44.23,D
sz300850,新强联,2025-10-14 13:21:03,44.24,6300,44.21,U
sz300850,新强联,2025-10-14 13:21:39,44.32,7500,44.31,U
sz300850,新强联,2025-10-14 13:21:42,44.29,6800,44.32,D
sz300850,新强联,2025-10-14 13:22:00,44.31,7700,44.3,U
sz300850,新强联,2025-10-14 13:22:30,44.32,6600,44.31,U
sz300850,新强联,2025-10-14 13:22:36,44.28,12200,44.32,D
sz300850,新强联,2025-10-14 13:23:03,44.22,5800,44.22,D
sz300850,新强联,2025-10-14 13:23:06,44.2,9900,44.22,D
sz300850,新强联,2025-10-14 13:23:48,44.15,7700,44.11,U
sz300850,新强联,2025-10-14 13:23:51,44.11,6300,44.15,D
sz300850,新强联,2025-10-14 13:24:30,44.17,10800,44.16,U
sz300850,新强联,2025-10-14 13:24:36,44.19,19500,44.16,U
sz300850,新强联,2025-10-14 13:24:42,44.24,6000,44.22,U
sz300850,新强联,2025-10-14 13:25:51,44.2,5200,44.2,U
sz300850,新强联,2025-10-14 13:26:00,44.21,6500,44.2,U
sz300850,新强联,2025-10-14 13:26:03,44.22,39100,44.21,U
sz300850,新强联,2025-10-14 13:26:15,44.21,6200,44.18,U
sz300850,新强联,2025-10-14 13:27:30,44.2,5800,44.23,D
sz300850,新强联,2025-10-14 13:28:00,44.08,20200,44.11,D
sz300850,新强联,2025-10-14 13:28:03,44.13,15300,44.08,U
sz300850,新强联,2025-10-14 13:29:24,44.05,8400,44.05,D
sz300850,新强联,2025-10-14 13:29:33,44.03,4700,44.03,D
sz300850,新强联,2025-10-14 13:29:54,44.03,10600,44.0,U
sz300850,新强联,2025-10-14 13:30:03,44.02,20400,44.03,D
sz300850,新强联,2025-10-14 13:30:24,44.0,12300,44.0,D
sz300850,新强联,2025-10-14 13:30:33,44.05,7500,44.03,U
sz300850,新强联,2025-10-14 13:30:36,44.09,12800,44.05,U
sz300850,新强联,2025-10-14 13:30:57,44.12,7400,44.1,U
sz300850,新强联,2025-10-14 13:31:36,44.14,5600,44.17,D
sz300850,新强联,2025-10-14 13:32:00,44.1,5000,44.11,D
sz300850,新强联,2025-10-14 13:32:27,44.06,23000,44.05,U
sz300850,新强联,2025-10-14 13:33:36,43.88,10000,43.91,D
sz300850,新强联,2025-10-14 13:34:00,43.88,9000,43.88,D
sz300850,新强联,2025-10-14 13:34:06,43.97,24700,43.88,U
sz300850,新强联,2025-10-14 13:34:39,43.94,8200,43.93,E
sz300850,新强联,2025-10-14 13:35:06,43.95,5400,43.97,D
sz300850,新强联,2025-10-14 13:35:45,43.91,6100,43.93,D
sz300850,新强联,2025-10-14 13:36:33,43.84,6100,43.83,E
sz300850,新强联,2025-10-14 13:37:00,43.83,5200,43.83,U
sz300850,新强联,2025-10-14 13:37:21,43.81,22500,43.81,D
sz300850,新强联,2025-10-14 13:37:51,43.8,8900,43.75,U
sz300850,新强联,2025-10-14 13:38:09,43.84,9100,43.81,U
sz300850,新强联,2025-10-14 13:39:21,43.78,6800,43.76,U
sz300850,新强联,2025-10-14 13:39:33,43.76,14300,43.77,D
sz300850,新强联,2025-10-14 13:39:42,43.77,11400,43.77,U
sz300850,新强联,2025-10-14 13:41:09,43.69,18800,43.72,D
sz300850,新强联,2025-10-14 13:41:18,43.7,7800,43.68,U
sz300850,新强联,2025-10-14 13:41:21,43.68,13400,43.7,D
sz300850,新强联,2025-10-14 13:41:24,43.7,13400,43.68,U
sz300850,新强联,2025-10-14 13:42:00,43.71,5700,43.71,U
sz300850,新强联,2025-10-14 13:42:24,43.68,5100,43.66,U
sz300850,新强联,2025-10-14 13:42:51,43.68,7300,43.69,D
sz300850,新强联,2025-10-14 13:43:21,43.65,4700,43.64,E
sz300850,新强联,2025-10-14 13:43:36,43.68,6000,43.68,U
sz300850,新强联,2025-10-14 13:44:57,43.76,7828,43.75,U
sz300850,新强联,2025-10-14 13:45:03,43.75,4900,43.75,D
sz300850,新强联,2025-10-14 13:45:09,43.73,4900,43.75,D
sz300850,新强联,2025-10-14 13:45:18,43.7,5028,43.71,D
sz300850,新强联,2025-10-14 13:45:27,43.66,8100,43.66,D
sz300850,新强联,2025-10-14 13:45:36,43.65,12900,43.65,D
sz300850,新强联,2025-10-14 13:45:39,43.66,17200,43.65,U
sz300850,新强联,2025-10-14 13:46:42,43.62,25200,43.62,U
sz300850,新强联,2025-10-14 13:47:00,43.68,8500,43.68,D
sz300850,新强联,2025-10-14 13:47:09,43.67,5000,43.68,D
sz300850,新强联,2025-10-14 13:47:24,43.7,7900,43.67,U
sz300850,新强联,2025-10-14 13:48:09,43.61,5700,43.62,D
sz300850,新强联,2025-10-14 13:48:12,43.59,9700,43.61,D
sz300850,新强联,2025-10-14 13:48:27,43.54,11300,43.55,D
sz300850,新强联,2025-10-14 13:48:30,43.58,21900,43.54,U
sz300850,新强联,2025-10-14 13:49:00,43.63,5300,43.62,U
sz300850,新强联,2025-10-14 13:49:48,43.62,18000,43.62,E
sz300850,新强联,2025-10-14 13:50:51,43.62,5800,43.62,U
sz300850,新强联,2025-10-14 13:51:12,43.55,14400,43.55,D
sz300850,新强联,2025-10-14 13:51:27,43.5,13000,43.53,D
sz300850,新强联,2025-10-14 13:52:06,43.59,4600,43.56,U
sz300850,新强联,2025-10-14 13:52:09,43.62,13200,43.59,U
sz300850,新强联,2025-10-14 13:52:24,43.64,5100,43.63,U
sz300850,新强联,2025-10-14 13:52:36,43.64,5000,43.63,U
sz300850,新强联,2025-10-14 13:52:48,43.66,5000,43.65,U
sz300850,新强联,2025-10-14 13:52:54,43.64,21400,43.66,D
sz300850,新强联,2025-10-14 13:53:51,43.68,10100,43.66,U
sz300850,新强联,2025-10-14 13:54:00,43.72,7900,43.68,U
sz300850,新强联,2025-10-14 13:54:03,43.72,5800,43.72,U
sz300850,新强联,2025-10-14 13:54:06,43.67,20300,43.72,D
sz300850,新强联,2025-10-14 13:54:09,43.63,5100,43.67,D
sz300850,新强联,2025-10-14 13:54:12,43.61,4600,43.63,D
sz300850,新强联,2025-10-14 13:54:15,43.6,5700,43.61,D
sz300850,新强联,2025-10-14 13:54:21,43.6,7100,43.59,E
sz300850,新强联,2025-10-14 13:55:03,43.54,14000,43.56,D
sz300850,新强联,2025-10-14 13:55:06,43.51,6000,43.54,D
sz300850,新强联,2025-10-14 13:55:09,43.5,8900,43.51,D
sz300850,新强联,2025-10-14 13:55:21,43.51,50600,43.53,D
sz300850,新强联,2025-10-14 13:55:57,43.51,18400,43.5,U
sz300850,新强联,2025-10-14 13:56:03,43.51,18100,43.5,U
sz300850,新强联,2025-10-14 13:56:06,43.5,8800,43.51,D
sz300850,新强联,2025-10-14 13:56:09,43.5,6300,43.5,U
sz300850,新强联,2025-10-14 13:56:18,43.49,5600,43.49,U
sz300850,新强联,2025-10-14 13:56:21,43.45,26700,43.49,D
sz300850,新强联,2025-10-14 13:56:30,43.43,5400,43.45,D
sz300850,新强联,2025-10-14 13:56:36,43.43,14900,43.49,D
sz300850,新强联,2025-10-14 13:56:48,43.45,6800,43.46,D
sz300850,新强联,2025-10-14 13:56:51,43.45,9638,43.45,D
sz300850,新强联,2025-10-14 13:57:03,43.44,11500,43.45,D
sz300850,新强联,2025-10-14 13:57:09,43.42,5000,43.44,D
sz300850,新强联,2025-10-14 13:57:21,43.43,5300,43.41,U
sz300850,新强联,2025-10-14 13:57:27,43.45,5900,43.44,U
sz300850,新强联,2025-10-14 13:58:00,43.47,8200,43.46,E
sz300850,新强联,2025-10-14 13:58:09,43.46,8500,43.48,D
sz300850,新强联,2025-10-14 13:58:33,43.41,9862,43.43,D
sz300850,新强联,2025-10-14 13:58:36,43.4,9900,43.41,D
sz300850,新强联,2025-10-14 13:58:39,43.4,8600,43.4,D
sz300850,新强联,2025-10-14 13:58:42,43.43,25800,43.4,U
sz300850,新强联,2025-10-14 13:59:00,43.44,25238,43.4,U
sz300850,新强联,2025-10-14 13:59:36,43.43,5200,43.44,U
sz300850,新强联,2025-10-14 13:59:48,43.43,10900,43.42,U
sz300850,新强联,2025-10-14 13:59:51,43.44,7200,43.43,U
sz300850,新强联,2025-10-14 14:00:03,43.43,12100,43.44,D
sz300850,新强联,2025-10-14 14:00:12,43.45,25500,43.42,U
sz300850,新强联,2025-10-14 14:00:27,43.49,5500,43.46,U
sz300850,新强联,2025-10-14 14:00:36,43.49,6800,43.5,D
sz300850,新强联,2025-10-14 14:00:54,43.48,10400,43.48,U
sz300850,新强联,2025-10-14 14:01:06,43.45,7000,43.45,U
sz300850,新强联,2025-10-14 14:01:09,43.53,30200,43.45,U
sz300850,新强联,2025-10-14 14:01:12,43.55,14700,43.53,U
sz300850,新强联,2025-10-14 14:01:18,43.55,6600,43.57,D
sz300850,新强联,2025-10-14 14:01:24,43.61,5900,43.6,U
sz300850,新强联,2025-10-14 14:02:03,43.54,5700,43.57,D
sz300850,新强联,2025-10-14 14:02:06,43.55,6200,43.54,U
sz300850,新强联,2025-10-14 14:02:12,43.51,7100,43.52,D
sz300850,新强联,2025-10-14 14:02:42,43.48,9700,43.48,D
sz300850,新强联,2025-10-14 14:02:45,43.45,6100,43.48,D
sz300850,新强联,2025-10-14 14:02:57,43.49,12100,43.49,U
sz300850,新强联,2025-10-14 14:03:00,43.51,17400,43.49,U
sz300850,新强联,2025-10-14 14:03:03,43.51,7400,43.51,D
sz300850,新强联,2025-10-14 14:03:18,43.53,7800,43.49,U
sz300850,新强联,2025-10-14 14:03:30,43.51,10100,43.51,U
sz300850,新强联,2025-10-14 14:04:03,43.51,14800,43.49,U
sz300850,新强联,2025-10-14 14:04:06,43.53,8600,43.51,U
sz300850,新强联,2025-10-14 14:04:09,43.56,22600,43.53,U
sz300850,新强联,2025-10-14 14:04:12,43.52,12300,43.56,D
sz300850,新强联,2025-10-14 14:04:27,43.52,5600,43.52,U
sz300850,新强联,2025-10-14 14:04:30,43.53,21800,43.52,U
sz300850,新强联,2025-10-14 14:04:42,43.52,23100,43.48,U
sz300850,新强联,2025-10-14 14:05:03,43.53,6700,43.52,U
sz300850,新强联,2025-10-14 14:05:09,43.54,11600,43.54,U
sz300850,新强联,2025-10-14 14:05:18,43.53,15000,43.53,D
sz300850,新强联,2025-10-14 14:05:27,43.53,10000,43.53,E
sz300850,新强联,2025-10-14 14:05:30,43.52,12400,43.53,D
sz300850,新强联,2025-10-14 14:06:00,43.5,24300,43.5,D
sz300850,新强联,2025-10-14 14:06:03,43.48,4800,43.5,D
sz300850,新强联,2025-10-14 14:06:06,43.47,5200,43.48,D
sz300850,新强联,2025-10-14 14:06:54,43.47,9200,43.48,D
sz300850,新强联,2025-10-14 14:06:57,43.5,7800,43.47,U
sz300850,新强联,2025-10-14 14:07:00,43.53,12700,43.5,U
sz300850,新强联,2025-10-14 14:07:03,43.55,6000,43.53,U
sz300850,新强联,2025-10-14 14:07:27,43.53,7000,43.56,D
sz300850,新强联,2025-10-14 14:08:03,43.51,8400,43.51,D
sz300850,新强联,2025-10-14 14:08:15,43.51,7500,43.5,U
sz300850,新强联,2025-10-14 14:09:24,43.49,6100,43.46,U
sz300850,新强联,2025-10-14 14:09:36,43.45,8200,43.45,D
sz300850,新强联,2025-10-14 14:10:00,43.42,5600,43.42,D
sz300850,新强联,2025-10-14 14:10:03,43.42,5800,43.42,D
sz300850,新强联,2025-10-14 14:10:06,43.4,11700,43.42,D
sz300850,新强联,2025-10-14 14:10:24,43.41,12100,43.41,U
sz300850,新强联,2025-10-14 14:10:30,43.38,19500,43.42,D
sz300850,新强联,2025-10-14 14:10:33,43.39,12000,43.38,U
sz300850,新强联,2025-10-14 14:10:36,43.39,6000,43.39,D
sz300850,新强联,2025-10-14 14:10:39,43.39,7100,43.39,D
sz300850,新强联,2025-10-14 14:10:42,43.39,6400,43.39,D
sz300850,新强联,2025-10-14 14:10:45,43.39,21400,43.39,U
sz300850,新强联,2025-10-14 14:10:54,43.39,10800,43.4,D
sz300850,新强联,2025-10-14 14:11:00,43.42,5300,43.42,D
sz300850,新强联,2025-10-14 14:11:03,43.42,5400,43.42,D
sz300850,新强联,2025-10-14 14:11:36,43.41,7700,43.41,U
sz300850,新强联,2025-10-14 14:11:54,43.43,7800,43.43,U
sz300850,新强联,2025-10-14 14:12:00,43.44,4900,43.44,U
sz300850,新强联,2025-10-14 14:12:03,43.44,26900,43.44,D
sz300850,新强联,2025-10-14 14:12:09,43.44,10500,43.45,D
sz300850,新强联,2025-10-14 14:12:21,43.41,20900,43.41,D
sz300850,新强联,2025-10-14 14:12:30,43.44,20100,43.4,U
sz300850,新强联,2025-10-14 14:12:48,43.45,11900,43.45,U
sz300850,新强联,2025-10-14 14:12:51,43.4,8300,43.45,D
sz300850,新强联,2025-10-14 14:12:57,43.38,6200,43.39,D
sz300850,新强联,2025-10-14 14:14:03,43.5,35400,43.44,U
sz300850,新强联,2025-10-14 14:14:12,43.5,9400,43.52,D
sz300850,新强联,2025-10-14 14:14:57,43.56,17000,43.57,D
sz300850,新强联,2025-10-14 14:15:03,43.57,11000,43.55,U
sz300850,新强联,2025-10-14 14:15:06,43.55,11600,43.57,D
sz300850,新强联,2025-10-14 14:15:51,43.47,16600,43.47,U
sz300850,新强联,2025-10-14 14:15:54,43.45,5200,43.47,D
sz300850,新强联,2025-10-14 14:16:03,43.45,5200,43.44,U
sz300850,新强联,2025-10-14 14:16:09,43.46,9700,43.44,U
sz300850,新强联,2025-10-14 14:16:12,43.45,5200,43.46,D
sz300850,新强联,2025-10-14 14:17:57,43.44,11100,43.42,U
sz300850,新强联,2025-10-14 14:18:15,43.41,23000,43.42,D
sz300850,新强联,2025-10-14 14:18:18,43.42,4800,43.41,U
sz300850,新强联,2025-10-14 14:18:27,43.4,6800,43.4,U
sz300850,新强联,2025-10-14 14:18:54,43.38,10700,43.39,D
sz300850,新强联,2025-10-14 14:19:12,43.41,8500,43.4,U
sz300850,新强联,2025-10-14 14:19:15,43.41,18900,43.41,U
sz300850,新强联,2025-10-14 14:19:24,43.43,5800,43.43,U
sz300850,新强联,2025-10-14 14:19:33,43.42,21900,43.43,D
sz300850,新强联,2025-10-14 14:19:36,43.42,4800,43.42,U
sz300850,新强联,2025-10-14 14:19:57,43.39,15100,43.4,D
sz300850,新强联,2025-10-14 14:20:03,43.37,7200,43.38,D
sz300850,新强联,2025-10-14 14:20:18,43.38,8700,43.35,U
sz300850,新强联,2025-10-14 14:20:21,43.39,8200,43.38,U
sz300850,新强联,2025-10-14 14:20:36,43.39,6100,43.39,D
sz300850,新强联,2025-10-14 14:20:39,43.39,8600,43.39,U
sz300850,新强联,2025-10-14 14:20:48,43.4,8500,43.41,D
sz300850,新强联,2025-10-14 14:20:57,43.4,5100,43.41,E
sz300850,新强联,2025-10-14 14:21:00,43.43,17300,43.4,U
sz300850,新强联,2025-10-14 14:21:03,43.47,13300,43.43,U
sz300850,新强联,2025-10-14 14:21:27,43.45,8300,43.46,D
sz300850,新强联,2025-10-14 14:21:33,43.44,22000,43.45,D
sz300850,新强联,2025-10-14 14:22:24,43.45,5100,43.45,U
sz300850,新强联,2025-10-14 14:22:27,43.45,10200,43.45,U
sz300850,新强联,2025-10-14 14:22:42,43.48,5300,43.47,U
sz300850,新强联,2025-10-14 14:22:51,43.52,35400,43.49,U
sz300850,新强联,2025-10-14 14:23:03,43.59,16800,43.53,U
sz300850,新强联,2025-10-14 14:23:06,43.53,5000,43.59,D
sz300850,新强联,2025-10-14 14:23:12,43.54,10100,43.54,U
sz300850,新强联,2025-10-14 14:23:21,43.52,20200,43.52,U
sz300850,新强联,2025-10-14 14:24:18,43.48,6100,43.5,D
sz300850,新强联,2025-10-14 14:25:00,43.44,7000,43.46,D
sz300850,新强联,2025-10-14 14:25:03,43.4,12600,43.44,D
sz300850,新强联,2025-10-14 14:25:09,43.4,5800,43.4,D
sz300850,新强联,2025-10-14 14:25:21,43.41,9100,43.4,U
sz300850,新强联,2025-10-14 14:25:33,43.38,23000,43.41,D
sz300850,新强联,2025-10-14 14:25:36,43.4,8800,43.38,U
sz300850,新强联,2025-10-14 14:25:42,43.39,5200,43.41,D
sz300850,新强联,2025-10-14 14:26:03,43.43,8300,43.39,U
sz300850,新强联,2025-10-14 14:26:09,43.45,7600,43.45,U
sz300850,新强联,2025-10-14 14:26:15,43.45,12100,43.46,D
sz300850,新强联,2025-10-14 14:26:48,43.44,5300,43.45,D
sz300850,新强联,2025-10-14 14:27:06,43.44,11000,43.44,D
sz300850,新强联,2025-10-14 14:27:39,43.41,4700,43.43,D
sz300850,新强联,2025-10-14 14:28:03,43.41,5300,43.42,D
sz300850,新强联,2025-10-14 14:28:33,43.35,8400,43.4,D
sz300850,新强联,2025-10-14 14:28:45,43.42,12100,43.4,U
sz300850,新强联,2025-10-14 14:29:03,43.45,19200,43.42,U
sz300850,新强联,2025-10-14 14:29:06,43.46,10900,43.45,U
sz300850,新强联,2025-10-14 14:29:27,43.59,5300,43.56,U
sz300850,新强联,2025-10-14 14:29:30,43.6,5100,43.59,U
sz300850,新强联,2025-10-14 14:29:33,43.63,4700,43.6,U
sz300850,新强联,2025-10-14 14:30:03,43.66,13800,43.69,D
sz300850,新强联,2025-10-14 14:30:06,43.61,6000,43.66,D
sz300850,新强联,2025-10-14 14:30:15,43.61,17000,43.63,U
sz300850,新强联,2025-10-14 14:30:33,43.62,5200,43.62,D
sz300850,新强联,2025-10-14 14:30:39,43.63,10500,43.62,U
sz300850,新强联,2025-10-14 14:30:42,43.63,6200,43.63,U
sz300850,新强联,2025-10-14 14:30:57,43.65,5700,43.61,U
sz300850,新强联,2025-10-14 14:31:09,43.69,5800,43.68,U
sz300850,新强联,2025-10-14 14:31:48,43.87,10900,43.87,D
sz300850,新强联,2025-10-14 14:31:51,43.9,7400,43.87,U
sz300850,新强联,2025-10-14 14:31:54,43.87,7900,43.9,E
sz300850,新强联,2025-10-14 14:31:57,43.83,7200,43.87,D
sz300850,新强联,2025-10-14 14:32:00,43.8,37900,43.83,D
sz300850,新强联,2025-10-14 14:32:03,43.82,5663,43.8,U
sz300850,新强联,2025-10-14 14:32:12,43.86,7500,43.84,U
sz300850,新强联,2025-10-14 14:32:39,43.92,23300,43.9,U
sz300850,新强联,2025-10-14 14:32:45,43.92,6900,43.9,U
sz300850,新强联,2025-10-14 14:33:00,43.9,6800,43.91,D
sz300850,新强联,2025-10-14 14:33:06,43.89,7100,43.9,D
sz300850,新强联,2025-10-14 14:33:09,43.85,8700,43.89,D
sz300850,新强联,2025-10-14 14:33:24,43.83,5300,43.82,U
sz300850,新强联,2025-10-14 14:33:27,43.8,6200,43.83,E
sz300850,新强联,2025-10-14 14:33:54,43.74,7400,43.78,D
sz300850,新强联,2025-10-14 14:34:03,43.74,4900,43.77,D
sz300850,新强联,2025-10-14 14:34:48,43.65,7000,43.6,U
sz300850,新强联,2025-10-14 14:34:51,43.65,5300,43.65,D
sz300850,新强联,2025-10-14 14:35:00,43.62,4800,43.62,U
sz300850,新强联,2025-10-14 14:35:09,43.6,4900,43.6,E
sz300850,新强联,2025-10-14 14:35:21,43.62,5100,43.62,U
sz300850,新强联,2025-10-14 14:35:42,43.58,6700,43.58,D
sz300850,新强联,2025-10-14 14:35:51,43.59,9600,43.58,U
sz300850,新强联,2025-10-14 14:36:12,43.48,11200,43.51,D
sz300850,新强联,2025-10-14 14:36:30,43.5,4800,43.5,D
sz300850,新强联,2025-10-14 14:36:33,43.55,8500,43.5,U
sz300850,新强联,2025-10-14 14:36:45,43.44,7100,43.48,D
sz300850,新强联,2025-10-14 14:36:51,43.42,8500,43.43,D
sz300850,新强联,2025-10-14 14:37:00,43.41,9200,43.43,D
sz300850,新强联,2025-10-14 14:37:06,43.4,6600,43.4,D
sz300850,新强联,2025-10-14 14:37:12,43.4,9100,43.39,U
sz300850,新强联,2025-10-14 14:37:15,43.4,13700,43.4,D
sz300850,新强联,2025-10-14 14:37:21,43.48,24600,43.43,U
sz300850,新强联,2025-10-14 14:37:30,43.5,14600,43.48,U
sz300850,新强联,2025-10-14 14:37:33,43.5,4800,43.5,U
sz300850,新强联,2025-10-14 14:37:57,43.44,19100,43.44,D
sz300850,新强联,2025-10-14 14:38:12,43.41,12200,43.43,D
sz300850,新强联,2025-10-14 14:38:36,43.4,10300,43.4,D
sz300850,新强联,2025-10-14 14:38:45,43.36,4800,43.37,D
sz300850,新强联,2025-10-14 14:38:51,43.35,10000,43.35,D
sz300850,新强联,2025-10-14 14:38:54,43.33,11800,43.35,D
sz300850,新强联,2025-10-14 14:39:03,43.33,11600,43.32,U
sz300850,新强联,2025-10-14 14:39:24,43.31,6900,43.36,D
sz300850,新强联,2025-10-14 14:39:57,43.33,5800,43.34,D
sz300850,新强联,2025-10-14 14:40:06,43.32,7700,43.33,D
sz300850,新强联,2025-10-14 14:40:15,43.3,20200,43.31,D
sz300850,新强联,2025-10-14 14:40:18,43.31,20600,43.3,U
sz300850,新强联,2025-10-14 14:40:21,43.31,7700,43.31,D
sz300850,新强联,2025-10-14 14:40:24,43.33,22400,43.31,U
sz300850,新强联,2025-10-14 14:40:27,43.31,14700,43.33,D
sz300850,新强联,2025-10-14 14:40:30,43.32,8600,43.31,U
sz300850,新强联,2025-10-14 14:40:36,43.3,6300,43.33,D
sz300850,新强联,2025-10-14 14:40:39,43.32,5400,43.3,U
sz300850,新强联,2025-10-14 14:40:45,43.28,5200,43.3,D
sz300850,新强联,2025-10-14 14:40:57,43.25,4900,43.25,D
sz300850,新强联,2025-10-14 14:41:03,43.24,10900,43.23,E
sz300850,新强联,2025-10-14 14:41:06,43.25,6700,43.24,U
sz300850,新强联,2025-10-14 14:41:09,43.23,10000,43.25,D
sz300850,新强联,2025-10-14 14:41:12,43.23,7800,43.23,D
sz300850,新强联,2025-10-14 14:41:15,43.23,6200,43.23,D
sz300850,新强联,2025-10-14 14:41:21,43.25,10900,43.24,U
sz300850,新强联,2025-10-14 14:41:24,43.27,18258,43.25,U
sz300850,新强联,2025-10-14 14:41:36,43.29,5900,43.28,U
sz300850,新强联,2025-10-14 14:41:39,43.27,10500,43.29,D
sz300850,新强联,2025-10-14 14:41:57,43.26,15000,43.28,D
sz300850,新强联,2025-10-14 14:42:00,43.27,21500,43.26,U
sz300850,新强联,2025-10-14 14:42:15,43.27,6700,43.27,U
sz300850,新强联,2025-10-14 14:42:39,43.3,28600,43.26,U
sz300850,新强联,2025-10-14 14:42:42,43.31,12600,43.3,U
sz300850,新强联,2025-10-14 14:42:57,43.29,12400,43.31,D
sz300850,新强联,2025-10-14 14:43:18,43.26,9300,43.25,U
sz300850,新强联,2025-10-14 14:43:21,43.25,4900,43.26,D
sz300850,新强联,2025-10-14 14:43:24,43.27,9200,43.25,U
sz300850,新强联,2025-10-14 14:43:27,43.29,8700,43.27,U
sz300850,新强联,2025-10-14 14:44:09,43.34,6800,43.34,U
sz300850,新强联,2025-10-14 14:44:33,43.3,4800,43.3,D
sz300850,新强联,2025-10-14 14:44:51,43.28,19300,43.3,D
sz300850,新强联,2025-10-14 14:44:57,43.28,5800,43.26,U
sz300850,新强联,2025-10-14 14:45:03,43.28,5500,43.27,U
sz300850,新强联,2025-10-14 14:45:06,43.26,9500,43.28,D
sz300850,新强联,2025-10-14 14:45:15,43.26,4800,43.27,D
sz300850,新强联,2025-10-14 14:45:24,43.28,9321,43.28,U
sz300850,新强联,2025-10-14 14:45:39,43.29,16300,43.29,U
sz300850,新强联,2025-10-14 14:45:54,43.27,6000,43.27,D
sz300850,新强联,2025-10-14 14:45:57,43.27,18400,43.27,D
sz300850,新强联,2025-10-14 14:46:03,43.27,4900,43.27,U
sz300850,新强联,2025-10-14 14:46:24,43.26,18200,43.26,D
sz300850,新强联,2025-10-14 14:46:33,43.27,6900,43.28,D
sz300850,新强联,2025-10-14 14:46:36,43.27,6100,43.27,U
sz300850,新强联,2025-10-14 14:46:39,43.26,9200,43.27,D
sz300850,新强联,2025-10-14 14:46:48,43.24,18579,43.25,D
sz300850,新强联,2025-10-14 14:46:51,43.24,7700,43.24,D
sz300850,新强联,2025-10-14 14:46:54,43.24,8900,43.24,D
sz300850,新强联,2025-10-14 14:47:03,43.23,4700,43.24,D
sz300850,新强联,2025-10-14 14:47:06,43.24,25300,43.23,U
sz300850,新强联,2025-10-14 14:47:09,43.27,24590,43.24,U
sz300850,新强联,2025-10-14 14:47:12,43.31,30391,43.27,U
sz300850,新强联,2025-10-14 14:47:15,43.33,6100,43.31,U
sz300850,新强联,2025-10-14 14:48:06,43.36,11200,43.31,U
sz300850,新强联,2025-10-14 14:48:21,43.37,5800,43.37,U
sz300850,新强联,2025-10-14 14:48:27,43.39,6700,43.38,U
sz300850,新强联,2025-10-14 14:48:33,43.43,26100,43.4,U
sz300850,新强联,2025-10-14 14:48:36,43.41,7300,43.43,D
sz300850,新强联,2025-10-14 14:48:45,43.37,11600,43.39,D
sz300850,新强联,2025-10-14 14:48:57,43.38,16700,43.38,D
sz300850,新强联,2025-10-14 14:49:12,43.38,8200,43.36,U
sz300850,新强联,2025-10-14 14:49:15,43.39,11900,43.38,U
sz300850,新强联,2025-10-14 14:49:30,43.38,6100,43.4,D
sz300850,新强联,2025-10-14 14:49:39,43.39,6300,43.39,U
sz300850,新强联,2025-10-14 14:49:42,43.41,7600,43.39,U
sz300850,新强联,2025-10-14 14:49:54,43.46,24000,43.44,U
sz300850,新强联,2025-10-14 14:50:09,43.46,5900,43.45,E
sz300850,新强联,2025-10-14 14:50:12,43.44,8100,43.46,D
sz300850,新强联,2025-10-14 14:50:21,43.46,6800,43.46,D
sz300850,新强联,2025-10-14 14:50:27,43.42,10600,43.44,D
sz300850,新强联,2025-10-14 14:50:30,43.43,8000,43.42,U
sz300850,新强联,2025-10-14 14:50:36,43.45,6700,43.43,U
sz300850,新强联,2025-10-14 14:50:39,43.43,7500,43.45,U
sz300850,新强联,2025-10-14 14:50:42,43.45,40600,43.43,U
sz300850,新强联,2025-10-14 14:50:45,43.44,14800,43.45,E
sz300850,新强联,2025-10-14 14:51:00,43.46,13600,43.43,U
sz300850,新强联,2025-10-14 14:51:03,43.48,13000,43.46,U
sz300850,新强联,2025-10-14 14:51:06,43.48,7800,43.48,U
sz300850,新强联,2025-10-14 14:51:09,43.45,5500,43.48,D
sz300850,新强联,2025-10-14 14:51:12,43.49,8100,43.45,U
sz300850,新强联,2025-10-14 14:51:18,43.47,18300,43.49,D
sz300850,新强联,2025-10-14 14:51:21,43.45,10200,43.47,E
sz300850,新强联,2025-10-14 14:51:42,43.49,6000,43.43,U
sz300850,新强联,2025-10-14 14:51:57,43.47,10200,43.44,U
sz300850,新强联,2025-10-14 14:52:12,43.5,13200,43.47,U
sz300850,新强联,2025-10-14 14:52:15,43.49,5400,43.5,U
sz300850,新强联,2025-10-14 14:52:18,43.51,6700,43.49,U
sz300850,新强联,2025-10-14 14:52:24,43.48,5900,43.5,E
sz300850,新强联,2025-10-14 14:52:27,43.46,13100,43.48,D
sz300850,新强联,2025-10-14 14:52:30,43.49,10500,43.46,U
sz300850,新强联,2025-10-14 14:52:39,43.48,5400,43.47,E
sz300850,新强联,2025-10-14 14:52:51,43.51,6000,43.5,U
sz300850,新强联,2025-10-14 14:52:54,43.5,6600,43.51,D
sz300850,新强联,2025-10-14 14:53:00,43.51,10700,43.49,U
sz300850,新强联,2025-10-14 14:53:12,43.58,9100,43.52,U
sz300850,新强联,2025-10-14 14:53:18,43.53,9900,43.54,D
sz300850,新强联,2025-10-14 14:53:30,43.55,4700,43.55,U
sz300850,新强联,2025-10-14 14:53:36,43.54,7900,43.56,D
sz300850,新强联,2025-10-14 14:53:39,43.56,5800,43.54,U
sz300850,新强联,2025-10-14 14:53:51,43.56,7600,43.55,U
sz300850,新强联,2025-10-14 14:53:54,43.57,5868,43.56,U
sz300850,新强联,2025-10-14 14:53:57,43.57,7200,43.57,U
sz300850,新强联,2025-10-14 14:54:00,43.56,5800,43.57,E
sz300850,新强联,2025-10-14 14:54:06,43.56,9200,43.58,D
sz300850,新强联,2025-10-14 14:54:09,43.56,5600,43.56,D
sz300850,新强联,2025-10-14 14:54:15,43.56,7232,43.56,U
sz300850,新强联,2025-10-14 14:54:18,43.53,19400,43.56,D
sz300850,新强联,2025-10-14 14:54:21,43.53,11500,43.53,D
sz300850,新强联,2025-10-14 14:54:24,43.54,8300,43.53,U
sz300850,新强联,2025-10-14 14:54:30,43.52,4900,43.53,U
sz300850,新强联,2025-10-14 14:54:33,43.53,7500,43.52,U
sz300850,新强联,2025-10-14 14:54:45,43.48,9200,43.5,D
sz300850,新强联,2025-10-14 14:54:48,43.49,6400,43.48,U
sz300850,新强联,2025-10-14 14:54:51,43.49,6900,43.49,U
sz300850,新强联,2025-10-14 14:55:00,43.49,7500,43.48,U
sz300850,新强联,2025-10-14 14:55:03,43.49,5100,43.49,U
sz300850,新强联,2025-10-14 14:55:06,43.48,9100,43.49,E
sz300850,新强联,2025-10-14 14:55:09,43.5,5200,43.48,U
sz300850,新强联,2025-10-14 14:55:18,43.53,4900,43.52,U
sz300850,新强联,2025-10-14 14:55:39,43.54,16600,43.54,D
sz300850,新强联,2025-10-14 14:55:45,43.57,14900,43.54,U
sz300850,新强联,2025-10-14 14:55:54,43.57,14300,43.55,U
sz300850,新强联,2025-10-14 14:55:57,43.53,8100,43.57,D
sz300850,新强联,2025-10-14 14:56:06,43.56,5700,43.53,U
sz300850,新强联,2025-10-14 14:56:09,43.55,4800,43.56,D
sz300850,新强联,2025-10-14 14:56:12,43.5,9100,43.55,D
sz300850,新强联,2025-10-14 14:56:27,43.49,9600,43.49,D
sz300850,新强联,2025-10-14 14:56:30,43.5,17100,43.49,U
sz300850,新强联,2025-10-14 14:56:33,43.49,8158,43.5,D
sz300850,新强联,2025-10-14 14:56:36,43.5,11442,43.49,E
sz300850,新强联,2025-10-14 14:56:45,43.47,5800,43.49,D
sz300850,新强联,2025-10-14 14:56:48,43.47,11500,43.47,D
sz300850,新强联,2025-10-14 15:00:00,43.46,202897,43.44,U
