symbol,name,ticktime,price,volume,prev_price,kind
sz300850,新强联,2025-10-21 09:25:00,43.95,229900,0.0,U
sz300850,新强联,2025-10-21 09:30:00,44.0,283800,43.95,U
sz300850,新强联,2025-10-21 09:30:03,44.16,110400,44.0,U
sz300850,新强联,2025-10-21 09:30:06,44.24,65268,44.16,U
sz300850,新强联,2025-10-21 09:30:09,44.33,28600,44.24,U
sz300850,新强联,2025-10-21 09:30:12,44.34,18800,44.33,U
sz300850,新强联,2025-10-21 09:30:15,44.44,28600,44.34,U
sz300850,新强联,2025-10-21 09:30:18,44.49,42600,44.44,U
sz300850,新强联,2025-10-21 09:30:21,44.4,33900,44.49,D
sz300850,新强联,2025-10-21 09:30:24,44.38,104100,44.4,D
sz300850,新强联,2025-10-21 09:30:27,44.25,23000,44.38,D
sz300850,新强联,2025-10-21 09:30:30,44.16,32800,44.25,D
sz300850,新强联,2025-10-21 09:30:33,44.15,19300,44.16,D
sz300850,新强联,2025-10-21 09:30:36,43.91,161300,44.15,D
sz300850,新强联,2025-10-21 09:30:39,43.9,36700,43.91,D
sz300850,新强联,2025-10-21 09:30:45,43.98,23500,44.04,D
sz300850,新强联,2025-10-21 09:30:48,44.01,5500,43.98,E
sz300850,新强联,2025-10-21 09:30:51,44.0,9900,44.01,E
sz300850,新强联,2025-10-21 09:30:54,43.92,22900,44.0,D
sz300850,新强联,2025-10-21 09:30:57,43.94,12500,43.92,D
sz300850,新强联,2025-10-21 09:31:00,43.94,28700,43.94,D
sz300850,新强联,2025-10-21 09:31:03,44.19,76100,43.94,U
sz300850,新强联,2025-10-21 09:31:06,44.07,32400,44.19,D
sz300850,新强联,2025-10-21 09:31:09,44.21,19400,44.07,U
sz300850,新强联,2025-10-21 09:31:12,44.28,15100,44.21,U
sz300850,新强联,2025-10-21 09:31:15,44.44,79300,44.28,U
sz300850,新强联,2025-10-21 09:31:18,44.49,59657,44.44,U
sz300850,新强联,2025-10-21 09:31:21,44.55,48900,44.49,U
sz300850,新强联,2025-10-21 09:31:24,44.5,46600,44.55,D
sz300850,新强联,2025-10-21 09:31:27,44.55,39100,44.5,U
sz300850,新强联,2025-10-21 09:31:30,44.76,70200,44.55,U
sz300850,新强联,2025-10-21 09:31:33,44.78,56100,44.76,U
sz300850,新强联,2025-10-21 09:31:36,44.87,42800,44.78,U
sz300850,新强联,2025-10-21 09:31:39,44.85,78100,44.87,D
sz300850,新强联,2025-10-21 09:31:42,44.9,25800,44.85,U
sz300850,新强联,2025-10-21 09:31:45,44.97,46000,44.9,U
sz300850,新强联,2025-10-21 09:31:48,45.03,66800,44.97,U
sz300850,新强联,2025-10-21 09:31:51,45.06,31700,45.03,U
sz300850,新强联,2025-10-21 09:31:54,44.88,93300,45.06,D
sz300850,新强联,2025-10-21 09:31:57,45.24,225500,44.88,U
sz300850,新强联,2025-10-21 09:32:00,45.04,214500,45.24,D
sz300850,新强联,2025-10-21 09:32:03,45.12,70700,45.04,U
sz300850,新强联,2025-10-21 09:32:06,44.96,188000,45.12,D
sz300850,新强联,2025-10-21 09:32:09,44.91,37200,44.96,D
sz300850,新强联,2025-10-21 09:32:12,44.76,39100,44.91,D
sz300850,新强联,2025-10-21 09:32:15,44.88,35900,44.76,U
sz300850,新强联,2025-10-21 09:32:18,44.9,39600,44.88,U
sz300850,新强联,2025-10-21 09:32:21,44.9,97900,44.9,U
sz300850,新强联,2025-10-21 09:32:24,44.97,40800,44.9,U
sz300850,新强联,2025-10-21 09:32:27,44.9,36800,44.97,D
sz300850,新强联,2025-10-21 09:32:30,44.94,21300,44.9,U
sz300850,新强联,2025-10-21 09:32:33,44.89,11700,44.94,D
sz300850,新强联,2025-10-21 09:32:36,44.81,37800,44.89,D
sz300850,新强联,2025-10-21 09:32:39,44.8,23000,44.81,D
sz300850,新强联,2025-10-21 09:32:42,44.8,67900,44.8,U
sz300850,新强联,2025-10-21 09:32:45,44.8,27800,44.8,U
sz300850,新强联,2025-10-21 09:32:48,44.72,39400,44.8,D
sz300850,新强联,2025-10-21 09:32:51,44.68,12000,44.72,D
sz300850,新强联,2025-10-21 09:32:54,44.72,21100,44.68,E
sz300850,新强联,2025-10-21 09:32:57,44.72,18200,44.72,D
sz300850,新强联,2025-10-21 09:33:00,44.8,17700,44.72,U
sz300850,新强联,2025-10-21 09:33:03,44.93,95400,44.8,U
sz300850,新强联,2025-10-21 09:33:06,44.98,25300,44.93,U
sz300850,新强联,2025-10-21 09:33:09,44.87,29000,44.98,D
sz300850,新强联,2025-10-21 09:33:12,44.86,19700,44.87,U
sz300850,新强联,2025-10-21 09:33:15,44.86,31300,44.86,U
sz300850,新强联,2025-10-21 09:33:18,44.86,78100,44.86,E
sz300850,新强联,2025-10-21 09:33:21,44.91,40400,44.86,U
sz300850,新强联,2025-10-21 09:33:24,44.91,16300,44.91,U
sz300850,新强联,2025-10-21 09:33:27,44.92,9700,44.91,U
sz300850,新强联,2025-10-21 09:33:30,44.92,11600,44.92,D
sz300850,新强联,2025-10-21 09:33:33,44.83,53600,44.92,D
sz300850,新强联,2025-10-21 09:33:36,44.83,5600,44.83,U
sz300850,新强联,2025-10-21 09:33:39,44.73,21000,44.83,D
sz300850,新强联,2025-10-21 09:33:42,44.72,7300,44.73,D
sz300850,新强联,2025-10-21 09:33:45,44.68,6800,44.72,D
sz300850,新强联,2025-10-21 09:33:48,44.67,16300,44.68,D
sz300850,新强联,2025-10-21 09:33:51,44.63,8800,44.67,D
sz300850,新强联,2025-10-21 09:33:54,44.59,14300,44.63,D
sz300850,新强联,2025-10-21 09:33:57,44.51,11300,44.59,D
sz300850,新强联,2025-10-21 09:34:00,44.59,31500,44.51,U
sz300850,新强联,2025-10-21 09:34:03,44.52,18900,44.59,D
sz300850,新强联,2025-10-21 09:34:06,44.52,6000,44.52,D
sz300850,新强联,2025-10-21 09:34:09,44.53,18100,44.52,U
sz300850,新强联,2025-10-21 09:34:12,44.4,46700,44.53,D
sz300850,新强联,2025-10-21 09:34:21,44.26,47100,44.4,D
sz300850,新强联,2025-10-21 09:34:24,44.28,6600,44.26,U
sz300850,新强联,2025-10-21 09:34:27,44.35,8800,44.28,U
sz300850,新强联,2025-10-21 09:34:30,44.26,24800,44.35,D
sz300850,新强联,2025-10-21 09:34:33,44.33,4900,44.26,U
sz300850,新强联,2025-10-21 09:34:36,44.4,18500,44.33,U
sz300850,新强联,2025-10-21 09:34:39,44.33,15600,44.4,D
sz300850,新强联,2025-10-21 09:34:42,44.37,13300,44.33,D
sz300850,新强联,2025-10-21 09:34:45,44.37,9400,44.37,U
sz300850,新强联,2025-10-21 09:34:48,44.3,23000,44.37,D
sz300850,新强联,2025-10-21 09:34:51,44.3,13500,44.3,U
sz300850,新强联,2025-10-21 09:34:54,44.2,29600,44.3,D
sz300850,新强联,2025-10-21 09:34:57,44.23,16400,44.2,U
sz300850,新强联,2025-10-21 09:35:00,44.2,11800,44.23,D
sz300850,新强联,2025-10-21 09:35:03,44.13,11000,44.2,D
sz300850,新强联,2025-10-21 09:35:06,44.2,56600,44.13,U
sz300850,新强联,2025-10-21 09:35:09,44.17,8500,44.2,U
sz300850,新强联,2025-10-21 09:35:12,44.09,8700,44.17,D
sz300850,新强联,2025-10-21 09:35:18,44.09,33400,44.11,D
sz300850,新强联,2025-10-21 09:35:21,44.0,34200,44.09,D
sz300850,新强联,2025-10-21 09:35:24,44.0,10500,44.0,D
sz300850,新强联,2025-10-21 09:35:27,44.0,5800,44.0,U
sz300850,新强联,2025-10-21 09:35:33,43.97,11500,43.98,D
sz300850,新强联,2025-10-21 09:35:36,43.94,6700,43.97,D
sz300850,新强联,2025-10-21 09:35:39,43.96,7600,43.94,E
sz300850,新强联,2025-10-21 09:35:42,43.95,10800,43.96,D
sz300850,新强联,2025-10-21 09:35:45,43.92,5900,43.95,D
sz300850,新强联,2025-10-21 09:35:48,43.9,11300,43.92,D
sz300850,新强联,2025-10-21 09:35:51,43.8,26100,43.9,D
sz300850,新强联,2025-10-21 09:35:54,43.79,18500,43.8,U
sz300850,新强联,2025-10-21 09:35:57,43.71,10700,43.79,D
sz300850,新强联,2025-10-21 09:36:00,43.79,5500,43.71,U
sz300850,新强联,2025-10-21 09:36:03,43.84,31100,43.79,U
sz300850,新强联,2025-10-21 09:36:06,43.86,56900,43.84,U
sz300850,新强联,2025-10-21 09:36:09,43.94,7500,43.86,U
sz300850,新强联,2025-10-21 09:36:12,44.03,23900,43.94,U
sz300850,新强联,2025-10-21 09:36:15,44.04,5900,44.03,U
sz300850,新强联,2025-10-21 09:36:18,44.11,5800,44.04,U
sz300850,新强联,2025-10-21 09:36:21,44.09,14700,44.11,D
sz300850,新强联,2025-10-21 09:36:27,44.1,4700,44.09,U
sz300850,新强联,2025-10-21 09:36:30,44.12,9300,44.1,U
sz300850,新强联,2025-10-21 09:36:36,44.12,9500,44.1,U
sz300850,新强联,2025-10-21 09:36:39,44.15,89800,44.12,U
sz300850,新强联,2025-10-21 09:36:42,44.24,44100,44.15,U
sz300850,新强联,2025-10-21 09:36:45,44.28,6300,44.24,E
sz300850,新强联,2025-10-21 09:36:48,44.42,18100,44.28,U
sz300850,新强联,2025-10-21 09:36:51,44.44,83600,44.42,U
sz300850,新强联,2025-10-21 09:36:54,44.51,11000,44.44,E
sz300850,新强联,2025-10-21 09:36:57,44.45,8800,44.51,D
sz300850,新强联,2025-10-21 09:37:00,44.51,11900,44.45,U
sz300850,新强联,2025-10-21 09:37:03,44.4,11000,44.51,D
sz300850,新强联,2025-10-21 09:37:06,44.42,13600,44.4,U
sz300850,新强联,2025-10-21 09:37:09,44.37,11600,44.42,U
sz300850,新强联,2025-10-21 09:37:12,44.25,13700,44.37,D
sz300850,新强联,2025-10-21 09:37:15,44.15,22000,44.25,D
sz300850,新强联,2025-10-21 09:37:18,44.15,10600,44.15,D
sz300850,新强联,2025-10-21 09:37:21,44.17,55800,44.15,D
sz300850,新强联,2025-10-21 09:37:24,44.2,16800,44.17,D
sz300850,新强联,2025-10-21 09:37:27,44.15,11400,44.2,D
sz300850,新强联,2025-10-21 09:37:30,44.18,17900,44.15,U
sz300850,新强联,2025-10-21 09:37:39,44.22,14200,44.17,U
sz300850,新强联,2025-10-21 09:37:42,44.18,5300,44.22,D
sz300850,新强联,2025-10-21 09:37:48,44.15,11000,44.18,D
sz300850,新强联,2025-10-21 09:37:51,44.11,6200,44.15,D
sz300850,新强联,2025-10-21 09:37:54,44.08,7400,44.11,E
sz300850,新强联,2025-10-21 09:37:57,44.08,7600,44.08,E
sz300850,新强联,2025-10-21 09:38:00,44.15,12300,44.08,U
sz300850,新强联,2025-10-21 09:38:03,44.18,5600,44.15,U
sz300850,新强联,2025-10-21 09:38:06,44.2,9600,44.18,D
sz300850,新强联,2025-10-21 09:38:09,44.19,18000,44.2,E
sz300850,新强联,2025-10-21 09:38:18,44.11,28200,44.22,D
sz300850,新强联,2025-10-21 09:38:21,44.09,24000,44.11,D
sz300850,新强联,2025-10-21 09:38:27,44.14,10600,44.06,U
sz300850,新强联,2025-10-21 09:38:30,44.13,9100,44.14,E
sz300850,新强联,2025-10-21 09:38:36,44.15,12800,44.15,U
sz300850,新强联,2025-10-21 09:38:39,44.08,23600,44.15,D
sz300850,新强联,2025-10-21 09:38:45,44.0,9500,44.05,D
sz300850,新强联,2025-10-21 09:38:48,44.08,4800,44.0,U
sz300850,新强联,2025-10-21 09:38:51,44.01,9800,44.08,D
sz300850,新强联,2025-10-21 09:38:54,44.0,33800,44.01,D
sz300850,新强联,2025-10-21 09:39:00,43.99,15900,44.01,D
sz300850,新强联,2025-10-21 09:39:03,44.0,18800,43.99,U
sz300850,新强联,2025-10-21 09:39:09,43.91,7300,43.99,D
sz300850,新强联,2025-10-21 09:39:12,44.09,47400,43.91,U
sz300850,新强联,2025-10-21 09:39:15,44.13,11800,44.09,U
sz300850,新强联,2025-10-21 09:39:18,44.05,7200,44.13,D
sz300850,新强联,2025-10-21 09:39:21,44.05,17400,44.05,E
sz300850,新强联,2025-10-21 09:39:27,44.05,12500,44.05,U
sz300850,新强联,2025-10-21 09:39:30,44.06,6600,44.05,U
sz300850,新强联,2025-10-21 09:39:36,44.14,6600,44.06,U
sz300850,新强联,2025-10-21 09:39:42,44.17,22000,44.13,U
sz300850,新强联,2025-10-21 09:39:45,44.17,8900,44.17,D
sz300850,新强联,2025-10-21 09:39:48,44.15,6400,44.17,D
sz300850,新强联,2025-10-21 09:39:51,44.14,32800,44.15,D
sz300850,新强联,2025-10-21 09:40:00,44.01,38600,44.1,D
sz300850,新强联,2025-10-21 09:40:06,44.06,5800,44.05,U
sz300850,新强联,2025-10-21 09:40:12,44.11,31400,44.01,U
sz300850,新强联,2025-10-21 09:40:15,44.13,20800,44.11,U
sz300850,新强联,2025-10-21 09:40:18,44.01,9700,44.13,D
sz300850,新强联,2025-10-21 09:40:24,44.06,10200,44.01,U
sz300850,新强联,2025-10-21 09:40:39,44.06,4900,44.05,U
sz300850,新强联,2025-10-21 09:40:42,44.16,27800,44.06,U
sz300850,新强联,2025-10-21 09:40:54,44.19,4700,44.15,U
sz300850,新强联,2025-10-21 09:41:03,44.2,6500,44.2,U
sz300850,新强联,2025-10-21 09:41:12,44.15,4600,44.17,D
sz300850,新强联,2025-10-21 09:41:21,44.06,55800,44.11,D
sz300850,新强联,2025-10-21 09:41:24,44.02,15600,44.06,D
sz300850,新强联,2025-10-21 09:41:27,44.0,10100,44.02,D
sz300850,新强联,2025-10-21 09:41:30,44.0,9900,44.0,D
sz300850,新强联,2025-10-21 09:41:36,44.01,5900,44.06,D
sz300850,新强联,2025-10-21 09:41:42,44.01,13500,43.98,E
sz300850,新强联,2025-10-21 09:41:48,44.1,13200,44.1,U
sz300850,新强联,2025-10-21 09:41:51,44.14,10000,44.1,U
sz300850,新强联,2025-10-21 09:42:12,44.15,7400,44.13,U
sz300850,新强联,2025-10-21 09:42:18,44.16,21500,44.14,U
sz300850,新强联,2025-10-21 09:42:27,44.17,14700,44.17,U
sz300850,新强联,2025-10-21 09:42:30,44.18,7300,44.17,U
sz300850,新强联,2025-10-21 09:42:33,44.15,6400,44.18,D
sz300850,新强联,2025-10-21 09:42:36,44.15,12000,44.15,D
sz300850,新强联,2025-10-21 09:42:45,44.21,12700,44.16,U
sz300850,新强联,2025-10-21 09:42:51,44.15,9500,44.2,D
sz300850,新强联,2025-10-21 09:42:54,44.14,6400,44.15,D
sz300850,新强联,2025-10-21 09:42:57,44.18,5100,44.14,E
sz300850,新强联,2025-10-21 09:43:00,44.25,8500,44.18,U
sz300850,新强联,2025-10-21 09:43:06,44.24,9200,44.19,U
sz300850,新强联,2025-10-21 09:43:18,44.33,13000,44.3,U
sz300850,新强联,2025-10-21 09:43:21,44.33,6700,44.33,D
sz300850,新强联,2025-10-21 09:43:24,44.35,14500,44.33,U
sz300850,新强联,2025-10-21 09:43:30,44.3,14000,44.32,D
sz300850,新强联,2025-10-21 09:43:36,44.26,11000,44.3,D
sz300850,新强联,2025-10-21 09:43:39,44.25,7500,44.26,D
sz300850,新强联,2025-10-21 09:43:42,44.2,7200,44.25,D
sz300850,新强联,2025-10-21 09:43:45,44.32,29900,44.2,U
sz300850,新强联,2025-10-21 09:43:48,44.32,5900,44.32,U
sz300850,新强联,2025-10-21 09:43:54,44.43,12800,44.32,U
sz300850,新强联,2025-10-21 09:44:00,44.43,4700,44.41,E
sz300850,新强联,2025-10-21 09:44:03,44.55,21200,44.43,U
sz300850,新强联,2025-10-21 09:44:09,44.58,23700,44.55,U
sz300850,新强联,2025-10-21 09:44:15,44.53,24200,44.58,D
sz300850,新强联,2025-10-21 09:44:18,44.55,19600,44.53,U
sz300850,新强联,2025-10-21 09:44:21,44.55,16600,44.55,U
sz300850,新强联,2025-10-21 09:44:27,44.59,42500,44.53,U
sz300850,新强联,2025-10-21 09:44:30,44.61,46700,44.59,U
sz300850,新强联,2025-10-21 09:44:33,44.59,11800,44.61,D
sz300850,新强联,2025-10-21 09:44:36,44.49,26600,44.59,D
sz300850,新强联,2025-10-21 09:44:39,44.44,5500,44.49,D
sz300850,新强联,2025-10-21 09:44:42,44.5,8200,44.44,U
sz300850,新强联,2025-10-21 09:44:51,44.54,12700,44.51,U
sz300850,新强联,2025-10-21 09:44:54,44.55,12500,44.54,U
sz300850,新强联,2025-10-21 09:45:03,44.54,8100,44.57,D
sz300850,新强联,2025-10-21 09:45:06,44.57,10000,44.54,U
sz300850,新强联,2025-10-21 09:45:09,44.58,12100,44.57,U
sz300850,新强联,2025-10-21 09:45:18,44.6,7300,44.57,U
sz300850,新强联,2025-10-21 09:45:21,44.57,17300,44.6,D
sz300850,新强联,2025-10-21 09:45:30,44.55,7200,44.55,U
sz300850,新强联,2025-10-21 09:45:33,44.51,19900,44.55,D
sz300850,新强联,2025-10-21 09:45:36,44.54,34900,44.51,E
sz300850,新强联,2025-10-21 09:45:39,44.51,5400,44.54,E
sz300850,新强联,2025-10-21 09:45:42,44.45,9100,44.51,D
sz300850,新强联,2025-10-21 09:45:51,44.33,48700,44.4,D
sz300850,新强联,2025-10-21 09:46:03,44.19,8800,44.29,D
sz300850,新强联,2025-10-21 09:46:09,44.21,25500,44.17,U
sz300850,新强联,2025-10-21 09:46:18,44.25,23800,44.22,U
sz300850,新强联,2025-10-21 09:46:21,44.2,11500,44.25,D
sz300850,新强联,2025-10-21 09:46:33,44.27,13400,44.25,U
sz300850,新强联,2025-10-21 09:46:45,44.37,4700,44.37,U
sz300850,新强联,2025-10-21 09:46:54,44.46,8300,44.43,U
sz300850,新强联,2025-10-21 09:47:00,44.51,9800,44.49,U
sz300850,新强联,2025-10-21 09:47:03,44.49,8200,44.51,E
sz300850,新强联,2025-10-21 09:47:21,44.45,5500,44.48,D
sz300850,新强联,2025-10-21 09:47:24,44.47,8900,44.45,U
sz300850,新强联,2025-10-21 09:47:27,44.4,15900,44.47,D
sz300850,新强联,2025-10-21 09:47:33,44.38,15800,44.39,D
sz300850,新强联,2025-10-21 09:47:39,44.36,5900,44.39,D
sz300850,新强联,2025-10-21 09:47:48,44.36,6000,44.37,D
sz300850,新强联,2025-10-21 09:47:54,44.35,7400,44.36,D
sz300850,新强联,2025-10-21 09:47:57,44.37,6600,44.35,U
sz300850,新强联,2025-10-21 09:48:00,44.35,18100,44.37,E
sz300850,新强联,2025-10-21 09:48:03,44.48,16600,44.35,U
sz300850,新强联,2025-10-21 09:48:06,44.51,6400,44.48,U
sz300850,新强联,2025-10-21 09:48:15,44.41,30900,44.5,D
sz300850,新强联,2025-10-21 09:48:18,44.35,29300,44.41,D
sz300850,新强联,2025-10-21 09:48:24,44.32,4900,44.35,D
sz300850,新强联,2025-10-21 09:48:36,44.29,7500,44.31,D
sz300850,新强联,2025-10-21 09:48:39,44.29,4700,44.29,U
sz300850,新强联,2025-10-21 09:48:51,44.33,11300,44.29,U
sz300850,新强联,2025-10-21 09:48:54,44.32,4900,44.33,E
sz300850,新强联,2025-10-21 09:49:03,44.33,6500,44.35,D
sz300850,新强联,2025-10-21 09:49:09,44.38,5600,44.33,U
sz300850,新强联,2025-10-21 09:49:15,44.33,15200,44.33,D
sz300850,新强联,2025-10-21 09:49:27,44.26,5600,44.3,D
sz300850,新强联,2025-10-21 09:49:30,44.22,15800,44.26,D
sz300850,新强联,2025-10-21 09:49:42,44.25,15700,44.24,U
sz300850,新强联,2025-10-21 09:49:45,44.25,5100,44.25,D
sz300850,新强联,2025-10-21 09:49:57,44.23,16400,44.25,D
sz300850,新强联,2025-10-21 09:50:03,44.26,12007,44.28,E
sz300850,新强联,2025-10-21 09:50:09,44.33,8400,44.26,U
sz300850,新强联,2025-10-21 09:50:15,44.32,5200,44.34,D
sz300850,新强联,2025-10-21 09:50:27,44.31,8700,44.31,D
sz300850,新强联,2025-10-21 09:50:36,44.31,7400,44.32,D
sz300850,新强联,2025-10-21 09:50:45,44.31,13900,44.3,U
sz300850,新强联,2025-10-21 09:50:48,44.31,6900,44.31,U
sz300850,新强联,2025-10-21 09:50:51,44.33,11500,44.31,U
sz300850,新强联,2025-10-21 09:51:03,44.43,7300,44.39,U
sz300850,新强联,2025-10-21 09:51:18,44.39,5100,44.45,D
sz300850,新强联,2025-10-21 09:51:24,44.4,32900,44.4,U
sz300850,新强联,2025-10-21 09:51:30,44.33,13000,44.35,D
sz300850,新强联,2025-10-21 09:51:33,44.33,5500,44.33,U
sz300850,新强联,2025-10-21 09:51:51,44.32,14800,44.33,D
sz300850,新强联,2025-10-21 09:52:00,44.23,10500,44.3,D
sz300850,新强联,2025-10-21 09:52:03,44.23,12400,44.23,D
sz300850,新强联,2025-10-21 09:52:06,44.18,5800,44.23,D
sz300850,新强联,2025-10-21 09:52:09,44.17,8200,44.18,D
sz300850,新强联,2025-10-21 09:52:12,44.14,5000,44.17,E
sz300850,新强联,2025-10-21 09:52:18,44.08,37000,44.14,E
sz300850,新强联,2025-10-21 09:52:27,44.13,6300,44.1,E
sz300850,新强联,2025-10-21 09:52:30,44.13,25300,44.13,U
sz300850,新强联,2025-10-21 09:52:42,44.22,4800,44.23,E
sz300850,新强联,2025-10-21 09:52:45,44.13,7900,44.22,D
sz300850,新强联,2025-10-21 09:53:06,44.11,10000,44.13,D
sz300850,新强联,2025-10-21 09:53:09,44.1,7300,44.11,D
sz300850,新强联,2025-10-21 09:53:24,44.09,6800,44.09,U
sz300850,新强联,2025-10-21 09:53:42,44.06,11100,44.09,D
sz300850,新强联,2025-10-21 09:53:45,44.04,9400,44.06,D
sz300850,新强联,2025-10-21 09:53:48,44.08,11200,44.04,U
sz300850,新强联,2025-10-21 09:53:54,44.02,4900,44.02,U
sz300850,新强联,2025-10-21 09:54:00,44.03,9600,44.03,D
sz300850,新强联,2025-10-21 09:54:21,44.02,11400,44.04,D
sz300850,新强联,2025-10-21 09:54:27,44.0,10800,44.01,D
sz300850,新强联,2025-10-21 09:54:30,44.02,6800,44.0,U
sz300850,新强联,2025-10-21 09:54:36,44.0,5200,44.0,D
sz300850,新强联,2025-10-21 09:54:39,44.0,16700,44.0,D
sz300850,新强联,2025-10-21 09:54:42,43.99,7900,44.0,D
sz300850,新强联,2025-10-21 09:54:45,43.97,19400,43.99,D
sz300850,新强联,2025-10-21 09:54:48,43.96,13900,43.97,D
sz300850,新强联,2025-10-21 09:54:57,43.91,7400,43.91,D
sz300850,新强联,2025-10-21 09:55:00,43.83,41500,43.91,D
sz300850,新强联,2025-10-21 09:55:15,43.84,14900,43.82,E
sz300850,新强联,2025-10-21 09:55:18,43.84,13400,43.84,D
sz300850,新强联,2025-10-21 09:55:21,43.81,25800,43.84,D
sz300850,新强联,2025-10-21 09:55:24,43.81,6600,43.81,D
sz300850,新强联,2025-10-21 09:55:33,43.82,4600,43.83,D
sz300850,新强联,2025-10-21 09:55:39,43.85,11400,43.83,U
sz300850,新强联,2025-10-21 09:55:45,43.81,12100,43.85,D
sz300850,新强联,2025-10-21 09:55:54,43.83,5300,43.85,E
sz300850,新强联,2025-10-21 09:55:57,43.85,5000,43.83,U
sz300850,新强联,2025-10-21 09:56:03,43.83,36900,43.85,D
sz300850,新强联,2025-10-21 09:56:06,43.86,15700,43.83,E
sz300850,新强联,2025-10-21 09:56:12,43.91,11800,43.87,U
sz300850,新强联,2025-10-21 09:56:21,43.98,7800,43.97,U
sz300850,新强联,2025-10-21 09:56:27,43.98,7400,43.98,U
sz300850,新强联,2025-10-21 09:56:30,43.95,20400,43.98,D
sz300850,新强联,2025-10-21 09:56:36,43.92,9200,43.95,D
sz300850,新强联,2025-10-21 09:56:39,43.95,4900,43.92,U
sz300850,新强联,2025-10-21 09:56:42,43.97,8100,43.95,U
sz300850,新强联,2025-10-21 09:56:48,43.91,6400,43.93,D
sz300850,新强联,2025-10-21 09:56:51,43.89,11900,43.91,D
sz300850,新强联,2025-10-21 09:57:00,43.88,10300,43.88,D
sz300850,新强联,2025-10-21 09:57:15,43.81,44800,43.87,D
sz300850,新强联,2025-10-21 09:57:18,43.81,9500,43.81,D
sz300850,新强联,2025-10-21 09:58:03,43.95,4900,43.95,U
sz300850,新强联,2025-10-21 09:58:15,44.05,9500,43.97,U
sz300850,新强联,2025-10-21 09:58:24,44.1,15200,44.08,U
sz300850,新强联,2025-10-21 09:58:30,44.18,12600,44.1,U
sz300850,新强联,2025-10-21 09:58:39,44.18,5700,44.14,U
sz300850,新强联,2025-10-21 09:58:42,44.09,5700,44.18,D
sz300850,新强联,2025-10-21 09:58:48,44.17,12600,44.14,U
sz300850,新强联,2025-10-21 09:58:51,44.15,12300,44.17,D
sz300850,新强联,2025-10-21 09:59:15,44.16,9400,44.1,U
sz300850,新强联,2025-10-21 09:59:30,44.16,16800,44.15,U
sz300850,新强联,2025-10-21 09:59:45,44.18,12400,44.15,U
sz300850,新强联,2025-10-21 09:59:57,44.2,11400,44.13,U
sz300850,新强联,2025-10-21 10:00:00,44.12,12400,44.2,D
sz300850,新强联,2025-10-21 10:00:03,44.06,16200,44.12,D
sz300850,新强联,2025-10-21 10:00:06,44.09,38700,44.06,U
sz300850,新强联,2025-10-21 10:00:15,44.07,12000,44.09,D
sz300850,新强联,2025-10-21 10:00:18,44.09,5400,44.07,D
sz300850,新强联,2025-10-21 10:00:21,44.04,6300,44.09,D
sz300850,新强联,2025-10-21 10:00:39,43.98,9100,43.97,E
sz300850,新强联,2025-10-21 10:00:45,43.95,8800,43.95,D
sz300850,新强联,2025-10-21 10:00:48,43.95,19700,43.95,D
sz300850,新强联,2025-10-21 10:00:57,44.02,20900,43.93,U
sz300850,新强联,2025-10-21 10:01:00,43.98,11100,44.02,D
sz300850,新强联,2025-10-21 10:01:12,43.92,5500,43.97,D
sz300850,新强联,2025-10-21 10:01:15,43.88,6700,43.92,D
sz300850,新强联,2025-10-21 10:01:39,43.87,33500,43.9,D
sz300850,新强联,2025-10-21 10:01:42,43.89,28000,43.87,U
sz300850,新强联,2025-10-21 10:01:54,43.86,5300,43.88,D
sz300850,新强联,2025-10-21 10:02:09,43.87,13000,43.85,U
sz300850,新强联,2025-10-21 10:02:12,43.94,11000,43.87,U
sz300850,新强联,2025-10-21 10:02:21,43.99,7400,43.97,U
sz300850,新强联,2025-10-21 10:02:42,43.93,6300,43.9,U
sz300850,新强联,2025-10-21 10:02:45,43.89,7300,43.93,D
sz300850,新强联,2025-10-21 10:02:48,43.84,11600,43.89,D
sz300850,新强联,2025-10-21 10:03:03,43.8,32500,43.84,D
sz300850,新强联,2025-10-21 10:03:09,43.79,9300,43.8,D
sz300850,新强联,2025-10-21 10:03:12,43.8,7200,43.79,U
sz300850,新强联,2025-10-21 10:03:18,43.83,5800,43.81,U
sz300850,新强联,2025-10-21 10:03:33,43.86,5200,43.86,D
sz300850,新强联,2025-10-21 10:04:06,43.99,20300,43.98,U
sz300850,新强联,2025-10-21 10:04:09,43.99,9600,43.99,U
sz300850,新强联,2025-10-21 10:04:18,44.04,9000,44.0,U
sz300850,新强联,2025-10-21 10:04:30,44.08,4600,44.06,U
sz300850,新强联,2025-10-21 10:04:33,44.09,6400,44.08,U
sz300850,新强联,2025-10-21 10:04:36,44.15,4900,44.09,U
sz300850,新强联,2025-10-21 10:04:39,44.15,17300,44.15,E
sz300850,新强联,2025-10-21 10:04:42,44.22,16000,44.15,U
sz300850,新强联,2025-10-21 10:04:48,44.25,4800,44.25,U
sz300850,新强联,2025-10-21 10:05:06,44.29,11800,44.27,U
sz300850,新强联,2025-10-21 10:05:18,44.33,7400,44.33,D
sz300850,新强联,2025-10-21 10:05:27,44.26,6700,44.31,D
sz300850,新强联,2025-10-21 10:05:33,44.31,29200,44.26,U
sz300850,新强联,2025-10-21 10:06:00,44.25,7100,44.25,U
sz300850,新强联,2025-10-21 10:06:06,44.26,5200,44.23,U
sz300850,新强联,2025-10-21 10:06:18,44.21,5100,44.25,D
sz300850,新强联,2025-10-21 10:06:21,44.17,6200,44.21,D
sz300850,新强联,2025-10-21 10:07:12,44.1,4600,44.13,E
sz300850,新强联,2025-10-21 10:08:15,44.12,5100,44.18,D
sz300850,新强联,2025-10-21 10:08:18,44.12,6200,44.12,D
sz300850,新强联,2025-10-21 10:08:27,44.12,5500,44.08,U
sz300850,新强联,2025-10-21 10:08:36,44.11,12400,44.13,E
sz300850,新强联,2025-10-21 10:08:51,44.13,11300,44.13,D
sz300850,新强联,2025-10-21 10:08:54,44.22,10000,44.13,U
sz300850,新强联,2025-10-21 10:09:00,44.13,10000,44.25,D
sz300850,新强联,2025-10-21 10:09:15,44.13,7000,44.14,D
sz300850,新强联,2025-10-21 10:10:18,44.0,4800,44.03,D
sz300850,新强联,2025-10-21 10:10:27,43.99,6300,44.0,U
sz300850,新强联,2025-10-21 10:10:45,43.99,6100,44.0,E
sz300850,新强联,2025-10-21 10:10:51,44.0,10900,44.0,U
sz300850,新强联,2025-10-21 10:11:09,44.04,7700,44.02,U
sz300850,新强联,2025-10-21 10:11:27,44.02,17900,44.0,U
sz300850,新强联,2025-10-21 10:12:12,43.79,37400,43.88,D
sz300850,新强联,2025-10-21 10:12:18,43.73,5700,43.76,D
sz300850,新强联,2025-10-21 10:12:33,43.73,31100,43.73,U
sz300850,新强联,2025-10-21 10:12:45,43.71,13700,43.74,D
sz300850,新强联,2025-10-21 10:13:03,43.77,22800,43.75,U
sz300850,新强联,2025-10-21 10:13:15,43.78,14900,43.79,E
sz300850,新强联,2025-10-21 10:13:18,43.72,8900,43.78,D
sz300850,新强联,2025-10-21 10:13:21,43.73,5000,43.72,E
sz300850,新强联,2025-10-21 10:13:45,43.78,6500,43.79,D
sz300850,新强联,2025-10-21 10:13:48,43.74,18700,43.78,D
sz300850,新强联,2025-10-21 10:14:21,43.8,9900,43.8,U
sz300850,新强联,2025-10-21 10:14:36,43.77,5400,43.77,U
sz300850,新强联,2025-10-21 10:15:00,43.84,8300,43.77,U
sz300850,新强联,2025-10-21 10:15:09,43.79,5000,43.79,U
sz300850,新强联,2025-10-21 10:15:18,43.79,7800,43.8,D
sz300850,新强联,2025-10-21 10:15:21,43.82,14500,43.79,U
sz300850,新强联,2025-10-21 10:15:36,43.78,12700,43.78,D
sz300850,新强联,2025-10-21 10:15:39,43.78,6700,43.78,D
sz300850,新强联,2025-10-21 10:15:42,43.76,15300,43.78,D
sz300850,新强联,2025-10-21 10:15:48,43.76,5300,43.77,D
sz300850,新强联,2025-10-21 10:15:54,43.76,5200,43.76,U
sz300850,新强联,2025-10-21 10:16:00,43.79,10600,43.78,U
sz300850,新强联,2025-10-21 10:16:09,43.85,6200,43.78,U
sz300850,新强联,2025-10-21 10:17:06,43.81,5300,43.8,U
sz300850,新强联,2025-10-21 10:17:18,43.78,4800,43.78,D
sz300850,新强联,2025-10-21 10:17:21,43.77,5000,43.78,D
sz300850,新强联,2025-10-21 10:18:03,43.81,7000,43.82,E
sz300850,新强联,2025-10-21 10:18:06,43.77,8100,43.81,E
sz300850,新强联,2025-10-21 10:18:12,43.73,21800,43.76,D
sz300850,新强联,2025-10-21 10:18:15,43.71,5200,43.73,D
sz300850,新强联,2025-10-21 10:18:30,43.7,12900,43.75,D
sz300850,新强联,2025-10-21 10:18:45,43.68,11300,43.69,D
sz300850,新强联,2025-10-21 10:19:06,43.69,5100,43.67,U
sz300850,新强联,2025-10-21 10:19:12,43.7,4700,43.68,U
sz300850,新强联,2025-10-21 10:19:33,43.73,7300,43.73,D
sz300850,新强联,2025-10-21 10:20:03,43.73,4800,43.71,U
sz300850,新强联,2025-10-21 10:20:15,43.71,10400,43.74,D
sz300850,新强联,2025-10-21 10:20:18,43.74,10200,43.71,U
sz300850,新强联,2025-10-21 10:20:42,43.8,12300,43.77,U
sz300850,新强联,2025-10-21 10:20:45,43.73,5200,43.8,D
sz300850,新强联,2025-10-21 10:20:51,43.72,7200,43.78,D
sz300850,新强联,2025-10-21 10:20:57,43.73,5600,43.73,D
sz300850,新强联,2025-10-21 10:21:12,43.76,6200,43.75,U
sz300850,新强联,2025-10-21 10:21:21,43.75,5200,43.76,D
sz300850,新强联,2025-10-21 10:21:42,43.79,10900,43.77,U
sz300850,新强联,2025-10-21 10:22:03,43.77,15100,43.75,E
sz300850,新强联,2025-10-21 10:22:27,43.77,15600,43.78,D
sz300850,新强联,2025-10-21 10:22:39,43.81,5400,43.76,U
sz300850,新强联,2025-10-21 10:23:48,43.88,15600,43.8,U
sz300850,新强联,2025-10-21 10:23:51,43.87,13300,43.88,E
sz300850,新强联,2025-10-21 10:23:54,43.9,12500,43.87,U
sz300850,新强联,2025-10-21 10:24:00,43.88,5100,43.9,E
sz300850,新强联,2025-10-21 10:24:24,43.89,5800,43.89,U
sz300850,新强联,2025-10-21 10:24:51,43.89,6300,43.85,U
sz300850,新强联,2025-10-21 10:25:12,43.89,5100,43.89,U
sz300850,新强联,2025-10-21 10:25:54,43.91,6900,43.9,U
sz300850,新强联,2025-10-21 10:26:27,43.97,5400,43.96,U
sz300850,新强联,2025-10-21 10:26:30,43.96,10400,43.97,D
sz300850,新强联,2025-10-21 10:26:36,43.96,5100,43.93,U
sz300850,新强联,2025-10-21 10:26:39,43.96,5700,43.96,U
sz300850,新强联,2025-10-21 10:26:42,43.93,7300,43.96,D
sz300850,新强联,2025-10-21 10:28:09,43.84,5000,43.83,U
sz300850,新强联,2025-10-21 10:29:57,43.81,5500,43.84,D
sz300850,新强联,2025-10-21 10:30:12,43.8,8100,43.81,D
sz300850,新强联,2025-10-21 10:30:42,43.83,5200,43.81,U
sz300850,新强联,2025-10-21 10:31:09,43.78,4900,43.79,D
sz300850,新强联,2025-10-21 10:31:18,43.76,5900,43.77,D
sz300850,新强联,2025-10-21 10:31:51,43.74,5300,43.75,D
sz300850,新强联,2025-10-21 10:32:00,43.74,5500,43.74,U
sz300850,新强联,2025-10-21 10:32:03,43.72,12100,43.74,D
sz300850,新强联,2025-10-21 10:32:45,43.68,23800,43.72,D
sz300850,新强联,2025-10-21 10:33:00,43.66,14300,43.67,D
sz300850,新强联,2025-10-21 10:33:06,43.66,5600,43.65,U
sz300850,新强联,2025-10-21 10:33:15,43.69,7100,43.66,U
sz300850,新强联,2025-10-21 10:33:51,43.73,6200,43.73,D
sz300850,新强联,2025-10-21 10:34:57,43.68,14700,43.7,D
sz300850,新强联,2025-10-21 10:35:03,43.69,7100,43.69,U
sz300850,新强联,2025-10-21 10:35:06,43.68,5000,43.69,D
sz300850,新强联,2025-10-21 10:35:09,43.69,6900,43.68,U
sz300850,新强联,2025-10-21 10:35:42,43.72,5700,43.73,D
sz300850,新强联,2025-10-21 10:35:57,43.73,4900,43.72,U
sz300850,新强联,2025-10-21 10:36:00,43.72,6400,43.73,D
sz300850,新强联,2025-10-21 10:36:12,43.81,12800,43.76,U
sz300850,新强联,2025-10-21 10:36:27,43.85,8200,43.81,U
sz300850,新强联,2025-10-21 10:37:03,43.89,5500,43.85,U
sz300850,新强联,2025-10-21 10:37:06,43.95,25600,43.89,U
sz300850,新强联,2025-10-21 10:37:36,43.92,15600,43.92,D
sz300850,新强联,2025-10-21 10:38:03,43.92,7400,43.91,U
sz300850,新强联,2025-10-21 10:38:12,43.89,22800,43.94,D
sz300850,新强联,2025-10-21 10:39:09,43.95,13300,43.82,U
sz300850,新强联,2025-10-21 10:40:12,43.97,7100,43.97,D
sz300850,新强联,2025-10-21 10:40:27,44.0,18600,43.95,U
sz300850,新强联,2025-10-21 10:40:30,44.0,4800,44.0,D
sz300850,新强联,2025-10-21 10:40:33,44.0,22500,44.0,D
sz300850,新强联,2025-10-21 10:41:12,43.98,5900,44.02,D
sz300850,新强联,2025-10-21 10:42:00,44.0,56400,43.94,U
sz300850,新强联,2025-10-21 10:42:33,43.96,27000,43.96,U
sz300850,新强联,2025-10-21 10:43:48,43.99,4800,43.96,U
sz300850,新强联,2025-10-21 10:44:15,43.97,7000,43.97,E
sz300850,新强联,2025-10-21 10:44:24,43.96,13500,43.97,D
sz300850,新强联,2025-10-21 10:44:33,44.0,8700,43.99,U
sz300850,新强联,2025-10-21 10:44:51,44.0,9400,44.0,U
sz300850,新强联,2025-10-21 10:45:30,43.88,5100,43.89,D
sz300850,新强联,2025-10-21 10:46:45,43.89,7200,43.92,D
sz300850,新强联,2025-10-21 10:47:00,43.86,4900,43.88,D
sz300850,新强联,2025-10-21 10:47:09,43.9,7700,43.86,U
sz300850,新强联,2025-10-21 10:47:12,43.83,9000,43.9,D
sz300850,新强联,2025-10-21 10:47:30,43.91,5100,43.92,D
sz300850,新强联,2025-10-21 10:47:48,44.01,7400,43.98,U
sz300850,新强联,2025-10-21 10:48:12,44.0,11300,44.02,D
sz300850,新强联,2025-10-21 10:48:15,43.95,6000,44.0,D
sz300850,新强联,2025-10-21 10:49:09,43.94,4700,43.93,U
sz300850,新强联,2025-10-21 10:49:12,44.01,20500,43.94,U
sz300850,新强联,2025-10-21 10:49:51,43.95,14400,43.93,D
sz300850,新强联,2025-10-21 10:50:18,43.93,14000,43.92,U
sz300850,新强联,2025-10-21 10:50:30,43.95,9900,43.94,U
sz300850,新强联,2025-10-21 10:51:12,43.89,8700,43.95,D
sz300850,新强联,2025-10-21 10:52:00,43.83,5100,43.8,U
sz300850,新强联,2025-10-21 10:52:51,43.83,11000,43.8,U
sz300850,新强联,2025-10-21 10:54:30,43.88,5800,43.87,U
sz300850,新强联,2025-10-21 10:55:21,43.88,20800,43.89,D
sz300850,新强联,2025-10-21 10:55:24,43.87,6700,43.88,D
sz300850,新强联,2025-10-21 10:55:33,43.95,8654,43.9,U
sz300850,新强联,2025-10-21 10:56:21,44.0,9300,43.97,U
sz300850,新强联,2025-10-21 10:56:33,43.97,4700,43.97,D
sz300850,新强联,2025-10-21 10:57:00,43.96,4800,43.99,D
sz300850,新强联,2025-10-21 10:57:03,43.99,12300,43.96,U
sz300850,新强联,2025-10-21 10:58:00,43.87,11400,43.89,D
sz300850,新强联,2025-10-21 10:58:06,43.87,5000,43.87,U
sz300850,新强联,2025-10-21 10:58:09,43.86,10600,43.87,E
sz300850,新强联,2025-10-21 10:58:15,43.89,11900,43.87,U
sz300850,新强联,2025-10-21 10:58:57,43.87,9900,43.88,D
sz300850,新强联,2025-10-21 10:59:06,43.88,10100,43.88,U
sz300850,新强联,2025-10-21 10:59:21,43.87,7200,43.88,D
sz300850,新强联,2025-10-21 10:59:45,43.83,12700,43.87,D
sz300850,新强联,2025-10-21 11:00:03,43.89,5000,43.87,U
sz300850,新强联,2025-10-21 11:00:06,43.87,10200,43.89,D
sz300850,新强联,2025-10-21 11:00:33,43.9,15200,43.93,D
sz300850,新强联,2025-10-21 11:00:39,43.88,5200,43.88,D
sz300850,新强联,2025-10-21 11:00:45,43.9,8400,43.87,U
sz300850,新强联,2025-10-21 11:01:39,43.88,11300,43.88,U
sz300850,新强联,2025-10-21 11:02:06,43.9,6800,43.9,U
sz300850,新强联,2025-10-21 11:03:48,44.02,31000,44.02,D
sz300850,新强联,2025-10-21 11:03:57,44.02,6800,44.03,D
sz300850,新强联,2025-10-21 11:04:45,44.0,5700,44.0,D
sz300850,新强联,2025-10-21 11:04:51,43.95,15300,44.0,D
sz300850,新强联,2025-10-21 11:04:57,44.03,12294,44.02,U
sz300850,新强联,2025-10-21 11:05:00,44.1,8300,44.03,U
sz300850,新强联,2025-10-21 11:05:03,44.08,7700,44.1,E
sz300850,新强联,2025-10-21 11:05:30,44.08,6000,44.08,D
sz300850,新强联,2025-10-21 11:05:45,44.09,5400,44.09,E
sz300850,新强联,2025-10-21 11:06:06,44.08,13200,44.08,D
sz300850,新强联,2025-10-21 11:06:33,44.04,5400,44.04,U
sz300850,新强联,2025-10-21 11:06:54,44.04,4800,44.04,U
sz300850,新强联,2025-10-21 11:08:06,43.95,11200,44.0,D
sz300850,新强联,2025-10-21 11:09:57,43.92,6900,43.93,D
sz300850,新强联,2025-10-21 11:10:00,43.91,5800,43.92,D
sz300850,新强联,2025-10-21 11:11:51,43.92,7300,43.91,U
sz300850,新强联,2025-10-21 11:12:48,43.89,6300,43.9,D
sz300850,新强联,2025-10-21 11:13:00,43.89,7281,43.88,U
sz300850,新强联,2025-10-21 11:13:18,43.9,19400,43.89,U
sz300850,新强联,2025-10-21 11:13:36,43.9,12100,43.9,D
sz300850,新强联,2025-10-21 11:14:33,43.9,31500,43.95,D
sz300850,新强联,2025-10-21 11:14:36,43.89,6600,43.9,D
sz300850,新强联,2025-10-21 11:14:48,43.84,19019,43.88,D
sz300850,新强联,2025-10-21 11:15:06,43.78,37800,43.82,D
sz300850,新强联,2025-10-21 11:16:03,43.8,4600,43.81,D
sz300850,新强联,2025-10-21 11:16:06,43.79,6500,43.8,D
sz300850,新强联,2025-10-21 11:17:09,43.78,5000,43.79,D
sz300850,新强联,2025-10-21 11:17:27,43.77,6000,43.77,D
sz300850,新强联,2025-10-21 11:17:51,43.76,5900,43.77,D
sz300850,新强联,2025-10-21 11:18:12,43.77,12100,43.76,U
sz300850,新强联,2025-10-21 11:18:39,43.74,7300,43.76,D
sz300850,新强联,2025-10-21 11:19:06,43.81,11200,43.8,E
sz300850,新强联,2025-10-21 11:20:09,43.88,8800,43.89,U
sz300850,新强联,2025-10-21 11:20:18,43.88,11900,43.88,D
sz300850,新强联,2025-10-21 11:20:36,43.9,9719,43.92,D
sz300850,新强联,2025-10-21 11:20:39,43.9,8000,43.9,U
sz300850,新强联,2025-10-21 11:21:00,43.89,14900,43.9,D
sz300850,新强联,2025-10-21 11:21:09,43.82,10000,43.85,D
sz300850,新强联,2025-10-21 11:21:18,43.89,5400,43.87,U
sz300850,新强联,2025-10-21 11:21:21,43.98,5681,43.89,U
sz300850,新强联,2025-10-21 11:22:18,44.0,7000,43.99,U
sz300850,新强联,2025-10-21 11:22:51,43.95,5100,43.95,E
sz300850,新强联,2025-10-21 11:26:06,43.95,11300,43.89,U
sz300850,新强联,2025-10-21 11:26:51,43.94,4900,43.96,D
sz300850,新强联,2025-10-21 11:27:00,43.93,8500,43.92,E
sz300850,新强联,2025-10-21 11:29:12,43.81,12000,43.85,D
sz300850,新强联,2025-10-21 13:00:00,43.78,32500,43.78,U
sz300850,新强联,2025-10-21 13:00:06,43.78,13900,43.78,D
sz300850,新强联,2025-10-21 13:00:09,43.62,126000,43.78,D
sz300850,新强联,2025-10-21 13:00:12,43.5,86800,43.62,D
sz300850,新强联,2025-10-21 13:00:15,43.5,20500,43.5,D
sz300850,新强联,2025-10-21 13:00:18,43.49,5900,43.5,E
sz300850,新强联,2025-10-21 13:00:21,43.5,10000,43.49,U
sz300850,新强联,2025-10-21 13:00:24,43.49,6700,43.5,E
sz300850,新强联,2025-10-21 13:00:48,43.45,5500,43.42,U
sz300850,新强联,2025-10-21 13:01:09,43.5,8100,43.5,U
sz300850,新强联,2025-10-21 13:01:36,43.65,6100,43.61,U
sz300850,新强联,2025-10-21 13:01:42,43.64,5600,43.59,U
sz300850,新强联,2025-10-21 13:01:45,43.64,7400,43.64,U
sz300850,新强联,2025-10-21 13:01:51,43.63,9000,43.64,D
sz300850,新强联,2025-10-21 13:02:00,43.64,5760,43.63,U
sz300850,新强联,2025-10-21 13:02:03,43.61,19600,43.64,D
sz300850,新强联,2025-10-21 13:02:09,43.66,16200,43.62,U
sz300850,新强联,2025-10-21 13:02:12,43.65,6700,43.66,D
sz300850,新强联,2025-10-21 13:02:15,43.61,21100,43.65,D
sz300850,新强联,2025-10-21 13:02:42,43.61,6600,43.65,D
sz300850,新强联,2025-10-21 13:03:09,43.56,9900,43.63,D
sz300850,新强联,2025-10-21 13:03:12,43.6,10600,43.56,U
sz300850,新强联,2025-10-21 13:03:36,43.6,4600,43.6,U
sz300850,新强联,2025-10-21 13:03:39,43.59,8000,43.6,D
sz300850,新强联,2025-10-21 13:04:30,43.6,11600,43.64,D
sz300850,新强联,2025-10-21 13:05:09,43.61,5900,43.6,E
sz300850,新强联,2025-10-21 13:05:27,43.63,8800,43.64,D
sz300850,新强联,2025-10-21 13:06:18,43.6,6200,43.62,D
sz300850,新强联,2025-10-21 13:06:48,43.66,6800,43.63,U
sz300850,新强联,2025-10-21 13:06:51,43.71,6300,43.66,U
sz300850,新强联,2025-10-21 13:06:54,43.77,16500,43.71,U
sz300850,新强联,2025-10-21 13:06:57,43.82,8177,43.77,U
sz300850,新强联,2025-10-21 13:07:00,43.86,11900,43.82,U
sz300850,新强联,2025-10-21 13:07:03,43.9,4600,43.86,E
sz300850,新强联,2025-10-21 13:07:06,43.97,5377,43.9,U
sz300850,新强联,2025-10-21 13:07:09,44.02,22600,43.97,U
sz300850,新强联,2025-10-21 13:07:12,43.96,15800,44.02,D
sz300850,新强联,2025-10-21 13:07:15,43.93,15400,43.96,D
sz300850,新强联,2025-10-21 13:07:24,43.92,6300,43.98,D
sz300850,新强联,2025-10-21 13:07:33,43.88,5900,43.92,D
sz300850,新强联,2025-10-21 13:08:15,43.98,31600,43.87,U
sz300850,新强联,2025-10-21 13:08:18,44.06,8900,43.98,U
sz300850,新强联,2025-10-21 13:08:27,43.98,7000,43.97,U
sz300850,新强联,2025-10-21 13:08:51,44.05,6400,44.04,U
sz300850,新强联,2025-10-21 13:09:24,44.03,13400,44.0,U
sz300850,新强联,2025-10-21 13:09:33,44.12,15000,44.08,U
sz300850,新强联,2025-10-21 13:09:45,44.15,11000,44.15,U
sz300850,新强联,2025-10-21 13:09:54,44.2,11700,44.15,U
sz300850,新强联,2025-10-21 13:10:06,44.19,9600,44.2,D
sz300850,新强联,2025-10-21 13:10:09,44.2,7200,44.19,U
sz300850,新强联,2025-10-21 13:10:12,44.38,70700,44.2,U
sz300850,新强联,2025-10-21 13:10:15,44.34,28300,44.38,D
sz300850,新强联,2025-10-21 13:10:21,44.3,15200,44.32,D
sz300850,新强联,2025-10-21 13:10:24,44.34,6100,44.3,U
sz300850,新强联,2025-10-21 13:10:27,44.33,14900,44.34,D
sz300850,新强联,2025-10-21 13:10:33,44.31,8300,44.29,U
sz300850,新强联,2025-10-21 13:10:42,44.3,4600,44.3,U
sz300850,新强联,2025-10-21 13:10:45,44.31,5000,44.3,U
sz300850,新强联,2025-10-21 13:11:30,44.2,5100,44.2,D
sz300850,新强联,2025-10-21 13:11:33,44.28,18200,44.2,U
sz300850,新强联,2025-10-21 13:11:39,44.27,4900,44.29,D
sz300850,新强联,2025-10-21 13:11:42,44.3,11900,44.27,U
sz300850,新强联,2025-10-21 13:11:48,44.28,4600,44.31,D
sz300850,新强联,2025-10-21 13:12:15,44.28,5600,44.28,D
sz300850,新强联,2025-10-21 13:12:18,44.3,15100,44.28,U
sz300850,新强联,2025-10-21 13:12:21,44.29,10900,44.3,E
sz300850,新强联,2025-10-21 13:12:24,44.31,6400,44.29,E
sz300850,新强联,2025-10-21 13:12:51,44.39,50700,44.32,U
sz300850,新强联,2025-10-21 13:12:54,44.39,16600,44.39,D
sz300850,新强联,2025-10-21 13:12:57,44.39,11900,44.39,D
sz300850,新强联,2025-10-21 13:13:12,44.32,5000,44.4,D
sz300850,新强联,2025-10-21 13:13:15,44.4,7700,44.32,U
sz300850,新强联,2025-10-21 13:13:18,44.39,5100,44.4,U
sz300850,新强联,2025-10-21 13:13:21,44.38,28900,44.39,U
sz300850,新强联,2025-10-21 13:13:24,44.38,15900,44.38,D
sz300850,新强联,2025-10-21 13:13:27,44.32,18000,44.38,E
sz300850,新强联,2025-10-21 13:13:57,44.33,5200,44.37,D
sz300850,新强联,2025-10-21 13:14:09,44.39,8800,44.36,U
sz300850,新强联,2025-10-21 13:14:15,44.39,5600,44.36,U
sz300850,新强联,2025-10-21 13:14:42,44.4,11700,44.43,D
sz300850,新强联,2025-10-21 13:14:48,44.38,7300,44.41,D
sz300850,新强联,2025-10-21 13:14:51,44.36,16700,44.38,D
sz300850,新强联,2025-10-21 13:14:54,44.38,8700,44.36,U
sz300850,新强联,2025-10-21 13:15:00,44.29,8100,44.35,D
sz300850,新强联,2025-10-21 13:15:06,44.36,15800,44.34,U
sz300850,新强联,2025-10-21 13:15:21,44.3,7500,44.3,D
sz300850,新强联,2025-10-21 13:15:36,44.4,11000,44.4,U
sz300850,新强联,2025-10-21 13:15:39,44.42,8000,44.4,E
sz300850,新强联,2025-10-21 13:15:42,44.48,99300,44.42,U
sz300850,新强联,2025-10-21 13:15:45,44.55,8800,44.48,U
sz300850,新强联,2025-10-21 13:15:48,44.55,17000,44.55,U
sz300850,新强联,2025-10-21 13:15:51,44.55,14500,44.55,U
sz300850,新强联,2025-10-21 13:15:57,44.56,7900,44.59,E
sz300850,新强联,2025-10-21 13:16:00,44.5,15200,44.56,D
sz300850,新强联,2025-10-21 13:16:03,44.49,10600,44.5,E
sz300850,新强联,2025-10-21 13:16:09,44.5,19100,44.49,U
sz300850,新强联,2025-10-21 13:16:12,44.54,12900,44.5,U
sz300850,新强联,2025-10-21 13:16:15,44.55,6800,44.54,E
sz300850,新强联,2025-10-21 13:16:21,44.5,11200,44.5,D
sz300850,新强联,2025-10-21 13:16:24,44.47,5200,44.5,D
sz300850,新强联,2025-10-21 13:16:30,44.5,14100,44.47,U
sz300850,新强联,2025-10-21 13:16:33,44.52,11600,44.5,U
sz300850,新强联,2025-10-21 13:16:36,44.5,8900,44.52,D
sz300850,新强联,2025-10-21 13:16:39,44.53,18600,44.5,U
sz300850,新强联,2025-10-21 13:17:00,44.45,7500,44.46,D
sz300850,新强联,2025-10-21 13:17:09,44.44,5100,44.45,E
sz300850,新强联,2025-10-21 13:17:12,44.45,6900,44.44,E
sz300850,新强联,2025-10-21 13:17:18,44.51,15600,44.49,U
sz300850,新强联,2025-10-21 13:17:21,44.52,85500,44.51,U
sz300850,新强联,2025-10-21 13:17:30,44.51,5700,44.51,U
sz300850,新强联,2025-10-21 13:17:39,44.44,5000,44.4,E
sz300850,新强联,2025-10-21 13:17:48,44.36,7500,44.39,D
sz300850,新强联,2025-10-21 13:18:00,44.42,5200,44.32,U
sz300850,新强联,2025-10-21 13:18:12,44.35,10900,44.32,E
sz300850,新强联,2025-10-21 13:18:36,44.28,4800,44.28,E
sz300850,新强联,2025-10-21 13:18:54,44.26,7000,44.26,U
sz300850,新强联,2025-10-21 13:20:09,44.29,32100,44.22,U
sz300850,新强联,2025-10-21 13:20:12,44.32,8700,44.29,U
sz300850,新强联,2025-10-21 13:20:21,44.37,7200,44.35,U
sz300850,新强联,2025-10-21 13:20:39,44.29,4900,44.34,D
sz300850,新强联,2025-10-21 13:21:21,44.37,4600,44.36,U
sz300850,新强联,2025-10-21 13:21:24,44.51,19100,44.37,U
sz300850,新强联,2025-10-21 13:21:27,44.4,57600,44.51,D
sz300850,新强联,2025-10-21 13:21:36,44.34,5000,44.36,D
sz300850,新强联,2025-10-21 13:21:39,44.36,7900,44.34,U
sz300850,新强联,2025-10-21 13:21:57,44.33,5600,44.27,U
sz300850,新强联,2025-10-21 13:22:09,44.3,6100,44.32,D
sz300850,新强联,2025-10-21 13:22:42,44.29,6100,44.32,D
sz300850,新强联,2025-10-21 13:23:00,44.31,6600,44.31,D
sz300850,新强联,2025-10-21 13:23:48,44.27,5000,44.27,U
sz300850,新强联,2025-10-21 13:24:33,44.23,6100,44.26,D
sz300850,新强联,2025-10-21 13:24:36,44.23,7300,44.23,D
sz300850,新强联,2025-10-21 13:24:45,44.2,5000,44.21,D
sz300850,新强联,2025-10-21 13:24:57,44.23,10000,44.21,U
sz300850,新强联,2025-10-21 13:25:15,44.23,8700,44.22,U
sz300850,新强联,2025-10-21 13:25:39,44.22,12100,44.21,U
sz300850,新强联,2025-10-21 13:25:45,44.2,7600,44.27,D
sz300850,新强联,2025-10-21 13:26:03,44.18,10000,44.18,D
sz300850,新强联,2025-10-21 13:26:21,44.1,10600,44.13,D
sz300850,新强联,2025-10-21 13:26:24,44.14,5000,44.1,E
sz300850,新强联,2025-10-21 13:26:27,44.1,7800,44.14,D
sz300850,新强联,2025-10-21 13:26:33,44.16,8900,44.16,U
sz300850,新强联,2025-10-21 13:27:09,44.12,6200,44.1,U
sz300850,新强联,2025-10-21 13:27:33,44.12,14100,44.08,U
sz300850,新强联,2025-10-21 13:27:39,44.12,6200,44.12,U
sz300850,新强联,2025-10-21 13:29:12,44.09,7300,44.06,E
sz300850,新强联,2025-10-21 13:29:15,44.1,5800,44.09,U
sz300850,新强联,2025-10-21 13:30:51,44.02,5100,44.02,U
sz300850,新强联,2025-10-21 13:30:54,44.0,56200,44.02,D
sz300850,新强联,2025-10-21 13:31:00,44.0,8200,43.98,U
sz300850,新强联,2025-10-21 13:31:12,44.0,7400,43.99,U
sz300850,新强联,2025-10-21 13:31:15,43.99,12600,44.0,E
sz300850,新强联,2025-10-21 13:32:51,44.13,5100,44.13,U
sz300850,新强联,2025-10-21 13:33:03,44.17,9500,44.13,U
sz300850,新强联,2025-10-21 13:33:09,44.22,12800,44.17,U
sz300850,新强联,2025-10-21 13:33:18,44.12,6400,44.23,D
sz300850,新强联,2025-10-21 13:33:21,44.22,5100,44.12,E
sz300850,新强联,2025-10-21 13:33:36,44.19,7800,44.2,D
sz300850,新强联,2025-10-21 13:34:03,44.24,11900,44.21,U
sz300850,新强联,2025-10-21 13:34:18,44.24,11400,44.25,E
sz300850,新强联,2025-10-21 13:34:30,44.28,6800,44.28,D
sz300850,新强联,2025-10-21 13:34:33,44.26,9500,44.28,D
sz300850,新强联,2025-10-21 13:34:36,44.23,7300,44.26,D
sz300850,新强联,2025-10-21 13:34:51,44.18,7200,44.21,D
sz300850,新强联,2025-10-21 13:35:06,44.12,6900,44.15,D
sz300850,新强联,2025-10-21 13:35:09,44.09,7200,44.12,D
sz300850,新强联,2025-10-21 13:35:12,44.07,6900,44.09,D
sz300850,新强联,2025-10-21 13:35:15,44.07,7200,44.07,D
sz300850,新强联,2025-10-21 13:36:48,44.06,8000,44.07,D
sz300850,新强联,2025-10-21 13:37:15,44.01,5000,44.02,D
sz300850,新强联,2025-10-21 13:37:21,44.0,6900,44.01,D
sz300850,新强联,2025-10-21 13:38:06,43.98,24100,44.03,D
sz300850,新强联,2025-10-21 13:38:48,43.96,12800,43.95,U
sz300850,新强联,2025-10-21 13:38:54,43.96,20600,43.97,D
sz300850,新强联,2025-10-21 13:38:57,43.96,9500,43.96,D
sz300850,新强联,2025-10-21 13:39:03,43.93,6700,43.97,D
sz300850,新强联,2025-10-21 13:39:21,43.93,5300,43.92,U
sz300850,新强联,2025-10-21 13:39:24,43.94,10000,43.93,U
sz300850,新强联,2025-10-21 13:39:39,43.92,6200,43.95,D
sz300850,新强联,2025-10-21 13:40:51,43.92,5100,43.94,D
sz300850,新强联,2025-10-21 13:41:12,43.95,5400,43.95,U
sz300850,新强联,2025-10-21 13:42:03,43.95,6000,43.96,D
sz300850,新强联,2025-10-21 13:42:09,43.99,6600,43.95,E
sz300850,新强联,2025-10-21 13:42:15,43.99,4700,43.95,U
sz300850,新强联,2025-10-21 13:42:39,43.97,5600,43.95,U
sz300850,新强联,2025-10-21 13:43:18,43.99,5500,43.98,U
sz300850,新强联,2025-10-21 13:43:36,43.99,4800,43.99,U
sz300850,新强联,2025-10-21 13:44:03,44.06,9140,44.03,U
sz300850,新强联,2025-10-21 13:44:12,44.05,6400,44.05,E
sz300850,新强联,2025-10-21 13:44:15,44.03,10600,44.05,E
sz300850,新强联,2025-10-21 13:45:45,44.07,7000,44.02,U
sz300850,新强联,2025-10-21 13:46:00,44.02,11900,44.05,D
sz300850,新强联,2025-10-21 13:47:00,44.0,6200,44.01,D
sz300850,新强联,2025-10-21 13:47:36,44.12,8100,44.1,U
sz300850,新强联,2025-10-21 13:47:45,44.11,8100,44.1,U
sz300850,新强联,2025-10-21 13:47:51,44.1,18200,44.1,D
sz300850,新强联,2025-10-21 13:48:48,44.13,15200,44.07,U
sz300850,新强联,2025-10-21 13:49:00,44.2,55400,44.16,U
sz300850,新强联,2025-10-21 13:49:27,44.28,25500,44.24,U
sz300850,新强联,2025-10-21 13:49:30,44.32,7500,44.28,U
sz300850,新强联,2025-10-21 13:49:42,44.26,7500,44.29,D
sz300850,新强联,2025-10-21 13:49:45,44.3,23600,44.26,U
sz300850,新强联,2025-10-21 13:49:48,44.3,14500,44.3,D
sz300850,新强联,2025-10-21 13:49:57,44.29,8200,44.28,U
sz300850,新强联,2025-10-21 13:50:06,44.35,13900,44.29,U
sz300850,新强联,2025-10-21 13:50:15,44.38,7000,44.38,U
sz300850,新强联,2025-10-21 13:50:18,44.37,4800,44.38,D
sz300850,新强联,2025-10-21 13:50:21,44.35,12600,44.37,D
sz300850,新强联,2025-10-21 13:50:39,44.28,8300,44.25,U
sz300850,新强联,2025-10-21 13:50:42,44.36,35600,44.28,U
sz300850,新强联,2025-10-21 13:50:45,44.35,13000,44.36,E
sz300850,新强联,2025-10-21 13:50:57,44.3,14000,44.3,U
sz300850,新强联,2025-10-21 13:51:03,44.3,11700,44.3,D
sz300850,新强联,2025-10-21 13:51:06,44.24,10900,44.3,D
sz300850,新强联,2025-10-21 13:51:27,44.3,8200,44.27,U
sz300850,新强联,2025-10-21 13:51:30,44.3,6800,44.3,D
sz300850,新强联,2025-10-21 13:51:42,44.31,6600,44.3,U
sz300850,新强联,2025-10-21 13:51:57,44.31,6100,44.32,U
sz300850,新强联,2025-10-21 13:52:03,44.33,6100,44.27,U
sz300850,新强联,2025-10-21 13:52:06,44.31,7300,44.33,D
sz300850,新强联,2025-10-21 13:52:24,44.3,5500,44.31,D
sz300850,新强联,2025-10-21 13:52:36,44.32,5000,44.29,U
sz300850,新强联,2025-10-21 13:53:33,44.3,6700,44.27,U
sz300850,新强联,2025-10-21 13:54:12,44.23,15700,44.25,D
sz300850,新强联,2025-10-21 13:54:18,44.23,5200,44.23,D
sz300850,新强联,2025-10-21 13:55:06,44.2,16200,44.18,U
sz300850,新强联,2025-10-21 13:57:06,44.31,12400,44.3,U
sz300850,新强联,2025-10-21 13:57:12,44.42,39000,44.31,U
sz300850,新强联,2025-10-21 13:57:15,44.5,63400,44.42,U
sz300850,新强联,2025-10-21 13:57:18,44.51,20000,44.5,U
sz300850,新强联,2025-10-21 13:57:21,44.52,6100,44.51,U
sz300850,新强联,2025-10-21 13:57:36,44.4,6500,44.49,D
sz300850,新强联,2025-10-21 13:57:39,44.46,5400,44.4,U
sz300850,新强联,2025-10-21 13:57:57,44.41,6100,44.41,U
sz300850,新强联,2025-10-21 13:58:21,44.4,5200,44.42,D
sz300850,新强联,2025-10-21 13:59:09,44.39,24200,44.4,D
sz300850,新强联,2025-10-21 13:59:24,44.4,6000,44.41,D
sz300850,新强联,2025-10-21 13:59:39,44.45,8600,44.45,D
sz300850,新强联,2025-10-21 13:59:42,44.44,5500,44.45,D
sz300850,新强联,2025-10-21 13:59:45,44.45,35400,44.44,U
sz300850,新强联,2025-10-21 14:00:06,44.44,5500,44.41,U
sz300850,新强联,2025-10-21 14:00:12,44.45,5400,44.45,U
sz300850,新强联,2025-10-21 14:00:24,44.44,37300,44.45,D
sz300850,新强联,2025-10-21 14:00:51,44.44,6700,44.44,D
sz300850,新强联,2025-10-21 14:01:06,44.41,7300,44.41,D
sz300850,新强联,2025-10-21 14:01:24,44.38,7800,44.39,D
sz300850,新强联,2025-10-21 14:01:30,44.39,9800,44.37,U
sz300850,新强联,2025-10-21 14:01:36,44.42,16800,44.4,U
sz300850,新强联,2025-10-21 14:01:45,44.44,4700,44.44,D
sz300850,新强联,2025-10-21 14:01:54,44.44,6100,44.45,D
sz300850,新强联,2025-10-21 14:02:00,44.43,12100,44.45,D
sz300850,新强联,2025-10-21 14:02:30,44.39,4800,44.39,D
sz300850,新强联,2025-10-21 14:05:06,44.24,12500,44.3,D
sz300850,新强联,2025-10-21 14:05:09,44.31,5600,44.24,U
sz300850,新强联,2025-10-21 14:05:57,44.25,7200,44.26,D
sz300850,新强联,2025-10-21 14:06:18,44.27,6000,44.27,U
sz300850,新强联,2025-10-21 14:06:21,44.27,4600,44.27,U
sz300850,新强联,2025-10-21 14:07:36,44.27,5900,44.28,D
sz300850,新强联,2025-10-21 14:08:33,44.22,9800,44.22,D
sz300850,新强联,2025-10-21 14:09:06,44.23,5100,44.22,U
sz300850,新强联,2025-10-21 14:09:18,44.24,4600,44.23,U
sz300850,新强联,2025-10-21 14:09:33,44.26,12700,44.23,U
sz300850,新强联,2025-10-21 14:09:51,44.28,4600,44.28,D
sz300850,新强联,2025-10-21 14:09:54,44.29,5100,44.28,U
sz300850,新强联,2025-10-21 14:10:21,44.31,6900,44.3,U
sz300850,新强联,2025-10-21 14:10:51,44.32,14800,44.29,U
sz300850,新强联,2025-10-21 14:12:27,44.34,8200,44.35,D
sz300850,新强联,2025-10-21 14:12:30,44.35,10800,44.34,U
sz300850,新强联,2025-10-21 14:13:03,44.31,11300,44.33,D
sz300850,新强联,2025-10-21 14:13:27,44.31,7000,44.28,U
sz300850,新强联,2025-10-21 14:13:33,44.26,4800,44.31,D
sz300850,新强联,2025-10-21 14:14:18,44.25,6200,44.26,D
sz300850,新强联,2025-10-21 14:14:27,44.26,9500,44.27,D
sz300850,新强联,2025-10-21 14:14:48,44.26,6700,44.28,D
sz300850,新强联,2025-10-21 14:14:57,44.27,6000,44.27,U
sz300850,新强联,2025-10-21 14:15:06,44.26,4700,44.26,U
sz300850,新强联,2025-10-21 14:15:30,44.26,5100,44.25,E
sz300850,新强联,2025-10-21 14:16:06,44.24,31100,44.25,D
sz300850,新强联,2025-10-21 14:16:09,44.22,16900,44.24,D
sz300850,新强联,2025-10-21 14:16:18,44.2,17400,44.22,D
sz300850,新强联,2025-10-21 14:16:42,44.22,5500,44.21,U
sz300850,新强联,2025-10-21 14:16:45,44.22,4700,44.22,D
sz300850,新强联,2025-10-21 14:18:00,44.23,5900,44.22,U
sz300850,新强联,2025-10-21 14:18:03,44.23,7300,44.23,D
sz300850,新强联,2025-10-21 14:18:06,44.23,5500,44.23,D
sz300850,新强联,2025-10-21 14:18:12,44.22,10800,44.22,D
sz300850,新强联,2025-10-21 14:19:03,44.22,4800,44.22,D
sz300850,新强联,2025-10-21 14:19:48,44.23,18200,44.22,U
sz300850,新强联,2025-10-21 14:20:51,44.25,6000,44.26,D
sz300850,新强联,2025-10-21 14:20:57,44.23,6600,44.24,D
sz300850,新强联,2025-10-21 14:21:03,44.22,9400,44.22,D
sz300850,新强联,2025-10-21 14:21:12,44.22,29900,44.22,D
sz300850,新强联,2025-10-21 14:21:15,44.23,14800,44.22,U
sz300850,新强联,2025-10-21 14:21:18,44.23,7000,44.23,D
sz300850,新强联,2025-10-21 14:21:48,44.22,9400,44.22,D
sz300850,新强联,2025-10-21 14:22:03,44.24,8000,44.22,U
sz300850,新强联,2025-10-21 14:25:27,44.26,6815,44.26,U
sz300850,新强联,2025-10-21 14:25:51,44.25,5100,44.26,D
sz300850,新强联,2025-10-21 14:26:03,44.26,5500,44.25,E
sz300850,新强联,2025-10-21 14:26:15,44.26,6700,44.25,U
sz300850,新强联,2025-10-21 14:26:21,44.26,11000,44.26,D
sz300850,新强联,2025-10-21 14:26:24,44.26,11100,44.26,D
sz300850,新强联,2025-10-21 14:26:27,44.28,13600,44.26,U
sz300850,新强联,2025-10-21 14:26:30,44.26,30400,44.28,D
sz300850,新强联,2025-10-21 14:26:33,44.24,7700,44.26,D
sz300850,新强联,2025-10-21 14:26:48,44.24,7500,44.25,D
sz300850,新强联,2025-10-21 14:27:03,44.26,14400,44.25,U
sz300850,新强联,2025-10-21 14:27:06,44.25,5700,44.26,D
sz300850,新强联,2025-10-21 14:28:09,44.25,5500,44.26,D
sz300850,新强联,2025-10-21 14:28:21,44.25,4900,44.25,D
sz300850,新强联,2025-10-21 14:29:09,44.25,14300,44.25,D
sz300850,新强联,2025-10-21 14:29:12,44.23,14185,44.25,D
sz300850,新强联,2025-10-21 14:29:15,44.23,10100,44.23,D
sz300850,新强联,2025-10-21 14:29:18,44.24,8900,44.23,U
sz300850,新强联,2025-10-21 14:29:33,44.2,34700,44.22,D
sz300850,新强联,2025-10-21 14:29:36,44.2,6500,44.2,D
sz300850,新强联,2025-10-21 14:29:45,44.19,9400,44.2,D
sz300850,新强联,2025-10-21 14:29:48,44.17,9000,44.19,D
sz300850,新强联,2025-10-21 14:30:06,44.15,12000,44.13,U
sz300850,新强联,2025-10-21 14:30:12,44.13,7700,44.12,U
sz300850,新强联,2025-10-21 14:30:24,44.13,5600,44.15,D
sz300850,新强联,2025-10-21 14:31:15,44.23,4800,44.23,D
sz300850,新强联,2025-10-21 14:31:18,44.23,9500,44.23,D
sz300850,新强联,2025-10-21 14:31:42,44.18,7600,44.18,D
sz300850,新强联,2025-10-21 14:32:39,44.19,11000,44.21,D
sz300850,新强联,2025-10-21 14:32:42,44.2,6100,44.19,E
sz300850,新强联,2025-10-21 14:32:54,44.2,6500,44.2,D
sz300850,新强联,2025-10-21 14:33:06,44.18,4700,44.19,D
sz300850,新强联,2025-10-21 14:33:54,44.24,4900,44.22,U
sz300850,新强联,2025-10-21 14:34:30,44.25,5900,44.24,U
sz300850,新强联,2025-10-21 14:34:42,44.24,9700,44.23,U
sz300850,新强联,2025-10-21 14:35:00,44.2,9500,44.2,D
sz300850,新强联,2025-10-21 14:35:03,44.2,7500,44.2,D
sz300850,新强联,2025-10-21 14:35:06,44.2,7400,44.2,D
sz300850,新强联,2025-10-21 14:35:36,44.3,8600,44.24,U
sz300850,新强联,2025-10-21 14:35:45,44.33,11300,44.29,U
sz300850,新强联,2025-10-21 14:35:51,44.34,4900,44.31,U
sz300850,新强联,2025-10-21 14:35:54,44.35,15100,44.34,U
sz300850,新强联,2025-10-21 14:36:00,44.33,6100,44.33,D
sz300850,新强联,2025-10-21 14:36:06,44.31,7700,44.33,D
sz300850,新强联,2025-10-21 14:36:12,44.33,20400,44.3,U
sz300850,新强联,2025-10-21 14:37:06,44.3,7600,44.32,D
sz300850,新强联,2025-10-21 14:37:12,44.35,5500,44.32,U
sz300850,新强联,2025-10-21 14:37:15,44.36,4900,44.35,U
sz300850,新强联,2025-10-21 14:37:27,44.38,6600,44.38,U
sz300850,新强联,2025-10-21 14:37:33,44.39,13000,44.39,D
sz300850,新强联,2025-10-21 14:37:36,44.42,13200,44.39,U
sz300850,新强联,2025-10-21 14:37:39,44.42,24600,44.42,U
sz300850,新强联,2025-10-21 14:37:42,44.43,8900,44.42,U
sz300850,新强联,2025-10-21 14:37:48,44.46,7000,44.42,U
sz300850,新强联,2025-10-21 14:37:51,44.46,8800,44.46,E
sz300850,新强联,2025-10-21 14:37:54,44.47,6800,44.46,U
sz300850,新强联,2025-10-21 14:37:57,44.46,6000,44.47,E
sz300850,新强联,2025-10-21 14:38:00,44.43,20800,44.46,D
sz300850,新强联,2025-10-21 14:38:06,44.48,6100,44.45,U
sz300850,新强联,2025-10-21 14:38:12,44.56,103350,44.49,U
sz300850,新强联,2025-10-21 14:38:15,44.56,14000,44.56,U
sz300850,新强联,2025-10-21 14:38:18,44.58,20700,44.56,U
sz300850,新强联,2025-10-21 14:38:21,44.6,11000,44.58,U
sz300850,新强联,2025-10-21 14:38:24,44.6,12300,44.6,U
sz300850,新强联,2025-10-21 14:38:30,44.57,34800,44.57,U
sz300850,新强联,2025-10-21 14:38:33,44.6,39000,44.57,U
sz300850,新强联,2025-10-21 14:38:36,44.6,34600,44.6,U
sz300850,新强联,2025-10-21 14:38:39,44.59,5900,44.6,U
sz300850,新强联,2025-10-21 14:38:54,44.55,12200,44.55,U
sz300850,新强联,2025-10-21 14:39:06,44.52,5000,44.54,D
sz300850,新强联,2025-10-21 14:39:09,44.57,27100,44.52,U
sz300850,新强联,2025-10-21 14:39:12,44.59,10000,44.57,U
sz300850,新强联,2025-10-21 14:39:15,44.53,21700,44.59,D
sz300850,新强联,2025-10-21 14:39:24,44.62,15651,44.56,U
sz300850,新强联,2025-10-21 14:39:33,44.6,8800,44.6,D
sz300850,新强联,2025-10-21 14:39:36,44.6,5900,44.6,U
sz300850,新强联,2025-10-21 14:39:42,44.6,8000,44.6,U
sz300850,新强联,2025-10-21 14:39:45,44.6,10100,44.6,U
sz300850,新强联,2025-10-21 14:39:54,44.6,4700,44.59,U
sz300850,新强联,2025-10-21 14:40:00,44.6,10400,44.59,U
sz300850,新强联,2025-10-21 14:40:03,44.6,9200,44.6,D
sz300850,新强联,2025-10-21 14:40:06,44.56,8300,44.6,D
sz300850,新强联,2025-10-21 14:40:12,44.5,5600,44.54,D
sz300850,新强联,2025-10-21 14:40:15,44.5,25000,44.5,D
sz300850,新强联,2025-10-21 14:40:18,44.5,5100,44.5,D
sz300850,新强联,2025-10-21 14:40:21,44.48,5100,44.5,D
sz300850,新强联,2025-10-21 14:40:27,44.49,36400,44.49,U
sz300850,新强联,2025-10-21 14:40:30,44.48,33900,44.49,D
sz300850,新强联,2025-10-21 14:40:45,44.5,13400,44.47,U
sz300850,新强联,2025-10-21 14:40:54,44.47,21500,44.47,D
sz300850,新强联,2025-10-21 14:41:12,44.47,5800,44.47,D
sz300850,新强联,2025-10-21 14:41:15,44.46,4500,44.47,E
sz300850,新强联,2025-10-21 14:41:21,44.5,8500,44.5,U
sz300850,新强联,2025-10-21 14:41:36,44.47,11700,44.5,D
sz300850,新强联,2025-10-21 14:41:39,44.47,23880,44.47,U
sz300850,新强联,2025-10-21 14:41:48,44.52,25100,44.48,U
sz300850,新强联,2025-10-21 14:41:54,44.55,8000,44.54,U
sz300850,新强联,2025-10-21 14:41:57,44.55,6000,44.55,U
sz300850,新强联,2025-10-21 14:42:00,44.55,8800,44.55,U
sz300850,新强联,2025-10-21 14:42:03,44.52,11000,44.55,D
sz300850,新强联,2025-10-21 14:42:06,44.55,16500,44.52,U
sz300850,新强联,2025-10-21 14:42:15,44.5,9300,44.52,D
sz300850,新强联,2025-10-21 14:42:21,44.47,31100,44.49,D
sz300850,新强联,2025-10-21 14:42:30,44.48,17400,44.47,U
sz300850,新强联,2025-10-21 14:42:33,44.47,4800,44.48,D
sz300850,新强联,2025-10-21 14:42:48,44.54,26800,44.5,U
sz300850,新强联,2025-10-21 14:43:03,44.55,25100,44.5,U
sz300850,新强联,2025-10-21 14:43:15,44.51,5300,44.53,D
sz300850,新强联,2025-10-21 14:43:33,44.56,21600,44.53,U
sz300850,新强联,2025-10-21 14:43:45,44.5,6700,44.5,D
sz300850,新强联,2025-10-21 14:44:12,44.5,8000,44.51,D
sz300850,新强联,2025-10-21 14:44:15,44.51,47000,44.5,U
sz300850,新强联,2025-10-21 14:44:18,44.52,9800,44.51,E
sz300850,新强联,2025-10-21 14:44:27,44.53,9700,44.53,D
sz300850,新强联,2025-10-21 14:44:33,44.53,10800,44.55,D
sz300850,新强联,2025-10-21 14:44:45,44.55,8300,44.55,U
sz300850,新强联,2025-10-21 14:44:51,44.55,6200,44.55,U
sz300850,新强联,2025-10-21 14:44:54,44.55,5200,44.55,D
sz300850,新强联,2025-10-21 14:44:57,44.55,4600,44.55,D
sz300850,新强联,2025-10-21 14:45:00,44.55,10400,44.55,D
sz300850,新强联,2025-10-21 14:45:03,44.56,16800,44.55,U
sz300850,新强联,2025-10-21 14:45:06,44.55,20300,44.56,D
sz300850,新强联,2025-10-21 14:45:15,44.56,10400,44.55,U
sz300850,新强联,2025-10-21 14:45:18,44.54,7500,44.56,D
sz300850,新强联,2025-10-21 14:45:30,44.53,4500,44.52,U
sz300850,新强联,2025-10-21 14:45:33,44.51,6000,44.53,D
sz300850,新强联,2025-10-21 14:45:39,44.51,5600,44.51,D
sz300850,新强联,2025-10-21 14:45:42,44.51,4800,44.51,D
sz300850,新强联,2025-10-21 14:45:51,44.53,9300,44.52,U
sz300850,新强联,2025-10-21 14:46:09,44.54,6400,44.54,D
sz300850,新强联,2025-10-21 14:46:18,44.56,8200,44.56,U
sz300850,新强联,2025-10-21 14:46:21,44.55,5400,44.56,D
sz300850,新强联,2025-10-21 14:46:27,44.56,14900,44.56,U
sz300850,新强联,2025-10-21 14:46:33,44.59,22300,44.56,U
sz300850,新强联,2025-10-21 14:46:39,44.58,6300,44.57,U
sz300850,新强联,2025-10-21 14:46:42,44.58,5946,44.58,D
sz300850,新强联,2025-10-21 14:46:45,44.6,17800,44.58,U
sz300850,新强联,2025-10-21 14:46:48,44.59,7300,44.6,E
sz300850,新强联,2025-10-21 14:46:51,44.59,11800,44.59,D
sz300850,新强联,2025-10-21 14:46:54,44.63,21056,44.59,U
sz300850,新强联,2025-10-21 14:46:57,44.6,5900,44.63,D
sz300850,新强联,2025-10-21 14:47:00,44.6,6000,44.6,D
sz300850,新强联,2025-10-21 14:47:03,44.63,4500,44.6,U
sz300850,新强联,2025-10-21 14:47:06,44.6,5400,44.63,D
sz300850,新强联,2025-10-21 14:47:09,44.63,19800,44.6,U
sz300850,新强联,2025-10-21 14:47:12,44.65,6200,44.63,U
sz300850,新强联,2025-10-21 14:47:15,44.64,9800,44.65,E
sz300850,新强联,2025-10-21 14:47:21,44.65,18200,44.64,U
sz300850,新强联,2025-10-21 14:47:27,44.66,7100,44.66,U
sz300850,新强联,2025-10-21 14:47:33,44.63,16484,44.65,D
sz300850,新强联,2025-10-21 14:47:36,44.62,4900,44.63,D
sz300850,新强联,2025-10-21 14:47:39,44.63,10900,44.62,U
sz300850,新强联,2025-10-21 14:47:45,44.61,7400,44.63,D
sz300850,新强联,2025-10-21 14:47:48,44.6,16300,44.61,D
sz300850,新强联,2025-10-21 14:47:54,44.6,14100,44.59,U
sz300850,新强联,2025-10-21 14:47:57,44.6,13700,44.6,U
sz300850,新强联,2025-10-21 14:48:00,44.6,6200,44.6,D
sz300850,新强联,2025-10-21 14:48:06,44.62,5900,44.61,U
sz300850,新强联,2025-10-21 14:48:12,44.63,8600,44.61,U
sz300850,新强联,2025-10-21 14:48:18,44.64,5300,44.63,U
sz300850,新强联,2025-10-21 14:48:24,44.65,6800,44.65,U
sz300850,新强联,2025-10-21 14:48:27,44.66,16900,44.65,U
sz300850,新强联,2025-10-21 14:48:36,44.6,82600,44.65,D
sz300850,新强联,2025-10-21 14:48:39,44.57,9200,44.6,D
sz300850,新强联,2025-10-21 14:48:42,44.59,5300,44.57,U
sz300850,新强联,2025-10-21 14:48:57,44.59,6100,44.56,E
sz300850,新强联,2025-10-21 14:49:00,44.57,7600,44.59,E
sz300850,新强联,2025-10-21 14:49:18,44.56,7500,44.56,U
sz300850,新强联,2025-10-21 14:49:21,44.55,14200,44.56,D
sz300850,新强联,2025-10-21 14:49:27,44.54,7900,44.54,D
sz300850,新强联,2025-10-21 14:49:33,44.53,27300,44.54,D
sz300850,新强联,2025-10-21 14:49:36,44.54,13400,44.53,U
sz300850,新强联,2025-10-21 14:49:42,44.55,19300,44.51,U
sz300850,新强联,2025-10-21 14:49:45,44.54,39800,44.55,D
sz300850,新强联,2025-10-21 14:49:57,44.51,5000,44.51,D
sz300850,新强联,2025-10-21 14:50:00,44.5,12000,44.51,D
sz300850,新强联,2025-10-21 14:50:03,44.49,27000,44.5,D
sz300850,新强联,2025-10-21 14:50:06,44.46,11600,44.49,D
sz300850,新强联,2025-10-21 14:50:12,44.44,9200,44.45,D
sz300850,新强联,2025-10-21 14:50:18,44.43,6300,44.43,D
sz300850,新强联,2025-10-21 14:50:48,44.42,15200,44.4,U
sz300850,新强联,2025-10-21 14:51:00,44.42,10300,44.43,D
sz300850,新强联,2025-10-21 14:51:03,44.41,9600,44.42,D
sz300850,新强联,2025-10-21 14:51:06,44.41,13900,44.41,D
sz300850,新强联,2025-10-21 14:51:39,44.47,5900,44.47,U
sz300850,新强联,2025-10-21 14:51:48,44.49,6700,44.48,U
sz300850,新强联,2025-10-21 14:52:03,44.44,7200,44.45,D
sz300850,新强联,2025-10-21 14:52:06,44.46,4900,44.44,U
sz300850,新强联,2025-10-21 14:52:12,44.36,50346,44.44,D
sz300850,新强联,2025-10-21 14:52:15,44.34,5300,44.36,D
sz300850,新强联,2025-10-21 14:52:30,44.4,4700,44.4,D
sz300850,新强联,2025-10-21 14:52:33,44.4,15900,44.4,D
sz300850,新强联,2025-10-21 14:52:36,44.41,8100,44.4,U
sz300850,新强联,2025-10-21 14:52:42,44.36,7600,44.4,D
sz300850,新强联,2025-10-21 14:53:03,44.39,43000,44.39,D
sz300850,新强联,2025-10-21 14:53:12,44.38,6200,44.39,D
sz300850,新强联,2025-10-21 14:53:15,44.39,5900,44.38,U
sz300850,新强联,2025-10-21 14:53:21,44.37,7300,44.39,D
sz300850,新强联,2025-10-21 14:53:27,44.37,10100,44.37,D
sz300850,新强联,2025-10-21 14:53:36,44.37,6300,44.37,U
sz300850,新强联,2025-10-21 14:53:42,44.38,11600,44.37,U
sz300850,新强联,2025-10-21 14:53:48,44.4,24800,44.38,U
sz300850,新强联,2025-10-21 14:53:51,44.41,9000,44.4,U
sz300850,新强联,2025-10-21 14:53:57,44.43,31500,44.41,U
sz300850,新强联,2025-10-21 14:54:03,44.43,8300,44.44,E
sz300850,新强联,2025-10-21 14:54:06,44.39,10400,44.43,D
sz300850,新强联,2025-10-21 14:54:09,44.39,11000,44.39,U
sz300850,新强联,2025-10-21 14:54:12,44.38,11900,44.39,D
sz300850,新强联,2025-10-21 14:54:15,44.36,39300,44.38,D
sz300850,新强联,2025-10-21 14:54:27,44.35,5300,44.29,U
sz300850,新强联,2025-10-21 14:54:30,44.33,21300,44.35,D
sz300850,新强联,2025-10-21 14:54:39,44.34,12100,44.33,E
sz300850,新强联,2025-10-21 14:54:45,44.35,6900,44.33,E
sz300850,新强联,2025-10-21 14:54:51,44.31,7700,44.34,D
sz300850,新强联,2025-10-21 14:54:54,44.35,11500,44.31,E
sz300850,新强联,2025-10-21 14:55:03,44.33,9900,44.3,U
sz300850,新强联,2025-10-21 14:55:06,44.36,16700,44.33,U
sz300850,新强联,2025-10-21 14:55:09,44.32,9500,44.36,D
sz300850,新强联,2025-10-21 14:55:18,44.38,23200,44.32,U
sz300850,新强联,2025-10-21 14:55:27,44.34,47900,44.38,E
sz300850,新强联,2025-10-21 14:55:30,44.35,18600,44.34,E
sz300850,新强联,2025-10-21 14:55:33,44.35,13500,44.35,D
sz300850,新强联,2025-10-21 14:55:36,44.35,5500,44.35,D
sz300850,新强联,2025-10-21 14:55:39,44.36,15000,44.35,U
sz300850,新强联,2025-10-21 14:55:42,44.37,11900,44.36,U
sz300850,新强联,2025-10-21 14:55:51,44.37,9200,44.37,D
sz300850,新强联,2025-10-21 14:55:54,44.38,6900,44.37,U
sz300850,新强联,2025-10-21 14:55:57,44.4,9000,44.38,U
sz300850,新强联,2025-10-21 14:56:00,44.38,4800,44.4,D
sz300850,新强联,2025-10-21 14:56:06,44.39,7300,44.39,U
sz300850,新强联,2025-10-21 14:56:09,44.4,45800,44.39,U
sz300850,新强联,2025-10-21 14:56:12,44.43,16300,44.4,E
sz300850,新强联,2025-10-21 14:56:15,44.31,44300,44.43,D
sz300850,新强联,2025-10-21 14:56:18,44.39,21700,44.31,U
sz300850,新强联,2025-10-21 14:56:21,44.38,6600,44.39,E
sz300850,新强联,2025-10-21 14:56:24,44.38,5300,44.38,U
sz300850,新强联,2025-10-21 14:56:27,44.38,7000,44.38,U
sz300850,新强联,2025-10-21 14:56:33,44.38,9200,44.34,U
sz300850,新强联,2025-10-21 14:56:36,44.37,5400,44.38,D
sz300850,新强联,2025-10-21 14:56:39,44.39,17300,44.37,U
sz300850,新强联,2025-10-21 14:56:48,44.38,15700,44.35,U
sz300850,新强联,2025-10-21 14:56:54,44.38,9700,44.38,U
sz300850,新强联,2025-10-21 15:00:00,44.4,241097,44.38,U
