symbol,name,ticktime,price,volume,prev_price,kind
sz300850,新强联,2025-09-19 09:25:00,38.65,75600,0.0,U
sz300850,新强联,2025-09-19 09:30:00,38.76,172458,38.65,U
sz300850,新强联,2025-09-19 09:30:03,38.81,122300,38.76,U
sz300850,新强联,2025-09-19 09:30:06,38.65,70442,38.81,D
sz300850,新强联,2025-09-19 09:30:09,38.65,53000,38.65,U
sz300850,新强联,2025-09-19 09:30:12,38.53,28500,38.65,D
sz300850,新强联,2025-09-19 09:30:15,38.46,25800,38.53,D
sz300850,新强联,2025-09-19 09:30:18,38.39,32500,38.46,D
sz300850,新强联,2025-09-19 09:30:21,38.34,12600,38.39,D
sz300850,新强联,2025-09-19 09:30:24,38.33,18000,38.34,D
sz300850,新强联,2025-09-19 09:30:27,38.32,65900,38.33,E
sz300850,新强联,2025-09-19 09:30:30,38.41,58600,38.32,U
sz300850,新强联,2025-09-19 09:30:33,38.39,34800,38.41,D
sz300850,新强联,2025-09-19 09:30:36,38.42,21400,38.39,U
sz300850,新强联,2025-09-19 09:30:39,38.48,25804,38.42,U
sz300850,新强联,2025-09-19 09:30:42,38.48,31900,38.48,E
sz300850,新强联,2025-09-19 09:30:45,38.5,29800,38.48,E
sz300850,新强联,2025-09-19 09:30:48,38.45,13600,38.5,D
sz300850,新强联,2025-09-19 09:30:51,38.47,20500,38.45,U
sz300850,新强联,2025-09-19 09:30:54,38.47,20200,38.47,U
sz300850,新强联,2025-09-19 09:30:57,38.63,10400,38.47,U
sz300850,新强联,2025-09-19 09:31:00,38.64,9100,38.63,E
sz300850,新强联,2025-09-19 09:31:03,38.54,14300,38.64,D
sz300850,新强联,2025-09-19 09:31:06,38.67,84100,38.54,U
sz300850,新强联,2025-09-19 09:31:09,38.72,50600,38.67,U
sz300850,新强联,2025-09-19 09:31:12,38.96,35100,38.72,U
sz300850,新强联,2025-09-19 09:31:15,38.96,42687,38.96,U
sz300850,新强联,2025-09-19 09:31:18,39.06,15300,38.96,U
sz300850,新强联,2025-09-19 09:31:21,39.02,38100,39.06,D
sz300850,新强联,2025-09-19 09:31:24,39.05,35400,39.02,U
sz300850,新强联,2025-09-19 09:31:27,39.08,23100,39.05,E
sz300850,新强联,2025-09-19 09:31:30,39.02,40400,39.08,D
sz300850,新强联,2025-09-19 09:31:33,39.06,38100,39.02,U
sz300850,新强联,2025-09-19 09:31:36,39.1,25200,39.06,U
sz300850,新强联,2025-09-19 09:31:39,39.14,43600,39.1,U
sz300850,新强联,2025-09-19 09:31:42,39.16,36100,39.14,U
sz300850,新强联,2025-09-19 09:31:45,39.14,26500,39.16,E
sz300850,新强联,2025-09-19 09:31:48,39.1,13400,39.14,D
sz300850,新强联,2025-09-19 09:31:51,39.13,34200,39.1,U
sz300850,新强联,2025-09-19 09:31:54,39.28,26200,39.13,U
sz300850,新强联,2025-09-19 09:31:57,39.31,25300,39.28,U
sz300850,新强联,2025-09-19 09:32:00,39.22,22600,39.31,D
sz300850,新强联,2025-09-19 09:32:03,39.1,67700,39.22,D
sz300850,新强联,2025-09-19 09:32:06,39.14,18200,39.1,U
sz300850,新强联,2025-09-19 09:32:09,39.39,95900,39.14,U
sz300850,新强联,2025-09-19 09:32:12,39.3,31300,39.39,D
sz300850,新强联,2025-09-19 09:32:15,39.36,13800,39.3,U
sz300850,新强联,2025-09-19 09:32:18,39.4,19300,39.36,U
sz300850,新强联,2025-09-19 09:32:21,39.34,10200,39.4,D
sz300850,新强联,2025-09-19 09:32:24,39.32,29900,39.34,E
sz300850,新强联,2025-09-19 09:32:27,39.39,50200,39.32,U
sz300850,新强联,2025-09-19 09:32:30,39.28,39700,39.39,D
sz300850,新强联,2025-09-19 09:32:33,39.28,30400,39.28,U
sz300850,新强联,2025-09-19 09:32:36,39.27,36900,39.28,D
sz300850,新强联,2025-09-19 09:32:39,39.18,16300,39.27,D
sz300850,新强联,2025-09-19 09:32:42,39.16,11500,39.18,D
sz300850,新强联,2025-09-19 09:32:45,39.22,47100,39.16,U
sz300850,新强联,2025-09-19 09:32:48,39.2,23200,39.22,E
sz300850,新强联,2025-09-19 09:32:51,39.2,21100,39.2,U
sz300850,新强联,2025-09-19 09:32:54,39.16,34200,39.2,D
sz300850,新强联,2025-09-19 09:32:57,39.2,14100,39.16,U
sz300850,新强联,2025-09-19 09:33:00,39.11,17700,39.2,D
sz300850,新强联,2025-09-19 09:33:03,39.09,10700,39.11,D
sz300850,新强联,2025-09-19 09:33:06,39.19,43200,39.09,U
sz300850,新强联,2025-09-19 09:33:09,38.98,113500,39.19,D
sz300850,新强联,2025-09-19 09:33:12,39.08,40100,38.98,U
sz300850,新强联,2025-09-19 09:33:15,39.0,6200,39.08,D
sz300850,新强联,2025-09-19 09:33:18,38.99,9900,39.0,D
sz300850,新强联,2025-09-19 09:33:21,38.99,15600,38.99,D
sz300850,新强联,2025-09-19 09:33:24,38.98,21200,38.99,D
sz300850,新强联,2025-09-19 09:33:27,38.99,19400,38.98,U
sz300850,新强联,2025-09-19 09:33:30,38.99,5900,38.99,D
sz300850,新强联,2025-09-19 09:33:33,38.9,19200,38.99,D
sz300850,新强联,2025-09-19 09:33:36,38.89,13100,38.9,D
sz300850,新强联,2025-09-19 09:33:42,38.89,26800,38.89,U
sz300850,新强联,2025-09-19 09:33:45,38.88,7000,38.89,E
sz300850,新强联,2025-09-19 09:33:54,38.86,5700,38.86,U
sz300850,新强联,2025-09-19 09:34:00,38.81,6500,38.84,D
sz300850,新强联,2025-09-19 09:34:03,38.74,8800,38.81,D
sz300850,新强联,2025-09-19 09:34:06,38.78,12300,38.74,E
sz300850,新强联,2025-09-19 09:34:09,38.87,26000,38.78,U
sz300850,新强联,2025-09-19 09:34:12,38.89,18100,38.87,U
sz300850,新强联,2025-09-19 09:34:15,39.05,30900,38.89,U
sz300850,新强联,2025-09-19 09:34:18,39.04,8700,39.05,D
sz300850,新强联,2025-09-19 09:34:21,39.16,10700,39.04,U
sz300850,新强联,2025-09-19 09:34:24,39.18,49800,39.16,U
sz300850,新强联,2025-09-19 09:34:27,39.35,32500,39.18,U
sz300850,新强联,2025-09-19 09:34:30,39.41,71500,39.35,U
sz300850,新强联,2025-09-19 09:34:33,39.43,10500,39.41,U
sz300850,新强联,2025-09-19 09:34:36,39.45,9100,39.43,E
sz300850,新强联,2025-09-19 09:34:39,39.43,14500,39.45,D
sz300850,新强联,2025-09-19 09:34:42,39.53,69500,39.43,U
sz300850,新强联,2025-09-19 09:34:45,39.48,34966,39.53,D
sz300850,新强联,2025-09-19 09:34:48,39.55,33500,39.48,U
sz300850,新强联,2025-09-19 09:34:51,39.55,16934,39.55,D
sz300850,新强联,2025-09-19 09:34:54,39.54,26800,39.55,D
sz300850,新强联,2025-09-19 09:34:57,39.53,12700,39.54,D
sz300850,新强联,2025-09-19 09:35:00,39.59,72900,39.53,U
sz300850,新强联,2025-09-19 09:35:03,39.67,48166,39.59,U
sz300850,新强联,2025-09-19 09:35:06,39.74,19900,39.67,U
sz300850,新强联,2025-09-19 09:35:09,39.69,17700,39.74,E
sz300850,新强联,2025-09-19 09:35:12,39.77,14000,39.69,U
sz300850,新强联,2025-09-19 09:35:15,39.89,114100,39.77,U
sz300850,新强联,2025-09-19 09:35:18,39.89,15100,39.89,E
sz300850,新强联,2025-09-19 09:35:21,39.89,23100,39.89,D
sz300850,新强联,2025-09-19 09:35:24,39.93,45000,39.89,U
sz300850,新强联,2025-09-19 09:35:27,39.93,13600,39.93,U
sz300850,新强联,2025-09-19 09:35:30,39.93,23800,39.93,U
sz300850,新强联,2025-09-19 09:35:33,39.92,36900,39.93,D
sz300850,新强联,2025-09-19 09:35:36,39.9,26400,39.92,D
sz300850,新强联,2025-09-19 09:35:39,39.82,47400,39.9,D
sz300850,新强联,2025-09-19 09:35:42,39.82,8000,39.82,D
sz300850,新强联,2025-09-19 09:35:45,39.82,35400,39.82,D
sz300850,新强联,2025-09-19 09:35:48,39.85,16500,39.82,U
sz300850,新强联,2025-09-19 09:35:51,39.88,14000,39.85,U
sz300850,新强联,2025-09-19 09:35:54,39.83,19400,39.88,D
sz300850,新强联,2025-09-19 09:35:57,39.86,20600,39.83,U
sz300850,新强联,2025-09-19 09:36:00,39.83,9400,39.86,D
sz300850,新强联,2025-09-19 09:36:03,39.89,36100,39.83,U
sz300850,新强联,2025-09-19 09:36:06,39.89,109900,39.89,U
sz300850,新强联,2025-09-19 09:36:09,39.94,18800,39.89,U
sz300850,新强联,2025-09-19 09:36:12,39.94,12500,39.94,U
sz300850,新强联,2025-09-19 09:36:15,39.94,43713,39.94,D
sz300850,新强联,2025-09-19 09:36:18,39.93,21800,39.94,D
sz300850,新强联,2025-09-19 09:36:21,39.91,38600,39.93,E
sz300850,新强联,2025-09-19 09:36:27,39.85,22900,39.89,D
sz300850,新强联,2025-09-19 09:36:30,39.83,51187,39.85,D
sz300850,新强联,2025-09-19 09:36:33,39.8,8600,39.83,E
sz300850,新强联,2025-09-19 09:36:36,39.82,6800,39.8,U
sz300850,新强联,2025-09-19 09:36:39,39.77,26000,39.82,D
sz300850,新强联,2025-09-19 09:36:42,39.77,11100,39.77,U
sz300850,新强联,2025-09-19 09:36:45,39.77,17443,39.77,U
sz300850,新强联,2025-09-19 09:36:48,39.75,27100,39.77,D
sz300850,新强联,2025-09-19 09:36:51,39.75,25357,39.75,U
sz300850,新强联,2025-09-19 09:36:54,39.7,5100,39.75,E
sz300850,新强联,2025-09-19 09:37:00,39.67,9100,39.68,D
sz300850,新强联,2025-09-19 09:37:03,39.6,6300,39.67,D
sz300850,新强联,2025-09-19 09:37:06,39.66,11800,39.6,U
sz300850,新强联,2025-09-19 09:37:09,39.67,29800,39.66,U
sz300850,新强联,2025-09-19 09:37:12,39.66,14400,39.67,D
sz300850,新强联,2025-09-19 09:37:15,39.66,5700,39.66,U
sz300850,新强联,2025-09-19 09:37:18,39.61,7900,39.66,D
sz300850,新强联,2025-09-19 09:37:21,39.6,7100,39.61,D
sz300850,新强联,2025-09-19 09:37:24,39.62,11000,39.6,U
sz300850,新强联,2025-09-19 09:37:27,39.6,76100,39.62,D
sz300850,新强联,2025-09-19 09:37:30,39.62,14400,39.6,E
sz300850,新强联,2025-09-19 09:37:33,39.66,5100,39.62,U
sz300850,新强联,2025-09-19 09:37:39,39.63,47400,39.64,D
sz300850,新强联,2025-09-19 09:37:42,39.69,110400,39.63,E
sz300850,新强联,2025-09-19 09:37:45,39.61,28600,39.69,D
sz300850,新强联,2025-09-19 09:37:48,39.61,8300,39.61,U
sz300850,新强联,2025-09-19 09:37:57,39.61,20100,39.57,U
sz300850,新强联,2025-09-19 09:38:00,39.61,18500,39.61,D
sz300850,新强联,2025-09-19 09:38:03,39.65,8700,39.61,U
sz300850,新强联,2025-09-19 09:38:06,39.74,24800,39.65,U
sz300850,新强联,2025-09-19 09:38:12,39.72,8600,39.74,D
sz300850,新强联,2025-09-19 09:38:18,39.62,26200,39.7,D
sz300850,新强联,2025-09-19 09:38:21,39.58,15800,39.62,D
sz300850,新强联,2025-09-19 09:38:24,39.56,46200,39.58,E
sz300850,新强联,2025-09-19 09:38:30,39.49,7600,39.54,D
sz300850,新强联,2025-09-19 09:38:33,39.5,5600,39.49,U
sz300850,新强联,2025-09-19 09:38:39,39.39,22500,39.46,D
sz300850,新强联,2025-09-19 09:38:45,39.33,6500,39.36,D
sz300850,新强联,2025-09-19 09:38:48,39.33,12200,39.33,D
sz300850,新强联,2025-09-19 09:38:51,39.3,9500,39.33,D
sz300850,新强联,2025-09-19 09:38:57,39.3,6300,39.3,U
sz300850,新强联,2025-09-19 09:39:00,39.3,8900,39.3,D
sz300850,新强联,2025-09-19 09:39:03,39.4,34400,39.3,U
sz300850,新强联,2025-09-19 09:39:06,39.43,6943,39.4,U
sz300850,新强联,2025-09-19 09:39:09,39.47,12757,39.43,U
sz300850,新强联,2025-09-19 09:39:12,39.42,24100,39.47,E
sz300850,新强联,2025-09-19 09:39:15,39.43,8500,39.42,U
sz300850,新强联,2025-09-19 09:39:21,39.59,26643,39.46,U
sz300850,新强联,2025-09-19 09:39:30,39.82,135100,39.66,U
sz300850,新强联,2025-09-19 09:39:33,39.84,7800,39.82,U
sz300850,新强联,2025-09-19 09:39:36,39.82,40300,39.84,D
sz300850,新强联,2025-09-19 09:39:39,39.86,33200,39.82,E
sz300850,新强联,2025-09-19 09:39:42,39.83,36800,39.86,D
sz300850,新强联,2025-09-19 09:39:45,39.8,36300,39.83,D
sz300850,新强联,2025-09-19 09:39:48,39.79,10200,39.8,D
sz300850,新强联,2025-09-19 09:39:51,39.8,14800,39.79,U
sz300850,新强联,2025-09-19 09:39:54,39.75,11900,39.8,D
sz300850,新强联,2025-09-19 09:39:57,39.78,61600,39.75,U
sz300850,新强联,2025-09-19 09:40:00,39.85,133900,39.78,U
sz300850,新强联,2025-09-19 09:40:03,39.93,78200,39.85,U
sz300850,新强联,2025-09-19 09:40:06,39.88,23500,39.93,D
sz300850,新强联,2025-09-19 09:40:09,39.82,30300,39.88,D
sz300850,新强联,2025-09-19 09:40:12,39.99,251865,39.82,U
sz300850,新强联,2025-09-19 09:40:15,40.2,374047,39.99,U
sz300850,新强联,2025-09-19 09:40:18,40.21,44300,40.2,U
sz300850,新强联,2025-09-19 09:40:21,40.1,21600,40.21,D
sz300850,新强联,2025-09-19 09:40:24,40.15,14300,40.1,U
sz300850,新强联,2025-09-19 09:40:27,40.15,116700,40.15,U
sz300850,新强联,2025-09-19 09:40:30,40.2,5600,40.15,U
sz300850,新强联,2025-09-19 09:40:33,40.25,35500,40.2,U
sz300850,新强联,2025-09-19 09:40:36,40.21,23500,40.25,D
sz300850,新强联,2025-09-19 09:40:39,40.21,13200,40.21,U
sz300850,新强联,2025-09-19 09:40:42,40.25,72400,40.21,U
sz300850,新强联,2025-09-19 09:40:45,40.21,21500,40.25,D
sz300850,新强联,2025-09-19 09:40:48,40.23,42200,40.21,E
sz300850,新强联,2025-09-19 09:40:51,40.21,44500,40.23,E
sz300850,新强联,2025-09-19 09:40:54,40.18,23000,40.21,E
sz300850,新强联,2025-09-19 09:40:57,40.25,42400,40.18,U
sz300850,新强联,2025-09-19 09:41:00,40.15,11200,40.25,D
sz300850,新强联,2025-09-19 09:41:03,40.21,32100,40.15,U
sz300850,新强联,2025-09-19 09:41:06,40.19,18400,40.21,E
sz300850,新强联,2025-09-19 09:41:12,40.2,38900,40.2,U
sz300850,新强联,2025-09-19 09:41:15,40.18,17300,40.2,E
sz300850,新强联,2025-09-19 09:41:18,40.36,200250,40.18,U
sz300850,新强联,2025-09-19 09:41:21,40.35,10200,40.36,D
sz300850,新强联,2025-09-19 09:41:24,40.35,40800,40.35,D
sz300850,新强联,2025-09-19 09:41:27,40.32,87200,40.35,D
sz300850,新强联,2025-09-19 09:41:30,40.3,24700,40.32,D
sz300850,新强联,2025-09-19 09:41:33,40.37,35500,40.3,U
sz300850,新强联,2025-09-19 09:41:36,40.3,63000,40.37,E
sz300850,新强联,2025-09-19 09:41:39,40.31,6200,40.3,E
sz300850,新强联,2025-09-19 09:41:42,40.3,18100,40.31,D
sz300850,新强联,2025-09-19 09:41:45,40.29,11000,40.3,E
sz300850,新强联,2025-09-19 09:41:48,40.26,19700,40.29,E
sz300850,新强联,2025-09-19 09:41:51,40.3,55300,40.26,U
sz300850,新强联,2025-09-19 09:41:54,40.3,24400,40.3,D
sz300850,新强联,2025-09-19 09:41:57,40.36,81535,40.3,U
sz300850,新强联,2025-09-19 09:42:00,40.4,34700,40.36,U
sz300850,新强联,2025-09-19 09:42:03,40.4,71400,40.4,D
sz300850,新强联,2025-09-19 09:42:06,40.3,29500,40.4,D
sz300850,新强联,2025-09-19 09:42:09,40.3,40200,40.3,D
sz300850,新强联,2025-09-19 09:42:12,40.3,27900,40.3,D
sz300850,新强联,2025-09-19 09:42:15,40.3,34600,40.3,D
sz300850,新强联,2025-09-19 09:42:18,40.33,87100,40.3,U
sz300850,新强联,2025-09-19 09:42:21,40.27,18800,40.33,D
sz300850,新强联,2025-09-19 09:42:24,40.3,38300,40.27,U
sz300850,新强联,2025-09-19 09:42:27,40.35,61900,40.3,U
sz300850,新强联,2025-09-19 09:42:30,40.37,62102,40.35,U
sz300850,新强联,2025-09-19 09:42:33,40.57,172200,40.37,U
sz300850,新强联,2025-09-19 09:42:36,40.54,37700,40.57,E
sz300850,新强联,2025-09-19 09:42:39,40.54,16000,40.54,U
sz300850,新强联,2025-09-19 09:42:42,40.46,51500,40.54,D
sz300850,新强联,2025-09-19 09:42:45,40.54,20000,40.46,U
sz300850,新强联,2025-09-19 09:42:48,40.52,48500,40.54,D
sz300850,新强联,2025-09-19 09:42:51,40.54,105700,40.52,U
sz300850,新强联,2025-09-19 09:42:54,40.52,108200,40.54,D
sz300850,新强联,2025-09-19 09:42:57,40.6,38255,40.52,U
sz300850,新强联,2025-09-19 09:43:00,40.59,8600,40.6,D
sz300850,新强联,2025-09-19 09:43:03,40.61,28400,40.59,U
sz300850,新强联,2025-09-19 09:43:06,40.68,36700,40.61,U
sz300850,新强联,2025-09-19 09:43:09,40.73,30400,40.68,U
sz300850,新强联,2025-09-19 09:43:12,40.69,24500,40.73,D
sz300850,新强联,2025-09-19 09:43:15,40.74,33500,40.69,U
sz300850,新强联,2025-09-19 09:43:18,40.73,17400,40.74,U
sz300850,新强联,2025-09-19 09:43:21,40.7,36700,40.73,D
sz300850,新强联,2025-09-19 09:43:24,40.72,23068,40.7,U
sz300850,新强联,2025-09-19 09:43:27,40.69,37132,40.72,D
sz300850,新强联,2025-09-19 09:43:30,40.52,63400,40.69,D
sz300850,新强联,2025-09-19 09:43:33,40.58,28000,40.52,U
sz300850,新强联,2025-09-19 09:43:36,40.53,5400,40.58,E
sz300850,新强联,2025-09-19 09:43:39,40.53,16800,40.53,D
sz300850,新强联,2025-09-19 09:43:42,40.5,16700,40.53,D
sz300850,新强联,2025-09-19 09:43:45,40.48,11000,40.5,D
sz300850,新强联,2025-09-19 09:43:48,40.47,8100,40.48,D
sz300850,新强联,2025-09-19 09:43:51,40.46,8800,40.47,E
sz300850,新强联,2025-09-19 09:43:54,40.42,8000,40.46,D
sz300850,新强联,2025-09-19 09:44:00,40.45,36100,40.45,U
sz300850,新强联,2025-09-19 09:44:03,40.46,156216,40.45,U
sz300850,新强联,2025-09-19 09:44:06,40.52,10000,40.46,E
sz300850,新强联,2025-09-19 09:44:09,40.55,27300,40.52,U
sz300850,新强联,2025-09-19 09:44:12,40.52,8100,40.55,D
sz300850,新强联,2025-09-19 09:44:15,40.52,25900,40.52,U
sz300850,新强联,2025-09-19 09:44:18,40.51,16900,40.52,D
sz300850,新强联,2025-09-19 09:44:21,40.53,13200,40.51,U
sz300850,新强联,2025-09-19 09:44:24,40.49,8500,40.53,U
sz300850,新强联,2025-09-19 09:44:27,40.46,46900,40.49,D
sz300850,新强联,2025-09-19 09:44:30,40.49,25000,40.46,U
sz300850,新强联,2025-09-19 09:44:33,40.56,34800,40.49,U
sz300850,新强联,2025-09-19 09:44:36,40.54,13500,40.56,D
sz300850,新强联,2025-09-19 09:44:39,40.59,17100,40.54,U
sz300850,新强联,2025-09-19 09:44:42,40.57,28100,40.59,D
sz300850,新强联,2025-09-19 09:44:45,40.65,61200,40.57,U
sz300850,新强联,2025-09-19 09:44:48,40.65,12400,40.65,U
sz300850,新强联,2025-09-19 09:44:51,40.69,15500,40.65,U
sz300850,新强联,2025-09-19 09:44:54,40.66,14000,40.69,D
sz300850,新强联,2025-09-19 09:44:57,40.68,14600,40.66,E
sz300850,新强联,2025-09-19 09:45:00,40.68,71400,40.68,U
sz300850,新强联,2025-09-19 09:45:03,40.61,35600,40.68,D
sz300850,新强联,2025-09-19 09:45:06,40.65,51500,40.61,U
sz300850,新强联,2025-09-19 09:45:09,40.63,33800,40.65,E
sz300850,新强联,2025-09-19 09:45:12,40.62,20400,40.63,U
sz300850,新强联,2025-09-19 09:45:15,40.58,10600,40.62,D
sz300850,新强联,2025-09-19 09:45:18,40.58,11400,40.58,U
sz300850,新强联,2025-09-19 09:45:21,40.58,8300,40.58,D
sz300850,新强联,2025-09-19 09:45:24,40.6,19500,40.58,U
sz300850,新强联,2025-09-19 09:45:30,40.58,21100,40.55,U
sz300850,新强联,2025-09-19 09:45:33,40.55,5600,40.58,D
sz300850,新强联,2025-09-19 09:45:36,40.55,6600,40.55,D
sz300850,新强联,2025-09-19 09:45:39,40.51,17400,40.55,D
sz300850,新强联,2025-09-19 09:45:42,40.49,55200,40.51,D
sz300850,新强联,2025-09-19 09:45:45,40.46,7200,40.49,D
sz300850,新强联,2025-09-19 09:45:48,40.5,11200,40.46,U
sz300850,新强联,2025-09-19 09:45:51,40.52,19200,40.5,U
sz300850,新强联,2025-09-19 09:45:54,40.53,16900,40.52,U
sz300850,新强联,2025-09-19 09:45:57,40.45,16400,40.53,D
sz300850,新强联,2025-09-19 09:46:00,40.54,18100,40.45,U
sz300850,新强联,2025-09-19 09:46:03,40.61,51300,40.54,U
sz300850,新强联,2025-09-19 09:46:06,40.64,11500,40.61,U
sz300850,新强联,2025-09-19 09:46:09,40.7,82968,40.64,U
sz300850,新强联,2025-09-19 09:46:12,40.74,24880,40.7,U
sz300850,新强联,2025-09-19 09:46:15,40.77,76700,40.74,U
sz300850,新强联,2025-09-19 09:46:18,40.84,107400,40.77,U
sz300850,新强联,2025-09-19 09:46:21,40.94,69180,40.84,U
sz300850,新强联,2025-09-19 09:46:24,40.97,129100,40.94,U
sz300850,新强联,2025-09-19 09:46:27,41.0,10900,40.97,U
sz300850,新强联,2025-09-19 09:46:30,40.95,111000,41.0,D
sz300850,新强联,2025-09-19 09:46:33,41.0,30600,40.95,U
sz300850,新强联,2025-09-19 09:46:36,41.0,139300,41.0,U
sz300850,新强联,2025-09-19 09:46:39,41.0,45870,41.0,U
sz300850,新强联,2025-09-19 09:46:42,40.99,50930,41.0,D
sz300850,新强联,2025-09-19 09:46:45,40.97,21800,40.99,E
sz300850,新强联,2025-09-19 09:46:48,40.96,14600,40.97,E
sz300850,新强联,2025-09-19 09:46:51,40.88,29700,40.96,D
sz300850,新强联,2025-09-19 09:46:54,40.84,56400,40.88,D
sz300850,新强联,2025-09-19 09:46:57,40.89,8500,40.84,E
sz300850,新强联,2025-09-19 09:47:00,40.84,20300,40.89,D
sz300850,新强联,2025-09-19 09:47:03,40.8,12900,40.84,E
sz300850,新强联,2025-09-19 09:47:06,40.77,18500,40.8,D
sz300850,新强联,2025-09-19 09:47:09,40.79,5900,40.77,U
sz300850,新强联,2025-09-19 09:47:12,40.75,27500,40.79,D
sz300850,新强联,2025-09-19 09:47:18,40.75,15000,40.75,U
sz300850,新强联,2025-09-19 09:47:21,40.75,15100,40.75,U
sz300850,新强联,2025-09-19 09:47:24,40.71,13400,40.75,D
sz300850,新强联,2025-09-19 09:47:27,40.76,6900,40.71,E
sz300850,新强联,2025-09-19 09:47:30,40.76,9200,40.76,D
sz300850,新强联,2025-09-19 09:47:33,40.75,19600,40.76,E
sz300850,新强联,2025-09-19 09:47:36,40.73,13100,40.75,U
sz300850,新强联,2025-09-19 09:47:42,40.75,14700,40.74,U
sz300850,新强联,2025-09-19 09:47:45,40.73,10200,40.75,D
sz300850,新强联,2025-09-19 09:47:48,40.74,13100,40.73,U
sz300850,新强联,2025-09-19 09:47:51,40.73,11100,40.74,D
sz300850,新强联,2025-09-19 09:47:54,40.69,34720,40.73,D
sz300850,新强联,2025-09-19 09:47:57,40.64,9700,40.69,D
sz300850,新强联,2025-09-19 09:48:00,40.6,87400,40.64,D
sz300850,新强联,2025-09-19 09:48:06,40.59,8000,40.53,U
sz300850,新强联,2025-09-19 09:48:09,40.59,14700,40.59,U
sz300850,新强联,2025-09-19 09:48:12,40.51,5600,40.59,D
sz300850,新强联,2025-09-19 09:48:15,40.5,8100,40.51,D
sz300850,新强联,2025-09-19 09:48:18,40.47,20300,40.5,D
sz300850,新强联,2025-09-19 09:48:21,40.5,24600,40.47,U
sz300850,新强联,2025-09-19 09:48:24,40.44,20800,40.5,D
sz300850,新强联,2025-09-19 09:48:27,40.55,52200,40.44,U
sz300850,新强联,2025-09-19 09:48:30,40.61,27200,40.55,U
sz300850,新强联,2025-09-19 09:48:33,40.64,12900,40.61,U
sz300850,新强联,2025-09-19 09:48:36,40.65,7500,40.64,U
sz300850,新强联,2025-09-19 09:48:42,40.65,9000,40.65,U
sz300850,新强联,2025-09-19 09:48:45,40.65,9400,40.65,U
sz300850,新强联,2025-09-19 09:48:51,40.66,33900,40.67,E
sz300850,新强联,2025-09-19 09:49:00,40.61,9000,40.62,D
sz300850,新强联,2025-09-19 09:49:03,40.6,7100,40.61,E
sz300850,新强联,2025-09-19 09:49:06,40.56,11100,40.6,D
sz300850,新强联,2025-09-19 09:49:09,40.56,8100,40.56,U
sz300850,新强联,2025-09-19 09:49:12,40.55,19700,40.56,D
sz300850,新强联,2025-09-19 09:49:15,40.56,93200,40.55,U
sz300850,新强联,2025-09-19 09:49:18,40.51,23700,40.56,D
sz300850,新强联,2025-09-19 09:49:21,40.55,11600,40.51,U
sz300850,新强联,2025-09-19 09:49:24,40.51,24200,40.55,D
sz300850,新强联,2025-09-19 09:49:27,40.56,7700,40.51,U
sz300850,新强联,2025-09-19 09:49:30,40.56,11200,40.56,U
sz300850,新强联,2025-09-19 09:49:33,40.54,10400,40.56,D
sz300850,新强联,2025-09-19 09:49:36,40.56,6000,40.54,U
sz300850,新强联,2025-09-19 09:49:39,40.54,7793,40.56,D
sz300850,新强联,2025-09-19 09:49:42,40.54,14607,40.54,D
sz300850,新强联,2025-09-19 09:49:45,40.52,33800,40.54,E
sz300850,新强联,2025-09-19 09:49:48,40.49,9500,40.52,D
sz300850,新强联,2025-09-19 09:49:51,40.46,9500,40.49,D
sz300850,新强联,2025-09-19 09:49:54,40.43,5500,40.46,D
sz300850,新强联,2025-09-19 09:50:00,40.36,50500,40.41,D
sz300850,新强联,2025-09-19 09:50:03,40.24,17600,40.36,D
sz300850,新强联,2025-09-19 09:50:06,40.23,38600,40.24,E
sz300850,新强联,2025-09-19 09:50:09,40.16,16100,40.23,D
sz300850,新强联,2025-09-19 09:50:12,40.05,10400,40.16,D
sz300850,新强联,2025-09-19 09:50:15,40.14,8300,40.05,E
sz300850,新强联,2025-09-19 09:50:18,40.15,8000,40.14,U
sz300850,新强联,2025-09-19 09:50:21,40.14,32817,40.15,E
sz300850,新强联,2025-09-19 09:50:24,40.14,10100,40.14,D
sz300850,新强联,2025-09-19 09:50:27,40.07,21100,40.14,D
sz300850,新强联,2025-09-19 09:50:30,40.17,9400,40.07,U
sz300850,新强联,2025-09-19 09:50:33,40.08,11600,40.17,D
sz300850,新强联,2025-09-19 09:50:36,40.07,11200,40.08,D
sz300850,新强联,2025-09-19 09:50:39,40.06,13100,40.07,D
sz300850,新强联,2025-09-19 09:50:42,40.07,23600,40.06,U
sz300850,新强联,2025-09-19 09:50:45,40.05,13300,40.07,D
sz300850,新强联,2025-09-19 09:50:48,40.02,59800,40.05,D
sz300850,新强联,2025-09-19 09:50:51,40.09,8500,40.02,E
sz300850,新强联,2025-09-19 09:50:54,40.06,31600,40.09,D
sz300850,新强联,2025-09-19 09:50:57,40.09,38900,40.06,U
sz300850,新强联,2025-09-19 09:51:00,40.1,12600,40.09,U
sz300850,新强联,2025-09-19 09:51:03,40.14,12200,40.1,U
sz300850,新强联,2025-09-19 09:51:06,40.08,27500,40.14,D
sz300850,新强联,2025-09-19 09:51:09,40.09,8200,40.08,D
sz300850,新强联,2025-09-19 09:51:12,40.17,21400,40.09,U
sz300850,新强联,2025-09-19 09:51:15,40.14,18200,40.17,D
sz300850,新强联,2025-09-19 09:51:18,40.18,8700,40.14,U
sz300850,新强联,2025-09-19 09:51:21,40.13,13700,40.18,E
sz300850,新强联,2025-09-19 09:51:27,40.18,5100,40.17,U
sz300850,新强联,2025-09-19 09:51:30,40.17,15300,40.18,D
sz300850,新强联,2025-09-19 09:51:33,40.13,10500,40.17,E
sz300850,新强联,2025-09-19 09:51:36,40.12,14200,40.13,E
sz300850,新强联,2025-09-19 09:51:39,40.11,14200,40.12,D
sz300850,新强联,2025-09-19 09:51:42,40.1,6900,40.11,D
sz300850,新强联,2025-09-19 09:51:45,40.1,14900,40.1,D
sz300850,新强联,2025-09-19 09:51:48,40.07,13200,40.1,D
sz300850,新强联,2025-09-19 09:51:54,40.05,10300,40.05,D
sz300850,新强联,2025-09-19 09:51:57,40.06,6900,40.05,U
sz300850,新强联,2025-09-19 09:52:00,40.08,9300,40.06,U
sz300850,新强联,2025-09-19 09:52:03,40.08,12100,40.08,D
sz300850,新强联,2025-09-19 09:52:06,40.06,7647,40.08,E
sz300850,新强联,2025-09-19 09:52:09,40.08,13552,40.06,U
sz300850,新强联,2025-09-19 09:52:12,40.15,30600,40.08,U
sz300850,新强联,2025-09-19 09:52:15,40.15,9300,40.15,U
sz300850,新强联,2025-09-19 09:52:18,40.12,7900,40.15,E
sz300850,新强联,2025-09-19 09:52:21,40.17,5900,40.12,U
sz300850,新强联,2025-09-19 09:52:24,40.15,5700,40.17,D
sz300850,新强联,2025-09-19 09:52:27,40.2,17500,40.15,U
sz300850,新强联,2025-09-19 09:52:30,40.25,12100,40.2,U
sz300850,新强联,2025-09-19 09:52:33,40.2,8200,40.25,D
sz300850,新强联,2025-09-19 09:52:36,40.18,19000,40.2,D
sz300850,新强联,2025-09-19 09:52:39,40.18,14400,40.18,U
sz300850,新强联,2025-09-19 09:52:42,40.13,19900,40.18,D
sz300850,新强联,2025-09-19 09:52:45,40.11,5800,40.13,D
sz300850,新强联,2025-09-19 09:52:48,40.13,11000,40.11,U
sz300850,新强联,2025-09-19 09:52:51,40.11,5900,40.13,D
sz300850,新强联,2025-09-19 09:52:54,40.15,24948,40.11,U
sz300850,新强联,2025-09-19 09:52:57,40.1,9300,40.15,D
sz300850,新强联,2025-09-19 09:53:00,40.07,62800,40.1,E
sz300850,新强联,2025-09-19 09:53:03,40.1,39000,40.07,U
sz300850,新强联,2025-09-19 09:53:06,40.08,16800,40.1,U
sz300850,新强联,2025-09-19 09:53:09,39.95,120000,40.08,D
sz300850,新强联,2025-09-19 09:53:12,40.06,46600,39.95,U
sz300850,新强联,2025-09-19 09:53:15,39.95,11500,40.06,D
sz300850,新强联,2025-09-19 09:53:18,39.92,13100,39.95,D
sz300850,新强联,2025-09-19 09:53:21,39.95,9300,39.92,U
sz300850,新强联,2025-09-19 09:53:24,39.92,11400,39.95,D
sz300850,新强联,2025-09-19 09:53:30,39.92,11000,39.91,U
sz300850,新强联,2025-09-19 09:53:36,39.88,13300,39.9,D
sz300850,新强联,2025-09-19 09:53:39,39.87,9800,39.88,E
sz300850,新强联,2025-09-19 09:53:42,39.85,9200,39.87,E
sz300850,新强联,2025-09-19 09:53:45,39.85,19200,39.85,U
sz300850,新强联,2025-09-19 09:53:48,39.83,15900,39.85,E
sz300850,新强联,2025-09-19 09:53:51,39.83,17000,39.83,U
sz300850,新强联,2025-09-19 09:53:54,39.83,26200,39.83,D
sz300850,新强联,2025-09-19 09:53:57,39.84,19500,39.83,E
sz300850,新强联,2025-09-19 09:54:00,39.83,27900,39.84,D
sz300850,新强联,2025-09-19 09:54:03,39.9,14900,39.83,U
sz300850,新强联,2025-09-19 09:54:06,39.85,9500,39.9,E
sz300850,新强联,2025-09-19 09:54:09,39.84,10600,39.85,D
sz300850,新强联,2025-09-19 09:54:12,39.88,52700,39.84,U
sz300850,新强联,2025-09-19 09:54:15,39.86,10400,39.88,E
sz300850,新强联,2025-09-19 09:54:18,39.85,6100,39.86,U
sz300850,新强联,2025-09-19 09:54:21,39.81,13100,39.85,D
sz300850,新强联,2025-09-19 09:54:24,39.85,7000,39.81,U
sz300850,新强联,2025-09-19 09:54:27,39.84,5500,39.85,U
sz300850,新强联,2025-09-19 09:54:30,39.8,15100,39.84,D
sz300850,新强联,2025-09-19 09:54:33,39.75,5900,39.8,D
sz300850,新强联,2025-09-19 09:54:36,39.72,10000,39.75,D
sz300850,新强联,2025-09-19 09:54:42,39.84,74900,39.76,U
sz300850,新强联,2025-09-19 09:54:45,39.74,32700,39.84,D
sz300850,新强联,2025-09-19 09:54:48,39.85,13700,39.74,U
sz300850,新强联,2025-09-19 09:54:51,39.85,28900,39.85,D
sz300850,新强联,2025-09-19 09:54:54,39.85,9800,39.85,D
sz300850,新强联,2025-09-19 09:54:57,39.87,22600,39.85,U
sz300850,新强联,2025-09-19 09:55:00,39.92,75900,39.87,U
sz300850,新强联,2025-09-19 09:55:03,39.96,25500,39.92,E
sz300850,新强联,2025-09-19 09:55:06,39.91,17100,39.96,D
sz300850,新强联,2025-09-19 09:55:09,40.0,8000,39.91,U
sz300850,新强联,2025-09-19 09:55:12,40.01,8800,40.0,U
sz300850,新强联,2025-09-19 09:55:15,40.0,7300,40.01,D
sz300850,新强联,2025-09-19 09:55:21,39.98,21300,40.01,D
sz300850,新强联,2025-09-19 09:55:24,39.98,8900,39.98,U
sz300850,新强联,2025-09-19 09:55:30,40.0,24400,40.0,U
sz300850,新强联,2025-09-19 09:55:36,40.0,11600,40.0,U
sz300850,新强联,2025-09-19 09:55:39,39.98,8800,40.0,D
sz300850,新强联,2025-09-19 09:55:42,39.94,16000,39.98,D
sz300850,新强联,2025-09-19 09:55:45,39.9,10100,39.94,D
sz300850,新强联,2025-09-19 09:55:48,39.94,11200,39.9,E
sz300850,新强联,2025-09-19 09:55:51,39.97,7400,39.94,U
sz300850,新强联,2025-09-19 09:55:54,39.97,9100,39.97,D
sz300850,新强联,2025-09-19 09:55:57,39.94,7300,39.97,D
sz300850,新强联,2025-09-19 09:56:09,40.04,22900,39.99,U
sz300850,新强联,2025-09-19 09:56:12,40.06,5500,40.04,U
sz300850,新强联,2025-09-19 09:56:15,40.15,21252,40.06,U
sz300850,新强联,2025-09-19 09:56:18,40.19,10000,40.15,U
sz300850,新强联,2025-09-19 09:56:21,40.2,5800,40.19,U
sz300850,新强联,2025-09-19 09:56:24,40.19,5200,40.2,D
sz300850,新强联,2025-09-19 09:56:27,40.2,14800,40.19,D
sz300850,新强联,2025-09-19 09:56:30,40.2,8000,40.2,D
sz300850,新强联,2025-09-19 09:56:33,40.2,19600,40.2,D
sz300850,新强联,2025-09-19 09:56:36,40.16,7600,40.2,D
sz300850,新强联,2025-09-19 09:56:39,40.16,5400,40.16,D
sz300850,新强联,2025-09-19 09:56:42,40.16,9000,40.16,D
sz300850,新强联,2025-09-19 09:56:45,40.2,27200,40.16,U
sz300850,新强联,2025-09-19 09:56:48,40.18,16200,40.2,U
sz300850,新强联,2025-09-19 09:56:51,40.18,18700,40.18,E
sz300850,新强联,2025-09-19 09:56:54,40.19,12100,40.18,E
sz300850,新强联,2025-09-19 09:56:57,40.17,20500,40.19,E
sz300850,新强联,2025-09-19 09:57:00,40.16,38200,40.17,D
sz300850,新强联,2025-09-19 09:57:03,40.17,24000,40.16,U
sz300850,新强联,2025-09-19 09:57:06,40.13,10100,40.17,E
sz300850,新强联,2025-09-19 09:57:09,40.0,25248,40.13,D
sz300850,新强联,2025-09-19 09:57:12,40.02,10200,40.0,U
sz300850,新强联,2025-09-19 09:57:15,39.99,11100,40.02,D
sz300850,新强联,2025-09-19 09:57:18,40.01,6500,39.99,U
sz300850,新强联,2025-09-19 09:57:21,40.02,9500,40.01,U
sz300850,新强联,2025-09-19 09:57:24,39.96,8400,40.02,D
sz300850,新强联,2025-09-19 09:57:27,39.96,5900,39.96,U
sz300850,新强联,2025-09-19 09:57:33,39.92,5900,39.96,D
sz300850,新强联,2025-09-19 09:57:39,39.89,11500,39.97,D
sz300850,新强联,2025-09-19 09:57:42,39.92,14900,39.89,U
sz300850,新强联,2025-09-19 09:57:45,39.95,30800,39.92,U
sz300850,新强联,2025-09-19 09:57:48,39.99,8600,39.95,U
sz300850,新强联,2025-09-19 09:57:51,40.01,13800,39.99,U
sz300850,新强联,2025-09-19 09:57:54,39.99,5700,40.01,D
sz300850,新强联,2025-09-19 09:57:57,39.94,5600,39.99,D
sz300850,新强联,2025-09-19 09:58:00,40.02,24500,39.94,U
sz300850,新强联,2025-09-19 09:58:03,40.08,15700,40.02,U
sz300850,新强联,2025-09-19 09:58:06,40.03,28000,40.08,E
sz300850,新强联,2025-09-19 09:58:09,40.11,24600,40.03,U
sz300850,新强联,2025-09-19 09:58:12,40.16,14400,40.11,U
sz300850,新强联,2025-09-19 09:58:15,40.05,10900,40.16,D
sz300850,新强联,2025-09-19 09:58:21,40.16,12000,40.11,U
sz300850,新强联,2025-09-19 09:58:24,40.12,5300,40.16,E
sz300850,新强联,2025-09-19 09:58:27,40.12,5000,40.12,U
sz300850,新强联,2025-09-19 09:58:30,40.0,12300,40.12,D
sz300850,新强联,2025-09-19 09:58:33,40.08,9900,40.0,E
sz300850,新强联,2025-09-19 09:58:36,40.1,7800,40.08,E
sz300850,新强联,2025-09-19 09:58:39,39.99,8800,40.1,D
sz300850,新强联,2025-09-19 09:58:42,40.06,7400,39.99,U
sz300850,新强联,2025-09-19 09:58:45,40.13,5800,40.06,U
sz300850,新强联,2025-09-19 09:58:48,40.07,5000,40.13,E
sz300850,新强联,2025-09-19 09:58:54,40.08,6400,40.07,U
sz300850,新强联,2025-09-19 09:58:57,40.08,6100,40.08,D
sz300850,新强联,2025-09-19 09:59:00,40.05,6300,40.08,D
sz300850,新强联,2025-09-19 09:59:03,39.99,23500,40.05,D
sz300850,新强联,2025-09-19 09:59:06,40.0,21400,39.99,U
sz300850,新强联,2025-09-19 09:59:09,40.03,6300,40.0,U
sz300850,新强联,2025-09-19 09:59:12,40.03,13700,40.03,U
sz300850,新强联,2025-09-19 09:59:15,40.03,10900,40.03,E
sz300850,新强联,2025-09-19 09:59:18,40.0,11900,40.03,D
sz300850,新强联,2025-09-19 09:59:21,40.01,8600,40.0,D
sz300850,新强联,2025-09-19 09:59:24,40.05,5800,40.01,E
sz300850,新强联,2025-09-19 09:59:36,40.01,7200,40.01,U
sz300850,新强联,2025-09-19 09:59:39,40.03,11100,40.01,U
sz300850,新强联,2025-09-19 09:59:42,40.0,13700,40.03,D
sz300850,新强联,2025-09-19 09:59:45,40.03,9200,40.0,U
sz300850,新强联,2025-09-19 09:59:48,39.99,31000,40.03,D
sz300850,新强联,2025-09-19 09:59:51,40.0,28100,39.99,U
sz300850,新强联,2025-09-19 09:59:54,40.0,12500,40.0,U
sz300850,新强联,2025-09-19 10:00:00,39.88,17500,39.99,D
sz300850,新强联,2025-09-19 10:00:03,39.91,10100,39.88,U
sz300850,新强联,2025-09-19 10:00:06,39.94,12800,39.91,E
sz300850,新强联,2025-09-19 10:00:12,39.96,6000,39.97,D
sz300850,新强联,2025-09-19 10:00:15,39.98,7200,39.96,U
sz300850,新强联,2025-09-19 10:00:18,40.03,84200,39.98,U
sz300850,新强联,2025-09-19 10:00:21,40.06,27600,40.03,U
sz300850,新强联,2025-09-19 10:00:24,39.98,26500,40.06,D
sz300850,新强联,2025-09-19 10:00:27,40.0,24500,39.98,U
sz300850,新强联,2025-09-19 10:00:30,40.04,21400,40.0,U
sz300850,新强联,2025-09-19 10:00:33,40.07,9493,40.04,U
sz300850,新强联,2025-09-19 10:00:36,40.02,6200,40.07,D
sz300850,新强联,2025-09-19 10:00:45,39.99,9800,40.01,D
sz300850,新强联,2025-09-19 10:00:48,39.97,8800,39.99,E
sz300850,新强联,2025-09-19 10:00:51,39.98,6900,39.97,U
sz300850,新强联,2025-09-19 10:00:54,39.98,5500,39.98,D
sz300850,新强联,2025-09-19 10:01:00,39.98,5700,39.97,U
sz300850,新强联,2025-09-19 10:01:03,39.97,6000,39.98,E
sz300850,新强联,2025-09-19 10:01:09,39.97,6400,39.97,U
sz300850,新强联,2025-09-19 10:01:12,39.96,8100,39.97,U
sz300850,新强联,2025-09-19 10:01:24,39.96,7300,39.9,U
sz300850,新强联,2025-09-19 10:01:27,39.94,6600,39.96,E
sz300850,新强联,2025-09-19 10:01:30,39.93,5900,39.94,D
sz300850,新强联,2025-09-19 10:01:39,39.9,9100,39.95,D
sz300850,新强联,2025-09-19 10:01:42,39.9,8500,39.9,D
sz300850,新强联,2025-09-19 10:01:45,39.95,16100,39.9,U
sz300850,新强联,2025-09-19 10:01:48,39.95,52005,39.95,U
sz300850,新强联,2025-09-19 10:01:51,39.95,41800,39.95,D
sz300850,新强联,2025-09-19 10:01:54,40.02,25800,39.95,U
sz300850,新强联,2025-09-19 10:01:57,40.03,54300,40.02,E
sz300850,新强联,2025-09-19 10:02:00,40.04,34500,40.03,U
sz300850,新强联,2025-09-19 10:02:03,40.08,6100,40.04,U
sz300850,新强联,2025-09-19 10:02:06,40.08,13100,40.08,D
sz300850,新强联,2025-09-19 10:02:09,40.1,7100,40.08,U
sz300850,新强联,2025-09-19 10:02:12,40.05,25400,40.1,D
sz300850,新强联,2025-09-19 10:02:15,40.13,16900,40.05,U
sz300850,新强联,2025-09-19 10:02:18,40.04,12800,40.13,D
sz300850,新强联,2025-09-19 10:02:21,40.1,9200,40.04,U
sz300850,新强联,2025-09-19 10:02:24,40.13,6100,40.1,U
sz300850,新强联,2025-09-19 10:02:27,40.04,6200,40.13,D
sz300850,新强联,2025-09-19 10:02:30,40.1,5500,40.04,U
sz300850,新强联,2025-09-19 10:02:33,40.11,18000,40.1,U
sz300850,新强联,2025-09-19 10:02:36,40.13,5200,40.11,U
sz300850,新强联,2025-09-19 10:02:39,40.11,10500,40.13,D
sz300850,新强联,2025-09-19 10:02:42,40.11,10100,40.11,D
sz300850,新强联,2025-09-19 10:02:45,40.1,8300,40.11,E
sz300850,新强联,2025-09-19 10:02:48,40.1,6900,40.1,U
sz300850,新强联,2025-09-19 10:02:51,40.1,10800,40.1,U
sz300850,新强联,2025-09-19 10:02:54,40.13,44000,40.1,U
sz300850,新强联,2025-09-19 10:02:57,40.18,19800,40.13,U
sz300850,新强联,2025-09-19 10:03:00,40.23,45680,40.18,U
sz300850,新强联,2025-09-19 10:03:03,40.3,12300,40.23,U
sz300850,新强联,2025-09-19 10:03:06,40.18,34800,40.3,D
sz300850,新强联,2025-09-19 10:03:09,40.21,19700,40.18,E
sz300850,新强联,2025-09-19 10:03:12,40.2,5700,40.21,E
sz300850,新强联,2025-09-19 10:03:24,40.06,5500,40.12,E
sz300850,新强联,2025-09-19 10:03:30,39.99,24900,40.03,D
sz300850,新强联,2025-09-19 10:03:33,39.95,5600,39.99,D
sz300850,新强联,2025-09-19 10:03:42,39.99,8300,39.99,E
sz300850,新强联,2025-09-19 10:03:51,39.9,18800,39.99,D
sz300850,新强联,2025-09-19 10:03:54,39.92,13300,39.9,U
sz300850,新强联,2025-09-19 10:03:57,39.92,8400,39.92,U
sz300850,新强联,2025-09-19 10:04:06,39.82,18300,39.85,D
sz300850,新强联,2025-09-19 10:04:09,39.81,33500,39.82,E
sz300850,新强联,2025-09-19 10:04:12,39.82,9900,39.81,U
sz300850,新强联,2025-09-19 10:04:15,39.81,5200,39.82,D
sz300850,新强联,2025-09-19 10:04:18,39.82,37200,39.81,U
sz300850,新强联,2025-09-19 10:04:21,39.8,5100,39.82,D
sz300850,新强联,2025-09-19 10:04:24,39.8,11100,39.8,U
sz300850,新强联,2025-09-19 10:04:27,39.8,5300,39.8,U
sz300850,新强联,2025-09-19 10:04:30,39.79,12700,39.8,E
sz300850,新强联,2025-09-19 10:04:33,39.8,10300,39.79,U
sz300850,新强联,2025-09-19 10:04:36,39.81,6200,39.8,U
sz300850,新强联,2025-09-19 10:04:39,39.81,6400,39.81,U
sz300850,新强联,2025-09-19 10:04:42,39.8,5500,39.81,D
sz300850,新强联,2025-09-19 10:04:45,39.8,7100,39.8,D
sz300850,新强联,2025-09-19 10:04:48,39.8,15500,39.8,D
sz300850,新强联,2025-09-19 10:04:51,39.81,9800,39.8,D
sz300850,新强联,2025-09-19 10:05:00,39.81,6700,39.82,D
sz300850,新强联,2025-09-19 10:05:03,39.8,11100,39.81,D
sz300850,新强联,2025-09-19 10:05:06,39.77,5400,39.8,D
sz300850,新强联,2025-09-19 10:05:15,39.85,30500,39.77,U
sz300850,新强联,2025-09-19 10:05:18,39.91,11100,39.85,U
sz300850,新强联,2025-09-19 10:05:21,39.89,14600,39.91,E
sz300850,新强联,2025-09-19 10:05:24,39.79,5100,39.89,D
sz300850,新强联,2025-09-19 10:05:39,39.84,10000,39.81,U
sz300850,新强联,2025-09-19 10:05:42,39.79,5100,39.84,D
sz300850,新强联,2025-09-19 10:05:48,39.83,11900,39.84,E
sz300850,新强联,2025-09-19 10:05:51,39.8,6700,39.83,E
sz300850,新强联,2025-09-19 10:05:54,39.79,6200,39.8,D
sz300850,新强联,2025-09-19 10:06:03,39.78,5900,39.79,D
sz300850,新强联,2025-09-19 10:06:06,39.78,15200,39.78,U
sz300850,新强联,2025-09-19 10:06:09,39.78,17700,39.78,U
sz300850,新强联,2025-09-19 10:06:12,39.75,14100,39.78,D
sz300850,新强联,2025-09-19 10:06:18,39.82,31900,39.77,U
sz300850,新强联,2025-09-19 10:06:21,39.87,6900,39.82,U
sz300850,新强联,2025-09-19 10:06:24,39.81,7800,39.87,D
sz300850,新强联,2025-09-19 10:06:30,39.88,23600,39.82,E
sz300850,新强联,2025-09-19 10:06:45,39.9,5500,39.9,U
sz300850,新强联,2025-09-19 10:07:09,39.89,20000,39.84,U
sz300850,新强联,2025-09-19 10:07:12,39.81,25200,39.89,D
sz300850,新强联,2025-09-19 10:07:27,39.83,8300,39.85,D
sz300850,新强联,2025-09-19 10:07:45,39.94,56700,39.85,U
sz300850,新强联,2025-09-19 10:07:48,39.88,12600,39.94,D
sz300850,新强联,2025-09-19 10:07:57,39.86,5400,39.95,D
sz300850,新强联,2025-09-19 10:08:09,39.89,7700,39.88,U
sz300850,新强联,2025-09-19 10:08:12,39.88,5600,39.89,D
sz300850,新强联,2025-09-19 10:08:15,39.95,5300,39.88,U
sz300850,新强联,2025-09-19 10:08:33,40.0,16600,39.93,U
sz300850,新强联,2025-09-19 10:08:36,39.94,7000,40.0,D
sz300850,新强联,2025-09-19 10:09:12,39.96,12800,39.96,U
sz300850,新强联,2025-09-19 10:09:15,39.96,6400,39.96,D
sz300850,新强联,2025-09-19 10:09:21,39.95,15600,39.96,D
sz300850,新强联,2025-09-19 10:09:42,39.89,9000,39.89,D
sz300850,新强联,2025-09-19 10:09:45,39.88,13400,39.89,D
sz300850,新强联,2025-09-19 10:09:48,39.88,7000,39.88,D
sz300850,新强联,2025-09-19 10:09:54,39.92,7500,39.88,U
sz300850,新强联,2025-09-19 10:10:15,39.87,6000,39.86,U
sz300850,新强联,2025-09-19 10:10:18,39.85,6200,39.87,E
sz300850,新强联,2025-09-19 10:10:24,39.81,8600,39.86,D
sz300850,新强联,2025-09-19 10:10:27,39.78,5200,39.81,D
sz300850,新强联,2025-09-19 10:10:30,39.76,7500,39.78,D
sz300850,新强联,2025-09-19 10:10:33,39.74,7300,39.76,D
sz300850,新强联,2025-09-19 10:10:36,39.73,5700,39.74,D
sz300850,新强联,2025-09-19 10:10:39,39.71,14500,39.73,D
sz300850,新强联,2025-09-19 10:10:42,39.79,50000,39.71,U
sz300850,新强联,2025-09-19 10:10:45,39.77,8700,39.79,D
sz300850,新强联,2025-09-19 10:10:48,39.77,31800,39.77,D
sz300850,新强联,2025-09-19 10:10:51,39.73,8900,39.77,D
sz300850,新强联,2025-09-19 10:11:00,39.68,8000,39.72,D
sz300850,新强联,2025-09-19 10:11:03,39.72,15500,39.68,U
sz300850,新强联,2025-09-19 10:11:06,39.73,13500,39.72,U
sz300850,新强联,2025-09-19 10:11:09,39.68,8900,39.73,D
sz300850,新强联,2025-09-19 10:11:12,39.72,10200,39.68,E
sz300850,新强联,2025-09-19 10:11:18,39.79,31600,39.69,U
sz300850,新强联,2025-09-19 10:11:21,39.72,13900,39.79,D
sz300850,新强联,2025-09-19 10:11:30,39.8,14800,39.78,U
sz300850,新强联,2025-09-19 10:11:39,39.87,20800,39.79,U
sz300850,新强联,2025-09-19 10:11:42,39.85,21000,39.87,D
sz300850,新强联,2025-09-19 10:11:51,39.88,5300,39.87,U
sz300850,新强联,2025-09-19 10:11:54,39.9,11100,39.88,U
sz300850,新强联,2025-09-19 10:12:00,40.02,54225,39.9,U
sz300850,新强联,2025-09-19 10:12:03,39.96,13700,40.02,D
sz300850,新强联,2025-09-19 10:12:09,40.04,18200,40.0,E
sz300850,新强联,2025-09-19 10:12:12,40.02,5000,40.04,E
sz300850,新强联,2025-09-19 10:12:15,40.05,9900,40.02,U
sz300850,新强联,2025-09-19 10:12:18,40.04,7900,40.05,E
sz300850,新强联,2025-09-19 10:12:21,40.08,13300,40.04,U
sz300850,新强联,2025-09-19 10:12:24,40.08,12600,40.08,E
sz300850,新强联,2025-09-19 10:12:27,40.09,15900,40.08,E
sz300850,新强联,2025-09-19 10:12:30,40.08,40200,40.09,D
sz300850,新强联,2025-09-19 10:13:03,40.06,9300,40.05,U
sz300850,新强联,2025-09-19 10:13:06,40.07,5700,40.06,E
sz300850,新强联,2025-09-19 10:13:36,40.04,11400,40.1,D
sz300850,新强联,2025-09-19 10:14:42,39.96,6900,39.96,U
sz300850,新强联,2025-09-19 10:14:45,40.0,5300,39.96,U
sz300850,新强联,2025-09-19 10:14:48,40.0,14000,40.0,U
sz300850,新强联,2025-09-19 10:14:54,40.0,9100,40.0,D
sz300850,新强联,2025-09-19 10:15:24,40.06,7400,40.06,D
sz300850,新强联,2025-09-19 10:15:30,40.07,6400,40.01,U
sz300850,新强联,2025-09-19 10:15:33,40.01,5100,40.07,D
sz300850,新强联,2025-09-19 10:15:39,40.07,9900,40.01,U
sz300850,新强联,2025-09-19 10:15:45,40.11,32900,40.06,U
sz300850,新强联,2025-09-19 10:15:54,40.15,9000,40.13,U
sz300850,新强联,2025-09-19 10:16:09,40.15,47300,40.16,D
sz300850,新强联,2025-09-19 10:16:48,40.19,6600,40.18,E
sz300850,新强联,2025-09-19 10:17:00,40.2,7800,40.23,D
sz300850,新强联,2025-09-19 10:17:03,40.26,5200,40.2,U
sz300850,新强联,2025-09-19 10:17:06,40.3,9500,40.26,U
sz300850,新强联,2025-09-19 10:17:09,40.28,13100,40.3,D
sz300850,新强联,2025-09-19 10:17:18,40.33,19400,40.27,U
sz300850,新强联,2025-09-19 10:17:21,40.33,8700,40.33,D
sz300850,新强联,2025-09-19 10:17:33,40.33,40000,40.34,D
sz300850,新强联,2025-09-19 10:17:36,40.27,7300,40.33,D
sz300850,新强联,2025-09-19 10:17:48,40.3,12500,40.3,D
sz300850,新强联,2025-09-19 10:18:15,40.3,36300,40.32,D
sz300850,新强联,2025-09-19 10:18:24,40.39,110400,40.32,U
sz300850,新强联,2025-09-19 10:18:27,40.44,38800,40.39,U
sz300850,新强联,2025-09-19 10:18:30,40.48,13000,40.44,U
sz300850,新强联,2025-09-19 10:18:33,40.49,5800,40.48,U
sz300850,新强联,2025-09-19 10:18:36,40.49,33400,40.49,E
sz300850,新强联,2025-09-19 10:18:39,40.49,15100,40.49,U
sz300850,新强联,2025-09-19 10:18:45,40.49,12800,40.48,U
sz300850,新强联,2025-09-19 10:18:54,40.49,8800,40.48,U
sz300850,新强联,2025-09-19 10:19:00,40.48,13900,40.45,U
sz300850,新强联,2025-09-19 10:19:03,40.46,10100,40.48,E
sz300850,新强联,2025-09-19 10:19:06,40.45,8700,40.46,U
sz300850,新强联,2025-09-19 10:19:21,40.41,17200,40.34,U
sz300850,新强联,2025-09-19 10:19:24,40.4,9500,40.41,D
sz300850,新强联,2025-09-19 10:19:33,40.4,56900,40.46,D
sz300850,新强联,2025-09-19 10:19:54,40.43,8760,40.35,U
sz300850,新强联,2025-09-19 10:20:06,40.44,5200,40.43,U
sz300850,新强联,2025-09-19 10:20:15,40.39,8240,40.43,D
sz300850,新强联,2025-09-19 10:20:36,40.37,22100,40.39,D
sz300850,新强联,2025-09-19 10:20:42,40.35,13300,40.37,D
sz300850,新强联,2025-09-19 10:20:48,40.35,5600,40.35,U
sz300850,新强联,2025-09-19 10:20:54,40.4,39600,40.33,U
sz300850,新强联,2025-09-19 10:20:57,40.42,14400,40.4,U
sz300850,新强联,2025-09-19 10:21:03,40.48,45000,40.43,U
sz300850,新强联,2025-09-19 10:21:06,40.48,30900,40.48,U
sz300850,新强联,2025-09-19 10:21:09,40.45,14000,40.48,D
sz300850,新强联,2025-09-19 10:21:15,40.48,12900,40.48,U
sz300850,新强联,2025-09-19 10:21:18,40.49,63100,40.48,U
sz300850,新强联,2025-09-19 10:21:27,40.5,7200,40.49,U
sz300850,新强联,2025-09-19 10:21:30,40.5,7400,40.5,D
sz300850,新强联,2025-09-19 10:21:33,40.54,9200,40.5,U
sz300850,新强联,2025-09-19 10:21:36,40.54,9800,40.54,D
sz300850,新强联,2025-09-19 10:21:39,40.58,8800,40.54,U
sz300850,新强联,2025-09-19 10:21:51,40.58,9000,40.56,U
sz300850,新强联,2025-09-19 10:22:00,40.58,12700,40.57,U
sz300850,新强联,2025-09-19 10:22:03,40.54,18600,40.58,D
sz300850,新强联,2025-09-19 10:22:06,40.57,19300,40.54,U
sz300850,新强联,2025-09-19 10:22:09,40.57,5700,40.57,U
sz300850,新强联,2025-09-19 10:22:21,40.57,7800,40.52,U
sz300850,新强联,2025-09-19 10:22:30,40.52,15600,40.52,D
sz300850,新强联,2025-09-19 10:22:33,40.52,5700,40.52,D
sz300850,新强联,2025-09-19 10:22:57,40.41,6500,40.46,D
sz300850,新强联,2025-09-19 10:23:09,40.47,9700,40.4,U
sz300850,新强联,2025-09-19 10:23:15,40.48,5100,40.4,U
sz300850,新强联,2025-09-19 10:23:18,40.4,5500,40.48,D
sz300850,新强联,2025-09-19 10:23:21,40.4,10600,40.4,D
sz300850,新强联,2025-09-19 10:23:24,40.4,7700,40.4,D
sz300850,新强联,2025-09-19 10:23:27,40.4,9770,40.4,D
sz300850,新强联,2025-09-19 10:23:33,40.39,6030,40.4,D
sz300850,新强联,2025-09-19 10:23:39,40.32,19100,40.37,D
sz300850,新强联,2025-09-19 10:23:51,40.33,8300,40.32,D
sz300850,新强联,2025-09-19 10:23:57,40.3,30800,40.33,D
sz300850,新强联,2025-09-19 10:24:00,40.26,7300,40.3,D
sz300850,新强联,2025-09-19 10:24:09,40.18,5500,40.25,D
sz300850,新强联,2025-09-19 10:24:12,40.24,25400,40.18,U
sz300850,新强联,2025-09-19 10:24:15,40.29,12400,40.24,U
sz300850,新强联,2025-09-19 10:24:18,40.33,9700,40.29,U
sz300850,新强联,2025-09-19 10:24:24,40.45,49600,40.34,U
sz300850,新强联,2025-09-19 10:24:30,40.45,7500,40.45,D
sz300850,新强联,2025-09-19 10:24:33,40.4,14100,40.45,D
sz300850,新强联,2025-09-19 10:24:36,40.34,23300,40.4,D
sz300850,新强联,2025-09-19 10:25:03,40.37,5100,40.32,U
sz300850,新强联,2025-09-19 10:25:21,40.31,17600,40.3,U
sz300850,新强联,2025-09-19 10:25:30,40.32,6800,40.32,U
sz300850,新强联,2025-09-19 10:26:00,40.29,13000,40.3,D
sz300850,新强联,2025-09-19 10:26:03,40.32,23100,40.29,U
sz300850,新强联,2025-09-19 10:26:24,40.35,8100,40.35,U
sz300850,新强联,2025-09-19 10:27:27,40.34,5200,40.34,U
sz300850,新强联,2025-09-19 10:27:33,40.38,38900,40.34,U
sz300850,新强联,2025-09-19 10:27:36,40.39,16900,40.38,U
sz300850,新强联,2025-09-19 10:27:54,40.43,10300,40.45,E
sz300850,新强联,2025-09-19 10:27:57,40.43,5000,40.43,D
sz300850,新强联,2025-09-19 10:28:03,40.49,5200,40.43,U
sz300850,新强联,2025-09-19 10:28:15,40.5,8600,40.48,U
sz300850,新强联,2025-09-19 10:28:27,40.48,10000,40.49,E
sz300850,新强联,2025-09-19 10:28:42,40.44,12100,40.44,U
sz300850,新强联,2025-09-19 10:28:45,40.48,5400,40.44,U
sz300850,新强联,2025-09-19 10:28:54,40.47,10400,40.49,D
sz300850,新强联,2025-09-19 10:30:33,40.44,25300,40.45,D
sz300850,新强联,2025-09-19 10:30:36,40.49,26900,40.44,U
sz300850,新强联,2025-09-19 10:30:39,40.5,20500,40.49,U
sz300850,新强联,2025-09-19 10:30:42,40.5,10300,40.5,U
sz300850,新强联,2025-09-19 10:30:48,40.5,5800,40.47,U
sz300850,新强联,2025-09-19 10:31:09,40.43,8400,40.45,D
sz300850,新强联,2025-09-19 10:32:06,40.4,8000,40.43,D
sz300850,新强联,2025-09-19 10:32:09,40.4,16400,40.4,D
sz300850,新强联,2025-09-19 10:32:12,40.45,6400,40.4,U
sz300850,新强联,2025-09-19 10:32:15,40.4,9300,40.45,D
sz300850,新强联,2025-09-19 10:32:18,40.4,6500,40.4,U
sz300850,新强联,2025-09-19 10:32:54,40.4,6100,40.37,U
sz300850,新强联,2025-09-19 10:32:57,40.4,9000,40.4,E
sz300850,新强联,2025-09-19 10:33:03,40.48,7700,40.39,U
sz300850,新强联,2025-09-19 10:33:06,40.48,15000,40.48,U
sz300850,新强联,2025-09-19 10:33:09,40.48,6700,40.48,U
sz300850,新强联,2025-09-19 10:33:21,40.38,6300,40.4,D
sz300850,新强联,2025-09-19 10:33:24,40.39,7100,40.38,U
sz300850,新强联,2025-09-19 10:33:33,40.37,5500,40.43,D
sz300850,新强联,2025-09-19 10:33:51,40.3,10680,40.34,D
sz300850,新强联,2025-09-19 10:35:03,40.35,9400,40.34,U
sz300850,新强联,2025-09-19 10:35:48,40.27,5900,40.27,D
sz300850,新强联,2025-09-19 10:36:24,40.24,18316,40.2,U
sz300850,新强联,2025-09-19 10:36:27,40.31,6200,40.24,U
sz300850,新强联,2025-09-19 10:36:48,40.24,25000,40.21,U
sz300850,新强联,2025-09-19 10:36:51,40.27,8684,40.24,U
sz300850,新强联,2025-09-19 10:36:54,40.33,11400,40.27,U
sz300850,新强联,2025-09-19 10:37:48,40.23,10300,40.22,E
sz300850,新强联,2025-09-19 10:37:51,40.29,9200,40.23,U
sz300850,新强联,2025-09-19 10:37:54,40.31,7900,40.29,U
sz300850,新强联,2025-09-19 10:38:09,40.3,6100,40.29,U
sz300850,新强联,2025-09-19 10:38:57,40.3,9200,40.24,U
sz300850,新强联,2025-09-19 10:39:03,40.25,6100,40.24,E
sz300850,新强联,2025-09-19 10:39:24,40.28,5800,40.29,D
sz300850,新强联,2025-09-19 10:39:27,40.29,6700,40.28,E
sz300850,新强联,2025-09-19 10:39:39,40.31,7445,40.3,U
sz300850,新强联,2025-09-19 10:39:45,40.34,5900,40.34,U
sz300850,新强联,2025-09-19 10:40:12,40.32,5300,40.29,U
sz300850,新强联,2025-09-19 10:40:18,40.33,8200,40.29,U
sz300850,新强联,2025-09-19 10:40:21,40.35,5945,40.33,U
sz300850,新强联,2025-09-19 10:40:30,40.27,5800,40.33,D
sz300850,新强联,2025-09-19 10:40:36,40.35,32000,40.25,U
sz300850,新强联,2025-09-19 10:40:42,40.4,26000,40.36,U
sz300850,新强联,2025-09-19 10:40:45,40.4,45420,40.4,U
sz300850,新强联,2025-09-19 10:40:57,40.47,16600,40.47,U
sz300850,新强联,2025-09-19 10:41:06,40.47,21600,40.48,D
sz300850,新强联,2025-09-19 10:41:27,40.48,10800,40.47,U
sz300850,新强联,2025-09-19 10:41:30,40.5,7000,40.48,U
sz300850,新强联,2025-09-19 10:41:33,40.48,15400,40.5,D
sz300850,新强联,2025-09-19 10:41:36,40.5,30400,40.48,U
sz300850,新强联,2025-09-19 10:41:42,40.5,5400,40.5,U
sz300850,新强联,2025-09-19 10:41:45,40.5,8700,40.5,U
sz300850,新强联,2025-09-19 10:41:57,40.46,13900,40.5,D
sz300850,新强联,2025-09-19 10:42:30,40.43,5700,40.44,D
sz300850,新强联,2025-09-19 10:42:51,40.44,7000,40.44,D
sz300850,新强联,2025-09-19 10:43:06,40.41,5800,40.43,D
sz300850,新强联,2025-09-19 10:43:09,40.38,49380,40.41,D
sz300850,新强联,2025-09-19 10:43:48,40.35,8600,40.35,U
sz300850,新强联,2025-09-19 10:44:03,40.36,10400,40.38,D
sz300850,新强联,2025-09-19 10:44:30,40.33,6700,40.32,U
sz300850,新强联,2025-09-19 10:44:48,40.32,20500,40.31,U
sz300850,新强联,2025-09-19 10:44:54,40.31,8000,40.32,D
sz300850,新强联,2025-09-19 10:44:57,40.31,9600,40.31,U
sz300850,新强联,2025-09-19 10:45:09,40.31,5000,40.31,D
sz300850,新强联,2025-09-19 10:45:39,40.35,6000,40.33,U
sz300850,新强联,2025-09-19 10:46:24,40.22,7600,40.26,D
sz300850,新强联,2025-09-19 10:46:27,40.3,6500,40.22,U
sz300850,新强联,2025-09-19 10:47:06,40.25,15400,40.3,D
sz300850,新强联,2025-09-19 10:47:21,40.3,5100,40.3,U
sz300850,新强联,2025-09-19 10:47:39,40.3,6700,40.31,D
sz300850,新强联,2025-09-19 10:48:21,40.26,5400,40.28,D
sz300850,新强联,2025-09-19 10:48:30,40.37,13900,40.29,U
sz300850,新强联,2025-09-19 10:48:36,40.39,7700,40.38,U
sz300850,新强联,2025-09-19 10:48:54,40.39,5800,40.38,U
sz300850,新强联,2025-09-19 10:48:57,40.37,6900,40.39,D
sz300850,新强联,2025-09-19 10:49:27,40.29,8000,40.3,D
sz300850,新强联,2025-09-19 10:49:54,40.31,14000,40.29,U
sz300850,新强联,2025-09-19 10:51:03,40.35,27000,40.29,U
sz300850,新强联,2025-09-19 10:51:12,40.35,7100,40.35,D
sz300850,新强联,2025-09-19 10:52:15,40.35,35200,40.32,U
sz300850,新强联,2025-09-19 10:52:18,40.36,21400,40.35,U
sz300850,新强联,2025-09-19 10:52:21,40.38,11500,40.36,U
sz300850,新强联,2025-09-19 10:52:30,40.35,7000,40.36,D
sz300850,新强联,2025-09-19 10:52:36,40.32,13200,40.33,D
sz300850,新强联,2025-09-19 10:52:42,40.26,25900,40.32,D
sz300850,新强联,2025-09-19 10:53:15,40.27,6500,40.26,U
sz300850,新强联,2025-09-19 10:53:21,40.28,13400,40.27,E
sz300850,新强联,2025-09-19 10:53:24,40.26,37000,40.28,D
sz300850,新强联,2025-09-19 10:53:39,40.18,5000,40.18,D
sz300850,新强联,2025-09-19 10:53:45,40.18,6600,40.18,D
sz300850,新强联,2025-09-19 10:54:48,40.11,7700,40.12,D
sz300850,新强联,2025-09-19 10:55:00,40.1,15666,40.1,D
sz300850,新强联,2025-09-19 10:55:15,40.04,37300,40.09,D
sz300850,新强联,2025-09-19 10:55:24,40.09,7900,40.04,U
sz300850,新强联,2025-09-19 10:55:27,40.09,15700,40.09,U
sz300850,新强联,2025-09-19 10:55:30,40.09,8100,40.09,D
sz300850,新强联,2025-09-19 10:55:36,40.09,12525,40.09,D
sz300850,新强联,2025-09-19 10:55:39,40.09,7575,40.09,D
sz300850,新强联,2025-09-19 10:55:45,40.09,7125,40.09,U
sz300850,新强联,2025-09-19 10:56:09,40.1,5100,40.14,U
sz300850,新强联,2025-09-19 10:56:21,40.08,9100,40.08,D
sz300850,新强联,2025-09-19 10:56:30,40.06,5200,40.11,D
sz300850,新强联,2025-09-19 10:57:00,40.05,6600,40.06,D
sz300850,新强联,2025-09-19 10:57:06,40.06,23500,40.04,U
sz300850,新强联,2025-09-19 10:57:09,40.06,43700,40.06,U
sz300850,新强联,2025-09-19 10:57:15,40.0,5300,40.03,D
sz300850,新强联,2025-09-19 10:57:33,40.02,18100,40.02,U
sz300850,新强联,2025-09-19 10:58:21,40.0,34900,39.99,U
sz300850,新强联,2025-09-19 10:58:24,40.0,23900,40.0,D
sz300850,新强联,2025-09-19 10:58:27,39.98,30300,40.0,D
sz300850,新强联,2025-09-19 10:58:30,40.01,9000,39.98,U
sz300850,新强联,2025-09-19 10:58:39,39.98,5700,40.01,D
sz300850,新强联,2025-09-19 10:58:42,40.0,8700,39.98,U
sz300850,新强联,2025-09-19 10:58:45,39.98,6200,40.0,D
sz300850,新强联,2025-09-19 10:58:48,39.99,7100,39.98,E
sz300850,新强联,2025-09-19 10:59:03,40.0,13200,40.0,U
sz300850,新强联,2025-09-19 10:59:06,40.0,10200,40.0,U
sz300850,新强联,2025-09-19 10:59:09,40.02,57900,40.0,U
sz300850,新强联,2025-09-19 10:59:15,40.0,11200,39.99,D
sz300850,新强联,2025-09-19 10:59:21,40.0,15100,40.0,E
sz300850,新强联,2025-09-19 10:59:27,40.0,5200,40.0,D
sz300850,新强联,2025-09-19 10:59:30,40.07,7300,40.0,U
sz300850,新强联,2025-09-19 10:59:45,40.07,5000,40.06,U
sz300850,新强联,2025-09-19 11:00:21,40.11,6500,40.11,D
sz300850,新强联,2025-09-19 11:00:30,40.12,17000,40.11,U
sz300850,新强联,2025-09-19 11:01:00,40.1,5400,40.12,D
sz300850,新强联,2025-09-19 11:01:27,40.1,5000,40.09,U
sz300850,新强联,2025-09-19 11:01:57,40.01,8500,40.03,D
sz300850,新强联,2025-09-19 11:02:03,40.0,17200,40.06,D
sz300850,新强联,2025-09-19 11:02:45,39.96,7500,39.97,D
sz300850,新强联,2025-09-19 11:02:48,39.95,7900,39.96,D
sz300850,新强联,2025-09-19 11:02:54,39.95,23000,39.96,D
sz300850,新强联,2025-09-19 11:02:57,39.96,29400,39.95,U
sz300850,新强联,2025-09-19 11:03:00,39.96,6200,39.96,D
sz300850,新强联,2025-09-19 11:03:06,39.91,13000,39.98,D
sz300850,新强联,2025-09-19 11:03:21,40.02,11900,40.0,U
sz300850,新强联,2025-09-19 11:04:24,40.0,8400,39.98,U
sz300850,新强联,2025-09-19 11:04:33,40.0,5900,40.01,D
sz300850,新强联,2025-09-19 11:04:48,39.99,7400,39.97,U
sz300850,新强联,2025-09-19 11:05:00,40.0,6100,39.99,U
sz300850,新强联,2025-09-19 11:05:03,40.01,42400,40.0,U
sz300850,新强联,2025-09-19 11:05:48,40.05,7300,40.02,U
sz300850,新强联,2025-09-19 11:06:30,39.97,5300,39.97,D
sz300850,新强联,2025-09-19 11:07:33,40.0,7200,39.98,U
sz300850,新强联,2025-09-19 11:07:45,40.01,6600,40.01,D
sz300850,新强联,2025-09-19 11:08:27,40.1,13800,40.1,U
sz300850,新强联,2025-09-19 11:08:33,40.11,7800,40.11,D
sz300850,新强联,2025-09-19 11:08:36,40.09,5700,40.11,D
sz300850,新强联,2025-09-19 11:08:39,40.15,6100,40.09,U
sz300850,新强联,2025-09-19 11:08:48,40.1,8800,40.14,D
sz300850,新强联,2025-09-19 11:08:51,40.2,5500,40.1,U
sz300850,新强联,2025-09-19 11:09:03,40.14,9300,40.2,E
sz300850,新强联,2025-09-19 11:09:12,40.19,6100,40.14,E
sz300850,新强联,2025-09-19 11:09:33,40.23,5900,40.16,U
sz300850,新强联,2025-09-19 11:09:36,40.18,9100,40.23,D
sz300850,新强联,2025-09-19 11:09:39,40.24,12948,40.18,U
sz300850,新强联,2025-09-19 11:09:42,40.25,5900,40.24,U
sz300850,新强联,2025-09-19 11:10:39,40.12,17929,40.2,D
sz300850,新强联,2025-09-19 11:10:48,40.11,7700,40.11,D
sz300850,新强联,2025-09-19 11:11:12,40.03,17000,40.07,D
sz300850,新强联,2025-09-19 11:11:18,40.01,7000,40.0,D
sz300850,新强联,2025-09-19 11:12:39,39.9,5400,39.92,D
sz300850,新强联,2025-09-19 11:12:42,39.9,5300,39.9,D
sz300850,新强联,2025-09-19 11:12:45,39.9,6100,39.9,D
sz300850,新强联,2025-09-19 11:12:48,39.92,7000,39.9,U
sz300850,新强联,2025-09-19 11:14:27,39.97,5100,39.93,U
sz300850,新强联,2025-09-19 11:14:42,39.94,5100,39.94,U
sz300850,新强联,2025-09-19 11:14:48,39.94,15700,39.93,E
sz300850,新强联,2025-09-19 11:14:57,39.91,17600,39.91,D
sz300850,新强联,2025-09-19 11:15:00,39.92,10000,39.91,E
sz300850,新强联,2025-09-19 11:15:03,39.9,12497,39.92,D
sz300850,新强联,2025-09-19 11:15:39,40.0,8631,39.97,U
sz300850,新强联,2025-09-19 11:15:51,39.96,7300,40.04,D
sz300850,新强联,2025-09-19 11:17:30,39.91,10500,39.96,D
sz300850,新强联,2025-09-19 11:17:36,40.0,9000,39.95,U
sz300850,新强联,2025-09-19 11:17:42,40.03,6300,40.01,U
sz300850,新强联,2025-09-19 11:18:12,40.09,14500,40.03,U
sz300850,新强联,2025-09-19 11:18:15,40.09,11200,40.09,U
sz300850,新强联,2025-09-19 11:18:18,40.1,5700,40.09,U
sz300850,新强联,2025-09-19 11:18:33,40.13,8700,40.13,D
sz300850,新强联,2025-09-19 11:18:45,40.1,7000,40.13,D
sz300850,新强联,2025-09-19 11:19:00,40.1,15600,40.07,E
sz300850,新强联,2025-09-19 11:19:27,40.15,10000,40.14,U
sz300850,新强联,2025-09-19 11:19:48,40.14,5900,40.14,U
sz300850,新强联,2025-09-19 11:19:51,40.14,6700,40.14,U
sz300850,新强联,2025-09-19 11:20:21,40.14,21800,40.11,U
sz300850,新强联,2025-09-19 11:20:24,40.16,5500,40.14,U
sz300850,新强联,2025-09-19 11:20:27,40.12,5600,40.16,D
sz300850,新强联,2025-09-19 11:20:30,40.11,5000,40.12,D
sz300850,新强联,2025-09-19 11:20:48,40.11,5100,40.11,U
sz300850,新强联,2025-09-19 11:23:03,39.88,7900,39.89,D
sz300850,新强联,2025-09-19 11:23:51,39.96,7500,39.91,U
sz300850,新强联,2025-09-19 11:24:00,39.9,5800,39.92,D
sz300850,新强联,2025-09-19 11:24:24,39.93,15000,39.89,U
sz300850,新强联,2025-09-19 11:25:42,39.87,8500,39.88,D
sz300850,新强联,2025-09-19 11:26:18,39.81,6000,39.8,U
sz300850,新强联,2025-09-19 11:26:45,39.85,5300,39.84,U
sz300850,新强联,2025-09-19 11:27:42,39.8,8200,39.8,D
sz300850,新强联,2025-09-19 11:27:45,39.81,5400,39.8,U
sz300850,新强联,2025-09-19 11:28:30,39.8,10600,39.79,U
sz300850,新强联,2025-09-19 11:29:57,39.86,5900,39.84,U
sz300850,新强联,2025-09-19 13:00:00,39.9,18300,39.86,U
sz300850,新强联,2025-09-19 13:00:03,39.91,17300,39.9,U
sz300850,新强联,2025-09-19 13:00:12,39.91,69142,39.9,U
sz300850,新强联,2025-09-19 13:00:15,39.99,34400,39.91,U
sz300850,新强联,2025-09-19 13:00:18,39.96,5900,39.99,D
sz300850,新强联,2025-09-19 13:00:39,39.92,9500,39.87,E
sz300850,新强联,2025-09-19 13:00:42,39.93,8000,39.92,U
sz300850,新强联,2025-09-19 13:01:24,39.83,7800,39.84,D
sz300850,新强联,2025-09-19 13:01:27,39.82,9400,39.83,D
sz300850,新强联,2025-09-19 13:01:33,39.82,6300,39.81,D
sz300850,新强联,2025-09-19 13:01:39,39.83,6295,39.81,U
sz300850,新强联,2025-09-19 13:01:51,39.82,7100,39.82,U
sz300850,新强联,2025-09-19 13:02:27,39.79,5105,39.79,D
sz300850,新强联,2025-09-19 13:02:57,39.72,5500,39.73,D
sz300850,新强联,2025-09-19 13:03:12,39.71,13005,39.72,D
sz300850,新强联,2025-09-19 13:03:15,39.71,7200,39.71,U
sz300850,新强联,2025-09-19 13:03:24,40.0,46500,39.71,U
sz300850,新强联,2025-09-19 13:03:30,40.0,27200,39.81,U
sz300850,新强联,2025-09-19 13:03:33,39.88,8100,40.0,E
sz300850,新强联,2025-09-19 13:03:36,39.87,6000,39.88,D
sz300850,新强联,2025-09-19 13:03:42,39.98,34900,39.88,U
sz300850,新强联,2025-09-19 13:03:51,40.02,5500,40.0,D
sz300850,新强联,2025-09-19 13:03:54,40.03,7500,40.02,E
sz300850,新强联,2025-09-19 13:04:00,40.03,7800,40.09,D
sz300850,新强联,2025-09-19 13:04:03,40.0,13600,40.03,D
sz300850,新强联,2025-09-19 13:04:12,40.07,59300,40.03,U
sz300850,新强联,2025-09-19 13:04:15,40.07,13300,40.07,D
sz300850,新强联,2025-09-19 13:04:18,40.1,13500,40.07,D
sz300850,新强联,2025-09-19 13:04:33,40.0,28900,40.08,D
sz300850,新强联,2025-09-19 13:04:39,40.07,5000,40.07,U
sz300850,新强联,2025-09-19 13:04:48,39.98,39800,40.01,D
sz300850,新强联,2025-09-19 13:05:06,39.98,32600,39.96,U
sz300850,新强联,2025-09-19 13:05:09,39.99,16900,39.98,D
sz300850,新强联,2025-09-19 13:05:24,40.01,28500,39.99,U
sz300850,新强联,2025-09-19 13:05:27,40.07,9600,40.01,U
sz300850,新强联,2025-09-19 13:06:21,40.0,29600,40.0,D
sz300850,新强联,2025-09-19 13:06:24,40.01,16800,40.0,U
sz300850,新强联,2025-09-19 13:06:27,40.07,6000,40.01,U
sz300850,新强联,2025-09-19 13:06:33,40.06,12100,40.09,D
sz300850,新强联,2025-09-19 13:06:36,40.05,13700,40.06,D
sz300850,新强联,2025-09-19 13:06:51,40.06,13100,40.01,U
sz300850,新强联,2025-09-19 13:07:00,40.06,8900,40.02,U
sz300850,新强联,2025-09-19 13:07:03,40.1,11600,40.06,U
sz300850,新强联,2025-09-19 13:07:12,40.1,10829,40.1,U
sz300850,新强联,2025-09-19 13:07:24,40.24,100000,40.11,U
sz300850,新强联,2025-09-19 13:07:27,40.28,5294,40.24,U
sz300850,新强联,2025-09-19 13:07:51,40.25,6700,40.22,U
sz300850,新强联,2025-09-19 13:07:54,40.28,5800,40.25,U
sz300850,新强联,2025-09-19 13:08:06,40.19,6500,40.22,D
sz300850,新强联,2025-09-19 13:08:15,40.2,12300,40.16,U
sz300850,新强联,2025-09-19 13:08:24,40.26,11000,40.2,U
sz300850,新强联,2025-09-19 13:08:27,40.26,6800,40.26,D
sz300850,新强联,2025-09-19 13:08:30,40.26,6200,40.26,U
sz300850,新强联,2025-09-19 13:08:39,40.3,8900,40.29,U
sz300850,新强联,2025-09-19 13:08:45,40.31,8500,40.28,U
sz300850,新强联,2025-09-19 13:08:48,40.35,12461,40.31,U
sz300850,新强联,2025-09-19 13:08:54,40.35,6600,40.31,U
sz300850,新强联,2025-09-19 13:08:57,40.35,11700,40.35,D
sz300850,新强联,2025-09-19 13:09:03,40.51,201702,40.34,U
sz300850,新强联,2025-09-19 13:09:06,40.49,20000,40.51,D
sz300850,新强联,2025-09-19 13:09:27,40.41,15600,40.42,U
sz300850,新强联,2025-09-19 13:09:30,40.4,8700,40.41,D
sz300850,新强联,2025-09-19 13:09:33,40.4,9198,40.4,D
sz300850,新强联,2025-09-19 13:09:39,40.34,10500,40.4,D
sz300850,新强联,2025-09-19 13:09:51,40.42,20902,40.35,U
sz300850,新强联,2025-09-19 13:09:54,40.41,5200,40.42,D
sz300850,新强联,2025-09-19 13:10:03,40.41,5500,40.43,D
sz300850,新强联,2025-09-19 13:10:12,40.35,5100,40.39,D
sz300850,新强联,2025-09-19 13:10:15,40.35,9400,40.35,U
sz300850,新强联,2025-09-19 13:10:27,40.39,11400,40.37,U
sz300850,新强联,2025-09-19 13:10:39,40.41,5200,40.42,U
sz300850,新强联,2025-09-19 13:10:51,40.49,32143,40.37,U
sz300850,新强联,2025-09-19 13:10:54,40.48,15200,40.49,D
sz300850,新强联,2025-09-19 13:11:06,40.52,34953,40.48,U
sz300850,新强联,2025-09-19 13:11:09,40.51,9300,40.52,E
sz300850,新强联,2025-09-19 13:11:33,40.48,7000,40.45,U
sz300850,新强联,2025-09-19 13:11:42,40.6,193500,40.47,U
sz300850,新强联,2025-09-19 13:11:45,40.59,20500,40.6,D
sz300850,新强联,2025-09-19 13:12:03,40.62,13000,40.59,U
sz300850,新强联,2025-09-19 13:12:06,40.62,13900,40.62,U
sz300850,新强联,2025-09-19 13:12:09,40.64,5800,40.62,U
sz300850,新强联,2025-09-19 13:12:12,40.61,5000,40.64,D
sz300850,新强联,2025-09-19 13:12:18,40.59,20100,40.6,D
sz300850,新强联,2025-09-19 13:12:27,40.54,6200,40.55,D
sz300850,新强联,2025-09-19 13:12:39,40.5,10200,40.51,D
sz300850,新强联,2025-09-19 13:12:42,40.54,15000,40.5,U
sz300850,新强联,2025-09-19 13:13:18,40.41,13800,40.42,D
sz300850,新强联,2025-09-19 13:13:21,40.42,7100,40.41,U
sz300850,新强联,2025-09-19 13:13:24,40.4,16200,40.42,D
sz300850,新强联,2025-09-19 13:13:27,40.43,10900,40.4,U
sz300850,新强联,2025-09-19 13:13:42,40.4,8900,40.41,D
sz300850,新强联,2025-09-19 13:13:51,40.36,18200,40.38,D
sz300850,新强联,2025-09-19 13:14:06,40.31,14600,40.38,D
sz300850,新强联,2025-09-19 13:14:15,40.3,11900,40.3,D
sz300850,新强联,2025-09-19 13:14:21,40.36,5500,40.3,U
sz300850,新强联,2025-09-19 13:14:33,40.34,54700,40.34,E
sz300850,新强联,2025-09-19 13:14:36,40.38,12700,40.34,E
sz300850,新强联,2025-09-19 13:14:48,40.4,12000,40.4,D
sz300850,新强联,2025-09-19 13:15:00,40.37,5300,40.38,D
sz300850,新强联,2025-09-19 13:15:12,40.53,66620,40.32,U
sz300850,新强联,2025-09-19 13:15:15,40.55,11900,40.53,U
sz300850,新强联,2025-09-19 13:15:27,40.56,5400,40.56,D
sz300850,新强联,2025-09-19 13:15:51,40.55,9300,40.55,U
sz300850,新强联,2025-09-19 13:16:09,40.55,5400,40.56,D
sz300850,新强联,2025-09-19 13:16:12,40.55,7500,40.55,D
sz300850,新强联,2025-09-19 13:16:24,40.53,6800,40.54,D
sz300850,新强联,2025-09-19 13:16:27,40.6,23100,40.53,U
sz300850,新强联,2025-09-19 13:16:30,40.56,20400,40.6,D
sz300850,新强联,2025-09-19 13:16:33,40.57,50100,40.56,E
sz300850,新强联,2025-09-19 13:16:45,40.65,51600,40.57,U
sz300850,新强联,2025-09-19 13:16:48,40.66,13400,40.65,U
sz300850,新强联,2025-09-19 13:16:51,40.61,42300,40.66,D
sz300850,新强联,2025-09-19 13:16:57,40.71,24100,40.68,U
sz300850,新强联,2025-09-19 13:17:00,40.77,15680,40.71,U
sz300850,新强联,2025-09-19 13:17:09,40.76,6900,40.76,U
sz300850,新强联,2025-09-19 13:17:12,40.76,24700,40.76,D
sz300850,新强联,2025-09-19 13:17:15,40.74,5700,40.76,D
sz300850,新强联,2025-09-19 13:17:30,40.7,12800,40.7,D
sz300850,新强联,2025-09-19 13:17:33,40.7,16800,40.7,D
sz300850,新强联,2025-09-19 13:17:36,40.73,7700,40.7,U
sz300850,新强联,2025-09-19 13:17:45,40.75,8300,40.72,U
sz300850,新强联,2025-09-19 13:17:54,40.76,36000,40.74,U
sz300850,新强联,2025-09-19 13:18:15,40.76,5500,40.77,U
sz300850,新强联,2025-09-19 13:18:18,40.77,12000,40.76,U
sz300850,新强联,2025-09-19 13:18:24,40.66,23800,40.76,D
sz300850,新强联,2025-09-19 13:18:30,40.76,5900,40.72,U
sz300850,新强联,2025-09-19 13:19:00,40.73,13500,40.73,U
sz300850,新强联,2025-09-19 13:19:12,40.69,5700,40.69,D
sz300850,新强联,2025-09-19 13:19:45,40.74,106059,40.65,U
sz300850,新强联,2025-09-19 13:19:48,40.74,11300,40.74,D
sz300850,新强联,2025-09-19 13:19:54,40.71,11300,40.74,E
sz300850,新强联,2025-09-19 13:20:27,40.6,12500,40.63,D
sz300850,新强联,2025-09-19 13:20:30,40.59,29500,40.6,D
sz300850,新强联,2025-09-19 13:20:36,40.65,12400,40.59,U
sz300850,新强联,2025-09-19 13:21:06,40.63,28200,40.52,U
sz300850,新强联,2025-09-19 13:21:39,40.64,6600,40.65,D
sz300850,新强联,2025-09-19 13:22:03,40.62,5800,40.62,D
sz300850,新强联,2025-09-19 13:22:18,40.56,13500,40.58,D
sz300850,新强联,2025-09-19 13:22:30,40.56,8800,40.56,D
sz300850,新强联,2025-09-19 13:23:03,40.5,26480,40.5,D
sz300850,新强联,2025-09-19 13:23:15,40.48,37000,40.48,U
sz300850,新强联,2025-09-19 13:23:21,40.47,21900,40.47,D
sz300850,新强联,2025-09-19 13:23:30,40.44,7400,40.46,D
sz300850,新强联,2025-09-19 13:23:36,40.44,6000,40.41,U
sz300850,新强联,2025-09-19 13:23:39,40.36,27400,40.44,D
sz300850,新强联,2025-09-19 13:23:57,40.4,9200,40.35,U
sz300850,新强联,2025-09-19 13:24:15,40.4,7300,40.41,D
sz300850,新强联,2025-09-19 13:24:48,40.28,56626,40.36,D
sz300850,新强联,2025-09-19 13:25:54,40.18,8700,40.18,U
sz300850,新强联,2025-09-19 13:26:18,40.16,8374,40.19,D
sz300850,新强联,2025-09-19 13:26:21,40.18,17600,40.16,U
sz300850,新强联,2025-09-19 13:27:03,40.17,5300,40.17,U
sz300850,新强联,2025-09-19 13:27:06,40.18,13226,40.17,U
sz300850,新强联,2025-09-19 13:27:09,40.17,7374,40.18,D
sz300850,新强联,2025-09-19 13:27:15,40.18,5900,40.13,U
sz300850,新强联,2025-09-19 13:27:27,40.1,8100,40.1,D
sz300850,新强联,2025-09-19 13:27:30,40.1,5300,40.1,D
sz300850,新强联,2025-09-19 13:28:12,40.08,5400,40.08,D
sz300850,新强联,2025-09-19 13:28:18,40.07,6100,40.08,D
sz300850,新强联,2025-09-19 13:28:39,40.11,14800,40.06,U
sz300850,新强联,2025-09-19 13:28:57,40.09,10183,40.1,D
sz300850,新强联,2025-09-19 13:29:06,40.04,10600,40.08,D
sz300850,新强联,2025-09-19 13:29:21,40.04,5800,40.05,D
sz300850,新强联,2025-09-19 13:30:06,40.03,5000,40.05,D
sz300850,新强联,2025-09-19 13:30:36,40.05,6800,40.05,D
sz300850,新强联,2025-09-19 13:30:51,40.03,8500,40.04,D
sz300850,新强联,2025-09-19 13:31:21,40.05,35800,40.02,U
sz300850,新强联,2025-09-19 13:31:36,40.06,40826,40.06,U
sz300850,新强联,2025-09-19 13:31:45,40.2,24800,40.08,U
sz300850,新强联,2025-09-19 13:32:12,40.11,13500,40.15,D
sz300850,新强联,2025-09-19 13:33:06,40.01,8000,40.01,D
sz300850,新强联,2025-09-19 13:33:09,39.98,23800,40.01,D
sz300850,新强联,2025-09-19 13:33:27,40.0,5400,39.98,U
sz300850,新强联,2025-09-19 13:33:39,40.01,16700,40.0,U
sz300850,新强联,2025-09-19 13:34:36,40.01,26700,40.05,D
sz300850,新强联,2025-09-19 13:34:42,40.01,7600,40.01,E
sz300850,新强联,2025-09-19 13:36:03,39.99,5700,39.99,D
sz300850,新强联,2025-09-19 13:36:54,39.97,5600,39.97,D
sz300850,新强联,2025-09-19 13:37:06,39.96,5600,39.97,D
sz300850,新强联,2025-09-19 13:37:18,39.95,7200,39.96,D
sz300850,新强联,2025-09-19 13:37:24,39.94,20500,39.96,D
sz300850,新强联,2025-09-19 13:38:36,39.9,10000,39.92,D
sz300850,新强联,2025-09-19 13:38:45,39.9,5400,39.9,D
sz300850,新强联,2025-09-19 13:38:48,39.9,17300,39.9,U
sz300850,新强联,2025-09-19 13:38:51,39.92,20300,39.9,U
sz300850,新强联,2025-09-19 13:38:54,39.93,10600,39.92,U
sz300850,新强联,2025-09-19 13:38:57,39.94,6611,39.93,U
sz300850,新强联,2025-09-19 13:39:24,40.0,8300,39.98,U
sz300850,新强联,2025-09-19 13:39:30,39.97,16200,40.0,D
sz300850,新强联,2025-09-19 13:39:42,40.0,8000,39.95,U
sz300850,新强联,2025-09-19 13:40:09,39.94,14900,39.96,D
sz300850,新强联,2025-09-19 13:40:42,39.91,5800,39.92,D
sz300850,新强联,2025-09-19 13:40:54,39.9,39000,39.9,U
sz300850,新强联,2025-09-19 13:41:06,39.89,53300,39.9,D
sz300850,新强联,2025-09-19 13:41:30,39.88,8600,39.87,U
sz300850,新强联,2025-09-19 13:41:39,39.87,54300,39.87,U
sz300850,新强联,2025-09-19 13:41:45,39.86,53700,39.87,D
sz300850,新强联,2025-09-19 13:42:36,39.87,18700,39.86,U
sz300850,新强联,2025-09-19 13:42:48,39.87,8400,39.87,U
sz300850,新强联,2025-09-19 13:43:39,39.92,19700,39.92,U
sz300850,新强联,2025-09-19 13:44:03,39.89,19200,39.89,D
sz300850,新强联,2025-09-19 13:44:21,39.9,17900,39.89,U
sz300850,新强联,2025-09-19 13:45:09,39.92,5800,39.92,U
sz300850,新强联,2025-09-19 13:47:33,39.92,6500,39.9,U
sz300850,新强联,2025-09-19 13:48:57,39.93,10600,39.92,U
sz300850,新强联,2025-09-19 13:49:03,39.97,9000,39.94,U
sz300850,新强联,2025-09-19 13:49:06,40.0,18200,39.97,U
sz300850,新强联,2025-09-19 13:49:09,40.01,15300,40.0,U
sz300850,新强联,2025-09-19 13:49:30,40.05,10600,40.01,U
sz300850,新强联,2025-09-19 13:49:33,40.05,16200,40.05,U
sz300850,新强联,2025-09-19 13:49:57,40.04,9700,40.07,D
sz300850,新强联,2025-09-19 13:50:00,40.05,5100,40.04,E
sz300850,新强联,2025-09-19 13:50:03,40.03,5800,40.05,D
sz300850,新强联,2025-09-19 13:51:06,40.01,6400,39.99,U
sz300850,新强联,2025-09-19 13:51:24,40.07,5300,40.05,U
sz300850,新强联,2025-09-19 13:51:39,40.02,11600,40.07,D
sz300850,新强联,2025-09-19 13:52:30,39.99,5400,40.0,D
sz300850,新强联,2025-09-19 13:53:39,39.93,15200,39.94,D
sz300850,新强联,2025-09-19 13:53:42,39.92,8700,39.93,D
sz300850,新强联,2025-09-19 13:55:12,39.83,16000,39.83,U
sz300850,新强联,2025-09-19 13:55:18,39.84,26000,39.83,U
sz300850,新强联,2025-09-19 13:55:51,39.87,7200,39.82,U
sz300850,新强联,2025-09-19 13:56:00,39.83,13400,39.84,D
sz300850,新强联,2025-09-19 13:56:03,39.85,9000,39.83,E
sz300850,新强联,2025-09-19 13:56:12,39.83,6100,39.85,D
sz300850,新强联,2025-09-19 13:56:15,39.82,9000,39.83,D
sz300850,新强联,2025-09-19 13:58:00,39.87,5900,39.89,D
sz300850,新强联,2025-09-19 13:59:09,39.87,5100,39.9,D
sz300850,新强联,2025-09-19 13:59:15,39.85,9600,39.87,D
sz300850,新强联,2025-09-19 13:59:51,39.86,7800,39.86,D
sz300850,新强联,2025-09-19 14:00:03,39.81,15100,39.83,D
sz300850,新强联,2025-09-19 14:00:06,39.81,76005,39.81,D
sz300850,新强联,2025-09-19 14:00:18,39.83,5100,39.82,E
sz300850,新强联,2025-09-19 14:00:33,39.84,8300,39.83,U
sz300850,新强联,2025-09-19 14:01:18,39.88,5400,39.88,D
sz300850,新强联,2025-09-19 14:02:06,39.88,13100,39.84,U
sz300850,新强联,2025-09-19 14:02:12,39.91,5400,39.88,U
sz300850,新强联,2025-09-19 14:02:54,39.85,7200,39.86,D
sz300850,新强联,2025-09-19 14:03:36,39.94,5800,39.93,U
sz300850,新强联,2025-09-19 14:03:57,39.97,7400,39.95,U
sz300850,新强联,2025-09-19 14:04:18,39.99,7700,39.98,U
sz300850,新强联,2025-09-19 14:04:27,39.98,7300,40.0,D
sz300850,新强联,2025-09-19 14:04:30,40.01,7200,39.98,U
sz300850,新强联,2025-09-19 14:05:45,40.01,8700,40.05,D
sz300850,新强联,2025-09-19 14:05:48,40.01,8100,40.01,U
sz300850,新强联,2025-09-19 14:05:51,40.03,9000,40.01,U
sz300850,新强联,2025-09-19 14:05:57,40.04,7700,40.03,U
sz300850,新强联,2025-09-19 14:06:09,40.01,9400,39.98,U
sz300850,新强联,2025-09-19 14:06:45,39.98,10700,39.98,U
sz300850,新强联,2025-09-19 14:07:39,39.88,5400,39.89,D
sz300850,新强联,2025-09-19 14:08:09,39.86,7700,39.85,U
sz300850,新强联,2025-09-19 14:08:48,39.83,6800,39.83,D
sz300850,新强联,2025-09-19 14:08:51,39.83,5200,39.83,U
sz300850,新强联,2025-09-19 14:09:45,39.87,9100,39.9,D
sz300850,新强联,2025-09-19 14:10:03,39.85,5700,39.85,D
sz300850,新强联,2025-09-19 14:10:18,39.81,10400,39.83,D
sz300850,新强联,2025-09-19 14:10:21,39.8,6200,39.81,D
sz300850,新强联,2025-09-19 14:11:30,39.86,7300,39.85,U
sz300850,新强联,2025-09-19 14:12:18,39.85,11300,39.85,D
sz300850,新强联,2025-09-19 14:12:54,39.92,5700,39.88,U
sz300850,新强联,2025-09-19 14:14:03,40.04,8700,40.0,U
sz300850,新强联,2025-09-19 14:14:15,40.05,7000,40.06,D
sz300850,新强联,2025-09-19 14:14:36,40.05,5400,40.01,U
sz300850,新强联,2025-09-19 14:14:54,40.01,6000,40.02,D
sz300850,新强联,2025-09-19 14:15:15,40.01,8000,40.03,D
sz300850,新强联,2025-09-19 14:15:30,40.08,19700,40.06,U
sz300850,新强联,2025-09-19 14:15:33,40.1,7000,40.08,U
sz300850,新强联,2025-09-19 14:15:36,40.1,8200,40.1,U
sz300850,新强联,2025-09-19 14:15:39,40.11,8300,40.1,U
sz300850,新强联,2025-09-19 14:15:51,40.08,6200,40.11,D
sz300850,新强联,2025-09-19 14:16:12,40.11,5800,40.11,U
sz300850,新强联,2025-09-19 14:16:15,40.14,22800,40.11,U
sz300850,新强联,2025-09-19 14:16:42,40.16,7200,40.17,E
sz300850,新强联,2025-09-19 14:16:45,40.15,7700,40.16,D
sz300850,新强联,2025-09-19 14:16:48,40.13,7300,40.15,D
sz300850,新强联,2025-09-19 14:16:54,40.11,5400,40.13,D
sz300850,新强联,2025-09-19 14:17:03,40.1,5300,40.12,D
sz300850,新强联,2025-09-19 14:17:30,40.11,10100,40.11,E
sz300850,新强联,2025-09-19 14:17:33,40.1,7100,40.11,E
sz300850,新强联,2025-09-19 14:17:39,40.09,6274,40.09,U
sz300850,新强联,2025-09-19 14:19:45,39.92,5900,39.92,D
sz300850,新强联,2025-09-19 14:20:00,39.98,29600,39.94,U
sz300850,新强联,2025-09-19 14:20:30,39.95,20100,39.98,D
sz300850,新强联,2025-09-19 14:21:03,39.86,11200,39.91,D
sz300850,新强联,2025-09-19 14:21:06,39.85,6100,39.86,D
sz300850,新强联,2025-09-19 14:22:00,39.85,7500,39.87,D
sz300850,新强联,2025-09-19 14:22:30,39.86,5500,39.85,U
sz300850,新强联,2025-09-19 14:23:00,39.84,7500,39.84,D
sz300850,新强联,2025-09-19 14:23:03,39.91,5200,39.84,U
sz300850,新强联,2025-09-19 14:24:33,39.91,5200,39.92,D
sz300850,新强联,2025-09-19 14:25:48,39.96,5500,39.95,U
sz300850,新强联,2025-09-19 14:26:03,39.98,6500,39.97,U
sz300850,新强联,2025-09-19 14:26:06,40.0,12300,39.98,U
sz300850,新强联,2025-09-19 14:26:57,39.99,10700,39.99,U
sz300850,新强联,2025-09-19 14:27:21,40.0,18200,39.98,U
sz300850,新强联,2025-09-19 14:27:45,39.99,8500,39.98,U
sz300850,新强联,2025-09-19 14:28:03,39.98,5400,40.0,D
sz300850,新强联,2025-09-19 14:29:24,39.98,7300,39.97,U
sz300850,新强联,2025-09-19 14:29:33,39.98,18100,39.96,U
sz300850,新强联,2025-09-19 14:30:00,39.96,5500,39.96,D
sz300850,新强联,2025-09-19 14:30:03,39.95,10100,39.96,D
sz300850,新强联,2025-09-19 14:30:15,39.97,7100,39.94,U
sz300850,新强联,2025-09-19 14:30:24,39.99,12800,39.98,U
sz300850,新强联,2025-09-19 14:31:15,39.96,11100,39.95,U
sz300850,新强联,2025-09-19 14:31:21,39.96,11300,39.94,U
sz300850,新强联,2025-09-19 14:31:54,39.94,9200,39.94,D
sz300850,新强联,2025-09-19 14:32:24,39.98,7900,39.98,U
sz300850,新强联,2025-09-19 14:32:54,39.95,8700,39.96,D
sz300850,新强联,2025-09-19 14:33:03,39.89,8700,39.92,D
sz300850,新强联,2025-09-19 14:33:09,39.86,7800,39.89,D
sz300850,新强联,2025-09-19 14:33:12,39.85,8000,39.86,D
sz300850,新强联,2025-09-19 14:33:57,39.85,53400,39.87,D
sz300850,新强联,2025-09-19 14:34:03,39.85,5100,39.85,D
sz300850,新强联,2025-09-19 14:34:06,39.86,6400,39.85,U
sz300850,新强联,2025-09-19 14:34:48,39.86,9100,39.86,D
sz300850,新强联,2025-09-19 14:34:51,39.86,7700,39.86,D
sz300850,新强联,2025-09-19 14:35:03,39.83,5100,39.85,D
sz300850,新强联,2025-09-19 14:35:06,39.84,10200,39.83,E
sz300850,新强联,2025-09-19 14:35:15,39.84,6700,39.84,D
sz300850,新强联,2025-09-19 14:35:51,39.82,19900,39.84,D
sz300850,新强联,2025-09-19 14:35:57,39.82,5900,39.82,D
sz300850,新强联,2025-09-19 14:36:03,39.81,7700,39.82,D
sz300850,新强联,2025-09-19 14:36:06,39.81,25000,39.81,D
sz300850,新强联,2025-09-19 14:36:12,39.81,26500,39.81,E
sz300850,新强联,2025-09-19 14:36:18,39.78,30400,39.8,D
sz300850,新强联,2025-09-19 14:36:21,39.79,15200,39.78,U
sz300850,新强联,2025-09-19 14:36:36,39.83,12000,39.8,U
sz300850,新强联,2025-09-19 14:36:39,39.84,11500,39.83,U
sz300850,新强联,2025-09-19 14:37:21,39.85,5200,39.83,U
sz300850,新强联,2025-09-19 14:37:24,39.86,7100,39.85,U
sz300850,新强联,2025-09-19 14:37:54,39.85,5400,39.86,D
sz300850,新强联,2025-09-19 14:38:30,39.83,8800,39.83,D
sz300850,新强联,2025-09-19 14:38:45,39.82,6700,39.83,D
sz300850,新强联,2025-09-19 14:38:54,39.83,7900,39.83,U
sz300850,新强联,2025-09-19 14:39:06,39.83,15800,39.81,U
sz300850,新强联,2025-09-19 14:39:24,39.88,11800,39.84,U
sz300850,新强联,2025-09-19 14:40:24,39.85,6500,39.85,D
sz300850,新强联,2025-09-19 14:40:48,39.83,27200,39.85,D
sz300850,新强联,2025-09-19 14:40:51,39.93,36000,39.83,U
sz300850,新强联,2025-09-19 14:40:54,39.85,6000,39.93,E
sz300850,新强联,2025-09-19 14:40:57,40.0,53800,39.85,U
sz300850,新强联,2025-09-19 14:41:03,40.0,61610,39.99,U
sz300850,新强联,2025-09-19 14:41:06,40.0,19300,40.0,D
sz300850,新强联,2025-09-19 14:41:15,39.96,6000,39.97,D
sz300850,新强联,2025-09-19 14:41:42,39.95,29800,39.92,U
sz300850,新强联,2025-09-19 14:41:45,39.95,17800,39.95,D
sz300850,新强联,2025-09-19 14:41:48,39.95,5100,39.95,D
sz300850,新强联,2025-09-19 14:41:51,39.95,7100,39.95,D
sz300850,新强联,2025-09-19 14:41:57,40.0,26600,39.95,U
sz300850,新强联,2025-09-19 14:42:00,40.0,16300,40.0,D
sz300850,新强联,2025-09-19 14:42:03,40.0,6000,40.0,D
sz300850,新强联,2025-09-19 14:42:06,40.0,13800,40.0,D
sz300850,新强联,2025-09-19 14:42:09,40.0,9000,40.0,D
sz300850,新强联,2025-09-19 14:42:18,39.95,6100,39.96,D
sz300850,新强联,2025-09-19 14:42:48,39.96,6800,39.92,U
sz300850,新强联,2025-09-19 14:42:51,39.96,11100,39.96,D
sz300850,新强联,2025-09-19 14:43:00,39.93,6500,39.91,U
sz300850,新强联,2025-09-19 14:43:09,39.93,5900,39.91,U
sz300850,新强联,2025-09-19 14:43:12,39.95,7700,39.93,U
sz300850,新强联,2025-09-19 14:44:06,39.92,5200,39.89,U
sz300850,新强联,2025-09-19 14:44:09,39.91,5600,39.92,U
sz300850,新强联,2025-09-19 14:44:12,39.93,12100,39.91,U
sz300850,新强联,2025-09-19 14:45:42,39.92,10300,39.92,U
sz300850,新强联,2025-09-19 14:45:45,39.92,29300,39.92,U
sz300850,新强联,2025-09-19 14:45:48,39.93,5110,39.92,U
sz300850,新强联,2025-09-19 14:46:09,39.92,11900,39.93,D
sz300850,新强联,2025-09-19 14:46:24,39.91,7010,39.91,U
sz300850,新强联,2025-09-19 14:47:09,39.88,31490,39.93,D
sz300850,新强联,2025-09-19 14:47:21,39.86,9800,39.87,D
sz300850,新强联,2025-09-19 14:47:24,39.94,23700,39.86,U
sz300850,新强联,2025-09-19 14:47:51,39.88,31000,39.91,D
sz300850,新强联,2025-09-19 14:48:30,39.88,10600,39.88,U
sz300850,新强联,2025-09-19 14:48:57,39.86,23200,39.88,D
sz300850,新强联,2025-09-19 14:49:00,39.86,18000,39.86,U
sz300850,新强联,2025-09-19 14:49:06,39.85,18000,39.86,D
sz300850,新强联,2025-09-19 14:49:09,39.86,8500,39.85,U
sz300850,新强联,2025-09-19 14:49:21,39.86,24500,39.85,U
sz300850,新强联,2025-09-19 14:49:24,39.85,17400,39.86,D
sz300850,新强联,2025-09-19 14:49:42,39.85,6300,39.85,U
sz300850,新强联,2025-09-19 14:49:48,39.86,20400,39.86,U
sz300850,新强联,2025-09-19 14:49:51,39.86,7400,39.86,U
sz300850,新强联,2025-09-19 14:50:03,39.85,8700,39.86,D
sz300850,新强联,2025-09-19 14:50:12,39.88,6600,39.87,U
sz300850,新强联,2025-09-19 14:50:18,39.86,14000,39.87,D
sz300850,新强联,2025-09-19 14:50:27,39.87,18200,39.86,U
sz300850,新强联,2025-09-19 14:50:39,40.0,102500,39.87,U
sz300850,新强联,2025-09-19 14:50:42,39.99,19400,40.0,D
sz300850,新强联,2025-09-19 14:50:48,39.99,7200,39.99,D
sz300850,新强联,2025-09-19 14:50:51,39.99,28300,39.99,D
sz300850,新强联,2025-09-19 14:50:57,40.0,8300,40.0,U
sz300850,新强联,2025-09-19 14:51:03,39.97,114291,40.0,D
sz300850,新强联,2025-09-19 14:51:12,39.97,5300,39.93,U
sz300850,新强联,2025-09-19 14:51:24,39.98,5300,39.98,U
sz300850,新强联,2025-09-19 14:51:45,39.95,12200,39.97,D
sz300850,新强联,2025-09-19 14:51:51,39.95,5700,39.95,D
sz300850,新强联,2025-09-19 14:52:00,39.96,17600,39.95,U
sz300850,新强联,2025-09-19 14:52:06,39.95,6400,39.96,D
sz300850,新强联,2025-09-19 14:52:15,39.92,15400,39.95,D
sz300850,新强联,2025-09-19 14:52:21,39.91,13400,39.92,D
sz300850,新强联,2025-09-19 14:52:48,39.89,7600,39.88,U
sz300850,新强联,2025-09-19 14:52:54,39.89,7000,39.9,D
sz300850,新强联,2025-09-19 14:53:03,39.89,16600,39.9,D
sz300850,新强联,2025-09-19 14:53:09,39.91,46700,39.89,U
sz300850,新强联,2025-09-19 14:53:12,39.91,12700,39.91,U
sz300850,新强联,2025-09-19 14:53:18,39.89,5300,39.92,D
sz300850,新强联,2025-09-19 14:53:24,39.99,63152,39.89,U
sz300850,新强联,2025-09-19 14:53:27,40.0,12300,39.99,U
sz300850,新强联,2025-09-19 14:53:30,39.99,27500,40.0,D
sz300850,新强联,2025-09-19 14:53:36,40.0,23300,40.0,U
sz300850,新强联,2025-09-19 14:53:39,40.0,78100,40.0,U
sz300850,新强联,2025-09-19 14:53:42,40.0,18700,40.0,U
sz300850,新强联,2025-09-19 14:53:45,40.0,7100,40.0,U
sz300850,新强联,2025-09-19 14:53:48,40.01,9300,40.0,U
sz300850,新强联,2025-09-19 14:53:51,40.02,11100,40.01,U
sz300850,新强联,2025-09-19 14:53:57,40.02,7300,40.0,U
sz300850,新强联,2025-09-19 14:54:00,40.02,15300,40.02,U
sz300850,新强联,2025-09-19 14:54:03,40.03,8100,40.02,U
sz300850,新强联,2025-09-19 14:54:12,40.02,9000,40.04,D
sz300850,新强联,2025-09-19 14:54:15,39.99,32700,40.02,D
sz300850,新强联,2025-09-19 14:54:18,39.97,8300,39.99,D
sz300850,新强联,2025-09-19 14:54:45,40.0,7300,39.98,U
sz300850,新强联,2025-09-19 14:54:54,40.01,8500,40.01,D
sz300850,新强联,2025-09-19 14:54:57,40.01,7500,40.01,D
sz300850,新强联,2025-09-19 14:55:03,40.01,8600,40.01,D
sz300850,新强联,2025-09-19 14:55:06,40.01,25000,40.01,U
sz300850,新强联,2025-09-19 14:55:24,39.96,7300,39.98,D
sz300850,新强联,2025-09-19 14:55:30,40.05,120900,39.96,U
sz300850,新强联,2025-09-19 14:55:36,40.01,5800,40.01,U
sz300850,新强联,2025-09-19 14:55:48,40.0,7300,40.01,D
sz300850,新强联,2025-09-19 14:55:51,40.0,8400,40.0,D
sz300850,新强联,2025-09-19 14:55:57,40.02,10500,40.01,U
sz300850,新强联,2025-09-19 14:56:03,40.01,5000,40.01,D
sz300850,新强联,2025-09-19 14:56:09,40.01,23300,40.01,D
sz300850,新强联,2025-09-19 14:56:12,40.01,5400,40.01,D
sz300850,新强联,2025-09-19 14:56:18,40.0,14600,40.01,D
sz300850,新强联,2025-09-19 14:56:27,40.01,11900,40.01,U
sz300850,新强联,2025-09-19 14:56:36,40.01,8300,40.0,U
sz300850,新强联,2025-09-19 14:56:42,39.99,23200,39.99,D
sz300850,新强联,2025-09-19 14:56:45,40.02,12698,39.99,U
sz300850,新强联,2025-09-19 14:56:51,40.02,8000,40.02,D
sz300850,新强联,2025-09-19 14:56:57,40.02,7300,40.01,U
sz300850,新强联,2025-09-19 15:00:00,40.0,213164,40.0,E
