symbol,name,ticktime,price,volume,prev_price,kind
sz300850,新强联,2025-10-17 09:25:00,43.35,50600,0.0,U
sz300850,新强联,2025-10-17 09:30:00,43.26,41400,43.35,D
sz300850,新强联,2025-10-17 09:30:03,43.09,24400,43.26,D
sz300850,新强联,2025-10-17 09:30:06,43.25,18100,43.09,U
sz300850,新强联,2025-10-17 09:30:12,43.09,5200,43.24,D
sz300850,新强联,2025-10-17 09:30:18,43.17,25800,43.17,D
sz300850,新强联,2025-10-17 09:30:27,43.09,5700,43.02,U
sz300850,新强联,2025-10-17 09:30:36,43.16,8400,43.14,U
sz300850,新强联,2025-10-17 09:30:48,43.18,14400,43.07,U
sz300850,新强联,2025-10-17 09:30:51,43.12,13700,43.18,D
sz300850,新强联,2025-10-17 09:31:00,42.94,102900,43.1,D
sz300850,新强联,2025-10-17 09:31:06,43.05,7400,42.96,U
sz300850,新强联,2025-10-17 09:31:30,43.02,13400,42.98,U
sz300850,新强联,2025-10-17 09:31:33,43.11,5700,43.02,U
sz300850,新强联,2025-10-17 09:31:36,43.1,16400,43.11,D
sz300850,新强联,2025-10-17 09:31:39,43.1,4900,43.1,U
sz300850,新强联,2025-10-17 09:31:42,43.3,10600,43.1,U
sz300850,新强联,2025-10-17 09:31:51,43.28,6500,43.19,U
sz300850,新强联,2025-10-17 09:32:27,43.0,11700,43.06,D
sz300850,新强联,2025-10-17 09:32:33,42.95,4700,42.96,D
sz300850,新强联,2025-10-17 09:32:36,42.96,4900,42.95,U
sz300850,新强联,2025-10-17 09:32:39,42.92,5600,42.96,D
sz300850,新强联,2025-10-17 09:32:42,43.04,32000,42.92,U
sz300850,新强联,2025-10-17 09:32:45,43.04,6700,43.04,D
sz300850,新强联,2025-10-17 09:32:51,42.97,6600,42.97,D
sz300850,新强联,2025-10-17 09:32:54,43.05,5500,42.97,U
sz300850,新强联,2025-10-17 09:32:57,43.0,5400,43.05,E
sz300850,新强联,2025-10-17 09:33:03,43.0,13900,43.05,D
sz300850,新强联,2025-10-17 09:33:15,43.03,8000,43.11,D
sz300850,新强联,2025-10-17 09:33:30,42.95,5300,43.0,D
sz300850,新强联,2025-10-17 09:33:39,42.93,7700,42.94,D
sz300850,新强联,2025-10-17 09:33:45,42.98,10200,42.99,E
sz300850,新强联,2025-10-17 09:33:51,43.04,20300,42.92,U
sz300850,新强联,2025-10-17 09:33:54,43.02,6800,43.04,E
sz300850,新强联,2025-10-17 09:34:00,42.91,19300,43.01,D
sz300850,新强联,2025-10-17 09:34:03,42.94,39500,42.91,U
sz300850,新强联,2025-10-17 09:34:06,42.91,7200,42.94,E
sz300850,新强联,2025-10-17 09:34:09,42.91,5700,42.91,E
sz300850,新强联,2025-10-17 09:34:51,43.02,6900,43.02,U
sz300850,新强联,2025-10-17 09:35:06,42.95,10500,43.02,D
sz300850,新强联,2025-10-17 09:35:30,42.92,4900,42.91,U
sz300850,新强联,2025-10-17 09:35:33,42.91,10400,42.92,D
sz300850,新强联,2025-10-17 09:35:39,42.9,7100,42.9,D
sz300850,新强联,2025-10-17 09:35:42,42.9,14800,42.9,U
sz300850,新强联,2025-10-17 09:35:45,42.9,5000,42.9,U
sz300850,新强联,2025-10-17 09:35:54,42.89,10400,42.88,U
sz300850,新强联,2025-10-17 09:36:00,42.9,7300,42.91,D
sz300850,新强联,2025-10-17 09:36:15,42.85,15200,42.88,D
sz300850,新强联,2025-10-17 09:36:18,42.85,11700,42.85,U
sz300850,新强联,2025-10-17 09:36:24,42.85,9800,42.86,D
sz300850,新强联,2025-10-17 09:36:30,42.88,13000,42.84,U
sz300850,新强联,2025-10-17 09:36:36,42.87,13700,42.83,D
sz300850,新强联,2025-10-17 09:36:39,42.86,4700,42.87,D
sz300850,新强联,2025-10-17 09:36:48,42.91,6400,42.87,U
sz300850,新强联,2025-10-17 09:36:54,42.85,5900,42.86,D
sz300850,新强联,2025-10-17 09:37:00,42.82,33200,42.86,D
sz300850,新强联,2025-10-17 09:37:03,42.81,46200,42.82,D
sz300850,新强联,2025-10-17 09:37:06,42.82,14900,42.81,U
sz300850,新强联,2025-10-17 09:37:09,42.81,11600,42.82,E
sz300850,新强联,2025-10-17 09:37:12,42.83,15800,42.81,E
sz300850,新强联,2025-10-17 09:37:18,42.85,5000,42.85,D
sz300850,新强联,2025-10-17 09:37:33,42.88,5800,42.85,U
sz300850,新强联,2025-10-17 09:37:45,42.96,6900,42.91,U
sz300850,新强联,2025-10-17 09:38:03,42.92,8600,42.9,E
sz300850,新强联,2025-10-17 09:38:09,42.89,16200,42.89,D
sz300850,新强联,2025-10-17 09:38:15,42.83,8600,42.86,D
sz300850,新强联,2025-10-17 09:38:21,42.83,6900,42.84,D
sz300850,新强联,2025-10-17 09:38:24,42.81,19400,42.83,D
sz300850,新强联,2025-10-17 09:38:33,42.76,5400,42.76,U
sz300850,新强联,2025-10-17 09:38:42,42.73,8600,42.73,D
sz300850,新强联,2025-10-17 09:38:48,42.7,13100,42.73,D
sz300850,新强联,2025-10-17 09:39:00,42.61,13500,42.69,D
sz300850,新强联,2025-10-17 09:39:03,42.61,23500,42.61,U
sz300850,新强联,2025-10-17 09:39:06,42.63,11200,42.61,U
sz300850,新强联,2025-10-17 09:39:15,42.61,13600,42.62,D
sz300850,新强联,2025-10-17 09:39:18,42.61,4800,42.61,U
sz300850,新强联,2025-10-17 09:39:24,42.61,12800,42.6,D
sz300850,新强联,2025-10-17 09:39:27,42.63,12200,42.61,U
sz300850,新强联,2025-10-17 09:39:36,42.58,9300,42.62,D
sz300850,新强联,2025-10-17 09:39:45,42.6,5600,42.62,D
sz300850,新强联,2025-10-17 09:39:57,42.58,5700,42.59,D
sz300850,新强联,2025-10-17 09:40:00,42.57,18600,42.58,D
sz300850,新强联,2025-10-17 09:40:03,42.54,32800,42.57,D
sz300850,新强联,2025-10-17 09:40:06,42.52,15600,42.54,D
sz300850,新强联,2025-10-17 09:40:09,42.5,21600,42.52,D
sz300850,新强联,2025-10-17 09:40:12,42.42,222600,42.5,D
sz300850,新强联,2025-10-17 09:40:15,42.48,29600,42.42,U
sz300850,新强联,2025-10-17 09:40:18,42.64,162400,42.48,U
sz300850,新强联,2025-10-17 09:40:21,42.62,8400,42.64,D
sz300850,新强联,2025-10-17 09:40:30,42.62,8200,42.64,D
sz300850,新强联,2025-10-17 09:40:33,42.62,9300,42.62,D
sz300850,新强联,2025-10-17 09:40:42,42.59,11800,42.61,D
sz300850,新强联,2025-10-17 09:40:54,42.51,5500,42.56,D
sz300850,新强联,2025-10-17 09:41:00,42.48,33500,42.51,D
sz300850,新强联,2025-10-17 09:41:09,42.42,4900,42.44,D
sz300850,新强联,2025-10-17 09:41:15,42.42,5400,42.43,D
sz300850,新强联,2025-10-17 09:41:21,42.41,16100,42.41,D
sz300850,新强联,2025-10-17 09:41:24,42.42,17700,42.41,U
sz300850,新强联,2025-10-17 09:41:27,42.41,20900,42.42,D
sz300850,新强联,2025-10-17 09:41:33,42.38,6400,42.38,D
sz300850,新强联,2025-10-17 09:41:36,42.37,32600,42.38,D
sz300850,新强联,2025-10-17 09:41:42,42.38,13500,42.37,U
sz300850,新强联,2025-10-17 09:41:45,42.4,13400,42.38,U
sz300850,新强联,2025-10-17 09:41:48,42.41,5800,42.4,U
sz300850,新强联,2025-10-17 09:41:54,42.41,5200,42.41,U
sz300850,新强联,2025-10-17 09:41:57,42.36,6000,42.41,D
sz300850,新强联,2025-10-17 09:42:00,42.41,11500,42.36,U
sz300850,新强联,2025-10-17 09:42:09,42.34,42800,42.36,D
sz300850,新强联,2025-10-17 09:42:12,42.21,30500,42.34,D
sz300850,新强联,2025-10-17 09:42:15,42.2,7600,42.21,D
sz300850,新强联,2025-10-17 09:42:18,42.16,6200,42.2,D
sz300850,新强联,2025-10-17 09:42:21,42.16,6300,42.16,D
sz300850,新强联,2025-10-17 09:42:24,42.19,58600,42.16,U
sz300850,新强联,2025-10-17 09:42:27,42.18,6300,42.19,D
sz300850,新强联,2025-10-17 09:42:33,42.17,10300,42.14,U
sz300850,新强联,2025-10-17 09:42:36,42.14,10630,42.17,D
sz300850,新强联,2025-10-17 09:42:39,42.27,27200,42.14,U
sz300850,新强联,2025-10-17 09:42:42,42.2,64200,42.27,D
sz300850,新强联,2025-10-17 09:42:45,42.14,35500,42.2,D
sz300850,新强联,2025-10-17 09:42:48,42.25,12800,42.14,U
sz300850,新强联,2025-10-17 09:42:57,42.21,12400,42.2,E
sz300850,新强联,2025-10-17 09:43:00,42.15,6100,42.21,D
sz300850,新强联,2025-10-17 09:43:06,42.09,138200,42.15,D
sz300850,新强联,2025-10-17 09:43:09,42.12,30300,42.09,U
sz300850,新强联,2025-10-17 09:43:12,42.1,10100,42.12,D
sz300850,新强联,2025-10-17 09:43:15,42.11,11500,42.1,E
sz300850,新强联,2025-10-17 09:43:18,42.08,7800,42.11,E
sz300850,新强联,2025-10-17 09:43:21,42.15,17300,42.08,U
sz300850,新强联,2025-10-17 09:43:24,42.1,10300,42.15,D
sz300850,新强联,2025-10-17 09:43:27,42.2,17600,42.1,U
sz300850,新强联,2025-10-17 09:43:30,42.2,13200,42.2,D
sz300850,新强联,2025-10-17 09:43:33,42.24,7200,42.2,E
sz300850,新强联,2025-10-17 09:43:36,42.2,5700,42.24,D
sz300850,新强联,2025-10-17 09:43:57,42.19,9300,42.16,U
sz300850,新强联,2025-10-17 09:44:18,42.13,14600,42.11,D
sz300850,新强联,2025-10-17 09:44:24,42.09,5700,42.11,D
sz300850,新强联,2025-10-17 09:44:27,42.09,5000,42.09,D
sz300850,新强联,2025-10-17 09:44:30,42.09,6700,42.09,D
sz300850,新强联,2025-10-17 09:44:33,42.09,9300,42.09,U
sz300850,新强联,2025-10-17 09:44:36,42.1,7200,42.09,U
sz300850,新强联,2025-10-17 09:44:39,42.06,21200,42.1,D
sz300850,新强联,2025-10-17 09:44:54,42.07,7300,42.05,U
sz300850,新强联,2025-10-17 09:44:57,42.04,5200,42.07,D
sz300850,新强联,2025-10-17 09:45:00,42.06,8000,42.04,U
sz300850,新强联,2025-10-17 09:45:03,42.06,12600,42.06,D
sz300850,新强联,2025-10-17 09:45:12,42.13,8400,42.08,D
sz300850,新强联,2025-10-17 09:45:27,42.16,6100,42.17,D
sz300850,新强联,2025-10-17 09:45:42,42.17,15400,42.19,D
sz300850,新强联,2025-10-17 09:45:45,42.16,5200,42.17,E
sz300850,新强联,2025-10-17 09:45:57,42.03,8900,42.09,D
sz300850,新强联,2025-10-17 09:46:00,41.98,166000,42.03,D
sz300850,新强联,2025-10-17 09:46:03,41.97,38400,41.98,D
sz300850,新强联,2025-10-17 09:46:06,41.99,8600,41.97,U
sz300850,新强联,2025-10-17 09:46:09,41.95,120369,41.99,D
sz300850,新强联,2025-10-17 09:46:12,41.94,31500,41.95,D
sz300850,新强联,2025-10-17 09:46:15,42.0,8200,41.94,E
sz300850,新强联,2025-10-17 09:46:18,41.94,10800,42.0,D
sz300850,新强联,2025-10-17 09:46:24,42.0,65800,42.0,U
sz300850,新强联,2025-10-17 09:46:27,41.92,18300,42.0,D
sz300850,新强联,2025-10-17 09:46:30,41.98,33400,41.92,U
sz300850,新强联,2025-10-17 09:46:36,41.96,7800,42.0,D
sz300850,新强联,2025-10-17 09:46:39,42.0,20400,41.96,U
sz300850,新强联,2025-10-17 09:46:42,42.0,47200,42.0,D
sz300850,新强联,2025-10-17 09:46:45,42.0,7200,42.0,U
sz300850,新强联,2025-10-17 09:46:54,42.0,15700,42.04,D
sz300850,新强联,2025-10-17 09:46:57,42.01,4800,42.0,E
sz300850,新强联,2025-10-17 09:47:06,42.02,12000,42.02,U
sz300850,新强联,2025-10-17 09:47:09,42.01,7900,42.02,E
sz300850,新强联,2025-10-17 09:47:12,42.02,5500,42.01,U
sz300850,新强联,2025-10-17 09:47:15,42.0,8100,42.02,D
sz300850,新强联,2025-10-17 09:47:18,42.03,9000,42.0,U
sz300850,新强联,2025-10-17 09:47:21,42.0,14300,42.03,D
sz300850,新强联,2025-10-17 09:47:27,42.0,5100,42.02,D
sz300850,新强联,2025-10-17 09:47:33,42.01,9300,42.01,D
sz300850,新强联,2025-10-17 09:47:36,42.0,10800,42.01,D
sz300850,新强联,2025-10-17 09:47:51,42.0,7700,42.02,D
sz300850,新强联,2025-10-17 09:47:54,41.99,8900,42.0,D
sz300850,新强联,2025-10-17 09:48:03,42.05,6700,41.99,U
sz300850,新强联,2025-10-17 09:48:06,41.99,7500,42.05,D
sz300850,新强联,2025-10-17 09:48:15,41.96,10000,41.99,D
sz300850,新强联,2025-10-17 09:48:18,41.98,8000,41.96,U
sz300850,新强联,2025-10-17 09:48:21,41.95,13700,41.98,D
sz300850,新强联,2025-10-17 09:48:24,41.96,7800,41.95,D
sz300850,新强联,2025-10-17 09:48:27,41.97,7800,41.96,U
sz300850,新强联,2025-10-17 09:48:30,41.98,5300,41.97,U
sz300850,新强联,2025-10-17 09:48:33,41.98,6300,41.98,E
sz300850,新强联,2025-10-17 09:48:39,42.0,7300,42.0,U
sz300850,新强联,2025-10-17 09:48:42,42.0,13000,42.0,U
sz300850,新强联,2025-10-17 09:48:45,42.01,19200,42.0,U
sz300850,新强联,2025-10-17 09:48:48,42.0,8900,42.01,D
sz300850,新强联,2025-10-17 09:48:54,42.0,5600,42.05,D
sz300850,新强联,2025-10-17 09:48:57,42.0,12500,42.0,D
sz300850,新强联,2025-10-17 09:49:00,42.0,10600,42.0,D
sz300850,新强联,2025-10-17 09:49:12,42.09,7000,42.09,U
sz300850,新强联,2025-10-17 09:49:24,42.14,5700,42.13,U
sz300850,新强联,2025-10-17 09:49:27,42.13,9600,42.14,U
sz300850,新强联,2025-10-17 09:49:33,42.13,4800,42.13,D
sz300850,新强联,2025-10-17 09:49:42,42.2,8400,42.21,D
sz300850,新强联,2025-10-17 09:49:45,42.16,5200,42.2,D
sz300850,新强联,2025-10-17 09:49:48,42.17,7700,42.16,E
sz300850,新强联,2025-10-17 09:49:54,42.09,6900,42.16,D
sz300850,新强联,2025-10-17 09:50:03,42.1,7600,42.1,E
sz300850,新强联,2025-10-17 09:50:06,42.12,16700,42.1,U
sz300850,新强联,2025-10-17 09:50:15,42.2,18700,42.12,U
sz300850,新强联,2025-10-17 09:50:18,42.25,14400,42.2,U
sz300850,新强联,2025-10-17 09:50:24,42.2,16600,42.28,D
sz300850,新强联,2025-10-17 09:50:27,42.22,14700,42.2,U
sz300850,新强联,2025-10-17 09:50:30,42.2,6400,42.22,D
sz300850,新强联,2025-10-17 09:50:33,42.29,5000,42.2,U
sz300850,新强联,2025-10-17 09:50:36,42.2,18200,42.29,D
sz300850,新强联,2025-10-17 09:50:39,42.2,11000,42.2,D
sz300850,新强联,2025-10-17 09:50:42,42.2,5000,42.2,D
sz300850,新强联,2025-10-17 09:50:45,42.27,4800,42.2,U
sz300850,新强联,2025-10-17 09:50:48,42.29,18300,42.27,U
sz300850,新强联,2025-10-17 09:50:51,42.27,11100,42.29,D
sz300850,新强联,2025-10-17 09:51:00,42.2,8000,42.28,D
sz300850,新强联,2025-10-17 09:51:03,42.18,4900,42.2,D
sz300850,新强联,2025-10-17 09:51:06,42.18,17900,42.18,D
sz300850,新强联,2025-10-17 09:51:12,42.15,5200,42.16,D
sz300850,新强联,2025-10-17 09:51:18,42.13,9100,42.12,E
sz300850,新强联,2025-10-17 09:51:45,42.01,18200,42.04,D
sz300850,新强联,2025-10-17 09:51:48,42.02,11300,42.01,E
sz300850,新强联,2025-10-17 09:51:51,42.07,5400,42.02,U
sz300850,新强联,2025-10-17 09:52:03,42.08,15100,42.08,D
sz300850,新强联,2025-10-17 09:52:06,42.13,6100,42.08,U
sz300850,新强联,2025-10-17 09:52:09,42.14,10600,42.13,U
sz300850,新强联,2025-10-17 09:52:12,42.13,8400,42.14,D
sz300850,新强联,2025-10-17 09:52:27,42.22,11700,42.2,D
sz300850,新强联,2025-10-17 09:52:30,42.29,7800,42.22,U
sz300850,新强联,2025-10-17 09:52:33,42.2,5200,42.29,D
sz300850,新强联,2025-10-17 09:52:36,42.21,12700,42.2,E
sz300850,新强联,2025-10-17 09:52:39,42.27,22600,42.21,U
sz300850,新强联,2025-10-17 09:52:42,42.23,9800,42.27,D
sz300850,新强联,2025-10-17 09:52:48,42.23,7800,42.23,D
sz300850,新强联,2025-10-17 09:52:57,42.17,6900,42.25,D
sz300850,新强联,2025-10-17 09:53:18,42.34,12600,42.32,U
sz300850,新强联,2025-10-17 09:53:21,42.32,6900,42.34,D
sz300850,新强联,2025-10-17 09:53:24,42.33,5300,42.32,U
sz300850,新强联,2025-10-17 09:53:30,42.18,12100,42.28,D
sz300850,新强联,2025-10-17 09:53:48,42.23,12300,42.24,E
sz300850,新强联,2025-10-17 09:53:54,42.18,8600,42.21,D
sz300850,新强联,2025-10-17 09:54:00,42.14,7500,42.18,D
sz300850,新强联,2025-10-17 09:54:06,42.12,5400,42.12,D
sz300850,新强联,2025-10-17 09:54:12,42.1,6400,42.11,D
sz300850,新强联,2025-10-17 09:54:15,42.14,7900,42.1,U
sz300850,新强联,2025-10-17 09:54:21,42.11,11100,42.12,D
sz300850,新强联,2025-10-17 09:54:24,42.17,5200,42.11,U
sz300850,新强联,2025-10-17 09:54:30,42.11,6500,42.17,D
sz300850,新强联,2025-10-17 09:54:33,42.11,6800,42.11,D
sz300850,新强联,2025-10-17 09:54:36,42.09,10100,42.11,D
sz300850,新强联,2025-10-17 09:54:42,42.1,7600,42.09,U
sz300850,新强联,2025-10-17 09:54:45,42.09,8300,42.1,E
sz300850,新强联,2025-10-17 09:54:48,42.13,7500,42.09,E
sz300850,新强联,2025-10-17 09:54:57,42.21,6500,42.24,D
sz300850,新强联,2025-10-17 09:55:18,42.25,6500,42.28,D
sz300850,新强联,2025-10-17 09:55:27,42.3,12100,42.22,U
sz300850,新强联,2025-10-17 09:55:36,42.35,8600,42.3,U
sz300850,新强联,2025-10-17 09:56:03,42.24,18100,42.26,E
sz300850,新强联,2025-10-17 09:56:06,42.22,6700,42.24,D
sz300850,新强联,2025-10-17 09:56:09,42.2,5100,42.22,D
sz300850,新强联,2025-10-17 09:56:30,42.16,5900,42.16,U
sz300850,新强联,2025-10-17 09:56:36,42.14,5400,42.15,U
sz300850,新强联,2025-10-17 09:56:48,42.08,5000,42.11,D
sz300850,新强联,2025-10-17 09:56:51,42.1,11100,42.08,U
sz300850,新强联,2025-10-17 09:57:00,42.14,5100,42.14,U
sz300850,新强联,2025-10-17 09:57:06,42.18,10900,42.14,E
sz300850,新强联,2025-10-17 09:57:12,42.1,11700,42.09,U
sz300850,新强联,2025-10-17 09:57:21,42.1,13100,42.08,U
sz300850,新强联,2025-10-17 09:57:24,42.1,11000,42.1,U
sz300850,新强联,2025-10-17 09:57:27,42.11,25500,42.1,U
sz300850,新强联,2025-10-17 09:57:30,42.1,5300,42.11,D
sz300850,新强联,2025-10-17 09:57:33,42.23,10400,42.1,U
sz300850,新强联,2025-10-17 09:57:39,42.23,15100,42.23,U
sz300850,新强联,2025-10-17 09:57:42,42.26,5400,42.23,U
sz300850,新强联,2025-10-17 09:57:45,42.23,6300,42.26,D
sz300850,新强联,2025-10-17 09:57:48,42.3,9700,42.23,U
sz300850,新强联,2025-10-17 09:57:57,42.2,5500,42.3,D
sz300850,新强联,2025-10-17 09:58:00,42.24,6800,42.2,E
sz300850,新强联,2025-10-17 09:58:03,42.16,8600,42.24,E
sz300850,新强联,2025-10-17 09:58:09,42.26,9300,42.22,U
sz300850,新强联,2025-10-17 09:58:12,42.16,9400,42.26,D
sz300850,新强联,2025-10-17 09:58:27,42.31,10600,42.22,U
sz300850,新强联,2025-10-17 09:58:39,42.34,9000,42.22,U
sz300850,新强联,2025-10-17 09:58:45,42.35,11500,42.33,U
sz300850,新强联,2025-10-17 09:58:48,42.61,77000,42.35,U
sz300850,新强联,2025-10-17 09:58:51,42.64,55000,42.61,E
sz300850,新强联,2025-10-17 09:58:54,42.68,42300,42.64,U
sz300850,新强联,2025-10-17 09:58:57,42.72,30500,42.68,U
sz300850,新强联,2025-10-17 09:59:00,42.7,66600,42.72,D
sz300850,新强联,2025-10-17 09:59:03,42.75,28900,42.7,E
sz300850,新强联,2025-10-17 09:59:06,42.78,12400,42.75,D
sz300850,新强联,2025-10-17 09:59:09,42.68,13400,42.78,D
sz300850,新强联,2025-10-17 09:59:12,42.68,7900,42.68,D
sz300850,新强联,2025-10-17 09:59:15,42.61,6400,42.68,D
sz300850,新强联,2025-10-17 09:59:24,42.7,5000,42.62,U
sz300850,新强联,2025-10-17 09:59:33,42.56,5900,42.43,U
sz300850,新强联,2025-10-17 09:59:36,42.6,6000,42.56,U
sz300850,新强联,2025-10-17 10:00:00,42.47,5200,42.49,D
sz300850,新强联,2025-10-17 10:00:03,42.38,53700,42.47,D
sz300850,新强联,2025-10-17 10:00:06,42.51,16600,42.38,U
sz300850,新强联,2025-10-17 10:00:09,42.46,13000,42.51,D
sz300850,新强联,2025-10-17 10:00:12,42.43,4800,42.46,E
sz300850,新强联,2025-10-17 10:00:15,42.43,9700,42.43,D
sz300850,新强联,2025-10-17 10:00:21,42.42,6700,42.54,D
sz300850,新强联,2025-10-17 10:00:33,42.39,5600,42.43,D
sz300850,新强联,2025-10-17 10:00:39,42.36,12700,42.33,E
sz300850,新强联,2025-10-17 10:00:42,42.37,6000,42.36,U
sz300850,新强联,2025-10-17 10:00:45,42.39,6000,42.37,U
sz300850,新强联,2025-10-17 10:00:48,42.37,5700,42.39,D
sz300850,新强联,2025-10-17 10:00:54,42.35,5600,42.35,D
sz300850,新强联,2025-10-17 10:00:57,42.35,18800,42.35,D
sz300850,新强联,2025-10-17 10:01:00,42.32,10800,42.35,D
sz300850,新强联,2025-10-17 10:01:03,42.31,8900,42.32,D
sz300850,新强联,2025-10-17 10:01:06,42.31,12600,42.31,D
sz300850,新强联,2025-10-17 10:01:09,42.31,6100,42.31,U
sz300850,新强联,2025-10-17 10:01:18,42.33,20300,42.3,U
sz300850,新强联,2025-10-17 10:01:21,42.32,5400,42.33,E
sz300850,新强联,2025-10-17 10:01:24,42.32,9300,42.32,D
sz300850,新强联,2025-10-17 10:01:27,42.32,8800,42.32,D
sz300850,新强联,2025-10-17 10:01:30,42.3,7300,42.32,D
sz300850,新强联,2025-10-17 10:01:45,42.23,10600,42.22,U
sz300850,新强联,2025-10-17 10:01:48,42.18,5700,42.23,D
sz300850,新强联,2025-10-17 10:01:51,42.25,7600,42.18,U
sz300850,新强联,2025-10-17 10:01:54,42.29,7100,42.25,U
sz300850,新强联,2025-10-17 10:02:00,42.23,14800,42.25,D
sz300850,新强联,2025-10-17 10:02:03,42.24,6400,42.23,E
sz300850,新强联,2025-10-17 10:02:18,42.31,9400,42.3,U
sz300850,新强联,2025-10-17 10:02:21,42.38,95500,42.31,U
sz300850,新强联,2025-10-17 10:02:24,42.41,18900,42.38,E
sz300850,新强联,2025-10-17 10:02:30,42.47,21600,42.42,U
sz300850,新强联,2025-10-17 10:02:33,42.38,6200,42.47,D
sz300850,新强联,2025-10-17 10:02:54,42.45,9300,42.47,D
sz300850,新强联,2025-10-17 10:02:57,42.45,5600,42.45,U
sz300850,新强联,2025-10-17 10:03:00,42.45,61300,42.45,U
sz300850,新强联,2025-10-17 10:03:03,42.46,5700,42.45,E
sz300850,新强联,2025-10-17 10:03:06,42.45,27600,42.46,D
sz300850,新强联,2025-10-17 10:03:09,42.42,5000,42.45,D
sz300850,新强联,2025-10-17 10:03:15,42.38,8300,42.38,D
sz300850,新强联,2025-10-17 10:03:18,42.32,17000,42.38,D
sz300850,新强联,2025-10-17 10:03:21,42.18,19600,42.32,D
sz300850,新强联,2025-10-17 10:03:24,42.18,6400,42.18,E
sz300850,新强联,2025-10-17 10:03:51,42.19,6000,42.21,D
sz300850,新强联,2025-10-17 10:03:54,42.15,7000,42.19,D
sz300850,新强联,2025-10-17 10:04:15,42.08,29300,42.12,D
sz300850,新强联,2025-10-17 10:04:24,42.11,5700,42.1,U
sz300850,新强联,2025-10-17 10:04:33,42.03,62900,42.1,D
sz300850,新强联,2025-10-17 10:04:36,42.04,9600,42.03,E
sz300850,新强联,2025-10-17 10:04:51,42.07,5000,42.07,U
sz300850,新强联,2025-10-17 10:05:06,42.17,7700,42.14,U
sz300850,新强联,2025-10-17 10:05:27,42.18,5000,42.22,D
sz300850,新强联,2025-10-17 10:05:30,42.15,7700,42.18,D
sz300850,新强联,2025-10-17 10:06:03,42.22,11300,42.22,U
sz300850,新强联,2025-10-17 10:06:12,42.17,8900,42.15,U
sz300850,新强联,2025-10-17 10:06:57,42.21,7500,42.2,D
sz300850,新强联,2025-10-17 10:08:06,42.32,5200,42.3,U
sz300850,新强联,2025-10-17 10:08:12,42.3,10400,42.3,D
sz300850,新强联,2025-10-17 10:08:15,42.32,18900,42.3,E
sz300850,新强联,2025-10-17 10:08:18,42.39,53700,42.32,U
sz300850,新强联,2025-10-17 10:08:27,42.36,10000,42.36,D
sz300850,新强联,2025-10-17 10:08:30,42.35,10300,42.36,D
sz300850,新强联,2025-10-17 10:08:57,42.26,10500,42.3,D
sz300850,新强联,2025-10-17 10:09:39,42.27,5000,42.31,D
sz300850,新强联,2025-10-17 10:10:06,42.29,4800,42.27,U
sz300850,新强联,2025-10-17 10:10:12,42.3,8100,42.3,U
sz300850,新强联,2025-10-17 10:11:24,42.24,9400,42.29,D
sz300850,新强联,2025-10-17 10:11:27,42.16,15500,42.24,D
sz300850,新强联,2025-10-17 10:11:36,42.14,9900,42.12,U
sz300850,新强联,2025-10-17 10:11:39,42.12,10800,42.14,E
sz300850,新强联,2025-10-17 10:12:21,42.08,5900,42.07,U
sz300850,新强联,2025-10-17 10:12:24,42.12,21200,42.08,U
sz300850,新强联,2025-10-17 10:13:00,42.14,12400,42.12,U
sz300850,新强联,2025-10-17 10:14:00,42.2,6700,42.19,U
sz300850,新强联,2025-10-17 10:14:30,42.14,5100,42.18,D
sz300850,新强联,2025-10-17 10:14:39,42.14,20300,42.15,D
sz300850,新强联,2025-10-17 10:15:15,42.07,8900,42.05,U
sz300850,新强联,2025-10-17 10:15:21,42.03,5100,42.08,D
sz300850,新强联,2025-10-17 10:15:24,42.02,5300,42.03,D
sz300850,新强联,2025-10-17 10:15:42,42.09,7500,42.07,U
sz300850,新强联,2025-10-17 10:15:45,42.06,6500,42.09,D
sz300850,新强联,2025-10-17 10:15:54,42.02,9400,42.09,D
sz300850,新强联,2025-10-17 10:16:00,42.04,4800,42.08,E
sz300850,新强联,2025-10-17 10:16:06,42.07,5500,42.04,E
sz300850,新强联,2025-10-17 10:16:21,42.1,5700,42.11,D
sz300850,新强联,2025-10-17 10:16:42,42.1,11200,42.08,U
sz300850,新强联,2025-10-17 10:17:33,42.12,40222,42.08,U
sz300850,新强联,2025-10-17 10:18:00,42.08,5800,42.07,E
sz300850,新强联,2025-10-17 10:18:12,42.09,20800,42.1,D
sz300850,新强联,2025-10-17 10:18:15,42.1,27300,42.09,U
sz300850,新强联,2025-10-17 10:18:30,42.02,4800,42.04,D
sz300850,新强联,2025-10-17 10:18:33,42.01,17000,42.02,D
sz300850,新强联,2025-10-17 10:18:51,42.04,5600,42.04,D
sz300850,新强联,2025-10-17 10:19:09,42.01,36400,42.02,D
sz300850,新强联,2025-10-17 10:20:06,42.06,6400,42.05,E
sz300850,新强联,2025-10-17 10:20:27,42.03,5800,42.04,D
sz300850,新强联,2025-10-17 10:20:30,42.02,18200,42.03,D
sz300850,新强联,2025-10-17 10:20:42,42.01,23400,42.01,U
sz300850,新强联,2025-10-17 10:20:51,42.01,6500,42.0,E
sz300850,新强联,2025-10-17 10:21:09,42.02,4900,42.02,D
sz300850,新强联,2025-10-17 10:21:36,42.01,5400,42.05,D
sz300850,新强联,2025-10-17 10:21:54,42.02,28200,42.03,D
sz300850,新强联,2025-10-17 10:22:03,42.14,10000,42.0,U
sz300850,新强联,2025-10-17 10:23:06,42.12,35300,42.08,U
sz300850,新强联,2025-10-17 10:23:09,42.13,17400,42.12,U
sz300850,新强联,2025-10-17 10:23:15,42.13,4800,42.12,U
sz300850,新强联,2025-10-17 10:23:18,42.13,15500,42.13,U
sz300850,新强联,2025-10-17 10:23:39,42.25,11100,42.2,U
sz300850,新强联,2025-10-17 10:25:27,42.12,21200,42.12,D
sz300850,新强联,2025-10-17 10:27:15,42.31,5700,42.28,U
sz300850,新强联,2025-10-17 10:28:09,42.38,5500,42.38,D
sz300850,新强联,2025-10-17 10:28:15,42.46,13600,42.38,U
sz300850,新强联,2025-10-17 10:28:21,42.54,5000,42.5,U
sz300850,新强联,2025-10-17 10:28:27,42.54,5200,42.54,U
sz300850,新强联,2025-10-17 10:28:30,42.54,19600,42.54,U
sz300850,新强联,2025-10-17 10:28:36,42.51,6700,42.52,D
sz300850,新强联,2025-10-17 10:28:51,42.46,7300,42.47,D
sz300850,新强联,2025-10-17 10:29:00,42.38,6000,42.41,D
sz300850,新强联,2025-10-17 10:29:03,42.36,5400,42.38,D
sz300850,新强联,2025-10-17 10:29:39,42.32,4800,42.31,U
sz300850,新强联,2025-10-17 10:29:42,42.2,10200,42.32,D
sz300850,新强联,2025-10-17 10:29:48,42.23,5200,42.3,E
sz300850,新强联,2025-10-17 10:30:06,42.2,17000,42.26,D
sz300850,新强联,2025-10-17 10:30:51,42.36,8700,42.3,U
sz300850,新强联,2025-10-17 10:31:06,42.41,7200,42.37,U
sz300850,新强联,2025-10-17 10:31:27,42.47,14000,42.46,U
sz300850,新强联,2025-10-17 10:32:06,42.47,7100,42.48,D
sz300850,新强联,2025-10-17 10:32:09,42.49,6800,42.47,U
sz300850,新强联,2025-10-17 10:32:12,42.52,15900,42.49,U
sz300850,新强联,2025-10-17 10:32:21,42.51,9700,42.52,D
sz300850,新强联,2025-10-17 10:35:06,42.45,5200,42.44,U
sz300850,新强联,2025-10-17 10:35:09,42.45,6100,42.45,U
sz300850,新强联,2025-10-17 10:36:06,42.47,7800,42.47,D
sz300850,新强联,2025-10-17 10:37:06,42.4,6700,42.43,D
sz300850,新强联,2025-10-17 10:37:42,42.42,9200,42.44,D
sz300850,新强联,2025-10-17 10:38:15,42.43,19699,42.41,U
sz300850,新强联,2025-10-17 10:38:18,42.44,5700,42.43,E
sz300850,新强联,2025-10-17 10:38:30,42.49,5300,42.49,U
sz300850,新强联,2025-10-17 10:38:33,42.49,9600,42.49,U
sz300850,新强联,2025-10-17 10:38:51,42.54,13200,42.48,U
sz300850,新强联,2025-10-17 10:38:54,42.49,6100,42.54,E
sz300850,新强联,2025-10-17 10:39:24,42.55,6500,42.53,U
sz300850,新强联,2025-10-17 10:39:33,42.55,5200,42.55,U
sz300850,新强联,2025-10-17 10:39:39,42.58,13000,42.55,U
sz300850,新强联,2025-10-17 10:39:42,42.59,7500,42.58,U
sz300850,新强联,2025-10-17 10:40:15,42.69,32800,42.62,U
sz300850,新强联,2025-10-17 10:40:36,42.75,5600,42.75,U
sz300850,新强联,2025-10-17 10:40:45,42.75,10500,42.74,U
sz300850,新强联,2025-10-17 10:41:15,42.79,62600,42.75,U
sz300850,新强联,2025-10-17 10:41:18,42.8,8900,42.79,E
sz300850,新强联,2025-10-17 10:41:39,42.82,8100,42.82,D
sz300850,新强联,2025-10-17 10:41:42,42.81,5300,42.82,D
sz300850,新强联,2025-10-17 10:41:51,42.84,5900,42.83,U
sz300850,新强联,2025-10-17 10:42:09,42.85,5700,42.87,D
sz300850,新强联,2025-10-17 10:42:18,42.84,8000,42.84,D
sz300850,新强联,2025-10-17 10:42:21,42.8,13300,42.84,D
sz300850,新强联,2025-10-17 10:42:27,42.78,6300,42.8,D
sz300850,新强联,2025-10-17 10:42:30,42.79,27100,42.78,E
sz300850,新强联,2025-10-17 10:42:33,42.79,13600,42.79,D
sz300850,新强联,2025-10-17 10:42:39,42.77,5000,42.78,D
sz300850,新强联,2025-10-17 10:42:51,42.72,6200,42.78,D
sz300850,新强联,2025-10-17 10:42:57,42.79,5600,42.72,U
sz300850,新强联,2025-10-17 10:44:51,42.58,5500,42.61,D
sz300850,新强联,2025-10-17 10:45:03,42.62,5700,42.58,U
sz300850,新强联,2025-10-17 10:45:15,42.62,6000,42.6,U
sz300850,新强联,2025-10-17 10:47:09,42.57,14900,42.51,U
sz300850,新强联,2025-10-17 10:47:30,42.56,4800,42.58,D
sz300850,新强联,2025-10-17 10:48:03,42.6,71894,42.58,U
sz300850,新强联,2025-10-17 10:48:06,42.65,10300,42.6,U
sz300850,新强联,2025-10-17 10:48:18,42.66,10300,42.67,E
sz300850,新强联,2025-10-17 10:48:33,42.74,16500,42.69,U
sz300850,新强联,2025-10-17 10:48:36,42.77,6800,42.74,U
sz300850,新强联,2025-10-17 10:48:51,42.86,8000,42.8,U
sz300850,新强联,2025-10-17 10:48:54,42.91,5800,42.86,U
sz300850,新强联,2025-10-17 10:49:03,42.94,7300,42.94,U
sz300850,新强联,2025-10-17 10:49:06,42.98,14500,42.94,U
sz300850,新强联,2025-10-17 10:49:09,43.02,83000,42.98,U
sz300850,新强联,2025-10-17 10:49:12,43.01,47200,43.02,D
sz300850,新强联,2025-10-17 10:49:15,43.0,11100,43.01,D
sz300850,新强联,2025-10-17 10:49:18,43.1,28100,43.0,U
sz300850,新强联,2025-10-17 10:49:24,42.97,8600,43.1,E
sz300850,新强联,2025-10-17 10:49:27,43.03,26800,42.97,U
sz300850,新强联,2025-10-17 10:49:30,43.0,6300,43.03,E
sz300850,新强联,2025-10-17 10:50:09,42.78,19800,42.79,E
sz300850,新强联,2025-10-17 10:50:30,42.74,5900,42.69,U
sz300850,新强联,2025-10-17 10:50:48,42.74,5900,42.66,U
sz300850,新强联,2025-10-17 10:51:06,42.73,5300,42.67,U
sz300850,新强联,2025-10-17 10:51:48,42.73,4900,42.72,U
sz300850,新强联,2025-10-17 10:52:30,42.72,22400,42.71,U
sz300850,新强联,2025-10-17 10:52:36,42.76,14600,42.77,U
sz300850,新强联,2025-10-17 10:52:39,42.73,23700,42.76,D
sz300850,新强联,2025-10-17 10:52:54,42.62,6800,42.68,D
sz300850,新强联,2025-10-17 10:53:00,42.69,12700,42.65,U
sz300850,新强联,2025-10-17 10:53:06,42.7,7300,42.69,U
sz300850,新强联,2025-10-17 10:53:24,42.63,5000,42.65,D
sz300850,新强联,2025-10-17 10:54:15,42.8,5000,42.62,U
sz300850,新强联,2025-10-17 10:57:06,42.54,5200,42.58,D
sz300850,新强联,2025-10-17 10:57:48,42.49,5000,42.52,D
sz300850,新强联,2025-10-17 10:57:51,42.5,4800,42.49,E
sz300850,新强联,2025-10-17 11:00:24,42.46,22700,42.5,D
sz300850,新强联,2025-10-17 11:00:33,42.43,9900,42.45,D
sz300850,新强联,2025-10-17 11:00:36,42.41,5100,42.43,D
sz300850,新强联,2025-10-17 11:00:39,42.4,30600,42.41,D
sz300850,新强联,2025-10-17 11:00:42,42.42,4800,42.4,E
sz300850,新强联,2025-10-17 11:00:54,42.39,5000,42.41,D
sz300850,新强联,2025-10-17 11:01:57,42.29,10100,42.27,U
sz300850,新强联,2025-10-17 11:03:33,42.2,16100,42.23,D
sz300850,新强联,2025-10-17 11:03:51,42.2,6600,42.22,D
sz300850,新强联,2025-10-17 11:05:06,42.13,15400,42.16,D
sz300850,新强联,2025-10-17 11:05:09,42.13,6600,42.13,D
sz300850,新强联,2025-10-17 11:05:12,42.1,6800,42.13,D
sz300850,新强联,2025-10-17 11:05:27,42.12,11000,42.11,U
sz300850,新强联,2025-10-17 11:05:30,42.12,6600,42.12,U
sz300850,新强联,2025-10-17 11:05:33,42.12,6900,42.12,D
sz300850,新强联,2025-10-17 11:05:36,42.12,7800,42.12,U
sz300850,新强联,2025-10-17 11:05:45,42.16,9400,42.13,U
sz300850,新强联,2025-10-17 11:05:51,42.12,11900,42.16,D
sz300850,新强联,2025-10-17 11:06:00,42.11,5200,42.13,D
sz300850,新强联,2025-10-17 11:06:09,42.12,7100,42.11,E
sz300850,新强联,2025-10-17 11:06:12,42.12,5400,42.12,D
sz300850,新强联,2025-10-17 11:06:18,42.12,12800,42.12,U
sz300850,新强联,2025-10-17 11:06:27,42.12,6000,42.11,U
sz300850,新强联,2025-10-17 11:06:33,42.1,4800,42.12,D
sz300850,新强联,2025-10-17 11:06:36,42.07,67200,42.1,D
sz300850,新强联,2025-10-17 11:06:42,42.15,8800,42.1,U
sz300850,新强联,2025-10-17 11:06:57,42.15,23300,42.1,U
sz300850,新强联,2025-10-17 11:07:00,42.15,7500,42.15,U
sz300850,新强联,2025-10-17 11:07:30,42.1,6100,42.08,U
sz300850,新强联,2025-10-17 11:08:33,42.08,11200,42.09,D
sz300850,新强联,2025-10-17 11:09:54,42.06,6800,42.07,D
sz300850,新强联,2025-10-17 11:12:45,42.01,16800,42.05,D
sz300850,新强联,2025-10-17 11:12:51,42.03,5100,42.07,D
sz300850,新强联,2025-10-17 11:13:45,42.16,21400,42.09,U
sz300850,新强联,2025-10-17 11:16:03,42.13,28700,42.12,U
sz300850,新强联,2025-10-17 11:16:12,42.11,8200,42.13,D
sz300850,新强联,2025-10-17 11:18:06,42.16,7200,42.15,U
sz300850,新强联,2025-10-17 11:19:18,42.12,6100,42.11,E
sz300850,新强联,2025-10-17 11:19:21,42.17,21500,42.12,U
sz300850,新强联,2025-10-17 11:19:33,42.18,5500,42.19,D
sz300850,新强联,2025-10-17 11:20:06,42.17,10200,42.13,U
sz300850,新强联,2025-10-17 11:20:24,42.14,5996,42.22,D
sz300850,新强联,2025-10-17 11:20:54,42.26,5100,42.26,U
sz300850,新强联,2025-10-17 11:21:54,42.29,16700,42.31,D
sz300850,新强联,2025-10-17 11:22:12,42.26,6000,42.27,D
sz300850,新强联,2025-10-17 11:22:57,42.2,6000,42.21,D
sz300850,新强联,2025-10-17 11:23:03,42.18,5300,42.2,D
sz300850,新强联,2025-10-17 11:23:51,42.17,5800,42.18,D
sz300850,新强联,2025-10-17 11:23:54,42.25,5900,42.17,U
sz300850,新强联,2025-10-17 11:26:51,42.05,11400,42.09,D
sz300850,新强联,2025-10-17 11:27:12,42.05,11500,42.09,D
sz300850,新强联,2025-10-17 11:27:21,42.08,6600,42.06,U
sz300850,新强联,2025-10-17 11:27:57,42.06,5500,42.05,U
sz300850,新强联,2025-10-17 11:29:24,42.02,12900,42.02,U
sz300850,新强联,2025-10-17 11:29:27,42.05,31800,42.02,U
sz300850,新强联,2025-10-17 11:29:33,42.05,11700,42.05,U
sz300850,新强联,2025-10-17 11:29:51,42.04,6600,42.05,D
sz300850,新强联,2025-10-17 13:00:00,41.95,200100,42.04,D
sz300850,新强联,2025-10-17 13:00:03,41.95,48800,41.95,U
sz300850,新强联,2025-10-17 13:00:06,41.92,21700,41.95,D
sz300850,新强联,2025-10-17 13:00:09,41.91,5400,41.92,D
sz300850,新强联,2025-10-17 13:00:12,41.85,52300,41.91,D
sz300850,新强联,2025-10-17 13:00:21,41.87,17300,41.88,D
sz300850,新强联,2025-10-17 13:00:27,41.88,61200,41.87,U
sz300850,新强联,2025-10-17 13:00:30,41.89,6300,41.88,U
sz300850,新强联,2025-10-17 13:00:36,41.84,13500,41.83,E
sz300850,新强联,2025-10-17 13:00:42,41.8,12900,41.82,D
sz300850,新强联,2025-10-17 13:01:03,41.8,20900,41.78,U
sz300850,新强联,2025-10-17 13:01:09,41.78,10300,41.76,E
sz300850,新强联,2025-10-17 13:01:18,41.79,6800,41.83,D
sz300850,新强联,2025-10-17 13:02:27,41.79,5200,41.78,U
sz300850,新强联,2025-10-17 13:02:36,41.76,16400,41.77,D
sz300850,新强联,2025-10-17 13:02:42,41.82,5400,41.82,U
sz300850,新强联,2025-10-17 13:02:45,41.76,11100,41.82,D
sz300850,新强联,2025-10-17 13:02:57,41.85,8100,41.85,U
sz300850,新强联,2025-10-17 13:03:00,41.77,7400,41.85,D
sz300850,新强联,2025-10-17 13:03:24,41.74,7000,41.78,D
sz300850,新强联,2025-10-17 13:03:45,41.78,8900,41.74,U
sz300850,新强联,2025-10-17 13:03:57,41.78,5700,41.79,D
sz300850,新强联,2025-10-17 13:04:09,41.8,11400,41.75,U
sz300850,新强联,2025-10-17 13:04:48,41.75,6500,41.76,D
sz300850,新强联,2025-10-17 13:04:51,41.75,7100,41.75,D
sz300850,新强联,2025-10-17 13:05:15,41.75,6300,41.78,D
sz300850,新强联,2025-10-17 13:05:27,41.78,17100,41.75,U
sz300850,新强联,2025-10-17 13:05:30,41.74,16600,41.78,D
sz300850,新强联,2025-10-17 13:05:33,41.78,19800,41.74,U
sz300850,新强联,2025-10-17 13:05:42,41.71,6900,41.73,D
sz300850,新强联,2025-10-17 13:05:45,41.74,10300,41.71,D
sz300850,新强联,2025-10-17 13:05:48,41.69,5300,41.74,D
sz300850,新强联,2025-10-17 13:05:51,41.69,12600,41.69,D
sz300850,新强联,2025-10-17 13:06:03,41.73,8400,41.69,U
sz300850,新强联,2025-10-17 13:06:09,41.72,30600,41.73,E
sz300850,新强联,2025-10-17 13:06:36,41.7,6000,41.69,U
sz300850,新强联,2025-10-17 13:06:51,41.63,10600,41.65,D
sz300850,新强联,2025-10-17 13:06:57,41.65,5200,41.64,U
sz300850,新强联,2025-10-17 13:07:00,41.62,8900,41.65,D
sz300850,新强联,2025-10-17 13:07:21,41.61,12300,41.62,D
sz300850,新强联,2025-10-17 13:07:24,41.59,18900,41.61,D
sz300850,新强联,2025-10-17 13:07:33,41.59,6100,41.6,D
sz300850,新强联,2025-10-17 13:07:36,41.59,4900,41.59,D
sz300850,新强联,2025-10-17 13:07:39,41.59,13600,41.59,D
sz300850,新强联,2025-10-17 13:07:45,41.57,7500,41.58,D
sz300850,新强联,2025-10-17 13:07:51,41.57,5200,41.58,U
sz300850,新强联,2025-10-17 13:07:54,41.56,5600,41.57,D
sz300850,新强联,2025-10-17 13:08:00,41.55,8300,41.55,E
sz300850,新强联,2025-10-17 13:08:03,41.55,15300,41.55,U
sz300850,新强联,2025-10-17 13:08:06,41.52,9000,41.55,D
sz300850,新强联,2025-10-17 13:08:24,41.51,7700,41.52,D
sz300850,新强联,2025-10-17 13:08:30,41.51,5100,41.52,D
sz300850,新强联,2025-10-17 13:08:33,41.55,34900,41.51,U
sz300850,新强联,2025-10-17 13:08:36,41.51,10200,41.55,D
sz300850,新强联,2025-10-17 13:08:39,41.51,5400,41.51,D
sz300850,新强联,2025-10-17 13:08:48,41.55,13700,41.58,D
sz300850,新强联,2025-10-17 13:08:54,41.6,5700,41.5,U
sz300850,新强联,2025-10-17 13:09:03,41.67,12900,41.61,U
sz300850,新强联,2025-10-17 13:10:00,41.67,12300,41.63,U
sz300850,新强联,2025-10-17 13:10:12,41.64,17001,41.69,D
sz300850,新强联,2025-10-17 13:10:15,41.68,10200,41.64,E
sz300850,新强联,2025-10-17 13:10:42,41.73,7500,41.73,D
sz300850,新强联,2025-10-17 13:12:12,41.8,7300,41.81,D
sz300850,新强联,2025-10-17 13:14:21,41.83,5300,41.85,D
sz300850,新强联,2025-10-17 13:14:57,41.87,7200,41.84,U
sz300850,新强联,2025-10-17 13:16:00,41.86,5000,41.91,D
sz300850,新强联,2025-10-17 13:16:12,41.85,10200,41.85,D
sz300850,新强联,2025-10-17 13:16:57,41.83,13700,41.82,D
sz300850,新强联,2025-10-17 13:18:06,41.82,12000,41.77,U
sz300850,新强联,2025-10-17 13:18:51,41.78,41700,41.78,U
sz300850,新强联,2025-10-17 13:19:00,41.76,6400,41.74,U
sz300850,新强联,2025-10-17 13:19:21,41.75,4800,41.74,U
sz300850,新强联,2025-10-17 13:19:33,41.73,5200,41.72,E
sz300850,新强联,2025-10-17 13:19:54,41.71,18700,41.74,D
sz300850,新强联,2025-10-17 13:19:57,41.78,5570,41.71,U
sz300850,新强联,2025-10-17 13:20:27,41.78,37000,41.71,U
sz300850,新强联,2025-10-17 13:20:57,41.81,10970,41.74,U
sz300850,新强联,2025-10-17 13:22:09,41.84,18000,41.81,U
sz300850,新强联,2025-10-17 13:24:21,41.86,8900,41.83,U
sz300850,新强联,2025-10-17 13:26:03,41.81,4900,41.82,D
sz300850,新强联,2025-10-17 13:26:12,41.79,23600,41.81,D
sz300850,新强联,2025-10-17 13:26:33,41.7,11500,41.77,D
sz300850,新强联,2025-10-17 13:26:39,41.7,7300,41.76,D
sz300850,新强联,2025-10-17 13:26:42,41.7,7600,41.7,D
sz300850,新强联,2025-10-17 13:26:45,41.75,8700,41.7,E
sz300850,新强联,2025-10-17 13:26:48,41.71,7500,41.75,D
sz300850,新强联,2025-10-17 13:26:51,41.75,17100,41.71,U
sz300850,新强联,2025-10-17 13:26:54,41.73,12600,41.75,E
sz300850,新强联,2025-10-17 13:26:57,41.75,14600,41.73,U
sz300850,新强联,2025-10-17 13:27:00,41.66,7100,41.75,D
sz300850,新强联,2025-10-17 13:27:03,41.66,6300,41.66,D
sz300850,新强联,2025-10-17 13:27:06,41.63,6200,41.66,D
sz300850,新强联,2025-10-17 13:27:09,41.62,6000,41.63,D
sz300850,新强联,2025-10-17 13:27:12,41.62,10500,41.62,D
sz300850,新强联,2025-10-17 13:27:15,41.6,12900,41.62,D
sz300850,新强联,2025-10-17 13:27:18,41.64,6300,41.6,E
sz300850,新强联,2025-10-17 13:27:21,41.61,13700,41.64,D
sz300850,新强联,2025-10-17 13:27:24,41.62,5500,41.61,U
sz300850,新强联,2025-10-17 13:27:27,41.66,5300,41.62,U
sz300850,新强联,2025-10-17 13:27:48,41.7,21700,41.66,U
sz300850,新强联,2025-10-17 13:28:18,41.66,11700,41.72,D
sz300850,新强联,2025-10-17 13:28:24,41.66,6400,41.69,D
sz300850,新强联,2025-10-17 13:29:12,41.76,13000,41.75,U
sz300850,新强联,2025-10-17 13:30:42,41.84,14400,41.94,D
sz300850,新强联,2025-10-17 13:31:03,41.86,6700,41.89,D
sz300850,新强联,2025-10-17 13:31:24,41.96,6300,41.91,U
sz300850,新强联,2025-10-17 13:32:00,41.85,9400,41.87,D
sz300850,新强联,2025-10-17 13:32:15,41.92,5400,41.89,U
sz300850,新强联,2025-10-17 13:33:09,41.76,11400,41.76,D
sz300850,新强联,2025-10-17 13:34:27,41.75,6900,41.77,D
sz300850,新强联,2025-10-17 13:34:30,41.75,5000,41.75,U
sz300850,新强联,2025-10-17 13:34:45,41.76,7300,41.76,U
sz300850,新强联,2025-10-17 13:39:54,41.76,8800,41.82,D
sz300850,新强联,2025-10-17 13:40:21,41.81,5000,41.81,U
sz300850,新强联,2025-10-17 13:43:36,41.74,7100,41.75,D
sz300850,新强联,2025-10-17 13:44:09,41.75,7200,41.75,U
sz300850,新强联,2025-10-17 13:45:03,41.75,22500,41.73,U
sz300850,新强联,2025-10-17 13:45:36,41.76,5700,41.75,U
sz300850,新强联,2025-10-17 13:46:03,41.75,33800,41.74,U
sz300850,新强联,2025-10-17 13:46:06,41.79,35570,41.75,U
sz300850,新强联,2025-10-17 13:47:00,41.76,4800,41.76,D
sz300850,新强联,2025-10-17 13:47:48,41.76,16300,41.76,U
sz300850,新强联,2025-10-17 13:47:54,41.77,24600,41.76,U
sz300850,新强联,2025-10-17 13:48:03,41.88,45100,41.79,U
sz300850,新强联,2025-10-17 13:49:54,41.85,4900,41.86,E
sz300850,新强联,2025-10-17 13:50:39,41.86,18800,41.86,U
sz300850,新强联,2025-10-17 13:50:42,41.86,12100,41.86,U
sz300850,新强联,2025-10-17 13:50:57,41.91,35400,41.86,U
sz300850,新强联,2025-10-17 13:51:27,41.86,6400,41.85,U
sz300850,新强联,2025-10-17 13:52:30,41.73,6300,41.75,D
sz300850,新强联,2025-10-17 13:52:54,41.73,13900,41.74,E
sz300850,新强联,2025-10-17 13:53:00,41.73,10300,41.74,D
sz300850,新强联,2025-10-17 13:53:12,41.96,243600,41.74,U
sz300850,新强联,2025-10-17 13:55:00,41.93,6300,41.97,D
sz300850,新强联,2025-10-17 13:55:06,41.91,7760,41.93,D
sz300850,新强联,2025-10-17 13:57:45,41.98,12900,41.95,U
sz300850,新强联,2025-10-17 13:58:03,42.0,20000,41.99,U
sz300850,新强联,2025-10-17 13:58:09,42.0,10500,42.0,U
sz300850,新强联,2025-10-17 13:58:18,42.04,34500,42.0,U
sz300850,新强联,2025-10-17 13:58:36,42.1,5700,42.11,E
sz300850,新强联,2025-10-17 13:58:51,42.04,6600,42.07,U
sz300850,新强联,2025-10-17 14:00:00,41.97,26200,42.02,D
sz300850,新强联,2025-10-17 14:00:48,42.05,20500,42.01,U
sz300850,新强联,2025-10-17 14:01:30,42.0,9700,41.98,U
sz300850,新强联,2025-10-17 14:01:39,42.0,9100,42.01,D
sz300850,新强联,2025-10-17 14:01:42,41.97,4800,42.0,D
sz300850,新强联,2025-10-17 14:02:09,41.96,5300,41.95,U
sz300850,新强联,2025-10-17 14:02:45,42.05,7300,42.02,U
sz300850,新强联,2025-10-17 14:02:57,42.15,12300,42.09,U
sz300850,新强联,2025-10-17 14:04:00,41.97,20400,42.01,D
sz300850,新强联,2025-10-17 14:05:15,42.07,8000,42.07,U
sz300850,新强联,2025-10-17 14:06:21,42.08,10500,42.08,D
sz300850,新强联,2025-10-17 14:07:09,42.12,15200,42.09,U
sz300850,新强联,2025-10-17 14:07:12,42.11,5800,42.12,E
sz300850,新强联,2025-10-17 14:07:39,42.07,6500,42.08,D
sz300850,新强联,2025-10-17 14:07:42,42.06,10600,42.07,D
sz300850,新强联,2025-10-17 14:08:15,42.0,20500,42.0,U
sz300850,新强联,2025-10-17 14:08:33,41.99,14100,41.96,U
sz300850,新强联,2025-10-17 14:08:48,41.99,5200,41.99,D
sz300850,新强联,2025-10-17 14:09:03,42.02,28100,42.0,U
sz300850,新强联,2025-10-17 14:09:27,42.0,8100,42.0,U
sz300850,新强联,2025-10-17 14:09:57,41.93,6400,41.95,D
sz300850,新强联,2025-10-17 14:10:00,41.89,12800,41.93,D
sz300850,新强联,2025-10-17 14:10:09,41.82,5156,41.88,D
sz300850,新强联,2025-10-17 14:10:39,41.89,5000,41.89,U
sz300850,新强联,2025-10-17 14:11:06,41.88,9156,41.89,D
sz300850,新强联,2025-10-17 14:11:27,41.88,6900,41.89,E
sz300850,新强联,2025-10-17 14:13:03,41.79,12100,41.84,D
sz300850,新强联,2025-10-17 14:15:18,41.81,10700,41.81,U
sz300850,新强联,2025-10-17 14:15:21,41.8,16400,41.81,D
sz300850,新强联,2025-10-17 14:16:48,41.75,5900,41.77,D
sz300850,新强联,2025-10-17 14:17:09,41.8,32640,41.79,U
sz300850,新强联,2025-10-17 14:18:09,41.85,5800,41.79,U
sz300850,新强联,2025-10-17 14:18:30,41.81,7200,41.8,U
sz300850,新强联,2025-10-17 14:18:33,41.8,6800,41.81,D
sz300850,新强联,2025-10-17 14:19:21,41.79,4800,41.79,D
sz300850,新强联,2025-10-17 14:19:54,41.8,5500,41.8,D
sz300850,新强联,2025-10-17 14:20:18,41.8,5300,41.8,D
sz300850,新强联,2025-10-17 14:20:24,41.8,5000,41.8,D
sz300850,新强联,2025-10-17 14:22:00,41.79,7000,41.8,D
sz300850,新强联,2025-10-17 14:23:48,41.84,14800,41.8,U
sz300850,新强联,2025-10-17 14:24:39,41.8,17700,41.83,D
sz300850,新强联,2025-10-17 14:25:57,41.8,6700,41.8,U
sz300850,新强联,2025-10-17 14:26:30,41.8,21600,41.8,U
sz300850,新强联,2025-10-17 14:26:57,41.8,8800,41.81,D
sz300850,新强联,2025-10-17 14:27:27,41.85,13500,41.84,U
sz300850,新强联,2025-10-17 14:28:06,41.85,5600,41.85,D
sz300850,新强联,2025-10-17 14:28:21,41.9,8700,41.87,U
sz300850,新强联,2025-10-17 14:29:00,41.85,7400,41.86,D
sz300850,新强联,2025-10-17 14:29:18,41.86,59100,41.85,U
sz300850,新强联,2025-10-17 14:29:30,41.86,8200,41.85,U
sz300850,新强联,2025-10-17 14:30:03,41.87,9000,41.87,D
sz300850,新强联,2025-10-17 14:30:57,41.81,5400,41.81,D
sz300850,新强联,2025-10-17 14:31:00,41.78,7700,41.81,D
sz300850,新强联,2025-10-17 14:31:06,41.76,8800,41.77,D
sz300850,新强联,2025-10-17 14:31:09,41.74,9400,41.76,D
sz300850,新强联,2025-10-17 14:31:12,41.74,5700,41.74,D
sz300850,新强联,2025-10-17 14:31:33,41.71,16800,41.71,D
sz300850,新强联,2025-10-17 14:31:42,41.69,8600,41.73,D
sz300850,新强联,2025-10-17 14:32:27,41.81,28100,41.79,U
sz300850,新强联,2025-10-17 14:33:06,41.83,7500,41.77,U
sz300850,新强联,2025-10-17 14:33:45,41.77,17800,41.79,D
sz300850,新强联,2025-10-17 14:34:36,41.81,11300,41.77,U
sz300850,新强联,2025-10-17 14:34:48,41.7,8000,41.82,D
sz300850,新强联,2025-10-17 14:34:51,41.67,11200,41.7,D
sz300850,新强联,2025-10-17 14:34:54,41.68,7500,41.67,D
sz300850,新强联,2025-10-17 14:34:57,41.8,8800,41.68,U
sz300850,新强联,2025-10-17 14:35:00,41.69,6900,41.8,D
sz300850,新强联,2025-10-17 14:35:03,41.7,5500,41.69,D
sz300850,新强联,2025-10-17 14:35:06,41.75,17700,41.7,E
sz300850,新强联,2025-10-17 14:35:09,41.75,9200,41.75,U
sz300850,新强联,2025-10-17 14:35:12,41.75,13300,41.75,D
sz300850,新强联,2025-10-17 14:35:15,41.71,5800,41.75,D
sz300850,新强联,2025-10-17 14:35:18,41.75,6100,41.71,E
sz300850,新强联,2025-10-17 14:35:21,41.62,10600,41.75,D
sz300850,新强联,2025-10-17 14:35:24,41.74,6200,41.62,U
sz300850,新强联,2025-10-17 14:35:27,41.63,11700,41.74,D
sz300850,新强联,2025-10-17 14:35:30,41.74,8000,41.63,E
sz300850,新强联,2025-10-17 14:36:03,41.78,6500,41.77,U
sz300850,新强联,2025-10-17 14:36:15,41.75,6700,41.75,D
sz300850,新强联,2025-10-17 14:36:18,41.75,11800,41.75,D
sz300850,新强联,2025-10-17 14:36:30,41.74,5300,41.72,U
sz300850,新强联,2025-10-17 14:37:06,41.76,16800,41.73,U
sz300850,新强联,2025-10-17 14:37:09,41.74,8300,41.76,E
sz300850,新强联,2025-10-17 14:37:12,41.8,19800,41.74,U
sz300850,新强联,2025-10-17 14:37:15,41.8,5400,41.8,D
sz300850,新强联,2025-10-17 14:37:42,41.8,15200,41.79,U
sz300850,新强联,2025-10-17 14:38:06,41.82,11800,41.84,D
sz300850,新强联,2025-10-17 14:38:33,41.76,6300,41.79,D
sz300850,新强联,2025-10-17 14:38:39,41.76,6000,41.78,D
sz300850,新强联,2025-10-17 14:39:03,41.75,6600,41.79,D
sz300850,新强联,2025-10-17 14:39:15,41.79,9900,41.79,U
sz300850,新强联,2025-10-17 14:39:24,41.8,8500,41.79,E
sz300850,新强联,2025-10-17 14:40:03,41.81,5500,41.81,D
sz300850,新强联,2025-10-17 14:40:15,41.85,6100,41.79,U
sz300850,新强联,2025-10-17 14:41:03,41.85,5000,41.87,D
sz300850,新强联,2025-10-17 14:41:06,41.88,5100,41.85,U
sz300850,新强联,2025-10-17 14:41:54,41.81,27300,41.82,D
sz300850,新强联,2025-10-17 14:41:57,41.81,14700,41.81,U
sz300850,新强联,2025-10-17 14:42:24,41.86,10500,41.84,U
sz300850,新强联,2025-10-17 14:42:39,41.89,4800,41.89,U
sz300850,新强联,2025-10-17 14:43:18,41.91,5700,41.93,D
sz300850,新强联,2025-10-17 14:43:48,41.94,8800,41.94,U
sz300850,新强联,2025-10-17 14:44:09,41.92,6200,41.92,D
sz300850,新强联,2025-10-17 14:44:18,41.9,20300,41.94,D
sz300850,新强联,2025-10-17 14:44:30,41.95,5100,41.94,U
sz300850,新强联,2025-10-17 14:44:48,41.88,11500,41.94,D
sz300850,新强联,2025-10-17 14:45:00,41.86,5700,41.88,D
sz300850,新强联,2025-10-17 14:45:15,41.91,16300,41.91,U
sz300850,新强联,2025-10-17 14:45:27,41.86,13700,41.9,D
sz300850,新强联,2025-10-17 14:45:48,41.82,19800,41.84,D
sz300850,新强联,2025-10-17 14:45:51,41.8,5500,41.82,D
sz300850,新强联,2025-10-17 14:46:00,41.76,18000,41.8,D
sz300850,新强联,2025-10-17 14:46:03,41.8,6500,41.76,U
sz300850,新强联,2025-10-17 14:46:21,41.74,16800,41.78,D
sz300850,新强联,2025-10-17 14:46:39,41.73,11800,41.77,D
sz300850,新强联,2025-10-17 14:47:00,41.78,7100,41.79,U
sz300850,新强联,2025-10-17 14:47:18,41.76,8700,41.76,D
sz300850,新强联,2025-10-17 14:47:21,41.75,6800,41.76,E
sz300850,新强联,2025-10-17 14:47:36,41.7,5400,41.71,D
sz300850,新强联,2025-10-17 14:47:45,41.71,9800,41.7,E
sz300850,新强联,2025-10-17 14:48:06,41.65,14400,41.68,D
sz300850,新强联,2025-10-17 14:48:09,41.65,8700,41.65,D
sz300850,新强联,2025-10-17 14:48:15,41.62,5000,41.68,D
sz300850,新强联,2025-10-17 14:48:18,41.61,14600,41.62,D
sz300850,新强联,2025-10-17 14:48:51,41.6,9200,41.61,D
sz300850,新强联,2025-10-17 14:48:54,41.61,7900,41.6,U
sz300850,新强联,2025-10-17 14:49:00,41.61,12200,41.6,U
sz300850,新强联,2025-10-17 14:49:03,41.6,8600,41.61,D
sz300850,新强联,2025-10-17 14:49:06,41.6,5200,41.6,D
sz300850,新强联,2025-10-17 14:49:33,41.6,12600,41.6,U
sz300850,新强联,2025-10-17 14:49:36,41.6,17500,41.6,U
sz300850,新强联,2025-10-17 14:49:39,41.59,20200,41.6,D
sz300850,新强联,2025-10-17 14:49:48,41.58,5000,41.59,D
sz300850,新强联,2025-10-17 14:50:03,41.6,32900,41.56,U
sz300850,新强联,2025-10-17 14:50:06,41.6,5100,41.6,E
sz300850,新强联,2025-10-17 14:50:15,41.61,6400,41.66,D
sz300850,新强联,2025-10-17 14:50:18,41.69,4900,41.61,U
sz300850,新强联,2025-10-17 14:50:24,41.69,7500,41.66,U
sz300850,新强联,2025-10-17 14:50:27,41.69,4900,41.69,U
sz300850,新强联,2025-10-17 14:50:30,41.65,9100,41.69,D
sz300850,新强联,2025-10-17 14:50:33,41.69,16700,41.65,E
sz300850,新强联,2025-10-17 14:50:42,41.64,5900,41.68,D
sz300850,新强联,2025-10-17 14:50:48,41.68,4800,41.64,U
sz300850,新强联,2025-10-17 14:51:03,41.68,11000,41.66,U
sz300850,新强联,2025-10-17 14:51:06,41.67,10600,41.68,E
sz300850,新强联,2025-10-17 14:51:15,41.7,5400,41.66,U
sz300850,新强联,2025-10-17 14:51:18,41.71,5100,41.7,E
sz300850,新强联,2025-10-17 14:51:21,41.69,10100,41.71,D
sz300850,新强联,2025-10-17 14:51:30,41.7,8600,41.7,D
sz300850,新强联,2025-10-17 14:51:33,41.69,5300,41.7,E
sz300850,新强联,2025-10-17 14:51:36,41.68,18700,41.69,D
sz300850,新强联,2025-10-17 14:51:54,41.7,4900,41.68,U
sz300850,新强联,2025-10-17 14:51:57,41.7,8900,41.7,U
sz300850,新强联,2025-10-17 14:52:06,41.69,5400,41.66,E
sz300850,新强联,2025-10-17 14:52:24,41.7,12100,41.7,U
sz300850,新强联,2025-10-17 14:52:36,41.7,6700,41.7,U
sz300850,新强联,2025-10-17 14:52:39,41.69,4900,41.7,D
sz300850,新强联,2025-10-17 14:53:00,41.69,9100,41.67,U
sz300850,新强联,2025-10-17 14:53:03,41.69,8600,41.69,D
sz300850,新强联,2025-10-17 14:53:06,41.7,5600,41.69,U
sz300850,新强联,2025-10-17 14:53:09,41.71,17000,41.7,U
sz300850,新强联,2025-10-17 14:53:12,41.7,8000,41.71,D
sz300850,新强联,2025-10-17 14:53:21,41.71,6900,41.7,U
sz300850,新强联,2025-10-17 14:53:30,41.73,6700,41.7,U
sz300850,新强联,2025-10-17 14:54:00,41.8,6000,41.75,U
sz300850,新强联,2025-10-17 14:54:12,41.75,5300,41.75,D
sz300850,新强联,2025-10-17 14:54:15,41.77,9000,41.75,U
sz300850,新强联,2025-10-17 14:54:21,41.74,20930,41.76,D
sz300850,新强联,2025-10-17 14:54:45,41.72,8400,41.72,U
sz300850,新强联,2025-10-17 14:54:54,41.71,12900,41.72,D
sz300850,新强联,2025-10-17 14:54:57,41.7,9000,41.71,D
sz300850,新强联,2025-10-17 14:55:03,41.74,12700,41.71,U
sz300850,新强联,2025-10-17 14:55:06,41.7,14700,41.74,D
sz300850,新强联,2025-10-17 14:55:12,41.72,20500,41.72,U
sz300850,新强联,2025-10-17 14:55:15,41.72,7700,41.72,U
sz300850,新强联,2025-10-17 14:55:42,41.7,5300,41.7,U
sz300850,新强联,2025-10-17 14:55:45,41.7,10200,41.7,U
sz300850,新强联,2025-10-17 14:55:51,41.69,5000,41.7,D
sz300850,新强联,2025-10-17 14:55:54,41.72,7900,41.69,U
sz300850,新强联,2025-10-17 14:55:57,41.69,5100,41.72,D
sz300850,新强联,2025-10-17 14:56:18,41.68,9600,41.7,D
sz300850,新强联,2025-10-17 14:56:21,41.68,7700,41.68,D
sz300850,新强联,2025-10-17 14:56:33,41.65,10200,41.68,D
sz300850,新强联,2025-10-17 14:56:39,41.65,5700,41.67,D
sz300850,新强联,2025-10-17 14:56:51,41.67,5500,41.65,U
sz300850,新强联,2025-10-17 14:56:54,41.61,5100,41.67,D
sz300850,新强联,2025-10-17 15:00:00,41.66,194637,41.6,U
