symbol,name,ticktime,price,volume,prev_price,kind
sz300850,新强联,2025-10-22 09:25:00,45.99,1314200,0.0,D
sz300850,新强联,2025-10-22 09:30:00,45.8,1011400,45.99,D
sz300850,新强联,2025-10-22 09:30:03,45.78,436000,45.8,D
sz300850,新强联,2025-10-22 09:30:06,45.8,141268,45.78,U
sz300850,新强联,2025-10-22 09:30:09,45.46,120432,45.8,D
sz300850,新强联,2025-10-22 09:30:12,45.38,136700,45.46,D
sz300850,新强联,2025-10-22 09:30:15,45.55,84600,45.38,U
sz300850,新强联,2025-10-22 09:30:18,45.5,71400,45.55,D
sz300850,新强联,2025-10-22 09:30:21,45.39,128300,45.5,D
sz300850,新强联,2025-10-22 09:30:24,45.5,95000,45.39,U
sz300850,新强联,2025-10-22 09:30:27,45.6,60700,45.5,U
sz300850,新强联,2025-10-22 09:30:30,45.62,99100,45.6,U
sz300850,新强联,2025-10-22 09:30:33,45.68,73600,45.62,E
sz300850,新强联,2025-10-22 09:30:36,45.69,66500,45.68,E
sz300850,新强联,2025-10-22 09:30:39,45.79,258200,45.69,U
sz300850,新强联,2025-10-22 09:30:42,45.5,182300,45.79,D
sz300850,新强联,2025-10-22 09:30:45,45.5,96600,45.5,U
sz300850,新强联,2025-10-22 09:30:48,45.5,72400,45.5,U
sz300850,新强联,2025-10-22 09:30:51,45.53,113200,45.5,D
sz300850,新强联,2025-10-22 09:30:54,45.57,115200,45.53,U
sz300850,新强联,2025-10-22 09:30:57,45.43,201400,45.57,D
sz300850,新强联,2025-10-22 09:31:00,45.43,107100,45.43,U
sz300850,新强联,2025-10-22 09:31:03,45.38,33800,45.43,D
sz300850,新强联,2025-10-22 09:31:06,45.63,200260,45.38,U
sz300850,新强联,2025-10-22 09:31:09,45.76,44800,45.63,U
sz300850,新强联,2025-10-22 09:31:12,45.86,140300,45.76,U
sz300850,新强联,2025-10-22 09:31:15,45.96,29400,45.86,E
sz300850,新强联,2025-10-22 09:31:18,45.96,94300,45.96,U
sz300850,新强联,2025-10-22 09:31:21,45.95,85400,45.96,E
sz300850,新强联,2025-10-22 09:31:24,45.96,165000,45.95,U
sz300850,新强联,2025-10-22 09:31:27,46.01,100229,45.96,U
sz300850,新强联,2025-10-22 09:31:30,46.18,64300,46.01,U
sz300850,新强联,2025-10-22 09:31:33,46.29,49875,46.18,U
sz300850,新强联,2025-10-22 09:31:36,46.3,42400,46.29,U
sz300850,新强联,2025-10-22 09:31:39,46.14,179225,46.3,D
sz300850,新强联,2025-10-22 09:31:42,46.32,138800,46.14,U
sz300850,新强联,2025-10-22 09:31:45,46.3,148700,46.32,E
sz300850,新强联,2025-10-22 09:31:48,46.3,145800,46.3,U
sz300850,新强联,2025-10-22 09:31:51,46.29,156200,46.3,D
sz300850,新强联,2025-10-22 09:31:54,46.06,124400,46.29,D
sz300850,新强联,2025-10-22 09:31:57,45.99,180100,46.06,D
sz300850,新强联,2025-10-22 09:32:00,45.84,78900,45.99,D
sz300850,新强联,2025-10-22 09:32:03,45.9,76400,45.84,U
sz300850,新强联,2025-10-22 09:32:06,45.9,84900,45.9,U
sz300850,新强联,2025-10-22 09:32:09,45.96,58500,45.9,U
sz300850,新强联,2025-10-22 09:32:12,45.95,94100,45.96,D
sz300850,新强联,2025-10-22 09:32:15,45.96,120400,45.95,E
sz300850,新强联,2025-10-22 09:32:18,45.9,119200,45.96,D
sz300850,新强联,2025-10-22 09:32:21,45.96,71200,45.9,U
sz300850,新强联,2025-10-22 09:32:24,45.9,36000,45.96,E
sz300850,新强联,2025-10-22 09:32:27,45.97,175802,45.9,U
sz300850,新强联,2025-10-22 09:32:30,46.03,57400,45.97,E
sz300850,新强联,2025-10-22 09:32:33,46.14,49600,46.03,U
sz300850,新强联,2025-10-22 09:32:36,46.15,21900,46.14,U
sz300850,新强联,2025-10-22 09:32:39,46.15,83286,46.15,U
sz300850,新强联,2025-10-22 09:32:42,46.19,67700,46.15,U
sz300850,新强联,2025-10-22 09:32:45,46.2,51600,46.19,U
sz300850,新强联,2025-10-22 09:32:48,46.2,95800,46.2,D
sz300850,新强联,2025-10-22 09:32:51,46.21,25300,46.2,U
sz300850,新强联,2025-10-22 09:32:54,46.27,36000,46.21,U
sz300850,新强联,2025-10-22 09:32:57,46.28,55700,46.27,U
sz300850,新强联,2025-10-22 09:33:00,46.27,71800,46.28,D
sz300850,新强联,2025-10-22 09:33:03,46.21,191900,46.27,D
sz300850,新强联,2025-10-22 09:33:06,46.2,153900,46.21,D
sz300850,新强联,2025-10-22 09:33:09,46.21,73800,46.2,U
sz300850,新强联,2025-10-22 09:33:12,46.2,74700,46.21,D
sz300850,新强联,2025-10-22 09:33:15,46.05,166400,46.2,D
sz300850,新强联,2025-10-22 09:33:18,46.15,84600,46.05,U
sz300850,新强联,2025-10-22 09:33:21,46.06,37700,46.15,E
sz300850,新强联,2025-10-22 09:33:24,46.13,40500,46.06,U
sz300850,新强联,2025-10-22 09:33:27,46.06,50700,46.13,D
sz300850,新强联,2025-10-22 09:33:30,46.09,47100,46.06,E
sz300850,新强联,2025-10-22 09:33:33,46.09,87800,46.09,U
sz300850,新强联,2025-10-22 09:33:36,46.1,40900,46.09,D
sz300850,新强联,2025-10-22 09:33:39,46.11,37900,46.1,D
sz300850,新强联,2025-10-22 09:33:42,46.12,28400,46.11,E
sz300850,新强联,2025-10-22 09:33:45,46.18,61192,46.12,U
sz300850,新强联,2025-10-22 09:33:48,46.18,51500,46.18,U
sz300850,新强联,2025-10-22 09:33:51,46.18,32100,46.18,U
sz300850,新强联,2025-10-22 09:33:54,46.19,76300,46.18,D
sz300850,新强联,2025-10-22 09:33:57,46.2,70400,46.19,U
sz300850,新强联,2025-10-22 09:34:00,46.09,136300,46.2,D
sz300850,新强联,2025-10-22 09:34:03,46.05,143298,46.09,E
sz300850,新强联,2025-10-22 09:34:06,45.88,24300,46.05,D
sz300850,新强联,2025-10-22 09:34:09,45.86,33837,45.88,D
sz300850,新强联,2025-10-22 09:34:12,45.97,53300,45.86,E
sz300850,新强联,2025-10-22 09:34:15,46.02,31200,45.97,U
sz300850,新强联,2025-10-22 09:34:18,46.02,40500,46.02,E
sz300850,新强联,2025-10-22 09:34:21,46.15,32800,46.02,U
sz300850,新强联,2025-10-22 09:34:24,46.15,38200,46.15,D
sz300850,新强联,2025-10-22 09:34:27,46.32,214797,46.15,U
sz300850,新强联,2025-10-22 09:34:30,46.36,136000,46.32,U
sz300850,新强联,2025-10-22 09:34:33,46.46,17700,46.36,E
sz300850,新强联,2025-10-22 09:34:36,46.36,65500,46.46,D
sz300850,新强联,2025-10-22 09:34:39,46.38,65700,46.36,E
sz300850,新强联,2025-10-22 09:34:42,46.34,35000,46.38,E
sz300850,新强联,2025-10-22 09:34:45,46.2,115500,46.34,E
sz300850,新强联,2025-10-22 09:34:48,46.19,43100,46.2,D
sz300850,新强联,2025-10-22 09:34:51,46.19,89700,46.19,U
sz300850,新强联,2025-10-22 09:34:54,46.23,62400,46.19,U
sz300850,新强联,2025-10-22 09:34:57,46.19,35300,46.23,E
sz300850,新强联,2025-10-22 09:35:00,46.28,62500,46.19,U
sz300850,新强联,2025-10-22 09:35:03,46.31,33500,46.28,U
sz300850,新强联,2025-10-22 09:35:06,46.41,17700,46.31,U
sz300850,新强联,2025-10-22 09:35:09,46.38,40200,46.41,D
sz300850,新强联,2025-10-22 09:35:12,46.44,25200,46.38,U
sz300850,新强联,2025-10-22 09:35:15,46.5,185200,46.44,U
sz300850,新强联,2025-10-22 09:35:18,46.46,99700,46.5,D
sz300850,新强联,2025-10-22 09:35:21,46.51,88700,46.46,U
sz300850,新强联,2025-10-22 09:35:24,46.63,130000,46.51,U
sz300850,新强联,2025-10-22 09:35:27,46.6,74100,46.63,D
sz300850,新强联,2025-10-22 09:35:30,46.7,53900,46.6,U
sz300850,新强联,2025-10-22 09:35:33,46.7,30700,46.7,U
sz300850,新强联,2025-10-22 09:35:36,46.74,119000,46.7,E
sz300850,新强联,2025-10-22 09:35:39,46.8,138400,46.74,U
sz300850,新强联,2025-10-22 09:35:42,46.8,83700,46.8,U
sz300850,新强联,2025-10-22 09:35:45,46.83,77500,46.8,U
sz300850,新强联,2025-10-22 09:35:48,46.83,97500,46.83,U
sz300850,新强联,2025-10-22 09:35:51,46.88,137600,46.83,U
sz300850,新强联,2025-10-22 09:35:54,46.87,72300,46.88,E
sz300850,新强联,2025-10-22 09:35:57,46.88,106400,46.87,U
sz300850,新强联,2025-10-22 09:36:00,46.91,74800,46.88,U
sz300850,新强联,2025-10-22 09:36:03,46.94,37300,46.91,U
sz300850,新强联,2025-10-22 09:36:06,46.92,83600,46.94,D
sz300850,新强联,2025-10-22 09:36:09,46.92,171900,46.92,D
sz300850,新强联,2025-10-22 09:36:12,46.85,84800,46.92,D
sz300850,新强联,2025-10-22 09:36:15,46.86,93500,46.85,E
sz300850,新强联,2025-10-22 09:36:18,46.8,100900,46.86,D
sz300850,新强联,2025-10-22 09:36:21,46.86,75700,46.8,U
sz300850,新强联,2025-10-22 09:36:24,46.91,23700,46.86,E
sz300850,新强联,2025-10-22 09:36:27,46.86,53000,46.91,D
sz300850,新强联,2025-10-22 09:36:30,46.92,45700,46.86,U
sz300850,新强联,2025-10-22 09:36:33,46.96,69570,46.92,U
sz300850,新强联,2025-10-22 09:36:36,46.98,58100,46.96,U
sz300850,新强联,2025-10-22 09:36:39,46.98,77500,46.98,U
sz300850,新强联,2025-10-22 09:36:42,47.01,321700,46.98,U
sz300850,新强联,2025-10-22 09:36:45,47.09,74900,47.01,U
sz300850,新强联,2025-10-22 09:36:48,47.19,68200,47.09,U
sz300850,新强联,2025-10-22 09:36:51,47.3,49600,47.19,U
sz300850,新强联,2025-10-22 09:36:54,47.35,22700,47.3,U
sz300850,新强联,2025-10-22 09:36:57,47.35,34900,47.35,U
sz300850,新强联,2025-10-22 09:37:00,47.41,197120,47.35,U
sz300850,新强联,2025-10-22 09:37:03,47.48,24000,47.41,U
sz300850,新强联,2025-10-22 09:37:06,47.5,45800,47.48,U
sz300850,新强联,2025-10-22 09:37:09,47.49,213500,47.5,E
sz300850,新强联,2025-10-22 09:37:12,47.5,92800,47.49,U
sz300850,新强联,2025-10-22 09:37:15,47.56,74500,47.5,U
sz300850,新强联,2025-10-22 09:37:18,47.72,218000,47.56,E
sz300850,新强联,2025-10-22 09:37:21,47.72,110200,47.72,U
sz300850,新强联,2025-10-22 09:37:24,47.73,101606,47.72,U
sz300850,新强联,2025-10-22 09:37:27,47.72,130794,47.73,D
sz300850,新强联,2025-10-22 09:37:30,47.72,110700,47.72,U
sz300850,新强联,2025-10-22 09:37:33,47.56,105500,47.72,D
sz300850,新强联,2025-10-22 09:37:36,47.55,97200,47.56,D
sz300850,新强联,2025-10-22 09:37:39,47.53,31500,47.55,E
sz300850,新强联,2025-10-22 09:37:42,47.5,73500,47.53,D
sz300850,新强联,2025-10-22 09:37:45,47.4,75800,47.5,D
sz300850,新强联,2025-10-22 09:37:48,47.4,32200,47.4,D
sz300850,新强联,2025-10-22 09:37:51,47.48,63200,47.4,U
sz300850,新强联,2025-10-22 09:37:54,47.37,59100,47.48,D
sz300850,新强联,2025-10-22 09:37:57,47.2,32400,47.37,D
sz300850,新强联,2025-10-22 09:38:00,47.32,65300,47.2,E
sz300850,新强联,2025-10-22 09:38:03,47.17,40400,47.32,D
sz300850,新强联,2025-10-22 09:38:06,47.32,67800,47.17,U
sz300850,新强联,2025-10-22 09:38:09,47.4,31200,47.32,U
sz300850,新强联,2025-10-22 09:38:12,47.4,45880,47.4,U
sz300850,新强联,2025-10-22 09:38:15,47.43,18400,47.4,U
sz300850,新强联,2025-10-22 09:38:18,47.43,56800,47.43,D
sz300850,新强联,2025-10-22 09:38:21,47.46,38200,47.43,U
sz300850,新强联,2025-10-22 09:38:24,47.43,96900,47.46,D
sz300850,新强联,2025-10-22 09:38:27,47.48,87600,47.43,U
sz300850,新强联,2025-10-22 09:38:30,47.47,66600,47.48,E
sz300850,新强联,2025-10-22 09:38:33,47.54,24950,47.47,U
sz300850,新强联,2025-10-22 09:38:36,47.59,32700,47.54,U
sz300850,新强联,2025-10-22 09:38:39,47.7,73100,47.59,U
sz300850,新强联,2025-10-22 09:38:42,47.75,49000,47.7,U
sz300850,新强联,2025-10-22 09:38:45,47.8,75039,47.75,U
sz300850,新强联,2025-10-22 09:38:48,47.8,94000,47.8,U
sz300850,新强联,2025-10-22 09:38:51,47.85,33600,47.8,U
sz300850,新强联,2025-10-22 09:38:54,47.81,51500,47.85,D
sz300850,新强联,2025-10-22 09:38:57,47.77,234500,47.81,D
sz300850,新强联,2025-10-22 09:39:00,47.69,98600,47.77,D
sz300850,新强联,2025-10-22 09:39:03,47.75,74700,47.69,U
sz300850,新强联,2025-10-22 09:39:06,47.57,54000,47.75,D
sz300850,新强联,2025-10-22 09:39:09,47.38,90100,47.57,D
sz300850,新强联,2025-10-22 09:39:12,47.06,69600,47.38,D
sz300850,新强联,2025-10-22 09:39:15,47.1,65300,47.06,E
sz300850,新强联,2025-10-22 09:39:18,47.01,26800,47.1,D
sz300850,新强联,2025-10-22 09:39:21,47.01,28000,47.01,U
sz300850,新强联,2025-10-22 09:39:24,47.04,34600,47.01,U
sz300850,新强联,2025-10-22 09:39:27,47.04,66900,47.04,D
sz300850,新强联,2025-10-22 09:39:30,47.05,11100,47.04,U
sz300850,新强联,2025-10-22 09:39:33,47.08,39100,47.05,E
sz300850,新强联,2025-10-22 09:39:36,47.08,85300,47.08,D
sz300850,新强联,2025-10-22 09:39:39,47.09,92500,47.08,D
sz300850,新强联,2025-10-22 09:39:42,47.08,45900,47.09,E
sz300850,新强联,2025-10-22 09:39:45,47.06,73800,47.08,D
sz300850,新强联,2025-10-22 09:39:48,47.06,36800,47.06,D
sz300850,新强联,2025-10-22 09:39:51,46.96,44200,47.06,D
sz300850,新强联,2025-10-22 09:39:54,46.9,23130,46.96,D
sz300850,新强联,2025-10-22 09:39:57,46.89,28000,46.9,D
sz300850,新强联,2025-10-22 09:40:00,46.8,27900,46.89,D
sz300850,新强联,2025-10-22 09:40:03,46.75,27600,46.8,D
sz300850,新强联,2025-10-22 09:40:06,46.78,35400,46.75,U
sz300850,新强联,2025-10-22 09:40:09,46.77,31000,46.78,E
sz300850,新强联,2025-10-22 09:40:12,46.69,30600,46.77,D
sz300850,新强联,2025-10-22 09:40:15,46.67,14900,46.69,D
sz300850,新强联,2025-10-22 09:40:18,46.65,39800,46.67,D
sz300850,新强联,2025-10-22 09:40:21,46.58,29000,46.65,D
sz300850,新强联,2025-10-22 09:40:24,46.47,65900,46.58,D
sz300850,新强联,2025-10-22 09:40:27,46.38,27600,46.47,D
sz300850,新强联,2025-10-22 09:40:30,46.38,17600,46.38,D
sz300850,新强联,2025-10-22 09:40:33,46.44,19800,46.38,U
sz300850,新强联,2025-10-22 09:40:36,46.44,16300,46.44,U
sz300850,新强联,2025-10-22 09:40:39,46.43,58400,46.44,D
sz300850,新强联,2025-10-22 09:40:42,46.46,38200,46.43,U
sz300850,新强联,2025-10-22 09:40:45,46.46,16100,46.46,D
sz300850,新强联,2025-10-22 09:40:48,46.49,21900,46.46,U
sz300850,新强联,2025-10-22 09:40:51,46.5,40500,46.49,U
sz300850,新强联,2025-10-22 09:40:54,46.5,33800,46.5,U
sz300850,新强联,2025-10-22 09:40:57,46.53,28500,46.5,U
sz300850,新强联,2025-10-22 09:41:00,46.5,56300,46.53,D
sz300850,新强联,2025-10-22 09:41:03,46.46,123100,46.5,D
sz300850,新强联,2025-10-22 09:41:06,46.55,64641,46.46,U
sz300850,新强联,2025-10-22 09:41:09,46.55,26300,46.55,U
sz300850,新强联,2025-10-22 09:41:12,46.59,28500,46.55,E
sz300850,新强联,2025-10-22 09:41:15,46.54,41800,46.59,D
sz300850,新强联,2025-10-22 09:41:18,46.51,67400,46.54,D
sz300850,新强联,2025-10-22 09:41:21,46.65,38819,46.51,U
sz300850,新强联,2025-10-22 09:41:24,46.63,15800,46.65,D
sz300850,新强联,2025-10-22 09:41:27,46.65,14300,46.63,U
sz300850,新强联,2025-10-22 09:41:30,46.67,11100,46.65,U
sz300850,新强联,2025-10-22 09:41:33,46.68,23800,46.67,U
sz300850,新强联,2025-10-22 09:41:36,46.69,46700,46.68,U
sz300850,新强联,2025-10-22 09:41:39,46.71,10400,46.69,U
sz300850,新强联,2025-10-22 09:41:42,46.73,16900,46.71,U
sz300850,新强联,2025-10-22 09:41:45,46.88,7000,46.73,U
sz300850,新强联,2025-10-22 09:41:48,46.88,26400,46.88,U
sz300850,新强联,2025-10-22 09:41:51,46.91,19600,46.88,U
sz300850,新强联,2025-10-22 09:41:54,46.93,11900,46.91,U
sz300850,新强联,2025-10-22 09:42:00,46.91,101500,46.96,D
sz300850,新强联,2025-10-22 09:42:03,46.81,95500,46.91,D
sz300850,新强联,2025-10-22 09:42:06,46.78,108900,46.81,D
sz300850,新强联,2025-10-22 09:42:09,46.85,41600,46.78,U
sz300850,新强联,2025-10-22 09:42:12,46.63,179200,46.85,D
sz300850,新强联,2025-10-22 09:42:15,46.59,56100,46.63,D
sz300850,新强联,2025-10-22 09:42:18,46.59,56881,46.59,U
sz300850,新强联,2025-10-22 09:42:21,46.59,14400,46.59,D
sz300850,新强联,2025-10-22 09:42:24,46.58,36700,46.59,D
sz300850,新强联,2025-10-22 09:42:27,46.6,77400,46.58,U
sz300850,新强联,2025-10-22 09:42:30,46.55,21800,46.6,E
sz300850,新强联,2025-10-22 09:42:33,46.58,50000,46.55,U
sz300850,新强联,2025-10-22 09:42:36,46.6,33400,46.58,U
sz300850,新强联,2025-10-22 09:42:39,46.63,58200,46.6,U
sz300850,新强联,2025-10-22 09:42:42,46.69,6900,46.63,U
sz300850,新强联,2025-10-22 09:42:45,46.69,36119,46.69,U
sz300850,新强联,2025-10-22 09:42:48,46.71,16200,46.69,E
sz300850,新强联,2025-10-22 09:42:51,46.75,15300,46.71,U
sz300850,新强联,2025-10-22 09:42:54,46.75,13300,46.75,U
sz300850,新强联,2025-10-22 09:42:57,46.78,27892,46.75,U
sz300850,新强联,2025-10-22 09:43:00,46.79,9200,46.78,U
sz300850,新强联,2025-10-22 09:43:03,46.78,14700,46.79,D
sz300850,新强联,2025-10-22 09:43:06,46.75,36000,46.78,D
sz300850,新强联,2025-10-22 09:43:09,46.67,61700,46.75,D
sz300850,新强联,2025-10-22 09:43:12,46.58,25171,46.67,D
sz300850,新强联,2025-10-22 09:43:15,46.55,13829,46.58,D
sz300850,新强联,2025-10-22 09:43:18,46.52,25200,46.55,D
sz300850,新强联,2025-10-22 09:43:21,46.52,21500,46.52,U
sz300850,新强联,2025-10-22 09:43:24,46.52,39200,46.52,U
sz300850,新强联,2025-10-22 09:43:27,46.45,118059,46.52,D
sz300850,新强联,2025-10-22 09:43:30,46.45,28000,46.45,U
sz300850,新强联,2025-10-22 09:43:33,46.42,19700,46.45,E
sz300850,新强联,2025-10-22 09:43:36,46.42,26500,46.42,U
sz300850,新强联,2025-10-22 09:43:39,46.42,36800,46.42,U
sz300850,新强联,2025-10-22 09:43:42,46.42,14200,46.42,U
sz300850,新强联,2025-10-22 09:43:45,46.48,38100,46.42,U
sz300850,新强联,2025-10-22 09:43:48,46.48,17000,46.48,U
sz300850,新强联,2025-10-22 09:43:51,46.5,23400,46.48,U
sz300850,新强联,2025-10-22 09:43:54,46.55,31500,46.5,U
sz300850,新强联,2025-10-22 09:43:57,46.5,12100,46.55,E
sz300850,新强联,2025-10-22 09:44:00,46.57,26000,46.5,U
sz300850,新强联,2025-10-22 09:44:03,46.57,11600,46.57,U
sz300850,新强联,2025-10-22 09:44:06,46.6,14800,46.57,U
sz300850,新强联,2025-10-22 09:44:09,46.57,18600,46.6,D
sz300850,新强联,2025-10-22 09:44:12,46.61,26400,46.57,U
sz300850,新强联,2025-10-22 09:44:15,46.59,22900,46.61,D
sz300850,新强联,2025-10-22 09:44:18,46.68,10000,46.59,U
sz300850,新强联,2025-10-22 09:44:21,46.66,12000,46.68,D
sz300850,新强联,2025-10-22 09:44:24,46.72,6500,46.66,U
sz300850,新强联,2025-10-22 09:44:27,46.72,11400,46.72,D
sz300850,新强联,2025-10-22 09:44:30,46.7,30800,46.72,E
sz300850,新强联,2025-10-22 09:44:33,46.73,21100,46.7,U
sz300850,新强联,2025-10-22 09:44:36,46.72,13200,46.73,D
sz300850,新强联,2025-10-22 09:44:39,46.75,22266,46.72,E
sz300850,新强联,2025-10-22 09:44:42,46.8,10600,46.75,U
sz300850,新强联,2025-10-22 09:44:45,46.86,5700,46.8,U
sz300850,新强联,2025-10-22 09:44:48,46.87,10100,46.86,U
sz300850,新强联,2025-10-22 09:44:51,46.92,21100,46.87,U
sz300850,新强联,2025-10-22 09:44:54,46.91,25800,46.92,D
sz300850,新强联,2025-10-22 09:44:57,46.94,19900,46.91,U
sz300850,新强联,2025-10-22 09:45:00,46.94,8700,46.94,D
sz300850,新强联,2025-10-22 09:45:03,46.95,7600,46.94,D
sz300850,新强联,2025-10-22 09:45:06,46.96,67000,46.95,E
sz300850,新强联,2025-10-22 09:45:09,47.26,95207,46.96,U
sz300850,新强联,2025-10-22 09:45:12,47.37,36000,47.26,U
sz300850,新强联,2025-10-22 09:45:15,47.55,81600,47.37,U
sz300850,新强联,2025-10-22 09:45:18,47.6,64400,47.55,U
sz300850,新强联,2025-10-22 09:45:21,47.55,73000,47.6,E
sz300850,新强联,2025-10-22 09:45:24,47.43,75200,47.55,D
sz300850,新强联,2025-10-22 09:45:27,47.59,94400,47.43,U
sz300850,新强联,2025-10-22 09:45:30,47.68,102500,47.59,U
sz300850,新强联,2025-10-22 09:45:33,47.75,40400,47.68,E
sz300850,新强联,2025-10-22 09:45:36,47.71,50700,47.75,D
sz300850,新强联,2025-10-22 09:45:39,47.74,62000,47.71,U
sz300850,新强联,2025-10-22 09:45:42,47.75,71400,47.74,U
sz300850,新强联,2025-10-22 09:45:45,47.76,49500,47.75,E
sz300850,新强联,2025-10-22 09:45:48,47.73,61400,47.76,D
sz300850,新强联,2025-10-22 09:45:51,47.67,22400,47.73,D
sz300850,新强联,2025-10-22 09:45:54,47.73,23800,47.67,U
sz300850,新强联,2025-10-22 09:45:57,47.75,43100,47.73,U
sz300850,新强联,2025-10-22 09:46:00,47.67,18000,47.75,D
sz300850,新强联,2025-10-22 09:46:03,47.62,32600,47.67,D
sz300850,新强联,2025-10-22 09:46:06,47.68,77300,47.62,U
sz300850,新强联,2025-10-22 09:46:09,47.42,30700,47.68,D
sz300850,新强联,2025-10-22 09:46:12,47.51,8900,47.42,E
sz300850,新强联,2025-10-22 09:46:15,47.45,17800,47.51,D
sz300850,新强联,2025-10-22 09:46:18,47.45,29600,47.45,U
sz300850,新强联,2025-10-22 09:46:21,47.42,30300,47.45,D
sz300850,新强联,2025-10-22 09:46:24,47.4,26100,47.42,E
sz300850,新强联,2025-10-22 09:46:27,47.4,40100,47.4,U
sz300850,新强联,2025-10-22 09:46:30,47.42,94600,47.4,U
sz300850,新强联,2025-10-22 09:46:33,47.52,56800,47.42,U
sz300850,新强联,2025-10-22 09:46:36,47.54,12000,47.52,U
sz300850,新强联,2025-10-22 09:46:39,47.62,15000,47.54,U
sz300850,新强联,2025-10-22 09:46:42,47.65,9900,47.62,U
sz300850,新强联,2025-10-22 09:46:45,47.63,18200,47.65,D
sz300850,新强联,2025-10-22 09:46:48,47.64,18500,47.63,E
sz300850,新强联,2025-10-22 09:46:51,47.65,45300,47.64,U
sz300850,新强联,2025-10-22 09:46:54,47.64,40900,47.65,U
sz300850,新强联,2025-10-22 09:46:57,47.63,36200,47.64,D
sz300850,新强联,2025-10-22 09:47:00,47.65,31100,47.63,U
sz300850,新强联,2025-10-22 09:47:03,47.69,37200,47.65,U
sz300850,新强联,2025-10-22 09:47:06,47.72,54355,47.69,U
sz300850,新强联,2025-10-22 09:47:09,47.74,256095,47.72,U
sz300850,新强联,2025-10-22 09:47:12,47.85,82200,47.74,U
sz300850,新强联,2025-10-22 09:47:15,47.86,41500,47.85,U
sz300850,新强联,2025-10-22 09:47:18,47.85,43900,47.86,E
sz300850,新强联,2025-10-22 09:47:21,47.9,135079,47.85,U
sz300850,新强联,2025-10-22 09:47:24,48.01,424300,47.9,U
sz300850,新强联,2025-10-22 09:47:27,48.12,45287,48.01,U
sz300850,新强联,2025-10-22 09:47:30,48.26,53845,48.12,U
sz300850,新强联,2025-10-22 09:47:33,48.3,17600,48.26,U
sz300850,新强联,2025-10-22 09:47:36,48.35,32600,48.3,U
sz300850,新强联,2025-10-22 09:47:39,48.39,39700,48.35,U
sz300850,新强联,2025-10-22 09:47:42,48.44,31300,48.39,U
sz300850,新强联,2025-10-22 09:47:45,48.46,36600,48.44,U
sz300850,新强联,2025-10-22 09:47:48,48.48,73600,48.46,U
sz300850,新强联,2025-10-22 09:47:51,48.5,137100,48.48,U
sz300850,新强联,2025-10-22 09:47:54,48.52,43110,48.5,U
sz300850,新强联,2025-10-22 09:47:57,48.53,40545,48.52,U
sz300850,新强联,2025-10-22 09:48:00,48.59,35802,48.53,U
sz300850,新强联,2025-10-22 09:48:03,48.59,75100,48.59,U
sz300850,新强联,2025-10-22 09:48:06,48.63,64700,48.59,U
sz300850,新强联,2025-10-22 09:48:09,48.68,34600,48.63,U
sz300850,新强联,2025-10-22 09:48:12,48.59,69100,48.68,D
sz300850,新强联,2025-10-22 09:48:15,48.56,83453,48.59,E
sz300850,新强联,2025-10-22 09:48:18,48.58,28000,48.56,U
sz300850,新强联,2025-10-22 09:48:21,48.56,60200,48.58,D
sz300850,新强联,2025-10-22 09:48:24,48.58,82017,48.56,U
sz300850,新强联,2025-10-22 09:48:27,48.55,62600,48.58,D
sz300850,新强联,2025-10-22 09:48:30,48.59,46600,48.55,U
sz300850,新强联,2025-10-22 09:48:33,48.56,29400,48.59,D
sz300850,新强联,2025-10-22 09:48:36,48.55,26200,48.56,D
sz300850,新强联,2025-10-22 09:48:39,48.55,28983,48.55,U
sz300850,新强联,2025-10-22 09:48:42,48.55,53200,48.55,U
sz300850,新强联,2025-10-22 09:48:45,48.55,27600,48.55,D
sz300850,新强联,2025-10-22 09:48:48,48.56,39600,48.55,U
sz300850,新强联,2025-10-22 09:48:51,48.54,21900,48.56,E
sz300850,新强联,2025-10-22 09:48:54,48.55,16600,48.54,U
sz300850,新强联,2025-10-22 09:48:57,48.55,43900,48.55,U
sz300850,新强联,2025-10-22 09:49:00,48.52,13800,48.55,D
sz300850,新强联,2025-10-22 09:49:03,48.5,18300,48.52,E
sz300850,新强联,2025-10-22 09:49:06,48.48,18500,48.5,E
sz300850,新强联,2025-10-22 09:49:09,48.39,21000,48.48,D
sz300850,新强联,2025-10-22 09:49:12,48.4,8300,48.39,E
sz300850,新强联,2025-10-22 09:49:15,48.39,20600,48.4,E
sz300850,新强联,2025-10-22 09:49:18,48.31,17300,48.39,D
sz300850,新强联,2025-10-22 09:49:21,48.31,19300,48.31,D
sz300850,新强联,2025-10-22 09:49:24,48.3,30400,48.31,D
sz300850,新强联,2025-10-22 09:49:27,48.28,9600,48.3,E
sz300850,新强联,2025-10-22 09:49:30,48.3,22200,48.28,U
sz300850,新强联,2025-10-22 09:49:33,48.16,26200,48.3,D
sz300850,新强联,2025-10-22 09:49:36,48.28,30300,48.16,U
sz300850,新强联,2025-10-22 09:49:39,48.28,62231,48.28,D
sz300850,新强联,2025-10-22 09:49:42,48.3,12000,48.28,U
sz300850,新强联,2025-10-22 09:49:45,48.28,33000,48.3,D
sz300850,新强联,2025-10-22 09:49:48,48.28,21500,48.28,U
sz300850,新强联,2025-10-22 09:49:51,48.21,11000,48.28,D
sz300850,新强联,2025-10-22 09:49:54,48.2,34700,48.21,D
sz300850,新强联,2025-10-22 09:49:57,48.2,20800,48.2,D
sz300850,新强联,2025-10-22 09:50:00,48.21,22900,48.2,U
sz300850,新强联,2025-10-22 09:50:03,48.27,11100,48.21,E
sz300850,新强联,2025-10-22 09:50:06,48.18,17000,48.27,D
sz300850,新强联,2025-10-22 09:50:09,48.21,15600,48.18,U
sz300850,新强联,2025-10-22 09:50:12,48.2,12900,48.21,D
sz300850,新强联,2025-10-22 09:50:15,48.28,39300,48.2,U
sz300850,新强联,2025-10-22 09:50:18,48.28,9700,48.28,D
sz300850,新强联,2025-10-22 09:50:21,48.32,10500,48.28,U
sz300850,新强联,2025-10-22 09:50:24,48.3,11100,48.32,D
sz300850,新强联,2025-10-22 09:50:27,48.37,12900,48.3,U
sz300850,新强联,2025-10-22 09:50:30,48.38,15700,48.37,U
sz300850,新强联,2025-10-22 09:50:33,48.38,85500,48.38,D
sz300850,新强联,2025-10-22 09:50:36,48.39,33300,48.38,E
sz300850,新强联,2025-10-22 09:50:39,48.36,32600,48.39,E
sz300850,新强联,2025-10-22 09:50:42,48.2,96000,48.36,D
sz300850,新强联,2025-10-22 09:50:45,48.19,19500,48.2,U
sz300850,新强联,2025-10-22 09:50:48,48.2,21700,48.19,U
sz300850,新强联,2025-10-22 09:50:54,48.03,16200,48.09,D
sz300850,新强联,2025-10-22 09:50:57,48.02,5600,48.03,D
sz300850,新强联,2025-10-22 09:51:00,48.0,7800,48.02,D
sz300850,新强联,2025-10-22 09:51:03,48.02,13700,48.0,U
sz300850,新强联,2025-10-22 09:51:06,48.0,16300,48.02,D
sz300850,新强联,2025-10-22 09:51:09,48.01,13400,48.0,U
sz300850,新强联,2025-10-22 09:51:15,47.9,11500,47.93,D
sz300850,新强联,2025-10-22 09:51:18,47.86,17000,47.9,D
sz300850,新强联,2025-10-22 09:51:21,47.81,20300,47.86,D
sz300850,新强联,2025-10-22 09:51:24,47.87,15600,47.81,U
sz300850,新强联,2025-10-22 09:51:27,48.25,117500,47.87,U
sz300850,新强联,2025-10-22 09:51:30,48.65,242514,48.25,U
sz300850,新强联,2025-10-22 09:51:33,48.81,271671,48.65,U
sz300850,新强联,2025-10-22 09:51:36,48.9,21500,48.81,U
sz300850,新强联,2025-10-22 09:51:39,48.9,42100,48.9,U
sz300850,新强联,2025-10-22 09:51:42,48.95,13800,48.9,U
sz300850,新强联,2025-10-22 09:51:45,48.96,20300,48.95,U
sz300850,新强联,2025-10-22 09:51:48,48.98,32900,48.96,U
sz300850,新强联,2025-10-22 09:51:51,48.96,37572,48.98,D
sz300850,新强联,2025-10-22 09:51:54,48.98,72300,48.96,U
sz300850,新强联,2025-10-22 09:51:57,49.0,47300,48.98,U
sz300850,新强联,2025-10-22 09:52:00,49.0,78200,49.0,U
sz300850,新强联,2025-10-22 09:52:03,49.0,56400,49.0,U
sz300850,新强联,2025-10-22 09:52:06,48.98,122028,49.0,D
sz300850,新强联,2025-10-22 09:52:09,48.95,49900,48.98,D
sz300850,新强联,2025-10-22 09:52:12,48.95,38400,48.95,U
sz300850,新强联,2025-10-22 09:52:15,48.94,36300,48.95,E
sz300850,新强联,2025-10-22 09:52:18,48.88,50100,48.94,E
sz300850,新强联,2025-10-22 09:52:21,48.71,20000,48.88,D
sz300850,新强联,2025-10-22 09:52:24,48.93,21800,48.71,U
sz300850,新强联,2025-10-22 09:52:27,48.55,8500,48.93,E
sz300850,新强联,2025-10-22 09:52:30,48.62,9700,48.55,U
sz300850,新强联,2025-10-22 09:52:33,48.71,25800,48.62,U
sz300850,新强联,2025-10-22 09:52:36,48.66,5200,48.71,D
sz300850,新强联,2025-10-22 09:52:39,48.88,8100,48.66,U
sz300850,新强联,2025-10-22 09:52:42,48.71,10300,48.88,D
sz300850,新强联,2025-10-22 09:52:45,48.73,13000,48.71,U
sz300850,新强联,2025-10-22 09:52:48,48.84,9700,48.73,U
sz300850,新强联,2025-10-22 09:52:51,48.88,17100,48.84,U
sz300850,新强联,2025-10-22 09:52:54,48.88,36500,48.88,D
sz300850,新强联,2025-10-22 09:52:57,48.92,18400,48.88,U
sz300850,新强联,2025-10-22 09:53:00,48.99,26200,48.92,U
sz300850,新强联,2025-10-22 09:53:03,48.98,15700,48.99,U
sz300850,新强联,2025-10-22 09:53:06,49.0,30000,48.98,U
sz300850,新强联,2025-10-22 09:53:09,49.0,97700,49.0,U
sz300850,新强联,2025-10-22 09:53:12,49.0,131872,49.0,U
sz300850,新强联,2025-10-22 09:53:15,49.06,36700,49.0,U
sz300850,新强联,2025-10-22 09:53:18,49.1,25100,49.06,U
sz300850,新强联,2025-10-22 09:53:21,49.09,19900,49.1,D
sz300850,新强联,2025-10-22 09:53:24,49.11,44400,49.09,U
sz300850,新强联,2025-10-22 09:53:27,49.19,24300,49.11,E
sz300850,新强联,2025-10-22 09:53:30,49.47,82300,49.19,U
sz300850,新强联,2025-10-22 09:53:33,49.28,22400,49.47,E
sz300850,新强联,2025-10-22 09:53:36,49.44,54258,49.28,U
sz300850,新强联,2025-10-22 09:53:39,49.32,12600,49.44,D
sz300850,新强联,2025-10-22 09:53:42,49.44,33100,49.32,U
sz300850,新强联,2025-10-22 09:53:45,49.33,74500,49.44,D
sz300850,新强联,2025-10-22 09:53:48,49.32,83000,49.33,D
sz300850,新强联,2025-10-22 09:53:51,49.39,50100,49.32,U
sz300850,新强联,2025-10-22 09:53:54,49.32,25400,49.39,E
sz300850,新强联,2025-10-22 09:53:57,49.33,44000,49.32,U
sz300850,新强联,2025-10-22 09:54:00,49.25,47600,49.33,D
sz300850,新强联,2025-10-22 09:54:03,49.32,25800,49.25,U
sz300850,新强联,2025-10-22 09:54:06,49.33,18000,49.32,E
sz300850,新强联,2025-10-22 09:54:09,49.38,26100,49.33,E
sz300850,新强联,2025-10-22 09:54:12,49.38,30300,49.38,U
sz300850,新强联,2025-10-22 09:54:15,49.43,24700,49.38,E
sz300850,新强联,2025-10-22 09:54:18,49.43,29700,49.43,U
sz300850,新强联,2025-10-22 09:54:21,49.39,31400,49.43,D
sz300850,新强联,2025-10-22 09:54:24,49.43,41100,49.39,U
sz300850,新强联,2025-10-22 09:54:27,49.32,37100,49.43,D
sz300850,新强联,2025-10-22 09:54:30,49.39,19000,49.32,U
sz300850,新强联,2025-10-22 09:54:33,49.39,27500,49.39,D
sz300850,新强联,2025-10-22 09:54:36,49.43,27700,49.39,U
sz300850,新强联,2025-10-22 09:54:39,49.3,26500,49.43,D
sz300850,新强联,2025-10-22 09:54:42,49.26,26200,49.3,D
sz300850,新强联,2025-10-22 09:54:45,49.26,20000,49.26,U
sz300850,新强联,2025-10-22 09:54:48,49.25,10900,49.26,E
sz300850,新强联,2025-10-22 09:54:51,49.25,18500,49.25,U
sz300850,新强联,2025-10-22 09:54:54,49.25,38500,49.25,U
sz300850,新强联,2025-10-22 09:54:57,49.26,20500,49.25,U
sz300850,新强联,2025-10-22 09:55:00,49.25,25500,49.26,D
sz300850,新强联,2025-10-22 09:55:03,49.25,21900,49.25,U
sz300850,新强联,2025-10-22 09:55:06,49.2,16600,49.25,D
sz300850,新强联,2025-10-22 09:55:09,49.22,28200,49.2,U
sz300850,新强联,2025-10-22 09:55:12,49.2,10400,49.22,U
sz300850,新强联,2025-10-22 09:55:15,49.16,68000,49.2,D
sz300850,新强联,2025-10-22 09:55:18,49.32,21500,49.16,U
sz300850,新强联,2025-10-22 09:55:21,49.25,24300,49.32,D
sz300850,新强联,2025-10-22 09:55:24,49.32,14200,49.25,E
sz300850,新强联,2025-10-22 09:55:30,49.18,24100,49.23,D
sz300850,新强联,2025-10-22 09:55:33,49.16,14400,49.18,D
sz300850,新强联,2025-10-22 09:55:36,49.18,22100,49.16,U
sz300850,新强联,2025-10-22 09:55:39,49.18,15715,49.18,U
sz300850,新强联,2025-10-22 09:55:42,49.16,14500,49.18,D
sz300850,新强联,2025-10-22 09:55:45,49.15,8100,49.16,D
sz300850,新强联,2025-10-22 09:55:48,49.16,12700,49.15,U
sz300850,新强联,2025-10-22 09:55:51,49.12,9700,49.16,D
sz300850,新强联,2025-10-22 09:55:54,49.13,25485,49.12,U
sz300850,新强联,2025-10-22 09:55:57,49.01,6300,49.13,D
sz300850,新强联,2025-10-22 09:56:00,49.0,19800,49.01,D
sz300850,新强联,2025-10-22 09:56:03,49.0,16400,49.0,D
sz300850,新强联,2025-10-22 09:56:06,49.01,19800,49.0,U
sz300850,新强联,2025-10-22 09:56:09,49.01,13900,49.01,U
sz300850,新强联,2025-10-22 09:56:12,49.0,15300,49.01,D
sz300850,新强联,2025-10-22 09:56:15,49.0,14500,49.0,U
sz300850,新强联,2025-10-22 09:56:18,48.94,9600,49.0,D
sz300850,新强联,2025-10-22 09:56:21,48.96,27800,48.94,U
sz300850,新强联,2025-10-22 09:56:24,48.89,20600,48.96,D
sz300850,新强联,2025-10-22 09:56:27,48.98,5600,48.89,U
sz300850,新强联,2025-10-22 09:56:30,48.94,11100,48.98,D
sz300850,新强联,2025-10-22 09:56:33,48.96,8000,48.94,U
sz300850,新强联,2025-10-22 09:56:36,48.9,39800,48.96,D
sz300850,新强联,2025-10-22 09:56:39,49.29,176653,48.9,U
sz300850,新强联,2025-10-22 09:56:42,49.5,132157,49.29,U
sz300850,新强联,2025-10-22 09:56:45,49.49,75358,49.5,D
sz300850,新强联,2025-10-22 09:56:48,49.57,21700,49.49,U
sz300850,新强联,2025-10-22 09:56:51,49.57,33400,49.57,U
sz300850,新强联,2025-10-22 09:56:54,49.59,26100,49.57,U
sz300850,新强联,2025-10-22 09:56:57,49.57,31200,49.59,D
sz300850,新强联,2025-10-22 09:57:00,49.59,20900,49.57,E
sz300850,新强联,2025-10-22 09:57:03,49.58,14100,49.59,D
sz300850,新强联,2025-10-22 09:57:06,49.56,16400,49.58,E
sz300850,新强联,2025-10-22 09:57:09,49.32,16700,49.56,D
sz300850,新强联,2025-10-22 09:57:12,49.28,7500,49.32,E
sz300850,新强联,2025-10-22 09:57:15,49.2,11600,49.28,E
sz300850,新强联,2025-10-22 09:57:18,49.2,12100,49.2,U
sz300850,新强联,2025-10-22 09:57:21,49.2,17300,49.2,D
sz300850,新强联,2025-10-22 09:57:24,49.03,11200,49.2,D
sz300850,新强联,2025-10-22 09:57:27,49.17,10200,49.03,E
sz300850,新强联,2025-10-22 09:57:30,49.2,7900,49.17,U
sz300850,新强联,2025-10-22 09:57:33,48.98,17600,49.2,D
sz300850,新强联,2025-10-22 09:57:39,49.02,16200,49.04,D
sz300850,新强联,2025-10-22 09:57:42,49.04,12100,49.02,U
sz300850,新强联,2025-10-22 09:57:45,49.02,17300,49.04,D
sz300850,新强联,2025-10-22 09:57:48,49.02,9500,49.02,U
sz300850,新强联,2025-10-22 09:57:51,49.04,16600,49.02,U
sz300850,新强联,2025-10-22 09:57:54,49.04,7600,49.04,U
sz300850,新强联,2025-10-22 09:57:57,49.03,8300,49.04,D
sz300850,新强联,2025-10-22 09:58:00,49.03,15600,49.03,U
sz300850,新强联,2025-10-22 09:58:03,49.02,19400,49.03,D
sz300850,新强联,2025-10-22 09:58:06,49.02,10200,49.02,U
sz300850,新强联,2025-10-22 09:58:09,49.01,12900,49.02,E
sz300850,新强联,2025-10-22 09:58:12,48.96,8000,49.01,D
sz300850,新强联,2025-10-22 09:58:15,48.94,7600,48.96,D
sz300850,新强联,2025-10-22 09:58:18,48.96,7200,48.94,U
sz300850,新强联,2025-10-22 09:58:21,48.96,13500,48.96,U
sz300850,新强联,2025-10-22 09:58:24,49.0,55300,48.96,U
sz300850,新强联,2025-10-22 09:58:27,48.96,11700,49.0,D
sz300850,新强联,2025-10-22 09:58:30,49.2,17585,48.96,U
sz300850,新强联,2025-10-22 09:58:33,49.02,7000,49.2,E
sz300850,新强联,2025-10-22 09:58:36,49.2,10300,49.02,U
sz300850,新强联,2025-10-22 09:58:39,49.03,4400,49.2,D
sz300850,新强联,2025-10-22 09:58:45,49.11,5900,49.05,U
sz300850,新强联,2025-10-22 09:58:51,49.05,5100,49.13,D
sz300850,新强联,2025-10-22 09:58:54,49.13,5300,49.05,U
sz300850,新强联,2025-10-22 09:59:00,49.02,7800,49.06,D
sz300850,新强联,2025-10-22 09:59:03,49.02,7500,49.02,D
sz300850,新强联,2025-10-22 09:59:09,49.0,26300,49.0,D
sz300850,新强联,2025-10-22 09:59:12,49.0,9900,49.0,D
sz300850,新强联,2025-10-22 09:59:15,49.0,9041,49.0,U
sz300850,新强联,2025-10-22 09:59:18,49.0,8159,49.0,U
sz300850,新强联,2025-10-22 09:59:24,49.0,58441,48.97,U
sz300850,新强联,2025-10-22 09:59:27,49.0,11100,49.0,D
sz300850,新强联,2025-10-22 09:59:30,49.02,12200,49.0,U
sz300850,新强联,2025-10-22 09:59:36,48.97,5000,48.97,U
sz300850,新强联,2025-10-22 09:59:39,48.98,7100,48.97,E
sz300850,新强联,2025-10-22 09:59:42,48.95,8059,48.98,D
sz300850,新强联,2025-10-22 09:59:48,48.86,28800,48.92,D
sz300850,新强联,2025-10-22 09:59:51,48.86,6500,48.86,D
sz300850,新强联,2025-10-22 09:59:54,48.83,14400,48.86,D
sz300850,新强联,2025-10-22 09:59:57,48.8,5500,48.83,D
sz300850,新强联,2025-10-22 10:00:00,48.72,8100,48.8,D
sz300850,新强联,2025-10-22 10:00:03,48.78,5500,48.72,U
sz300850,新强联,2025-10-22 10:00:06,48.6,11500,48.78,D
sz300850,新强联,2025-10-22 10:00:09,48.62,16500,48.6,U
sz300850,新强联,2025-10-22 10:00:12,48.51,5800,48.62,D
sz300850,新强联,2025-10-22 10:00:15,48.5,18000,48.51,D
sz300850,新强联,2025-10-22 10:00:18,48.48,9500,48.5,D
sz300850,新强联,2025-10-22 10:00:21,48.45,7000,48.48,D
sz300850,新强联,2025-10-22 10:00:24,48.4,19100,48.45,D
sz300850,新强联,2025-10-22 10:00:27,48.4,9800,48.4,D
sz300850,新强联,2025-10-22 10:00:30,48.33,14300,48.4,D
sz300850,新强联,2025-10-22 10:00:33,48.35,9100,48.33,U
sz300850,新强联,2025-10-22 10:00:36,48.2,8000,48.35,D
sz300850,新强联,2025-10-22 10:00:39,48.19,14400,48.2,D
sz300850,新强联,2025-10-22 10:00:42,48.15,9400,48.19,D
sz300850,新强联,2025-10-22 10:00:45,48.15,7800,48.15,U
sz300850,新强联,2025-10-22 10:00:48,48.09,24800,48.15,D
sz300850,新强联,2025-10-22 10:00:51,48.0,52500,48.09,D
sz300850,新强联,2025-10-22 10:00:54,48.18,23600,48.0,U
sz300850,新强联,2025-10-22 10:00:57,48.05,23300,48.18,D
sz300850,新强联,2025-10-22 10:01:00,48.1,20900,48.05,U
sz300850,新强联,2025-10-22 10:01:03,48.17,15700,48.1,U
sz300850,新强联,2025-10-22 10:01:06,48.12,10700,48.17,E
sz300850,新强联,2025-10-22 10:01:09,48.33,8700,48.12,U
sz300850,新强联,2025-10-22 10:01:12,48.21,7000,48.33,D
sz300850,新强联,2025-10-22 10:01:15,48.29,6300,48.21,E
sz300850,新强联,2025-10-22 10:01:21,48.4,12000,48.29,U
sz300850,新强联,2025-10-22 10:01:24,48.33,7500,48.4,E
sz300850,新强联,2025-10-22 10:01:27,48.29,8100,48.33,D
sz300850,新强联,2025-10-22 10:01:30,48.29,24100,48.29,U
sz300850,新强联,2025-10-22 10:01:33,48.27,15200,48.29,D
sz300850,新强联,2025-10-22 10:01:36,48.26,12400,48.27,D
sz300850,新强联,2025-10-22 10:01:39,48.18,16500,48.26,D
sz300850,新强联,2025-10-22 10:01:42,48.23,10000,48.18,U
sz300850,新强联,2025-10-22 10:01:45,48.18,10300,48.23,D
sz300850,新强联,2025-10-22 10:01:48,48.17,11200,48.18,E
sz300850,新强联,2025-10-22 10:01:51,48.18,10200,48.17,U
sz300850,新强联,2025-10-22 10:01:54,48.14,21200,48.18,E
sz300850,新强联,2025-10-22 10:01:57,48.11,22600,48.14,D
sz300850,新强联,2025-10-22 10:02:00,48.12,15700,48.11,D
sz300850,新强联,2025-10-22 10:02:03,48.16,6500,48.12,U
sz300850,新强联,2025-10-22 10:02:06,48.27,70700,48.16,U
sz300850,新强联,2025-10-22 10:02:09,48.14,10600,48.27,E
sz300850,新强联,2025-10-22 10:02:12,48.27,8800,48.14,U
sz300850,新强联,2025-10-22 10:02:15,48.27,14700,48.27,U
sz300850,新强联,2025-10-22 10:02:18,48.27,9500,48.27,U
sz300850,新强联,2025-10-22 10:02:21,48.26,4300,48.27,D
sz300850,新强联,2025-10-22 10:02:24,48.27,21600,48.26,U
sz300850,新强联,2025-10-22 10:02:27,48.23,4600,48.27,D
sz300850,新强联,2025-10-22 10:02:33,48.27,7900,48.27,U
sz300850,新强联,2025-10-22 10:02:36,48.27,11200,48.27,U
sz300850,新强联,2025-10-22 10:02:39,48.24,15000,48.27,D
sz300850,新强联,2025-10-22 10:02:42,48.23,16900,48.24,D
sz300850,新强联,2025-10-22 10:02:45,48.23,6000,48.23,D
sz300850,新强联,2025-10-22 10:02:48,48.24,19100,48.23,U
sz300850,新强联,2025-10-22 10:02:51,48.23,5600,48.24,D
sz300850,新强联,2025-10-22 10:02:54,48.27,5100,48.23,U
sz300850,新强联,2025-10-22 10:03:03,48.25,8800,48.26,D
sz300850,新强联,2025-10-22 10:03:06,48.23,12500,48.25,D
sz300850,新强联,2025-10-22 10:03:09,48.23,5500,48.23,D
sz300850,新强联,2025-10-22 10:03:12,48.26,12000,48.23,U
sz300850,新强联,2025-10-22 10:03:15,48.27,6400,48.26,U
sz300850,新强联,2025-10-22 10:03:18,48.27,5700,48.27,U
sz300850,新强联,2025-10-22 10:03:21,48.24,12900,48.27,D
sz300850,新强联,2025-10-22 10:03:24,48.24,10000,48.24,D
sz300850,新强联,2025-10-22 10:03:27,48.26,8700,48.24,U
sz300850,新强联,2025-10-22 10:03:30,48.3,13600,48.26,U
sz300850,新强联,2025-10-22 10:03:36,48.33,6200,48.3,U
sz300850,新强联,2025-10-22 10:03:45,48.39,8400,48.34,U
sz300850,新强联,2025-10-22 10:03:54,48.4,6900,48.4,U
sz300850,新强联,2025-10-22 10:04:00,48.44,5300,48.42,U
sz300850,新强联,2025-10-22 10:04:06,48.48,12200,48.44,U
sz300850,新强联,2025-10-22 10:04:09,48.78,28179,48.48,U
sz300850,新强联,2025-10-22 10:04:12,48.81,37100,48.78,U
sz300850,新强联,2025-10-22 10:04:15,48.98,11200,48.81,U
sz300850,新强联,2025-10-22 10:04:18,49.15,73300,48.98,U
sz300850,新强联,2025-10-22 10:04:21,49.21,21900,49.15,U
sz300850,新强联,2025-10-22 10:04:24,49.27,22500,49.21,U
sz300850,新强联,2025-10-22 10:04:27,49.04,36100,49.27,D
sz300850,新强联,2025-10-22 10:04:30,49.0,10400,49.04,D
sz300850,新强联,2025-10-22 10:04:33,49.04,22800,49.0,E
sz300850,新强联,2025-10-22 10:04:36,49.0,29500,49.04,D
sz300850,新强联,2025-10-22 10:04:39,49.12,13000,49.0,U
sz300850,新强联,2025-10-22 10:04:42,49.0,4950,49.12,D
sz300850,新强联,2025-10-22 10:04:45,49.12,15541,49.0,U
sz300850,新强联,2025-10-22 10:04:48,49.01,4659,49.12,D
sz300850,新强联,2025-10-22 10:04:51,49.11,5600,49.01,E
sz300850,新强联,2025-10-22 10:04:54,49.0,17800,49.11,D
sz300850,新强联,2025-10-22 10:04:57,48.99,11700,49.0,D
sz300850,新强联,2025-10-22 10:05:00,49.0,4250,48.99,E
sz300850,新强联,2025-10-22 10:05:03,49.0,11700,49.0,U
sz300850,新强联,2025-10-22 10:05:09,48.95,6400,49.0,D
sz300850,新强联,2025-10-22 10:05:12,48.95,32400,48.95,D
sz300850,新强联,2025-10-22 10:05:15,49.0,18300,48.95,U
sz300850,新强联,2025-10-22 10:05:18,49.0,6500,49.0,D
sz300850,新强联,2025-10-22 10:05:21,49.01,31000,49.0,U
sz300850,新强联,2025-10-22 10:05:24,49.0,5400,49.01,D
sz300850,新强联,2025-10-22 10:05:27,49.01,17000,49.0,U
sz300850,新强联,2025-10-22 10:05:30,49.0,9800,49.01,D
sz300850,新强联,2025-10-22 10:05:33,48.95,6100,49.0,D
sz300850,新强联,2025-10-22 10:05:42,48.84,11300,48.84,D
sz300850,新强联,2025-10-22 10:05:45,48.93,12900,48.84,U
sz300850,新强联,2025-10-22 10:05:48,48.84,13900,48.93,D
sz300850,新强联,2025-10-22 10:05:51,48.95,10274,48.84,E
sz300850,新强联,2025-10-22 10:05:54,48.84,20500,48.95,D
sz300850,新强联,2025-10-22 10:05:57,49.19,62491,48.84,U
sz300850,新强联,2025-10-22 10:06:00,49.3,63500,49.19,U
sz300850,新强联,2025-10-22 10:06:03,49.3,37400,49.3,U
sz300850,新强联,2025-10-22 10:06:09,49.27,6200,49.3,D
sz300850,新强联,2025-10-22 10:06:15,49.1,6100,49.27,D
sz300850,新强联,2025-10-22 10:06:18,49.1,25300,49.1,D
sz300850,新强联,2025-10-22 10:06:21,49.1,8400,49.1,D
sz300850,新强联,2025-10-22 10:06:24,49.1,20900,49.1,D
sz300850,新强联,2025-10-22 10:06:27,49.1,14600,49.1,D
sz300850,新强联,2025-10-22 10:06:30,49.11,8300,49.1,U
sz300850,新强联,2025-10-22 10:06:33,49.1,14200,49.11,D
sz300850,新强联,2025-10-22 10:06:36,49.1,20850,49.1,D
sz300850,新强联,2025-10-22 10:06:42,49.0,23300,49.07,D
sz300850,新强联,2025-10-22 10:06:45,49.11,10000,49.0,U
sz300850,新强联,2025-10-22 10:06:48,49.08,15600,49.11,E
sz300850,新强联,2025-10-22 10:06:51,49.08,12600,49.08,D
sz300850,新强联,2025-10-22 10:06:57,49.03,7900,49.08,D
sz300850,新强联,2025-10-22 10:07:03,49.16,45650,49.02,U
sz300850,新强联,2025-10-22 10:07:06,49.18,81400,49.16,U
sz300850,新强联,2025-10-22 10:07:09,49.19,22900,49.18,E
sz300850,新强联,2025-10-22 10:07:12,49.18,16500,49.19,D
sz300850,新强联,2025-10-22 10:07:18,49.23,5600,49.2,U
sz300850,新强联,2025-10-22 10:07:24,49.1,15800,49.18,E
sz300850,新强联,2025-10-22 10:07:33,49.1,13400,49.1,U
sz300850,新强联,2025-10-22 10:07:39,49.05,5400,49.08,D
sz300850,新强联,2025-10-22 10:07:54,49.05,4200,49.04,E
sz300850,新强联,2025-10-22 10:07:57,49.04,6100,49.05,D
sz300850,新强联,2025-10-22 10:08:00,49.03,4500,49.04,U
sz300850,新强联,2025-10-22 10:08:06,49.03,7400,49.02,D
sz300850,新强联,2025-10-22 10:08:12,48.96,12800,49.03,D
sz300850,新强联,2025-10-22 10:08:15,49.0,11300,48.96,U
sz300850,新强联,2025-10-22 10:08:21,49.0,5700,49.0,U
sz300850,新强联,2025-10-22 10:08:30,48.94,4100,48.95,D
sz300850,新强联,2025-10-22 10:08:33,48.94,7100,48.94,D
sz300850,新强联,2025-10-22 10:08:36,48.94,13200,48.94,D
sz300850,新强联,2025-10-22 10:08:39,48.94,55700,48.94,D
sz300850,新强联,2025-10-22 10:08:42,48.94,19000,48.94,E
sz300850,新强联,2025-10-22 10:08:45,48.93,12900,48.94,E
sz300850,新强联,2025-10-22 10:08:48,48.92,8200,48.93,D
sz300850,新强联,2025-10-22 10:08:54,48.85,4800,48.9,D
sz300850,新强联,2025-10-22 10:09:12,48.6,8500,48.77,D
sz300850,新强联,2025-10-22 10:09:21,48.59,10000,48.52,U
sz300850,新强联,2025-10-22 10:09:24,48.5,5600,48.59,D
sz300850,新强联,2025-10-22 10:09:27,48.45,4300,48.5,D
sz300850,新强联,2025-10-22 10:09:36,48.45,4500,48.44,U
sz300850,新强联,2025-10-22 10:09:42,48.41,5600,48.41,U
sz300850,新强联,2025-10-22 10:09:48,48.41,4500,48.4,E
sz300850,新强联,2025-10-22 10:09:54,48.39,5000,48.4,D
sz300850,新强联,2025-10-22 10:09:57,48.42,11300,48.39,U
sz300850,新强联,2025-10-22 10:10:00,48.36,14100,48.42,D
sz300850,新强联,2025-10-22 10:10:03,48.38,6200,48.36,U
sz300850,新强联,2025-10-22 10:10:06,48.36,4600,48.38,D
sz300850,新强联,2025-10-22 10:10:09,48.38,7900,48.36,U
sz300850,新强联,2025-10-22 10:10:12,48.38,15700,48.38,U
sz300850,新强联,2025-10-22 10:10:21,48.4,4800,48.4,U
sz300850,新强联,2025-10-22 10:10:27,48.4,10500,48.4,U
sz300850,新强联,2025-10-22 10:10:36,48.39,15400,48.41,D
sz300850,新强联,2025-10-22 10:10:39,48.37,12500,48.39,D
sz300850,新强联,2025-10-22 10:10:42,48.35,25400,48.37,D
sz300850,新强联,2025-10-22 10:10:45,48.33,13800,48.35,D
sz300850,新强联,2025-10-22 10:10:57,48.29,13000,48.33,D
sz300850,新强联,2025-10-22 10:11:00,48.29,4300,48.29,U
sz300850,新强联,2025-10-22 10:11:03,48.27,4700,48.29,D
sz300850,新强联,2025-10-22 10:11:06,48.25,5474,48.27,D
sz300850,新强联,2025-10-22 10:11:12,48.27,13800,48.26,U
sz300850,新强联,2025-10-22 10:11:15,48.26,8800,48.27,D
sz300850,新强联,2025-10-22 10:11:18,48.26,13500,48.26,U
sz300850,新强联,2025-10-22 10:11:21,48.27,12200,48.26,U
sz300850,新强联,2025-10-22 10:11:24,48.26,7500,48.27,D
sz300850,新强联,2025-10-22 10:11:30,48.33,14400,48.27,U
sz300850,新强联,2025-10-22 10:11:42,48.29,4600,48.29,D
sz300850,新强联,2025-10-22 10:11:45,48.29,7700,48.29,U
sz300850,新强联,2025-10-22 10:11:48,48.28,9700,48.29,D
sz300850,新强联,2025-10-22 10:11:51,48.28,6600,48.28,U
sz300850,新强联,2025-10-22 10:11:54,48.28,9400,48.28,D
sz300850,新强联,2025-10-22 10:11:57,48.28,7600,48.28,U
sz300850,新强联,2025-10-22 10:12:00,48.28,11800,48.28,U
sz300850,新强联,2025-10-22 10:12:03,48.27,5900,48.28,D
sz300850,新强联,2025-10-22 10:12:06,48.26,4700,48.27,D
sz300850,新强联,2025-10-22 10:12:09,48.25,23226,48.26,D
sz300850,新强联,2025-10-22 10:12:12,48.25,6600,48.25,U
sz300850,新强联,2025-10-22 10:12:15,48.2,5000,48.25,D
sz300850,新强联,2025-10-22 10:12:21,48.2,6800,48.21,D
sz300850,新强联,2025-10-22 10:12:33,48.24,9100,48.23,U
sz300850,新强联,2025-10-22 10:12:42,48.24,6500,48.24,D
sz300850,新强联,2025-10-22 10:12:45,48.29,5500,48.24,U
sz300850,新强联,2025-10-22 10:12:48,48.28,8800,48.29,D
sz300850,新强联,2025-10-22 10:12:57,48.4,4800,48.29,U
sz300850,新强联,2025-10-22 10:13:00,48.4,6000,48.4,U
sz300850,新强联,2025-10-22 10:13:06,48.41,5500,48.4,U
sz300850,新强联,2025-10-22 10:13:09,48.4,8500,48.41,D
sz300850,新强联,2025-10-22 10:13:15,48.4,6200,48.4,U
sz300850,新强联,2025-10-22 10:13:21,48.4,5200,48.4,D
sz300850,新强联,2025-10-22 10:13:24,48.4,12500,48.4,D
sz300850,新强联,2025-10-22 10:13:27,48.41,6400,48.4,E
sz300850,新强联,2025-10-22 10:13:30,48.41,4800,48.41,D
sz300850,新强联,2025-10-22 10:13:36,48.44,10000,48.43,U
sz300850,新强联,2025-10-22 10:13:45,48.45,7800,48.45,D
sz300850,新强联,2025-10-22 10:13:51,48.47,8000,48.5,D
sz300850,新强联,2025-10-22 10:13:57,48.52,4900,48.48,U
sz300850,新强联,2025-10-22 10:14:00,48.5,6900,48.52,D
sz300850,新强联,2025-10-22 10:14:03,48.48,5600,48.5,D
sz300850,新强联,2025-10-22 10:14:06,48.5,8600,48.48,U
sz300850,新强联,2025-10-22 10:14:12,48.59,27100,48.5,U
sz300850,新强联,2025-10-22 10:14:15,48.53,34100,48.59,E
sz300850,新强联,2025-10-22 10:14:18,48.6,4800,48.53,E
sz300850,新强联,2025-10-22 10:14:21,48.83,7600,48.6,E
sz300850,新强联,2025-10-22 10:14:24,48.82,9800,48.83,U
sz300850,新强联,2025-10-22 10:14:39,48.78,4800,48.79,U
sz300850,新强联,2025-10-22 10:14:48,48.8,4600,48.79,U
sz300850,新强联,2025-10-22 10:14:51,48.65,15300,48.8,D
sz300850,新强联,2025-10-22 10:14:54,48.65,6900,48.65,D
sz300850,新强联,2025-10-22 10:15:00,48.65,7800,48.65,D
sz300850,新强联,2025-10-22 10:15:12,48.68,6300,48.69,E
sz300850,新强联,2025-10-22 10:15:15,48.79,49800,48.68,U
sz300850,新强联,2025-10-22 10:15:18,48.94,11370,48.79,U
sz300850,新强联,2025-10-22 10:15:24,48.95,6500,48.94,U
sz300850,新强联,2025-10-22 10:15:33,48.88,4700,48.88,U
sz300850,新强联,2025-10-22 10:15:36,48.88,5400,48.88,U
sz300850,新强联,2025-10-22 10:15:39,48.88,8500,48.88,U
sz300850,新强联,2025-10-22 10:15:42,48.88,6600,48.88,U
sz300850,新强联,2025-10-22 10:15:45,48.82,33800,48.88,D
sz300850,新强联,2025-10-22 10:15:48,48.88,17000,48.82,D
sz300850,新强联,2025-10-22 10:15:51,48.88,5500,48.88,D
sz300850,新强联,2025-10-22 10:15:57,48.96,9400,48.88,U
sz300850,新强联,2025-10-22 10:16:00,48.89,14700,48.96,D
sz300850,新强联,2025-10-22 10:16:09,48.88,16400,48.88,D
sz300850,新强联,2025-10-22 10:16:12,48.88,4500,48.88,U
sz300850,新强联,2025-10-22 10:16:15,48.9,11000,48.88,U
sz300850,新强联,2025-10-22 10:16:18,48.91,8900,48.9,U
sz300850,新强联,2025-10-22 10:16:30,48.86,5500,48.88,E
sz300850,新强联,2025-10-22 10:16:36,48.8,7800,48.8,D
sz300850,新强联,2025-10-22 10:16:39,48.8,16900,48.8,D
sz300850,新强联,2025-10-22 10:17:00,48.75,28700,48.7,U
sz300850,新强联,2025-10-22 10:17:03,48.72,53900,48.75,D
sz300850,新强联,2025-10-22 10:17:06,48.7,11200,48.72,D
sz300850,新强联,2025-10-22 10:17:12,48.7,7200,48.73,D
sz300850,新强联,2025-10-22 10:17:15,48.71,10200,48.7,U
sz300850,新强联,2025-10-22 10:17:21,48.7,5700,48.73,D
sz300850,新强联,2025-10-22 10:17:36,48.67,6400,48.67,D
sz300850,新强联,2025-10-22 10:17:39,48.69,19500,48.67,U
sz300850,新强联,2025-10-22 10:17:54,48.69,4900,48.66,U
sz300850,新强联,2025-10-22 10:17:57,48.75,24496,48.69,U
sz300850,新强联,2025-10-22 10:18:00,48.66,70000,48.75,D
sz300850,新强联,2025-10-22 10:18:06,48.84,6700,48.69,E
sz300850,新强联,2025-10-22 10:18:18,48.71,4200,48.8,E
sz300850,新强联,2025-10-22 10:18:27,48.83,11300,48.71,U
sz300850,新强联,2025-10-22 10:18:30,48.78,10000,48.83,D
sz300850,新强联,2025-10-22 10:18:48,48.75,5300,48.75,U
sz300850,新强联,2025-10-22 10:19:00,48.7,12200,48.74,D
sz300850,新强联,2025-10-22 10:19:03,48.66,12600,48.7,D
sz300850,新强联,2025-10-22 10:19:06,48.62,38500,48.66,D
sz300850,新强联,2025-10-22 10:19:09,48.62,11400,48.62,D
sz300850,新强联,2025-10-22 10:19:15,48.62,11700,48.62,D
sz300850,新强联,2025-10-22 10:19:18,48.61,6200,48.62,D
sz300850,新强联,2025-10-22 10:19:21,48.6,4700,48.61,D
sz300850,新强联,2025-10-22 10:19:39,48.5,4800,48.52,D
sz300850,新强联,2025-10-22 10:19:45,48.47,15700,48.5,D
sz300850,新强联,2025-10-22 10:19:48,48.47,26700,48.47,D
sz300850,新强联,2025-10-22 10:19:51,48.47,13300,48.47,D
sz300850,新强联,2025-10-22 10:19:54,48.48,9700,48.47,E
sz300850,新强联,2025-10-22 10:19:57,48.46,6200,48.48,D
sz300850,新强联,2025-10-22 10:20:06,48.41,4500,48.43,D
sz300850,新强联,2025-10-22 10:20:18,48.42,8100,48.43,E
sz300850,新强联,2025-10-22 10:20:21,48.4,4600,48.42,D
sz300850,新强联,2025-10-22 10:20:24,48.4,4900,48.4,D
sz300850,新强联,2025-10-22 10:20:33,48.41,5600,48.43,D
sz300850,新强联,2025-10-22 10:20:36,48.4,6800,48.41,D
sz300850,新强联,2025-10-22 10:20:42,48.4,6500,48.4,D
sz300850,新强联,2025-10-22 10:20:45,48.36,19300,48.4,D
sz300850,新强联,2025-10-22 10:20:54,48.3,7900,48.3,D
sz300850,新强联,2025-10-22 10:21:15,48.3,6000,48.29,U
sz300850,新强联,2025-10-22 10:21:21,48.3,7500,48.3,D
sz300850,新强联,2025-10-22 10:21:24,48.27,11200,48.3,D
sz300850,新强联,2025-10-22 10:21:33,48.25,13600,48.27,D
sz300850,新强联,2025-10-22 10:21:36,48.27,9600,48.25,U
sz300850,新强联,2025-10-22 10:21:42,48.27,11200,48.25,U
sz300850,新强联,2025-10-22 10:21:45,48.24,7000,48.27,D
sz300850,新强联,2025-10-22 10:21:48,48.27,5200,48.24,U
sz300850,新强联,2025-10-22 10:21:51,48.27,4500,48.27,U
sz300850,新强联,2025-10-22 10:22:00,48.28,9800,48.28,U
sz300850,新强联,2025-10-22 10:22:06,48.28,6100,48.3,D
sz300850,新强联,2025-10-22 10:22:21,48.43,26400,48.32,U
sz300850,新强联,2025-10-22 10:22:36,48.43,9900,48.43,D
sz300850,新强联,2025-10-22 10:22:42,48.43,8500,48.43,U
sz300850,新强联,2025-10-22 10:22:48,48.5,7100,48.43,U
sz300850,新强联,2025-10-22 10:22:54,48.55,7800,48.44,U
sz300850,新强联,2025-10-22 10:23:21,48.5,5200,48.5,D
sz300850,新强联,2025-10-22 10:23:24,48.47,4700,48.5,D
sz300850,新强联,2025-10-22 10:23:33,48.62,14100,48.47,U
sz300850,新强联,2025-10-22 10:23:36,48.62,6500,48.62,D
sz300850,新强联,2025-10-22 10:23:39,48.62,7800,48.62,D
sz300850,新强联,2025-10-22 10:23:42,48.64,5400,48.62,U
sz300850,新强联,2025-10-22 10:23:48,48.62,6900,48.64,D
sz300850,新强联,2025-10-22 10:23:51,48.65,8200,48.62,U
sz300850,新强联,2025-10-22 10:24:00,48.67,4200,48.65,D
sz300850,新强联,2025-10-22 10:24:06,48.69,6400,48.68,U
sz300850,新强联,2025-10-22 10:24:12,48.77,51400,48.7,U
sz300850,新强联,2025-10-22 10:24:15,48.74,6700,48.77,D
sz300850,新强联,2025-10-22 10:24:30,48.93,6900,48.82,U
sz300850,新强联,2025-10-22 10:24:33,48.93,17200,48.93,U
sz300850,新强联,2025-10-22 10:24:36,48.93,6800,48.93,U
sz300850,新强联,2025-10-22 10:24:42,48.92,4400,48.93,E
sz300850,新强联,2025-10-22 10:24:45,48.99,136800,48.92,U
sz300850,新强联,2025-10-22 10:24:48,49.09,6200,48.99,U
sz300850,新强联,2025-10-22 10:24:51,49.09,4400,49.09,E
sz300850,新强联,2025-10-22 10:24:57,49.11,19217,49.1,U
sz300850,新强联,2025-10-22 10:25:00,49.16,13200,49.11,U
sz300850,新强联,2025-10-22 10:25:03,49.16,10300,49.16,U
sz300850,新强联,2025-10-22 10:25:06,49.16,11400,49.16,U
sz300850,新强联,2025-10-22 10:25:09,49.18,4400,49.16,U
sz300850,新强联,2025-10-22 10:25:15,49.17,17200,49.16,U
sz300850,新强联,2025-10-22 10:25:18,49.18,11100,49.17,U
sz300850,新强联,2025-10-22 10:25:24,49.11,7300,49.17,D
sz300850,新强联,2025-10-22 10:25:27,49.11,6200,49.11,D
sz300850,新强联,2025-10-22 10:25:30,49.11,7400,49.11,D
sz300850,新强联,2025-10-22 10:25:39,49.1,12200,49.08,U
sz300850,新强联,2025-10-22 10:25:42,49.04,5700,49.1,D
sz300850,新强联,2025-10-22 10:25:45,49.1,9800,49.04,U
sz300850,新强联,2025-10-22 10:25:48,49.09,4700,49.1,E
sz300850,新强联,2025-10-22 10:25:51,49.11,7400,49.09,U
sz300850,新强联,2025-10-22 10:25:54,49.11,6500,49.11,U
sz300850,新强联,2025-10-22 10:26:00,49.17,36800,49.09,U
sz300850,新强联,2025-10-22 10:26:03,49.11,23000,49.17,D
sz300850,新强联,2025-10-22 10:26:06,49.11,4500,49.11,D
sz300850,新强联,2025-10-22 10:26:09,49.2,54600,49.11,U
sz300850,新强联,2025-10-22 10:26:12,49.19,16700,49.2,D
sz300850,新强联,2025-10-22 10:26:18,49.27,10400,49.24,U
sz300850,新强联,2025-10-22 10:26:24,49.29,15100,49.28,U
sz300850,新强联,2025-10-22 10:26:27,49.29,6700,49.29,U
sz300850,新强联,2025-10-22 10:26:30,49.3,12300,49.29,U
sz300850,新强联,2025-10-22 10:26:33,49.3,15200,49.3,U
sz300850,新强联,2025-10-22 10:26:36,49.3,19600,49.3,U
sz300850,新强联,2025-10-22 10:26:39,49.33,10200,49.3,U
sz300850,新强联,2025-10-22 10:26:42,49.33,10200,49.33,U
sz300850,新强联,2025-10-22 10:26:45,49.4,20500,49.33,U
sz300850,新强联,2025-10-22 10:26:51,49.42,13800,49.4,U
sz300850,新强联,2025-10-22 10:26:54,49.43,9900,49.42,U
sz300850,新强联,2025-10-22 10:26:57,49.43,15600,49.43,U
sz300850,新强联,2025-10-22 10:27:00,49.43,12300,49.43,D
sz300850,新强联,2025-10-22 10:27:03,49.44,26200,49.43,U
sz300850,新强联,2025-10-22 10:27:06,49.36,8700,49.44,D
sz300850,新强联,2025-10-22 10:27:09,49.33,13500,49.36,D
sz300850,新强联,2025-10-22 10:27:15,49.36,12200,49.36,U
sz300850,新强联,2025-10-22 10:27:18,49.36,20500,49.36,D
sz300850,新强联,2025-10-22 10:27:21,49.4,13500,49.36,U
sz300850,新强联,2025-10-22 10:27:24,49.36,11300,49.4,D
sz300850,新强联,2025-10-22 10:27:27,49.36,7000,49.36,U
sz300850,新强联,2025-10-22 10:27:33,49.39,9200,49.36,E
sz300850,新强联,2025-10-22 10:27:36,49.36,6400,49.39,D
sz300850,新强联,2025-10-22 10:27:39,49.36,6700,49.36,D
sz300850,新强联,2025-10-22 10:27:42,49.35,7000,49.36,D
sz300850,新强联,2025-10-22 10:27:45,49.35,6500,49.35,U
sz300850,新强联,2025-10-22 10:27:48,49.3,7500,49.35,D
sz300850,新强联,2025-10-22 10:27:51,49.34,13500,49.3,U
sz300850,新强联,2025-10-22 10:27:54,49.29,6800,49.34,D
sz300850,新强联,2025-10-22 10:27:57,49.3,12500,49.29,U
sz300850,新强联,2025-10-22 10:28:00,49.29,11700,49.3,E
sz300850,新强联,2025-10-22 10:28:03,49.3,18300,49.29,U
sz300850,新强联,2025-10-22 10:28:15,49.19,7500,49.19,U
sz300850,新强联,2025-10-22 10:28:18,49.11,5700,49.19,D
sz300850,新强联,2025-10-22 10:28:21,49.12,17500,49.11,U
sz300850,新强联,2025-10-22 10:28:24,49.11,7000,49.12,D
sz300850,新强联,2025-10-22 10:28:27,49.1,4900,49.11,D
sz300850,新强联,2025-10-22 10:28:30,49.06,10200,49.1,D
sz300850,新强联,2025-10-22 10:28:42,49.11,31600,49.08,U
sz300850,新强联,2025-10-22 10:28:45,49.11,4200,49.11,D
sz300850,新强联,2025-10-22 10:28:48,49.12,4900,49.11,E
sz300850,新强联,2025-10-22 10:28:51,49.1,4400,49.12,D
sz300850,新强联,2025-10-22 10:28:54,49.11,6900,49.1,U
sz300850,新强联,2025-10-22 10:29:00,49.14,13100,49.1,U
sz300850,新强联,2025-10-22 10:29:03,49.11,5600,49.14,U
sz300850,新强联,2025-10-22 10:29:12,49.15,4800,49.14,U
sz300850,新强联,2025-10-22 10:29:18,49.18,15900,49.18,D
sz300850,新强联,2025-10-22 10:29:21,49.2,24500,49.18,U
sz300850,新强联,2025-10-22 10:29:27,49.2,13600,49.2,D
sz300850,新强联,2025-10-22 10:29:30,49.28,4700,49.2,U
sz300850,新强联,2025-10-22 10:29:39,49.25,16300,49.28,D
sz300850,新强联,2025-10-22 10:29:42,49.27,4100,49.25,U
sz300850,新强联,2025-10-22 10:29:45,49.24,4400,49.27,E
sz300850,新强联,2025-10-22 10:29:48,49.27,7600,49.24,U
sz300850,新强联,2025-10-22 10:29:57,49.28,12500,49.28,U
sz300850,新强联,2025-10-22 10:30:00,49.27,6800,49.28,U
sz300850,新强联,2025-10-22 10:30:03,49.26,7000,49.27,D
sz300850,新强联,2025-10-22 10:30:06,49.27,4900,49.26,U
sz300850,新强联,2025-10-22 10:30:09,49.28,7300,49.27,U
sz300850,新强联,2025-10-22 10:30:12,49.28,7100,49.28,U
sz300850,新强联,2025-10-22 10:30:15,49.29,5000,49.28,U
sz300850,新强联,2025-10-22 10:30:18,49.28,4400,49.29,D
sz300850,新强联,2025-10-22 10:30:21,49.29,4500,49.28,U
sz300850,新强联,2025-10-22 10:30:24,49.3,13700,49.29,U
sz300850,新强联,2025-10-22 10:30:27,49.27,8100,49.3,D
sz300850,新强联,2025-10-22 10:30:30,49.3,26400,49.27,U
sz300850,新强联,2025-10-22 10:30:33,49.3,9700,49.3,D
sz300850,新强联,2025-10-22 10:30:36,49.28,6200,49.3,D
sz300850,新强联,2025-10-22 10:30:42,49.26,8700,49.27,D
sz300850,新强联,2025-10-22 10:30:54,49.29,13500,49.29,D
sz300850,新强联,2025-10-22 10:30:57,49.3,6700,49.29,U
sz300850,新强联,2025-10-22 10:31:00,49.31,10200,49.3,U
sz300850,新强联,2025-10-22 10:31:03,49.33,7100,49.31,U
sz300850,新强联,2025-10-22 10:31:09,49.36,7400,49.35,U
sz300850,新强联,2025-10-22 10:31:15,49.35,5400,49.36,D
sz300850,新强联,2025-10-22 10:31:21,49.37,13000,49.35,U
sz300850,新强联,2025-10-22 10:31:27,49.36,9700,49.39,D
sz300850,新强联,2025-10-22 10:31:39,49.38,16800,49.38,D
sz300850,新强联,2025-10-22 10:31:48,49.37,19300,49.39,D
sz300850,新强联,2025-10-22 10:31:51,49.34,11100,49.37,D
sz300850,新强联,2025-10-22 10:31:54,49.3,12600,49.34,D
sz300850,新强联,2025-10-22 10:32:03,49.27,5700,49.26,U
sz300850,新强联,2025-10-22 10:32:06,49.26,7600,49.27,D
sz300850,新强联,2025-10-22 10:32:12,49.26,4800,49.27,D
sz300850,新强联,2025-10-22 10:32:15,49.2,4400,49.26,D
sz300850,新强联,2025-10-22 10:32:18,49.18,7900,49.2,D
sz300850,新强联,2025-10-22 10:32:21,49.18,8500,49.18,D
sz300850,新强联,2025-10-22 10:32:24,49.18,10100,49.18,D
sz300850,新强联,2025-10-22 10:32:30,49.08,8000,49.1,D
sz300850,新强联,2025-10-22 10:32:45,49.0,17000,49.01,D
sz300850,新强联,2025-10-22 10:32:48,49.0,5300,49.0,D
sz300850,新强联,2025-10-22 10:33:06,48.95,5800,48.91,U
sz300850,新强联,2025-10-22 10:33:09,48.95,26600,48.95,D
sz300850,新强联,2025-10-22 10:33:15,48.99,4300,48.99,D
sz300850,新强联,2025-10-22 10:33:18,48.99,6800,48.99,D
sz300850,新强联,2025-10-22 10:33:21,49.03,9700,48.99,U
sz300850,新强联,2025-10-22 10:33:33,49.03,4200,49.06,D
sz300850,新强联,2025-10-22 10:33:36,49.17,5400,49.03,U
sz300850,新强联,2025-10-22 10:33:48,49.25,13500,49.18,U
sz300850,新强联,2025-10-22 10:33:51,49.29,6900,49.25,U
sz300850,新强联,2025-10-22 10:33:57,49.3,4700,49.29,U
sz300850,新强联,2025-10-22 10:34:00,49.3,18300,49.3,U
sz300850,新强联,2025-10-22 10:34:03,49.3,11400,49.3,U
sz300850,新强联,2025-10-22 10:34:06,49.3,7100,49.3,U
sz300850,新强联,2025-10-22 10:34:12,49.29,8700,49.3,D
sz300850,新强联,2025-10-22 10:34:15,49.31,5000,49.29,E
sz300850,新强联,2025-10-22 10:34:18,49.34,10500,49.31,U
sz300850,新强联,2025-10-22 10:34:24,49.34,10000,49.3,U
sz300850,新强联,2025-10-22 10:34:30,49.34,6300,49.34,D
sz300850,新强联,2025-10-22 10:34:36,49.29,8500,49.3,D
sz300850,新强联,2025-10-22 10:34:39,49.29,21200,49.29,D
sz300850,新强联,2025-10-22 10:35:09,49.06,4800,49.1,D
sz300850,新强联,2025-10-22 10:35:12,49.09,5000,49.06,U
sz300850,新强联,2025-10-22 10:35:48,49.01,15800,49.01,U
sz300850,新强联,2025-10-22 10:36:09,49.0,6100,48.99,U
sz300850,新强联,2025-10-22 10:36:18,48.96,26900,48.99,D
sz300850,新强联,2025-10-22 10:36:42,48.9,4900,48.91,D
sz300850,新强联,2025-10-22 10:36:45,48.88,4800,48.9,D
sz300850,新强联,2025-10-22 10:36:48,48.9,5900,48.88,U
sz300850,新强联,2025-10-22 10:36:51,48.88,6300,48.9,D
sz300850,新强联,2025-10-22 10:37:15,48.82,5800,48.82,U
sz300850,新强联,2025-10-22 10:37:18,48.82,7500,48.82,U
sz300850,新强联,2025-10-22 10:37:24,48.8,8400,48.8,U
sz300850,新强联,2025-10-22 10:37:30,48.78,7700,48.79,D
sz300850,新强联,2025-10-22 10:37:48,48.78,10400,48.79,D
sz300850,新强联,2025-10-22 10:38:09,48.7,4200,48.7,U
sz300850,新强联,2025-10-22 10:38:15,48.7,9500,48.71,D
sz300850,新强联,2025-10-22 10:38:24,48.71,7400,48.7,U
sz300850,新强联,2025-10-22 10:38:27,48.7,6700,48.71,D
sz300850,新强联,2025-10-22 10:38:30,48.71,11800,48.7,U
sz300850,新强联,2025-10-22 10:38:57,48.67,5000,48.68,D
sz300850,新强联,2025-10-22 10:39:03,48.66,5700,48.68,D
sz300850,新强联,2025-10-22 10:39:15,48.71,7900,48.69,U
sz300850,新强联,2025-10-22 10:39:24,48.72,4400,48.75,D
sz300850,新强联,2025-10-22 10:39:36,48.66,10900,48.69,D
sz300850,新强联,2025-10-22 10:39:57,48.6,9300,48.61,D
sz300850,新强联,2025-10-22 10:40:00,48.6,5700,48.6,D
sz300850,新强联,2025-10-22 10:40:21,48.52,5900,48.52,U
sz300850,新强联,2025-10-22 10:40:24,48.5,13800,48.52,D
sz300850,新强联,2025-10-22 10:40:39,48.52,5200,48.51,U
sz300850,新强联,2025-10-22 10:40:42,48.52,6100,48.52,D
sz300850,新强联,2025-10-22 10:41:06,48.53,7100,48.53,D
sz300850,新强联,2025-10-22 10:41:27,48.55,12900,48.56,D
sz300850,新强联,2025-10-22 10:41:30,48.56,6400,48.55,U
sz300850,新强联,2025-10-22 10:41:36,48.53,6800,48.56,D
sz300850,新强联,2025-10-22 10:41:39,48.57,6400,48.53,U
sz300850,新强联,2025-10-22 10:41:48,48.54,6400,48.55,D
sz300850,新强联,2025-10-22 10:41:51,48.52,10300,48.54,D
sz300850,新强联,2025-10-22 10:41:54,48.51,6200,48.52,D
sz300850,新强联,2025-10-22 10:41:57,48.5,4500,48.51,D
sz300850,新强联,2025-10-22 10:42:00,48.52,4600,48.5,U
sz300850,新强联,2025-10-22 10:42:03,48.5,6100,48.52,D
sz300850,新强联,2025-10-22 10:42:09,48.5,7800,48.5,U
sz300850,新强联,2025-10-22 10:42:18,48.48,4200,48.5,U
sz300850,新强联,2025-10-22 10:42:33,48.5,6000,48.5,U
sz300850,新强联,2025-10-22 10:42:39,48.5,4500,48.5,D
sz300850,新强联,2025-10-22 10:42:57,48.52,4700,48.54,D
sz300850,新强联,2025-10-22 10:43:00,48.53,8200,48.52,U
sz300850,新强联,2025-10-22 10:43:12,48.53,4700,48.53,U
sz300850,新强联,2025-10-22 10:43:21,48.53,6700,48.54,D
sz300850,新强联,2025-10-22 10:43:24,48.55,5600,48.53,U
sz300850,新强联,2025-10-22 10:43:36,48.54,8300,48.58,D
sz300850,新强联,2025-10-22 10:43:42,48.54,4500,48.54,U
sz300850,新强联,2025-10-22 10:44:00,48.57,8200,48.55,U
sz300850,新强联,2025-10-22 10:44:03,48.55,14200,48.57,D
sz300850,新强联,2025-10-22 10:44:06,48.53,4800,48.55,D
sz300850,新强联,2025-10-22 10:44:09,48.52,7300,48.53,D
sz300850,新强联,2025-10-22 10:44:12,48.53,6000,48.52,E
sz300850,新强联,2025-10-22 10:44:15,48.52,14600,48.53,U
sz300850,新强联,2025-10-22 10:44:18,48.5,15900,48.52,D
sz300850,新强联,2025-10-22 10:44:21,48.51,4500,48.5,U
sz300850,新强联,2025-10-22 10:44:24,48.49,12800,48.51,D
sz300850,新强联,2025-10-22 10:44:27,48.51,14700,48.49,E
sz300850,新强联,2025-10-22 10:44:33,48.48,8700,48.51,D
sz300850,新强联,2025-10-22 10:44:57,48.4,8200,48.43,D
sz300850,新强联,2025-10-22 10:45:06,48.38,8700,48.4,D
sz300850,新强联,2025-10-22 10:45:18,48.37,9300,48.37,U
sz300850,新强联,2025-10-22 10:45:21,48.38,7800,48.37,U
sz300850,新强联,2025-10-22 10:45:24,48.36,4500,48.38,D
sz300850,新强联,2025-10-22 10:45:27,48.4,4200,48.36,U
sz300850,新强联,2025-10-22 10:45:42,48.36,11800,48.38,D
sz300850,新强联,2025-10-22 10:45:48,48.37,9100,48.38,D
sz300850,新强联,2025-10-22 10:45:51,48.38,4800,48.37,U
sz300850,新强联,2025-10-22 10:45:57,48.37,12100,48.38,D
sz300850,新强联,2025-10-22 10:46:00,48.42,6276,48.37,U
sz300850,新强联,2025-10-22 10:46:03,48.42,4800,48.42,D
sz300850,新强联,2025-10-22 10:46:09,48.36,5100,48.38,D
sz300850,新强联,2025-10-22 10:46:15,48.48,17216,48.36,U
sz300850,新强联,2025-10-22 10:46:39,48.43,6300,48.39,U
sz300850,新强联,2025-10-22 10:46:42,48.38,10500,48.43,D
sz300850,新强联,2025-10-22 10:46:57,48.47,4200,48.47,U
sz300850,新强联,2025-10-22 10:48:09,48.53,5500,48.55,D
sz300850,新强联,2025-10-22 10:48:12,48.48,12800,48.53,D
sz300850,新强联,2025-10-22 10:48:15,48.53,22600,48.48,U
sz300850,新强联,2025-10-22 10:48:36,48.5,5300,48.44,U
sz300850,新强联,2025-10-22 10:49:00,48.4,4600,48.4,D
sz300850,新强联,2025-10-22 10:49:06,48.39,7900,48.41,D
sz300850,新强联,2025-10-22 10:49:18,48.4,11500,48.4,U
sz300850,新强联,2025-10-22 10:49:39,48.39,5600,48.39,D
sz300850,新强联,2025-10-22 10:49:45,48.4,7868,48.4,U
sz300850,新强联,2025-10-22 10:49:57,48.41,6600,48.4,U
sz300850,新强联,2025-10-22 10:50:03,48.42,13400,48.43,D
sz300850,新强联,2025-10-22 10:50:09,48.79,50000,48.42,U
sz300850,新强联,2025-10-22 10:50:15,48.79,4800,48.79,U
sz300850,新强联,2025-10-22 10:50:18,48.8,24500,48.79,U
sz300850,新强联,2025-10-22 10:50:27,48.83,4700,48.83,U
sz300850,新强联,2025-10-22 10:50:33,48.83,15500,48.84,D
sz300850,新强联,2025-10-22 10:50:36,48.86,7200,48.83,E
sz300850,新强联,2025-10-22 10:50:42,48.88,10200,48.86,U
sz300850,新强联,2025-10-22 10:50:45,48.88,11500,48.88,U
sz300850,新强联,2025-10-22 10:50:48,48.88,5700,48.88,U
sz300850,新强联,2025-10-22 10:50:51,48.86,17500,48.88,D
sz300850,新强联,2025-10-22 10:51:03,48.8,4800,48.81,E
sz300850,新强联,2025-10-22 10:51:06,48.5,23500,48.8,D
sz300850,新强联,2025-10-22 10:51:21,48.41,7700,48.49,D
sz300850,新强联,2025-10-22 10:52:39,48.56,4900,48.56,U
sz300850,新强联,2025-10-22 10:52:54,48.72,9500,48.56,U
sz300850,新强联,2025-10-22 10:52:57,48.72,7100,48.72,D
sz300850,新强联,2025-10-22 10:53:00,48.72,10900,48.72,D
sz300850,新强联,2025-10-22 10:53:03,48.73,5300,48.72,U
sz300850,新强联,2025-10-22 10:54:48,48.6,7600,48.66,D
sz300850,新强联,2025-10-22 10:55:12,48.61,7000,48.6,U
sz300850,新强联,2025-10-22 10:55:33,48.61,5500,48.61,D
sz300850,新强联,2025-10-22 10:56:24,48.5,10100,48.5,D
sz300850,新强联,2025-10-22 10:57:15,48.49,17700,48.42,U
sz300850,新强联,2025-10-22 10:57:18,48.49,13300,48.49,U
sz300850,新强联,2025-10-22 10:57:21,48.49,5358,48.49,D
sz300850,新强联,2025-10-22 10:57:27,48.5,4600,48.5,E
sz300850,新强联,2025-10-22 10:57:30,48.53,15900,48.5,U
sz300850,新强联,2025-10-22 10:58:00,48.51,23100,48.5,E
sz300850,新强联,2025-10-22 10:58:18,48.62,7142,48.51,U
sz300850,新强联,2025-10-22 10:58:54,48.49,4700,48.5,D
sz300850,新强联,2025-10-22 10:59:00,48.47,14100,48.5,D
sz300850,新强联,2025-10-22 10:59:09,48.42,4400,48.45,E
sz300850,新强联,2025-10-22 10:59:12,48.42,5400,48.42,D
sz300850,新强联,2025-10-22 10:59:33,48.42,5900,48.43,D
sz300850,新强联,2025-10-22 10:59:48,48.41,6100,48.42,D
sz300850,新强联,2025-10-22 11:00:21,48.4,5499,48.41,D
sz300850,新强联,2025-10-22 11:00:42,48.41,5300,48.39,U
sz300850,新强联,2025-10-22 11:00:48,48.39,7000,48.4,D
sz300850,新强联,2025-10-22 11:00:51,48.38,19300,48.39,D
sz300850,新强联,2025-10-22 11:00:54,48.38,6600,48.38,D
sz300850,新强联,2025-10-22 11:01:03,48.37,7200,48.37,D
sz300850,新强联,2025-10-22 11:01:09,48.36,5300,48.36,D
sz300850,新强联,2025-10-22 11:01:12,48.33,21700,48.36,D
sz300850,新强联,2025-10-22 11:01:15,48.3,18000,48.33,D
sz300850,新强联,2025-10-22 11:01:18,48.3,4200,48.3,D
sz300850,新强联,2025-10-22 11:01:21,48.3,15200,48.3,D
sz300850,新强联,2025-10-22 11:01:24,48.3,32500,48.3,D
sz300850,新强联,2025-10-22 11:01:27,48.29,5800,48.3,D
sz300850,新强联,2025-10-22 11:01:30,48.28,4600,48.29,D
sz300850,新强联,2025-10-22 11:01:42,48.25,4400,48.25,D
sz300850,新强联,2025-10-22 11:01:51,48.25,8300,48.26,D
sz300850,新强联,2025-10-22 11:02:03,48.25,5400,48.25,U
sz300850,新强联,2025-10-22 11:02:09,48.21,10700,48.22,D
sz300850,新强联,2025-10-22 11:02:12,48.2,14100,48.21,D
sz300850,新强联,2025-10-22 11:02:18,48.17,5600,48.21,D
sz300850,新强联,2025-10-22 11:02:21,48.16,7800,48.17,D
sz300850,新强联,2025-10-22 11:02:33,48.16,4700,48.13,U
sz300850,新强联,2025-10-22 11:02:36,48.16,6300,48.16,U
sz300850,新强联,2025-10-22 11:02:39,48.16,15000,48.16,U
sz300850,新强联,2025-10-22 11:02:45,48.2,11268,48.16,U
sz300850,新强联,2025-10-22 11:02:48,48.2,8000,48.2,D
sz300850,新强联,2025-10-22 11:02:54,48.2,7100,48.23,D
sz300850,新强联,2025-10-22 11:03:03,48.21,4200,48.21,D
sz300850,新强联,2025-10-22 11:03:09,48.21,7100,48.22,D
sz300850,新强联,2025-10-22 11:03:18,48.2,5500,48.2,U
sz300850,新强联,2025-10-22 11:03:24,48.21,4700,48.17,U
sz300850,新强联,2025-10-22 11:03:30,48.21,4200,48.21,D
sz300850,新强联,2025-10-22 11:03:36,48.2,4900,48.21,D
sz300850,新强联,2025-10-22 11:03:42,48.21,4400,48.2,U
sz300850,新强联,2025-10-22 11:03:57,48.21,6800,48.23,D
sz300850,新强联,2025-10-22 11:04:00,48.26,17300,48.21,U
sz300850,新强联,2025-10-22 11:04:06,48.28,6300,48.27,U
sz300850,新强联,2025-10-22 11:04:09,48.31,55100,48.28,U
sz300850,新强联,2025-10-22 11:04:12,48.29,10700,48.31,D
sz300850,新强联,2025-10-22 11:04:21,48.41,11599,48.37,U
sz300850,新强联,2025-10-22 11:04:33,48.4,5400,48.41,D
sz300850,新强联,2025-10-22 11:04:42,48.41,6800,48.33,U
sz300850,新强联,2025-10-22 11:04:54,48.41,16300,48.29,U
sz300850,新强联,2025-10-22 11:04:57,48.33,9400,48.41,D
sz300850,新强联,2025-10-22 11:05:30,48.3,4700,48.3,D
sz300850,新强联,2025-10-22 11:05:51,48.37,5500,48.32,U
sz300850,新强联,2025-10-22 11:06:12,48.37,11000,48.29,U
sz300850,新强联,2025-10-22 11:06:21,48.4,5817,48.36,U
sz300850,新强联,2025-10-22 11:06:30,48.29,6200,48.31,D
sz300850,新强联,2025-10-22 11:07:00,48.45,27300,48.34,U
sz300850,新强联,2025-10-22 11:07:06,48.56,35342,48.5,U
sz300850,新强联,2025-10-22 11:07:09,48.55,6800,48.56,D
sz300850,新强联,2025-10-22 11:07:18,48.52,4700,48.51,U
sz300850,新强联,2025-10-22 11:07:24,48.56,5100,48.5,U
sz300850,新强联,2025-10-22 11:07:42,48.55,11700,48.52,D
sz300850,新强联,2025-10-22 11:07:45,48.52,5500,48.55,D
sz300850,新强联,2025-10-22 11:08:42,48.45,5000,48.47,D
sz300850,新强联,2025-10-22 11:08:57,48.46,4300,48.45,U
sz300850,新强联,2025-10-22 11:09:21,48.39,5300,48.37,U
sz300850,新强联,2025-10-22 11:09:48,48.39,6800,48.38,U
sz300850,新强联,2025-10-22 11:10:15,48.32,12300,48.31,U
sz300850,新强联,2025-10-22 11:10:18,48.3,4200,48.32,D
sz300850,新强联,2025-10-22 11:10:24,48.26,7183,48.31,D
sz300850,新强联,2025-10-22 11:10:30,48.25,8400,48.26,D
sz300850,新强联,2025-10-22 11:10:33,48.25,6800,48.25,D
sz300850,新强联,2025-10-22 11:10:36,48.25,4500,48.25,D
sz300850,新强联,2025-10-22 11:10:39,48.2,4500,48.25,D
sz300850,新强联,2025-10-22 11:10:45,48.2,10300,48.2,D
sz300850,新强联,2025-10-22 11:10:51,48.2,5100,48.2,U
sz300850,新强联,2025-10-22 11:10:54,48.3,12000,48.2,U
sz300850,新强联,2025-10-22 11:11:54,48.31,7400,48.39,D
sz300850,新强联,2025-10-22 11:12:00,48.24,4400,48.31,D
sz300850,新强联,2025-10-22 11:12:09,48.44,4300,48.32,U
sz300850,新强联,2025-10-22 11:12:15,48.26,6800,48.44,D
sz300850,新强联,2025-10-22 11:12:18,48.25,5000,48.26,D
sz300850,新强联,2025-10-22 11:12:30,48.26,7801,48.43,D
sz300850,新强联,2025-10-22 11:13:09,48.45,34600,48.4,U
sz300850,新强联,2025-10-22 11:13:12,48.45,56200,48.45,U
sz300850,新强联,2025-10-22 11:13:15,48.45,12100,48.45,U
sz300850,新强联,2025-10-22 11:13:30,48.37,9600,48.4,D
sz300850,新强联,2025-10-22 11:14:15,48.34,4600,48.34,D
sz300850,新强联,2025-10-22 11:15:12,48.33,6124,48.35,D
sz300850,新强联,2025-10-22 11:15:18,48.35,5376,48.31,U
sz300850,新强联,2025-10-22 11:15:33,48.37,4600,48.33,U
sz300850,新强联,2025-10-22 11:16:09,48.38,23500,48.37,E
sz300850,新强联,2025-10-22 11:16:33,48.46,4300,48.48,D
sz300850,新强联,2025-10-22 11:16:36,48.46,13400,48.46,D
sz300850,新强联,2025-10-22 11:16:39,48.46,12500,48.46,D
sz300850,新强联,2025-10-22 11:16:42,48.46,7700,48.46,U
sz300850,新强联,2025-10-22 11:16:51,48.47,8500,48.37,U
sz300850,新强联,2025-10-22 11:17:21,48.48,15500,48.37,U
sz300850,新强联,2025-10-22 11:19:03,48.45,9900,48.41,U
sz300850,新强联,2025-10-22 11:19:06,48.44,4400,48.45,E
sz300850,新强联,2025-10-22 11:19:18,48.43,8000,48.4,U
sz300850,新强联,2025-10-22 11:19:24,48.45,6900,48.44,U
sz300850,新强联,2025-10-22 11:19:30,48.46,7700,48.43,U
sz300850,新强联,2025-10-22 11:20:03,48.46,9600,48.43,U
sz300850,新强联,2025-10-22 11:20:21,48.45,6000,48.42,U
sz300850,新强联,2025-10-22 11:20:45,48.36,14400,48.38,D
sz300850,新强联,2025-10-22 11:20:48,48.35,9000,48.36,D
sz300850,新强联,2025-10-22 11:20:51,48.36,11600,48.35,U
sz300850,新强联,2025-10-22 11:21:33,48.39,15000,48.34,U
sz300850,新强联,2025-10-22 11:21:45,48.34,20700,48.36,D
sz300850,新强联,2025-10-22 11:21:48,48.34,4900,48.34,E
sz300850,新强联,2025-10-22 11:22:06,48.39,6800,48.34,U
sz300850,新强联,2025-10-22 11:22:15,48.34,8500,48.34,D
sz300850,新强联,2025-10-22 11:22:48,48.35,4900,48.39,D
sz300850,新强联,2025-10-22 11:23:06,48.39,26800,48.4,E
sz300850,新强联,2025-10-22 11:23:12,48.46,6900,48.4,U
sz300850,新强联,2025-10-22 11:23:27,48.47,11500,48.46,U
sz300850,新强联,2025-10-22 11:23:30,48.47,5300,48.47,U
sz300850,新强联,2025-10-22 11:23:36,48.49,9100,48.47,U
sz300850,新强联,2025-10-22 11:23:39,48.49,6100,48.49,U
sz300850,新强联,2025-10-22 11:24:00,48.48,4600,48.44,U
sz300850,新强联,2025-10-22 11:24:09,48.44,7000,48.4,U
sz300850,新强联,2025-10-22 11:25:21,48.33,5200,48.33,D
sz300850,新强联,2025-10-22 11:25:27,48.33,5700,48.33,D
sz300850,新强联,2025-10-22 11:25:42,48.33,5800,48.34,D
sz300850,新强联,2025-10-22 11:26:00,48.32,8200,48.33,D
sz300850,新强联,2025-10-22 11:26:03,48.32,17000,48.32,D
sz300850,新强联,2025-10-22 11:26:09,48.31,16500,48.31,E
sz300850,新强联,2025-10-22 11:26:12,48.3,4500,48.31,D
sz300850,新强联,2025-10-22 11:26:18,48.3,4400,48.3,D
sz300850,新强联,2025-10-22 11:26:27,48.24,5100,48.28,D
sz300850,新强联,2025-10-22 11:26:42,48.22,11700,48.24,D
sz300850,新强联,2025-10-22 11:26:51,48.22,6100,48.23,D
sz300850,新强联,2025-10-22 11:26:54,48.23,48300,48.22,U
sz300850,新强联,2025-10-22 11:27:00,48.18,9300,48.18,D
sz300850,新强联,2025-10-22 11:27:12,48.18,7300,48.16,U
sz300850,新强联,2025-10-22 11:27:24,48.18,7200,48.18,D
sz300850,新强联,2025-10-22 11:27:45,48.17,16400,48.18,D
sz300850,新强联,2025-10-22 11:27:57,48.18,7700,48.16,U
sz300850,新强联,2025-10-22 11:28:00,48.18,17100,48.18,U
sz300850,新强联,2025-10-22 11:28:09,48.17,5300,48.18,D
sz300850,新强联,2025-10-22 11:28:24,48.3,7900,48.22,U
sz300850,新强联,2025-10-22 11:28:51,48.26,8400,48.24,U
sz300850,新强联,2025-10-22 11:29:03,48.3,6100,48.26,U
sz300850,新强联,2025-10-22 11:29:09,48.3,5100,48.3,D
sz300850,新强联,2025-10-22 11:29:24,48.32,24000,48.31,U
sz300850,新强联,2025-10-22 11:29:27,48.28,7100,48.32,D
sz300850,新强联,2025-10-22 11:29:51,48.24,4800,48.27,D
sz300850,新强联,2025-10-22 13:00:00,48.27,57400,48.24,U
sz300850,新强联,2025-10-22 13:00:03,48.22,13900,48.27,U
sz300850,新强联,2025-10-22 13:00:09,48.15,10500,48.2,D
sz300850,新强联,2025-10-22 13:00:48,48.29,7400,48.29,U
sz300850,新强联,2025-10-22 13:01:00,48.38,4300,48.36,U
sz300850,新强联,2025-10-22 13:01:09,48.51,66600,48.41,U
sz300850,新强联,2025-10-22 13:01:12,48.7,57600,48.51,U
sz300850,新强联,2025-10-22 13:01:18,48.75,8800,48.7,E
sz300850,新强联,2025-10-22 13:01:21,48.76,9400,48.75,U
sz300850,新强联,2025-10-22 13:01:24,48.62,8100,48.76,D
sz300850,新强联,2025-10-22 13:01:27,48.67,16600,48.62,E
sz300850,新强联,2025-10-22 13:01:30,48.67,4600,48.67,U
sz300850,新强联,2025-10-22 13:01:48,48.54,12100,48.55,E
sz300850,新强联,2025-10-22 13:02:03,48.56,4200,48.57,D
sz300850,新强联,2025-10-22 13:02:06,48.59,10500,48.56,U
sz300850,新强联,2025-10-22 13:02:09,48.56,5000,48.59,D
sz300850,新强联,2025-10-22 13:02:12,48.6,17400,48.56,U
sz300850,新强联,2025-10-22 13:02:15,48.6,9000,48.6,D
sz300850,新强联,2025-10-22 13:02:24,48.6,6100,48.62,D
sz300850,新强联,2025-10-22 13:02:27,48.65,9800,48.6,U
sz300850,新强联,2025-10-22 13:02:30,48.64,5300,48.65,D
sz300850,新强联,2025-10-22 13:02:33,48.64,5700,48.64,U
sz300850,新强联,2025-10-22 13:02:36,48.6,24500,48.64,D
sz300850,新强联,2025-10-22 13:02:39,48.6,6800,48.6,U
sz300850,新强联,2025-10-22 13:02:42,48.56,4800,48.6,D
sz300850,新强联,2025-10-22 13:03:21,48.48,5900,48.43,U
sz300850,新强联,2025-10-22 13:03:24,48.56,13100,48.48,U
sz300850,新强联,2025-10-22 13:03:36,48.48,4200,48.41,U
sz300850,新强联,2025-10-22 13:03:42,48.5,6800,48.48,U
sz300850,新强联,2025-10-22 13:03:45,48.5,4300,48.5,D
sz300850,新强联,2025-10-22 13:03:48,48.53,5600,48.5,E
sz300850,新强联,2025-10-22 13:04:00,48.5,5300,48.49,U
sz300850,新强联,2025-10-22 13:04:03,48.48,4600,48.5,D
sz300850,新强联,2025-10-22 13:04:12,48.4,5200,48.45,D
sz300850,新强联,2025-10-22 13:04:33,48.88,87800,48.5,U
sz300850,新强联,2025-10-22 13:04:36,48.54,5200,48.88,D
sz300850,新强联,2025-10-22 13:04:45,48.75,22600,48.49,U
sz300850,新强联,2025-10-22 13:04:48,48.5,9200,48.75,D
sz300850,新强联,2025-10-22 13:04:51,48.88,40800,48.5,U
sz300850,新强联,2025-10-22 13:05:06,48.52,10500,48.52,D
sz300850,新强联,2025-10-22 13:05:21,48.71,12700,48.71,D
sz300850,新强联,2025-10-22 13:05:24,48.8,26500,48.71,U
sz300850,新强联,2025-10-22 13:05:33,48.8,5000,48.82,D
sz300850,新强联,2025-10-22 13:05:42,48.72,4600,48.79,D
sz300850,新强联,2025-10-22 13:05:45,48.79,4300,48.72,U
sz300850,新强联,2025-10-22 13:05:48,48.72,4200,48.79,D
sz300850,新强联,2025-10-22 13:06:09,48.67,9300,48.63,U
sz300850,新强联,2025-10-22 13:06:18,48.63,12300,48.67,D
sz300850,新强联,2025-10-22 13:06:36,48.55,8950,48.63,D
sz300850,新强联,2025-10-22 13:06:42,48.61,15000,48.52,U
sz300850,新强联,2025-10-22 13:06:57,48.6,17900,48.5,U
sz300850,新强联,2025-10-22 13:07:00,48.65,6900,48.6,U
sz300850,新强联,2025-10-22 13:07:03,48.67,5700,48.65,U
sz300850,新强联,2025-10-22 13:07:09,48.99,71100,48.66,U
sz300850,新强联,2025-10-22 13:07:15,48.98,5200,48.99,E
sz300850,新强联,2025-10-22 13:07:18,48.83,6100,48.98,D
sz300850,新强联,2025-10-22 13:07:24,48.84,11500,48.83,U
sz300850,新强联,2025-10-22 13:07:30,48.83,6800,48.84,D
sz300850,新强联,2025-10-22 13:07:33,48.8,6300,48.83,D
sz300850,新强联,2025-10-22 13:07:51,48.82,26100,48.83,D
sz300850,新强联,2025-10-22 13:07:54,48.78,7000,48.82,D
sz300850,新强联,2025-10-22 13:07:57,48.75,7700,48.78,U
sz300850,新强联,2025-10-22 13:08:03,48.68,4900,48.72,D
sz300850,新强联,2025-10-22 13:08:12,48.63,7000,48.63,U
sz300850,新强联,2025-10-22 13:08:21,48.5,7500,48.58,D
sz300850,新强联,2025-10-22 13:08:24,48.49,5800,48.5,D
sz300850,新强联,2025-10-22 13:08:42,48.42,4700,48.42,E
sz300850,新强联,2025-10-22 13:08:48,48.46,4600,48.42,U
sz300850,新强联,2025-10-22 13:09:00,48.46,5300,48.42,U
sz300850,新强联,2025-10-22 13:09:39,48.32,4900,48.33,D
sz300850,新强联,2025-10-22 13:09:57,48.26,7900,48.31,D
sz300850,新强联,2025-10-22 13:10:03,48.26,4900,48.26,D
sz300850,新强联,2025-10-22 13:10:15,48.26,6400,48.26,U
sz300850,新强联,2025-10-22 13:10:30,48.24,11500,48.27,D
sz300850,新强联,2025-10-22 13:10:45,48.24,4400,48.21,U
sz300850,新强联,2025-10-22 13:10:51,48.2,5500,48.21,D
sz300850,新强联,2025-10-22 13:11:03,48.2,5500,48.24,D
sz300850,新强联,2025-10-22 13:11:09,48.21,9300,48.2,U
sz300850,新强联,2025-10-22 13:11:21,48.21,5400,48.21,D
sz300850,新强联,2025-10-22 13:11:24,48.19,10500,48.21,D
sz300850,新强联,2025-10-22 13:11:36,48.3,7100,48.2,U
sz300850,新强联,2025-10-22 13:12:45,48.22,5400,48.21,U
sz300850,新强联,2025-10-22 13:13:03,48.22,5300,48.23,D
sz300850,新强联,2025-10-22 13:13:18,48.23,6400,48.21,U
sz300850,新强联,2025-10-22 13:13:36,48.21,4900,48.22,D
sz300850,新强联,2025-10-22 13:13:48,48.21,7400,48.21,D
sz300850,新强联,2025-10-22 13:14:30,48.2,22278,48.22,D
sz300850,新强联,2025-10-22 13:14:33,48.19,16422,48.2,D
sz300850,新强联,2025-10-22 13:14:36,48.18,12800,48.19,D
sz300850,新强联,2025-10-22 13:15:21,48.14,11500,48.13,U
sz300850,新强联,2025-10-22 13:15:33,48.15,8400,48.15,U
sz300850,新强联,2025-10-22 13:15:36,48.15,7100,48.15,U
sz300850,新强联,2025-10-22 13:15:42,48.13,21400,48.15,D
sz300850,新强联,2025-10-22 13:16:12,48.11,21800,48.13,D
sz300850,新强联,2025-10-22 13:16:15,48.09,12200,48.11,D
sz300850,新强联,2025-10-22 13:16:21,48.08,30700,48.09,D
sz300850,新强联,2025-10-22 13:16:24,48.08,7600,48.08,D
sz300850,新强联,2025-10-22 13:16:27,48.09,5200,48.08,U
sz300850,新强联,2025-10-22 13:16:30,48.08,11600,48.09,D
sz300850,新强联,2025-10-22 13:16:33,48.08,6900,48.08,D
sz300850,新强联,2025-10-22 13:16:36,48.07,5300,48.08,D
sz300850,新强联,2025-10-22 13:16:42,48.05,12300,48.06,D
sz300850,新强联,2025-10-22 13:16:51,48.03,12300,48.05,D
sz300850,新强联,2025-10-22 13:16:54,48.05,68000,48.03,U
sz300850,新强联,2025-10-22 13:16:57,48.01,41100,48.05,U
sz300850,新强联,2025-10-22 13:17:03,48.0,42000,48.0,D
sz300850,新强联,2025-10-22 13:17:06,48.0,4600,48.0,D
sz300850,新强联,2025-10-22 13:17:12,48.0,5400,48.01,D
sz300850,新强联,2025-10-22 13:17:15,48.0,5400,48.0,D
sz300850,新强联,2025-10-22 13:17:18,47.98,10700,48.0,D
sz300850,新强联,2025-10-22 13:17:24,47.95,5900,47.98,D
sz300850,新强联,2025-10-22 13:17:33,47.95,18700,47.95,D
sz300850,新强联,2025-10-22 13:17:51,47.97,4500,47.97,U
sz300850,新强联,2025-10-22 13:18:12,47.99,6100,48.01,E
sz300850,新强联,2025-10-22 13:18:51,48.05,11900,48.05,U
sz300850,新强联,2025-10-22 13:19:09,48.05,5800,48.05,U
sz300850,新强联,2025-10-22 13:19:24,48.09,6300,48.07,U
sz300850,新强联,2025-10-22 13:19:30,48.07,4600,48.08,D
sz300850,新强联,2025-10-22 13:19:45,48.1,15600,48.07,U
sz300850,新强联,2025-10-22 13:19:48,48.1,4500,48.1,D
sz300850,新强联,2025-10-22 13:19:51,48.08,12800,48.1,D
sz300850,新强联,2025-10-22 13:20:30,47.98,19000,48.0,D
sz300850,新强联,2025-10-22 13:20:33,47.95,14400,47.98,D
sz300850,新强联,2025-10-22 13:20:51,47.89,9400,47.91,D
sz300850,新强联,2025-10-22 13:20:57,47.89,4500,47.89,U
sz300850,新强联,2025-10-22 13:21:03,47.94,45500,47.88,U
sz300850,新强联,2025-10-22 13:21:06,47.92,4250,47.94,D
sz300850,新强联,2025-10-22 13:21:24,48.0,4700,48.0,D
sz300850,新强联,2025-10-22 13:21:51,47.92,8900,47.98,D
sz300850,新强联,2025-10-22 13:22:18,47.96,11500,47.95,U
sz300850,新强联,2025-10-22 13:22:27,47.98,13300,47.97,U
sz300850,新强联,2025-10-22 13:22:36,47.95,7500,47.97,D
sz300850,新强联,2025-10-22 13:22:51,47.97,5700,47.96,U
sz300850,新强联,2025-10-22 13:23:03,48.0,7400,47.98,U
sz300850,新强联,2025-10-22 13:23:36,47.96,4300,47.96,D
sz300850,新强联,2025-10-22 13:23:39,47.96,5301,47.96,D
sz300850,新强联,2025-10-22 13:23:45,47.95,12999,47.96,D
sz300850,新强联,2025-10-22 13:24:03,47.91,9526,47.92,D
sz300850,新强联,2025-10-22 13:24:06,47.89,12800,47.91,D
sz300850,新强联,2025-10-22 13:24:09,47.9,5200,47.89,U
sz300850,新强联,2025-10-22 13:24:12,47.9,13200,47.9,E
sz300850,新强联,2025-10-22 13:24:15,47.9,25800,47.9,E
sz300850,新强联,2025-10-22 13:24:33,47.87,5400,47.86,E
sz300850,新强联,2025-10-22 13:24:36,47.82,19500,47.87,D
sz300850,新强联,2025-10-22 13:24:39,47.82,12100,47.82,U
sz300850,新强联,2025-10-22 13:24:57,47.83,7500,47.84,D
sz300850,新强联,2025-10-22 13:25:12,47.89,11200,47.88,U
sz300850,新强联,2025-10-22 13:25:15,47.9,5600,47.89,U
sz300850,新强联,2025-10-22 13:25:18,47.9,5200,47.9,U
sz300850,新强联,2025-10-22 13:25:21,47.9,5200,47.9,U
sz300850,新强联,2025-10-22 13:25:24,47.95,20300,47.9,U
sz300850,新强联,2025-10-22 13:25:54,47.89,4900,47.88,U
sz300850,新强联,2025-10-22 13:26:30,47.81,33000,47.86,D
sz300850,新强联,2025-10-22 13:26:39,47.8,5400,47.8,D
sz300850,新强联,2025-10-22 13:26:42,47.81,16889,47.8,U
sz300850,新强联,2025-10-22 13:26:57,47.76,14500,47.79,D
sz300850,新强联,2025-10-22 13:27:00,47.9,20789,47.76,U
sz300850,新强联,2025-10-22 13:27:03,47.84,10300,47.9,D
sz300850,新强联,2025-10-22 13:27:36,47.8,14300,47.87,D
sz300850,新强联,2025-10-22 13:27:48,47.81,4500,47.8,E
sz300850,新强联,2025-10-22 13:27:51,47.79,5100,47.81,D
sz300850,新强联,2025-10-22 13:28:09,47.8,12300,47.8,D
sz300850,新强联,2025-10-22 13:28:12,47.79,5100,47.8,D
sz300850,新强联,2025-10-22 13:28:33,47.76,13800,47.78,D
sz300850,新强联,2025-10-22 13:28:39,47.68,46000,47.75,D
sz300850,新强联,2025-10-22 13:28:45,47.66,7800,47.69,D
sz300850,新强联,2025-10-22 13:28:51,47.73,4400,47.68,U
sz300850,新强联,2025-10-22 13:28:57,47.74,5600,47.76,D
sz300850,新强联,2025-10-22 13:29:00,47.73,14335,47.74,D
sz300850,新强联,2025-10-22 13:29:45,47.76,6300,47.73,U
sz300850,新强联,2025-10-22 13:29:48,47.72,11300,47.76,D
sz300850,新强联,2025-10-22 13:29:54,47.68,5200,47.71,D
sz300850,新强联,2025-10-22 13:29:57,47.71,4700,47.68,U
sz300850,新强联,2025-10-22 13:30:06,47.72,6650,47.72,U
sz300850,新强联,2025-10-22 13:30:18,47.69,9700,47.7,D
sz300850,新强联,2025-10-22 13:30:21,47.68,10865,47.69,D
sz300850,新强联,2025-10-22 13:30:24,47.66,7400,47.68,D
sz300850,新强联,2025-10-22 13:30:30,47.66,4600,47.66,D
sz300850,新强联,2025-10-22 13:30:45,47.64,18500,47.64,D
sz300850,新强联,2025-10-22 13:30:54,47.61,14000,47.62,D
sz300850,新强联,2025-10-22 13:30:57,47.61,11100,47.61,D
sz300850,新强联,2025-10-22 13:31:00,47.6,26100,47.61,D
sz300850,新强联,2025-10-22 13:31:09,47.58,6400,47.59,D
sz300850,新强联,2025-10-22 13:31:15,47.58,15800,47.59,D
sz300850,新强联,2025-10-22 13:31:21,47.59,15800,47.56,U
sz300850,新强联,2025-10-22 13:31:24,47.57,24900,47.59,D
sz300850,新强联,2025-10-22 13:31:27,47.6,6900,47.57,U
sz300850,新强联,2025-10-22 13:31:30,47.61,9600,47.6,U
sz300850,新强联,2025-10-22 13:31:33,47.6,6000,47.61,D
sz300850,新强联,2025-10-22 13:31:45,47.59,4700,47.6,D
sz300850,新强联,2025-10-22 13:31:48,47.59,4300,47.59,D
sz300850,新强联,2025-10-22 13:31:54,47.6,5300,47.6,D
sz300850,新强联,2025-10-22 13:32:03,47.6,11700,47.58,U
sz300850,新强联,2025-10-22 13:32:06,47.58,5800,47.6,D
sz300850,新强联,2025-10-22 13:32:12,47.58,5400,47.58,U
sz300850,新强联,2025-10-22 13:32:21,47.56,19300,47.57,D
sz300850,新强联,2025-10-22 13:32:33,47.53,4400,47.53,D
sz300850,新强联,2025-10-22 13:32:36,47.53,10300,47.53,D
sz300850,新强联,2025-10-22 13:32:39,47.52,9800,47.53,D
sz300850,新强联,2025-10-22 13:32:42,47.52,8600,47.52,D
sz300850,新强联,2025-10-22 13:32:54,47.5,25700,47.51,D
sz300850,新强联,2025-10-22 13:33:00,47.5,26800,47.5,D
sz300850,新强联,2025-10-22 13:33:03,47.5,20500,47.5,D
sz300850,新强联,2025-10-22 13:33:06,47.5,6900,47.5,D
sz300850,新强联,2025-10-22 13:33:09,47.51,16200,47.5,U
sz300850,新强联,2025-10-22 13:33:12,47.51,5000,47.51,U
sz300850,新强联,2025-10-22 13:33:15,47.5,7800,47.51,D
sz300850,新强联,2025-10-22 13:33:18,47.5,12100,47.5,D
sz300850,新强联,2025-10-22 13:33:24,47.5,11700,47.51,D
sz300850,新强联,2025-10-22 13:33:30,47.51,7100,47.51,U
sz300850,新强联,2025-10-22 13:33:33,47.51,6800,47.51,U
sz300850,新强联,2025-10-22 13:33:48,47.48,6600,47.49,D
sz300850,新强联,2025-10-22 13:33:57,47.47,16800,47.47,D
sz300850,新强联,2025-10-22 13:34:03,47.46,22300,47.46,D
sz300850,新强联,2025-10-22 13:34:18,47.49,4500,47.49,U
sz300850,新强联,2025-10-22 13:34:21,47.5,11800,47.49,U
sz300850,新强联,2025-10-22 13:34:24,47.49,9200,47.5,D
sz300850,新强联,2025-10-22 13:34:51,47.56,8400,47.55,U
sz300850,新强联,2025-10-22 13:35:03,47.6,8200,47.6,U
sz300850,新强联,2025-10-22 13:35:06,47.59,32200,47.6,D
sz300850,新强联,2025-10-22 13:35:09,47.55,5500,47.59,D
sz300850,新强联,2025-10-22 13:35:12,47.53,5400,47.55,D
sz300850,新强联,2025-10-22 13:35:15,47.5,16100,47.53,D
sz300850,新强联,2025-10-22 13:35:18,47.5,10400,47.5,D
sz300850,新强联,2025-10-22 13:35:21,47.48,8100,47.5,D
sz300850,新强联,2025-10-22 13:35:24,47.47,9100,47.48,D
sz300850,新强联,2025-10-22 13:35:27,47.46,6000,47.47,D
sz300850,新强联,2025-10-22 13:35:33,47.41,8100,47.45,D
sz300850,新强联,2025-10-22 13:35:36,47.44,5200,47.41,U
sz300850,新强联,2025-10-22 13:35:39,47.41,8700,47.44,D
sz300850,新强联,2025-10-22 13:35:51,47.44,14900,47.44,U
sz300850,新强联,2025-10-22 13:36:21,47.45,6800,47.45,D
sz300850,新强联,2025-10-22 13:36:24,47.42,5900,47.45,D
sz300850,新强联,2025-10-22 13:36:27,47.48,9800,47.42,U
sz300850,新强联,2025-10-22 13:36:33,47.53,17100,47.48,U
sz300850,新强联,2025-10-22 13:36:51,47.51,9700,47.48,U
sz300850,新强联,2025-10-22 13:37:12,47.64,10200,47.64,U
sz300850,新强联,2025-10-22 13:37:21,47.66,10900,47.65,U
sz300850,新强联,2025-10-22 13:37:24,47.67,5400,47.66,E
sz300850,新强联,2025-10-22 13:37:33,47.69,4300,47.69,U
sz300850,新强联,2025-10-22 13:37:36,47.67,6800,47.69,D
sz300850,新强联,2025-10-22 13:37:39,47.69,7500,47.67,U
sz300850,新强联,2025-10-22 13:37:45,47.69,6600,47.68,U
sz300850,新强联,2025-10-22 13:38:12,47.72,6700,47.73,D
sz300850,新强联,2025-10-22 13:38:15,47.71,6400,47.72,E
sz300850,新强联,2025-10-22 13:38:21,47.73,6000,47.71,U
sz300850,新强联,2025-10-22 13:39:03,47.79,4500,47.76,U
sz300850,新强联,2025-10-22 13:39:36,47.88,4700,47.95,D
sz300850,新强联,2025-10-22 13:39:39,47.89,8100,47.88,U
sz300850,新强联,2025-10-22 13:39:42,47.95,27500,47.89,U
sz300850,新强联,2025-10-22 13:39:48,47.89,13000,47.89,U
sz300850,新强联,2025-10-22 13:39:57,47.89,5100,47.91,D
sz300850,新强联,2025-10-22 13:40:00,47.89,8900,47.89,D
sz300850,新强联,2025-10-22 13:40:06,47.91,14000,47.89,U
sz300850,新强联,2025-10-22 13:40:12,47.93,6900,47.88,U
sz300850,新强联,2025-10-22 13:40:24,47.88,6100,47.91,D
sz300850,新强联,2025-10-22 13:40:30,47.88,5300,47.89,U
sz300850,新强联,2025-10-22 13:40:48,47.83,4700,47.84,D
sz300850,新强联,2025-10-22 13:40:51,47.83,5000,47.83,D
sz300850,新强联,2025-10-22 13:41:09,48.0,81200,47.84,U
sz300850,新强联,2025-10-22 13:41:12,47.92,6100,48.0,D
sz300850,新强联,2025-10-22 13:41:21,48.0,8500,48.0,U
sz300850,新强联,2025-10-22 13:41:57,47.96,6800,47.88,U
sz300850,新强联,2025-10-22 13:42:03,48.0,19200,47.85,U
sz300850,新强联,2025-10-22 13:42:12,47.96,4200,47.96,D
sz300850,新强联,2025-10-22 13:42:24,47.94,6200,47.96,D
sz300850,新强联,2025-10-22 13:43:24,47.8,14700,47.82,D
sz300850,新强联,2025-10-22 13:43:30,47.76,4200,47.76,D
sz300850,新强联,2025-10-22 13:44:00,47.66,9200,47.68,D
sz300850,新强联,2025-10-22 13:44:15,47.66,5500,47.66,D
sz300850,新强联,2025-10-22 13:44:54,47.64,5400,47.63,U
sz300850,新强联,2025-10-22 13:44:57,47.61,4600,47.64,D
sz300850,新强联,2025-10-22 13:45:00,47.63,5000,47.61,U
sz300850,新强联,2025-10-22 13:45:36,47.59,10000,47.51,U
sz300850,新强联,2025-10-22 13:45:48,47.6,9800,47.59,U
sz300850,新强联,2025-10-22 13:46:21,47.53,9000,47.53,D
sz300850,新强联,2025-10-22 13:46:39,47.61,8900,47.54,U
sz300850,新强联,2025-10-22 13:47:15,47.63,6500,47.61,U
sz300850,新强联,2025-10-22 13:47:27,47.6,16600,47.64,D
sz300850,新强联,2025-10-22 13:48:03,47.58,4600,47.58,D
sz300850,新强联,2025-10-22 13:48:33,47.58,5700,47.59,D
sz300850,新强联,2025-10-22 13:49:39,47.6,9700,47.6,U
sz300850,新强联,2025-10-22 13:49:51,47.58,5300,47.58,D
sz300850,新强联,2025-10-22 13:49:54,47.58,9300,47.58,D
sz300850,新强联,2025-10-22 13:50:00,47.59,9700,47.58,U
sz300850,新强联,2025-10-22 13:50:39,47.59,5900,47.58,U
sz300850,新强联,2025-10-22 13:50:42,47.59,5800,47.59,D
sz300850,新强联,2025-10-22 13:51:00,47.61,22000,47.6,U
sz300850,新强联,2025-10-22 13:51:42,47.6,10600,47.61,D
sz300850,新强联,2025-10-22 13:51:45,47.62,12000,47.6,U
sz300850,新强联,2025-10-22 13:51:51,47.63,4300,47.62,U
sz300850,新强联,2025-10-22 13:52:09,47.64,5800,47.64,U
sz300850,新强联,2025-10-22 13:52:18,47.64,12155,47.65,D
sz300850,新强联,2025-10-22 13:52:24,47.66,8500,47.65,D
sz300850,新强联,2025-10-22 13:53:06,47.85,22900,47.81,U
sz300850,新强联,2025-10-22 13:53:18,47.88,4400,47.86,U
sz300850,新强联,2025-10-22 13:53:36,47.9,11500,47.9,U
sz300850,新强联,2025-10-22 13:53:51,47.9,7100,47.9,D
sz300850,新强联,2025-10-22 13:53:57,47.87,5300,47.89,D
sz300850,新强联,2025-10-22 13:54:12,47.91,12600,47.88,U
sz300850,新强联,2025-10-22 13:54:30,47.88,12600,47.87,U
sz300850,新强联,2025-10-22 13:55:12,47.85,4900,47.84,U
sz300850,新强联,2025-10-22 13:55:15,47.85,6000,47.85,D
sz300850,新强联,2025-10-22 13:55:33,47.86,8800,47.83,U
sz300850,新强联,2025-10-22 13:56:57,47.74,6100,47.75,D
sz300850,新强联,2025-10-22 13:57:33,47.66,5200,47.67,D
sz300850,新强联,2025-10-22 13:57:36,47.65,4600,47.66,D
sz300850,新强联,2025-10-22 13:57:42,47.6,6000,47.65,D
sz300850,新强联,2025-10-22 13:57:45,47.66,6800,47.6,U
sz300850,新强联,2025-10-22 13:57:51,47.61,6100,47.65,D
sz300850,新强联,2025-10-22 13:57:54,47.6,8800,47.61,D
sz300850,新强联,2025-10-22 13:58:45,47.66,5300,47.67,U
sz300850,新强联,2025-10-22 13:59:30,47.66,6600,47.66,D
sz300850,新强联,2025-10-22 13:59:39,47.66,7300,47.67,D
sz300850,新强联,2025-10-22 14:00:33,47.58,5400,47.58,D
sz300850,新强联,2025-10-22 14:00:48,47.55,5200,47.55,D
sz300850,新强联,2025-10-22 14:00:51,47.52,20700,47.55,D
sz300850,新强联,2025-10-22 14:01:00,47.49,53000,47.51,D
sz300850,新强联,2025-10-22 14:01:21,47.4,11800,47.43,D
sz300850,新强联,2025-10-22 14:01:24,47.38,23800,47.4,D
sz300850,新强联,2025-10-22 14:01:30,47.36,8300,47.39,D
sz300850,新强联,2025-10-22 14:01:39,47.36,36100,47.35,U
sz300850,新强联,2025-10-22 14:01:42,47.36,15500,47.36,D
sz300850,新强联,2025-10-22 14:01:45,47.49,14200,47.36,U
sz300850,新强联,2025-10-22 14:01:48,47.36,14100,47.49,D
sz300850,新强联,2025-10-22 14:01:54,47.33,9200,47.34,D
sz300850,新强联,2025-10-22 14:02:42,47.38,4500,47.35,U
sz300850,新强联,2025-10-22 14:03:06,47.36,12695,47.35,U
sz300850,新强联,2025-10-22 14:03:36,47.34,10400,47.35,D
sz300850,新强联,2025-10-22 14:03:57,47.32,7400,47.33,D
sz300850,新强联,2025-10-22 14:04:12,47.31,6400,47.3,U
sz300850,新强联,2025-10-22 14:04:15,47.3,14100,47.31,D
sz300850,新强联,2025-10-22 14:04:18,47.28,4300,47.3,D
sz300850,新强联,2025-10-22 14:04:24,47.26,13300,47.28,D
sz300850,新强联,2025-10-22 14:04:30,47.24,4410,47.25,D
sz300850,新强联,2025-10-22 14:04:42,47.21,9200,47.23,D
sz300850,新强联,2025-10-22 14:04:48,47.2,11500,47.21,D
sz300850,新强联,2025-10-22 14:04:54,47.2,11400,47.2,D
sz300850,新强联,2025-10-22 14:04:57,47.21,5500,47.2,U
sz300850,新强联,2025-10-22 14:05:00,47.2,5000,47.21,D
sz300850,新强联,2025-10-22 14:05:09,47.24,88190,47.21,U
sz300850,新强联,2025-10-22 14:05:18,47.26,23300,47.24,E
sz300850,新强联,2025-10-22 14:05:24,47.29,7400,47.29,D
sz300850,新强联,2025-10-22 14:05:39,47.3,6400,47.36,D
sz300850,新强联,2025-10-22 14:05:42,47.3,15300,47.3,U
sz300850,新强联,2025-10-22 14:05:51,47.3,27800,47.28,U
sz300850,新强联,2025-10-22 14:05:54,47.3,4300,47.3,U
sz300850,新强联,2025-10-22 14:06:09,47.27,7600,47.28,D
sz300850,新强联,2025-10-22 14:06:15,47.28,4700,47.27,U
sz300850,新强联,2025-10-22 14:06:42,47.34,7700,47.31,U
sz300850,新强联,2025-10-22 14:06:45,47.3,8800,47.34,D
sz300850,新强联,2025-10-22 14:07:21,47.37,5700,47.37,D
sz300850,新强联,2025-10-22 14:07:36,47.38,4500,47.38,D
sz300850,新强联,2025-10-22 14:07:45,47.4,6700,47.4,U
sz300850,新强联,2025-10-22 14:08:12,47.42,4300,47.4,U
sz300850,新强联,2025-10-22 14:08:45,47.44,4500,47.47,D
sz300850,新强联,2025-10-22 14:08:54,47.42,5700,47.45,D
sz300850,新强联,2025-10-22 14:08:57,47.42,17500,47.42,D
sz300850,新强联,2025-10-22 14:09:12,47.4,5400,47.41,D
sz300850,新强联,2025-10-22 14:09:15,47.41,5300,47.4,U
sz300850,新强联,2025-10-22 14:11:24,47.43,5800,47.44,D
sz300850,新强联,2025-10-22 14:12:21,47.41,5100,47.44,D
sz300850,新强联,2025-10-22 14:13:36,47.44,5800,47.44,D
sz300850,新强联,2025-10-22 14:13:48,47.45,4600,47.47,D
sz300850,新强联,2025-10-22 14:14:06,47.43,21500,47.45,D
sz300850,新强联,2025-10-22 14:14:15,47.45,5900,47.43,U
sz300850,新强联,2025-10-22 14:14:21,47.45,4300,47.45,U
sz300850,新强联,2025-10-22 14:14:24,47.42,11800,47.45,D
sz300850,新强联,2025-10-22 14:14:57,47.45,18100,47.47,D
sz300850,新强联,2025-10-22 14:15:15,47.45,5100,47.45,D
sz300850,新强联,2025-10-22 14:15:18,47.46,27000,47.45,U
sz300850,新强联,2025-10-22 14:15:30,47.46,8200,47.48,D
sz300850,新强联,2025-10-22 14:15:39,47.48,12100,47.47,E
sz300850,新强联,2025-10-22 14:16:15,47.52,10900,47.5,U
sz300850,新强联,2025-10-22 14:16:18,47.46,26100,47.52,D
sz300850,新强联,2025-10-22 14:16:21,47.44,12800,47.46,D
sz300850,新强联,2025-10-22 14:16:36,47.42,6700,47.42,U
sz300850,新强联,2025-10-22 14:17:06,47.55,9300,47.45,U
sz300850,新强联,2025-10-22 14:17:18,47.55,6200,47.58,D
sz300850,新强联,2025-10-22 14:17:48,47.6,4500,47.59,U
sz300850,新强联,2025-10-22 14:17:51,47.63,4300,47.6,U
sz300850,新强联,2025-10-22 14:17:54,47.62,5300,47.63,D
sz300850,新强联,2025-10-22 14:17:57,47.57,7400,47.62,D
sz300850,新强联,2025-10-22 14:18:00,47.51,15800,47.57,D
sz300850,新强联,2025-10-22 14:18:03,47.6,4300,47.51,U
sz300850,新强联,2025-10-22 14:18:12,47.58,13000,47.59,E
sz300850,新强联,2025-10-22 14:18:15,47.51,7400,47.58,D
sz300850,新强联,2025-10-22 14:19:00,47.54,6000,47.55,D
sz300850,新强联,2025-10-22 14:19:24,47.5,4700,47.5,D
sz300850,新强联,2025-10-22 14:19:27,47.5,4400,47.5,D
sz300850,新强联,2025-10-22 14:20:00,47.51,5400,47.51,D
sz300850,新强联,2025-10-22 14:20:03,47.5,6300,47.51,D
sz300850,新强联,2025-10-22 14:20:36,47.5,7600,47.5,D
sz300850,新强联,2025-10-22 14:20:39,47.5,6000,47.5,D
sz300850,新强联,2025-10-22 14:20:42,47.5,4600,47.5,D
sz300850,新强联,2025-10-22 14:20:45,47.5,4800,47.5,D
sz300850,新强联,2025-10-22 14:20:48,47.5,6000,47.5,D
sz300850,新强联,2025-10-22 14:20:51,47.49,8000,47.5,D
sz300850,新强联,2025-10-22 14:20:54,47.47,5800,47.49,D
sz300850,新强联,2025-10-22 14:20:57,47.46,11900,47.47,D
sz300850,新强联,2025-10-22 14:21:00,47.46,7500,47.46,D
sz300850,新强联,2025-10-22 14:21:03,47.46,11500,47.46,D
sz300850,新强联,2025-10-22 14:21:06,47.46,9200,47.46,U
sz300850,新强联,2025-10-22 14:21:09,47.45,12800,47.46,D
sz300850,新强联,2025-10-22 14:21:12,47.45,8900,47.45,D
sz300850,新强联,2025-10-22 14:21:15,47.46,15300,47.45,U
sz300850,新强联,2025-10-22 14:21:18,47.45,6300,47.46,D
sz300850,新强联,2025-10-22 14:21:33,47.47,5000,47.49,D
sz300850,新强联,2025-10-22 14:21:54,47.48,4300,47.49,D
sz300850,新强联,2025-10-22 14:21:57,47.49,6200,47.48,U
sz300850,新强联,2025-10-22 14:22:06,47.51,31500,47.49,U
sz300850,新强联,2025-10-22 14:22:09,47.49,4800,47.51,D
sz300850,新强联,2025-10-22 14:22:12,47.55,9000,47.49,U
sz300850,新强联,2025-10-22 14:22:15,47.59,9100,47.55,U
sz300850,新强联,2025-10-22 14:22:27,47.65,4200,47.63,U
sz300850,新强联,2025-10-22 14:22:39,47.7,5200,47.66,U
sz300850,新强联,2025-10-22 14:22:54,47.75,4700,47.73,U
sz300850,新强联,2025-10-22 14:22:57,47.76,22500,47.75,U
sz300850,新强联,2025-10-22 14:23:03,47.77,6600,47.76,U
sz300850,新强联,2025-10-22 14:23:06,47.79,5600,47.77,U
sz300850,新强联,2025-10-22 14:23:09,47.79,10100,47.79,D
sz300850,新强联,2025-10-22 14:23:21,47.8,5900,47.8,D
sz300850,新强联,2025-10-22 14:23:27,47.84,5000,47.86,D
sz300850,新强联,2025-10-22 14:23:30,47.86,4900,47.84,U
sz300850,新强联,2025-10-22 14:23:33,47.86,13700,47.86,U
sz300850,新强联,2025-10-22 14:23:42,47.82,6200,47.82,D
sz300850,新强联,2025-10-22 14:23:45,47.82,19500,47.82,D
sz300850,新强联,2025-10-22 14:23:48,47.84,6800,47.82,U
sz300850,新强联,2025-10-22 14:23:54,47.8,4400,47.82,D
sz300850,新强联,2025-10-22 14:23:57,47.8,6100,47.8,D
sz300850,新强联,2025-10-22 14:24:03,47.8,6400,47.82,D
sz300850,新强联,2025-10-22 14:24:27,47.85,10500,47.84,U
sz300850,新强联,2025-10-22 14:24:36,47.85,7700,47.84,U
sz300850,新强联,2025-10-22 14:25:00,47.89,8900,47.87,U
sz300850,新强联,2025-10-22 14:25:15,47.88,20700,47.9,D
sz300850,新强联,2025-10-22 14:25:18,47.9,4300,47.88,U
sz300850,新强联,2025-10-22 14:25:21,47.88,7500,47.9,D
sz300850,新强联,2025-10-22 14:25:27,47.88,6100,47.88,D
sz300850,新强联,2025-10-22 14:25:30,47.89,7500,47.88,U
sz300850,新强联,2025-10-22 14:25:33,47.89,62000,47.89,D
sz300850,新强联,2025-10-22 14:25:36,47.89,4600,47.89,D
sz300850,新强联,2025-10-22 14:25:45,47.89,6400,47.88,U
sz300850,新强联,2025-10-22 14:25:48,47.89,34300,47.89,D
sz300850,新强联,2025-10-22 14:26:06,47.96,15800,47.91,U
sz300850,新强联,2025-10-22 14:26:12,47.93,22100,47.92,E
sz300850,新强联,2025-10-22 14:26:39,47.98,6600,47.98,D
sz300850,新强联,2025-10-22 14:26:42,47.95,10100,47.98,D
sz300850,新强联,2025-10-22 14:26:45,47.99,7900,47.95,U
sz300850,新强联,2025-10-22 14:26:51,47.99,4400,48.0,D
sz300850,新强联,2025-10-22 14:26:54,47.99,4700,47.99,D
sz300850,新强联,2025-10-22 14:26:57,48.0,39500,47.99,U
sz300850,新强联,2025-10-22 14:27:06,47.99,5500,47.99,D
sz300850,新强联,2025-10-22 14:27:12,48.0,13830,47.99,U
sz300850,新强联,2025-10-22 14:27:15,48.0,42800,48.0,U
sz300850,新强联,2025-10-22 14:27:33,47.98,4200,47.98,D
sz300850,新强联,2025-10-22 14:28:00,47.98,5100,47.98,D
sz300850,新强联,2025-10-22 14:28:03,47.98,6300,47.98,D
sz300850,新强联,2025-10-22 14:28:15,47.99,6000,47.99,U
sz300850,新强联,2025-10-22 14:28:18,47.96,23900,47.99,D
sz300850,新强联,2025-10-22 14:28:21,47.95,7700,47.96,D
sz300850,新强联,2025-10-22 14:28:27,47.95,4900,47.95,D
sz300850,新强联,2025-10-22 14:28:36,47.93,5900,47.92,U
sz300850,新强联,2025-10-22 14:28:42,47.91,4700,47.91,D
sz300850,新强联,2025-10-22 14:28:48,47.89,5500,47.88,U
sz300850,新强联,2025-10-22 14:29:03,47.8,5800,47.81,D
sz300850,新强联,2025-10-22 14:29:18,47.8,56300,47.8,D
sz300850,新强联,2025-10-22 14:29:21,47.8,8500,47.8,D
sz300850,新强联,2025-10-22 14:29:30,47.81,9300,47.81,D
sz300850,新强联,2025-10-22 14:29:45,47.97,4700,47.98,U
sz300850,新强联,2025-10-22 14:29:48,47.95,4500,47.97,D
sz300850,新强联,2025-10-22 14:30:00,47.96,6000,47.96,D
sz300850,新强联,2025-10-22 14:30:03,47.95,10200,47.96,D
sz300850,新强联,2025-10-22 14:30:09,47.95,6200,47.95,U
sz300850,新强联,2025-10-22 14:30:27,47.87,22709,47.86,U
sz300850,新强联,2025-10-22 14:30:30,47.84,6500,47.87,D
sz300850,新强联,2025-10-22 14:30:45,47.84,6000,47.83,U
sz300850,新强联,2025-10-22 14:30:51,47.99,55000,47.82,U
sz300850,新强联,2025-10-22 14:31:09,47.86,9600,47.85,E
sz300850,新强联,2025-10-22 14:31:12,47.85,5800,47.86,E
sz300850,新强联,2025-10-22 14:31:18,47.86,4700,47.86,D
sz300850,新强联,2025-10-22 14:31:21,47.86,55000,47.86,D
sz300850,新强联,2025-10-22 14:31:36,47.9,20200,47.9,D
sz300850,新强联,2025-10-22 14:31:39,47.91,4600,47.9,D
sz300850,新强联,2025-10-22 14:31:45,47.98,5900,47.97,E
sz300850,新强联,2025-10-22 14:31:51,47.98,8100,47.98,D
sz300850,新强联,2025-10-22 14:31:54,47.98,6800,47.98,D
sz300850,新强联,2025-10-22 14:32:00,47.95,5200,47.98,E
sz300850,新强联,2025-10-22 14:32:03,47.9,5700,47.95,D
sz300850,新强联,2025-10-22 14:32:12,47.92,6700,47.91,E
sz300850,新强联,2025-10-22 14:32:15,47.92,34800,47.92,D
sz300850,新强联,2025-10-22 14:32:21,47.94,6900,47.94,U
sz300850,新强联,2025-10-22 14:32:30,47.89,8000,47.92,D
sz300850,新强联,2025-10-22 14:32:39,47.88,11248,47.92,D
sz300850,新强联,2025-10-22 14:32:48,47.92,25000,47.91,U
sz300850,新强联,2025-10-22 14:32:57,48.0,40000,47.99,U
sz300850,新强联,2025-10-22 14:33:00,47.95,6300,48.0,D
sz300850,新强联,2025-10-22 14:33:03,48.0,8700,47.95,U
sz300850,新强联,2025-10-22 14:33:09,48.0,4300,48.0,U
sz300850,新强联,2025-10-22 14:33:18,47.98,7400,47.99,D
sz300850,新强联,2025-10-22 14:33:21,47.97,8700,47.98,D
sz300850,新强联,2025-10-22 14:33:27,48.0,5700,47.99,U
sz300850,新强联,2025-10-22 14:33:45,47.99,9100,47.99,D
sz300850,新强联,2025-10-22 14:33:51,47.99,7300,47.99,D
sz300850,新强联,2025-10-22 14:33:54,47.99,4900,47.99,D
sz300850,新强联,2025-10-22 14:34:03,47.99,4700,47.99,D
sz300850,新强联,2025-10-22 14:34:06,48.0,48900,47.99,U
sz300850,新强联,2025-10-22 14:34:09,47.99,5500,48.0,D
sz300850,新强联,2025-10-22 14:34:12,48.0,17851,47.99,U
sz300850,新强联,2025-10-22 14:34:21,48.0,5100,48.0,D
sz300850,新强联,2025-10-22 14:34:33,48.03,6000,48.02,U
sz300850,新强联,2025-10-22 14:34:39,48.08,6000,48.05,U
sz300850,新强联,2025-10-22 14:34:51,48.12,26600,48.1,U
sz300850,新强联,2025-10-22 14:35:06,48.1,7700,48.1,D
sz300850,新强联,2025-10-22 14:35:15,48.12,4500,48.11,U
sz300850,新强联,2025-10-22 14:35:18,48.12,8500,48.12,U
sz300850,新强联,2025-10-22 14:35:24,48.1,13500,48.1,D
sz300850,新强联,2025-10-22 14:35:27,48.09,6600,48.1,D
sz300850,新强联,2025-10-22 14:35:30,48.08,13200,48.09,D
sz300850,新强联,2025-10-22 14:35:36,48.07,6200,48.06,U
sz300850,新强联,2025-10-22 14:35:48,48.05,8300,48.03,U
sz300850,新强联,2025-10-22 14:35:51,48.0,5000,48.05,D
sz300850,新强联,2025-10-22 14:35:54,48.0,18400,48.0,D
sz300850,新强联,2025-10-22 14:36:06,48.0,8900,48.01,D
sz300850,新强联,2025-10-22 14:36:12,48.01,4800,48.0,U
sz300850,新强联,2025-10-22 14:36:15,48.0,16349,48.01,D
sz300850,新强联,2025-10-22 14:36:18,47.99,7700,48.0,D
sz300850,新强联,2025-10-22 14:36:21,47.99,14600,47.99,D
sz300850,新强联,2025-10-22 14:36:27,47.98,9600,47.99,D
sz300850,新强联,2025-10-22 14:36:39,47.9,6000,47.97,D
sz300850,新强联,2025-10-22 14:36:45,47.9,6100,47.9,D
sz300850,新强联,2025-10-22 14:37:00,47.9,6200,47.9,D
sz300850,新强联,2025-10-22 14:37:03,47.88,5600,47.9,D
sz300850,新强联,2025-10-22 14:37:15,47.89,5200,47.89,D
sz300850,新强联,2025-10-22 14:37:57,47.85,7600,47.88,D
sz300850,新强联,2025-10-22 14:38:12,47.8,7500,47.82,D
sz300850,新强联,2025-10-22 14:38:15,47.8,4200,47.8,D
sz300850,新强联,2025-10-22 14:38:30,47.76,6800,47.76,E
sz300850,新强联,2025-10-22 14:38:45,47.77,15000,47.72,U
sz300850,新强联,2025-10-22 14:38:48,47.72,20000,47.77,D
sz300850,新强联,2025-10-22 14:39:00,47.71,4300,47.71,D
sz300850,新强联,2025-10-22 14:39:06,47.78,10100,47.76,U
sz300850,新强联,2025-10-22 14:39:09,47.79,27300,47.78,U
sz300850,新强联,2025-10-22 14:39:42,47.78,22900,47.76,U
sz300850,新强联,2025-10-22 14:39:48,47.78,4200,47.78,D
sz300850,新强联,2025-10-22 14:39:57,47.82,15200,47.81,U
sz300850,新强联,2025-10-22 14:40:00,47.82,7900,47.82,U
sz300850,新强联,2025-10-22 14:40:03,47.89,8200,47.82,U
sz300850,新强联,2025-10-22 14:40:12,47.89,9100,47.89,U
sz300850,新强联,2025-10-22 14:40:21,47.89,7800,47.89,D
sz300850,新强联,2025-10-22 14:40:33,47.91,8700,47.91,D
sz300850,新强联,2025-10-22 14:40:42,47.89,22300,47.94,D
sz300850,新强联,2025-10-22 14:40:45,47.95,6100,47.89,U
sz300850,新强联,2025-10-22 14:40:57,47.94,4900,47.94,D
sz300850,新强联,2025-10-22 14:41:00,47.94,16100,47.94,D
sz300850,新强联,2025-10-22 14:41:03,47.95,7400,47.94,U
sz300850,新强联,2025-10-22 14:41:09,47.95,15200,47.94,U
sz300850,新强联,2025-10-22 14:41:12,47.96,13300,47.95,U
sz300850,新强联,2025-10-22 14:41:30,47.92,6500,47.92,D
sz300850,新强联,2025-10-22 14:41:33,47.92,6600,47.92,D
sz300850,新强联,2025-10-22 14:41:42,47.92,4900,47.92,D
sz300850,新强联,2025-10-22 14:41:45,47.92,4900,47.92,D
sz300850,新强联,2025-10-22 14:41:48,47.91,4600,47.92,D
sz300850,新强联,2025-10-22 14:41:51,47.9,6900,47.91,D
sz300850,新强联,2025-10-22 14:42:00,47.9,7000,47.9,D
sz300850,新强联,2025-10-22 14:42:03,47.89,6949,47.9,D
sz300850,新强联,2025-10-22 14:42:09,47.86,6900,47.87,D
sz300850,新强联,2025-10-22 14:42:18,47.86,4500,47.87,D
sz300850,新强联,2025-10-22 14:42:33,47.87,8800,47.85,U
sz300850,新强联,2025-10-22 14:42:42,47.88,14200,47.87,U
sz300850,新强联,2025-10-22 14:42:48,47.89,5000,47.88,U
sz300850,新强联,2025-10-22 14:42:51,47.87,6400,47.89,D
sz300850,新强联,2025-10-22 14:42:54,47.86,12100,47.87,D
sz300850,新强联,2025-10-22 14:43:00,47.9,5400,47.87,U
sz300850,新强联,2025-10-22 14:43:03,47.94,23800,47.9,U
sz300850,新强联,2025-10-22 14:43:09,47.96,15100,47.95,U
sz300850,新强联,2025-10-22 14:43:30,47.95,7600,47.93,U
sz300850,新强联,2025-10-22 14:43:39,47.94,5300,47.93,U
sz300850,新强联,2025-10-22 14:43:42,47.94,4900,47.94,U
sz300850,新强联,2025-10-22 14:43:45,47.93,35900,47.94,D
sz300850,新强联,2025-10-22 14:44:09,47.95,11500,47.93,U
sz300850,新强联,2025-10-22 14:44:12,47.93,7100,47.95,D
sz300850,新强联,2025-10-22 14:44:15,47.94,12400,47.93,E
sz300850,新强联,2025-10-22 14:44:18,47.93,7400,47.94,D
sz300850,新强联,2025-10-22 14:44:24,47.95,12500,47.93,U
sz300850,新强联,2025-10-22 14:44:39,47.9,12600,47.93,D
sz300850,新强联,2025-10-22 14:44:48,47.9,9000,47.9,D
sz300850,新强联,2025-10-22 14:44:51,47.93,10258,47.9,U
sz300850,新强联,2025-10-22 14:44:57,47.93,12700,47.93,D
sz300850,新强联,2025-10-22 14:45:12,47.9,6058,47.9,U
sz300850,新强联,2025-10-22 14:45:15,47.89,4400,47.9,D
sz300850,新强联,2025-10-22 14:45:21,47.93,24000,47.88,U
sz300850,新强联,2025-10-22 14:45:30,47.86,5043,47.86,D
sz300850,新强联,2025-10-22 14:45:36,47.84,5857,47.86,D
sz300850,新强联,2025-10-22 14:45:42,47.87,4800,47.84,U
sz300850,新强联,2025-10-22 14:45:51,47.87,21700,47.88,D
sz300850,新强联,2025-10-22 14:45:54,47.87,4500,47.87,D
sz300850,新强联,2025-10-22 14:46:00,47.87,36043,47.87,D
sz300850,新强联,2025-10-22 14:46:03,47.87,29100,47.87,D
sz300850,新强联,2025-10-22 14:46:12,47.89,4700,47.89,D
sz300850,新强联,2025-10-22 14:46:15,47.86,11700,47.89,D
sz300850,新强联,2025-10-22 14:46:27,47.89,4900,47.89,D
sz300850,新强联,2025-10-22 14:46:33,47.9,8900,47.9,U
sz300850,新强联,2025-10-22 14:46:36,47.9,20400,47.9,D
sz300850,新强联,2025-10-22 14:46:39,47.91,23400,47.9,U
sz300850,新强联,2025-10-22 14:46:54,47.91,7100,47.93,D
sz300850,新强联,2025-10-22 14:47:00,47.92,13000,47.93,D
sz300850,新强联,2025-10-22 14:47:03,47.93,10000,47.92,D
sz300850,新强联,2025-10-22 14:47:12,47.93,7200,47.93,D
sz300850,新强联,2025-10-22 14:47:15,47.94,16399,47.93,U
sz300850,新强联,2025-10-22 14:47:18,47.95,7300,47.94,U
sz300850,新强联,2025-10-22 14:47:21,47.94,5800,47.95,D
sz300850,新强联,2025-10-22 14:47:24,47.95,10200,47.94,U
sz300850,新强联,2025-10-22 14:47:30,47.96,13200,47.96,U
sz300850,新强联,2025-10-22 14:47:33,47.96,9200,47.96,U
sz300850,新强联,2025-10-22 14:47:36,47.96,4800,47.96,U
sz300850,新强联,2025-10-22 14:47:39,47.96,5200,47.96,U
