symbol,name,ticktime,price,volume,prev_price,kind
sz300850,新强联,2025-09-16 09:25:00,35.69,46000,0.0,U
sz300850,新强联,2025-09-16 09:30:00,35.76,34763,35.69,U
sz300850,新强联,2025-09-16 09:30:03,35.87,24885,35.76,U
sz300850,新强联,2025-09-16 09:30:06,35.9,9200,35.87,U
sz300850,新强联,2025-09-16 09:30:09,35.99,16073,35.9,U
sz300850,新强联,2025-09-16 09:30:12,35.96,15000,35.99,D
sz300850,新强联,2025-09-16 09:30:15,36.03,20700,35.96,E
sz300850,新强联,2025-09-16 09:30:18,36.0,30800,36.03,D
sz300850,新强联,2025-09-16 09:30:21,35.96,6300,36.0,D
sz300850,新强联,2025-09-16 09:30:24,35.83,14300,35.96,D
sz300850,新强联,2025-09-16 09:30:48,35.81,25400,35.72,U
sz300850,新强联,2025-09-16 09:30:51,35.7,44000,35.81,D
sz300850,新强联,2025-09-16 09:31:00,35.73,8600,35.65,U
sz300850,新强联,2025-09-16 09:31:12,35.65,7200,35.63,U
sz300850,新强联,2025-09-16 09:31:18,35.55,21100,35.61,D
sz300850,新强联,2025-09-16 09:31:21,35.56,8500,35.55,U
sz300850,新强联,2025-09-16 09:31:27,35.55,10500,35.54,U
sz300850,新强联,2025-09-16 09:31:33,35.56,6800,35.52,U
sz300850,新强联,2025-09-16 09:31:48,35.52,13000,35.54,D
sz300850,新强联,2025-09-16 09:31:51,35.52,6500,35.52,D
sz300850,新强联,2025-09-16 09:31:54,35.51,8200,35.52,D
sz300850,新强联,2025-09-16 09:31:57,35.51,17500,35.51,D
sz300850,新强联,2025-09-16 09:32:00,35.51,9000,35.51,U
sz300850,新强联,2025-09-16 09:32:03,35.5,34900,35.51,D
sz300850,新强联,2025-09-16 09:32:15,35.52,5900,35.53,D
sz300850,新强联,2025-09-16 09:32:18,35.55,6600,35.52,U
sz300850,新强联,2025-09-16 09:32:39,35.63,6100,35.57,U
sz300850,新强联,2025-09-16 09:32:45,35.59,16300,35.61,D
sz300850,新强联,2025-09-16 09:33:00,35.62,5700,35.6,U
sz300850,新强联,2025-09-16 09:33:21,35.61,6400,35.61,D
sz300850,新强联,2025-09-16 09:33:24,35.58,20400,35.61,D
sz300850,新强联,2025-09-16 09:33:48,35.58,7600,35.55,U
sz300850,新强联,2025-09-16 09:33:51,35.67,45044,35.58,U
sz300850,新强联,2025-09-16 09:33:54,35.67,9000,35.67,U
sz300850,新强联,2025-09-16 09:34:00,35.67,12334,35.66,U
sz300850,新强联,2025-09-16 09:34:15,35.63,14866,35.68,D
sz300850,新强联,2025-09-16 09:34:24,35.6,6800,35.62,D
sz300850,新强联,2025-09-16 09:34:36,35.62,10000,35.6,U
sz300850,新强联,2025-09-16 09:35:12,35.58,12300,35.62,D
sz300850,新强联,2025-09-16 09:35:15,35.61,24956,35.58,U
sz300850,新强联,2025-09-16 09:35:18,35.58,6300,35.61,U
sz300850,新强联,2025-09-16 09:35:36,35.56,8200,35.57,D
sz300850,新强联,2025-09-16 09:36:39,35.65,29600,35.66,D
sz300850,新强联,2025-09-16 09:36:45,35.68,6400,35.65,U
sz300850,新强联,2025-09-16 09:37:24,35.68,21700,35.67,E
sz300850,新强联,2025-09-16 09:37:33,35.63,10700,35.67,D
sz300850,新强联,2025-09-16 09:37:45,35.6,12700,35.63,D
sz300850,新强联,2025-09-16 09:38:03,35.55,20000,35.59,D
sz300850,新强联,2025-09-16 09:38:15,35.57,11000,35.57,D
sz300850,新强联,2025-09-16 09:38:45,35.57,7200,35.59,D
sz300850,新强联,2025-09-16 09:38:54,35.52,46200,35.57,D
sz300850,新强联,2025-09-16 09:38:57,35.56,9500,35.52,U
sz300850,新强联,2025-09-16 09:39:00,35.51,18300,35.56,D
sz300850,新强联,2025-09-16 09:39:15,35.51,11300,35.53,D
sz300850,新强联,2025-09-16 09:39:21,35.52,16700,35.53,D
sz300850,新强联,2025-09-16 09:39:24,35.5,17600,35.52,D
sz300850,新强联,2025-09-16 09:40:03,35.61,11000,35.62,D
sz300850,新强联,2025-09-16 09:40:15,35.62,12080,35.61,U
sz300850,新强联,2025-09-16 09:40:45,35.58,12800,35.57,U
sz300850,新强联,2025-09-16 09:41:12,35.52,19700,35.6,D
sz300850,新强联,2025-09-16 09:41:15,35.51,6000,35.52,D
sz300850,新强联,2025-09-16 09:41:18,35.52,6500,35.51,U
sz300850,新强联,2025-09-16 09:41:21,35.51,12600,35.52,D
sz300850,新强联,2025-09-16 09:41:24,35.5,29200,35.51,D
sz300850,新强联,2025-09-16 09:41:33,35.48,6900,35.48,D
sz300850,新强联,2025-09-16 09:41:36,35.45,22300,35.48,D
sz300850,新强联,2025-09-16 09:41:45,35.45,12400,35.45,D
sz300850,新强联,2025-09-16 09:41:51,35.47,20600,35.45,U
sz300850,新强联,2025-09-16 09:42:15,35.46,6100,35.47,D
sz300850,新强联,2025-09-16 09:42:27,35.45,22600,35.45,D
sz300850,新强联,2025-09-16 09:42:39,35.49,38600,35.44,U
sz300850,新强联,2025-09-16 09:42:42,35.44,10900,35.49,D
sz300850,新强联,2025-09-16 09:42:45,35.47,32900,35.44,E
sz300850,新强联,2025-09-16 09:42:57,35.46,6700,35.45,U
sz300850,新强联,2025-09-16 09:43:00,35.45,6700,35.46,D
sz300850,新强联,2025-09-16 09:43:06,35.48,7700,35.45,U
sz300850,新强联,2025-09-16 09:43:12,35.48,5900,35.46,E
sz300850,新强联,2025-09-16 09:44:00,35.41,25300,35.47,D
sz300850,新强联,2025-09-16 09:44:06,35.4,8300,35.42,D
sz300850,新强联,2025-09-16 09:44:18,35.45,12900,35.42,U
sz300850,新强联,2025-09-16 09:44:24,35.43,8400,35.45,D
sz300850,新强联,2025-09-16 09:45:03,35.4,20000,35.44,D
sz300850,新强联,2025-09-16 09:45:18,35.39,17000,35.42,D
sz300850,新强联,2025-09-16 09:45:30,35.38,10000,35.39,D
sz300850,新强联,2025-09-16 09:45:36,35.35,23000,35.37,D
sz300850,新强联,2025-09-16 09:45:42,35.38,12900,35.35,U
sz300850,新强联,2025-09-16 09:45:45,35.39,19600,35.38,U
sz300850,新强联,2025-09-16 09:45:51,35.38,24200,35.39,U
sz300850,新强联,2025-09-16 09:46:00,35.44,22000,35.39,U
sz300850,新强联,2025-09-16 09:46:06,35.43,9000,35.44,D
sz300850,新强联,2025-09-16 09:46:09,35.44,7500,35.43,E
sz300850,新强联,2025-09-16 09:46:12,35.45,7600,35.44,U
sz300850,新强联,2025-09-16 09:46:30,35.45,8700,35.47,D
sz300850,新强联,2025-09-16 09:46:42,35.43,19800,35.44,D
sz300850,新强联,2025-09-16 09:46:57,35.4,12800,35.42,D
sz300850,新强联,2025-09-16 09:47:06,35.43,10300,35.42,U
sz300850,新强联,2025-09-16 09:47:15,35.37,13200,35.43,D
sz300850,新强联,2025-09-16 09:47:21,35.45,27100,35.41,U
sz300850,新强联,2025-09-16 09:48:09,35.4,12000,35.38,U
sz300850,新强联,2025-09-16 09:48:12,35.4,15700,35.4,U
sz300850,新强联,2025-09-16 09:48:24,35.45,57500,35.4,U
sz300850,新强联,2025-09-16 09:48:27,35.44,6400,35.45,E
sz300850,新强联,2025-09-16 09:48:39,35.42,7700,35.45,D
sz300850,新强联,2025-09-16 09:48:57,35.42,28990,35.41,U
sz300850,新强联,2025-09-16 09:49:03,35.46,6600,35.41,U
sz300850,新强联,2025-09-16 09:49:42,35.47,21500,35.47,U
sz300850,新强联,2025-09-16 09:49:57,35.47,6200,35.48,D
sz300850,新强联,2025-09-16 09:50:03,35.47,15800,35.47,U
sz300850,新强联,2025-09-16 09:50:15,35.47,33300,35.45,U
sz300850,新强联,2025-09-16 09:51:06,35.45,16400,35.46,D
sz300850,新强联,2025-09-16 09:51:21,35.47,8600,35.45,U
sz300850,新强联,2025-09-16 09:51:36,35.4,9400,35.41,D
sz300850,新强联,2025-09-16 09:51:42,35.44,6700,35.43,U
sz300850,新强联,2025-09-16 09:51:48,35.44,9300,35.43,E
sz300850,新强联,2025-09-16 09:52:06,35.44,22200,35.41,U
sz300850,新强联,2025-09-16 09:52:51,35.5,8500,35.49,U
sz300850,新强联,2025-09-16 09:53:24,35.49,9900,35.49,D
sz300850,新强联,2025-09-16 09:54:00,35.46,12600,35.45,U
sz300850,新强联,2025-09-16 09:54:54,35.51,9900,35.5,U
sz300850,新强联,2025-09-16 09:55:36,35.53,6000,35.53,U
sz300850,新强联,2025-09-16 09:56:00,35.57,7300,35.54,U
sz300850,新强联,2025-09-16 09:56:09,35.65,8200,35.61,U
sz300850,新强联,2025-09-16 09:58:18,35.57,19700,35.58,D
sz300850,新强联,2025-09-16 09:58:30,35.53,6500,35.56,D
sz300850,新强联,2025-09-16 09:59:54,35.59,6300,35.59,U
sz300850,新强联,2025-09-16 10:00:39,35.53,7100,35.54,D
sz300850,新强联,2025-09-16 10:01:21,35.44,11400,35.46,D
sz300850,新强联,2025-09-16 10:01:24,35.4,9700,35.44,D
sz300850,新强联,2025-09-16 10:01:45,35.4,31100,35.44,D
sz300850,新强联,2025-09-16 10:02:00,35.44,6200,35.45,D
sz300850,新强联,2025-09-16 10:02:06,35.47,7100,35.45,U
sz300850,新强联,2025-09-16 10:02:12,35.48,5900,35.47,U
sz300850,新强联,2025-09-16 10:04:45,35.51,5800,35.52,D
sz300850,新强联,2025-09-16 10:04:54,35.5,6100,35.51,D
sz300850,新强联,2025-09-16 10:05:30,35.48,27600,35.53,D
sz300850,新强联,2025-09-16 10:06:39,35.49,15200,35.5,D
sz300850,新强联,2025-09-16 10:06:42,35.49,6900,35.49,U
sz300850,新强联,2025-09-16 10:07:06,35.48,8300,35.49,D
sz300850,新强联,2025-09-16 10:07:21,35.47,6000,35.47,D
sz300850,新强联,2025-09-16 10:07:51,35.48,7700,35.48,U
sz300850,新强联,2025-09-16 10:08:18,35.44,9600,35.44,U
sz300850,新强联,2025-09-16 10:08:54,35.42,10200,35.41,U
sz300850,新强联,2025-09-16 10:09:06,35.46,21600,35.4,U
sz300850,新强联,2025-09-16 10:10:00,35.47,20500,35.46,U
sz300850,新强联,2025-09-16 10:10:18,35.45,7245,35.46,D
sz300850,新强联,2025-09-16 10:10:54,35.45,7855,35.45,D
sz300850,新强联,2025-09-16 10:11:15,35.42,9800,35.44,D
sz300850,新强联,2025-09-16 10:11:54,35.38,8300,35.38,D
sz300850,新强联,2025-09-16 10:12:00,35.37,42900,35.38,D
sz300850,新强联,2025-09-16 10:12:03,35.32,37900,35.37,D
sz300850,新强联,2025-09-16 10:12:33,35.32,7200,35.32,D
sz300850,新强联,2025-09-16 10:12:42,35.32,6700,35.32,D
sz300850,新强联,2025-09-16 10:12:51,35.3,49000,35.31,D
sz300850,新强联,2025-09-16 10:12:54,35.3,9700,35.3,D
sz300850,新强联,2025-09-16 10:13:27,35.28,7900,35.28,D
sz300850,新强联,2025-09-16 10:13:30,35.29,7300,35.28,U
sz300850,新强联,2025-09-16 10:13:33,35.29,23000,35.29,U
sz300850,新强联,2025-09-16 10:13:36,35.3,32300,35.29,U
sz300850,新强联,2025-09-16 10:13:57,35.29,6300,35.28,U
sz300850,新强联,2025-09-16 10:14:00,35.29,11400,35.29,U
sz300850,新强联,2025-09-16 10:14:42,35.29,6100,35.29,D
sz300850,新强联,2025-09-16 10:15:15,35.29,5800,35.29,U
sz300850,新强联,2025-09-16 10:15:24,35.29,7400,35.29,U
sz300850,新强联,2025-09-16 10:15:39,35.29,6200,35.29,U
sz300850,新强联,2025-09-16 10:15:57,35.34,73300,35.28,U
sz300850,新强联,2025-09-16 10:16:15,35.32,22800,35.34,D
sz300850,新强联,2025-09-16 10:16:42,35.28,7900,35.28,U
sz300850,新强联,2025-09-16 10:17:27,35.3,96335,35.29,U
sz300850,新强联,2025-09-16 10:17:57,35.29,6300,35.28,E
sz300850,新强联,2025-09-16 10:18:24,35.31,8400,35.31,U
sz300850,新强联,2025-09-16 10:18:27,35.29,8100,35.31,D
sz300850,新强联,2025-09-16 10:18:39,35.27,19900,35.28,D
sz300850,新强联,2025-09-16 10:18:42,35.26,24400,35.27,D
sz300850,新强联,2025-09-16 10:19:06,35.23,9300,35.25,D
sz300850,新强联,2025-09-16 10:19:48,35.26,6400,35.27,E
sz300850,新强联,2025-09-16 10:20:33,35.24,12900,35.25,D
sz300850,新强联,2025-09-16 10:20:48,35.23,10900,35.23,D
sz300850,新强联,2025-09-16 10:20:51,35.23,11800,35.23,D
sz300850,新强联,2025-09-16 10:21:12,35.21,8800,35.22,D
sz300850,新强联,2025-09-16 10:21:33,35.21,6500,35.22,D
sz300850,新强联,2025-09-16 10:21:39,35.21,10700,35.21,D
sz300850,新强联,2025-09-16 10:21:57,35.2,6200,35.21,D
sz300850,新强联,2025-09-16 10:22:06,35.21,15400,35.21,U
sz300850,新强联,2025-09-16 10:22:09,35.2,6700,35.21,D
sz300850,新强联,2025-09-16 10:22:15,35.22,9500,35.21,U
sz300850,新强联,2025-09-16 10:22:21,35.24,7600,35.21,U
sz300850,新强联,2025-09-16 10:25:12,35.22,6422,35.22,U
sz300850,新强联,2025-09-16 10:25:33,35.2,12200,35.22,D
sz300850,新强联,2025-09-16 10:25:42,35.2,21100,35.2,D
sz300850,新强联,2025-09-16 10:25:45,35.18,69100,35.2,D
sz300850,新强联,2025-09-16 10:26:03,35.16,10800,35.16,D
sz300850,新强联,2025-09-16 10:26:12,35.15,10200,35.16,D
sz300850,新强联,2025-09-16 10:26:24,35.13,7600,35.15,D
sz300850,新强联,2025-09-16 10:26:42,35.17,16500,35.16,U
sz300850,新强联,2025-09-16 10:27:03,35.17,11300,35.17,U
sz300850,新强联,2025-09-16 10:27:06,35.18,17361,35.17,U
sz300850,新强联,2025-09-16 10:27:48,35.13,7000,35.15,D
sz300850,新强联,2025-09-16 10:27:51,35.12,12400,35.13,D
sz300850,新强联,2025-09-16 10:27:54,35.11,19339,35.12,D
sz300850,新强联,2025-09-16 10:28:03,35.1,12400,35.11,D
sz300850,新强联,2025-09-16 10:28:06,35.1,7900,35.1,D
sz300850,新强联,2025-09-16 10:28:24,35.09,15700,35.09,U
sz300850,新强联,2025-09-16 10:28:51,35.12,7000,35.1,U
sz300850,新强联,2025-09-16 10:29:06,35.1,6100,35.11,D
sz300850,新强联,2025-09-16 10:29:09,35.1,14200,35.1,U
sz300850,新强联,2025-09-16 10:29:12,35.1,6100,35.1,D
sz300850,新强联,2025-09-16 10:30:00,35.16,19861,35.12,U
sz300850,新强联,2025-09-16 10:30:06,35.13,20600,35.17,D
sz300850,新强联,2025-09-16 10:30:21,35.16,12000,35.16,U
sz300850,新强联,2025-09-16 10:30:48,35.16,8800,35.13,U
sz300850,新强联,2025-09-16 10:31:00,35.15,8200,35.15,D
sz300850,新强联,2025-09-16 10:31:03,35.17,13070,35.15,U
sz300850,新强联,2025-09-16 10:31:24,35.16,11130,35.18,D
sz300850,新强联,2025-09-16 10:31:27,35.15,20400,35.16,D
sz300850,新强联,2025-09-16 10:31:48,35.1,15000,35.12,D
sz300850,新强联,2025-09-16 10:31:51,35.09,42175,35.1,D
sz300850,新强联,2025-09-16 10:31:54,35.06,15700,35.09,D
sz300850,新强联,2025-09-16 10:32:03,35.05,5900,35.06,D
sz300850,新强联,2025-09-16 10:32:15,35.04,7200,35.04,D
sz300850,新强联,2025-09-16 10:32:18,35.03,7600,35.04,D
sz300850,新强联,2025-09-16 10:32:24,35.03,14000,35.03,D
sz300850,新强联,2025-09-16 10:32:27,35.01,41600,35.03,D
sz300850,新强联,2025-09-16 10:32:36,35.01,12700,35.01,D
sz300850,新强联,2025-09-16 10:32:39,35.02,32900,35.01,U
sz300850,新强联,2025-09-16 10:32:51,35.01,30400,35.01,U
sz300850,新强联,2025-09-16 10:32:57,35.0,6400,35.0,D
sz300850,新强联,2025-09-16 10:33:00,35.0,27700,35.0,D
sz300850,新强联,2025-09-16 10:33:06,35.0,11700,35.01,D
sz300850,新强联,2025-09-16 10:33:09,35.0,15500,35.0,D
sz300850,新强联,2025-09-16 10:33:12,35.0,17100,35.0,D
sz300850,新强联,2025-09-16 10:33:15,34.98,78600,35.0,D
sz300850,新强联,2025-09-16 10:33:21,34.95,6400,34.96,D
sz300850,新强联,2025-09-16 10:33:30,34.98,11300,35.0,D
sz300850,新强联,2025-09-16 10:33:48,35.02,39600,34.98,U
sz300850,新强联,2025-09-16 10:34:30,35.01,19900,35.01,D
sz300850,新强联,2025-09-16 10:35:12,35.05,7600,35.05,U
sz300850,新强联,2025-09-16 10:35:30,35.02,10800,35.03,D
sz300850,新强联,2025-09-16 10:35:45,34.98,20200,35.01,D
sz300850,新强联,2025-09-16 10:36:06,34.98,7000,34.97,U
sz300850,新强联,2025-09-16 10:36:33,34.99,15322,34.97,U
sz300850,新强联,2025-09-16 10:37:06,35.01,12600,35.0,U
sz300850,新强联,2025-09-16 10:38:00,34.98,13100,34.99,D
sz300850,新强联,2025-09-16 10:38:03,34.98,16600,34.98,D
sz300850,新强联,2025-09-16 10:38:12,34.95,6900,34.96,D
sz300850,新强联,2025-09-16 10:38:15,34.96,6600,34.95,U
sz300850,新强联,2025-09-16 10:38:36,34.94,9700,34.94,D
sz300850,新强联,2025-09-16 10:38:39,34.94,7700,34.94,U
sz300850,新强联,2025-09-16 10:38:45,34.94,6300,34.93,U
sz300850,新强联,2025-09-16 10:38:51,34.92,16230,34.93,D
sz300850,新强联,2025-09-16 10:39:00,34.91,9800,34.91,D
sz300850,新强联,2025-09-16 10:39:03,34.9,10500,34.91,D
sz300850,新强联,2025-09-16 10:39:15,34.9,19000,34.9,D
sz300850,新强联,2025-09-16 10:39:18,34.9,16300,34.9,D
sz300850,新强联,2025-09-16 10:39:27,34.89,6100,34.89,U
sz300850,新强联,2025-09-16 10:39:36,34.89,13200,34.89,U
sz300850,新强联,2025-09-16 10:39:42,34.89,8000,34.89,U
sz300850,新强联,2025-09-16 10:39:51,34.9,8700,34.88,U
sz300850,新强联,2025-09-16 10:39:54,34.89,9900,34.9,D
sz300850,新强联,2025-09-16 10:40:03,34.9,11400,34.89,E
sz300850,新强联,2025-09-16 10:40:06,34.92,9900,34.9,U
sz300850,新强联,2025-09-16 10:40:30,34.98,13400,34.97,U
sz300850,新强联,2025-09-16 10:40:48,34.98,8000,34.98,U
sz300850,新强联,2025-09-16 10:41:27,34.96,36130,34.96,U
sz300850,新强联,2025-09-16 10:42:03,34.92,19700,34.93,D
sz300850,新强联,2025-09-16 10:42:30,34.92,6900,34.92,D
sz300850,新强联,2025-09-16 10:42:36,34.91,5900,34.92,D
sz300850,新强联,2025-09-16 10:43:24,34.89,59600,34.91,D
sz300850,新强联,2025-09-16 10:43:27,34.87,36900,34.89,D
sz300850,新强联,2025-09-16 10:43:39,34.88,6300,34.87,U
sz300850,新强联,2025-09-16 10:44:18,34.86,7900,34.87,D
sz300850,新强联,2025-09-16 10:44:33,34.84,31400,34.87,D
sz300850,新强联,2025-09-16 10:44:39,34.88,13000,34.85,U
sz300850,新强联,2025-09-16 10:45:00,34.84,9600,34.84,D
sz300850,新强联,2025-09-16 10:45:03,34.83,6300,34.84,D
sz300850,新强联,2025-09-16 10:45:21,34.83,7800,34.83,D
sz300850,新强联,2025-09-16 10:45:30,34.85,6500,34.84,U
sz300850,新强联,2025-09-16 10:46:00,34.84,7100,34.84,D
sz300850,新强联,2025-09-16 10:46:09,34.84,6300,34.84,U
sz300850,新强联,2025-09-16 10:46:18,34.86,9500,34.84,U
sz300850,新强联,2025-09-16 10:46:21,34.86,6200,34.86,U
sz300850,新强联,2025-09-16 10:46:30,34.89,28200,34.86,U
sz300850,新强联,2025-09-16 10:47:21,34.91,5900,34.91,U
sz300850,新强联,2025-09-16 10:47:57,34.94,6500,34.95,E
sz300850,新强联,2025-09-16 10:48:03,34.94,6200,34.93,U
sz300850,新强联,2025-09-16 10:48:12,34.94,11600,34.93,U
sz300850,新强联,2025-09-16 10:48:33,34.97,9600,34.97,U
sz300850,新强联,2025-09-16 10:48:54,34.95,15000,34.98,D
sz300850,新强联,2025-09-16 10:48:57,34.94,20800,34.95,D
sz300850,新强联,2025-09-16 10:50:00,34.99,9400,35.0,E
sz300850,新强联,2025-09-16 10:50:06,35.0,8400,34.98,U
sz300850,新强联,2025-09-16 10:50:12,34.96,8800,34.96,D
sz300850,新强联,2025-09-16 10:51:00,34.97,7000,34.97,D
sz300850,新强联,2025-09-16 10:51:03,34.97,6200,34.97,D
sz300850,新强联,2025-09-16 10:52:00,34.93,28202,34.96,D
sz300850,新强联,2025-09-16 10:52:03,34.92,10300,34.93,D
sz300850,新强联,2025-09-16 10:52:12,34.88,20500,34.92,D
sz300850,新强联,2025-09-16 10:52:24,34.88,6700,34.88,U
sz300850,新强联,2025-09-16 10:53:00,34.86,9700,34.87,D
sz300850,新强联,2025-09-16 10:53:03,34.84,6400,34.86,D
sz300850,新强联,2025-09-16 10:53:21,34.84,6100,34.83,U
sz300850,新强联,2025-09-16 10:53:42,34.86,13500,34.84,E
sz300850,新强联,2025-09-16 10:53:48,34.84,5800,34.85,D
sz300850,新强联,2025-09-16 10:53:51,34.85,6000,34.84,U
sz300850,新强联,2025-09-16 10:54:12,34.84,9200,34.85,D
sz300850,新强联,2025-09-16 10:54:33,34.84,12000,34.84,U
sz300850,新强联,2025-09-16 10:55:24,34.83,5800,34.84,D
sz300850,新强联,2025-09-16 10:55:27,34.78,140900,34.83,D
sz300850,新强联,2025-09-16 10:55:30,34.77,9100,34.78,D
sz300850,新强联,2025-09-16 10:55:36,34.75,8700,34.78,D
sz300850,新强联,2025-09-16 10:55:42,34.74,11900,34.76,D
sz300850,新强联,2025-09-16 10:55:45,34.75,8700,34.74,U
sz300850,新强联,2025-09-16 10:55:48,34.76,9200,34.75,E
sz300850,新强联,2025-09-16 10:55:54,34.78,14900,34.78,D
sz300850,新强联,2025-09-16 10:55:57,34.75,7200,34.78,D
sz300850,新强联,2025-09-16 10:56:09,34.78,16200,34.73,U
sz300850,新强联,2025-09-16 10:56:12,34.79,6000,34.78,U
sz300850,新强联,2025-09-16 10:57:00,34.75,7200,34.77,D
sz300850,新强联,2025-09-16 10:57:06,34.74,80300,34.76,D
sz300850,新强联,2025-09-16 10:57:09,34.74,6700,34.74,U
sz300850,新强联,2025-09-16 10:57:12,34.7,15400,34.74,D
sz300850,新强联,2025-09-16 10:57:15,34.7,6200,34.7,U
sz300850,新强联,2025-09-16 10:57:21,34.69,19000,34.7,D
sz300850,新强联,2025-09-16 10:57:30,34.67,10600,34.68,D
sz300850,新强联,2025-09-16 10:57:36,34.67,16900,34.68,E
sz300850,新强联,2025-09-16 10:57:39,34.67,9100,34.67,U
sz300850,新强联,2025-09-16 10:57:54,34.66,7100,34.66,U
sz300850,新强联,2025-09-16 10:58:03,34.69,21800,34.67,U
sz300850,新强联,2025-09-16 10:58:06,34.72,11000,34.69,U
sz300850,新强联,2025-09-16 10:58:15,34.72,7900,34.75,D
sz300850,新强联,2025-09-16 10:59:21,34.73,7600,34.71,U
sz300850,新强联,2025-09-16 10:59:48,34.74,7700,34.75,D
sz300850,新强联,2025-09-16 10:59:51,34.78,7000,34.74,U
sz300850,新强联,2025-09-16 11:01:48,34.72,31600,34.74,D
sz300850,新强联,2025-09-16 11:02:00,34.72,8500,34.72,D
sz300850,新强联,2025-09-16 11:02:09,34.73,6200,34.73,U
sz300850,新强联,2025-09-16 11:02:12,34.72,16300,34.73,D
sz300850,新强联,2025-09-16 11:02:51,34.76,11500,34.74,U
sz300850,新强联,2025-09-16 11:03:00,34.79,7000,34.8,D
sz300850,新强联,2025-09-16 11:03:06,34.85,12100,34.8,U
sz300850,新强联,2025-09-16 11:04:06,34.86,10900,34.85,U
sz300850,新强联,2025-09-16 11:04:27,34.86,6700,34.85,U
sz300850,新强联,2025-09-16 11:05:09,34.82,9000,34.8,U
sz300850,新强联,2025-09-16 11:06:00,34.85,7700,34.85,D
sz300850,新强联,2025-09-16 11:07:30,34.84,5800,34.83,U
sz300850,新强联,2025-09-16 11:07:39,34.86,7100,34.84,U
sz300850,新强联,2025-09-16 11:07:42,34.83,6100,34.86,D
sz300850,新强联,2025-09-16 11:08:03,34.87,8300,34.87,U
sz300850,新强联,2025-09-16 11:08:06,34.87,5800,34.87,U
sz300850,新强联,2025-09-16 11:09:06,34.89,10200,34.9,D
sz300850,新强联,2025-09-16 11:09:51,34.88,6100,34.91,D
sz300850,新强联,2025-09-16 11:11:03,34.94,6500,34.93,U
sz300850,新强联,2025-09-16 11:12:33,34.95,7475,34.95,U
sz300850,新强联,2025-09-16 11:15:27,35.02,6100,35.01,U
sz300850,新强联,2025-09-16 11:16:33,34.98,11900,34.95,U
sz300850,新强联,2025-09-16 11:16:51,35.01,20400,35.02,E
sz300850,新强联,2025-09-16 11:18:45,35.09,6200,35.08,U
sz300850,新强联,2025-09-16 11:19:27,35.12,10700,35.13,D
sz300850,新强联,2025-09-16 11:19:48,35.16,8500,35.15,U
sz300850,新强联,2025-09-16 11:20:33,35.16,8800,35.14,U
sz300850,新强联,2025-09-16 11:20:36,35.18,5700,35.16,U
sz300850,新强联,2025-09-16 11:20:42,35.19,9000,35.18,U
sz300850,新强联,2025-09-16 11:21:39,35.14,6000,35.14,U
sz300850,新强联,2025-09-16 11:22:15,35.16,5900,35.14,U
sz300850,新强联,2025-09-16 11:23:09,35.18,7400,35.16,U
sz300850,新强联,2025-09-16 11:23:18,35.19,7300,35.18,U
sz300850,新强联,2025-09-16 11:23:27,35.19,24200,35.19,D
sz300850,新强联,2025-09-16 11:24:27,35.2,12825,35.18,U
sz300850,新强联,2025-09-16 11:25:18,35.26,27800,35.23,U
sz300850,新强联,2025-09-16 11:25:30,35.26,6100,35.26,D
sz300850,新强联,2025-09-16 11:26:06,35.23,21700,35.26,D
sz300850,新强联,2025-09-16 11:26:30,35.2,6100,35.2,D
sz300850,新强联,2025-09-16 11:26:36,35.2,13600,35.2,U
sz300850,新强联,2025-09-16 11:29:00,35.18,9045,35.18,U
sz300850,新强联,2025-09-16 11:29:21,35.19,7145,35.17,U
sz300850,新强联,2025-09-16 11:29:30,35.18,33586,35.22,D
sz300850,新强联,2025-09-16 13:00:00,35.18,6600,35.18,U
sz300850,新强联,2025-09-16 13:00:09,35.18,17100,35.19,D
sz300850,新强联,2025-09-16 13:00:12,35.13,19000,35.18,D
sz300850,新强联,2025-09-16 13:00:42,35.1,8000,35.11,D
sz300850,新强联,2025-09-16 13:00:45,35.11,8200,35.1,E
sz300850,新强联,2025-09-16 13:00:54,35.15,5900,35.1,U
sz300850,新强联,2025-09-16 13:01:00,35.12,5900,35.12,D
sz300850,新强联,2025-09-16 13:02:03,35.06,8600,35.08,D
sz300850,新强联,2025-09-16 13:02:24,35.12,6300,35.09,U
sz300850,新强联,2025-09-16 13:03:00,35.15,6400,35.15,U
sz300850,新强联,2025-09-16 13:04:42,35.05,6100,35.04,U
sz300850,新强联,2025-09-16 13:04:45,35.04,7600,35.05,D
sz300850,新强联,2025-09-16 13:05:15,35.07,6300,35.04,U
sz300850,新强联,2025-09-16 13:06:21,35.12,8500,35.07,U
sz300850,新强联,2025-09-16 13:07:09,35.13,5900,35.11,U
sz300850,新强联,2025-09-16 13:08:36,35.15,17800,35.2,D
sz300850,新强联,2025-09-16 13:09:42,35.22,6800,35.21,U
sz300850,新强联,2025-09-16 13:09:45,35.2,5800,35.22,D
sz300850,新强联,2025-09-16 13:11:06,35.21,7000,35.21,U
sz300850,新强联,2025-09-16 13:13:09,35.25,7300,35.23,U
sz300850,新强联,2025-09-16 13:13:27,35.25,9500,35.27,D
sz300850,新强联,2025-09-16 13:13:30,35.28,8600,35.25,U
sz300850,新强联,2025-09-16 13:14:03,35.28,6400,35.27,U
sz300850,新强联,2025-09-16 13:15:36,35.3,6800,35.3,U
sz300850,新强联,2025-09-16 13:16:15,35.28,6100,35.28,U
sz300850,新强联,2025-09-16 13:17:09,35.28,5700,35.28,D
sz300850,新强联,2025-09-16 13:17:12,35.25,8000,35.28,D
sz300850,新强联,2025-09-16 13:17:57,35.25,8300,35.23,U
sz300850,新强联,2025-09-16 13:18:24,35.21,9400,35.24,D
sz300850,新强联,2025-09-16 13:18:36,35.21,7600,35.21,D
sz300850,新强联,2025-09-16 13:19:57,35.21,9400,35.21,U
sz300850,新强联,2025-09-16 13:22:30,35.19,6500,35.2,D
sz300850,新强联,2025-09-16 13:23:15,35.2,6300,35.19,U
sz300850,新强联,2025-09-16 13:26:06,35.25,10100,35.21,U
sz300850,新强联,2025-09-16 13:26:09,35.21,21500,35.25,D
sz300850,新强联,2025-09-16 13:28:00,35.21,9000,35.25,D
sz300850,新强联,2025-09-16 13:28:33,35.23,15500,35.28,D
sz300850,新强联,2025-09-16 13:29:33,35.28,9800,35.3,D
sz300850,新强联,2025-09-16 13:30:39,35.3,11600,35.3,U
sz300850,新强联,2025-09-16 13:30:57,35.29,6100,35.31,U
sz300850,新强联,2025-09-16 13:32:03,35.31,42500,35.3,U
sz300850,新强联,2025-09-16 13:32:06,35.32,8500,35.31,U
sz300850,新强联,2025-09-16 13:33:00,35.38,11900,35.38,E
sz300850,新强联,2025-09-16 13:33:09,35.38,12400,35.38,U
sz300850,新强联,2025-09-16 13:33:12,35.38,6700,35.38,U
sz300850,新强联,2025-09-16 13:33:24,35.41,7000,35.37,U
sz300850,新强联,2025-09-16 13:33:42,35.47,8200,35.47,U
sz300850,新强联,2025-09-16 13:33:48,35.47,12100,35.45,U
sz300850,新强联,2025-09-16 13:34:00,35.46,11200,35.48,D
sz300850,新强联,2025-09-16 13:34:12,35.5,6100,35.49,U
sz300850,新强联,2025-09-16 13:34:21,35.5,11800,35.5,U
sz300850,新强联,2025-09-16 13:34:30,35.5,17400,35.5,U
sz300850,新强联,2025-09-16 13:34:42,35.5,7500,35.51,E
sz300850,新强联,2025-09-16 13:34:48,35.51,6500,35.51,U
sz300850,新强联,2025-09-16 13:34:51,35.48,6300,35.51,E
sz300850,新强联,2025-09-16 13:35:24,35.54,38700,35.55,D
sz300850,新强联,2025-09-16 13:35:27,35.51,7800,35.54,E
sz300850,新强联,2025-09-16 13:35:42,35.56,6100,35.54,U
sz300850,新强联,2025-09-16 13:35:54,35.56,7200,35.56,U
sz300850,新强联,2025-09-16 13:36:00,35.56,6300,35.56,U
sz300850,新强联,2025-09-16 13:36:21,35.54,17800,35.55,D
sz300850,新强联,2025-09-16 13:36:24,35.54,6800,35.54,U
sz300850,新强联,2025-09-16 13:36:30,35.54,14000,35.54,U
sz300850,新强联,2025-09-16 13:36:42,35.45,7800,35.5,D
sz300850,新强联,2025-09-16 13:37:21,35.45,6000,35.45,D
sz300850,新强联,2025-09-16 13:37:51,35.43,11900,35.46,D
sz300850,新强联,2025-09-16 13:38:00,35.47,14200,35.44,U
sz300850,新强联,2025-09-16 13:38:51,35.48,31600,35.5,D
sz300850,新强联,2025-09-16 13:40:18,35.44,8900,35.44,D
sz300850,新强联,2025-09-16 13:40:24,35.45,15900,35.42,U
sz300850,新强联,2025-09-16 13:40:30,35.44,10500,35.46,D
sz300850,新强联,2025-09-16 13:41:18,35.49,7100,35.45,U
sz300850,新强联,2025-09-16 13:42:45,35.47,34300,35.46,U
sz300850,新强联,2025-09-16 13:44:33,35.48,5700,35.46,U
sz300850,新强联,2025-09-16 13:44:51,35.48,16400,35.48,U
sz300850,新强联,2025-09-16 13:44:57,35.53,12900,35.49,U
sz300850,新强联,2025-09-16 13:45:06,35.54,10900,35.53,U
sz300850,新强联,2025-09-16 13:45:12,35.55,6900,35.54,U
sz300850,新强联,2025-09-16 13:45:15,35.54,25700,35.55,D
sz300850,新强联,2025-09-16 13:45:24,35.54,6900,35.54,E
sz300850,新强联,2025-09-16 13:45:33,35.54,14600,35.55,D
sz300850,新强联,2025-09-16 13:45:36,35.55,8300,35.54,U
sz300850,新强联,2025-09-16 13:45:45,35.58,5800,35.55,U
sz300850,新强联,2025-09-16 13:45:57,35.52,9000,35.55,D
sz300850,新强联,2025-09-16 13:46:00,35.52,9900,35.52,D
sz300850,新强联,2025-09-16 13:46:09,35.58,9900,35.54,U
sz300850,新强联,2025-09-16 13:48:51,35.46,20100,35.46,U
sz300850,新强联,2025-09-16 13:49:39,35.48,7700,35.48,D
sz300850,新强联,2025-09-16 13:50:21,35.48,13100,35.47,U
sz300850,新强联,2025-09-16 13:50:27,35.48,5900,35.48,U
sz300850,新强联,2025-09-16 13:54:06,35.44,6000,35.46,D
sz300850,新强联,2025-09-16 13:55:48,35.41,6700,35.43,D
sz300850,新强联,2025-09-16 13:57:48,35.48,5700,35.46,U
sz300850,新强联,2025-09-16 13:58:57,35.5,12216,35.48,U
sz300850,新强联,2025-09-16 13:59:09,35.55,44500,35.49,U
sz300850,新强联,2025-09-16 13:59:57,35.52,9700,35.51,U
sz300850,新强联,2025-09-16 14:00:09,35.54,6200,35.52,U
sz300850,新强联,2025-09-16 14:00:30,35.57,10100,35.57,U
sz300850,新强联,2025-09-16 14:00:33,35.57,6800,35.57,D
sz300850,新强联,2025-09-16 14:00:39,35.64,33500,35.59,U
sz300850,新强联,2025-09-16 14:00:48,35.65,6300,35.62,U
sz300850,新强联,2025-09-16 14:01:00,35.64,11400,35.65,D
sz300850,新强联,2025-09-16 14:01:09,35.59,13400,35.6,D
sz300850,新强联,2025-09-16 14:01:36,35.57,6300,35.56,U
sz300850,新强联,2025-09-16 14:01:57,35.5,10200,35.55,D
sz300850,新强联,2025-09-16 14:02:00,35.57,13800,35.5,U
sz300850,新强联,2025-09-16 14:04:09,35.61,8500,35.58,U
sz300850,新强联,2025-09-16 14:06:00,35.66,11400,35.65,U
sz300850,新强联,2025-09-16 14:06:09,35.65,8300,35.64,U
sz300850,新强联,2025-09-16 14:06:39,35.6,8500,35.61,D
sz300850,新强联,2025-09-16 14:06:42,35.58,17700,35.6,D
sz300850,新强联,2025-09-16 14:09:30,35.55,7500,35.56,D
sz300850,新强联,2025-09-16 14:11:12,35.52,7500,35.5,U
sz300850,新强联,2025-09-16 14:12:03,35.48,9200,35.49,D
sz300850,新强联,2025-09-16 14:13:03,35.49,11393,35.47,U
sz300850,新强联,2025-09-16 14:13:12,35.47,6600,35.49,D
sz300850,新强联,2025-09-16 14:14:48,35.49,8200,35.49,D
sz300850,新强联,2025-09-16 14:16:21,35.52,27400,35.52,D
sz300850,新强联,2025-09-16 14:16:24,35.52,9000,35.52,D
sz300850,新强联,2025-09-16 14:16:33,35.5,6800,35.5,D
sz300850,新强联,2025-09-16 14:16:39,35.5,6100,35.51,D
sz300850,新强联,2025-09-16 14:18:33,35.49,16400,35.5,D
sz300850,新强联,2025-09-16 14:21:57,35.46,10800,35.47,D
sz300850,新强联,2025-09-16 14:23:51,35.45,12800,35.45,D
sz300850,新强联,2025-09-16 14:23:54,35.44,26500,35.45,D
sz300850,新强联,2025-09-16 14:29:03,35.43,26711,35.43,D
sz300850,新强联,2025-09-16 14:29:12,35.42,7100,35.42,U
sz300850,新强联,2025-09-16 14:29:36,35.4,24300,35.41,D
sz300850,新强联,2025-09-16 14:29:42,35.38,7300,35.39,D
sz300850,新强联,2025-09-16 14:30:03,35.4,23560,35.39,U
sz300850,新强联,2025-09-16 14:31:33,35.38,5700,35.39,D
sz300850,新强联,2025-09-16 14:31:36,35.41,24900,35.38,U
sz300850,新强联,2025-09-16 14:32:00,35.42,6700,35.41,U
sz300850,新强联,2025-09-16 14:34:00,35.43,12400,35.42,U
sz300850,新强联,2025-09-16 14:34:09,35.44,7500,35.43,U
sz300850,新强联,2025-09-16 14:34:48,35.41,6100,35.42,D
sz300850,新强联,2025-09-16 14:34:51,35.4,9700,35.41,D
sz300850,新强联,2025-09-16 14:35:18,35.41,26471,35.4,U
sz300850,新强联,2025-09-16 14:37:12,35.4,11900,35.4,U
sz300850,新强联,2025-09-16 14:39:21,35.4,5800,35.41,D
sz300850,新强联,2025-09-16 14:40:48,35.4,10500,35.41,D
sz300850,新强联,2025-09-16 14:42:12,35.4,9661,35.41,D
sz300850,新强联,2025-09-16 14:42:18,35.39,7300,35.4,D
sz300850,新强联,2025-09-16 14:43:51,35.4,15519,35.4,D
sz300850,新强联,2025-09-16 14:43:54,35.39,6181,35.4,D
sz300850,新强联,2025-09-16 14:44:00,35.39,17000,35.39,D
sz300850,新强联,2025-09-16 14:44:09,35.37,17000,35.38,D
sz300850,新强联,2025-09-16 14:45:30,35.38,18272,35.4,D
sz300850,新强联,2025-09-16 14:46:00,35.38,6600,35.39,D
sz300850,新强联,2025-09-16 14:46:03,35.38,7400,35.38,D
sz300850,新强联,2025-09-16 14:47:12,35.38,23300,35.39,D
sz300850,新强联,2025-09-16 14:47:27,35.37,29800,35.39,D
sz300850,新强联,2025-09-16 14:47:33,35.39,8300,35.38,U
sz300850,新强联,2025-09-16 14:47:36,35.39,6100,35.39,U
sz300850,新强联,2025-09-16 14:48:12,35.4,11600,35.4,U
sz300850,新强联,2025-09-16 14:49:00,35.41,7200,35.4,U
sz300850,新强联,2025-09-16 14:49:03,35.4,6000,35.41,D
sz300850,新强联,2025-09-16 14:49:30,35.39,5900,35.4,D
sz300850,新强联,2025-09-16 14:49:39,35.39,10340,35.39,D
sz300850,新强联,2025-09-16 14:50:03,35.37,33000,35.38,D
sz300850,新强联,2025-09-16 14:51:00,35.38,6800,35.39,D
sz300850,新强联,2025-09-16 14:52:06,35.4,8700,35.4,D
sz300850,新强联,2025-09-16 14:53:30,35.4,8300,35.41,D
sz300850,新强联,2025-09-16 14:53:54,35.4,7300,35.41,D
sz300850,新强联,2025-09-16 14:54:15,35.4,46600,35.41,D
sz300850,新强联,2025-09-16 14:54:21,35.4,14100,35.39,U
sz300850,新强联,2025-09-16 14:55:09,35.41,9300,35.4,U
sz300850,新强联,2025-09-16 14:55:36,35.41,10400,35.42,D
sz300850,新强联,2025-09-16 14:55:39,35.42,12800,35.41,U
sz300850,新强联,2025-09-16 14:56:09,35.41,5900,35.4,U
sz300850,新强联,2025-09-16 14:56:39,35.4,8266,35.4,D
sz300850,新强联,2025-09-16 14:56:45,35.4,8766,35.4,D
sz300850,新强联,2025-09-16 14:56:51,35.4,8700,35.39,U
sz300850,新强联,2025-09-16 15:00:00,35.43,115795,35.4,U
