symbol,name,ticktime,price,volume,prev_price,kind
sz000498,山东路桥,2025-09-17 09:25:00,6.27,39200,0.0,E
sz000498,山东路桥,2025-09-17 09:30:00,6.27,21000,6.27,D
sz000498,山东路桥,2025-09-17 09:30:03,6.27,158500,6.27,D
sz000498,山东路桥,2025-09-17 09:30:30,6.25,51900,6.26,D
sz000498,山东路桥,2025-09-17 09:31:00,6.25,36800,6.26,D
sz000498,山东路桥,2025-09-17 09:31:27,6.27,20600,6.26,U
sz000498,山东路桥,2025-09-17 09:32:18,6.26,50200,6.27,D
sz000498,山东路桥,2025-09-17 09:32:36,6.26,32300,6.27,D
sz000498,山东路桥,2025-09-17 09:33:12,6.26,21200,6.26,D
sz000498,山东路桥,2025-09-17 09:33:33,6.25,23600,6.25,D
sz000498,山东路桥,2025-09-17 09:33:39,6.26,104500,6.25,U
sz000498,山东路桥,2025-09-17 09:34:18,6.26,33000,6.25,U
sz000498,山东路桥,2025-09-17 09:35:06,6.25,32900,6.25,D
sz000498,山东路桥,2025-09-17 09:35:24,6.26,96100,6.25,U
sz000498,山东路桥,2025-09-17 09:35:27,6.25,163800,6.26,D
sz000498,山东路桥,2025-09-17 09:35:30,6.25,24500,6.25,D
sz000498,山东路桥,2025-09-17 09:36:03,6.25,44600,6.25,D
sz000498,山东路桥,2025-09-17 09:37:48,6.25,170600,6.25,U
sz000498,山东路桥,2025-09-17 09:38:03,6.24,27900,6.25,D
sz000498,山东路桥,2025-09-17 09:39:06,6.24,25300,6.24,D
sz000498,山东路桥,2025-09-17 09:39:12,6.24,37000,6.24,D
sz000498,山东路桥,2025-09-17 09:40:42,6.24,35200,6.25,D
sz000498,山东路桥,2025-09-17 09:40:54,6.24,48100,6.24,D
sz000498,山东路桥,2025-09-17 09:44:39,6.24,395500,6.24,D
sz000498,山东路桥,2025-09-17 09:45:42,6.24,198900,6.25,D
sz000498,山东路桥,2025-09-17 09:46:06,6.24,31800,6.24,D
sz000498,山东路桥,2025-09-17 09:46:27,6.24,80200,6.25,D
sz000498,山东路桥,2025-09-17 09:46:36,6.25,106900,6.24,U
sz000498,山东路桥,2025-09-17 09:47:03,6.25,23500,6.25,U
sz000498,山东路桥,2025-09-17 09:50:03,6.24,26700,6.24,D
sz000498,山东路桥,2025-09-17 09:53:09,6.25,23100,6.25,U
sz000498,山东路桥,2025-09-17 09:53:18,6.25,114100,6.25,U
sz000498,山东路桥,2025-09-17 09:54:09,6.24,60600,6.24,D
sz000498,山东路桥,2025-09-17 09:55:06,6.24,265700,6.24,D
sz000498,山东路桥,2025-09-17 09:57:45,6.23,576800,6.23,D
sz000498,山东路桥,2025-09-17 09:57:48,6.23,102200,6.23,D
sz000498,山东路桥,2025-09-17 09:58:36,6.22,49400,6.23,D
sz000498,山东路桥,2025-09-17 09:59:39,6.22,26400,6.22,D
sz000498,山东路桥,2025-09-17 09:59:42,6.22,20400,6.22,D
sz000498,山东路桥,2025-09-17 09:59:48,6.21,337800,6.22,D
sz000498,山东路桥,2025-09-17 10:00:06,6.21,26500,6.21,D
sz000498,山东路桥,2025-09-17 10:00:57,6.21,64800,6.21,D
sz000498,山东路桥,2025-09-17 10:01:06,6.21,21300,6.22,D
sz000498,山东路桥,2025-09-17 10:01:36,6.21,67300,6.21,D
sz000498,山东路桥,2025-09-17 10:01:48,6.21,27400,6.21,U
sz000498,山东路桥,2025-09-17 10:01:51,6.21,120100,6.21,U
sz000498,山东路桥,2025-09-17 10:02:00,6.2,24400,6.21,D
sz000498,山东路桥,2025-09-17 10:03:09,6.2,22000,6.2,D
sz000498,山东路桥,2025-09-17 10:03:21,6.2,30500,6.2,D
sz000498,山东路桥,2025-09-17 10:04:03,6.2,152300,6.2,D
sz000498,山东路桥,2025-09-17 10:04:24,6.2,107900,6.2,D
sz000498,山东路桥,2025-09-17 10:04:30,6.2,20900,6.2,D
sz000498,山东路桥,2025-09-17 10:04:54,6.2,51300,6.21,D
sz000498,山东路桥,2025-09-17 10:05:54,6.2,50400,6.2,D
sz000498,山东路桥,2025-09-17 10:06:18,6.2,53700,6.21,D
sz000498,山东路桥,2025-09-17 10:06:48,6.2,29000,6.2,D
sz000498,山东路桥,2025-09-17 10:07:21,6.2,20700,6.2,D
sz000498,山东路桥,2025-09-17 10:08:12,6.2,44900,6.2,D
sz000498,山东路桥,2025-09-17 10:09:09,6.2,41900,6.2,U
sz000498,山东路桥,2025-09-17 10:09:18,6.19,23000,6.19,D
sz000498,山东路桥,2025-09-17 10:09:45,6.2,40400,6.2,U
sz000498,山东路桥,2025-09-17 10:10:42,6.2,277600,6.2,U
sz000498,山东路桥,2025-09-17 10:10:45,6.2,25700,6.2,D
sz000498,山东路桥,2025-09-17 10:10:57,6.22,163100,6.21,U
sz000498,山东路桥,2025-09-17 10:11:00,6.22,30900,6.22,U
sz000498,山东路桥,2025-09-17 10:11:30,6.22,53300,6.22,U
sz000498,山东路桥,2025-09-17 10:17:12,6.22,244500,6.21,U
sz000498,山东路桥,2025-09-17 10:17:15,6.23,41200,6.22,U
sz000498,山东路桥,2025-09-17 10:17:21,6.24,175500,6.23,U
sz000498,山东路桥,2025-09-17 10:17:24,6.24,101300,6.24,U
sz000498,山东路桥,2025-09-17 10:17:27,6.24,67000,6.24,D
sz000498,山东路桥,2025-09-17 10:18:18,6.24,39500,6.25,D
sz000498,山东路桥,2025-09-17 10:18:30,6.24,50100,6.24,D
sz000498,山东路桥,2025-09-17 10:19:03,6.24,61400,6.24,U
sz000498,山东路桥,2025-09-17 10:19:21,6.26,444100,6.25,U
sz000498,山东路桥,2025-09-17 10:19:24,6.27,80200,6.26,U
sz000498,山东路桥,2025-09-17 10:20:09,6.27,33400,6.26,U
sz000498,山东路桥,2025-09-17 10:20:21,6.28,199700,6.26,U
sz000498,山东路桥,2025-09-17 10:20:36,6.28,24400,6.27,U
sz000498,山东路桥,2025-09-17 10:21:39,6.28,58700,6.28,U
sz000498,山东路桥,2025-09-17 10:22:00,6.28,58700,6.28,U
sz000498,山东路桥,2025-09-17 10:22:06,6.28,35400,6.28,U
sz000498,山东路桥,2025-09-17 10:22:24,6.28,55665,6.28,D
sz000498,山东路桥,2025-09-17 10:23:00,6.28,26600,6.27,U
sz000498,山东路桥,2025-09-17 10:23:27,6.27,25000,6.27,D
sz000498,山东路桥,2025-09-17 10:23:42,6.27,62100,6.27,D
sz000498,山东路桥,2025-09-17 10:24:45,6.27,22800,6.27,D
sz000498,山东路桥,2025-09-17 10:25:57,6.27,31100,6.27,U
sz000498,山东路桥,2025-09-17 10:27:42,6.27,33600,6.27,D
sz000498,山东路桥,2025-09-17 10:28:09,6.28,44700,6.28,U
sz000498,山东路桥,2025-09-17 10:28:12,6.28,25200,6.28,U
sz000498,山东路桥,2025-09-17 10:29:06,6.29,410435,6.28,U
sz000498,山东路桥,2025-09-17 10:29:12,6.28,20000,6.29,D
sz000498,山东路桥,2025-09-17 10:30:06,6.28,78500,6.29,D
sz000498,山东路桥,2025-09-17 10:30:09,6.29,24000,6.28,U
sz000498,山东路桥,2025-09-17 10:32:06,6.29,38300,6.29,U
sz000498,山东路桥,2025-09-17 10:33:06,6.29,138900,6.29,U
sz000498,山东路桥,2025-09-17 10:33:51,6.29,100800,6.29,U
sz000498,山东路桥,2025-09-17 10:33:54,6.28,25100,6.29,D
sz000498,山东路桥,2025-09-17 10:34:06,6.29,142400,6.29,U
sz000498,山东路桥,2025-09-17 10:34:09,6.3,40500,6.29,U
sz000498,山东路桥,2025-09-17 10:34:54,6.3,21900,6.3,U
sz000498,山东路桥,2025-09-17 10:35:09,6.29,182900,6.3,D
sz000498,山东路桥,2025-09-17 10:37:03,6.29,21200,6.29,U
sz000498,山东路桥,2025-09-17 10:38:00,6.29,24600,6.28,U
sz000498,山东路桥,2025-09-17 10:41:03,6.28,50200,6.28,D
sz000498,山东路桥,2025-09-17 10:41:30,6.28,29700,6.29,D
sz000498,山东路桥,2025-09-17 10:43:18,6.28,72500,6.28,D
sz000498,山东路桥,2025-09-17 10:46:27,6.28,64300,6.27,U
sz000498,山东路桥,2025-09-17 10:46:30,6.29,21200,6.28,U
sz000498,山东路桥,2025-09-17 10:47:30,6.28,50700,6.28,D
sz000498,山东路桥,2025-09-17 10:49:21,6.29,38900,6.29,U
sz000498,山东路桥,2025-09-17 10:49:27,6.29,25500,6.29,U
sz000498,山东路桥,2025-09-17 10:50:06,6.29,48000,6.29,U
sz000498,山东路桥,2025-09-17 10:50:09,6.3,37600,6.29,U
sz000498,山东路桥,2025-09-17 10:50:39,6.31,289001,6.3,U
sz000498,山东路桥,2025-09-17 10:56:24,6.3,62600,6.31,D
sz000498,山东路桥,2025-09-17 10:56:27,6.3,37600,6.3,D
sz000498,山东路桥,2025-09-17 10:59:51,6.3,41100,6.31,D
sz000498,山东路桥,2025-09-17 11:00:18,6.29,71099,6.3,D
sz000498,山东路桥,2025-09-17 11:02:30,6.29,48500,6.29,D
sz000498,山东路桥,2025-09-17 11:04:06,6.3,63600,6.29,U
sz000498,山东路桥,2025-09-17 11:05:09,6.3,57900,6.3,U
sz000498,山东路桥,2025-09-17 11:05:18,6.3,24600,6.3,U
sz000498,山东路桥,2025-09-17 11:06:48,6.3,39000,6.3,U
sz000498,山东路桥,2025-09-17 11:11:57,6.29,48200,6.3,D
sz000498,山东路桥,2025-09-17 11:14:39,6.29,57600,6.29,D
sz000498,山东路桥,2025-09-17 11:14:51,6.29,66700,6.29,U
sz000498,山东路桥,2025-09-17 11:15:48,6.29,150400,6.29,D
sz000498,山东路桥,2025-09-17 11:21:45,6.3,20700,6.3,U
sz000498,山东路桥,2025-09-17 11:22:30,6.3,46500,6.3,U
sz000498,山东路桥,2025-09-17 11:22:54,6.3,124400,6.3,U
sz000498,山东路桥,2025-09-17 11:27:15,6.3,26100,6.3,D
sz000498,山东路桥,2025-09-17 11:28:36,6.3,112700,6.3,D
sz000498,山东路桥,2025-09-17 13:00:42,6.3,47200,6.3,D
sz000498,山东路桥,2025-09-17 13:01:51,6.29,43000,6.29,D
sz000498,山东路桥,2025-09-17 13:06:00,6.29,33800,6.3,D
sz000498,山东路桥,2025-09-17 13:09:09,6.28,116400,6.28,D
sz000498,山东路桥,2025-09-17 13:09:12,6.28,20000,6.28,D
sz000498,山东路桥,2025-09-17 13:15:24,6.28,30500,6.28,D
sz000498,山东路桥,2025-09-17 13:15:27,6.28,31700,6.28,U
sz000498,山东路桥,2025-09-17 13:15:57,6.28,67900,6.28,U
sz000498,山东路桥,2025-09-17 13:20:00,6.28,21300,6.28,U
sz000498,山东路桥,2025-09-17 13:30:33,6.27,75600,6.27,D
sz000498,山东路桥,2025-09-17 13:31:21,6.27,32400,6.27,D
sz000498,山东路桥,2025-09-17 13:34:09,6.27,69900,6.27,U
sz000498,山东路桥,2025-09-17 13:41:42,6.27,200100,6.27,D
sz000498,山东路桥,2025-09-17 13:42:09,6.27,132500,6.28,D
sz000498,山东路桥,2025-09-17 13:50:36,6.27,20100,6.28,D
sz000498,山东路桥,2025-09-17 13:53:00,6.27,22700,6.28,D
sz000498,山东路桥,2025-09-17 14:08:03,6.27,26700,6.27,D
sz000498,山东路桥,2025-09-17 14:08:33,6.27,26900,6.27,D
sz000498,山东路桥,2025-09-17 14:08:51,6.27,21600,6.27,D
sz000498,山东路桥,2025-09-17 14:14:33,6.27,33400,6.27,D
sz000498,山东路桥,2025-09-17 14:20:54,6.27,29000,6.28,D
sz000498,山东路桥,2025-09-17 14:24:03,6.27,26800,6.28,D
sz000498,山东路桥,2025-09-17 14:28:39,6.27,33500,6.27,D
sz000498,山东路桥,2025-09-17 14:28:45,6.27,84000,6.27,D
sz000498,山东路桥,2025-09-17 14:28:48,6.27,59200,6.27,D
sz000498,山东路桥,2025-09-17 14:29:33,6.27,134200,6.27,U
sz000498,山东路桥,2025-09-17 14:30:42,6.27,21200,6.27,U
sz000498,山东路桥,2025-09-17 14:31:39,6.26,35500,6.27,D
sz000498,山东路桥,2025-09-17 14:32:18,6.26,62800,6.26,D
sz000498,山东路桥,2025-09-17 14:32:21,6.26,21900,6.26,D
sz000498,山东路桥,2025-09-17 14:33:09,6.26,30000,6.26,D
sz000498,山东路桥,2025-09-17 14:36:51,6.25,22000,6.25,D
sz000498,山东路桥,2025-09-17 14:37:42,6.25,140500,6.26,D
sz000498,山东路桥,2025-09-17 14:40:30,6.25,22200,6.25,D
sz000498,山东路桥,2025-09-17 14:41:18,6.26,35000,6.25,U
sz000498,山东路桥,2025-09-17 14:41:30,6.25,41100,6.26,D
sz000498,山东路桥,2025-09-17 14:43:00,6.26,268834,6.25,U
sz000498,山东路桥,2025-09-17 14:43:30,6.26,206100,6.26,U
sz000498,山东路桥,2025-09-17 14:48:12,6.26,50300,6.26,D
sz000498,山东路桥,2025-09-17 14:48:57,6.26,27100,6.27,D
sz000498,山东路桥,2025-09-17 14:51:27,6.26,119400,6.27,D
sz000498,山东路桥,2025-09-17 14:51:51,6.26,24600,6.26,U
sz000498,山东路桥,2025-09-17 14:54:03,6.25,20500,6.25,D
sz000498,山东路桥,2025-09-17 14:54:15,6.25,100000,6.26,D
sz000498,山东路桥,2025-09-17 14:56:12,6.26,20700,6.26,U
sz000498,山东路桥,2025-09-17 14:56:15,6.25,30800,6.26,D
sz000498,山东路桥,2025-09-17 15:00:00,6.26,79500,6.26,E
