symbol,name,ticktime,price,volume,prev_price,kind
sz000498,山东路桥,2025-10-22 09:25:00,6.29,67800,0.0,E
sz000498,山东路桥,2025-10-22 09:30:00,6.3,24500,6.29,U
sz000498,山东路桥,2025-10-22 09:30:03,6.32,95100,6.3,U
sz000498,山东路桥,2025-10-22 09:30:06,6.32,42300,6.32,D
sz000498,山东路桥,2025-10-22 09:30:12,6.33,27300,6.33,U
sz000498,山东路桥,2025-10-22 09:30:15,6.33,47100,6.33,U
sz000498,山东路桥,2025-10-22 09:30:21,6.34,102900,6.33,U
sz000498,山东路桥,2025-10-22 09:30:24,6.35,115300,6.34,U
sz000498,山东路桥,2025-10-22 09:30:27,6.36,91800,6.35,U
sz000498,山东路桥,2025-10-22 09:30:30,6.36,32400,6.36,D
sz000498,山东路桥,2025-10-22 09:30:36,6.34,51200,6.36,D
sz000498,山东路桥,2025-10-22 09:30:39,6.34,28000,6.34,U
sz000498,山东路桥,2025-10-22 09:30:45,6.33,30700,6.34,D
sz000498,山东路桥,2025-10-22 09:30:48,6.32,70600,6.33,D
sz000498,山东路桥,2025-10-22 09:32:12,6.33,31500,6.33,D
sz000498,山东路桥,2025-10-22 09:33:21,6.34,24900,6.34,U
sz000498,山东路桥,2025-10-22 09:34:36,6.34,23200,6.34,U
sz000498,山东路桥,2025-10-22 09:35:12,6.34,21600,6.33,U
sz000498,山东路桥,2025-10-22 09:35:27,6.34,23500,6.33,U
sz000498,山东路桥,2025-10-22 09:37:18,6.33,27800,6.33,D
sz000498,山东路桥,2025-10-22 09:37:21,6.34,41700,6.33,U
sz000498,山东路桥,2025-10-22 09:39:15,6.33,54900,6.33,D
sz000498,山东路桥,2025-10-22 09:39:24,6.33,39900,6.33,D
sz000498,山东路桥,2025-10-22 09:40:18,6.33,25600,6.33,D
sz000498,山东路桥,2025-10-22 09:41:03,6.33,54400,6.33,D
sz000498,山东路桥,2025-10-22 09:41:27,6.34,66900,6.33,U
sz000498,山东路桥,2025-10-22 09:41:30,6.34,41600,6.34,U
sz000498,山东路桥,2025-10-22 09:43:39,6.35,39100,6.35,U
sz000498,山东路桥,2025-10-22 09:43:42,6.35,41800,6.35,U
sz000498,山东路桥,2025-10-22 09:43:45,6.35,49300,6.35,U
sz000498,山东路桥,2025-10-22 09:45:00,6.34,38700,6.35,D
sz000498,山东路桥,2025-10-22 09:45:57,6.35,23500,6.34,U
sz000498,山东路桥,2025-10-22 09:46:03,6.35,25500,6.35,U
sz000498,山东路桥,2025-10-22 09:52:51,6.35,31300,6.36,D
sz000498,山东路桥,2025-10-22 09:57:00,6.36,38000,6.35,U
sz000498,山东路桥,2025-10-22 09:57:03,6.36,77100,6.36,U
sz000498,山东路桥,2025-10-22 09:58:03,6.36,21500,6.36,U
sz000498,山东路桥,2025-10-22 09:58:21,6.36,210300,6.36,U
sz000498,山东路桥,2025-10-22 09:58:48,6.37,112600,6.37,U
sz000498,山东路桥,2025-10-22 09:58:54,6.37,158600,6.37,U
sz000498,山东路桥,2025-10-22 09:58:57,6.37,35500,6.37,U
sz000498,山东路桥,2025-10-22 09:59:00,6.37,25500,6.37,U
sz000498,山东路桥,2025-10-22 09:59:18,6.37,52400,6.37,U
sz000498,山东路桥,2025-10-22 10:01:33,6.37,33700,6.36,U
sz000498,山东路桥,2025-10-22 10:01:36,6.37,31700,6.37,U
sz000498,山东路桥,2025-10-22 10:02:33,6.37,299800,6.36,U
sz000498,山东路桥,2025-10-22 10:04:24,6.38,32600,6.37,U
sz000498,山东路桥,2025-10-22 10:04:42,6.38,30200,6.38,U
sz000498,山东路桥,2025-10-22 10:05:12,6.37,222700,6.38,D
sz000498,山东路桥,2025-10-22 10:05:18,6.36,134500,6.37,D
sz000498,山东路桥,2025-10-22 10:06:36,6.37,47000,6.36,U
sz000498,山东路桥,2025-10-22 10:07:12,6.36,30700,6.36,D
sz000498,山东路桥,2025-10-22 10:07:18,6.36,32500,6.37,D
sz000498,山东路桥,2025-10-22 10:07:21,6.36,29900,6.36,D
sz000498,山东路桥,2025-10-22 10:09:45,6.36,33200,6.36,U
sz000498,山东路桥,2025-10-22 10:10:33,6.36,21700,6.36,U
sz000498,山东路桥,2025-10-22 10:10:39,6.35,28100,6.36,D
sz000498,山东路桥,2025-10-22 10:13:15,6.36,109300,6.36,U
sz000498,山东路桥,2025-10-22 10:15:21,6.37,21500,6.36,U
sz000498,山东路桥,2025-10-22 10:15:24,6.36,152200,6.37,D
sz000498,山东路桥,2025-10-22 10:15:54,6.36,20200,6.36,U
sz000498,山东路桥,2025-10-22 10:16:09,6.36,50000,6.36,U
sz000498,山东路桥,2025-10-22 10:20:45,6.36,95100,6.36,U
sz000498,山东路桥,2025-10-22 10:22:36,6.36,36800,6.35,U
sz000498,山东路桥,2025-10-22 10:26:21,6.36,31500,6.35,U
sz000498,山东路桥,2025-10-22 10:29:36,6.35,38100,6.36,D
sz000498,山东路桥,2025-10-22 10:34:09,6.36,30000,6.36,U
sz000498,山东路桥,2025-10-22 10:36:45,6.34,530500,6.35,D
sz000498,山东路桥,2025-10-22 10:39:15,6.36,272600,6.34,U
sz000498,山东路桥,2025-10-22 10:39:18,6.36,29400,6.36,U
sz000498,山东路桥,2025-10-22 10:44:27,6.36,53900,6.35,U
sz000498,山东路桥,2025-10-22 10:47:15,6.36,27100,6.36,U
sz000498,山东路桥,2025-10-22 10:48:42,6.35,23600,6.36,D
sz000498,山东路桥,2025-10-22 10:56:33,6.36,25100,6.36,U
sz000498,山东路桥,2025-10-22 10:58:27,6.36,35600,6.36,U
sz000498,山东路桥,2025-10-22 10:59:42,6.35,97800,6.35,D
sz000498,山东路桥,2025-10-22 10:59:45,6.35,45000,6.35,U
sz000498,山东路桥,2025-10-22 11:13:09,6.35,53100,6.35,U
sz000498,山东路桥,2025-10-22 11:18:06,6.36,162600,6.36,U
sz000498,山东路桥,2025-10-22 11:19:06,6.36,94600,6.36,D
sz000498,山东路桥,2025-10-22 11:21:48,6.35,76600,6.35,D
sz000498,山东路桥,2025-10-22 11:24:30,6.36,69000,6.35,U
sz000498,山东路桥,2025-10-22 13:00:03,6.35,45300,6.36,D
sz000498,山东路桥,2025-10-22 13:00:06,6.36,32300,6.35,U
sz000498,山东路桥,2025-10-22 13:00:09,6.36,20500,6.36,U
sz000498,山东路桥,2025-10-22 13:01:39,6.35,41300,6.36,D
sz000498,山东路桥,2025-10-22 13:03:57,6.36,31400,6.36,U
sz000498,山东路桥,2025-10-22 13:04:15,6.36,81800,6.36,U
sz000498,山东路桥,2025-10-22 13:04:36,6.36,20100,6.36,U
sz000498,山东路桥,2025-10-22 13:06:09,6.36,34600,6.35,U
sz000498,山东路桥,2025-10-22 13:08:00,6.37,60400,6.36,U
sz000498,山东路桥,2025-10-22 13:10:03,6.37,26700,6.37,U
sz000498,山东路桥,2025-10-22 13:10:54,6.36,34800,6.36,D
sz000498,山东路桥,2025-10-22 13:11:12,6.37,48800,6.36,U
sz000498,山东路桥,2025-10-22 13:11:51,6.36,30400,6.37,D
sz000498,山东路桥,2025-10-22 13:12:54,6.35,33600,6.36,D
sz000498,山东路桥,2025-10-22 13:16:00,6.36,31300,6.36,U
sz000498,山东路桥,2025-10-22 13:23:12,6.36,23800,6.36,U
sz000498,山东路桥,2025-10-22 13:25:39,6.35,24800,6.35,D
sz000498,山东路桥,2025-10-22 13:29:27,6.34,39200,6.35,D
sz000498,山东路桥,2025-10-22 13:35:57,6.35,24600,6.35,U
sz000498,山东路桥,2025-10-22 13:39:03,6.34,142800,6.34,D
sz000498,山东路桥,2025-10-22 13:40:54,6.34,59600,6.34,U
sz000498,山东路桥,2025-10-22 13:41:27,6.34,39900,6.34,U
sz000498,山东路桥,2025-10-22 13:46:09,6.35,23600,6.35,U
sz000498,山东路桥,2025-10-22 13:47:33,6.35,38200,6.35,U
sz000498,山东路桥,2025-10-22 13:48:21,6.34,84800,6.36,D
sz000498,山东路桥,2025-10-22 13:59:15,6.34,23200,6.34,D
sz000498,山东路桥,2025-10-22 13:59:33,6.34,20800,6.34,D
sz000498,山东路桥,2025-10-22 14:00:39,6.34,48300,6.34,D
sz000498,山东路桥,2025-10-22 14:00:42,6.34,23700,6.34,D
sz000498,山东路桥,2025-10-22 14:00:54,6.34,35400,6.34,D
sz000498,山东路桥,2025-10-22 14:02:06,6.34,20700,6.34,D
sz000498,山东路桥,2025-10-22 14:13:03,6.35,24300,6.35,U
sz000498,山东路桥,2025-10-22 14:13:09,6.35,66900,6.35,U
sz000498,山东路桥,2025-10-22 14:13:12,6.35,26400,6.35,U
sz000498,山东路桥,2025-10-22 14:13:45,6.35,24000,6.35,U
sz000498,山东路桥,2025-10-22 14:15:03,6.34,20600,6.35,D
sz000498,山东路桥,2025-10-22 14:19:57,6.36,40200,6.36,U
sz000498,山东路桥,2025-10-22 14:20:03,6.34,32000,6.36,D
sz000498,山东路桥,2025-10-22 14:20:21,6.34,21200,6.35,D
sz000498,山东路桥,2025-10-22 14:20:48,6.35,22600,6.36,D
sz000498,山东路桥,2025-10-22 14:20:51,6.35,22900,6.35,D
sz000498,山东路桥,2025-10-22 14:22:06,6.35,50500,6.36,D
sz000498,山东路桥,2025-10-22 14:22:33,6.35,64000,6.35,D
sz000498,山东路桥,2025-10-22 14:22:36,6.34,23400,6.35,D
sz000498,山东路桥,2025-10-22 14:22:42,6.35,33600,6.35,U
sz000498,山东路桥,2025-10-22 14:27:21,6.34,52400,6.35,D
sz000498,山东路桥,2025-10-22 14:31:42,6.35,23500,6.35,D
sz000498,山东路桥,2025-10-22 14:31:45,6.35,45400,6.35,D
sz000498,山东路桥,2025-10-22 14:32:06,6.35,88700,6.35,D
sz000498,山东路桥,2025-10-22 14:34:18,6.35,24000,6.35,U
sz000498,山东路桥,2025-10-22 14:36:24,6.35,52500,6.35,U
sz000498,山东路桥,2025-10-22 14:37:54,6.35,22900,6.35,U
sz000498,山东路桥,2025-10-22 14:39:00,6.35,149800,6.35,U
sz000498,山东路桥,2025-10-22 14:41:03,6.35,37200,6.36,D
sz000498,山东路桥,2025-10-22 14:41:06,6.35,48200,6.35,D
sz000498,山东路桥,2025-10-22 14:41:15,6.35,31000,6.35,D
sz000498,山东路桥,2025-10-22 14:42:30,6.34,22500,6.35,D
sz000498,山东路桥,2025-10-22 14:45:48,6.35,33300,6.35,U
sz000498,山东路桥,2025-10-22 14:46:12,6.35,20900,6.35,U
sz000498,山东路桥,2025-10-22 14:46:18,6.35,35600,6.35,U
sz000498,山东路桥,2025-10-22 14:48:09,6.35,49200,6.35,U
sz000498,山东路桥,2025-10-22 14:49:03,6.35,29200,6.35,U
sz000498,山东路桥,2025-10-22 14:49:21,6.34,28500,6.35,D
sz000498,山东路桥,2025-10-22 14:49:54,6.35,35900,6.35,U
sz000498,山东路桥,2025-10-22 14:50:15,6.35,52000,6.35,U
sz000498,山东路桥,2025-10-22 14:50:54,6.35,30500,6.35,U
sz000498,山东路桥,2025-10-22 14:51:03,6.34,21500,6.35,D
sz000498,山东路桥,2025-10-22 14:51:09,6.34,63900,6.34,D
sz000498,山东路桥,2025-10-22 14:51:12,6.34,23200,6.34,D
sz000498,山东路桥,2025-10-22 14:51:15,6.34,38500,6.34,D
sz000498,山东路桥,2025-10-22 14:54:06,6.35,45100,6.35,U
sz000498,山东路桥,2025-10-22 14:54:09,6.34,21600,6.35,D
sz000498,山东路桥,2025-10-22 14:54:15,6.35,34100,6.35,U
sz000498,山东路桥,2025-10-22 14:54:18,6.35,33800,6.35,U
sz000498,山东路桥,2025-10-22 14:54:27,6.34,109000,6.35,D
sz000498,山东路桥,2025-10-22 14:54:57,6.35,21500,6.35,D
sz000498,山东路桥,2025-10-22 14:55:00,6.35,57100,6.35,D
sz000498,山东路桥,2025-10-22 14:55:21,6.35,83000,6.35,D
sz000498,山东路桥,2025-10-22 14:55:39,6.35,22100,6.35,D
sz000498,山东路桥,2025-10-22 15:00:00,6.35,207800,6.36,D
