symbol,name,ticktime,price,volume,prev_price,kind
sz000498,山东路桥,2025-10-23 09:30:03,6.34,26100,6.35,E
sz000498,山东路桥,2025-10-23 09:31:21,6.32,31500,6.32,D
sz000498,山东路桥,2025-10-23 09:31:30,6.34,24400,6.33,U
sz000498,山东路桥,2025-10-23 09:31:45,6.33,23900,6.34,D
sz000498,山东路桥,2025-10-23 09:31:54,6.33,36000,6.33,D
sz000498,山东路桥,2025-10-23 09:32:48,6.33,22400,6.33,U
sz000498,山东路桥,2025-10-23 09:33:09,6.32,25200,6.33,D
sz000498,山东路桥,2025-10-23 09:34:12,6.32,54000,6.32,D
sz000498,山东路桥,2025-10-23 09:34:15,6.33,155800,6.32,U
sz000498,山东路桥,2025-10-23 09:34:54,6.33,21300,6.34,D
sz000498,山东路桥,2025-10-23 09:35:00,6.33,96100,6.33,D
sz000498,山东路桥,2025-10-23 09:35:03,6.33,65700,6.33,U
sz000498,山东路桥,2025-10-23 09:35:24,6.32,20900,6.33,D
sz000498,山东路桥,2025-10-23 09:36:42,6.33,28000,6.32,U
sz000498,山东路桥,2025-10-23 09:36:51,6.33,28300,6.33,U
sz000498,山东路桥,2025-10-23 09:37:39,6.33,20700,6.33,U
sz000498,山东路桥,2025-10-23 09:40:06,6.32,25400,6.33,D
sz000498,山东路桥,2025-10-23 09:41:15,6.33,51400,6.32,U
sz000498,山东路桥,2025-10-23 09:42:18,6.33,31300,6.32,U
sz000498,山东路桥,2025-10-23 09:42:51,6.32,51200,6.32,D
sz000498,山东路桥,2025-10-23 09:43:36,6.31,50000,6.31,D
sz000498,山东路桥,2025-10-23 09:44:24,6.31,50000,6.31,D
sz000498,山东路桥,2025-10-23 09:44:51,6.32,24200,6.31,U
sz000498,山东路桥,2025-10-23 09:45:33,6.31,42200,6.31,D
sz000498,山东路桥,2025-10-23 09:45:48,6.31,21500,6.31,U
sz000498,山东路桥,2025-10-23 09:46:27,6.31,29300,6.31,D
sz000498,山东路桥,2025-10-23 09:46:30,6.32,51800,6.31,U
sz000498,山东路桥,2025-10-23 09:49:15,6.32,78500,6.31,U
sz000498,山东路桥,2025-10-23 09:49:33,6.32,32700,6.32,D
sz000498,山东路桥,2025-10-23 09:49:36,6.32,50800,6.32,U
sz000498,山东路桥,2025-10-23 09:52:06,6.31,69800,6.32,D
sz000498,山东路桥,2025-10-23 09:52:15,6.31,30600,6.31,D
sz000498,山东路桥,2025-10-23 09:52:18,6.31,58100,6.31,D
sz000498,山东路桥,2025-10-23 09:52:36,6.3,48500,6.3,D
sz000498,山东路桥,2025-10-23 09:52:45,6.3,163100,6.3,D
sz000498,山东路桥,2025-10-23 09:52:51,6.3,36000,6.3,D
sz000498,山东路桥,2025-10-23 09:52:54,6.3,23000,6.3,D
sz000498,山东路桥,2025-10-23 09:53:03,6.3,24000,6.3,D
sz000498,山东路桥,2025-10-23 09:53:24,6.3,37100,6.3,D
sz000498,山东路桥,2025-10-23 09:54:57,6.3,26700,6.3,D
sz000498,山东路桥,2025-10-23 09:55:21,6.31,48500,6.3,U
sz000498,山东路桥,2025-10-23 09:56:00,6.31,34000,6.3,U
sz000498,山东路桥,2025-10-23 09:57:57,6.32,55300,6.31,U
sz000498,山东路桥,2025-10-23 09:58:18,6.31,33300,6.31,D
sz000498,山东路桥,2025-10-23 09:58:36,6.32,50500,6.31,U
sz000498,山东路桥,2025-10-23 09:59:57,6.31,51500,6.31,D
sz000498,山东路桥,2025-10-23 10:01:12,6.32,27500,6.31,U
sz000498,山东路桥,2025-10-23 10:01:33,6.32,49500,6.31,U
sz000498,山东路桥,2025-10-23 10:04:33,6.33,124800,6.32,U
sz000498,山东路桥,2025-10-23 10:07:06,6.33,52100,6.33,U
sz000498,山东路桥,2025-10-23 10:07:09,6.34,37400,6.33,U
sz000498,山东路桥,2025-10-23 10:07:15,6.34,30800,6.33,U
sz000498,山东路桥,2025-10-23 10:07:24,6.33,51000,6.33,D
sz000498,山东路桥,2025-10-23 10:07:30,6.34,36400,6.34,U
sz000498,山东路桥,2025-10-23 10:07:33,6.34,41100,6.34,D
sz000498,山东路桥,2025-10-23 10:07:36,6.35,31100,6.34,U
sz000498,山东路桥,2025-10-23 10:08:57,6.35,241359,6.35,U
sz000498,山东路桥,2025-10-23 10:09:06,6.36,76900,6.36,U
sz000498,山东路桥,2025-10-23 10:09:21,6.36,97600,6.36,D
sz000498,山东路桥,2025-10-23 10:09:27,6.36,28600,6.36,U
sz000498,山东路桥,2025-10-23 10:09:45,6.36,72800,6.36,U
sz000498,山东路桥,2025-10-23 10:10:33,6.36,48700,6.36,U
sz000498,山东路桥,2025-10-23 10:11:21,6.35,42300,6.36,D
sz000498,山东路桥,2025-10-23 10:12:21,6.36,72000,6.35,U
sz000498,山东路桥,2025-10-23 10:13:33,6.36,35900,6.36,U
sz000498,山东路桥,2025-10-23 10:13:45,6.36,40500,6.36,D
sz000498,山东路桥,2025-10-23 10:14:00,6.36,36100,6.36,U
sz000498,山东路桥,2025-10-23 10:14:24,6.36,33600,6.36,D
sz000498,山东路桥,2025-10-23 10:16:15,6.36,28900,6.35,U
sz000498,山东路桥,2025-10-23 10:16:30,6.36,32700,6.36,U
sz000498,山东路桥,2025-10-23 10:16:57,6.36,26100,6.36,D
sz000498,山东路桥,2025-10-23 10:18:09,6.34,112000,6.35,D
sz000498,山东路桥,2025-10-23 10:19:33,6.35,50100,6.34,U
sz000498,山东路桥,2025-10-23 10:20:30,6.34,22600,6.34,D
sz000498,山东路桥,2025-10-23 10:20:54,6.34,35600,6.34,D
sz000498,山东路桥,2025-10-23 10:21:06,6.34,38000,6.34,D
sz000498,山东路桥,2025-10-23 10:22:24,6.34,54100,6.33,U
sz000498,山东路桥,2025-10-23 10:23:18,6.34,21800,6.34,D
sz000498,山东路桥,2025-10-23 10:25:27,6.34,47900,6.33,U
sz000498,山东路桥,2025-10-23 10:27:30,6.33,37300,6.33,D
sz000498,山东路桥,2025-10-23 10:27:48,6.34,33300,6.34,D
sz000498,山东路桥,2025-10-23 10:28:24,6.33,21800,6.33,D
sz000498,山东路桥,2025-10-23 10:28:30,6.34,48500,6.33,U
sz000498,山东路桥,2025-10-23 10:29:00,6.35,50000,6.33,U
sz000498,山东路桥,2025-10-23 10:31:30,6.35,50000,6.34,U
sz000498,山东路桥,2025-10-23 10:34:33,6.35,62500,6.35,U
sz000498,山东路桥,2025-10-23 10:37:30,6.36,48400,6.35,U
sz000498,山东路桥,2025-10-23 10:39:03,6.37,85100,6.36,U
sz000498,山东路桥,2025-10-23 10:39:15,6.36,30400,6.36,D
sz000498,山东路桥,2025-10-23 10:39:51,6.37,142600,6.37,U
sz000498,山东路桥,2025-10-23 10:40:30,6.37,61600,6.37,U
sz000498,山东路桥,2025-10-23 10:41:00,6.37,103500,6.37,U
sz000498,山东路桥,2025-10-23 10:41:39,6.37,34200,6.37,U
sz000498,山东路桥,2025-10-23 10:43:15,6.38,130200,6.37,U
sz000498,山东路桥,2025-10-23 10:43:33,6.38,24300,6.38,U
sz000498,山东路桥,2025-10-23 10:49:51,6.37,28400,6.38,D
sz000498,山东路桥,2025-10-23 10:50:18,6.38,28000,6.37,U
sz000498,山东路桥,2025-10-23 10:52:06,6.37,75200,6.37,D
sz000498,山东路桥,2025-10-23 10:52:15,6.36,22900,6.37,D
sz000498,山东路桥,2025-10-23 10:58:00,6.36,212300,6.37,D
sz000498,山东路桥,2025-10-23 10:58:36,6.35,34500,6.35,D
sz000498,山东路桥,2025-10-23 11:00:03,6.34,23300,6.34,D
sz000498,山东路桥,2025-10-23 11:07:33,6.35,20900,6.35,D
sz000498,山东路桥,2025-10-23 11:10:12,6.36,42300,6.36,U
sz000498,山东路桥,2025-10-23 11:11:00,6.36,65100,6.36,U
sz000498,山东路桥,2025-10-23 11:11:57,6.37,42000,6.37,U
sz000498,山东路桥,2025-10-23 11:12:45,6.37,20100,6.36,U
sz000498,山东路桥,2025-10-23 11:20:15,6.37,28000,6.36,U
sz000498,山东路桥,2025-10-23 11:20:30,6.37,30300,6.37,U
sz000498,山东路桥,2025-10-23 11:21:06,6.38,32300,6.37,U
sz000498,山东路桥,2025-10-23 11:21:21,6.37,209700,6.37,D
sz000498,山东路桥,2025-10-23 11:25:24,6.37,41200,6.37,U
sz000498,山东路桥,2025-10-23 11:26:06,6.37,31400,6.38,D
sz000498,山东路桥,2025-10-23 11:28:12,6.36,26900,6.37,D
sz000498,山东路桥,2025-10-23 11:29:00,6.36,68000,6.37,D
sz000498,山东路桥,2025-10-23 13:00:03,6.37,38800,6.36,U
sz000498,山东路桥,2025-10-23 13:00:06,6.36,37200,6.37,D
sz000498,山东路桥,2025-10-23 13:00:09,6.36,23800,6.36,D
sz000498,山东路桥,2025-10-23 13:00:48,6.37,20400,6.36,U
sz000498,山东路桥,2025-10-23 13:04:36,6.36,23700,6.37,D
sz000498,山东路桥,2025-10-23 13:09:18,6.36,47400,6.36,D
sz000498,山东路桥,2025-10-23 13:09:21,6.35,20700,6.36,D
sz000498,山东路桥,2025-10-23 13:18:03,6.35,116500,6.35,D
sz000498,山东路桥,2025-10-23 13:18:06,6.35,20900,6.35,U
sz000498,山东路桥,2025-10-23 13:20:15,6.35,28000,6.34,U
sz000498,山东路桥,2025-10-23 13:20:39,6.34,26600,6.34,D
sz000498,山东路桥,2025-10-23 13:24:06,6.34,80500,6.34,D
sz000498,山东路桥,2025-10-23 13:27:30,6.34,29400,6.33,U
sz000498,山东路桥,2025-10-23 13:29:24,6.34,36300,6.34,U
sz000498,山东路桥,2025-10-23 13:31:00,6.34,31300,6.35,D
sz000498,山东路桥,2025-10-23 13:31:21,6.34,34400,6.34,U
sz000498,山东路桥,2025-10-23 13:31:48,6.34,75100,6.34,D
sz000498,山东路桥,2025-10-23 13:32:18,6.34,68200,6.34,U
sz000498,山东路桥,2025-10-23 13:33:15,6.34,44200,6.34,D
sz000498,山东路桥,2025-10-23 13:39:15,6.34,30400,6.33,U
sz000498,山东路桥,2025-10-23 13:42:18,6.34,31600,6.34,U
sz000498,山东路桥,2025-10-23 13:53:36,6.33,52100,6.34,D
sz000498,山东路桥,2025-10-23 14:00:18,6.33,31700,6.33,D
sz000498,山东路桥,2025-10-23 14:00:45,6.34,29100,6.34,U
sz000498,山东路桥,2025-10-23 14:00:48,6.34,31800,6.34,U
sz000498,山东路桥,2025-10-23 14:00:51,6.34,24500,6.34,U
sz000498,山东路桥,2025-10-23 14:01:03,6.34,58400,6.34,D
sz000498,山东路桥,2025-10-23 14:01:36,6.34,20000,6.34,U
sz000498,山东路桥,2025-10-23 14:05:39,6.34,27300,6.35,D
sz000498,山东路桥,2025-10-23 14:08:00,6.35,20300,6.35,U
sz000498,山东路桥,2025-10-23 14:08:12,6.35,82600,6.35,U
sz000498,山东路桥,2025-10-23 14:12:54,6.36,28000,6.35,U
sz000498,山东路桥,2025-10-23 14:14:15,6.36,20000,6.36,U
sz000498,山东路桥,2025-10-23 14:14:42,6.36,23600,6.36,U
sz000498,山东路桥,2025-10-23 14:14:48,6.36,22400,6.36,U
sz000498,山东路桥,2025-10-23 14:18:39,6.36,86300,6.35,U
sz000498,山东路桥,2025-10-23 14:20:39,6.36,28100,6.36,U
sz000498,山东路桥,2025-10-23 14:22:18,6.36,20400,6.37,D
sz000498,山东路桥,2025-10-23 14:25:54,6.35,28100,6.36,D
sz000498,山东路桥,2025-10-23 14:28:33,6.36,29800,6.36,D
sz000498,山东路桥,2025-10-23 14:31:12,6.37,22500,6.37,U
sz000498,山东路桥,2025-10-23 14:33:12,6.37,229900,6.37,U
sz000498,山东路桥,2025-10-23 14:33:57,6.37,46100,6.38,D
sz000498,山东路桥,2025-10-23 14:34:18,6.37,41000,6.38,D
sz000498,山东路桥,2025-10-23 14:34:33,6.37,28200,6.38,D
sz000498,山东路桥,2025-10-23 14:34:36,6.37,107900,6.37,U
sz000498,山东路桥,2025-10-23 14:35:09,6.37,41600,6.38,D
sz000498,山东路桥,2025-10-23 14:35:12,6.37,53700,6.37,U
sz000498,山东路桥,2025-10-23 14:35:27,6.37,45000,6.37,D
sz000498,山东路桥,2025-10-23 14:35:36,6.37,68500,6.37,U
sz000498,山东路桥,2025-10-23 14:35:42,6.37,74300,6.38,D
sz000498,山东路桥,2025-10-23 14:35:57,6.37,43600,6.37,U
sz000498,山东路桥,2025-10-23 14:36:03,6.37,20800,6.37,D
sz000498,山东路桥,2025-10-23 14:36:18,6.37,24400,6.37,U
sz000498,山东路桥,2025-10-23 14:36:21,6.37,20700,6.37,U
sz000498,山东路桥,2025-10-23 14:37:09,6.37,37400,6.37,U
sz000498,山东路桥,2025-10-23 14:38:03,6.37,43600,6.36,U
sz000498,山东路桥,2025-10-23 14:40:21,6.37,49300,6.37,U
sz000498,山东路桥,2025-10-23 14:40:24,6.38,84800,6.37,U
sz000498,山东路桥,2025-10-23 14:42:30,6.38,42400,6.38,U
sz000498,山东路桥,2025-10-23 14:44:15,6.38,22400,6.38,U
sz000498,山东路桥,2025-10-23 14:45:36,6.38,43900,6.38,U
sz000498,山东路桥,2025-10-23 14:45:39,6.38,48000,6.38,U
sz000498,山东路桥,2025-10-23 14:46:27,6.38,164900,6.38,U
sz000498,山东路桥,2025-10-23 14:46:30,6.38,59600,6.38,U
sz000498,山东路桥,2025-10-23 14:47:48,6.38,24900,6.38,U
sz000498,山东路桥,2025-10-23 14:48:24,6.38,52300,6.38,U
sz000498,山东路桥,2025-10-23 14:48:27,6.38,110200,6.38,U
sz000498,山东路桥,2025-10-23 14:51:39,6.38,105000,6.38,U
sz000498,山东路桥,2025-10-23 14:51:42,6.37,98600,6.38,D
sz000498,山东路桥,2025-10-23 14:51:45,6.38,39500,6.37,U
sz000498,山东路桥,2025-10-23 14:52:00,6.38,38400,6.38,D
sz000498,山东路桥,2025-10-23 14:52:21,6.38,56600,6.39,D
sz000498,山东路桥,2025-10-23 14:53:15,6.38,23700,6.38,U
sz000498,山东路桥,2025-10-23 14:53:36,6.38,30700,6.37,U
sz000498,山东路桥,2025-10-23 14:54:06,6.38,24600,6.37,U
sz000498,山东路桥,2025-10-23 14:56:12,6.37,26800,6.38,D
sz000498,山东路桥,2025-10-23 14:56:51,6.38,20000,6.38,U
sz000498,山东路桥,2025-10-23 15:00:00,6.38,302600,6.37,E
