symbol,name,ticktime,price,volume,prev_price,kind
sz000498,山东路桥,2025-09-16 09:25:00,6.31,40400,0.0,E
sz000498,山东路桥,2025-09-16 09:30:03,6.31,36300,6.32,D
sz000498,山东路桥,2025-09-16 09:30:42,6.33,33200,6.32,U
sz000498,山东路桥,2025-09-16 09:30:48,6.32,26300,6.32,D
sz000498,山东路桥,2025-09-16 09:31:00,6.32,38200,6.32,D
sz000498,山东路桥,2025-09-16 09:31:06,6.33,23000,6.32,U
sz000498,山东路桥,2025-09-16 09:31:21,6.32,27000,6.32,D
sz000498,山东路桥,2025-09-16 09:32:18,6.32,92300,6.31,U
sz000498,山东路桥,2025-09-16 09:33:30,6.32,32900,6.32,D
sz000498,山东路桥,2025-09-16 09:34:36,6.32,62800,6.31,U
sz000498,山东路桥,2025-09-16 09:35:06,6.32,94300,6.31,U
sz000498,山东路桥,2025-09-16 09:36:18,6.32,33400,6.33,D
sz000498,山东路桥,2025-09-16 09:36:54,6.33,30100,6.33,U
sz000498,山东路桥,2025-09-16 09:38:12,6.33,39200,6.33,U
sz000498,山东路桥,2025-09-16 09:40:06,6.31,150700,6.32,D
sz000498,山东路桥,2025-09-16 09:40:12,6.31,24500,6.31,D
sz000498,山东路桥,2025-09-16 09:40:18,6.32,30800,6.31,U
sz000498,山东路桥,2025-09-16 09:40:21,6.31,31600,6.32,D
sz000498,山东路桥,2025-09-16 09:42:00,6.31,22400,6.32,D
sz000498,山东路桥,2025-09-16 09:42:15,6.32,86400,6.32,U
sz000498,山东路桥,2025-09-16 09:42:42,6.31,81600,6.31,D
sz000498,山东路桥,2025-09-16 09:42:54,6.31,26400,6.31,D
sz000498,山东路桥,2025-09-16 09:43:00,6.31,56800,6.31,U
sz000498,山东路桥,2025-09-16 09:46:15,6.3,154700,6.3,D
sz000498,山东路桥,2025-09-16 09:51:18,6.3,95400,6.3,U
sz000498,山东路桥,2025-09-16 09:52:33,6.3,43700,6.3,U
sz000498,山东路桥,2025-09-16 09:56:54,6.3,33700,6.3,D
sz000498,山东路桥,2025-09-16 09:57:21,6.3,82000,6.3,D
sz000498,山东路桥,2025-09-16 09:57:54,6.28,375500,6.3,D
sz000498,山东路桥,2025-09-16 09:57:57,6.28,57200,6.28,D
sz000498,山东路桥,2025-09-16 09:58:57,6.29,60400,6.28,U
sz000498,山东路桥,2025-09-16 09:59:21,6.29,26600,6.29,U
sz000498,山东路桥,2025-09-16 10:00:09,6.29,20500,6.29,U
sz000498,山东路桥,2025-09-16 10:00:21,6.29,21100,6.29,U
sz000498,山东路桥,2025-09-16 10:00:27,6.29,51900,6.29,U
sz000498,山东路桥,2025-09-16 10:01:24,6.29,70100,6.29,D
sz000498,山东路桥,2025-09-16 10:02:36,6.29,102300,6.28,U
sz000498,山东路桥,2025-09-16 10:03:15,6.29,107600,6.28,U
sz000498,山东路桥,2025-09-16 10:03:39,6.3,20000,6.3,U
sz000498,山东路桥,2025-09-16 10:05:42,6.29,355000,6.29,D
sz000498,山东路桥,2025-09-16 10:09:00,6.28,622100,6.28,D
sz000498,山东路桥,2025-09-16 10:09:06,6.28,21800,6.27,U
sz000498,山东路桥,2025-09-16 10:09:09,6.28,50900,6.28,U
sz000498,山东路桥,2025-09-16 10:09:21,6.27,42300,6.27,D
sz000498,山东路桥,2025-09-16 10:09:36,6.27,35000,6.27,D
sz000498,山东路桥,2025-09-16 10:10:03,6.27,20100,6.27,D
sz000498,山东路桥,2025-09-16 10:10:18,6.27,169100,6.27,D
sz000498,山东路桥,2025-09-16 10:10:36,6.26,23000,6.27,D
sz000498,山东路桥,2025-09-16 10:12:03,6.26,85400,6.26,D
sz000498,山东路桥,2025-09-16 10:12:06,6.26,112600,6.26,D
sz000498,山东路桥,2025-09-16 10:12:12,6.26,26200,6.26,U
sz000498,山东路桥,2025-09-16 10:12:57,6.25,43500,6.25,D
sz000498,山东路桥,2025-09-16 10:13:00,6.25,89400,6.25,D
sz000498,山东路桥,2025-09-16 10:13:03,6.25,29800,6.25,D
sz000498,山东路桥,2025-09-16 10:13:06,6.25,61200,6.25,D
sz000498,山东路桥,2025-09-16 10:13:27,6.25,26400,6.25,D
sz000498,山东路桥,2025-09-16 10:13:48,6.25,32000,6.25,D
sz000498,山东路桥,2025-09-16 10:14:00,6.25,29900,6.25,D
sz000498,山东路桥,2025-09-16 10:14:09,6.25,100000,6.26,D
sz000498,山东路桥,2025-09-16 10:14:33,6.25,30800,6.25,D
sz000498,山东路桥,2025-09-16 10:14:36,6.24,36000,6.25,D
sz000498,山东路桥,2025-09-16 10:14:51,6.25,23600,6.24,U
sz000498,山东路桥,2025-09-16 10:15:15,6.25,25000,6.25,U
sz000498,山东路桥,2025-09-16 10:15:18,6.26,200500,6.25,U
sz000498,山东路桥,2025-09-16 10:17:12,6.25,88200,6.26,D
sz000498,山东路桥,2025-09-16 10:19:21,6.25,38400,6.25,D
sz000498,山东路桥,2025-09-16 10:21:00,6.25,46700,6.25,E
sz000498,山东路桥,2025-09-16 10:22:21,6.24,242300,6.24,D
sz000498,山东路桥,2025-09-16 10:24:18,6.25,23000,6.24,U
sz000498,山东路桥,2025-09-16 10:24:45,6.25,33500,6.25,U
sz000498,山东路桥,2025-09-16 10:26:03,6.25,99300,6.25,D
sz000498,山东路桥,2025-09-16 10:27:12,6.24,111200,6.24,D
sz000498,山东路桥,2025-09-16 10:27:21,6.24,29000,6.24,D
sz000498,山东路桥,2025-09-16 10:28:03,6.24,33400,6.24,D
sz000498,山东路桥,2025-09-16 10:32:12,6.24,41800,6.24,D
sz000498,山东路桥,2025-09-16 10:32:15,6.23,128000,6.24,D
sz000498,山东路桥,2025-09-16 10:32:27,6.23,31000,6.23,D
sz000498,山东路桥,2025-09-16 10:32:57,6.23,34100,6.24,D
sz000498,山东路桥,2025-09-16 10:33:06,6.23,104400,6.23,D
sz000498,山东路桥,2025-09-16 10:33:15,6.23,162500,6.23,D
sz000498,山东路桥,2025-09-16 10:33:18,6.23,77200,6.23,U
sz000498,山东路桥,2025-09-16 10:33:45,6.23,25000,6.24,D
sz000498,山东路桥,2025-09-16 10:37:15,6.23,114800,6.23,D
sz000498,山东路桥,2025-09-16 10:38:18,6.24,51500,6.24,U
sz000498,山东路桥,2025-09-16 10:39:27,6.24,25000,6.23,U
sz000498,山东路桥,2025-09-16 10:39:33,6.23,107400,6.24,D
sz000498,山东路桥,2025-09-16 10:39:42,6.23,20000,6.23,D
sz000498,山东路桥,2025-09-16 10:41:27,6.25,72400,6.24,U
sz000498,山东路桥,2025-09-16 10:43:30,6.24,26000,6.24,D
sz000498,山东路桥,2025-09-16 10:45:27,6.24,60000,6.24,D
sz000498,山东路桥,2025-09-16 10:45:57,6.24,21600,6.24,D
sz000498,山东路桥,2025-09-16 10:48:36,6.25,48700,6.25,U
sz000498,山东路桥,2025-09-16 10:52:06,6.25,31800,6.25,D
sz000498,山东路桥,2025-09-16 10:52:48,6.25,25000,6.25,D
sz000498,山东路桥,2025-09-16 10:52:51,6.24,255000,6.25,D
sz000498,山东路桥,2025-09-16 10:53:42,6.25,25500,6.25,U
sz000498,山东路桥,2025-09-16 10:57:48,6.24,39800,6.24,D
sz000498,山东路桥,2025-09-16 10:59:27,6.25,20800,6.24,U
sz000498,山东路桥,2025-09-16 11:03:09,6.25,44600,6.25,U
sz000498,山东路桥,2025-09-16 11:03:12,6.26,44641,6.25,U
sz000498,山东路桥,2025-09-16 11:05:12,6.25,27559,6.25,D
sz000498,山东路桥,2025-09-16 11:18:06,6.25,35100,6.25,D
sz000498,山东路桥,2025-09-16 11:20:09,6.26,200259,6.26,U
sz000498,山东路桥,2025-09-16 11:21:18,6.27,60000,6.27,U
sz000498,山东路桥,2025-09-16 11:22:18,6.26,31400,6.26,D
sz000498,山东路桥,2025-09-16 13:00:03,6.27,30700,6.27,U
sz000498,山东路桥,2025-09-16 13:12:21,6.26,30000,6.26,D
sz000498,山东路桥,2025-09-16 13:13:21,6.25,267041,6.26,D
sz000498,山东路桥,2025-09-16 13:13:45,6.26,41400,6.26,U
sz000498,山东路桥,2025-09-16 13:13:48,6.26,31500,6.26,D
sz000498,山东路桥,2025-09-16 13:16:54,6.26,125900,6.27,D
sz000498,山东路桥,2025-09-16 13:18:21,6.26,23500,6.27,D
sz000498,山东路桥,2025-09-16 13:18:30,6.26,48200,6.26,D
sz000498,山东路桥,2025-09-16 13:19:03,6.26,100000,6.26,D
sz000498,山东路桥,2025-09-16 13:20:54,6.26,100100,6.26,D
sz000498,山东路桥,2025-09-16 13:22:18,6.26,30000,6.27,D
sz000498,山东路桥,2025-09-16 13:22:27,6.26,89600,6.26,D
sz000498,山东路桥,2025-09-16 13:22:30,6.26,45400,6.26,D
sz000498,山东路桥,2025-09-16 13:23:00,6.25,30000,6.25,D
sz000498,山东路桥,2025-09-16 13:29:03,6.26,64700,6.25,U
sz000498,山东路桥,2025-09-16 13:33:39,6.25,50000,6.26,D
sz000498,山东路桥,2025-09-16 13:35:03,6.25,97700,6.26,D
sz000498,山东路桥,2025-09-16 13:35:30,6.26,21700,6.25,U
sz000498,山东路桥,2025-09-16 13:35:33,6.25,20000,6.26,D
sz000498,山东路桥,2025-09-16 13:36:00,6.26,192420,6.25,U
sz000498,山东路桥,2025-09-16 13:38:54,6.25,20200,6.25,D
sz000498,山东路桥,2025-09-16 13:38:57,6.25,62320,6.25,D
sz000498,山东路桥,2025-09-16 13:39:48,6.25,49480,6.25,U
sz000498,山东路桥,2025-09-16 13:39:57,6.25,22600,6.25,D
sz000498,山东路桥,2025-09-16 13:40:00,6.25,36600,6.25,D
sz000498,山东路桥,2025-09-16 13:40:39,6.25,22980,6.24,U
sz000498,山东路桥,2025-09-16 13:41:06,6.24,54220,6.25,D
sz000498,山东路桥,2025-09-16 13:41:45,6.25,30200,6.24,U
sz000498,山东路桥,2025-09-16 13:45:21,6.25,69400,6.25,U
sz000498,山东路桥,2025-09-16 13:45:27,6.25,38800,6.25,D
sz000498,山东路桥,2025-09-16 13:48:15,6.25,52600,6.25,D
sz000498,山东路桥,2025-09-16 13:51:51,6.25,45900,6.25,D
sz000498,山东路桥,2025-09-16 13:51:54,6.25,23200,6.25,E
sz000498,山东路桥,2025-09-16 13:52:36,6.25,20100,6.25,U
sz000498,山东路桥,2025-09-16 13:53:33,6.25,23500,6.25,U
sz000498,山东路桥,2025-09-16 13:55:48,6.26,20000,6.25,U
sz000498,山东路桥,2025-09-16 13:59:15,6.26,93900,6.26,U
sz000498,山东路桥,2025-09-16 13:59:18,6.26,21300,6.26,U
sz000498,山东路桥,2025-09-16 13:59:21,6.26,110100,6.26,U
sz000498,山东路桥,2025-09-16 13:59:24,6.26,81300,6.26,U
sz000498,山东路桥,2025-09-16 14:03:15,6.27,24200,6.27,U
sz000498,山东路桥,2025-09-16 14:04:09,6.26,116700,6.27,D
sz000498,山东路桥,2025-09-16 14:04:30,6.26,20200,6.27,D
sz000498,山东路桥,2025-09-16 14:07:42,6.26,21500,6.26,D
sz000498,山东路桥,2025-09-16 14:08:30,6.27,40800,6.27,U
sz000498,山东路桥,2025-09-16 14:08:45,6.27,38600,6.26,U
sz000498,山东路桥,2025-09-16 14:08:54,6.27,41600,6.27,U
sz000498,山东路桥,2025-09-16 14:27:27,6.26,22100,6.27,D
sz000498,山东路桥,2025-09-16 14:32:21,6.26,21000,6.26,D
sz000498,山东路桥,2025-09-16 14:34:57,6.26,323628,6.26,D
sz000498,山东路桥,2025-09-16 14:35:24,6.26,36400,6.26,U
sz000498,山东路桥,2025-09-16 14:37:51,6.26,37328,6.26,U
sz000498,山东路桥,2025-09-16 14:40:48,6.25,28200,6.26,D
sz000498,山东路桥,2025-09-16 14:46:54,6.27,45700,6.26,U
sz000498,山东路桥,2025-09-16 14:48:24,6.27,23500,6.26,U
sz000498,山东路桥,2025-09-16 14:55:45,6.26,25400,6.27,D
sz000498,山东路桥,2025-09-16 14:56:33,6.26,21900,6.27,D
sz000498,山东路桥,2025-09-16 15:00:00,6.27,210600,6.27,E
