symbol,name,ticktime,price,volume,prev_price,kind
sz000498,山东路桥,2025-10-13 09:25:00,6.21,213300,0.0,D
sz000498,山东路桥,2025-10-13 09:30:03,6.22,265400,6.23,D
sz000498,山东路桥,2025-10-13 09:30:06,6.22,295900,6.22,U
sz000498,山东路桥,2025-10-13 09:30:09,6.21,113600,6.22,D
sz000498,山东路桥,2025-10-13 09:30:12,6.2,64100,6.21,D
sz000498,山东路桥,2025-10-13 09:30:15,6.2,162900,6.2,U
sz000498,山东路桥,2025-10-13 09:30:21,6.22,29400,6.21,U
sz000498,山东路桥,2025-10-13 09:30:24,6.22,20500,6.22,U
sz000498,山东路桥,2025-10-13 09:30:27,6.22,55500,6.22,U
sz000498,山东路桥,2025-10-13 09:30:48,6.25,26100,6.25,D
sz000498,山东路桥,2025-10-13 09:30:54,6.25,20900,6.25,U
sz000498,山东路桥,2025-10-13 09:31:00,6.25,20700,6.24,U
sz000498,山东路桥,2025-10-13 09:31:03,6.24,22700,6.25,D
sz000498,山东路桥,2025-10-13 09:31:06,6.24,41400,6.24,U
sz000498,山东路桥,2025-10-13 09:31:18,6.24,21800,6.23,U
sz000498,山东路桥,2025-10-13 09:31:30,6.24,27800,6.23,U
sz000498,山东路桥,2025-10-13 09:31:33,6.24,23600,6.24,U
sz000498,山东路桥,2025-10-13 09:31:42,6.24,29300,6.24,U
sz000498,山东路桥,2025-10-13 09:31:54,6.24,36500,6.24,U
sz000498,山东路桥,2025-10-13 09:32:00,6.25,89300,6.24,U
sz000498,山东路桥,2025-10-13 09:32:03,6.25,36300,6.25,D
sz000498,山东路桥,2025-10-13 09:32:06,6.25,36500,6.25,U
sz000498,山东路桥,2025-10-13 09:32:12,6.25,39300,6.25,U
sz000498,山东路桥,2025-10-13 09:32:18,6.24,55100,6.24,U
sz000498,山东路桥,2025-10-13 09:32:42,6.25,29500,6.25,U
sz000498,山东路桥,2025-10-13 09:32:54,6.26,24200,6.26,U
sz000498,山东路桥,2025-10-13 09:33:06,6.25,64900,6.26,D
sz000498,山东路桥,2025-10-13 09:33:18,6.23,56800,6.25,D
sz000498,山东路桥,2025-10-13 09:33:27,6.23,21300,6.22,U
sz000498,山东路桥,2025-10-13 09:33:30,6.22,24900,6.23,D
sz000498,山东路桥,2025-10-13 09:33:45,6.23,116700,6.22,U
sz000498,山东路桥,2025-10-13 09:34:03,6.23,30600,6.22,U
sz000498,山东路桥,2025-10-13 09:34:24,6.23,25500,6.23,U
sz000498,山东路桥,2025-10-13 09:34:45,6.22,41300,6.23,D
sz000498,山东路桥,2025-10-13 09:34:48,6.22,36600,6.22,D
sz000498,山东路桥,2025-10-13 09:34:51,6.22,102100,6.22,D
sz000498,山东路桥,2025-10-13 09:34:54,6.22,23000,6.22,U
sz000498,山东路桥,2025-10-13 09:35:24,6.22,23500,6.22,D
sz000498,山东路桥,2025-10-13 09:35:33,6.24,24500,6.23,U
sz000498,山东路桥,2025-10-13 09:35:36,6.23,213300,6.24,D
sz000498,山东路桥,2025-10-13 09:35:57,6.22,59300,6.23,D
sz000498,山东路桥,2025-10-13 09:36:06,6.21,120300,6.21,D
sz000498,山东路桥,2025-10-13 09:36:12,6.21,21000,6.21,U
sz000498,山东路桥,2025-10-13 09:36:18,6.21,37800,6.2,U
sz000498,山东路桥,2025-10-13 09:36:27,6.22,75500,6.21,U
sz000498,山东路桥,2025-10-13 09:36:54,6.21,23100,6.21,D
sz000498,山东路桥,2025-10-13 09:37:51,6.21,142500,6.21,D
sz000498,山东路桥,2025-10-13 09:38:15,6.21,75200,6.2,U
sz000498,山东路桥,2025-10-13 09:38:33,6.2,372200,6.21,D
sz000498,山东路桥,2025-10-13 09:38:36,6.2,20900,6.2,U
sz000498,山东路桥,2025-10-13 09:39:03,6.2,187300,6.2,U
sz000498,山东路桥,2025-10-13 09:39:12,6.21,25600,6.21,U
sz000498,山东路桥,2025-10-13 09:39:21,6.22,22800,6.21,U
sz000498,山东路桥,2025-10-13 09:41:36,6.21,25000,6.21,U
sz000498,山东路桥,2025-10-13 09:41:51,6.23,39300,6.21,U
sz000498,山东路桥,2025-10-13 09:42:06,6.22,32700,6.21,U
sz000498,山东路桥,2025-10-13 09:42:09,6.21,48300,6.22,D
sz000498,山东路桥,2025-10-13 09:42:15,6.2,202500,6.21,D
sz000498,山东路桥,2025-10-13 09:42:33,6.21,20600,6.2,U
sz000498,山东路桥,2025-10-13 09:43:06,6.22,40500,6.21,U
sz000498,山东路桥,2025-10-13 09:45:03,6.2,99700,6.21,D
sz000498,山东路桥,2025-10-13 09:45:45,6.2,73100,6.2,D
sz000498,山东路桥,2025-10-13 09:45:48,6.2,88700,6.2,D
sz000498,山东路桥,2025-10-13 09:46:27,6.2,31500,6.2,U
sz000498,山东路桥,2025-10-13 09:46:30,6.2,30900,6.2,U
sz000498,山东路桥,2025-10-13 09:46:39,6.21,40000,6.21,U
sz000498,山东路桥,2025-10-13 09:46:48,6.2,39300,6.21,D
sz000498,山东路桥,2025-10-13 09:49:06,6.21,162600,6.21,D
sz000498,山东路桥,2025-10-13 09:49:42,6.2,25700,6.21,D
sz000498,山东路桥,2025-10-13 09:50:12,6.21,35300,6.21,U
sz000498,山东路桥,2025-10-13 09:50:30,6.22,35500,6.21,U
sz000498,山东路桥,2025-10-13 09:50:57,6.23,20000,6.23,U
sz000498,山东路桥,2025-10-13 09:52:06,6.23,32800,6.23,D
sz000498,山东路桥,2025-10-13 09:52:21,6.23,29500,6.23,U
sz000498,山东路桥,2025-10-13 09:53:06,6.23,75100,6.23,D
sz000498,山东路桥,2025-10-13 09:54:33,6.23,20600,6.23,U
sz000498,山东路桥,2025-10-13 09:54:42,6.23,37300,6.24,D
sz000498,山东路桥,2025-10-13 09:55:03,6.24,20600,6.23,U
sz000498,山东路桥,2025-10-13 09:55:12,6.24,22600,6.24,U
sz000498,山东路桥,2025-10-13 09:56:39,6.25,369200,6.24,U
sz000498,山东路桥,2025-10-13 09:57:09,6.24,33500,6.25,D
sz000498,山东路桥,2025-10-13 09:59:15,6.24,40400,6.23,U
sz000498,山东路桥,2025-10-13 10:01:21,6.23,24100,6.23,U
sz000498,山东路桥,2025-10-13 10:01:42,6.22,94000,6.22,D
sz000498,山东路桥,2025-10-13 10:03:54,6.21,32700,6.22,D
sz000498,山东路桥,2025-10-13 10:05:09,6.21,162600,6.21,D
sz000498,山东路桥,2025-10-13 10:05:12,6.21,61200,6.21,D
sz000498,山东路桥,2025-10-13 10:05:27,6.21,36800,6.2,U
sz000498,山东路桥,2025-10-13 10:06:06,6.21,21500,6.21,D
sz000498,山东路桥,2025-10-13 10:07:48,6.21,31700,6.22,D
sz000498,山东路桥,2025-10-13 10:08:27,6.21,23500,6.21,D
sz000498,山东路桥,2025-10-13 10:09:21,6.21,31400,6.21,D
sz000498,山东路桥,2025-10-13 10:10:24,6.2,49600,6.21,D
sz000498,山东路桥,2025-10-13 10:10:48,6.21,30600,6.21,D
sz000498,山东路桥,2025-10-13 10:11:21,6.2,80200,6.21,D
sz000498,山东路桥,2025-10-13 10:11:27,6.2,351600,6.21,D
sz000498,山东路桥,2025-10-13 10:11:54,6.2,31200,6.2,D
sz000498,山东路桥,2025-10-13 10:12:39,6.22,42300,6.22,U
sz000498,山东路桥,2025-10-13 10:14:24,6.22,33800,6.22,U
sz000498,山东路桥,2025-10-13 10:14:27,6.22,54200,6.22,U
sz000498,山东路桥,2025-10-13 10:14:30,6.23,39300,6.22,U
sz000498,山东路桥,2025-10-13 10:17:00,6.24,42900,6.24,U
sz000498,山东路桥,2025-10-13 10:20:48,6.23,20900,6.24,D
sz000498,山东路桥,2025-10-13 10:21:03,6.24,70900,6.24,U
sz000498,山东路桥,2025-10-13 10:22:06,6.25,30300,6.24,U
sz000498,山东路桥,2025-10-13 10:23:36,6.25,42000,6.25,U
sz000498,山东路桥,2025-10-13 10:24:21,6.25,20600,6.25,U
sz000498,山东路桥,2025-10-13 10:24:24,6.26,166900,6.25,U
sz000498,山东路桥,2025-10-13 10:24:30,6.26,24500,6.26,U
sz000498,山东路桥,2025-10-13 10:25:33,6.25,174300,6.26,D
sz000498,山东路桥,2025-10-13 10:26:48,6.26,166500,6.26,U
sz000498,山东路桥,2025-10-13 10:28:09,6.25,166700,6.26,D
sz000498,山东路桥,2025-10-13 10:29:18,6.25,52500,6.26,D
sz000498,山东路桥,2025-10-13 10:29:48,6.25,28200,6.26,D
sz000498,山东路桥,2025-10-13 10:30:03,6.27,166200,6.26,U
sz000498,山东路桥,2025-10-13 10:30:09,6.26,357900,6.25,U
sz000498,山东路桥,2025-10-13 10:39:36,6.28,99000,6.27,U
sz000498,山东路桥,2025-10-13 10:42:18,6.27,20400,6.27,D
sz000498,山东路桥,2025-10-13 10:42:21,6.27,26100,6.27,D
sz000498,山东路桥,2025-10-13 10:43:00,6.27,47700,6.27,D
sz000498,山东路桥,2025-10-13 10:44:21,6.28,122400,6.28,U
sz000498,山东路桥,2025-10-13 10:45:18,6.29,23300,6.28,U
sz000498,山东路桥,2025-10-13 10:46:21,6.29,37200,6.28,U
sz000498,山东路桥,2025-10-13 10:46:36,6.3,22700,6.29,U
sz000498,山东路桥,2025-10-13 10:47:45,6.29,22100,6.29,D
sz000498,山东路桥,2025-10-13 10:52:15,6.27,39800,6.28,D
sz000498,山东路桥,2025-10-13 10:52:42,6.26,22500,6.27,D
sz000498,山东路桥,2025-10-13 10:53:33,6.27,40600,6.27,U
sz000498,山东路桥,2025-10-13 10:59:15,6.27,55500,6.26,U
sz000498,山东路桥,2025-10-13 11:06:00,6.26,134600,6.26,D
sz000498,山东路桥,2025-10-13 11:07:57,6.25,24800,6.25,D
sz000498,山东路桥,2025-10-13 11:08:54,6.25,28600,6.25,D
sz000498,山东路桥,2025-10-13 11:08:57,6.25,24000,6.25,D
sz000498,山东路桥,2025-10-13 11:10:15,6.25,26200,6.25,U
sz000498,山东路桥,2025-10-13 11:13:27,6.25,33100,6.26,D
sz000498,山东路桥,2025-10-13 11:14:57,6.25,26500,6.24,U
sz000498,山东路桥,2025-10-13 11:17:36,6.26,24800,6.26,U
sz000498,山东路桥,2025-10-13 11:20:45,6.27,20500,6.26,U
sz000498,山东路桥,2025-10-13 11:21:48,6.26,46000,6.27,D
sz000498,山东路桥,2025-10-13 11:23:57,6.25,40400,6.25,D
sz000498,山东路桥,2025-10-13 11:26:15,6.25,30600,6.25,U
sz000498,山东路桥,2025-10-13 13:00:03,6.24,109700,6.24,D
sz000498,山东路桥,2025-10-13 13:02:51,6.25,43600,6.24,U
sz000498,山东路桥,2025-10-13 13:02:54,6.25,92900,6.25,U
sz000498,山东路桥,2025-10-13 13:03:24,6.24,124000,6.25,D
sz000498,山东路桥,2025-10-13 13:03:42,6.24,39100,6.25,D
sz000498,山东路桥,2025-10-13 13:03:51,6.25,50600,6.25,U
sz000498,山东路桥,2025-10-13 13:05:15,6.25,61800,6.25,U
sz000498,山东路桥,2025-10-13 13:05:36,6.26,70700,6.26,U
sz000498,山东路桥,2025-10-13 13:05:39,6.25,25200,6.26,D
sz000498,山东路桥,2025-10-13 13:06:06,6.25,29500,6.25,U
sz000498,山东路桥,2025-10-13 13:16:51,6.26,21100,6.26,U
sz000498,山东路桥,2025-10-13 13:18:33,6.25,23400,6.25,D
sz000498,山东路桥,2025-10-13 13:26:00,6.26,125300,6.25,U
sz000498,山东路桥,2025-10-13 13:26:54,6.27,45500,6.27,U
sz000498,山东路桥,2025-10-13 13:27:15,6.27,41800,6.26,U
sz000498,山东路桥,2025-10-13 13:27:24,6.27,22900,6.27,U
sz000498,山东路桥,2025-10-13 13:27:27,6.27,20900,6.27,U
sz000498,山东路桥,2025-10-13 13:27:33,6.28,107700,6.27,U
sz000498,山东路桥,2025-10-13 13:29:15,6.28,51200,6.27,U
sz000498,山东路桥,2025-10-13 13:35:03,6.28,112800,6.28,D
sz000498,山东路桥,2025-10-13 13:36:09,6.29,22400,6.29,U
sz000498,山东路桥,2025-10-13 13:41:24,6.28,20500,6.28,D
sz000498,山东路桥,2025-10-13 13:41:48,6.28,27300,6.28,D
sz000498,山东路桥,2025-10-13 13:46:42,6.28,28500,6.28,U
sz000498,山东路桥,2025-10-13 13:48:42,6.27,33300,6.28,D
sz000498,山东路桥,2025-10-13 13:49:18,6.28,30200,6.28,U
sz000498,山东路桥,2025-10-13 13:49:54,6.27,50000,6.28,D
sz000498,山东路桥,2025-10-13 13:50:48,6.28,58900,6.28,U
sz000498,山东路桥,2025-10-13 13:54:09,6.3,227200,6.29,U
sz000498,山东路桥,2025-10-13 13:54:54,6.29,55200,6.29,D
sz000498,山东路桥,2025-10-13 13:55:00,6.29,46300,6.29,U
sz000498,山东路桥,2025-10-13 13:55:03,6.29,31100,6.29,D
sz000498,山东路桥,2025-10-13 13:55:39,6.29,30000,6.29,D
sz000498,山东路桥,2025-10-13 13:56:30,6.29,35600,6.3,D
sz000498,山东路桥,2025-10-13 13:58:18,6.29,30300,6.29,U
sz000498,山东路桥,2025-10-13 14:00:18,6.3,28500,6.3,U
sz000498,山东路桥,2025-10-13 14:04:00,6.29,32200,6.29,D
sz000498,山东路桥,2025-10-13 14:05:03,6.29,20400,6.28,U
sz000498,山东路桥,2025-10-13 14:08:42,6.29,25900,6.28,U
sz000498,山东路桥,2025-10-13 14:11:15,6.29,38000,6.29,U
sz000498,山东路桥,2025-10-13 14:18:36,6.29,33500,6.29,U
sz000498,山东路桥,2025-10-13 14:19:06,6.3,21300,6.29,U
sz000498,山东路桥,2025-10-13 14:20:18,6.29,22900,6.29,D
sz000498,山东路桥,2025-10-13 14:21:51,6.29,26500,6.29,U
sz000498,山东路桥,2025-10-13 14:22:15,6.29,109100,6.29,U
sz000498,山东路桥,2025-10-13 14:25:36,6.3,46300,6.3,U
sz000498,山东路桥,2025-10-13 14:27:00,6.29,57200,6.29,D
sz000498,山东路桥,2025-10-13 14:30:33,6.29,61800,6.29,U
sz000498,山东路桥,2025-10-13 14:31:24,6.3,38200,6.29,U
sz000498,山东路桥,2025-10-13 14:37:57,6.29,50000,6.3,D
sz000498,山东路桥,2025-10-13 14:38:12,6.3,41400,6.29,U
sz000498,山东路桥,2025-10-13 14:38:21,6.3,29900,6.29,U
sz000498,山东路桥,2025-10-13 14:40:03,6.3,40100,6.29,U
sz000498,山东路桥,2025-10-13 14:43:03,6.29,52000,6.28,U
sz000498,山东路桥,2025-10-13 14:43:12,6.29,57300,6.29,U
sz000498,山东路桥,2025-10-13 14:43:18,6.29,102700,6.29,U
sz000498,山东路桥,2025-10-13 14:43:21,6.29,20000,6.29,D
sz000498,山东路桥,2025-10-13 14:44:00,6.29,34600,6.29,U
sz000498,山东路桥,2025-10-13 14:48:00,6.29,32900,6.29,D
sz000498,山东路桥,2025-10-13 14:51:18,6.29,23500,6.29,D
sz000498,山东路桥,2025-10-13 14:52:54,6.29,29600,6.29,D
sz000498,山东路桥,2025-10-13 14:53:24,6.29,33300,6.29,E
sz000498,山东路桥,2025-10-13 14:53:57,6.28,50100,6.28,D
sz000498,山东路桥,2025-10-13 14:54:03,6.3,26600,6.27,U
sz000498,山东路桥,2025-10-13 14:54:45,6.28,22900,6.28,D
sz000498,山东路桥,2025-10-13 14:55:12,6.29,88500,6.28,U
sz000498,山东路桥,2025-10-13 14:55:36,6.28,30000,6.28,D
sz000498,山东路桥,2025-10-13 14:56:36,6.28,50600,6.29,D
sz000498,山东路桥,2025-10-13 14:56:51,6.28,20000,6.29,D
sz000498,山东路桥,2025-10-13 15:00:00,6.29,150900,6.29,E
