symbol,name,ticktime,price,volume,prev_price,kind
sz000552,甘肃能化,2025-10-21 09:25:00,2.67,1341000,0.0,D
sz000552,甘肃能化,2025-10-21 09:30:00,2.67,787700,2.67,U
sz000552,甘肃能化,2025-10-21 09:30:03,2.66,2178700,2.67,D
sz000552,甘肃能化,2025-10-21 09:30:06,2.66,635000,2.66,U
sz000552,甘肃能化,2025-10-21 09:30:09,2.65,1171300,2.66,D
sz000552,甘肃能化,2025-10-21 09:30:12,2.64,564100,2.65,D
sz000552,甘肃能化,2025-10-21 09:30:15,2.64,128800,2.64,D
sz000552,甘肃能化,2025-10-21 09:30:18,2.64,1330300,2.64,D
sz000552,甘肃能化,2025-10-21 09:30:21,2.63,208300,2.64,D
sz000552,甘肃能化,2025-10-21 09:30:24,2.64,128100,2.63,U
sz000552,甘肃能化,2025-10-21 09:30:27,2.63,50000,2.64,D
sz000552,甘肃能化,2025-10-21 09:30:36,2.63,94800,2.64,D
sz000552,甘肃能化,2025-10-21 09:30:39,2.63,365200,2.63,D
sz000552,甘肃能化,2025-10-21 09:30:42,2.64,68500,2.63,U
sz000552,甘肃能化,2025-10-21 09:30:45,2.64,71200,2.64,U
sz000552,甘肃能化,2025-10-21 09:30:48,2.63,184200,2.64,D
sz000552,甘肃能化,2025-10-21 09:30:51,2.64,431800,2.63,U
sz000552,甘肃能化,2025-10-21 09:30:54,2.64,311200,2.64,U
sz000552,甘肃能化,2025-10-21 09:30:57,2.63,268300,2.64,D
sz000552,甘肃能化,2025-10-21 09:31:00,2.64,329000,2.63,U
sz000552,甘肃能化,2025-10-21 09:31:03,2.63,433100,2.64,D
sz000552,甘肃能化,2025-10-21 09:31:06,2.64,246400,2.63,U
sz000552,甘肃能化,2025-10-21 09:31:09,2.63,1118900,2.64,D
sz000552,甘肃能化,2025-10-21 09:31:12,2.63,91900,2.63,U
sz000552,甘肃能化,2025-10-21 09:31:15,2.63,161900,2.63,U
sz000552,甘肃能化,2025-10-21 09:31:18,2.63,145300,2.63,U
sz000552,甘肃能化,2025-10-21 09:31:21,2.62,37200,2.63,D
sz000552,甘肃能化,2025-10-21 09:31:24,2.62,151900,2.62,D
sz000552,甘肃能化,2025-10-21 09:31:27,2.62,178500,2.62,D
sz000552,甘肃能化,2025-10-21 09:31:30,2.63,118300,2.62,U
sz000552,甘肃能化,2025-10-21 09:31:33,2.62,130000,2.63,D
sz000552,甘肃能化,2025-10-21 09:31:36,2.62,260200,2.62,D
sz000552,甘肃能化,2025-10-21 09:31:39,2.62,433000,2.62,D
sz000552,甘肃能化,2025-10-21 09:31:42,2.63,122300,2.62,U
sz000552,甘肃能化,2025-10-21 09:31:45,2.63,236100,2.63,U
sz000552,甘肃能化,2025-10-21 09:31:48,2.63,297700,2.63,U
sz000552,甘肃能化,2025-10-21 09:31:54,2.63,43900,2.64,D
sz000552,甘肃能化,2025-10-21 09:32:03,2.63,72200,2.63,D
sz000552,甘肃能化,2025-10-21 09:32:06,2.64,59100,2.63,U
sz000552,甘肃能化,2025-10-21 09:32:09,2.64,437400,2.64,U
sz000552,甘肃能化,2025-10-21 09:32:15,2.65,26000,2.64,U
sz000552,甘肃能化,2025-10-21 09:32:18,2.64,54900,2.65,D
sz000552,甘肃能化,2025-10-21 09:32:21,2.65,29400,2.64,U
sz000552,甘肃能化,2025-10-21 09:32:24,2.65,610500,2.65,U
sz000552,甘肃能化,2025-10-21 09:32:27,2.65,79800,2.65,U
sz000552,甘肃能化,2025-10-21 09:32:33,2.64,68500,2.64,D
sz000552,甘肃能化,2025-10-21 09:32:36,2.64,40700,2.64,D
sz000552,甘肃能化,2025-10-21 09:32:39,2.65,61300,2.64,U
sz000552,甘肃能化,2025-10-21 09:32:48,2.65,105300,2.64,U
sz000552,甘肃能化,2025-10-21 09:33:00,2.64,817000,2.64,D
sz000552,甘肃能化,2025-10-21 09:33:03,2.64,654300,2.64,D
sz000552,甘肃能化,2025-10-21 09:33:06,2.65,368300,2.64,U
sz000552,甘肃能化,2025-10-21 09:33:12,2.64,26500,2.65,D
sz000552,甘肃能化,2025-10-21 09:33:15,2.64,59600,2.64,D
sz000552,甘肃能化,2025-10-21 09:33:27,2.65,75200,2.64,U
sz000552,甘肃能化,2025-10-21 09:33:30,2.66,1294700,2.65,U
sz000552,甘肃能化,2025-10-21 09:33:33,2.65,45700,2.66,D
sz000552,甘肃能化,2025-10-21 09:33:45,2.65,39900,2.66,D
sz000552,甘肃能化,2025-10-21 09:33:48,2.66,24300,2.65,U
sz000552,甘肃能化,2025-10-21 09:33:51,2.65,118300,2.66,D
sz000552,甘肃能化,2025-10-21 09:33:57,2.65,204000,2.66,D
sz000552,甘肃能化,2025-10-21 09:34:00,2.66,49000,2.65,U
sz000552,甘肃能化,2025-10-21 09:34:03,2.65,76100,2.66,D
sz000552,甘肃能化,2025-10-21 09:34:06,2.65,115800,2.65,D
sz000552,甘肃能化,2025-10-21 09:34:12,2.65,39900,2.65,U
sz000552,甘肃能化,2025-10-21 09:34:15,2.64,31000,2.65,D
sz000552,甘肃能化,2025-10-21 09:34:18,2.65,59300,2.64,U
sz000552,甘肃能化,2025-10-21 09:34:21,2.65,24000,2.65,D
sz000552,甘肃能化,2025-10-21 09:34:24,2.64,65900,2.65,D
sz000552,甘肃能化,2025-10-21 09:34:27,2.65,38900,2.64,E
sz000552,甘肃能化,2025-10-21 09:34:30,2.65,29900,2.65,U
sz000552,甘肃能化,2025-10-21 09:34:33,2.65,42000,2.65,U
sz000552,甘肃能化,2025-10-21 09:34:36,2.65,116800,2.65,U
sz000552,甘肃能化,2025-10-21 09:34:39,2.65,62000,2.65,U
sz000552,甘肃能化,2025-10-21 09:34:42,2.65,28400,2.65,U
sz000552,甘肃能化,2025-10-21 09:34:45,2.64,420800,2.65,D
sz000552,甘肃能化,2025-10-21 09:34:51,2.65,196100,2.65,U
sz000552,甘肃能化,2025-10-21 09:34:54,2.65,32400,2.65,U
sz000552,甘肃能化,2025-10-21 09:35:15,2.65,117700,2.65,U
sz000552,甘肃能化,2025-10-21 09:35:18,2.64,50100,2.65,D
sz000552,甘肃能化,2025-10-21 09:35:24,2.64,193600,2.64,D
sz000552,甘肃能化,2025-10-21 09:35:27,2.64,698100,2.64,D
sz000552,甘肃能化,2025-10-21 09:35:30,2.64,20000,2.64,U
sz000552,甘肃能化,2025-10-21 09:35:45,2.64,60000,2.63,U
sz000552,甘肃能化,2025-10-21 09:35:48,2.63,80500,2.64,D
sz000552,甘肃能化,2025-10-21 09:35:51,2.63,267600,2.63,D
sz000552,甘肃能化,2025-10-21 09:35:54,2.63,195300,2.63,D
sz000552,甘肃能化,2025-10-21 09:35:57,2.64,217300,2.63,U
sz000552,甘肃能化,2025-10-21 09:36:00,2.64,40500,2.64,U
sz000552,甘肃能化,2025-10-21 09:36:03,2.63,121500,2.64,D
sz000552,甘肃能化,2025-10-21 09:36:09,2.63,34300,2.63,D
sz000552,甘肃能化,2025-10-21 09:36:12,2.64,41600,2.63,U
sz000552,甘肃能化,2025-10-21 09:36:18,2.63,52200,2.63,D
sz000552,甘肃能化,2025-10-21 09:36:24,2.63,29200,2.63,D
sz000552,甘肃能化,2025-10-21 09:36:27,2.63,72000,2.63,D
sz000552,甘肃能化,2025-10-21 09:36:33,2.64,43400,2.64,U
sz000552,甘肃能化,2025-10-21 09:36:36,2.63,38000,2.64,D
sz000552,甘肃能化,2025-10-21 09:36:39,2.64,66700,2.63,U
sz000552,甘肃能化,2025-10-21 09:36:45,2.64,111300,2.64,U
sz000552,甘肃能化,2025-10-21 09:36:51,2.63,21400,2.64,D
sz000552,甘肃能化,2025-10-21 09:36:54,2.64,63300,2.63,U
sz000552,甘肃能化,2025-10-21 09:36:57,2.63,1210400,2.64,D
sz000552,甘肃能化,2025-10-21 09:37:00,2.63,38000,2.63,D
sz000552,甘肃能化,2025-10-21 09:37:03,2.63,65100,2.63,D
sz000552,甘肃能化,2025-10-21 09:37:09,2.64,289900,2.64,U
sz000552,甘肃能化,2025-10-21 09:37:12,2.63,112600,2.64,D
sz000552,甘肃能化,2025-10-21 09:37:18,2.63,159500,2.63,D
sz000552,甘肃能化,2025-10-21 09:37:27,2.63,225700,2.63,D
sz000552,甘肃能化,2025-10-21 09:37:30,2.63,179000,2.63,D
sz000552,甘肃能化,2025-10-21 09:37:33,2.64,99800,2.63,U
sz000552,甘肃能化,2025-10-21 09:37:36,2.65,1132600,2.64,U
sz000552,甘肃能化,2025-10-21 09:37:39,2.64,70300,2.65,D
sz000552,甘肃能化,2025-10-21 09:37:42,2.64,139100,2.64,D
sz000552,甘肃能化,2025-10-21 09:37:48,2.64,41300,2.64,D
sz000552,甘肃能化,2025-10-21 09:38:12,2.64,74500,2.64,D
sz000552,甘肃能化,2025-10-21 09:38:27,2.64,48900,2.64,D
sz000552,甘肃能化,2025-10-21 09:38:30,2.65,41200,2.64,U
sz000552,甘肃能化,2025-10-21 09:38:54,2.65,23500,2.65,U
sz000552,甘肃能化,2025-10-21 09:39:06,2.64,32900,2.64,D
sz000552,甘肃能化,2025-10-21 09:39:15,2.64,172900,2.64,D
sz000552,甘肃能化,2025-10-21 09:39:21,2.64,23100,2.64,D
sz000552,甘肃能化,2025-10-21 09:39:39,2.65,44100,2.65,U
sz000552,甘肃能化,2025-10-21 09:39:42,2.65,25500,2.65,U
sz000552,甘肃能化,2025-10-21 09:39:45,2.65,148800,2.65,U
sz000552,甘肃能化,2025-10-21 09:40:03,2.65,88500,2.65,U
sz000552,甘肃能化,2025-10-21 09:40:12,2.64,64400,2.65,D
sz000552,甘肃能化,2025-10-21 09:40:15,2.64,40700,2.64,D
sz000552,甘肃能化,2025-10-21 09:40:21,2.65,28000,2.65,U
sz000552,甘肃能化,2025-10-21 09:40:54,2.65,78200,2.64,U
sz000552,甘肃能化,2025-10-21 09:40:57,2.65,26800,2.65,U
sz000552,甘肃能化,2025-10-21 09:41:00,2.65,31000,2.65,U
sz000552,甘肃能化,2025-10-21 09:41:09,2.64,29100,2.64,D
sz000552,甘肃能化,2025-10-21 09:41:18,2.65,47700,2.64,U
sz000552,甘肃能化,2025-10-21 09:41:21,2.65,1081300,2.65,U
sz000552,甘肃能化,2025-10-21 09:41:24,2.65,69000,2.65,D
sz000552,甘肃能化,2025-10-21 09:41:30,2.65,62300,2.66,D
sz000552,甘肃能化,2025-10-21 09:41:33,2.65,118000,2.65,D
sz000552,甘肃能化,2025-10-21 09:41:36,2.65,62500,2.65,D
sz000552,甘肃能化,2025-10-21 09:41:39,2.65,59900,2.65,D
sz000552,甘肃能化,2025-10-21 09:41:42,2.65,34000,2.65,D
sz000552,甘肃能化,2025-10-21 09:41:54,2.66,328200,2.66,U
sz000552,甘肃能化,2025-10-21 09:41:57,2.66,29000,2.66,U
sz000552,甘肃能化,2025-10-21 09:42:00,2.65,21000,2.66,D
sz000552,甘肃能化,2025-10-21 09:42:03,2.66,23400,2.65,U
sz000552,甘肃能化,2025-10-21 09:42:18,2.65,115100,2.65,D
sz000552,甘肃能化,2025-10-21 09:42:39,2.65,21500,2.66,D
sz000552,甘肃能化,2025-10-21 09:42:48,2.65,131700,2.65,D
sz000552,甘肃能化,2025-10-21 09:42:54,2.66,179300,2.65,U
sz000552,甘肃能化,2025-10-21 09:43:06,2.65,88600,2.65,D
sz000552,甘肃能化,2025-10-21 09:43:18,2.65,39400,2.65,D
sz000552,甘肃能化,2025-10-21 09:43:21,2.65,20500,2.65,D
sz000552,甘肃能化,2025-10-21 09:43:24,2.65,24200,2.65,D
sz000552,甘肃能化,2025-10-21 09:43:30,2.65,44500,2.65,D
sz000552,甘肃能化,2025-10-21 09:43:33,2.65,61600,2.65,D
sz000552,甘肃能化,2025-10-21 09:43:36,2.65,43800,2.65,D
sz000552,甘肃能化,2025-10-21 09:43:48,2.65,21500,2.65,D
sz000552,甘肃能化,2025-10-21 09:44:09,2.65,44600,2.64,U
sz000552,甘肃能化,2025-10-21 09:44:21,2.65,815600,2.64,U
sz000552,甘肃能化,2025-10-21 09:45:06,2.65,28600,2.66,D
sz000552,甘肃能化,2025-10-21 09:45:24,2.65,27900,2.66,D
sz000552,甘肃能化,2025-10-21 09:45:30,2.66,44700,2.65,U
sz000552,甘肃能化,2025-10-21 09:45:33,2.66,84300,2.66,U
sz000552,甘肃能化,2025-10-21 09:45:36,2.65,44900,2.66,D
sz000552,甘肃能化,2025-10-21 09:45:45,2.65,31700,2.66,D
sz000552,甘肃能化,2025-10-21 09:45:51,2.66,69100,2.66,U
sz000552,甘肃能化,2025-10-21 09:46:09,2.66,98000,2.65,U
sz000552,甘肃能化,2025-10-21 09:46:15,2.66,21100,2.65,U
sz000552,甘肃能化,2025-10-21 09:46:24,2.66,20500,2.66,U
sz000552,甘肃能化,2025-10-21 09:46:39,2.66,26600,2.66,U
sz000552,甘肃能化,2025-10-21 09:47:03,2.65,39200,2.66,D
sz000552,甘肃能化,2025-10-21 09:47:51,2.65,68400,2.65,D
sz000552,甘肃能化,2025-10-21 09:48:00,2.66,89300,2.66,U
sz000552,甘肃能化,2025-10-21 09:48:03,2.66,29700,2.66,U
sz000552,甘肃能化,2025-10-21 09:48:12,2.65,29000,2.66,D
sz000552,甘肃能化,2025-10-21 09:48:21,2.66,1292300,2.66,U
sz000552,甘肃能化,2025-10-21 09:48:30,2.66,22800,2.66,D
sz000552,甘肃能化,2025-10-21 09:48:33,2.67,168600,2.66,U
sz000552,甘肃能化,2025-10-21 09:48:57,2.66,90600,2.66,D
sz000552,甘肃能化,2025-10-21 09:49:12,2.67,27700,2.67,U
sz000552,甘肃能化,2025-10-21 09:49:33,2.66,50200,2.67,D
sz000552,甘肃能化,2025-10-21 09:49:36,2.67,156800,2.66,U
sz000552,甘肃能化,2025-10-21 09:50:00,2.67,22000,2.66,U
sz000552,甘肃能化,2025-10-21 09:50:12,2.67,68400,2.67,U
sz000552,甘肃能化,2025-10-21 09:50:30,2.67,33700,2.66,U
sz000552,甘肃能化,2025-10-21 09:50:57,2.67,110600,2.66,U
sz000552,甘肃能化,2025-10-21 09:51:00,2.67,54200,2.67,U
sz000552,甘肃能化,2025-10-21 09:51:24,2.67,22400,2.67,U
sz000552,甘肃能化,2025-10-21 09:51:30,2.67,69000,2.66,U
sz000552,甘肃能化,2025-10-21 09:51:39,2.67,20100,2.67,U
sz000552,甘肃能化,2025-10-21 09:52:00,2.67,41800,2.67,U
sz000552,甘肃能化,2025-10-21 09:52:03,2.66,32200,2.67,D
sz000552,甘肃能化,2025-10-21 09:52:12,2.68,1638100,2.66,U
sz000552,甘肃能化,2025-10-21 09:52:15,2.68,540800,2.68,U
sz000552,甘肃能化,2025-10-21 09:52:18,2.68,39200,2.68,U
sz000552,甘肃能化,2025-10-21 09:52:21,2.68,32300,2.68,U
sz000552,甘肃能化,2025-10-21 09:52:24,2.67,41400,2.68,D
sz000552,甘肃能化,2025-10-21 09:52:27,2.68,117900,2.67,U
sz000552,甘肃能化,2025-10-21 09:52:30,2.68,137600,2.68,U
sz000552,甘肃能化,2025-10-21 09:52:33,2.68,56400,2.68,U
sz000552,甘肃能化,2025-10-21 09:52:36,2.67,41900,2.68,D
sz000552,甘肃能化,2025-10-21 09:52:39,2.68,78100,2.67,U
sz000552,甘肃能化,2025-10-21 09:52:48,2.68,214500,2.68,U
sz000552,甘肃能化,2025-10-21 09:52:51,2.68,98700,2.68,U
sz000552,甘肃能化,2025-10-21 09:52:54,2.68,187000,2.68,U
sz000552,甘肃能化,2025-10-21 09:52:57,2.68,45400,2.68,U
sz000552,甘肃能化,2025-10-21 09:53:03,2.68,74900,2.68,U
sz000552,甘肃能化,2025-10-21 09:53:18,2.68,29000,2.68,U
sz000552,甘肃能化,2025-10-21 09:53:30,2.68,40800,2.67,U
sz000552,甘肃能化,2025-10-21 09:53:54,2.68,243970,2.67,U
sz000552,甘肃能化,2025-10-21 09:53:57,2.68,40700,2.68,U
sz000552,甘肃能化,2025-10-21 09:54:09,2.68,20800,2.68,U
sz000552,甘肃能化,2025-10-21 09:54:27,2.68,24000,2.67,U
sz000552,甘肃能化,2025-10-21 09:54:30,2.67,42100,2.68,D
sz000552,甘肃能化,2025-10-21 09:54:42,2.68,27800,2.68,U
sz000552,甘肃能化,2025-10-21 09:54:45,2.68,46600,2.68,U
sz000552,甘肃能化,2025-10-21 09:54:48,2.68,52500,2.68,U
sz000552,甘肃能化,2025-10-21 09:54:51,2.68,34400,2.68,U
sz000552,甘肃能化,2025-10-21 09:54:54,2.68,105200,2.68,U
sz000552,甘肃能化,2025-10-21 09:54:57,2.68,99800,2.68,U
sz000552,甘肃能化,2025-10-21 09:55:06,2.68,393900,2.68,U
sz000552,甘肃能化,2025-10-21 09:55:09,2.69,202400,2.68,U
sz000552,甘肃能化,2025-10-21 09:55:12,2.68,22900,2.69,D
sz000552,甘肃能化,2025-10-21 09:55:27,2.69,34600,2.68,U
sz000552,甘肃能化,2025-10-21 09:55:36,2.69,29300,2.69,U
sz000552,甘肃能化,2025-10-21 09:55:51,2.69,230500,2.69,U
sz000552,甘肃能化,2025-10-21 09:55:57,2.69,25000,2.69,U
sz000552,甘肃能化,2025-10-21 09:56:03,2.69,24000,2.69,U
sz000552,甘肃能化,2025-10-21 09:56:06,2.69,21500,2.69,U
sz000552,甘肃能化,2025-10-21 09:56:15,2.69,49100,2.69,U
sz000552,甘肃能化,2025-10-21 09:56:24,2.69,20000,2.69,U
sz000552,甘肃能化,2025-10-21 09:56:45,2.68,20400,2.68,D
sz000552,甘肃能化,2025-10-21 09:57:00,2.69,74900,2.68,U
sz000552,甘肃能化,2025-10-21 09:57:06,2.68,20100,2.69,D
sz000552,甘肃能化,2025-10-21 09:57:15,2.69,361500,2.68,U
sz000552,甘肃能化,2025-10-21 09:57:30,2.68,117600,2.68,D
sz000552,甘肃能化,2025-10-21 09:57:36,2.68,26600,2.68,D
sz000552,甘肃能化,2025-10-21 09:57:39,2.68,171100,2.68,D
sz000552,甘肃能化,2025-10-21 09:57:42,2.68,650800,2.68,D
sz000552,甘肃能化,2025-10-21 09:57:45,2.67,29600,2.68,D
sz000552,甘肃能化,2025-10-21 09:57:54,2.68,26000,2.67,U
sz000552,甘肃能化,2025-10-21 09:58:21,2.67,50000,2.68,D
sz000552,甘肃能化,2025-10-21 09:58:39,2.68,44700,2.68,U
sz000552,甘肃能化,2025-10-21 09:58:42,2.68,30700,2.68,U
sz000552,甘肃能化,2025-10-21 09:58:48,2.68,20700,2.68,U
sz000552,甘肃能化,2025-10-21 09:59:00,2.68,20400,2.67,U
sz000552,甘肃能化,2025-10-21 09:59:03,2.67,151100,2.68,D
sz000552,甘肃能化,2025-10-21 09:59:12,2.68,998800,2.67,U
sz000552,甘肃能化,2025-10-21 09:59:15,2.68,105400,2.68,U
sz000552,甘肃能化,2025-10-21 09:59:30,2.68,31800,2.68,U
sz000552,甘肃能化,2025-10-21 09:59:33,2.68,83600,2.68,U
sz000552,甘肃能化,2025-10-21 09:59:48,2.68,92900,2.68,D
sz000552,甘肃能化,2025-10-21 09:59:54,2.68,21500,2.68,D
sz000552,甘肃能化,2025-10-21 10:00:06,2.67,43500,2.68,D
sz000552,甘肃能化,2025-10-21 10:00:09,2.67,26600,2.67,D
sz000552,甘肃能化,2025-10-21 10:00:27,2.68,100600,2.68,U
sz000552,甘肃能化,2025-10-21 10:00:33,2.68,27700,2.68,U
sz000552,甘肃能化,2025-10-21 10:00:39,2.68,30900,2.67,U
sz000552,甘肃能化,2025-10-21 10:00:42,2.68,51900,2.68,U
sz000552,甘肃能化,2025-10-21 10:01:21,2.67,30300,2.67,D
sz000552,甘肃能化,2025-10-21 10:01:27,2.68,68600,2.67,U
sz000552,甘肃能化,2025-10-21 10:01:45,2.67,76100,2.68,D
sz000552,甘肃能化,2025-10-21 10:01:48,2.68,25000,2.67,U
sz000552,甘肃能化,2025-10-21 10:01:54,2.68,68600,2.68,U
sz000552,甘肃能化,2025-10-21 10:01:57,2.68,198200,2.68,U
sz000552,甘肃能化,2025-10-21 10:02:15,2.67,56300,2.67,D
sz000552,甘肃能化,2025-10-21 10:02:18,2.67,45000,2.67,D
sz000552,甘肃能化,2025-10-21 10:02:24,2.68,71700,2.67,U
sz000552,甘肃能化,2025-10-21 10:02:27,2.67,455800,2.68,D
sz000552,甘肃能化,2025-10-21 10:02:30,2.68,34500,2.67,U
sz000552,甘肃能化,2025-10-21 10:02:33,2.67,24900,2.68,D
sz000552,甘肃能化,2025-10-21 10:02:39,2.68,923100,2.67,U
sz000552,甘肃能化,2025-10-21 10:02:45,2.67,24000,2.68,D
sz000552,甘肃能化,2025-10-21 10:03:00,2.68,44100,2.68,U
sz000552,甘肃能化,2025-10-21 10:03:06,2.68,631800,2.68,U
sz000552,甘肃能化,2025-10-21 10:03:09,2.67,22800,2.68,D
sz000552,甘肃能化,2025-10-21 10:03:12,2.68,42500,2.67,U
sz000552,甘肃能化,2025-10-21 10:03:18,2.67,24000,2.68,D
sz000552,甘肃能化,2025-10-21 10:04:00,2.67,40200,2.67,D
sz000552,甘肃能化,2025-10-21 10:04:51,2.68,23600,2.68,U
sz000552,甘肃能化,2025-10-21 10:04:54,2.67,46000,2.68,D
sz000552,甘肃能化,2025-10-21 10:05:27,2.67,23700,2.67,D
sz000552,甘肃能化,2025-10-21 10:05:33,2.67,857600,2.67,D
sz000552,甘肃能化,2025-10-21 10:05:36,2.66,52900,2.67,D
sz000552,甘肃能化,2025-10-21 10:05:39,2.67,21100,2.66,U
sz000552,甘肃能化,2025-10-21 10:06:06,2.67,20000,2.67,U
sz000552,甘肃能化,2025-10-21 10:06:21,2.67,20000,2.66,U
sz000552,甘肃能化,2025-10-21 10:06:36,2.66,21500,2.66,D
sz000552,甘肃能化,2025-10-21 10:06:39,2.66,60300,2.66,D
sz000552,甘肃能化,2025-10-21 10:07:09,2.66,24000,2.66,D
sz000552,甘肃能化,2025-10-21 10:07:12,2.67,36300,2.66,U
sz000552,甘肃能化,2025-10-21 10:07:15,2.67,25600,2.67,U
sz000552,甘肃能化,2025-10-21 10:07:33,2.67,43100,2.66,U
sz000552,甘肃能化,2025-10-21 10:07:48,2.66,29600,2.66,D
sz000552,甘肃能化,2025-10-21 10:07:51,2.67,24300,2.66,U
sz000552,甘肃能化,2025-10-21 10:07:54,2.66,29600,2.67,D
sz000552,甘肃能化,2025-10-21 10:07:57,2.67,26000,2.66,U
sz000552,甘肃能化,2025-10-21 10:08:03,2.66,107500,2.66,D
sz000552,甘肃能化,2025-10-21 10:08:06,2.67,21000,2.66,U
sz000552,甘肃能化,2025-10-21 10:08:09,2.67,35200,2.67,U
sz000552,甘肃能化,2025-10-21 10:08:15,2.66,58600,2.67,D
sz000552,甘肃能化,2025-10-21 10:08:24,2.66,28100,2.66,D
sz000552,甘肃能化,2025-10-21 10:08:27,2.67,22000,2.66,U
sz000552,甘肃能化,2025-10-21 10:08:45,2.66,20000,2.67,D
sz000552,甘肃能化,2025-10-21 10:08:48,2.67,32300,2.66,U
sz000552,甘肃能化,2025-10-21 10:09:21,2.67,27100,2.66,U
sz000552,甘肃能化,2025-10-21 10:09:24,2.67,212900,2.67,U
sz000552,甘肃能化,2025-10-21 10:09:36,2.66,58700,2.67,D
sz000552,甘肃能化,2025-10-21 10:09:39,2.67,20000,2.66,U
sz000552,甘肃能化,2025-10-21 10:09:48,2.66,40000,2.67,D
sz000552,甘肃能化,2025-10-21 10:10:12,2.67,57500,2.67,U
sz000552,甘肃能化,2025-10-21 10:10:18,2.66,52400,2.67,D
sz000552,甘肃能化,2025-10-21 10:10:24,2.66,24400,2.67,D
sz000552,甘肃能化,2025-10-21 10:10:33,2.67,21900,2.67,U
sz000552,甘肃能化,2025-10-21 10:10:39,2.67,27900,2.66,U
sz000552,甘肃能化,2025-10-21 10:10:42,2.67,33900,2.67,U
sz000552,甘肃能化,2025-10-21 10:10:45,2.67,26400,2.67,U
sz000552,甘肃能化,2025-10-21 10:10:51,2.67,23200,2.67,U
sz000552,甘肃能化,2025-10-21 10:11:00,2.67,138400,2.67,U
sz000552,甘肃能化,2025-10-21 10:11:03,2.67,609900,2.67,U
sz000552,甘肃能化,2025-10-21 10:11:06,2.67,54000,2.67,U
sz000552,甘肃能化,2025-10-21 10:11:09,2.67,81600,2.67,U
sz000552,甘肃能化,2025-10-21 10:12:03,2.67,28000,2.66,U
sz000552,甘肃能化,2025-10-21 10:12:06,2.67,68000,2.67,U
sz000552,甘肃能化,2025-10-21 10:12:12,2.67,49500,2.66,U
sz000552,甘肃能化,2025-10-21 10:12:15,2.67,41000,2.67,U
sz000552,甘肃能化,2025-10-21 10:12:18,2.67,27100,2.67,U
sz000552,甘肃能化,2025-10-21 10:12:36,2.67,24000,2.66,U
sz000552,甘肃能化,2025-10-21 10:12:57,2.67,20000,2.66,U
sz000552,甘肃能化,2025-10-21 10:13:51,2.67,59000,2.66,U
sz000552,甘肃能化,2025-10-21 10:14:12,2.67,76900,2.66,U
sz000552,甘肃能化,2025-10-21 10:14:24,2.67,33700,2.67,U
sz000552,甘肃能化,2025-10-21 10:15:00,2.67,33400,2.66,U
sz000552,甘肃能化,2025-10-21 10:15:09,2.67,59100,2.66,U
sz000552,甘肃能化,2025-10-21 10:15:12,2.67,368600,2.67,U
sz000552,甘肃能化,2025-10-21 10:15:15,2.67,27700,2.67,U
sz000552,甘肃能化,2025-10-21 10:15:24,2.67,20100,2.67,U
sz000552,甘肃能化,2025-10-21 10:15:36,2.67,24000,2.67,U
sz000552,甘肃能化,2025-10-21 10:15:39,2.67,31600,2.67,U
sz000552,甘肃能化,2025-10-21 10:16:12,2.67,24600,2.67,D
sz000552,甘肃能化,2025-10-21 10:16:24,2.67,35700,2.68,D
sz000552,甘肃能化,2025-10-21 10:18:39,2.68,88600,2.67,U
sz000552,甘肃能化,2025-10-21 10:19:00,2.67,20000,2.67,D
sz000552,甘肃能化,2025-10-21 10:20:42,2.68,24000,2.67,U
sz000552,甘肃能化,2025-10-21 10:21:57,2.68,63800,2.67,U
sz000552,甘肃能化,2025-10-21 10:22:06,2.68,21500,2.68,U
sz000552,甘肃能化,2025-10-21 10:22:36,2.67,51600,2.67,D
sz000552,甘肃能化,2025-10-21 10:22:45,2.67,49000,2.67,D
sz000552,甘肃能化,2025-10-21 10:23:00,2.67,130500,2.68,D
sz000552,甘肃能化,2025-10-21 10:23:57,2.68,86900,2.67,U
sz000552,甘肃能化,2025-10-21 10:26:45,2.68,21400,2.67,U
sz000552,甘肃能化,2025-10-21 10:27:12,2.67,39900,2.67,D
sz000552,甘肃能化,2025-10-21 10:27:30,2.68,78100,2.68,U
sz000552,甘肃能化,2025-10-21 10:27:42,2.67,54300,2.68,D
sz000552,甘肃能化,2025-10-21 10:28:09,2.68,32700,2.68,U
sz000552,甘肃能化,2025-10-21 10:28:18,2.68,26100,2.68,U
sz000552,甘肃能化,2025-10-21 10:28:21,2.68,58900,2.68,U
sz000552,甘肃能化,2025-10-21 10:28:27,2.68,41900,2.68,U
sz000552,甘肃能化,2025-10-21 10:29:15,2.67,43000,2.67,D
sz000552,甘肃能化,2025-10-21 10:29:27,2.67,20600,2.67,D
sz000552,甘肃能化,2025-10-21 10:29:30,2.67,35800,2.67,D
sz000552,甘肃能化,2025-10-21 10:29:39,2.68,24300,2.68,U
sz000552,甘肃能化,2025-10-21 10:30:00,2.68,80100,2.68,U
sz000552,甘肃能化,2025-10-21 10:30:21,2.68,25300,2.67,U
sz000552,甘肃能化,2025-10-21 10:30:30,2.67,47800,2.67,D
sz000552,甘肃能化,2025-10-21 10:31:33,2.68,38400,2.67,U
sz000552,甘肃能化,2025-10-21 10:32:00,2.67,169500,2.67,D
sz000552,甘肃能化,2025-10-21 10:32:03,2.67,106700,2.67,D
sz000552,甘肃能化,2025-10-21 10:32:06,2.67,121200,2.67,D
sz000552,甘肃能化,2025-10-21 10:32:09,2.67,103000,2.67,D
sz000552,甘肃能化,2025-10-21 10:32:12,2.67,35400,2.67,D
sz000552,甘肃能化,2025-10-21 10:32:15,2.67,173000,2.67,D
sz000552,甘肃能化,2025-10-21 10:32:18,2.67,775600,2.67,D
sz000552,甘肃能化,2025-10-21 10:32:21,2.67,65200,2.67,D
sz000552,甘肃能化,2025-10-21 10:32:24,2.67,29700,2.67,D
sz000552,甘肃能化,2025-10-21 10:32:27,2.67,39600,2.67,U
sz000552,甘肃能化,2025-10-21 10:32:33,2.67,26200,2.67,U
sz000552,甘肃能化,2025-10-21 10:33:09,2.68,1009000,2.67,U
sz000552,甘肃能化,2025-10-21 10:33:12,2.67,48000,2.68,D
sz000552,甘肃能化,2025-10-21 10:33:24,2.67,317700,2.67,D
sz000552,甘肃能化,2025-10-21 10:33:27,2.67,53600,2.67,U
sz000552,甘肃能化,2025-10-21 10:33:30,2.67,25400,2.67,U
sz000552,甘肃能化,2025-10-21 10:33:36,2.67,52400,2.67,U
sz000552,甘肃能化,2025-10-21 10:34:24,2.67,67500,2.67,U
sz000552,甘肃能化,2025-10-21 10:34:30,2.67,73200,2.67,U
sz000552,甘肃能化,2025-10-21 10:34:33,2.67,182235,2.67,U
sz000552,甘肃能化,2025-10-21 10:35:03,2.68,30300,2.67,U
sz000552,甘肃能化,2025-10-21 10:35:24,2.67,54200,2.68,D
sz000552,甘肃能化,2025-10-21 10:35:54,2.68,20800,2.68,U
sz000552,甘肃能化,2025-10-21 10:36:18,2.67,22400,2.67,D
sz000552,甘肃能化,2025-10-21 10:37:03,2.67,22400,2.68,D
sz000552,甘肃能化,2025-10-21 10:37:27,2.67,20200,2.67,D
sz000552,甘肃能化,2025-10-21 10:37:57,2.68,59000,2.68,U
sz000552,甘肃能化,2025-10-21 10:39:21,2.67,36900,2.67,D
sz000552,甘肃能化,2025-10-21 10:39:24,2.68,28500,2.67,U
sz000552,甘肃能化,2025-10-21 10:39:27,2.68,23100,2.68,U
sz000552,甘肃能化,2025-10-21 10:39:45,2.67,63300,2.67,D
sz000552,甘肃能化,2025-10-21 10:39:48,2.68,20800,2.67,U
sz000552,甘肃能化,2025-10-21 10:39:57,2.67,21000,2.67,D
sz000552,甘肃能化,2025-10-21 10:40:33,2.67,63500,2.68,D
sz000552,甘肃能化,2025-10-21 10:40:42,2.68,69000,2.67,U
sz000552,甘肃能化,2025-10-21 10:40:51,2.67,59800,2.68,D
sz000552,甘肃能化,2025-10-21 10:40:54,2.67,75500,2.67,D
sz000552,甘肃能化,2025-10-21 10:41:00,2.67,39400,2.67,D
sz000552,甘肃能化,2025-10-21 10:41:09,2.68,36900,2.68,U
sz000552,甘肃能化,2025-10-21 10:41:24,2.67,38400,2.68,D
sz000552,甘肃能化,2025-10-21 10:41:33,2.67,30300,2.67,D
sz000552,甘肃能化,2025-10-21 10:41:45,2.67,21500,2.68,D
sz000552,甘肃能化,2025-10-21 10:41:51,2.68,44300,2.67,U
sz000552,甘肃能化,2025-10-21 10:43:00,2.67,671000,2.67,D
sz000552,甘肃能化,2025-10-21 10:43:03,2.68,213800,2.67,U
sz000552,甘肃能化,2025-10-21 10:43:12,2.68,254700,2.68,U
sz000552,甘肃能化,2025-10-21 10:43:15,2.67,23300,2.68,D
sz000552,甘肃能化,2025-10-21 10:44:21,2.68,25400,2.68,U
sz000552,甘肃能化,2025-10-21 10:44:30,2.67,32700,2.68,D
sz000552,甘肃能化,2025-10-21 10:44:51,2.68,68000,2.68,U
sz000552,甘肃能化,2025-10-21 10:45:51,2.68,83700,2.67,U
sz000552,甘肃能化,2025-10-21 10:45:54,2.68,34500,2.68,U
sz000552,甘肃能化,2025-10-21 10:46:33,2.67,26000,2.67,D
sz000552,甘肃能化,2025-10-21 10:47:12,2.68,61700,2.68,U
sz000552,甘肃能化,2025-10-21 10:47:15,2.68,20200,2.68,U
sz000552,甘肃能化,2025-10-21 10:49:06,2.67,35200,2.67,D
sz000552,甘肃能化,2025-10-21 10:49:18,2.67,24800,2.67,D
sz000552,甘肃能化,2025-10-21 10:49:21,2.68,49600,2.67,U
sz000552,甘肃能化,2025-10-21 10:49:33,2.67,40700,2.68,D
sz000552,甘肃能化,2025-10-21 10:50:06,2.67,20000,2.68,D
sz000552,甘肃能化,2025-10-21 10:51:00,2.67,24900,2.68,D
sz000552,甘肃能化,2025-10-21 10:52:18,2.68,45400,2.68,U
sz000552,甘肃能化,2025-10-21 10:52:27,2.67,20700,2.68,D
sz000552,甘肃能化,2025-10-21 10:53:27,2.67,36100,2.68,D
sz000552,甘肃能化,2025-10-21 10:54:12,2.67,70300,2.67,D
sz000552,甘肃能化,2025-10-21 10:54:15,2.68,31100,2.67,U
sz000552,甘肃能化,2025-10-21 10:54:21,2.68,23400,2.68,U
sz000552,甘肃能化,2025-10-21 10:54:24,2.68,23900,2.68,U
sz000552,甘肃能化,2025-10-21 10:55:30,2.67,29200,2.68,D
sz000552,甘肃能化,2025-10-21 10:56:33,2.68,30800,2.67,U
sz000552,甘肃能化,2025-10-21 10:57:12,2.67,34000,2.67,D
sz000552,甘肃能化,2025-10-21 10:57:15,2.67,54000,2.67,D
sz000552,甘肃能化,2025-10-21 10:57:30,2.68,26600,2.68,U
sz000552,甘肃能化,2025-10-21 10:58:12,2.68,93200,2.67,U
sz000552,甘肃能化,2025-10-21 10:59:18,2.68,22700,2.67,U
sz000552,甘肃能化,2025-10-21 10:59:27,2.68,38500,2.68,U
sz000552,甘肃能化,2025-10-21 11:00:03,2.68,30000,2.67,U
sz000552,甘肃能化,2025-10-21 11:00:24,2.68,22400,2.68,U
sz000552,甘肃能化,2025-10-21 11:00:27,2.68,84700,2.68,U
sz000552,甘肃能化,2025-10-21 11:00:48,2.67,33900,2.67,D
sz000552,甘肃能化,2025-10-21 11:01:03,2.68,24100,2.68,U
sz000552,甘肃能化,2025-10-21 11:01:18,2.68,43000,2.68,U
sz000552,甘肃能化,2025-10-21 11:01:36,2.68,40700,2.67,U
sz000552,甘肃能化,2025-10-21 11:01:48,2.68,1761000,2.68,U
sz000552,甘肃能化,2025-10-21 11:01:51,2.69,1205900,2.68,U
sz000552,甘肃能化,2025-10-21 11:01:54,2.69,22900,2.69,U
sz000552,甘肃能化,2025-10-21 11:02:03,2.69,38300,2.69,U
sz000552,甘肃能化,2025-10-21 11:04:24,2.69,20800,2.69,U
sz000552,甘肃能化,2025-10-21 11:04:27,2.69,35700,2.69,U
sz000552,甘肃能化,2025-10-21 11:04:33,2.69,28600,2.68,U
sz000552,甘肃能化,2025-10-21 11:05:15,2.68,151300,2.68,D
sz000552,甘肃能化,2025-10-21 11:05:33,2.69,27400,2.68,U
sz000552,甘肃能化,2025-10-21 11:06:12,2.68,40100,2.68,D
sz000552,甘肃能化,2025-10-21 11:06:45,2.69,36500,2.69,U
sz000552,甘肃能化,2025-10-21 11:07:09,2.68,42300,2.69,D
sz000552,甘肃能化,2025-10-21 11:07:30,2.68,33100,2.69,D
sz000552,甘肃能化,2025-10-21 11:08:12,2.69,553000,2.69,U
sz000552,甘肃能化,2025-10-21 11:08:30,2.68,141400,2.68,D
sz000552,甘肃能化,2025-10-21 11:09:15,2.68,28500,2.68,D
sz000552,甘肃能化,2025-10-21 11:09:30,2.68,53100,2.68,D
sz000552,甘肃能化,2025-10-21 11:09:33,2.68,131500,2.68,D
sz000552,甘肃能化,2025-10-21 11:11:30,2.69,34400,2.68,U
sz000552,甘肃能化,2025-10-21 11:13:24,2.68,71000,2.68,D
sz000552,甘肃能化,2025-10-21 11:14:09,2.68,39100,2.69,D
sz000552,甘肃能化,2025-10-21 11:14:21,2.68,37500,2.69,D
sz000552,甘肃能化,2025-10-21 11:14:24,2.68,48700,2.68,D
sz000552,甘肃能化,2025-10-21 11:15:03,2.69,21500,2.69,U
sz000552,甘肃能化,2025-10-21 11:15:21,2.69,107300,2.68,U
sz000552,甘肃能化,2025-10-21 11:15:33,2.68,69800,2.69,D
sz000552,甘肃能化,2025-10-21 11:15:51,2.69,25100,2.68,U
sz000552,甘肃能化,2025-10-21 11:16:03,2.69,58700,2.68,U
sz000552,甘肃能化,2025-10-21 11:16:27,2.68,23600,2.68,D
sz000552,甘肃能化,2025-10-21 11:16:33,2.69,46900,2.69,U
sz000552,甘肃能化,2025-10-21 11:16:36,2.69,58500,2.69,U
sz000552,甘肃能化,2025-10-21 11:17:48,2.69,25900,2.68,U
sz000552,甘肃能化,2025-10-21 11:17:57,2.69,33000,2.68,U
sz000552,甘肃能化,2025-10-21 11:18:39,2.68,22500,2.68,D
sz000552,甘肃能化,2025-10-21 11:18:45,2.69,20000,2.68,U
sz000552,甘肃能化,2025-10-21 11:18:51,2.68,52500,2.68,D
sz000552,甘肃能化,2025-10-21 11:19:03,2.69,33700,2.68,U
sz000552,甘肃能化,2025-10-21 11:19:18,2.69,819700,2.69,U
sz000552,甘肃能化,2025-10-21 11:19:21,2.69,1383800,2.69,U
sz000552,甘肃能化,2025-10-21 11:19:24,2.69,490800,2.69,U
sz000552,甘肃能化,2025-10-21 11:19:27,2.69,127400,2.69,U
sz000552,甘肃能化,2025-10-21 11:19:30,2.69,32100,2.69,U
sz000552,甘肃能化,2025-10-21 11:19:33,2.69,73600,2.69,U
sz000552,甘肃能化,2025-10-21 11:19:36,2.68,94700,2.69,D
sz000552,甘肃能化,2025-10-21 11:19:48,2.69,220100,2.68,U
sz000552,甘肃能化,2025-10-21 11:19:51,2.69,31000,2.69,U
sz000552,甘肃能化,2025-10-21 11:20:09,2.69,38500,2.69,U
sz000552,甘肃能化,2025-10-21 11:20:12,2.69,238800,2.69,U
sz000552,甘肃能化,2025-10-21 11:20:21,2.69,35800,2.69,U
sz000552,甘肃能化,2025-10-21 11:20:30,2.69,280500,2.69,U
sz000552,甘肃能化,2025-10-21 11:20:45,2.69,102000,2.69,U
sz000552,甘肃能化,2025-10-21 11:20:51,2.69,302700,2.69,U
sz000552,甘肃能化,2025-10-21 11:20:57,2.69,37200,2.69,D
sz000552,甘肃能化,2025-10-21 11:21:24,2.7,53300,2.69,U
sz000552,甘肃能化,2025-10-21 11:21:39,2.7,22800,2.7,U
sz000552,甘肃能化,2025-10-21 11:22:09,2.7,24600,2.7,U
sz000552,甘肃能化,2025-10-21 11:22:18,2.7,21100,2.69,U
sz000552,甘肃能化,2025-10-21 11:22:21,2.7,53500,2.7,U
sz000552,甘肃能化,2025-10-21 11:23:27,2.7,25700,2.7,U
sz000552,甘肃能化,2025-10-21 11:23:30,2.7,32100,2.7,U
sz000552,甘肃能化,2025-10-21 11:23:57,2.7,22600,2.7,U
sz000552,甘肃能化,2025-10-21 11:24:06,2.69,43800,2.69,D
sz000552,甘肃能化,2025-10-21 11:24:09,2.69,22800,2.69,D
sz000552,甘肃能化,2025-10-21 11:24:12,2.69,354100,2.69,D
sz000552,甘肃能化,2025-10-21 11:24:15,2.69,58500,2.69,D
sz000552,甘肃能化,2025-10-21 11:24:18,2.69,490900,2.69,D
sz000552,甘肃能化,2025-10-21 11:24:21,2.69,46100,2.69,D
sz000552,甘肃能化,2025-10-21 11:24:24,2.69,67700,2.69,D
sz000552,甘肃能化,2025-10-21 11:24:27,2.69,114900,2.69,D
sz000552,甘肃能化,2025-10-21 11:24:57,2.69,22400,2.69,U
sz000552,甘肃能化,2025-10-21 11:25:09,2.69,31300,2.69,U
sz000552,甘肃能化,2025-10-21 11:25:42,2.69,100400,2.69,U
sz000552,甘肃能化,2025-10-21 11:26:15,2.69,84700,2.69,U
sz000552,甘肃能化,2025-10-21 11:26:18,2.68,31400,2.69,D
sz000552,甘肃能化,2025-10-21 11:26:24,2.69,397100,2.69,U
sz000552,甘肃能化,2025-10-21 11:26:54,2.69,112500,2.69,U
sz000552,甘肃能化,2025-10-21 11:26:57,2.69,26700,2.69,U
sz000552,甘肃能化,2025-10-21 11:27:27,2.69,26100,2.69,U
sz000552,甘肃能化,2025-10-21 11:28:42,2.69,21800,2.69,U
sz000552,甘肃能化,2025-10-21 11:28:45,2.69,245100,2.69,U
sz000552,甘肃能化,2025-10-21 11:29:09,2.69,77100,2.69,U
sz000552,甘肃能化,2025-10-21 11:29:18,2.69,118300,2.69,U
sz000552,甘肃能化,2025-10-21 11:29:21,2.69,28600,2.69,U
sz000552,甘肃能化,2025-10-21 11:29:39,2.69,48000,2.69,U
sz000552,甘肃能化,2025-10-21 11:29:48,2.69,29500,2.69,U
sz000552,甘肃能化,2025-10-21 13:00:00,2.69,179600,2.69,U
sz000552,甘肃能化,2025-10-21 13:00:03,2.69,226500,2.69,U
sz000552,甘肃能化,2025-10-21 13:01:30,2.68,23700,2.69,D
sz000552,甘肃能化,2025-10-21 13:01:33,2.69,20700,2.68,U
sz000552,甘肃能化,2025-10-21 13:01:36,2.69,29300,2.69,U
sz000552,甘肃能化,2025-10-21 13:02:24,2.69,64000,2.69,U
sz000552,甘肃能化,2025-10-21 13:02:33,2.69,40000,2.69,U
sz000552,甘肃能化,2025-10-21 13:02:36,2.69,20000,2.69,U
sz000552,甘肃能化,2025-10-21 13:02:42,2.69,24400,2.69,U
sz000552,甘肃能化,2025-10-21 13:02:54,2.68,36900,2.69,D
sz000552,甘肃能化,2025-10-21 13:03:06,2.69,28500,2.69,U
sz000552,甘肃能化,2025-10-21 13:03:09,2.69,168800,2.69,U
sz000552,甘肃能化,2025-10-21 13:03:12,2.69,255500,2.69,U
sz000552,甘肃能化,2025-10-21 13:03:15,2.69,39500,2.69,U
sz000552,甘肃能化,2025-10-21 13:03:18,2.69,27900,2.69,U
sz000552,甘肃能化,2025-10-21 13:03:27,2.69,24200,2.69,U
sz000552,甘肃能化,2025-10-21 13:05:24,2.69,58400,2.69,U
sz000552,甘肃能化,2025-10-21 13:06:30,2.69,27300,2.69,U
sz000552,甘肃能化,2025-10-21 13:11:24,2.69,22100,2.68,U
sz000552,甘肃能化,2025-10-21 13:12:12,2.68,55000,2.68,D
sz000552,甘肃能化,2025-10-21 13:12:21,2.68,102400,2.68,D
sz000552,甘肃能化,2025-10-21 13:13:00,2.68,40000,2.68,D
sz000552,甘肃能化,2025-10-21 13:13:09,2.68,27100,2.68,D
sz000552,甘肃能化,2025-10-21 13:13:15,2.69,24000,2.68,U
sz000552,甘肃能化,2025-10-21 13:15:27,2.69,52300,2.69,U
sz000552,甘肃能化,2025-10-21 13:15:30,2.68,31800,2.69,D
sz000552,甘肃能化,2025-10-21 13:15:36,2.68,41700,2.68,D
sz000552,甘肃能化,2025-10-21 13:16:27,2.69,47100,2.68,U
sz000552,甘肃能化,2025-10-21 13:16:30,2.69,582400,2.69,U
sz000552,甘肃能化,2025-10-21 13:16:33,2.69,60600,2.69,U
sz000552,甘肃能化,2025-10-21 13:16:48,2.69,20900,2.68,U
sz000552,甘肃能化,2025-10-21 13:17:03,2.69,21200,2.68,U
sz000552,甘肃能化,2025-10-21 13:17:30,2.69,87500,2.69,U
sz000552,甘肃能化,2025-10-21 13:17:54,2.69,79400,2.69,U
sz000552,甘肃能化,2025-10-21 13:18:30,2.68,23100,2.69,D
sz000552,甘肃能化,2025-10-21 13:19:36,2.69,52600,2.69,U
sz000552,甘肃能化,2025-10-21 13:21:18,2.69,21400,2.68,U
sz000552,甘肃能化,2025-10-21 13:22:30,2.69,22700,2.69,U
sz000552,甘肃能化,2025-10-21 13:22:48,2.69,21500,2.68,U
sz000552,甘肃能化,2025-10-21 13:23:51,2.69,20300,2.68,U
sz000552,甘肃能化,2025-10-21 13:24:48,2.68,44100,2.69,D
sz000552,甘肃能化,2025-10-21 13:26:27,2.68,62200,2.68,D
sz000552,甘肃能化,2025-10-21 13:27:39,2.69,25200,2.68,U
sz000552,甘肃能化,2025-10-21 13:29:12,2.69,71800,2.69,U
sz000552,甘肃能化,2025-10-21 13:29:18,2.69,30400,2.68,U
sz000552,甘肃能化,2025-10-21 13:29:33,2.68,26600,2.69,D
sz000552,甘肃能化,2025-10-21 13:29:57,2.69,68000,2.68,U
sz000552,甘肃能化,2025-10-21 13:30:18,2.69,36600,2.69,U
sz000552,甘肃能化,2025-10-21 13:30:21,2.69,54000,2.69,U
sz000552,甘肃能化,2025-10-21 13:31:18,2.69,290500,2.69,U
sz000552,甘肃能化,2025-10-21 13:31:45,2.69,240600,2.68,U
sz000552,甘肃能化,2025-10-21 13:31:48,2.68,123500,2.69,D
sz000552,甘肃能化,2025-10-21 13:32:18,2.69,279000,2.68,U
sz000552,甘肃能化,2025-10-21 13:32:30,2.69,77000,2.68,U
sz000552,甘肃能化,2025-10-21 13:33:30,2.69,1061900,2.68,U
sz000552,甘肃能化,2025-10-21 13:33:33,2.69,2355765,2.69,U
sz000552,甘肃能化,2025-10-21 13:34:33,2.69,78000,2.7,D
sz000552,甘肃能化,2025-10-21 13:34:36,2.69,99300,2.69,D
sz000552,甘肃能化,2025-10-21 13:34:48,2.69,63500,2.7,D
sz000552,甘肃能化,2025-10-21 13:35:09,2.69,31300,2.69,D
sz000552,甘肃能化,2025-10-21 13:35:12,2.69,971700,2.69,D
sz000552,甘肃能化,2025-10-21 13:35:15,2.69,38500,2.69,U
sz000552,甘肃能化,2025-10-21 13:35:21,2.69,43100,2.69,U
sz000552,甘肃能化,2025-10-21 13:35:27,2.69,24600,2.69,U
sz000552,甘肃能化,2025-10-21 13:36:00,2.69,33700,2.68,U
sz000552,甘肃能化,2025-10-21 13:36:12,2.69,80500,2.69,U
sz000552,甘肃能化,2025-10-21 13:36:18,2.69,83600,2.68,U
sz000552,甘肃能化,2025-10-21 13:36:30,2.69,324800,2.69,U
sz000552,甘肃能化,2025-10-21 13:37:27,2.7,37900,2.7,U
sz000552,甘肃能化,2025-10-21 13:37:33,2.69,59600,2.69,D
sz000552,甘肃能化,2025-10-21 13:37:42,2.7,44000,2.7,U
sz000552,甘肃能化,2025-10-21 13:37:51,2.7,25900,2.69,U
sz000552,甘肃能化,2025-10-21 13:38:06,2.69,20000,2.7,D
sz000552,甘肃能化,2025-10-21 13:38:09,2.69,365200,2.69,D
sz000552,甘肃能化,2025-10-21 13:38:12,2.69,108400,2.69,D
sz000552,甘肃能化,2025-10-21 13:38:15,2.69,22800,2.69,D
sz000552,甘肃能化,2025-10-21 13:38:18,2.7,29700,2.69,U
sz000552,甘肃能化,2025-10-21 13:39:21,2.7,22800,2.7,U
sz000552,甘肃能化,2025-10-21 13:39:24,2.69,77200,2.7,D
sz000552,甘肃能化,2025-10-21 13:39:39,2.7,45000,2.69,U
sz000552,甘肃能化,2025-10-21 13:39:57,2.7,89200,2.69,U
sz000552,甘肃能化,2025-10-21 13:40:18,2.7,37400,2.69,U
sz000552,甘肃能化,2025-10-21 13:40:21,2.69,43500,2.7,D
sz000552,甘肃能化,2025-10-21 13:40:30,2.7,34700,2.7,U
sz000552,甘肃能化,2025-10-21 13:40:39,2.7,21300,2.69,U
sz000552,甘肃能化,2025-10-21 13:40:45,2.69,55800,2.7,D
sz000552,甘肃能化,2025-10-21 13:41:09,2.7,25800,2.7,U
sz000552,甘肃能化,2025-10-21 13:41:18,2.7,98900,2.7,U
sz000552,甘肃能化,2025-10-21 13:41:42,2.7,55800,2.7,U
sz000552,甘肃能化,2025-10-21 13:41:45,2.7,22500,2.7,U
sz000552,甘肃能化,2025-10-21 13:42:12,2.7,41200,2.7,U
sz000552,甘肃能化,2025-10-21 13:42:15,2.7,27800,2.7,U
sz000552,甘肃能化,2025-10-21 13:42:51,2.7,43100,2.7,U
sz000552,甘肃能化,2025-10-21 13:42:54,2.7,36400,2.7,U
sz000552,甘肃能化,2025-10-21 13:42:57,2.7,204700,2.7,U
sz000552,甘肃能化,2025-10-21 13:43:03,2.7,233700,2.7,U
sz000552,甘肃能化,2025-10-21 13:43:06,2.7,65800,2.7,U
sz000552,甘肃能化,2025-10-21 13:43:21,2.7,27000,2.69,U
sz000552,甘肃能化,2025-10-21 13:43:45,2.69,31000,2.69,D
sz000552,甘肃能化,2025-10-21 13:43:48,2.7,35600,2.69,U
sz000552,甘肃能化,2025-10-21 13:44:09,2.69,41800,2.69,D
sz000552,甘肃能化,2025-10-21 13:45:12,2.69,24700,2.7,D
sz000552,甘肃能化,2025-10-21 13:46:00,2.69,2303300,2.7,D
sz000552,甘肃能化,2025-10-21 13:46:03,2.7,1060400,2.69,U
sz000552,甘肃能化,2025-10-21 13:46:06,2.7,26600,2.7,U
sz000552,甘肃能化,2025-10-21 13:46:09,2.7,77100,2.7,U
sz000552,甘肃能化,2025-10-21 13:46:12,2.7,60600,2.7,D
sz000552,甘肃能化,2025-10-21 13:46:15,2.7,133200,2.7,U
sz000552,甘肃能化,2025-10-21 13:46:30,2.7,32100,2.7,U
sz000552,甘肃能化,2025-10-21 13:46:36,2.7,81000,2.7,U
sz000552,甘肃能化,2025-10-21 13:47:00,2.7,31100,2.7,U
sz000552,甘肃能化,2025-10-21 13:47:09,2.7,166200,2.7,U
sz000552,甘肃能化,2025-10-21 13:47:12,2.7,269300,2.7,D
sz000552,甘肃能化,2025-10-21 13:47:33,2.7,74200,2.7,D
sz000552,甘肃能化,2025-10-21 13:47:42,2.7,125300,2.71,D
sz000552,甘肃能化,2025-10-21 13:48:00,2.7,38900,2.7,U
sz000552,甘肃能化,2025-10-21 13:49:00,2.7,50000,2.7,U
sz000552,甘肃能化,2025-10-21 13:49:57,2.69,45500,2.7,D
sz000552,甘肃能化,2025-10-21 13:50:06,2.69,85300,2.69,D
sz000552,甘肃能化,2025-10-21 13:50:48,2.7,34900,2.7,U
sz000552,甘肃能化,2025-10-21 13:50:54,2.69,84000,2.69,D
sz000552,甘肃能化,2025-10-21 13:51:30,2.7,32800,2.69,U
sz000552,甘肃能化,2025-10-21 13:53:33,2.7,43500,2.7,U
sz000552,甘肃能化,2025-10-21 13:54:12,2.7,22000,2.7,U
sz000552,甘肃能化,2025-10-21 13:54:18,2.7,597800,2.7,U
sz000552,甘肃能化,2025-10-21 13:54:21,2.7,164100,2.7,U
sz000552,甘肃能化,2025-10-21 13:54:24,2.7,211900,2.7,U
sz000552,甘肃能化,2025-10-21 13:54:57,2.7,131200,2.7,U
sz000552,甘肃能化,2025-10-21 13:55:06,2.7,39200,2.7,U
sz000552,甘肃能化,2025-10-21 13:55:24,2.7,107900,2.7,U
sz000552,甘肃能化,2025-10-21 13:56:24,2.7,21900,2.69,U
sz000552,甘肃能化,2025-10-21 13:56:27,2.7,22600,2.7,U
sz000552,甘肃能化,2025-10-21 13:57:21,2.7,37000,2.69,U
sz000552,甘肃能化,2025-10-21 13:57:36,2.7,40200,2.7,U
sz000552,甘肃能化,2025-10-21 13:57:42,2.69,26200,2.7,D
sz000552,甘肃能化,2025-10-21 13:57:45,2.69,140100,2.69,D
sz000552,甘肃能化,2025-10-21 13:58:21,2.69,76800,2.69,D
sz000552,甘肃能化,2025-10-21 13:58:27,2.69,37700,2.7,D
sz000552,甘肃能化,2025-10-21 13:59:27,2.7,23900,2.7,U
sz000552,甘肃能化,2025-10-21 13:59:30,2.7,22100,2.7,U
sz000552,甘肃能化,2025-10-21 13:59:48,2.7,20600,2.7,U
sz000552,甘肃能化,2025-10-21 14:00:09,2.69,31100,2.7,D
sz000552,甘肃能化,2025-10-21 14:01:36,2.7,27300,2.7,U
sz000552,甘肃能化,2025-10-21 14:01:45,2.69,21300,2.7,D
sz000552,甘肃能化,2025-10-21 14:01:57,2.69,47000,2.7,D
sz000552,甘肃能化,2025-10-21 14:03:21,2.7,35800,2.69,U
sz000552,甘肃能化,2025-10-21 14:03:39,2.7,40000,2.7,U
sz000552,甘肃能化,2025-10-21 14:03:42,2.7,31400,2.7,U
sz000552,甘肃能化,2025-10-21 14:03:45,2.69,25100,2.7,D
sz000552,甘肃能化,2025-10-21 14:04:18,2.7,46700,2.7,U
sz000552,甘肃能化,2025-10-21 14:05:51,2.7,27900,2.69,U
sz000552,甘肃能化,2025-10-21 14:07:00,2.7,60000,2.7,U
sz000552,甘肃能化,2025-10-21 14:07:03,2.7,42900,2.7,U
sz000552,甘肃能化,2025-10-21 14:07:39,2.7,39300,2.69,U
sz000552,甘肃能化,2025-10-21 14:08:30,2.69,353600,2.7,D
sz000552,甘肃能化,2025-10-21 14:08:33,2.7,100000,2.69,U
sz000552,甘肃能化,2025-10-21 14:08:39,2.7,32300,2.7,U
sz000552,甘肃能化,2025-10-21 14:08:45,2.7,28900,2.69,U
sz000552,甘肃能化,2025-10-21 14:08:51,2.69,21400,2.7,D
sz000552,甘肃能化,2025-10-21 14:09:21,2.7,25800,2.69,U
sz000552,甘肃能化,2025-10-21 14:09:24,2.7,92000,2.7,U
sz000552,甘肃能化,2025-10-21 14:10:09,2.69,20000,2.7,D
sz000552,甘肃能化,2025-10-21 14:10:45,2.7,40000,2.7,U
sz000552,甘肃能化,2025-10-21 14:11:00,2.69,147000,2.69,D
sz000552,甘肃能化,2025-10-21 14:11:48,2.69,41600,2.7,D
sz000552,甘肃能化,2025-10-21 14:12:15,2.7,33900,2.69,U
sz000552,甘肃能化,2025-10-21 14:12:21,2.7,32400,2.7,U
sz000552,甘肃能化,2025-10-21 14:12:36,2.7,28700,2.7,U
sz000552,甘肃能化,2025-10-21 14:12:45,2.69,168000,2.7,D
sz000552,甘肃能化,2025-10-21 14:13:00,2.69,33500,2.69,D
sz000552,甘肃能化,2025-10-21 14:13:03,2.69,118000,2.69,D
sz000552,甘肃能化,2025-10-21 14:13:06,2.69,36600,2.69,D
sz000552,甘肃能化,2025-10-21 14:13:15,2.69,47800,2.69,D
sz000552,甘肃能化,2025-10-21 14:13:33,2.7,40700,2.69,U
sz000552,甘肃能化,2025-10-21 14:13:51,2.69,74300,2.69,D
sz000552,甘肃能化,2025-10-21 14:13:57,2.7,121500,2.69,U
sz000552,甘肃能化,2025-10-21 14:14:06,2.7,26700,2.7,U
sz000552,甘肃能化,2025-10-21 14:14:09,2.7,696900,2.7,U
sz000552,甘肃能化,2025-10-21 14:14:15,2.69,30000,2.69,D
sz000552,甘肃能化,2025-10-21 14:14:21,2.7,160600,2.7,U
sz000552,甘肃能化,2025-10-21 14:14:33,2.69,150000,2.69,D
sz000552,甘肃能化,2025-10-21 14:14:57,2.7,61000,2.69,U
sz000552,甘肃能化,2025-10-21 14:15:00,2.69,52400,2.7,D
sz000552,甘肃能化,2025-10-21 14:15:42,2.69,40500,2.69,D
sz000552,甘肃能化,2025-10-21 14:16:24,2.7,50000,2.69,U
sz000552,甘肃能化,2025-10-21 14:16:30,2.69,184800,2.7,D
sz000552,甘肃能化,2025-10-21 14:16:33,2.69,49200,2.69,D
sz000552,甘肃能化,2025-10-21 14:17:51,2.69,60000,2.7,D
sz000552,甘肃能化,2025-10-21 14:18:06,2.69,148900,2.69,D
sz000552,甘肃能化,2025-10-21 14:18:54,2.69,44000,2.69,D
sz000552,甘肃能化,2025-10-21 14:19:36,2.69,32200,2.69,D
sz000552,甘肃能化,2025-10-21 14:19:39,2.69,32200,2.69,D
sz000552,甘肃能化,2025-10-21 14:20:06,2.69,90800,2.69,D
sz000552,甘肃能化,2025-10-21 14:21:03,2.7,66200,2.7,U
sz000552,甘肃能化,2025-10-21 14:21:24,2.69,34400,2.7,D
sz000552,甘肃能化,2025-10-21 14:21:33,2.7,50000,2.69,U
sz000552,甘肃能化,2025-10-21 14:22:00,2.7,24000,2.7,U
sz000552,甘肃能化,2025-10-21 14:22:09,2.7,43200,2.7,U
sz000552,甘肃能化,2025-10-21 14:22:36,2.7,127600,2.7,U
sz000552,甘肃能化,2025-10-21 14:22:39,2.7,32100,2.7,U
sz000552,甘肃能化,2025-10-21 14:22:42,2.7,40800,2.7,U
sz000552,甘肃能化,2025-10-21 14:23:00,2.7,74600,2.7,U
sz000552,甘肃能化,2025-10-21 14:23:03,2.7,24400,2.7,U
sz000552,甘肃能化,2025-10-21 14:23:06,2.7,83200,2.7,U
sz000552,甘肃能化,2025-10-21 14:23:09,2.7,143100,2.7,U
sz000552,甘肃能化,2025-10-21 14:23:15,2.7,24100,2.69,U
sz000552,甘肃能化,2025-10-21 14:23:48,2.69,20600,2.7,D
sz000552,甘肃能化,2025-10-21 14:23:57,2.69,24900,2.7,D
sz000552,甘肃能化,2025-10-21 14:24:21,2.7,119100,2.7,U
sz000552,甘肃能化,2025-10-21 14:24:24,2.7,24300,2.7,U
sz000552,甘肃能化,2025-10-21 14:24:27,2.7,34100,2.7,U
sz000552,甘肃能化,2025-10-21 14:26:00,2.7,59100,2.69,U
sz000552,甘肃能化,2025-10-21 14:26:03,2.7,44500,2.7,U
sz000552,甘肃能化,2025-10-21 14:26:06,2.7,25800,2.7,U
sz000552,甘肃能化,2025-10-21 14:26:09,2.7,21700,2.7,U
sz000552,甘肃能化,2025-10-21 14:26:30,2.7,24400,2.7,U
sz000552,甘肃能化,2025-10-21 14:26:39,2.7,126700,2.7,U
sz000552,甘肃能化,2025-10-21 14:26:42,2.7,165400,2.7,U
sz000552,甘肃能化,2025-10-21 14:26:48,2.7,22200,2.7,U
sz000552,甘肃能化,2025-10-21 14:28:03,2.7,145300,2.7,U
sz000552,甘肃能化,2025-10-21 14:28:30,2.69,282700,2.7,D
sz000552,甘肃能化,2025-10-21 14:28:33,2.7,45000,2.69,U
sz000552,甘肃能化,2025-10-21 14:28:54,2.7,20900,2.69,U
sz000552,甘肃能化,2025-10-21 14:29:24,2.7,20700,2.69,U
sz000552,甘肃能化,2025-10-21 14:29:27,2.7,31900,2.7,U
sz000552,甘肃能化,2025-10-21 14:30:12,2.69,67900,2.7,D
sz000552,甘肃能化,2025-10-21 14:31:03,2.69,22400,2.7,D
sz000552,甘肃能化,2025-10-21 14:31:15,2.7,24000,2.69,U
sz000552,甘肃能化,2025-10-21 14:31:33,2.69,20200,2.7,D
sz000552,甘肃能化,2025-10-21 14:32:21,2.7,42300,2.7,U
sz000552,甘肃能化,2025-10-21 14:32:33,2.7,44400,2.69,U
sz000552,甘肃能化,2025-10-21 14:33:00,2.7,32500,2.69,U
sz000552,甘肃能化,2025-10-21 14:34:15,2.69,45000,2.69,D
sz000552,甘肃能化,2025-10-21 14:34:18,2.7,29100,2.69,U
sz000552,甘肃能化,2025-10-21 14:34:21,2.7,45200,2.7,U
sz000552,甘肃能化,2025-10-21 14:34:24,2.7,77300,2.7,U
sz000552,甘肃能化,2025-10-21 14:34:27,2.69,50200,2.7,D
sz000552,甘肃能化,2025-10-21 14:34:30,2.69,28500,2.69,D
sz000552,甘肃能化,2025-10-21 14:34:33,2.7,29100,2.69,U
sz000552,甘肃能化,2025-10-21 14:35:00,2.69,143900,2.7,D
sz000552,甘肃能化,2025-10-21 14:35:12,2.7,145000,2.7,U
sz000552,甘肃能化,2025-10-21 14:35:18,2.7,557500,2.7,U
sz000552,甘肃能化,2025-10-21 14:35:21,2.7,460600,2.7,U
sz000552,甘肃能化,2025-10-21 14:35:24,2.69,398500,2.7,D
sz000552,甘肃能化,2025-10-21 14:35:27,2.7,36000,2.69,U
sz000552,甘肃能化,2025-10-21 14:35:30,2.7,169000,2.7,U
sz000552,甘肃能化,2025-10-21 14:35:33,2.7,39200,2.7,U
sz000552,甘肃能化,2025-10-21 14:35:54,2.7,61900,2.7,U
sz000552,甘肃能化,2025-10-21 14:35:57,2.7,22900,2.7,U
sz000552,甘肃能化,2025-10-21 14:36:03,2.69,37000,2.69,D
sz000552,甘肃能化,2025-10-21 14:36:06,2.7,22000,2.69,U
sz000552,甘肃能化,2025-10-21 14:36:15,2.69,149600,2.69,D
sz000552,甘肃能化,2025-10-21 14:36:24,2.7,50500,2.7,U
sz000552,甘肃能化,2025-10-21 14:36:33,2.7,133100,2.69,U
sz000552,甘肃能化,2025-10-21 14:37:12,2.69,33900,2.69,D
sz000552,甘肃能化,2025-10-21 14:37:33,2.7,24800,2.7,U
sz000552,甘肃能化,2025-10-21 14:39:24,2.7,31800,2.7,U
sz000552,甘肃能化,2025-10-21 14:39:30,2.69,26500,2.7,D
sz000552,甘肃能化,2025-10-21 14:39:33,2.7,103500,2.69,U
sz000552,甘肃能化,2025-10-21 14:39:42,2.69,32400,2.69,D
sz000552,甘肃能化,2025-10-21 14:39:48,2.7,46600,2.69,U
sz000552,甘肃能化,2025-10-21 14:40:00,2.7,21400,2.69,U
sz000552,甘肃能化,2025-10-21 14:40:21,2.7,21400,2.7,U
sz000552,甘肃能化,2025-10-21 14:40:24,2.7,48100,2.7,U
sz000552,甘肃能化,2025-10-21 14:40:54,2.69,42800,2.69,D
sz000552,甘肃能化,2025-10-21 14:41:06,2.7,28400,2.69,U
sz000552,甘肃能化,2025-10-21 14:41:36,2.69,40000,2.69,D
sz000552,甘肃能化,2025-10-21 14:42:06,2.7,99400,2.69,U
sz000552,甘肃能化,2025-10-21 14:42:09,2.7,145300,2.7,U
sz000552,甘肃能化,2025-10-21 14:42:12,2.7,236400,2.7,U
sz000552,甘肃能化,2025-10-21 14:42:15,2.7,72300,2.7,U
sz000552,甘肃能化,2025-10-21 14:42:24,2.69,56100,2.69,D
sz000552,甘肃能化,2025-10-21 14:42:30,2.7,20300,2.7,U
sz000552,甘肃能化,2025-10-21 14:43:06,2.7,35000,2.69,U
sz000552,甘肃能化,2025-10-21 14:43:09,2.69,36700,2.7,D
sz000552,甘肃能化,2025-10-21 14:44:09,2.69,34900,2.7,D
sz000552,甘肃能化,2025-10-21 14:44:12,2.7,126200,2.69,U
sz000552,甘肃能化,2025-10-21 14:44:21,2.7,38800,2.7,U
sz000552,甘肃能化,2025-10-21 14:44:24,2.7,63000,2.7,U
sz000552,甘肃能化,2025-10-21 14:44:27,2.7,55100,2.7,U
sz000552,甘肃能化,2025-10-21 14:44:30,2.69,142300,2.7,D
sz000552,甘肃能化,2025-10-21 14:44:33,2.7,28400,2.69,U
sz000552,甘肃能化,2025-10-21 14:44:39,2.7,60600,2.7,U
sz000552,甘肃能化,2025-10-21 14:44:42,2.7,36300,2.7,U
sz000552,甘肃能化,2025-10-21 14:45:03,2.7,43300,2.69,U
sz000552,甘肃能化,2025-10-21 14:45:06,2.7,89900,2.7,U
sz000552,甘肃能化,2025-10-21 14:45:21,2.7,36200,2.69,U
sz000552,甘肃能化,2025-10-21 14:46:06,2.7,94400,2.7,U
sz000552,甘肃能化,2025-10-21 14:46:09,2.7,53000,2.7,U
sz000552,甘肃能化,2025-10-21 14:46:18,2.7,60600,2.69,U
sz000552,甘肃能化,2025-10-21 14:46:21,2.7,27700,2.7,U
sz000552,甘肃能化,2025-10-21 14:46:24,2.7,20300,2.7,U
sz000552,甘肃能化,2025-10-21 14:46:27,2.7,133700,2.7,U
sz000552,甘肃能化,2025-10-21 14:46:30,2.7,66700,2.7,U
sz000552,甘肃能化,2025-10-21 14:46:33,2.69,115600,2.7,D
sz000552,甘肃能化,2025-10-21 14:46:39,2.7,508300,2.7,U
sz000552,甘肃能化,2025-10-21 14:46:42,2.7,198100,2.7,U
sz000552,甘肃能化,2025-10-21 14:46:45,2.7,56500,2.7,D
sz000552,甘肃能化,2025-10-21 14:46:48,2.7,156100,2.7,D
sz000552,甘肃能化,2025-10-21 14:46:51,2.7,20400,2.7,D
sz000552,甘肃能化,2025-10-21 14:46:57,2.7,50500,2.7,D
sz000552,甘肃能化,2025-10-21 14:47:06,2.7,135800,2.7,D
sz000552,甘肃能化,2025-10-21 14:47:15,2.71,35000,2.7,U
sz000552,甘肃能化,2025-10-21 14:47:24,2.71,37100,2.7,U
sz000552,甘肃能化,2025-10-21 14:47:39,2.7,136000,2.7,D
sz000552,甘肃能化,2025-10-21 14:47:42,2.71,86600,2.7,U
sz000552,甘肃能化,2025-10-21 14:47:45,2.69,85900,2.71,D
sz000552,甘肃能化,2025-10-21 14:47:51,2.7,25100,2.7,U
sz000552,甘肃能化,2025-10-21 14:48:03,2.7,76900,2.7,U
sz000552,甘肃能化,2025-10-21 14:48:18,2.69,35800,2.69,D
sz000552,甘肃能化,2025-10-21 14:48:24,2.7,44300,2.7,U
sz000552,甘肃能化,2025-10-21 14:48:30,2.7,27300,2.7,D
sz000552,甘肃能化,2025-10-21 14:48:42,2.7,22500,2.69,U
sz000552,甘肃能化,2025-10-21 14:48:45,2.7,27900,2.7,D
sz000552,甘肃能化,2025-10-21 14:48:51,2.7,69900,2.7,U
sz000552,甘肃能化,2025-10-21 14:49:00,2.7,28400,2.7,D
sz000552,甘肃能化,2025-10-21 14:49:27,2.71,39600,2.7,U
sz000552,甘肃能化,2025-10-21 14:49:48,2.7,25900,2.71,D
sz000552,甘肃能化,2025-10-21 14:50:00,2.7,57500,2.7,D
sz000552,甘肃能化,2025-10-21 14:50:03,2.7,34500,2.7,D
sz000552,甘肃能化,2025-10-21 14:50:06,2.7,314900,2.7,D
sz000552,甘肃能化,2025-10-21 14:50:09,2.69,155800,2.7,D
sz000552,甘肃能化,2025-10-21 14:50:12,2.7,21400,2.69,U
sz000552,甘肃能化,2025-10-21 14:50:15,2.69,26500,2.7,D
sz000552,甘肃能化,2025-10-21 14:50:18,2.69,39800,2.69,D
sz000552,甘肃能化,2025-10-21 14:50:57,2.7,58200,2.7,U
sz000552,甘肃能化,2025-10-21 14:51:09,2.7,162500,2.7,U
sz000552,甘肃能化,2025-10-21 14:51:12,2.7,52800,2.7,U
sz000552,甘肃能化,2025-10-21 14:51:18,2.7,167200,2.7,U
sz000552,甘肃能化,2025-10-21 14:51:27,2.7,51000,2.7,U
sz000552,甘肃能化,2025-10-21 14:51:51,2.7,26500,2.7,U
sz000552,甘肃能化,2025-10-21 14:52:09,2.7,24100,2.7,U
sz000552,甘肃能化,2025-10-21 14:52:15,2.69,27800,2.7,D
sz000552,甘肃能化,2025-10-21 14:52:18,2.7,26200,2.69,U
sz000552,甘肃能化,2025-10-21 14:52:30,2.7,30000,2.7,U
sz000552,甘肃能化,2025-10-21 14:52:45,2.7,58800,2.7,U
sz000552,甘肃能化,2025-10-21 14:52:54,2.7,35100,2.7,U
sz000552,甘肃能化,2025-10-21 14:53:03,2.7,129100,2.7,U
sz000552,甘肃能化,2025-10-21 14:53:06,2.7,199962,2.7,U
sz000552,甘肃能化,2025-10-21 14:53:09,2.7,87000,2.7,U
sz000552,甘肃能化,2025-10-21 14:53:12,2.7,112200,2.7,U
sz000552,甘肃能化,2025-10-21 14:53:21,2.7,38600,2.7,D
sz000552,甘肃能化,2025-10-21 14:54:03,2.69,66900,2.69,D
sz000552,甘肃能化,2025-10-21 14:54:06,2.7,40600,2.69,U
sz000552,甘肃能化,2025-10-21 14:54:09,2.7,126400,2.7,U
sz000552,甘肃能化,2025-10-21 14:54:15,2.7,61100,2.69,U
sz000552,甘肃能化,2025-10-21 14:54:27,2.7,40000,2.7,U
sz000552,甘肃能化,2025-10-21 14:54:36,2.7,30100,2.7,U
sz000552,甘肃能化,2025-10-21 14:54:39,2.71,67700,2.7,U
sz000552,甘肃能化,2025-10-21 14:54:48,2.7,23100,2.7,D
sz000552,甘肃能化,2025-10-21 14:54:51,2.7,21000,2.7,D
sz000552,甘肃能化,2025-10-21 14:55:03,2.7,34800,2.7,D
sz000552,甘肃能化,2025-10-21 14:55:06,2.7,158800,2.7,D
sz000552,甘肃能化,2025-10-21 14:55:09,2.7,44500,2.7,D
sz000552,甘肃能化,2025-10-21 14:55:12,2.71,23300,2.7,U
sz000552,甘肃能化,2025-10-21 14:55:24,2.7,33100,2.7,D
sz000552,甘肃能化,2025-10-21 14:55:33,2.71,29900,2.7,U
sz000552,甘肃能化,2025-10-21 14:55:36,2.7,37600,2.71,D
sz000552,甘肃能化,2025-10-21 14:55:39,2.7,115900,2.7,D
sz000552,甘肃能化,2025-10-21 14:55:42,2.71,66000,2.7,U
sz000552,甘肃能化,2025-10-21 14:55:45,2.71,24700,2.71,U
sz000552,甘肃能化,2025-10-21 14:55:48,2.7,25200,2.71,D
sz000552,甘肃能化,2025-10-21 14:56:06,2.7,89400,2.7,D
sz000552,甘肃能化,2025-10-21 14:56:21,2.7,25200,2.7,U
sz000552,甘肃能化,2025-10-21 14:56:30,2.69,49800,2.7,D
sz000552,甘肃能化,2025-10-21 14:56:33,2.7,91900,2.69,U
sz000552,甘肃能化,2025-10-21 14:56:36,2.7,44700,2.7,U
sz000552,甘肃能化,2025-10-21 14:56:39,2.7,31600,2.7,U
sz000552,甘肃能化,2025-10-21 14:56:42,2.7,35300,2.7,U
sz000552,甘肃能化,2025-10-21 14:56:45,2.7,52600,2.7,U
sz000552,甘肃能化,2025-10-21 14:57:00,2.69,103700,2.7,D
sz000552,甘肃能化,2025-10-21 15:00:00,2.69,936000,2.69,D
