symbol,name,ticktime,price,volume,prev_price,kind
sz000552,甘肃能化,2025-10-16 09:25:00,2.6,80200,0.0,U
sz000552,甘肃能化,2025-10-16 09:30:03,2.59,100500,2.6,D
sz000552,甘肃能化,2025-10-16 09:30:15,2.6,48500,2.6,U
sz000552,甘肃能化,2025-10-16 09:30:30,2.59,38300,2.6,D
sz000552,甘肃能化,2025-10-16 09:30:33,2.6,58100,2.59,U
sz000552,甘肃能化,2025-10-16 09:30:36,2.6,188800,2.6,U
sz000552,甘肃能化,2025-10-16 09:30:42,2.6,26900,2.59,U
sz000552,甘肃能化,2025-10-16 09:30:51,2.6,100000,2.59,U
sz000552,甘肃能化,2025-10-16 09:30:54,2.6,53200,2.6,U
sz000552,甘肃能化,2025-10-16 09:31:03,2.61,619300,2.6,U
sz000552,甘肃能化,2025-10-16 09:31:09,2.61,72100,2.6,U
sz000552,甘肃能化,2025-10-16 09:31:12,2.61,92200,2.61,U
sz000552,甘肃能化,2025-10-16 09:32:15,2.61,23200,2.6,U
sz000552,甘肃能化,2025-10-16 09:32:27,2.61,66700,2.6,U
sz000552,甘肃能化,2025-10-16 09:32:36,2.61,94200,2.61,U
sz000552,甘肃能化,2025-10-16 09:32:45,2.6,108400,2.6,D
sz000552,甘肃能化,2025-10-16 09:32:57,2.61,93500,2.6,U
sz000552,甘肃能化,2025-10-16 09:33:27,2.61,26900,2.61,U
sz000552,甘肃能化,2025-10-16 09:33:51,2.61,29300,2.6,U
sz000552,甘肃能化,2025-10-16 09:34:03,2.61,20300,2.6,U
sz000552,甘肃能化,2025-10-16 09:34:48,2.61,21900,2.61,U
sz000552,甘肃能化,2025-10-16 09:34:54,2.61,46500,2.61,U
sz000552,甘肃能化,2025-10-16 09:35:03,2.6,75500,2.61,D
sz000552,甘肃能化,2025-10-16 09:36:03,2.61,249100,2.6,U
sz000552,甘肃能化,2025-10-16 09:36:06,2.61,1578000,2.61,U
sz000552,甘肃能化,2025-10-16 09:36:24,2.62,34600,2.62,U
sz000552,甘肃能化,2025-10-16 09:36:45,2.62,49700,2.62,U
sz000552,甘肃能化,2025-10-16 09:36:51,2.62,296800,2.62,U
sz000552,甘肃能化,2025-10-16 09:36:54,2.62,166200,2.62,U
sz000552,甘肃能化,2025-10-16 09:36:57,2.62,2206106,2.62,U
sz000552,甘肃能化,2025-10-16 09:37:00,2.63,44200,2.62,U
sz000552,甘肃能化,2025-10-16 09:37:12,2.63,25300,2.63,U
sz000552,甘肃能化,2025-10-16 09:37:15,2.62,26800,2.63,D
sz000552,甘肃能化,2025-10-16 09:37:18,2.63,83300,2.62,U
sz000552,甘肃能化,2025-10-16 09:37:24,2.63,27200,2.63,U
sz000552,甘肃能化,2025-10-16 09:37:33,2.63,108800,2.63,U
sz000552,甘肃能化,2025-10-16 09:37:39,2.63,250600,2.63,U
sz000552,甘肃能化,2025-10-16 09:37:42,2.62,73400,2.63,D
sz000552,甘肃能化,2025-10-16 09:37:45,2.63,45200,2.62,U
sz000552,甘肃能化,2025-10-16 09:37:48,2.63,516300,2.63,U
sz000552,甘肃能化,2025-10-16 09:38:06,2.62,50400,2.62,D
sz000552,甘肃能化,2025-10-16 09:38:09,2.63,28800,2.62,U
sz000552,甘肃能化,2025-10-16 09:38:15,2.63,118200,2.62,U
sz000552,甘肃能化,2025-10-16 09:38:18,2.63,308500,2.63,U
sz000552,甘肃能化,2025-10-16 09:38:24,2.63,122600,2.62,U
sz000552,甘肃能化,2025-10-16 09:38:27,2.63,29200,2.63,U
sz000552,甘肃能化,2025-10-16 09:38:30,2.63,276000,2.63,U
sz000552,甘肃能化,2025-10-16 09:38:33,2.63,23900,2.63,U
sz000552,甘肃能化,2025-10-16 09:38:36,2.62,58000,2.63,D
sz000552,甘肃能化,2025-10-16 09:38:39,2.63,259400,2.62,U
sz000552,甘肃能化,2025-10-16 09:38:42,2.63,343500,2.63,U
sz000552,甘肃能化,2025-10-16 09:38:45,2.64,56300,2.63,U
sz000552,甘肃能化,2025-10-16 09:39:00,2.64,665800,2.64,U
sz000552,甘肃能化,2025-10-16 09:39:03,2.63,45700,2.64,D
sz000552,甘肃能化,2025-10-16 09:39:06,2.63,1086600,2.63,D
sz000552,甘肃能化,2025-10-16 09:39:09,2.63,48100,2.63,U
sz000552,甘肃能化,2025-10-16 09:39:12,2.63,57100,2.63,U
sz000552,甘肃能化,2025-10-16 09:39:15,2.63,402400,2.63,D
sz000552,甘肃能化,2025-10-16 09:39:18,2.63,36700,2.63,U
sz000552,甘肃能化,2025-10-16 09:39:21,2.63,40900,2.63,U
sz000552,甘肃能化,2025-10-16 09:39:30,2.63,83100,2.62,U
sz000552,甘肃能化,2025-10-16 09:39:33,2.63,21900,2.63,U
sz000552,甘肃能化,2025-10-16 09:39:45,2.63,76300,2.63,U
sz000552,甘肃能化,2025-10-16 09:39:48,2.62,27700,2.63,D
sz000552,甘肃能化,2025-10-16 09:40:00,2.63,25000,2.63,U
sz000552,甘肃能化,2025-10-16 09:40:12,2.63,20400,2.63,U
sz000552,甘肃能化,2025-10-16 09:40:15,2.63,63800,2.63,U
sz000552,甘肃能化,2025-10-16 09:40:24,2.63,1165800,2.63,U
sz000552,甘肃能化,2025-10-16 09:40:27,2.63,119200,2.63,U
sz000552,甘肃能化,2025-10-16 09:40:30,2.63,65700,2.63,U
sz000552,甘肃能化,2025-10-16 09:40:33,2.63,92100,2.63,U
sz000552,甘肃能化,2025-10-16 09:40:39,2.63,61800,2.63,D
sz000552,甘肃能化,2025-10-16 09:40:42,2.64,526600,2.63,U
sz000552,甘肃能化,2025-10-16 09:40:45,2.63,150600,2.64,D
sz000552,甘肃能化,2025-10-16 09:40:51,2.63,76800,2.63,D
sz000552,甘肃能化,2025-10-16 09:40:54,2.63,85000,2.63,U
sz000552,甘肃能化,2025-10-16 09:40:57,2.64,50000,2.63,U
sz000552,甘肃能化,2025-10-16 09:41:00,2.64,53900,2.64,U
sz000552,甘肃能化,2025-10-16 09:41:06,2.63,32300,2.63,D
sz000552,甘肃能化,2025-10-16 09:41:09,2.63,49000,2.63,D
sz000552,甘肃能化,2025-10-16 09:41:15,2.64,45400,2.64,U
sz000552,甘肃能化,2025-10-16 09:41:21,2.63,37000,2.64,D
sz000552,甘肃能化,2025-10-16 09:41:27,2.63,151596,2.63,D
sz000552,甘肃能化,2025-10-16 09:41:30,2.63,24300,2.63,U
sz000552,甘肃能化,2025-10-16 09:41:36,2.63,46500,2.62,U
sz000552,甘肃能化,2025-10-16 09:41:39,2.63,124000,2.63,U
sz000552,甘肃能化,2025-10-16 09:41:42,2.63,35100,2.63,U
sz000552,甘肃能化,2025-10-16 09:41:51,2.63,42200,2.63,U
sz000552,甘肃能化,2025-10-16 09:41:57,2.62,24800,2.63,D
sz000552,甘肃能化,2025-10-16 09:42:03,2.63,52900,2.62,U
sz000552,甘肃能化,2025-10-16 09:42:06,2.63,22100,2.63,U
sz000552,甘肃能化,2025-10-16 09:42:09,2.63,247804,2.63,U
sz000552,甘肃能化,2025-10-16 09:42:12,2.63,47500,2.63,D
sz000552,甘肃能化,2025-10-16 09:42:24,2.64,22500,2.64,U
sz000552,甘肃能化,2025-10-16 09:42:30,2.63,159596,2.63,D
sz000552,甘肃能化,2025-10-16 09:42:33,2.63,21100,2.63,U
sz000552,甘肃能化,2025-10-16 09:42:36,2.63,49500,2.63,U
sz000552,甘肃能化,2025-10-16 09:42:39,2.63,24700,2.63,U
sz000552,甘肃能化,2025-10-16 09:42:42,2.63,337000,2.63,U
sz000552,甘肃能化,2025-10-16 09:42:45,2.63,29600,2.63,U
sz000552,甘肃能化,2025-10-16 09:43:24,2.63,628700,2.63,U
sz000552,甘肃能化,2025-10-16 09:43:30,2.63,31200,2.62,U
sz000552,甘肃能化,2025-10-16 09:43:33,2.63,40000,2.63,U
sz000552,甘肃能化,2025-10-16 09:43:42,2.63,69000,2.62,U
sz000552,甘肃能化,2025-10-16 09:44:00,2.62,26700,2.63,D
sz000552,甘肃能化,2025-10-16 09:44:09,2.63,40000,2.63,U
sz000552,甘肃能化,2025-10-16 09:44:18,2.63,74300,2.63,U
sz000552,甘肃能化,2025-10-16 09:44:24,2.63,31600,2.63,U
sz000552,甘肃能化,2025-10-16 09:44:30,2.63,22700,2.62,U
sz000552,甘肃能化,2025-10-16 09:45:12,2.62,65000,2.63,D
sz000552,甘肃能化,2025-10-16 09:45:18,2.62,24100,2.62,D
sz000552,甘肃能化,2025-10-16 09:45:24,2.62,69800,2.63,D
sz000552,甘肃能化,2025-10-16 09:45:27,2.63,54100,2.62,U
sz000552,甘肃能化,2025-10-16 09:46:51,2.62,22400,2.62,D
sz000552,甘肃能化,2025-10-16 09:46:54,2.62,24400,2.62,D
sz000552,甘肃能化,2025-10-16 09:46:57,2.62,27900,2.62,D
sz000552,甘肃能化,2025-10-16 09:47:21,2.62,140900,2.62,D
sz000552,甘肃能化,2025-10-16 09:47:24,2.62,28000,2.62,D
sz000552,甘肃能化,2025-10-16 09:47:27,2.63,176900,2.62,U
sz000552,甘肃能化,2025-10-16 09:47:30,2.62,44000,2.63,D
sz000552,甘肃能化,2025-10-16 09:47:33,2.62,1603900,2.62,D
sz000552,甘肃能化,2025-10-16 09:47:36,2.62,92100,2.62,U
sz000552,甘肃能化,2025-10-16 09:47:48,2.62,83000,2.62,U
sz000552,甘肃能化,2025-10-16 09:47:51,2.61,49400,2.62,D
sz000552,甘肃能化,2025-10-16 09:47:54,2.61,27200,2.61,D
sz000552,甘肃能化,2025-10-16 09:47:57,2.62,202700,2.61,U
sz000552,甘肃能化,2025-10-16 09:48:00,2.62,35300,2.62,U
sz000552,甘肃能化,2025-10-16 09:48:06,2.61,33400,2.61,D
sz000552,甘肃能化,2025-10-16 09:48:15,2.62,25400,2.62,U
sz000552,甘肃能化,2025-10-16 09:48:33,2.62,22000,2.62,U
sz000552,甘肃能化,2025-10-16 09:48:45,2.62,215000,2.62,U
sz000552,甘肃能化,2025-10-16 09:49:00,2.62,20700,2.62,U
sz000552,甘肃能化,2025-10-16 09:49:21,2.62,122300,2.62,U
sz000552,甘肃能化,2025-10-16 09:50:15,2.61,24000,2.61,D
sz000552,甘肃能化,2025-10-16 09:51:48,2.62,25500,2.61,U
sz000552,甘肃能化,2025-10-16 09:51:51,2.61,34200,2.62,D
sz000552,甘肃能化,2025-10-16 09:52:18,2.61,42100,2.61,D
sz000552,甘肃能化,2025-10-16 09:53:12,2.61,1591000,2.61,D
sz000552,甘肃能化,2025-10-16 09:53:15,2.6,28800,2.61,D
sz000552,甘肃能化,2025-10-16 09:53:18,2.61,50400,2.6,U
sz000552,甘肃能化,2025-10-16 09:53:51,2.61,43900,2.6,U
sz000552,甘肃能化,2025-10-16 09:54:00,2.61,127300,2.6,U
sz000552,甘肃能化,2025-10-16 09:54:06,2.6,37200,2.61,D
sz000552,甘肃能化,2025-10-16 09:54:12,2.61,36200,2.61,U
sz000552,甘肃能化,2025-10-16 09:54:18,2.61,459000,2.6,U
sz000552,甘肃能化,2025-10-16 09:54:24,2.61,50400,2.61,D
sz000552,甘肃能化,2025-10-16 09:54:30,2.61,30100,2.61,D
sz000552,甘肃能化,2025-10-16 09:54:51,2.61,106700,2.61,D
sz000552,甘肃能化,2025-10-16 09:55:06,2.61,25100,2.61,U
sz000552,甘肃能化,2025-10-16 09:55:18,2.61,281100,2.61,U
sz000552,甘肃能化,2025-10-16 09:55:45,2.6,105200,2.61,D
sz000552,甘肃能化,2025-10-16 09:55:51,2.6,30900,2.61,D
sz000552,甘肃能化,2025-10-16 09:56:15,2.6,25000,2.6,D
sz000552,甘肃能化,2025-10-16 09:56:30,2.61,20800,2.61,U
sz000552,甘肃能化,2025-10-16 09:57:12,2.6,1064400,2.6,D
sz000552,甘肃能化,2025-10-16 09:57:15,2.6,1257100,2.6,D
sz000552,甘肃能化,2025-10-16 09:57:18,2.6,101500,2.6,U
sz000552,甘肃能化,2025-10-16 09:57:30,2.59,20000,2.6,D
sz000552,甘肃能化,2025-10-16 09:57:33,2.6,26100,2.59,U
sz000552,甘肃能化,2025-10-16 09:58:27,2.6,43800,2.6,U
sz000552,甘肃能化,2025-10-16 09:59:03,2.6,52200,2.59,U
sz000552,甘肃能化,2025-10-16 09:59:09,2.59,24400,2.6,D
sz000552,甘肃能化,2025-10-16 09:59:30,2.6,20000,2.59,U
sz000552,甘肃能化,2025-10-16 09:59:39,2.6,38000,2.6,U
sz000552,甘肃能化,2025-10-16 10:00:03,2.6,33200,2.6,U
sz000552,甘肃能化,2025-10-16 10:00:15,2.6,24000,2.6,U
sz000552,甘肃能化,2025-10-16 10:01:45,2.6,206700,2.6,U
sz000552,甘肃能化,2025-10-16 10:02:00,2.6,347900,2.59,U
sz000552,甘肃能化,2025-10-16 10:02:09,2.6,71000,2.6,U
sz000552,甘肃能化,2025-10-16 10:02:39,2.6,66000,2.59,U
sz000552,甘肃能化,2025-10-16 10:02:42,2.6,20600,2.6,U
sz000552,甘肃能化,2025-10-16 10:03:12,2.6,92800,2.6,U
sz000552,甘肃能化,2025-10-16 10:03:15,2.6,21300,2.6,U
sz000552,甘肃能化,2025-10-16 10:03:18,2.6,52200,2.6,U
sz000552,甘肃能化,2025-10-16 10:03:21,2.6,39800,2.6,U
sz000552,甘肃能化,2025-10-16 10:03:27,2.6,23500,2.6,U
sz000552,甘肃能化,2025-10-16 10:03:30,2.59,29500,2.6,D
sz000552,甘肃能化,2025-10-16 10:04:15,2.6,41200,2.6,U
sz000552,甘肃能化,2025-10-16 10:05:00,2.6,82100,2.6,U
sz000552,甘肃能化,2025-10-16 10:05:18,2.6,30600,2.6,U
sz000552,甘肃能化,2025-10-16 10:05:21,2.6,30000,2.6,U
sz000552,甘肃能化,2025-10-16 10:05:30,2.6,50000,2.6,U
sz000552,甘肃能化,2025-10-16 10:06:36,2.59,78100,2.6,D
sz000552,甘肃能化,2025-10-16 10:06:48,2.59,82200,2.6,D
sz000552,甘肃能化,2025-10-16 10:07:57,2.6,73100,2.59,U
sz000552,甘肃能化,2025-10-16 10:08:00,2.59,395400,2.6,D
sz000552,甘肃能化,2025-10-16 10:08:03,2.59,1372900,2.59,D
sz000552,甘肃能化,2025-10-16 10:08:06,2.59,120000,2.59,D
sz000552,甘肃能化,2025-10-16 10:08:09,2.59,31600,2.59,D
sz000552,甘肃能化,2025-10-16 10:09:33,2.59,247200,2.6,D
sz000552,甘肃能化,2025-10-16 10:10:21,2.59,50900,2.59,D
sz000552,甘肃能化,2025-10-16 10:10:24,2.59,20700,2.59,D
sz000552,甘肃能化,2025-10-16 10:10:27,2.59,110200,2.59,D
sz000552,甘肃能化,2025-10-16 10:10:30,2.59,23300,2.59,D
sz000552,甘肃能化,2025-10-16 10:11:06,2.59,20600,2.59,D
sz000552,甘肃能化,2025-10-16 10:12:42,2.59,914700,2.59,D
sz000552,甘肃能化,2025-10-16 10:13:33,2.59,38200,2.58,U
sz000552,甘肃能化,2025-10-16 10:13:42,2.59,20100,2.59,U
sz000552,甘肃能化,2025-10-16 10:14:09,2.58,22800,2.59,D
sz000552,甘肃能化,2025-10-16 10:14:15,2.58,117500,2.59,D
sz000552,甘肃能化,2025-10-16 10:14:18,2.58,70200,2.58,D
sz000552,甘肃能化,2025-10-16 10:14:33,2.58,465200,2.58,D
sz000552,甘肃能化,2025-10-16 10:14:36,2.58,113600,2.58,D
sz000552,甘肃能化,2025-10-16 10:14:39,2.58,87500,2.58,D
sz000552,甘肃能化,2025-10-16 10:16:30,2.58,25600,2.59,D
sz000552,甘肃能化,2025-10-16 10:16:39,2.59,600400,2.59,U
sz000552,甘肃能化,2025-10-16 10:16:42,2.59,22400,2.59,D
sz000552,甘肃能化,2025-10-16 10:16:45,2.59,28800,2.59,D
sz000552,甘肃能化,2025-10-16 10:17:21,2.59,175400,2.59,D
sz000552,甘肃能化,2025-10-16 10:17:36,2.59,37500,2.59,U
sz000552,甘肃能化,2025-10-16 10:17:54,2.59,151400,2.59,U
sz000552,甘肃能化,2025-10-16 10:17:57,2.59,72500,2.59,D
sz000552,甘肃能化,2025-10-16 10:18:33,2.59,157200,2.59,U
sz000552,甘肃能化,2025-10-16 10:21:12,2.6,23900,2.6,U
sz000552,甘肃能化,2025-10-16 10:21:15,2.61,1174700,2.6,U
sz000552,甘肃能化,2025-10-16 10:21:18,2.6,66800,2.61,D
sz000552,甘肃能化,2025-10-16 10:21:24,2.61,1031500,2.61,U
sz000552,甘肃能化,2025-10-16 10:22:09,2.6,72800,2.61,D
sz000552,甘肃能化,2025-10-16 10:22:33,2.6,46100,2.6,D
sz000552,甘肃能化,2025-10-16 10:22:36,2.6,24500,2.6,U
sz000552,甘肃能化,2025-10-16 10:22:48,2.6,39400,2.6,U
sz000552,甘肃能化,2025-10-16 10:22:51,2.6,29100,2.6,U
sz000552,甘肃能化,2025-10-16 10:23:18,2.6,45700,2.6,U
sz000552,甘肃能化,2025-10-16 10:23:21,2.6,21500,2.6,U
sz000552,甘肃能化,2025-10-16 10:29:39,2.61,66600,2.61,U
sz000552,甘肃能化,2025-10-16 10:29:42,2.6,104100,2.61,D
sz000552,甘肃能化,2025-10-16 10:29:54,2.6,38700,2.6,U
sz000552,甘肃能化,2025-10-16 10:33:15,2.6,62900,2.59,U
sz000552,甘肃能化,2025-10-16 10:35:06,2.59,166900,2.59,D
sz000552,甘肃能化,2025-10-16 10:36:36,2.6,46900,2.59,U
sz000552,甘肃能化,2025-10-16 10:37:27,2.59,38000,2.6,D
sz000552,甘肃能化,2025-10-16 10:38:03,2.6,24500,2.59,U
sz000552,甘肃能化,2025-10-16 10:38:57,2.59,23800,2.59,D
sz000552,甘肃能化,2025-10-16 10:39:39,2.6,50100,2.59,U
sz000552,甘肃能化,2025-10-16 10:40:21,2.59,80900,2.59,D
sz000552,甘肃能化,2025-10-16 10:40:45,2.59,540000,2.59,D
sz000552,甘肃能化,2025-10-16 10:42:03,2.59,51500,2.6,D
sz000552,甘肃能化,2025-10-16 10:44:24,2.6,31400,2.6,U
sz000552,甘肃能化,2025-10-16 10:45:36,2.6,818700,2.6,U
sz000552,甘肃能化,2025-10-16 10:46:03,2.6,22200,2.6,D
sz000552,甘肃能化,2025-10-16 10:46:45,2.6,409800,2.6,D
sz000552,甘肃能化,2025-10-16 10:46:51,2.6,48700,2.6,U
sz000552,甘肃能化,2025-10-16 10:47:00,2.6,104600,2.6,U
sz000552,甘肃能化,2025-10-16 10:47:03,2.6,73600,2.6,U
sz000552,甘肃能化,2025-10-16 10:47:24,2.6,21600,2.59,U
sz000552,甘肃能化,2025-10-16 10:47:30,2.6,20500,2.6,U
sz000552,甘肃能化,2025-10-16 10:48:57,2.6,20000,2.6,U
sz000552,甘肃能化,2025-10-16 10:49:48,2.59,20400,2.6,D
sz000552,甘肃能化,2025-10-16 10:51:18,2.6,28000,2.6,U
sz000552,甘肃能化,2025-10-16 10:51:33,2.6,59000,2.6,U
sz000552,甘肃能化,2025-10-16 10:51:36,2.6,31500,2.6,D
sz000552,甘肃能化,2025-10-16 10:52:27,2.6,21000,2.6,U
sz000552,甘肃能化,2025-10-16 10:52:48,2.61,57600,2.61,U
sz000552,甘肃能化,2025-10-16 10:53:21,2.59,101900,2.61,D
sz000552,甘肃能化,2025-10-16 10:54:33,2.6,53800,2.6,U
sz000552,甘肃能化,2025-10-16 10:54:42,2.61,68200,2.6,U
sz000552,甘肃能化,2025-10-16 10:59:24,2.6,30000,2.61,D
sz000552,甘肃能化,2025-10-16 11:06:27,2.6,22800,2.6,D
sz000552,甘肃能化,2025-10-16 11:09:21,2.61,53400,2.6,U
sz000552,甘肃能化,2025-10-16 11:10:09,2.61,32600,2.61,U
sz000552,甘肃能化,2025-10-16 11:10:12,2.61,1475800,2.61,U
sz000552,甘肃能化,2025-10-16 11:10:15,2.62,760400,2.61,U
sz000552,甘肃能化,2025-10-16 11:11:06,2.61,20000,2.61,D
sz000552,甘肃能化,2025-10-16 11:12:21,2.61,80300,2.62,D
sz000552,甘肃能化,2025-10-16 11:12:54,2.61,483400,2.61,D
sz000552,甘肃能化,2025-10-16 11:13:03,2.6,82300,2.61,D
sz000552,甘肃能化,2025-10-16 11:13:12,2.61,35800,2.61,U
sz000552,甘肃能化,2025-10-16 11:13:39,2.61,52300,2.61,U
sz000552,甘肃能化,2025-10-16 11:14:24,2.61,58200,2.61,U
sz000552,甘肃能化,2025-10-16 11:14:42,2.61,70000,2.61,U
sz000552,甘肃能化,2025-10-16 11:16:06,2.61,36700,2.6,U
sz000552,甘肃能化,2025-10-16 11:16:09,2.61,153900,2.61,U
sz000552,甘肃能化,2025-10-16 11:16:12,2.61,24300,2.61,U
sz000552,甘肃能化,2025-10-16 11:17:15,2.61,21000,2.61,U
sz000552,甘肃能化,2025-10-16 11:18:45,2.61,37700,2.61,U
sz000552,甘肃能化,2025-10-16 11:18:48,2.61,509400,2.61,U
sz000552,甘肃能化,2025-10-16 11:18:54,2.62,20000,2.62,U
sz000552,甘肃能化,2025-10-16 11:19:09,2.62,32500,2.62,U
sz000552,甘肃能化,2025-10-16 11:19:30,2.61,42500,2.62,D
sz000552,甘肃能化,2025-10-16 11:19:36,2.62,51000,2.61,U
sz000552,甘肃能化,2025-10-16 11:20:03,2.61,42700,2.62,D
sz000552,甘肃能化,2025-10-16 11:20:36,2.61,62900,2.61,D
sz000552,甘肃能化,2025-10-16 11:20:42,2.61,34000,2.61,D
sz000552,甘肃能化,2025-10-16 11:20:48,2.61,22000,2.61,D
sz000552,甘肃能化,2025-10-16 11:20:54,2.61,129200,2.61,U
sz000552,甘肃能化,2025-10-16 11:24:03,2.62,24000,2.62,U
sz000552,甘肃能化,2025-10-16 11:25:45,2.61,20000,2.61,D
sz000552,甘肃能化,2025-10-16 11:27:21,2.61,81000,2.62,D
sz000552,甘肃能化,2025-10-16 11:27:33,2.61,56000,2.61,D
sz000552,甘肃能化,2025-10-16 11:28:33,2.61,121400,2.61,D
sz000552,甘肃能化,2025-10-16 13:00:03,2.61,180400,2.6,U
sz000552,甘肃能化,2025-10-16 13:00:27,2.61,50000,2.6,U
sz000552,甘肃能化,2025-10-16 13:00:33,2.6,20000,2.61,D
sz000552,甘肃能化,2025-10-16 13:01:03,2.61,21000,2.61,U
sz000552,甘肃能化,2025-10-16 13:01:15,2.61,301600,2.61,U
sz000552,甘肃能化,2025-10-16 13:02:00,2.62,40000,2.61,U
sz000552,甘肃能化,2025-10-16 13:02:03,2.62,60200,2.62,U
sz000552,甘肃能化,2025-10-16 13:02:12,2.62,20300,2.62,U
sz000552,甘肃能化,2025-10-16 13:02:39,2.61,62600,2.61,D
sz000552,甘肃能化,2025-10-16 13:02:42,2.62,22900,2.61,U
sz000552,甘肃能化,2025-10-16 13:03:03,2.62,34600,2.62,U
sz000552,甘肃能化,2025-10-16 13:03:15,2.62,44200,2.62,U
sz000552,甘肃能化,2025-10-16 13:04:09,2.62,25700,2.62,U
sz000552,甘肃能化,2025-10-16 13:04:24,2.62,36000,2.61,U
sz000552,甘肃能化,2025-10-16 13:04:36,2.62,20200,2.62,U
sz000552,甘肃能化,2025-10-16 13:04:48,2.61,22100,2.62,D
sz000552,甘肃能化,2025-10-16 13:05:21,2.61,38400,2.61,D
sz000552,甘肃能化,2025-10-16 13:05:33,2.61,475500,2.61,D
sz000552,甘肃能化,2025-10-16 13:06:06,2.61,226800,2.61,U
sz000552,甘肃能化,2025-10-16 13:06:09,2.61,23900,2.61,D
sz000552,甘肃能化,2025-10-16 13:06:27,2.61,62900,2.61,D
sz000552,甘肃能化,2025-10-16 13:06:39,2.61,27900,2.61,D
sz000552,甘肃能化,2025-10-16 13:06:42,2.61,46400,2.61,U
sz000552,甘肃能化,2025-10-16 13:08:24,2.61,51700,2.6,U
sz000552,甘肃能化,2025-10-16 13:08:27,2.6,28600,2.61,D
sz000552,甘肃能化,2025-10-16 13:09:00,2.61,240300,2.61,U
sz000552,甘肃能化,2025-10-16 13:09:42,2.6,1000000,2.61,D
sz000552,甘肃能化,2025-10-16 13:13:30,2.61,39000,2.6,U
sz000552,甘肃能化,2025-10-16 13:14:57,2.61,49800,2.61,U
sz000552,甘肃能化,2025-10-16 13:15:30,2.61,32000,2.6,U
sz000552,甘肃能化,2025-10-16 13:15:39,2.61,20000,2.61,U
sz000552,甘肃能化,2025-10-16 13:16:18,2.61,26100,2.6,U
sz000552,甘肃能化,2025-10-16 13:16:39,2.6,20100,2.61,D
sz000552,甘肃能化,2025-10-16 13:17:45,2.6,22000,2.6,D
sz000552,甘肃能化,2025-10-16 13:19:57,2.61,23000,2.6,U
sz000552,甘肃能化,2025-10-16 13:20:21,2.61,29000,2.61,U
sz000552,甘肃能化,2025-10-16 13:20:24,2.62,971500,2.61,U
sz000552,甘肃能化,2025-10-16 13:20:36,2.62,27000,2.62,U
sz000552,甘肃能化,2025-10-16 13:21:24,2.61,20200,2.62,D
sz000552,甘肃能化,2025-10-16 13:22:24,2.61,255700,2.62,D
sz000552,甘肃能化,2025-10-16 13:23:18,2.61,207500,2.61,D
sz000552,甘肃能化,2025-10-16 13:23:21,2.61,71000,2.61,D
sz000552,甘肃能化,2025-10-16 13:23:27,2.61,331900,2.61,D
sz000552,甘肃能化,2025-10-16 13:23:39,2.61,56000,2.61,D
sz000552,甘肃能化,2025-10-16 13:23:51,2.61,30800,2.6,U
sz000552,甘肃能化,2025-10-16 13:25:06,2.61,286700,2.6,U
sz000552,甘肃能化,2025-10-16 13:25:12,2.61,24000,2.62,D
sz000552,甘肃能化,2025-10-16 13:25:45,2.61,150000,2.62,D
sz000552,甘肃能化,2025-10-16 13:25:48,2.62,30500,2.61,U
sz000552,甘肃能化,2025-10-16 13:26:39,2.61,196700,2.62,D
sz000552,甘肃能化,2025-10-16 13:27:21,2.61,44800,2.62,D
sz000552,甘肃能化,2025-10-16 13:27:24,2.61,123700,2.61,E
sz000552,甘肃能化,2025-10-16 13:28:03,2.61,108700,2.61,U
sz000552,甘肃能化,2025-10-16 13:28:24,2.61,27200,2.61,U
sz000552,甘肃能化,2025-10-16 13:28:45,2.62,52500,2.6,U
sz000552,甘肃能化,2025-10-16 13:28:54,2.61,25900,2.61,D
sz000552,甘肃能化,2025-10-16 13:28:57,2.62,20000,2.61,U
sz000552,甘肃能化,2025-10-16 13:29:06,2.61,36000,2.62,D
sz000552,甘肃能化,2025-10-16 13:29:09,2.6,44000,2.61,D
sz000552,甘肃能化,2025-10-16 13:29:12,2.61,44500,2.6,D
sz000552,甘肃能化,2025-10-16 13:29:18,2.61,116000,2.61,D
sz000552,甘肃能化,2025-10-16 13:29:27,2.62,32000,2.62,U
sz000552,甘肃能化,2025-10-16 13:29:30,2.61,39100,2.62,D
sz000552,甘肃能化,2025-10-16 13:29:39,2.61,29600,2.61,D
sz000552,甘肃能化,2025-10-16 13:31:54,2.61,61300,2.61,D
sz000552,甘肃能化,2025-10-16 13:34:48,2.62,30600,2.61,U
sz000552,甘肃能化,2025-10-16 13:37:30,2.61,30400,2.61,D
sz000552,甘肃能化,2025-10-16 13:38:27,2.62,40100,2.62,U
sz000552,甘肃能化,2025-10-16 13:39:45,2.61,103000,2.62,D
sz000552,甘肃能化,2025-10-16 13:39:48,2.62,25500,2.61,U
sz000552,甘肃能化,2025-10-16 13:40:18,2.61,20600,2.62,D
sz000552,甘肃能化,2025-10-16 13:41:00,2.62,20000,2.62,U
sz000552,甘肃能化,2025-10-16 13:42:09,2.62,29700,2.62,U
sz000552,甘肃能化,2025-10-16 13:42:57,2.62,21200,2.62,U
sz000552,甘肃能化,2025-10-16 13:43:15,2.62,45800,2.62,U
sz000552,甘肃能化,2025-10-16 13:44:00,2.61,20100,2.62,D
sz000552,甘肃能化,2025-10-16 13:44:21,2.62,39100,2.62,U
sz000552,甘肃能化,2025-10-16 13:45:21,2.61,60200,2.62,D
sz000552,甘肃能化,2025-10-16 13:48:57,2.62,29100,2.61,U
sz000552,甘肃能化,2025-10-16 13:49:21,2.62,41900,2.61,U
sz000552,甘肃能化,2025-10-16 13:50:51,2.62,23800,2.62,U
sz000552,甘肃能化,2025-10-16 13:51:06,2.62,186900,2.62,U
sz000552,甘肃能化,2025-10-16 13:51:09,2.62,20200,2.62,U
sz000552,甘肃能化,2025-10-16 13:51:27,2.62,303800,2.61,U
sz000552,甘肃能化,2025-10-16 13:51:30,2.61,201800,2.62,D
sz000552,甘肃能化,2025-10-16 13:52:06,2.62,22900,2.62,U
sz000552,甘肃能化,2025-10-16 13:52:09,2.61,21200,2.62,D
sz000552,甘肃能化,2025-10-16 13:52:36,2.62,30000,2.62,U
sz000552,甘肃能化,2025-10-16 13:52:42,2.61,33000,2.62,D
sz000552,甘肃能化,2025-10-16 13:53:21,2.62,253500,2.61,U
sz000552,甘肃能化,2025-10-16 13:53:27,2.62,461400,2.62,U
sz000552,甘肃能化,2025-10-16 13:53:30,2.62,1609400,2.62,U
sz000552,甘肃能化,2025-10-16 13:53:33,2.62,1382600,2.62,U
sz000552,甘肃能化,2025-10-16 13:53:39,2.63,35200,2.63,U
sz000552,甘肃能化,2025-10-16 13:53:54,2.63,69800,2.63,U
sz000552,甘肃能化,2025-10-16 13:54:06,2.63,37700,2.63,U
sz000552,甘肃能化,2025-10-16 13:54:09,2.63,67400,2.63,U
sz000552,甘肃能化,2025-10-16 13:54:18,2.62,102300,2.63,D
sz000552,甘肃能化,2025-10-16 13:54:48,2.62,93600,2.63,D
sz000552,甘肃能化,2025-10-16 13:55:00,2.62,21900,2.62,D
sz000552,甘肃能化,2025-10-16 13:55:30,2.63,21300,2.62,U
sz000552,甘肃能化,2025-10-16 13:57:24,2.63,207500,2.63,U
sz000552,甘肃能化,2025-10-16 13:57:27,2.63,278300,2.63,U
sz000552,甘肃能化,2025-10-16 13:57:30,2.63,35700,2.63,U
sz000552,甘肃能化,2025-10-16 13:58:06,2.63,21800,2.62,U
sz000552,甘肃能化,2025-10-16 13:58:18,2.63,50800,2.62,U
sz000552,甘肃能化,2025-10-16 13:59:21,2.63,43900,2.62,U
sz000552,甘肃能化,2025-10-16 13:59:24,2.63,220100,2.63,U
sz000552,甘肃能化,2025-10-16 13:59:27,2.63,97600,2.63,U
sz000552,甘肃能化,2025-10-16 13:59:30,2.63,51500,2.63,U
sz000552,甘肃能化,2025-10-16 13:59:33,2.62,41100,2.63,D
sz000552,甘肃能化,2025-10-16 13:59:36,2.63,23000,2.62,U
sz000552,甘肃能化,2025-10-16 14:00:30,2.63,32000,2.62,U
sz000552,甘肃能化,2025-10-16 14:01:36,2.63,94900,2.62,U
sz000552,甘肃能化,2025-10-16 14:01:45,2.63,26000,2.63,U
sz000552,甘肃能化,2025-10-16 14:02:21,2.62,20100,2.62,D
sz000552,甘肃能化,2025-10-16 14:02:24,2.63,27200,2.62,U
sz000552,甘肃能化,2025-10-16 14:02:48,2.63,31600,2.62,U
sz000552,甘肃能化,2025-10-16 14:03:45,2.63,34000,2.63,U
sz000552,甘肃能化,2025-10-16 14:03:51,2.63,26800,2.63,U
sz000552,甘肃能化,2025-10-16 14:04:15,2.63,20000,2.63,U
sz000552,甘肃能化,2025-10-16 14:04:45,2.63,48500,2.63,U
sz000552,甘肃能化,2025-10-16 14:04:51,2.63,53400,2.63,U
sz000552,甘肃能化,2025-10-16 14:05:15,2.62,37300,2.62,D
sz000552,甘肃能化,2025-10-16 14:05:42,2.62,40000,2.62,D
sz000552,甘肃能化,2025-10-16 14:06:12,2.62,30000,2.63,D
sz000552,甘肃能化,2025-10-16 14:06:24,2.63,22900,2.62,U
sz000552,甘肃能化,2025-10-16 14:06:33,2.62,62300,2.63,D
sz000552,甘肃能化,2025-10-16 14:08:42,2.63,203400,2.62,U
sz000552,甘肃能化,2025-10-16 14:09:15,2.63,24800,2.62,U
sz000552,甘肃能化,2025-10-16 14:09:48,2.62,21400,2.62,D
sz000552,甘肃能化,2025-10-16 14:10:24,2.62,40000,2.62,D
sz000552,甘肃能化,2025-10-16 14:10:39,2.63,20200,2.62,U
sz000552,甘肃能化,2025-10-16 14:10:51,2.63,46500,2.63,U
sz000552,甘肃能化,2025-10-16 14:11:00,2.62,20600,2.63,D
sz000552,甘肃能化,2025-10-16 14:11:03,2.63,31800,2.62,U
sz000552,甘肃能化,2025-10-16 14:11:18,2.63,45000,2.63,U
sz000552,甘肃能化,2025-10-16 14:11:57,2.62,40500,2.62,D
sz000552,甘肃能化,2025-10-16 14:12:42,2.63,20200,2.62,U
sz000552,甘肃能化,2025-10-16 14:12:57,2.63,72400,2.63,U
sz000552,甘肃能化,2025-10-16 14:13:12,2.62,40000,2.62,D
sz000552,甘肃能化,2025-10-16 14:13:18,2.63,59100,2.62,U
sz000552,甘肃能化,2025-10-16 14:13:48,2.62,89000,2.62,D
sz000552,甘肃能化,2025-10-16 14:14:15,2.62,117600,2.62,D
sz000552,甘肃能化,2025-10-16 14:14:18,2.62,23100,2.62,D
sz000552,甘肃能化,2025-10-16 14:14:27,2.62,26300,2.63,D
sz000552,甘肃能化,2025-10-16 14:14:36,2.63,59600,2.62,U
sz000552,甘肃能化,2025-10-16 14:15:39,2.62,32400,2.63,D
sz000552,甘肃能化,2025-10-16 14:15:42,2.62,30000,2.62,D
sz000552,甘肃能化,2025-10-16 14:16:15,2.62,21100,2.62,D
sz000552,甘肃能化,2025-10-16 14:17:12,2.63,25500,2.62,U
sz000552,甘肃能化,2025-10-16 14:17:30,2.62,48300,2.62,D
sz000552,甘肃能化,2025-10-16 14:18:03,2.63,54200,2.62,U
sz000552,甘肃能化,2025-10-16 14:18:18,2.63,32800,2.62,U
sz000552,甘肃能化,2025-10-16 14:18:45,2.62,175300,2.62,D
sz000552,甘肃能化,2025-10-16 14:18:48,2.63,35200,2.62,U
sz000552,甘肃能化,2025-10-16 14:18:57,2.62,24100,2.62,D
sz000552,甘肃能化,2025-10-16 14:19:03,2.63,45800,2.63,U
sz000552,甘肃能化,2025-10-16 14:19:27,2.63,20600,2.62,U
sz000552,甘肃能化,2025-10-16 14:19:42,2.62,105900,2.63,D
sz000552,甘肃能化,2025-10-16 14:20:06,2.63,95500,2.62,U
sz000552,甘肃能化,2025-10-16 14:20:12,2.62,50000,2.62,D
sz000552,甘肃能化,2025-10-16 14:20:21,2.62,27100,2.62,D
sz000552,甘肃能化,2025-10-16 14:21:00,2.63,94200,2.63,U
sz000552,甘肃能化,2025-10-16 14:21:09,2.63,27500,2.62,U
sz000552,甘肃能化,2025-10-16 14:21:39,2.62,22800,2.62,D
sz000552,甘肃能化,2025-10-16 14:22:06,2.63,175900,2.63,U
sz000552,甘肃能化,2025-10-16 14:22:21,2.62,36000,2.62,D
sz000552,甘肃能化,2025-10-16 14:22:27,2.63,33700,2.62,U
sz000552,甘肃能化,2025-10-16 14:22:30,2.63,146000,2.63,U
sz000552,甘肃能化,2025-10-16 14:22:42,2.63,65900,2.62,U
sz000552,甘肃能化,2025-10-16 14:22:54,2.63,25100,2.62,U
sz000552,甘肃能化,2025-10-16 14:24:00,2.63,48400,2.62,U
sz000552,甘肃能化,2025-10-16 14:24:18,2.62,128100,2.63,D
sz000552,甘肃能化,2025-10-16 14:24:21,2.63,97500,2.62,U
sz000552,甘肃能化,2025-10-16 14:24:33,2.63,67600,2.63,U
sz000552,甘肃能化,2025-10-16 14:24:57,2.62,20700,2.62,D
sz000552,甘肃能化,2025-10-16 14:25:00,2.62,1603800,2.62,D
sz000552,甘肃能化,2025-10-16 14:25:03,2.62,151900,2.62,D
sz000552,甘肃能化,2025-10-16 14:25:09,2.62,93700,2.62,U
sz000552,甘肃能化,2025-10-16 14:25:12,2.62,29000,2.62,D
sz000552,甘肃能化,2025-10-16 14:25:15,2.62,28300,2.62,D
sz000552,甘肃能化,2025-10-16 14:25:18,2.62,53600,2.62,D
sz000552,甘肃能化,2025-10-16 14:25:21,2.62,46400,2.62,D
sz000552,甘肃能化,2025-10-16 14:25:27,2.62,237400,2.62,D
sz000552,甘肃能化,2025-10-16 14:25:30,2.62,22600,2.62,D
sz000552,甘肃能化,2025-10-16 14:25:42,2.62,56300,2.62,D
sz000552,甘肃能化,2025-10-16 14:25:45,2.63,140500,2.62,U
sz000552,甘肃能化,2025-10-16 14:25:48,2.62,29700,2.63,D
sz000552,甘肃能化,2025-10-16 14:25:51,2.62,53000,2.62,D
sz000552,甘肃能化,2025-10-16 14:26:09,2.62,29300,2.62,D
sz000552,甘肃能化,2025-10-16 14:26:18,2.62,212600,2.62,D
sz000552,甘肃能化,2025-10-16 14:26:42,2.62,61000,2.62,U
sz000552,甘肃能化,2025-10-16 14:26:51,2.62,174600,2.62,U
sz000552,甘肃能化,2025-10-16 14:27:24,2.63,20000,2.62,U
sz000552,甘肃能化,2025-10-16 14:27:33,2.62,70300,2.62,D
sz000552,甘肃能化,2025-10-16 14:28:15,2.63,48000,2.62,U
sz000552,甘肃能化,2025-10-16 14:28:36,2.62,26500,2.63,D
sz000552,甘肃能化,2025-10-16 14:29:00,2.63,53200,2.63,U
sz000552,甘肃能化,2025-10-16 14:29:39,2.62,23800,2.62,D
sz000552,甘肃能化,2025-10-16 14:30:57,2.63,43200,2.62,U
sz000552,甘肃能化,2025-10-16 14:31:15,2.62,46400,2.63,D
sz000552,甘肃能化,2025-10-16 14:32:06,2.62,40600,2.62,D
sz000552,甘肃能化,2025-10-16 14:32:12,2.62,54900,2.62,D
sz000552,甘肃能化,2025-10-16 14:32:15,2.62,20500,2.62,D
sz000552,甘肃能化,2025-10-16 14:34:12,2.63,32000,2.63,U
sz000552,甘肃能化,2025-10-16 14:34:15,2.63,41500,2.63,U
sz000552,甘肃能化,2025-10-16 14:34:27,2.63,63500,2.63,U
sz000552,甘肃能化,2025-10-16 14:35:00,2.62,83900,2.62,D
sz000552,甘肃能化,2025-10-16 14:35:06,2.62,20400,2.62,D
sz000552,甘肃能化,2025-10-16 14:35:24,2.62,20000,2.63,D
sz000552,甘肃能化,2025-10-16 14:35:39,2.63,21500,2.62,U
sz000552,甘肃能化,2025-10-16 14:36:18,2.62,34200,2.62,D
sz000552,甘肃能化,2025-10-16 14:36:30,2.62,49200,2.62,D
sz000552,甘肃能化,2025-10-16 14:37:12,2.63,46400,2.63,U
sz000552,甘肃能化,2025-10-16 14:37:27,2.63,44100,2.63,U
sz000552,甘肃能化,2025-10-16 14:37:33,2.63,38600,2.63,U
sz000552,甘肃能化,2025-10-16 14:38:15,2.63,50100,2.62,U
sz000552,甘肃能化,2025-10-16 14:39:12,2.63,53100,2.63,U
sz000552,甘肃能化,2025-10-16 14:40:00,2.62,112300,2.62,D
sz000552,甘肃能化,2025-10-16 14:40:03,2.62,49500,2.62,D
sz000552,甘肃能化,2025-10-16 14:40:39,2.63,20700,2.62,U
sz000552,甘肃能化,2025-10-16 14:41:03,2.63,160600,2.63,U
sz000552,甘肃能化,2025-10-16 14:41:24,2.63,978000,2.62,U
sz000552,甘肃能化,2025-10-16 14:41:27,2.63,28600,2.63,U
sz000552,甘肃能化,2025-10-16 14:41:30,2.62,71500,2.63,D
sz000552,甘肃能化,2025-10-16 14:41:33,2.63,26500,2.62,U
sz000552,甘肃能化,2025-10-16 14:41:42,2.63,30000,2.63,U
sz000552,甘肃能化,2025-10-16 14:42:03,2.63,20100,2.63,U
sz000552,甘肃能化,2025-10-16 14:42:09,2.62,20200,2.62,D
sz000552,甘肃能化,2025-10-16 14:42:12,2.63,20800,2.62,U
sz000552,甘肃能化,2025-10-16 14:42:30,2.62,79600,2.63,D
sz000552,甘肃能化,2025-10-16 14:42:51,2.62,107000,2.62,U
sz000552,甘肃能化,2025-10-16 14:42:54,2.62,44400,2.62,U
sz000552,甘肃能化,2025-10-16 14:43:03,2.61,34700,2.62,D
sz000552,甘肃能化,2025-10-16 14:43:15,2.62,77200,2.62,U
sz000552,甘肃能化,2025-10-16 14:43:36,2.63,24100,2.63,U
sz000552,甘肃能化,2025-10-16 14:43:51,2.63,112300,2.63,U
sz000552,甘肃能化,2025-10-16 14:44:06,2.63,45600,2.62,U
sz000552,甘肃能化,2025-10-16 14:44:21,2.63,39400,2.63,U
sz000552,甘肃能化,2025-10-16 14:44:24,2.63,40900,2.63,U
sz000552,甘肃能化,2025-10-16 14:44:42,2.63,68900,2.63,U
sz000552,甘肃能化,2025-10-16 14:44:45,2.63,25800,2.63,U
sz000552,甘肃能化,2025-10-16 14:44:51,2.63,32300,2.63,U
sz000552,甘肃能化,2025-10-16 14:45:06,2.62,42200,2.63,D
sz000552,甘肃能化,2025-10-16 14:45:12,2.63,40800,2.62,U
sz000552,甘肃能化,2025-10-16 14:46:06,2.62,55000,2.63,D
sz000552,甘肃能化,2025-10-16 14:46:09,2.62,43200,2.62,D
sz000552,甘肃能化,2025-10-16 14:47:33,2.62,20000,2.62,D
sz000552,甘肃能化,2025-10-16 14:47:36,2.63,50300,2.62,U
sz000552,甘肃能化,2025-10-16 14:47:39,2.62,45500,2.63,D
sz000552,甘肃能化,2025-10-16 14:47:42,2.63,50000,2.62,U
sz000552,甘肃能化,2025-10-16 14:48:12,2.63,41700,2.62,U
sz000552,甘肃能化,2025-10-16 14:48:27,2.62,183004,2.62,D
sz000552,甘肃能化,2025-10-16 14:49:30,2.63,37800,2.63,U
sz000552,甘肃能化,2025-10-16 14:49:54,2.62,50400,2.62,D
sz000552,甘肃能化,2025-10-16 14:50:42,2.62,35600,2.63,D
sz000552,甘肃能化,2025-10-16 14:51:00,2.63,116100,2.63,U
sz000552,甘肃能化,2025-10-16 14:51:09,2.62,20800,2.62,D
sz000552,甘肃能化,2025-10-16 14:51:30,2.63,35900,2.62,U
sz000552,甘肃能化,2025-10-16 14:51:57,2.62,20000,2.63,D
sz000552,甘肃能化,2025-10-16 14:52:12,2.62,32100,2.62,D
sz000552,甘肃能化,2025-10-16 14:52:15,2.62,28000,2.62,D
sz000552,甘肃能化,2025-10-16 14:52:27,2.62,20400,2.62,D
sz000552,甘肃能化,2025-10-16 14:52:36,2.63,47700,2.62,U
sz000552,甘肃能化,2025-10-16 14:53:06,2.63,44000,2.63,U
sz000552,甘肃能化,2025-10-16 14:53:48,2.63,37600,2.63,U
sz000552,甘肃能化,2025-10-16 14:54:03,2.63,50800,2.62,U
sz000552,甘肃能化,2025-10-16 14:54:24,2.63,51200,2.62,U
sz000552,甘肃能化,2025-10-16 14:54:30,2.62,340000,2.62,D
sz000552,甘肃能化,2025-10-16 14:54:36,2.63,32100,2.62,U
sz000552,甘肃能化,2025-10-16 14:54:42,2.62,22600,2.62,D
sz000552,甘肃能化,2025-10-16 14:55:06,2.62,55100,2.62,D
sz000552,甘肃能化,2025-10-16 14:55:24,2.62,29000,2.62,D
sz000552,甘肃能化,2025-10-16 14:55:30,2.62,81000,2.62,D
sz000552,甘肃能化,2025-10-16 14:55:33,2.62,35600,2.62,D
sz000552,甘肃能化,2025-10-16 14:55:36,2.62,114300,2.62,D
sz000552,甘肃能化,2025-10-16 14:55:42,2.63,29700,2.62,U
sz000552,甘肃能化,2025-10-16 14:56:03,2.62,33300,2.62,D
sz000552,甘肃能化,2025-10-16 14:56:06,2.62,29100,2.62,D
sz000552,甘肃能化,2025-10-16 14:56:12,2.63,44000,2.62,U
sz000552,甘肃能化,2025-10-16 14:56:24,2.62,115100,2.63,D
sz000552,甘肃能化,2025-10-16 14:56:48,2.63,32200,2.63,U
sz000552,甘肃能化,2025-10-16 15:00:00,2.62,930300,2.63,E
