symbol,name,ticktime,price,volume,prev_price,kind
sz000552,甘肃能化,2025-10-20 09:25:00,2.65,1054900,0.0,U
sz000552,甘肃能化,2025-10-20 09:30:00,2.65,305200,2.65,U
sz000552,甘肃能化,2025-10-20 09:30:03,2.65,1137500,2.65,U
sz000552,甘肃能化,2025-10-20 09:30:06,2.66,282000,2.65,U
sz000552,甘肃能化,2025-10-20 09:30:09,2.65,54600,2.66,D
sz000552,甘肃能化,2025-10-20 09:30:18,2.66,59600,2.66,U
sz000552,甘肃能化,2025-10-20 09:30:24,2.65,341000,2.66,D
sz000552,甘肃能化,2025-10-20 09:30:27,2.66,79100,2.65,U
sz000552,甘肃能化,2025-10-20 09:30:30,2.66,80500,2.66,U
sz000552,甘肃能化,2025-10-20 09:30:33,2.66,236900,2.66,U
sz000552,甘肃能化,2025-10-20 09:30:36,2.66,207000,2.66,U
sz000552,甘肃能化,2025-10-20 09:30:39,2.66,400500,2.66,U
sz000552,甘肃能化,2025-10-20 09:30:42,2.66,96100,2.66,D
sz000552,甘肃能化,2025-10-20 09:30:45,2.66,342200,2.66,D
sz000552,甘肃能化,2025-10-20 09:30:48,2.67,217900,2.66,U
sz000552,甘肃能化,2025-10-20 09:30:51,2.67,144900,2.67,U
sz000552,甘肃能化,2025-10-20 09:30:54,2.67,21200,2.67,U
sz000552,甘肃能化,2025-10-20 09:30:57,2.67,187100,2.67,U
sz000552,甘肃能化,2025-10-20 09:31:00,2.68,5758000,2.67,U
sz000552,甘肃能化,2025-10-20 09:31:03,2.68,1403700,2.68,D
sz000552,甘肃能化,2025-10-20 09:31:06,2.67,174500,2.68,D
sz000552,甘肃能化,2025-10-20 09:31:12,2.68,23500,2.67,U
sz000552,甘肃能化,2025-10-20 09:31:15,2.67,34800,2.68,D
sz000552,甘肃能化,2025-10-20 09:31:18,2.68,53200,2.67,U
sz000552,甘肃能化,2025-10-20 09:31:21,2.67,178700,2.68,D
sz000552,甘肃能化,2025-10-20 09:31:27,2.68,24000,2.68,U
sz000552,甘肃能化,2025-10-20 09:31:30,2.68,37600,2.68,U
sz000552,甘肃能化,2025-10-20 09:31:36,2.67,746800,2.68,D
sz000552,甘肃能化,2025-10-20 09:31:39,2.67,88300,2.67,U
sz000552,甘肃能化,2025-10-20 09:31:45,2.67,225300,2.67,D
sz000552,甘肃能化,2025-10-20 09:31:48,2.67,328100,2.67,D
sz000552,甘肃能化,2025-10-20 09:31:51,2.67,250800,2.67,D
sz000552,甘肃能化,2025-10-20 09:31:54,2.67,116700,2.67,D
sz000552,甘肃能化,2025-10-20 09:31:57,2.67,98100,2.67,D
sz000552,甘肃能化,2025-10-20 09:32:06,2.67,32200,2.67,U
sz000552,甘肃能化,2025-10-20 09:32:09,2.67,826500,2.67,U
sz000552,甘肃能化,2025-10-20 09:32:12,2.67,161600,2.67,D
sz000552,甘肃能化,2025-10-20 09:32:15,2.67,214500,2.67,D
sz000552,甘肃能化,2025-10-20 09:32:21,2.67,91600,2.67,U
sz000552,甘肃能化,2025-10-20 09:32:24,2.66,20700,2.67,D
sz000552,甘肃能化,2025-10-20 09:32:30,2.66,140000,2.67,D
sz000552,甘肃能化,2025-10-20 09:32:33,2.67,28700,2.66,U
sz000552,甘肃能化,2025-10-20 09:32:36,2.66,178900,2.67,D
sz000552,甘肃能化,2025-10-20 09:32:39,2.67,24900,2.66,U
sz000552,甘肃能化,2025-10-20 09:32:42,2.66,164500,2.67,D
sz000552,甘肃能化,2025-10-20 09:32:48,2.66,1043100,2.67,D
sz000552,甘肃能化,2025-10-20 09:32:51,2.66,911800,2.66,D
sz000552,甘肃能化,2025-10-20 09:32:54,2.66,30700,2.66,U
sz000552,甘肃能化,2025-10-20 09:33:00,2.66,109400,2.66,U
sz000552,甘肃能化,2025-10-20 09:33:06,2.66,55200,2.65,U
sz000552,甘肃能化,2025-10-20 09:33:09,2.66,110800,2.66,U
sz000552,甘肃能化,2025-10-20 09:33:12,2.66,139200,2.66,D
sz000552,甘肃能化,2025-10-20 09:33:18,2.66,70000,2.66,D
sz000552,甘肃能化,2025-10-20 09:33:30,2.66,24100,2.66,D
sz000552,甘肃能化,2025-10-20 09:33:33,2.66,40400,2.66,D
sz000552,甘肃能化,2025-10-20 09:33:42,2.66,91200,2.66,D
sz000552,甘肃能化,2025-10-20 09:33:45,2.66,158900,2.66,D
sz000552,甘肃能化,2025-10-20 09:34:03,2.67,27300,2.66,U
sz000552,甘肃能化,2025-10-20 09:34:09,2.66,26800,2.67,D
sz000552,甘肃能化,2025-10-20 09:34:12,2.66,224200,2.66,D
sz000552,甘肃能化,2025-10-20 09:34:15,2.66,26762,2.66,D
sz000552,甘肃能化,2025-10-20 09:34:18,2.66,57800,2.66,D
sz000552,甘肃能化,2025-10-20 09:34:27,2.66,26400,2.67,D
sz000552,甘肃能化,2025-10-20 09:34:30,2.67,59400,2.66,U
sz000552,甘肃能化,2025-10-20 09:34:33,2.66,89600,2.67,D
sz000552,甘肃能化,2025-10-20 09:34:36,2.66,149500,2.66,D
sz000552,甘肃能化,2025-10-20 09:34:45,2.67,36700,2.66,U
sz000552,甘肃能化,2025-10-20 09:34:57,2.67,22600,2.66,U
sz000552,甘肃能化,2025-10-20 09:35:03,2.67,23400,2.67,U
sz000552,甘肃能化,2025-10-20 09:35:06,2.67,131200,2.67,U
sz000552,甘肃能化,2025-10-20 09:35:12,2.67,246500,2.67,U
sz000552,甘肃能化,2025-10-20 09:35:15,2.67,60800,2.67,U
sz000552,甘肃能化,2025-10-20 09:35:18,2.67,74200,2.67,U
sz000552,甘肃能化,2025-10-20 09:35:21,2.67,47100,2.67,U
sz000552,甘肃能化,2025-10-20 09:35:24,2.67,33200,2.67,U
sz000552,甘肃能化,2025-10-20 09:35:27,2.67,43900,2.67,U
sz000552,甘肃能化,2025-10-20 09:35:51,2.67,46800,2.67,U
sz000552,甘肃能化,2025-10-20 09:35:54,2.67,41000,2.67,U
sz000552,甘肃能化,2025-10-20 09:36:00,2.67,73200,2.67,U
sz000552,甘肃能化,2025-10-20 09:36:03,2.67,20000,2.67,U
sz000552,甘肃能化,2025-10-20 09:36:06,2.67,21900,2.67,U
sz000552,甘肃能化,2025-10-20 09:36:15,2.67,48500,2.67,U
sz000552,甘肃能化,2025-10-20 09:36:18,2.66,32000,2.67,D
sz000552,甘肃能化,2025-10-20 09:36:21,2.67,907400,2.66,U
sz000552,甘肃能化,2025-10-20 09:36:27,2.67,80100,2.67,D
sz000552,甘肃能化,2025-10-20 09:36:30,2.67,54900,2.67,D
sz000552,甘肃能化,2025-10-20 09:36:33,2.67,24100,2.67,D
sz000552,甘肃能化,2025-10-20 09:36:36,2.67,240100,2.67,D
sz000552,甘肃能化,2025-10-20 09:36:39,2.67,225300,2.67,U
sz000552,甘肃能化,2025-10-20 09:36:42,2.67,53100,2.67,D
sz000552,甘肃能化,2025-10-20 09:36:45,2.67,34000,2.67,D
sz000552,甘肃能化,2025-10-20 09:36:48,2.67,155900,2.67,D
sz000552,甘肃能化,2025-10-20 09:36:51,2.66,156400,2.67,D
sz000552,甘肃能化,2025-10-20 09:37:00,2.66,28200,2.67,D
sz000552,甘肃能化,2025-10-20 09:37:03,2.67,38000,2.66,U
sz000552,甘肃能化,2025-10-20 09:37:15,2.67,23100,2.67,U
sz000552,甘肃能化,2025-10-20 09:37:18,2.66,21100,2.67,D
sz000552,甘肃能化,2025-10-20 09:37:24,2.67,318100,2.67,U
sz000552,甘肃能化,2025-10-20 09:37:27,2.67,20100,2.67,D
sz000552,甘肃能化,2025-10-20 09:37:30,2.67,216600,2.67,D
sz000552,甘肃能化,2025-10-20 09:37:33,2.67,20700,2.67,D
sz000552,甘肃能化,2025-10-20 09:37:36,2.68,46600,2.67,U
sz000552,甘肃能化,2025-10-20 09:37:42,2.67,25800,2.68,D
sz000552,甘肃能化,2025-10-20 09:37:48,2.67,112600,2.67,D
sz000552,甘肃能化,2025-10-20 09:37:51,2.68,206900,2.67,U
sz000552,甘肃能化,2025-10-20 09:37:54,2.67,29400,2.68,D
sz000552,甘肃能化,2025-10-20 09:37:57,2.67,24400,2.67,D
sz000552,甘肃能化,2025-10-20 09:38:00,2.67,152600,2.67,D
sz000552,甘肃能化,2025-10-20 09:38:03,2.67,40100,2.67,U
sz000552,甘肃能化,2025-10-20 09:38:09,2.67,48200,2.68,D
sz000552,甘肃能化,2025-10-20 09:38:15,2.68,52200,2.67,U
sz000552,甘肃能化,2025-10-20 09:38:18,2.67,82600,2.68,D
sz000552,甘肃能化,2025-10-20 09:38:24,2.68,44200,2.68,U
sz000552,甘肃能化,2025-10-20 09:38:27,2.68,78000,2.68,U
sz000552,甘肃能化,2025-10-20 09:38:36,2.68,187500,2.68,U
sz000552,甘肃能化,2025-10-20 09:38:39,2.67,23600,2.68,D
sz000552,甘肃能化,2025-10-20 09:39:03,2.68,120000,2.68,U
sz000552,甘肃能化,2025-10-20 09:39:09,2.68,29500,2.68,U
sz000552,甘肃能化,2025-10-20 09:39:15,2.67,35700,2.68,D
sz000552,甘肃能化,2025-10-20 09:39:18,2.67,36400,2.67,D
sz000552,甘肃能化,2025-10-20 09:39:21,2.67,126600,2.67,D
sz000552,甘肃能化,2025-10-20 09:39:24,2.68,33800,2.67,U
sz000552,甘肃能化,2025-10-20 09:39:33,2.68,23300,2.67,U
sz000552,甘肃能化,2025-10-20 09:39:42,2.67,205900,2.68,D
sz000552,甘肃能化,2025-10-20 09:39:45,2.67,20400,2.67,D
sz000552,甘肃能化,2025-10-20 09:39:48,2.68,38000,2.67,U
sz000552,甘肃能化,2025-10-20 09:39:51,2.68,200200,2.68,U
sz000552,甘肃能化,2025-10-20 09:39:54,2.68,47500,2.68,U
sz000552,甘肃能化,2025-10-20 09:39:57,2.68,35700,2.68,U
sz000552,甘肃能化,2025-10-20 09:40:00,2.68,45900,2.68,U
sz000552,甘肃能化,2025-10-20 09:40:03,2.68,49000,2.68,U
sz000552,甘肃能化,2025-10-20 09:40:06,2.68,93600,2.68,U
sz000552,甘肃能化,2025-10-20 09:40:09,2.67,37700,2.68,D
sz000552,甘肃能化,2025-10-20 09:40:12,2.68,43300,2.67,U
sz000552,甘肃能化,2025-10-20 09:40:15,2.68,130800,2.68,U
sz000552,甘肃能化,2025-10-20 09:40:21,2.67,769000,2.68,D
sz000552,甘肃能化,2025-10-20 09:40:24,2.68,231400,2.67,U
sz000552,甘肃能化,2025-10-20 09:40:27,2.68,98400,2.68,U
sz000552,甘肃能化,2025-10-20 09:40:30,2.68,39700,2.68,U
sz000552,甘肃能化,2025-10-20 09:40:33,2.68,97400,2.68,U
sz000552,甘肃能化,2025-10-20 09:40:36,2.68,90100,2.68,U
sz000552,甘肃能化,2025-10-20 09:40:39,2.67,885300,2.68,D
sz000552,甘肃能化,2025-10-20 09:40:42,2.68,547900,2.67,U
sz000552,甘肃能化,2025-10-20 09:40:45,2.68,68900,2.68,U
sz000552,甘肃能化,2025-10-20 09:40:51,2.67,50600,2.68,D
sz000552,甘肃能化,2025-10-20 09:41:00,2.68,23000,2.68,U
sz000552,甘肃能化,2025-10-20 09:41:03,2.68,185900,2.68,U
sz000552,甘肃能化,2025-10-20 09:41:06,2.68,68800,2.68,U
sz000552,甘肃能化,2025-10-20 09:41:09,2.67,29600,2.68,D
sz000552,甘肃能化,2025-10-20 09:41:15,2.68,214500,2.68,U
sz000552,甘肃能化,2025-10-20 09:41:18,2.68,43700,2.68,U
sz000552,甘肃能化,2025-10-20 09:41:21,2.68,39800,2.68,U
sz000552,甘肃能化,2025-10-20 09:41:24,2.68,74200,2.68,U
sz000552,甘肃能化,2025-10-20 09:41:33,2.68,87200,2.68,U
sz000552,甘肃能化,2025-10-20 09:41:45,2.68,54900,2.68,U
sz000552,甘肃能化,2025-10-20 09:41:54,2.68,554800,2.68,U
sz000552,甘肃能化,2025-10-20 09:41:57,2.67,31600,2.68,D
sz000552,甘肃能化,2025-10-20 09:42:03,2.67,697200,2.67,D
sz000552,甘肃能化,2025-10-20 09:42:06,2.67,121900,2.67,U
sz000552,甘肃能化,2025-10-20 09:42:09,2.67,66300,2.67,U
sz000552,甘肃能化,2025-10-20 09:42:12,2.67,22100,2.67,U
sz000552,甘肃能化,2025-10-20 09:42:15,2.67,38300,2.67,D
sz000552,甘肃能化,2025-10-20 09:42:18,2.67,66600,2.67,U
sz000552,甘肃能化,2025-10-20 09:42:24,2.67,64600,2.66,U
sz000552,甘肃能化,2025-10-20 09:42:33,2.67,29700,2.67,U
sz000552,甘肃能化,2025-10-20 09:42:42,2.66,27200,2.67,D
sz000552,甘肃能化,2025-10-20 09:42:51,2.67,25700,2.67,U
sz000552,甘肃能化,2025-10-20 09:43:03,2.66,65200,2.67,D
sz000552,甘肃能化,2025-10-20 09:43:09,2.67,64000,2.66,U
sz000552,甘肃能化,2025-10-20 09:43:12,2.67,23600,2.67,U
sz000552,甘肃能化,2025-10-20 09:43:15,2.66,143200,2.67,D
sz000552,甘肃能化,2025-10-20 09:43:24,2.66,94100,2.66,D
sz000552,甘肃能化,2025-10-20 09:43:36,2.67,53400,2.66,U
sz000552,甘肃能化,2025-10-20 09:43:48,2.66,24000,2.66,D
sz000552,甘肃能化,2025-10-20 09:43:51,2.67,1467600,2.66,U
sz000552,甘肃能化,2025-10-20 09:43:54,2.66,57200,2.67,D
sz000552,甘肃能化,2025-10-20 09:43:57,2.67,32200,2.66,U
sz000552,甘肃能化,2025-10-20 09:44:00,2.66,59200,2.67,D
sz000552,甘肃能化,2025-10-20 09:44:03,2.66,25500,2.66,D
sz000552,甘肃能化,2025-10-20 09:44:09,2.66,116400,2.67,D
sz000552,甘肃能化,2025-10-20 09:44:12,2.66,556100,2.66,D
sz000552,甘肃能化,2025-10-20 09:44:15,2.66,724500,2.66,D
sz000552,甘肃能化,2025-10-20 09:44:18,2.66,218500,2.66,D
sz000552,甘肃能化,2025-10-20 09:44:24,2.66,102500,2.67,D
sz000552,甘肃能化,2025-10-20 09:44:33,2.66,20000,2.66,D
sz000552,甘肃能化,2025-10-20 09:44:42,2.66,210100,2.67,D
sz000552,甘肃能化,2025-10-20 09:44:57,2.66,26600,2.66,D
sz000552,甘肃能化,2025-10-20 09:45:03,2.66,221300,2.66,D
sz000552,甘肃能化,2025-10-20 09:45:06,2.66,307500,2.66,D
sz000552,甘肃能化,2025-10-20 09:45:09,2.66,41400,2.66,U
sz000552,甘肃能化,2025-10-20 09:45:21,2.66,27100,2.66,D
sz000552,甘肃能化,2025-10-20 09:45:24,2.66,256800,2.66,E
sz000552,甘肃能化,2025-10-20 09:45:33,2.66,20400,2.66,D
sz000552,甘肃能化,2025-10-20 09:45:36,2.66,504500,2.66,D
sz000552,甘肃能化,2025-10-20 09:45:54,2.66,32400,2.66,U
sz000552,甘肃能化,2025-10-20 09:46:09,2.66,32400,2.66,U
sz000552,甘肃能化,2025-10-20 09:46:15,2.65,22000,2.66,D
sz000552,甘肃能化,2025-10-20 09:46:24,2.66,22800,2.66,U
sz000552,甘肃能化,2025-10-20 09:46:27,2.66,21300,2.66,U
sz000552,甘肃能化,2025-10-20 09:46:39,2.66,241700,2.66,U
sz000552,甘肃能化,2025-10-20 09:46:57,2.66,47600,2.66,U
sz000552,甘肃能化,2025-10-20 09:47:18,2.66,20700,2.66,U
sz000552,甘肃能化,2025-10-20 09:47:45,2.66,68800,2.66,U
sz000552,甘肃能化,2025-10-20 09:47:48,2.65,1859700,2.66,D
sz000552,甘肃能化,2025-10-20 09:47:51,2.65,26600,2.65,U
sz000552,甘肃能化,2025-10-20 09:48:06,2.65,73200,2.64,U
sz000552,甘肃能化,2025-10-20 09:48:24,2.64,255300,2.65,D
sz000552,甘肃能化,2025-10-20 09:48:27,2.65,24400,2.64,U
sz000552,甘肃能化,2025-10-20 09:48:36,2.65,34900,2.65,U
sz000552,甘肃能化,2025-10-20 09:48:42,2.65,71200,2.65,U
sz000552,甘肃能化,2025-10-20 09:48:51,2.65,32300,2.64,U
sz000552,甘肃能化,2025-10-20 09:49:00,2.65,40400,2.65,U
sz000552,甘肃能化,2025-10-20 09:49:48,2.64,42500,2.64,D
sz000552,甘肃能化,2025-10-20 09:50:03,2.65,29000,2.65,U
sz000552,甘肃能化,2025-10-20 09:50:06,2.65,863500,2.65,U
sz000552,甘肃能化,2025-10-20 09:50:12,2.64,36200,2.64,D
sz000552,甘肃能化,2025-10-20 09:50:30,2.64,164400,2.64,D
sz000552,甘肃能化,2025-10-20 09:50:33,2.64,28200,2.64,D
sz000552,甘肃能化,2025-10-20 09:50:36,2.64,548800,2.64,D
sz000552,甘肃能化,2025-10-20 09:50:51,2.64,70100,2.63,U
sz000552,甘肃能化,2025-10-20 09:50:54,2.64,54800,2.64,D
sz000552,甘肃能化,2025-10-20 09:50:57,2.64,63800,2.64,U
sz000552,甘肃能化,2025-10-20 09:51:12,2.64,128200,2.63,U
sz000552,甘肃能化,2025-10-20 09:51:15,2.64,39900,2.64,D
sz000552,甘肃能化,2025-10-20 09:51:36,2.64,48900,2.64,D
sz000552,甘肃能化,2025-10-20 09:51:39,2.64,21900,2.64,D
sz000552,甘肃能化,2025-10-20 09:51:45,2.64,41100,2.64,D
sz000552,甘肃能化,2025-10-20 09:51:48,2.63,137000,2.64,D
sz000552,甘肃能化,2025-10-20 09:52:00,2.64,33700,2.64,U
sz000552,甘肃能化,2025-10-20 09:52:03,2.64,30300,2.64,U
sz000552,甘肃能化,2025-10-20 09:52:15,2.64,69600,2.64,U
sz000552,甘肃能化,2025-10-20 09:52:30,2.64,52500,2.63,U
sz000552,甘肃能化,2025-10-20 09:53:09,2.63,53500,2.64,D
sz000552,甘肃能化,2025-10-20 09:53:15,2.63,37900,2.63,D
sz000552,甘肃能化,2025-10-20 09:53:18,2.63,155500,2.63,D
sz000552,甘肃能化,2025-10-20 09:53:21,2.63,1787400,2.63,D
sz000552,甘肃能化,2025-10-20 09:53:27,2.63,203200,2.63,U
sz000552,甘肃能化,2025-10-20 09:53:36,2.63,116800,2.63,U
sz000552,甘肃能化,2025-10-20 09:53:39,2.63,34900,2.63,D
sz000552,甘肃能化,2025-10-20 09:53:45,2.63,20000,2.63,D
sz000552,甘肃能化,2025-10-20 09:53:48,2.62,44900,2.63,D
sz000552,甘肃能化,2025-10-20 09:53:54,2.62,30100,2.63,D
sz000552,甘肃能化,2025-10-20 09:54:06,2.63,35800,2.63,U
sz000552,甘肃能化,2025-10-20 09:54:15,2.63,20300,2.62,U
sz000552,甘肃能化,2025-10-20 09:54:33,2.63,47000,2.63,U
sz000552,甘肃能化,2025-10-20 09:54:42,2.63,23200,2.62,U
sz000552,甘肃能化,2025-10-20 09:54:54,2.64,746700,2.63,U
sz000552,甘肃能化,2025-10-20 09:54:57,2.63,75700,2.64,D
sz000552,甘肃能化,2025-10-20 09:55:03,2.64,20000,2.63,U
sz000552,甘肃能化,2025-10-20 09:55:09,2.63,111300,2.63,D
sz000552,甘肃能化,2025-10-20 09:55:24,2.63,126200,2.64,D
sz000552,甘肃能化,2025-10-20 09:55:27,2.64,60700,2.63,U
sz000552,甘肃能化,2025-10-20 09:55:30,2.63,233600,2.64,D
sz000552,甘肃能化,2025-10-20 09:55:33,2.63,278700,2.63,D
sz000552,甘肃能化,2025-10-20 09:55:42,2.63,67900,2.63,U
sz000552,甘肃能化,2025-10-20 09:55:48,2.63,20700,2.63,U
sz000552,甘肃能化,2025-10-20 09:55:54,2.63,23300,2.63,U
sz000552,甘肃能化,2025-10-20 09:56:00,2.63,103300,2.63,U
sz000552,甘肃能化,2025-10-20 09:56:09,2.62,50300,2.63,D
sz000552,甘肃能化,2025-10-20 09:56:15,2.62,74400,2.62,D
sz000552,甘肃能化,2025-10-20 09:56:18,2.63,23900,2.62,U
sz000552,甘肃能化,2025-10-20 09:56:24,2.62,36100,2.63,D
sz000552,甘肃能化,2025-10-20 09:56:30,2.63,28900,2.63,U
sz000552,甘肃能化,2025-10-20 09:56:33,2.63,49000,2.63,U
sz000552,甘肃能化,2025-10-20 09:56:39,2.63,169800,2.62,U
sz000552,甘肃能化,2025-10-20 09:56:42,2.63,320900,2.63,U
sz000552,甘肃能化,2025-10-20 09:56:45,2.64,29300,2.63,U
sz000552,甘肃能化,2025-10-20 09:56:51,2.64,75400,2.63,U
sz000552,甘肃能化,2025-10-20 09:57:06,2.63,39800,2.64,D
sz000552,甘肃能化,2025-10-20 09:57:24,2.63,76500,2.64,D
sz000552,甘肃能化,2025-10-20 09:57:36,2.64,106700,2.63,U
sz000552,甘肃能化,2025-10-20 09:58:03,2.64,20400,2.64,U
sz000552,甘肃能化,2025-10-20 09:58:06,2.64,21800,2.64,U
sz000552,甘肃能化,2025-10-20 09:58:09,2.64,480300,2.64,U
sz000552,甘肃能化,2025-10-20 09:58:12,2.64,1050900,2.64,U
sz000552,甘肃能化,2025-10-20 09:58:21,2.64,75800,2.64,U
sz000552,甘肃能化,2025-10-20 09:58:33,2.64,41400,2.64,D
sz000552,甘肃能化,2025-10-20 09:59:00,2.65,138200,2.65,U
sz000552,甘肃能化,2025-10-20 09:59:36,2.64,144100,2.64,D
sz000552,甘肃能化,2025-10-20 09:59:45,2.63,34500,2.64,D
sz000552,甘肃能化,2025-10-20 09:59:48,2.64,250700,2.63,U
sz000552,甘肃能化,2025-10-20 10:00:54,2.64,37100,2.63,U
sz000552,甘肃能化,2025-10-20 10:01:09,2.64,49900,2.63,U
sz000552,甘肃能化,2025-10-20 10:01:39,2.64,28500,2.64,U
sz000552,甘肃能化,2025-10-20 10:02:09,2.64,38300,2.64,U
sz000552,甘肃能化,2025-10-20 10:02:27,2.64,187200,2.64,U
sz000552,甘肃能化,2025-10-20 10:02:33,2.64,40500,2.64,U
sz000552,甘肃能化,2025-10-20 10:02:42,2.63,31600,2.64,D
sz000552,甘肃能化,2025-10-20 10:03:09,2.64,24100,2.64,U
sz000552,甘肃能化,2025-10-20 10:03:15,2.63,27000,2.64,D
sz000552,甘肃能化,2025-10-20 10:03:30,2.64,63300,2.64,U
sz000552,甘肃能化,2025-10-20 10:03:33,2.64,216500,2.64,U
sz000552,甘肃能化,2025-10-20 10:03:36,2.64,160800,2.64,U
sz000552,甘肃能化,2025-10-20 10:03:48,2.63,49200,2.63,D
sz000552,甘肃能化,2025-10-20 10:03:54,2.64,34500,2.64,U
sz000552,甘肃能化,2025-10-20 10:04:45,2.64,75300,2.64,D
sz000552,甘肃能化,2025-10-20 10:05:15,2.64,327800,2.64,D
sz000552,甘肃能化,2025-10-20 10:05:21,2.63,21800,2.64,D
sz000552,甘肃能化,2025-10-20 10:05:33,2.64,44000,2.64,U
sz000552,甘肃能化,2025-10-20 10:05:42,2.64,22900,2.64,U
sz000552,甘肃能化,2025-10-20 10:05:45,2.64,26500,2.64,U
sz000552,甘肃能化,2025-10-20 10:06:03,2.63,112000,2.64,D
sz000552,甘肃能化,2025-10-20 10:06:06,2.64,106000,2.63,U
sz000552,甘肃能化,2025-10-20 10:06:09,2.64,187000,2.64,U
sz000552,甘肃能化,2025-10-20 10:06:12,2.65,138600,2.64,U
sz000552,甘肃能化,2025-10-20 10:06:39,2.64,26200,2.64,D
sz000552,甘肃能化,2025-10-20 10:06:45,2.64,85400,2.64,D
sz000552,甘肃能化,2025-10-20 10:06:48,2.64,50800,2.64,D
sz000552,甘肃能化,2025-10-20 10:07:03,2.64,32500,2.64,D
sz000552,甘肃能化,2025-10-20 10:07:33,2.64,29000,2.64,D
sz000552,甘肃能化,2025-10-20 10:07:36,2.64,272800,2.64,D
sz000552,甘肃能化,2025-10-20 10:07:39,2.64,272200,2.64,U
sz000552,甘肃能化,2025-10-20 10:07:51,2.63,48900,2.64,D
sz000552,甘肃能化,2025-10-20 10:08:15,2.64,40100,2.64,U
sz000552,甘肃能化,2025-10-20 10:08:24,2.64,87500,2.64,U
sz000552,甘肃能化,2025-10-20 10:08:27,2.64,23900,2.64,U
sz000552,甘肃能化,2025-10-20 10:08:30,2.63,66400,2.64,D
sz000552,甘肃能化,2025-10-20 10:08:33,2.63,20700,2.63,D
sz000552,甘肃能化,2025-10-20 10:09:24,2.63,31600,2.64,D
sz000552,甘肃能化,2025-10-20 10:09:45,2.64,45200,2.63,U
sz000552,甘肃能化,2025-10-20 10:10:18,2.63,170400,2.64,D
sz000552,甘肃能化,2025-10-20 10:10:21,2.62,1037900,2.63,D
sz000552,甘肃能化,2025-10-20 10:10:24,2.63,78300,2.62,U
sz000552,甘肃能化,2025-10-20 10:10:27,2.63,129500,2.63,U
sz000552,甘肃能化,2025-10-20 10:10:30,2.63,57400,2.63,U
sz000552,甘肃能化,2025-10-20 10:10:39,2.62,53100,2.62,D
sz000552,甘肃能化,2025-10-20 10:10:42,2.63,39900,2.62,U
sz000552,甘肃能化,2025-10-20 10:10:51,2.62,25900,2.62,D
sz000552,甘肃能化,2025-10-20 10:11:06,2.63,842000,2.62,U
sz000552,甘肃能化,2025-10-20 10:11:09,2.63,181900,2.63,U
sz000552,甘肃能化,2025-10-20 10:11:12,2.64,418800,2.63,U
sz000552,甘肃能化,2025-10-20 10:11:21,2.63,74700,2.64,D
sz000552,甘肃能化,2025-10-20 10:11:33,2.63,306000,2.63,D
sz000552,甘肃能化,2025-10-20 10:11:36,2.63,23100,2.63,D
sz000552,甘肃能化,2025-10-20 10:11:39,2.63,87600,2.63,D
sz000552,甘肃能化,2025-10-20 10:13:27,2.63,36400,2.64,D
sz000552,甘肃能化,2025-10-20 10:14:15,2.63,90300,2.64,D
sz000552,甘肃能化,2025-10-20 10:14:18,2.63,65300,2.63,D
sz000552,甘肃能化,2025-10-20 10:14:24,2.64,30100,2.64,U
sz000552,甘肃能化,2025-10-20 10:14:33,2.63,233900,2.63,D
sz000552,甘肃能化,2025-10-20 10:14:36,2.63,23100,2.63,D
sz000552,甘肃能化,2025-10-20 10:15:03,2.64,45300,2.64,U
sz000552,甘肃能化,2025-10-20 10:15:12,2.64,32600,2.64,U
sz000552,甘肃能化,2025-10-20 10:15:15,2.64,28300,2.64,U
sz000552,甘肃能化,2025-10-20 10:15:18,2.63,20900,2.64,D
sz000552,甘肃能化,2025-10-20 10:16:15,2.64,35300,2.63,U
sz000552,甘肃能化,2025-10-20 10:16:36,2.64,236800,2.64,U
sz000552,甘肃能化,2025-10-20 10:17:03,2.64,656900,2.64,U
sz000552,甘肃能化,2025-10-20 10:17:06,2.63,145400,2.64,D
sz000552,甘肃能化,2025-10-20 10:17:09,2.64,49300,2.63,U
sz000552,甘肃能化,2025-10-20 10:17:33,2.64,32500,2.64,U
sz000552,甘肃能化,2025-10-20 10:17:36,2.64,31600,2.64,U
sz000552,甘肃能化,2025-10-20 10:18:24,2.64,39700,2.64,U
sz000552,甘肃能化,2025-10-20 10:18:39,2.64,41600,2.64,D
sz000552,甘肃能化,2025-10-20 10:19:15,2.64,32600,2.65,D
sz000552,甘肃能化,2025-10-20 10:19:45,2.64,21500,2.64,D
sz000552,甘肃能化,2025-10-20 10:20:03,2.64,137600,2.64,D
sz000552,甘肃能化,2025-10-20 10:20:09,2.64,26700,2.63,U
sz000552,甘肃能化,2025-10-20 10:20:36,2.64,38300,2.64,U
sz000552,甘肃能化,2025-10-20 10:20:39,2.64,58300,2.64,D
sz000552,甘肃能化,2025-10-20 10:20:42,2.64,151600,2.64,D
sz000552,甘肃能化,2025-10-20 10:21:00,2.64,22100,2.64,U
sz000552,甘肃能化,2025-10-20 10:21:03,2.64,21500,2.64,U
sz000552,甘肃能化,2025-10-20 10:25:54,2.64,36500,2.63,U
sz000552,甘肃能化,2025-10-20 10:26:39,2.64,185400,2.64,U
sz000552,甘肃能化,2025-10-20 10:26:48,2.63,20100,2.63,D
sz000552,甘肃能化,2025-10-20 10:27:03,2.64,39700,2.64,U
sz000552,甘肃能化,2025-10-20 10:27:18,2.64,30500,2.64,U
sz000552,甘肃能化,2025-10-20 10:27:30,2.64,38700,2.64,U
sz000552,甘肃能化,2025-10-20 10:28:21,2.64,218000,2.64,U
sz000552,甘肃能化,2025-10-20 10:29:03,2.64,21500,2.64,U
sz000552,甘肃能化,2025-10-20 10:29:09,2.64,489400,2.64,U
sz000552,甘肃能化,2025-10-20 10:30:24,2.65,21500,2.65,U
sz000552,甘肃能化,2025-10-20 10:30:54,2.65,24000,2.65,U
sz000552,甘肃能化,2025-10-20 10:31:03,2.65,58200,2.65,U
sz000552,甘肃能化,2025-10-20 10:32:18,2.65,37900,2.65,U
sz000552,甘肃能化,2025-10-20 10:33:03,2.65,25300,2.65,U
sz000552,甘肃能化,2025-10-20 10:33:09,2.65,57600,2.65,U
sz000552,甘肃能化,2025-10-20 10:33:24,2.65,52100,2.65,U
sz000552,甘肃能化,2025-10-20 10:33:27,2.65,1894500,2.65,U
sz000552,甘肃能化,2025-10-20 10:33:30,2.66,127500,2.65,U
sz000552,甘肃能化,2025-10-20 10:33:45,2.65,54200,2.66,D
sz000552,甘肃能化,2025-10-20 10:34:03,2.66,20700,2.66,U
sz000552,甘肃能化,2025-10-20 10:34:57,2.66,51000,2.65,U
sz000552,甘肃能化,2025-10-20 10:35:15,2.66,20000,2.66,U
sz000552,甘肃能化,2025-10-20 10:35:57,2.66,38500,2.66,U
sz000552,甘肃能化,2025-10-20 10:36:00,2.66,24400,2.66,U
sz000552,甘肃能化,2025-10-20 10:36:09,2.65,30800,2.66,D
sz000552,甘肃能化,2025-10-20 10:36:15,2.65,42700,2.66,D
sz000552,甘肃能化,2025-10-20 10:36:21,2.66,31700,2.65,U
sz000552,甘肃能化,2025-10-20 10:36:33,2.65,45800,2.65,D
sz000552,甘肃能化,2025-10-20 10:36:39,2.66,133600,2.65,U
sz000552,甘肃能化,2025-10-20 10:36:51,2.66,27000,2.65,U
sz000552,甘肃能化,2025-10-20 10:37:15,2.66,50100,2.66,U
sz000552,甘肃能化,2025-10-20 10:37:24,2.66,40000,2.66,U
sz000552,甘肃能化,2025-10-20 10:37:36,2.66,20700,2.65,U
sz000552,甘肃能化,2025-10-20 10:37:48,2.66,36700,2.66,U
sz000552,甘肃能化,2025-10-20 10:38:06,2.66,30300,2.65,U
sz000552,甘肃能化,2025-10-20 10:39:39,2.65,72400,2.65,D
sz000552,甘肃能化,2025-10-20 10:39:42,2.65,28200,2.65,D
sz000552,甘肃能化,2025-10-20 10:39:57,2.66,20600,2.65,U
sz000552,甘肃能化,2025-10-20 10:40:06,2.65,22200,2.66,D
sz000552,甘肃能化,2025-10-20 10:40:12,2.65,57300,2.66,D
sz000552,甘肃能化,2025-10-20 10:40:18,2.65,157900,2.65,D
sz000552,甘肃能化,2025-10-20 10:40:24,2.65,1345100,2.65,D
sz000552,甘肃能化,2025-10-20 10:40:27,2.64,28400,2.65,D
sz000552,甘肃能化,2025-10-20 10:40:36,2.65,41700,2.65,U
sz000552,甘肃能化,2025-10-20 10:40:42,2.65,156600,2.64,U
sz000552,甘肃能化,2025-10-20 10:41:33,2.65,23400,2.64,U
sz000552,甘肃能化,2025-10-20 10:42:24,2.65,121000,2.64,U
sz000552,甘肃能化,2025-10-20 10:43:09,2.64,22400,2.65,D
sz000552,甘肃能化,2025-10-20 10:44:36,2.64,48000,2.64,D
sz000552,甘肃能化,2025-10-20 10:44:45,2.64,41200,2.64,D
sz000552,甘肃能化,2025-10-20 10:45:15,2.65,435500,2.64,U
sz000552,甘肃能化,2025-10-20 10:45:18,2.65,24700,2.65,U
sz000552,甘肃能化,2025-10-20 10:45:21,2.64,29500,2.65,D
sz000552,甘肃能化,2025-10-20 10:45:24,2.65,161100,2.64,U
sz000552,甘肃能化,2025-10-20 10:45:33,2.65,117200,2.65,U
sz000552,甘肃能化,2025-10-20 10:45:48,2.65,350500,2.65,U
sz000552,甘肃能化,2025-10-20 10:46:03,2.65,73900,2.65,U
sz000552,甘肃能化,2025-10-20 10:46:09,2.65,46100,2.65,U
sz000552,甘肃能化,2025-10-20 10:46:12,2.65,23700,2.65,U
sz000552,甘肃能化,2025-10-20 10:46:15,2.65,36100,2.65,U
sz000552,甘肃能化,2025-10-20 10:46:18,2.65,47500,2.65,U
sz000552,甘肃能化,2025-10-20 10:46:21,2.65,203200,2.65,U
sz000552,甘肃能化,2025-10-20 10:46:24,2.65,238600,2.65,U
sz000552,甘肃能化,2025-10-20 10:46:27,2.65,115600,2.65,D
sz000552,甘肃能化,2025-10-20 10:47:24,2.65,50000,2.65,D
sz000552,甘肃能化,2025-10-20 10:47:54,2.66,58500,2.65,U
sz000552,甘肃能化,2025-10-20 10:48:00,2.66,43200,2.66,U
sz000552,甘肃能化,2025-10-20 10:48:03,2.66,21400,2.66,U
sz000552,甘肃能化,2025-10-20 10:48:06,2.66,51500,2.66,U
sz000552,甘肃能化,2025-10-20 10:48:12,2.65,1068200,2.66,D
sz000552,甘肃能化,2025-10-20 10:48:15,2.66,58400,2.65,U
sz000552,甘肃能化,2025-10-20 10:48:18,2.66,28900,2.66,U
sz000552,甘肃能化,2025-10-20 10:48:21,2.66,41200,2.66,U
sz000552,甘肃能化,2025-10-20 10:48:33,2.65,34000,2.65,D
sz000552,甘肃能化,2025-10-20 10:49:00,2.66,39400,2.66,U
sz000552,甘肃能化,2025-10-20 10:49:18,2.66,42200,2.66,U
sz000552,甘肃能化,2025-10-20 10:50:21,2.66,20900,2.66,U
sz000552,甘肃能化,2025-10-20 10:50:30,2.66,639600,2.65,U
sz000552,甘肃能化,2025-10-20 10:50:33,2.66,37800,2.66,U
sz000552,甘肃能化,2025-10-20 10:50:45,2.65,90500,2.66,D
sz000552,甘肃能化,2025-10-20 10:50:54,2.65,514000,2.65,D
sz000552,甘肃能化,2025-10-20 10:51:54,2.66,22000,2.65,U
sz000552,甘肃能化,2025-10-20 10:52:30,2.66,20900,2.65,U
sz000552,甘肃能化,2025-10-20 10:53:39,2.66,92700,2.66,U
sz000552,甘肃能化,2025-10-20 10:54:30,2.66,26500,2.65,U
sz000552,甘肃能化,2025-10-20 10:55:24,2.66,59900,2.65,U
sz000552,甘肃能化,2025-10-20 10:55:48,2.66,29400,2.65,U
sz000552,甘肃能化,2025-10-20 10:55:57,2.66,40000,2.66,U
sz000552,甘肃能化,2025-10-20 10:56:09,2.66,26100,2.66,U
sz000552,甘肃能化,2025-10-20 10:56:42,2.66,626500,2.66,U
sz000552,甘肃能化,2025-10-20 10:56:45,2.66,129300,2.66,U
sz000552,甘肃能化,2025-10-20 10:56:48,2.66,32200,2.66,U
sz000552,甘肃能化,2025-10-20 10:56:57,2.66,34300,2.66,U
sz000552,甘肃能化,2025-10-20 10:57:03,2.65,52500,2.66,D
sz000552,甘肃能化,2025-10-20 10:57:12,2.65,321600,2.65,D
sz000552,甘肃能化,2025-10-20 10:57:36,2.66,30300,2.66,U
sz000552,甘肃能化,2025-10-20 10:57:39,2.66,97900,2.66,U
sz000552,甘肃能化,2025-10-20 10:58:00,2.66,25100,2.65,U
sz000552,甘肃能化,2025-10-20 10:58:03,2.66,84800,2.66,U
sz000552,甘肃能化,2025-10-20 10:58:12,2.66,24300,2.66,U
sz000552,甘肃能化,2025-10-20 10:58:18,2.66,100200,2.66,U
sz000552,甘肃能化,2025-10-20 10:58:24,2.66,23200,2.65,U
sz000552,甘肃能化,2025-10-20 10:58:30,2.66,165000,2.66,U
sz000552,甘肃能化,2025-10-20 10:59:12,2.67,53300,2.67,U
sz000552,甘肃能化,2025-10-20 10:59:24,2.67,20400,2.67,U
sz000552,甘肃能化,2025-10-20 10:59:54,2.66,57400,2.67,D
sz000552,甘肃能化,2025-10-20 11:00:00,2.67,24000,2.66,U
sz000552,甘肃能化,2025-10-20 11:00:18,2.67,21500,2.67,U
sz000552,甘肃能化,2025-10-20 11:00:36,2.67,45000,2.66,U
sz000552,甘肃能化,2025-10-20 11:00:54,2.67,28000,2.67,U
sz000552,甘肃能化,2025-10-20 11:01:00,2.67,22100,2.66,U
sz000552,甘肃能化,2025-10-20 11:01:03,2.66,219300,2.67,D
sz000552,甘肃能化,2025-10-20 11:01:48,2.67,31600,2.67,U
sz000552,甘肃能化,2025-10-20 11:03:03,2.66,107200,2.66,D
sz000552,甘肃能化,2025-10-20 11:03:06,2.67,50000,2.66,U
sz000552,甘肃能化,2025-10-20 11:03:09,2.67,23200,2.67,U
sz000552,甘肃能化,2025-10-20 11:04:00,2.66,33100,2.67,D
sz000552,甘肃能化,2025-10-20 11:04:03,2.66,130400,2.66,D
sz000552,甘肃能化,2025-10-20 11:04:30,2.67,25800,2.66,U
sz000552,甘肃能化,2025-10-20 11:04:54,2.66,50000,2.67,D
sz000552,甘肃能化,2025-10-20 11:05:03,2.67,37400,2.67,U
sz000552,甘肃能化,2025-10-20 11:05:09,2.67,119000,2.66,U
sz000552,甘肃能化,2025-10-20 11:05:30,2.66,35700,2.66,D
sz000552,甘肃能化,2025-10-20 11:06:00,2.67,152000,2.67,U
sz000552,甘肃能化,2025-10-20 11:06:03,2.66,44100,2.67,D
sz000552,甘肃能化,2025-10-20 11:06:12,2.66,1320600,2.67,D
sz000552,甘肃能化,2025-10-20 11:06:15,2.67,25800,2.66,U
sz000552,甘肃能化,2025-10-20 11:06:39,2.66,34700,2.66,D
sz000552,甘肃能化,2025-10-20 11:06:42,2.66,159300,2.66,D
sz000552,甘肃能化,2025-10-20 11:06:45,2.66,219700,2.66,D
sz000552,甘肃能化,2025-10-20 11:06:48,2.66,132200,2.66,D
sz000552,甘肃能化,2025-10-20 11:06:51,2.66,577500,2.66,U
sz000552,甘肃能化,2025-10-20 11:06:54,2.66,84600,2.66,U
sz000552,甘肃能化,2025-10-20 11:06:57,2.66,89600,2.66,U
sz000552,甘肃能化,2025-10-20 11:07:00,2.66,54100,2.66,U
sz000552,甘肃能化,2025-10-20 11:07:03,2.66,37300,2.66,U
sz000552,甘肃能化,2025-10-20 11:07:06,2.66,45300,2.66,U
sz000552,甘肃能化,2025-10-20 11:07:21,2.67,28800,2.66,U
sz000552,甘肃能化,2025-10-20 11:07:24,2.66,50000,2.67,D
sz000552,甘肃能化,2025-10-20 11:07:42,2.67,58300,2.66,U
sz000552,甘肃能化,2025-10-20 11:08:09,2.66,176300,2.67,D
sz000552,甘肃能化,2025-10-20 11:08:12,2.66,21600,2.66,D
sz000552,甘肃能化,2025-10-20 11:08:18,2.66,179900,2.66,U
sz000552,甘肃能化,2025-10-20 11:08:42,2.66,33800,2.66,U
sz000552,甘肃能化,2025-10-20 11:09:18,2.66,32200,2.66,U
sz000552,甘肃能化,2025-10-20 11:09:54,2.66,131400,2.65,U
sz000552,甘肃能化,2025-10-20 11:10:09,2.66,39500,2.66,U
sz000552,甘肃能化,2025-10-20 11:10:39,2.66,33500,2.66,D
sz000552,甘肃能化,2025-10-20 11:10:51,2.66,24000,2.67,D
sz000552,甘肃能化,2025-10-20 11:10:57,2.66,69700,2.67,D
sz000552,甘肃能化,2025-10-20 11:11:06,2.66,39500,2.66,D
sz000552,甘肃能化,2025-10-20 11:11:09,2.66,44200,2.66,D
sz000552,甘肃能化,2025-10-20 11:11:12,2.67,262400,2.66,U
sz000552,甘肃能化,2025-10-20 11:12:06,2.66,20400,2.67,D
sz000552,甘肃能化,2025-10-20 11:12:09,2.66,84200,2.66,D
sz000552,甘肃能化,2025-10-20 11:12:27,2.66,123000,2.67,D
sz000552,甘肃能化,2025-10-20 11:12:42,2.66,127000,2.66,D
sz000552,甘肃能化,2025-10-20 11:13:03,2.66,21500,2.66,D
sz000552,甘肃能化,2025-10-20 11:13:06,2.67,21000,2.66,U
sz000552,甘肃能化,2025-10-20 11:13:51,2.66,23600,2.67,D
sz000552,甘肃能化,2025-10-20 11:13:57,2.66,20000,2.67,D
sz000552,甘肃能化,2025-10-20 11:14:03,2.66,111400,2.66,D
sz000552,甘肃能化,2025-10-20 11:14:15,2.66,28700,2.65,D
sz000552,甘肃能化,2025-10-20 11:14:33,2.66,30800,2.66,D
sz000552,甘肃能化,2025-10-20 11:14:39,2.66,98400,2.66,U
sz000552,甘肃能化,2025-10-20 11:15:09,2.66,56900,2.66,U
sz000552,甘肃能化,2025-10-20 11:15:48,2.66,54500,2.65,U
sz000552,甘肃能化,2025-10-20 11:16:33,2.66,65800,2.66,U
sz000552,甘肃能化,2025-10-20 11:16:39,2.66,116700,2.66,U
sz000552,甘肃能化,2025-10-20 11:17:09,2.66,155500,2.66,D
sz000552,甘肃能化,2025-10-20 11:17:12,2.66,27000,2.66,U
sz000552,甘肃能化,2025-10-20 11:17:15,2.66,30000,2.66,U
sz000552,甘肃能化,2025-10-20 11:17:45,2.66,24000,2.67,D
sz000552,甘肃能化,2025-10-20 11:17:54,2.67,31700,2.66,U
sz000552,甘肃能化,2025-10-20 11:18:06,2.66,24700,2.66,D
sz000552,甘肃能化,2025-10-20 11:19:24,2.67,45200,2.67,U
sz000552,甘肃能化,2025-10-20 11:19:30,2.67,41800,2.67,U
sz000552,甘肃能化,2025-10-20 11:19:36,2.67,48500,2.67,U
sz000552,甘肃能化,2025-10-20 11:19:39,2.67,45700,2.67,U
sz000552,甘肃能化,2025-10-20 11:20:03,2.66,76000,2.67,D
sz000552,甘肃能化,2025-10-20 11:20:09,2.66,41800,2.66,D
sz000552,甘肃能化,2025-10-20 11:20:18,2.66,208500,2.66,D
sz000552,甘肃能化,2025-10-20 11:23:18,2.65,449600,2.66,D
sz000552,甘肃能化,2025-10-20 11:23:39,2.66,97500,2.66,U
sz000552,甘肃能化,2025-10-20 11:23:45,2.66,20000,2.66,U
sz000552,甘肃能化,2025-10-20 11:24:06,2.65,27600,2.66,D
sz000552,甘肃能化,2025-10-20 11:24:12,2.66,26700,2.65,U
sz000552,甘肃能化,2025-10-20 11:24:24,2.66,31600,2.66,U
sz000552,甘肃能化,2025-10-20 11:24:27,2.66,90300,2.66,U
sz000552,甘肃能化,2025-10-20 11:24:36,2.66,35400,2.66,U
sz000552,甘肃能化,2025-10-20 11:24:45,2.66,25600,2.65,U
sz000552,甘肃能化,2025-10-20 11:24:48,2.66,43500,2.66,U
sz000552,甘肃能化,2025-10-20 11:24:51,2.65,21100,2.66,D
sz000552,甘肃能化,2025-10-20 11:25:06,2.66,34500,2.66,U
sz000552,甘肃能化,2025-10-20 11:25:09,2.66,39300,2.66,U
sz000552,甘肃能化,2025-10-20 11:25:12,2.65,53900,2.66,D
sz000552,甘肃能化,2025-10-20 11:25:15,2.66,31000,2.65,U
sz000552,甘肃能化,2025-10-20 11:25:54,2.66,29100,2.67,D
sz000552,甘肃能化,2025-10-20 11:26:12,2.66,166200,2.67,D
sz000552,甘肃能化,2025-10-20 11:28:18,2.66,319800,2.67,D
sz000552,甘肃能化,2025-10-20 11:28:42,2.67,23500,2.66,U
sz000552,甘肃能化,2025-10-20 11:29:24,2.67,39800,2.67,U
sz000552,甘肃能化,2025-10-20 11:29:27,2.67,205200,2.67,U
sz000552,甘肃能化,2025-10-20 11:29:30,2.67,63000,2.67,U
sz000552,甘肃能化,2025-10-20 11:29:48,2.67,25800,2.66,U
sz000552,甘肃能化,2025-10-20 13:00:00,2.67,62100,2.67,U
sz000552,甘肃能化,2025-10-20 13:00:03,2.67,846700,2.67,U
sz000552,甘肃能化,2025-10-20 13:00:06,2.67,189500,2.67,U
sz000552,甘肃能化,2025-10-20 13:00:09,2.67,37000,2.67,U
sz000552,甘肃能化,2025-10-20 13:01:30,2.67,52900,2.67,U
sz000552,甘肃能化,2025-10-20 13:01:45,2.66,31800,2.67,D
sz000552,甘肃能化,2025-10-20 13:02:03,2.66,2390300,2.66,D
sz000552,甘肃能化,2025-10-20 13:02:06,2.65,21400,2.66,D
sz000552,甘肃能化,2025-10-20 13:02:45,2.66,21800,2.66,U
sz000552,甘肃能化,2025-10-20 13:03:03,2.66,198600,2.66,U
sz000552,甘肃能化,2025-10-20 13:04:27,2.66,43900,2.65,U
sz000552,甘肃能化,2025-10-20 13:04:30,2.66,25100,2.66,U
sz000552,甘肃能化,2025-10-20 13:04:33,2.66,22700,2.66,D
sz000552,甘肃能化,2025-10-20 13:05:09,2.66,221300,2.66,D
sz000552,甘肃能化,2025-10-20 13:05:12,2.66,21800,2.66,U
sz000552,甘肃能化,2025-10-20 13:05:48,2.67,36800,2.66,U
sz000552,甘肃能化,2025-10-20 13:06:21,2.66,301000,2.66,D
sz000552,甘肃能化,2025-10-20 13:08:03,2.66,188500,2.67,D
sz000552,甘肃能化,2025-10-20 13:10:42,2.67,40100,2.66,U
sz000552,甘肃能化,2025-10-20 13:11:03,2.66,40500,2.66,D
sz000552,甘肃能化,2025-10-20 13:11:21,2.67,120000,2.66,U
sz000552,甘肃能化,2025-10-20 13:11:57,2.66,30000,2.67,D
sz000552,甘肃能化,2025-10-20 13:12:00,2.66,50100,2.66,D
sz000552,甘肃能化,2025-10-20 13:13:03,2.66,62700,2.67,D
sz000552,甘肃能化,2025-10-20 13:13:39,2.66,239600,2.66,D
sz000552,甘肃能化,2025-10-20 13:13:42,2.66,114200,2.66,U
sz000552,甘肃能化,2025-10-20 13:14:09,2.66,24000,2.66,U
sz000552,甘肃能化,2025-10-20 13:14:51,2.66,25400,2.66,D
sz000552,甘肃能化,2025-10-20 13:15:00,2.66,32500,2.66,D
sz000552,甘肃能化,2025-10-20 13:15:06,2.66,24000,2.66,D
sz000552,甘肃能化,2025-10-20 13:15:09,2.66,22100,2.66,D
sz000552,甘肃能化,2025-10-20 13:16:21,2.66,64600,2.67,D
sz000552,甘肃能化,2025-10-20 13:16:42,2.66,69800,2.66,D
sz000552,甘肃能化,2025-10-20 13:16:51,2.67,34400,2.66,U
sz000552,甘肃能化,2025-10-20 13:16:54,2.66,21000,2.67,D
sz000552,甘肃能化,2025-10-20 13:17:03,2.66,36200,2.66,D
sz000552,甘肃能化,2025-10-20 13:17:15,2.66,44100,2.66,D
sz000552,甘肃能化,2025-10-20 13:17:36,2.65,41300,2.66,D
sz000552,甘肃能化,2025-10-20 13:17:54,2.66,20100,2.67,D
sz000552,甘肃能化,2025-10-20 13:17:57,2.66,31000,2.66,U
sz000552,甘肃能化,2025-10-20 13:19:06,2.66,21400,2.65,U
sz000552,甘肃能化,2025-10-20 13:19:57,2.66,53900,2.66,U
sz000552,甘肃能化,2025-10-20 13:20:09,2.66,31400,2.65,U
sz000552,甘肃能化,2025-10-20 13:20:15,2.65,104200,2.66,D
sz000552,甘肃能化,2025-10-20 13:20:18,2.65,23800,2.65,D
sz000552,甘肃能化,2025-10-20 13:20:30,2.65,120100,2.66,D
sz000552,甘肃能化,2025-10-20 13:20:33,2.66,312000,2.65,U
sz000552,甘肃能化,2025-10-20 13:20:36,2.66,74900,2.66,D
sz000552,甘肃能化,2025-10-20 13:21:00,2.66,62700,2.66,U
sz000552,甘肃能化,2025-10-20 13:21:03,2.66,73800,2.66,U
sz000552,甘肃能化,2025-10-20 13:21:09,2.66,114500,2.67,D
sz000552,甘肃能化,2025-10-20 13:21:12,2.66,144800,2.66,D
sz000552,甘肃能化,2025-10-20 13:21:45,2.66,155200,2.66,D
sz000552,甘肃能化,2025-10-20 13:21:48,2.67,40700,2.66,U
sz000552,甘肃能化,2025-10-20 13:22:18,2.67,52900,2.66,U
sz000552,甘肃能化,2025-10-20 13:22:21,2.67,26800,2.67,U
sz000552,甘肃能化,2025-10-20 13:23:00,2.67,40000,2.67,U
sz000552,甘肃能化,2025-10-20 13:23:15,2.66,71300,2.67,D
sz000552,甘肃能化,2025-10-20 13:23:54,2.67,21300,2.66,U
sz000552,甘肃能化,2025-10-20 13:24:15,2.66,20000,2.66,D
sz000552,甘肃能化,2025-10-20 13:24:30,2.66,31700,2.66,D
sz000552,甘肃能化,2025-10-20 13:25:15,2.66,26400,2.67,D
sz000552,甘肃能化,2025-10-20 13:26:18,2.67,100000,2.67,U
sz000552,甘肃能化,2025-10-20 13:26:45,2.66,30200,2.66,D
sz000552,甘肃能化,2025-10-20 13:27:03,2.66,20300,2.66,D
sz000552,甘肃能化,2025-10-20 13:27:06,2.66,34900,2.66,D
sz000552,甘肃能化,2025-10-20 13:27:12,2.66,42400,2.66,D
sz000552,甘肃能化,2025-10-20 13:28:27,2.66,20400,2.67,D
sz000552,甘肃能化,2025-10-20 13:28:39,2.66,23700,2.66,D
sz000552,甘肃能化,2025-10-20 13:30:03,2.66,39900,2.67,D
sz000552,甘肃能化,2025-10-20 13:31:51,2.67,22600,2.66,U
sz000552,甘肃能化,2025-10-20 13:32:21,2.67,235100,2.66,U
sz000552,甘肃能化,2025-10-20 13:33:00,2.66,206200,2.66,D
sz000552,甘肃能化,2025-10-20 13:33:12,2.66,152500,2.67,D
sz000552,甘肃能化,2025-10-20 13:33:27,2.66,22700,2.66,D
sz000552,甘肃能化,2025-10-20 13:33:45,2.67,20000,2.67,U
sz000552,甘肃能化,2025-10-20 13:33:48,2.66,51700,2.67,D
sz000552,甘肃能化,2025-10-20 13:34:06,2.67,22900,2.66,U
sz000552,甘肃能化,2025-10-20 13:34:30,2.66,76100,2.66,D
sz000552,甘肃能化,2025-10-20 13:34:33,2.66,21800,2.66,D
sz000552,甘肃能化,2025-10-20 13:35:12,2.66,35300,2.67,D
sz000552,甘肃能化,2025-10-20 13:36:51,2.66,20300,2.67,D
sz000552,甘肃能化,2025-10-20 13:37:06,2.66,52000,2.66,D
sz000552,甘肃能化,2025-10-20 13:39:03,2.67,25800,2.66,U
sz000552,甘肃能化,2025-10-20 13:39:12,2.67,34800,2.66,U
sz000552,甘肃能化,2025-10-20 13:39:33,2.66,26600,2.67,D
sz000552,甘肃能化,2025-10-20 13:40:09,2.66,24200,2.67,D
sz000552,甘肃能化,2025-10-20 13:40:36,2.66,20100,2.67,D
sz000552,甘肃能化,2025-10-20 13:41:06,2.67,21800,2.66,U
sz000552,甘肃能化,2025-10-20 13:41:12,2.67,143900,2.66,U
sz000552,甘肃能化,2025-10-20 13:42:03,2.66,23200,2.67,D
sz000552,甘肃能化,2025-10-20 13:42:18,2.67,20000,2.67,U
sz000552,甘肃能化,2025-10-20 13:42:27,2.66,45200,2.66,D
sz000552,甘肃能化,2025-10-20 13:42:51,2.66,35300,2.67,D
sz000552,甘肃能化,2025-10-20 13:44:21,2.67,26200,2.67,U
sz000552,甘肃能化,2025-10-20 13:44:33,2.66,60300,2.67,D
sz000552,甘肃能化,2025-10-20 13:44:54,2.66,60400,2.67,D
sz000552,甘肃能化,2025-10-20 13:45:48,2.66,33200,2.66,D
sz000552,甘肃能化,2025-10-20 13:45:54,2.66,25300,2.66,D
sz000552,甘肃能化,2025-10-20 13:46:03,2.66,65500,2.66,D
sz000552,甘肃能化,2025-10-20 13:46:06,2.67,48600,2.66,U
sz000552,甘肃能化,2025-10-20 13:46:18,2.66,50000,2.66,D
sz000552,甘肃能化,2025-10-20 13:49:09,2.67,38800,2.66,U
sz000552,甘肃能化,2025-10-20 13:49:15,2.66,42400,2.67,D
sz000552,甘肃能化,2025-10-20 13:49:18,2.67,24100,2.66,U
sz000552,甘肃能化,2025-10-20 13:49:27,2.66,56000,2.67,D
sz000552,甘肃能化,2025-10-20 13:49:33,2.67,32000,2.67,U
sz000552,甘肃能化,2025-10-20 13:49:36,2.67,627700,2.67,U
sz000552,甘肃能化,2025-10-20 13:49:39,2.67,326100,2.67,U
sz000552,甘肃能化,2025-10-20 13:49:42,2.67,227300,2.67,U
sz000552,甘肃能化,2025-10-20 13:49:45,2.67,57900,2.67,U
sz000552,甘肃能化,2025-10-20 13:49:48,2.67,53100,2.67,U
sz000552,甘肃能化,2025-10-20 13:50:03,2.66,37400,2.67,D
sz000552,甘肃能化,2025-10-20 13:50:06,2.67,147000,2.66,U
sz000552,甘肃能化,2025-10-20 13:50:09,2.67,40700,2.67,U
sz000552,甘肃能化,2025-10-20 13:50:12,2.67,265700,2.67,U
sz000552,甘肃能化,2025-10-20 13:50:15,2.67,132000,2.67,U
sz000552,甘肃能化,2025-10-20 13:50:18,2.67,21200,2.67,U
sz000552,甘肃能化,2025-10-20 13:50:24,2.66,71800,2.67,D
sz000552,甘肃能化,2025-10-20 13:50:30,2.67,33000,2.67,U
sz000552,甘肃能化,2025-10-20 13:50:33,2.67,31600,2.67,U
sz000552,甘肃能化,2025-10-20 13:50:57,2.67,58200,2.67,U
sz000552,甘肃能化,2025-10-20 13:51:03,2.66,59800,2.67,D
sz000552,甘肃能化,2025-10-20 13:51:12,2.67,75500,2.67,U
sz000552,甘肃能化,2025-10-20 13:51:27,2.68,34700,2.67,U
sz000552,甘肃能化,2025-10-20 13:51:57,2.67,32800,2.67,D
sz000552,甘肃能化,2025-10-20 13:52:15,2.68,25700,2.68,U
sz000552,甘肃能化,2025-10-20 13:52:33,2.68,42400,2.67,U
sz000552,甘肃能化,2025-10-20 13:52:42,2.67,20400,2.68,D
sz000552,甘肃能化,2025-10-20 13:53:03,2.68,111400,2.68,U
sz000552,甘肃能化,2025-10-20 13:53:15,2.68,20000,2.68,U
sz000552,甘肃能化,2025-10-20 13:53:21,2.68,29600,2.68,U
sz000552,甘肃能化,2025-10-20 13:54:27,2.67,20500,2.67,D
sz000552,甘肃能化,2025-10-20 13:55:03,2.67,31000,2.68,D
sz000552,甘肃能化,2025-10-20 13:55:18,2.68,56200,2.67,U
sz000552,甘肃能化,2025-10-20 13:55:33,2.68,20300,2.68,U
sz000552,甘肃能化,2025-10-20 13:55:39,2.67,41200,2.68,D
sz000552,甘肃能化,2025-10-20 13:56:00,2.68,31000,2.68,U
sz000552,甘肃能化,2025-10-20 13:56:03,2.67,29400,2.68,D
sz000552,甘肃能化,2025-10-20 13:56:15,2.68,284700,2.68,U
sz000552,甘肃能化,2025-10-20 13:56:21,2.68,24700,2.68,U
sz000552,甘肃能化,2025-10-20 13:56:27,2.67,29000,2.68,D
sz000552,甘肃能化,2025-10-20 13:56:30,2.68,42500,2.67,U
sz000552,甘肃能化,2025-10-20 13:56:45,2.68,42900,2.68,U
sz000552,甘肃能化,2025-10-20 13:56:57,2.67,89500,2.68,D
sz000552,甘肃能化,2025-10-20 13:57:03,2.67,62600,2.68,D
sz000552,甘肃能化,2025-10-20 13:57:12,2.67,20000,2.68,D
sz000552,甘肃能化,2025-10-20 13:57:39,2.67,127000,2.68,D
sz000552,甘肃能化,2025-10-20 13:58:03,2.67,34700,2.67,D
sz000552,甘肃能化,2025-10-20 13:58:06,2.67,25500,2.67,D
sz000552,甘肃能化,2025-10-20 13:58:12,2.68,36400,2.68,U
sz000552,甘肃能化,2025-10-20 13:58:33,2.67,1907100,2.67,D
sz000552,甘肃能化,2025-10-20 13:58:36,2.67,170400,2.67,D
sz000552,甘肃能化,2025-10-20 13:58:45,2.67,20300,2.66,U
sz000552,甘肃能化,2025-10-20 13:58:51,2.67,45100,2.66,U
sz000552,甘肃能化,2025-10-20 13:59:00,2.67,61200,2.66,U
sz000552,甘肃能化,2025-10-20 13:59:03,2.66,21100,2.67,D
sz000552,甘肃能化,2025-10-20 13:59:06,2.67,55900,2.66,U
sz000552,甘肃能化,2025-10-20 13:59:12,2.67,36400,2.67,U
sz000552,甘肃能化,2025-10-20 13:59:15,2.66,41700,2.67,D
sz000552,甘肃能化,2025-10-20 13:59:42,2.67,54200,2.67,U
sz000552,甘肃能化,2025-10-20 13:59:45,2.67,35500,2.67,U
sz000552,甘肃能化,2025-10-20 13:59:51,2.66,40000,2.66,D
sz000552,甘肃能化,2025-10-20 13:59:54,2.67,32200,2.66,U
sz000552,甘肃能化,2025-10-20 14:00:03,2.66,57800,2.67,D
sz000552,甘肃能化,2025-10-20 14:00:06,2.66,82500,2.66,D
sz000552,甘肃能化,2025-10-20 14:00:12,2.67,23000,2.66,U
sz000552,甘肃能化,2025-10-20 14:00:15,2.66,31000,2.67,D
sz000552,甘肃能化,2025-10-20 14:00:18,2.67,717300,2.66,U
sz000552,甘肃能化,2025-10-20 14:00:21,2.67,51900,2.67,U
sz000552,甘肃能化,2025-10-20 14:00:24,2.67,118500,2.67,U
sz000552,甘肃能化,2025-10-20 14:00:30,2.68,143600,2.67,U
sz000552,甘肃能化,2025-10-20 14:00:33,2.67,53600,2.68,D
sz000552,甘肃能化,2025-10-20 14:00:54,2.67,118500,2.67,D
sz000552,甘肃能化,2025-10-20 14:01:03,2.67,505000,2.67,D
sz000552,甘肃能化,2025-10-20 14:01:06,2.67,36600,2.67,U
sz000552,甘肃能化,2025-10-20 14:01:12,2.67,24900,2.67,U
sz000552,甘肃能化,2025-10-20 14:01:54,2.66,35300,2.66,D
sz000552,甘肃能化,2025-10-20 14:03:00,2.67,80100,2.67,U
sz000552,甘肃能化,2025-10-20 14:03:27,2.67,156800,2.67,U
sz000552,甘肃能化,2025-10-20 14:03:30,2.67,135000,2.67,U
sz000552,甘肃能化,2025-10-20 14:03:39,2.67,29300,2.67,U
sz000552,甘肃能化,2025-10-20 14:03:48,2.67,74600,2.67,U
sz000552,甘肃能化,2025-10-20 14:03:54,2.67,99300,2.66,U
sz000552,甘肃能化,2025-10-20 14:03:57,2.67,190100,2.67,U
sz000552,甘肃能化,2025-10-20 14:04:00,2.67,36600,2.67,D
sz000552,甘肃能化,2025-10-20 14:04:03,2.67,56600,2.67,D
sz000552,甘肃能化,2025-10-20 14:04:12,2.67,99501,2.67,D
sz000552,甘肃能化,2025-10-20 14:04:18,2.67,83300,2.67,U
sz000552,甘肃能化,2025-10-20 14:04:33,2.67,151600,2.67,U
sz000552,甘肃能化,2025-10-20 14:04:51,2.67,52300,2.67,U
sz000552,甘肃能化,2025-10-20 14:05:06,2.67,29900,2.66,U
sz000552,甘肃能化,2025-10-20 14:05:18,2.67,37400,2.67,U
sz000552,甘肃能化,2025-10-20 14:05:27,2.67,99400,2.67,U
sz000552,甘肃能化,2025-10-20 14:05:51,2.67,24100,2.67,U
sz000552,甘肃能化,2025-10-20 14:05:54,2.67,33400,2.67,U
sz000552,甘肃能化,2025-10-20 14:06:03,2.67,32800,2.67,D
sz000552,甘肃能化,2025-10-20 14:06:24,2.67,138600,2.67,D
sz000552,甘肃能化,2025-10-20 14:07:24,2.67,31700,2.67,U
sz000552,甘肃能化,2025-10-20 14:07:57,2.67,72800,2.67,U
sz000552,甘肃能化,2025-10-20 14:08:06,2.67,24600,2.66,U
sz000552,甘肃能化,2025-10-20 14:08:15,2.67,21000,2.67,U
sz000552,甘肃能化,2025-10-20 14:08:30,2.67,64600,2.67,U
sz000552,甘肃能化,2025-10-20 14:09:21,2.67,30300,2.67,U
sz000552,甘肃能化,2025-10-20 14:10:42,2.66,202700,2.67,D
sz000552,甘肃能化,2025-10-20 14:10:45,2.67,27800,2.66,U
sz000552,甘肃能化,2025-10-20 14:10:48,2.67,32400,2.67,U
sz000552,甘肃能化,2025-10-20 14:11:03,2.66,30500,2.67,D
sz000552,甘肃能化,2025-10-20 14:12:24,2.67,50100,2.66,U
sz000552,甘肃能化,2025-10-20 14:12:36,2.67,21600,2.66,U
sz000552,甘肃能化,2025-10-20 14:12:39,2.66,58800,2.67,D
sz000552,甘肃能化,2025-10-20 14:13:18,2.66,25700,2.67,D
sz000552,甘肃能化,2025-10-20 14:14:27,2.67,52400,2.66,U
sz000552,甘肃能化,2025-10-20 14:14:30,2.66,83100,2.67,D
sz000552,甘肃能化,2025-10-20 14:14:33,2.66,27000,2.66,D
sz000552,甘肃能化,2025-10-20 14:14:57,2.67,77600,2.67,U
sz000552,甘肃能化,2025-10-20 14:15:03,2.66,66500,2.66,D
sz000552,甘肃能化,2025-10-20 14:15:12,2.66,21700,2.67,D
sz000552,甘肃能化,2025-10-20 14:15:51,2.67,153500,2.66,U
sz000552,甘肃能化,2025-10-20 14:16:03,2.66,23200,2.67,D
sz000552,甘肃能化,2025-10-20 14:16:06,2.66,29700,2.66,D
sz000552,甘肃能化,2025-10-20 14:17:03,2.66,20500,2.67,D
sz000552,甘肃能化,2025-10-20 14:17:06,2.67,53900,2.66,U
sz000552,甘肃能化,2025-10-20 14:17:09,2.67,55400,2.67,U
sz000552,甘肃能化,2025-10-20 14:17:39,2.67,47000,2.66,U
sz000552,甘肃能化,2025-10-20 14:18:03,2.66,26600,2.67,D
sz000552,甘肃能化,2025-10-20 14:18:12,2.67,59500,2.66,U
sz000552,甘肃能化,2025-10-20 14:18:21,2.66,24700,2.67,D
sz000552,甘肃能化,2025-10-20 14:18:57,2.66,47900,2.67,D
sz000552,甘肃能化,2025-10-20 14:19:51,2.66,20100,2.66,D
sz000552,甘肃能化,2025-10-20 14:20:03,2.66,46000,2.67,D
sz000552,甘肃能化,2025-10-20 14:21:03,2.66,23800,2.67,D
sz000552,甘肃能化,2025-10-20 14:21:12,2.67,31800,2.67,U
sz000552,甘肃能化,2025-10-20 14:21:48,2.66,43500,2.67,D
sz000552,甘肃能化,2025-10-20 14:21:54,2.66,76400,2.66,D
sz000552,甘肃能化,2025-10-20 14:21:57,2.67,131700,2.66,U
sz000552,甘肃能化,2025-10-20 14:22:03,2.66,37700,2.67,D
sz000552,甘肃能化,2025-10-20 14:22:30,2.67,113300,2.67,U
sz000552,甘肃能化,2025-10-20 14:22:36,2.66,47200,2.67,D
sz000552,甘肃能化,2025-10-20 14:23:33,2.67,107400,2.67,U
sz000552,甘肃能化,2025-10-20 14:23:42,2.67,79500,2.67,U
sz000552,甘肃能化,2025-10-20 14:23:45,2.67,59500,2.67,U
sz000552,甘肃能化,2025-10-20 14:24:03,2.66,29400,2.67,D
sz000552,甘肃能化,2025-10-20 14:24:15,2.66,282400,2.67,D
sz000552,甘肃能化,2025-10-20 14:24:33,2.66,51200,2.66,D
sz000552,甘肃能化,2025-10-20 14:24:54,2.67,67900,2.67,U
sz000552,甘肃能化,2025-10-20 14:25:03,2.66,33300,2.67,D
sz000552,甘肃能化,2025-10-20 14:25:06,2.66,21200,2.66,D
sz000552,甘肃能化,2025-10-20 14:25:24,2.67,333800,2.67,U
sz000552,甘肃能化,2025-10-20 14:25:36,2.67,111100,2.67,U
sz000552,甘肃能化,2025-10-20 14:25:39,2.67,32400,2.67,U
sz000552,甘肃能化,2025-10-20 14:25:42,2.67,419900,2.67,U
sz000552,甘肃能化,2025-10-20 14:25:45,2.66,46500,2.67,D
sz000552,甘肃能化,2025-10-20 14:25:48,2.67,221800,2.66,U
sz000552,甘肃能化,2025-10-20 14:25:51,2.67,45000,2.67,U
sz000552,甘肃能化,2025-10-20 14:25:54,2.67,21800,2.67,U
sz000552,甘肃能化,2025-10-20 14:25:57,2.67,70800,2.67,D
sz000552,甘肃能化,2025-10-20 14:26:03,2.66,130300,2.67,D
sz000552,甘肃能化,2025-10-20 14:26:06,2.67,110600,2.66,U
sz000552,甘肃能化,2025-10-20 14:26:09,2.67,38500,2.67,D
sz000552,甘肃能化,2025-10-20 14:26:48,2.67,99900,2.67,U
sz000552,甘肃能化,2025-10-20 14:27:18,2.66,44100,2.67,D
sz000552,甘肃能化,2025-10-20 14:27:36,2.66,54000,2.67,D
sz000552,甘肃能化,2025-10-20 14:27:45,2.67,30500,2.67,U
sz000552,甘肃能化,2025-10-20 14:27:57,2.67,80700,2.67,U
sz000552,甘肃能化,2025-10-20 14:28:06,2.67,48300,2.66,U
sz000552,甘肃能化,2025-10-20 14:28:18,2.67,124700,2.67,U
sz000552,甘肃能化,2025-10-20 14:28:24,2.67,27900,2.67,U
sz000552,甘肃能化,2025-10-20 14:28:33,2.67,24100,2.67,U
sz000552,甘肃能化,2025-10-20 14:28:36,2.67,207000,2.67,U
sz000552,甘肃能化,2025-10-20 14:28:42,2.67,30100,2.67,U
sz000552,甘肃能化,2025-10-20 14:28:48,2.66,187000,2.67,D
sz000552,甘肃能化,2025-10-20 14:29:03,2.66,55800,2.67,D
sz000552,甘肃能化,2025-10-20 14:29:18,2.67,220000,2.67,U
sz000552,甘肃能化,2025-10-20 14:29:27,2.66,76100,2.66,D
sz000552,甘肃能化,2025-10-20 14:29:57,2.67,24500,2.67,U
sz000552,甘肃能化,2025-10-20 14:30:06,2.67,48600,2.66,U
sz000552,甘肃能化,2025-10-20 14:30:42,2.67,22800,2.67,U
sz000552,甘肃能化,2025-10-20 14:30:45,2.67,67500,2.67,U
sz000552,甘肃能化,2025-10-20 14:31:03,2.66,38400,2.67,D
sz000552,甘肃能化,2025-10-20 14:31:06,2.67,37300,2.66,U
sz000552,甘肃能化,2025-10-20 14:31:18,2.67,43100,2.67,U
sz000552,甘肃能化,2025-10-20 14:31:21,2.67,22400,2.67,U
sz000552,甘肃能化,2025-10-20 14:31:27,2.66,27100,2.67,D
sz000552,甘肃能化,2025-10-20 14:31:36,2.67,24000,2.67,U
sz000552,甘肃能化,2025-10-20 14:31:42,2.66,23400,2.67,D
sz000552,甘肃能化,2025-10-20 14:31:51,2.67,42000,2.67,U
sz000552,甘肃能化,2025-10-20 14:32:03,2.66,23100,2.67,D
sz000552,甘肃能化,2025-10-20 14:32:33,2.67,24400,2.66,U
sz000552,甘肃能化,2025-10-20 14:32:36,2.67,33900,2.67,U
sz000552,甘肃能化,2025-10-20 14:32:39,2.67,82700,2.67,U
sz000552,甘肃能化,2025-10-20 14:33:03,2.66,56500,2.67,D
sz000552,甘肃能化,2025-10-20 14:33:21,2.67,40500,2.67,U
sz000552,甘肃能化,2025-10-20 14:33:24,2.67,25200,2.67,U
sz000552,甘肃能化,2025-10-20 14:33:27,2.67,62000,2.67,U
sz000552,甘肃能化,2025-10-20 14:34:06,2.67,46100,2.66,U
sz000552,甘肃能化,2025-10-20 14:34:12,2.66,111900,2.67,D
sz000552,甘肃能化,2025-10-20 14:34:36,2.66,46000,2.67,D
sz000552,甘肃能化,2025-10-20 14:34:48,2.66,48600,2.67,D
sz000552,甘肃能化,2025-10-20 14:35:06,2.67,37400,2.66,U
sz000552,甘肃能化,2025-10-20 14:35:15,2.66,167300,2.66,D
sz000552,甘肃能化,2025-10-20 14:35:27,2.67,50100,2.67,U
sz000552,甘肃能化,2025-10-20 14:35:51,2.67,75100,2.67,U
sz000552,甘肃能化,2025-10-20 14:36:03,2.66,34400,2.67,D
sz000552,甘肃能化,2025-10-20 14:36:09,2.67,45600,2.66,U
sz000552,甘肃能化,2025-10-20 14:36:36,2.67,279900,2.67,U
sz000552,甘肃能化,2025-10-20 14:36:45,2.67,44100,2.67,U
sz000552,甘肃能化,2025-10-20 14:36:51,2.67,27500,2.67,U
sz000552,甘肃能化,2025-10-20 14:36:54,2.67,20500,2.67,U
sz000552,甘肃能化,2025-10-20 14:37:03,2.66,26900,2.66,D
sz000552,甘肃能化,2025-10-20 14:37:30,2.67,20400,2.67,U
sz000552,甘肃能化,2025-10-20 14:38:21,2.67,22500,2.67,U
sz000552,甘肃能化,2025-10-20 14:38:24,2.67,51200,2.67,U
sz000552,甘肃能化,2025-10-20 14:38:48,2.67,26600,2.67,U
sz000552,甘肃能化,2025-10-20 14:39:09,2.67,31600,2.67,U
sz000552,甘肃能化,2025-10-20 14:39:33,2.67,31300,2.67,U
sz000552,甘肃能化,2025-10-20 14:39:54,2.67,29600,2.67,U
sz000552,甘肃能化,2025-10-20 14:40:00,2.67,211400,2.67,U
sz000552,甘肃能化,2025-10-20 14:40:03,2.66,72100,2.67,D
sz000552,甘肃能化,2025-10-20 14:40:09,2.67,21700,2.67,U
sz000552,甘肃能化,2025-10-20 14:40:21,2.67,20600,2.67,U
sz000552,甘肃能化,2025-10-20 14:40:24,2.67,26600,2.67,U
sz000552,甘肃能化,2025-10-20 14:40:30,2.67,856900,2.66,U
sz000552,甘肃能化,2025-10-20 14:40:33,2.67,377600,2.67,U
sz000552,甘肃能化,2025-10-20 14:40:36,2.67,294600,2.67,U
sz000552,甘肃能化,2025-10-20 14:40:39,2.67,288000,2.67,U
sz000552,甘肃能化,2025-10-20 14:40:42,2.67,145700,2.67,U
sz000552,甘肃能化,2025-10-20 14:40:45,2.67,346600,2.67,U
sz000552,甘肃能化,2025-10-20 14:40:48,2.67,33100,2.67,U
sz000552,甘肃能化,2025-10-20 14:40:54,2.67,293300,2.67,U
sz000552,甘肃能化,2025-10-20 14:40:57,2.68,141294,2.67,U
sz000552,甘肃能化,2025-10-20 14:41:00,2.67,30300,2.68,D
sz000552,甘肃能化,2025-10-20 14:41:03,2.66,268406,2.67,D
sz000552,甘肃能化,2025-10-20 14:41:06,2.67,51600,2.66,U
sz000552,甘肃能化,2025-10-20 14:41:12,2.68,89700,2.67,U
sz000552,甘肃能化,2025-10-20 14:41:15,2.67,25600,2.68,D
sz000552,甘肃能化,2025-10-20 14:41:21,2.67,44300,2.67,D
sz000552,甘肃能化,2025-10-20 14:41:36,2.68,20200,2.68,U
sz000552,甘肃能化,2025-10-20 14:41:39,2.68,20200,2.68,U
sz000552,甘肃能化,2025-10-20 14:41:42,2.67,115900,2.68,D
sz000552,甘肃能化,2025-10-20 14:41:45,2.68,42200,2.67,U
sz000552,甘肃能化,2025-10-20 14:41:48,2.68,38200,2.68,U
sz000552,甘肃能化,2025-10-20 14:41:54,2.68,41400,2.68,U
sz000552,甘肃能化,2025-10-20 14:41:57,2.68,50500,2.68,U
sz000552,甘肃能化,2025-10-20 14:42:03,2.68,92400,2.68,U
sz000552,甘肃能化,2025-10-20 14:42:21,2.68,1019800,2.68,U
sz000552,甘肃能化,2025-10-20 14:42:24,2.68,40700,2.68,U
sz000552,甘肃能化,2025-10-20 14:42:27,2.67,21200,2.68,D
sz000552,甘肃能化,2025-10-20 14:42:30,2.67,41400,2.67,D
sz000552,甘肃能化,2025-10-20 14:42:45,2.68,24900,2.68,U
sz000552,甘肃能化,2025-10-20 14:42:54,2.68,135400,2.68,U
sz000552,甘肃能化,2025-10-20 14:42:57,2.67,30200,2.68,D
sz000552,甘肃能化,2025-10-20 14:43:00,2.68,123200,2.67,U
sz000552,甘肃能化,2025-10-20 14:43:03,2.68,36500,2.68,U
sz000552,甘肃能化,2025-10-20 14:43:15,2.68,29000,2.68,U
sz000552,甘肃能化,2025-10-20 14:43:27,2.68,162100,2.68,U
sz000552,甘肃能化,2025-10-20 14:43:33,2.68,20300,2.68,U
sz000552,甘肃能化,2025-10-20 14:43:39,2.68,46700,2.68,U
sz000552,甘肃能化,2025-10-20 14:43:42,2.68,23900,2.68,U
sz000552,甘肃能化,2025-10-20 14:43:45,2.68,21100,2.68,U
sz000552,甘肃能化,2025-10-20 14:43:54,2.68,138200,2.68,U
sz000552,甘肃能化,2025-10-20 14:43:57,2.68,523200,2.68,U
sz000552,甘肃能化,2025-10-20 14:44:00,2.68,63600,2.68,U
sz000552,甘肃能化,2025-10-20 14:44:03,2.67,94100,2.68,D
sz000552,甘肃能化,2025-10-20 14:44:06,2.68,35200,2.67,U
sz000552,甘肃能化,2025-10-20 14:44:09,2.68,33300,2.68,U
sz000552,甘肃能化,2025-10-20 14:44:12,2.67,77300,2.68,D
sz000552,甘肃能化,2025-10-20 14:44:15,2.68,43800,2.67,U
sz000552,甘肃能化,2025-10-20 14:44:21,2.67,43800,2.67,D
sz000552,甘肃能化,2025-10-20 14:44:24,2.68,32500,2.67,U
sz000552,甘肃能化,2025-10-20 14:44:27,2.68,1079500,2.68,U
sz000552,甘肃能化,2025-10-20 14:44:33,2.67,34000,2.68,D
sz000552,甘肃能化,2025-10-20 14:44:36,2.68,116000,2.67,U
sz000552,甘肃能化,2025-10-20 14:44:42,2.68,82500,2.68,U
sz000552,甘肃能化,2025-10-20 14:44:45,2.68,51400,2.68,U
sz000552,甘肃能化,2025-10-20 14:44:48,2.69,214694,2.68,U
sz000552,甘肃能化,2025-10-20 14:44:54,2.68,155200,2.68,D
sz000552,甘肃能化,2025-10-20 14:45:00,2.68,162400,2.68,D
sz000552,甘肃能化,2025-10-20 14:45:03,2.67,110006,2.68,D
sz000552,甘肃能化,2025-10-20 14:45:18,2.68,29100,2.68,U
sz000552,甘肃能化,2025-10-20 14:45:21,2.68,66900,2.68,U
sz000552,甘肃能化,2025-10-20 14:45:27,2.68,77700,2.68,U
sz000552,甘肃能化,2025-10-20 14:45:36,2.67,65000,2.68,D
sz000552,甘肃能化,2025-10-20 14:45:42,2.68,46900,2.67,U
sz000552,甘肃能化,2025-10-20 14:45:45,2.68,61600,2.68,D
sz000552,甘肃能化,2025-10-20 14:45:48,2.68,64600,2.68,D
sz000552,甘肃能化,2025-10-20 14:46:06,2.67,105300,2.67,D
sz000552,甘肃能化,2025-10-20 14:46:09,2.67,41100,2.67,D
sz000552,甘肃能化,2025-10-20 14:46:15,2.68,38400,2.69,D
sz000552,甘肃能化,2025-10-20 14:46:18,2.68,26300,2.68,D
sz000552,甘肃能化,2025-10-20 14:46:27,2.68,26800,2.68,U
sz000552,甘肃能化,2025-10-20 14:46:33,2.68,113700,2.68,U
sz000552,甘肃能化,2025-10-20 14:46:36,2.68,23900,2.68,D
sz000552,甘肃能化,2025-10-20 14:46:42,2.68,105300,2.68,D
sz000552,甘肃能化,2025-10-20 14:46:48,2.68,80900,2.68,D
sz000552,甘肃能化,2025-10-20 14:46:51,2.67,430800,2.68,D
sz000552,甘肃能化,2025-10-20 14:46:57,2.68,27300,2.68,U
sz000552,甘肃能化,2025-10-20 14:47:03,2.67,37400,2.68,D
sz000552,甘肃能化,2025-10-20 14:47:09,2.68,33000,2.68,U
sz000552,甘肃能化,2025-10-20 14:47:21,2.68,20200,2.68,U
sz000552,甘肃能化,2025-10-20 14:47:30,2.68,106300,2.68,U
sz000552,甘肃能化,2025-10-20 14:47:39,2.68,90200,2.68,U
sz000552,甘肃能化,2025-10-20 14:47:42,2.68,32300,2.68,D
sz000552,甘肃能化,2025-10-20 14:47:45,2.68,240500,2.68,D
sz000552,甘肃能化,2025-10-20 14:47:48,2.68,48600,2.68,U
sz000552,甘肃能化,2025-10-20 14:47:54,2.68,23600,2.68,U
sz000552,甘肃能化,2025-10-20 14:47:57,2.68,25500,2.68,U
sz000552,甘肃能化,2025-10-20 14:48:03,2.67,44700,2.68,D
sz000552,甘肃能化,2025-10-20 14:48:06,2.68,27600,2.67,U
sz000552,甘肃能化,2025-10-20 14:48:09,2.67,27500,2.68,D
sz000552,甘肃能化,2025-10-20 14:48:15,2.68,32100,2.68,U
sz000552,甘肃能化,2025-10-20 14:48:21,2.67,23800,2.68,D
sz000552,甘肃能化,2025-10-20 14:48:24,2.68,40000,2.67,U
sz000552,甘肃能化,2025-10-20 14:48:33,2.68,26700,2.68,U
sz000552,甘肃能化,2025-10-20 14:48:39,2.67,787900,2.68,D
sz000552,甘肃能化,2025-10-20 14:48:42,2.68,221200,2.67,U
sz000552,甘肃能化,2025-10-20 14:48:45,2.68,31500,2.68,U
sz000552,甘肃能化,2025-10-20 14:48:51,2.68,48900,2.68,U
sz000552,甘肃能化,2025-10-20 14:48:57,2.68,21300,2.67,U
sz000552,甘肃能化,2025-10-20 14:49:03,2.68,56600,2.68,U
sz000552,甘肃能化,2025-10-20 14:49:09,2.68,111400,2.68,U
sz000552,甘肃能化,2025-10-20 14:49:12,2.68,381800,2.68,U
sz000552,甘肃能化,2025-10-20 14:49:21,2.68,80100,2.68,U
sz000552,甘肃能化,2025-10-20 14:49:24,2.68,32600,2.68,U
sz000552,甘肃能化,2025-10-20 14:49:27,2.68,40100,2.68,U
sz000552,甘肃能化,2025-10-20 14:49:30,2.68,67100,2.68,U
sz000552,甘肃能化,2025-10-20 14:49:36,2.68,157917,2.68,D
sz000552,甘肃能化,2025-10-20 14:49:39,2.68,36500,2.68,U
sz000552,甘肃能化,2025-10-20 14:49:45,2.68,35500,2.68,U
sz000552,甘肃能化,2025-10-20 14:49:48,2.68,21500,2.68,U
sz000552,甘肃能化,2025-10-20 14:49:51,2.68,21700,2.68,U
sz000552,甘肃能化,2025-10-20 14:50:03,2.67,28300,2.68,D
sz000552,甘肃能化,2025-10-20 14:50:09,2.68,106500,2.68,U
sz000552,甘肃能化,2025-10-20 14:50:12,2.67,25900,2.68,D
sz000552,甘肃能化,2025-10-20 14:50:15,2.68,191100,2.67,U
sz000552,甘肃能化,2025-10-20 14:50:18,2.68,89300,2.68,D
sz000552,甘肃能化,2025-10-20 14:50:21,2.67,52200,2.68,D
sz000552,甘肃能化,2025-10-20 14:50:24,2.68,55300,2.67,U
sz000552,甘肃能化,2025-10-20 14:50:27,2.67,53200,2.68,D
sz000552,甘肃能化,2025-10-20 14:50:42,2.67,25500,2.68,D
sz000552,甘肃能化,2025-10-20 14:50:51,2.67,38100,2.68,D
sz000552,甘肃能化,2025-10-20 14:51:00,2.67,54900,2.67,D
sz000552,甘肃能化,2025-10-20 14:51:03,2.67,1015400,2.67,D
sz000552,甘肃能化,2025-10-20 14:51:06,2.68,40600,2.67,U
sz000552,甘肃能化,2025-10-20 14:51:09,2.68,50400,2.68,U
sz000552,甘肃能化,2025-10-20 14:51:12,2.67,25500,2.68,D
sz000552,甘肃能化,2025-10-20 14:51:15,2.68,292300,2.67,U
sz000552,甘肃能化,2025-10-20 14:51:18,2.69,274100,2.68,U
sz000552,甘肃能化,2025-10-20 14:51:24,2.68,31600,2.68,D
sz000552,甘肃能化,2025-10-20 14:51:27,2.69,90600,2.68,U
sz000552,甘肃能化,2025-10-20 14:51:36,2.68,47100,2.68,D
sz000552,甘肃能化,2025-10-20 14:51:45,2.68,58400,2.68,U
sz000552,甘肃能化,2025-10-20 14:51:48,2.68,30900,2.68,U
sz000552,甘肃能化,2025-10-20 14:51:57,2.68,40100,2.68,U
sz000552,甘肃能化,2025-10-20 14:52:00,2.68,38300,2.68,D
sz000552,甘肃能化,2025-10-20 14:52:09,2.69,188800,2.68,U
sz000552,甘肃能化,2025-10-20 14:52:12,2.69,35200,2.69,U
sz000552,甘肃能化,2025-10-20 14:52:15,2.68,65200,2.69,D
sz000552,甘肃能化,2025-10-20 14:52:18,2.68,86400,2.68,D
sz000552,甘肃能化,2025-10-20 14:52:21,2.68,29400,2.68,D
sz000552,甘肃能化,2025-10-20 14:52:33,2.69,41000,2.68,U
sz000552,甘肃能化,2025-10-20 14:52:39,2.68,153600,2.69,D
sz000552,甘肃能化,2025-10-20 14:52:42,2.68,77400,2.68,D
sz000552,甘肃能化,2025-10-20 14:52:51,2.69,42700,2.68,U
sz000552,甘肃能化,2025-10-20 14:53:00,2.69,86600,2.68,U
sz000552,甘肃能化,2025-10-20 14:53:03,2.68,123300,2.69,D
sz000552,甘肃能化,2025-10-20 14:53:06,2.69,43000,2.68,U
sz000552,甘肃能化,2025-10-20 14:53:39,2.68,101600,2.69,D
sz000552,甘肃能化,2025-10-20 14:53:42,2.69,73000,2.68,U
sz000552,甘肃能化,2025-10-20 14:53:45,2.69,60200,2.69,U
sz000552,甘肃能化,2025-10-20 14:53:48,2.69,24200,2.69,U
sz000552,甘肃能化,2025-10-20 14:53:51,2.68,65400,2.69,D
sz000552,甘肃能化,2025-10-20 14:53:57,2.68,55100,2.69,D
sz000552,甘肃能化,2025-10-20 14:54:00,2.69,35600,2.68,U
sz000552,甘肃能化,2025-10-20 14:54:03,2.69,23300,2.69,U
sz000552,甘肃能化,2025-10-20 14:54:15,2.68,46300,2.69,D
sz000552,甘肃能化,2025-10-20 14:54:18,2.68,69100,2.68,D
sz000552,甘肃能化,2025-10-20 14:54:27,2.69,31400,2.69,U
sz000552,甘肃能化,2025-10-20 14:54:30,2.69,28600,2.69,U
sz000552,甘肃能化,2025-10-20 14:54:33,2.68,86800,2.69,D
sz000552,甘肃能化,2025-10-20 14:54:36,2.68,92700,2.68,D
sz000552,甘肃能化,2025-10-20 14:54:39,2.68,42900,2.68,D
sz000552,甘肃能化,2025-10-20 14:54:42,2.69,22900,2.68,U
sz000552,甘肃能化,2025-10-20 14:54:48,2.68,76400,2.68,D
sz000552,甘肃能化,2025-10-20 14:54:54,2.69,82800,2.68,U
sz000552,甘肃能化,2025-10-20 14:54:57,2.68,280400,2.69,D
sz000552,甘肃能化,2025-10-20 14:55:00,2.68,322200,2.68,D
sz000552,甘肃能化,2025-10-20 14:55:03,2.68,25100,2.68,D
sz000552,甘肃能化,2025-10-20 14:55:06,2.68,71000,2.68,D
sz000552,甘肃能化,2025-10-20 14:55:09,2.68,37500,2.68,D
sz000552,甘肃能化,2025-10-20 14:55:15,2.68,28400,2.68,D
sz000552,甘肃能化,2025-10-20 14:55:18,2.69,110000,2.68,U
sz000552,甘肃能化,2025-10-20 14:55:21,2.68,57900,2.69,D
sz000552,甘肃能化,2025-10-20 14:55:24,2.69,121800,2.68,U
sz000552,甘肃能化,2025-10-20 14:55:33,2.69,49700,2.68,U
sz000552,甘肃能化,2025-10-20 14:55:39,2.68,75200,2.69,D
sz000552,甘肃能化,2025-10-20 14:55:54,2.69,27500,2.69,U
sz000552,甘肃能化,2025-10-20 14:55:57,2.69,235500,2.69,U
sz000552,甘肃能化,2025-10-20 14:56:00,2.69,45800,2.69,U
sz000552,甘肃能化,2025-10-20 14:56:03,2.68,132400,2.69,D
sz000552,甘肃能化,2025-10-20 14:56:06,2.68,1004200,2.68,D
sz000552,甘肃能化,2025-10-20 14:56:09,2.68,38900,2.68,D
sz000552,甘肃能化,2025-10-20 14:56:15,2.68,134200,2.69,D
sz000552,甘肃能化,2025-10-20 14:56:18,2.68,65200,2.68,D
sz000552,甘肃能化,2025-10-20 14:56:21,2.69,35300,2.68,U
sz000552,甘肃能化,2025-10-20 14:56:24,2.68,46800,2.69,D
sz000552,甘肃能化,2025-10-20 14:56:30,2.69,32600,2.68,U
sz000552,甘肃能化,2025-10-20 14:56:33,2.68,424800,2.69,D
sz000552,甘肃能化,2025-10-20 14:56:36,2.68,157200,2.68,D
sz000552,甘肃能化,2025-10-20 14:56:39,2.69,124600,2.68,U
sz000552,甘肃能化,2025-10-20 14:56:42,2.69,57400,2.69,U
sz000552,甘肃能化,2025-10-20 14:56:45,2.68,39700,2.69,D
sz000552,甘肃能化,2025-10-20 14:56:51,2.69,283200,2.69,U
sz000552,甘肃能化,2025-10-20 14:56:54,2.69,213100,2.69,U
sz000552,甘肃能化,2025-10-20 14:56:57,2.69,83500,2.69,U
sz000552,甘肃能化,2025-10-20 14:57:00,2.69,69300,2.69,U
sz000552,甘肃能化,2025-10-20 15:00:00,2.69,4451600,2.69,E
