symbol,name,ticktime,price,volume,prev_price,kind
sz000552,甘肃能化,2025-09-30 09:25:00,2.51,53712,0.0,D
sz000552,甘肃能化,2025-09-30 09:30:00,2.51,22188,2.51,D
sz000552,甘肃能化,2025-09-30 09:30:03,2.51,149500,2.51,U
sz000552,甘肃能化,2025-09-30 09:30:06,2.51,66200,2.51,U
sz000552,甘肃能化,2025-09-30 09:31:12,2.5,36600,2.5,D
sz000552,甘肃能化,2025-09-30 09:32:03,2.5,166200,2.51,D
sz000552,甘肃能化,2025-09-30 09:32:06,2.5,109300,2.5,D
sz000552,甘肃能化,2025-09-30 09:32:33,2.5,20000,2.51,D
sz000552,甘肃能化,2025-09-30 09:34:33,2.5,25800,2.51,D
sz000552,甘肃能化,2025-09-30 09:34:45,2.5,40100,2.5,D
sz000552,甘肃能化,2025-09-30 09:35:03,2.5,60600,2.5,D
sz000552,甘肃能化,2025-09-30 09:35:09,2.49,2714100,2.5,D
sz000552,甘肃能化,2025-09-30 09:35:12,2.49,143200,2.49,D
sz000552,甘肃能化,2025-09-30 09:35:27,2.5,20000,2.49,U
sz000552,甘肃能化,2025-09-30 09:35:42,2.49,41800,2.5,D
sz000552,甘肃能化,2025-09-30 09:36:03,2.49,29500,2.49,D
sz000552,甘肃能化,2025-09-30 09:36:24,2.49,25200,2.5,D
sz000552,甘肃能化,2025-09-30 09:36:54,2.5,67000,2.5,U
sz000552,甘肃能化,2025-09-30 09:37:00,2.5,24700,2.5,U
sz000552,甘肃能化,2025-09-30 09:37:03,2.5,888200,2.5,U
sz000552,甘肃能化,2025-09-30 09:37:21,2.51,69900,2.5,U
sz000552,甘肃能化,2025-09-30 09:37:33,2.5,20300,2.51,D
sz000552,甘肃能化,2025-09-30 09:38:12,2.5,21600,2.5,D
sz000552,甘肃能化,2025-09-30 09:38:36,2.5,24600,2.5,D
sz000552,甘肃能化,2025-09-30 09:38:51,2.51,23500,2.51,U
sz000552,甘肃能化,2025-09-30 09:38:54,2.51,47200,2.51,U
sz000552,甘肃能化,2025-09-30 09:39:03,2.5,25600,2.5,D
sz000552,甘肃能化,2025-09-30 09:39:06,2.5,48300,2.5,D
sz000552,甘肃能化,2025-09-30 09:39:12,2.5,1059600,2.5,D
sz000552,甘肃能化,2025-09-30 09:40:00,2.5,50000,2.5,U
sz000552,甘肃能化,2025-09-30 09:40:48,2.5,61400,2.5,U
sz000552,甘肃能化,2025-09-30 09:41:00,2.5,117800,2.5,U
sz000552,甘肃能化,2025-09-30 09:41:24,2.5,46200,2.5,U
sz000552,甘肃能化,2025-09-30 09:41:36,2.5,105900,2.49,U
sz000552,甘肃能化,2025-09-30 09:42:51,2.5,64700,2.5,U
sz000552,甘肃能化,2025-09-30 09:44:03,2.49,29200,2.5,D
sz000552,甘肃能化,2025-09-30 09:44:24,2.49,20000,2.49,D
sz000552,甘肃能化,2025-09-30 09:46:06,2.5,23100,2.49,U
sz000552,甘肃能化,2025-09-30 09:46:18,2.49,29700,2.49,D
sz000552,甘肃能化,2025-09-30 09:46:51,2.5,27000,2.5,U
sz000552,甘肃能化,2025-09-30 09:47:15,2.5,700800,2.5,U
sz000552,甘肃能化,2025-09-30 09:47:18,2.51,41500,2.5,U
sz000552,甘肃能化,2025-09-30 09:47:30,2.5,42600,2.51,D
sz000552,甘肃能化,2025-09-30 09:47:39,2.5,42300,2.5,D
sz000552,甘肃能化,2025-09-30 09:47:45,2.5,37100,2.5,D
sz000552,甘肃能化,2025-09-30 09:47:51,2.5,227100,2.51,D
sz000552,甘肃能化,2025-09-30 09:48:15,2.5,28000,2.51,D
sz000552,甘肃能化,2025-09-30 09:48:18,2.5,51200,2.5,U
sz000552,甘肃能化,2025-09-30 09:48:45,2.5,50000,2.5,U
sz000552,甘肃能化,2025-09-30 09:49:36,2.49,42800,2.49,D
sz000552,甘肃能化,2025-09-30 09:49:42,2.49,22000,2.49,D
sz000552,甘肃能化,2025-09-30 09:49:54,2.5,20000,2.49,U
sz000552,甘肃能化,2025-09-30 09:50:12,2.49,48700,2.49,D
sz000552,甘肃能化,2025-09-30 09:50:36,2.5,30400,2.49,U
sz000552,甘肃能化,2025-09-30 09:50:48,2.5,28000,2.5,U
sz000552,甘肃能化,2025-09-30 09:50:54,2.5,28800,2.5,U
sz000552,甘肃能化,2025-09-30 09:51:09,2.5,20000,2.5,U
sz000552,甘肃能化,2025-09-30 09:51:12,2.5,20000,2.5,U
sz000552,甘肃能化,2025-09-30 09:52:09,2.5,20000,2.49,U
sz000552,甘肃能化,2025-09-30 09:52:24,2.5,67400,2.5,U
sz000552,甘肃能化,2025-09-30 09:53:00,2.5,170800,2.5,D
sz000552,甘肃能化,2025-09-30 09:53:48,2.49,34700,2.5,D
sz000552,甘肃能化,2025-09-30 09:54:15,2.5,74500,2.5,U
sz000552,甘肃能化,2025-09-30 09:54:18,2.5,50000,2.5,D
sz000552,甘肃能化,2025-09-30 09:54:39,2.5,149400,2.51,D
sz000552,甘肃能化,2025-09-30 09:54:42,2.5,305100,2.5,U
sz000552,甘肃能化,2025-09-30 09:57:42,2.5,34900,2.5,D
sz000552,甘肃能化,2025-09-30 09:57:48,2.5,35900,2.5,D
sz000552,甘肃能化,2025-09-30 09:58:21,2.51,22700,2.51,U
sz000552,甘肃能化,2025-09-30 09:58:57,2.5,20300,2.5,D
sz000552,甘肃能化,2025-09-30 09:59:21,2.51,26300,2.5,U
sz000552,甘肃能化,2025-09-30 10:01:39,2.5,42100,2.5,D
sz000552,甘肃能化,2025-09-30 10:02:21,2.5,454400,2.51,D
sz000552,甘肃能化,2025-09-30 10:02:24,2.5,26400,2.5,D
sz000552,甘肃能化,2025-09-30 10:02:27,2.5,21400,2.5,D
sz000552,甘肃能化,2025-09-30 10:02:39,2.5,21000,2.5,D
sz000552,甘肃能化,2025-09-30 10:04:03,2.51,106900,2.5,U
sz000552,甘肃能化,2025-09-30 10:05:48,2.5,22300,2.5,D
sz000552,甘肃能化,2025-09-30 10:08:24,2.51,21700,2.5,U
sz000552,甘肃能化,2025-09-30 10:10:27,2.5,23000,2.5,D
sz000552,甘肃能化,2025-09-30 10:12:12,2.5,23300,2.5,D
sz000552,甘肃能化,2025-09-30 10:12:18,2.5,65400,2.5,D
sz000552,甘肃能化,2025-09-30 10:13:18,2.5,522700,2.51,D
sz000552,甘肃能化,2025-09-30 10:13:54,2.5,26000,2.49,U
sz000552,甘肃能化,2025-09-30 10:14:18,2.5,31000,2.5,U
sz000552,甘肃能化,2025-09-30 10:14:39,2.5,508500,2.49,U
sz000552,甘肃能化,2025-09-30 10:15:00,2.5,20000,2.51,D
sz000552,甘肃能化,2025-09-30 10:17:03,2.5,42100,2.5,D
sz000552,甘肃能化,2025-09-30 10:18:24,2.51,35600,2.51,U
sz000552,甘肃能化,2025-09-30 10:23:12,2.51,57500,2.51,U
sz000552,甘肃能化,2025-09-30 10:23:15,2.5,29100,2.51,D
sz000552,甘肃能化,2025-09-30 10:24:06,2.5,22400,2.5,D
sz000552,甘肃能化,2025-09-30 10:24:18,2.5,271500,2.5,D
sz000552,甘肃能化,2025-09-30 10:25:12,2.49,20000,2.49,D
sz000552,甘肃能化,2025-09-30 10:25:45,2.5,20000,2.49,U
sz000552,甘肃能化,2025-09-30 10:38:57,2.49,25000,2.5,D
sz000552,甘肃能化,2025-09-30 10:39:33,2.5,39000,2.49,U
sz000552,甘肃能化,2025-09-30 10:41:36,2.49,70300,2.49,D
sz000552,甘肃能化,2025-09-30 10:42:24,2.5,858400,2.49,U
sz000552,甘肃能化,2025-09-30 10:42:30,2.5,24500,2.51,D
sz000552,甘肃能化,2025-09-30 10:46:09,2.5,40500,2.5,D
sz000552,甘肃能化,2025-09-30 10:47:21,2.5,130400,2.51,D
sz000552,甘肃能化,2025-09-30 10:49:03,2.5,44200,2.5,D
sz000552,甘肃能化,2025-09-30 10:49:54,2.51,41900,2.5,U
sz000552,甘肃能化,2025-09-30 10:51:48,2.5,28100,2.5,D
sz000552,甘肃能化,2025-09-30 10:56:18,2.5,30000,2.5,D
sz000552,甘肃能化,2025-09-30 11:02:27,2.5,64600,2.5,D
sz000552,甘肃能化,2025-09-30 11:05:18,2.5,22200,2.51,D
sz000552,甘肃能化,2025-09-30 11:06:00,2.5,20000,2.5,D
sz000552,甘肃能化,2025-09-30 11:08:39,2.5,25800,2.51,D
sz000552,甘肃能化,2025-09-30 11:09:21,2.5,75700,2.5,D
sz000552,甘肃能化,2025-09-30 11:09:24,2.5,31400,2.5,D
sz000552,甘肃能化,2025-09-30 11:09:33,2.5,106900,2.51,D
sz000552,甘肃能化,2025-09-30 11:15:18,2.5,109500,2.5,D
sz000552,甘肃能化,2025-09-30 11:17:18,2.5,39700,2.5,D
sz000552,甘肃能化,2025-09-30 11:21:03,2.5,20500,2.5,D
sz000552,甘肃能化,2025-09-30 11:24:48,2.5,40600,2.5,D
sz000552,甘肃能化,2025-09-30 11:25:06,2.5,22000,2.5,D
sz000552,甘肃能化,2025-09-30 11:26:21,2.51,41000,2.5,U
sz000552,甘肃能化,2025-09-30 11:26:30,2.5,27300,2.51,D
sz000552,甘肃能化,2025-09-30 11:26:45,2.5,71700,2.5,D
sz000552,甘肃能化,2025-09-30 11:27:51,2.5,100900,2.5,D
sz000552,甘肃能化,2025-09-30 11:28:24,2.5,68200,2.5,D
sz000552,甘肃能化,2025-09-30 11:29:03,2.5,24500,2.5,D
sz000552,甘肃能化,2025-09-30 11:29:33,2.51,26100,2.5,U
sz000552,甘肃能化,2025-09-30 13:00:03,2.51,33200,2.5,U
sz000552,甘肃能化,2025-09-30 13:06:12,2.5,42700,2.5,D
sz000552,甘肃能化,2025-09-30 13:09:33,2.5,104600,2.5,D
sz000552,甘肃能化,2025-09-30 13:12:48,2.5,3197549,2.5,D
sz000552,甘肃能化,2025-09-30 13:12:51,2.5,498600,2.5,D
sz000552,甘肃能化,2025-09-30 13:12:54,2.5,116300,2.5,D
sz000552,甘肃能化,2025-09-30 13:12:57,2.5,82500,2.5,D
sz000552,甘肃能化,2025-09-30 13:14:00,2.5,41600,2.51,D
sz000552,甘肃能化,2025-09-30 13:15:21,2.51,20000,2.5,U
sz000552,甘肃能化,2025-09-30 13:16:21,2.51,50000,2.5,U
sz000552,甘肃能化,2025-09-30 13:21:39,2.5,40000,2.5,D
sz000552,甘肃能化,2025-09-30 13:22:30,2.51,20000,2.5,U
sz000552,甘肃能化,2025-09-30 13:22:48,2.5,20200,2.5,D
sz000552,甘肃能化,2025-09-30 13:23:57,2.5,68100,2.5,D
sz000552,甘肃能化,2025-09-30 13:32:21,2.51,20000,2.5,U
sz000552,甘肃能化,2025-09-30 13:32:27,2.5,20000,2.5,D
sz000552,甘肃能化,2025-09-30 13:34:54,2.5,33700,2.5,D
sz000552,甘肃能化,2025-09-30 13:35:36,2.51,80000,2.5,U
sz000552,甘肃能化,2025-09-30 13:36:03,2.5,50000,2.5,D
sz000552,甘肃能化,2025-09-30 13:36:51,2.5,23600,2.5,D
sz000552,甘肃能化,2025-09-30 13:39:18,2.5,45100,2.5,D
sz000552,甘肃能化,2025-09-30 13:39:54,2.5,20000,2.51,D
sz000552,甘肃能化,2025-09-30 13:40:30,2.5,20100,2.51,D
sz000552,甘肃能化,2025-09-30 13:50:06,2.51,31500,2.51,U
sz000552,甘肃能化,2025-09-30 13:50:09,2.5,147100,2.51,D
sz000552,甘肃能化,2025-09-30 13:51:18,2.51,25900,2.5,U
sz000552,甘肃能化,2025-09-30 13:55:15,2.5,23000,2.5,D
sz000552,甘肃能化,2025-09-30 13:58:27,2.5,56300,2.5,D
sz000552,甘肃能化,2025-09-30 14:02:57,2.51,22000,2.5,U
sz000552,甘肃能化,2025-09-30 14:04:27,2.51,27200,2.5,U
sz000552,甘肃能化,2025-09-30 14:04:30,2.5,20500,2.51,D
sz000552,甘肃能化,2025-09-30 14:07:33,2.51,55800,2.5,U
sz000552,甘肃能化,2025-09-30 14:08:51,2.51,23700,2.5,U
sz000552,甘肃能化,2025-09-30 14:12:57,2.5,323800,2.5,D
sz000552,甘肃能化,2025-09-30 14:13:00,2.5,25200,2.5,D
sz000552,甘肃能化,2025-09-30 14:13:15,2.5,20700,2.5,D
sz000552,甘肃能化,2025-09-30 14:16:42,2.51,21700,2.5,U
sz000552,甘肃能化,2025-09-30 14:18:27,2.51,29000,2.5,U
sz000552,甘肃能化,2025-09-30 14:19:09,2.5,25600,2.51,D
sz000552,甘肃能化,2025-09-30 14:19:42,2.51,60600,2.51,U
sz000552,甘肃能化,2025-09-30 14:21:03,2.5,26700,2.5,D
sz000552,甘肃能化,2025-09-30 14:24:03,2.5,32500,2.5,D
sz000552,甘肃能化,2025-09-30 14:25:57,2.51,20000,2.5,U
sz000552,甘肃能化,2025-09-30 14:26:12,2.51,39900,2.5,U
sz000552,甘肃能化,2025-09-30 14:26:24,2.5,91000,2.5,D
sz000552,甘肃能化,2025-09-30 14:26:30,2.5,64000,2.5,D
sz000552,甘肃能化,2025-09-30 14:26:51,2.51,100400,2.5,U
sz000552,甘肃能化,2025-09-30 14:27:03,2.5,44900,2.5,D
sz000552,甘肃能化,2025-09-30 14:29:09,2.5,34000,2.5,D
sz000552,甘肃能化,2025-09-30 14:30:09,2.5,28100,2.5,D
sz000552,甘肃能化,2025-09-30 14:32:33,2.51,25700,2.51,U
sz000552,甘肃能化,2025-09-30 14:32:45,2.5,57600,2.5,D
sz000552,甘肃能化,2025-09-30 14:32:48,2.5,75100,2.5,D
sz000552,甘肃能化,2025-09-30 14:33:00,2.5,64800,2.5,D
sz000552,甘肃能化,2025-09-30 14:33:24,2.5,179100,2.5,D
sz000552,甘肃能化,2025-09-30 14:39:00,2.5,87300,2.5,D
sz000552,甘肃能化,2025-09-30 14:39:21,2.5,31400,2.5,D
sz000552,甘肃能化,2025-09-30 14:41:03,2.5,60000,2.5,D
sz000552,甘肃能化,2025-09-30 14:42:42,2.5,251000,2.5,D
sz000552,甘肃能化,2025-09-30 14:42:45,2.51,24300,2.5,U
sz000552,甘肃能化,2025-09-30 14:42:54,2.5,29100,2.5,D
sz000552,甘肃能化,2025-09-30 14:43:03,2.5,33100,2.5,D
sz000552,甘肃能化,2025-09-30 14:43:06,2.5,53500,2.5,D
sz000552,甘肃能化,2025-09-30 14:43:12,2.5,35700,2.51,D
sz000552,甘肃能化,2025-09-30 14:43:33,2.5,102700,2.5,D
sz000552,甘肃能化,2025-09-30 14:45:06,2.5,28600,2.5,D
sz000552,甘肃能化,2025-09-30 14:46:27,2.5,64900,2.5,D
sz000552,甘肃能化,2025-09-30 14:47:39,2.5,65100,2.5,D
sz000552,甘肃能化,2025-09-30 14:47:48,2.51,32300,2.5,U
sz000552,甘肃能化,2025-09-30 14:48:09,2.5,50700,2.5,D
sz000552,甘肃能化,2025-09-30 14:48:12,2.5,22600,2.5,D
sz000552,甘肃能化,2025-09-30 14:48:21,2.51,24400,2.5,U
sz000552,甘肃能化,2025-09-30 14:49:09,2.5,22800,2.5,D
sz000552,甘肃能化,2025-09-30 14:49:36,2.5,27400,2.51,D
sz000552,甘肃能化,2025-09-30 14:49:39,2.51,30800,2.5,U
sz000552,甘肃能化,2025-09-30 14:50:06,2.5,45200,2.5,D
sz000552,甘肃能化,2025-09-30 14:50:09,2.5,61200,2.5,D
sz000552,甘肃能化,2025-09-30 14:50:12,2.5,33100,2.5,D
sz000552,甘肃能化,2025-09-30 14:50:15,2.5,45800,2.5,D
sz000552,甘肃能化,2025-09-30 14:50:18,2.5,24300,2.5,D
sz000552,甘肃能化,2025-09-30 14:50:21,2.5,73700,2.5,D
sz000552,甘肃能化,2025-09-30 14:50:36,2.5,120300,2.5,D
sz000552,甘肃能化,2025-09-30 14:51:03,2.5,62800,2.5,D
sz000552,甘肃能化,2025-09-30 14:51:12,2.5,30300,2.5,D
sz000552,甘肃能化,2025-09-30 14:51:21,2.5,26300,2.5,D
sz000552,甘肃能化,2025-09-30 14:51:24,2.51,50500,2.5,U
sz000552,甘肃能化,2025-09-30 14:51:27,2.51,45600,2.51,U
sz000552,甘肃能化,2025-09-30 14:51:33,2.51,44400,2.51,U
sz000552,甘肃能化,2025-09-30 14:51:39,2.5,22000,2.51,D
sz000552,甘肃能化,2025-09-30 14:51:42,2.5,128300,2.5,D
sz000552,甘肃能化,2025-09-30 14:51:48,2.5,28200,2.5,D
sz000552,甘肃能化,2025-09-30 14:51:51,2.5,26200,2.5,D
sz000552,甘肃能化,2025-09-30 14:52:00,2.5,39500,2.51,D
sz000552,甘肃能化,2025-09-30 14:52:03,2.5,32700,2.5,D
sz000552,甘肃能化,2025-09-30 14:52:06,2.5,24200,2.5,D
sz000552,甘肃能化,2025-09-30 14:52:09,2.5,253400,2.5,D
sz000552,甘肃能化,2025-09-30 14:52:12,2.5,493500,2.5,D
sz000552,甘肃能化,2025-09-30 14:52:15,2.5,69500,2.5,D
sz000552,甘肃能化,2025-09-30 14:52:18,2.5,334200,2.5,D
sz000552,甘肃能化,2025-09-30 14:52:21,2.5,59500,2.5,D
sz000552,甘肃能化,2025-09-30 14:52:24,2.5,58700,2.5,D
sz000552,甘肃能化,2025-09-30 14:53:21,2.5,157000,2.5,D
sz000552,甘肃能化,2025-09-30 14:53:27,2.5,691400,2.5,D
sz000552,甘肃能化,2025-09-30 14:53:33,2.49,131600,2.5,D
sz000552,甘肃能化,2025-09-30 14:53:36,2.49,119700,2.49,D
sz000552,甘肃能化,2025-09-30 14:53:48,2.49,75600,2.5,D
sz000552,甘肃能化,2025-09-30 14:53:57,2.49,22200,2.49,D
sz000552,甘肃能化,2025-09-30 14:54:00,2.49,102300,2.49,D
sz000552,甘肃能化,2025-09-30 14:54:06,2.5,34700,2.5,U
sz000552,甘肃能化,2025-09-30 14:54:09,2.5,275700,2.5,U
sz000552,甘肃能化,2025-09-30 14:54:12,2.5,394261,2.5,U
sz000552,甘肃能化,2025-09-30 14:54:30,2.5,28100,2.5,U
sz000552,甘肃能化,2025-09-30 14:54:48,2.5,21800,2.5,E
sz000552,甘肃能化,2025-09-30 14:55:18,2.49,23500,2.51,D
sz000552,甘肃能化,2025-09-30 14:55:39,2.49,125400,2.49,D
sz000552,甘肃能化,2025-09-30 14:55:51,2.5,28500,2.49,U
sz000552,甘肃能化,2025-09-30 14:55:57,2.5,151100,2.5,U
sz000552,甘肃能化,2025-09-30 14:56:03,2.5,23900,2.51,D
sz000552,甘肃能化,2025-09-30 15:00:00,2.5,474500,2.51,E
