symbol,name,ticktime,price,volume,prev_price,kind
sz000552,甘肃能化,2025-09-22 09:25:00,2.57,545900,0.0,U
sz000552,甘肃能化,2025-09-22 09:30:03,2.58,43500,2.58,U
sz000552,甘肃能化,2025-09-22 09:30:06,2.58,64300,2.58,U
sz000552,甘肃能化,2025-09-22 09:30:09,2.58,30200,2.58,U
sz000552,甘肃能化,2025-09-22 09:30:27,2.58,29400,2.58,U
sz000552,甘肃能化,2025-09-22 09:30:39,2.58,21500,2.58,U
sz000552,甘肃能化,2025-09-22 09:31:03,2.57,21600,2.57,D
sz000552,甘肃能化,2025-09-22 09:31:15,2.57,78800,2.57,D
sz000552,甘肃能化,2025-09-22 09:31:18,2.57,73000,2.57,D
sz000552,甘肃能化,2025-09-22 09:31:21,2.57,137300,2.57,D
sz000552,甘肃能化,2025-09-22 09:31:30,2.58,45900,2.57,U
sz000552,甘肃能化,2025-09-22 09:31:33,2.58,24500,2.58,U
sz000552,甘肃能化,2025-09-22 09:31:36,2.57,243600,2.58,D
sz000552,甘肃能化,2025-09-22 09:31:42,2.58,27700,2.58,U
sz000552,甘肃能化,2025-09-22 09:31:45,2.57,499900,2.58,D
sz000552,甘肃能化,2025-09-22 09:31:48,2.56,34600,2.57,D
sz000552,甘肃能化,2025-09-22 09:31:54,2.57,26100,2.57,U
sz000552,甘肃能化,2025-09-22 09:32:27,2.57,127400,2.57,U
sz000552,甘肃能化,2025-09-22 09:32:30,2.57,74500,2.57,U
sz000552,甘肃能化,2025-09-22 09:32:33,2.57,31400,2.57,U
sz000552,甘肃能化,2025-09-22 09:32:36,2.58,579500,2.57,U
sz000552,甘肃能化,2025-09-22 09:32:45,2.57,102300,2.57,D
sz000552,甘肃能化,2025-09-22 09:34:06,2.57,47300,2.58,D
sz000552,甘肃能化,2025-09-22 09:34:36,2.58,22600,2.57,U
sz000552,甘肃能化,2025-09-22 09:34:39,2.57,56000,2.58,D
sz000552,甘肃能化,2025-09-22 09:35:18,2.57,42100,2.57,D
sz000552,甘肃能化,2025-09-22 09:35:27,2.57,797500,2.58,D
sz000552,甘肃能化,2025-09-22 09:35:30,2.56,98200,2.57,D
sz000552,甘肃能化,2025-09-22 09:35:36,2.57,29100,2.57,U
sz000552,甘肃能化,2025-09-22 09:35:42,2.57,36900,2.57,U
sz000552,甘肃能化,2025-09-22 09:35:45,2.57,24000,2.57,U
sz000552,甘肃能化,2025-09-22 09:35:48,2.56,27500,2.57,D
sz000552,甘肃能化,2025-09-22 09:35:51,2.57,80200,2.56,U
sz000552,甘肃能化,2025-09-22 09:35:57,2.56,22000,2.57,D
sz000552,甘肃能化,2025-09-22 09:36:06,2.56,39400,2.56,D
sz000552,甘肃能化,2025-09-22 09:37:00,2.56,54000,2.57,D
sz000552,甘肃能化,2025-09-22 09:37:39,2.56,665400,2.56,D
sz000552,甘肃能化,2025-09-22 09:37:48,2.56,52800,2.56,D
sz000552,甘肃能化,2025-09-22 09:37:51,2.56,31500,2.56,D
sz000552,甘肃能化,2025-09-22 09:37:54,2.56,1476600,2.56,D
sz000552,甘肃能化,2025-09-22 09:37:57,2.55,150000,2.56,D
sz000552,甘肃能化,2025-09-22 09:38:00,2.55,225600,2.55,D
sz000552,甘肃能化,2025-09-22 09:38:09,2.55,758100,2.55,D
sz000552,甘肃能化,2025-09-22 09:38:36,2.55,28900,2.55,D
sz000552,甘肃能化,2025-09-22 09:38:39,2.55,150000,2.55,D
sz000552,甘肃能化,2025-09-22 09:38:42,2.55,42600,2.55,D
sz000552,甘肃能化,2025-09-22 09:38:54,2.56,22200,2.55,U
sz000552,甘肃能化,2025-09-22 09:38:57,2.55,51300,2.56,D
sz000552,甘肃能化,2025-09-22 09:39:27,2.55,714700,2.55,D
sz000552,甘肃能化,2025-09-22 09:39:30,2.55,255800,2.55,U
sz000552,甘肃能化,2025-09-22 09:39:51,2.55,173500,2.55,U
sz000552,甘肃能化,2025-09-22 09:40:18,2.54,33600,2.55,D
sz000552,甘肃能化,2025-09-22 09:40:21,2.54,31200,2.54,D
sz000552,甘肃能化,2025-09-22 09:40:48,2.54,25600,2.55,D
sz000552,甘肃能化,2025-09-22 09:40:54,2.55,21700,2.54,U
sz000552,甘肃能化,2025-09-22 09:41:21,2.55,50100,2.55,U
sz000552,甘肃能化,2025-09-22 09:41:54,2.54,33200,2.55,D
sz000552,甘肃能化,2025-09-22 09:42:03,2.54,50200,2.54,D
sz000552,甘肃能化,2025-09-22 09:43:27,2.54,149200,2.54,D
sz000552,甘肃能化,2025-09-22 09:43:30,2.54,24300,2.54,D
sz000552,甘肃能化,2025-09-22 09:43:33,2.55,20000,2.54,U
sz000552,甘肃能化,2025-09-22 09:44:27,2.54,22800,2.55,D
sz000552,甘肃能化,2025-09-22 09:45:24,2.54,23000,2.55,D
sz000552,甘肃能化,2025-09-22 09:46:06,2.54,22500,2.54,D
sz000552,甘肃能化,2025-09-22 09:46:51,2.55,29800,2.55,U
sz000552,甘肃能化,2025-09-22 09:47:57,2.55,49400,2.54,U
sz000552,甘肃能化,2025-09-22 09:48:39,2.54,1921200,2.55,D
sz000552,甘肃能化,2025-09-22 09:48:51,2.54,46900,2.55,D
sz000552,甘肃能化,2025-09-22 09:49:54,2.54,37800,2.55,D
sz000552,甘肃能化,2025-09-22 09:52:09,2.54,28600,2.55,D
sz000552,甘肃能化,2025-09-22 09:52:18,2.54,140700,2.54,D
sz000552,甘肃能化,2025-09-22 09:52:48,2.55,34800,2.54,U
sz000552,甘肃能化,2025-09-22 09:53:51,2.54,28900,2.55,D
sz000552,甘肃能化,2025-09-22 09:54:00,2.54,47400,2.55,D
sz000552,甘肃能化,2025-09-22 09:55:57,2.54,31600,2.55,D
sz000552,甘肃能化,2025-09-22 09:56:51,2.55,32400,2.55,U
sz000552,甘肃能化,2025-09-22 09:56:54,2.54,20900,2.55,D
sz000552,甘肃能化,2025-09-22 09:56:57,2.54,115700,2.54,D
sz000552,甘肃能化,2025-09-22 09:57:06,2.55,23600,2.54,U
sz000552,甘肃能化,2025-09-22 09:57:09,2.54,2011100,2.55,D
sz000552,甘肃能化,2025-09-22 09:57:12,2.53,111700,2.54,D
sz000552,甘肃能化,2025-09-22 09:57:18,2.53,98300,2.54,D
sz000552,甘肃能化,2025-09-22 09:58:48,2.53,23000,2.53,D
sz000552,甘肃能化,2025-09-22 10:00:36,2.54,21100,2.54,U
sz000552,甘肃能化,2025-09-22 10:00:51,2.54,24300,2.54,U
sz000552,甘肃能化,2025-09-22 10:01:09,2.53,24000,2.54,D
sz000552,甘肃能化,2025-09-22 10:02:06,2.54,31100,2.53,U
sz000552,甘肃能化,2025-09-22 10:03:09,2.54,1240900,2.54,U
sz000552,甘肃能化,2025-09-22 10:04:36,2.54,21900,2.54,D
sz000552,甘肃能化,2025-09-22 10:05:24,2.54,27900,2.55,D
sz000552,甘肃能化,2025-09-22 10:05:42,2.54,99800,2.54,D
sz000552,甘肃能化,2025-09-22 10:06:24,2.54,20000,2.55,D
sz000552,甘肃能化,2025-09-22 10:07:09,2.55,57400,2.55,U
sz000552,甘肃能化,2025-09-22 10:10:51,2.55,66600,2.55,U
sz000552,甘肃能化,2025-09-22 10:11:33,2.54,30000,2.55,D
sz000552,甘肃能化,2025-09-22 10:12:54,2.54,25300,2.54,D
sz000552,甘肃能化,2025-09-22 10:13:15,2.55,29300,2.55,U
sz000552,甘肃能化,2025-09-22 10:13:18,2.55,20100,2.55,U
sz000552,甘肃能化,2025-09-22 10:13:45,2.54,23800,2.55,D
sz000552,甘肃能化,2025-09-22 10:14:48,2.54,308300,2.55,D
sz000552,甘肃能化,2025-09-22 10:14:57,2.54,517700,2.55,D
sz000552,甘肃能化,2025-09-22 10:15:03,2.54,414700,2.54,D
sz000552,甘肃能化,2025-09-22 10:15:15,2.55,27300,2.55,U
sz000552,甘肃能化,2025-09-22 10:15:18,2.54,23100,2.55,D
sz000552,甘肃能化,2025-09-22 10:15:36,2.54,39500,2.54,D
sz000552,甘肃能化,2025-09-22 10:15:39,2.55,26400,2.54,U
sz000552,甘肃能化,2025-09-22 10:15:51,2.55,32000,2.55,U
sz000552,甘肃能化,2025-09-22 10:17:18,2.54,34500,2.54,D
sz000552,甘肃能化,2025-09-22 10:17:45,2.54,32900,2.55,D
sz000552,甘肃能化,2025-09-22 10:18:33,2.54,52100,2.54,D
sz000552,甘肃能化,2025-09-22 10:19:21,2.54,94700,2.55,D
sz000552,甘肃能化,2025-09-22 10:20:03,2.54,279700,2.55,D
sz000552,甘肃能化,2025-09-22 10:20:21,2.54,71100,2.54,D
sz000552,甘肃能化,2025-09-22 10:20:24,2.54,25100,2.54,D
sz000552,甘肃能化,2025-09-22 10:20:27,2.54,224400,2.54,D
sz000552,甘肃能化,2025-09-22 10:20:30,2.54,61300,2.54,U
sz000552,甘肃能化,2025-09-22 10:25:33,2.54,21900,2.54,U
sz000552,甘肃能化,2025-09-22 10:26:54,2.54,413500,2.54,U
sz000552,甘肃能化,2025-09-22 10:26:57,2.54,67500,2.54,D
sz000552,甘肃能化,2025-09-22 10:27:00,2.54,24600,2.54,D
sz000552,甘肃能化,2025-09-22 10:27:09,2.55,20300,2.55,U
sz000552,甘肃能化,2025-09-22 10:28:03,2.55,53200,2.55,U
sz000552,甘肃能化,2025-09-22 10:29:24,2.55,42400,2.54,U
sz000552,甘肃能化,2025-09-22 10:29:57,2.55,32600,2.55,U
sz000552,甘肃能化,2025-09-22 10:30:00,2.55,178900,2.55,U
sz000552,甘肃能化,2025-09-22 10:30:03,2.55,1705500,2.55,U
sz000552,甘肃能化,2025-09-22 10:30:06,2.56,56300,2.55,U
sz000552,甘肃能化,2025-09-22 10:34:15,2.55,20200,2.56,D
sz000552,甘肃能化,2025-09-22 10:34:21,2.55,24000,2.55,D
sz000552,甘肃能化,2025-09-22 10:35:03,2.55,21300,2.56,D
sz000552,甘肃能化,2025-09-22 10:36:45,2.55,23300,2.56,D
sz000552,甘肃能化,2025-09-22 10:37:15,2.55,96200,2.56,D
sz000552,甘肃能化,2025-09-22 10:37:33,2.55,1060600,2.55,D
sz000552,甘肃能化,2025-09-22 10:37:36,2.55,96000,2.55,U
sz000552,甘肃能化,2025-09-22 10:37:51,2.55,20700,2.55,U
sz000552,甘肃能化,2025-09-22 10:38:06,2.55,99600,2.55,U
sz000552,甘肃能化,2025-09-22 10:38:09,2.55,71200,2.55,U
sz000552,甘肃能化,2025-09-22 10:38:12,2.55,50500,2.55,E
sz000552,甘肃能化,2025-09-22 10:38:21,2.55,44800,2.55,U
sz000552,甘肃能化,2025-09-22 10:39:00,2.56,28000,2.55,U
sz000552,甘肃能化,2025-09-22 10:39:21,2.55,36700,2.55,U
sz000552,甘肃能化,2025-09-22 10:39:51,2.55,21900,2.55,U
sz000552,甘肃能化,2025-09-22 10:41:18,2.54,57500,2.54,D
sz000552,甘肃能化,2025-09-22 10:43:42,2.54,510400,2.55,D
sz000552,甘肃能化,2025-09-22 10:43:51,2.55,80600,2.54,U
sz000552,甘肃能化,2025-09-22 10:45:12,2.54,25000,2.55,D
sz000552,甘肃能化,2025-09-22 10:46:27,2.55,21100,2.54,U
sz000552,甘肃能化,2025-09-22 10:46:33,2.54,35900,2.55,D
sz000552,甘肃能化,2025-09-22 10:47:09,2.53,1106900,2.54,D
sz000552,甘肃能化,2025-09-22 10:48:15,2.54,110000,2.54,U
sz000552,甘肃能化,2025-09-22 10:49:21,2.54,24000,2.54,U
sz000552,甘肃能化,2025-09-22 10:52:15,2.54,133000,2.54,U
sz000552,甘肃能化,2025-09-22 10:52:33,2.54,22400,2.54,U
sz000552,甘肃能化,2025-09-22 10:53:03,2.53,38300,2.54,D
sz000552,甘肃能化,2025-09-22 10:53:27,2.54,103300,2.54,U
sz000552,甘肃能化,2025-09-22 10:54:21,2.54,42800,2.54,U
sz000552,甘肃能化,2025-09-22 10:55:18,2.54,20000,2.54,U
sz000552,甘肃能化,2025-09-22 10:56:03,2.54,21100,2.54,U
sz000552,甘肃能化,2025-09-22 10:58:09,2.54,266400,2.54,U
sz000552,甘肃能化,2025-09-22 10:59:27,2.54,24200,2.54,U
sz000552,甘肃能化,2025-09-22 11:00:54,2.54,45800,2.54,U
sz000552,甘肃能化,2025-09-22 11:03:09,2.54,251600,2.54,U
sz000552,甘肃能化,2025-09-22 11:03:24,2.54,33600,2.55,D
sz000552,甘肃能化,2025-09-22 11:03:54,2.54,23300,2.55,D
sz000552,甘肃能化,2025-09-22 11:04:03,2.54,100000,2.54,D
sz000552,甘肃能化,2025-09-22 11:04:15,2.53,156600,2.54,D
sz000552,甘肃能化,2025-09-22 11:04:18,2.54,91500,2.53,U
sz000552,甘肃能化,2025-09-22 11:05:33,2.54,20000,2.54,U
sz000552,甘肃能化,2025-09-22 11:06:00,2.53,67500,2.54,D
sz000552,甘肃能化,2025-09-22 11:06:03,2.53,32900,2.53,D
sz000552,甘肃能化,2025-09-22 11:06:09,2.54,55700,2.53,U
sz000552,甘肃能化,2025-09-22 11:07:27,2.54,20400,2.54,U
sz000552,甘肃能化,2025-09-22 11:12:33,2.54,34500,2.54,U
sz000552,甘肃能化,2025-09-22 11:13:36,2.54,30600,2.53,U
sz000552,甘肃能化,2025-09-22 11:14:24,2.54,38200,2.54,U
sz000552,甘肃能化,2025-09-22 11:15:54,2.55,373100,2.54,U
sz000552,甘肃能化,2025-09-22 11:16:00,2.54,50000,2.55,D
sz000552,甘肃能化,2025-09-22 11:16:54,2.54,27000,2.55,D
sz000552,甘肃能化,2025-09-22 11:26:00,2.55,32400,2.55,U
sz000552,甘肃能化,2025-09-22 11:27:09,2.55,21300,2.55,U
sz000552,甘肃能化,2025-09-22 11:27:15,2.55,23200,2.55,U
sz000552,甘肃能化,2025-09-22 13:00:03,2.54,29800,2.54,D
sz000552,甘肃能化,2025-09-22 13:01:27,2.54,34500,2.55,D
sz000552,甘肃能化,2025-09-22 13:03:12,2.54,24000,2.55,D
sz000552,甘肃能化,2025-09-22 13:04:03,2.54,140500,2.55,D
sz000552,甘肃能化,2025-09-22 13:05:06,2.54,611800,2.55,D
sz000552,甘肃能化,2025-09-22 13:05:12,2.54,41600,2.54,U
sz000552,甘肃能化,2025-09-22 13:05:51,2.54,34800,2.54,U
sz000552,甘肃能化,2025-09-22 13:06:09,2.54,379200,2.54,U
sz000552,甘肃能化,2025-09-22 13:06:12,2.54,22000,2.54,D
sz000552,甘肃能化,2025-09-22 13:08:15,2.55,34200,2.55,U
sz000552,甘肃能化,2025-09-22 13:08:18,2.55,499200,2.55,U
sz000552,甘肃能化,2025-09-22 13:13:54,2.54,22700,2.55,D
sz000552,甘肃能化,2025-09-22 13:15:57,2.54,20000,2.55,D
sz000552,甘肃能化,2025-09-22 13:19:30,2.55,20400,2.54,U
sz000552,甘肃能化,2025-09-22 13:21:42,2.54,271100,2.55,D
sz000552,甘肃能化,2025-09-22 13:22:54,2.54,100600,2.55,D
sz000552,甘肃能化,2025-09-22 13:23:57,2.54,58300,2.55,D
sz000552,甘肃能化,2025-09-22 13:24:03,2.54,38700,2.54,D
sz000552,甘肃能化,2025-09-22 13:25:12,2.55,28100,2.55,U
sz000552,甘肃能化,2025-09-22 13:25:57,2.54,922100,2.55,D
sz000552,甘肃能化,2025-09-22 13:26:09,2.54,35600,2.54,U
sz000552,甘肃能化,2025-09-22 13:26:27,2.54,79400,2.54,U
sz000552,甘肃能化,2025-09-22 13:26:30,2.54,23400,2.54,U
sz000552,甘肃能化,2025-09-22 13:26:33,2.54,35900,2.54,U
sz000552,甘肃能化,2025-09-22 13:26:45,2.54,30600,2.54,D
sz000552,甘肃能化,2025-09-22 13:27:18,2.54,34300,2.54,D
sz000552,甘肃能化,2025-09-22 13:27:21,2.55,36700,2.54,U
sz000552,甘肃能化,2025-09-22 13:27:48,2.54,28600,2.54,D
sz000552,甘肃能化,2025-09-22 13:28:12,2.54,32000,2.54,U
sz000552,甘肃能化,2025-09-22 13:28:27,2.54,51900,2.54,U
sz000552,甘肃能化,2025-09-22 13:28:54,2.55,653700,2.53,U
sz000552,甘肃能化,2025-09-22 13:29:12,2.54,22600,2.55,D
sz000552,甘肃能化,2025-09-22 13:32:18,2.55,24400,2.54,U
sz000552,甘肃能化,2025-09-22 13:32:21,2.55,24000,2.55,U
sz000552,甘肃能化,2025-09-22 13:32:33,2.55,20000,2.55,U
sz000552,甘肃能化,2025-09-22 13:33:18,2.55,44000,2.55,U
sz000552,甘肃能化,2025-09-22 13:34:48,2.54,34500,2.54,D
sz000552,甘肃能化,2025-09-22 13:36:33,2.54,56600,2.54,D
sz000552,甘肃能化,2025-09-22 13:36:42,2.55,38800,2.55,U
sz000552,甘肃能化,2025-09-22 13:36:48,2.55,20400,2.55,U
sz000552,甘肃能化,2025-09-22 13:40:06,2.54,80200,2.55,D
sz000552,甘肃能化,2025-09-22 13:40:15,2.55,50000,2.55,U
sz000552,甘肃能化,2025-09-22 13:40:18,2.54,22500,2.55,D
sz000552,甘肃能化,2025-09-22 13:40:30,2.55,39000,2.54,U
sz000552,甘肃能化,2025-09-22 13:40:57,2.55,95800,2.54,U
sz000552,甘肃能化,2025-09-22 13:41:00,2.54,21100,2.55,D
sz000552,甘肃能化,2025-09-22 13:41:57,2.54,50300,2.54,D
sz000552,甘肃能化,2025-09-22 13:42:09,2.54,131200,2.54,D
sz000552,甘肃能化,2025-09-22 13:43:03,2.55,150000,2.55,U
sz000552,甘肃能化,2025-09-22 13:43:48,2.54,60100,2.55,D
sz000552,甘肃能化,2025-09-22 13:45:09,2.55,51200,2.55,U
sz000552,甘肃能化,2025-09-22 13:46:27,2.55,82000,2.55,U
sz000552,甘肃能化,2025-09-22 13:46:30,2.55,21700,2.55,U
sz000552,甘肃能化,2025-09-22 13:46:36,2.55,107300,2.55,U
sz000552,甘肃能化,2025-09-22 13:49:00,2.54,23400,2.55,D
sz000552,甘肃能化,2025-09-22 13:50:12,2.55,41600,2.55,U
sz000552,甘肃能化,2025-09-22 13:51:15,2.54,27500,2.55,D
sz000552,甘肃能化,2025-09-22 13:54:36,2.55,47500,2.55,U
sz000552,甘肃能化,2025-09-22 13:57:09,2.55,66200,2.55,U
sz000552,甘肃能化,2025-09-22 13:57:12,2.55,1092600,2.55,U
sz000552,甘肃能化,2025-09-22 13:57:18,2.55,60000,2.56,D
sz000552,甘肃能化,2025-09-22 13:57:21,2.56,28000,2.55,U
sz000552,甘肃能化,2025-09-22 13:57:27,2.56,20100,2.56,U
sz000552,甘肃能化,2025-09-22 13:57:42,2.56,25100,2.55,U
sz000552,甘肃能化,2025-09-22 13:57:45,2.56,637400,2.56,U
sz000552,甘肃能化,2025-09-22 13:57:48,2.56,84000,2.56,U
sz000552,甘肃能化,2025-09-22 13:57:54,2.56,32600,2.56,U
sz000552,甘肃能化,2025-09-22 13:58:06,2.56,24600,2.56,U
sz000552,甘肃能化,2025-09-22 14:00:06,2.55,34300,2.56,D
sz000552,甘肃能化,2025-09-22 14:00:48,2.55,157700,2.55,D
sz000552,甘肃能化,2025-09-22 14:04:24,2.56,20000,2.56,U
sz000552,甘肃能化,2025-09-22 14:04:57,2.56,76800,2.56,U
sz000552,甘肃能化,2025-09-22 14:05:00,2.55,20000,2.56,D
sz000552,甘肃能化,2025-09-22 14:08:39,2.56,32000,2.56,U
sz000552,甘肃能化,2025-09-22 14:08:54,2.55,21800,2.56,D
sz000552,甘肃能化,2025-09-22 14:09:12,2.55,48300,2.55,D
sz000552,甘肃能化,2025-09-22 14:09:24,2.55,21000,2.55,D
sz000552,甘肃能化,2025-09-22 14:10:15,2.56,229500,2.56,U
sz000552,甘肃能化,2025-09-22 14:11:27,2.55,39400,2.55,D
sz000552,甘肃能化,2025-09-22 14:13:48,2.56,22600,2.56,U
sz000552,甘肃能化,2025-09-22 14:14:27,2.56,20000,2.55,U
sz000552,甘肃能化,2025-09-22 14:17:15,2.55,77000,2.55,D
sz000552,甘肃能化,2025-09-22 14:19:09,2.56,20000,2.55,U
sz000552,甘肃能化,2025-09-22 14:23:27,2.56,59000,2.56,U
sz000552,甘肃能化,2025-09-22 14:24:12,2.55,43000,2.56,D
sz000552,甘肃能化,2025-09-22 14:25:09,2.56,195300,2.56,U
sz000552,甘肃能化,2025-09-22 14:25:12,2.56,72000,2.56,U
sz000552,甘肃能化,2025-09-22 14:25:15,2.56,23500,2.56,U
sz000552,甘肃能化,2025-09-22 14:25:18,2.56,24000,2.56,U
sz000552,甘肃能化,2025-09-22 14:25:21,2.56,20100,2.56,U
sz000552,甘肃能化,2025-09-22 14:25:45,2.56,21000,2.56,U
sz000552,甘肃能化,2025-09-22 14:26:45,2.56,28000,2.56,U
sz000552,甘肃能化,2025-09-22 14:26:57,2.55,56600,2.56,D
sz000552,甘肃能化,2025-09-22 14:29:24,2.56,44300,2.56,U
sz000552,甘肃能化,2025-09-22 14:29:30,2.55,44400,2.56,D
sz000552,甘肃能化,2025-09-22 14:30:18,2.56,24100,2.56,U
sz000552,甘肃能化,2025-09-22 14:30:27,2.56,25300,2.56,U
sz000552,甘肃能化,2025-09-22 14:30:36,2.56,25100,2.56,U
sz000552,甘肃能化,2025-09-22 14:30:48,2.56,31400,2.56,U
sz000552,甘肃能化,2025-09-22 14:31:27,2.55,29300,2.56,D
sz000552,甘肃能化,2025-09-22 14:31:39,2.56,156000,2.56,U
sz000552,甘肃能化,2025-09-22 14:31:42,2.56,40600,2.56,U
sz000552,甘肃能化,2025-09-22 14:31:45,2.56,32600,2.56,U
sz000552,甘肃能化,2025-09-22 14:32:09,2.55,23900,2.56,D
sz000552,甘肃能化,2025-09-22 14:32:12,2.55,145100,2.55,D
sz000552,甘肃能化,2025-09-22 14:33:21,2.56,40000,2.56,U
sz000552,甘肃能化,2025-09-22 14:34:21,2.56,41900,2.56,U
sz000552,甘肃能化,2025-09-22 14:34:27,2.55,30500,2.56,D
sz000552,甘肃能化,2025-09-22 14:35:03,2.57,27500,2.56,U
sz000552,甘肃能化,2025-09-22 14:35:21,2.55,78500,2.56,D
sz000552,甘肃能化,2025-09-22 14:35:24,2.56,42600,2.55,U
sz000552,甘肃能化,2025-09-22 14:35:36,2.57,28000,2.57,U
sz000552,甘肃能化,2025-09-22 14:35:42,2.56,58500,2.56,D
sz000552,甘肃能化,2025-09-22 14:38:03,2.56,41600,2.57,D
sz000552,甘肃能化,2025-09-22 14:39:33,2.56,783500,2.57,D
sz000552,甘肃能化,2025-09-22 14:39:51,2.56,30100,2.56,U
sz000552,甘肃能化,2025-09-22 14:40:00,2.56,69400,2.56,U
sz000552,甘肃能化,2025-09-22 14:40:21,2.56,58800,2.56,D
sz000552,甘肃能化,2025-09-22 14:41:09,2.56,34400,2.56,D
sz000552,甘肃能化,2025-09-22 14:41:15,2.55,40600,2.56,D
sz000552,甘肃能化,2025-09-22 14:42:48,2.56,20300,2.56,U
sz000552,甘肃能化,2025-09-22 14:43:06,2.56,23500,2.56,U
sz000552,甘肃能化,2025-09-22 14:43:42,2.55,70100,2.56,D
sz000552,甘肃能化,2025-09-22 14:47:06,2.56,20800,2.56,U
sz000552,甘肃能化,2025-09-22 14:48:03,2.56,84000,2.56,U
sz000552,甘肃能化,2025-09-22 14:48:18,2.55,765700,2.56,D
sz000552,甘肃能化,2025-09-22 14:48:21,2.56,89600,2.55,U
sz000552,甘肃能化,2025-09-22 14:49:27,2.55,20000,2.55,D
sz000552,甘肃能化,2025-09-22 14:49:57,2.56,24100,2.56,U
sz000552,甘肃能化,2025-09-22 14:50:18,2.55,30300,2.55,D
sz000552,甘肃能化,2025-09-22 14:51:03,2.56,41300,2.55,U
sz000552,甘肃能化,2025-09-22 14:51:27,2.55,21700,2.55,D
sz000552,甘肃能化,2025-09-22 14:52:57,2.56,45600,2.56,U
sz000552,甘肃能化,2025-09-22 14:54:03,2.56,22200,2.56,U
sz000552,甘肃能化,2025-09-22 14:55:03,2.56,149700,2.55,U
sz000552,甘肃能化,2025-09-22 14:55:39,2.56,40800,2.56,U
sz000552,甘肃能化,2025-09-22 14:56:21,2.56,155400,2.56,U
sz000552,甘肃能化,2025-09-22 14:56:24,2.56,35300,2.56,U
sz000552,甘肃能化,2025-09-22 14:56:30,2.55,54600,2.56,D
sz000552,甘肃能化,2025-09-22 14:56:33,2.55,57800,2.55,D
sz000552,甘肃能化,2025-09-22 14:56:36,2.56,38900,2.55,U
sz000552,甘肃能化,2025-09-22 14:56:39,2.56,39800,2.56,U
sz000552,甘肃能化,2025-09-22 15:00:00,2.56,295419,2.55,E
