symbol,name,ticktime,price,volume,prev_price,kind
sz000552,甘肃能化,2025-10-14 09:25:00,2.58,518400,0.0,E
sz000552,甘肃能化,2025-10-14 09:30:00,2.58,43500,2.58,U
sz000552,甘肃能化,2025-10-14 09:30:03,2.58,261700,2.58,D
sz000552,甘肃能化,2025-10-14 09:30:06,2.57,44200,2.58,D
sz000552,甘肃能化,2025-10-14 09:30:09,2.57,80100,2.57,D
sz000552,甘肃能化,2025-10-14 09:30:12,2.58,51500,2.57,U
sz000552,甘肃能化,2025-10-14 09:30:15,2.59,29200,2.58,U
sz000552,甘肃能化,2025-10-14 09:30:18,2.58,20500,2.59,D
sz000552,甘肃能化,2025-10-14 09:30:21,2.58,158700,2.58,D
sz000552,甘肃能化,2025-10-14 09:30:24,2.58,23100,2.58,D
sz000552,甘肃能化,2025-10-14 09:30:54,2.59,27400,2.58,U
sz000552,甘肃能化,2025-10-14 09:31:00,2.58,29100,2.58,D
sz000552,甘肃能化,2025-10-14 09:31:54,2.58,130800,2.58,D
sz000552,甘肃能化,2025-10-14 09:32:24,2.58,22200,2.59,D
sz000552,甘肃能化,2025-10-14 09:32:39,2.58,722100,2.59,D
sz000552,甘肃能化,2025-10-14 09:32:42,2.58,67900,2.58,U
sz000552,甘肃能化,2025-10-14 09:32:45,2.58,54400,2.58,U
sz000552,甘肃能化,2025-10-14 09:33:00,2.58,24700,2.58,D
sz000552,甘肃能化,2025-10-14 09:33:15,2.58,32000,2.59,D
sz000552,甘肃能化,2025-10-14 09:33:24,2.58,20000,2.58,D
sz000552,甘肃能化,2025-10-14 09:33:27,2.59,69500,2.58,U
sz000552,甘肃能化,2025-10-14 09:34:18,2.59,53700,2.58,U
sz000552,甘肃能化,2025-10-14 09:34:21,2.58,55100,2.59,D
sz000552,甘肃能化,2025-10-14 09:35:00,2.59,467200,2.58,U
sz000552,甘肃能化,2025-10-14 09:35:03,2.59,125900,2.59,U
sz000552,甘肃能化,2025-10-14 09:35:06,2.59,35700,2.59,U
sz000552,甘肃能化,2025-10-14 09:35:18,2.59,997300,2.59,U
sz000552,甘肃能化,2025-10-14 09:35:21,2.6,20100,2.59,U
sz000552,甘肃能化,2025-10-14 09:35:24,2.6,77300,2.6,U
sz000552,甘肃能化,2025-10-14 09:35:27,2.6,21500,2.6,U
sz000552,甘肃能化,2025-10-14 09:35:30,2.59,30500,2.6,D
sz000552,甘肃能化,2025-10-14 09:35:36,2.59,610500,2.59,D
sz000552,甘肃能化,2025-10-14 09:35:39,2.59,94100,2.59,U
sz000552,甘肃能化,2025-10-14 09:35:51,2.59,82700,2.59,U
sz000552,甘肃能化,2025-10-14 09:36:00,2.59,103800,2.58,U
sz000552,甘肃能化,2025-10-14 09:36:03,2.59,33700,2.59,U
sz000552,甘肃能化,2025-10-14 09:36:12,2.59,128200,2.59,U
sz000552,甘肃能化,2025-10-14 09:36:39,2.59,555400,2.59,U
sz000552,甘肃能化,2025-10-14 09:36:42,2.58,56600,2.59,D
sz000552,甘肃能化,2025-10-14 09:37:03,2.58,58400,2.59,D
sz000552,甘肃能化,2025-10-14 09:38:06,2.58,49900,2.59,D
sz000552,甘肃能化,2025-10-14 09:38:12,2.59,48800,2.58,U
sz000552,甘肃能化,2025-10-14 09:39:42,2.58,159400,2.58,D
sz000552,甘肃能化,2025-10-14 09:39:48,2.59,37300,2.58,U
sz000552,甘肃能化,2025-10-14 09:40:15,2.58,23700,2.58,D
sz000552,甘肃能化,2025-10-14 09:40:39,2.59,27100,2.59,U
sz000552,甘肃能化,2025-10-14 09:40:42,2.59,57000,2.59,U
sz000552,甘肃能化,2025-10-14 09:41:18,2.58,167500,2.58,D
sz000552,甘肃能化,2025-10-14 09:41:24,2.59,40100,2.58,U
sz000552,甘肃能化,2025-10-14 09:42:30,2.58,323100,2.58,D
sz000552,甘肃能化,2025-10-14 09:42:48,2.58,726700,2.58,D
sz000552,甘肃能化,2025-10-14 09:42:51,2.58,91500,2.58,U
sz000552,甘肃能化,2025-10-14 09:43:15,2.58,122400,2.58,D
sz000552,甘肃能化,2025-10-14 09:43:24,2.58,21700,2.58,D
sz000552,甘肃能化,2025-10-14 09:43:42,2.58,300000,2.59,D
sz000552,甘肃能化,2025-10-14 09:44:18,2.58,43600,2.58,D
sz000552,甘肃能化,2025-10-14 09:45:00,2.58,273200,2.58,D
sz000552,甘肃能化,2025-10-14 09:45:12,2.58,22100,2.58,U
sz000552,甘肃能化,2025-10-14 09:46:24,2.57,49600,2.57,D
sz000552,甘肃能化,2025-10-14 09:46:36,2.57,50000,2.57,D
sz000552,甘肃能化,2025-10-14 09:46:51,2.57,31700,2.57,D
sz000552,甘肃能化,2025-10-14 09:47:06,2.57,95300,2.57,D
sz000552,甘肃能化,2025-10-14 09:47:09,2.57,1009700,2.57,D
sz000552,甘肃能化,2025-10-14 09:47:21,2.57,100300,2.57,D
sz000552,甘肃能化,2025-10-14 09:47:24,2.57,823500,2.57,D
sz000552,甘肃能化,2025-10-14 09:47:27,2.57,44600,2.57,D
sz000552,甘肃能化,2025-10-14 09:47:30,2.57,366800,2.57,U
sz000552,甘肃能化,2025-10-14 09:47:36,2.57,754300,2.57,D
sz000552,甘肃能化,2025-10-14 09:47:42,2.57,25900,2.57,D
sz000552,甘肃能化,2025-10-14 09:47:45,2.57,27100,2.57,D
sz000552,甘肃能化,2025-10-14 09:48:21,2.57,180700,2.57,U
sz000552,甘肃能化,2025-10-14 09:48:27,2.57,200600,2.57,D
sz000552,甘肃能化,2025-10-14 09:48:51,2.56,101900,2.56,D
sz000552,甘肃能化,2025-10-14 09:49:15,2.57,243100,2.56,U
sz000552,甘肃能化,2025-10-14 09:49:18,2.57,23000,2.57,D
sz000552,甘肃能化,2025-10-14 09:49:24,2.57,34100,2.57,D
sz000552,甘肃能化,2025-10-14 09:49:30,2.58,400700,2.57,U
sz000552,甘肃能化,2025-10-14 09:50:00,2.58,325700,2.57,U
sz000552,甘肃能化,2025-10-14 09:50:09,2.58,134000,2.58,U
sz000552,甘肃能化,2025-10-14 09:50:15,2.58,33000,2.57,U
sz000552,甘肃能化,2025-10-14 09:50:18,2.58,136800,2.58,U
sz000552,甘肃能化,2025-10-14 09:50:21,2.58,27300,2.58,U
sz000552,甘肃能化,2025-10-14 09:50:30,2.58,40300,2.58,D
sz000552,甘肃能化,2025-10-14 09:51:30,2.59,21900,2.58,U
sz000552,甘肃能化,2025-10-14 09:52:15,2.59,81400,2.59,U
sz000552,甘肃能化,2025-10-14 09:52:18,2.6,2925600,2.59,U
sz000552,甘肃能化,2025-10-14 09:52:21,2.6,51700,2.6,U
sz000552,甘肃能化,2025-10-14 09:52:39,2.6,53000,2.59,U
sz000552,甘肃能化,2025-10-14 09:52:42,2.6,302100,2.6,U
sz000552,甘肃能化,2025-10-14 09:52:51,2.6,21700,2.59,U
sz000552,甘肃能化,2025-10-14 09:53:03,2.6,92300,2.59,U
sz000552,甘肃能化,2025-10-14 09:53:06,2.6,35100,2.6,U
sz000552,甘肃能化,2025-10-14 09:53:12,2.6,62800,2.59,U
sz000552,甘肃能化,2025-10-14 09:53:15,2.6,31400,2.6,U
sz000552,甘肃能化,2025-10-14 09:53:21,2.59,212100,2.59,D
sz000552,甘肃能化,2025-10-14 09:53:33,2.6,360900,2.59,U
sz000552,甘肃能化,2025-10-14 09:54:00,2.59,27400,2.59,D
sz000552,甘肃能化,2025-10-14 09:54:06,2.59,34300,2.6,D
sz000552,甘肃能化,2025-10-14 09:54:24,2.6,30000,2.6,U
sz000552,甘肃能化,2025-10-14 09:54:42,2.6,30200,2.59,U
sz000552,甘肃能化,2025-10-14 09:54:51,2.6,29400,2.59,U
sz000552,甘肃能化,2025-10-14 09:55:00,2.6,86900,2.59,U
sz000552,甘肃能化,2025-10-14 09:55:03,2.6,39400,2.6,U
sz000552,甘肃能化,2025-10-14 09:55:06,2.6,28000,2.6,U
sz000552,甘肃能化,2025-10-14 09:55:18,2.6,41300,2.59,U
sz000552,甘肃能化,2025-10-14 09:55:21,2.6,276400,2.6,U
sz000552,甘肃能化,2025-10-14 09:55:24,2.6,22400,2.6,U
sz000552,甘肃能化,2025-10-14 09:55:30,2.61,4412048,2.59,U
sz000552,甘肃能化,2025-10-14 09:55:33,2.61,38500,2.61,U
sz000552,甘肃能化,2025-10-14 09:55:36,2.6,58100,2.61,D
sz000552,甘肃能化,2025-10-14 09:55:51,2.61,173600,2.61,U
sz000552,甘肃能化,2025-10-14 09:56:03,2.6,31500,2.61,D
sz000552,甘肃能化,2025-10-14 09:56:06,2.61,22100,2.6,U
sz000552,甘肃能化,2025-10-14 09:56:09,2.61,54000,2.61,U
sz000552,甘肃能化,2025-10-14 09:56:12,2.61,35600,2.61,U
sz000552,甘肃能化,2025-10-14 09:56:18,2.6,248200,2.61,D
sz000552,甘肃能化,2025-10-14 09:56:21,2.61,29000,2.6,U
sz000552,甘肃能化,2025-10-14 09:56:24,2.6,128500,2.61,D
sz000552,甘肃能化,2025-10-14 09:56:30,2.61,60600,2.61,U
sz000552,甘肃能化,2025-10-14 09:56:48,2.61,24500,2.6,U
sz000552,甘肃能化,2025-10-14 09:57:03,2.6,33200,2.61,D
sz000552,甘肃能化,2025-10-14 09:57:06,2.61,86800,2.6,U
sz000552,甘肃能化,2025-10-14 09:57:21,2.61,21900,2.61,U
sz000552,甘肃能化,2025-10-14 09:57:39,2.61,23700,2.6,U
sz000552,甘肃能化,2025-10-14 09:57:48,2.6,36300,2.61,D
sz000552,甘肃能化,2025-10-14 09:57:57,2.61,28800,2.6,U
sz000552,甘肃能化,2025-10-14 09:58:06,2.61,43600,2.6,U
sz000552,甘肃能化,2025-10-14 09:58:09,2.61,75400,2.61,U
sz000552,甘肃能化,2025-10-14 09:58:18,2.61,51700,2.6,U
sz000552,甘肃能化,2025-10-14 09:58:33,2.61,43600,2.6,U
sz000552,甘肃能化,2025-10-14 09:58:45,2.61,36200,2.61,U
sz000552,甘肃能化,2025-10-14 09:58:57,2.61,63400,2.6,U
sz000552,甘肃能化,2025-10-14 09:59:03,2.6,258500,2.61,D
sz000552,甘肃能化,2025-10-14 09:59:06,2.6,37400,2.6,D
sz000552,甘肃能化,2025-10-14 09:59:09,2.61,21900,2.6,U
sz000552,甘肃能化,2025-10-14 09:59:15,2.61,25400,2.6,U
sz000552,甘肃能化,2025-10-14 09:59:18,2.6,149800,2.61,D
sz000552,甘肃能化,2025-10-14 09:59:21,2.61,819900,2.6,U
sz000552,甘肃能化,2025-10-14 09:59:24,2.61,83100,2.61,U
sz000552,甘肃能化,2025-10-14 09:59:30,2.61,22000,2.61,U
sz000552,甘肃能化,2025-10-14 09:59:33,2.6,89400,2.61,D
sz000552,甘肃能化,2025-10-14 09:59:42,2.6,21600,2.6,D
sz000552,甘肃能化,2025-10-14 10:00:24,2.6,27700,2.6,D
sz000552,甘肃能化,2025-10-14 10:00:42,2.61,329100,2.61,U
sz000552,甘肃能化,2025-10-14 10:00:45,2.61,531700,2.61,U
sz000552,甘肃能化,2025-10-14 10:00:48,2.61,370400,2.61,U
sz000552,甘肃能化,2025-10-14 10:00:51,2.6,116800,2.61,D
sz000552,甘肃能化,2025-10-14 10:00:54,2.61,157500,2.6,U
sz000552,甘肃能化,2025-10-14 10:00:57,2.62,29200,2.61,U
sz000552,甘肃能化,2025-10-14 10:01:00,2.62,42000,2.62,U
sz000552,甘肃能化,2025-10-14 10:01:06,2.61,42100,2.62,D
sz000552,甘肃能化,2025-10-14 10:01:09,2.61,681400,2.61,D
sz000552,甘肃能化,2025-10-14 10:01:15,2.6,36900,2.61,D
sz000552,甘肃能化,2025-10-14 10:02:45,2.61,79800,2.6,U
sz000552,甘肃能化,2025-10-14 10:02:57,2.6,29900,2.61,D
sz000552,甘肃能化,2025-10-14 10:03:09,2.61,67400,2.61,U
sz000552,甘肃能化,2025-10-14 10:03:12,2.61,52700,2.61,U
sz000552,甘肃能化,2025-10-14 10:03:15,2.61,307900,2.61,U
sz000552,甘肃能化,2025-10-14 10:03:24,2.61,57900,2.61,U
sz000552,甘肃能化,2025-10-14 10:03:30,2.6,217300,2.61,D
sz000552,甘肃能化,2025-10-14 10:03:33,2.62,240300,2.6,U
sz000552,甘肃能化,2025-10-14 10:03:36,2.61,175500,2.62,D
sz000552,甘肃能化,2025-10-14 10:03:39,2.61,52000,2.61,D
sz000552,甘肃能化,2025-10-14 10:03:48,2.61,21500,2.61,D
sz000552,甘肃能化,2025-10-14 10:03:54,2.61,305000,2.61,D
sz000552,甘肃能化,2025-10-14 10:04:15,2.61,23700,2.62,D
sz000552,甘肃能化,2025-10-14 10:04:18,2.61,20400,2.61,D
sz000552,甘肃能化,2025-10-14 10:04:24,2.62,70000,2.62,U
sz000552,甘肃能化,2025-10-14 10:04:27,2.62,20000,2.62,U
sz000552,甘肃能化,2025-10-14 10:04:45,2.62,148000,2.61,U
sz000552,甘肃能化,2025-10-14 10:04:51,2.61,101600,2.62,D
sz000552,甘肃能化,2025-10-14 10:05:09,2.62,29800,2.62,U
sz000552,甘肃能化,2025-10-14 10:05:18,2.61,21800,2.62,D
sz000552,甘肃能化,2025-10-14 10:05:27,2.62,20800,2.62,U
sz000552,甘肃能化,2025-10-14 10:05:36,2.62,170100,2.62,U
sz000552,甘肃能化,2025-10-14 10:05:39,2.62,344800,2.62,U
sz000552,甘肃能化,2025-10-14 10:05:42,2.61,35000,2.62,D
sz000552,甘肃能化,2025-10-14 10:05:45,2.62,1371900,2.61,U
sz000552,甘肃能化,2025-10-14 10:05:48,2.62,138000,2.62,U
sz000552,甘肃能化,2025-10-14 10:05:51,2.62,28700,2.62,D
sz000552,甘肃能化,2025-10-14 10:06:00,2.62,846400,2.62,D
sz000552,甘肃能化,2025-10-14 10:06:06,2.62,69000,2.62,U
sz000552,甘肃能化,2025-10-14 10:06:09,2.62,154100,2.62,U
sz000552,甘肃能化,2025-10-14 10:06:12,2.61,70300,2.62,D
sz000552,甘肃能化,2025-10-14 10:06:18,2.62,30000,2.62,U
sz000552,甘肃能化,2025-10-14 10:06:24,2.62,689200,2.62,U
sz000552,甘肃能化,2025-10-14 10:07:00,2.62,20100,2.61,U
sz000552,甘肃能化,2025-10-14 10:07:24,2.62,31700,2.62,U
sz000552,甘肃能化,2025-10-14 10:07:57,2.61,41000,2.61,D
sz000552,甘肃能化,2025-10-14 10:08:09,2.61,41100,2.61,D
sz000552,甘肃能化,2025-10-14 10:08:18,2.61,853500,2.61,D
sz000552,甘肃能化,2025-10-14 10:08:21,2.61,130000,2.61,U
sz000552,甘肃能化,2025-10-14 10:08:51,2.61,25200,2.61,D
sz000552,甘肃能化,2025-10-14 10:09:00,2.61,22200,2.61,D
sz000552,甘肃能化,2025-10-14 10:09:12,2.61,29000,2.61,D
sz000552,甘肃能化,2025-10-14 10:09:27,2.62,37000,2.61,U
sz000552,甘肃能化,2025-10-14 10:09:39,2.61,24000,2.62,D
sz000552,甘肃能化,2025-10-14 10:09:57,2.62,162300,2.62,U
sz000552,甘肃能化,2025-10-14 10:10:03,2.62,22900,2.62,U
sz000552,甘肃能化,2025-10-14 10:10:09,2.62,49800,2.61,U
sz000552,甘肃能化,2025-10-14 10:10:18,2.61,68000,2.62,D
sz000552,甘肃能化,2025-10-14 10:10:27,2.61,326800,2.61,D
sz000552,甘肃能化,2025-10-14 10:11:09,2.61,306200,2.61,D
sz000552,甘肃能化,2025-10-14 10:11:39,2.61,112100,2.61,D
sz000552,甘肃能化,2025-10-14 10:11:42,2.6,26700,2.61,D
sz000552,甘肃能化,2025-10-14 10:12:06,2.61,55000,2.61,U
sz000552,甘肃能化,2025-10-14 10:12:09,2.61,143800,2.61,U
sz000552,甘肃能化,2025-10-14 10:12:12,2.61,31900,2.61,D
sz000552,甘肃能化,2025-10-14 10:12:15,2.61,23100,2.61,D
sz000552,甘肃能化,2025-10-14 10:12:30,2.61,47900,2.61,D
sz000552,甘肃能化,2025-10-14 10:12:39,2.61,36400,2.61,E
sz000552,甘肃能化,2025-10-14 10:12:57,2.61,78100,2.61,D
sz000552,甘肃能化,2025-10-14 10:13:00,2.6,28100,2.61,D
sz000552,甘肃能化,2025-10-14 10:13:03,2.6,40000,2.6,D
sz000552,甘肃能化,2025-10-14 10:13:06,2.61,23700,2.6,U
sz000552,甘肃能化,2025-10-14 10:13:27,2.61,20800,2.6,U
sz000552,甘肃能化,2025-10-14 10:14:06,2.61,34300,2.6,U
sz000552,甘肃能化,2025-10-14 10:14:09,2.6,28600,2.61,D
sz000552,甘肃能化,2025-10-14 10:14:15,2.61,21500,2.61,U
sz000552,甘肃能化,2025-10-14 10:14:51,2.6,20200,2.6,D
sz000552,甘肃能化,2025-10-14 10:15:24,2.61,28100,2.61,U
sz000552,甘肃能化,2025-10-14 10:15:27,2.6,29900,2.61,D
sz000552,甘肃能化,2025-10-14 10:15:39,2.6,21200,2.61,D
sz000552,甘肃能化,2025-10-14 10:17:06,2.6,20000,2.6,D
sz000552,甘肃能化,2025-10-14 10:17:45,2.6,25600,2.6,D
sz000552,甘肃能化,2025-10-14 10:18:33,2.6,129000,2.6,D
sz000552,甘肃能化,2025-10-14 10:18:36,2.6,194900,2.6,D
sz000552,甘肃能化,2025-10-14 10:18:42,2.6,62800,2.6,D
sz000552,甘肃能化,2025-10-14 10:18:57,2.6,25200,2.6,D
sz000552,甘肃能化,2025-10-14 10:19:00,2.61,22700,2.6,U
sz000552,甘肃能化,2025-10-14 10:19:21,2.61,25700,2.6,U
sz000552,甘肃能化,2025-10-14 10:19:33,2.61,33300,2.6,U
sz000552,甘肃能化,2025-10-14 10:19:36,2.61,236600,2.61,U
sz000552,甘肃能化,2025-10-14 10:19:39,2.61,116000,2.61,U
sz000552,甘肃能化,2025-10-14 10:19:42,2.61,58400,2.61,U
sz000552,甘肃能化,2025-10-14 10:19:45,2.6,25100,2.61,D
sz000552,甘肃能化,2025-10-14 10:19:48,2.61,24600,2.6,U
sz000552,甘肃能化,2025-10-14 10:19:51,2.6,20000,2.61,D
sz000552,甘肃能化,2025-10-14 10:20:45,2.61,22000,2.6,U
sz000552,甘肃能化,2025-10-14 10:21:12,2.61,37200,2.61,U
sz000552,甘肃能化,2025-10-14 10:21:15,2.61,42500,2.61,U
sz000552,甘肃能化,2025-10-14 10:21:18,2.6,25600,2.61,D
sz000552,甘肃能化,2025-10-14 10:22:03,2.61,50600,2.61,U
sz000552,甘肃能化,2025-10-14 10:22:09,2.61,30300,2.6,U
sz000552,甘肃能化,2025-10-14 10:23:24,2.61,25000,2.61,U
sz000552,甘肃能化,2025-10-14 10:23:45,2.6,21800,2.6,D
sz000552,甘肃能化,2025-10-14 10:24:18,2.6,28200,2.6,D
sz000552,甘肃能化,2025-10-14 10:24:54,2.61,1081900,2.6,U
sz000552,甘肃能化,2025-10-14 10:24:57,2.61,305000,2.61,D
sz000552,甘肃能化,2025-10-14 10:25:00,2.61,40200,2.61,U
sz000552,甘肃能化,2025-10-14 10:25:06,2.61,104300,2.6,U
sz000552,甘肃能化,2025-10-14 10:25:27,2.61,36400,2.61,U
sz000552,甘肃能化,2025-10-14 10:25:30,2.61,289000,2.61,U
sz000552,甘肃能化,2025-10-14 10:25:33,2.6,156900,2.61,D
sz000552,甘肃能化,2025-10-14 10:25:36,2.6,34800,2.6,D
sz000552,甘肃能化,2025-10-14 10:25:39,2.61,22200,2.6,U
sz000552,甘肃能化,2025-10-14 10:25:42,2.6,241000,2.61,D
sz000552,甘肃能化,2025-10-14 10:25:48,2.6,50500,2.6,D
sz000552,甘肃能化,2025-10-14 10:25:57,2.61,100200,2.6,U
sz000552,甘肃能化,2025-10-14 10:26:03,2.61,246100,2.61,U
sz000552,甘肃能化,2025-10-14 10:26:09,2.6,70700,2.61,D
sz000552,甘肃能化,2025-10-14 10:26:12,2.61,33400,2.6,U
sz000552,甘肃能化,2025-10-14 10:26:15,2.6,115700,2.61,D
sz000552,甘肃能化,2025-10-14 10:26:18,2.61,37400,2.6,U
sz000552,甘肃能化,2025-10-14 10:26:21,2.61,61200,2.61,D
sz000552,甘肃能化,2025-10-14 10:26:24,2.61,61900,2.61,U
sz000552,甘肃能化,2025-10-14 10:26:27,2.6,71600,2.61,D
sz000552,甘肃能化,2025-10-14 10:26:30,2.61,30500,2.6,U
sz000552,甘肃能化,2025-10-14 10:26:51,2.61,21900,2.61,U
sz000552,甘肃能化,2025-10-14 10:26:57,2.61,144400,2.61,U
sz000552,甘肃能化,2025-10-14 10:27:03,2.61,46100,2.61,U
sz000552,甘肃能化,2025-10-14 10:27:06,2.61,56200,2.61,U
sz000552,甘肃能化,2025-10-14 10:27:12,2.61,22600,2.61,U
sz000552,甘肃能化,2025-10-14 10:27:24,2.61,42900,2.6,U
sz000552,甘肃能化,2025-10-14 10:27:30,2.61,22500,2.6,U
sz000552,甘肃能化,2025-10-14 10:28:42,2.61,198600,2.61,D
sz000552,甘肃能化,2025-10-14 10:28:48,2.6,52300,2.61,D
sz000552,甘肃能化,2025-10-14 10:29:15,2.61,20900,2.61,U
sz000552,甘肃能化,2025-10-14 10:29:24,2.61,33700,2.6,U
sz000552,甘肃能化,2025-10-14 10:29:33,2.61,27700,2.6,U
sz000552,甘肃能化,2025-10-14 10:29:36,2.61,24500,2.61,U
sz000552,甘肃能化,2025-10-14 10:29:39,2.6,38900,2.61,D
sz000552,甘肃能化,2025-10-14 10:29:42,2.6,21200,2.6,D
sz000552,甘肃能化,2025-10-14 10:30:12,2.61,22600,2.61,U
sz000552,甘肃能化,2025-10-14 10:30:27,2.61,23600,2.61,U
sz000552,甘肃能化,2025-10-14 10:30:30,2.62,410900,2.61,U
sz000552,甘肃能化,2025-10-14 10:30:33,2.61,31000,2.62,D
sz000552,甘肃能化,2025-10-14 10:30:39,2.61,82100,2.61,D
sz000552,甘肃能化,2025-10-14 10:30:45,2.61,44500,2.61,D
sz000552,甘肃能化,2025-10-14 10:30:51,2.61,25600,2.61,D
sz000552,甘肃能化,2025-10-14 10:30:57,2.61,343400,2.61,D
sz000552,甘肃能化,2025-10-14 10:31:00,2.61,90100,2.61,U
sz000552,甘肃能化,2025-10-14 10:31:03,2.61,61400,2.61,U
sz000552,甘肃能化,2025-10-14 10:31:06,2.61,49200,2.61,U
sz000552,甘肃能化,2025-10-14 10:31:09,2.6,41300,2.61,D
sz000552,甘肃能化,2025-10-14 10:33:18,2.61,40300,2.61,U
sz000552,甘肃能化,2025-10-14 10:35:06,2.61,38700,2.6,U
sz000552,甘肃能化,2025-10-14 10:35:42,2.61,39400,2.61,U
sz000552,甘肃能化,2025-10-14 10:36:12,2.6,33800,2.61,D
sz000552,甘肃能化,2025-10-14 10:37:06,2.61,126500,2.6,U
sz000552,甘肃能化,2025-10-14 10:37:12,2.61,48500,2.61,U
sz000552,甘肃能化,2025-10-14 10:37:15,2.61,34200,2.61,U
sz000552,甘肃能化,2025-10-14 10:37:39,2.6,20200,2.61,D
sz000552,甘肃能化,2025-10-14 10:38:06,2.6,40200,2.61,D
sz000552,甘肃能化,2025-10-14 10:39:33,2.61,93400,2.6,U
sz000552,甘肃能化,2025-10-14 10:39:36,2.6,28000,2.61,D
sz000552,甘肃能化,2025-10-14 10:40:06,2.6,27600,2.61,D
sz000552,甘肃能化,2025-10-14 10:40:12,2.61,28000,2.6,U
sz000552,甘肃能化,2025-10-14 10:40:21,2.6,47900,2.6,D
sz000552,甘肃能化,2025-10-14 10:41:06,2.61,32100,2.61,U
sz000552,甘肃能化,2025-10-14 10:42:15,2.61,23300,2.61,U
sz000552,甘肃能化,2025-10-14 10:42:27,2.6,125900,2.61,D
sz000552,甘肃能化,2025-10-14 10:42:30,2.61,47700,2.6,U
sz000552,甘肃能化,2025-10-14 10:42:33,2.61,34300,2.61,U
sz000552,甘肃能化,2025-10-14 10:42:36,2.6,56700,2.61,D
sz000552,甘肃能化,2025-10-14 10:42:54,2.61,61400,2.61,U
sz000552,甘肃能化,2025-10-14 10:43:06,2.61,54000,2.61,U
sz000552,甘肃能化,2025-10-14 10:43:12,2.6,45800,2.61,D
sz000552,甘肃能化,2025-10-14 10:43:18,2.61,156400,2.6,U
sz000552,甘肃能化,2025-10-14 10:43:24,2.6,36200,2.61,D
sz000552,甘肃能化,2025-10-14 10:43:57,2.6,26000,2.6,D
sz000552,甘肃能化,2025-10-14 10:48:03,2.6,1126200,2.6,D
sz000552,甘肃能化,2025-10-14 10:48:06,2.59,284600,2.6,D
sz000552,甘肃能化,2025-10-14 10:48:12,2.59,90500,2.6,D
sz000552,甘肃能化,2025-10-14 10:48:42,2.6,102700,2.59,U
sz000552,甘肃能化,2025-10-14 10:49:09,2.6,22100,2.6,U
sz000552,甘肃能化,2025-10-14 10:50:06,2.59,33100,2.59,D
sz000552,甘肃能化,2025-10-14 10:50:15,2.6,57900,2.6,U
sz000552,甘肃能化,2025-10-14 10:50:21,2.6,294900,2.6,U
sz000552,甘肃能化,2025-10-14 10:50:24,2.6,116300,2.6,D
sz000552,甘肃能化,2025-10-14 10:50:36,2.6,21100,2.6,D
sz000552,甘肃能化,2025-10-14 10:50:39,2.6,99300,2.6,D
sz000552,甘肃能化,2025-10-14 10:50:42,2.6,89500,2.6,U
sz000552,甘肃能化,2025-10-14 10:51:00,2.6,42900,2.6,U
sz000552,甘肃能化,2025-10-14 10:51:06,2.6,157700,2.6,U
sz000552,甘肃能化,2025-10-14 10:51:39,2.6,96700,2.61,D
sz000552,甘肃能化,2025-10-14 10:52:12,2.6,44100,2.6,D
sz000552,甘肃能化,2025-10-14 10:52:15,2.6,49700,2.6,D
sz000552,甘肃能化,2025-10-14 10:52:27,2.6,138700,2.6,D
sz000552,甘肃能化,2025-10-14 10:52:30,2.6,132600,2.6,U
sz000552,甘肃能化,2025-10-14 10:52:33,2.6,33000,2.6,U
sz000552,甘肃能化,2025-10-14 10:53:03,2.6,90900,2.6,U
sz000552,甘肃能化,2025-10-14 10:54:48,2.6,20000,2.59,U
sz000552,甘肃能化,2025-10-14 10:54:54,2.6,92800,2.6,U
sz000552,甘肃能化,2025-10-14 10:55:06,2.6,49000,2.6,U
sz000552,甘肃能化,2025-10-14 10:57:00,2.6,442000,2.6,U
sz000552,甘肃能化,2025-10-14 10:57:06,2.6,31500,2.6,U
sz000552,甘肃能化,2025-10-14 10:59:06,2.6,86100,2.6,U
sz000552,甘肃能化,2025-10-14 10:59:12,2.6,41900,2.6,U
sz000552,甘肃能化,2025-10-14 10:59:33,2.6,147400,2.6,U
sz000552,甘肃能化,2025-10-14 11:00:12,2.61,1570600,2.6,U
sz000552,甘肃能化,2025-10-14 11:00:15,2.6,396200,2.61,D
sz000552,甘肃能化,2025-10-14 11:00:18,2.61,60000,2.6,U
sz000552,甘肃能化,2025-10-14 11:00:24,2.6,88400,2.61,D
sz000552,甘肃能化,2025-10-14 11:00:30,2.6,35100,2.6,D
sz000552,甘肃能化,2025-10-14 11:00:51,2.6,140400,2.61,D
sz000552,甘肃能化,2025-10-14 11:01:06,2.61,22000,2.61,U
sz000552,甘肃能化,2025-10-14 11:01:39,2.61,51200,2.61,U
sz000552,甘肃能化,2025-10-14 11:01:45,2.61,31900,2.61,U
sz000552,甘肃能化,2025-10-14 11:01:48,2.6,37000,2.61,D
sz000552,甘肃能化,2025-10-14 11:02:06,2.61,79100,2.6,U
sz000552,甘肃能化,2025-10-14 11:02:09,2.61,22600,2.61,U
sz000552,甘肃能化,2025-10-14 11:02:12,2.6,20200,2.61,D
sz000552,甘肃能化,2025-10-14 11:02:30,2.61,130000,2.61,U
sz000552,甘肃能化,2025-10-14 11:02:39,2.6,61000,2.6,D
sz000552,甘肃能化,2025-10-14 11:02:42,2.61,21600,2.6,U
sz000552,甘肃能化,2025-10-14 11:02:45,2.6,26500,2.61,D
sz000552,甘肃能化,2025-10-14 11:03:06,2.61,62300,2.61,U
sz000552,甘肃能化,2025-10-14 11:04:12,2.61,345000,2.61,U
sz000552,甘肃能化,2025-10-14 11:04:15,2.61,98900,2.61,U
sz000552,甘肃能化,2025-10-14 11:04:18,2.61,101800,2.61,U
sz000552,甘肃能化,2025-10-14 11:04:39,2.61,30800,2.6,U
sz000552,甘肃能化,2025-10-14 11:05:00,2.61,80900,2.61,U
sz000552,甘肃能化,2025-10-14 11:05:06,2.61,53100,2.61,U
sz000552,甘肃能化,2025-10-14 11:05:15,2.6,36100,2.61,D
sz000552,甘肃能化,2025-10-14 11:05:21,2.61,119800,2.61,U
sz000552,甘肃能化,2025-10-14 11:05:24,2.61,173800,2.61,U
sz000552,甘肃能化,2025-10-14 11:05:27,2.61,244000,2.61,U
sz000552,甘肃能化,2025-10-14 11:05:42,2.61,20300,2.61,D
sz000552,甘肃能化,2025-10-14 11:06:12,2.62,36100,2.61,U
sz000552,甘肃能化,2025-10-14 11:06:15,2.61,430094,2.62,D
sz000552,甘肃能化,2025-10-14 11:06:18,2.61,174500,2.61,U
sz000552,甘肃能化,2025-10-14 11:07:06,2.61,28700,2.61,U
sz000552,甘肃能化,2025-10-14 11:07:27,2.61,26000,2.6,U
sz000552,甘肃能化,2025-10-14 11:07:33,2.61,162100,2.61,U
sz000552,甘肃能化,2025-10-14 11:07:36,2.61,29200,2.61,U
sz000552,甘肃能化,2025-10-14 11:08:12,2.61,57300,2.61,U
sz000552,甘肃能化,2025-10-14 11:08:21,2.61,56100,2.61,U
sz000552,甘肃能化,2025-10-14 11:08:42,2.61,203200,2.61,U
sz000552,甘肃能化,2025-10-14 11:08:45,2.61,29900,2.61,U
sz000552,甘肃能化,2025-10-14 11:09:00,2.61,32100,2.61,U
sz000552,甘肃能化,2025-10-14 11:09:09,2.61,45500,2.61,U
sz000552,甘肃能化,2025-10-14 11:09:15,2.61,117600,2.61,U
sz000552,甘肃能化,2025-10-14 11:09:27,2.61,130400,2.61,U
sz000552,甘肃能化,2025-10-14 11:09:30,2.61,57500,2.61,U
sz000552,甘肃能化,2025-10-14 11:10:09,2.61,38300,2.61,U
sz000552,甘肃能化,2025-10-14 11:11:48,2.61,30600,2.6,U
sz000552,甘肃能化,2025-10-14 11:12:21,2.6,24100,2.6,D
sz000552,甘肃能化,2025-10-14 11:12:36,2.6,51100,2.61,D
sz000552,甘肃能化,2025-10-14 11:13:24,2.61,382800,2.6,U
sz000552,甘肃能化,2025-10-14 11:13:27,2.61,67200,2.61,U
sz000552,甘肃能化,2025-10-14 11:13:36,2.61,146100,2.61,U
sz000552,甘肃能化,2025-10-14 11:14:06,2.62,21800,2.62,U
sz000552,甘肃能化,2025-10-14 11:14:30,2.62,52800,2.62,U
sz000552,甘肃能化,2025-10-14 11:14:33,2.62,34000,2.62,U
sz000552,甘肃能化,2025-10-14 11:14:36,2.62,60900,2.62,U
sz000552,甘肃能化,2025-10-14 11:17:36,2.61,22300,2.61,D
sz000552,甘肃能化,2025-10-14 11:18:18,2.61,51800,2.62,D
sz000552,甘肃能化,2025-10-14 11:19:33,2.62,35200,2.62,U
sz000552,甘肃能化,2025-10-14 11:19:36,2.61,100200,2.62,D
sz000552,甘肃能化,2025-10-14 11:19:57,2.61,1625500,2.61,D
sz000552,甘肃能化,2025-10-14 11:20:06,2.61,28100,2.61,U
sz000552,甘肃能化,2025-10-14 11:20:09,2.61,47100,2.61,U
sz000552,甘肃能化,2025-10-14 11:20:36,2.61,80900,2.61,D
sz000552,甘肃能化,2025-10-14 11:20:42,2.61,28800,2.61,D
sz000552,甘肃能化,2025-10-14 11:21:06,2.61,52200,2.61,U
sz000552,甘肃能化,2025-10-14 11:24:33,2.61,301800,2.6,U
sz000552,甘肃能化,2025-10-14 11:25:03,2.61,307700,2.6,U
sz000552,甘肃能化,2025-10-14 11:25:39,2.61,20000,2.62,D
sz000552,甘肃能化,2025-10-14 11:25:54,2.62,79500,2.61,U
sz000552,甘肃能化,2025-10-14 11:27:03,2.61,23500,2.62,D
sz000552,甘肃能化,2025-10-14 11:27:09,2.61,177700,2.61,D
sz000552,甘肃能化,2025-10-14 11:28:33,2.61,41300,2.61,U
sz000552,甘肃能化,2025-10-14 11:29:39,2.61,47200,2.61,U
sz000552,甘肃能化,2025-10-14 13:00:00,2.61,48900,2.61,D
sz000552,甘肃能化,2025-10-14 13:00:03,2.61,359300,2.61,U
sz000552,甘肃能化,2025-10-14 13:00:06,2.61,45600,2.61,U
sz000552,甘肃能化,2025-10-14 13:00:15,2.61,115300,2.61,U
sz000552,甘肃能化,2025-10-14 13:00:24,2.61,22700,2.61,D
sz000552,甘肃能化,2025-10-14 13:00:27,2.61,128100,2.61,E
sz000552,甘肃能化,2025-10-14 13:00:33,2.61,23400,2.61,D
sz000552,甘肃能化,2025-10-14 13:01:03,2.61,28100,2.61,U
sz000552,甘肃能化,2025-10-14 13:01:09,2.61,79800,2.61,U
sz000552,甘肃能化,2025-10-14 13:01:15,2.6,70000,2.61,D
sz000552,甘肃能化,2025-10-14 13:01:51,2.61,40200,2.61,U
sz000552,甘肃能化,2025-10-14 13:01:54,2.61,21500,2.61,U
sz000552,甘肃能化,2025-10-14 13:02:36,2.6,50000,2.61,D
sz000552,甘肃能化,2025-10-14 13:03:27,2.6,200600,2.61,D
sz000552,甘肃能化,2025-10-14 13:04:00,2.6,50000,2.61,D
sz000552,甘肃能化,2025-10-14 13:04:09,2.61,34200,2.6,U
sz000552,甘肃能化,2025-10-14 13:04:33,2.6,21700,2.61,D
sz000552,甘肃能化,2025-10-14 13:05:33,2.6,601200,2.61,D
sz000552,甘肃能化,2025-10-14 13:05:45,2.6,881706,2.6,D
sz000552,甘肃能化,2025-10-14 13:06:00,2.6,425600,2.61,D
sz000552,甘肃能化,2025-10-14 13:06:54,2.6,44100,2.6,D
sz000552,甘肃能化,2025-10-14 13:06:57,2.6,21700,2.6,D
sz000552,甘肃能化,2025-10-14 13:07:00,2.61,31400,2.6,U
sz000552,甘肃能化,2025-10-14 13:07:12,2.6,58800,2.61,D
sz000552,甘肃能化,2025-10-14 13:07:57,2.6,96500,2.6,D
sz000552,甘肃能化,2025-10-14 13:08:39,2.6,201000,2.6,D
sz000552,甘肃能化,2025-10-14 13:09:03,2.6,23000,2.6,D
sz000552,甘肃能化,2025-10-14 13:12:00,2.61,105400,2.6,U
sz000552,甘肃能化,2025-10-14 13:13:00,2.6,121600,2.6,D
sz000552,甘肃能化,2025-10-14 13:13:12,2.6,20000,2.6,D
sz000552,甘肃能化,2025-10-14 13:14:27,2.6,20000,2.61,D
sz000552,甘肃能化,2025-10-14 13:14:36,2.61,30100,2.6,U
sz000552,甘肃能化,2025-10-14 13:16:24,2.6,20000,2.6,D
sz000552,甘肃能化,2025-10-14 13:16:33,2.6,23700,2.6,D
sz000552,甘肃能化,2025-10-14 13:18:12,2.61,62400,2.61,U
sz000552,甘肃能化,2025-10-14 13:19:30,2.61,39300,2.61,U
sz000552,甘肃能化,2025-10-14 13:20:12,2.61,20600,2.6,U
sz000552,甘肃能化,2025-10-14 13:21:09,2.6,20000,2.6,D
sz000552,甘肃能化,2025-10-14 13:21:18,2.61,47700,2.6,U
sz000552,甘肃能化,2025-10-14 13:23:51,2.6,42800,2.6,D
sz000552,甘肃能化,2025-10-14 13:26:57,2.6,30000,2.61,D
sz000552,甘肃能化,2025-10-14 13:27:42,2.61,21600,2.61,U
sz000552,甘肃能化,2025-10-14 13:28:39,2.61,20100,2.61,U
sz000552,甘肃能化,2025-10-14 13:28:48,2.6,27000,2.61,D
sz000552,甘肃能化,2025-10-14 13:29:30,2.6,39200,2.6,D
sz000552,甘肃能化,2025-10-14 13:29:33,2.6,65100,2.6,D
sz000552,甘肃能化,2025-10-14 13:30:06,2.6,308000,2.6,D
sz000552,甘肃能化,2025-10-14 13:32:15,2.61,23400,2.6,U
sz000552,甘肃能化,2025-10-14 13:33:57,2.61,40000,2.61,U
sz000552,甘肃能化,2025-10-14 13:34:18,2.61,20300,2.61,U
sz000552,甘肃能化,2025-10-14 13:40:36,2.6,1753900,2.6,D
sz000552,甘肃能化,2025-10-14 13:40:39,2.6,23700,2.6,U
sz000552,甘肃能化,2025-10-14 13:40:42,2.6,25600,2.6,U
sz000552,甘肃能化,2025-10-14 13:40:57,2.6,29200,2.6,U
sz000552,甘肃能化,2025-10-14 13:41:03,2.59,41400,2.6,D
sz000552,甘肃能化,2025-10-14 13:42:06,2.6,29300,2.59,U
sz000552,甘肃能化,2025-10-14 13:42:09,2.6,92300,2.6,U
sz000552,甘肃能化,2025-10-14 13:42:12,2.6,27700,2.6,U
sz000552,甘肃能化,2025-10-14 13:42:33,2.6,21900,2.59,U
sz000552,甘肃能化,2025-10-14 13:43:06,2.59,37300,2.59,D
sz000552,甘肃能化,2025-10-14 13:43:42,2.61,549800,2.6,U
sz000552,甘肃能化,2025-10-14 13:45:39,2.6,333900,2.6,D
sz000552,甘肃能化,2025-10-14 13:46:06,2.59,200100,2.6,D
sz000552,甘肃能化,2025-10-14 13:46:09,2.6,35700,2.59,U
sz000552,甘肃能化,2025-10-14 13:46:21,2.6,31000,2.6,U
sz000552,甘肃能化,2025-10-14 13:47:03,2.6,33300,2.6,U
sz000552,甘肃能化,2025-10-14 13:47:27,2.6,23700,2.6,U
sz000552,甘肃能化,2025-10-14 13:50:06,2.6,25600,2.59,U
sz000552,甘肃能化,2025-10-14 13:52:57,2.59,20200,2.6,D
sz000552,甘肃能化,2025-10-14 13:53:21,2.59,21400,2.6,D
sz000552,甘肃能化,2025-10-14 13:53:42,2.6,413500,2.6,U
sz000552,甘肃能化,2025-10-14 13:53:45,2.6,795200,2.6,U
sz000552,甘肃能化,2025-10-14 13:54:27,2.6,24000,2.61,D
sz000552,甘肃能化,2025-10-14 13:54:51,2.6,20000,2.6,D
sz000552,甘肃能化,2025-10-14 13:55:15,2.6,340400,2.6,D
sz000552,甘肃能化,2025-10-14 13:55:18,2.6,30800,2.6,U
sz000552,甘肃能化,2025-10-14 13:55:48,2.59,60500,2.59,D
sz000552,甘肃能化,2025-10-14 13:58:12,2.6,37600,2.6,D
sz000552,甘肃能化,2025-10-14 13:58:15,2.6,22300,2.6,D
sz000552,甘肃能化,2025-10-14 13:58:18,2.6,440400,2.6,D
sz000552,甘肃能化,2025-10-14 13:58:39,2.6,143600,2.59,U
sz000552,甘肃能化,2025-10-14 13:59:03,2.6,31100,2.59,U
sz000552,甘肃能化,2025-10-14 13:59:33,2.59,33800,2.6,D
sz000552,甘肃能化,2025-10-14 14:01:27,2.6,20000,2.59,U
sz000552,甘肃能化,2025-10-14 14:02:06,2.6,46000,2.6,U
sz000552,甘肃能化,2025-10-14 14:04:15,2.59,27000,2.59,D
sz000552,甘肃能化,2025-10-14 14:05:06,2.6,67300,2.59,U
sz000552,甘肃能化,2025-10-14 14:05:09,2.6,245400,2.6,U
sz000552,甘肃能化,2025-10-14 14:05:12,2.6,70500,2.6,U
sz000552,甘肃能化,2025-10-14 14:05:24,2.6,25000,2.6,U
sz000552,甘肃能化,2025-10-14 14:05:27,2.6,37100,2.6,U
sz000552,甘肃能化,2025-10-14 14:05:45,2.6,117500,2.6,U
sz000552,甘肃能化,2025-10-14 14:06:03,2.6,189300,2.61,D
sz000552,甘肃能化,2025-10-14 14:06:48,2.6,26100,2.6,U
sz000552,甘肃能化,2025-10-14 14:07:18,2.6,105100,2.6,U
sz000552,甘肃能化,2025-10-14 14:07:36,2.61,29700,2.61,U
sz000552,甘肃能化,2025-10-14 14:07:45,2.6,324900,2.6,D
sz000552,甘肃能化,2025-10-14 14:08:48,2.6,26700,2.61,D
sz000552,甘肃能化,2025-10-14 14:09:00,2.59,181500,2.6,D
sz000552,甘肃能化,2025-10-14 14:09:03,2.6,45400,2.59,U
sz000552,甘肃能化,2025-10-14 14:09:06,2.6,107200,2.6,U
sz000552,甘肃能化,2025-10-14 14:10:21,2.6,73700,2.6,D
sz000552,甘肃能化,2025-10-14 14:10:54,2.6,195800,2.6,D
sz000552,甘肃能化,2025-10-14 14:10:57,2.6,114600,2.6,U
sz000552,甘肃能化,2025-10-14 14:11:00,2.6,108100,2.6,D
sz000552,甘肃能化,2025-10-14 14:11:21,2.6,30300,2.6,U
sz000552,甘肃能化,2025-10-14 14:11:30,2.6,23700,2.6,U
sz000552,甘肃能化,2025-10-14 14:11:33,2.6,34600,2.6,D
sz000552,甘肃能化,2025-10-14 14:12:21,2.6,27000,2.6,D
sz000552,甘肃能化,2025-10-14 14:12:42,2.6,20000,2.6,D
sz000552,甘肃能化,2025-10-14 14:13:09,2.59,22600,2.6,D
sz000552,甘肃能化,2025-10-14 14:15:54,2.6,100000,2.6,D
sz000552,甘肃能化,2025-10-14 14:16:03,2.6,37600,2.61,D
sz000552,甘肃能化,2025-10-14 14:17:03,2.6,48400,2.6,D
sz000552,甘肃能化,2025-10-14 14:17:24,2.61,24300,2.61,U
sz000552,甘肃能化,2025-10-14 14:17:27,2.6,318900,2.61,D
sz000552,甘肃能化,2025-10-14 14:17:30,2.6,23900,2.6,D
sz000552,甘肃能化,2025-10-14 14:17:33,2.61,31500,2.6,U
sz000552,甘肃能化,2025-10-14 14:18:06,2.6,95200,2.6,D
sz000552,甘肃能化,2025-10-14 14:18:39,2.6,39200,2.59,U
sz000552,甘肃能化,2025-10-14 14:21:21,2.59,48000,2.59,D
sz000552,甘肃能化,2025-10-14 14:23:36,2.6,27900,2.59,U
sz000552,甘肃能化,2025-10-14 14:25:42,2.6,81800,2.6,U
sz000552,甘肃能化,2025-10-14 14:28:12,2.59,20000,2.59,D
sz000552,甘肃能化,2025-10-14 14:28:27,2.59,20100,2.59,D
sz000552,甘肃能化,2025-10-14 14:28:42,2.59,203700,2.6,D
sz000552,甘肃能化,2025-10-14 14:29:09,2.59,21300,2.59,D
sz000552,甘肃能化,2025-10-14 14:29:48,2.6,87000,2.6,U
sz000552,甘肃能化,2025-10-14 14:29:51,2.6,26600,2.6,U
sz000552,甘肃能化,2025-10-14 14:30:42,2.6,202600,2.6,U
sz000552,甘肃能化,2025-10-14 14:30:45,2.6,101000,2.6,U
sz000552,甘肃能化,2025-10-14 14:30:48,2.6,218800,2.6,U
sz000552,甘肃能化,2025-10-14 14:30:51,2.6,96200,2.6,U
sz000552,甘肃能化,2025-10-14 14:30:57,2.6,43900,2.6,U
sz000552,甘肃能化,2025-10-14 14:31:06,2.6,90700,2.6,U
sz000552,甘肃能化,2025-10-14 14:31:09,2.6,62900,2.6,U
sz000552,甘肃能化,2025-10-14 14:31:18,2.6,65500,2.6,U
sz000552,甘肃能化,2025-10-14 14:31:24,2.6,154000,2.6,U
sz000552,甘肃能化,2025-10-14 14:31:39,2.6,21700,2.6,D
sz000552,甘肃能化,2025-10-14 14:33:12,2.61,42700,2.6,U
sz000552,甘肃能化,2025-10-14 14:34:09,2.6,20100,2.6,D
sz000552,甘肃能化,2025-10-14 14:34:12,2.6,26500,2.6,D
sz000552,甘肃能化,2025-10-14 14:34:15,2.6,20400,2.6,D
sz000552,甘肃能化,2025-10-14 14:34:33,2.61,54400,2.61,U
sz000552,甘肃能化,2025-10-14 14:35:06,2.6,36800,2.6,D
sz000552,甘肃能化,2025-10-14 14:35:36,2.6,53800,2.6,D
sz000552,甘肃能化,2025-10-14 14:35:39,2.6,1007400,2.6,D
sz000552,甘肃能化,2025-10-14 14:36:09,2.6,211500,2.6,U
sz000552,甘肃能化,2025-10-14 14:36:15,2.6,134400,2.6,D
sz000552,甘肃能化,2025-10-14 14:36:33,2.6,79000,2.6,D
sz000552,甘肃能化,2025-10-14 14:36:36,2.6,61300,2.6,D
sz000552,甘肃能化,2025-10-14 14:36:48,2.6,143200,2.6,D
sz000552,甘肃能化,2025-10-14 14:36:57,2.6,114900,2.6,D
sz000552,甘肃能化,2025-10-14 14:37:00,2.6,123900,2.6,E
sz000552,甘肃能化,2025-10-14 14:37:06,2.6,25100,2.6,D
sz000552,甘肃能化,2025-10-14 14:37:54,2.6,47600,2.6,U
sz000552,甘肃能化,2025-10-14 14:38:30,2.6,61400,2.6,U
sz000552,甘肃能化,2025-10-14 14:39:09,2.6,145800,2.6,U
sz000552,甘肃能化,2025-10-14 14:41:15,2.6,133100,2.59,U
sz000552,甘肃能化,2025-10-14 14:41:33,2.59,39500,2.59,D
sz000552,甘肃能化,2025-10-14 14:41:39,2.59,39900,2.59,D
sz000552,甘肃能化,2025-10-14 14:41:42,2.6,22500,2.59,U
sz000552,甘肃能化,2025-10-14 14:43:27,2.6,181600,2.59,U
sz000552,甘肃能化,2025-10-14 14:44:15,2.59,43900,2.59,D
sz000552,甘肃能化,2025-10-14 14:44:18,2.59,25500,2.59,D
sz000552,甘肃能化,2025-10-14 14:45:24,2.59,36500,2.6,D
sz000552,甘肃能化,2025-10-14 14:47:24,2.6,45700,2.6,U
sz000552,甘肃能化,2025-10-14 14:48:33,2.6,488700,2.6,U
sz000552,甘肃能化,2025-10-14 14:48:36,2.6,40100,2.6,U
sz000552,甘肃能化,2025-10-14 14:48:45,2.6,20100,2.6,U
sz000552,甘肃能化,2025-10-14 14:48:51,2.6,26300,2.6,U
sz000552,甘肃能化,2025-10-14 14:49:09,2.59,22100,2.59,D
sz000552,甘肃能化,2025-10-14 14:50:06,2.6,52200,2.59,U
sz000552,甘肃能化,2025-10-14 14:50:09,2.6,104500,2.6,U
sz000552,甘肃能化,2025-10-14 14:50:12,2.59,128600,2.6,D
sz000552,甘肃能化,2025-10-14 14:50:15,2.6,46889,2.59,U
sz000552,甘肃能化,2025-10-14 14:50:18,2.6,46700,2.6,D
sz000552,甘肃能化,2025-10-14 14:50:21,2.6,46000,2.6,D
sz000552,甘肃能化,2025-10-14 14:51:00,2.6,76200,2.61,D
sz000552,甘肃能化,2025-10-14 14:51:12,2.6,181000,2.6,D
sz000552,甘肃能化,2025-10-14 14:51:18,2.6,68311,2.6,D
sz000552,甘肃能化,2025-10-14 14:51:24,2.6,33500,2.6,U
sz000552,甘肃能化,2025-10-14 14:51:27,2.6,40200,2.6,U
sz000552,甘肃能化,2025-10-14 14:51:51,2.6,27600,2.6,U
sz000552,甘肃能化,2025-10-14 14:51:57,2.6,25500,2.6,D
sz000552,甘肃能化,2025-10-14 14:52:27,2.61,63000,2.6,U
sz000552,甘肃能化,2025-10-14 14:53:21,2.59,38600,2.59,D
sz000552,甘肃能化,2025-10-14 14:53:24,2.6,21000,2.59,U
sz000552,甘肃能化,2025-10-14 14:54:09,2.6,24900,2.6,U
sz000552,甘肃能化,2025-10-14 14:55:21,2.61,24800,2.61,U
sz000552,甘肃能化,2025-10-14 14:55:27,2.6,35500,2.6,D
sz000552,甘肃能化,2025-10-14 14:55:30,2.61,39100,2.6,U
sz000552,甘肃能化,2025-10-14 14:56:03,2.6,93600,2.6,D
sz000552,甘肃能化,2025-10-14 14:56:09,2.59,36900,2.6,D
sz000552,甘肃能化,2025-10-14 14:56:30,2.59,40100,2.6,D
sz000552,甘肃能化,2025-10-14 14:56:42,2.6,77500,2.59,U
sz000552,甘肃能化,2025-10-14 15:00:00,2.6,368400,2.61,E
