symbol,name,ticktime,price,volume,prev_price,kind
sh600508,上海能源,2025-10-09 09:25:01,12.09,19900,0.0,U
sh600508,上海能源,2025-10-09 09:30:34,12.09,12700,12.09,D
sh600508,上海能源,2025-10-09 09:31:01,12.08,14800,12.09,D
sh600508,上海能源,2025-10-09 09:31:04,12.05,26500,12.08,D
sh600508,上海能源,2025-10-09 09:31:16,12.08,18600,12.08,D
sh600508,上海能源,2025-10-09 09:32:10,12.08,9700,12.08,U
sh600508,上海能源,2025-10-09 09:32:13,12.09,28700,12.08,U
sh600508,上海能源,2025-10-09 09:32:19,12.1,9400,12.09,U
sh600508,上海能源,2025-10-09 09:32:46,12.14,11700,12.14,U
sh600508,上海能源,2025-10-09 09:32:49,12.15,12400,12.14,U
sh600508,上海能源,2025-10-09 09:33:13,12.21,9500,12.19,U
sh600508,上海能源,2025-10-09 09:33:16,12.18,11300,12.21,D
sh600508,上海能源,2025-10-09 09:33:31,12.19,16800,12.19,U
sh600508,上海能源,2025-10-09 09:33:52,12.2,19800,12.2,U
sh600508,上海能源,2025-10-09 09:33:55,12.18,10500,12.2,D
sh600508,上海能源,2025-10-09 09:34:01,12.18,10900,12.19,D
sh600508,上海能源,2025-10-09 09:34:22,12.2,19200,12.19,U
sh600508,上海能源,2025-10-09 09:34:28,12.2,15000,12.2,D
sh600508,上海能源,2025-10-09 09:34:31,12.2,24100,12.2,D
sh600508,上海能源,2025-10-09 09:34:40,12.21,10800,12.2,U
sh600508,上海能源,2025-10-09 09:36:01,12.19,18200,12.18,U
sh600508,上海能源,2025-10-09 09:36:04,12.2,28200,12.19,U
sh600508,上海能源,2025-10-09 09:36:28,12.2,13300,12.2,D
sh600508,上海能源,2025-10-09 09:39:37,12.13,11100,12.13,D
sh600508,上海能源,2025-10-09 09:41:04,12.13,12000,12.14,D
sh600508,上海能源,2025-10-09 09:42:01,12.14,17700,12.13,U
sh600508,上海能源,2025-10-09 09:42:52,12.14,79100,12.14,U
sh600508,上海能源,2025-10-09 09:44:10,12.17,11300,12.17,U
sh600508,上海能源,2025-10-09 09:45:52,12.17,14300,12.16,U
sh600508,上海能源,2025-10-09 09:50:28,12.14,9500,12.14,D
sh600508,上海能源,2025-10-09 09:53:52,12.13,14119,12.13,U
sh600508,上海能源,2025-10-09 09:54:25,12.16,36900,12.13,U
sh600508,上海能源,2025-10-09 09:56:22,12.16,10200,12.15,U
sh600508,上海能源,2025-10-09 09:58:04,12.17,18700,12.17,U
sh600508,上海能源,2025-10-09 09:59:04,12.17,22600,12.17,D
sh600508,上海能源,2025-10-09 09:59:49,12.17,11900,12.16,U
sh600508,上海能源,2025-10-09 10:00:43,12.16,15200,12.16,D
sh600508,上海能源,2025-10-09 10:00:46,12.16,49500,12.16,D
sh600508,上海能源,2025-10-09 10:03:49,12.15,10000,12.16,D
sh600508,上海能源,2025-10-09 10:05:55,12.15,16200,12.15,D
sh600508,上海能源,2025-10-09 10:09:34,12.16,15100,12.16,U
sh600508,上海能源,2025-10-09 10:10:22,12.17,20400,12.15,U
sh600508,上海能源,2025-10-09 10:11:13,12.17,17500,12.16,U
sh600508,上海能源,2025-10-09 10:11:16,12.17,25800,12.17,U
sh600508,上海能源,2025-10-09 10:12:04,12.18,12500,12.18,U
sh600508,上海能源,2025-10-09 10:12:22,12.18,38500,12.18,U
sh600508,上海能源,2025-10-09 10:12:55,12.19,21700,12.18,U
sh600508,上海能源,2025-10-09 10:13:07,12.2,61000,12.2,U
sh600508,上海能源,2025-10-09 10:13:13,12.2,19600,12.2,U
sh600508,上海能源,2025-10-09 10:13:49,12.2,20800,12.2,D
sh600508,上海能源,2025-10-09 10:14:22,12.19,10100,12.2,D
sh600508,上海能源,2025-10-09 10:17:22,12.18,19800,12.19,D
sh600508,上海能源,2025-10-09 10:19:55,12.18,12000,12.18,D
sh600508,上海能源,2025-10-09 10:21:34,12.19,32200,12.18,U
sh600508,上海能源,2025-10-09 10:21:43,12.18,10200,12.19,D
sh600508,上海能源,2025-10-09 10:24:46,12.19,10000,12.18,U
sh600508,上海能源,2025-10-09 10:24:49,12.19,13000,12.19,U
sh600508,上海能源,2025-10-09 10:32:04,12.18,12000,12.19,D
sh600508,上海能源,2025-10-09 10:32:37,12.19,25100,12.18,U
sh600508,上海能源,2025-10-09 10:34:07,12.21,85700,12.19,U
sh600508,上海能源,2025-10-09 10:34:10,12.21,10600,12.21,U
sh600508,上海能源,2025-10-09 10:34:40,12.21,12500,12.21,U
sh600508,上海能源,2025-10-09 10:34:52,12.21,22200,12.21,U
sh600508,上海能源,2025-10-09 10:35:16,12.21,16500,12.2,U
sh600508,上海能源,2025-10-09 10:37:52,12.2,12200,12.2,D
sh600508,上海能源,2025-10-09 10:38:10,12.2,40400,12.21,D
sh600508,上海能源,2025-10-09 10:38:52,12.2,20300,12.2,U
sh600508,上海能源,2025-10-09 10:41:34,12.2,18700,12.2,U
sh600508,上海能源,2025-10-09 10:43:40,12.2,11600,12.2,U
sh600508,上海能源,2025-10-09 10:45:04,12.2,16500,12.2,D
sh600508,上海能源,2025-10-09 10:45:34,12.19,15800,12.19,D
sh600508,上海能源,2025-10-09 10:45:49,12.2,31000,12.2,U
sh600508,上海能源,2025-10-09 10:51:58,12.2,15900,12.2,U
sh600508,上海能源,2025-10-09 10:56:19,12.21,10500,12.21,U
sh600508,上海能源,2025-10-09 11:06:37,12.19,10500,12.19,D
sh600508,上海能源,2025-10-09 11:08:16,12.2,55900,12.2,U
sh600508,上海能源,2025-10-09 11:09:49,12.21,13600,12.21,U
sh600508,上海能源,2025-10-09 11:11:34,12.22,15000,12.22,U
sh600508,上海能源,2025-10-09 11:12:37,12.23,10000,12.22,U
sh600508,上海能源,2025-10-09 11:14:37,12.22,9500,12.22,D
sh600508,上海能源,2025-10-09 11:19:58,12.23,10000,12.22,U
sh600508,上海能源,2025-10-09 11:22:49,12.22,13000,12.23,D
sh600508,上海能源,2025-10-09 11:26:07,12.24,63000,12.22,U
sh600508,上海能源,2025-10-09 11:26:28,12.24,63552,12.24,U
sh600508,上海能源,2025-10-09 11:29:01,12.24,20000,12.23,U
sh600508,上海能源,2025-10-09 11:29:43,12.24,10000,12.23,U
sh600508,上海能源,2025-10-09 13:01:13,12.23,13700,12.22,U
sh600508,上海能源,2025-10-09 13:08:19,12.23,10800,12.23,U
sh600508,上海能源,2025-10-09 13:22:16,12.23,15100,12.22,U
sh600508,上海能源,2025-10-09 13:22:43,12.24,30200,12.23,U
sh600508,上海能源,2025-10-09 13:23:37,12.24,10300,12.24,D
sh600508,上海能源,2025-10-09 13:24:01,12.24,63300,12.23,E
sh600508,上海能源,2025-10-09 13:24:04,12.25,10300,12.24,U
sh600508,上海能源,2025-10-09 13:24:13,12.25,32500,12.25,U
sh600508,上海能源,2025-10-09 13:24:22,12.25,51300,12.25,U
sh600508,上海能源,2025-10-09 13:24:46,12.25,51600,12.24,U
sh600508,上海能源,2025-10-09 13:24:58,12.26,35900,12.25,U
sh600508,上海能源,2025-10-09 13:25:10,12.26,123800,12.26,U
sh600508,上海能源,2025-10-09 13:25:13,12.26,11900,12.26,U
sh600508,上海能源,2025-10-09 13:25:25,12.26,20500,12.26,U
sh600508,上海能源,2025-10-09 13:25:31,12.26,9900,12.26,U
sh600508,上海能源,2025-10-09 13:25:43,12.26,42000,12.27,D
sh600508,上海能源,2025-10-09 13:25:49,12.27,41600,12.27,U
sh600508,上海能源,2025-10-09 13:25:52,12.27,9400,12.27,U
sh600508,上海能源,2025-10-09 13:25:55,12.27,10400,12.27,U
sh600508,上海能源,2025-10-09 13:26:13,12.27,28000,12.27,U
sh600508,上海能源,2025-10-09 13:26:40,12.27,14100,12.26,U
sh600508,上海能源,2025-10-09 13:28:16,12.27,10000,12.26,U
sh600508,上海能源,2025-10-09 13:31:10,12.28,47500,12.27,U
sh600508,上海能源,2025-10-09 13:31:13,12.28,10400,12.28,U
sh600508,上海能源,2025-10-09 13:31:28,12.29,89200,12.28,U
sh600508,上海能源,2025-10-09 13:31:37,12.29,12000,12.28,U
sh600508,上海能源,2025-10-09 13:32:16,12.3,16400,12.29,U
sh600508,上海能源,2025-10-09 13:32:46,12.3,15900,12.29,U
sh600508,上海能源,2025-10-09 13:34:13,12.29,34800,12.29,D
sh600508,上海能源,2025-10-09 13:34:37,12.29,11200,12.27,U
sh600508,上海能源,2025-10-09 13:41:28,12.28,35100,12.28,D
sh600508,上海能源,2025-10-09 13:41:37,12.28,12500,12.28,D
sh600508,上海能源,2025-10-09 13:42:01,12.3,30800,12.29,U
sh600508,上海能源,2025-10-09 13:43:19,12.31,87700,12.29,U
sh600508,上海能源,2025-10-09 13:43:55,12.3,20000,12.31,D
sh600508,上海能源,2025-10-09 13:45:52,12.3,10600,12.3,D
sh600508,上海能源,2025-10-09 13:45:55,12.3,32700,12.3,D
sh600508,上海能源,2025-10-09 13:45:58,12.3,11600,12.3,D
sh600508,上海能源,2025-10-09 13:47:34,12.29,20000,12.29,D
sh600508,上海能源,2025-10-09 13:50:46,12.29,10000,12.29,D
sh600508,上海能源,2025-10-09 13:56:28,12.3,15900,12.29,U
sh600508,上海能源,2025-10-09 13:57:52,12.28,12000,12.28,D
sh600508,上海能源,2025-10-09 13:58:04,12.3,18480,12.28,U
sh600508,上海能源,2025-10-09 13:58:16,12.3,15100,12.3,U
sh600508,上海能源,2025-10-09 13:59:07,12.29,27000,12.29,U
sh600508,上海能源,2025-10-09 14:00:13,12.29,19274,12.28,U
sh600508,上海能源,2025-10-09 14:01:55,12.31,97300,12.29,U
sh600508,上海能源,2025-10-09 14:06:31,12.32,39700,12.32,U
sh600508,上海能源,2025-10-09 14:06:34,12.32,10600,12.32,U
sh600508,上海能源,2025-10-09 14:10:04,12.32,15400,12.31,U
sh600508,上海能源,2025-10-09 14:12:04,12.32,10000,12.31,U
sh600508,上海能源,2025-10-09 14:14:04,12.33,67700,12.31,U
sh600508,上海能源,2025-10-09 14:14:16,12.33,12600,12.33,U
sh600508,上海能源,2025-10-09 14:18:52,12.33,10000,12.33,D
sh600508,上海能源,2025-10-09 14:19:49,12.33,9900,12.33,U
sh600508,上海能源,2025-10-09 14:21:04,12.34,12400,12.34,U
sh600508,上海能源,2025-10-09 14:23:40,12.34,15300,12.34,U
sh600508,上海能源,2025-10-09 14:23:43,12.34,31100,12.34,U
sh600508,上海能源,2025-10-09 14:23:49,12.34,12700,12.34,U
sh600508,上海能源,2025-10-09 14:24:04,12.35,74500,12.34,U
sh600508,上海能源,2025-10-09 14:24:07,12.35,21000,12.35,U
sh600508,上海能源,2025-10-09 14:24:31,12.35,10000,12.34,U
sh600508,上海能源,2025-10-09 14:24:34,12.34,17252,12.35,D
sh600508,上海能源,2025-10-09 14:24:46,12.36,10600,12.35,U
sh600508,上海能源,2025-10-09 14:25:07,12.36,10600,12.36,U
sh600508,上海能源,2025-10-09 14:25:16,12.36,12700,12.36,U
sh600508,上海能源,2025-10-09 14:26:01,12.37,20200,12.37,U
sh600508,上海能源,2025-10-09 14:26:28,12.37,10700,12.36,U
sh600508,上海能源,2025-10-09 14:26:31,12.36,11000,12.37,D
sh600508,上海能源,2025-10-09 14:26:37,12.36,13200,12.36,D
sh600508,上海能源,2025-10-09 14:27:49,12.36,14000,12.36,D
sh600508,上海能源,2025-10-09 14:28:13,12.36,21200,12.36,D
sh600508,上海能源,2025-10-09 14:29:19,12.37,13900,12.35,U
sh600508,上海能源,2025-10-09 14:30:04,12.37,11300,12.36,U
sh600508,上海能源,2025-10-09 14:31:40,12.38,61200,12.37,U
sh600508,上海能源,2025-10-09 14:32:49,12.37,10400,12.38,D
sh600508,上海能源,2025-10-09 14:33:13,12.37,20200,12.37,D
sh600508,上海能源,2025-10-09 14:33:19,12.37,12000,12.37,D
sh600508,上海能源,2025-10-09 14:35:28,12.38,9700,12.38,U
sh600508,上海能源,2025-10-09 14:35:49,12.4,47800,12.39,U
sh600508,上海能源,2025-10-09 14:36:31,12.39,20000,12.4,D
sh600508,上海能源,2025-10-09 14:39:07,12.39,40100,12.38,U
sh600508,上海能源,2025-10-09 14:39:52,12.38,20500,12.38,D
sh600508,上海能源,2025-10-09 14:40:22,12.39,10300,12.38,U
sh600508,上海能源,2025-10-09 14:40:55,12.38,31500,12.39,D
sh600508,上海能源,2025-10-09 14:44:04,12.37,16500,12.38,D
sh600508,上海能源,2025-10-09 14:48:52,12.37,11000,12.37,D
sh600508,上海能源,2025-10-09 14:49:25,12.37,12000,12.37,U
sh600508,上海能源,2025-10-09 14:50:04,12.38,9800,12.37,U
sh600508,上海能源,2025-10-09 14:50:13,12.37,12400,12.37,D
sh600508,上海能源,2025-10-09 14:52:55,12.38,10300,12.37,U
sh600508,上海能源,2025-10-09 14:53:31,12.37,10000,12.37,D
sh600508,上海能源,2025-10-09 14:54:37,12.38,21800,12.37,U
sh600508,上海能源,2025-10-09 14:56:25,12.38,15800,12.38,U
sh600508,上海能源,2025-10-09 14:56:34,12.38,12400,12.37,U
sh600508,上海能源,2025-10-09 15:00:03,12.38,151700,12.38,U
