symbol,name,ticktime,price,volume,prev_price,kind
sh600508,上海能源,2025-10-21 09:25:01,13.0,71400,0.0,U
sh600508,上海能源,2025-10-21 09:30:03,12.97,45900,13.0,D
sh600508,上海能源,2025-10-21 09:30:06,12.97,35600,12.97,U
sh600508,上海能源,2025-10-21 09:30:09,12.95,47930,12.97,D
sh600508,上海能源,2025-10-21 09:30:12,12.93,25900,12.95,D
sh600508,上海能源,2025-10-21 09:30:18,12.89,34800,12.92,D
sh600508,上海能源,2025-10-21 09:30:21,12.87,29300,12.89,D
sh600508,上海能源,2025-10-21 09:30:27,12.83,32800,12.83,D
sh600508,上海能源,2025-10-21 09:30:30,12.83,27030,12.83,U
sh600508,上海能源,2025-10-21 09:30:33,12.82,22700,12.83,E
sh600508,上海能源,2025-10-21 09:30:36,12.84,35900,12.82,U
sh600508,上海能源,2025-10-21 09:30:39,12.84,41800,12.84,U
sh600508,上海能源,2025-10-21 09:30:42,12.84,28500,12.84,D
sh600508,上海能源,2025-10-21 09:30:45,12.86,16000,12.84,U
sh600508,上海能源,2025-10-21 09:30:48,12.83,18100,12.86,D
sh600508,上海能源,2025-10-21 09:30:51,12.83,15600,12.83,D
sh600508,上海能源,2025-10-21 09:30:54,12.83,27800,12.83,D
sh600508,上海能源,2025-10-21 09:31:00,12.8,24600,12.81,D
sh600508,上海能源,2025-10-21 09:31:03,12.8,19770,12.8,D
sh600508,上海能源,2025-10-21 09:31:06,12.78,17000,12.8,D
sh600508,上海能源,2025-10-21 09:31:09,12.78,38100,12.78,D
sh600508,上海能源,2025-10-21 09:31:33,12.77,18600,12.78,D
sh600508,上海能源,2025-10-21 09:31:42,12.8,28100,12.79,U
sh600508,上海能源,2025-10-21 09:31:45,12.81,40700,12.8,U
sh600508,上海能源,2025-10-21 09:31:54,12.9,17700,12.81,U
sh600508,上海能源,2025-10-21 09:31:57,12.9,29600,12.9,D
sh600508,上海能源,2025-10-21 09:32:12,12.9,32900,12.85,U
sh600508,上海能源,2025-10-21 09:32:15,12.89,24400,12.9,E
sh600508,上海能源,2025-10-21 09:32:27,12.89,16200,12.89,U
sh600508,上海能源,2025-10-21 09:32:30,12.85,38000,12.89,D
sh600508,上海能源,2025-10-21 09:32:36,12.9,19500,12.87,U
sh600508,上海能源,2025-10-21 09:33:06,12.88,35400,12.87,U
sh600508,上海能源,2025-10-21 09:33:18,12.88,48500,12.87,U
sh600508,上海能源,2025-10-21 09:33:21,12.88,29400,12.88,U
sh600508,上海能源,2025-10-21 09:33:27,12.88,15800,12.9,D
sh600508,上海能源,2025-10-21 09:34:00,12.9,32600,12.89,U
sh600508,上海能源,2025-10-21 09:34:42,12.91,20300,12.88,U
sh600508,上海能源,2025-10-21 09:35:15,12.86,67000,12.88,D
sh600508,上海能源,2025-10-21 09:35:21,12.86,39600,12.86,D
sh600508,上海能源,2025-10-21 09:35:24,12.85,38000,12.86,D
sh600508,上海能源,2025-10-21 09:35:57,12.82,18200,12.82,U
sh600508,上海能源,2025-10-21 09:36:18,12.84,41800,12.83,U
sh600508,上海能源,2025-10-21 09:36:39,12.83,19200,12.84,D
sh600508,上海能源,2025-10-21 09:39:42,12.82,16600,12.83,D
sh600508,上海能源,2025-10-21 09:39:51,12.77,103600,12.83,D
sh600508,上海能源,2025-10-21 09:40:15,12.83,22300,12.83,D
sh600508,上海能源,2025-10-21 09:41:48,12.89,17200,12.89,U
sh600508,上海能源,2025-10-21 09:42:21,12.87,26900,12.87,U
sh600508,上海能源,2025-10-21 09:42:24,12.88,18500,12.87,U
sh600508,上海能源,2025-10-21 09:45:06,12.92,16400,12.91,U
sh600508,上海能源,2025-10-21 09:47:33,12.85,21400,12.86,D
sh600508,上海能源,2025-10-21 09:48:00,12.87,30700,12.87,U
sh600508,上海能源,2025-10-21 09:49:21,12.89,19600,12.88,U
sh600508,上海能源,2025-10-21 09:49:30,12.87,29700,12.89,D
sh600508,上海能源,2025-10-21 09:51:30,12.85,27600,12.87,D
sh600508,上海能源,2025-10-21 09:57:54,12.92,34300,12.92,D
sh600508,上海能源,2025-10-21 09:58:03,12.9,73900,12.92,D
sh600508,上海能源,2025-10-21 10:00:48,12.89,22200,12.89,D
sh600508,上海能源,2025-10-21 10:05:21,12.86,20800,12.86,D
sh600508,上海能源,2025-10-21 10:06:03,12.82,23200,12.85,D
sh600508,上海能源,2025-10-21 10:06:39,12.83,21600,12.84,D
sh600508,上海能源,2025-10-21 10:08:36,12.82,41100,12.82,D
sh600508,上海能源,2025-10-21 10:09:18,12.81,41300,12.82,D
sh600508,上海能源,2025-10-21 10:09:57,12.8,26000,12.81,D
sh600508,上海能源,2025-10-21 10:10:03,12.83,20300,12.81,U
sh600508,上海能源,2025-10-21 10:12:15,12.82,25000,12.84,D
sh600508,上海能源,2025-10-21 10:15:39,12.84,24700,12.83,U
sh600508,上海能源,2025-10-21 10:17:42,12.85,35500,12.84,U
sh600508,上海能源,2025-10-21 10:35:27,12.83,24600,12.83,U
sh600508,上海能源,2025-10-21 10:41:12,12.83,16900,12.84,D
sh600508,上海能源,2025-10-21 10:44:18,12.83,21400,12.83,U
sh600508,上海能源,2025-10-21 10:45:36,12.84,39200,12.83,U
sh600508,上海能源,2025-10-21 10:45:54,12.82,33800,12.85,D
sh600508,上海能源,2025-10-21 10:57:21,12.85,16600,12.85,U
sh600508,上海能源,2025-10-21 11:04:42,12.87,16600,12.88,D
sh600508,上海能源,2025-10-21 11:13:06,12.89,16000,12.88,U
sh600508,上海能源,2025-10-21 11:17:48,12.91,17500,12.91,U
sh600508,上海能源,2025-10-21 11:18:15,12.9,33900,12.92,D
sh600508,上海能源,2025-10-21 11:19:18,12.93,60100,12.91,U
sh600508,上海能源,2025-10-21 13:00:39,12.9,16300,12.9,D
sh600508,上海能源,2025-10-21 13:01:54,12.9,17500,12.9,U
sh600508,上海能源,2025-10-21 13:16:33,12.92,71800,12.89,U
sh600508,上海能源,2025-10-21 13:23:27,12.88,18900,12.89,D
sh600508,上海能源,2025-10-21 13:38:18,12.91,19200,12.9,U
sh600508,上海能源,2025-10-21 13:40:30,12.9,20300,12.91,D
sh600508,上海能源,2025-10-21 13:47:27,12.94,19100,12.94,U
sh600508,上海能源,2025-10-21 13:54:15,12.93,17700,12.93,U
sh600508,上海能源,2025-10-21 14:03:15,12.94,17100,12.93,U
sh600508,上海能源,2025-10-21 14:07:12,12.91,30600,12.92,D
sh600508,上海能源,2025-10-21 14:07:30,12.91,16600,12.92,D
sh600508,上海能源,2025-10-21 14:09:24,12.92,16300,12.92,U
sh600508,上海能源,2025-10-21 14:13:48,12.91,16300,12.92,D
sh600508,上海能源,2025-10-21 14:15:09,12.92,16300,12.92,U
sh600508,上海能源,2025-10-21 14:17:27,12.92,25400,12.92,U
sh600508,上海能源,2025-10-21 14:21:09,12.93,17400,12.93,U
sh600508,上海能源,2025-10-21 14:23:06,12.96,22200,12.94,U
sh600508,上海能源,2025-10-21 14:34:39,12.94,30100,12.94,D
sh600508,上海能源,2025-10-21 14:36:27,12.94,16800,12.94,D
sh600508,上海能源,2025-10-21 14:40:36,12.93,254500,12.94,D
sh600508,上海能源,2025-10-21 14:51:06,12.94,22900,12.94,U
sh600508,上海能源,2025-10-21 14:54:03,12.92,40900,12.92,D
sh600508,上海能源,2025-10-21 14:54:06,12.92,20700,12.92,D
sh600508,上海能源,2025-10-21 14:54:09,12.92,17600,12.92,D
sh600508,上海能源,2025-10-21 14:56:12,12.95,17300,12.94,U
sh600508,上海能源,2025-10-21 15:00:03,12.93,123000,12.94,U
