symbol,name,ticktime,price,volume,prev_price,kind
sz301662,宏工科技,2025-10-28 09:25:00,124.98,5300,0.0,D
sz301662,宏工科技,2025-10-28 09:30:00,123.76,8135,124.98,D
sz301662,宏工科技,2025-10-28 09:30:06,124.46,2300,124.0,U
sz301662,宏工科技,2025-10-28 09:30:15,124.0,1695,124.0,E
sz301662,宏工科技,2025-10-28 09:30:21,124.52,2005,124.01,U
sz301662,宏工科技,2025-10-28 09:30:27,123.57,1800,124.0,D
sz301662,宏工科技,2025-10-28 09:30:39,124.54,5800,124.52,U
sz301662,宏工科技,2025-10-28 09:31:33,124.72,3470,124.22,U
sz301662,宏工科技,2025-10-28 09:31:42,125.44,4900,124.87,U
sz301662,宏工科技,2025-10-28 09:31:54,125.77,5000,125.11,U
sz301662,宏工科技,2025-10-28 09:31:57,125.5,1600,125.77,U
sz301662,宏工科技,2025-10-28 09:32:00,125.03,8300,125.5,D
sz301662,宏工科技,2025-10-28 09:32:03,126.06,1900,125.03,E
sz301662,宏工科技,2025-10-28 09:32:09,126.13,4000,126.54,E
sz301662,宏工科技,2025-10-28 09:32:18,126.5,2900,126.55,U
sz301662,宏工科技,2025-10-28 09:32:21,126.78,4800,126.5,U
sz301662,宏工科技,2025-10-28 09:32:27,126.95,2557,126.95,D
sz301662,宏工科技,2025-10-28 09:32:30,126.78,1743,126.95,D
sz301662,宏工科技,2025-10-28 09:32:36,127.0,5300,126.98,U
sz301662,宏工科技,2025-10-28 09:32:42,127.29,3200,126.97,U
sz301662,宏工科技,2025-10-28 09:32:48,127.78,2200,127.29,U
sz301662,宏工科技,2025-10-28 09:32:51,127.75,2200,127.78,U
sz301662,宏工科技,2025-10-28 09:32:54,127.64,7096,127.75,E
sz301662,宏工科技,2025-10-28 09:32:57,127.78,2095,127.64,U
sz301662,宏工科技,2025-10-28 09:33:03,127.65,3200,127.78,D
sz301662,宏工科技,2025-10-28 09:33:06,127.88,2200,127.65,U
sz301662,宏工科技,2025-10-28 09:33:09,127.78,3700,127.88,D
sz301662,宏工科技,2025-10-28 09:33:24,127.2,2400,127.29,D
sz301662,宏工科技,2025-10-28 09:33:30,127.5,5600,127.2,U
sz301662,宏工科技,2025-10-28 09:33:39,127.6,3900,127.68,E
sz301662,宏工科技,2025-10-28 09:33:42,127.87,8500,127.6,U
sz301662,宏工科技,2025-10-28 09:33:45,127.88,11700,127.87,U
sz301662,宏工科技,2025-10-28 09:33:48,127.89,3900,127.88,U
sz301662,宏工科技,2025-10-28 09:33:51,127.89,4500,127.89,D
sz301662,宏工科技,2025-10-28 09:33:54,127.88,2200,127.89,D
sz301662,宏工科技,2025-10-28 09:33:57,127.88,1900,127.88,E
sz301662,宏工科技,2025-10-28 09:34:03,128.08,3100,127.88,U
sz301662,宏工科技,2025-10-28 09:34:12,128.13,1900,128.15,E
sz301662,宏工科技,2025-10-28 09:34:18,127.55,3800,128.08,D
sz301662,宏工科技,2025-10-28 09:34:24,127.54,1700,127.56,D
sz301662,宏工科技,2025-10-28 09:34:27,127.55,1900,127.54,E
sz301662,宏工科技,2025-10-28 09:34:36,127.55,2600,127.55,D
sz301662,宏工科技,2025-10-28 09:34:42,127.55,1800,127.55,U
sz301662,宏工科技,2025-10-28 09:34:45,127.71,1900,127.55,U
sz301662,宏工科技,2025-10-28 09:34:54,127.7,1800,127.87,E
sz301662,宏工科技,2025-10-28 09:34:57,127.7,2200,127.7,U
sz301662,宏工科技,2025-10-28 09:35:03,127.55,4400,127.7,D
sz301662,宏工科技,2025-10-28 09:35:06,127.66,2700,127.55,E
sz301662,宏工科技,2025-10-28 09:35:09,127.55,1600,127.66,E
sz301662,宏工科技,2025-10-28 09:35:18,127.79,9400,127.7,U
sz301662,宏工科技,2025-10-28 09:35:21,127.75,2400,127.79,D
sz301662,宏工科技,2025-10-28 09:35:24,127.96,4800,127.75,U
sz301662,宏工科技,2025-10-28 09:35:27,127.75,2000,127.96,E
sz301662,宏工科技,2025-10-28 09:35:30,127.98,1800,127.75,U
sz301662,宏工科技,2025-10-28 09:35:36,128.0,1600,127.83,U
sz301662,宏工科技,2025-10-28 09:35:39,128.01,16700,128.0,U
sz301662,宏工科技,2025-10-28 09:35:45,128.08,3629,128.07,U
sz301662,宏工科技,2025-10-28 09:35:57,128.12,3200,128.17,D
sz301662,宏工科技,2025-10-28 09:36:00,128.2,2400,128.12,U
sz301662,宏工科技,2025-10-28 09:36:03,128.18,2200,128.2,E
sz301662,宏工科技,2025-10-28 09:36:06,128.0,5671,128.18,D
sz301662,宏工科技,2025-10-28 09:36:09,128.22,5800,128.0,U
sz301662,宏工科技,2025-10-28 09:36:18,128.13,2900,127.9,E
sz301662,宏工科技,2025-10-28 09:36:27,128.04,2200,128.1,E
sz301662,宏工科技,2025-10-28 09:36:30,128.05,1900,128.04,U
sz301662,宏工科技,2025-10-28 09:36:42,127.29,1700,127.29,D
sz301662,宏工科技,2025-10-28 09:36:45,127.29,1700,127.29,D
sz301662,宏工科技,2025-10-28 09:37:15,127.3,1700,127.29,D
sz301662,宏工科技,2025-10-28 09:37:18,128.02,4100,127.3,U
sz301662,宏工科技,2025-10-28 09:37:21,128.0,1800,128.02,D
sz301662,宏工科技,2025-10-28 09:37:24,128.02,21000,128.0,U
sz301662,宏工科技,2025-10-28 09:37:30,128.22,2400,127.94,U
sz301662,宏工科技,2025-10-28 09:38:12,128.2,2600,128.22,U
sz301662,宏工科技,2025-10-28 09:38:51,127.39,6700,127.38,E
sz301662,宏工科技,2025-10-28 09:39:00,127.29,4800,127.38,D
sz301662,宏工科技,2025-10-28 09:39:33,127.16,4700,127.21,D
sz301662,宏工科技,2025-10-28 09:39:39,127.01,3300,127.1,D
sz301662,宏工科技,2025-10-28 09:39:42,127.0,3000,127.01,D
sz301662,宏工科技,2025-10-28 09:39:57,126.7,2900,126.7,U
sz301662,宏工科技,2025-10-28 09:40:24,126.7,1800,126.71,D
sz301662,宏工科技,2025-10-28 09:41:03,126.7,1869,126.62,U
sz301662,宏工科技,2025-10-28 09:41:42,127.09,1600,127.15,U
sz301662,宏工科技,2025-10-28 09:41:54,127.13,3600,126.79,U
sz301662,宏工科技,2025-10-28 09:42:00,126.81,2100,126.81,D
sz301662,宏工科技,2025-10-28 09:43:15,126.3,3900,126.27,U
sz301662,宏工科技,2025-10-28 09:43:24,126.5,8200,126.49,U
sz301662,宏工科技,2025-10-28 09:43:27,126.34,2900,126.5,E
sz301662,宏工科技,2025-10-28 09:43:30,126.74,2435,126.34,U
sz301662,宏工科技,2025-10-28 09:43:36,127.13,2400,126.9,U
sz301662,宏工科技,2025-10-28 09:44:30,128.19,7100,127.8,U
sz301662,宏工科技,2025-10-28 09:44:33,128.22,3400,128.19,U
sz301662,宏工科技,2025-10-28 09:44:36,128.54,21329,128.22,U
sz301662,宏工科技,2025-10-28 09:44:39,128.62,1600,128.54,U
sz301662,宏工科技,2025-10-28 09:44:42,128.76,2300,128.62,U
sz301662,宏工科技,2025-10-28 09:44:45,128.86,4600,128.76,U
sz301662,宏工科技,2025-10-28 09:44:48,128.8,2600,128.86,D
sz301662,宏工科技,2025-10-28 09:44:51,128.8,7800,128.8,D
sz301662,宏工科技,2025-10-28 09:44:54,128.95,6300,128.8,U
sz301662,宏工科技,2025-10-28 09:45:00,128.95,2500,128.95,D
sz301662,宏工科技,2025-10-28 09:45:03,129.0,8700,128.95,U
sz301662,宏工科技,2025-10-28 09:45:09,128.99,8100,129.0,D
sz301662,宏工科技,2025-10-28 09:45:15,128.64,10300,128.99,D
sz301662,宏工科技,2025-10-28 09:45:18,128.85,6500,128.64,U
sz301662,宏工科技,2025-10-28 09:45:21,128.26,3700,128.85,D
sz301662,宏工科技,2025-10-28 09:45:24,128.85,7735,128.26,U
sz301662,宏工科技,2025-10-28 09:45:27,128.31,1565,128.85,D
sz301662,宏工科技,2025-10-28 09:45:42,128.8,1600,128.82,E
sz301662,宏工科技,2025-10-28 09:45:45,128.79,1700,128.8,E
sz301662,宏工科技,2025-10-28 09:45:48,128.82,2000,128.79,U
sz301662,宏工科技,2025-10-28 09:45:54,128.79,3800,128.83,D
sz301662,宏工科技,2025-10-28 09:45:57,128.88,3500,128.79,U
sz301662,宏工科技,2025-10-28 09:46:03,128.85,2400,128.83,D
sz301662,宏工科技,2025-10-28 09:46:09,128.85,2186,128.95,D
sz301662,宏工科技,2025-10-28 09:46:12,129.08,10335,128.85,U
sz301662,宏工科技,2025-10-28 09:46:15,129.11,8600,129.08,U
sz301662,宏工科技,2025-10-28 09:46:33,129.32,1600,129.3,U
sz301662,宏工科技,2025-10-28 09:46:36,129.35,3100,129.32,U
sz301662,宏工科技,2025-10-28 09:46:54,129.77,2900,129.68,U
sz301662,宏工科技,2025-10-28 09:46:57,129.8,1800,129.77,U
sz301662,宏工科技,2025-10-28 09:47:00,129.8,2600,129.8,D
sz301662,宏工科技,2025-10-28 09:47:03,129.88,6600,129.8,U
sz301662,宏工科技,2025-10-28 09:47:06,129.65,2000,129.88,D
sz301662,宏工科技,2025-10-28 09:47:09,128.79,15300,129.65,D
sz301662,宏工科技,2025-10-28 09:47:15,128.89,3800,128.51,E
sz301662,宏工科技,2025-10-28 09:47:21,128.87,1700,128.5,U
sz301662,宏工科技,2025-10-28 09:47:27,128.51,2300,128.5,U
sz301662,宏工科技,2025-10-28 09:47:33,128.5,2900,128.51,D
sz301662,宏工科技,2025-10-28 09:47:57,128.27,1700,128.27,D
sz301662,宏工科技,2025-10-28 09:48:06,128.27,2000,128.57,D
sz301662,宏工科技,2025-10-28 09:48:15,128.72,1900,128.56,U
sz301662,宏工科技,2025-10-28 09:48:18,128.47,5800,128.72,E
sz301662,宏工科技,2025-10-28 09:48:27,128.47,1600,128.47,U
sz301662,宏工科技,2025-10-28 09:48:48,128.37,2800,128.37,U
sz301662,宏工科技,2025-10-28 09:49:00,128.0,1700,128.28,D
sz301662,宏工科技,2025-10-28 09:49:54,128.2,4300,128.08,U
sz301662,宏工科技,2025-10-28 09:50:00,128.26,2100,128.2,E
sz301662,宏工科技,2025-10-28 09:50:06,128.4,2900,128.27,U
sz301662,宏工科技,2025-10-28 09:50:12,128.8,5000,128.5,U
sz301662,宏工科技,2025-10-28 09:50:15,128.47,2000,128.8,D
sz301662,宏工科技,2025-10-28 09:51:24,129.5,1743,129.27,U
sz301662,宏工科技,2025-10-28 09:51:27,129.29,2700,129.5,E
sz301662,宏工科技,2025-10-28 09:51:48,129.63,5900,129.6,U
sz301662,宏工科技,2025-10-28 09:51:54,129.8,1600,129.75,U
sz301662,宏工科技,2025-10-28 09:51:57,129.59,4570,129.8,D
sz301662,宏工科技,2025-10-28 09:52:06,129.75,2000,129.6,U
sz301662,宏工科技,2025-10-28 09:52:09,129.61,1787,129.75,U
sz301662,宏工科技,2025-10-28 09:52:15,129.51,5600,129.6,D
sz301662,宏工科技,2025-10-28 09:52:24,129.5,1800,129.51,D
sz301662,宏工科技,2025-10-28 09:52:30,129.47,2100,129.5,D
sz301662,宏工科技,2025-10-28 09:52:33,129.59,3700,129.47,U
sz301662,宏工科技,2025-10-28 09:52:36,129.7,4600,129.59,U
sz301662,宏工科技,2025-10-28 09:52:39,129.83,5800,129.7,U
sz301662,宏工科技,2025-10-28 09:52:42,129.88,6600,129.83,U
sz301662,宏工科技,2025-10-28 09:52:51,129.81,5100,129.87,D
sz301662,宏工科技,2025-10-28 09:53:18,129.85,2500,129.45,U
sz301662,宏工科技,2025-10-28 09:53:36,129.44,2600,129.7,D
sz301662,宏工科技,2025-10-28 09:53:48,129.3,1600,129.5,D
sz301662,宏工科技,2025-10-28 09:54:54,129.3,1700,129.31,D
sz301662,宏工科技,2025-10-28 09:54:57,129.36,1600,129.3,U
sz301662,宏工科技,2025-10-28 09:55:27,129.3,1700,129.5,D
sz301662,宏工科技,2025-10-28 09:56:03,129.3,3700,129.2,U
sz301662,宏工科技,2025-10-28 09:56:18,129.7,2300,129.58,U
sz301662,宏工科技,2025-10-28 09:56:42,129.85,6200,129.86,D
sz301662,宏工科技,2025-10-28 09:56:51,129.88,2600,129.86,U
sz301662,宏工科技,2025-10-28 09:57:03,129.88,4400,129.7,U
sz301662,宏工科技,2025-10-28 09:57:09,129.94,3000,129.78,U
sz301662,宏工科技,2025-10-28 09:58:03,129.95,2100,129.93,U
sz301662,宏工科技,2025-10-28 09:58:33,129.97,6000,129.97,U
sz301662,宏工科技,2025-10-28 09:58:51,129.98,2100,129.97,U
sz301662,宏工科技,2025-10-28 09:59:06,129.88,3900,129.97,D
sz301662,宏工科技,2025-10-28 09:59:33,129.6,2600,129.6,D
sz301662,宏工科技,2025-10-28 10:00:24,129.94,4300,129.83,U
sz301662,宏工科技,2025-10-28 10:00:27,129.97,3000,129.94,U
sz301662,宏工科技,2025-10-28 10:01:45,129.96,3100,129.94,U
sz301662,宏工科技,2025-10-28 10:02:09,129.64,4200,129.96,D
sz301662,宏工科技,2025-10-28 10:02:12,129.83,4500,129.64,E
sz301662,宏工科技,2025-10-28 10:02:18,129.82,6900,129.83,U
sz301662,宏工科技,2025-10-28 10:02:39,129.48,1970,129.42,U
sz301662,宏工科技,2025-10-28 10:03:57,130.19,44200,129.48,U
sz301662,宏工科技,2025-10-28 10:04:00,130.03,2600,130.19,D
sz301662,宏工科技,2025-10-28 10:04:03,130.56,4300,130.03,U
sz301662,宏工科技,2025-10-28 10:04:06,130.31,1600,130.56,D
sz301662,宏工科技,2025-10-28 10:04:24,130.72,1800,130.68,U
sz301662,宏工科技,2025-10-28 10:04:30,130.73,1700,130.73,U
sz301662,宏工科技,2025-10-28 10:04:39,130.72,1600,130.72,D
sz301662,宏工科技,2025-10-28 10:04:42,130.73,2100,130.72,U
sz301662,宏工科技,2025-10-28 10:04:45,130.72,4300,130.73,D
sz301662,宏工科技,2025-10-28 10:04:51,130.73,3300,130.72,U
sz301662,宏工科技,2025-10-28 10:04:54,130.7,2400,130.73,D
sz301662,宏工科技,2025-10-28 10:05:21,130.88,3700,130.88,U
sz301662,宏工科技,2025-10-28 10:05:33,131.03,6800,131.0,U
sz301662,宏工科技,2025-10-28 10:05:36,131.0,3300,131.03,D
sz301662,宏工科技,2025-10-28 10:05:39,131.0,3900,131.0,D
sz301662,宏工科技,2025-10-28 10:05:42,131.35,3700,131.0,U
sz301662,宏工科技,2025-10-28 10:05:45,130.88,5200,131.35,D
sz301662,宏工科技,2025-10-28 10:05:48,130.9,1900,130.88,E
sz301662,宏工科技,2025-10-28 10:05:54,131.0,5400,130.9,U
sz301662,宏工科技,2025-10-28 10:05:57,131.0,6600,131.0,U
sz301662,宏工科技,2025-10-28 10:06:09,130.57,2800,131.19,D
sz301662,宏工科技,2025-10-28 10:06:15,130.3,3300,130.87,D
sz301662,宏工科技,2025-10-28 10:06:30,130.6,3200,130.06,U
sz301662,宏工科技,2025-10-28 10:07:09,130.8,1600,130.8,D
sz301662,宏工科技,2025-10-28 10:07:18,130.6,1700,130.8,D
sz301662,宏工科技,2025-10-28 10:07:21,130.57,2600,130.6,E
sz301662,宏工科技,2025-10-28 10:07:48,130.41,1700,130.42,U
sz301662,宏工科技,2025-10-28 10:08:39,130.38,2600,130.4,E
sz301662,宏工科技,2025-10-28 10:09:06,130.42,2600,130.4,U
sz301662,宏工科技,2025-10-28 10:09:09,130.39,1943,130.42,E
sz301662,宏工科技,2025-10-28 10:09:12,130.33,1900,130.39,E
sz301662,宏工科技,2025-10-28 10:09:15,130.1,14057,130.33,D
sz301662,宏工科技,2025-10-28 10:09:24,129.81,21100,130.12,E
sz301662,宏工科技,2025-10-28 10:09:39,129.84,2000,129.84,D
sz301662,宏工科技,2025-10-28 10:09:42,131.13,14000,129.84,U
sz301662,宏工科技,2025-10-28 10:09:48,130.47,4800,130.49,E
sz301662,宏工科技,2025-10-28 10:10:18,130.53,1600,130.52,E
sz301662,宏工科技,2025-10-28 10:10:33,130.54,2500,130.52,U
sz301662,宏工科技,2025-10-28 10:10:54,130.8,1800,130.6,U
sz301662,宏工科技,2025-10-28 10:12:18,130.13,3000,130.13,D
sz301662,宏工科技,2025-10-28 10:12:21,130.12,2200,130.13,D
sz301662,宏工科技,2025-10-28 10:13:27,130.16,7300,130.21,D
sz301662,宏工科技,2025-10-28 10:13:33,130.0,1600,130.11,D
sz301662,宏工科技,2025-10-28 10:13:45,129.91,2000,129.97,D
sz301662,宏工科技,2025-10-28 10:14:21,129.88,2400,129.92,D
sz301662,宏工科技,2025-10-28 10:14:39,129.93,2500,129.8,U
sz301662,宏工科技,2025-10-28 10:15:51,129.8,1600,130.1,D
sz301662,宏工科技,2025-10-28 10:16:06,129.71,2100,129.73,D
sz301662,宏工科技,2025-10-28 10:17:00,129.11,1800,129.12,D
sz301662,宏工科技,2025-10-28 10:17:42,129.49,2000,129.52,D
sz301662,宏工科技,2025-10-28 10:19:33,129.13,1900,129.13,D
sz301662,宏工科技,2025-10-28 10:20:48,129.1,14700,129.15,D
sz301662,宏工科技,2025-10-28 10:21:00,129.0,2705,129.0,D
sz301662,宏工科技,2025-10-28 10:21:15,128.88,2600,128.91,D
sz301662,宏工科技,2025-10-28 10:21:39,128.82,1700,128.75,U
sz301662,宏工科技,2025-10-28 10:21:45,128.75,1700,128.75,E
sz301662,宏工科技,2025-10-28 10:21:48,128.75,2000,128.75,E
sz301662,宏工科技,2025-10-28 10:23:54,128.82,1849,128.95,D
sz301662,宏工科技,2025-10-28 10:24:45,128.83,2301,128.92,D
sz301662,宏工科技,2025-10-28 10:25:24,128.9,2200,128.91,D
sz301662,宏工科技,2025-10-28 10:26:03,128.91,2700,128.91,U
sz301662,宏工科技,2025-10-28 10:26:39,128.88,2400,128.88,D
sz301662,宏工科技,2025-10-28 10:27:21,128.79,2000,128.8,D
sz301662,宏工科技,2025-10-28 10:28:03,128.79,1800,128.79,U
sz301662,宏工科技,2025-10-28 10:28:06,128.76,2583,128.79,D
sz301662,宏工科技,2025-10-28 10:28:24,128.74,3213,128.77,D
sz301662,宏工科技,2025-10-28 10:28:27,128.5,2700,128.74,D
sz301662,宏工科技,2025-10-28 10:28:30,128.76,3200,128.5,U
sz301662,宏工科技,2025-10-28 10:28:54,128.5,1700,128.5,D
sz301662,宏工科技,2025-10-28 10:29:03,128.5,1878,128.5,D
sz301662,宏工科技,2025-10-28 10:29:18,128.5,1578,128.52,D
sz301662,宏工科技,2025-10-28 10:30:09,128.48,2600,128.5,D
sz301662,宏工科技,2025-10-28 10:30:12,128.51,12587,128.48,U
sz301662,宏工科技,2025-10-28 10:31:36,128.31,1600,128.33,D
sz301662,宏工科技,2025-10-28 10:31:45,128.2,3200,128.32,D
sz301662,宏工科技,2025-10-28 10:31:54,127.99,6300,128.01,D
sz301662,宏工科技,2025-10-28 10:32:03,127.88,3100,127.8,U
sz301662,宏工科技,2025-10-28 10:33:45,127.6,2100,127.6,D
sz301662,宏工科技,2025-10-28 10:36:21,128.33,2500,128.36,D
sz301662,宏工科技,2025-10-28 10:40:27,129.26,5400,128.8,U
sz301662,宏工科技,2025-10-28 10:40:51,129.42,2300,129.41,U
sz301662,宏工科技,2025-10-28 10:42:45,129.5,2000,129.75,D
sz301662,宏工科技,2025-10-28 10:43:48,129.43,1700,129.55,D
sz301662,宏工科技,2025-10-28 10:44:12,129.4,1600,129.42,D
sz301662,宏工科技,2025-10-28 10:45:15,129.22,3800,129.42,D
sz301662,宏工科技,2025-10-28 10:45:48,129.43,4300,129.38,U
sz301662,宏工科技,2025-10-28 10:46:39,129.58,4200,129.71,D
sz301662,宏工科技,2025-10-28 10:46:51,129.74,5543,129.68,U
sz301662,宏工科技,2025-10-28 10:47:57,129.79,4100,129.85,D
sz301662,宏工科技,2025-10-28 10:50:39,129.98,10200,129.67,U
sz301662,宏工科技,2025-10-28 10:50:42,130.02,5600,129.98,U
sz301662,宏工科技,2025-10-28 10:51:42,130.49,2900,130.56,D
sz301662,宏工科技,2025-10-28 10:53:42,131.0,3300,130.95,U
sz301662,宏工科技,2025-10-28 10:53:57,130.99,2700,131.0,D
sz301662,宏工科技,2025-10-28 10:54:03,130.95,1800,130.99,D
sz301662,宏工科技,2025-10-28 10:55:12,130.5,4860,130.61,D
sz301662,宏工科技,2025-10-28 11:02:36,129.78,3600,130.03,D
sz301662,宏工科技,2025-10-28 11:03:42,129.4,4000,129.53,D
sz301662,宏工科技,2025-10-28 11:03:57,129.04,2100,129.4,D
sz301662,宏工科技,2025-10-28 11:05:57,130.0,2200,129.7,U
sz301662,宏工科技,2025-10-28 11:10:54,130.0,2200,130.21,D
sz301662,宏工科技,2025-10-28 11:11:12,129.7,1600,129.67,D
sz301662,宏工科技,2025-10-28 11:13:36,130.01,2600,129.84,U
sz301662,宏工科技,2025-10-28 11:14:24,130.0,6100,129.86,U
sz301662,宏工科技,2025-10-28 11:17:15,130.2,1835,130.21,D
sz301662,宏工科技,2025-10-28 11:19:42,130.15,2600,130.36,D
sz301662,宏工科技,2025-10-28 11:20:09,129.63,1600,129.78,D
sz301662,宏工科技,2025-10-28 11:20:30,129.89,2722,129.89,D
sz301662,宏工科技,2025-10-28 11:21:48,130.5,3300,130.39,U
sz301662,宏工科技,2025-10-28 11:22:06,130.4,2100,130.42,E
sz301662,宏工科技,2025-10-28 11:27:24,130.0,3200,129.98,U
sz301662,宏工科技,2025-10-28 11:29:39,131.36,40529,130.25,U
sz301662,宏工科技,2025-10-28 11:29:42,131.7,20700,131.36,U
