symbol,name,ticktime,price,volume,prev_price,kind
sz301662,宏工科技,2025-10-24 09:25:00,117.01,2500,0.0,U
sz301662,宏工科技,2025-10-24 09:30:00,117.01,6500,117.01,E
sz301662,宏工科技,2025-10-24 09:30:03,117.88,4900,117.01,U
sz301662,宏工科技,2025-10-24 09:30:06,117.01,2100,117.88,D
sz301662,宏工科技,2025-10-24 09:31:12,116.14,5800,116.14,D
sz301662,宏工科技,2025-10-24 09:31:45,116.23,2300,116.22,E
sz301662,宏工科技,2025-10-24 09:31:51,116.27,2100,116.23,E
sz301662,宏工科技,2025-10-24 09:32:03,116.73,3400,116.22,U
sz301662,宏工科技,2025-10-24 09:34:00,116.31,3700,116.33,D
sz301662,宏工科技,2025-10-24 09:34:03,116.03,7900,116.31,D
sz301662,宏工科技,2025-10-24 09:34:36,116.16,2000,116.03,U
sz301662,宏工科技,2025-10-24 09:35:00,116.0,3100,116.01,D
sz301662,宏工科技,2025-10-24 09:36:21,116.01,1800,116.03,D
sz301662,宏工科技,2025-10-24 09:37:03,115.8,3600,115.88,D
sz301662,宏工科技,2025-10-24 09:37:06,115.92,6286,115.8,U
sz301662,宏工科技,2025-10-24 09:37:33,116.22,2680,116.2,U
sz301662,宏工科技,2025-10-24 09:38:18,116.67,2600,116.46,U
sz301662,宏工科技,2025-10-24 09:39:27,116.7,8900,116.55,U
sz301662,宏工科技,2025-10-24 09:39:39,116.97,1900,116.74,E
sz301662,宏工科技,2025-10-24 09:40:00,116.74,5900,116.74,D
sz301662,宏工科技,2025-10-24 09:40:15,117.0,6843,116.9,U
sz301662,宏工科技,2025-10-24 09:41:03,117.1,6600,117.29,D
sz301662,宏工科技,2025-10-24 09:41:51,117.32,2900,117.29,U
sz301662,宏工科技,2025-10-24 09:41:54,117.5,3400,117.32,U
sz301662,宏工科技,2025-10-24 09:43:21,117.87,6900,117.67,U
sz301662,宏工科技,2025-10-24 09:43:33,117.88,6400,117.87,U
sz301662,宏工科技,2025-10-24 09:43:39,117.94,2100,117.9,U
sz301662,宏工科技,2025-10-24 09:43:42,118.2,9400,117.94,U
sz301662,宏工科技,2025-10-24 09:43:48,118.3,6200,117.94,U
sz301662,宏工科技,2025-10-24 09:44:03,118.45,2100,118.37,U
sz301662,宏工科技,2025-10-24 09:44:24,118.09,2500,118.29,D
sz301662,宏工科技,2025-10-24 09:44:39,117.94,5029,118.1,D
sz301662,宏工科技,2025-10-24 09:44:45,118.01,2600,117.94,U
sz301662,宏工科技,2025-10-24 09:44:48,118.56,11600,118.01,U
sz301662,宏工科技,2025-10-24 09:45:03,119.14,10421,118.8,U
sz301662,宏工科技,2025-10-24 09:45:06,119.02,3272,119.14,D
sz301662,宏工科技,2025-10-24 09:45:09,119.14,8500,119.02,E
sz301662,宏工科技,2025-10-24 09:45:18,119.34,2700,119.31,U
sz301662,宏工科技,2025-10-24 09:45:21,119.3,2500,119.34,D
sz301662,宏工科技,2025-10-24 09:45:24,119.3,2700,119.3,D
sz301662,宏工科技,2025-10-24 09:45:30,119.4,11900,119.34,U
sz301662,宏工科技,2025-10-24 09:45:42,119.4,1899,119.38,U
sz301662,宏工科技,2025-10-24 09:45:48,119.39,5000,119.39,D
sz301662,宏工科技,2025-10-24 09:46:00,119.43,5900,119.43,D
sz301662,宏工科技,2025-10-24 09:46:03,119.38,5600,119.43,E
sz301662,宏工科技,2025-10-24 09:46:12,119.38,2300,119.38,D
sz301662,宏工科技,2025-10-24 09:46:15,119.1,12800,119.38,D
sz301662,宏工科技,2025-10-24 09:46:18,119.1,2900,119.1,U
sz301662,宏工科技,2025-10-24 09:46:36,118.97,11900,119.0,D
sz301662,宏工科技,2025-10-24 09:46:39,118.97,1700,118.97,U
sz301662,宏工科技,2025-10-24 09:46:42,119.0,4600,118.97,U
sz301662,宏工科技,2025-10-24 09:46:48,119.0,2130,119.0,U
sz301662,宏工科技,2025-10-24 09:46:57,118.78,5000,118.77,E
sz301662,宏工科技,2025-10-24 09:47:00,119.03,2670,118.78,U
sz301662,宏工科技,2025-10-24 09:47:03,119.39,6700,119.03,U
sz301662,宏工科技,2025-10-24 09:47:06,119.6,13500,119.39,U
sz301662,宏工科技,2025-10-24 09:47:09,119.85,3943,119.6,U
sz301662,宏工科技,2025-10-24 09:47:12,119.86,9200,119.85,U
sz301662,宏工科技,2025-10-24 09:47:15,119.88,3600,119.86,U
sz301662,宏工科技,2025-10-24 09:47:36,119.42,3400,119.42,U
sz301662,宏工科技,2025-10-24 09:47:42,119.43,2500,119.39,U
sz301662,宏工科技,2025-10-24 09:47:45,119.65,2900,119.43,U
sz301662,宏工科技,2025-10-24 09:48:06,119.8,1900,119.76,U
sz301662,宏工科技,2025-10-24 09:48:09,119.8,3800,119.8,U
sz301662,宏工科技,2025-10-24 09:48:18,119.88,5400,119.85,U
sz301662,宏工科技,2025-10-24 09:48:24,120.31,34200,119.92,U
sz301662,宏工科技,2025-10-24 09:48:27,119.97,4600,120.31,D
sz301662,宏工科技,2025-10-24 09:48:48,120.69,8964,120.78,D
sz301662,宏工科技,2025-10-24 09:48:51,120.76,3100,120.69,U
sz301662,宏工科技,2025-10-24 09:48:54,120.55,2700,120.76,D
sz301662,宏工科技,2025-10-24 09:48:57,120.56,2736,120.55,E
sz301662,宏工科技,2025-10-24 09:49:00,120.53,6200,120.56,E
sz301662,宏工科技,2025-10-24 09:49:06,120.6,6300,120.53,U
sz301662,宏工科技,2025-10-24 09:49:09,120.6,3464,120.6,U
sz301662,宏工科技,2025-10-24 09:49:15,120.69,5300,120.49,U
sz301662,宏工科技,2025-10-24 09:49:18,120.5,24750,120.69,D
sz301662,宏工科技,2025-10-24 09:49:21,120.69,2300,120.5,E
sz301662,宏工科技,2025-10-24 09:49:30,121.7,13600,120.85,U
sz301662,宏工科技,2025-10-24 09:49:33,121.62,1900,121.7,D
sz301662,宏工科技,2025-10-24 09:49:36,121.16,6843,121.62,D
sz301662,宏工科技,2025-10-24 09:49:45,121.67,1800,121.68,E
sz301662,宏工科技,2025-10-24 09:49:51,121.3,3200,121.65,D
sz301662,宏工科技,2025-10-24 09:49:54,121.62,1800,121.3,E
sz301662,宏工科技,2025-10-24 09:49:57,121.45,13400,121.62,E
sz301662,宏工科技,2025-10-24 09:50:00,121.42,7900,121.45,E
sz301662,宏工科技,2025-10-24 09:50:03,121.28,1700,121.42,E
sz301662,宏工科技,2025-10-24 09:50:09,120.95,7700,120.95,E
sz301662,宏工科技,2025-10-24 09:50:15,120.85,1900,120.95,D
sz301662,宏工科技,2025-10-24 09:50:21,120.8,3500,120.75,E
sz301662,宏工科技,2025-10-24 09:50:27,120.0,6215,120.5,D
sz301662,宏工科技,2025-10-24 09:50:33,120.05,4600,120.01,D
sz301662,宏工科技,2025-10-24 09:50:36,120.49,4300,120.05,U
sz301662,宏工科技,2025-10-24 09:50:39,120.49,5700,120.49,U
sz301662,宏工科技,2025-10-24 09:50:45,120.51,4100,120.07,U
sz301662,宏工科技,2025-10-24 09:50:51,120.58,5200,120.4,U
sz301662,宏工科技,2025-10-24 09:50:57,121.12,18900,120.4,U
sz301662,宏工科技,2025-10-24 09:51:06,121.37,2100,121.4,E
sz301662,宏工科技,2025-10-24 09:51:09,121.51,7000,121.37,U
sz301662,宏工科技,2025-10-24 09:51:12,121.67,5200,121.51,U
sz301662,宏工科技,2025-10-24 09:51:21,121.4,4157,121.68,D
sz301662,宏工科技,2025-10-24 09:51:24,121.59,6400,121.4,U
sz301662,宏工科技,2025-10-24 09:51:30,121.54,2600,121.59,D
sz301662,宏工科技,2025-10-24 09:51:36,121.54,2200,121.54,U
sz301662,宏工科技,2025-10-24 09:51:39,121.5,2477,121.54,E
sz301662,宏工科技,2025-10-24 09:51:42,121.36,1723,121.5,D
sz301662,宏工科技,2025-10-24 09:51:48,121.0,13300,121.5,D
sz301662,宏工科技,2025-10-24 09:51:51,121.35,10400,121.0,U
sz301662,宏工科技,2025-10-24 09:51:57,121.5,1909,121.36,U
sz301662,宏工科技,2025-10-24 09:52:00,121.4,1900,121.5,D
sz301662,宏工科技,2025-10-24 09:52:03,121.4,2400,121.4,D
sz301662,宏工科技,2025-10-24 09:52:06,121.4,3300,121.4,D
sz301662,宏工科技,2025-10-24 09:52:12,121.4,2700,121.4,U
sz301662,宏工科技,2025-10-24 09:52:15,121.4,2300,121.4,U
sz301662,宏工科技,2025-10-24 09:52:21,121.03,2000,121.4,D
sz301662,宏工科技,2025-10-24 09:52:27,121.41,8100,121.4,U
sz301662,宏工科技,2025-10-24 09:52:30,121.6,7577,121.41,U
sz301662,宏工科技,2025-10-24 09:52:33,121.79,8742,121.6,E
sz301662,宏工科技,2025-10-24 09:52:36,121.79,3000,121.79,U
sz301662,宏工科技,2025-10-24 09:52:42,121.82,2300,121.79,U
sz301662,宏工科技,2025-10-24 09:52:48,121.85,8500,121.82,U
sz301662,宏工科技,2025-10-24 09:52:54,121.87,2900,121.85,U
sz301662,宏工科技,2025-10-24 09:53:00,121.99,3000,121.87,U
sz301662,宏工科技,2025-10-24 09:53:06,122.0,4700,121.99,U
sz301662,宏工科技,2025-10-24 09:53:09,121.67,13500,122.0,D
sz301662,宏工科技,2025-10-24 09:53:12,121.35,4200,121.67,D
sz301662,宏工科技,2025-10-24 09:53:15,121.64,2900,121.35,U
sz301662,宏工科技,2025-10-24 09:53:27,121.8,2000,121.37,U
sz301662,宏工科技,2025-10-24 09:53:30,121.37,2600,121.8,U
sz301662,宏工科技,2025-10-24 09:53:39,121.37,2100,121.56,D
sz301662,宏工科技,2025-10-24 09:53:48,121.61,5200,121.61,D
sz301662,宏工科技,2025-10-24 09:53:54,121.59,2700,121.61,D
sz301662,宏工科技,2025-10-24 09:53:57,121.62,1700,121.59,U
sz301662,宏工科技,2025-10-24 09:54:00,121.86,4843,121.62,U
sz301662,宏工科技,2025-10-24 09:54:18,121.58,8100,121.6,D
sz301662,宏工科技,2025-10-24 09:54:21,121.3,48457,121.58,D
sz301662,宏工科技,2025-10-24 09:54:24,121.34,2400,121.3,U
sz301662,宏工科技,2025-10-24 09:54:36,121.0,3500,121.09,D
sz301662,宏工科技,2025-10-24 09:54:39,120.99,10100,121.0,D
sz301662,宏工科技,2025-10-24 09:55:03,120.96,5400,120.61,U
sz301662,宏工科技,2025-10-24 09:55:24,120.97,2000,120.94,U
sz301662,宏工科技,2025-10-24 09:55:30,121.0,2700,121.0,U
sz301662,宏工科技,2025-10-24 09:55:39,121.23,2100,121.09,U
sz301662,宏工科技,2025-10-24 09:55:51,121.1,5500,121.23,D
sz301662,宏工科技,2025-10-24 09:56:12,121.22,8500,121.25,D
sz301662,宏工科技,2025-10-24 09:56:33,121.01,4165,121.22,D
sz301662,宏工科技,2025-10-24 09:56:48,120.75,2100,120.83,D
sz301662,宏工科技,2025-10-24 09:57:24,121.0,4900,120.75,U
sz301662,宏工科技,2025-10-24 09:57:51,121.5,5446,121.2,U
sz301662,宏工科技,2025-10-24 09:57:54,121.6,3100,121.5,U
sz301662,宏工科技,2025-10-24 09:58:00,121.67,3200,121.6,U
sz301662,宏工科技,2025-10-24 09:58:06,121.7,1900,121.63,E
sz301662,宏工科技,2025-10-24 09:58:09,121.67,6400,121.7,D
sz301662,宏工科技,2025-10-24 09:58:12,121.83,5406,121.67,U
sz301662,宏工科技,2025-10-24 09:58:15,121.85,6300,121.83,U
sz301662,宏工科技,2025-10-24 09:58:18,121.9,2300,121.85,U
sz301662,宏工科技,2025-10-24 09:58:24,122.5,29140,121.98,U
sz301662,宏工科技,2025-10-24 09:58:27,122.68,5300,122.5,U
sz301662,宏工科技,2025-10-24 09:58:33,122.8,15100,122.68,U
sz301662,宏工科技,2025-10-24 09:58:36,122.69,3000,122.8,E
sz301662,宏工科技,2025-10-24 09:58:42,122.83,1800,122.87,D
sz301662,宏工科技,2025-10-24 09:58:45,122.91,9335,122.83,U
sz301662,宏工科技,2025-10-24 09:58:48,122.8,11500,122.91,D
sz301662,宏工科技,2025-10-24 09:58:51,122.66,2965,122.8,D
sz301662,宏工科技,2025-10-24 09:58:57,122.75,4700,122.66,U
sz301662,宏工科技,2025-10-24 09:59:12,122.63,3900,122.4,U
sz301662,宏工科技,2025-10-24 09:59:18,122.02,10100,122.05,D
sz301662,宏工科技,2025-10-24 09:59:24,122.05,2000,122.61,D
sz301662,宏工科技,2025-10-24 09:59:27,122.75,6000,122.05,U
sz301662,宏工科技,2025-10-24 09:59:30,122.72,1943,122.75,D
sz301662,宏工科技,2025-10-24 09:59:36,123.2,28000,122.75,U
sz301662,宏工科技,2025-10-24 09:59:39,122.81,7100,123.2,D
sz301662,宏工科技,2025-10-24 09:59:51,123.45,13900,123.43,U
sz301662,宏工科技,2025-10-24 09:59:57,123.58,1700,123.45,U
sz301662,宏工科技,2025-10-24 10:00:06,123.44,1665,123.65,D
sz301662,宏工科技,2025-10-24 10:00:12,123.56,6900,123.44,E
sz301662,宏工科技,2025-10-24 10:00:18,123.67,4400,123.57,U
sz301662,宏工科技,2025-10-24 10:00:21,123.63,1800,123.67,D
sz301662,宏工科技,2025-10-24 10:00:24,123.67,4400,123.63,U
sz301662,宏工科技,2025-10-24 10:00:27,123.58,2100,123.67,D
sz301662,宏工科技,2025-10-24 10:00:30,123.66,2700,123.58,U
sz301662,宏工科技,2025-10-24 10:00:36,123.37,17000,123.5,D
sz301662,宏工科技,2025-10-24 10:00:42,123.33,2300,123.37,E
sz301662,宏工科技,2025-10-24 10:00:54,123.18,1800,123.0,E
sz301662,宏工科技,2025-10-24 10:01:00,123.32,3300,123.0,U
sz301662,宏工科技,2025-10-24 10:01:06,123.32,2500,123.18,E
sz301662,宏工科技,2025-10-24 10:01:12,122.8,2900,123.32,D
sz301662,宏工科技,2025-10-24 10:01:18,122.81,4843,122.64,U
sz301662,宏工科技,2025-10-24 10:01:27,122.8,3300,122.81,D
sz301662,宏工科技,2025-10-24 10:01:30,123.0,1700,122.8,U
sz301662,宏工科技,2025-10-24 10:01:39,122.82,1700,122.97,D
sz301662,宏工科技,2025-10-24 10:01:45,123.01,3735,122.66,U
sz301662,宏工科技,2025-10-24 10:01:51,122.94,10965,123.0,D
sz301662,宏工科技,2025-10-24 10:02:15,122.76,2800,122.8,E
sz301662,宏工科技,2025-10-24 10:02:24,122.76,2400,122.76,U
sz301662,宏工科技,2025-10-24 10:02:42,122.98,2300,122.79,U
sz301662,宏工科技,2025-10-24 10:02:45,123.05,4400,122.98,U
sz301662,宏工科技,2025-10-24 10:02:48,123.12,2400,123.05,U
sz301662,宏工科技,2025-10-24 10:02:57,123.13,3100,123.3,E
sz301662,宏工科技,2025-10-24 10:03:00,123.09,2000,123.13,D
sz301662,宏工科技,2025-10-24 10:03:03,123.1,2100,123.09,E
sz301662,宏工科技,2025-10-24 10:03:12,122.69,15000,123.09,D
sz301662,宏工科技,2025-10-24 10:03:39,122.3,2400,122.34,D
sz301662,宏工科技,2025-10-24 10:04:06,122.3,2900,122.3,U
sz301662,宏工科技,2025-10-24 10:04:15,122.0,2900,122.15,D
sz301662,宏工科技,2025-10-24 10:04:27,122.34,3900,122.15,U
sz301662,宏工科技,2025-10-24 10:04:57,122.8,9200,122.18,U
sz301662,宏工科技,2025-10-24 10:05:09,123.46,9100,122.96,U
sz301662,宏工科技,2025-10-24 10:05:12,123.6,6302,123.46,U
sz301662,宏工科技,2025-10-24 10:05:27,123.6,2100,123.5,U
sz301662,宏工科技,2025-10-24 10:05:33,123.03,4900,123.6,D
sz301662,宏工科技,2025-10-24 10:05:48,123.66,1800,123.65,U
sz301662,宏工科技,2025-10-24 10:05:51,123.65,6400,123.66,D
sz301662,宏工科技,2025-10-24 10:05:57,124.07,20235,123.67,U
sz301662,宏工科技,2025-10-24 10:06:12,124.27,5800,124.32,D
sz301662,宏工科技,2025-10-24 10:06:48,123.57,8200,123.6,D
sz301662,宏工科技,2025-10-24 10:06:51,123.6,4000,123.57,U
sz301662,宏工科技,2025-10-24 10:07:27,124.27,1800,124.2,U
sz301662,宏工科技,2025-10-24 10:07:33,124.3,3900,124.2,U
sz301662,宏工科技,2025-10-24 10:07:45,124.27,2000,124.37,D
sz301662,宏工科技,2025-10-24 10:07:54,124.38,2178,124.38,U
sz301662,宏工科技,2025-10-24 10:08:00,124.38,1629,124.36,D
sz301662,宏工科技,2025-10-24 10:08:06,124.69,4700,124.38,U
sz301662,宏工科技,2025-10-24 10:08:18,124.83,4500,124.8,U
sz301662,宏工科技,2025-10-24 10:08:24,124.84,2200,124.81,U
sz301662,宏工科技,2025-10-24 10:08:30,124.9,3300,124.8,U
sz301662,宏工科技,2025-10-24 10:08:33,124.75,1700,124.9,D
sz301662,宏工科技,2025-10-24 10:08:36,124.97,6300,124.75,U
sz301662,宏工科技,2025-10-24 10:08:42,125.0,20400,124.96,U
sz301662,宏工科技,2025-10-24 10:08:45,125.14,1700,125.0,U
sz301662,宏工科技,2025-10-24 10:08:48,125.38,1900,125.14,U
sz301662,宏工科技,2025-10-24 10:08:54,125.5,2800,125.38,U
sz301662,宏工科技,2025-10-24 10:09:09,125.73,7100,125.65,U
sz301662,宏工科技,2025-10-24 10:09:18,126.0,3400,125.98,U
sz301662,宏工科技,2025-10-24 10:09:21,125.99,3200,126.0,D
sz301662,宏工科技,2025-10-24 10:09:24,125.99,2000,125.99,D
sz301662,宏工科技,2025-10-24 10:09:27,126.0,4900,125.99,U
sz301662,宏工科技,2025-10-24 10:09:30,125.95,5600,126.0,D
sz301662,宏工科技,2025-10-24 10:09:33,125.86,6400,125.95,D
sz301662,宏工科技,2025-10-24 10:09:36,125.8,17600,125.86,E
sz301662,宏工科技,2025-10-24 10:09:39,125.36,2100,125.8,D
sz301662,宏工科技,2025-10-24 10:09:45,125.0,2800,125.01,D
sz301662,宏工科技,2025-10-24 10:09:51,125.0,6400,125.0,D
sz301662,宏工科技,2025-10-24 10:09:57,125.14,2000,125.0,U
sz301662,宏工科技,2025-10-24 10:10:00,125.0,3600,125.14,D
sz301662,宏工科技,2025-10-24 10:10:06,125.61,8400,125.14,U
sz301662,宏工科技,2025-10-24 10:10:09,125.48,3100,125.61,E
sz301662,宏工科技,2025-10-24 10:10:12,125.8,1700,125.48,U
sz301662,宏工科技,2025-10-24 10:10:15,125.85,2200,125.8,U
sz301662,宏工科技,2025-10-24 10:10:18,125.85,6800,125.85,D
sz301662,宏工科技,2025-10-24 10:10:30,126.01,3000,125.96,U
sz301662,宏工科技,2025-10-24 10:10:36,126.09,2300,126.01,U
sz301662,宏工科技,2025-10-24 10:10:39,125.75,7300,126.09,D
sz301662,宏工科技,2025-10-24 10:10:42,125.74,1600,125.75,U
sz301662,宏工科技,2025-10-24 10:10:45,125.97,2400,125.74,U
sz301662,宏工科技,2025-10-24 10:10:54,125.18,3700,125.5,E
sz301662,宏工科技,2025-10-24 10:10:57,125.18,1600,125.18,U
sz301662,宏工科技,2025-10-24 10:11:09,125.21,1800,125.21,D
sz301662,宏工科技,2025-10-24 10:11:15,125.21,2000,125.21,U
sz301662,宏工科技,2025-10-24 10:11:33,124.8,4386,125.17,D
sz301662,宏工科技,2025-10-24 10:11:39,124.72,1700,124.97,D
sz301662,宏工科技,2025-10-24 10:11:48,125.0,7200,124.57,U
sz301662,宏工科技,2025-10-24 10:11:54,124.32,2800,124.56,D
sz301662,宏工科技,2025-10-24 10:12:06,124.3,2900,124.32,D
sz301662,宏工科技,2025-10-24 10:12:12,124.2,4514,124.3,D
sz301662,宏工科技,2025-10-24 10:12:18,124.09,3900,124.0,U
sz301662,宏工科技,2025-10-24 10:12:27,124.09,4500,123.67,U
sz301662,宏工科技,2025-10-24 10:12:30,124.0,5546,124.09,D
sz301662,宏工科技,2025-10-24 10:13:06,123.6,6400,123.87,D
sz301662,宏工科技,2025-10-24 10:13:12,123.7,2700,123.7,D
sz301662,宏工科技,2025-10-24 10:13:18,123.7,2500,123.81,D
sz301662,宏工科技,2025-10-24 10:13:24,123.84,2000,123.7,U
sz301662,宏工科技,2025-10-24 10:13:30,123.98,8500,123.83,U
sz301662,宏工科技,2025-10-24 10:13:33,123.99,3900,123.98,U
sz301662,宏工科技,2025-10-24 10:13:36,123.98,2200,123.99,E
sz301662,宏工科技,2025-10-24 10:13:39,124.0,2400,123.98,U
sz301662,宏工科技,2025-10-24 10:13:42,124.09,6200,124.0,E
sz301662,宏工科技,2025-10-24 10:13:45,124.01,2800,124.09,E
sz301662,宏工科技,2025-10-24 10:13:51,123.66,2104,124.0,D
sz301662,宏工科技,2025-10-24 10:13:54,123.68,3400,123.66,U
sz301662,宏工科技,2025-10-24 10:14:03,123.69,2196,123.66,E
sz301662,宏工科技,2025-10-24 10:15:33,123.17,1657,123.18,D
sz301662,宏工科技,2025-10-24 10:15:36,123.05,1700,123.17,D
sz301662,宏工科技,2025-10-24 10:16:03,122.8,2900,122.87,D
sz301662,宏工科技,2025-10-24 10:16:06,122.53,2700,122.8,D
sz301662,宏工科技,2025-10-24 10:16:09,122.58,2200,122.53,U
sz301662,宏工科技,2025-10-24 10:16:12,122.59,3779,122.58,U
sz301662,宏工科技,2025-10-24 10:16:15,122.21,3600,122.59,D
sz301662,宏工科技,2025-10-24 10:16:18,122.25,2500,122.21,D
sz301662,宏工科技,2025-10-24 10:16:21,122.15,1800,122.25,D
sz301662,宏工科技,2025-10-24 10:16:30,122.2,2300,122.2,D
sz301662,宏工科技,2025-10-24 10:16:33,122.2,2000,122.2,D
sz301662,宏工科技,2025-10-24 10:16:36,122.2,1900,122.2,D
sz301662,宏工科技,2025-10-24 10:16:39,122.2,1900,122.2,U
sz301662,宏工科技,2025-10-24 10:16:45,122.66,2100,122.27,U
sz301662,宏工科技,2025-10-24 10:16:48,122.32,2900,122.66,E
sz301662,宏工科技,2025-10-24 10:17:21,123.0,3100,122.7,U
sz301662,宏工科技,2025-10-24 10:17:33,123.01,1648,122.8,U
sz301662,宏工科技,2025-10-24 10:17:39,123.19,3200,123.01,U
sz301662,宏工科技,2025-10-24 10:17:57,123.3,2700,122.91,U
sz301662,宏工科技,2025-10-24 10:18:45,123.33,1685,123.52,D
sz301662,宏工科技,2025-10-24 10:18:54,123.37,2285,123.33,D
sz301662,宏工科技,2025-10-24 10:19:09,123.93,2300,123.37,U
sz301662,宏工科技,2025-10-24 10:20:03,123.91,1800,123.87,U
sz301662,宏工科技,2025-10-24 10:20:27,123.8,6100,124.01,D
sz301662,宏工科技,2025-10-24 10:20:30,123.93,2000,123.8,U
sz301662,宏工科技,2025-10-24 10:20:36,123.95,2300,123.95,U
sz301662,宏工科技,2025-10-24 10:20:57,124.0,1700,124.0,D
sz301662,宏工科技,2025-10-24 10:21:06,124.04,2200,124.01,D
sz301662,宏工科技,2025-10-24 10:21:30,124.8,2000,124.38,U
sz301662,宏工科技,2025-10-24 10:21:39,124.74,2200,124.36,U
sz301662,宏工科技,2025-10-24 10:21:57,124.55,1700,124.39,D
sz301662,宏工科技,2025-10-24 10:23:09,124.14,3200,124.14,D
sz301662,宏工科技,2025-10-24 10:26:06,123.65,1743,123.64,U
sz301662,宏工科技,2025-10-24 10:27:57,124.0,2300,124.22,D
sz301662,宏工科技,2025-10-24 10:28:39,123.63,1800,123.68,D
sz301662,宏工科技,2025-10-24 10:29:54,123.08,11000,123.3,D
sz301662,宏工科技,2025-10-24 10:30:00,123.05,2200,123.3,D
sz301662,宏工科技,2025-10-24 10:31:39,123.26,6100,123.26,D
sz301662,宏工科技,2025-10-24 10:31:54,123.2,10100,123.26,D
sz301662,宏工科技,2025-10-24 10:32:00,123.68,6700,123.49,U
sz301662,宏工科技,2025-10-24 10:32:12,124.0,5400,123.98,U
sz301662,宏工科技,2025-10-24 10:32:36,124.43,4600,124.0,U
sz301662,宏工科技,2025-10-24 10:32:42,124.66,2900,124.51,U
sz301662,宏工科技,2025-10-24 10:32:51,124.66,1700,124.72,D
sz301662,宏工科技,2025-10-24 10:33:00,124.5,2528,124.73,D
sz301662,宏工科技,2025-10-24 10:33:03,124.51,2772,124.5,E
sz301662,宏工科技,2025-10-24 10:34:00,124.2,7700,124.33,D
sz301662,宏工科技,2025-10-24 10:35:45,124.07,4971,124.14,D
sz301662,宏工科技,2025-10-24 10:36:48,123.85,2800,123.85,U
sz301662,宏工科技,2025-10-24 10:37:45,123.47,2200,123.44,E
sz301662,宏工科技,2025-10-24 10:38:03,123.46,2000,123.47,D
sz301662,宏工科技,2025-10-24 10:42:54,123.01,4300,123.09,D
sz301662,宏工科技,2025-10-24 10:42:57,122.98,7600,123.01,D
sz301662,宏工科技,2025-10-24 10:43:12,122.98,1800,122.98,D
sz301662,宏工科技,2025-10-24 10:43:21,122.5,5200,122.98,D
sz301662,宏工科技,2025-10-24 10:43:30,122.15,6300,122.28,D
sz301662,宏工科技,2025-10-24 10:45:18,123.0,2500,123.0,U
sz301662,宏工科技,2025-10-24 10:46:15,123.02,2400,123.09,D
sz301662,宏工科技,2025-10-24 10:47:36,122.76,2400,123.0,D
sz301662,宏工科技,2025-10-24 10:50:09,122.98,1700,123.15,D
sz301662,宏工科技,2025-10-24 10:50:12,122.93,1800,122.98,E
sz301662,宏工科技,2025-10-24 10:50:21,122.59,3800,122.72,D
sz301662,宏工科技,2025-10-24 10:50:30,122.05,3600,122.28,D
sz301662,宏工科技,2025-10-24 10:50:33,122.01,2600,122.05,D
sz301662,宏工科技,2025-10-24 10:50:39,122.16,2500,122.01,U
sz301662,宏工科技,2025-10-24 10:50:45,122.05,2700,122.15,D
sz301662,宏工科技,2025-10-24 10:51:00,122.51,3300,122.18,U
sz301662,宏工科技,2025-10-24 10:51:24,122.4,2500,122.51,D
sz301662,宏工科技,2025-10-24 10:56:15,122.31,2200,122.31,U
sz301662,宏工科技,2025-10-24 10:57:00,122.2,2000,122.22,D
sz301662,宏工科技,2025-10-24 10:57:30,122.12,5400,122.22,D
sz301662,宏工科技,2025-10-24 10:58:09,122.05,7200,122.11,D
sz301662,宏工科技,2025-10-24 11:01:51,122.7,2000,122.68,E
sz301662,宏工科技,2025-10-24 11:01:54,122.43,3418,122.7,D
sz301662,宏工科技,2025-10-24 11:04:12,122.18,3542,122.58,D
sz301662,宏工科技,2025-10-24 11:05:00,122.07,7274,122.15,D
sz301662,宏工科技,2025-10-24 11:17:21,122.5,2900,122.82,D
sz301662,宏工科技,2025-10-24 11:22:27,122.73,3500,122.75,E
sz301662,宏工科技,2025-10-24 11:24:39,123.0,1700,123.0,E
sz301662,宏工科技,2025-10-24 13:00:00,122.31,1782,122.31,E
sz301662,宏工科技,2025-10-24 13:01:18,122.08,1774,122.11,D
sz301662,宏工科技,2025-10-24 13:01:30,122.02,3900,122.08,D
sz301662,宏工科技,2025-10-24 13:02:06,122.0,6600,122.01,D
sz301662,宏工科技,2025-10-24 13:03:06,122.0,7100,122.02,D
sz301662,宏工科技,2025-10-24 13:04:03,121.66,1800,121.73,D
sz301662,宏工科技,2025-10-24 13:04:36,121.6,3300,121.6,D
sz301662,宏工科技,2025-10-24 13:06:21,121.46,2200,121.46,U
sz301662,宏工科技,2025-10-24 13:06:57,121.44,1700,121.46,D
sz301662,宏工科技,2025-10-24 13:07:00,121.44,6500,121.44,U
sz301662,宏工科技,2025-10-24 13:09:15,121.66,2092,121.68,D
sz301662,宏工科技,2025-10-24 13:11:18,121.99,1700,122.0,D
sz301662,宏工科技,2025-10-24 13:13:33,122.09,4000,122.0,U
sz301662,宏工科技,2025-10-24 13:16:45,122.09,1900,122.1,D
sz301662,宏工科技,2025-10-24 13:20:36,122.38,3300,122.48,D
sz301662,宏工科技,2025-10-24 13:25:03,122.05,3100,122.14,D
sz301662,宏工科技,2025-10-24 13:25:42,122.05,3500,122.05,D
sz301662,宏工科技,2025-10-24 13:25:45,122.52,16800,122.05,U
sz301662,宏工科技,2025-10-24 13:26:06,122.9,1900,122.78,U
sz301662,宏工科技,2025-10-24 13:26:09,122.9,3700,122.9,D
sz301662,宏工科技,2025-10-24 13:29:24,121.97,1700,122.08,D
sz301662,宏工科技,2025-10-24 13:31:09,121.86,2188,121.86,D
sz301662,宏工科技,2025-10-24 13:32:24,121.66,2800,121.66,D
sz301662,宏工科技,2025-10-24 13:35:30,121.69,2100,121.7,D
sz301662,宏工科技,2025-10-24 13:36:21,121.7,1800,121.69,U
sz301662,宏工科技,2025-10-24 13:41:24,121.56,1900,121.51,U
sz301662,宏工科技,2025-10-24 13:43:03,121.44,5500,121.26,U
sz301662,宏工科技,2025-10-24 13:45:27,121.58,4000,121.38,U
sz301662,宏工科技,2025-10-24 13:45:30,121.6,1900,121.58,U
sz301662,宏工科技,2025-10-24 13:52:57,121.64,3600,121.93,D
sz301662,宏工科技,2025-10-24 13:54:39,121.66,2200,121.65,E
sz301662,宏工科技,2025-10-24 14:01:36,121.87,4500,121.9,D
sz301662,宏工科技,2025-10-24 14:02:06,122.0,6200,121.94,U
sz301662,宏工科技,2025-10-24 14:03:06,122.59,2000,122.59,D
sz301662,宏工科技,2025-10-24 14:03:09,122.5,2800,122.59,D
sz301662,宏工科技,2025-10-24 14:03:21,122.68,1635,122.56,U
sz301662,宏工科技,2025-10-24 14:04:45,122.7,2100,122.69,U
sz301662,宏工科技,2025-10-24 14:05:06,122.83,2200,122.74,U
sz301662,宏工科技,2025-10-24 14:05:12,123.17,6100,122.85,U
sz301662,宏工科技,2025-10-24 14:05:24,123.5,4000,123.27,U
sz301662,宏工科技,2025-10-24 14:06:00,123.76,1900,123.79,U
sz301662,宏工科技,2025-10-24 14:06:15,123.8,3435,123.73,U
sz301662,宏工科技,2025-10-24 14:08:12,123.53,3300,123.52,U
sz301662,宏工科技,2025-10-24 14:12:42,122.74,1665,122.55,U
sz301662,宏工科技,2025-10-24 14:16:21,122.75,2400,122.51,E
sz301662,宏工科技,2025-10-24 14:19:18,123.0,1700,123.1,D
sz301662,宏工科技,2025-10-24 14:19:45,123.19,2100,123.1,U
sz301662,宏工科技,2025-10-24 14:20:21,122.86,3039,123.0,D
sz301662,宏工科技,2025-10-24 14:22:36,122.8,3509,122.79,U
sz301662,宏工科技,2025-10-24 14:29:24,122.55,1637,122.84,D
sz301662,宏工科技,2025-10-24 14:30:48,122.55,2100,122.63,D
sz301662,宏工科技,2025-10-24 14:31:36,122.5,8000,122.53,D
sz301662,宏工科技,2025-10-24 14:33:45,122.76,4665,122.8,D
sz301662,宏工科技,2025-10-24 14:33:51,122.67,1665,122.76,D
sz301662,宏工科技,2025-10-24 14:35:51,122.63,2200,122.63,U
sz301662,宏工科技,2025-10-24 14:35:57,122.59,1700,122.63,D
sz301662,宏工科技,2025-10-24 14:36:06,122.63,3700,122.59,U
sz301662,宏工科技,2025-10-24 14:39:21,122.6,1900,122.6,U
sz301662,宏工科技,2025-10-24 14:39:39,122.8,4000,122.6,U
sz301662,宏工科技,2025-10-24 14:39:51,123.0,2900,122.83,U
sz301662,宏工科技,2025-10-24 14:39:54,123.0,5700,123.0,D
sz301662,宏工科技,2025-10-24 14:39:57,123.0,2700,123.0,D
sz301662,宏工科技,2025-10-24 14:42:03,122.95,1700,122.85,U
sz301662,宏工科技,2025-10-24 14:44:18,122.33,1700,122.5,D
sz301662,宏工科技,2025-10-24 14:45:42,122.01,8200,122.22,D
sz301662,宏工科技,2025-10-24 14:48:21,122.4,2900,122.44,D
sz301662,宏工科技,2025-10-24 14:48:27,122.45,5000,122.4,U
sz301662,宏工科技,2025-10-24 14:50:06,122.2,3200,122.24,D
sz301662,宏工科技,2025-10-24 14:54:48,122.38,1800,122.35,U
sz301662,宏工科技,2025-10-24 14:55:03,122.34,2100,122.35,D
sz301662,宏工科技,2025-10-24 14:55:27,122.38,1700,122.35,U
sz301662,宏工科技,2025-10-24 14:56:18,122.36,2900,122.35,U
sz301662,宏工科技,2025-10-24 14:56:21,122.34,14600,122.36,D
sz301662,宏工科技,2025-10-24 14:56:27,122.34,2100,122.34,D
sz301662,宏工科技,2025-10-24 14:56:33,122.34,2300,122.34,D
sz301662,宏工科技,2025-10-24 14:56:39,122.35,2100,122.34,U
sz301662,宏工科技,2025-10-24 15:00:00,122.35,22420,122.34,U
