symbol,name,ticktime,price,volume,prev_price,kind
sz301662,宏工科技,2025-09-25 09:25:00,142.07,12800,0.0,D
sz301662,宏工科技,2025-09-25 09:30:00,142.07,12200,142.07,D
sz301662,宏工科技,2025-09-25 09:30:03,142.09,5900,142.07,D
sz301662,宏工科技,2025-09-25 09:30:06,142.1,1600,142.09,D
sz301662,宏工科技,2025-09-25 09:30:24,142.1,1800,143.2,D
sz301662,宏工科技,2025-09-25 09:30:33,142.11,3500,143.2,D
sz301662,宏工科技,2025-09-25 09:30:39,143.19,1700,143.2,U
sz301662,宏工科技,2025-09-25 09:30:48,143.6,2400,143.19,U
sz301662,宏工科技,2025-09-25 09:30:51,143.1,1500,143.6,D
sz301662,宏工科技,2025-09-25 09:30:57,142.85,2600,143.19,D
sz301662,宏工科技,2025-09-25 09:31:06,143.0,1500,142.85,U
sz301662,宏工科技,2025-09-25 09:31:12,143.0,1600,142.85,U
sz301662,宏工科技,2025-09-25 09:31:15,142.26,1900,143.0,D
sz301662,宏工科技,2025-09-25 09:31:24,142.32,1900,142.38,D
sz301662,宏工科技,2025-09-25 09:31:30,142.28,5400,142.38,D
sz301662,宏工科技,2025-09-25 09:31:33,142.26,3800,142.28,E
sz301662,宏工科技,2025-09-25 09:31:36,142.28,3200,142.26,U
sz301662,宏工科技,2025-09-25 09:31:39,142.28,3000,142.28,D
sz301662,宏工科技,2025-09-25 09:31:42,142.32,1500,142.28,U
sz301662,宏工科技,2025-09-25 09:31:45,142.28,2500,142.32,D
sz301662,宏工科技,2025-09-25 09:31:57,142.11,1600,142.24,D
sz301662,宏工科技,2025-09-25 09:32:09,142.11,2700,142.24,E
sz301662,宏工科技,2025-09-25 09:32:12,142.24,2000,142.11,U
sz301662,宏工科技,2025-09-25 09:32:15,142.1,2600,142.24,D
sz301662,宏工科技,2025-09-25 09:32:48,142.38,7200,142.38,U
sz301662,宏工科技,2025-09-25 09:33:12,142.8,3100,142.8,E
sz301662,宏工科技,2025-09-25 09:33:18,142.8,2000,142.8,U
sz301662,宏工科技,2025-09-25 09:33:21,142.8,1900,142.8,U
sz301662,宏工科技,2025-09-25 09:33:33,142.43,2500,142.74,E
sz301662,宏工科技,2025-09-25 09:33:36,142.32,2700,142.43,D
sz301662,宏工科技,2025-09-25 09:33:42,142.2,2000,142.32,D
sz301662,宏工科技,2025-09-25 09:33:48,142.0,19800,142.2,D
sz301662,宏工科技,2025-09-25 09:33:51,141.51,11100,142.0,D
sz301662,宏工科技,2025-09-25 09:33:54,141.46,2000,141.51,D
sz301662,宏工科技,2025-09-25 09:33:57,141.38,1500,141.46,D
sz301662,宏工科技,2025-09-25 09:34:06,141.3,1600,141.44,D
sz301662,宏工科技,2025-09-25 09:34:15,141.26,2100,141.26,U
sz301662,宏工科技,2025-09-25 09:34:24,141.04,1700,141.05,D
sz301662,宏工科技,2025-09-25 09:34:27,141.05,2400,141.04,U
sz301662,宏工科技,2025-09-25 09:34:30,141.0,3900,141.05,D
sz301662,宏工科技,2025-09-25 09:34:36,141.05,6100,140.97,U
sz301662,宏工科技,2025-09-25 09:34:39,141.33,5600,141.05,U
sz301662,宏工科技,2025-09-25 09:34:42,140.96,4100,141.33,D
sz301662,宏工科技,2025-09-25 09:34:48,140.96,3000,140.96,D
sz301662,宏工科技,2025-09-25 09:34:51,141.3,2500,140.96,U
sz301662,宏工科技,2025-09-25 09:34:57,140.8,2800,140.99,D
sz301662,宏工科技,2025-09-25 09:35:03,141.28,3100,141.11,U
sz301662,宏工科技,2025-09-25 09:35:27,141.27,2400,141.0,U
sz301662,宏工科技,2025-09-25 09:35:54,141.5,14300,141.44,U
sz301662,宏工科技,2025-09-25 09:36:12,141.33,2200,141.33,D
sz301662,宏工科技,2025-09-25 09:36:24,141.01,6000,141.2,D
sz301662,宏工科技,2025-09-25 09:36:33,141.0,2500,141.02,D
sz301662,宏工科技,2025-09-25 09:36:48,141.03,3000,141.0,U
sz301662,宏工科技,2025-09-25 09:36:54,141.01,1800,141.3,D
sz301662,宏工科技,2025-09-25 09:37:57,142.8,5100,141.9,U
sz301662,宏工科技,2025-09-25 09:38:12,141.9,2300,141.86,D
sz301662,宏工科技,2025-09-25 09:38:39,142.0,2100,142.79,D
sz301662,宏工科技,2025-09-25 09:38:42,142.78,2600,142.0,U
sz301662,宏工科技,2025-09-25 09:39:06,142.01,2100,142.01,D
sz301662,宏工科技,2025-09-25 09:39:51,142.45,1900,142.45,U
sz301662,宏工科技,2025-09-25 09:39:54,142.0,2400,142.45,D
sz301662,宏工科技,2025-09-25 09:40:09,142.0,2100,141.95,U
sz301662,宏工科技,2025-09-25 09:40:54,141.7,1800,141.65,U
sz301662,宏工科技,2025-09-25 09:40:57,141.7,1900,141.7,E
sz301662,宏工科技,2025-09-25 09:41:21,141.8,3400,141.7,U
sz301662,宏工科技,2025-09-25 09:42:45,142.2,2000,142.2,D
sz301662,宏工科技,2025-09-25 09:42:51,142.5,1700,142.2,D
sz301662,宏工科技,2025-09-25 09:43:03,142.5,2600,142.2,U
sz301662,宏工科技,2025-09-25 09:43:12,142.1,7300,142.2,D
sz301662,宏工科技,2025-09-25 09:44:24,141.79,3800,141.8,D
sz301662,宏工科技,2025-09-25 09:44:48,141.8,5100,141.8,U
sz301662,宏工科技,2025-09-25 09:45:27,142.7,1700,142.78,E
sz301662,宏工科技,2025-09-25 09:45:30,142.01,2900,142.7,E
sz301662,宏工科技,2025-09-25 09:46:33,142.53,1800,142.53,D
sz301662,宏工科技,2025-09-25 09:46:51,142.84,1800,142.52,E
sz301662,宏工科技,2025-09-25 09:47:12,142.88,2100,142.8,U
sz301662,宏工科技,2025-09-25 09:47:27,142.9,4300,142.88,U
sz301662,宏工科技,2025-09-25 09:47:33,142.85,3900,142.89,D
sz301662,宏工科技,2025-09-25 09:49:15,142.99,1400,142.8,U
sz301662,宏工科技,2025-09-25 09:49:33,143.01,1400,143.0,U
sz301662,宏工科技,2025-09-25 09:50:48,143.58,6500,143.61,D
sz301662,宏工科技,2025-09-25 09:50:51,143.58,1500,143.58,U
sz301662,宏工科技,2025-09-25 09:50:57,143.27,2800,143.65,D
sz301662,宏工科技,2025-09-25 09:51:06,143.07,1400,143.33,D
sz301662,宏工科技,2025-09-25 09:51:36,142.7,2000,142.8,D
sz301662,宏工科技,2025-09-25 09:53:15,142.16,2100,142.2,D
sz301662,宏工科技,2025-09-25 09:53:36,142.16,1500,142.16,D
sz301662,宏工科技,2025-09-25 09:54:00,142.1,3000,142.14,D
sz301662,宏工科技,2025-09-25 09:57:09,142.48,2600,142.88,D
sz301662,宏工科技,2025-09-25 09:58:06,142.09,4700,142.48,D
sz301662,宏工科技,2025-09-25 09:58:36,142.8,2200,142.09,U
sz301662,宏工科技,2025-09-25 09:59:27,142.01,5300,142.01,U
sz301662,宏工科技,2025-09-25 09:59:54,142.01,2200,142.02,D
sz301662,宏工科技,2025-09-25 10:01:42,141.38,2900,141.6,D
sz301662,宏工科技,2025-09-25 10:01:54,141.14,2400,141.2,D
sz301662,宏工科技,2025-09-25 10:02:00,141.09,1800,141.09,U
sz301662,宏工科技,2025-09-25 10:03:21,141.2,1600,141.2,D
sz301662,宏工科技,2025-09-25 10:03:57,141.89,22300,141.53,E
sz301662,宏工科技,2025-09-25 10:04:18,141.2,6600,141.21,D
sz301662,宏工科技,2025-09-25 10:04:21,141.18,2100,141.2,D
sz301662,宏工科技,2025-09-25 10:04:48,141.12,1500,141.15,D
sz301662,宏工科技,2025-09-25 10:07:03,141.15,1600,141.15,D
sz301662,宏工科技,2025-09-25 10:07:48,141.0,11600,141.16,D
sz301662,宏工科技,2025-09-25 10:07:51,140.97,8700,141.0,D
sz301662,宏工科技,2025-09-25 10:08:27,140.88,3900,140.9,D
sz301662,宏工科技,2025-09-25 10:08:33,140.88,2000,140.88,U
sz301662,宏工科技,2025-09-25 10:08:48,140.8,3600,140.86,D
sz301662,宏工科技,2025-09-25 10:08:51,140.75,3500,140.8,D
sz301662,宏工科技,2025-09-25 10:09:18,140.7,1700,140.72,D
sz301662,宏工科技,2025-09-25 10:09:27,140.76,15300,140.7,U
sz301662,宏工科技,2025-09-25 10:09:51,140.88,1900,141.82,E
sz301662,宏工科技,2025-09-25 10:10:06,140.98,1500,140.97,D
sz301662,宏工科技,2025-09-25 10:10:12,141.5,1500,141.01,U
sz301662,宏工科技,2025-09-25 10:10:15,141.47,2400,141.5,U
sz301662,宏工科技,2025-09-25 10:10:30,141.47,1721,140.99,U
sz301662,宏工科技,2025-09-25 10:11:27,140.92,1600,140.92,D
sz301662,宏工科技,2025-09-25 10:11:48,140.91,2400,140.91,U
sz301662,宏工科技,2025-09-25 10:13:06,140.94,8900,140.94,U
sz301662,宏工科技,2025-09-25 10:13:15,140.92,2200,140.94,D
sz301662,宏工科技,2025-09-25 10:13:39,140.81,4100,140.87,D
sz301662,宏工科技,2025-09-25 10:13:54,140.99,6000,140.81,U
sz301662,宏工科技,2025-09-25 10:13:57,141.6,2900,140.99,U
sz301662,宏工科技,2025-09-25 10:14:36,140.94,2000,141.0,D
sz301662,宏工科技,2025-09-25 10:16:30,142.0,5000,141.01,U
sz301662,宏工科技,2025-09-25 10:16:33,140.95,2500,142.0,D
sz301662,宏工科技,2025-09-25 10:17:03,141.01,2111,141.01,D
sz301662,宏工科技,2025-09-25 10:18:06,140.9,2589,140.94,D
sz301662,宏工科技,2025-09-25 10:18:45,140.48,15900,140.8,D
sz301662,宏工科技,2025-09-25 10:19:06,140.23,2000,140.32,D
sz301662,宏工科技,2025-09-25 10:19:21,140.17,2100,140.22,D
sz301662,宏工科技,2025-09-25 10:19:27,140.17,9900,140.17,U
sz301662,宏工科技,2025-09-25 10:19:33,140.0,2100,140.0,D
sz301662,宏工科技,2025-09-25 10:19:39,140.0,4400,140.0,D
sz301662,宏工科技,2025-09-25 10:20:33,140.0,2100,140.0,D
sz301662,宏工科技,2025-09-25 10:22:06,140.23,5400,140.38,E
sz301662,宏工科技,2025-09-25 10:23:36,140.9,2900,140.94,D
sz301662,宏工科技,2025-09-25 10:25:42,140.71,1500,140.72,D
sz301662,宏工科技,2025-09-25 10:27:30,140.6,1900,140.33,U
sz301662,宏工科技,2025-09-25 10:28:09,140.3,8100,140.5,D
sz301662,宏工科技,2025-09-25 10:30:12,141.01,2600,140.9,U
sz301662,宏工科技,2025-09-25 10:31:21,141.7,1900,141.69,U
sz301662,宏工科技,2025-09-25 10:36:24,140.7,1500,140.7,D
sz301662,宏工科技,2025-09-25 10:36:54,140.69,2800,140.73,D
sz301662,宏工科技,2025-09-25 10:38:27,141.14,1600,141.11,U
sz301662,宏工科技,2025-09-25 10:38:30,141.06,1500,141.14,D
sz301662,宏工科技,2025-09-25 10:39:36,141.28,1800,141.46,D
sz301662,宏工科技,2025-09-25 10:40:24,141.01,1600,141.43,D
sz301662,宏工科技,2025-09-25 10:44:30,140.94,2400,140.94,U
sz301662,宏工科技,2025-09-25 10:49:09,140.94,1600,140.94,U
sz301662,宏工科技,2025-09-25 10:51:27,141.04,1500,140.94,U
sz301662,宏工科技,2025-09-25 10:51:39,140.94,1900,140.94,E
sz301662,宏工科技,2025-09-25 11:00:21,141.0,4900,141.03,D
sz301662,宏工科技,2025-09-25 11:01:57,140.6,10000,140.96,D
sz301662,宏工科技,2025-09-25 11:07:24,141.0,4400,141.0,U
sz301662,宏工科技,2025-09-25 11:07:27,141.39,4100,141.0,U
sz301662,宏工科技,2025-09-25 11:08:33,141.95,3000,141.64,U
sz301662,宏工科技,2025-09-25 11:08:54,141.95,2000,141.95,E
sz301662,宏工科技,2025-09-25 11:10:00,141.96,1500,142.0,D
sz301662,宏工科技,2025-09-25 11:10:45,141.92,5100,141.96,D
sz301662,宏工科技,2025-09-25 11:11:33,142.38,2200,142.18,U
sz301662,宏工科技,2025-09-25 11:11:48,142.68,1700,142.45,U
sz301662,宏工科技,2025-09-25 11:11:57,142.69,2300,142.69,E
sz301662,宏工科技,2025-09-25 11:12:18,142.98,1700,142.92,U
sz301662,宏工科技,2025-09-25 11:12:30,142.99,2800,142.98,U
sz301662,宏工科技,2025-09-25 11:12:36,142.21,7400,142.99,D
sz301662,宏工科技,2025-09-25 11:15:03,141.96,3200,141.95,D
sz301662,宏工科技,2025-09-25 11:23:12,142.68,2300,142.5,U
sz301662,宏工科技,2025-09-25 11:23:48,142.25,1500,142.21,D
sz301662,宏工科技,2025-09-25 11:29:00,141.8,4000,141.84,D
sz301662,宏工科技,2025-09-25 13:00:00,142.0,3200,141.7,U
sz301662,宏工科技,2025-09-25 13:00:36,141.99,4400,142.0,D
sz301662,宏工科技,2025-09-25 13:03:06,141.73,2100,141.96,D
sz301662,宏工科技,2025-09-25 13:05:57,141.88,2400,141.88,U
sz301662,宏工科技,2025-09-25 13:06:30,141.69,2500,141.8,D
sz301662,宏工科技,2025-09-25 13:07:24,141.6,1900,141.68,D
sz301662,宏工科技,2025-09-25 13:10:09,140.81,1500,140.82,D
sz301662,宏工科技,2025-09-25 13:10:24,140.8,2600,140.81,D
sz301662,宏工科技,2025-09-25 13:10:27,140.78,3400,140.8,D
sz301662,宏工科技,2025-09-25 13:11:12,140.6,1900,140.66,D
sz301662,宏工科技,2025-09-25 13:11:51,140.6,1469,140.6,D
sz301662,宏工科技,2025-09-25 13:13:18,140.56,1700,140.57,E
sz301662,宏工科技,2025-09-25 13:14:00,140.5,1600,140.5,D
sz301662,宏工科技,2025-09-25 13:14:03,140.5,1900,140.5,D
sz301662,宏工科技,2025-09-25 13:19:15,140.53,1500,140.5,U
sz301662,宏工科技,2025-09-25 13:25:33,141.11,1900,141.11,D
sz301662,宏工科技,2025-09-25 13:28:09,140.5,1500,140.53,D
sz301662,宏工科技,2025-09-25 13:30:48,140.46,4710,140.55,D
sz301662,宏工科技,2025-09-25 13:32:27,140.29,2300,140.29,D
sz301662,宏工科技,2025-09-25 13:33:30,140.18,1800,140.21,D
sz301662,宏工科技,2025-09-25 13:33:54,140.05,2300,140.09,D
sz301662,宏工科技,2025-09-25 13:34:12,140.01,4500,140.01,D
sz301662,宏工科技,2025-09-25 13:34:36,140.0,1700,140.02,D
sz301662,宏工科技,2025-09-25 13:50:12,140.49,1500,140.6,D
sz301662,宏工科技,2025-09-25 13:52:00,140.49,1900,140.49,D
sz301662,宏工科技,2025-09-25 13:54:09,140.39,3600,140.38,U
sz301662,宏工科技,2025-09-25 13:57:03,140.39,5500,140.39,U
sz301662,宏工科技,2025-09-25 13:58:48,140.45,1600,140.45,U
sz301662,宏工科技,2025-09-25 14:06:09,140.38,5000,140.49,D
sz301662,宏工科技,2025-09-25 14:07:48,140.38,4400,140.43,D
sz301662,宏工科技,2025-09-25 14:08:36,140.35,4800,140.4,D
sz301662,宏工科技,2025-09-25 14:16:03,140.25,2300,140.25,D
sz301662,宏工科技,2025-09-25 14:17:45,140.16,3300,140.21,D
sz301662,宏工科技,2025-09-25 14:18:42,140.11,4000,140.12,D
sz301662,宏工科技,2025-09-25 14:18:57,140.17,1800,140.11,U
sz301662,宏工科技,2025-09-25 14:21:09,140.5,4400,140.46,U
sz301662,宏工科技,2025-09-25 14:23:06,141.01,4500,140.98,U
sz301662,宏工科技,2025-09-25 14:23:33,141.63,1600,141.61,U
sz301662,宏工科技,2025-09-25 14:23:42,141.6,3100,141.61,D
sz301662,宏工科技,2025-09-25 14:25:15,141.6,3400,141.5,U
sz301662,宏工科技,2025-09-25 14:25:21,141.63,1500,141.61,U
sz301662,宏工科技,2025-09-25 14:25:33,141.68,3500,141.6,U
sz301662,宏工科技,2025-09-25 14:26:54,142.2,2000,142.2,U
sz301662,宏工科技,2025-09-25 14:27:21,142.21,3400,142.21,U
sz301662,宏工科技,2025-09-25 14:27:30,142.2,3000,142.2,D
sz301662,宏工科技,2025-09-25 14:27:54,142.16,1900,142.16,U
sz301662,宏工科技,2025-09-25 14:28:33,142.14,1600,142.14,D
sz301662,宏工科技,2025-09-25 14:28:45,142.13,3400,142.13,D
sz301662,宏工科技,2025-09-25 14:29:54,142.07,2600,142.05,U
sz301662,宏工科技,2025-09-25 14:31:36,142.28,1800,142.22,U
sz301662,宏工科技,2025-09-25 14:32:42,142.18,3800,142.2,D
sz301662,宏工科技,2025-09-25 14:33:27,141.7,2000,141.7,D
sz301662,宏工科技,2025-09-25 14:36:54,141.67,1500,141.66,U
sz301662,宏工科技,2025-09-25 14:40:36,141.7,2800,141.67,U
sz301662,宏工科技,2025-09-25 14:43:33,141.5,1700,141.59,D
sz301662,宏工科技,2025-09-25 14:46:00,141.18,3400,141.28,E
sz301662,宏工科技,2025-09-25 14:47:45,141.21,1600,141.48,D
sz301662,宏工科技,2025-09-25 14:48:09,141.21,1800,141.2,U
sz301662,宏工科技,2025-09-25 14:48:36,141.2,4600,141.21,D
sz301662,宏工科技,2025-09-25 14:49:12,141.2,5700,141.19,U
sz301662,宏工科技,2025-09-25 14:50:06,141.2,2400,141.19,U
sz301662,宏工科技,2025-09-25 14:50:24,141.26,2100,141.2,U
sz301662,宏工科技,2025-09-25 14:50:45,141.48,2700,141.19,U
sz301662,宏工科技,2025-09-25 14:53:33,141.2,2700,141.16,U
sz301662,宏工科技,2025-09-25 14:53:39,141.21,1900,141.2,U
sz301662,宏工科技,2025-09-25 14:53:48,141.1,2300,141.18,D
sz301662,宏工科技,2025-09-25 14:54:18,141.0,3500,141.01,D
sz301662,宏工科技,2025-09-25 14:55:24,140.83,5000,140.83,D
sz301662,宏工科技,2025-09-25 14:56:06,140.82,5700,140.84,D
sz301662,宏工科技,2025-09-25 14:56:09,140.8,4700,140.82,D
sz301662,宏工科技,2025-09-25 14:56:51,140.7,2100,140.7,U
sz301662,宏工科技,2025-09-25 15:00:00,140.5,35800,140.7,U
