symbol,name,ticktime,price,volume,prev_price,kind
sz301662,宏工科技,2025-10-21 09:25:00,114.5,7200,0.0,D
sz301662,宏工科技,2025-10-21 09:30:00,114.48,4421,114.5,E
sz301662,宏工科技,2025-10-21 09:30:03,114.0,1979,114.48,D
sz301662,宏工科技,2025-10-21 09:30:06,114.0,2200,114.0,D
sz301662,宏工科技,2025-10-21 09:30:33,113.79,2200,113.79,U
sz301662,宏工科技,2025-10-21 09:30:42,113.8,5623,113.75,U
sz301662,宏工科技,2025-10-21 09:30:45,113.75,2100,113.8,D
sz301662,宏工科技,2025-10-21 09:30:48,113.81,2900,113.75,U
sz301662,宏工科技,2025-10-21 09:30:51,113.5,2216,113.81,D
sz301662,宏工科技,2025-10-21 09:31:00,113.86,4284,113.86,U
sz301662,宏工科技,2025-10-21 09:31:03,113.52,2900,113.86,D
sz301662,宏工科技,2025-10-21 09:31:12,114.02,7000,113.85,U
sz301662,宏工科技,2025-10-21 09:31:27,114.22,1797,113.86,U
sz301662,宏工科技,2025-10-21 09:32:18,113.86,2900,114.25,D
sz301662,宏工科技,2025-10-21 09:33:33,113.62,2400,113.88,D
sz301662,宏工科技,2025-10-21 09:34:51,113.5,2100,113.79,D
sz301662,宏工科技,2025-10-21 09:39:51,114.0,4900,114.47,D
sz301662,宏工科技,2025-10-21 09:41:21,113.25,1900,113.72,D
sz301662,宏工科技,2025-10-21 09:41:48,113.68,20200,113.2,U
sz301662,宏工科技,2025-10-21 09:41:54,113.24,2700,113.2,E
sz301662,宏工科技,2025-10-21 09:42:03,113.92,3600,113.32,U
sz301662,宏工科技,2025-10-21 09:42:15,113.92,1900,113.72,E
sz301662,宏工科技,2025-10-21 09:42:33,114.07,2764,113.72,U
sz301662,宏工科技,2025-10-21 09:44:03,114.44,3300,114.3,U
sz301662,宏工科技,2025-10-21 09:44:24,114.24,2900,114.23,U
sz301662,宏工科技,2025-10-21 09:46:18,114.3,3600,114.17,U
sz301662,宏工科技,2025-10-21 09:46:27,114.5,3486,114.3,U
sz301662,宏工科技,2025-10-21 09:48:27,114.29,2600,114.5,D
sz301662,宏工科技,2025-10-21 09:48:33,114.45,13400,114.29,U
sz301662,宏工科技,2025-10-21 09:49:57,114.53,2135,114.46,U
sz301662,宏工科技,2025-10-21 09:50:00,114.95,8670,114.53,U
sz301662,宏工科技,2025-10-21 09:50:06,114.98,3100,114.95,U
sz301662,宏工科技,2025-10-21 09:50:18,114.94,7870,114.98,E
sz301662,宏工科技,2025-10-21 09:51:09,114.76,3300,114.91,D
sz301662,宏工科技,2025-10-21 09:52:27,114.66,2500,114.9,D
sz301662,宏工科技,2025-10-21 09:52:33,114.9,1900,114.68,U
sz301662,宏工科技,2025-10-21 09:53:27,114.66,5800,114.68,D
sz301662,宏工科技,2025-10-21 09:54:12,114.66,2243,114.63,U
sz301662,宏工科技,2025-10-21 09:55:39,114.36,1900,114.34,E
sz301662,宏工科技,2025-10-21 10:00:12,114.51,3200,114.33,U
sz301662,宏工科技,2025-10-21 10:02:09,114.1,1800,114.18,D
sz301662,宏工科技,2025-10-21 10:03:09,114.31,2365,114.32,D
sz301662,宏工科技,2025-10-21 10:05:06,114.54,2235,114.46,U
sz301662,宏工科技,2025-10-21 10:05:15,114.72,2100,114.57,U
sz301662,宏工科技,2025-10-21 10:06:51,114.31,2000,114.37,D
sz301662,宏工科技,2025-10-21 10:09:12,114.5,2100,114.32,U
sz301662,宏工科技,2025-10-21 10:09:42,114.34,2400,114.5,D
sz301662,宏工科技,2025-10-21 10:09:45,113.96,7072,114.34,D
sz301662,宏工科技,2025-10-21 10:15:15,114.05,1835,114.0,U
sz301662,宏工科技,2025-10-21 10:16:57,114.05,4300,113.9,U
sz301662,宏工科技,2025-10-21 10:18:39,113.88,2200,114.04,D
sz301662,宏工科技,2025-10-21 10:19:51,114.38,3900,114.27,U
sz301662,宏工科技,2025-10-21 10:20:36,114.0,7000,114.16,D
sz301662,宏工科技,2025-10-21 10:41:03,114.27,6300,114.26,U
sz301662,宏工科技,2025-10-21 10:41:42,114.4,2600,114.4,U
sz301662,宏工科技,2025-10-21 10:42:24,114.6,3000,114.52,E
sz301662,宏工科技,2025-10-21 10:42:48,114.57,3400,114.57,U
sz301662,宏工科技,2025-10-21 10:42:51,114.68,9500,114.57,U
sz301662,宏工科技,2025-10-21 10:42:57,114.88,1800,114.84,U
sz301662,宏工科技,2025-10-21 10:46:39,114.5,2000,114.49,U
sz301662,宏工科技,2025-10-21 10:49:57,114.53,1800,114.53,D
sz301662,宏工科技,2025-10-21 10:50:57,114.78,2100,114.54,U
sz301662,宏工科技,2025-10-21 10:51:24,114.86,5500,114.77,U
sz301662,宏工科技,2025-10-21 10:51:27,114.95,4700,114.86,U
sz301662,宏工科技,2025-10-21 10:51:39,115.01,9070,114.93,U
sz301662,宏工科技,2025-10-21 10:51:54,114.98,4265,115.0,D
sz301662,宏工科技,2025-10-21 10:51:57,115.0,2700,114.98,E
sz301662,宏工科技,2025-10-21 10:52:09,115.0,4200,114.97,U
sz301662,宏工科技,2025-10-21 10:52:30,115.6,8000,115.49,U
sz301662,宏工科技,2025-10-21 10:52:39,115.95,2600,115.8,U
sz301662,宏工科技,2025-10-21 10:52:42,116.23,7100,115.95,U
sz301662,宏工科技,2025-10-21 10:52:45,116.02,3900,116.23,D
sz301662,宏工科技,2025-10-21 10:52:48,116.19,5500,116.02,E
sz301662,宏工科技,2025-10-21 10:52:54,116.19,11200,116.18,U
sz301662,宏工科技,2025-10-21 10:53:06,116.02,4300,116.0,U
sz301662,宏工科技,2025-10-21 10:53:12,115.9,2700,115.9,U
sz301662,宏工科技,2025-10-21 10:53:45,115.77,3800,115.5,U
sz301662,宏工科技,2025-10-21 10:53:48,115.51,3400,115.77,D
sz301662,宏工科技,2025-10-21 10:54:06,115.96,3200,115.95,U
sz301662,宏工科技,2025-10-21 10:54:24,116.01,1800,115.81,U
sz301662,宏工科技,2025-10-21 10:54:27,115.95,3900,116.01,E
sz301662,宏工科技,2025-10-21 10:54:33,115.95,2000,115.82,U
sz301662,宏工科技,2025-10-21 10:56:30,115.33,3000,115.37,D
sz301662,宏工科技,2025-10-21 10:59:30,114.55,2575,114.55,D
sz301662,宏工科技,2025-10-21 11:00:27,114.72,3400,114.84,D
sz301662,宏工科技,2025-10-21 11:03:45,115.01,3500,114.82,U
sz301662,宏工科技,2025-10-21 11:05:51,115.46,11300,115.73,D
sz301662,宏工科技,2025-10-21 11:06:03,114.98,7200,115.45,D
sz301662,宏工科技,2025-10-21 11:06:54,115.03,5100,115.27,E
sz301662,宏工科技,2025-10-21 11:08:06,114.78,2200,115.01,D
sz301662,宏工科技,2025-10-21 11:08:09,114.65,2700,114.78,D
sz301662,宏工科技,2025-10-21 11:16:06,114.71,2581,114.74,D
sz301662,宏工科技,2025-10-21 11:16:33,114.96,3519,114.7,U
sz301662,宏工科技,2025-10-21 11:21:42,115.02,3900,115.0,U
sz301662,宏工科技,2025-10-21 11:21:45,115.02,2500,115.02,U
sz301662,宏工科技,2025-10-21 11:22:06,114.9,7100,115.11,D
sz301662,宏工科技,2025-10-21 11:22:12,115.11,3000,114.9,U
sz301662,宏工科技,2025-10-21 11:23:48,115.18,3100,115.18,D
sz301662,宏工科技,2025-10-21 11:26:15,115.34,2500,115.34,U
sz301662,宏工科技,2025-10-21 11:26:36,115.35,10900,114.97,U
sz301662,宏工科技,2025-10-21 11:27:24,115.01,11000,115.4,D
sz301662,宏工科技,2025-10-21 13:00:00,115.01,2000,114.98,U
sz301662,宏工科技,2025-10-21 13:00:03,114.98,2800,115.01,D
sz301662,宏工科技,2025-10-21 13:00:09,114.78,6895,114.9,D
sz301662,宏工科技,2025-10-21 13:00:12,114.7,5100,114.78,D
sz301662,宏工科技,2025-10-21 13:00:24,114.6,5600,114.7,D
sz301662,宏工科技,2025-10-21 13:13:36,114.68,3579,114.8,D
sz301662,宏工科技,2025-10-21 13:15:54,114.71,2067,114.67,U
sz301662,宏工科技,2025-10-21 13:20:00,114.94,2534,114.99,D
sz301662,宏工科技,2025-10-21 13:20:24,114.77,2000,114.85,D
sz301662,宏工科技,2025-10-21 13:21:27,115.1,3200,114.94,U
sz301662,宏工科技,2025-10-21 13:24:24,115.02,3900,115.02,D
sz301662,宏工科技,2025-10-21 13:32:45,115.1,2700,114.86,U
sz301662,宏工科技,2025-10-21 13:32:51,115.29,2300,115.1,U
sz301662,宏工科技,2025-10-21 13:36:18,115.05,2144,115.12,D
sz301662,宏工科技,2025-10-21 13:36:27,115.02,7462,115.05,D
sz301662,宏工科技,2025-10-21 13:41:24,114.68,3800,114.71,D
sz301662,宏工科技,2025-10-21 13:50:36,114.73,7498,114.8,D
sz301662,宏工科技,2025-10-21 14:07:03,115.29,5700,115.3,D
sz301662,宏工科技,2025-10-21 14:09:33,115.17,4400,114.91,U
sz301662,宏工科技,2025-10-21 14:10:12,115.18,2600,115.2,D
sz301662,宏工科技,2025-10-21 14:13:54,115.3,3400,115.17,U
sz301662,宏工科技,2025-10-21 14:15:39,115.2,2300,115.2,D
sz301662,宏工科技,2025-10-21 14:24:27,115.2,3300,115.09,U
sz301662,宏工科技,2025-10-21 14:28:27,115.1,2700,115.04,U
sz301662,宏工科技,2025-10-21 14:30:15,115.01,2000,114.97,U
sz301662,宏工科技,2025-10-21 14:31:12,115.1,2100,115.02,U
sz301662,宏工科技,2025-10-21 14:34:57,115.0,3300,115.03,D
sz301662,宏工科技,2025-10-21 14:46:09,114.92,7290,114.94,D
sz301662,宏工科技,2025-10-21 14:48:18,115.05,2000,115.02,U
sz301662,宏工科技,2025-10-21 14:49:00,115.17,3000,115.16,U
sz301662,宏工科技,2025-10-21 14:49:09,114.99,3614,115.11,D
sz301662,宏工科技,2025-10-21 14:49:21,114.96,1972,114.94,U
sz301662,宏工科技,2025-10-21 14:52:06,114.96,2200,114.97,E
sz301662,宏工科技,2025-10-21 14:53:27,115.06,2630,115.03,U
sz301662,宏工科技,2025-10-21 15:00:00,115.0,15315,114.96,E
