symbol,name,ticktime,price,volume,prev_price,kind
sz301662,宏工科技,2025-09-26 09:25:00,138.92,3800,0.0,D
sz301662,宏工科技,2025-09-26 09:30:00,138.2,4400,138.92,D
sz301662,宏工科技,2025-09-26 09:30:06,138.11,2800,138.6,D
sz301662,宏工科技,2025-09-26 09:30:12,138.18,1700,138.0,U
sz301662,宏工科技,2025-09-26 09:30:15,138.0,2400,138.18,D
sz301662,宏工科技,2025-09-26 09:30:18,138.0,3100,138.0,D
sz301662,宏工科技,2025-09-26 09:30:27,138.03,2200,138.17,E
sz301662,宏工科技,2025-09-26 09:30:36,138.17,1900,138.6,D
sz301662,宏工科技,2025-09-26 09:30:39,138.65,2700,138.17,U
sz301662,宏工科技,2025-09-26 09:30:45,138.32,2200,138.65,D
sz301662,宏工科技,2025-09-26 09:30:54,138.0,3700,138.32,D
sz301662,宏工科技,2025-09-26 09:31:06,138.17,1800,138.77,E
sz301662,宏工科技,2025-09-26 09:31:54,138.25,1700,138.25,D
sz301662,宏工科技,2025-09-26 09:32:21,138.32,3300,138.6,D
sz301662,宏工科技,2025-09-26 09:32:42,139.27,10300,138.78,U
sz301662,宏工科技,2025-09-26 09:33:00,139.5,1500,139.88,D
sz301662,宏工科技,2025-09-26 09:33:15,140.25,1600,139.66,U
sz301662,宏工科技,2025-09-26 09:34:00,140.15,5800,140.03,U
sz301662,宏工科技,2025-09-26 09:34:09,140.15,2000,140.15,D
sz301662,宏工科技,2025-09-26 09:34:15,140.14,1500,140.19,D
sz301662,宏工科技,2025-09-26 09:35:03,139.51,1800,139.5,U
sz301662,宏工科技,2025-09-26 09:35:27,139.41,2600,139.13,U
sz301662,宏工科技,2025-09-26 09:38:15,139.02,2800,139.02,D
sz301662,宏工科技,2025-09-26 09:38:42,139.68,1600,139.56,U
sz301662,宏工科技,2025-09-26 09:39:15,140.5,5000,139.68,U
sz301662,宏工科技,2025-09-26 09:39:24,139.7,1500,139.71,D
sz301662,宏工科技,2025-09-26 09:40:24,140.41,1900,140.41,U
sz301662,宏工科技,2025-09-26 09:42:12,140.0,1700,140.04,D
sz301662,宏工科技,2025-09-26 09:42:15,140.49,5000,140.0,U
sz301662,宏工科技,2025-09-26 09:42:33,140.65,1500,140.5,U
sz301662,宏工科技,2025-09-26 09:42:45,141.1,2100,141.0,U
sz301662,宏工科技,2025-09-26 09:42:54,141.5,2600,141.39,U
sz301662,宏工科技,2025-09-26 09:42:57,141.6,1800,141.5,D
sz301662,宏工科技,2025-09-26 09:43:06,142.0,2700,141.82,U
sz301662,宏工科技,2025-09-26 09:43:12,142.0,3100,141.98,U
sz301662,宏工科技,2025-09-26 09:43:18,141.6,5000,142.02,D
sz301662,宏工科技,2025-09-26 09:43:24,142.07,2700,142.0,U
sz301662,宏工科技,2025-09-26 09:43:27,142.15,2400,142.07,U
sz301662,宏工科技,2025-09-26 09:43:30,142.15,3400,142.15,U
sz301662,宏工科技,2025-09-26 09:43:33,142.5,4000,142.15,U
sz301662,宏工科技,2025-09-26 09:43:42,142.33,6800,142.58,E
sz301662,宏工科技,2025-09-26 09:43:51,142.48,1500,142.48,U
sz301662,宏工科技,2025-09-26 09:43:54,142.5,2400,142.48,U
sz301662,宏工科技,2025-09-26 09:43:57,142.55,4800,142.5,U
sz301662,宏工科技,2025-09-26 09:44:00,142.55,1600,142.55,D
sz301662,宏工科技,2025-09-26 09:44:06,142.8,1800,142.55,U
sz301662,宏工科技,2025-09-26 09:44:12,142.73,1500,142.75,D
sz301662,宏工科技,2025-09-26 09:44:15,142.75,16700,142.73,E
sz301662,宏工科技,2025-09-26 09:44:18,142.75,2200,142.75,U
sz301662,宏工科技,2025-09-26 09:44:24,142.9,5200,142.8,U
sz301662,宏工科技,2025-09-26 09:44:27,142.5,3000,142.9,D
sz301662,宏工科技,2025-09-26 09:44:36,142.8,2000,142.8,D
sz301662,宏工科技,2025-09-26 09:44:42,142.72,2500,142.9,D
sz301662,宏工科技,2025-09-26 09:44:45,142.52,4600,142.72,D
sz301662,宏工科技,2025-09-26 09:45:06,142.13,3100,142.13,E
sz301662,宏工科技,2025-09-26 09:45:09,142.01,1700,142.13,D
sz301662,宏工科技,2025-09-26 09:45:39,141.52,1700,141.62,D
sz301662,宏工科技,2025-09-26 09:45:51,141.62,3400,141.51,U
sz301662,宏工科技,2025-09-26 09:46:12,141.98,2500,141.98,U
sz301662,宏工科技,2025-09-26 09:46:30,141.98,5900,141.98,D
sz301662,宏工科技,2025-09-26 09:46:36,141.98,1900,141.98,D
sz301662,宏工科技,2025-09-26 09:46:45,141.97,1500,141.98,D
sz301662,宏工科技,2025-09-26 09:47:12,142.51,6800,142.5,U
sz301662,宏工科技,2025-09-26 09:47:15,142.51,2300,142.51,U
sz301662,宏工科技,2025-09-26 09:47:27,142.6,2900,142.51,U
sz301662,宏工科技,2025-09-26 09:47:36,142.6,3200,142.6,U
sz301662,宏工科技,2025-09-26 09:47:51,143.0,20500,142.89,U
sz301662,宏工科技,2025-09-26 09:47:54,142.88,5300,143.0,E
sz301662,宏工科技,2025-09-26 09:47:57,142.91,2300,142.88,U
sz301662,宏工科技,2025-09-26 09:48:03,142.91,2000,142.51,U
sz301662,宏工科技,2025-09-26 09:48:12,142.88,1700,142.5,U
sz301662,宏工科技,2025-09-26 09:48:18,142.6,3600,142.78,E
sz301662,宏工科技,2025-09-26 09:48:21,142.52,4000,142.6,E
sz301662,宏工科技,2025-09-26 09:48:30,142.51,1700,142.51,U
sz301662,宏工科技,2025-09-26 09:48:51,141.72,2500,142.01,D
sz301662,宏工科技,2025-09-26 09:48:57,142.47,1500,142.47,U
sz301662,宏工科技,2025-09-26 09:49:00,141.72,1500,142.47,D
sz301662,宏工科技,2025-09-26 09:49:09,141.76,10100,142.47,E
sz301662,宏工科技,2025-09-26 09:50:33,142.0,1700,142.25,E
sz301662,宏工科技,2025-09-26 09:51:03,142.1,4400,141.87,U
sz301662,宏工科技,2025-09-26 09:51:12,141.9,3200,141.82,U
sz301662,宏工科技,2025-09-26 09:51:21,141.81,1700,141.8,U
sz301662,宏工科技,2025-09-26 09:53:33,141.18,3300,141.19,D
sz301662,宏工科技,2025-09-26 09:53:48,141.15,1500,141.18,D
sz301662,宏工科技,2025-09-26 09:54:21,141.01,2100,141.02,D
sz301662,宏工科技,2025-09-26 09:55:12,141.18,2200,141.01,U
sz301662,宏工科技,2025-09-26 09:55:30,141.36,1700,141.26,U
sz301662,宏工科技,2025-09-26 09:56:06,141.62,2300,141.62,D
sz301662,宏工科技,2025-09-26 09:56:48,141.24,2600,141.2,E
sz301662,宏工科技,2025-09-26 09:57:27,141.3,1900,141.3,D
sz301662,宏工科技,2025-09-26 09:59:21,140.73,5700,140.52,U
sz301662,宏工科技,2025-09-26 10:00:57,140.55,2000,140.54,U
sz301662,宏工科技,2025-09-26 10:03:42,140.4,4389,140.43,D
sz301662,宏工科技,2025-09-26 10:04:39,140.01,2200,140.03,D
sz301662,宏工科技,2025-09-26 10:06:24,139.0,5100,139.3,D
sz301662,宏工科技,2025-09-26 10:06:48,139.3,1500,139.02,U
sz301662,宏工科技,2025-09-26 10:08:21,139.75,6000,139.75,D
sz301662,宏工科技,2025-09-26 10:08:45,140.1,2200,139.23,U
sz301662,宏工科技,2025-09-26 10:15:36,139.75,4700,139.28,U
sz301662,宏工科技,2025-09-26 10:15:57,139.89,3200,139.89,U
sz301662,宏工科技,2025-09-26 10:25:09,139.58,2000,139.52,E
sz301662,宏工科技,2025-09-26 10:31:45,139.55,1800,139.56,U
sz301662,宏工科技,2025-09-26 10:33:48,139.83,1900,139.82,U
sz301662,宏工科技,2025-09-26 10:36:15,139.89,1800,139.83,U
sz301662,宏工科技,2025-09-26 10:36:30,139.82,1700,139.89,D
sz301662,宏工科技,2025-09-26 10:38:15,139.57,1700,139.56,U
sz301662,宏工科技,2025-09-26 10:42:00,139.18,2000,139.27,D
sz301662,宏工科技,2025-09-26 10:42:39,139.09,2500,139.18,D
sz301662,宏工科技,2025-09-26 10:43:18,139.04,1500,139.04,D
sz301662,宏工科技,2025-09-26 10:43:27,139.0,4400,139.01,D
sz301662,宏工科技,2025-09-26 10:46:06,138.8,1600,138.68,U
sz301662,宏工科技,2025-09-26 10:51:45,139.5,6100,138.9,U
sz301662,宏工科技,2025-09-26 10:52:03,139.5,2500,139.52,D
sz301662,宏工科技,2025-09-26 10:53:00,139.91,2300,139.56,U
sz301662,宏工科技,2025-09-26 10:53:51,139.56,1900,139.56,D
sz301662,宏工科技,2025-09-26 10:54:06,138.9,3100,139.5,D
sz301662,宏工科技,2025-09-26 10:54:54,138.78,2000,139.5,D
sz301662,宏工科技,2025-09-26 11:01:54,139.07,2800,139.77,D
sz301662,宏工科技,2025-09-26 11:09:42,139.22,1500,139.3,D
sz301662,宏工科技,2025-09-26 11:18:48,139.05,1600,139.06,D
sz301662,宏工科技,2025-09-26 11:20:42,138.9,2000,138.96,D
sz301662,宏工科技,2025-09-26 11:27:21,138.45,2300,138.46,D
sz301662,宏工科技,2025-09-26 11:29:12,138.36,5600,138.44,D
sz301662,宏工科技,2025-09-26 13:00:00,138.1,4700,138.19,D
sz301662,宏工科技,2025-09-26 13:01:36,138.01,2000,138.01,D
sz301662,宏工科技,2025-09-26 13:01:57,138.01,2100,138.1,D
sz301662,宏工科技,2025-09-26 13:02:18,138.01,2400,138.02,D
sz301662,宏工科技,2025-09-26 13:02:27,138.01,2900,138.0,U
sz301662,宏工科技,2025-09-26 13:03:00,138.0,1600,138.0,D
sz301662,宏工科技,2025-09-26 13:03:03,138.0,3200,138.0,D
sz301662,宏工科技,2025-09-26 13:04:18,138.0,4800,138.01,D
sz301662,宏工科技,2025-09-26 13:07:00,138.0,7300,138.01,D
sz301662,宏工科技,2025-09-26 13:07:09,137.93,4300,138.0,D
sz301662,宏工科技,2025-09-26 13:07:15,137.82,3900,137.92,D
sz301662,宏工科技,2025-09-26 13:07:18,137.65,4000,137.82,D
sz301662,宏工科技,2025-09-26 13:07:30,137.5,7800,137.59,D
sz301662,宏工科技,2025-09-26 13:07:39,137.2,2500,137.26,D
sz301662,宏工科技,2025-09-26 13:09:06,137.06,5000,137.11,D
sz301662,宏工科技,2025-09-26 13:10:03,137.06,1500,137.06,D
sz301662,宏工科技,2025-09-26 13:10:09,137.0,19400,137.06,D
sz301662,宏工科技,2025-09-26 13:11:06,136.69,3400,136.54,U
sz301662,宏工科技,2025-09-26 13:12:03,136.99,1500,137.0,D
sz301662,宏工科技,2025-09-26 13:12:09,136.88,3400,136.99,D
sz301662,宏工科技,2025-09-26 13:12:39,136.88,2700,136.88,U
sz301662,宏工科技,2025-09-26 13:15:24,136.99,1600,136.9,U
sz301662,宏工科技,2025-09-26 13:16:42,137.0,3700,137.0,U
sz301662,宏工科技,2025-09-26 13:16:54,137.12,9100,137.0,U
sz301662,宏工科技,2025-09-26 13:21:51,137.2,3600,137.25,D
sz301662,宏工科技,2025-09-26 13:26:03,137.24,3900,137.2,U
sz301662,宏工科技,2025-09-26 13:32:48,136.9,2500,136.91,D
sz301662,宏工科技,2025-09-26 13:33:42,136.88,2400,136.89,D
sz301662,宏工科技,2025-09-26 13:34:18,136.8,3400,136.85,D
sz301662,宏工科技,2025-09-26 13:34:51,136.69,1500,136.69,U
sz301662,宏工科技,2025-09-26 13:35:42,136.68,2800,136.63,U
sz301662,宏工科技,2025-09-26 13:38:33,136.5,3500,136.5,D
sz301662,宏工科技,2025-09-26 13:39:18,136.5,3900,136.51,D
sz301662,宏工科技,2025-09-26 13:39:21,136.5,2000,136.5,U
sz301662,宏工科技,2025-09-26 13:41:15,136.21,2900,136.21,D
sz301662,宏工科技,2025-09-26 13:41:39,136.21,2300,136.21,D
sz301662,宏工科技,2025-09-26 13:42:21,136.08,3000,136.2,D
sz301662,宏工科技,2025-09-26 13:43:06,136.1,2400,136.09,U
sz301662,宏工科技,2025-09-26 13:43:24,136.1,2589,136.1,U
sz301662,宏工科技,2025-09-26 13:44:12,136.04,2300,136.03,D
sz301662,宏工科技,2025-09-26 13:49:42,136.3,5200,136.51,D
sz301662,宏工科技,2025-09-26 13:49:45,136.3,1900,136.3,U
sz301662,宏工科技,2025-09-26 13:49:48,136.3,1500,136.3,U
sz301662,宏工科技,2025-09-26 13:49:51,136.3,2200,136.3,U
sz301662,宏工科技,2025-09-26 13:57:00,136.23,1600,136.24,D
sz301662,宏工科技,2025-09-26 13:58:06,136.02,4000,136.09,D
sz301662,宏工科技,2025-09-26 13:58:27,136.01,2700,136.02,D
sz301662,宏工科技,2025-09-26 13:58:39,135.97,12700,136.0,D
sz301662,宏工科技,2025-09-26 13:59:24,135.58,1900,135.65,D
sz301662,宏工科技,2025-09-26 13:59:42,135.58,2200,135.59,D
sz301662,宏工科技,2025-09-26 14:00:48,135.5,1600,135.55,D
sz301662,宏工科技,2025-09-26 14:06:15,135.68,2000,135.7,D
sz301662,宏工科技,2025-09-26 14:10:03,135.5,5200,135.55,D
sz301662,宏工科技,2025-09-26 14:10:15,135.58,2400,135.5,U
sz301662,宏工科技,2025-09-26 14:10:27,135.48,1500,135.49,D
sz301662,宏工科技,2025-09-26 14:10:45,135.42,3000,135.42,U
sz301662,宏工科技,2025-09-26 14:11:03,135.4,1600,135.42,D
sz301662,宏工科技,2025-09-26 14:11:36,135.4,2000,135.4,D
sz301662,宏工科技,2025-09-26 14:11:39,135.4,2100,135.4,D
sz301662,宏工科技,2025-09-26 14:11:51,135.35,1500,135.4,D
sz301662,宏工科技,2025-09-26 14:12:51,135.0,3600,135.07,D
sz301662,宏工科技,2025-09-26 14:12:57,135.0,3600,135.0,D
sz301662,宏工科技,2025-09-26 14:13:54,134.0,2400,134.45,D
sz301662,宏工科技,2025-09-26 14:14:09,133.2,3100,133.47,D
sz301662,宏工科技,2025-09-26 14:14:18,133.5,4000,133.38,U
sz301662,宏工科技,2025-09-26 14:14:21,133.38,4900,133.5,D
sz301662,宏工科技,2025-09-26 14:14:27,133.23,5000,134.4,D
sz301662,宏工科技,2025-09-26 14:14:48,133.3,1600,133.41,D
sz301662,宏工科技,2025-09-26 14:15:12,133.26,2600,133.27,D
sz301662,宏工科技,2025-09-26 14:15:45,133.0,4600,133.16,D
sz301662,宏工科技,2025-09-26 14:15:48,132.47,5700,133.0,D
sz301662,宏工科技,2025-09-26 14:15:57,132.2,1700,132.1,E
sz301662,宏工科技,2025-09-26 14:16:03,132.29,3600,132.02,U
sz301662,宏工科技,2025-09-26 14:16:06,131.61,2400,132.29,D
sz301662,宏工科技,2025-09-26 14:16:09,131.61,2000,131.61,D
sz301662,宏工科技,2025-09-26 14:16:12,131.61,6600,131.61,D
sz301662,宏工科技,2025-09-26 14:16:15,131.81,2300,131.61,D
sz301662,宏工科技,2025-09-26 14:16:24,132.35,1900,132.05,U
sz301662,宏工科技,2025-09-26 14:16:27,132.05,2500,132.35,D
sz301662,宏工科技,2025-09-26 14:17:18,133.0,7500,133.25,D
sz301662,宏工科技,2025-09-26 14:17:24,133.0,2500,133.25,D
sz301662,宏工科技,2025-09-26 14:17:27,133.22,4700,133.0,U
sz301662,宏工科技,2025-09-26 14:17:54,133.56,1800,133.5,U
sz301662,宏工科技,2025-09-26 14:18:09,133.65,2800,133.65,U
sz301662,宏工科技,2025-09-26 14:18:18,133.61,1800,133.61,U
sz301662,宏工科技,2025-09-26 14:18:21,133.56,2300,133.61,D
sz301662,宏工科技,2025-09-26 14:18:39,133.56,2800,133.62,D
sz301662,宏工科技,2025-09-26 14:19:24,133.0,1700,133.0,D
sz301662,宏工科技,2025-09-26 14:19:27,132.8,2600,133.0,D
sz301662,宏工科技,2025-09-26 14:19:57,132.8,3700,132.8,D
sz301662,宏工科技,2025-09-26 14:20:39,132.61,2200,132.62,D
sz301662,宏工科技,2025-09-26 14:20:57,132.5,2200,132.6,D
sz301662,宏工科技,2025-09-26 14:21:12,132.81,9700,132.62,U
sz301662,宏工科技,2025-09-26 14:22:36,132.99,2400,133.0,D
sz301662,宏工科技,2025-09-26 14:22:48,132.61,2000,132.67,D
sz301662,宏工科技,2025-09-26 14:23:36,132.47,2500,132.49,D
sz301662,宏工科技,2025-09-26 14:27:33,132.0,4300,132.0,D
sz301662,宏工科技,2025-09-26 14:27:36,132.0,1800,132.0,D
sz301662,宏工科技,2025-09-26 14:28:36,131.21,8000,131.26,D
sz301662,宏工科技,2025-09-26 14:28:42,131.08,8200,131.1,D
sz301662,宏工科技,2025-09-26 14:28:51,131.0,2700,131.0,U
sz301662,宏工科技,2025-09-26 14:29:00,130.5,6490,130.91,D
sz301662,宏工科技,2025-09-26 14:29:06,130.91,11000,131.0,E
sz301662,宏工科技,2025-09-26 14:29:09,130.94,4992,130.91,D
sz301662,宏工科技,2025-09-26 14:29:30,131.38,2300,131.04,E
sz301662,宏工科技,2025-09-26 14:29:36,130.95,5900,131.38,D
sz301662,宏工科技,2025-09-26 14:29:42,131.0,1700,131.29,D
sz301662,宏工科技,2025-09-26 14:30:03,131.0,2500,131.0,U
sz301662,宏工科技,2025-09-26 14:30:12,131.0,3200,130.98,U
sz301662,宏工科技,2025-09-26 14:30:15,131.0,3900,131.0,U
sz301662,宏工科技,2025-09-26 14:30:18,131.03,6522,131.0,U
sz301662,宏工科技,2025-09-26 14:30:36,131.37,3100,131.13,U
sz301662,宏工科技,2025-09-26 14:30:39,131.38,1700,131.37,U
sz301662,宏工科技,2025-09-26 14:31:09,131.39,1700,131.39,U
sz301662,宏工科技,2025-09-26 14:31:18,131.37,1600,131.37,U
sz301662,宏工科技,2025-09-26 14:32:00,131.39,1800,131.46,D
sz301662,宏工科技,2025-09-26 14:32:24,130.85,2400,131.02,D
sz301662,宏工科技,2025-09-26 14:32:39,130.5,5800,130.55,D
sz301662,宏工科技,2025-09-26 14:32:42,130.25,8010,130.5,D
sz301662,宏工科技,2025-09-26 14:32:45,130.0,11100,130.25,D
sz301662,宏工科技,2025-09-26 14:32:51,129.8,3700,130.0,D
sz301662,宏工科技,2025-09-26 14:32:57,129.73,3500,129.73,U
sz301662,宏工科技,2025-09-26 14:33:03,128.96,2300,129.68,D
sz301662,宏工科技,2025-09-26 14:33:06,129.68,3000,128.96,U
sz301662,宏工科技,2025-09-26 14:33:09,129.0,2200,129.68,D
sz301662,宏工科技,2025-09-26 14:33:12,129.68,2000,129.0,U
sz301662,宏工科技,2025-09-26 14:33:21,129.03,5600,129.02,E
sz301662,宏工科技,2025-09-26 14:33:27,129.73,4600,129.05,U
sz301662,宏工科技,2025-09-26 14:33:33,129.68,5600,129.45,U
sz301662,宏工科技,2025-09-26 14:33:36,129.44,2600,129.68,E
sz301662,宏工科技,2025-09-26 14:33:45,129.34,1600,129.33,E
sz301662,宏工科技,2025-09-26 14:33:51,129.38,3300,129.39,D
sz301662,宏工科技,2025-09-26 14:34:03,129.43,2900,129.58,D
sz301662,宏工科技,2025-09-26 14:34:09,129.61,14500,129.58,U
sz301662,宏工科技,2025-09-26 14:34:12,129.6,2500,129.61,D
sz301662,宏工科技,2025-09-26 14:34:15,129.98,1700,129.6,U
sz301662,宏工科技,2025-09-26 14:34:18,129.98,2400,129.98,U
sz301662,宏工科技,2025-09-26 14:34:21,130.01,12600,129.98,U
sz301662,宏工科技,2025-09-26 14:35:24,130.26,2000,130.38,D
sz301662,宏工科技,2025-09-26 14:36:03,130.23,4100,130.35,D
sz301662,宏工科技,2025-09-26 14:36:09,130.36,4290,130.22,U
sz301662,宏工科技,2025-09-26 14:36:12,130.36,6300,130.36,D
sz301662,宏工科技,2025-09-26 14:36:27,130.38,5200,130.36,U
sz301662,宏工科技,2025-09-26 14:36:39,130.37,2100,130.37,U
sz301662,宏工科技,2025-09-26 14:36:45,130.37,1600,130.37,D
sz301662,宏工科技,2025-09-26 14:37:33,130.5,2600,130.48,U
sz301662,宏工科技,2025-09-26 14:38:33,132.0,3300,131.7,U
sz301662,宏工科技,2025-09-26 14:38:48,132.5,1800,132.46,U
sz301662,宏工科技,2025-09-26 14:39:12,132.57,1800,132.57,D
sz301662,宏工科技,2025-09-26 14:39:21,132.01,1600,132.5,D
sz301662,宏工科技,2025-09-26 14:39:36,132.5,1600,132.5,D
sz301662,宏工科技,2025-09-26 14:39:39,132.5,2000,132.5,D
sz301662,宏工科技,2025-09-26 14:40:21,132.5,5000,132.36,U
sz301662,宏工科技,2025-09-26 14:40:39,132.51,5000,132.6,D
sz301662,宏工科技,2025-09-26 14:42:09,132.66,2000,132.62,U
sz301662,宏工科技,2025-09-26 14:42:30,132.62,2900,132.62,D
sz301662,宏工科技,2025-09-26 14:42:36,132.62,4000,132.62,D
sz301662,宏工科技,2025-09-26 14:42:45,132.69,2600,132.69,U
sz301662,宏工科技,2025-09-26 14:43:03,132.63,5100,132.68,D
sz301662,宏工科技,2025-09-26 14:45:03,131.7,1600,131.61,U
sz301662,宏工科技,2025-09-26 14:48:33,132.69,3500,132.67,U
sz301662,宏工科技,2025-09-26 14:48:42,132.66,2000,132.67,D
sz301662,宏工科技,2025-09-26 14:50:09,131.86,3300,131.86,D
sz301662,宏工科技,2025-09-26 14:50:18,131.79,2800,131.86,D
sz301662,宏工科技,2025-09-26 14:51:03,131.3,2000,131.46,D
sz301662,宏工科技,2025-09-26 14:51:12,131.01,1600,131.3,D
sz301662,宏工科技,2025-09-26 14:51:24,131.01,1600,131.01,D
sz301662,宏工科技,2025-09-26 14:51:27,131.0,2500,131.01,D
sz301662,宏工科技,2025-09-26 14:52:09,130.51,3600,130.52,D
sz301662,宏工科技,2025-09-26 14:52:18,130.5,1600,130.51,D
sz301662,宏工科技,2025-09-26 14:52:57,130.6,1600,130.51,U
sz301662,宏工科技,2025-09-26 14:53:21,130.78,2100,130.79,D
sz301662,宏工科技,2025-09-26 14:53:27,130.8,1700,130.6,U
sz301662,宏工科技,2025-09-26 14:53:42,130.78,3100,130.78,D
sz301662,宏工科技,2025-09-26 14:54:00,130.61,5400,130.75,D
sz301662,宏工科技,2025-09-26 14:54:39,130.61,1700,130.61,D
sz301662,宏工科技,2025-09-26 14:54:45,130.61,2400,130.61,U
sz301662,宏工科技,2025-09-26 14:55:27,130.5,3600,130.51,D
sz301662,宏工科技,2025-09-26 14:55:36,130.51,2300,130.51,U
sz301662,宏工科技,2025-09-26 14:55:39,130.5,5300,130.51,D
sz301662,宏工科技,2025-09-26 14:56:00,130.4,2100,130.46,D
sz301662,宏工科技,2025-09-26 14:56:03,130.08,2500,130.4,D
sz301662,宏工科技,2025-09-26 14:56:33,130.02,1900,130.02,U
sz301662,宏工科技,2025-09-26 14:56:36,130.02,3500,130.02,U
sz301662,宏工科技,2025-09-26 14:56:39,130.0,2400,130.02,D
sz301662,宏工科技,2025-09-26 14:56:42,130.04,1900,130.0,U
sz301662,宏工科技,2025-09-26 14:56:57,130.01,2600,130.02,D
sz301662,宏工科技,2025-09-26 15:00:00,130.0,30800,130.01,E
