symbol,name,ticktime,price,volume,prev_price,kind
sz301662,宏工科技,2025-09-29 09:25:00,129.02,26808,0.0,U
sz301662,宏工科技,2025-09-29 09:30:00,129.39,30492,129.02,U
sz301662,宏工科技,2025-09-29 09:30:03,132.02,3200,129.39,U
sz301662,宏工科技,2025-09-29 09:30:12,132.28,2300,132.3,E
sz301662,宏工科技,2025-09-29 09:30:15,132.15,2800,132.28,D
sz301662,宏工科技,2025-09-29 09:30:33,131.01,2000,131.26,E
sz301662,宏工科技,2025-09-29 09:30:36,131.38,21100,131.01,U
sz301662,宏工科技,2025-09-29 09:30:45,132.7,3900,132.0,U
sz301662,宏工科技,2025-09-29 09:30:48,132.99,3600,132.7,U
sz301662,宏工科技,2025-09-29 09:30:51,132.01,2900,132.99,E
sz301662,宏工科技,2025-09-29 09:31:06,132.01,2300,132.72,D
sz301662,宏工科技,2025-09-29 09:31:09,132.65,2600,132.01,E
sz301662,宏工科技,2025-09-29 09:31:12,132.69,2400,132.65,E
sz301662,宏工科技,2025-09-29 09:31:15,133.0,4400,132.69,U
sz301662,宏工科技,2025-09-29 09:31:18,132.78,2500,133.0,D
sz301662,宏工科技,2025-09-29 09:31:30,133.0,4000,132.84,U
sz301662,宏工科技,2025-09-29 09:31:33,133.42,2300,133.0,E
sz301662,宏工科技,2025-09-29 09:31:36,133.0,1800,133.42,D
sz301662,宏工科技,2025-09-29 09:31:51,133.0,2500,132.84,U
sz301662,宏工科技,2025-09-29 09:32:06,132.76,1600,132.76,U
sz301662,宏工科技,2025-09-29 09:32:15,132.41,4600,132.74,D
sz301662,宏工科技,2025-09-29 09:32:24,132.22,2200,132.4,D
sz301662,宏工科技,2025-09-29 09:32:30,132.4,3400,132.4,U
sz301662,宏工科技,2025-09-29 09:32:33,132.12,2100,132.4,D
sz301662,宏工科技,2025-09-29 09:32:42,132.0,3400,132.14,D
sz301662,宏工科技,2025-09-29 09:33:15,132.68,2400,132.66,U
sz301662,宏工科技,2025-09-29 09:33:18,132.7,2100,132.68,U
sz301662,宏工科技,2025-09-29 09:33:21,132.68,2600,132.7,E
sz301662,宏工科技,2025-09-29 09:33:36,132.99,3500,132.42,U
sz301662,宏工科技,2025-09-29 09:33:51,132.52,1600,132.87,D
sz301662,宏工科技,2025-09-29 09:34:15,132.78,1700,132.52,U
sz301662,宏工科技,2025-09-29 09:34:30,132.78,12200,132.73,U
sz301662,宏工科技,2025-09-29 09:34:45,132.47,1600,132.75,D
sz301662,宏工科技,2025-09-29 09:34:51,132.22,1700,132.47,E
sz301662,宏工科技,2025-09-29 09:34:54,132.47,1700,132.22,U
sz301662,宏工科技,2025-09-29 09:35:00,132.23,4100,132.23,D
sz301662,宏工科技,2025-09-29 09:36:27,131.6,1600,131.5,E
sz301662,宏工科技,2025-09-29 09:36:39,131.6,4800,131.58,U
sz301662,宏工科技,2025-09-29 09:36:45,131.58,4100,131.21,E
sz301662,宏工科技,2025-09-29 09:36:48,131.04,2100,131.58,D
sz301662,宏工科技,2025-09-29 09:36:57,131.03,2900,131.04,D
sz301662,宏工科技,2025-09-29 09:38:06,131.5,2600,131.21,U
sz301662,宏工科技,2025-09-29 09:38:42,131.2,3000,131.34,D
sz301662,宏工科技,2025-09-29 09:40:06,131.88,1800,131.8,U
sz301662,宏工科技,2025-09-29 09:40:36,132.21,2600,132.05,U
sz301662,宏工科技,2025-09-29 09:41:09,132.55,2700,132.55,D
sz301662,宏工科技,2025-09-29 09:41:48,132.27,8700,132.04,E
sz301662,宏工科技,2025-09-29 09:42:12,132.05,1700,132.05,D
sz301662,宏工科技,2025-09-29 09:43:21,132.27,2500,131.95,U
sz301662,宏工科技,2025-09-29 09:43:42,132.62,1800,132.65,D
sz301662,宏工科技,2025-09-29 09:43:57,132.73,7100,132.6,U
sz301662,宏工科技,2025-09-29 09:44:06,131.92,1800,132.6,D
sz301662,宏工科技,2025-09-29 09:44:33,132.45,1600,132.47,E
sz301662,宏工科技,2025-09-29 09:45:00,131.99,1600,131.83,U
sz301662,宏工科技,2025-09-29 09:45:06,131.43,2000,131.99,D
sz301662,宏工科技,2025-09-29 09:46:36,131.78,6000,131.78,D
sz301662,宏工科技,2025-09-29 09:49:42,130.7,5100,131.01,D
sz301662,宏工科技,2025-09-29 09:50:03,130.0,3000,130.4,D
sz301662,宏工科技,2025-09-29 09:50:21,130.01,1900,130.01,E
sz301662,宏工科技,2025-09-29 09:53:42,130.35,2100,130.37,D
sz301662,宏工科技,2025-09-29 09:54:15,130.0,2100,130.07,D
sz301662,宏工科技,2025-09-29 09:54:33,130.02,2800,130.02,E
sz301662,宏工科技,2025-09-29 09:55:27,129.68,3200,129.68,U
sz301662,宏工科技,2025-09-29 09:57:15,129.6,2700,129.67,D
sz301662,宏工科技,2025-09-29 09:58:06,129.06,1900,129.08,D
sz301662,宏工科技,2025-09-29 09:58:09,129.01,2800,129.06,D
sz301662,宏工科技,2025-09-29 09:58:15,129.0,1800,129.0,D
sz301662,宏工科技,2025-09-29 09:58:18,129.01,2100,129.0,U
sz301662,宏工科技,2025-09-29 09:58:33,129.95,33900,129.0,U
sz301662,宏工科技,2025-09-29 10:01:12,130.21,3100,130.32,D
sz301662,宏工科技,2025-09-29 10:05:45,130.34,4005,130.28,U
sz301662,宏工科技,2025-09-29 10:05:51,130.44,3300,130.4,U
sz301662,宏工科技,2025-09-29 10:07:30,130.89,1800,130.9,D
sz301662,宏工科技,2025-09-29 10:15:27,130.4,5000,130.71,D
sz301662,宏工科技,2025-09-29 10:17:18,130.47,1700,130.47,D
sz301662,宏工科技,2025-09-29 10:17:57,130.33,2700,130.34,D
sz301662,宏工科技,2025-09-29 10:18:54,129.88,2200,129.88,D
sz301662,宏工科技,2025-09-29 10:20:12,129.95,2400,129.96,D
sz301662,宏工科技,2025-09-29 10:21:54,129.0,21700,130.15,D
sz301662,宏工科技,2025-09-29 10:23:48,129.42,3100,130.18,D
sz301662,宏工科技,2025-09-29 10:34:24,130.3,1700,130.26,U
sz301662,宏工科技,2025-09-29 10:34:27,130.48,2100,130.3,U
sz301662,宏工科技,2025-09-29 10:34:30,130.51,1700,130.48,U
sz301662,宏工科技,2025-09-29 10:36:12,130.69,1700,130.7,D
sz301662,宏工科技,2025-09-29 10:37:21,130.7,4700,130.53,U
sz301662,宏工科技,2025-09-29 10:37:39,130.7,4700,130.69,U
sz301662,宏工科技,2025-09-29 10:37:42,130.75,4500,130.7,U
sz301662,宏工科技,2025-09-29 10:37:45,130.75,1700,130.75,U
sz301662,宏工科技,2025-09-29 10:37:48,130.89,1700,130.75,U
sz301662,宏工科技,2025-09-29 10:37:51,130.75,2300,130.89,D
sz301662,宏工科技,2025-09-29 10:39:27,131.3,2300,131.05,U
sz301662,宏工科技,2025-09-29 10:39:54,131.98,1800,131.86,U
sz301662,宏工科技,2025-09-29 10:40:03,132.0,2200,132.0,U
sz301662,宏工科技,2025-09-29 10:40:06,132.0,2100,132.0,U
sz301662,宏工科技,2025-09-29 10:40:12,132.0,4700,132.0,U
sz301662,宏工科技,2025-09-29 10:40:51,131.62,2100,131.36,U
sz301662,宏工科技,2025-09-29 10:42:03,131.5,2600,131.55,D
sz301662,宏工科技,2025-09-29 10:42:24,131.3,1900,131.32,D
sz301662,宏工科技,2025-09-29 10:42:45,131.01,3000,131.28,D
sz301662,宏工科技,2025-09-29 10:43:24,131.29,3200,131.28,U
sz301662,宏工科技,2025-09-29 10:46:06,131.88,1900,131.95,D
sz301662,宏工科技,2025-09-29 10:46:27,131.68,8000,131.84,D
sz301662,宏工科技,2025-09-29 11:01:12,131.23,1700,131.23,U
sz301662,宏工科技,2025-09-29 11:01:15,131.28,6300,131.23,U
sz301662,宏工科技,2025-09-29 11:01:36,131.83,3000,131.39,U
sz301662,宏工科技,2025-09-29 11:02:57,131.95,1600,131.95,U
sz301662,宏工科技,2025-09-29 11:03:54,131.95,1900,131.91,U
sz301662,宏工科技,2025-09-29 11:04:03,132.2,8400,131.95,U
sz301662,宏工科技,2025-09-29 11:04:12,132.0,2500,132.4,D
sz301662,宏工科技,2025-09-29 11:05:27,132.5,3400,132.48,U
sz301662,宏工科技,2025-09-29 11:06:45,132.43,8100,132.67,D
sz301662,宏工科技,2025-09-29 11:08:36,132.37,2500,132.1,U
sz301662,宏工科技,2025-09-29 11:08:48,132.38,2800,132.37,U
sz301662,宏工科技,2025-09-29 11:09:30,132.4,2000,132.11,U
sz301662,宏工科技,2025-09-29 11:10:12,132.0,3700,132.0,D
sz301662,宏工科技,2025-09-29 11:10:21,132.0,3200,132.0,U
sz301662,宏工科技,2025-09-29 11:10:24,132.0,2000,132.0,U
sz301662,宏工科技,2025-09-29 11:10:45,132.33,20300,132.0,U
sz301662,宏工科技,2025-09-29 11:11:00,132.5,1800,132.08,U
sz301662,宏工科技,2025-09-29 11:12:18,132.5,2000,132.5,D
sz301662,宏工科技,2025-09-29 11:17:51,132.5,5000,132.5,D
sz301662,宏工科技,2025-09-29 11:18:00,132.5,2000,132.5,D
sz301662,宏工科技,2025-09-29 11:18:30,132.46,4800,132.5,D
sz301662,宏工科技,2025-09-29 13:00:00,131.86,1983,131.85,U
sz301662,宏工科技,2025-09-29 13:00:03,131.88,2000,131.86,U
sz301662,宏工科技,2025-09-29 13:00:51,132.84,12717,132.48,U
sz301662,宏工科技,2025-09-29 13:04:54,132.52,3800,132.47,U
sz301662,宏工科技,2025-09-29 13:08:00,132.78,1900,132.52,U
sz301662,宏工科技,2025-09-29 13:09:03,132.46,12000,132.52,D
sz301662,宏工科技,2025-09-29 13:10:03,132.46,3100,132.46,D
sz301662,宏工科技,2025-09-29 13:18:42,131.57,49100,131.85,D
sz301662,宏工科技,2025-09-29 13:20:42,132.05,12500,131.78,U
sz301662,宏工科技,2025-09-29 13:22:48,131.85,2200,131.85,D
sz301662,宏工科技,2025-09-29 13:24:30,131.85,2800,131.86,D
sz301662,宏工科技,2025-09-29 13:24:57,131.85,2600,131.85,D
sz301662,宏工科技,2025-09-29 13:25:45,131.85,1800,131.86,D
sz301662,宏工科技,2025-09-29 13:27:57,131.85,3400,131.85,D
sz301662,宏工科技,2025-09-29 13:28:00,131.85,6500,131.85,D
sz301662,宏工科技,2025-09-29 13:28:15,131.85,1700,131.85,D
sz301662,宏工科技,2025-09-29 13:28:18,131.8,4800,131.85,D
sz301662,宏工科技,2025-09-29 13:31:15,131.46,1800,131.47,D
sz301662,宏工科技,2025-09-29 13:33:33,131.1,2300,131.1,U
sz301662,宏工科技,2025-09-29 13:35:12,131.0,4300,131.17,D
sz301662,宏工科技,2025-09-29 13:35:51,130.8,2800,130.82,D
sz301662,宏工科技,2025-09-29 13:37:18,130.8,4600,130.72,U
sz301662,宏工科技,2025-09-29 13:38:39,130.46,2600,130.51,D
sz301662,宏工科技,2025-09-29 13:39:42,130.37,2900,130.36,E
sz301662,宏工科技,2025-09-29 13:40:00,130.34,1700,130.36,D
sz301662,宏工科技,2025-09-29 13:40:24,130.32,1900,130.32,D
sz301662,宏工科技,2025-09-29 13:42:39,130.36,4400,130.36,U
sz301662,宏工科技,2025-09-29 13:43:15,130.3,3400,130.35,D
sz301662,宏工科技,2025-09-29 13:45:24,130.26,2300,130.29,D
sz301662,宏工科技,2025-09-29 13:46:18,130.29,2200,130.29,U
sz301662,宏工科技,2025-09-29 13:48:51,130.28,2300,130.29,D
sz301662,宏工科技,2025-09-29 13:49:42,130.25,2900,130.27,D
sz301662,宏工科技,2025-09-29 13:50:48,130.28,24100,130.28,U
sz301662,宏工科技,2025-09-29 13:52:42,131.0,2700,130.8,U
sz301662,宏工科技,2025-09-29 13:52:45,131.0,1700,131.0,U
sz301662,宏工科技,2025-09-29 13:53:33,131.5,2800,131.25,U
sz301662,宏工科技,2025-09-29 13:55:06,131.7,5800,131.25,U
sz301662,宏工科技,2025-09-29 13:55:21,131.7,6000,131.7,D
sz301662,宏工科技,2025-09-29 13:55:30,131.7,6900,131.7,D
sz301662,宏工科技,2025-09-29 13:56:18,131.7,2900,131.32,U
sz301662,宏工科技,2025-09-29 13:56:39,131.7,12300,131.7,D
sz301662,宏工科技,2025-09-29 14:01:21,131.65,1700,131.61,U
sz301662,宏工科技,2025-09-29 14:01:27,131.79,3500,131.66,U
sz301662,宏工科技,2025-09-29 14:01:30,131.86,3100,131.79,U
sz301662,宏工科技,2025-09-29 14:05:27,132.01,1700,132.01,U
sz301662,宏工科技,2025-09-29 14:05:57,132.0,7600,132.0,D
sz301662,宏工科技,2025-09-29 14:06:24,132.05,4100,132.01,U
sz301662,宏工科技,2025-09-29 14:10:33,132.05,1800,132.04,U
sz301662,宏工科技,2025-09-29 14:11:30,132.4,5000,132.07,U
sz301662,宏工科技,2025-09-29 14:11:33,132.65,6900,132.4,U
sz301662,宏工科技,2025-09-29 14:13:03,132.1,6200,132.35,D
sz301662,宏工科技,2025-09-29 14:19:39,132.25,3100,132.25,U
sz301662,宏工科技,2025-09-29 14:21:00,132.0,3400,132.14,D
sz301662,宏工科技,2025-09-29 14:30:15,131.8,5170,131.75,U
sz301662,宏工科技,2025-09-29 14:32:12,132.32,1600,132.32,U
sz301662,宏工科技,2025-09-29 14:39:18,131.77,2400,131.77,D
sz301662,宏工科技,2025-09-29 14:41:18,131.61,2300,131.9,D
sz301662,宏工科技,2025-09-29 14:45:00,132.17,4300,132.0,U
sz301662,宏工科技,2025-09-29 14:45:09,131.99,2700,132.17,D
sz301662,宏工科技,2025-09-29 14:48:00,131.98,1900,131.95,U
sz301662,宏工科技,2025-09-29 14:48:12,132.0,3900,131.96,U
sz301662,宏工科技,2025-09-29 14:49:09,132.13,2900,132.0,U
sz301662,宏工科技,2025-09-29 14:50:18,132.2,4000,132.19,U
sz301662,宏工科技,2025-09-29 14:51:03,132.49,3200,132.47,U
sz301662,宏工科技,2025-09-29 14:53:24,132.4,2200,132.39,U
sz301662,宏工科技,2025-09-29 14:53:33,132.39,2500,132.4,U
sz301662,宏工科技,2025-09-29 14:55:30,132.0,3008,132.0,U
sz301662,宏工科技,2025-09-29 15:00:00,131.93,14900,131.96,U
