symbol,name,ticktime,price,volume,prev_price,kind
sz301662,宏工科技,2025-10-23 09:25:00,114.02,2800,0.0,D
sz301662,宏工科技,2025-10-23 09:30:00,114.2,6300,114.02,U
sz301662,宏工科技,2025-10-23 09:30:03,114.01,1900,114.2,D
sz301662,宏工科技,2025-10-23 09:30:09,114.2,2800,114.06,U
sz301662,宏工科技,2025-10-23 09:30:12,114.2,2443,114.2,D
sz301662,宏工科技,2025-10-23 09:30:21,114.0,2457,114.2,D
sz301662,宏工科技,2025-10-23 09:30:24,113.95,2600,114.0,D
sz301662,宏工科技,2025-10-23 09:30:27,113.9,6500,113.95,D
sz301662,宏工科技,2025-10-23 09:31:00,114.48,1771,114.82,D
sz301662,宏工科技,2025-10-23 09:31:54,114.76,3500,114.76,D
sz301662,宏工科技,2025-10-23 09:32:15,114.24,2443,114.42,D
sz301662,宏工科技,2025-10-23 09:33:12,114.46,2300,114.69,E
sz301662,宏工科技,2025-10-23 09:33:33,114.25,4800,114.42,D
sz301662,宏工科技,2025-10-23 09:35:21,114.12,1900,114.2,D
sz301662,宏工科技,2025-10-23 09:36:00,113.98,2700,114.01,D
sz301662,宏工科技,2025-10-23 09:36:09,113.96,1800,113.98,E
sz301662,宏工科技,2025-10-23 09:36:12,114.11,4800,113.96,U
sz301662,宏工科技,2025-10-23 09:36:45,113.91,2700,114.2,D
sz301662,宏工科技,2025-10-23 09:37:48,113.75,9400,114.0,D
sz301662,宏工科技,2025-10-23 09:38:00,113.56,1800,113.56,D
sz301662,宏工科技,2025-10-23 09:38:42,113.63,4225,113.63,U
sz301662,宏工科技,2025-10-23 09:39:09,113.58,4300,113.64,D
sz301662,宏工科技,2025-10-23 09:39:12,113.42,2200,113.58,D
sz301662,宏工科技,2025-10-23 09:39:36,113.29,2000,113.3,D
sz301662,宏工科技,2025-10-23 09:40:15,113.1,3800,113.25,D
sz301662,宏工科技,2025-10-23 09:40:51,113.55,2600,113.3,U
sz301662,宏工科技,2025-10-23 09:42:15,114.48,2300,114.04,U
sz301662,宏工科技,2025-10-23 09:42:45,113.81,2700,114.15,D
sz301662,宏工科技,2025-10-23 09:44:15,113.96,4830,113.96,D
sz301662,宏工科技,2025-10-23 09:44:45,113.97,2300,114.09,D
sz301662,宏工科技,2025-10-23 09:45:54,113.82,2600,114.03,D
sz301662,宏工科技,2025-10-23 09:47:45,113.65,4200,113.64,U
sz301662,宏工科技,2025-10-23 09:50:09,113.45,1865,113.5,D
sz301662,宏工科技,2025-10-23 09:51:09,113.49,3700,113.39,U
sz301662,宏工科技,2025-10-23 09:53:00,113.5,1900,113.67,D
sz301662,宏工科技,2025-10-23 09:53:36,113.65,8100,113.65,D
sz301662,宏工科技,2025-10-23 09:55:45,113.72,3086,113.46,U
sz301662,宏工科技,2025-10-23 09:57:42,113.82,2200,113.7,E
sz301662,宏工科技,2025-10-23 10:03:36,113.33,4665,113.43,D
sz301662,宏工科技,2025-10-23 10:03:42,113.64,10735,113.31,U
sz301662,宏工科技,2025-10-23 10:07:09,113.28,1878,113.31,D
sz301662,宏工科技,2025-10-23 10:09:03,113.28,4300,113.3,D
sz301662,宏工科技,2025-10-23 10:11:42,113.29,8100,113.29,U
sz301662,宏工科技,2025-10-23 10:12:48,113.39,4000,113.38,D
sz301662,宏工科技,2025-10-23 10:13:00,113.38,2900,113.39,D
sz301662,宏工科技,2025-10-23 10:13:06,113.42,4100,113.38,E
sz301662,宏工科技,2025-10-23 10:14:33,113.2,9200,113.59,D
sz301662,宏工科技,2025-10-23 10:16:27,113.23,2600,113.25,D
sz301662,宏工科技,2025-10-23 10:17:57,113.68,4600,113.47,U
sz301662,宏工科技,2025-10-23 10:18:00,113.86,6500,113.68,E
sz301662,宏工科技,2025-10-23 10:18:03,114.1,3800,113.86,U
sz301662,宏工科技,2025-10-23 10:18:09,114.09,2400,114.29,D
sz301662,宏工科技,2025-10-23 10:19:03,114.5,3000,114.5,U
sz301662,宏工科技,2025-10-23 10:19:06,114.72,3200,114.5,U
sz301662,宏工科技,2025-10-23 10:19:45,114.76,1800,114.79,E
sz301662,宏工科技,2025-10-23 10:19:48,114.78,2000,114.76,U
sz301662,宏工科技,2025-10-23 10:19:54,114.85,1900,114.8,U
sz301662,宏工科技,2025-10-23 10:19:57,114.99,3100,114.85,U
sz301662,宏工科技,2025-10-23 10:20:00,115.0,3200,114.99,U
sz301662,宏工科技,2025-10-23 10:20:03,115.04,2300,115.0,U
sz301662,宏工科技,2025-10-23 10:20:06,115.13,2200,115.04,E
sz301662,宏工科技,2025-10-23 10:20:09,115.38,2500,115.13,U
sz301662,宏工科技,2025-10-23 10:20:12,115.36,2400,115.38,E
sz301662,宏工科技,2025-10-23 10:20:15,115.08,4700,115.36,D
sz301662,宏工科技,2025-10-23 10:20:18,114.71,5200,115.08,D
sz301662,宏工科技,2025-10-23 10:20:48,114.85,2000,114.86,E
sz301662,宏工科技,2025-10-23 10:21:39,114.96,5200,115.0,E
sz301662,宏工科技,2025-10-23 10:21:42,115.17,2700,114.96,U
sz301662,宏工科技,2025-10-23 10:21:48,115.02,5700,115.27,E
sz301662,宏工科技,2025-10-23 10:21:51,115.33,1800,115.02,U
sz301662,宏工科技,2025-10-23 10:22:03,115.27,6900,114.88,U
sz301662,宏工科技,2025-10-23 10:25:24,114.4,2100,114.4,D
sz301662,宏工科技,2025-10-23 10:25:39,114.0,4300,114.4,D
sz301662,宏工科技,2025-10-23 10:30:21,114.4,2600,114.5,D
sz301662,宏工科技,2025-10-23 10:30:48,114.3,2000,114.3,D
sz301662,宏工科技,2025-10-23 10:34:21,115.0,5243,114.63,U
sz301662,宏工科技,2025-10-23 10:34:48,115.6,9800,115.1,U
sz301662,宏工科技,2025-10-23 10:34:54,115.7,2300,115.7,U
sz301662,宏工科技,2025-10-23 10:34:57,115.69,2200,115.7,D
sz301662,宏工科技,2025-10-23 10:36:24,115.22,2200,115.35,U
sz301662,宏工科技,2025-10-23 10:36:36,115.5,2300,115.49,U
sz301662,宏工科技,2025-10-23 10:36:51,115.51,2100,115.5,U
sz301662,宏工科技,2025-10-23 10:36:54,115.78,6500,115.51,U
sz301662,宏工科技,2025-10-23 10:38:48,115.51,2200,115.41,U
sz301662,宏工科技,2025-10-23 10:38:51,115.3,2600,115.51,D
sz301662,宏工科技,2025-10-23 10:40:18,115.09,7100,115.3,D
sz301662,宏工科技,2025-10-23 10:43:27,115.07,2800,115.54,D
sz301662,宏工科技,2025-10-23 10:44:00,115.07,3300,115.0,U
sz301662,宏工科技,2025-10-23 10:45:30,115.0,2000,115.12,E
sz301662,宏工科技,2025-10-23 10:47:30,114.9,6567,115.06,D
sz301662,宏工科技,2025-10-23 10:52:03,114.96,1800,114.96,D
sz301662,宏工科技,2025-10-23 10:54:48,115.06,3000,115.06,D
sz301662,宏工科技,2025-10-23 10:55:36,115.07,5400,115.38,D
sz301662,宏工科技,2025-10-23 11:04:39,115.02,4100,115.31,D
sz301662,宏工科技,2025-10-23 11:04:45,115.43,2900,115.33,U
sz301662,宏工科技,2025-10-23 11:04:48,115.55,3400,115.43,U
sz301662,宏工科技,2025-10-23 11:05:24,115.55,1900,115.54,U
sz301662,宏工科技,2025-10-23 11:05:48,115.55,2500,115.53,U
sz301662,宏工科技,2025-10-23 11:06:51,115.75,3500,115.59,U
sz301662,宏工科技,2025-10-23 11:06:54,115.8,2200,115.75,U
sz301662,宏工科技,2025-10-23 11:07:18,115.6,3900,115.79,D
sz301662,宏工科技,2025-10-23 11:11:57,114.98,5100,115.13,D
sz301662,宏工科技,2025-10-23 11:18:09,114.9,2800,115.0,E
sz301662,宏工科技,2025-10-23 11:23:00,115.06,2700,115.07,D
sz301662,宏工科技,2025-10-23 13:03:30,114.4,2100,114.47,D
sz301662,宏工科技,2025-10-23 13:06:24,114.33,3260,114.49,D
sz301662,宏工科技,2025-10-23 13:06:54,114.05,4040,114.35,D
sz301662,宏工科技,2025-10-23 13:18:03,114.13,3200,114.13,D
sz301662,宏工科技,2025-10-23 13:21:39,114.7,2000,114.67,E
sz301662,宏工科技,2025-10-23 13:23:03,114.95,4500,114.9,U
sz301662,宏工科技,2025-10-23 13:23:06,114.95,2000,114.95,D
sz301662,宏工科技,2025-10-23 13:23:39,115.5,1943,115.46,U
sz301662,宏工科技,2025-10-23 13:23:45,115.88,11000,115.5,U
sz301662,宏工科技,2025-10-23 13:27:03,115.75,2000,115.55,U
sz301662,宏工科技,2025-10-23 13:28:24,115.78,3300,115.79,D
sz301662,宏工科技,2025-10-23 13:28:45,115.95,2100,115.85,U
sz301662,宏工科技,2025-10-23 13:29:42,115.85,2400,115.85,D
sz301662,宏工科技,2025-10-23 13:30:21,115.7,3200,115.76,D
sz301662,宏工科技,2025-10-23 13:30:36,115.84,2600,115.7,U
sz301662,宏工科技,2025-10-23 13:30:42,115.95,8100,115.88,U
sz301662,宏工科技,2025-10-23 13:31:09,115.71,2400,115.73,D
sz301662,宏工科技,2025-10-23 13:32:09,115.68,2979,115.75,D
sz301662,宏工科技,2025-10-23 13:50:09,114.93,2400,114.76,U
sz301662,宏工科技,2025-10-23 13:53:39,115.19,2200,114.98,U
sz301662,宏工科技,2025-10-23 13:55:48,115.04,2800,115.07,E
sz301662,宏工科技,2025-10-23 13:56:03,115.05,2101,115.0,U
sz301662,宏工科技,2025-10-23 13:57:12,115.55,1800,115.05,U
sz301662,宏工科技,2025-10-23 14:01:54,115.27,2000,115.4,D
sz301662,宏工科技,2025-10-23 14:04:39,115.7,2200,115.57,U
sz301662,宏工科技,2025-10-23 14:04:45,115.85,2600,115.7,U
sz301662,宏工科技,2025-10-23 14:04:54,115.85,1900,115.85,U
sz301662,宏工科技,2025-10-23 14:05:03,115.96,6100,115.94,U
sz301662,宏工科技,2025-10-23 14:05:15,115.95,6300,115.96,D
sz301662,宏工科技,2025-10-23 14:05:57,115.88,1800,115.88,D
sz301662,宏工科技,2025-10-23 14:06:42,115.65,2300,115.62,E
sz301662,宏工科技,2025-10-23 14:07:03,115.94,2000,115.6,U
sz301662,宏工科技,2025-10-23 14:08:45,115.97,2300,115.89,U
sz301662,宏工科技,2025-10-23 14:08:51,116.0,7200,115.98,U
sz301662,宏工科技,2025-10-23 14:08:54,116.01,8800,116.0,U
sz301662,宏工科技,2025-10-23 14:11:06,115.96,2500,116.01,D
sz301662,宏工科技,2025-10-23 14:14:09,115.56,3200,115.64,D
sz301662,宏工科技,2025-10-23 14:14:39,115.67,4300,115.6,U
sz301662,宏工科技,2025-10-23 14:21:33,115.8,4000,115.73,U
sz301662,宏工科技,2025-10-23 14:28:30,115.77,1900,115.83,D
sz301662,宏工科技,2025-10-23 14:33:09,115.52,2100,115.25,U
sz301662,宏工科技,2025-10-23 14:36:15,115.8,2100,115.84,D
sz301662,宏工科技,2025-10-23 14:37:39,115.9,2600,115.84,U
sz301662,宏工科技,2025-10-23 14:37:42,115.9,2100,115.9,U
sz301662,宏工科技,2025-10-23 14:37:48,116.05,14300,115.94,U
sz301662,宏工科技,2025-10-23 14:37:51,116.1,1800,116.05,U
sz301662,宏工科技,2025-10-23 14:38:15,116.2,3200,116.15,U
sz301662,宏工科技,2025-10-23 14:38:45,116.59,7948,116.6,D
sz301662,宏工科技,2025-10-23 14:38:51,116.6,2077,116.5,U
sz301662,宏工科技,2025-10-23 14:38:54,116.66,4423,116.6,U
sz301662,宏工科技,2025-10-23 14:41:06,116.25,2200,116.25,U
sz301662,宏工科技,2025-10-23 14:42:12,116.4,10100,116.27,E
sz301662,宏工科技,2025-10-23 14:43:03,116.47,2900,116.42,U
sz301662,宏工科技,2025-10-23 14:45:12,116.46,1900,116.43,U
sz301662,宏工科技,2025-10-23 14:46:30,116.57,2100,116.6,D
sz301662,宏工科技,2025-10-23 14:47:15,116.65,1800,116.65,U
sz301662,宏工科技,2025-10-23 14:47:18,116.73,7105,116.65,U
sz301662,宏工科技,2025-10-23 14:47:27,116.88,5570,116.74,U
sz301662,宏工科技,2025-10-23 14:47:42,116.91,2000,116.9,U
sz301662,宏工科技,2025-10-23 14:48:45,116.91,4135,116.89,U
sz301662,宏工科技,2025-10-23 14:50:03,116.77,6100,116.78,D
sz301662,宏工科技,2025-10-23 14:50:30,116.76,1900,116.75,U
sz301662,宏工科技,2025-10-23 14:50:42,116.77,1900,116.76,U
sz301662,宏工科技,2025-10-23 14:53:09,116.48,1800,116.5,D
sz301662,宏工科技,2025-10-23 14:54:06,116.4,3000,116.55,D
sz301662,宏工科技,2025-10-23 14:56:12,116.3,2000,116.32,D
sz301662,宏工科技,2025-10-23 14:56:36,116.04,1800,116.05,D
sz301662,宏工科技,2025-10-23 14:56:54,116.0,4000,116.03,D
sz301662,宏工科技,2025-10-23 15:00:00,116.44,10200,116.03,E
