symbol,name,ticktime,price,volume,prev_price,kind
sz301662,宏工科技,2025-10-27 09:25:00,124.32,13300,0.0,U
sz301662,宏工科技,2025-10-27 09:30:00,124.1,15400,124.32,D
sz301662,宏工科技,2025-10-27 09:30:03,123.99,3800,124.1,E
sz301662,宏工科技,2025-10-27 09:30:06,123.5,6000,123.99,D
sz301662,宏工科技,2025-10-27 09:30:09,123.55,1700,123.5,U
sz301662,宏工科技,2025-10-27 09:30:12,123.38,1800,123.55,D
sz301662,宏工科技,2025-10-27 09:30:18,123.0,2900,123.0,D
sz301662,宏工科技,2025-10-27 09:30:27,122.95,3000,122.82,E
sz301662,宏工科技,2025-10-27 09:30:30,122.8,2900,122.95,D
sz301662,宏工科技,2025-10-27 09:30:33,122.88,1700,122.8,U
sz301662,宏工科技,2025-10-27 09:30:36,122.7,4200,122.88,D
sz301662,宏工科技,2025-10-27 09:30:42,122.7,2800,122.7,D
sz301662,宏工科技,2025-10-27 09:30:45,122.8,3000,122.7,U
sz301662,宏工科技,2025-10-27 09:30:51,122.68,6000,122.79,E
sz301662,宏工科技,2025-10-27 09:30:57,122.7,1800,122.7,E
sz301662,宏工科技,2025-10-27 09:31:00,122.7,4400,122.7,D
sz301662,宏工科技,2025-10-27 09:31:03,122.68,1700,122.7,D
sz301662,宏工科技,2025-10-27 09:31:12,122.36,5200,122.6,D
sz301662,宏工科技,2025-10-27 09:31:18,122.36,2400,122.37,D
sz301662,宏工科技,2025-10-27 09:31:21,122.8,6311,122.36,U
sz301662,宏工科技,2025-10-27 09:31:24,122.9,5000,122.8,U
sz301662,宏工科技,2025-10-27 09:31:27,122.88,1800,122.9,E
sz301662,宏工科技,2025-10-27 09:31:36,123.33,2500,123.33,U
sz301662,宏工科技,2025-10-27 09:31:39,123.33,3700,123.33,U
sz301662,宏工科技,2025-10-27 09:31:45,123.34,1700,123.38,E
sz301662,宏工科技,2025-10-27 09:31:48,123.58,3200,123.34,E
sz301662,宏工科技,2025-10-27 09:31:54,123.58,2300,123.58,E
sz301662,宏工科技,2025-10-27 09:32:03,123.67,2143,123.67,U
sz301662,宏工科技,2025-10-27 09:32:06,123.68,2900,123.67,U
sz301662,宏工科技,2025-10-27 09:32:21,123.12,4200,123.59,D
sz301662,宏工科技,2025-10-27 09:32:24,123.2,2060,123.12,E
sz301662,宏工科技,2025-10-27 09:32:27,122.99,2540,123.2,D
sz301662,宏工科技,2025-10-27 09:32:30,123.2,2160,122.99,U
sz301662,宏工科技,2025-10-27 09:32:57,122.63,4100,122.83,D
sz301662,宏工科技,2025-10-27 09:33:03,122.76,1700,122.58,U
sz301662,宏工科技,2025-10-27 09:33:06,122.51,5900,122.76,D
sz301662,宏工科技,2025-10-27 09:33:12,122.51,5800,122.51,U
sz301662,宏工科技,2025-10-27 09:33:15,122.5,8100,122.51,D
sz301662,宏工科技,2025-10-27 09:33:27,122.04,2400,122.04,E
sz301662,宏工科技,2025-10-27 09:33:30,122.2,9300,122.04,U
sz301662,宏工科技,2025-10-27 09:33:33,122.03,3935,122.2,E
sz301662,宏工科技,2025-10-27 09:33:36,122.02,4443,122.03,D
sz301662,宏工科技,2025-10-27 09:33:39,122.04,3986,122.02,D
sz301662,宏工科技,2025-10-27 09:33:45,122.04,2200,122.07,D
sz301662,宏工科技,2025-10-27 09:33:51,122.05,2300,122.01,U
sz301662,宏工科技,2025-10-27 09:33:54,122.01,2200,122.05,D
sz301662,宏工科技,2025-10-27 09:34:03,121.98,3436,122.01,D
sz301662,宏工科技,2025-10-27 09:34:15,121.98,2786,121.87,U
sz301662,宏工科技,2025-10-27 09:34:18,122.08,3464,121.98,U
sz301662,宏工科技,2025-10-27 09:34:21,122.39,6900,122.08,U
sz301662,宏工科技,2025-10-27 09:34:27,122.39,2000,122.08,D
sz301662,宏工科技,2025-10-27 09:34:33,122.67,5100,122.4,U
sz301662,宏工科技,2025-10-27 09:34:42,122.77,2200,122.67,E
sz301662,宏工科技,2025-10-27 09:34:54,122.39,2600,122.4,E
sz301662,宏工科技,2025-10-27 09:34:57,122.0,1700,122.39,D
sz301662,宏工科技,2025-10-27 09:35:36,121.5,1900,121.5,D
sz301662,宏工科技,2025-10-27 09:35:39,121.5,8600,121.5,D
sz301662,宏工科技,2025-10-27 09:35:42,121.66,2200,121.5,U
sz301662,宏工科技,2025-10-27 09:35:45,121.66,1700,121.66,D
sz301662,宏工科技,2025-10-27 09:35:48,121.66,1800,121.66,E
sz301662,宏工科技,2025-10-27 09:35:51,121.66,3800,121.66,D
sz301662,宏工科技,2025-10-27 09:35:54,121.91,1800,121.66,U
sz301662,宏工科技,2025-10-27 09:36:00,121.51,5943,121.91,D
sz301662,宏工科技,2025-10-27 09:36:03,121.56,2700,121.51,D
sz301662,宏工科技,2025-10-27 09:36:42,121.6,5400,121.97,D
sz301662,宏工科技,2025-10-27 09:37:00,121.96,6400,121.98,E
sz301662,宏工科技,2025-10-27 09:37:21,122.47,1800,122.23,U
sz301662,宏工科技,2025-10-27 09:37:39,122.83,1900,122.76,E
sz301662,宏工科技,2025-10-27 09:38:03,122.67,2500,122.68,D
sz301662,宏工科技,2025-10-27 09:38:06,122.72,2600,122.67,U
sz301662,宏工科技,2025-10-27 09:38:18,122.5,3400,122.72,D
sz301662,宏工科技,2025-10-27 09:38:24,122.23,2100,122.75,D
sz301662,宏工科技,2025-10-27 09:38:30,122.23,9700,122.38,D
sz301662,宏工科技,2025-10-27 09:38:33,122.25,2700,122.23,U
sz301662,宏工科技,2025-10-27 09:38:42,122.83,46935,122.55,U
sz301662,宏工科技,2025-10-27 09:38:45,123.02,9100,122.83,U
sz301662,宏工科技,2025-10-27 09:38:54,123.3,2800,123.3,E
sz301662,宏工科技,2025-10-27 09:39:09,123.5,9200,123.5,D
sz301662,宏工科技,2025-10-27 09:39:15,123.5,2300,123.21,U
sz301662,宏工科技,2025-10-27 09:39:27,123.5,2000,123.5,U
sz301662,宏工科技,2025-10-27 09:39:36,123.51,1900,123.47,U
sz301662,宏工科技,2025-10-27 09:39:45,123.53,2400,123.65,E
sz301662,宏工科技,2025-10-27 09:40:00,123.65,2000,123.66,U
sz301662,宏工科技,2025-10-27 09:40:06,123.45,10200,123.46,E
sz301662,宏工科技,2025-10-27 09:40:27,123.21,1800,123.0,E
sz301662,宏工科技,2025-10-27 09:40:48,123.25,2100,123.23,U
sz301662,宏工科技,2025-10-27 09:41:21,123.53,2800,123.53,D
sz301662,宏工科技,2025-10-27 09:41:48,123.69,8600,123.88,D
sz301662,宏工科技,2025-10-27 09:41:57,123.5,2000,123.69,D
sz301662,宏工科技,2025-10-27 09:42:18,123.82,4800,123.56,U
sz301662,宏工科技,2025-10-27 09:42:27,123.99,3700,123.73,U
sz301662,宏工科技,2025-10-27 09:42:30,123.95,2700,123.99,D
sz301662,宏工科技,2025-10-27 09:42:42,124.0,3900,123.95,U
sz301662,宏工科技,2025-10-27 09:42:48,124.0,1900,124.0,U
sz301662,宏工科技,2025-10-27 09:43:00,124.0,3100,123.99,U
sz301662,宏工科技,2025-10-27 09:43:03,124.0,3100,124.0,U
sz301662,宏工科技,2025-10-27 09:43:24,124.01,2500,124.3,D
sz301662,宏工科技,2025-10-27 09:43:36,124.32,4800,124.23,U
sz301662,宏工科技,2025-10-27 09:43:39,124.32,2400,124.32,D
sz301662,宏工科技,2025-10-27 09:44:24,124.43,11100,124.4,U
sz301662,宏工科技,2025-10-27 09:44:48,124.42,3900,124.3,U
sz301662,宏工科技,2025-10-27 09:45:21,123.88,4300,124.08,D
sz301662,宏工科技,2025-10-27 09:47:00,123.5,3000,123.64,D
sz301662,宏工科技,2025-10-27 09:49:03,122.86,10400,123.03,D
sz301662,宏工科技,2025-10-27 09:49:06,123.02,1800,122.86,U
sz301662,宏工科技,2025-10-27 09:49:15,123.04,2600,122.88,U
sz301662,宏工科技,2025-10-27 09:49:51,123.38,3700,123.34,U
sz301662,宏工科技,2025-10-27 09:49:54,123.83,4500,123.38,U
sz301662,宏工科技,2025-10-27 09:50:30,123.9,5600,123.43,U
sz301662,宏工科技,2025-10-27 09:51:24,123.71,1900,123.79,E
sz301662,宏工科技,2025-10-27 09:51:27,123.81,4100,123.71,U
sz301662,宏工科技,2025-10-27 09:51:57,124.0,2400,124.0,U
sz301662,宏工科技,2025-10-27 09:52:09,124.3,11000,123.99,U
sz301662,宏工科技,2025-10-27 09:52:12,124.4,2500,124.3,U
sz301662,宏工科技,2025-10-27 09:52:33,124.48,1900,124.38,U
sz301662,宏工科技,2025-10-27 09:52:51,124.6,2700,124.58,U
sz301662,宏工科技,2025-10-27 09:53:27,124.99,5600,124.9,U
sz301662,宏工科技,2025-10-27 09:53:30,124.96,2800,124.99,D
sz301662,宏工科技,2025-10-27 09:53:33,125.1,4500,124.96,U
sz301662,宏工科技,2025-10-27 09:53:48,124.97,2300,125.22,D
sz301662,宏工科技,2025-10-27 09:53:51,125.16,3200,124.97,U
sz301662,宏工科技,2025-10-27 09:54:00,125.07,2600,125.18,U
sz301662,宏工科技,2025-10-27 09:54:03,125.22,6700,125.07,U
sz301662,宏工科技,2025-10-27 09:54:12,125.48,3400,125.27,U
sz301662,宏工科技,2025-10-27 09:54:24,125.6,2700,125.6,D
sz301662,宏工科技,2025-10-27 09:54:27,125.6,3900,125.6,D
sz301662,宏工科技,2025-10-27 09:54:33,125.6,2400,125.35,U
sz301662,宏工科技,2025-10-27 09:55:03,125.14,1600,125.16,D
sz301662,宏工科技,2025-10-27 09:55:30,125.11,2800,125.09,U
sz301662,宏工科技,2025-10-27 09:57:06,124.96,2000,125.01,D
sz301662,宏工科技,2025-10-27 09:57:30,124.91,5100,124.8,U
sz301662,宏工科技,2025-10-27 09:57:33,124.8,2700,124.91,D
sz301662,宏工科技,2025-10-27 09:57:48,125.1,3400,124.9,U
sz301662,宏工科技,2025-10-27 09:57:51,125.0,1600,125.1,E
sz301662,宏工科技,2025-10-27 09:58:00,124.66,8000,124.9,D
sz301662,宏工科技,2025-10-27 09:58:57,123.91,3500,123.79,U
sz301662,宏工科技,2025-10-27 09:59:12,123.97,1900,124.0,E
sz301662,宏工科技,2025-10-27 09:59:42,124.0,2100,124.03,D
sz301662,宏工科技,2025-10-27 10:02:48,124.21,5000,124.0,U
sz301662,宏工科技,2025-10-27 10:04:42,123.9,3800,123.89,U
sz301662,宏工科技,2025-10-27 10:05:21,123.84,8200,123.99,D
sz301662,宏工科技,2025-10-27 10:06:06,123.75,3435,123.73,U
sz301662,宏工科技,2025-10-27 10:06:18,124.18,9200,123.97,U
sz301662,宏工科技,2025-10-27 10:08:42,123.97,2700,123.89,U
sz301662,宏工科技,2025-10-27 10:10:15,123.33,6400,123.68,D
sz301662,宏工科技,2025-10-27 10:10:45,123.2,3500,123.2,E
sz301662,宏工科技,2025-10-27 10:12:12,123.28,3654,123.31,D
sz301662,宏工科技,2025-10-27 10:12:57,123.48,2400,123.29,U
sz301662,宏工科技,2025-10-27 10:14:03,123.08,4964,123.29,D
sz301662,宏工科技,2025-10-27 10:14:09,122.97,8529,123.08,D
sz301662,宏工科技,2025-10-27 10:14:15,123.26,3900,122.94,U
sz301662,宏工科技,2025-10-27 10:14:18,123.11,3700,123.26,E
sz301662,宏工科技,2025-10-27 10:14:21,123.5,15943,123.11,U
sz301662,宏工科技,2025-10-27 10:16:06,123.5,3300,123.87,D
sz301662,宏工科技,2025-10-27 10:16:09,123.87,8800,123.5,U
sz301662,宏工科技,2025-10-27 10:16:24,124.25,21700,123.94,U
sz301662,宏工科技,2025-10-27 10:16:57,124.25,5000,124.44,D
sz301662,宏工科技,2025-10-27 10:17:54,123.95,4400,123.95,U
sz301662,宏工科技,2025-10-27 10:17:57,124.01,8700,123.95,U
sz301662,宏工科技,2025-10-27 10:18:39,124.23,2600,124.25,D
sz301662,宏工科技,2025-10-27 10:18:57,124.24,2200,124.24,D
sz301662,宏工科技,2025-10-27 10:19:03,124.24,1900,124.25,D
sz301662,宏工科技,2025-10-27 10:19:09,124.17,4075,124.24,D
sz301662,宏工科技,2025-10-27 10:19:18,124.08,1800,124.2,D
sz301662,宏工科技,2025-10-27 10:20:36,123.89,4801,124.04,D
sz301662,宏工科技,2025-10-27 10:22:18,124.0,6200,123.63,U
sz301662,宏工科技,2025-10-27 10:22:21,124.16,1800,124.0,U
sz301662,宏工科技,2025-10-27 10:23:09,124.1,3186,124.1,U
sz301662,宏工科技,2025-10-27 10:25:18,124.11,4200,124.2,D
sz301662,宏工科技,2025-10-27 10:25:27,124.25,6543,124.18,U
sz301662,宏工科技,2025-10-27 10:25:30,124.31,3743,124.25,U
sz301662,宏工科技,2025-10-27 10:25:33,124.43,3500,124.31,U
sz301662,宏工科技,2025-10-27 10:25:36,124.48,5600,124.43,U
sz301662,宏工科技,2025-10-27 10:25:39,124.48,6900,124.48,U
sz301662,宏工科技,2025-10-27 10:25:42,124.6,14264,124.48,U
sz301662,宏工科技,2025-10-27 10:25:45,124.8,2300,124.6,U
sz301662,宏工科技,2025-10-27 10:25:54,125.11,3500,124.95,U
sz301662,宏工科技,2025-10-27 10:26:03,124.89,2300,125.11,D
sz301662,宏工科技,2025-10-27 10:26:12,124.8,5700,124.89,D
sz301662,宏工科技,2025-10-27 10:26:39,124.62,7000,124.63,E
sz301662,宏工科技,2025-10-27 10:27:12,124.1,2000,124.59,D
sz301662,宏工科技,2025-10-27 10:28:48,123.63,1700,123.64,D
sz301662,宏工科技,2025-10-27 10:28:54,123.62,1700,123.64,D
sz301662,宏工科技,2025-10-27 10:30:15,122.66,1700,122.8,D
sz301662,宏工科技,2025-10-27 10:31:03,122.94,1800,122.67,U
sz301662,宏工科技,2025-10-27 10:31:06,122.91,2000,122.94,E
sz301662,宏工科技,2025-10-27 10:31:51,123.0,2800,122.8,U
sz301662,宏工科技,2025-10-27 10:32:00,122.9,2400,123.13,D
sz301662,宏工科技,2025-10-27 10:33:03,123.4,3100,123.72,D
sz301662,宏工科技,2025-10-27 10:36:54,124.48,2200,124.4,U
sz301662,宏工科技,2025-10-27 10:38:54,123.99,1800,123.99,U
sz301662,宏工科技,2025-10-27 10:39:00,123.9,1900,124.0,D
sz301662,宏工科技,2025-10-27 10:39:54,124.02,2400,123.92,U
sz301662,宏工科技,2025-10-27 10:40:24,123.9,2000,124.0,D
sz301662,宏工科技,2025-10-27 10:45:09,123.44,3530,123.68,D
sz301662,宏工科技,2025-10-27 10:45:12,123.13,10514,123.44,D
sz301662,宏工科技,2025-10-27 10:45:39,123.31,2100,123.31,E
sz301662,宏工科技,2025-10-27 10:48:39,122.93,3000,123.2,D
sz301662,宏工科技,2025-10-27 10:48:54,123.22,5600,123.2,U
sz301662,宏工科技,2025-10-27 10:49:03,123.7,5170,123.22,U
sz301662,宏工科技,2025-10-27 10:50:45,123.89,3300,123.89,E
sz301662,宏工科技,2025-10-27 10:50:48,123.96,1700,123.89,U
sz301662,宏工科技,2025-10-27 10:52:30,124.0,3400,124.04,D
sz301662,宏工科技,2025-10-27 10:52:39,124.0,5200,124.0,D
sz301662,宏工科技,2025-10-27 10:53:00,124.05,4000,124.0,U
sz301662,宏工科技,2025-10-27 10:53:51,124.47,3100,124.35,U
sz301662,宏工科技,2025-10-27 10:53:54,124.5,4900,124.47,U
sz301662,宏工科技,2025-10-27 10:57:09,124.06,2300,124.12,D
sz301662,宏工科技,2025-10-27 10:58:12,124.22,3100,124.12,U
sz301662,宏工科技,2025-10-27 10:58:15,124.43,2400,124.22,U
sz301662,宏工科技,2025-10-27 10:58:18,124.46,2100,124.43,U
sz301662,宏工科技,2025-10-27 10:58:21,124.65,2000,124.46,U
sz301662,宏工科技,2025-10-27 10:59:51,124.65,5500,124.65,U
sz301662,宏工科技,2025-10-27 11:00:48,124.58,3600,124.64,D
sz301662,宏工科技,2025-10-27 11:00:51,124.54,2700,124.58,D
sz301662,宏工科技,2025-10-27 11:02:09,124.5,5000,124.45,U
sz301662,宏工科技,2025-10-27 11:06:24,124.5,4200,124.0,U
sz301662,宏工科技,2025-10-27 11:10:42,124.8,3000,124.73,U
sz301662,宏工科技,2025-10-27 11:10:48,125.1,22835,124.86,U
sz301662,宏工科技,2025-10-27 11:10:54,125.2,3100,125.13,U
sz301662,宏工科技,2025-10-27 11:11:21,125.2,1800,125.2,D
sz301662,宏工科技,2025-10-27 11:11:30,125.2,2500,125.2,D
sz301662,宏工科技,2025-10-27 11:12:18,124.81,5100,125.0,D
sz301662,宏工科技,2025-10-27 11:14:06,124.8,2000,124.75,U
sz301662,宏工科技,2025-10-27 11:14:33,124.55,2985,124.75,D
sz301662,宏工科技,2025-10-27 11:15:30,124.26,2760,124.27,D
sz301662,宏工科技,2025-10-27 11:17:51,124.8,3900,124.76,U
sz301662,宏工科技,2025-10-27 11:17:54,125.0,4000,124.8,U
sz301662,宏工科技,2025-10-27 11:17:57,125.0,1600,125.0,U
sz301662,宏工科技,2025-10-27 11:18:00,125.15,2300,125.0,U
sz301662,宏工科技,2025-10-27 11:18:03,125.23,5200,125.15,U
sz301662,宏工科技,2025-10-27 11:18:15,125.32,3700,125.29,U
sz301662,宏工科技,2025-10-27 11:19:36,125.29,5300,125.4,D
sz301662,宏工科技,2025-10-27 11:20:09,125.15,1800,125.28,D
sz301662,宏工科技,2025-10-27 11:25:12,124.6,4000,125.03,D
sz301662,宏工科技,2025-10-27 11:25:15,125.05,1700,124.6,U
sz301662,宏工科技,2025-10-27 11:25:30,125.1,3100,125.09,U
sz301662,宏工科技,2025-10-27 11:25:33,125.1,3900,125.1,U
sz301662,宏工科技,2025-10-27 11:25:39,125.39,2086,125.28,U
sz301662,宏工科技,2025-10-27 11:27:12,125.26,3800,125.39,D
sz301662,宏工科技,2025-10-27 11:27:21,125.48,2100,125.4,U
sz301662,宏工科技,2025-10-27 11:27:24,125.49,5400,125.48,U
sz301662,宏工科技,2025-10-27 11:27:51,125.8,3300,125.78,U
sz301662,宏工科技,2025-10-27 11:28:00,125.88,2000,125.87,U
sz301662,宏工科技,2025-10-27 11:28:03,125.88,5700,125.88,U
sz301662,宏工科技,2025-10-27 11:28:06,125.8,5700,125.88,D
sz301662,宏工科技,2025-10-27 11:28:09,125.96,5600,125.8,U
sz301662,宏工科技,2025-10-27 11:28:12,125.9,13000,125.96,E
sz301662,宏工科技,2025-10-27 11:28:18,125.99,3200,125.98,E
sz301662,宏工科技,2025-10-27 11:28:21,126.12,3300,125.99,U
sz301662,宏工科技,2025-10-27 11:28:27,126.2,1700,126.12,U
sz301662,宏工科技,2025-10-27 11:28:36,126.12,2200,126.2,D
sz301662,宏工科技,2025-10-27 11:28:39,126.25,2500,126.12,U
sz301662,宏工科技,2025-10-27 11:28:42,126.25,3100,126.25,U
sz301662,宏工科技,2025-10-27 11:29:00,126.3,1800,126.32,U
sz301662,宏工科技,2025-10-27 11:29:12,125.94,5000,126.22,D
sz301662,宏工科技,2025-10-27 11:29:27,125.8,2200,126.0,D
sz301662,宏工科技,2025-10-27 11:29:51,125.4,2600,125.68,D
sz301662,宏工科技,2025-10-27 13:00:00,125.79,3100,125.68,U
sz301662,宏工科技,2025-10-27 13:00:03,125.65,1600,125.79,D
sz301662,宏工科技,2025-10-27 13:00:36,125.51,2600,125.23,U
sz301662,宏工科技,2025-10-27 13:02:00,124.81,3200,125.05,D
sz301662,宏工科技,2025-10-27 13:02:06,124.8,1800,124.81,D
sz301662,宏工科技,2025-10-27 13:03:12,124.43,3000,124.57,D
sz301662,宏工科技,2025-10-27 13:08:42,124.47,3700,124.47,U
sz301662,宏工科技,2025-10-27 13:09:24,124.26,4871,124.51,D
sz301662,宏工科技,2025-10-27 13:11:03,124.29,3673,124.28,U
sz301662,宏工科技,2025-10-27 13:11:21,124.52,4400,124.43,U
sz301662,宏工科技,2025-10-27 13:12:00,124.68,1700,124.81,D
sz301662,宏工科技,2025-10-27 13:14:09,124.83,3800,125.19,D
sz301662,宏工科技,2025-10-27 13:17:09,124.51,1901,124.79,D
sz301662,宏工科技,2025-10-27 13:17:36,125.3,4600,124.93,U
sz301662,宏工科技,2025-10-27 13:20:18,125.33,1800,125.44,D
sz301662,宏工科技,2025-10-27 13:20:54,125.3,1700,125.35,D
sz301662,宏工科技,2025-10-27 13:21:03,125.3,3500,125.33,D
sz301662,宏工科技,2025-10-27 13:21:54,124.79,3029,124.99,D
sz301662,宏工科技,2025-10-27 13:22:12,124.8,3450,125.2,D
sz301662,宏工科技,2025-10-27 13:22:45,125.36,2100,125.3,U
sz301662,宏工科技,2025-10-27 13:27:30,125.8,12800,125.34,U
sz301662,宏工科技,2025-10-27 13:34:21,125.79,7800,125.79,U
sz301662,宏工科技,2025-10-27 13:35:12,125.85,2200,125.82,U
sz301662,宏工科技,2025-10-27 13:36:00,125.95,5100,125.98,D
sz301662,宏工科技,2025-10-27 13:36:03,126.0,7500,125.95,U
sz301662,宏工科技,2025-10-27 13:36:21,125.99,2700,126.0,D
sz301662,宏工科技,2025-10-27 13:36:36,125.99,2600,125.99,U
sz301662,宏工科技,2025-10-27 13:36:45,126.13,2300,125.99,U
sz301662,宏工科技,2025-10-27 13:37:48,126.24,3600,126.24,U
sz301662,宏工科技,2025-10-27 13:37:51,126.35,9378,126.24,U
sz301662,宏工科技,2025-10-27 13:37:54,126.4,23478,126.35,U
sz301662,宏工科技,2025-10-27 13:38:12,126.5,10100,126.48,U
sz301662,宏工科技,2025-10-27 13:38:33,126.61,1600,126.6,U
sz301662,宏工科技,2025-10-27 13:39:24,126.48,9900,126.69,D
sz301662,宏工科技,2025-10-27 13:39:57,126.0,2400,126.17,D
sz301662,宏工科技,2025-10-27 13:42:18,126.03,2600,126.0,U
sz301662,宏工科技,2025-10-27 13:42:24,125.87,2300,125.82,E
sz301662,宏工科技,2025-10-27 13:46:48,125.66,2900,125.89,D
sz301662,宏工科技,2025-10-27 13:53:45,125.0,4200,125.09,D
sz301662,宏工科技,2025-10-27 13:53:48,125.03,2300,125.0,U
sz301662,宏工科技,2025-10-27 13:54:18,124.72,2600,124.72,D
sz301662,宏工科技,2025-10-27 13:57:42,124.76,3600,124.81,D
sz301662,宏工科技,2025-10-27 14:06:39,125.63,2400,125.49,U
sz301662,宏工科技,2025-10-27 14:07:51,125.65,2900,125.65,U
sz301662,宏工科技,2025-10-27 14:07:54,125.49,2500,125.65,D
sz301662,宏工科技,2025-10-27 14:09:24,125.67,1600,125.76,D
sz301662,宏工科技,2025-10-27 14:15:57,125.74,3200,125.75,D
sz301662,宏工科技,2025-10-27 14:16:42,125.46,1800,125.65,D
sz301662,宏工科技,2025-10-27 14:17:06,125.45,1600,125.46,D
sz301662,宏工科技,2025-10-27 14:26:15,125.6,2400,125.68,D
sz301662,宏工科技,2025-10-27 14:28:30,125.47,3000,125.5,D
sz301662,宏工科技,2025-10-27 14:28:36,125.48,1600,125.46,U
sz301662,宏工科技,2025-10-27 14:28:51,125.6,3800,125.48,U
sz301662,宏工科技,2025-10-27 14:30:09,125.68,4000,125.5,U
sz301662,宏工科技,2025-10-27 14:32:36,125.49,1788,125.5,D
sz301662,宏工科技,2025-10-27 14:32:39,125.47,5700,125.49,D
sz301662,宏工科技,2025-10-27 14:36:27,125.58,2100,125.45,U
sz301662,宏工科技,2025-10-27 14:39:45,125.28,2700,125.35,D
sz301662,宏工科技,2025-10-27 14:46:24,125.25,2100,125.26,D
sz301662,宏工科技,2025-10-27 14:48:18,125.18,2000,125.16,U
sz301662,宏工科技,2025-10-27 14:50:03,125.26,6100,125.31,D
sz301662,宏工科技,2025-10-27 14:50:27,125.26,3500,125.2,U
sz301662,宏工科技,2025-10-27 14:52:12,125.28,2700,125.25,U
sz301662,宏工科技,2025-10-27 14:54:51,125.24,2606,125.26,D
sz301662,宏工科技,2025-10-27 14:55:15,125.25,2600,125.23,U
sz301662,宏工科技,2025-10-27 14:55:27,125.26,2500,125.22,U
sz301662,宏工科技,2025-10-27 14:56:36,125.22,5600,125.22,D
sz301662,宏工科技,2025-10-27 15:00:00,125.22,20392,125.22,E
