symbol,name,ticktime,price,volume,prev_price,kind
sz301662,宏工科技,2025-10-10 09:25:00,138.11,7400,0.0,U
sz301662,宏工科技,2025-10-10 09:30:00,138.11,6798,138.11,D
sz301662,宏工科技,2025-10-10 09:30:03,138.06,4700,138.11,U
sz301662,宏工科技,2025-10-10 09:30:06,138.06,2102,138.06,D
sz301662,宏工科技,2025-10-10 09:30:09,137.8,2800,138.06,D
sz301662,宏工科技,2025-10-10 09:30:18,138.13,3698,137.72,U
sz301662,宏工科技,2025-10-10 09:30:33,138.96,2600,137.99,U
sz301662,宏工科技,2025-10-10 09:31:03,138.07,2600,138.82,E
sz301662,宏工科技,2025-10-10 09:31:09,138.66,7100,138.3,U
sz301662,宏工科技,2025-10-10 09:31:15,137.5,5600,138.05,D
sz301662,宏工科技,2025-10-10 09:31:18,137.84,1900,137.5,U
sz301662,宏工科技,2025-10-10 09:31:36,137.3,4700,137.52,D
sz301662,宏工科技,2025-10-10 09:31:42,137.54,3000,137.54,D
sz301662,宏工科技,2025-10-10 09:31:48,137.55,4000,137.55,E
sz301662,宏工科技,2025-10-10 09:31:51,137.51,2400,137.55,D
sz301662,宏工科技,2025-10-10 09:32:00,137.25,4400,137.3,D
sz301662,宏工科技,2025-10-10 09:32:03,137.1,1500,137.25,D
sz301662,宏工科技,2025-10-10 09:32:09,137.1,2700,137.1,D
sz301662,宏工科技,2025-10-10 09:32:15,137.1,1900,137.1,D
sz301662,宏工科技,2025-10-10 09:32:21,136.97,3900,137.1,D
sz301662,宏工科技,2025-10-10 09:32:33,136.83,3100,136.88,D
sz301662,宏工科技,2025-10-10 09:32:42,136.66,1900,136.8,D
sz301662,宏工科技,2025-10-10 09:32:45,136.8,7000,136.66,U
sz301662,宏工科技,2025-10-10 09:32:48,137.05,1800,136.8,U
sz301662,宏工科技,2025-10-10 09:32:51,137.04,7800,137.05,E
sz301662,宏工科技,2025-10-10 09:33:00,136.8,3100,136.73,E
sz301662,宏工科技,2025-10-10 09:33:15,136.59,8600,136.83,D
sz301662,宏工科技,2025-10-10 09:33:18,136.59,13300,136.59,U
sz301662,宏工科技,2025-10-10 09:33:24,136.3,2600,136.49,U
sz301662,宏工科技,2025-10-10 09:33:27,136.1,4500,136.3,D
sz301662,宏工科技,2025-10-10 09:33:30,136.53,1600,136.1,U
sz301662,宏工科技,2025-10-10 09:33:33,136.58,2700,136.53,U
sz301662,宏工科技,2025-10-10 09:33:36,136.58,1500,136.58,U
sz301662,宏工科技,2025-10-10 09:33:54,136.84,2500,136.84,U
sz301662,宏工科技,2025-10-10 09:34:06,136.6,1800,136.66,D
sz301662,宏工科技,2025-10-10 09:34:09,136.59,3900,136.6,D
sz301662,宏工科技,2025-10-10 09:34:15,136.88,21000,136.4,U
sz301662,宏工科技,2025-10-10 09:34:36,137.37,4100,136.85,U
sz301662,宏工科技,2025-10-10 09:34:39,137.41,6100,137.37,E
sz301662,宏工科技,2025-10-10 09:34:42,137.44,4000,137.41,E
sz301662,宏工科技,2025-10-10 09:34:45,137.17,6300,137.44,D
sz301662,宏工科技,2025-10-10 09:34:51,136.74,4000,136.99,D
sz301662,宏工科技,2025-10-10 09:35:15,136.5,2400,136.66,D
sz301662,宏工科技,2025-10-10 09:35:18,136.4,2600,136.5,D
sz301662,宏工科技,2025-10-10 09:35:21,136.15,2500,136.4,D
sz301662,宏工科技,2025-10-10 09:35:24,136.04,6800,136.15,D
sz301662,宏工科技,2025-10-10 09:35:39,136.04,1800,136.0,E
sz301662,宏工科技,2025-10-10 09:35:42,136.0,2600,136.04,D
sz301662,宏工科技,2025-10-10 09:35:45,136.0,7000,136.0,D
sz301662,宏工科技,2025-10-10 09:35:48,135.5,8300,136.0,D
sz301662,宏工科技,2025-10-10 09:35:54,135.13,2500,135.62,D
sz301662,宏工科技,2025-10-10 09:36:00,135.02,1500,135.12,D
sz301662,宏工科技,2025-10-10 09:36:03,135.02,2100,135.02,D
sz301662,宏工科技,2025-10-10 09:36:06,135.02,2400,135.02,D
sz301662,宏工科技,2025-10-10 09:36:12,135.02,2000,135.02,U
sz301662,宏工科技,2025-10-10 09:36:24,135.01,1600,134.84,U
sz301662,宏工科技,2025-10-10 09:36:33,134.61,2400,134.61,D
sz301662,宏工科技,2025-10-10 09:36:39,134.48,1600,134.83,D
sz301662,宏工科技,2025-10-10 09:36:42,134.41,3700,134.48,D
sz301662,宏工科技,2025-10-10 09:36:45,134.5,2500,134.41,U
sz301662,宏工科技,2025-10-10 09:37:00,134.0,3000,134.12,D
sz301662,宏工科技,2025-10-10 09:37:06,133.79,11400,134.0,D
sz301662,宏工科技,2025-10-10 09:37:09,133.63,3300,133.79,D
sz301662,宏工科技,2025-10-10 09:37:18,133.46,1900,133.5,U
sz301662,宏工科技,2025-10-10 09:37:21,133.0,5000,133.46,D
sz301662,宏工科技,2025-10-10 09:37:27,132.95,2500,132.68,U
sz301662,宏工科技,2025-10-10 09:37:30,132.95,4100,132.95,E
sz301662,宏工科技,2025-10-10 09:37:33,132.93,4900,132.95,E
sz301662,宏工科技,2025-10-10 09:37:36,132.96,5300,132.93,U
sz301662,宏工科技,2025-10-10 09:37:39,133.05,11300,132.96,E
sz301662,宏工科技,2025-10-10 09:37:51,133.46,2100,133.06,U
sz301662,宏工科技,2025-10-10 09:37:54,133.26,3800,133.46,D
sz301662,宏工科技,2025-10-10 09:38:03,133.36,4400,133.45,E
sz301662,宏工科技,2025-10-10 09:38:15,133.36,2700,133.36,D
sz301662,宏工科技,2025-10-10 09:38:36,133.05,5300,133.1,D
sz301662,宏工科技,2025-10-10 09:38:39,132.77,9400,133.05,D
sz301662,宏工科技,2025-10-10 09:39:00,132.29,13700,132.76,D
sz301662,宏工科技,2025-10-10 09:39:06,132.02,6800,132.29,D
sz301662,宏工科技,2025-10-10 09:39:09,132.02,15900,132.02,U
sz301662,宏工科技,2025-10-10 09:39:15,132.0,3100,132.26,D
sz301662,宏工科技,2025-10-10 09:39:18,132.01,4300,132.0,D
sz301662,宏工科技,2025-10-10 09:39:27,132.0,11400,132.1,D
sz301662,宏工科技,2025-10-10 09:39:45,132.29,8500,132.29,U
sz301662,宏工科技,2025-10-10 09:39:54,132.29,3800,132.28,U
sz301662,宏工科技,2025-10-10 09:40:00,132.03,3000,132.29,D
sz301662,宏工科技,2025-10-10 09:40:12,131.22,3700,131.8,D
sz301662,宏工科技,2025-10-10 09:40:15,131.2,1800,131.22,D
sz301662,宏工科技,2025-10-10 09:40:27,131.03,1900,131.2,D
sz301662,宏工科技,2025-10-10 09:40:42,131.06,2200,131.06,U
sz301662,宏工科技,2025-10-10 09:40:51,131.06,3000,131.06,E
sz301662,宏工科技,2025-10-10 09:41:00,131.06,7100,131.2,D
sz301662,宏工科技,2025-10-10 09:41:03,131.23,1900,131.06,U
sz301662,宏工科技,2025-10-10 09:41:06,131.06,4600,131.23,D
sz301662,宏工科技,2025-10-10 09:41:15,131.2,2300,131.26,D
sz301662,宏工科技,2025-10-10 09:41:21,131.5,1700,131.53,E
sz301662,宏工科技,2025-10-10 09:41:33,131.1,3900,131.23,D
sz301662,宏工科技,2025-10-10 09:41:36,131.11,3600,131.1,U
sz301662,宏工科技,2025-10-10 09:41:39,130.89,14700,131.11,D
sz301662,宏工科技,2025-10-10 09:41:42,130.46,18200,130.89,D
sz301662,宏工科技,2025-10-10 09:41:45,130.25,2000,130.46,D
sz301662,宏工科技,2025-10-10 09:41:51,130.3,5500,130.17,U
sz301662,宏工科技,2025-10-10 09:41:57,130.3,1900,130.3,D
sz301662,宏工科技,2025-10-10 09:42:00,130.23,7400,130.3,D
sz301662,宏工科技,2025-10-10 09:42:03,130.07,10500,130.23,D
sz301662,宏工科技,2025-10-10 09:42:06,130.03,9300,130.07,E
sz301662,宏工科技,2025-10-10 09:42:09,130.02,7200,130.03,E
sz301662,宏工科技,2025-10-10 09:42:18,129.3,5100,129.89,D
sz301662,宏工科技,2025-10-10 09:42:21,129.71,1600,129.3,U
sz301662,宏工科技,2025-10-10 09:42:33,129.98,2300,129.3,U
sz301662,宏工科技,2025-10-10 09:42:36,129.39,5000,129.98,E
sz301662,宏工科技,2025-10-10 09:42:39,129.31,6100,129.39,D
sz301662,宏工科技,2025-10-10 09:42:42,129.42,2600,129.31,E
sz301662,宏工科技,2025-10-10 09:42:51,130.03,13600,129.5,U
sz301662,宏工科技,2025-10-10 09:43:06,130.23,5700,130.06,U
sz301662,宏工科技,2025-10-10 09:43:09,130.04,12200,130.23,D
sz301662,宏工科技,2025-10-10 09:43:12,130.23,5400,130.04,U
sz301662,宏工科技,2025-10-10 09:43:21,130.23,1800,130.2,U
sz301662,宏工科技,2025-10-10 09:43:24,130.0,6000,130.23,D
sz301662,宏工科技,2025-10-10 09:43:33,129.42,10000,129.83,D
sz301662,宏工科技,2025-10-10 09:43:36,129.25,7000,129.42,D
sz301662,宏工科技,2025-10-10 09:43:39,129.2,2700,129.25,D
sz301662,宏工科技,2025-10-10 09:43:45,129.1,4900,129.1,D
sz301662,宏工科技,2025-10-10 09:43:48,129.1,1600,129.1,D
sz301662,宏工科技,2025-10-10 09:43:51,129.1,2200,129.1,U
sz301662,宏工科技,2025-10-10 09:43:54,129.01,4300,129.1,D
sz301662,宏工科技,2025-10-10 09:43:57,129.02,3800,129.01,E
sz301662,宏工科技,2025-10-10 09:44:09,129.0,7900,129.01,D
sz301662,宏工科技,2025-10-10 09:44:27,129.1,8800,129.11,E
sz301662,宏工科技,2025-10-10 09:44:30,128.9,12300,129.1,D
sz301662,宏工科技,2025-10-10 09:44:33,128.47,3300,128.9,D
sz301662,宏工科技,2025-10-10 09:44:36,128.19,2700,128.47,D
sz301662,宏工科技,2025-10-10 09:44:39,127.85,6700,128.19,D
sz301662,宏工科技,2025-10-10 09:44:42,127.97,1800,127.85,U
sz301662,宏工科技,2025-10-10 09:44:48,127.88,3600,127.71,U
sz301662,宏工科技,2025-10-10 09:45:00,128.73,1600,128.19,E
sz301662,宏工科技,2025-10-10 09:45:24,128.21,3900,128.22,E
sz301662,宏工科技,2025-10-10 09:45:27,128.05,1900,128.21,D
sz301662,宏工科技,2025-10-10 09:45:30,128.0,3400,128.05,D
sz301662,宏工科技,2025-10-10 09:45:39,127.88,10400,128.05,D
sz301662,宏工科技,2025-10-10 09:45:42,127.84,5200,127.88,D
sz301662,宏工科技,2025-10-10 09:45:45,127.8,1700,127.84,D
sz301662,宏工科技,2025-10-10 09:45:48,127.8,1600,127.8,D
sz301662,宏工科技,2025-10-10 09:46:27,128.0,1900,128.0,D
sz301662,宏工科技,2025-10-10 09:46:39,128.0,4900,128.02,D
sz301662,宏工科技,2025-10-10 09:46:42,127.84,6300,128.0,D
sz301662,宏工科技,2025-10-10 09:46:48,127.82,1600,127.84,D
sz301662,宏工科技,2025-10-10 09:46:51,127.8,2300,127.82,D
sz301662,宏工科技,2025-10-10 09:47:03,127.77,2600,127.8,D
sz301662,宏工科技,2025-10-10 09:47:09,127.69,12500,127.82,D
sz301662,宏工科技,2025-10-10 09:47:12,127.69,2100,127.69,U
sz301662,宏工科技,2025-10-10 09:47:15,127.6,3800,127.69,D
sz301662,宏工科技,2025-10-10 09:47:42,127.91,2300,127.91,U
sz301662,宏工科技,2025-10-10 09:47:45,127.92,1900,127.91,U
sz301662,宏工科技,2025-10-10 09:48:03,127.9,10600,127.92,D
sz301662,宏工科技,2025-10-10 09:48:09,127.36,20700,127.89,D
sz301662,宏工科技,2025-10-10 09:48:12,126.62,29800,127.36,D
sz301662,宏工科技,2025-10-10 09:48:15,126.61,2200,126.62,U
sz301662,宏工科技,2025-10-10 09:48:21,126.07,4300,126.6,E
sz301662,宏工科技,2025-10-10 09:48:24,126.8,2800,126.07,U
sz301662,宏工科技,2025-10-10 09:48:36,126.8,1700,126.8,D
sz301662,宏工科技,2025-10-10 09:48:45,126.78,2400,126.78,U
sz301662,宏工科技,2025-10-10 09:48:48,126.79,2100,126.78,U
sz301662,宏工科技,2025-10-10 09:48:51,126.1,7800,126.79,D
sz301662,宏工科技,2025-10-10 09:49:06,126.18,3000,126.31,D
sz301662,宏工科技,2025-10-10 09:49:12,126.78,3800,126.77,U
sz301662,宏工科技,2025-10-10 09:49:51,127.51,5800,127.5,E
sz301662,宏工科技,2025-10-10 09:50:00,127.42,3600,127.6,D
sz301662,宏工科技,2025-10-10 09:50:03,127.75,4900,127.42,U
sz301662,宏工科技,2025-10-10 09:50:18,127.75,3200,127.8,D
sz301662,宏工科技,2025-10-10 09:50:21,127.79,1800,127.75,U
sz301662,宏工科技,2025-10-10 09:50:24,127.8,2600,127.79,U
sz301662,宏工科技,2025-10-10 09:50:30,127.81,2300,127.55,U
sz301662,宏工科技,2025-10-10 09:50:45,127.81,1600,127.8,U
sz301662,宏工科技,2025-10-10 09:50:48,127.7,1600,127.81,E
sz301662,宏工科技,2025-10-10 09:50:57,128.0,7700,127.7,U
sz301662,宏工科技,2025-10-10 09:51:06,127.65,4200,128.0,D
sz301662,宏工科技,2025-10-10 09:51:15,127.51,6500,127.71,D
sz301662,宏工科技,2025-10-10 09:51:18,127.51,2200,127.51,E
sz301662,宏工科技,2025-10-10 09:51:27,127.64,3000,127.51,U
sz301662,宏工科技,2025-10-10 09:51:45,127.99,2100,127.75,U
sz301662,宏工科技,2025-10-10 09:52:00,127.98,2300,127.98,U
sz301662,宏工科技,2025-10-10 09:52:12,127.69,2100,127.98,D
sz301662,宏工科技,2025-10-10 09:52:18,127.94,2000,127.69,U
sz301662,宏工科技,2025-10-10 09:52:42,127.58,7800,127.73,D
sz301662,宏工科技,2025-10-10 09:52:45,127.56,3500,127.58,D
sz301662,宏工科技,2025-10-10 09:52:51,127.5,2000,127.51,D
sz301662,宏工科技,2025-10-10 09:53:51,127.55,2300,127.55,D
sz301662,宏工科技,2025-10-10 09:53:57,127.55,1600,127.55,U
sz301662,宏工科技,2025-10-10 09:54:21,127.55,2400,127.5,U
sz301662,宏工科技,2025-10-10 09:54:24,127.55,2000,127.55,U
sz301662,宏工科技,2025-10-10 09:54:42,127.7,2300,127.55,U
sz301662,宏工科技,2025-10-10 09:55:12,127.45,3400,127.55,D
sz301662,宏工科技,2025-10-10 09:56:03,127.21,9400,127.46,D
sz301662,宏工科技,2025-10-10 09:56:27,127.08,4000,127.01,E
sz301662,宏工科技,2025-10-10 09:56:33,127.73,1700,127.73,U
sz301662,宏工科技,2025-10-10 09:57:00,127.11,2300,127.6,D
sz301662,宏工科技,2025-10-10 09:57:39,127.57,1600,127.69,D
sz301662,宏工科技,2025-10-10 09:58:00,127.17,3400,127.17,D
sz301662,宏工科技,2025-10-10 09:58:06,127.57,1600,127.17,U
sz301662,宏工科技,2025-10-10 09:58:09,127.57,1800,127.57,D
sz301662,宏工科技,2025-10-10 09:58:18,127.55,2000,127.57,D
sz301662,宏工科技,2025-10-10 09:58:21,127.61,2000,127.55,U
sz301662,宏工科技,2025-10-10 09:58:48,127.52,7500,127.3,U
sz301662,宏工科技,2025-10-10 09:59:00,127.31,3000,127.52,D
sz301662,宏工科技,2025-10-10 09:59:18,127.33,3100,127.52,D
sz301662,宏工科技,2025-10-10 09:59:45,127.34,2900,127.4,D
sz301662,宏工科技,2025-10-10 10:00:00,127.3,2300,127.34,D
sz301662,宏工科技,2025-10-10 10:00:03,127.17,2000,127.3,D
sz301662,宏工科技,2025-10-10 10:00:15,127.11,2100,127.21,D
sz301662,宏工科技,2025-10-10 10:01:12,127.07,3400,127.08,D
sz301662,宏工科技,2025-10-10 10:01:39,127.62,4200,127.59,U
sz301662,宏工科技,2025-10-10 10:01:42,127.73,2500,127.62,U
sz301662,宏工科技,2025-10-10 10:01:57,127.96,1600,127.86,U
sz301662,宏工科技,2025-10-10 10:03:03,127.22,1600,127.55,D
sz301662,宏工科技,2025-10-10 10:03:51,127.01,10400,127.21,D
sz301662,宏工科技,2025-10-10 10:03:54,127.01,1800,127.01,D
sz301662,宏工科技,2025-10-10 10:04:03,127.21,2400,127.04,E
sz301662,宏工科技,2025-10-10 10:04:24,127.03,2000,127.03,D
sz301662,宏工科技,2025-10-10 10:05:03,127.03,1900,127.03,D
sz301662,宏工科技,2025-10-10 10:05:33,127.01,2000,127.02,D
sz301662,宏工科技,2025-10-10 10:06:03,127.01,1800,127.02,D
sz301662,宏工科技,2025-10-10 10:06:27,127.01,1600,127.02,D
sz301662,宏工科技,2025-10-10 10:07:15,127.01,2100,127.02,D
sz301662,宏工科技,2025-10-10 10:07:27,126.77,11600,127.0,D
sz301662,宏工科技,2025-10-10 10:08:00,126.51,3100,126.51,D
sz301662,宏工科技,2025-10-10 10:08:03,126.5,1700,126.51,D
sz301662,宏工科技,2025-10-10 10:08:39,126.51,2800,126.51,U
sz301662,宏工科技,2025-10-10 10:08:48,126.51,2400,126.51,D
sz301662,宏工科技,2025-10-10 10:09:03,126.54,1900,126.82,D
sz301662,宏工科技,2025-10-10 10:10:21,126.95,1700,127.27,D
sz301662,宏工科技,2025-10-10 10:11:00,126.54,3300,126.54,D
sz301662,宏工科技,2025-10-10 10:11:39,126.94,1700,126.9,U
sz301662,宏工科技,2025-10-10 10:11:45,126.9,2900,126.95,D
sz301662,宏工科技,2025-10-10 10:12:06,126.81,2400,126.8,E
sz301662,宏工科技,2025-10-10 10:12:12,126.54,1600,126.81,D
sz301662,宏工科技,2025-10-10 10:13:03,126.5,5000,126.55,D
sz301662,宏工科技,2025-10-10 10:15:03,126.58,1700,126.52,E
sz301662,宏工科技,2025-10-10 10:15:09,126.28,23000,126.58,D
sz301662,宏工科技,2025-10-10 10:15:12,126.18,31100,126.28,D
sz301662,宏工科技,2025-10-10 10:15:24,126.08,2400,126.08,D
sz301662,宏工科技,2025-10-10 10:15:30,126.07,1700,126.09,D
sz301662,宏工科技,2025-10-10 10:15:33,126.02,1800,126.07,D
sz301662,宏工科技,2025-10-10 10:15:39,126.01,4500,126.02,D
sz301662,宏工科技,2025-10-10 10:15:45,126.02,2000,126.02,U
sz301662,宏工科技,2025-10-10 10:15:51,126.02,2200,126.0,U
sz301662,宏工科技,2025-10-10 10:16:03,126.0,6800,126.02,D
sz301662,宏工科技,2025-10-10 10:16:12,126.0,5000,126.01,D
sz301662,宏工科技,2025-10-10 10:17:15,126.06,3500,126.03,U
sz301662,宏工科技,2025-10-10 10:17:36,126.03,4900,126.04,D
sz301662,宏工科技,2025-10-10 10:18:03,126.22,1600,126.16,U
sz301662,宏工科技,2025-10-10 10:20:21,126.25,4000,126.76,D
sz301662,宏工科技,2025-10-10 10:23:21,126.5,2600,126.5,D
sz301662,宏工科技,2025-10-10 10:23:36,126.33,2600,126.5,D
sz301662,宏工科技,2025-10-10 10:23:57,126.36,2000,126.33,U
sz301662,宏工科技,2025-10-10 10:24:06,126.33,2500,126.6,D
sz301662,宏工科技,2025-10-10 10:24:21,126.34,2500,126.33,E
sz301662,宏工科技,2025-10-10 10:24:36,126.34,3100,126.87,D
sz301662,宏工科技,2025-10-10 10:24:51,126.34,2500,126.87,D
sz301662,宏工科技,2025-10-10 10:25:06,126.36,2400,126.34,E
sz301662,宏工科技,2025-10-10 10:25:36,126.9,5200,126.98,D
sz301662,宏工科技,2025-10-10 10:29:51,127.83,3600,127.96,D
sz301662,宏工科技,2025-10-10 10:29:57,127.79,2500,127.79,U
sz301662,宏工科技,2025-10-10 10:34:24,127.4,4800,127.66,D
sz301662,宏工科技,2025-10-10 10:35:06,127.47,9100,127.47,D
sz301662,宏工科技,2025-10-10 10:35:09,127.47,1800,127.47,D
sz301662,宏工科技,2025-10-10 10:38:45,127.14,1600,127.3,D
sz301662,宏工科技,2025-10-10 10:42:03,126.95,8900,127.0,D
sz301662,宏工科技,2025-10-10 10:45:27,126.3,4100,126.5,D
sz301662,宏工科技,2025-10-10 10:54:06,126.62,2000,126.8,D
sz301662,宏工科技,2025-10-10 10:54:57,126.63,3100,126.61,U
sz301662,宏工科技,2025-10-10 10:59:06,126.62,2500,126.63,D
sz301662,宏工科技,2025-10-10 11:04:39,126.21,2600,126.24,D
sz301662,宏工科技,2025-10-10 11:23:06,126.27,2100,126.35,D
sz301662,宏工科技,2025-10-10 11:27:12,126.42,1800,126.42,U
sz301662,宏工科技,2025-10-10 13:00:00,126.36,6800,126.37,D
sz301662,宏工科技,2025-10-10 13:00:21,126.0,22300,126.24,D
sz301662,宏工科技,2025-10-10 13:00:24,126.31,3700,126.0,U
sz301662,宏工科技,2025-10-10 13:00:36,126.36,22300,126.32,U
sz301662,宏工科技,2025-10-10 13:01:09,127.32,2200,126.88,U
sz301662,宏工科技,2025-10-10 13:01:24,127.49,1900,127.45,U
sz301662,宏工科技,2025-10-10 13:01:27,128.37,3700,127.49,U
sz301662,宏工科技,2025-10-10 13:01:30,128.24,2300,128.37,D
sz301662,宏工科技,2025-10-10 13:01:39,128.82,4600,128.5,U
sz301662,宏工科技,2025-10-10 13:02:03,128.43,2900,128.43,D
sz301662,宏工科技,2025-10-10 13:02:21,128.0,2400,128.4,D
sz301662,宏工科技,2025-10-10 13:03:15,127.43,5200,127.64,D
sz301662,宏工科技,2025-10-10 13:04:15,127.0,9500,127.0,D
sz301662,宏工科技,2025-10-10 13:04:24,127.0,5000,127.0,D
sz301662,宏工科技,2025-10-10 13:05:51,126.57,4400,126.56,U
sz301662,宏工科技,2025-10-10 13:07:36,126.2,2000,126.22,D
sz301662,宏工科技,2025-10-10 13:07:51,126.22,1800,126.2,U
sz301662,宏工科技,2025-10-10 13:08:03,126.6,9700,126.21,U
sz301662,宏工科技,2025-10-10 13:08:27,126.62,2700,127.59,D
sz301662,宏工科技,2025-10-10 13:08:39,126.61,2000,126.62,U
sz301662,宏工科技,2025-10-10 13:08:48,126.62,4400,126.62,U
sz301662,宏工科技,2025-10-10 13:10:00,127.24,4000,127.23,U
sz301662,宏工科技,2025-10-10 13:12:39,127.65,1600,127.44,U
sz301662,宏工科技,2025-10-10 13:12:54,128.0,2100,127.69,U
sz301662,宏工科技,2025-10-10 13:14:18,127.4,2000,127.37,U
sz301662,宏工科技,2025-10-10 13:17:03,127.86,3800,128.0,D
sz301662,宏工科技,2025-10-10 13:19:36,127.7,2700,127.7,D
sz301662,宏工科技,2025-10-10 13:20:45,127.4,1700,127.65,D
sz301662,宏工科技,2025-10-10 13:48:12,126.95,2700,127.01,D
sz301662,宏工科技,2025-10-10 13:53:09,126.82,4000,126.84,D
sz301662,宏工科技,2025-10-10 13:57:06,126.73,2400,126.73,U
sz301662,宏工科技,2025-10-10 14:03:15,127.0,2800,127.0,D
sz301662,宏工科技,2025-10-10 14:11:15,127.15,2200,127.15,U
sz301662,宏工科技,2025-10-10 14:18:09,127.2,2200,127.22,D
sz301662,宏工科技,2025-10-10 14:18:36,127.2,4500,127.2,U
sz301662,宏工科技,2025-10-10 14:18:39,127.2,1700,127.2,U
sz301662,宏工科技,2025-10-10 14:36:54,126.88,2200,126.88,D
sz301662,宏工科技,2025-10-10 14:39:03,126.7,1700,126.71,D
sz301662,宏工科技,2025-10-10 14:40:21,126.4,1700,126.51,D
sz301662,宏工科技,2025-10-10 14:40:45,126.37,2600,126.21,U
sz301662,宏工科技,2025-10-10 14:41:03,126.23,3800,126.23,D
sz301662,宏工科技,2025-10-10 14:41:06,126.2,1900,126.23,D
sz301662,宏工科技,2025-10-10 14:41:24,126.18,2100,126.21,D
sz301662,宏工科技,2025-10-10 14:41:57,126.22,1800,126.2,E
sz301662,宏工科技,2025-10-10 14:42:03,126.14,1700,126.2,D
sz301662,宏工科技,2025-10-10 14:44:24,126.01,3600,126.02,D
sz301662,宏工科技,2025-10-10 14:44:39,126.0,6800,126.01,D
sz301662,宏工科技,2025-10-10 14:45:06,126.0,5000,126.0,D
sz301662,宏工科技,2025-10-10 14:45:09,126.0,3300,126.0,D
sz301662,宏工科技,2025-10-10 14:45:27,126.0,3700,125.88,U
sz301662,宏工科技,2025-10-10 14:46:03,125.7,1800,125.89,D
sz301662,宏工科技,2025-10-10 14:48:30,125.81,2100,125.82,D
sz301662,宏工科技,2025-10-10 14:50:00,125.79,1786,125.78,U
sz301662,宏工科技,2025-10-10 14:51:00,125.7,3800,125.73,D
sz301662,宏工科技,2025-10-10 14:51:06,125.72,2000,125.69,U
sz301662,宏工科技,2025-10-10 14:51:15,125.68,1800,125.79,D
sz301662,宏工科技,2025-10-10 14:52:06,125.68,2300,125.65,U
sz301662,宏工科技,2025-10-10 14:52:09,125.68,2000,125.68,U
sz301662,宏工科技,2025-10-10 14:52:27,125.8,1800,125.78,U
sz301662,宏工科技,2025-10-10 14:52:45,125.99,2900,125.99,U
sz301662,宏工科技,2025-10-10 14:54:09,126.59,2000,126.56,U
sz301662,宏工科技,2025-10-10 14:55:57,125.86,1600,126.0,D
sz301662,宏工科技,2025-10-10 14:56:15,126.01,1700,125.95,U
sz301662,宏工科技,2025-10-10 14:56:18,126.06,1600,126.01,U
sz301662,宏工科技,2025-10-10 15:00:00,126.06,16800,126.06,U
