symbol,name,ticktime,price,volume,prev_price,kind
sz002243,力合科创,2025-09-25 09:25:00,9.51,113800,0.0,U
sz002243,力合科创,2025-09-25 09:30:00,9.5,46100,9.51,D
sz002243,力合科创,2025-09-25 09:30:03,9.5,83700,9.5,U
sz002243,力合科创,2025-09-25 09:30:18,9.47,22400,9.46,U
sz002243,力合科创,2025-09-25 09:30:21,9.46,28900,9.47,D
sz002243,力合科创,2025-09-25 09:30:27,9.46,35100,9.46,U
sz002243,力合科创,2025-09-25 09:30:33,9.46,36000,9.46,D
sz002243,力合科创,2025-09-25 09:30:36,9.47,28400,9.46,U
sz002243,力合科创,2025-09-25 09:30:39,9.46,32100,9.47,D
sz002243,力合科创,2025-09-25 09:30:48,9.45,28200,9.46,D
sz002243,力合科创,2025-09-25 09:31:00,9.47,58200,9.45,U
sz002243,力合科创,2025-09-25 09:31:03,9.48,28700,9.47,U
sz002243,力合科创,2025-09-25 09:31:09,9.48,20400,9.47,E
sz002243,力合科创,2025-09-25 09:31:24,9.48,29300,9.5,D
sz002243,力合科创,2025-09-25 09:32:00,9.49,24900,9.49,U
sz002243,力合科创,2025-09-25 09:32:09,9.49,39200,9.49,U
sz002243,力合科创,2025-09-25 09:32:18,9.47,68800,9.49,D
sz002243,力合科创,2025-09-25 09:32:24,9.48,30000,9.48,U
sz002243,力合科创,2025-09-25 09:32:48,9.5,97000,9.48,U
sz002243,力合科创,2025-09-25 09:33:27,9.48,46000,9.49,D
sz002243,力合科创,2025-09-25 09:33:42,9.47,28400,9.47,D
sz002243,力合科创,2025-09-25 09:33:45,9.47,39500,9.47,E
sz002243,力合科创,2025-09-25 09:33:54,9.45,57700,9.46,D
sz002243,力合科创,2025-09-25 09:33:57,9.45,72500,9.45,D
sz002243,力合科创,2025-09-25 09:34:03,9.45,39800,9.46,D
sz002243,力合科创,2025-09-25 09:34:51,9.46,22700,9.47,D
sz002243,力合科创,2025-09-25 09:35:18,9.48,66300,9.48,U
sz002243,力合科创,2025-09-25 09:35:21,9.47,84400,9.48,D
sz002243,力合科创,2025-09-25 09:35:33,9.48,85800,9.48,D
sz002243,力合科创,2025-09-25 09:35:51,9.48,26600,9.47,U
sz002243,力合科创,2025-09-25 09:36:12,9.49,35900,9.49,U
sz002243,力合科创,2025-09-25 09:36:24,9.5,23300,9.5,U
sz002243,力合科创,2025-09-25 09:36:27,9.5,20700,9.5,U
sz002243,力合科创,2025-09-25 09:36:45,9.49,44500,9.49,D
sz002243,力合科创,2025-09-25 09:36:54,9.49,29500,9.49,D
sz002243,力合科创,2025-09-25 09:37:03,9.5,39100,9.49,U
sz002243,力合科创,2025-09-25 09:37:45,9.48,62200,9.48,D
sz002243,力合科创,2025-09-25 09:38:00,9.47,38300,9.47,D
sz002243,力合科创,2025-09-25 09:38:45,9.46,73200,9.47,D
sz002243,力合科创,2025-09-25 09:39:03,9.46,31600,9.46,U
sz002243,力合科创,2025-09-25 09:39:39,9.47,69200,9.47,U
sz002243,力合科创,2025-09-25 09:40:51,9.49,81500,9.47,U
sz002243,力合科创,2025-09-25 09:41:18,9.48,28500,9.47,U
sz002243,力合科创,2025-09-25 09:41:30,9.48,25400,9.48,U
sz002243,力合科创,2025-09-25 09:41:33,9.47,125800,9.48,D
sz002243,力合科创,2025-09-25 09:41:42,9.48,52300,9.48,D
sz002243,力合科创,2025-09-25 09:41:54,9.48,62300,9.48,U
sz002243,力合科创,2025-09-25 09:42:24,9.47,107300,9.48,D
sz002243,力合科创,2025-09-25 09:43:15,9.47,49000,9.48,D
sz002243,力合科创,2025-09-25 09:43:30,9.46,96800,9.47,D
sz002243,力合科创,2025-09-25 09:43:54,9.48,51100,9.47,U
sz002243,力合科创,2025-09-25 09:44:09,9.47,23100,9.47,U
sz002243,力合科创,2025-09-25 09:44:12,9.47,70600,9.47,D
sz002243,力合科创,2025-09-25 09:44:42,9.46,39800,9.47,D
sz002243,力合科创,2025-09-25 09:45:18,9.46,88400,9.47,D
sz002243,力合科创,2025-09-25 09:45:39,9.46,35000,9.46,D
sz002243,力合科创,2025-09-25 09:46:18,9.46,124600,9.46,D
sz002243,力合科创,2025-09-25 09:46:30,9.46,114800,9.45,U
sz002243,力合科创,2025-09-25 09:46:54,9.45,70000,9.46,D
sz002243,力合科创,2025-09-25 09:47:06,9.45,33300,9.46,D
sz002243,力合科创,2025-09-25 09:47:36,9.45,64300,9.45,D
sz002243,力合科创,2025-09-25 09:47:48,9.45,42800,9.45,E
sz002243,力合科创,2025-09-25 09:47:54,9.45,32700,9.44,U
sz002243,力合科创,2025-09-25 09:48:15,9.46,21300,9.46,U
sz002243,力合科创,2025-09-25 09:48:21,9.45,24900,9.45,D
sz002243,力合科创,2025-09-25 09:49:21,9.45,34700,9.45,D
sz002243,力合科创,2025-09-25 09:49:24,9.46,28700,9.45,U
sz002243,力合科创,2025-09-25 09:49:45,9.45,214700,9.46,D
sz002243,力合科创,2025-09-25 09:50:00,9.45,61100,9.45,D
sz002243,力合科创,2025-09-25 09:50:09,9.46,26200,9.45,E
sz002243,力合科创,2025-09-25 09:50:30,9.46,39000,9.46,U
sz002243,力合科创,2025-09-25 09:52:30,9.45,155300,9.45,D
sz002243,力合科创,2025-09-25 09:52:42,9.45,42500,9.46,D
sz002243,力合科创,2025-09-25 09:52:45,9.46,40700,9.45,U
sz002243,力合科创,2025-09-25 09:52:48,9.45,61700,9.46,D
sz002243,力合科创,2025-09-25 09:54:00,9.45,83600,9.45,D
sz002243,力合科创,2025-09-25 09:54:06,9.45,33300,9.45,U
sz002243,力合科创,2025-09-25 09:54:36,9.45,30200,9.45,D
sz002243,力合科创,2025-09-25 09:54:57,9.44,186500,9.45,D
sz002243,力合科创,2025-09-25 09:55:18,9.44,29700,9.43,U
sz002243,力合科创,2025-09-25 09:55:42,9.44,23400,9.44,D
sz002243,力合科创,2025-09-25 09:56:24,9.45,60400,9.44,U
sz002243,力合科创,2025-09-25 09:57:24,9.45,28500,9.45,D
sz002243,力合科创,2025-09-25 09:57:48,9.43,263700,9.45,D
sz002243,力合科创,2025-09-25 09:58:03,9.43,48700,9.43,D
sz002243,力合科创,2025-09-25 09:58:06,9.43,41700,9.43,D
sz002243,力合科创,2025-09-25 09:58:09,9.43,167300,9.43,U
sz002243,力合科创,2025-09-25 09:58:21,9.42,32000,9.42,D
sz002243,力合科创,2025-09-25 09:58:24,9.43,21900,9.42,U
sz002243,力合科创,2025-09-25 09:58:45,9.42,46700,9.42,D
sz002243,力合科创,2025-09-25 09:59:30,9.44,49900,9.44,U
sz002243,力合科创,2025-09-25 09:59:51,9.43,66600,9.43,D
sz002243,力合科创,2025-09-25 10:00:03,9.42,21500,9.43,D
sz002243,力合科创,2025-09-25 10:00:42,9.43,30300,9.44,D
sz002243,力合科创,2025-09-25 10:01:00,9.43,25300,9.43,D
sz002243,力合科创,2025-09-25 10:01:06,9.42,20700,9.43,D
sz002243,力合科创,2025-09-25 10:01:24,9.44,40800,9.44,U
sz002243,力合科创,2025-09-25 10:01:48,9.44,74800,9.44,U
sz002243,力合科创,2025-09-25 10:03:00,9.44,25400,9.43,U
sz002243,力合科创,2025-09-25 10:03:24,9.44,39100,9.44,U
sz002243,力合科创,2025-09-25 10:04:06,9.46,74800,9.45,U
sz002243,力合科创,2025-09-25 10:05:30,9.44,43600,9.43,U
sz002243,力合科创,2025-09-25 10:07:33,9.43,40000,9.43,D
sz002243,力合科创,2025-09-25 10:07:36,9.43,20100,9.43,D
sz002243,力合科创,2025-09-25 10:07:45,9.42,169400,9.42,D
sz002243,力合科创,2025-09-25 10:08:00,9.42,30900,9.42,U
sz002243,力合科创,2025-09-25 10:08:57,9.42,70300,9.42,D
sz002243,力合科创,2025-09-25 10:09:03,9.43,24500,9.43,U
sz002243,力合科创,2025-09-25 10:09:09,9.43,42100,9.44,D
sz002243,力合科创,2025-09-25 10:09:54,9.47,52400,9.45,U
sz002243,力合科创,2025-09-25 10:10:06,9.47,25000,9.47,U
sz002243,力合科创,2025-09-25 10:10:15,9.47,51900,9.47,D
sz002243,力合科创,2025-09-25 10:10:27,9.47,32400,9.47,U
sz002243,力合科创,2025-09-25 10:11:06,9.46,37200,9.46,D
sz002243,力合科创,2025-09-25 10:12:12,9.46,20000,9.45,U
sz002243,力合科创,2025-09-25 10:13:15,9.46,20100,9.46,U
sz002243,力合科创,2025-09-25 10:13:18,9.46,36300,9.46,U
sz002243,力合科创,2025-09-25 10:15:00,9.47,147500,9.47,U
sz002243,力合科创,2025-09-25 10:15:45,9.47,103500,9.47,D
sz002243,力合科创,2025-09-25 10:15:54,9.47,45700,9.47,U
sz002243,力合科创,2025-09-25 10:15:57,9.45,52000,9.47,D
sz002243,力合科创,2025-09-25 10:16:21,9.48,78100,9.46,U
sz002243,力合科创,2025-09-25 10:16:42,9.48,34000,9.48,U
sz002243,力合科创,2025-09-25 10:17:06,9.48,69200,9.48,D
sz002243,力合科创,2025-09-25 10:17:39,9.48,20900,9.48,E
sz002243,力合科创,2025-09-25 10:17:51,9.48,73900,9.49,E
sz002243,力合科创,2025-09-25 10:18:27,9.49,27900,9.49,U
sz002243,力合科创,2025-09-25 10:19:45,9.46,117300,9.47,D
sz002243,力合科创,2025-09-25 10:20:12,9.47,75000,9.45,U
sz002243,力合科创,2025-09-25 10:22:54,9.47,29300,9.47,D
sz002243,力合科创,2025-09-25 10:24:18,9.45,52500,9.46,D
sz002243,力合科创,2025-09-25 10:24:57,9.44,43400,9.44,D
sz002243,力合科创,2025-09-25 10:25:18,9.44,21100,9.44,U
sz002243,力合科创,2025-09-25 10:26:06,9.44,20400,9.44,U
sz002243,力合科创,2025-09-25 10:26:27,9.45,91600,9.44,U
sz002243,力合科创,2025-09-25 10:27:09,9.44,28300,9.44,D
sz002243,力合科创,2025-09-25 10:27:39,9.43,141300,9.43,D
sz002243,力合科创,2025-09-25 10:28:06,9.43,54900,9.42,U
sz002243,力合科创,2025-09-25 10:28:48,9.44,43700,9.43,U
sz002243,力合科创,2025-09-25 10:28:54,9.44,26200,9.44,U
sz002243,力合科创,2025-09-25 10:31:33,9.44,23000,9.44,D
sz002243,力合科创,2025-09-25 10:32:33,9.44,303400,9.44,D
sz002243,力合科创,2025-09-25 10:33:00,9.44,23600,9.43,U
sz002243,力合科创,2025-09-25 10:34:51,9.44,28500,9.44,D
sz002243,力合科创,2025-09-25 10:36:12,9.45,20000,9.44,U
sz002243,力合科创,2025-09-25 10:38:09,9.44,21700,9.44,U
sz002243,力合科创,2025-09-25 10:39:39,9.44,45700,9.44,D
sz002243,力合科创,2025-09-25 10:40:09,9.44,20000,9.43,U
sz002243,力合科创,2025-09-25 10:40:21,9.44,23100,9.44,U
sz002243,力合科创,2025-09-25 10:41:33,9.43,188700,9.44,D
sz002243,力合科创,2025-09-25 10:41:45,9.42,96600,9.43,D
sz002243,力合科创,2025-09-25 10:42:00,9.43,20800,9.42,U
sz002243,力合科创,2025-09-25 10:42:45,9.43,81300,9.43,U
sz002243,力合科创,2025-09-25 10:42:48,9.43,20000,9.43,U
sz002243,力合科创,2025-09-25 10:45:30,9.42,20300,9.43,D
sz002243,力合科创,2025-09-25 10:45:57,9.42,228500,9.42,D
sz002243,力合科创,2025-09-25 10:46:15,9.41,328400,9.42,D
sz002243,力合科创,2025-09-25 10:46:21,9.41,30400,9.41,U
sz002243,力合科创,2025-09-25 10:46:36,9.4,254900,9.4,D
sz002243,力合科创,2025-09-25 10:46:39,9.4,43900,9.4,D
sz002243,力合科创,2025-09-25 10:46:45,9.4,86100,9.4,D
sz002243,力合科创,2025-09-25 10:46:51,9.4,79500,9.4,D
sz002243,力合科创,2025-09-25 10:47:09,9.4,47800,9.4,D
sz002243,力合科创,2025-09-25 10:47:18,9.41,20000,9.4,U
sz002243,力合科创,2025-09-25 10:48:18,9.4,33000,9.4,D
sz002243,力合科创,2025-09-25 10:49:06,9.41,27700,9.4,U
sz002243,力合科创,2025-09-25 10:52:21,9.4,56900,9.41,D
sz002243,力合科创,2025-09-25 10:52:33,9.41,30500,9.4,U
sz002243,力合科创,2025-09-25 10:54:09,9.4,26500,9.4,D
sz002243,力合科创,2025-09-25 10:54:42,9.4,31900,9.4,D
sz002243,力合科创,2025-09-25 10:55:33,9.41,75500,9.4,U
sz002243,力合科创,2025-09-25 10:56:30,9.4,20300,9.4,D
sz002243,力合科创,2025-09-25 10:58:03,9.41,26200,9.41,D
sz002243,力合科创,2025-09-25 10:58:12,9.41,27800,9.4,U
sz002243,力合科创,2025-09-25 10:59:45,9.44,44200,9.43,U
sz002243,力合科创,2025-09-25 10:59:48,9.46,68500,9.44,U
sz002243,力合科创,2025-09-25 11:02:30,9.43,22400,9.42,U
sz002243,力合科创,2025-09-25 11:04:57,9.44,20000,9.43,U
sz002243,力合科创,2025-09-25 11:09:21,9.44,30100,9.43,U
sz002243,力合科创,2025-09-25 11:11:30,9.43,64100,9.43,D
sz002243,力合科创,2025-09-25 11:11:33,9.42,28500,9.43,D
sz002243,力合科创,2025-09-25 11:17:03,9.41,23100,9.41,D
sz002243,力合科创,2025-09-25 11:22:51,9.41,39800,9.41,D
sz002243,力合科创,2025-09-25 11:24:48,9.42,30000,9.42,U
sz002243,力合科创,2025-09-25 11:27:51,9.42,20000,9.42,U
sz002243,力合科创,2025-09-25 11:29:12,9.41,112900,9.42,D
sz002243,力合科创,2025-09-25 13:00:00,9.41,215900,9.4,U
sz002243,力合科创,2025-09-25 13:00:03,9.43,34300,9.41,U
sz002243,力合科创,2025-09-25 13:02:15,9.41,64600,9.42,D
sz002243,力合科创,2025-09-25 13:03:06,9.4,32100,9.41,D
sz002243,力合科创,2025-09-25 13:03:42,9.4,76200,9.4,D
sz002243,力合科创,2025-09-25 13:03:54,9.39,129700,9.4,D
sz002243,力合科创,2025-09-25 13:05:00,9.41,28500,9.41,U
sz002243,力合科创,2025-09-25 13:06:12,9.4,31700,9.4,D
sz002243,力合科创,2025-09-25 13:08:12,9.4,81500,9.4,D
sz002243,力合科创,2025-09-25 13:09:51,9.4,43000,9.4,D
sz002243,力合科创,2025-09-25 13:09:54,9.4,23700,9.4,D
sz002243,力合科创,2025-09-25 13:10:03,9.38,79000,9.39,D
sz002243,力合科创,2025-09-25 13:10:21,9.38,104000,9.38,D
sz002243,力合科创,2025-09-25 13:10:27,9.38,36000,9.38,D
sz002243,力合科创,2025-09-25 13:10:45,9.37,41400,9.37,D
sz002243,力合科创,2025-09-25 13:11:42,9.38,20000,9.39,D
sz002243,力合科创,2025-09-25 13:12:21,9.38,20900,9.38,D
sz002243,力合科创,2025-09-25 13:12:39,9.37,72800,9.39,D
sz002243,力合科创,2025-09-25 13:12:57,9.38,21400,9.38,U
sz002243,力合科创,2025-09-25 13:13:54,9.36,130000,9.36,D
sz002243,力合科创,2025-09-25 13:14:12,9.37,25500,9.36,U
sz002243,力合科创,2025-09-25 13:16:33,9.38,44500,9.39,D
sz002243,力合科创,2025-09-25 13:17:00,9.37,282200,9.39,D
sz002243,力合科创,2025-09-25 13:17:03,9.39,162400,9.37,U
sz002243,力合科创,2025-09-25 13:19:36,9.36,20400,9.37,D
sz002243,力合科创,2025-09-25 13:21:03,9.38,50200,9.37,U
sz002243,力合科创,2025-09-25 13:21:30,9.39,24100,9.39,U
sz002243,力合科创,2025-09-25 13:23:09,9.37,30000,9.37,D
sz002243,力合科创,2025-09-25 13:24:06,9.37,50000,9.38,D
sz002243,力合科创,2025-09-25 13:27:39,9.38,22500,9.37,U
sz002243,力合科创,2025-09-25 13:28:00,9.39,25200,9.38,U
sz002243,力合科创,2025-09-25 13:28:51,9.39,22500,9.39,D
sz002243,力合科创,2025-09-25 13:30:33,9.38,25500,9.39,D
sz002243,力合科创,2025-09-25 13:31:45,9.39,31900,9.39,U
sz002243,力合科创,2025-09-25 13:32:27,9.39,35100,9.4,D
sz002243,力合科创,2025-09-25 13:32:57,9.38,40000,9.38,D
sz002243,力合科创,2025-09-25 13:33:18,9.38,21700,9.39,D
sz002243,力合科创,2025-09-25 13:34:09,9.38,33100,9.38,U
sz002243,力合科创,2025-09-25 13:34:18,9.38,60800,9.38,D
sz002243,力合科创,2025-09-25 13:35:00,9.39,24700,9.39,U
sz002243,力合科创,2025-09-25 13:35:48,9.4,21600,9.4,U
sz002243,力合科创,2025-09-25 13:36:06,9.4,32000,9.4,U
sz002243,力合科创,2025-09-25 13:46:03,9.4,107900,9.4,D
sz002243,力合科创,2025-09-25 13:46:18,9.4,27700,9.4,U
sz002243,力合科创,2025-09-25 13:52:00,9.4,23000,9.41,D
sz002243,力合科创,2025-09-25 13:52:42,9.4,23400,9.4,D
sz002243,力合科创,2025-09-25 13:53:00,9.4,53700,9.4,D
sz002243,力合科创,2025-09-25 13:58:12,9.4,21400,9.41,D
sz002243,力合科创,2025-09-25 13:58:39,9.4,20000,9.41,D
sz002243,力合科创,2025-09-25 14:00:06,9.4,33700,9.4,D
sz002243,力合科创,2025-09-25 14:01:03,9.4,20200,9.4,U
sz002243,力合科创,2025-09-25 14:03:51,9.39,57200,9.39,U
sz002243,力合科创,2025-09-25 14:04:48,9.38,59500,9.38,D
sz002243,力合科创,2025-09-25 14:06:15,9.39,23500,9.38,U
sz002243,力合科创,2025-09-25 14:07:06,9.38,56300,9.39,D
sz002243,力合科创,2025-09-25 14:09:15,9.37,41600,9.37,D
sz002243,力合科创,2025-09-25 14:09:18,9.38,24400,9.37,U
sz002243,力合科创,2025-09-25 14:09:57,9.38,23900,9.37,U
sz002243,力合科创,2025-09-25 14:11:00,9.39,24900,9.39,U
sz002243,力合科创,2025-09-25 14:12:09,9.38,20000,9.38,U
sz002243,力合科创,2025-09-25 14:16:00,9.37,25000,9.37,D
sz002243,力合科创,2025-09-25 14:16:06,9.37,34600,9.37,D
sz002243,力合科创,2025-09-25 14:16:09,9.36,45300,9.37,D
sz002243,力合科创,2025-09-25 14:16:45,9.37,34400,9.37,U
sz002243,力合科创,2025-09-25 14:19:36,9.36,36600,9.37,D
sz002243,力合科创,2025-09-25 14:23:54,9.38,30900,9.38,U
sz002243,力合科创,2025-09-25 14:25:06,9.38,33900,9.38,U
sz002243,力合科创,2025-09-25 14:27:06,9.4,44300,9.38,U
sz002243,力合科创,2025-09-25 14:27:54,9.39,28800,9.4,D
sz002243,力合科创,2025-09-25 14:31:27,9.39,36700,9.4,D
sz002243,力合科创,2025-09-25 14:32:18,9.38,62600,9.38,D
sz002243,力合科创,2025-09-25 14:32:30,9.37,26500,9.38,D
sz002243,力合科创,2025-09-25 14:35:45,9.38,28700,9.38,D
sz002243,力合科创,2025-09-25 14:36:00,9.38,22900,9.38,U
sz002243,力合科创,2025-09-25 14:39:57,9.38,20900,9.39,D
sz002243,力合科创,2025-09-25 14:40:51,9.38,29700,9.39,D
sz002243,力合科创,2025-09-25 14:40:54,9.38,43900,9.38,D
sz002243,力合科创,2025-09-25 14:41:15,9.39,140400,9.39,U
sz002243,力合科创,2025-09-25 14:42:09,9.38,35400,9.39,D
sz002243,力合科创,2025-09-25 14:45:12,9.38,46200,9.38,D
sz002243,力合科创,2025-09-25 14:45:15,9.38,30600,9.38,D
sz002243,力合科创,2025-09-25 14:45:36,9.37,27500,9.38,D
sz002243,力合科创,2025-09-25 14:48:48,9.37,77200,9.37,D
sz002243,力合科创,2025-09-25 14:51:15,9.38,41600,9.37,U
sz002243,力合科创,2025-09-25 14:52:30,9.37,21000,9.38,D
sz002243,力合科创,2025-09-25 14:53:00,9.37,33500,9.38,D
sz002243,力合科创,2025-09-25 14:54:21,9.38,32600,9.38,U
sz002243,力合科创,2025-09-25 14:55:30,9.37,50800,9.37,D
sz002243,力合科创,2025-09-25 14:56:09,9.37,48400,9.37,D
sz002243,力合科创,2025-09-25 14:56:12,9.37,85800,9.37,U
sz002243,力合科创,2025-09-25 15:00:00,9.38,301800,9.37,E
