symbol,name,ticktime,price,volume,prev_price,kind
sz002243,力合科创,2025-10-21 09:25:00,8.95,34700,0.0,E
sz002243,力合科创,2025-10-21 09:31:27,8.91,101200,8.91,D
sz002243,力合科创,2025-10-21 09:32:00,8.91,35400,8.91,U
sz002243,力合科创,2025-10-21 09:32:03,8.91,45900,8.91,U
sz002243,力合科创,2025-10-21 09:32:09,8.94,79100,8.92,U
sz002243,力合科创,2025-10-21 09:33:00,8.93,21200,8.92,U
sz002243,力合科创,2025-10-21 09:33:03,8.94,24900,8.93,U
sz002243,力合科创,2025-10-21 09:34:00,8.93,50000,8.94,D
sz002243,力合科创,2025-10-21 09:34:54,8.91,68300,8.92,D
sz002243,力合科创,2025-10-21 09:35:33,8.9,21200,8.89,U
sz002243,力合科创,2025-10-21 09:36:18,8.9,70300,8.89,U
sz002243,力合科创,2025-10-21 09:36:57,8.92,24800,8.92,U
sz002243,力合科创,2025-10-21 09:38:39,8.93,35300,8.93,D
sz002243,力合科创,2025-10-21 09:39:51,8.91,40800,8.93,D
sz002243,力合科创,2025-10-21 09:41:18,8.9,71400,8.9,D
sz002243,力合科创,2025-10-21 09:42:48,8.9,24000,8.89,U
sz002243,力合科创,2025-10-21 09:42:54,8.91,29200,8.9,U
sz002243,力合科创,2025-10-21 09:44:33,8.93,22300,8.92,U
sz002243,力合科创,2025-10-21 09:46:12,8.94,39200,8.94,U
sz002243,力合科创,2025-10-21 09:46:30,8.95,21300,8.95,U
sz002243,力合科创,2025-10-21 09:46:33,8.96,21900,8.95,U
sz002243,力合科创,2025-10-21 09:46:36,8.97,178000,8.96,U
sz002243,力合科创,2025-10-21 09:46:42,8.98,33800,8.96,U
sz002243,力合科创,2025-10-21 09:46:48,8.98,38000,8.98,U
sz002243,力合科创,2025-10-21 09:46:54,9.01,253700,8.98,U
sz002243,力合科创,2025-10-21 09:46:57,9.03,30700,9.01,U
sz002243,力合科创,2025-10-21 09:47:00,9.02,34200,9.03,E
sz002243,力合科创,2025-10-21 09:47:12,9.02,97300,9.01,U
sz002243,力合科创,2025-10-21 09:47:15,9.08,460500,9.02,U
sz002243,力合科创,2025-10-21 09:47:18,9.06,77900,9.08,D
sz002243,力合科创,2025-10-21 09:47:21,9.06,91900,9.06,E
sz002243,力合科创,2025-10-21 09:47:24,9.1,280800,9.06,U
sz002243,力合科创,2025-10-21 09:47:27,9.11,132500,9.1,U
sz002243,力合科创,2025-10-21 09:47:30,9.13,26900,9.11,E
sz002243,力合科创,2025-10-21 09:47:33,9.17,140800,9.13,U
sz002243,力合科创,2025-10-21 09:47:36,9.2,182000,9.17,U
sz002243,力合科创,2025-10-21 09:47:39,9.15,58800,9.2,D
sz002243,力合科创,2025-10-21 09:47:45,9.16,34900,9.16,U
sz002243,力合科创,2025-10-21 09:47:51,9.14,45500,9.14,U
sz002243,力合科创,2025-10-21 09:47:54,9.15,24200,9.14,U
sz002243,力合科创,2025-10-21 09:47:57,9.17,54500,9.15,U
sz002243,力合科创,2025-10-21 09:48:00,9.15,21000,9.17,D
sz002243,力合科创,2025-10-21 09:48:03,9.17,31200,9.15,U
sz002243,力合科创,2025-10-21 09:48:06,9.17,58000,9.17,U
sz002243,力合科创,2025-10-21 09:48:12,9.16,83500,9.16,U
sz002243,力合科创,2025-10-21 09:48:15,9.15,27700,9.16,D
sz002243,力合科创,2025-10-21 09:48:18,9.14,42300,9.15,D
sz002243,力合科创,2025-10-21 09:48:21,9.14,58300,9.14,U
sz002243,力合科创,2025-10-21 09:48:42,9.14,278700,9.12,U
sz002243,力合科创,2025-10-21 09:48:48,9.13,65900,9.14,D
sz002243,力合科创,2025-10-21 09:49:00,9.11,43400,9.13,D
sz002243,力合科创,2025-10-21 09:49:06,9.11,45900,9.11,U
sz002243,力合科创,2025-10-21 09:49:18,9.11,35100,9.1,U
sz002243,力合科创,2025-10-21 09:49:24,9.11,32300,9.11,U
sz002243,力合科创,2025-10-21 09:49:39,9.1,105200,9.1,D
sz002243,力合科创,2025-10-21 09:49:51,9.1,32300,9.1,D
sz002243,力合科创,2025-10-21 09:49:57,9.1,31900,9.1,U
sz002243,力合科创,2025-10-21 09:50:12,9.11,33400,9.1,U
sz002243,力合科创,2025-10-21 09:50:15,9.13,47898,9.11,U
sz002243,力合科创,2025-10-21 09:50:18,9.12,28202,9.13,D
sz002243,力合科创,2025-10-21 09:50:45,9.11,140800,9.11,U
sz002243,力合科创,2025-10-21 09:51:33,9.11,22900,9.11,U
sz002243,力合科创,2025-10-21 09:51:57,9.11,37800,9.11,D
sz002243,力合科创,2025-10-21 09:52:03,9.11,22900,9.11,D
sz002243,力合科创,2025-10-21 09:52:06,9.11,22700,9.11,U
sz002243,力合科创,2025-10-21 09:52:15,9.11,21298,9.11,D
sz002243,力合科创,2025-10-21 09:53:18,9.11,20000,9.12,D
sz002243,力合科创,2025-10-21 09:53:51,9.11,29700,9.12,D
sz002243,力合科创,2025-10-21 09:55:09,9.11,20600,9.12,D
sz002243,力合科创,2025-10-21 09:55:24,9.11,32000,9.12,D
sz002243,力合科创,2025-10-21 09:55:42,9.12,25300,9.11,U
sz002243,力合科创,2025-10-21 09:55:51,9.11,201600,9.11,D
sz002243,力合科创,2025-10-21 09:56:06,9.11,23600,9.11,U
sz002243,力合科创,2025-10-21 09:57:27,9.1,34400,9.1,D
sz002243,力合科创,2025-10-21 09:58:39,9.08,40900,9.09,D
sz002243,力合科创,2025-10-21 09:59:12,9.08,37300,9.07,U
sz002243,力合科创,2025-10-21 10:00:42,9.08,20800,9.07,U
sz002243,力合科创,2025-10-21 10:01:57,9.08,24000,9.07,U
sz002243,力合科创,2025-10-21 10:04:15,9.08,26100,9.07,U
sz002243,力合科创,2025-10-21 10:04:51,9.09,40100,9.09,U
sz002243,力合科创,2025-10-21 10:05:09,9.1,74700,9.1,U
sz002243,力合科创,2025-10-21 10:06:00,9.1,25500,9.1,U
sz002243,力合科创,2025-10-21 10:07:36,9.11,45700,9.1,U
sz002243,力合科创,2025-10-21 10:07:54,9.12,51300,9.11,U
sz002243,力合科创,2025-10-21 10:08:33,9.12,74600,9.12,U
sz002243,力合科创,2025-10-21 10:08:36,9.13,31200,9.12,U
sz002243,力合科创,2025-10-21 10:08:39,9.13,41800,9.13,U
sz002243,力合科创,2025-10-21 10:08:54,9.13,20000,9.13,U
sz002243,力合科创,2025-10-21 10:09:00,9.12,22700,9.13,D
sz002243,力合科创,2025-10-21 10:09:03,9.13,152300,9.12,U
sz002243,力合科创,2025-10-21 10:09:12,9.13,46700,9.14,E
sz002243,力合科创,2025-10-21 10:09:30,9.14,37700,9.13,U
sz002243,力合科创,2025-10-21 10:11:03,9.12,28900,9.12,U
sz002243,力合科创,2025-10-21 10:11:27,9.11,21400,9.12,D
sz002243,力合科创,2025-10-21 10:13:03,9.11,29000,9.11,U
sz002243,力合科创,2025-10-21 10:14:21,9.11,26900,9.11,D
sz002243,力合科创,2025-10-21 10:14:57,9.11,20700,9.12,D
sz002243,力合科创,2025-10-21 10:15:51,9.1,30000,9.11,D
sz002243,力合科创,2025-10-21 10:16:09,9.11,27600,9.1,U
sz002243,力合科创,2025-10-21 10:18:42,9.1,29100,9.11,D
sz002243,力合科创,2025-10-21 10:19:06,9.12,95300,9.11,U
sz002243,力合科创,2025-10-21 10:20:54,9.13,36000,9.13,U
sz002243,力合科创,2025-10-21 10:21:09,9.14,51500,9.13,U
sz002243,力合科创,2025-10-21 10:21:12,9.14,79100,9.14,U
sz002243,力合科创,2025-10-21 10:21:15,9.14,26600,9.14,U
sz002243,力合科创,2025-10-21 10:21:36,9.14,30000,9.14,D
sz002243,力合科创,2025-10-21 10:22:03,9.13,44100,9.14,D
sz002243,力合科创,2025-10-21 10:22:42,9.14,54000,9.13,U
sz002243,力合科创,2025-10-21 10:25:12,9.14,104200,9.13,U
sz002243,力合科创,2025-10-21 10:28:45,9.14,52600,9.13,U
sz002243,力合科创,2025-10-21 10:28:51,9.15,26400,9.14,U
sz002243,力合科创,2025-10-21 10:28:57,9.15,196800,9.15,U
sz002243,力合科创,2025-10-21 10:29:00,9.16,29300,9.15,U
sz002243,力合科创,2025-10-21 10:29:03,9.17,57000,9.16,U
sz002243,力合科创,2025-10-21 10:29:30,9.17,21800,9.17,U
sz002243,力合科创,2025-10-21 10:29:36,9.17,45100,9.16,U
sz002243,力合科创,2025-10-21 10:29:48,9.17,31800,9.17,U
sz002243,力合科创,2025-10-21 10:30:00,9.17,66000,9.16,U
sz002243,力合科创,2025-10-21 10:30:03,9.18,42600,9.17,U
sz002243,力合科创,2025-10-21 10:30:09,9.17,20000,9.18,D
sz002243,力合科创,2025-10-21 10:30:12,9.18,49900,9.17,U
sz002243,力合科创,2025-10-21 10:30:15,9.2,351100,9.18,U
sz002243,力合科创,2025-10-21 10:30:18,9.2,196800,9.2,U
sz002243,力合科创,2025-10-21 10:30:21,9.21,76100,9.2,U
sz002243,力合科创,2025-10-21 10:30:24,9.21,146000,9.21,U
sz002243,力合科创,2025-10-21 10:30:36,9.22,32500,9.22,U
sz002243,力合科创,2025-10-21 10:30:39,9.22,104800,9.22,U
sz002243,力合科创,2025-10-21 10:30:42,9.21,23000,9.22,D
sz002243,力合科创,2025-10-21 10:30:45,9.22,24000,9.21,D
sz002243,力合科创,2025-10-21 10:30:48,9.22,33100,9.22,U
sz002243,力合科创,2025-10-21 10:31:00,9.2,65400,9.21,D
sz002243,力合科创,2025-10-21 10:31:03,9.22,252500,9.2,U
sz002243,力合科创,2025-10-21 10:31:09,9.22,72700,9.21,U
sz002243,力合科创,2025-10-21 10:31:15,9.21,24500,9.21,D
sz002243,力合科创,2025-10-21 10:31:30,9.21,57300,9.21,U
sz002243,力合科创,2025-10-21 10:32:30,9.2,21800,9.2,D
sz002243,力合科创,2025-10-21 10:33:33,9.19,57500,9.19,U
sz002243,力合科创,2025-10-21 10:35:03,9.21,84600,9.19,U
sz002243,力合科创,2025-10-21 10:35:06,9.21,24400,9.21,U
sz002243,力合科创,2025-10-21 10:35:09,9.2,27300,9.21,D
sz002243,力合科创,2025-10-21 10:35:21,9.21,88300,9.2,U
sz002243,力合科创,2025-10-21 10:35:36,9.21,52700,9.21,U
sz002243,力合科创,2025-10-21 10:35:42,9.21,64500,9.21,U
sz002243,力合科创,2025-10-21 10:36:03,9.22,88700,9.21,U
sz002243,力合科创,2025-10-21 10:36:06,9.23,131100,9.22,U
sz002243,力合科创,2025-10-21 10:36:09,9.23,30100,9.23,U
sz002243,力合科创,2025-10-21 10:36:27,9.22,35900,9.23,D
sz002243,力合科创,2025-10-21 10:36:33,9.22,20600,9.22,U
sz002243,力合科创,2025-10-21 10:36:51,9.21,29400,9.22,D
sz002243,力合科创,2025-10-21 10:36:54,9.22,76900,9.21,U
sz002243,力合科创,2025-10-21 10:36:57,9.21,28100,9.22,D
sz002243,力合科创,2025-10-21 10:37:00,9.22,91700,9.21,U
sz002243,力合科创,2025-10-21 10:37:03,9.24,169400,9.22,U
sz002243,力合科创,2025-10-21 10:37:06,9.25,118900,9.24,U
sz002243,力合科创,2025-10-21 10:37:09,9.25,181600,9.25,U
sz002243,力合科创,2025-10-21 10:37:12,9.26,42900,9.25,U
sz002243,力合科创,2025-10-21 10:37:15,9.25,62000,9.26,D
sz002243,力合科创,2025-10-21 10:37:18,9.25,23000,9.25,D
sz002243,力合科创,2025-10-21 10:37:21,9.25,37500,9.25,D
sz002243,力合科创,2025-10-21 10:37:24,9.25,72600,9.25,U
sz002243,力合科创,2025-10-21 10:37:27,9.25,20900,9.25,D
sz002243,力合科创,2025-10-21 10:37:36,9.25,47200,9.25,U
sz002243,力合科创,2025-10-21 10:38:03,9.25,59900,9.24,U
sz002243,力合科创,2025-10-21 10:38:36,9.22,59300,9.24,D
sz002243,力合科创,2025-10-21 10:39:15,9.22,29600,9.22,D
sz002243,力合科创,2025-10-21 10:40:03,9.23,68900,9.22,U
sz002243,力合科创,2025-10-21 10:40:54,9.23,54300,9.23,U
sz002243,力合科创,2025-10-21 10:41:03,9.24,25800,9.23,U
sz002243,力合科创,2025-10-21 10:41:09,9.23,20900,9.23,D
sz002243,力合科创,2025-10-21 10:41:15,9.23,54600,9.23,U
sz002243,力合科创,2025-10-21 10:41:27,9.22,30000,9.23,D
sz002243,力合科创,2025-10-21 10:42:03,9.23,30700,9.22,U
sz002243,力合科创,2025-10-21 10:42:09,9.22,37900,9.23,D
sz002243,力合科创,2025-10-21 10:42:18,9.25,227400,9.23,U
sz002243,力合科创,2025-10-21 10:42:36,9.23,32200,9.25,D
sz002243,力合科创,2025-10-21 10:42:48,9.23,27400,9.23,U
sz002243,力合科创,2025-10-21 10:43:03,9.24,35500,9.22,U
sz002243,力合科创,2025-10-21 10:43:24,9.22,23600,9.23,D
sz002243,力合科创,2025-10-21 10:44:15,9.23,25400,9.24,D
sz002243,力合科创,2025-10-21 10:45:09,9.21,115700,9.23,D
sz002243,力合科创,2025-10-21 10:45:33,9.2,50000,9.21,D
sz002243,力合科创,2025-10-21 10:47:03,9.2,55100,9.21,D
sz002243,力合科创,2025-10-21 10:48:06,9.19,24100,9.2,D
sz002243,力合科创,2025-10-21 10:49:42,9.2,23900,9.2,U
sz002243,力合科创,2025-10-21 10:50:33,9.2,21000,9.2,U
sz002243,力合科创,2025-10-21 10:53:54,9.2,32400,9.2,U
sz002243,力合科创,2025-10-21 10:54:51,9.2,62800,9.2,U
sz002243,力合科创,2025-10-21 10:55:03,9.22,338800,9.2,U
sz002243,力合科创,2025-10-21 10:55:15,9.22,162000,9.22,U
sz002243,力合科创,2025-10-21 10:55:18,9.22,26500,9.22,D
sz002243,力合科创,2025-10-21 10:56:03,9.24,67200,9.21,U
sz002243,力合科创,2025-10-21 10:56:24,9.23,25500,9.23,U
sz002243,力合科创,2025-10-21 10:57:42,9.22,45800,9.22,D
sz002243,力合科创,2025-10-21 11:01:00,9.22,71400,9.22,U
sz002243,力合科创,2025-10-21 11:01:33,9.23,20400,9.23,U
sz002243,力合科创,2025-10-21 11:02:33,9.23,34400,9.24,D
sz002243,力合科创,2025-10-21 11:06:42,9.2,29900,9.21,D
sz002243,力合科创,2025-10-21 11:11:18,9.19,23200,9.2,D
sz002243,力合科创,2025-10-21 11:13:15,9.2,42600,9.19,U
sz002243,力合科创,2025-10-21 11:13:51,9.2,24300,9.2,U
sz002243,力合科创,2025-10-21 11:16:06,9.2,81400,9.2,D
sz002243,力合科创,2025-10-21 11:16:12,9.19,23500,9.2,D
sz002243,力合科创,2025-10-21 11:20:06,9.2,30100,9.21,D
sz002243,力合科创,2025-10-21 11:24:48,9.21,32200,9.22,D
sz002243,力合科创,2025-10-21 11:25:21,9.22,53000,9.22,U
sz002243,力合科创,2025-10-21 11:25:36,9.23,33300,9.22,U
sz002243,力合科创,2025-10-21 11:25:39,9.23,50400,9.23,U
sz002243,力合科创,2025-10-21 11:25:42,9.23,43400,9.23,U
sz002243,力合科创,2025-10-21 11:28:12,9.21,21700,9.23,D
sz002243,力合科创,2025-10-21 11:28:21,9.22,27200,9.22,U
sz002243,力合科创,2025-10-21 13:00:00,9.22,44400,9.22,D
sz002243,力合科创,2025-10-21 13:00:09,9.21,21600,9.21,D
sz002243,力合科创,2025-10-21 13:00:30,9.2,33600,9.21,D
sz002243,力合科创,2025-10-21 13:01:12,9.2,44500,9.21,D
sz002243,力合科创,2025-10-21 13:01:15,9.22,48400,9.2,U
sz002243,力合科创,2025-10-21 13:02:18,9.19,23300,9.19,D
sz002243,力合科创,2025-10-21 13:04:21,9.18,58700,9.19,D
sz002243,力合科创,2025-10-21 13:04:42,9.19,21000,9.19,U
sz002243,力合科创,2025-10-21 13:07:12,9.19,53800,9.19,D
sz002243,力合科创,2025-10-21 13:11:36,9.19,25600,9.2,D
sz002243,力合科创,2025-10-21 13:14:33,9.19,30200,9.19,D
sz002243,力合科创,2025-10-21 13:14:42,9.19,41600,9.19,D
sz002243,力合科创,2025-10-21 13:20:27,9.2,31100,9.2,E
sz002243,力合科创,2025-10-21 13:23:03,9.2,30800,9.21,D
sz002243,力合科创,2025-10-21 13:29:06,9.19,50200,9.19,D
sz002243,力合科创,2025-10-21 13:31:27,9.2,49500,9.19,U
sz002243,力合科创,2025-10-21 13:32:03,9.2,34800,9.2,U
sz002243,力合科创,2025-10-21 13:35:12,9.19,38500,9.19,D
sz002243,力合科创,2025-10-21 13:35:15,9.19,21400,9.19,D
sz002243,力合科创,2025-10-21 13:38:21,9.18,20700,9.19,D
sz002243,力合科创,2025-10-21 13:40:27,9.18,29800,9.18,D
sz002243,力合科创,2025-10-21 13:41:39,9.19,30000,9.18,U
sz002243,力合科创,2025-10-21 13:44:51,9.19,23600,9.2,D
sz002243,力合科创,2025-10-21 13:47:18,9.2,63200,9.2,U
sz002243,力合科创,2025-10-21 13:47:24,9.21,22300,9.21,U
sz002243,力合科创,2025-10-21 13:49:00,9.19,35200,9.2,D
sz002243,力合科创,2025-10-21 13:49:03,9.2,21600,9.19,U
sz002243,力合科创,2025-10-21 13:50:24,9.19,23000,9.19,D
sz002243,力合科创,2025-10-21 13:52:36,9.18,100000,9.19,D
sz002243,力合科创,2025-10-21 13:55:27,9.18,23100,9.18,D
sz002243,力合科创,2025-10-21 13:55:36,9.18,25100,9.18,D
sz002243,力合科创,2025-10-21 14:00:45,9.2,31100,9.2,U
sz002243,力合科创,2025-10-21 14:12:21,9.2,65000,9.21,D
sz002243,力合科创,2025-10-21 14:20:21,9.2,20300,9.2,U
sz002243,力合科创,2025-10-21 14:22:45,9.21,31200,9.2,U
sz002243,力合科创,2025-10-21 14:24:36,9.21,70000,9.2,U
sz002243,力合科创,2025-10-21 14:26:39,9.21,30600,9.21,U
sz002243,力合科创,2025-10-21 14:29:12,9.2,22300,9.2,D
sz002243,力合科创,2025-10-21 14:31:18,9.21,24900,9.21,U
sz002243,力合科创,2025-10-21 14:32:03,9.2,32600,9.2,D
sz002243,力合科创,2025-10-21 14:32:06,9.2,45600,9.2,D
sz002243,力合科创,2025-10-21 14:34:18,9.2,25100,9.2,D
sz002243,力合科创,2025-10-21 14:34:57,9.2,25600,9.2,D
sz002243,力合科创,2025-10-21 14:35:57,9.19,31400,9.2,D
sz002243,力合科创,2025-10-21 14:36:00,9.19,22100,9.19,D
sz002243,力合科创,2025-10-21 14:36:09,9.19,42200,9.19,D
sz002243,力合科创,2025-10-21 14:36:33,9.21,30400,9.2,U
sz002243,力合科创,2025-10-21 14:38:06,9.22,42000,9.21,U
sz002243,力合科创,2025-10-21 14:40:03,9.2,27900,9.21,D
sz002243,力合科创,2025-10-21 14:41:48,9.21,21800,9.22,D
sz002243,力合科创,2025-10-21 14:43:30,9.2,38200,9.21,D
sz002243,力合科创,2025-10-21 14:43:45,9.21,54200,9.21,U
sz002243,力合科创,2025-10-21 14:43:57,9.19,23400,9.2,D
sz002243,力合科创,2025-10-21 14:47:54,9.21,96500,9.21,D
sz002243,力合科创,2025-10-21 14:47:57,9.21,23100,9.21,U
sz002243,力合科创,2025-10-21 14:50:06,9.2,31800,9.2,D
sz002243,力合科创,2025-10-21 14:54:03,9.2,28200,9.2,D
sz002243,力合科创,2025-10-21 14:54:06,9.2,21400,9.2,D
sz002243,力合科创,2025-10-21 14:54:36,9.21,22000,9.21,U
sz002243,力合科创,2025-10-21 14:54:57,9.21,31500,9.21,U
sz002243,力合科创,2025-10-21 15:00:00,9.2,441300,9.2,D
