symbol,name,ticktime,price,volume,prev_price,kind
sz002243,力合科创,2025-09-17 09:25:00,9.16,60100,0.0,U
sz002243,力合科创,2025-09-17 09:30:03,9.17,81000,9.16,U
sz002243,力合科创,2025-09-17 09:30:06,9.16,28800,9.17,D
sz002243,力合科创,2025-09-17 09:30:24,9.16,36400,9.17,D
sz002243,力合科创,2025-09-17 09:31:06,9.16,29000,9.15,U
sz002243,力合科创,2025-09-17 09:34:33,9.13,20200,9.13,U
sz002243,力合科创,2025-09-17 09:36:00,9.13,20000,9.13,D
sz002243,力合科创,2025-09-17 09:36:03,9.14,47500,9.13,U
sz002243,力合科创,2025-09-17 09:36:30,9.15,70500,9.14,U
sz002243,力合科创,2025-09-17 09:37:15,9.13,63600,9.14,D
sz002243,力合科创,2025-09-17 09:38:33,9.14,21500,9.13,U
sz002243,力合科创,2025-09-17 09:40:06,9.15,25500,9.14,U
sz002243,力合科创,2025-09-17 09:40:24,9.14,25800,9.14,D
sz002243,力合科创,2025-09-17 09:42:36,9.15,24100,9.14,U
sz002243,力合科创,2025-09-17 09:42:39,9.15,109600,9.15,U
sz002243,力合科创,2025-09-17 09:45:51,9.16,44800,9.17,D
sz002243,力合科创,2025-09-17 09:46:12,9.16,27900,9.17,D
sz002243,力合科创,2025-09-17 09:48:42,9.16,21700,9.15,U
sz002243,力合科创,2025-09-17 09:48:54,9.18,82510,9.17,U
sz002243,力合科创,2025-09-17 09:49:09,9.18,20500,9.18,U
sz002243,力合科创,2025-09-17 09:49:36,9.17,47000,9.17,U
sz002243,力合科创,2025-09-17 09:49:42,9.2,122000,9.17,U
sz002243,力合科创,2025-09-17 09:50:57,9.19,67200,9.18,U
sz002243,力合科创,2025-09-17 09:51:00,9.18,21900,9.19,D
sz002243,力合科创,2025-09-17 09:52:06,9.18,28000,9.17,U
sz002243,力合科创,2025-09-17 09:52:51,9.18,29700,9.18,U
sz002243,力合科创,2025-09-17 09:53:06,9.18,21600,9.18,E
sz002243,力合科创,2025-09-17 09:53:48,9.18,41900,9.19,D
sz002243,力合科创,2025-09-17 09:53:54,9.18,20000,9.19,D
sz002243,力合科创,2025-09-17 09:57:03,9.18,76100,9.18,D
sz002243,力合科创,2025-09-17 09:59:06,9.18,34200,9.18,U
sz002243,力合科创,2025-09-17 10:00:03,9.16,37000,9.17,D
sz002243,力合科创,2025-09-17 10:00:39,9.17,26700,9.17,U
sz002243,力合科创,2025-09-17 10:01:39,9.19,125000,9.19,U
sz002243,力合科创,2025-09-17 10:01:51,9.2,218000,9.2,U
sz002243,力合科创,2025-09-17 10:02:06,9.21,31600,9.21,E
sz002243,力合科创,2025-09-17 10:02:09,9.22,36600,9.21,U
sz002243,力合科创,2025-09-17 10:02:51,9.21,21600,9.21,E
sz002243,力合科创,2025-09-17 10:03:24,9.22,31500,9.22,U
sz002243,力合科创,2025-09-17 10:03:48,9.22,29800,9.22,D
sz002243,力合科创,2025-09-17 10:04:00,9.22,50500,9.23,D
sz002243,力合科创,2025-09-17 10:04:03,9.22,24700,9.22,D
sz002243,力合科创,2025-09-17 10:04:06,9.21,93300,9.22,D
sz002243,力合科创,2025-09-17 10:04:09,9.23,71300,9.21,U
sz002243,力合科创,2025-09-17 10:04:18,9.23,77900,9.22,U
sz002243,力合科创,2025-09-17 10:04:21,9.24,136300,9.23,U
sz002243,力合科创,2025-09-17 10:04:24,9.25,40700,9.24,U
sz002243,力合科创,2025-09-17 10:04:27,9.25,44900,9.25,U
sz002243,力合科创,2025-09-17 10:04:30,9.25,60200,9.25,U
sz002243,力合科创,2025-09-17 10:04:36,9.26,35800,9.25,U
sz002243,力合科创,2025-09-17 10:04:45,9.26,49400,9.26,U
sz002243,力合科创,2025-09-17 10:04:51,9.26,45500,9.25,U
sz002243,力合科创,2025-09-17 10:04:57,9.25,41500,9.26,E
sz002243,力合科创,2025-09-17 10:05:00,9.22,52000,9.25,D
sz002243,力合科创,2025-09-17 10:05:15,9.24,26100,9.24,U
sz002243,力合科创,2025-09-17 10:05:27,9.24,20200,9.23,U
sz002243,力合科创,2025-09-17 10:06:12,9.22,20800,9.23,D
sz002243,力合科创,2025-09-17 10:06:24,9.22,26600,9.23,D
sz002243,力合科创,2025-09-17 10:07:00,9.21,33400,9.21,D
sz002243,力合科创,2025-09-17 10:07:30,9.21,104500,9.21,U
sz002243,力合科创,2025-09-17 10:08:03,9.21,30100,9.21,U
sz002243,力合科创,2025-09-17 10:08:21,9.22,20100,9.22,U
sz002243,力合科创,2025-09-17 10:08:33,9.22,25400,9.22,U
sz002243,力合科创,2025-09-17 10:08:39,9.21,336500,9.22,D
sz002243,力合科创,2025-09-17 10:09:27,9.2,20100,9.2,D
sz002243,力合科创,2025-09-17 10:09:36,9.2,21200,9.2,D
sz002243,力合科创,2025-09-17 10:11:42,9.19,102900,9.2,D
sz002243,力合科创,2025-09-17 10:11:51,9.18,98300,9.19,D
sz002243,力合科创,2025-09-17 10:14:09,9.19,38800,9.19,U
sz002243,力合科创,2025-09-17 10:14:12,9.19,26200,9.19,D
sz002243,力合科创,2025-09-17 10:18:18,9.21,25200,9.21,U
sz002243,力合科创,2025-09-17 10:18:27,9.2,28100,9.21,D
sz002243,力合科创,2025-09-17 10:21:57,9.19,29900,9.19,D
sz002243,力合科创,2025-09-17 10:22:30,9.19,22100,9.19,D
sz002243,力合科创,2025-09-17 10:23:03,9.18,103200,9.19,D
sz002243,力合科创,2025-09-17 10:24:21,9.18,79400,9.18,U
sz002243,力合科创,2025-09-17 10:25:15,9.18,74500,9.18,D
sz002243,力合科创,2025-09-17 10:25:30,9.17,20000,9.17,D
sz002243,力合科创,2025-09-17 10:26:06,9.16,26300,9.17,D
sz002243,力合科创,2025-09-17 10:27:00,9.16,27700,9.16,D
sz002243,力合科创,2025-09-17 10:31:27,9.16,38400,9.17,D
sz002243,力合科创,2025-09-17 10:34:21,9.16,26800,9.17,D
sz002243,力合科创,2025-09-17 10:35:03,9.16,44800,9.16,D
sz002243,力合科创,2025-09-17 10:38:27,9.16,21300,9.16,U
sz002243,力合科创,2025-09-17 10:40:00,9.16,21100,9.16,D
sz002243,力合科创,2025-09-17 10:44:48,9.17,20000,9.17,U
sz002243,力合科创,2025-09-17 10:47:00,9.18,20200,9.18,D
sz002243,力合科创,2025-09-17 10:50:06,9.18,20200,9.19,D
sz002243,力合科创,2025-09-17 10:50:42,9.19,29100,9.19,U
sz002243,力合科创,2025-09-17 10:56:36,9.19,52800,9.19,D
sz002243,力合科创,2025-09-17 10:59:09,9.2,23800,9.2,U
sz002243,力合科创,2025-09-17 10:59:24,9.2,25100,9.2,U
sz002243,力合科创,2025-09-17 11:00:15,9.21,42400,9.21,U
sz002243,力合科创,2025-09-17 11:02:12,9.2,36200,9.2,D
sz002243,力合科创,2025-09-17 11:03:00,9.2,20300,9.19,U
sz002243,力合科创,2025-09-17 11:04:36,9.22,66800,9.21,U
sz002243,力合科创,2025-09-17 11:05:12,9.21,21300,9.22,D
sz002243,力合科创,2025-09-17 11:05:15,9.22,23900,9.21,U
sz002243,力合科创,2025-09-17 11:06:06,9.23,21500,9.23,U
sz002243,力合科创,2025-09-17 11:06:12,9.23,25200,9.23,U
sz002243,力合科创,2025-09-17 11:06:54,9.23,34400,9.23,D
sz002243,力合科创,2025-09-17 11:08:12,9.22,79700,9.22,D
sz002243,力合科创,2025-09-17 11:10:36,9.22,21000,9.21,U
sz002243,力合科创,2025-09-17 11:11:30,9.22,40900,9.22,D
sz002243,力合科创,2025-09-17 11:11:45,9.23,31000,9.22,U
sz002243,力合科创,2025-09-17 11:12:18,9.22,31300,9.22,U
sz002243,力合科创,2025-09-17 11:12:45,9.25,250700,9.22,U
sz002243,力合科创,2025-09-17 11:13:30,9.24,35100,9.24,D
sz002243,力合科创,2025-09-17 11:13:42,9.24,50000,9.24,U
sz002243,力合科创,2025-09-17 11:22:24,9.24,88400,9.23,U
sz002243,力合科创,2025-09-17 11:24:03,9.25,36800,9.24,U
sz002243,力合科创,2025-09-17 11:24:30,9.25,27300,9.24,U
sz002243,力合科创,2025-09-17 11:24:36,9.25,21400,9.25,U
sz002243,力合科创,2025-09-17 11:24:42,9.25,21500,9.25,U
sz002243,力合科创,2025-09-17 11:26:06,9.24,42900,9.24,D
sz002243,力合科创,2025-09-17 13:00:00,9.23,29100,9.23,D
sz002243,力合科创,2025-09-17 13:00:03,9.24,134600,9.23,U
sz002243,力合科创,2025-09-17 13:00:33,9.23,20000,9.24,D
sz002243,力合科创,2025-09-17 13:02:15,9.23,44100,9.23,D
sz002243,力合科创,2025-09-17 13:02:33,9.23,29500,9.23,D
sz002243,力合科创,2025-09-17 13:03:18,9.25,44600,9.24,U
sz002243,力合科创,2025-09-17 13:03:48,9.25,21700,9.25,U
sz002243,力合科创,2025-09-17 13:04:06,9.24,32500,9.25,D
sz002243,力合科创,2025-09-17 13:04:48,9.24,27400,9.24,D
sz002243,力合科创,2025-09-17 13:05:15,9.27,304000,9.25,U
sz002243,力合科创,2025-09-17 13:05:18,9.28,24500,9.27,U
sz002243,力合科创,2025-09-17 13:05:51,9.27,22700,9.26,U
sz002243,力合科创,2025-09-17 13:06:48,9.27,54000,9.26,U
sz002243,力合科创,2025-09-17 13:06:51,9.29,104800,9.27,U
sz002243,力合科创,2025-09-17 13:06:57,9.29,28900,9.29,U
sz002243,力合科创,2025-09-17 13:07:27,9.28,21000,9.27,U
sz002243,力合科创,2025-09-17 13:08:00,9.27,61200,9.27,D
sz002243,力合科创,2025-09-17 13:08:12,9.26,45100,9.27,D
sz002243,力合科创,2025-09-17 13:08:48,9.26,30100,9.26,D
sz002243,力合科创,2025-09-17 13:10:12,9.26,30700,9.27,D
sz002243,力合科创,2025-09-17 13:12:24,9.26,35900,9.26,D
sz002243,力合科创,2025-09-17 13:12:48,9.25,24000,9.26,D
sz002243,力合科创,2025-09-17 13:16:15,9.25,33900,9.25,D
sz002243,力合科创,2025-09-17 13:16:42,9.25,46600,9.25,D
sz002243,力合科创,2025-09-17 13:19:00,9.24,53900,9.24,D
sz002243,力合科创,2025-09-17 13:21:03,9.25,102300,9.24,U
sz002243,力合科创,2025-09-17 13:21:51,9.26,23600,9.26,U
sz002243,力合科创,2025-09-17 13:22:00,9.26,52600,9.26,U
sz002243,力合科创,2025-09-17 13:22:06,9.27,49400,9.26,U
sz002243,力合科创,2025-09-17 13:23:15,9.25,57600,9.26,D
sz002243,力合科创,2025-09-17 13:25:06,9.25,28600,9.26,D
sz002243,力合科创,2025-09-17 13:25:57,9.25,27700,9.25,D
sz002243,力合科创,2025-09-17 13:26:54,9.25,34300,9.25,U
sz002243,力合科创,2025-09-17 13:28:06,9.25,35700,9.26,D
sz002243,力合科创,2025-09-17 13:28:45,9.25,140600,9.25,U
sz002243,力合科创,2025-09-17 13:28:57,9.25,48300,9.25,U
sz002243,力合科创,2025-09-17 13:29:06,9.25,27800,9.24,E
sz002243,力合科创,2025-09-17 13:29:24,9.24,36400,9.24,D
sz002243,力合科创,2025-09-17 13:29:33,9.25,97600,9.24,U
sz002243,力合科创,2025-09-17 13:30:03,9.25,129700,9.24,U
sz002243,力合科创,2025-09-17 13:32:06,9.24,52500,9.24,D
sz002243,力合科创,2025-09-17 13:33:51,9.24,20000,9.24,U
sz002243,力合科创,2025-09-17 13:35:42,9.24,69400,9.23,U
sz002243,力合科创,2025-09-17 13:37:18,9.24,69400,9.24,D
sz002243,力合科创,2025-09-17 13:46:51,9.24,52600,9.23,U
sz002243,力合科创,2025-09-17 13:48:24,9.24,109600,9.23,U
sz002243,力合科创,2025-09-17 13:49:27,9.24,67700,9.25,D
sz002243,力合科创,2025-09-17 13:50:45,9.23,44500,9.23,D
sz002243,力合科创,2025-09-17 13:50:57,9.23,50200,9.23,D
sz002243,力合科创,2025-09-17 13:52:03,9.23,31000,9.23,D
sz002243,力合科创,2025-09-17 13:53:54,9.23,25000,9.24,D
sz002243,力合科创,2025-09-17 13:56:27,9.24,22100,9.24,U
sz002243,力合科创,2025-09-17 13:56:30,9.25,219700,9.24,U
sz002243,力合科创,2025-09-17 14:00:15,9.25,25400,9.24,U
sz002243,力合科创,2025-09-17 14:01:39,9.25,30200,9.24,U
sz002243,力合科创,2025-09-17 14:03:39,9.24,47800,9.24,D
sz002243,力合科创,2025-09-17 14:07:09,9.24,26600,9.23,U
sz002243,力合科创,2025-09-17 14:08:00,9.23,121600,9.24,D
sz002243,力合科创,2025-09-17 14:10:03,9.23,84200,9.23,U
sz002243,力合科创,2025-09-17 14:12:00,9.23,38700,9.23,U
sz002243,力合科创,2025-09-17 14:16:15,9.24,35700,9.24,U
sz002243,力合科创,2025-09-17 14:16:18,9.24,57700,9.24,U
sz002243,力合科创,2025-09-17 14:20:33,9.24,168800,9.24,D
sz002243,力合科创,2025-09-17 14:21:12,9.24,95700,9.23,U
sz002243,力合科创,2025-09-17 14:21:15,9.24,39000,9.24,D
sz002243,力合科创,2025-09-17 14:24:00,9.24,30200,9.24,D
sz002243,力合科创,2025-09-17 14:26:24,9.25,196400,9.24,U
sz002243,力合科创,2025-09-17 14:27:06,9.26,139200,9.25,U
sz002243,力合科创,2025-09-17 14:27:18,9.27,79000,9.26,U
sz002243,力合科创,2025-09-17 14:27:21,9.27,34500,9.27,U
sz002243,力合科创,2025-09-17 14:27:42,9.28,103300,9.28,U
sz002243,力合科创,2025-09-17 14:27:45,9.28,23200,9.28,U
sz002243,力合科创,2025-09-17 14:27:48,9.27,31600,9.28,D
sz002243,力合科创,2025-09-17 14:27:57,9.27,67900,9.27,U
sz002243,力合科创,2025-09-17 14:28:36,9.26,121800,9.27,D
sz002243,力合科创,2025-09-17 14:30:21,9.26,48200,9.26,D
sz002243,力合科创,2025-09-17 14:30:24,9.26,21000,9.26,D
sz002243,力合科创,2025-09-17 14:33:39,9.26,45800,9.25,U
sz002243,力合科创,2025-09-17 14:33:54,9.26,66100,9.26,D
sz002243,力合科创,2025-09-17 14:35:15,9.26,21700,9.26,U
sz002243,力合科创,2025-09-17 14:35:18,9.24,854100,9.26,D
sz002243,力合科创,2025-09-17 14:39:12,9.24,20700,9.24,U
sz002243,力合科创,2025-09-17 14:40:06,9.24,33000,9.24,U
sz002243,力合科创,2025-09-17 14:42:33,9.25,80600,9.24,U
sz002243,力合科创,2025-09-17 14:42:39,9.26,52578,9.25,U
sz002243,力合科创,2025-09-17 14:42:45,9.27,215400,9.27,U
sz002243,力合科创,2025-09-17 14:42:54,9.28,190100,9.27,U
sz002243,力合科创,2025-09-17 14:44:21,9.27,50500,9.27,U
sz002243,力合科创,2025-09-17 14:44:48,9.26,20600,9.27,D
sz002243,力合科创,2025-09-17 14:47:12,9.26,38000,9.26,D
sz002243,力合科创,2025-09-17 14:48:30,9.26,28500,9.26,D
sz002243,力合科创,2025-09-17 14:48:36,9.26,21100,9.26,U
sz002243,力合科创,2025-09-17 14:49:06,9.27,39400,9.27,U
sz002243,力合科创,2025-09-17 14:49:15,9.27,39300,9.26,U
sz002243,力合科创,2025-09-17 14:50:09,9.27,56800,9.26,U
sz002243,力合科创,2025-09-17 14:50:24,9.27,23600,9.27,U
sz002243,力合科创,2025-09-17 14:50:30,9.27,29100,9.27,U
sz002243,力合科创,2025-09-17 14:51:09,9.27,20800,9.27,D
sz002243,力合科创,2025-09-17 14:52:54,9.27,23000,9.27,D
sz002243,力合科创,2025-09-17 14:53:03,9.28,51900,9.27,U
sz002243,力合科创,2025-09-17 14:53:06,9.27,24000,9.28,D
sz002243,力合科创,2025-09-17 14:53:24,9.27,30600,9.27,D
sz002243,力合科创,2025-09-17 14:53:30,9.27,28500,9.27,D
sz002243,力合科创,2025-09-17 14:55:06,9.28,47500,9.28,U
sz002243,力合科创,2025-09-17 14:55:21,9.28,69500,9.27,U
sz002243,力合科创,2025-09-17 14:55:57,9.27,53300,9.28,D
sz002243,力合科创,2025-09-17 14:56:15,9.28,57000,9.28,U
sz002243,力合科创,2025-09-17 14:56:18,9.28,42700,9.28,U
sz002243,力合科创,2025-09-17 14:56:24,9.28,20100,9.28,U
sz002243,力合科创,2025-09-17 14:56:27,9.28,22300,9.28,U
sz002243,力合科创,2025-09-17 14:56:33,9.28,94500,9.27,U
sz002243,力合科创,2025-09-17 14:56:42,9.29,103100,9.28,U
sz002243,力合科创,2025-09-17 14:56:57,9.29,31300,9.28,U
sz002243,力合科创,2025-09-17 14:57:00,9.29,29100,9.29,U
sz002243,力合科创,2025-09-17 15:00:00,9.29,331000,9.29,E
