symbol,name,ticktime,price,volume,prev_price,kind
sz002243,力合科创,2025-09-30 09:25:00,9.59,329200,0.0,U
sz002243,力合科创,2025-09-30 09:30:00,9.57,98100,9.59,D
sz002243,力合科创,2025-09-30 09:30:03,9.57,120400,9.57,U
sz002243,力合科创,2025-09-30 09:30:06,9.56,42900,9.57,D
sz002243,力合科创,2025-09-30 09:30:09,9.56,26400,9.56,U
sz002243,力合科创,2025-09-30 09:30:12,9.54,21500,9.56,D
sz002243,力合科创,2025-09-30 09:30:15,9.53,47000,9.54,D
sz002243,力合科创,2025-09-30 09:30:18,9.52,42000,9.53,D
sz002243,力合科创,2025-09-30 09:30:21,9.5,81500,9.52,D
sz002243,力合科创,2025-09-30 09:30:24,9.49,209800,9.5,D
sz002243,力合科创,2025-09-30 09:30:27,9.48,52400,9.49,D
sz002243,力合科创,2025-09-30 09:30:30,9.47,49300,9.48,D
sz002243,力合科创,2025-09-30 09:30:36,9.47,38500,9.46,U
sz002243,力合科创,2025-09-30 09:30:39,9.48,66800,9.47,U
sz002243,力合科创,2025-09-30 09:30:42,9.47,44000,9.48,D
sz002243,力合科创,2025-09-30 09:30:45,9.47,25800,9.47,D
sz002243,力合科创,2025-09-30 09:30:48,9.46,75100,9.47,D
sz002243,力合科创,2025-09-30 09:30:51,9.45,34600,9.46,D
sz002243,力合科创,2025-09-30 09:30:54,9.45,63100,9.45,D
sz002243,力合科创,2025-09-30 09:31:00,9.46,352200,9.46,D
sz002243,力合科创,2025-09-30 09:31:09,9.48,24700,9.48,U
sz002243,力合科创,2025-09-30 09:31:27,9.47,105500,9.47,D
sz002243,力合科创,2025-09-30 09:31:30,9.47,55600,9.47,U
sz002243,力合科创,2025-09-30 09:31:36,9.5,126600,9.48,U
sz002243,力合科创,2025-09-30 09:31:39,9.5,20100,9.5,U
sz002243,力合科创,2025-09-30 09:31:42,9.49,72300,9.5,D
sz002243,力合科创,2025-09-30 09:32:12,9.51,46900,9.51,U
sz002243,力合科创,2025-09-30 09:32:15,9.51,116900,9.51,D
sz002243,力合科创,2025-09-30 09:32:18,9.52,31400,9.51,U
sz002243,力合科创,2025-09-30 09:32:36,9.5,23800,9.5,D
sz002243,力合科创,2025-09-30 09:32:48,9.51,21800,9.5,U
sz002243,力合科创,2025-09-30 09:32:51,9.51,88200,9.51,U
sz002243,力合科创,2025-09-30 09:33:09,9.49,82300,9.49,D
sz002243,力合科创,2025-09-30 09:33:12,9.49,49900,9.49,U
sz002243,力合科创,2025-09-30 09:33:15,9.47,128100,9.49,D
sz002243,力合科创,2025-09-30 09:33:21,9.48,173400,9.47,U
sz002243,力合科创,2025-09-30 09:33:24,9.46,28500,9.48,D
sz002243,力合科创,2025-09-30 09:33:33,9.5,50000,9.47,U
sz002243,力合科创,2025-09-30 09:33:36,9.48,37100,9.5,D
sz002243,力合科创,2025-09-30 09:33:48,9.5,25900,9.48,U
sz002243,力合科创,2025-09-30 09:33:51,9.5,85900,9.5,D
sz002243,力合科创,2025-09-30 09:34:18,9.48,73100,9.48,E
sz002243,力合科创,2025-09-30 09:34:30,9.46,97900,9.47,D
sz002243,力合科创,2025-09-30 09:35:48,9.5,142400,9.5,U
sz002243,力合科创,2025-09-30 09:35:54,9.5,87500,9.52,D
sz002243,力合科创,2025-09-30 09:36:00,9.5,22300,9.5,D
sz002243,力合科创,2025-09-30 09:36:06,9.5,47500,9.51,D
sz002243,力合科创,2025-09-30 09:36:12,9.5,22800,9.5,U
sz002243,力合科创,2025-09-30 09:36:24,9.49,48300,9.5,D
sz002243,力合科创,2025-09-30 09:36:33,9.51,48700,9.49,U
sz002243,力合科创,2025-09-30 09:36:57,9.51,23200,9.52,D
sz002243,力合科创,2025-09-30 09:37:00,9.5,57000,9.51,D
sz002243,力合科创,2025-09-30 09:37:12,9.5,29700,9.51,D
sz002243,力合科创,2025-09-30 09:37:15,9.5,23800,9.5,D
sz002243,力合科创,2025-09-30 09:37:33,9.52,32700,9.51,U
sz002243,力合科创,2025-09-30 09:37:39,9.51,77500,9.52,E
sz002243,力合科创,2025-09-30 09:37:45,9.5,32600,9.52,D
sz002243,力合科创,2025-09-30 09:37:57,9.5,38800,9.5,U
sz002243,力合科创,2025-09-30 09:38:00,9.49,35000,9.5,D
sz002243,力合科创,2025-09-30 09:38:06,9.49,23200,9.49,U
sz002243,力合科创,2025-09-30 09:38:21,9.49,38300,9.49,U
sz002243,力合科创,2025-09-30 09:38:24,9.48,144300,9.49,D
sz002243,力合科创,2025-09-30 09:38:27,9.46,169500,9.48,D
sz002243,力合科创,2025-09-30 09:38:42,9.47,425100,9.47,U
sz002243,力合科创,2025-09-30 09:39:00,9.46,57200,9.47,D
sz002243,力合科创,2025-09-30 09:39:21,9.47,37700,9.48,D
sz002243,力合科创,2025-09-30 09:39:33,9.46,116700,9.47,D
sz002243,力合科创,2025-09-30 09:39:39,9.47,31700,9.47,D
sz002243,力合科创,2025-09-30 09:39:45,9.46,32100,9.47,D
sz002243,力合科创,2025-09-30 09:40:30,9.48,29500,9.47,U
sz002243,力合科创,2025-09-30 09:40:42,9.48,40700,9.48,D
sz002243,力合科创,2025-09-30 09:41:03,9.48,89900,9.48,U
sz002243,力合科创,2025-09-30 09:41:21,9.48,30500,9.48,D
sz002243,力合科创,2025-09-30 09:41:27,9.49,25900,9.49,U
sz002243,力合科创,2025-09-30 09:42:33,9.49,30900,9.49,U
sz002243,力合科创,2025-09-30 09:42:36,9.48,57000,9.49,D
sz002243,力合科创,2025-09-30 09:43:00,9.48,68100,9.49,D
sz002243,力合科创,2025-09-30 09:43:03,9.48,90100,9.48,U
sz002243,力合科创,2025-09-30 09:43:12,9.5,31500,9.48,U
sz002243,力合科创,2025-09-30 09:43:15,9.48,39900,9.5,D
sz002243,力合科创,2025-09-30 09:43:42,9.49,38700,9.49,D
sz002243,力合科创,2025-09-30 09:44:21,9.48,83100,9.49,D
sz002243,力合科创,2025-09-30 09:44:33,9.48,26800,9.47,U
sz002243,力合科创,2025-09-30 09:44:36,9.47,75600,9.48,D
sz002243,力合科创,2025-09-30 09:44:48,9.47,26800,9.47,D
sz002243,力合科创,2025-09-30 09:45:03,9.48,20100,9.48,U
sz002243,力合科创,2025-09-30 09:45:18,9.48,64000,9.48,U
sz002243,力合科创,2025-09-30 09:45:48,9.46,113000,9.47,D
sz002243,力合科创,2025-09-30 09:45:57,9.46,20900,9.46,D
sz002243,力合科创,2025-09-30 09:46:00,9.46,53000,9.46,D
sz002243,力合科创,2025-09-30 09:46:12,9.46,27900,9.45,U
sz002243,力合科创,2025-09-30 09:46:15,9.46,46000,9.46,D
sz002243,力合科创,2025-09-30 09:46:27,9.46,35200,9.46,D
sz002243,力合科创,2025-09-30 09:46:45,9.46,47500,9.46,D
sz002243,力合科创,2025-09-30 09:46:48,9.47,35600,9.46,U
sz002243,力合科创,2025-09-30 09:46:51,9.46,62800,9.47,D
sz002243,力合科创,2025-09-30 09:47:33,9.46,30300,9.46,D
sz002243,力合科创,2025-09-30 09:47:45,9.47,25900,9.46,U
sz002243,力合科创,2025-09-30 09:48:21,9.47,25400,9.47,D
sz002243,力合科创,2025-09-30 09:48:39,9.46,64500,9.46,D
sz002243,力合科创,2025-09-30 09:48:57,9.45,21600,9.46,D
sz002243,力合科创,2025-09-30 09:49:30,9.46,41800,9.46,D
sz002243,力合科创,2025-09-30 09:49:54,9.45,24000,9.45,D
sz002243,力合科创,2025-09-30 09:49:57,9.45,25800,9.45,D
sz002243,力合科创,2025-09-30 09:51:24,9.45,27000,9.45,D
sz002243,力合科创,2025-09-30 09:51:33,9.45,94500,9.45,D
sz002243,力合科创,2025-09-30 09:51:36,9.45,99400,9.45,D
sz002243,力合科创,2025-09-30 09:51:39,9.44,177700,9.45,D
sz002243,力合科创,2025-09-30 09:51:42,9.43,39400,9.44,D
sz002243,力合科创,2025-09-30 09:52:15,9.43,30800,9.43,D
sz002243,力合科创,2025-09-30 09:52:21,9.44,38400,9.44,U
sz002243,力合科创,2025-09-30 09:52:27,9.44,109200,9.44,D
sz002243,力合科创,2025-09-30 09:52:33,9.44,94300,9.45,D
sz002243,力合科创,2025-09-30 09:52:42,9.44,24000,9.44,U
sz002243,力合科创,2025-09-30 09:52:45,9.44,54300,9.44,U
sz002243,力合科创,2025-09-30 09:52:57,9.45,109300,9.45,U
sz002243,力合科创,2025-09-30 09:53:03,9.45,23600,9.45,D
sz002243,力合科创,2025-09-30 09:53:06,9.45,106000,9.45,D
sz002243,力合科创,2025-09-30 09:53:15,9.46,106300,9.45,U
sz002243,力合科创,2025-09-30 09:53:27,9.45,57300,9.46,D
sz002243,力合科创,2025-09-30 09:53:30,9.45,23100,9.45,D
sz002243,力合科创,2025-09-30 09:53:36,9.45,30300,9.44,U
sz002243,力合科创,2025-09-30 09:53:42,9.48,166900,9.45,U
sz002243,力合科创,2025-09-30 09:53:54,9.54,141700,9.49,U
sz002243,力合科创,2025-09-30 09:53:57,9.53,48200,9.54,U
sz002243,力合科创,2025-09-30 09:54:18,9.5,176200,9.51,D
sz002243,力合科创,2025-09-30 09:54:24,9.49,38800,9.49,D
sz002243,力合科创,2025-09-30 09:54:39,9.53,22500,9.52,U
sz002243,力合科创,2025-09-30 09:54:45,9.52,81100,9.52,U
sz002243,力合科创,2025-09-30 09:55:03,9.51,21600,9.51,D
sz002243,力合科创,2025-09-30 09:55:06,9.52,44600,9.51,U
sz002243,力合科创,2025-09-30 09:55:15,9.5,32000,9.52,D
sz002243,力合科创,2025-09-30 09:55:18,9.51,20900,9.5,U
sz002243,力合科创,2025-09-30 09:56:30,9.52,71800,9.5,U
sz002243,力合科创,2025-09-30 09:56:33,9.52,27900,9.52,U
sz002243,力合科创,2025-09-30 09:57:18,9.5,100900,9.5,D
sz002243,力合科创,2025-09-30 09:57:45,9.5,20100,9.51,D
sz002243,力合科创,2025-09-30 09:58:24,9.49,31600,9.5,D
sz002243,力合科创,2025-09-30 09:58:33,9.5,56300,9.49,U
sz002243,力合科创,2025-09-30 09:58:42,9.51,48900,9.51,U
sz002243,力合科创,2025-09-30 10:00:18,9.49,87800,9.5,D
sz002243,力合科创,2025-09-30 10:00:27,9.48,20700,9.5,D
sz002243,力合科创,2025-09-30 10:01:39,9.49,44300,9.49,D
sz002243,力合科创,2025-09-30 10:01:51,9.5,50033,9.49,U
sz002243,力合科创,2025-09-30 10:04:27,9.5,20000,9.5,D
sz002243,力合科创,2025-09-30 10:04:42,9.5,23200,9.51,D
sz002243,力合科创,2025-09-30 10:05:24,9.54,100900,9.52,U
sz002243,力合科创,2025-09-30 10:05:45,9.55,37000,9.54,U
sz002243,力合科创,2025-09-30 10:06:03,9.53,60500,9.53,D
sz002243,力合科创,2025-09-30 10:06:48,9.55,35000,9.54,U
sz002243,力合科创,2025-09-30 10:07:15,9.57,101800,9.54,U
sz002243,力合科创,2025-09-30 10:07:18,9.57,32200,9.57,U
sz002243,力合科创,2025-09-30 10:08:00,9.56,32700,9.56,U
sz002243,力合科创,2025-09-30 10:08:21,9.58,65300,9.56,U
sz002243,力合科创,2025-09-30 10:09:03,9.54,25300,9.54,D
sz002243,力合科创,2025-09-30 10:09:39,9.54,30000,9.54,U
sz002243,力合科创,2025-09-30 10:10:21,9.54,22600,9.54,U
sz002243,力合科创,2025-09-30 10:10:48,9.53,22900,9.54,D
sz002243,力合科创,2025-09-30 10:11:03,9.52,39200,9.53,D
sz002243,力合科创,2025-09-30 10:12:06,9.5,90000,9.51,D
sz002243,力合科创,2025-09-30 10:14:15,9.52,29100,9.52,U
sz002243,力合科创,2025-09-30 10:18:18,9.57,106000,9.54,U
sz002243,力合科创,2025-09-30 10:19:57,9.56,105100,9.54,U
sz002243,力合科创,2025-09-30 10:20:45,9.56,20200,9.57,D
sz002243,力合科创,2025-09-30 10:23:48,9.54,49500,9.55,D
sz002243,力合科创,2025-09-30 10:24:21,9.54,31000,9.54,U
sz002243,力合科创,2025-09-30 10:27:03,9.51,81200,9.52,D
sz002243,力合科创,2025-09-30 10:29:00,9.52,49200,9.52,U
sz002243,力合科创,2025-09-30 10:29:12,9.53,35900,9.52,U
sz002243,力合科创,2025-09-30 10:29:21,9.52,21100,9.53,D
sz002243,力合科创,2025-09-30 10:30:06,9.51,24000,9.52,D
sz002243,力合科创,2025-09-30 10:30:12,9.53,35300,9.51,U
sz002243,力合科创,2025-09-30 10:30:54,9.52,77200,9.53,D
sz002243,力合科创,2025-09-30 10:31:48,9.51,36600,9.52,D
sz002243,力合科创,2025-09-30 10:33:03,9.52,43500,9.52,D
sz002243,力合科创,2025-09-30 10:34:06,9.53,21900,9.51,U
sz002243,力合科创,2025-09-30 10:36:33,9.52,41400,9.52,D
sz002243,力合科创,2025-09-30 10:39:00,9.52,21000,9.53,D
sz002243,力合科创,2025-09-30 10:40:09,9.55,29300,9.54,U
sz002243,力合科创,2025-09-30 10:40:45,9.55,21700,9.55,U
sz002243,力合科创,2025-09-30 10:42:06,9.53,30300,9.53,D
sz002243,力合科创,2025-09-30 10:42:27,9.54,43000,9.53,U
sz002243,力合科创,2025-09-30 10:43:45,9.55,26300,9.53,U
sz002243,力合科创,2025-09-30 10:44:48,9.55,32900,9.55,D
sz002243,力合科创,2025-09-30 10:45:51,9.56,30000,9.57,D
sz002243,力合科创,2025-09-30 10:46:33,9.58,26500,9.57,U
sz002243,力合科创,2025-09-30 10:46:39,9.59,24400,9.58,U
sz002243,力合科创,2025-09-30 10:46:48,9.59,41600,9.58,U
sz002243,力合科创,2025-09-30 10:50:57,9.55,25500,9.56,D
sz002243,力合科创,2025-09-30 10:51:00,9.57,34800,9.55,U
sz002243,力合科创,2025-09-30 10:55:12,9.56,36800,9.56,D
sz002243,力合科创,2025-09-30 10:55:51,9.57,20700,9.57,U
sz002243,力合科创,2025-09-30 10:59:27,9.57,50200,9.57,U
sz002243,力合科创,2025-09-30 10:59:36,9.61,154600,9.58,U
sz002243,力合科创,2025-09-30 11:00:06,9.6,39900,9.6,D
sz002243,力合科创,2025-09-30 11:00:45,9.61,60100,9.6,U
sz002243,力合科创,2025-09-30 11:01:24,9.61,24300,9.6,U
sz002243,力合科创,2025-09-30 11:02:57,9.61,20000,9.6,U
sz002243,力合科创,2025-09-30 11:03:48,9.61,79800,9.61,D
sz002243,力合科创,2025-09-30 11:04:18,9.6,51700,9.61,D
sz002243,力合科创,2025-09-30 11:08:21,9.59,23600,9.59,D
sz002243,力合科创,2025-09-30 11:17:42,9.58,22700,9.58,U
sz002243,力合科创,2025-09-30 11:24:18,9.57,20000,9.58,D
sz002243,力合科创,2025-09-30 11:25:27,9.57,37500,9.58,D
sz002243,力合科创,2025-09-30 11:27:48,9.57,50900,9.56,U
sz002243,力合科创,2025-09-30 11:28:15,9.58,20000,9.57,U
sz002243,力合科创,2025-09-30 11:29:12,9.58,55700,9.58,U
sz002243,力合科创,2025-09-30 13:00:00,9.57,102000,9.56,U
sz002243,力合科创,2025-09-30 13:05:12,9.54,24400,9.54,D
sz002243,力合科创,2025-09-30 13:06:00,9.53,25200,9.54,D
sz002243,力合科创,2025-09-30 13:07:57,9.54,33800,9.54,D
sz002243,力合科创,2025-09-30 13:09:33,9.53,49500,9.55,D
sz002243,力合科创,2025-09-30 13:09:54,9.55,131300,9.54,U
sz002243,力合科创,2025-09-30 13:12:24,9.55,37600,9.54,U
sz002243,力合科创,2025-09-30 13:12:51,9.54,26600,9.55,D
sz002243,力合科创,2025-09-30 13:14:21,9.56,21600,9.55,U
sz002243,力合科创,2025-09-30 13:14:27,9.59,202300,9.56,U
sz002243,力合科创,2025-09-30 13:14:30,9.61,64500,9.59,U
sz002243,力合科创,2025-09-30 13:14:39,9.63,204600,9.62,U
sz002243,力合科创,2025-09-30 13:14:45,9.66,128000,9.63,U
sz002243,力合科创,2025-09-30 13:15:00,9.63,57800,9.65,D
sz002243,力合科创,2025-09-30 13:15:06,9.64,22100,9.64,U
sz002243,力合科创,2025-09-30 13:15:09,9.62,166200,9.64,D
sz002243,力合科创,2025-09-30 13:16:06,9.62,36700,9.62,U
sz002243,力合科创,2025-09-30 13:16:39,9.61,32500,9.62,D
sz002243,力合科创,2025-09-30 13:18:00,9.63,96900,9.63,U
sz002243,力合科创,2025-09-30 13:18:03,9.63,21400,9.63,U
sz002243,力合科创,2025-09-30 13:18:12,9.63,54300,9.63,U
sz002243,力合科创,2025-09-30 13:18:24,9.62,131100,9.62,U
sz002243,力合科创,2025-09-30 13:18:42,9.63,52800,9.62,U
sz002243,力合科创,2025-09-30 13:18:45,9.61,41900,9.63,D
sz002243,力合科创,2025-09-30 13:19:27,9.62,26100,9.62,D
sz002243,力合科创,2025-09-30 13:19:42,9.62,36500,9.62,U
sz002243,力合科创,2025-09-30 13:20:45,9.62,20000,9.61,U
sz002243,力合科创,2025-09-30 13:20:51,9.62,24100,9.62,U
sz002243,力合科创,2025-09-30 13:21:12,9.62,27800,9.62,D
sz002243,力合科创,2025-09-30 13:21:30,9.65,119600,9.63,U
sz002243,力合科创,2025-09-30 13:21:33,9.65,57200,9.65,U
sz002243,力合科创,2025-09-30 13:21:39,9.64,26400,9.65,D
sz002243,力合科创,2025-09-30 13:22:24,9.63,22200,9.64,D
sz002243,力合科创,2025-09-30 13:22:30,9.63,41700,9.63,D
sz002243,力合科创,2025-09-30 13:27:03,9.61,21300,9.62,D
sz002243,力合科创,2025-09-30 13:28:12,9.61,38800,9.62,D
sz002243,力合科创,2025-09-30 13:29:36,9.61,20100,9.61,U
sz002243,力合科创,2025-09-30 13:32:00,9.59,70500,9.61,D
sz002243,力合科创,2025-09-30 13:33:15,9.58,30400,9.58,U
sz002243,力合科创,2025-09-30 13:33:57,9.58,21800,9.57,U
sz002243,力合科创,2025-09-30 13:34:27,9.57,20800,9.58,D
sz002243,力合科创,2025-09-30 13:39:15,9.56,22400,9.56,D
sz002243,力合科创,2025-09-30 13:39:27,9.56,44900,9.57,D
sz002243,力合科创,2025-09-30 13:42:24,9.57,36600,9.58,D
sz002243,力合科创,2025-09-30 13:44:51,9.59,24500,9.59,U
sz002243,力合科创,2025-09-30 13:53:18,9.59,49200,9.58,U
sz002243,力合科创,2025-09-30 13:53:54,9.57,38400,9.57,D
sz002243,力合科创,2025-09-30 13:53:57,9.58,22900,9.57,U
sz002243,力合科创,2025-09-30 13:54:21,9.57,31500,9.58,D
sz002243,力合科创,2025-09-30 13:55:27,9.56,50000,9.57,D
sz002243,力合科创,2025-09-30 13:58:12,9.56,28200,9.56,D
sz002243,力合科创,2025-09-30 13:59:15,9.57,36700,9.56,U
sz002243,力合科创,2025-09-30 13:59:24,9.57,20300,9.57,D
sz002243,力合科创,2025-09-30 13:59:39,9.56,70000,9.57,D
sz002243,力合科创,2025-09-30 14:00:12,9.55,108700,9.56,D
sz002243,力合科创,2025-09-30 14:00:18,9.55,64200,9.55,U
sz002243,力合科创,2025-09-30 14:01:03,9.55,105600,9.55,D
sz002243,力合科创,2025-09-30 14:01:18,9.56,62000,9.56,U
sz002243,力合科创,2025-09-30 14:02:00,9.56,40300,9.55,U
sz002243,力合科创,2025-09-30 14:03:39,9.55,39800,9.56,D
sz002243,力合科创,2025-09-30 14:03:48,9.55,42100,9.56,D
sz002243,力合科创,2025-09-30 14:04:51,9.55,34900,9.55,U
sz002243,力合科创,2025-09-30 14:05:42,9.55,46200,9.56,D
sz002243,力合科创,2025-09-30 14:05:45,9.56,33800,9.55,U
sz002243,力合科创,2025-09-30 14:06:54,9.55,39100,9.56,D
sz002243,力合科创,2025-09-30 14:07:00,9.56,48900,9.55,U
sz002243,力合科创,2025-09-30 14:07:48,9.56,47300,9.56,U
sz002243,力合科创,2025-09-30 14:09:33,9.55,71200,9.56,D
sz002243,力合科创,2025-09-30 14:10:06,9.55,77300,9.55,D
sz002243,力合科创,2025-09-30 14:10:42,9.56,21100,9.56,U
sz002243,力合科创,2025-09-30 14:10:54,9.57,87600,9.56,U
sz002243,力合科创,2025-09-30 14:11:09,9.58,62400,9.58,U
sz002243,力合科创,2025-09-30 14:11:21,9.61,60900,9.59,U
sz002243,力合科创,2025-09-30 14:11:33,9.61,52100,9.6,U
sz002243,力合科创,2025-09-30 14:12:21,9.61,46900,9.6,U
sz002243,力合科创,2025-09-30 14:12:45,9.61,23500,9.61,D
sz002243,力合科创,2025-09-30 14:13:09,9.61,27100,9.6,U
sz002243,力合科创,2025-09-30 14:13:15,9.6,30000,9.61,D
sz002243,力合科创,2025-09-30 14:13:18,9.61,25200,9.6,U
sz002243,力合科创,2025-09-30 14:26:00,9.61,112600,9.61,U
sz002243,力合科创,2025-09-30 14:26:27,9.6,85600,9.61,D
sz002243,力合科创,2025-09-30 14:27:18,9.61,25300,9.61,U
sz002243,力合科创,2025-09-30 14:28:39,9.6,105100,9.61,D
sz002243,力合科创,2025-09-30 14:30:03,9.59,20300,9.59,D
sz002243,力合科创,2025-09-30 14:32:36,9.58,33600,9.59,D
sz002243,力合科创,2025-09-30 14:34:21,9.59,32500,9.59,U
sz002243,力合科创,2025-09-30 14:36:33,9.58,30400,9.58,D
sz002243,力合科创,2025-09-30 14:36:57,9.57,60400,9.57,D
sz002243,力合科创,2025-09-30 14:37:09,9.57,31100,9.57,U
sz002243,力合科创,2025-09-30 14:38:15,9.57,20000,9.57,D
sz002243,力合科创,2025-09-30 14:38:54,9.57,21900,9.57,U
sz002243,力合科创,2025-09-30 14:41:18,9.57,32200,9.58,D
sz002243,力合科创,2025-09-30 14:41:24,9.57,78400,9.58,D
sz002243,力合科创,2025-09-30 14:41:39,9.57,31400,9.58,D
sz002243,力合科创,2025-09-30 14:42:24,9.57,40500,9.57,U
sz002243,力合科创,2025-09-30 14:42:45,9.57,44600,9.57,U
sz002243,力合科创,2025-09-30 14:43:42,9.58,45800,9.58,U
sz002243,力合科创,2025-09-30 14:44:00,9.58,20300,9.58,U
sz002243,力合科创,2025-09-30 14:45:03,9.57,38400,9.58,D
sz002243,力合科创,2025-09-30 14:47:33,9.57,53400,9.58,D
sz002243,力合科创,2025-09-30 14:48:36,9.58,30600,9.58,U
sz002243,力合科创,2025-09-30 14:48:57,9.58,40000,9.58,U
sz002243,力合科创,2025-09-30 14:50:09,9.57,69000,9.58,D
sz002243,力合科创,2025-09-30 14:51:03,9.57,20200,9.56,U
sz002243,力合科创,2025-09-30 14:51:18,9.57,31700,9.57,U
sz002243,力合科创,2025-09-30 14:51:36,9.56,51100,9.57,D
sz002243,力合科创,2025-09-30 14:52:03,9.55,61700,9.55,D
sz002243,力合科创,2025-09-30 14:52:09,9.56,55000,9.56,U
sz002243,力合科创,2025-09-30 14:52:27,9.56,50900,9.56,D
sz002243,力合科创,2025-09-30 14:53:12,9.56,20100,9.57,D
sz002243,力合科创,2025-09-30 14:53:18,9.56,24800,9.57,E
sz002243,力合科创,2025-09-30 14:54:18,9.57,22000,9.56,U
sz002243,力合科创,2025-09-30 14:54:33,9.56,25000,9.56,U
sz002243,力合科创,2025-09-30 14:55:00,9.55,44000,9.56,D
sz002243,力合科创,2025-09-30 14:55:21,9.55,35400,9.55,D
sz002243,力合科创,2025-09-30 14:56:00,9.55,28100,9.56,D
sz002243,力合科创,2025-09-30 14:56:18,9.56,52200,9.56,U
sz002243,力合科创,2025-09-30 14:56:30,9.56,24100,9.56,D
sz002243,力合科创,2025-09-30 14:56:54,9.55,20600,9.55,D
sz002243,力合科创,2025-09-30 15:00:00,9.57,305100,9.56,U
