symbol,name,ticktime,price,volume,prev_price,kind
sz002243,力合科创,2025-10-10 09:25:00,9.65,250000,0.0,D
sz002243,力合科创,2025-10-10 09:30:00,9.67,84200,9.65,U
sz002243,力合科创,2025-10-10 09:30:03,9.65,41300,9.67,D
sz002243,力合科创,2025-10-10 09:30:06,9.65,31600,9.65,U
sz002243,力合科创,2025-10-10 09:30:15,9.63,89700,9.64,D
sz002243,力合科创,2025-10-10 09:30:54,9.65,38400,9.65,D
sz002243,力合科创,2025-10-10 09:31:03,9.65,26900,9.65,U
sz002243,力合科创,2025-10-10 09:31:06,9.64,32700,9.65,D
sz002243,力合科创,2025-10-10 09:31:09,9.64,66500,9.64,D
sz002243,力合科创,2025-10-10 09:31:27,9.61,31800,9.63,D
sz002243,力合科创,2025-10-10 09:31:42,9.64,20900,9.64,D
sz002243,力合科创,2025-10-10 09:32:18,9.64,189900,9.62,U
sz002243,力合科创,2025-10-10 09:32:21,9.63,27100,9.64,D
sz002243,力合科创,2025-10-10 09:32:36,9.67,24900,9.64,U
sz002243,力合科创,2025-10-10 09:33:21,9.67,32900,9.67,U
sz002243,力合科创,2025-10-10 09:33:24,9.68,64300,9.67,U
sz002243,力合科创,2025-10-10 09:33:51,9.7,28754,9.7,U
sz002243,力合科创,2025-10-10 09:33:57,9.7,25300,9.7,U
sz002243,力合科创,2025-10-10 09:34:06,9.69,21546,9.69,U
sz002243,力合科创,2025-10-10 09:34:15,9.68,52700,9.68,U
sz002243,力合科创,2025-10-10 09:34:36,9.69,28100,9.68,U
sz002243,力合科创,2025-10-10 09:34:42,9.69,32300,9.68,U
sz002243,力合科创,2025-10-10 09:34:48,9.69,31300,9.67,U
sz002243,力合科创,2025-10-10 09:34:51,9.68,34600,9.69,U
sz002243,力合科创,2025-10-10 09:34:57,9.68,26100,9.67,E
sz002243,力合科创,2025-10-10 09:35:06,9.69,55854,9.69,U
sz002243,力合科创,2025-10-10 09:35:21,9.69,31500,9.69,D
sz002243,力合科创,2025-10-10 09:35:42,9.69,35000,9.69,U
sz002243,力合科创,2025-10-10 09:36:30,9.68,150600,9.69,D
sz002243,力合科创,2025-10-10 09:38:18,9.67,30200,9.68,D
sz002243,力合科创,2025-10-10 09:38:21,9.69,23600,9.67,U
sz002243,力合科创,2025-10-10 09:39:15,9.67,78300,9.67,D
sz002243,力合科创,2025-10-10 09:39:18,9.65,90600,9.67,D
sz002243,力合科创,2025-10-10 09:39:21,9.66,23900,9.65,U
sz002243,力合科创,2025-10-10 09:39:24,9.66,34700,9.66,U
sz002243,力合科创,2025-10-10 09:40:30,9.66,109800,9.66,D
sz002243,力合科创,2025-10-10 09:40:42,9.66,28200,9.66,D
sz002243,力合科创,2025-10-10 09:40:48,9.67,28700,9.66,U
sz002243,力合科创,2025-10-10 09:41:27,9.64,110300,9.65,D
sz002243,力合科创,2025-10-10 09:41:36,9.64,23100,9.64,D
sz002243,力合科创,2025-10-10 09:42:09,9.63,34400,9.64,D
sz002243,力合科创,2025-10-10 09:42:18,9.62,59600,9.62,D
sz002243,力合科创,2025-10-10 09:42:21,9.62,23700,9.62,D
sz002243,力合科创,2025-10-10 09:42:24,9.63,58100,9.62,E
sz002243,力合科创,2025-10-10 09:42:27,9.63,27900,9.63,D
sz002243,力合科创,2025-10-10 09:43:33,9.62,41000,9.62,D
sz002243,力合科创,2025-10-10 09:45:03,9.63,38800,9.64,D
sz002243,力合科创,2025-10-10 09:45:18,9.62,68900,9.62,D
sz002243,力合科创,2025-10-10 09:45:21,9.61,27900,9.62,D
sz002243,力合科创,2025-10-10 09:46:06,9.6,201900,9.62,D
sz002243,力合科创,2025-10-10 09:46:27,9.61,26400,9.62,D
sz002243,力合科创,2025-10-10 09:46:51,9.61,41300,9.61,D
sz002243,力合科创,2025-10-10 09:46:54,9.61,22600,9.61,U
sz002243,力合科创,2025-10-10 09:47:15,9.61,43200,9.61,D
sz002243,力合科创,2025-10-10 09:47:18,9.61,20300,9.61,D
sz002243,力合科创,2025-10-10 09:50:00,9.63,27600,9.62,U
sz002243,力合科创,2025-10-10 09:50:09,9.61,46900,9.63,D
sz002243,力合科创,2025-10-10 09:50:51,9.63,42100,9.63,U
sz002243,力合科创,2025-10-10 09:51:42,9.64,30900,9.66,D
sz002243,力合科创,2025-10-10 09:52:00,9.65,40400,9.65,U
sz002243,力合科创,2025-10-10 09:52:03,9.65,53200,9.65,U
sz002243,力合科创,2025-10-10 09:52:33,9.65,20300,9.65,D
sz002243,力合科创,2025-10-10 09:52:36,9.64,24700,9.65,D
sz002243,力合科创,2025-10-10 09:53:57,9.65,25400,9.65,U
sz002243,力合科创,2025-10-10 09:54:18,9.66,67500,9.65,U
sz002243,力合科创,2025-10-10 09:54:21,9.65,81700,9.66,D
sz002243,力合科创,2025-10-10 09:54:24,9.67,26500,9.65,U
sz002243,力合科创,2025-10-10 09:54:27,9.67,22500,9.67,U
sz002243,力合科创,2025-10-10 09:55:27,9.66,32800,9.66,U
sz002243,力合科创,2025-10-10 09:56:42,9.69,112500,9.67,U
sz002243,力合科创,2025-10-10 09:56:45,9.69,40100,9.69,U
sz002243,力合科创,2025-10-10 09:57:30,9.69,116882,9.68,U
sz002243,力合科创,2025-10-10 09:57:39,9.69,28700,9.7,U
sz002243,力合科创,2025-10-10 09:58:24,9.69,23200,9.7,D
sz002243,力合科创,2025-10-10 10:00:18,9.68,37100,9.68,U
sz002243,力合科创,2025-10-10 10:01:00,9.69,36700,9.68,U
sz002243,力合科创,2025-10-10 10:04:18,9.67,43100,9.68,D
sz002243,力合科创,2025-10-10 10:05:24,9.68,27800,9.66,U
sz002243,力合科创,2025-10-10 10:05:51,9.7,95800,9.67,U
sz002243,力合科创,2025-10-10 10:06:24,9.7,59100,9.7,U
sz002243,力合科创,2025-10-10 10:06:30,9.67,50500,9.69,D
sz002243,力合科创,2025-10-10 10:06:33,9.68,25100,9.67,U
sz002243,力合科创,2025-10-10 10:06:42,9.66,53800,9.66,D
sz002243,力合科创,2025-10-10 10:06:48,9.65,56600,9.68,D
sz002243,力合科创,2025-10-10 10:07:00,9.65,99500,9.64,U
sz002243,力合科创,2025-10-10 10:07:03,9.65,25000,9.65,D
sz002243,力合科创,2025-10-10 10:08:36,9.65,48100,9.67,D
sz002243,力合科创,2025-10-10 10:08:57,9.65,49500,9.67,D
sz002243,力合科创,2025-10-10 10:12:09,9.65,45500,9.66,D
sz002243,力合科创,2025-10-10 10:12:27,9.64,107000,9.64,D
sz002243,力合科创,2025-10-10 10:12:45,9.63,100000,9.65,D
sz002243,力合科创,2025-10-10 10:12:57,9.63,92400,9.64,D
sz002243,力合科创,2025-10-10 10:15:33,9.64,30600,9.64,D
sz002243,力合科创,2025-10-10 10:18:15,9.64,157900,9.63,U
sz002243,力合科创,2025-10-10 10:18:18,9.63,39500,9.64,D
sz002243,力合科创,2025-10-10 10:21:24,9.65,30700,9.63,U
sz002243,力合科创,2025-10-10 10:24:09,9.66,21400,9.66,U
sz002243,力合科创,2025-10-10 10:25:03,9.65,65300,9.65,D
sz002243,力合科创,2025-10-10 10:25:06,9.66,29200,9.65,U
sz002243,力合科创,2025-10-10 10:28:48,9.66,55500,9.66,U
sz002243,力合科创,2025-10-10 10:31:15,9.68,60800,9.67,U
sz002243,力合科创,2025-10-10 10:31:18,9.69,26600,9.68,U
sz002243,力合科创,2025-10-10 10:31:27,9.69,24200,9.69,U
sz002243,力合科创,2025-10-10 10:31:33,9.68,37300,9.69,D
sz002243,力合科创,2025-10-10 10:31:48,9.69,22500,9.69,D
sz002243,力合科创,2025-10-10 10:32:21,9.7,35200,9.68,U
sz002243,力合科创,2025-10-10 10:32:42,9.68,20200,9.68,D
sz002243,力合科创,2025-10-10 10:33:54,9.69,36300,9.68,U
sz002243,力合科创,2025-10-10 10:36:48,9.68,32600,9.68,D
sz002243,力合科创,2025-10-10 10:39:18,9.69,34600,9.68,U
sz002243,力合科创,2025-10-10 10:41:18,9.69,93700,9.68,U
sz002243,力合科创,2025-10-10 10:41:24,9.69,30100,9.69,D
sz002243,力合科创,2025-10-10 10:43:33,9.7,20000,9.69,U
sz002243,力合科创,2025-10-10 10:43:57,9.69,36800,9.7,D
sz002243,力合科创,2025-10-10 10:44:00,9.69,28500,9.69,D
sz002243,力合科创,2025-10-10 10:44:03,9.68,23700,9.69,D
sz002243,力合科创,2025-10-10 10:45:36,9.68,20000,9.68,D
sz002243,力合科创,2025-10-10 10:45:45,9.68,52100,9.68,D
sz002243,力合科创,2025-10-10 10:47:30,9.69,21700,9.68,U
sz002243,力合科创,2025-10-10 10:51:21,9.68,20700,9.68,D
sz002243,力合科创,2025-10-10 10:52:39,9.68,27200,9.68,D
sz002243,力合科创,2025-10-10 10:54:15,9.68,36600,9.68,D
sz002243,力合科创,2025-10-10 10:54:33,9.69,31900,9.68,U
sz002243,力合科创,2025-10-10 10:58:45,9.66,116100,9.67,D
sz002243,力合科创,2025-10-10 10:58:57,9.66,105600,9.66,D
sz002243,力合科创,2025-10-10 10:59:30,9.68,67200,9.66,U
sz002243,力合科创,2025-10-10 10:59:33,9.68,25200,9.68,D
sz002243,力合科创,2025-10-10 10:59:45,9.69,38300,9.68,U
sz002243,力合科创,2025-10-10 10:59:48,9.69,92400,9.69,U
sz002243,力合科创,2025-10-10 11:09:15,9.65,100100,9.66,D
sz002243,力合科创,2025-10-10 11:10:54,9.66,25100,9.66,U
sz002243,力合科创,2025-10-10 11:11:03,9.64,83900,9.66,D
sz002243,力合科创,2025-10-10 11:12:03,9.65,78800,9.64,U
sz002243,力合科创,2025-10-10 11:12:51,9.64,145900,9.65,D
sz002243,力合科创,2025-10-10 11:12:54,9.64,45600,9.64,U
sz002243,力合科创,2025-10-10 11:14:00,9.63,47100,9.63,U
sz002243,力合科创,2025-10-10 11:14:24,9.63,28000,9.63,U
sz002243,力合科创,2025-10-10 11:15:24,9.63,24600,9.63,D
sz002243,力合科创,2025-10-10 11:16:51,9.62,65800,9.62,D
sz002243,力合科创,2025-10-10 11:17:12,9.62,38500,9.63,D
sz002243,力合科创,2025-10-10 11:18:27,9.62,75000,9.62,D
sz002243,力合科创,2025-10-10 11:18:36,9.63,22200,9.63,U
sz002243,力合科创,2025-10-10 11:19:51,9.63,45300,9.62,U
sz002243,力合科创,2025-10-10 11:21:21,9.62,36900,9.63,D
sz002243,力合科创,2025-10-10 11:22:12,9.62,22500,9.62,D
sz002243,力合科创,2025-10-10 11:25:48,9.59,748360,9.62,D
sz002243,力合科创,2025-10-10 11:25:51,9.59,49400,9.59,U
sz002243,力合科创,2025-10-10 11:26:12,9.6,30200,9.59,U
sz002243,力合科创,2025-10-10 11:26:33,9.59,64200,9.6,D
sz002243,力合科创,2025-10-10 11:28:24,9.59,73200,9.6,D
sz002243,力合科创,2025-10-10 11:28:36,9.6,140400,9.59,U
sz002243,力合科创,2025-10-10 11:28:39,9.57,170900,9.6,D
sz002243,力合科创,2025-10-10 11:28:45,9.59,43600,9.59,D
sz002243,力合科创,2025-10-10 11:28:48,9.58,74100,9.59,D
sz002243,力合科创,2025-10-10 11:28:51,9.58,28300,9.58,D
sz002243,力合科创,2025-10-10 13:00:00,9.6,65700,9.61,D
sz002243,力合科创,2025-10-10 13:00:03,9.6,37700,9.6,U
sz002243,力合科创,2025-10-10 13:00:06,9.6,45400,9.6,D
sz002243,力合科创,2025-10-10 13:00:12,9.6,30400,9.6,U
sz002243,力合科创,2025-10-10 13:04:24,9.6,21200,9.6,D
sz002243,力合科创,2025-10-10 13:05:00,9.59,43900,9.61,D
sz002243,力合科创,2025-10-10 13:08:00,9.59,92900,9.59,D
sz002243,力合科创,2025-10-10 13:08:03,9.59,25900,9.59,U
sz002243,力合科创,2025-10-10 13:08:42,9.61,106100,9.59,U
sz002243,力合科创,2025-10-10 13:08:45,9.61,25700,9.61,U
sz002243,力合科创,2025-10-10 13:10:03,9.61,25400,9.61,U
sz002243,力合科创,2025-10-10 13:11:33,9.61,21200,9.62,D
sz002243,力合科创,2025-10-10 13:12:06,9.6,25000,9.6,D
sz002243,力合科创,2025-10-10 13:14:06,9.61,51800,9.61,D
sz002243,力合科创,2025-10-10 13:14:18,9.6,35000,9.6,D
sz002243,力合科创,2025-10-10 13:18:21,9.59,45300,9.59,D
sz002243,力合科创,2025-10-10 13:19:21,9.58,70800,9.59,D
sz002243,力合科创,2025-10-10 13:19:39,9.58,40700,9.58,D
sz002243,力合科创,2025-10-10 13:19:45,9.59,97300,9.57,U
sz002243,力合科创,2025-10-10 13:19:48,9.59,105000,9.59,U
sz002243,力合科创,2025-10-10 13:19:57,9.59,21800,9.58,U
sz002243,力合科创,2025-10-10 13:20:27,9.59,42000,9.59,U
sz002243,力合科创,2025-10-10 13:20:30,9.59,34400,9.59,U
sz002243,力合科创,2025-10-10 13:21:15,9.59,70200,9.6,D
sz002243,力合科创,2025-10-10 13:21:54,9.6,23200,9.6,U
sz002243,力合科创,2025-10-10 13:22:15,9.6,20800,9.6,D
sz002243,力合科创,2025-10-10 13:22:54,9.6,48000,9.6,D
sz002243,力合科创,2025-10-10 13:24:15,9.59,28000,9.59,D
sz002243,力合科创,2025-10-10 13:24:21,9.59,27400,9.59,D
sz002243,力合科创,2025-10-10 13:24:42,9.59,35400,9.58,U
sz002243,力合科创,2025-10-10 13:27:42,9.6,30500,9.6,U
sz002243,力合科创,2025-10-10 13:28:00,9.6,23200,9.6,U
sz002243,力合科创,2025-10-10 13:28:21,9.61,26800,9.61,U
sz002243,力合科创,2025-10-10 13:28:48,9.6,20000,9.61,D
sz002243,力合科创,2025-10-10 13:32:06,9.6,35000,9.6,D
sz002243,力合科创,2025-10-10 13:33:15,9.6,79600,9.6,U
sz002243,力合科创,2025-10-10 13:33:18,9.6,49400,9.6,U
sz002243,力合科创,2025-10-10 13:33:30,9.59,69500,9.59,D
sz002243,力合科创,2025-10-10 13:33:33,9.59,70900,9.59,D
sz002243,力合科创,2025-10-10 13:33:45,9.59,24800,9.58,U
sz002243,力合科创,2025-10-10 13:34:54,9.6,37700,9.6,U
sz002243,力合科创,2025-10-10 13:35:54,9.6,26900,9.6,D
sz002243,力合科创,2025-10-10 13:37:27,9.59,112900,9.59,D
sz002243,力合科创,2025-10-10 13:38:51,9.59,20000,9.59,D
sz002243,力合科创,2025-10-10 13:39:03,9.59,20000,9.59,D
sz002243,力合科创,2025-10-10 13:39:18,9.59,25800,9.59,D
sz002243,力合科创,2025-10-10 13:40:18,9.58,80100,9.59,D
sz002243,力合科创,2025-10-10 13:44:51,9.58,20000,9.59,D
sz002243,力合科创,2025-10-10 13:45:15,9.59,50200,9.58,U
sz002243,力合科创,2025-10-10 13:45:39,9.59,50800,9.59,D
sz002243,力合科创,2025-10-10 13:46:06,9.6,55100,9.59,U
sz002243,力合科创,2025-10-10 13:47:30,9.59,69900,9.59,D
sz002243,力合科创,2025-10-10 13:47:57,9.59,49400,9.6,D
sz002243,力合科创,2025-10-10 13:51:24,9.59,35000,9.58,U
sz002243,力合科创,2025-10-10 13:53:57,9.6,84100,9.59,U
sz002243,力合科创,2025-10-10 13:54:00,9.59,21200,9.6,D
sz002243,力合科创,2025-10-10 13:54:48,9.6,33400,9.59,U
sz002243,力合科创,2025-10-10 13:55:33,9.59,20100,9.6,D
sz002243,力合科创,2025-10-10 13:59:03,9.61,20300,9.61,D
sz002243,力合科创,2025-10-10 13:59:09,9.63,22600,9.62,U
sz002243,力合科创,2025-10-10 13:59:33,9.63,58200,9.63,U
sz002243,力合科创,2025-10-10 13:59:36,9.63,35500,9.63,U
sz002243,力合科创,2025-10-10 14:00:42,9.64,46600,9.63,U
sz002243,力合科创,2025-10-10 14:01:06,9.64,20100,9.65,D
sz002243,力合科创,2025-10-10 14:01:09,9.65,35300,9.64,U
sz002243,力合科创,2025-10-10 14:02:27,9.63,47000,9.64,D
sz002243,力合科创,2025-10-10 14:04:48,9.63,24400,9.63,D
sz002243,力合科创,2025-10-10 14:05:15,9.63,228700,9.63,D
sz002243,力合科创,2025-10-10 14:05:45,9.65,42400,9.64,U
sz002243,力合科创,2025-10-10 14:07:27,9.63,73000,9.62,U
sz002243,力合科创,2025-10-10 14:07:33,9.63,20700,9.63,U
sz002243,力合科创,2025-10-10 14:07:36,9.62,153200,9.63,D
sz002243,力合科创,2025-10-10 14:11:27,9.6,117400,9.6,D
sz002243,力合科创,2025-10-10 14:11:42,9.59,105400,9.61,D
sz002243,力合科创,2025-10-10 14:13:33,9.59,51300,9.59,D
sz002243,力合科创,2025-10-10 14:13:39,9.6,54000,9.59,U
sz002243,力合科创,2025-10-10 14:15:18,9.58,144500,9.58,D
sz002243,力合科创,2025-10-10 14:17:12,9.58,41000,9.59,D
sz002243,力合科创,2025-10-10 14:17:30,9.58,253800,9.58,D
sz002243,力合科创,2025-10-10 14:17:39,9.56,165000,9.58,D
sz002243,力合科创,2025-10-10 14:18:12,9.58,46000,9.57,U
sz002243,力合科创,2025-10-10 14:19:03,9.59,32900,9.58,U
sz002243,力合科创,2025-10-10 14:19:18,9.59,66300,9.58,U
sz002243,力合科创,2025-10-10 14:19:54,9.59,79800,9.59,U
sz002243,力合科创,2025-10-10 14:20:18,9.59,29700,9.59,U
sz002243,力合科创,2025-10-10 14:21:09,9.6,23000,9.59,U
sz002243,力合科创,2025-10-10 14:21:18,9.59,29800,9.6,D
sz002243,力合科创,2025-10-10 14:23:03,9.58,21500,9.59,D
sz002243,力合科创,2025-10-10 14:24:03,9.58,82300,9.58,D
sz002243,力合科创,2025-10-10 14:24:30,9.57,49400,9.57,D
sz002243,力合科创,2025-10-10 14:24:51,9.59,155000,9.58,U
sz002243,力合科创,2025-10-10 14:24:54,9.59,66900,9.59,U
sz002243,力合科创,2025-10-10 14:25:36,9.58,30300,9.58,D
sz002243,力合科创,2025-10-10 14:25:48,9.58,20000,9.59,D
sz002243,力合科创,2025-10-10 14:26:24,9.59,25400,9.59,D
sz002243,力合科创,2025-10-10 14:26:42,9.58,41800,9.59,D
sz002243,力合科创,2025-10-10 14:26:57,9.58,100500,9.58,D
sz002243,力合科创,2025-10-10 14:27:33,9.59,21200,9.59,U
sz002243,力合科创,2025-10-10 14:28:21,9.58,111500,9.58,D
sz002243,力合科创,2025-10-10 14:28:39,9.57,39600,9.59,D
sz002243,力合科创,2025-10-10 14:30:24,9.58,25700,9.57,U
sz002243,力合科创,2025-10-10 14:31:57,9.59,52800,9.58,U
sz002243,力合科创,2025-10-10 14:32:00,9.58,65500,9.59,D
sz002243,力合科创,2025-10-10 14:33:27,9.6,42500,9.59,U
sz002243,力合科创,2025-10-10 14:34:12,9.59,26100,9.59,D
sz002243,力合科创,2025-10-10 14:36:27,9.61,24700,9.6,U
sz002243,力合科创,2025-10-10 14:36:39,9.61,22600,9.61,U
sz002243,力合科创,2025-10-10 14:36:45,9.61,21600,9.61,D
sz002243,力合科创,2025-10-10 14:37:42,9.61,21300,9.61,U
sz002243,力合科创,2025-10-10 14:38:51,9.62,64700,9.61,U
sz002243,力合科创,2025-10-10 14:40:00,9.6,41500,9.6,D
sz002243,力合科创,2025-10-10 14:40:03,9.59,65900,9.6,D
sz002243,力合科创,2025-10-10 14:41:03,9.59,33600,9.59,D
sz002243,力合科创,2025-10-10 14:41:09,9.59,26900,9.59,D
sz002243,力合科创,2025-10-10 14:41:33,9.6,33500,9.6,U
sz002243,力合科创,2025-10-10 14:41:48,9.6,24300,9.59,U
sz002243,力合科创,2025-10-10 14:42:21,9.61,31600,9.6,U
sz002243,力合科创,2025-10-10 14:44:18,9.6,32500,9.59,U
sz002243,力合科创,2025-10-10 14:45:12,9.6,28400,9.59,U
sz002243,力合科创,2025-10-10 14:46:12,9.59,27300,9.59,D
sz002243,力合科创,2025-10-10 14:49:00,9.59,24000,9.59,D
sz002243,力合科创,2025-10-10 14:49:03,9.59,62800,9.59,D
sz002243,力合科创,2025-10-10 14:49:06,9.59,33000,9.59,D
sz002243,力合科创,2025-10-10 14:49:33,9.58,72100,9.59,D
sz002243,力合科创,2025-10-10 14:49:42,9.58,105700,9.59,D
sz002243,力合科创,2025-10-10 14:50:03,9.58,20800,9.58,D
sz002243,力合科创,2025-10-10 14:51:00,9.59,33600,9.59,U
sz002243,力合科创,2025-10-10 14:51:09,9.59,43300,9.59,U
sz002243,力合科创,2025-10-10 14:52:06,9.59,31100,9.59,D
sz002243,力合科创,2025-10-10 14:53:27,9.6,41400,9.59,U
sz002243,力合科创,2025-10-10 14:54:03,9.6,60400,9.6,U
sz002243,力合科创,2025-10-10 14:54:42,9.61,21500,9.61,U
sz002243,力合科创,2025-10-10 14:55:15,9.61,20900,9.6,U
sz002243,力合科创,2025-10-10 14:55:36,9.63,36400,9.62,U
sz002243,力合科创,2025-10-10 14:56:03,9.61,29400,9.62,D
sz002243,力合科创,2025-10-10 14:56:06,9.61,28300,9.61,D
sz002243,力合科创,2025-10-10 14:56:36,9.63,47600,9.63,U
sz002243,力合科创,2025-10-10 14:56:39,9.62,20300,9.63,D
sz002243,力合科创,2025-10-10 14:56:57,9.62,20400,9.62,U
sz002243,力合科创,2025-10-10 15:00:00,9.64,357300,9.62,E
