symbol,name,ticktime,price,volume,prev_price,kind
sz002243,力合科创,2025-10-15 09:25:00,9.39,30200,0.0,U
sz002243,力合科创,2025-10-15 09:30:00,9.39,22400,9.39,D
sz002243,力合科创,2025-10-15 09:30:03,9.4,47900,9.39,U
sz002243,力合科创,2025-10-15 09:30:06,9.41,55000,9.4,E
sz002243,力合科创,2025-10-15 09:30:09,9.43,20700,9.41,E
sz002243,力合科创,2025-10-15 09:30:12,9.43,33700,9.43,D
sz002243,力合科创,2025-10-15 09:30:30,9.42,24500,9.42,D
sz002243,力合科创,2025-10-15 09:30:39,9.42,23600,9.42,D
sz002243,力合科创,2025-10-15 09:31:21,9.4,30300,9.41,D
sz002243,力合科创,2025-10-15 09:31:24,9.41,180400,9.4,U
sz002243,力合科创,2025-10-15 09:33:09,9.4,35100,9.4,D
sz002243,力合科创,2025-10-15 09:33:27,9.38,44500,9.39,D
sz002243,力合科创,2025-10-15 09:33:45,9.38,39600,9.39,D
sz002243,力合科创,2025-10-15 09:34:09,9.39,35700,9.38,U
sz002243,力合科创,2025-10-15 09:34:33,9.38,20400,9.39,D
sz002243,力合科创,2025-10-15 09:34:45,9.38,61900,9.39,D
sz002243,力合科创,2025-10-15 09:35:00,9.37,98900,9.37,D
sz002243,力合科创,2025-10-15 09:35:48,9.37,31200,9.36,U
sz002243,力合科创,2025-10-15 09:35:54,9.36,24700,9.37,D
sz002243,力合科创,2025-10-15 09:36:33,9.35,35500,9.35,D
sz002243,力合科创,2025-10-15 09:37:03,9.35,23600,9.35,D
sz002243,力合科创,2025-10-15 09:37:15,9.35,33400,9.35,U
sz002243,力合科创,2025-10-15 09:37:27,9.34,28200,9.35,D
sz002243,力合科创,2025-10-15 09:37:48,9.33,26100,9.33,D
sz002243,力合科创,2025-10-15 09:37:54,9.33,30200,9.34,D
sz002243,力合科创,2025-10-15 09:37:57,9.32,50000,9.33,D
sz002243,力合科创,2025-10-15 09:38:42,9.32,26800,9.33,D
sz002243,力合科创,2025-10-15 09:38:48,9.33,51300,9.33,U
sz002243,力合科创,2025-10-15 09:38:51,9.32,72200,9.33,D
sz002243,力合科创,2025-10-15 09:39:03,9.36,42400,9.35,U
sz002243,力合科创,2025-10-15 09:39:39,9.33,25400,9.34,D
sz002243,力合科创,2025-10-15 09:39:42,9.33,22600,9.33,U
sz002243,力合科创,2025-10-15 09:40:36,9.33,21700,9.31,U
sz002243,力合科创,2025-10-15 09:41:06,9.31,84200,9.32,D
sz002243,力合科创,2025-10-15 09:41:09,9.31,21800,9.31,D
sz002243,力合科创,2025-10-15 09:41:18,9.33,20400,9.31,U
sz002243,力合科创,2025-10-15 09:41:21,9.34,23000,9.33,U
sz002243,力合科创,2025-10-15 09:41:45,9.33,97800,9.34,D
sz002243,力合科创,2025-10-15 09:42:51,9.33,23600,9.33,U
sz002243,力合科创,2025-10-15 09:43:24,9.35,23200,9.35,U
sz002243,力合科创,2025-10-15 09:45:03,9.39,29600,9.38,U
sz002243,力合科创,2025-10-15 09:45:21,9.4,26300,9.4,U
sz002243,力合科创,2025-10-15 09:45:36,9.4,43700,9.41,D
sz002243,力合科创,2025-10-15 09:46:21,9.41,27500,9.4,U
sz002243,力合科创,2025-10-15 09:47:00,9.41,32100,9.41,U
sz002243,力合科创,2025-10-15 09:47:57,9.42,24000,9.41,U
sz002243,力合科创,2025-10-15 09:48:09,9.4,20000,9.41,D
sz002243,力合科创,2025-10-15 09:48:24,9.41,49700,9.4,U
sz002243,力合科创,2025-10-15 09:48:48,9.4,40600,9.4,D
sz002243,力合科创,2025-10-15 09:50:00,9.4,24000,9.41,D
sz002243,力合科创,2025-10-15 09:50:03,9.39,51400,9.4,D
sz002243,力合科创,2025-10-15 09:50:21,9.38,26000,9.39,D
sz002243,力合科创,2025-10-15 09:50:33,9.39,21800,9.38,U
sz002243,力合科创,2025-10-15 09:50:45,9.39,33400,9.39,U
sz002243,力合科创,2025-10-15 09:51:03,9.4,30000,9.39,U
sz002243,力合科创,2025-10-15 09:54:06,9.37,21000,9.37,D
sz002243,力合科创,2025-10-15 09:54:21,9.37,35800,9.37,D
sz002243,力合科创,2025-10-15 09:56:30,9.38,102200,9.38,U
sz002243,力合科创,2025-10-15 09:56:36,9.39,87300,9.38,U
sz002243,力合科创,2025-10-15 09:56:51,9.38,27300,9.39,D
sz002243,力合科创,2025-10-15 09:57:06,9.38,62900,9.37,U
sz002243,力合科创,2025-10-15 09:57:12,9.38,20400,9.38,U
sz002243,力合科创,2025-10-15 09:57:30,9.38,29000,9.38,D
sz002243,力合科创,2025-10-15 09:57:33,9.39,20000,9.38,U
sz002243,力合科创,2025-10-15 09:58:30,9.37,21800,9.38,D
sz002243,力合科创,2025-10-15 09:59:03,9.38,80700,9.37,U
sz002243,力合科创,2025-10-15 09:59:18,9.39,21300,9.39,U
sz002243,力合科创,2025-10-15 09:59:36,9.39,114300,9.4,D
sz002243,力合科创,2025-10-15 10:00:42,9.4,100500,9.4,U
sz002243,力合科创,2025-10-15 10:01:06,9.39,50300,9.39,D
sz002243,力合科创,2025-10-15 10:02:36,9.39,51400,9.39,D
sz002243,力合科创,2025-10-15 10:03:45,9.39,27300,9.38,U
sz002243,力合科创,2025-10-15 10:05:45,9.4,22800,9.4,U
sz002243,力合科创,2025-10-15 10:07:12,9.39,22000,9.39,U
sz002243,力合科创,2025-10-15 10:08:33,9.39,22700,9.39,D
sz002243,力合科创,2025-10-15 10:09:18,9.4,23200,9.4,U
sz002243,力合科创,2025-10-15 10:09:21,9.41,47100,9.4,U
sz002243,力合科创,2025-10-15 10:09:36,9.41,22900,9.41,U
sz002243,力合科创,2025-10-15 10:10:18,9.41,22600,9.41,U
sz002243,力合科创,2025-10-15 10:10:21,9.41,39200,9.41,U
sz002243,力合科创,2025-10-15 10:10:27,9.42,83700,9.41,U
sz002243,力合科创,2025-10-15 10:10:45,9.41,244800,9.43,D
sz002243,力合科创,2025-10-15 10:11:30,9.41,20400,9.4,U
sz002243,力合科创,2025-10-15 10:11:39,9.41,162200,9.41,D
sz002243,力合科创,2025-10-15 10:12:39,9.41,41500,9.42,D
sz002243,力合科创,2025-10-15 10:14:39,9.41,47900,9.41,U
sz002243,力合科创,2025-10-15 10:16:24,9.42,21900,9.42,U
sz002243,力合科创,2025-10-15 10:16:36,9.42,26100,9.42,U
sz002243,力合科创,2025-10-15 10:18:00,9.43,49400,9.43,U
sz002243,力合科创,2025-10-15 10:18:03,9.44,76900,9.43,U
sz002243,力合科创,2025-10-15 10:19:27,9.43,34000,9.43,D
sz002243,力合科创,2025-10-15 10:19:48,9.42,50600,9.43,D
sz002243,力合科创,2025-10-15 10:19:54,9.4,337700,9.43,D
sz002243,力合科创,2025-10-15 10:20:09,9.41,27600,9.41,D
sz002243,力合科创,2025-10-15 10:21:12,9.41,41100,9.41,D
sz002243,力合科创,2025-10-15 10:23:30,9.4,31700,9.4,D
sz002243,力合科创,2025-10-15 10:23:45,9.39,20000,9.4,D
sz002243,力合科创,2025-10-15 10:25:39,9.39,28900,9.39,D
sz002243,力合科创,2025-10-15 10:26:09,9.39,24500,9.39,D
sz002243,力合科创,2025-10-15 10:27:03,9.37,82000,9.38,D
sz002243,力合科创,2025-10-15 10:29:27,9.37,20000,9.38,D
sz002243,力合科创,2025-10-15 10:31:03,9.37,62300,9.37,D
sz002243,力合科创,2025-10-15 10:32:39,9.36,20100,9.36,D
sz002243,力合科创,2025-10-15 10:35:09,9.35,83300,9.36,D
sz002243,力合科创,2025-10-15 10:37:03,9.35,73400,9.36,D
sz002243,力合科创,2025-10-15 10:39:03,9.34,70600,9.35,D
sz002243,力合科创,2025-10-15 10:39:48,9.34,41600,9.34,D
sz002243,力合科创,2025-10-15 10:39:57,9.34,23300,9.34,U
sz002243,力合科创,2025-10-15 10:40:24,9.32,125200,9.34,D
sz002243,力合科创,2025-10-15 10:40:33,9.32,39200,9.32,D
sz002243,力合科创,2025-10-15 10:41:06,9.32,20000,9.32,D
sz002243,力合科创,2025-10-15 10:41:27,9.32,28000,9.32,U
sz002243,力合科创,2025-10-15 10:42:54,9.3,27100,9.31,D
sz002243,力合科创,2025-10-15 10:43:15,9.3,51400,9.31,D
sz002243,力合科创,2025-10-15 10:43:36,9.29,20100,9.29,D
sz002243,力合科创,2025-10-15 10:45:00,9.28,91100,9.29,D
sz002243,力合科创,2025-10-15 10:45:51,9.29,71600,9.3,D
sz002243,力合科创,2025-10-15 10:46:39,9.28,47900,9.28,D
sz002243,力合科创,2025-10-15 10:49:30,9.28,108000,9.29,D
sz002243,力合科创,2025-10-15 10:49:57,9.26,92700,9.27,D
sz002243,力合科创,2025-10-15 10:50:15,9.25,53500,9.26,D
sz002243,力合科创,2025-10-15 10:50:21,9.25,22600,9.25,D
sz002243,力合科创,2025-10-15 10:50:39,9.25,42800,9.25,D
sz002243,力合科创,2025-10-15 10:50:51,9.25,30100,9.25,D
sz002243,力合科创,2025-10-15 10:50:57,9.25,21800,9.25,D
sz002243,力合科创,2025-10-15 10:51:00,9.25,40300,9.25,U
sz002243,力合科创,2025-10-15 10:51:15,9.26,43500,9.26,U
sz002243,力合科创,2025-10-15 10:51:21,9.25,52000,9.26,D
sz002243,力合科创,2025-10-15 10:51:24,9.25,103400,9.25,U
sz002243,力合科创,2025-10-15 10:51:33,9.24,24100,9.25,D
sz002243,力合科创,2025-10-15 10:51:54,9.24,23800,9.24,D
sz002243,力合科创,2025-10-15 10:51:57,9.25,31000,9.24,U
sz002243,力合科创,2025-10-15 10:52:45,9.23,405300,9.25,D
sz002243,力合科创,2025-10-15 10:53:21,9.23,67700,9.24,D
sz002243,力合科创,2025-10-15 10:53:42,9.23,34900,9.23,D
sz002243,力合科创,2025-10-15 10:54:15,9.23,68300,9.24,D
sz002243,力合科创,2025-10-15 10:55:06,9.25,23000,9.24,U
sz002243,力合科创,2025-10-15 10:56:12,9.25,25400,9.24,U
sz002243,力合科创,2025-10-15 10:57:39,9.24,52700,9.24,D
sz002243,力合科创,2025-10-15 10:58:06,9.22,130300,9.24,D
sz002243,力合科创,2025-10-15 10:58:15,9.22,21900,9.22,D
sz002243,力合科创,2025-10-15 10:58:18,9.23,29200,9.22,U
sz002243,力合科创,2025-10-15 10:58:30,9.22,26500,9.22,E
sz002243,力合科创,2025-10-15 10:58:45,9.22,41200,9.22,D
sz002243,力合科创,2025-10-15 10:59:00,9.22,20000,9.23,D
sz002243,力合科创,2025-10-15 11:00:39,9.24,22500,9.24,U
sz002243,力合科创,2025-10-15 11:01:57,9.26,88200,9.24,U
sz002243,力合科创,2025-10-15 11:03:21,9.25,24600,9.25,U
sz002243,力合科创,2025-10-15 11:04:06,9.26,187800,9.25,U
sz002243,力合科创,2025-10-15 11:04:12,9.27,77480,9.26,U
sz002243,力合科创,2025-10-15 11:04:51,9.25,100900,9.26,D
sz002243,力合科创,2025-10-15 11:06:03,9.24,21000,9.24,D
sz002243,力合科创,2025-10-15 11:10:51,9.27,105400,9.26,U
sz002243,力合科创,2025-10-15 11:12:21,9.25,86600,9.26,D
sz002243,力合科创,2025-10-15 11:13:03,9.24,41800,9.25,D
sz002243,力合科创,2025-10-15 11:13:33,9.24,23900,9.24,D
sz002243,力合科创,2025-10-15 11:14:00,9.23,40700,9.23,D
sz002243,力合科创,2025-10-15 11:14:03,9.23,35400,9.23,U
sz002243,力合科创,2025-10-15 11:14:09,9.25,133800,9.23,U
sz002243,力合科创,2025-10-15 11:15:33,9.24,32500,9.24,U
sz002243,力合科创,2025-10-15 11:15:39,9.23,45800,9.24,D
sz002243,力合科创,2025-10-15 11:16:06,9.23,20700,9.23,U
sz002243,力合科创,2025-10-15 11:18:06,9.25,49600,9.24,U
sz002243,力合科创,2025-10-15 11:20:57,9.25,39200,9.24,U
sz002243,力合科创,2025-10-15 11:22:18,9.25,39200,9.24,U
sz002243,力合科创,2025-10-15 11:23:36,9.24,20000,9.24,D
sz002243,力合科创,2025-10-15 11:23:57,9.24,35700,9.25,D
sz002243,力合科创,2025-10-15 11:24:27,9.25,33100,9.24,U
sz002243,力合科创,2025-10-15 11:29:36,9.26,54500,9.26,D
sz002243,力合科创,2025-10-15 13:00:00,9.26,27400,9.27,D
sz002243,力合科创,2025-10-15 13:00:03,9.25,29600,9.26,D
sz002243,力合科创,2025-10-15 13:04:45,9.27,38000,9.27,U
sz002243,力合科创,2025-10-15 13:05:27,9.28,36400,9.28,U
sz002243,力合科创,2025-10-15 13:06:27,9.28,39000,9.27,U
sz002243,力合科创,2025-10-15 13:07:00,9.27,47300,9.27,D
sz002243,力合科创,2025-10-15 13:09:21,9.26,27400,9.26,D
sz002243,力合科创,2025-10-15 13:09:57,9.26,22300,9.26,D
sz002243,力合科创,2025-10-15 13:10:18,9.26,20100,9.26,U
sz002243,力合科创,2025-10-15 13:12:51,9.24,69000,9.25,D
sz002243,力合科创,2025-10-15 13:14:15,9.25,24100,9.25,U
sz002243,力合科创,2025-10-15 13:16:12,9.27,27400,9.26,U
sz002243,力合科创,2025-10-15 13:17:15,9.25,35800,9.26,D
sz002243,力合科创,2025-10-15 13:19:54,9.27,27600,9.27,U
sz002243,力合科创,2025-10-15 13:21:57,9.27,27600,9.26,U
sz002243,力合科创,2025-10-15 13:24:45,9.27,22000,9.27,D
sz002243,力合科创,2025-10-15 13:32:06,9.29,31100,9.29,U
sz002243,力合科创,2025-10-15 13:33:24,9.28,20000,9.29,D
sz002243,力合科创,2025-10-15 13:34:57,9.28,30300,9.28,D
sz002243,力合科创,2025-10-15 13:37:06,9.29,107300,9.28,U
sz002243,力合科创,2025-10-15 13:37:39,9.31,52400,9.3,U
sz002243,力合科创,2025-10-15 13:37:51,9.3,43700,9.3,D
sz002243,力合科创,2025-10-15 13:39:15,9.3,20000,9.29,U
sz002243,力合科创,2025-10-15 13:39:57,9.29,37800,9.29,D
sz002243,力合科创,2025-10-15 13:41:57,9.28,20300,9.29,D
sz002243,力合科创,2025-10-15 13:43:54,9.27,136000,9.28,D
sz002243,力合科创,2025-10-15 13:46:18,9.26,95200,9.27,D
sz002243,力合科创,2025-10-15 13:48:00,9.26,26800,9.27,D
sz002243,力合科创,2025-10-15 13:48:45,9.27,35700,9.26,U
sz002243,力合科创,2025-10-15 13:49:39,9.27,25800,9.27,U
sz002243,力合科创,2025-10-15 13:50:03,9.26,45400,9.27,D
sz002243,力合科创,2025-10-15 13:50:45,9.25,26600,9.25,D
sz002243,力合科创,2025-10-15 13:51:09,9.25,20100,9.25,D
sz002243,力合科创,2025-10-15 13:52:18,9.25,25400,9.26,D
sz002243,力合科创,2025-10-15 13:54:36,9.25,27000,9.26,D
sz002243,力合科创,2025-10-15 13:55:27,9.25,21900,9.25,D
sz002243,力合科创,2025-10-15 13:57:15,9.26,21400,9.26,U
sz002243,力合科创,2025-10-15 13:59:12,9.27,25000,9.27,D
sz002243,力合科创,2025-10-15 14:00:03,9.25,92400,9.26,D
sz002243,力合科创,2025-10-15 14:00:36,9.27,26400,9.27,U
sz002243,力合科创,2025-10-15 14:00:51,9.27,30700,9.27,D
sz002243,力合科创,2025-10-15 14:02:06,9.28,37300,9.28,U
sz002243,力合科创,2025-10-15 14:06:33,9.3,51000,9.29,U
sz002243,力合科创,2025-10-15 14:06:45,9.3,32900,9.3,U
sz002243,力合科创,2025-10-15 14:13:15,9.3,39000,9.3,D
sz002243,力合科创,2025-10-15 14:13:33,9.31,53800,9.29,U
sz002243,力合科创,2025-10-15 14:15:12,9.3,23600,9.31,D
sz002243,力合科创,2025-10-15 14:15:33,9.29,54700,9.3,D
sz002243,力合科创,2025-10-15 14:15:39,9.28,48700,9.29,D
sz002243,力合科创,2025-10-15 14:15:51,9.3,464700,9.29,U
sz002243,力合科创,2025-10-15 14:16:24,9.3,22100,9.29,U
sz002243,力合科创,2025-10-15 14:17:12,9.3,48800,9.3,D
sz002243,力合科创,2025-10-15 14:19:51,9.3,71700,9.31,D
sz002243,力合科创,2025-10-15 14:21:39,9.3,23800,9.3,U
sz002243,力合科创,2025-10-15 14:23:54,9.31,83300,9.3,U
sz002243,力合科创,2025-10-15 14:25:06,9.32,30000,9.32,U
sz002243,力合科创,2025-10-15 14:25:12,9.32,36700,9.32,U
sz002243,力合科创,2025-10-15 14:25:18,9.32,38800,9.32,D
sz002243,力合科创,2025-10-15 14:25:39,9.32,32200,9.31,U
sz002243,力合科创,2025-10-15 14:25:54,9.32,25100,9.32,U
sz002243,力合科创,2025-10-15 14:26:09,9.32,26000,9.32,U
sz002243,力合科创,2025-10-15 14:26:39,9.32,31400,9.31,U
sz002243,力合科创,2025-10-15 14:27:45,9.32,34700,9.32,U
sz002243,力合科创,2025-10-15 14:28:45,9.32,20600,9.32,D
sz002243,力合科创,2025-10-15 14:29:00,9.32,42400,9.32,D
sz002243,力合科创,2025-10-15 14:33:03,9.31,90800,9.31,D
sz002243,力合科创,2025-10-15 14:36:15,9.31,42400,9.3,U
sz002243,力合科创,2025-10-15 14:40:15,9.3,29200,9.3,E
sz002243,力合科创,2025-10-15 14:42:27,9.31,24100,9.31,U
sz002243,力合科创,2025-10-15 14:43:12,9.31,20000,9.31,U
sz002243,力合科创,2025-10-15 14:45:12,9.31,20200,9.3,U
sz002243,力合科创,2025-10-15 14:45:27,9.3,57800,9.31,D
sz002243,力合科创,2025-10-15 14:46:00,9.3,43400,9.31,D
sz002243,力合科创,2025-10-15 14:46:09,9.3,25100,9.3,D
sz002243,力合科创,2025-10-15 14:46:24,9.3,63600,9.3,U
sz002243,力合科创,2025-10-15 14:47:15,9.29,22200,9.3,D
sz002243,力合科创,2025-10-15 14:48:30,9.3,24700,9.3,D
sz002243,力合科创,2025-10-15 14:49:09,9.3,30800,9.3,D
sz002243,力合科创,2025-10-15 14:49:18,9.3,30100,9.3,U
sz002243,力合科创,2025-10-15 14:49:24,9.3,23800,9.3,U
sz002243,力合科创,2025-10-15 14:49:54,9.29,39900,9.29,D
sz002243,力合科创,2025-10-15 14:50:03,9.29,64900,9.29,D
sz002243,力合科创,2025-10-15 14:51:06,9.3,62400,9.29,U
sz002243,力合科创,2025-10-15 14:51:48,9.3,27800,9.3,U
sz002243,力合科创,2025-10-15 14:51:51,9.3,24700,9.3,D
sz002243,力合科创,2025-10-15 14:53:06,9.31,20100,9.3,U
sz002243,力合科创,2025-10-15 14:54:12,9.3,50200,9.3,D
sz002243,力合科创,2025-10-15 14:55:36,9.3,32800,9.31,D
sz002243,力合科创,2025-10-15 15:00:00,9.31,154200,9.3,E
