symbol,name,ticktime,price,volume,prev_price,kind
sz000100,TCL科技,2025-10-23 09:25:00,4.14,506400,0.0,U
sz000100,TCL科技,2025-10-23 09:30:00,4.14,32500,4.14,D
sz000100,TCL科技,2025-10-23 09:30:03,4.14,1327260,4.14,D
sz000100,TCL科技,2025-10-23 09:30:06,4.14,120760,4.14,D
sz000100,TCL科技,2025-10-23 09:30:09,4.15,661100,4.14,U
sz000100,TCL科技,2025-10-23 09:30:12,4.14,55800,4.15,D
sz000100,TCL科技,2025-10-23 09:30:15,4.14,83800,4.14,D
sz000100,TCL科技,2025-10-23 09:30:18,4.14,28100,4.14,D
sz000100,TCL科技,2025-10-23 09:30:21,4.15,65400,4.14,U
sz000100,TCL科技,2025-10-23 09:30:24,4.14,25400,4.15,D
sz000100,TCL科技,2025-10-23 09:30:27,4.15,54300,4.14,U
sz000100,TCL科技,2025-10-23 09:30:39,4.14,35800,4.14,D
sz000100,TCL科技,2025-10-23 09:30:42,4.14,112100,4.14,D
sz000100,TCL科技,2025-10-23 09:30:45,4.14,963580,4.14,D
sz000100,TCL科技,2025-10-23 09:30:48,4.13,63400,4.14,D
sz000100,TCL科技,2025-10-23 09:30:54,4.13,40600,4.14,D
sz000100,TCL科技,2025-10-23 09:30:57,4.14,31200,4.13,U
sz000100,TCL科技,2025-10-23 09:31:06,4.13,32100,4.14,D
sz000100,TCL科技,2025-10-23 09:31:09,4.13,157500,4.13,D
sz000100,TCL科技,2025-10-23 09:31:12,4.14,20500,4.13,U
sz000100,TCL科技,2025-10-23 09:31:15,4.13,80900,4.14,D
sz000100,TCL科技,2025-10-23 09:31:18,4.13,44400,4.13,D
sz000100,TCL科技,2025-10-23 09:31:21,4.13,95000,4.13,D
sz000100,TCL科技,2025-10-23 09:31:27,4.14,162700,4.14,U
sz000100,TCL科技,2025-10-23 09:31:36,4.14,1025900,4.13,U
sz000100,TCL科技,2025-10-23 09:31:39,4.13,41700,4.14,D
sz000100,TCL科技,2025-10-23 09:31:42,4.13,99100,4.13,D
sz000100,TCL科技,2025-10-23 09:31:45,4.13,69300,4.13,D
sz000100,TCL科技,2025-10-23 09:31:51,4.13,54100,4.14,D
sz000100,TCL科技,2025-10-23 09:31:54,4.13,75800,4.13,D
sz000100,TCL科技,2025-10-23 09:32:00,4.13,41600,4.14,D
sz000100,TCL科技,2025-10-23 09:32:06,4.14,27600,4.13,U
sz000100,TCL科技,2025-10-23 09:32:09,4.13,124800,4.14,D
sz000100,TCL科技,2025-10-23 09:32:12,4.14,54000,4.13,U
sz000100,TCL科技,2025-10-23 09:32:15,4.14,130200,4.14,U
sz000100,TCL科技,2025-10-23 09:32:18,4.13,30800,4.14,D
sz000100,TCL科技,2025-10-23 09:32:21,4.13,63500,4.13,D
sz000100,TCL科技,2025-10-23 09:32:24,4.14,25700,4.13,U
sz000100,TCL科技,2025-10-23 09:32:30,4.13,68100,4.14,D
sz000100,TCL科技,2025-10-23 09:32:33,4.14,31600,4.13,U
sz000100,TCL科技,2025-10-23 09:32:36,4.14,89400,4.14,U
sz000100,TCL科技,2025-10-23 09:32:39,4.14,99800,4.14,U
sz000100,TCL科技,2025-10-23 09:32:42,4.13,44000,4.14,D
sz000100,TCL科技,2025-10-23 09:32:45,4.14,50300,4.13,U
sz000100,TCL科技,2025-10-23 09:32:51,4.13,41000,4.13,D
sz000100,TCL科技,2025-10-23 09:32:54,4.13,40000,4.13,D
sz000100,TCL科技,2025-10-23 09:33:00,4.13,36500,4.13,D
sz000100,TCL科技,2025-10-23 09:33:03,4.13,24900,4.13,D
sz000100,TCL科技,2025-10-23 09:33:09,4.14,26100,4.13,U
sz000100,TCL科技,2025-10-23 09:33:12,4.13,112100,4.14,D
sz000100,TCL科技,2025-10-23 09:33:15,4.13,30000,4.13,D
sz000100,TCL科技,2025-10-23 09:33:21,4.13,70900,4.14,D
sz000100,TCL科技,2025-10-23 09:33:24,4.13,45100,4.13,D
sz000100,TCL科技,2025-10-23 09:33:30,4.13,126500,4.13,D
sz000100,TCL科技,2025-10-23 09:33:36,4.13,61500,4.13,D
sz000100,TCL科技,2025-10-23 09:33:39,4.13,34600,4.13,D
sz000100,TCL科技,2025-10-23 09:33:42,4.14,23800,4.13,U
sz000100,TCL科技,2025-10-23 09:33:45,4.13,69500,4.14,D
sz000100,TCL科技,2025-10-23 09:33:51,4.13,24500,4.13,D
sz000100,TCL科技,2025-10-23 09:33:54,4.13,40300,4.13,D
sz000100,TCL科技,2025-10-23 09:33:57,4.13,50400,4.13,D
sz000100,TCL科技,2025-10-23 09:34:00,4.13,40400,4.13,D
sz000100,TCL科技,2025-10-23 09:34:03,4.13,42200,4.13,D
sz000100,TCL科技,2025-10-23 09:34:06,4.13,91300,4.13,D
sz000100,TCL科技,2025-10-23 09:34:18,4.13,51800,4.13,D
sz000100,TCL科技,2025-10-23 09:34:21,4.13,96600,4.13,D
sz000100,TCL科技,2025-10-23 09:34:24,4.14,27100,4.13,U
sz000100,TCL科技,2025-10-23 09:34:27,4.14,34500,4.14,U
sz000100,TCL科技,2025-10-23 09:34:39,4.14,76300,4.14,U
sz000100,TCL科技,2025-10-23 09:34:42,4.14,25700,4.14,U
sz000100,TCL科技,2025-10-23 09:34:57,4.14,110700,4.13,U
sz000100,TCL科技,2025-10-23 09:35:00,4.14,66600,4.14,U
sz000100,TCL科技,2025-10-23 09:35:03,4.14,121300,4.14,U
sz000100,TCL科技,2025-10-23 09:35:09,4.13,44400,4.13,D
sz000100,TCL科技,2025-10-23 09:35:18,4.13,64100,4.13,D
sz000100,TCL科技,2025-10-23 09:35:27,4.13,263600,4.13,D
sz000100,TCL科技,2025-10-23 09:35:30,4.14,69400,4.13,U
sz000100,TCL科技,2025-10-23 09:35:33,4.14,278100,4.14,U
sz000100,TCL科技,2025-10-23 09:35:39,4.13,46200,4.14,D
sz000100,TCL科技,2025-10-23 09:35:42,4.13,20100,4.13,D
sz000100,TCL科技,2025-10-23 09:35:45,4.14,38500,4.13,U
sz000100,TCL科技,2025-10-23 09:35:48,4.13,41200,4.14,D
sz000100,TCL科技,2025-10-23 09:35:51,4.13,22600,4.13,D
sz000100,TCL科技,2025-10-23 09:35:54,4.13,24400,4.13,D
sz000100,TCL科技,2025-10-23 09:35:57,4.13,26200,4.13,D
sz000100,TCL科技,2025-10-23 09:36:03,4.14,61100,4.13,U
sz000100,TCL科技,2025-10-23 09:36:06,4.13,87800,4.14,D
sz000100,TCL科技,2025-10-23 09:36:09,4.13,295400,4.13,D
sz000100,TCL科技,2025-10-23 09:36:15,4.13,44500,4.14,D
sz000100,TCL科技,2025-10-23 09:36:18,4.13,63100,4.13,D
sz000100,TCL科技,2025-10-23 09:36:21,4.13,205600,4.13,D
sz000100,TCL科技,2025-10-23 09:36:24,4.13,69500,4.13,D
sz000100,TCL科技,2025-10-23 09:36:27,4.13,34500,4.13,D
sz000100,TCL科技,2025-10-23 09:36:42,4.13,22100,4.14,D
sz000100,TCL科技,2025-10-23 09:36:45,4.13,52400,4.13,D
sz000100,TCL科技,2025-10-23 09:36:48,4.13,50000,4.13,D
sz000100,TCL科技,2025-10-23 09:36:51,4.14,46400,4.13,U
sz000100,TCL科技,2025-10-23 09:37:03,4.13,21200,4.14,D
sz000100,TCL科技,2025-10-23 09:37:06,4.14,32700,4.13,U
sz000100,TCL科技,2025-10-23 09:37:09,4.14,318100,4.14,U
sz000100,TCL科技,2025-10-23 09:37:12,4.13,36000,4.14,D
sz000100,TCL科技,2025-10-23 09:37:15,4.14,30900,4.13,U
sz000100,TCL科技,2025-10-23 09:37:18,4.13,32200,4.14,D
sz000100,TCL科技,2025-10-23 09:37:21,4.14,93600,4.13,U
sz000100,TCL科技,2025-10-23 09:37:24,4.14,51100,4.14,U
sz000100,TCL科技,2025-10-23 09:37:27,4.14,27400,4.14,U
sz000100,TCL科技,2025-10-23 09:37:42,4.13,28800,4.13,D
sz000100,TCL科技,2025-10-23 09:37:45,4.13,21900,4.13,D
sz000100,TCL科技,2025-10-23 09:37:48,4.13,92000,4.13,D
sz000100,TCL科技,2025-10-23 09:37:51,4.13,58300,4.13,D
sz000100,TCL科技,2025-10-23 09:37:54,4.14,37500,4.13,U
sz000100,TCL科技,2025-10-23 09:38:06,4.14,47800,4.14,U
sz000100,TCL科技,2025-10-23 09:38:09,4.14,54100,4.14,U
sz000100,TCL科技,2025-10-23 09:38:15,4.13,50300,4.13,D
sz000100,TCL科技,2025-10-23 09:38:18,4.13,72400,4.13,D
sz000100,TCL科技,2025-10-23 09:38:21,4.14,88300,4.13,U
sz000100,TCL科技,2025-10-23 09:38:27,4.13,55900,4.13,D
sz000100,TCL科技,2025-10-23 09:38:30,4.13,24000,4.13,D
sz000100,TCL科技,2025-10-23 09:38:33,4.13,310700,4.13,D
sz000100,TCL科技,2025-10-23 09:38:36,4.14,38400,4.13,U
sz000100,TCL科技,2025-10-23 09:38:39,4.13,22700,4.14,D
sz000100,TCL科技,2025-10-23 09:38:42,4.13,20630,4.13,D
sz000100,TCL科技,2025-10-23 09:38:48,4.13,25700,4.14,D
sz000100,TCL科技,2025-10-23 09:38:51,4.13,44000,4.13,D
sz000100,TCL科技,2025-10-23 09:38:54,4.14,47300,4.13,U
sz000100,TCL科技,2025-10-23 09:39:03,4.13,48300,4.13,D
sz000100,TCL科技,2025-10-23 09:39:09,4.13,74600,4.13,D
sz000100,TCL科技,2025-10-23 09:39:15,4.13,36800,4.13,D
sz000100,TCL科技,2025-10-23 09:39:18,4.13,64000,4.13,D
sz000100,TCL科技,2025-10-23 09:39:21,4.13,50200,4.13,D
sz000100,TCL科技,2025-10-23 09:39:24,4.14,131500,4.13,U
sz000100,TCL科技,2025-10-23 09:39:27,4.13,63100,4.14,D
sz000100,TCL科技,2025-10-23 09:39:33,4.13,32360,4.14,D
sz000100,TCL科技,2025-10-23 09:39:36,4.13,47800,4.13,D
sz000100,TCL科技,2025-10-23 09:39:39,4.13,109100,4.13,D
sz000100,TCL科技,2025-10-23 09:39:42,4.13,6694120,4.13,D
sz000100,TCL科技,2025-10-23 09:39:45,4.12,114500,4.13,D
sz000100,TCL科技,2025-10-23 09:39:48,4.13,895000,4.12,U
sz000100,TCL科技,2025-10-23 09:39:51,4.12,72500,4.13,D
sz000100,TCL科技,2025-10-23 09:39:54,4.12,72000,4.12,D
sz000100,TCL科技,2025-10-23 09:39:57,4.12,120000,4.12,D
sz000100,TCL科技,2025-10-23 09:40:03,4.13,35600,4.12,U
sz000100,TCL科技,2025-10-23 09:40:06,4.12,40800,4.13,D
sz000100,TCL科技,2025-10-23 09:40:09,4.13,45700,4.12,U
sz000100,TCL科技,2025-10-23 09:40:21,4.12,44500,4.12,D
sz000100,TCL科技,2025-10-23 09:40:24,4.12,22200,4.12,D
sz000100,TCL科技,2025-10-23 09:40:27,4.12,47250,4.12,D
sz000100,TCL科技,2025-10-23 09:40:30,4.13,24900,4.12,U
sz000100,TCL科技,2025-10-23 09:40:36,4.12,22100,4.13,D
sz000100,TCL科技,2025-10-23 09:40:42,4.13,50500,4.12,U
sz000100,TCL科技,2025-10-23 09:40:45,4.13,29500,4.13,U
sz000100,TCL科技,2025-10-23 09:40:51,4.12,34000,4.12,D
sz000100,TCL科技,2025-10-23 09:40:57,4.12,61500,4.12,D
sz000100,TCL科技,2025-10-23 09:41:00,4.12,111200,4.12,D
sz000100,TCL科技,2025-10-23 09:41:03,4.13,25300,4.12,U
sz000100,TCL科技,2025-10-23 09:41:06,4.12,27100,4.13,D
sz000100,TCL科技,2025-10-23 09:41:09,4.13,320600,4.12,U
sz000100,TCL科技,2025-10-23 09:41:12,4.12,44900,4.13,D
sz000100,TCL科技,2025-10-23 09:41:15,4.12,41900,4.12,D
sz000100,TCL科技,2025-10-23 09:41:21,4.12,47600,4.12,D
sz000100,TCL科技,2025-10-23 09:41:30,4.12,48000,4.13,D
sz000100,TCL科技,2025-10-23 09:41:33,4.13,77700,4.12,U
sz000100,TCL科技,2025-10-23 09:41:36,4.12,52700,4.13,D
sz000100,TCL科技,2025-10-23 09:41:39,4.12,108600,4.12,D
sz000100,TCL科技,2025-10-23 09:41:42,4.12,48400,4.12,D
sz000100,TCL科技,2025-10-23 09:41:45,4.12,52100,4.12,D
sz000100,TCL科技,2025-10-23 09:41:48,4.12,56600,4.12,D
sz000100,TCL科技,2025-10-23 09:41:51,4.12,54900,4.12,D
sz000100,TCL科技,2025-10-23 09:41:54,4.12,20660,4.12,D
sz000100,TCL科技,2025-10-23 09:41:57,4.13,81800,4.12,U
sz000100,TCL科技,2025-10-23 09:42:00,4.13,55000,4.13,U
sz000100,TCL科技,2025-10-23 09:42:06,4.12,23100,4.13,D
sz000100,TCL科技,2025-10-23 09:42:15,4.12,23100,4.13,D
sz000100,TCL科技,2025-10-23 09:42:18,4.13,24900,4.12,U
sz000100,TCL科技,2025-10-23 09:42:21,4.12,30900,4.13,D
sz000100,TCL科技,2025-10-23 09:42:27,4.13,40700,4.12,U
sz000100,TCL科技,2025-10-23 09:42:36,4.12,31020,4.13,D
sz000100,TCL科技,2025-10-23 09:42:39,4.13,74000,4.12,U
sz000100,TCL科技,2025-10-23 09:42:42,4.12,31400,4.13,D
sz000100,TCL科技,2025-10-23 09:42:48,4.12,74700,4.12,D
sz000100,TCL科技,2025-10-23 09:42:54,4.13,32200,4.12,U
sz000100,TCL科技,2025-10-23 09:43:03,4.13,20900,4.13,U
sz000100,TCL科技,2025-10-23 09:43:06,4.13,70800,4.13,U
sz000100,TCL科技,2025-10-23 09:43:09,4.13,23500,4.13,U
sz000100,TCL科技,2025-10-23 09:43:12,4.12,20200,4.13,D
sz000100,TCL科技,2025-10-23 09:43:18,4.12,65000,4.13,D
sz000100,TCL科技,2025-10-23 09:43:21,4.13,141500,4.12,U
sz000100,TCL科技,2025-10-23 09:43:24,4.13,23500,4.13,U
sz000100,TCL科技,2025-10-23 09:43:33,4.12,26800,4.13,D
sz000100,TCL科技,2025-10-23 09:43:36,4.12,34200,4.12,D
sz000100,TCL科技,2025-10-23 09:43:48,4.12,49000,4.13,D
sz000100,TCL科技,2025-10-23 09:43:51,4.12,40400,4.12,D
sz000100,TCL科技,2025-10-23 09:43:54,4.13,27200,4.12,U
sz000100,TCL科技,2025-10-23 09:43:57,4.12,30000,4.13,D
sz000100,TCL科技,2025-10-23 09:44:00,4.13,38800,4.12,U
sz000100,TCL科技,2025-10-23 09:44:03,4.13,23400,4.13,U
sz000100,TCL科技,2025-10-23 09:44:09,4.12,76300,4.12,D
sz000100,TCL科技,2025-10-23 09:44:12,4.13,60600,4.12,U
sz000100,TCL科技,2025-10-23 09:44:15,4.13,168600,4.13,U
sz000100,TCL科技,2025-10-23 09:44:21,4.13,65100,4.12,U
sz000100,TCL科技,2025-10-23 09:44:24,4.13,22400,4.13,U
sz000100,TCL科技,2025-10-23 09:44:27,4.13,56000,4.13,U
sz000100,TCL科技,2025-10-23 09:44:30,4.13,23500,4.13,U
sz000100,TCL科技,2025-10-23 09:44:33,4.13,21200,4.13,U
sz000100,TCL科技,2025-10-23 09:44:39,4.13,21900,4.13,U
sz000100,TCL科技,2025-10-23 09:44:45,4.13,74000,4.12,U
sz000100,TCL科技,2025-10-23 09:44:48,4.12,39000,4.13,D
sz000100,TCL科技,2025-10-23 09:44:51,4.12,37000,4.12,D
sz000100,TCL科技,2025-10-23 09:44:57,4.12,46500,4.13,D
sz000100,TCL科技,2025-10-23 09:45:00,4.13,116400,4.12,U
sz000100,TCL科技,2025-10-23 09:45:03,4.13,61300,4.13,U
sz000100,TCL科技,2025-10-23 09:45:09,4.13,45800,4.13,U
sz000100,TCL科技,2025-10-23 09:45:18,4.13,23600,4.13,U
sz000100,TCL科技,2025-10-23 09:45:27,4.12,43300,4.13,D
sz000100,TCL科技,2025-10-23 09:45:33,4.12,52700,4.13,D
sz000100,TCL科技,2025-10-23 09:45:42,4.12,21500,4.12,D
sz000100,TCL科技,2025-10-23 09:45:48,4.12,32300,4.13,D
sz000100,TCL科技,2025-10-23 09:45:54,4.12,26000,4.13,D
sz000100,TCL科技,2025-10-23 09:46:00,4.12,30400,4.12,D
sz000100,TCL科技,2025-10-23 09:46:09,4.12,25200,4.12,D
sz000100,TCL科技,2025-10-23 09:46:12,4.13,42400,4.12,U
sz000100,TCL科技,2025-10-23 09:46:18,4.12,30000,4.12,D
sz000100,TCL科技,2025-10-23 09:46:21,4.12,22000,4.12,D
sz000100,TCL科技,2025-10-23 09:46:24,4.12,76400,4.12,D
sz000100,TCL科技,2025-10-23 09:46:30,4.12,43400,4.13,D
sz000100,TCL科技,2025-10-23 09:46:36,4.12,216000,4.13,D
sz000100,TCL科技,2025-10-23 09:46:48,4.12,21900,4.13,D
sz000100,TCL科技,2025-10-23 09:46:54,4.13,33800,4.12,U
sz000100,TCL科技,2025-10-23 09:46:57,4.12,117200,4.13,D
sz000100,TCL科技,2025-10-23 09:47:00,4.13,32200,4.12,U
sz000100,TCL科技,2025-10-23 09:47:06,4.13,25500,4.13,U
sz000100,TCL科技,2025-10-23 09:47:09,4.12,20500,4.13,D
sz000100,TCL科技,2025-10-23 09:47:18,4.13,51800,4.13,U
sz000100,TCL科技,2025-10-23 09:47:21,4.12,159000,4.13,D
sz000100,TCL科技,2025-10-23 09:47:30,4.13,21400,4.12,U
sz000100,TCL科技,2025-10-23 09:47:33,4.13,32900,4.13,U
sz000100,TCL科技,2025-10-23 09:47:36,4.13,118900,4.13,U
sz000100,TCL科技,2025-10-23 09:47:39,4.12,25600,4.13,D
sz000100,TCL科技,2025-10-23 09:47:48,4.13,61700,4.13,U
sz000100,TCL科技,2025-10-23 09:47:57,4.12,1000400,4.12,D
sz000100,TCL科技,2025-10-23 09:48:06,4.12,56700,4.12,D
sz000100,TCL科技,2025-10-23 09:48:12,4.13,34800,4.12,U
sz000100,TCL科技,2025-10-23 09:48:15,4.12,26900,4.13,D
sz000100,TCL科技,2025-10-23 09:48:18,4.12,183500,4.12,D
sz000100,TCL科技,2025-10-23 09:48:21,4.13,36100,4.12,U
sz000100,TCL科技,2025-10-23 09:48:24,4.12,264860,4.13,D
sz000100,TCL科技,2025-10-23 09:48:27,4.12,304200,4.12,D
sz000100,TCL科技,2025-10-23 09:48:30,4.12,295400,4.12,D
sz000100,TCL科技,2025-10-23 09:48:33,4.12,108200,4.12,D
sz000100,TCL科技,2025-10-23 09:48:36,4.12,397400,4.12,D
sz000100,TCL科技,2025-10-23 09:48:39,4.12,119000,4.12,D
sz000100,TCL科技,2025-10-23 09:48:42,4.12,72000,4.12,D
sz000100,TCL科技,2025-10-23 09:48:45,4.12,46900,4.12,D
sz000100,TCL科技,2025-10-23 09:48:48,4.13,136700,4.12,U
sz000100,TCL科技,2025-10-23 09:48:51,4.13,64300,4.13,U
sz000100,TCL科技,2025-10-23 09:48:54,4.12,31610,4.13,D
sz000100,TCL科技,2025-10-23 09:49:09,4.12,125100,4.12,D
sz000100,TCL科技,2025-10-23 09:49:12,4.13,36210,4.12,U
sz000100,TCL科技,2025-10-23 09:49:15,4.12,44700,4.13,D
sz000100,TCL科技,2025-10-23 09:49:18,4.13,40400,4.12,U
sz000100,TCL科技,2025-10-23 09:49:21,4.13,58000,4.13,U
sz000100,TCL科技,2025-10-23 09:49:24,4.12,51600,4.13,D
sz000100,TCL科技,2025-10-23 09:49:30,4.13,62000,4.13,U
sz000100,TCL科技,2025-10-23 09:49:33,4.13,34200,4.13,U
sz000100,TCL科技,2025-10-23 09:49:36,4.12,50100,4.13,D
sz000100,TCL科技,2025-10-23 09:49:45,4.13,28900,4.12,U
sz000100,TCL科技,2025-10-23 09:49:48,4.12,21400,4.13,D
sz000100,TCL科技,2025-10-23 09:49:57,4.13,23300,4.13,U
sz000100,TCL科技,2025-10-23 09:50:00,4.12,38000,4.13,D
sz000100,TCL科技,2025-10-23 09:50:03,4.13,60400,4.12,U
sz000100,TCL科技,2025-10-23 09:50:09,4.13,21400,4.13,U
sz000100,TCL科技,2025-10-23 09:50:12,4.12,27500,4.13,D
sz000100,TCL科技,2025-10-23 09:50:24,4.12,48500,4.12,D
sz000100,TCL科技,2025-10-23 09:50:30,4.12,70600,4.13,D
sz000100,TCL科技,2025-10-23 09:50:33,4.13,56450,4.12,U
sz000100,TCL科技,2025-10-23 09:50:45,4.12,237600,4.12,D
sz000100,TCL科技,2025-10-23 09:50:51,4.13,39000,4.12,U
sz000100,TCL科技,2025-10-23 09:50:57,4.13,34400,4.13,U
sz000100,TCL科技,2025-10-23 09:51:00,4.12,40000,4.13,D
sz000100,TCL科技,2025-10-23 09:51:03,4.13,20000,4.12,U
sz000100,TCL科技,2025-10-23 09:51:06,4.13,20600,4.13,U
sz000100,TCL科技,2025-10-23 09:51:12,4.13,37700,4.12,U
sz000100,TCL科技,2025-10-23 09:51:18,4.12,280300,4.13,D
sz000100,TCL科技,2025-10-23 09:51:24,4.12,79700,4.13,D
sz000100,TCL科技,2025-10-23 09:51:39,4.12,48900,4.12,D
sz000100,TCL科技,2025-10-23 09:51:51,4.12,20100,4.13,D
sz000100,TCL科技,2025-10-23 09:51:57,4.12,424000,4.13,D
sz000100,TCL科技,2025-10-23 09:52:00,4.12,38700,4.12,D
sz000100,TCL科技,2025-10-23 09:52:03,4.13,26500,4.12,U
sz000100,TCL科技,2025-10-23 09:52:15,4.12,51800,4.12,D
sz000100,TCL科技,2025-10-23 09:52:18,4.12,20510,4.12,D
sz000100,TCL科技,2025-10-23 09:52:21,4.12,26800,4.12,D
sz000100,TCL科技,2025-10-23 09:52:24,4.12,25600,4.12,D
sz000100,TCL科技,2025-10-23 09:52:33,4.13,55000,4.13,U
sz000100,TCL科技,2025-10-23 09:52:36,4.12,32800,4.13,D
sz000100,TCL科技,2025-10-23 09:52:39,4.12,50300,4.12,D
sz000100,TCL科技,2025-10-23 09:52:42,4.12,21500,4.12,D
sz000100,TCL科技,2025-10-23 09:52:45,4.12,30400,4.12,D
sz000100,TCL科技,2025-10-23 09:52:48,4.12,40400,4.12,D
sz000100,TCL科技,2025-10-23 09:52:57,4.12,40700,4.13,D
sz000100,TCL科技,2025-10-23 09:53:06,4.13,21100,4.13,U
sz000100,TCL科技,2025-10-23 09:53:09,4.13,123800,4.13,U
sz000100,TCL科技,2025-10-23 09:53:12,4.12,29400,4.13,D
sz000100,TCL科技,2025-10-23 09:53:18,4.12,33500,4.12,D
sz000100,TCL科技,2025-10-23 09:53:27,4.12,46600,4.12,D
sz000100,TCL科技,2025-10-23 09:53:33,4.12,49100,4.13,D
sz000100,TCL科技,2025-10-23 09:53:36,4.12,45100,4.12,D
sz000100,TCL科技,2025-10-23 09:53:45,4.12,25700,4.12,D
sz000100,TCL科技,2025-10-23 09:53:48,4.12,35000,4.12,D
sz000100,TCL科技,2025-10-23 09:53:54,4.13,36600,4.12,U
sz000100,TCL科技,2025-10-23 09:53:57,4.13,33300,4.13,U
sz000100,TCL科技,2025-10-23 09:54:03,4.12,62300,4.12,D
sz000100,TCL科技,2025-10-23 09:54:09,4.12,36700,4.12,D
sz000100,TCL科技,2025-10-23 09:54:12,4.12,21200,4.12,D
sz000100,TCL科技,2025-10-23 09:54:15,4.12,29300,4.12,D
sz000100,TCL科技,2025-10-23 09:54:30,4.12,121700,4.12,D
sz000100,TCL科技,2025-10-23 09:54:33,4.12,21500,4.12,D
sz000100,TCL科技,2025-10-23 09:54:36,4.12,48600,4.12,D
sz000100,TCL科技,2025-10-23 09:54:39,4.13,33300,4.12,U
sz000100,TCL科技,2025-10-23 09:54:42,4.12,49300,4.13,D
sz000100,TCL科技,2025-10-23 09:54:51,4.12,50900,4.12,D
sz000100,TCL科技,2025-10-23 09:55:00,4.13,27200,4.12,U
sz000100,TCL科技,2025-10-23 09:55:15,4.13,30200,4.12,U
sz000100,TCL科技,2025-10-23 09:55:18,4.12,24300,4.13,D
sz000100,TCL科技,2025-10-23 09:55:30,4.12,36000,4.13,D
sz000100,TCL科技,2025-10-23 09:55:33,4.12,33215,4.12,D
sz000100,TCL科技,2025-10-23 09:55:42,4.12,21000,4.12,D
sz000100,TCL科技,2025-10-23 09:55:48,4.12,23400,4.12,D
sz000100,TCL科技,2025-10-23 09:55:57,4.12,20500,4.13,D
sz000100,TCL科技,2025-10-23 09:56:06,4.12,25500,4.12,D
sz000100,TCL科技,2025-10-23 09:56:09,4.12,83200,4.12,D
sz000100,TCL科技,2025-10-23 09:56:12,4.12,63300,4.12,D
sz000100,TCL科技,2025-10-23 09:56:15,4.12,25400,4.12,D
sz000100,TCL科技,2025-10-23 09:56:27,4.13,151500,4.12,U
sz000100,TCL科技,2025-10-23 09:56:33,4.12,46100,4.12,D
sz000100,TCL科技,2025-10-23 09:56:39,4.12,84400,4.12,D
sz000100,TCL科技,2025-10-23 09:56:45,4.13,20500,4.12,U
sz000100,TCL科技,2025-10-23 09:56:48,4.12,51100,4.13,D
sz000100,TCL科技,2025-10-23 09:56:54,4.12,33100,4.12,D
sz000100,TCL科技,2025-10-23 09:56:57,4.12,26900,4.12,D
sz000100,TCL科技,2025-10-23 09:57:00,4.12,62000,4.12,D
sz000100,TCL科技,2025-10-23 09:57:03,4.12,50300,4.12,D
sz000100,TCL科技,2025-10-23 09:57:24,4.13,51300,4.13,U
sz000100,TCL科技,2025-10-23 09:57:27,4.12,44800,4.13,D
sz000100,TCL科技,2025-10-23 09:57:36,4.12,45500,4.12,D
sz000100,TCL科技,2025-10-23 09:57:39,4.12,71600,4.12,D
sz000100,TCL科技,2025-10-23 09:57:42,4.12,27400,4.12,D
sz000100,TCL科技,2025-10-23 09:57:45,4.12,107000,4.12,D
sz000100,TCL科技,2025-10-23 09:58:03,4.12,260600,4.12,D
sz000100,TCL科技,2025-10-23 09:58:09,4.12,144700,4.12,D
sz000100,TCL科技,2025-10-23 09:58:12,4.12,100000,4.12,D
sz000100,TCL科技,2025-10-23 09:58:18,4.12,21600,4.12,D
sz000100,TCL科技,2025-10-23 09:58:21,4.12,6992015,4.12,D
sz000100,TCL科技,2025-10-23 09:58:24,4.12,72300,4.12,U
sz000100,TCL科技,2025-10-23 09:58:27,4.12,51200,4.12,U
sz000100,TCL科技,2025-10-23 09:58:30,4.12,1042700,4.12,U
sz000100,TCL科技,2025-10-23 09:58:33,4.11,21300,4.12,D
sz000100,TCL科技,2025-10-23 09:58:36,4.11,62000,4.11,D
sz000100,TCL科技,2025-10-23 09:58:48,4.11,35200,4.11,D
sz000100,TCL科技,2025-10-23 09:58:51,4.12,1093000,4.11,U
sz000100,TCL科技,2025-10-23 09:59:03,4.11,27600,4.12,D
sz000100,TCL科技,2025-10-23 09:59:09,4.12,42000,4.11,U
sz000100,TCL科技,2025-10-23 09:59:15,4.12,33900,4.12,U
sz000100,TCL科技,2025-10-23 09:59:21,4.12,70500,4.11,U
sz000100,TCL科技,2025-10-23 09:59:30,4.11,73200,4.11,D
sz000100,TCL科技,2025-10-23 09:59:33,4.11,67800,4.11,D
sz000100,TCL科技,2025-10-23 09:59:39,4.12,32600,4.11,U
sz000100,TCL科技,2025-10-23 09:59:45,4.11,31700,4.11,D
sz000100,TCL科技,2025-10-23 09:59:48,4.11,23800,4.11,D
sz000100,TCL科技,2025-10-23 09:59:57,4.11,23800,4.12,D
sz000100,TCL科技,2025-10-23 10:00:00,4.11,28200,4.11,D
sz000100,TCL科技,2025-10-23 10:00:06,4.12,34700,4.12,U
sz000100,TCL科技,2025-10-23 10:00:12,4.12,52700,4.11,U
sz000100,TCL科技,2025-10-23 10:00:18,4.12,25700,4.12,U
sz000100,TCL科技,2025-10-23 10:00:27,4.12,50700,4.12,U
sz000100,TCL科技,2025-10-23 10:00:42,4.11,35800,4.11,D
sz000100,TCL科技,2025-10-23 10:00:45,4.11,221700,4.11,D
sz000100,TCL科技,2025-10-23 10:00:48,4.11,22600,4.11,D
sz000100,TCL科技,2025-10-23 10:00:51,4.12,26400,4.11,U
sz000100,TCL科技,2025-10-23 10:01:06,4.12,68600,4.11,U
sz000100,TCL科技,2025-10-23 10:01:09,4.11,22400,4.12,D
sz000100,TCL科技,2025-10-23 10:01:15,4.11,27900,4.12,D
sz000100,TCL科技,2025-10-23 10:01:18,4.11,36200,4.11,D
sz000100,TCL科技,2025-10-23 10:01:30,4.12,34400,4.11,U
sz000100,TCL科技,2025-10-23 10:01:33,4.12,26020,4.12,U
sz000100,TCL科技,2025-10-23 10:01:42,4.11,49200,4.11,D
sz000100,TCL科技,2025-10-23 10:01:51,4.12,149200,4.11,U
sz000100,TCL科技,2025-10-23 10:01:54,4.12,55400,4.12,U
sz000100,TCL科技,2025-10-23 10:02:00,4.12,6567570,4.11,U
sz000100,TCL科技,2025-10-23 10:02:03,4.12,527500,4.12,D
sz000100,TCL科技,2025-10-23 10:02:09,4.12,22100,4.12,D
sz000100,TCL科技,2025-10-23 10:02:12,4.13,20500,4.12,U
sz000100,TCL科技,2025-10-23 10:02:21,4.13,45400,4.12,U
sz000100,TCL科技,2025-10-23 10:02:27,4.13,7127979,4.12,U
sz000100,TCL科技,2025-10-23 10:02:30,4.13,182200,4.13,D
sz000100,TCL科技,2025-10-23 10:02:33,4.13,27600,4.13,D
sz000100,TCL科技,2025-10-23 10:02:45,4.13,44800,4.14,D
sz000100,TCL科技,2025-10-23 10:02:48,4.13,41510,4.13,D
sz000100,TCL科技,2025-10-23 10:02:51,4.14,26000,4.13,U
sz000100,TCL科技,2025-10-23 10:02:57,4.14,58000,4.13,U
sz000100,TCL科技,2025-10-23 10:03:18,4.13,76100,4.13,D
sz000100,TCL科技,2025-10-23 10:03:24,4.14,37600,4.13,U
sz000100,TCL科技,2025-10-23 10:03:30,4.13,63950,4.13,D
sz000100,TCL科技,2025-10-23 10:03:36,4.13,20700,4.14,D
sz000100,TCL科技,2025-10-23 10:03:57,4.14,45000,4.13,U
sz000100,TCL科技,2025-10-23 10:04:09,4.14,102800,4.14,U
sz000100,TCL科技,2025-10-23 10:04:12,4.13,61800,4.14,D
sz000100,TCL科技,2025-10-23 10:04:15,4.14,32100,4.13,U
sz000100,TCL科技,2025-10-23 10:04:42,4.14,27800,4.13,U
sz000100,TCL科技,2025-10-23 10:05:00,4.14,24500,4.14,U
sz000100,TCL科技,2025-10-23 10:05:09,4.13,38200,4.13,D
sz000100,TCL科技,2025-10-23 10:05:30,4.14,36600,4.14,U
sz000100,TCL科技,2025-10-23 10:05:57,4.13,23900,4.14,D
sz000100,TCL科技,2025-10-23 10:06:00,4.13,26500,4.13,D
sz000100,TCL科技,2025-10-23 10:06:03,4.13,107500,4.13,D
sz000100,TCL科技,2025-10-23 10:06:06,4.14,27000,4.13,U
sz000100,TCL科技,2025-10-23 10:06:21,4.14,34900,4.13,U
sz000100,TCL科技,2025-10-23 10:06:24,4.13,20000,4.14,D
sz000100,TCL科技,2025-10-23 10:06:27,4.14,25800,4.13,U
sz000100,TCL科技,2025-10-23 10:06:42,4.13,37100,4.13,D
sz000100,TCL科技,2025-10-23 10:06:48,4.13,36100,4.14,D
sz000100,TCL科技,2025-10-23 10:06:51,4.14,23800,4.13,U
sz000100,TCL科技,2025-10-23 10:06:54,4.13,512600,4.14,D
sz000100,TCL科技,2025-10-23 10:07:00,4.13,98300,4.14,D
sz000100,TCL科技,2025-10-23 10:07:03,4.14,22800,4.13,U
sz000100,TCL科技,2025-10-23 10:07:12,4.13,29280,4.14,D
sz000100,TCL科技,2025-10-23 10:07:24,4.13,42100,4.13,D
sz000100,TCL科技,2025-10-23 10:07:27,4.13,22400,4.13,D
sz000100,TCL科技,2025-10-23 10:07:39,4.13,27700,4.14,D
sz000100,TCL科技,2025-10-23 10:07:57,4.14,58000,4.13,U
sz000100,TCL科技,2025-10-23 10:08:00,4.13,30300,4.14,D
sz000100,TCL科技,2025-10-23 10:08:12,4.14,27900,4.13,U
sz000100,TCL科技,2025-10-23 10:08:15,4.13,138700,4.14,D
sz000100,TCL科技,2025-10-23 10:08:24,4.13,38000,4.13,D
sz000100,TCL科技,2025-10-23 10:08:33,4.14,53900,4.14,U
sz000100,TCL科技,2025-10-23 10:08:51,4.13,32600,4.14,D
sz000100,TCL科技,2025-10-23 10:09:18,4.13,42000,4.13,D
sz000100,TCL科技,2025-10-23 10:09:33,4.13,63500,4.13,D
sz000100,TCL科技,2025-10-23 10:09:36,4.13,27700,4.13,D
sz000100,TCL科技,2025-10-23 10:09:39,4.13,27100,4.13,D
sz000100,TCL科技,2025-10-23 10:09:42,4.13,22200,4.13,D
sz000100,TCL科技,2025-10-23 10:10:00,4.13,34400,4.13,D
sz000100,TCL科技,2025-10-23 10:10:06,4.13,59000,4.13,D
sz000100,TCL科技,2025-10-23 10:10:15,4.13,145400,4.13,D
sz000100,TCL科技,2025-10-23 10:10:18,4.13,96300,4.13,D
sz000100,TCL科技,2025-10-23 10:10:21,4.13,25800,4.13,D
sz000100,TCL科技,2025-10-23 10:10:24,4.14,62500,4.13,U
sz000100,TCL科技,2025-10-23 10:10:27,4.13,34000,4.14,D
sz000100,TCL科技,2025-10-23 10:10:36,4.13,21000,4.14,D
sz000100,TCL科技,2025-10-23 10:10:42,4.14,153500,4.14,U
sz000100,TCL科技,2025-10-23 10:10:48,4.13,27600,4.13,D
sz000100,TCL科技,2025-10-23 10:11:00,4.13,80200,4.13,D
sz000100,TCL科技,2025-10-23 10:11:12,4.13,78900,4.13,D
sz000100,TCL科技,2025-10-23 10:11:18,4.13,108200,4.14,D
sz000100,TCL科技,2025-10-23 10:11:24,4.13,20000,4.13,D
sz000100,TCL科技,2025-10-23 10:11:33,4.13,20200,4.13,D
sz000100,TCL科技,2025-10-23 10:11:36,4.13,59000,4.13,D
sz000100,TCL科技,2025-10-23 10:11:51,4.13,57800,4.14,D
sz000100,TCL科技,2025-10-23 10:12:00,4.13,25000,4.13,D
sz000100,TCL科技,2025-10-23 10:12:03,4.14,29600,4.13,U
sz000100,TCL科技,2025-10-23 10:12:06,4.13,173600,4.14,D
sz000100,TCL科技,2025-10-23 10:12:15,4.13,41100,4.13,D
sz000100,TCL科技,2025-10-23 10:12:18,4.13,210100,4.13,D
sz000100,TCL科技,2025-10-23 10:12:21,4.14,44300,4.13,U
sz000100,TCL科技,2025-10-23 10:12:48,4.14,30500,4.13,U
sz000100,TCL科技,2025-10-23 10:13:06,4.13,36300,4.13,D
sz000100,TCL科技,2025-10-23 10:13:18,4.13,45830,4.13,D
sz000100,TCL科技,2025-10-23 10:13:33,4.13,60800,4.13,D
sz000100,TCL科技,2025-10-23 10:13:36,4.13,64500,4.13,D
sz000100,TCL科技,2025-10-23 10:13:39,4.13,53200,4.13,D
sz000100,TCL科技,2025-10-23 10:13:57,4.13,52400,4.13,D
sz000100,TCL科技,2025-10-23 10:14:00,4.13,69800,4.13,D
sz000100,TCL科技,2025-10-23 10:14:09,4.13,32800,4.13,D
sz000100,TCL科技,2025-10-23 10:14:36,4.13,38400,4.13,D
sz000100,TCL科技,2025-10-23 10:14:39,4.13,23734,4.13,D
sz000100,TCL科技,2025-10-23 10:14:45,4.13,41800,4.13,D
sz000100,TCL科技,2025-10-23 10:15:00,4.13,42300,4.13,D
sz000100,TCL科技,2025-10-23 10:15:36,4.13,34200,4.13,D
sz000100,TCL科技,2025-10-23 10:16:24,4.14,23000,4.13,U
sz000100,TCL科技,2025-10-23 10:16:27,4.14,26500,4.14,U
sz000100,TCL科技,2025-10-23 10:16:30,4.13,34500,4.14,D
sz000100,TCL科技,2025-10-23 10:16:42,4.13,24900,4.13,D
sz000100,TCL科技,2025-10-23 10:16:51,4.13,59600,4.13,D
sz000100,TCL科技,2025-10-23 10:17:00,4.13,23400,4.13,D
sz000100,TCL科技,2025-10-23 10:17:09,4.13,20600,4.14,D
sz000100,TCL科技,2025-10-23 10:17:27,4.14,43300,4.14,U
sz000100,TCL科技,2025-10-23 10:17:36,4.13,39800,4.13,D
sz000100,TCL科技,2025-10-23 10:18:00,4.13,26100,4.13,D
sz000100,TCL科技,2025-10-23 10:18:09,4.13,24600,4.13,D
sz000100,TCL科技,2025-10-23 10:18:36,4.13,84400,4.13,D
sz000100,TCL科技,2025-10-23 10:19:00,4.13,24600,4.14,D
sz000100,TCL科技,2025-10-23 10:19:06,4.13,20400,4.13,D
sz000100,TCL科技,2025-10-23 10:20:21,4.13,50600,4.13,D
sz000100,TCL科技,2025-10-23 10:20:39,4.13,35700,4.13,D
sz000100,TCL科技,2025-10-23 10:20:42,4.13,20000,4.13,D
sz000100,TCL科技,2025-10-23 10:20:45,4.13,39100,4.13,D
sz000100,TCL科技,2025-10-23 10:20:51,4.13,61300,4.13,D
sz000100,TCL科技,2025-10-23 10:20:54,4.13,67400,4.13,D
sz000100,TCL科技,2025-10-23 10:21:00,4.13,36800,4.14,D
sz000100,TCL科技,2025-10-23 10:21:06,4.13,93200,4.13,D
sz000100,TCL科技,2025-10-23 10:21:36,4.13,39100,4.13,D
sz000100,TCL科技,2025-10-23 10:21:39,4.13,25800,4.13,D
sz000100,TCL科技,2025-10-23 10:21:42,4.13,22800,4.13,D
sz000100,TCL科技,2025-10-23 10:21:48,4.13,78400,4.13,D
sz000100,TCL科技,2025-10-23 10:22:03,4.13,34800,4.13,D
sz000100,TCL科技,2025-10-23 10:22:12,4.13,24100,4.13,D
sz000100,TCL科技,2025-10-23 10:22:18,4.13,20600,4.13,D
sz000100,TCL科技,2025-10-23 10:22:21,4.13,44700,4.13,D
sz000100,TCL科技,2025-10-23 10:22:27,4.13,27500,4.13,D
sz000100,TCL科技,2025-10-23 10:22:30,4.13,20500,4.13,D
sz000100,TCL科技,2025-10-23 10:22:36,4.13,69700,4.13,D
sz000100,TCL科技,2025-10-23 10:22:51,4.13,142700,4.13,D
sz000100,TCL科技,2025-10-23 10:22:54,4.13,32700,4.13,D
sz000100,TCL科技,2025-10-23 10:23:00,4.13,36500,4.14,D
sz000100,TCL科技,2025-10-23 10:23:03,4.13,22500,4.13,D
sz000100,TCL科技,2025-10-23 10:23:18,4.13,26300,4.13,D
sz000100,TCL科技,2025-10-23 10:23:27,4.13,26200,4.13,D
sz000100,TCL科技,2025-10-23 10:23:42,4.13,46500,4.14,D
sz000100,TCL科技,2025-10-23 10:23:45,4.13,52700,4.13,D
sz000100,TCL科技,2025-10-23 10:24:03,4.14,53500,4.13,U
sz000100,TCL科技,2025-10-23 10:24:27,4.13,117300,4.13,D
sz000100,TCL科技,2025-10-23 10:24:45,4.14,39300,4.13,U
sz000100,TCL科技,2025-10-23 10:24:48,4.13,21200,4.14,D
sz000100,TCL科技,2025-10-23 10:25:18,4.14,27700,4.14,U
sz000100,TCL科技,2025-10-23 10:25:24,4.13,25100,4.13,D
sz000100,TCL科技,2025-10-23 10:25:51,4.13,21100,4.13,D
sz000100,TCL科技,2025-10-23 10:25:54,4.13,26000,4.13,D
sz000100,TCL科技,2025-10-23 10:26:00,4.13,21600,4.13,D
sz000100,TCL科技,2025-10-23 10:26:09,4.13,20900,4.14,D
sz000100,TCL科技,2025-10-23 10:26:12,4.13,27900,4.13,D
sz000100,TCL科技,2025-10-23 10:26:33,4.14,43110,4.13,U
sz000100,TCL科技,2025-10-23 10:26:36,4.13,90700,4.14,D
sz000100,TCL科技,2025-10-23 10:26:45,4.13,23300,4.14,D
sz000100,TCL科技,2025-10-23 10:27:00,4.13,120100,4.13,D
sz000100,TCL科技,2025-10-23 10:27:45,4.14,21910,4.14,U
sz000100,TCL科技,2025-10-23 10:27:51,4.13,111600,4.13,D
sz000100,TCL科技,2025-10-23 10:27:57,4.14,254500,4.13,U
sz000100,TCL科技,2025-10-23 10:28:00,4.13,48900,4.14,D
sz000100,TCL科技,2025-10-23 10:28:03,4.13,24300,4.13,D
sz000100,TCL科技,2025-10-23 10:28:33,4.13,20400,4.13,D
sz000100,TCL科技,2025-10-23 10:28:51,4.13,42400,4.13,D
sz000100,TCL科技,2025-10-23 10:28:54,4.13,30600,4.13,D
sz000100,TCL科技,2025-10-23 10:29:06,4.14,26100,4.13,U
sz000100,TCL科技,2025-10-23 10:29:33,4.14,231400,4.14,U
sz000100,TCL科技,2025-10-23 10:29:39,4.14,198200,4.13,U
sz000100,TCL科技,2025-10-23 10:29:42,4.13,21900,4.14,D
sz000100,TCL科技,2025-10-23 10:29:48,4.13,27600,4.13,D
sz000100,TCL科技,2025-10-23 10:30:06,4.14,22200,4.13,U
sz000100,TCL科技,2025-10-23 10:30:30,4.13,21300,4.13,D
sz000100,TCL科技,2025-10-23 10:30:36,4.14,31400,4.13,U
sz000100,TCL科技,2025-10-23 10:30:42,4.13,28700,4.13,D
sz000100,TCL科技,2025-10-23 10:30:48,4.13,49700,4.13,D
sz000100,TCL科技,2025-10-23 10:31:00,4.13,39000,4.13,D
sz000100,TCL科技,2025-10-23 10:31:03,4.13,140100,4.13,D
sz000100,TCL科技,2025-10-23 10:31:06,4.14,30100,4.13,U
sz000100,TCL科技,2025-10-23 10:31:09,4.14,25300,4.14,U
sz000100,TCL科技,2025-10-23 10:31:12,4.13,232900,4.14,D
sz000100,TCL科技,2025-10-23 10:31:18,4.13,23300,4.13,D
sz000100,TCL科技,2025-10-23 10:31:30,4.13,26100,4.14,D
sz000100,TCL科技,2025-10-23 10:31:33,4.13,43600,4.13,D
sz000100,TCL科技,2025-10-23 10:31:36,4.13,22200,4.13,D
sz000100,TCL科技,2025-10-23 10:31:42,4.14,56800,4.14,U
sz000100,TCL科技,2025-10-23 10:32:15,4.13,130300,4.14,D
sz000100,TCL科技,2025-10-23 10:32:21,4.14,40000,4.14,U
sz000100,TCL科技,2025-10-23 10:32:39,4.13,20300,4.14,D
sz000100,TCL科技,2025-10-23 10:33:06,4.14,33700,4.13,U
sz000100,TCL科技,2025-10-23 10:33:12,4.14,21600,4.13,U
sz000100,TCL科技,2025-10-23 10:33:27,4.14,40000,4.13,U
sz000100,TCL科技,2025-10-23 10:33:30,4.13,27700,4.14,D
sz000100,TCL科技,2025-10-23 10:33:33,4.14,21200,4.13,U
sz000100,TCL科技,2025-10-23 10:33:48,4.13,37300,4.13,D
sz000100,TCL科技,2025-10-23 10:33:51,4.14,26000,4.13,U
sz000100,TCL科技,2025-10-23 10:33:57,4.13,25600,4.14,D
sz000100,TCL科技,2025-10-23 10:34:00,4.13,25100,4.13,D
sz000100,TCL科技,2025-10-23 10:34:45,4.14,25300,4.14,U
sz000100,TCL科技,2025-10-23 10:34:51,4.13,29300,4.13,D
sz000100,TCL科技,2025-10-23 10:35:00,4.14,51500,4.14,U
sz000100,TCL科技,2025-10-23 10:35:12,4.13,50800,4.13,D
sz000100,TCL科技,2025-10-23 10:35:15,4.13,66900,4.13,D
sz000100,TCL科技,2025-10-23 10:35:24,4.13,29800,4.14,D
sz000100,TCL科技,2025-10-23 10:35:36,4.14,44900,4.13,U
sz000100,TCL科技,2025-10-23 10:35:45,4.14,69700,4.14,U
sz000100,TCL科技,2025-10-23 10:35:48,4.14,253200,4.14,U
sz000100,TCL科技,2025-10-23 10:35:51,4.14,38100,4.14,U
sz000100,TCL科技,2025-10-23 10:36:00,4.13,29900,4.14,D
sz000100,TCL科技,2025-10-23 10:36:06,4.14,161300,4.14,U
sz000100,TCL科技,2025-10-23 10:36:09,4.14,74000,4.14,U
sz000100,TCL科技,2025-10-23 10:36:15,4.14,73700,4.13,U
sz000100,TCL科技,2025-10-23 10:36:18,4.14,8369410,4.14,U
sz000100,TCL科技,2025-10-23 10:36:21,4.15,356700,4.14,U
sz000100,TCL科技,2025-10-23 10:36:24,4.15,324700,4.15,U
sz000100,TCL科技,2025-10-23 10:36:27,4.14,257400,4.15,D
sz000100,TCL科技,2025-10-23 10:36:30,4.14,71600,4.14,D
sz000100,TCL科技,2025-10-23 10:36:51,4.15,20000,4.14,U
sz000100,TCL科技,2025-10-23 10:37:06,4.15,130400,4.15,U
sz000100,TCL科技,2025-10-23 10:37:18,4.15,51800,4.15,U
sz000100,TCL科技,2025-10-23 10:37:24,4.14,22100,4.14,D
sz000100,TCL科技,2025-10-23 10:37:27,4.15,87000,4.14,U
sz000100,TCL科技,2025-10-23 10:37:36,4.15,25200,4.15,U
sz000100,TCL科技,2025-10-23 10:37:39,4.15,38800,4.15,U
sz000100,TCL科技,2025-10-23 10:37:42,4.14,82700,4.15,D
sz000100,TCL科技,2025-10-23 10:38:21,4.15,51000,4.15,U
sz000100,TCL科技,2025-10-23 10:38:24,4.14,26600,4.15,D
sz000100,TCL科技,2025-10-23 10:38:39,4.14,21700,4.14,D
sz000100,TCL科技,2025-10-23 10:38:42,4.15,32500,4.14,U
sz000100,TCL科技,2025-10-23 10:38:45,4.14,24200,4.15,D
sz000100,TCL科技,2025-10-23 10:38:48,4.15,503100,4.14,U
sz000100,TCL科技,2025-10-23 10:38:51,4.14,32100,4.15,D
sz000100,TCL科技,2025-10-23 10:38:54,4.14,308750,4.14,D
sz000100,TCL科技,2025-10-23 10:38:57,4.14,38000,4.14,D
sz000100,TCL科技,2025-10-23 10:39:09,4.15,313700,4.15,U
sz000100,TCL科技,2025-10-23 10:39:12,4.14,31400,4.15,D
sz000100,TCL科技,2025-10-23 10:39:24,4.15,201300,4.14,U
sz000100,TCL科技,2025-10-23 10:39:36,4.15,24100,4.15,U
sz000100,TCL科技,2025-10-23 10:39:51,4.14,41300,4.14,D
sz000100,TCL科技,2025-10-23 10:40:09,4.15,59600,4.15,U
sz000100,TCL科技,2025-10-23 10:40:15,4.14,76200,4.14,D
sz000100,TCL科技,2025-10-23 10:40:18,4.15,77200,4.14,U
sz000100,TCL科技,2025-10-23 10:40:30,4.15,38500,4.14,U
sz000100,TCL科技,2025-10-23 10:40:33,4.15,5750402,4.15,U
sz000100,TCL科技,2025-10-23 10:40:36,4.15,229100,4.15,D
sz000100,TCL科技,2025-10-23 10:40:39,4.15,38800,4.15,D
sz000100,TCL科技,2025-10-23 10:40:42,4.16,83500,4.15,U
sz000100,TCL科技,2025-10-23 10:40:51,4.15,36600,4.15,D
sz000100,TCL科技,2025-10-23 10:40:54,4.15,37000,4.15,D
sz000100,TCL科技,2025-10-23 10:40:57,4.16,62400,4.15,U
sz000100,TCL科技,2025-10-23 10:41:03,4.16,148700,4.16,U
sz000100,TCL科技,2025-10-23 10:41:09,4.15,29700,4.16,D
sz000100,TCL科技,2025-10-23 10:41:15,4.15,100000,4.15,D
sz000100,TCL科技,2025-10-23 10:41:39,4.16,36800,4.16,U
sz000100,TCL科技,2025-10-23 10:41:51,4.16,52100,4.16,U
sz000100,TCL科技,2025-10-23 10:41:54,4.16,88100,4.16,U
sz000100,TCL科技,2025-10-23 10:41:57,4.15,58400,4.16,D
sz000100,TCL科技,2025-10-23 10:42:03,4.16,72600,4.16,U
sz000100,TCL科技,2025-10-23 10:42:09,4.16,51400,4.16,U
sz000100,TCL科技,2025-10-23 10:42:12,4.15,90000,4.16,D
sz000100,TCL科技,2025-10-23 10:42:18,4.16,186300,4.16,U
sz000100,TCL科技,2025-10-23 10:42:21,4.16,48600,4.16,U
sz000100,TCL科技,2025-10-23 10:42:33,4.15,40500,4.15,D
sz000100,TCL科技,2025-10-23 10:42:36,4.16,151800,4.15,U
sz000100,TCL科技,2025-10-23 10:42:42,4.16,66000,4.16,U
sz000100,TCL科技,2025-10-23 10:42:45,4.16,21000,4.16,U
sz000100,TCL科技,2025-10-23 10:42:51,4.16,94100,4.16,U
sz000100,TCL科技,2025-10-23 10:42:54,4.16,68700,4.16,U
sz000100,TCL科技,2025-10-23 10:42:57,4.16,21400,4.16,U
sz000100,TCL科技,2025-10-23 10:43:00,4.16,48900,4.16,U
sz000100,TCL科技,2025-10-23 10:43:03,4.15,85800,4.16,D
sz000100,TCL科技,2025-10-23 10:43:09,4.16,42700,4.16,U
sz000100,TCL科技,2025-10-23 10:43:12,4.15,63000,4.16,D
sz000100,TCL科技,2025-10-23 10:43:18,4.15,33400,4.15,D
sz000100,TCL科技,2025-10-23 10:43:21,4.16,46200,4.15,U
sz000100,TCL科技,2025-10-23 10:43:24,4.16,38500,4.16,U
sz000100,TCL科技,2025-10-23 10:43:27,4.16,45100,4.16,U
sz000100,TCL科技,2025-10-23 10:43:33,4.16,77400,4.16,U
sz000100,TCL科技,2025-10-23 10:43:36,4.15,37300,4.16,D
sz000100,TCL科技,2025-10-23 10:43:39,4.15,23700,4.15,D
sz000100,TCL科技,2025-10-23 10:43:45,4.15,64100,4.15,D
sz000100,TCL科技,2025-10-23 10:43:57,4.16,118100,4.16,U
sz000100,TCL科技,2025-10-23 10:44:00,4.15,33600,4.16,D
sz000100,TCL科技,2025-10-23 10:44:03,4.15,76900,4.15,D
sz000100,TCL科技,2025-10-23 10:44:09,4.15,41900,4.16,D
sz000100,TCL科技,2025-10-23 10:44:12,4.16,30700,4.15,U
sz000100,TCL科技,2025-10-23 10:44:15,4.16,91800,4.16,U
sz000100,TCL科技,2025-10-23 10:44:24,4.15,58300,4.16,D
sz000100,TCL科技,2025-10-23 10:44:30,4.16,23200,4.16,U
sz000100,TCL科技,2025-10-23 10:44:39,4.15,35400,4.16,D
sz000100,TCL科技,2025-10-23 10:44:54,4.16,64700,4.15,U
sz000100,TCL科技,2025-10-23 10:45:00,4.15,231100,4.16,D
sz000100,TCL科技,2025-10-23 10:45:03,4.15,136000,4.15,D
sz000100,TCL科技,2025-10-23 10:45:06,4.15,75700,4.15,D
sz000100,TCL科技,2025-10-23 10:45:15,4.16,203400,4.15,U
sz000100,TCL科技,2025-10-23 10:45:18,4.16,36500,4.16,U
sz000100,TCL科技,2025-10-23 10:45:24,4.16,34000,4.15,U
sz000100,TCL科技,2025-10-23 10:45:30,4.15,22300,4.16,D
sz000100,TCL科技,2025-10-23 10:45:42,4.15,32900,4.15,D
sz000100,TCL科技,2025-10-23 10:45:45,4.15,82400,4.15,D
sz000100,TCL科技,2025-10-23 10:45:48,4.15,35400,4.15,D
sz000100,TCL科技,2025-10-23 10:45:51,4.15,22800,4.15,D
sz000100,TCL科技,2025-10-23 10:45:54,4.15,21000,4.15,D
sz000100,TCL科技,2025-10-23 10:45:57,4.16,30800,4.15,U
sz000100,TCL科技,2025-10-23 10:46:06,4.15,94500,4.15,D
sz000100,TCL科技,2025-10-23 10:46:09,4.15,35700,4.15,D
sz000100,TCL科技,2025-10-23 10:46:15,4.15,22400,4.15,D
sz000100,TCL科技,2025-10-23 10:46:18,4.16,33900,4.15,U
sz000100,TCL科技,2025-10-23 10:46:30,4.15,45200,4.15,D
sz000100,TCL科技,2025-10-23 10:46:33,4.15,54300,4.15,D
sz000100,TCL科技,2025-10-23 10:46:39,4.16,32500,4.16,U
sz000100,TCL科技,2025-10-23 10:46:42,4.15,68100,4.16,D
sz000100,TCL科技,2025-10-23 10:46:45,4.16,34300,4.15,U
sz000100,TCL科技,2025-10-23 10:46:48,4.16,145900,4.16,U
sz000100,TCL科技,2025-10-23 10:46:51,4.15,90400,4.16,D
sz000100,TCL科技,2025-10-23 10:47:03,4.15,51800,4.15,D
sz000100,TCL科技,2025-10-23 10:47:09,4.16,177600,4.16,U
sz000100,TCL科技,2025-10-23 10:47:27,4.16,89300,4.15,U
sz000100,TCL科技,2025-10-23 10:47:33,4.15,118700,4.15,D
sz000100,TCL科技,2025-10-23 10:47:42,4.16,284700,4.15,U
sz000100,TCL科技,2025-10-23 10:47:48,4.15,99700,4.16,D
sz000100,TCL科技,2025-10-23 10:48:00,4.15,44300,4.16,D
sz000100,TCL科技,2025-10-23 10:48:03,4.16,29800,4.15,U
sz000100,TCL科技,2025-10-23 10:48:09,4.15,57000,4.16,D
sz000100,TCL科技,2025-10-23 10:48:24,4.16,80700,4.15,U
sz000100,TCL科技,2025-10-23 10:48:33,4.16,35900,4.16,U
sz000100,TCL科技,2025-10-23 10:48:36,4.16,35700,4.16,U
sz000100,TCL科技,2025-10-23 10:48:42,4.16,31000,4.15,U
sz000100,TCL科技,2025-10-23 10:48:48,4.15,28000,4.15,D
sz000100,TCL科技,2025-10-23 10:48:51,4.16,50300,4.15,U
sz000100,TCL科技,2025-10-23 10:48:54,4.16,76500,4.16,U
sz000100,TCL科技,2025-10-23 10:48:57,4.15,56900,4.16,D
sz000100,TCL科技,2025-10-23 10:49:00,4.15,73000,4.15,D
sz000100,TCL科技,2025-10-23 10:49:06,4.16,94700,4.16,U
sz000100,TCL科技,2025-10-23 10:49:15,4.15,73100,4.16,D
sz000100,TCL科技,2025-10-23 10:49:18,4.16,32500,4.15,U
sz000100,TCL科技,2025-10-23 10:49:24,4.15,129200,4.16,D
sz000100,TCL科技,2025-10-23 10:49:27,4.16,52600,4.15,U
sz000100,TCL科技,2025-10-23 10:49:30,4.16,25900,4.16,U
sz000100,TCL科技,2025-10-23 10:49:33,4.16,27000,4.16,U
sz000100,TCL科技,2025-10-23 10:49:36,4.16,82200,4.16,U
sz000100,TCL科技,2025-10-23 10:49:42,4.16,36000,4.16,U
sz000100,TCL科技,2025-10-23 10:49:48,4.15,32900,4.15,D
sz000100,TCL科技,2025-10-23 10:49:51,4.16,40500,4.15,U
sz000100,TCL科技,2025-10-23 10:49:57,4.15,97700,4.15,D
sz000100,TCL科技,2025-10-23 10:50:09,4.16,907500,4.16,U
sz000100,TCL科技,2025-10-23 10:50:12,4.16,32900,4.16,U
sz000100,TCL科技,2025-10-23 10:50:15,4.15,70200,4.16,D
sz000100,TCL科技,2025-10-23 10:50:18,4.15,49700,4.15,D
sz000100,TCL科技,2025-10-23 10:50:24,4.15,27400,4.16,D
sz000100,TCL科技,2025-10-23 10:50:33,4.15,20100,4.16,D
sz000100,TCL科技,2025-10-23 10:50:45,4.16,41600,4.16,U
sz000100,TCL科技,2025-10-23 10:50:48,4.15,106400,4.16,D
sz000100,TCL科技,2025-10-23 10:50:54,4.16,275800,4.16,U
sz000100,TCL科技,2025-10-23 10:50:57,4.16,97500,4.16,U
sz000100,TCL科技,2025-10-23 10:51:09,4.15,30100,4.16,D
sz000100,TCL科技,2025-10-23 10:51:12,4.15,25600,4.15,D
sz000100,TCL科技,2025-10-23 10:51:33,4.16,39900,4.15,U
sz000100,TCL科技,2025-10-23 10:51:36,4.15,126300,4.16,D
sz000100,TCL科技,2025-10-23 10:51:45,4.16,39800,4.15,U
sz000100,TCL科技,2025-10-23 10:51:48,4.15,31900,4.16,D
sz000100,TCL科技,2025-10-23 10:52:00,4.15,21600,4.15,D
sz000100,TCL科技,2025-10-23 10:52:06,4.15,27900,4.15,D
sz000100,TCL科技,2025-10-23 10:52:24,4.15,32600,4.15,D
sz000100,TCL科技,2025-10-23 10:52:39,4.15,134400,4.15,D
sz000100,TCL科技,2025-10-23 10:52:42,4.15,406300,4.15,D
sz000100,TCL科技,2025-10-23 10:53:24,4.15,73000,4.15,D
sz000100,TCL科技,2025-10-23 10:53:36,4.15,45900,4.15,D
sz000100,TCL科技,2025-10-23 10:54:03,4.15,60600,4.15,D
sz000100,TCL科技,2025-10-23 10:54:09,4.15,41900,4.15,D
sz000100,TCL科技,2025-10-23 10:54:18,4.15,67700,4.15,D
sz000100,TCL科技,2025-10-23 10:54:21,4.15,26000,4.15,D
sz000100,TCL科技,2025-10-23 10:54:27,4.15,43100,4.15,D
sz000100,TCL科技,2025-10-23 10:54:33,4.15,39500,4.15,D
sz000100,TCL科技,2025-10-23 10:54:42,4.16,52800,4.16,U
sz000100,TCL科技,2025-10-23 10:54:57,4.16,38900,4.15,U
sz000100,TCL科技,2025-10-23 10:55:00,4.16,60300,4.16,U
sz000100,TCL科技,2025-10-23 10:55:36,4.15,26600,4.15,D
sz000100,TCL科技,2025-10-23 10:55:39,4.16,22000,4.15,U
sz000100,TCL科技,2025-10-23 10:55:45,4.15,38100,4.16,D
sz000100,TCL科技,2025-10-23 10:56:00,4.15,22500,4.15,D
sz000100,TCL科技,2025-10-23 10:56:03,4.15,58600,4.15,D
sz000100,TCL科技,2025-10-23 10:56:06,4.16,81800,4.15,U
sz000100,TCL科技,2025-10-23 10:56:09,4.15,518700,4.16,D
sz000100,TCL科技,2025-10-23 10:56:12,4.15,107200,4.15,D
sz000100,TCL科技,2025-10-23 10:56:15,4.16,232100,4.15,U
sz000100,TCL科技,2025-10-23 10:56:18,4.15,27400,4.16,D
sz000100,TCL科技,2025-10-23 10:56:21,4.15,45700,4.15,D
sz000100,TCL科技,2025-10-23 10:56:24,4.15,22800,4.15,D
sz000100,TCL科技,2025-10-23 10:56:27,4.15,26100,4.15,D
sz000100,TCL科技,2025-10-23 10:56:30,4.16,83600,4.15,U
sz000100,TCL科技,2025-10-23 10:56:33,4.15,82100,4.16,D
sz000100,TCL科技,2025-10-23 10:56:36,4.15,69300,4.15,D
sz000100,TCL科技,2025-10-23 10:56:39,4.14,4428540,4.15,D
sz000100,TCL科技,2025-10-23 10:56:42,4.14,153900,4.14,D
sz000100,TCL科技,2025-10-23 10:56:45,4.14,37300,4.14,D
sz000100,TCL科技,2025-10-23 10:57:00,4.14,35200,4.14,D
sz000100,TCL科技,2025-10-23 10:57:03,4.14,31300,4.14,D
sz000100,TCL科技,2025-10-23 10:57:21,4.15,167300,4.15,U
sz000100,TCL科技,2025-10-23 10:57:33,4.14,81290,4.14,D
sz000100,TCL科技,2025-10-23 10:57:36,4.14,31800,4.14,D
sz000100,TCL科技,2025-10-23 10:57:39,4.14,23900,4.14,D
sz000100,TCL科技,2025-10-23 10:57:42,4.14,23500,4.14,D
sz000100,TCL科技,2025-10-23 10:57:45,4.15,1173200,4.14,U
sz000100,TCL科技,2025-10-23 10:57:48,4.15,2717895,4.15,U
sz000100,TCL科技,2025-10-23 10:58:09,4.15,313900,4.16,D
sz000100,TCL科技,2025-10-23 10:58:21,4.15,20700,4.15,D
sz000100,TCL科技,2025-10-23 10:58:24,4.15,43500,4.15,D
sz000100,TCL科技,2025-10-23 10:58:39,4.15,33300,4.15,D
sz000100,TCL科技,2025-10-23 10:58:45,4.15,58100,4.15,D
sz000100,TCL科技,2025-10-23 10:58:48,4.15,73900,4.15,D
sz000100,TCL科技,2025-10-23 10:58:57,4.16,131300,4.15,U
sz000100,TCL科技,2025-10-23 10:59:03,4.15,82700,4.15,D
sz000100,TCL科技,2025-10-23 10:59:42,4.15,26800,4.16,D
sz000100,TCL科技,2025-10-23 10:59:57,4.15,35900,4.15,D
sz000100,TCL科技,2025-10-23 11:00:00,4.15,45000,4.15,D
sz000100,TCL科技,2025-10-23 11:00:03,4.15,83900,4.15,D
sz000100,TCL科技,2025-10-23 11:00:30,4.15,71200,4.15,D
sz000100,TCL科技,2025-10-23 11:00:36,4.15,216900,4.15,D
sz000100,TCL科技,2025-10-23 11:00:42,4.16,254400,4.15,U
sz000100,TCL科技,2025-10-23 11:00:45,4.16,76900,4.16,U
sz000100,TCL科技,2025-10-23 11:00:51,4.15,24000,4.15,D
sz000100,TCL科技,2025-10-23 11:00:54,4.15,77400,4.15,D
sz000100,TCL科技,2025-10-23 11:01:09,4.16,27100,4.15,U
sz000100,TCL科技,2025-10-23 11:01:27,4.16,44900,4.15,U
sz000100,TCL科技,2025-10-23 11:01:36,4.15,24300,4.15,D
sz000100,TCL科技,2025-10-23 11:02:03,4.16,29300,4.15,U
sz000100,TCL科技,2025-10-23 11:02:06,4.15,64300,4.16,D
sz000100,TCL科技,2025-10-23 11:02:09,4.16,39100,4.15,U
sz000100,TCL科技,2025-10-23 11:02:51,4.16,26100,4.15,U
sz000100,TCL科技,2025-10-23 11:02:54,4.15,22400,4.16,D
sz000100,TCL科技,2025-10-23 11:03:00,4.15,20300,4.15,D
sz000100,TCL科技,2025-10-23 11:03:03,4.15,56800,4.15,D
sz000100,TCL科技,2025-10-23 11:03:21,4.16,30000,4.15,U
sz000100,TCL科技,2025-10-23 11:03:36,4.15,22000,4.15,D
sz000100,TCL科技,2025-10-23 11:04:00,4.15,54600,4.15,D
sz000100,TCL科技,2025-10-23 11:04:03,4.15,24200,4.15,D
sz000100,TCL科技,2025-10-23 11:04:24,4.16,42600,4.15,U
sz000100,TCL科技,2025-10-23 11:04:36,4.16,24100,4.16,U
sz000100,TCL科技,2025-10-23 11:05:12,4.16,32700,4.15,U
sz000100,TCL科技,2025-10-23 11:05:18,4.15,23200,4.15,D
sz000100,TCL科技,2025-10-23 11:05:48,4.15,21700,4.15,D
sz000100,TCL科技,2025-10-23 11:06:09,4.16,58900,4.15,U
sz000100,TCL科技,2025-10-23 11:06:21,4.16,32500,4.15,U
sz000100,TCL科技,2025-10-23 11:06:48,4.15,60600,4.15,D
sz000100,TCL科技,2025-10-23 11:07:06,4.15,31300,4.15,D
sz000100,TCL科技,2025-10-23 11:07:18,4.15,26900,4.15,D
sz000100,TCL科技,2025-10-23 11:07:48,4.15,22300,4.15,D
sz000100,TCL科技,2025-10-23 11:07:51,4.15,21400,4.15,D
sz000100,TCL科技,2025-10-23 11:07:57,4.15,105500,4.16,D
sz000100,TCL科技,2025-10-23 11:08:03,4.16,24200,4.16,U
sz000100,TCL科技,2025-10-23 11:08:18,4.15,22800,4.15,D
sz000100,TCL科技,2025-10-23 11:08:24,4.16,69100,4.15,U
sz000100,TCL科技,2025-10-23 11:08:45,4.15,48700,4.16,D
sz000100,TCL科技,2025-10-23 11:08:51,4.15,1013000,4.15,D
sz000100,TCL科技,2025-10-23 11:08:57,4.15,137500,4.15,D
sz000100,TCL科技,2025-10-23 11:09:00,4.15,29800,4.15,D
sz000100,TCL科技,2025-10-23 11:09:33,4.16,170100,4.15,U
sz000100,TCL科技,2025-10-23 11:09:45,4.16,20200,4.15,U
sz000100,TCL科技,2025-10-23 11:10:24,4.16,35700,4.15,U
sz000100,TCL科技,2025-10-23 11:10:30,4.15,387400,4.16,D
sz000100,TCL科技,2025-10-23 11:10:48,4.15,91900,4.16,D
sz000100,TCL科技,2025-10-23 11:10:51,4.16,183900,4.15,U
sz000100,TCL科技,2025-10-23 11:10:54,4.16,42000,4.16,U
sz000100,TCL科技,2025-10-23 11:11:00,4.16,9493950,4.16,U
sz000100,TCL科技,2025-10-23 11:11:03,4.17,195000,4.16,U
sz000100,TCL科技,2025-10-23 11:11:06,4.17,85300,4.17,U
sz000100,TCL科技,2025-10-23 11:11:12,4.17,50800,4.17,U
sz000100,TCL科技,2025-10-23 11:11:18,4.16,65000,4.16,D
sz000100,TCL科技,2025-10-23 11:11:21,4.16,84600,4.16,D
sz000100,TCL科技,2025-10-23 11:11:42,4.16,20800,4.16,D
sz000100,TCL科技,2025-10-23 11:12:03,4.17,823800,4.17,U
sz000100,TCL科技,2025-10-23 11:12:06,4.17,26200,4.17,U
sz000100,TCL科技,2025-10-23 11:12:18,4.17,75200,4.16,U
sz000100,TCL科技,2025-10-23 11:12:30,4.17,37300,4.16,U
sz000100,TCL科技,2025-10-23 11:12:36,4.17,22800,4.17,U
sz000100,TCL科技,2025-10-23 11:12:39,4.17,85900,4.17,U
sz000100,TCL科技,2025-10-23 11:12:51,4.16,127900,4.17,D
sz000100,TCL科技,2025-10-23 11:12:54,4.17,41300,4.16,U
sz000100,TCL科技,2025-10-23 11:13:21,4.17,36000,4.17,U
sz000100,TCL科技,2025-10-23 11:14:09,4.17,21200,4.16,U
sz000100,TCL科技,2025-10-23 11:14:12,4.17,49100,4.17,U
sz000100,TCL科技,2025-10-23 11:14:39,4.16,24600,4.17,D
sz000100,TCL科技,2025-10-23 11:14:42,4.16,417700,4.16,D
sz000100,TCL科技,2025-10-23 11:15:33,4.17,45700,4.16,U
sz000100,TCL科技,2025-10-23 11:15:45,4.16,37002,4.17,D
sz000100,TCL科技,2025-10-23 11:15:51,4.16,23300,4.16,D
sz000100,TCL科技,2025-10-23 11:16:00,4.16,36500,4.16,D
sz000100,TCL科技,2025-10-23 11:16:03,4.16,22500,4.16,D
sz000100,TCL科技,2025-10-23 11:16:06,4.17,65300,4.16,U
sz000100,TCL科技,2025-10-23 11:16:09,4.17,26500,4.17,U
sz000100,TCL科技,2025-10-23 11:16:12,4.17,28100,4.17,U
sz000100,TCL科技,2025-10-23 11:16:21,4.17,21400,4.16,U
sz000100,TCL科技,2025-10-23 11:17:00,4.17,23800,4.16,U
sz000100,TCL科技,2025-10-23 11:17:24,4.16,202400,4.17,D
sz000100,TCL科技,2025-10-23 11:17:27,4.16,22700,4.16,D
sz000100,TCL科技,2025-10-23 11:17:30,4.16,26800,4.16,D
sz000100,TCL科技,2025-10-23 11:17:39,4.17,36900,4.17,U
sz000100,TCL科技,2025-10-23 11:17:48,4.16,24000,4.17,D
sz000100,TCL科技,2025-10-23 11:17:51,4.17,28000,4.16,U
sz000100,TCL科技,2025-10-23 11:17:57,4.16,39200,4.17,D
sz000100,TCL科技,2025-10-23 11:18:03,4.17,20600,4.17,U
sz000100,TCL科技,2025-10-23 11:18:09,4.17,35100,4.16,U
sz000100,TCL科技,2025-10-23 11:18:12,4.17,20100,4.17,U
sz000100,TCL科技,2025-10-23 11:18:15,4.17,20300,4.17,U
sz000100,TCL科技,2025-10-23 11:18:30,4.16,24200,4.17,D
sz000100,TCL科技,2025-10-23 11:18:36,4.16,26100,4.16,D
sz000100,TCL科技,2025-10-23 11:18:39,4.17,20900,4.16,U
sz000100,TCL科技,2025-10-23 11:18:48,4.17,208200,4.16,U
sz000100,TCL科技,2025-10-23 11:19:03,4.16,30500,4.17,D
sz000100,TCL科技,2025-10-23 11:19:06,4.16,25800,4.16,D
sz000100,TCL科技,2025-10-23 11:19:39,4.17,41700,4.17,U
sz000100,TCL科技,2025-10-23 11:20:00,4.16,33900,4.17,D
sz000100,TCL科技,2025-10-23 11:20:12,4.16,55800,4.16,D
sz000100,TCL科技,2025-10-23 11:20:15,4.17,76800,4.16,U
sz000100,TCL科技,2025-10-23 11:20:18,4.16,27400,4.17,D
sz000100,TCL科技,2025-10-23 11:20:24,4.17,627300,4.17,U
sz000100,TCL科技,2025-10-23 11:20:33,4.16,20300,4.16,D
sz000100,TCL科技,2025-10-23 11:20:39,4.17,449700,4.17,U
sz000100,TCL科技,2025-10-23 11:20:42,4.17,29800,4.17,U
sz000100,TCL科技,2025-10-23 11:20:51,4.16,28400,4.17,D
sz000100,TCL科技,2025-10-23 11:20:54,4.17,23700,4.16,U
sz000100,TCL科技,2025-10-23 11:20:57,4.17,25800,4.17,U
sz000100,TCL科技,2025-10-23 11:21:06,4.17,47300,4.16,U
sz000100,TCL科技,2025-10-23 11:21:09,4.17,315300,4.17,U
sz000100,TCL科技,2025-10-23 11:21:12,4.17,1333600,4.17,U
sz000100,TCL科技,2025-10-23 11:21:15,4.17,1200600,4.17,U
sz000100,TCL科技,2025-10-23 11:21:18,4.17,165400,4.17,U
sz000100,TCL科技,2025-10-23 11:21:21,4.16,87500,4.17,D
sz000100,TCL科技,2025-10-23 11:21:24,4.17,201200,4.16,U
sz000100,TCL科技,2025-10-23 11:21:27,4.17,137400,4.17,U
sz000100,TCL科技,2025-10-23 11:21:30,4.17,1204700,4.17,U
sz000100,TCL科技,2025-10-23 11:21:33,4.17,558700,4.17,U
sz000100,TCL科技,2025-10-23 11:21:36,4.17,387300,4.17,U
sz000100,TCL科技,2025-10-23 11:21:39,4.17,2488180,4.17,U
sz000100,TCL科技,2025-10-23 11:21:42,4.17,118900,4.17,D
sz000100,TCL科技,2025-10-23 11:21:48,4.18,43300,4.17,U
sz000100,TCL科技,2025-10-23 11:22:00,4.18,21400,4.18,U
sz000100,TCL科技,2025-10-23 11:22:06,4.17,750900,4.18,D
sz000100,TCL科技,2025-10-23 11:22:09,4.17,25200,4.17,D
sz000100,TCL科技,2025-10-23 11:22:15,4.17,96100,4.17,D
sz000100,TCL科技,2025-10-23 11:22:18,4.17,200200,4.17,D
sz000100,TCL科技,2025-10-23 11:22:21,4.17,84000,4.17,D
sz000100,TCL科技,2025-10-23 11:22:30,4.17,27000,4.17,D
sz000100,TCL科技,2025-10-23 11:22:33,4.17,96800,4.17,D
sz000100,TCL科技,2025-10-23 11:22:39,4.17,25500,4.17,D
sz000100,TCL科技,2025-10-23 11:23:00,4.17,46100,4.17,D
sz000100,TCL科技,2025-10-23 11:23:06,4.18,29100,4.17,U
sz000100,TCL科技,2025-10-23 11:23:09,4.17,206890,4.18,D
sz000100,TCL科技,2025-10-23 11:23:12,4.17,65700,4.17,D
sz000100,TCL科技,2025-10-23 11:23:18,4.17,194000,4.17,D
sz000100,TCL科技,2025-10-23 11:23:21,4.17,61100,4.17,D
sz000100,TCL科技,2025-10-23 11:23:24,4.17,23300,4.17,D
sz000100,TCL科技,2025-10-23 11:23:27,4.17,21800,4.17,D
sz000100,TCL科技,2025-10-23 11:23:30,4.18,22400,4.17,U
sz000100,TCL科技,2025-10-23 11:23:33,4.18,114100,4.18,U
sz000100,TCL科技,2025-10-23 11:23:36,4.18,114200,4.18,U
sz000100,TCL科技,2025-10-23 11:23:39,4.17,71400,4.18,D
sz000100,TCL科技,2025-10-23 11:23:42,4.17,28700,4.17,D
sz000100,TCL科技,2025-10-23 11:23:45,4.18,105500,4.17,U
sz000100,TCL科技,2025-10-23 11:23:48,4.17,63600,4.18,D
sz000100,TCL科技,2025-10-23 11:23:51,4.17,81800,4.17,D
sz000100,TCL科技,2025-10-23 11:23:54,4.17,213060,4.17,D
sz000100,TCL科技,2025-10-23 11:23:57,4.17,288600,4.17,U
sz000100,TCL科技,2025-10-23 11:24:09,4.17,40400,4.17,U
sz000100,TCL科技,2025-10-23 11:24:12,4.17,133400,4.17,U
sz000100,TCL科技,2025-10-23 11:24:18,4.17,24600,4.17,U
sz000100,TCL科技,2025-10-23 11:24:21,4.17,42100,4.17,U
sz000100,TCL科技,2025-10-23 11:24:24,4.17,147200,4.17,U
sz000100,TCL科技,2025-10-23 11:24:27,4.17,28600,4.17,U
sz000100,TCL科技,2025-10-23 11:24:45,4.17,62800,4.16,U
sz000100,TCL科技,2025-10-23 11:25:03,4.17,291600,4.17,U
sz000100,TCL科技,2025-10-23 11:25:18,4.17,34000,4.17,U
sz000100,TCL科技,2025-10-23 11:25:33,4.17,48200,4.17,U
sz000100,TCL科技,2025-10-23 11:27:33,4.17,98400,4.17,U
sz000100,TCL科技,2025-10-23 11:27:45,4.17,23100,4.17,U
sz000100,TCL科技,2025-10-23 11:28:03,4.17,21900,4.17,U
sz000100,TCL科技,2025-10-23 11:28:18,4.16,109400,4.17,D
sz000100,TCL科技,2025-10-23 11:28:21,4.16,25900,4.16,D
sz000100,TCL科技,2025-10-23 11:28:24,4.16,65100,4.16,D
sz000100,TCL科技,2025-10-23 11:28:36,4.17,35500,4.17,U
sz000100,TCL科技,2025-10-23 11:28:51,4.16,123400,4.17,D
sz000100,TCL科技,2025-10-23 11:28:57,4.17,29600,4.16,U
sz000100,TCL科技,2025-10-23 11:29:03,4.16,36300,4.16,D
sz000100,TCL科技,2025-10-23 11:29:06,4.16,26700,4.16,D
sz000100,TCL科技,2025-10-23 11:29:36,4.16,29900,4.17,D
sz000100,TCL科技,2025-10-23 11:29:45,4.17,52400,4.17,U
sz000100,TCL科技,2025-10-23 11:29:48,4.16,196800,4.17,D
sz000100,TCL科技,2025-10-23 11:29:51,4.16,21900,4.16,D
sz000100,TCL科技,2025-10-23 11:29:54,4.16,57500,4.16,D
sz000100,TCL科技,2025-10-23 13:00:00,4.17,101000,4.17,U
sz000100,TCL科技,2025-10-23 13:00:03,4.16,444580,4.17,D
sz000100,TCL科技,2025-10-23 13:00:06,4.16,119500,4.16,D
sz000100,TCL科技,2025-10-23 13:00:09,4.17,253600,4.16,U
sz000100,TCL科技,2025-10-23 13:00:12,4.16,84000,4.17,D
sz000100,TCL科技,2025-10-23 13:00:18,4.16,494500,4.16,D
sz000100,TCL科技,2025-10-23 13:00:21,4.16,171900,4.16,D
sz000100,TCL科技,2025-10-23 13:00:39,4.16,97000,4.16,D
sz000100,TCL科技,2025-10-23 13:02:03,4.17,32800,4.16,U
sz000100,TCL科技,2025-10-23 13:02:12,4.17,55300,4.17,U
sz000100,TCL科技,2025-10-23 13:02:39,4.17,35600,4.16,U
sz000100,TCL科技,2025-10-23 13:03:12,4.17,62900,4.17,U
sz000100,TCL科技,2025-10-23 13:03:15,4.17,21300,4.17,U
sz000100,TCL科技,2025-10-23 13:03:18,4.17,105600,4.17,U
sz000100,TCL科技,2025-10-23 13:03:21,4.17,24700,4.17,U
sz000100,TCL科技,2025-10-23 13:03:24,4.17,62400,4.17,U
sz000100,TCL科技,2025-10-23 13:03:27,4.16,68200,4.17,D
sz000100,TCL科技,2025-10-23 13:03:30,4.17,52800,4.16,U
sz000100,TCL科技,2025-10-23 13:03:33,4.17,20600,4.17,U
sz000100,TCL科技,2025-10-23 13:03:36,4.17,68700,4.17,U
sz000100,TCL科技,2025-10-23 13:03:42,4.17,54500,4.17,U
sz000100,TCL科技,2025-10-23 13:03:45,4.17,24800,4.17,U
sz000100,TCL科技,2025-10-23 13:03:48,4.17,27300,4.17,U
sz000100,TCL科技,2025-10-23 13:03:51,4.17,62900,4.17,U
sz000100,TCL科技,2025-10-23 13:03:54,4.16,86700,4.17,D
sz000100,TCL科技,2025-10-23 13:03:57,4.17,54860,4.16,U
sz000100,TCL科技,2025-10-23 13:04:00,4.16,28300,4.17,D
sz000100,TCL科技,2025-10-23 13:04:03,4.17,43400,4.16,U
sz000100,TCL科技,2025-10-23 13:04:06,4.17,56800,4.17,U
sz000100,TCL科技,2025-10-23 13:04:09,4.17,75500,4.17,U
sz000100,TCL科技,2025-10-23 13:04:12,4.17,78100,4.17,U
sz000100,TCL科技,2025-10-23 13:04:15,4.17,87100,4.17,U
sz000100,TCL科技,2025-10-23 13:04:27,4.17,24800,4.17,U
sz000100,TCL科技,2025-10-23 13:04:57,4.17,49600,4.16,U
sz000100,TCL科技,2025-10-23 13:05:33,4.16,63400,4.17,D
sz000100,TCL科技,2025-10-23 13:06:00,4.16,23400,4.16,D
sz000100,TCL科技,2025-10-23 13:06:03,4.16,76600,4.16,D
sz000100,TCL科技,2025-10-23 13:06:15,4.16,51900,4.16,D
sz000100,TCL科技,2025-10-23 13:06:18,4.16,186200,4.16,D
sz000100,TCL科技,2025-10-23 13:06:21,4.16,95100,4.16,D
sz000100,TCL科技,2025-10-23 13:06:33,4.17,21600,4.17,U
sz000100,TCL科技,2025-10-23 13:06:42,4.17,68800,4.17,U
sz000100,TCL科技,2025-10-23 13:07:03,4.16,42500,4.17,D
sz000100,TCL科技,2025-10-23 13:07:42,4.17,30700,4.16,U
sz000100,TCL科技,2025-10-23 13:08:03,4.16,24000,4.16,D
sz000100,TCL科技,2025-10-23 13:08:15,4.17,30800,4.16,U
sz000100,TCL科技,2025-10-23 13:09:42,4.17,26000,4.16,U
sz000100,TCL科技,2025-10-23 13:09:54,4.16,31200,4.16,D
sz000100,TCL科技,2025-10-23 13:11:27,4.17,39700,4.17,U
sz000100,TCL科技,2025-10-23 13:11:54,4.16,41100,4.17,D
sz000100,TCL科技,2025-10-23 13:12:00,4.16,25600,4.16,D
sz000100,TCL科技,2025-10-23 13:12:03,4.16,870700,4.16,D
sz000100,TCL科技,2025-10-23 13:12:06,4.16,975000,4.16,D
sz000100,TCL科技,2025-10-23 13:12:21,4.16,26400,4.16,D
sz000100,TCL科技,2025-10-23 13:12:27,4.16,21800,4.16,D
sz000100,TCL科技,2025-10-23 13:12:30,4.16,38200,4.16,D
sz000100,TCL科技,2025-10-23 13:12:45,4.16,35400,4.16,D
sz000100,TCL科技,2025-10-23 13:12:51,4.17,59900,4.16,U
sz000100,TCL科技,2025-10-23 13:13:06,4.16,20100,4.16,D
sz000100,TCL科技,2025-10-23 13:13:12,4.16,25900,4.16,D
sz000100,TCL科技,2025-10-23 13:13:45,4.16,47100,4.16,D
sz000100,TCL科技,2025-10-23 13:14:00,4.16,100200,4.16,D
sz000100,TCL科技,2025-10-23 13:14:03,4.17,30000,4.16,U
sz000100,TCL科技,2025-10-23 13:14:06,4.16,303900,4.17,D
sz000100,TCL科技,2025-10-23 13:14:12,4.16,51300,4.16,D
sz000100,TCL科技,2025-10-23 13:14:15,4.16,122300,4.16,D
sz000100,TCL科技,2025-10-23 13:14:18,4.17,72400,4.16,U
sz000100,TCL科技,2025-10-23 13:14:21,4.16,306900,4.17,D
sz000100,TCL科技,2025-10-23 13:14:27,4.16,74100,4.16,D
sz000100,TCL科技,2025-10-23 13:14:33,4.17,113300,4.16,U
sz000100,TCL科技,2025-10-23 13:14:36,4.16,31100,4.17,D
sz000100,TCL科技,2025-10-23 13:14:45,4.16,29700,4.16,D
sz000100,TCL科技,2025-10-23 13:14:51,4.16,25000,4.17,D
sz000100,TCL科技,2025-10-23 13:14:54,4.17,24800,4.16,U
sz000100,TCL科技,2025-10-23 13:14:57,4.16,112900,4.17,D
sz000100,TCL科技,2025-10-23 13:15:15,4.16,197400,4.16,D
sz000100,TCL科技,2025-10-23 13:15:21,4.16,1103350,4.16,D
sz000100,TCL科技,2025-10-23 13:15:24,4.16,495050,4.16,U
sz000100,TCL科技,2025-10-23 13:15:27,4.16,59900,4.16,D
sz000100,TCL科技,2025-10-23 13:15:30,4.16,56700,4.16,U
sz000100,TCL科技,2025-10-23 13:15:33,4.16,53200,4.16,U
sz000100,TCL科技,2025-10-23 13:15:36,4.16,28800,4.16,U
sz000100,TCL科技,2025-10-23 13:15:39,4.16,34800,4.16,U
sz000100,TCL科技,2025-10-23 13:15:42,4.15,36500,4.16,D
sz000100,TCL科技,2025-10-23 13:15:45,4.16,63300,4.15,U
sz000100,TCL科技,2025-10-23 13:15:48,4.16,416600,4.16,U
sz000100,TCL科技,2025-10-23 13:15:51,4.16,149700,4.16,U
sz000100,TCL科技,2025-10-23 13:15:54,4.16,43500,4.16,U
sz000100,TCL科技,2025-10-23 13:15:57,4.16,27600,4.16,U
sz000100,TCL科技,2025-10-23 13:16:00,4.16,26000,4.16,U
sz000100,TCL科技,2025-10-23 13:16:18,4.16,171600,4.15,U
sz000100,TCL科技,2025-10-23 13:16:21,4.16,92400,4.16,U
sz000100,TCL科技,2025-10-23 13:16:33,4.16,32500,4.15,U
sz000100,TCL科技,2025-10-23 13:16:42,4.16,369200,4.16,U
sz000100,TCL科技,2025-10-23 13:16:45,4.16,22300,4.16,U
sz000100,TCL科技,2025-10-23 13:16:54,4.16,31800,4.15,U
sz000100,TCL科技,2025-10-23 13:17:15,4.16,79600,4.16,U
sz000100,TCL科技,2025-10-23 13:17:18,4.16,60100,4.16,U
sz000100,TCL科技,2025-10-23 13:17:21,4.16,136100,4.16,U
sz000100,TCL科技,2025-10-23 13:17:36,4.16,23000,4.17,D
sz000100,TCL科技,2025-10-23 13:17:39,4.16,29400,4.16,D
sz000100,TCL科技,2025-10-23 13:17:57,4.16,63800,4.16,D
sz000100,TCL科技,2025-10-23 13:18:06,4.16,46300,4.16,D
sz000100,TCL科技,2025-10-23 13:18:09,4.16,159500,4.16,D
sz000100,TCL科技,2025-10-23 13:18:15,4.16,22200,4.15,U
sz000100,TCL科技,2025-10-23 13:18:54,4.16,99500,4.16,U
sz000100,TCL科技,2025-10-23 13:19:00,4.16,42300,4.16,U
sz000100,TCL科技,2025-10-23 13:19:15,4.15,122600,4.16,D
sz000100,TCL科技,2025-10-23 13:19:21,4.16,284810,4.15,U
sz000100,TCL科技,2025-10-23 13:19:36,4.16,53500,4.16,D
sz000100,TCL科技,2025-10-23 13:19:51,4.16,112100,4.16,D
sz000100,TCL科技,2025-10-23 13:20:03,4.17,23700,4.16,U
sz000100,TCL科技,2025-10-23 13:20:18,4.16,60000,4.16,D
sz000100,TCL科技,2025-10-23 13:20:27,4.16,22000,4.16,D
sz000100,TCL科技,2025-10-23 13:20:45,4.16,38100,4.16,D
sz000100,TCL科技,2025-10-23 13:20:51,4.17,32800,4.16,U
sz000100,TCL科技,2025-10-23 13:20:57,4.17,21300,4.17,U
sz000100,TCL科技,2025-10-23 13:21:27,4.17,28400,4.17,U
sz000100,TCL科技,2025-10-23 13:21:30,4.16,20200,4.17,D
sz000100,TCL科技,2025-10-23 13:21:42,4.16,74000,4.17,D
sz000100,TCL科技,2025-10-23 13:21:48,4.16,63500,4.17,D
sz000100,TCL科技,2025-10-23 13:21:54,4.16,21300,4.16,D
sz000100,TCL科技,2025-10-23 13:22:00,4.16,62900,4.16,D
sz000100,TCL科技,2025-10-23 13:22:09,4.17,86700,4.17,U
sz000100,TCL科技,2025-10-23 13:22:12,4.17,55900,4.17,U
sz000100,TCL科技,2025-10-23 13:22:15,4.16,42200,4.17,D
sz000100,TCL科技,2025-10-23 13:22:45,4.16,319300,4.16,D
sz000100,TCL科技,2025-10-23 13:22:48,4.17,23400,4.16,U
sz000100,TCL科技,2025-10-23 13:23:06,4.16,22000,4.16,D
sz000100,TCL科技,2025-10-23 13:23:21,4.16,27600,4.16,D
sz000100,TCL科技,2025-10-23 13:23:27,4.16,21600,4.16,D
sz000100,TCL科技,2025-10-23 13:23:33,4.17,25300,4.16,U
sz000100,TCL科技,2025-10-23 13:23:36,4.16,20800,4.17,D
sz000100,TCL科技,2025-10-23 13:23:39,4.16,64000,4.16,D
sz000100,TCL科技,2025-10-23 13:23:42,4.16,30000,4.16,D
sz000100,TCL科技,2025-10-23 13:23:45,4.16,60240,4.16,D
sz000100,TCL科技,2025-10-23 13:23:54,4.16,22400,4.16,U
sz000100,TCL科技,2025-10-23 13:23:57,4.16,26900,4.16,U
sz000100,TCL科技,2025-10-23 13:24:06,4.16,21200,4.16,U
sz000100,TCL科技,2025-10-23 13:24:09,4.16,111200,4.16,U
sz000100,TCL科技,2025-10-23 13:24:15,4.16,45800,4.16,U
sz000100,TCL科技,2025-10-23 13:24:54,4.16,141800,4.16,U
sz000100,TCL科技,2025-10-23 13:25:27,4.16,108500,4.16,U
sz000100,TCL科技,2025-10-23 13:26:12,4.16,51100,4.16,U
sz000100,TCL科技,2025-10-23 13:26:15,4.15,22100,4.16,D
sz000100,TCL科技,2025-10-23 13:27:18,4.16,287400,4.16,U
sz000100,TCL科技,2025-10-23 13:27:42,4.15,60200,4.15,D
sz000100,TCL科技,2025-10-23 13:27:45,4.15,100200,4.15,D
sz000100,TCL科技,2025-10-23 13:27:57,4.15,20200,4.15,D
sz000100,TCL科技,2025-10-23 13:29:24,4.15,33500,4.15,D
sz000100,TCL科技,2025-10-23 13:29:42,4.16,65800,4.16,U
sz000100,TCL科技,2025-10-23 13:29:45,4.16,20500,4.16,U
sz000100,TCL科技,2025-10-23 13:29:51,4.16,33600,4.16,U
sz000100,TCL科技,2025-10-23 13:30:00,4.15,55900,4.16,D
sz000100,TCL科技,2025-10-23 13:30:18,4.15,389200,4.15,D
sz000100,TCL科技,2025-10-23 13:30:48,4.16,30600,4.16,U
sz000100,TCL科技,2025-10-23 13:31:06,4.16,22400,4.16,U
sz000100,TCL科技,2025-10-23 13:31:09,4.16,54100,4.16,U
sz000100,TCL科技,2025-10-23 13:31:30,4.16,369300,4.15,U
sz000100,TCL科技,2025-10-23 13:31:33,4.15,26500,4.16,D
sz000100,TCL科技,2025-10-23 13:31:48,4.16,42600,4.16,U
sz000100,TCL科技,2025-10-23 13:32:24,4.15,44600,4.16,D
sz000100,TCL科技,2025-10-23 13:32:39,4.16,51000,4.16,U
sz000100,TCL科技,2025-10-23 13:32:51,4.16,20000,4.16,U
sz000100,TCL科技,2025-10-23 13:32:57,4.16,50000,4.16,U
sz000100,TCL科技,2025-10-23 13:33:03,4.15,88500,4.16,D
sz000100,TCL科技,2025-10-23 13:33:09,4.16,60400,4.16,U
sz000100,TCL科技,2025-10-23 13:33:12,4.16,24500,4.16,U
sz000100,TCL科技,2025-10-23 13:33:15,4.15,32500,4.16,D
sz000100,TCL科技,2025-10-23 13:33:21,4.16,26700,4.16,U
sz000100,TCL科技,2025-10-23 13:33:24,4.16,100000,4.16,U
sz000100,TCL科技,2025-10-23 13:33:33,4.16,100500,4.16,U
sz000100,TCL科技,2025-10-23 13:33:54,4.16,75100,4.15,U
sz000100,TCL科技,2025-10-23 13:33:57,4.16,147900,4.16,U
sz000100,TCL科技,2025-10-23 13:35:15,4.16,290900,4.16,U
sz000100,TCL科技,2025-10-23 13:35:18,4.16,38500,4.16,U
sz000100,TCL科技,2025-10-23 13:35:51,4.15,44700,4.16,D
sz000100,TCL科技,2025-10-23 13:36:00,4.16,43400,4.16,U
sz000100,TCL科技,2025-10-23 13:36:27,4.15,36800,4.16,D
sz000100,TCL科技,2025-10-23 13:36:36,4.16,32400,4.16,U
sz000100,TCL科技,2025-10-23 13:37:09,4.16,27700,4.16,U
sz000100,TCL科技,2025-10-23 13:37:12,4.16,20500,4.16,U
sz000100,TCL科技,2025-10-23 13:37:36,4.15,59500,4.16,D
sz000100,TCL科技,2025-10-23 13:37:57,4.15,50100,4.15,D
sz000100,TCL科技,2025-10-23 13:38:51,4.15,32500,4.16,D
sz000100,TCL科技,2025-10-23 13:39:54,4.15,66500,4.16,D
sz000100,TCL科技,2025-10-23 13:40:03,4.16,20300,4.15,U
sz000100,TCL科技,2025-10-23 13:40:27,4.15,65000,4.15,D
sz000100,TCL科技,2025-10-23 13:40:42,4.16,77100,4.15,U
sz000100,TCL科技,2025-10-23 13:41:12,4.16,28800,4.16,U
sz000100,TCL科技,2025-10-23 13:41:30,4.16,541100,4.16,U
sz000100,TCL科技,2025-10-23 13:41:51,4.16,812600,4.16,U
sz000100,TCL科技,2025-10-23 13:41:57,4.15,30800,4.15,D
sz000100,TCL科技,2025-10-23 13:42:00,4.15,29100,4.15,D
sz000100,TCL科技,2025-10-23 13:42:06,4.15,110800,4.16,D
sz000100,TCL科技,2025-10-23 13:42:27,4.15,33140,4.16,D
sz000100,TCL科技,2025-10-23 13:43:21,4.16,802600,4.15,U
sz000100,TCL科技,2025-10-23 13:43:33,4.16,33200,4.16,U
sz000100,TCL科技,2025-10-23 13:43:36,4.15,331700,4.16,D
sz000100,TCL科技,2025-10-23 13:43:45,4.16,30200,4.15,U
sz000100,TCL科技,2025-10-23 13:43:54,4.15,100000,4.15,D
sz000100,TCL科技,2025-10-23 13:43:57,4.16,196500,4.15,U
sz000100,TCL科技,2025-10-23 13:44:00,4.16,122000,4.16,U
sz000100,TCL科技,2025-10-23 13:44:09,4.15,114100,4.15,D
sz000100,TCL科技,2025-10-23 13:44:12,4.16,20000,4.15,U
sz000100,TCL科技,2025-10-23 13:44:18,4.16,21600,4.16,U
sz000100,TCL科技,2025-10-23 13:44:33,4.16,54000,4.16,U
sz000100,TCL科技,2025-10-23 13:44:39,4.16,134000,4.16,U
sz000100,TCL科技,2025-10-23 13:44:42,4.16,66800,4.16,U
sz000100,TCL科技,2025-10-23 13:44:45,4.16,26600,4.16,U
sz000100,TCL科技,2025-10-23 13:45:15,4.16,1770600,4.16,U
sz000100,TCL科技,2025-10-23 13:45:18,4.16,354800,4.16,U
sz000100,TCL科技,2025-10-23 13:45:21,4.16,58000,4.16,U
sz000100,TCL科技,2025-10-23 13:45:27,4.16,84500,4.16,U
sz000100,TCL科技,2025-10-23 13:45:36,4.16,54600,4.16,U
sz000100,TCL科技,2025-10-23 13:45:39,4.16,21100,4.16,U
sz000100,TCL科技,2025-10-23 13:45:42,4.16,66700,4.16,U
sz000100,TCL科技,2025-10-23 13:45:54,4.16,29600,4.15,U
sz000100,TCL科技,2025-10-23 13:46:06,4.15,56800,4.16,D
sz000100,TCL科技,2025-10-23 13:46:18,4.16,29000,4.15,U
sz000100,TCL科技,2025-10-23 13:46:27,4.16,47900,4.16,U
sz000100,TCL科技,2025-10-23 13:46:42,4.16,193100,4.16,U
sz000100,TCL科技,2025-10-23 13:46:45,4.15,29100,4.16,D
sz000100,TCL科技,2025-10-23 13:46:51,4.15,38400,4.16,D
sz000100,TCL科技,2025-10-23 13:46:54,4.15,40500,4.15,D
sz000100,TCL科技,2025-10-23 13:48:27,4.15,68000,4.16,D
sz000100,TCL科技,2025-10-23 13:49:00,4.16,28000,4.15,U
sz000100,TCL科技,2025-10-23 13:49:18,4.15,54300,4.15,D
sz000100,TCL科技,2025-10-23 13:49:21,4.16,29900,4.15,U
sz000100,TCL科技,2025-10-23 13:49:24,4.15,37800,4.16,D
sz000100,TCL科技,2025-10-23 13:49:30,4.16,39600,4.16,U
sz000100,TCL科技,2025-10-23 13:49:33,4.16,67500,4.16,U
sz000100,TCL科技,2025-10-23 13:49:36,4.16,90500,4.16,U
sz000100,TCL科技,2025-10-23 13:49:39,4.16,135300,4.16,U
sz000100,TCL科技,2025-10-23 13:49:45,4.16,23700,4.16,U
sz000100,TCL科技,2025-10-23 13:49:48,4.16,24000,4.16,U
sz000100,TCL科技,2025-10-23 13:50:12,4.15,53800,4.16,D
sz000100,TCL科技,2025-10-23 13:50:18,4.16,1320700,4.15,U
sz000100,TCL科技,2025-10-23 13:50:21,4.16,154700,4.16,U
sz000100,TCL科技,2025-10-23 13:50:24,4.16,82400,4.16,U
sz000100,TCL科技,2025-10-23 13:50:27,4.16,42900,4.16,U
sz000100,TCL科技,2025-10-23 13:50:36,4.15,20500,4.16,D
sz000100,TCL科技,2025-10-23 13:51:03,4.16,279301,4.16,U
sz000100,TCL科技,2025-10-23 13:51:06,4.16,289200,4.16,D
sz000100,TCL科技,2025-10-23 13:51:27,4.17,23900,4.16,U
sz000100,TCL科技,2025-10-23 13:51:54,4.17,45400,4.16,U
sz000100,TCL科技,2025-10-23 13:52:54,4.16,23500,4.16,D
sz000100,TCL科技,2025-10-23 13:53:36,4.16,22300,4.16,D
sz000100,TCL科技,2025-10-23 13:53:42,4.16,34000,4.17,D
sz000100,TCL科技,2025-10-23 13:54:18,4.17,41900,4.17,U
sz000100,TCL科技,2025-10-23 13:54:39,4.16,42300,4.17,D
sz000100,TCL科技,2025-10-23 13:55:06,4.16,40800,4.16,D
sz000100,TCL科技,2025-10-23 13:55:12,4.16,32500,4.17,D
sz000100,TCL科技,2025-10-23 13:55:18,4.16,50000,4.16,D
sz000100,TCL科技,2025-10-23 13:55:21,4.16,59600,4.16,D
sz000100,TCL科技,2025-10-23 13:55:24,4.16,50000,4.16,D
sz000100,TCL科技,2025-10-23 13:55:51,4.16,44700,4.16,D
sz000100,TCL科技,2025-10-23 13:55:54,4.16,20000,4.16,D
sz000100,TCL科技,2025-10-23 13:57:03,4.16,28400,4.17,D
sz000100,TCL科技,2025-10-23 13:57:30,4.16,61800,4.16,D
sz000100,TCL科技,2025-10-23 13:57:33,4.17,36300,4.16,U
sz000100,TCL科技,2025-10-23 13:57:51,4.17,59400,4.16,U
sz000100,TCL科技,2025-10-23 13:58:12,4.17,1007000,4.16,U
sz000100,TCL科技,2025-10-23 13:58:15,4.17,260200,4.17,U
sz000100,TCL科技,2025-10-23 13:58:27,4.17,27000,4.16,U
sz000100,TCL科技,2025-10-23 13:58:39,4.16,67300,4.17,D
sz000100,TCL科技,2025-10-23 13:58:45,4.16,32800,4.16,D
sz000100,TCL科技,2025-10-23 13:58:48,4.16,42900,4.16,D
sz000100,TCL科技,2025-10-23 13:58:51,4.17,32500,4.16,U
sz000100,TCL科技,2025-10-23 13:58:57,4.16,65900,4.16,D
sz000100,TCL科技,2025-10-23 13:59:06,4.16,21400,4.16,D
sz000100,TCL科技,2025-10-23 13:59:18,4.16,31100,4.17,D
sz000100,TCL科技,2025-10-23 13:59:42,4.16,28900,4.17,D
sz000100,TCL科技,2025-10-23 13:59:51,4.17,30000,4.16,U
sz000100,TCL科技,2025-10-23 14:00:36,4.16,31500,4.17,D
sz000100,TCL科技,2025-10-23 14:01:00,4.16,53700,4.16,D
sz000100,TCL科技,2025-10-23 14:01:18,4.17,117700,4.16,U
sz000100,TCL科技,2025-10-23 14:01:30,4.17,136200,4.16,U
sz000100,TCL科技,2025-10-23 14:01:33,4.17,83000,4.17,U
sz000100,TCL科技,2025-10-23 14:01:51,4.16,21200,4.17,D
sz000100,TCL科技,2025-10-23 14:02:09,4.17,61600,4.16,U
sz000100,TCL科技,2025-10-23 14:02:12,4.16,47000,4.17,D
sz000100,TCL科技,2025-10-23 14:02:18,4.17,99400,4.16,U
sz000100,TCL科技,2025-10-23 14:02:39,4.16,23200,4.16,D
sz000100,TCL科技,2025-10-23 14:02:54,4.17,20700,4.17,U
sz000100,TCL科技,2025-10-23 14:03:00,4.16,26400,4.17,D
sz000100,TCL科技,2025-10-23 14:03:33,4.17,21200,4.17,U
sz000100,TCL科技,2025-10-23 14:04:03,4.17,21200,4.17,U
sz000100,TCL科技,2025-10-23 14:04:09,4.17,47100,4.16,U
sz000100,TCL科技,2025-10-23 14:04:15,4.17,36020,4.17,U
sz000100,TCL科技,2025-10-23 14:04:18,4.16,22200,4.17,D
sz000100,TCL科技,2025-10-23 14:04:30,4.16,27300,4.16,D
sz000100,TCL科技,2025-10-23 14:04:33,4.17,86700,4.16,U
sz000100,TCL科技,2025-10-23 14:04:51,4.17,32600,4.16,U
sz000100,TCL科技,2025-10-23 14:05:03,4.17,20700,4.16,U
sz000100,TCL科技,2025-10-23 14:05:24,4.17,204700,4.17,U
sz000100,TCL科技,2025-10-23 14:05:27,4.17,34300,4.17,U
sz000100,TCL科技,2025-10-23 14:05:39,4.17,48500,4.16,U
sz000100,TCL科技,2025-10-23 14:06:03,4.16,161200,4.17,D
sz000100,TCL科技,2025-10-23 14:06:06,4.17,40300,4.16,U
sz000100,TCL科技,2025-10-23 14:06:12,4.16,23900,4.17,D
sz000100,TCL科技,2025-10-23 14:06:15,4.17,121500,4.16,U
sz000100,TCL科技,2025-10-23 14:06:18,4.17,30600,4.17,U
sz000100,TCL科技,2025-10-23 14:06:27,4.17,31800,4.17,U
sz000100,TCL科技,2025-10-23 14:06:48,4.17,23400,4.16,U
sz000100,TCL科技,2025-10-23 14:07:03,4.16,96500,4.17,D
sz000100,TCL科技,2025-10-23 14:07:06,4.17,55600,4.16,U
sz000100,TCL科技,2025-10-23 14:07:09,4.17,667300,4.17,U
sz000100,TCL科技,2025-10-23 14:07:12,4.17,301800,4.17,U
sz000100,TCL科技,2025-10-23 14:07:15,4.17,83700,4.17,U
sz000100,TCL科技,2025-10-23 14:07:18,4.16,47400,4.17,D
sz000100,TCL科技,2025-10-23 14:07:21,4.16,31600,4.16,D
sz000100,TCL科技,2025-10-23 14:07:27,4.16,48300,4.16,D
sz000100,TCL科技,2025-10-23 14:07:36,4.17,26400,4.17,U
sz000100,TCL科技,2025-10-23 14:07:45,4.17,231900,4.16,U
sz000100,TCL科技,2025-10-23 14:07:48,4.17,73200,4.17,U
sz000100,TCL科技,2025-10-23 14:07:51,4.16,813300,4.17,D
sz000100,TCL科技,2025-10-23 14:07:54,4.17,376500,4.16,U
sz000100,TCL科技,2025-10-23 14:07:57,4.17,34900,4.17,U
sz000100,TCL科技,2025-10-23 14:08:00,4.17,59000,4.17,U
sz000100,TCL科技,2025-10-23 14:08:03,4.17,47900,4.17,U
sz000100,TCL科技,2025-10-23 14:08:06,4.17,9589700,4.17,U
sz000100,TCL科技,2025-10-23 14:08:09,4.17,4246290,4.17,U
sz000100,TCL科技,2025-10-23 14:08:12,4.18,381000,4.17,U
sz000100,TCL科技,2025-10-23 14:08:18,4.17,1363700,4.18,D
sz000100,TCL科技,2025-10-23 14:08:21,4.17,43100,4.17,D
sz000100,TCL科技,2025-10-23 14:08:27,4.18,69500,4.17,U
sz000100,TCL科技,2025-10-23 14:08:30,4.18,32000,4.18,U
sz000100,TCL科技,2025-10-23 14:08:39,4.18,54000,4.18,U
sz000100,TCL科技,2025-10-23 14:08:42,4.18,217600,4.18,U
sz000100,TCL科技,2025-10-23 14:08:57,4.18,27000,4.17,U
sz000100,TCL科技,2025-10-23 14:09:00,4.18,69300,4.18,U
sz000100,TCL科技,2025-10-23 14:09:03,4.18,52300,4.18,U
sz000100,TCL科技,2025-10-23 14:09:06,4.18,66400,4.18,U
sz000100,TCL科技,2025-10-23 14:09:09,4.18,21500,4.18,U
sz000100,TCL科技,2025-10-23 14:09:12,4.18,118900,4.18,U
sz000100,TCL科技,2025-10-23 14:09:21,4.18,933500,4.18,U
sz000100,TCL科技,2025-10-23 14:09:33,4.17,72400,4.18,D
sz000100,TCL科技,2025-10-23 14:09:36,4.18,28900,4.17,U
sz000100,TCL科技,2025-10-23 14:09:45,4.18,68900,4.18,U
sz000100,TCL科技,2025-10-23 14:09:48,4.18,36300,4.18,U
sz000100,TCL科技,2025-10-23 14:10:03,4.18,20000,4.17,U
sz000100,TCL科技,2025-10-23 14:10:06,4.18,77800,4.18,U
sz000100,TCL科技,2025-10-23 14:10:12,4.17,72200,4.18,D
sz000100,TCL科技,2025-10-23 14:10:15,4.18,53400,4.17,U
sz000100,TCL科技,2025-10-23 14:10:18,4.18,29400,4.18,U
sz000100,TCL科技,2025-10-23 14:10:27,4.18,40200,4.18,U
sz000100,TCL科技,2025-10-23 14:10:48,4.18,56500,4.18,U
sz000100,TCL科技,2025-10-23 14:11:03,4.18,29500,4.17,U
sz000100,TCL科技,2025-10-23 14:11:09,4.17,137100,4.18,D
sz000100,TCL科技,2025-10-23 14:11:30,4.18,22900,4.17,U
sz000100,TCL科技,2025-10-23 14:11:42,4.17,213600,4.18,D
sz000100,TCL科技,2025-10-23 14:12:09,4.17,25900,4.18,D
sz000100,TCL科技,2025-10-23 14:12:12,4.18,27700,4.17,U
sz000100,TCL科技,2025-10-23 14:12:39,4.17,20000,4.17,D
sz000100,TCL科技,2025-10-23 14:12:45,4.18,63800,4.17,U
sz000100,TCL科技,2025-10-23 14:12:48,4.18,42200,4.18,U
sz000100,TCL科技,2025-10-23 14:12:51,4.17,25500,4.18,D
sz000100,TCL科技,2025-10-23 14:13:00,4.18,125700,4.18,U
sz000100,TCL科技,2025-10-23 14:13:09,4.18,537700,4.17,U
sz000100,TCL科技,2025-10-23 14:13:15,4.17,155400,4.18,D
sz000100,TCL科技,2025-10-23 14:13:18,4.18,44400,4.17,U
sz000100,TCL科技,2025-10-23 14:13:21,4.18,47600,4.18,U
sz000100,TCL科技,2025-10-23 14:13:33,4.17,40300,4.18,D
sz000100,TCL科技,2025-10-23 14:13:51,4.18,181300,4.18,U
sz000100,TCL科技,2025-10-23 14:13:54,4.17,48000,4.18,D
sz000100,TCL科技,2025-10-23 14:14:00,4.17,21500,4.18,D
sz000100,TCL科技,2025-10-23 14:14:03,4.17,30500,4.17,D
sz000100,TCL科技,2025-10-23 14:14:15,4.18,119600,4.17,U
sz000100,TCL科技,2025-10-23 14:14:27,4.18,22000,4.18,U
sz000100,TCL科技,2025-10-23 14:14:30,4.18,117900,4.18,U
sz000100,TCL科技,2025-10-23 14:14:33,4.18,24000,4.18,U
sz000100,TCL科技,2025-10-23 14:14:36,4.18,30000,4.18,U
sz000100,TCL科技,2025-10-23 14:14:39,4.18,34900,4.18,U
sz000100,TCL科技,2025-10-23 14:14:42,4.18,25000,4.18,U
sz000100,TCL科技,2025-10-23 14:14:48,4.18,32200,4.18,U
sz000100,TCL科技,2025-10-23 14:14:54,4.18,26300,4.18,U
sz000100,TCL科技,2025-10-23 14:15:00,4.18,83000,4.17,U
sz000100,TCL科技,2025-10-23 14:15:03,4.17,153100,4.18,D
sz000100,TCL科技,2025-10-23 14:15:06,4.18,37300,4.17,U
sz000100,TCL科技,2025-10-23 14:15:09,4.18,69900,4.18,U
sz000100,TCL科技,2025-10-23 14:15:15,4.18,46700,4.18,U
sz000100,TCL科技,2025-10-23 14:15:24,4.18,31200,4.17,U
sz000100,TCL科技,2025-10-23 14:15:33,4.17,32630,4.18,D
sz000100,TCL科技,2025-10-23 14:15:36,4.18,32400,4.17,U
sz000100,TCL科技,2025-10-23 14:15:54,4.18,35400,4.17,U
sz000100,TCL科技,2025-10-23 14:16:03,4.17,57800,4.17,D
sz000100,TCL科技,2025-10-23 14:16:12,4.18,50000,4.18,U
sz000100,TCL科技,2025-10-23 14:16:15,4.18,138400,4.18,U
sz000100,TCL科技,2025-10-23 14:16:24,4.18,44400,4.18,U
sz000100,TCL科技,2025-10-23 14:16:45,4.17,465000,4.17,D
sz000100,TCL科技,2025-10-23 14:17:06,4.18,74200,4.18,U
sz000100,TCL科技,2025-10-23 14:17:21,4.18,50500,4.18,U
sz000100,TCL科技,2025-10-23 14:17:36,4.18,37500,4.18,U
sz000100,TCL科技,2025-10-23 14:17:39,4.18,20200,4.18,U
sz000100,TCL科技,2025-10-23 14:17:48,4.18,60900,4.17,U
sz000100,TCL科技,2025-10-23 14:18:09,4.18,44300,4.17,U
sz000100,TCL科技,2025-10-23 14:18:27,4.18,182300,4.17,U
sz000100,TCL科技,2025-10-23 14:19:03,4.18,25800,4.17,U
sz000100,TCL科技,2025-10-23 14:19:09,4.17,28600,4.18,D
sz000100,TCL科技,2025-10-23 14:19:33,4.18,32700,4.18,U
sz000100,TCL科技,2025-10-23 14:20:03,4.17,20000,4.18,D
sz000100,TCL科技,2025-10-23 14:20:18,4.18,28800,4.17,U
sz000100,TCL科技,2025-10-23 14:20:42,4.18,54600,4.18,U
sz000100,TCL科技,2025-10-23 14:20:57,4.18,25800,4.18,U
sz000100,TCL科技,2025-10-23 14:21:00,4.18,395200,4.18,U
sz000100,TCL科技,2025-10-23 14:21:03,4.18,532600,4.18,U
sz000100,TCL科技,2025-10-23 14:21:06,4.18,90700,4.18,U
sz000100,TCL科技,2025-10-23 14:21:09,4.18,71500,4.18,U
sz000100,TCL科技,2025-10-23 14:21:12,4.18,33500,4.18,U
sz000100,TCL科技,2025-10-23 14:21:15,4.18,167800,4.18,U
sz000100,TCL科技,2025-10-23 14:21:18,4.18,34800,4.18,U
sz000100,TCL科技,2025-10-23 14:21:24,4.17,38800,4.18,D
sz000100,TCL科技,2025-10-23 14:21:27,4.18,36600,4.17,U
sz000100,TCL科技,2025-10-23 14:21:33,4.18,152900,4.17,U
sz000100,TCL科技,2025-10-23 14:21:39,4.18,62300,4.18,U
sz000100,TCL科技,2025-10-23 14:21:45,4.18,20000,4.18,U
sz000100,TCL科技,2025-10-23 14:21:48,4.17,81800,4.18,D
sz000100,TCL科技,2025-10-23 14:21:51,4.18,52600,4.17,U
sz000100,TCL科技,2025-10-23 14:22:00,4.17,23200,4.17,D
sz000100,TCL科技,2025-10-23 14:22:03,4.17,225800,4.17,D
sz000100,TCL科技,2025-10-23 14:22:09,4.18,49700,4.17,U
sz000100,TCL科技,2025-10-23 14:22:12,4.18,52410,4.18,U
sz000100,TCL科技,2025-10-23 14:22:18,4.18,81400,4.18,U
sz000100,TCL科技,2025-10-23 14:22:27,4.18,36400,4.18,U
sz000100,TCL科技,2025-10-23 14:22:30,4.17,22400,4.18,D
sz000100,TCL科技,2025-10-23 14:22:42,4.17,23200,4.18,D
sz000100,TCL科技,2025-10-23 14:22:45,4.18,69500,4.17,U
sz000100,TCL科技,2025-10-23 14:22:48,4.18,161400,4.18,U
sz000100,TCL科技,2025-10-23 14:22:51,4.17,21600,4.18,D
sz000100,TCL科技,2025-10-23 14:22:54,4.18,28000,4.17,U
sz000100,TCL科技,2025-10-23 14:22:57,4.17,20200,4.18,D
sz000100,TCL科技,2025-10-23 14:23:03,4.18,223500,4.18,U
sz000100,TCL科技,2025-10-23 14:23:15,4.18,26600,4.18,U
sz000100,TCL科技,2025-10-23 14:23:21,4.18,48800,4.18,U
sz000100,TCL科技,2025-10-23 14:23:27,4.18,27100,4.18,U
sz000100,TCL科技,2025-10-23 14:23:33,4.18,102400,4.17,U
sz000100,TCL科技,2025-10-23 14:23:42,4.18,23700,4.17,U
sz000100,TCL科技,2025-10-23 14:23:45,4.18,22300,4.18,U
sz000100,TCL科技,2025-10-23 14:23:54,4.17,21100,4.17,D
sz000100,TCL科技,2025-10-23 14:23:57,4.18,30400,4.17,U
sz000100,TCL科技,2025-10-23 14:24:00,4.18,108200,4.18,U
sz000100,TCL科技,2025-10-23 14:24:06,4.18,38500,4.17,U
sz000100,TCL科技,2025-10-23 14:24:09,4.17,29000,4.18,D
sz000100,TCL科技,2025-10-23 14:24:12,4.18,154700,4.17,U
sz000100,TCL科技,2025-10-23 14:24:18,4.18,23000,4.18,U
sz000100,TCL科技,2025-10-23 14:24:24,4.17,33900,4.17,D
sz000100,TCL科技,2025-10-23 14:24:27,4.18,69300,4.17,U
sz000100,TCL科技,2025-10-23 14:24:48,4.18,21800,4.17,U
sz000100,TCL科技,2025-10-23 14:24:57,4.17,32000,4.18,D
sz000100,TCL科技,2025-10-23 14:25:00,4.18,48500,4.17,U
sz000100,TCL科技,2025-10-23 14:25:03,4.17,120200,4.18,D
sz000100,TCL科技,2025-10-23 14:25:27,4.18,34500,4.18,U
sz000100,TCL科技,2025-10-23 14:25:39,4.18,21300,4.18,U
sz000100,TCL科技,2025-10-23 14:25:42,4.18,74800,4.18,U
sz000100,TCL科技,2025-10-23 14:25:54,4.17,29100,4.17,D
sz000100,TCL科技,2025-10-23 14:26:00,4.18,46900,4.17,U
sz000100,TCL科技,2025-10-23 14:26:12,4.18,83900,4.18,U
sz000100,TCL科技,2025-10-23 14:26:21,4.18,24800,4.18,U
sz000100,TCL科技,2025-10-23 14:26:27,4.18,34800,4.17,U
sz000100,TCL科技,2025-10-23 14:26:30,4.17,26100,4.18,D
sz000100,TCL科技,2025-10-23 14:26:36,4.18,21000,4.18,U
sz000100,TCL科技,2025-10-23 14:26:39,4.18,75100,4.18,U
sz000100,TCL科技,2025-10-23 14:26:42,4.18,23400,4.18,U
sz000100,TCL科技,2025-10-23 14:26:48,4.18,40100,4.18,U
sz000100,TCL科技,2025-10-23 14:27:00,4.17,25800,4.17,D
sz000100,TCL科技,2025-10-23 14:27:03,4.18,691800,4.17,U
sz000100,TCL科技,2025-10-23 14:27:06,4.18,196400,4.18,U
sz000100,TCL科技,2025-10-23 14:27:09,4.18,1925100,4.18,U
sz000100,TCL科技,2025-10-23 14:27:12,4.18,3049600,4.18,U
sz000100,TCL科技,2025-10-23 14:27:15,4.18,1083500,4.18,U
sz000100,TCL科技,2025-10-23 14:27:18,4.18,244800,4.18,U
sz000100,TCL科技,2025-10-23 14:27:21,4.18,366000,4.18,U
sz000100,TCL科技,2025-10-23 14:27:24,4.18,185200,4.18,U
sz000100,TCL科技,2025-10-23 14:27:27,4.17,81600,4.18,D
sz000100,TCL科技,2025-10-23 14:27:30,4.18,141000,4.17,U
sz000100,TCL科技,2025-10-23 14:27:33,4.18,323300,4.18,U
sz000100,TCL科技,2025-10-23 14:27:36,4.18,185300,4.18,U
sz000100,TCL科技,2025-10-23 14:27:39,4.17,789400,4.18,D
sz000100,TCL科技,2025-10-23 14:27:42,4.17,216500,4.17,D
sz000100,TCL科技,2025-10-23 14:27:45,4.18,600700,4.17,U
sz000100,TCL科技,2025-10-23 14:27:48,4.18,428700,4.18,U
sz000100,TCL科技,2025-10-23 14:27:51,4.18,329200,4.18,U
sz000100,TCL科技,2025-10-23 14:27:54,4.18,511000,4.18,U
sz000100,TCL科技,2025-10-23 14:27:57,4.18,98100,4.18,U
sz000100,TCL科技,2025-10-23 14:28:00,4.18,774400,4.18,U
sz000100,TCL科技,2025-10-23 14:28:03,4.18,325500,4.18,U
sz000100,TCL科技,2025-10-23 14:28:06,4.18,876384,4.18,U
sz000100,TCL科技,2025-10-23 14:28:09,4.19,240300,4.18,U
sz000100,TCL科技,2025-10-23 14:28:12,4.19,88600,4.19,U
sz000100,TCL科技,2025-10-23 14:28:18,4.19,312700,4.19,U
sz000100,TCL科技,2025-10-23 14:28:21,4.19,56300,4.19,U
sz000100,TCL科技,2025-10-23 14:28:30,4.19,21300,4.18,U
sz000100,TCL科技,2025-10-23 14:28:36,4.19,24400,4.19,U
sz000100,TCL科技,2025-10-23 14:28:39,4.19,461500,4.19,U
sz000100,TCL科技,2025-10-23 14:28:42,4.19,110600,4.19,U
sz000100,TCL科技,2025-10-23 14:28:45,4.18,24500,4.19,D
sz000100,TCL科技,2025-10-23 14:28:54,4.19,37900,4.18,U
sz000100,TCL科技,2025-10-23 14:29:12,4.18,469600,4.19,D
sz000100,TCL科技,2025-10-23 14:29:15,4.18,79700,4.18,D
sz000100,TCL科技,2025-10-23 14:29:18,4.18,20400,4.18,D
sz000100,TCL科技,2025-10-23 14:29:21,4.19,55200,4.18,U
sz000100,TCL科技,2025-10-23 14:29:24,4.19,28300,4.19,U
sz000100,TCL科技,2025-10-23 14:29:30,4.19,136530,4.19,U
sz000100,TCL科技,2025-10-23 14:29:33,4.19,94100,4.19,U
sz000100,TCL科技,2025-10-23 14:29:36,4.19,38900,4.19,U
sz000100,TCL科技,2025-10-23 14:29:39,4.18,35500,4.19,D
sz000100,TCL科技,2025-10-23 14:29:45,4.18,225800,4.19,D
sz000100,TCL科技,2025-10-23 14:29:48,4.18,51800,4.18,D
sz000100,TCL科技,2025-10-23 14:30:06,4.18,49200,4.19,D
sz000100,TCL科技,2025-10-23 14:30:09,4.18,223700,4.18,D
sz000100,TCL科技,2025-10-23 14:30:21,4.18,116800,4.19,D
sz000100,TCL科技,2025-10-23 14:30:24,4.19,62100,4.18,U
sz000100,TCL科技,2025-10-23 14:30:27,4.19,36500,4.19,U
sz000100,TCL科技,2025-10-23 14:30:30,4.18,26600,4.19,D
sz000100,TCL科技,2025-10-23 14:30:36,4.19,45400,4.18,U
sz000100,TCL科技,2025-10-23 14:30:48,4.18,25000,4.18,D
sz000100,TCL科技,2025-10-23 14:30:54,4.19,56600,4.18,U
sz000100,TCL科技,2025-10-23 14:31:03,4.18,58400,4.18,D
sz000100,TCL科技,2025-10-23 14:31:06,4.18,102950,4.18,D
sz000100,TCL科技,2025-10-23 14:31:21,4.19,24000,4.19,U
sz000100,TCL科技,2025-10-23 14:31:33,4.18,28200,4.18,D
sz000100,TCL科技,2025-10-23 14:32:09,4.18,22500,4.19,D
sz000100,TCL科技,2025-10-23 14:32:15,4.19,23600,4.19,U
sz000100,TCL科技,2025-10-23 14:32:21,4.18,104700,4.19,D
sz000100,TCL科技,2025-10-23 14:32:33,4.18,41500,4.18,D
sz000100,TCL科技,2025-10-23 14:32:45,4.19,33300,4.19,U
sz000100,TCL科技,2025-10-23 14:32:48,4.19,22900,4.19,U
sz000100,TCL科技,2025-10-23 14:32:51,4.19,57900,4.19,U
sz000100,TCL科技,2025-10-23 14:33:06,4.19,28700,4.19,U
sz000100,TCL科技,2025-10-23 14:33:33,4.19,39800,4.19,U
sz000100,TCL科技,2025-10-23 14:33:48,4.19,35000,4.18,U
sz000100,TCL科技,2025-10-23 14:33:51,4.19,38800,4.19,U
sz000100,TCL科技,2025-10-23 14:33:54,4.18,32400,4.19,D
sz000100,TCL科技,2025-10-23 14:33:57,4.18,21000,4.18,D
sz000100,TCL科技,2025-10-23 14:34:00,4.19,25300,4.18,U
sz000100,TCL科技,2025-10-23 14:34:24,4.19,20200,4.19,U
sz000100,TCL科技,2025-10-23 14:34:27,4.18,74500,4.19,D
sz000100,TCL科技,2025-10-23 14:34:30,4.19,439500,4.18,U
sz000100,TCL科技,2025-10-23 14:34:33,4.19,365400,4.19,U
sz000100,TCL科技,2025-10-23 14:34:36,4.19,179900,4.19,U
sz000100,TCL科技,2025-10-23 14:34:39,4.19,23100,4.19,U
sz000100,TCL科技,2025-10-23 14:34:42,4.19,70500,4.19,U
sz000100,TCL科技,2025-10-23 14:34:48,4.18,53320,4.19,D
sz000100,TCL科技,2025-10-23 14:34:51,4.19,54300,4.18,U
sz000100,TCL科技,2025-10-23 14:34:54,4.19,57400,4.19,U
sz000100,TCL科技,2025-10-23 14:35:12,4.19,164600,4.18,U
sz000100,TCL科技,2025-10-23 14:35:15,4.19,61100,4.19,U
sz000100,TCL科技,2025-10-23 14:35:18,4.19,56800,4.19,U
sz000100,TCL科技,2025-10-23 14:35:21,4.19,40600,4.19,U
sz000100,TCL科技,2025-10-23 14:35:24,4.19,76800,4.19,U
sz000100,TCL科技,2025-10-23 14:35:27,4.19,71900,4.19,U
sz000100,TCL科技,2025-10-23 14:35:30,4.19,21400,4.19,U
sz000100,TCL科技,2025-10-23 14:35:33,4.19,39600,4.19,U
sz000100,TCL科技,2025-10-23 14:35:36,4.19,90800,4.19,U
sz000100,TCL科技,2025-10-23 14:35:39,4.19,66400,4.19,U
sz000100,TCL科技,2025-10-23 14:35:42,4.19,66300,4.19,U
sz000100,TCL科技,2025-10-23 14:35:45,4.19,37300,4.19,U
sz000100,TCL科技,2025-10-23 14:35:48,4.19,49700,4.19,U
sz000100,TCL科技,2025-10-23 14:35:51,4.19,52200,4.19,U
sz000100,TCL科技,2025-10-23 14:35:57,4.19,34200,4.18,U
sz000100,TCL科技,2025-10-23 14:36:00,4.19,204800,4.19,U
sz000100,TCL科技,2025-10-23 14:36:03,4.19,161900,4.19,U
sz000100,TCL科技,2025-10-23 14:36:06,4.19,115800,4.19,U
sz000100,TCL科技,2025-10-23 14:36:09,4.19,66500,4.19,U
sz000100,TCL科技,2025-10-23 14:36:12,4.19,1060800,4.19,U
sz000100,TCL科技,2025-10-23 14:36:15,4.19,259000,4.19,U
sz000100,TCL科技,2025-10-23 14:36:18,4.19,1031300,4.19,U
sz000100,TCL科技,2025-10-23 14:36:21,4.19,681900,4.19,U
sz000100,TCL科技,2025-10-23 14:36:24,4.19,603500,4.19,U
sz000100,TCL科技,2025-10-23 14:36:27,4.19,278500,4.19,U
sz000100,TCL科技,2025-10-23 14:36:30,4.19,199400,4.19,U
sz000100,TCL科技,2025-10-23 14:36:33,4.19,254000,4.19,U
sz000100,TCL科技,2025-10-23 14:36:39,4.19,95600,4.19,U
sz000100,TCL科技,2025-10-23 14:36:42,4.19,131200,4.19,U
sz000100,TCL科技,2025-10-23 14:36:45,4.19,153800,4.19,U
sz000100,TCL科技,2025-10-23 14:36:48,4.19,31300,4.19,U
sz000100,TCL科技,2025-10-23 14:36:51,4.19,65100,4.19,U
sz000100,TCL科技,2025-10-23 14:36:57,4.19,23100,4.19,U
sz000100,TCL科技,2025-10-23 14:37:00,4.19,242700,4.19,U
sz000100,TCL科技,2025-10-23 14:37:03,4.19,145300,4.19,U
sz000100,TCL科技,2025-10-23 14:37:06,4.19,243900,4.19,U
sz000100,TCL科技,2025-10-23 14:37:09,4.19,81610,4.19,U
sz000100,TCL科技,2025-10-23 14:37:12,4.19,111500,4.19,U
sz000100,TCL科技,2025-10-23 14:37:15,4.19,101600,4.19,U
sz000100,TCL科技,2025-10-23 14:37:18,4.19,186900,4.19,U
sz000100,TCL科技,2025-10-23 14:37:21,4.19,75400,4.19,U
sz000100,TCL科技,2025-10-23 14:37:24,4.19,889250,4.19,U
sz000100,TCL科技,2025-10-23 14:37:27,4.19,303500,4.19,U
sz000100,TCL科技,2025-10-23 14:37:30,4.19,91200,4.19,U
sz000100,TCL科技,2025-10-23 14:37:33,4.19,1380600,4.19,U
sz000100,TCL科技,2025-10-23 14:37:36,4.19,260500,4.19,U
sz000100,TCL科技,2025-10-23 14:37:39,4.19,221100,4.19,U
sz000100,TCL科技,2025-10-23 14:37:42,4.19,509600,4.19,U
sz000100,TCL科技,2025-10-23 14:37:45,4.19,361900,4.19,U
sz000100,TCL科技,2025-10-23 14:37:48,4.19,419700,4.19,U
sz000100,TCL科技,2025-10-23 14:37:51,4.19,249400,4.19,U
sz000100,TCL科技,2025-10-23 14:37:54,4.19,131100,4.19,U
sz000100,TCL科技,2025-10-23 14:37:57,4.19,151300,4.19,U
sz000100,TCL科技,2025-10-23 14:38:03,4.19,160700,4.19,U
sz000100,TCL科技,2025-10-23 14:38:06,4.19,690100,4.19,U
sz000100,TCL科技,2025-10-23 14:38:09,4.19,213400,4.19,U
sz000100,TCL科技,2025-10-23 14:38:12,4.19,36100,4.19,U
sz000100,TCL科技,2025-10-23 14:38:15,4.19,105500,4.19,U
sz000100,TCL科技,2025-10-23 14:38:18,4.19,210693,4.19,U
sz000100,TCL科技,2025-10-23 14:38:21,4.2,134400,4.19,U
sz000100,TCL科技,2025-10-23 14:38:24,4.2,33500,4.2,U
sz000100,TCL科技,2025-10-23 14:38:27,4.19,66600,4.2,D
sz000100,TCL科技,2025-10-23 14:38:30,4.19,26500,4.19,D
sz000100,TCL科技,2025-10-23 14:38:36,4.19,28000,4.2,D
sz000100,TCL科技,2025-10-23 14:38:39,4.19,65300,4.19,D
sz000100,TCL科技,2025-10-23 14:38:42,4.19,201100,4.19,D
sz000100,TCL科技,2025-10-23 14:38:45,4.19,72500,4.19,D
sz000100,TCL科技,2025-10-23 14:38:48,4.2,32800,4.19,U
sz000100,TCL科技,2025-10-23 14:38:57,4.19,271400,4.19,D
sz000100,TCL科技,2025-10-23 14:39:00,4.19,55800,4.19,D
sz000100,TCL科技,2025-10-23 14:39:03,4.19,82400,4.19,D
sz000100,TCL科技,2025-10-23 14:39:06,4.19,24200,4.19,D
sz000100,TCL科技,2025-10-23 14:39:09,4.2,73400,4.19,U
sz000100,TCL科技,2025-10-23 14:39:12,4.19,51700,4.2,D
sz000100,TCL科技,2025-10-23 14:39:15,4.19,46200,4.19,D
sz000100,TCL科技,2025-10-23 14:39:18,4.19,457000,4.19,D
sz000100,TCL科技,2025-10-23 14:39:21,4.2,34700,4.19,U
sz000100,TCL科技,2025-10-23 14:39:30,4.19,90100,4.19,D
sz000100,TCL科技,2025-10-23 14:39:33,4.19,44400,4.19,D
sz000100,TCL科技,2025-10-23 14:39:36,4.19,298900,4.19,D
sz000100,TCL科技,2025-10-23 14:39:39,4.2,116200,4.19,U
sz000100,TCL科技,2025-10-23 14:39:42,4.19,21100,4.2,D
sz000100,TCL科技,2025-10-23 14:39:45,4.2,33600,4.19,U
sz000100,TCL科技,2025-10-23 14:39:48,4.19,87900,4.2,D
sz000100,TCL科技,2025-10-23 14:39:54,4.19,116900,4.2,D
sz000100,TCL科技,2025-10-23 14:40:00,4.19,73800,4.19,D
sz000100,TCL科技,2025-10-23 14:40:03,4.2,85600,4.19,U
sz000100,TCL科技,2025-10-23 14:40:06,4.19,30700,4.2,D
sz000100,TCL科技,2025-10-23 14:40:09,4.2,84800,4.19,U
sz000100,TCL科技,2025-10-23 14:40:15,4.2,124100,4.2,U
sz000100,TCL科技,2025-10-23 14:40:18,4.19,83500,4.2,D
sz000100,TCL科技,2025-10-23 14:40:21,4.19,80200,4.19,D
sz000100,TCL科技,2025-10-23 14:40:24,4.19,30900,4.19,D
sz000100,TCL科技,2025-10-23 14:40:27,4.19,47500,4.19,D
sz000100,TCL科技,2025-10-23 14:40:30,4.2,100500,4.19,U
sz000100,TCL科技,2025-10-23 14:40:33,4.19,35100,4.2,D
sz000100,TCL科技,2025-10-23 14:40:36,4.19,22900,4.19,D
sz000100,TCL科技,2025-10-23 14:40:42,4.19,31100,4.2,D
sz000100,TCL科技,2025-10-23 14:40:57,4.2,100100,4.19,U
sz000100,TCL科技,2025-10-23 14:41:00,4.19,22700,4.2,D
sz000100,TCL科技,2025-10-23 14:41:15,4.19,163800,4.19,D
sz000100,TCL科技,2025-10-23 14:41:21,4.2,69200,4.19,U
sz000100,TCL科技,2025-10-23 14:41:27,4.19,40400,4.2,D
sz000100,TCL科技,2025-10-23 14:41:30,4.2,46300,4.19,U
sz000100,TCL科技,2025-10-23 14:41:36,4.19,54200,4.19,D
sz000100,TCL科技,2025-10-23 14:41:39,4.2,54400,4.19,U
sz000100,TCL科技,2025-10-23 14:41:42,4.19,32000,4.2,D
sz000100,TCL科技,2025-10-23 14:41:45,4.19,52400,4.19,D
sz000100,TCL科技,2025-10-23 14:42:09,4.19,21000,4.19,D
sz000100,TCL科技,2025-10-23 14:42:18,4.2,43700,4.19,U
sz000100,TCL科技,2025-10-23 14:42:21,4.2,27700,4.2,U
sz000100,TCL科技,2025-10-23 14:42:24,4.19,69100,4.2,D
sz000100,TCL科技,2025-10-23 14:42:33,4.19,68900,4.19,D
sz000100,TCL科技,2025-10-23 14:42:36,4.2,131800,4.19,U
sz000100,TCL科技,2025-10-23 14:42:39,4.19,43500,4.2,D
sz000100,TCL科技,2025-10-23 14:42:45,4.19,105600,4.19,D
sz000100,TCL科技,2025-10-23 14:42:48,4.2,35500,4.19,U
sz000100,TCL科技,2025-10-23 14:42:51,4.2,73600,4.2,U
sz000100,TCL科技,2025-10-23 14:43:00,4.2,68300,4.2,U
sz000100,TCL科技,2025-10-23 14:43:03,4.2,26200,4.2,U
sz000100,TCL科技,2025-10-23 14:43:06,4.19,49200,4.2,D
sz000100,TCL科技,2025-10-23 14:43:09,4.19,68200,4.19,D
sz000100,TCL科技,2025-10-23 14:43:21,4.19,57800,4.19,D
sz000100,TCL科技,2025-10-23 14:43:24,4.2,67800,4.19,U
sz000100,TCL科技,2025-10-23 14:43:33,4.2,46200,4.19,U
sz000100,TCL科技,2025-10-23 14:43:51,4.19,27700,4.19,D
sz000100,TCL科技,2025-10-23 14:44:00,4.2,24200,4.2,U
sz000100,TCL科技,2025-10-23 14:44:06,4.19,27300,4.19,D
sz000100,TCL科技,2025-10-23 14:44:09,4.2,23900,4.19,U
sz000100,TCL科技,2025-10-23 14:44:15,4.19,22000,4.2,D
sz000100,TCL科技,2025-10-23 14:44:18,4.19,36900,4.19,D
sz000100,TCL科技,2025-10-23 14:44:24,4.19,37600,4.2,D
sz000100,TCL科技,2025-10-23 14:44:30,4.19,36600,4.19,D
sz000100,TCL科技,2025-10-23 14:44:33,4.2,120300,4.19,U
sz000100,TCL科技,2025-10-23 14:44:42,4.2,34900,4.2,U
sz000100,TCL科技,2025-10-23 14:44:45,4.2,31200,4.2,U
sz000100,TCL科技,2025-10-23 14:44:48,4.2,25000,4.2,U
sz000100,TCL科技,2025-10-23 14:44:54,4.19,27800,4.2,D
sz000100,TCL科技,2025-10-23 14:44:57,4.2,44000,4.19,U
sz000100,TCL科技,2025-10-23 14:45:00,4.19,128000,4.2,D
sz000100,TCL科技,2025-10-23 14:45:03,4.2,69700,4.19,U
sz000100,TCL科技,2025-10-23 14:45:06,4.2,27400,4.2,U
sz000100,TCL科技,2025-10-23 14:45:09,4.2,53400,4.2,U
sz000100,TCL科技,2025-10-23 14:45:12,4.19,45300,4.2,D
sz000100,TCL科技,2025-10-23 14:45:15,4.19,75700,4.19,D
sz000100,TCL科技,2025-10-23 14:45:18,4.2,40100,4.19,U
sz000100,TCL科技,2025-10-23 14:45:21,4.2,69900,4.2,U
sz000100,TCL科技,2025-10-23 14:45:24,4.2,32700,4.2,U
sz000100,TCL科技,2025-10-23 14:45:30,4.2,49800,4.19,U
sz000100,TCL科技,2025-10-23 14:45:33,4.2,190900,4.2,U
sz000100,TCL科技,2025-10-23 14:45:36,4.2,24600,4.2,U
sz000100,TCL科技,2025-10-23 14:45:39,4.19,44100,4.2,D
sz000100,TCL科技,2025-10-23 14:45:42,4.2,22200,4.19,U
sz000100,TCL科技,2025-10-23 14:45:48,4.2,170000,4.19,U
sz000100,TCL科技,2025-10-23 14:45:51,4.2,76500,4.2,U
sz000100,TCL科技,2025-10-23 14:45:54,4.19,105900,4.2,D
sz000100,TCL科技,2025-10-23 14:45:57,4.19,78400,4.19,D
sz000100,TCL科技,2025-10-23 14:46:00,4.19,35600,4.19,D
sz000100,TCL科技,2025-10-23 14:46:06,4.2,59800,4.2,U
sz000100,TCL科技,2025-10-23 14:46:09,4.2,43200,4.2,U
sz000100,TCL科技,2025-10-23 14:46:12,4.19,331400,4.2,D
sz000100,TCL科技,2025-10-23 14:46:15,4.2,123100,4.19,U
sz000100,TCL科技,2025-10-23 14:46:18,4.2,31700,4.2,U
sz000100,TCL科技,2025-10-23 14:46:21,4.2,50100,4.2,U
sz000100,TCL科技,2025-10-23 14:46:24,4.19,148300,4.2,D
sz000100,TCL科技,2025-10-23 14:46:27,4.2,69000,4.19,U
sz000100,TCL科技,2025-10-23 14:46:36,4.19,111300,4.19,D
sz000100,TCL科技,2025-10-23 14:46:39,4.19,105100,4.19,D
sz000100,TCL科技,2025-10-23 14:46:45,4.19,209000,4.2,D
sz000100,TCL科技,2025-10-23 14:46:48,4.2,134900,4.19,U
sz000100,TCL科技,2025-10-23 14:46:51,4.19,30900,4.2,D
sz000100,TCL科技,2025-10-23 14:46:54,4.2,79400,4.19,U
sz000100,TCL科技,2025-10-23 14:46:57,4.2,20300,4.2,U
sz000100,TCL科技,2025-10-23 14:47:03,4.2,82600,4.2,U
sz000100,TCL科技,2025-10-23 14:47:06,4.19,24700,4.2,D
sz000100,TCL科技,2025-10-23 14:47:09,4.19,59600,4.19,D
sz000100,TCL科技,2025-10-23 14:47:12,4.2,123300,4.19,U
sz000100,TCL科技,2025-10-23 14:47:15,4.19,52600,4.2,D
sz000100,TCL科技,2025-10-23 14:47:21,4.2,33200,4.19,U
sz000100,TCL科技,2025-10-23 14:47:30,4.2,38800,4.19,U
sz000100,TCL科技,2025-10-23 14:47:42,4.19,23200,4.2,D
sz000100,TCL科技,2025-10-23 14:47:45,4.19,64800,4.19,D
sz000100,TCL科技,2025-10-23 14:47:48,4.19,146900,4.19,D
sz000100,TCL科技,2025-10-23 14:48:00,4.19,52500,4.19,D
sz000100,TCL科技,2025-10-23 14:48:03,4.2,459000,4.19,U
sz000100,TCL科技,2025-10-23 14:48:06,4.2,154800,4.2,U
sz000100,TCL科技,2025-10-23 14:48:09,4.19,44100,4.2,D
sz000100,TCL科技,2025-10-23 14:48:12,4.2,158300,4.19,U
sz000100,TCL科技,2025-10-23 14:48:15,4.2,60200,4.2,U
sz000100,TCL科技,2025-10-23 14:48:18,4.2,37000,4.2,U
sz000100,TCL科技,2025-10-23 14:48:21,4.2,45200,4.2,U
sz000100,TCL科技,2025-10-23 14:48:24,4.2,42600,4.2,U
sz000100,TCL科技,2025-10-23 14:48:27,4.2,26600,4.2,U
sz000100,TCL科技,2025-10-23 14:48:30,4.19,29800,4.2,D
sz000100,TCL科技,2025-10-23 14:48:33,4.2,33600,4.19,U
sz000100,TCL科技,2025-10-23 14:48:36,4.2,21100,4.2,U
sz000100,TCL科技,2025-10-23 14:48:42,4.2,28200,4.2,U
sz000100,TCL科技,2025-10-23 14:48:45,4.2,34500,4.2,U
sz000100,TCL科技,2025-10-23 14:48:48,4.19,36500,4.2,D
sz000100,TCL科技,2025-10-23 14:48:51,4.2,33900,4.19,U
sz000100,TCL科技,2025-10-23 14:48:54,4.2,42400,4.2,U
sz000100,TCL科技,2025-10-23 14:48:57,4.19,39600,4.2,D
sz000100,TCL科技,2025-10-23 14:49:00,4.2,44800,4.19,U
sz000100,TCL科技,2025-10-23 14:49:03,4.19,79200,4.2,D
sz000100,TCL科技,2025-10-23 14:49:06,4.2,1090100,4.19,U
sz000100,TCL科技,2025-10-23 14:49:09,4.2,97600,4.2,U
sz000100,TCL科技,2025-10-23 14:49:12,4.19,74300,4.2,D
sz000100,TCL科技,2025-10-23 14:49:15,4.19,94700,4.19,D
sz000100,TCL科技,2025-10-23 14:49:18,4.19,69000,4.19,D
sz000100,TCL科技,2025-10-23 14:49:24,4.2,37000,4.2,U
sz000100,TCL科技,2025-10-23 14:49:27,4.19,101700,4.2,D
sz000100,TCL科技,2025-10-23 14:49:30,4.2,25200,4.19,U
sz000100,TCL科技,2025-10-23 14:49:33,4.2,130500,4.2,U
sz000100,TCL科技,2025-10-23 14:49:36,4.19,125300,4.2,D
sz000100,TCL科技,2025-10-23 14:49:39,4.2,49000,4.19,U
sz000100,TCL科技,2025-10-23 14:49:42,4.2,42700,4.2,U
sz000100,TCL科技,2025-10-23 14:49:45,4.2,42400,4.2,U
sz000100,TCL科技,2025-10-23 14:49:48,4.2,62500,4.2,U
sz000100,TCL科技,2025-10-23 14:49:51,4.2,45300,4.2,U
sz000100,TCL科技,2025-10-23 14:49:54,4.2,37900,4.2,U
sz000100,TCL科技,2025-10-23 14:49:57,4.2,554900,4.2,U
sz000100,TCL科技,2025-10-23 14:50:00,4.19,162800,4.2,D
sz000100,TCL科技,2025-10-23 14:50:03,4.2,44300,4.19,U
sz000100,TCL科技,2025-10-23 14:50:06,4.19,96000,4.2,D
sz000100,TCL科技,2025-10-23 14:50:09,4.19,817200,4.19,D
sz000100,TCL科技,2025-10-23 14:50:12,4.19,565100,4.19,D
sz000100,TCL科技,2025-10-23 14:50:15,4.19,30000,4.19,D
sz000100,TCL科技,2025-10-23 14:50:18,4.19,107300,4.19,D
sz000100,TCL科技,2025-10-23 14:50:21,4.2,91300,4.19,U
sz000100,TCL科技,2025-10-23 14:50:24,4.2,106700,4.2,U
sz000100,TCL科技,2025-10-23 14:50:27,4.2,28800,4.2,U
sz000100,TCL科技,2025-10-23 14:50:30,4.2,60000,4.2,U
sz000100,TCL科技,2025-10-23 14:50:33,4.19,208200,4.2,D
sz000100,TCL科技,2025-10-23 14:50:36,4.2,102800,4.19,U
sz000100,TCL科技,2025-10-23 14:50:39,4.19,28200,4.2,D
sz000100,TCL科技,2025-10-23 14:50:42,4.2,92800,4.19,U
sz000100,TCL科技,2025-10-23 14:50:45,4.2,123900,4.2,U
sz000100,TCL科技,2025-10-23 14:50:48,4.2,25900,4.2,U
sz000100,TCL科技,2025-10-23 14:50:51,4.2,35700,4.2,U
sz000100,TCL科技,2025-10-23 14:50:54,4.2,956700,4.2,U
sz000100,TCL科技,2025-10-23 14:50:57,4.19,161600,4.2,D
sz000100,TCL科技,2025-10-23 14:51:03,4.19,153700,4.19,D
sz000100,TCL科技,2025-10-23 14:51:09,4.19,82600,4.19,D
sz000100,TCL科技,2025-10-23 14:51:12,4.2,101800,4.19,U
sz000100,TCL科技,2025-10-23 14:51:15,4.2,39600,4.2,U
sz000100,TCL科技,2025-10-23 14:51:18,4.2,24700,4.2,U
sz000100,TCL科技,2025-10-23 14:51:21,4.2,92900,4.2,U
sz000100,TCL科技,2025-10-23 14:51:24,4.2,92600,4.2,U
sz000100,TCL科技,2025-10-23 14:51:33,4.19,24800,4.19,D
sz000100,TCL科技,2025-10-23 14:51:36,4.2,24100,4.19,U
sz000100,TCL科技,2025-10-23 14:51:42,4.2,63800,4.2,U
sz000100,TCL科技,2025-10-23 14:51:48,4.2,45300,4.19,U
sz000100,TCL科技,2025-10-23 14:51:51,4.2,46700,4.2,U
sz000100,TCL科技,2025-10-23 14:51:54,4.2,111800,4.2,U
sz000100,TCL科技,2025-10-23 14:52:00,4.2,27100,4.2,U
sz000100,TCL科技,2025-10-23 14:52:03,4.2,37300,4.2,U
sz000100,TCL科技,2025-10-23 14:52:06,4.2,102300,4.2,U
sz000100,TCL科技,2025-10-23 14:52:09,4.2,118300,4.2,U
sz000100,TCL科技,2025-10-23 14:52:12,4.2,128300,4.2,U
sz000100,TCL科技,2025-10-23 14:52:15,4.2,25200,4.2,U
sz000100,TCL科技,2025-10-23 14:52:18,4.2,29900,4.2,U
sz000100,TCL科技,2025-10-23 14:52:24,4.2,90500,4.2,U
sz000100,TCL科技,2025-10-23 14:52:27,4.19,126800,4.2,D
sz000100,TCL科技,2025-10-23 14:52:30,4.2,42900,4.19,U
sz000100,TCL科技,2025-10-23 14:52:33,4.2,23100,4.2,U
sz000100,TCL科技,2025-10-23 14:52:39,4.2,33800,4.19,U
sz000100,TCL科技,2025-10-23 14:52:42,4.2,58400,4.2,U
sz000100,TCL科技,2025-10-23 14:52:45,4.2,171500,4.2,U
sz000100,TCL科技,2025-10-23 14:52:48,4.2,43600,4.2,U
sz000100,TCL科技,2025-10-23 14:52:51,4.2,260800,4.2,U
sz000100,TCL科技,2025-10-23 14:52:54,4.19,165000,4.2,D
sz000100,TCL科技,2025-10-23 14:53:00,4.19,22800,4.2,D
sz000100,TCL科技,2025-10-23 14:53:03,4.2,113900,4.19,U
sz000100,TCL科技,2025-10-23 14:53:06,4.19,81500,4.2,D
sz000100,TCL科技,2025-10-23 14:53:09,4.2,138700,4.19,U
sz000100,TCL科技,2025-10-23 14:53:15,4.2,176100,4.2,U
sz000100,TCL科技,2025-10-23 14:53:18,4.19,82400,4.2,D
sz000100,TCL科技,2025-10-23 14:53:21,4.2,207200,4.19,U
sz000100,TCL科技,2025-10-23 14:53:24,4.2,148720,4.2,U
sz000100,TCL科技,2025-10-23 14:53:27,4.2,105400,4.2,U
sz000100,TCL科技,2025-10-23 14:53:30,4.19,54600,4.2,D
sz000100,TCL科技,2025-10-23 14:53:36,4.19,28600,4.19,D
sz000100,TCL科技,2025-10-23 14:53:39,4.2,130700,4.19,U
sz000100,TCL科技,2025-10-23 14:53:42,4.2,61300,4.2,U
sz000100,TCL科技,2025-10-23 14:53:45,4.19,29300,4.2,D
sz000100,TCL科技,2025-10-23 14:53:48,4.19,39000,4.19,D
sz000100,TCL科技,2025-10-23 14:53:51,4.2,62400,4.19,U
sz000100,TCL科技,2025-10-23 14:53:54,4.2,29200,4.2,U
sz000100,TCL科技,2025-10-23 14:53:57,4.19,251100,4.2,D
sz000100,TCL科技,2025-10-23 14:54:00,4.19,43400,4.19,D
sz000100,TCL科技,2025-10-23 14:54:03,4.19,170200,4.19,D
sz000100,TCL科技,2025-10-23 14:54:06,4.2,190100,4.19,U
sz000100,TCL科技,2025-10-23 14:54:09,4.2,52800,4.2,U
sz000100,TCL科技,2025-10-23 14:54:15,4.19,89900,4.19,D
sz000100,TCL科技,2025-10-23 14:54:18,4.19,61000,4.19,D
sz000100,TCL科技,2025-10-23 14:54:21,4.2,77900,4.19,U
sz000100,TCL科技,2025-10-23 14:54:24,4.19,34800,4.2,D
sz000100,TCL科技,2025-10-23 14:54:27,4.19,63600,4.19,D
sz000100,TCL科技,2025-10-23 14:54:30,4.2,119700,4.19,U
sz000100,TCL科技,2025-10-23 14:54:33,4.19,102900,4.2,D
sz000100,TCL科技,2025-10-23 14:54:36,4.19,43000,4.19,D
sz000100,TCL科技,2025-10-23 14:54:39,4.19,41300,4.19,D
sz000100,TCL科技,2025-10-23 14:54:42,4.19,195600,4.19,D
sz000100,TCL科技,2025-10-23 14:54:45,4.2,21500,4.19,U
sz000100,TCL科技,2025-10-23 14:54:48,4.19,124900,4.2,D
sz000100,TCL科技,2025-10-23 14:54:51,4.2,110600,4.19,U
sz000100,TCL科技,2025-10-23 14:54:54,4.2,85300,4.2,U
sz000100,TCL科技,2025-10-23 14:54:57,4.2,404800,4.2,U
sz000100,TCL科技,2025-10-23 14:55:00,4.19,118400,4.2,D
sz000100,TCL科技,2025-10-23 14:55:03,4.19,146700,4.19,D
sz000100,TCL科技,2025-10-23 14:55:06,4.19,36600,4.19,D
sz000100,TCL科技,2025-10-23 14:55:09,4.19,27400,4.19,D
sz000100,TCL科技,2025-10-23 14:55:12,4.2,47200,4.19,U
sz000100,TCL科技,2025-10-23 14:55:15,4.19,110400,4.2,D
sz000100,TCL科技,2025-10-23 14:55:18,4.2,38600,4.19,U
sz000100,TCL科技,2025-10-23 14:55:21,4.19,86700,4.2,D
sz000100,TCL科技,2025-10-23 14:55:24,4.19,99300,4.19,D
sz000100,TCL科技,2025-10-23 14:55:27,4.19,150100,4.19,D
sz000100,TCL科技,2025-10-23 14:55:30,4.2,102100,4.19,U
sz000100,TCL科技,2025-10-23 14:55:33,4.2,214800,4.2,U
sz000100,TCL科技,2025-10-23 14:55:36,4.19,29500,4.2,D
sz000100,TCL科技,2025-10-23 14:55:39,4.2,369500,4.19,U
sz000100,TCL科技,2025-10-23 14:55:42,4.2,446600,4.2,U
sz000100,TCL科技,2025-10-23 14:55:45,4.19,171300,4.2,D
sz000100,TCL科技,2025-10-23 14:55:48,4.19,55000,4.19,D
sz000100,TCL科技,2025-10-23 14:55:51,4.2,93600,4.19,U
sz000100,TCL科技,2025-10-23 14:55:54,4.2,58200,4.2,U
sz000100,TCL科技,2025-10-23 14:55:57,4.2,177700,4.2,U
sz000100,TCL科技,2025-10-23 14:56:00,4.2,40100,4.2,U
sz000100,TCL科技,2025-10-23 14:56:03,4.2,56100,4.2,U
sz000100,TCL科技,2025-10-23 14:56:06,4.2,326000,4.2,U
sz000100,TCL科技,2025-10-23 14:56:09,4.2,235300,4.2,U
sz000100,TCL科技,2025-10-23 14:56:12,4.2,115500,4.2,U
sz000100,TCL科技,2025-10-23 14:56:15,4.2,66400,4.2,U
sz000100,TCL科技,2025-10-23 14:56:18,4.2,147800,4.2,U
sz000100,TCL科技,2025-10-23 14:56:21,4.2,66700,4.2,U
sz000100,TCL科技,2025-10-23 14:56:24,4.19,62900,4.2,D
sz000100,TCL科技,2025-10-23 14:56:27,4.2,85700,4.19,U
sz000100,TCL科技,2025-10-23 14:56:30,4.2,101500,4.2,U
sz000100,TCL科技,2025-10-23 14:56:33,4.2,263400,4.2,U
sz000100,TCL科技,2025-10-23 14:56:36,4.2,36200,4.2,U
sz000100,TCL科技,2025-10-23 14:56:39,4.2,384800,4.2,U
sz000100,TCL科技,2025-10-23 14:56:42,4.2,137000,4.2,U
sz000100,TCL科技,2025-10-23 14:56:45,4.2,145900,4.2,U
sz000100,TCL科技,2025-10-23 14:56:48,4.2,169000,4.2,U
sz000100,TCL科技,2025-10-23 14:56:51,4.19,76500,4.2,D
sz000100,TCL科技,2025-10-23 14:56:54,4.2,25200,4.19,U
sz000100,TCL科技,2025-10-23 14:56:57,4.2,87100,4.2,U
sz000100,TCL科技,2025-10-23 14:57:00,4.2,79900,4.2,U
sz000100,TCL科技,2025-10-23 15:00:00,4.19,5355700,4.2,D
