symbol,name,ticktime,price,volume,prev_price,kind
sz000100,TCL科技,2025-10-20 09:25:00,4.14,2155600,0.0,U
sz000100,TCL科技,2025-10-20 09:30:00,4.13,427080,4.14,D
sz000100,TCL科技,2025-10-20 09:30:03,4.14,1013800,4.13,U
sz000100,TCL科技,2025-10-20 09:30:06,4.14,903100,4.14,D
sz000100,TCL科技,2025-10-20 09:30:09,4.14,1586900,4.14,D
sz000100,TCL科技,2025-10-20 09:30:12,4.15,339600,4.14,U
sz000100,TCL科技,2025-10-20 09:30:15,4.15,150300,4.15,U
sz000100,TCL科技,2025-10-20 09:30:18,4.15,244400,4.15,U
sz000100,TCL科技,2025-10-20 09:30:21,4.15,371100,4.15,U
sz000100,TCL科技,2025-10-20 09:30:24,4.15,152600,4.15,U
sz000100,TCL科技,2025-10-20 09:30:27,4.15,134100,4.15,U
sz000100,TCL科技,2025-10-20 09:30:30,4.15,161000,4.15,U
sz000100,TCL科技,2025-10-20 09:30:33,4.15,377100,4.15,U
sz000100,TCL科技,2025-10-20 09:30:36,4.14,516400,4.15,D
sz000100,TCL科技,2025-10-20 09:30:39,4.15,324500,4.14,U
sz000100,TCL科技,2025-10-20 09:30:42,4.14,134900,4.15,D
sz000100,TCL科技,2025-10-20 09:30:45,4.15,134600,4.14,U
sz000100,TCL科技,2025-10-20 09:30:48,4.15,68300,4.15,U
sz000100,TCL科技,2025-10-20 09:30:51,4.14,1945600,4.15,D
sz000100,TCL科技,2025-10-20 09:30:54,4.13,163800,4.14,D
sz000100,TCL科技,2025-10-20 09:30:57,4.13,142800,4.13,D
sz000100,TCL科技,2025-10-20 09:31:00,4.14,189200,4.13,U
sz000100,TCL科技,2025-10-20 09:31:03,4.14,92400,4.14,U
sz000100,TCL科技,2025-10-20 09:31:06,4.13,318500,4.14,D
sz000100,TCL科技,2025-10-20 09:31:09,4.14,139800,4.13,U
sz000100,TCL科技,2025-10-20 09:31:12,4.13,95600,4.14,D
sz000100,TCL科技,2025-10-20 09:31:15,4.14,110700,4.13,U
sz000100,TCL科技,2025-10-20 09:31:18,4.14,119000,4.14,U
sz000100,TCL科技,2025-10-20 09:31:24,4.14,46800,4.13,U
sz000100,TCL科技,2025-10-20 09:31:27,4.14,168200,4.14,U
sz000100,TCL科技,2025-10-20 09:31:30,4.14,138700,4.14,U
sz000100,TCL科技,2025-10-20 09:31:33,4.14,38300,4.14,U
sz000100,TCL科技,2025-10-20 09:31:36,4.14,82300,4.14,U
sz000100,TCL科技,2025-10-20 09:31:39,4.14,35700,4.14,U
sz000100,TCL科技,2025-10-20 09:31:42,4.14,150800,4.14,U
sz000100,TCL科技,2025-10-20 09:31:45,4.13,96200,4.14,D
sz000100,TCL科技,2025-10-20 09:31:48,4.13,52200,4.13,D
sz000100,TCL科技,2025-10-20 09:31:51,4.13,97000,4.13,D
sz000100,TCL科技,2025-10-20 09:31:54,4.13,285300,4.13,D
sz000100,TCL科技,2025-10-20 09:31:57,4.13,142800,4.13,D
sz000100,TCL科技,2025-10-20 09:32:00,4.14,48700,4.13,U
sz000100,TCL科技,2025-10-20 09:32:03,4.13,58700,4.14,D
sz000100,TCL科技,2025-10-20 09:32:06,4.14,60200,4.13,U
sz000100,TCL科技,2025-10-20 09:32:09,4.13,54700,4.14,D
sz000100,TCL科技,2025-10-20 09:32:12,4.13,51900,4.13,D
sz000100,TCL科技,2025-10-20 09:32:15,4.14,31560,4.13,U
sz000100,TCL科技,2025-10-20 09:32:18,4.14,28400,4.14,U
sz000100,TCL科技,2025-10-20 09:32:24,4.14,64300,4.13,U
sz000100,TCL科技,2025-10-20 09:32:27,4.14,72000,4.14,U
sz000100,TCL科技,2025-10-20 09:32:30,4.14,49500,4.14,U
sz000100,TCL科技,2025-10-20 09:32:33,4.13,74800,4.14,D
sz000100,TCL科技,2025-10-20 09:32:36,4.14,41200,4.13,U
sz000100,TCL科技,2025-10-20 09:32:39,4.13,113100,4.14,D
sz000100,TCL科技,2025-10-20 09:32:42,4.13,80300,4.13,D
sz000100,TCL科技,2025-10-20 09:32:45,4.14,45100,4.13,U
sz000100,TCL科技,2025-10-20 09:32:48,4.13,547400,4.14,D
sz000100,TCL科技,2025-10-20 09:32:51,4.13,149400,4.13,D
sz000100,TCL科技,2025-10-20 09:32:54,4.14,84000,4.13,U
sz000100,TCL科技,2025-10-20 09:32:57,4.13,132400,4.14,D
sz000100,TCL科技,2025-10-20 09:33:00,4.14,123890,4.13,U
sz000100,TCL科技,2025-10-20 09:33:03,4.14,103900,4.14,U
sz000100,TCL科技,2025-10-20 09:33:06,4.14,96600,4.14,U
sz000100,TCL科技,2025-10-20 09:33:09,4.14,72500,4.14,U
sz000100,TCL科技,2025-10-20 09:33:12,4.14,48900,4.14,U
sz000100,TCL科技,2025-10-20 09:33:15,4.13,93200,4.14,D
sz000100,TCL科技,2025-10-20 09:33:18,4.14,113900,4.13,U
sz000100,TCL科技,2025-10-20 09:33:21,4.14,34100,4.14,U
sz000100,TCL科技,2025-10-20 09:33:24,4.14,40200,4.14,U
sz000100,TCL科技,2025-10-20 09:33:27,4.14,37800,4.14,U
sz000100,TCL科技,2025-10-20 09:33:30,4.13,25100,4.14,D
sz000100,TCL科技,2025-10-20 09:33:33,4.14,69100,4.13,U
sz000100,TCL科技,2025-10-20 09:33:36,4.14,26700,4.14,U
sz000100,TCL科技,2025-10-20 09:33:39,4.14,347300,4.14,U
sz000100,TCL科技,2025-10-20 09:33:42,4.14,48800,4.14,U
sz000100,TCL科技,2025-10-20 09:33:45,4.13,21700,4.14,D
sz000100,TCL科技,2025-10-20 09:33:48,4.14,88100,4.13,U
sz000100,TCL科技,2025-10-20 09:33:51,4.13,36200,4.14,D
sz000100,TCL科技,2025-10-20 09:33:54,4.13,105720,4.13,D
sz000100,TCL科技,2025-10-20 09:33:57,4.13,78800,4.13,D
sz000100,TCL科技,2025-10-20 09:34:00,4.13,60700,4.13,D
sz000100,TCL科技,2025-10-20 09:34:03,4.14,311500,4.13,U
sz000100,TCL科技,2025-10-20 09:34:06,4.14,25500,4.14,U
sz000100,TCL科技,2025-10-20 09:34:12,4.14,83700,4.13,U
sz000100,TCL科技,2025-10-20 09:34:15,4.14,24200,4.14,U
sz000100,TCL科技,2025-10-20 09:34:24,4.14,37600,4.13,U
sz000100,TCL科技,2025-10-20 09:34:27,4.14,38900,4.14,U
sz000100,TCL科技,2025-10-20 09:34:33,4.14,22500,4.14,U
sz000100,TCL科技,2025-10-20 09:34:39,4.14,35800,4.13,U
sz000100,TCL科技,2025-10-20 09:34:42,4.13,21500,4.14,D
sz000100,TCL科技,2025-10-20 09:34:48,4.14,223600,4.13,U
sz000100,TCL科技,2025-10-20 09:34:54,4.13,139400,4.13,D
sz000100,TCL科技,2025-10-20 09:34:57,4.13,105500,4.13,D
sz000100,TCL科技,2025-10-20 09:35:00,4.13,48900,4.13,D
sz000100,TCL科技,2025-10-20 09:35:12,4.14,66500,4.13,U
sz000100,TCL科技,2025-10-20 09:35:15,4.13,21900,4.14,D
sz000100,TCL科技,2025-10-20 09:35:18,4.13,129400,4.13,D
sz000100,TCL科技,2025-10-20 09:35:21,4.13,49100,4.13,D
sz000100,TCL科技,2025-10-20 09:35:24,4.14,183100,4.13,U
sz000100,TCL科技,2025-10-20 09:35:27,4.14,110100,4.14,U
sz000100,TCL科技,2025-10-20 09:35:30,4.13,21500,4.14,D
sz000100,TCL科技,2025-10-20 09:35:33,4.14,49100,4.13,U
sz000100,TCL科技,2025-10-20 09:35:36,4.13,57000,4.14,D
sz000100,TCL科技,2025-10-20 09:35:42,4.14,68200,4.13,U
sz000100,TCL科技,2025-10-20 09:35:45,4.13,21300,4.14,D
sz000100,TCL科技,2025-10-20 09:35:48,4.14,37100,4.13,U
sz000100,TCL科技,2025-10-20 09:35:51,4.14,35600,4.14,U
sz000100,TCL科技,2025-10-20 09:35:54,4.14,55800,4.14,U
sz000100,TCL科技,2025-10-20 09:35:57,4.13,37300,4.14,D
sz000100,TCL科技,2025-10-20 09:36:00,4.14,94500,4.13,U
sz000100,TCL科技,2025-10-20 09:36:03,4.14,73700,4.14,U
sz000100,TCL科技,2025-10-20 09:36:06,4.14,117600,4.14,U
sz000100,TCL科技,2025-10-20 09:36:09,4.13,104000,4.14,D
sz000100,TCL科技,2025-10-20 09:36:18,4.13,23800,4.13,D
sz000100,TCL科技,2025-10-20 09:36:21,4.14,500300,4.13,U
sz000100,TCL科技,2025-10-20 09:36:24,4.14,21600,4.14,U
sz000100,TCL科技,2025-10-20 09:36:27,4.14,66000,4.14,U
sz000100,TCL科技,2025-10-20 09:36:33,4.14,21700,4.14,U
sz000100,TCL科技,2025-10-20 09:36:36,4.13,5244200,4.14,D
sz000100,TCL科技,2025-10-20 09:36:39,4.13,286500,4.13,U
sz000100,TCL科技,2025-10-20 09:36:42,4.12,34300,4.13,D
sz000100,TCL科技,2025-10-20 09:36:45,4.13,41100,4.12,U
sz000100,TCL科技,2025-10-20 09:36:48,4.12,46000,4.13,D
sz000100,TCL科技,2025-10-20 09:36:51,4.12,96500,4.12,D
sz000100,TCL科技,2025-10-20 09:36:54,4.13,42400,4.12,U
sz000100,TCL科技,2025-10-20 09:36:57,4.13,110100,4.13,U
sz000100,TCL科技,2025-10-20 09:37:03,4.13,67100,4.13,U
sz000100,TCL科技,2025-10-20 09:37:06,4.12,27700,4.13,D
sz000100,TCL科技,2025-10-20 09:37:09,4.12,63700,4.12,D
sz000100,TCL科技,2025-10-20 09:37:12,4.13,64800,4.12,U
sz000100,TCL科技,2025-10-20 09:37:18,4.12,52800,4.13,D
sz000100,TCL科技,2025-10-20 09:37:21,4.12,50600,4.12,D
sz000100,TCL科技,2025-10-20 09:37:24,4.12,36100,4.12,D
sz000100,TCL科技,2025-10-20 09:37:27,4.13,28000,4.12,U
sz000100,TCL科技,2025-10-20 09:37:36,4.12,43300,4.13,D
sz000100,TCL科技,2025-10-20 09:37:39,4.13,49900,4.12,U
sz000100,TCL科技,2025-10-20 09:37:42,4.13,48800,4.13,U
sz000100,TCL科技,2025-10-20 09:37:48,4.13,83400,4.12,U
sz000100,TCL科技,2025-10-20 09:37:51,4.12,61800,4.13,D
sz000100,TCL科技,2025-10-20 09:37:57,4.12,33400,4.13,D
sz000100,TCL科技,2025-10-20 09:38:00,4.13,55700,4.12,U
sz000100,TCL科技,2025-10-20 09:38:03,4.12,69200,4.13,D
sz000100,TCL科技,2025-10-20 09:38:09,4.13,55500,4.13,U
sz000100,TCL科技,2025-10-20 09:38:12,4.13,23000,4.13,U
sz000100,TCL科技,2025-10-20 09:38:15,4.13,42000,4.13,U
sz000100,TCL科技,2025-10-20 09:38:18,4.13,47800,4.13,U
sz000100,TCL科技,2025-10-20 09:38:27,4.12,99900,4.13,D
sz000100,TCL科技,2025-10-20 09:38:30,4.12,20800,4.12,D
sz000100,TCL科技,2025-10-20 09:38:36,4.13,212800,4.13,U
sz000100,TCL科技,2025-10-20 09:38:39,4.12,22600,4.13,D
sz000100,TCL科技,2025-10-20 09:38:42,4.12,107900,4.12,D
sz000100,TCL科技,2025-10-20 09:38:45,4.13,154410,4.12,U
sz000100,TCL科技,2025-10-20 09:38:51,4.12,211400,4.13,D
sz000100,TCL科技,2025-10-20 09:38:54,4.12,51500,4.12,D
sz000100,TCL科技,2025-10-20 09:39:06,4.12,120400,4.13,D
sz000100,TCL科技,2025-10-20 09:39:09,4.12,106100,4.12,D
sz000100,TCL科技,2025-10-20 09:39:12,4.12,68500,4.12,D
sz000100,TCL科技,2025-10-20 09:39:30,4.13,85600,4.12,U
sz000100,TCL科技,2025-10-20 09:39:33,4.13,24200,4.13,U
sz000100,TCL科技,2025-10-20 09:39:39,4.13,49000,4.12,U
sz000100,TCL科技,2025-10-20 09:39:42,4.13,217500,4.13,U
sz000100,TCL科技,2025-10-20 09:39:51,4.13,75000,4.13,U
sz000100,TCL科技,2025-10-20 09:39:54,4.12,46200,4.13,D
sz000100,TCL科技,2025-10-20 09:39:57,4.12,33900,4.12,D
sz000100,TCL科技,2025-10-20 09:40:00,4.12,167200,4.12,D
sz000100,TCL科技,2025-10-20 09:40:03,4.12,3269670,4.12,D
sz000100,TCL科技,2025-10-20 09:40:06,4.12,146400,4.12,U
sz000100,TCL科技,2025-10-20 09:40:09,4.11,122900,4.12,D
sz000100,TCL科技,2025-10-20 09:40:12,4.12,39600,4.11,U
sz000100,TCL科技,2025-10-20 09:40:15,4.12,226700,4.12,U
sz000100,TCL科技,2025-10-20 09:40:18,4.12,41600,4.12,U
sz000100,TCL科技,2025-10-20 09:40:24,4.12,43600,4.11,U
sz000100,TCL科技,2025-10-20 09:40:27,4.11,52200,4.12,D
sz000100,TCL科技,2025-10-20 09:40:30,4.11,50800,4.11,D
sz000100,TCL科技,2025-10-20 09:40:33,4.12,21500,4.11,U
sz000100,TCL科技,2025-10-20 09:40:39,4.12,26700,4.12,U
sz000100,TCL科技,2025-10-20 09:40:45,4.12,125900,4.12,U
sz000100,TCL科技,2025-10-20 09:40:48,4.12,32100,4.12,U
sz000100,TCL科技,2025-10-20 09:40:51,4.11,37300,4.12,D
sz000100,TCL科技,2025-10-20 09:40:54,4.12,63200,4.11,U
sz000100,TCL科技,2025-10-20 09:40:57,4.12,104300,4.12,U
sz000100,TCL科技,2025-10-20 09:41:00,4.11,23200,4.12,D
sz000100,TCL科技,2025-10-20 09:41:03,4.12,60300,4.11,U
sz000100,TCL科技,2025-10-20 09:41:09,4.11,216800,4.11,D
sz000100,TCL科技,2025-10-20 09:41:12,4.12,21200,4.11,U
sz000100,TCL科技,2025-10-20 09:41:18,4.12,23000,4.12,U
sz000100,TCL科技,2025-10-20 09:41:24,4.12,94900,4.12,U
sz000100,TCL科技,2025-10-20 09:41:27,4.11,78700,4.12,D
sz000100,TCL科技,2025-10-20 09:41:30,4.11,45100,4.11,D
sz000100,TCL科技,2025-10-20 09:41:33,4.12,22700,4.11,U
sz000100,TCL科技,2025-10-20 09:41:36,4.11,43200,4.12,D
sz000100,TCL科技,2025-10-20 09:41:39,4.11,152700,4.11,D
sz000100,TCL科技,2025-10-20 09:41:42,4.11,58700,4.11,D
sz000100,TCL科技,2025-10-20 09:41:45,4.11,51490,4.11,D
sz000100,TCL科技,2025-10-20 09:41:51,4.12,82000,4.11,U
sz000100,TCL科技,2025-10-20 09:41:54,4.12,487400,4.12,U
sz000100,TCL科技,2025-10-20 09:41:57,4.12,27000,4.12,U
sz000100,TCL科技,2025-10-20 09:42:00,4.12,90100,4.12,U
sz000100,TCL科技,2025-10-20 09:42:03,4.12,523100,4.12,U
sz000100,TCL科技,2025-10-20 09:42:12,4.11,48500,4.12,D
sz000100,TCL科技,2025-10-20 09:42:15,4.11,46750,4.11,D
sz000100,TCL科技,2025-10-20 09:42:18,4.12,26900,4.11,U
sz000100,TCL科技,2025-10-20 09:42:21,4.11,32700,4.12,D
sz000100,TCL科技,2025-10-20 09:42:24,4.12,31300,4.11,U
sz000100,TCL科技,2025-10-20 09:42:27,4.12,46100,4.12,U
sz000100,TCL科技,2025-10-20 09:42:30,4.12,23700,4.12,U
sz000100,TCL科技,2025-10-20 09:42:33,4.11,21300,4.12,D
sz000100,TCL科技,2025-10-20 09:42:36,4.12,117600,4.11,U
sz000100,TCL科技,2025-10-20 09:42:39,4.12,90300,4.12,U
sz000100,TCL科技,2025-10-20 09:42:42,4.12,53000,4.12,U
sz000100,TCL科技,2025-10-20 09:42:45,4.12,21400,4.12,U
sz000100,TCL科技,2025-10-20 09:42:48,4.11,35400,4.12,D
sz000100,TCL科技,2025-10-20 09:42:51,4.11,51300,4.11,D
sz000100,TCL科技,2025-10-20 09:42:54,4.11,274600,4.11,D
sz000100,TCL科技,2025-10-20 09:42:57,4.11,199500,4.11,D
sz000100,TCL科技,2025-10-20 09:43:00,4.11,143100,4.11,D
sz000100,TCL科技,2025-10-20 09:43:06,4.12,20400,4.12,U
sz000100,TCL科技,2025-10-20 09:43:09,4.12,41200,4.12,U
sz000100,TCL科技,2025-10-20 09:43:12,4.11,55900,4.12,D
sz000100,TCL科技,2025-10-20 09:43:18,4.11,264200,4.12,D
sz000100,TCL科技,2025-10-20 09:43:21,4.11,32400,4.11,D
sz000100,TCL科技,2025-10-20 09:43:24,4.12,31400,4.11,U
sz000100,TCL科技,2025-10-20 09:43:27,4.12,27400,4.12,U
sz000100,TCL科技,2025-10-20 09:43:30,4.11,199700,4.12,D
sz000100,TCL科技,2025-10-20 09:43:36,4.11,33200,4.12,D
sz000100,TCL科技,2025-10-20 09:43:48,4.12,77400,4.11,U
sz000100,TCL科技,2025-10-20 09:43:51,4.11,624600,4.12,D
sz000100,TCL科技,2025-10-20 09:43:54,4.11,90600,4.11,D
sz000100,TCL科技,2025-10-20 09:44:00,4.11,22900,4.11,D
sz000100,TCL科技,2025-10-20 09:44:03,4.12,154400,4.11,U
sz000100,TCL科技,2025-10-20 09:44:06,4.12,391300,4.12,U
sz000100,TCL科技,2025-10-20 09:44:09,4.12,399800,4.12,U
sz000100,TCL科技,2025-10-20 09:44:12,4.11,64600,4.12,D
sz000100,TCL科技,2025-10-20 09:44:15,4.12,54800,4.11,U
sz000100,TCL科技,2025-10-20 09:44:18,4.11,37400,4.12,D
sz000100,TCL科技,2025-10-20 09:44:27,4.11,20900,4.12,D
sz000100,TCL科技,2025-10-20 09:44:33,4.11,40500,4.11,D
sz000100,TCL科技,2025-10-20 09:44:36,4.12,32800,4.11,U
sz000100,TCL科技,2025-10-20 09:44:39,4.12,28000,4.12,U
sz000100,TCL科技,2025-10-20 09:44:42,4.12,31600,4.12,U
sz000100,TCL科技,2025-10-20 09:44:51,4.12,115200,4.12,U
sz000100,TCL科技,2025-10-20 09:44:57,4.12,28800,4.12,U
sz000100,TCL科技,2025-10-20 09:45:00,4.11,84300,4.12,D
sz000100,TCL科技,2025-10-20 09:45:03,4.12,23100,4.11,U
sz000100,TCL科技,2025-10-20 09:45:06,4.12,84300,4.12,U
sz000100,TCL科技,2025-10-20 09:45:09,4.11,24200,4.12,D
sz000100,TCL科技,2025-10-20 09:45:18,4.12,36900,4.12,U
sz000100,TCL科技,2025-10-20 09:45:21,4.11,70000,4.12,D
sz000100,TCL科技,2025-10-20 09:45:24,4.12,95500,4.11,U
sz000100,TCL科技,2025-10-20 09:45:30,4.12,1177200,4.12,U
sz000100,TCL科技,2025-10-20 09:45:33,4.12,3118600,4.12,U
sz000100,TCL科技,2025-10-20 09:45:36,4.12,60900,4.12,D
sz000100,TCL科技,2025-10-20 09:45:39,4.12,24100,4.12,D
sz000100,TCL科技,2025-10-20 09:45:42,4.12,20000,4.12,D
sz000100,TCL科技,2025-10-20 09:45:48,4.12,35700,4.12,D
sz000100,TCL科技,2025-10-20 09:45:51,4.13,34700,4.12,U
sz000100,TCL科技,2025-10-20 09:45:54,4.12,338700,4.13,D
sz000100,TCL科技,2025-10-20 09:45:57,4.13,87100,4.12,U
sz000100,TCL科技,2025-10-20 09:46:00,4.12,31800,4.13,D
sz000100,TCL科技,2025-10-20 09:46:03,4.12,42900,4.12,D
sz000100,TCL科技,2025-10-20 09:46:09,4.13,187500,4.12,U
sz000100,TCL科技,2025-10-20 09:46:15,4.12,102800,4.13,D
sz000100,TCL科技,2025-10-20 09:46:24,4.13,21600,4.12,U
sz000100,TCL科技,2025-10-20 09:46:27,4.13,23820,4.13,U
sz000100,TCL科技,2025-10-20 09:46:30,4.12,22000,4.13,D
sz000100,TCL科技,2025-10-20 09:46:36,4.12,28800,4.13,D
sz000100,TCL科技,2025-10-20 09:46:39,4.13,31000,4.12,U
sz000100,TCL科技,2025-10-20 09:46:45,4.13,66100,4.13,U
sz000100,TCL科技,2025-10-20 09:46:48,4.12,28600,4.13,D
sz000100,TCL科技,2025-10-20 09:47:00,4.12,139600,4.13,D
sz000100,TCL科技,2025-10-20 09:47:06,4.13,22100,4.13,U
sz000100,TCL科技,2025-10-20 09:47:09,4.13,34000,4.13,U
sz000100,TCL科技,2025-10-20 09:47:24,4.13,76900,4.13,U
sz000100,TCL科技,2025-10-20 09:47:33,4.13,76700,4.12,U
sz000100,TCL科技,2025-10-20 09:47:45,4.12,49000,4.12,D
sz000100,TCL科技,2025-10-20 09:47:51,4.13,32400,4.13,U
sz000100,TCL科技,2025-10-20 09:48:00,4.13,140800,4.12,U
sz000100,TCL科技,2025-10-20 09:48:03,4.12,32800,4.13,D
sz000100,TCL科技,2025-10-20 09:48:15,4.12,47200,4.13,D
sz000100,TCL科技,2025-10-20 09:48:24,4.13,38900,4.12,U
sz000100,TCL科技,2025-10-20 09:48:27,4.13,594100,4.13,U
sz000100,TCL科技,2025-10-20 09:48:30,4.13,28200,4.13,U
sz000100,TCL科技,2025-10-20 09:48:36,4.13,69150,4.13,U
sz000100,TCL科技,2025-10-20 09:48:39,4.13,22800,4.13,U
sz000100,TCL科技,2025-10-20 09:48:42,4.13,70300,4.13,U
sz000100,TCL科技,2025-10-20 09:48:51,4.12,22620,4.12,D
sz000100,TCL科技,2025-10-20 09:48:54,4.12,20400,4.12,D
sz000100,TCL科技,2025-10-20 09:49:03,4.13,55100,4.13,U
sz000100,TCL科技,2025-10-20 09:49:12,4.12,44000,4.13,D
sz000100,TCL科技,2025-10-20 09:49:15,4.13,24700,4.12,U
sz000100,TCL科技,2025-10-20 09:49:18,4.12,27300,4.13,D
sz000100,TCL科技,2025-10-20 09:49:24,4.13,101700,4.13,U
sz000100,TCL科技,2025-10-20 09:49:30,4.13,21500,4.13,U
sz000100,TCL科技,2025-10-20 09:49:39,4.13,47300,4.12,U
sz000100,TCL科技,2025-10-20 09:49:42,4.12,28000,4.13,D
sz000100,TCL科技,2025-10-20 09:49:54,4.13,58600,4.13,U
sz000100,TCL科技,2025-10-20 09:50:00,4.13,517500,4.12,U
sz000100,TCL科技,2025-10-20 09:50:18,4.13,23600,4.13,U
sz000100,TCL科技,2025-10-20 09:50:30,4.12,63300,4.12,D
sz000100,TCL科技,2025-10-20 09:50:36,4.13,147000,4.13,U
sz000100,TCL科技,2025-10-20 09:50:39,4.13,22800,4.13,U
sz000100,TCL科技,2025-10-20 09:50:45,4.13,49500,4.13,U
sz000100,TCL科技,2025-10-20 09:50:48,4.12,80100,4.13,D
sz000100,TCL科技,2025-10-20 09:50:54,4.12,507300,4.13,D
sz000100,TCL科技,2025-10-20 09:51:00,4.13,127600,4.13,U
sz000100,TCL科技,2025-10-20 09:51:12,4.13,93900,4.13,U
sz000100,TCL科技,2025-10-20 09:51:18,4.13,44600,4.12,U
sz000100,TCL科技,2025-10-20 09:51:24,4.12,46500,4.13,D
sz000100,TCL科技,2025-10-20 09:51:27,4.12,25000,4.12,D
sz000100,TCL科技,2025-10-20 09:51:30,4.13,20500,4.12,U
sz000100,TCL科技,2025-10-20 09:51:36,4.13,32100,4.12,U
sz000100,TCL科技,2025-10-20 09:51:45,4.13,35800,4.13,U
sz000100,TCL科技,2025-10-20 09:51:48,4.13,89100,4.13,U
sz000100,TCL科技,2025-10-20 09:51:51,4.12,26800,4.13,D
sz000100,TCL科技,2025-10-20 09:52:06,4.12,33200,4.12,D
sz000100,TCL科技,2025-10-20 09:52:09,4.13,34100,4.12,U
sz000100,TCL科技,2025-10-20 09:52:12,4.13,42200,4.13,U
sz000100,TCL科技,2025-10-20 09:52:15,4.12,20300,4.13,D
sz000100,TCL科技,2025-10-20 09:52:21,4.12,108700,4.13,D
sz000100,TCL科技,2025-10-20 09:52:24,4.13,36100,4.12,U
sz000100,TCL科技,2025-10-20 09:52:27,4.13,73200,4.13,U
sz000100,TCL科技,2025-10-20 09:52:30,4.12,24500,4.13,D
sz000100,TCL科技,2025-10-20 09:52:36,4.13,37900,4.13,U
sz000100,TCL科技,2025-10-20 09:52:42,4.12,412400,4.13,D
sz000100,TCL科技,2025-10-20 09:52:45,4.12,125010,4.12,D
sz000100,TCL科技,2025-10-20 09:52:54,4.12,26200,4.12,D
sz000100,TCL科技,2025-10-20 09:52:57,4.12,250600,4.12,D
sz000100,TCL科技,2025-10-20 09:53:00,4.13,89500,4.12,U
sz000100,TCL科技,2025-10-20 09:53:03,4.13,37000,4.13,U
sz000100,TCL科技,2025-10-20 09:53:06,4.13,62300,4.13,U
sz000100,TCL科技,2025-10-20 09:53:12,4.12,69600,4.13,D
sz000100,TCL科技,2025-10-20 09:53:24,4.13,23200,4.13,U
sz000100,TCL科技,2025-10-20 09:53:27,4.13,50300,4.13,U
sz000100,TCL科技,2025-10-20 09:53:33,4.12,20900,4.13,D
sz000100,TCL科技,2025-10-20 09:53:36,4.13,41500,4.12,U
sz000100,TCL科技,2025-10-20 09:53:39,4.12,46600,4.13,D
sz000100,TCL科技,2025-10-20 09:53:42,4.12,55400,4.12,D
sz000100,TCL科技,2025-10-20 09:53:45,4.12,39000,4.12,D
sz000100,TCL科技,2025-10-20 09:53:48,4.12,32800,4.12,D
sz000100,TCL科技,2025-10-20 09:53:57,4.13,21100,4.12,U
sz000100,TCL科技,2025-10-20 09:54:06,4.13,36000,4.13,U
sz000100,TCL科技,2025-10-20 09:54:15,4.13,42300,4.13,U
sz000100,TCL科技,2025-10-20 09:54:18,4.13,29000,4.13,U
sz000100,TCL科技,2025-10-20 09:54:24,4.12,21300,4.12,D
sz000100,TCL科技,2025-10-20 09:54:27,4.12,52200,4.12,D
sz000100,TCL科技,2025-10-20 09:54:30,4.13,24300,4.12,U
sz000100,TCL科技,2025-10-20 09:54:33,4.13,61200,4.13,U
sz000100,TCL科技,2025-10-20 09:54:36,4.12,33700,4.13,D
sz000100,TCL科技,2025-10-20 09:54:39,4.13,59000,4.12,U
sz000100,TCL科技,2025-10-20 09:54:42,4.13,41400,4.13,U
sz000100,TCL科技,2025-10-20 09:54:48,4.13,21200,4.13,U
sz000100,TCL科技,2025-10-20 09:54:51,4.13,81500,4.13,U
sz000100,TCL科技,2025-10-20 09:54:54,4.12,90400,4.13,D
sz000100,TCL科技,2025-10-20 09:54:57,4.13,35700,4.12,U
sz000100,TCL科技,2025-10-20 09:55:03,4.12,24400,4.12,D
sz000100,TCL科技,2025-10-20 09:55:09,4.13,24100,4.13,U
sz000100,TCL科技,2025-10-20 09:55:18,4.12,24010,4.13,D
sz000100,TCL科技,2025-10-20 09:55:21,4.13,37500,4.12,U
sz000100,TCL科技,2025-10-20 09:55:27,4.13,35300,4.12,U
sz000100,TCL科技,2025-10-20 09:55:30,4.13,22900,4.13,U
sz000100,TCL科技,2025-10-20 09:55:36,4.12,148700,4.12,D
sz000100,TCL科技,2025-10-20 09:55:42,4.13,29300,4.13,U
sz000100,TCL科技,2025-10-20 09:55:48,4.13,78000,4.13,U
sz000100,TCL科技,2025-10-20 09:55:54,4.13,31100,4.13,U
sz000100,TCL科技,2025-10-20 09:56:06,4.13,21800,4.13,U
sz000100,TCL科技,2025-10-20 09:56:12,4.13,27600,4.13,U
sz000100,TCL科技,2025-10-20 09:56:15,4.13,20400,4.13,U
sz000100,TCL科技,2025-10-20 09:56:27,4.12,51900,4.12,D
sz000100,TCL科技,2025-10-20 09:56:30,4.13,25600,4.12,U
sz000100,TCL科技,2025-10-20 09:56:33,4.12,35300,4.13,D
sz000100,TCL科技,2025-10-20 09:56:36,4.13,38300,4.12,U
sz000100,TCL科技,2025-10-20 09:56:42,4.13,41900,4.12,U
sz000100,TCL科技,2025-10-20 09:56:45,4.12,168600,4.13,D
sz000100,TCL科技,2025-10-20 09:56:48,4.13,32800,4.12,U
sz000100,TCL科技,2025-10-20 09:56:51,4.12,35300,4.13,D
sz000100,TCL科技,2025-10-20 09:57:03,4.13,210500,4.13,U
sz000100,TCL科技,2025-10-20 09:57:06,4.13,41500,4.13,U
sz000100,TCL科技,2025-10-20 09:57:15,4.13,87000,4.13,U
sz000100,TCL科技,2025-10-20 09:57:18,4.13,71600,4.13,U
sz000100,TCL科技,2025-10-20 09:57:21,4.13,35800,4.13,U
sz000100,TCL科技,2025-10-20 09:57:24,4.13,48700,4.13,U
sz000100,TCL科技,2025-10-20 09:57:30,4.12,26800,4.13,D
sz000100,TCL科技,2025-10-20 09:57:33,4.13,20100,4.12,U
sz000100,TCL科技,2025-10-20 09:57:39,4.12,48700,4.13,D
sz000100,TCL科技,2025-10-20 09:57:42,4.13,28600,4.12,U
sz000100,TCL科技,2025-10-20 09:57:45,4.13,21800,4.13,U
sz000100,TCL科技,2025-10-20 09:57:51,4.13,33600,4.13,U
sz000100,TCL科技,2025-10-20 09:57:54,4.12,22000,4.13,D
sz000100,TCL科技,2025-10-20 09:58:00,4.13,53300,4.13,U
sz000100,TCL科技,2025-10-20 09:58:06,4.12,41500,4.13,D
sz000100,TCL科技,2025-10-20 09:58:09,4.13,37200,4.12,U
sz000100,TCL科技,2025-10-20 09:58:12,4.13,62500,4.13,U
sz000100,TCL科技,2025-10-20 09:58:21,4.13,24100,4.13,U
sz000100,TCL科技,2025-10-20 09:58:24,4.13,65000,4.13,U
sz000100,TCL科技,2025-10-20 09:58:30,4.13,33500,4.12,U
sz000100,TCL科技,2025-10-20 09:58:33,4.12,68400,4.13,D
sz000100,TCL科技,2025-10-20 09:58:36,4.13,94100,4.12,U
sz000100,TCL科技,2025-10-20 09:58:42,4.13,41300,4.13,U
sz000100,TCL科技,2025-10-20 09:58:48,4.13,27600,4.13,U
sz000100,TCL科技,2025-10-20 09:58:54,4.13,54600,4.13,U
sz000100,TCL科技,2025-10-20 09:59:00,4.13,75100,4.13,U
sz000100,TCL科技,2025-10-20 09:59:03,4.13,88600,4.13,U
sz000100,TCL科技,2025-10-20 09:59:09,4.12,35500,4.12,D
sz000100,TCL科技,2025-10-20 09:59:15,4.12,23000,4.12,D
sz000100,TCL科技,2025-10-20 09:59:18,4.13,32700,4.12,U
sz000100,TCL科技,2025-10-20 09:59:24,4.12,42900,4.13,D
sz000100,TCL科技,2025-10-20 09:59:27,4.13,32000,4.12,U
sz000100,TCL科技,2025-10-20 09:59:30,4.13,324300,4.13,U
sz000100,TCL科技,2025-10-20 09:59:33,4.12,269400,4.13,D
sz000100,TCL科技,2025-10-20 09:59:36,4.13,3485736,4.12,U
sz000100,TCL科技,2025-10-20 09:59:39,4.13,155800,4.13,D
sz000100,TCL科技,2025-10-20 09:59:45,4.13,104400,4.13,D
sz000100,TCL科技,2025-10-20 09:59:54,4.14,45900,4.13,U
sz000100,TCL科技,2025-10-20 10:00:00,4.13,42100,4.14,D
sz000100,TCL科技,2025-10-20 10:00:21,4.13,310300,4.14,D
sz000100,TCL科技,2025-10-20 10:00:24,4.13,28700,4.13,D
sz000100,TCL科技,2025-10-20 10:00:39,4.13,1925024,4.14,D
sz000100,TCL科技,2025-10-20 10:00:42,4.13,45300,4.13,U
sz000100,TCL科技,2025-10-20 10:00:45,4.12,89600,4.13,D
sz000100,TCL科技,2025-10-20 10:00:48,4.13,166800,4.12,U
sz000100,TCL科技,2025-10-20 10:00:51,4.12,67300,4.13,D
sz000100,TCL科技,2025-10-20 10:00:57,4.13,24200,4.13,U
sz000100,TCL科技,2025-10-20 10:01:00,4.12,189500,4.13,D
sz000100,TCL科技,2025-10-20 10:01:03,4.13,106770,4.12,U
sz000100,TCL科技,2025-10-20 10:01:12,4.13,56000,4.13,U
sz000100,TCL科技,2025-10-20 10:01:15,4.13,1040200,4.13,U
sz000100,TCL科技,2025-10-20 10:01:18,4.13,415300,4.13,U
sz000100,TCL科技,2025-10-20 10:01:21,4.13,272600,4.13,D
sz000100,TCL科技,2025-10-20 10:01:24,4.13,89700,4.13,D
sz000100,TCL科技,2025-10-20 10:01:27,4.13,122300,4.13,D
sz000100,TCL科技,2025-10-20 10:01:36,4.13,385600,4.14,D
sz000100,TCL科技,2025-10-20 10:01:39,4.13,144300,4.13,U
sz000100,TCL科技,2025-10-20 10:01:42,4.13,233600,4.13,U
sz000100,TCL科技,2025-10-20 10:01:45,4.13,530500,4.13,D
sz000100,TCL科技,2025-10-20 10:01:48,4.13,59500,4.13,D
sz000100,TCL科技,2025-10-20 10:01:51,4.13,32000,4.13,D
sz000100,TCL科技,2025-10-20 10:02:00,4.13,30700,4.14,D
sz000100,TCL科技,2025-10-20 10:02:03,4.13,26500,4.13,D
sz000100,TCL科技,2025-10-20 10:02:09,4.13,39700,4.13,D
sz000100,TCL科技,2025-10-20 10:02:15,4.13,46200,4.13,D
sz000100,TCL科技,2025-10-20 10:02:21,4.14,113200,4.13,U
sz000100,TCL科技,2025-10-20 10:02:51,4.14,399300,4.13,U
sz000100,TCL科技,2025-10-20 10:02:54,4.13,30000,4.14,D
sz000100,TCL科技,2025-10-20 10:02:57,4.14,46500,4.13,U
sz000100,TCL科技,2025-10-20 10:03:12,4.13,26700,4.13,D
sz000100,TCL科技,2025-10-20 10:03:21,4.13,71210,4.13,D
sz000100,TCL科技,2025-10-20 10:03:27,4.13,28600,4.13,D
sz000100,TCL科技,2025-10-20 10:03:36,4.13,37900,4.14,D
sz000100,TCL科技,2025-10-20 10:03:42,4.13,26600,4.13,D
sz000100,TCL科技,2025-10-20 10:03:51,4.13,284400,4.13,D
sz000100,TCL科技,2025-10-20 10:04:03,4.14,26100,4.13,U
sz000100,TCL科技,2025-10-20 10:04:09,4.14,22900,4.14,U
sz000100,TCL科技,2025-10-20 10:04:18,4.13,21600,4.14,D
sz000100,TCL科技,2025-10-20 10:04:30,4.14,54600,4.13,U
sz000100,TCL科技,2025-10-20 10:04:33,4.14,66300,4.14,U
sz000100,TCL科技,2025-10-20 10:05:21,4.13,33300,4.14,D
sz000100,TCL科技,2025-10-20 10:05:27,4.14,44200,4.14,U
sz000100,TCL科技,2025-10-20 10:05:51,4.13,33600,4.13,D
sz000100,TCL科技,2025-10-20 10:06:00,4.14,21900,4.14,U
sz000100,TCL科技,2025-10-20 10:06:03,4.13,39600,4.14,D
sz000100,TCL科技,2025-10-20 10:06:06,4.13,22700,4.13,D
sz000100,TCL科技,2025-10-20 10:06:09,4.13,50200,4.13,D
sz000100,TCL科技,2025-10-20 10:06:12,4.14,33900,4.13,U
sz000100,TCL科技,2025-10-20 10:06:15,4.14,74400,4.14,U
sz000100,TCL科技,2025-10-20 10:06:21,4.13,37900,4.14,D
sz000100,TCL科技,2025-10-20 10:06:27,4.14,20600,4.13,U
sz000100,TCL科技,2025-10-20 10:06:30,4.13,24500,4.14,D
sz000100,TCL科技,2025-10-20 10:06:33,4.13,42600,4.13,D
sz000100,TCL科技,2025-10-20 10:06:39,4.14,24500,4.13,U
sz000100,TCL科技,2025-10-20 10:06:42,4.13,98600,4.14,D
sz000100,TCL科技,2025-10-20 10:06:48,4.13,294800,4.14,D
sz000100,TCL科技,2025-10-20 10:06:51,4.14,82200,4.13,U
sz000100,TCL科技,2025-10-20 10:06:54,4.14,230900,4.14,U
sz000100,TCL科技,2025-10-20 10:06:57,4.13,64800,4.14,D
sz000100,TCL科技,2025-10-20 10:07:00,4.14,30700,4.13,U
sz000100,TCL科技,2025-10-20 10:07:03,4.13,23800,4.14,D
sz000100,TCL科技,2025-10-20 10:07:24,4.13,45400,4.13,D
sz000100,TCL科技,2025-10-20 10:07:42,4.14,25800,4.13,U
sz000100,TCL科技,2025-10-20 10:07:48,4.13,81000,4.14,D
sz000100,TCL科技,2025-10-20 10:07:57,4.14,37300,4.14,U
sz000100,TCL科技,2025-10-20 10:08:03,4.13,362500,4.13,D
sz000100,TCL科技,2025-10-20 10:08:09,4.13,343600,4.13,D
sz000100,TCL科技,2025-10-20 10:08:12,4.13,99700,4.13,D
sz000100,TCL科技,2025-10-20 10:08:15,4.13,139500,4.13,D
sz000100,TCL科技,2025-10-20 10:08:18,4.13,27400,4.13,D
sz000100,TCL科技,2025-10-20 10:08:21,4.14,118900,4.13,U
sz000100,TCL科技,2025-10-20 10:08:30,4.14,153200,4.13,U
sz000100,TCL科技,2025-10-20 10:08:36,4.14,30600,4.13,U
sz000100,TCL科技,2025-10-20 10:08:48,4.14,26500,4.14,U
sz000100,TCL科技,2025-10-20 10:09:00,4.14,20400,4.13,U
sz000100,TCL科技,2025-10-20 10:09:03,4.13,37300,4.14,D
sz000100,TCL科技,2025-10-20 10:09:06,4.13,65500,4.13,D
sz000100,TCL科技,2025-10-20 10:09:21,4.13,41500,4.14,D
sz000100,TCL科技,2025-10-20 10:09:24,4.13,86700,4.13,D
sz000100,TCL科技,2025-10-20 10:09:27,4.14,109900,4.13,U
sz000100,TCL科技,2025-10-20 10:09:30,4.13,65500,4.14,D
sz000100,TCL科技,2025-10-20 10:09:33,4.13,146100,4.13,D
sz000100,TCL科技,2025-10-20 10:09:39,4.13,47300,4.13,D
sz000100,TCL科技,2025-10-20 10:09:45,4.14,22600,4.14,U
sz000100,TCL科技,2025-10-20 10:09:51,4.13,60100,4.13,D
sz000100,TCL科技,2025-10-20 10:09:54,4.13,33000,4.13,D
sz000100,TCL科技,2025-10-20 10:10:00,4.14,34100,4.13,U
sz000100,TCL科技,2025-10-20 10:10:06,4.14,23200,4.14,U
sz000100,TCL科技,2025-10-20 10:10:15,4.14,184000,4.14,U
sz000100,TCL科技,2025-10-20 10:10:18,4.13,62400,4.14,D
sz000100,TCL科技,2025-10-20 10:10:21,4.14,26900,4.13,U
sz000100,TCL科技,2025-10-20 10:10:27,4.13,67200,4.13,D
sz000100,TCL科技,2025-10-20 10:10:36,4.13,46800,4.13,D
sz000100,TCL科技,2025-10-20 10:10:42,4.13,100600,4.14,D
sz000100,TCL科技,2025-10-20 10:10:45,4.13,32500,4.13,D
sz000100,TCL科技,2025-10-20 10:10:48,4.14,30900,4.13,U
sz000100,TCL科技,2025-10-20 10:10:54,4.13,143200,4.13,D
sz000100,TCL科技,2025-10-20 10:10:57,4.13,35500,4.13,D
sz000100,TCL科技,2025-10-20 10:11:00,4.13,40700,4.13,D
sz000100,TCL科技,2025-10-20 10:11:06,4.13,250500,4.14,D
sz000100,TCL科技,2025-10-20 10:11:09,4.14,315800,4.13,U
sz000100,TCL科技,2025-10-20 10:11:12,4.14,42700,4.14,U
sz000100,TCL科技,2025-10-20 10:11:21,4.14,142100,4.14,U
sz000100,TCL科技,2025-10-20 10:11:24,4.13,28000,4.14,D
sz000100,TCL科技,2025-10-20 10:11:30,4.13,22600,4.13,D
sz000100,TCL科技,2025-10-20 10:11:45,4.13,140300,4.14,D
sz000100,TCL科技,2025-10-20 10:11:48,4.13,40800,4.13,D
sz000100,TCL科技,2025-10-20 10:11:51,4.13,148300,4.13,D
sz000100,TCL科技,2025-10-20 10:11:54,4.13,34300,4.13,D
sz000100,TCL科技,2025-10-20 10:12:03,4.13,336000,4.13,D
sz000100,TCL科技,2025-10-20 10:12:06,4.13,148300,4.13,D
sz000100,TCL科技,2025-10-20 10:12:09,4.13,2841180,4.13,D
sz000100,TCL科技,2025-10-20 10:12:12,4.12,232400,4.13,D
sz000100,TCL科技,2025-10-20 10:12:15,4.13,97100,4.12,U
sz000100,TCL科技,2025-10-20 10:12:21,4.13,40600,4.12,U
sz000100,TCL科技,2025-10-20 10:12:24,4.13,48800,4.13,U
sz000100,TCL科技,2025-10-20 10:12:27,4.12,79400,4.13,D
sz000100,TCL科技,2025-10-20 10:12:30,4.12,91500,4.12,D
sz000100,TCL科技,2025-10-20 10:12:33,4.13,36600,4.12,U
sz000100,TCL科技,2025-10-20 10:12:42,4.13,22100,4.13,U
sz000100,TCL科技,2025-10-20 10:12:45,4.13,65200,4.13,U
sz000100,TCL科技,2025-10-20 10:12:48,4.12,46400,4.13,D
sz000100,TCL科技,2025-10-20 10:12:51,4.12,1012300,4.12,D
sz000100,TCL科技,2025-10-20 10:12:54,4.12,186500,4.12,D
sz000100,TCL科技,2025-10-20 10:13:00,4.12,58200,4.12,D
sz000100,TCL科技,2025-10-20 10:13:03,4.12,124400,4.12,D
sz000100,TCL科技,2025-10-20 10:13:06,4.12,41600,4.12,D
sz000100,TCL科技,2025-10-20 10:13:21,4.12,53600,4.12,D
sz000100,TCL科技,2025-10-20 10:13:27,4.12,28300,4.12,D
sz000100,TCL科技,2025-10-20 10:13:33,4.12,112000,4.12,D
sz000100,TCL科技,2025-10-20 10:13:36,4.12,59500,4.12,D
sz000100,TCL科技,2025-10-20 10:13:39,4.12,24200,4.12,D
sz000100,TCL科技,2025-10-20 10:13:42,4.13,24150,4.12,U
sz000100,TCL科技,2025-10-20 10:13:48,4.12,30400,4.12,D
sz000100,TCL科技,2025-10-20 10:14:00,4.12,66800,4.12,D
sz000100,TCL科技,2025-10-20 10:14:03,4.12,88400,4.12,D
sz000100,TCL科技,2025-10-20 10:14:06,4.12,49000,4.12,D
sz000100,TCL科技,2025-10-20 10:14:09,4.12,111600,4.12,D
sz000100,TCL科技,2025-10-20 10:14:12,4.12,74200,4.12,D
sz000100,TCL科技,2025-10-20 10:14:15,4.12,121300,4.12,D
sz000100,TCL科技,2025-10-20 10:14:18,4.12,103500,4.12,D
sz000100,TCL科技,2025-10-20 10:14:21,4.12,42300,4.12,D
sz000100,TCL科技,2025-10-20 10:14:27,4.12,22100,4.12,D
sz000100,TCL科技,2025-10-20 10:14:30,4.12,172800,4.12,D
sz000100,TCL科技,2025-10-20 10:14:33,4.12,208300,4.12,D
sz000100,TCL科技,2025-10-20 10:14:36,4.12,284200,4.12,D
sz000100,TCL科技,2025-10-20 10:14:39,4.12,32400,4.12,D
sz000100,TCL科技,2025-10-20 10:14:45,4.13,26300,4.12,U
sz000100,TCL科技,2025-10-20 10:14:48,4.12,64800,4.13,D
sz000100,TCL科技,2025-10-20 10:14:54,4.13,33100,4.12,U
sz000100,TCL科技,2025-10-20 10:14:57,4.12,85600,4.13,D
sz000100,TCL科技,2025-10-20 10:15:18,4.13,100000,4.12,U
sz000100,TCL科技,2025-10-20 10:15:21,4.12,255700,4.13,D
sz000100,TCL科技,2025-10-20 10:15:24,4.12,24200,4.12,D
sz000100,TCL科技,2025-10-20 10:15:39,4.12,68700,4.13,D
sz000100,TCL科技,2025-10-20 10:15:45,4.12,68900,4.12,D
sz000100,TCL科技,2025-10-20 10:15:48,4.13,21800,4.12,U
sz000100,TCL科技,2025-10-20 10:15:51,4.12,50700,4.13,D
sz000100,TCL科技,2025-10-20 10:16:06,4.13,66600,4.13,U
sz000100,TCL科技,2025-10-20 10:16:36,4.13,207700,4.13,U
sz000100,TCL科技,2025-10-20 10:16:48,4.13,31200,4.13,U
sz000100,TCL科技,2025-10-20 10:16:57,4.12,1008500,4.13,D
sz000100,TCL科技,2025-10-20 10:17:00,4.13,507000,4.12,U
sz000100,TCL科技,2025-10-20 10:17:03,4.12,1019300,4.13,D
sz000100,TCL科技,2025-10-20 10:17:24,4.13,1051100,4.13,U
sz000100,TCL科技,2025-10-20 10:17:30,4.13,504400,4.12,U
sz000100,TCL科技,2025-10-20 10:17:36,4.13,29600,4.12,U
sz000100,TCL科技,2025-10-20 10:17:39,4.13,29500,4.13,U
sz000100,TCL科技,2025-10-20 10:17:42,4.13,43600,4.13,U
sz000100,TCL科技,2025-10-20 10:17:48,4.12,85700,4.13,D
sz000100,TCL科技,2025-10-20 10:17:51,4.12,50020,4.12,D
sz000100,TCL科技,2025-10-20 10:17:57,4.13,52700,4.12,U
sz000100,TCL科技,2025-10-20 10:18:03,4.13,50400,4.12,U
sz000100,TCL科技,2025-10-20 10:18:06,4.13,23700,4.13,U
sz000100,TCL科技,2025-10-20 10:18:21,4.13,258800,4.13,U
sz000100,TCL科技,2025-10-20 10:18:24,4.13,25400,4.13,U
sz000100,TCL科技,2025-10-20 10:18:30,4.13,169400,4.12,U
sz000100,TCL科技,2025-10-20 10:18:33,4.13,63500,4.13,U
sz000100,TCL科技,2025-10-20 10:18:36,4.13,63100,4.13,U
sz000100,TCL科技,2025-10-20 10:18:45,4.13,200400,4.13,U
sz000100,TCL科技,2025-10-20 10:18:48,4.13,37800,4.13,U
sz000100,TCL科技,2025-10-20 10:18:57,4.13,104300,4.13,U
sz000100,TCL科技,2025-10-20 10:19:03,4.12,967300,4.12,D
sz000100,TCL科技,2025-10-20 10:19:06,4.13,1866420,4.12,U
sz000100,TCL科技,2025-10-20 10:19:09,4.13,391500,4.13,D
sz000100,TCL科技,2025-10-20 10:19:12,4.13,52100,4.13,D
sz000100,TCL科技,2025-10-20 10:19:15,4.13,63300,4.13,D
sz000100,TCL科技,2025-10-20 10:19:30,4.14,83800,4.13,U
sz000100,TCL科技,2025-10-20 10:19:36,4.13,27800,4.14,D
sz000100,TCL科技,2025-10-20 10:19:42,4.14,63700,4.13,U
sz000100,TCL科技,2025-10-20 10:20:06,4.13,264800,4.14,D
sz000100,TCL科技,2025-10-20 10:20:09,4.13,35300,4.13,D
sz000100,TCL科技,2025-10-20 10:20:12,4.13,199200,4.13,D
sz000100,TCL科技,2025-10-20 10:20:24,4.13,49600,4.14,D
sz000100,TCL科技,2025-10-20 10:20:27,4.13,53000,4.13,D
sz000100,TCL科技,2025-10-20 10:20:48,4.13,75000,4.13,D
sz000100,TCL科技,2025-10-20 10:21:00,4.13,21200,4.13,D
sz000100,TCL科技,2025-10-20 10:21:09,4.13,32500,4.14,D
sz000100,TCL科技,2025-10-20 10:21:21,4.13,74600,4.14,D
sz000100,TCL科技,2025-10-20 10:21:30,4.13,25600,4.13,D
sz000100,TCL科技,2025-10-20 10:21:36,4.13,78000,4.14,D
sz000100,TCL科技,2025-10-20 10:21:45,4.14,34400,4.13,U
sz000100,TCL科技,2025-10-20 10:22:00,4.13,20500,4.14,D
sz000100,TCL科技,2025-10-20 10:22:03,4.14,121700,4.13,U
sz000100,TCL科技,2025-10-20 10:22:06,4.13,261400,4.14,D
sz000100,TCL科技,2025-10-20 10:22:21,4.13,59900,4.14,D
sz000100,TCL科技,2025-10-20 10:22:42,4.13,59400,4.13,D
sz000100,TCL科技,2025-10-20 10:22:45,4.13,32700,4.13,D
sz000100,TCL科技,2025-10-20 10:22:51,4.13,99700,4.13,D
sz000100,TCL科技,2025-10-20 10:23:06,4.14,49700,4.13,U
sz000100,TCL科技,2025-10-20 10:23:18,4.14,20500,4.14,U
sz000100,TCL科技,2025-10-20 10:23:36,4.13,21200,4.13,D
sz000100,TCL科技,2025-10-20 10:23:39,4.14,42500,4.13,U
sz000100,TCL科技,2025-10-20 10:23:48,4.13,24400,4.13,D
sz000100,TCL科技,2025-10-20 10:24:00,4.14,79000,4.13,U
sz000100,TCL科技,2025-10-20 10:24:24,4.13,384400,4.13,D
sz000100,TCL科技,2025-10-20 10:24:27,4.14,34400,4.13,U
sz000100,TCL科技,2025-10-20 10:24:39,4.13,1311700,4.14,D
sz000100,TCL科技,2025-10-20 10:24:42,4.13,211500,4.13,D
sz000100,TCL科技,2025-10-20 10:24:45,4.13,62660,4.13,D
sz000100,TCL科技,2025-10-20 10:24:48,4.13,82230,4.13,D
sz000100,TCL科技,2025-10-20 10:24:57,4.13,20010,4.14,D
sz000100,TCL科技,2025-10-20 10:25:03,4.14,40100,4.13,U
sz000100,TCL科技,2025-10-20 10:25:06,4.14,127000,4.14,U
sz000100,TCL科技,2025-10-20 10:25:09,4.13,75300,4.14,D
sz000100,TCL科技,2025-10-20 10:25:12,4.14,25200,4.13,U
sz000100,TCL科技,2025-10-20 10:25:15,4.13,25900,4.14,D
sz000100,TCL科技,2025-10-20 10:25:18,4.13,265700,4.13,D
sz000100,TCL科技,2025-10-20 10:25:21,4.13,101900,4.13,D
sz000100,TCL科技,2025-10-20 10:25:24,4.13,308300,4.13,D
sz000100,TCL科技,2025-10-20 10:25:27,4.13,46400,4.13,D
sz000100,TCL科技,2025-10-20 10:25:30,4.13,62200,4.13,D
sz000100,TCL科技,2025-10-20 10:25:33,4.13,40900,4.13,D
sz000100,TCL科技,2025-10-20 10:25:36,4.13,24900,4.13,D
sz000100,TCL科技,2025-10-20 10:25:39,4.13,89800,4.13,D
sz000100,TCL科技,2025-10-20 10:25:42,4.12,306980,4.13,D
sz000100,TCL科技,2025-10-20 10:25:45,4.12,61200,4.12,D
sz000100,TCL科技,2025-10-20 10:26:03,4.13,20500,4.13,U
sz000100,TCL科技,2025-10-20 10:26:06,4.13,31100,4.13,U
sz000100,TCL科技,2025-10-20 10:26:12,4.13,21200,4.12,U
sz000100,TCL科技,2025-10-20 10:26:21,4.13,67600,4.13,U
sz000100,TCL科技,2025-10-20 10:26:36,4.13,1068100,4.13,U
sz000100,TCL科技,2025-10-20 10:26:39,4.13,137720,4.13,U
sz000100,TCL科技,2025-10-20 10:26:42,4.14,66400,4.13,U
sz000100,TCL科技,2025-10-20 10:26:54,4.13,151000,4.13,D
sz000100,TCL科技,2025-10-20 10:26:57,4.13,107500,4.13,D
sz000100,TCL科技,2025-10-20 10:27:00,4.14,67900,4.13,U
sz000100,TCL科技,2025-10-20 10:27:09,4.13,25200,4.14,D
sz000100,TCL科技,2025-10-20 10:27:15,4.14,119300,4.13,U
sz000100,TCL科技,2025-10-20 10:27:18,4.13,40700,4.14,D
sz000100,TCL科技,2025-10-20 10:27:24,4.13,225300,4.12,U
sz000100,TCL科技,2025-10-20 10:27:30,4.13,104100,4.13,D
sz000100,TCL科技,2025-10-20 10:27:48,4.13,34500,4.13,D
sz000100,TCL科技,2025-10-20 10:27:54,4.13,52700,4.13,D
sz000100,TCL科技,2025-10-20 10:28:09,4.13,20200,4.14,D
sz000100,TCL科技,2025-10-20 10:28:12,4.14,63300,4.13,U
sz000100,TCL科技,2025-10-20 10:28:30,4.13,45000,4.14,D
sz000100,TCL科技,2025-10-20 10:28:57,4.13,25100,4.13,D
sz000100,TCL科技,2025-10-20 10:29:09,4.13,38700,4.14,D
sz000100,TCL科技,2025-10-20 10:30:27,4.13,38200,4.14,D
sz000100,TCL科技,2025-10-20 10:30:45,4.13,21500,4.14,D
sz000100,TCL科技,2025-10-20 10:31:03,4.14,187100,4.13,U
sz000100,TCL科技,2025-10-20 10:31:33,4.13,64300,4.13,D
sz000100,TCL科技,2025-10-20 10:31:39,4.14,47200,4.13,U
sz000100,TCL科技,2025-10-20 10:31:45,4.13,66000,4.13,D
sz000100,TCL科技,2025-10-20 10:31:48,4.14,38100,4.13,U
sz000100,TCL科技,2025-10-20 10:31:51,4.14,83200,4.14,U
sz000100,TCL科技,2025-10-20 10:31:54,4.13,77800,4.14,D
sz000100,TCL科技,2025-10-20 10:31:57,4.14,26000,4.13,U
sz000100,TCL科技,2025-10-20 10:32:00,4.13,36000,4.14,D
sz000100,TCL科技,2025-10-20 10:32:18,4.14,38900,4.13,U
sz000100,TCL科技,2025-10-20 10:32:24,4.13,32700,4.14,D
sz000100,TCL科技,2025-10-20 10:32:33,4.14,33900,4.13,U
sz000100,TCL科技,2025-10-20 10:32:45,4.13,37100,4.13,D
sz000100,TCL科技,2025-10-20 10:32:57,4.13,31200,4.13,D
sz000100,TCL科技,2025-10-20 10:33:00,4.14,34700,4.13,U
sz000100,TCL科技,2025-10-20 10:33:06,4.14,108800,4.13,U
sz000100,TCL科技,2025-10-20 10:33:45,4.14,31400,4.13,U
sz000100,TCL科技,2025-10-20 10:34:12,4.14,30900,4.13,U
sz000100,TCL科技,2025-10-20 10:34:18,4.13,20000,4.14,D
sz000100,TCL科技,2025-10-20 10:34:21,4.14,28700,4.13,U
sz000100,TCL科技,2025-10-20 10:34:48,4.14,36200,4.14,U
sz000100,TCL科技,2025-10-20 10:35:09,4.14,20200,4.13,U
sz000100,TCL科技,2025-10-20 10:35:18,4.14,104700,4.14,U
sz000100,TCL科技,2025-10-20 10:35:39,4.14,51800,4.14,U
sz000100,TCL科技,2025-10-20 10:35:42,4.14,31500,4.14,U
sz000100,TCL科技,2025-10-20 10:35:57,4.14,124300,4.13,U
sz000100,TCL科技,2025-10-20 10:36:03,4.14,20700,4.14,U
sz000100,TCL科技,2025-10-20 10:36:24,4.14,78200,4.14,U
sz000100,TCL科技,2025-10-20 10:36:30,4.14,24200,4.13,U
sz000100,TCL科技,2025-10-20 10:36:36,4.14,33900,4.13,U
sz000100,TCL科技,2025-10-20 10:36:45,4.13,20600,4.14,D
sz000100,TCL科技,2025-10-20 10:36:54,4.14,43200,4.14,U
sz000100,TCL科技,2025-10-20 10:37:27,4.14,23700,4.14,U
sz000100,TCL科技,2025-10-20 10:37:33,4.13,98800,4.14,D
sz000100,TCL科技,2025-10-20 10:37:39,4.14,44400,4.14,U
sz000100,TCL科技,2025-10-20 10:37:42,4.13,20600,4.14,D
sz000100,TCL科技,2025-10-20 10:37:48,4.13,23500,4.13,D
sz000100,TCL科技,2025-10-20 10:38:03,4.13,20300,4.14,D
sz000100,TCL科技,2025-10-20 10:38:18,4.14,29300,4.13,U
sz000100,TCL科技,2025-10-20 10:39:00,4.13,21900,4.13,D
sz000100,TCL科技,2025-10-20 10:39:15,4.14,35300,4.13,U
sz000100,TCL科技,2025-10-20 10:39:30,4.14,65000,4.13,U
sz000100,TCL科技,2025-10-20 10:39:39,4.13,27000,4.14,D
sz000100,TCL科技,2025-10-20 10:39:42,4.14,21200,4.13,U
sz000100,TCL科技,2025-10-20 10:40:06,4.14,42300,4.13,U
sz000100,TCL科技,2025-10-20 10:40:21,4.14,36900,4.13,U
sz000100,TCL科技,2025-10-20 10:40:42,4.13,37900,4.14,D
sz000100,TCL科技,2025-10-20 10:40:57,4.14,21700,4.13,U
sz000100,TCL科技,2025-10-20 10:41:21,4.13,32800,4.13,D
sz000100,TCL科技,2025-10-20 10:41:57,4.13,40700,4.13,D
sz000100,TCL科技,2025-10-20 10:42:15,4.14,152900,4.13,U
sz000100,TCL科技,2025-10-20 10:42:18,4.14,39300,4.14,U
sz000100,TCL科技,2025-10-20 10:42:24,4.14,24800,4.14,U
sz000100,TCL科技,2025-10-20 10:42:27,4.13,79900,4.14,D
sz000100,TCL科技,2025-10-20 10:42:30,4.14,50000,4.13,U
sz000100,TCL科技,2025-10-20 10:42:33,4.14,21900,4.14,U
sz000100,TCL科技,2025-10-20 10:43:09,4.14,36000,4.14,U
sz000100,TCL科技,2025-10-20 10:43:12,4.13,21400,4.14,D
sz000100,TCL科技,2025-10-20 10:43:15,4.14,21500,4.13,U
sz000100,TCL科技,2025-10-20 10:43:18,4.13,35700,4.14,D
sz000100,TCL科技,2025-10-20 10:43:27,4.13,155700,4.13,D
sz000100,TCL科技,2025-10-20 10:43:30,4.14,20400,4.13,U
sz000100,TCL科技,2025-10-20 10:43:33,4.14,54000,4.14,U
sz000100,TCL科技,2025-10-20 10:43:36,4.14,41200,4.14,U
sz000100,TCL科技,2025-10-20 10:43:42,4.14,46300,4.14,U
sz000100,TCL科技,2025-10-20 10:43:45,4.13,34200,4.14,D
sz000100,TCL科技,2025-10-20 10:43:57,4.14,33000,4.14,U
sz000100,TCL科技,2025-10-20 10:44:18,4.14,30600,4.13,U
sz000100,TCL科技,2025-10-20 10:44:36,4.14,51500,4.14,U
sz000100,TCL科技,2025-10-20 10:44:42,4.14,23200,4.14,U
sz000100,TCL科技,2025-10-20 10:44:54,4.13,32500,4.14,D
sz000100,TCL科技,2025-10-20 10:45:00,4.13,30300,4.14,D
sz000100,TCL科技,2025-10-20 10:45:09,4.13,39400,4.13,D
sz000100,TCL科技,2025-10-20 10:45:21,4.14,21900,4.13,U
sz000100,TCL科技,2025-10-20 10:46:12,4.13,49500,4.14,D
sz000100,TCL科技,2025-10-20 10:46:18,4.14,27200,4.14,U
sz000100,TCL科技,2025-10-20 10:46:45,4.14,50200,4.14,U
sz000100,TCL科技,2025-10-20 10:47:06,4.13,25000,4.13,D
sz000100,TCL科技,2025-10-20 10:47:18,4.14,89900,4.13,U
sz000100,TCL科技,2025-10-20 10:47:21,4.14,165400,4.14,U
sz000100,TCL科技,2025-10-20 10:47:24,4.13,71600,4.14,D
sz000100,TCL科技,2025-10-20 10:47:27,4.13,59100,4.13,D
sz000100,TCL科技,2025-10-20 10:47:30,4.13,20500,4.13,D
sz000100,TCL科技,2025-10-20 10:47:33,4.14,303600,4.13,U
sz000100,TCL科技,2025-10-20 10:47:36,4.14,89200,4.14,U
sz000100,TCL科技,2025-10-20 10:47:39,4.13,60900,4.14,D
sz000100,TCL科技,2025-10-20 10:47:57,4.14,36400,4.13,U
sz000100,TCL科技,2025-10-20 10:48:12,4.14,41700,4.14,U
sz000100,TCL科技,2025-10-20 10:48:18,4.13,137900,4.14,D
sz000100,TCL科技,2025-10-20 10:48:24,4.13,38800,4.14,D
sz000100,TCL科技,2025-10-20 10:48:27,4.13,55300,4.13,D
sz000100,TCL科技,2025-10-20 10:48:30,4.14,96300,4.13,U
sz000100,TCL科技,2025-10-20 10:48:33,4.13,89748,4.14,D
sz000100,TCL科技,2025-10-20 10:49:06,4.13,123200,4.13,D
sz000100,TCL科技,2025-10-20 10:49:09,4.14,29300,4.13,U
sz000100,TCL科技,2025-10-20 10:49:15,4.14,71100,4.13,U
sz000100,TCL科技,2025-10-20 10:49:21,4.13,51500,4.14,D
sz000100,TCL科技,2025-10-20 10:49:27,4.13,25600,4.14,D
sz000100,TCL科技,2025-10-20 10:49:51,4.14,31000,4.13,U
sz000100,TCL科技,2025-10-20 10:50:09,4.14,32100,4.13,U
sz000100,TCL科技,2025-10-20 10:50:45,4.14,33500,4.13,U
sz000100,TCL科技,2025-10-20 10:50:48,4.13,24200,4.14,D
sz000100,TCL科技,2025-10-20 10:51:12,4.14,36400,4.14,U
sz000100,TCL科技,2025-10-20 10:51:42,4.13,252900,4.13,D
sz000100,TCL科技,2025-10-20 10:51:48,4.13,71600,4.14,D
sz000100,TCL科技,2025-10-20 10:51:51,4.13,231600,4.13,D
sz000100,TCL科技,2025-10-20 10:51:54,4.14,62300,4.13,U
sz000100,TCL科技,2025-10-20 10:52:24,4.14,30300,4.13,U
sz000100,TCL科技,2025-10-20 10:52:54,4.13,148300,4.13,D
sz000100,TCL科技,2025-10-20 10:53:00,4.13,41500,4.14,D
sz000100,TCL科技,2025-10-20 10:53:09,4.14,51100,4.13,U
sz000100,TCL科技,2025-10-20 10:53:12,4.13,95000,4.14,D
sz000100,TCL科技,2025-10-20 10:53:15,4.14,465300,4.13,U
sz000100,TCL科技,2025-10-20 10:53:18,4.13,311900,4.14,D
sz000100,TCL科技,2025-10-20 10:53:21,4.13,164700,4.13,D
sz000100,TCL科技,2025-10-20 10:53:24,4.13,428500,4.13,D
sz000100,TCL科技,2025-10-20 10:53:27,4.13,4197012,4.13,D
sz000100,TCL科技,2025-10-20 10:53:30,4.12,649100,4.13,D
sz000100,TCL科技,2025-10-20 10:53:36,4.12,496600,4.12,D
sz000100,TCL科技,2025-10-20 10:53:39,4.13,46400,4.12,U
sz000100,TCL科技,2025-10-20 10:54:54,4.12,24600,4.12,D
sz000100,TCL科技,2025-10-20 10:55:15,4.12,38600,4.13,D
sz000100,TCL科技,2025-10-20 10:55:24,4.12,20800,4.12,D
sz000100,TCL科技,2025-10-20 10:55:45,4.12,21000,4.13,D
sz000100,TCL科技,2025-10-20 10:55:51,4.12,26000,4.13,D
sz000100,TCL科技,2025-10-20 10:55:54,4.13,42300,4.12,U
sz000100,TCL科技,2025-10-20 10:56:00,4.12,170500,4.12,D
sz000100,TCL科技,2025-10-20 10:56:03,4.12,46700,4.12,D
sz000100,TCL科技,2025-10-20 10:56:21,4.13,248400,4.12,U
sz000100,TCL科技,2025-10-20 10:56:30,4.12,68700,4.12,D
sz000100,TCL科技,2025-10-20 10:56:48,4.12,50300,4.12,D
sz000100,TCL科技,2025-10-20 10:57:15,4.13,20100,4.12,U
sz000100,TCL科技,2025-10-20 10:57:42,4.12,30000,4.12,D
sz000100,TCL科技,2025-10-20 10:57:45,4.12,23500,4.12,D
sz000100,TCL科技,2025-10-20 10:58:12,4.12,34900,4.13,D
sz000100,TCL科技,2025-10-20 10:58:39,4.13,38900,4.12,U
sz000100,TCL科技,2025-10-20 10:59:03,4.12,36500,4.12,D
sz000100,TCL科技,2025-10-20 10:59:18,4.13,39100,4.12,U
sz000100,TCL科技,2025-10-20 10:59:21,4.12,21700,4.13,D
sz000100,TCL科技,2025-10-20 10:59:24,4.12,35200,4.12,D
sz000100,TCL科技,2025-10-20 10:59:54,4.12,20900,4.12,D
sz000100,TCL科技,2025-10-20 11:00:15,4.13,36200,4.13,U
sz000100,TCL科技,2025-10-20 11:00:18,4.12,43900,4.13,D
sz000100,TCL科技,2025-10-20 11:00:21,4.13,24300,4.12,U
sz000100,TCL科技,2025-10-20 11:00:27,4.13,35000,4.12,U
sz000100,TCL科技,2025-10-20 11:01:06,4.13,28600,4.12,U
sz000100,TCL科技,2025-10-20 11:01:18,4.12,33100,4.12,D
sz000100,TCL科技,2025-10-20 11:01:30,4.13,24010,4.13,U
sz000100,TCL科技,2025-10-20 11:01:51,4.12,22300,4.12,D
sz000100,TCL科技,2025-10-20 11:01:57,4.13,27800,4.12,U
sz000100,TCL科技,2025-10-20 11:02:33,4.12,30600,4.12,D
sz000100,TCL科技,2025-10-20 11:02:51,4.13,21400,4.12,U
sz000100,TCL科技,2025-10-20 11:03:00,4.12,86700,4.12,D
sz000100,TCL科技,2025-10-20 11:03:03,4.12,60200,4.12,D
sz000100,TCL科技,2025-10-20 11:03:06,4.13,213300,4.12,U
sz000100,TCL科技,2025-10-20 11:03:09,4.12,100000,4.13,D
sz000100,TCL科技,2025-10-20 11:03:42,4.12,25400,4.13,D
sz000100,TCL科技,2025-10-20 11:04:33,4.13,24000,4.13,U
sz000100,TCL科技,2025-10-20 11:04:36,4.12,50500,4.13,D
sz000100,TCL科技,2025-10-20 11:04:42,4.12,26200,4.12,D
sz000100,TCL科技,2025-10-20 11:05:36,4.13,38700,4.13,U
sz000100,TCL科技,2025-10-20 11:05:39,4.12,28900,4.13,D
sz000100,TCL科技,2025-10-20 11:06:03,4.12,38200,4.12,D
sz000100,TCL科技,2025-10-20 11:06:27,4.12,25000,4.12,D
sz000100,TCL科技,2025-10-20 11:06:36,4.12,34600,4.12,D
sz000100,TCL科技,2025-10-20 11:06:42,4.13,22400,4.13,U
sz000100,TCL科技,2025-10-20 11:06:45,4.13,42700,4.13,U
sz000100,TCL科技,2025-10-20 11:06:54,4.12,38700,4.12,D
sz000100,TCL科技,2025-10-20 11:07:06,4.13,285300,4.12,U
sz000100,TCL科技,2025-10-20 11:07:12,4.13,105800,4.13,U
sz000100,TCL科技,2025-10-20 11:07:15,4.13,28200,4.13,U
sz000100,TCL科技,2025-10-20 11:07:21,4.12,25000,4.13,D
sz000100,TCL科技,2025-10-20 11:07:45,4.12,28200,4.13,D
sz000100,TCL科技,2025-10-20 11:07:51,4.13,32600,4.12,U
sz000100,TCL科技,2025-10-20 11:07:54,4.12,35800,4.13,D
sz000100,TCL科技,2025-10-20 11:07:57,4.12,32600,4.12,D
sz000100,TCL科技,2025-10-20 11:08:00,4.13,57700,4.12,U
sz000100,TCL科技,2025-10-20 11:08:12,4.13,39000,4.13,U
sz000100,TCL科技,2025-10-20 11:08:15,4.12,77200,4.13,D
sz000100,TCL科技,2025-10-20 11:08:21,4.12,36200,4.12,D
sz000100,TCL科技,2025-10-20 11:08:39,4.12,186800,4.13,D
sz000100,TCL科技,2025-10-20 11:08:45,4.12,243300,4.12,D
sz000100,TCL科技,2025-10-20 11:08:48,4.12,29200,4.12,D
sz000100,TCL科技,2025-10-20 11:08:51,4.13,49700,4.12,U
sz000100,TCL科技,2025-10-20 11:08:54,4.13,70300,4.13,U
sz000100,TCL科技,2025-10-20 11:09:09,4.13,176800,4.13,U
sz000100,TCL科技,2025-10-20 11:09:15,4.12,92000,4.13,D
sz000100,TCL科技,2025-10-20 11:09:21,4.13,42500,4.12,U
sz000100,TCL科技,2025-10-20 11:09:30,4.12,203300,4.12,D
sz000100,TCL科技,2025-10-20 11:09:33,4.13,20000,4.12,U
sz000100,TCL科技,2025-10-20 11:09:36,4.13,55900,4.13,U
sz000100,TCL科技,2025-10-20 11:09:39,4.12,54400,4.13,D
sz000100,TCL科技,2025-10-20 11:10:03,4.13,33400,4.13,U
sz000100,TCL科技,2025-10-20 11:10:06,4.13,48900,4.13,U
sz000100,TCL科技,2025-10-20 11:10:15,4.12,111300,4.13,D
sz000100,TCL科技,2025-10-20 11:10:18,4.12,40600,4.12,D
sz000100,TCL科技,2025-10-20 11:10:54,4.13,44200,4.12,U
sz000100,TCL科技,2025-10-20 11:11:03,4.13,24800,4.12,U
sz000100,TCL科技,2025-10-20 11:11:42,4.12,37600,4.12,D
sz000100,TCL科技,2025-10-20 11:11:57,4.12,67100,4.13,D
sz000100,TCL科技,2025-10-20 11:12:00,4.12,77700,4.12,D
sz000100,TCL科技,2025-10-20 11:12:03,4.12,52500,4.12,D
sz000100,TCL科技,2025-10-20 11:12:06,4.12,48700,4.12,D
sz000100,TCL科技,2025-10-20 11:12:12,4.12,58100,4.13,D
sz000100,TCL科技,2025-10-20 11:12:21,4.12,25800,4.12,D
sz000100,TCL科技,2025-10-20 11:12:48,4.13,37300,4.12,U
sz000100,TCL科技,2025-10-20 11:13:33,4.13,32500,4.12,U
sz000100,TCL科技,2025-10-20 11:13:57,4.12,36500,4.12,D
sz000100,TCL科技,2025-10-20 11:14:06,4.13,34200,4.12,U
sz000100,TCL科技,2025-10-20 11:14:15,4.12,35300,4.13,D
sz000100,TCL科技,2025-10-20 11:14:21,4.13,51600,4.12,U
sz000100,TCL科技,2025-10-20 11:14:27,4.12,43800,4.13,D
sz000100,TCL科技,2025-10-20 11:14:33,4.12,56400,4.13,D
sz000100,TCL科技,2025-10-20 11:14:36,4.12,365300,4.12,D
sz000100,TCL科技,2025-10-20 11:14:39,4.13,23000,4.12,U
sz000100,TCL科技,2025-10-20 11:14:42,4.12,84100,4.13,D
sz000100,TCL科技,2025-10-20 11:14:45,4.13,33100,4.12,U
sz000100,TCL科技,2025-10-20 11:14:57,4.13,28900,4.12,U
sz000100,TCL科技,2025-10-20 11:15:15,4.12,24900,4.12,D
sz000100,TCL科技,2025-10-20 11:15:18,4.12,22900,4.12,D
sz000100,TCL科技,2025-10-20 11:15:21,4.12,28700,4.12,D
sz000100,TCL科技,2025-10-20 11:15:24,4.12,95200,4.12,D
sz000100,TCL科技,2025-10-20 11:15:27,4.12,44200,4.12,D
sz000100,TCL科技,2025-10-20 11:15:30,4.12,40400,4.12,D
sz000100,TCL科技,2025-10-20 11:15:36,4.12,413900,4.12,D
sz000100,TCL科技,2025-10-20 11:15:39,4.12,3604900,4.12,D
sz000100,TCL科技,2025-10-20 11:15:45,4.12,493800,4.12,U
sz000100,TCL科技,2025-10-20 11:15:48,4.11,592600,4.12,D
sz000100,TCL科技,2025-10-20 11:15:51,4.12,23900,4.11,U
sz000100,TCL科技,2025-10-20 11:15:54,4.12,24300,4.12,U
sz000100,TCL科技,2025-10-20 11:16:12,4.12,21600,4.12,U
sz000100,TCL科技,2025-10-20 11:16:24,4.11,39300,4.12,D
sz000100,TCL科技,2025-10-20 11:16:27,4.11,23700,4.11,D
sz000100,TCL科技,2025-10-20 11:16:30,4.11,54400,4.11,D
sz000100,TCL科技,2025-10-20 11:16:33,4.12,247600,4.11,U
sz000100,TCL科技,2025-10-20 11:16:36,4.12,131800,4.12,U
sz000100,TCL科技,2025-10-20 11:16:39,4.12,94000,4.12,U
sz000100,TCL科技,2025-10-20 11:16:45,4.12,46000,4.12,U
sz000100,TCL科技,2025-10-20 11:16:48,4.11,25800,4.12,D
sz000100,TCL科技,2025-10-20 11:16:51,4.12,46500,4.11,U
sz000100,TCL科技,2025-10-20 11:16:57,4.12,60700,4.11,U
sz000100,TCL科技,2025-10-20 11:17:03,4.12,1117200,4.12,U
sz000100,TCL科技,2025-10-20 11:17:06,4.12,41800,4.12,U
sz000100,TCL科技,2025-10-20 11:17:12,4.12,311700,4.12,U
sz000100,TCL科技,2025-10-20 11:17:15,4.12,176200,4.12,U
sz000100,TCL科技,2025-10-20 11:17:18,4.12,324800,4.12,D
sz000100,TCL科技,2025-10-20 11:17:21,4.12,114200,4.12,D
sz000100,TCL科技,2025-10-20 11:17:24,4.12,89580,4.12,D
sz000100,TCL科技,2025-10-20 11:17:27,4.12,68820,4.12,D
sz000100,TCL科技,2025-10-20 11:17:30,4.12,244500,4.12,U
sz000100,TCL科技,2025-10-20 11:17:36,4.11,53300,4.11,D
sz000100,TCL科技,2025-10-20 11:17:39,4.12,26000,4.11,U
sz000100,TCL科技,2025-10-20 11:17:48,4.12,22800,4.12,U
sz000100,TCL科技,2025-10-20 11:17:54,4.12,31300,4.12,U
sz000100,TCL科技,2025-10-20 11:17:57,4.12,21900,4.12,U
sz000100,TCL科技,2025-10-20 11:18:03,4.12,113800,4.12,U
sz000100,TCL科技,2025-10-20 11:18:09,4.12,72500,4.12,U
sz000100,TCL科技,2025-10-20 11:18:12,4.12,22500,4.12,U
sz000100,TCL科技,2025-10-20 11:18:15,4.11,34500,4.12,D
sz000100,TCL科技,2025-10-20 11:18:18,4.12,86200,4.11,U
sz000100,TCL科技,2025-10-20 11:18:21,4.12,54700,4.12,U
sz000100,TCL科技,2025-10-20 11:18:24,4.12,53200,4.12,U
sz000100,TCL科技,2025-10-20 11:18:30,4.12,31300,4.11,U
sz000100,TCL科技,2025-10-20 11:18:33,4.12,123100,4.12,E
sz000100,TCL科技,2025-10-20 11:18:36,4.12,39800,4.12,D
sz000100,TCL科技,2025-10-20 11:18:42,4.12,67100,4.12,U
sz000100,TCL科技,2025-10-20 11:18:45,4.12,36000,4.12,U
sz000100,TCL科技,2025-10-20 11:18:51,4.12,45500,4.12,D
sz000100,TCL科技,2025-10-20 11:18:57,4.12,42600,4.12,U
sz000100,TCL科技,2025-10-20 11:19:00,4.13,194200,4.12,U
sz000100,TCL科技,2025-10-20 11:19:06,4.12,84500,4.12,D
sz000100,TCL科技,2025-10-20 11:19:09,4.13,96300,4.12,U
sz000100,TCL科技,2025-10-20 11:19:12,4.12,37800,4.13,D
sz000100,TCL科技,2025-10-20 11:19:24,4.13,34000,4.12,U
sz000100,TCL科技,2025-10-20 11:19:54,4.12,20400,4.12,D
sz000100,TCL科技,2025-10-20 11:20:18,4.13,138700,4.12,U
sz000100,TCL科技,2025-10-20 11:20:21,4.12,85000,4.13,D
sz000100,TCL科技,2025-10-20 11:21:18,4.12,27500,4.13,D
sz000100,TCL科技,2025-10-20 11:21:21,4.12,47500,4.12,D
sz000100,TCL科技,2025-10-20 11:21:30,4.12,49100,4.13,D
sz000100,TCL科技,2025-10-20 11:21:48,4.12,27500,4.12,D
sz000100,TCL科技,2025-10-20 11:22:03,4.12,35100,4.12,D
sz000100,TCL科技,2025-10-20 11:23:33,4.13,35300,4.12,U
sz000100,TCL科技,2025-10-20 11:24:12,4.12,40200,4.13,D
sz000100,TCL科技,2025-10-20 11:25:09,4.12,42800,4.12,D
sz000100,TCL科技,2025-10-20 11:25:15,4.12,31300,4.12,D
sz000100,TCL科技,2025-10-20 11:25:33,4.13,28100,4.13,U
sz000100,TCL科技,2025-10-20 11:26:03,4.12,139100,4.12,D
sz000100,TCL科技,2025-10-20 11:26:06,4.13,32100,4.12,U
sz000100,TCL科技,2025-10-20 11:26:09,4.12,81000,4.13,D
sz000100,TCL科技,2025-10-20 11:26:36,4.12,32500,4.12,D
sz000100,TCL科技,2025-10-20 11:27:33,4.12,38500,4.13,D
sz000100,TCL科技,2025-10-20 11:27:45,4.12,24100,4.12,D
sz000100,TCL科技,2025-10-20 11:27:48,4.12,50600,4.12,D
sz000100,TCL科技,2025-10-20 11:27:51,4.13,63400,4.12,U
sz000100,TCL科技,2025-10-20 11:27:54,4.12,23500,4.13,D
sz000100,TCL科技,2025-10-20 11:28:00,4.12,60400,4.12,D
sz000100,TCL科技,2025-10-20 11:28:03,4.12,153800,4.12,D
sz000100,TCL科技,2025-10-20 11:28:06,4.12,43000,4.12,D
sz000100,TCL科技,2025-10-20 11:28:09,4.13,170700,4.12,U
sz000100,TCL科技,2025-10-20 11:28:12,4.12,48800,4.13,D
sz000100,TCL科技,2025-10-20 11:28:18,4.13,41100,4.13,U
sz000100,TCL科技,2025-10-20 11:28:21,4.12,218300,4.13,D
sz000100,TCL科技,2025-10-20 11:28:24,4.12,51700,4.12,D
sz000100,TCL科技,2025-10-20 11:28:27,4.12,72500,4.12,D
sz000100,TCL科技,2025-10-20 11:28:42,4.12,42700,4.13,D
sz000100,TCL科技,2025-10-20 11:28:48,4.12,21400,4.12,D
sz000100,TCL科技,2025-10-20 11:29:00,4.12,48000,4.12,D
sz000100,TCL科技,2025-10-20 11:29:03,4.12,197100,4.12,D
sz000100,TCL科技,2025-10-20 11:29:06,4.12,68300,4.12,D
sz000100,TCL科技,2025-10-20 11:29:09,4.12,119500,4.12,D
sz000100,TCL科技,2025-10-20 11:29:15,4.12,27900,4.12,D
sz000100,TCL科技,2025-10-20 11:29:24,4.12,73400,4.12,D
sz000100,TCL科技,2025-10-20 11:29:30,4.12,27100,4.12,D
sz000100,TCL科技,2025-10-20 11:29:33,4.12,76400,4.12,D
sz000100,TCL科技,2025-10-20 11:29:36,4.12,49900,4.12,D
sz000100,TCL科技,2025-10-20 11:29:42,4.12,120900,4.13,D
sz000100,TCL科技,2025-10-20 11:29:48,4.12,38900,4.12,D
sz000100,TCL科技,2025-10-20 13:00:00,4.13,186500,4.13,U
sz000100,TCL科技,2025-10-20 13:00:03,4.12,937400,4.13,D
sz000100,TCL科技,2025-10-20 13:00:06,4.12,158500,4.12,D
sz000100,TCL科技,2025-10-20 13:00:09,4.12,57100,4.12,D
sz000100,TCL科技,2025-10-20 13:00:15,4.13,28600,4.12,U
sz000100,TCL科技,2025-10-20 13:00:18,4.12,75100,4.13,D
sz000100,TCL科技,2025-10-20 13:00:24,4.12,28300,4.12,D
sz000100,TCL科技,2025-10-20 13:00:27,4.12,67900,4.12,D
sz000100,TCL科技,2025-10-20 13:00:30,4.12,32900,4.12,D
sz000100,TCL科技,2025-10-20 13:00:42,4.12,35500,4.13,D
sz000100,TCL科技,2025-10-20 13:00:48,4.12,29500,4.12,D
sz000100,TCL科技,2025-10-20 13:01:03,4.12,24300,4.13,D
sz000100,TCL科技,2025-10-20 13:01:09,4.12,39100,4.12,D
sz000100,TCL科技,2025-10-20 13:01:18,4.12,32700,4.13,D
sz000100,TCL科技,2025-10-20 13:01:27,4.12,42900,4.13,D
sz000100,TCL科技,2025-10-20 13:01:33,4.12,34100,4.12,D
sz000100,TCL科技,2025-10-20 13:01:39,4.13,20400,4.12,U
sz000100,TCL科技,2025-10-20 13:02:33,4.12,40100,4.12,D
sz000100,TCL科技,2025-10-20 13:02:51,4.13,32300,4.13,U
sz000100,TCL科技,2025-10-20 13:02:54,4.13,21900,4.13,U
sz000100,TCL科技,2025-10-20 13:03:00,4.12,33900,4.12,D
sz000100,TCL科技,2025-10-20 13:03:12,4.13,29400,4.13,U
sz000100,TCL科技,2025-10-20 13:03:30,4.13,37300,4.12,U
sz000100,TCL科技,2025-10-20 13:03:42,4.12,55600,4.13,D
sz000100,TCL科技,2025-10-20 13:04:21,4.12,20300,4.13,D
sz000100,TCL科技,2025-10-20 13:04:27,4.13,56600,4.12,U
sz000100,TCL科技,2025-10-20 13:05:09,4.12,200500,4.12,D
sz000100,TCL科技,2025-10-20 13:05:12,4.12,29100,4.12,D
sz000100,TCL科技,2025-10-20 13:05:27,4.12,61800,4.13,D
sz000100,TCL科技,2025-10-20 13:05:33,4.13,25300,4.12,U
sz000100,TCL科技,2025-10-20 13:06:12,4.13,84400,4.13,U
sz000100,TCL科技,2025-10-20 13:06:36,4.12,26320,4.12,D
sz000100,TCL科技,2025-10-20 13:06:48,4.12,30300,4.12,D
sz000100,TCL科技,2025-10-20 13:07:12,4.13,68900,4.13,U
sz000100,TCL科技,2025-10-20 13:08:00,4.12,26800,4.12,D
sz000100,TCL科技,2025-10-20 13:08:03,4.12,80100,4.12,D
sz000100,TCL科技,2025-10-20 13:08:09,4.13,30800,4.12,U
sz000100,TCL科技,2025-10-20 13:08:33,4.12,251800,4.13,D
sz000100,TCL科技,2025-10-20 13:08:45,4.12,297300,4.13,D
sz000100,TCL科技,2025-10-20 13:08:51,4.12,337200,4.12,D
sz000100,TCL科技,2025-10-20 13:09:03,4.12,64800,4.13,D
sz000100,TCL科技,2025-10-20 13:09:09,4.12,23400,4.12,D
sz000100,TCL科技,2025-10-20 13:09:12,4.12,31200,4.12,D
sz000100,TCL科技,2025-10-20 13:09:45,4.12,242500,4.12,D
sz000100,TCL科技,2025-10-20 13:10:03,4.13,21300,4.13,U
sz000100,TCL科技,2025-10-20 13:10:06,4.12,64000,4.13,D
sz000100,TCL科技,2025-10-20 13:10:24,4.13,30900,4.12,U
sz000100,TCL科技,2025-10-20 13:10:57,4.12,24200,4.12,D
sz000100,TCL科技,2025-10-20 13:11:51,4.12,35800,4.12,D
sz000100,TCL科技,2025-10-20 13:11:54,4.12,66200,4.12,D
sz000100,TCL科技,2025-10-20 13:12:03,4.11,2291710,4.13,D
sz000100,TCL科技,2025-10-20 13:12:06,4.11,29200,4.11,D
sz000100,TCL科技,2025-10-20 13:12:21,4.11,20600,4.12,D
sz000100,TCL科技,2025-10-20 13:13:09,4.11,58600,4.11,D
sz000100,TCL科技,2025-10-20 13:13:18,4.11,34000,4.12,D
sz000100,TCL科技,2025-10-20 13:13:45,4.11,20400,4.11,D
sz000100,TCL科技,2025-10-20 13:14:15,4.11,20600,4.12,D
sz000100,TCL科技,2025-10-20 13:14:30,4.12,153700,4.12,U
sz000100,TCL科技,2025-10-20 13:14:54,4.12,58100,4.11,U
sz000100,TCL科技,2025-10-20 13:15:48,4.11,25500,4.11,D
sz000100,TCL科技,2025-10-20 13:17:00,4.12,96600,4.11,U
sz000100,TCL科技,2025-10-20 13:17:06,4.12,55400,4.11,U
sz000100,TCL科技,2025-10-20 13:17:42,4.11,113300,4.11,D
sz000100,TCL科技,2025-10-20 13:17:54,4.11,23400,4.12,D
sz000100,TCL科技,2025-10-20 13:18:03,4.12,23900,4.11,U
sz000100,TCL科技,2025-10-20 13:18:09,4.11,30600,4.11,D
sz000100,TCL科技,2025-10-20 13:18:12,4.12,33400,4.11,U
sz000100,TCL科技,2025-10-20 13:18:24,4.11,32100,4.11,D
sz000100,TCL科技,2025-10-20 13:18:33,4.12,35100,4.12,U
sz000100,TCL科技,2025-10-20 13:19:00,4.12,40400,4.12,U
sz000100,TCL科技,2025-10-20 13:19:06,4.12,34900,4.12,U
sz000100,TCL科技,2025-10-20 13:19:18,4.12,32800,4.11,U
sz000100,TCL科技,2025-10-20 13:19:21,4.11,22200,4.12,D
sz000100,TCL科技,2025-10-20 13:19:39,4.12,36000,4.12,U
sz000100,TCL科技,2025-10-20 13:19:42,4.11,20000,4.12,D
sz000100,TCL科技,2025-10-20 13:19:54,4.12,66000,4.11,U
sz000100,TCL科技,2025-10-20 13:20:09,4.12,36600,4.11,U
sz000100,TCL科技,2025-10-20 13:20:12,4.11,106400,4.12,D
sz000100,TCL科技,2025-10-20 13:20:42,4.12,22500,4.12,U
sz000100,TCL科技,2025-10-20 13:20:57,4.11,55000,4.12,D
sz000100,TCL科技,2025-10-20 13:21:03,4.11,35600,4.12,D
sz000100,TCL科技,2025-10-20 13:21:09,4.12,41300,4.12,U
sz000100,TCL科技,2025-10-20 13:21:12,4.12,41300,4.12,U
sz000100,TCL科技,2025-10-20 13:21:18,4.11,31800,4.12,D
sz000100,TCL科技,2025-10-20 13:21:21,4.11,29700,4.11,D
sz000100,TCL科技,2025-10-20 13:21:24,4.12,33100,4.11,U
sz000100,TCL科技,2025-10-20 13:21:33,4.12,41900,4.12,U
sz000100,TCL科技,2025-10-20 13:21:36,4.11,95800,4.12,D
sz000100,TCL科技,2025-10-20 13:21:39,4.12,54400,4.11,U
sz000100,TCL科技,2025-10-20 13:21:42,4.12,100100,4.12,U
sz000100,TCL科技,2025-10-20 13:21:51,4.11,38900,4.12,D
sz000100,TCL科技,2025-10-20 13:22:06,4.11,47500,4.11,D
sz000100,TCL科技,2025-10-20 13:22:27,4.11,20200,4.12,D
sz000100,TCL科技,2025-10-20 13:22:30,4.12,270500,4.11,U
sz000100,TCL科技,2025-10-20 13:22:33,4.12,165700,4.12,U
sz000100,TCL科技,2025-10-20 13:22:36,4.11,33500,4.12,D
sz000100,TCL科技,2025-10-20 13:22:39,4.12,32900,4.11,U
sz000100,TCL科技,2025-10-20 13:22:42,4.12,34900,4.12,U
sz000100,TCL科技,2025-10-20 13:22:45,4.11,38700,4.12,D
sz000100,TCL科技,2025-10-20 13:22:48,4.11,30900,4.11,D
sz000100,TCL科技,2025-10-20 13:22:51,4.12,172200,4.11,U
sz000100,TCL科技,2025-10-20 13:22:54,4.12,71400,4.12,U
sz000100,TCL科技,2025-10-20 13:23:15,4.11,53700,4.12,D
sz000100,TCL科技,2025-10-20 13:23:39,4.12,41700,4.11,U
sz000100,TCL科技,2025-10-20 13:23:42,4.12,45400,4.12,U
sz000100,TCL科技,2025-10-20 13:24:00,4.12,21000,4.12,U
sz000100,TCL科技,2025-10-20 13:25:06,4.12,73600,4.11,U
sz000100,TCL科技,2025-10-20 13:25:12,4.11,41800,4.11,D
sz000100,TCL科技,2025-10-20 13:25:51,4.11,29700,4.11,D
sz000100,TCL科技,2025-10-20 13:25:57,4.12,34700,4.12,U
sz000100,TCL科技,2025-10-20 13:26:03,4.12,65900,4.12,U
sz000100,TCL科技,2025-10-20 13:26:09,4.12,33900,4.12,U
sz000100,TCL科技,2025-10-20 13:26:15,4.11,311000,4.12,D
sz000100,TCL科技,2025-10-20 13:28:03,4.11,42600,4.11,D
sz000100,TCL科技,2025-10-20 13:28:06,4.11,52900,4.11,D
sz000100,TCL科技,2025-10-20 13:28:09,4.11,21000,4.11,D
sz000100,TCL科技,2025-10-20 13:28:21,4.11,50200,4.12,D
sz000100,TCL科技,2025-10-20 13:28:27,4.12,59000,4.12,U
sz000100,TCL科技,2025-10-20 13:28:30,4.12,56200,4.12,U
sz000100,TCL科技,2025-10-20 13:28:54,4.11,20400,4.11,D
sz000100,TCL科技,2025-10-20 13:28:57,4.12,25900,4.11,U
sz000100,TCL科技,2025-10-20 13:29:00,4.12,49700,4.12,U
sz000100,TCL科技,2025-10-20 13:29:12,4.12,22000,4.11,U
sz000100,TCL科技,2025-10-20 13:29:27,4.12,28000,4.11,U
sz000100,TCL科技,2025-10-20 13:29:36,4.12,22000,4.11,U
sz000100,TCL科技,2025-10-20 13:30:03,4.11,23300,4.12,D
sz000100,TCL科技,2025-10-20 13:30:09,4.11,127400,4.12,D
sz000100,TCL科技,2025-10-20 13:31:54,4.11,47600,4.11,D
sz000100,TCL科技,2025-10-20 13:32:00,4.11,20100,4.12,D
sz000100,TCL科技,2025-10-20 13:32:33,4.12,24800,4.12,U
sz000100,TCL科技,2025-10-20 13:32:54,4.11,55500,4.11,D
sz000100,TCL科技,2025-10-20 13:33:00,4.12,39400,4.12,U
sz000100,TCL科技,2025-10-20 13:33:03,4.12,52600,4.12,U
sz000100,TCL科技,2025-10-20 13:33:06,4.11,39800,4.12,D
sz000100,TCL科技,2025-10-20 13:33:09,4.11,659000,4.11,D
sz000100,TCL科技,2025-10-20 13:33:12,4.11,189600,4.11,D
sz000100,TCL科技,2025-10-20 13:33:15,4.11,200500,4.11,D
sz000100,TCL科技,2025-10-20 13:33:18,4.11,26800,4.11,D
sz000100,TCL科技,2025-10-20 13:33:21,4.11,1704400,4.11,D
sz000100,TCL科技,2025-10-20 13:33:24,4.11,1591300,4.11,D
sz000100,TCL科技,2025-10-20 13:33:27,4.11,245900,4.11,D
sz000100,TCL科技,2025-10-20 13:33:30,4.12,454700,4.11,U
sz000100,TCL科技,2025-10-20 13:33:33,4.12,1747100,4.12,U
sz000100,TCL科技,2025-10-20 13:33:36,4.11,770300,4.12,D
sz000100,TCL科技,2025-10-20 13:33:39,4.11,864650,4.11,D
sz000100,TCL科技,2025-10-20 13:33:42,4.1,59900,4.11,D
sz000100,TCL科技,2025-10-20 13:33:45,4.11,37400,4.1,U
sz000100,TCL科技,2025-10-20 13:33:48,4.11,34300,4.11,U
sz000100,TCL科技,2025-10-20 13:33:54,4.11,108800,4.11,U
sz000100,TCL科技,2025-10-20 13:34:00,4.1,45000,4.11,D
sz000100,TCL科技,2025-10-20 13:34:06,4.11,35200,4.11,U
sz000100,TCL科技,2025-10-20 13:34:09,4.11,23500,4.11,U
sz000100,TCL科技,2025-10-20 13:34:12,4.11,23500,4.11,U
sz000100,TCL科技,2025-10-20 13:34:36,4.1,30900,4.1,D
sz000100,TCL科技,2025-10-20 13:34:57,4.11,40300,4.11,U
sz000100,TCL科技,2025-10-20 13:35:00,4.11,128400,4.11,U
sz000100,TCL科技,2025-10-20 13:35:03,4.11,132700,4.11,U
sz000100,TCL科技,2025-10-20 13:35:06,4.11,1575620,4.11,U
sz000100,TCL科技,2025-10-20 13:35:09,4.11,172200,4.11,D
sz000100,TCL科技,2025-10-20 13:35:12,4.12,28900,4.11,U
sz000100,TCL科技,2025-10-20 13:35:15,4.11,36000,4.12,D
sz000100,TCL科技,2025-10-20 13:35:51,4.11,41100,4.12,D
sz000100,TCL科技,2025-10-20 13:35:57,4.12,32700,4.11,U
sz000100,TCL科技,2025-10-20 13:36:00,4.11,30000,4.12,D
sz000100,TCL科技,2025-10-20 13:36:09,4.12,68900,4.12,U
sz000100,TCL科技,2025-10-20 13:36:42,4.12,22000,4.11,U
sz000100,TCL科技,2025-10-20 13:37:33,4.12,29400,4.12,U
sz000100,TCL科技,2025-10-20 13:37:36,4.11,24000,4.12,D
sz000100,TCL科技,2025-10-20 13:37:48,4.11,22900,4.12,D
sz000100,TCL科技,2025-10-20 13:37:54,4.11,32800,4.11,D
sz000100,TCL科技,2025-10-20 13:38:12,4.12,40300,4.12,U
sz000100,TCL科技,2025-10-20 13:39:18,4.12,25900,4.11,U
sz000100,TCL科技,2025-10-20 13:39:27,4.11,32900,4.11,D
sz000100,TCL科技,2025-10-20 13:40:15,4.12,322200,4.12,U
sz000100,TCL科技,2025-10-20 13:40:21,4.12,56500,4.11,U
sz000100,TCL科技,2025-10-20 13:40:48,4.12,30700,4.11,U
sz000100,TCL科技,2025-10-20 13:41:12,4.12,20100,4.11,U
sz000100,TCL科技,2025-10-20 13:41:21,4.11,39800,4.11,D
sz000100,TCL科技,2025-10-20 13:41:24,4.12,200000,4.11,U
sz000100,TCL科技,2025-10-20 13:41:27,4.11,39000,4.12,D
sz000100,TCL科技,2025-10-20 13:41:30,4.11,31400,4.11,D
sz000100,TCL科技,2025-10-20 13:41:39,4.12,200200,4.11,U
sz000100,TCL科技,2025-10-20 13:42:06,4.11,85900,4.11,D
sz000100,TCL科技,2025-10-20 13:42:27,4.11,39000,4.11,D
sz000100,TCL科技,2025-10-20 13:42:48,4.11,21200,4.12,D
sz000100,TCL科技,2025-10-20 13:43:03,4.11,42000,4.12,D
sz000100,TCL科技,2025-10-20 13:43:06,4.11,44100,4.11,D
sz000100,TCL科技,2025-10-20 13:43:12,4.12,33300,4.12,U
sz000100,TCL科技,2025-10-20 13:43:45,4.12,68300,4.12,U
sz000100,TCL科技,2025-10-20 13:43:54,4.11,46600,4.11,D
sz000100,TCL科技,2025-10-20 13:43:57,4.12,30300,4.11,U
sz000100,TCL科技,2025-10-20 13:44:00,4.11,403500,4.12,D
sz000100,TCL科技,2025-10-20 13:44:03,4.12,111700,4.11,U
sz000100,TCL科技,2025-10-20 13:44:06,4.11,43400,4.12,D
sz000100,TCL科技,2025-10-20 13:44:21,4.11,201300,4.12,D
sz000100,TCL科技,2025-10-20 13:44:39,4.11,31000,4.12,D
sz000100,TCL科技,2025-10-20 13:44:42,4.11,20800,4.11,D
sz000100,TCL科技,2025-10-20 13:44:54,4.11,83900,4.12,D
sz000100,TCL科技,2025-10-20 13:44:57,4.11,40000,4.11,D
sz000100,TCL科技,2025-10-20 13:45:36,4.12,30000,4.11,U
sz000100,TCL科技,2025-10-20 13:45:57,4.11,32600,4.12,D
sz000100,TCL科技,2025-10-20 13:46:06,4.11,27300,4.11,D
sz000100,TCL科技,2025-10-20 13:46:09,4.11,31200,4.11,D
sz000100,TCL科技,2025-10-20 13:46:12,4.11,34800,4.11,D
sz000100,TCL科技,2025-10-20 13:46:18,4.11,65100,4.11,D
sz000100,TCL科技,2025-10-20 13:46:21,4.12,56900,4.11,U
sz000100,TCL科技,2025-10-20 13:46:33,4.11,30800,4.11,D
sz000100,TCL科技,2025-10-20 13:46:45,4.12,102300,4.11,U
sz000100,TCL科技,2025-10-20 13:47:03,4.11,34210,4.11,D
sz000100,TCL科技,2025-10-20 13:47:06,4.11,41900,4.11,D
sz000100,TCL科技,2025-10-20 13:47:48,4.12,41900,4.12,U
sz000100,TCL科技,2025-10-20 13:47:51,4.12,34700,4.12,U
sz000100,TCL科技,2025-10-20 13:48:06,4.11,58900,4.12,D
sz000100,TCL科技,2025-10-20 13:48:09,4.11,22500,4.11,D
sz000100,TCL科技,2025-10-20 13:48:12,4.12,34200,4.11,U
sz000100,TCL科技,2025-10-20 13:48:18,4.12,36900,4.12,U
sz000100,TCL科技,2025-10-20 13:48:27,4.11,109300,4.12,D
sz000100,TCL科技,2025-10-20 13:48:42,4.11,30700,4.11,D
sz000100,TCL科技,2025-10-20 13:49:24,4.11,26600,4.11,D
sz000100,TCL科技,2025-10-20 13:49:27,4.12,93300,4.11,U
sz000100,TCL科技,2025-10-20 13:49:39,4.12,45400,4.12,U
sz000100,TCL科技,2025-10-20 13:50:12,4.11,31900,4.12,D
sz000100,TCL科技,2025-10-20 13:50:15,4.11,84000,4.11,D
sz000100,TCL科技,2025-10-20 13:50:33,4.12,29300,4.11,U
sz000100,TCL科技,2025-10-20 13:50:45,4.11,23200,4.12,D
sz000100,TCL科技,2025-10-20 13:51:15,4.11,33800,4.12,D
sz000100,TCL科技,2025-10-20 13:51:21,4.11,93800,4.12,D
sz000100,TCL科技,2025-10-20 13:51:33,4.12,33500,4.11,U
sz000100,TCL科技,2025-10-20 13:51:48,4.11,192000,4.12,D
sz000100,TCL科技,2025-10-20 13:52:03,4.12,128100,4.11,U
sz000100,TCL科技,2025-10-20 13:52:06,4.11,36800,4.12,D
sz000100,TCL科技,2025-10-20 13:52:12,4.12,29200,4.11,U
sz000100,TCL科技,2025-10-20 13:52:27,4.11,35500,4.12,D
sz000100,TCL科技,2025-10-20 13:52:42,4.12,25800,4.12,U
sz000100,TCL科技,2025-10-20 13:52:51,4.11,55900,4.12,D
sz000100,TCL科技,2025-10-20 13:52:57,4.11,20300,4.12,D
sz000100,TCL科技,2025-10-20 13:53:03,4.12,49000,4.12,U
sz000100,TCL科技,2025-10-20 13:53:09,4.11,50500,4.11,D
sz000100,TCL科技,2025-10-20 13:53:12,4.11,35700,4.11,D
sz000100,TCL科技,2025-10-20 13:53:15,4.11,30800,4.11,D
sz000100,TCL科技,2025-10-20 13:54:00,4.12,32000,4.11,U
sz000100,TCL科技,2025-10-20 13:54:03,4.12,43100,4.12,U
sz000100,TCL科技,2025-10-20 13:54:15,4.12,31500,4.12,U
sz000100,TCL科技,2025-10-20 13:54:33,4.12,30900,4.12,U
sz000100,TCL科技,2025-10-20 13:54:36,4.11,48900,4.12,D
sz000100,TCL科技,2025-10-20 13:54:39,4.12,43500,4.11,U
sz000100,TCL科技,2025-10-20 13:55:06,4.11,33100,4.12,D
sz000100,TCL科技,2025-10-20 13:55:12,4.12,57500,4.11,U
sz000100,TCL科技,2025-10-20 13:55:27,4.11,35100,4.12,D
sz000100,TCL科技,2025-10-20 13:55:33,4.12,56700,4.12,U
sz000100,TCL科技,2025-10-20 13:55:45,4.11,31100,4.12,D
sz000100,TCL科技,2025-10-20 13:55:51,4.11,23300,4.12,D
sz000100,TCL科技,2025-10-20 13:56:09,4.12,160900,4.11,U
sz000100,TCL科技,2025-10-20 13:56:36,4.12,22700,4.11,U
sz000100,TCL科技,2025-10-20 13:57:57,4.12,34200,4.11,U
sz000100,TCL科技,2025-10-20 13:58:12,4.12,20500,4.11,U
sz000100,TCL科技,2025-10-20 13:58:24,4.11,80500,4.12,D
sz000100,TCL科技,2025-10-20 13:58:51,4.12,23900,4.11,U
sz000100,TCL科技,2025-10-20 13:59:09,4.12,31600,4.12,U
sz000100,TCL科技,2025-10-20 13:59:12,4.12,30710,4.12,U
sz000100,TCL科技,2025-10-20 13:59:15,4.12,40100,4.12,U
sz000100,TCL科技,2025-10-20 13:59:18,4.12,41700,4.12,U
sz000100,TCL科技,2025-10-20 13:59:30,4.11,79800,4.11,D
sz000100,TCL科技,2025-10-20 13:59:45,4.11,35700,4.12,D
sz000100,TCL科技,2025-10-20 13:59:48,4.11,37600,4.11,D
sz000100,TCL科技,2025-10-20 13:59:57,4.12,52300,4.11,U
sz000100,TCL科技,2025-10-20 14:00:03,4.12,27500,4.11,U
sz000100,TCL科技,2025-10-20 14:00:27,4.11,24400,4.11,D
sz000100,TCL科技,2025-10-20 14:00:45,4.11,32600,4.11,D
sz000100,TCL科技,2025-10-20 14:00:51,4.12,27400,4.11,U
sz000100,TCL科技,2025-10-20 14:01:09,4.11,30700,4.12,D
sz000100,TCL科技,2025-10-20 14:01:15,4.12,58600,4.12,U
sz000100,TCL科技,2025-10-20 14:01:18,4.11,35600,4.12,D
sz000100,TCL科技,2025-10-20 14:01:21,4.11,43900,4.11,D
sz000100,TCL科技,2025-10-20 14:01:24,4.11,103300,4.11,D
sz000100,TCL科技,2025-10-20 14:01:33,4.12,21500,4.12,U
sz000100,TCL科技,2025-10-20 14:01:39,4.11,1500400,4.11,D
sz000100,TCL科技,2025-10-20 14:01:42,4.11,73700,4.11,D
sz000100,TCL科技,2025-10-20 14:01:45,4.11,32700,4.11,D
sz000100,TCL科技,2025-10-20 14:01:48,4.11,23800,4.11,D
sz000100,TCL科技,2025-10-20 14:01:51,4.11,23700,4.11,D
sz000100,TCL科技,2025-10-20 14:01:54,4.12,21000,4.11,U
sz000100,TCL科技,2025-10-20 14:02:03,4.12,32600,4.12,U
sz000100,TCL科技,2025-10-20 14:02:09,4.12,30100,4.11,U
sz000100,TCL科技,2025-10-20 14:02:18,4.11,33100,4.12,D
sz000100,TCL科技,2025-10-20 14:02:45,4.12,50400,4.11,U
sz000100,TCL科技,2025-10-20 14:02:48,4.11,25000,4.12,D
sz000100,TCL科技,2025-10-20 14:02:54,4.12,158500,4.12,U
sz000100,TCL科技,2025-10-20 14:03:24,4.11,42400,4.12,D
sz000100,TCL科技,2025-10-20 14:03:42,4.12,29300,4.11,U
sz000100,TCL科技,2025-10-20 14:03:45,4.11,20200,4.12,D
sz000100,TCL科技,2025-10-20 14:04:12,4.11,31000,4.11,D
sz000100,TCL科技,2025-10-20 14:04:15,4.11,34800,4.11,D
sz000100,TCL科技,2025-10-20 14:04:21,4.11,38700,4.11,D
sz000100,TCL科技,2025-10-20 14:04:48,4.11,20100,4.11,D
sz000100,TCL科技,2025-10-20 14:04:51,4.11,28300,4.11,D
sz000100,TCL科技,2025-10-20 14:04:54,4.11,35000,4.11,D
sz000100,TCL科技,2025-10-20 14:05:36,4.11,22100,4.12,D
sz000100,TCL科技,2025-10-20 14:05:45,4.11,51700,4.11,D
sz000100,TCL科技,2025-10-20 14:05:48,4.12,21200,4.11,U
sz000100,TCL科技,2025-10-20 14:05:57,4.12,74600,4.11,U
sz000100,TCL科技,2025-10-20 14:06:39,4.11,40600,4.11,D
sz000100,TCL科技,2025-10-20 14:06:48,4.12,23600,4.11,U
sz000100,TCL科技,2025-10-20 14:07:09,4.11,40900,4.11,D
sz000100,TCL科技,2025-10-20 14:07:12,4.11,28900,4.11,D
sz000100,TCL科技,2025-10-20 14:07:15,4.11,20500,4.11,D
sz000100,TCL科技,2025-10-20 14:07:39,4.11,31930,4.12,D
sz000100,TCL科技,2025-10-20 14:07:51,4.12,26600,4.12,U
sz000100,TCL科技,2025-10-20 14:08:06,4.12,166400,4.12,U
sz000100,TCL科技,2025-10-20 14:08:12,4.12,20100,4.12,U
sz000100,TCL科技,2025-10-20 14:08:24,4.11,47700,4.12,D
sz000100,TCL科技,2025-10-20 14:08:33,4.11,20900,4.12,D
sz000100,TCL科技,2025-10-20 14:08:39,4.11,44400,4.11,D
sz000100,TCL科技,2025-10-20 14:09:30,4.11,54900,4.11,D
sz000100,TCL科技,2025-10-20 14:09:51,4.11,32600,4.11,D
sz000100,TCL科技,2025-10-20 14:09:57,4.11,47000,4.12,D
sz000100,TCL科技,2025-10-20 14:10:00,4.12,112000,4.11,U
sz000100,TCL科技,2025-10-20 14:10:27,4.11,30600,4.12,D
sz000100,TCL科技,2025-10-20 14:10:30,4.12,35800,4.11,U
sz000100,TCL科技,2025-10-20 14:10:33,4.11,105400,4.12,D
sz000100,TCL科技,2025-10-20 14:10:39,4.11,285300,4.11,D
sz000100,TCL科技,2025-10-20 14:10:57,4.12,28500,4.11,U
sz000100,TCL科技,2025-10-20 14:11:18,4.11,29500,4.11,D
sz000100,TCL科技,2025-10-20 14:11:21,4.11,37900,4.11,D
sz000100,TCL科技,2025-10-20 14:11:24,4.11,28100,4.11,D
sz000100,TCL科技,2025-10-20 14:11:45,4.11,37500,4.11,D
sz000100,TCL科技,2025-10-20 14:12:03,4.11,39400,4.12,D
sz000100,TCL科技,2025-10-20 14:12:21,4.12,27300,4.11,U
sz000100,TCL科技,2025-10-20 14:12:24,4.11,21100,4.12,D
sz000100,TCL科技,2025-10-20 14:12:27,4.11,135700,4.11,D
sz000100,TCL科技,2025-10-20 14:12:33,4.11,35400,4.11,D
sz000100,TCL科技,2025-10-20 14:12:36,4.11,30800,4.11,D
sz000100,TCL科技,2025-10-20 14:12:39,4.11,59410,4.11,D
sz000100,TCL科技,2025-10-20 14:12:42,4.11,48900,4.11,D
sz000100,TCL科技,2025-10-20 14:12:45,4.11,52400,4.11,D
sz000100,TCL科技,2025-10-20 14:12:48,4.12,34800,4.11,U
sz000100,TCL科技,2025-10-20 14:12:51,4.11,29100,4.12,D
sz000100,TCL科技,2025-10-20 14:13:00,4.11,37100,4.11,D
sz000100,TCL科技,2025-10-20 14:13:03,4.11,68500,4.11,D
sz000100,TCL科技,2025-10-20 14:13:06,4.11,1796100,4.11,D
sz000100,TCL科技,2025-10-20 14:13:09,4.11,421900,4.11,D
sz000100,TCL科技,2025-10-20 14:13:12,4.11,94000,4.11,D
sz000100,TCL科技,2025-10-20 14:13:15,4.11,141900,4.11,D
sz000100,TCL科技,2025-10-20 14:13:18,4.11,26200,4.11,D
sz000100,TCL科技,2025-10-20 14:13:30,4.12,43300,4.11,U
sz000100,TCL科技,2025-10-20 14:13:33,4.11,35100,4.12,D
sz000100,TCL科技,2025-10-20 14:13:36,4.11,92600,4.11,D
sz000100,TCL科技,2025-10-20 14:13:39,4.11,33600,4.11,D
sz000100,TCL科技,2025-10-20 14:13:54,4.11,279800,4.12,D
sz000100,TCL科技,2025-10-20 14:14:06,4.12,63900,4.11,U
sz000100,TCL科技,2025-10-20 14:14:12,4.11,156800,4.12,D
sz000100,TCL科技,2025-10-20 14:14:15,4.11,20600,4.11,D
sz000100,TCL科技,2025-10-20 14:14:18,4.11,36400,4.11,D
sz000100,TCL科技,2025-10-20 14:14:24,4.12,42800,4.12,U
sz000100,TCL科技,2025-10-20 14:14:27,4.11,54400,4.12,D
sz000100,TCL科技,2025-10-20 14:14:30,4.12,74500,4.11,U
sz000100,TCL科技,2025-10-20 14:14:36,4.12,26400,4.12,U
sz000100,TCL科技,2025-10-20 14:14:42,4.11,70200,4.12,D
sz000100,TCL科技,2025-10-20 14:14:51,4.12,21100,4.12,U
sz000100,TCL科技,2025-10-20 14:14:54,4.11,135600,4.12,D
sz000100,TCL科技,2025-10-20 14:14:57,4.12,33600,4.11,U
sz000100,TCL科技,2025-10-20 14:15:03,4.12,44300,4.12,U
sz000100,TCL科技,2025-10-20 14:15:27,4.11,213100,4.11,D
sz000100,TCL科技,2025-10-20 14:15:30,4.12,81200,4.11,U
sz000100,TCL科技,2025-10-20 14:15:33,4.11,25820,4.12,D
sz000100,TCL科技,2025-10-20 14:15:45,4.11,29900,4.11,D
sz000100,TCL科技,2025-10-20 14:15:54,4.11,38300,4.11,D
sz000100,TCL科技,2025-10-20 14:16:00,4.11,195300,4.12,D
sz000100,TCL科技,2025-10-20 14:16:03,4.12,29300,4.11,U
sz000100,TCL科技,2025-10-20 14:16:06,4.11,164800,4.12,D
sz000100,TCL科技,2025-10-20 14:16:12,4.11,52200,4.11,D
sz000100,TCL科技,2025-10-20 14:16:15,4.11,25200,4.11,D
sz000100,TCL科技,2025-10-20 14:16:21,4.11,115500,4.11,D
sz000100,TCL科技,2025-10-20 14:16:27,4.11,67100,4.11,D
sz000100,TCL科技,2025-10-20 14:16:30,4.1,97800,4.11,D
sz000100,TCL科技,2025-10-20 14:16:51,4.1,118900,4.1,D
sz000100,TCL科技,2025-10-20 14:16:54,4.11,40200,4.1,U
sz000100,TCL科技,2025-10-20 14:17:06,4.11,30000,4.11,U
sz000100,TCL科技,2025-10-20 14:17:21,4.11,112000,4.11,U
sz000100,TCL科技,2025-10-20 14:17:27,4.11,60900,4.11,U
sz000100,TCL科技,2025-10-20 14:17:33,4.11,30400,4.11,U
sz000100,TCL科技,2025-10-20 14:17:36,4.11,23100,4.11,U
sz000100,TCL科技,2025-10-20 14:17:42,4.1,45900,4.11,D
sz000100,TCL科技,2025-10-20 14:17:48,4.1,21100,4.11,D
sz000100,TCL科技,2025-10-20 14:17:51,4.11,34900,4.1,U
sz000100,TCL科技,2025-10-20 14:17:57,4.11,20100,4.1,U
sz000100,TCL科技,2025-10-20 14:18:18,4.11,37100,4.11,U
sz000100,TCL科技,2025-10-20 14:18:24,4.11,27800,4.11,U
sz000100,TCL科技,2025-10-20 14:18:45,4.1,55400,4.11,D
sz000100,TCL科技,2025-10-20 14:18:54,4.1,21800,4.1,D
sz000100,TCL科技,2025-10-20 14:19:18,4.1,45000,4.11,D
sz000100,TCL科技,2025-10-20 14:19:33,4.1,148400,4.11,D
sz000100,TCL科技,2025-10-20 14:19:36,4.11,24600,4.1,U
sz000100,TCL科技,2025-10-20 14:19:45,4.11,37700,4.11,U
sz000100,TCL科技,2025-10-20 14:19:48,4.11,24700,4.11,U
sz000100,TCL科技,2025-10-20 14:19:51,4.11,43300,4.11,U
sz000100,TCL科技,2025-10-20 14:19:57,4.11,49700,4.1,U
sz000100,TCL科技,2025-10-20 14:20:33,4.11,37800,4.11,U
sz000100,TCL科技,2025-10-20 14:20:45,4.1,21200,4.11,D
sz000100,TCL科技,2025-10-20 14:20:51,4.1,23900,4.11,D
sz000100,TCL科技,2025-10-20 14:21:00,4.1,456000,4.11,D
sz000100,TCL科技,2025-10-20 14:21:12,4.11,85500,4.11,U
sz000100,TCL科技,2025-10-20 14:21:15,4.1,27500,4.11,D
sz000100,TCL科技,2025-10-20 14:21:33,4.11,28600,4.1,U
sz000100,TCL科技,2025-10-20 14:21:42,4.1,619800,4.11,D
sz000100,TCL科技,2025-10-20 14:21:45,4.1,68700,4.1,D
sz000100,TCL科技,2025-10-20 14:21:48,4.1,654700,4.1,D
sz000100,TCL科技,2025-10-20 14:21:54,4.1,28600,4.1,D
sz000100,TCL科技,2025-10-20 14:22:00,4.11,30200,4.11,U
sz000100,TCL科技,2025-10-20 14:22:24,4.11,39100,4.11,U
sz000100,TCL科技,2025-10-20 14:22:39,4.11,59100,4.11,U
sz000100,TCL科技,2025-10-20 14:23:09,4.11,355600,4.11,U
sz000100,TCL科技,2025-10-20 14:23:12,4.11,57700,4.11,U
sz000100,TCL科技,2025-10-20 14:23:15,4.1,43900,4.11,D
sz000100,TCL科技,2025-10-20 14:23:18,4.11,68100,4.1,U
sz000100,TCL科技,2025-10-20 14:23:24,4.11,41400,4.11,U
sz000100,TCL科技,2025-10-20 14:23:30,4.11,56000,4.11,U
sz000100,TCL科技,2025-10-20 14:23:36,4.11,154900,4.11,U
sz000100,TCL科技,2025-10-20 14:23:39,4.11,21120,4.11,U
sz000100,TCL科技,2025-10-20 14:23:42,4.11,26200,4.11,U
sz000100,TCL科技,2025-10-20 14:23:45,4.11,28200,4.11,U
sz000100,TCL科技,2025-10-20 14:23:48,4.11,28000,4.11,U
sz000100,TCL科技,2025-10-20 14:23:51,4.11,40300,4.11,U
sz000100,TCL科技,2025-10-20 14:23:57,4.11,49700,4.11,U
sz000100,TCL科技,2025-10-20 14:24:00,4.11,29300,4.11,U
sz000100,TCL科技,2025-10-20 14:24:09,4.1,23000,4.11,D
sz000100,TCL科技,2025-10-20 14:24:15,4.11,48000,4.11,U
sz000100,TCL科技,2025-10-20 14:24:18,4.11,41400,4.11,U
sz000100,TCL科技,2025-10-20 14:24:27,4.11,38500,4.11,U
sz000100,TCL科技,2025-10-20 14:24:57,4.11,29700,4.11,U
sz000100,TCL科技,2025-10-20 14:25:03,4.11,299560,4.11,U
sz000100,TCL科技,2025-10-20 14:25:12,4.11,28600,4.11,U
sz000100,TCL科技,2025-10-20 14:25:15,4.11,20700,4.11,U
sz000100,TCL科技,2025-10-20 14:25:24,4.11,22900,4.11,U
sz000100,TCL科技,2025-10-20 14:25:27,4.11,31100,4.11,U
sz000100,TCL科技,2025-10-20 14:25:30,4.11,56300,4.11,U
sz000100,TCL科技,2025-10-20 14:25:42,4.11,317400,4.1,U
sz000100,TCL科技,2025-10-20 14:25:45,4.11,88600,4.11,U
sz000100,TCL科技,2025-10-20 14:25:48,4.11,38200,4.11,U
sz000100,TCL科技,2025-10-20 14:25:51,4.11,61700,4.11,U
sz000100,TCL科技,2025-10-20 14:25:54,4.11,126800,4.11,U
sz000100,TCL科技,2025-10-20 14:26:00,4.1,77400,4.11,D
sz000100,TCL科技,2025-10-20 14:26:03,4.11,119200,4.1,U
sz000100,TCL科技,2025-10-20 14:26:06,4.11,20500,4.11,U
sz000100,TCL科技,2025-10-20 14:26:09,4.11,145210,4.11,U
sz000100,TCL科技,2025-10-20 14:26:12,4.11,21100,4.11,D
sz000100,TCL科技,2025-10-20 14:26:21,4.11,32100,4.12,D
sz000100,TCL科技,2025-10-20 14:26:54,4.11,38900,4.12,D
sz000100,TCL科技,2025-10-20 14:27:24,4.11,83600,4.11,D
sz000100,TCL科技,2025-10-20 14:27:36,4.11,20300,4.12,D
sz000100,TCL科技,2025-10-20 14:27:51,4.12,34500,4.11,U
sz000100,TCL科技,2025-10-20 14:28:00,4.11,51400,4.11,D
sz000100,TCL科技,2025-10-20 14:28:27,4.12,32500,4.12,U
sz000100,TCL科技,2025-10-20 14:28:30,4.11,33700,4.12,D
sz000100,TCL科技,2025-10-20 14:28:36,4.11,58400,4.12,D
sz000100,TCL科技,2025-10-20 14:28:45,4.12,33800,4.12,U
sz000100,TCL科技,2025-10-20 14:28:48,4.11,28300,4.12,D
sz000100,TCL科技,2025-10-20 14:28:57,4.11,42700,4.11,D
sz000100,TCL科技,2025-10-20 14:29:21,4.12,38300,4.11,U
sz000100,TCL科技,2025-10-20 14:29:27,4.11,24200,4.11,D
sz000100,TCL科技,2025-10-20 14:29:30,4.11,21900,4.11,D
sz000100,TCL科技,2025-10-20 14:29:39,4.11,34500,4.12,D
sz000100,TCL科技,2025-10-20 14:29:42,4.11,22100,4.11,D
sz000100,TCL科技,2025-10-20 14:29:54,4.11,24700,4.12,D
sz000100,TCL科技,2025-10-20 14:30:00,4.11,22900,4.12,D
sz000100,TCL科技,2025-10-20 14:30:18,4.11,73200,4.12,D
sz000100,TCL科技,2025-10-20 14:30:21,4.11,86400,4.11,D
sz000100,TCL科技,2025-10-20 14:30:27,4.11,25100,4.11,D
sz000100,TCL科技,2025-10-20 14:30:42,4.12,57000,4.12,U
sz000100,TCL科技,2025-10-20 14:31:00,4.11,70900,4.11,D
sz000100,TCL科技,2025-10-20 14:31:06,4.11,214900,4.11,D
sz000100,TCL科技,2025-10-20 14:31:09,4.12,55000,4.11,U
sz000100,TCL科技,2025-10-20 14:31:18,4.11,37100,4.12,D
sz000100,TCL科技,2025-10-20 14:31:21,4.11,22100,4.11,D
sz000100,TCL科技,2025-10-20 14:31:27,4.12,1658084,4.11,U
sz000100,TCL科技,2025-10-20 14:31:30,4.11,298200,4.12,D
sz000100,TCL科技,2025-10-20 14:31:33,4.12,83700,4.11,U
sz000100,TCL科技,2025-10-20 14:31:39,4.11,25600,4.12,D
sz000100,TCL科技,2025-10-20 14:31:42,4.11,35600,4.11,D
sz000100,TCL科技,2025-10-20 14:31:54,4.11,145000,4.12,D
sz000100,TCL科技,2025-10-20 14:31:57,4.11,29700,4.11,D
sz000100,TCL科技,2025-10-20 14:32:18,4.11,20200,4.12,D
sz000100,TCL科技,2025-10-20 14:32:21,4.11,40200,4.11,D
sz000100,TCL科技,2025-10-20 14:32:27,4.11,61200,4.11,D
sz000100,TCL科技,2025-10-20 14:32:30,4.11,35600,4.11,D
sz000100,TCL科技,2025-10-20 14:32:42,4.11,56000,4.11,D
sz000100,TCL科技,2025-10-20 14:32:45,4.12,32000,4.11,U
sz000100,TCL科技,2025-10-20 14:32:57,4.12,75800,4.11,U
sz000100,TCL科技,2025-10-20 14:33:03,4.12,54391,4.12,U
sz000100,TCL科技,2025-10-20 14:33:12,4.11,22300,4.11,D
sz000100,TCL科技,2025-10-20 14:33:18,4.11,47900,4.11,D
sz000100,TCL科技,2025-10-20 14:33:21,4.11,29300,4.11,D
sz000100,TCL科技,2025-10-20 14:33:48,4.12,25100,4.12,U
sz000100,TCL科技,2025-10-20 14:34:00,4.12,31000,4.11,U
sz000100,TCL科技,2025-10-20 14:34:06,4.11,181100,4.12,D
sz000100,TCL科技,2025-10-20 14:34:09,4.12,36400,4.11,U
sz000100,TCL科技,2025-10-20 14:34:18,4.11,20100,4.12,D
sz000100,TCL科技,2025-10-20 14:34:27,4.12,35000,4.11,U
sz000100,TCL科技,2025-10-20 14:34:39,4.11,42500,4.11,D
sz000100,TCL科技,2025-10-20 14:34:51,4.11,74200,4.11,D
sz000100,TCL科技,2025-10-20 14:35:15,4.11,23000,4.11,D
sz000100,TCL科技,2025-10-20 14:35:18,4.11,25600,4.11,D
sz000100,TCL科技,2025-10-20 14:35:21,4.11,126600,4.11,D
sz000100,TCL科技,2025-10-20 14:35:45,4.11,698579,4.11,D
sz000100,TCL科技,2025-10-20 14:35:48,4.11,20400,4.11,U
sz000100,TCL科技,2025-10-20 14:36:03,4.1,96500,4.11,D
sz000100,TCL科技,2025-10-20 14:36:18,4.11,26900,4.11,U
sz000100,TCL科技,2025-10-20 14:36:24,4.11,25000,4.11,U
sz000100,TCL科技,2025-10-20 14:36:27,4.1,73000,4.11,D
sz000100,TCL科技,2025-10-20 14:36:33,4.1,27500,4.1,D
sz000100,TCL科技,2025-10-20 14:36:36,4.11,44700,4.1,U
sz000100,TCL科技,2025-10-20 14:36:39,4.11,31000,4.11,U
sz000100,TCL科技,2025-10-20 14:36:48,4.11,143200,4.11,U
sz000100,TCL科技,2025-10-20 14:36:51,4.1,37100,4.11,D
sz000100,TCL科技,2025-10-20 14:36:54,4.11,21900,4.1,U
sz000100,TCL科技,2025-10-20 14:37:03,4.11,193000,4.11,U
sz000100,TCL科技,2025-10-20 14:37:06,4.11,72000,4.11,U
sz000100,TCL科技,2025-10-20 14:37:24,4.11,20200,4.11,U
sz000100,TCL科技,2025-10-20 14:37:33,4.11,35100,4.11,U
sz000100,TCL科技,2025-10-20 14:37:39,4.11,25400,4.11,U
sz000100,TCL科技,2025-10-20 14:38:03,4.11,32800,4.11,U
sz000100,TCL科技,2025-10-20 14:38:12,4.11,35000,4.11,U
sz000100,TCL科技,2025-10-20 14:38:18,4.11,35500,4.11,U
sz000100,TCL科技,2025-10-20 14:38:24,4.11,20600,4.11,U
sz000100,TCL科技,2025-10-20 14:38:33,4.11,48400,4.11,U
sz000100,TCL科技,2025-10-20 14:38:39,4.11,687782,4.11,U
sz000100,TCL科技,2025-10-20 14:38:42,4.11,113800,4.11,D
sz000100,TCL科技,2025-10-20 14:38:54,4.11,28900,4.12,D
sz000100,TCL科技,2025-10-20 14:39:09,4.11,64000,4.11,D
sz000100,TCL科技,2025-10-20 14:39:30,4.11,23700,4.11,D
sz000100,TCL科技,2025-10-20 14:40:00,4.11,42200,4.11,D
sz000100,TCL科技,2025-10-20 14:40:03,4.11,30100,4.11,D
sz000100,TCL科技,2025-10-20 14:40:18,4.11,57200,4.12,D
sz000100,TCL科技,2025-10-20 14:40:36,4.11,27400,4.12,D
sz000100,TCL科技,2025-10-20 14:40:42,4.11,51500,4.12,D
sz000100,TCL科技,2025-10-20 14:40:57,4.12,39800,4.11,U
sz000100,TCL科技,2025-10-20 14:41:27,4.12,22600,4.11,U
sz000100,TCL科技,2025-10-20 14:41:33,4.11,42000,4.11,D
sz000100,TCL科技,2025-10-20 14:41:42,4.12,35400,4.11,U
sz000100,TCL科技,2025-10-20 14:41:45,4.11,31300,4.12,D
sz000100,TCL科技,2025-10-20 14:41:51,4.11,30000,4.12,D
sz000100,TCL科技,2025-10-20 14:42:00,4.11,30800,4.12,D
sz000100,TCL科技,2025-10-20 14:42:15,4.12,41600,4.11,U
sz000100,TCL科技,2025-10-20 14:42:18,4.12,29300,4.12,U
sz000100,TCL科技,2025-10-20 14:42:42,4.12,20900,4.12,U
sz000100,TCL科技,2025-10-20 14:42:48,4.11,32000,4.12,D
sz000100,TCL科技,2025-10-20 14:43:03,4.11,30500,4.12,D
sz000100,TCL科技,2025-10-20 14:43:09,4.12,32800,4.11,U
sz000100,TCL科技,2025-10-20 14:43:24,4.11,26100,4.12,D
sz000100,TCL科技,2025-10-20 14:43:27,4.12,36210,4.11,U
sz000100,TCL科技,2025-10-20 14:44:09,4.11,20200,4.12,D
sz000100,TCL科技,2025-10-20 14:44:15,4.11,38800,4.12,D
sz000100,TCL科技,2025-10-20 14:44:24,4.11,31800,4.11,D
sz000100,TCL科技,2025-10-20 14:44:42,4.12,48100,4.12,U
sz000100,TCL科技,2025-10-20 14:44:51,4.11,41100,4.12,D
sz000100,TCL科技,2025-10-20 14:44:57,4.11,79600,4.12,D
sz000100,TCL科技,2025-10-20 14:45:00,4.12,20000,4.11,U
sz000100,TCL科技,2025-10-20 14:45:03,4.12,38600,4.12,U
sz000100,TCL科技,2025-10-20 14:45:09,4.11,46600,4.12,D
sz000100,TCL科技,2025-10-20 14:45:33,4.11,25900,4.12,D
sz000100,TCL科技,2025-10-20 14:45:39,4.11,41300,4.11,D
sz000100,TCL科技,2025-10-20 14:45:57,4.11,51600,4.11,D
sz000100,TCL科技,2025-10-20 14:46:09,4.12,29400,4.12,U
sz000100,TCL科技,2025-10-20 14:46:12,4.12,54200,4.12,U
sz000100,TCL科技,2025-10-20 14:46:15,4.12,55400,4.12,U
sz000100,TCL科技,2025-10-20 14:46:42,4.11,61030,4.12,D
sz000100,TCL科技,2025-10-20 14:46:51,4.11,43700,4.12,D
sz000100,TCL科技,2025-10-20 14:46:57,4.12,33700,4.12,U
sz000100,TCL科技,2025-10-20 14:47:06,4.12,20881,4.11,U
sz000100,TCL科技,2025-10-20 14:47:18,4.11,26580,4.12,D
sz000100,TCL科技,2025-10-20 14:47:30,4.12,28200,4.12,U
sz000100,TCL科技,2025-10-20 14:47:42,4.12,84100,4.12,U
sz000100,TCL科技,2025-10-20 14:47:57,4.11,80300,4.12,D
sz000100,TCL科技,2025-10-20 14:48:00,4.12,126400,4.11,U
sz000100,TCL科技,2025-10-20 14:48:03,4.11,51100,4.12,D
sz000100,TCL科技,2025-10-20 14:48:15,4.11,39000,4.11,D
sz000100,TCL科技,2025-10-20 14:48:36,4.12,48000,4.12,U
sz000100,TCL科技,2025-10-20 14:48:39,4.11,47600,4.12,D
sz000100,TCL科技,2025-10-20 14:48:54,4.12,137600,4.12,U
sz000100,TCL科技,2025-10-20 14:49:03,4.12,26400,4.12,U
sz000100,TCL科技,2025-10-20 14:49:09,4.12,24900,4.12,U
sz000100,TCL科技,2025-10-20 14:49:15,4.12,28300,4.12,U
sz000100,TCL科技,2025-10-20 14:49:21,4.12,27100,4.12,U
sz000100,TCL科技,2025-10-20 14:49:30,4.12,23900,4.12,U
sz000100,TCL科技,2025-10-20 14:49:36,4.11,21500,4.11,D
sz000100,TCL科技,2025-10-20 14:49:57,4.12,21600,4.12,U
sz000100,TCL科技,2025-10-20 14:50:00,4.11,39600,4.12,D
sz000100,TCL科技,2025-10-20 14:50:06,4.12,38500,4.11,U
sz000100,TCL科技,2025-10-20 14:50:12,4.12,33700,4.12,U
sz000100,TCL科技,2025-10-20 14:50:15,4.11,190300,4.12,D
sz000100,TCL科技,2025-10-20 14:50:21,4.12,86200,4.11,U
sz000100,TCL科技,2025-10-20 14:50:33,4.12,20900,4.11,U
sz000100,TCL科技,2025-10-20 14:50:36,4.12,21400,4.12,U
sz000100,TCL科技,2025-10-20 14:50:39,4.11,27700,4.12,D
sz000100,TCL科技,2025-10-20 14:50:42,4.11,24400,4.11,D
sz000100,TCL科技,2025-10-20 14:50:57,4.12,26400,4.12,U
sz000100,TCL科技,2025-10-20 14:51:03,4.11,274600,4.12,D
sz000100,TCL科技,2025-10-20 14:51:12,4.12,43800,4.12,U
sz000100,TCL科技,2025-10-20 14:51:15,4.12,265200,4.12,U
sz000100,TCL科技,2025-10-20 14:51:18,4.11,62600,4.12,D
sz000100,TCL科技,2025-10-20 14:51:33,4.12,110200,4.12,U
sz000100,TCL科技,2025-10-20 14:51:57,4.12,29100,4.12,U
sz000100,TCL科技,2025-10-20 14:52:00,4.12,75800,4.12,U
sz000100,TCL科技,2025-10-20 14:52:21,4.12,75070,4.12,U
sz000100,TCL科技,2025-10-20 14:52:36,4.12,34400,4.12,U
sz000100,TCL科技,2025-10-20 14:52:42,4.12,20400,4.12,U
sz000100,TCL科技,2025-10-20 14:52:51,4.11,70100,4.12,D
sz000100,TCL科技,2025-10-20 14:53:00,4.12,54900,4.12,U
sz000100,TCL科技,2025-10-20 14:53:03,4.12,680900,4.12,U
sz000100,TCL科技,2025-10-20 14:53:06,4.12,90900,4.12,U
sz000100,TCL科技,2025-10-20 14:53:09,4.12,122900,4.12,U
sz000100,TCL科技,2025-10-20 14:53:12,4.12,87200,4.12,U
sz000100,TCL科技,2025-10-20 14:53:15,4.12,46900,4.12,U
sz000100,TCL科技,2025-10-20 14:53:18,4.12,29100,4.12,U
sz000100,TCL科技,2025-10-20 14:53:21,4.12,20900,4.12,U
sz000100,TCL科技,2025-10-20 14:53:30,4.12,46100,4.12,U
sz000100,TCL科技,2025-10-20 14:53:33,4.11,38000,4.12,D
sz000100,TCL科技,2025-10-20 14:53:36,4.12,255700,4.11,U
sz000100,TCL科技,2025-10-20 14:53:45,4.11,57500,4.12,D
sz000100,TCL科技,2025-10-20 14:53:54,4.11,64200,4.11,D
sz000100,TCL科技,2025-10-20 14:53:57,4.11,75700,4.11,D
sz000100,TCL科技,2025-10-20 14:54:00,4.12,53500,4.11,U
sz000100,TCL科技,2025-10-20 14:54:03,4.12,162800,4.12,U
sz000100,TCL科技,2025-10-20 14:54:06,4.11,552000,4.12,D
sz000100,TCL科技,2025-10-20 14:54:09,4.11,21700,4.11,D
sz000100,TCL科技,2025-10-20 14:54:15,4.12,87300,4.11,U
sz000100,TCL科技,2025-10-20 14:54:24,4.12,31200,4.12,U
sz000100,TCL科技,2025-10-20 14:54:27,4.12,67100,4.12,U
sz000100,TCL科技,2025-10-20 14:54:36,4.11,62500,4.12,D
sz000100,TCL科技,2025-10-20 14:54:48,4.12,333700,4.12,U
sz000100,TCL科技,2025-10-20 14:54:51,4.11,120300,4.12,D
sz000100,TCL科技,2025-10-20 14:55:00,4.11,54400,4.12,D
sz000100,TCL科技,2025-10-20 14:55:03,4.11,43500,4.11,D
sz000100,TCL科技,2025-10-20 14:55:06,4.12,222500,4.11,U
sz000100,TCL科技,2025-10-20 14:55:09,4.12,43800,4.12,U
sz000100,TCL科技,2025-10-20 14:55:12,4.12,29400,4.12,U
sz000100,TCL科技,2025-10-20 14:55:15,4.12,163400,4.12,U
sz000100,TCL科技,2025-10-20 14:55:18,4.11,24100,4.12,D
sz000100,TCL科技,2025-10-20 14:55:24,4.12,27700,4.12,U
sz000100,TCL科技,2025-10-20 14:55:30,4.11,68800,4.12,D
sz000100,TCL科技,2025-10-20 14:55:33,4.12,838100,4.11,U
sz000100,TCL科技,2025-10-20 14:55:36,4.12,68200,4.12,U
sz000100,TCL科技,2025-10-20 14:55:39,4.12,38300,4.12,U
sz000100,TCL科技,2025-10-20 14:55:45,4.12,40200,4.12,U
sz000100,TCL科技,2025-10-20 14:55:48,4.12,56900,4.12,U
sz000100,TCL科技,2025-10-20 14:55:51,4.11,43500,4.12,D
sz000100,TCL科技,2025-10-20 14:56:00,4.11,33100,4.12,D
sz000100,TCL科技,2025-10-20 14:56:03,4.12,42300,4.11,U
sz000100,TCL科技,2025-10-20 14:56:06,4.12,1726800,4.12,U
sz000100,TCL科技,2025-10-20 14:56:09,4.12,167900,4.12,U
sz000100,TCL科技,2025-10-20 14:56:12,4.11,220900,4.12,D
sz000100,TCL科技,2025-10-20 14:56:15,4.12,49800,4.11,U
sz000100,TCL科技,2025-10-20 14:56:18,4.12,159900,4.12,U
sz000100,TCL科技,2025-10-20 14:56:21,4.11,25600,4.12,D
sz000100,TCL科技,2025-10-20 14:56:24,4.12,122600,4.11,U
sz000100,TCL科技,2025-10-20 14:56:27,4.12,81400,4.12,U
sz000100,TCL科技,2025-10-20 14:56:30,4.12,60000,4.12,U
sz000100,TCL科技,2025-10-20 14:56:33,4.12,51300,4.12,U
sz000100,TCL科技,2025-10-20 14:56:36,4.12,89200,4.12,U
sz000100,TCL科技,2025-10-20 14:56:39,4.12,505400,4.12,U
sz000100,TCL科技,2025-10-20 14:56:42,4.12,85600,4.12,U
sz000100,TCL科技,2025-10-20 14:56:45,4.12,74000,4.12,U
sz000100,TCL科技,2025-10-20 14:56:48,4.12,36400,4.12,U
sz000100,TCL科技,2025-10-20 14:56:51,4.12,46600,4.12,U
sz000100,TCL科技,2025-10-20 14:56:54,4.12,115100,4.12,U
sz000100,TCL科技,2025-10-20 14:56:57,4.12,51400,4.12,U
sz000100,TCL科技,2025-10-20 14:57:00,4.12,170200,4.12,D
sz000100,TCL科技,2025-10-20 15:00:00,4.12,2360969,4.12,D
