symbol,name,ticktime,price,volume,prev_price,kind
sz000100,TCL科技,2025-09-26 09:25:00,4.45,1965600,0.0,D
sz000100,TCL科技,2025-09-26 09:30:00,4.44,297500,4.45,D
sz000100,TCL科技,2025-09-26 09:30:03,4.44,1398000,4.44,D
sz000100,TCL科技,2025-09-26 09:30:06,4.44,435000,4.44,D
sz000100,TCL科技,2025-09-26 09:30:09,4.44,307900,4.44,D
sz000100,TCL科技,2025-09-26 09:30:12,4.44,159100,4.44,U
sz000100,TCL科技,2025-09-26 09:30:15,4.43,35800,4.44,D
sz000100,TCL科技,2025-09-26 09:30:18,4.44,388300,4.43,U
sz000100,TCL科技,2025-09-26 09:30:21,4.43,190500,4.44,D
sz000100,TCL科技,2025-09-26 09:30:24,4.44,211900,4.43,U
sz000100,TCL科技,2025-09-26 09:30:27,4.43,66520,4.44,D
sz000100,TCL科技,2025-09-26 09:30:30,4.44,158100,4.43,U
sz000100,TCL科技,2025-09-26 09:30:33,4.44,39800,4.44,U
sz000100,TCL科技,2025-09-26 09:30:36,4.44,139600,4.44,U
sz000100,TCL科技,2025-09-26 09:30:39,4.44,185600,4.44,U
sz000100,TCL科技,2025-09-26 09:30:42,4.44,262700,4.44,U
sz000100,TCL科技,2025-09-26 09:30:45,4.44,74400,4.44,U
sz000100,TCL科技,2025-09-26 09:30:48,4.43,109500,4.44,D
sz000100,TCL科技,2025-09-26 09:30:51,4.43,76500,4.43,D
sz000100,TCL科技,2025-09-26 09:30:54,4.43,46600,4.43,D
sz000100,TCL科技,2025-09-26 09:30:57,4.44,56200,4.43,U
sz000100,TCL科技,2025-09-26 09:31:00,4.44,33200,4.44,U
sz000100,TCL科技,2025-09-26 09:31:03,4.44,67200,4.44,U
sz000100,TCL科技,2025-09-26 09:31:06,4.44,47000,4.44,U
sz000100,TCL科技,2025-09-26 09:31:09,4.44,70400,4.44,U
sz000100,TCL科技,2025-09-26 09:31:12,4.44,41300,4.44,U
sz000100,TCL科技,2025-09-26 09:31:15,4.44,85000,4.44,U
sz000100,TCL科技,2025-09-26 09:31:18,4.44,56700,4.44,U
sz000100,TCL科技,2025-09-26 09:31:21,4.44,153400,4.44,U
sz000100,TCL科技,2025-09-26 09:31:24,4.44,69300,4.44,U
sz000100,TCL科技,2025-09-26 09:31:27,4.44,65600,4.44,U
sz000100,TCL科技,2025-09-26 09:31:30,4.44,36700,4.44,U
sz000100,TCL科技,2025-09-26 09:31:33,4.44,52600,4.44,U
sz000100,TCL科技,2025-09-26 09:31:36,4.43,115400,4.44,D
sz000100,TCL科技,2025-09-26 09:31:39,4.44,165100,4.43,U
sz000100,TCL科技,2025-09-26 09:31:51,4.43,323600,4.43,D
sz000100,TCL科技,2025-09-26 09:31:54,4.43,51300,4.43,D
sz000100,TCL科技,2025-09-26 09:31:57,4.44,82000,4.43,U
sz000100,TCL科技,2025-09-26 09:32:00,4.43,51900,4.44,D
sz000100,TCL科技,2025-09-26 09:32:03,4.43,25700,4.43,D
sz000100,TCL科技,2025-09-26 09:32:06,4.43,109800,4.43,D
sz000100,TCL科技,2025-09-26 09:32:09,4.43,96100,4.43,D
sz000100,TCL科技,2025-09-26 09:32:12,4.43,31900,4.43,D
sz000100,TCL科技,2025-09-26 09:32:15,4.43,2109780,4.43,D
sz000100,TCL科技,2025-09-26 09:32:18,4.43,345200,4.43,U
sz000100,TCL科技,2025-09-26 09:32:21,4.42,64900,4.43,D
sz000100,TCL科技,2025-09-26 09:32:24,4.43,116500,4.42,U
sz000100,TCL科技,2025-09-26 09:32:27,4.43,76200,4.43,U
sz000100,TCL科技,2025-09-26 09:32:30,4.42,152500,4.43,D
sz000100,TCL科技,2025-09-26 09:32:33,4.43,41400,4.42,U
sz000100,TCL科技,2025-09-26 09:32:36,4.42,72000,4.43,D
sz000100,TCL科技,2025-09-26 09:32:39,4.42,225000,4.42,D
sz000100,TCL科技,2025-09-26 09:32:42,4.42,61600,4.42,D
sz000100,TCL科技,2025-09-26 09:32:45,4.42,75500,4.42,D
sz000100,TCL科技,2025-09-26 09:32:48,4.43,176500,4.42,U
sz000100,TCL科技,2025-09-26 09:32:51,4.43,68300,4.43,U
sz000100,TCL科技,2025-09-26 09:32:54,4.42,123600,4.43,D
sz000100,TCL科技,2025-09-26 09:33:00,4.43,331000,4.42,U
sz000100,TCL科技,2025-09-26 09:33:03,4.43,81300,4.43,U
sz000100,TCL科技,2025-09-26 09:33:06,4.43,112500,4.43,U
sz000100,TCL科技,2025-09-26 09:33:09,4.43,161700,4.43,U
sz000100,TCL科技,2025-09-26 09:33:12,4.43,234200,4.43,U
sz000100,TCL科技,2025-09-26 09:33:15,4.42,63600,4.43,D
sz000100,TCL科技,2025-09-26 09:33:18,4.43,101200,4.42,U
sz000100,TCL科技,2025-09-26 09:33:21,4.42,27600,4.43,D
sz000100,TCL科技,2025-09-26 09:33:24,4.43,131900,4.42,U
sz000100,TCL科技,2025-09-26 09:33:27,4.43,134200,4.43,U
sz000100,TCL科技,2025-09-26 09:33:33,4.43,104800,4.43,U
sz000100,TCL科技,2025-09-26 09:33:36,4.43,42800,4.43,U
sz000100,TCL科技,2025-09-26 09:33:39,4.42,69500,4.43,D
sz000100,TCL科技,2025-09-26 09:33:45,4.42,54700,4.42,D
sz000100,TCL科技,2025-09-26 09:33:48,4.43,27800,4.42,U
sz000100,TCL科技,2025-09-26 09:33:54,4.43,99900,4.43,U
sz000100,TCL科技,2025-09-26 09:33:57,4.43,40800,4.43,U
sz000100,TCL科技,2025-09-26 09:34:00,4.42,56400,4.43,D
sz000100,TCL科技,2025-09-26 09:34:06,4.43,105400,4.43,U
sz000100,TCL科技,2025-09-26 09:34:12,4.42,30000,4.43,D
sz000100,TCL科技,2025-09-26 09:34:15,4.42,24100,4.42,D
sz000100,TCL科技,2025-09-26 09:34:18,4.43,54400,4.42,U
sz000100,TCL科技,2025-09-26 09:34:21,4.42,24400,4.43,D
sz000100,TCL科技,2025-09-26 09:34:24,4.43,74000,4.42,U
sz000100,TCL科技,2025-09-26 09:34:27,4.43,118500,4.43,U
sz000100,TCL科技,2025-09-26 09:34:30,4.43,69400,4.43,U
sz000100,TCL科技,2025-09-26 09:34:33,4.43,131200,4.43,U
sz000100,TCL科技,2025-09-26 09:34:36,4.43,210800,4.43,U
sz000100,TCL科技,2025-09-26 09:34:39,4.43,148730,4.43,U
sz000100,TCL科技,2025-09-26 09:34:42,4.44,1029900,4.43,U
sz000100,TCL科技,2025-09-26 09:34:45,4.42,806300,4.44,D
sz000100,TCL科技,2025-09-26 09:34:48,4.43,180000,4.42,U
sz000100,TCL科技,2025-09-26 09:34:51,4.42,4292170,4.43,D
sz000100,TCL科技,2025-09-26 09:34:54,4.42,245600,4.42,U
sz000100,TCL科技,2025-09-26 09:34:57,4.42,184700,4.42,U
sz000100,TCL科技,2025-09-26 09:35:00,4.41,218500,4.42,D
sz000100,TCL科技,2025-09-26 09:35:03,4.42,104200,4.41,U
sz000100,TCL科技,2025-09-26 09:35:06,4.42,50400,4.42,U
sz000100,TCL科技,2025-09-26 09:35:09,4.41,50900,4.42,D
sz000100,TCL科技,2025-09-26 09:35:12,4.42,160200,4.41,U
sz000100,TCL科技,2025-09-26 09:35:15,4.42,69900,4.42,U
sz000100,TCL科技,2025-09-26 09:35:18,4.41,103800,4.42,D
sz000100,TCL科技,2025-09-26 09:35:21,4.42,101000,4.41,U
sz000100,TCL科技,2025-09-26 09:35:24,4.42,28800,4.42,U
sz000100,TCL科技,2025-09-26 09:35:27,4.42,67700,4.42,U
sz000100,TCL科技,2025-09-26 09:35:30,4.41,26000,4.42,D
sz000100,TCL科技,2025-09-26 09:35:33,4.41,188200,4.41,D
sz000100,TCL科技,2025-09-26 09:35:36,4.42,222700,4.41,U
sz000100,TCL科技,2025-09-26 09:35:39,4.41,4709000,4.42,D
sz000100,TCL科技,2025-09-26 09:35:42,4.41,184900,4.41,U
sz000100,TCL科技,2025-09-26 09:35:45,4.41,52100,4.41,U
sz000100,TCL科技,2025-09-26 09:35:48,4.4,47000,4.41,D
sz000100,TCL科技,2025-09-26 09:35:51,4.41,181500,4.4,U
sz000100,TCL科技,2025-09-26 09:35:54,4.4,115400,4.41,D
sz000100,TCL科技,2025-09-26 09:35:57,4.41,53000,4.4,U
sz000100,TCL科技,2025-09-26 09:36:00,4.41,59500,4.41,U
sz000100,TCL科技,2025-09-26 09:36:03,4.41,96800,4.41,U
sz000100,TCL科技,2025-09-26 09:36:06,4.4,40500,4.41,D
sz000100,TCL科技,2025-09-26 09:36:09,4.41,23600,4.4,U
sz000100,TCL科技,2025-09-26 09:36:12,4.4,88500,4.41,D
sz000100,TCL科技,2025-09-26 09:36:15,4.4,93000,4.4,D
sz000100,TCL科技,2025-09-26 09:36:18,4.4,42800,4.4,D
sz000100,TCL科技,2025-09-26 09:36:21,4.4,86300,4.4,D
sz000100,TCL科技,2025-09-26 09:36:30,4.41,58300,4.41,U
sz000100,TCL科技,2025-09-26 09:36:33,4.41,142600,4.41,U
sz000100,TCL科技,2025-09-26 09:36:36,4.4,115200,4.41,D
sz000100,TCL科技,2025-09-26 09:36:39,4.41,57300,4.4,U
sz000100,TCL科技,2025-09-26 09:36:42,4.41,196000,4.41,U
sz000100,TCL科技,2025-09-26 09:36:45,4.41,240900,4.41,U
sz000100,TCL科技,2025-09-26 09:36:48,4.4,136500,4.41,D
sz000100,TCL科技,2025-09-26 09:36:51,4.41,78400,4.4,U
sz000100,TCL科技,2025-09-26 09:36:54,4.4,172000,4.41,D
sz000100,TCL科技,2025-09-26 09:36:57,4.41,905500,4.4,U
sz000100,TCL科技,2025-09-26 09:37:00,4.41,50100,4.41,D
sz000100,TCL科技,2025-09-26 09:37:03,4.41,44700,4.41,D
sz000100,TCL科技,2025-09-26 09:37:06,4.41,1176100,4.41,D
sz000100,TCL科技,2025-09-26 09:37:09,4.41,197400,4.41,U
sz000100,TCL科技,2025-09-26 09:37:12,4.41,154800,4.41,U
sz000100,TCL科技,2025-09-26 09:37:15,4.41,135400,4.41,U
sz000100,TCL科技,2025-09-26 09:37:18,4.41,463500,4.41,D
sz000100,TCL科技,2025-09-26 09:37:21,4.41,31400,4.41,D
sz000100,TCL科技,2025-09-26 09:37:24,4.41,37700,4.41,D
sz000100,TCL科技,2025-09-26 09:37:27,4.42,33600,4.41,U
sz000100,TCL科技,2025-09-26 09:37:33,4.41,33500,4.41,D
sz000100,TCL科技,2025-09-26 09:37:42,4.42,46840,4.41,U
sz000100,TCL科技,2025-09-26 09:37:48,4.42,20500,4.41,U
sz000100,TCL科技,2025-09-26 09:37:57,4.41,148800,4.42,D
sz000100,TCL科技,2025-09-26 09:38:03,4.41,227100,4.41,D
sz000100,TCL科技,2025-09-26 09:38:06,4.41,590600,4.41,D
sz000100,TCL科技,2025-09-26 09:38:09,4.41,130500,4.41,D
sz000100,TCL科技,2025-09-26 09:38:12,4.41,60100,4.41,D
sz000100,TCL科技,2025-09-26 09:38:15,4.41,150200,4.41,D
sz000100,TCL科技,2025-09-26 09:38:18,4.41,34600,4.41,D
sz000100,TCL科技,2025-09-26 09:38:21,4.41,22700,4.41,D
sz000100,TCL科技,2025-09-26 09:38:24,4.41,69000,4.41,D
sz000100,TCL科技,2025-09-26 09:38:27,4.41,72400,4.41,D
sz000100,TCL科技,2025-09-26 09:38:30,4.42,118000,4.41,U
sz000100,TCL科技,2025-09-26 09:38:33,4.42,68700,4.42,U
sz000100,TCL科技,2025-09-26 09:38:36,4.41,37500,4.42,D
sz000100,TCL科技,2025-09-26 09:38:42,4.41,55900,4.42,D
sz000100,TCL科技,2025-09-26 09:38:45,4.41,185800,4.41,D
sz000100,TCL科技,2025-09-26 09:38:48,4.41,39700,4.41,D
sz000100,TCL科技,2025-09-26 09:38:51,4.41,36500,4.41,D
sz000100,TCL科技,2025-09-26 09:38:54,4.41,29100,4.41,D
sz000100,TCL科技,2025-09-26 09:38:57,4.41,24800,4.41,D
sz000100,TCL科技,2025-09-26 09:39:00,4.42,29900,4.41,U
sz000100,TCL科技,2025-09-26 09:39:03,4.41,34100,4.42,D
sz000100,TCL科技,2025-09-26 09:39:06,4.41,3137170,4.41,D
sz000100,TCL科技,2025-09-26 09:39:09,4.41,257100,4.41,D
sz000100,TCL科技,2025-09-26 09:39:12,4.4,236300,4.41,D
sz000100,TCL科技,2025-09-26 09:39:15,4.41,386800,4.4,E
sz000100,TCL科技,2025-09-26 09:39:18,4.41,235200,4.41,U
sz000100,TCL科技,2025-09-26 09:39:21,4.41,212400,4.41,U
sz000100,TCL科技,2025-09-26 09:39:24,4.41,185100,4.41,U
sz000100,TCL科技,2025-09-26 09:39:27,4.4,39000,4.41,D
sz000100,TCL科技,2025-09-26 09:39:30,4.4,123800,4.4,D
sz000100,TCL科技,2025-09-26 09:39:33,4.41,2285900,4.4,U
sz000100,TCL科技,2025-09-26 09:39:36,4.4,451000,4.41,D
sz000100,TCL科技,2025-09-26 09:39:39,4.4,279200,4.4,D
sz000100,TCL科技,2025-09-26 09:39:42,4.4,108700,4.4,D
sz000100,TCL科技,2025-09-26 09:39:45,4.41,101700,4.4,U
sz000100,TCL科技,2025-09-26 09:39:48,4.4,74800,4.41,D
sz000100,TCL科技,2025-09-26 09:39:51,4.4,129700,4.4,D
sz000100,TCL科技,2025-09-26 09:39:54,4.41,140600,4.4,U
sz000100,TCL科技,2025-09-26 09:39:57,4.4,25800,4.41,D
sz000100,TCL科技,2025-09-26 09:40:00,4.41,20000,4.4,U
sz000100,TCL科技,2025-09-26 09:40:03,4.41,161400,4.41,U
sz000100,TCL科技,2025-09-26 09:40:06,4.4,75000,4.41,D
sz000100,TCL科技,2025-09-26 09:40:09,4.4,77300,4.4,D
sz000100,TCL科技,2025-09-26 09:40:18,4.41,47900,4.41,U
sz000100,TCL科技,2025-09-26 09:40:21,4.41,222300,4.41,U
sz000100,TCL科技,2025-09-26 09:40:24,4.41,80200,4.41,U
sz000100,TCL科技,2025-09-26 09:40:27,4.4,80600,4.41,D
sz000100,TCL科技,2025-09-26 09:40:30,4.41,107000,4.4,U
sz000100,TCL科技,2025-09-26 09:40:36,4.41,42800,4.41,U
sz000100,TCL科技,2025-09-26 09:40:39,4.41,49100,4.41,U
sz000100,TCL科技,2025-09-26 09:40:42,4.4,26520,4.41,D
sz000100,TCL科技,2025-09-26 09:40:45,4.4,131800,4.4,D
sz000100,TCL科技,2025-09-26 09:40:48,4.41,20400,4.4,U
sz000100,TCL科技,2025-09-26 09:40:51,4.41,46300,4.41,U
sz000100,TCL科技,2025-09-26 09:40:54,4.4,425000,4.41,D
sz000100,TCL科技,2025-09-26 09:40:57,4.41,26400,4.4,U
sz000100,TCL科技,2025-09-26 09:41:00,4.41,66700,4.41,U
sz000100,TCL科技,2025-09-26 09:41:03,4.4,44700,4.41,D
sz000100,TCL科技,2025-09-26 09:41:06,4.41,284800,4.4,U
sz000100,TCL科技,2025-09-26 09:41:09,4.41,257700,4.41,U
sz000100,TCL科技,2025-09-26 09:41:12,4.41,147700,4.41,U
sz000100,TCL科技,2025-09-26 09:41:18,4.4,79300,4.4,D
sz000100,TCL科技,2025-09-26 09:41:21,4.41,171800,4.4,U
sz000100,TCL科技,2025-09-26 09:41:24,4.41,45400,4.41,U
sz000100,TCL科技,2025-09-26 09:41:27,4.4,40400,4.41,D
sz000100,TCL科技,2025-09-26 09:41:33,4.41,55300,4.41,U
sz000100,TCL科技,2025-09-26 09:41:39,4.41,1036500,4.4,U
sz000100,TCL科技,2025-09-26 09:41:42,4.4,117800,4.41,D
sz000100,TCL科技,2025-09-26 09:41:45,4.41,58500,4.4,U
sz000100,TCL科技,2025-09-26 09:41:51,4.41,1298800,4.41,U
sz000100,TCL科技,2025-09-26 09:41:54,4.41,589100,4.41,U
sz000100,TCL科技,2025-09-26 09:41:57,4.41,326870,4.41,U
sz000100,TCL科技,2025-09-26 09:42:00,4.41,75300,4.41,U
sz000100,TCL科技,2025-09-26 09:42:03,4.41,86500,4.41,U
sz000100,TCL科技,2025-09-26 09:42:06,4.4,132100,4.41,D
sz000100,TCL科技,2025-09-26 09:42:09,4.4,88300,4.4,D
sz000100,TCL科技,2025-09-26 09:42:12,4.41,82500,4.4,U
sz000100,TCL科技,2025-09-26 09:42:15,4.4,46400,4.41,D
sz000100,TCL科技,2025-09-26 09:42:18,4.41,44900,4.4,U
sz000100,TCL科技,2025-09-26 09:42:21,4.41,40100,4.41,U
sz000100,TCL科技,2025-09-26 09:42:24,4.41,48400,4.41,U
sz000100,TCL科技,2025-09-26 09:42:30,4.4,26300,4.41,D
sz000100,TCL科技,2025-09-26 09:42:33,4.4,23700,4.4,D
sz000100,TCL科技,2025-09-26 09:42:39,4.41,21100,4.4,U
sz000100,TCL科技,2025-09-26 09:42:42,4.41,30600,4.41,U
sz000100,TCL科技,2025-09-26 09:42:45,4.41,63900,4.41,U
sz000100,TCL科技,2025-09-26 09:42:48,4.41,71700,4.41,U
sz000100,TCL科技,2025-09-26 09:42:54,4.4,111000,4.4,D
sz000100,TCL科技,2025-09-26 09:42:57,4.41,22100,4.4,U
sz000100,TCL科技,2025-09-26 09:43:03,4.4,91800,4.41,D
sz000100,TCL科技,2025-09-26 09:43:06,4.4,30700,4.4,D
sz000100,TCL科技,2025-09-26 09:43:12,4.41,115200,4.41,U
sz000100,TCL科技,2025-09-26 09:43:15,4.4,118000,4.41,D
sz000100,TCL科技,2025-09-26 09:43:18,4.4,26100,4.4,D
sz000100,TCL科技,2025-09-26 09:43:21,4.4,108400,4.4,D
sz000100,TCL科技,2025-09-26 09:43:24,4.4,86300,4.4,D
sz000100,TCL科技,2025-09-26 09:43:27,4.4,236700,4.4,D
sz000100,TCL科技,2025-09-26 09:43:30,4.41,205700,4.4,U
sz000100,TCL科技,2025-09-26 09:43:33,4.41,78500,4.41,U
sz000100,TCL科技,2025-09-26 09:43:36,4.4,124750,4.41,D
sz000100,TCL科技,2025-09-26 09:43:39,4.41,80100,4.4,U
sz000100,TCL科技,2025-09-26 09:43:42,4.4,252600,4.41,D
sz000100,TCL科技,2025-09-26 09:43:45,4.41,43400,4.4,U
sz000100,TCL科技,2025-09-26 09:43:48,4.4,219000,4.41,D
sz000100,TCL科技,2025-09-26 09:43:51,4.4,29900,4.4,D
sz000100,TCL科技,2025-09-26 09:43:54,4.4,21900,4.4,D
sz000100,TCL科技,2025-09-26 09:43:57,4.4,28800,4.4,D
sz000100,TCL科技,2025-09-26 09:44:03,4.4,24900,4.41,D
sz000100,TCL科技,2025-09-26 09:44:06,4.41,47700,4.4,U
sz000100,TCL科技,2025-09-26 09:44:09,4.41,25400,4.41,U
sz000100,TCL科技,2025-09-26 09:44:12,4.4,111500,4.41,D
sz000100,TCL科技,2025-09-26 09:44:15,4.41,21200,4.4,U
sz000100,TCL科技,2025-09-26 09:44:18,4.4,42000,4.41,D
sz000100,TCL科技,2025-09-26 09:44:21,4.4,24200,4.4,D
sz000100,TCL科技,2025-09-26 09:44:24,4.41,22600,4.4,U
sz000100,TCL科技,2025-09-26 09:44:27,4.41,130700,4.41,U
sz000100,TCL科技,2025-09-26 09:44:33,4.41,43100,4.4,U
sz000100,TCL科技,2025-09-26 09:44:42,4.4,26400,4.4,D
sz000100,TCL科技,2025-09-26 09:44:45,4.41,35500,4.4,U
sz000100,TCL科技,2025-09-26 09:44:48,4.4,65400,4.41,D
sz000100,TCL科技,2025-09-26 09:44:51,4.4,189200,4.4,D
sz000100,TCL科技,2025-09-26 09:44:57,4.41,154000,4.4,U
sz000100,TCL科技,2025-09-26 09:45:00,4.4,290130,4.41,D
sz000100,TCL科技,2025-09-26 09:45:03,4.4,4042360,4.4,D
sz000100,TCL科技,2025-09-26 09:45:06,4.4,66900,4.4,U
sz000100,TCL科技,2025-09-26 09:45:09,4.4,240000,4.4,U
sz000100,TCL科技,2025-09-26 09:45:12,4.39,45500,4.4,D
sz000100,TCL科技,2025-09-26 09:45:15,4.4,54500,4.39,U
sz000100,TCL科技,2025-09-26 09:45:21,4.4,148000,4.4,U
sz000100,TCL科技,2025-09-26 09:45:24,4.4,45700,4.4,U
sz000100,TCL科技,2025-09-26 09:45:27,4.4,454800,4.4,U
sz000100,TCL科技,2025-09-26 09:45:30,4.39,992900,4.4,D
sz000100,TCL科技,2025-09-26 09:45:33,4.39,179600,4.39,D
sz000100,TCL科技,2025-09-26 09:45:36,4.39,52900,4.39,D
sz000100,TCL科技,2025-09-26 09:45:39,4.39,108500,4.39,D
sz000100,TCL科技,2025-09-26 09:45:48,4.4,69820,4.39,U
sz000100,TCL科技,2025-09-26 09:45:54,4.39,240800,4.39,D
sz000100,TCL科技,2025-09-26 09:45:57,4.39,31500,4.39,D
sz000100,TCL科技,2025-09-26 09:46:00,4.39,34800,4.39,D
sz000100,TCL科技,2025-09-26 09:46:03,4.39,62100,4.39,D
sz000100,TCL科技,2025-09-26 09:46:06,4.39,159100,4.39,D
sz000100,TCL科技,2025-09-26 09:46:09,4.4,65800,4.39,U
sz000100,TCL科技,2025-09-26 09:46:12,4.39,26000,4.4,D
sz000100,TCL科技,2025-09-26 09:46:18,4.4,49200,4.4,U
sz000100,TCL科技,2025-09-26 09:46:21,4.4,67200,4.4,U
sz000100,TCL科技,2025-09-26 09:46:24,4.4,46300,4.4,U
sz000100,TCL科技,2025-09-26 09:46:27,4.39,38100,4.4,D
sz000100,TCL科技,2025-09-26 09:46:30,4.4,183900,4.39,U
sz000100,TCL科技,2025-09-26 09:46:33,4.39,78600,4.4,D
sz000100,TCL科技,2025-09-26 09:46:36,4.39,23400,4.39,D
sz000100,TCL科技,2025-09-26 09:46:39,4.39,80200,4.39,D
sz000100,TCL科技,2025-09-26 09:46:42,4.39,423200,4.39,D
sz000100,TCL科技,2025-09-26 09:46:45,4.39,42900,4.39,D
sz000100,TCL科技,2025-09-26 09:46:48,4.4,103400,4.39,U
sz000100,TCL科技,2025-09-26 09:46:51,4.4,65800,4.4,U
sz000100,TCL科技,2025-09-26 09:46:54,4.4,44200,4.4,U
sz000100,TCL科技,2025-09-26 09:46:57,4.39,174300,4.4,D
sz000100,TCL科技,2025-09-26 09:47:00,4.39,24500,4.39,D
sz000100,TCL科技,2025-09-26 09:47:03,4.39,820900,4.39,D
sz000100,TCL科技,2025-09-26 09:47:06,4.39,77200,4.39,D
sz000100,TCL科技,2025-09-26 09:47:09,4.39,77700,4.39,D
sz000100,TCL科技,2025-09-26 09:47:12,4.39,146050,4.39,D
sz000100,TCL科技,2025-09-26 09:47:15,4.4,48400,4.39,U
sz000100,TCL科技,2025-09-26 09:47:18,4.39,26700,4.4,D
sz000100,TCL科技,2025-09-26 09:47:21,4.4,34000,4.39,U
sz000100,TCL科技,2025-09-26 09:47:24,4.39,41800,4.4,D
sz000100,TCL科技,2025-09-26 09:47:30,4.39,91820,4.39,D
sz000100,TCL科技,2025-09-26 09:47:33,4.39,29300,4.39,D
sz000100,TCL科技,2025-09-26 09:47:36,4.4,303100,4.39,U
sz000100,TCL科技,2025-09-26 09:47:42,4.4,159600,4.39,U
sz000100,TCL科技,2025-09-26 09:47:45,4.4,123600,4.4,U
sz000100,TCL科技,2025-09-26 09:47:48,4.4,81600,4.4,U
sz000100,TCL科技,2025-09-26 09:47:51,4.41,2272980,4.4,U
sz000100,TCL科技,2025-09-26 09:47:54,4.4,170900,4.41,D
sz000100,TCL科技,2025-09-26 09:47:57,4.4,137800,4.4,D
sz000100,TCL科技,2025-09-26 09:48:00,4.4,84720,4.4,D
sz000100,TCL科技,2025-09-26 09:48:03,4.4,32000,4.4,D
sz000100,TCL科技,2025-09-26 09:48:06,4.4,36400,4.4,D
sz000100,TCL科技,2025-09-26 09:48:12,4.41,66300,4.4,U
sz000100,TCL科技,2025-09-26 09:48:21,4.4,94100,4.41,D
sz000100,TCL科技,2025-09-26 09:48:24,4.41,22700,4.4,U
sz000100,TCL科技,2025-09-26 09:48:30,4.4,80000,4.4,D
sz000100,TCL科技,2025-09-26 09:48:33,4.4,31600,4.4,D
sz000100,TCL科技,2025-09-26 09:48:36,4.41,59300,4.4,U
sz000100,TCL科技,2025-09-26 09:48:45,4.4,51100,4.4,D
sz000100,TCL科技,2025-09-26 09:48:48,4.41,58900,4.4,U
sz000100,TCL科技,2025-09-26 09:48:51,4.4,129400,4.41,D
sz000100,TCL科技,2025-09-26 09:48:54,4.41,51100,4.4,U
sz000100,TCL科技,2025-09-26 09:48:57,4.4,550300,4.41,D
sz000100,TCL科技,2025-09-26 09:49:00,4.41,38400,4.4,U
sz000100,TCL科技,2025-09-26 09:49:06,4.4,46300,4.41,D
sz000100,TCL科技,2025-09-26 09:49:09,4.4,49600,4.4,D
sz000100,TCL科技,2025-09-26 09:49:12,4.4,27500,4.4,D
sz000100,TCL科技,2025-09-26 09:49:15,4.4,36800,4.4,D
sz000100,TCL科技,2025-09-26 09:49:18,4.41,46600,4.4,U
sz000100,TCL科技,2025-09-26 09:49:21,4.4,99360,4.41,D
sz000100,TCL科技,2025-09-26 09:49:24,4.4,43200,4.4,D
sz000100,TCL科技,2025-09-26 09:49:27,4.4,27000,4.4,D
sz000100,TCL科技,2025-09-26 09:49:33,4.41,1060620,4.4,U
sz000100,TCL科技,2025-09-26 09:49:36,4.41,65300,4.41,U
sz000100,TCL科技,2025-09-26 09:49:48,4.4,114800,4.41,D
sz000100,TCL科技,2025-09-26 09:49:51,4.4,24400,4.4,D
sz000100,TCL科技,2025-09-26 09:49:57,4.41,44400,4.41,U
sz000100,TCL科技,2025-09-26 09:50:03,4.4,2502130,4.41,D
sz000100,TCL科技,2025-09-26 09:50:06,4.4,67100,4.4,U
sz000100,TCL科技,2025-09-26 09:50:09,4.4,75700,4.4,U
sz000100,TCL科技,2025-09-26 09:50:12,4.4,76600,4.4,U
sz000100,TCL科技,2025-09-26 09:50:15,4.4,113150,4.4,U
sz000100,TCL科技,2025-09-26 09:50:18,4.4,62500,4.4,U
sz000100,TCL科技,2025-09-26 09:50:21,4.4,48500,4.4,U
sz000100,TCL科技,2025-09-26 09:50:24,4.4,53100,4.4,U
sz000100,TCL科技,2025-09-26 09:50:27,4.4,1037800,4.4,U
sz000100,TCL科技,2025-09-26 09:50:33,4.39,257300,4.4,D
sz000100,TCL科技,2025-09-26 09:50:36,4.4,74500,4.39,U
sz000100,TCL科技,2025-09-26 09:50:42,4.39,163800,4.4,D
sz000100,TCL科技,2025-09-26 09:50:45,4.39,93000,4.39,D
sz000100,TCL科技,2025-09-26 09:50:51,4.39,24400,4.4,D
sz000100,TCL科技,2025-09-26 09:50:54,4.39,22500,4.39,D
sz000100,TCL科技,2025-09-26 09:50:57,4.39,52200,4.39,D
sz000100,TCL科技,2025-09-26 09:51:00,4.39,20100,4.39,D
sz000100,TCL科技,2025-09-26 09:51:03,4.39,31940,4.39,D
sz000100,TCL科技,2025-09-26 09:51:06,4.39,28500,4.39,D
sz000100,TCL科技,2025-09-26 09:51:15,4.39,42800,4.4,D
sz000100,TCL科技,2025-09-26 09:51:24,4.39,180000,4.4,D
sz000100,TCL科技,2025-09-26 09:51:27,4.39,29100,4.39,D
sz000100,TCL科技,2025-09-26 09:51:30,4.39,374000,4.39,D
sz000100,TCL科技,2025-09-26 09:51:33,4.4,89400,4.39,U
sz000100,TCL科技,2025-09-26 09:51:39,4.39,28200,4.39,D
sz000100,TCL科技,2025-09-26 09:51:42,4.4,56200,4.39,U
sz000100,TCL科技,2025-09-26 09:51:48,4.4,331000,4.39,U
sz000100,TCL科技,2025-09-26 09:51:51,4.39,27400,4.4,D
sz000100,TCL科技,2025-09-26 09:51:57,4.39,60100,4.4,D
sz000100,TCL科技,2025-09-26 09:52:09,4.4,27500,4.39,U
sz000100,TCL科技,2025-09-26 09:52:15,4.39,54200,4.39,D
sz000100,TCL科技,2025-09-26 09:52:21,4.4,364600,4.4,U
sz000100,TCL科技,2025-09-26 09:52:24,4.39,48200,4.4,D
sz000100,TCL科技,2025-09-26 09:52:27,4.39,136500,4.39,D
sz000100,TCL科技,2025-09-26 09:52:30,4.39,27100,4.39,D
sz000100,TCL科技,2025-09-26 09:52:33,4.39,31800,4.39,D
sz000100,TCL科技,2025-09-26 09:52:42,4.4,30800,4.4,U
sz000100,TCL科技,2025-09-26 09:52:51,4.39,35300,4.39,D
sz000100,TCL科技,2025-09-26 09:52:54,4.39,59600,4.39,D
sz000100,TCL科技,2025-09-26 09:53:00,4.39,44300,4.39,D
sz000100,TCL科技,2025-09-26 09:53:03,4.39,1433100,4.39,D
sz000100,TCL科技,2025-09-26 09:53:06,4.39,184700,4.39,D
sz000100,TCL科技,2025-09-26 09:53:09,4.39,100700,4.39,D
sz000100,TCL科技,2025-09-26 09:53:12,4.39,201700,4.39,D
sz000100,TCL科技,2025-09-26 09:53:15,4.39,4148920,4.39,D
sz000100,TCL科技,2025-09-26 09:53:21,4.39,32300,4.39,U
sz000100,TCL科技,2025-09-26 09:53:24,4.39,32300,4.39,U
sz000100,TCL科技,2025-09-26 09:53:27,4.38,24300,4.39,D
sz000100,TCL科技,2025-09-26 09:53:30,4.39,21700,4.38,U
sz000100,TCL科技,2025-09-26 09:53:33,4.39,290200,4.39,U
sz000100,TCL科技,2025-09-26 09:53:39,4.39,79500,4.38,U
sz000100,TCL科技,2025-09-26 09:53:45,4.38,55600,4.38,D
sz000100,TCL科技,2025-09-26 09:53:51,4.38,122700,4.38,D
sz000100,TCL科技,2025-09-26 09:53:54,4.38,88200,4.38,D
sz000100,TCL科技,2025-09-26 09:53:57,4.38,1022900,4.38,D
sz000100,TCL科技,2025-09-26 09:54:00,4.38,159600,4.38,D
sz000100,TCL科技,2025-09-26 09:54:03,4.38,101200,4.38,D
sz000100,TCL科技,2025-09-26 09:54:09,4.38,43700,4.38,D
sz000100,TCL科技,2025-09-26 09:54:15,4.38,68300,4.38,D
sz000100,TCL科技,2025-09-26 09:54:18,4.38,24400,4.38,D
sz000100,TCL科技,2025-09-26 09:54:21,4.38,58600,4.38,D
sz000100,TCL科技,2025-09-26 09:54:24,4.38,229500,4.38,D
sz000100,TCL科技,2025-09-26 09:54:30,4.38,75300,4.38,D
sz000100,TCL科技,2025-09-26 09:54:33,4.38,112000,4.38,D
sz000100,TCL科技,2025-09-26 09:54:36,4.38,78100,4.38,D
sz000100,TCL科技,2025-09-26 09:54:39,4.38,346700,4.38,D
sz000100,TCL科技,2025-09-26 09:54:42,4.39,189100,4.38,U
sz000100,TCL科技,2025-09-26 09:54:45,4.38,1705100,4.39,D
sz000100,TCL科技,2025-09-26 09:54:48,4.38,812800,4.38,D
sz000100,TCL科技,2025-09-26 09:54:51,4.38,423100,4.38,D
sz000100,TCL科技,2025-09-26 09:54:54,4.38,100500,4.38,D
sz000100,TCL科技,2025-09-26 09:54:57,4.38,191500,4.38,D
sz000100,TCL科技,2025-09-26 09:55:00,4.38,256800,4.38,D
sz000100,TCL科技,2025-09-26 09:55:03,4.38,409200,4.38,U
sz000100,TCL科技,2025-09-26 09:55:06,4.38,107500,4.38,U
sz000100,TCL科技,2025-09-26 09:55:09,4.38,73500,4.38,D
sz000100,TCL科技,2025-09-26 09:55:12,4.38,91000,4.38,D
sz000100,TCL科技,2025-09-26 09:55:15,4.39,57000,4.38,U
sz000100,TCL科技,2025-09-26 09:55:18,4.38,96700,4.39,D
sz000100,TCL科技,2025-09-26 09:55:24,4.38,88300,4.38,D
sz000100,TCL科技,2025-09-26 09:55:27,4.38,24500,4.38,D
sz000100,TCL科技,2025-09-26 09:55:30,4.38,83800,4.38,D
sz000100,TCL科技,2025-09-26 09:55:33,4.39,265100,4.38,U
sz000100,TCL科技,2025-09-26 09:55:36,4.38,131700,4.39,D
sz000100,TCL科技,2025-09-26 09:55:39,4.39,74100,4.38,U
sz000100,TCL科技,2025-09-26 09:55:42,4.38,61900,4.39,D
sz000100,TCL科技,2025-09-26 09:55:48,4.38,61700,4.38,D
sz000100,TCL科技,2025-09-26 09:55:51,4.38,232400,4.38,D
sz000100,TCL科技,2025-09-26 09:55:54,4.38,321800,4.38,D
sz000100,TCL科技,2025-09-26 09:55:57,4.39,30300,4.38,U
sz000100,TCL科技,2025-09-26 09:56:00,4.38,60100,4.39,D
sz000100,TCL科技,2025-09-26 09:56:03,4.38,380300,4.38,D
sz000100,TCL科技,2025-09-26 09:56:06,4.38,114900,4.38,D
sz000100,TCL科技,2025-09-26 09:56:09,4.38,42200,4.38,D
sz000100,TCL科技,2025-09-26 09:56:12,4.39,75600,4.38,U
sz000100,TCL科技,2025-09-26 09:56:15,4.39,41200,4.39,U
sz000100,TCL科技,2025-09-26 09:56:18,4.38,515300,4.39,D
sz000100,TCL科技,2025-09-26 09:56:21,4.38,25700,4.38,U
sz000100,TCL科技,2025-09-26 09:56:24,4.38,223800,4.38,U
sz000100,TCL科技,2025-09-26 09:56:27,4.37,156300,4.38,D
sz000100,TCL科技,2025-09-26 09:56:30,4.37,33800,4.37,D
sz000100,TCL科技,2025-09-26 09:56:33,4.38,33300,4.37,U
sz000100,TCL科技,2025-09-26 09:56:36,4.38,47500,4.38,U
sz000100,TCL科技,2025-09-26 09:56:42,4.38,23700,4.38,U
sz000100,TCL科技,2025-09-26 09:56:51,4.38,29300,4.38,U
sz000100,TCL科技,2025-09-26 09:56:54,4.38,47300,4.38,U
sz000100,TCL科技,2025-09-26 09:56:57,4.37,91900,4.38,D
sz000100,TCL科技,2025-09-26 09:57:00,4.37,43400,4.37,D
sz000100,TCL科技,2025-09-26 09:57:03,4.38,22700,4.37,U
sz000100,TCL科技,2025-09-26 09:57:06,4.37,78300,4.38,D
sz000100,TCL科技,2025-09-26 09:57:09,4.38,167800,4.37,U
sz000100,TCL科技,2025-09-26 09:57:12,4.37,42100,4.38,D
sz000100,TCL科技,2025-09-26 09:57:21,4.37,25000,4.38,D
sz000100,TCL科技,2025-09-26 09:57:27,4.38,24400,4.37,U
sz000100,TCL科技,2025-09-26 09:57:33,4.37,27900,4.37,D
sz000100,TCL科技,2025-09-26 09:57:36,4.38,136200,4.37,U
sz000100,TCL科技,2025-09-26 09:57:39,4.37,22100,4.38,D
sz000100,TCL科技,2025-09-26 09:57:42,4.38,32600,4.37,U
sz000100,TCL科技,2025-09-26 09:57:45,4.38,71500,4.38,U
sz000100,TCL科技,2025-09-26 09:57:48,4.37,30800,4.38,D
sz000100,TCL科技,2025-09-26 09:57:51,4.37,30320,4.37,D
sz000100,TCL科技,2025-09-26 09:57:54,4.38,206400,4.37,U
sz000100,TCL科技,2025-09-26 09:57:57,4.37,199300,4.38,D
sz000100,TCL科技,2025-09-26 09:58:00,4.38,202800,4.37,U
sz000100,TCL科技,2025-09-26 09:58:03,4.37,167100,4.38,D
sz000100,TCL科技,2025-09-26 09:58:06,4.37,85100,4.37,D
sz000100,TCL科技,2025-09-26 09:58:12,4.37,100900,4.38,D
sz000100,TCL科技,2025-09-26 09:58:18,4.37,62900,4.37,D
sz000100,TCL科技,2025-09-26 09:58:27,4.37,23400,4.38,D
sz000100,TCL科技,2025-09-26 09:58:33,4.38,21500,4.37,U
sz000100,TCL科技,2025-09-26 09:58:39,4.38,33800,4.38,U
sz000100,TCL科技,2025-09-26 09:58:42,4.38,54100,4.38,U
sz000100,TCL科技,2025-09-26 09:58:45,4.38,43700,4.38,U
sz000100,TCL科技,2025-09-26 09:58:48,4.38,72200,4.38,U
sz000100,TCL科技,2025-09-26 09:58:51,4.38,42200,4.38,U
sz000100,TCL科技,2025-09-26 09:58:54,4.38,69800,4.38,U
sz000100,TCL科技,2025-09-26 09:58:57,4.38,20100,4.38,U
sz000100,TCL科技,2025-09-26 09:59:00,4.38,107200,4.38,U
sz000100,TCL科技,2025-09-26 09:59:03,4.38,1872450,4.38,U
sz000100,TCL科技,2025-09-26 09:59:06,4.39,88600,4.38,U
sz000100,TCL科技,2025-09-26 09:59:12,4.39,42200,4.39,U
sz000100,TCL科技,2025-09-26 09:59:18,4.39,28200,4.39,U
sz000100,TCL科技,2025-09-26 09:59:24,4.39,22400,4.39,U
sz000100,TCL科技,2025-09-26 09:59:27,4.39,31900,4.39,U
sz000100,TCL科技,2025-09-26 09:59:33,4.38,50000,4.38,D
sz000100,TCL科技,2025-09-26 09:59:39,4.38,48900,4.39,D
sz000100,TCL科技,2025-09-26 09:59:48,4.39,30400,4.38,U
sz000100,TCL科技,2025-09-26 09:59:51,4.39,26700,4.39,U
sz000100,TCL科技,2025-09-26 09:59:54,4.38,48100,4.39,D
sz000100,TCL科技,2025-09-26 09:59:57,4.39,132900,4.38,U
sz000100,TCL科技,2025-09-26 10:00:00,4.38,34900,4.39,D
sz000100,TCL科技,2025-09-26 10:00:03,4.39,42100,4.38,U
sz000100,TCL科技,2025-09-26 10:00:06,4.39,150300,4.39,U
sz000100,TCL科技,2025-09-26 10:00:09,4.39,29400,4.39,U
sz000100,TCL科技,2025-09-26 10:00:24,4.38,81700,4.38,D
sz000100,TCL科技,2025-09-26 10:00:27,4.38,77000,4.38,D
sz000100,TCL科技,2025-09-26 10:00:30,4.38,165900,4.38,D
sz000100,TCL科技,2025-09-26 10:00:33,4.37,3741200,4.38,D
sz000100,TCL科技,2025-09-26 10:00:36,4.38,290100,4.37,U
sz000100,TCL科技,2025-09-26 10:00:39,4.38,209300,4.38,U
sz000100,TCL科技,2025-09-26 10:00:42,4.38,165400,4.38,U
sz000100,TCL科技,2025-09-26 10:00:45,4.38,114500,4.38,U
sz000100,TCL科技,2025-09-26 10:00:48,4.38,31800,4.38,U
sz000100,TCL科技,2025-09-26 10:00:51,4.38,31800,4.38,U
sz000100,TCL科技,2025-09-26 10:00:54,4.38,27800,4.38,U
sz000100,TCL科技,2025-09-26 10:01:00,4.38,93500,4.38,U
sz000100,TCL科技,2025-09-26 10:01:03,4.38,35000,4.38,U
sz000100,TCL科技,2025-09-26 10:01:06,4.37,33000,4.38,D
sz000100,TCL科技,2025-09-26 10:01:09,4.38,22300,4.37,U
sz000100,TCL科技,2025-09-26 10:01:12,4.37,27380,4.38,D
sz000100,TCL科技,2025-09-26 10:01:18,4.38,547000,4.38,U
sz000100,TCL科技,2025-09-26 10:01:21,4.38,63100,4.38,U
sz000100,TCL科技,2025-09-26 10:01:24,4.38,62900,4.38,U
sz000100,TCL科技,2025-09-26 10:01:27,4.38,29800,4.38,U
sz000100,TCL科技,2025-09-26 10:01:33,4.38,131600,4.38,U
sz000100,TCL科技,2025-09-26 10:01:36,4.38,424000,4.38,U
sz000100,TCL科技,2025-09-26 10:01:39,4.38,60600,4.38,U
sz000100,TCL科技,2025-09-26 10:01:42,4.38,96900,4.38,U
sz000100,TCL科技,2025-09-26 10:01:45,4.38,214600,4.38,U
sz000100,TCL科技,2025-09-26 10:01:51,4.37,103600,4.38,D
sz000100,TCL科技,2025-09-26 10:01:54,4.38,20800,4.37,U
sz000100,TCL科技,2025-09-26 10:01:57,4.38,53200,4.38,U
sz000100,TCL科技,2025-09-26 10:02:00,4.38,20600,4.38,U
sz000100,TCL科技,2025-09-26 10:02:03,4.38,31200,4.38,U
sz000100,TCL科技,2025-09-26 10:02:06,4.38,138500,4.38,U
sz000100,TCL科技,2025-09-26 10:02:09,4.38,413700,4.38,U
sz000100,TCL科技,2025-09-26 10:02:12,4.38,73350,4.38,D
sz000100,TCL科技,2025-09-26 10:02:15,4.39,23110,4.38,U
sz000100,TCL科技,2025-09-26 10:02:18,4.38,22500,4.39,D
sz000100,TCL科技,2025-09-26 10:02:36,4.39,23500,4.38,U
sz000100,TCL科技,2025-09-26 10:02:39,4.38,144900,4.39,D
sz000100,TCL科技,2025-09-26 10:02:42,4.38,117300,4.38,D
sz000100,TCL科技,2025-09-26 10:02:57,4.38,37000,4.39,D
sz000100,TCL科技,2025-09-26 10:03:03,4.38,53300,4.38,D
sz000100,TCL科技,2025-09-26 10:03:06,4.38,158400,4.38,D
sz000100,TCL科技,2025-09-26 10:03:09,4.38,105300,4.38,D
sz000100,TCL科技,2025-09-26 10:03:12,4.39,88200,4.38,U
sz000100,TCL科技,2025-09-26 10:03:15,4.38,217200,4.39,D
sz000100,TCL科技,2025-09-26 10:03:18,4.38,273340,4.38,D
sz000100,TCL科技,2025-09-26 10:03:21,4.38,119400,4.38,U
sz000100,TCL科技,2025-09-26 10:03:24,4.38,47500,4.38,U
sz000100,TCL科技,2025-09-26 10:03:27,4.38,232200,4.38,U
sz000100,TCL科技,2025-09-26 10:03:30,4.38,159500,4.38,U
sz000100,TCL科技,2025-09-26 10:03:33,4.37,133400,4.38,D
sz000100,TCL科技,2025-09-26 10:03:36,4.38,43900,4.37,U
sz000100,TCL科技,2025-09-26 10:03:39,4.37,77300,4.38,D
sz000100,TCL科技,2025-09-26 10:03:42,4.37,24500,4.37,D
sz000100,TCL科技,2025-09-26 10:03:45,4.38,33800,4.37,U
sz000100,TCL科技,2025-09-26 10:03:51,4.38,30800,4.37,U
sz000100,TCL科技,2025-09-26 10:03:57,4.37,37000,4.38,D
sz000100,TCL科技,2025-09-26 10:04:09,4.38,72900,4.38,U
sz000100,TCL科技,2025-09-26 10:04:12,4.38,22600,4.38,U
sz000100,TCL科技,2025-09-26 10:04:15,4.38,27800,4.38,U
sz000100,TCL科技,2025-09-26 10:04:18,4.37,73600,4.38,D
sz000100,TCL科技,2025-09-26 10:04:21,4.37,28100,4.37,D
sz000100,TCL科技,2025-09-26 10:04:24,4.37,358300,4.37,D
sz000100,TCL科技,2025-09-26 10:04:36,4.37,23800,4.37,D
sz000100,TCL科技,2025-09-26 10:04:42,4.38,82900,4.37,U
sz000100,TCL科技,2025-09-26 10:04:45,4.38,96500,4.38,U
sz000100,TCL科技,2025-09-26 10:04:48,4.38,20900,4.38,U
sz000100,TCL科技,2025-09-26 10:04:54,4.38,23000,4.38,U
sz000100,TCL科技,2025-09-26 10:04:57,4.37,40400,4.38,D
sz000100,TCL科技,2025-09-26 10:05:00,4.38,80800,4.37,U
sz000100,TCL科技,2025-09-26 10:05:03,4.37,44900,4.38,D
sz000100,TCL科技,2025-09-26 10:05:06,4.38,42500,4.37,U
sz000100,TCL科技,2025-09-26 10:05:09,4.38,41900,4.38,U
sz000100,TCL科技,2025-09-26 10:05:12,4.38,503300,4.38,U
sz000100,TCL科技,2025-09-26 10:05:15,4.38,83600,4.38,U
sz000100,TCL科技,2025-09-26 10:05:18,4.38,63300,4.38,U
sz000100,TCL科技,2025-09-26 10:05:21,4.37,62500,4.38,D
sz000100,TCL科技,2025-09-26 10:05:24,4.37,71300,4.37,D
sz000100,TCL科技,2025-09-26 10:05:33,4.38,52300,4.38,U
sz000100,TCL科技,2025-09-26 10:05:39,4.37,80100,4.38,D
sz000100,TCL科技,2025-09-26 10:05:42,4.38,22900,4.37,U
sz000100,TCL科技,2025-09-26 10:05:45,4.38,24600,4.38,U
sz000100,TCL科技,2025-09-26 10:05:48,4.37,42110,4.38,D
sz000100,TCL科技,2025-09-26 10:05:51,4.37,32610,4.37,D
sz000100,TCL科技,2025-09-26 10:05:54,4.37,31800,4.37,D
sz000100,TCL科技,2025-09-26 10:05:57,4.38,87900,4.37,U
sz000100,TCL科技,2025-09-26 10:06:00,4.37,186500,4.38,D
sz000100,TCL科技,2025-09-26 10:06:03,4.38,284800,4.37,U
sz000100,TCL科技,2025-09-26 10:06:06,4.38,30600,4.38,U
sz000100,TCL科技,2025-09-26 10:06:09,4.38,36800,4.38,U
sz000100,TCL科技,2025-09-26 10:06:15,4.38,41700,4.37,U
sz000100,TCL科技,2025-09-26 10:06:18,4.38,21700,4.38,U
sz000100,TCL科技,2025-09-26 10:06:21,4.37,21600,4.38,D
sz000100,TCL科技,2025-09-26 10:06:33,4.38,33500,4.37,U
sz000100,TCL科技,2025-09-26 10:06:36,4.38,25100,4.38,U
sz000100,TCL科技,2025-09-26 10:06:39,4.38,62900,4.38,U
sz000100,TCL科技,2025-09-26 10:06:42,4.37,119700,4.38,D
sz000100,TCL科技,2025-09-26 10:06:45,4.38,75600,4.37,U
sz000100,TCL科技,2025-09-26 10:06:54,4.38,105300,4.38,U
sz000100,TCL科技,2025-09-26 10:06:57,4.38,39400,4.38,U
sz000100,TCL科技,2025-09-26 10:07:03,4.38,49900,4.38,U
sz000100,TCL科技,2025-09-26 10:07:06,4.38,36200,4.38,U
sz000100,TCL科技,2025-09-26 10:07:09,4.38,47500,4.38,U
sz000100,TCL科技,2025-09-26 10:07:12,4.38,169400,4.38,U
sz000100,TCL科技,2025-09-26 10:07:15,4.38,40000,4.38,U
sz000100,TCL科技,2025-09-26 10:07:21,4.38,21500,4.38,U
sz000100,TCL科技,2025-09-26 10:07:24,4.38,76100,4.38,U
sz000100,TCL科技,2025-09-26 10:07:30,4.38,25400,4.38,U
sz000100,TCL科技,2025-09-26 10:07:33,4.38,37100,4.38,U
sz000100,TCL科技,2025-09-26 10:07:39,4.37,57800,4.38,D
sz000100,TCL科技,2025-09-26 10:07:45,4.38,40700,4.38,U
sz000100,TCL科技,2025-09-26 10:07:48,4.38,46100,4.38,U
sz000100,TCL科技,2025-09-26 10:07:51,4.38,45200,4.38,U
sz000100,TCL科技,2025-09-26 10:07:54,4.38,77500,4.38,U
sz000100,TCL科技,2025-09-26 10:07:57,4.37,25800,4.38,D
sz000100,TCL科技,2025-09-26 10:08:00,4.38,23600,4.37,U
sz000100,TCL科技,2025-09-26 10:08:03,4.38,78900,4.38,U
sz000100,TCL科技,2025-09-26 10:08:06,4.38,40700,4.38,U
sz000100,TCL科技,2025-09-26 10:08:09,4.37,110900,4.38,D
sz000100,TCL科技,2025-09-26 10:08:12,4.37,43100,4.37,D
sz000100,TCL科技,2025-09-26 10:08:15,4.38,81800,4.37,U
sz000100,TCL科技,2025-09-26 10:08:18,4.37,48300,4.38,D
sz000100,TCL科技,2025-09-26 10:08:24,4.38,28100,4.38,U
sz000100,TCL科技,2025-09-26 10:08:27,4.37,95400,4.38,D
sz000100,TCL科技,2025-09-26 10:08:33,4.38,136800,4.38,U
sz000100,TCL科技,2025-09-26 10:08:36,4.38,59400,4.38,U
sz000100,TCL科技,2025-09-26 10:08:39,4.38,174000,4.38,U
sz000100,TCL科技,2025-09-26 10:08:42,4.38,55100,4.38,U
sz000100,TCL科技,2025-09-26 10:08:48,4.38,27100,4.38,U
sz000100,TCL科技,2025-09-26 10:08:51,4.38,34900,4.38,U
sz000100,TCL科技,2025-09-26 10:08:54,4.38,924850,4.38,U
sz000100,TCL科技,2025-09-26 10:08:57,4.38,90700,4.38,U
sz000100,TCL科技,2025-09-26 10:09:00,4.38,82600,4.38,U
sz000100,TCL科技,2025-09-26 10:09:03,4.38,352700,4.38,U
sz000100,TCL科技,2025-09-26 10:09:06,4.38,127700,4.38,U
sz000100,TCL科技,2025-09-26 10:09:09,4.38,46100,4.38,U
sz000100,TCL科技,2025-09-26 10:09:12,4.37,146400,4.38,D
sz000100,TCL科技,2025-09-26 10:09:15,4.38,271100,4.37,U
sz000100,TCL科技,2025-09-26 10:09:18,4.38,70000,4.38,D
sz000100,TCL科技,2025-09-26 10:09:24,4.39,75000,4.38,U
sz000100,TCL科技,2025-09-26 10:09:27,4.38,129100,4.39,D
sz000100,TCL科技,2025-09-26 10:09:30,4.38,27400,4.38,D
sz000100,TCL科技,2025-09-26 10:09:33,4.39,40000,4.38,U
sz000100,TCL科技,2025-09-26 10:09:39,4.38,51600,4.38,D
sz000100,TCL科技,2025-09-26 10:09:42,4.39,55100,4.38,U
sz000100,TCL科技,2025-09-26 10:09:51,4.38,71100,4.38,D
sz000100,TCL科技,2025-09-26 10:09:57,4.39,87200,4.38,U
sz000100,TCL科技,2025-09-26 10:10:06,4.38,1770550,4.38,D
sz000100,TCL科技,2025-09-26 10:10:09,4.38,103000,4.38,U
sz000100,TCL科技,2025-09-26 10:10:12,4.38,86200,4.38,U
sz000100,TCL科技,2025-09-26 10:10:15,4.38,84300,4.38,U
sz000100,TCL科技,2025-09-26 10:10:18,4.38,198700,4.38,U
sz000100,TCL科技,2025-09-26 10:10:21,4.38,63100,4.38,U
sz000100,TCL科技,2025-09-26 10:10:33,4.38,41100,4.38,U
sz000100,TCL科技,2025-09-26 10:10:39,4.38,65500,4.38,U
sz000100,TCL科技,2025-09-26 10:10:42,4.38,51400,4.38,U
sz000100,TCL科技,2025-09-26 10:10:45,4.38,60500,4.38,U
sz000100,TCL科技,2025-09-26 10:10:48,4.38,52100,4.38,U
sz000100,TCL科技,2025-09-26 10:10:51,4.37,134400,4.38,D
sz000100,TCL科技,2025-09-26 10:10:54,4.38,32800,4.37,U
sz000100,TCL科技,2025-09-26 10:11:00,4.38,25900,4.38,U
sz000100,TCL科技,2025-09-26 10:11:03,4.38,55100,4.38,U
sz000100,TCL科技,2025-09-26 10:11:06,4.38,47700,4.38,U
sz000100,TCL科技,2025-09-26 10:11:18,4.38,25710,4.38,U
sz000100,TCL科技,2025-09-26 10:11:21,4.38,132100,4.38,U
sz000100,TCL科技,2025-09-26 10:11:24,4.38,42900,4.38,U
sz000100,TCL科技,2025-09-26 10:11:27,4.38,160700,4.38,U
sz000100,TCL科技,2025-09-26 10:11:30,4.38,1014100,4.38,U
sz000100,TCL科技,2025-09-26 10:11:33,4.38,106900,4.38,D
sz000100,TCL科技,2025-09-26 10:11:36,4.38,742600,4.38,U
sz000100,TCL科技,2025-09-26 10:11:39,4.37,56700,4.38,D
sz000100,TCL科技,2025-09-26 10:11:42,4.37,61500,4.37,D
sz000100,TCL科技,2025-09-26 10:11:45,4.37,32700,4.37,D
sz000100,TCL科技,2025-09-26 10:12:00,4.38,110200,4.38,U
sz000100,TCL科技,2025-09-26 10:12:03,4.38,515300,4.38,U
sz000100,TCL科技,2025-09-26 10:12:06,4.38,37100,4.38,U
sz000100,TCL科技,2025-09-26 10:12:12,4.38,22500,4.38,U
sz000100,TCL科技,2025-09-26 10:12:15,4.38,42600,4.38,U
sz000100,TCL科技,2025-09-26 10:12:18,4.38,533300,4.38,U
sz000100,TCL科技,2025-09-26 10:12:24,4.37,22800,4.38,D
sz000100,TCL科技,2025-09-26 10:12:39,4.37,376100,4.38,D
sz000100,TCL科技,2025-09-26 10:12:42,4.37,81000,4.37,D
sz000100,TCL科技,2025-09-26 10:12:48,4.37,129500,4.37,D
sz000100,TCL科技,2025-09-26 10:12:51,4.37,221800,4.37,D
sz000100,TCL科技,2025-09-26 10:12:54,4.38,54100,4.37,U
sz000100,TCL科技,2025-09-26 10:12:57,4.38,27400,4.38,U
sz000100,TCL科技,2025-09-26 10:13:03,4.37,71000,4.38,D
sz000100,TCL科技,2025-09-26 10:13:06,4.37,148400,4.37,D
sz000100,TCL科技,2025-09-26 10:13:09,4.37,161800,4.37,D
sz000100,TCL科技,2025-09-26 10:13:12,4.37,550400,4.37,D
sz000100,TCL科技,2025-09-26 10:13:15,4.37,39400,4.37,D
sz000100,TCL科技,2025-09-26 10:13:18,4.38,106200,4.37,U
sz000100,TCL科技,2025-09-26 10:13:21,4.37,73100,4.38,D
sz000100,TCL科技,2025-09-26 10:13:24,4.37,67200,4.37,D
sz000100,TCL科技,2025-09-26 10:13:30,4.37,30600,4.38,D
sz000100,TCL科技,2025-09-26 10:13:33,4.38,67200,4.37,U
sz000100,TCL科技,2025-09-26 10:13:36,4.37,33300,4.38,D
sz000100,TCL科技,2025-09-26 10:13:39,4.38,79000,4.37,U
sz000100,TCL科技,2025-09-26 10:13:42,4.38,37700,4.38,U
sz000100,TCL科技,2025-09-26 10:13:45,4.38,21100,4.38,U
sz000100,TCL科技,2025-09-26 10:13:48,4.38,28200,4.38,U
sz000100,TCL科技,2025-09-26 10:13:57,4.37,33000,4.38,D
sz000100,TCL科技,2025-09-26 10:14:00,4.37,104100,4.37,D
sz000100,TCL科技,2025-09-26 10:14:03,4.37,152900,4.37,D
sz000100,TCL科技,2025-09-26 10:14:06,4.37,38600,4.37,D
sz000100,TCL科技,2025-09-26 10:14:12,4.38,23500,4.38,U
sz000100,TCL科技,2025-09-26 10:14:15,4.38,75500,4.38,U
sz000100,TCL科技,2025-09-26 10:14:18,4.38,25600,4.38,U
sz000100,TCL科技,2025-09-26 10:14:21,4.38,44200,4.38,U
sz000100,TCL科技,2025-09-26 10:14:24,4.38,29100,4.38,U
sz000100,TCL科技,2025-09-26 10:14:30,4.37,25800,4.38,D
sz000100,TCL科技,2025-09-26 10:14:33,4.37,81900,4.37,D
sz000100,TCL科技,2025-09-26 10:14:39,4.37,86500,4.37,D
sz000100,TCL科技,2025-09-26 10:14:42,4.38,28400,4.37,U
sz000100,TCL科技,2025-09-26 10:14:45,4.37,89300,4.38,D
sz000100,TCL科技,2025-09-26 10:14:51,4.38,30100,4.37,U
sz000100,TCL科技,2025-09-26 10:15:06,4.38,23800,4.37,U
sz000100,TCL科技,2025-09-26 10:15:09,4.38,60300,4.38,U
sz000100,TCL科技,2025-09-26 10:15:15,4.37,28300,4.37,D
sz000100,TCL科技,2025-09-26 10:15:21,4.37,32200,4.37,D
sz000100,TCL科技,2025-09-26 10:15:30,4.38,26900,4.37,U
sz000100,TCL科技,2025-09-26 10:15:33,4.37,28500,4.38,D
sz000100,TCL科技,2025-09-26 10:15:39,4.37,36800,4.38,D
sz000100,TCL科技,2025-09-26 10:15:42,4.38,43700,4.37,U
sz000100,TCL科技,2025-09-26 10:15:48,4.37,120800,4.37,D
sz000100,TCL科技,2025-09-26 10:15:51,4.37,5728500,4.37,D
sz000100,TCL科技,2025-09-26 10:15:54,4.38,533500,4.37,U
sz000100,TCL科技,2025-09-26 10:15:57,4.37,240000,4.38,D
sz000100,TCL科技,2025-09-26 10:16:00,4.37,168800,4.37,D
sz000100,TCL科技,2025-09-26 10:16:03,4.37,647557,4.37,D
sz000100,TCL科技,2025-09-26 10:16:06,4.37,216800,4.37,U
sz000100,TCL科技,2025-09-26 10:16:09,4.37,221000,4.37,U
sz000100,TCL科技,2025-09-26 10:16:12,4.36,210100,4.37,D
sz000100,TCL科技,2025-09-26 10:16:15,4.37,271000,4.36,U
sz000100,TCL科技,2025-09-26 10:16:18,4.37,40000,4.37,U
sz000100,TCL科技,2025-09-26 10:16:21,4.37,76400,4.37,U
sz000100,TCL科技,2025-09-26 10:16:24,4.37,37900,4.37,U
sz000100,TCL科技,2025-09-26 10:16:27,4.37,61000,4.37,U
sz000100,TCL科技,2025-09-26 10:16:30,4.37,38100,4.37,U
sz000100,TCL科技,2025-09-26 10:16:33,4.37,128100,4.37,U
sz000100,TCL科技,2025-09-26 10:16:36,4.37,93100,4.37,U
sz000100,TCL科技,2025-09-26 10:16:39,4.37,123000,4.37,U
sz000100,TCL科技,2025-09-26 10:16:42,4.37,40400,4.37,U
sz000100,TCL科技,2025-09-26 10:16:45,4.37,86000,4.37,U
sz000100,TCL科技,2025-09-26 10:16:48,4.37,80300,4.37,U
sz000100,TCL科技,2025-09-26 10:16:51,4.36,42200,4.37,D
sz000100,TCL科技,2025-09-26 10:16:54,4.37,33200,4.36,U
sz000100,TCL科技,2025-09-26 10:17:00,4.36,62300,4.37,D
sz000100,TCL科技,2025-09-26 10:17:09,4.36,70600,4.37,D
sz000100,TCL科技,2025-09-26 10:17:12,4.37,255200,4.36,U
sz000100,TCL科技,2025-09-26 10:17:24,4.37,45000,4.37,U
sz000100,TCL科技,2025-09-26 10:17:27,4.37,363400,4.37,U
sz000100,TCL科技,2025-09-26 10:17:30,4.37,91300,4.37,U
sz000100,TCL科技,2025-09-26 10:17:33,4.37,55500,4.37,U
sz000100,TCL科技,2025-09-26 10:17:39,4.37,68400,4.36,U
sz000100,TCL科技,2025-09-26 10:17:42,4.37,78100,4.37,U
sz000100,TCL科技,2025-09-26 10:17:48,4.37,31000,4.37,U
sz000100,TCL科技,2025-09-26 10:17:51,4.37,142500,4.37,U
sz000100,TCL科技,2025-09-26 10:17:57,4.37,24000,4.37,U
sz000100,TCL科技,2025-09-26 10:18:06,4.36,68800,4.36,D
sz000100,TCL科技,2025-09-26 10:18:15,4.37,46500,4.37,U
sz000100,TCL科技,2025-09-26 10:18:18,4.37,25200,4.37,U
sz000100,TCL科技,2025-09-26 10:18:24,4.37,41300,4.36,U
sz000100,TCL科技,2025-09-26 10:18:27,4.37,30600,4.37,U
sz000100,TCL科技,2025-09-26 10:18:33,4.37,65300,4.37,U
sz000100,TCL科技,2025-09-26 10:18:36,4.36,26800,4.37,D
sz000100,TCL科技,2025-09-26 10:18:39,4.37,74200,4.36,U
sz000100,TCL科技,2025-09-26 10:18:42,4.37,180400,4.37,U
sz000100,TCL科技,2025-09-26 10:18:45,4.37,39600,4.37,U
sz000100,TCL科技,2025-09-26 10:18:48,4.37,75800,4.37,U
sz000100,TCL科技,2025-09-26 10:18:57,4.37,59000,4.37,U
sz000100,TCL科技,2025-09-26 10:19:00,4.37,45600,4.37,U
sz000100,TCL科技,2025-09-26 10:19:03,4.37,82100,4.37,U
sz000100,TCL科技,2025-09-26 10:19:06,4.37,70800,4.37,U
sz000100,TCL科技,2025-09-26 10:19:09,4.38,1326932,4.37,U
sz000100,TCL科技,2025-09-26 10:19:15,4.38,66400,4.38,U
sz000100,TCL科技,2025-09-26 10:19:21,4.38,23700,4.38,U
sz000100,TCL科技,2025-09-26 10:19:24,4.38,51600,4.38,U
sz000100,TCL科技,2025-09-26 10:19:27,4.38,28200,4.38,U
sz000100,TCL科技,2025-09-26 10:19:30,4.37,20400,4.38,D
sz000100,TCL科技,2025-09-26 10:19:33,4.37,314300,4.37,D
sz000100,TCL科技,2025-09-26 10:19:36,4.37,62230,4.37,D
sz000100,TCL科技,2025-09-26 10:19:39,4.37,62200,4.37,D
sz000100,TCL科技,2025-09-26 10:20:03,4.37,28700,4.38,D
sz000100,TCL科技,2025-09-26 10:20:12,4.38,190000,4.38,U
sz000100,TCL科技,2025-09-26 10:20:15,4.37,176400,4.38,D
sz000100,TCL科技,2025-09-26 10:20:18,4.38,55200,4.37,U
sz000100,TCL科技,2025-09-26 10:20:21,4.38,32900,4.38,U
sz000100,TCL科技,2025-09-26 10:20:24,4.37,113400,4.38,D
sz000100,TCL科技,2025-09-26 10:20:27,4.38,29300,4.37,U
sz000100,TCL科技,2025-09-26 10:20:33,4.37,21500,4.38,D
sz000100,TCL科技,2025-09-26 10:20:39,4.37,1591200,4.37,D
sz000100,TCL科技,2025-09-26 10:20:42,4.37,171900,4.37,U
sz000100,TCL科技,2025-09-26 10:20:45,4.37,47500,4.37,U
sz000100,TCL科技,2025-09-26 10:20:48,4.37,82800,4.37,U
sz000100,TCL科技,2025-09-26 10:20:51,4.36,24200,4.37,D
sz000100,TCL科技,2025-09-26 10:20:54,4.37,64000,4.36,U
sz000100,TCL科技,2025-09-26 10:20:57,4.37,126470,4.37,U
sz000100,TCL科技,2025-09-26 10:21:00,4.36,53300,4.37,D
sz000100,TCL科技,2025-09-26 10:21:03,4.37,38900,4.36,U
sz000100,TCL科技,2025-09-26 10:21:06,4.37,132400,4.37,U
sz000100,TCL科技,2025-09-26 10:21:09,4.36,87600,4.37,D
sz000100,TCL科技,2025-09-26 10:21:12,4.37,22700,4.36,U
sz000100,TCL科技,2025-09-26 10:21:15,4.36,74400,4.37,D
sz000100,TCL科技,2025-09-26 10:21:21,4.36,53600,4.37,D
sz000100,TCL科技,2025-09-26 10:21:30,4.37,28100,4.37,U
sz000100,TCL科技,2025-09-26 10:21:33,4.36,46300,4.37,D
sz000100,TCL科技,2025-09-26 10:21:36,4.37,107200,4.36,U
sz000100,TCL科技,2025-09-26 10:21:39,4.36,64700,4.37,D
sz000100,TCL科技,2025-09-26 10:21:42,4.37,54800,4.36,U
sz000100,TCL科技,2025-09-26 10:21:45,4.37,40900,4.37,U
sz000100,TCL科技,2025-09-26 10:21:48,4.37,80800,4.37,U
sz000100,TCL科技,2025-09-26 10:21:54,4.37,20910,4.37,U
sz000100,TCL科技,2025-09-26 10:21:57,4.36,94900,4.37,D
sz000100,TCL科技,2025-09-26 10:22:00,4.37,50800,4.36,U
sz000100,TCL科技,2025-09-26 10:22:03,4.37,66300,4.37,U
sz000100,TCL科技,2025-09-26 10:22:06,4.37,62100,4.37,U
sz000100,TCL科技,2025-09-26 10:22:09,4.37,58700,4.37,U
sz000100,TCL科技,2025-09-26 10:22:12,4.37,30100,4.37,U
sz000100,TCL科技,2025-09-26 10:22:15,4.36,35600,4.37,D
sz000100,TCL科技,2025-09-26 10:22:18,4.37,27100,4.36,U
sz000100,TCL科技,2025-09-26 10:22:21,4.37,35800,4.37,U
sz000100,TCL科技,2025-09-26 10:22:30,4.36,83200,4.37,D
sz000100,TCL科技,2025-09-26 10:22:33,4.36,37300,4.36,D
sz000100,TCL科技,2025-09-26 10:22:36,4.37,53700,4.36,U
sz000100,TCL科技,2025-09-26 10:22:39,4.36,46900,4.37,D
sz000100,TCL科技,2025-09-26 10:22:45,4.37,37800,4.36,U
sz000100,TCL科技,2025-09-26 10:22:48,4.37,39370,4.37,U
sz000100,TCL科技,2025-09-26 10:22:51,4.37,39400,4.37,U
sz000100,TCL科技,2025-09-26 10:22:54,4.37,58100,4.37,U
sz000100,TCL科技,2025-09-26 10:22:57,4.37,46500,4.37,U
sz000100,TCL科技,2025-09-26 10:23:00,4.36,68600,4.37,D
sz000100,TCL科技,2025-09-26 10:23:03,4.37,33800,4.36,U
sz000100,TCL科技,2025-09-26 10:23:12,4.37,24400,4.37,U
sz000100,TCL科技,2025-09-26 10:23:15,4.36,27600,4.37,D
sz000100,TCL科技,2025-09-26 10:23:21,4.37,20000,4.36,U
sz000100,TCL科技,2025-09-26 10:23:24,4.37,59500,4.37,U
sz000100,TCL科技,2025-09-26 10:23:30,4.36,31100,4.36,D
sz000100,TCL科技,2025-09-26 10:23:33,4.36,63200,4.36,D
sz000100,TCL科技,2025-09-26 10:23:36,4.37,75200,4.36,U
sz000100,TCL科技,2025-09-26 10:23:39,4.36,69100,4.37,D
sz000100,TCL科技,2025-09-26 10:23:42,4.36,41100,4.36,D
sz000100,TCL科技,2025-09-26 10:23:48,4.37,28700,4.37,U
sz000100,TCL科技,2025-09-26 10:23:51,4.36,24900,4.37,D
sz000100,TCL科技,2025-09-26 10:23:54,4.37,39300,4.36,U
sz000100,TCL科技,2025-09-26 10:23:57,4.37,20800,4.37,U
sz000100,TCL科技,2025-09-26 10:24:00,4.36,610900,4.37,D
sz000100,TCL科技,2025-09-26 10:24:03,4.36,123800,4.36,D
sz000100,TCL科技,2025-09-26 10:24:06,4.37,39000,4.36,U
sz000100,TCL科技,2025-09-26 10:24:09,4.36,48400,4.37,D
sz000100,TCL科技,2025-09-26 10:24:12,4.36,27500,4.36,D
sz000100,TCL科技,2025-09-26 10:24:15,4.36,91100,4.36,D
sz000100,TCL科技,2025-09-26 10:24:18,4.37,70100,4.36,U
sz000100,TCL科技,2025-09-26 10:24:21,4.37,22300,4.37,U
sz000100,TCL科技,2025-09-26 10:24:24,4.37,44200,4.37,U
sz000100,TCL科技,2025-09-26 10:24:27,4.37,23400,4.37,U
sz000100,TCL科技,2025-09-26 10:24:30,4.37,23000,4.37,U
sz000100,TCL科技,2025-09-26 10:24:33,4.36,58900,4.37,D
sz000100,TCL科技,2025-09-26 10:24:36,4.36,44200,4.36,D
sz000100,TCL科技,2025-09-26 10:24:39,4.36,93600,4.36,D
sz000100,TCL科技,2025-09-26 10:24:42,4.36,20300,4.36,D
sz000100,TCL科技,2025-09-26 10:24:45,4.37,46900,4.36,U
sz000100,TCL科技,2025-09-26 10:24:54,4.37,266000,4.37,U
sz000100,TCL科技,2025-09-26 10:24:57,4.36,32600,4.37,D
sz000100,TCL科技,2025-09-26 10:25:03,4.37,1090700,4.37,U
sz000100,TCL科技,2025-09-26 10:25:06,4.37,292900,4.37,U
sz000100,TCL科技,2025-09-26 10:25:09,4.37,53600,4.37,U
sz000100,TCL科技,2025-09-26 10:25:12,4.37,54700,4.37,U
sz000100,TCL科技,2025-09-26 10:25:18,4.37,111200,4.37,U
sz000100,TCL科技,2025-09-26 10:25:21,4.37,109900,4.37,U
sz000100,TCL科技,2025-09-26 10:25:24,4.37,23200,4.37,U
sz000100,TCL科技,2025-09-26 10:25:27,4.37,351700,4.37,U
sz000100,TCL科技,2025-09-26 10:25:30,4.37,318200,4.37,U
sz000100,TCL科技,2025-09-26 10:25:33,4.37,47600,4.37,U
sz000100,TCL科技,2025-09-26 10:25:36,4.37,106500,4.37,U
sz000100,TCL科技,2025-09-26 10:25:39,4.37,170600,4.37,U
sz000100,TCL科技,2025-09-26 10:25:42,4.36,413900,4.37,D
sz000100,TCL科技,2025-09-26 10:25:45,4.37,54200,4.36,U
sz000100,TCL科技,2025-09-26 10:25:48,4.37,48900,4.37,U
sz000100,TCL科技,2025-09-26 10:25:51,4.37,41000,4.37,U
sz000100,TCL科技,2025-09-26 10:25:54,4.37,68900,4.37,U
sz000100,TCL科技,2025-09-26 10:25:57,4.37,60700,4.37,U
sz000100,TCL科技,2025-09-26 10:26:00,4.37,102200,4.37,U
sz000100,TCL科技,2025-09-26 10:26:03,4.37,28700,4.37,U
sz000100,TCL科技,2025-09-26 10:26:06,4.37,74100,4.37,U
sz000100,TCL科技,2025-09-26 10:26:12,4.37,59400,4.37,U
sz000100,TCL科技,2025-09-26 10:26:15,4.37,142400,4.37,U
sz000100,TCL科技,2025-09-26 10:26:18,4.37,59400,4.37,U
sz000100,TCL科技,2025-09-26 10:26:21,4.37,37600,4.37,U
sz000100,TCL科技,2025-09-26 10:26:24,4.37,31500,4.37,U
sz000100,TCL科技,2025-09-26 10:26:27,4.37,128000,4.37,U
sz000100,TCL科技,2025-09-26 10:26:30,4.36,92100,4.37,D
sz000100,TCL科技,2025-09-26 10:26:33,4.37,42200,4.36,U
sz000100,TCL科技,2025-09-26 10:26:39,4.37,83000,4.37,U
sz000100,TCL科技,2025-09-26 10:26:42,4.37,41100,4.37,U
sz000100,TCL科技,2025-09-26 10:26:45,4.37,51500,4.37,U
sz000100,TCL科技,2025-09-26 10:26:48,4.37,25100,4.37,U
sz000100,TCL科技,2025-09-26 10:26:51,4.37,131800,4.37,U
sz000100,TCL科技,2025-09-26 10:27:00,4.37,39300,4.37,U
sz000100,TCL科技,2025-09-26 10:27:03,4.37,47000,4.37,U
sz000100,TCL科技,2025-09-26 10:27:06,4.36,48700,4.37,D
sz000100,TCL科技,2025-09-26 10:27:12,4.37,28300,4.36,U
sz000100,TCL科技,2025-09-26 10:27:18,4.37,31300,4.37,U
sz000100,TCL科技,2025-09-26 10:27:21,4.37,107300,4.37,U
sz000100,TCL科技,2025-09-26 10:27:24,4.37,20500,4.37,U
sz000100,TCL科技,2025-09-26 10:27:27,4.37,38900,4.37,U
sz000100,TCL科技,2025-09-26 10:27:33,4.37,81700,4.37,U
sz000100,TCL科技,2025-09-26 10:27:36,4.37,63200,4.37,U
sz000100,TCL科技,2025-09-26 10:27:39,4.37,104300,4.37,U
sz000100,TCL科技,2025-09-26 10:27:48,4.37,64800,4.37,U
sz000100,TCL科技,2025-09-26 10:27:51,4.37,21800,4.37,U
sz000100,TCL科技,2025-09-26 10:27:54,4.36,24000,4.37,D
sz000100,TCL科技,2025-09-26 10:28:00,4.37,39600,4.37,U
sz000100,TCL科技,2025-09-26 10:28:03,4.37,141900,4.37,U
sz000100,TCL科技,2025-09-26 10:28:06,4.37,124200,4.37,U
sz000100,TCL科技,2025-09-26 10:28:09,4.37,89700,4.37,D
sz000100,TCL科技,2025-09-26 10:28:15,4.37,66000,4.38,D
sz000100,TCL科技,2025-09-26 10:28:18,4.38,47300,4.37,U
sz000100,TCL科技,2025-09-26 10:28:21,4.37,238700,4.38,D
sz000100,TCL科技,2025-09-26 10:28:24,4.37,102200,4.37,U
sz000100,TCL科技,2025-09-26 10:28:27,4.37,38600,4.37,U
sz000100,TCL科技,2025-09-26 10:28:30,4.37,78300,4.37,D
sz000100,TCL科技,2025-09-26 10:28:33,4.37,36500,4.37,U
sz000100,TCL科技,2025-09-26 10:28:36,4.37,35700,4.37,U
sz000100,TCL科技,2025-09-26 10:28:39,4.36,148000,4.37,D
sz000100,TCL科技,2025-09-26 10:28:42,4.36,138400,4.36,D
sz000100,TCL科技,2025-09-26 10:28:45,4.37,25600,4.36,U
sz000100,TCL科技,2025-09-26 10:28:48,4.37,91900,4.37,U
sz000100,TCL科技,2025-09-26 10:28:51,4.37,44700,4.37,U
sz000100,TCL科技,2025-09-26 10:28:54,4.37,27700,4.37,U
sz000100,TCL科技,2025-09-26 10:29:00,4.37,50900,4.37,U
sz000100,TCL科技,2025-09-26 10:29:03,4.37,28900,4.37,U
sz000100,TCL科技,2025-09-26 10:29:18,4.37,82800,4.37,U
sz000100,TCL科技,2025-09-26 10:29:21,4.37,75000,4.37,U
sz000100,TCL科技,2025-09-26 10:29:24,4.37,112100,4.37,U
sz000100,TCL科技,2025-09-26 10:29:27,4.37,25600,4.37,U
sz000100,TCL科技,2025-09-26 10:29:33,4.37,27300,4.37,U
sz000100,TCL科技,2025-09-26 10:29:36,4.37,81500,4.37,U
sz000100,TCL科技,2025-09-26 10:29:39,4.36,55700,4.37,D
sz000100,TCL科技,2025-09-26 10:29:48,4.37,121500,4.37,U
sz000100,TCL科技,2025-09-26 10:29:51,4.36,37400,4.37,D
sz000100,TCL科技,2025-09-26 10:29:54,4.36,30100,4.36,D
sz000100,TCL科技,2025-09-26 10:29:57,4.37,38500,4.36,U
sz000100,TCL科技,2025-09-26 10:30:00,4.36,103600,4.37,D
sz000100,TCL科技,2025-09-26 10:30:06,4.37,49300,4.36,U
sz000100,TCL科技,2025-09-26 10:30:18,4.37,20300,4.37,U
sz000100,TCL科技,2025-09-26 10:30:24,4.37,30000,4.36,U
sz000100,TCL科技,2025-09-26 10:30:33,4.37,46100,4.37,U
sz000100,TCL科技,2025-09-26 10:30:39,4.36,178400,4.37,D
sz000100,TCL科技,2025-09-26 10:30:42,4.37,28800,4.36,U
sz000100,TCL科技,2025-09-26 10:30:45,4.37,26600,4.37,U
sz000100,TCL科技,2025-09-26 10:30:48,4.37,31700,4.37,U
sz000100,TCL科技,2025-09-26 10:30:54,4.36,20300,4.37,D
sz000100,TCL科技,2025-09-26 10:30:57,4.37,25500,4.36,U
sz000100,TCL科技,2025-09-26 10:31:00,4.37,20700,4.37,U
sz000100,TCL科技,2025-09-26 10:31:12,4.37,25400,4.36,U
sz000100,TCL科技,2025-09-26 10:31:15,4.37,93300,4.37,U
sz000100,TCL科技,2025-09-26 10:31:18,4.36,43000,4.37,D
sz000100,TCL科技,2025-09-26 10:31:27,4.36,65200,4.37,D
sz000100,TCL科技,2025-09-26 10:31:30,4.37,32900,4.36,U
sz000100,TCL科技,2025-09-26 10:31:33,4.36,57100,4.37,D
sz000100,TCL科技,2025-09-26 10:31:39,4.36,55800,4.37,D
sz000100,TCL科技,2025-09-26 10:31:48,4.37,72400,4.37,U
sz000100,TCL科技,2025-09-26 10:31:54,4.37,22700,4.37,U
sz000100,TCL科技,2025-09-26 10:32:00,4.37,115300,4.37,U
sz000100,TCL科技,2025-09-26 10:32:03,4.37,21700,4.37,U
sz000100,TCL科技,2025-09-26 10:32:09,4.37,42400,4.36,U
sz000100,TCL科技,2025-09-26 10:32:12,4.37,36700,4.37,U
sz000100,TCL科技,2025-09-26 10:32:15,4.37,25100,4.37,U
sz000100,TCL科技,2025-09-26 10:32:18,4.37,58900,4.37,U
sz000100,TCL科技,2025-09-26 10:32:24,4.37,1326600,4.37,U
sz000100,TCL科技,2025-09-26 10:32:27,4.37,53700,4.37,U
sz000100,TCL科技,2025-09-26 10:32:30,4.36,592700,4.37,D
sz000100,TCL科技,2025-09-26 10:32:33,4.37,153000,4.36,U
sz000100,TCL科技,2025-09-26 10:32:36,4.37,87600,4.37,U
sz000100,TCL科技,2025-09-26 10:32:39,4.36,73500,4.37,D
sz000100,TCL科技,2025-09-26 10:32:42,4.37,64100,4.36,U
sz000100,TCL科技,2025-09-26 10:32:45,4.37,518700,4.37,U
sz000100,TCL科技,2025-09-26 10:32:48,4.37,42100,4.37,U
sz000100,TCL科技,2025-09-26 10:32:54,4.37,21900,4.37,U
sz000100,TCL科技,2025-09-26 10:33:00,4.36,510400,4.37,D
sz000100,TCL科技,2025-09-26 10:33:03,4.36,53300,4.36,D
sz000100,TCL科技,2025-09-26 10:33:06,4.37,52700,4.36,U
sz000100,TCL科技,2025-09-26 10:33:09,4.37,66600,4.37,U
sz000100,TCL科技,2025-09-26 10:33:15,4.36,396400,4.37,D
sz000100,TCL科技,2025-09-26 10:33:18,4.36,36800,4.36,D
sz000100,TCL科技,2025-09-26 10:33:21,4.36,24100,4.36,D
sz000100,TCL科技,2025-09-26 10:33:24,4.36,63500,4.36,D
sz000100,TCL科技,2025-09-26 10:33:33,4.36,24900,4.36,D
sz000100,TCL科技,2025-09-26 10:33:39,4.36,57900,4.36,D
sz000100,TCL科技,2025-09-26 10:33:51,4.37,31520,4.37,U
sz000100,TCL科技,2025-09-26 10:33:54,4.36,21500,4.37,D
sz000100,TCL科技,2025-09-26 10:34:00,4.36,50500,4.37,D
sz000100,TCL科技,2025-09-26 10:34:03,4.37,57000,4.36,U
sz000100,TCL科技,2025-09-26 10:34:06,4.37,68100,4.37,U
sz000100,TCL科技,2025-09-26 10:34:09,4.36,20200,4.37,D
sz000100,TCL科技,2025-09-26 10:34:18,4.36,23500,4.37,D
sz000100,TCL科技,2025-09-26 10:34:27,4.36,25800,4.37,D
sz000100,TCL科技,2025-09-26 10:34:30,4.36,29100,4.36,D
sz000100,TCL科技,2025-09-26 10:34:33,4.36,42600,4.36,D
sz000100,TCL科技,2025-09-26 10:34:39,4.36,40200,4.36,D
sz000100,TCL科技,2025-09-26 10:34:42,4.37,42600,4.36,U
sz000100,TCL科技,2025-09-26 10:34:45,4.36,43900,4.37,D
sz000100,TCL科技,2025-09-26 10:34:48,4.37,31300,4.36,U
sz000100,TCL科技,2025-09-26 10:34:51,4.37,48300,4.37,U
sz000100,TCL科技,2025-09-26 10:34:54,4.37,32800,4.37,U
sz000100,TCL科技,2025-09-26 10:34:57,4.36,25900,4.37,D
sz000100,TCL科技,2025-09-26 10:35:00,4.36,21500,4.36,D
sz000100,TCL科技,2025-09-26 10:35:03,4.37,30200,4.36,U
sz000100,TCL科技,2025-09-26 10:35:06,4.37,32900,4.37,U
sz000100,TCL科技,2025-09-26 10:35:12,4.37,22400,4.37,U
sz000100,TCL科技,2025-09-26 10:35:18,4.37,62700,4.37,U
sz000100,TCL科技,2025-09-26 10:35:21,4.36,188600,4.37,D
sz000100,TCL科技,2025-09-26 10:35:24,4.36,192900,4.36,D
sz000100,TCL科技,2025-09-26 10:35:27,4.36,97500,4.36,D
sz000100,TCL科技,2025-09-26 10:35:30,4.36,84700,4.36,D
sz000100,TCL科技,2025-09-26 10:35:33,4.36,169300,4.36,D
sz000100,TCL科技,2025-09-26 10:35:36,4.37,43400,4.36,U
sz000100,TCL科技,2025-09-26 10:35:39,4.37,38700,4.37,U
sz000100,TCL科技,2025-09-26 10:35:42,4.37,28900,4.37,U
sz000100,TCL科技,2025-09-26 10:35:45,4.37,21400,4.37,U
sz000100,TCL科技,2025-09-26 10:36:00,4.37,37900,4.36,U
sz000100,TCL科技,2025-09-26 10:36:03,4.36,47000,4.37,D
sz000100,TCL科技,2025-09-26 10:36:06,4.36,40600,4.36,D
sz000100,TCL科技,2025-09-26 10:36:15,4.37,26600,4.37,U
sz000100,TCL科技,2025-09-26 10:36:21,4.37,23200,4.37,U
sz000100,TCL科技,2025-09-26 10:36:24,4.37,27500,4.37,U
sz000100,TCL科技,2025-09-26 10:36:27,4.37,22300,4.37,U
sz000100,TCL科技,2025-09-26 10:36:30,4.37,21300,4.37,U
sz000100,TCL科技,2025-09-26 10:36:33,4.36,29900,4.37,D
sz000100,TCL科技,2025-09-26 10:36:39,4.36,148800,4.37,D
sz000100,TCL科技,2025-09-26 10:36:42,4.36,446800,4.36,D
sz000100,TCL科技,2025-09-26 10:36:45,4.36,393100,4.36,D
sz000100,TCL科技,2025-09-26 10:36:48,4.36,4512100,4.36,D
sz000100,TCL科技,2025-09-26 10:36:51,4.36,867800,4.36,D
sz000100,TCL科技,2025-09-26 10:36:54,4.36,238900,4.36,D
sz000100,TCL科技,2025-09-26 10:36:57,4.36,246800,4.36,D
sz000100,TCL科技,2025-09-26 10:37:00,4.36,225300,4.36,D
sz000100,TCL科技,2025-09-26 10:37:03,4.36,1328120,4.36,D
sz000100,TCL科技,2025-09-26 10:37:06,4.36,189600,4.36,U
sz000100,TCL科技,2025-09-26 10:37:09,4.36,73700,4.36,U
sz000100,TCL科技,2025-09-26 10:37:12,4.36,24900,4.36,U
sz000100,TCL科技,2025-09-26 10:37:24,4.36,78900,4.35,U
sz000100,TCL科技,2025-09-26 10:37:27,4.36,81030,4.36,U
sz000100,TCL科技,2025-09-26 10:37:33,4.35,22900,4.35,D
sz000100,TCL科技,2025-09-26 10:37:36,4.35,37900,4.35,D
sz000100,TCL科技,2025-09-26 10:37:39,4.35,131100,4.35,D
sz000100,TCL科技,2025-09-26 10:37:42,4.36,96300,4.35,U
sz000100,TCL科技,2025-09-26 10:37:45,4.35,72900,4.36,D
sz000100,TCL科技,2025-09-26 10:37:48,4.36,143800,4.35,U
sz000100,TCL科技,2025-09-26 10:37:51,4.36,21200,4.36,U
sz000100,TCL科技,2025-09-26 10:38:00,4.36,20800,4.36,U
sz000100,TCL科技,2025-09-26 10:38:06,4.36,108100,4.36,U
sz000100,TCL科技,2025-09-26 10:38:15,4.36,50800,4.36,U
sz000100,TCL科技,2025-09-26 10:38:18,4.36,34200,4.36,U
sz000100,TCL科技,2025-09-26 10:38:24,4.35,44600,4.36,D
sz000100,TCL科技,2025-09-26 10:38:27,4.36,93600,4.35,U
sz000100,TCL科技,2025-09-26 10:38:30,4.36,121800,4.36,U
sz000100,TCL科技,2025-09-26 10:38:33,4.35,130500,4.36,D
sz000100,TCL科技,2025-09-26 10:38:36,4.36,33500,4.35,U
sz000100,TCL科技,2025-09-26 10:38:39,4.35,54900,4.36,D
sz000100,TCL科技,2025-09-26 10:38:42,4.36,26000,4.35,U
sz000100,TCL科技,2025-09-26 10:38:45,4.36,28700,4.36,U
sz000100,TCL科技,2025-09-26 10:38:48,4.36,33000,4.36,U
sz000100,TCL科技,2025-09-26 10:38:51,4.36,36900,4.36,U
sz000100,TCL科技,2025-09-26 10:38:54,4.36,80400,4.36,U
sz000100,TCL科技,2025-09-26 10:38:57,4.36,131300,4.36,U
sz000100,TCL科技,2025-09-26 10:39:00,4.36,95700,4.36,U
sz000100,TCL科技,2025-09-26 10:39:03,4.36,21600,4.36,U
sz000100,TCL科技,2025-09-26 10:39:06,4.36,1190000,4.36,U
sz000100,TCL科技,2025-09-26 10:39:09,4.36,60100,4.36,D
sz000100,TCL科技,2025-09-26 10:39:15,4.36,189600,4.37,D
sz000100,TCL科技,2025-09-26 10:39:30,4.36,916200,4.36,D
sz000100,TCL科技,2025-09-26 10:39:33,4.36,394900,4.36,D
sz000100,TCL科技,2025-09-26 10:39:36,4.36,170800,4.36,U
sz000100,TCL科技,2025-09-26 10:39:39,4.36,51200,4.36,D
sz000100,TCL科技,2025-09-26 10:39:42,4.36,44900,4.36,D
sz000100,TCL科技,2025-09-26 10:40:06,4.37,22000,4.37,U
sz000100,TCL科技,2025-09-26 10:40:18,4.37,52100,4.36,U
sz000100,TCL科技,2025-09-26 10:40:21,4.36,129400,4.37,D
sz000100,TCL科技,2025-09-26 10:40:24,4.36,634760,4.36,D
sz000100,TCL科技,2025-09-26 10:40:30,4.36,106400,4.36,U
sz000100,TCL科技,2025-09-26 10:40:33,4.36,74500,4.36,U
sz000100,TCL科技,2025-09-26 10:40:36,4.36,107100,4.36,U
sz000100,TCL科技,2025-09-26 10:40:39,4.35,63500,4.36,D
sz000100,TCL科技,2025-09-26 10:40:42,4.36,91200,4.35,U
sz000100,TCL科技,2025-09-26 10:40:45,4.36,36600,4.36,U
sz000100,TCL科技,2025-09-26 10:40:48,4.36,51500,4.36,U
sz000100,TCL科技,2025-09-26 10:40:57,4.36,47700,4.36,U
sz000100,TCL科技,2025-09-26 10:41:00,4.36,34300,4.36,U
sz000100,TCL科技,2025-09-26 10:41:06,4.36,24100,4.36,U
sz000100,TCL科技,2025-09-26 10:41:15,4.36,51600,4.36,U
sz000100,TCL科技,2025-09-26 10:41:18,4.36,67200,4.36,U
sz000100,TCL科技,2025-09-26 10:41:21,4.36,33700,4.36,U
sz000100,TCL科技,2025-09-26 10:41:24,4.36,75700,4.36,U
sz000100,TCL科技,2025-09-26 10:41:27,4.36,134000,4.36,U
sz000100,TCL科技,2025-09-26 10:41:30,4.36,328260,4.36,U
sz000100,TCL科技,2025-09-26 10:41:33,4.36,51600,4.36,D
sz000100,TCL科技,2025-09-26 10:41:36,4.36,87900,4.36,D
sz000100,TCL科技,2025-09-26 10:41:39,4.36,75140,4.36,D
sz000100,TCL科技,2025-09-26 10:41:42,4.36,37000,4.36,U
sz000100,TCL科技,2025-09-26 10:41:45,4.36,22100,4.36,U
sz000100,TCL科技,2025-09-26 10:41:51,4.36,35400,4.36,U
sz000100,TCL科技,2025-09-26 10:41:54,4.36,44900,4.36,U
sz000100,TCL科技,2025-09-26 10:41:57,4.36,59000,4.36,U
sz000100,TCL科技,2025-09-26 10:42:03,4.36,98500,4.36,U
sz000100,TCL科技,2025-09-26 10:42:09,4.35,46100,4.36,D
sz000100,TCL科技,2025-09-26 10:42:18,4.36,141500,4.36,U
sz000100,TCL科技,2025-09-26 10:42:24,4.36,35000,4.36,U
sz000100,TCL科技,2025-09-26 10:42:27,4.36,86000,4.36,U
sz000100,TCL科技,2025-09-26 10:42:30,4.36,96600,4.36,U
sz000100,TCL科技,2025-09-26 10:42:33,4.36,62700,4.36,U
sz000100,TCL科技,2025-09-26 10:42:36,4.36,39900,4.36,U
sz000100,TCL科技,2025-09-26 10:42:39,4.36,21300,4.36,U
sz000100,TCL科技,2025-09-26 10:42:42,4.36,167600,4.36,U
sz000100,TCL科技,2025-09-26 10:42:51,4.36,75400,4.36,U
sz000100,TCL科技,2025-09-26 10:42:57,4.36,24400,4.36,U
sz000100,TCL科技,2025-09-26 10:43:00,4.36,34800,4.36,U
sz000100,TCL科技,2025-09-26 10:43:03,4.36,22500,4.36,U
sz000100,TCL科技,2025-09-26 10:43:06,4.35,33000,4.36,D
sz000100,TCL科技,2025-09-26 10:43:21,4.36,24600,4.36,U
sz000100,TCL科技,2025-09-26 10:43:30,4.36,69880,4.36,U
sz000100,TCL科技,2025-09-26 10:43:33,4.36,28800,4.36,U
sz000100,TCL科技,2025-09-26 10:43:36,4.36,32600,4.36,U
sz000100,TCL科技,2025-09-26 10:43:39,4.36,38700,4.36,U
sz000100,TCL科技,2025-09-26 10:43:42,4.35,317300,4.36,D
sz000100,TCL科技,2025-09-26 10:43:48,4.36,24500,4.36,U
sz000100,TCL科技,2025-09-26 10:43:51,4.36,35500,4.36,U
sz000100,TCL科技,2025-09-26 10:44:03,4.36,264700,4.36,U
sz000100,TCL科技,2025-09-26 10:44:06,4.36,541160,4.36,U
sz000100,TCL科技,2025-09-26 10:44:12,4.36,42050,4.36,D
sz000100,TCL科技,2025-09-26 10:44:24,4.37,23300,4.36,U
sz000100,TCL科技,2025-09-26 10:44:33,4.36,30200,4.36,D
sz000100,TCL科技,2025-09-26 10:44:39,4.36,56300,4.36,D
sz000100,TCL科技,2025-09-26 10:44:51,4.36,200600,4.37,D
sz000100,TCL科技,2025-09-26 10:44:57,4.36,58000,4.36,D
sz000100,TCL科技,2025-09-26 10:45:03,4.36,29400,4.37,D
sz000100,TCL科技,2025-09-26 10:45:18,4.36,34700,4.37,D
sz000100,TCL科技,2025-09-26 10:45:21,4.37,134600,4.36,U
sz000100,TCL科技,2025-09-26 10:45:36,4.36,68000,4.37,D
sz000100,TCL科技,2025-09-26 10:45:39,4.36,41300,4.36,D
sz000100,TCL科技,2025-09-26 10:45:42,4.37,25300,4.36,U
sz000100,TCL科技,2025-09-26 10:45:48,4.37,193000,4.37,U
sz000100,TCL科技,2025-09-26 10:45:57,4.36,27310,4.37,D
sz000100,TCL科技,2025-09-26 10:46:15,4.37,47500,4.37,U
sz000100,TCL科技,2025-09-26 10:46:21,4.37,38500,4.37,U
sz000100,TCL科技,2025-09-26 10:46:30,4.37,43400,4.37,U
sz000100,TCL科技,2025-09-26 10:46:33,4.36,21600,4.37,D
sz000100,TCL科技,2025-09-26 10:47:09,4.37,39700,4.37,U
sz000100,TCL科技,2025-09-26 10:47:36,4.37,36800,4.36,U
sz000100,TCL科技,2025-09-26 10:47:39,4.36,26500,4.37,D
sz000100,TCL科技,2025-09-26 10:48:03,4.37,129400,4.37,U
sz000100,TCL科技,2025-09-26 10:48:06,4.37,27000,4.37,U
sz000100,TCL科技,2025-09-26 10:48:09,4.37,39100,4.37,U
sz000100,TCL科技,2025-09-26 10:48:12,4.37,22500,4.37,U
sz000100,TCL科技,2025-09-26 10:48:24,4.36,32200,4.37,D
sz000100,TCL科技,2025-09-26 10:48:30,4.36,25200,4.37,D
sz000100,TCL科技,2025-09-26 10:48:39,4.37,56400,4.37,U
sz000100,TCL科技,2025-09-26 10:48:48,4.37,69300,4.37,U
sz000100,TCL科技,2025-09-26 10:49:03,4.37,205100,4.37,U
sz000100,TCL科技,2025-09-26 10:49:09,4.37,122800,4.37,U
sz000100,TCL科技,2025-09-26 10:49:18,4.37,333800,4.37,U
sz000100,TCL科技,2025-09-26 10:49:21,4.37,361200,4.37,U
sz000100,TCL科技,2025-09-26 10:49:24,4.37,32300,4.37,U
sz000100,TCL科技,2025-09-26 10:49:27,4.37,56700,4.37,U
sz000100,TCL科技,2025-09-26 10:49:30,4.36,74300,4.37,D
sz000100,TCL科技,2025-09-26 10:49:33,4.36,34700,4.36,D
sz000100,TCL科技,2025-09-26 10:49:36,4.37,154400,4.36,U
sz000100,TCL科技,2025-09-26 10:49:39,4.37,63900,4.37,U
sz000100,TCL科技,2025-09-26 10:49:42,4.37,135100,4.37,U
sz000100,TCL科技,2025-09-26 10:49:45,4.36,22000,4.37,D
sz000100,TCL科技,2025-09-26 10:49:48,4.37,56600,4.36,U
sz000100,TCL科技,2025-09-26 10:50:00,4.37,47500,4.36,U
sz000100,TCL科技,2025-09-26 10:50:03,4.37,100900,4.37,U
sz000100,TCL科技,2025-09-26 10:50:06,4.37,45800,4.37,U
sz000100,TCL科技,2025-09-26 10:50:12,4.37,46400,4.37,U
sz000100,TCL科技,2025-09-26 10:50:15,4.37,193210,4.37,U
sz000100,TCL科技,2025-09-26 10:50:18,4.37,335100,4.37,D
sz000100,TCL科技,2025-09-26 10:50:21,4.37,209700,4.37,D
sz000100,TCL科技,2025-09-26 10:50:24,4.37,58500,4.37,D
sz000100,TCL科技,2025-09-26 10:50:27,4.37,57800,4.37,D
sz000100,TCL科技,2025-09-26 10:50:30,4.37,171300,4.37,D
sz000100,TCL科技,2025-09-26 10:50:33,4.37,110000,4.37,D
sz000100,TCL科技,2025-09-26 10:50:36,4.37,174300,4.37,D
sz000100,TCL科技,2025-09-26 10:50:39,4.37,45090,4.37,D
sz000100,TCL科技,2025-09-26 10:50:42,4.37,21200,4.37,U
sz000100,TCL科技,2025-09-26 10:50:45,4.37,35200,4.37,U
sz000100,TCL科技,2025-09-26 10:50:51,4.37,46500,4.37,U
sz000100,TCL科技,2025-09-26 10:50:54,4.37,172960,4.37,U
sz000100,TCL科技,2025-09-26 10:51:00,4.38,21900,4.37,U
sz000100,TCL科技,2025-09-26 10:51:03,4.37,63140,4.38,D
sz000100,TCL科技,2025-09-26 10:51:06,4.37,28800,4.37,U
sz000100,TCL科技,2025-09-26 10:51:09,4.37,21000,4.37,U
sz000100,TCL科技,2025-09-26 10:51:15,4.37,22200,4.37,D
sz000100,TCL科技,2025-09-26 10:51:18,4.37,34400,4.37,U
sz000100,TCL科技,2025-09-26 10:51:21,4.37,134000,4.37,U
sz000100,TCL科技,2025-09-26 10:51:24,4.37,28200,4.37,U
sz000100,TCL科技,2025-09-26 10:51:27,4.37,86000,4.37,U
sz000100,TCL科技,2025-09-26 10:51:33,4.37,42200,4.37,D
sz000100,TCL科技,2025-09-26 10:51:36,4.37,47400,4.37,D
sz000100,TCL科技,2025-09-26 10:52:36,4.38,22600,4.37,U
sz000100,TCL科技,2025-09-26 10:52:48,4.37,74700,4.38,D
sz000100,TCL科技,2025-09-26 10:52:57,4.37,28800,4.38,D
sz000100,TCL科技,2025-09-26 10:53:06,4.37,917080,4.37,D
sz000100,TCL科技,2025-09-26 10:53:09,4.37,260500,4.37,U
sz000100,TCL科技,2025-09-26 10:53:12,4.37,30900,4.37,U
sz000100,TCL科技,2025-09-26 10:53:15,4.37,36800,4.37,U
sz000100,TCL科技,2025-09-26 10:53:21,4.37,36800,4.36,U
sz000100,TCL科技,2025-09-26 10:53:24,4.37,65800,4.37,D
sz000100,TCL科技,2025-09-26 10:53:27,4.37,33500,4.37,D
sz000100,TCL科技,2025-09-26 10:53:33,4.37,37400,4.37,D
sz000100,TCL科技,2025-09-26 10:53:36,4.37,23400,4.37,D
sz000100,TCL科技,2025-09-26 10:53:39,4.38,51500,4.37,U
sz000100,TCL科技,2025-09-26 10:53:42,4.37,22600,4.38,D
sz000100,TCL科技,2025-09-26 10:54:09,4.37,56600,4.38,D
sz000100,TCL科技,2025-09-26 10:54:27,4.38,23100,4.38,U
sz000100,TCL科技,2025-09-26 10:54:33,4.37,75900,4.38,D
sz000100,TCL科技,2025-09-26 10:54:42,4.37,77300,4.38,D
sz000100,TCL科技,2025-09-26 10:54:54,4.38,27800,4.37,U
sz000100,TCL科技,2025-09-26 10:55:03,4.37,137700,4.38,D
sz000100,TCL科技,2025-09-26 10:55:21,4.38,29100,4.37,U
sz000100,TCL科技,2025-09-26 10:55:33,4.37,50400,4.38,D
sz000100,TCL科技,2025-09-26 10:55:36,4.37,41200,4.37,D
sz000100,TCL科技,2025-09-26 10:56:00,4.37,146900,4.38,D
sz000100,TCL科技,2025-09-26 10:56:03,4.37,1057700,4.37,D
sz000100,TCL科技,2025-09-26 10:56:06,4.36,40700,4.37,D
sz000100,TCL科技,2025-09-26 10:56:09,4.37,47000,4.36,U
sz000100,TCL科技,2025-09-26 10:56:12,4.37,23200,4.37,U
sz000100,TCL科技,2025-09-26 10:56:15,4.37,35600,4.37,U
sz000100,TCL科技,2025-09-26 10:56:36,4.36,56600,4.36,D
sz000100,TCL科技,2025-09-26 10:57:03,4.36,59200,4.37,D
sz000100,TCL科技,2025-09-26 10:57:06,4.36,25200,4.36,D
sz000100,TCL科技,2025-09-26 10:57:15,4.36,37700,4.37,D
sz000100,TCL科技,2025-09-26 10:57:18,4.37,66700,4.36,U
sz000100,TCL科技,2025-09-26 10:57:27,4.37,22700,4.36,U
sz000100,TCL科技,2025-09-26 10:57:33,4.36,21200,4.37,D
sz000100,TCL科技,2025-09-26 10:57:36,4.37,23700,4.36,U
sz000100,TCL科技,2025-09-26 10:57:54,4.37,25800,4.36,U
sz000100,TCL科技,2025-09-26 10:58:09,4.36,23000,4.37,D
sz000100,TCL科技,2025-09-26 10:58:30,4.36,69300,4.36,D
sz000100,TCL科技,2025-09-26 10:58:33,4.36,26300,4.36,D
sz000100,TCL科技,2025-09-26 10:58:36,4.36,1008400,4.36,D
sz000100,TCL科技,2025-09-26 10:58:42,4.36,51300,4.37,D
sz000100,TCL科技,2025-09-26 10:58:57,4.37,37800,4.37,U
sz000100,TCL科技,2025-09-26 10:59:12,4.37,32100,4.37,U
sz000100,TCL科技,2025-09-26 10:59:24,4.36,47100,4.37,D
sz000100,TCL科技,2025-09-26 10:59:36,4.37,24500,4.37,U
sz000100,TCL科技,2025-09-26 10:59:54,4.37,41800,4.36,U
sz000100,TCL科技,2025-09-26 11:00:45,4.37,21900,4.37,U
sz000100,TCL科技,2025-09-26 11:00:51,4.37,31500,4.36,U
sz000100,TCL科技,2025-09-26 11:01:00,4.37,36700,4.37,U
sz000100,TCL科技,2025-09-26 11:01:03,4.37,21500,4.37,U
sz000100,TCL科技,2025-09-26 11:01:06,4.37,35600,4.37,U
sz000100,TCL科技,2025-09-26 11:01:12,4.37,29500,4.37,U
sz000100,TCL科技,2025-09-26 11:01:21,4.37,149900,4.37,U
sz000100,TCL科技,2025-09-26 11:01:24,4.37,80000,4.37,U
sz000100,TCL科技,2025-09-26 11:01:27,4.37,107200,4.37,U
sz000100,TCL科技,2025-09-26 11:01:30,4.37,580500,4.37,U
sz000100,TCL科技,2025-09-26 11:01:33,4.37,171400,4.37,D
sz000100,TCL科技,2025-09-26 11:01:36,4.37,162900,4.37,D
sz000100,TCL科技,2025-09-26 11:01:48,4.37,37600,4.37,U
sz000100,TCL科技,2025-09-26 11:01:51,4.37,46400,4.37,U
sz000100,TCL科技,2025-09-26 11:01:54,4.37,36300,4.37,U
sz000100,TCL科技,2025-09-26 11:01:57,4.37,31500,4.37,U
sz000100,TCL科技,2025-09-26 11:02:00,4.37,101500,4.37,D
sz000100,TCL科技,2025-09-26 11:02:09,4.37,31700,4.37,U
sz000100,TCL科技,2025-09-26 11:02:12,4.37,81200,4.37,U
sz000100,TCL科技,2025-09-26 11:02:39,4.38,20800,4.38,U
sz000100,TCL科技,2025-09-26 11:02:48,4.37,125900,4.37,D
sz000100,TCL科技,2025-09-26 11:02:57,4.37,29800,4.37,D
sz000100,TCL科技,2025-09-26 11:03:03,4.38,22200,4.38,U
sz000100,TCL科技,2025-09-26 11:03:09,4.37,32500,4.38,D
sz000100,TCL科技,2025-09-26 11:03:15,4.38,42000,4.37,U
sz000100,TCL科技,2025-09-26 11:03:21,4.37,74500,4.37,D
sz000100,TCL科技,2025-09-26 11:03:30,4.37,140300,4.38,D
sz000100,TCL科技,2025-09-26 11:03:36,4.37,824200,4.38,D
sz000100,TCL科技,2025-09-26 11:03:39,4.37,39900,4.37,U
sz000100,TCL科技,2025-09-26 11:03:42,4.37,35200,4.37,U
sz000100,TCL科技,2025-09-26 11:03:45,4.37,69900,4.37,U
sz000100,TCL科技,2025-09-26 11:03:54,4.37,188300,4.37,U
sz000100,TCL科技,2025-09-26 11:04:03,4.37,33700,4.37,U
sz000100,TCL科技,2025-09-26 11:05:00,4.38,54100,4.38,U
sz000100,TCL科技,2025-09-26 11:05:21,4.37,43800,4.37,D
sz000100,TCL科技,2025-09-26 11:05:24,4.37,22100,4.37,D
sz000100,TCL科技,2025-09-26 11:05:27,4.38,34650,4.37,U
sz000100,TCL科技,2025-09-26 11:05:33,4.38,20400,4.38,U
sz000100,TCL科技,2025-09-26 11:05:51,4.37,120000,4.37,D
sz000100,TCL科技,2025-09-26 11:06:03,4.37,1339850,4.37,D
sz000100,TCL科技,2025-09-26 11:06:06,4.37,58500,4.37,U
sz000100,TCL科技,2025-09-26 11:06:12,4.37,34200,4.36,U
sz000100,TCL科技,2025-09-26 11:06:21,4.37,23800,4.37,U
sz000100,TCL科技,2025-09-26 11:06:36,4.37,123600,4.37,U
sz000100,TCL科技,2025-09-26 11:06:39,4.37,21900,4.37,U
sz000100,TCL科技,2025-09-26 11:06:42,4.36,37400,4.37,D
sz000100,TCL科技,2025-09-26 11:06:45,4.36,20100,4.36,D
sz000100,TCL科技,2025-09-26 11:06:48,4.37,24400,4.36,U
sz000100,TCL科技,2025-09-26 11:07:03,4.37,87300,4.37,U
sz000100,TCL科技,2025-09-26 11:07:06,4.36,25600,4.37,D
sz000100,TCL科技,2025-09-26 11:07:36,4.37,71200,4.37,U
sz000100,TCL科技,2025-09-26 11:07:57,4.37,45300,4.37,U
sz000100,TCL科技,2025-09-26 11:08:00,4.37,72900,4.37,U
sz000100,TCL科技,2025-09-26 11:08:15,4.36,73800,4.36,D
sz000100,TCL科技,2025-09-26 11:08:24,4.37,162600,4.37,U
sz000100,TCL科技,2025-09-26 11:08:27,4.37,46000,4.37,U
sz000100,TCL科技,2025-09-26 11:08:36,4.37,28000,4.37,U
sz000100,TCL科技,2025-09-26 11:08:42,4.36,25800,4.37,D
sz000100,TCL科技,2025-09-26 11:08:51,4.37,26300,4.37,U
sz000100,TCL科技,2025-09-26 11:08:57,4.37,55000,4.37,U
sz000100,TCL科技,2025-09-26 11:09:00,4.37,70400,4.37,U
sz000100,TCL科技,2025-09-26 11:09:12,4.36,20900,4.37,D
sz000100,TCL科技,2025-09-26 11:09:21,4.37,24800,4.37,U
sz000100,TCL科技,2025-09-26 11:09:33,4.37,22600,4.37,U
sz000100,TCL科技,2025-09-26 11:09:36,4.37,87500,4.37,U
sz000100,TCL科技,2025-09-26 11:09:45,4.36,30400,4.37,D
sz000100,TCL科技,2025-09-26 11:10:06,4.36,21500,4.37,D
sz000100,TCL科技,2025-09-26 11:10:09,4.37,52500,4.36,U
sz000100,TCL科技,2025-09-26 11:10:21,4.37,20500,4.36,U
sz000100,TCL科技,2025-09-26 11:10:27,4.37,176700,4.37,U
sz000100,TCL科技,2025-09-26 11:10:48,4.37,30000,4.37,U
sz000100,TCL科技,2025-09-26 11:10:54,4.37,61500,4.37,U
sz000100,TCL科技,2025-09-26 11:11:06,4.36,34200,4.37,D
sz000100,TCL科技,2025-09-26 11:11:15,4.37,20600,4.37,U
sz000100,TCL科技,2025-09-26 11:11:24,4.37,67700,4.37,U
sz000100,TCL科技,2025-09-26 11:11:27,4.37,42880,4.37,U
sz000100,TCL科技,2025-09-26 11:11:30,4.37,147500,4.37,U
sz000100,TCL科技,2025-09-26 11:11:45,4.37,85900,4.37,U
sz000100,TCL科技,2025-09-26 11:12:00,4.37,100900,4.36,U
sz000100,TCL科技,2025-09-26 11:12:03,4.37,40700,4.37,U
sz000100,TCL科技,2025-09-26 11:12:33,4.37,20200,4.36,U
sz000100,TCL科技,2025-09-26 11:12:36,4.37,33200,4.37,U
sz000100,TCL科技,2025-09-26 11:12:54,4.37,29600,4.37,U
sz000100,TCL科技,2025-09-26 11:13:03,4.37,20300,4.37,U
sz000100,TCL科技,2025-09-26 11:13:09,4.37,48500,4.37,U
sz000100,TCL科技,2025-09-26 11:13:12,4.37,49300,4.37,U
sz000100,TCL科技,2025-09-26 11:13:18,4.37,46100,4.37,U
sz000100,TCL科技,2025-09-26 11:13:36,4.36,21100,4.37,D
sz000100,TCL科技,2025-09-26 11:13:45,4.36,26300,4.37,D
sz000100,TCL科技,2025-09-26 11:13:51,4.37,135800,4.37,U
sz000100,TCL科技,2025-09-26 11:14:06,4.37,50300,4.37,U
sz000100,TCL科技,2025-09-26 11:14:12,4.37,38900,4.37,U
sz000100,TCL科技,2025-09-26 11:14:42,4.37,37200,4.37,U
sz000100,TCL科技,2025-09-26 11:14:45,4.37,54600,4.37,U
sz000100,TCL科技,2025-09-26 11:15:24,4.36,102800,4.37,D
sz000100,TCL科技,2025-09-26 11:15:51,4.37,29400,4.37,U
sz000100,TCL科技,2025-09-26 11:16:12,4.36,107420,4.36,D
sz000100,TCL科技,2025-09-26 11:16:18,4.37,70100,4.37,U
sz000100,TCL科技,2025-09-26 11:16:33,4.36,41700,4.37,D
sz000100,TCL科技,2025-09-26 11:16:39,4.36,40000,4.37,D
sz000100,TCL科技,2025-09-26 11:16:48,4.36,36000,4.37,D
sz000100,TCL科技,2025-09-26 11:16:51,4.37,23600,4.36,U
sz000100,TCL科技,2025-09-26 11:16:54,4.37,30800,4.37,U
sz000100,TCL科技,2025-09-26 11:17:03,4.37,51500,4.37,U
sz000100,TCL科技,2025-09-26 11:17:51,4.36,20000,4.36,D
sz000100,TCL科技,2025-09-26 11:17:54,4.36,31700,4.36,D
sz000100,TCL科技,2025-09-26 11:18:06,4.37,22400,4.37,U
sz000100,TCL科技,2025-09-26 11:18:09,4.37,36200,4.37,U
sz000100,TCL科技,2025-09-26 11:18:15,4.37,36400,4.37,U
sz000100,TCL科技,2025-09-26 11:18:21,4.37,71700,4.37,U
sz000100,TCL科技,2025-09-26 11:18:48,4.36,199100,4.36,D
sz000100,TCL科技,2025-09-26 11:18:51,4.36,2221700,4.36,D
sz000100,TCL科技,2025-09-26 11:18:54,4.37,261000,4.36,U
sz000100,TCL科技,2025-09-26 11:18:57,4.36,35600,4.37,D
sz000100,TCL科技,2025-09-26 11:19:00,4.36,20800,4.36,D
sz000100,TCL科技,2025-09-26 11:19:06,4.36,59600,4.37,D
sz000100,TCL科技,2025-09-26 11:19:09,4.36,28800,4.36,D
sz000100,TCL科技,2025-09-26 11:19:33,4.36,24200,4.37,D
sz000100,TCL科技,2025-09-26 11:19:54,4.37,186600,4.36,U
sz000100,TCL科技,2025-09-26 11:20:09,4.36,38600,4.37,D
sz000100,TCL科技,2025-09-26 11:20:21,4.37,30300,4.36,U
sz000100,TCL科技,2025-09-26 11:20:24,4.36,28900,4.37,D
sz000100,TCL科技,2025-09-26 11:20:48,4.37,63200,4.37,U
sz000100,TCL科技,2025-09-26 11:20:51,4.37,71700,4.37,U
sz000100,TCL科技,2025-09-26 11:20:57,4.37,20500,4.37,U
sz000100,TCL科技,2025-09-26 11:21:00,4.36,50100,4.37,D
sz000100,TCL科技,2025-09-26 11:21:03,4.36,666100,4.36,D
sz000100,TCL科技,2025-09-26 11:21:06,4.37,386000,4.36,U
sz000100,TCL科技,2025-09-26 11:21:09,4.36,57400,4.37,D
sz000100,TCL科技,2025-09-26 11:21:12,4.37,69500,4.36,U
sz000100,TCL科技,2025-09-26 11:21:27,4.37,56800,4.36,U
sz000100,TCL科技,2025-09-26 11:21:51,4.37,164400,4.36,U
sz000100,TCL科技,2025-09-26 11:21:54,4.37,37600,4.37,U
sz000100,TCL科技,2025-09-26 11:22:03,4.36,465200,4.37,D
sz000100,TCL科技,2025-09-26 11:22:06,4.37,64000,4.36,U
sz000100,TCL科技,2025-09-26 11:22:09,4.36,37200,4.37,D
sz000100,TCL科技,2025-09-26 11:22:24,4.37,131600,4.36,U
sz000100,TCL科技,2025-09-26 11:23:06,4.36,37100,4.37,D
sz000100,TCL科技,2025-09-26 11:23:09,4.36,43900,4.36,D
sz000100,TCL科技,2025-09-26 11:23:12,4.36,71600,4.36,D
sz000100,TCL科技,2025-09-26 11:23:21,4.36,34200,4.37,D
sz000100,TCL科技,2025-09-26 11:23:45,4.36,41600,4.36,D
sz000100,TCL科技,2025-09-26 11:23:54,4.37,22100,4.37,U
sz000100,TCL科技,2025-09-26 11:24:03,4.36,616500,4.37,D
sz000100,TCL科技,2025-09-26 11:24:06,4.36,127400,4.36,D
sz000100,TCL科技,2025-09-26 11:24:09,4.36,37500,4.36,D
sz000100,TCL科技,2025-09-26 11:24:12,4.36,48000,4.36,D
sz000100,TCL科技,2025-09-26 11:24:15,4.37,20000,4.36,U
sz000100,TCL科技,2025-09-26 11:24:21,4.36,53700,4.37,D
sz000100,TCL科技,2025-09-26 11:24:24,4.36,845700,4.36,D
sz000100,TCL科技,2025-09-26 11:24:27,4.36,160700,4.36,D
sz000100,TCL科技,2025-09-26 11:24:30,4.36,51500,4.36,D
sz000100,TCL科技,2025-09-26 11:24:33,4.36,45500,4.36,D
sz000100,TCL科技,2025-09-26 11:24:39,4.37,25700,4.36,U
sz000100,TCL科技,2025-09-26 11:24:42,4.37,23700,4.37,U
sz000100,TCL科技,2025-09-26 11:24:45,4.37,81100,4.37,U
sz000100,TCL科技,2025-09-26 11:24:54,4.37,53700,4.36,U
sz000100,TCL科技,2025-09-26 11:24:57,4.37,33200,4.37,U
sz000100,TCL科技,2025-09-26 11:25:03,4.36,619500,4.36,D
sz000100,TCL科技,2025-09-26 11:25:06,4.35,3068300,4.36,D
sz000100,TCL科技,2025-09-26 11:25:09,4.36,135800,4.35,U
sz000100,TCL科技,2025-09-26 11:25:12,4.36,172300,4.36,U
sz000100,TCL科技,2025-09-26 11:25:15,4.35,192100,4.36,D
sz000100,TCL科技,2025-09-26 11:25:18,4.35,165800,4.35,D
sz000100,TCL科技,2025-09-26 11:25:21,4.36,166500,4.35,U
sz000100,TCL科技,2025-09-26 11:25:24,4.36,54600,4.36,U
sz000100,TCL科技,2025-09-26 11:25:27,4.36,42400,4.36,U
sz000100,TCL科技,2025-09-26 11:25:30,4.36,22300,4.36,U
sz000100,TCL科技,2025-09-26 11:25:51,4.36,31700,4.35,U
sz000100,TCL科技,2025-09-26 11:26:00,4.35,21900,4.35,D
sz000100,TCL科技,2025-09-26 11:26:03,4.36,56500,4.35,U
sz000100,TCL科技,2025-09-26 11:26:12,4.35,22900,4.36,D
sz000100,TCL科技,2025-09-26 11:26:15,4.35,24200,4.35,D
sz000100,TCL科技,2025-09-26 11:26:39,4.36,26600,4.36,U
sz000100,TCL科技,2025-09-26 11:26:51,4.36,31600,4.36,U
sz000100,TCL科技,2025-09-26 11:26:54,4.36,147100,4.36,U
sz000100,TCL科技,2025-09-26 11:27:00,4.35,23600,4.36,D
sz000100,TCL科技,2025-09-26 11:27:03,4.35,35500,4.35,D
sz000100,TCL科技,2025-09-26 11:27:06,4.35,28900,4.35,D
sz000100,TCL科技,2025-09-26 11:27:18,4.36,48700,4.36,U
sz000100,TCL科技,2025-09-26 11:27:27,4.36,31100,4.36,U
sz000100,TCL科技,2025-09-26 11:27:33,4.36,35900,4.36,U
sz000100,TCL科技,2025-09-26 11:27:36,4.35,62300,4.36,D
sz000100,TCL科技,2025-09-26 11:27:42,4.36,27500,4.36,U
sz000100,TCL科技,2025-09-26 11:27:45,4.36,27300,4.36,U
sz000100,TCL科技,2025-09-26 11:27:48,4.36,38500,4.36,U
sz000100,TCL科技,2025-09-26 11:27:51,4.36,25400,4.36,U
sz000100,TCL科技,2025-09-26 11:28:03,4.35,24500,4.35,D
sz000100,TCL科技,2025-09-26 11:28:06,4.35,26000,4.35,D
sz000100,TCL科技,2025-09-26 11:28:09,4.35,73100,4.35,D
sz000100,TCL科技,2025-09-26 11:28:12,4.36,85100,4.35,U
sz000100,TCL科技,2025-09-26 11:28:21,4.35,64300,4.35,D
sz000100,TCL科技,2025-09-26 11:28:24,4.36,34200,4.35,U
sz000100,TCL科技,2025-09-26 11:28:27,4.36,85700,4.36,U
sz000100,TCL科技,2025-09-26 11:28:30,4.36,46900,4.36,U
sz000100,TCL科技,2025-09-26 11:28:36,4.36,28300,4.36,U
sz000100,TCL科技,2025-09-26 11:28:42,4.36,25200,4.36,U
sz000100,TCL科技,2025-09-26 11:28:45,4.36,20600,4.36,U
sz000100,TCL科技,2025-09-26 11:28:48,4.36,26900,4.36,U
sz000100,TCL科技,2025-09-26 11:28:54,4.35,23826,4.36,D
sz000100,TCL科技,2025-09-26 11:28:57,4.36,21800,4.35,U
sz000100,TCL科技,2025-09-26 11:29:03,4.36,20910,4.36,U
sz000100,TCL科技,2025-09-26 11:29:06,4.35,87700,4.36,D
sz000100,TCL科技,2025-09-26 11:29:09,4.36,86800,4.35,U
sz000100,TCL科技,2025-09-26 11:29:15,4.35,21700,4.36,D
sz000100,TCL科技,2025-09-26 11:29:18,4.36,23300,4.35,U
sz000100,TCL科技,2025-09-26 11:29:21,4.35,64100,4.36,D
sz000100,TCL科技,2025-09-26 11:29:27,4.35,35600,4.36,D
sz000100,TCL科技,2025-09-26 11:29:30,4.35,21100,4.35,D
sz000100,TCL科技,2025-09-26 11:29:33,4.35,22600,4.35,D
sz000100,TCL科技,2025-09-26 11:29:36,4.35,57000,4.35,D
sz000100,TCL科技,2025-09-26 11:29:39,4.36,40700,4.35,U
sz000100,TCL科技,2025-09-26 11:29:42,4.36,35700,4.36,U
sz000100,TCL科技,2025-09-26 11:29:45,4.35,59700,4.36,D
sz000100,TCL科技,2025-09-26 11:30:00,4.36,31900,4.36,U
sz000100,TCL科技,2025-09-26 13:00:00,4.36,493310,4.36,U
sz000100,TCL科技,2025-09-26 13:00:03,4.36,1239730,4.36,U
sz000100,TCL科技,2025-09-26 13:00:06,4.36,111700,4.36,U
sz000100,TCL科技,2025-09-26 13:00:09,4.35,32700,4.36,D
sz000100,TCL科技,2025-09-26 13:00:12,4.36,81800,4.35,U
sz000100,TCL科技,2025-09-26 13:00:18,4.35,61100,4.35,D
sz000100,TCL科技,2025-09-26 13:00:21,4.35,224900,4.35,D
sz000100,TCL科技,2025-09-26 13:00:24,4.35,98700,4.35,D
sz000100,TCL科技,2025-09-26 13:00:36,4.35,33500,4.36,D
sz000100,TCL科技,2025-09-26 13:00:48,4.35,60400,4.35,D
sz000100,TCL科技,2025-09-26 13:00:54,4.36,60900,4.35,U
sz000100,TCL科技,2025-09-26 13:01:00,4.35,33900,4.36,D
sz000100,TCL科技,2025-09-26 13:01:03,4.35,144400,4.35,D
sz000100,TCL科技,2025-09-26 13:01:06,4.36,22300,4.35,U
sz000100,TCL科技,2025-09-26 13:01:12,4.36,51000,4.35,U
sz000100,TCL科技,2025-09-26 13:01:15,4.36,115200,4.36,U
sz000100,TCL科技,2025-09-26 13:01:18,4.36,70200,4.36,U
sz000100,TCL科技,2025-09-26 13:01:21,4.35,22700,4.36,D
sz000100,TCL科技,2025-09-26 13:01:39,4.36,38800,4.36,U
sz000100,TCL科技,2025-09-26 13:01:45,4.36,45600,4.35,U
sz000100,TCL科技,2025-09-26 13:01:54,4.36,41800,4.36,U
sz000100,TCL科技,2025-09-26 13:02:00,4.36,22000,4.36,U
sz000100,TCL科技,2025-09-26 13:02:03,4.36,28300,4.36,U
sz000100,TCL科技,2025-09-26 13:02:09,4.36,34800,4.36,U
sz000100,TCL科技,2025-09-26 13:02:12,4.36,26200,4.36,U
sz000100,TCL科技,2025-09-26 13:02:51,4.36,34300,4.35,U
sz000100,TCL科技,2025-09-26 13:03:00,4.36,25700,4.35,U
sz000100,TCL科技,2025-09-26 13:03:03,4.36,36200,4.36,U
sz000100,TCL科技,2025-09-26 13:03:15,4.35,28500,4.36,D
sz000100,TCL科技,2025-09-26 13:03:18,4.36,23600,4.35,U
sz000100,TCL科技,2025-09-26 13:03:33,4.36,23700,4.35,U
sz000100,TCL科技,2025-09-26 13:03:45,4.36,33500,4.36,U
sz000100,TCL科技,2025-09-26 13:04:00,4.36,29000,4.36,U
sz000100,TCL科技,2025-09-26 13:04:03,4.35,30800,4.36,D
sz000100,TCL科技,2025-09-26 13:04:06,4.36,55000,4.35,U
sz000100,TCL科技,2025-09-26 13:04:12,4.36,37400,4.36,U
sz000100,TCL科技,2025-09-26 13:04:18,4.36,25200,4.35,U
sz000100,TCL科技,2025-09-26 13:04:21,4.36,29500,4.36,U
sz000100,TCL科技,2025-09-26 13:04:42,4.36,21500,4.36,U
sz000100,TCL科技,2025-09-26 13:05:00,4.36,20500,4.36,U
sz000100,TCL科技,2025-09-26 13:05:03,4.35,27400,4.36,D
sz000100,TCL科技,2025-09-26 13:05:18,4.36,26700,4.36,U
sz000100,TCL科技,2025-09-26 13:05:36,4.35,52900,4.36,D
sz000100,TCL科技,2025-09-26 13:05:54,4.35,86300,4.36,D
sz000100,TCL科技,2025-09-26 13:06:00,4.36,42800,4.36,U
sz000100,TCL科技,2025-09-26 13:06:03,4.36,25600,4.36,U
sz000100,TCL科技,2025-09-26 13:06:21,4.35,30140,4.36,D
sz000100,TCL科技,2025-09-26 13:06:24,4.36,35300,4.35,U
sz000100,TCL科技,2025-09-26 13:06:42,4.36,135100,4.36,U
sz000100,TCL科技,2025-09-26 13:06:45,4.36,27900,4.36,U
sz000100,TCL科技,2025-09-26 13:06:48,4.36,52100,4.36,U
sz000100,TCL科技,2025-09-26 13:06:51,4.36,47600,4.36,U
sz000100,TCL科技,2025-09-26 13:06:54,4.36,27500,4.36,U
sz000100,TCL科技,2025-09-26 13:07:00,4.36,25800,4.36,U
sz000100,TCL科技,2025-09-26 13:07:03,4.36,102400,4.36,U
sz000100,TCL科技,2025-09-26 13:07:06,4.35,75900,4.36,D
sz000100,TCL科技,2025-09-26 13:07:12,4.36,32300,4.36,U
sz000100,TCL科技,2025-09-26 13:07:15,4.36,24400,4.36,U
sz000100,TCL科技,2025-09-26 13:07:18,4.36,30400,4.36,U
sz000100,TCL科技,2025-09-26 13:07:27,4.36,23600,4.36,U
sz000100,TCL科技,2025-09-26 13:07:30,4.36,50900,4.36,U
sz000100,TCL科技,2025-09-26 13:07:33,4.36,71900,4.36,U
sz000100,TCL科技,2025-09-26 13:07:36,4.36,41700,4.36,U
sz000100,TCL科技,2025-09-26 13:07:42,4.36,25000,4.36,U
sz000100,TCL科技,2025-09-26 13:08:00,4.36,52100,4.36,U
sz000100,TCL科技,2025-09-26 13:08:03,4.36,20600,4.36,U
sz000100,TCL科技,2025-09-26 13:08:12,4.35,29200,4.36,D
sz000100,TCL科技,2025-09-26 13:08:15,4.36,47500,4.35,U
sz000100,TCL科技,2025-09-26 13:08:18,4.36,36980,4.36,U
sz000100,TCL科技,2025-09-26 13:08:21,4.36,40800,4.36,U
sz000100,TCL科技,2025-09-26 13:08:24,4.35,22700,4.36,D
sz000100,TCL科技,2025-09-26 13:08:27,4.36,27000,4.35,U
sz000100,TCL科技,2025-09-26 13:08:30,4.36,24500,4.36,U
sz000100,TCL科技,2025-09-26 13:08:39,4.36,22500,4.36,U
sz000100,TCL科技,2025-09-26 13:08:54,4.36,61700,4.36,U
sz000100,TCL科技,2025-09-26 13:09:00,4.35,57700,4.36,D
sz000100,TCL科技,2025-09-26 13:09:03,4.36,23900,4.35,U
sz000100,TCL科技,2025-09-26 13:09:15,4.35,20000,4.36,D
sz000100,TCL科技,2025-09-26 13:09:27,4.36,23200,4.35,U
sz000100,TCL科技,2025-09-26 13:09:33,4.35,25000,4.35,D
sz000100,TCL科技,2025-09-26 13:09:36,4.36,24700,4.35,U
sz000100,TCL科技,2025-09-26 13:09:42,4.36,89700,4.36,U
sz000100,TCL科技,2025-09-26 13:09:45,4.36,23300,4.36,U
sz000100,TCL科技,2025-09-26 13:09:51,4.36,41900,4.35,U
sz000100,TCL科技,2025-09-26 13:09:54,4.36,1102900,4.36,U
sz000100,TCL科技,2025-09-26 13:09:57,4.36,151700,4.36,U
sz000100,TCL科技,2025-09-26 13:10:00,4.36,25900,4.36,U
sz000100,TCL科技,2025-09-26 13:10:03,4.36,23900,4.36,U
sz000100,TCL科技,2025-09-26 13:10:12,4.36,28400,4.36,U
sz000100,TCL科技,2025-09-26 13:10:15,4.36,53100,4.36,U
sz000100,TCL科技,2025-09-26 13:10:21,4.36,191200,4.36,U
sz000100,TCL科技,2025-09-26 13:10:24,4.36,27100,4.36,U
sz000100,TCL科技,2025-09-26 13:10:27,4.36,30400,4.36,U
sz000100,TCL科技,2025-09-26 13:10:30,4.36,89200,4.36,U
sz000100,TCL科技,2025-09-26 13:10:33,4.36,1699000,4.36,U
sz000100,TCL科技,2025-09-26 13:10:36,4.36,434400,4.36,U
sz000100,TCL科技,2025-09-26 13:10:39,4.36,59900,4.36,U
sz000100,TCL科技,2025-09-26 13:10:42,4.36,192700,4.36,U
sz000100,TCL科技,2025-09-26 13:10:45,4.36,104900,4.36,U
sz000100,TCL科技,2025-09-26 13:10:48,4.36,144700,4.36,U
sz000100,TCL科技,2025-09-26 13:10:51,4.36,48400,4.36,U
sz000100,TCL科技,2025-09-26 13:10:54,4.36,121300,4.36,D
sz000100,TCL科技,2025-09-26 13:10:57,4.36,395900,4.36,U
sz000100,TCL科技,2025-09-26 13:11:00,4.36,71900,4.36,U
sz000100,TCL科技,2025-09-26 13:11:03,4.36,151200,4.36,U
sz000100,TCL科技,2025-09-26 13:11:06,4.36,45600,4.36,U
sz000100,TCL科技,2025-09-26 13:11:09,4.36,57800,4.36,U
sz000100,TCL科技,2025-09-26 13:11:12,4.35,150500,4.36,D
sz000100,TCL科技,2025-09-26 13:11:15,4.36,116000,4.35,U
sz000100,TCL科技,2025-09-26 13:11:18,4.36,42000,4.36,U
sz000100,TCL科技,2025-09-26 13:11:24,4.36,40200,4.36,U
sz000100,TCL科技,2025-09-26 13:11:27,4.36,66900,4.36,U
sz000100,TCL科技,2025-09-26 13:11:30,4.36,22400,4.36,U
sz000100,TCL科技,2025-09-26 13:11:33,4.35,22900,4.36,D
sz000100,TCL科技,2025-09-26 13:11:36,4.36,53500,4.35,U
sz000100,TCL科技,2025-09-26 13:11:39,4.36,20400,4.36,U
sz000100,TCL科技,2025-09-26 13:11:42,4.36,22900,4.36,U
sz000100,TCL科技,2025-09-26 13:11:45,4.36,66700,4.36,U
sz000100,TCL科技,2025-09-26 13:11:48,4.36,31500,4.36,U
sz000100,TCL科技,2025-09-26 13:11:51,4.35,36300,4.36,D
sz000100,TCL科技,2025-09-26 13:12:00,4.36,31000,4.36,U
sz000100,TCL科技,2025-09-26 13:12:03,4.35,212200,4.36,D
sz000100,TCL科技,2025-09-26 13:12:06,4.36,109200,4.35,U
sz000100,TCL科技,2025-09-26 13:12:12,4.36,25200,4.36,U
sz000100,TCL科技,2025-09-26 13:12:21,4.36,57600,4.36,U
sz000100,TCL科技,2025-09-26 13:12:24,4.36,29200,4.36,D
sz000100,TCL科技,2025-09-26 13:12:27,4.36,53900,4.36,U
sz000100,TCL科技,2025-09-26 13:12:30,4.36,38800,4.36,U
sz000100,TCL科技,2025-09-26 13:12:33,4.36,22000,4.36,U
sz000100,TCL科技,2025-09-26 13:12:36,4.36,86200,4.36,U
sz000100,TCL科技,2025-09-26 13:12:39,4.36,40600,4.36,U
sz000100,TCL科技,2025-09-26 13:12:42,4.36,95700,4.36,U
sz000100,TCL科技,2025-09-26 13:12:48,4.37,85900,4.36,U
sz000100,TCL科技,2025-09-26 13:12:51,4.36,151400,4.37,D
sz000100,TCL科技,2025-09-26 13:12:54,4.36,156800,4.36,D
sz000100,TCL科技,2025-09-26 13:12:57,4.37,140400,4.36,U
sz000100,TCL科技,2025-09-26 13:13:00,4.36,168900,4.37,D
sz000100,TCL科技,2025-09-26 13:13:03,4.36,54400,4.36,U
sz000100,TCL科技,2025-09-26 13:13:06,4.36,314700,4.36,U
sz000100,TCL科技,2025-09-26 13:13:12,4.36,70600,4.36,D
sz000100,TCL科技,2025-09-26 13:13:15,4.36,21200,4.36,D
sz000100,TCL科技,2025-09-26 13:13:18,4.36,37200,4.36,D
sz000100,TCL科技,2025-09-26 13:13:24,4.36,20300,4.36,U
sz000100,TCL科技,2025-09-26 13:13:27,4.36,31400,4.36,D
sz000100,TCL科技,2025-09-26 13:13:30,4.36,22100,4.36,U
sz000100,TCL科技,2025-09-26 13:13:42,4.36,26955,4.36,U
sz000100,TCL科技,2025-09-26 13:13:45,4.37,94400,4.36,U
sz000100,TCL科技,2025-09-26 13:13:51,4.36,137400,4.36,U
sz000100,TCL科技,2025-09-26 13:13:57,4.36,38100,4.37,D
sz000100,TCL科技,2025-09-26 13:14:00,4.36,24200,4.36,U
sz000100,TCL科技,2025-09-26 13:14:12,4.35,36000,4.36,D
sz000100,TCL科技,2025-09-26 13:14:15,4.37,65100,4.35,U
sz000100,TCL科技,2025-09-26 13:14:18,4.36,37700,4.37,D
sz000100,TCL科技,2025-09-26 13:14:21,4.36,58000,4.36,U
sz000100,TCL科技,2025-09-26 13:14:27,4.36,59600,4.36,E
sz000100,TCL科技,2025-09-26 13:14:33,4.37,24800,4.36,U
sz000100,TCL科技,2025-09-26 13:14:36,4.37,25900,4.37,U
sz000100,TCL科技,2025-09-26 13:14:45,4.36,45400,4.36,D
sz000100,TCL科技,2025-09-26 13:14:51,4.37,68100,4.37,U
sz000100,TCL科技,2025-09-26 13:14:54,4.37,51500,4.37,U
sz000100,TCL科技,2025-09-26 13:14:57,4.37,56400,4.37,U
sz000100,TCL科技,2025-09-26 13:15:00,4.36,38500,4.37,D
sz000100,TCL科技,2025-09-26 13:15:03,4.36,69800,4.36,U
sz000100,TCL科技,2025-09-26 13:15:06,4.37,54700,4.36,U
sz000100,TCL科技,2025-09-26 13:15:09,4.36,25200,4.37,D
sz000100,TCL科技,2025-09-26 13:15:12,4.36,24100,4.36,U
sz000100,TCL科技,2025-09-26 13:15:24,4.36,146800,4.36,D
sz000100,TCL科技,2025-09-26 13:15:27,4.36,28600,4.36,U
sz000100,TCL科技,2025-09-26 13:15:30,4.36,87000,4.36,U
sz000100,TCL科技,2025-09-26 13:15:33,4.37,24700,4.36,U
sz000100,TCL科技,2025-09-26 13:15:36,4.36,36100,4.37,D
sz000100,TCL科技,2025-09-26 13:15:39,4.36,339800,4.36,D
sz000100,TCL科技,2025-09-26 13:15:42,4.37,61900,4.36,U
sz000100,TCL科技,2025-09-26 13:15:45,4.36,39400,4.37,D
sz000100,TCL科技,2025-09-26 13:15:48,4.36,117700,4.36,D
sz000100,TCL科技,2025-09-26 13:15:51,4.36,67600,4.36,U
sz000100,TCL科技,2025-09-26 13:15:54,4.36,32100,4.36,U
sz000100,TCL科技,2025-09-26 13:15:57,4.37,32900,4.36,U
sz000100,TCL科技,2025-09-26 13:16:00,4.37,66200,4.37,U
sz000100,TCL科技,2025-09-26 13:16:03,4.36,474600,4.37,E
sz000100,TCL科技,2025-09-26 13:16:06,4.36,25900,4.36,D
sz000100,TCL科技,2025-09-26 13:16:09,4.36,35500,4.36,D
sz000100,TCL科技,2025-09-26 13:16:12,4.36,83990,4.36,D
sz000100,TCL科技,2025-09-26 13:16:21,4.36,97710,4.36,D
sz000100,TCL科技,2025-09-26 13:16:24,4.36,52990,4.36,U
sz000100,TCL科技,2025-09-26 13:16:42,4.37,70400,4.37,U
sz000100,TCL科技,2025-09-26 13:17:15,4.36,45100,4.37,D
sz000100,TCL科技,2025-09-26 13:17:42,4.37,22900,4.37,U
sz000100,TCL科技,2025-09-26 13:18:00,4.37,35300,4.37,U
sz000100,TCL科技,2025-09-26 13:18:03,4.37,136700,4.37,U
sz000100,TCL科技,2025-09-26 13:18:09,4.37,40500,4.37,U
sz000100,TCL科技,2025-09-26 13:18:18,4.37,23000,4.37,U
sz000100,TCL科技,2025-09-26 13:18:30,4.36,31800,4.36,D
sz000100,TCL科技,2025-09-26 13:18:51,4.36,37000,4.36,D
sz000100,TCL科技,2025-09-26 13:19:00,4.37,37000,4.37,U
sz000100,TCL科技,2025-09-26 13:19:03,4.36,87500,4.37,D
sz000100,TCL科技,2025-09-26 13:19:09,4.36,76200,4.36,D
sz000100,TCL科技,2025-09-26 13:19:33,4.36,29700,4.36,D
sz000100,TCL科技,2025-09-26 13:19:42,4.36,35200,4.36,D
sz000100,TCL科技,2025-09-26 13:19:51,4.36,132100,4.36,D
sz000100,TCL科技,2025-09-26 13:19:54,4.36,226000,4.36,D
sz000100,TCL科技,2025-09-26 13:19:57,4.36,52600,4.36,D
sz000100,TCL科技,2025-09-26 13:20:00,4.37,21900,4.36,U
sz000100,TCL科技,2025-09-26 13:20:18,4.36,56400,4.37,D
sz000100,TCL科技,2025-09-26 13:20:21,4.37,22400,4.36,U
sz000100,TCL科技,2025-09-26 13:20:24,4.37,42200,4.37,U
sz000100,TCL科技,2025-09-26 13:20:27,4.37,40900,4.37,U
sz000100,TCL科技,2025-09-26 13:20:30,4.37,37300,4.37,U
sz000100,TCL科技,2025-09-26 13:21:12,4.37,29200,4.37,U
sz000100,TCL科技,2025-09-26 13:21:15,4.37,27700,4.37,U
sz000100,TCL科技,2025-09-26 13:21:30,4.37,24900,4.37,U
sz000100,TCL科技,2025-09-26 13:21:36,4.37,33400,4.37,U
sz000100,TCL科技,2025-09-26 13:21:48,4.36,62700,4.36,D
sz000100,TCL科技,2025-09-26 13:21:51,4.37,53000,4.36,U
sz000100,TCL科技,2025-09-26 13:21:54,4.36,20200,4.37,D
sz000100,TCL科技,2025-09-26 13:22:00,4.37,30700,4.37,U
sz000100,TCL科技,2025-09-26 13:22:03,4.37,33900,4.37,U
sz000100,TCL科技,2025-09-26 13:22:18,4.37,50400,4.36,U
sz000100,TCL科技,2025-09-26 13:22:33,4.37,35400,4.37,U
sz000100,TCL科技,2025-09-26 13:22:42,4.37,51100,4.37,U
sz000100,TCL科技,2025-09-26 13:23:03,4.36,60700,4.37,D
sz000100,TCL科技,2025-09-26 13:23:12,4.36,29800,4.36,D
sz000100,TCL科技,2025-09-26 13:23:21,4.36,20400,4.37,D
sz000100,TCL科技,2025-09-26 13:23:42,4.37,36400,4.36,U
sz000100,TCL科技,2025-09-26 13:24:03,4.37,38900,4.37,U
sz000100,TCL科技,2025-09-26 13:24:06,4.36,181800,4.37,D
sz000100,TCL科技,2025-09-26 13:24:09,4.37,41900,4.36,U
sz000100,TCL科技,2025-09-26 13:24:15,4.37,63300,4.37,U
sz000100,TCL科技,2025-09-26 13:24:18,4.37,104500,4.37,U
sz000100,TCL科技,2025-09-26 13:24:21,4.36,76800,4.37,D
sz000100,TCL科技,2025-09-26 13:24:24,4.36,36600,4.36,D
sz000100,TCL科技,2025-09-26 13:24:27,4.37,22300,4.36,U
sz000100,TCL科技,2025-09-26 13:24:42,4.36,30700,4.37,D
sz000100,TCL科技,2025-09-26 13:24:48,4.36,81700,4.37,D
sz000100,TCL科技,2025-09-26 13:25:06,4.36,34000,4.36,D
sz000100,TCL科技,2025-09-26 13:25:09,4.37,41500,4.36,U
sz000100,TCL科技,2025-09-26 13:25:18,4.36,23600,4.37,D
sz000100,TCL科技,2025-09-26 13:25:21,4.36,134400,4.36,D
sz000100,TCL科技,2025-09-26 13:25:24,4.36,34700,4.36,D
sz000100,TCL科技,2025-09-26 13:25:27,4.37,35900,4.36,U
sz000100,TCL科技,2025-09-26 13:25:30,4.36,67200,4.37,D
sz000100,TCL科技,2025-09-26 13:25:33,4.36,56200,4.36,D
sz000100,TCL科技,2025-09-26 13:25:36,4.36,37100,4.36,D
sz000100,TCL科技,2025-09-26 13:25:45,4.37,30300,4.36,U
sz000100,TCL科技,2025-09-26 13:25:48,4.37,702700,4.37,U
sz000100,TCL科技,2025-09-26 13:26:00,4.37,24100,4.36,U
sz000100,TCL科技,2025-09-26 13:26:15,4.37,80100,4.36,U
sz000100,TCL科技,2025-09-26 13:26:21,4.36,26900,4.36,D
sz000100,TCL科技,2025-09-26 13:26:24,4.36,64800,4.36,D
sz000100,TCL科技,2025-09-26 13:26:42,4.36,49400,4.37,D
sz000100,TCL科技,2025-09-26 13:26:57,4.37,23000,4.37,U
sz000100,TCL科技,2025-09-26 13:27:00,4.37,22000,4.37,U
sz000100,TCL科技,2025-09-26 13:27:03,4.36,162200,4.37,D
sz000100,TCL科技,2025-09-26 13:27:18,4.37,23600,4.37,U
sz000100,TCL科技,2025-09-26 13:27:33,4.36,26600,4.36,D
sz000100,TCL科技,2025-09-26 13:28:00,4.36,27900,4.37,D
sz000100,TCL科技,2025-09-26 13:28:27,4.37,29400,4.36,U
sz000100,TCL科技,2025-09-26 13:28:33,4.37,28200,4.36,U
sz000100,TCL科技,2025-09-26 13:28:45,4.37,63600,4.37,U
sz000100,TCL科技,2025-09-26 13:28:48,4.37,149400,4.37,U
sz000100,TCL科技,2025-09-26 13:28:54,4.37,40600,4.37,U
sz000100,TCL科技,2025-09-26 13:28:57,4.37,74000,4.37,U
sz000100,TCL科技,2025-09-26 13:29:00,4.37,38000,4.37,U
sz000100,TCL科技,2025-09-26 13:29:15,4.36,30000,4.36,D
sz000100,TCL科技,2025-09-26 13:29:18,4.37,50200,4.36,U
sz000100,TCL科技,2025-09-26 13:29:30,4.37,32900,4.37,U
sz000100,TCL科技,2025-09-26 13:29:33,4.37,20600,4.37,U
sz000100,TCL科技,2025-09-26 13:29:36,4.36,28900,4.37,D
sz000100,TCL科技,2025-09-26 13:30:03,4.37,22200,4.36,U
sz000100,TCL科技,2025-09-26 13:30:06,4.37,21900,4.37,U
sz000100,TCL科技,2025-09-26 13:30:12,4.36,204400,4.36,D
sz000100,TCL科技,2025-09-26 13:30:18,4.37,27000,4.36,U
sz000100,TCL科技,2025-09-26 13:30:39,4.37,112400,4.36,U
sz000100,TCL科技,2025-09-26 13:30:42,4.37,24800,4.37,U
sz000100,TCL科技,2025-09-26 13:30:45,4.37,22000,4.37,U
sz000100,TCL科技,2025-09-26 13:31:00,4.37,42000,4.37,U
sz000100,TCL科技,2025-09-26 13:31:03,4.36,43100,4.37,D
sz000100,TCL科技,2025-09-26 13:31:06,4.37,35200,4.36,U
sz000100,TCL科技,2025-09-26 13:31:09,4.36,29700,4.37,D
sz000100,TCL科技,2025-09-26 13:31:24,4.36,1165500,4.36,D
sz000100,TCL科技,2025-09-26 13:31:27,4.37,59500,4.36,U
sz000100,TCL科技,2025-09-26 13:31:30,4.37,69100,4.37,U
sz000100,TCL科技,2025-09-26 13:31:33,4.37,20400,4.37,U
sz000100,TCL科技,2025-09-26 13:31:36,4.37,52500,4.37,U
sz000100,TCL科技,2025-09-26 13:31:39,4.36,63800,4.37,D
sz000100,TCL科技,2025-09-26 13:31:42,4.36,147800,4.36,D
sz000100,TCL科技,2025-09-26 13:31:45,4.37,118800,4.36,U
sz000100,TCL科技,2025-09-26 13:32:03,4.36,210000,4.37,D
sz000100,TCL科技,2025-09-26 13:32:06,4.36,73700,4.36,D
sz000100,TCL科技,2025-09-26 13:32:09,4.36,1328300,4.36,D
sz000100,TCL科技,2025-09-26 13:32:12,4.36,250200,4.36,D
sz000100,TCL科技,2025-09-26 13:32:15,4.37,356900,4.36,U
sz000100,TCL科技,2025-09-26 13:32:18,4.36,187200,4.37,D
sz000100,TCL科技,2025-09-26 13:32:21,4.36,456800,4.36,D
sz000100,TCL科技,2025-09-26 13:32:24,4.36,172600,4.36,D
sz000100,TCL科技,2025-09-26 13:32:27,4.37,98800,4.36,U
sz000100,TCL科技,2025-09-26 13:32:30,4.36,602720,4.37,D
sz000100,TCL科技,2025-09-26 13:32:48,4.35,1003900,4.36,D
sz000100,TCL科技,2025-09-26 13:32:51,4.35,43500,4.35,D
sz000100,TCL科技,2025-09-26 13:33:00,4.36,523400,4.36,U
sz000100,TCL科技,2025-09-26 13:33:09,4.36,20500,4.36,U
sz000100,TCL科技,2025-09-26 13:33:21,4.36,34610,4.35,U
sz000100,TCL科技,2025-09-26 13:33:24,4.36,30000,4.36,U
sz000100,TCL科技,2025-09-26 13:33:30,4.36,21100,4.36,U
sz000100,TCL科技,2025-09-26 13:33:39,4.35,43300,4.36,D
sz000100,TCL科技,2025-09-26 13:33:51,4.36,25900,4.36,U
sz000100,TCL科技,2025-09-26 13:34:00,4.36,37100,4.36,U
sz000100,TCL科技,2025-09-26 13:34:03,4.35,25600,4.36,D
sz000100,TCL科技,2025-09-26 13:34:21,4.35,23100,4.35,D
sz000100,TCL科技,2025-09-26 13:34:27,4.37,504750,4.36,U
sz000100,TCL科技,2025-09-26 13:34:30,4.36,38700,4.37,D
sz000100,TCL科技,2025-09-26 13:34:36,4.37,20900,4.36,U
sz000100,TCL科技,2025-09-26 13:34:39,4.36,76700,4.37,D
sz000100,TCL科技,2025-09-26 13:34:54,4.37,25900,4.37,U
sz000100,TCL科技,2025-09-26 13:35:12,4.36,435400,4.37,D
sz000100,TCL科技,2025-09-26 13:35:18,4.36,21500,4.36,U
sz000100,TCL科技,2025-09-26 13:35:21,4.36,22700,4.36,U
sz000100,TCL科技,2025-09-26 13:35:27,4.36,21300,4.36,U
sz000100,TCL科技,2025-09-26 13:35:54,4.36,20800,4.36,U
sz000100,TCL科技,2025-09-26 13:36:00,4.36,25500,4.36,U
sz000100,TCL科技,2025-09-26 13:36:33,4.36,119600,4.36,U
sz000100,TCL科技,2025-09-26 13:36:51,4.36,21500,4.36,U
sz000100,TCL科技,2025-09-26 13:37:00,4.36,34800,4.36,U
sz000100,TCL科技,2025-09-26 13:37:09,4.36,34500,4.36,U
sz000100,TCL科技,2025-09-26 13:37:15,4.36,129600,4.35,U
sz000100,TCL科技,2025-09-26 13:37:18,4.36,1217050,4.36,U
sz000100,TCL科技,2025-09-26 13:37:21,4.36,147700,4.36,D
sz000100,TCL科技,2025-09-26 13:37:27,4.36,77400,4.36,D
sz000100,TCL科技,2025-09-26 13:37:30,4.36,31310,4.36,U
sz000100,TCL科技,2025-09-26 13:37:33,4.36,79100,4.36,U
sz000100,TCL科技,2025-09-26 13:37:36,4.36,56200,4.36,U
sz000100,TCL科技,2025-09-26 13:37:39,4.36,85500,4.36,U
sz000100,TCL科技,2025-09-26 13:37:42,4.36,34700,4.36,U
sz000100,TCL科技,2025-09-26 13:38:00,4.37,152300,4.37,U
sz000100,TCL科技,2025-09-26 13:38:03,4.36,39600,4.37,D
sz000100,TCL科技,2025-09-26 13:38:27,4.37,23200,4.37,U
sz000100,TCL科技,2025-09-26 13:38:39,4.36,21100,4.37,D
sz000100,TCL科技,2025-09-26 13:38:45,4.37,47900,4.37,U
sz000100,TCL科技,2025-09-26 13:38:51,4.37,28300,4.37,U
sz000100,TCL科技,2025-09-26 13:38:54,4.37,34300,4.37,U
sz000100,TCL科技,2025-09-26 13:39:00,4.36,26000,4.37,D
sz000100,TCL科技,2025-09-26 13:39:03,4.37,35400,4.36,U
sz000100,TCL科技,2025-09-26 13:39:09,4.37,21100,4.37,U
sz000100,TCL科技,2025-09-26 13:39:15,4.36,105800,4.36,D
sz000100,TCL科技,2025-09-26 13:39:21,4.36,80000,4.37,D
sz000100,TCL科技,2025-09-26 13:39:24,4.36,254100,4.36,D
sz000100,TCL科技,2025-09-26 13:39:27,4.36,58900,4.36,D
sz000100,TCL科技,2025-09-26 13:39:30,4.36,50800,4.36,D
sz000100,TCL科技,2025-09-26 13:39:33,4.37,23800,4.36,U
sz000100,TCL科技,2025-09-26 13:39:45,4.36,28600,4.37,D
sz000100,TCL科技,2025-09-26 13:40:00,4.37,52230,4.36,U
sz000100,TCL科技,2025-09-26 13:40:03,4.36,392040,4.37,D
sz000100,TCL科技,2025-09-26 13:40:06,4.36,27200,4.36,U
sz000100,TCL科技,2025-09-26 13:40:09,4.36,24000,4.36,U
sz000100,TCL科技,2025-09-26 13:40:24,4.36,21300,4.36,U
sz000100,TCL科技,2025-09-26 13:40:27,4.36,32100,4.36,U
sz000100,TCL科技,2025-09-26 13:40:30,4.36,32900,4.36,U
sz000100,TCL科技,2025-09-26 13:40:33,4.36,123400,4.36,U
sz000100,TCL科技,2025-09-26 13:40:39,4.36,26200,4.36,U
sz000100,TCL科技,2025-09-26 13:41:00,4.36,27300,4.36,U
sz000100,TCL科技,2025-09-26 13:41:03,4.36,43700,4.36,U
sz000100,TCL科技,2025-09-26 13:41:09,4.36,27700,4.36,U
sz000100,TCL科技,2025-09-26 13:41:24,4.36,25900,4.35,U
sz000100,TCL科技,2025-09-26 13:41:30,4.36,22510,4.36,U
sz000100,TCL科技,2025-09-26 13:42:00,4.36,46800,4.36,U
sz000100,TCL科技,2025-09-26 13:42:03,4.36,411460,4.36,U
sz000100,TCL科技,2025-09-26 13:42:06,4.36,334800,4.36,D
sz000100,TCL科技,2025-09-26 13:42:12,4.36,84400,4.37,D
sz000100,TCL科技,2025-09-26 13:42:18,4.36,33900,4.37,D
sz000100,TCL科技,2025-09-26 13:42:27,4.37,31100,4.36,U
sz000100,TCL科技,2025-09-26 13:42:36,4.37,24900,4.37,U
sz000100,TCL科技,2025-09-26 13:43:03,4.37,165900,4.37,U
sz000100,TCL科技,2025-09-26 13:43:18,4.36,41800,4.36,D
sz000100,TCL科技,2025-09-26 13:43:39,4.36,43400,4.37,D
sz000100,TCL科技,2025-09-26 13:43:51,4.37,22700,4.37,U
sz000100,TCL科技,2025-09-26 13:44:00,4.37,27000,4.37,U
sz000100,TCL科技,2025-09-26 13:44:48,4.36,46510,4.37,D
sz000100,TCL科技,2025-09-26 13:45:00,4.37,35900,4.37,U
sz000100,TCL科技,2025-09-26 13:45:06,4.37,27300,4.36,U
sz000100,TCL科技,2025-09-26 13:45:15,4.37,36800,4.36,U
sz000100,TCL科技,2025-09-26 13:45:21,4.36,29000,4.37,D
sz000100,TCL科技,2025-09-26 13:45:30,4.36,50400,4.36,D
sz000100,TCL科技,2025-09-26 13:45:33,4.37,50600,4.36,U
sz000100,TCL科技,2025-09-26 13:45:36,4.37,55500,4.37,U
sz000100,TCL科技,2025-09-26 13:45:39,4.36,236000,4.37,D
sz000100,TCL科技,2025-09-26 13:45:42,4.36,153700,4.36,D
sz000100,TCL科技,2025-09-26 13:45:48,4.37,39600,4.36,U
sz000100,TCL科技,2025-09-26 13:45:51,4.36,51500,4.37,D
sz000100,TCL科技,2025-09-26 13:45:54,4.36,1383300,4.36,D
sz000100,TCL科技,2025-09-26 13:45:57,4.37,71900,4.36,U
sz000100,TCL科技,2025-09-26 13:46:03,4.36,159000,4.37,D
sz000100,TCL科技,2025-09-26 13:46:06,4.36,104600,4.36,U
sz000100,TCL科技,2025-09-26 13:46:33,4.36,24500,4.36,D
sz000100,TCL科技,2025-09-26 13:46:57,4.36,49400,4.37,D
sz000100,TCL科技,2025-09-26 13:47:15,4.37,30200,4.37,U
sz000100,TCL科技,2025-09-26 13:47:18,4.37,116840,4.37,U
sz000100,TCL科技,2025-09-26 13:47:30,4.36,378500,4.36,D
sz000100,TCL科技,2025-09-26 13:47:51,4.36,24200,4.37,D
sz000100,TCL科技,2025-09-26 13:47:54,4.36,402900,4.36,D
sz000100,TCL科技,2025-09-26 13:48:54,4.37,24800,4.37,U
sz000100,TCL科技,2025-09-26 13:49:00,4.37,21700,4.36,U
sz000100,TCL科技,2025-09-26 13:49:03,4.37,124500,4.37,U
sz000100,TCL科技,2025-09-26 13:49:06,4.37,214500,4.37,U
sz000100,TCL科技,2025-09-26 13:49:09,4.37,223300,4.37,U
sz000100,TCL科技,2025-09-26 13:49:12,4.37,22800,4.37,U
sz000100,TCL科技,2025-09-26 13:49:15,4.37,43500,4.37,U
sz000100,TCL科技,2025-09-26 13:49:18,4.37,62900,4.37,U
sz000100,TCL科技,2025-09-26 13:49:21,4.37,335600,4.37,U
sz000100,TCL科技,2025-09-26 13:49:24,4.36,59600,4.37,D
sz000100,TCL科技,2025-09-26 13:49:33,4.37,21500,4.37,U
sz000100,TCL科技,2025-09-26 13:49:36,4.36,142200,4.37,D
sz000100,TCL科技,2025-09-26 13:49:39,4.37,1599700,4.36,U
sz000100,TCL科技,2025-09-26 13:50:03,4.37,30400,4.37,D
sz000100,TCL科技,2025-09-26 13:50:06,4.38,47600,4.37,U
sz000100,TCL科技,2025-09-26 13:50:12,4.38,24400,4.37,U
sz000100,TCL科技,2025-09-26 13:50:18,4.37,22800,4.38,D
sz000100,TCL科技,2025-09-26 13:50:21,4.38,26200,4.37,U
