symbol,name,ticktime,price,volume,prev_price,kind
sz000100,TCL科技,2025-10-27 09:25:00,4.2,2116280,0.0,U
sz000100,TCL科技,2025-10-27 09:30:00,4.2,633300,4.2,D
sz000100,TCL科技,2025-10-27 09:30:03,4.21,1950539,4.2,U
sz000100,TCL科技,2025-10-27 09:30:06,4.21,400500,4.21,D
sz000100,TCL科技,2025-10-27 09:30:09,4.21,994800,4.21,D
sz000100,TCL科技,2025-10-27 09:30:12,4.21,207300,4.21,D
sz000100,TCL科技,2025-10-27 09:30:15,4.21,85200,4.21,U
sz000100,TCL科技,2025-10-27 09:30:18,4.21,126800,4.21,U
sz000100,TCL科技,2025-10-27 09:30:21,4.21,107200,4.21,U
sz000100,TCL科技,2025-10-27 09:30:24,4.21,211200,4.21,D
sz000100,TCL科技,2025-10-27 09:30:27,4.21,218500,4.21,D
sz000100,TCL科技,2025-10-27 09:30:30,4.21,194400,4.21,D
sz000100,TCL科技,2025-10-27 09:30:33,4.21,447200,4.21,D
sz000100,TCL科技,2025-10-27 09:30:36,4.21,53300,4.21,D
sz000100,TCL科技,2025-10-27 09:30:39,4.21,63300,4.21,D
sz000100,TCL科技,2025-10-27 09:30:42,4.22,145500,4.21,U
sz000100,TCL科技,2025-10-27 09:30:45,4.21,155200,4.22,D
sz000100,TCL科技,2025-10-27 09:30:48,4.21,46500,4.21,D
sz000100,TCL科技,2025-10-27 09:30:51,4.21,36500,4.21,D
sz000100,TCL科技,2025-10-27 09:30:54,4.21,93600,4.21,D
sz000100,TCL科技,2025-10-27 09:30:57,4.21,91300,4.21,D
sz000100,TCL科技,2025-10-27 09:31:00,4.21,96100,4.21,D
sz000100,TCL科技,2025-10-27 09:31:03,4.21,303500,4.21,D
sz000100,TCL科技,2025-10-27 09:31:06,4.21,47300,4.21,D
sz000100,TCL科技,2025-10-27 09:31:09,4.21,49900,4.21,D
sz000100,TCL科技,2025-10-27 09:31:12,4.21,134600,4.21,D
sz000100,TCL科技,2025-10-27 09:31:15,4.21,91800,4.21,D
sz000100,TCL科技,2025-10-27 09:31:18,4.21,84900,4.21,D
sz000100,TCL科技,2025-10-27 09:31:21,4.21,349450,4.21,D
sz000100,TCL科技,2025-10-27 09:31:24,4.21,199200,4.21,D
sz000100,TCL科技,2025-10-27 09:31:27,4.21,455800,4.21,D
sz000100,TCL科技,2025-10-27 09:31:30,4.21,247800,4.21,D
sz000100,TCL科技,2025-10-27 09:31:33,4.21,614800,4.21,U
sz000100,TCL科技,2025-10-27 09:31:36,4.21,648600,4.21,D
sz000100,TCL科技,2025-10-27 09:31:39,4.21,167200,4.21,D
sz000100,TCL科技,2025-10-27 09:31:42,4.2,441400,4.21,D
sz000100,TCL科技,2025-10-27 09:31:45,4.21,97800,4.2,E
sz000100,TCL科技,2025-10-27 09:31:48,4.21,109900,4.21,U
sz000100,TCL科技,2025-10-27 09:31:51,4.21,617900,4.21,U
sz000100,TCL科技,2025-10-27 09:31:54,4.2,60300,4.21,D
sz000100,TCL科技,2025-10-27 09:31:57,4.21,205600,4.2,U
sz000100,TCL科技,2025-10-27 09:32:00,4.2,22600,4.21,D
sz000100,TCL科技,2025-10-27 09:32:03,4.2,45300,4.2,D
sz000100,TCL科技,2025-10-27 09:32:09,4.21,56600,4.2,U
sz000100,TCL科技,2025-10-27 09:32:12,4.2,27800,4.21,D
sz000100,TCL科技,2025-10-27 09:32:18,4.2,31000,4.2,D
sz000100,TCL科技,2025-10-27 09:32:24,4.2,118000,4.21,D
sz000100,TCL科技,2025-10-27 09:32:27,4.21,45700,4.2,U
sz000100,TCL科技,2025-10-27 09:32:36,4.2,72000,4.2,D
sz000100,TCL科技,2025-10-27 09:32:39,4.2,25400,4.2,D
sz000100,TCL科技,2025-10-27 09:32:42,4.21,457200,4.2,U
sz000100,TCL科技,2025-10-27 09:32:45,4.21,34500,4.21,U
sz000100,TCL科技,2025-10-27 09:32:48,4.2,23600,4.21,D
sz000100,TCL科技,2025-10-27 09:32:51,4.2,39800,4.2,D
sz000100,TCL科技,2025-10-27 09:32:57,4.2,54700,4.21,D
sz000100,TCL科技,2025-10-27 09:33:00,4.2,61900,4.2,D
sz000100,TCL科技,2025-10-27 09:33:03,4.21,114900,4.2,U
sz000100,TCL科技,2025-10-27 09:33:06,4.21,5195890,4.21,U
sz000100,TCL科技,2025-10-27 09:33:09,4.21,89600,4.21,D
sz000100,TCL科技,2025-10-27 09:33:12,4.21,79900,4.21,D
sz000100,TCL科技,2025-10-27 09:33:15,4.21,49700,4.21,D
sz000100,TCL科技,2025-10-27 09:33:18,4.22,200900,4.21,U
sz000100,TCL科技,2025-10-27 09:33:21,4.22,67800,4.22,U
sz000100,TCL科技,2025-10-27 09:33:24,4.22,296270,4.22,U
sz000100,TCL科技,2025-10-27 09:33:27,4.22,29700,4.22,U
sz000100,TCL科技,2025-10-27 09:33:30,4.21,112600,4.22,D
sz000100,TCL科技,2025-10-27 09:33:33,4.21,71800,4.21,D
sz000100,TCL科技,2025-10-27 09:33:36,4.2,74700,4.21,D
sz000100,TCL科技,2025-10-27 09:33:39,4.2,95500,4.2,D
sz000100,TCL科技,2025-10-27 09:33:42,4.21,78900,4.2,U
sz000100,TCL科技,2025-10-27 09:33:45,4.2,214500,4.21,D
sz000100,TCL科技,2025-10-27 09:33:48,4.21,60700,4.2,U
sz000100,TCL科技,2025-10-27 09:33:51,4.2,69400,4.21,D
sz000100,TCL科技,2025-10-27 09:33:54,4.2,60200,4.2,D
sz000100,TCL科技,2025-10-27 09:33:57,4.21,81500,4.2,U
sz000100,TCL科技,2025-10-27 09:34:00,4.2,96500,4.21,D
sz000100,TCL科技,2025-10-27 09:34:03,4.21,158400,4.2,U
sz000100,TCL科技,2025-10-27 09:34:06,4.21,182400,4.21,U
sz000100,TCL科技,2025-10-27 09:34:09,4.21,39000,4.21,U
sz000100,TCL科技,2025-10-27 09:34:12,4.21,247800,4.21,U
sz000100,TCL科技,2025-10-27 09:34:15,4.21,330820,4.21,U
sz000100,TCL科技,2025-10-27 09:34:18,4.21,68200,4.21,D
sz000100,TCL科技,2025-10-27 09:34:21,4.22,59500,4.21,U
sz000100,TCL科技,2025-10-27 09:34:24,4.22,112900,4.22,U
sz000100,TCL科技,2025-10-27 09:34:27,4.22,51300,4.22,U
sz000100,TCL科技,2025-10-27 09:34:30,4.22,94900,4.22,U
sz000100,TCL科技,2025-10-27 09:34:33,4.22,47030,4.22,U
sz000100,TCL科技,2025-10-27 09:34:36,4.21,54600,4.22,D
sz000100,TCL科技,2025-10-27 09:34:39,4.22,58600,4.21,U
sz000100,TCL科技,2025-10-27 09:34:42,4.22,51400,4.22,U
sz000100,TCL科技,2025-10-27 09:34:45,4.21,66300,4.22,D
sz000100,TCL科技,2025-10-27 09:34:48,4.22,36500,4.21,U
sz000100,TCL科技,2025-10-27 09:34:54,4.21,110600,4.21,D
sz000100,TCL科技,2025-10-27 09:34:57,4.21,59500,4.21,D
sz000100,TCL科技,2025-10-27 09:35:00,4.21,56900,4.21,D
sz000100,TCL科技,2025-10-27 09:35:03,4.22,26000,4.21,U
sz000100,TCL科技,2025-10-27 09:35:09,4.21,287700,4.21,D
sz000100,TCL科技,2025-10-27 09:35:12,4.21,51700,4.21,D
sz000100,TCL科技,2025-10-27 09:35:15,4.21,123300,4.21,D
sz000100,TCL科技,2025-10-27 09:35:18,4.21,34300,4.21,D
sz000100,TCL科技,2025-10-27 09:35:21,4.21,87300,4.21,D
sz000100,TCL科技,2025-10-27 09:35:24,4.21,118300,4.21,D
sz000100,TCL科技,2025-10-27 09:35:27,4.21,112600,4.21,D
sz000100,TCL科技,2025-10-27 09:35:30,4.21,1157370,4.21,D
sz000100,TCL科技,2025-10-27 09:35:33,4.21,101800,4.21,U
sz000100,TCL科技,2025-10-27 09:35:39,4.2,50900,4.21,D
sz000100,TCL科技,2025-10-27 09:35:42,4.2,81900,4.2,D
sz000100,TCL科技,2025-10-27 09:35:45,4.21,20200,4.2,U
sz000100,TCL科技,2025-10-27 09:35:51,4.21,57700,4.21,U
sz000100,TCL科技,2025-10-27 09:35:54,4.2,56800,4.21,D
sz000100,TCL科技,2025-10-27 09:36:00,4.21,144700,4.2,U
sz000100,TCL科技,2025-10-27 09:36:03,4.21,83300,4.21,U
sz000100,TCL科技,2025-10-27 09:36:06,4.21,71300,4.21,U
sz000100,TCL科技,2025-10-27 09:36:09,4.2,29300,4.21,D
sz000100,TCL科技,2025-10-27 09:36:12,4.2,30400,4.2,D
sz000100,TCL科技,2025-10-27 09:36:18,4.2,20500,4.21,D
sz000100,TCL科技,2025-10-27 09:36:21,4.21,30500,4.2,U
sz000100,TCL科技,2025-10-27 09:36:27,4.2,23400,4.21,D
sz000100,TCL科技,2025-10-27 09:36:30,4.2,114600,4.2,D
sz000100,TCL科技,2025-10-27 09:36:33,4.2,49200,4.2,D
sz000100,TCL科技,2025-10-27 09:36:36,4.21,43900,4.2,U
sz000100,TCL科技,2025-10-27 09:36:39,4.2,33300,4.21,D
sz000100,TCL科技,2025-10-27 09:36:42,4.2,42800,4.2,D
sz000100,TCL科技,2025-10-27 09:36:45,4.2,20400,4.2,D
sz000100,TCL科技,2025-10-27 09:36:48,4.2,20600,4.2,D
sz000100,TCL科技,2025-10-27 09:36:51,4.21,52600,4.2,U
sz000100,TCL科技,2025-10-27 09:36:54,4.21,48100,4.21,U
sz000100,TCL科技,2025-10-27 09:36:57,4.2,60700,4.21,D
sz000100,TCL科技,2025-10-27 09:37:00,4.21,27720,4.2,U
sz000100,TCL科技,2025-10-27 09:37:03,4.21,3286610,4.21,U
sz000100,TCL科技,2025-10-27 09:37:06,4.21,116000,4.21,D
sz000100,TCL科技,2025-10-27 09:37:09,4.22,114480,4.21,U
sz000100,TCL科技,2025-10-27 09:37:12,4.21,129700,4.22,D
sz000100,TCL科技,2025-10-27 09:37:15,4.21,156520,4.21,D
sz000100,TCL科技,2025-10-27 09:37:18,4.2,92200,4.21,D
sz000100,TCL科技,2025-10-27 09:37:21,4.2,35500,4.2,D
sz000100,TCL科技,2025-10-27 09:37:24,4.2,33500,4.2,D
sz000100,TCL科技,2025-10-27 09:37:27,4.21,86400,4.2,U
sz000100,TCL科技,2025-10-27 09:37:30,4.21,123200,4.21,U
sz000100,TCL科技,2025-10-27 09:37:33,4.2,102700,4.21,D
sz000100,TCL科技,2025-10-27 09:37:36,4.2,98000,4.2,D
sz000100,TCL科技,2025-10-27 09:37:42,4.21,1077600,4.21,U
sz000100,TCL科技,2025-10-27 09:37:45,4.21,71500,4.21,U
sz000100,TCL科技,2025-10-27 09:37:48,4.21,71900,4.21,U
sz000100,TCL科技,2025-10-27 09:37:51,4.21,24000,4.21,U
sz000100,TCL科技,2025-10-27 09:37:54,4.21,28100,4.21,U
sz000100,TCL科技,2025-10-27 09:37:57,4.2,37800,4.21,D
sz000100,TCL科技,2025-10-27 09:38:00,4.2,37500,4.2,D
sz000100,TCL科技,2025-10-27 09:38:03,4.21,26800,4.2,U
sz000100,TCL科技,2025-10-27 09:38:09,4.21,25500,4.21,U
sz000100,TCL科技,2025-10-27 09:38:12,4.21,44100,4.21,U
sz000100,TCL科技,2025-10-27 09:38:15,4.21,323900,4.21,U
sz000100,TCL科技,2025-10-27 09:38:18,4.21,339940,4.21,U
sz000100,TCL科技,2025-10-27 09:38:21,4.21,103600,4.21,D
sz000100,TCL科技,2025-10-27 09:38:24,4.21,26100,4.21,D
sz000100,TCL科技,2025-10-27 09:38:27,4.21,72900,4.21,D
sz000100,TCL科技,2025-10-27 09:38:30,4.21,232720,4.21,D
sz000100,TCL科技,2025-10-27 09:38:33,4.22,87800,4.21,U
sz000100,TCL科技,2025-10-27 09:38:36,4.21,453280,4.22,D
sz000100,TCL科技,2025-10-27 09:38:39,4.22,187100,4.21,U
sz000100,TCL科技,2025-10-27 09:38:42,4.21,312500,4.22,U
sz000100,TCL科技,2025-10-27 09:38:45,4.21,81900,4.21,U
sz000100,TCL科技,2025-10-27 09:38:48,4.21,35300,4.21,U
sz000100,TCL科技,2025-10-27 09:38:51,4.21,21400,4.21,U
sz000100,TCL科技,2025-10-27 09:38:54,4.21,29000,4.21,U
sz000100,TCL科技,2025-10-27 09:38:57,4.21,93400,4.21,U
sz000100,TCL科技,2025-10-27 09:39:00,4.21,22200,4.21,U
sz000100,TCL科技,2025-10-27 09:39:03,4.21,79600,4.21,U
sz000100,TCL科技,2025-10-27 09:39:09,4.21,125900,4.21,D
sz000100,TCL科技,2025-10-27 09:39:12,4.21,37700,4.21,U
sz000100,TCL科技,2025-10-27 09:39:15,4.21,52400,4.21,U
sz000100,TCL科技,2025-10-27 09:39:18,4.21,39500,4.21,U
sz000100,TCL科技,2025-10-27 09:39:21,4.21,32000,4.21,U
sz000100,TCL科技,2025-10-27 09:39:24,4.2,35600,4.21,D
sz000100,TCL科技,2025-10-27 09:39:30,4.2,39900,4.21,D
sz000100,TCL科技,2025-10-27 09:39:33,4.21,26600,4.2,U
sz000100,TCL科技,2025-10-27 09:39:42,4.2,44300,4.21,D
sz000100,TCL科技,2025-10-27 09:39:48,4.2,35700,4.21,D
sz000100,TCL科技,2025-10-27 09:39:51,4.2,23900,4.2,D
sz000100,TCL科技,2025-10-27 09:39:54,4.21,37200,4.2,U
sz000100,TCL科技,2025-10-27 09:39:57,4.2,20100,4.21,D
sz000100,TCL科技,2025-10-27 09:40:00,4.2,26300,4.2,D
sz000100,TCL科技,2025-10-27 09:40:03,4.21,38000,4.2,U
sz000100,TCL科技,2025-10-27 09:40:06,4.21,79400,4.21,U
sz000100,TCL科技,2025-10-27 09:40:18,4.21,40400,4.21,U
sz000100,TCL科技,2025-10-27 09:40:21,4.2,21200,4.21,D
sz000100,TCL科技,2025-10-27 09:40:24,4.21,25500,4.2,U
sz000100,TCL科技,2025-10-27 09:40:36,4.2,75200,4.21,D
sz000100,TCL科技,2025-10-27 09:40:39,4.21,31000,4.2,U
sz000100,TCL科技,2025-10-27 09:40:42,4.2,23100,4.21,D
sz000100,TCL科技,2025-10-27 09:40:45,4.2,36500,4.2,D
sz000100,TCL科技,2025-10-27 09:40:51,4.2,22800,4.21,D
sz000100,TCL科技,2025-10-27 09:40:54,4.21,65600,4.2,U
sz000100,TCL科技,2025-10-27 09:41:00,4.2,20900,4.2,D
sz000100,TCL科技,2025-10-27 09:41:06,4.21,28600,4.21,U
sz000100,TCL科技,2025-10-27 09:41:12,4.21,21700,4.21,U
sz000100,TCL科技,2025-10-27 09:41:21,4.2,70000,4.21,D
sz000100,TCL科技,2025-10-27 09:41:27,4.21,47500,4.21,U
sz000100,TCL科技,2025-10-27 09:41:30,4.2,28100,4.21,D
sz000100,TCL科技,2025-10-27 09:41:33,4.21,46600,4.2,U
sz000100,TCL科技,2025-10-27 09:41:42,4.21,30200,4.21,U
sz000100,TCL科技,2025-10-27 09:41:45,4.21,27900,4.21,U
sz000100,TCL科技,2025-10-27 09:41:48,4.21,345200,4.21,U
sz000100,TCL科技,2025-10-27 09:41:51,4.21,222400,4.21,U
sz000100,TCL科技,2025-10-27 09:41:54,4.21,145200,4.21,U
sz000100,TCL科技,2025-10-27 09:41:57,4.21,43600,4.21,U
sz000100,TCL科技,2025-10-27 09:42:03,4.21,36100,4.2,U
sz000100,TCL科技,2025-10-27 09:42:06,4.21,64000,4.21,U
sz000100,TCL科技,2025-10-27 09:42:09,4.2,23200,4.21,D
sz000100,TCL科技,2025-10-27 09:42:12,4.21,121900,4.2,U
sz000100,TCL科技,2025-10-27 09:42:15,4.21,51600,4.21,U
sz000100,TCL科技,2025-10-27 09:42:18,4.21,21900,4.21,U
sz000100,TCL科技,2025-10-27 09:42:21,4.21,44000,4.21,U
sz000100,TCL科技,2025-10-27 09:42:24,4.21,36300,4.21,U
sz000100,TCL科技,2025-10-27 09:42:33,4.21,42000,4.2,U
sz000100,TCL科技,2025-10-27 09:42:36,4.21,27400,4.21,U
sz000100,TCL科技,2025-10-27 09:42:42,4.21,30800,4.21,U
sz000100,TCL科技,2025-10-27 09:42:45,4.21,175700,4.21,U
sz000100,TCL科技,2025-10-27 09:42:48,4.21,38800,4.21,U
sz000100,TCL科技,2025-10-27 09:43:00,4.2,35700,4.2,D
sz000100,TCL科技,2025-10-27 09:43:03,4.21,39500,4.2,U
sz000100,TCL科技,2025-10-27 09:43:06,4.21,21300,4.21,U
sz000100,TCL科技,2025-10-27 09:43:09,4.21,30900,4.21,U
sz000100,TCL科技,2025-10-27 09:43:15,4.2,108100,4.21,D
sz000100,TCL科技,2025-10-27 09:43:21,4.21,86460,4.21,U
sz000100,TCL科技,2025-10-27 09:43:24,4.21,59500,4.21,U
sz000100,TCL科技,2025-10-27 09:43:27,4.2,22900,4.21,D
sz000100,TCL科技,2025-10-27 09:43:30,4.21,78100,4.2,U
sz000100,TCL科技,2025-10-27 09:43:33,4.21,30300,4.21,U
sz000100,TCL科技,2025-10-27 09:43:36,4.21,31200,4.21,U
sz000100,TCL科技,2025-10-27 09:43:39,4.21,53400,4.21,U
sz000100,TCL科技,2025-10-27 09:43:45,4.21,27300,4.21,U
sz000100,TCL科技,2025-10-27 09:43:48,4.21,41400,4.21,U
sz000100,TCL科技,2025-10-27 09:43:54,4.21,67660,4.21,U
sz000100,TCL科技,2025-10-27 09:44:00,4.2,52700,4.21,D
sz000100,TCL科技,2025-10-27 09:44:06,4.2,36800,4.2,D
sz000100,TCL科技,2025-10-27 09:44:18,4.2,58400,4.21,D
sz000100,TCL科技,2025-10-27 09:44:21,4.21,25600,4.2,U
sz000100,TCL科技,2025-10-27 09:44:24,4.21,23100,4.21,U
sz000100,TCL科技,2025-10-27 09:44:27,4.2,51600,4.21,D
sz000100,TCL科技,2025-10-27 09:44:36,4.21,43600,4.2,U
sz000100,TCL科技,2025-10-27 09:44:42,4.21,39300,4.21,U
sz000100,TCL科技,2025-10-27 09:44:45,4.21,63300,4.21,U
sz000100,TCL科技,2025-10-27 09:44:48,4.21,27800,4.21,U
sz000100,TCL科技,2025-10-27 09:44:51,4.2,125100,4.21,D
sz000100,TCL科技,2025-10-27 09:44:57,4.21,158000,4.21,U
sz000100,TCL科技,2025-10-27 09:45:00,4.2,25400,4.21,D
sz000100,TCL科技,2025-10-27 09:45:03,4.21,21600,4.2,U
sz000100,TCL科技,2025-10-27 09:45:06,4.2,50600,4.21,D
sz000100,TCL科技,2025-10-27 09:45:18,4.21,40700,4.21,U
sz000100,TCL科技,2025-10-27 09:45:24,4.2,20580,4.2,D
sz000100,TCL科技,2025-10-27 09:45:30,4.2,48100,4.2,D
sz000100,TCL科技,2025-10-27 09:45:42,4.21,40300,4.21,U
sz000100,TCL科技,2025-10-27 09:45:48,4.2,29400,4.2,D
sz000100,TCL科技,2025-10-27 09:45:51,4.21,30700,4.2,U
sz000100,TCL科技,2025-10-27 09:46:00,4.2,54600,4.2,D
sz000100,TCL科技,2025-10-27 09:46:06,4.21,42200,4.2,U
sz000100,TCL科技,2025-10-27 09:46:12,4.2,37600,4.2,D
sz000100,TCL科技,2025-10-27 09:46:15,4.21,38300,4.2,U
sz000100,TCL科技,2025-10-27 09:46:18,4.2,129100,4.21,D
sz000100,TCL科技,2025-10-27 09:46:21,4.21,31100,4.2,U
sz000100,TCL科技,2025-10-27 09:46:24,4.21,34100,4.21,U
sz000100,TCL科技,2025-10-27 09:46:27,4.21,26500,4.21,U
sz000100,TCL科技,2025-10-27 09:46:30,4.2,44000,4.21,D
sz000100,TCL科技,2025-10-27 09:46:36,4.21,83800,4.21,U
sz000100,TCL科技,2025-10-27 09:46:39,4.21,35700,4.21,U
sz000100,TCL科技,2025-10-27 09:46:45,4.2,49300,4.21,D
sz000100,TCL科技,2025-10-27 09:46:48,4.21,23800,4.2,U
sz000100,TCL科技,2025-10-27 09:46:51,4.21,33200,4.21,U
sz000100,TCL科技,2025-10-27 09:47:12,4.21,118500,4.21,U
sz000100,TCL科技,2025-10-27 09:47:18,4.21,37200,4.2,U
sz000100,TCL科技,2025-10-27 09:47:27,4.2,21900,4.2,D
sz000100,TCL科技,2025-10-27 09:47:30,4.2,61200,4.2,D
sz000100,TCL科技,2025-10-27 09:47:33,4.21,24900,4.2,U
sz000100,TCL科技,2025-10-27 09:47:36,4.21,75800,4.21,U
sz000100,TCL科技,2025-10-27 09:47:51,4.21,28300,4.2,U
sz000100,TCL科技,2025-10-27 09:47:54,4.2,21100,4.21,D
sz000100,TCL科技,2025-10-27 09:47:57,4.21,61100,4.2,U
sz000100,TCL科技,2025-10-27 09:48:00,4.2,101000,4.21,D
sz000100,TCL科技,2025-10-27 09:48:03,4.21,228400,4.2,U
sz000100,TCL科技,2025-10-27 09:48:06,4.21,171900,4.21,U
sz000100,TCL科技,2025-10-27 09:48:09,4.2,43500,4.21,D
sz000100,TCL科技,2025-10-27 09:48:12,4.21,29300,4.2,U
sz000100,TCL科技,2025-10-27 09:48:15,4.2,36200,4.21,D
sz000100,TCL科技,2025-10-27 09:48:30,4.2,38530,4.2,D
sz000100,TCL科技,2025-10-27 09:48:39,4.21,27000,4.2,U
sz000100,TCL科技,2025-10-27 09:48:42,4.2,293500,4.21,D
sz000100,TCL科技,2025-10-27 09:48:45,4.2,27800,4.2,D
sz000100,TCL科技,2025-10-27 09:48:48,4.2,33200,4.2,D
sz000100,TCL科技,2025-10-27 09:48:51,4.2,53900,4.2,D
sz000100,TCL科技,2025-10-27 09:49:00,4.2,28900,4.2,D
sz000100,TCL科技,2025-10-27 09:49:06,4.2,21900,4.2,D
sz000100,TCL科技,2025-10-27 09:49:12,4.2,104100,4.2,D
sz000100,TCL科技,2025-10-27 09:49:15,4.2,103100,4.2,D
sz000100,TCL科技,2025-10-27 09:49:18,4.2,145200,4.2,D
sz000100,TCL科技,2025-10-27 09:49:21,4.2,69800,4.2,D
sz000100,TCL科技,2025-10-27 09:49:24,4.2,9979171,4.2,D
sz000100,TCL科技,2025-10-27 09:49:27,4.2,844200,4.2,U
sz000100,TCL科技,2025-10-27 09:49:30,4.2,94600,4.2,U
sz000100,TCL科技,2025-10-27 09:49:33,4.2,749420,4.2,U
sz000100,TCL科技,2025-10-27 09:49:36,4.2,25800,4.2,D
sz000100,TCL科技,2025-10-27 09:49:39,4.2,47900,4.2,D
sz000100,TCL科技,2025-10-27 09:49:42,4.2,49500,4.2,D
sz000100,TCL科技,2025-10-27 09:49:45,4.21,70900,4.2,U
sz000100,TCL科技,2025-10-27 09:49:48,4.2,131500,4.21,D
sz000100,TCL科技,2025-10-27 09:49:51,4.2,1063500,4.2,D
sz000100,TCL科技,2025-10-27 09:49:54,4.2,63900,4.2,D
sz000100,TCL科技,2025-10-27 09:49:57,4.2,34300,4.2,D
sz000100,TCL科技,2025-10-27 09:50:00,4.2,159600,4.2,D
sz000100,TCL科技,2025-10-27 09:50:03,4.2,80000,4.2,D
sz000100,TCL科技,2025-10-27 09:50:06,4.2,88800,4.2,D
sz000100,TCL科技,2025-10-27 09:50:09,4.2,57600,4.2,D
sz000100,TCL科技,2025-10-27 09:50:12,4.2,133400,4.2,D
sz000100,TCL科技,2025-10-27 09:50:15,4.2,155900,4.2,U
sz000100,TCL科技,2025-10-27 09:50:18,4.2,71600,4.2,D
sz000100,TCL科技,2025-10-27 09:50:21,4.2,796950,4.2,D
sz000100,TCL科技,2025-10-27 09:50:24,4.2,130910,4.2,D
sz000100,TCL科技,2025-10-27 09:50:27,4.2,129200,4.2,D
sz000100,TCL科技,2025-10-27 09:50:30,4.2,45200,4.2,D
sz000100,TCL科技,2025-10-27 09:50:33,4.2,49500,4.2,D
sz000100,TCL科技,2025-10-27 09:50:36,4.2,75900,4.2,D
sz000100,TCL科技,2025-10-27 09:50:39,4.2,20200,4.2,D
sz000100,TCL科技,2025-10-27 09:50:45,4.2,596600,4.21,D
sz000100,TCL科技,2025-10-27 09:50:48,4.2,106300,4.2,D
sz000100,TCL科技,2025-10-27 09:50:51,4.21,23100,4.2,U
sz000100,TCL科技,2025-10-27 09:51:00,4.2,49100,4.21,D
sz000100,TCL科技,2025-10-27 09:51:03,4.21,30800,4.2,U
sz000100,TCL科技,2025-10-27 09:51:06,4.2,30300,4.21,D
sz000100,TCL科技,2025-10-27 09:51:12,4.2,20700,4.21,D
sz000100,TCL科技,2025-10-27 09:51:21,4.2,28300,4.2,D
sz000100,TCL科技,2025-10-27 09:51:27,4.2,31100,4.21,D
sz000100,TCL科技,2025-10-27 09:51:30,4.2,20800,4.2,D
sz000100,TCL科技,2025-10-27 09:51:36,4.21,132200,4.21,U
sz000100,TCL科技,2025-10-27 09:51:45,4.2,21600,4.2,D
sz000100,TCL科技,2025-10-27 09:51:51,4.2,112900,4.21,D
sz000100,TCL科技,2025-10-27 09:52:00,4.2,57100,4.21,D
sz000100,TCL科技,2025-10-27 09:52:03,4.21,23500,4.2,U
sz000100,TCL科技,2025-10-27 09:52:06,4.21,22600,4.21,U
sz000100,TCL科技,2025-10-27 09:52:12,4.21,55700,4.21,U
sz000100,TCL科技,2025-10-27 09:52:15,4.21,60600,4.21,U
sz000100,TCL科技,2025-10-27 09:52:18,4.21,61400,4.21,U
sz000100,TCL科技,2025-10-27 09:52:21,4.21,23800,4.21,U
sz000100,TCL科技,2025-10-27 09:52:27,4.2,30900,4.2,D
sz000100,TCL科技,2025-10-27 09:52:30,4.2,42560,4.2,D
sz000100,TCL科技,2025-10-27 09:52:33,4.21,50900,4.2,U
sz000100,TCL科技,2025-10-27 09:52:36,4.21,42800,4.21,U
sz000100,TCL科技,2025-10-27 09:52:39,4.2,170400,4.21,D
sz000100,TCL科技,2025-10-27 09:52:42,4.21,109300,4.2,U
sz000100,TCL科技,2025-10-27 09:52:45,4.21,92900,4.21,U
sz000100,TCL科技,2025-10-27 09:52:48,4.2,52400,4.21,D
sz000100,TCL科技,2025-10-27 09:52:51,4.21,66900,4.2,U
sz000100,TCL科技,2025-10-27 09:52:54,4.21,47570,4.21,U
sz000100,TCL科技,2025-10-27 09:52:57,4.2,44800,4.21,D
sz000100,TCL科技,2025-10-27 09:53:12,4.21,26600,4.21,U
sz000100,TCL科技,2025-10-27 09:53:15,4.21,40000,4.21,U
sz000100,TCL科技,2025-10-27 09:53:18,4.21,24700,4.21,U
sz000100,TCL科技,2025-10-27 09:53:33,4.2,50400,4.21,D
sz000100,TCL科技,2025-10-27 09:53:36,4.21,64300,4.2,U
sz000100,TCL科技,2025-10-27 09:53:45,4.21,21100,4.21,U
sz000100,TCL科技,2025-10-27 09:53:51,4.2,33500,4.21,D
sz000100,TCL科技,2025-10-27 09:53:57,4.2,100000,4.21,D
sz000100,TCL科技,2025-10-27 09:54:00,4.2,20200,4.2,D
sz000100,TCL科技,2025-10-27 09:54:03,4.2,54800,4.2,D
sz000100,TCL科技,2025-10-27 09:54:12,4.2,26500,4.2,D
sz000100,TCL科技,2025-10-27 09:54:18,4.21,53500,4.2,U
sz000100,TCL科技,2025-10-27 09:54:24,4.2,25000,4.2,D
sz000100,TCL科技,2025-10-27 09:54:27,4.21,38300,4.2,U
sz000100,TCL科技,2025-10-27 09:54:33,4.2,24700,4.2,D
sz000100,TCL科技,2025-10-27 09:54:36,4.2,29500,4.2,D
sz000100,TCL科技,2025-10-27 09:54:45,4.21,29270,4.2,U
sz000100,TCL科技,2025-10-27 09:54:51,4.2,40200,4.2,D
sz000100,TCL科技,2025-10-27 09:55:03,4.2,92700,4.2,D
sz000100,TCL科技,2025-10-27 09:55:06,4.2,124400,4.2,D
sz000100,TCL科技,2025-10-27 09:55:09,4.21,29100,4.2,U
sz000100,TCL科技,2025-10-27 09:55:12,4.2,36000,4.21,D
sz000100,TCL科技,2025-10-27 09:55:24,4.2,115800,4.2,D
sz000100,TCL科技,2025-10-27 09:55:27,4.2,77500,4.2,D
sz000100,TCL科技,2025-10-27 09:55:30,4.2,25000,4.2,D
sz000100,TCL科技,2025-10-27 09:55:33,4.2,90700,4.2,D
sz000100,TCL科技,2025-10-27 09:55:42,4.2,115800,4.2,D
sz000100,TCL科技,2025-10-27 09:55:48,4.2,92400,4.2,D
sz000100,TCL科技,2025-10-27 09:55:51,4.2,104100,4.2,D
sz000100,TCL科技,2025-10-27 09:55:57,4.2,56900,4.21,D
sz000100,TCL科技,2025-10-27 09:56:03,4.2,238920,4.2,D
sz000100,TCL科技,2025-10-27 09:56:06,4.2,81100,4.2,D
sz000100,TCL科技,2025-10-27 09:56:09,4.21,27000,4.2,U
sz000100,TCL科技,2025-10-27 09:56:12,4.21,62800,4.21,U
sz000100,TCL科技,2025-10-27 09:56:15,4.2,57700,4.21,D
sz000100,TCL科技,2025-10-27 09:56:33,4.2,32700,4.2,D
sz000100,TCL科技,2025-10-27 09:56:36,4.21,1043100,4.2,U
sz000100,TCL科技,2025-10-27 09:56:51,4.2,25000,4.2,D
sz000100,TCL科技,2025-10-27 09:57:12,4.2,41200,4.21,D
sz000100,TCL科技,2025-10-27 09:57:24,4.21,118400,4.21,U
sz000100,TCL科技,2025-10-27 09:57:27,4.2,113200,4.21,D
sz000100,TCL科技,2025-10-27 09:57:30,4.2,38600,4.2,D
sz000100,TCL科技,2025-10-27 09:57:33,4.2,44700,4.2,D
sz000100,TCL科技,2025-10-27 09:57:39,4.2,25600,4.2,D
sz000100,TCL科技,2025-10-27 09:57:48,4.21,127200,4.2,U
sz000100,TCL科技,2025-10-27 09:57:51,4.2,21800,4.21,D
sz000100,TCL科技,2025-10-27 09:57:57,4.2,102200,4.2,D
sz000100,TCL科技,2025-10-27 09:58:03,4.2,39000,4.2,D
sz000100,TCL科技,2025-10-27 09:58:06,4.2,30000,4.2,D
sz000100,TCL科技,2025-10-27 09:58:09,4.21,30900,4.2,U
sz000100,TCL科技,2025-10-27 09:58:12,4.21,38500,4.21,U
sz000100,TCL科技,2025-10-27 09:58:18,4.21,68600,4.2,U
sz000100,TCL科技,2025-10-27 09:58:21,4.21,22900,4.21,U
sz000100,TCL科技,2025-10-27 09:58:27,4.2,22300,4.21,D
sz000100,TCL科技,2025-10-27 09:58:30,4.2,28000,4.2,D
sz000100,TCL科技,2025-10-27 09:58:33,4.2,46600,4.2,D
sz000100,TCL科技,2025-10-27 09:58:42,4.2,25700,4.2,D
sz000100,TCL科技,2025-10-27 09:58:45,4.2,31400,4.2,D
sz000100,TCL科技,2025-10-27 09:58:51,4.2,23100,4.21,D
sz000100,TCL科技,2025-10-27 09:58:54,4.2,22700,4.2,D
sz000100,TCL科技,2025-10-27 09:58:57,4.2,64800,4.2,D
sz000100,TCL科技,2025-10-27 09:59:00,4.2,50400,4.2,D
sz000100,TCL科技,2025-10-27 09:59:03,4.2,36100,4.2,D
sz000100,TCL科技,2025-10-27 09:59:12,4.21,121400,4.21,U
sz000100,TCL科技,2025-10-27 09:59:15,4.2,189570,4.21,D
sz000100,TCL科技,2025-10-27 09:59:18,4.2,25700,4.2,D
sz000100,TCL科技,2025-10-27 09:59:21,4.2,132000,4.2,D
sz000100,TCL科技,2025-10-27 09:59:27,4.21,27300,4.2,U
sz000100,TCL科技,2025-10-27 09:59:33,4.2,55000,4.2,D
sz000100,TCL科技,2025-10-27 09:59:36,4.21,49100,4.2,U
sz000100,TCL科技,2025-10-27 09:59:45,4.2,62300,4.2,D
sz000100,TCL科技,2025-10-27 09:59:48,4.2,1566340,4.2,D
sz000100,TCL科技,2025-10-27 09:59:51,4.21,107100,4.2,U
sz000100,TCL科技,2025-10-27 09:59:54,4.2,32700,4.21,D
sz000100,TCL科技,2025-10-27 10:00:00,4.2,115900,4.2,D
sz000100,TCL科技,2025-10-27 10:00:03,4.2,31000,4.2,U
sz000100,TCL科技,2025-10-27 10:00:06,4.19,667400,4.2,D
sz000100,TCL科技,2025-10-27 10:00:12,4.2,61600,4.2,U
sz000100,TCL科技,2025-10-27 10:00:15,4.2,22600,4.2,U
sz000100,TCL科技,2025-10-27 10:00:33,4.2,24600,4.19,U
sz000100,TCL科技,2025-10-27 10:00:36,4.19,32500,4.2,D
sz000100,TCL科技,2025-10-27 10:00:51,4.2,33500,4.2,U
sz000100,TCL科技,2025-10-27 10:01:03,4.2,49700,4.2,U
sz000100,TCL科技,2025-10-27 10:01:06,4.19,95100,4.2,D
sz000100,TCL科技,2025-10-27 10:01:12,4.2,62900,4.2,U
sz000100,TCL科技,2025-10-27 10:01:18,4.2,47000,4.2,U
sz000100,TCL科技,2025-10-27 10:01:33,4.19,23100,4.19,D
sz000100,TCL科技,2025-10-27 10:01:36,4.19,202600,4.19,D
sz000100,TCL科技,2025-10-27 10:01:48,4.19,36830,4.19,D
sz000100,TCL科技,2025-10-27 10:01:51,4.19,26000,4.19,D
sz000100,TCL科技,2025-10-27 10:01:57,4.2,36000,4.2,U
sz000100,TCL科技,2025-10-27 10:02:00,4.19,198400,4.2,D
sz000100,TCL科技,2025-10-27 10:02:03,4.19,57500,4.19,D
sz000100,TCL科技,2025-10-27 10:02:06,4.2,71400,4.19,U
sz000100,TCL科技,2025-10-27 10:02:12,4.2,27700,4.19,U
sz000100,TCL科技,2025-10-27 10:02:15,4.19,48600,4.2,D
sz000100,TCL科技,2025-10-27 10:02:24,4.19,46000,4.2,D
sz000100,TCL科技,2025-10-27 10:02:27,4.2,95900,4.19,U
sz000100,TCL科技,2025-10-27 10:02:33,4.19,26500,4.19,D
sz000100,TCL科技,2025-10-27 10:02:36,4.19,24700,4.19,D
sz000100,TCL科技,2025-10-27 10:02:48,4.2,34300,4.19,U
sz000100,TCL科技,2025-10-27 10:02:51,4.19,21400,4.2,D
sz000100,TCL科技,2025-10-27 10:02:54,4.2,21200,4.19,U
sz000100,TCL科技,2025-10-27 10:02:57,4.2,32300,4.2,U
sz000100,TCL科技,2025-10-27 10:03:06,4.19,50400,4.19,D
sz000100,TCL科技,2025-10-27 10:03:12,4.2,28500,4.2,U
sz000100,TCL科技,2025-10-27 10:03:15,4.2,42400,4.2,U
sz000100,TCL科技,2025-10-27 10:03:18,4.19,60100,4.2,D
sz000100,TCL科技,2025-10-27 10:03:21,4.2,38500,4.19,U
sz000100,TCL科技,2025-10-27 10:03:30,4.19,25420,4.2,D
sz000100,TCL科技,2025-10-27 10:03:33,4.19,23200,4.19,D
sz000100,TCL科技,2025-10-27 10:03:36,4.2,52500,4.19,U
sz000100,TCL科技,2025-10-27 10:03:48,4.19,78000,4.19,D
sz000100,TCL科技,2025-10-27 10:03:54,4.2,21200,4.19,U
sz000100,TCL科技,2025-10-27 10:04:12,4.19,34200,4.2,D
sz000100,TCL科技,2025-10-27 10:04:18,4.2,39400,4.2,U
sz000100,TCL科技,2025-10-27 10:04:33,4.19,24600,4.2,D
sz000100,TCL科技,2025-10-27 10:04:45,4.19,51200,4.2,D
sz000100,TCL科技,2025-10-27 10:04:54,4.19,53300,4.19,D
sz000100,TCL科技,2025-10-27 10:05:03,4.19,38500,4.2,D
sz000100,TCL科技,2025-10-27 10:05:12,4.19,49500,4.19,D
sz000100,TCL科技,2025-10-27 10:05:15,4.2,28400,4.19,U
sz000100,TCL科技,2025-10-27 10:05:21,4.2,20200,4.2,U
sz000100,TCL科技,2025-10-27 10:05:33,4.19,32300,4.19,D
sz000100,TCL科技,2025-10-27 10:05:36,4.2,28700,4.19,U
sz000100,TCL科技,2025-10-27 10:05:45,4.19,22100,4.19,D
sz000100,TCL科技,2025-10-27 10:05:54,4.2,49800,4.19,U
sz000100,TCL科技,2025-10-27 10:06:03,4.19,23400,4.19,D
sz000100,TCL科技,2025-10-27 10:06:12,4.19,36400,4.19,D
sz000100,TCL科技,2025-10-27 10:06:33,4.19,60200,4.19,D
sz000100,TCL科技,2025-10-27 10:06:39,4.2,52700,4.19,U
sz000100,TCL科技,2025-10-27 10:06:54,4.19,26800,4.19,D
sz000100,TCL科技,2025-10-27 10:07:03,4.19,52800,4.19,D
sz000100,TCL科技,2025-10-27 10:07:06,4.19,42900,4.19,D
sz000100,TCL科技,2025-10-27 10:07:09,4.19,234900,4.19,D
sz000100,TCL科技,2025-10-27 10:07:12,4.19,49600,4.19,D
sz000100,TCL科技,2025-10-27 10:07:15,4.19,32500,4.19,D
sz000100,TCL科技,2025-10-27 10:07:21,4.19,77800,4.2,D
sz000100,TCL科技,2025-10-27 10:07:33,4.19,25900,4.19,D
sz000100,TCL科技,2025-10-27 10:07:51,4.2,169600,4.19,U
sz000100,TCL科技,2025-10-27 10:07:54,4.2,26400,4.2,U
sz000100,TCL科技,2025-10-27 10:07:57,4.2,102400,4.2,U
sz000100,TCL科技,2025-10-27 10:08:00,4.19,24100,4.2,D
sz000100,TCL科技,2025-10-27 10:08:03,4.2,45900,4.19,U
sz000100,TCL科技,2025-10-27 10:08:09,4.19,50600,4.2,D
sz000100,TCL科技,2025-10-27 10:08:12,4.19,29300,4.19,D
sz000100,TCL科技,2025-10-27 10:08:15,4.2,25900,4.19,U
sz000100,TCL科技,2025-10-27 10:08:18,4.2,57400,4.2,U
sz000100,TCL科技,2025-10-27 10:08:21,4.19,117400,4.2,D
sz000100,TCL科技,2025-10-27 10:08:27,4.2,68200,4.19,U
sz000100,TCL科技,2025-10-27 10:08:33,4.19,30600,4.19,D
sz000100,TCL科技,2025-10-27 10:08:36,4.19,26400,4.19,D
sz000100,TCL科技,2025-10-27 10:08:42,4.19,40950,4.19,D
sz000100,TCL科技,2025-10-27 10:08:51,4.19,46740,4.2,D
sz000100,TCL科技,2025-10-27 10:08:54,4.2,91100,4.19,U
sz000100,TCL科技,2025-10-27 10:09:00,4.19,34200,4.2,D
sz000100,TCL科技,2025-10-27 10:09:03,4.2,82400,4.19,U
sz000100,TCL科技,2025-10-27 10:09:06,4.2,37800,4.2,U
sz000100,TCL科技,2025-10-27 10:09:09,4.19,89600,4.2,D
sz000100,TCL科技,2025-10-27 10:09:15,4.2,31600,4.2,U
sz000100,TCL科技,2025-10-27 10:09:21,4.19,27300,4.2,D
sz000100,TCL科技,2025-10-27 10:09:30,4.19,30900,4.19,D
sz000100,TCL科技,2025-10-27 10:09:33,4.19,43800,4.19,D
sz000100,TCL科技,2025-10-27 10:09:36,4.19,81600,4.19,D
sz000100,TCL科技,2025-10-27 10:09:54,4.2,32200,4.2,U
sz000100,TCL科技,2025-10-27 10:09:57,4.2,161300,4.2,U
sz000100,TCL科技,2025-10-27 10:10:03,4.2,25100,4.19,U
sz000100,TCL科技,2025-10-27 10:10:15,4.19,48000,4.19,D
sz000100,TCL科技,2025-10-27 10:10:24,4.19,42690,4.19,D
sz000100,TCL科技,2025-10-27 10:10:33,4.19,27500,4.19,D
sz000100,TCL科技,2025-10-27 10:10:42,4.2,24800,4.19,U
sz000100,TCL科技,2025-10-27 10:10:51,4.2,50300,4.2,U
sz000100,TCL科技,2025-10-27 10:10:54,4.2,28800,4.2,U
sz000100,TCL科技,2025-10-27 10:10:57,4.2,26700,4.2,U
sz000100,TCL科技,2025-10-27 10:11:09,4.19,33000,4.2,D
sz000100,TCL科技,2025-10-27 10:11:12,4.19,66000,4.19,D
sz000100,TCL科技,2025-10-27 10:11:15,4.2,60500,4.19,U
sz000100,TCL科技,2025-10-27 10:11:21,4.19,24900,4.2,D
sz000100,TCL科技,2025-10-27 10:11:33,4.19,25700,4.2,D
sz000100,TCL科技,2025-10-27 10:11:42,4.19,59600,4.2,D
sz000100,TCL科技,2025-10-27 10:11:54,4.19,28800,4.19,D
sz000100,TCL科技,2025-10-27 10:11:57,4.2,34700,4.19,U
sz000100,TCL科技,2025-10-27 10:12:03,4.19,210500,4.19,D
sz000100,TCL科技,2025-10-27 10:12:12,4.2,88700,4.19,U
sz000100,TCL科技,2025-10-27 10:12:15,4.2,39400,4.2,U
sz000100,TCL科技,2025-10-27 10:12:27,4.2,37200,4.19,U
sz000100,TCL科技,2025-10-27 10:12:33,4.19,31100,4.2,D
sz000100,TCL科技,2025-10-27 10:12:42,4.19,20410,4.2,D
sz000100,TCL科技,2025-10-27 10:12:54,4.19,27400,4.19,D
sz000100,TCL科技,2025-10-27 10:12:57,4.19,156300,4.19,D
sz000100,TCL科技,2025-10-27 10:13:00,4.19,37300,4.19,D
sz000100,TCL科技,2025-10-27 10:13:03,4.19,24800,4.19,D
sz000100,TCL科技,2025-10-27 10:13:09,4.19,88100,4.19,D
sz000100,TCL科技,2025-10-27 10:13:15,4.19,22400,4.2,D
sz000100,TCL科技,2025-10-27 10:13:33,4.19,56300,4.19,D
sz000100,TCL科技,2025-10-27 10:13:54,4.19,33200,4.19,D
sz000100,TCL科技,2025-10-27 10:14:09,4.19,32100,4.2,D
sz000100,TCL科技,2025-10-27 10:14:15,4.19,21000,4.2,D
sz000100,TCL科技,2025-10-27 10:14:18,4.2,77000,4.19,U
sz000100,TCL科技,2025-10-27 10:14:24,4.2,41800,4.19,U
sz000100,TCL科技,2025-10-27 10:14:27,4.2,53300,4.2,U
sz000100,TCL科技,2025-10-27 10:14:33,4.2,123700,4.2,U
sz000100,TCL科技,2025-10-27 10:14:36,4.2,22700,4.2,U
sz000100,TCL科技,2025-10-27 10:14:54,4.2,84800,4.2,U
sz000100,TCL科技,2025-10-27 10:15:09,4.2,47700,4.19,U
sz000100,TCL科技,2025-10-27 10:15:12,4.19,22400,4.2,D
sz000100,TCL科技,2025-10-27 10:15:15,4.2,23200,4.19,U
sz000100,TCL科技,2025-10-27 10:15:24,4.2,25100,4.2,U
sz000100,TCL科技,2025-10-27 10:15:27,4.19,21300,4.2,D
sz000100,TCL科技,2025-10-27 10:15:33,4.19,36300,4.19,D
sz000100,TCL科技,2025-10-27 10:15:36,4.2,78200,4.19,U
sz000100,TCL科技,2025-10-27 10:15:42,4.2,52100,4.19,U
sz000100,TCL科技,2025-10-27 10:15:45,4.19,39200,4.2,D
sz000100,TCL科技,2025-10-27 10:15:48,4.2,51900,4.19,U
sz000100,TCL科技,2025-10-27 10:15:54,4.19,651300,4.19,D
sz000100,TCL科技,2025-10-27 10:15:57,4.19,102210,4.19,D
sz000100,TCL科技,2025-10-27 10:16:00,4.19,88000,4.19,D
sz000100,TCL科技,2025-10-27 10:16:06,4.2,92300,4.19,U
sz000100,TCL科技,2025-10-27 10:16:15,4.19,28800,4.2,D
sz000100,TCL科技,2025-10-27 10:16:21,4.2,56800,4.19,U
sz000100,TCL科技,2025-10-27 10:16:33,4.19,29800,4.19,D
sz000100,TCL科技,2025-10-27 10:16:51,4.2,463300,4.19,U
sz000100,TCL科技,2025-10-27 10:16:54,4.2,32700,4.2,U
sz000100,TCL科技,2025-10-27 10:16:57,4.19,55700,4.2,D
sz000100,TCL科技,2025-10-27 10:17:06,4.2,112500,4.19,U
sz000100,TCL科技,2025-10-27 10:17:12,4.2,29800,4.19,U
sz000100,TCL科技,2025-10-27 10:17:15,4.2,23500,4.2,U
sz000100,TCL科技,2025-10-27 10:17:18,4.2,35000,4.2,U
sz000100,TCL科技,2025-10-27 10:17:33,4.19,27500,4.2,D
sz000100,TCL科技,2025-10-27 10:17:36,4.19,22000,4.19,D
sz000100,TCL科技,2025-10-27 10:17:42,4.2,63100,4.19,U
sz000100,TCL科技,2025-10-27 10:17:54,4.19,34100,4.2,D
sz000100,TCL科技,2025-10-27 10:18:12,4.19,36400,4.19,D
sz000100,TCL科技,2025-10-27 10:18:15,4.2,25700,4.19,U
sz000100,TCL科技,2025-10-27 10:18:18,4.2,39500,4.2,U
sz000100,TCL科技,2025-10-27 10:18:33,4.19,21500,4.19,D
sz000100,TCL科技,2025-10-27 10:18:36,4.2,20300,4.19,U
sz000100,TCL科技,2025-10-27 10:18:54,4.2,40700,4.19,U
sz000100,TCL科技,2025-10-27 10:19:00,4.19,22500,4.2,D
sz000100,TCL科技,2025-10-27 10:19:03,4.19,206300,4.19,D
sz000100,TCL科技,2025-10-27 10:19:06,4.19,83300,4.19,D
sz000100,TCL科技,2025-10-27 10:19:09,4.2,22100,4.19,U
sz000100,TCL科技,2025-10-27 10:19:12,4.19,36400,4.2,D
sz000100,TCL科技,2025-10-27 10:19:15,4.19,42500,4.19,D
sz000100,TCL科技,2025-10-27 10:19:18,4.19,32600,4.19,D
sz000100,TCL科技,2025-10-27 10:19:21,4.2,238600,4.19,U
sz000100,TCL科技,2025-10-27 10:19:24,4.2,504100,4.2,U
sz000100,TCL科技,2025-10-27 10:19:27,4.19,32200,4.2,D
sz000100,TCL科技,2025-10-27 10:19:33,4.2,47100,4.19,U
sz000100,TCL科技,2025-10-27 10:19:51,4.19,104800,4.19,D
sz000100,TCL科技,2025-10-27 10:19:54,4.19,43800,4.19,D
sz000100,TCL科技,2025-10-27 10:19:57,4.2,58100,4.19,U
sz000100,TCL科技,2025-10-27 10:20:03,4.19,41100,4.19,D
sz000100,TCL科技,2025-10-27 10:20:09,4.19,22900,4.2,D
sz000100,TCL科技,2025-10-27 10:20:15,4.2,35400,4.19,U
sz000100,TCL科技,2025-10-27 10:20:18,4.2,80200,4.2,U
sz000100,TCL科技,2025-10-27 10:20:21,4.19,32600,4.2,D
sz000100,TCL科技,2025-10-27 10:20:24,4.2,28200,4.19,U
sz000100,TCL科技,2025-10-27 10:20:30,4.19,49700,4.19,D
sz000100,TCL科技,2025-10-27 10:20:33,4.19,52800,4.19,D
sz000100,TCL科技,2025-10-27 10:20:42,4.2,23200,4.19,U
sz000100,TCL科技,2025-10-27 10:20:54,4.19,198700,4.2,D
sz000100,TCL科技,2025-10-27 10:21:00,4.19,150000,4.2,D
sz000100,TCL科技,2025-10-27 10:21:03,4.19,277100,4.19,D
sz000100,TCL科技,2025-10-27 10:21:06,4.19,62400,4.19,D
sz000100,TCL科技,2025-10-27 10:21:09,4.19,180200,4.19,D
sz000100,TCL科技,2025-10-27 10:21:12,4.2,187700,4.19,U
sz000100,TCL科技,2025-10-27 10:21:15,4.19,72300,4.2,D
sz000100,TCL科技,2025-10-27 10:21:18,4.19,118200,4.19,D
sz000100,TCL科技,2025-10-27 10:21:21,4.19,68800,4.19,D
sz000100,TCL科技,2025-10-27 10:21:24,4.19,60000,4.19,D
sz000100,TCL科技,2025-10-27 10:21:27,4.19,110900,4.19,D
sz000100,TCL科技,2025-10-27 10:21:30,4.19,78000,4.19,D
sz000100,TCL科技,2025-10-27 10:21:33,4.19,71400,4.19,D
sz000100,TCL科技,2025-10-27 10:21:39,4.19,99000,4.2,D
sz000100,TCL科技,2025-10-27 10:21:42,4.19,52200,4.19,D
sz000100,TCL科技,2025-10-27 10:21:45,4.2,44800,4.19,U
sz000100,TCL科技,2025-10-27 10:21:54,4.2,143400,4.19,U
sz000100,TCL科技,2025-10-27 10:22:03,4.19,1634300,4.2,D
sz000100,TCL科技,2025-10-27 10:22:06,4.2,66100,4.19,U
sz000100,TCL科技,2025-10-27 10:22:09,4.19,210800,4.2,D
sz000100,TCL科技,2025-10-27 10:22:12,4.19,132800,4.19,D
sz000100,TCL科技,2025-10-27 10:22:15,4.19,932070,4.19,D
sz000100,TCL科技,2025-10-27 10:22:18,4.19,40200,4.19,U
sz000100,TCL科技,2025-10-27 10:22:27,4.19,32500,4.19,U
sz000100,TCL科技,2025-10-27 10:22:33,4.18,22200,4.18,D
sz000100,TCL科技,2025-10-27 10:22:42,4.18,51170,4.18,D
sz000100,TCL科技,2025-10-27 10:22:48,4.19,57900,4.18,U
sz000100,TCL科技,2025-10-27 10:22:51,4.18,22290,4.19,D
sz000100,TCL科技,2025-10-27 10:22:54,4.18,39000,4.18,D
sz000100,TCL科技,2025-10-27 10:22:57,4.19,39000,4.18,U
sz000100,TCL科技,2025-10-27 10:23:00,4.19,3421400,4.19,U
sz000100,TCL科技,2025-10-27 10:23:03,4.2,61100,4.19,U
sz000100,TCL科技,2025-10-27 10:23:06,4.2,22400,4.2,U
sz000100,TCL科技,2025-10-27 10:23:12,4.19,32100,4.19,D
sz000100,TCL科技,2025-10-27 10:23:15,4.19,77300,4.19,D
sz000100,TCL科技,2025-10-27 10:23:18,4.19,366100,4.19,D
sz000100,TCL科技,2025-10-27 10:23:21,4.2,97800,4.19,U
sz000100,TCL科技,2025-10-27 10:23:24,4.2,324600,4.2,U
sz000100,TCL科技,2025-10-27 10:23:27,4.2,45300,4.2,U
sz000100,TCL科技,2025-10-27 10:23:33,4.19,39200,4.19,D
sz000100,TCL科技,2025-10-27 10:23:39,4.2,32800,4.19,U
sz000100,TCL科技,2025-10-27 10:23:42,4.2,383700,4.2,U
sz000100,TCL科技,2025-10-27 10:23:54,4.19,62100,4.19,D
sz000100,TCL科技,2025-10-27 10:24:03,4.2,63000,4.2,U
sz000100,TCL科技,2025-10-27 10:24:06,4.2,28600,4.2,U
sz000100,TCL科技,2025-10-27 10:24:12,4.19,50000,4.19,D
sz000100,TCL科技,2025-10-27 10:24:15,4.2,172800,4.19,U
sz000100,TCL科技,2025-10-27 10:24:18,4.2,104600,4.2,U
sz000100,TCL科技,2025-10-27 10:24:21,4.2,236500,4.2,U
sz000100,TCL科技,2025-10-27 10:24:24,4.2,45700,4.2,U
sz000100,TCL科技,2025-10-27 10:24:27,4.2,114000,4.2,U
sz000100,TCL科技,2025-10-27 10:24:33,4.19,63300,4.2,D
sz000100,TCL科技,2025-10-27 10:24:36,4.19,36000,4.19,D
sz000100,TCL科技,2025-10-27 10:24:39,4.2,20400,4.19,U
sz000100,TCL科技,2025-10-27 10:24:54,4.19,27700,4.2,D
sz000100,TCL科技,2025-10-27 10:25:03,4.2,23600,4.2,U
sz000100,TCL科技,2025-10-27 10:25:06,4.19,42000,4.2,D
sz000100,TCL科技,2025-10-27 10:25:15,4.2,28900,4.2,U
sz000100,TCL科技,2025-10-27 10:25:18,4.2,20000,4.2,U
sz000100,TCL科技,2025-10-27 10:25:33,4.19,20700,4.19,D
sz000100,TCL科技,2025-10-27 10:25:39,4.19,565000,4.19,D
sz000100,TCL科技,2025-10-27 10:25:42,4.2,35200,4.19,U
sz000100,TCL科技,2025-10-27 10:25:45,4.2,30000,4.2,U
sz000100,TCL科技,2025-10-27 10:25:51,4.19,20800,4.2,D
sz000100,TCL科技,2025-10-27 10:25:54,4.19,49600,4.19,D
sz000100,TCL科技,2025-10-27 10:26:00,4.19,26000,4.2,D
sz000100,TCL科技,2025-10-27 10:26:03,4.19,23030,4.19,D
sz000100,TCL科技,2025-10-27 10:26:06,4.2,55600,4.19,U
sz000100,TCL科技,2025-10-27 10:26:15,4.19,20600,4.19,D
sz000100,TCL科技,2025-10-27 10:26:24,4.19,52100,4.19,D
sz000100,TCL科技,2025-10-27 10:26:33,4.19,21100,4.2,D
sz000100,TCL科技,2025-10-27 10:26:45,4.19,101100,4.19,D
sz000100,TCL科技,2025-10-27 10:26:48,4.19,30600,4.19,D
sz000100,TCL科技,2025-10-27 10:26:54,4.2,34500,4.19,U
sz000100,TCL科技,2025-10-27 10:26:57,4.2,64600,4.2,U
sz000100,TCL科技,2025-10-27 10:27:00,4.19,25000,4.2,D
sz000100,TCL科技,2025-10-27 10:27:09,4.19,46600,4.19,D
sz000100,TCL科技,2025-10-27 10:27:12,4.2,41800,4.19,U
sz000100,TCL科技,2025-10-27 10:27:15,4.19,21400,4.2,D
sz000100,TCL科技,2025-10-27 10:27:33,4.19,71500,4.19,D
sz000100,TCL科技,2025-10-27 10:27:42,4.2,117200,4.19,U
sz000100,TCL科技,2025-10-27 10:27:45,4.2,24100,4.2,U
sz000100,TCL科技,2025-10-27 10:27:48,4.19,26700,4.2,D
sz000100,TCL科技,2025-10-27 10:27:54,4.19,23600,4.19,D
sz000100,TCL科技,2025-10-27 10:28:15,4.19,34100,4.19,D
sz000100,TCL科技,2025-10-27 10:28:18,4.2,262600,4.19,U
sz000100,TCL科技,2025-10-27 10:28:36,4.19,21800,4.19,D
sz000100,TCL科技,2025-10-27 10:28:48,4.2,809900,4.19,U
sz000100,TCL科技,2025-10-27 10:28:51,4.19,43200,4.2,D
sz000100,TCL科技,2025-10-27 10:28:54,4.19,22700,4.19,D
sz000100,TCL科技,2025-10-27 10:28:57,4.2,22300,4.19,U
sz000100,TCL科技,2025-10-27 10:29:15,4.19,34500,4.19,D
sz000100,TCL科技,2025-10-27 10:29:21,4.19,70700,4.2,D
sz000100,TCL科技,2025-10-27 10:29:30,4.19,32500,4.19,D
sz000100,TCL科技,2025-10-27 10:29:36,4.19,23000,4.19,D
sz000100,TCL科技,2025-10-27 10:29:42,4.19,85900,4.19,D
sz000100,TCL科技,2025-10-27 10:29:45,4.19,31100,4.19,D
sz000100,TCL科技,2025-10-27 10:29:54,4.19,24800,4.19,D
sz000100,TCL科技,2025-10-27 10:29:57,4.19,151300,4.19,D
sz000100,TCL科技,2025-10-27 10:30:03,4.19,34000,4.2,D
sz000100,TCL科技,2025-10-27 10:30:06,4.19,22100,4.19,D
sz000100,TCL科技,2025-10-27 10:30:12,4.19,99200,4.19,D
sz000100,TCL科技,2025-10-27 10:30:15,4.2,66500,4.19,U
sz000100,TCL科技,2025-10-27 10:30:36,4.19,31100,4.2,D
sz000100,TCL科技,2025-10-27 10:30:45,4.19,64600,4.2,D
sz000100,TCL科技,2025-10-27 10:30:48,4.19,31400,4.19,D
sz000100,TCL科技,2025-10-27 10:30:51,4.19,26000,4.19,D
sz000100,TCL科技,2025-10-27 10:30:54,4.2,21600,4.19,U
sz000100,TCL科技,2025-10-27 10:31:00,4.19,126100,4.19,D
sz000100,TCL科技,2025-10-27 10:31:15,4.19,140200,4.2,D
sz000100,TCL科技,2025-10-27 10:31:18,4.2,45300,4.19,U
sz000100,TCL科技,2025-10-27 10:31:21,4.19,25280,4.2,D
sz000100,TCL科技,2025-10-27 10:31:27,4.2,187500,4.2,U
sz000100,TCL科技,2025-10-27 10:31:33,4.2,33400,4.2,U
sz000100,TCL科技,2025-10-27 10:31:36,4.19,50600,4.2,D
sz000100,TCL科技,2025-10-27 10:31:42,4.2,55830,4.2,U
sz000100,TCL科技,2025-10-27 10:31:45,4.19,481710,4.2,D
sz000100,TCL科技,2025-10-27 10:31:48,4.2,20100,4.19,U
sz000100,TCL科技,2025-10-27 10:31:54,4.2,80900,4.19,U
sz000100,TCL科技,2025-10-27 10:31:57,4.19,22300,4.2,D
sz000100,TCL科技,2025-10-27 10:32:03,4.19,26000,4.19,D
sz000100,TCL科技,2025-10-27 10:32:15,4.19,42800,4.2,D
sz000100,TCL科技,2025-10-27 10:32:30,4.19,85600,4.19,D
sz000100,TCL科技,2025-10-27 10:32:36,4.19,20600,4.2,D
sz000100,TCL科技,2025-10-27 10:32:39,4.19,29400,4.19,D
sz000100,TCL科技,2025-10-27 10:32:42,4.19,44600,4.19,D
sz000100,TCL科技,2025-10-27 10:32:54,4.2,22600,4.19,U
sz000100,TCL科技,2025-10-27 10:33:06,4.19,67400,4.2,D
sz000100,TCL科技,2025-10-27 10:33:15,4.2,28100,4.2,U
sz000100,TCL科技,2025-10-27 10:33:36,4.19,20800,4.2,D
sz000100,TCL科技,2025-10-27 10:33:54,4.19,29800,4.2,D
sz000100,TCL科技,2025-10-27 10:34:00,4.2,25700,4.2,U
sz000100,TCL科技,2025-10-27 10:34:06,4.19,51200,4.2,D
sz000100,TCL科技,2025-10-27 10:34:12,4.2,33400,4.2,U
sz000100,TCL科技,2025-10-27 10:34:15,4.2,21000,4.2,U
sz000100,TCL科技,2025-10-27 10:34:36,4.2,20900,4.19,U
sz000100,TCL科技,2025-10-27 10:34:51,4.19,25600,4.2,D
sz000100,TCL科技,2025-10-27 10:34:54,4.19,33300,4.19,D
sz000100,TCL科技,2025-10-27 10:35:12,4.19,81100,4.2,D
sz000100,TCL科技,2025-10-27 10:35:15,4.19,21200,4.19,D
sz000100,TCL科技,2025-10-27 10:35:27,4.2,166000,4.19,U
sz000100,TCL科技,2025-10-27 10:35:36,4.19,29800,4.19,D
sz000100,TCL科技,2025-10-27 10:35:42,4.2,109300,4.19,U
sz000100,TCL科技,2025-10-27 10:35:48,4.2,80500,4.2,U
sz000100,TCL科技,2025-10-27 10:35:54,4.19,24800,4.19,D
sz000100,TCL科技,2025-10-27 10:35:57,4.19,29390,4.19,D
sz000100,TCL科技,2025-10-27 10:36:00,4.19,23600,4.19,D
sz000100,TCL科技,2025-10-27 10:36:09,4.19,23700,4.2,D
sz000100,TCL科技,2025-10-27 10:36:15,4.2,46200,4.2,U
sz000100,TCL科技,2025-10-27 10:36:18,4.19,43600,4.2,D
sz000100,TCL科技,2025-10-27 10:36:24,4.2,34100,4.19,U
sz000100,TCL科技,2025-10-27 10:36:27,4.19,23200,4.2,D
sz000100,TCL科技,2025-10-27 10:36:33,4.19,71200,4.19,D
sz000100,TCL科技,2025-10-27 10:36:36,4.2,35400,4.19,U
sz000100,TCL科技,2025-10-27 10:36:42,4.19,54600,4.19,D
sz000100,TCL科技,2025-10-27 10:36:48,4.19,45800,4.19,D
sz000100,TCL科技,2025-10-27 10:36:51,4.2,23700,4.19,U
sz000100,TCL科技,2025-10-27 10:36:54,4.19,21100,4.2,D
sz000100,TCL科技,2025-10-27 10:36:57,4.2,37300,4.19,U
sz000100,TCL科技,2025-10-27 10:37:00,4.19,22500,4.2,D
sz000100,TCL科技,2025-10-27 10:37:03,4.19,23500,4.19,D
sz000100,TCL科技,2025-10-27 10:37:09,4.2,21700,4.19,U
sz000100,TCL科技,2025-10-27 10:37:12,4.2,23100,4.2,U
sz000100,TCL科技,2025-10-27 10:37:15,4.2,41800,4.2,U
sz000100,TCL科技,2025-10-27 10:37:18,4.2,33500,4.2,U
sz000100,TCL科技,2025-10-27 10:37:36,4.19,42600,4.19,D
sz000100,TCL科技,2025-10-27 10:37:39,4.2,27100,4.19,U
sz000100,TCL科技,2025-10-27 10:37:42,4.19,20100,4.2,D
sz000100,TCL科技,2025-10-27 10:37:54,4.19,21400,4.19,D
sz000100,TCL科技,2025-10-27 10:37:57,4.2,22100,4.19,U
sz000100,TCL科技,2025-10-27 10:38:03,4.19,42100,4.19,D
sz000100,TCL科技,2025-10-27 10:38:09,4.2,23900,4.19,U
sz000100,TCL科技,2025-10-27 10:38:15,4.19,380100,4.2,D
sz000100,TCL科技,2025-10-27 10:38:27,4.19,54300,4.2,D
sz000100,TCL科技,2025-10-27 10:38:36,4.19,36100,4.19,D
sz000100,TCL科技,2025-10-27 10:38:54,4.19,20900,4.19,D
sz000100,TCL科技,2025-10-27 10:38:57,4.19,20400,4.19,D
sz000100,TCL科技,2025-10-27 10:39:06,4.19,26000,4.19,D
sz000100,TCL科技,2025-10-27 10:39:09,4.19,23900,4.19,D
sz000100,TCL科技,2025-10-27 10:39:15,4.19,175400,4.19,D
sz000100,TCL科技,2025-10-27 10:39:24,4.19,555500,4.2,D
sz000100,TCL科技,2025-10-27 10:39:27,4.19,93400,4.19,D
sz000100,TCL科技,2025-10-27 10:39:30,4.19,33700,4.19,D
sz000100,TCL科技,2025-10-27 10:39:33,4.2,177300,4.19,U
sz000100,TCL科技,2025-10-27 10:39:36,4.19,30200,4.2,D
sz000100,TCL科技,2025-10-27 10:39:39,4.19,32900,4.19,D
sz000100,TCL科技,2025-10-27 10:39:42,4.19,80900,4.19,D
sz000100,TCL科技,2025-10-27 10:39:48,4.19,30400,4.2,D
sz000100,TCL科技,2025-10-27 10:39:57,4.2,50300,4.2,U
sz000100,TCL科技,2025-10-27 10:40:00,4.19,29100,4.2,D
sz000100,TCL科技,2025-10-27 10:40:03,4.19,54500,4.19,D
sz000100,TCL科技,2025-10-27 10:40:06,4.19,55900,4.19,D
sz000100,TCL科技,2025-10-27 10:40:09,4.2,21700,4.19,U
sz000100,TCL科技,2025-10-27 10:40:12,4.19,23800,4.2,D
sz000100,TCL科技,2025-10-27 10:40:15,4.19,41400,4.19,D
sz000100,TCL科技,2025-10-27 10:40:21,4.2,21700,4.19,U
sz000100,TCL科技,2025-10-27 10:40:36,4.19,32600,4.19,D
sz000100,TCL科技,2025-10-27 10:40:45,4.19,168500,4.2,D
sz000100,TCL科技,2025-10-27 10:40:51,4.19,43000,4.2,D
sz000100,TCL科技,2025-10-27 10:40:54,4.19,40800,4.19,D
sz000100,TCL科技,2025-10-27 10:40:57,4.19,69400,4.19,D
sz000100,TCL科技,2025-10-27 10:41:03,4.19,45600,4.19,D
sz000100,TCL科技,2025-10-27 10:41:09,4.19,41981,4.19,D
sz000100,TCL科技,2025-10-27 10:41:15,4.19,36500,4.19,D
sz000100,TCL科技,2025-10-27 10:41:21,4.2,25000,4.19,U
sz000100,TCL科技,2025-10-27 10:41:24,4.19,29900,4.2,D
sz000100,TCL科技,2025-10-27 10:41:27,4.2,30700,4.19,U
sz000100,TCL科技,2025-10-27 10:41:30,4.19,31300,4.2,D
sz000100,TCL科技,2025-10-27 10:41:36,4.19,48400,4.19,D
sz000100,TCL科技,2025-10-27 10:41:39,4.19,24000,4.19,D
sz000100,TCL科技,2025-10-27 10:41:42,4.19,24200,4.19,D
sz000100,TCL科技,2025-10-27 10:41:57,4.19,69600,4.19,D
sz000100,TCL科技,2025-10-27 10:42:15,4.19,84200,4.19,D
sz000100,TCL科技,2025-10-27 10:42:18,4.19,30000,4.19,D
sz000100,TCL科技,2025-10-27 10:42:36,4.19,36300,4.19,D
sz000100,TCL科技,2025-10-27 10:42:42,4.19,57300,4.19,D
sz000100,TCL科技,2025-10-27 10:42:45,4.19,20300,4.19,D
sz000100,TCL科技,2025-10-27 10:42:48,4.19,76200,4.19,D
sz000100,TCL科技,2025-10-27 10:42:57,4.19,37000,4.19,D
sz000100,TCL科技,2025-10-27 10:43:03,4.19,100500,4.2,D
sz000100,TCL科技,2025-10-27 10:43:09,4.2,48900,4.19,U
sz000100,TCL科技,2025-10-27 10:43:15,4.19,31900,4.19,D
sz000100,TCL科技,2025-10-27 10:43:18,4.19,41900,4.19,D
sz000100,TCL科技,2025-10-27 10:43:24,4.2,61500,4.19,U
sz000100,TCL科技,2025-10-27 10:43:27,4.2,99900,4.2,U
sz000100,TCL科技,2025-10-27 10:43:30,4.2,33400,4.2,U
sz000100,TCL科技,2025-10-27 10:43:36,4.19,89400,4.2,D
sz000100,TCL科技,2025-10-27 10:43:39,4.2,21000,4.19,U
sz000100,TCL科技,2025-10-27 10:43:42,4.19,52200,4.2,D
sz000100,TCL科技,2025-10-27 10:43:48,4.19,33100,4.19,D
sz000100,TCL科技,2025-10-27 10:43:54,4.2,20000,4.19,U
sz000100,TCL科技,2025-10-27 10:43:57,4.19,85600,4.2,D
sz000100,TCL科技,2025-10-27 10:44:00,4.2,23000,4.19,U
sz000100,TCL科技,2025-10-27 10:44:15,4.19,33700,4.19,D
sz000100,TCL科技,2025-10-27 10:44:18,4.19,83900,4.19,D
sz000100,TCL科技,2025-10-27 10:44:27,4.2,73200,4.2,U
sz000100,TCL科技,2025-10-27 10:44:33,4.19,218100,4.2,D
sz000100,TCL科技,2025-10-27 10:44:36,4.19,41600,4.19,D
sz000100,TCL科技,2025-10-27 10:44:45,4.19,48600,4.2,D
sz000100,TCL科技,2025-10-27 10:44:54,4.19,23600,4.19,D
sz000100,TCL科技,2025-10-27 10:44:57,4.19,349800,4.19,D
sz000100,TCL科技,2025-10-27 10:45:00,4.19,753800,4.19,D
sz000100,TCL科技,2025-10-27 10:45:03,4.19,411200,4.19,U
sz000100,TCL科技,2025-10-27 10:45:06,4.18,66100,4.19,D
sz000100,TCL科技,2025-10-27 10:45:09,4.18,61200,4.18,D
sz000100,TCL科技,2025-10-27 10:45:15,4.18,70100,4.19,D
sz000100,TCL科技,2025-10-27 10:45:21,4.19,115000,4.19,U
sz000100,TCL科技,2025-10-27 10:45:24,4.18,87000,4.19,D
sz000100,TCL科技,2025-10-27 10:45:27,4.18,64400,4.18,D
sz000100,TCL科技,2025-10-27 10:45:30,4.19,20800,4.18,U
sz000100,TCL科技,2025-10-27 10:45:36,4.19,31700,4.18,U
sz000100,TCL科技,2025-10-27 10:45:42,4.19,28600,4.19,U
sz000100,TCL科技,2025-10-27 10:45:48,4.19,213800,4.19,U
sz000100,TCL科技,2025-10-27 10:45:51,4.19,23500,4.19,U
sz000100,TCL科技,2025-10-27 10:45:54,4.18,29000,4.19,D
sz000100,TCL科技,2025-10-27 10:45:57,4.19,37900,4.18,U
sz000100,TCL科技,2025-10-27 10:46:18,4.19,21100,4.18,U
sz000100,TCL科技,2025-10-27 10:46:24,4.18,41900,4.18,D
sz000100,TCL科技,2025-10-27 10:46:27,4.19,374900,4.18,U
sz000100,TCL科技,2025-10-27 10:46:30,4.19,32600,4.19,U
sz000100,TCL科技,2025-10-27 10:46:36,4.19,36400,4.19,U
sz000100,TCL科技,2025-10-27 10:46:45,4.19,26400,4.18,U
sz000100,TCL科技,2025-10-27 10:46:57,4.18,53600,4.18,D
sz000100,TCL科技,2025-10-27 10:47:00,4.19,23800,4.18,U
sz000100,TCL科技,2025-10-27 10:47:03,4.19,33330,4.19,U
sz000100,TCL科技,2025-10-27 10:47:09,4.18,32000,4.19,D
sz000100,TCL科技,2025-10-27 10:47:18,4.19,40900,4.19,U
sz000100,TCL科技,2025-10-27 10:47:24,4.19,29300,4.19,U
sz000100,TCL科技,2025-10-27 10:47:27,4.19,23600,4.19,U
sz000100,TCL科技,2025-10-27 10:47:36,4.19,185100,4.19,U
sz000100,TCL科技,2025-10-27 10:47:39,4.19,218500,4.19,U
sz000100,TCL科技,2025-10-27 10:47:42,4.18,142400,4.19,D
sz000100,TCL科技,2025-10-27 10:47:45,4.19,90400,4.18,U
sz000100,TCL科技,2025-10-27 10:47:54,4.19,24000,4.18,U
sz000100,TCL科技,2025-10-27 10:47:57,4.18,31900,4.19,D
sz000100,TCL科技,2025-10-27 10:48:15,4.18,24800,4.19,D
sz000100,TCL科技,2025-10-27 10:48:18,4.19,243800,4.18,U
sz000100,TCL科技,2025-10-27 10:48:21,4.19,74900,4.19,U
sz000100,TCL科技,2025-10-27 10:48:30,4.19,123500,4.18,U
sz000100,TCL科技,2025-10-27 10:48:33,4.19,42000,4.19,U
sz000100,TCL科技,2025-10-27 10:48:36,4.19,27600,4.19,U
sz000100,TCL科技,2025-10-27 10:48:57,4.18,37800,4.19,D
sz000100,TCL科技,2025-10-27 10:49:03,4.19,57900,4.19,U
sz000100,TCL科技,2025-10-27 10:49:12,4.19,73800,4.19,U
sz000100,TCL科技,2025-10-27 10:49:15,4.18,66200,4.19,D
sz000100,TCL科技,2025-10-27 10:49:18,4.19,2497700,4.18,U
sz000100,TCL科技,2025-10-27 10:49:30,4.19,34500,4.19,D
sz000100,TCL科技,2025-10-27 10:49:33,4.19,141100,4.19,D
sz000100,TCL科技,2025-10-27 10:49:36,4.19,42900,4.19,D
sz000100,TCL科技,2025-10-27 10:49:51,4.2,27800,4.19,U
sz000100,TCL科技,2025-10-27 10:49:57,4.2,43700,4.2,U
sz000100,TCL科技,2025-10-27 10:50:00,4.2,29300,4.2,U
sz000100,TCL科技,2025-10-27 10:50:12,4.2,20400,4.2,U
sz000100,TCL科技,2025-10-27 10:50:15,4.19,33100,4.2,D
sz000100,TCL科技,2025-10-27 10:50:18,4.2,43600,4.19,U
sz000100,TCL科技,2025-10-27 10:50:21,4.19,31500,4.2,D
sz000100,TCL科技,2025-10-27 10:50:24,4.19,153200,4.19,D
sz000100,TCL科技,2025-10-27 10:50:30,4.19,188200,4.19,D
sz000100,TCL科技,2025-10-27 10:50:36,4.19,35900,4.19,D
sz000100,TCL科技,2025-10-27 10:50:39,4.19,55800,4.19,D
sz000100,TCL科技,2025-10-27 10:50:48,4.2,54510,4.19,U
sz000100,TCL科技,2025-10-27 10:50:51,4.2,111900,4.2,U
sz000100,TCL科技,2025-10-27 10:50:54,4.19,53000,4.2,D
sz000100,TCL科技,2025-10-27 10:50:57,4.19,39800,4.19,D
sz000100,TCL科技,2025-10-27 10:51:09,4.2,38000,4.2,U
sz000100,TCL科技,2025-10-27 10:51:18,4.2,22900,4.19,U
sz000100,TCL科技,2025-10-27 10:51:36,4.19,21100,4.2,D
sz000100,TCL科技,2025-10-27 10:51:39,4.19,109810,4.19,D
sz000100,TCL科技,2025-10-27 10:51:48,4.19,23400,4.19,D
sz000100,TCL科技,2025-10-27 10:51:51,4.2,21300,4.19,U
sz000100,TCL科技,2025-10-27 10:51:57,4.19,36100,4.2,D
sz000100,TCL科技,2025-10-27 10:52:06,4.2,233000,4.19,U
sz000100,TCL科技,2025-10-27 10:52:15,4.2,24000,4.19,U
sz000100,TCL科技,2025-10-27 10:52:18,4.19,45700,4.2,D
sz000100,TCL科技,2025-10-27 10:52:24,4.19,22500,4.2,D
sz000100,TCL科技,2025-10-27 10:52:27,4.19,24700,4.19,D
sz000100,TCL科技,2025-10-27 10:52:36,4.19,23700,4.19,D
sz000100,TCL科技,2025-10-27 10:52:39,4.2,49100,4.19,U
sz000100,TCL科技,2025-10-27 10:52:45,4.19,20400,4.2,D
sz000100,TCL科技,2025-10-27 10:52:57,4.19,36000,4.2,D
sz000100,TCL科技,2025-10-27 10:53:03,4.19,22500,4.19,D
sz000100,TCL科技,2025-10-27 10:53:12,4.19,1193800,4.19,D
sz000100,TCL科技,2025-10-27 10:53:15,4.19,106700,4.19,U
sz000100,TCL科技,2025-10-27 10:53:18,4.19,37300,4.19,U
sz000100,TCL科技,2025-10-27 10:53:24,4.19,70200,4.18,U
sz000100,TCL科技,2025-10-27 10:53:33,4.19,36000,4.18,U
sz000100,TCL科技,2025-10-27 10:53:45,4.18,36500,4.19,D
sz000100,TCL科技,2025-10-27 10:53:51,4.19,21700,4.19,U
sz000100,TCL科技,2025-10-27 10:53:54,4.19,32000,4.19,E
sz000100,TCL科技,2025-10-27 10:54:09,4.19,35700,4.19,U
sz000100,TCL科技,2025-10-27 10:54:21,4.19,110900,4.18,U
sz000100,TCL科技,2025-10-27 10:54:27,4.19,104100,4.19,E
sz000100,TCL科技,2025-10-27 10:54:33,4.19,59100,4.19,D
sz000100,TCL科技,2025-10-27 10:54:42,4.18,56900,4.19,D
sz000100,TCL科技,2025-10-27 10:55:00,4.19,48100,4.18,U
sz000100,TCL科技,2025-10-27 10:55:03,4.19,95000,4.19,U
sz000100,TCL科技,2025-10-27 10:55:06,4.19,26500,4.19,D
sz000100,TCL科技,2025-10-27 10:55:15,4.18,68500,4.19,D
sz000100,TCL科技,2025-10-27 10:55:24,4.19,73700,4.19,U
sz000100,TCL科技,2025-10-27 10:55:36,4.2,28700,4.19,U
sz000100,TCL科技,2025-10-27 10:55:48,4.19,66900,4.19,U
sz000100,TCL科技,2025-10-27 10:55:54,4.19,44000,4.19,U
sz000100,TCL科技,2025-10-27 10:56:09,4.19,35500,4.19,D
sz000100,TCL科技,2025-10-27 10:56:12,4.19,29500,4.19,U
sz000100,TCL科技,2025-10-27 10:56:45,4.19,26500,4.19,D
sz000100,TCL科技,2025-10-27 10:56:48,4.2,52800,4.19,U
sz000100,TCL科技,2025-10-27 10:57:09,4.19,32400,4.19,D
sz000100,TCL科技,2025-10-27 10:57:18,4.19,22990,4.19,D
sz000100,TCL科技,2025-10-27 10:57:27,4.19,22200,4.19,U
sz000100,TCL科技,2025-10-27 10:57:33,4.19,145900,4.19,U
sz000100,TCL科技,2025-10-27 10:57:36,4.19,194200,4.19,U
sz000100,TCL科技,2025-10-27 10:57:39,4.19,24800,4.19,U
sz000100,TCL科技,2025-10-27 10:57:42,4.18,21800,4.19,D
sz000100,TCL科技,2025-10-27 10:57:45,4.18,21500,4.18,D
sz000100,TCL科技,2025-10-27 10:57:48,4.19,43300,4.18,U
sz000100,TCL科技,2025-10-27 10:57:57,4.19,110500,4.19,U
sz000100,TCL科技,2025-10-27 10:58:30,4.19,55600,4.18,U
sz000100,TCL科技,2025-10-27 10:59:00,4.18,32100,4.18,D
sz000100,TCL科技,2025-10-27 10:59:03,4.19,22100,4.18,U
sz000100,TCL科技,2025-10-27 10:59:06,4.19,33700,4.19,U
sz000100,TCL科技,2025-10-27 10:59:12,4.19,20600,4.18,U
sz000100,TCL科技,2025-10-27 10:59:15,4.19,21800,4.19,U
sz000100,TCL科技,2025-10-27 10:59:18,4.2,369840,4.19,U
sz000100,TCL科技,2025-10-27 10:59:21,4.19,298100,4.2,D
sz000100,TCL科技,2025-10-27 10:59:27,4.19,22700,4.2,D
sz000100,TCL科技,2025-10-27 10:59:39,4.19,758400,4.19,D
sz000100,TCL科技,2025-10-27 10:59:42,4.19,847000,4.19,D
sz000100,TCL科技,2025-10-27 10:59:57,4.19,48600,4.19,D
sz000100,TCL科技,2025-10-27 11:00:03,4.19,34000,4.19,D
sz000100,TCL科技,2025-10-27 11:00:18,4.19,32000,4.19,D
sz000100,TCL科技,2025-10-27 11:00:27,4.2,188000,4.19,U
sz000100,TCL科技,2025-10-27 11:00:33,4.2,20500,4.2,U
sz000100,TCL科技,2025-10-27 11:00:42,4.19,35300,4.19,D
sz000100,TCL科技,2025-10-27 11:00:45,4.19,20000,4.19,D
sz000100,TCL科技,2025-10-27 11:00:48,4.19,43000,4.19,D
sz000100,TCL科技,2025-10-27 11:00:57,4.2,26800,4.19,U
sz000100,TCL科技,2025-10-27 11:01:00,4.2,25900,4.2,U
sz000100,TCL科技,2025-10-27 11:01:03,4.19,26200,4.2,D
sz000100,TCL科技,2025-10-27 11:01:06,4.2,109300,4.19,U
sz000100,TCL科技,2025-10-27 11:01:12,4.19,233600,4.19,D
sz000100,TCL科技,2025-10-27 11:01:15,4.19,92500,4.19,U
sz000100,TCL科技,2025-10-27 11:01:18,4.19,33900,4.19,U
sz000100,TCL科技,2025-10-27 11:01:21,4.18,22800,4.19,D
sz000100,TCL科技,2025-10-27 11:01:30,4.18,23000,4.19,D
sz000100,TCL科技,2025-10-27 11:01:33,4.19,128800,4.18,U
sz000100,TCL科技,2025-10-27 11:01:36,4.19,80400,4.19,D
sz000100,TCL科技,2025-10-27 11:01:39,4.19,21300,4.19,U
sz000100,TCL科技,2025-10-27 11:02:12,4.19,181500,4.19,D
sz000100,TCL科技,2025-10-27 11:03:09,4.2,67500,4.19,U
sz000100,TCL科技,2025-10-27 11:03:18,4.19,21300,4.19,D
sz000100,TCL科技,2025-10-27 11:03:27,4.19,65900,4.19,D
sz000100,TCL科技,2025-10-27 11:03:39,4.19,55800,4.19,D
sz000100,TCL科技,2025-10-27 11:03:45,4.19,32300,4.2,D
sz000100,TCL科技,2025-10-27 11:03:54,4.19,23800,4.2,D
sz000100,TCL科技,2025-10-27 11:03:57,4.19,20000,4.19,D
sz000100,TCL科技,2025-10-27 11:04:42,4.19,101100,4.2,D
sz000100,TCL科技,2025-10-27 11:05:36,4.19,20000,4.19,D
sz000100,TCL科技,2025-10-27 11:05:39,4.19,22200,4.19,D
sz000100,TCL科技,2025-10-27 11:06:27,4.19,46000,4.19,D
sz000100,TCL科技,2025-10-27 11:06:30,4.19,47300,4.19,D
sz000100,TCL科技,2025-10-27 11:07:00,4.2,20000,4.19,U
sz000100,TCL科技,2025-10-27 11:07:03,4.19,26500,4.2,D
sz000100,TCL科技,2025-10-27 11:07:21,4.19,50500,4.2,D
sz000100,TCL科技,2025-10-27 11:07:33,4.19,41440,4.19,D
sz000100,TCL科技,2025-10-27 11:08:00,4.19,55200,4.19,D
sz000100,TCL科技,2025-10-27 11:08:06,4.19,30200,4.2,D
sz000100,TCL科技,2025-10-27 11:08:12,4.19,45100,4.19,D
sz000100,TCL科技,2025-10-27 11:08:45,4.2,116300,4.19,U
sz000100,TCL科技,2025-10-27 11:09:09,4.19,30900,4.19,D
sz000100,TCL科技,2025-10-27 11:09:18,4.2,23300,4.19,U
sz000100,TCL科技,2025-10-27 11:09:24,4.2,23800,4.19,U
sz000100,TCL科技,2025-10-27 11:09:57,4.19,27500,4.2,D
sz000100,TCL科技,2025-10-27 11:10:00,4.19,22500,4.19,D
sz000100,TCL科技,2025-10-27 11:10:18,4.19,31900,4.19,D
sz000100,TCL科技,2025-10-27 11:10:24,4.19,72000,4.19,D
sz000100,TCL科技,2025-10-27 11:10:27,4.19,22100,4.19,D
sz000100,TCL科技,2025-10-27 11:12:15,4.19,61600,4.19,D
sz000100,TCL科技,2025-10-27 11:12:18,4.2,188100,4.19,U
sz000100,TCL科技,2025-10-27 11:12:48,4.19,48000,4.2,D
sz000100,TCL科技,2025-10-27 11:12:51,4.19,24000,4.19,D
sz000100,TCL科技,2025-10-27 11:13:15,4.2,42500,4.2,U
sz000100,TCL科技,2025-10-27 11:13:18,4.2,36500,4.2,U
sz000100,TCL科技,2025-10-27 11:13:21,4.19,39100,4.2,D
sz000100,TCL科技,2025-10-27 11:13:24,4.19,24200,4.19,D
sz000100,TCL科技,2025-10-27 11:13:33,4.2,41000,4.19,U
sz000100,TCL科技,2025-10-27 11:13:39,4.19,30900,4.19,D
sz000100,TCL科技,2025-10-27 11:13:45,4.2,32600,4.19,U
sz000100,TCL科技,2025-10-27 11:13:48,4.19,20600,4.2,D
sz000100,TCL科技,2025-10-27 11:13:54,4.19,35500,4.19,D
sz000100,TCL科技,2025-10-27 11:15:15,4.19,34700,4.19,D
sz000100,TCL科技,2025-10-27 11:15:48,4.2,43200,4.2,U
sz000100,TCL科技,2025-10-27 11:15:54,4.2,188500,4.19,U
sz000100,TCL科技,2025-10-27 11:15:57,4.19,26700,4.2,D
sz000100,TCL科技,2025-10-27 11:16:00,4.2,76000,4.19,U
sz000100,TCL科技,2025-10-27 11:16:06,4.19,27500,4.19,D
sz000100,TCL科技,2025-10-27 11:16:27,4.19,30200,4.19,D
sz000100,TCL科技,2025-10-27 11:17:09,4.19,94200,4.19,D
sz000100,TCL科技,2025-10-27 11:17:15,4.2,84600,4.19,U
sz000100,TCL科技,2025-10-27 11:17:21,4.2,107300,4.19,U
sz000100,TCL科技,2025-10-27 11:17:24,4.19,38700,4.2,D
sz000100,TCL科技,2025-10-27 11:17:51,4.2,301200,4.19,U
sz000100,TCL科技,2025-10-27 11:17:57,4.2,20000,4.2,U
sz000100,TCL科技,2025-10-27 11:18:03,4.2,24100,4.2,U
sz000100,TCL科技,2025-10-27 11:18:09,4.2,720800,4.2,U
sz000100,TCL科技,2025-10-27 11:18:12,4.19,58300,4.2,D
sz000100,TCL科技,2025-10-27 11:18:27,4.19,29800,4.19,D
sz000100,TCL科技,2025-10-27 11:18:39,4.2,130800,4.2,U
sz000100,TCL科技,2025-10-27 11:18:42,4.2,166900,4.2,U
sz000100,TCL科技,2025-10-27 11:18:45,4.2,37400,4.2,U
sz000100,TCL科技,2025-10-27 11:18:48,4.2,24500,4.2,U
sz000100,TCL科技,2025-10-27 11:18:51,4.2,21800,4.2,U
sz000100,TCL科技,2025-10-27 11:19:00,4.19,35200,4.19,D
sz000100,TCL科技,2025-10-27 11:19:03,4.2,61400,4.19,U
sz000100,TCL科技,2025-10-27 11:19:45,4.19,20000,4.2,D
sz000100,TCL科技,2025-10-27 11:19:54,4.2,22200,4.2,U
sz000100,TCL科技,2025-10-27 11:20:03,4.2,71400,4.2,U
sz000100,TCL科技,2025-10-27 11:20:09,4.19,21900,4.19,D
sz000100,TCL科技,2025-10-27 11:20:15,4.2,2813200,4.19,U
sz000100,TCL科技,2025-10-27 11:20:18,4.2,573900,4.2,U
sz000100,TCL科技,2025-10-27 11:20:21,4.2,163300,4.2,U
sz000100,TCL科技,2025-10-27 11:20:24,4.2,42100,4.2,U
sz000100,TCL科技,2025-10-27 11:20:27,4.2,115300,4.2,U
sz000100,TCL科技,2025-10-27 11:20:30,4.19,28800,4.2,D
sz000100,TCL科技,2025-10-27 11:20:36,4.19,22400,4.2,D
sz000100,TCL科技,2025-10-27 11:20:45,4.2,35100,4.2,U
sz000100,TCL科技,2025-10-27 11:20:57,4.2,76500,4.2,U
sz000100,TCL科技,2025-10-27 11:21:03,4.2,58900,4.2,U
sz000100,TCL科技,2025-10-27 11:21:06,4.2,276700,4.2,U
sz000100,TCL科技,2025-10-27 11:21:09,4.19,20100,4.2,D
sz000100,TCL科技,2025-10-27 11:21:12,4.2,20800,4.19,U
sz000100,TCL科技,2025-10-27 11:21:24,4.2,24400,4.2,U
sz000100,TCL科技,2025-10-27 11:21:27,4.19,25400,4.2,D
sz000100,TCL科技,2025-10-27 11:21:39,4.2,842900,4.2,U
sz000100,TCL科技,2025-10-27 11:21:42,4.2,155100,4.2,U
sz000100,TCL科技,2025-10-27 11:21:45,4.2,34000,4.2,U
sz000100,TCL科技,2025-10-27 11:21:54,4.2,22100,4.2,U
sz000100,TCL科技,2025-10-27 11:22:03,4.2,220900,4.2,U
sz000100,TCL科技,2025-10-27 11:22:06,4.2,142000,4.2,U
sz000100,TCL科技,2025-10-27 11:22:09,4.2,3383400,4.2,U
sz000100,TCL科技,2025-10-27 11:22:12,4.21,3850470,4.2,U
sz000100,TCL科技,2025-10-27 11:22:15,4.21,92200,4.21,U
sz000100,TCL科技,2025-10-27 11:22:27,4.21,83000,4.21,U
sz000100,TCL科技,2025-10-27 11:22:42,4.21,35400,4.2,U
sz000100,TCL科技,2025-10-27 11:22:48,4.21,20800,4.21,U
sz000100,TCL科技,2025-10-27 11:22:57,4.21,22000,4.21,U
sz000100,TCL科技,2025-10-27 11:23:09,4.2,63500,4.21,D
sz000100,TCL科技,2025-10-27 11:23:27,4.2,23000,4.2,D
sz000100,TCL科技,2025-10-27 11:23:48,4.2,151100,4.21,D
sz000100,TCL科技,2025-10-27 11:23:54,4.21,736200,4.2,U
sz000100,TCL科技,2025-10-27 11:23:57,4.2,67000,4.21,D
sz000100,TCL科技,2025-10-27 11:24:15,4.21,20700,4.21,U
sz000100,TCL科技,2025-10-27 11:24:27,4.21,22200,4.21,U
sz000100,TCL科技,2025-10-27 11:24:57,4.21,28200,4.2,U
sz000100,TCL科技,2025-10-27 11:25:15,4.21,42850,4.21,U
sz000100,TCL科技,2025-10-27 11:25:24,4.21,23800,4.2,U
sz000100,TCL科技,2025-10-27 11:25:27,4.2,20200,4.21,D
sz000100,TCL科技,2025-10-27 11:25:57,4.21,35700,4.21,U
sz000100,TCL科技,2025-10-27 11:26:06,4.2,21000,4.2,D
sz000100,TCL科技,2025-10-27 11:26:12,4.2,47500,4.21,D
sz000100,TCL科技,2025-10-27 11:26:15,4.21,20200,4.2,U
sz000100,TCL科技,2025-10-27 11:26:27,4.21,24000,4.21,U
sz000100,TCL科技,2025-10-27 11:26:30,4.21,27300,4.21,U
sz000100,TCL科技,2025-10-27 11:26:33,4.21,21800,4.21,U
sz000100,TCL科技,2025-10-27 11:26:36,4.2,35400,4.21,D
sz000100,TCL科技,2025-10-27 11:26:51,4.21,68500,4.21,U
sz000100,TCL科技,2025-10-27 11:26:57,4.21,27600,4.21,U
sz000100,TCL科技,2025-10-27 11:27:00,4.21,24000,4.21,U
sz000100,TCL科技,2025-10-27 11:27:03,4.21,42400,4.21,U
sz000100,TCL科技,2025-10-27 11:27:15,4.21,48600,4.21,U
sz000100,TCL科技,2025-10-27 11:27:18,4.21,60200,4.21,U
sz000100,TCL科技,2025-10-27 11:27:21,4.21,70900,4.21,U
sz000100,TCL科技,2025-10-27 11:27:27,4.2,27000,4.21,D
sz000100,TCL科技,2025-10-27 11:27:36,4.21,78200,4.21,U
sz000100,TCL科技,2025-10-27 11:27:57,4.21,70200,4.21,U
sz000100,TCL科技,2025-10-27 11:28:18,4.21,39200,4.2,U
sz000100,TCL科技,2025-10-27 11:28:27,4.21,22300,4.2,U
sz000100,TCL科技,2025-10-27 11:28:30,4.21,404900,4.21,U
sz000100,TCL科技,2025-10-27 11:28:33,4.21,49900,4.21,U
sz000100,TCL科技,2025-10-27 11:28:39,4.21,20200,4.21,U
sz000100,TCL科技,2025-10-27 11:29:03,4.2,36500,4.21,D
sz000100,TCL科技,2025-10-27 11:29:33,4.21,61500,4.21,U
sz000100,TCL科技,2025-10-27 11:29:51,4.2,22600,4.21,D
sz000100,TCL科技,2025-10-27 11:29:57,4.21,47200,4.21,U
sz000100,TCL科技,2025-10-27 13:00:00,4.21,117330,4.21,U
sz000100,TCL科技,2025-10-27 13:00:03,4.21,1079000,4.21,U
sz000100,TCL科技,2025-10-27 13:00:06,4.21,414300,4.21,U
sz000100,TCL科技,2025-10-27 13:00:09,4.21,59700,4.21,U
sz000100,TCL科技,2025-10-27 13:00:12,4.21,158200,4.21,U
sz000100,TCL科技,2025-10-27 13:00:15,4.21,30900,4.21,U
sz000100,TCL科技,2025-10-27 13:00:21,4.2,175800,4.21,D
sz000100,TCL科技,2025-10-27 13:00:27,4.2,50800,4.21,D
sz000100,TCL科技,2025-10-27 13:00:33,4.2,171700,4.21,D
sz000100,TCL科技,2025-10-27 13:00:36,4.2,132100,4.2,D
sz000100,TCL科技,2025-10-27 13:00:42,4.21,72900,4.2,U
sz000100,TCL科技,2025-10-27 13:00:48,4.21,127800,4.21,U
sz000100,TCL科技,2025-10-27 13:00:57,4.2,89300,4.21,D
sz000100,TCL科技,2025-10-27 13:01:00,4.21,20900,4.2,U
sz000100,TCL科技,2025-10-27 13:01:03,4.21,80400,4.21,U
sz000100,TCL科技,2025-10-27 13:01:09,4.21,224700,4.21,U
sz000100,TCL科技,2025-10-27 13:01:15,4.21,152400,4.21,U
sz000100,TCL科技,2025-10-27 13:01:18,4.2,86200,4.21,D
sz000100,TCL科技,2025-10-27 13:01:21,4.2,32700,4.2,D
sz000100,TCL科技,2025-10-27 13:01:24,4.21,74500,4.2,U
sz000100,TCL科技,2025-10-27 13:01:27,4.2,22700,4.21,D
sz000100,TCL科技,2025-10-27 13:01:39,4.21,81900,4.21,U
sz000100,TCL科技,2025-10-27 13:01:45,4.2,183000,4.21,D
sz000100,TCL科技,2025-10-27 13:01:51,4.21,22700,4.21,U
sz000100,TCL科技,2025-10-27 13:01:57,4.2,21400,4.2,D
sz000100,TCL科技,2025-10-27 13:02:00,4.21,86800,4.2,U
sz000100,TCL科技,2025-10-27 13:02:03,4.21,31000,4.21,U
sz000100,TCL科技,2025-10-27 13:02:06,4.2,87300,4.21,D
sz000100,TCL科技,2025-10-27 13:02:12,4.2,94300,4.2,D
sz000100,TCL科技,2025-10-27 13:02:24,4.2,95000,4.2,D
sz000100,TCL科技,2025-10-27 13:02:27,4.2,24700,4.2,D
sz000100,TCL科技,2025-10-27 13:02:30,4.2,347100,4.2,D
sz000100,TCL科技,2025-10-27 13:02:33,4.21,20700,4.2,U
sz000100,TCL科技,2025-10-27 13:02:36,4.2,71800,4.21,D
sz000100,TCL科技,2025-10-27 13:02:45,4.21,95800,4.21,U
sz000100,TCL科技,2025-10-27 13:02:51,4.2,77900,4.21,D
sz000100,TCL科技,2025-10-27 13:02:57,4.2,90600,4.21,D
sz000100,TCL科技,2025-10-27 13:03:03,4.2,99800,4.2,D
sz000100,TCL科技,2025-10-27 13:03:06,4.2,96000,4.2,D
sz000100,TCL科技,2025-10-27 13:03:12,4.2,85200,4.21,D
sz000100,TCL科技,2025-10-27 13:03:18,4.2,88000,4.2,D
sz000100,TCL科技,2025-10-27 13:03:21,4.21,23000,4.2,U
sz000100,TCL科技,2025-10-27 13:03:30,4.2,93700,4.2,D
sz000100,TCL科技,2025-10-27 13:03:36,4.2,86400,4.2,D
sz000100,TCL科技,2025-10-27 13:03:42,4.2,76300,4.21,D
sz000100,TCL科技,2025-10-27 13:03:45,4.21,56600,4.2,U
sz000100,TCL科技,2025-10-27 13:03:48,4.2,142800,4.21,D
sz000100,TCL科技,2025-10-27 13:03:51,4.2,21000,4.2,D
sz000100,TCL科技,2025-10-27 13:03:57,4.2,40000,4.2,D
sz000100,TCL科技,2025-10-27 13:04:00,4.21,104500,4.2,U
sz000100,TCL科技,2025-10-27 13:04:06,4.21,93400,4.2,U
sz000100,TCL科技,2025-10-27 13:04:09,4.2,32700,4.21,D
sz000100,TCL科技,2025-10-27 13:04:15,4.21,95000,4.2,U
sz000100,TCL科技,2025-10-27 13:04:18,4.2,43600,4.21,D
sz000100,TCL科技,2025-10-27 13:04:21,4.2,86200,4.2,D
sz000100,TCL科技,2025-10-27 13:04:27,4.2,88100,4.2,D
sz000100,TCL科技,2025-10-27 13:04:30,4.2,70000,4.2,D
sz000100,TCL科技,2025-10-27 13:04:33,4.2,237900,4.2,D
sz000100,TCL科技,2025-10-27 13:04:36,4.21,42000,4.2,U
sz000100,TCL科技,2025-10-27 13:04:39,4.2,339900,4.21,D
sz000100,TCL科技,2025-10-27 13:04:42,4.21,39600,4.2,U
sz000100,TCL科技,2025-10-27 13:04:45,4.2,203300,4.21,D
sz000100,TCL科技,2025-10-27 13:04:48,4.2,70700,4.2,D
sz000100,TCL科技,2025-10-27 13:04:54,4.2,163200,4.2,D
sz000100,TCL科技,2025-10-27 13:04:57,4.2,27400,4.2,D
sz000100,TCL科技,2025-10-27 13:05:00,4.2,2644000,4.2,D
sz000100,TCL科技,2025-10-27 13:05:03,4.2,468400,4.2,U
sz000100,TCL科技,2025-10-27 13:05:06,4.19,179800,4.2,D
sz000100,TCL科技,2025-10-27 13:05:09,4.19,73700,4.19,D
sz000100,TCL科技,2025-10-27 13:05:12,4.2,64400,4.19,U
sz000100,TCL科技,2025-10-27 13:05:15,4.2,452400,4.2,U
sz000100,TCL科技,2025-10-27 13:05:18,4.2,68700,4.2,U
sz000100,TCL科技,2025-10-27 13:05:24,4.2,99400,4.19,U
sz000100,TCL科技,2025-10-27 13:05:27,4.2,26100,4.2,U
sz000100,TCL科技,2025-10-27 13:05:36,4.19,93100,4.19,D
sz000100,TCL科技,2025-10-27 13:05:45,4.2,187600,4.2,U
sz000100,TCL科技,2025-10-27 13:05:48,4.2,25400,4.2,U
sz000100,TCL科技,2025-10-27 13:05:57,4.2,117200,4.2,U
sz000100,TCL科技,2025-10-27 13:06:00,4.2,35700,4.2,U
sz000100,TCL科技,2025-10-27 13:06:03,4.19,77900,4.2,D
sz000100,TCL科技,2025-10-27 13:06:12,4.2,76000,4.19,U
sz000100,TCL科技,2025-10-27 13:06:15,4.2,55700,4.2,U
sz000100,TCL科技,2025-10-27 13:06:18,4.2,146400,4.2,U
sz000100,TCL科技,2025-10-27 13:06:24,4.2,93200,4.2,U
sz000100,TCL科技,2025-10-27 13:06:27,4.2,315800,4.2,U
sz000100,TCL科技,2025-10-27 13:06:30,4.2,21100,4.2,U
sz000100,TCL科技,2025-10-27 13:06:39,4.2,435400,4.2,U
sz000100,TCL科技,2025-10-27 13:06:42,4.2,58000,4.2,U
sz000100,TCL科技,2025-10-27 13:06:45,4.2,539850,4.2,U
sz000100,TCL科技,2025-10-27 13:06:48,4.2,71700,4.2,D
sz000100,TCL科技,2025-10-27 13:07:00,4.2,73700,4.21,D
sz000100,TCL科技,2025-10-27 13:07:03,4.2,40500,4.2,D
sz000100,TCL科技,2025-10-27 13:07:06,4.2,79500,4.2,D
sz000100,TCL科技,2025-10-27 13:07:12,4.2,132500,4.2,D
sz000100,TCL科技,2025-10-27 13:07:18,4.2,85600,4.2,D
sz000100,TCL科技,2025-10-27 13:07:24,4.21,68200,4.2,U
sz000100,TCL科技,2025-10-27 13:07:27,4.2,92000,4.21,D
sz000100,TCL科技,2025-10-27 13:07:30,4.21,24100,4.2,U
sz000100,TCL科技,2025-10-27 13:07:33,4.21,108100,4.21,U
sz000100,TCL科技,2025-10-27 13:07:36,4.21,64000,4.21,U
sz000100,TCL科技,2025-10-27 13:07:39,4.2,90700,4.21,D
sz000100,TCL科技,2025-10-27 13:07:51,4.21,93900,4.21,U
sz000100,TCL科技,2025-10-27 13:07:57,4.2,101900,4.2,D
sz000100,TCL科技,2025-10-27 13:08:06,4.2,94770,4.21,D
sz000100,TCL科技,2025-10-27 13:08:12,4.21,74000,4.21,U
sz000100,TCL科技,2025-10-27 13:08:18,4.2,91400,4.21,D
sz000100,TCL科技,2025-10-27 13:08:24,4.2,78200,4.2,D
sz000100,TCL科技,2025-10-27 13:08:27,4.2,58000,4.2,D
sz000100,TCL科技,2025-10-27 13:08:33,4.2,83000,4.2,D
sz000100,TCL科技,2025-10-27 13:08:36,4.2,61000,4.2,D
sz000100,TCL科技,2025-10-27 13:08:39,4.2,113200,4.2,D
sz000100,TCL科技,2025-10-27 13:08:45,4.2,78300,4.21,D
sz000100,TCL科技,2025-10-27 13:08:48,4.2,82400,4.2,D
sz000100,TCL科技,2025-10-27 13:08:54,4.2,69400,4.2,D
sz000100,TCL科技,2025-10-27 13:08:57,4.21,162060,4.2,U
sz000100,TCL科技,2025-10-27 13:09:03,4.2,85200,4.2,D
sz000100,TCL科技,2025-10-27 13:09:12,4.2,95100,4.21,D
sz000100,TCL科技,2025-10-27 13:09:18,4.2,82670,4.21,D
sz000100,TCL科技,2025-10-27 13:09:27,4.19,53400,4.2,D
sz000100,TCL科技,2025-10-27 13:09:33,4.2,23100,4.19,U
sz000100,TCL科技,2025-10-27 13:09:36,4.2,100200,4.2,U
sz000100,TCL科技,2025-10-27 13:09:39,4.2,31900,4.2,U
sz000100,TCL科技,2025-10-27 13:09:48,4.19,90700,4.2,D
sz000100,TCL科技,2025-10-27 13:09:54,4.19,94400,4.19,D
sz000100,TCL科技,2025-10-27 13:09:57,4.19,33300,4.19,D
sz000100,TCL科技,2025-10-27 13:10:03,4.2,114800,4.19,U
sz000100,TCL科技,2025-10-27 13:10:06,4.19,55700,4.2,D
sz000100,TCL科技,2025-10-27 13:10:09,4.2,82900,4.19,U
sz000100,TCL科技,2025-10-27 13:10:15,4.19,80500,4.19,D
sz000100,TCL科技,2025-10-27 13:10:18,4.2,969300,4.19,U
sz000100,TCL科技,2025-10-27 13:10:21,4.2,66000,4.2,U
sz000100,TCL科技,2025-10-27 13:10:24,4.2,26200,4.2,U
sz000100,TCL科技,2025-10-27 13:10:27,4.2,94100,4.2,D
sz000100,TCL科技,2025-10-27 13:10:33,4.21,364600,4.2,U
sz000100,TCL科技,2025-10-27 13:10:39,4.2,83800,4.2,D
sz000100,TCL科技,2025-10-27 13:10:51,4.2,79800,4.2,D
sz000100,TCL科技,2025-10-27 13:10:54,4.2,150200,4.2,D
sz000100,TCL科技,2025-10-27 13:10:57,4.21,199720,4.2,U
sz000100,TCL科技,2025-10-27 13:11:00,4.19,46300,4.21,D
sz000100,TCL科技,2025-10-27 13:11:03,4.2,39900,4.19,U
sz000100,TCL科技,2025-10-27 13:11:06,4.19,44300,4.2,D
sz000100,TCL科技,2025-10-27 13:11:15,4.2,266500,4.2,U
sz000100,TCL科技,2025-10-27 13:11:18,4.2,53700,4.2,U
sz000100,TCL科技,2025-10-27 13:11:27,4.2,34600,4.2,U
sz000100,TCL科技,2025-10-27 13:11:30,4.2,38800,4.2,U
sz000100,TCL科技,2025-10-27 13:11:36,4.19,88700,4.2,D
sz000100,TCL科技,2025-10-27 13:11:45,4.2,91300,4.2,U
sz000100,TCL科技,2025-10-27 13:11:57,4.19,121600,4.19,D
sz000100,TCL科技,2025-10-27 13:12:03,4.2,80700,4.2,U
sz000100,TCL科技,2025-10-27 13:12:09,4.2,151800,4.19,U
sz000100,TCL科技,2025-10-27 13:12:12,4.2,91400,4.2,U
sz000100,TCL科技,2025-10-27 13:12:18,4.2,84700,4.2,U
sz000100,TCL科技,2025-10-27 13:12:21,4.2,20900,4.2,U
sz000100,TCL科技,2025-10-27 13:12:24,4.2,99200,4.2,U
sz000100,TCL科技,2025-10-27 13:12:27,4.2,25400,4.2,U
sz000100,TCL科技,2025-10-27 13:12:30,4.19,85800,4.2,D
sz000100,TCL科技,2025-10-27 13:12:39,4.19,87800,4.2,D
sz000100,TCL科技,2025-10-27 13:12:51,4.19,201200,4.2,D
sz000100,TCL科技,2025-10-27 13:12:54,4.2,30600,4.19,U
sz000100,TCL科技,2025-10-27 13:13:03,4.19,82700,4.19,D
sz000100,TCL科技,2025-10-27 13:13:12,4.2,76000,4.2,U
sz000100,TCL科技,2025-10-27 13:13:15,4.19,89400,4.2,D
sz000100,TCL科技,2025-10-27 13:13:18,4.2,317000,4.19,U
sz000100,TCL科技,2025-10-27 13:13:21,4.2,237200,4.2,U
sz000100,TCL科技,2025-10-27 13:13:24,4.2,29200,4.2,U
sz000100,TCL科技,2025-10-27 13:13:27,4.2,223990,4.2,U
sz000100,TCL科技,2025-10-27 13:13:30,4.2,572509,4.2,U
sz000100,TCL科技,2025-10-27 13:13:33,4.2,71700,4.2,D
sz000100,TCL科技,2025-10-27 13:13:36,4.2,25400,4.2,D
sz000100,TCL科技,2025-10-27 13:13:42,4.2,91300,4.2,D
sz000100,TCL科技,2025-10-27 13:13:45,4.21,27400,4.2,U
sz000100,TCL科技,2025-10-27 13:13:48,4.2,83500,4.21,D
sz000100,TCL科技,2025-10-27 13:13:51,4.19,135200,4.2,D
sz000100,TCL科技,2025-10-27 13:13:54,4.2,64700,4.19,U
sz000100,TCL科技,2025-10-27 13:14:03,4.2,32600,4.2,U
sz000100,TCL科技,2025-10-27 13:14:06,4.2,166800,4.2,U
sz000100,TCL科技,2025-10-27 13:14:09,4.2,91100,4.2,U
sz000100,TCL科技,2025-10-27 13:14:12,4.2,26400,4.2,U
sz000100,TCL科技,2025-10-27 13:14:18,4.2,514100,4.2,U
sz000100,TCL科技,2025-10-27 13:14:21,4.2,34100,4.2,U
sz000100,TCL科技,2025-10-27 13:15:24,4.19,33500,4.19,D
sz000100,TCL科技,2025-10-27 13:15:33,4.2,35900,4.2,U
sz000100,TCL科技,2025-10-27 13:16:09,4.19,977200,4.19,D
sz000100,TCL科技,2025-10-27 13:16:12,4.2,71800,4.19,U
sz000100,TCL科技,2025-10-27 13:16:15,4.2,48300,4.2,U
sz000100,TCL科技,2025-10-27 13:16:21,4.2,22300,4.2,U
sz000100,TCL科技,2025-10-27 13:16:24,4.19,520500,4.2,D
sz000100,TCL科技,2025-10-27 13:16:27,4.2,97200,4.19,U
sz000100,TCL科技,2025-10-27 13:16:30,4.2,23500,4.2,U
sz000100,TCL科技,2025-10-27 13:16:54,4.2,41000,4.2,U
sz000100,TCL科技,2025-10-27 13:16:57,4.2,37100,4.2,U
sz000100,TCL科技,2025-10-27 13:17:12,4.2,20800,4.2,U
sz000100,TCL科技,2025-10-27 13:17:24,4.2,52800,4.2,U
sz000100,TCL科技,2025-10-27 13:17:27,4.2,28700,4.2,U
sz000100,TCL科技,2025-10-27 13:17:30,4.2,24300,4.2,U
sz000100,TCL科技,2025-10-27 13:17:36,4.2,52100,4.2,U
sz000100,TCL科技,2025-10-27 13:18:15,4.2,21200,4.2,U
sz000100,TCL科技,2025-10-27 13:18:45,4.2,29900,4.2,U
sz000100,TCL科技,2025-10-27 13:18:57,4.19,24000,4.2,D
sz000100,TCL科技,2025-10-27 13:19:03,4.2,39400,4.2,U
sz000100,TCL科技,2025-10-27 13:19:18,4.19,123500,4.2,D
sz000100,TCL科技,2025-10-27 13:19:27,4.19,37000,4.19,D
sz000100,TCL科技,2025-10-27 13:19:57,4.2,25100,4.2,U
sz000100,TCL科技,2025-10-27 13:20:06,4.19,21400,4.2,D
sz000100,TCL科技,2025-10-27 13:20:15,4.2,39400,4.19,U
sz000100,TCL科技,2025-10-27 13:20:27,4.19,22200,4.19,D
sz000100,TCL科技,2025-10-27 13:20:39,4.2,27200,4.2,U
sz000100,TCL科技,2025-10-27 13:20:42,4.2,197400,4.2,U
sz000100,TCL科技,2025-10-27 13:20:57,4.19,20640,4.2,D
sz000100,TCL科技,2025-10-27 13:21:00,4.2,1017600,4.19,U
sz000100,TCL科技,2025-10-27 13:21:03,4.2,90600,4.2,U
sz000100,TCL科技,2025-10-27 13:21:12,4.2,43100,4.2,U
sz000100,TCL科技,2025-10-27 13:21:27,4.2,89600,4.2,U
sz000100,TCL科技,2025-10-27 13:21:33,4.2,28800,4.2,U
sz000100,TCL科技,2025-10-27 13:21:36,4.2,45000,4.2,U
sz000100,TCL科技,2025-10-27 13:21:45,4.2,1237690,4.2,U
sz000100,TCL科技,2025-10-27 13:22:21,4.21,28100,4.21,U
sz000100,TCL科技,2025-10-27 13:22:36,4.2,20000,4.21,D
sz000100,TCL科技,2025-10-27 13:22:45,4.2,20100,4.2,D
sz000100,TCL科技,2025-10-27 13:22:51,4.2,28200,4.21,D
sz000100,TCL科技,2025-10-27 13:22:57,4.21,515600,4.21,U
sz000100,TCL科技,2025-10-27 13:23:09,4.21,171500,4.2,U
sz000100,TCL科技,2025-10-27 13:23:21,4.21,512400,4.21,U
sz000100,TCL科技,2025-10-27 13:23:48,4.2,27100,4.21,D
sz000100,TCL科技,2025-10-27 13:23:51,4.21,22300,4.2,U
sz000100,TCL科技,2025-10-27 13:23:57,4.2,45400,4.2,D
sz000100,TCL科技,2025-10-27 13:24:00,4.2,56200,4.2,D
sz000100,TCL科技,2025-10-27 13:24:03,4.21,27300,4.2,U
sz000100,TCL科技,2025-10-27 13:24:06,4.2,34100,4.21,D
sz000100,TCL科技,2025-10-27 13:24:21,4.21,20800,4.21,U
sz000100,TCL科技,2025-10-27 13:24:24,4.2,45700,4.21,D
sz000100,TCL科技,2025-10-27 13:24:27,4.2,56100,4.2,D
sz000100,TCL科技,2025-10-27 13:24:36,4.21,50600,4.21,U
sz000100,TCL科技,2025-10-27 13:24:39,4.21,109900,4.21,U
sz000100,TCL科技,2025-10-27 13:24:42,4.2,29400,4.21,D
sz000100,TCL科技,2025-10-27 13:24:45,4.2,22500,4.2,D
sz000100,TCL科技,2025-10-27 13:25:00,4.21,25800,4.2,U
sz000100,TCL科技,2025-10-27 13:25:06,4.21,24200,4.21,U
sz000100,TCL科技,2025-10-27 13:25:21,4.2,31500,4.21,D
sz000100,TCL科技,2025-10-27 13:25:24,4.2,22200,4.2,D
sz000100,TCL科技,2025-10-27 13:25:39,4.2,30900,4.2,D
sz000100,TCL科技,2025-10-27 13:25:57,4.2,22200,4.2,D
sz000100,TCL科技,2025-10-27 13:26:30,4.2,26300,4.2,D
sz000100,TCL科技,2025-10-27 13:26:33,4.2,35900,4.2,D
sz000100,TCL科技,2025-10-27 13:27:03,4.2,137400,4.21,D
sz000100,TCL科技,2025-10-27 13:27:33,4.2,25300,4.21,D
sz000100,TCL科技,2025-10-27 13:27:42,4.21,101000,4.21,U
sz000100,TCL科技,2025-10-27 13:27:45,4.2,70600,4.21,D
sz000100,TCL科技,2025-10-27 13:27:48,4.2,20600,4.2,D
sz000100,TCL科技,2025-10-27 13:27:57,4.2,26400,4.21,D
sz000100,TCL科技,2025-10-27 13:28:00,4.21,181700,4.2,U
sz000100,TCL科技,2025-10-27 13:28:03,4.2,181200,4.21,D
sz000100,TCL科技,2025-10-27 13:28:06,4.21,23000,4.2,U
sz000100,TCL科技,2025-10-27 13:28:15,4.2,40100,4.21,D
sz000100,TCL科技,2025-10-27 13:28:30,4.21,65500,4.2,U
sz000100,TCL科技,2025-10-27 13:28:33,4.2,96600,4.21,D
sz000100,TCL科技,2025-10-27 13:28:57,4.2,65900,4.21,D
sz000100,TCL科技,2025-10-27 13:29:00,4.21,27100,4.2,U
sz000100,TCL科技,2025-10-27 13:29:03,4.2,76300,4.21,D
sz000100,TCL科技,2025-10-27 13:29:33,4.2,41200,4.2,D
sz000100,TCL科技,2025-10-27 13:29:42,4.21,42400,4.21,U
sz000100,TCL科技,2025-10-27 13:29:45,4.2,95200,4.21,D
sz000100,TCL科技,2025-10-27 13:29:48,4.2,84100,4.2,D
sz000100,TCL科技,2025-10-27 13:29:51,4.2,43600,4.2,D
sz000100,TCL科技,2025-10-27 13:29:54,4.2,27000,4.2,D
sz000100,TCL科技,2025-10-27 13:29:57,4.2,29500,4.2,D
sz000100,TCL科技,2025-10-27 13:30:03,4.2,25500,4.21,D
sz000100,TCL科技,2025-10-27 13:30:33,4.2,109300,4.21,D
sz000100,TCL科技,2025-10-27 13:30:36,4.2,123200,4.2,D
sz000100,TCL科技,2025-10-27 13:30:45,4.2,66900,4.21,D
sz000100,TCL科技,2025-10-27 13:30:48,4.21,166500,4.2,U
sz000100,TCL科技,2025-10-27 13:30:54,4.2,26400,4.2,D
sz000100,TCL科技,2025-10-27 13:31:09,4.2,114000,4.2,D
sz000100,TCL科技,2025-10-27 13:31:21,4.2,22400,4.21,D
sz000100,TCL科技,2025-10-27 13:31:27,4.2,20090,4.21,D
sz000100,TCL科技,2025-10-27 13:31:33,4.2,118000,4.21,D
sz000100,TCL科技,2025-10-27 13:31:45,4.2,79100,4.21,D
sz000100,TCL科技,2025-10-27 13:31:48,4.2,63500,4.2,D
sz000100,TCL科技,2025-10-27 13:31:54,4.21,21700,4.2,U
sz000100,TCL科技,2025-10-27 13:32:03,4.2,28400,4.21,D
sz000100,TCL科技,2025-10-27 13:32:06,4.2,118000,4.2,D
sz000100,TCL科技,2025-10-27 13:32:15,4.2,116900,4.2,D
sz000100,TCL科技,2025-10-27 13:32:21,4.2,521600,4.21,D
sz000100,TCL科技,2025-10-27 13:32:24,4.21,31200,4.2,U
sz000100,TCL科技,2025-10-27 13:32:30,4.21,22900,4.21,U
sz000100,TCL科技,2025-10-27 13:32:33,4.21,132300,4.21,U
sz000100,TCL科技,2025-10-27 13:32:36,4.21,153800,4.21,U
sz000100,TCL科技,2025-10-27 13:32:39,4.21,30100,4.21,U
sz000100,TCL科技,2025-10-27 13:32:45,4.2,134400,4.21,D
sz000100,TCL科技,2025-10-27 13:32:54,4.21,198000,4.21,U
sz000100,TCL科技,2025-10-27 13:32:57,4.2,63600,4.21,D
sz000100,TCL科技,2025-10-27 13:33:03,4.21,131700,4.21,U
sz000100,TCL科技,2025-10-27 13:33:06,4.21,60100,4.21,U
sz000100,TCL科技,2025-10-27 13:33:33,4.2,25980,4.21,D
sz000100,TCL科技,2025-10-27 13:33:45,4.2,61500,4.2,D
sz000100,TCL科技,2025-10-27 13:33:57,4.2,62400,4.2,D
sz000100,TCL科技,2025-10-27 13:34:00,4.21,400900,4.2,U
sz000100,TCL科技,2025-10-27 13:34:03,4.21,93120,4.21,U
sz000100,TCL科技,2025-10-27 13:34:15,4.2,790300,4.2,D
sz000100,TCL科技,2025-10-27 13:34:18,4.21,47400,4.2,U
sz000100,TCL科技,2025-10-27 13:34:30,4.2,47900,4.2,D
sz000100,TCL科技,2025-10-27 13:34:42,4.2,75600,4.2,D
sz000100,TCL科技,2025-10-27 13:34:45,4.2,69800,4.2,D
sz000100,TCL科技,2025-10-27 13:34:48,4.21,48400,4.2,U
sz000100,TCL科技,2025-10-27 13:34:51,4.21,30800,4.21,U
sz000100,TCL科技,2025-10-27 13:35:27,4.2,110400,4.2,D
sz000100,TCL科技,2025-10-27 13:35:45,4.2,86800,4.21,D
sz000100,TCL科技,2025-10-27 13:35:48,4.2,62200,4.2,D
sz000100,TCL科技,2025-10-27 13:35:57,4.2,25000,4.2,D
sz000100,TCL科技,2025-10-27 13:36:21,4.2,79400,4.2,D
sz000100,TCL科技,2025-10-27 13:36:24,4.21,35800,4.2,U
sz000100,TCL科技,2025-10-27 13:36:27,4.2,32600,4.21,D
sz000100,TCL科技,2025-10-27 13:36:33,4.2,23100,4.21,D
sz000100,TCL科技,2025-10-27 13:36:45,4.21,72800,4.2,U
sz000100,TCL科技,2025-10-27 13:36:48,4.21,129900,4.21,U
sz000100,TCL科技,2025-10-27 13:36:51,4.21,28800,4.21,U
sz000100,TCL科技,2025-10-27 13:36:57,4.21,107500,4.21,U
sz000100,TCL科技,2025-10-27 13:37:24,4.21,84900,4.21,U
sz000100,TCL科技,2025-10-27 13:37:27,4.2,51000,4.21,D
sz000100,TCL科技,2025-10-27 13:37:45,4.2,93000,4.21,D
sz000100,TCL科技,2025-10-27 13:37:48,4.2,150300,4.2,D
sz000100,TCL科技,2025-10-27 13:38:12,4.2,30400,4.21,D
sz000100,TCL科技,2025-10-27 13:38:24,4.21,27110,4.2,U
sz000100,TCL科技,2025-10-27 13:38:27,4.21,57700,4.21,U
sz000100,TCL科技,2025-10-27 13:38:36,4.21,22900,4.2,U
sz000100,TCL科技,2025-10-27 13:38:45,4.21,70500,4.2,U
sz000100,TCL科技,2025-10-27 13:38:48,4.2,55600,4.21,D
sz000100,TCL科技,2025-10-27 13:38:51,4.2,38220,4.2,D
sz000100,TCL科技,2025-10-27 13:39:15,4.21,169800,4.21,U
sz000100,TCL科技,2025-10-27 13:39:18,4.21,142500,4.21,U
sz000100,TCL科技,2025-10-27 13:39:42,4.21,20900,4.2,U
sz000100,TCL科技,2025-10-27 13:39:45,4.2,82100,4.21,D
sz000100,TCL科技,2025-10-27 13:39:48,4.21,82800,4.2,U
sz000100,TCL科技,2025-10-27 13:39:51,4.2,20950,4.21,D
sz000100,TCL科技,2025-10-27 13:39:54,4.2,56700,4.2,D
sz000100,TCL科技,2025-10-27 13:39:57,4.2,21000,4.2,D
sz000100,TCL科技,2025-10-27 13:40:00,4.21,48400,4.2,U
sz000100,TCL科技,2025-10-27 13:40:09,4.2,114800,4.2,D
sz000100,TCL科技,2025-10-27 13:40:18,4.21,239500,4.21,U
sz000100,TCL科技,2025-10-27 13:40:21,4.21,42800,4.21,U
sz000100,TCL科技,2025-10-27 13:40:24,4.21,25800,4.21,U
sz000100,TCL科技,2025-10-27 13:40:33,4.2,26200,4.21,D
sz000100,TCL科技,2025-10-27 13:40:39,4.2,33000,4.2,D
sz000100,TCL科技,2025-10-27 13:40:42,4.2,33430,4.2,D
sz000100,TCL科技,2025-10-27 13:40:45,4.2,77300,4.2,D
sz000100,TCL科技,2025-10-27 13:40:48,4.21,55500,4.2,U
sz000100,TCL科技,2025-10-27 13:41:06,4.2,68500,4.2,D
sz000100,TCL科技,2025-10-27 13:41:12,4.2,94600,4.2,D
sz000100,TCL科技,2025-10-27 13:41:15,4.2,20600,4.2,D
sz000100,TCL科技,2025-10-27 13:41:27,4.2,42100,4.21,D
sz000100,TCL科技,2025-10-27 13:41:33,4.2,29600,4.21,D
sz000100,TCL科技,2025-10-27 13:41:39,4.2,31500,4.2,D
sz000100,TCL科技,2025-10-27 13:41:45,4.2,74700,4.21,D
sz000100,TCL科技,2025-10-27 13:41:48,4.2,151400,4.2,D
sz000100,TCL科技,2025-10-27 13:41:51,4.2,26200,4.2,D
sz000100,TCL科技,2025-10-27 13:41:57,4.21,67590,4.21,U
sz000100,TCL科技,2025-10-27 13:42:09,4.21,28400,4.21,U
sz000100,TCL科技,2025-10-27 13:42:15,4.2,38400,4.21,D
sz000100,TCL科技,2025-10-27 13:42:18,4.2,137600,4.2,D
sz000100,TCL科技,2025-10-27 13:42:21,4.2,21800,4.2,D
sz000100,TCL科技,2025-10-27 13:42:33,4.2,101500,4.2,D
sz000100,TCL科技,2025-10-27 13:42:39,4.2,126900,4.21,D
sz000100,TCL科技,2025-10-27 13:42:45,4.2,85700,4.21,D
sz000100,TCL科技,2025-10-27 13:42:48,4.2,217200,4.2,D
sz000100,TCL科技,2025-10-27 13:42:57,4.21,22700,4.21,U
sz000100,TCL科技,2025-10-27 13:43:03,4.21,25600,4.2,U
sz000100,TCL科技,2025-10-27 13:43:06,4.21,29200,4.21,U
sz000100,TCL科技,2025-10-27 13:43:12,4.21,22800,4.21,U
sz000100,TCL科技,2025-10-27 13:43:39,4.2,303200,4.2,D
sz000100,TCL科技,2025-10-27 13:43:45,4.2,80400,4.21,D
sz000100,TCL科技,2025-10-27 13:43:48,4.2,57600,4.2,D
sz000100,TCL科技,2025-10-27 13:43:57,4.2,36300,4.2,D
sz000100,TCL科技,2025-10-27 13:44:06,4.2,30100,4.2,D
sz000100,TCL科技,2025-10-27 13:44:09,4.2,63500,4.2,D
sz000100,TCL科技,2025-10-27 13:44:12,4.21,145900,4.2,U
sz000100,TCL科技,2025-10-27 13:44:15,4.2,88900,4.21,D
sz000100,TCL科技,2025-10-27 13:44:24,4.2,40000,4.21,D
sz000100,TCL科技,2025-10-27 13:44:30,4.2,26000,4.2,D
sz000100,TCL科技,2025-10-27 13:44:33,4.2,28200,4.2,D
sz000100,TCL科技,2025-10-27 13:44:39,4.2,45600,4.21,D
sz000100,TCL科技,2025-10-27 13:44:48,4.2,27900,4.2,D
sz000100,TCL科技,2025-10-27 13:44:51,4.2,34600,4.2,D
sz000100,TCL科技,2025-10-27 13:44:54,4.2,148620,4.2,D
sz000100,TCL科技,2025-10-27 13:44:57,4.2,78700,4.2,D
sz000100,TCL科技,2025-10-27 13:45:12,4.21,343700,4.2,U
sz000100,TCL科技,2025-10-27 13:45:15,4.21,21600,4.21,U
sz000100,TCL科技,2025-10-27 13:45:27,4.2,22100,4.21,D
sz000100,TCL科技,2025-10-27 13:45:45,4.2,21000,4.21,D
sz000100,TCL科技,2025-10-27 13:45:54,4.21,40400,4.21,U
sz000100,TCL科技,2025-10-27 13:45:57,4.2,37100,4.21,D
sz000100,TCL科技,2025-10-27 13:46:12,4.21,168900,4.2,U
sz000100,TCL科技,2025-10-27 13:46:15,4.21,23100,4.21,U
sz000100,TCL科技,2025-10-27 13:46:24,4.21,55300,4.2,U
sz000100,TCL科技,2025-10-27 13:46:27,4.2,21700,4.21,D
sz000100,TCL科技,2025-10-27 13:46:36,4.2,49200,4.2,D
sz000100,TCL科技,2025-10-27 13:46:39,4.2,92300,4.2,D
sz000100,TCL科技,2025-10-27 13:47:15,4.21,126200,4.21,U
sz000100,TCL科技,2025-10-27 13:47:36,4.21,20700,4.2,U
sz000100,TCL科技,2025-10-27 13:47:45,4.2,57700,4.21,D
sz000100,TCL科技,2025-10-27 13:47:48,4.21,36800,4.2,U
sz000100,TCL科技,2025-10-27 13:47:57,4.2,41700,4.21,D
sz000100,TCL科技,2025-10-27 13:48:00,4.21,23000,4.2,U
sz000100,TCL科技,2025-10-27 13:48:18,4.21,30900,4.21,U
sz000100,TCL科技,2025-10-27 13:48:27,4.2,40500,4.2,D
sz000100,TCL科技,2025-10-27 13:48:42,4.2,94300,4.21,D
sz000100,TCL科技,2025-10-27 13:48:45,4.2,90100,4.2,D
sz000100,TCL科技,2025-10-27 13:48:48,4.2,91300,4.2,D
sz000100,TCL科技,2025-10-27 13:48:51,4.21,22500,4.2,U
sz000100,TCL科技,2025-10-27 13:49:00,4.2,21800,4.2,D
sz000100,TCL科技,2025-10-27 13:49:18,4.21,96900,4.2,U
sz000100,TCL科技,2025-10-27 13:49:27,4.2,84000,4.2,D
sz000100,TCL科技,2025-10-27 13:49:36,4.2,107400,4.21,D
sz000100,TCL科技,2025-10-27 13:49:39,4.21,33700,4.2,U
sz000100,TCL科技,2025-10-27 13:49:45,4.2,68400,4.2,D
sz000100,TCL科技,2025-10-27 13:49:48,4.2,61000,4.2,D
sz000100,TCL科技,2025-10-27 13:49:57,4.2,22900,4.2,D
sz000100,TCL科技,2025-10-27 13:50:09,4.2,27700,4.21,D
sz000100,TCL科技,2025-10-27 13:50:21,4.21,25700,4.21,U
sz000100,TCL科技,2025-10-27 13:50:45,4.21,99000,4.2,U
sz000100,TCL科技,2025-10-27 13:50:48,4.2,55300,4.21,D
sz000100,TCL科技,2025-10-27 13:50:51,4.21,23950,4.2,U
sz000100,TCL科技,2025-10-27 13:50:57,4.21,29900,4.21,U
sz000100,TCL科技,2025-10-27 13:51:06,4.2,33200,4.2,D
sz000100,TCL科技,2025-10-27 13:51:21,4.21,42700,4.2,U
sz000100,TCL科技,2025-10-27 13:51:39,4.21,72000,4.2,U
sz000100,TCL科技,2025-10-27 13:51:45,4.2,53800,4.2,D
sz000100,TCL科技,2025-10-27 13:51:48,4.21,73000,4.2,U
sz000100,TCL科技,2025-10-27 13:51:51,4.2,38900,4.21,D
sz000100,TCL科技,2025-10-27 13:52:03,4.21,1145700,4.2,U
sz000100,TCL科技,2025-10-27 13:52:06,4.2,232700,4.21,D
sz000100,TCL科技,2025-10-27 13:52:09,4.2,74600,4.2,D
sz000100,TCL科技,2025-10-27 13:52:12,4.21,26100,4.2,U
sz000100,TCL科技,2025-10-27 13:52:18,4.2,208500,4.21,D
sz000100,TCL科技,2025-10-27 13:52:27,4.2,36800,4.2,D
sz000100,TCL科技,2025-10-27 13:52:30,4.2,24700,4.2,D
sz000100,TCL科技,2025-10-27 13:52:39,4.21,556100,4.2,U
sz000100,TCL科技,2025-10-27 13:52:42,4.21,650900,4.21,U
sz000100,TCL科技,2025-10-27 13:52:45,4.21,522300,4.21,U
sz000100,TCL科技,2025-10-27 13:52:48,4.21,950500,4.21,U
sz000100,TCL科技,2025-10-27 13:52:51,4.21,380600,4.21,U
sz000100,TCL科技,2025-10-27 13:52:54,4.21,845700,4.21,U
sz000100,TCL科技,2025-10-27 13:52:57,4.21,132600,4.21,U
sz000100,TCL科技,2025-10-27 13:53:00,4.21,1182700,4.21,U
sz000100,TCL科技,2025-10-27 13:53:03,4.21,360600,4.21,U
sz000100,TCL科技,2025-10-27 13:53:06,4.21,1578100,4.21,U
sz000100,TCL科技,2025-10-27 13:53:09,4.21,1512300,4.21,U
sz000100,TCL科技,2025-10-27 13:53:12,4.2,1369200,4.21,D
sz000100,TCL科技,2025-10-27 13:53:15,4.21,3808800,4.2,U
sz000100,TCL科技,2025-10-27 13:53:18,4.21,1361100,4.21,D
sz000100,TCL科技,2025-10-27 13:53:21,4.22,591100,4.21,U
sz000100,TCL科技,2025-10-27 13:53:27,4.21,632100,4.2,U
sz000100,TCL科技,2025-10-27 13:53:30,4.22,472700,4.21,U
sz000100,TCL科技,2025-10-27 13:53:33,4.21,27700,4.22,D
sz000100,TCL科技,2025-10-27 13:53:36,4.21,42800,4.21,D
sz000100,TCL科技,2025-10-27 13:53:51,4.21,770600,4.21,D
sz000100,TCL科技,2025-10-27 13:53:54,4.21,39500,4.21,E
sz000100,TCL科技,2025-10-27 13:53:57,4.2,26400,4.21,D
sz000100,TCL科技,2025-10-27 13:54:00,4.21,149500,4.2,U
sz000100,TCL科技,2025-10-27 13:54:09,4.21,64500,4.21,U
sz000100,TCL科技,2025-10-27 13:54:12,4.21,32900,4.21,U
sz000100,TCL科技,2025-10-27 13:54:15,4.21,46000,4.21,U
sz000100,TCL科技,2025-10-27 13:54:18,4.21,55300,4.21,U
sz000100,TCL科技,2025-10-27 13:54:33,4.21,21700,4.21,U
sz000100,TCL科技,2025-10-27 13:54:48,4.2,146600,4.21,D
sz000100,TCL科技,2025-10-27 13:54:51,4.21,133300,4.2,U
sz000100,TCL科技,2025-10-27 13:54:54,4.2,49100,4.21,D
sz000100,TCL科技,2025-10-27 13:54:57,4.2,34000,4.2,D
sz000100,TCL科技,2025-10-27 13:55:00,4.2,136300,4.2,D
sz000100,TCL科技,2025-10-27 13:55:03,4.21,497600,4.2,U
sz000100,TCL科技,2025-10-27 13:55:06,4.21,308500,4.21,U
sz000100,TCL科技,2025-10-27 13:55:09,4.21,264600,4.21,U
sz000100,TCL科技,2025-10-27 13:55:12,4.21,91100,4.21,U
sz000100,TCL科技,2025-10-27 13:55:15,4.2,29300,4.21,D
sz000100,TCL科技,2025-10-27 13:55:18,4.21,42500,4.2,U
sz000100,TCL科技,2025-10-27 13:55:21,4.21,22000,4.21,U
sz000100,TCL科技,2025-10-27 13:55:27,4.21,46800,4.21,U
sz000100,TCL科技,2025-10-27 13:55:30,4.21,743700,4.21,U
sz000100,TCL科技,2025-10-27 13:55:33,4.21,57500,4.21,D
sz000100,TCL科技,2025-10-27 13:55:42,4.21,132900,4.22,D
sz000100,TCL科技,2025-10-27 13:55:45,4.21,25800,4.21,U
sz000100,TCL科技,2025-10-27 13:55:48,4.21,24200,4.21,U
sz000100,TCL科技,2025-10-27 13:55:51,4.21,25500,4.21,U
sz000100,TCL科技,2025-10-27 13:55:54,4.21,22800,4.21,U
sz000100,TCL科技,2025-10-27 13:55:57,4.21,56000,4.21,U
sz000100,TCL科技,2025-10-27 13:56:00,4.21,161600,4.21,U
sz000100,TCL科技,2025-10-27 13:56:03,4.21,42400,4.21,U
sz000100,TCL科技,2025-10-27 13:56:09,4.2,60400,4.21,D
sz000100,TCL科技,2025-10-27 13:56:42,4.21,21600,4.2,U
sz000100,TCL科技,2025-10-27 13:57:03,4.2,25400,4.21,D
sz000100,TCL科技,2025-10-27 13:57:06,4.2,24200,4.2,D
sz000100,TCL科技,2025-10-27 13:57:09,4.2,23600,4.2,D
sz000100,TCL科技,2025-10-27 13:57:18,4.2,186900,4.2,D
sz000100,TCL科技,2025-10-27 13:57:21,4.2,22100,4.2,D
sz000100,TCL科技,2025-10-27 13:57:33,4.21,48800,4.21,U
sz000100,TCL科技,2025-10-27 13:57:36,4.21,28000,4.21,U
sz000100,TCL科技,2025-10-27 13:57:39,4.21,22100,4.21,U
sz000100,TCL科技,2025-10-27 13:57:48,4.2,34900,4.2,D
sz000100,TCL科技,2025-10-27 13:57:57,4.2,50400,4.21,D
sz000100,TCL科技,2025-10-27 13:58:06,4.2,32700,4.2,D
sz000100,TCL科技,2025-10-27 13:58:12,4.2,32600,4.21,D
sz000100,TCL科技,2025-10-27 13:58:15,4.2,36800,4.2,D
sz000100,TCL科技,2025-10-27 13:58:18,4.2,117800,4.2,D
sz000100,TCL科技,2025-10-27 13:58:24,4.2,59700,4.2,D
sz000100,TCL科技,2025-10-27 13:58:30,4.2,28500,4.2,D
sz000100,TCL科技,2025-10-27 13:58:48,4.21,51100,4.21,U
sz000100,TCL科技,2025-10-27 13:59:00,4.21,28900,4.21,U
sz000100,TCL科技,2025-10-27 13:59:03,4.2,50600,4.21,D
sz000100,TCL科技,2025-10-27 13:59:15,4.21,38100,4.21,U
sz000100,TCL科技,2025-10-27 13:59:18,4.2,73300,4.21,D
sz000100,TCL科技,2025-10-27 13:59:21,4.2,305200,4.2,D
sz000100,TCL科技,2025-10-27 13:59:24,4.21,36700,4.2,U
sz000100,TCL科技,2025-10-27 13:59:27,4.2,23000,4.21,D
sz000100,TCL科技,2025-10-27 13:59:33,4.21,38300,4.2,U
sz000100,TCL科技,2025-10-27 13:59:51,4.2,44300,4.2,D
sz000100,TCL科技,2025-10-27 14:00:00,4.2,37000,4.2,D
sz000100,TCL科技,2025-10-27 14:00:09,4.2,24400,4.2,D
sz000100,TCL科技,2025-10-27 14:00:27,4.2,22500,4.21,D
sz000100,TCL科技,2025-10-27 14:00:42,4.2,32000,4.21,D
sz000100,TCL科技,2025-10-27 14:00:57,4.2,21300,4.21,D
sz000100,TCL科技,2025-10-27 14:01:21,4.2,23200,4.21,D
sz000100,TCL科技,2025-10-27 14:01:27,4.2,22200,4.2,D
sz000100,TCL科技,2025-10-27 14:01:33,4.2,32300,4.21,D
sz000100,TCL科技,2025-10-27 14:02:12,4.21,31900,4.2,U
sz000100,TCL科技,2025-10-27 14:02:21,4.2,71800,4.2,D
sz000100,TCL科技,2025-10-27 14:02:27,4.2,26700,4.2,D
sz000100,TCL科技,2025-10-27 14:02:30,4.2,189100,4.2,D
sz000100,TCL科技,2025-10-27 14:02:33,4.21,54600,4.2,U
sz000100,TCL科技,2025-10-27 14:02:45,4.2,155800,4.2,D
sz000100,TCL科技,2025-10-27 14:02:48,4.2,82100,4.2,D
sz000100,TCL科技,2025-10-27 14:02:51,4.2,24600,4.2,D
sz000100,TCL科技,2025-10-27 14:02:57,4.2,25600,4.21,D
sz000100,TCL科技,2025-10-27 14:03:12,4.2,38800,4.2,D
sz000100,TCL科技,2025-10-27 14:03:15,4.2,123500,4.2,D
sz000100,TCL科技,2025-10-27 14:03:24,4.2,27000,4.2,D
sz000100,TCL科技,2025-10-27 14:03:51,4.21,88800,4.2,U
sz000100,TCL科技,2025-10-27 14:03:54,4.2,20800,4.21,D
sz000100,TCL科技,2025-10-27 14:03:57,4.21,31500,4.2,U
sz000100,TCL科技,2025-10-27 14:04:12,4.21,201000,4.21,U
sz000100,TCL科技,2025-10-27 14:04:15,4.21,155500,4.21,U
sz000100,TCL科技,2025-10-27 14:04:36,4.21,32100,4.2,U
sz000100,TCL科技,2025-10-27 14:04:45,4.21,74600,4.21,U
sz000100,TCL科技,2025-10-27 14:04:48,4.2,336800,4.21,D
sz000100,TCL科技,2025-10-27 14:04:51,4.2,21400,4.2,D
sz000100,TCL科技,2025-10-27 14:04:57,4.21,315700,4.21,U
sz000100,TCL科技,2025-10-27 14:05:00,4.21,151500,4.21,U
sz000100,TCL科技,2025-10-27 14:05:03,4.21,801400,4.21,U
sz000100,TCL科技,2025-10-27 14:05:06,4.21,2433400,4.21,U
sz000100,TCL科技,2025-10-27 14:05:09,4.21,429800,4.21,U
sz000100,TCL科技,2025-10-27 14:05:12,4.21,156400,4.21,U
sz000100,TCL科技,2025-10-27 14:05:15,4.21,114600,4.21,U
sz000100,TCL科技,2025-10-27 14:05:18,4.21,109200,4.21,U
sz000100,TCL科技,2025-10-27 14:05:21,4.21,36200,4.21,U
sz000100,TCL科技,2025-10-27 14:05:24,4.21,65600,4.21,U
sz000100,TCL科技,2025-10-27 14:05:27,4.21,38500,4.21,U
sz000100,TCL科技,2025-10-27 14:05:39,4.2,112000,4.21,D
sz000100,TCL科技,2025-10-27 14:05:45,4.21,79800,4.2,U
sz000100,TCL科技,2025-10-27 14:05:51,4.2,50400,4.21,D
sz000100,TCL科技,2025-10-27 14:05:54,4.21,41300,4.2,U
sz000100,TCL科技,2025-10-27 14:05:57,4.2,22100,4.21,D
sz000100,TCL科技,2025-10-27 14:06:00,4.2,54700,4.2,D
sz000100,TCL科技,2025-10-27 14:06:03,4.21,333700,4.2,U
sz000100,TCL科技,2025-10-27 14:06:06,4.21,313200,4.21,U
sz000100,TCL科技,2025-10-27 14:06:09,4.21,29200,4.21,U
sz000100,TCL科技,2025-10-27 14:06:15,4.21,131000,4.21,U
sz000100,TCL科技,2025-10-27 14:06:18,4.21,1374644,4.21,U
sz000100,TCL科技,2025-10-27 14:06:21,4.21,59700,4.21,D
sz000100,TCL科技,2025-10-27 14:06:27,4.21,73700,4.21,D
sz000100,TCL科技,2025-10-27 14:06:42,4.21,232600,4.22,D
sz000100,TCL科技,2025-10-27 14:06:45,4.2,172456,4.21,D
sz000100,TCL科技,2025-10-27 14:06:57,4.2,33400,4.21,D
sz000100,TCL科技,2025-10-27 14:07:03,4.21,25100,4.21,U
sz000100,TCL科技,2025-10-27 14:07:15,4.21,79600,4.21,U
sz000100,TCL科技,2025-10-27 14:07:21,4.21,26900,4.21,U
sz000100,TCL科技,2025-10-27 14:07:27,4.21,170200,4.21,U
sz000100,TCL科技,2025-10-27 14:07:30,4.2,398400,4.21,D
sz000100,TCL科技,2025-10-27 14:07:33,4.21,26400,4.2,U
sz000100,TCL科技,2025-10-27 14:07:39,4.21,23700,4.21,U
sz000100,TCL科技,2025-10-27 14:07:45,4.21,726600,4.21,U
sz000100,TCL科技,2025-10-27 14:07:48,4.21,47600,4.21,U
sz000100,TCL科技,2025-10-27 14:08:03,4.2,26400,4.21,D
sz000100,TCL科技,2025-10-27 14:08:06,4.21,73200,4.2,U
sz000100,TCL科技,2025-10-27 14:08:15,4.21,22400,4.21,U
sz000100,TCL科技,2025-10-27 14:08:24,4.21,22500,4.2,U
sz000100,TCL科技,2025-10-27 14:08:57,4.2,25400,4.2,D
sz000100,TCL科技,2025-10-27 14:09:06,4.21,26100,4.21,U
sz000100,TCL科技,2025-10-27 14:09:09,4.2,84100,4.21,D
sz000100,TCL科技,2025-10-27 14:09:24,4.21,49700,4.2,U
sz000100,TCL科技,2025-10-27 14:09:27,4.21,25200,4.21,U
sz000100,TCL科技,2025-10-27 14:09:30,4.21,35700,4.21,U
sz000100,TCL科技,2025-10-27 14:09:42,4.21,29400,4.21,U
sz000100,TCL科技,2025-10-27 14:09:57,4.2,40400,4.2,D
sz000100,TCL科技,2025-10-27 14:10:12,4.2,32600,4.2,D
sz000100,TCL科技,2025-10-27 14:10:27,4.2,23400,4.2,D
sz000100,TCL科技,2025-10-27 14:10:30,4.21,58900,4.2,U
sz000100,TCL科技,2025-10-27 14:10:57,4.2,45500,4.21,D
sz000100,TCL科技,2025-10-27 14:11:03,4.21,21900,4.21,U
sz000100,TCL科技,2025-10-27 14:11:12,4.2,41800,4.21,D
sz000100,TCL科技,2025-10-27 14:11:24,4.21,66100,4.21,U
sz000100,TCL科技,2025-10-27 14:11:27,4.2,30000,4.21,D
sz000100,TCL科技,2025-10-27 14:11:45,4.2,28700,4.2,D
sz000100,TCL科技,2025-10-27 14:12:03,4.21,21400,4.21,U
sz000100,TCL科技,2025-10-27 14:12:06,4.21,44700,4.21,U
sz000100,TCL科技,2025-10-27 14:12:09,4.21,51300,4.21,U
sz000100,TCL科技,2025-10-27 14:12:21,4.2,51400,4.21,D
sz000100,TCL科技,2025-10-27 14:12:27,4.2,30900,4.21,D
sz000100,TCL科技,2025-10-27 14:12:45,4.2,53100,4.21,D
sz000100,TCL科技,2025-10-27 14:12:51,4.21,160200,4.21,U
sz000100,TCL科技,2025-10-27 14:12:54,4.2,31100,4.21,D
sz000100,TCL科技,2025-10-27 14:12:57,4.21,32400,4.2,U
sz000100,TCL科技,2025-10-27 14:13:24,4.21,23600,4.2,U
sz000100,TCL科技,2025-10-27 14:13:27,4.2,92000,4.21,D
sz000100,TCL科技,2025-10-27 14:13:30,4.21,56100,4.2,U
sz000100,TCL科技,2025-10-27 14:13:33,4.21,21300,4.21,U
sz000100,TCL科技,2025-10-27 14:13:42,4.21,64800,4.21,U
sz000100,TCL科技,2025-10-27 14:13:45,4.21,43100,4.21,U
sz000100,TCL科技,2025-10-27 14:13:48,4.2,45600,4.21,D
sz000100,TCL科技,2025-10-27 14:13:51,4.21,24900,4.2,U
sz000100,TCL科技,2025-10-27 14:13:54,4.2,22100,4.21,D
sz000100,TCL科技,2025-10-27 14:14:15,4.21,38400,4.2,U
sz000100,TCL科技,2025-10-27 14:14:18,4.21,260000,4.21,U
sz000100,TCL科技,2025-10-27 14:14:21,4.2,30200,4.21,D
sz000100,TCL科技,2025-10-27 14:14:24,4.21,118500,4.2,U
sz000100,TCL科技,2025-10-27 14:14:27,4.2,28600,4.21,D
sz000100,TCL科技,2025-10-27 14:14:36,4.21,37900,4.21,U
sz000100,TCL科技,2025-10-27 14:14:57,4.2,27200,4.2,D
sz000100,TCL科技,2025-10-27 14:15:03,4.21,29300,4.2,U
sz000100,TCL科技,2025-10-27 14:15:09,4.21,20600,4.21,U
sz000100,TCL科技,2025-10-27 14:15:12,4.2,23300,4.21,D
sz000100,TCL科技,2025-10-27 14:15:24,4.21,41100,4.21,U
sz000100,TCL科技,2025-10-27 14:15:30,4.21,22700,4.2,U
sz000100,TCL科技,2025-10-27 14:15:51,4.2,26400,4.21,D
sz000100,TCL科技,2025-10-27 14:15:54,4.2,20800,4.2,D
sz000100,TCL科技,2025-10-27 14:15:57,4.2,25400,4.2,D
sz000100,TCL科技,2025-10-27 14:16:00,4.2,20600,4.2,D
sz000100,TCL科技,2025-10-27 14:16:03,4.2,32300,4.2,D
sz000100,TCL科技,2025-10-27 14:16:33,4.2,96200,4.21,D
sz000100,TCL科技,2025-10-27 14:16:45,4.2,24100,4.21,D
sz000100,TCL科技,2025-10-27 14:17:06,4.21,121600,4.2,U
sz000100,TCL科技,2025-10-27 14:17:18,4.2,56500,4.2,D
sz000100,TCL科技,2025-10-27 14:17:21,4.2,30300,4.2,D
sz000100,TCL科技,2025-10-27 14:17:45,4.21,192500,4.21,U
sz000100,TCL科技,2025-10-27 14:17:48,4.2,44700,4.21,D
sz000100,TCL科技,2025-10-27 14:17:51,4.21,26800,4.2,U
sz000100,TCL科技,2025-10-27 14:17:54,4.2,26300,4.21,D
sz000100,TCL科技,2025-10-27 14:17:57,4.2,21200,4.2,D
sz000100,TCL科技,2025-10-27 14:18:06,4.2,22500,4.2,D
sz000100,TCL科技,2025-10-27 14:18:12,4.21,101500,4.21,U
sz000100,TCL科技,2025-10-27 14:18:15,4.21,73500,4.21,U
sz000100,TCL科技,2025-10-27 14:18:36,4.21,20300,4.21,U
sz000100,TCL科技,2025-10-27 14:18:48,4.21,140600,4.21,U
sz000100,TCL科技,2025-10-27 14:18:51,4.2,37200,4.21,D
sz000100,TCL科技,2025-10-27 14:18:54,4.21,21700,4.2,U
sz000100,TCL科技,2025-10-27 14:18:57,4.21,25500,4.21,U
sz000100,TCL科技,2025-10-27 14:19:12,4.21,28000,4.21,U
sz000100,TCL科技,2025-10-27 14:19:27,4.2,26700,4.2,D
sz000100,TCL科技,2025-10-27 14:19:30,4.21,48000,4.2,U
sz000100,TCL科技,2025-10-27 14:19:45,4.21,49500,4.21,U
sz000100,TCL科技,2025-10-27 14:19:48,4.21,62700,4.21,U
sz000100,TCL科技,2025-10-27 14:19:57,4.21,49800,4.21,U
sz000100,TCL科技,2025-10-27 14:20:03,4.2,35000,4.21,D
sz000100,TCL科技,2025-10-27 14:20:24,4.21,34200,4.21,U
sz000100,TCL科技,2025-10-27 14:20:27,4.2,37000,4.21,D
sz000100,TCL科技,2025-10-27 14:20:30,4.21,27600,4.2,U
sz000100,TCL科技,2025-10-27 14:20:33,4.21,33200,4.21,U
sz000100,TCL科技,2025-10-27 14:20:45,4.21,70500,4.2,U
sz000100,TCL科技,2025-10-27 14:20:48,4.2,61100,4.21,D
sz000100,TCL科技,2025-10-27 14:20:51,4.2,56300,4.2,D
sz000100,TCL科技,2025-10-27 14:20:54,4.2,60100,4.2,D
sz000100,TCL科技,2025-10-27 14:21:00,4.2,22200,4.21,D
sz000100,TCL科技,2025-10-27 14:21:24,4.21,24000,4.21,U
sz000100,TCL科技,2025-10-27 14:21:30,4.21,29900,4.21,U
sz000100,TCL科技,2025-10-27 14:21:33,4.21,54000,4.21,U
sz000100,TCL科技,2025-10-27 14:21:48,4.2,29400,4.21,D
sz000100,TCL科技,2025-10-27 14:22:00,4.2,30800,4.21,D
sz000100,TCL科技,2025-10-27 14:22:12,4.2,30000,4.21,D
sz000100,TCL科技,2025-10-27 14:22:15,4.21,24200,4.2,U
sz000100,TCL科技,2025-10-27 14:22:27,4.21,31300,4.2,U
sz000100,TCL科技,2025-10-27 14:22:30,4.21,52500,4.21,U
sz000100,TCL科技,2025-10-27 14:22:33,4.21,23300,4.21,U
sz000100,TCL科技,2025-10-27 14:22:39,4.2,29100,4.2,D
sz000100,TCL科技,2025-10-27 14:22:45,4.21,65800,4.21,U
sz000100,TCL科技,2025-10-27 14:22:48,4.2,59800,4.21,D
sz000100,TCL科技,2025-10-27 14:22:51,4.21,33500,4.2,U
sz000100,TCL科技,2025-10-27 14:22:54,4.21,42400,4.21,U
sz000100,TCL科技,2025-10-27 14:23:06,4.21,39000,4.21,U
sz000100,TCL科技,2025-10-27 14:23:09,4.21,94100,4.21,U
sz000100,TCL科技,2025-10-27 14:23:12,4.2,53900,4.21,D
sz000100,TCL科技,2025-10-27 14:23:18,4.21,36600,4.2,U
sz000100,TCL科技,2025-10-27 14:23:33,4.21,20600,4.21,U
sz000100,TCL科技,2025-10-27 14:23:36,4.2,22200,4.21,D
sz000100,TCL科技,2025-10-27 14:23:45,4.2,123500,4.2,D
sz000100,TCL科技,2025-10-27 14:23:48,4.2,110300,4.2,D
sz000100,TCL科技,2025-10-27 14:23:51,4.21,33500,4.2,U
sz000100,TCL科技,2025-10-27 14:24:03,4.2,33800,4.21,D
sz000100,TCL科技,2025-10-27 14:24:06,4.21,40800,4.2,U
sz000100,TCL科技,2025-10-27 14:24:09,4.2,24700,4.21,D
sz000100,TCL科技,2025-10-27 14:24:12,4.21,20820,4.2,U
sz000100,TCL科技,2025-10-27 14:24:36,4.2,24800,4.2,D
sz000100,TCL科技,2025-10-27 14:24:42,4.2,23400,4.2,D
sz000100,TCL科技,2025-10-27 14:24:45,4.2,42300,4.2,D
sz000100,TCL科技,2025-10-27 14:24:48,4.2,171400,4.2,D
sz000100,TCL科技,2025-10-27 14:24:51,4.21,49200,4.2,U
sz000100,TCL科技,2025-10-27 14:24:57,4.2,20600,4.2,D
sz000100,TCL科技,2025-10-27 14:25:06,4.2,118500,4.2,D
sz000100,TCL科技,2025-10-27 14:25:09,4.21,60300,4.2,U
sz000100,TCL科技,2025-10-27 14:25:15,4.2,31400,4.21,D
sz000100,TCL科技,2025-10-27 14:25:18,4.21,23100,4.2,U
sz000100,TCL科技,2025-10-27 14:25:21,4.21,28000,4.21,U
sz000100,TCL科技,2025-10-27 14:25:30,4.21,23900,4.21,U
sz000100,TCL科技,2025-10-27 14:25:33,4.21,24100,4.21,U
sz000100,TCL科技,2025-10-27 14:25:39,4.21,34900,4.21,U
sz000100,TCL科技,2025-10-27 14:25:42,4.21,26300,4.21,U
sz000100,TCL科技,2025-10-27 14:25:51,4.21,111300,4.21,U
sz000100,TCL科技,2025-10-27 14:25:54,4.21,56300,4.21,U
sz000100,TCL科技,2025-10-27 14:26:06,4.2,113000,4.2,D
sz000100,TCL科技,2025-10-27 14:26:09,4.2,54200,4.2,D
sz000100,TCL科技,2025-10-27 14:26:12,4.2,23100,4.2,D
sz000100,TCL科技,2025-10-27 14:26:24,4.2,33600,4.2,D
sz000100,TCL科技,2025-10-27 14:26:27,4.2,34000,4.2,D
sz000100,TCL科技,2025-10-27 14:26:33,4.2,28400,4.2,D
sz000100,TCL科技,2025-10-27 14:26:39,4.21,101000,4.21,U
sz000100,TCL科技,2025-10-27 14:26:42,4.21,48600,4.21,U
sz000100,TCL科技,2025-10-27 14:26:45,4.21,204700,4.21,U
sz000100,TCL科技,2025-10-27 14:26:48,4.21,116800,4.21,U
sz000100,TCL科技,2025-10-27 14:26:51,4.2,44700,4.21,D
sz000100,TCL科技,2025-10-27 14:26:57,4.21,24700,4.21,U
sz000100,TCL科技,2025-10-27 14:27:03,4.21,921900,4.21,U
sz000100,TCL科技,2025-10-27 14:27:06,4.21,266100,4.21,U
sz000100,TCL科技,2025-10-27 14:27:09,4.21,45700,4.21,U
sz000100,TCL科技,2025-10-27 14:27:12,4.21,22600,4.21,U
sz000100,TCL科技,2025-10-27 14:27:15,4.21,108000,4.21,U
sz000100,TCL科技,2025-10-27 14:27:18,4.22,4571580,4.21,U
sz000100,TCL科技,2025-10-27 14:27:21,4.21,222800,4.22,D
sz000100,TCL科技,2025-10-27 14:27:24,4.22,69500,4.21,U
sz000100,TCL科技,2025-10-27 14:27:27,4.21,36800,4.22,D
sz000100,TCL科技,2025-10-27 14:27:30,4.22,74400,4.21,U
sz000100,TCL科技,2025-10-27 14:27:33,4.21,27100,4.22,D
sz000100,TCL科技,2025-10-27 14:27:36,4.22,54100,4.21,U
sz000100,TCL科技,2025-10-27 14:27:39,4.21,34600,4.22,D
sz000100,TCL科技,2025-10-27 14:27:48,4.21,20000,4.22,D
sz000100,TCL科技,2025-10-27 14:27:54,4.21,24000,4.22,D
sz000100,TCL科技,2025-10-27 14:28:03,4.22,58800,4.21,U
sz000100,TCL科技,2025-10-27 14:28:06,4.22,30000,4.22,U
sz000100,TCL科技,2025-10-27 14:28:09,4.22,48200,4.22,U
sz000100,TCL科技,2025-10-27 14:28:12,4.21,129600,4.22,D
sz000100,TCL科技,2025-10-27 14:28:18,4.21,39510,4.22,D
sz000100,TCL科技,2025-10-27 14:28:21,4.22,166600,4.21,U
sz000100,TCL科技,2025-10-27 14:28:24,4.21,29900,4.22,D
sz000100,TCL科技,2025-10-27 14:28:27,4.22,184200,4.21,U
sz000100,TCL科技,2025-10-27 14:28:30,4.22,54900,4.22,U
sz000100,TCL科技,2025-10-27 14:28:33,4.21,59900,4.22,D
sz000100,TCL科技,2025-10-27 14:28:36,4.21,169100,4.21,D
sz000100,TCL科技,2025-10-27 14:28:39,4.21,41900,4.21,D
sz000100,TCL科技,2025-10-27 14:28:42,4.21,106500,4.21,D
sz000100,TCL科技,2025-10-27 14:28:45,4.21,1676800,4.21,D
sz000100,TCL科技,2025-10-27 14:28:48,4.21,259000,4.21,D
sz000100,TCL科技,2025-10-27 14:28:51,4.21,86300,4.21,D
sz000100,TCL科技,2025-10-27 14:28:54,4.21,129600,4.21,D
sz000100,TCL科技,2025-10-27 14:28:57,4.22,21200,4.21,U
sz000100,TCL科技,2025-10-27 14:29:06,4.21,22900,4.21,D
sz000100,TCL科技,2025-10-27 14:29:09,4.22,24300,4.21,U
sz000100,TCL科技,2025-10-27 14:29:12,4.22,159400,4.22,U
sz000100,TCL科技,2025-10-27 14:29:15,4.22,28900,4.22,U
sz000100,TCL科技,2025-10-27 14:29:18,4.22,184000,4.22,U
sz000100,TCL科技,2025-10-27 14:29:21,4.21,116410,4.22,D
sz000100,TCL科技,2025-10-27 14:29:27,4.21,51400,4.21,D
sz000100,TCL科技,2025-10-27 14:29:48,4.22,112000,4.21,U
sz000100,TCL科技,2025-10-27 14:29:51,4.22,36000,4.22,U
sz000100,TCL科技,2025-10-27 14:29:54,4.22,95200,4.22,U
sz000100,TCL科技,2025-10-27 14:30:00,4.22,35600,4.22,U
