symbol,name,ticktime,price,volume,prev_price,kind
sz000100,TCL科技,2025-10-28 09:25:00,4.2,1020120,0.0,U
sz000100,TCL科技,2025-10-28 09:30:00,4.21,158600,4.2,U
sz000100,TCL科技,2025-10-28 09:30:03,4.2,711600,4.21,D
sz000100,TCL科技,2025-10-28 09:30:06,4.2,1472300,4.2,D
sz000100,TCL科技,2025-10-28 09:30:09,4.19,130400,4.2,D
sz000100,TCL科技,2025-10-28 09:30:12,4.19,195800,4.19,D
sz000100,TCL科技,2025-10-28 09:30:15,4.19,162800,4.19,D
sz000100,TCL科技,2025-10-28 09:30:18,4.19,278900,4.19,D
sz000100,TCL科技,2025-10-28 09:30:21,4.19,271600,4.19,D
sz000100,TCL科技,2025-10-28 09:30:24,4.19,54400,4.19,D
sz000100,TCL科技,2025-10-28 09:30:27,4.2,142000,4.19,U
sz000100,TCL科技,2025-10-28 09:30:30,4.19,460300,4.2,D
sz000100,TCL科技,2025-10-28 09:30:33,4.19,1468600,4.19,D
sz000100,TCL科技,2025-10-28 09:30:36,4.19,390400,4.19,U
sz000100,TCL科技,2025-10-28 09:30:39,4.19,646100,4.19,U
sz000100,TCL科技,2025-10-28 09:30:42,4.19,257000,4.19,U
sz000100,TCL科技,2025-10-28 09:30:45,4.19,34900,4.19,U
sz000100,TCL科技,2025-10-28 09:30:48,4.19,64800,4.19,U
sz000100,TCL科技,2025-10-28 09:30:51,4.19,37000,4.19,U
sz000100,TCL科技,2025-10-28 09:30:54,4.18,265200,4.19,D
sz000100,TCL科技,2025-10-28 09:30:57,4.19,143800,4.18,U
sz000100,TCL科技,2025-10-28 09:31:00,4.18,34500,4.19,D
sz000100,TCL科技,2025-10-28 09:31:03,4.18,796200,4.18,D
sz000100,TCL科技,2025-10-28 09:31:06,4.18,119100,4.18,D
sz000100,TCL科技,2025-10-28 09:31:18,4.19,147700,4.19,U
sz000100,TCL科技,2025-10-28 09:31:21,4.19,85600,4.19,U
sz000100,TCL科技,2025-10-28 09:31:24,4.19,40100,4.19,U
sz000100,TCL科技,2025-10-28 09:31:27,4.19,37500,4.19,U
sz000100,TCL科技,2025-10-28 09:31:30,4.18,43300,4.19,D
sz000100,TCL科技,2025-10-28 09:31:33,4.18,26200,4.18,D
sz000100,TCL科技,2025-10-28 09:31:36,4.18,65200,4.18,D
sz000100,TCL科技,2025-10-28 09:31:39,4.18,491310,4.18,D
sz000100,TCL科技,2025-10-28 09:31:42,4.18,74200,4.18,D
sz000100,TCL科技,2025-10-28 09:31:45,4.18,69000,4.18,D
sz000100,TCL科技,2025-10-28 09:31:48,4.18,445600,4.18,D
sz000100,TCL科技,2025-10-28 09:31:54,4.19,166500,4.18,U
sz000100,TCL科技,2025-10-28 09:31:57,4.18,89400,4.19,D
sz000100,TCL科技,2025-10-28 09:32:03,4.18,93300,4.19,D
sz000100,TCL科技,2025-10-28 09:32:09,4.19,79000,4.18,U
sz000100,TCL科技,2025-10-28 09:32:12,4.19,24700,4.19,U
sz000100,TCL科技,2025-10-28 09:32:15,4.18,35500,4.19,D
sz000100,TCL科技,2025-10-28 09:32:18,4.18,155200,4.18,D
sz000100,TCL科技,2025-10-28 09:32:21,4.18,109100,4.18,D
sz000100,TCL科技,2025-10-28 09:32:24,4.19,37500,4.18,U
sz000100,TCL科技,2025-10-28 09:32:27,4.19,40700,4.19,U
sz000100,TCL科技,2025-10-28 09:32:30,4.19,29800,4.19,U
sz000100,TCL科技,2025-10-28 09:32:36,4.19,50700,4.19,U
sz000100,TCL科技,2025-10-28 09:32:39,4.19,62100,4.19,U
sz000100,TCL科技,2025-10-28 09:32:42,4.18,47600,4.19,D
sz000100,TCL科技,2025-10-28 09:32:48,4.18,50300,4.19,D
sz000100,TCL科技,2025-10-28 09:32:54,4.18,71600,4.19,D
sz000100,TCL科技,2025-10-28 09:33:00,4.18,29000,4.19,D
sz000100,TCL科技,2025-10-28 09:33:03,4.19,33400,4.18,U
sz000100,TCL科技,2025-10-28 09:33:06,4.19,132100,4.19,U
sz000100,TCL科技,2025-10-28 09:33:09,4.19,61000,4.19,U
sz000100,TCL科技,2025-10-28 09:33:18,4.18,70400,4.19,D
sz000100,TCL科技,2025-10-28 09:33:21,4.18,39800,4.18,D
sz000100,TCL科技,2025-10-28 09:33:27,4.19,60300,4.19,U
sz000100,TCL科技,2025-10-28 09:33:36,4.19,62400,4.18,U
sz000100,TCL科技,2025-10-28 09:33:42,4.18,24000,4.19,D
sz000100,TCL科技,2025-10-28 09:33:45,4.18,130300,4.18,D
sz000100,TCL科技,2025-10-28 09:33:48,4.18,41200,4.18,D
sz000100,TCL科技,2025-10-28 09:33:54,4.19,21600,4.18,U
sz000100,TCL科技,2025-10-28 09:33:57,4.18,99320,4.19,D
sz000100,TCL科技,2025-10-28 09:34:00,4.19,26100,4.18,U
sz000100,TCL科技,2025-10-28 09:34:06,4.19,196800,4.18,U
sz000100,TCL科技,2025-10-28 09:34:09,4.18,43900,4.19,D
sz000100,TCL科技,2025-10-28 09:34:12,4.18,69800,4.18,D
sz000100,TCL科技,2025-10-28 09:34:15,4.18,24600,4.18,D
sz000100,TCL科技,2025-10-28 09:34:18,4.19,23700,4.18,U
sz000100,TCL科技,2025-10-28 09:34:24,4.18,36400,4.19,D
sz000100,TCL科技,2025-10-28 09:34:27,4.19,38000,4.18,U
sz000100,TCL科技,2025-10-28 09:34:30,4.18,49000,4.19,D
sz000100,TCL科技,2025-10-28 09:34:33,4.18,67200,4.18,D
sz000100,TCL科技,2025-10-28 09:34:36,4.19,22900,4.18,U
sz000100,TCL科技,2025-10-28 09:34:39,4.18,68800,4.19,D
sz000100,TCL科技,2025-10-28 09:34:42,4.18,21300,4.18,D
sz000100,TCL科技,2025-10-28 09:34:45,4.18,22100,4.18,D
sz000100,TCL科技,2025-10-28 09:34:48,4.18,49100,4.18,D
sz000100,TCL科技,2025-10-28 09:34:54,4.18,69700,4.18,D
sz000100,TCL科技,2025-10-28 09:35:00,4.18,335700,4.18,D
sz000100,TCL科技,2025-10-28 09:35:03,4.18,91200,4.18,D
sz000100,TCL科技,2025-10-28 09:35:06,4.18,22500,4.18,D
sz000100,TCL科技,2025-10-28 09:35:09,4.18,100800,4.18,D
sz000100,TCL科技,2025-10-28 09:35:21,4.18,56300,4.18,D
sz000100,TCL科技,2025-10-28 09:35:30,4.18,77000,4.18,D
sz000100,TCL科技,2025-10-28 09:35:39,4.18,33200,4.19,D
sz000100,TCL科技,2025-10-28 09:35:42,4.19,33800,4.18,U
sz000100,TCL科技,2025-10-28 09:35:48,4.18,76800,4.19,D
sz000100,TCL科技,2025-10-28 09:35:51,4.18,130100,4.18,D
sz000100,TCL科技,2025-10-28 09:36:03,4.19,21800,4.18,U
sz000100,TCL科技,2025-10-28 09:36:06,4.18,265100,4.19,D
sz000100,TCL科技,2025-10-28 09:36:09,4.19,22400,4.18,U
sz000100,TCL科技,2025-10-28 09:36:18,4.18,50900,4.19,D
sz000100,TCL科技,2025-10-28 09:36:21,4.18,32700,4.18,D
sz000100,TCL科技,2025-10-28 09:36:27,4.19,77300,4.19,U
sz000100,TCL科技,2025-10-28 09:36:30,4.18,140800,4.19,D
sz000100,TCL科技,2025-10-28 09:36:33,4.19,28500,4.18,U
sz000100,TCL科技,2025-10-28 09:36:39,4.18,40000,4.18,D
sz000100,TCL科技,2025-10-28 09:36:42,4.19,30400,4.18,U
sz000100,TCL科技,2025-10-28 09:36:48,4.19,94800,4.18,U
sz000100,TCL科技,2025-10-28 09:36:51,4.19,72400,4.19,U
sz000100,TCL科技,2025-10-28 09:36:57,4.19,57000,4.18,U
sz000100,TCL科技,2025-10-28 09:37:00,4.19,78400,4.19,U
sz000100,TCL科技,2025-10-28 09:37:03,4.19,109800,4.19,U
sz000100,TCL科技,2025-10-28 09:37:06,4.19,34700,4.19,U
sz000100,TCL科技,2025-10-28 09:37:09,4.18,55500,4.19,D
sz000100,TCL科技,2025-10-28 09:37:15,4.19,56000,4.19,U
sz000100,TCL科技,2025-10-28 09:37:24,4.2,1990740,4.19,U
sz000100,TCL科技,2025-10-28 09:37:27,4.19,86900,4.2,D
sz000100,TCL科技,2025-10-28 09:37:30,4.19,36700,4.19,D
sz000100,TCL科技,2025-10-28 09:37:36,4.19,65300,4.2,D
sz000100,TCL科技,2025-10-28 09:37:39,4.2,32700,4.19,U
sz000100,TCL科技,2025-10-28 09:37:42,4.2,20100,4.2,U
sz000100,TCL科技,2025-10-28 09:37:45,4.2,31300,4.2,U
sz000100,TCL科技,2025-10-28 09:37:48,4.2,107100,4.2,U
sz000100,TCL科技,2025-10-28 09:37:57,4.2,42200,4.2,U
sz000100,TCL科技,2025-10-28 09:38:06,4.19,27000,4.19,D
sz000100,TCL科技,2025-10-28 09:38:12,4.2,21000,4.19,U
sz000100,TCL科技,2025-10-28 09:38:15,4.2,43200,4.2,U
sz000100,TCL科技,2025-10-28 09:38:21,4.19,53200,4.2,D
sz000100,TCL科技,2025-10-28 09:38:27,4.2,61400,4.19,U
sz000100,TCL科技,2025-10-28 09:38:30,4.19,40300,4.2,D
sz000100,TCL科技,2025-10-28 09:38:45,4.2,26400,4.19,U
sz000100,TCL科技,2025-10-28 09:38:54,4.2,70100,4.2,U
sz000100,TCL科技,2025-10-28 09:38:57,4.19,63400,4.2,D
sz000100,TCL科技,2025-10-28 09:39:00,4.19,349400,4.19,D
sz000100,TCL科技,2025-10-28 09:39:03,4.19,398900,4.19,D
sz000100,TCL科技,2025-10-28 09:39:06,4.2,148200,4.19,U
sz000100,TCL科技,2025-10-28 09:39:09,4.19,563800,4.2,D
sz000100,TCL科技,2025-10-28 09:39:12,4.19,270500,4.19,D
sz000100,TCL科技,2025-10-28 09:39:15,4.2,283800,4.19,U
sz000100,TCL科技,2025-10-28 09:39:24,4.19,46200,4.19,D
sz000100,TCL科技,2025-10-28 09:39:27,4.19,30400,4.19,D
sz000100,TCL科技,2025-10-28 09:39:30,4.18,1620600,4.19,D
sz000100,TCL科技,2025-10-28 09:39:33,4.18,173900,4.18,D
sz000100,TCL科技,2025-10-28 09:39:36,4.19,33400,4.18,U
sz000100,TCL科技,2025-10-28 09:39:39,4.19,69300,4.19,U
sz000100,TCL科技,2025-10-28 09:39:42,4.19,39400,4.19,U
sz000100,TCL科技,2025-10-28 09:39:48,4.18,61300,4.18,D
sz000100,TCL科技,2025-10-28 09:40:00,4.19,43900,4.18,U
sz000100,TCL科技,2025-10-28 09:40:09,4.18,25400,4.18,D
sz000100,TCL科技,2025-10-28 09:40:18,4.19,72500,4.18,U
sz000100,TCL科技,2025-10-28 09:40:21,4.19,689900,4.19,U
sz000100,TCL科技,2025-10-28 09:40:27,4.19,36400,4.19,U
sz000100,TCL科技,2025-10-28 09:40:30,4.19,34900,4.19,U
sz000100,TCL科技,2025-10-28 09:40:33,4.19,29000,4.19,U
sz000100,TCL科技,2025-10-28 09:40:39,4.18,26800,4.19,D
sz000100,TCL科技,2025-10-28 09:40:42,4.2,924300,4.18,U
sz000100,TCL科技,2025-10-28 09:40:51,4.19,98800,4.19,D
sz000100,TCL科技,2025-10-28 09:40:54,4.19,116500,4.19,D
sz000100,TCL科技,2025-10-28 09:41:00,4.19,29700,4.19,D
sz000100,TCL科技,2025-10-28 09:41:03,4.2,81700,4.19,U
sz000100,TCL科技,2025-10-28 09:41:18,4.19,37500,4.19,D
sz000100,TCL科技,2025-10-28 09:41:27,4.19,172500,4.19,D
sz000100,TCL科技,2025-10-28 09:41:42,4.2,104500,4.19,U
sz000100,TCL科技,2025-10-28 09:41:45,4.2,56000,4.2,U
sz000100,TCL科技,2025-10-28 09:41:48,4.2,23800,4.2,U
sz000100,TCL科技,2025-10-28 09:41:54,4.19,35800,4.2,D
sz000100,TCL科技,2025-10-28 09:42:03,4.19,54900,4.19,D
sz000100,TCL科技,2025-10-28 09:42:06,4.2,103500,4.19,U
sz000100,TCL科技,2025-10-28 09:42:12,4.2,149200,4.2,U
sz000100,TCL科技,2025-10-28 09:42:15,4.2,45700,4.2,U
sz000100,TCL科技,2025-10-28 09:42:30,4.19,56300,4.19,D
sz000100,TCL科技,2025-10-28 09:42:36,4.19,21000,4.19,D
sz000100,TCL科技,2025-10-28 09:42:42,4.2,159500,4.19,U
sz000100,TCL科技,2025-10-28 09:42:45,4.2,23600,4.2,U
sz000100,TCL科技,2025-10-28 09:42:54,4.19,35900,4.2,D
sz000100,TCL科技,2025-10-28 09:43:03,4.19,26900,4.19,D
sz000100,TCL科技,2025-10-28 09:43:06,4.2,55200,4.19,U
sz000100,TCL科技,2025-10-28 09:43:21,4.19,158500,4.19,D
sz000100,TCL科技,2025-10-28 09:43:24,4.19,38300,4.19,D
sz000100,TCL科技,2025-10-28 09:43:27,4.2,85100,4.19,U
sz000100,TCL科技,2025-10-28 09:43:42,4.19,49300,4.2,D
sz000100,TCL科技,2025-10-28 09:43:45,4.19,135800,4.19,D
sz000100,TCL科技,2025-10-28 09:43:57,4.2,162300,4.2,U
sz000100,TCL科技,2025-10-28 09:44:03,4.19,28300,4.2,D
sz000100,TCL科技,2025-10-28 09:44:06,4.2,20000,4.19,U
sz000100,TCL科技,2025-10-28 09:44:09,4.19,41720,4.2,D
sz000100,TCL科技,2025-10-28 09:44:12,4.19,120200,4.19,D
sz000100,TCL科技,2025-10-28 09:44:15,4.2,113200,4.19,U
sz000100,TCL科技,2025-10-28 09:44:24,4.19,32000,4.19,D
sz000100,TCL科技,2025-10-28 09:44:27,4.2,27300,4.19,U
sz000100,TCL科技,2025-10-28 09:44:36,4.2,25500,4.2,U
sz000100,TCL科技,2025-10-28 09:44:39,4.19,21900,4.2,D
sz000100,TCL科技,2025-10-28 09:44:45,4.2,150600,4.19,U
sz000100,TCL科技,2025-10-28 09:44:51,4.19,176700,4.19,D
sz000100,TCL科技,2025-10-28 09:44:54,4.2,50900,4.19,U
sz000100,TCL科技,2025-10-28 09:44:57,4.19,111700,4.2,D
sz000100,TCL科技,2025-10-28 09:45:00,4.2,68600,4.19,U
sz000100,TCL科技,2025-10-28 09:45:06,4.2,38500,4.19,U
sz000100,TCL科技,2025-10-28 09:45:24,4.19,65800,4.19,D
sz000100,TCL科技,2025-10-28 09:45:27,4.2,25100,4.19,U
sz000100,TCL科技,2025-10-28 09:45:30,4.2,53700,4.2,U
sz000100,TCL科技,2025-10-28 09:45:39,4.19,59300,4.2,D
sz000100,TCL科技,2025-10-28 09:45:42,4.19,49800,4.19,D
sz000100,TCL科技,2025-10-28 09:45:48,4.2,22400,4.19,U
sz000100,TCL科技,2025-10-28 09:45:51,4.19,27100,4.2,D
sz000100,TCL科技,2025-10-28 09:45:54,4.19,71400,4.19,D
sz000100,TCL科技,2025-10-28 09:45:57,4.2,69300,4.19,U
sz000100,TCL科技,2025-10-28 09:46:00,4.2,132100,4.2,U
sz000100,TCL科技,2025-10-28 09:46:03,4.2,32200,4.2,U
sz000100,TCL科技,2025-10-28 09:46:09,4.2,204300,4.2,U
sz000100,TCL科技,2025-10-28 09:46:12,4.2,170660,4.2,U
sz000100,TCL科技,2025-10-28 09:46:15,4.2,174800,4.2,U
sz000100,TCL科技,2025-10-28 09:46:18,4.2,3918350,4.2,U
sz000100,TCL科技,2025-10-28 09:46:21,4.21,522200,4.2,U
sz000100,TCL科技,2025-10-28 09:46:27,4.2,44300,4.2,D
sz000100,TCL科技,2025-10-28 09:46:30,4.2,50900,4.2,D
sz000100,TCL科技,2025-10-28 09:46:33,4.21,63000,4.2,U
sz000100,TCL科技,2025-10-28 09:46:36,4.21,263300,4.21,U
sz000100,TCL科技,2025-10-28 09:46:39,4.2,38500,4.21,D
sz000100,TCL科技,2025-10-28 09:46:42,4.2,34600,4.2,D
sz000100,TCL科技,2025-10-28 09:46:51,4.2,48100,4.2,D
sz000100,TCL科技,2025-10-28 09:47:00,4.2,69700,4.21,D
sz000100,TCL科技,2025-10-28 09:47:06,4.21,30000,4.21,U
sz000100,TCL科技,2025-10-28 09:47:09,4.21,28200,4.21,U
sz000100,TCL科技,2025-10-28 09:47:15,4.21,48200,4.2,U
sz000100,TCL科技,2025-10-28 09:47:18,4.2,55000,4.21,D
sz000100,TCL科技,2025-10-28 09:47:21,4.2,86200,4.2,D
sz000100,TCL科技,2025-10-28 09:47:36,4.21,338300,4.2,U
sz000100,TCL科技,2025-10-28 09:47:39,4.21,81400,4.21,U
sz000100,TCL科技,2025-10-28 09:47:48,4.2,29100,4.21,D
sz000100,TCL科技,2025-10-28 09:47:51,4.21,21100,4.2,U
sz000100,TCL科技,2025-10-28 09:47:54,4.21,21100,4.21,U
sz000100,TCL科技,2025-10-28 09:48:03,4.21,23100,4.2,U
sz000100,TCL科技,2025-10-28 09:48:09,4.21,265800,4.21,U
sz000100,TCL科技,2025-10-28 09:48:12,4.21,23600,4.21,U
sz000100,TCL科技,2025-10-28 09:48:24,4.21,28200,4.21,U
sz000100,TCL科技,2025-10-28 09:48:30,4.2,35800,4.21,D
sz000100,TCL科技,2025-10-28 09:48:36,4.21,27200,4.2,U
sz000100,TCL科技,2025-10-28 09:48:39,4.21,27100,4.21,U
sz000100,TCL科技,2025-10-28 09:48:42,4.21,27400,4.21,U
sz000100,TCL科技,2025-10-28 09:48:45,4.21,63100,4.21,U
sz000100,TCL科技,2025-10-28 09:48:51,4.21,40400,4.21,U
sz000100,TCL科技,2025-10-28 09:49:15,4.21,51800,4.2,U
sz000100,TCL科技,2025-10-28 09:49:21,4.2,114300,4.21,D
sz000100,TCL科技,2025-10-28 09:49:27,4.21,21600,4.2,U
sz000100,TCL科技,2025-10-28 09:49:39,4.21,22700,4.21,U
sz000100,TCL科技,2025-10-28 09:49:45,4.21,102400,4.21,U
sz000100,TCL科技,2025-10-28 09:50:12,4.21,100900,4.2,U
sz000100,TCL科技,2025-10-28 09:50:15,4.21,52300,4.21,U
sz000100,TCL科技,2025-10-28 09:50:18,4.21,24400,4.21,U
sz000100,TCL科技,2025-10-28 09:50:21,4.21,25300,4.21,U
sz000100,TCL科技,2025-10-28 09:50:36,4.21,67200,4.21,U
sz000100,TCL科技,2025-10-28 09:50:39,4.2,60300,4.21,D
sz000100,TCL科技,2025-10-28 09:50:45,4.21,53700,4.21,U
sz000100,TCL科技,2025-10-28 09:50:48,4.21,6057435,4.21,U
sz000100,TCL科技,2025-10-28 09:50:51,4.21,32100,4.21,D
sz000100,TCL科技,2025-10-28 09:51:03,4.21,1206300,4.21,D
sz000100,TCL科技,2025-10-28 09:51:06,4.21,50600,4.21,U
sz000100,TCL科技,2025-10-28 09:51:09,4.21,326400,4.21,U
sz000100,TCL科技,2025-10-28 09:51:12,4.21,27800,4.21,U
sz000100,TCL科技,2025-10-28 09:51:18,4.21,48300,4.21,U
sz000100,TCL科技,2025-10-28 09:51:21,4.21,62900,4.21,U
sz000100,TCL科技,2025-10-28 09:51:30,4.21,24900,4.21,U
sz000100,TCL科技,2025-10-28 09:51:36,4.21,64900,4.21,U
sz000100,TCL科技,2025-10-28 09:51:39,4.21,42100,4.21,U
sz000100,TCL科技,2025-10-28 09:51:48,4.21,34700,4.21,U
sz000100,TCL科技,2025-10-28 09:51:54,4.21,76600,4.2,U
sz000100,TCL科技,2025-10-28 09:52:03,4.2,50900,4.21,D
sz000100,TCL科技,2025-10-28 09:52:06,4.21,20500,4.2,U
sz000100,TCL科技,2025-10-28 09:52:09,4.21,20700,4.21,U
sz000100,TCL科技,2025-10-28 09:52:15,4.21,166200,4.21,U
sz000100,TCL科技,2025-10-28 09:52:27,4.21,23300,4.21,U
sz000100,TCL科技,2025-10-28 09:52:33,4.21,22200,4.2,U
sz000100,TCL科技,2025-10-28 09:52:36,4.21,34000,4.21,U
sz000100,TCL科技,2025-10-28 09:53:03,4.2,23100,4.2,D
sz000100,TCL科技,2025-10-28 09:53:06,4.21,30000,4.2,U
sz000100,TCL科技,2025-10-28 09:53:09,4.21,63600,4.21,U
sz000100,TCL科技,2025-10-28 09:53:15,4.2,66600,4.2,D
sz000100,TCL科技,2025-10-28 09:53:21,4.21,24200,4.2,U
sz000100,TCL科技,2025-10-28 09:53:24,4.2,24510,4.21,D
sz000100,TCL科技,2025-10-28 09:53:33,4.2,50200,4.2,D
sz000100,TCL科技,2025-10-28 09:53:36,4.21,26300,4.2,U
sz000100,TCL科技,2025-10-28 09:53:39,4.21,690800,4.21,U
sz000100,TCL科技,2025-10-28 09:54:03,4.2,38200,4.2,D
sz000100,TCL科技,2025-10-28 09:54:06,4.21,70400,4.2,U
sz000100,TCL科技,2025-10-28 09:54:09,4.21,48200,4.21,U
sz000100,TCL科技,2025-10-28 09:54:27,4.2,52400,4.21,D
sz000100,TCL科技,2025-10-28 09:54:33,4.21,28700,4.21,U
sz000100,TCL科技,2025-10-28 09:54:36,4.21,28800,4.21,U
sz000100,TCL科技,2025-10-28 09:54:39,4.21,26800,4.21,U
sz000100,TCL科技,2025-10-28 09:54:42,4.2,30800,4.21,D
sz000100,TCL科技,2025-10-28 09:54:45,4.21,53100,4.2,U
sz000100,TCL科技,2025-10-28 09:54:48,4.21,92900,4.21,U
sz000100,TCL科技,2025-10-28 09:55:03,4.21,48800,4.2,U
sz000100,TCL科技,2025-10-28 09:55:09,4.21,30300,4.21,U
sz000100,TCL科技,2025-10-28 09:55:15,4.21,40300,4.21,U
sz000100,TCL科技,2025-10-28 09:55:21,4.21,26100,4.21,U
sz000100,TCL科技,2025-10-28 09:55:30,4.2,45500,4.21,D
sz000100,TCL科技,2025-10-28 09:55:33,4.21,20700,4.2,U
sz000100,TCL科技,2025-10-28 09:55:36,4.21,39000,4.21,U
sz000100,TCL科技,2025-10-28 09:55:39,4.21,27400,4.21,U
sz000100,TCL科技,2025-10-28 09:55:54,4.21,105600,4.2,U
sz000100,TCL科技,2025-10-28 09:56:00,4.21,41100,4.21,U
sz000100,TCL科技,2025-10-28 09:56:03,4.2,44600,4.21,D
sz000100,TCL科技,2025-10-28 09:56:21,4.2,63300,4.21,D
sz000100,TCL科技,2025-10-28 09:56:24,4.2,69400,4.2,D
sz000100,TCL科技,2025-10-28 09:56:27,4.21,50000,4.2,U
sz000100,TCL科技,2025-10-28 09:56:30,4.21,57100,4.21,U
sz000100,TCL科技,2025-10-28 09:56:33,4.21,41100,4.21,U
sz000100,TCL科技,2025-10-28 09:56:57,4.21,43800,4.2,U
sz000100,TCL科技,2025-10-28 09:57:00,4.2,27500,4.21,D
sz000100,TCL科技,2025-10-28 09:57:27,4.21,38000,4.21,U
sz000100,TCL科技,2025-10-28 09:57:42,4.21,20800,4.21,U
sz000100,TCL科技,2025-10-28 09:57:57,4.2,96800,4.21,D
sz000100,TCL科技,2025-10-28 09:58:00,4.21,49100,4.2,U
sz000100,TCL科技,2025-10-28 09:58:06,4.2,72800,4.21,D
sz000100,TCL科技,2025-10-28 09:58:09,4.21,34400,4.2,U
sz000100,TCL科技,2025-10-28 09:58:24,4.2,32200,4.2,D
sz000100,TCL科技,2025-10-28 09:58:27,4.2,34100,4.2,D
sz000100,TCL科技,2025-10-28 09:58:36,4.21,26800,4.2,U
sz000100,TCL科技,2025-10-28 09:58:39,4.21,52600,4.21,U
sz000100,TCL科技,2025-10-28 09:58:42,4.2,48100,4.21,D
sz000100,TCL科技,2025-10-28 09:58:51,4.21,35100,4.2,U
sz000100,TCL科技,2025-10-28 09:59:00,4.2,83500,4.2,D
sz000100,TCL科技,2025-10-28 09:59:21,4.21,226900,4.2,U
sz000100,TCL科技,2025-10-28 09:59:39,4.2,20000,4.21,D
sz000100,TCL科技,2025-10-28 09:59:48,4.21,27200,4.21,U
sz000100,TCL科技,2025-10-28 09:59:51,4.21,21000,4.21,U
sz000100,TCL科技,2025-10-28 10:00:06,4.2,23700,4.2,D
sz000100,TCL科技,2025-10-28 10:00:09,4.2,32600,4.2,D
sz000100,TCL科技,2025-10-28 10:00:15,4.21,47300,4.2,U
sz000100,TCL科技,2025-10-28 10:00:18,4.21,43600,4.21,U
sz000100,TCL科技,2025-10-28 10:00:24,4.2,139800,4.21,D
sz000100,TCL科技,2025-10-28 10:00:36,4.21,260200,4.2,U
sz000100,TCL科技,2025-10-28 10:00:51,4.21,133300,4.21,U
sz000100,TCL科技,2025-10-28 10:01:03,4.2,29400,4.2,D
sz000100,TCL科技,2025-10-28 10:01:18,4.21,300200,4.2,U
sz000100,TCL科技,2025-10-28 10:01:21,4.21,36100,4.21,U
sz000100,TCL科技,2025-10-28 10:01:24,4.21,32200,4.21,U
sz000100,TCL科技,2025-10-28 10:01:45,4.21,34000,4.21,U
sz000100,TCL科技,2025-10-28 10:02:06,4.21,44700,4.2,U
sz000100,TCL科技,2025-10-28 10:02:12,4.2,51300,4.2,D
sz000100,TCL科技,2025-10-28 10:02:15,4.21,52400,4.2,U
sz000100,TCL科技,2025-10-28 10:02:18,4.21,22200,4.21,U
sz000100,TCL科技,2025-10-28 10:02:24,4.21,21300,4.2,U
sz000100,TCL科技,2025-10-28 10:02:42,4.21,245600,4.2,U
sz000100,TCL科技,2025-10-28 10:03:06,4.21,33800,4.21,U
sz000100,TCL科技,2025-10-28 10:03:15,4.21,46300,4.21,U
sz000100,TCL科技,2025-10-28 10:03:24,4.2,20900,4.2,D
sz000100,TCL科技,2025-10-28 10:03:42,4.21,27800,4.2,U
sz000100,TCL科技,2025-10-28 10:03:45,4.2,53800,4.21,D
sz000100,TCL科技,2025-10-28 10:03:51,4.21,28500,4.21,U
sz000100,TCL科技,2025-10-28 10:04:12,4.2,43300,4.21,D
sz000100,TCL科技,2025-10-28 10:04:24,4.21,20200,4.21,U
sz000100,TCL科技,2025-10-28 10:04:27,4.21,81000,4.21,U
sz000100,TCL科技,2025-10-28 10:04:30,4.21,32600,4.21,U
sz000100,TCL科技,2025-10-28 10:04:33,4.21,21200,4.21,U
sz000100,TCL科技,2025-10-28 10:04:42,4.2,24700,4.2,D
sz000100,TCL科技,2025-10-28 10:05:00,4.2,41600,4.2,D
sz000100,TCL科技,2025-10-28 10:05:09,4.2,20700,4.21,D
sz000100,TCL科技,2025-10-28 10:05:12,4.21,40600,4.2,U
sz000100,TCL科技,2025-10-28 10:05:15,4.2,371200,4.21,D
sz000100,TCL科技,2025-10-28 10:05:18,4.21,264000,4.2,U
sz000100,TCL科技,2025-10-28 10:05:21,4.2,38600,4.21,D
sz000100,TCL科技,2025-10-28 10:05:33,4.2,24300,4.2,D
sz000100,TCL科技,2025-10-28 10:05:36,4.2,29300,4.2,D
sz000100,TCL科技,2025-10-28 10:05:42,4.2,44300,4.2,D
sz000100,TCL科技,2025-10-28 10:06:09,4.21,27500,4.21,U
sz000100,TCL科技,2025-10-28 10:06:12,4.21,39900,4.21,U
sz000100,TCL科技,2025-10-28 10:06:42,4.21,31200,4.2,U
sz000100,TCL科技,2025-10-28 10:06:57,4.2,116500,4.21,D
sz000100,TCL科技,2025-10-28 10:07:03,4.2,58300,4.2,D
sz000100,TCL科技,2025-10-28 10:07:09,4.21,27900,4.21,U
sz000100,TCL科技,2025-10-28 10:07:27,4.21,1010200,4.2,U
sz000100,TCL科技,2025-10-28 10:07:30,4.21,41300,4.21,U
sz000100,TCL科技,2025-10-28 10:07:33,4.2,24200,4.21,D
sz000100,TCL科技,2025-10-28 10:07:36,4.21,1049200,4.2,U
sz000100,TCL科技,2025-10-28 10:07:39,4.2,1414300,4.21,D
sz000100,TCL科技,2025-10-28 10:07:42,4.21,288800,4.2,U
sz000100,TCL科技,2025-10-28 10:07:45,4.21,349500,4.21,U
sz000100,TCL科技,2025-10-28 10:07:48,4.2,183000,4.21,D
sz000100,TCL科技,2025-10-28 10:07:54,4.21,33600,4.21,U
sz000100,TCL科技,2025-10-28 10:08:00,4.21,1029000,4.21,U
sz000100,TCL科技,2025-10-28 10:08:03,4.21,181820,4.21,U
sz000100,TCL科技,2025-10-28 10:08:06,4.21,230900,4.21,D
sz000100,TCL科技,2025-10-28 10:08:09,4.22,158100,4.21,U
sz000100,TCL科技,2025-10-28 10:08:12,4.21,39300,4.22,D
sz000100,TCL科技,2025-10-28 10:08:18,4.22,65200,4.22,U
sz000100,TCL科技,2025-10-28 10:08:30,4.22,20500,4.21,U
sz000100,TCL科技,2025-10-28 10:08:39,4.22,68200,4.22,U
sz000100,TCL科技,2025-10-28 10:09:03,4.22,51900,4.22,U
sz000100,TCL科技,2025-10-28 10:09:06,4.22,48000,4.22,U
sz000100,TCL科技,2025-10-28 10:09:09,4.22,49700,4.22,U
sz000100,TCL科技,2025-10-28 10:09:30,4.21,32600,4.21,D
sz000100,TCL科技,2025-10-28 10:09:33,4.21,35500,4.21,D
sz000100,TCL科技,2025-10-28 10:09:36,4.22,138900,4.21,U
sz000100,TCL科技,2025-10-28 10:09:39,4.22,42100,4.22,U
sz000100,TCL科技,2025-10-28 10:09:42,4.21,23800,4.22,D
sz000100,TCL科技,2025-10-28 10:09:48,4.21,95200,4.21,D
sz000100,TCL科技,2025-10-28 10:09:54,4.21,22600,4.21,D
sz000100,TCL科技,2025-10-28 10:09:57,4.21,112700,4.21,D
sz000100,TCL科技,2025-10-28 10:10:00,4.21,42400,4.21,D
sz000100,TCL科技,2025-10-28 10:10:03,4.22,33300,4.21,U
sz000100,TCL科技,2025-10-28 10:10:09,4.21,44700,4.21,D
sz000100,TCL科技,2025-10-28 10:10:15,4.22,113600,4.21,U
sz000100,TCL科技,2025-10-28 10:10:18,4.21,20800,4.22,D
sz000100,TCL科技,2025-10-28 10:10:21,4.21,53200,4.21,D
sz000100,TCL科技,2025-10-28 10:10:30,4.22,44600,4.21,U
sz000100,TCL科技,2025-10-28 10:10:36,4.22,27200,4.21,U
sz000100,TCL科技,2025-10-28 10:10:39,4.22,31700,4.22,U
sz000100,TCL科技,2025-10-28 10:10:45,4.21,366000,4.22,D
sz000100,TCL科技,2025-10-28 10:10:51,4.21,276800,4.21,D
sz000100,TCL科技,2025-10-28 10:11:00,4.22,52500,4.21,U
sz000100,TCL科技,2025-10-28 10:11:03,4.21,506100,4.22,D
sz000100,TCL科技,2025-10-28 10:11:06,4.21,126600,4.21,D
sz000100,TCL科技,2025-10-28 10:11:12,4.21,204800,4.22,D
sz000100,TCL科技,2025-10-28 10:11:18,4.21,204400,4.21,D
sz000100,TCL科技,2025-10-28 10:11:21,4.21,35800,4.21,D
sz000100,TCL科技,2025-10-28 10:11:24,4.21,22900,4.21,D
sz000100,TCL科技,2025-10-28 10:11:33,4.21,1937600,4.22,D
sz000100,TCL科技,2025-10-28 10:11:36,4.21,139000,4.21,U
sz000100,TCL科技,2025-10-28 10:11:39,4.21,66500,4.21,U
sz000100,TCL科技,2025-10-28 10:11:57,4.21,30900,4.21,U
sz000100,TCL科技,2025-10-28 10:12:03,4.21,115000,4.2,U
sz000100,TCL科技,2025-10-28 10:12:15,4.21,496200,4.21,U
sz000100,TCL科技,2025-10-28 10:12:18,4.21,114050,4.21,U
sz000100,TCL科技,2025-10-28 10:12:21,4.22,58400,4.21,U
sz000100,TCL科技,2025-10-28 10:12:27,4.21,23100,4.21,D
sz000100,TCL科技,2025-10-28 10:12:33,4.22,200400,4.21,U
sz000100,TCL科技,2025-10-28 10:12:42,4.21,27200,4.22,D
sz000100,TCL科技,2025-10-28 10:12:45,4.21,23900,4.21,D
sz000100,TCL科技,2025-10-28 10:12:54,4.22,35100,4.22,U
sz000100,TCL科技,2025-10-28 10:12:57,4.22,56200,4.22,U
sz000100,TCL科技,2025-10-28 10:13:03,4.21,58300,4.21,D
sz000100,TCL科技,2025-10-28 10:13:09,4.21,174900,4.21,D
sz000100,TCL科技,2025-10-28 10:13:15,4.22,54300,4.21,U
sz000100,TCL科技,2025-10-28 10:13:18,4.21,58900,4.22,D
sz000100,TCL科技,2025-10-28 10:13:42,4.22,51800,4.22,U
sz000100,TCL科技,2025-10-28 10:13:45,4.22,23700,4.22,U
sz000100,TCL科技,2025-10-28 10:13:57,4.22,32900,4.21,U
sz000100,TCL科技,2025-10-28 10:14:06,4.22,110900,4.21,U
sz000100,TCL科技,2025-10-28 10:14:42,4.21,48000,4.21,D
sz000100,TCL科技,2025-10-28 10:14:57,4.21,20100,4.21,D
sz000100,TCL科技,2025-10-28 10:15:15,4.21,53300,4.21,D
sz000100,TCL科技,2025-10-28 10:15:21,4.21,21600,4.21,D
sz000100,TCL科技,2025-10-28 10:15:27,4.21,60010,4.22,D
sz000100,TCL科技,2025-10-28 10:15:33,4.22,22800,4.22,U
sz000100,TCL科技,2025-10-28 10:15:45,4.21,29400,4.22,D
sz000100,TCL科技,2025-10-28 10:15:48,4.21,20800,4.21,D
sz000100,TCL科技,2025-10-28 10:15:51,4.21,26500,4.21,D
sz000100,TCL科技,2025-10-28 10:15:54,4.22,34100,4.21,U
sz000100,TCL科技,2025-10-28 10:16:00,4.22,25200,4.22,U
sz000100,TCL科技,2025-10-28 10:16:03,4.21,44100,4.22,D
sz000100,TCL科技,2025-10-28 10:16:09,4.21,199100,4.21,D
sz000100,TCL科技,2025-10-28 10:16:12,4.21,21200,4.21,D
sz000100,TCL科技,2025-10-28 10:16:21,4.22,33300,4.21,U
sz000100,TCL科技,2025-10-28 10:16:24,4.21,36400,4.22,D
sz000100,TCL科技,2025-10-28 10:16:27,4.22,87100,4.21,U
sz000100,TCL科技,2025-10-28 10:16:30,4.21,77800,4.22,D
sz000100,TCL科技,2025-10-28 10:16:36,4.22,37300,4.22,U
sz000100,TCL科技,2025-10-28 10:16:45,4.22,32000,4.21,U
sz000100,TCL科技,2025-10-28 10:16:48,4.21,25500,4.22,D
sz000100,TCL科技,2025-10-28 10:16:51,4.22,78500,4.21,U
sz000100,TCL科技,2025-10-28 10:17:18,4.22,21200,4.22,U
sz000100,TCL科技,2025-10-28 10:17:21,4.22,31400,4.22,U
sz000100,TCL科技,2025-10-28 10:17:33,4.22,71600,4.22,U
sz000100,TCL科技,2025-10-28 10:17:48,4.21,73300,4.21,D
sz000100,TCL科技,2025-10-28 10:17:54,4.21,41100,4.22,D
sz000100,TCL科技,2025-10-28 10:18:18,4.21,180500,4.21,D
sz000100,TCL科技,2025-10-28 10:18:21,4.21,1263800,4.21,D
sz000100,TCL科技,2025-10-28 10:18:24,4.21,59200,4.21,D
sz000100,TCL科技,2025-10-28 10:18:39,4.21,53600,4.21,D
sz000100,TCL科技,2025-10-28 10:18:42,4.21,29900,4.21,D
sz000100,TCL科技,2025-10-28 10:18:48,4.21,124100,4.21,D
sz000100,TCL科技,2025-10-28 10:18:51,4.22,25600,4.21,U
sz000100,TCL科技,2025-10-28 10:18:57,4.21,26700,4.21,D
sz000100,TCL科技,2025-10-28 10:19:00,4.22,78700,4.21,U
sz000100,TCL科技,2025-10-28 10:19:03,4.21,1993800,4.22,D
sz000100,TCL科技,2025-10-28 10:19:15,4.2,32300,4.21,D
sz000100,TCL科技,2025-10-28 10:19:57,4.2,32600,4.21,D
sz000100,TCL科技,2025-10-28 10:20:21,4.2,28900,4.2,D
sz000100,TCL科技,2025-10-28 10:20:24,4.2,33700,4.2,D
sz000100,TCL科技,2025-10-28 10:20:30,4.2,551000,4.21,D
sz000100,TCL科技,2025-10-28 10:20:33,4.21,44200,4.2,U
sz000100,TCL科技,2025-10-28 10:20:51,4.2,363300,4.21,D
sz000100,TCL科技,2025-10-28 10:21:21,4.2,31200,4.2,D
sz000100,TCL科技,2025-10-28 10:22:03,4.21,53200,4.2,U
sz000100,TCL科技,2025-10-28 10:22:15,4.2,103500,4.2,D
sz000100,TCL科技,2025-10-28 10:22:24,4.2,33500,4.2,D
sz000100,TCL科技,2025-10-28 10:22:39,4.2,34100,4.21,D
sz000100,TCL科技,2025-10-28 10:24:15,4.2,27860,4.2,D
sz000100,TCL科技,2025-10-28 10:24:39,4.21,20100,4.2,U
sz000100,TCL科技,2025-10-28 10:25:03,4.2,20900,4.2,D
sz000100,TCL科技,2025-10-28 10:25:06,4.21,25400,4.2,U
sz000100,TCL科技,2025-10-28 10:25:24,4.2,46100,4.2,D
sz000100,TCL科技,2025-10-28 10:25:27,4.2,20000,4.2,D
sz000100,TCL科技,2025-10-28 10:26:27,4.21,26120,4.2,U
sz000100,TCL科技,2025-10-28 10:26:30,4.2,49700,4.21,D
sz000100,TCL科技,2025-10-28 10:27:18,4.2,22500,4.2,D
sz000100,TCL科技,2025-10-28 10:27:54,4.21,340400,4.2,U
sz000100,TCL科技,2025-10-28 10:28:00,4.21,28700,4.21,U
sz000100,TCL科技,2025-10-28 10:28:03,4.21,34600,4.21,U
sz000100,TCL科技,2025-10-28 10:28:06,4.21,21500,4.21,U
sz000100,TCL科技,2025-10-28 10:28:09,4.21,555900,4.21,U
sz000100,TCL科技,2025-10-28 10:28:21,4.21,22600,4.2,U
sz000100,TCL科技,2025-10-28 10:28:24,4.2,35300,4.21,D
sz000100,TCL科技,2025-10-28 10:28:42,4.2,38100,4.2,D
sz000100,TCL科技,2025-10-28 10:29:03,4.21,50900,4.2,U
sz000100,TCL科技,2025-10-28 10:29:12,4.2,49400,4.2,D
sz000100,TCL科技,2025-10-28 10:29:18,4.21,32700,4.2,U
sz000100,TCL科技,2025-10-28 10:29:21,4.21,33900,4.21,U
sz000100,TCL科技,2025-10-28 10:29:24,4.2,26000,4.21,D
sz000100,TCL科技,2025-10-28 10:29:33,4.21,24700,4.2,U
sz000100,TCL科技,2025-10-28 10:30:06,4.21,43400,4.21,U
sz000100,TCL科技,2025-10-28 10:30:15,4.21,582800,4.21,U
sz000100,TCL科技,2025-10-28 10:30:18,4.21,43200,4.21,U
sz000100,TCL科技,2025-10-28 10:30:21,4.21,33200,4.21,U
sz000100,TCL科技,2025-10-28 10:30:24,4.2,132500,4.21,D
sz000100,TCL科技,2025-10-28 10:30:39,4.21,623700,4.21,U
sz000100,TCL科技,2025-10-28 10:30:42,4.21,117600,4.21,U
sz000100,TCL科技,2025-10-28 10:30:45,4.21,214500,4.21,U
sz000100,TCL科技,2025-10-28 10:30:48,4.2,140800,4.21,D
sz000100,TCL科技,2025-10-28 10:31:00,4.21,30600,4.2,U
sz000100,TCL科技,2025-10-28 10:31:03,4.21,48900,4.21,U
sz000100,TCL科技,2025-10-28 10:31:06,4.21,273800,4.21,U
sz000100,TCL科技,2025-10-28 10:31:09,4.21,892700,4.21,U
sz000100,TCL科技,2025-10-28 10:31:12,4.2,145000,4.21,D
sz000100,TCL科技,2025-10-28 10:31:18,4.21,88000,4.2,U
sz000100,TCL科技,2025-10-28 10:31:21,4.21,310000,4.21,U
sz000100,TCL科技,2025-10-28 10:31:33,4.21,56600,4.21,U
sz000100,TCL科技,2025-10-28 10:31:54,4.21,238900,4.21,U
sz000100,TCL科技,2025-10-28 10:32:06,4.21,62400,4.21,U
sz000100,TCL科技,2025-10-28 10:32:42,4.2,21200,4.21,D
sz000100,TCL科技,2025-10-28 10:32:51,4.21,91500,4.21,U
sz000100,TCL科技,2025-10-28 10:33:42,4.21,262600,4.21,U
sz000100,TCL科技,2025-10-28 10:33:45,4.21,30100,4.21,U
sz000100,TCL科技,2025-10-28 10:33:54,4.21,58400,4.21,U
sz000100,TCL科技,2025-10-28 10:34:09,4.21,54000,4.2,U
sz000100,TCL科技,2025-10-28 10:34:24,4.21,104000,4.21,U
sz000100,TCL科技,2025-10-28 10:34:45,4.21,33500,4.21,U
sz000100,TCL科技,2025-10-28 10:35:03,4.21,22200,4.21,U
sz000100,TCL科技,2025-10-28 10:35:30,4.2,30100,4.2,D
sz000100,TCL科技,2025-10-28 10:35:39,4.2,21300,4.2,D
sz000100,TCL科技,2025-10-28 10:36:03,4.21,20000,4.2,U
sz000100,TCL科技,2025-10-28 10:38:09,4.2,51000,4.21,D
sz000100,TCL科技,2025-10-28 10:38:24,4.2,53300,4.2,D
sz000100,TCL科技,2025-10-28 10:38:27,4.2,38310,4.2,D
sz000100,TCL科技,2025-10-28 10:39:09,4.2,33600,4.2,D
sz000100,TCL科技,2025-10-28 10:39:57,4.2,20600,4.2,D
sz000100,TCL科技,2025-10-28 10:40:09,4.2,45900,4.2,D
sz000100,TCL科技,2025-10-28 10:40:12,4.2,31200,4.2,D
sz000100,TCL科技,2025-10-28 10:40:57,4.2,38600,4.2,D
sz000100,TCL科技,2025-10-28 10:41:18,4.2,56400,4.21,D
sz000100,TCL科技,2025-10-28 10:41:21,4.21,42900,4.2,U
sz000100,TCL科技,2025-10-28 10:41:48,4.2,36100,4.2,D
sz000100,TCL科技,2025-10-28 10:42:30,4.2,32900,4.2,D
sz000100,TCL科技,2025-10-28 10:42:51,4.21,20400,4.2,U
sz000100,TCL科技,2025-10-28 10:43:48,4.21,48800,4.21,U
sz000100,TCL科技,2025-10-28 10:43:57,4.2,30100,4.2,D
sz000100,TCL科技,2025-10-28 10:44:33,4.2,22000,4.2,D
sz000100,TCL科技,2025-10-28 10:44:39,4.21,300300,4.21,U
sz000100,TCL科技,2025-10-28 10:44:42,4.2,46200,4.21,D
sz000100,TCL科技,2025-10-28 10:45:39,4.2,50500,4.2,D
sz000100,TCL科技,2025-10-28 10:45:45,4.2,79100,4.2,D
sz000100,TCL科技,2025-10-28 10:46:12,4.21,517900,4.2,U
sz000100,TCL科技,2025-10-28 10:46:15,4.21,93500,4.21,U
sz000100,TCL科技,2025-10-28 10:46:51,4.21,507900,4.2,U
sz000100,TCL科技,2025-10-28 10:46:54,4.21,24800,4.21,U
sz000100,TCL科技,2025-10-28 10:47:00,4.2,24300,4.21,D
sz000100,TCL科技,2025-10-28 10:47:12,4.2,59600,4.2,D
sz000100,TCL科技,2025-10-28 10:47:24,4.2,20500,4.21,D
sz000100,TCL科技,2025-10-28 10:47:27,4.21,59400,4.2,U
sz000100,TCL科技,2025-10-28 10:47:33,4.21,20200,4.21,U
sz000100,TCL科技,2025-10-28 10:47:36,4.2,48800,4.21,D
sz000100,TCL科技,2025-10-28 10:48:09,4.2,43800,4.2,D
sz000100,TCL科技,2025-10-28 10:48:36,4.2,40800,4.21,D
sz000100,TCL科技,2025-10-28 10:48:45,4.2,22100,4.21,D
sz000100,TCL科技,2025-10-28 10:49:12,4.2,21300,4.2,D
sz000100,TCL科技,2025-10-28 10:49:39,4.21,105100,4.2,U
sz000100,TCL科技,2025-10-28 10:50:36,4.21,21400,4.2,U
sz000100,TCL科技,2025-10-28 10:50:42,4.21,27500,4.2,U
sz000100,TCL科技,2025-10-28 10:51:15,4.2,32500,4.2,D
sz000100,TCL科技,2025-10-28 10:51:18,4.21,21800,4.2,U
sz000100,TCL科技,2025-10-28 10:51:24,4.21,31700,4.2,U
sz000100,TCL科技,2025-10-28 10:51:57,4.21,54800,4.2,U
sz000100,TCL科技,2025-10-28 10:52:03,4.21,48200,4.2,U
sz000100,TCL科技,2025-10-28 10:52:15,4.21,32900,4.2,U
sz000100,TCL科技,2025-10-28 10:53:00,4.21,23400,4.2,U
sz000100,TCL科技,2025-10-28 10:53:45,4.2,21100,4.2,D
sz000100,TCL科技,2025-10-28 10:54:21,4.2,20600,4.2,D
sz000100,TCL科技,2025-10-28 10:54:24,4.2,103100,4.2,D
sz000100,TCL科技,2025-10-28 10:54:27,4.2,20400,4.2,D
sz000100,TCL科技,2025-10-28 10:54:42,4.2,49000,4.2,D
sz000100,TCL科技,2025-10-28 10:55:00,4.2,45800,4.2,D
sz000100,TCL科技,2025-10-28 10:55:12,4.2,23800,4.2,D
sz000100,TCL科技,2025-10-28 10:55:15,4.2,21600,4.2,D
sz000100,TCL科技,2025-10-28 10:55:36,4.21,21800,4.2,U
sz000100,TCL科技,2025-10-28 10:56:00,4.2,755100,4.21,D
sz000100,TCL科技,2025-10-28 10:56:09,4.21,22600,4.2,U
sz000100,TCL科技,2025-10-28 10:56:18,4.2,35400,4.2,D
sz000100,TCL科技,2025-10-28 10:56:21,4.21,37900,4.2,U
sz000100,TCL科技,2025-10-28 10:56:33,4.21,47900,4.2,U
sz000100,TCL科技,2025-10-28 10:56:42,4.2,73300,4.2,D
sz000100,TCL科技,2025-10-28 10:56:45,4.2,70200,4.2,D
sz000100,TCL科技,2025-10-28 10:56:51,4.21,33700,4.21,U
sz000100,TCL科技,2025-10-28 10:57:39,4.2,20800,4.21,D
sz000100,TCL科技,2025-10-28 10:57:54,4.2,107400,4.21,D
sz000100,TCL科技,2025-10-28 10:58:06,4.2,110600,4.2,D
sz000100,TCL科技,2025-10-28 10:58:09,4.2,185800,4.2,D
sz000100,TCL科技,2025-10-28 10:58:15,4.21,38400,4.21,U
sz000100,TCL科技,2025-10-28 10:59:15,4.2,49400,4.2,D
sz000100,TCL科技,2025-10-28 10:59:42,4.21,27400,4.21,U
sz000100,TCL科技,2025-10-28 10:59:51,4.21,21000,4.2,U
sz000100,TCL科技,2025-10-28 11:00:15,4.2,34700,4.2,D
sz000100,TCL科技,2025-10-28 11:00:45,4.2,24600,4.2,D
sz000100,TCL科技,2025-10-28 11:00:48,4.21,25400,4.2,U
sz000100,TCL科技,2025-10-28 11:00:51,4.2,105200,4.21,D
sz000100,TCL科技,2025-10-28 11:00:54,4.21,25200,4.2,U
sz000100,TCL科技,2025-10-28 11:01:09,4.2,20500,4.21,D
sz000100,TCL科技,2025-10-28 11:01:36,4.21,20700,4.2,U
sz000100,TCL科技,2025-10-28 11:01:39,4.21,20600,4.21,U
sz000100,TCL科技,2025-10-28 11:02:03,4.2,20900,4.2,D
sz000100,TCL科技,2025-10-28 11:02:09,4.2,32300,4.21,D
sz000100,TCL科技,2025-10-28 11:02:12,4.2,44400,4.2,D
sz000100,TCL科技,2025-10-28 11:02:15,4.2,27800,4.2,D
sz000100,TCL科技,2025-10-28 11:02:30,4.2,36700,4.2,D
sz000100,TCL科技,2025-10-28 11:02:33,4.21,67500,4.2,U
sz000100,TCL科技,2025-10-28 11:02:39,4.21,123200,4.21,U
sz000100,TCL科技,2025-10-28 11:02:45,4.21,23300,4.2,U
sz000100,TCL科技,2025-10-28 11:03:12,4.2,23900,4.2,D
sz000100,TCL科技,2025-10-28 11:03:21,4.2,23900,4.2,D
sz000100,TCL科技,2025-10-28 11:03:48,4.21,124300,4.21,U
sz000100,TCL科技,2025-10-28 11:03:54,4.21,85830,4.2,U
sz000100,TCL科技,2025-10-28 11:03:57,4.21,21600,4.21,U
sz000100,TCL科技,2025-10-28 11:04:00,4.21,72500,4.21,U
sz000100,TCL科技,2025-10-28 11:04:06,4.2,29800,4.2,D
sz000100,TCL科技,2025-10-28 11:04:12,4.2,21900,4.2,D
sz000100,TCL科技,2025-10-28 11:04:15,4.2,53200,4.2,D
sz000100,TCL科技,2025-10-28 11:04:18,4.21,39900,4.2,U
sz000100,TCL科技,2025-10-28 11:04:33,4.21,181800,4.21,U
sz000100,TCL科技,2025-10-28 11:04:36,4.21,123800,4.21,U
sz000100,TCL科技,2025-10-28 11:04:42,4.2,59900,4.2,D
sz000100,TCL科技,2025-10-28 11:05:27,4.2,103600,4.2,D
sz000100,TCL科技,2025-10-28 11:05:30,4.2,44500,4.2,D
sz000100,TCL科技,2025-10-28 11:05:36,4.2,53400,4.2,D
sz000100,TCL科技,2025-10-28 11:05:42,4.2,46800,4.2,D
sz000100,TCL科技,2025-10-28 11:06:03,4.2,25800,4.2,D
sz000100,TCL科技,2025-10-28 11:06:18,4.21,27330,4.21,U
sz000100,TCL科技,2025-10-28 11:06:21,4.21,69900,4.21,U
sz000100,TCL科技,2025-10-28 11:06:39,4.2,36200,4.21,D
sz000100,TCL科技,2025-10-28 11:06:48,4.2,36500,4.21,D
sz000100,TCL科技,2025-10-28 11:07:09,4.21,28400,4.21,U
sz000100,TCL科技,2025-10-28 11:07:12,4.21,29600,4.21,U
sz000100,TCL科技,2025-10-28 11:07:15,4.21,40400,4.21,U
sz000100,TCL科技,2025-10-28 11:07:18,4.21,259400,4.21,U
sz000100,TCL科技,2025-10-28 11:07:21,4.21,3279200,4.21,U
sz000100,TCL科技,2025-10-28 11:07:24,4.21,780900,4.21,U
sz000100,TCL科技,2025-10-28 11:07:27,4.21,132500,4.21,U
sz000100,TCL科技,2025-10-28 11:07:30,4.21,92500,4.21,U
sz000100,TCL科技,2025-10-28 11:07:33,4.21,82400,4.21,U
sz000100,TCL科技,2025-10-28 11:07:36,4.2,22200,4.21,D
sz000100,TCL科技,2025-10-28 11:07:39,4.21,50000,4.2,U
sz000100,TCL科技,2025-10-28 11:07:45,4.21,54900,4.21,U
sz000100,TCL科技,2025-10-28 11:07:48,4.21,56200,4.21,U
sz000100,TCL科技,2025-10-28 11:07:51,4.21,56000,4.21,U
sz000100,TCL科技,2025-10-28 11:07:54,4.21,28700,4.21,U
sz000100,TCL科技,2025-10-28 11:08:09,4.2,22900,4.21,D
sz000100,TCL科技,2025-10-28 11:08:12,4.2,33500,4.2,D
sz000100,TCL科技,2025-10-28 11:08:15,4.21,352200,4.2,U
sz000100,TCL科技,2025-10-28 11:08:18,4.21,49400,4.21,U
sz000100,TCL科技,2025-10-28 11:08:27,4.21,24800,4.2,U
sz000100,TCL科技,2025-10-28 11:08:30,4.21,26900,4.21,U
sz000100,TCL科技,2025-10-28 11:08:39,4.21,48400,4.21,U
sz000100,TCL科技,2025-10-28 11:08:42,4.21,1125600,4.21,U
sz000100,TCL科技,2025-10-28 11:08:45,4.21,85000,4.21,U
sz000100,TCL科技,2025-10-28 11:08:51,4.21,1141650,4.21,U
sz000100,TCL科技,2025-10-28 11:09:00,4.22,20700,4.21,U
sz000100,TCL科技,2025-10-28 11:09:03,4.21,76400,4.22,D
sz000100,TCL科技,2025-10-28 11:09:06,4.21,23700,4.21,D
sz000100,TCL科技,2025-10-28 11:09:15,4.21,45400,4.21,D
sz000100,TCL科技,2025-10-28 11:09:18,4.21,107200,4.21,D
sz000100,TCL科技,2025-10-28 11:09:21,4.21,96400,4.21,D
sz000100,TCL科技,2025-10-28 11:09:24,4.22,27300,4.21,U
sz000100,TCL科技,2025-10-28 11:09:42,4.22,55000,4.21,U
sz000100,TCL科技,2025-10-28 11:09:45,4.21,47100,4.22,D
sz000100,TCL科技,2025-10-28 11:09:48,4.22,33500,4.21,U
sz000100,TCL科技,2025-10-28 11:09:51,4.22,28000,4.22,U
sz000100,TCL科技,2025-10-28 11:09:57,4.22,180500,4.21,U
sz000100,TCL科技,2025-10-28 11:10:15,4.22,103000,4.21,U
sz000100,TCL科技,2025-10-28 11:10:18,4.21,44100,4.22,D
sz000100,TCL科技,2025-10-28 11:10:42,4.22,23700,4.21,U
sz000100,TCL科技,2025-10-28 11:10:45,4.21,65500,4.22,D
sz000100,TCL科技,2025-10-28 11:10:48,4.21,56500,4.21,D
sz000100,TCL科技,2025-10-28 11:10:51,4.21,56000,4.21,D
sz000100,TCL科技,2025-10-28 11:10:54,4.21,112900,4.21,D
sz000100,TCL科技,2025-10-28 11:11:09,4.21,22600,4.22,D
sz000100,TCL科技,2025-10-28 11:11:24,4.21,506300,4.22,D
sz000100,TCL科技,2025-10-28 11:11:33,4.21,525800,4.22,D
sz000100,TCL科技,2025-10-28 11:11:42,4.22,213200,4.22,U
sz000100,TCL科技,2025-10-28 11:11:51,4.22,38100,4.21,U
sz000100,TCL科技,2025-10-28 11:11:57,4.22,22900,4.21,U
sz000100,TCL科技,2025-10-28 11:12:21,4.22,136800,4.21,U
sz000100,TCL科技,2025-10-28 11:12:42,4.21,26700,4.21,D
sz000100,TCL科技,2025-10-28 11:12:45,4.21,257100,4.21,D
sz000100,TCL科技,2025-10-28 11:12:48,4.22,24200,4.21,U
sz000100,TCL科技,2025-10-28 11:12:51,4.21,1171800,4.22,D
sz000100,TCL科技,2025-10-28 11:12:54,4.21,67900,4.21,D
sz000100,TCL科技,2025-10-28 11:12:57,4.21,21300,4.21,D
sz000100,TCL科技,2025-10-28 11:13:03,4.21,2164400,4.21,D
sz000100,TCL科技,2025-10-28 11:13:18,4.21,20400,4.21,U
sz000100,TCL科技,2025-10-28 11:13:21,4.21,62500,4.21,U
sz000100,TCL科技,2025-10-28 11:13:24,4.21,34300,4.21,U
sz000100,TCL科技,2025-10-28 11:13:27,4.21,37500,4.21,U
sz000100,TCL科技,2025-10-28 11:13:33,4.21,21400,4.21,U
sz000100,TCL科技,2025-10-28 11:13:36,4.21,37500,4.21,U
sz000100,TCL科技,2025-10-28 11:13:48,4.21,26500,4.2,U
sz000100,TCL科技,2025-10-28 11:13:51,4.21,77500,4.21,U
sz000100,TCL科技,2025-10-28 11:13:54,4.2,24600,4.21,D
sz000100,TCL科技,2025-10-28 11:14:03,4.2,66800,4.2,D
sz000100,TCL科技,2025-10-28 11:14:06,4.2,256400,4.2,D
sz000100,TCL科技,2025-10-28 11:14:09,4.21,378400,4.2,U
sz000100,TCL科技,2025-10-28 11:14:12,4.21,42100,4.21,D
sz000100,TCL科技,2025-10-28 11:14:18,4.21,31700,4.21,D
sz000100,TCL科技,2025-10-28 11:14:21,4.21,35000,4.21,D
sz000100,TCL科技,2025-10-28 11:14:33,4.21,36900,4.21,D
sz000100,TCL科技,2025-10-28 11:14:36,4.21,39700,4.21,D
sz000100,TCL科技,2025-10-28 11:14:39,4.2,22000,4.21,D
sz000100,TCL科技,2025-10-28 11:14:45,4.21,29400,4.21,U
sz000100,TCL科技,2025-10-28 11:15:03,4.2,36300,4.21,D
sz000100,TCL科技,2025-10-28 11:15:12,4.2,38100,4.2,D
sz000100,TCL科技,2025-10-28 11:15:18,4.2,103200,4.21,D
sz000100,TCL科技,2025-10-28 11:15:36,4.2,65400,4.21,D
sz000100,TCL科技,2025-10-28 11:15:39,4.2,25400,4.2,D
sz000100,TCL科技,2025-10-28 11:16:00,4.2,34200,4.21,D
sz000100,TCL科技,2025-10-28 11:16:06,4.2,46800,4.2,D
sz000100,TCL科技,2025-10-28 11:16:21,4.2,26600,4.2,D
sz000100,TCL科技,2025-10-28 11:16:24,4.2,20200,4.2,D
sz000100,TCL科技,2025-10-28 11:16:33,4.21,30400,4.2,U
sz000100,TCL科技,2025-10-28 11:16:36,4.21,70700,4.21,U
sz000100,TCL科技,2025-10-28 11:16:42,4.2,21700,4.21,D
sz000100,TCL科技,2025-10-28 11:16:48,4.21,262300,4.21,U
sz000100,TCL科技,2025-10-28 11:16:54,4.2,65200,4.2,D
sz000100,TCL科技,2025-10-28 11:17:00,4.21,41800,4.2,U
sz000100,TCL科技,2025-10-28 11:17:03,4.21,1138700,4.21,U
sz000100,TCL科技,2025-10-28 11:17:12,4.22,27700,4.21,U
sz000100,TCL科技,2025-10-28 11:17:15,4.21,25800,4.22,D
sz000100,TCL科技,2025-10-28 11:17:24,4.22,21000,4.21,U
sz000100,TCL科技,2025-10-28 11:17:30,4.22,21500,4.21,U
sz000100,TCL科技,2025-10-28 11:17:45,4.22,26400,4.21,U
sz000100,TCL科技,2025-10-28 11:17:54,4.22,126700,4.21,U
sz000100,TCL科技,2025-10-28 11:18:00,4.22,32600,4.22,U
sz000100,TCL科技,2025-10-28 11:18:03,4.21,45900,4.22,D
sz000100,TCL科技,2025-10-28 11:18:09,4.22,42300,4.22,U
sz000100,TCL科技,2025-10-28 11:18:12,4.21,21300,4.22,D
sz000100,TCL科技,2025-10-28 11:18:15,4.21,248400,4.21,D
sz000100,TCL科技,2025-10-28 11:18:18,4.22,34200,4.21,U
sz000100,TCL科技,2025-10-28 11:18:21,4.22,27900,4.22,U
sz000100,TCL科技,2025-10-28 11:18:27,4.21,24200,4.22,D
sz000100,TCL科技,2025-10-28 11:18:30,4.21,28300,4.21,D
sz000100,TCL科技,2025-10-28 11:18:33,4.22,33400,4.21,U
sz000100,TCL科技,2025-10-28 11:18:36,4.22,48100,4.22,U
sz000100,TCL科技,2025-10-28 11:18:39,4.21,21400,4.22,D
sz000100,TCL科技,2025-10-28 11:18:48,4.22,50200,4.21,U
sz000100,TCL科技,2025-10-28 11:18:54,4.21,32000,4.22,D
sz000100,TCL科技,2025-10-28 11:19:03,4.22,22000,4.21,U
sz000100,TCL科技,2025-10-28 11:19:09,4.21,27300,4.21,D
sz000100,TCL科技,2025-10-28 11:19:12,4.22,32700,4.21,U
sz000100,TCL科技,2025-10-28 11:19:15,4.22,34900,4.22,U
sz000100,TCL科技,2025-10-28 11:19:18,4.21,56400,4.22,D
sz000100,TCL科技,2025-10-28 11:19:27,4.22,70900,4.22,U
sz000100,TCL科技,2025-10-28 11:19:30,4.22,41800,4.22,U
sz000100,TCL科技,2025-10-28 11:19:36,4.22,23500,4.21,U
sz000100,TCL科技,2025-10-28 11:19:39,4.21,26300,4.22,D
sz000100,TCL科技,2025-10-28 11:19:45,4.21,50000,4.21,D
sz000100,TCL科技,2025-10-28 11:19:48,4.21,21200,4.21,D
sz000100,TCL科技,2025-10-28 11:19:54,4.22,41400,4.22,U
sz000100,TCL科技,2025-10-28 11:20:03,4.22,33100,4.21,U
sz000100,TCL科技,2025-10-28 11:20:12,4.21,25700,4.21,D
sz000100,TCL科技,2025-10-28 11:20:18,4.21,32400,4.21,D
sz000100,TCL科技,2025-10-28 11:20:21,4.22,26600,4.21,U
sz000100,TCL科技,2025-10-28 11:20:30,4.21,25100,4.21,D
sz000100,TCL科技,2025-10-28 11:20:54,4.21,32200,4.21,D
sz000100,TCL科技,2025-10-28 11:21:00,4.22,150700,4.22,U
sz000100,TCL科技,2025-10-28 11:21:06,4.2,1343660,4.21,D
sz000100,TCL科技,2025-10-28 11:21:09,4.2,22700,4.2,D
sz000100,TCL科技,2025-10-28 11:21:12,4.2,22900,4.2,D
sz000100,TCL科技,2025-10-28 11:21:21,4.21,124700,4.21,U
sz000100,TCL科技,2025-10-28 11:21:24,4.21,125300,4.21,U
sz000100,TCL科技,2025-10-28 11:21:33,4.22,23500,4.21,U
sz000100,TCL科技,2025-10-28 11:21:45,4.21,121400,4.21,D
sz000100,TCL科技,2025-10-28 11:21:51,4.21,97000,4.21,U
sz000100,TCL科技,2025-10-28 11:21:54,4.21,44600,4.21,U
sz000100,TCL科技,2025-10-28 11:22:06,4.21,25100,4.2,U
sz000100,TCL科技,2025-10-28 11:22:27,4.21,61600,4.2,U
sz000100,TCL科技,2025-10-28 11:22:33,4.22,33800,4.2,U
sz000100,TCL科技,2025-10-28 11:22:36,4.2,30740,4.22,D
sz000100,TCL科技,2025-10-28 11:22:42,4.21,95600,4.21,D
sz000100,TCL科技,2025-10-28 11:22:45,4.22,20700,4.21,U
sz000100,TCL科技,2025-10-28 11:22:48,4.22,30300,4.22,U
sz000100,TCL科技,2025-10-28 11:22:54,4.22,87400,4.21,U
sz000100,TCL科技,2025-10-28 11:22:57,4.21,32700,4.22,D
sz000100,TCL科技,2025-10-28 11:23:06,4.22,25400,4.21,U
sz000100,TCL科技,2025-10-28 11:23:12,4.2,29900,4.21,D
sz000100,TCL科技,2025-10-28 11:23:15,4.21,20700,4.2,U
sz000100,TCL科技,2025-10-28 11:23:24,4.21,54900,4.21,U
sz000100,TCL科技,2025-10-28 11:23:45,4.21,25900,4.2,U
sz000100,TCL科技,2025-10-28 11:24:15,4.21,135500,4.21,U
sz000100,TCL科技,2025-10-28 11:24:24,4.21,27500,4.2,U
sz000100,TCL科技,2025-10-28 11:24:30,4.2,21900,4.21,D
sz000100,TCL科技,2025-10-28 11:24:48,4.21,427700,4.21,U
sz000100,TCL科技,2025-10-28 11:24:51,4.21,27700,4.21,U
sz000100,TCL科技,2025-10-28 11:24:54,4.2,123100,4.21,D
sz000100,TCL科技,2025-10-28 11:25:00,4.21,35800,4.2,U
sz000100,TCL科技,2025-10-28 11:25:03,4.21,95240,4.21,U
sz000100,TCL科技,2025-10-28 11:25:12,4.2,21300,4.21,D
sz000100,TCL科技,2025-10-28 11:25:15,4.22,443700,4.2,U
sz000100,TCL科技,2025-10-28 11:25:18,4.21,22600,4.22,D
sz000100,TCL科技,2025-10-28 11:25:33,4.21,27700,4.21,D
sz000100,TCL科技,2025-10-28 11:25:45,4.21,110030,4.22,D
sz000100,TCL科技,2025-10-28 11:26:03,4.21,48300,4.22,D
sz000100,TCL科技,2025-10-28 11:26:06,4.21,41700,4.21,D
sz000100,TCL科技,2025-10-28 11:26:12,4.22,54700,4.21,U
sz000100,TCL科技,2025-10-28 11:26:21,4.21,33000,4.21,D
sz000100,TCL科技,2025-10-28 11:26:24,4.22,26570,4.21,U
sz000100,TCL科技,2025-10-28 11:26:36,4.21,32500,4.21,D
sz000100,TCL科技,2025-10-28 11:26:39,4.21,21700,4.21,D
sz000100,TCL科技,2025-10-28 11:26:51,4.22,38600,4.21,U
sz000100,TCL科技,2025-10-28 11:26:54,4.21,91300,4.22,D
sz000100,TCL科技,2025-10-28 11:27:00,4.22,27600,4.22,U
sz000100,TCL科技,2025-10-28 11:27:15,4.21,20600,4.21,D
sz000100,TCL科技,2025-10-28 11:27:18,4.22,28400,4.21,U
sz000100,TCL科技,2025-10-28 11:27:24,4.22,26000,4.21,U
sz000100,TCL科技,2025-10-28 11:27:36,4.22,21700,4.22,U
sz000100,TCL科技,2025-10-28 11:27:48,4.22,54800,4.22,U
sz000100,TCL科技,2025-10-28 11:28:12,4.22,20600,4.21,U
sz000100,TCL科技,2025-10-28 11:28:21,4.22,34700,4.22,U
sz000100,TCL科技,2025-10-28 11:28:24,4.21,38100,4.22,D
sz000100,TCL科技,2025-10-28 11:28:27,4.21,126700,4.21,D
sz000100,TCL科技,2025-10-28 11:28:30,4.22,27700,4.21,U
sz000100,TCL科技,2025-10-28 11:28:33,4.21,37000,4.22,D
sz000100,TCL科技,2025-10-28 11:28:36,4.21,68000,4.21,D
sz000100,TCL科技,2025-10-28 11:28:42,4.21,27900,4.22,D
sz000100,TCL科技,2025-10-28 11:28:45,4.21,22100,4.21,D
sz000100,TCL科技,2025-10-28 11:29:03,4.21,27100,4.21,D
sz000100,TCL科技,2025-10-28 11:29:06,4.22,23000,4.21,U
sz000100,TCL科技,2025-10-28 11:29:09,4.21,66300,4.22,D
sz000100,TCL科技,2025-10-28 11:29:21,4.22,80500,4.22,U
sz000100,TCL科技,2025-10-28 11:29:30,4.22,57900,4.22,U
sz000100,TCL科技,2025-10-28 11:29:57,4.21,30000,4.22,D
