symbol,name,ticktime,price,volume,prev_price,kind
sz000100,TCL科技,2025-10-22 09:25:00,4.16,4109700,0.0,U
sz000100,TCL科技,2025-10-22 09:30:00,4.16,150100,4.16,U
sz000100,TCL科技,2025-10-22 09:30:03,4.14,2592500,4.16,D
sz000100,TCL科技,2025-10-22 09:30:06,4.15,320900,4.14,U
sz000100,TCL科技,2025-10-22 09:30:09,4.15,51600,4.15,U
sz000100,TCL科技,2025-10-22 09:30:18,4.15,24400,4.14,U
sz000100,TCL科技,2025-10-22 09:30:21,4.15,48700,4.15,U
sz000100,TCL科技,2025-10-22 09:30:24,4.15,108400,4.15,U
sz000100,TCL科技,2025-10-22 09:30:27,4.15,41300,4.15,U
sz000100,TCL科技,2025-10-22 09:30:33,4.14,232300,4.14,D
sz000100,TCL科技,2025-10-22 09:30:36,4.15,62000,4.14,U
sz000100,TCL科技,2025-10-22 09:30:45,4.14,47000,4.14,D
sz000100,TCL科技,2025-10-22 09:30:48,4.15,20200,4.14,U
sz000100,TCL科技,2025-10-22 09:30:54,4.15,79200,4.14,U
sz000100,TCL科技,2025-10-22 09:30:57,4.14,35700,4.15,D
sz000100,TCL科技,2025-10-22 09:31:00,4.14,123700,4.14,D
sz000100,TCL科技,2025-10-22 09:31:03,4.15,43600,4.14,U
sz000100,TCL科技,2025-10-22 09:31:06,4.14,34400,4.15,D
sz000100,TCL科技,2025-10-22 09:31:12,4.14,138000,4.14,D
sz000100,TCL科技,2025-10-22 09:31:21,4.15,24300,4.14,U
sz000100,TCL科技,2025-10-22 09:31:33,4.15,20300,4.14,U
sz000100,TCL科技,2025-10-22 09:31:36,4.15,42300,4.15,U
sz000100,TCL科技,2025-10-22 09:31:39,4.14,52800,4.15,D
sz000100,TCL科技,2025-10-22 09:31:42,4.15,22700,4.14,U
sz000100,TCL科技,2025-10-22 09:31:45,4.15,60600,4.15,U
sz000100,TCL科技,2025-10-22 09:31:48,4.15,128000,4.15,U
sz000100,TCL科技,2025-10-22 09:31:51,4.15,30600,4.15,U
sz000100,TCL科技,2025-10-22 09:31:57,4.15,221000,4.15,U
sz000100,TCL科技,2025-10-22 09:32:00,4.14,79200,4.15,D
sz000100,TCL科技,2025-10-22 09:32:03,4.14,53500,4.14,D
sz000100,TCL科技,2025-10-22 09:32:06,4.15,21300,4.14,U
sz000100,TCL科技,2025-10-22 09:32:09,4.14,90700,4.15,D
sz000100,TCL科技,2025-10-22 09:32:12,4.15,77700,4.14,U
sz000100,TCL科技,2025-10-22 09:32:15,4.14,1537600,4.15,D
sz000100,TCL科技,2025-10-22 09:32:18,4.15,189996,4.14,U
sz000100,TCL科技,2025-10-22 09:32:21,4.15,221404,4.15,D
sz000100,TCL科技,2025-10-22 09:32:24,4.15,134000,4.15,U
sz000100,TCL科技,2025-10-22 09:32:30,4.15,20900,4.15,U
sz000100,TCL科技,2025-10-22 09:32:33,4.15,44700,4.15,U
sz000100,TCL科技,2025-10-22 09:32:36,4.15,55400,4.15,U
sz000100,TCL科技,2025-10-22 09:32:39,4.15,139920,4.15,U
sz000100,TCL科技,2025-10-22 09:32:42,4.15,143500,4.15,U
sz000100,TCL科技,2025-10-22 09:32:45,4.14,26000,4.15,D
sz000100,TCL科技,2025-10-22 09:32:48,4.15,47400,4.14,U
sz000100,TCL科技,2025-10-22 09:32:51,4.15,35100,4.15,D
sz000100,TCL科技,2025-10-22 09:32:54,4.15,53500,4.15,D
sz000100,TCL科技,2025-10-22 09:32:57,4.15,24010,4.15,D
sz000100,TCL科技,2025-10-22 09:33:00,4.15,27800,4.15,D
sz000100,TCL科技,2025-10-22 09:33:09,4.16,25500,4.16,U
sz000100,TCL科技,2025-10-22 09:33:27,4.16,40000,4.15,U
sz000100,TCL科技,2025-10-22 09:33:42,4.15,146000,4.15,D
sz000100,TCL科技,2025-10-22 09:33:48,4.15,52400,4.16,D
sz000100,TCL科技,2025-10-22 09:33:57,4.15,22500,4.15,D
sz000100,TCL科技,2025-10-22 09:34:00,4.15,31730,4.15,D
sz000100,TCL科技,2025-10-22 09:34:06,4.15,29700,4.15,D
sz000100,TCL科技,2025-10-22 09:34:09,4.15,20200,4.15,D
sz000100,TCL科技,2025-10-22 09:34:12,4.15,38700,4.15,D
sz000100,TCL科技,2025-10-22 09:34:24,4.15,33850,4.15,D
sz000100,TCL科技,2025-10-22 09:34:27,4.16,123100,4.15,U
sz000100,TCL科技,2025-10-22 09:34:30,4.15,112400,4.16,D
sz000100,TCL科技,2025-10-22 09:34:36,4.15,117600,4.15,D
sz000100,TCL科技,2025-10-22 09:34:39,4.15,26000,4.15,D
sz000100,TCL科技,2025-10-22 09:34:42,4.16,50800,4.15,U
sz000100,TCL科技,2025-10-22 09:34:51,4.15,26600,4.15,D
sz000100,TCL科技,2025-10-22 09:34:54,4.15,30500,4.15,D
sz000100,TCL科技,2025-10-22 09:34:57,4.16,22600,4.15,U
sz000100,TCL科技,2025-10-22 09:35:00,4.15,54400,4.16,D
sz000100,TCL科技,2025-10-22 09:35:03,4.16,29700,4.15,U
sz000100,TCL科技,2025-10-22 09:35:27,4.15,33100,4.15,D
sz000100,TCL科技,2025-10-22 09:35:30,4.15,140500,4.15,D
sz000100,TCL科技,2025-10-22 09:35:36,4.15,62000,4.16,D
sz000100,TCL科技,2025-10-22 09:35:48,4.16,177200,4.15,U
sz000100,TCL科技,2025-10-22 09:35:51,4.16,62000,4.16,U
sz000100,TCL科技,2025-10-22 09:35:57,4.15,158900,4.15,D
sz000100,TCL科技,2025-10-22 09:36:09,4.16,36100,4.15,U
sz000100,TCL科技,2025-10-22 09:36:24,4.15,33500,4.16,D
sz000100,TCL科技,2025-10-22 09:36:27,4.16,21200,4.15,U
sz000100,TCL科技,2025-10-22 09:36:39,4.16,25200,4.15,U
sz000100,TCL科技,2025-10-22 09:36:54,4.16,23300,4.16,U
sz000100,TCL科技,2025-10-22 09:36:57,4.16,83200,4.16,U
sz000100,TCL科技,2025-10-22 09:37:00,4.15,89700,4.16,D
sz000100,TCL科技,2025-10-22 09:37:15,4.15,294700,4.15,D
sz000100,TCL科技,2025-10-22 09:37:18,4.15,156100,4.15,D
sz000100,TCL科技,2025-10-22 09:37:21,4.16,610200,4.15,U
sz000100,TCL科技,2025-10-22 09:37:24,4.15,207900,4.16,D
sz000100,TCL科技,2025-10-22 09:37:27,4.15,2409090,4.15,D
sz000100,TCL科技,2025-10-22 09:37:30,4.15,181900,4.15,U
sz000100,TCL科技,2025-10-22 09:37:33,4.15,168300,4.15,U
sz000100,TCL科技,2025-10-22 09:37:45,4.14,21600,4.15,D
sz000100,TCL科技,2025-10-22 09:37:51,4.15,34900,4.14,U
sz000100,TCL科技,2025-10-22 09:37:54,4.14,39600,4.15,D
sz000100,TCL科技,2025-10-22 09:38:00,4.14,21500,4.15,D
sz000100,TCL科技,2025-10-22 09:38:06,4.15,59300,4.15,U
sz000100,TCL科技,2025-10-22 09:38:09,4.15,56400,4.15,U
sz000100,TCL科技,2025-10-22 09:38:12,4.14,81900,4.15,D
sz000100,TCL科技,2025-10-22 09:38:15,4.15,200000,4.14,U
sz000100,TCL科技,2025-10-22 09:38:18,4.15,28900,4.15,U
sz000100,TCL科技,2025-10-22 09:38:21,4.14,49200,4.15,D
sz000100,TCL科技,2025-10-22 09:38:24,4.14,29000,4.14,D
sz000100,TCL科技,2025-10-22 09:38:30,4.15,22000,4.14,U
sz000100,TCL科技,2025-10-22 09:38:33,4.14,27600,4.15,D
sz000100,TCL科技,2025-10-22 09:38:51,4.14,27400,4.15,D
sz000100,TCL科技,2025-10-22 09:38:54,4.15,31000,4.14,U
sz000100,TCL科技,2025-10-22 09:39:03,4.15,62800,4.15,U
sz000100,TCL科技,2025-10-22 09:39:12,4.15,35900,4.14,U
sz000100,TCL科技,2025-10-22 09:39:18,4.14,121600,4.14,D
sz000100,TCL科技,2025-10-22 09:39:21,4.14,49100,4.14,D
sz000100,TCL科技,2025-10-22 09:39:30,4.15,54700,4.14,U
sz000100,TCL科技,2025-10-22 09:39:33,4.15,261900,4.15,U
sz000100,TCL科技,2025-10-22 09:39:36,4.15,25000,4.15,U
sz000100,TCL科技,2025-10-22 09:39:39,4.14,140800,4.15,D
sz000100,TCL科技,2025-10-22 09:39:45,4.15,56400,4.14,U
sz000100,TCL科技,2025-10-22 09:39:48,4.15,26200,4.15,U
sz000100,TCL科技,2025-10-22 09:39:54,4.14,131700,4.14,D
sz000100,TCL科技,2025-10-22 09:39:57,4.14,59600,4.14,D
sz000100,TCL科技,2025-10-22 09:40:00,4.15,39500,4.14,U
sz000100,TCL科技,2025-10-22 09:40:06,4.14,52800,4.15,D
sz000100,TCL科技,2025-10-22 09:40:09,4.15,268200,4.14,U
sz000100,TCL科技,2025-10-22 09:40:12,4.15,283700,4.15,U
sz000100,TCL科技,2025-10-22 09:40:15,4.14,198700,4.15,D
sz000100,TCL科技,2025-10-22 09:40:21,4.14,173100,4.15,D
sz000100,TCL科技,2025-10-22 09:40:24,4.15,87800,4.14,U
sz000100,TCL科技,2025-10-22 09:40:27,4.14,34500,4.15,D
sz000100,TCL科技,2025-10-22 09:40:33,4.14,373700,4.14,D
sz000100,TCL科技,2025-10-22 09:40:42,4.14,118400,4.15,D
sz000100,TCL科技,2025-10-22 09:40:45,4.14,71300,4.14,D
sz000100,TCL科技,2025-10-22 09:40:48,4.14,251300,4.14,D
sz000100,TCL科技,2025-10-22 09:41:00,4.14,27600,4.14,D
sz000100,TCL科技,2025-10-22 09:41:09,4.14,34800,4.14,D
sz000100,TCL科技,2025-10-22 09:41:21,4.14,53300,4.15,D
sz000100,TCL科技,2025-10-22 09:41:33,4.15,255800,4.14,U
sz000100,TCL科技,2025-10-22 09:41:36,4.15,27800,4.15,U
sz000100,TCL科技,2025-10-22 09:41:39,4.14,49900,4.15,D
sz000100,TCL科技,2025-10-22 09:41:42,4.14,27100,4.14,D
sz000100,TCL科技,2025-10-22 09:41:45,4.14,25700,4.14,D
sz000100,TCL科技,2025-10-22 09:41:48,4.15,52200,4.14,U
sz000100,TCL科技,2025-10-22 09:41:51,4.14,38200,4.15,D
sz000100,TCL科技,2025-10-22 09:41:54,4.14,42900,4.14,D
sz000100,TCL科技,2025-10-22 09:42:09,4.15,1140100,4.15,U
sz000100,TCL科技,2025-10-22 09:42:12,4.14,110100,4.15,D
sz000100,TCL科技,2025-10-22 09:42:15,4.14,41200,4.14,D
sz000100,TCL科技,2025-10-22 09:42:18,4.15,86120,4.14,U
sz000100,TCL科技,2025-10-22 09:42:24,4.15,50700,4.14,U
sz000100,TCL科技,2025-10-22 09:42:27,4.14,416600,4.15,D
sz000100,TCL科技,2025-10-22 09:42:33,4.15,28900,4.15,U
sz000100,TCL科技,2025-10-22 09:42:36,4.14,40300,4.15,D
sz000100,TCL科技,2025-10-22 09:42:42,4.14,88200,4.14,D
sz000100,TCL科技,2025-10-22 09:42:51,4.14,42800,4.15,D
sz000100,TCL科技,2025-10-22 09:42:54,4.14,56900,4.14,D
sz000100,TCL科技,2025-10-22 09:42:57,4.15,37800,4.14,U
sz000100,TCL科技,2025-10-22 09:43:00,4.15,368600,4.15,U
sz000100,TCL科技,2025-10-22 09:43:03,4.14,150600,4.15,D
sz000100,TCL科技,2025-10-22 09:43:06,4.14,330200,4.14,D
sz000100,TCL科技,2025-10-22 09:43:12,4.14,22300,4.14,D
sz000100,TCL科技,2025-10-22 09:43:15,4.14,36400,4.14,D
sz000100,TCL科技,2025-10-22 09:43:18,4.15,56300,4.14,U
sz000100,TCL科技,2025-10-22 09:43:21,4.15,23500,4.15,U
sz000100,TCL科技,2025-10-22 09:43:24,4.15,60700,4.15,U
sz000100,TCL科技,2025-10-22 09:43:27,4.14,35400,4.15,D
sz000100,TCL科技,2025-10-22 09:43:30,4.15,97900,4.14,U
sz000100,TCL科技,2025-10-22 09:43:33,4.14,34300,4.15,D
sz000100,TCL科技,2025-10-22 09:43:36,4.15,24200,4.14,U
sz000100,TCL科技,2025-10-22 09:43:39,4.14,51100,4.15,D
sz000100,TCL科技,2025-10-22 09:43:51,4.14,46500,4.14,D
sz000100,TCL科技,2025-10-22 09:43:54,4.15,31100,4.14,U
sz000100,TCL科技,2025-10-22 09:43:57,4.15,38700,4.15,U
sz000100,TCL科技,2025-10-22 09:44:03,4.14,92800,4.14,D
sz000100,TCL科技,2025-10-22 09:44:06,4.14,79800,4.14,D
sz000100,TCL科技,2025-10-22 09:44:09,4.14,29300,4.14,D
sz000100,TCL科技,2025-10-22 09:44:12,4.15,132300,4.14,U
sz000100,TCL科技,2025-10-22 09:44:15,4.14,45700,4.15,D
sz000100,TCL科技,2025-10-22 09:44:30,4.15,26800,4.14,U
sz000100,TCL科技,2025-10-22 09:44:42,4.14,132300,4.15,D
sz000100,TCL科技,2025-10-22 09:45:03,4.14,21700,4.14,D
sz000100,TCL科技,2025-10-22 09:45:12,4.15,40800,4.14,U
sz000100,TCL科技,2025-10-22 09:45:15,4.14,21400,4.15,D
sz000100,TCL科技,2025-10-22 09:45:21,4.15,160900,4.14,U
sz000100,TCL科技,2025-10-22 09:45:24,4.15,64500,4.15,U
sz000100,TCL科技,2025-10-22 09:45:27,4.14,28000,4.15,D
sz000100,TCL科技,2025-10-22 09:45:33,4.15,34500,4.15,U
sz000100,TCL科技,2025-10-22 09:45:36,4.15,63700,4.15,U
sz000100,TCL科技,2025-10-22 09:45:39,4.14,77000,4.15,D
sz000100,TCL科技,2025-10-22 09:45:45,4.14,218400,4.14,D
sz000100,TCL科技,2025-10-22 09:45:48,4.15,52900,4.14,U
sz000100,TCL科技,2025-10-22 09:45:51,4.15,40300,4.15,U
sz000100,TCL科技,2025-10-22 09:45:54,4.14,26300,4.15,D
sz000100,TCL科技,2025-10-22 09:45:57,4.14,81600,4.14,D
sz000100,TCL科技,2025-10-22 09:46:03,4.14,21400,4.14,D
sz000100,TCL科技,2025-10-22 09:46:06,4.14,27100,4.14,D
sz000100,TCL科技,2025-10-22 09:46:09,4.14,22000,4.14,D
sz000100,TCL科技,2025-10-22 09:46:12,4.14,25770,4.14,D
sz000100,TCL科技,2025-10-22 09:46:15,4.14,495100,4.14,D
sz000100,TCL科技,2025-10-22 09:46:18,4.15,44400,4.14,U
sz000100,TCL科技,2025-10-22 09:46:21,4.15,34700,4.15,U
sz000100,TCL科技,2025-10-22 09:46:27,4.14,35000,4.14,D
sz000100,TCL科技,2025-10-22 09:46:39,4.14,27400,4.14,D
sz000100,TCL科技,2025-10-22 09:46:42,4.14,61400,4.14,D
sz000100,TCL科技,2025-10-22 09:47:00,4.14,27200,4.14,D
sz000100,TCL科技,2025-10-22 09:47:06,4.14,32700,4.14,D
sz000100,TCL科技,2025-10-22 09:47:09,4.14,59800,4.14,D
sz000100,TCL科技,2025-10-22 09:47:12,4.14,67100,4.14,D
sz000100,TCL科技,2025-10-22 09:47:15,4.15,36100,4.14,U
sz000100,TCL科技,2025-10-22 09:47:21,4.14,32300,4.14,D
sz000100,TCL科技,2025-10-22 09:47:27,4.14,45200,4.14,D
sz000100,TCL科技,2025-10-22 09:47:30,4.14,36900,4.14,D
sz000100,TCL科技,2025-10-22 09:47:33,4.14,37000,4.14,D
sz000100,TCL科技,2025-10-22 09:47:36,4.14,20000,4.14,D
sz000100,TCL科技,2025-10-22 09:47:42,4.14,50900,4.14,D
sz000100,TCL科技,2025-10-22 09:47:54,4.15,186900,4.15,U
sz000100,TCL科技,2025-10-22 09:47:57,4.15,31900,4.15,U
sz000100,TCL科技,2025-10-22 09:48:00,4.14,24500,4.15,D
sz000100,TCL科技,2025-10-22 09:48:03,4.14,71200,4.14,D
sz000100,TCL科技,2025-10-22 09:48:06,4.14,30800,4.14,D
sz000100,TCL科技,2025-10-22 09:48:09,4.14,78900,4.14,D
sz000100,TCL科技,2025-10-22 09:48:12,4.14,55100,4.14,D
sz000100,TCL科技,2025-10-22 09:48:18,4.14,38800,4.15,D
sz000100,TCL科技,2025-10-22 09:48:24,4.15,112300,4.14,U
sz000100,TCL科技,2025-10-22 09:48:30,4.14,86100,4.14,D
sz000100,TCL科技,2025-10-22 09:48:36,4.14,32900,4.15,D
sz000100,TCL科技,2025-10-22 09:48:39,4.14,40900,4.14,D
sz000100,TCL科技,2025-10-22 09:48:42,4.14,104300,4.14,D
sz000100,TCL科技,2025-10-22 09:48:45,4.14,39300,4.14,D
sz000100,TCL科技,2025-10-22 09:48:48,4.15,23600,4.14,U
sz000100,TCL科技,2025-10-22 09:48:51,4.15,22900,4.15,U
sz000100,TCL科技,2025-10-22 09:48:57,4.15,28700,4.15,U
sz000100,TCL科技,2025-10-22 09:49:00,4.14,21800,4.15,D
sz000100,TCL科技,2025-10-22 09:49:06,4.15,54900,4.15,U
sz000100,TCL科技,2025-10-22 09:49:09,4.15,57600,4.15,U
sz000100,TCL科技,2025-10-22 09:49:12,4.14,74500,4.15,D
sz000100,TCL科技,2025-10-22 09:49:15,4.14,26400,4.14,D
sz000100,TCL科技,2025-10-22 09:49:18,4.14,38700,4.14,D
sz000100,TCL科技,2025-10-22 09:49:21,4.15,23700,4.14,U
sz000100,TCL科技,2025-10-22 09:49:27,4.14,27960,4.15,D
sz000100,TCL科技,2025-10-22 09:49:33,4.15,48000,4.14,U
sz000100,TCL科技,2025-10-22 09:49:36,4.15,24800,4.15,U
sz000100,TCL科技,2025-10-22 09:49:39,4.14,37200,4.15,D
sz000100,TCL科技,2025-10-22 09:49:42,4.14,128000,4.14,D
sz000100,TCL科技,2025-10-22 09:49:45,4.14,38900,4.14,D
sz000100,TCL科技,2025-10-22 09:50:03,4.14,50800,4.14,D
sz000100,TCL科技,2025-10-22 09:50:06,4.14,24600,4.14,D
sz000100,TCL科技,2025-10-22 09:50:09,4.14,26500,4.14,D
sz000100,TCL科技,2025-10-22 09:50:12,4.15,48000,4.14,U
sz000100,TCL科技,2025-10-22 09:50:15,4.15,43400,4.15,U
sz000100,TCL科技,2025-10-22 09:50:21,4.15,26900,4.15,U
sz000100,TCL科技,2025-10-22 09:50:27,4.14,23700,4.15,D
sz000100,TCL科技,2025-10-22 09:50:33,4.15,61600,4.14,U
sz000100,TCL科技,2025-10-22 09:50:36,4.14,37600,4.15,D
sz000100,TCL科技,2025-10-22 09:50:39,4.14,32400,4.14,D
sz000100,TCL科技,2025-10-22 09:50:42,4.14,55300,4.14,D
sz000100,TCL科技,2025-10-22 09:50:45,4.14,24700,4.14,D
sz000100,TCL科技,2025-10-22 09:50:54,4.14,610900,4.15,D
sz000100,TCL科技,2025-10-22 09:50:57,4.14,36000,4.14,D
sz000100,TCL科技,2025-10-22 09:51:03,4.15,42600,4.14,U
sz000100,TCL科技,2025-10-22 09:51:06,4.14,44100,4.15,D
sz000100,TCL科技,2025-10-22 09:51:09,4.14,86900,4.14,D
sz000100,TCL科技,2025-10-22 09:51:12,4.14,35000,4.14,D
sz000100,TCL科技,2025-10-22 09:51:15,4.15,35600,4.14,U
sz000100,TCL科技,2025-10-22 09:51:18,4.15,30000,4.15,U
sz000100,TCL科技,2025-10-22 09:51:21,4.14,209200,4.15,D
sz000100,TCL科技,2025-10-22 09:51:24,4.14,73100,4.14,D
sz000100,TCL科技,2025-10-22 09:51:27,4.14,26500,4.14,D
sz000100,TCL科技,2025-10-22 09:51:30,4.15,30400,4.14,U
sz000100,TCL科技,2025-10-22 09:51:33,4.14,30200,4.15,D
sz000100,TCL科技,2025-10-22 09:51:36,4.14,90100,4.14,D
sz000100,TCL科技,2025-10-22 09:51:39,4.14,81400,4.14,D
sz000100,TCL科技,2025-10-22 09:51:42,4.15,95500,4.14,U
sz000100,TCL科技,2025-10-22 09:51:45,4.15,69900,4.15,U
sz000100,TCL科技,2025-10-22 09:51:48,4.15,54500,4.15,U
sz000100,TCL科技,2025-10-22 09:52:00,4.14,26900,4.15,D
sz000100,TCL科技,2025-10-22 09:52:06,4.15,40400,4.14,U
sz000100,TCL科技,2025-10-22 09:52:09,4.14,87600,4.15,D
sz000100,TCL科技,2025-10-22 09:52:12,4.15,71300,4.14,U
sz000100,TCL科技,2025-10-22 09:52:15,4.15,51000,4.15,U
sz000100,TCL科技,2025-10-22 09:52:18,4.15,46600,4.15,U
sz000100,TCL科技,2025-10-22 09:52:21,4.15,71700,4.15,U
sz000100,TCL科技,2025-10-22 09:52:24,4.15,142200,4.15,U
sz000100,TCL科技,2025-10-22 09:52:27,4.15,28700,4.15,U
sz000100,TCL科技,2025-10-22 09:52:30,4.14,37800,4.15,D
sz000100,TCL科技,2025-10-22 09:52:33,4.14,24300,4.14,D
sz000100,TCL科技,2025-10-22 09:52:36,4.14,28800,4.14,D
sz000100,TCL科技,2025-10-22 09:52:39,4.14,29500,4.14,D
sz000100,TCL科技,2025-10-22 09:52:42,4.14,52000,4.14,D
sz000100,TCL科技,2025-10-22 09:52:45,4.14,34200,4.14,D
sz000100,TCL科技,2025-10-22 09:53:00,4.14,135600,4.14,D
sz000100,TCL科技,2025-10-22 09:53:06,4.15,35700,4.14,U
sz000100,TCL科技,2025-10-22 09:53:09,4.14,47600,4.15,D
sz000100,TCL科技,2025-10-22 09:53:12,4.14,60800,4.14,D
sz000100,TCL科技,2025-10-22 09:53:15,4.14,64300,4.14,D
sz000100,TCL科技,2025-10-22 09:53:30,4.14,31700,4.14,D
sz000100,TCL科技,2025-10-22 09:53:33,4.14,600400,4.14,D
sz000100,TCL科技,2025-10-22 09:53:39,4.14,34300,4.14,D
sz000100,TCL科技,2025-10-22 09:53:42,4.14,41700,4.14,D
sz000100,TCL科技,2025-10-22 09:53:45,4.15,43200,4.14,U
sz000100,TCL科技,2025-10-22 09:53:51,4.15,4459200,4.15,U
sz000100,TCL科技,2025-10-22 09:53:54,4.15,1021000,4.15,U
sz000100,TCL科技,2025-10-22 09:53:57,4.16,169900,4.15,U
sz000100,TCL科技,2025-10-22 09:54:00,4.15,185300,4.16,D
sz000100,TCL科技,2025-10-22 09:54:03,4.15,56600,4.15,D
sz000100,TCL科技,2025-10-22 09:54:09,4.15,45800,4.15,D
sz000100,TCL科技,2025-10-22 09:54:12,4.16,113000,4.15,U
sz000100,TCL科技,2025-10-22 09:54:15,4.15,20900,4.16,D
sz000100,TCL科技,2025-10-22 09:54:27,4.15,21600,4.16,D
sz000100,TCL科技,2025-10-22 09:54:30,4.15,45100,4.15,D
sz000100,TCL科技,2025-10-22 09:54:33,4.15,591600,4.15,D
sz000100,TCL科技,2025-10-22 09:54:36,4.15,35900,4.15,D
sz000100,TCL科技,2025-10-22 09:54:39,4.15,37700,4.15,D
sz000100,TCL科技,2025-10-22 09:54:42,4.15,32700,4.15,D
sz000100,TCL科技,2025-10-22 09:54:45,4.16,36100,4.15,U
sz000100,TCL科技,2025-10-22 09:55:00,4.15,293300,4.16,D
sz000100,TCL科技,2025-10-22 09:55:06,4.16,100800,4.15,U
sz000100,TCL科技,2025-10-22 09:55:09,4.16,42100,4.16,U
sz000100,TCL科技,2025-10-22 09:55:12,4.15,38000,4.16,D
sz000100,TCL科技,2025-10-22 09:55:15,4.15,22400,4.15,D
sz000100,TCL科技,2025-10-22 09:55:18,4.15,189200,4.15,D
sz000100,TCL科技,2025-10-22 09:55:39,4.15,99100,4.15,D
sz000100,TCL科技,2025-10-22 09:55:42,4.15,71100,4.15,D
sz000100,TCL科技,2025-10-22 09:55:45,4.15,49400,4.15,D
sz000100,TCL科技,2025-10-22 09:55:54,4.15,31100,4.15,D
sz000100,TCL科技,2025-10-22 09:56:03,4.16,57100,4.16,U
sz000100,TCL科技,2025-10-22 09:56:06,4.16,42500,4.16,U
sz000100,TCL科技,2025-10-22 09:56:09,4.15,75600,4.16,D
sz000100,TCL科技,2025-10-22 09:56:12,4.15,54500,4.15,D
sz000100,TCL科技,2025-10-22 09:56:15,4.16,64000,4.15,U
sz000100,TCL科技,2025-10-22 09:56:18,4.16,31700,4.16,U
sz000100,TCL科技,2025-10-22 09:56:24,4.16,42400,4.16,U
sz000100,TCL科技,2025-10-22 09:56:30,4.15,71800,4.16,D
sz000100,TCL科技,2025-10-22 09:56:36,4.15,21500,4.15,D
sz000100,TCL科技,2025-10-22 09:56:39,4.15,25100,4.15,D
sz000100,TCL科技,2025-10-22 09:56:42,4.15,27000,4.15,D
sz000100,TCL科技,2025-10-22 09:56:57,4.16,42000,4.16,U
sz000100,TCL科技,2025-10-22 09:57:03,4.16,35900,4.16,U
sz000100,TCL科技,2025-10-22 09:57:06,4.16,48700,4.16,U
sz000100,TCL科技,2025-10-22 09:57:09,4.15,30500,4.16,D
sz000100,TCL科技,2025-10-22 09:57:12,4.15,43700,4.15,D
sz000100,TCL科技,2025-10-22 09:57:15,4.16,38100,4.15,U
sz000100,TCL科技,2025-10-22 09:57:24,4.16,31700,4.15,U
sz000100,TCL科技,2025-10-22 09:57:27,4.16,38000,4.16,U
sz000100,TCL科技,2025-10-22 09:57:39,4.15,31900,4.16,D
sz000100,TCL科技,2025-10-22 09:57:42,4.15,42300,4.15,D
sz000100,TCL科技,2025-10-22 09:57:57,4.16,157800,4.16,U
sz000100,TCL科技,2025-10-22 09:58:00,4.16,147500,4.16,U
sz000100,TCL科技,2025-10-22 09:58:03,4.15,58100,4.16,D
sz000100,TCL科技,2025-10-22 09:58:06,4.15,126100,4.15,D
sz000100,TCL科技,2025-10-22 09:58:09,4.15,57100,4.15,D
sz000100,TCL科技,2025-10-22 09:58:12,4.15,27000,4.15,D
sz000100,TCL科技,2025-10-22 09:58:15,4.16,30000,4.15,U
sz000100,TCL科技,2025-10-22 09:58:18,4.16,45700,4.16,U
sz000100,TCL科技,2025-10-22 09:58:21,4.16,119300,4.16,U
sz000100,TCL科技,2025-10-22 09:58:24,4.15,20300,4.16,D
sz000100,TCL科技,2025-10-22 09:58:27,4.16,24600,4.15,U
sz000100,TCL科技,2025-10-22 09:58:30,4.15,43300,4.16,D
sz000100,TCL科技,2025-10-22 09:58:33,4.15,37100,4.15,D
sz000100,TCL科技,2025-10-22 09:58:36,4.15,26700,4.15,D
sz000100,TCL科技,2025-10-22 09:58:39,4.15,347700,4.15,D
sz000100,TCL科技,2025-10-22 09:58:42,4.15,264600,4.15,D
sz000100,TCL科技,2025-10-22 09:58:45,4.15,69700,4.15,D
sz000100,TCL科技,2025-10-22 09:58:48,4.16,97800,4.15,U
sz000100,TCL科技,2025-10-22 09:58:51,4.15,79200,4.16,D
sz000100,TCL科技,2025-10-22 09:58:54,4.15,46800,4.15,D
sz000100,TCL科技,2025-10-22 09:59:00,4.15,45100,4.16,D
sz000100,TCL科技,2025-10-22 09:59:06,4.16,83700,4.16,U
sz000100,TCL科技,2025-10-22 09:59:09,4.15,81600,4.16,D
sz000100,TCL科技,2025-10-22 09:59:12,4.16,104800,4.15,U
sz000100,TCL科技,2025-10-22 09:59:15,4.15,128500,4.16,D
sz000100,TCL科技,2025-10-22 09:59:18,4.16,32700,4.15,U
sz000100,TCL科技,2025-10-22 09:59:21,4.16,55000,4.16,U
sz000100,TCL科技,2025-10-22 09:59:24,4.16,126200,4.16,U
sz000100,TCL科技,2025-10-22 09:59:30,4.15,48200,4.15,D
sz000100,TCL科技,2025-10-22 09:59:33,4.15,43700,4.15,D
sz000100,TCL科技,2025-10-22 09:59:39,4.15,43600,4.15,D
sz000100,TCL科技,2025-10-22 09:59:42,4.15,50900,4.15,D
sz000100,TCL科技,2025-10-22 09:59:45,4.15,42000,4.15,D
sz000100,TCL科技,2025-10-22 09:59:51,4.15,40500,4.15,D
sz000100,TCL科技,2025-10-22 09:59:57,4.16,65187,4.15,U
sz000100,TCL科技,2025-10-22 10:00:00,4.15,352000,4.16,D
sz000100,TCL科技,2025-10-22 10:00:03,4.15,181400,4.15,D
sz000100,TCL科技,2025-10-22 10:00:06,4.15,20800,4.15,D
sz000100,TCL科技,2025-10-22 10:00:09,4.15,87100,4.15,D
sz000100,TCL科技,2025-10-22 10:00:12,4.15,63800,4.15,D
sz000100,TCL科技,2025-10-22 10:00:18,4.16,140770,4.15,U
sz000100,TCL科技,2025-10-22 10:00:33,4.15,30100,4.15,D
sz000100,TCL科技,2025-10-22 10:00:36,4.15,105600,4.15,D
sz000100,TCL科技,2025-10-22 10:00:39,4.15,81800,4.15,D
sz000100,TCL科技,2025-10-22 10:00:42,4.15,46900,4.15,D
sz000100,TCL科技,2025-10-22 10:00:45,4.16,124100,4.15,U
sz000100,TCL科技,2025-10-22 10:00:48,4.15,26700,4.16,D
sz000100,TCL科技,2025-10-22 10:00:54,4.16,25400,4.16,U
sz000100,TCL科技,2025-10-22 10:00:57,4.16,58900,4.16,U
sz000100,TCL科技,2025-10-22 10:01:00,4.15,20650,4.16,D
sz000100,TCL科技,2025-10-22 10:01:06,4.15,25500,4.16,D
sz000100,TCL科技,2025-10-22 10:01:09,4.15,59200,4.15,D
sz000100,TCL科技,2025-10-22 10:01:12,4.15,50600,4.15,D
sz000100,TCL科技,2025-10-22 10:01:15,4.15,28100,4.15,D
sz000100,TCL科技,2025-10-22 10:01:18,4.15,33900,4.15,D
sz000100,TCL科技,2025-10-22 10:01:27,4.16,47300,4.16,U
sz000100,TCL科技,2025-10-22 10:01:30,4.15,20200,4.16,D
sz000100,TCL科技,2025-10-22 10:01:33,4.15,57200,4.15,D
sz000100,TCL科技,2025-10-22 10:01:36,4.15,43000,4.15,D
sz000100,TCL科技,2025-10-22 10:01:39,4.15,52900,4.15,D
sz000100,TCL科技,2025-10-22 10:01:42,4.15,61900,4.15,D
sz000100,TCL科技,2025-10-22 10:01:45,4.15,21900,4.15,D
sz000100,TCL科技,2025-10-22 10:01:51,4.16,32200,4.15,U
sz000100,TCL科技,2025-10-22 10:01:54,4.16,106000,4.16,U
sz000100,TCL科技,2025-10-22 10:02:00,4.15,31300,4.16,D
sz000100,TCL科技,2025-10-22 10:02:03,4.16,29300,4.15,U
sz000100,TCL科技,2025-10-22 10:02:09,4.16,78000,4.15,U
sz000100,TCL科技,2025-10-22 10:02:15,4.15,102100,4.16,D
sz000100,TCL科技,2025-10-22 10:02:18,4.15,21700,4.15,D
sz000100,TCL科技,2025-10-22 10:02:27,4.15,74800,4.15,D
sz000100,TCL科技,2025-10-22 10:02:36,4.16,21800,4.15,U
sz000100,TCL科技,2025-10-22 10:02:39,4.15,56400,4.16,D
sz000100,TCL科技,2025-10-22 10:02:42,4.15,65800,4.15,D
sz000100,TCL科技,2025-10-22 10:02:51,4.16,40200,4.16,U
sz000100,TCL科技,2025-10-22 10:03:09,4.15,33900,4.15,D
sz000100,TCL科技,2025-10-22 10:03:12,4.15,146100,4.15,D
sz000100,TCL科技,2025-10-22 10:03:15,4.15,24400,4.15,D
sz000100,TCL科技,2025-10-22 10:03:33,4.15,26500,4.15,D
sz000100,TCL科技,2025-10-22 10:03:36,4.15,63000,4.15,D
sz000100,TCL科技,2025-10-22 10:03:39,4.15,30800,4.15,D
sz000100,TCL科技,2025-10-22 10:03:42,4.15,245000,4.15,D
sz000100,TCL科技,2025-10-22 10:03:45,4.15,59200,4.15,D
sz000100,TCL科技,2025-10-22 10:03:57,4.16,34500,4.16,U
sz000100,TCL科技,2025-10-22 10:04:00,4.16,47000,4.16,U
sz000100,TCL科技,2025-10-22 10:04:03,4.15,43900,4.16,D
sz000100,TCL科技,2025-10-22 10:04:09,4.16,125900,4.16,U
sz000100,TCL科技,2025-10-22 10:04:12,4.15,134900,4.16,D
sz000100,TCL科技,2025-10-22 10:04:15,4.16,76200,4.15,U
sz000100,TCL科技,2025-10-22 10:04:18,4.16,32600,4.16,U
sz000100,TCL科技,2025-10-22 10:04:24,4.15,34300,4.15,D
sz000100,TCL科技,2025-10-22 10:04:33,4.16,20300,4.16,U
sz000100,TCL科技,2025-10-22 10:04:39,4.15,29400,4.15,D
sz000100,TCL科技,2025-10-22 10:04:42,4.16,26200,4.15,U
sz000100,TCL科技,2025-10-22 10:04:51,4.16,29300,4.16,U
sz000100,TCL科技,2025-10-22 10:05:06,4.15,75000,4.15,D
sz000100,TCL科技,2025-10-22 10:05:09,4.15,30800,4.15,D
sz000100,TCL科技,2025-10-22 10:05:12,4.16,232200,4.15,U
sz000100,TCL科技,2025-10-22 10:05:15,4.15,102700,4.16,D
sz000100,TCL科技,2025-10-22 10:05:18,4.16,214400,4.15,U
sz000100,TCL科技,2025-10-22 10:05:21,4.15,43200,4.16,D
sz000100,TCL科技,2025-10-22 10:05:24,4.15,27400,4.15,D
sz000100,TCL科技,2025-10-22 10:05:27,4.15,40900,4.15,D
sz000100,TCL科技,2025-10-22 10:05:33,4.15,109600,4.15,D
sz000100,TCL科技,2025-10-22 10:05:36,4.15,161600,4.15,D
sz000100,TCL科技,2025-10-22 10:05:51,4.15,26900,4.16,D
sz000100,TCL科技,2025-10-22 10:05:54,4.16,29600,4.15,U
sz000100,TCL科技,2025-10-22 10:05:57,4.16,22500,4.16,U
sz000100,TCL科技,2025-10-22 10:06:03,4.16,30300,4.15,U
sz000100,TCL科技,2025-10-22 10:06:09,4.16,42400,4.15,U
sz000100,TCL科技,2025-10-22 10:06:15,4.16,4118666,4.15,U
sz000100,TCL科技,2025-10-22 10:06:18,4.16,962100,4.16,D
sz000100,TCL科技,2025-10-22 10:06:21,4.17,224300,4.16,U
sz000100,TCL科技,2025-10-22 10:06:24,4.16,439700,4.17,D
sz000100,TCL科技,2025-10-22 10:06:27,4.17,284900,4.16,U
sz000100,TCL科技,2025-10-22 10:06:30,4.16,188200,4.17,D
sz000100,TCL科技,2025-10-22 10:06:33,4.17,69800,4.16,U
sz000100,TCL科技,2025-10-22 10:06:36,4.17,84000,4.17,U
sz000100,TCL科技,2025-10-22 10:06:45,4.17,20200,4.16,U
sz000100,TCL科技,2025-10-22 10:06:51,4.17,112700,4.16,U
sz000100,TCL科技,2025-10-22 10:06:57,4.17,24800,4.17,U
sz000100,TCL科技,2025-10-22 10:07:09,4.17,22000,4.17,U
sz000100,TCL科技,2025-10-22 10:07:12,4.17,60900,4.17,U
sz000100,TCL科技,2025-10-22 10:07:15,4.17,33300,4.17,U
sz000100,TCL科技,2025-10-22 10:07:24,4.16,28200,4.17,D
sz000100,TCL科技,2025-10-22 10:07:27,4.16,32100,4.16,D
sz000100,TCL科技,2025-10-22 10:07:33,4.17,78850,4.17,U
sz000100,TCL科技,2025-10-22 10:07:39,4.16,29900,4.17,D
sz000100,TCL科技,2025-10-22 10:07:45,4.17,24200,4.17,U
sz000100,TCL科技,2025-10-22 10:08:06,4.16,24400,4.17,D
sz000100,TCL科技,2025-10-22 10:08:18,4.17,26400,4.17,U
sz000100,TCL科技,2025-10-22 10:08:21,4.17,48500,4.17,U
sz000100,TCL科技,2025-10-22 10:08:24,4.16,115500,4.17,D
sz000100,TCL科技,2025-10-22 10:08:27,4.17,50600,4.16,U
sz000100,TCL科技,2025-10-22 10:08:39,4.17,42900,4.17,U
sz000100,TCL科技,2025-10-22 10:08:42,4.17,22400,4.17,U
sz000100,TCL科技,2025-10-22 10:08:45,4.17,31200,4.17,U
sz000100,TCL科技,2025-10-22 10:08:54,4.17,38700,4.17,U
sz000100,TCL科技,2025-10-22 10:09:00,4.17,205000,4.17,U
sz000100,TCL科技,2025-10-22 10:09:03,4.16,22500,4.17,D
sz000100,TCL科技,2025-10-22 10:09:09,4.17,32800,4.16,U
sz000100,TCL科技,2025-10-22 10:09:21,4.17,23700,4.16,U
sz000100,TCL科技,2025-10-22 10:09:30,4.17,195590,4.17,U
sz000100,TCL科技,2025-10-22 10:09:42,4.17,65100,4.17,U
sz000100,TCL科技,2025-10-22 10:09:45,4.16,49100,4.17,D
sz000100,TCL科技,2025-10-22 10:09:48,4.16,46500,4.16,D
sz000100,TCL科技,2025-10-22 10:09:57,4.17,38500,4.16,U
sz000100,TCL科技,2025-10-22 10:10:03,4.16,60500,4.17,D
sz000100,TCL科技,2025-10-22 10:10:18,4.17,164700,4.17,U
sz000100,TCL科技,2025-10-22 10:10:24,4.17,57000,4.17,U
sz000100,TCL科技,2025-10-22 10:10:27,4.17,98200,4.17,U
sz000100,TCL科技,2025-10-22 10:10:30,4.17,69100,4.17,U
sz000100,TCL科技,2025-10-22 10:10:33,4.17,114900,4.17,U
sz000100,TCL科技,2025-10-22 10:10:36,4.17,36300,4.17,U
sz000100,TCL科技,2025-10-22 10:10:54,4.17,66900,4.16,U
sz000100,TCL科技,2025-10-22 10:10:57,4.17,41400,4.17,U
sz000100,TCL科技,2025-10-22 10:11:15,4.17,185919,4.16,U
sz000100,TCL科技,2025-10-22 10:11:18,4.17,203000,4.17,U
sz000100,TCL科技,2025-10-22 10:11:21,4.17,216000,4.17,U
sz000100,TCL科技,2025-10-22 10:11:24,4.17,80200,4.17,U
sz000100,TCL科技,2025-10-22 10:11:30,4.16,49800,4.16,D
sz000100,TCL科技,2025-10-22 10:11:33,4.17,20500,4.16,U
sz000100,TCL科技,2025-10-22 10:11:42,4.17,27900,4.17,U
sz000100,TCL科技,2025-10-22 10:12:03,4.16,81000,4.16,D
sz000100,TCL科技,2025-10-22 10:12:12,4.17,120400,4.16,U
sz000100,TCL科技,2025-10-22 10:12:27,4.16,25200,4.16,D
sz000100,TCL科技,2025-10-22 10:12:33,4.16,65000,4.16,D
sz000100,TCL科技,2025-10-22 10:12:36,4.16,64000,4.16,D
sz000100,TCL科技,2025-10-22 10:12:39,4.16,29100,4.16,D
sz000100,TCL科技,2025-10-22 10:12:45,4.16,55800,4.16,D
sz000100,TCL科技,2025-10-22 10:12:48,4.16,27600,4.16,D
sz000100,TCL科技,2025-10-22 10:13:03,4.17,23000,4.17,U
sz000100,TCL科技,2025-10-22 10:13:09,4.17,36100,4.17,U
sz000100,TCL科技,2025-10-22 10:13:21,4.17,83500,4.16,U
sz000100,TCL科技,2025-10-22 10:13:27,4.17,23300,4.17,U
sz000100,TCL科技,2025-10-22 10:13:30,4.17,32100,4.17,U
sz000100,TCL科技,2025-10-22 10:13:39,4.16,22000,4.17,D
sz000100,TCL科技,2025-10-22 10:13:51,4.17,42300,4.16,U
sz000100,TCL科技,2025-10-22 10:13:54,4.17,282200,4.17,U
sz000100,TCL科技,2025-10-22 10:13:57,4.16,21100,4.17,D
sz000100,TCL科技,2025-10-22 10:14:00,4.17,104700,4.16,U
sz000100,TCL科技,2025-10-22 10:14:03,4.17,20400,4.17,U
sz000100,TCL科技,2025-10-22 10:14:33,4.16,33800,4.16,D
sz000100,TCL科技,2025-10-22 10:14:42,4.17,41300,4.17,U
sz000100,TCL科技,2025-10-22 10:14:45,4.17,26300,4.17,U
sz000100,TCL科技,2025-10-22 10:14:57,4.17,72800,4.17,U
sz000100,TCL科技,2025-10-22 10:15:06,4.16,22770,4.17,D
sz000100,TCL科技,2025-10-22 10:15:09,4.17,22400,4.16,U
sz000100,TCL科技,2025-10-22 10:15:24,4.17,73000,4.17,U
sz000100,TCL科技,2025-10-22 10:15:27,4.17,232500,4.17,U
sz000100,TCL科技,2025-10-22 10:15:30,4.17,99600,4.17,U
sz000100,TCL科技,2025-10-22 10:15:33,4.16,33900,4.17,D
sz000100,TCL科技,2025-10-22 10:15:36,4.16,114800,4.16,D
sz000100,TCL科技,2025-10-22 10:15:51,4.16,110400,4.16,D
sz000100,TCL科技,2025-10-22 10:16:09,4.17,21600,4.16,U
sz000100,TCL科技,2025-10-22 10:16:36,4.16,61300,4.16,D
sz000100,TCL科技,2025-10-22 10:16:39,4.17,43100,4.16,U
sz000100,TCL科技,2025-10-22 10:16:45,4.17,95800,4.17,U
sz000100,TCL科技,2025-10-22 10:17:03,4.16,29000,4.16,D
sz000100,TCL科技,2025-10-22 10:17:12,4.16,21060,4.16,D
sz000100,TCL科技,2025-10-22 10:17:18,4.17,27200,4.16,U
sz000100,TCL科技,2025-10-22 10:18:06,4.16,24400,4.17,D
sz000100,TCL科技,2025-10-22 10:18:09,4.17,27500,4.16,U
sz000100,TCL科技,2025-10-22 10:18:15,4.16,51300,4.16,D
sz000100,TCL科技,2025-10-22 10:18:36,4.17,21700,4.17,U
sz000100,TCL科技,2025-10-22 10:18:42,4.17,47000,4.16,U
sz000100,TCL科技,2025-10-22 10:18:51,4.17,51900,4.16,U
sz000100,TCL科技,2025-10-22 10:19:24,4.16,292535,4.17,D
sz000100,TCL科技,2025-10-22 10:19:30,4.17,61300,4.16,U
sz000100,TCL科技,2025-10-22 10:19:33,4.16,481400,4.17,D
sz000100,TCL科技,2025-10-22 10:19:36,4.16,69800,4.16,D
sz000100,TCL科技,2025-10-22 10:19:42,4.17,321100,4.17,U
sz000100,TCL科技,2025-10-22 10:19:51,4.16,110800,4.16,D
sz000100,TCL科技,2025-10-22 10:19:54,4.16,155800,4.16,D
sz000100,TCL科技,2025-10-22 10:20:12,4.16,33300,4.17,D
sz000100,TCL科技,2025-10-22 10:20:24,4.17,21000,4.16,U
sz000100,TCL科技,2025-10-22 10:20:27,4.17,28500,4.17,U
sz000100,TCL科技,2025-10-22 10:20:51,4.16,30200,4.16,D
sz000100,TCL科技,2025-10-22 10:20:57,4.17,255000,4.16,U
sz000100,TCL科技,2025-10-22 10:21:00,4.17,71400,4.17,U
sz000100,TCL科技,2025-10-22 10:21:06,4.17,62300,4.17,U
sz000100,TCL科技,2025-10-22 10:21:15,4.16,131000,4.16,D
sz000100,TCL科技,2025-10-22 10:21:18,4.17,41800,4.16,U
sz000100,TCL科技,2025-10-22 10:21:21,4.16,57300,4.17,D
sz000100,TCL科技,2025-10-22 10:21:30,4.17,46800,4.16,U
sz000100,TCL科技,2025-10-22 10:22:00,4.17,24000,4.17,U
sz000100,TCL科技,2025-10-22 10:22:03,4.17,76400,4.17,U
sz000100,TCL科技,2025-10-22 10:22:12,4.17,52200,4.16,U
sz000100,TCL科技,2025-10-22 10:22:36,4.16,114200,4.16,D
sz000100,TCL科技,2025-10-22 10:22:39,4.16,43600,4.16,D
sz000100,TCL科技,2025-10-22 10:22:48,4.16,27400,4.16,D
sz000100,TCL科技,2025-10-22 10:23:03,4.17,41100,4.17,U
sz000100,TCL科技,2025-10-22 10:23:15,4.17,55000,4.16,U
sz000100,TCL科技,2025-10-22 10:23:21,4.17,23500,4.17,U
sz000100,TCL科技,2025-10-22 10:23:27,4.17,136400,4.16,U
sz000100,TCL科技,2025-10-22 10:23:33,4.17,84500,4.17,U
sz000100,TCL科技,2025-10-22 10:23:54,4.17,53300,4.17,U
sz000100,TCL科技,2025-10-22 10:24:09,4.17,185400,4.17,U
sz000100,TCL科技,2025-10-22 10:24:15,4.16,95900,4.16,D
sz000100,TCL科技,2025-10-22 10:24:18,4.16,29000,4.16,D
sz000100,TCL科技,2025-10-22 10:25:33,4.17,24000,4.17,U
sz000100,TCL科技,2025-10-22 10:25:39,4.16,56300,4.17,D
sz000100,TCL科技,2025-10-22 10:25:42,4.16,23200,4.16,D
sz000100,TCL科技,2025-10-22 10:25:45,4.17,24500,4.16,U
sz000100,TCL科技,2025-10-22 10:25:51,4.16,37200,4.16,D
sz000100,TCL科技,2025-10-22 10:25:54,4.17,73100,4.16,U
sz000100,TCL科技,2025-10-22 10:25:57,4.16,47621,4.17,D
sz000100,TCL科技,2025-10-22 10:26:00,4.17,27500,4.16,U
sz000100,TCL科技,2025-10-22 10:26:03,4.17,113100,4.17,U
sz000100,TCL科技,2025-10-22 10:26:06,4.17,25100,4.17,U
sz000100,TCL科技,2025-10-22 10:26:21,4.17,129500,4.16,U
sz000100,TCL科技,2025-10-22 10:26:24,4.17,27600,4.17,U
sz000100,TCL科技,2025-10-22 10:26:42,4.16,52600,4.16,D
sz000100,TCL科技,2025-10-22 10:27:21,4.16,165000,4.17,D
sz000100,TCL科技,2025-10-22 10:27:24,4.17,37900,4.16,U
sz000100,TCL科技,2025-10-22 10:27:33,4.16,52900,4.17,D
sz000100,TCL科技,2025-10-22 10:27:36,4.17,27900,4.16,U
sz000100,TCL科技,2025-10-22 10:28:00,4.16,39600,4.17,D
sz000100,TCL科技,2025-10-22 10:29:03,4.17,58700,4.16,U
sz000100,TCL科技,2025-10-22 10:29:06,4.17,27800,4.17,U
sz000100,TCL科技,2025-10-22 10:29:09,4.17,116100,4.17,U
sz000100,TCL科技,2025-10-22 10:29:12,4.17,9341970,4.17,U
sz000100,TCL科技,2025-10-22 10:29:15,4.18,2329300,4.17,U
sz000100,TCL科技,2025-10-22 10:29:18,4.17,549100,4.18,D
sz000100,TCL科技,2025-10-22 10:29:21,4.18,23700,4.17,U
sz000100,TCL科技,2025-10-22 10:29:33,4.17,41450,4.17,D
sz000100,TCL科技,2025-10-22 10:29:39,4.17,20600,4.18,D
sz000100,TCL科技,2025-10-22 10:29:51,4.18,31700,4.18,U
sz000100,TCL科技,2025-10-22 10:29:54,4.18,87200,4.18,U
sz000100,TCL科技,2025-10-22 10:29:57,4.18,21500,4.18,U
sz000100,TCL科技,2025-10-22 10:30:00,4.18,45600,4.18,U
sz000100,TCL科技,2025-10-22 10:30:06,4.18,20100,4.18,U
sz000100,TCL科技,2025-10-22 10:30:09,4.17,2082850,4.18,D
sz000100,TCL科技,2025-10-22 10:30:12,4.17,444200,4.17,U
sz000100,TCL科技,2025-10-22 10:30:15,4.17,29400,4.17,U
sz000100,TCL科技,2025-10-22 10:30:18,4.17,50800,4.17,U
sz000100,TCL科技,2025-10-22 10:30:21,4.17,23400,4.17,U
sz000100,TCL科技,2025-10-22 10:30:24,4.17,29400,4.17,U
sz000100,TCL科技,2025-10-22 10:30:27,4.17,61300,4.17,U
sz000100,TCL科技,2025-10-22 10:30:33,4.17,70700,4.17,U
sz000100,TCL科技,2025-10-22 10:30:36,4.16,108000,4.17,D
sz000100,TCL科技,2025-10-22 10:30:39,4.17,24100,4.16,U
sz000100,TCL科技,2025-10-22 10:31:03,4.17,196800,4.17,U
sz000100,TCL科技,2025-10-22 10:31:06,4.16,72600,4.17,D
sz000100,TCL科技,2025-10-22 10:31:09,4.16,54600,4.16,D
sz000100,TCL科技,2025-10-22 10:31:24,4.16,56600,4.17,D
sz000100,TCL科技,2025-10-22 10:31:39,4.17,103600,4.17,U
sz000100,TCL科技,2025-10-22 10:31:42,4.17,31100,4.17,U
sz000100,TCL科技,2025-10-22 10:31:45,4.17,175600,4.17,U
sz000100,TCL科技,2025-10-22 10:31:48,4.17,58400,4.17,U
sz000100,TCL科技,2025-10-22 10:31:51,4.17,827400,4.17,U
sz000100,TCL科技,2025-10-22 10:31:54,4.16,250700,4.17,D
sz000100,TCL科技,2025-10-22 10:31:57,4.16,99600,4.16,D
sz000100,TCL科技,2025-10-22 10:32:00,4.16,34600,4.16,D
sz000100,TCL科技,2025-10-22 10:32:06,4.17,653200,4.17,U
sz000100,TCL科技,2025-10-22 10:32:09,4.17,222700,4.17,U
sz000100,TCL科技,2025-10-22 10:32:12,4.17,164700,4.17,U
sz000100,TCL科技,2025-10-22 10:32:15,4.17,85000,4.17,U
sz000100,TCL科技,2025-10-22 10:32:18,4.17,169800,4.17,U
sz000100,TCL科技,2025-10-22 10:32:21,4.16,40700,4.17,D
sz000100,TCL科技,2025-10-22 10:32:24,4.16,372800,4.16,D
sz000100,TCL科技,2025-10-22 10:32:27,4.16,61900,4.16,D
sz000100,TCL科技,2025-10-22 10:32:30,4.16,1663600,4.16,D
sz000100,TCL科技,2025-10-22 10:32:33,4.16,471500,4.16,U
sz000100,TCL科技,2025-10-22 10:32:36,4.15,122100,4.16,D
sz000100,TCL科技,2025-10-22 10:32:39,4.16,23000,4.15,U
sz000100,TCL科技,2025-10-22 10:32:42,4.15,121400,4.16,D
sz000100,TCL科技,2025-10-22 10:32:45,4.16,35700,4.15,U
sz000100,TCL科技,2025-10-22 10:32:48,4.16,139800,4.16,U
sz000100,TCL科技,2025-10-22 10:32:51,4.16,89100,4.16,U
sz000100,TCL科技,2025-10-22 10:32:54,4.15,175600,4.16,D
sz000100,TCL科技,2025-10-22 10:32:57,4.16,88600,4.15,U
sz000100,TCL科技,2025-10-22 10:33:00,4.15,24300,4.16,D
sz000100,TCL科技,2025-10-22 10:33:03,4.16,79310,4.15,U
sz000100,TCL科技,2025-10-22 10:33:06,4.16,42600,4.16,U
sz000100,TCL科技,2025-10-22 10:33:09,4.16,161400,4.16,U
sz000100,TCL科技,2025-10-22 10:33:12,4.15,105000,4.16,D
sz000100,TCL科技,2025-10-22 10:33:15,4.15,38800,4.15,D
sz000100,TCL科技,2025-10-22 10:33:18,4.16,74900,4.15,U
sz000100,TCL科技,2025-10-22 10:33:21,4.16,162200,4.16,U
sz000100,TCL科技,2025-10-22 10:33:24,4.15,39400,4.16,D
sz000100,TCL科技,2025-10-22 10:33:27,4.15,87800,4.15,D
sz000100,TCL科技,2025-10-22 10:33:33,4.16,178900,4.16,U
sz000100,TCL科技,2025-10-22 10:33:36,4.16,38600,4.16,U
sz000100,TCL科技,2025-10-22 10:33:39,4.15,89400,4.16,D
sz000100,TCL科技,2025-10-22 10:33:45,4.15,169100,4.16,D
sz000100,TCL科技,2025-10-22 10:33:48,4.15,103700,4.15,D
sz000100,TCL科技,2025-10-22 10:33:51,4.15,75400,4.15,D
sz000100,TCL科技,2025-10-22 10:33:54,4.15,33800,4.15,D
sz000100,TCL科技,2025-10-22 10:34:00,4.16,147900,4.15,U
sz000100,TCL科技,2025-10-22 10:34:03,4.15,34200,4.16,D
sz000100,TCL科技,2025-10-22 10:34:06,4.16,199400,4.15,U
sz000100,TCL科技,2025-10-22 10:34:09,4.15,22200,4.16,D
sz000100,TCL科技,2025-10-22 10:34:12,4.15,94600,4.15,D
sz000100,TCL科技,2025-10-22 10:34:18,4.15,221700,4.16,D
sz000100,TCL科技,2025-10-22 10:34:21,4.15,5257600,4.15,D
sz000100,TCL科技,2025-10-22 10:34:24,4.15,2072624,4.15,D
sz000100,TCL科技,2025-10-22 10:34:27,4.15,597000,4.15,U
sz000100,TCL科技,2025-10-22 10:34:30,4.15,149200,4.15,U
sz000100,TCL科技,2025-10-22 10:34:36,4.15,655200,4.15,U
sz000100,TCL科技,2025-10-22 10:34:39,4.15,218300,4.15,U
sz000100,TCL科技,2025-10-22 10:34:42,4.15,161600,4.15,U
sz000100,TCL科技,2025-10-22 10:34:45,4.15,56900,4.15,U
sz000100,TCL科技,2025-10-22 10:34:48,4.15,74100,4.15,U
sz000100,TCL科技,2025-10-22 10:34:51,4.15,139600,4.15,U
sz000100,TCL科技,2025-10-22 10:34:54,4.14,147000,4.15,D
sz000100,TCL科技,2025-10-22 10:34:57,4.15,168400,4.14,U
sz000100,TCL科技,2025-10-22 10:35:00,4.15,175800,4.15,U
sz000100,TCL科技,2025-10-22 10:35:06,4.15,116800,4.15,U
sz000100,TCL科技,2025-10-22 10:35:09,4.14,110500,4.15,D
sz000100,TCL科技,2025-10-22 10:35:12,4.15,253100,4.14,U
sz000100,TCL科技,2025-10-22 10:35:15,4.15,211800,4.15,U
sz000100,TCL科技,2025-10-22 10:35:18,4.14,247700,4.15,D
sz000100,TCL科技,2025-10-22 10:35:21,4.15,229900,4.14,U
sz000100,TCL科技,2025-10-22 10:35:24,4.14,77600,4.15,D
sz000100,TCL科技,2025-10-22 10:35:27,4.14,30600,4.14,D
sz000100,TCL科技,2025-10-22 10:35:30,4.14,86900,4.14,D
sz000100,TCL科技,2025-10-22 10:35:33,4.14,21800,4.14,D
sz000100,TCL科技,2025-10-22 10:35:36,4.14,154800,4.14,D
sz000100,TCL科技,2025-10-22 10:35:39,4.15,126000,4.14,U
sz000100,TCL科技,2025-10-22 10:35:42,4.15,182400,4.15,U
sz000100,TCL科技,2025-10-22 10:35:45,4.15,161600,4.15,U
sz000100,TCL科技,2025-10-22 10:35:48,4.15,184400,4.15,U
sz000100,TCL科技,2025-10-22 10:35:51,4.15,146500,4.15,U
sz000100,TCL科技,2025-10-22 10:35:54,4.15,20000,4.15,U
sz000100,TCL科技,2025-10-22 10:35:57,4.14,236100,4.15,D
sz000100,TCL科技,2025-10-22 10:36:00,4.15,49600,4.14,U
sz000100,TCL科技,2025-10-22 10:36:03,4.14,194700,4.15,D
sz000100,TCL科技,2025-10-22 10:36:06,4.15,232800,4.14,U
sz000100,TCL科技,2025-10-22 10:36:09,4.15,135900,4.15,U
sz000100,TCL科技,2025-10-22 10:36:12,4.15,207000,4.15,U
sz000100,TCL科技,2025-10-22 10:36:15,4.15,60300,4.15,U
sz000100,TCL科技,2025-10-22 10:36:18,4.15,236500,4.15,U
sz000100,TCL科技,2025-10-22 10:36:21,4.14,122500,4.15,D
sz000100,TCL科技,2025-10-22 10:36:24,4.15,88800,4.14,U
sz000100,TCL科技,2025-10-22 10:36:27,4.14,83900,4.15,D
sz000100,TCL科技,2025-10-22 10:36:30,4.15,181900,4.14,U
sz000100,TCL科技,2025-10-22 10:36:33,4.15,130300,4.15,U
sz000100,TCL科技,2025-10-22 10:36:36,4.14,178900,4.15,D
sz000100,TCL科技,2025-10-22 10:36:39,4.15,71100,4.14,U
sz000100,TCL科技,2025-10-22 10:36:42,4.14,104500,4.15,D
sz000100,TCL科技,2025-10-22 10:36:45,4.15,68200,4.14,U
sz000100,TCL科技,2025-10-22 10:36:48,4.15,53200,4.15,U
sz000100,TCL科技,2025-10-22 10:36:51,4.15,428200,4.15,U
sz000100,TCL科技,2025-10-22 10:36:54,4.15,166600,4.15,U
sz000100,TCL科技,2025-10-22 10:36:57,4.15,111400,4.15,U
sz000100,TCL科技,2025-10-22 10:37:00,4.15,127100,4.15,U
sz000100,TCL科技,2025-10-22 10:37:03,4.15,188400,4.15,U
sz000100,TCL科技,2025-10-22 10:37:09,4.15,27900,4.15,U
sz000100,TCL科技,2025-10-22 10:37:12,4.15,201300,4.15,U
sz000100,TCL科技,2025-10-22 10:37:15,4.15,84600,4.15,U
sz000100,TCL科技,2025-10-22 10:37:18,4.15,110800,4.15,U
sz000100,TCL科技,2025-10-22 10:37:21,4.15,41500,4.15,U
sz000100,TCL科技,2025-10-22 10:37:24,4.15,180600,4.15,U
sz000100,TCL科技,2025-10-22 10:37:27,4.15,66100,4.15,U
sz000100,TCL科技,2025-10-22 10:37:30,4.15,44800,4.15,U
sz000100,TCL科技,2025-10-22 10:37:36,4.15,184500,4.15,U
sz000100,TCL科技,2025-10-22 10:37:39,4.15,47600,4.15,U
sz000100,TCL科技,2025-10-22 10:37:42,4.15,98400,4.15,U
sz000100,TCL科技,2025-10-22 10:37:45,4.15,206700,4.15,U
sz000100,TCL科技,2025-10-22 10:37:48,4.14,257800,4.15,D
sz000100,TCL科技,2025-10-22 10:37:51,4.15,69100,4.14,U
sz000100,TCL科技,2025-10-22 10:37:54,4.15,71800,4.15,U
sz000100,TCL科技,2025-10-22 10:38:00,4.15,35200,4.15,U
sz000100,TCL科技,2025-10-22 10:38:03,4.14,165300,4.15,D
sz000100,TCL科技,2025-10-22 10:38:06,4.15,30400,4.14,U
sz000100,TCL科技,2025-10-22 10:38:09,4.14,106200,4.15,D
sz000100,TCL科技,2025-10-22 10:38:12,4.14,175500,4.14,D
sz000100,TCL科技,2025-10-22 10:38:15,4.15,102300,4.14,U
sz000100,TCL科技,2025-10-22 10:38:18,4.14,112600,4.15,D
sz000100,TCL科技,2025-10-22 10:38:21,4.15,23600,4.14,U
sz000100,TCL科技,2025-10-22 10:38:24,4.14,140100,4.15,D
sz000100,TCL科技,2025-10-22 10:38:27,4.15,53500,4.14,U
sz000100,TCL科技,2025-10-22 10:38:33,4.14,144800,4.15,D
sz000100,TCL科技,2025-10-22 10:38:36,4.14,131320,4.14,D
sz000100,TCL科技,2025-10-22 10:38:39,4.14,31300,4.14,D
sz000100,TCL科技,2025-10-22 10:38:45,4.14,152700,4.14,D
sz000100,TCL科技,2025-10-22 10:38:48,4.15,104800,4.14,U
sz000100,TCL科技,2025-10-22 10:38:51,4.15,125200,4.15,U
sz000100,TCL科技,2025-10-22 10:38:57,4.14,169400,4.15,D
sz000100,TCL科技,2025-10-22 10:39:00,4.15,36600,4.14,U
sz000100,TCL科技,2025-10-22 10:39:03,4.14,2308500,4.15,D
sz000100,TCL科技,2025-10-22 10:39:06,4.14,1388100,4.14,D
sz000100,TCL科技,2025-10-22 10:39:09,4.14,331600,4.14,D
sz000100,TCL科技,2025-10-22 10:39:12,4.14,69000,4.14,D
sz000100,TCL科技,2025-10-22 10:39:15,4.15,168100,4.14,U
sz000100,TCL科技,2025-10-22 10:39:18,4.14,87500,4.15,D
sz000100,TCL科技,2025-10-22 10:39:21,4.14,87500,4.14,D
sz000100,TCL科技,2025-10-22 10:39:24,4.14,26500,4.14,D
sz000100,TCL科技,2025-10-22 10:39:27,4.14,94000,4.14,D
sz000100,TCL科技,2025-10-22 10:39:30,4.14,166300,4.14,D
sz000100,TCL科技,2025-10-22 10:39:33,4.14,132000,4.14,D
sz000100,TCL科技,2025-10-22 10:39:36,4.14,94700,4.14,D
sz000100,TCL科技,2025-10-22 10:39:39,4.14,508900,4.14,D
sz000100,TCL科技,2025-10-22 10:39:42,4.14,162800,4.14,D
sz000100,TCL科技,2025-10-22 10:39:48,4.14,1481800,4.14,D
sz000100,TCL科技,2025-10-22 10:39:51,4.15,798176,4.14,U
sz000100,TCL科技,2025-10-22 10:39:54,4.14,71200,4.15,D
sz000100,TCL科技,2025-10-22 10:39:57,4.15,754100,4.14,U
sz000100,TCL科技,2025-10-22 10:40:00,4.14,59800,4.15,D
sz000100,TCL科技,2025-10-22 10:40:03,4.14,68800,4.14,D
sz000100,TCL科技,2025-10-22 10:40:06,4.14,183500,4.14,D
sz000100,TCL科技,2025-10-22 10:40:09,4.14,103200,4.14,D
sz000100,TCL科技,2025-10-22 10:40:12,4.14,48040,4.14,D
sz000100,TCL科技,2025-10-22 10:40:15,4.15,1010400,4.14,U
sz000100,TCL科技,2025-10-22 10:40:18,4.15,54800,4.15,U
sz000100,TCL科技,2025-10-22 10:40:27,4.15,25600,4.15,U
sz000100,TCL科技,2025-10-22 10:40:36,4.15,44200,4.15,U
sz000100,TCL科技,2025-10-22 10:40:39,4.15,72900,4.15,U
sz000100,TCL科技,2025-10-22 10:41:21,4.15,34200,4.15,U
sz000100,TCL科技,2025-10-22 10:42:12,4.15,47500,4.15,U
sz000100,TCL科技,2025-10-22 10:42:18,4.15,81900,4.15,U
sz000100,TCL科技,2025-10-22 10:42:21,4.15,27500,4.15,U
sz000100,TCL科技,2025-10-22 10:42:33,4.15,52000,4.15,U
sz000100,TCL科技,2025-10-22 10:43:18,4.16,1254070,4.15,U
sz000100,TCL科技,2025-10-22 10:43:21,4.15,254900,4.16,D
sz000100,TCL科技,2025-10-22 10:43:27,4.15,75400,4.15,D
sz000100,TCL科技,2025-10-22 10:43:30,4.16,51900,4.15,U
sz000100,TCL科技,2025-10-22 10:43:33,4.15,43100,4.16,D
sz000100,TCL科技,2025-10-22 10:43:36,4.15,43700,4.15,D
sz000100,TCL科技,2025-10-22 10:45:21,4.15,23900,4.15,D
sz000100,TCL科技,2025-10-22 10:45:39,4.15,53200,4.16,D
sz000100,TCL科技,2025-10-22 10:45:45,4.15,28000,4.15,D
sz000100,TCL科技,2025-10-22 10:45:48,4.15,28410,4.15,D
sz000100,TCL科技,2025-10-22 10:45:51,4.15,954190,4.15,D
sz000100,TCL科技,2025-10-22 10:46:03,4.15,60700,4.15,U
sz000100,TCL科技,2025-10-22 10:46:12,4.15,26000,4.14,U
sz000100,TCL科技,2025-10-22 10:46:15,4.15,44600,4.15,U
sz000100,TCL科技,2025-10-22 10:46:18,4.15,45600,4.15,U
sz000100,TCL科技,2025-10-22 10:46:48,4.14,81500,4.15,D
sz000100,TCL科技,2025-10-22 10:46:51,4.15,22900,4.14,U
sz000100,TCL科技,2025-10-22 10:47:00,4.14,21000,4.14,D
sz000100,TCL科技,2025-10-22 10:47:03,4.15,50800,4.14,U
sz000100,TCL科技,2025-10-22 10:47:06,4.14,38000,4.15,D
sz000100,TCL科技,2025-10-22 10:47:09,4.15,34900,4.14,U
sz000100,TCL科技,2025-10-22 10:47:15,4.15,31100,4.14,U
sz000100,TCL科技,2025-10-22 10:47:18,4.15,65800,4.15,U
sz000100,TCL科技,2025-10-22 10:47:24,4.15,27500,4.14,U
sz000100,TCL科技,2025-10-22 10:47:27,4.15,26300,4.15,U
sz000100,TCL科技,2025-10-22 10:47:39,4.15,44800,4.15,U
sz000100,TCL科技,2025-10-22 10:47:42,4.15,133000,4.15,U
sz000100,TCL科技,2025-10-22 10:47:48,4.15,23400,4.15,D
sz000100,TCL科技,2025-10-22 10:47:54,4.15,33800,4.15,D
sz000100,TCL科技,2025-10-22 10:48:06,4.16,93000,4.16,U
sz000100,TCL科技,2025-10-22 10:48:12,4.15,59600,4.15,D
sz000100,TCL科技,2025-10-22 10:48:27,4.15,32600,4.16,D
sz000100,TCL科技,2025-10-22 10:48:57,4.16,21700,4.16,U
sz000100,TCL科技,2025-10-22 10:49:00,4.15,122210,4.16,D
sz000100,TCL科技,2025-10-22 10:49:24,4.16,62200,4.15,U
sz000100,TCL科技,2025-10-22 10:49:45,4.15,110000,4.15,D
sz000100,TCL科技,2025-10-22 10:50:36,4.15,78100,4.16,D
sz000100,TCL科技,2025-10-22 10:51:09,4.15,119700,4.16,D
sz000100,TCL科技,2025-10-22 10:51:12,4.15,44800,4.15,D
sz000100,TCL科技,2025-10-22 10:51:30,4.16,21200,4.16,U
sz000100,TCL科技,2025-10-22 10:51:39,4.16,20900,4.15,U
sz000100,TCL科技,2025-10-22 10:52:27,4.15,105600,4.16,D
sz000100,TCL科技,2025-10-22 10:52:42,4.15,20480,4.16,D
sz000100,TCL科技,2025-10-22 10:52:51,4.14,807610,4.15,D
sz000100,TCL科技,2025-10-22 10:53:15,4.14,27700,4.14,D
sz000100,TCL科技,2025-10-22 10:53:18,4.15,67200,4.14,U
sz000100,TCL科技,2025-10-22 10:53:54,4.15,107700,4.14,U
sz000100,TCL科技,2025-10-22 10:53:57,4.15,41300,4.15,U
sz000100,TCL科技,2025-10-22 10:54:00,4.14,50000,4.15,D
sz000100,TCL科技,2025-10-22 10:54:03,4.14,63300,4.14,D
sz000100,TCL科技,2025-10-22 10:54:09,4.15,112200,4.14,U
sz000100,TCL科技,2025-10-22 10:54:18,4.15,102400,4.15,U
sz000100,TCL科技,2025-10-22 10:54:21,4.15,157600,4.15,U
sz000100,TCL科技,2025-10-22 10:54:42,4.14,38800,4.14,D
sz000100,TCL科技,2025-10-22 10:55:03,4.15,190500,4.14,U
sz000100,TCL科技,2025-10-22 10:55:27,4.15,24020,4.14,U
sz000100,TCL科技,2025-10-22 10:56:06,4.15,21500,4.15,U
sz000100,TCL科技,2025-10-22 10:56:15,4.15,43000,4.15,U
sz000100,TCL科技,2025-10-22 10:56:36,4.14,131000,4.15,D
sz000100,TCL科技,2025-10-22 10:56:48,4.14,20800,4.15,D
sz000100,TCL科技,2025-10-22 10:57:36,4.14,115800,4.15,D
sz000100,TCL科技,2025-10-22 10:58:03,4.14,25500,4.14,D
sz000100,TCL科技,2025-10-22 10:59:03,4.15,54500,4.15,U
sz000100,TCL科技,2025-10-22 10:59:42,4.15,23200,4.15,U
sz000100,TCL科技,2025-10-22 11:00:06,4.15,33400,4.15,U
sz000100,TCL科技,2025-10-22 11:00:09,4.14,36100,4.15,D
sz000100,TCL科技,2025-10-22 11:00:12,4.14,99900,4.14,D
sz000100,TCL科技,2025-10-22 11:00:27,4.14,33000,4.14,D
sz000100,TCL科技,2025-10-22 11:00:30,4.15,98300,4.14,U
sz000100,TCL科技,2025-10-22 11:00:33,4.14,78300,4.15,D
sz000100,TCL科技,2025-10-22 11:00:39,4.14,195000,4.15,D
sz000100,TCL科技,2025-10-22 11:00:42,4.14,746100,4.14,D
sz000100,TCL科技,2025-10-22 11:00:45,4.15,33000,4.14,U
sz000100,TCL科技,2025-10-22 11:00:54,4.14,66400,4.15,D
sz000100,TCL科技,2025-10-22 11:00:57,4.14,34900,4.14,D
sz000100,TCL科技,2025-10-22 11:01:39,4.14,26900,4.14,D
sz000100,TCL科技,2025-10-22 11:01:42,4.14,54900,4.14,D
sz000100,TCL科技,2025-10-22 11:01:57,4.14,53400,4.14,D
sz000100,TCL科技,2025-10-22 11:03:15,4.15,33000,4.15,U
sz000100,TCL科技,2025-10-22 11:04:15,4.15,42800,4.15,U
sz000100,TCL科技,2025-10-22 11:04:18,4.14,1000800,4.15,D
sz000100,TCL科技,2025-10-22 11:04:24,4.14,32500,4.15,D
sz000100,TCL科技,2025-10-22 11:05:12,4.15,220700,4.14,U
sz000100,TCL科技,2025-10-22 11:05:18,4.14,33200,4.15,D
sz000100,TCL科技,2025-10-22 11:05:33,4.15,31900,4.14,U
sz000100,TCL科技,2025-10-22 11:05:36,4.14,24200,4.15,D
sz000100,TCL科技,2025-10-22 11:06:30,4.15,35700,4.14,U
sz000100,TCL科技,2025-10-22 11:06:45,4.14,32500,4.15,D
sz000100,TCL科技,2025-10-22 11:06:51,4.14,35600,4.14,D
sz000100,TCL科技,2025-10-22 11:06:57,4.14,39600,4.14,D
sz000100,TCL科技,2025-10-22 11:07:12,4.15,27100,4.14,U
sz000100,TCL科技,2025-10-22 11:07:24,4.15,41000,4.14,U
sz000100,TCL科技,2025-10-22 11:07:48,4.14,500700,4.14,D
sz000100,TCL科技,2025-10-22 11:07:57,4.15,32600,4.15,U
sz000100,TCL科技,2025-10-22 11:08:03,4.15,291800,4.15,U
sz000100,TCL科技,2025-10-22 11:08:27,4.15,25000,4.14,U
sz000100,TCL科技,2025-10-22 11:08:48,4.15,69500,4.14,U
sz000100,TCL科技,2025-10-22 11:09:03,4.14,32500,4.14,D
sz000100,TCL科技,2025-10-22 11:09:33,4.15,55100,4.14,U
sz000100,TCL科技,2025-10-22 11:10:12,4.15,33000,4.15,U
sz000100,TCL科技,2025-10-22 11:10:15,4.14,227500,4.15,D
sz000100,TCL科技,2025-10-22 11:10:39,4.15,303200,4.15,U
sz000100,TCL科技,2025-10-22 11:11:03,4.15,65100,4.15,U
sz000100,TCL科技,2025-10-22 11:12:06,4.14,29200,4.14,D
sz000100,TCL科技,2025-10-22 11:12:36,4.15,32800,4.15,U
sz000100,TCL科技,2025-10-22 11:12:48,4.14,33700,4.15,D
sz000100,TCL科技,2025-10-22 11:13:00,4.15,200200,4.14,U
sz000100,TCL科技,2025-10-22 11:13:03,4.15,205000,4.15,U
sz000100,TCL科技,2025-10-22 11:13:18,4.15,39300,4.14,U
sz000100,TCL科技,2025-10-22 11:13:27,4.14,32500,4.15,D
sz000100,TCL科技,2025-10-22 11:14:12,4.14,130500,4.14,D
sz000100,TCL科技,2025-10-22 11:14:21,4.14,305000,4.15,D
sz000100,TCL科技,2025-10-22 11:16:09,4.15,22900,4.15,U
sz000100,TCL科技,2025-10-22 11:16:30,4.14,65800,4.14,D
sz000100,TCL科技,2025-10-22 11:17:15,4.14,33000,4.15,D
sz000100,TCL科技,2025-10-22 11:18:48,4.14,88100,4.15,D
sz000100,TCL科技,2025-10-22 11:19:03,4.15,42600,4.14,U
sz000100,TCL科技,2025-10-22 11:20:06,4.15,34000,4.15,U
sz000100,TCL科技,2025-10-22 11:20:21,4.14,242200,4.15,D
sz000100,TCL科技,2025-10-22 11:20:48,4.14,102500,4.14,D
sz000100,TCL科技,2025-10-22 11:21:03,4.14,23900,4.14,D
sz000100,TCL科技,2025-10-22 11:21:27,4.14,76800,4.14,D
sz000100,TCL科技,2025-10-22 11:21:33,4.15,23000,4.14,U
sz000100,TCL科技,2025-10-22 11:21:45,4.14,24700,4.14,D
sz000100,TCL科技,2025-10-22 11:22:27,4.14,32500,4.15,D
sz000100,TCL科技,2025-10-22 11:22:36,4.14,108200,4.15,D
sz000100,TCL科技,2025-10-22 11:22:57,4.15,30900,4.15,U
sz000100,TCL科技,2025-10-22 11:23:03,4.14,34900,4.14,D
sz000100,TCL科技,2025-10-22 11:23:12,4.14,56300,4.15,D
sz000100,TCL科技,2025-10-22 11:23:36,4.14,21000,4.14,D
sz000100,TCL科技,2025-10-22 11:23:57,4.15,48500,4.15,U
sz000100,TCL科技,2025-10-22 11:24:00,4.15,47000,4.15,U
sz000100,TCL科技,2025-10-22 11:24:06,4.14,48400,4.15,D
sz000100,TCL科技,2025-10-22 11:24:54,4.14,27100,4.14,D
sz000100,TCL科技,2025-10-22 11:25:45,4.15,49900,4.15,U
sz000100,TCL科技,2025-10-22 11:25:48,4.15,27400,4.15,U
sz000100,TCL科技,2025-10-22 11:25:54,4.14,672700,4.14,D
sz000100,TCL科技,2025-10-22 11:26:06,4.14,34300,4.14,D
sz000100,TCL科技,2025-10-22 11:26:12,4.15,27100,4.15,U
sz000100,TCL科技,2025-10-22 11:26:18,4.14,174500,4.15,D
sz000100,TCL科技,2025-10-22 11:26:21,4.15,129300,4.14,U
sz000100,TCL科技,2025-10-22 11:26:39,4.14,26900,4.14,D
sz000100,TCL科技,2025-10-22 11:26:45,4.15,1072000,4.15,U
sz000100,TCL科技,2025-10-22 11:26:51,4.14,327800,4.14,D
sz000100,TCL科技,2025-10-22 11:27:27,4.15,50300,4.14,U
sz000100,TCL科技,2025-10-22 11:28:21,4.14,1003800,4.14,D
sz000100,TCL科技,2025-10-22 11:28:27,4.14,48600,4.14,D
sz000100,TCL科技,2025-10-22 11:28:33,4.14,67300,4.14,D
sz000100,TCL科技,2025-10-22 11:28:39,4.14,77700,4.14,D
sz000100,TCL科技,2025-10-22 11:29:03,4.14,270700,4.14,D
sz000100,TCL科技,2025-10-22 11:29:06,4.14,2385000,4.14,D
sz000100,TCL科技,2025-10-22 11:29:09,4.14,64700,4.14,U
sz000100,TCL科技,2025-10-22 11:29:15,4.14,27000,4.14,U
sz000100,TCL科技,2025-10-22 11:29:33,4.14,192600,4.14,U
sz000100,TCL科技,2025-10-22 11:29:45,4.14,30300,4.14,U
sz000100,TCL科技,2025-10-22 13:00:00,4.14,201520,4.14,U
sz000100,TCL科技,2025-10-22 13:00:03,4.14,702330,4.14,U
sz000100,TCL科技,2025-10-22 13:00:09,4.14,174300,4.14,U
sz000100,TCL科技,2025-10-22 13:00:15,4.14,759200,4.13,U
sz000100,TCL科技,2025-10-22 13:00:18,4.14,23000,4.14,D
sz000100,TCL科技,2025-10-22 13:00:30,4.14,33000,4.14,D
sz000100,TCL科技,2025-10-22 13:01:15,4.14,65000,4.14,D
sz000100,TCL科技,2025-10-22 13:01:18,4.14,29100,4.14,D
sz000100,TCL科技,2025-10-22 13:01:27,4.15,32500,4.14,U
sz000100,TCL科技,2025-10-22 13:01:33,4.14,97800,4.15,D
sz000100,TCL科技,2025-10-22 13:01:36,4.14,35700,4.14,D
sz000100,TCL科技,2025-10-22 13:01:51,4.14,67300,4.15,D
sz000100,TCL科技,2025-10-22 13:02:12,4.15,33000,4.15,U
sz000100,TCL科技,2025-10-22 13:02:33,4.14,32700,4.14,D
sz000100,TCL科技,2025-10-22 13:03:03,4.14,54300,4.14,D
sz000100,TCL科技,2025-10-22 13:03:39,4.15,35000,4.14,U
sz000100,TCL科技,2025-10-22 13:04:03,4.14,32500,4.14,D
sz000100,TCL科技,2025-10-22 13:04:18,4.15,20400,4.14,U
sz000100,TCL科技,2025-10-22 13:04:24,4.14,21900,4.15,D
sz000100,TCL科技,2025-10-22 13:04:36,4.14,35200,4.14,D
sz000100,TCL科技,2025-10-22 13:05:33,4.14,42800,4.15,D
sz000100,TCL科技,2025-10-22 13:07:18,4.15,26000,4.14,U
sz000100,TCL科技,2025-10-22 13:08:18,4.15,39300,4.14,U
sz000100,TCL科技,2025-10-22 13:09:12,4.14,26100,4.14,D
sz000100,TCL科技,2025-10-22 13:09:21,4.15,101600,4.14,U
sz000100,TCL科技,2025-10-22 13:09:33,4.14,36300,4.15,D
sz000100,TCL科技,2025-10-22 13:10:15,4.15,46000,4.15,U
sz000100,TCL科技,2025-10-22 13:10:48,4.15,68100,4.15,U
sz000100,TCL科技,2025-10-22 13:11:06,4.14,83600,4.15,D
sz000100,TCL科技,2025-10-22 13:11:18,4.14,20900,4.14,D
sz000100,TCL科技,2025-10-22 13:11:39,4.15,116800,4.15,U
sz000100,TCL科技,2025-10-22 13:11:48,4.15,30600,4.15,U
sz000100,TCL科技,2025-10-22 13:12:15,4.15,25400,4.15,U
sz000100,TCL科技,2025-10-22 13:12:39,4.15,53600,4.14,U
sz000100,TCL科技,2025-10-22 13:13:15,4.14,39400,4.15,D
sz000100,TCL科技,2025-10-22 13:14:03,4.14,20800,4.15,D
sz000100,TCL科技,2025-10-22 13:14:21,4.14,1000500,4.15,D
sz000100,TCL科技,2025-10-22 13:14:33,4.14,43100,4.15,D
sz000100,TCL科技,2025-10-22 13:14:54,4.14,32600,4.15,D
sz000100,TCL科技,2025-10-22 13:15:00,4.15,1031900,4.14,U
sz000100,TCL科技,2025-10-22 13:15:09,4.14,1012600,4.15,D
sz000100,TCL科技,2025-10-22 13:15:36,4.15,102900,4.14,U
sz000100,TCL科技,2025-10-22 13:15:45,4.14,30800,4.14,D
sz000100,TCL科技,2025-10-22 13:15:51,4.15,1014600,4.14,U
sz000100,TCL科技,2025-10-22 13:17:09,4.14,102100,4.15,D
sz000100,TCL科技,2025-10-22 13:17:18,4.15,43600,4.15,U
sz000100,TCL科技,2025-10-22 13:17:21,4.14,111300,4.15,D
sz000100,TCL科技,2025-10-22 13:17:24,4.14,41700,4.14,D
sz000100,TCL科技,2025-10-22 13:17:27,4.14,22200,4.14,D
sz000100,TCL科技,2025-10-22 13:17:45,4.14,36300,4.14,D
sz000100,TCL科技,2025-10-22 13:18:09,4.14,37800,4.14,D
sz000100,TCL科技,2025-10-22 13:18:48,4.14,70000,4.14,D
sz000100,TCL科技,2025-10-22 13:18:51,4.14,25800,4.14,D
sz000100,TCL科技,2025-10-22 13:18:54,4.15,34000,4.14,U
sz000100,TCL科技,2025-10-22 13:19:21,4.14,43300,4.14,D
sz000100,TCL科技,2025-10-22 13:19:27,4.14,26600,4.15,D
sz000100,TCL科技,2025-10-22 13:20:09,4.14,82100,4.15,D
sz000100,TCL科技,2025-10-22 13:20:18,4.14,43800,4.14,D
sz000100,TCL科技,2025-10-22 13:21:03,4.15,116100,4.15,U
sz000100,TCL科技,2025-10-22 13:21:09,4.15,45600,4.15,U
sz000100,TCL科技,2025-10-22 13:21:15,4.15,43700,4.15,U
sz000100,TCL科技,2025-10-22 13:21:24,4.15,23900,4.15,U
sz000100,TCL科技,2025-10-22 13:21:39,4.15,23800,4.15,U
sz000100,TCL科技,2025-10-22 13:22:03,4.15,5394744,4.14,U
sz000100,TCL科技,2025-10-22 13:22:06,4.15,23300,4.15,D
sz000100,TCL科技,2025-10-22 13:22:09,4.15,119400,4.15,D
sz000100,TCL科技,2025-10-22 13:22:15,4.15,21600,4.15,D
sz000100,TCL科技,2025-10-22 13:23:21,4.16,186200,4.15,U
sz000100,TCL科技,2025-10-22 13:23:48,4.15,20500,4.15,D
sz000100,TCL科技,2025-10-22 13:23:57,4.15,137400,4.15,D
sz000100,TCL科技,2025-10-22 13:24:00,4.15,64400,4.15,D
sz000100,TCL科技,2025-10-22 13:24:33,4.15,58100,4.15,D
sz000100,TCL科技,2025-10-22 13:24:39,4.16,37200,4.15,U
sz000100,TCL科技,2025-10-22 13:25:24,4.15,32600,4.15,D
sz000100,TCL科技,2025-10-22 13:26:06,4.15,39200,4.15,D
sz000100,TCL科技,2025-10-22 13:26:21,4.16,23100,4.15,U
sz000100,TCL科技,2025-10-22 13:26:27,4.15,21700,4.15,D
sz000100,TCL科技,2025-10-22 13:26:39,4.15,25800,4.15,D
sz000100,TCL科技,2025-10-22 13:27:15,4.16,50400,4.15,U
sz000100,TCL科技,2025-10-22 13:27:33,4.16,58300,4.16,U
sz000100,TCL科技,2025-10-22 13:27:54,4.16,37400,4.15,U
sz000100,TCL科技,2025-10-22 13:28:15,4.15,45500,4.16,D
sz000100,TCL科技,2025-10-22 13:28:30,4.16,87700,4.15,U
sz000100,TCL科技,2025-10-22 13:28:33,4.15,23200,4.16,D
sz000100,TCL科技,2025-10-22 13:28:36,4.15,48100,4.15,D
sz000100,TCL科技,2025-10-22 13:28:57,4.15,466800,4.16,D
sz000100,TCL科技,2025-10-22 13:29:00,4.15,28400,4.15,D
sz000100,TCL科技,2025-10-22 13:29:09,4.15,31500,4.15,D
sz000100,TCL科技,2025-10-22 13:29:30,4.15,20500,4.16,D
sz000100,TCL科技,2025-10-22 13:30:09,4.15,40200,4.15,D
sz000100,TCL科技,2025-10-22 13:30:48,4.16,20300,4.16,U
sz000100,TCL科技,2025-10-22 13:30:57,4.16,71300,4.16,U
sz000100,TCL科技,2025-10-22 13:31:30,4.15,43370,4.15,D
sz000100,TCL科技,2025-10-22 13:32:27,4.15,32100,4.16,D
sz000100,TCL科技,2025-10-22 13:32:48,4.15,47000,4.15,D
sz000100,TCL科技,2025-10-22 13:33:30,4.16,392000,4.16,U
sz000100,TCL科技,2025-10-22 13:33:48,4.15,25200,4.16,D
sz000100,TCL科技,2025-10-22 13:34:18,4.15,35700,4.15,D
sz000100,TCL科技,2025-10-22 13:34:33,4.15,33300,4.15,D
sz000100,TCL科技,2025-10-22 13:34:45,4.15,57100,4.15,D
sz000100,TCL科技,2025-10-22 13:34:48,4.16,36100,4.15,U
sz000100,TCL科技,2025-10-22 13:35:00,4.16,27500,4.16,U
sz000100,TCL科技,2025-10-22 13:35:06,4.15,22300,4.16,D
sz000100,TCL科技,2025-10-22 13:35:12,4.15,505600,4.15,D
sz000100,TCL科技,2025-10-22 13:35:18,4.15,24800,4.15,D
sz000100,TCL科技,2025-10-22 13:35:21,4.15,43400,4.15,D
sz000100,TCL科技,2025-10-22 13:35:36,4.15,50000,4.15,D
sz000100,TCL科技,2025-10-22 13:35:51,4.15,21300,4.16,D
sz000100,TCL科技,2025-10-22 13:35:57,4.16,22100,4.15,U
sz000100,TCL科技,2025-10-22 13:36:00,4.15,50200,4.16,D
sz000100,TCL科技,2025-10-22 13:36:06,4.16,23500,4.16,U
sz000100,TCL科技,2025-10-22 13:36:15,4.16,220200,4.16,U
sz000100,TCL科技,2025-10-22 13:36:24,4.15,95200,4.16,D
sz000100,TCL科技,2025-10-22 13:37:12,4.15,43800,4.15,D
sz000100,TCL科技,2025-10-22 13:37:33,4.16,47000,4.16,U
sz000100,TCL科技,2025-10-22 13:37:48,4.15,506200,4.16,D
sz000100,TCL科技,2025-10-22 13:37:51,4.15,589900,4.15,D
sz000100,TCL科技,2025-10-22 13:37:54,4.16,282500,4.15,U
sz000100,TCL科技,2025-10-22 13:38:12,4.15,99000,4.15,D
sz000100,TCL科技,2025-10-22 13:38:21,4.15,27000,4.15,D
sz000100,TCL科技,2025-10-22 13:38:27,4.15,97200,4.15,D
sz000100,TCL科技,2025-10-22 13:38:30,4.15,22100,4.15,D
sz000100,TCL科技,2025-10-22 13:38:42,4.15,72700,4.15,D
sz000100,TCL科技,2025-10-22 13:38:45,4.16,20100,4.15,U
sz000100,TCL科技,2025-10-22 13:38:48,4.16,32500,4.16,U
sz000100,TCL科技,2025-10-22 13:38:57,4.16,39000,4.15,U
sz000100,TCL科技,2025-10-22 13:39:03,4.15,43400,4.15,D
sz000100,TCL科技,2025-10-22 13:39:12,4.16,112000,4.15,U
sz000100,TCL科技,2025-10-22 13:39:27,4.15,34700,4.15,D
sz000100,TCL科技,2025-10-22 13:39:36,4.15,22200,4.15,D
sz000100,TCL科技,2025-10-22 13:39:39,4.15,79400,4.15,D
sz000100,TCL科技,2025-10-22 13:39:57,4.15,1927178,4.15,D
sz000100,TCL科技,2025-10-22 13:40:00,4.15,279500,4.15,U
sz000100,TCL科技,2025-10-22 13:40:03,4.15,49100,4.15,U
sz000100,TCL科技,2025-10-22 13:40:12,4.14,34800,4.15,D
sz000100,TCL科技,2025-10-22 13:40:27,4.14,26300,4.14,D
sz000100,TCL科技,2025-10-22 13:40:54,4.14,24400,4.15,D
sz000100,TCL科技,2025-10-22 13:40:57,4.15,28200,4.14,U
sz000100,TCL科技,2025-10-22 13:41:03,4.14,21000,4.15,D
sz000100,TCL科技,2025-10-22 13:41:09,4.15,52200,4.14,U
sz000100,TCL科技,2025-10-22 13:41:27,4.15,20700,4.14,U
sz000100,TCL科技,2025-10-22 13:41:48,4.14,45000,4.14,D
sz000100,TCL科技,2025-10-22 13:42:00,4.15,22800,4.14,U
sz000100,TCL科技,2025-10-22 13:42:15,4.15,56100,4.15,U
sz000100,TCL科技,2025-10-22 13:42:18,4.15,20000,4.15,U
sz000100,TCL科技,2025-10-22 13:43:18,4.14,25900,4.14,D
sz000100,TCL科技,2025-10-22 13:43:51,4.14,21800,4.14,D
sz000100,TCL科技,2025-10-22 13:43:57,4.15,29400,4.14,U
sz000100,TCL科技,2025-10-22 13:44:00,4.14,28900,4.15,D
sz000100,TCL科技,2025-10-22 13:44:45,4.14,21300,4.14,D
sz000100,TCL科技,2025-10-22 13:44:57,4.15,22200,4.14,U
sz000100,TCL科技,2025-10-22 13:45:03,4.14,59400,4.14,D
sz000100,TCL科技,2025-10-22 13:45:18,4.14,35200,4.14,D
sz000100,TCL科技,2025-10-22 13:45:21,4.14,89300,4.14,D
sz000100,TCL科技,2025-10-22 13:45:24,4.14,35300,4.14,D
sz000100,TCL科技,2025-10-22 13:45:27,4.14,21900,4.14,D
sz000100,TCL科技,2025-10-22 13:46:00,4.14,45800,4.14,D
sz000100,TCL科技,2025-10-22 13:46:27,4.14,24900,4.15,D
sz000100,TCL科技,2025-10-22 13:46:48,4.15,62400,4.14,U
sz000100,TCL科技,2025-10-22 13:47:06,4.14,30900,4.14,D
sz000100,TCL科技,2025-10-22 13:47:18,4.15,34000,4.14,U
sz000100,TCL科技,2025-10-22 13:47:21,4.15,34200,4.15,U
sz000100,TCL科技,2025-10-22 13:47:27,4.14,25700,4.14,D
sz000100,TCL科技,2025-10-22 13:47:57,4.14,62200,4.14,D
sz000100,TCL科技,2025-10-22 13:48:33,4.14,28000,4.14,D
sz000100,TCL科技,2025-10-22 13:48:51,4.15,23300,4.14,U
sz000100,TCL科技,2025-10-22 13:48:57,4.14,20800,4.14,D
sz000100,TCL科技,2025-10-22 13:49:06,4.14,26500,4.14,D
sz000100,TCL科技,2025-10-22 13:49:21,4.15,30800,4.14,U
sz000100,TCL科技,2025-10-22 13:49:27,4.15,84500,4.14,U
sz000100,TCL科技,2025-10-22 13:49:36,4.14,57800,4.14,D
sz000100,TCL科技,2025-10-22 13:49:48,4.14,32700,4.14,D
sz000100,TCL科技,2025-10-22 13:50:36,4.14,45600,4.15,D
sz000100,TCL科技,2025-10-22 13:50:57,4.14,20000,4.14,D
sz000100,TCL科技,2025-10-22 13:51:21,4.15,22400,4.14,U
sz000100,TCL科技,2025-10-22 13:51:33,4.14,22600,4.14,D
sz000100,TCL科技,2025-10-22 13:51:36,4.15,22500,4.14,U
sz000100,TCL科技,2025-10-22 13:51:42,4.14,116200,4.14,D
sz000100,TCL科技,2025-10-22 13:52:06,4.14,23200,4.14,D
sz000100,TCL科技,2025-10-22 13:52:57,4.14,22900,4.14,D
sz000100,TCL科技,2025-10-22 13:53:27,4.14,74700,4.14,D
sz000100,TCL科技,2025-10-22 13:54:09,4.14,33800,4.14,D
sz000100,TCL科技,2025-10-22 13:54:27,4.14,20000,4.14,D
sz000100,TCL科技,2025-10-22 13:54:57,4.15,26000,4.15,U
sz000100,TCL科技,2025-10-22 13:55:06,4.14,37100,4.14,D
sz000100,TCL科技,2025-10-22 13:55:21,4.15,70500,4.14,U
sz000100,TCL科技,2025-10-22 13:55:30,4.15,51400,4.14,U
sz000100,TCL科技,2025-10-22 13:55:36,4.14,20200,4.14,D
sz000100,TCL科技,2025-10-22 13:55:57,4.15,25600,4.14,U
sz000100,TCL科技,2025-10-22 13:56:03,4.15,59900,4.14,U
sz000100,TCL科技,2025-10-22 13:56:51,4.15,82900,4.15,U
sz000100,TCL科技,2025-10-22 13:57:27,4.14,24100,4.14,D
sz000100,TCL科技,2025-10-22 13:57:30,4.14,44500,4.14,D
sz000100,TCL科技,2025-10-22 13:57:48,4.14,22000,4.14,D
sz000100,TCL科技,2025-10-22 13:57:51,4.15,26200,4.14,U
sz000100,TCL科技,2025-10-22 13:58:06,4.15,29700,4.14,U
sz000100,TCL科技,2025-10-22 13:58:12,4.15,109700,4.15,U
sz000100,TCL科技,2025-10-22 13:58:18,4.14,26100,4.14,D
sz000100,TCL科技,2025-10-22 13:58:21,4.15,23900,4.14,U
sz000100,TCL科技,2025-10-22 13:58:27,4.15,29400,4.14,U
sz000100,TCL科技,2025-10-22 13:58:33,4.14,39500,4.14,D
sz000100,TCL科技,2025-10-22 13:58:36,4.15,36300,4.14,U
sz000100,TCL科技,2025-10-22 13:58:42,4.14,20200,4.14,D
sz000100,TCL科技,2025-10-22 13:58:48,4.14,28000,4.14,D
sz000100,TCL科技,2025-10-22 13:58:51,4.15,24500,4.14,U
sz000100,TCL科技,2025-10-22 13:58:57,4.15,34300,4.14,U
sz000100,TCL科技,2025-10-22 13:59:03,4.14,52200,4.14,D
sz000100,TCL科技,2025-10-22 13:59:12,4.15,30500,4.14,U
sz000100,TCL科技,2025-10-22 13:59:18,4.15,26100,4.14,U
sz000100,TCL科技,2025-10-22 13:59:24,4.14,25200,4.15,D
sz000100,TCL科技,2025-10-22 13:59:27,4.15,28400,4.14,U
sz000100,TCL科技,2025-10-22 13:59:30,4.15,29400,4.15,U
sz000100,TCL科技,2025-10-22 13:59:36,4.14,40900,4.15,D
sz000100,TCL科技,2025-10-22 14:00:06,4.14,121100,4.14,D
sz000100,TCL科技,2025-10-22 14:00:12,4.14,280200,4.14,D
sz000100,TCL科技,2025-10-22 14:00:27,4.14,38400,4.14,D
sz000100,TCL科技,2025-10-22 14:00:33,4.14,62400,4.14,D
sz000100,TCL科技,2025-10-22 14:00:36,4.14,56900,4.14,D
sz000100,TCL科技,2025-10-22 14:00:45,4.14,28500,4.14,D
sz000100,TCL科技,2025-10-22 14:00:48,4.14,33500,4.14,D
sz000100,TCL科技,2025-10-22 14:00:54,4.14,205900,4.14,D
sz000100,TCL科技,2025-10-22 14:00:57,4.14,41100,4.14,D
sz000100,TCL科技,2025-10-22 14:01:12,4.14,22500,4.15,D
sz000100,TCL科技,2025-10-22 14:01:24,4.15,79300,4.14,U
sz000100,TCL科技,2025-10-22 14:01:27,4.14,38500,4.15,D
sz000100,TCL科技,2025-10-22 14:01:30,4.14,110400,4.14,D
sz000100,TCL科技,2025-10-22 14:01:36,4.14,55800,4.14,D
sz000100,TCL科技,2025-10-22 14:01:48,4.14,22300,4.15,D
sz000100,TCL科技,2025-10-22 14:01:57,4.14,21400,4.14,D
sz000100,TCL科技,2025-10-22 14:02:06,4.14,22000,4.14,D
sz000100,TCL科技,2025-10-22 14:02:24,4.14,40300,4.14,D
sz000100,TCL科技,2025-10-22 14:02:27,4.14,24600,4.14,D
sz000100,TCL科技,2025-10-22 14:02:42,4.14,31700,4.14,D
sz000100,TCL科技,2025-10-22 14:02:48,4.14,22100,4.14,D
sz000100,TCL科技,2025-10-22 14:02:57,4.14,20600,4.14,D
sz000100,TCL科技,2025-10-22 14:03:00,4.14,58900,4.14,D
sz000100,TCL科技,2025-10-22 14:03:06,4.14,64400,4.14,D
sz000100,TCL科技,2025-10-22 14:03:09,4.15,31800,4.14,U
sz000100,TCL科技,2025-10-22 14:03:15,4.14,53000,4.14,D
sz000100,TCL科技,2025-10-22 14:03:27,4.14,24800,4.15,D
sz000100,TCL科技,2025-10-22 14:03:48,4.14,21300,4.14,D
sz000100,TCL科技,2025-10-22 14:04:12,4.15,22800,4.14,U
sz000100,TCL科技,2025-10-22 14:04:27,4.14,20200,4.15,D
sz000100,TCL科技,2025-10-22 14:05:00,4.14,86000,4.14,D
sz000100,TCL科技,2025-10-22 14:05:03,4.14,654400,4.14,D
sz000100,TCL科技,2025-10-22 14:05:12,4.15,103300,4.15,U
sz000100,TCL科技,2025-10-22 14:06:27,4.14,24800,4.14,D
sz000100,TCL科技,2025-10-22 14:06:45,4.14,22100,4.15,D
sz000100,TCL科技,2025-10-22 14:06:48,4.14,91600,4.14,D
sz000100,TCL科技,2025-10-22 14:07:12,4.14,64100,4.14,D
sz000100,TCL科技,2025-10-22 14:07:15,4.14,58200,4.14,D
sz000100,TCL科技,2025-10-22 14:07:33,4.14,88700,4.14,D
sz000100,TCL科技,2025-10-22 14:07:48,4.15,24400,4.15,U
sz000100,TCL科技,2025-10-22 14:07:51,4.14,20300,4.15,D
sz000100,TCL科技,2025-10-22 14:08:00,4.14,46400,4.14,D
sz000100,TCL科技,2025-10-22 14:08:33,4.15,25490,4.14,U
sz000100,TCL科技,2025-10-22 14:08:42,4.15,50800,4.15,U
sz000100,TCL科技,2025-10-22 14:09:03,4.14,24800,4.14,D
sz000100,TCL科技,2025-10-22 14:09:27,4.14,33800,4.14,D
sz000100,TCL科技,2025-10-22 14:09:39,4.14,64800,4.14,D
sz000100,TCL科技,2025-10-22 14:10:00,4.15,40500,4.14,U
sz000100,TCL科技,2025-10-22 14:10:18,4.15,27800,4.14,U
sz000100,TCL科技,2025-10-22 14:10:45,4.14,25000,4.14,D
sz000100,TCL科技,2025-10-22 14:10:48,4.14,41900,4.14,D
sz000100,TCL科技,2025-10-22 14:11:15,4.14,170000,4.15,D
sz000100,TCL科技,2025-10-22 14:11:45,4.14,23600,4.14,D
sz000100,TCL科技,2025-10-22 14:12:09,4.14,27600,4.14,D
sz000100,TCL科技,2025-10-22 14:12:15,4.14,48800,4.14,D
sz000100,TCL科技,2025-10-22 14:12:18,4.14,23300,4.14,D
sz000100,TCL科技,2025-10-22 14:12:27,4.14,37687,4.14,D
sz000100,TCL科技,2025-10-22 14:12:30,4.15,25500,4.14,U
sz000100,TCL科技,2025-10-22 14:13:06,4.15,47900,4.14,U
sz000100,TCL科技,2025-10-22 14:14:06,4.15,202200,4.15,U
sz000100,TCL科技,2025-10-22 14:14:36,4.15,115300,4.15,U
sz000100,TCL科技,2025-10-22 14:14:39,4.14,228500,4.15,D
sz000100,TCL科技,2025-10-22 14:14:42,4.14,51000,4.14,D
sz000100,TCL科技,2025-10-22 14:15:12,4.15,50800,4.15,U
sz000100,TCL科技,2025-10-22 14:15:15,4.15,32700,4.15,U
sz000100,TCL科技,2025-10-22 14:15:27,4.15,35200,4.15,U
sz000100,TCL科技,2025-10-22 14:15:57,4.15,20000,4.14,U
sz000100,TCL科技,2025-10-22 14:16:00,4.14,26300,4.15,D
sz000100,TCL科技,2025-10-22 14:16:27,4.15,35100,4.15,U
sz000100,TCL科技,2025-10-22 14:16:36,4.14,51300,4.14,D
sz000100,TCL科技,2025-10-22 14:16:45,4.15,53900,4.15,U
sz000100,TCL科技,2025-10-22 14:16:51,4.14,29200,4.15,D
sz000100,TCL科技,2025-10-22 14:18:18,4.14,23800,4.14,D
sz000100,TCL科技,2025-10-22 14:18:27,4.15,21400,4.15,U
sz000100,TCL科技,2025-10-22 14:19:45,4.15,20800,4.15,U
sz000100,TCL科技,2025-10-22 14:19:51,4.15,20300,4.15,U
sz000100,TCL科技,2025-10-22 14:20:15,4.15,44300,4.15,U
sz000100,TCL科技,2025-10-22 14:21:15,4.14,75300,4.15,D
sz000100,TCL科技,2025-10-22 14:22:03,4.14,26400,4.14,D
sz000100,TCL科技,2025-10-22 14:22:15,4.15,21000,4.15,U
sz000100,TCL科技,2025-10-22 14:22:18,4.15,57500,4.15,U
sz000100,TCL科技,2025-10-22 14:22:45,4.15,111900,4.14,U
sz000100,TCL科技,2025-10-22 14:22:48,4.15,37600,4.15,U
sz000100,TCL科技,2025-10-22 14:23:00,4.15,30600,4.14,U
sz000100,TCL科技,2025-10-22 14:23:15,4.14,40690,4.15,D
sz000100,TCL科技,2025-10-22 14:23:39,4.15,25300,4.14,U
sz000100,TCL科技,2025-10-22 14:23:42,4.14,51300,4.15,D
sz000100,TCL科技,2025-10-22 14:23:48,4.15,56000,4.14,U
sz000100,TCL科技,2025-10-22 14:23:57,4.14,104000,4.14,D
sz000100,TCL科技,2025-10-22 14:24:06,4.14,21200,4.14,D
sz000100,TCL科技,2025-10-22 14:24:18,4.15,42600,4.15,U
sz000100,TCL科技,2025-10-22 14:24:30,4.14,200300,4.14,D
sz000100,TCL科技,2025-10-22 14:25:12,4.15,114700,4.15,U
sz000100,TCL科技,2025-10-22 14:25:45,4.15,60300,4.14,U
sz000100,TCL科技,2025-10-22 14:26:21,4.14,34800,4.15,D
sz000100,TCL科技,2025-10-22 14:26:24,4.14,20800,4.14,D
sz000100,TCL科技,2025-10-22 14:26:30,4.15,23800,4.14,U
sz000100,TCL科技,2025-10-22 14:26:36,4.14,106900,4.14,D
sz000100,TCL科技,2025-10-22 14:26:39,4.14,21800,4.14,D
sz000100,TCL科技,2025-10-22 14:26:51,4.15,27400,4.14,U
sz000100,TCL科技,2025-10-22 14:27:00,4.14,43800,4.14,D
sz000100,TCL科技,2025-10-22 14:27:51,4.15,35200,4.15,U
sz000100,TCL科技,2025-10-22 14:28:15,4.15,20200,4.14,U
sz000100,TCL科技,2025-10-22 14:28:18,4.14,30000,4.15,D
sz000100,TCL科技,2025-10-22 14:28:21,4.14,30800,4.14,D
sz000100,TCL科技,2025-10-22 14:28:33,4.14,30900,4.14,D
sz000100,TCL科技,2025-10-22 14:28:42,4.14,21000,4.15,D
sz000100,TCL科技,2025-10-22 14:28:48,4.14,23600,4.15,D
sz000100,TCL科技,2025-10-22 14:28:51,4.15,22400,4.14,U
sz000100,TCL科技,2025-10-22 14:29:06,4.15,49000,4.14,U
sz000100,TCL科技,2025-10-22 14:29:15,4.15,40800,4.14,U
sz000100,TCL科技,2025-10-22 14:29:18,4.14,43800,4.15,D
sz000100,TCL科技,2025-10-22 14:29:24,4.15,43400,4.15,U
sz000100,TCL科技,2025-10-22 14:29:36,4.14,24100,4.14,D
sz000100,TCL科技,2025-10-22 14:29:48,4.14,26900,4.14,D
sz000100,TCL科技,2025-10-22 14:29:51,4.14,28500,4.14,D
sz000100,TCL科技,2025-10-22 14:30:03,4.14,67500,4.14,D
sz000100,TCL科技,2025-10-22 14:30:06,4.15,38600,4.14,U
sz000100,TCL科技,2025-10-22 14:30:09,4.15,41000,4.15,U
sz000100,TCL科技,2025-10-22 14:30:15,4.14,4581600,4.15,D
sz000100,TCL科技,2025-10-22 14:30:18,4.15,607727,4.14,U
sz000100,TCL科技,2025-10-22 14:30:21,4.15,55700,4.15,D
sz000100,TCL科技,2025-10-22 14:30:24,4.16,69700,4.15,U
sz000100,TCL科技,2025-10-22 14:30:30,4.15,29100,4.15,D
sz000100,TCL科技,2025-10-22 14:30:33,4.15,21800,4.15,D
sz000100,TCL科技,2025-10-22 14:30:36,4.16,23900,4.15,U
sz000100,TCL科技,2025-10-22 14:30:42,4.15,60100,4.15,D
sz000100,TCL科技,2025-10-22 14:30:45,4.15,29500,4.15,D
sz000100,TCL科技,2025-10-22 14:30:54,4.16,72700,4.15,U
sz000100,TCL科技,2025-10-22 14:31:03,4.15,392500,4.15,D
sz000100,TCL科技,2025-10-22 14:31:15,4.16,116500,4.16,U
sz000100,TCL科技,2025-10-22 14:31:36,4.15,28600,4.15,D
sz000100,TCL科技,2025-10-22 14:31:39,4.15,1074300,4.15,D
sz000100,TCL科技,2025-10-22 14:31:42,4.15,29200,4.15,U
sz000100,TCL科技,2025-10-22 14:31:45,4.15,23900,4.15,U
sz000100,TCL科技,2025-10-22 14:31:51,4.15,29700,4.15,U
sz000100,TCL科技,2025-10-22 14:31:54,4.14,36300,4.15,D
sz000100,TCL科技,2025-10-22 14:32:27,4.15,79300,4.15,U
sz000100,TCL科技,2025-10-22 14:32:30,4.15,35900,4.15,U
sz000100,TCL科技,2025-10-22 14:32:51,4.14,48800,4.15,D
sz000100,TCL科技,2025-10-22 14:33:18,4.15,791900,4.14,U
sz000100,TCL科技,2025-10-22 14:33:27,4.15,37000,4.15,U
sz000100,TCL科技,2025-10-22 14:34:00,4.14,59100,4.15,D
sz000100,TCL科技,2025-10-22 14:34:03,4.14,26100,4.14,D
sz000100,TCL科技,2025-10-22 14:34:33,4.15,100000,4.14,U
sz000100,TCL科技,2025-10-22 14:34:36,4.14,28700,4.15,D
sz000100,TCL科技,2025-10-22 14:34:54,4.15,53800,4.14,U
sz000100,TCL科技,2025-10-22 14:34:57,4.15,33600,4.15,U
sz000100,TCL科技,2025-10-22 14:35:12,4.14,66000,4.14,D
sz000100,TCL科技,2025-10-22 14:35:15,4.15,26200,4.14,U
sz000100,TCL科技,2025-10-22 14:35:27,4.15,20200,4.15,U
sz000100,TCL科技,2025-10-22 14:35:30,4.15,20100,4.15,U
sz000100,TCL科技,2025-10-22 14:35:39,4.15,36900,4.15,U
sz000100,TCL科技,2025-10-22 14:36:00,4.14,23500,4.14,D
sz000100,TCL科技,2025-10-22 14:36:06,4.15,43300,4.14,U
sz000100,TCL科技,2025-10-22 14:36:21,4.14,49400,4.14,D
sz000100,TCL科技,2025-10-22 14:36:24,4.15,258200,4.14,U
sz000100,TCL科技,2025-10-22 14:36:27,4.14,25000,4.15,D
sz000100,TCL科技,2025-10-22 14:36:33,4.14,20100,4.14,D
sz000100,TCL科技,2025-10-22 14:36:45,4.14,32400,4.14,D
sz000100,TCL科技,2025-10-22 14:36:48,4.14,71700,4.14,D
sz000100,TCL科技,2025-10-22 14:37:15,4.14,31000,4.15,D
sz000100,TCL科技,2025-10-22 14:37:18,4.14,39000,4.14,D
sz000100,TCL科技,2025-10-22 14:37:27,4.15,21200,4.15,U
sz000100,TCL科技,2025-10-22 14:37:30,4.15,64100,4.15,U
sz000100,TCL科技,2025-10-22 14:37:33,4.15,34000,4.15,U
sz000100,TCL科技,2025-10-22 14:37:57,4.15,29100,4.15,U
sz000100,TCL科技,2025-10-22 14:38:00,4.15,45500,4.15,U
sz000100,TCL科技,2025-10-22 14:38:03,4.15,144400,4.15,U
sz000100,TCL科技,2025-10-22 14:38:33,4.15,38000,4.14,U
sz000100,TCL科技,2025-10-22 14:38:39,4.15,21400,4.15,U
sz000100,TCL科技,2025-10-22 14:38:57,4.15,30200,4.15,U
sz000100,TCL科技,2025-10-22 14:39:03,4.14,47300,4.14,D
sz000100,TCL科技,2025-10-22 14:39:15,4.15,24300,4.15,U
sz000100,TCL科技,2025-10-22 14:39:45,4.15,24700,4.15,U
sz000100,TCL科技,2025-10-22 14:39:51,4.15,25000,4.14,U
sz000100,TCL科技,2025-10-22 14:40:33,4.15,20900,4.15,U
sz000100,TCL科技,2025-10-22 14:41:03,4.15,32600,4.14,U
sz000100,TCL科技,2025-10-22 14:41:06,4.15,73200,4.15,U
sz000100,TCL科技,2025-10-22 14:41:24,4.15,33600,4.15,U
sz000100,TCL科技,2025-10-22 14:41:30,4.15,42300,4.14,U
sz000100,TCL科技,2025-10-22 14:41:33,4.14,37700,4.15,D
sz000100,TCL科技,2025-10-22 14:42:12,4.15,366460,4.15,U
sz000100,TCL科技,2025-10-22 14:42:24,4.14,35500,4.14,D
sz000100,TCL科技,2025-10-22 14:42:27,4.15,125600,4.14,U
sz000100,TCL科技,2025-10-22 14:42:36,4.14,40800,4.14,D
sz000100,TCL科技,2025-10-22 14:42:39,4.14,28600,4.14,D
sz000100,TCL科技,2025-10-22 14:42:57,4.14,33800,4.15,D
sz000100,TCL科技,2025-10-22 14:43:06,4.14,26800,4.14,D
sz000100,TCL科技,2025-10-22 14:43:12,4.15,22000,4.15,U
sz000100,TCL科技,2025-10-22 14:43:15,4.15,22000,4.15,U
sz000100,TCL科技,2025-10-22 14:43:24,4.14,27650,4.14,D
sz000100,TCL科技,2025-10-22 14:43:27,4.14,35000,4.14,D
sz000100,TCL科技,2025-10-22 14:43:30,4.14,48700,4.14,D
sz000100,TCL科技,2025-10-22 14:43:36,4.15,48500,4.14,U
sz000100,TCL科技,2025-10-22 14:43:39,4.14,25700,4.15,D
sz000100,TCL科技,2025-10-22 14:43:57,4.14,80200,4.15,D
sz000100,TCL科技,2025-10-22 14:44:00,4.15,48500,4.14,U
sz000100,TCL科技,2025-10-22 14:44:03,4.15,48100,4.15,U
sz000100,TCL科技,2025-10-22 14:44:09,4.14,25400,4.15,D
sz000100,TCL科技,2025-10-22 14:44:12,4.14,52000,4.14,D
sz000100,TCL科技,2025-10-22 14:45:06,4.15,40900,4.15,U
sz000100,TCL科技,2025-10-22 14:45:09,4.15,59300,4.15,U
sz000100,TCL科技,2025-10-22 14:45:15,4.15,21000,4.14,U
sz000100,TCL科技,2025-10-22 14:45:27,4.15,33300,4.15,U
sz000100,TCL科技,2025-10-22 14:45:36,4.14,22200,4.14,D
sz000100,TCL科技,2025-10-22 14:45:51,4.14,45500,4.15,D
sz000100,TCL科技,2025-10-22 14:45:54,4.14,86800,4.14,D
sz000100,TCL科技,2025-10-22 14:45:57,4.14,62700,4.14,D
sz000100,TCL科技,2025-10-22 14:46:00,4.14,44400,4.14,D
sz000100,TCL科技,2025-10-22 14:46:03,4.15,30900,4.14,U
sz000100,TCL科技,2025-10-22 14:46:06,4.14,49200,4.15,D
sz000100,TCL科技,2025-10-22 14:46:09,4.14,168900,4.14,D
sz000100,TCL科技,2025-10-22 14:46:24,4.14,135700,4.14,D
sz000100,TCL科技,2025-10-22 14:46:27,4.15,114200,4.14,U
sz000100,TCL科技,2025-10-22 14:46:30,4.14,30100,4.15,D
sz000100,TCL科技,2025-10-22 14:46:36,4.14,31700,4.14,D
sz000100,TCL科技,2025-10-22 14:46:39,4.14,25800,4.14,D
sz000100,TCL科技,2025-10-22 14:46:42,4.14,33900,4.14,D
sz000100,TCL科技,2025-10-22 14:46:45,4.15,22100,4.14,U
sz000100,TCL科技,2025-10-22 14:46:54,4.15,28800,4.15,U
sz000100,TCL科技,2025-10-22 14:46:57,4.15,287600,4.15,U
sz000100,TCL科技,2025-10-22 14:47:00,4.15,130600,4.15,U
sz000100,TCL科技,2025-10-22 14:47:06,4.15,115100,4.15,U
sz000100,TCL科技,2025-10-22 14:47:09,4.15,49000,4.15,U
sz000100,TCL科技,2025-10-22 14:47:12,4.15,40300,4.15,U
sz000100,TCL科技,2025-10-22 14:47:24,4.14,31400,4.15,D
sz000100,TCL科技,2025-10-22 14:47:30,4.15,34300,4.15,U
sz000100,TCL科技,2025-10-22 14:47:33,4.15,56600,4.15,U
sz000100,TCL科技,2025-10-22 14:47:36,4.14,51000,4.15,D
sz000100,TCL科技,2025-10-22 14:47:39,4.14,49200,4.14,D
sz000100,TCL科技,2025-10-22 14:47:48,4.15,30900,4.15,U
sz000100,TCL科技,2025-10-22 14:47:51,4.15,24100,4.15,U
sz000100,TCL科技,2025-10-22 14:47:54,4.14,28600,4.15,D
sz000100,TCL科技,2025-10-22 14:48:00,4.15,115300,4.15,U
sz000100,TCL科技,2025-10-22 14:48:03,4.14,78200,4.15,D
sz000100,TCL科技,2025-10-22 14:48:06,4.15,169700,4.14,U
sz000100,TCL科技,2025-10-22 14:48:09,4.15,170100,4.15,U
sz000100,TCL科技,2025-10-22 14:48:12,4.14,25000,4.15,D
sz000100,TCL科技,2025-10-22 14:48:15,4.15,30500,4.14,U
sz000100,TCL科技,2025-10-22 14:48:18,4.15,109100,4.15,U
sz000100,TCL科技,2025-10-22 14:48:21,4.15,24000,4.15,U
sz000100,TCL科技,2025-10-22 14:48:24,4.15,61400,4.15,U
sz000100,TCL科技,2025-10-22 14:48:39,4.15,58100,4.15,U
sz000100,TCL科技,2025-10-22 14:49:06,4.15,252500,4.14,U
sz000100,TCL科技,2025-10-22 14:49:09,4.15,25300,4.15,U
sz000100,TCL科技,2025-10-22 14:49:12,4.15,47300,4.15,U
sz000100,TCL科技,2025-10-22 14:49:15,4.15,43400,4.15,U
sz000100,TCL科技,2025-10-22 14:49:18,4.15,43100,4.15,U
sz000100,TCL科技,2025-10-22 14:49:42,4.14,20400,4.15,D
sz000100,TCL科技,2025-10-22 14:49:48,4.14,22200,4.14,D
sz000100,TCL科技,2025-10-22 14:49:51,4.14,24000,4.14,D
sz000100,TCL科技,2025-10-22 14:49:54,4.14,47100,4.14,D
sz000100,TCL科技,2025-10-22 14:50:00,4.14,37600,4.15,D
sz000100,TCL科技,2025-10-22 14:50:03,4.15,28900,4.14,U
sz000100,TCL科技,2025-10-22 14:50:09,4.15,22200,4.15,U
sz000100,TCL科技,2025-10-22 14:50:12,4.15,196300,4.15,U
sz000100,TCL科技,2025-10-22 14:50:15,4.15,31800,4.15,U
sz000100,TCL科技,2025-10-22 14:50:21,4.15,23000,4.14,U
sz000100,TCL科技,2025-10-22 14:50:24,4.14,21600,4.15,D
sz000100,TCL科技,2025-10-22 14:50:45,4.14,39100,4.15,D
sz000100,TCL科技,2025-10-22 14:50:48,4.14,77300,4.14,D
sz000100,TCL科技,2025-10-22 14:51:06,4.15,221600,4.15,U
sz000100,TCL科技,2025-10-22 14:51:09,4.15,21100,4.15,U
sz000100,TCL科技,2025-10-22 14:51:12,4.15,33400,4.15,U
sz000100,TCL科技,2025-10-22 14:51:18,4.14,22000,4.14,D
sz000100,TCL科技,2025-10-22 14:51:33,4.15,26500,4.14,U
sz000100,TCL科技,2025-10-22 14:51:42,4.15,30300,4.15,U
sz000100,TCL科技,2025-10-22 14:52:06,4.14,20000,4.14,D
sz000100,TCL科技,2025-10-22 14:52:18,4.15,29200,4.15,U
sz000100,TCL科技,2025-10-22 14:52:21,4.15,28900,4.15,U
sz000100,TCL科技,2025-10-22 14:52:36,4.15,50220,4.15,U
sz000100,TCL科技,2025-10-22 14:52:39,4.15,122500,4.15,U
sz000100,TCL科技,2025-10-22 14:52:54,4.15,61100,4.15,U
sz000100,TCL科技,2025-10-22 14:53:00,4.15,30700,4.15,U
sz000100,TCL科技,2025-10-22 14:53:03,4.15,30900,4.15,U
sz000100,TCL科技,2025-10-22 14:53:09,4.14,32000,4.14,D
sz000100,TCL科技,2025-10-22 14:53:12,4.14,57200,4.14,D
sz000100,TCL科技,2025-10-22 14:53:18,4.15,26500,4.14,U
sz000100,TCL科技,2025-10-22 14:53:24,4.14,42800,4.15,D
sz000100,TCL科技,2025-10-22 14:53:36,4.14,28200,4.14,D
sz000100,TCL科技,2025-10-22 14:54:00,4.15,45810,4.15,U
sz000100,TCL科技,2025-10-22 14:54:03,4.15,28000,4.15,U
sz000100,TCL科技,2025-10-22 14:54:09,4.15,83300,4.15,U
sz000100,TCL科技,2025-10-22 14:54:12,4.15,70500,4.15,U
sz000100,TCL科技,2025-10-22 14:54:15,4.14,20900,4.15,D
sz000100,TCL科技,2025-10-22 14:54:18,4.15,56800,4.14,U
sz000100,TCL科技,2025-10-22 14:54:30,4.15,54400,4.15,U
sz000100,TCL科技,2025-10-22 14:54:33,4.15,112500,4.15,U
sz000100,TCL科技,2025-10-22 14:54:42,4.15,39100,4.15,U
sz000100,TCL科技,2025-10-22 14:54:45,4.15,25100,4.15,U
sz000100,TCL科技,2025-10-22 14:54:51,4.14,41700,4.14,D
sz000100,TCL科技,2025-10-22 14:54:57,4.15,52500,4.14,U
sz000100,TCL科技,2025-10-22 14:55:00,4.15,21300,4.15,U
sz000100,TCL科技,2025-10-22 14:55:03,4.15,22800,4.15,U
sz000100,TCL科技,2025-10-22 14:55:09,4.15,58900,4.15,U
sz000100,TCL科技,2025-10-22 14:55:15,4.15,63600,4.15,U
sz000100,TCL科技,2025-10-22 14:55:18,4.15,23900,4.15,U
sz000100,TCL科技,2025-10-22 14:55:21,4.14,30800,4.15,D
sz000100,TCL科技,2025-10-22 14:55:24,4.15,20069,4.14,U
sz000100,TCL科技,2025-10-22 14:55:30,4.15,22600,4.14,U
sz000100,TCL科技,2025-10-22 14:55:33,4.15,152700,4.15,U
sz000100,TCL科技,2025-10-22 14:55:39,4.15,64100,4.15,U
sz000100,TCL科技,2025-10-22 14:55:42,4.15,27200,4.15,U
sz000100,TCL科技,2025-10-22 14:55:45,4.14,35600,4.15,D
sz000100,TCL科技,2025-10-22 14:55:51,4.14,21000,4.15,D
sz000100,TCL科技,2025-10-22 14:55:57,4.14,140200,4.15,D
sz000100,TCL科技,2025-10-22 14:56:00,4.15,60300,4.14,U
sz000100,TCL科技,2025-10-22 14:56:09,4.15,60400,4.15,U
sz000100,TCL科技,2025-10-22 14:56:12,4.14,27700,4.15,D
sz000100,TCL科技,2025-10-22 14:56:18,4.15,40000,4.15,U
sz000100,TCL科技,2025-10-22 14:56:21,4.14,351200,4.15,D
sz000100,TCL科技,2025-10-22 14:56:27,4.14,1152400,4.14,D
sz000100,TCL科技,2025-10-22 14:56:30,4.15,58500,4.14,U
sz000100,TCL科技,2025-10-22 14:56:33,4.15,1045280,4.15,U
sz000100,TCL科技,2025-10-22 14:56:36,4.16,24800,4.15,U
sz000100,TCL科技,2025-10-22 14:56:39,4.16,49000,4.16,U
sz000100,TCL科技,2025-10-22 14:56:42,4.16,27500,4.16,U
sz000100,TCL科技,2025-10-22 14:56:57,4.16,28700,4.16,U
sz000100,TCL科技,2025-10-22 15:00:00,4.15,2732610,4.16,E
