symbol,name,ticktime,price,volume,prev_price,kind
sz000100,TCL科技,2025-09-24 09:25:00,4.3,1241700,0.0,D
sz000100,TCL科技,2025-09-24 09:30:00,4.29,502100,4.3,D
sz000100,TCL科技,2025-09-24 09:30:03,4.29,725000,4.29,U
sz000100,TCL科技,2025-09-24 09:30:06,4.29,304000,4.29,D
sz000100,TCL科技,2025-09-24 09:30:09,4.28,117000,4.29,D
sz000100,TCL科技,2025-09-24 09:30:12,4.28,141900,4.28,D
sz000100,TCL科技,2025-09-24 09:30:15,4.29,105100,4.28,U
sz000100,TCL科技,2025-09-24 09:30:18,4.29,170000,4.29,U
sz000100,TCL科技,2025-09-24 09:30:21,4.29,36900,4.29,D
sz000100,TCL科技,2025-09-24 09:30:24,4.3,107500,4.29,U
sz000100,TCL科技,2025-09-24 09:30:27,4.3,1049100,4.3,U
sz000100,TCL科技,2025-09-24 09:30:30,4.3,131000,4.3,D
sz000100,TCL科技,2025-09-24 09:30:33,4.31,61500,4.3,U
sz000100,TCL科技,2025-09-24 09:30:36,4.31,170800,4.31,U
sz000100,TCL科技,2025-09-24 09:30:39,4.3,1009900,4.31,D
sz000100,TCL科技,2025-09-24 09:30:42,4.3,403200,4.3,D
sz000100,TCL科技,2025-09-24 09:30:45,4.3,101500,4.3,U
sz000100,TCL科技,2025-09-24 09:30:54,4.3,87380,4.29,U
sz000100,TCL科技,2025-09-24 09:30:57,4.3,431000,4.3,U
sz000100,TCL科技,2025-09-24 09:31:03,4.3,59500,4.3,U
sz000100,TCL科技,2025-09-24 09:31:06,4.3,91600,4.3,U
sz000100,TCL科技,2025-09-24 09:31:09,4.29,222600,4.3,D
sz000100,TCL科技,2025-09-24 09:31:12,4.3,76500,4.29,U
sz000100,TCL科技,2025-09-24 09:31:15,4.29,39800,4.3,D
sz000100,TCL科技,2025-09-24 09:31:18,4.3,146900,4.29,U
sz000100,TCL科技,2025-09-24 09:31:21,4.29,58100,4.3,D
sz000100,TCL科技,2025-09-24 09:31:24,4.29,201800,4.29,D
sz000100,TCL科技,2025-09-24 09:31:27,4.3,28100,4.29,U
sz000100,TCL科技,2025-09-24 09:31:33,4.29,22400,4.3,D
sz000100,TCL科技,2025-09-24 09:31:36,4.29,248400,4.29,D
sz000100,TCL科技,2025-09-24 09:31:39,4.3,104300,4.29,U
sz000100,TCL科技,2025-09-24 09:31:42,4.29,223400,4.3,D
sz000100,TCL科技,2025-09-24 09:31:45,4.29,24100,4.29,D
sz000100,TCL科技,2025-09-24 09:31:48,4.29,87700,4.29,D
sz000100,TCL科技,2025-09-24 09:31:51,4.29,365400,4.29,D
sz000100,TCL科技,2025-09-24 09:31:54,4.3,172950,4.29,U
sz000100,TCL科技,2025-09-24 09:31:57,4.3,29900,4.3,U
sz000100,TCL科技,2025-09-24 09:32:00,4.3,957800,4.3,U
sz000100,TCL科技,2025-09-24 09:32:03,4.3,261900,4.3,D
sz000100,TCL科技,2025-09-24 09:32:09,4.31,103200,4.3,U
sz000100,TCL科技,2025-09-24 09:32:12,4.3,148100,4.31,D
sz000100,TCL科技,2025-09-24 09:32:18,4.3,43600,4.3,D
sz000100,TCL科技,2025-09-24 09:32:21,4.3,76400,4.3,D
sz000100,TCL科技,2025-09-24 09:32:24,4.31,57900,4.3,U
sz000100,TCL科技,2025-09-24 09:32:27,4.31,60100,4.31,U
sz000100,TCL科技,2025-09-24 09:32:30,4.31,191200,4.31,U
sz000100,TCL科技,2025-09-24 09:32:36,4.31,24500,4.3,U
sz000100,TCL科技,2025-09-24 09:32:39,4.3,72500,4.31,D
sz000100,TCL科技,2025-09-24 09:32:42,4.3,54500,4.3,D
sz000100,TCL科技,2025-09-24 09:32:45,4.31,68500,4.3,U
sz000100,TCL科技,2025-09-24 09:32:54,4.31,142000,4.3,U
sz000100,TCL科技,2025-09-24 09:32:57,4.31,115800,4.31,U
sz000100,TCL科技,2025-09-24 09:33:00,4.31,78000,4.31,U
sz000100,TCL科技,2025-09-24 09:33:03,4.31,660700,4.31,U
sz000100,TCL科技,2025-09-24 09:33:06,4.31,188200,4.31,D
sz000100,TCL科技,2025-09-24 09:33:09,4.31,96600,4.31,D
sz000100,TCL科技,2025-09-24 09:33:12,4.31,93100,4.31,D
sz000100,TCL科技,2025-09-24 09:33:15,4.32,186700,4.31,U
sz000100,TCL科技,2025-09-24 09:33:18,4.31,115900,4.32,D
sz000100,TCL科技,2025-09-24 09:33:21,4.31,29400,4.31,U
sz000100,TCL科技,2025-09-24 09:33:24,4.31,85200,4.31,U
sz000100,TCL科技,2025-09-24 09:33:27,4.31,244800,4.31,U
sz000100,TCL科技,2025-09-24 09:33:33,4.3,55200,4.31,D
sz000100,TCL科技,2025-09-24 09:33:36,4.3,25900,4.3,D
sz000100,TCL科技,2025-09-24 09:33:39,4.32,210000,4.3,U
sz000100,TCL科技,2025-09-24 09:33:42,4.3,57900,4.32,D
sz000100,TCL科技,2025-09-24 09:33:45,4.31,37200,4.3,D
sz000100,TCL科技,2025-09-24 09:33:51,4.31,66100,4.31,U
sz000100,TCL科技,2025-09-24 09:33:54,4.31,106600,4.31,U
sz000100,TCL科技,2025-09-24 09:34:00,4.31,39800,4.31,U
sz000100,TCL科技,2025-09-24 09:34:03,4.31,31900,4.31,U
sz000100,TCL科技,2025-09-24 09:34:06,4.31,33400,4.31,U
sz000100,TCL科技,2025-09-24 09:34:09,4.31,35300,4.31,U
sz000100,TCL科技,2025-09-24 09:34:12,4.3,34000,4.31,D
sz000100,TCL科技,2025-09-24 09:34:15,4.3,44600,4.3,D
sz000100,TCL科技,2025-09-24 09:34:18,4.3,50600,4.3,D
sz000100,TCL科技,2025-09-24 09:34:24,4.31,64200,4.31,U
sz000100,TCL科技,2025-09-24 09:34:30,4.31,84000,4.31,U
sz000100,TCL科技,2025-09-24 09:34:33,4.3,87200,4.31,D
sz000100,TCL科技,2025-09-24 09:34:39,4.3,63100,4.3,D
sz000100,TCL科技,2025-09-24 09:34:42,4.31,60000,4.3,U
sz000100,TCL科技,2025-09-24 09:34:48,4.3,56500,4.3,D
sz000100,TCL科技,2025-09-24 09:34:51,4.3,29800,4.3,D
sz000100,TCL科技,2025-09-24 09:35:00,4.31,54700,4.31,U
sz000100,TCL科技,2025-09-24 09:35:06,4.31,32100,4.31,U
sz000100,TCL科技,2025-09-24 09:35:09,4.3,53100,4.31,D
sz000100,TCL科技,2025-09-24 09:35:12,4.3,60100,4.3,D
sz000100,TCL科技,2025-09-24 09:35:15,4.3,56600,4.3,D
sz000100,TCL科技,2025-09-24 09:35:18,4.31,212100,4.3,U
sz000100,TCL科技,2025-09-24 09:35:21,4.31,103000,4.31,U
sz000100,TCL科技,2025-09-24 09:35:24,4.3,36800,4.31,D
sz000100,TCL科技,2025-09-24 09:35:42,4.31,260900,4.3,U
sz000100,TCL科技,2025-09-24 09:35:45,4.3,59200,4.31,D
sz000100,TCL科技,2025-09-24 09:35:51,4.31,70000,4.31,U
sz000100,TCL科技,2025-09-24 09:35:54,4.31,1262000,4.31,U
sz000100,TCL科技,2025-09-24 09:35:57,4.3,254100,4.31,D
sz000100,TCL科技,2025-09-24 09:36:00,4.3,498700,4.3,D
sz000100,TCL科技,2025-09-24 09:36:06,4.3,23900,4.31,D
sz000100,TCL科技,2025-09-24 09:36:09,4.31,70300,4.3,U
sz000100,TCL科技,2025-09-24 09:36:12,4.32,1859662,4.31,U
sz000100,TCL科技,2025-09-24 09:36:15,4.31,445200,4.32,D
sz000100,TCL科技,2025-09-24 09:36:18,4.32,74800,4.31,U
sz000100,TCL科技,2025-09-24 09:36:21,4.31,28800,4.32,D
sz000100,TCL科技,2025-09-24 09:36:27,4.32,40100,4.32,U
sz000100,TCL科技,2025-09-24 09:36:30,4.31,211000,4.32,D
sz000100,TCL科技,2025-09-24 09:36:33,4.32,87100,4.31,U
sz000100,TCL科技,2025-09-24 09:36:36,4.31,43800,4.32,D
sz000100,TCL科技,2025-09-24 09:36:39,4.31,73100,4.31,D
sz000100,TCL科技,2025-09-24 09:36:42,4.32,168600,4.31,U
sz000100,TCL科技,2025-09-24 09:36:45,4.32,170000,4.32,U
sz000100,TCL科技,2025-09-24 09:36:48,4.32,474700,4.32,U
sz000100,TCL科技,2025-09-24 09:36:51,4.32,142400,4.32,U
sz000100,TCL科技,2025-09-24 09:36:54,4.32,51800,4.32,U
sz000100,TCL科技,2025-09-24 09:36:57,4.32,25800,4.32,U
sz000100,TCL科技,2025-09-24 09:37:03,4.31,24100,4.32,D
sz000100,TCL科技,2025-09-24 09:37:06,4.32,30800,4.31,U
sz000100,TCL科技,2025-09-24 09:37:09,4.32,74000,4.32,U
sz000100,TCL科技,2025-09-24 09:37:12,4.31,61800,4.32,D
sz000100,TCL科技,2025-09-24 09:37:18,4.31,26200,4.32,D
sz000100,TCL科技,2025-09-24 09:37:21,4.32,111900,4.31,U
sz000100,TCL科技,2025-09-24 09:37:24,4.31,88100,4.32,D
sz000100,TCL科技,2025-09-24 09:37:30,4.32,178900,4.31,U
sz000100,TCL科技,2025-09-24 09:37:33,4.32,89700,4.32,U
sz000100,TCL科技,2025-09-24 09:37:36,4.31,68400,4.32,D
sz000100,TCL科技,2025-09-24 09:37:39,4.31,155600,4.31,D
sz000100,TCL科技,2025-09-24 09:37:42,4.32,380800,4.31,U
sz000100,TCL科技,2025-09-24 09:37:45,4.32,440400,4.32,U
sz000100,TCL科技,2025-09-24 09:37:48,4.32,213900,4.32,U
sz000100,TCL科技,2025-09-24 09:37:51,4.32,53200,4.32,U
sz000100,TCL科技,2025-09-24 09:37:54,4.32,171000,4.32,U
sz000100,TCL科技,2025-09-24 09:37:57,4.32,702210,4.32,U
sz000100,TCL科技,2025-09-24 09:38:00,4.33,167900,4.32,U
sz000100,TCL科技,2025-09-24 09:38:03,4.33,244800,4.33,U
sz000100,TCL科技,2025-09-24 09:38:06,4.33,87300,4.33,U
sz000100,TCL科技,2025-09-24 09:38:09,4.33,107100,4.33,U
sz000100,TCL科技,2025-09-24 09:38:15,4.33,118100,4.32,U
sz000100,TCL科技,2025-09-24 09:38:18,4.33,51600,4.33,U
sz000100,TCL科技,2025-09-24 09:38:21,4.33,59300,4.33,U
sz000100,TCL科技,2025-09-24 09:38:24,4.34,1358000,4.33,U
sz000100,TCL科技,2025-09-24 09:38:27,4.33,306000,4.34,D
sz000100,TCL科技,2025-09-24 09:38:30,4.33,90100,4.33,D
sz000100,TCL科技,2025-09-24 09:38:33,4.33,39800,4.33,D
sz000100,TCL科技,2025-09-24 09:38:36,4.34,30000,4.33,U
sz000100,TCL科技,2025-09-24 09:38:39,4.33,177700,4.34,D
sz000100,TCL科技,2025-09-24 09:38:42,4.34,142000,4.33,U
sz000100,TCL科技,2025-09-24 09:38:45,4.33,30200,4.34,D
sz000100,TCL科技,2025-09-24 09:38:48,4.33,25800,4.33,D
sz000100,TCL科技,2025-09-24 09:38:51,4.33,66100,4.33,D
sz000100,TCL科技,2025-09-24 09:38:54,4.33,193000,4.33,D
sz000100,TCL科技,2025-09-24 09:38:57,4.34,349200,4.33,U
sz000100,TCL科技,2025-09-24 09:39:00,4.33,106800,4.34,D
sz000100,TCL科技,2025-09-24 09:39:03,4.33,435600,4.33,D
sz000100,TCL科技,2025-09-24 09:39:06,4.33,136100,4.33,D
sz000100,TCL科技,2025-09-24 09:39:09,4.34,144300,4.33,U
sz000100,TCL科技,2025-09-24 09:39:12,4.33,23700,4.34,D
sz000100,TCL科技,2025-09-24 09:39:15,4.34,1718950,4.33,U
sz000100,TCL科技,2025-09-24 09:39:18,4.34,430800,4.34,D
sz000100,TCL科技,2025-09-24 09:39:21,4.34,171300,4.34,D
sz000100,TCL科技,2025-09-24 09:39:24,4.35,1785300,4.34,U
sz000100,TCL科技,2025-09-24 09:39:27,4.34,522800,4.35,D
sz000100,TCL科技,2025-09-24 09:39:30,4.35,778400,4.34,U
sz000100,TCL科技,2025-09-24 09:39:33,4.34,129200,4.35,D
sz000100,TCL科技,2025-09-24 09:39:36,4.35,88900,4.34,U
sz000100,TCL科技,2025-09-24 09:39:39,4.34,70900,4.35,D
sz000100,TCL科技,2025-09-24 09:39:42,4.34,262400,4.34,D
sz000100,TCL科技,2025-09-24 09:39:45,4.34,95500,4.34,D
sz000100,TCL科技,2025-09-24 09:39:51,4.34,215500,4.34,D
sz000100,TCL科技,2025-09-24 09:39:54,4.34,75700,4.34,D
sz000100,TCL科技,2025-09-24 09:39:57,4.34,53700,4.34,D
sz000100,TCL科技,2025-09-24 09:40:00,4.34,23100,4.34,D
sz000100,TCL科技,2025-09-24 09:40:03,4.35,2782678,4.34,U
sz000100,TCL科技,2025-09-24 09:40:06,4.36,2901490,4.35,U
sz000100,TCL科技,2025-09-24 09:40:09,4.36,827800,4.36,D
sz000100,TCL科技,2025-09-24 09:40:12,4.36,295300,4.36,U
sz000100,TCL科技,2025-09-24 09:40:15,4.36,326400,4.36,U
sz000100,TCL科技,2025-09-24 09:40:18,4.36,366700,4.36,U
sz000100,TCL科技,2025-09-24 09:40:21,4.36,139300,4.36,U
sz000100,TCL科技,2025-09-24 09:40:24,4.36,42100,4.36,U
sz000100,TCL科技,2025-09-24 09:40:27,4.36,132300,4.36,U
sz000100,TCL科技,2025-09-24 09:40:30,4.36,220500,4.36,U
sz000100,TCL科技,2025-09-24 09:40:33,4.36,108200,4.36,U
sz000100,TCL科技,2025-09-24 09:40:36,4.35,470000,4.36,D
sz000100,TCL科技,2025-09-24 09:40:39,4.36,807600,4.35,U
sz000100,TCL科技,2025-09-24 09:40:42,4.36,188300,4.36,U
sz000100,TCL科技,2025-09-24 09:40:45,4.37,614874,4.36,U
sz000100,TCL科技,2025-09-24 09:40:48,4.36,282600,4.37,D
sz000100,TCL科技,2025-09-24 09:40:51,4.36,248700,4.36,D
sz000100,TCL科技,2025-09-24 09:40:54,4.36,60200,4.36,D
sz000100,TCL科技,2025-09-24 09:40:57,4.37,101300,4.36,U
sz000100,TCL科技,2025-09-24 09:41:00,4.36,265100,4.37,D
sz000100,TCL科技,2025-09-24 09:41:03,4.38,2759320,4.36,U
sz000100,TCL科技,2025-09-24 09:41:06,4.37,590700,4.38,D
sz000100,TCL科技,2025-09-24 09:41:09,4.37,245600,4.37,D
sz000100,TCL科技,2025-09-24 09:41:12,4.37,137700,4.37,D
sz000100,TCL科技,2025-09-24 09:41:15,4.38,400200,4.37,U
sz000100,TCL科技,2025-09-24 09:41:18,4.38,141100,4.38,U
sz000100,TCL科技,2025-09-24 09:41:21,4.37,1226700,4.38,D
sz000100,TCL科技,2025-09-24 09:41:24,4.37,309200,4.37,U
sz000100,TCL科技,2025-09-24 09:41:27,4.37,232000,4.37,U
sz000100,TCL科技,2025-09-24 09:41:30,4.37,85400,4.37,U
sz000100,TCL科技,2025-09-24 09:41:33,4.37,52500,4.37,U
sz000100,TCL科技,2025-09-24 09:41:36,4.37,102100,4.37,U
sz000100,TCL科技,2025-09-24 09:41:39,4.36,68400,4.37,D
sz000100,TCL科技,2025-09-24 09:41:42,4.36,91600,4.36,D
sz000100,TCL科技,2025-09-24 09:41:45,4.36,125900,4.36,D
sz000100,TCL科技,2025-09-24 09:41:48,4.37,926500,4.36,U
sz000100,TCL科技,2025-09-24 09:41:51,4.37,177600,4.37,U
sz000100,TCL科技,2025-09-24 09:41:54,4.37,254200,4.37,U
sz000100,TCL科技,2025-09-24 09:41:57,4.37,110100,4.37,U
sz000100,TCL科技,2025-09-24 09:42:00,4.36,80200,4.37,D
sz000100,TCL科技,2025-09-24 09:42:03,4.37,3310878,4.36,U
sz000100,TCL科技,2025-09-24 09:42:06,4.38,788300,4.37,U
sz000100,TCL科技,2025-09-24 09:42:09,4.37,221500,4.38,D
sz000100,TCL科技,2025-09-24 09:42:12,4.38,170400,4.37,U
sz000100,TCL科技,2025-09-24 09:42:15,4.37,502600,4.38,D
sz000100,TCL科技,2025-09-24 09:42:18,4.38,4485400,4.37,U
sz000100,TCL科技,2025-09-24 09:42:21,4.39,815500,4.38,U
sz000100,TCL科技,2025-09-24 09:42:24,4.38,252570,4.39,D
sz000100,TCL科技,2025-09-24 09:42:27,4.38,912930,4.38,D
sz000100,TCL科技,2025-09-24 09:42:30,4.38,2449170,4.38,U
sz000100,TCL科技,2025-09-24 09:42:33,4.38,701400,4.38,D
sz000100,TCL科技,2025-09-24 09:42:36,4.38,228700,4.38,D
sz000100,TCL科技,2025-09-24 09:42:39,4.39,95700,4.38,U
sz000100,TCL科技,2025-09-24 09:42:42,4.39,294000,4.39,U
sz000100,TCL科技,2025-09-24 09:42:45,4.38,150200,4.39,D
sz000100,TCL科技,2025-09-24 09:42:48,4.39,287300,4.38,U
sz000100,TCL科技,2025-09-24 09:42:51,4.39,658600,4.39,U
sz000100,TCL科技,2025-09-24 09:42:54,4.38,218100,4.39,D
sz000100,TCL科技,2025-09-24 09:42:57,4.38,87000,4.38,D
sz000100,TCL科技,2025-09-24 09:43:00,4.38,165100,4.38,D
sz000100,TCL科技,2025-09-24 09:43:03,4.39,5166670,4.38,U
sz000100,TCL科技,2025-09-24 09:43:06,4.39,2321400,4.39,D
sz000100,TCL科技,2025-09-24 09:43:09,4.39,489000,4.39,D
sz000100,TCL科技,2025-09-24 09:43:12,4.4,633300,4.39,U
sz000100,TCL科技,2025-09-24 09:43:15,4.4,3656900,4.4,U
sz000100,TCL科技,2025-09-24 09:43:18,4.39,677000,4.4,D
sz000100,TCL科技,2025-09-24 09:43:21,4.4,561500,4.39,U
sz000100,TCL科技,2025-09-24 09:43:24,4.4,34800,4.4,U
sz000100,TCL科技,2025-09-24 09:43:27,4.4,149900,4.4,U
sz000100,TCL科技,2025-09-24 09:43:30,4.39,313010,4.4,D
sz000100,TCL科技,2025-09-24 09:43:33,4.39,152200,4.39,D
sz000100,TCL科技,2025-09-24 09:43:36,4.38,1041690,4.39,D
sz000100,TCL科技,2025-09-24 09:43:39,4.39,147300,4.38,U
sz000100,TCL科技,2025-09-24 09:43:42,4.39,68900,4.39,U
sz000100,TCL科技,2025-09-24 09:43:45,4.39,56050,4.39,U
sz000100,TCL科技,2025-09-24 09:43:48,4.39,65300,4.39,U
sz000100,TCL科技,2025-09-24 09:43:51,4.39,133700,4.39,U
sz000100,TCL科技,2025-09-24 09:43:54,4.39,82200,4.39,U
sz000100,TCL科技,2025-09-24 09:43:57,4.39,66800,4.39,U
sz000100,TCL科技,2025-09-24 09:44:00,4.39,104300,4.39,U
sz000100,TCL科技,2025-09-24 09:44:03,4.39,355400,4.39,U
sz000100,TCL科技,2025-09-24 09:44:06,4.39,89300,4.39,U
sz000100,TCL科技,2025-09-24 09:44:09,4.39,61300,4.39,U
sz000100,TCL科技,2025-09-24 09:44:12,4.38,286400,4.39,D
sz000100,TCL科技,2025-09-24 09:44:15,4.38,34200,4.38,D
sz000100,TCL科技,2025-09-24 09:44:18,4.38,75910,4.38,D
sz000100,TCL科技,2025-09-24 09:44:21,4.38,1389640,4.38,D
sz000100,TCL科技,2025-09-24 09:44:24,4.38,2551800,4.38,U
sz000100,TCL科技,2025-09-24 09:44:27,4.38,254800,4.38,D
sz000100,TCL科技,2025-09-24 09:44:30,4.38,230100,4.38,D
sz000100,TCL科技,2025-09-24 09:44:33,4.37,225600,4.38,D
sz000100,TCL科技,2025-09-24 09:44:39,4.38,95900,4.38,U
sz000100,TCL科技,2025-09-24 09:44:42,4.37,87900,4.38,D
sz000100,TCL科技,2025-09-24 09:44:45,4.38,144600,4.37,U
sz000100,TCL科技,2025-09-24 09:44:48,4.37,68200,4.38,D
sz000100,TCL科技,2025-09-24 09:44:51,4.38,176200,4.37,U
sz000100,TCL科技,2025-09-24 09:44:54,4.38,37600,4.38,U
sz000100,TCL科技,2025-09-24 09:44:57,4.38,110400,4.38,U
sz000100,TCL科技,2025-09-24 09:45:00,4.38,1631310,4.38,U
sz000100,TCL科技,2025-09-24 09:45:03,4.38,155200,4.38,D
sz000100,TCL科技,2025-09-24 09:45:06,4.39,60400,4.38,U
sz000100,TCL科技,2025-09-24 09:45:09,4.38,123330,4.39,D
sz000100,TCL科技,2025-09-24 09:45:12,4.38,130500,4.38,D
sz000100,TCL科技,2025-09-24 09:45:15,4.39,72200,4.38,U
sz000100,TCL科技,2025-09-24 09:45:18,4.39,53300,4.39,U
sz000100,TCL科技,2025-09-24 09:45:21,4.38,97700,4.39,D
sz000100,TCL科技,2025-09-24 09:45:24,4.38,464500,4.38,D
sz000100,TCL科技,2025-09-24 09:45:30,4.39,29100,4.39,U
sz000100,TCL科技,2025-09-24 09:45:33,4.39,91600,4.39,U
sz000100,TCL科技,2025-09-24 09:45:36,4.38,229000,4.39,D
sz000100,TCL科技,2025-09-24 09:45:39,4.39,66100,4.38,U
sz000100,TCL科技,2025-09-24 09:45:42,4.38,140500,4.39,D
sz000100,TCL科技,2025-09-24 09:45:45,4.38,49100,4.38,D
sz000100,TCL科技,2025-09-24 09:45:48,4.38,107300,4.38,D
sz000100,TCL科技,2025-09-24 09:45:51,4.39,239900,4.38,U
sz000100,TCL科技,2025-09-24 09:45:54,4.39,1348400,4.39,U
sz000100,TCL科技,2025-09-24 09:45:57,4.39,403900,4.39,U
sz000100,TCL科技,2025-09-24 09:46:00,4.38,34600,4.39,D
sz000100,TCL科技,2025-09-24 09:46:03,4.39,34300,4.38,U
sz000100,TCL科技,2025-09-24 09:46:06,4.39,77500,4.39,U
sz000100,TCL科技,2025-09-24 09:46:12,4.39,56500,4.39,U
sz000100,TCL科技,2025-09-24 09:46:15,4.39,29900,4.39,U
sz000100,TCL科技,2025-09-24 09:46:18,4.38,74100,4.39,D
sz000100,TCL科技,2025-09-24 09:46:21,4.38,20500,4.38,D
sz000100,TCL科技,2025-09-24 09:46:24,4.38,55200,4.38,D
sz000100,TCL科技,2025-09-24 09:46:27,4.38,77900,4.38,D
sz000100,TCL科技,2025-09-24 09:46:30,4.39,68800,4.38,U
sz000100,TCL科技,2025-09-24 09:46:33,4.39,163300,4.39,U
sz000100,TCL科技,2025-09-24 09:46:36,4.38,195400,4.39,D
sz000100,TCL科技,2025-09-24 09:46:39,4.39,22200,4.38,U
sz000100,TCL科技,2025-09-24 09:46:42,4.39,31500,4.39,U
sz000100,TCL科技,2025-09-24 09:46:45,4.39,69500,4.39,U
sz000100,TCL科技,2025-09-24 09:46:48,4.38,42100,4.39,D
sz000100,TCL科技,2025-09-24 09:46:51,4.38,256100,4.38,D
sz000100,TCL科技,2025-09-24 09:46:54,4.39,385900,4.38,U
sz000100,TCL科技,2025-09-24 09:46:57,4.39,88000,4.39,U
sz000100,TCL科技,2025-09-24 09:47:00,4.38,1146500,4.39,D
sz000100,TCL科技,2025-09-24 09:47:03,4.38,2223460,4.38,D
sz000100,TCL科技,2025-09-24 09:47:06,4.38,27000,4.38,U
sz000100,TCL科技,2025-09-24 09:47:09,4.38,35500,4.38,U
sz000100,TCL科技,2025-09-24 09:47:12,4.37,23200,4.38,D
sz000100,TCL科技,2025-09-24 09:47:15,4.37,37100,4.37,D
sz000100,TCL科技,2025-09-24 09:47:18,4.37,155800,4.37,D
sz000100,TCL科技,2025-09-24 09:47:21,4.38,24000,4.37,U
sz000100,TCL科技,2025-09-24 09:47:27,4.37,110900,4.37,D
sz000100,TCL科技,2025-09-24 09:47:30,4.37,65800,4.37,D
sz000100,TCL科技,2025-09-24 09:47:33,4.37,36100,4.37,D
sz000100,TCL科技,2025-09-24 09:47:36,4.37,229800,4.37,D
sz000100,TCL科技,2025-09-24 09:47:39,4.37,154800,4.37,D
sz000100,TCL科技,2025-09-24 09:47:42,4.38,188900,4.37,U
sz000100,TCL科技,2025-09-24 09:47:45,4.37,100200,4.38,D
sz000100,TCL科技,2025-09-24 09:47:48,4.37,24900,4.37,D
sz000100,TCL科技,2025-09-24 09:47:51,4.37,91700,4.37,D
sz000100,TCL科技,2025-09-24 09:47:54,4.37,42100,4.37,D
sz000100,TCL科技,2025-09-24 09:47:57,4.37,38700,4.37,D
sz000100,TCL科技,2025-09-24 09:48:00,4.38,2746960,4.37,U
sz000100,TCL科技,2025-09-24 09:48:03,4.38,509040,4.38,D
sz000100,TCL科技,2025-09-24 09:48:09,4.38,137200,4.38,D
sz000100,TCL科技,2025-09-24 09:48:12,4.39,75700,4.38,U
sz000100,TCL科技,2025-09-24 09:48:15,4.39,50800,4.39,U
sz000100,TCL科技,2025-09-24 09:48:18,4.39,36100,4.39,U
sz000100,TCL科技,2025-09-24 09:48:21,4.38,92400,4.39,D
sz000100,TCL科技,2025-09-24 09:48:24,4.38,82500,4.38,D
sz000100,TCL科技,2025-09-24 09:48:27,4.38,91900,4.38,D
sz000100,TCL科技,2025-09-24 09:48:30,4.38,53900,4.38,D
sz000100,TCL科技,2025-09-24 09:48:36,4.38,39000,4.38,D
sz000100,TCL科技,2025-09-24 09:48:39,4.38,75700,4.38,D
sz000100,TCL科技,2025-09-24 09:48:42,4.39,57800,4.38,U
sz000100,TCL科技,2025-09-24 09:48:45,4.39,47800,4.39,U
sz000100,TCL科技,2025-09-24 09:48:48,4.38,51900,4.39,D
sz000100,TCL科技,2025-09-24 09:48:51,4.39,42300,4.38,U
sz000100,TCL科技,2025-09-24 09:48:54,4.38,185000,4.39,D
sz000100,TCL科技,2025-09-24 09:48:57,4.38,37400,4.38,D
sz000100,TCL科技,2025-09-24 09:49:00,4.39,26600,4.38,U
sz000100,TCL科技,2025-09-24 09:49:03,4.39,102600,4.39,U
sz000100,TCL科技,2025-09-24 09:49:06,4.38,64630,4.39,D
sz000100,TCL科技,2025-09-24 09:49:09,4.39,39400,4.38,U
sz000100,TCL科技,2025-09-24 09:49:12,4.38,80300,4.39,D
sz000100,TCL科技,2025-09-24 09:49:15,4.38,41800,4.38,D
sz000100,TCL科技,2025-09-24 09:49:18,4.38,46500,4.38,D
sz000100,TCL科技,2025-09-24 09:49:21,4.38,93000,4.38,D
sz000100,TCL科技,2025-09-24 09:49:24,4.38,102400,4.38,D
sz000100,TCL科技,2025-09-24 09:49:27,4.38,37300,4.38,D
sz000100,TCL科技,2025-09-24 09:49:30,4.38,74000,4.38,D
sz000100,TCL科技,2025-09-24 09:49:33,4.38,151600,4.38,D
sz000100,TCL科技,2025-09-24 09:49:36,4.39,104800,4.38,U
sz000100,TCL科技,2025-09-24 09:49:39,4.38,92200,4.39,D
sz000100,TCL科技,2025-09-24 09:49:42,4.38,246900,4.38,D
sz000100,TCL科技,2025-09-24 09:49:45,4.38,516400,4.38,D
sz000100,TCL科技,2025-09-24 09:49:48,4.38,89000,4.38,D
sz000100,TCL科技,2025-09-24 09:49:51,4.39,155400,4.38,U
sz000100,TCL科技,2025-09-24 09:49:54,4.38,54100,4.39,D
sz000100,TCL科技,2025-09-24 09:50:00,4.38,48800,4.38,D
sz000100,TCL科技,2025-09-24 09:50:03,4.38,218300,4.38,D
sz000100,TCL科技,2025-09-24 09:50:06,4.38,73100,4.38,D
sz000100,TCL科技,2025-09-24 09:50:09,4.38,56640,4.38,D
sz000100,TCL科技,2025-09-24 09:50:12,4.38,531000,4.38,D
sz000100,TCL科技,2025-09-24 09:50:15,4.38,398430,4.38,D
sz000100,TCL科技,2025-09-24 09:50:24,4.38,107700,4.38,U
sz000100,TCL科技,2025-09-24 09:50:33,4.37,22900,4.38,D
sz000100,TCL科技,2025-09-24 09:50:48,4.38,61600,4.38,U
sz000100,TCL科技,2025-09-24 09:50:51,4.38,29400,4.38,U
sz000100,TCL科技,2025-09-24 09:51:00,4.38,1322600,4.37,U
sz000100,TCL科技,2025-09-24 09:51:03,4.38,2010570,4.38,U
sz000100,TCL科技,2025-09-24 09:51:06,4.39,197100,4.38,U
sz000100,TCL科技,2025-09-24 09:51:09,4.38,86000,4.39,D
sz000100,TCL科技,2025-09-24 09:51:12,4.38,121400,4.38,D
sz000100,TCL科技,2025-09-24 09:51:15,4.38,45500,4.38,D
sz000100,TCL科技,2025-09-24 09:51:18,4.38,61000,4.38,D
sz000100,TCL科技,2025-09-24 09:51:21,4.38,22500,4.38,D
sz000100,TCL科技,2025-09-24 09:51:24,4.39,46000,4.38,U
sz000100,TCL科技,2025-09-24 09:51:27,4.38,37600,4.39,D
sz000100,TCL科技,2025-09-24 09:51:30,4.39,26600,4.38,U
sz000100,TCL科技,2025-09-24 09:51:33,4.39,113300,4.39,U
sz000100,TCL科技,2025-09-24 09:51:36,4.38,74300,4.39,D
sz000100,TCL科技,2025-09-24 09:51:39,4.38,326300,4.38,D
sz000100,TCL科技,2025-09-24 09:51:42,4.38,546300,4.38,D
sz000100,TCL科技,2025-09-24 09:51:45,4.38,103600,4.38,D
sz000100,TCL科技,2025-09-24 09:51:51,4.38,29900,4.39,D
sz000100,TCL科技,2025-09-24 09:51:54,4.38,65500,4.38,D
sz000100,TCL科技,2025-09-24 09:51:57,4.39,29900,4.38,U
sz000100,TCL科技,2025-09-24 09:52:00,4.39,100600,4.39,U
sz000100,TCL科技,2025-09-24 09:52:06,4.39,25400,4.38,U
sz000100,TCL科技,2025-09-24 09:52:12,4.38,30800,4.39,D
sz000100,TCL科技,2025-09-24 09:52:15,4.39,87400,4.38,U
sz000100,TCL科技,2025-09-24 09:52:18,4.38,61300,4.39,D
sz000100,TCL科技,2025-09-24 09:52:21,4.39,49400,4.38,U
sz000100,TCL科技,2025-09-24 09:52:24,4.38,31100,4.39,D
sz000100,TCL科技,2025-09-24 09:52:30,4.38,77300,4.38,D
sz000100,TCL科技,2025-09-24 09:52:33,4.38,26800,4.38,D
sz000100,TCL科技,2025-09-24 09:52:36,4.38,39200,4.38,D
sz000100,TCL科技,2025-09-24 09:52:42,4.38,34600,4.38,D
sz000100,TCL科技,2025-09-24 09:52:45,4.38,73300,4.38,D
sz000100,TCL科技,2025-09-24 09:52:48,4.38,211100,4.38,D
sz000100,TCL科技,2025-09-24 09:52:51,4.39,86000,4.38,U
sz000100,TCL科技,2025-09-24 09:52:54,4.38,37100,4.39,D
sz000100,TCL科技,2025-09-24 09:52:57,4.38,43200,4.38,D
sz000100,TCL科技,2025-09-24 09:53:00,4.38,268400,4.38,D
sz000100,TCL科技,2025-09-24 09:53:03,4.38,86900,4.38,D
sz000100,TCL科技,2025-09-24 09:53:06,4.38,45100,4.38,D
sz000100,TCL科技,2025-09-24 09:53:09,4.38,193000,4.38,D
sz000100,TCL科技,2025-09-24 09:53:12,4.38,322000,4.38,D
sz000100,TCL科技,2025-09-24 09:53:21,4.38,31000,4.38,U
sz000100,TCL科技,2025-09-24 09:53:36,4.37,51000,4.37,D
sz000100,TCL科技,2025-09-24 09:53:39,4.38,27500,4.37,U
sz000100,TCL科技,2025-09-24 09:53:45,4.37,21210,4.38,D
sz000100,TCL科技,2025-09-24 09:53:48,4.37,108000,4.37,D
sz000100,TCL科技,2025-09-24 09:53:57,4.37,111800,4.37,D
sz000100,TCL科技,2025-09-24 09:54:00,4.37,21000,4.37,D
sz000100,TCL科技,2025-09-24 09:54:03,4.37,22200,4.37,D
sz000100,TCL科技,2025-09-24 09:54:06,4.37,30900,4.37,D
sz000100,TCL科技,2025-09-24 09:54:12,4.37,30000,4.37,D
sz000100,TCL科技,2025-09-24 09:54:24,4.37,54000,4.38,D
sz000100,TCL科技,2025-09-24 09:54:27,4.37,54200,4.37,D
sz000100,TCL科技,2025-09-24 09:54:30,4.37,70100,4.37,D
sz000100,TCL科技,2025-09-24 09:54:33,4.37,47300,4.37,D
sz000100,TCL科技,2025-09-24 09:54:36,4.38,24100,4.37,U
sz000100,TCL科技,2025-09-24 09:54:39,4.38,25300,4.38,U
sz000100,TCL科技,2025-09-24 09:54:42,4.38,123400,4.38,U
sz000100,TCL科技,2025-09-24 09:54:57,4.38,24500,4.37,U
sz000100,TCL科技,2025-09-24 09:55:03,4.38,24300,4.38,U
sz000100,TCL科技,2025-09-24 09:55:09,4.38,67000,4.37,U
sz000100,TCL科技,2025-09-24 09:55:12,4.38,59100,4.38,U
sz000100,TCL科技,2025-09-24 09:55:18,4.37,29000,4.38,D
sz000100,TCL科技,2025-09-24 09:55:24,4.38,30300,4.38,U
sz000100,TCL科技,2025-09-24 09:55:27,4.37,43900,4.38,D
sz000100,TCL科技,2025-09-24 09:55:33,4.37,40910,4.38,D
sz000100,TCL科技,2025-09-24 09:55:36,4.38,37000,4.37,U
sz000100,TCL科技,2025-09-24 09:55:48,4.38,44000,4.38,U
sz000100,TCL科技,2025-09-24 09:56:09,4.37,29300,4.38,D
sz000100,TCL科技,2025-09-24 09:56:18,4.37,2495100,4.37,D
sz000100,TCL科技,2025-09-24 09:56:21,4.37,22000,4.37,U
sz000100,TCL科技,2025-09-24 09:56:24,4.37,57300,4.37,U
sz000100,TCL科技,2025-09-24 09:56:27,4.37,26400,4.37,U
sz000100,TCL科技,2025-09-24 09:56:30,4.37,27900,4.37,U
sz000100,TCL科技,2025-09-24 09:56:42,4.36,106600,4.36,D
sz000100,TCL科技,2025-09-24 09:56:45,4.36,68000,4.36,D
sz000100,TCL科技,2025-09-24 09:56:54,4.36,32200,4.36,D
sz000100,TCL科技,2025-09-24 09:57:00,4.37,28600,4.36,U
sz000100,TCL科技,2025-09-24 09:57:03,4.36,66000,4.37,D
sz000100,TCL科技,2025-09-24 09:57:15,4.36,214000,4.36,D
sz000100,TCL科技,2025-09-24 09:57:18,4.36,37900,4.36,D
sz000100,TCL科技,2025-09-24 09:57:24,4.37,53600,4.37,U
sz000100,TCL科技,2025-09-24 09:57:30,4.37,21400,4.37,U
sz000100,TCL科技,2025-09-24 09:57:36,4.36,31400,4.37,D
sz000100,TCL科技,2025-09-24 09:57:39,4.36,41400,4.36,D
sz000100,TCL科技,2025-09-24 09:57:42,4.36,30300,4.36,D
sz000100,TCL科技,2025-09-24 09:57:45,4.37,102200,4.36,U
sz000100,TCL科技,2025-09-24 09:57:51,4.36,26000,4.37,D
sz000100,TCL科技,2025-09-24 09:57:57,4.37,39100,4.37,U
sz000100,TCL科技,2025-09-24 09:58:00,4.37,20600,4.37,U
sz000100,TCL科技,2025-09-24 09:58:03,4.37,88800,4.37,U
sz000100,TCL科技,2025-09-24 09:58:06,4.37,102300,4.37,U
sz000100,TCL科技,2025-09-24 09:58:09,4.38,1346200,4.37,U
sz000100,TCL科技,2025-09-24 09:58:12,4.37,26300,4.38,D
sz000100,TCL科技,2025-09-24 09:58:21,4.38,45500,4.38,U
sz000100,TCL科技,2025-09-24 09:58:24,4.37,23200,4.38,D
sz000100,TCL科技,2025-09-24 09:58:33,4.37,28400,4.37,D
sz000100,TCL科技,2025-09-24 09:58:54,4.37,173400,4.38,D
sz000100,TCL科技,2025-09-24 09:59:00,4.37,24500,4.37,D
sz000100,TCL科技,2025-09-24 09:59:03,4.37,217300,4.37,D
sz000100,TCL科技,2025-09-24 09:59:09,4.37,49600,4.37,D
sz000100,TCL科技,2025-09-24 09:59:12,4.37,52710,4.37,D
sz000100,TCL科技,2025-09-24 09:59:18,4.38,57600,4.37,U
sz000100,TCL科技,2025-09-24 09:59:21,4.37,23000,4.38,D
sz000100,TCL科技,2025-09-24 09:59:30,4.38,47800,4.38,U
sz000100,TCL科技,2025-09-24 09:59:36,4.38,151400,4.37,U
sz000100,TCL科技,2025-09-24 09:59:39,4.38,35700,4.38,U
sz000100,TCL科技,2025-09-24 09:59:42,4.37,25600,4.38,D
sz000100,TCL科技,2025-09-24 10:00:00,4.37,22500,4.37,D
sz000100,TCL科技,2025-09-24 10:00:03,4.37,82800,4.37,D
sz000100,TCL科技,2025-09-24 10:00:24,4.37,49800,4.38,D
sz000100,TCL科技,2025-09-24 10:00:27,4.37,35600,4.37,D
sz000100,TCL科技,2025-09-24 10:00:30,4.37,25700,4.37,D
sz000100,TCL科技,2025-09-24 10:00:36,4.37,36400,4.37,D
sz000100,TCL科技,2025-09-24 10:00:45,4.38,35700,4.37,U
sz000100,TCL科技,2025-09-24 10:00:51,4.37,25100,4.37,D
sz000100,TCL科技,2025-09-24 10:00:54,4.38,145000,4.37,U
sz000100,TCL科技,2025-09-24 10:01:06,4.38,121500,4.37,U
sz000100,TCL科技,2025-09-24 10:01:09,4.37,59300,4.38,D
sz000100,TCL科技,2025-09-24 10:01:18,4.37,50900,4.38,D
sz000100,TCL科技,2025-09-24 10:01:33,4.37,2409780,4.38,D
sz000100,TCL科技,2025-09-24 10:01:42,4.37,135700,4.37,U
sz000100,TCL科技,2025-09-24 10:01:45,4.36,128600,4.37,D
sz000100,TCL科技,2025-09-24 10:01:54,4.36,26000,4.36,D
sz000100,TCL科技,2025-09-24 10:02:15,4.36,108400,4.36,D
sz000100,TCL科技,2025-09-24 10:02:27,4.37,40000,4.36,U
sz000100,TCL科技,2025-09-24 10:02:39,4.37,46600,4.37,U
sz000100,TCL科技,2025-09-24 10:02:45,4.36,52200,4.36,D
sz000100,TCL科技,2025-09-24 10:02:48,4.37,29900,4.36,U
sz000100,TCL科技,2025-09-24 10:03:00,4.37,66500,4.36,U
sz000100,TCL科技,2025-09-24 10:03:03,4.36,171500,4.37,D
sz000100,TCL科技,2025-09-24 10:03:06,4.37,30500,4.36,U
sz000100,TCL科技,2025-09-24 10:03:15,4.37,130400,4.36,U
sz000100,TCL科技,2025-09-24 10:03:18,4.37,176200,4.37,U
sz000100,TCL科技,2025-09-24 10:03:21,4.37,131300,4.37,U
sz000100,TCL科技,2025-09-24 10:03:24,4.37,83600,4.37,U
sz000100,TCL科技,2025-09-24 10:03:27,4.37,27900,4.37,U
sz000100,TCL科技,2025-09-24 10:03:30,4.37,76900,4.37,U
sz000100,TCL科技,2025-09-24 10:03:33,4.37,109800,4.37,U
sz000100,TCL科技,2025-09-24 10:03:36,4.37,66900,4.37,U
sz000100,TCL科技,2025-09-24 10:04:06,4.37,28400,4.36,U
sz000100,TCL科技,2025-09-24 10:04:09,4.36,20400,4.37,D
sz000100,TCL科技,2025-09-24 10:04:15,4.37,35300,4.36,U
sz000100,TCL科技,2025-09-24 10:04:42,4.37,22300,4.37,U
sz000100,TCL科技,2025-09-24 10:05:00,4.36,787000,4.36,D
sz000100,TCL科技,2025-09-24 10:05:03,4.36,94800,4.36,D
sz000100,TCL科技,2025-09-24 10:05:06,4.36,63000,4.36,D
sz000100,TCL科技,2025-09-24 10:05:09,4.36,41900,4.36,D
sz000100,TCL科技,2025-09-24 10:05:12,4.36,892600,4.36,D
sz000100,TCL科技,2025-09-24 10:05:24,4.35,65900,4.36,D
sz000100,TCL科技,2025-09-24 10:05:27,4.36,23100,4.35,U
sz000100,TCL科技,2025-09-24 10:05:33,4.36,113900,4.36,U
sz000100,TCL科技,2025-09-24 10:05:36,4.36,34000,4.36,U
sz000100,TCL科技,2025-09-24 10:05:39,4.36,113100,4.36,U
sz000100,TCL科技,2025-09-24 10:05:42,4.36,594700,4.36,U
sz000100,TCL科技,2025-09-24 10:05:48,4.36,62000,4.36,U
sz000100,TCL科技,2025-09-24 10:05:54,4.36,542100,4.36,U
sz000100,TCL科技,2025-09-24 10:05:57,4.36,97400,4.36,D
sz000100,TCL科技,2025-09-24 10:06:00,4.36,29600,4.36,D
sz000100,TCL科技,2025-09-24 10:06:03,4.36,25200,4.36,D
sz000100,TCL科技,2025-09-24 10:06:09,4.36,26800,4.36,D
sz000100,TCL科技,2025-09-24 10:06:15,4.37,46800,4.36,U
sz000100,TCL科技,2025-09-24 10:06:18,4.36,42800,4.37,D
sz000100,TCL科技,2025-09-24 10:06:24,4.36,99450,4.36,D
sz000100,TCL科技,2025-09-24 10:06:27,4.36,31800,4.36,D
sz000100,TCL科技,2025-09-24 10:06:30,4.36,20300,4.36,D
sz000100,TCL科技,2025-09-24 10:06:48,4.37,34300,4.36,U
sz000100,TCL科技,2025-09-24 10:07:03,4.36,33100,4.36,D
sz000100,TCL科技,2025-09-24 10:07:15,4.36,26700,4.37,D
sz000100,TCL科技,2025-09-24 10:07:18,4.36,1674150,4.36,D
sz000100,TCL科技,2025-09-24 10:07:24,4.36,22300,4.36,U
sz000100,TCL科技,2025-09-24 10:07:27,4.36,34700,4.36,U
sz000100,TCL科技,2025-09-24 10:07:30,4.36,26400,4.36,U
sz000100,TCL科技,2025-09-24 10:07:33,4.36,27000,4.36,U
sz000100,TCL科技,2025-09-24 10:07:45,4.36,50200,4.36,U
sz000100,TCL科技,2025-09-24 10:07:51,4.36,37300,4.35,U
sz000100,TCL科技,2025-09-24 10:08:03,4.36,41100,4.35,U
sz000100,TCL科技,2025-09-24 10:08:06,4.35,43200,4.36,D
sz000100,TCL科技,2025-09-24 10:08:24,4.36,32600,4.36,U
sz000100,TCL科技,2025-09-24 10:08:42,4.35,28700,4.35,D
sz000100,TCL科技,2025-09-24 10:08:57,4.35,21700,4.35,D
sz000100,TCL科技,2025-09-24 10:09:03,4.35,20900,4.35,D
sz000100,TCL科技,2025-09-24 10:09:24,4.35,22800,4.36,D
sz000100,TCL科技,2025-09-24 10:09:27,4.35,24200,4.35,D
sz000100,TCL科技,2025-09-24 10:09:42,4.35,50900,4.36,D
sz000100,TCL科技,2025-09-24 10:09:54,4.35,67500,4.36,D
sz000100,TCL科技,2025-09-24 10:10:06,4.35,188600,4.35,D
sz000100,TCL科技,2025-09-24 10:10:09,4.35,2794510,4.35,D
sz000100,TCL科技,2025-09-24 10:10:12,4.34,23200,4.35,D
sz000100,TCL科技,2025-09-24 10:10:15,4.34,73700,4.34,D
sz000100,TCL科技,2025-09-24 10:10:18,4.34,29900,4.34,D
sz000100,TCL科技,2025-09-24 10:10:24,4.34,30700,4.34,D
sz000100,TCL科技,2025-09-24 10:10:30,4.34,96600,4.34,D
sz000100,TCL科技,2025-09-24 10:10:45,4.34,37700,4.34,D
sz000100,TCL科技,2025-09-24 10:11:00,4.35,31400,4.34,U
sz000100,TCL科技,2025-09-24 10:11:06,4.34,24400,4.34,D
sz000100,TCL科技,2025-09-24 10:11:12,4.34,27100,4.34,D
sz000100,TCL科技,2025-09-24 10:11:15,4.35,118500,4.34,U
sz000100,TCL科技,2025-09-24 10:11:21,4.35,67000,4.35,U
sz000100,TCL科技,2025-09-24 10:11:24,4.34,29800,4.35,D
sz000100,TCL科技,2025-09-24 10:11:27,4.34,29300,4.34,D
sz000100,TCL科技,2025-09-24 10:11:30,4.34,499190,4.34,D
sz000100,TCL科技,2025-09-24 10:11:36,4.35,22300,4.34,U
sz000100,TCL科技,2025-09-24 10:11:45,4.34,24800,4.35,D
sz000100,TCL科技,2025-09-24 10:11:48,4.35,23500,4.34,U
sz000100,TCL科技,2025-09-24 10:11:51,4.35,23000,4.35,U
sz000100,TCL科技,2025-09-24 10:12:00,4.35,22100,4.35,U
sz000100,TCL科技,2025-09-24 10:12:03,4.34,42000,4.35,D
sz000100,TCL科技,2025-09-24 10:12:21,4.35,1115400,4.34,U
sz000100,TCL科技,2025-09-24 10:12:24,4.35,20040,4.35,D
sz000100,TCL科技,2025-09-24 10:12:33,4.36,101900,4.35,U
sz000100,TCL科技,2025-09-24 10:12:54,4.35,347300,4.35,D
sz000100,TCL科技,2025-09-24 10:13:03,4.36,24500,4.36,U
sz000100,TCL科技,2025-09-24 10:13:21,4.36,40400,4.35,U
sz000100,TCL科技,2025-09-24 10:13:24,4.35,1348900,4.36,D
sz000100,TCL科技,2025-09-24 10:13:27,4.35,100300,4.35,U
sz000100,TCL科技,2025-09-24 10:13:36,4.35,20900,4.35,U
sz000100,TCL科技,2025-09-24 10:13:45,4.35,59500,4.35,U
sz000100,TCL科技,2025-09-24 10:14:03,4.35,56000,4.35,U
sz000100,TCL科技,2025-09-24 10:14:06,4.35,52400,4.35,U
sz000100,TCL科技,2025-09-24 10:14:18,4.35,48300,4.35,U
sz000100,TCL科技,2025-09-24 10:14:36,4.34,20700,4.34,D
sz000100,TCL科技,2025-09-24 10:14:42,4.35,543900,4.35,U
sz000100,TCL科技,2025-09-24 10:14:48,4.35,44100,4.35,D
sz000100,TCL科技,2025-09-24 10:14:51,4.34,377000,4.35,D
sz000100,TCL科技,2025-09-24 10:14:54,4.35,24500,4.34,U
sz000100,TCL科技,2025-09-24 10:15:09,4.34,52600,4.35,D
sz000100,TCL科技,2025-09-24 10:15:12,4.34,33650,4.34,D
sz000100,TCL科技,2025-09-24 10:15:15,4.35,63200,4.34,U
sz000100,TCL科技,2025-09-24 10:15:18,4.35,28600,4.35,U
sz000100,TCL科技,2025-09-24 10:15:36,4.35,72800,4.35,U
sz000100,TCL科技,2025-09-24 10:16:06,4.34,49700,4.35,D
sz000100,TCL科技,2025-09-24 10:16:21,4.35,36400,4.35,U
sz000100,TCL科技,2025-09-24 10:16:24,4.35,25300,4.35,U
sz000100,TCL科技,2025-09-24 10:16:27,4.35,70500,4.35,U
sz000100,TCL科技,2025-09-24 10:16:30,4.36,343900,4.35,U
sz000100,TCL科技,2025-09-24 10:16:45,4.36,21400,4.36,U
sz000100,TCL科技,2025-09-24 10:17:18,4.35,25000,4.35,D
sz000100,TCL科技,2025-09-24 10:17:30,4.35,21200,4.35,D
sz000100,TCL科技,2025-09-24 10:18:15,4.35,38700,4.35,D
sz000100,TCL科技,2025-09-24 10:18:39,4.36,41300,4.36,U
sz000100,TCL科技,2025-09-24 10:18:57,4.36,55700,4.36,U
sz000100,TCL科技,2025-09-24 10:19:00,4.36,74300,4.36,U
sz000100,TCL科技,2025-09-24 10:19:15,4.35,30000,4.36,D
sz000100,TCL科技,2025-09-24 10:19:21,4.37,2056040,4.35,U
sz000100,TCL科技,2025-09-24 10:19:30,4.37,22600,4.36,U
sz000100,TCL科技,2025-09-24 10:19:36,4.36,108300,4.37,D
sz000100,TCL科技,2025-09-24 10:19:39,4.36,35300,4.36,D
sz000100,TCL科技,2025-09-24 10:19:45,4.36,41800,4.37,D
sz000100,TCL科技,2025-09-24 10:19:54,4.36,23500,4.37,D
sz000100,TCL科技,2025-09-24 10:19:57,4.37,33600,4.36,U
sz000100,TCL科技,2025-09-24 10:20:18,4.36,66200,4.36,D
sz000100,TCL科技,2025-09-24 10:20:21,4.37,28600,4.36,U
sz000100,TCL科技,2025-09-24 10:20:33,4.37,20200,4.36,U
sz000100,TCL科技,2025-09-24 10:20:51,4.37,26000,4.37,U
sz000100,TCL科技,2025-09-24 10:20:54,4.37,35800,4.37,U
sz000100,TCL科技,2025-09-24 10:20:57,4.37,96100,4.37,U
sz000100,TCL科技,2025-09-24 10:21:00,4.37,26200,4.37,U
sz000100,TCL科技,2025-09-24 10:21:03,4.36,27700,4.37,D
sz000100,TCL科技,2025-09-24 10:21:06,4.37,29300,4.36,U
sz000100,TCL科技,2025-09-24 10:21:30,4.37,20200,4.37,U
sz000100,TCL科技,2025-09-24 10:21:48,4.36,22800,4.36,D
sz000100,TCL科技,2025-09-24 10:21:51,4.37,946200,4.36,U
sz000100,TCL科技,2025-09-24 10:21:54,4.37,245300,4.37,U
sz000100,TCL科技,2025-09-24 10:21:57,4.36,27900,4.37,D
sz000100,TCL科技,2025-09-24 10:22:00,4.37,72700,4.36,U
sz000100,TCL科技,2025-09-24 10:22:03,4.37,360200,4.37,U
sz000100,TCL科技,2025-09-24 10:22:06,4.37,105200,4.37,U
sz000100,TCL科技,2025-09-24 10:22:12,4.37,20600,4.36,U
sz000100,TCL科技,2025-09-24 10:22:15,4.37,46600,4.37,U
sz000100,TCL科技,2025-09-24 10:22:18,4.37,1386050,4.37,U
sz000100,TCL科技,2025-09-24 10:22:48,4.38,27800,4.37,U
sz000100,TCL科技,2025-09-24 10:22:51,4.37,43600,4.38,D
sz000100,TCL科技,2025-09-24 10:22:54,4.37,55300,4.37,D
sz000100,TCL科技,2025-09-24 10:22:57,4.38,51000,4.37,U
sz000100,TCL科技,2025-09-24 10:23:00,4.37,782800,4.38,D
sz000100,TCL科技,2025-09-24 10:23:03,4.37,69200,4.37,D
sz000100,TCL科技,2025-09-24 10:23:09,4.37,20000,4.37,D
sz000100,TCL科技,2025-09-24 10:23:12,4.37,21000,4.37,D
sz000100,TCL科技,2025-09-24 10:23:15,4.37,44400,4.37,E
sz000100,TCL科技,2025-09-24 10:23:18,4.37,45000,4.37,D
sz000100,TCL科技,2025-09-24 10:23:36,4.37,23300,4.37,U
sz000100,TCL科技,2025-09-24 10:24:12,4.36,38500,4.37,D
sz000100,TCL科技,2025-09-24 10:25:09,4.37,82300,4.37,U
sz000100,TCL科技,2025-09-24 10:25:15,4.37,42900,4.37,U
sz000100,TCL科技,2025-09-24 10:25:30,4.37,28900,4.37,U
sz000100,TCL科技,2025-09-24 10:25:45,4.36,20000,4.36,D
sz000100,TCL科技,2025-09-24 10:26:03,4.37,117400,4.37,U
sz000100,TCL科技,2025-09-24 10:26:30,4.36,25700,4.37,D
sz000100,TCL科技,2025-09-24 10:26:33,4.36,39600,4.36,D
sz000100,TCL科技,2025-09-24 10:26:36,4.37,62200,4.36,U
sz000100,TCL科技,2025-09-24 10:26:57,4.37,50100,4.36,U
sz000100,TCL科技,2025-09-24 10:27:12,4.37,115000,4.37,U
sz000100,TCL科技,2025-09-24 10:27:18,4.36,24500,4.37,D
sz000100,TCL科技,2025-09-24 10:27:30,4.38,3048720,4.37,U
sz000100,TCL科技,2025-09-24 10:27:39,4.37,41700,4.38,D
sz000100,TCL科技,2025-09-24 10:27:42,4.37,288200,4.37,D
sz000100,TCL科技,2025-09-24 10:27:48,4.38,43000,4.37,U
sz000100,TCL科技,2025-09-24 10:28:00,4.38,53500,4.37,U
sz000100,TCL科技,2025-09-24 10:28:03,4.37,69000,4.38,D
sz000100,TCL科技,2025-09-24 10:28:09,4.37,43000,4.38,D
sz000100,TCL科技,2025-09-24 10:28:12,4.37,29900,4.37,D
sz000100,TCL科技,2025-09-24 10:28:18,4.38,51500,4.38,U
sz000100,TCL科技,2025-09-24 10:28:27,4.37,30800,4.37,D
sz000100,TCL科技,2025-09-24 10:28:30,4.38,42700,4.37,U
sz000100,TCL科技,2025-09-24 10:28:33,4.37,1111400,4.38,D
sz000100,TCL科技,2025-09-24 10:28:36,4.37,46300,4.37,D
sz000100,TCL科技,2025-09-24 10:28:39,4.37,27600,4.37,D
sz000100,TCL科技,2025-09-24 10:28:42,4.37,40700,4.37,D
sz000100,TCL科技,2025-09-24 10:28:45,4.37,50800,4.37,D
sz000100,TCL科技,2025-09-24 10:28:48,4.37,89700,4.37,D
sz000100,TCL科技,2025-09-24 10:28:51,4.37,88600,4.37,D
sz000100,TCL科技,2025-09-24 10:28:54,4.37,123400,4.37,D
sz000100,TCL科技,2025-09-24 10:28:57,4.37,67700,4.37,D
sz000100,TCL科技,2025-09-24 10:29:15,4.37,35000,4.37,U
sz000100,TCL科技,2025-09-24 10:29:18,4.36,29200,4.37,D
sz000100,TCL科技,2025-09-24 10:29:27,4.37,170500,4.36,U
sz000100,TCL科技,2025-09-24 10:29:33,4.37,64220,4.37,U
sz000100,TCL科技,2025-09-24 10:30:24,4.37,36300,4.37,U
sz000100,TCL科技,2025-09-24 10:30:39,4.37,84000,4.37,U
sz000100,TCL科技,2025-09-24 10:30:42,4.37,1096068,4.37,U
sz000100,TCL科技,2025-09-24 10:30:54,4.37,72700,4.37,D
sz000100,TCL科技,2025-09-24 10:30:57,4.37,20700,4.37,D
sz000100,TCL科技,2025-09-24 10:31:03,4.37,32900,4.37,D
sz000100,TCL科技,2025-09-24 10:31:06,4.37,91900,4.37,D
sz000100,TCL科技,2025-09-24 10:31:09,4.37,60700,4.37,D
sz000100,TCL科技,2025-09-24 10:31:12,4.37,265132,4.37,D
sz000100,TCL科技,2025-09-24 10:31:15,4.36,74900,4.37,D
sz000100,TCL科技,2025-09-24 10:31:18,4.37,69900,4.36,U
sz000100,TCL科技,2025-09-24 10:31:21,4.36,39100,4.37,D
sz000100,TCL科技,2025-09-24 10:31:33,4.36,48700,4.36,D
sz000100,TCL科技,2025-09-24 10:32:03,4.37,220700,4.37,U
sz000100,TCL科技,2025-09-24 10:32:12,4.37,1968900,4.36,U
sz000100,TCL科技,2025-09-24 10:32:15,4.36,180300,4.37,D
sz000100,TCL科技,2025-09-24 10:32:18,4.36,626160,4.36,D
sz000100,TCL科技,2025-09-24 10:32:21,4.36,83800,4.36,U
sz000100,TCL科技,2025-09-24 10:32:36,4.35,33200,4.35,D
sz000100,TCL科技,2025-09-24 10:32:39,4.35,441400,4.35,D
sz000100,TCL科技,2025-09-24 10:32:45,4.35,21700,4.35,D
sz000100,TCL科技,2025-09-24 10:32:48,4.36,404500,4.35,U
sz000100,TCL科技,2025-09-24 10:32:51,4.36,53300,4.36,U
sz000100,TCL科技,2025-09-24 10:32:54,4.35,23700,4.36,D
sz000100,TCL科技,2025-09-24 10:32:57,4.36,86500,4.35,U
sz000100,TCL科技,2025-09-24 10:33:06,4.36,135900,4.35,U
sz000100,TCL科技,2025-09-24 10:33:09,4.36,27300,4.36,U
sz000100,TCL科技,2025-09-24 10:33:15,4.35,245000,4.35,D
sz000100,TCL科技,2025-09-24 10:33:18,4.35,27200,4.35,D
sz000100,TCL科技,2025-09-24 10:33:21,4.35,45200,4.35,D
sz000100,TCL科技,2025-09-24 10:33:36,4.36,62200,4.36,U
sz000100,TCL科技,2025-09-24 10:33:51,4.35,45000,4.36,D
sz000100,TCL科技,2025-09-24 10:33:54,4.36,41500,4.35,U
sz000100,TCL科技,2025-09-24 10:33:57,4.36,42000,4.36,U
sz000100,TCL科技,2025-09-24 10:34:00,4.36,55000,4.36,U
sz000100,TCL科技,2025-09-24 10:34:03,4.36,22100,4.36,U
sz000100,TCL科技,2025-09-24 10:34:30,4.36,1345480,4.36,U
sz000100,TCL科技,2025-09-24 10:34:33,4.36,20400,4.36,D
sz000100,TCL科技,2025-09-24 10:34:39,4.37,26200,4.36,U
sz000100,TCL科技,2025-09-24 10:34:48,4.36,30000,4.36,D
sz000100,TCL科技,2025-09-24 10:35:00,4.36,100600,4.36,D
sz000100,TCL科技,2025-09-24 10:35:12,4.37,24400,4.36,U
sz000100,TCL科技,2025-09-24 10:35:24,4.37,21100,4.37,U
sz000100,TCL科技,2025-09-24 10:35:36,4.36,31400,4.37,D
sz000100,TCL科技,2025-09-24 10:35:48,4.37,20600,4.36,U
sz000100,TCL科技,2025-09-24 10:35:51,4.36,27453,4.37,D
sz000100,TCL科技,2025-09-24 10:35:54,4.37,32000,4.36,U
sz000100,TCL科技,2025-09-24 10:36:06,4.36,48600,4.37,D
sz000100,TCL科技,2025-09-24 10:36:09,4.36,24700,4.36,D
sz000100,TCL科技,2025-09-24 10:36:21,4.37,133700,4.37,U
sz000100,TCL科技,2025-09-24 10:36:30,4.37,27400,4.37,U
sz000100,TCL科技,2025-09-24 10:36:42,4.36,42210,4.37,D
sz000100,TCL科技,2025-09-24 10:36:57,4.37,22500,4.37,U
sz000100,TCL科技,2025-09-24 10:37:06,4.36,107400,4.37,D
sz000100,TCL科技,2025-09-24 10:37:09,4.37,28700,4.36,U
sz000100,TCL科技,2025-09-24 10:37:12,4.36,595017,4.37,D
sz000100,TCL科技,2025-09-24 10:37:15,4.36,22100,4.36,U
sz000100,TCL科技,2025-09-24 10:37:18,4.36,25900,4.36,U
sz000100,TCL科技,2025-09-24 10:37:21,4.35,33500,4.36,D
sz000100,TCL科技,2025-09-24 10:37:24,4.36,29200,4.35,U
sz000100,TCL科技,2025-09-24 10:37:30,4.36,32200,4.36,U
sz000100,TCL科技,2025-09-24 10:37:42,4.36,38800,4.36,U
sz000100,TCL科技,2025-09-24 10:37:48,4.36,76600,4.35,U
sz000100,TCL科技,2025-09-24 10:38:03,4.36,25800,4.35,U
sz000100,TCL科技,2025-09-24 10:38:12,4.36,35700,4.36,U
sz000100,TCL科技,2025-09-24 10:38:27,4.36,39900,4.36,U
sz000100,TCL科技,2025-09-24 10:39:06,4.36,25300,4.36,U
sz000100,TCL科技,2025-09-24 10:39:30,4.35,24300,4.35,D
sz000100,TCL科技,2025-09-24 10:39:42,4.36,87500,4.36,U
sz000100,TCL科技,2025-09-24 10:40:12,4.36,97500,4.36,U
sz000100,TCL科技,2025-09-24 10:40:15,4.36,64100,4.36,U
sz000100,TCL科技,2025-09-24 10:41:24,4.36,20200,4.36,U
sz000100,TCL科技,2025-09-24 10:41:30,4.36,67400,4.36,U
sz000100,TCL科技,2025-09-24 10:42:18,4.35,34100,4.35,D
sz000100,TCL科技,2025-09-24 10:42:27,4.35,461800,4.35,D
sz000100,TCL科技,2025-09-24 10:42:30,4.35,24000,4.35,D
sz000100,TCL科技,2025-09-24 10:42:42,4.35,2405840,4.35,D
sz000100,TCL科技,2025-09-24 10:42:45,4.34,23000,4.35,D
sz000100,TCL科技,2025-09-24 10:42:48,4.35,58900,4.34,U
sz000100,TCL科技,2025-09-24 10:42:57,4.35,41600,4.35,U
sz000100,TCL科技,2025-09-24 10:43:03,4.35,40100,4.35,U
sz000100,TCL科技,2025-09-24 10:43:12,4.35,23600,4.34,U
sz000100,TCL科技,2025-09-24 10:43:24,4.35,34800,4.35,U
sz000100,TCL科技,2025-09-24 10:43:30,4.35,25400,4.35,U
sz000100,TCL科技,2025-09-24 10:43:51,4.35,239800,4.35,U
sz000100,TCL科技,2025-09-24 10:43:54,4.35,192200,4.35,U
sz000100,TCL科技,2025-09-24 10:44:00,4.35,20000,4.36,D
sz000100,TCL科技,2025-09-24 10:44:48,4.36,26000,4.35,U
sz000100,TCL科技,2025-09-24 10:45:12,4.36,22300,4.35,U
sz000100,TCL科技,2025-09-24 10:45:15,4.36,33500,4.36,U
sz000100,TCL科技,2025-09-24 10:45:18,4.36,38000,4.36,U
sz000100,TCL科技,2025-09-24 10:45:21,4.36,28300,4.36,U
sz000100,TCL科技,2025-09-24 10:45:27,4.36,96900,4.36,U
sz000100,TCL科技,2025-09-24 10:45:33,4.35,26600,4.35,D
sz000100,TCL科技,2025-09-24 10:45:42,4.36,26800,4.35,U
sz000100,TCL科技,2025-09-24 10:45:45,4.36,42000,4.36,U
sz000100,TCL科技,2025-09-24 10:45:48,4.36,22500,4.36,U
sz000100,TCL科技,2025-09-24 10:45:51,4.36,102900,4.36,U
sz000100,TCL科技,2025-09-24 10:45:54,4.36,33200,4.36,U
sz000100,TCL科技,2025-09-24 10:45:57,4.36,57200,4.36,U
sz000100,TCL科技,2025-09-24 10:46:03,4.35,53500,4.36,D
sz000100,TCL科技,2025-09-24 10:46:06,4.35,51200,4.35,D
sz000100,TCL科技,2025-09-24 10:46:18,4.35,21200,4.35,D
sz000100,TCL科技,2025-09-24 10:46:33,4.35,26900,4.36,D
sz000100,TCL科技,2025-09-24 10:46:48,4.35,21200,4.35,D
sz000100,TCL科技,2025-09-24 10:47:03,4.36,44000,4.36,U
sz000100,TCL科技,2025-09-24 10:47:09,4.36,97400,4.36,U
sz000100,TCL科技,2025-09-24 10:47:27,4.36,23500,4.35,U
sz000100,TCL科技,2025-09-24 10:48:27,4.35,32900,4.36,D
sz000100,TCL科技,2025-09-24 10:48:48,4.36,131100,4.35,U
sz000100,TCL科技,2025-09-24 10:48:51,4.35,70600,4.36,D
sz000100,TCL科技,2025-09-24 10:48:54,4.36,37000,4.35,U
sz000100,TCL科技,2025-09-24 10:48:57,4.36,33700,4.36,U
sz000100,TCL科技,2025-09-24 10:49:03,4.36,27900,4.36,U
sz000100,TCL科技,2025-09-24 10:49:12,4.36,39600,4.36,U
sz000100,TCL科技,2025-09-24 10:49:18,4.35,49200,4.36,D
sz000100,TCL科技,2025-09-24 10:49:21,4.36,66100,4.35,U
sz000100,TCL科技,2025-09-24 10:49:24,4.35,57000,4.36,D
sz000100,TCL科技,2025-09-24 10:49:39,4.35,20200,4.36,D
sz000100,TCL科技,2025-09-24 10:49:42,4.36,47200,4.35,U
sz000100,TCL科技,2025-09-24 10:49:45,4.36,53900,4.36,U
sz000100,TCL科技,2025-09-24 10:50:24,4.35,41600,4.36,D
sz000100,TCL科技,2025-09-24 10:50:27,4.36,36000,4.35,U
sz000100,TCL科技,2025-09-24 10:50:30,4.35,369100,4.36,D
sz000100,TCL科技,2025-09-24 10:50:33,4.36,58700,4.35,U
sz000100,TCL科技,2025-09-24 10:50:36,4.35,27100,4.36,D
sz000100,TCL科技,2025-09-24 10:50:48,4.36,21600,4.36,U
sz000100,TCL科技,2025-09-24 10:50:54,4.36,31000,4.36,U
sz000100,TCL科技,2025-09-24 10:50:57,4.36,38000,4.36,U
sz000100,TCL科技,2025-09-24 10:51:00,4.35,359500,4.36,D
sz000100,TCL科技,2025-09-24 10:51:06,4.35,70000,4.35,D
sz000100,TCL科技,2025-09-24 10:51:15,4.35,37700,4.36,D
sz000100,TCL科技,2025-09-24 10:51:33,4.36,24300,4.36,U
sz000100,TCL科技,2025-09-24 10:51:51,4.36,23900,4.35,U
sz000100,TCL科技,2025-09-24 10:51:57,4.36,38600,4.35,U
sz000100,TCL科技,2025-09-24 10:52:00,4.36,82400,4.36,U
sz000100,TCL科技,2025-09-24 10:52:03,4.35,183800,4.36,D
sz000100,TCL科技,2025-09-24 10:52:06,4.36,473000,4.35,U
sz000100,TCL科技,2025-09-24 10:52:09,4.36,394640,4.36,U
sz000100,TCL科技,2025-09-24 10:53:03,4.37,68700,4.36,U
sz000100,TCL科技,2025-09-24 10:53:12,4.37,43500,4.37,U
sz000100,TCL科技,2025-09-24 10:53:27,4.36,111900,4.37,D
sz000100,TCL科技,2025-09-24 10:53:30,4.36,49100,4.36,D
sz000100,TCL科技,2025-09-24 10:53:36,4.37,59000,4.37,U
sz000100,TCL科技,2025-09-24 10:53:39,4.36,23600,4.37,D
sz000100,TCL科技,2025-09-24 10:53:42,4.36,43200,4.36,D
sz000100,TCL科技,2025-09-24 10:53:51,4.37,24600,4.37,U
sz000100,TCL科技,2025-09-24 10:54:03,4.37,24170,4.37,U
sz000100,TCL科技,2025-09-24 10:54:15,4.36,42600,4.37,D
sz000100,TCL科技,2025-09-24 10:54:33,4.36,27800,4.36,D
sz000100,TCL科技,2025-09-24 10:54:42,4.37,30900,4.37,U
sz000100,TCL科技,2025-09-24 10:54:45,4.37,22400,4.37,U
sz000100,TCL科技,2025-09-24 10:54:48,4.37,51400,4.37,U
sz000100,TCL科技,2025-09-24 10:54:57,4.37,54100,4.36,U
sz000100,TCL科技,2025-09-24 10:55:09,4.37,36700,4.36,U
sz000100,TCL科技,2025-09-24 10:55:15,4.36,34150,4.37,D
sz000100,TCL科技,2025-09-24 10:55:18,4.36,58400,4.36,D
sz000100,TCL科技,2025-09-24 10:55:24,4.36,29300,4.36,D
sz000100,TCL科技,2025-09-24 10:55:27,4.36,43900,4.36,D
sz000100,TCL科技,2025-09-24 10:55:30,4.36,51900,4.36,D
sz000100,TCL科技,2025-09-24 10:55:33,4.36,54500,4.36,D
sz000100,TCL科技,2025-09-24 10:55:36,4.37,34400,4.36,U
sz000100,TCL科技,2025-09-24 10:55:54,4.37,28000,4.36,U
sz000100,TCL科技,2025-09-24 10:56:12,4.36,29600,4.37,D
sz000100,TCL科技,2025-09-24 10:57:39,4.37,20800,4.36,U
sz000100,TCL科技,2025-09-24 10:58:00,4.37,38800,4.37,U
sz000100,TCL科技,2025-09-24 10:58:03,4.37,25000,4.37,U
sz000100,TCL科技,2025-09-24 10:58:06,4.37,39400,4.37,U
sz000100,TCL科技,2025-09-24 10:58:15,4.36,33700,4.37,D
sz000100,TCL科技,2025-09-24 10:58:21,4.36,24500,4.36,D
sz000100,TCL科技,2025-09-24 10:58:33,4.37,42400,4.36,U
sz000100,TCL科技,2025-09-24 10:58:36,4.36,33200,4.37,D
sz000100,TCL科技,2025-09-24 10:58:45,4.36,35300,4.36,D
sz000100,TCL科技,2025-09-24 10:58:48,4.36,21600,4.36,D
sz000100,TCL科技,2025-09-24 10:58:51,4.37,42100,4.36,U
sz000100,TCL科技,2025-09-24 10:58:54,4.37,34000,4.37,U
sz000100,TCL科技,2025-09-24 10:59:00,4.37,25600,4.37,U
sz000100,TCL科技,2025-09-24 10:59:03,4.37,506200,4.37,U
sz000100,TCL科技,2025-09-24 10:59:06,4.37,85100,4.37,U
sz000100,TCL科技,2025-09-24 10:59:09,4.37,24470,4.37,U
sz000100,TCL科技,2025-09-24 10:59:12,4.37,155400,4.37,U
sz000100,TCL科技,2025-09-24 10:59:18,4.36,26000,4.36,D
sz000100,TCL科技,2025-09-24 10:59:21,4.36,21800,4.36,D
sz000100,TCL科技,2025-09-24 10:59:24,4.36,39600,4.36,D
sz000100,TCL科技,2025-09-24 10:59:39,4.37,34000,4.37,U
sz000100,TCL科技,2025-09-24 10:59:48,4.36,34800,4.36,D
sz000100,TCL科技,2025-09-24 10:59:54,4.37,31600,4.37,U
sz000100,TCL科技,2025-09-24 10:59:57,4.37,58700,4.37,U
sz000100,TCL科技,2025-09-24 11:00:00,4.37,24900,4.37,U
sz000100,TCL科技,2025-09-24 11:00:03,4.37,49000,4.37,U
sz000100,TCL科技,2025-09-24 11:00:06,4.36,50300,4.37,D
sz000100,TCL科技,2025-09-24 11:00:39,4.37,69600,4.36,U
sz000100,TCL科技,2025-09-24 11:00:54,4.36,1220100,4.36,D
sz000100,TCL科技,2025-09-24 11:00:57,4.36,438200,4.36,D
sz000100,TCL科技,2025-09-24 11:01:00,4.36,125800,4.36,D
sz000100,TCL科技,2025-09-24 11:01:03,4.36,602700,4.36,U
sz000100,TCL科技,2025-09-24 11:01:06,4.36,63000,4.36,D
sz000100,TCL科技,2025-09-24 11:01:09,4.36,47400,4.36,D
sz000100,TCL科技,2025-09-24 11:01:15,4.36,69800,4.36,D
sz000100,TCL科技,2025-09-24 11:01:18,4.36,103500,4.36,D
sz000100,TCL科技,2025-09-24 11:01:21,4.36,246400,4.36,D
sz000100,TCL科技,2025-09-24 11:01:27,4.36,127900,4.36,U
sz000100,TCL科技,2025-09-24 11:01:33,4.36,68200,4.36,D
sz000100,TCL科技,2025-09-24 11:01:36,4.36,191200,4.36,D
sz000100,TCL科技,2025-09-24 11:01:39,4.36,27300,4.36,D
sz000100,TCL科技,2025-09-24 11:01:45,4.36,61500,4.36,D
sz000100,TCL科技,2025-09-24 11:01:48,4.36,25100,4.36,D
sz000100,TCL科技,2025-09-24 11:01:51,4.35,21300,4.36,D
sz000100,TCL科技,2025-09-24 11:01:57,4.36,73100,4.36,U
sz000100,TCL科技,2025-09-24 11:02:00,4.36,72700,4.36,D
sz000100,TCL科技,2025-09-24 11:02:03,4.36,118100,4.36,D
sz000100,TCL科技,2025-09-24 11:02:06,4.37,33400,4.36,U
sz000100,TCL科技,2025-09-24 11:02:09,4.37,33400,4.37,U
sz000100,TCL科技,2025-09-24 11:02:12,4.36,23200,4.37,D
sz000100,TCL科技,2025-09-24 11:02:15,4.36,35100,4.36,D
sz000100,TCL科技,2025-09-24 11:02:18,4.36,68200,4.36,D
sz000100,TCL科技,2025-09-24 11:02:30,4.36,41500,4.36,D
sz000100,TCL科技,2025-09-24 11:02:36,4.36,86900,4.36,D
sz000100,TCL科技,2025-09-24 11:02:39,4.36,43100,4.36,D
sz000100,TCL科技,2025-09-24 11:02:48,4.36,147300,4.36,D
sz000100,TCL科技,2025-09-24 11:02:51,4.36,68600,4.36,D
sz000100,TCL科技,2025-09-24 11:03:12,4.36,32100,4.36,D
sz000100,TCL科技,2025-09-24 11:03:15,4.36,49000,4.36,D
sz000100,TCL科技,2025-09-24 11:03:21,4.36,909000,4.36,D
sz000100,TCL科技,2025-09-24 11:03:27,4.36,158100,4.36,D
sz000100,TCL科技,2025-09-24 11:03:30,4.36,64900,4.36,U
sz000100,TCL科技,2025-09-24 11:03:33,4.36,30900,4.36,D
sz000100,TCL科技,2025-09-24 11:03:39,4.36,46700,4.36,D
sz000100,TCL科技,2025-09-24 11:03:57,4.36,21500,4.36,D
sz000100,TCL科技,2025-09-24 11:04:03,4.36,285900,4.36,D
sz000100,TCL科技,2025-09-24 11:04:09,4.36,22300,4.36,D
sz000100,TCL科技,2025-09-24 11:04:48,4.36,23600,4.36,D
sz000100,TCL科技,2025-09-24 11:04:54,4.37,20200,4.36,U
sz000100,TCL科技,2025-09-24 11:04:57,4.36,56400,4.37,D
sz000100,TCL科技,2025-09-24 11:05:03,4.36,35600,4.37,D
sz000100,TCL科技,2025-09-24 11:05:06,4.36,36300,4.36,D
sz000100,TCL科技,2025-09-24 11:05:21,4.36,46900,4.36,D
sz000100,TCL科技,2025-09-24 11:05:27,4.37,32500,4.36,U
sz000100,TCL科技,2025-09-24 11:05:33,4.36,65700,4.37,D
sz000100,TCL科技,2025-09-24 11:05:36,4.37,55600,4.36,U
sz000100,TCL科技,2025-09-24 11:05:39,4.36,44900,4.37,D
sz000100,TCL科技,2025-09-24 11:05:51,4.36,41600,4.36,D
sz000100,TCL科技,2025-09-24 11:06:15,4.36,21600,4.37,D
sz000100,TCL科技,2025-09-24 11:06:24,4.37,25300,4.36,U
sz000100,TCL科技,2025-09-24 11:06:27,4.36,61900,4.37,D
sz000100,TCL科技,2025-09-24 11:06:51,4.36,37500,4.36,D
sz000100,TCL科技,2025-09-24 11:06:54,4.36,1218700,4.36,D
sz000100,TCL科技,2025-09-24 11:06:57,4.36,41700,4.36,U
sz000100,TCL科技,2025-09-24 11:07:00,4.36,210300,4.36,U
sz000100,TCL科技,2025-09-24 11:07:03,4.35,937400,4.36,D
sz000100,TCL科技,2025-09-24 11:07:06,4.36,47800,4.35,U
sz000100,TCL科技,2025-09-24 11:07:09,4.36,86900,4.36,U
sz000100,TCL科技,2025-09-24 11:07:18,4.35,95400,4.36,D
sz000100,TCL科技,2025-09-24 11:07:21,4.36,32400,4.35,U
sz000100,TCL科技,2025-09-24 11:07:27,4.36,108600,4.36,U
sz000100,TCL科技,2025-09-24 11:07:30,4.36,30100,4.36,U
sz000100,TCL科技,2025-09-24 11:07:36,4.36,25100,4.36,U
sz000100,TCL科技,2025-09-24 11:07:48,4.35,59800,4.35,D
sz000100,TCL科技,2025-09-24 11:08:06,4.35,47100,4.36,D
sz000100,TCL科技,2025-09-24 11:08:21,4.35,20300,4.36,D
sz000100,TCL科技,2025-09-24 11:08:27,4.36,20700,4.35,U
sz000100,TCL科技,2025-09-24 11:08:57,4.35,25300,4.36,D
sz000100,TCL科技,2025-09-24 11:09:00,4.36,25500,4.35,U
sz000100,TCL科技,2025-09-24 11:09:03,4.35,29100,4.36,D
sz000100,TCL科技,2025-09-24 11:09:06,4.35,25300,4.35,D
sz000100,TCL科技,2025-09-24 11:09:09,4.36,54400,4.35,U
sz000100,TCL科技,2025-09-24 11:09:12,4.35,33400,4.36,D
sz000100,TCL科技,2025-09-24 11:09:15,4.35,58200,4.35,D
sz000100,TCL科技,2025-09-24 11:09:18,4.36,26900,4.35,U
sz000100,TCL科技,2025-09-24 11:09:21,4.35,21000,4.36,D
sz000100,TCL科技,2025-09-24 11:09:24,4.36,111300,4.35,U
sz000100,TCL科技,2025-09-24 11:09:33,4.36,202000,4.36,U
sz000100,TCL科技,2025-09-24 11:09:36,4.36,103500,4.36,U
sz000100,TCL科技,2025-09-24 11:09:42,4.36,372200,4.36,U
sz000100,TCL科技,2025-09-24 11:09:45,4.36,141400,4.36,U
sz000100,TCL科技,2025-09-24 11:09:48,4.36,151020,4.36,D
sz000100,TCL科技,2025-09-24 11:09:51,4.36,42530,4.36,D
sz000100,TCL科技,2025-09-24 11:09:54,4.36,75400,4.36,U
sz000100,TCL科技,2025-09-24 11:10:00,4.36,21700,4.36,U
sz000100,TCL科技,2025-09-24 11:10:06,4.36,62100,4.36,U
sz000100,TCL科技,2025-09-24 11:10:09,4.36,35400,4.36,U
sz000100,TCL科技,2025-09-24 11:10:18,4.36,258100,4.36,D
sz000100,TCL科技,2025-09-24 11:10:21,4.36,442300,4.36,D
sz000100,TCL科技,2025-09-24 11:10:24,4.35,1248700,4.36,D
sz000100,TCL科技,2025-09-24 11:10:30,4.36,24600,4.36,U
sz000100,TCL科技,2025-09-24 11:10:33,4.36,107300,4.36,U
sz000100,TCL科技,2025-09-24 11:10:39,4.36,93900,4.36,U
sz000100,TCL科技,2025-09-24 11:10:45,4.36,30500,4.36,U
sz000100,TCL科技,2025-09-24 11:10:48,4.36,30900,4.36,U
sz000100,TCL科技,2025-09-24 11:10:51,4.36,31200,4.36,U
sz000100,TCL科技,2025-09-24 11:10:57,4.36,175200,4.36,U
sz000100,TCL科技,2025-09-24 11:11:00,4.36,25910,4.36,D
sz000100,TCL科技,2025-09-24 11:11:12,4.36,59700,4.36,D
sz000100,TCL科技,2025-09-24 11:11:15,4.36,33400,4.36,D
sz000100,TCL科技,2025-09-24 11:11:18,4.37,26700,4.36,U
sz000100,TCL科技,2025-09-24 11:11:24,4.36,33600,4.36,D
sz000100,TCL科技,2025-09-24 11:11:27,4.36,52200,4.36,D
sz000100,TCL科技,2025-09-24 11:11:48,4.36,23900,4.35,U
sz000100,TCL科技,2025-09-24 11:12:15,4.35,210100,4.36,D
sz000100,TCL科技,2025-09-24 11:12:30,4.36,652800,4.35,U
sz000100,TCL科技,2025-09-24 11:12:33,4.36,85300,4.36,U
sz000100,TCL科技,2025-09-24 11:12:36,4.36,91700,4.36,U
sz000100,TCL科技,2025-09-24 11:12:39,4.36,212300,4.36,U
sz000100,TCL科技,2025-09-24 11:12:42,4.37,213700,4.36,U
sz000100,TCL科技,2025-09-24 11:13:33,4.36,20800,4.37,D
sz000100,TCL科技,2025-09-24 11:13:54,4.36,147090,4.36,D
sz000100,TCL科技,2025-09-24 11:14:12,4.36,37400,4.37,D
sz000100,TCL科技,2025-09-24 11:14:36,4.36,21600,4.36,D
sz000100,TCL科技,2025-09-24 11:14:51,4.36,34700,4.36,D
sz000100,TCL科技,2025-09-24 11:15:27,4.37,136200,4.37,U
sz000100,TCL科技,2025-09-24 11:16:12,4.36,28400,4.36,D
sz000100,TCL科技,2025-09-24 11:16:33,4.36,21900,4.37,D
sz000100,TCL科技,2025-09-24 11:16:42,4.37,26800,4.36,U
sz000100,TCL科技,2025-09-24 11:17:51,4.37,31100,4.36,U
sz000100,TCL科技,2025-09-24 11:17:57,4.37,31000,4.36,U
sz000100,TCL科技,2025-09-24 11:18:15,4.37,27100,4.36,U
sz000100,TCL科技,2025-09-24 11:18:33,4.36,57500,4.36,D
sz000100,TCL科技,2025-09-24 11:18:42,4.37,26200,4.36,U
sz000100,TCL科技,2025-09-24 11:18:48,4.36,22800,4.36,D
sz000100,TCL科技,2025-09-24 11:18:54,4.36,20800,4.36,D
sz000100,TCL科技,2025-09-24 11:18:57,4.37,21700,4.36,U
sz000100,TCL科技,2025-09-24 11:19:06,4.37,22500,4.36,U
sz000100,TCL科技,2025-09-24 11:19:24,4.37,156800,4.37,U
sz000100,TCL科技,2025-09-24 11:19:27,4.37,87500,4.37,U
sz000100,TCL科技,2025-09-24 11:19:30,4.37,3452200,4.37,U
sz000100,TCL科技,2025-09-24 11:19:33,4.37,401800,4.37,U
sz000100,TCL科技,2025-09-24 11:19:36,4.37,249400,4.37,U
sz000100,TCL科技,2025-09-24 11:19:39,4.37,98358,4.37,U
sz000100,TCL科技,2025-09-24 11:19:42,4.37,117600,4.37,U
sz000100,TCL科技,2025-09-24 11:19:45,4.37,188700,4.37,U
sz000100,TCL科技,2025-09-24 11:19:48,4.37,191600,4.37,U
sz000100,TCL科技,2025-09-24 11:19:51,4.37,128300,4.37,U
sz000100,TCL科技,2025-09-24 11:19:54,4.37,129400,4.37,U
sz000100,TCL科技,2025-09-24 11:19:57,4.37,184400,4.37,U
sz000100,TCL科技,2025-09-24 11:20:00,4.37,196000,4.37,U
sz000100,TCL科技,2025-09-24 11:20:03,4.37,553750,4.37,U
sz000100,TCL科技,2025-09-24 11:20:06,4.37,35000,4.37,D
sz000100,TCL科技,2025-09-24 11:20:12,4.37,28600,4.37,D
sz000100,TCL科技,2025-09-24 11:20:21,4.38,40500,4.37,U
sz000100,TCL科技,2025-09-24 11:20:24,4.38,61200,4.38,U
sz000100,TCL科技,2025-09-24 11:20:36,4.38,195500,4.38,U
sz000100,TCL科技,2025-09-24 11:20:51,4.38,53600,4.38,U
sz000100,TCL科技,2025-09-24 11:20:54,4.38,23600,4.38,U
sz000100,TCL科技,2025-09-24 11:20:57,4.38,52800,4.38,U
sz000100,TCL科技,2025-09-24 11:21:00,4.37,58800,4.38,D
sz000100,TCL科技,2025-09-24 11:21:03,4.38,35900,4.37,U
sz000100,TCL科技,2025-09-24 11:21:09,4.38,24100,4.38,U
sz000100,TCL科技,2025-09-24 11:21:18,4.37,26000,4.38,D
sz000100,TCL科技,2025-09-24 11:21:24,4.37,123000,4.38,D
sz000100,TCL科技,2025-09-24 11:22:00,4.37,32600,4.37,D
sz000100,TCL科技,2025-09-24 11:22:03,4.38,126400,4.37,U
sz000100,TCL科技,2025-09-24 11:22:06,4.38,44400,4.38,U
sz000100,TCL科技,2025-09-24 11:22:09,4.37,59900,4.38,D
sz000100,TCL科技,2025-09-24 11:22:21,4.37,61800,4.37,D
sz000100,TCL科技,2025-09-24 11:22:24,4.37,25000,4.37,D
sz000100,TCL科技,2025-09-24 11:22:33,4.38,50900,4.38,U
sz000100,TCL科技,2025-09-24 11:23:03,4.37,33000,4.37,D
sz000100,TCL科技,2025-09-24 11:23:06,4.38,36300,4.37,U
sz000100,TCL科技,2025-09-24 11:23:09,4.38,64400,4.38,U
sz000100,TCL科技,2025-09-24 11:23:12,4.38,32000,4.38,U
sz000100,TCL科技,2025-09-24 11:23:24,4.38,60800,4.38,U
sz000100,TCL科技,2025-09-24 11:23:36,4.37,20600,4.38,D
sz000100,TCL科技,2025-09-24 11:23:39,4.38,52000,4.37,U
sz000100,TCL科技,2025-09-24 11:23:51,4.37,25500,4.37,D
sz000100,TCL科技,2025-09-24 11:23:54,4.37,50500,4.37,D
sz000100,TCL科技,2025-09-24 11:24:03,4.37,218900,4.37,D
sz000100,TCL科技,2025-09-24 11:24:12,4.38,24900,4.37,U
sz000100,TCL科技,2025-09-24 11:24:24,4.38,358900,4.38,U
sz000100,TCL科技,2025-09-24 11:24:27,4.37,57000,4.38,D
sz000100,TCL科技,2025-09-24 11:24:33,4.37,41700,4.37,D
sz000100,TCL科技,2025-09-24 11:24:36,4.37,46200,4.37,D
sz000100,TCL科技,2025-09-24 11:25:06,4.38,59700,4.38,U
sz000100,TCL科技,2025-09-24 11:25:18,4.38,86000,4.38,U
sz000100,TCL科技,2025-09-24 11:25:21,4.37,34200,4.38,D
sz000100,TCL科技,2025-09-24 11:25:42,4.37,34200,4.37,D
sz000100,TCL科技,2025-09-24 11:25:51,4.37,28800,4.38,D
sz000100,TCL科技,2025-09-24 11:25:54,4.38,48500,4.37,U
sz000100,TCL科技,2025-09-24 11:26:03,4.38,25700,4.38,U
sz000100,TCL科技,2025-09-24 11:26:12,4.37,33300,4.37,D
sz000100,TCL科技,2025-09-24 11:26:24,4.38,27800,4.37,U
sz000100,TCL科技,2025-09-24 11:26:27,4.38,106800,4.38,U
sz000100,TCL科技,2025-09-24 11:26:30,4.38,27900,4.38,U
sz000100,TCL科技,2025-09-24 11:26:33,4.38,30500,4.38,U
sz000100,TCL科技,2025-09-24 11:26:42,4.38,46000,4.38,U
sz000100,TCL科技,2025-09-24 11:26:45,4.38,126630,4.38,U
sz000100,TCL科技,2025-09-24 11:27:03,4.37,170000,4.37,D
sz000100,TCL科技,2025-09-24 11:27:09,4.38,71900,4.38,U
sz000100,TCL科技,2025-09-24 11:27:21,4.37,24300,4.38,D
sz000100,TCL科技,2025-09-24 11:27:33,4.37,22500,4.37,D
sz000100,TCL科技,2025-09-24 11:27:39,4.38,114100,4.37,U
sz000100,TCL科技,2025-09-24 11:27:51,4.37,90710,4.37,D
sz000100,TCL科技,2025-09-24 11:27:54,4.37,21600,4.37,D
sz000100,TCL科技,2025-09-24 11:27:57,4.38,294600,4.37,U
sz000100,TCL科技,2025-09-24 11:28:00,4.38,49200,4.38,U
sz000100,TCL科技,2025-09-24 11:28:03,4.38,48300,4.38,U
sz000100,TCL科技,2025-09-24 11:28:06,4.38,95000,4.38,U
sz000100,TCL科技,2025-09-24 11:28:09,4.38,240800,4.38,U
sz000100,TCL科技,2025-09-24 11:28:12,4.38,24800,4.38,U
sz000100,TCL科技,2025-09-24 11:28:15,4.38,34500,4.38,U
sz000100,TCL科技,2025-09-24 11:28:18,4.38,256100,4.38,U
sz000100,TCL科技,2025-09-24 11:28:21,4.37,260100,4.38,D
sz000100,TCL科技,2025-09-24 11:28:24,4.39,5549510,4.37,U
sz000100,TCL科技,2025-09-24 11:28:36,4.38,27400,4.38,D
sz000100,TCL科技,2025-09-24 11:28:42,4.38,65900,4.39,D
sz000100,TCL科技,2025-09-24 11:28:45,4.38,45900,4.38,D
sz000100,TCL科技,2025-09-24 11:28:48,4.38,31700,4.38,D
sz000100,TCL科技,2025-09-24 11:28:54,4.39,66000,4.38,U
sz000100,TCL科技,2025-09-24 11:29:03,4.39,121700,4.39,U
sz000100,TCL科技,2025-09-24 11:29:06,4.39,39450,4.39,U
sz000100,TCL科技,2025-09-24 11:29:24,4.38,60900,4.38,D
sz000100,TCL科技,2025-09-24 11:29:27,4.39,27000,4.38,U
sz000100,TCL科技,2025-09-24 11:29:33,4.39,125600,4.38,U
sz000100,TCL科技,2025-09-24 11:29:36,4.39,43800,4.39,U
sz000100,TCL科技,2025-09-24 11:29:42,4.38,469700,4.39,D
sz000100,TCL科技,2025-09-24 11:29:45,4.39,27400,4.38,U
sz000100,TCL科技,2025-09-24 11:29:51,4.38,96600,4.39,D
sz000100,TCL科技,2025-09-24 11:30:00,4.38,35800,4.38,D
sz000100,TCL科技,2025-09-24 13:00:00,4.38,1246800,4.38,D
sz000100,TCL科技,2025-09-24 13:00:03,4.39,8959670,4.38,U
sz000100,TCL科技,2025-09-24 13:00:06,4.4,991600,4.39,U
sz000100,TCL科技,2025-09-24 13:00:09,4.4,213900,4.4,U
sz000100,TCL科技,2025-09-24 13:00:12,4.4,1786400,4.4,U
sz000100,TCL科技,2025-09-24 13:00:15,4.4,768100,4.4,U
sz000100,TCL科技,2025-09-24 13:00:18,4.4,580700,4.4,U
sz000100,TCL科技,2025-09-24 13:00:21,4.4,623200,4.4,U
sz000100,TCL科技,2025-09-24 13:00:24,4.42,19318364,4.4,U
sz000100,TCL科技,2025-09-24 13:00:27,4.41,1002100,4.42,D
sz000100,TCL科技,2025-09-24 13:00:30,4.42,143300,4.41,U
sz000100,TCL科技,2025-09-24 13:00:33,4.42,143300,4.42,U
sz000100,TCL科技,2025-09-24 13:00:36,4.42,39700,4.42,U
sz000100,TCL科技,2025-09-24 13:00:39,4.41,1027500,4.42,D
sz000100,TCL科技,2025-09-24 13:00:42,4.41,1789200,4.41,D
sz000100,TCL科技,2025-09-24 13:00:45,4.41,609700,4.41,D
sz000100,TCL科技,2025-09-24 13:00:48,4.41,106200,4.41,D
sz000100,TCL科技,2025-09-24 13:00:51,4.41,97700,4.41,D
sz000100,TCL科技,2025-09-24 13:00:54,4.41,193400,4.41,D
sz000100,TCL科技,2025-09-24 13:00:57,4.41,596600,4.41,D
sz000100,TCL科技,2025-09-24 13:01:00,4.41,60600,4.41,U
sz000100,TCL科技,2025-09-24 13:01:03,4.41,77600,4.41,U
sz000100,TCL科技,2025-09-24 13:01:06,4.4,42100,4.41,D
sz000100,TCL科技,2025-09-24 13:01:09,4.4,233200,4.4,D
sz000100,TCL科技,2025-09-24 13:01:12,4.4,28600,4.4,D
sz000100,TCL科技,2025-09-24 13:01:21,4.4,36200,4.41,D
sz000100,TCL科技,2025-09-24 13:01:24,4.4,74300,4.4,D
sz000100,TCL科技,2025-09-24 13:01:27,4.4,40000,4.4,D
sz000100,TCL科技,2025-09-24 13:01:36,4.4,48400,4.41,D
sz000100,TCL科技,2025-09-24 13:01:39,4.41,63200,4.4,U
sz000100,TCL科技,2025-09-24 13:01:42,4.4,22600,4.41,D
sz000100,TCL科技,2025-09-24 13:01:45,4.41,237100,4.4,U
sz000100,TCL科技,2025-09-24 13:01:48,4.41,2228000,4.41,U
sz000100,TCL科技,2025-09-24 13:01:51,4.4,96100,4.41,D
sz000100,TCL科技,2025-09-24 13:01:54,4.4,90500,4.4,D
sz000100,TCL科技,2025-09-24 13:01:57,4.41,35200,4.4,U
sz000100,TCL科技,2025-09-24 13:02:00,4.41,49600,4.41,U
sz000100,TCL科技,2025-09-24 13:02:03,4.41,36100,4.41,U
sz000100,TCL科技,2025-09-24 13:02:06,4.41,102400,4.41,U
sz000100,TCL科技,2025-09-24 13:02:09,4.41,129300,4.41,U
sz000100,TCL科技,2025-09-24 13:02:12,4.41,41600,4.41,U
sz000100,TCL科技,2025-09-24 13:02:15,4.41,24400,4.41,U
sz000100,TCL科技,2025-09-24 13:02:27,4.41,214500,4.4,U
sz000100,TCL科技,2025-09-24 13:02:36,4.4,29400,4.41,D
sz000100,TCL科技,2025-09-24 13:02:39,4.41,22200,4.4,U
sz000100,TCL科技,2025-09-24 13:02:42,4.4,29000,4.41,D
sz000100,TCL科技,2025-09-24 13:02:45,4.4,21900,4.4,D
sz000100,TCL科技,2025-09-24 13:02:48,4.4,123500,4.4,D
sz000100,TCL科技,2025-09-24 13:02:51,4.4,49600,4.4,D
sz000100,TCL科技,2025-09-24 13:02:54,4.4,27100,4.4,D
sz000100,TCL科技,2025-09-24 13:02:57,4.4,49500,4.4,D
sz000100,TCL科技,2025-09-24 13:03:03,4.4,48530,4.41,D
sz000100,TCL科技,2025-09-24 13:03:06,4.4,62882,4.4,D
sz000100,TCL科技,2025-09-24 13:03:09,4.4,20100,4.4,D
sz000100,TCL科技,2025-09-24 13:03:12,4.4,95400,4.4,D
sz000100,TCL科技,2025-09-24 13:03:15,4.4,116950,4.4,D
sz000100,TCL科技,2025-09-24 13:03:18,4.4,108300,4.4,D
sz000100,TCL科技,2025-09-24 13:03:21,4.41,29200,4.4,U
sz000100,TCL科技,2025-09-24 13:03:24,4.4,28000,4.41,D
sz000100,TCL科技,2025-09-24 13:03:30,4.4,41800,4.4,D
sz000100,TCL科技,2025-09-24 13:03:36,4.41,140730,4.4,U
sz000100,TCL科技,2025-09-24 13:03:39,4.4,40200,4.41,D
sz000100,TCL科技,2025-09-24 13:03:48,4.4,80500,4.4,D
sz000100,TCL科技,2025-09-24 13:03:54,4.4,165800,4.41,D
sz000100,TCL科技,2025-09-24 13:04:00,4.41,112600,4.4,U
sz000100,TCL科技,2025-09-24 13:04:03,4.4,27300,4.41,D
sz000100,TCL科技,2025-09-24 13:04:06,4.41,45500,4.4,U
sz000100,TCL科技,2025-09-24 13:04:09,4.41,22900,4.41,U
sz000100,TCL科技,2025-09-24 13:04:15,4.4,59000,4.4,D
sz000100,TCL科技,2025-09-24 13:04:21,4.4,37100,4.41,D
sz000100,TCL科技,2025-09-24 13:04:30,4.4,2882608,4.4,D
sz000100,TCL科技,2025-09-24 13:04:33,4.39,448000,4.4,D
sz000100,TCL科技,2025-09-24 13:04:36,4.4,116500,4.39,U
sz000100,TCL科技,2025-09-24 13:04:39,4.39,22400,4.4,D
sz000100,TCL科技,2025-09-24 13:04:42,4.39,26700,4.39,D
sz000100,TCL科技,2025-09-24 13:05:03,4.39,31400,4.39,D
sz000100,TCL科技,2025-09-24 13:05:06,4.39,248600,4.39,D
sz000100,TCL科技,2025-09-24 13:05:09,4.4,806300,4.39,U
sz000100,TCL科技,2025-09-24 13:05:12,4.4,302000,4.4,U
sz000100,TCL科技,2025-09-24 13:05:15,4.41,546300,4.4,U
sz000100,TCL科技,2025-09-24 13:05:18,4.4,274800,4.41,D
sz000100,TCL科技,2025-09-24 13:05:21,4.4,28100,4.4,D
sz000100,TCL科技,2025-09-24 13:05:27,4.4,28700,4.4,D
sz000100,TCL科技,2025-09-24 13:05:30,4.4,163300,4.4,D
sz000100,TCL科技,2025-09-24 13:05:33,4.4,122300,4.4,D
sz000100,TCL科技,2025-09-24 13:05:36,4.4,66500,4.4,D
sz000100,TCL科技,2025-09-24 13:05:39,4.4,34600,4.4,D
sz000100,TCL科技,2025-09-24 13:05:42,4.4,26900,4.4,D
sz000100,TCL科技,2025-09-24 13:05:45,4.4,33700,4.4,D
sz000100,TCL科技,2025-09-24 13:05:48,4.4,22300,4.4,D
sz000100,TCL科技,2025-09-24 13:05:54,4.4,101400,4.4,D
sz000100,TCL科技,2025-09-24 13:05:57,4.4,55600,4.4,D
sz000100,TCL科技,2025-09-24 13:06:00,4.4,54500,4.4,D
sz000100,TCL科技,2025-09-24 13:06:03,4.4,61400,4.4,D
sz000100,TCL科技,2025-09-24 13:06:06,4.4,132800,4.4,D
sz000100,TCL科技,2025-09-24 13:06:09,4.41,934110,4.4,U
sz000100,TCL科技,2025-09-24 13:06:12,4.4,698700,4.41,D
sz000100,TCL科技,2025-09-24 13:06:15,4.4,140700,4.4,U
sz000100,TCL科技,2025-09-24 13:06:18,4.4,124300,4.4,U
sz000100,TCL科技,2025-09-24 13:06:21,4.39,77800,4.4,D
sz000100,TCL科技,2025-09-24 13:06:24,4.4,25800,4.39,U
sz000100,TCL科技,2025-09-24 13:06:27,4.39,69100,4.4,D
sz000100,TCL科技,2025-09-24 13:06:30,4.4,30100,4.39,U
sz000100,TCL科技,2025-09-24 13:06:48,4.4,222400,4.4,U
sz000100,TCL科技,2025-09-24 13:06:51,4.4,832000,4.4,U
sz000100,TCL科技,2025-09-24 13:06:54,4.4,129100,4.4,U
sz000100,TCL科技,2025-09-24 13:07:00,4.4,30200,4.39,U
sz000100,TCL科技,2025-09-24 13:07:03,4.4,145700,4.4,U
sz000100,TCL科技,2025-09-24 13:07:06,4.4,138500,4.4,U
sz000100,TCL科技,2025-09-24 13:07:09,4.4,535310,4.4,U
sz000100,TCL科技,2025-09-24 13:07:12,4.4,34100,4.4,D
sz000100,TCL科技,2025-09-24 13:07:15,4.39,1274190,4.4,D
sz000100,TCL科技,2025-09-24 13:07:18,4.39,34600,4.39,D
sz000100,TCL科技,2025-09-24 13:07:21,4.4,50200,4.39,U
sz000100,TCL科技,2025-09-24 13:07:24,4.4,121800,4.4,U
sz000100,TCL科技,2025-09-24 13:07:27,4.4,49000,4.4,U
sz000100,TCL科技,2025-09-24 13:07:33,4.4,22200,4.39,U
sz000100,TCL科技,2025-09-24 13:07:45,4.4,28100,4.4,U
sz000100,TCL科技,2025-09-24 13:07:48,4.4,138400,4.4,U
sz000100,TCL科技,2025-09-24 13:08:06,4.4,27000,4.4,U
sz000100,TCL科技,2025-09-24 13:08:27,4.4,27700,4.4,U
sz000100,TCL科技,2025-09-24 13:08:45,4.39,28900,4.4,D
sz000100,TCL科技,2025-09-24 13:08:51,4.4,37400,4.4,U
sz000100,TCL科技,2025-09-24 13:09:09,4.4,39300,4.39,U
sz000100,TCL科技,2025-09-24 13:09:12,4.39,45400,4.4,D
sz000100,TCL科技,2025-09-24 13:09:15,4.4,22900,4.39,U
sz000100,TCL科技,2025-09-24 13:09:27,4.4,75100,4.4,U
sz000100,TCL科技,2025-09-24 13:09:30,4.4,515100,4.4,U
sz000100,TCL科技,2025-09-24 13:09:33,4.4,405700,4.4,U
sz000100,TCL科技,2025-09-24 13:09:36,4.4,611600,4.4,U
sz000100,TCL科技,2025-09-24 13:09:39,4.4,661700,4.4,U
sz000100,TCL科技,2025-09-24 13:09:42,4.4,332200,4.4,U
sz000100,TCL科技,2025-09-24 13:09:45,4.4,479600,4.4,U
sz000100,TCL科技,2025-09-24 13:09:48,4.4,217000,4.4,U
sz000100,TCL科技,2025-09-24 13:09:51,4.4,406100,4.4,U
sz000100,TCL科技,2025-09-24 13:09:54,4.4,25500,4.4,D
sz000100,TCL科技,2025-09-24 13:10:03,4.4,30300,4.4,D
sz000100,TCL科技,2025-09-24 13:10:09,4.41,33700,4.4,U
sz000100,TCL科技,2025-09-24 13:10:15,4.4,35600,4.4,D
sz000100,TCL科技,2025-09-24 13:10:18,4.4,27000,4.4,D
sz000100,TCL科技,2025-09-24 13:10:24,4.41,31500,4.41,U
sz000100,TCL科技,2025-09-24 13:10:36,4.41,102000,4.4,U
sz000100,TCL科技,2025-09-24 13:10:39,4.4,73500,4.41,D
sz000100,TCL科技,2025-09-24 13:10:45,4.4,51000,4.4,D
sz000100,TCL科技,2025-09-24 13:10:57,4.41,32400,4.4,U
sz000100,TCL科技,2025-09-24 13:11:00,4.41,52600,4.41,U
sz000100,TCL科技,2025-09-24 13:11:03,4.4,602700,4.41,D
sz000100,TCL科技,2025-09-24 13:11:09,4.41,32600,4.41,U
sz000100,TCL科技,2025-09-24 13:11:12,4.41,21500,4.41,U
sz000100,TCL科技,2025-09-24 13:11:18,4.41,20500,4.4,U
sz000100,TCL科技,2025-09-24 13:11:27,4.4,45400,4.41,D
sz000100,TCL科技,2025-09-24 13:11:30,4.41,37400,4.4,U
sz000100,TCL科技,2025-09-24 13:11:36,4.4,102200,4.4,D
sz000100,TCL科技,2025-09-24 13:11:39,4.4,28600,4.4,D
sz000100,TCL科技,2025-09-24 13:11:42,4.4,60800,4.4,D
sz000100,TCL科技,2025-09-24 13:11:45,4.4,40700,4.4,D
sz000100,TCL科技,2025-09-24 13:11:51,4.41,42300,4.4,U
sz000100,TCL科技,2025-09-24 13:11:54,4.4,88200,4.41,D
sz000100,TCL科技,2025-09-24 13:11:57,4.4,95900,4.4,D
sz000100,TCL科技,2025-09-24 13:12:00,4.4,2439400,4.4,D
sz000100,TCL科技,2025-09-24 13:12:03,4.4,2257200,4.4,D
sz000100,TCL科技,2025-09-24 13:12:06,4.4,423580,4.4,D
sz000100,TCL科技,2025-09-24 13:12:09,4.39,297000,4.4,D
sz000100,TCL科技,2025-09-24 13:12:18,4.4,24100,4.4,U
sz000100,TCL科技,2025-09-24 13:12:24,4.39,53500,4.4,D
sz000100,TCL科技,2025-09-24 13:13:03,4.39,336400,4.39,D
sz000100,TCL科技,2025-09-24 13:13:06,4.39,23900,4.39,D
sz000100,TCL科技,2025-09-24 13:13:09,4.39,32900,4.39,D
sz000100,TCL科技,2025-09-24 13:13:18,4.4,22600,4.4,U
sz000100,TCL科技,2025-09-24 13:13:36,4.4,48700,4.39,U
sz000100,TCL科技,2025-09-24 13:13:42,4.39,20400,4.39,D
sz000100,TCL科技,2025-09-24 13:13:51,4.39,37400,4.39,D
sz000100,TCL科技,2025-09-24 13:14:00,4.39,34500,4.39,D
sz000100,TCL科技,2025-09-24 13:14:12,4.39,46400,4.39,D
sz000100,TCL科技,2025-09-24 13:14:15,4.39,38200,4.39,D
sz000100,TCL科技,2025-09-24 13:14:21,4.39,37700,4.4,D
sz000100,TCL科技,2025-09-24 13:14:36,4.39,41600,4.39,D
sz000100,TCL科技,2025-09-24 13:14:39,4.39,29200,4.39,D
sz000100,TCL科技,2025-09-24 13:14:45,4.39,53000,4.39,D
sz000100,TCL科技,2025-09-24 13:14:51,4.39,25700,4.4,D
sz000100,TCL科技,2025-09-24 13:14:57,4.4,93300,4.39,U
sz000100,TCL科技,2025-09-24 13:15:03,4.39,70300,4.4,D
sz000100,TCL科技,2025-09-24 13:15:09,4.4,30700,4.4,U
sz000100,TCL科技,2025-09-24 13:15:36,4.4,49400,4.4,U
sz000100,TCL科技,2025-09-24 13:15:45,4.4,20900,4.4,U
sz000100,TCL科技,2025-09-24 13:16:03,4.39,27800,4.39,D
sz000100,TCL科技,2025-09-24 13:16:12,4.39,22400,4.39,D
sz000100,TCL科技,2025-09-24 13:16:18,4.39,32100,4.39,D
sz000100,TCL科技,2025-09-24 13:16:21,4.4,23300,4.39,U
sz000100,TCL科技,2025-09-24 13:16:27,4.4,29100,4.39,U
sz000100,TCL科技,2025-09-24 13:16:30,4.39,24500,4.4,D
sz000100,TCL科技,2025-09-24 13:16:42,4.4,54700,4.4,U
sz000100,TCL科技,2025-09-24 13:16:45,4.4,37300,4.4,U
sz000100,TCL科技,2025-09-24 13:16:54,4.4,32300,4.39,U
sz000100,TCL科技,2025-09-24 13:17:03,4.4,111400,4.39,U
sz000100,TCL科技,2025-09-24 13:17:06,4.4,68200,4.4,U
sz000100,TCL科技,2025-09-24 13:17:12,4.4,271600,4.39,U
sz000100,TCL科技,2025-09-24 13:17:15,4.4,491200,4.4,U
sz000100,TCL科技,2025-09-24 13:17:18,4.4,161100,4.4,U
sz000100,TCL科技,2025-09-24 13:17:21,4.4,318700,4.4,U
sz000100,TCL科技,2025-09-24 13:17:24,4.4,53900,4.4,U
sz000100,TCL科技,2025-09-24 13:17:27,4.4,49400,4.4,U
sz000100,TCL科技,2025-09-24 13:17:30,4.4,20200,4.4,U
sz000100,TCL科技,2025-09-24 13:17:33,4.4,32600,4.4,U
sz000100,TCL科技,2025-09-24 13:17:36,4.39,40100,4.4,D
sz000100,TCL科技,2025-09-24 13:18:00,4.4,38400,4.4,U
sz000100,TCL科技,2025-09-24 13:18:12,4.4,25400,4.39,U
sz000100,TCL科技,2025-09-24 13:18:30,4.39,35700,4.39,D
sz000100,TCL科技,2025-09-24 13:18:33,4.4,24500,4.39,U
sz000100,TCL科技,2025-09-24 13:18:36,4.39,21700,4.4,D
sz000100,TCL科技,2025-09-24 13:18:48,4.4,74500,4.39,U
sz000100,TCL科技,2025-09-24 13:18:51,4.4,36300,4.4,U
sz000100,TCL科技,2025-09-24 13:18:54,4.4,34400,4.4,U
sz000100,TCL科技,2025-09-24 13:19:00,4.39,29400,4.4,D
sz000100,TCL科技,2025-09-24 13:19:06,4.39,26000,4.4,D
sz000100,TCL科技,2025-09-24 13:19:36,4.4,25000,4.39,U
sz000100,TCL科技,2025-09-24 13:19:42,4.39,49640,4.4,D
sz000100,TCL科技,2025-09-24 13:19:48,4.4,37400,4.39,U
sz000100,TCL科技,2025-09-24 13:19:51,4.39,25000,4.4,D
sz000100,TCL科技,2025-09-24 13:20:03,4.39,55100,4.4,D
sz000100,TCL科技,2025-09-24 13:20:06,4.39,120000,4.39,D
sz000100,TCL科技,2025-09-24 13:20:09,4.39,39300,4.39,D
sz000100,TCL科技,2025-09-24 13:20:12,4.39,61200,4.39,D
sz000100,TCL科技,2025-09-24 13:20:15,4.4,25100,4.39,U
sz000100,TCL科技,2025-09-24 13:20:18,4.39,24000,4.4,D
sz000100,TCL科技,2025-09-24 13:20:24,4.39,32600,4.4,D
sz000100,TCL科技,2025-09-24 13:20:27,4.39,38200,4.39,D
sz000100,TCL科技,2025-09-24 13:20:33,4.4,38900,4.39,U
sz000100,TCL科技,2025-09-24 13:20:36,4.4,33400,4.4,U
sz000100,TCL科技,2025-09-24 13:20:51,4.39,356700,4.39,D
sz000100,TCL科技,2025-09-24 13:21:00,4.39,171200,4.39,D
sz000100,TCL科技,2025-09-24 13:21:21,4.39,21400,4.39,D
sz000100,TCL科技,2025-09-24 13:21:30,4.39,29500,4.39,D
sz000100,TCL科技,2025-09-24 13:21:33,4.39,20900,4.39,D
sz000100,TCL科技,2025-09-24 13:21:36,4.39,61700,4.39,D
sz000100,TCL科技,2025-09-24 13:22:03,4.4,53600,4.39,U
sz000100,TCL科技,2025-09-24 13:22:06,4.39,3177632,4.4,D
sz000100,TCL科技,2025-09-24 13:22:09,4.39,186100,4.39,U
sz000100,TCL科技,2025-09-24 13:22:12,4.39,42500,4.39,E
sz000100,TCL科技,2025-09-24 13:22:18,4.39,37700,4.39,U
sz000100,TCL科技,2025-09-24 13:22:30,4.38,60400,4.39,D
sz000100,TCL科技,2025-09-24 13:22:33,4.38,82800,4.38,D
sz000100,TCL科技,2025-09-24 13:22:36,4.39,46000,4.38,U
sz000100,TCL科技,2025-09-24 13:23:24,4.39,22400,4.38,U
sz000100,TCL科技,2025-09-24 13:23:42,4.39,502500,4.38,U
sz000100,TCL科技,2025-09-24 13:23:45,4.39,102010,4.39,U
sz000100,TCL科技,2025-09-24 13:23:48,4.38,69300,4.39,D
sz000100,TCL科技,2025-09-24 13:23:51,4.39,31900,4.38,U
sz000100,TCL科技,2025-09-24 13:23:54,4.39,58400,4.39,U
sz000100,TCL科技,2025-09-24 13:23:57,4.39,55900,4.39,U
sz000100,TCL科技,2025-09-24 13:24:00,4.39,83500,4.39,U
sz000100,TCL科技,2025-09-24 13:24:03,4.39,69900,4.39,U
sz000100,TCL科技,2025-09-24 13:24:06,4.39,49200,4.39,U
sz000100,TCL科技,2025-09-24 13:24:09,4.39,130900,4.39,U
sz000100,TCL科技,2025-09-24 13:24:24,4.38,223700,4.39,D
sz000100,TCL科技,2025-09-24 13:24:27,4.39,51800,4.38,U
sz000100,TCL科技,2025-09-24 13:24:39,4.39,159500,4.39,U
sz000100,TCL科技,2025-09-24 13:24:42,4.38,49500,4.39,D
sz000100,TCL科技,2025-09-24 13:24:45,4.39,464600,4.38,U
sz000100,TCL科技,2025-09-24 13:24:48,4.39,55412,4.39,U
sz000100,TCL科技,2025-09-24 13:24:57,4.4,239500,4.39,U
sz000100,TCL科技,2025-09-24 13:25:00,4.39,599600,4.4,D
sz000100,TCL科技,2025-09-24 13:25:03,4.39,252000,4.39,D
sz000100,TCL科技,2025-09-24 13:25:06,4.39,469200,4.39,D
sz000100,TCL科技,2025-09-24 13:25:12,4.39,785988,4.39,D
sz000100,TCL科技,2025-09-24 13:25:15,4.39,30600,4.39,U
sz000100,TCL科技,2025-09-24 13:25:18,4.39,55600,4.39,U
sz000100,TCL科技,2025-09-24 13:25:21,4.39,23500,4.39,U
sz000100,TCL科技,2025-09-24 13:25:24,4.39,56512,4.39,U
sz000100,TCL科技,2025-09-24 13:25:33,4.39,100700,4.39,D
sz000100,TCL科技,2025-09-24 13:25:51,4.39,23710,4.39,D
sz000100,TCL科技,2025-09-24 13:25:57,4.39,60018,4.39,D
sz000100,TCL科技,2025-09-24 13:26:09,4.39,184660,4.4,D
sz000100,TCL科技,2025-09-24 13:26:12,4.39,56440,4.39,U
sz000100,TCL科技,2025-09-24 13:26:15,4.39,51500,4.39,D
sz000100,TCL科技,2025-09-24 13:26:18,4.39,26200,4.39,U
sz000100,TCL科技,2025-09-24 13:26:24,4.39,43600,4.39,U
sz000100,TCL科技,2025-09-24 13:26:30,4.39,30600,4.39,D
sz000100,TCL科技,2025-09-24 13:26:42,4.39,62600,4.39,D
sz000100,TCL科技,2025-09-24 13:26:45,4.39,225000,4.39,D
sz000100,TCL科技,2025-09-24 13:26:48,4.39,69300,4.39,D
sz000100,TCL科技,2025-09-24 13:26:51,4.39,61800,4.39,D
sz000100,TCL科技,2025-09-24 13:27:15,4.38,20000,4.38,D
sz000100,TCL科技,2025-09-24 13:27:18,4.39,45500,4.38,U
sz000100,TCL科技,2025-09-24 13:27:30,4.39,25200,4.39,U
sz000100,TCL科技,2025-09-24 13:27:33,4.39,53800,4.39,U
sz000100,TCL科技,2025-09-24 13:27:39,4.39,210400,4.39,U
sz000100,TCL科技,2025-09-24 13:27:42,4.39,44600,4.39,D
sz000100,TCL科技,2025-09-24 13:27:51,4.39,179500,4.39,D
sz000100,TCL科技,2025-09-24 13:27:54,4.39,105500,4.39,U
sz000100,TCL科技,2025-09-24 13:28:00,4.39,40500,4.39,U
sz000100,TCL科技,2025-09-24 13:28:03,4.39,65800,4.39,U
sz000100,TCL科技,2025-09-24 13:28:06,4.4,57600,4.39,U
sz000100,TCL科技,2025-09-24 13:28:12,4.39,92200,4.39,D
sz000100,TCL科技,2025-09-24 13:28:18,4.4,46500,4.4,U
sz000100,TCL科技,2025-09-24 13:28:42,4.4,110900,4.39,U
sz000100,TCL科技,2025-09-24 13:28:48,4.4,44900,4.4,U
sz000100,TCL科技,2025-09-24 13:28:51,4.39,179100,4.4,D
sz000100,TCL科技,2025-09-24 13:28:57,4.4,195900,4.39,U
sz000100,TCL科技,2025-09-24 13:29:12,4.39,182600,4.4,D
sz000100,TCL科技,2025-09-24 13:29:27,4.4,336100,4.4,U
sz000100,TCL科技,2025-09-24 13:29:30,4.4,30640,4.4,U
sz000100,TCL科技,2025-09-24 13:29:45,4.39,273200,4.4,D
sz000100,TCL科技,2025-09-24 13:29:48,4.39,93430,4.39,D
sz000100,TCL科技,2025-09-24 13:29:54,4.39,47000,4.4,D
sz000100,TCL科技,2025-09-24 13:29:57,4.39,50000,4.39,D
sz000100,TCL科技,2025-09-24 13:30:18,4.4,31500,4.39,U
sz000100,TCL科技,2025-09-24 13:30:48,4.39,56400,4.39,D
sz000100,TCL科技,2025-09-24 13:30:54,4.39,71800,4.39,D
sz000100,TCL科技,2025-09-24 13:30:57,4.39,134600,4.39,D
sz000100,TCL科技,2025-09-24 13:31:00,4.39,50200,4.39,D
sz000100,TCL科技,2025-09-24 13:31:06,4.4,30300,4.39,U
sz000100,TCL科技,2025-09-24 13:31:09,4.4,32500,4.4,U
sz000100,TCL科技,2025-09-24 13:31:12,4.39,39100,4.4,D
sz000100,TCL科技,2025-09-24 13:31:21,4.39,27700,4.39,D
sz000100,TCL科技,2025-09-24 13:31:36,4.39,56700,4.39,D
sz000100,TCL科技,2025-09-24 13:31:48,4.4,84300,4.4,U
sz000100,TCL科技,2025-09-24 13:31:51,4.4,23200,4.4,U
sz000100,TCL科技,2025-09-24 13:31:54,4.4,125100,4.4,U
sz000100,TCL科技,2025-09-24 13:31:57,4.39,122600,4.4,D
sz000100,TCL科技,2025-09-24 13:32:03,4.4,54600,4.4,U
sz000100,TCL科技,2025-09-24 13:32:06,4.4,272000,4.4,U
sz000100,TCL科技,2025-09-24 13:32:09,4.39,63500,4.4,D
sz000100,TCL科技,2025-09-24 13:32:12,4.4,661000,4.39,U
sz000100,TCL科技,2025-09-24 13:32:15,4.4,35500,4.4,U
sz000100,TCL科技,2025-09-24 13:32:18,4.4,30100,4.4,U
sz000100,TCL科技,2025-09-24 13:32:36,4.4,21800,4.4,U
sz000100,TCL科技,2025-09-24 13:32:42,4.4,31600,4.4,U
sz000100,TCL科技,2025-09-24 13:32:48,4.39,36400,4.4,D
sz000100,TCL科技,2025-09-24 13:32:57,4.4,33200,4.4,U
sz000100,TCL科技,2025-09-24 13:33:15,4.4,224100,4.39,U
sz000100,TCL科技,2025-09-24 13:33:21,4.39,65900,4.39,D
sz000100,TCL科技,2025-09-24 13:33:33,4.4,83200,4.39,U
sz000100,TCL科技,2025-09-24 13:33:48,4.39,36200,4.39,D
sz000100,TCL科技,2025-09-24 13:33:57,4.39,32500,4.4,D
sz000100,TCL科技,2025-09-24 13:34:03,4.39,126500,4.39,D
sz000100,TCL科技,2025-09-24 13:34:30,4.4,23600,4.39,U
sz000100,TCL科技,2025-09-24 13:34:51,4.4,37500,4.39,U
sz000100,TCL科技,2025-09-24 13:35:00,4.39,69000,4.4,D
sz000100,TCL科技,2025-09-24 13:35:15,4.39,21500,4.4,D
sz000100,TCL科技,2025-09-24 13:35:45,4.39,160100,4.4,D
sz000100,TCL科技,2025-09-24 13:36:03,4.4,114100,4.4,U
sz000100,TCL科技,2025-09-24 13:36:06,4.4,47500,4.4,U
sz000100,TCL科技,2025-09-24 13:36:12,4.4,21700,4.39,U
sz000100,TCL科技,2025-09-24 13:36:15,4.39,32900,4.4,D
sz000100,TCL科技,2025-09-24 13:36:39,4.4,24500,4.39,U
sz000100,TCL科技,2025-09-24 13:36:54,4.39,131200,4.4,D
sz000100,TCL科技,2025-09-24 13:37:03,4.4,28200,4.39,U
sz000100,TCL科技,2025-09-24 13:37:24,4.39,46600,4.39,D
sz000100,TCL科技,2025-09-24 13:37:30,4.39,38700,4.39,D
sz000100,TCL科技,2025-09-24 13:37:57,4.39,55900,4.4,D
sz000100,TCL科技,2025-09-24 13:38:03,4.39,75800,4.39,D
sz000100,TCL科技,2025-09-24 13:38:06,4.39,99200,4.39,D
sz000100,TCL科技,2025-09-24 13:38:12,4.4,52000,4.39,U
sz000100,TCL科技,2025-09-24 13:38:24,4.39,52300,4.39,D
sz000100,TCL科技,2025-09-24 13:38:30,4.39,20500,4.4,D
sz000100,TCL科技,2025-09-24 13:38:33,4.39,24400,4.39,D
sz000100,TCL科技,2025-09-24 13:38:39,4.39,40700,4.39,D
sz000100,TCL科技,2025-09-24 13:39:03,4.4,23000,4.39,U
sz000100,TCL科技,2025-09-24 13:39:21,4.39,89100,4.39,D
sz000100,TCL科技,2025-09-24 13:40:06,4.4,38000,4.4,U
sz000100,TCL科技,2025-09-24 13:40:15,4.4,42100,4.39,U
sz000100,TCL科技,2025-09-24 13:40:18,4.4,66200,4.4,U
sz000100,TCL科技,2025-09-24 13:40:21,4.4,253700,4.4,U
sz000100,TCL科技,2025-09-24 13:40:24,4.4,62300,4.4,U
sz000100,TCL科技,2025-09-24 13:40:27,4.39,53100,4.4,D
sz000100,TCL科技,2025-09-24 13:40:45,4.39,61100,4.4,D
sz000100,TCL科技,2025-09-24 13:40:51,4.4,23600,4.4,U
sz000100,TCL科技,2025-09-24 13:40:54,4.4,62000,4.4,U
sz000100,TCL科技,2025-09-24 13:41:06,4.39,22100,4.39,D
sz000100,TCL科技,2025-09-24 13:41:21,4.39,21500,4.39,D
sz000100,TCL科技,2025-09-24 13:41:27,4.4,38800,4.39,U
sz000100,TCL科技,2025-09-24 13:41:33,4.4,33700,4.4,U
sz000100,TCL科技,2025-09-24 13:41:48,4.4,27700,4.39,U
sz000100,TCL科技,2025-09-24 13:41:51,4.39,48100,4.4,D
sz000100,TCL科技,2025-09-24 13:42:00,4.39,45800,4.4,D
sz000100,TCL科技,2025-09-24 13:42:03,4.4,121300,4.39,U
sz000100,TCL科技,2025-09-24 13:42:06,4.4,78500,4.4,U
sz000100,TCL科技,2025-09-24 13:42:09,4.4,4128100,4.4,U
sz000100,TCL科技,2025-09-24 13:42:12,4.4,3753710,4.4,U
sz000100,TCL科技,2025-09-24 13:42:30,4.4,78700,4.41,D
sz000100,TCL科技,2025-09-24 13:42:33,4.4,21000,4.4,D
sz000100,TCL科技,2025-09-24 13:42:48,4.4,22900,4.41,D
sz000100,TCL科技,2025-09-24 13:43:03,4.41,29200,4.4,U
sz000100,TCL科技,2025-09-24 13:43:06,4.4,33600,4.41,D
sz000100,TCL科技,2025-09-24 13:43:15,4.4,66000,4.4,D
sz000100,TCL科技,2025-09-24 13:43:27,4.4,30700,4.4,D
sz000100,TCL科技,2025-09-24 13:43:36,4.4,38100,4.4,D
sz000100,TCL科技,2025-09-24 13:43:48,4.41,43500,4.41,U
sz000100,TCL科技,2025-09-24 13:44:03,4.41,22900,4.4,U
sz000100,TCL科技,2025-09-24 13:44:09,4.41,43600,4.4,U
sz000100,TCL科技,2025-09-24 13:44:15,4.41,41600,4.4,U
sz000100,TCL科技,2025-09-24 13:44:30,4.41,36400,4.41,U
sz000100,TCL科技,2025-09-24 13:44:33,4.41,29400,4.41,U
sz000100,TCL科技,2025-09-24 13:44:36,4.4,24200,4.41,D
sz000100,TCL科技,2025-09-24 13:44:42,4.4,88900,4.41,D
sz000100,TCL科技,2025-09-24 13:44:51,4.41,248700,4.41,U
sz000100,TCL科技,2025-09-24 13:45:00,4.41,20600,4.4,U
sz000100,TCL科技,2025-09-24 13:45:03,4.4,143700,4.41,D
sz000100,TCL科技,2025-09-24 13:45:09,4.4,32800,4.4,D
sz000100,TCL科技,2025-09-24 13:45:15,4.4,22500,4.4,D
sz000100,TCL科技,2025-09-24 13:45:21,4.41,162100,4.41,U
sz000100,TCL科技,2025-09-24 13:45:24,4.4,58900,4.41,D
sz000100,TCL科技,2025-09-24 13:45:30,4.41,184500,4.41,U
sz000100,TCL科技,2025-09-24 13:45:33,4.4,29100,4.41,D
sz000100,TCL科技,2025-09-24 13:45:39,4.41,24500,4.41,U
sz000100,TCL科技,2025-09-24 13:45:42,4.41,22200,4.41,U
sz000100,TCL科技,2025-09-24 13:45:45,4.41,57800,4.41,U
sz000100,TCL科技,2025-09-24 13:45:51,4.41,1154100,4.41,U
sz000100,TCL科技,2025-09-24 13:45:54,4.41,845700,4.41,U
sz000100,TCL科技,2025-09-24 13:45:57,4.41,332100,4.41,U
sz000100,TCL科技,2025-09-24 13:46:00,4.41,30600,4.41,U
sz000100,TCL科技,2025-09-24 13:46:03,4.41,25800,4.41,U
sz000100,TCL科技,2025-09-24 13:46:06,4.41,166600,4.41,U
sz000100,TCL科技,2025-09-24 13:46:09,4.4,48200,4.41,D
sz000100,TCL科技,2025-09-24 13:46:12,4.41,731300,4.4,U
sz000100,TCL科技,2025-09-24 13:46:15,4.41,383700,4.41,U
sz000100,TCL科技,2025-09-24 13:46:18,4.41,686100,4.41,U
sz000100,TCL科技,2025-09-24 13:46:21,4.41,832100,4.41,U
sz000100,TCL科技,2025-09-24 13:46:24,4.41,133000,4.41,U
sz000100,TCL科技,2025-09-24 13:46:27,4.41,87100,4.41,U
sz000100,TCL科技,2025-09-24 13:46:30,4.41,156100,4.41,U
sz000100,TCL科技,2025-09-24 13:46:36,4.41,178200,4.41,U
sz000100,TCL科技,2025-09-24 13:46:39,4.41,41300,4.41,U
sz000100,TCL科技,2025-09-24 13:46:42,4.4,22500,4.41,D
sz000100,TCL科技,2025-09-24 13:46:45,4.41,77200,4.4,U
sz000100,TCL科技,2025-09-24 13:46:48,4.4,534600,4.41,D
sz000100,TCL科技,2025-09-24 13:46:51,4.41,69900,4.4,U
sz000100,TCL科技,2025-09-24 13:47:00,4.41,54300,4.41,U
sz000100,TCL科技,2025-09-24 13:47:06,4.41,864900,4.41,U
sz000100,TCL科技,2025-09-24 13:47:09,4.41,45000,4.41,U
sz000100,TCL科技,2025-09-24 13:47:12,4.41,3129481,4.41,U
sz000100,TCL科技,2025-09-24 13:47:15,4.41,20200,4.41,D
sz000100,TCL科技,2025-09-24 13:47:18,4.41,38200,4.41,D
sz000100,TCL科技,2025-09-24 13:47:27,4.42,63400,4.41,U
sz000100,TCL科技,2025-09-24 13:47:30,4.41,57700,4.42,D
sz000100,TCL科技,2025-09-24 13:47:33,4.41,52400,4.41,D
sz000100,TCL科技,2025-09-24 13:47:39,4.41,37100,4.41,D
sz000100,TCL科技,2025-09-24 13:47:45,4.41,38100,4.41,D
sz000100,TCL科技,2025-09-24 13:47:48,4.41,56300,4.41,D
sz000100,TCL科技,2025-09-24 13:47:51,4.41,30500,4.41,D
sz000100,TCL科技,2025-09-24 13:47:54,4.42,44700,4.41,U
sz000100,TCL科技,2025-09-24 13:48:03,4.41,68200,4.42,D
sz000100,TCL科技,2025-09-24 13:48:06,4.41,59600,4.41,D
sz000100,TCL科技,2025-09-24 13:48:09,4.41,38700,4.41,D
sz000100,TCL科技,2025-09-24 13:48:24,4.41,31900,4.41,D
sz000100,TCL科技,2025-09-24 13:48:27,4.41,76500,4.41,D
sz000100,TCL科技,2025-09-24 13:48:30,4.41,77700,4.41,D
sz000100,TCL科技,2025-09-24 13:48:36,4.41,37400,4.41,D
sz000100,TCL科技,2025-09-24 13:48:39,4.41,43900,4.41,D
sz000100,TCL科技,2025-09-24 13:48:42,4.41,37000,4.41,D
sz000100,TCL科技,2025-09-24 13:48:48,4.41,42300,4.42,D
sz000100,TCL科技,2025-09-24 13:48:54,4.42,130000,4.41,U
sz000100,TCL科技,2025-09-24 13:48:57,4.41,21870,4.42,D
sz000100,TCL科技,2025-09-24 13:49:03,4.42,20220,4.42,U
sz000100,TCL科技,2025-09-24 13:49:06,4.42,28500,4.42,U
sz000100,TCL科技,2025-09-24 13:49:09,4.42,20400,4.42,U
sz000100,TCL科技,2025-09-24 13:49:18,4.41,23900,4.42,D
sz000100,TCL科技,2025-09-24 13:49:21,4.41,33600,4.41,D
sz000100,TCL科技,2025-09-24 13:49:24,4.41,32200,4.41,D
sz000100,TCL科技,2025-09-24 13:49:33,4.41,53700,4.41,D
sz000100,TCL科技,2025-09-24 13:49:45,4.42,25200,4.41,U
sz000100,TCL科技,2025-09-24 13:49:51,4.41,36000,4.41,D
sz000100,TCL科技,2025-09-24 13:49:57,4.42,36200,4.42,U
sz000100,TCL科技,2025-09-24 13:50:03,4.41,73600,4.41,D
sz000100,TCL科技,2025-09-24 13:50:09,4.41,26900,4.41,D
sz000100,TCL科技,2025-09-24 13:50:18,4.42,36200,4.41,U
sz000100,TCL科技,2025-09-24 13:50:21,4.41,50360,4.42,D
sz000100,TCL科技,2025-09-24 13:50:48,4.42,53700,4.41,U
sz000100,TCL科技,2025-09-24 13:50:54,4.41,34200,4.42,D
sz000100,TCL科技,2025-09-24 13:50:57,4.41,21400,4.41,D
sz000100,TCL科技,2025-09-24 13:51:03,4.41,60500,4.41,D
sz000100,TCL科技,2025-09-24 13:51:06,4.41,63600,4.41,D
sz000100,TCL科技,2025-09-24 13:51:09,4.41,81600,4.41,D
sz000100,TCL科技,2025-09-24 13:51:30,4.41,53000,4.41,D
sz000100,TCL科技,2025-09-24 13:51:36,4.42,83000,4.41,U
sz000100,TCL科技,2025-09-24 13:51:48,4.41,26300,4.41,D
sz000100,TCL科技,2025-09-24 13:51:57,4.41,26400,4.41,D
sz000100,TCL科技,2025-09-24 13:52:03,4.42,22600,4.41,U
sz000100,TCL科技,2025-09-24 13:52:06,4.42,32500,4.42,U
sz000100,TCL科技,2025-09-24 13:52:21,4.41,246500,4.42,D
sz000100,TCL科技,2025-09-24 13:52:48,4.41,53500,4.41,D
sz000100,TCL科技,2025-09-24 13:52:54,4.41,152300,4.41,D
sz000100,TCL科技,2025-09-24 13:53:03,4.41,20500,4.41,D
sz000100,TCL科技,2025-09-24 13:53:06,4.41,29400,4.41,D
sz000100,TCL科技,2025-09-24 13:53:15,4.42,100100,4.41,U
sz000100,TCL科技,2025-09-24 13:53:18,4.41,64800,4.42,D
sz000100,TCL科技,2025-09-24 13:53:24,4.42,23900,4.41,U
sz000100,TCL科技,2025-09-24 13:53:27,4.41,45900,4.42,D
sz000100,TCL科技,2025-09-24 13:53:30,4.42,30550,4.41,U
sz000100,TCL科技,2025-09-24 13:53:33,4.41,54900,4.42,D
sz000100,TCL科技,2025-09-24 13:53:39,4.42,23470,4.41,U
sz000100,TCL科技,2025-09-24 13:53:42,4.41,35300,4.42,D
sz000100,TCL科技,2025-09-24 13:53:51,4.42,20300,4.42,U
sz000100,TCL科技,2025-09-24 13:53:54,4.42,36100,4.42,U
sz000100,TCL科技,2025-09-24 13:54:00,4.42,24900,4.42,U
sz000100,TCL科技,2025-09-24 13:54:03,4.42,21400,4.42,U
sz000100,TCL科技,2025-09-24 13:54:12,4.41,34400,4.41,D
sz000100,TCL科技,2025-09-24 13:54:27,4.42,49600,4.42,U
sz000100,TCL科技,2025-09-24 13:54:30,4.42,26700,4.42,U
sz000100,TCL科技,2025-09-24 13:54:33,4.42,84500,4.42,U
sz000100,TCL科技,2025-09-24 13:54:36,4.42,516800,4.42,U
sz000100,TCL科技,2025-09-24 13:54:39,4.42,75600,4.42,U
sz000100,TCL科技,2025-09-24 13:54:45,4.42,20000,4.41,U
sz000100,TCL科技,2025-09-24 13:54:48,4.41,52500,4.42,D
sz000100,TCL科技,2025-09-24 13:54:51,4.42,57900,4.41,U
sz000100,TCL科技,2025-09-24 13:54:54,4.42,38800,4.42,U
sz000100,TCL科技,2025-09-24 13:54:57,4.42,53400,4.42,U
sz000100,TCL科技,2025-09-24 13:55:00,4.41,130000,4.42,D
sz000100,TCL科技,2025-09-24 13:55:03,4.42,120900,4.41,U
sz000100,TCL科技,2025-09-24 13:55:06,4.41,50900,4.42,D
sz000100,TCL科技,2025-09-24 13:55:18,4.41,264900,4.41,D
sz000100,TCL科技,2025-09-24 13:55:36,4.42,39200,4.42,U
sz000100,TCL科技,2025-09-24 13:55:45,4.42,85300,4.42,U
sz000100,TCL科技,2025-09-24 13:55:48,4.41,120700,4.42,D
sz000100,TCL科技,2025-09-24 13:55:57,4.41,63200,4.41,D
sz000100,TCL科技,2025-09-24 13:56:03,4.42,221300,4.42,U
sz000100,TCL科技,2025-09-24 13:56:09,4.41,44900,4.41,D
sz000100,TCL科技,2025-09-24 13:56:18,4.41,62400,4.41,D
sz000100,TCL科技,2025-09-24 13:56:21,4.41,99200,4.41,D
sz000100,TCL科技,2025-09-24 13:56:24,4.42,115700,4.41,U
sz000100,TCL科技,2025-09-24 13:56:27,4.41,1927700,4.42,D
sz000100,TCL科技,2025-09-24 13:56:30,4.41,2668120,4.41,D
sz000100,TCL科技,2025-09-24 13:56:33,4.41,292300,4.41,U
sz000100,TCL科技,2025-09-24 13:56:36,4.41,43300,4.41,U
sz000100,TCL科技,2025-09-24 13:56:39,4.4,61100,4.41,D
sz000100,TCL科技,2025-09-24 13:56:42,4.41,48800,4.4,U
sz000100,TCL科技,2025-09-24 13:56:45,4.41,45700,4.41,U
sz000100,TCL科技,2025-09-24 13:56:54,4.41,58300,4.41,U
sz000100,TCL科技,2025-09-24 13:56:57,4.41,69800,4.41,U
sz000100,TCL科技,2025-09-24 13:57:00,4.4,20300,4.41,D
sz000100,TCL科技,2025-09-24 13:57:03,4.4,43000,4.4,D
sz000100,TCL科技,2025-09-24 13:57:06,4.4,43100,4.4,D
sz000100,TCL科技,2025-09-24 13:57:15,4.41,270300,4.4,U
sz000100,TCL科技,2025-09-24 13:57:18,4.41,32500,4.41,U
sz000100,TCL科技,2025-09-24 13:57:21,4.41,33000,4.41,U
sz000100,TCL科技,2025-09-24 13:57:24,4.41,719000,4.41,U
sz000100,TCL科技,2025-09-24 13:57:27,4.41,160400,4.41,U
sz000100,TCL科技,2025-09-24 13:57:30,4.41,24400,4.41,U
sz000100,TCL科技,2025-09-24 13:57:33,4.41,28200,4.41,U
sz000100,TCL科技,2025-09-24 13:57:39,4.41,21600,4.41,U
sz000100,TCL科技,2025-09-24 13:57:42,4.41,21150,4.41,U
sz000100,TCL科技,2025-09-24 13:57:45,4.41,57200,4.41,U
sz000100,TCL科技,2025-09-24 13:57:48,4.41,25200,4.41,U
sz000100,TCL科技,2025-09-24 13:57:51,4.41,21300,4.41,U
sz000100,TCL科技,2025-09-24 13:57:54,4.41,33700,4.41,U
sz000100,TCL科技,2025-09-24 13:57:57,4.41,26500,4.41,U
sz000100,TCL科技,2025-09-24 13:58:06,4.4,22000,4.4,D
sz000100,TCL科技,2025-09-24 13:58:09,4.41,39200,4.4,U
sz000100,TCL科技,2025-09-24 13:58:18,4.4,34400,4.4,D
sz000100,TCL科技,2025-09-24 13:58:24,4.4,51800,4.4,D
sz000100,TCL科技,2025-09-24 13:58:48,4.4,39100,4.41,D
sz000100,TCL科技,2025-09-24 13:58:51,4.41,58000,4.4,U
sz000100,TCL科技,2025-09-24 13:58:57,4.41,35300,4.4,U
sz000100,TCL科技,2025-09-24 13:59:00,4.41,80400,4.41,U
sz000100,TCL科技,2025-09-24 13:59:06,4.4,236000,4.41,D
sz000100,TCL科技,2025-09-24 13:59:09,4.41,22000,4.4,U
sz000100,TCL科技,2025-09-24 13:59:15,4.41,47400,4.41,U
sz000100,TCL科技,2025-09-24 13:59:24,4.41,32100,4.4,U
sz000100,TCL科技,2025-09-24 13:59:27,4.41,107600,4.41,U
sz000100,TCL科技,2025-09-24 13:59:36,4.41,51700,4.41,U
sz000100,TCL科技,2025-09-24 14:00:03,4.41,727200,4.4,U
sz000100,TCL科技,2025-09-24 14:00:06,4.41,85100,4.41,U
sz000100,TCL科技,2025-09-24 14:00:09,4.41,181700,4.41,U
sz000100,TCL科技,2025-09-24 14:00:12,4.41,914300,4.41,U
sz000100,TCL科技,2025-09-24 14:00:15,4.41,314800,4.41,U
sz000100,TCL科技,2025-09-24 14:00:18,4.41,311100,4.41,U
sz000100,TCL科技,2025-09-24 14:00:21,4.41,83100,4.41,U
sz000100,TCL科技,2025-09-24 14:00:24,4.41,332600,4.41,U
sz000100,TCL科技,2025-09-24 14:00:27,4.41,156400,4.41,U
sz000100,TCL科技,2025-09-24 14:00:30,4.41,207000,4.41,U
sz000100,TCL科技,2025-09-24 14:00:33,4.41,689180,4.41,U
sz000100,TCL科技,2025-09-24 14:00:39,4.41,21400,4.41,D
sz000100,TCL科技,2025-09-24 14:00:42,4.41,70500,4.41,D
sz000100,TCL科技,2025-09-24 14:00:45,4.41,240600,4.41,D
sz000100,TCL科技,2025-09-24 14:00:54,4.41,53700,4.41,D
sz000100,TCL科技,2025-09-24 14:00:57,4.41,281200,4.41,D
sz000100,TCL科技,2025-09-24 14:01:00,4.41,60300,4.41,D
sz000100,TCL科技,2025-09-24 14:01:03,4.41,43700,4.41,D
sz000100,TCL科技,2025-09-24 14:01:06,4.42,21400,4.41,U
sz000100,TCL科技,2025-09-24 14:01:12,4.42,38300,4.41,U
sz000100,TCL科技,2025-09-24 14:01:15,4.41,22200,4.42,D
sz000100,TCL科技,2025-09-24 14:01:18,4.41,40720,4.41,D
sz000100,TCL科技,2025-09-24 14:01:21,4.42,119800,4.41,U
sz000100,TCL科技,2025-09-24 14:01:24,4.41,44400,4.42,D
sz000100,TCL科技,2025-09-24 14:01:27,4.41,38000,4.41,D
sz000100,TCL科技,2025-09-24 14:01:57,4.41,38500,4.41,D
sz000100,TCL科技,2025-09-24 14:02:06,4.41,24200,4.42,D
sz000100,TCL科技,2025-09-24 14:02:09,4.42,29000,4.41,U
sz000100,TCL科技,2025-09-24 14:02:12,4.42,33800,4.42,U
sz000100,TCL科技,2025-09-24 14:02:18,4.41,21100,4.41,D
sz000100,TCL科技,2025-09-24 14:02:21,4.41,28600,4.41,D
sz000100,TCL科技,2025-09-24 14:02:24,4.42,24100,4.41,U
sz000100,TCL科技,2025-09-24 14:02:30,4.42,20900,4.42,U
sz000100,TCL科技,2025-09-24 14:02:36,4.42,41000,4.41,U
sz000100,TCL科技,2025-09-24 14:02:42,4.42,44100,4.42,U
sz000100,TCL科技,2025-09-24 14:02:45,4.42,26200,4.42,U
sz000100,TCL科技,2025-09-24 14:02:54,4.41,70100,4.41,D
sz000100,TCL科技,2025-09-24 14:03:09,4.41,28500,4.41,D
sz000100,TCL科技,2025-09-24 14:03:15,4.41,55600,4.41,D
sz000100,TCL科技,2025-09-24 14:03:18,4.41,168300,4.41,D
sz000100,TCL科技,2025-09-24 14:03:24,4.42,65900,4.42,U
sz000100,TCL科技,2025-09-24 14:03:27,4.41,46300,4.42,D
sz000100,TCL科技,2025-09-24 14:03:42,4.41,50600,4.41,D
sz000100,TCL科技,2025-09-24 14:03:45,4.42,23900,4.41,U
sz000100,TCL科技,2025-09-24 14:03:51,4.42,1199700,4.41,U
sz000100,TCL科技,2025-09-24 14:03:54,4.41,288080,4.42,D
sz000100,TCL科技,2025-09-24 14:03:57,4.41,1343620,4.41,D
sz000100,TCL科技,2025-09-24 14:04:00,4.41,85100,4.41,D
sz000100,TCL科技,2025-09-24 14:04:03,4.41,330200,4.41,D
sz000100,TCL科技,2025-09-24 14:04:06,4.41,31100,4.41,U
sz000100,TCL科技,2025-09-24 14:04:09,4.41,206100,4.41,U
sz000100,TCL科技,2025-09-24 14:04:12,4.41,119100,4.41,U
sz000100,TCL科技,2025-09-24 14:04:15,4.41,53800,4.41,U
sz000100,TCL科技,2025-09-24 14:04:21,4.41,30200,4.41,U
sz000100,TCL科技,2025-09-24 14:04:27,4.41,56200,4.41,U
sz000100,TCL科技,2025-09-24 14:04:30,4.4,39200,4.41,D
sz000100,TCL科技,2025-09-24 14:04:36,4.4,215500,4.4,D
sz000100,TCL科技,2025-09-24 14:05:03,4.4,147000,4.4,D
sz000100,TCL科技,2025-09-24 14:05:06,4.4,23500,4.4,D
sz000100,TCL科技,2025-09-24 14:05:09,4.4,21600,4.4,D
sz000100,TCL科技,2025-09-24 14:05:15,4.41,24400,4.41,U
sz000100,TCL科技,2025-09-24 14:05:18,4.41,24400,4.41,U
sz000100,TCL科技,2025-09-24 14:05:21,4.41,735800,4.41,U
sz000100,TCL科技,2025-09-24 14:05:24,4.4,60800,4.41,D
sz000100,TCL科技,2025-09-24 14:05:27,4.41,27000,4.4,U
sz000100,TCL科技,2025-09-24 14:05:30,4.4,39800,4.41,D
sz000100,TCL科技,2025-09-24 14:05:33,4.4,21900,4.4,D
sz000100,TCL科技,2025-09-24 14:05:36,4.41,23500,4.4,U
sz000100,TCL科技,2025-09-24 14:05:39,4.41,57400,4.41,U
sz000100,TCL科技,2025-09-24 14:05:42,4.41,37000,4.41,U
sz000100,TCL科技,2025-09-24 14:05:45,4.41,175200,4.41,U
sz000100,TCL科技,2025-09-24 14:05:48,4.41,74600,4.41,U
sz000100,TCL科技,2025-09-24 14:05:54,4.41,152900,4.41,U
sz000100,TCL科技,2025-09-24 14:05:57,4.41,211500,4.41,U
sz000100,TCL科技,2025-09-24 14:06:00,4.41,147200,4.41,U
sz000100,TCL科技,2025-09-24 14:06:09,4.41,56600,4.41,U
sz000100,TCL科技,2025-09-24 14:06:12,4.41,108800,4.41,U
sz000100,TCL科技,2025-09-24 14:06:15,4.41,60100,4.41,U
sz000100,TCL科技,2025-09-24 14:06:18,4.41,69400,4.41,U
sz000100,TCL科技,2025-09-24 14:06:21,4.41,50500,4.41,U
sz000100,TCL科技,2025-09-24 14:06:27,4.41,28200,4.41,U
sz000100,TCL科技,2025-09-24 14:06:33,4.4,20000,4.41,D
sz000100,TCL科技,2025-09-24 14:06:36,4.41,709000,4.4,U
sz000100,TCL科技,2025-09-24 14:06:39,4.41,26300,4.41,U
sz000100,TCL科技,2025-09-24 14:06:42,4.41,28500,4.41,U
sz000100,TCL科技,2025-09-24 14:07:06,4.41,74700,4.41,U
sz000100,TCL科技,2025-09-24 14:07:09,4.41,55200,4.41,U
sz000100,TCL科技,2025-09-24 14:07:18,4.41,44200,4.41,U
sz000100,TCL科技,2025-09-24 14:07:21,4.41,22200,4.41,U
sz000100,TCL科技,2025-09-24 14:07:24,4.41,32700,4.41,U
sz000100,TCL科技,2025-09-24 14:07:36,4.41,118300,4.4,U
sz000100,TCL科技,2025-09-24 14:07:45,4.4,24700,4.41,D
sz000100,TCL科技,2025-09-24 14:07:51,4.4,35700,4.41,D
sz000100,TCL科技,2025-09-24 14:08:03,4.4,44000,4.41,D
sz000100,TCL科技,2025-09-24 14:08:06,4.4,27800,4.4,D
sz000100,TCL科技,2025-09-24 14:08:15,4.41,32400,4.4,U
sz000100,TCL科技,2025-09-24 14:08:18,4.41,116600,4.41,U
sz000100,TCL科技,2025-09-24 14:08:24,4.4,25500,4.4,D
sz000100,TCL科技,2025-09-24 14:08:30,4.41,75400,4.4,U
sz000100,TCL科技,2025-09-24 14:08:42,4.4,24100,4.41,D
sz000100,TCL科技,2025-09-24 14:08:45,4.41,181130,4.4,U
sz000100,TCL科技,2025-09-24 14:09:00,4.4,22500,4.41,D
sz000100,TCL科技,2025-09-24 14:09:03,4.4,60000,4.4,D
sz000100,TCL科技,2025-09-24 14:09:33,4.41,209600,4.4,U
sz000100,TCL科技,2025-09-24 14:09:39,4.4,44400,4.41,D
sz000100,TCL科技,2025-09-24 14:09:51,4.4,40900,4.4,D
sz000100,TCL科技,2025-09-24 14:10:00,4.4,88500,4.41,D
sz000100,TCL科技,2025-09-24 14:10:03,4.41,27600,4.4,U
sz000100,TCL科技,2025-09-24 14:10:06,4.4,21700,4.41,D
sz000100,TCL科技,2025-09-24 14:10:09,4.4,38400,4.4,D
sz000100,TCL科技,2025-09-24 14:10:12,4.41,158700,4.4,U
sz000100,TCL科技,2025-09-24 14:10:18,4.4,52700,4.4,D
sz000100,TCL科技,2025-09-24 14:10:33,4.41,42700,4.4,U
sz000100,TCL科技,2025-09-24 14:10:48,4.4,38600,4.4,D
sz000100,TCL科技,2025-09-24 14:10:57,4.4,29500,4.4,D
sz000100,TCL科技,2025-09-24 14:11:03,4.4,30500,4.41,D
sz000100,TCL科技,2025-09-24 14:11:09,4.4,21100,4.4,D
sz000100,TCL科技,2025-09-24 14:11:27,4.4,27700,4.4,D
sz000100,TCL科技,2025-09-24 14:11:33,4.4,31900,4.41,D
sz000100,TCL科技,2025-09-24 14:11:42,4.4,28500,4.4,D
sz000100,TCL科技,2025-09-24 14:11:45,4.4,23600,4.4,D
sz000100,TCL科技,2025-09-24 14:11:54,4.4,131700,4.4,D
sz000100,TCL科技,2025-09-24 14:11:57,4.4,33000,4.4,D
sz000100,TCL科技,2025-09-24 14:12:09,4.4,232600,4.4,D
sz000100,TCL科技,2025-09-24 14:12:12,4.4,24300,4.4,D
sz000100,TCL科技,2025-09-24 14:12:15,4.4,238100,4.4,D
sz000100,TCL科技,2025-09-24 14:12:18,4.4,42200,4.4,D
sz000100,TCL科技,2025-09-24 14:12:21,4.41,45900,4.4,U
sz000100,TCL科技,2025-09-24 14:12:24,4.4,30210,4.41,D
sz000100,TCL科技,2025-09-24 14:12:27,4.4,208100,4.4,D
sz000100,TCL科技,2025-09-24 14:12:42,4.4,124900,4.4,D
sz000100,TCL科技,2025-09-24 14:12:51,4.41,42300,4.4,U
sz000100,TCL科技,2025-09-24 14:13:03,4.4,40400,4.4,D
sz000100,TCL科技,2025-09-24 14:13:09,4.4,44040,4.4,D
sz000100,TCL科技,2025-09-24 14:13:15,4.4,31000,4.4,D
sz000100,TCL科技,2025-09-24 14:13:18,4.41,28100,4.4,U
sz000100,TCL科技,2025-09-24 14:13:30,4.41,36200,4.4,U
sz000100,TCL科技,2025-09-24 14:13:45,4.4,1087400,4.4,D
sz000100,TCL科技,2025-09-24 14:13:51,4.4,57500,4.4,D
sz000100,TCL科技,2025-09-24 14:13:57,4.4,32700,4.4,D
sz000100,TCL科技,2025-09-24 14:14:00,4.4,52900,4.4,D
sz000100,TCL科技,2025-09-24 14:14:06,4.4,44900,4.4,D
sz000100,TCL科技,2025-09-24 14:14:18,4.41,27700,4.4,U
sz000100,TCL科技,2025-09-24 14:14:27,4.41,22900,4.4,U
sz000100,TCL科技,2025-09-24 14:14:30,4.4,30800,4.41,D
sz000100,TCL科技,2025-09-24 14:14:42,4.41,224200,4.41,U
sz000100,TCL科技,2025-09-24 14:14:45,4.4,50000,4.41,D
sz000100,TCL科技,2025-09-24 14:14:51,4.4,23300,4.4,D
sz000100,TCL科技,2025-09-24 14:14:54,4.4,29600,4.4,D
sz000100,TCL科技,2025-09-24 14:15:00,4.4,22300,4.4,D
sz000100,TCL科技,2025-09-24 14:15:06,4.4,68810,4.4,D
sz000100,TCL科技,2025-09-24 14:15:09,4.41,25200,4.4,U
sz000100,TCL科技,2025-09-24 14:15:12,4.41,20100,4.41,U
sz000100,TCL科技,2025-09-24 14:15:18,4.41,26200,4.4,U
sz000100,TCL科技,2025-09-24 14:15:24,4.4,108800,4.41,D
sz000100,TCL科技,2025-09-24 14:15:33,4.41,60300,4.4,U
sz000100,TCL科技,2025-09-24 14:15:36,4.4,38900,4.41,D
sz000100,TCL科技,2025-09-24 14:15:42,4.4,80500,4.41,D
sz000100,TCL科技,2025-09-24 14:15:45,4.41,76700,4.4,U
sz000100,TCL科技,2025-09-24 14:15:48,4.4,224400,4.41,D
sz000100,TCL科技,2025-09-24 14:15:54,4.41,35400,4.41,U
sz000100,TCL科技,2025-09-24 14:16:03,4.41,29200,4.41,U
sz000100,TCL科技,2025-09-24 14:16:06,4.41,70900,4.41,U
sz000100,TCL科技,2025-09-24 14:16:09,4.4,105500,4.41,D
sz000100,TCL科技,2025-09-24 14:16:15,4.4,27400,4.4,D
sz000100,TCL科技,2025-09-24 14:16:24,4.4,24700,4.41,D
sz000100,TCL科技,2025-09-24 14:16:27,4.4,195200,4.4,D
sz000100,TCL科技,2025-09-24 14:16:33,4.4,35900,4.4,D
sz000100,TCL科技,2025-09-24 14:16:39,4.4,50200,4.4,D
sz000100,TCL科技,2025-09-24 14:16:48,4.4,42100,4.4,D
sz000100,TCL科技,2025-09-24 14:16:51,4.4,30300,4.4,D
sz000100,TCL科技,2025-09-24 14:17:03,4.4,87900,4.4,D
sz000100,TCL科技,2025-09-24 14:17:15,4.4,29900,4.4,D
sz000100,TCL科技,2025-09-24 14:17:30,4.4,33400,4.41,D
sz000100,TCL科技,2025-09-24 14:17:42,4.4,21500,4.4,D
sz000100,TCL科技,2025-09-24 14:17:54,4.41,33300,4.4,U
sz000100,TCL科技,2025-09-24 14:17:57,4.4,32700,4.41,D
sz000100,TCL科技,2025-09-24 14:18:00,4.4,24980,4.4,D
sz000100,TCL科技,2025-09-24 14:18:06,4.41,32000,4.41,U
sz000100,TCL科技,2025-09-24 14:18:12,4.41,79300,4.41,U
sz000100,TCL科技,2025-09-24 14:18:18,4.41,2536400,4.41,U
sz000100,TCL科技,2025-09-24 14:18:21,4.41,361200,4.41,U
sz000100,TCL科技,2025-09-24 14:18:24,4.4,76470,4.41,D
sz000100,TCL科技,2025-09-24 14:18:27,4.41,29300,4.4,U
sz000100,TCL科技,2025-09-24 14:18:30,4.41,93000,4.41,U
sz000100,TCL科技,2025-09-24 14:18:33,4.41,23400,4.41,U
sz000100,TCL科技,2025-09-24 14:18:42,4.41,20200,4.4,U
sz000100,TCL科技,2025-09-24 14:18:51,4.4,25100,4.4,D
sz000100,TCL科技,2025-09-24 14:19:00,4.41,21100,4.41,U
sz000100,TCL科技,2025-09-24 14:19:03,4.41,31600,4.41,U
sz000100,TCL科技,2025-09-24 14:19:06,4.41,38700,4.41,U
sz000100,TCL科技,2025-09-24 14:19:15,4.4,78600,4.4,D
sz000100,TCL科技,2025-09-24 14:19:18,4.41,26200,4.4,U
sz000100,TCL科技,2025-09-24 14:19:21,4.41,93800,4.41,U
sz000100,TCL科技,2025-09-24 14:19:24,4.41,29500,4.41,U
sz000100,TCL科技,2025-09-24 14:19:27,4.4,26200,4.41,D
sz000100,TCL科技,2025-09-24 14:19:30,4.41,27700,4.4,U
sz000100,TCL科技,2025-09-24 14:19:33,4.41,35400,4.41,U
sz000100,TCL科技,2025-09-24 14:19:36,4.41,20500,4.41,U
sz000100,TCL科技,2025-09-24 14:19:45,4.41,42500,4.4,U
sz000100,TCL科技,2025-09-24 14:19:57,4.41,23900,4.4,U
sz000100,TCL科技,2025-09-24 14:20:09,4.4,24000,4.41,D
sz000100,TCL科技,2025-09-24 14:20:12,4.41,24900,4.4,U
sz000100,TCL科技,2025-09-24 14:20:18,4.41,51900,4.41,U
sz000100,TCL科技,2025-09-24 14:20:21,4.4,53100,4.41,D
sz000100,TCL科技,2025-09-24 14:20:30,4.4,46700,4.41,D
sz000100,TCL科技,2025-09-24 14:20:33,4.41,42800,4.4,U
sz000100,TCL科技,2025-09-24 14:20:39,4.4,45900,4.41,D
sz000100,TCL科技,2025-09-24 14:20:51,4.41,30500,4.41,U
sz000100,TCL科技,2025-09-24 14:20:57,4.41,98400,4.41,U
sz000100,TCL科技,2025-09-24 14:21:00,4.41,296700,4.41,U
sz000100,TCL科技,2025-09-24 14:21:03,4.4,157800,4.41,D
sz000100,TCL科技,2025-09-24 14:21:06,4.41,47800,4.4,U
sz000100,TCL科技,2025-09-24 14:21:09,4.41,51700,4.41,U
sz000100,TCL科技,2025-09-24 14:21:12,4.41,201400,4.41,U
sz000100,TCL科技,2025-09-24 14:21:15,4.41,420500,4.41,U
sz000100,TCL科技,2025-09-24 14:21:18,4.41,83400,4.41,U
sz000100,TCL科技,2025-09-24 14:21:21,4.41,185200,4.41,U
sz000100,TCL科技,2025-09-24 14:21:24,4.4,57900,4.41,D
