symbol,name,ticktime,price,volume,prev_price,kind
sz000100,TCL科技,2025-10-29 09:25:00,4.19,666810,0.0,U
sz000100,TCL科技,2025-10-29 09:30:00,4.19,151800,4.19,D
sz000100,TCL科技,2025-10-29 09:30:03,4.19,1161600,4.19,D
sz000100,TCL科技,2025-10-29 09:30:06,4.19,200800,4.19,D
sz000100,TCL科技,2025-10-29 09:30:09,4.19,194350,4.19,D
sz000100,TCL科技,2025-10-29 09:30:12,4.19,39800,4.19,D
sz000100,TCL科技,2025-10-29 09:30:15,4.19,238400,4.19,D
sz000100,TCL科技,2025-10-29 09:30:21,4.19,70000,4.2,D
sz000100,TCL科技,2025-10-29 09:30:24,4.18,149500,4.19,D
sz000100,TCL科技,2025-10-29 09:30:27,4.18,39900,4.18,D
sz000100,TCL科技,2025-10-29 09:30:30,4.19,44200,4.18,U
sz000100,TCL科技,2025-10-29 09:30:36,4.19,117000,4.19,D
sz000100,TCL科技,2025-10-29 09:30:39,4.19,166600,4.19,D
sz000100,TCL科技,2025-10-29 09:30:45,4.19,395600,4.2,D
sz000100,TCL科技,2025-10-29 09:30:48,4.18,141200,4.19,D
sz000100,TCL科技,2025-10-29 09:30:57,4.19,37600,4.19,U
sz000100,TCL科技,2025-10-29 09:31:00,4.19,21400,4.19,U
sz000100,TCL科技,2025-10-29 09:31:03,4.18,64500,4.19,D
sz000100,TCL科技,2025-10-29 09:31:06,4.18,26100,4.18,D
sz000100,TCL科技,2025-10-29 09:31:12,4.18,39900,4.19,D
sz000100,TCL科技,2025-10-29 09:31:15,4.18,30500,4.18,D
sz000100,TCL科技,2025-10-29 09:31:18,4.19,236200,4.18,U
sz000100,TCL科技,2025-10-29 09:31:39,4.18,26300,4.19,D
sz000100,TCL科技,2025-10-29 09:31:48,4.19,259600,4.18,U
sz000100,TCL科技,2025-10-29 09:31:54,4.19,103000,4.19,U
sz000100,TCL科技,2025-10-29 09:31:57,4.19,63800,4.19,U
sz000100,TCL科技,2025-10-29 09:32:00,4.19,54000,4.19,U
sz000100,TCL科技,2025-10-29 09:32:03,4.18,61100,4.19,D
sz000100,TCL科技,2025-10-29 09:32:06,4.18,69400,4.18,D
sz000100,TCL科技,2025-10-29 09:32:09,4.19,47000,4.18,U
sz000100,TCL科技,2025-10-29 09:32:12,4.18,64540,4.19,D
sz000100,TCL科技,2025-10-29 09:32:15,4.18,38300,4.18,D
sz000100,TCL科技,2025-10-29 09:32:18,4.19,121400,4.18,U
sz000100,TCL科技,2025-10-29 09:32:21,4.19,410500,4.19,U
sz000100,TCL科技,2025-10-29 09:32:24,4.19,250800,4.19,U
sz000100,TCL科技,2025-10-29 09:32:27,4.19,63700,4.19,U
sz000100,TCL科技,2025-10-29 09:32:30,4.19,206900,4.19,U
sz000100,TCL科技,2025-10-29 09:32:42,4.18,28800,4.18,D
sz000100,TCL科技,2025-10-29 09:32:45,4.19,37900,4.18,U
sz000100,TCL科技,2025-10-29 09:32:51,4.19,114000,4.19,U
sz000100,TCL科技,2025-10-29 09:32:57,4.19,57800,4.18,U
sz000100,TCL科技,2025-10-29 09:33:00,4.19,335300,4.19,U
sz000100,TCL科技,2025-10-29 09:33:03,4.19,78800,4.19,U
sz000100,TCL科技,2025-10-29 09:33:06,4.18,72700,4.19,D
sz000100,TCL科技,2025-10-29 09:33:09,4.18,44200,4.18,D
sz000100,TCL科技,2025-10-29 09:33:12,4.19,49800,4.18,U
sz000100,TCL科技,2025-10-29 09:33:21,4.18,112300,4.18,D
sz000100,TCL科技,2025-10-29 09:33:24,4.18,52100,4.18,D
sz000100,TCL科技,2025-10-29 09:33:27,4.18,26500,4.18,D
sz000100,TCL科技,2025-10-29 09:33:42,4.18,22800,4.18,D
sz000100,TCL科技,2025-10-29 09:33:45,4.19,38500,4.18,U
sz000100,TCL科技,2025-10-29 09:33:48,4.19,61100,4.19,U
sz000100,TCL科技,2025-10-29 09:33:51,4.19,243500,4.19,U
sz000100,TCL科技,2025-10-29 09:34:00,4.18,25200,4.18,D
sz000100,TCL科技,2025-10-29 09:34:06,4.19,48190,4.18,U
sz000100,TCL科技,2025-10-29 09:34:09,4.18,28100,4.19,D
sz000100,TCL科技,2025-10-29 09:34:15,4.19,117840,4.19,U
sz000100,TCL科技,2025-10-29 09:34:18,4.19,30700,4.19,U
sz000100,TCL科技,2025-10-29 09:34:21,4.19,31500,4.19,U
sz000100,TCL科技,2025-10-29 09:34:27,4.18,30900,4.19,D
sz000100,TCL科技,2025-10-29 09:34:30,4.18,39700,4.18,D
sz000100,TCL科技,2025-10-29 09:34:33,4.18,128510,4.18,D
sz000100,TCL科技,2025-10-29 09:34:39,4.19,33600,4.19,U
sz000100,TCL科技,2025-10-29 09:34:45,4.18,47510,4.19,D
sz000100,TCL科技,2025-10-29 09:34:51,4.19,32400,4.19,U
sz000100,TCL科技,2025-10-29 09:34:57,4.19,26400,4.18,U
sz000100,TCL科技,2025-10-29 09:35:00,4.19,92000,4.19,U
sz000100,TCL科技,2025-10-29 09:35:03,4.18,46000,4.19,D
sz000100,TCL科技,2025-10-29 09:35:06,4.18,41800,4.18,D
sz000100,TCL科技,2025-10-29 09:35:09,4.19,297300,4.18,U
sz000100,TCL科技,2025-10-29 09:35:12,4.19,155400,4.19,U
sz000100,TCL科技,2025-10-29 09:35:15,4.18,49800,4.19,D
sz000100,TCL科技,2025-10-29 09:35:18,4.18,57800,4.18,D
sz000100,TCL科技,2025-10-29 09:35:21,4.19,72300,4.18,U
sz000100,TCL科技,2025-10-29 09:35:24,4.19,135500,4.19,U
sz000100,TCL科技,2025-10-29 09:35:27,4.19,50900,4.19,U
sz000100,TCL科技,2025-10-29 09:35:30,4.19,52900,4.19,U
sz000100,TCL科技,2025-10-29 09:35:33,4.19,29500,4.19,U
sz000100,TCL科技,2025-10-29 09:35:36,4.19,173900,4.19,U
sz000100,TCL科技,2025-10-29 09:35:39,4.18,1473973,4.19,D
sz000100,TCL科技,2025-10-29 09:35:42,4.18,221600,4.18,D
sz000100,TCL科技,2025-10-29 09:35:45,4.19,59200,4.18,U
sz000100,TCL科技,2025-10-29 09:35:48,4.18,136920,4.19,D
sz000100,TCL科技,2025-10-29 09:35:51,4.19,66900,4.18,U
sz000100,TCL科技,2025-10-29 09:35:57,4.19,68100,4.18,U
sz000100,TCL科技,2025-10-29 09:36:00,4.19,82100,4.19,U
sz000100,TCL科技,2025-10-29 09:36:09,4.19,292700,4.19,U
sz000100,TCL科技,2025-10-29 09:36:12,4.18,249600,4.19,D
sz000100,TCL科技,2025-10-29 09:36:15,4.19,109200,4.18,U
sz000100,TCL科技,2025-10-29 09:36:18,4.18,61100,4.19,D
sz000100,TCL科技,2025-10-29 09:36:21,4.19,21100,4.18,U
sz000100,TCL科技,2025-10-29 09:36:24,4.19,164900,4.19,U
sz000100,TCL科技,2025-10-29 09:36:30,4.19,65300,4.19,U
sz000100,TCL科技,2025-10-29 09:36:33,4.18,21000,4.19,D
sz000100,TCL科技,2025-10-29 09:36:36,4.19,42900,4.18,U
sz000100,TCL科技,2025-10-29 09:36:39,4.19,95900,4.19,U
sz000100,TCL科技,2025-10-29 09:37:06,4.18,45740,4.18,D
sz000100,TCL科技,2025-10-29 09:37:15,4.19,71000,4.19,U
sz000100,TCL科技,2025-10-29 09:37:24,4.19,24200,4.19,U
sz000100,TCL科技,2025-10-29 09:37:27,4.19,36600,4.19,U
sz000100,TCL科技,2025-10-29 09:37:30,4.19,30600,4.19,U
sz000100,TCL科技,2025-10-29 09:37:36,4.19,33200,4.18,U
sz000100,TCL科技,2025-10-29 09:37:39,4.19,36300,4.19,U
sz000100,TCL科技,2025-10-29 09:37:45,4.18,79200,4.19,D
sz000100,TCL科技,2025-10-29 09:37:48,4.19,40000,4.18,U
sz000100,TCL科技,2025-10-29 09:37:51,4.19,435300,4.19,U
sz000100,TCL科技,2025-10-29 09:37:57,4.19,58900,4.19,U
sz000100,TCL科技,2025-10-29 09:38:00,4.18,38600,4.19,D
sz000100,TCL科技,2025-10-29 09:38:09,4.19,34900,4.18,U
sz000100,TCL科技,2025-10-29 09:38:12,4.18,68400,4.19,D
sz000100,TCL科技,2025-10-29 09:38:15,4.19,23900,4.18,U
sz000100,TCL科技,2025-10-29 09:38:18,4.18,164900,4.19,D
sz000100,TCL科技,2025-10-29 09:38:21,4.18,62300,4.18,D
sz000100,TCL科技,2025-10-29 09:38:24,4.18,31700,4.18,D
sz000100,TCL科技,2025-10-29 09:38:33,4.18,37000,4.18,D
sz000100,TCL科技,2025-10-29 09:38:39,4.19,56200,4.19,U
sz000100,TCL科技,2025-10-29 09:38:42,4.18,90000,4.19,D
sz000100,TCL科技,2025-10-29 09:38:45,4.18,34300,4.18,D
sz000100,TCL科技,2025-10-29 09:38:48,4.19,21700,4.18,U
sz000100,TCL科技,2025-10-29 09:38:57,4.18,20300,4.19,D
sz000100,TCL科技,2025-10-29 09:39:00,4.18,158000,4.18,D
sz000100,TCL科技,2025-10-29 09:39:03,4.18,35500,4.18,D
sz000100,TCL科技,2025-10-29 09:39:06,4.18,120600,4.18,D
sz000100,TCL科技,2025-10-29 09:39:12,4.18,27200,4.19,D
sz000100,TCL科技,2025-10-29 09:39:21,4.18,60600,4.19,D
sz000100,TCL科技,2025-10-29 09:39:30,4.18,291300,4.18,D
sz000100,TCL科技,2025-10-29 09:39:33,4.18,56590,4.18,D
sz000100,TCL科技,2025-10-29 09:39:36,4.18,48600,4.18,D
sz000100,TCL科技,2025-10-29 09:39:39,4.18,112300,4.18,D
sz000100,TCL科技,2025-10-29 09:39:42,4.19,21800,4.18,U
sz000100,TCL科技,2025-10-29 09:39:45,4.19,28200,4.19,U
sz000100,TCL科技,2025-10-29 09:39:48,4.18,39500,4.19,D
sz000100,TCL科技,2025-10-29 09:39:51,4.18,83600,4.18,D
sz000100,TCL科技,2025-10-29 09:39:57,4.18,103400,4.19,D
sz000100,TCL科技,2025-10-29 09:40:00,4.19,121700,4.18,U
sz000100,TCL科技,2025-10-29 09:40:03,4.18,8026970,4.19,D
sz000100,TCL科技,2025-10-29 09:40:06,4.18,179000,4.18,U
sz000100,TCL科技,2025-10-29 09:40:09,4.18,176100,4.18,U
sz000100,TCL科技,2025-10-29 09:40:12,4.18,295100,4.18,U
sz000100,TCL科技,2025-10-29 09:40:15,4.18,92200,4.18,U
sz000100,TCL科技,2025-10-29 09:40:24,4.17,77900,4.18,D
sz000100,TCL科技,2025-10-29 09:40:30,4.17,42900,4.18,D
sz000100,TCL科技,2025-10-29 09:40:33,4.17,21400,4.17,D
sz000100,TCL科技,2025-10-29 09:40:39,4.17,35300,4.18,D
sz000100,TCL科技,2025-10-29 09:40:54,4.18,25200,4.17,U
sz000100,TCL科技,2025-10-29 09:40:57,4.18,77100,4.18,U
sz000100,TCL科技,2025-10-29 09:41:06,4.18,24300,4.18,U
sz000100,TCL科技,2025-10-29 09:41:18,4.18,32400,4.18,U
sz000100,TCL科技,2025-10-29 09:41:24,4.17,52000,4.17,D
sz000100,TCL科技,2025-10-29 09:41:27,4.17,55500,4.17,D
sz000100,TCL科技,2025-10-29 09:41:33,4.17,68500,4.17,D
sz000100,TCL科技,2025-10-29 09:41:36,4.18,225400,4.17,U
sz000100,TCL科技,2025-10-29 09:41:42,4.17,32100,4.17,D
sz000100,TCL科技,2025-10-29 09:41:54,4.17,40800,4.17,D
sz000100,TCL科技,2025-10-29 09:41:57,4.17,25100,4.17,D
sz000100,TCL科技,2025-10-29 09:42:00,4.17,46000,4.17,D
sz000100,TCL科技,2025-10-29 09:42:09,4.17,56500,4.17,D
sz000100,TCL科技,2025-10-29 09:42:12,4.18,84600,4.17,U
sz000100,TCL科技,2025-10-29 09:42:18,4.18,108300,4.17,U
sz000100,TCL科技,2025-10-29 09:42:27,4.17,58800,4.18,D
sz000100,TCL科技,2025-10-29 09:42:30,4.18,20100,4.17,U
sz000100,TCL科技,2025-10-29 09:42:36,4.17,219500,4.18,D
sz000100,TCL科技,2025-10-29 09:42:39,4.18,25200,4.17,U
sz000100,TCL科技,2025-10-29 09:42:42,4.18,154900,4.18,U
sz000100,TCL科技,2025-10-29 09:42:48,4.17,314500,4.18,D
sz000100,TCL科技,2025-10-29 09:42:51,4.17,40840,4.17,D
sz000100,TCL科技,2025-10-29 09:43:00,4.18,20600,4.18,U
sz000100,TCL科技,2025-10-29 09:43:18,4.17,45000,4.17,D
sz000100,TCL科技,2025-10-29 09:43:21,4.17,20100,4.17,D
sz000100,TCL科技,2025-10-29 09:43:27,4.17,520400,4.17,D
sz000100,TCL科技,2025-10-29 09:43:30,4.17,66700,4.17,D
sz000100,TCL科技,2025-10-29 09:43:33,4.18,149100,4.17,U
sz000100,TCL科技,2025-10-29 09:43:36,4.18,85700,4.18,U
sz000100,TCL科技,2025-10-29 09:43:39,4.18,67800,4.18,U
sz000100,TCL科技,2025-10-29 09:43:42,4.17,173000,4.18,D
sz000100,TCL科技,2025-10-29 09:43:45,4.18,158500,4.17,U
sz000100,TCL科技,2025-10-29 09:43:48,4.18,64200,4.18,U
sz000100,TCL科技,2025-10-29 09:43:51,4.17,30300,4.18,D
sz000100,TCL科技,2025-10-29 09:43:54,4.17,194200,4.17,D
sz000100,TCL科技,2025-10-29 09:43:57,4.18,39400,4.17,U
sz000100,TCL科技,2025-10-29 09:44:00,4.18,50000,4.18,U
sz000100,TCL科技,2025-10-29 09:44:03,4.18,28800,4.18,U
sz000100,TCL科技,2025-10-29 09:44:06,4.17,80100,4.18,D
sz000100,TCL科技,2025-10-29 09:44:09,4.18,63200,4.17,U
sz000100,TCL科技,2025-10-29 09:44:15,4.17,47700,4.18,D
sz000100,TCL科技,2025-10-29 09:44:18,4.18,70000,4.17,U
sz000100,TCL科技,2025-10-29 09:44:21,4.17,84800,4.18,D
sz000100,TCL科技,2025-10-29 09:44:27,4.18,29200,4.17,U
sz000100,TCL科技,2025-10-29 09:44:33,4.18,23100,4.17,U
sz000100,TCL科技,2025-10-29 09:44:36,4.18,38700,4.18,U
sz000100,TCL科技,2025-10-29 09:44:42,4.17,35500,4.17,D
sz000100,TCL科技,2025-10-29 09:44:45,4.18,22900,4.17,U
sz000100,TCL科技,2025-10-29 09:44:48,4.17,60700,4.18,D
sz000100,TCL科技,2025-10-29 09:44:51,4.17,22800,4.17,D
sz000100,TCL科技,2025-10-29 09:44:54,4.18,35600,4.17,U
sz000100,TCL科技,2025-10-29 09:44:57,4.17,33700,4.18,D
sz000100,TCL科技,2025-10-29 09:45:03,4.17,365600,4.18,D
sz000100,TCL科技,2025-10-29 09:45:06,4.17,160500,4.17,D
sz000100,TCL科技,2025-10-29 09:45:12,4.17,32400,4.18,D
sz000100,TCL科技,2025-10-29 09:45:15,4.18,149000,4.17,U
sz000100,TCL科技,2025-10-29 09:45:18,4.17,53100,4.18,D
sz000100,TCL科技,2025-10-29 09:45:21,4.18,21300,4.17,U
sz000100,TCL科技,2025-10-29 09:45:27,4.17,958200,4.18,D
sz000100,TCL科技,2025-10-29 09:45:30,4.18,75700,4.17,U
sz000100,TCL科技,2025-10-29 09:45:33,4.17,29670,4.18,D
sz000100,TCL科技,2025-10-29 09:45:36,4.17,25500,4.17,D
sz000100,TCL科技,2025-10-29 09:45:42,4.18,83700,4.18,U
sz000100,TCL科技,2025-10-29 09:45:45,4.17,926400,4.18,D
sz000100,TCL科技,2025-10-29 09:45:48,4.17,86200,4.17,D
sz000100,TCL科技,2025-10-29 09:45:51,4.17,73200,4.17,D
sz000100,TCL科技,2025-10-29 09:45:54,4.17,383000,4.17,D
sz000100,TCL科技,2025-10-29 09:45:57,4.18,133800,4.17,U
sz000100,TCL科技,2025-10-29 09:46:00,4.18,32600,4.18,U
sz000100,TCL科技,2025-10-29 09:46:03,4.17,39200,4.18,D
sz000100,TCL科技,2025-10-29 09:46:09,4.18,36400,4.18,U
sz000100,TCL科技,2025-10-29 09:46:12,4.18,38800,4.18,U
sz000100,TCL科技,2025-10-29 09:46:15,4.18,37500,4.18,U
sz000100,TCL科技,2025-10-29 09:46:27,4.18,26200,4.18,U
sz000100,TCL科技,2025-10-29 09:46:30,4.18,68500,4.18,U
sz000100,TCL科技,2025-10-29 09:46:33,4.17,26900,4.18,D
sz000100,TCL科技,2025-10-29 09:46:42,4.17,31700,4.18,D
sz000100,TCL科技,2025-10-29 09:46:51,4.18,224500,4.18,U
sz000100,TCL科技,2025-10-29 09:46:54,4.17,46410,4.18,D
sz000100,TCL科技,2025-10-29 09:47:03,4.17,80100,4.17,D
sz000100,TCL科技,2025-10-29 09:47:06,4.18,49000,4.17,U
sz000100,TCL科技,2025-10-29 09:47:09,4.17,56300,4.18,D
sz000100,TCL科技,2025-10-29 09:47:12,4.17,27700,4.17,D
sz000100,TCL科技,2025-10-29 09:47:15,4.17,21000,4.17,D
sz000100,TCL科技,2025-10-29 09:47:18,4.18,38200,4.17,U
sz000100,TCL科技,2025-10-29 09:47:24,4.18,63000,4.17,U
sz000100,TCL科技,2025-10-29 09:47:30,4.17,37700,4.18,D
sz000100,TCL科技,2025-10-29 09:47:33,4.17,25400,4.17,D
sz000100,TCL科技,2025-10-29 09:47:36,4.17,49800,4.17,D
sz000100,TCL科技,2025-10-29 09:47:45,4.17,107400,4.18,D
sz000100,TCL科技,2025-10-29 09:47:48,4.18,35200,4.17,U
sz000100,TCL科技,2025-10-29 09:47:51,4.17,35100,4.18,D
sz000100,TCL科技,2025-10-29 09:47:57,4.17,70300,4.17,D
sz000100,TCL科技,2025-10-29 09:48:00,4.18,20500,4.17,U
sz000100,TCL科技,2025-10-29 09:48:03,4.18,77100,4.18,U
sz000100,TCL科技,2025-10-29 09:48:12,4.18,66300,4.18,U
sz000100,TCL科技,2025-10-29 09:48:18,4.18,62800,4.18,U
sz000100,TCL科技,2025-10-29 09:48:21,4.17,72500,4.18,D
sz000100,TCL科技,2025-10-29 09:48:27,4.17,79900,4.17,D
sz000100,TCL科技,2025-10-29 09:48:30,4.17,132200,4.17,D
sz000100,TCL科技,2025-10-29 09:48:33,4.17,46900,4.17,D
sz000100,TCL科技,2025-10-29 09:48:36,4.17,27500,4.17,D
sz000100,TCL科技,2025-10-29 09:48:39,4.17,903000,4.17,D
sz000100,TCL科技,2025-10-29 09:48:45,4.17,61800,4.17,D
sz000100,TCL科技,2025-10-29 09:48:48,4.17,40000,4.17,D
sz000100,TCL科技,2025-10-29 09:48:51,4.17,89130,4.17,D
sz000100,TCL科技,2025-10-29 09:48:57,4.17,973400,4.17,D
sz000100,TCL科技,2025-10-29 09:49:00,4.18,89300,4.17,U
sz000100,TCL科技,2025-10-29 09:49:03,4.18,289800,4.18,U
sz000100,TCL科技,2025-10-29 09:49:06,4.18,144900,4.18,U
sz000100,TCL科技,2025-10-29 09:49:09,4.17,49900,4.18,D
sz000100,TCL科技,2025-10-29 09:49:12,4.17,114800,4.17,D
sz000100,TCL科技,2025-10-29 09:49:15,4.17,109500,4.17,D
sz000100,TCL科技,2025-10-29 09:49:18,4.17,985100,4.17,D
sz000100,TCL科技,2025-10-29 09:49:21,4.17,90010,4.17,D
sz000100,TCL科技,2025-10-29 09:49:24,4.17,137500,4.17,D
sz000100,TCL科技,2025-10-29 09:49:27,4.17,52100,4.17,D
sz000100,TCL科技,2025-10-29 09:49:33,4.17,946100,4.18,D
sz000100,TCL科技,2025-10-29 09:49:36,4.17,243800,4.17,D
sz000100,TCL科技,2025-10-29 09:49:39,4.17,182200,4.17,D
sz000100,TCL科技,2025-10-29 09:49:42,4.17,63800,4.17,D
sz000100,TCL科技,2025-10-29 09:49:48,4.17,915600,4.17,D
sz000100,TCL科技,2025-10-29 09:49:51,4.17,137500,4.17,D
sz000100,TCL科技,2025-10-29 09:49:54,4.17,164600,4.17,D
sz000100,TCL科技,2025-10-29 09:49:57,4.17,154900,4.17,D
sz000100,TCL科技,2025-10-29 09:50:00,4.17,122100,4.17,D
sz000100,TCL科技,2025-10-29 09:50:03,4.17,173200,4.17,D
sz000100,TCL科技,2025-10-29 09:50:06,4.18,970800,4.17,U
sz000100,TCL科技,2025-10-29 09:50:09,4.18,27100,4.18,U
sz000100,TCL科技,2025-10-29 09:50:12,4.18,28600,4.18,U
sz000100,TCL科技,2025-10-29 09:50:15,4.18,55000,4.18,U
sz000100,TCL科技,2025-10-29 09:50:18,4.18,29490,4.18,U
sz000100,TCL科技,2025-10-29 09:50:30,4.18,38900,4.17,U
sz000100,TCL科技,2025-10-29 09:50:33,4.17,57600,4.18,D
sz000100,TCL科技,2025-10-29 09:50:36,4.18,27400,4.17,U
sz000100,TCL科技,2025-10-29 09:50:48,4.17,22400,4.17,D
sz000100,TCL科技,2025-10-29 09:50:51,4.17,912800,4.17,D
sz000100,TCL科技,2025-10-29 09:50:54,4.18,63400,4.17,U
sz000100,TCL科技,2025-10-29 09:50:57,4.18,57300,4.18,U
sz000100,TCL科技,2025-10-29 09:51:06,4.17,24200,4.17,D
sz000100,TCL科技,2025-10-29 09:51:15,4.17,60800,4.18,D
sz000100,TCL科技,2025-10-29 09:51:21,4.17,40700,4.17,D
sz000100,TCL科技,2025-10-29 09:51:24,4.17,55900,4.17,D
sz000100,TCL科技,2025-10-29 09:51:27,4.17,112800,4.17,D
sz000100,TCL科技,2025-10-29 09:51:33,4.17,934100,4.18,D
sz000100,TCL科技,2025-10-29 09:51:36,4.18,31600,4.17,U
sz000100,TCL科技,2025-10-29 09:51:42,4.17,84800,4.18,D
sz000100,TCL科技,2025-10-29 09:51:45,4.18,163410,4.17,U
sz000100,TCL科技,2025-10-29 09:51:54,4.17,25700,4.17,D
sz000100,TCL科技,2025-10-29 09:51:57,4.18,920600,4.17,U
sz000100,TCL科技,2025-10-29 09:52:15,4.18,78400,4.17,U
sz000100,TCL科技,2025-10-29 09:52:18,4.17,20100,4.18,D
sz000100,TCL科技,2025-10-29 09:52:21,4.18,29600,4.17,U
sz000100,TCL科技,2025-10-29 09:52:24,4.17,42600,4.18,D
sz000100,TCL科技,2025-10-29 09:52:27,4.17,25100,4.17,D
sz000100,TCL科技,2025-10-29 09:52:33,4.17,1160300,4.17,D
sz000100,TCL科技,2025-10-29 09:52:39,4.17,44700,4.17,D
sz000100,TCL科技,2025-10-29 09:52:42,4.17,21400,4.17,D
sz000100,TCL科技,2025-10-29 09:52:48,4.17,921600,4.17,D
sz000100,TCL科技,2025-10-29 09:52:51,4.17,67000,4.17,D
sz000100,TCL科技,2025-10-29 09:52:54,4.18,154400,4.17,U
sz000100,TCL科技,2025-10-29 09:52:57,4.18,126300,4.18,U
sz000100,TCL科技,2025-10-29 09:53:12,4.18,36600,4.17,U
sz000100,TCL科技,2025-10-29 09:53:15,4.18,129100,4.18,U
sz000100,TCL科技,2025-10-29 09:53:18,4.18,75200,4.18,U
sz000100,TCL科技,2025-10-29 09:53:21,4.18,81100,4.18,U
sz000100,TCL科技,2025-10-29 09:53:24,4.18,73230,4.18,U
sz000100,TCL科技,2025-10-29 09:53:27,4.18,47200,4.18,U
sz000100,TCL科技,2025-10-29 09:53:33,4.17,57000,4.18,D
sz000100,TCL科技,2025-10-29 09:53:36,4.18,21200,4.17,U
sz000100,TCL科技,2025-10-29 09:53:45,4.17,105500,4.17,D
sz000100,TCL科技,2025-10-29 09:53:51,4.18,492400,4.17,U
sz000100,TCL科技,2025-10-29 09:54:06,4.17,942300,4.17,D
sz000100,TCL科技,2025-10-29 09:54:12,4.17,63100,4.17,D
sz000100,TCL科技,2025-10-29 09:54:15,4.17,83200,4.17,D
sz000100,TCL科技,2025-10-29 09:54:18,4.17,56700,4.17,D
sz000100,TCL科技,2025-10-29 09:54:21,4.17,95000,4.17,D
sz000100,TCL科技,2025-10-29 09:54:24,4.17,26100,4.17,D
sz000100,TCL科技,2025-10-29 09:54:27,4.17,26500,4.17,D
sz000100,TCL科技,2025-10-29 09:54:33,4.17,917140,4.17,D
sz000100,TCL科技,2025-10-29 09:54:36,4.18,42100,4.17,U
sz000100,TCL科技,2025-10-29 09:54:42,4.17,27640,4.17,D
sz000100,TCL科技,2025-10-29 09:54:45,4.17,63200,4.17,D
sz000100,TCL科技,2025-10-29 09:54:48,4.17,34100,4.17,D
sz000100,TCL科技,2025-10-29 09:54:57,4.17,60000,4.17,D
sz000100,TCL科技,2025-10-29 09:55:03,4.18,26200,4.17,U
sz000100,TCL科技,2025-10-29 09:55:06,4.17,21030,4.18,D
sz000100,TCL科技,2025-10-29 09:55:09,4.17,954900,4.17,D
sz000100,TCL科技,2025-10-29 09:55:12,4.18,22200,4.17,U
sz000100,TCL科技,2025-10-29 09:55:15,4.18,21200,4.18,U
sz000100,TCL科技,2025-10-29 09:55:18,4.17,85200,4.18,D
sz000100,TCL科技,2025-10-29 09:55:21,4.17,53000,4.17,E
sz000100,TCL科技,2025-10-29 09:55:30,4.18,1098600,4.17,U
sz000100,TCL科技,2025-10-29 09:55:45,4.17,23500,4.17,D
sz000100,TCL科技,2025-10-29 09:55:48,4.17,32700,4.17,D
sz000100,TCL科技,2025-10-29 09:55:51,4.17,60480,4.17,D
sz000100,TCL科技,2025-10-29 09:55:54,4.16,35920,4.17,D
sz000100,TCL科技,2025-10-29 09:55:57,4.17,61500,4.16,U
sz000100,TCL科技,2025-10-29 09:56:00,4.17,21000,4.17,U
sz000100,TCL科技,2025-10-29 09:56:12,4.16,69900,4.17,D
sz000100,TCL科技,2025-10-29 09:56:15,4.16,385200,4.16,D
sz000100,TCL科技,2025-10-29 09:56:24,4.16,51000,4.16,D
sz000100,TCL科技,2025-10-29 09:56:27,4.16,22900,4.16,D
sz000100,TCL科技,2025-10-29 09:56:30,4.17,55690,4.16,U
sz000100,TCL科技,2025-10-29 09:56:33,4.17,26200,4.17,U
sz000100,TCL科技,2025-10-29 09:56:36,4.16,29200,4.17,D
sz000100,TCL科技,2025-10-29 09:56:42,4.16,21000,4.16,D
sz000100,TCL科技,2025-10-29 09:57:06,4.17,141500,4.17,U
sz000100,TCL科技,2025-10-29 09:57:09,4.17,25200,4.17,U
sz000100,TCL科技,2025-10-29 09:57:12,4.16,88300,4.17,D
sz000100,TCL科技,2025-10-29 09:57:21,4.16,86700,4.17,D
sz000100,TCL科技,2025-10-29 09:57:30,4.16,114500,4.16,D
sz000100,TCL科技,2025-10-29 09:57:33,4.17,27800,4.16,U
sz000100,TCL科技,2025-10-29 09:57:45,4.17,1021700,4.17,U
sz000100,TCL科技,2025-10-29 09:57:48,4.17,145500,4.17,U
sz000100,TCL科技,2025-10-29 09:57:51,4.16,65200,4.17,D
sz000100,TCL科技,2025-10-29 09:57:57,4.16,47400,4.16,D
sz000100,TCL科技,2025-10-29 09:58:00,4.17,45100,4.16,U
sz000100,TCL科技,2025-10-29 09:58:03,4.16,64700,4.17,D
sz000100,TCL科技,2025-10-29 09:58:09,4.16,61800,4.16,D
sz000100,TCL科技,2025-10-29 09:58:12,4.17,24000,4.16,U
sz000100,TCL科技,2025-10-29 09:58:15,4.17,2436100,4.17,U
sz000100,TCL科技,2025-10-29 09:58:18,4.16,164500,4.17,D
sz000100,TCL科技,2025-10-29 09:58:21,4.17,29200,4.16,U
sz000100,TCL科技,2025-10-29 09:58:24,4.16,40100,4.17,D
sz000100,TCL科技,2025-10-29 09:58:27,4.17,28500,4.16,U
sz000100,TCL科技,2025-10-29 09:58:30,4.16,29400,4.17,D
sz000100,TCL科技,2025-10-29 09:58:33,4.17,26600,4.16,U
sz000100,TCL科技,2025-10-29 09:58:36,4.17,57600,4.17,U
sz000100,TCL科技,2025-10-29 09:58:39,4.16,44400,4.17,D
sz000100,TCL科技,2025-10-29 09:58:42,4.16,457600,4.16,D
sz000100,TCL科技,2025-10-29 09:58:45,4.16,159000,4.16,D
sz000100,TCL科技,2025-10-29 09:58:48,4.17,39300,4.16,U
sz000100,TCL科技,2025-10-29 09:58:51,4.17,24600,4.17,U
sz000100,TCL科技,2025-10-29 09:58:54,4.17,117300,4.17,U
sz000100,TCL科技,2025-10-29 09:58:57,4.17,197366,4.17,U
sz000100,TCL科技,2025-10-29 09:59:00,4.17,124810,4.17,D
sz000100,TCL科技,2025-10-29 09:59:06,4.16,109710,4.17,D
sz000100,TCL科技,2025-10-29 09:59:15,4.17,25400,4.17,U
sz000100,TCL科技,2025-10-29 09:59:18,4.17,31400,4.17,U
sz000100,TCL科技,2025-10-29 09:59:21,4.16,101800,4.17,D
sz000100,TCL科技,2025-10-29 09:59:27,4.17,308800,4.17,U
sz000100,TCL科技,2025-10-29 09:59:30,4.17,23700,4.17,U
sz000100,TCL科技,2025-10-29 09:59:39,4.17,135000,4.17,U
sz000100,TCL科技,2025-10-29 09:59:45,4.16,50500,4.17,D
sz000100,TCL科技,2025-10-29 09:59:48,4.17,30700,4.16,U
sz000100,TCL科技,2025-10-29 09:59:51,4.17,156800,4.17,U
sz000100,TCL科技,2025-10-29 09:59:54,4.17,27600,4.17,U
sz000100,TCL科技,2025-10-29 10:00:03,4.17,45900,4.17,U
sz000100,TCL科技,2025-10-29 10:00:06,4.16,26600,4.17,D
sz000100,TCL科技,2025-10-29 10:00:09,4.17,24600,4.16,U
sz000100,TCL科技,2025-10-29 10:00:15,4.17,32900,4.16,U
sz000100,TCL科技,2025-10-29 10:00:18,4.17,21900,4.17,U
sz000100,TCL科技,2025-10-29 10:00:27,4.17,27400,4.17,U
sz000100,TCL科技,2025-10-29 10:00:30,4.17,311100,4.17,U
sz000100,TCL科技,2025-10-29 10:00:36,4.17,998260,4.17,U
sz000100,TCL科技,2025-10-29 10:00:39,4.18,76200,4.17,U
sz000100,TCL科技,2025-10-29 10:00:45,4.17,71100,4.17,D
sz000100,TCL科技,2025-10-29 10:00:48,4.18,104400,4.17,U
sz000100,TCL科技,2025-10-29 10:00:51,4.17,51100,4.18,D
sz000100,TCL科技,2025-10-29 10:00:57,4.17,27200,4.17,D
sz000100,TCL科技,2025-10-29 10:01:09,4.17,22700,4.17,D
sz000100,TCL科技,2025-10-29 10:01:12,4.18,30100,4.17,U
sz000100,TCL科技,2025-10-29 10:01:15,4.17,38700,4.18,D
sz000100,TCL科技,2025-10-29 10:01:18,4.17,23700,4.17,D
sz000100,TCL科技,2025-10-29 10:01:21,4.18,42500,4.17,U
sz000100,TCL科技,2025-10-29 10:01:33,4.18,38400,4.17,U
sz000100,TCL科技,2025-10-29 10:01:39,4.17,73900,4.18,D
sz000100,TCL科技,2025-10-29 10:01:48,4.17,52700,4.18,D
sz000100,TCL科技,2025-10-29 10:01:54,4.17,35200,4.17,D
sz000100,TCL科技,2025-10-29 10:01:57,4.18,24800,4.17,U
sz000100,TCL科技,2025-10-29 10:02:00,4.18,51900,4.18,U
sz000100,TCL科技,2025-10-29 10:02:03,4.17,105500,4.18,D
sz000100,TCL科技,2025-10-29 10:02:09,4.17,756900,4.17,D
sz000100,TCL科技,2025-10-29 10:02:12,4.17,1458400,4.17,U
sz000100,TCL科技,2025-10-29 10:02:15,4.17,54800,4.17,D
sz000100,TCL科技,2025-10-29 10:02:21,4.18,79000,4.17,U
sz000100,TCL科技,2025-10-29 10:02:27,4.17,66400,4.17,D
sz000100,TCL科技,2025-10-29 10:02:30,4.17,27330,4.17,E
sz000100,TCL科技,2025-10-29 10:02:36,4.17,21350,4.17,D
sz000100,TCL科技,2025-10-29 10:02:39,4.17,57500,4.17,D
sz000100,TCL科技,2025-10-29 10:02:45,4.17,64700,4.17,U
sz000100,TCL科技,2025-10-29 10:02:48,4.17,26200,4.17,U
sz000100,TCL科技,2025-10-29 10:02:51,4.18,106080,4.17,U
sz000100,TCL科技,2025-10-29 10:02:54,4.17,50000,4.18,D
sz000100,TCL科技,2025-10-29 10:03:00,4.17,56600,4.17,D
sz000100,TCL科技,2025-10-29 10:03:09,4.17,52200,4.18,D
sz000100,TCL科技,2025-10-29 10:03:24,4.17,26700,4.18,D
sz000100,TCL科技,2025-10-29 10:03:30,4.17,33900,4.17,D
sz000100,TCL科技,2025-10-29 10:03:36,4.18,36800,4.17,U
sz000100,TCL科技,2025-10-29 10:03:54,4.18,21300,4.18,U
sz000100,TCL科技,2025-10-29 10:04:00,4.17,47600,4.18,D
sz000100,TCL科技,2025-10-29 10:04:12,4.17,29800,4.17,D
sz000100,TCL科技,2025-10-29 10:04:15,4.17,24400,4.17,D
sz000100,TCL科技,2025-10-29 10:04:30,4.18,49800,4.18,U
sz000100,TCL科技,2025-10-29 10:04:36,4.17,38300,4.18,D
sz000100,TCL科技,2025-10-29 10:04:39,4.17,49900,4.17,D
sz000100,TCL科技,2025-10-29 10:05:00,4.17,26400,4.17,D
sz000100,TCL科技,2025-10-29 10:05:09,4.17,24000,4.17,D
sz000100,TCL科技,2025-10-29 10:05:12,4.17,28600,4.17,D
sz000100,TCL科技,2025-10-29 10:05:21,4.17,53100,4.17,D
sz000100,TCL科技,2025-10-29 10:05:24,4.17,131500,4.17,D
sz000100,TCL科技,2025-10-29 10:05:27,4.18,30400,4.17,U
sz000100,TCL科技,2025-10-29 10:05:33,4.17,53400,4.17,D
sz000100,TCL科技,2025-10-29 10:05:42,4.17,28800,4.17,D
sz000100,TCL科技,2025-10-29 10:05:45,4.17,21400,4.17,D
sz000100,TCL科技,2025-10-29 10:05:48,4.17,23800,4.17,D
sz000100,TCL科技,2025-10-29 10:06:06,4.17,21300,4.17,D
sz000100,TCL科技,2025-10-29 10:06:09,4.17,129500,4.17,D
sz000100,TCL科技,2025-10-29 10:06:12,4.17,23200,4.17,D
sz000100,TCL科技,2025-10-29 10:06:15,4.17,181211,4.17,D
sz000100,TCL科技,2025-10-29 10:06:18,4.17,24700,4.17,D
sz000100,TCL科技,2025-10-29 10:06:21,4.17,20000,4.17,D
sz000100,TCL科技,2025-10-29 10:06:39,4.18,97500,4.17,U
sz000100,TCL科技,2025-10-29 10:07:00,4.18,69430,4.18,U
sz000100,TCL科技,2025-10-29 10:07:06,4.18,43500,4.17,U
sz000100,TCL科技,2025-10-29 10:07:12,4.18,25000,4.17,U
sz000100,TCL科技,2025-10-29 10:07:15,4.17,412300,4.18,D
sz000100,TCL科技,2025-10-29 10:07:45,4.17,39500,4.18,D
sz000100,TCL科技,2025-10-29 10:07:48,4.18,661600,4.17,U
sz000100,TCL科技,2025-10-29 10:07:51,4.17,70300,4.18,D
sz000100,TCL科技,2025-10-29 10:08:00,4.18,51400,4.18,U
sz000100,TCL科技,2025-10-29 10:08:06,4.17,152700,4.17,D
sz000100,TCL科技,2025-10-29 10:08:09,4.17,68000,4.17,D
sz000100,TCL科技,2025-10-29 10:08:12,4.17,47000,4.17,D
sz000100,TCL科技,2025-10-29 10:08:18,4.17,21800,4.17,D
sz000100,TCL科技,2025-10-29 10:08:21,4.17,41715,4.17,D
sz000100,TCL科技,2025-10-29 10:08:33,4.18,25400,4.17,U
sz000100,TCL科技,2025-10-29 10:08:39,4.18,69000,4.18,U
sz000100,TCL科技,2025-10-29 10:08:54,4.17,33800,4.17,D
sz000100,TCL科技,2025-10-29 10:08:57,4.17,65200,4.17,D
sz000100,TCL科技,2025-10-29 10:09:09,4.17,57800,4.18,D
sz000100,TCL科技,2025-10-29 10:09:12,4.18,48700,4.17,U
sz000100,TCL科技,2025-10-29 10:09:18,4.17,42400,4.17,D
sz000100,TCL科技,2025-10-29 10:09:36,4.17,24400,4.17,D
sz000100,TCL科技,2025-10-29 10:09:42,4.18,61100,4.17,U
sz000100,TCL科技,2025-10-29 10:09:48,4.18,23900,4.17,U
sz000100,TCL科技,2025-10-29 10:10:00,4.17,53000,4.17,D
sz000100,TCL科技,2025-10-29 10:10:03,4.17,61300,4.17,D
sz000100,TCL科技,2025-10-29 10:10:06,4.18,144500,4.17,U
sz000100,TCL科技,2025-10-29 10:10:09,4.17,35100,4.18,D
sz000100,TCL科技,2025-10-29 10:10:27,4.17,37500,4.18,D
sz000100,TCL科技,2025-10-29 10:10:30,4.18,22300,4.17,U
sz000100,TCL科技,2025-10-29 10:10:36,4.18,55100,4.18,U
sz000100,TCL科技,2025-10-29 10:10:51,4.18,43200,4.18,U
sz000100,TCL科技,2025-10-29 10:11:03,4.18,42600,4.18,U
sz000100,TCL科技,2025-10-29 10:11:12,4.18,1096400,4.18,U
sz000100,TCL科技,2025-10-29 10:11:15,4.17,34100,4.18,D
sz000100,TCL科技,2025-10-29 10:11:18,4.18,30700,4.17,U
sz000100,TCL科技,2025-10-29 10:11:27,4.18,46800,4.17,U
sz000100,TCL科技,2025-10-29 10:11:42,4.17,61700,4.17,D
sz000100,TCL科技,2025-10-29 10:11:48,4.18,32600,4.17,U
sz000100,TCL科技,2025-10-29 10:11:51,4.17,33300,4.18,D
sz000100,TCL科技,2025-10-29 10:11:54,4.17,34300,4.17,D
sz000100,TCL科技,2025-10-29 10:11:57,4.18,43000,4.17,U
sz000100,TCL科技,2025-10-29 10:12:00,4.17,90400,4.18,D
sz000100,TCL科技,2025-10-29 10:12:03,4.17,61700,4.17,D
sz000100,TCL科技,2025-10-29 10:12:06,4.17,33500,4.17,D
sz000100,TCL科技,2025-10-29 10:12:21,4.17,20900,4.17,D
sz000100,TCL科技,2025-10-29 10:12:24,4.17,24600,4.17,D
sz000100,TCL科技,2025-10-29 10:12:27,4.18,29700,4.17,U
sz000100,TCL科技,2025-10-29 10:12:42,4.18,106300,4.17,U
sz000100,TCL科技,2025-10-29 10:12:57,4.17,33800,4.17,D
sz000100,TCL科技,2025-10-29 10:13:03,4.17,32900,4.17,D
sz000100,TCL科技,2025-10-29 10:13:06,4.17,56000,4.17,D
sz000100,TCL科技,2025-10-29 10:13:09,4.17,20900,4.17,D
sz000100,TCL科技,2025-10-29 10:13:15,4.18,33700,4.18,U
sz000100,TCL科技,2025-10-29 10:13:36,4.17,34900,4.18,D
sz000100,TCL科技,2025-10-29 10:13:48,4.18,31700,4.18,U
sz000100,TCL科技,2025-10-29 10:13:51,4.17,68100,4.18,D
sz000100,TCL科技,2025-10-29 10:13:54,4.17,39100,4.17,D
sz000100,TCL科技,2025-10-29 10:13:57,4.18,20200,4.17,U
sz000100,TCL科技,2025-10-29 10:14:03,4.17,28400,4.18,D
sz000100,TCL科技,2025-10-29 10:14:21,4.18,117900,4.18,U
sz000100,TCL科技,2025-10-29 10:14:24,4.17,141000,4.18,D
sz000100,TCL科技,2025-10-29 10:14:33,4.18,23400,4.18,U
sz000100,TCL科技,2025-10-29 10:14:36,4.17,41800,4.18,D
sz000100,TCL科技,2025-10-29 10:14:39,4.18,35500,4.17,U
sz000100,TCL科技,2025-10-29 10:14:48,4.17,22000,4.18,D
sz000100,TCL科技,2025-10-29 10:15:09,4.17,26300,4.18,D
sz000100,TCL科技,2025-10-29 10:15:21,4.17,53700,4.18,D
sz000100,TCL科技,2025-10-29 10:15:39,4.17,37500,4.18,D
sz000100,TCL科技,2025-10-29 10:15:45,4.17,31000,4.17,D
sz000100,TCL科技,2025-10-29 10:15:51,4.17,37600,4.17,D
sz000100,TCL科技,2025-10-29 10:16:03,4.18,27200,4.17,U
sz000100,TCL科技,2025-10-29 10:16:21,4.17,21500,4.17,D
sz000100,TCL科技,2025-10-29 10:16:27,4.17,32600,4.18,D
sz000100,TCL科技,2025-10-29 10:16:30,4.17,20900,4.17,D
sz000100,TCL科技,2025-10-29 10:16:36,4.17,59710,4.17,D
sz000100,TCL科技,2025-10-29 10:16:39,4.17,114800,4.17,D
sz000100,TCL科技,2025-10-29 10:16:48,4.17,37900,4.17,D
sz000100,TCL科技,2025-10-29 10:17:00,4.17,86500,4.17,D
sz000100,TCL科技,2025-10-29 10:17:03,4.18,127400,4.17,U
sz000100,TCL科技,2025-10-29 10:17:09,4.17,46700,4.18,D
sz000100,TCL科技,2025-10-29 10:17:21,4.17,27000,4.18,D
sz000100,TCL科技,2025-10-29 10:17:30,4.17,24800,4.17,D
sz000100,TCL科技,2025-10-29 10:17:33,4.17,34000,4.17,D
sz000100,TCL科技,2025-10-29 10:17:36,4.17,32300,4.17,D
sz000100,TCL科技,2025-10-29 10:17:39,4.17,21500,4.17,D
sz000100,TCL科技,2025-10-29 10:17:51,4.17,89200,4.18,D
sz000100,TCL科技,2025-10-29 10:18:12,4.18,150800,4.17,U
sz000100,TCL科技,2025-10-29 10:18:15,4.17,78000,4.18,D
sz000100,TCL科技,2025-10-29 10:18:18,4.17,42600,4.17,D
sz000100,TCL科技,2025-10-29 10:18:21,4.17,25850,4.17,D
sz000100,TCL科技,2025-10-29 10:18:39,4.17,47500,4.17,D
sz000100,TCL科技,2025-10-29 10:18:42,4.17,84300,4.17,D
sz000100,TCL科技,2025-10-29 10:18:45,4.18,29900,4.17,U
sz000100,TCL科技,2025-10-29 10:18:48,4.18,20300,4.18,U
sz000100,TCL科技,2025-10-29 10:19:12,4.17,90820,4.18,D
sz000100,TCL科技,2025-10-29 10:19:15,4.17,20600,4.17,D
sz000100,TCL科技,2025-10-29 10:19:21,4.17,24700,4.17,D
sz000100,TCL科技,2025-10-29 10:19:27,4.17,23610,4.17,D
sz000100,TCL科技,2025-10-29 10:19:30,4.17,28900,4.17,D
sz000100,TCL科技,2025-10-29 10:19:42,4.17,35600,4.18,D
sz000100,TCL科技,2025-10-29 10:19:51,4.17,104300,4.17,D
sz000100,TCL科技,2025-10-29 10:20:00,4.17,28600,4.17,D
sz000100,TCL科技,2025-10-29 10:20:21,4.18,39900,4.17,U
sz000100,TCL科技,2025-10-29 10:20:27,4.18,41500,4.18,U
sz000100,TCL科技,2025-10-29 10:20:30,4.17,29900,4.18,D
sz000100,TCL科技,2025-10-29 10:20:42,4.18,52500,4.17,U
sz000100,TCL科技,2025-10-29 10:20:48,4.17,39300,4.18,D
sz000100,TCL科技,2025-10-29 10:20:57,4.18,32500,4.18,U
sz000100,TCL科技,2025-10-29 10:21:15,4.18,93800,4.17,U
sz000100,TCL科技,2025-10-29 10:21:21,4.18,33600,4.17,U
sz000100,TCL科技,2025-10-29 10:22:21,4.18,95500,4.17,U
sz000100,TCL科技,2025-10-29 10:22:24,4.17,21500,4.18,D
sz000100,TCL科技,2025-10-29 10:22:30,4.18,46200,4.18,U
sz000100,TCL科技,2025-10-29 10:22:45,4.18,46600,4.17,U
sz000100,TCL科技,2025-10-29 10:22:48,4.18,54200,4.18,U
sz000100,TCL科技,2025-10-29 10:23:00,4.17,58200,4.17,D
sz000100,TCL科技,2025-10-29 10:23:03,4.18,44800,4.17,U
sz000100,TCL科技,2025-10-29 10:23:06,4.17,80200,4.18,D
sz000100,TCL科技,2025-10-29 10:23:09,4.17,38900,4.17,D
sz000100,TCL科技,2025-10-29 10:23:21,4.17,25300,4.17,D
sz000100,TCL科技,2025-10-29 10:23:27,4.17,23300,4.18,D
sz000100,TCL科技,2025-10-29 10:23:36,4.17,39800,4.18,D
sz000100,TCL科技,2025-10-29 10:24:03,4.17,20000,4.17,D
sz000100,TCL科技,2025-10-29 10:24:18,4.17,36800,4.17,D
sz000100,TCL科技,2025-10-29 10:24:21,4.17,23500,4.17,D
sz000100,TCL科技,2025-10-29 10:24:27,4.18,38900,4.17,U
sz000100,TCL科技,2025-10-29 10:24:33,4.18,35800,4.18,U
sz000100,TCL科技,2025-10-29 10:24:39,4.18,24000,4.18,U
sz000100,TCL科技,2025-10-29 10:24:45,4.18,59400,4.18,U
sz000100,TCL科技,2025-10-29 10:24:51,4.18,100000,4.18,U
sz000100,TCL科技,2025-10-29 10:24:54,4.18,46700,4.18,U
sz000100,TCL科技,2025-10-29 10:24:57,4.18,23000,4.18,U
sz000100,TCL科技,2025-10-29 10:25:06,4.18,40100,4.18,U
sz000100,TCL科技,2025-10-29 10:25:09,4.18,42100,4.18,U
sz000100,TCL科技,2025-10-29 10:25:15,4.18,37000,4.17,U
sz000100,TCL科技,2025-10-29 10:25:18,4.17,36500,4.18,D
sz000100,TCL科技,2025-10-29 10:25:21,4.17,21600,4.17,D
sz000100,TCL科技,2025-10-29 10:25:27,4.17,70100,4.18,D
sz000100,TCL科技,2025-10-29 10:25:42,4.17,21300,4.17,D
sz000100,TCL科技,2025-10-29 10:25:54,4.18,77900,4.18,U
sz000100,TCL科技,2025-10-29 10:25:57,4.18,71700,4.18,U
sz000100,TCL科技,2025-10-29 10:26:03,4.18,24700,4.18,U
sz000100,TCL科技,2025-10-29 10:26:18,4.17,103800,4.17,D
sz000100,TCL科技,2025-10-29 10:26:21,4.18,21100,4.17,U
sz000100,TCL科技,2025-10-29 10:26:24,4.17,213000,4.18,D
sz000100,TCL科技,2025-10-29 10:26:27,4.18,28700,4.17,U
sz000100,TCL科技,2025-10-29 10:26:33,4.18,67600,4.18,U
sz000100,TCL科技,2025-10-29 10:26:39,4.17,92500,4.17,D
sz000100,TCL科技,2025-10-29 10:26:54,4.17,45000,4.17,D
sz000100,TCL科技,2025-10-29 10:27:03,4.18,347400,4.18,U
sz000100,TCL科技,2025-10-29 10:27:09,4.18,40400,4.18,U
sz000100,TCL科技,2025-10-29 10:27:12,4.18,34700,4.18,U
sz000100,TCL科技,2025-10-29 10:27:15,4.17,51200,4.18,D
sz000100,TCL科技,2025-10-29 10:27:18,4.19,5736190,4.17,U
sz000100,TCL科技,2025-10-29 10:27:21,4.18,379700,4.19,D
sz000100,TCL科技,2025-10-29 10:27:30,4.18,60300,4.19,D
sz000100,TCL科技,2025-10-29 10:27:39,4.19,27100,4.18,U
sz000100,TCL科技,2025-10-29 10:27:42,4.18,34900,4.19,D
sz000100,TCL科技,2025-10-29 10:27:45,4.18,20800,4.18,D
sz000100,TCL科技,2025-10-29 10:27:48,4.18,358900,4.18,D
sz000100,TCL科技,2025-10-29 10:27:51,4.19,32100,4.18,U
sz000100,TCL科技,2025-10-29 10:27:54,4.18,38000,4.19,D
sz000100,TCL科技,2025-10-29 10:28:00,4.19,144000,4.19,U
sz000100,TCL科技,2025-10-29 10:28:03,4.18,21900,4.19,D
sz000100,TCL科技,2025-10-29 10:28:06,4.19,79800,4.18,U
sz000100,TCL科技,2025-10-29 10:28:12,4.19,30500,4.18,U
sz000100,TCL科技,2025-10-29 10:28:27,4.19,47700,4.18,U
sz000100,TCL科技,2025-10-29 10:28:33,4.19,81100,4.18,U
sz000100,TCL科技,2025-10-29 10:28:36,4.18,32600,4.19,D
sz000100,TCL科技,2025-10-29 10:28:39,4.18,53000,4.18,D
sz000100,TCL科技,2025-10-29 10:28:51,4.19,34000,4.18,U
sz000100,TCL科技,2025-10-29 10:28:54,4.19,200400,4.19,U
sz000100,TCL科技,2025-10-29 10:29:00,4.18,94100,4.19,D
sz000100,TCL科技,2025-10-29 10:29:06,4.18,35300,4.18,D
sz000100,TCL科技,2025-10-29 10:29:09,4.18,32900,4.18,D
sz000100,TCL科技,2025-10-29 10:29:24,4.19,66900,4.19,U
sz000100,TCL科技,2025-10-29 10:29:36,4.19,63200,4.19,U
sz000100,TCL科技,2025-10-29 10:29:39,4.19,22900,4.19,U
sz000100,TCL科技,2025-10-29 10:30:00,4.18,34000,4.18,D
sz000100,TCL科技,2025-10-29 10:30:03,4.18,79800,4.18,D
sz000100,TCL科技,2025-10-29 10:30:06,4.18,69300,4.18,D
sz000100,TCL科技,2025-10-29 10:30:30,4.18,28800,4.18,D
sz000100,TCL科技,2025-10-29 10:30:39,4.18,23000,4.18,D
sz000100,TCL科技,2025-10-29 10:30:57,4.19,27500,4.19,U
sz000100,TCL科技,2025-10-29 10:31:30,4.19,58900,4.18,U
sz000100,TCL科技,2025-10-29 10:31:33,4.19,32300,4.19,U
sz000100,TCL科技,2025-10-29 10:32:00,4.18,20300,4.18,D
sz000100,TCL科技,2025-10-29 10:32:24,4.19,48800,4.19,U
sz000100,TCL科技,2025-10-29 10:32:51,4.19,316400,4.18,U
sz000100,TCL科技,2025-10-29 10:33:00,4.19,30200,4.19,U
sz000100,TCL科技,2025-10-29 10:33:15,4.18,1471800,4.18,D
sz000100,TCL科技,2025-10-29 10:33:21,4.18,33900,4.19,D
sz000100,TCL科技,2025-10-29 10:33:36,4.18,21000,4.18,D
sz000100,TCL科技,2025-10-29 10:33:39,4.18,137100,4.18,D
sz000100,TCL科技,2025-10-29 10:34:03,4.19,39100,4.18,U
sz000100,TCL科技,2025-10-29 10:34:09,4.19,32800,4.18,U
sz000100,TCL科技,2025-10-29 10:34:18,4.19,81100,4.18,U
sz000100,TCL科技,2025-10-29 10:34:21,4.18,457700,4.19,D
sz000100,TCL科技,2025-10-29 10:34:24,4.18,32500,4.18,D
sz000100,TCL科技,2025-10-29 10:34:33,4.19,20000,4.19,U
sz000100,TCL科技,2025-10-29 10:34:45,4.18,22900,4.18,D
sz000100,TCL科技,2025-10-29 10:34:51,4.18,522800,4.18,D
sz000100,TCL科技,2025-10-29 10:34:54,4.18,1203180,4.18,D
sz000100,TCL科技,2025-10-29 10:34:57,4.18,41000,4.18,U
sz000100,TCL科技,2025-10-29 10:35:00,4.18,35800,4.18,U
sz000100,TCL科技,2025-10-29 10:35:09,4.18,167000,4.17,U
sz000100,TCL科技,2025-10-29 10:35:21,4.18,20600,4.18,U
sz000100,TCL科技,2025-10-29 10:35:30,4.17,34300,4.18,D
sz000100,TCL科技,2025-10-29 10:35:57,4.18,106200,4.18,U
sz000100,TCL科技,2025-10-29 10:36:00,4.18,26600,4.18,U
sz000100,TCL科技,2025-10-29 10:36:03,4.18,21900,4.18,U
sz000100,TCL科技,2025-10-29 10:36:06,4.17,44520,4.18,D
sz000100,TCL科技,2025-10-29 10:36:18,4.18,103300,4.18,U
sz000100,TCL科技,2025-10-29 10:36:24,4.17,30600,4.17,D
sz000100,TCL科技,2025-10-29 10:36:57,4.17,43900,4.18,D
sz000100,TCL科技,2025-10-29 10:37:00,4.17,21300,4.17,D
sz000100,TCL科技,2025-10-29 10:37:06,4.17,69000,4.17,D
sz000100,TCL科技,2025-10-29 10:37:15,4.18,121500,4.18,U
sz000100,TCL科技,2025-10-29 10:37:42,4.18,30000,4.18,U
sz000100,TCL科技,2025-10-29 10:37:45,4.18,160200,4.18,U
sz000100,TCL科技,2025-10-29 10:38:18,4.18,22400,4.17,U
sz000100,TCL科技,2025-10-29 10:38:24,4.18,21500,4.17,U
sz000100,TCL科技,2025-10-29 10:38:33,4.18,24300,4.18,U
sz000100,TCL科技,2025-10-29 10:38:36,4.18,1657960,4.18,U
sz000100,TCL科技,2025-10-29 10:38:39,4.19,28600,4.18,U
sz000100,TCL科技,2025-10-29 10:38:42,4.18,20500,4.19,D
sz000100,TCL科技,2025-10-29 10:38:51,4.18,78800,4.18,D
sz000100,TCL科技,2025-10-29 10:38:54,4.18,27000,4.18,D
sz000100,TCL科技,2025-10-29 10:38:57,4.18,22200,4.18,D
sz000100,TCL科技,2025-10-29 10:39:18,4.19,105600,4.18,U
sz000100,TCL科技,2025-10-29 10:39:21,4.18,25900,4.19,D
sz000100,TCL科技,2025-10-29 10:39:27,4.19,81900,4.18,U
sz000100,TCL科技,2025-10-29 10:40:12,4.18,42300,4.18,D
sz000100,TCL科技,2025-10-29 10:40:33,4.18,30900,4.18,D
sz000100,TCL科技,2025-10-29 10:40:45,4.18,78000,4.18,D
sz000100,TCL科技,2025-10-29 10:40:54,4.18,341220,4.18,D
sz000100,TCL科技,2025-10-29 10:41:27,4.18,45000,4.19,D
sz000100,TCL科技,2025-10-29 10:41:33,4.18,82400,4.18,D
sz000100,TCL科技,2025-10-29 10:41:57,4.18,33000,4.19,D
sz000100,TCL科技,2025-10-29 10:42:00,4.18,94200,4.18,D
sz000100,TCL科技,2025-10-29 10:42:06,4.18,20600,4.18,D
sz000100,TCL科技,2025-10-29 10:42:15,4.18,30100,4.18,D
sz000100,TCL科技,2025-10-29 10:42:18,4.18,24200,4.18,D
sz000100,TCL科技,2025-10-29 10:42:36,4.18,33500,4.19,D
sz000100,TCL科技,2025-10-29 10:42:42,4.18,71800,4.18,D
sz000100,TCL科技,2025-10-29 10:42:45,4.18,552000,4.18,D
sz000100,TCL科技,2025-10-29 10:43:03,4.19,54800,4.18,U
sz000100,TCL科技,2025-10-29 10:43:06,4.19,134400,4.19,U
sz000100,TCL科技,2025-10-29 10:43:12,4.19,50220,4.18,U
sz000100,TCL科技,2025-10-29 10:43:15,4.18,48900,4.19,D
sz000100,TCL科技,2025-10-29 10:43:30,4.18,22200,4.18,D
sz000100,TCL科技,2025-10-29 10:44:21,4.18,70900,4.18,D
sz000100,TCL科技,2025-10-29 10:44:30,4.18,37500,4.18,D
sz000100,TCL科技,2025-10-29 10:44:39,4.18,105100,4.18,D
sz000100,TCL科技,2025-10-29 10:44:45,4.18,20300,4.18,D
sz000100,TCL科技,2025-10-29 10:44:51,4.18,45200,4.19,D
sz000100,TCL科技,2025-10-29 10:44:57,4.18,39900,4.19,D
sz000100,TCL科技,2025-10-29 10:45:18,4.18,55200,4.18,D
sz000100,TCL科技,2025-10-29 10:45:33,4.18,28300,4.18,D
sz000100,TCL科技,2025-10-29 10:45:36,4.18,20300,4.18,D
sz000100,TCL科技,2025-10-29 10:45:39,4.18,26700,4.18,D
sz000100,TCL科技,2025-10-29 10:45:48,4.18,27100,4.18,D
sz000100,TCL科技,2025-10-29 10:46:06,4.18,31500,4.19,D
sz000100,TCL科技,2025-10-29 10:46:27,4.18,61700,4.19,D
sz000100,TCL科技,2025-10-29 10:46:33,4.18,40200,4.18,D
sz000100,TCL科技,2025-10-29 10:46:39,4.18,28900,4.18,D
sz000100,TCL科技,2025-10-29 10:46:45,4.18,65200,4.19,D
sz000100,TCL科技,2025-10-29 10:47:00,4.19,80100,4.18,U
sz000100,TCL科技,2025-10-29 10:47:36,4.19,37900,4.19,U
sz000100,TCL科技,2025-10-29 10:47:45,4.18,37200,4.19,D
sz000100,TCL科技,2025-10-29 10:48:06,4.18,29600,4.19,D
sz000100,TCL科技,2025-10-29 10:48:33,4.19,20400,4.19,U
sz000100,TCL科技,2025-10-29 10:48:39,4.19,22400,4.19,U
sz000100,TCL科技,2025-10-29 10:48:48,4.19,31200,4.18,U
sz000100,TCL科技,2025-10-29 10:48:57,4.19,56600,4.19,U
sz000100,TCL科技,2025-10-29 10:49:06,4.18,62700,4.18,D
sz000100,TCL科技,2025-10-29 10:49:09,4.19,23200,4.18,U
sz000100,TCL科技,2025-10-29 10:49:15,4.18,20600,4.19,D
sz000100,TCL科技,2025-10-29 10:49:24,4.19,34500,4.19,U
sz000100,TCL科技,2025-10-29 10:49:27,4.18,34800,4.19,D
sz000100,TCL科技,2025-10-29 10:49:39,4.18,34100,4.18,D
sz000100,TCL科技,2025-10-29 10:50:06,4.19,37000,4.19,U
sz000100,TCL科技,2025-10-29 10:50:09,4.18,21100,4.19,D
sz000100,TCL科技,2025-10-29 10:50:27,4.19,353200,4.19,U
sz000100,TCL科技,2025-10-29 10:50:30,4.18,33600,4.19,D
sz000100,TCL科技,2025-10-29 10:50:33,4.18,44600,4.18,D
sz000100,TCL科技,2025-10-29 10:50:36,4.18,129140,4.18,D
sz000100,TCL科技,2025-10-29 10:50:39,4.19,570100,4.18,U
sz000100,TCL科技,2025-10-29 10:50:42,4.2,5634102,4.19,U
sz000100,TCL科技,2025-10-29 10:50:48,4.2,43300,4.19,U
sz000100,TCL科技,2025-10-29 10:50:54,4.19,72600,4.2,D
sz000100,TCL科技,2025-10-29 10:50:57,4.19,31000,4.19,D
sz000100,TCL科技,2025-10-29 10:51:00,4.19,39200,4.19,D
sz000100,TCL科技,2025-10-29 10:51:09,4.2,55500,4.19,U
sz000100,TCL科技,2025-10-29 10:51:30,4.2,26200,4.19,U
sz000100,TCL科技,2025-10-29 10:51:36,4.2,28300,4.2,U
sz000100,TCL科技,2025-10-29 10:51:42,4.2,23100,4.19,U
sz000100,TCL科技,2025-10-29 10:51:57,4.19,45200,4.19,D
sz000100,TCL科技,2025-10-29 10:52:03,4.2,30000,4.2,U
sz000100,TCL科技,2025-10-29 10:52:12,4.2,47100,4.2,U
sz000100,TCL科技,2025-10-29 10:52:18,4.2,31000,4.2,U
sz000100,TCL科技,2025-10-29 10:52:21,4.19,42100,4.2,D
sz000100,TCL科技,2025-10-29 10:52:24,4.2,25500,4.19,U
sz000100,TCL科技,2025-10-29 10:52:27,4.19,79600,4.2,D
sz000100,TCL科技,2025-10-29 10:52:30,4.2,43500,4.19,U
sz000100,TCL科技,2025-10-29 10:52:33,4.19,25400,4.2,D
sz000100,TCL科技,2025-10-29 10:52:36,4.2,22900,4.19,U
sz000100,TCL科技,2025-10-29 10:52:39,4.2,60200,4.2,U
sz000100,TCL科技,2025-10-29 10:52:48,4.2,52200,4.2,U
sz000100,TCL科技,2025-10-29 10:52:51,4.2,44700,4.2,U
sz000100,TCL科技,2025-10-29 10:52:57,4.2,374200,4.2,U
sz000100,TCL科技,2025-10-29 10:53:00,4.19,34600,4.2,D
sz000100,TCL科技,2025-10-29 10:53:15,4.2,508900,4.2,U
sz000100,TCL科技,2025-10-29 10:53:21,4.2,32800,4.2,U
sz000100,TCL科技,2025-10-29 10:53:24,4.19,140500,4.2,D
sz000100,TCL科技,2025-10-29 10:53:27,4.2,112200,4.19,U
sz000100,TCL科技,2025-10-29 10:53:36,4.2,60600,4.2,U
sz000100,TCL科技,2025-10-29 10:53:51,4.2,106100,4.2,U
sz000100,TCL科技,2025-10-29 10:53:54,4.19,73600,4.2,D
sz000100,TCL科技,2025-10-29 10:54:00,4.2,25000,4.19,U
sz000100,TCL科技,2025-10-29 10:54:15,4.2,35800,4.19,U
sz000100,TCL科技,2025-10-29 10:54:18,4.19,825700,4.2,D
sz000100,TCL科技,2025-10-29 10:54:27,4.2,30100,4.2,U
sz000100,TCL科技,2025-10-29 10:54:36,4.19,275600,4.19,D
sz000100,TCL科技,2025-10-29 10:54:48,4.2,33700,4.19,U
sz000100,TCL科技,2025-10-29 10:54:54,4.2,477300,4.2,U
sz000100,TCL科技,2025-10-29 10:55:06,4.2,46200,4.2,U
sz000100,TCL科技,2025-10-29 10:55:21,4.19,31300,4.19,D
sz000100,TCL科技,2025-10-29 10:55:24,4.2,56400,4.19,U
sz000100,TCL科技,2025-10-29 10:55:27,4.19,25600,4.2,D
sz000100,TCL科技,2025-10-29 10:55:30,4.2,23200,4.19,U
sz000100,TCL科技,2025-10-29 10:55:33,4.2,24300,4.2,U
sz000100,TCL科技,2025-10-29 10:55:36,4.2,383100,4.2,U
sz000100,TCL科技,2025-10-29 10:55:39,4.2,24100,4.2,U
sz000100,TCL科技,2025-10-29 10:55:45,4.19,46600,4.2,D
sz000100,TCL科技,2025-10-29 10:55:51,4.2,1139600,4.2,U
sz000100,TCL科技,2025-10-29 10:55:54,4.2,1092100,4.2,U
sz000100,TCL科技,2025-10-29 10:55:57,4.2,3214460,4.2,U
sz000100,TCL科技,2025-10-29 10:56:09,4.2,59300,4.2,D
sz000100,TCL科技,2025-10-29 10:56:21,4.21,21400,4.2,U
sz000100,TCL科技,2025-10-29 10:56:24,4.2,86300,4.21,D
sz000100,TCL科技,2025-10-29 10:56:27,4.2,47700,4.2,D
sz000100,TCL科技,2025-10-29 10:56:30,4.2,48980,4.2,D
sz000100,TCL科技,2025-10-29 10:56:33,4.2,53600,4.2,D
sz000100,TCL科技,2025-10-29 10:56:39,4.21,80800,4.2,U
sz000100,TCL科技,2025-10-29 10:56:45,4.2,47600,4.2,D
sz000100,TCL科技,2025-10-29 10:56:48,4.2,91500,4.2,D
sz000100,TCL科技,2025-10-29 10:56:51,4.2,69100,4.2,D
sz000100,TCL科技,2025-10-29 10:56:54,4.2,490260,4.2,D
sz000100,TCL科技,2025-10-29 10:56:57,4.2,42000,4.2,U
sz000100,TCL科技,2025-10-29 10:57:06,4.2,87500,4.2,U
sz000100,TCL科技,2025-10-29 10:57:09,4.2,78100,4.2,U
sz000100,TCL科技,2025-10-29 10:57:18,4.2,148000,4.2,U
sz000100,TCL科技,2025-10-29 10:57:21,4.2,22400,4.2,D
sz000100,TCL科技,2025-10-29 10:57:27,4.2,61500,4.2,D
sz000100,TCL科技,2025-10-29 10:57:30,4.2,33900,4.2,D
sz000100,TCL科技,2025-10-29 10:57:33,4.21,50420,4.2,U
sz000100,TCL科技,2025-10-29 10:57:39,4.2,50400,4.21,D
sz000100,TCL科技,2025-10-29 10:57:42,4.2,61900,4.2,D
sz000100,TCL科技,2025-10-29 10:57:45,4.2,21900,4.2,D
sz000100,TCL科技,2025-10-29 10:57:48,4.2,24000,4.2,U
sz000100,TCL科技,2025-10-29 10:57:57,4.2,26100,4.21,D
sz000100,TCL科技,2025-10-29 10:58:03,4.21,36600,4.21,U
sz000100,TCL科技,2025-10-29 10:58:06,4.21,21860,4.21,U
sz000100,TCL科技,2025-10-29 10:58:18,4.21,22900,4.21,U
sz000100,TCL科技,2025-10-29 10:58:24,4.21,36400,4.2,U
sz000100,TCL科技,2025-10-29 10:58:30,4.2,48200,4.21,D
sz000100,TCL科技,2025-10-29 10:58:45,4.21,493000,4.21,U
sz000100,TCL科技,2025-10-29 10:58:48,4.21,42300,4.21,U
sz000100,TCL科技,2025-10-29 10:59:12,4.21,49200,4.21,U
sz000100,TCL科技,2025-10-29 10:59:21,4.2,31700,4.2,D
sz000100,TCL科技,2025-10-29 10:59:24,4.2,26000,4.2,D
sz000100,TCL科技,2025-10-29 10:59:33,4.21,21600,4.21,U
sz000100,TCL科技,2025-10-29 10:59:36,4.21,42900,4.21,U
sz000100,TCL科技,2025-10-29 10:59:48,4.2,22300,4.21,D
sz000100,TCL科技,2025-10-29 10:59:54,4.2,21500,4.21,D
sz000100,TCL科技,2025-10-29 11:00:30,4.2,79200,4.2,D
sz000100,TCL科技,2025-10-29 11:00:36,4.21,55100,4.2,U
sz000100,TCL科技,2025-10-29 11:00:54,4.2,28100,4.21,D
sz000100,TCL科技,2025-10-29 11:01:00,4.21,26200,4.2,U
sz000100,TCL科技,2025-10-29 11:01:06,4.2,25200,4.2,D
sz000100,TCL科技,2025-10-29 11:01:09,4.21,20000,4.2,U
sz000100,TCL科技,2025-10-29 11:01:21,4.21,30900,4.21,U
sz000100,TCL科技,2025-10-29 11:01:27,4.21,26700,4.2,U
sz000100,TCL科技,2025-10-29 11:01:42,4.21,43300,4.2,U
sz000100,TCL科技,2025-10-29 11:01:45,4.2,33000,4.21,D
sz000100,TCL科技,2025-10-29 11:01:48,4.2,53800,4.2,D
sz000100,TCL科技,2025-10-29 11:01:51,4.2,29300,4.2,D
sz000100,TCL科技,2025-10-29 11:01:54,4.21,40600,4.2,U
sz000100,TCL科技,2025-10-29 11:01:57,4.2,24400,4.21,D
sz000100,TCL科技,2025-10-29 11:02:00,4.21,22100,4.2,U
sz000100,TCL科技,2025-10-29 11:02:06,4.21,27800,4.2,U
sz000100,TCL科技,2025-10-29 11:02:12,4.21,33700,4.21,U
sz000100,TCL科技,2025-10-29 11:02:21,4.21,49000,4.21,U
sz000100,TCL科技,2025-10-29 11:02:27,4.2,108400,4.21,D
sz000100,TCL科技,2025-10-29 11:02:45,4.2,40500,4.2,D
sz000100,TCL科技,2025-10-29 11:03:21,4.2,354400,4.2,D
sz000100,TCL科技,2025-10-29 11:03:24,4.21,59900,4.2,U
sz000100,TCL科技,2025-10-29 11:03:33,4.2,147400,4.2,D
sz000100,TCL科技,2025-10-29 11:03:36,4.21,68500,4.2,U
sz000100,TCL科技,2025-10-29 11:03:39,4.2,98700,4.21,D
sz000100,TCL科技,2025-10-29 11:03:45,4.2,21300,4.21,D
sz000100,TCL科技,2025-10-29 11:03:51,4.21,58400,4.2,U
sz000100,TCL科技,2025-10-29 11:03:54,4.2,36500,4.21,D
sz000100,TCL科技,2025-10-29 11:04:03,4.2,142000,4.21,D
sz000100,TCL科技,2025-10-29 11:04:12,4.21,161600,4.2,U
sz000100,TCL科技,2025-10-29 11:04:15,4.2,37200,4.21,D
sz000100,TCL科技,2025-10-29 11:04:18,4.21,100600,4.2,U
sz000100,TCL科技,2025-10-29 11:04:21,4.2,122400,4.21,D
sz000100,TCL科技,2025-10-29 11:04:24,4.2,907300,4.2,D
sz000100,TCL科技,2025-10-29 11:04:27,4.2,159590,4.2,D
sz000100,TCL科技,2025-10-29 11:04:30,4.2,26400,4.2,U
sz000100,TCL科技,2025-10-29 11:05:45,4.19,153080,4.2,D
sz000100,TCL科技,2025-10-29 11:06:42,4.19,21500,4.19,D
sz000100,TCL科技,2025-10-29 11:07:21,4.2,27000,4.2,U
sz000100,TCL科技,2025-10-29 11:07:24,4.2,35300,4.2,U
sz000100,TCL科技,2025-10-29 11:08:12,4.2,39700,4.19,U
sz000100,TCL科技,2025-10-29 11:08:18,4.2,44900,4.19,U
sz000100,TCL科技,2025-10-29 11:08:39,4.19,65100,4.19,D
sz000100,TCL科技,2025-10-29 11:09:09,4.2,203000,4.2,U
sz000100,TCL科技,2025-10-29 11:09:12,4.2,119000,4.2,U
sz000100,TCL科技,2025-10-29 11:09:15,4.2,94700,4.2,U
sz000100,TCL科技,2025-10-29 11:09:18,4.2,318300,4.2,U
sz000100,TCL科技,2025-10-29 11:09:21,4.2,162000,4.2,U
sz000100,TCL科技,2025-10-29 11:09:24,4.19,97500,4.2,D
sz000100,TCL科技,2025-10-29 11:09:36,4.2,74800,4.2,U
sz000100,TCL科技,2025-10-29 11:10:00,4.19,26100,4.19,D
sz000100,TCL科技,2025-10-29 11:10:51,4.2,21400,4.2,U
sz000100,TCL科技,2025-10-29 11:10:54,4.19,56100,4.2,D
sz000100,TCL科技,2025-10-29 11:11:15,4.19,20600,4.19,D
sz000100,TCL科技,2025-10-29 11:11:21,4.2,24000,4.2,U
sz000100,TCL科技,2025-10-29 11:11:27,4.2,25200,4.19,U
sz000100,TCL科技,2025-10-29 11:11:30,4.2,28100,4.2,U
sz000100,TCL科技,2025-10-29 11:11:33,4.19,37300,4.2,D
sz000100,TCL科技,2025-10-29 11:11:45,4.19,22100,4.2,D
sz000100,TCL科技,2025-10-29 11:12:33,4.2,34400,4.19,U
sz000100,TCL科技,2025-10-29 11:12:42,4.2,70000,4.19,U
sz000100,TCL科技,2025-10-29 11:12:45,4.19,25500,4.2,D
sz000100,TCL科技,2025-10-29 11:13:09,4.2,102800,4.2,U
sz000100,TCL科技,2025-10-29 11:13:15,4.2,20800,4.2,U
sz000100,TCL科技,2025-10-29 11:13:27,4.2,24400,4.2,U
sz000100,TCL科技,2025-10-29 11:13:39,4.2,60000,4.19,U
sz000100,TCL科技,2025-10-29 11:13:42,4.2,1005000,4.2,U
sz000100,TCL科技,2025-10-29 11:13:45,4.2,23100,4.2,U
sz000100,TCL科技,2025-10-29 11:13:54,4.19,45700,4.19,D
sz000100,TCL科技,2025-10-29 11:14:00,4.19,33000,4.19,D
sz000100,TCL科技,2025-10-29 11:14:45,4.19,505700,4.2,D
sz000100,TCL科技,2025-10-29 11:14:48,4.2,20600,4.19,U
sz000100,TCL科技,2025-10-29 11:15:00,4.19,27100,4.2,D
sz000100,TCL科技,2025-10-29 11:15:06,4.2,23500,4.2,U
sz000100,TCL科技,2025-10-29 11:15:09,4.19,46600,4.2,D
sz000100,TCL科技,2025-10-29 11:15:12,4.19,21800,4.19,D
sz000100,TCL科技,2025-10-29 11:15:21,4.19,20300,4.19,D
sz000100,TCL科技,2025-10-29 11:15:39,4.19,46900,4.2,D
sz000100,TCL科技,2025-10-29 11:15:54,4.19,35100,4.2,D
sz000100,TCL科技,2025-10-29 11:15:57,4.2,26300,4.19,U
sz000100,TCL科技,2025-10-29 11:16:18,4.2,38700,4.19,U
sz000100,TCL科技,2025-10-29 11:16:21,4.2,127600,4.2,U
sz000100,TCL科技,2025-10-29 11:16:39,4.19,74600,4.2,D
sz000100,TCL科技,2025-10-29 11:17:00,4.19,22100,4.2,D
sz000100,TCL科技,2025-10-29 11:18:24,4.2,88400,4.2,U
sz000100,TCL科技,2025-10-29 11:18:39,4.19,120800,4.2,D
sz000100,TCL科技,2025-10-29 11:18:45,4.19,20400,4.2,D
sz000100,TCL科技,2025-10-29 11:18:57,4.2,309800,4.2,U
sz000100,TCL科技,2025-10-29 11:19:00,4.19,54700,4.2,D
sz000100,TCL科技,2025-10-29 11:19:21,4.2,55500,4.2,U
sz000100,TCL科技,2025-10-29 11:19:39,4.2,49000,4.2,U
sz000100,TCL科技,2025-10-29 11:19:42,4.19,44600,4.2,D
sz000100,TCL科技,2025-10-29 11:20:27,4.19,62500,4.2,D
sz000100,TCL科技,2025-10-29 11:20:39,4.19,218000,4.2,D
sz000100,TCL科技,2025-10-29 11:20:57,4.19,20510,4.19,D
sz000100,TCL科技,2025-10-29 11:21:18,4.19,54200,4.19,D
sz000100,TCL科技,2025-10-29 11:21:24,4.19,37200,4.2,D
sz000100,TCL科技,2025-10-29 11:21:27,4.2,69400,4.19,U
sz000100,TCL科技,2025-10-29 11:21:36,4.2,34500,4.19,U
sz000100,TCL科技,2025-10-29 11:23:09,4.2,26600,4.19,U
sz000100,TCL科技,2025-10-29 11:23:21,4.2,25500,4.2,U
sz000100,TCL科技,2025-10-29 11:23:24,4.2,50000,4.2,U
sz000100,TCL科技,2025-10-29 11:24:06,4.19,37000,4.2,D
sz000100,TCL科技,2025-10-29 11:24:24,4.2,23900,4.2,U
sz000100,TCL科技,2025-10-29 11:24:27,4.2,42900,4.2,U
sz000100,TCL科技,2025-10-29 11:25:00,4.19,31900,4.2,D
sz000100,TCL科技,2025-10-29 11:25:09,4.19,44000,4.19,D
sz000100,TCL科技,2025-10-29 11:25:12,4.2,230000,4.19,U
sz000100,TCL科技,2025-10-29 11:25:15,4.2,78600,4.2,U
sz000100,TCL科技,2025-10-29 11:25:39,4.2,125400,4.2,U
sz000100,TCL科技,2025-10-29 11:26:03,4.2,30000,4.2,U
sz000100,TCL科技,2025-10-29 11:26:18,4.2,23900,4.19,U
sz000100,TCL科技,2025-10-29 11:26:21,4.2,27100,4.2,U
sz000100,TCL科技,2025-10-29 11:27:03,4.2,72400,4.2,U
sz000100,TCL科技,2025-10-29 11:27:45,4.19,106500,4.19,D
sz000100,TCL科技,2025-10-29 11:28:03,4.2,21300,4.19,U
sz000100,TCL科技,2025-10-29 11:28:21,4.2,32200,4.2,U
sz000100,TCL科技,2025-10-29 11:28:48,4.2,69400,4.2,U
sz000100,TCL科技,2025-10-29 11:29:03,4.2,24800,4.2,U
sz000100,TCL科技,2025-10-29 11:29:21,4.19,25900,4.19,D
sz000100,TCL科技,2025-10-29 11:29:24,4.2,44000,4.19,U
sz000100,TCL科技,2025-10-29 11:29:54,4.19,105300,4.19,D
sz000100,TCL科技,2025-10-29 13:00:00,4.19,132910,4.2,D
sz000100,TCL科技,2025-10-29 13:00:03,4.2,463760,4.19,U
sz000100,TCL科技,2025-10-29 13:00:06,4.2,41700,4.2,U
sz000100,TCL科技,2025-10-29 13:00:42,4.19,27400,4.2,D
sz000100,TCL科技,2025-10-29 13:01:09,4.2,41400,4.19,U
sz000100,TCL科技,2025-10-29 13:01:15,4.19,76400,4.19,D
sz000100,TCL科技,2025-10-29 13:01:18,4.19,88400,4.19,D
sz000100,TCL科技,2025-10-29 13:01:21,4.19,75600,4.19,D
sz000100,TCL科技,2025-10-29 13:01:24,4.2,31600,4.19,U
sz000100,TCL科技,2025-10-29 13:01:27,4.2,65100,4.2,U
sz000100,TCL科技,2025-10-29 13:01:30,4.2,20700,4.2,U
sz000100,TCL科技,2025-10-29 13:01:36,4.2,131200,4.2,U
sz000100,TCL科技,2025-10-29 13:01:51,4.19,22200,4.2,D
sz000100,TCL科技,2025-10-29 13:01:54,4.2,200300,4.19,U
sz000100,TCL科技,2025-10-29 13:02:00,4.2,30200,4.2,U
sz000100,TCL科技,2025-10-29 13:02:03,4.2,55300,4.2,U
sz000100,TCL科技,2025-10-29 13:02:21,4.2,24100,4.19,U
sz000100,TCL科技,2025-10-29 13:02:33,4.19,23100,4.2,D
sz000100,TCL科技,2025-10-29 13:02:57,4.19,44600,4.19,D
sz000100,TCL科技,2025-10-29 13:03:03,4.19,25700,4.19,D
sz000100,TCL科技,2025-10-29 13:03:36,4.2,28900,4.2,U
sz000100,TCL科技,2025-10-29 13:03:57,4.19,33310,4.19,D
sz000100,TCL科技,2025-10-29 13:04:00,4.2,26000,4.19,U
sz000100,TCL科技,2025-10-29 13:04:06,4.19,50200,4.19,D
sz000100,TCL科技,2025-10-29 13:04:12,4.2,27800,4.19,U
sz000100,TCL科技,2025-10-29 13:04:21,4.19,28300,4.2,D
sz000100,TCL科技,2025-10-29 13:04:24,4.19,45600,4.19,D
sz000100,TCL科技,2025-10-29 13:04:36,4.19,38800,4.2,D
sz000100,TCL科技,2025-10-29 13:04:57,4.2,23200,4.2,U
sz000100,TCL科技,2025-10-29 13:05:00,4.19,23900,4.2,D
sz000100,TCL科技,2025-10-29 13:05:09,4.19,72800,4.19,D
sz000100,TCL科技,2025-10-29 13:05:12,4.19,41200,4.19,D
sz000100,TCL科技,2025-10-29 13:05:15,4.19,53840,4.19,D
sz000100,TCL科技,2025-10-29 13:05:21,4.19,30300,4.19,D
sz000100,TCL科技,2025-10-29 13:05:27,4.19,32510,4.19,D
sz000100,TCL科技,2025-10-29 13:05:51,4.2,51600,4.2,U
sz000100,TCL科技,2025-10-29 13:06:09,4.2,30100,4.19,U
sz000100,TCL科技,2025-10-29 13:06:21,4.2,23800,4.2,U
sz000100,TCL科技,2025-10-29 13:06:24,4.19,34500,4.2,D
sz000100,TCL科技,2025-10-29 13:06:30,4.19,25700,4.2,D
sz000100,TCL科技,2025-10-29 13:06:36,4.2,32400,4.19,U
sz000100,TCL科技,2025-10-29 13:06:39,4.19,40200,4.2,D
sz000100,TCL科技,2025-10-29 13:07:18,4.2,32500,4.2,U
sz000100,TCL科技,2025-10-29 13:07:21,4.19,48900,4.2,D
sz000100,TCL科技,2025-10-29 13:07:33,4.2,37600,4.2,U
sz000100,TCL科技,2025-10-29 13:08:03,4.19,24100,4.2,D
sz000100,TCL科技,2025-10-29 13:08:09,4.2,73320,4.19,U
sz000100,TCL科技,2025-10-29 13:08:24,4.2,20000,4.2,U
sz000100,TCL科技,2025-10-29 13:08:42,4.2,78700,4.2,U
sz000100,TCL科技,2025-10-29 13:09:00,4.19,24200,4.19,D
sz000100,TCL科技,2025-10-29 13:09:06,4.2,44500,4.2,U
sz000100,TCL科技,2025-10-29 13:09:09,4.2,27400,4.2,U
sz000100,TCL科技,2025-10-29 13:09:15,4.2,307500,4.2,U
sz000100,TCL科技,2025-10-29 13:09:48,4.2,64600,4.19,U
sz000100,TCL科技,2025-10-29 13:09:57,4.19,22300,4.2,D
sz000100,TCL科技,2025-10-29 13:10:00,4.2,21200,4.19,U
sz000100,TCL科技,2025-10-29 13:10:06,4.2,72100,4.19,U
sz000100,TCL科技,2025-10-29 13:10:45,4.2,27100,4.19,U
sz000100,TCL科技,2025-10-29 13:11:00,4.2,62100,4.2,U
sz000100,TCL科技,2025-10-29 13:11:03,4.2,128300,4.2,U
sz000100,TCL科技,2025-10-29 13:11:09,4.2,27600,4.2,U
sz000100,TCL科技,2025-10-29 13:11:15,4.19,22300,4.19,D
sz000100,TCL科技,2025-10-29 13:11:45,4.2,626600,4.2,U
sz000100,TCL科技,2025-10-29 13:12:00,4.19,34500,4.2,D
sz000100,TCL科技,2025-10-29 13:12:03,4.19,35200,4.19,D
sz000100,TCL科技,2025-10-29 13:12:09,4.2,61800,4.2,U
sz000100,TCL科技,2025-10-29 13:12:15,4.2,25400,4.2,U
sz000100,TCL科技,2025-10-29 13:12:18,4.2,34000,4.2,U
sz000100,TCL科技,2025-10-29 13:12:33,4.2,84400,4.2,U
sz000100,TCL科技,2025-10-29 13:12:39,4.2,108100,4.19,U
sz000100,TCL科技,2025-10-29 13:12:48,4.19,33700,4.2,D
sz000100,TCL科技,2025-10-29 13:12:54,4.2,503800,4.19,U
sz000100,TCL科技,2025-10-29 13:13:09,4.19,60800,4.19,D
sz000100,TCL科技,2025-10-29 13:13:12,4.19,40600,4.19,D
sz000100,TCL科技,2025-10-29 13:13:15,4.19,104600,4.19,D
sz000100,TCL科技,2025-10-29 13:13:21,4.19,40000,4.19,D
sz000100,TCL科技,2025-10-29 13:13:33,4.19,61700,4.2,D
sz000100,TCL科技,2025-10-29 13:13:36,4.2,23000,4.19,U
sz000100,TCL科技,2025-10-29 13:13:57,4.2,254400,4.2,U
sz000100,TCL科技,2025-10-29 13:14:03,4.2,85200,4.2,U
sz000100,TCL科技,2025-10-29 13:14:06,4.2,62400,4.2,U
sz000100,TCL科技,2025-10-29 13:14:09,4.21,5696536,4.2,U
sz000100,TCL科技,2025-10-29 13:14:12,4.21,69000,4.21,U
sz000100,TCL科技,2025-10-29 13:14:15,4.2,31700,4.21,D
sz000100,TCL科技,2025-10-29 13:14:21,4.21,54100,4.21,U
sz000100,TCL科技,2025-10-29 13:14:48,4.2,30400,4.2,D
sz000100,TCL科技,2025-10-29 13:14:51,4.21,20900,4.2,U
sz000100,TCL科技,2025-10-29 13:14:57,4.2,34000,4.21,D
sz000100,TCL科技,2025-10-29 13:15:00,4.2,33300,4.2,D
sz000100,TCL科技,2025-10-29 13:15:09,4.21,186760,4.2,U
sz000100,TCL科技,2025-10-29 13:15:12,4.21,43200,4.21,U
sz000100,TCL科技,2025-10-29 13:15:15,4.21,28700,4.21,U
sz000100,TCL科技,2025-10-29 13:15:27,4.2,113800,4.21,D
sz000100,TCL科技,2025-10-29 13:15:30,4.2,114100,4.2,D
sz000100,TCL科技,2025-10-29 13:15:45,4.21,123700,4.2,U
sz000100,TCL科技,2025-10-29 13:16:12,4.21,43200,4.2,U
sz000100,TCL科技,2025-10-29 13:16:21,4.21,45800,4.21,U
sz000100,TCL科技,2025-10-29 13:16:24,4.21,22600,4.21,U
sz000100,TCL科技,2025-10-29 13:16:27,4.21,36800,4.21,U
sz000100,TCL科技,2025-10-29 13:16:30,4.2,65700,4.21,D
sz000100,TCL科技,2025-10-29 13:16:33,4.21,49600,4.2,U
sz000100,TCL科技,2025-10-29 13:16:39,4.2,32600,4.21,D
sz000100,TCL科技,2025-10-29 13:16:45,4.21,30700,4.2,U
sz000100,TCL科技,2025-10-29 13:16:57,4.2,23200,4.21,D
sz000100,TCL科技,2025-10-29 13:17:00,4.21,32100,4.2,U
sz000100,TCL科技,2025-10-29 13:17:06,4.2,49300,4.2,D
sz000100,TCL科技,2025-10-29 13:17:09,4.21,186200,4.2,U
sz000100,TCL科技,2025-10-29 13:17:12,4.21,35700,4.21,U
sz000100,TCL科技,2025-10-29 13:17:18,4.2,38900,4.2,D
sz000100,TCL科技,2025-10-29 13:17:21,4.21,58000,4.2,U
sz000100,TCL科技,2025-10-29 13:17:24,4.21,72800,4.21,U
sz000100,TCL科技,2025-10-29 13:17:27,4.21,51500,4.21,U
sz000100,TCL科技,2025-10-29 13:17:30,4.21,55600,4.21,U
sz000100,TCL科技,2025-10-29 13:17:39,4.2,20400,4.2,D
sz000100,TCL科技,2025-10-29 13:17:45,4.2,43400,4.2,D
sz000100,TCL科技,2025-10-29 13:17:48,4.2,255500,4.2,D
sz000100,TCL科技,2025-10-29 13:17:54,4.2,101100,4.2,D
sz000100,TCL科技,2025-10-29 13:17:57,4.21,156500,4.2,U
sz000100,TCL科技,2025-10-29 13:18:00,4.21,75000,4.21,U
sz000100,TCL科技,2025-10-29 13:18:09,4.21,130100,4.2,U
sz000100,TCL科技,2025-10-29 13:18:12,4.21,79900,4.21,U
sz000100,TCL科技,2025-10-29 13:18:15,4.21,40900,4.21,U
sz000100,TCL科技,2025-10-29 13:18:54,4.21,118500,4.21,U
sz000100,TCL科技,2025-10-29 13:19:09,4.2,148200,4.2,D
sz000100,TCL科技,2025-10-29 13:19:15,4.2,42000,4.2,D
sz000100,TCL科技,2025-10-29 13:19:24,4.2,64400,4.2,D
sz000100,TCL科技,2025-10-29 13:19:27,4.2,34000,4.2,D
sz000100,TCL科技,2025-10-29 13:19:33,4.21,51400,4.2,U
sz000100,TCL科技,2025-10-29 13:19:39,4.21,130000,4.21,U
sz000100,TCL科技,2025-10-29 13:20:09,4.2,182500,4.2,D
sz000100,TCL科技,2025-10-29 13:20:12,4.2,32700,4.2,D
sz000100,TCL科技,2025-10-29 13:20:15,4.2,118250,4.2,D
sz000100,TCL科技,2025-10-29 13:20:36,4.21,53100,4.21,U
sz000100,TCL科技,2025-10-29 13:20:42,4.2,28200,4.21,D
sz000100,TCL科技,2025-10-29 13:20:45,4.2,24100,4.2,D
sz000100,TCL科技,2025-10-29 13:20:51,4.2,31100,4.21,D
sz000100,TCL科技,2025-10-29 13:21:03,4.21,25400,4.21,U
sz000100,TCL科技,2025-10-29 13:21:06,4.21,48700,4.21,U
sz000100,TCL科技,2025-10-29 13:21:09,4.21,56000,4.21,U
sz000100,TCL科技,2025-10-29 13:21:12,4.21,137000,4.21,U
sz000100,TCL科技,2025-10-29 13:21:15,4.21,80600,4.21,U
sz000100,TCL科技,2025-10-29 13:21:21,4.21,44400,4.2,U
sz000100,TCL科技,2025-10-29 13:21:30,4.21,22700,4.21,U
sz000100,TCL科技,2025-10-29 13:21:33,4.21,31300,4.21,U
sz000100,TCL科技,2025-10-29 13:21:42,4.21,40000,4.21,U
sz000100,TCL科技,2025-10-29 13:21:51,4.21,49100,4.2,U
sz000100,TCL科技,2025-10-29 13:21:54,4.21,21900,4.21,U
sz000100,TCL科技,2025-10-29 13:21:57,4.21,24600,4.21,U
sz000100,TCL科技,2025-10-29 13:22:03,4.21,51200,4.2,U
sz000100,TCL科技,2025-10-29 13:22:09,4.2,46200,4.21,D
sz000100,TCL科技,2025-10-29 13:22:12,4.2,46000,4.2,D
sz000100,TCL科技,2025-10-29 13:22:18,4.21,43000,4.21,U
sz000100,TCL科技,2025-10-29 13:22:21,4.21,57500,4.21,U
sz000100,TCL科技,2025-10-29 13:22:30,4.21,32600,4.21,U
sz000100,TCL科技,2025-10-29 13:22:36,4.21,33600,4.2,U
sz000100,TCL科技,2025-10-29 13:23:03,4.21,127100,4.21,U
sz000100,TCL科技,2025-10-29 13:23:21,4.21,30600,4.21,U
sz000100,TCL科技,2025-10-29 13:23:36,4.21,20500,4.21,U
sz000100,TCL科技,2025-10-29 13:23:48,4.21,69900,4.2,U
sz000100,TCL科技,2025-10-29 13:23:51,4.2,24100,4.21,D
sz000100,TCL科技,2025-10-29 13:23:54,4.21,116000,4.2,U
sz000100,TCL科技,2025-10-29 13:24:03,4.21,165200,4.21,U
sz000100,TCL科技,2025-10-29 13:24:06,4.21,40500,4.21,U
sz000100,TCL科技,2025-10-29 13:24:09,4.2,22200,4.21,D
sz000100,TCL科技,2025-10-29 13:24:12,4.21,95100,4.2,U
sz000100,TCL科技,2025-10-29 13:24:39,4.2,20700,4.21,D
sz000100,TCL科技,2025-10-29 13:24:45,4.2,73300,4.21,D
sz000100,TCL科技,2025-10-29 13:25:03,4.2,34200,4.21,D
sz000100,TCL科技,2025-10-29 13:25:06,4.2,44400,4.2,D
sz000100,TCL科技,2025-10-29 13:25:21,4.21,81800,4.21,U
sz000100,TCL科技,2025-10-29 13:25:24,4.21,37700,4.21,U
sz000100,TCL科技,2025-10-29 13:25:27,4.2,34100,4.21,D
sz000100,TCL科技,2025-10-29 13:25:33,4.21,69800,4.21,U
sz000100,TCL科技,2025-10-29 13:25:36,4.2,36600,4.21,D
sz000100,TCL科技,2025-10-29 13:25:42,4.21,34800,4.21,U
sz000100,TCL科技,2025-10-29 13:25:45,4.2,51900,4.21,D
sz000100,TCL科技,2025-10-29 13:25:54,4.21,76300,4.21,U
sz000100,TCL科技,2025-10-29 13:25:57,4.21,28300,4.21,U
sz000100,TCL科技,2025-10-29 13:26:00,4.21,31400,4.21,U
sz000100,TCL科技,2025-10-29 13:26:12,4.21,206900,4.21,U
sz000100,TCL科技,2025-10-29 13:26:18,4.21,61410,4.2,U
sz000100,TCL科技,2025-10-29 13:26:21,4.2,87600,4.21,D
sz000100,TCL科技,2025-10-29 13:26:24,4.2,33500,4.2,D
sz000100,TCL科技,2025-10-29 13:26:27,4.2,33900,4.2,D
sz000100,TCL科技,2025-10-29 13:26:30,4.21,73000,4.2,U
sz000100,TCL科技,2025-10-29 13:26:33,4.21,45300,4.21,U
sz000100,TCL科技,2025-10-29 13:26:39,4.21,51000,4.2,U
sz000100,TCL科技,2025-10-29 13:26:48,4.2,75400,4.2,D
sz000100,TCL科技,2025-10-29 13:26:54,4.21,45600,4.21,U
sz000100,TCL科技,2025-10-29 13:26:57,4.2,40900,4.21,D
sz000100,TCL科技,2025-10-29 13:27:03,4.21,52400,4.2,U
sz000100,TCL科技,2025-10-29 13:27:06,4.21,157040,4.21,U
sz000100,TCL科技,2025-10-29 13:27:12,4.21,36200,4.21,U
sz000100,TCL科技,2025-10-29 13:27:15,4.21,40500,4.21,U
sz000100,TCL科技,2025-10-29 13:27:18,4.21,40000,4.21,U
sz000100,TCL科技,2025-10-29 13:27:21,4.2,35100,4.21,D
sz000100,TCL科技,2025-10-29 13:27:24,4.21,249800,4.2,U
sz000100,TCL科技,2025-10-29 13:27:33,4.21,30200,4.21,U
sz000100,TCL科技,2025-10-29 13:27:36,4.21,37400,4.21,U
sz000100,TCL科技,2025-10-29 13:27:39,4.2,82500,4.21,D
sz000100,TCL科技,2025-10-29 13:27:48,4.21,241100,4.2,U
sz000100,TCL科技,2025-10-29 13:27:51,4.2,2032300,4.21,D
sz000100,TCL科技,2025-10-29 13:27:57,4.2,38400,4.21,D
sz000100,TCL科技,2025-10-29 13:28:00,4.21,42100,4.2,U
sz000100,TCL科技,2025-10-29 13:28:03,4.2,95300,4.21,D
sz000100,TCL科技,2025-10-29 13:28:15,4.21,63900,4.2,U
sz000100,TCL科技,2025-10-29 13:28:18,4.21,53500,4.21,U
sz000100,TCL科技,2025-10-29 13:28:27,4.21,29700,4.21,U
sz000100,TCL科技,2025-10-29 13:28:33,4.2,46400,4.21,D
sz000100,TCL科技,2025-10-29 13:28:39,4.2,41000,4.21,D
sz000100,TCL科技,2025-10-29 13:28:42,4.21,53200,4.2,U
sz000100,TCL科技,2025-10-29 13:28:48,4.21,33000,4.2,U
sz000100,TCL科技,2025-10-29 13:28:54,4.2,35400,4.21,D
sz000100,TCL科技,2025-10-29 13:29:03,4.21,47000,4.2,U
sz000100,TCL科技,2025-10-29 13:29:06,4.2,33500,4.21,D
sz000100,TCL科技,2025-10-29 13:29:09,4.21,73300,4.2,U
sz000100,TCL科技,2025-10-29 13:29:15,4.2,37000,4.21,D
sz000100,TCL科技,2025-10-29 13:29:18,4.21,61900,4.2,U
sz000100,TCL科技,2025-10-29 13:29:24,4.2,33000,4.2,D
sz000100,TCL科技,2025-10-29 13:29:30,4.2,56300,4.2,D
sz000100,TCL科技,2025-10-29 13:29:33,4.21,45300,4.2,U
sz000100,TCL科技,2025-10-29 13:29:36,4.21,49100,4.21,U
sz000100,TCL科技,2025-10-29 13:29:45,4.21,56400,4.2,U
sz000100,TCL科技,2025-10-29 13:29:51,4.2,22500,4.21,D
sz000100,TCL科技,2025-10-29 13:29:57,4.22,13311320,4.2,U
sz000100,TCL科技,2025-10-29 13:30:00,4.22,1992200,4.22,U
sz000100,TCL科技,2025-10-29 13:30:03,4.22,305700,4.22,U
sz000100,TCL科技,2025-10-29 13:30:06,4.22,334000,4.22,U
sz000100,TCL科技,2025-10-29 13:30:09,4.22,134200,4.22,U
sz000100,TCL科技,2025-10-29 13:30:18,4.21,35300,4.22,D
sz000100,TCL科技,2025-10-29 13:30:21,4.22,63800,4.21,U
sz000100,TCL科技,2025-10-29 13:30:24,4.22,468600,4.22,U
sz000100,TCL科技,2025-10-29 13:30:27,4.22,21700,4.22,U
sz000100,TCL科技,2025-10-29 13:30:30,4.21,49100,4.22,D
sz000100,TCL科技,2025-10-29 13:30:33,4.21,29000,4.21,D
sz000100,TCL科技,2025-10-29 13:30:39,4.21,50600,4.22,D
sz000100,TCL科技,2025-10-29 13:30:42,4.21,24800,4.21,D
sz000100,TCL科技,2025-10-29 13:30:51,4.22,23600,4.22,U
sz000100,TCL科技,2025-10-29 13:31:06,4.21,46700,4.21,D
sz000100,TCL科技,2025-10-29 13:31:09,4.21,133000,4.21,D
sz000100,TCL科技,2025-10-29 13:31:12,4.21,38800,4.21,D
sz000100,TCL科技,2025-10-29 13:31:15,4.21,26700,4.21,D
sz000100,TCL科技,2025-10-29 13:31:18,4.21,89100,4.21,D
sz000100,TCL科技,2025-10-29 13:31:36,4.21,41000,4.21,D
sz000100,TCL科技,2025-10-29 13:31:39,4.22,141700,4.21,U
sz000100,TCL科技,2025-10-29 13:31:42,4.21,30000,4.22,D
sz000100,TCL科技,2025-10-29 13:31:51,4.22,66400,4.22,U
sz000100,TCL科技,2025-10-29 13:31:54,4.21,164300,4.22,D
sz000100,TCL科技,2025-10-29 13:32:03,4.22,86400,4.21,U
sz000100,TCL科技,2025-10-29 13:32:09,4.22,9799538,4.22,U
sz000100,TCL科技,2025-10-29 13:32:12,4.23,175800,4.22,U
sz000100,TCL科技,2025-10-29 13:32:15,4.23,180900,4.23,U
sz000100,TCL科技,2025-10-29 13:32:18,4.23,28400,4.23,U
sz000100,TCL科技,2025-10-29 13:32:21,4.23,33100,4.23,U
sz000100,TCL科技,2025-10-29 13:32:27,4.22,33100,4.22,D
sz000100,TCL科技,2025-10-29 13:32:30,4.22,266700,4.22,D
sz000100,TCL科技,2025-10-29 13:32:33,4.23,40800,4.22,U
sz000100,TCL科技,2025-10-29 13:32:39,4.23,90900,4.22,U
sz000100,TCL科技,2025-10-29 13:32:42,4.23,81200,4.23,U
sz000100,TCL科技,2025-10-29 13:32:45,4.22,36100,4.23,D
sz000100,TCL科技,2025-10-29 13:32:48,4.23,34600,4.22,U
sz000100,TCL科技,2025-10-29 13:32:51,4.23,84400,4.23,U
sz000100,TCL科技,2025-10-29 13:32:57,4.23,92500,4.23,U
sz000100,TCL科技,2025-10-29 13:33:00,4.23,91500,4.23,U
sz000100,TCL科技,2025-10-29 13:33:03,4.23,29300,4.23,U
sz000100,TCL科技,2025-10-29 13:33:06,4.23,116000,4.23,U
sz000100,TCL科技,2025-10-29 13:33:09,4.23,95500,4.23,U
sz000100,TCL科技,2025-10-29 13:33:12,4.23,1081900,4.23,U
sz000100,TCL科技,2025-10-29 13:33:15,4.23,1052900,4.23,U
sz000100,TCL科技,2025-10-29 13:33:18,4.23,786300,4.23,U
sz000100,TCL科技,2025-10-29 13:33:21,4.23,180800,4.23,U
sz000100,TCL科技,2025-10-29 13:33:24,4.23,298500,4.23,U
sz000100,TCL科技,2025-10-29 13:33:27,4.23,179500,4.23,U
sz000100,TCL科技,2025-10-29 13:33:30,4.23,332700,4.23,U
sz000100,TCL科技,2025-10-29 13:33:33,4.23,159600,4.23,U
sz000100,TCL科技,2025-10-29 13:33:36,4.23,531400,4.23,U
sz000100,TCL科技,2025-10-29 13:33:39,4.23,1206600,4.23,U
sz000100,TCL科技,2025-10-29 13:33:42,4.23,1536080,4.23,U
sz000100,TCL科技,2025-10-29 13:33:45,4.23,47300,4.23,D
sz000100,TCL科技,2025-10-29 13:33:48,4.23,46200,4.23,D
sz000100,TCL科技,2025-10-29 13:33:51,4.23,76700,4.23,D
sz000100,TCL科技,2025-10-29 13:33:54,4.24,147600,4.23,U
sz000100,TCL科技,2025-10-29 13:33:57,4.24,175000,4.24,U
sz000100,TCL科技,2025-10-29 13:34:00,4.24,53100,4.24,U
sz000100,TCL科技,2025-10-29 13:34:03,4.24,95400,4.24,U
sz000100,TCL科技,2025-10-29 13:34:06,4.24,166000,4.24,U
sz000100,TCL科技,2025-10-29 13:34:09,4.24,69200,4.24,U
sz000100,TCL科技,2025-10-29 13:34:12,4.23,1051500,4.24,D
sz000100,TCL科技,2025-10-29 13:34:15,4.23,65700,4.23,D
sz000100,TCL科技,2025-10-29 13:34:18,4.24,55400,4.23,U
sz000100,TCL科技,2025-10-29 13:34:21,4.24,21500,4.24,U
sz000100,TCL科技,2025-10-29 13:34:24,4.24,144500,4.24,U
sz000100,TCL科技,2025-10-29 13:34:27,4.24,485500,4.24,U
sz000100,TCL科技,2025-10-29 13:34:30,4.23,69600,4.24,D
sz000100,TCL科技,2025-10-29 13:34:33,4.24,186200,4.23,U
sz000100,TCL科技,2025-10-29 13:34:36,4.24,1769200,4.24,U
sz000100,TCL科技,2025-10-29 13:34:39,4.24,96900,4.24,U
sz000100,TCL科技,2025-10-29 13:34:42,4.24,73800,4.24,U
sz000100,TCL科技,2025-10-29 13:34:45,4.23,153500,4.24,D
sz000100,TCL科技,2025-10-29 13:34:48,4.23,186700,4.23,D
sz000100,TCL科技,2025-10-29 13:34:51,4.23,137100,4.23,D
sz000100,TCL科技,2025-10-29 13:34:54,4.23,1707920,4.23,D
sz000100,TCL科技,2025-10-29 13:34:57,4.23,138000,4.23,U
sz000100,TCL科技,2025-10-29 13:35:00,4.23,182900,4.23,U
sz000100,TCL科技,2025-10-29 13:35:03,4.23,943500,4.23,U
sz000100,TCL科技,2025-10-29 13:35:06,4.23,514200,4.23,U
sz000100,TCL科技,2025-10-29 13:35:09,4.23,160300,4.23,D
sz000100,TCL科技,2025-10-29 13:35:12,4.24,289800,4.23,U
sz000100,TCL科技,2025-10-29 13:35:15,4.24,22000,4.24,U
sz000100,TCL科技,2025-10-29 13:35:18,4.23,34710,4.24,D
sz000100,TCL科技,2025-10-29 13:35:21,4.23,95900,4.23,D
sz000100,TCL科技,2025-10-29 13:35:24,4.24,25300,4.23,U
sz000100,TCL科技,2025-10-29 13:35:27,4.23,187000,4.24,D
sz000100,TCL科技,2025-10-29 13:35:30,4.24,46000,4.23,U
sz000100,TCL科技,2025-10-29 13:35:33,4.23,86900,4.24,D
sz000100,TCL科技,2025-10-29 13:35:36,4.23,43300,4.23,D
sz000100,TCL科技,2025-10-29 13:35:42,4.23,75800,4.23,D
sz000100,TCL科技,2025-10-29 13:35:45,4.23,346000,4.23,D
sz000100,TCL科技,2025-10-29 13:35:48,4.23,177600,4.23,D
sz000100,TCL科技,2025-10-29 13:35:51,4.23,891990,4.23,D
sz000100,TCL科技,2025-10-29 13:35:54,4.23,42300,4.23,U
sz000100,TCL科技,2025-10-29 13:35:57,4.23,176400,4.23,U
sz000100,TCL科技,2025-10-29 13:36:00,4.23,121000,4.23,U
sz000100,TCL科技,2025-10-29 13:36:03,4.23,189300,4.23,U
sz000100,TCL科技,2025-10-29 13:36:12,4.23,22700,4.22,U
sz000100,TCL科技,2025-10-29 13:36:15,4.23,34900,4.23,U
sz000100,TCL科技,2025-10-29 13:36:30,4.23,58000,4.22,U
sz000100,TCL科技,2025-10-29 13:36:33,4.23,34100,4.23,U
sz000100,TCL科技,2025-10-29 13:36:36,4.23,26200,4.23,U
sz000100,TCL科技,2025-10-29 13:36:45,4.23,72600,4.23,U
sz000100,TCL科技,2025-10-29 13:36:48,4.23,53300,4.23,U
sz000100,TCL科技,2025-10-29 13:36:57,4.23,168800,4.23,U
sz000100,TCL科技,2025-10-29 13:37:00,4.23,22800,4.23,U
sz000100,TCL科技,2025-10-29 13:37:06,4.22,100700,4.23,D
sz000100,TCL科技,2025-10-29 13:37:09,4.23,1167900,4.22,U
sz000100,TCL科技,2025-10-29 13:37:12,4.22,30200,4.23,D
sz000100,TCL科技,2025-10-29 13:37:21,4.23,90100,4.23,U
sz000100,TCL科技,2025-10-29 13:37:24,4.23,251700,4.23,U
sz000100,TCL科技,2025-10-29 13:37:27,4.23,66700,4.23,U
sz000100,TCL科技,2025-10-29 13:37:30,4.23,52600,4.23,U
sz000100,TCL科技,2025-10-29 13:37:33,4.23,35800,4.23,U
sz000100,TCL科技,2025-10-29 13:37:36,4.23,72800,4.23,U
sz000100,TCL科技,2025-10-29 13:37:39,4.23,36000,4.23,U
sz000100,TCL科技,2025-10-29 13:37:45,4.23,280800,4.23,U
sz000100,TCL科技,2025-10-29 13:37:54,4.23,510200,4.22,U
sz000100,TCL科技,2025-10-29 13:38:00,4.23,1026600,4.23,U
sz000100,TCL科技,2025-10-29 13:38:03,4.23,75400,4.23,U
sz000100,TCL科技,2025-10-29 13:38:09,4.23,129500,4.23,U
sz000100,TCL科技,2025-10-29 13:38:12,4.23,115600,4.23,U
sz000100,TCL科技,2025-10-29 13:38:15,4.23,48100,4.23,U
sz000100,TCL科技,2025-10-29 13:38:18,4.23,96000,4.23,U
sz000100,TCL科技,2025-10-29 13:38:21,4.23,58200,4.23,U
sz000100,TCL科技,2025-10-29 13:38:24,4.23,92200,4.23,U
sz000100,TCL科技,2025-10-29 13:38:27,4.23,34300,4.23,U
sz000100,TCL科技,2025-10-29 13:38:30,4.23,33900,4.23,U
sz000100,TCL科技,2025-10-29 13:38:33,4.23,22500,4.23,U
sz000100,TCL科技,2025-10-29 13:38:36,4.23,127800,4.23,U
sz000100,TCL科技,2025-10-29 13:38:39,4.23,44500,4.23,U
sz000100,TCL科技,2025-10-29 13:38:42,4.23,61800,4.23,U
sz000100,TCL科技,2025-10-29 13:38:45,4.22,32800,4.23,D
sz000100,TCL科技,2025-10-29 13:38:51,4.22,29800,4.23,D
sz000100,TCL科技,2025-10-29 13:38:54,4.22,32100,4.22,D
sz000100,TCL科技,2025-10-29 13:38:57,4.23,26100,4.22,U
sz000100,TCL科技,2025-10-29 13:39:06,4.22,115100,4.22,D
sz000100,TCL科技,2025-10-29 13:39:12,4.22,66500,4.22,D
sz000100,TCL科技,2025-10-29 13:39:15,4.23,2038400,4.22,U
sz000100,TCL科技,2025-10-29 13:39:18,4.23,118700,4.23,U
sz000100,TCL科技,2025-10-29 13:39:21,4.23,63100,4.23,U
sz000100,TCL科技,2025-10-29 13:39:24,4.22,35300,4.23,D
sz000100,TCL科技,2025-10-29 13:39:27,4.23,96800,4.22,U
sz000100,TCL科技,2025-10-29 13:39:30,4.22,34900,4.23,D
sz000100,TCL科技,2025-10-29 13:39:33,4.22,183800,4.22,D
sz000100,TCL科技,2025-10-29 13:39:36,4.23,61900,4.22,U
sz000100,TCL科技,2025-10-29 13:39:39,4.23,75500,4.23,U
sz000100,TCL科技,2025-10-29 13:39:42,4.23,103900,4.23,U
sz000100,TCL科技,2025-10-29 13:39:45,4.23,89000,4.23,U
sz000100,TCL科技,2025-10-29 13:39:48,4.23,36000,4.23,U
sz000100,TCL科技,2025-10-29 13:39:51,4.23,31300,4.23,U
sz000100,TCL科技,2025-10-29 13:39:57,4.23,60200,4.23,U
sz000100,TCL科技,2025-10-29 13:40:00,4.22,58900,4.23,D
sz000100,TCL科技,2025-10-29 13:40:03,4.23,20800,4.22,U
sz000100,TCL科技,2025-10-29 13:40:06,4.23,70800,4.23,U
sz000100,TCL科技,2025-10-29 13:40:09,4.23,78500,4.23,U
sz000100,TCL科技,2025-10-29 13:40:12,4.23,42000,4.23,U
sz000100,TCL科技,2025-10-29 13:40:15,4.23,195900,4.23,U
sz000100,TCL科技,2025-10-29 13:40:18,4.23,400200,4.23,U
sz000100,TCL科技,2025-10-29 13:40:21,4.23,186600,4.23,U
sz000100,TCL科技,2025-10-29 13:40:24,4.23,260200,4.23,U
sz000100,TCL科技,2025-10-29 13:40:27,4.23,243220,4.23,D
sz000100,TCL科技,2025-10-29 13:40:33,4.24,59900,4.23,U
sz000100,TCL科技,2025-10-29 13:40:36,4.23,53100,4.24,D
sz000100,TCL科技,2025-10-29 13:40:39,4.23,95500,4.23,D
sz000100,TCL科技,2025-10-29 13:40:45,4.23,34300,4.23,D
sz000100,TCL科技,2025-10-29 13:40:48,4.23,25100,4.23,D
sz000100,TCL科技,2025-10-29 13:40:51,4.24,62100,4.23,U
sz000100,TCL科技,2025-10-29 13:40:54,4.23,955180,4.24,D
sz000100,TCL科技,2025-10-29 13:40:57,4.23,467200,4.23,U
sz000100,TCL科技,2025-10-29 13:41:06,4.23,24200,4.24,D
sz000100,TCL科技,2025-10-29 13:41:09,4.23,178300,4.23,D
sz000100,TCL科技,2025-10-29 13:41:12,4.23,86300,4.23,E
sz000100,TCL科技,2025-10-29 13:41:15,4.24,272200,4.23,U
sz000100,TCL科技,2025-10-29 13:41:18,4.24,171300,4.24,U
sz000100,TCL科技,2025-10-29 13:41:27,4.24,85900,4.23,U
sz000100,TCL科技,2025-10-29 13:41:30,4.23,35800,4.24,D
sz000100,TCL科技,2025-10-29 13:41:36,4.23,180000,4.23,D
sz000100,TCL科技,2025-10-29 13:41:39,4.23,29600,4.23,U
sz000100,TCL科技,2025-10-29 13:41:42,4.22,102400,4.23,D
sz000100,TCL科技,2025-10-29 13:41:45,4.23,23400,4.22,U
sz000100,TCL科技,2025-10-29 13:41:51,4.23,43700,4.23,U
sz000100,TCL科技,2025-10-29 13:41:54,4.23,25800,4.23,U
sz000100,TCL科技,2025-10-29 13:41:57,4.22,168700,4.23,D
sz000100,TCL科技,2025-10-29 13:42:00,4.23,143800,4.22,U
sz000100,TCL科技,2025-10-29 13:42:03,4.23,26200,4.23,U
sz000100,TCL科技,2025-10-29 13:42:06,4.23,41000,4.23,U
sz000100,TCL科技,2025-10-29 13:42:12,4.23,84300,4.23,U
sz000100,TCL科技,2025-10-29 13:42:15,4.23,92600,4.23,U
sz000100,TCL科技,2025-10-29 13:42:18,4.23,57600,4.23,U
sz000100,TCL科技,2025-10-29 13:42:24,4.23,43900,4.23,U
sz000100,TCL科技,2025-10-29 13:42:27,4.22,101400,4.23,D
sz000100,TCL科技,2025-10-29 13:42:30,4.23,648800,4.22,U
sz000100,TCL科技,2025-10-29 13:42:33,4.24,92000,4.23,U
sz000100,TCL科技,2025-10-29 13:42:36,4.23,60200,4.24,D
sz000100,TCL科技,2025-10-29 13:42:39,4.23,40700,4.23,D
sz000100,TCL科技,2025-10-29 13:42:42,4.23,23400,4.23,D
sz000100,TCL科技,2025-10-29 13:42:45,4.23,33000,4.23,D
sz000100,TCL科技,2025-10-29 13:42:48,4.24,36000,4.23,U
sz000100,TCL科技,2025-10-29 13:42:51,4.24,25600,4.24,U
sz000100,TCL科技,2025-10-29 13:43:00,4.24,38700,4.24,U
sz000100,TCL科技,2025-10-29 13:43:03,4.24,23700,4.24,U
sz000100,TCL科技,2025-10-29 13:43:18,4.23,46500,4.24,D
sz000100,TCL科技,2025-10-29 13:43:21,4.24,37700,4.23,U
sz000100,TCL科技,2025-10-29 13:43:24,4.24,35400,4.24,U
sz000100,TCL科技,2025-10-29 13:43:30,4.23,32000,4.23,D
sz000100,TCL科技,2025-10-29 13:43:36,4.24,149500,4.24,U
sz000100,TCL科技,2025-10-29 13:43:39,4.24,23600,4.24,U
sz000100,TCL科技,2025-10-29 13:43:42,4.23,98000,4.24,D
sz000100,TCL科技,2025-10-29 13:43:45,4.24,22000,4.23,U
sz000100,TCL科技,2025-10-29 13:43:48,4.23,105700,4.24,D
sz000100,TCL科技,2025-10-29 13:43:54,4.24,53900,4.24,U
sz000100,TCL科技,2025-10-29 13:43:57,4.23,58300,4.24,D
sz000100,TCL科技,2025-10-29 13:44:00,4.24,37100,4.23,U
sz000100,TCL科技,2025-10-29 13:44:03,4.23,39600,4.24,D
sz000100,TCL科技,2025-10-29 13:44:09,4.24,50100,4.24,U
sz000100,TCL科技,2025-10-29 13:44:12,4.23,78500,4.24,D
sz000100,TCL科技,2025-10-29 13:44:15,4.24,84900,4.23,U
sz000100,TCL科技,2025-10-29 13:44:21,4.24,134800,4.23,U
sz000100,TCL科技,2025-10-29 13:44:24,4.24,104500,4.24,U
sz000100,TCL科技,2025-10-29 13:44:27,4.24,78400,4.24,U
sz000100,TCL科技,2025-10-29 13:44:33,4.24,70600,4.24,U
sz000100,TCL科技,2025-10-29 13:44:36,4.24,23400,4.24,U
sz000100,TCL科技,2025-10-29 13:44:39,4.24,22500,4.24,U
sz000100,TCL科技,2025-10-29 13:44:42,4.23,40200,4.24,D
sz000100,TCL科技,2025-10-29 13:44:45,4.24,137100,4.23,U
sz000100,TCL科技,2025-10-29 13:44:51,4.24,39700,4.24,U
sz000100,TCL科技,2025-10-29 13:44:54,4.24,93400,4.24,U
sz000100,TCL科技,2025-10-29 13:45:00,4.24,34900,4.24,U
sz000100,TCL科技,2025-10-29 13:45:06,4.24,60600,4.24,U
sz000100,TCL科技,2025-10-29 13:45:12,4.24,43600,4.23,U
sz000100,TCL科技,2025-10-29 13:45:15,4.23,64000,4.24,D
sz000100,TCL科技,2025-10-29 13:45:21,4.23,82000,4.24,D
sz000100,TCL科技,2025-10-29 13:45:27,4.24,46000,4.24,U
sz000100,TCL科技,2025-10-29 13:45:33,4.23,22900,4.24,D
sz000100,TCL科技,2025-10-29 13:45:51,4.24,59100,4.24,U
sz000100,TCL科技,2025-10-29 13:45:54,4.24,43200,4.24,U
sz000100,TCL科技,2025-10-29 13:45:57,4.24,44400,4.24,U
sz000100,TCL科技,2025-10-29 13:46:03,4.24,65800,4.23,U
sz000100,TCL科技,2025-10-29 13:46:06,4.24,22700,4.24,U
sz000100,TCL科技,2025-10-29 13:46:09,4.24,36700,4.24,U
sz000100,TCL科技,2025-10-29 13:46:18,4.24,108000,4.24,U
sz000100,TCL科技,2025-10-29 13:46:21,4.24,42000,4.24,U
sz000100,TCL科技,2025-10-29 13:46:24,4.23,32300,4.24,D
sz000100,TCL科技,2025-10-29 13:46:27,4.23,20400,4.23,D
sz000100,TCL科技,2025-10-29 13:46:30,4.24,75400,4.23,U
sz000100,TCL科技,2025-10-29 13:46:33,4.24,52700,4.24,U
sz000100,TCL科技,2025-10-29 13:46:36,4.24,22800,4.24,U
sz000100,TCL科技,2025-10-29 13:46:39,4.23,37800,4.24,D
sz000100,TCL科技,2025-10-29 13:46:42,4.24,38100,4.23,U
sz000100,TCL科技,2025-10-29 13:46:48,4.23,107700,4.23,D
sz000100,TCL科技,2025-10-29 13:46:51,4.24,75000,4.23,U
sz000100,TCL科技,2025-10-29 13:46:54,4.24,4539800,4.24,U
sz000100,TCL科技,2025-10-29 13:46:57,4.24,648900,4.24,U
sz000100,TCL科技,2025-10-29 13:47:00,4.24,129900,4.24,U
sz000100,TCL科技,2025-10-29 13:47:03,4.24,910900,4.24,U
sz000100,TCL科技,2025-10-29 13:47:06,4.24,468400,4.24,U
sz000100,TCL科技,2025-10-29 13:47:09,4.24,1468000,4.24,U
sz000100,TCL科技,2025-10-29 13:47:12,4.25,2990120,4.24,U
sz000100,TCL科技,2025-10-29 13:47:15,4.24,258000,4.25,D
sz000100,TCL科技,2025-10-29 13:47:18,4.24,913900,4.24,D
sz000100,TCL科技,2025-10-29 13:47:21,4.24,208900,4.24,D
sz000100,TCL科技,2025-10-29 13:47:24,4.24,158300,4.24,D
sz000100,TCL科技,2025-10-29 13:47:27,4.24,243400,4.24,D
sz000100,TCL科技,2025-10-29 13:47:30,4.24,125400,4.24,D
sz000100,TCL科技,2025-10-29 13:47:33,4.24,149400,4.24,D
sz000100,TCL科技,2025-10-29 13:47:36,4.24,112400,4.24,D
sz000100,TCL科技,2025-10-29 13:47:39,4.24,71560,4.24,D
sz000100,TCL科技,2025-10-29 13:47:42,4.25,208500,4.24,U
sz000100,TCL科技,2025-10-29 13:47:45,4.24,80300,4.25,D
sz000100,TCL科技,2025-10-29 13:47:48,4.25,122900,4.24,U
sz000100,TCL科技,2025-10-29 13:47:51,4.25,844400,4.25,U
sz000100,TCL科技,2025-10-29 13:47:54,4.25,126000,4.25,U
sz000100,TCL科技,2025-10-29 13:47:57,4.24,1263100,4.25,D
sz000100,TCL科技,2025-10-29 13:48:00,4.25,1159900,4.24,U
sz000100,TCL科技,2025-10-29 13:48:03,4.25,3672200,4.25,U
sz000100,TCL科技,2025-10-29 13:48:06,4.25,657500,4.25,U
sz000100,TCL科技,2025-10-29 13:48:09,4.25,1442100,4.25,U
sz000100,TCL科技,2025-10-29 13:48:12,4.25,869200,4.25,U
sz000100,TCL科技,2025-10-29 13:48:15,4.25,330060,4.25,U
sz000100,TCL科技,2025-10-29 13:48:18,4.26,213200,4.25,U
sz000100,TCL科技,2025-10-29 13:48:21,4.25,632700,4.26,D
sz000100,TCL科技,2025-10-29 13:48:24,4.26,276700,4.25,U
sz000100,TCL科技,2025-10-29 13:48:27,4.26,5352100,4.26,U
sz000100,TCL科技,2025-10-29 13:48:30,4.26,967600,4.26,U
sz000100,TCL科技,2025-10-29 13:48:33,4.26,128300,4.26,U
sz000100,TCL科技,2025-10-29 13:48:36,4.26,388600,4.26,U
sz000100,TCL科技,2025-10-29 13:48:39,4.26,637300,4.26,U
sz000100,TCL科技,2025-10-29 13:48:42,4.26,412900,4.26,U
sz000100,TCL科技,2025-10-29 13:48:45,4.26,227300,4.26,U
sz000100,TCL科技,2025-10-29 13:48:48,4.26,178900,4.26,U
sz000100,TCL科技,2025-10-29 13:48:51,4.26,143000,4.26,U
sz000100,TCL科技,2025-10-29 13:48:54,4.26,532700,4.26,U
sz000100,TCL科技,2025-10-29 13:48:57,4.26,1125900,4.26,U
sz000100,TCL科技,2025-10-29 13:49:00,4.26,374000,4.26,U
sz000100,TCL科技,2025-10-29 13:49:03,4.26,131300,4.26,U
sz000100,TCL科技,2025-10-29 13:49:06,4.26,264600,4.26,U
sz000100,TCL科技,2025-10-29 13:49:09,4.26,141000,4.26,U
sz000100,TCL科技,2025-10-29 13:49:12,4.26,960700,4.26,U
sz000100,TCL科技,2025-10-29 13:49:15,4.26,210500,4.26,D
sz000100,TCL科技,2025-10-29 13:49:18,4.26,168600,4.26,U
sz000100,TCL科技,2025-10-29 13:49:21,4.26,175700,4.26,U
sz000100,TCL科技,2025-10-29 13:49:24,4.26,206900,4.26,U
sz000100,TCL科技,2025-10-29 13:49:27,4.26,484100,4.26,U
sz000100,TCL科技,2025-10-29 13:49:30,4.26,151100,4.26,U
sz000100,TCL科技,2025-10-29 13:49:33,4.26,235400,4.26,U
sz000100,TCL科技,2025-10-29 13:49:36,4.26,375600,4.26,U
sz000100,TCL科技,2025-10-29 13:49:39,4.26,1030200,4.26,U
sz000100,TCL科技,2025-10-29 13:49:42,4.26,68500,4.26,D
sz000100,TCL科技,2025-10-29 13:49:45,4.27,251200,4.26,U
sz000100,TCL科技,2025-10-29 13:49:48,4.26,110900,4.27,D
sz000100,TCL科技,2025-10-29 13:49:51,4.27,150800,4.26,U
sz000100,TCL科技,2025-10-29 13:49:54,4.27,129400,4.27,U
sz000100,TCL科技,2025-10-29 13:49:57,4.26,925900,4.27,D
sz000100,TCL科技,2025-10-29 13:50:00,4.27,53500,4.26,U
sz000100,TCL科技,2025-10-29 13:50:03,4.27,56000,4.27,U
sz000100,TCL科技,2025-10-29 13:50:06,4.26,149300,4.27,D
sz000100,TCL科技,2025-10-29 13:50:09,4.27,69800,4.26,U
sz000100,TCL科技,2025-10-29 13:50:12,4.26,59000,4.27,D
sz000100,TCL科技,2025-10-29 13:50:15,4.26,1293100,4.26,D
sz000100,TCL科技,2025-10-29 13:50:18,4.27,471000,4.26,U
sz000100,TCL科技,2025-10-29 13:50:21,4.26,97800,4.27,D
sz000100,TCL科技,2025-10-29 13:50:24,4.26,147300,4.26,D
sz000100,TCL科技,2025-10-29 13:50:27,4.26,79300,4.26,D
sz000100,TCL科技,2025-10-29 13:50:30,4.26,50300,4.26,D
sz000100,TCL科技,2025-10-29 13:50:33,4.27,47000,4.26,U
sz000100,TCL科技,2025-10-29 13:50:36,4.27,52400,4.27,U
sz000100,TCL科技,2025-10-29 13:50:39,4.26,41800,4.27,D
sz000100,TCL科技,2025-10-29 13:50:42,4.27,68900,4.26,U
sz000100,TCL科技,2025-10-29 13:50:45,4.27,81200,4.27,U
sz000100,TCL科技,2025-10-29 13:50:48,4.26,115300,4.27,D
sz000100,TCL科技,2025-10-29 13:50:51,4.27,60200,4.26,U
sz000100,TCL科技,2025-10-29 13:50:54,4.27,262600,4.27,U
sz000100,TCL科技,2025-10-29 13:50:57,4.26,44900,4.27,D
sz000100,TCL科技,2025-10-29 13:51:00,4.26,62000,4.26,D
sz000100,TCL科技,2025-10-29 13:51:03,4.27,73900,4.26,U
sz000100,TCL科技,2025-10-29 13:51:06,4.26,46700,4.27,D
sz000100,TCL科技,2025-10-29 13:51:09,4.26,447400,4.26,D
sz000100,TCL科技,2025-10-29 13:51:12,4.27,73600,4.26,U
sz000100,TCL科技,2025-10-29 13:51:15,4.27,137800,4.27,U
sz000100,TCL科技,2025-10-29 13:51:18,4.26,82600,4.27,D
sz000100,TCL科技,2025-10-29 13:51:21,4.26,732546,4.26,D
sz000100,TCL科技,2025-10-29 13:51:24,4.26,267200,4.26,D
sz000100,TCL科技,2025-10-29 13:51:27,4.26,144600,4.26,D
sz000100,TCL科技,2025-10-29 13:51:30,4.27,266170,4.26,U
sz000100,TCL科技,2025-10-29 13:51:33,4.27,160900,4.27,U
sz000100,TCL科技,2025-10-29 13:51:36,4.27,116500,4.27,U
sz000100,TCL科技,2025-10-29 13:51:39,4.27,82200,4.27,U
sz000100,TCL科技,2025-10-29 13:51:42,4.26,306700,4.27,D
sz000100,TCL科技,2025-10-29 13:51:45,4.26,109700,4.26,D
sz000100,TCL科技,2025-10-29 13:51:51,4.27,187500,4.26,U
sz000100,TCL科技,2025-10-29 13:51:54,4.26,42900,4.27,D
sz000100,TCL科技,2025-10-29 13:51:57,4.26,410210,4.26,D
sz000100,TCL科技,2025-10-29 13:52:00,4.26,31100,4.26,D
sz000100,TCL科技,2025-10-29 13:52:03,4.26,42300,4.26,D
sz000100,TCL科技,2025-10-29 13:52:06,4.26,813100,4.26,D
sz000100,TCL科技,2025-10-29 13:52:09,4.26,570600,4.26,D
sz000100,TCL科技,2025-10-29 13:52:12,4.26,200600,4.26,D
sz000100,TCL科技,2025-10-29 13:52:15,4.26,132400,4.26,D
sz000100,TCL科技,2025-10-29 13:52:18,4.26,360900,4.26,D
sz000100,TCL科技,2025-10-29 13:52:21,4.26,4191174,4.26,D
sz000100,TCL科技,2025-10-29 13:52:24,4.26,73900,4.26,U
sz000100,TCL科技,2025-10-29 13:52:27,4.26,25300,4.26,U
sz000100,TCL科技,2025-10-29 13:52:30,4.26,101200,4.26,U
sz000100,TCL科技,2025-10-29 13:52:33,4.25,42700,4.26,D
sz000100,TCL科技,2025-10-29 13:52:36,4.26,42600,4.25,U
sz000100,TCL科技,2025-10-29 13:52:39,4.26,50000,4.26,U
sz000100,TCL科技,2025-10-29 13:52:45,4.25,166800,4.25,D
sz000100,TCL科技,2025-10-29 13:52:48,4.25,212500,4.25,D
sz000100,TCL科技,2025-10-29 13:52:51,4.25,65300,4.25,D
sz000100,TCL科技,2025-10-29 13:52:54,4.25,156600,4.25,D
sz000100,TCL科技,2025-10-29 13:52:57,4.25,171500,4.25,D
sz000100,TCL科技,2025-10-29 13:53:00,4.25,124700,4.25,D
sz000100,TCL科技,2025-10-29 13:53:03,4.25,283000,4.25,D
sz000100,TCL科技,2025-10-29 13:53:06,4.25,695000,4.25,D
sz000100,TCL科技,2025-10-29 13:53:09,4.25,396500,4.25,D
sz000100,TCL科技,2025-10-29 13:53:12,4.25,108100,4.25,U
sz000100,TCL科技,2025-10-29 13:53:15,4.25,83500,4.25,U
sz000100,TCL科技,2025-10-29 13:53:24,4.24,42100,4.24,D
sz000100,TCL科技,2025-10-29 13:53:27,4.25,79700,4.24,U
sz000100,TCL科技,2025-10-29 13:53:30,4.25,22300,4.25,U
sz000100,TCL科技,2025-10-29 13:53:33,4.25,181410,4.25,U
sz000100,TCL科技,2025-10-29 13:53:36,4.25,60400,4.25,U
sz000100,TCL科技,2025-10-29 13:53:39,4.25,76100,4.25,U
sz000100,TCL科技,2025-10-29 13:53:42,4.24,112900,4.25,D
sz000100,TCL科技,2025-10-29 13:53:45,4.24,63600,4.24,D
sz000100,TCL科技,2025-10-29 13:53:48,4.25,75900,4.24,U
sz000100,TCL科技,2025-10-29 13:53:51,4.25,57100,4.25,U
sz000100,TCL科技,2025-10-29 13:53:54,4.24,81800,4.25,D
sz000100,TCL科技,2025-10-29 13:53:57,4.25,116300,4.24,U
sz000100,TCL科技,2025-10-29 13:54:00,4.25,225800,4.25,U
sz000100,TCL科技,2025-10-29 13:54:03,4.25,103000,4.25,U
sz000100,TCL科技,2025-10-29 13:54:06,4.25,146800,4.25,U
sz000100,TCL科技,2025-10-29 13:54:09,4.25,1002400,4.25,U
sz000100,TCL科技,2025-10-29 13:54:12,4.26,536700,4.25,U
sz000100,TCL科技,2025-10-29 13:54:15,4.25,43300,4.26,D
sz000100,TCL科技,2025-10-29 13:54:18,4.25,449400,4.25,D
sz000100,TCL科技,2025-10-29 13:54:21,4.25,42400,4.25,D
sz000100,TCL科技,2025-10-29 13:54:24,4.25,80300,4.25,D
sz000100,TCL科技,2025-10-29 13:54:27,4.25,69000,4.25,D
sz000100,TCL科技,2025-10-29 13:54:30,4.25,124900,4.25,D
sz000100,TCL科技,2025-10-29 13:54:36,4.25,33700,4.25,D
sz000100,TCL科技,2025-10-29 13:54:39,4.26,126800,4.25,U
sz000100,TCL科技,2025-10-29 13:54:42,4.25,125300,4.26,D
sz000100,TCL科技,2025-10-29 13:54:45,4.26,66400,4.25,U
sz000100,TCL科技,2025-10-29 13:54:48,4.26,70800,4.26,U
sz000100,TCL科技,2025-10-29 13:54:51,4.26,190400,4.26,U
sz000100,TCL科技,2025-10-29 13:54:54,4.26,132900,4.26,U
sz000100,TCL科技,2025-10-29 13:54:57,4.25,101500,4.26,D
sz000100,TCL科技,2025-10-29 13:55:00,4.25,73400,4.25,D
sz000100,TCL科技,2025-10-29 13:55:03,4.26,62000,4.25,U
sz000100,TCL科技,2025-10-29 13:55:06,4.25,132800,4.26,D
sz000100,TCL科技,2025-10-29 13:55:09,4.25,121800,4.25,D
sz000100,TCL科技,2025-10-29 13:55:12,4.25,142300,4.25,D
sz000100,TCL科技,2025-10-29 13:55:15,4.25,39500,4.25,D
sz000100,TCL科技,2025-10-29 13:55:18,4.26,123100,4.25,U
sz000100,TCL科技,2025-10-29 13:55:21,4.25,57700,4.26,D
sz000100,TCL科技,2025-10-29 13:55:24,4.25,203400,4.25,D
sz000100,TCL科技,2025-10-29 13:55:30,4.26,169500,4.25,U
sz000100,TCL科技,2025-10-29 13:55:33,4.26,31000,4.26,U
sz000100,TCL科技,2025-10-29 13:55:36,4.26,98400,4.26,U
sz000100,TCL科技,2025-10-29 13:55:39,4.25,46300,4.26,D
sz000100,TCL科技,2025-10-29 13:55:42,4.25,70500,4.25,D
sz000100,TCL科技,2025-10-29 13:55:48,4.25,55800,4.25,D
sz000100,TCL科技,2025-10-29 13:55:51,4.26,41300,4.25,U
sz000100,TCL科技,2025-10-29 13:55:54,4.25,104700,4.26,D
sz000100,TCL科技,2025-10-29 13:55:57,4.25,55600,4.25,D
sz000100,TCL科技,2025-10-29 13:56:00,4.25,166400,4.25,D
sz000100,TCL科技,2025-10-29 13:56:09,4.25,39600,4.25,D
sz000100,TCL科技,2025-10-29 13:56:15,4.25,143200,4.25,D
sz000100,TCL科技,2025-10-29 13:56:18,4.26,76100,4.25,U
sz000100,TCL科技,2025-10-29 13:56:21,4.25,82700,4.26,D
sz000100,TCL科技,2025-10-29 13:56:24,4.25,104400,4.25,D
sz000100,TCL科技,2025-10-29 13:56:27,4.26,32900,4.25,U
sz000100,TCL科技,2025-10-29 13:56:30,4.25,66200,4.26,D
sz000100,TCL科技,2025-10-29 13:56:33,4.25,54100,4.25,D
sz000100,TCL科技,2025-10-29 13:56:36,4.25,129000,4.25,D
sz000100,TCL科技,2025-10-29 13:56:42,4.25,71800,4.26,D
sz000100,TCL科技,2025-10-29 13:56:45,4.26,109000,4.25,U
sz000100,TCL科技,2025-10-29 13:56:48,4.25,102500,4.26,D
sz000100,TCL科技,2025-10-29 13:56:51,4.25,73700,4.25,D
sz000100,TCL科技,2025-10-29 13:56:54,4.25,97300,4.25,D
sz000100,TCL科技,2025-10-29 13:57:00,4.25,100000,4.25,D
sz000100,TCL科技,2025-10-29 13:57:03,4.26,102200,4.25,U
sz000100,TCL科技,2025-10-29 13:57:06,4.26,75610,4.26,U
sz000100,TCL科技,2025-10-29 13:57:09,4.26,55200,4.26,U
sz000100,TCL科技,2025-10-29 13:57:12,4.25,124900,4.26,D
sz000100,TCL科技,2025-10-29 13:57:15,4.25,39400,4.25,D
sz000100,TCL科技,2025-10-29 13:57:18,4.26,41000,4.25,U
sz000100,TCL科技,2025-10-29 13:57:21,4.25,74600,4.26,D
sz000100,TCL科技,2025-10-29 13:57:24,4.26,100200,4.25,U
sz000100,TCL科技,2025-10-29 13:57:27,4.25,40100,4.26,D
sz000100,TCL科技,2025-10-29 13:57:30,4.26,100100,4.25,U
sz000100,TCL科技,2025-10-29 13:57:33,4.26,32800,4.26,U
sz000100,TCL科技,2025-10-29 13:57:36,4.26,54400,4.26,U
sz000100,TCL科技,2025-10-29 13:57:42,4.26,83300,4.26,U
sz000100,TCL科技,2025-10-29 13:57:45,4.26,219300,4.26,U
sz000100,TCL科技,2025-10-29 13:57:48,4.25,66200,4.26,D
sz000100,TCL科技,2025-10-29 13:57:51,4.26,127000,4.25,U
sz000100,TCL科技,2025-10-29 13:57:54,4.25,78400,4.26,D
sz000100,TCL科技,2025-10-29 13:57:57,4.26,80200,4.25,U
sz000100,TCL科技,2025-10-29 13:58:00,4.25,38100,4.26,D
sz000100,TCL科技,2025-10-29 13:58:03,4.25,130100,4.25,D
sz000100,TCL科技,2025-10-29 13:58:06,4.26,20300,4.25,U
sz000100,TCL科技,2025-10-29 13:58:09,4.25,122600,4.26,D
sz000100,TCL科技,2025-10-29 13:58:12,4.25,24600,4.25,D
sz000100,TCL科技,2025-10-29 13:58:15,4.25,91600,4.25,D
sz000100,TCL科技,2025-10-29 13:58:18,4.25,138000,4.25,D
sz000100,TCL科技,2025-10-29 13:58:21,4.25,128500,4.25,D
sz000100,TCL科技,2025-10-29 13:58:24,4.25,41800,4.25,D
sz000100,TCL科技,2025-10-29 13:58:27,4.26,68700,4.25,U
sz000100,TCL科技,2025-10-29 13:58:30,4.25,69800,4.26,D
sz000100,TCL科技,2025-10-29 13:58:33,4.25,64500,4.25,D
sz000100,TCL科技,2025-10-29 13:58:36,4.25,66900,4.25,D
sz000100,TCL科技,2025-10-29 13:58:39,4.25,128300,4.25,D
sz000100,TCL科技,2025-10-29 13:58:42,4.26,141500,4.25,U
sz000100,TCL科技,2025-10-29 13:58:45,4.26,236800,4.26,U
sz000100,TCL科技,2025-10-29 13:58:48,4.25,185500,4.26,D
sz000100,TCL科技,2025-10-29 13:58:51,4.26,69900,4.25,U
sz000100,TCL科技,2025-10-29 13:58:54,4.25,58500,4.26,D
sz000100,TCL科技,2025-10-29 13:58:57,4.25,31300,4.25,D
sz000100,TCL科技,2025-10-29 13:59:00,4.25,117110,4.25,D
sz000100,TCL科技,2025-10-29 13:59:03,4.25,64300,4.25,D
sz000100,TCL科技,2025-10-29 13:59:06,4.25,23500,4.25,D
sz000100,TCL科技,2025-10-29 13:59:09,4.26,125350,4.25,U
sz000100,TCL科技,2025-10-29 13:59:12,4.25,115900,4.26,D
sz000100,TCL科技,2025-10-29 13:59:15,4.25,96500,4.25,D
sz000100,TCL科技,2025-10-29 13:59:18,4.26,73100,4.25,U
sz000100,TCL科技,2025-10-29 13:59:21,4.26,42500,4.26,U
sz000100,TCL科技,2025-10-29 13:59:27,4.25,47400,4.26,D
sz000100,TCL科技,2025-10-29 13:59:30,4.26,80100,4.25,U
sz000100,TCL科技,2025-10-29 13:59:33,4.26,119600,4.26,U
sz000100,TCL科技,2025-10-29 13:59:36,4.25,88100,4.26,D
sz000100,TCL科技,2025-10-29 13:59:39,4.25,98000,4.25,D
sz000100,TCL科技,2025-10-29 13:59:42,4.25,34100,4.25,D
sz000100,TCL科技,2025-10-29 13:59:45,4.26,419000,4.25,U
sz000100,TCL科技,2025-10-29 13:59:48,4.26,57000,4.26,U
sz000100,TCL科技,2025-10-29 13:59:51,4.25,26800,4.26,D
sz000100,TCL科技,2025-10-29 13:59:54,4.26,34100,4.25,U
sz000100,TCL科技,2025-10-29 13:59:57,4.25,44600,4.26,D
sz000100,TCL科技,2025-10-29 14:00:00,4.25,21500,4.25,D
sz000100,TCL科技,2025-10-29 14:00:03,4.25,31000,4.25,D
sz000100,TCL科技,2025-10-29 14:00:06,4.25,46000,4.25,D
sz000100,TCL科技,2025-10-29 14:00:12,4.25,87000,4.25,D
sz000100,TCL科技,2025-10-29 14:00:15,4.25,55700,4.25,D
sz000100,TCL科技,2025-10-29 14:00:18,4.25,22000,4.25,D
sz000100,TCL科技,2025-10-29 14:00:21,4.25,150900,4.25,D
sz000100,TCL科技,2025-10-29 14:00:24,4.25,61400,4.25,D
sz000100,TCL科技,2025-10-29 14:00:27,4.25,27900,4.25,D
sz000100,TCL科技,2025-10-29 14:00:30,4.25,180800,4.25,D
sz000100,TCL科技,2025-10-29 14:00:33,4.25,33100,4.25,D
sz000100,TCL科技,2025-10-29 14:00:36,4.25,125800,4.25,D
sz000100,TCL科技,2025-10-29 14:00:39,4.25,186000,4.25,D
sz000100,TCL科技,2025-10-29 14:00:42,4.25,42700,4.25,D
sz000100,TCL科技,2025-10-29 14:00:45,4.25,103700,4.25,D
sz000100,TCL科技,2025-10-29 14:00:48,4.25,183700,4.25,D
sz000100,TCL科技,2025-10-29 14:00:51,4.25,68000,4.25,D
sz000100,TCL科技,2025-10-29 14:00:54,4.25,161500,4.25,D
sz000100,TCL科技,2025-10-29 14:00:57,4.25,73300,4.25,D
sz000100,TCL科技,2025-10-29 14:01:00,4.25,308000,4.25,D
sz000100,TCL科技,2025-10-29 14:01:03,4.25,93300,4.25,D
sz000100,TCL科技,2025-10-29 14:01:06,4.25,157700,4.25,D
sz000100,TCL科技,2025-10-29 14:01:09,4.25,713900,4.25,D
sz000100,TCL科技,2025-10-29 14:01:12,4.25,327800,4.25,D
sz000100,TCL科技,2025-10-29 14:01:15,4.25,196900,4.25,D
sz000100,TCL科技,2025-10-29 14:01:18,4.25,309900,4.25,D
sz000100,TCL科技,2025-10-29 14:01:21,4.25,125700,4.25,D
sz000100,TCL科技,2025-10-29 14:01:24,4.25,114600,4.25,D
sz000100,TCL科技,2025-10-29 14:01:27,4.25,58300,4.25,D
sz000100,TCL科技,2025-10-29 14:01:30,4.25,129900,4.25,D
sz000100,TCL科技,2025-10-29 14:01:33,4.25,116400,4.25,D
sz000100,TCL科技,2025-10-29 14:01:36,4.25,215700,4.25,D
sz000100,TCL科技,2025-10-29 14:01:39,4.25,131800,4.25,D
sz000100,TCL科技,2025-10-29 14:01:42,4.25,74900,4.25,D
sz000100,TCL科技,2025-10-29 14:01:45,4.25,121300,4.25,D
sz000100,TCL科技,2025-10-29 14:01:48,4.25,81800,4.25,D
sz000100,TCL科技,2025-10-29 14:01:51,4.25,181500,4.25,U
sz000100,TCL科技,2025-10-29 14:01:54,4.25,363400,4.25,D
sz000100,TCL科技,2025-10-29 14:02:00,4.25,65100,4.25,D
sz000100,TCL科技,2025-10-29 14:02:03,4.25,108300,4.25,D
sz000100,TCL科技,2025-10-29 14:02:06,4.25,71400,4.25,D
sz000100,TCL科技,2025-10-29 14:02:12,4.26,444200,4.25,U
sz000100,TCL科技,2025-10-29 14:02:15,4.25,327700,4.26,D
sz000100,TCL科技,2025-10-29 14:02:18,4.25,92900,4.25,D
sz000100,TCL科技,2025-10-29 14:02:21,4.25,54700,4.25,D
sz000100,TCL科技,2025-10-29 14:02:24,4.25,29900,4.25,D
sz000100,TCL科技,2025-10-29 14:02:27,4.25,67600,4.25,D
sz000100,TCL科技,2025-10-29 14:02:30,4.25,635200,4.25,D
sz000100,TCL科技,2025-10-29 14:02:33,4.25,29800,4.25,D
sz000100,TCL科技,2025-10-29 14:02:36,4.25,75600,4.25,D
sz000100,TCL科技,2025-10-29 14:02:39,4.26,131100,4.25,U
sz000100,TCL科技,2025-10-29 14:02:42,4.25,27500,4.26,D
sz000100,TCL科技,2025-10-29 14:02:48,4.25,52300,4.26,D
sz000100,TCL科技,2025-10-29 14:02:51,4.26,170500,4.25,U
sz000100,TCL科技,2025-10-29 14:02:54,4.25,84000,4.26,D
sz000100,TCL科技,2025-10-29 14:02:57,4.25,57000,4.25,D
sz000100,TCL科技,2025-10-29 14:03:00,4.25,49110,4.25,D
sz000100,TCL科技,2025-10-29 14:03:03,4.25,130500,4.25,D
sz000100,TCL科技,2025-10-29 14:03:06,4.25,130900,4.25,D
sz000100,TCL科技,2025-10-29 14:03:09,4.25,96800,4.25,D
sz000100,TCL科技,2025-10-29 14:03:12,4.25,50500,4.25,D
sz000100,TCL科技,2025-10-29 14:03:15,4.25,53900,4.25,D
sz000100,TCL科技,2025-10-29 14:03:21,4.25,22800,4.25,D
sz000100,TCL科技,2025-10-29 14:03:27,4.25,153700,4.25,D
sz000100,TCL科技,2025-10-29 14:03:30,4.26,26100,4.25,U
sz000100,TCL科技,2025-10-29 14:03:33,4.25,39400,4.26,D
sz000100,TCL科技,2025-10-29 14:03:39,4.25,21200,4.26,D
sz000100,TCL科技,2025-10-29 14:03:42,4.25,41100,4.25,D
sz000100,TCL科技,2025-10-29 14:03:45,4.25,27400,4.25,D
sz000100,TCL科技,2025-10-29 14:03:51,4.25,25900,4.25,D
sz000100,TCL科技,2025-10-29 14:03:54,4.25,23100,4.25,D
sz000100,TCL科技,2025-10-29 14:04:00,4.25,34700,4.25,D
sz000100,TCL科技,2025-10-29 14:04:03,4.25,163500,4.25,D
sz000100,TCL科技,2025-10-29 14:04:15,4.25,125900,4.25,D
sz000100,TCL科技,2025-10-29 14:04:18,4.25,29900,4.25,D
sz000100,TCL科技,2025-10-29 14:04:21,4.25,40300,4.25,D
sz000100,TCL科技,2025-10-29 14:04:24,4.26,49800,4.25,U
sz000100,TCL科技,2025-10-29 14:04:27,4.25,41500,4.26,D
sz000100,TCL科技,2025-10-29 14:04:30,4.25,51200,4.25,D
sz000100,TCL科技,2025-10-29 14:04:33,4.25,32800,4.25,D
sz000100,TCL科技,2025-10-29 14:04:36,4.25,49700,4.25,D
sz000100,TCL科技,2025-10-29 14:04:39,4.25,101800,4.25,D
sz000100,TCL科技,2025-10-29 14:04:42,4.26,29900,4.25,U
sz000100,TCL科技,2025-10-29 14:04:48,4.25,50700,4.25,D
sz000100,TCL科技,2025-10-29 14:04:51,4.25,57700,4.25,D
sz000100,TCL科技,2025-10-29 14:04:54,4.25,25700,4.25,D
sz000100,TCL科技,2025-10-29 14:04:57,4.26,46500,4.25,U
sz000100,TCL科技,2025-10-29 14:05:00,4.25,119600,4.26,D
sz000100,TCL科技,2025-10-29 14:05:03,4.25,36300,4.25,D
sz000100,TCL科技,2025-10-29 14:05:06,4.26,32100,4.25,U
sz000100,TCL科技,2025-10-29 14:05:09,4.25,552100,4.26,D
sz000100,TCL科技,2025-10-29 14:05:12,4.25,64200,4.25,D
sz000100,TCL科技,2025-10-29 14:05:15,4.25,32200,4.25,D
sz000100,TCL科技,2025-10-29 14:05:18,4.25,23000,4.25,D
sz000100,TCL科技,2025-10-29 14:05:21,4.25,32500,4.25,D
sz000100,TCL科技,2025-10-29 14:05:24,4.25,170100,4.25,D
sz000100,TCL科技,2025-10-29 14:05:27,4.25,31500,4.25,D
sz000100,TCL科技,2025-10-29 14:05:30,4.26,51500,4.25,U
sz000100,TCL科技,2025-10-29 14:05:33,4.25,115800,4.26,D
sz000100,TCL科技,2025-10-29 14:05:36,4.25,37800,4.25,D
sz000100,TCL科技,2025-10-29 14:05:39,4.26,93800,4.25,U
sz000100,TCL科技,2025-10-29 14:05:42,4.26,274300,4.26,U
sz000100,TCL科技,2025-10-29 14:05:45,4.25,60300,4.26,D
sz000100,TCL科技,2025-10-29 14:05:48,4.25,26200,4.25,D
sz000100,TCL科技,2025-10-29 14:05:51,4.26,41600,4.25,U
sz000100,TCL科技,2025-10-29 14:05:54,4.25,62700,4.26,D
sz000100,TCL科技,2025-10-29 14:05:57,4.26,21500,4.25,U
sz000100,TCL科技,2025-10-29 14:06:03,4.25,253200,4.26,D
sz000100,TCL科技,2025-10-29 14:06:06,4.25,70600,4.25,D
sz000100,TCL科技,2025-10-29 14:06:09,4.26,498500,4.25,U
sz000100,TCL科技,2025-10-29 14:06:12,4.26,1058400,4.26,U
sz000100,TCL科技,2025-10-29 14:06:15,4.26,109400,4.26,U
sz000100,TCL科技,2025-10-29 14:06:18,4.25,333300,4.26,D
sz000100,TCL科技,2025-10-29 14:06:21,4.26,1101800,4.25,U
sz000100,TCL科技,2025-10-29 14:06:24,4.26,1042300,4.26,U
sz000100,TCL科技,2025-10-29 14:06:27,4.26,159200,4.26,U
sz000100,TCL科技,2025-10-29 14:06:30,4.25,45000,4.26,D
sz000100,TCL科技,2025-10-29 14:06:33,4.26,265700,4.25,U
sz000100,TCL科技,2025-10-29 14:06:36,4.25,61700,4.26,D
sz000100,TCL科技,2025-10-29 14:06:39,4.26,62500,4.25,U
sz000100,TCL科技,2025-10-29 14:06:42,4.26,54300,4.26,U
sz000100,TCL科技,2025-10-29 14:06:45,4.25,63600,4.26,D
sz000100,TCL科技,2025-10-29 14:06:48,4.25,221200,4.25,D
sz000100,TCL科技,2025-10-29 14:06:51,4.25,39000,4.25,D
sz000100,TCL科技,2025-10-29 14:07:00,4.26,52600,4.26,U
sz000100,TCL科技,2025-10-29 14:07:03,4.26,66300,4.26,U
sz000100,TCL科技,2025-10-29 14:07:06,4.26,169800,4.26,U
sz000100,TCL科技,2025-10-29 14:07:09,4.25,75800,4.26,D
sz000100,TCL科技,2025-10-29 14:07:12,4.26,84500,4.25,U
sz000100,TCL科技,2025-10-29 14:07:15,4.26,176200,4.26,U
sz000100,TCL科技,2025-10-29 14:07:18,4.26,58300,4.26,U
sz000100,TCL科技,2025-10-29 14:07:21,4.25,72100,4.26,D
sz000100,TCL科技,2025-10-29 14:07:27,4.25,34800,4.25,D
sz000100,TCL科技,2025-10-29 14:07:30,4.25,31710,4.25,D
sz000100,TCL科技,2025-10-29 14:07:33,4.25,25000,4.25,D
sz000100,TCL科技,2025-10-29 14:07:36,4.26,118900,4.25,U
sz000100,TCL科技,2025-10-29 14:07:39,4.26,67100,4.26,U
sz000100,TCL科技,2025-10-29 14:07:45,4.25,86500,4.26,D
sz000100,TCL科技,2025-10-29 14:07:48,4.26,84400,4.25,U
sz000100,TCL科技,2025-10-29 14:07:51,4.26,201400,4.26,U
sz000100,TCL科技,2025-10-29 14:07:54,4.26,97200,4.26,U
sz000100,TCL科技,2025-10-29 14:07:57,4.26,3044600,4.26,U
sz000100,TCL科技,2025-10-29 14:08:00,4.26,2795054,4.26,U
sz000100,TCL科技,2025-10-29 14:08:03,4.26,47200,4.26,D
sz000100,TCL科技,2025-10-29 14:08:06,4.26,78800,4.26,D
sz000100,TCL科技,2025-10-29 14:08:09,4.26,158900,4.26,D
sz000100,TCL科技,2025-10-29 14:08:12,4.26,87600,4.26,D
sz000100,TCL科技,2025-10-29 14:08:15,4.26,494400,4.26,D
sz000100,TCL科技,2025-10-29 14:08:18,4.25,161000,4.26,D
sz000100,TCL科技,2025-10-29 14:08:21,4.26,132900,4.25,U
sz000100,TCL科技,2025-10-29 14:08:24,4.25,25000,4.26,D
sz000100,TCL科技,2025-10-29 14:08:27,4.26,27700,4.25,U
sz000100,TCL科技,2025-10-29 14:08:30,4.26,49500,4.26,U
sz000100,TCL科技,2025-10-29 14:08:33,4.26,101300,4.26,U
sz000100,TCL科技,2025-10-29 14:08:39,4.26,112100,4.26,D
sz000100,TCL科技,2025-10-29 14:08:42,4.26,65800,4.26,D
sz000100,TCL科技,2025-10-29 14:08:45,4.26,83000,4.26,D
sz000100,TCL科技,2025-10-29 14:08:48,4.26,32900,4.26,D
sz000100,TCL科技,2025-10-29 14:08:51,4.26,137900,4.26,D
sz000100,TCL科技,2025-10-29 14:08:54,4.26,53400,4.26,D
sz000100,TCL科技,2025-10-29 14:09:00,4.26,69100,4.26,D
sz000100,TCL科技,2025-10-29 14:09:03,4.26,93900,4.26,D
sz000100,TCL科技,2025-10-29 14:09:06,4.26,59500,4.26,D
sz000100,TCL科技,2025-10-29 14:09:09,4.26,155200,4.26,D
sz000100,TCL科技,2025-10-29 14:09:12,4.26,134900,4.26,D
sz000100,TCL科技,2025-10-29 14:09:15,4.26,59400,4.26,D
sz000100,TCL科技,2025-10-29 14:09:18,4.26,113100,4.26,D
sz000100,TCL科技,2025-10-29 14:09:21,4.26,76000,4.26,D
sz000100,TCL科技,2025-10-29 14:09:24,4.26,91210,4.26,D
sz000100,TCL科技,2025-10-29 14:09:27,4.27,44500,4.26,U
sz000100,TCL科技,2025-10-29 14:09:30,4.27,125100,4.27,U
sz000100,TCL科技,2025-10-29 14:09:33,4.26,90200,4.27,D
sz000100,TCL科技,2025-10-29 14:09:36,4.26,42760,4.26,D
sz000100,TCL科技,2025-10-29 14:09:39,4.26,52500,4.26,D
sz000100,TCL科技,2025-10-29 14:09:42,4.26,29000,4.26,D
sz000100,TCL科技,2025-10-29 14:09:45,4.26,53000,4.26,D
sz000100,TCL科技,2025-10-29 14:09:48,4.26,21300,4.26,D
sz000100,TCL科技,2025-10-29 14:09:51,4.26,43700,4.26,D
sz000100,TCL科技,2025-10-29 14:09:54,4.26,49300,4.26,D
sz000100,TCL科技,2025-10-29 14:09:57,4.26,36510,4.26,D
sz000100,TCL科技,2025-10-29 14:10:00,4.26,93500,4.26,D
sz000100,TCL科技,2025-10-29 14:10:03,4.27,36600,4.26,U
sz000100,TCL科技,2025-10-29 14:10:06,4.26,142100,4.27,D
sz000100,TCL科技,2025-10-29 14:10:09,4.26,188500,4.26,D
sz000100,TCL科技,2025-10-29 14:10:12,4.26,67800,4.26,D
sz000100,TCL科技,2025-10-29 14:10:15,4.26,30100,4.26,D
sz000100,TCL科技,2025-10-29 14:10:18,4.27,110200,4.26,U
sz000100,TCL科技,2025-10-29 14:10:21,4.27,60800,4.27,U
sz000100,TCL科技,2025-10-29 14:10:24,4.26,72900,4.27,D
sz000100,TCL科技,2025-10-29 14:10:27,4.26,30300,4.26,D
sz000100,TCL科技,2025-10-29 14:10:30,4.26,217100,4.26,D
sz000100,TCL科技,2025-10-29 14:10:33,4.27,43000,4.26,U
sz000100,TCL科技,2025-10-29 14:10:36,4.27,74600,4.27,U
sz000100,TCL科技,2025-10-29 14:10:39,4.26,90700,4.27,D
sz000100,TCL科技,2025-10-29 14:10:42,4.26,57600,4.26,D
sz000100,TCL科技,2025-10-29 14:10:45,4.27,58500,4.26,U
sz000100,TCL科技,2025-10-29 14:10:48,4.27,32900,4.27,U
sz000100,TCL科技,2025-10-29 14:10:51,4.27,72100,4.27,U
sz000100,TCL科技,2025-10-29 14:10:54,4.27,55300,4.27,U
sz000100,TCL科技,2025-10-29 14:10:57,4.27,41900,4.27,U
