symbol,name,ticktime,price,volume,prev_price,kind
sz000100,TCL科技,2025-09-22 09:25:00,4.4,1293750,0.0,U
sz000100,TCL科技,2025-09-22 09:30:00,4.41,321900,4.4,U
sz000100,TCL科技,2025-09-22 09:30:03,4.41,1015320,4.41,U
sz000100,TCL科技,2025-09-22 09:30:06,4.41,224400,4.41,D
sz000100,TCL科技,2025-09-22 09:30:09,4.41,40200,4.41,D
sz000100,TCL科技,2025-09-22 09:30:12,4.41,98800,4.41,D
sz000100,TCL科技,2025-09-22 09:30:15,4.41,46500,4.41,D
sz000100,TCL科技,2025-09-22 09:30:18,4.42,21500,4.41,U
sz000100,TCL科技,2025-09-22 09:30:21,4.42,42900,4.42,U
sz000100,TCL科技,2025-09-22 09:30:24,4.41,319500,4.42,D
sz000100,TCL科技,2025-09-22 09:30:27,4.41,148800,4.41,D
sz000100,TCL科技,2025-09-22 09:30:30,4.41,67700,4.41,U
sz000100,TCL科技,2025-09-22 09:30:33,4.41,79500,4.41,U
sz000100,TCL科技,2025-09-22 09:30:36,4.41,34800,4.41,U
sz000100,TCL科技,2025-09-22 09:30:39,4.41,169100,4.41,U
sz000100,TCL科技,2025-09-22 09:30:48,4.4,167500,4.4,D
sz000100,TCL科技,2025-09-22 09:30:51,4.41,44900,4.4,U
sz000100,TCL科技,2025-09-22 09:30:54,4.4,76300,4.41,D
sz000100,TCL科技,2025-09-22 09:31:00,4.4,135900,4.4,D
sz000100,TCL科技,2025-09-22 09:31:03,4.4,1753820,4.4,D
sz000100,TCL科技,2025-09-22 09:31:06,4.4,53700,4.4,U
sz000100,TCL科技,2025-09-22 09:31:09,4.4,43000,4.4,U
sz000100,TCL科技,2025-09-22 09:31:12,4.4,202600,4.4,U
sz000100,TCL科技,2025-09-22 09:31:15,4.4,47700,4.4,U
sz000100,TCL科技,2025-09-22 09:31:18,4.4,47300,4.4,U
sz000100,TCL科技,2025-09-22 09:31:21,4.39,150800,4.4,D
sz000100,TCL科技,2025-09-22 09:31:24,4.39,1670900,4.39,D
sz000100,TCL科技,2025-09-22 09:31:27,4.38,105300,4.39,D
sz000100,TCL科技,2025-09-22 09:31:30,4.39,58200,4.38,U
sz000100,TCL科技,2025-09-22 09:31:33,4.39,55600,4.39,U
sz000100,TCL科技,2025-09-22 09:31:36,4.38,39700,4.39,D
sz000100,TCL科技,2025-09-22 09:31:39,4.39,51900,4.38,U
sz000100,TCL科技,2025-09-22 09:31:42,4.38,96400,4.39,D
sz000100,TCL科技,2025-09-22 09:31:45,4.38,47000,4.38,D
sz000100,TCL科技,2025-09-22 09:31:48,4.38,79800,4.38,D
sz000100,TCL科技,2025-09-22 09:31:51,4.39,118200,4.38,U
sz000100,TCL科技,2025-09-22 09:31:54,4.38,73000,4.39,D
sz000100,TCL科技,2025-09-22 09:31:57,4.38,60400,4.38,D
sz000100,TCL科技,2025-09-22 09:32:00,4.38,25600,4.38,D
sz000100,TCL科技,2025-09-22 09:32:03,4.39,75200,4.38,U
sz000100,TCL科技,2025-09-22 09:32:06,4.39,49200,4.39,U
sz000100,TCL科技,2025-09-22 09:32:09,4.38,71000,4.39,D
sz000100,TCL科技,2025-09-22 09:32:12,4.39,22000,4.38,U
sz000100,TCL科技,2025-09-22 09:32:15,4.39,25700,4.39,U
sz000100,TCL科技,2025-09-22 09:32:18,4.38,110600,4.39,D
sz000100,TCL科技,2025-09-22 09:32:21,4.38,77900,4.38,D
sz000100,TCL科技,2025-09-22 09:32:24,4.38,151700,4.38,D
sz000100,TCL科技,2025-09-22 09:32:27,4.38,64400,4.38,D
sz000100,TCL科技,2025-09-22 09:32:30,4.38,79600,4.38,D
sz000100,TCL科技,2025-09-22 09:32:33,4.38,117500,4.38,D
sz000100,TCL科技,2025-09-22 09:32:36,4.38,101500,4.38,D
sz000100,TCL科技,2025-09-22 09:32:39,4.38,68110,4.38,D
sz000100,TCL科技,2025-09-22 09:32:42,4.38,76500,4.38,D
sz000100,TCL科技,2025-09-22 09:32:45,4.38,129500,4.38,D
sz000100,TCL科技,2025-09-22 09:32:48,4.38,391400,4.38,D
sz000100,TCL科技,2025-09-22 09:32:51,4.38,195100,4.38,D
sz000100,TCL科技,2025-09-22 09:32:54,4.39,328600,4.38,U
sz000100,TCL科技,2025-09-22 09:32:57,4.38,135500,4.39,D
sz000100,TCL科技,2025-09-22 09:33:00,4.39,34600,4.38,U
sz000100,TCL科技,2025-09-22 09:33:03,4.38,97300,4.39,D
sz000100,TCL科技,2025-09-22 09:33:06,4.39,96100,4.38,U
sz000100,TCL科技,2025-09-22 09:33:09,4.38,328000,4.39,D
sz000100,TCL科技,2025-09-22 09:33:12,4.38,69200,4.38,D
sz000100,TCL科技,2025-09-22 09:33:15,4.38,458527,4.38,D
sz000100,TCL科技,2025-09-22 09:33:18,4.39,408600,4.38,U
sz000100,TCL科技,2025-09-22 09:33:21,4.38,905263,4.39,D
sz000100,TCL科技,2025-09-22 09:33:24,4.38,60100,4.38,U
sz000100,TCL科技,2025-09-22 09:33:27,4.37,93200,4.38,D
sz000100,TCL科技,2025-09-22 09:33:30,4.37,66700,4.37,D
sz000100,TCL科技,2025-09-22 09:33:33,4.37,80000,4.37,D
sz000100,TCL科技,2025-09-22 09:33:36,4.37,114000,4.37,D
sz000100,TCL科技,2025-09-22 09:33:42,4.38,30100,4.37,U
sz000100,TCL科技,2025-09-22 09:33:45,4.37,124700,4.38,D
sz000100,TCL科技,2025-09-22 09:33:48,4.37,76620,4.37,D
sz000100,TCL科技,2025-09-22 09:33:51,4.37,87600,4.37,D
sz000100,TCL科技,2025-09-22 09:33:54,4.37,57900,4.37,D
sz000100,TCL科技,2025-09-22 09:33:57,4.37,34600,4.37,D
sz000100,TCL科技,2025-09-22 09:34:00,4.37,41400,4.37,D
sz000100,TCL科技,2025-09-22 09:34:03,4.37,103900,4.37,D
sz000100,TCL科技,2025-09-22 09:34:06,4.37,289900,4.37,D
sz000100,TCL科技,2025-09-22 09:34:09,4.37,214600,4.37,D
sz000100,TCL科技,2025-09-22 09:34:12,4.37,45200,4.37,D
sz000100,TCL科技,2025-09-22 09:34:15,4.37,69500,4.37,D
sz000100,TCL科技,2025-09-22 09:34:18,4.37,270500,4.37,D
sz000100,TCL科技,2025-09-22 09:34:21,4.37,32300,4.37,D
sz000100,TCL科技,2025-09-22 09:34:24,4.38,60000,4.37,U
sz000100,TCL科技,2025-09-22 09:34:27,4.37,154800,4.38,D
sz000100,TCL科技,2025-09-22 09:34:30,4.37,67900,4.37,D
sz000100,TCL科技,2025-09-22 09:34:33,4.37,167300,4.37,D
sz000100,TCL科技,2025-09-22 09:34:36,4.38,106300,4.37,U
sz000100,TCL科技,2025-09-22 09:34:39,4.38,65600,4.38,U
sz000100,TCL科技,2025-09-22 09:34:42,4.36,3036980,4.38,D
sz000100,TCL科技,2025-09-22 09:34:45,4.37,339300,4.36,U
sz000100,TCL科技,2025-09-22 09:34:48,4.36,197600,4.37,D
sz000100,TCL科技,2025-09-22 09:34:51,4.36,375100,4.36,D
sz000100,TCL科技,2025-09-22 09:34:54,4.36,139300,4.36,D
sz000100,TCL科技,2025-09-22 09:34:57,4.37,57600,4.36,U
sz000100,TCL科技,2025-09-22 09:35:00,4.37,50900,4.37,U
sz000100,TCL科技,2025-09-22 09:35:03,4.37,21200,4.37,U
sz000100,TCL科技,2025-09-22 09:35:06,4.36,76600,4.37,D
sz000100,TCL科技,2025-09-22 09:35:09,4.37,269500,4.36,U
sz000100,TCL科技,2025-09-22 09:35:12,4.37,242700,4.37,U
sz000100,TCL科技,2025-09-22 09:35:15,4.37,298400,4.37,U
sz000100,TCL科技,2025-09-22 09:35:18,4.37,587400,4.37,U
sz000100,TCL科技,2025-09-22 09:35:21,4.36,211700,4.37,D
sz000100,TCL科技,2025-09-22 09:35:24,4.36,456900,4.36,D
sz000100,TCL科技,2025-09-22 09:35:27,4.36,146800,4.36,D
sz000100,TCL科技,2025-09-22 09:35:30,4.36,222700,4.36,D
sz000100,TCL科技,2025-09-22 09:35:33,4.36,74900,4.36,D
sz000100,TCL科技,2025-09-22 09:35:36,4.37,247100,4.36,U
sz000100,TCL科技,2025-09-22 09:35:39,4.36,311400,4.37,D
sz000100,TCL科技,2025-09-22 09:35:42,4.37,126000,4.36,U
sz000100,TCL科技,2025-09-22 09:35:45,4.36,112500,4.37,D
sz000100,TCL科技,2025-09-22 09:35:48,4.37,73800,4.36,U
sz000100,TCL科技,2025-09-22 09:35:51,4.37,48500,4.37,U
sz000100,TCL科技,2025-09-22 09:35:54,4.37,122800,4.37,U
sz000100,TCL科技,2025-09-22 09:35:57,4.36,40300,4.37,D
sz000100,TCL科技,2025-09-22 09:36:00,4.37,1408270,4.36,U
sz000100,TCL科技,2025-09-22 09:36:03,4.37,75300,4.37,D
sz000100,TCL科技,2025-09-22 09:36:06,4.37,107300,4.37,D
sz000100,TCL科技,2025-09-22 09:36:09,4.37,559200,4.37,D
sz000100,TCL科技,2025-09-22 09:36:12,4.36,288600,4.37,D
sz000100,TCL科技,2025-09-22 09:36:15,4.37,104900,4.36,U
sz000100,TCL科技,2025-09-22 09:36:18,4.37,285800,4.37,U
sz000100,TCL科技,2025-09-22 09:36:21,4.37,843700,4.37,U
sz000100,TCL科技,2025-09-22 09:36:24,4.37,118700,4.37,D
sz000100,TCL科技,2025-09-22 09:36:27,4.37,37700,4.37,D
sz000100,TCL科技,2025-09-22 09:36:33,4.37,31500,4.37,D
sz000100,TCL科技,2025-09-22 09:36:36,4.37,44500,4.37,D
sz000100,TCL科技,2025-09-22 09:36:39,4.37,28800,4.37,D
sz000100,TCL科技,2025-09-22 09:36:42,4.38,26100,4.37,U
sz000100,TCL科技,2025-09-22 09:36:45,4.38,212500,4.38,U
sz000100,TCL科技,2025-09-22 09:36:51,4.37,72700,4.38,D
sz000100,TCL科技,2025-09-22 09:36:54,4.38,34700,4.37,U
sz000100,TCL科技,2025-09-22 09:36:57,4.38,92500,4.38,U
sz000100,TCL科技,2025-09-22 09:37:00,4.38,23300,4.38,U
sz000100,TCL科技,2025-09-22 09:37:03,4.37,26210,4.38,D
sz000100,TCL科技,2025-09-22 09:37:06,4.38,188700,4.37,U
sz000100,TCL科技,2025-09-22 09:37:09,4.37,30900,4.38,D
sz000100,TCL科技,2025-09-22 09:37:15,4.37,297200,4.37,D
sz000100,TCL科技,2025-09-22 09:37:18,4.37,42400,4.37,D
sz000100,TCL科技,2025-09-22 09:37:21,4.38,181300,4.37,U
sz000100,TCL科技,2025-09-22 09:37:27,4.38,199100,4.38,U
sz000100,TCL科技,2025-09-22 09:37:30,4.37,76700,4.38,D
sz000100,TCL科技,2025-09-22 09:37:33,4.38,218400,4.37,U
sz000100,TCL科技,2025-09-22 09:37:36,4.38,35600,4.38,U
sz000100,TCL科技,2025-09-22 09:37:39,4.37,154300,4.38,D
sz000100,TCL科技,2025-09-22 09:37:42,4.38,46400,4.37,U
sz000100,TCL科技,2025-09-22 09:37:48,4.38,22200,4.38,U
sz000100,TCL科技,2025-09-22 09:37:57,4.37,47900,4.38,D
sz000100,TCL科技,2025-09-22 09:38:00,4.38,29700,4.37,U
sz000100,TCL科技,2025-09-22 09:38:03,4.37,21100,4.38,D
sz000100,TCL科技,2025-09-22 09:38:06,4.37,21400,4.37,D
sz000100,TCL科技,2025-09-22 09:38:09,4.38,155800,4.37,U
sz000100,TCL科技,2025-09-22 09:38:12,4.38,856400,4.38,U
sz000100,TCL科技,2025-09-22 09:38:15,4.37,126600,4.38,D
sz000100,TCL科技,2025-09-22 09:38:18,4.37,28600,4.37,D
sz000100,TCL科技,2025-09-22 09:38:21,4.37,1757890,4.37,D
sz000100,TCL科技,2025-09-22 09:38:24,4.37,147100,4.37,U
sz000100,TCL科技,2025-09-22 09:38:27,4.37,52500,4.37,U
sz000100,TCL科技,2025-09-22 09:38:30,4.36,36600,4.37,D
sz000100,TCL科技,2025-09-22 09:38:33,4.36,51800,4.36,D
sz000100,TCL科技,2025-09-22 09:38:39,4.37,55200,4.36,U
sz000100,TCL科技,2025-09-22 09:38:42,4.37,25600,4.37,U
sz000100,TCL科技,2025-09-22 09:38:45,4.36,31700,4.37,D
sz000100,TCL科技,2025-09-22 09:38:51,4.37,22700,4.36,U
sz000100,TCL科技,2025-09-22 09:38:54,4.36,143300,4.37,D
sz000100,TCL科技,2025-09-22 09:38:57,4.37,24800,4.36,U
sz000100,TCL科技,2025-09-22 09:39:03,4.37,22200,4.37,U
sz000100,TCL科技,2025-09-22 09:39:06,4.37,36000,4.37,U
sz000100,TCL科技,2025-09-22 09:39:09,4.36,41900,4.37,D
sz000100,TCL科技,2025-09-22 09:39:12,4.36,72000,4.36,D
sz000100,TCL科技,2025-09-22 09:39:15,4.36,74700,4.36,D
sz000100,TCL科技,2025-09-22 09:39:21,4.36,127400,4.36,D
sz000100,TCL科技,2025-09-22 09:39:24,4.36,46900,4.36,D
sz000100,TCL科技,2025-09-22 09:39:27,4.36,33710,4.36,D
sz000100,TCL科技,2025-09-22 09:39:33,4.36,20100,4.37,D
sz000100,TCL科技,2025-09-22 09:39:36,4.36,74700,4.36,D
sz000100,TCL科技,2025-09-22 09:39:39,4.36,431700,4.36,D
sz000100,TCL科技,2025-09-22 09:39:42,4.36,93800,4.36,D
sz000100,TCL科技,2025-09-22 09:39:45,4.37,108900,4.36,U
sz000100,TCL科技,2025-09-22 09:39:51,4.37,23000,4.36,U
sz000100,TCL科技,2025-09-22 09:39:54,4.36,130200,4.37,D
sz000100,TCL科技,2025-09-22 09:40:00,4.37,63200,4.36,U
sz000100,TCL科技,2025-09-22 09:40:03,4.37,93900,4.37,U
sz000100,TCL科技,2025-09-22 09:40:06,4.36,58000,4.37,D
sz000100,TCL科技,2025-09-22 09:40:09,4.36,152300,4.36,D
sz000100,TCL科技,2025-09-22 09:40:12,4.36,64400,4.36,D
sz000100,TCL科技,2025-09-22 09:40:15,4.37,35700,4.36,U
sz000100,TCL科技,2025-09-22 09:40:18,4.37,32800,4.37,U
sz000100,TCL科技,2025-09-22 09:40:21,4.36,102900,4.37,D
sz000100,TCL科技,2025-09-22 09:40:24,4.36,196700,4.36,D
sz000100,TCL科技,2025-09-22 09:40:27,4.36,48100,4.36,D
sz000100,TCL科技,2025-09-22 09:40:30,4.36,45600,4.36,D
sz000100,TCL科技,2025-09-22 09:40:33,4.36,36300,4.36,D
sz000100,TCL科技,2025-09-22 09:40:36,4.36,22900,4.36,D
sz000100,TCL科技,2025-09-22 09:40:39,4.36,26000,4.36,D
sz000100,TCL科技,2025-09-22 09:40:51,4.37,35900,4.36,U
sz000100,TCL科技,2025-09-22 09:40:54,4.37,205600,4.37,U
sz000100,TCL科技,2025-09-22 09:41:06,4.37,44300,4.36,U
sz000100,TCL科技,2025-09-22 09:41:09,4.36,85900,4.37,D
sz000100,TCL科技,2025-09-22 09:41:12,4.36,67430,4.36,D
sz000100,TCL科技,2025-09-22 09:41:15,4.36,284200,4.36,D
sz000100,TCL科技,2025-09-22 09:41:18,4.36,1153300,4.36,D
sz000100,TCL科技,2025-09-22 09:41:21,4.36,6634960,4.36,D
sz000100,TCL科技,2025-09-22 09:41:24,4.35,192900,4.36,D
sz000100,TCL科技,2025-09-22 09:41:27,4.35,250620,4.35,D
sz000100,TCL科技,2025-09-22 09:41:30,4.36,189500,4.35,U
sz000100,TCL科技,2025-09-22 09:41:33,4.36,127100,4.36,U
sz000100,TCL科技,2025-09-22 09:41:36,4.36,136700,4.36,U
sz000100,TCL科技,2025-09-22 09:41:39,4.36,48500,4.36,U
sz000100,TCL科技,2025-09-22 09:41:42,4.36,66700,4.36,U
sz000100,TCL科技,2025-09-22 09:41:45,4.35,96800,4.36,D
sz000100,TCL科技,2025-09-22 09:41:48,4.35,125300,4.35,D
sz000100,TCL科技,2025-09-22 09:41:51,4.36,52100,4.35,U
sz000100,TCL科技,2025-09-22 09:41:54,4.35,41000,4.36,D
sz000100,TCL科技,2025-09-22 09:41:57,4.35,78700,4.35,D
sz000100,TCL科技,2025-09-22 09:42:00,4.35,591800,4.35,D
sz000100,TCL科技,2025-09-22 09:42:03,4.36,42400,4.35,U
sz000100,TCL科技,2025-09-22 09:42:06,4.36,40580,4.36,U
sz000100,TCL科技,2025-09-22 09:42:09,4.35,34000,4.36,D
sz000100,TCL科技,2025-09-22 09:42:12,4.36,33500,4.35,U
sz000100,TCL科技,2025-09-22 09:42:15,4.36,130400,4.36,U
sz000100,TCL科技,2025-09-22 09:42:18,4.36,53200,4.36,U
sz000100,TCL科技,2025-09-22 09:42:21,4.36,375300,4.36,U
sz000100,TCL科技,2025-09-22 09:42:24,4.35,115900,4.36,D
sz000100,TCL科技,2025-09-22 09:42:27,4.35,55300,4.35,D
sz000100,TCL科技,2025-09-22 09:42:30,4.36,32800,4.35,U
sz000100,TCL科技,2025-09-22 09:42:33,4.36,2710150,4.36,U
sz000100,TCL科技,2025-09-22 09:42:36,4.36,156400,4.36,D
sz000100,TCL科技,2025-09-22 09:42:39,4.37,38400,4.36,U
sz000100,TCL科技,2025-09-22 09:42:42,4.36,53700,4.37,D
sz000100,TCL科技,2025-09-22 09:42:48,4.37,31300,4.36,U
sz000100,TCL科技,2025-09-22 09:42:54,4.37,42000,4.36,U
sz000100,TCL科技,2025-09-22 09:43:00,4.36,33600,4.36,D
sz000100,TCL科技,2025-09-22 09:43:03,4.36,21200,4.36,D
sz000100,TCL科技,2025-09-22 09:43:09,4.36,34900,4.36,D
sz000100,TCL科技,2025-09-22 09:43:12,4.36,33930,4.36,D
sz000100,TCL科技,2025-09-22 09:43:15,4.37,28400,4.36,U
sz000100,TCL科技,2025-09-22 09:43:21,4.36,62300,4.36,D
sz000100,TCL科技,2025-09-22 09:43:24,4.36,113100,4.36,D
sz000100,TCL科技,2025-09-22 09:43:27,4.36,135900,4.36,D
sz000100,TCL科技,2025-09-22 09:43:30,4.36,379600,4.36,D
sz000100,TCL科技,2025-09-22 09:43:33,4.36,82700,4.36,D
sz000100,TCL科技,2025-09-22 09:43:36,4.37,188700,4.36,U
sz000100,TCL科技,2025-09-22 09:43:42,4.36,25000,4.36,D
sz000100,TCL科技,2025-09-22 09:43:45,4.36,55000,4.36,D
sz000100,TCL科技,2025-09-22 09:43:51,4.36,41600,4.36,D
sz000100,TCL科技,2025-09-22 09:44:00,4.36,21300,4.37,D
sz000100,TCL科技,2025-09-22 09:44:03,4.36,25000,4.36,D
sz000100,TCL科技,2025-09-22 09:44:06,4.36,54700,4.36,D
sz000100,TCL科技,2025-09-22 09:44:15,4.36,64200,4.36,D
sz000100,TCL科技,2025-09-22 09:44:18,4.37,58400,4.36,U
sz000100,TCL科技,2025-09-22 09:44:21,4.36,258100,4.37,D
sz000100,TCL科技,2025-09-22 09:44:27,4.36,60000,4.37,D
sz000100,TCL科技,2025-09-22 09:44:36,4.36,38600,4.36,D
sz000100,TCL科技,2025-09-22 09:44:39,4.36,27700,4.36,D
sz000100,TCL科技,2025-09-22 09:44:45,4.36,45400,4.36,D
sz000100,TCL科技,2025-09-22 09:44:48,4.36,39500,4.36,D
sz000100,TCL科技,2025-09-22 09:44:54,4.36,118500,4.37,D
sz000100,TCL科技,2025-09-22 09:44:57,4.36,29100,4.36,D
sz000100,TCL科技,2025-09-22 09:45:03,4.37,29230,4.37,U
sz000100,TCL科技,2025-09-22 09:45:06,4.36,115600,4.37,D
sz000100,TCL科技,2025-09-22 09:45:09,4.36,93000,4.36,D
sz000100,TCL科技,2025-09-22 09:45:15,4.36,26500,4.36,D
sz000100,TCL科技,2025-09-22 09:45:18,4.37,24900,4.36,U
sz000100,TCL科技,2025-09-22 09:45:21,4.36,101700,4.37,D
sz000100,TCL科技,2025-09-22 09:45:33,4.36,55800,4.36,D
sz000100,TCL科技,2025-09-22 09:45:36,4.36,34000,4.36,D
sz000100,TCL科技,2025-09-22 09:45:39,4.36,45200,4.36,D
sz000100,TCL科技,2025-09-22 09:45:42,4.36,49270,4.36,D
sz000100,TCL科技,2025-09-22 09:45:48,4.37,152800,4.36,U
sz000100,TCL科技,2025-09-22 09:45:54,4.36,20063,4.37,D
sz000100,TCL科技,2025-09-22 09:45:57,4.36,100300,4.36,D
sz000100,TCL科技,2025-09-22 09:46:00,4.36,128700,4.36,D
sz000100,TCL科技,2025-09-22 09:46:06,4.37,29900,4.37,U
sz000100,TCL科技,2025-09-22 09:46:09,4.36,30900,4.37,D
sz000100,TCL科技,2025-09-22 09:46:12,4.36,52100,4.36,D
sz000100,TCL科技,2025-09-22 09:46:15,4.36,32900,4.36,D
sz000100,TCL科技,2025-09-22 09:46:18,4.37,29000,4.36,U
sz000100,TCL科技,2025-09-22 09:46:30,4.36,84400,4.37,D
sz000100,TCL科技,2025-09-22 09:46:36,4.36,116900,4.36,D
sz000100,TCL科技,2025-09-22 09:46:45,4.37,20500,4.36,U
sz000100,TCL科技,2025-09-22 09:46:51,4.36,159000,4.36,D
sz000100,TCL科技,2025-09-22 09:46:54,4.36,40100,4.36,D
sz000100,TCL科技,2025-09-22 09:47:00,4.36,28500,4.36,D
sz000100,TCL科技,2025-09-22 09:47:03,4.36,79300,4.36,D
sz000100,TCL科技,2025-09-22 09:47:09,4.37,31100,4.36,U
sz000100,TCL科技,2025-09-22 09:47:21,4.36,168100,4.37,D
sz000100,TCL科技,2025-09-22 09:47:24,4.37,37500,4.36,U
sz000100,TCL科技,2025-09-22 09:47:27,4.37,215600,4.37,U
sz000100,TCL科技,2025-09-22 09:47:39,4.37,50500,4.37,U
sz000100,TCL科技,2025-09-22 09:47:42,4.36,64400,4.37,D
sz000100,TCL科技,2025-09-22 09:47:57,4.37,89700,4.36,U
sz000100,TCL科技,2025-09-22 09:48:00,4.36,140600,4.37,D
sz000100,TCL科技,2025-09-22 09:48:03,4.36,399100,4.36,D
sz000100,TCL科技,2025-09-22 09:48:06,4.36,3512480,4.36,D
sz000100,TCL科技,2025-09-22 09:48:09,4.35,207500,4.36,D
sz000100,TCL科技,2025-09-22 09:48:18,4.35,105200,4.36,D
sz000100,TCL科技,2025-09-22 09:48:21,4.36,84300,4.35,U
sz000100,TCL科技,2025-09-22 09:48:24,4.35,79900,4.36,D
sz000100,TCL科技,2025-09-22 09:48:27,4.35,47800,4.35,D
sz000100,TCL科技,2025-09-22 09:48:30,4.36,120400,4.35,U
sz000100,TCL科技,2025-09-22 09:48:33,4.36,153400,4.36,U
sz000100,TCL科技,2025-09-22 09:48:36,4.35,67600,4.36,D
sz000100,TCL科技,2025-09-22 09:48:42,4.36,36700,4.36,U
sz000100,TCL科技,2025-09-22 09:48:45,4.35,174100,4.36,D
sz000100,TCL科技,2025-09-22 09:48:48,4.36,63700,4.35,U
sz000100,TCL科技,2025-09-22 09:48:51,4.35,36400,4.36,D
sz000100,TCL科技,2025-09-22 09:48:57,4.35,20600,4.35,D
sz000100,TCL科技,2025-09-22 09:49:00,4.36,44700,4.35,U
sz000100,TCL科技,2025-09-22 09:49:06,4.35,42600,4.35,D
sz000100,TCL科技,2025-09-22 09:49:09,4.36,42400,4.35,U
sz000100,TCL科技,2025-09-22 09:49:12,4.35,47700,4.36,D
sz000100,TCL科技,2025-09-22 09:49:18,4.35,742600,4.35,D
sz000100,TCL科技,2025-09-22 09:49:21,4.35,120500,4.35,D
sz000100,TCL科技,2025-09-22 09:49:24,4.35,40300,4.35,D
sz000100,TCL科技,2025-09-22 09:49:30,4.36,191300,4.36,U
sz000100,TCL科技,2025-09-22 09:49:33,4.35,49600,4.36,D
sz000100,TCL科技,2025-09-22 09:49:36,4.35,126500,4.35,D
sz000100,TCL科技,2025-09-22 09:49:39,4.35,27000,4.35,D
sz000100,TCL科技,2025-09-22 09:49:45,4.35,52700,4.35,D
sz000100,TCL科技,2025-09-22 09:49:48,4.35,92800,4.35,D
sz000100,TCL科技,2025-09-22 09:49:51,4.36,22400,4.35,U
sz000100,TCL科技,2025-09-22 09:49:54,4.35,23200,4.36,D
sz000100,TCL科技,2025-09-22 09:49:57,4.36,25800,4.35,U
sz000100,TCL科技,2025-09-22 09:50:00,4.35,54000,4.36,D
sz000100,TCL科技,2025-09-22 09:50:09,4.35,72200,4.35,D
sz000100,TCL科技,2025-09-22 09:50:12,4.36,93600,4.35,U
sz000100,TCL科技,2025-09-22 09:50:15,4.36,162000,4.36,U
sz000100,TCL科技,2025-09-22 09:50:21,4.35,210300,4.35,D
sz000100,TCL科技,2025-09-22 09:50:24,4.35,34400,4.35,D
sz000100,TCL科技,2025-09-22 09:50:30,4.36,178770,4.36,U
sz000100,TCL科技,2025-09-22 09:50:33,4.36,27500,4.36,U
sz000100,TCL科技,2025-09-22 09:50:36,4.36,21000,4.36,U
sz000100,TCL科技,2025-09-22 09:50:39,4.36,2841000,4.36,U
sz000100,TCL科技,2025-09-22 09:50:42,4.35,224620,4.36,D
sz000100,TCL科技,2025-09-22 09:50:45,4.35,22200,4.35,D
sz000100,TCL科技,2025-09-22 09:50:54,4.35,181900,4.35,D
sz000100,TCL科技,2025-09-22 09:50:57,4.36,109100,4.35,U
sz000100,TCL科技,2025-09-22 09:51:00,4.35,83857,4.36,D
sz000100,TCL科技,2025-09-22 09:51:03,4.35,22200,4.35,D
sz000100,TCL科技,2025-09-22 09:51:12,4.36,68800,4.36,U
sz000100,TCL科技,2025-09-22 09:51:15,4.36,34200,4.36,U
sz000100,TCL科技,2025-09-22 09:51:24,4.36,21800,4.36,U
sz000100,TCL科技,2025-09-22 09:51:30,4.36,24600,4.36,U
sz000100,TCL科技,2025-09-22 09:51:33,4.36,57100,4.36,U
sz000100,TCL科技,2025-09-22 09:51:42,4.36,27400,4.36,U
sz000100,TCL科技,2025-09-22 09:51:45,4.35,25200,4.36,D
sz000100,TCL科技,2025-09-22 09:51:48,4.36,38000,4.35,U
sz000100,TCL科技,2025-09-22 09:51:51,4.36,38500,4.36,U
sz000100,TCL科技,2025-09-22 09:51:54,4.36,28100,4.36,U
sz000100,TCL科技,2025-09-22 09:52:03,4.36,103000,4.36,U
sz000100,TCL科技,2025-09-22 09:52:06,4.36,44000,4.36,U
sz000100,TCL科技,2025-09-22 09:52:09,4.35,37100,4.36,D
sz000100,TCL科技,2025-09-22 09:52:12,4.36,36700,4.35,U
sz000100,TCL科技,2025-09-22 09:52:15,4.36,48600,4.36,U
sz000100,TCL科技,2025-09-22 09:52:18,4.36,53400,4.36,U
sz000100,TCL科技,2025-09-22 09:52:21,4.36,26900,4.36,U
sz000100,TCL科技,2025-09-22 09:52:30,4.35,27700,4.36,D
sz000100,TCL科技,2025-09-22 09:52:33,4.35,57070,4.35,D
sz000100,TCL科技,2025-09-22 09:52:36,4.35,39700,4.35,D
sz000100,TCL科技,2025-09-22 09:52:39,4.36,50900,4.35,U
sz000100,TCL科技,2025-09-22 09:52:42,4.35,62800,4.36,D
sz000100,TCL科技,2025-09-22 09:52:51,4.35,86900,4.36,D
sz000100,TCL科技,2025-09-22 09:52:54,4.36,64000,4.35,U
sz000100,TCL科技,2025-09-22 09:52:57,4.36,87200,4.36,U
sz000100,TCL科技,2025-09-22 09:53:00,4.35,361700,4.36,D
sz000100,TCL科技,2025-09-22 09:53:03,4.35,44500,4.35,D
sz000100,TCL科技,2025-09-22 09:53:06,4.35,141900,4.35,D
sz000100,TCL科技,2025-09-22 09:53:09,4.36,114300,4.35,U
sz000100,TCL科技,2025-09-22 09:53:12,4.35,261800,4.36,D
sz000100,TCL科技,2025-09-22 09:53:15,4.35,8119733,4.35,D
sz000100,TCL科技,2025-09-22 09:53:18,4.35,277400,4.35,U
sz000100,TCL科技,2025-09-22 09:53:21,4.34,256400,4.35,D
sz000100,TCL科技,2025-09-22 09:53:24,4.34,216400,4.34,D
sz000100,TCL科技,2025-09-22 09:53:27,4.35,77900,4.34,U
sz000100,TCL科技,2025-09-22 09:53:30,4.34,103300,4.35,D
sz000100,TCL科技,2025-09-22 09:53:36,4.34,59400,4.35,D
sz000100,TCL科技,2025-09-22 09:53:39,4.34,219500,4.34,D
sz000100,TCL科技,2025-09-22 09:53:42,4.35,120400,4.34,U
sz000100,TCL科技,2025-09-22 09:53:45,4.34,67700,4.35,D
sz000100,TCL科技,2025-09-22 09:53:48,4.34,44700,4.34,D
sz000100,TCL科技,2025-09-22 09:53:51,4.34,151400,4.34,D
sz000100,TCL科技,2025-09-22 09:53:54,4.34,35900,4.34,D
sz000100,TCL科技,2025-09-22 09:53:57,4.35,126200,4.34,U
sz000100,TCL科技,2025-09-22 09:54:03,4.35,122800,4.34,U
sz000100,TCL科技,2025-09-22 09:54:06,4.35,209500,4.35,U
sz000100,TCL科技,2025-09-22 09:54:09,4.34,57800,4.35,D
sz000100,TCL科技,2025-09-22 09:54:18,4.34,21800,4.35,D
sz000100,TCL科技,2025-09-22 09:54:21,4.34,239200,4.34,D
sz000100,TCL科技,2025-09-22 09:54:24,4.35,36400,4.34,U
sz000100,TCL科技,2025-09-22 09:54:27,4.34,105800,4.35,D
sz000100,TCL科技,2025-09-22 09:54:30,4.35,41100,4.34,U
sz000100,TCL科技,2025-09-22 09:54:33,4.34,80900,4.35,D
sz000100,TCL科技,2025-09-22 09:54:36,4.34,71000,4.34,D
sz000100,TCL科技,2025-09-22 09:54:39,4.34,75700,4.34,D
sz000100,TCL科技,2025-09-22 09:54:42,4.34,102100,4.34,D
sz000100,TCL科技,2025-09-22 09:54:45,4.35,25000,4.34,U
sz000100,TCL科技,2025-09-22 09:54:48,4.35,55500,4.35,U
sz000100,TCL科技,2025-09-22 09:54:51,4.34,311100,4.35,D
sz000100,TCL科技,2025-09-22 09:54:54,4.34,46400,4.34,D
sz000100,TCL科技,2025-09-22 09:54:57,4.34,33900,4.34,D
sz000100,TCL科技,2025-09-22 09:55:03,4.34,27500,4.34,D
sz000100,TCL科技,2025-09-22 09:55:06,4.35,25300,4.34,U
sz000100,TCL科技,2025-09-22 09:55:09,4.35,27300,4.35,U
sz000100,TCL科技,2025-09-22 09:55:12,4.34,49900,4.35,D
sz000100,TCL科技,2025-09-22 09:55:18,4.34,53400,4.34,D
sz000100,TCL科技,2025-09-22 09:55:27,4.34,25600,4.35,D
sz000100,TCL科技,2025-09-22 09:55:30,4.35,39700,4.34,U
sz000100,TCL科技,2025-09-22 09:55:36,4.35,22900,4.34,U
sz000100,TCL科技,2025-09-22 09:55:39,4.35,48000,4.35,U
sz000100,TCL科技,2025-09-22 09:55:42,4.34,31310,4.35,D
sz000100,TCL科技,2025-09-22 09:55:45,4.35,50000,4.34,U
sz000100,TCL科技,2025-09-22 09:55:48,4.35,123900,4.35,U
sz000100,TCL科技,2025-09-22 09:55:51,4.34,35100,4.35,D
sz000100,TCL科技,2025-09-22 09:55:54,4.34,21900,4.34,D
sz000100,TCL科技,2025-09-22 09:55:57,4.34,27900,4.34,D
sz000100,TCL科技,2025-09-22 09:56:03,4.34,27700,4.35,D
sz000100,TCL科技,2025-09-22 09:56:06,4.34,79600,4.34,D
sz000100,TCL科技,2025-09-22 09:56:09,4.35,100600,4.34,U
sz000100,TCL科技,2025-09-22 09:56:12,4.34,23100,4.35,D
sz000100,TCL科技,2025-09-22 09:56:24,4.34,35100,4.35,D
sz000100,TCL科技,2025-09-22 09:56:33,4.34,29900,4.35,D
sz000100,TCL科技,2025-09-22 09:56:36,4.35,39200,4.34,U
sz000100,TCL科技,2025-09-22 09:56:39,4.35,73300,4.35,U
sz000100,TCL科技,2025-09-22 09:56:42,4.34,28400,4.35,D
sz000100,TCL科技,2025-09-22 09:56:45,4.34,41900,4.34,D
sz000100,TCL科技,2025-09-22 09:56:51,4.35,26200,4.35,U
sz000100,TCL科技,2025-09-22 09:56:54,4.34,87800,4.35,D
sz000100,TCL科技,2025-09-22 09:56:57,4.35,28400,4.34,U
sz000100,TCL科技,2025-09-22 09:57:03,4.34,235200,4.34,D
sz000100,TCL科技,2025-09-22 09:57:06,4.35,168800,4.34,U
sz000100,TCL科技,2025-09-22 09:57:12,4.35,45500,4.34,U
sz000100,TCL科技,2025-09-22 09:57:15,4.35,44100,4.35,U
sz000100,TCL科技,2025-09-22 09:57:21,4.35,39100,4.35,U
sz000100,TCL科技,2025-09-22 09:57:27,4.34,111500,4.34,D
sz000100,TCL科技,2025-09-22 09:57:30,4.35,35600,4.34,U
sz000100,TCL科技,2025-09-22 09:57:36,4.35,20000,4.34,U
sz000100,TCL科技,2025-09-22 09:57:39,4.35,31400,4.35,U
sz000100,TCL科技,2025-09-22 09:57:48,4.34,23800,4.35,D
sz000100,TCL科技,2025-09-22 09:57:54,4.34,23600,4.34,D
sz000100,TCL科技,2025-09-22 09:58:00,4.35,21200,4.35,U
sz000100,TCL科技,2025-09-22 09:58:03,4.35,68910,4.35,U
sz000100,TCL科技,2025-09-22 09:58:06,4.35,40800,4.35,U
sz000100,TCL科技,2025-09-22 09:58:09,4.35,64500,4.35,U
sz000100,TCL科技,2025-09-22 09:58:12,4.34,41900,4.35,D
sz000100,TCL科技,2025-09-22 09:58:15,4.34,30300,4.34,D
sz000100,TCL科技,2025-09-22 09:58:18,4.34,750200,4.34,D
sz000100,TCL科技,2025-09-22 09:58:21,4.35,38700,4.34,U
sz000100,TCL科技,2025-09-22 09:58:27,4.34,454700,4.35,D
sz000100,TCL科技,2025-09-22 09:58:30,4.34,1060000,4.34,D
sz000100,TCL科技,2025-09-22 09:58:33,4.34,72300,4.34,D
sz000100,TCL科技,2025-09-22 09:58:36,4.35,51690,4.34,U
sz000100,TCL科技,2025-09-22 09:58:39,4.34,28700,4.35,D
sz000100,TCL科技,2025-09-22 09:58:48,4.34,97300,4.34,D
sz000100,TCL科技,2025-09-22 09:58:51,4.34,93100,4.34,D
sz000100,TCL科技,2025-09-22 09:58:57,4.34,250200,4.34,D
sz000100,TCL科技,2025-09-22 09:59:00,4.34,39500,4.34,D
sz000100,TCL科技,2025-09-22 09:59:06,4.34,82200,4.34,D
sz000100,TCL科技,2025-09-22 09:59:09,4.35,85400,4.34,U
sz000100,TCL科技,2025-09-22 09:59:18,4.34,2979040,4.35,D
sz000100,TCL科技,2025-09-22 09:59:21,4.34,145200,4.34,U
sz000100,TCL科技,2025-09-22 09:59:24,4.34,76200,4.34,U
sz000100,TCL科技,2025-09-22 09:59:27,4.34,222200,4.34,U
sz000100,TCL科技,2025-09-22 09:59:30,4.34,92900,4.34,U
sz000100,TCL科技,2025-09-22 09:59:33,4.34,144400,4.34,U
sz000100,TCL科技,2025-09-22 09:59:36,4.34,208300,4.34,U
sz000100,TCL科技,2025-09-22 09:59:39,4.33,26600,4.34,D
sz000100,TCL科技,2025-09-22 09:59:42,4.34,181500,4.33,U
sz000100,TCL科技,2025-09-22 09:59:45,4.34,74200,4.34,U
sz000100,TCL科技,2025-09-22 09:59:48,4.33,612700,4.34,D
sz000100,TCL科技,2025-09-22 09:59:51,4.34,38300,4.33,U
sz000100,TCL科技,2025-09-22 09:59:54,4.34,299200,4.34,U
sz000100,TCL科技,2025-09-22 09:59:57,4.33,68200,4.34,D
sz000100,TCL科技,2025-09-22 10:00:00,4.33,229000,4.33,D
sz000100,TCL科技,2025-09-22 10:00:03,4.33,95900,4.33,D
sz000100,TCL科技,2025-09-22 10:00:06,4.34,64100,4.33,U
sz000100,TCL科技,2025-09-22 10:00:09,4.34,91200,4.34,U
sz000100,TCL科技,2025-09-22 10:00:12,4.33,131900,4.34,D
sz000100,TCL科技,2025-09-22 10:00:15,4.33,122900,4.33,D
sz000100,TCL科技,2025-09-22 10:00:18,4.34,58200,4.33,U
sz000100,TCL科技,2025-09-22 10:00:27,4.33,39500,4.33,D
sz000100,TCL科技,2025-09-22 10:00:30,4.34,27800,4.33,U
sz000100,TCL科技,2025-09-22 10:00:33,4.33,426000,4.34,D
sz000100,TCL科技,2025-09-22 10:00:39,4.34,31900,4.33,U
sz000100,TCL科技,2025-09-22 10:00:42,4.33,190200,4.34,D
sz000100,TCL科技,2025-09-22 10:00:48,4.33,44600,4.33,D
sz000100,TCL科技,2025-09-22 10:00:51,4.34,40900,4.33,U
sz000100,TCL科技,2025-09-22 10:00:57,4.33,47400,4.33,D
sz000100,TCL科技,2025-09-22 10:01:00,4.34,55200,4.33,U
sz000100,TCL科技,2025-09-22 10:01:06,4.33,153000,4.34,D
sz000100,TCL科技,2025-09-22 10:01:09,4.33,255400,4.33,D
sz000100,TCL科技,2025-09-22 10:01:12,4.34,145500,4.33,U
sz000100,TCL科技,2025-09-22 10:01:15,4.34,65400,4.34,U
sz000100,TCL科技,2025-09-22 10:01:33,4.34,58500,4.34,U
sz000100,TCL科技,2025-09-22 10:01:36,4.34,32300,4.34,U
sz000100,TCL科技,2025-09-22 10:01:39,4.33,50900,4.34,D
sz000100,TCL科技,2025-09-22 10:01:42,4.33,26100,4.33,D
sz000100,TCL科技,2025-09-22 10:01:45,4.33,33800,4.33,D
sz000100,TCL科技,2025-09-22 10:02:00,4.34,145300,4.33,U
sz000100,TCL科技,2025-09-22 10:02:03,4.34,21300,4.34,U
sz000100,TCL科技,2025-09-22 10:02:06,4.33,81200,4.34,D
sz000100,TCL科技,2025-09-22 10:02:12,4.34,21000,4.34,U
sz000100,TCL科技,2025-09-22 10:02:15,4.33,105000,4.34,D
sz000100,TCL科技,2025-09-22 10:02:21,4.34,69000,4.34,U
sz000100,TCL科技,2025-09-22 10:02:24,4.34,22200,4.34,U
sz000100,TCL科技,2025-09-22 10:02:27,4.33,68500,4.34,D
sz000100,TCL科技,2025-09-22 10:02:30,4.33,69300,4.33,D
sz000100,TCL科技,2025-09-22 10:02:36,4.34,36900,4.33,U
sz000100,TCL科技,2025-09-22 10:02:39,4.34,1980500,4.34,U
sz000100,TCL科技,2025-09-22 10:02:42,4.34,295400,4.34,U
sz000100,TCL科技,2025-09-22 10:02:45,4.34,263400,4.34,U
sz000100,TCL科技,2025-09-22 10:02:48,4.34,252200,4.34,U
sz000100,TCL科技,2025-09-22 10:02:51,4.34,585320,4.34,U
sz000100,TCL科技,2025-09-22 10:02:54,4.34,31400,4.34,D
sz000100,TCL科技,2025-09-22 10:02:57,4.34,43200,4.34,D
sz000100,TCL科技,2025-09-22 10:03:06,4.34,51500,4.34,D
sz000100,TCL科技,2025-09-22 10:03:12,4.34,88100,4.34,D
sz000100,TCL科技,2025-09-22 10:03:27,4.35,25400,4.34,U
sz000100,TCL科技,2025-09-22 10:03:45,4.34,90000,4.34,D
sz000100,TCL科技,2025-09-22 10:03:48,4.34,661500,4.34,D
sz000100,TCL科技,2025-09-22 10:03:51,4.34,114800,4.34,D
sz000100,TCL科技,2025-09-22 10:03:57,4.35,75500,4.35,U
sz000100,TCL科技,2025-09-22 10:04:00,4.34,41200,4.35,D
sz000100,TCL科技,2025-09-22 10:04:06,4.34,49200,4.35,D
sz000100,TCL科技,2025-09-22 10:04:12,4.34,27200,4.35,D
sz000100,TCL科技,2025-09-22 10:04:15,4.35,52400,4.34,U
sz000100,TCL科技,2025-09-22 10:04:18,4.35,46300,4.35,U
sz000100,TCL科技,2025-09-22 10:04:21,4.34,48400,4.35,D
sz000100,TCL科技,2025-09-22 10:04:24,4.35,33200,4.34,U
sz000100,TCL科技,2025-09-22 10:04:33,4.35,80000,4.35,U
sz000100,TCL科技,2025-09-22 10:04:36,4.34,50800,4.35,D
sz000100,TCL科技,2025-09-22 10:04:42,4.34,123600,4.34,D
sz000100,TCL科技,2025-09-22 10:04:45,4.34,193850,4.34,D
sz000100,TCL科技,2025-09-22 10:04:48,4.35,46600,4.34,U
sz000100,TCL科技,2025-09-22 10:04:54,4.34,32000,4.35,D
sz000100,TCL科技,2025-09-22 10:05:00,4.35,23700,4.34,U
sz000100,TCL科技,2025-09-22 10:05:03,4.34,36600,4.35,D
sz000100,TCL科技,2025-09-22 10:05:06,4.34,40500,4.34,D
sz000100,TCL科技,2025-09-22 10:05:12,4.34,28100,4.35,D
sz000100,TCL科技,2025-09-22 10:05:18,4.35,374700,4.35,U
sz000100,TCL科技,2025-09-22 10:05:21,4.35,49600,4.35,U
sz000100,TCL科技,2025-09-22 10:05:33,4.35,29000,4.34,U
sz000100,TCL科技,2025-09-22 10:05:36,4.35,33300,4.35,U
sz000100,TCL科技,2025-09-22 10:05:39,4.35,2061505,4.35,U
sz000100,TCL科技,2025-09-22 10:05:42,4.35,56500,4.35,D
sz000100,TCL科技,2025-09-22 10:05:45,4.35,23000,4.35,D
sz000100,TCL科技,2025-09-22 10:06:00,4.35,45100,4.35,D
sz000100,TCL科技,2025-09-22 10:06:03,4.35,51200,4.35,D
sz000100,TCL科技,2025-09-22 10:06:06,4.35,44100,4.35,D
sz000100,TCL科技,2025-09-22 10:06:15,4.35,82200,4.36,D
sz000100,TCL科技,2025-09-22 10:06:33,4.35,45600,4.36,D
sz000100,TCL科技,2025-09-22 10:06:39,4.35,42000,4.35,D
sz000100,TCL科技,2025-09-22 10:06:42,4.36,36700,4.35,U
sz000100,TCL科技,2025-09-22 10:06:45,4.35,121000,4.36,D
sz000100,TCL科技,2025-09-22 10:06:48,4.35,43800,4.35,D
sz000100,TCL科技,2025-09-22 10:06:57,4.36,24420,4.35,U
sz000100,TCL科技,2025-09-22 10:07:12,4.35,42700,4.36,D
sz000100,TCL科技,2025-09-22 10:07:15,4.35,25800,4.35,D
sz000100,TCL科技,2025-09-22 10:07:18,4.36,55800,4.35,U
sz000100,TCL科技,2025-09-22 10:07:21,4.35,33900,4.36,D
sz000100,TCL科技,2025-09-22 10:07:24,4.36,35000,4.35,U
sz000100,TCL科技,2025-09-22 10:07:30,4.36,20500,4.36,U
sz000100,TCL科技,2025-09-22 10:07:45,4.35,24600,4.36,D
sz000100,TCL科技,2025-09-22 10:08:06,4.35,26700,4.36,D
sz000100,TCL科技,2025-09-22 10:08:09,4.36,39300,4.35,U
sz000100,TCL科技,2025-09-22 10:08:21,4.36,31400,4.36,U
sz000100,TCL科技,2025-09-22 10:08:45,4.35,28900,4.35,D
sz000100,TCL科技,2025-09-22 10:09:15,4.36,664100,4.35,U
sz000100,TCL科技,2025-09-22 10:09:18,4.36,23100,4.36,U
sz000100,TCL科技,2025-09-22 10:09:21,4.36,161500,4.36,U
sz000100,TCL科技,2025-09-22 10:09:24,4.36,61500,4.36,U
sz000100,TCL科技,2025-09-22 10:09:33,4.36,20200,4.35,U
sz000100,TCL科技,2025-09-22 10:09:36,4.35,29100,4.36,D
sz000100,TCL科技,2025-09-22 10:09:39,4.36,299200,4.35,U
sz000100,TCL科技,2025-09-22 10:09:42,4.36,1116800,4.36,U
sz000100,TCL科技,2025-09-22 10:09:48,4.36,27200,4.36,U
sz000100,TCL科技,2025-09-22 10:09:51,4.36,63600,4.36,U
sz000100,TCL科技,2025-09-22 10:09:54,4.36,60100,4.36,U
sz000100,TCL科技,2025-09-22 10:09:57,4.36,22700,4.36,U
sz000100,TCL科技,2025-09-22 10:10:00,4.36,40000,4.36,U
sz000100,TCL科技,2025-09-22 10:10:03,4.35,77900,4.36,D
sz000100,TCL科技,2025-09-22 10:10:06,4.36,31900,4.35,U
sz000100,TCL科技,2025-09-22 10:10:09,4.35,35320,4.36,D
sz000100,TCL科技,2025-09-22 10:10:12,4.36,24100,4.35,U
sz000100,TCL科技,2025-09-22 10:10:27,4.35,41100,4.35,D
sz000100,TCL科技,2025-09-22 10:10:39,4.35,21200,4.36,D
sz000100,TCL科技,2025-09-22 10:11:06,4.36,24700,4.35,U
sz000100,TCL科技,2025-09-22 10:11:33,4.35,32700,4.35,D
sz000100,TCL科技,2025-09-22 10:11:45,4.35,27500,4.35,D
sz000100,TCL科技,2025-09-22 10:11:48,4.36,54400,4.35,U
sz000100,TCL科技,2025-09-22 10:12:21,4.35,59800,4.35,D
sz000100,TCL科技,2025-09-22 10:12:27,4.36,26900,4.36,U
sz000100,TCL科技,2025-09-22 10:12:36,4.36,44600,4.36,U
sz000100,TCL科技,2025-09-22 10:12:48,4.35,30500,4.35,D
sz000100,TCL科技,2025-09-22 10:12:51,4.35,23300,4.35,D
sz000100,TCL科技,2025-09-22 10:13:03,4.35,38700,4.35,D
sz000100,TCL科技,2025-09-22 10:13:06,4.35,107000,4.35,D
sz000100,TCL科技,2025-09-22 10:13:09,4.35,23700,4.35,D
sz000100,TCL科技,2025-09-22 10:13:12,4.35,47800,4.35,D
sz000100,TCL科技,2025-09-22 10:13:42,4.35,24300,4.35,D
sz000100,TCL科技,2025-09-22 10:13:45,4.36,143600,4.35,U
sz000100,TCL科技,2025-09-22 10:13:57,4.36,25900,4.36,U
sz000100,TCL科技,2025-09-22 10:14:09,4.36,28700,4.36,U
sz000100,TCL科技,2025-09-22 10:14:12,4.36,34400,4.36,U
sz000100,TCL科技,2025-09-22 10:14:30,4.35,83500,4.35,D
sz000100,TCL科技,2025-09-22 10:14:33,4.35,210300,4.35,D
sz000100,TCL科技,2025-09-22 10:14:42,4.36,38100,4.36,U
sz000100,TCL科技,2025-09-22 10:14:48,4.36,20500,4.35,U
sz000100,TCL科技,2025-09-22 10:14:51,4.35,23300,4.36,D
sz000100,TCL科技,2025-09-22 10:14:57,4.35,64800,4.36,D
sz000100,TCL科技,2025-09-22 10:15:09,4.35,40900,4.35,D
sz000100,TCL科技,2025-09-22 10:15:12,4.36,35100,4.35,U
sz000100,TCL科技,2025-09-22 10:15:15,4.36,54900,4.36,U
sz000100,TCL科技,2025-09-22 10:15:21,4.36,111700,4.36,U
sz000100,TCL科技,2025-09-22 10:15:27,4.36,59900,4.35,U
sz000100,TCL科技,2025-09-22 10:15:33,4.35,70600,4.35,D
sz000100,TCL科技,2025-09-22 10:15:45,4.36,27000,4.36,U
sz000100,TCL科技,2025-09-22 10:15:54,4.35,31560,4.36,D
sz000100,TCL科技,2025-09-22 10:16:24,4.35,59600,4.36,D
sz000100,TCL科技,2025-09-22 10:16:30,4.35,34800,4.35,D
sz000100,TCL科技,2025-09-22 10:16:57,4.35,39700,4.36,D
sz000100,TCL科技,2025-09-22 10:17:00,4.36,102600,4.35,U
sz000100,TCL科技,2025-09-22 10:17:03,4.36,691500,4.36,U
sz000100,TCL科技,2025-09-22 10:17:06,4.36,277400,4.36,U
sz000100,TCL科技,2025-09-22 10:17:09,4.36,235600,4.36,U
sz000100,TCL科技,2025-09-22 10:17:12,4.36,73300,4.36,U
sz000100,TCL科技,2025-09-22 10:17:18,4.36,27300,4.36,U
sz000100,TCL科技,2025-09-22 10:17:21,4.36,92900,4.36,U
sz000100,TCL科技,2025-09-22 10:17:24,4.36,161400,4.36,U
sz000100,TCL科技,2025-09-22 10:17:30,4.35,34400,4.35,D
sz000100,TCL科技,2025-09-22 10:17:36,4.35,40600,4.36,D
sz000100,TCL科技,2025-09-22 10:17:39,4.36,61800,4.35,U
sz000100,TCL科技,2025-09-22 10:17:42,4.36,27800,4.36,U
sz000100,TCL科技,2025-09-22 10:17:51,4.35,170600,4.35,D
sz000100,TCL科技,2025-09-22 10:17:57,4.36,66500,4.35,U
sz000100,TCL科技,2025-09-22 10:18:06,4.35,26500,4.35,D
sz000100,TCL科技,2025-09-22 10:18:18,4.36,193300,4.36,U
sz000100,TCL科技,2025-09-22 10:18:21,4.36,178800,4.36,U
sz000100,TCL科技,2025-09-22 10:18:24,4.36,643340,4.36,U
sz000100,TCL科技,2025-09-22 10:18:27,4.36,223200,4.36,D
sz000100,TCL科技,2025-09-22 10:18:33,4.36,179950,4.36,D
sz000100,TCL科技,2025-09-22 10:18:36,4.36,35500,4.36,D
sz000100,TCL科技,2025-09-22 10:18:39,4.36,20900,4.36,D
sz000100,TCL科技,2025-09-22 10:18:42,4.36,26700,4.36,D
sz000100,TCL科技,2025-09-22 10:18:45,4.37,329600,4.36,U
sz000100,TCL科技,2025-09-22 10:18:48,4.36,35000,4.37,D
sz000100,TCL科技,2025-09-22 10:18:54,4.36,21200,4.36,D
sz000100,TCL科技,2025-09-22 10:18:57,4.36,97400,4.36,D
sz000100,TCL科技,2025-09-22 10:19:00,4.36,63100,4.36,D
sz000100,TCL科技,2025-09-22 10:19:03,4.36,25600,4.36,D
sz000100,TCL科技,2025-09-22 10:19:06,4.36,26100,4.36,D
sz000100,TCL科技,2025-09-22 10:19:09,4.36,110100,4.36,D
sz000100,TCL科技,2025-09-22 10:19:12,4.36,91300,4.36,D
sz000100,TCL科技,2025-09-22 10:19:18,4.36,61600,4.36,D
sz000100,TCL科技,2025-09-22 10:19:21,4.36,108800,4.36,D
sz000100,TCL科技,2025-09-22 10:19:27,4.36,54700,4.36,U
sz000100,TCL科技,2025-09-22 10:19:30,4.36,63800,4.36,U
sz000100,TCL科技,2025-09-22 10:19:36,4.35,66100,4.35,D
sz000100,TCL科技,2025-09-22 10:19:42,4.35,25600,4.36,D
sz000100,TCL科技,2025-09-22 10:19:45,4.36,47200,4.35,U
sz000100,TCL科技,2025-09-22 10:19:54,4.36,544970,4.36,U
sz000100,TCL科技,2025-09-22 10:19:57,4.36,21800,4.36,D
sz000100,TCL科技,2025-09-22 10:20:06,4.36,28300,4.36,D
sz000100,TCL科技,2025-09-22 10:20:09,4.37,44000,4.36,U
sz000100,TCL科技,2025-09-22 10:20:12,4.36,31900,4.37,D
sz000100,TCL科技,2025-09-22 10:20:18,4.38,7402220,4.36,U
sz000100,TCL科技,2025-09-22 10:20:21,4.38,1036600,4.38,D
sz000100,TCL科技,2025-09-22 10:20:24,4.39,276200,4.38,U
sz000100,TCL科技,2025-09-22 10:20:27,4.39,239900,4.39,U
sz000100,TCL科技,2025-09-22 10:20:30,4.39,155900,4.39,U
sz000100,TCL科技,2025-09-22 10:20:33,4.39,171100,4.39,U
sz000100,TCL科技,2025-09-22 10:20:36,4.39,1747610,4.39,U
sz000100,TCL科技,2025-09-22 10:20:39,4.4,828900,4.39,U
sz000100,TCL科技,2025-09-22 10:20:42,4.39,274100,4.4,D
sz000100,TCL科技,2025-09-22 10:20:45,4.4,132800,4.39,U
sz000100,TCL科技,2025-09-22 10:20:48,4.39,120700,4.4,D
sz000100,TCL科技,2025-09-22 10:20:51,4.4,100500,4.39,U
sz000100,TCL科技,2025-09-22 10:20:54,4.4,89800,4.4,U
sz000100,TCL科技,2025-09-22 10:20:57,4.4,65100,4.4,U
sz000100,TCL科技,2025-09-22 10:21:03,4.4,27000,4.4,U
sz000100,TCL科技,2025-09-22 10:21:06,4.39,106800,4.4,D
sz000100,TCL科技,2025-09-22 10:21:09,4.4,21800,4.39,U
sz000100,TCL科技,2025-09-22 10:21:15,4.39,80900,4.4,D
sz000100,TCL科技,2025-09-22 10:21:18,4.4,36900,4.39,U
sz000100,TCL科技,2025-09-22 10:21:21,4.4,81300,4.4,U
sz000100,TCL科技,2025-09-22 10:21:24,4.39,31200,4.4,D
sz000100,TCL科技,2025-09-22 10:21:30,4.4,85000,4.39,U
sz000100,TCL科技,2025-09-22 10:21:33,4.4,3181470,4.4,U
sz000100,TCL科技,2025-09-22 10:21:36,4.4,655600,4.4,D
sz000100,TCL科技,2025-09-22 10:21:39,4.4,186110,4.4,D
sz000100,TCL科技,2025-09-22 10:21:42,4.4,421300,4.4,D
sz000100,TCL科技,2025-09-22 10:21:45,4.4,366400,4.4,D
sz000100,TCL科技,2025-09-22 10:21:48,4.41,161400,4.4,U
sz000100,TCL科技,2025-09-22 10:21:51,4.41,243600,4.41,U
sz000100,TCL科技,2025-09-22 10:21:54,4.4,84600,4.41,D
sz000100,TCL科技,2025-09-22 10:21:57,4.41,156100,4.4,U
sz000100,TCL科技,2025-09-22 10:22:00,4.4,199900,4.41,D
sz000100,TCL科技,2025-09-22 10:22:03,4.41,142900,4.4,U
sz000100,TCL科技,2025-09-22 10:22:06,4.4,73900,4.41,D
sz000100,TCL科技,2025-09-22 10:22:09,4.41,30600,4.4,U
sz000100,TCL科技,2025-09-22 10:22:12,4.4,58400,4.41,D
sz000100,TCL科技,2025-09-22 10:22:18,4.4,35500,4.41,D
sz000100,TCL科技,2025-09-22 10:22:21,4.41,91450,4.4,U
sz000100,TCL科技,2025-09-22 10:22:24,4.41,46200,4.41,U
sz000100,TCL科技,2025-09-22 10:22:27,4.41,28800,4.41,U
sz000100,TCL科技,2025-09-22 10:22:30,4.41,62700,4.41,U
sz000100,TCL科技,2025-09-22 10:22:33,4.41,121900,4.41,U
sz000100,TCL科技,2025-09-22 10:22:36,4.41,94400,4.41,U
sz000100,TCL科技,2025-09-22 10:22:45,4.41,81000,4.41,U
sz000100,TCL科技,2025-09-22 10:22:51,4.4,47300,4.41,D
sz000100,TCL科技,2025-09-22 10:23:00,4.41,98200,4.4,U
sz000100,TCL科技,2025-09-22 10:23:06,4.4,55800,4.4,D
sz000100,TCL科技,2025-09-22 10:23:09,4.4,58700,4.4,D
sz000100,TCL科技,2025-09-22 10:23:12,4.41,67700,4.4,U
sz000100,TCL科技,2025-09-22 10:23:15,4.4,58300,4.41,D
sz000100,TCL科技,2025-09-22 10:23:18,4.4,38200,4.4,D
sz000100,TCL科技,2025-09-22 10:23:21,4.41,47500,4.4,U
sz000100,TCL科技,2025-09-22 10:23:24,4.4,60000,4.41,D
sz000100,TCL科技,2025-09-22 10:23:27,4.41,43500,4.4,U
sz000100,TCL科技,2025-09-22 10:23:30,4.41,39900,4.41,U
sz000100,TCL科技,2025-09-22 10:23:33,4.41,22600,4.41,U
sz000100,TCL科技,2025-09-22 10:23:36,4.41,24700,4.41,U
sz000100,TCL科技,2025-09-22 10:23:39,4.41,53500,4.41,U
sz000100,TCL科技,2025-09-22 10:23:42,4.41,31800,4.41,U
sz000100,TCL科技,2025-09-22 10:23:48,4.41,21900,4.4,U
sz000100,TCL科技,2025-09-22 10:23:51,4.4,60300,4.41,D
sz000100,TCL科技,2025-09-22 10:23:54,4.41,27000,4.4,U
sz000100,TCL科技,2025-09-22 10:23:57,4.4,144700,4.41,D
sz000100,TCL科技,2025-09-22 10:24:00,4.4,456300,4.4,D
sz000100,TCL科技,2025-09-22 10:24:03,4.4,581090,4.4,D
sz000100,TCL科技,2025-09-22 10:24:06,4.4,727600,4.4,U
sz000100,TCL科技,2025-09-22 10:24:15,4.39,40600,4.4,D
sz000100,TCL科技,2025-09-22 10:24:21,4.4,20300,4.39,U
sz000100,TCL科技,2025-09-22 10:24:24,4.39,54000,4.4,D
sz000100,TCL科技,2025-09-22 10:24:27,4.39,39900,4.39,D
sz000100,TCL科技,2025-09-22 10:24:30,4.39,20800,4.39,D
sz000100,TCL科技,2025-09-22 10:24:39,4.4,30000,4.4,U
sz000100,TCL科技,2025-09-22 10:24:42,4.39,47400,4.4,D
sz000100,TCL科技,2025-09-22 10:24:51,4.4,27600,4.4,U
sz000100,TCL科技,2025-09-22 10:24:54,4.39,30600,4.4,D
sz000100,TCL科技,2025-09-22 10:25:06,4.4,28500,4.39,U
sz000100,TCL科技,2025-09-22 10:25:24,4.39,27100,4.4,D
sz000100,TCL科技,2025-09-22 10:25:27,4.39,302200,4.39,D
sz000100,TCL科技,2025-09-22 10:25:30,4.39,48200,4.39,D
sz000100,TCL科技,2025-09-22 10:25:51,4.39,36700,4.4,D
sz000100,TCL科技,2025-09-22 10:25:54,4.39,23400,4.39,D
sz000100,TCL科技,2025-09-22 10:25:57,4.39,21900,4.39,D
sz000100,TCL科技,2025-09-22 10:26:00,4.39,48100,4.39,D
sz000100,TCL科技,2025-09-22 10:26:03,4.4,26500,4.39,U
sz000100,TCL科技,2025-09-22 10:26:09,4.4,37500,4.39,U
sz000100,TCL科技,2025-09-22 10:26:12,4.4,26600,4.4,U
sz000100,TCL科技,2025-09-22 10:26:15,4.4,26700,4.4,U
sz000100,TCL科技,2025-09-22 10:26:33,4.4,23500,4.4,U
sz000100,TCL科技,2025-09-22 10:26:45,4.4,31200,4.4,U
sz000100,TCL科技,2025-09-22 10:26:48,4.39,48800,4.4,D
sz000100,TCL科技,2025-09-22 10:26:54,4.39,58800,4.39,D
sz000100,TCL科技,2025-09-22 10:27:09,4.39,22000,4.39,D
sz000100,TCL科技,2025-09-22 10:27:15,4.39,49200,4.39,D
sz000100,TCL科技,2025-09-22 10:27:27,4.39,23800,4.4,D
sz000100,TCL科技,2025-09-22 10:27:36,4.39,103800,4.39,D
sz000100,TCL科技,2025-09-22 10:27:51,4.39,21210,4.39,D
sz000100,TCL科技,2025-09-22 10:28:18,4.39,35200,4.39,D
sz000100,TCL科技,2025-09-22 10:28:24,4.39,20500,4.39,D
sz000100,TCL科技,2025-09-22 10:28:42,4.39,102900,4.4,D
sz000100,TCL科技,2025-09-22 10:28:51,4.39,335700,4.4,D
sz000100,TCL科技,2025-09-22 10:28:54,4.39,64900,4.39,D
sz000100,TCL科技,2025-09-22 10:29:06,4.39,536690,4.4,D
sz000100,TCL科技,2025-09-22 10:29:09,4.39,26200,4.39,U
sz000100,TCL科技,2025-09-22 10:29:12,4.39,133900,4.39,U
sz000100,TCL科技,2025-09-22 10:29:36,4.38,113900,4.38,D
sz000100,TCL科技,2025-09-22 10:29:39,4.39,71400,4.38,U
sz000100,TCL科技,2025-09-22 10:30:00,4.38,32200,4.38,D
sz000100,TCL科技,2025-09-22 10:30:09,4.39,33800,4.39,U
sz000100,TCL科技,2025-09-22 10:30:27,4.39,1050900,4.39,U
sz000100,TCL科技,2025-09-22 10:30:36,4.39,89100,4.4,D
sz000100,TCL科技,2025-09-22 10:30:45,4.39,40100,4.4,D
sz000100,TCL科技,2025-09-22 10:30:54,4.4,184700,4.39,U
sz000100,TCL科技,2025-09-22 10:30:57,4.4,27300,4.4,U
sz000100,TCL科技,2025-09-22 10:31:00,4.39,85800,4.4,D
sz000100,TCL科技,2025-09-22 10:31:09,4.4,24500,4.39,U
sz000100,TCL科技,2025-09-22 10:31:21,4.4,22200,4.4,U
sz000100,TCL科技,2025-09-22 10:31:48,4.4,831700,4.4,U
sz000100,TCL科技,2025-09-22 10:31:51,4.4,983100,4.4,U
sz000100,TCL科技,2025-09-22 10:31:54,4.4,171600,4.4,U
sz000100,TCL科技,2025-09-22 10:31:57,4.4,181900,4.4,U
sz000100,TCL科技,2025-09-22 10:32:00,4.4,119990,4.4,U
sz000100,TCL科技,2025-09-22 10:32:03,4.4,44700,4.4,U
sz000100,TCL科技,2025-09-22 10:32:06,4.41,1587620,4.4,U
sz000100,TCL科技,2025-09-22 10:32:09,4.41,99300,4.41,U
sz000100,TCL科技,2025-09-22 10:32:15,4.41,22700,4.4,U
sz000100,TCL科技,2025-09-22 10:32:21,4.4,66600,4.4,D
sz000100,TCL科技,2025-09-22 10:32:24,4.4,37800,4.4,D
sz000100,TCL科技,2025-09-22 10:32:27,4.4,23700,4.4,D
sz000100,TCL科技,2025-09-22 10:32:30,4.4,21800,4.4,D
sz000100,TCL科技,2025-09-22 10:32:36,4.41,62100,4.4,U
sz000100,TCL科技,2025-09-22 10:32:39,4.4,32700,4.41,D
sz000100,TCL科技,2025-09-22 10:32:42,4.41,57230,4.4,U
sz000100,TCL科技,2025-09-22 10:32:48,4.4,24800,4.4,D
sz000100,TCL科技,2025-09-22 10:32:54,4.41,46900,4.4,U
sz000100,TCL科技,2025-09-22 10:33:06,4.4,27900,4.4,D
sz000100,TCL科技,2025-09-22 10:33:09,4.41,35700,4.4,U
sz000100,TCL科技,2025-09-22 10:33:12,4.4,63500,4.41,D
sz000100,TCL科技,2025-09-22 10:33:15,4.4,588870,4.4,D
sz000100,TCL科技,2025-09-22 10:33:18,4.4,49700,4.4,U
sz000100,TCL科技,2025-09-22 10:33:21,4.4,48200,4.4,U
sz000100,TCL科技,2025-09-22 10:33:24,4.4,33000,4.4,U
sz000100,TCL科技,2025-09-22 10:33:30,4.4,27500,4.4,U
sz000100,TCL科技,2025-09-22 10:33:54,4.4,31900,4.39,U
sz000100,TCL科技,2025-09-22 10:34:00,4.39,22200,4.4,D
sz000100,TCL科技,2025-09-22 10:34:12,4.39,21000,4.4,D
sz000100,TCL科技,2025-09-22 10:34:33,4.4,33400,4.39,U
sz000100,TCL科技,2025-09-22 10:35:03,4.39,47700,4.39,D
sz000100,TCL科技,2025-09-22 10:35:33,4.4,40600,4.4,U
sz000100,TCL科技,2025-09-22 10:35:57,4.4,33400,4.39,U
sz000100,TCL科技,2025-09-22 10:36:15,4.39,21700,4.39,D
sz000100,TCL科技,2025-09-22 10:36:24,4.39,38000,4.4,D
sz000100,TCL科技,2025-09-22 10:36:30,4.39,120700,4.4,D
sz000100,TCL科技,2025-09-22 10:37:00,4.4,21800,4.4,U
sz000100,TCL科技,2025-09-22 10:37:12,4.39,38400,4.4,D
sz000100,TCL科技,2025-09-22 10:37:15,4.39,23100,4.39,D
sz000100,TCL科技,2025-09-22 10:37:18,4.39,48000,4.39,D
sz000100,TCL科技,2025-09-22 10:37:45,4.4,39500,4.39,U
sz000100,TCL科技,2025-09-22 10:37:54,4.39,22900,4.4,D
sz000100,TCL科技,2025-09-22 10:38:06,4.39,29300,4.39,D
sz000100,TCL科技,2025-09-22 10:38:09,4.4,56400,4.39,U
sz000100,TCL科技,2025-09-22 10:38:51,4.39,51800,4.4,D
sz000100,TCL科技,2025-09-22 10:39:39,4.4,22000,4.4,U
sz000100,TCL科技,2025-09-22 10:39:57,4.4,63000,4.4,U
sz000100,TCL科技,2025-09-22 10:40:18,4.4,59700,4.39,U
sz000100,TCL科技,2025-09-22 10:40:30,4.4,49600,4.39,U
sz000100,TCL科技,2025-09-22 10:40:48,4.39,21900,4.4,D
sz000100,TCL科技,2025-09-22 10:40:57,4.4,105200,4.39,U
sz000100,TCL科技,2025-09-22 10:41:15,4.39,20100,4.39,D
sz000100,TCL科技,2025-09-22 10:41:18,4.39,22510,4.39,D
sz000100,TCL科技,2025-09-22 10:41:24,4.38,2465730,4.39,D
sz000100,TCL科技,2025-09-22 10:41:27,4.39,30100,4.38,U
sz000100,TCL科技,2025-09-22 10:41:36,4.38,68500,4.38,D
sz000100,TCL科技,2025-09-22 10:41:39,4.38,104400,4.38,D
sz000100,TCL科技,2025-09-22 10:42:00,4.39,379900,4.39,U
sz000100,TCL科技,2025-09-22 10:42:06,4.39,132800,4.38,U
sz000100,TCL科技,2025-09-22 10:42:09,4.38,46300,4.39,D
sz000100,TCL科技,2025-09-22 10:42:21,4.39,36000,4.38,U
sz000100,TCL科技,2025-09-22 10:42:48,4.38,23800,4.38,D
sz000100,TCL科技,2025-09-22 10:42:54,4.38,928900,4.38,D
sz000100,TCL科技,2025-09-22 10:42:57,4.38,72900,4.38,U
sz000100,TCL科技,2025-09-22 10:43:03,4.38,136100,4.38,U
sz000100,TCL科技,2025-09-22 10:44:00,4.38,83000,4.37,U
sz000100,TCL科技,2025-09-22 10:44:03,4.39,1143600,4.38,U
sz000100,TCL科技,2025-09-22 10:44:12,4.39,22800,4.38,U
sz000100,TCL科技,2025-09-22 10:44:27,4.38,31800,4.39,D
sz000100,TCL科技,2025-09-22 10:44:51,4.38,44700,4.38,D
sz000100,TCL科技,2025-09-22 10:45:21,4.38,36700,4.38,D
sz000100,TCL科技,2025-09-22 10:45:39,4.38,28200,4.38,D
sz000100,TCL科技,2025-09-22 10:45:42,4.38,33200,4.38,D
sz000100,TCL科技,2025-09-22 10:45:54,4.38,27200,4.38,D
sz000100,TCL科技,2025-09-22 10:46:03,4.39,40400,4.39,U
sz000100,TCL科技,2025-09-22 10:46:06,4.38,32300,4.39,D
sz000100,TCL科技,2025-09-22 10:46:18,4.38,32600,4.39,D
sz000100,TCL科技,2025-09-22 10:46:24,4.38,37800,4.38,D
sz000100,TCL科技,2025-09-22 10:46:48,4.38,22300,4.38,D
sz000100,TCL科技,2025-09-22 10:47:06,4.38,1152690,4.38,D
sz000100,TCL科技,2025-09-22 10:47:33,4.37,26300,4.38,D
sz000100,TCL科技,2025-09-22 10:47:39,4.38,33100,4.37,U
sz000100,TCL科技,2025-09-22 10:48:21,4.37,48200,4.37,D
sz000100,TCL科技,2025-09-22 10:48:27,4.38,102800,4.37,U
sz000100,TCL科技,2025-09-22 10:48:36,4.38,43900,4.38,U
sz000100,TCL科技,2025-09-22 10:48:45,4.37,22900,4.38,D
sz000100,TCL科技,2025-09-22 10:48:51,4.37,22920,4.38,D
sz000100,TCL科技,2025-09-22 10:49:09,4.37,47500,4.37,D
sz000100,TCL科技,2025-09-22 10:49:24,4.37,199800,4.37,D
sz000100,TCL科技,2025-09-22 10:50:12,4.37,32500,4.37,D
sz000100,TCL科技,2025-09-22 10:50:18,4.37,22500,4.38,D
sz000100,TCL科技,2025-09-22 10:50:33,4.37,21200,4.38,D
sz000100,TCL科技,2025-09-22 10:51:15,4.37,51400,4.37,D
sz000100,TCL科技,2025-09-22 10:51:48,4.38,29000,4.38,U
sz000100,TCL科技,2025-09-22 10:53:06,4.38,32100,4.38,U
sz000100,TCL科技,2025-09-22 10:53:15,4.37,26800,4.37,D
sz000100,TCL科技,2025-09-22 10:53:21,4.38,55200,4.37,U
sz000100,TCL科技,2025-09-22 10:53:45,4.38,26600,4.38,U
sz000100,TCL科技,2025-09-22 10:53:48,4.38,32300,4.38,U
sz000100,TCL科技,2025-09-22 10:53:57,4.38,91900,4.38,U
sz000100,TCL科技,2025-09-22 10:54:57,4.38,32500,4.38,U
sz000100,TCL科技,2025-09-22 10:55:03,4.37,39000,4.37,D
sz000100,TCL科技,2025-09-22 10:55:09,4.38,27100,4.38,U
sz000100,TCL科技,2025-09-22 10:55:12,4.37,38400,4.38,D
sz000100,TCL科技,2025-09-22 10:56:09,4.37,24600,4.38,D
sz000100,TCL科技,2025-09-22 10:56:12,4.37,52800,4.37,D
sz000100,TCL科技,2025-09-22 10:56:30,4.38,2068300,4.37,U
sz000100,TCL科技,2025-09-22 10:56:33,4.37,116500,4.38,D
sz000100,TCL科技,2025-09-22 10:56:36,4.38,77090,4.37,U
sz000100,TCL科技,2025-09-22 10:56:39,4.37,30500,4.38,D
sz000100,TCL科技,2025-09-22 10:56:42,4.37,50000,4.37,D
sz000100,TCL科技,2025-09-22 10:57:00,4.37,47500,4.37,D
sz000100,TCL科技,2025-09-22 10:57:09,4.37,53100,4.37,D
sz000100,TCL科技,2025-09-22 10:57:12,4.37,126500,4.37,D
sz000100,TCL科技,2025-09-22 10:57:30,4.38,34200,4.37,U
sz000100,TCL科技,2025-09-22 10:57:33,4.37,21800,4.38,D
sz000100,TCL科技,2025-09-22 10:57:36,4.38,431900,4.37,U
sz000100,TCL科技,2025-09-22 10:57:39,4.37,86300,4.38,D
sz000100,TCL科技,2025-09-22 10:57:42,4.38,72200,4.37,U
sz000100,TCL科技,2025-09-22 10:58:06,4.38,41100,4.37,U
sz000100,TCL科技,2025-09-22 10:58:09,4.37,27700,4.38,D
sz000100,TCL科技,2025-09-22 10:58:15,4.37,22800,4.37,D
sz000100,TCL科技,2025-09-22 10:58:27,4.37,25600,4.37,D
sz000100,TCL科技,2025-09-22 10:58:42,4.38,20100,4.37,U
sz000100,TCL科技,2025-09-22 10:58:48,4.37,25700,4.38,D
sz000100,TCL科技,2025-09-22 10:58:54,4.37,322500,4.37,D
sz000100,TCL科技,2025-09-22 10:58:57,4.37,166700,4.37,D
sz000100,TCL科技,2025-09-22 10:59:00,4.37,20800,4.37,U
sz000100,TCL科技,2025-09-22 10:59:03,4.36,28100,4.37,D
sz000100,TCL科技,2025-09-22 10:59:18,4.36,21200,4.37,D
sz000100,TCL科技,2025-09-22 10:59:33,4.37,53500,4.37,U
sz000100,TCL科技,2025-09-22 10:59:36,4.37,26700,4.37,U
sz000100,TCL科技,2025-09-22 10:59:42,4.37,20600,4.36,U
sz000100,TCL科技,2025-09-22 10:59:57,4.37,606800,4.37,U
sz000100,TCL科技,2025-09-22 11:00:03,4.38,51800,4.37,U
sz000100,TCL科技,2025-09-22 11:00:12,4.38,40900,4.37,U
sz000100,TCL科技,2025-09-22 11:00:27,4.37,38600,4.38,D
sz000100,TCL科技,2025-09-22 11:00:30,4.38,42300,4.37,U
sz000100,TCL科技,2025-09-22 11:00:33,4.37,66000,4.38,D
sz000100,TCL科技,2025-09-22 11:00:36,4.37,50900,4.37,D
sz000100,TCL科技,2025-09-22 11:00:39,4.38,49200,4.37,U
sz000100,TCL科技,2025-09-22 11:00:42,4.37,21000,4.38,D
sz000100,TCL科技,2025-09-22 11:01:42,4.38,39100,4.38,U
sz000100,TCL科技,2025-09-22 11:01:57,4.37,43300,4.37,D
sz000100,TCL科技,2025-09-22 11:02:03,4.37,341700,4.38,D
sz000100,TCL科技,2025-09-22 11:02:06,4.36,252800,4.37,D
sz000100,TCL科技,2025-09-22 11:02:12,4.37,24200,4.36,U
sz000100,TCL科技,2025-09-22 11:02:42,4.36,67400,4.36,D
sz000100,TCL科技,2025-09-22 11:03:00,4.37,32900,4.37,U
sz000100,TCL科技,2025-09-22 11:04:12,4.37,66600,4.37,U
sz000100,TCL科技,2025-09-22 11:04:24,4.37,24100,4.36,U
sz000100,TCL科技,2025-09-22 11:04:48,4.37,27300,4.36,U
sz000100,TCL科技,2025-09-22 11:05:06,4.37,20800,4.36,U
sz000100,TCL科技,2025-09-22 11:05:33,4.36,23000,4.37,D
sz000100,TCL科技,2025-09-22 11:05:48,4.37,21800,4.37,U
sz000100,TCL科技,2025-09-22 11:06:09,4.36,135100,4.36,D
sz000100,TCL科技,2025-09-22 11:06:12,4.36,25000,4.36,D
sz000100,TCL科技,2025-09-22 11:06:42,4.36,27900,4.36,D
sz000100,TCL科技,2025-09-22 11:06:45,4.36,38600,4.36,D
sz000100,TCL科技,2025-09-22 11:06:48,4.36,24400,4.36,D
sz000100,TCL科技,2025-09-22 11:06:54,4.37,44600,4.36,U
sz000100,TCL科技,2025-09-22 11:07:09,4.36,21800,4.36,D
sz000100,TCL科技,2025-09-22 11:07:21,4.36,29500,4.37,D
sz000100,TCL科技,2025-09-22 11:07:30,4.36,102400,4.36,D
sz000100,TCL科技,2025-09-22 11:07:42,4.37,46900,4.36,U
sz000100,TCL科技,2025-09-22 11:07:45,4.36,24700,4.37,D
sz000100,TCL科技,2025-09-22 11:07:51,4.36,79700,4.36,D
sz000100,TCL科技,2025-09-22 11:07:54,4.36,24400,4.36,D
sz000100,TCL科技,2025-09-22 11:08:00,4.36,21800,4.36,D
sz000100,TCL科技,2025-09-22 11:08:03,4.36,249200,4.36,D
sz000100,TCL科技,2025-09-22 11:08:06,4.36,97800,4.36,D
sz000100,TCL科技,2025-09-22 11:08:09,4.36,240600,4.36,D
sz000100,TCL科技,2025-09-22 11:08:12,4.36,283400,4.36,D
sz000100,TCL科技,2025-09-22 11:08:15,4.36,272260,4.36,D
sz000100,TCL科技,2025-09-22 11:08:18,4.35,2456240,4.36,D
sz000100,TCL科技,2025-09-22 11:08:21,4.35,405300,4.35,D
sz000100,TCL科技,2025-09-22 11:08:24,4.35,212300,4.35,D
sz000100,TCL科技,2025-09-22 11:08:39,4.35,44000,4.35,D
sz000100,TCL科技,2025-09-22 11:08:42,4.35,454200,4.35,D
sz000100,TCL科技,2025-09-22 11:08:45,4.36,1232400,4.35,U
sz000100,TCL科技,2025-09-22 11:08:48,4.36,337700,4.36,U
sz000100,TCL科技,2025-09-22 11:08:51,4.35,112000,4.36,D
sz000100,TCL科技,2025-09-22 11:08:54,4.35,416500,4.35,D
sz000100,TCL科技,2025-09-22 11:08:57,4.35,813800,4.35,D
sz000100,TCL科技,2025-09-22 11:09:03,4.35,410900,4.36,D
sz000100,TCL科技,2025-09-22 11:09:21,4.36,28300,4.36,U
sz000100,TCL科技,2025-09-22 11:09:54,4.35,49600,4.36,D
sz000100,TCL科技,2025-09-22 11:10:00,4.36,20100,4.36,U
sz000100,TCL科技,2025-09-22 11:10:03,4.36,56600,4.36,U
sz000100,TCL科技,2025-09-22 11:10:18,4.35,32100,4.35,D
sz000100,TCL科技,2025-09-22 11:10:30,4.35,24800,4.36,D
sz000100,TCL科技,2025-09-22 11:10:33,4.35,70700,4.35,D
sz000100,TCL科技,2025-09-22 11:10:36,4.36,50000,4.35,U
sz000100,TCL科技,2025-09-22 11:10:42,4.36,39400,4.35,U
sz000100,TCL科技,2025-09-22 11:10:45,4.36,45500,4.36,U
sz000100,TCL科技,2025-09-22 11:11:03,4.35,24400,4.36,D
sz000100,TCL科技,2025-09-22 11:11:24,4.36,60000,4.36,U
sz000100,TCL科技,2025-09-22 11:11:36,4.35,25600,4.36,D
sz000100,TCL科技,2025-09-22 11:11:45,4.36,23200,4.35,U
sz000100,TCL科技,2025-09-22 11:12:24,4.36,25600,4.35,U
sz000100,TCL科技,2025-09-22 11:12:30,4.35,27600,4.36,D
sz000100,TCL科技,2025-09-22 11:12:33,4.35,26000,4.35,D
sz000100,TCL科技,2025-09-22 11:13:06,4.35,31800,4.36,D
sz000100,TCL科技,2025-09-22 11:13:27,4.35,22300,4.36,D
sz000100,TCL科技,2025-09-22 11:13:36,4.36,21000,4.35,U
sz000100,TCL科技,2025-09-22 11:13:42,4.36,23800,4.35,U
sz000100,TCL科技,2025-09-22 11:13:48,4.36,50300,4.36,U
sz000100,TCL科技,2025-09-22 11:13:57,4.35,27800,4.36,D
sz000100,TCL科技,2025-09-22 11:14:15,4.36,37100,4.35,U
sz000100,TCL科技,2025-09-22 11:14:18,4.35,151100,4.36,D
sz000100,TCL科技,2025-09-22 11:14:21,4.35,119600,4.35,D
sz000100,TCL科技,2025-09-22 11:14:24,4.35,68300,4.35,D
sz000100,TCL科技,2025-09-22 11:14:27,4.35,39700,4.35,D
sz000100,TCL科技,2025-09-22 11:14:30,4.35,3021770,4.35,D
sz000100,TCL科技,2025-09-22 11:14:33,4.35,122200,4.35,U
sz000100,TCL科技,2025-09-22 11:14:42,4.35,81700,4.35,U
sz000100,TCL科技,2025-09-22 11:14:48,4.35,32600,4.34,U
sz000100,TCL科技,2025-09-22 11:14:54,4.34,50650,4.35,D
sz000100,TCL科技,2025-09-22 11:15:03,4.34,20600,4.35,D
sz000100,TCL科技,2025-09-22 11:15:06,4.34,69400,4.34,D
sz000100,TCL科技,2025-09-22 11:15:18,4.35,40500,4.34,U
sz000100,TCL科技,2025-09-22 11:15:33,4.34,52600,4.34,D
sz000100,TCL科技,2025-09-22 11:15:45,4.34,60400,4.35,D
sz000100,TCL科技,2025-09-22 11:15:51,4.35,33800,4.34,U
sz000100,TCL科技,2025-09-22 11:15:54,4.35,33000,4.35,U
sz000100,TCL科技,2025-09-22 11:15:57,4.35,26200,4.35,U
sz000100,TCL科技,2025-09-22 11:16:00,4.34,65900,4.35,D
sz000100,TCL科技,2025-09-22 11:16:18,4.34,32900,4.34,D
sz000100,TCL科技,2025-09-22 11:16:21,4.34,42700,4.34,D
sz000100,TCL科技,2025-09-22 11:16:33,4.35,20100,4.35,U
sz000100,TCL科技,2025-09-22 11:16:36,4.35,90700,4.35,U
sz000100,TCL科技,2025-09-22 11:16:39,4.35,50900,4.35,U
sz000100,TCL科技,2025-09-22 11:16:42,4.35,42400,4.35,U
sz000100,TCL科技,2025-09-22 11:16:45,4.35,50000,4.35,U
sz000100,TCL科技,2025-09-22 11:16:57,4.35,48900,4.35,U
sz000100,TCL科技,2025-09-22 11:17:00,4.35,72400,4.35,U
sz000100,TCL科技,2025-09-22 11:17:03,4.34,311700,4.35,D
sz000100,TCL科技,2025-09-22 11:17:06,4.34,210100,4.34,D
sz000100,TCL科技,2025-09-22 11:17:09,4.34,67500,4.34,D
sz000100,TCL科技,2025-09-22 11:17:12,4.34,282000,4.34,D
sz000100,TCL科技,2025-09-22 11:17:18,4.35,67400,4.34,U
sz000100,TCL科技,2025-09-22 11:17:27,4.35,50100,4.34,U
sz000100,TCL科技,2025-09-22 11:17:33,4.34,21400,4.35,D
sz000100,TCL科技,2025-09-22 11:17:48,4.35,21500,4.34,U
sz000100,TCL科技,2025-09-22 11:17:57,4.34,35400,4.35,D
sz000100,TCL科技,2025-09-22 11:18:00,4.35,422900,4.34,U
sz000100,TCL科技,2025-09-22 11:18:03,4.34,57300,4.35,D
sz000100,TCL科技,2025-09-22 11:18:06,4.34,450200,4.34,D
sz000100,TCL科技,2025-09-22 11:18:09,4.35,168600,4.34,U
sz000100,TCL科技,2025-09-22 11:18:12,4.34,1181800,4.35,D
sz000100,TCL科技,2025-09-22 11:18:15,4.34,63300,4.34,D
sz000100,TCL科技,2025-09-22 11:18:18,4.35,562400,4.34,U
sz000100,TCL科技,2025-09-22 11:18:21,4.34,311600,4.35,D
sz000100,TCL科技,2025-09-22 11:18:24,4.34,3818350,4.34,D
sz000100,TCL科技,2025-09-22 11:18:27,4.34,76400,4.34,U
sz000100,TCL科技,2025-09-22 11:18:30,4.34,155150,4.34,U
sz000100,TCL科技,2025-09-22 11:18:33,4.35,132700,4.34,U
sz000100,TCL科技,2025-09-22 11:18:36,4.34,59900,4.35,D
sz000100,TCL科技,2025-09-22 11:18:45,4.34,73200,4.34,D
sz000100,TCL科技,2025-09-22 11:18:48,4.34,30200,4.34,D
sz000100,TCL科技,2025-09-22 11:18:54,4.34,65000,4.34,D
sz000100,TCL科技,2025-09-22 11:18:57,4.35,25200,4.34,U
sz000100,TCL科技,2025-09-22 11:19:18,4.34,69200,4.34,D
sz000100,TCL科技,2025-09-22 11:19:27,4.35,38100,4.34,U
sz000100,TCL科技,2025-09-22 11:19:30,4.35,60600,4.35,U
sz000100,TCL科技,2025-09-22 11:20:00,4.35,26100,4.34,U
sz000100,TCL科技,2025-09-22 11:20:03,4.34,34500,4.35,D
sz000100,TCL科技,2025-09-22 11:20:06,4.35,45300,4.34,U
sz000100,TCL科技,2025-09-22 11:20:09,4.34,37700,4.35,D
sz000100,TCL科技,2025-09-22 11:20:12,4.34,33980,4.34,D
sz000100,TCL科技,2025-09-22 11:20:18,4.34,402100,4.35,D
sz000100,TCL科技,2025-09-22 11:20:21,4.35,111840,4.34,U
sz000100,TCL科技,2025-09-22 11:20:30,4.35,469900,4.34,U
sz000100,TCL科技,2025-09-22 11:20:33,4.34,1357030,4.35,D
sz000100,TCL科技,2025-09-22 11:20:36,4.34,102700,4.34,U
sz000100,TCL科技,2025-09-22 11:20:39,4.34,45600,4.34,U
sz000100,TCL科技,2025-09-22 11:20:42,4.34,212100,4.34,U
sz000100,TCL科技,2025-09-22 11:20:45,4.34,37000,4.34,U
sz000100,TCL科技,2025-09-22 11:20:48,4.34,319600,4.34,U
sz000100,TCL科技,2025-09-22 11:20:51,4.34,22800,4.34,D
sz000100,TCL科技,2025-09-22 11:20:54,4.34,39400,4.34,D
sz000100,TCL科技,2025-09-22 11:21:21,4.35,51910,4.34,U
sz000100,TCL科技,2025-09-22 11:22:06,4.34,34400,4.34,D
sz000100,TCL科技,2025-09-22 11:22:12,4.35,87000,4.35,U
sz000100,TCL科技,2025-09-22 11:23:36,4.34,62400,4.35,D
sz000100,TCL科技,2025-09-22 11:23:42,4.35,237700,4.34,U
sz000100,TCL科技,2025-09-22 11:23:45,4.35,273600,4.35,U
sz000100,TCL科技,2025-09-22 11:23:48,4.35,467400,4.35,U
sz000100,TCL科技,2025-09-22 11:23:51,4.35,31300,4.35,U
sz000100,TCL科技,2025-09-22 11:23:54,4.35,156700,4.35,U
sz000100,TCL科技,2025-09-22 11:23:57,4.35,52900,4.35,U
sz000100,TCL科技,2025-09-22 11:24:06,4.35,37600,4.35,U
sz000100,TCL科技,2025-09-22 11:24:15,4.34,27300,4.34,D
sz000100,TCL科技,2025-09-22 11:24:27,4.35,229100,4.35,U
sz000100,TCL科技,2025-09-22 11:24:33,4.35,25700,4.35,U
sz000100,TCL科技,2025-09-22 11:24:48,4.35,100300,4.34,U
sz000100,TCL科技,2025-09-22 11:24:51,4.34,24500,4.35,D
sz000100,TCL科技,2025-09-22 11:25:00,4.35,27300,4.34,U
sz000100,TCL科技,2025-09-22 11:25:03,4.35,25500,4.35,U
sz000100,TCL科技,2025-09-22 11:25:06,4.35,51900,4.35,U
sz000100,TCL科技,2025-09-22 11:25:15,4.34,82900,4.35,D
sz000100,TCL科技,2025-09-22 11:25:18,4.35,20100,4.34,U
sz000100,TCL科技,2025-09-22 11:25:27,4.35,26100,4.35,U
sz000100,TCL科技,2025-09-22 11:25:51,4.35,25100,4.34,U
sz000100,TCL科技,2025-09-22 11:25:54,4.35,120800,4.35,U
sz000100,TCL科技,2025-09-22 11:25:57,4.35,51700,4.35,U
sz000100,TCL科技,2025-09-22 11:26:00,4.35,29300,4.35,U
sz000100,TCL科技,2025-09-22 11:26:03,4.35,35700,4.35,U
sz000100,TCL科技,2025-09-22 11:26:06,4.35,22000,4.35,U
sz000100,TCL科技,2025-09-22 11:26:24,4.35,31200,4.35,U
sz000100,TCL科技,2025-09-22 11:26:39,4.35,132600,4.35,U
sz000100,TCL科技,2025-09-22 11:26:42,4.35,29900,4.35,U
sz000100,TCL科技,2025-09-22 11:26:51,4.35,66000,4.35,U
sz000100,TCL科技,2025-09-22 11:27:09,4.35,1829200,4.35,U
sz000100,TCL科技,2025-09-22 11:27:12,4.35,109300,4.35,D
sz000100,TCL科技,2025-09-22 11:27:15,4.35,38700,4.35,D
sz000100,TCL科技,2025-09-22 11:27:54,4.35,108200,4.35,D
sz000100,TCL科技,2025-09-22 11:28:06,4.35,354600,4.35,D
sz000100,TCL科技,2025-09-22 11:28:33,4.36,21200,4.36,U
sz000100,TCL科技,2025-09-22 11:28:36,4.35,23300,4.36,D
sz000100,TCL科技,2025-09-22 11:28:42,4.36,25000,4.36,U
sz000100,TCL科技,2025-09-22 11:28:48,4.35,30600,4.35,D
sz000100,TCL科技,2025-09-22 11:29:24,4.36,34600,4.36,U
sz000100,TCL科技,2025-09-22 11:29:30,4.35,34100,4.36,D
sz000100,TCL科技,2025-09-22 13:00:00,4.36,111440,4.35,U
sz000100,TCL科技,2025-09-22 13:00:03,4.36,1362900,4.36,U
sz000100,TCL科技,2025-09-22 13:00:06,4.35,194800,4.36,D
sz000100,TCL科技,2025-09-22 13:00:09,4.34,684540,4.35,D
sz000100,TCL科技,2025-09-22 13:00:12,4.34,403700,4.34,D
sz000100,TCL科技,2025-09-22 13:00:15,4.34,36100,4.34,D
sz000100,TCL科技,2025-09-22 13:00:18,4.34,63100,4.34,D
sz000100,TCL科技,2025-09-22 13:00:21,4.34,22400,4.34,D
sz000100,TCL科技,2025-09-22 13:00:33,4.35,36400,4.34,U
sz000100,TCL科技,2025-09-22 13:01:00,4.35,42600,4.35,U
sz000100,TCL科技,2025-09-22 13:01:03,4.35,55300,4.35,U
sz000100,TCL科技,2025-09-22 13:01:06,4.35,29500,4.35,U
sz000100,TCL科技,2025-09-22 13:01:12,4.34,40500,4.35,D
sz000100,TCL科技,2025-09-22 13:01:21,4.35,76400,4.35,U
sz000100,TCL科技,2025-09-22 13:01:42,4.35,61000,4.35,U
sz000100,TCL科技,2025-09-22 13:01:45,4.34,49070,4.35,D
sz000100,TCL科技,2025-09-22 13:01:48,4.35,48800,4.34,U
sz000100,TCL科技,2025-09-22 13:02:00,4.34,24600,4.35,D
sz000100,TCL科技,2025-09-22 13:02:03,4.34,20200,4.34,D
sz000100,TCL科技,2025-09-22 13:02:15,4.34,63600,4.34,D
sz000100,TCL科技,2025-09-22 13:02:33,4.35,26600,4.34,U
sz000100,TCL科技,2025-09-22 13:02:48,4.34,23200,4.35,D
sz000100,TCL科技,2025-09-22 13:02:57,4.34,32500,4.35,D
sz000100,TCL科技,2025-09-22 13:03:33,4.35,61300,4.35,U
sz000100,TCL科技,2025-09-22 13:03:36,4.35,20800,4.35,U
sz000100,TCL科技,2025-09-22 13:03:42,4.34,187800,4.35,D
sz000100,TCL科技,2025-09-22 13:03:57,4.35,23900,4.34,U
sz000100,TCL科技,2025-09-22 13:04:09,4.34,25800,4.34,D
sz000100,TCL科技,2025-09-22 13:04:12,4.34,20600,4.34,D
sz000100,TCL科技,2025-09-22 13:04:18,4.35,31000,4.35,U
sz000100,TCL科技,2025-09-22 13:04:27,4.35,20100,4.34,U
sz000100,TCL科技,2025-09-22 13:04:33,4.34,20500,4.34,D
sz000100,TCL科技,2025-09-22 13:04:51,4.35,26900,4.34,U
sz000100,TCL科技,2025-09-22 13:05:03,4.34,20500,4.35,D
sz000100,TCL科技,2025-09-22 13:05:12,4.34,22700,4.35,D
sz000100,TCL科技,2025-09-22 13:05:18,4.35,51500,4.34,U
sz000100,TCL科技,2025-09-22 13:05:21,4.35,28100,4.35,U
sz000100,TCL科技,2025-09-22 13:05:30,4.34,23200,4.34,D
sz000100,TCL科技,2025-09-22 13:05:33,4.34,22160,4.34,D
sz000100,TCL科技,2025-09-22 13:05:39,4.35,38700,4.34,U
sz000100,TCL科技,2025-09-22 13:05:48,4.35,182880,4.35,U
sz000100,TCL科技,2025-09-22 13:05:51,4.35,23600,4.35,U
sz000100,TCL科技,2025-09-22 13:05:54,4.35,47200,4.35,U
sz000100,TCL科技,2025-09-22 13:05:57,4.34,28300,4.35,D
sz000100,TCL科技,2025-09-22 13:06:03,4.34,155600,4.35,D
sz000100,TCL科技,2025-09-22 13:06:06,4.35,25400,4.34,U
sz000100,TCL科技,2025-09-22 13:06:09,4.35,33700,4.35,U
sz000100,TCL科技,2025-09-22 13:06:15,4.34,59600,4.34,D
sz000100,TCL科技,2025-09-22 13:06:24,4.34,25300,4.34,D
sz000100,TCL科技,2025-09-22 13:06:27,4.35,32700,4.34,U
sz000100,TCL科技,2025-09-22 13:06:48,4.34,211800,4.34,D
sz000100,TCL科技,2025-09-22 13:07:03,4.35,207500,4.35,U
sz000100,TCL科技,2025-09-22 13:07:06,4.35,738700,4.35,U
sz000100,TCL科技,2025-09-22 13:07:09,4.35,80000,4.35,U
sz000100,TCL科技,2025-09-22 13:07:36,4.35,20400,4.34,U
sz000100,TCL科技,2025-09-22 13:07:39,4.35,34800,4.35,U
sz000100,TCL科技,2025-09-22 13:07:42,4.35,100400,4.35,U
sz000100,TCL科技,2025-09-22 13:07:45,4.35,50400,4.35,U
sz000100,TCL科技,2025-09-22 13:07:48,4.35,47200,4.35,D
sz000100,TCL科技,2025-09-22 13:08:09,4.35,63800,4.35,D
sz000100,TCL科技,2025-09-22 13:08:27,4.36,21200,4.36,U
sz000100,TCL科技,2025-09-22 13:08:48,4.35,31400,4.36,D
sz000100,TCL科技,2025-09-22 13:08:51,4.35,27700,4.35,D
sz000100,TCL科技,2025-09-22 13:09:03,4.35,30500,4.35,D
sz000100,TCL科技,2025-09-22 13:09:12,4.36,21500,4.36,U
sz000100,TCL科技,2025-09-22 13:09:21,4.35,33700,4.35,D
sz000100,TCL科技,2025-09-22 13:09:30,4.35,101400,4.36,D
sz000100,TCL科技,2025-09-22 13:09:33,4.35,21300,4.35,D
sz000100,TCL科技,2025-09-22 13:09:48,4.35,71200,4.35,D
sz000100,TCL科技,2025-09-22 13:09:51,4.36,40700,4.35,U
sz000100,TCL科技,2025-09-22 13:10:03,4.35,2071210,4.35,D
sz000100,TCL科技,2025-09-22 13:10:09,4.35,32400,4.34,U
sz000100,TCL科技,2025-09-22 13:10:18,4.35,40200,4.35,U
sz000100,TCL科技,2025-09-22 13:10:21,4.35,22200,4.35,U
sz000100,TCL科技,2025-09-22 13:10:24,4.35,45500,4.35,U
sz000100,TCL科技,2025-09-22 13:10:30,4.34,68200,4.35,D
sz000100,TCL科技,2025-09-22 13:10:39,4.35,75500,4.34,U
sz000100,TCL科技,2025-09-22 13:10:45,4.34,21000,4.34,D
sz000100,TCL科技,2025-09-22 13:10:51,4.34,22400,4.34,D
sz000100,TCL科技,2025-09-22 13:10:57,4.35,22000,4.35,U
sz000100,TCL科技,2025-09-22 13:11:12,4.35,30300,4.35,U
sz000100,TCL科技,2025-09-22 13:11:21,4.34,26400,4.35,D
sz000100,TCL科技,2025-09-22 13:11:27,4.35,21400,4.34,U
sz000100,TCL科技,2025-09-22 13:11:30,4.35,584800,4.35,U
sz000100,TCL科技,2025-09-22 13:11:36,4.35,40300,4.35,U
sz000100,TCL科技,2025-09-22 13:11:39,4.35,26200,4.35,U
sz000100,TCL科技,2025-09-22 13:11:51,4.34,48700,4.35,D
sz000100,TCL科技,2025-09-22 13:11:54,4.35,121700,4.34,U
sz000100,TCL科技,2025-09-22 13:11:57,4.35,103190,4.35,U
sz000100,TCL科技,2025-09-22 13:12:00,4.35,122900,4.35,U
sz000100,TCL科技,2025-09-22 13:12:03,4.35,41200,4.35,U
sz000100,TCL科技,2025-09-22 13:12:06,4.34,73900,4.35,D
sz000100,TCL科技,2025-09-22 13:12:18,4.35,272400,4.35,U
sz000100,TCL科技,2025-09-22 13:12:21,4.35,676600,4.35,U
sz000100,TCL科技,2025-09-22 13:12:24,4.35,22500,4.35,U
sz000100,TCL科技,2025-09-22 13:12:27,4.34,29700,4.35,D
sz000100,TCL科技,2025-09-22 13:12:30,4.35,265900,4.34,U
sz000100,TCL科技,2025-09-22 13:12:36,4.35,20900,4.35,U
sz000100,TCL科技,2025-09-22 13:12:39,4.35,38100,4.35,U
sz000100,TCL科技,2025-09-22 13:12:54,4.35,49400,4.35,U
sz000100,TCL科技,2025-09-22 13:12:57,4.34,50200,4.35,D
sz000100,TCL科技,2025-09-22 13:13:00,4.35,40700,4.34,U
sz000100,TCL科技,2025-09-22 13:13:06,4.35,47400,4.35,U
sz000100,TCL科技,2025-09-22 13:13:15,4.35,110100,4.35,U
sz000100,TCL科技,2025-09-22 13:13:42,4.35,23900,4.34,U
sz000100,TCL科技,2025-09-22 13:13:51,4.35,34500,4.35,U
sz000100,TCL科技,2025-09-22 13:13:57,4.35,94000,4.35,U
sz000100,TCL科技,2025-09-22 13:14:00,4.35,43800,4.35,U
sz000100,TCL科技,2025-09-22 13:14:09,4.35,52100,4.35,U
sz000100,TCL科技,2025-09-22 13:14:12,4.35,51600,4.35,D
sz000100,TCL科技,2025-09-22 13:14:15,4.35,57600,4.35,D
sz000100,TCL科技,2025-09-22 13:14:18,4.35,45100,4.35,D
sz000100,TCL科技,2025-09-22 13:14:21,4.35,30600,4.35,U
sz000100,TCL科技,2025-09-22 13:14:27,4.34,41100,4.35,D
sz000100,TCL科技,2025-09-22 13:14:30,4.35,35700,4.34,U
sz000100,TCL科技,2025-09-22 13:14:33,4.35,72300,4.35,U
sz000100,TCL科技,2025-09-22 13:14:45,4.34,21400,4.35,D
sz000100,TCL科技,2025-09-22 13:14:48,4.35,31700,4.34,U
sz000100,TCL科技,2025-09-22 13:14:57,4.34,58300,4.35,D
sz000100,TCL科技,2025-09-22 13:15:00,4.35,48500,4.34,U
sz000100,TCL科技,2025-09-22 13:15:03,4.35,133000,4.35,U
sz000100,TCL科技,2025-09-22 13:15:06,4.35,155200,4.35,U
sz000100,TCL科技,2025-09-22 13:15:15,4.35,132600,4.35,U
sz000100,TCL科技,2025-09-22 13:15:18,4.35,97400,4.35,D
sz000100,TCL科技,2025-09-22 13:15:21,4.35,85600,4.35,D
sz000100,TCL科技,2025-09-22 13:15:24,4.35,34700,4.35,D
sz000100,TCL科技,2025-09-22 13:15:27,4.35,37900,4.35,D
sz000100,TCL科技,2025-09-22 13:15:30,4.35,30500,4.35,D
sz000100,TCL科技,2025-09-22 13:15:36,4.35,54400,4.35,U
sz000100,TCL科技,2025-09-22 13:15:39,4.35,84000,4.35,U
sz000100,TCL科技,2025-09-22 13:15:45,4.35,30600,4.35,U
sz000100,TCL科技,2025-09-22 13:15:48,4.35,73400,4.35,D
sz000100,TCL科技,2025-09-22 13:15:51,4.35,36000,4.35,D
sz000100,TCL科技,2025-09-22 13:15:54,4.35,168000,4.35,U
sz000100,TCL科技,2025-09-22 13:16:00,4.35,22900,4.35,U
sz000100,TCL科技,2025-09-22 13:16:03,4.35,37100,4.35,D
sz000100,TCL科技,2025-09-22 13:16:09,4.35,25770,4.35,U
sz000100,TCL科技,2025-09-22 13:16:12,4.35,63600,4.35,D
sz000100,TCL科技,2025-09-22 13:16:18,4.35,40700,4.35,U
sz000100,TCL科技,2025-09-22 13:16:21,4.35,57300,4.35,U
sz000100,TCL科技,2025-09-22 13:16:24,4.35,28100,4.35,D
sz000100,TCL科技,2025-09-22 13:16:30,4.35,22500,4.36,D
sz000100,TCL科技,2025-09-22 13:16:54,4.35,50600,4.35,D
sz000100,TCL科技,2025-09-22 13:17:21,4.36,33600,4.35,U
sz000100,TCL科技,2025-09-22 13:17:30,4.35,21200,4.35,D
sz000100,TCL科技,2025-09-22 13:17:36,4.36,30700,4.36,U
sz000100,TCL科技,2025-09-22 13:18:00,4.35,21200,4.35,D
sz000100,TCL科技,2025-09-22 13:18:21,4.36,37600,4.35,U
sz000100,TCL科技,2025-09-22 13:18:24,4.35,35000,4.36,D
sz000100,TCL科技,2025-09-22 13:18:27,4.36,23400,4.35,U
sz000100,TCL科技,2025-09-22 13:18:45,4.36,29600,4.36,U
sz000100,TCL科技,2025-09-22 13:18:54,4.35,427950,4.35,D
sz000100,TCL科技,2025-09-22 13:18:57,4.35,37900,4.35,D
sz000100,TCL科技,2025-09-22 13:19:03,4.36,34300,4.35,U
sz000100,TCL科技,2025-09-22 13:19:06,4.35,65100,4.36,D
sz000100,TCL科技,2025-09-22 13:19:24,4.35,28200,4.36,D
sz000100,TCL科技,2025-09-22 13:19:30,4.36,30840,4.35,U
sz000100,TCL科技,2025-09-22 13:19:33,4.36,125700,4.36,U
sz000100,TCL科技,2025-09-22 13:19:36,4.35,32800,4.36,D
sz000100,TCL科技,2025-09-22 13:19:42,4.35,206200,4.35,D
sz000100,TCL科技,2025-09-22 13:19:45,4.35,53700,4.35,D
sz000100,TCL科技,2025-09-22 13:19:48,4.35,22500,4.35,D
sz000100,TCL科技,2025-09-22 13:19:51,4.35,363900,4.35,D
sz000100,TCL科技,2025-09-22 13:19:54,4.35,36600,4.35,D
sz000100,TCL科技,2025-09-22 13:19:57,4.36,33100,4.35,U
sz000100,TCL科技,2025-09-22 13:20:03,4.35,73100,4.35,D
sz000100,TCL科技,2025-09-22 13:20:06,4.36,26000,4.35,U
sz000100,TCL科技,2025-09-22 13:20:12,4.36,97900,4.35,U
sz000100,TCL科技,2025-09-22 13:20:15,4.35,132200,4.36,D
sz000100,TCL科技,2025-09-22 13:20:18,4.35,204700,4.35,U
sz000100,TCL科技,2025-09-22 13:20:21,4.35,46800,4.35,D
sz000100,TCL科技,2025-09-22 13:20:24,4.35,20500,4.35,D
sz000100,TCL科技,2025-09-22 13:20:27,4.35,96600,4.35,D
sz000100,TCL科技,2025-09-22 13:20:36,4.35,62500,4.35,U
sz000100,TCL科技,2025-09-22 13:20:45,4.35,26900,4.35,U
sz000100,TCL科技,2025-09-22 13:20:51,4.34,27900,4.35,D
sz000100,TCL科技,2025-09-22 13:20:54,4.35,24200,4.34,U
sz000100,TCL科技,2025-09-22 13:20:57,4.35,25800,4.35,D
sz000100,TCL科技,2025-09-22 13:21:03,4.35,22500,4.35,U
sz000100,TCL科技,2025-09-22 13:21:12,4.36,20000,4.36,U
sz000100,TCL科技,2025-09-22 13:21:18,4.36,63200,4.36,U
sz000100,TCL科技,2025-09-22 13:21:27,4.36,29800,4.36,U
sz000100,TCL科技,2025-09-22 13:22:57,4.36,20300,4.35,U
sz000100,TCL科技,2025-09-22 13:23:21,4.36,258900,4.36,U
sz000100,TCL科技,2025-09-22 13:23:39,4.36,37400,4.36,U
sz000100,TCL科技,2025-09-22 13:23:42,4.36,27800,4.36,U
sz000100,TCL科技,2025-09-22 13:23:45,4.36,24000,4.36,U
sz000100,TCL科技,2025-09-22 13:23:48,4.36,36500,4.36,U
sz000100,TCL科技,2025-09-22 13:23:57,4.36,38100,4.35,U
sz000100,TCL科技,2025-09-22 13:24:00,4.36,23200,4.36,U
sz000100,TCL科技,2025-09-22 13:24:06,4.36,23100,4.35,U
sz000100,TCL科技,2025-09-22 13:24:09,4.36,164300,4.36,U
sz000100,TCL科技,2025-09-22 13:24:12,4.36,235700,4.36,U
sz000100,TCL科技,2025-09-22 13:24:15,4.36,125100,4.36,U
sz000100,TCL科技,2025-09-22 13:24:18,4.36,119000,4.36,U
sz000100,TCL科技,2025-09-22 13:24:21,4.36,512032,4.36,U
sz000100,TCL科技,2025-09-22 13:24:24,4.37,21300,4.36,U
sz000100,TCL科技,2025-09-22 13:24:39,4.37,31600,4.36,U
sz000100,TCL科技,2025-09-22 13:24:51,4.36,35700,4.36,D
sz000100,TCL科技,2025-09-22 13:25:09,4.37,34200,4.36,U
sz000100,TCL科技,2025-09-22 13:25:24,4.37,22400,4.37,U
sz000100,TCL科技,2025-09-22 13:25:33,4.36,25600,4.37,D
sz000100,TCL科技,2025-09-22 13:25:39,4.37,41400,4.37,U
sz000100,TCL科技,2025-09-22 13:25:54,4.36,1445168,4.37,D
sz000100,TCL科技,2025-09-22 13:26:03,4.35,119110,4.36,D
sz000100,TCL科技,2025-09-22 13:26:27,4.35,80800,4.36,D
sz000100,TCL科技,2025-09-22 13:26:30,4.36,43900,4.35,U
sz000100,TCL科技,2025-09-22 13:26:39,4.36,28000,4.36,U
sz000100,TCL科技,2025-09-22 13:27:09,4.35,84400,4.35,D
sz000100,TCL科技,2025-09-22 13:27:12,4.36,43300,4.35,U
sz000100,TCL科技,2025-09-22 13:27:21,4.36,28800,4.35,U
sz000100,TCL科技,2025-09-22 13:27:36,4.35,52300,4.36,D
sz000100,TCL科技,2025-09-22 13:27:39,4.36,68200,4.35,U
sz000100,TCL科技,2025-09-22 13:27:48,4.36,711900,4.36,U
sz000100,TCL科技,2025-09-22 13:28:15,4.36,23300,4.35,U
sz000100,TCL科技,2025-09-22 13:28:18,4.36,25600,4.36,U
sz000100,TCL科技,2025-09-22 13:28:21,4.35,29300,4.36,D
sz000100,TCL科技,2025-09-22 13:28:36,4.35,124600,4.36,D
sz000100,TCL科技,2025-09-22 13:28:39,4.35,134200,4.35,D
sz000100,TCL科技,2025-09-22 13:28:42,4.35,54500,4.35,D
sz000100,TCL科技,2025-09-22 13:28:45,4.36,36100,4.35,U
sz000100,TCL科技,2025-09-22 13:28:54,4.35,41600,4.36,D
sz000100,TCL科技,2025-09-22 13:29:00,4.35,29971,4.36,D
sz000100,TCL科技,2025-09-22 13:29:03,4.36,46500,4.35,U
sz000100,TCL科技,2025-09-22 13:29:09,4.35,28900,4.36,D
sz000100,TCL科技,2025-09-22 13:29:18,4.36,48100,4.35,U
sz000100,TCL科技,2025-09-22 13:29:33,4.36,26700,4.35,U
sz000100,TCL科技,2025-09-22 13:30:06,4.36,27200,4.35,U
sz000100,TCL科技,2025-09-22 13:30:15,4.35,23400,4.36,D
sz000100,TCL科技,2025-09-22 13:30:30,4.36,35500,4.35,U
sz000100,TCL科技,2025-09-22 13:30:33,4.35,27800,4.36,D
sz000100,TCL科技,2025-09-22 13:30:48,4.35,43100,4.36,D
sz000100,TCL科技,2025-09-22 13:31:27,4.35,32200,4.36,D
sz000100,TCL科技,2025-09-22 13:31:42,4.35,20800,4.35,D
sz000100,TCL科技,2025-09-22 13:31:54,4.36,25600,4.36,U
sz000100,TCL科技,2025-09-22 13:31:57,4.35,48100,4.36,D
sz000100,TCL科技,2025-09-22 13:32:09,4.36,24200,4.36,U
sz000100,TCL科技,2025-09-22 13:32:39,4.36,58400,4.35,U
sz000100,TCL科技,2025-09-22 13:33:00,4.36,30700,4.35,U
sz000100,TCL科技,2025-09-22 13:33:09,4.35,26600,4.35,D
sz000100,TCL科技,2025-09-22 13:33:12,4.36,42000,4.35,U
sz000100,TCL科技,2025-09-22 13:33:15,4.35,26800,4.36,D
sz000100,TCL科技,2025-09-22 13:33:21,4.36,136600,4.35,U
sz000100,TCL科技,2025-09-22 13:33:24,4.35,20700,4.36,D
sz000100,TCL科技,2025-09-22 13:33:48,4.35,56200,4.36,D
sz000100,TCL科技,2025-09-22 13:34:21,4.35,90300,4.35,D
sz000100,TCL科技,2025-09-22 13:34:24,4.35,63000,4.35,D
sz000100,TCL科技,2025-09-22 13:34:36,4.36,77800,4.36,U
sz000100,TCL科技,2025-09-22 13:34:51,4.35,22900,4.35,D
sz000100,TCL科技,2025-09-22 13:34:57,4.36,32600,4.35,U
sz000100,TCL科技,2025-09-22 13:35:00,4.35,35200,4.36,D
sz000100,TCL科技,2025-09-22 13:35:03,4.36,69900,4.35,U
sz000100,TCL科技,2025-09-22 13:35:30,4.36,36800,4.35,U
sz000100,TCL科技,2025-09-22 13:35:36,4.35,29900,4.36,D
sz000100,TCL科技,2025-09-22 13:35:42,4.36,37100,4.36,U
sz000100,TCL科技,2025-09-22 13:35:54,4.35,48300,4.35,D
sz000100,TCL科技,2025-09-22 13:36:00,4.35,86300,4.35,D
sz000100,TCL科技,2025-09-22 13:36:03,4.35,33200,4.35,D
sz000100,TCL科技,2025-09-22 13:36:12,4.35,44100,4.35,D
sz000100,TCL科技,2025-09-22 13:36:21,4.35,53000,4.35,D
sz000100,TCL科技,2025-09-22 13:36:30,4.35,79000,4.36,D
sz000100,TCL科技,2025-09-22 13:36:39,4.35,31800,4.35,D
sz000100,TCL科技,2025-09-22 13:36:57,4.35,65800,4.36,D
sz000100,TCL科技,2025-09-22 13:37:12,4.35,47000,4.35,D
sz000100,TCL科技,2025-09-22 13:37:15,4.36,281700,4.35,U
sz000100,TCL科技,2025-09-22 13:37:18,4.35,115000,4.36,D
sz000100,TCL科技,2025-09-22 13:37:21,4.35,58200,4.35,D
sz000100,TCL科技,2025-09-22 13:37:24,4.35,69300,4.35,D
sz000100,TCL科技,2025-09-22 13:37:27,4.36,30900,4.35,U
sz000100,TCL科技,2025-09-22 13:37:30,4.35,30900,4.36,D
sz000100,TCL科技,2025-09-22 13:37:42,4.36,44800,4.36,U
sz000100,TCL科技,2025-09-22 13:37:48,4.35,33300,4.36,D
sz000100,TCL科技,2025-09-22 13:38:00,4.35,21300,4.35,D
sz000100,TCL科技,2025-09-22 13:38:18,4.35,39300,4.36,D
sz000100,TCL科技,2025-09-22 13:38:27,4.35,20300,4.35,D
sz000100,TCL科技,2025-09-22 13:38:51,4.35,46200,4.36,D
sz000100,TCL科技,2025-09-22 13:38:57,4.35,24600,4.35,D
sz000100,TCL科技,2025-09-22 13:39:03,4.35,26700,4.35,D
sz000100,TCL科技,2025-09-22 13:39:33,4.36,26300,4.36,U
sz000100,TCL科技,2025-09-22 13:39:42,4.35,45600,4.35,D
sz000100,TCL科技,2025-09-22 13:39:45,4.36,23700,4.35,U
sz000100,TCL科技,2025-09-22 13:39:57,4.36,29500,4.36,U
sz000100,TCL科技,2025-09-22 13:40:06,4.35,20700,4.35,D
sz000100,TCL科技,2025-09-22 13:40:09,4.35,56900,4.35,D
sz000100,TCL科技,2025-09-22 13:40:21,4.35,21900,4.36,D
sz000100,TCL科技,2025-09-22 13:40:39,4.35,80900,4.35,D
sz000100,TCL科技,2025-09-22 13:40:42,4.35,38700,4.35,D
sz000100,TCL科技,2025-09-22 13:40:45,4.35,24700,4.35,D
sz000100,TCL科技,2025-09-22 13:41:18,4.35,54500,4.35,D
sz000100,TCL科技,2025-09-22 13:41:21,4.36,21700,4.35,U
sz000100,TCL科技,2025-09-22 13:41:27,4.35,28700,4.35,D
sz000100,TCL科技,2025-09-22 13:41:33,4.35,134700,4.36,D
sz000100,TCL科技,2025-09-22 13:41:42,4.35,20800,4.35,D
sz000100,TCL科技,2025-09-22 13:41:45,4.35,24300,4.35,D
sz000100,TCL科技,2025-09-22 13:42:00,4.36,23400,4.35,U
sz000100,TCL科技,2025-09-22 13:42:09,4.35,30200,4.35,D
sz000100,TCL科技,2025-09-22 13:42:12,4.35,24500,4.35,D
sz000100,TCL科技,2025-09-22 13:42:15,4.35,48600,4.35,D
sz000100,TCL科技,2025-09-22 13:42:48,4.35,26000,4.35,D
sz000100,TCL科技,2025-09-22 13:42:51,4.35,110400,4.35,D
sz000100,TCL科技,2025-09-22 13:42:54,4.35,43400,4.35,D
sz000100,TCL科技,2025-09-22 13:42:57,4.35,29800,4.35,D
sz000100,TCL科技,2025-09-22 13:43:03,4.35,47800,4.36,D
sz000100,TCL科技,2025-09-22 13:43:33,4.35,44800,4.35,D
sz000100,TCL科技,2025-09-22 13:43:51,4.35,128000,4.35,D
sz000100,TCL科技,2025-09-22 13:43:54,4.35,43000,4.35,D
sz000100,TCL科技,2025-09-22 13:43:57,4.35,46100,4.35,D
sz000100,TCL科技,2025-09-22 13:44:00,4.35,663500,4.35,D
sz000100,TCL科技,2025-09-22 13:44:03,4.35,1443820,4.35,D
sz000100,TCL科技,2025-09-22 13:44:12,4.34,50600,4.34,D
sz000100,TCL科技,2025-09-22 13:44:18,4.34,36200,4.34,D
sz000100,TCL科技,2025-09-22 13:44:21,4.34,20000,4.34,D
sz000100,TCL科技,2025-09-22 13:44:45,4.34,21700,4.35,D
sz000100,TCL科技,2025-09-22 13:45:00,4.35,57800,4.34,U
sz000100,TCL科技,2025-09-22 13:45:18,4.34,335100,4.34,D
sz000100,TCL科技,2025-09-22 13:45:27,4.35,52500,4.34,U
sz000100,TCL科技,2025-09-22 13:45:48,4.35,923410,4.34,U
sz000100,TCL科技,2025-09-22 13:45:51,4.35,223300,4.35,D
sz000100,TCL科技,2025-09-22 13:45:54,4.36,42200,4.35,U
sz000100,TCL科技,2025-09-22 13:46:06,4.35,37900,4.35,D
sz000100,TCL科技,2025-09-22 13:46:15,4.36,59300,4.35,U
sz000100,TCL科技,2025-09-22 13:47:36,4.35,22800,4.35,D
sz000100,TCL科技,2025-09-22 13:47:39,4.35,52200,4.35,D
sz000100,TCL科技,2025-09-22 13:47:42,4.35,42860,4.35,D
sz000100,TCL科技,2025-09-22 13:47:45,4.35,25100,4.35,D
sz000100,TCL科技,2025-09-22 13:48:00,4.35,66400,4.36,D
sz000100,TCL科技,2025-09-22 13:48:09,4.35,124100,4.35,D
sz000100,TCL科技,2025-09-22 13:48:12,4.35,52100,4.35,D
sz000100,TCL科技,2025-09-22 13:48:24,4.35,21300,4.35,D
sz000100,TCL科技,2025-09-22 13:48:33,4.35,93600,4.35,D
sz000100,TCL科技,2025-09-22 13:48:45,4.35,40000,4.35,D
sz000100,TCL科技,2025-09-22 13:49:15,4.35,66000,4.35,D
sz000100,TCL科技,2025-09-22 13:49:18,4.35,118600,4.35,D
sz000100,TCL科技,2025-09-22 13:49:21,4.36,48800,4.35,U
sz000100,TCL科技,2025-09-22 13:49:24,4.35,94100,4.36,D
sz000100,TCL科技,2025-09-22 13:49:30,4.36,24890,4.36,U
sz000100,TCL科技,2025-09-22 13:49:51,4.35,40400,4.35,D
sz000100,TCL科技,2025-09-22 13:50:06,4.35,38800,4.35,D
sz000100,TCL科技,2025-09-22 13:50:21,4.35,23700,4.35,D
sz000100,TCL科技,2025-09-22 13:50:27,4.35,41100,4.35,D
sz000100,TCL科技,2025-09-22 13:50:30,4.35,39100,4.35,D
sz000100,TCL科技,2025-09-22 13:50:33,4.35,24980,4.35,D
sz000100,TCL科技,2025-09-22 13:50:36,4.35,23100,4.35,D
sz000100,TCL科技,2025-09-22 13:51:12,4.35,20700,4.35,D
sz000100,TCL科技,2025-09-22 13:51:18,4.35,25000,4.35,D
sz000100,TCL科技,2025-09-22 13:51:21,4.35,22500,4.35,D
sz000100,TCL科技,2025-09-22 13:51:39,4.35,37200,4.35,D
sz000100,TCL科技,2025-09-22 13:51:42,4.35,38800,4.35,D
sz000100,TCL科技,2025-09-22 13:51:48,4.35,37400,4.35,D
sz000100,TCL科技,2025-09-22 13:51:51,4.35,36300,4.35,D
sz000100,TCL科技,2025-09-22 13:51:54,4.35,26700,4.35,D
sz000100,TCL科技,2025-09-22 13:52:15,4.36,49700,4.36,U
sz000100,TCL科技,2025-09-22 13:52:21,4.35,20600,4.36,D
sz000100,TCL科技,2025-09-22 13:52:30,4.35,75500,4.35,D
sz000100,TCL科技,2025-09-22 13:52:39,4.36,32700,4.35,U
sz000100,TCL科技,2025-09-22 13:52:51,4.35,29500,4.35,D
sz000100,TCL科技,2025-09-22 13:53:09,4.36,23700,4.35,U
sz000100,TCL科技,2025-09-22 13:53:12,4.35,46500,4.36,D
sz000100,TCL科技,2025-09-22 13:53:15,4.35,75500,4.35,D
sz000100,TCL科技,2025-09-22 13:53:18,4.36,71700,4.35,U
sz000100,TCL科技,2025-09-22 13:53:21,4.35,80200,4.36,D
sz000100,TCL科技,2025-09-22 13:53:24,4.35,54930,4.35,D
sz000100,TCL科技,2025-09-22 13:53:27,4.36,20000,4.35,U
sz000100,TCL科技,2025-09-22 13:53:45,4.35,26100,4.35,D
sz000100,TCL科技,2025-09-22 13:54:18,4.36,25350,4.36,U
sz000100,TCL科技,2025-09-22 13:54:24,4.35,29900,4.35,D
sz000100,TCL科技,2025-09-22 13:54:48,4.35,38500,4.35,D
sz000100,TCL科技,2025-09-22 13:55:00,4.35,28800,4.36,D
sz000100,TCL科技,2025-09-22 13:55:03,4.35,38000,4.35,D
sz000100,TCL科技,2025-09-22 13:55:06,4.35,35600,4.35,D
sz000100,TCL科技,2025-09-22 13:55:21,4.35,79400,4.35,D
sz000100,TCL科技,2025-09-22 13:55:24,4.35,55000,4.35,D
sz000100,TCL科技,2025-09-22 13:55:27,4.35,105800,4.35,D
sz000100,TCL科技,2025-09-22 13:55:30,4.35,38800,4.35,D
sz000100,TCL科技,2025-09-22 13:55:33,4.35,35900,4.35,D
sz000100,TCL科技,2025-09-22 13:55:54,4.35,58400,4.35,D
sz000100,TCL科技,2025-09-22 13:55:57,4.35,34800,4.35,D
sz000100,TCL科技,2025-09-22 13:56:00,4.35,41000,4.35,D
sz000100,TCL科技,2025-09-22 13:56:03,4.35,102600,4.35,D
sz000100,TCL科技,2025-09-22 13:56:09,4.35,56100,4.35,D
sz000100,TCL科技,2025-09-22 13:56:12,4.35,31800,4.35,D
sz000100,TCL科技,2025-09-22 13:56:18,4.35,51500,4.35,D
sz000100,TCL科技,2025-09-22 13:56:21,4.35,41800,4.35,D
sz000100,TCL科技,2025-09-22 13:56:24,4.35,300200,4.35,D
sz000100,TCL科技,2025-09-22 13:56:27,4.34,114300,4.35,D
sz000100,TCL科技,2025-09-22 13:56:30,4.34,164700,4.34,D
sz000100,TCL科技,2025-09-22 13:56:45,4.34,26900,4.35,D
sz000100,TCL科技,2025-09-22 13:57:00,4.35,265100,4.35,U
sz000100,TCL科技,2025-09-22 13:57:03,4.35,43800,4.35,D
sz000100,TCL科技,2025-09-22 13:57:24,4.36,26100,4.35,U
sz000100,TCL科技,2025-09-22 13:57:42,4.35,26500,4.35,D
sz000100,TCL科技,2025-09-22 13:57:48,4.36,34300,4.35,U
sz000100,TCL科技,2025-09-22 13:57:57,4.35,70300,4.36,D
sz000100,TCL科技,2025-09-22 13:58:06,4.35,22200,4.35,D
sz000100,TCL科技,2025-09-22 13:58:09,4.35,38000,4.35,D
sz000100,TCL科技,2025-09-22 13:58:15,4.35,62500,4.35,D
sz000100,TCL科技,2025-09-22 13:58:21,4.36,26300,4.35,U
sz000100,TCL科技,2025-09-22 13:58:24,4.36,219100,4.36,U
sz000100,TCL科技,2025-09-22 13:58:27,4.35,43800,4.36,D
sz000100,TCL科技,2025-09-22 13:58:30,4.35,20600,4.35,D
sz000100,TCL科技,2025-09-22 13:58:33,4.36,172300,4.35,U
sz000100,TCL科技,2025-09-22 13:58:36,4.36,58400,4.36,U
sz000100,TCL科技,2025-09-22 13:58:39,4.36,20100,4.36,U
sz000100,TCL科技,2025-09-22 13:59:00,4.35,42100,4.35,D
sz000100,TCL科技,2025-09-22 13:59:03,4.35,23700,4.35,D
sz000100,TCL科技,2025-09-22 13:59:09,4.36,24300,4.35,U
sz000100,TCL科技,2025-09-22 13:59:18,4.35,24900,4.36,D
sz000100,TCL科技,2025-09-22 13:59:21,4.36,189200,4.35,U
sz000100,TCL科技,2025-09-22 13:59:30,4.35,47200,4.35,D
sz000100,TCL科技,2025-09-22 13:59:33,4.35,33900,4.35,D
sz000100,TCL科技,2025-09-22 13:59:39,4.35,25100,4.35,D
sz000100,TCL科技,2025-09-22 13:59:45,4.35,25200,4.36,D
sz000100,TCL科技,2025-09-22 14:00:00,4.35,117100,4.35,D
sz000100,TCL科技,2025-09-22 14:00:03,4.35,40400,4.35,D
sz000100,TCL科技,2025-09-22 14:00:09,4.35,36600,4.35,D
sz000100,TCL科技,2025-09-22 14:00:18,4.35,47000,4.35,D
sz000100,TCL科技,2025-09-22 14:00:21,4.35,24000,4.35,D
sz000100,TCL科技,2025-09-22 14:00:24,4.35,24400,4.35,D
sz000100,TCL科技,2025-09-22 14:00:30,4.35,20500,4.35,D
sz000100,TCL科技,2025-09-22 14:00:33,4.35,42800,4.35,D
sz000100,TCL科技,2025-09-22 14:00:39,4.35,26300,4.36,D
sz000100,TCL科技,2025-09-22 14:00:42,4.35,53600,4.35,D
sz000100,TCL科技,2025-09-22 14:00:45,4.35,46300,4.35,D
sz000100,TCL科技,2025-09-22 14:00:48,4.35,28900,4.35,D
sz000100,TCL科技,2025-09-22 14:00:51,4.35,40000,4.35,D
sz000100,TCL科技,2025-09-22 14:00:54,4.35,34500,4.35,D
sz000100,TCL科技,2025-09-22 14:00:57,4.35,42000,4.35,D
sz000100,TCL科技,2025-09-22 14:01:06,4.35,169100,4.35,D
sz000100,TCL科技,2025-09-22 14:01:09,4.34,97000,4.35,D
sz000100,TCL科技,2025-09-22 14:01:12,4.34,24400,4.34,D
sz000100,TCL科技,2025-09-22 14:01:27,4.34,114800,4.35,D
sz000100,TCL科技,2025-09-22 14:01:33,4.34,59800,4.34,D
sz000100,TCL科技,2025-09-22 14:01:36,4.35,20100,4.34,U
sz000100,TCL科技,2025-09-22 14:01:39,4.34,32600,4.35,D
sz000100,TCL科技,2025-09-22 14:01:45,4.35,41900,4.34,U
sz000100,TCL科技,2025-09-22 14:02:00,4.35,47200,4.34,U
sz000100,TCL科技,2025-09-22 14:02:03,4.35,767970,4.35,U
sz000100,TCL科技,2025-09-22 14:02:12,4.35,24500,4.35,D
sz000100,TCL科技,2025-09-22 14:02:15,4.35,28900,4.35,D
sz000100,TCL科技,2025-09-22 14:02:18,4.35,23500,4.35,D
sz000100,TCL科技,2025-09-22 14:02:21,4.35,39900,4.35,D
sz000100,TCL科技,2025-09-22 14:02:24,4.35,32700,4.35,D
sz000100,TCL科技,2025-09-22 14:02:30,4.35,45800,4.35,D
sz000100,TCL科技,2025-09-22 14:02:33,4.35,46400,4.35,D
sz000100,TCL科技,2025-09-22 14:02:36,4.35,60100,4.35,D
sz000100,TCL科技,2025-09-22 14:02:45,4.36,34500,4.35,U
sz000100,TCL科技,2025-09-22 14:03:03,4.35,47300,4.35,D
sz000100,TCL科技,2025-09-22 14:03:12,4.35,37500,4.36,D
sz000100,TCL科技,2025-09-22 14:03:45,4.35,28200,4.35,D
sz000100,TCL科技,2025-09-22 14:03:48,4.35,123980,4.35,D
sz000100,TCL科技,2025-09-22 14:03:51,4.35,90300,4.35,U
sz000100,TCL科技,2025-09-22 14:04:33,4.35,26300,4.34,U
sz000100,TCL科技,2025-09-22 14:04:54,4.35,21500,4.35,U
sz000100,TCL科技,2025-09-22 14:05:03,4.34,62000,4.35,D
sz000100,TCL科技,2025-09-22 14:05:06,4.35,23100,4.34,U
sz000100,TCL科技,2025-09-22 14:05:15,4.35,51600,4.34,U
sz000100,TCL科技,2025-09-22 14:05:24,4.34,37400,4.34,D
sz000100,TCL科技,2025-09-22 14:06:18,4.34,26000,4.34,D
sz000100,TCL科技,2025-09-22 14:07:00,4.34,103700,4.34,D
sz000100,TCL科技,2025-09-22 14:07:06,4.34,20400,4.34,D
sz000100,TCL科技,2025-09-22 14:07:12,4.35,41800,4.34,U
sz000100,TCL科技,2025-09-22 14:07:24,4.34,41200,4.35,D
sz000100,TCL科技,2025-09-22 14:07:36,4.34,26900,4.35,D
sz000100,TCL科技,2025-09-22 14:07:42,4.34,412900,4.34,D
sz000100,TCL科技,2025-09-22 14:07:45,4.34,31800,4.34,D
sz000100,TCL科技,2025-09-22 14:08:00,4.34,94700,4.35,D
sz000100,TCL科技,2025-09-22 14:08:03,4.34,121200,4.34,D
sz000100,TCL科技,2025-09-22 14:08:18,4.35,21000,4.35,U
sz000100,TCL科技,2025-09-22 14:08:30,4.35,43800,4.34,U
sz000100,TCL科技,2025-09-22 14:08:33,4.35,28400,4.35,U
sz000100,TCL科技,2025-09-22 14:08:36,4.35,21200,4.35,U
sz000100,TCL科技,2025-09-22 14:08:54,4.34,21400,4.34,D
sz000100,TCL科技,2025-09-22 14:09:00,4.35,1897420,4.35,U
sz000100,TCL科技,2025-09-22 14:09:03,4.35,179000,4.35,D
sz000100,TCL科技,2025-09-22 14:09:09,4.35,39500,4.35,D
sz000100,TCL科技,2025-09-22 14:09:12,4.36,38000,4.35,U
sz000100,TCL科技,2025-09-22 14:09:18,4.35,70600,4.35,D
sz000100,TCL科技,2025-09-22 14:09:27,4.36,50700,4.35,U
sz000100,TCL科技,2025-09-22 14:09:36,4.36,22900,4.35,U
sz000100,TCL科技,2025-09-22 14:10:18,4.36,37200,4.35,U
sz000100,TCL科技,2025-09-22 14:10:27,4.35,40500,4.35,D
sz000100,TCL科技,2025-09-22 14:10:30,4.35,55900,4.35,D
sz000100,TCL科技,2025-09-22 14:10:33,4.36,48600,4.35,U
sz000100,TCL科技,2025-09-22 14:10:36,4.35,58100,4.36,D
sz000100,TCL科技,2025-09-22 14:10:39,4.36,30400,4.35,U
sz000100,TCL科技,2025-09-22 14:10:42,4.35,27400,4.36,D
sz000100,TCL科技,2025-09-22 14:10:45,4.35,21100,4.35,D
sz000100,TCL科技,2025-09-22 14:10:48,4.36,52600,4.35,U
sz000100,TCL科技,2025-09-22 14:11:03,4.35,64600,4.35,D
sz000100,TCL科技,2025-09-22 14:11:06,4.35,34200,4.35,D
sz000100,TCL科技,2025-09-22 14:11:09,4.35,121900,4.35,D
sz000100,TCL科技,2025-09-22 14:11:12,4.35,160700,4.35,D
sz000100,TCL科技,2025-09-22 14:11:15,4.35,25500,4.35,D
sz000100,TCL科技,2025-09-22 14:11:21,4.35,32000,4.35,D
sz000100,TCL科技,2025-09-22 14:11:30,4.35,28880,4.35,D
sz000100,TCL科技,2025-09-22 14:11:36,4.35,34900,4.35,U
sz000100,TCL科技,2025-09-22 14:12:00,4.34,45300,4.35,D
sz000100,TCL科技,2025-09-22 14:12:03,4.34,20700,4.34,D
sz000100,TCL科技,2025-09-22 14:12:06,4.34,70100,4.34,D
sz000100,TCL科技,2025-09-22 14:12:09,4.34,73000,4.34,D
sz000100,TCL科技,2025-09-22 14:12:12,4.34,27300,4.34,D
sz000100,TCL科技,2025-09-22 14:12:15,4.35,46000,4.34,U
sz000100,TCL科技,2025-09-22 14:12:24,4.35,111400,4.35,U
sz000100,TCL科技,2025-09-22 14:12:27,4.35,136900,4.35,U
sz000100,TCL科技,2025-09-22 14:12:30,4.36,38000,4.35,U
sz000100,TCL科技,2025-09-22 14:12:54,4.35,72500,4.35,U
sz000100,TCL科技,2025-09-22 14:12:57,4.35,22400,4.35,D
sz000100,TCL科技,2025-09-22 14:13:09,4.36,23900,4.35,U
sz000100,TCL科技,2025-09-22 14:13:15,4.35,50800,4.35,D
sz000100,TCL科技,2025-09-22 14:13:21,4.35,27300,4.35,D
sz000100,TCL科技,2025-09-22 14:13:45,4.35,134100,4.35,U
sz000100,TCL科技,2025-09-22 14:13:54,4.35,22200,4.35,U
sz000100,TCL科技,2025-09-22 14:13:57,4.35,23300,4.35,U
sz000100,TCL科技,2025-09-22 14:14:15,4.36,28000,4.36,U
sz000100,TCL科技,2025-09-22 14:14:21,4.35,22000,4.35,D
sz000100,TCL科技,2025-09-22 14:14:51,4.35,31400,4.35,D
sz000100,TCL科技,2025-09-22 14:15:00,4.35,29100,4.36,D
sz000100,TCL科技,2025-09-22 14:15:12,4.35,20100,4.35,D
sz000100,TCL科技,2025-09-22 14:15:18,4.35,33900,4.35,D
sz000100,TCL科技,2025-09-22 14:15:21,4.35,36900,4.35,D
sz000100,TCL科技,2025-09-22 14:16:06,4.36,61800,4.35,U
sz000100,TCL科技,2025-09-22 14:16:51,4.36,37400,4.35,U
sz000100,TCL科技,2025-09-22 14:17:15,4.35,225700,4.35,D
sz000100,TCL科技,2025-09-22 14:17:18,4.35,37100,4.35,D
sz000100,TCL科技,2025-09-22 14:17:39,4.35,21800,4.35,D
sz000100,TCL科技,2025-09-22 14:17:45,4.35,25600,4.35,D
sz000100,TCL科技,2025-09-22 14:17:57,4.35,25000,4.35,D
sz000100,TCL科技,2025-09-22 14:18:06,4.36,28700,4.35,U
sz000100,TCL科技,2025-09-22 14:18:15,4.36,23500,4.35,U
sz000100,TCL科技,2025-09-22 14:18:18,4.35,22600,4.36,D
sz000100,TCL科技,2025-09-22 14:18:45,4.35,37500,4.35,D
sz000100,TCL科技,2025-09-22 14:19:00,4.36,25300,4.35,U
sz000100,TCL科技,2025-09-22 14:19:51,4.36,55000,4.35,U
sz000100,TCL科技,2025-09-22 14:20:42,4.35,28100,4.35,D
sz000100,TCL科技,2025-09-22 14:20:51,4.35,573700,4.36,D
sz000100,TCL科技,2025-09-22 14:20:54,4.35,41800,4.35,D
sz000100,TCL科技,2025-09-22 14:21:18,4.36,68000,4.35,U
sz000100,TCL科技,2025-09-22 14:21:27,4.36,49100,4.35,U
sz000100,TCL科技,2025-09-22 14:21:45,4.35,33300,4.35,D
sz000100,TCL科技,2025-09-22 14:21:48,4.36,4590096,4.35,U
sz000100,TCL科技,2025-09-22 14:21:54,4.36,445800,4.37,D
sz000100,TCL科技,2025-09-22 14:22:06,4.36,42000,4.36,D
sz000100,TCL科技,2025-09-22 14:22:09,4.36,130800,4.36,D
sz000100,TCL科技,2025-09-22 14:22:12,4.36,103900,4.36,D
sz000100,TCL科技,2025-09-22 14:22:15,4.35,88000,4.36,D
sz000100,TCL科技,2025-09-22 14:22:24,4.36,29100,4.36,U
sz000100,TCL科技,2025-09-22 14:22:27,4.36,170200,4.36,U
sz000100,TCL科技,2025-09-22 14:22:30,4.36,28400,4.36,U
sz000100,TCL科技,2025-09-22 14:22:39,4.36,56200,4.36,U
sz000100,TCL科技,2025-09-22 14:22:48,4.35,131300,4.35,D
sz000100,TCL科技,2025-09-22 14:22:54,4.35,75600,4.35,D
sz000100,TCL科技,2025-09-22 14:23:24,4.36,38800,4.35,U
sz000100,TCL科技,2025-09-22 14:24:21,4.36,108500,4.35,U
sz000100,TCL科技,2025-09-22 14:24:48,4.36,34600,4.36,U
sz000100,TCL科技,2025-09-22 14:24:57,4.36,26200,4.36,U
sz000100,TCL科技,2025-09-22 14:25:30,4.36,382200,4.35,U
sz000100,TCL科技,2025-09-22 14:25:36,4.35,22600,4.35,D
sz000100,TCL科技,2025-09-22 14:26:03,4.36,39300,4.36,U
sz000100,TCL科技,2025-09-22 14:26:18,4.36,32900,4.35,U
sz000100,TCL科技,2025-09-22 14:26:24,4.36,27200,4.36,U
sz000100,TCL科技,2025-09-22 14:26:27,4.35,40800,4.36,D
sz000100,TCL科技,2025-09-22 14:26:39,4.35,47900,4.36,D
sz000100,TCL科技,2025-09-22 14:27:21,4.36,70400,4.36,U
sz000100,TCL科技,2025-09-22 14:27:30,4.36,37800,4.36,U
sz000100,TCL科技,2025-09-22 14:28:18,4.36,22100,4.36,U
sz000100,TCL科技,2025-09-22 14:28:33,4.36,75800,4.35,U
sz000100,TCL科技,2025-09-22 14:29:12,4.35,68300,4.35,D
sz000100,TCL科技,2025-09-22 14:29:15,4.35,35900,4.35,D
sz000100,TCL科技,2025-09-22 14:29:18,4.36,40400,4.35,U
sz000100,TCL科技,2025-09-22 14:29:42,4.35,73400,4.35,D
sz000100,TCL科技,2025-09-22 14:29:45,4.35,26400,4.35,D
sz000100,TCL科技,2025-09-22 14:30:45,4.35,190900,4.35,D
sz000100,TCL科技,2025-09-22 14:30:48,4.35,62000,4.35,D
sz000100,TCL科技,2025-09-22 14:31:00,4.35,34300,4.35,D
sz000100,TCL科技,2025-09-22 14:31:03,4.35,64900,4.35,D
sz000100,TCL科技,2025-09-22 14:31:06,4.36,1271000,4.35,U
sz000100,TCL科技,2025-09-22 14:31:09,4.36,45000,4.36,U
sz000100,TCL科技,2025-09-22 14:31:12,4.36,81240,4.36,U
sz000100,TCL科技,2025-09-22 14:31:15,4.36,131000,4.36,D
sz000100,TCL科技,2025-09-22 14:31:18,4.37,32700,4.36,U
sz000100,TCL科技,2025-09-22 14:31:21,4.37,28000,4.37,U
sz000100,TCL科技,2025-09-22 14:32:09,4.36,26700,4.37,D
sz000100,TCL科技,2025-09-22 14:32:24,4.37,39050,4.37,U
sz000100,TCL科技,2025-09-22 14:32:39,4.36,20200,4.37,D
sz000100,TCL科技,2025-09-22 14:32:48,4.36,75200,4.36,D
sz000100,TCL科技,2025-09-22 14:32:54,4.36,94600,4.36,D
sz000100,TCL科技,2025-09-22 14:32:57,4.36,36700,4.36,D
sz000100,TCL科技,2025-09-22 14:33:03,4.36,45100,4.36,D
sz000100,TCL科技,2025-09-22 14:33:06,4.36,56530,4.36,D
sz000100,TCL科技,2025-09-22 14:33:27,4.36,39480,4.37,D
sz000100,TCL科技,2025-09-22 14:33:36,4.37,33600,4.37,U
sz000100,TCL科技,2025-09-22 14:33:39,4.37,27700,4.37,U
sz000100,TCL科技,2025-09-22 14:33:57,4.36,53000,4.37,D
sz000100,TCL科技,2025-09-22 14:34:00,4.36,59900,4.36,D
sz000100,TCL科技,2025-09-22 14:34:03,4.36,27700,4.36,D
sz000100,TCL科技,2025-09-22 14:34:09,4.37,42100,4.36,U
sz000100,TCL科技,2025-09-22 14:34:15,4.37,49400,4.37,U
sz000100,TCL科技,2025-09-22 14:34:21,4.36,57600,4.36,D
sz000100,TCL科技,2025-09-22 14:34:30,4.37,88200,4.36,U
sz000100,TCL科技,2025-09-22 14:34:33,4.36,35100,4.37,D
sz000100,TCL科技,2025-09-22 14:34:39,4.36,57900,4.36,D
sz000100,TCL科技,2025-09-22 14:34:42,4.36,45300,4.36,D
sz000100,TCL科技,2025-09-22 14:34:48,4.37,64600,4.36,U
sz000100,TCL科技,2025-09-22 14:34:51,4.36,26200,4.37,D
sz000100,TCL科技,2025-09-22 14:34:54,4.36,37700,4.36,D
sz000100,TCL科技,2025-09-22 14:35:15,4.37,30000,4.36,U
sz000100,TCL科技,2025-09-22 14:35:18,4.36,20900,4.37,D
sz000100,TCL科技,2025-09-22 14:35:21,4.37,31000,4.36,U
sz000100,TCL科技,2025-09-22 14:35:27,4.36,39830,4.36,D
sz000100,TCL科技,2025-09-22 14:35:57,4.36,205810,4.36,D
sz000100,TCL科技,2025-09-22 14:36:00,4.36,122800,4.36,D
sz000100,TCL科技,2025-09-22 14:36:03,4.36,82200,4.36,D
sz000100,TCL科技,2025-09-22 14:36:06,4.36,34100,4.36,D
sz000100,TCL科技,2025-09-22 14:36:15,4.36,25800,4.36,D
sz000100,TCL科技,2025-09-22 14:36:21,4.36,95300,4.36,D
sz000100,TCL科技,2025-09-22 14:36:24,4.36,100100,4.36,D
sz000100,TCL科技,2025-09-22 14:36:30,4.36,24700,4.36,D
sz000100,TCL科技,2025-09-22 14:36:48,4.36,42700,4.36,D
sz000100,TCL科技,2025-09-22 14:36:51,4.37,43200,4.36,U
sz000100,TCL科技,2025-09-22 14:36:54,4.36,52800,4.37,D
sz000100,TCL科技,2025-09-22 14:37:09,4.36,41800,4.36,D
sz000100,TCL科技,2025-09-22 14:37:24,4.36,106500,4.36,D
sz000100,TCL科技,2025-09-22 14:37:30,4.36,42500,4.37,D
sz000100,TCL科技,2025-09-22 14:37:36,4.36,20900,4.36,D
sz000100,TCL科技,2025-09-22 14:37:45,4.37,114400,4.36,U
sz000100,TCL科技,2025-09-22 14:37:54,4.36,35700,4.36,D
sz000100,TCL科技,2025-09-22 14:38:24,4.37,26600,4.37,U
sz000100,TCL科技,2025-09-22 14:38:27,4.36,29600,4.37,D
sz000100,TCL科技,2025-09-22 14:38:30,4.36,23900,4.36,D
sz000100,TCL科技,2025-09-22 14:38:39,4.37,21900,4.36,U
sz000100,TCL科技,2025-09-22 14:38:54,4.36,31700,4.37,D
sz000100,TCL科技,2025-09-22 14:38:57,4.36,36900,4.36,D
sz000100,TCL科技,2025-09-22 14:39:00,4.37,36800,4.36,U
sz000100,TCL科技,2025-09-22 14:39:03,4.36,22400,4.37,D
sz000100,TCL科技,2025-09-22 14:39:06,4.37,24600,4.36,U
sz000100,TCL科技,2025-09-22 14:39:12,4.36,44200,4.36,D
sz000100,TCL科技,2025-09-22 14:39:15,4.36,518730,4.36,D
sz000100,TCL科技,2025-09-22 14:39:18,4.37,26400,4.36,U
sz000100,TCL科技,2025-09-22 14:39:21,4.36,33000,4.37,D
sz000100,TCL科技,2025-09-22 14:39:27,4.37,23200,4.36,U
sz000100,TCL科技,2025-09-22 14:39:30,4.36,35300,4.37,D
sz000100,TCL科技,2025-09-22 14:39:54,4.37,46000,4.37,U
sz000100,TCL科技,2025-09-22 14:40:00,4.37,111000,4.36,U
sz000100,TCL科技,2025-09-22 14:40:09,4.36,70300,4.37,D
sz000100,TCL科技,2025-09-22 14:40:27,4.37,44800,4.37,U
sz000100,TCL科技,2025-09-22 14:40:33,4.37,27300,4.36,U
sz000100,TCL科技,2025-09-22 14:40:36,4.37,24900,4.37,U
sz000100,TCL科技,2025-09-22 14:41:18,4.36,30000,4.36,D
sz000100,TCL科技,2025-09-22 14:41:24,4.37,22100,4.37,U
sz000100,TCL科技,2025-09-22 14:41:30,4.36,39800,4.37,D
sz000100,TCL科技,2025-09-22 14:41:33,4.36,33700,4.36,D
sz000100,TCL科技,2025-09-22 14:41:48,4.36,21800,4.36,D
sz000100,TCL科技,2025-09-22 14:41:57,4.36,50420,4.37,D
sz000100,TCL科技,2025-09-22 14:42:06,4.36,27500,4.36,D
sz000100,TCL科技,2025-09-22 14:42:15,4.36,45300,4.36,D
sz000100,TCL科技,2025-09-22 14:42:18,4.37,40300,4.36,U
sz000100,TCL科技,2025-09-22 14:42:21,4.36,20900,4.37,D
sz000100,TCL科技,2025-09-22 14:42:30,4.36,50100,4.37,D
sz000100,TCL科技,2025-09-22 14:42:33,4.37,30400,4.36,U
sz000100,TCL科技,2025-09-22 14:42:45,4.37,59200,4.36,U
sz000100,TCL科技,2025-09-22 14:43:12,4.37,25300,4.37,U
sz000100,TCL科技,2025-09-22 14:43:15,4.36,37900,4.37,D
sz000100,TCL科技,2025-09-22 14:43:18,4.37,25900,4.36,U
sz000100,TCL科技,2025-09-22 14:43:27,4.36,210400,4.37,D
sz000100,TCL科技,2025-09-22 14:43:33,4.36,64400,4.36,D
sz000100,TCL科技,2025-09-22 14:43:48,4.36,35700,4.36,D
sz000100,TCL科技,2025-09-22 14:44:00,4.37,31700,4.37,U
sz000100,TCL科技,2025-09-22 14:44:15,4.36,22000,4.36,D
sz000100,TCL科技,2025-09-22 14:44:21,4.36,37000,4.37,D
sz000100,TCL科技,2025-09-22 14:44:30,4.36,27100,4.36,D
sz000100,TCL科技,2025-09-22 14:44:36,4.36,389900,4.37,D
sz000100,TCL科技,2025-09-22 14:44:42,4.36,54300,4.37,D
sz000100,TCL科技,2025-09-22 14:44:48,4.36,47650,4.37,D
sz000100,TCL科技,2025-09-22 14:44:51,4.36,43300,4.36,D
sz000100,TCL科技,2025-09-22 14:44:54,4.36,93200,4.36,D
sz000100,TCL科技,2025-09-22 14:44:57,4.36,44000,4.36,D
sz000100,TCL科技,2025-09-22 14:45:00,4.36,59100,4.36,D
sz000100,TCL科技,2025-09-22 14:45:03,4.36,63000,4.36,D
sz000100,TCL科技,2025-09-22 14:45:06,4.36,35000,4.36,D
sz000100,TCL科技,2025-09-22 14:45:09,4.37,91950,4.36,U
sz000100,TCL科技,2025-09-22 14:45:15,4.36,20400,4.37,D
sz000100,TCL科技,2025-09-22 14:45:21,4.36,25300,4.37,D
sz000100,TCL科技,2025-09-22 14:45:27,4.36,31800,4.36,D
sz000100,TCL科技,2025-09-22 14:45:30,4.36,38710,4.36,D
sz000100,TCL科技,2025-09-22 14:45:33,4.36,26400,4.36,D
sz000100,TCL科技,2025-09-22 14:45:42,4.36,78100,4.36,D
sz000100,TCL科技,2025-09-22 14:45:48,4.37,26500,4.36,U
sz000100,TCL科技,2025-09-22 14:45:51,4.36,97200,4.37,D
sz000100,TCL科技,2025-09-22 14:45:54,4.36,110300,4.36,D
sz000100,TCL科技,2025-09-22 14:46:00,4.36,108510,4.36,D
sz000100,TCL科技,2025-09-22 14:46:03,4.36,57500,4.36,D
sz000100,TCL科技,2025-09-22 14:46:06,4.37,34800,4.36,U
sz000100,TCL科技,2025-09-22 14:46:15,4.36,45700,4.36,D
sz000100,TCL科技,2025-09-22 14:46:18,4.36,39000,4.36,D
sz000100,TCL科技,2025-09-22 14:46:21,4.37,32900,4.36,U
sz000100,TCL科技,2025-09-22 14:46:27,4.36,52200,4.37,D
sz000100,TCL科技,2025-09-22 14:46:30,4.37,69600,4.36,U
sz000100,TCL科技,2025-09-22 14:46:36,4.36,32710,4.36,D
sz000100,TCL科技,2025-09-22 14:46:42,4.37,20200,4.37,U
sz000100,TCL科技,2025-09-22 14:46:45,4.37,43000,4.37,U
sz000100,TCL科技,2025-09-22 14:46:48,4.37,36100,4.37,U
sz000100,TCL科技,2025-09-22 14:47:03,4.36,48010,4.37,D
sz000100,TCL科技,2025-09-22 14:47:12,4.36,87600,4.37,D
sz000100,TCL科技,2025-09-22 14:47:21,4.36,52100,4.37,D
sz000100,TCL科技,2025-09-22 14:47:24,4.37,86100,4.36,U
sz000100,TCL科技,2025-09-22 14:47:27,4.36,21700,4.37,D
sz000100,TCL科技,2025-09-22 14:47:30,4.36,114700,4.36,D
sz000100,TCL科技,2025-09-22 14:47:33,4.36,189300,4.36,D
sz000100,TCL科技,2025-09-22 14:47:36,4.37,25900,4.36,U
sz000100,TCL科技,2025-09-22 14:47:39,4.36,93900,4.37,D
sz000100,TCL科技,2025-09-22 14:47:42,4.36,21300,4.36,D
sz000100,TCL科技,2025-09-22 14:47:45,4.37,84300,4.36,U
sz000100,TCL科技,2025-09-22 14:47:48,4.37,212600,4.37,U
sz000100,TCL科技,2025-09-22 14:47:51,4.36,73000,4.37,D
sz000100,TCL科技,2025-09-22 14:47:54,4.36,34600,4.36,D
sz000100,TCL科技,2025-09-22 14:47:57,4.37,25900,4.36,U
sz000100,TCL科技,2025-09-22 14:48:00,4.37,49350,4.37,U
sz000100,TCL科技,2025-09-22 14:48:03,4.37,73300,4.37,U
sz000100,TCL科技,2025-09-22 14:48:06,4.36,37500,4.37,D
sz000100,TCL科技,2025-09-22 14:48:21,4.37,46200,4.37,U
sz000100,TCL科技,2025-09-22 14:48:24,4.37,35100,4.37,U
sz000100,TCL科技,2025-09-22 14:48:27,4.37,63600,4.37,U
sz000100,TCL科技,2025-09-22 14:48:30,4.36,35800,4.37,D
sz000100,TCL科技,2025-09-22 14:48:33,4.36,22200,4.36,D
sz000100,TCL科技,2025-09-22 14:48:42,4.36,32100,4.36,D
sz000100,TCL科技,2025-09-22 14:49:03,4.36,21700,4.36,D
sz000100,TCL科技,2025-09-22 14:49:06,4.36,174200,4.36,D
sz000100,TCL科技,2025-09-22 14:49:09,4.37,30500,4.36,U
sz000100,TCL科技,2025-09-22 14:49:12,4.37,26500,4.37,U
sz000100,TCL科技,2025-09-22 14:49:15,4.36,54300,4.37,D
sz000100,TCL科技,2025-09-22 14:49:18,4.37,55900,4.36,U
sz000100,TCL科技,2025-09-22 14:49:24,4.37,156300,4.36,U
sz000100,TCL科技,2025-09-22 14:49:30,4.36,24400,4.36,D
sz000100,TCL科技,2025-09-22 14:49:36,4.36,21600,4.36,D
sz000100,TCL科技,2025-09-22 14:49:45,4.37,21900,4.36,U
sz000100,TCL科技,2025-09-22 14:49:51,4.36,27300,4.36,D
sz000100,TCL科技,2025-09-22 14:49:57,4.36,37300,4.37,D
sz000100,TCL科技,2025-09-22 14:50:00,4.37,149400,4.36,U
sz000100,TCL科技,2025-09-22 14:50:03,4.37,23300,4.37,U
sz000100,TCL科技,2025-09-22 14:50:06,4.36,30000,4.37,D
sz000100,TCL科技,2025-09-22 14:50:09,4.36,20500,4.36,D
sz000100,TCL科技,2025-09-22 14:50:18,4.36,40600,4.36,D
sz000100,TCL科技,2025-09-22 14:50:21,4.36,38900,4.36,D
sz000100,TCL科技,2025-09-22 14:50:30,4.36,67000,4.37,D
sz000100,TCL科技,2025-09-22 14:50:33,4.36,67200,4.36,D
sz000100,TCL科技,2025-09-22 14:50:36,4.36,47910,4.36,D
sz000100,TCL科技,2025-09-22 14:50:39,4.36,25500,4.36,D
sz000100,TCL科技,2025-09-22 14:50:45,4.36,28900,4.36,D
sz000100,TCL科技,2025-09-22 14:50:51,4.37,34400,4.37,U
sz000100,TCL科技,2025-09-22 14:50:57,4.37,59700,4.36,U
sz000100,TCL科技,2025-09-22 14:51:00,4.37,342700,4.37,U
sz000100,TCL科技,2025-09-22 14:51:03,4.37,85500,4.37,U
sz000100,TCL科技,2025-09-22 14:51:06,4.37,43100,4.37,U
sz000100,TCL科技,2025-09-22 14:51:09,4.36,26700,4.37,D
sz000100,TCL科技,2025-09-22 14:51:12,4.36,46700,4.36,D
sz000100,TCL科技,2025-09-22 14:51:15,4.37,21900,4.36,U
sz000100,TCL科技,2025-09-22 14:51:21,4.37,54600,4.37,U
sz000100,TCL科技,2025-09-22 14:51:24,4.36,22200,4.37,D
sz000100,TCL科技,2025-09-22 14:51:30,4.36,187380,4.37,D
sz000100,TCL科技,2025-09-22 14:51:42,4.37,44900,4.37,U
sz000100,TCL科技,2025-09-22 14:51:51,4.36,22000,4.37,D
sz000100,TCL科技,2025-09-22 14:51:57,4.37,61400,4.37,U
sz000100,TCL科技,2025-09-22 14:52:06,4.36,228400,4.36,D
sz000100,TCL科技,2025-09-22 14:52:12,4.36,71100,4.36,D
sz000100,TCL科技,2025-09-22 14:52:48,4.36,38900,4.36,D
sz000100,TCL科技,2025-09-22 14:52:54,4.36,58300,4.36,D
sz000100,TCL科技,2025-09-22 14:52:57,4.36,41200,4.36,D
sz000100,TCL科技,2025-09-22 14:53:00,4.36,152000,4.36,D
sz000100,TCL科技,2025-09-22 14:53:03,4.36,114900,4.36,D
sz000100,TCL科技,2025-09-22 14:53:06,4.36,115700,4.36,D
sz000100,TCL科技,2025-09-22 14:53:09,4.36,42900,4.36,D
sz000100,TCL科技,2025-09-22 14:53:12,4.36,117600,4.36,D
sz000100,TCL科技,2025-09-22 14:53:18,4.37,20900,4.36,U
