symbol,name,ticktime,price,volume,prev_price,kind
sz000100,TCL科技,2025-10-21 09:25:00,4.13,780000,0.0,U
sz000100,TCL科技,2025-10-21 09:30:00,4.13,52000,4.13,U
sz000100,TCL科技,2025-10-21 09:30:03,4.12,528700,4.13,D
sz000100,TCL科技,2025-10-21 09:30:06,4.13,439800,4.12,U
sz000100,TCL科技,2025-10-21 09:30:09,4.12,141000,4.13,D
sz000100,TCL科技,2025-10-21 09:30:12,4.12,67300,4.12,D
sz000100,TCL科技,2025-10-21 09:30:15,4.12,205300,4.12,D
sz000100,TCL科技,2025-10-21 09:30:18,4.13,63700,4.12,U
sz000100,TCL科技,2025-10-21 09:30:21,4.12,35600,4.13,D
sz000100,TCL科技,2025-10-21 09:30:24,4.13,67100,4.12,U
sz000100,TCL科技,2025-10-21 09:30:27,4.13,30200,4.13,U
sz000100,TCL科技,2025-10-21 09:30:30,4.12,23100,4.13,D
sz000100,TCL科技,2025-10-21 09:30:36,4.13,56700,4.12,U
sz000100,TCL科技,2025-10-21 09:30:42,4.12,32800,4.12,D
sz000100,TCL科技,2025-10-21 09:30:45,4.12,106300,4.12,D
sz000100,TCL科技,2025-10-21 09:30:48,4.12,42600,4.12,D
sz000100,TCL科技,2025-10-21 09:30:51,4.12,87150,4.12,D
sz000100,TCL科技,2025-10-21 09:30:54,4.13,77400,4.12,U
sz000100,TCL科技,2025-10-21 09:30:57,4.12,74200,4.13,D
sz000100,TCL科技,2025-10-21 09:31:00,4.13,471900,4.12,U
sz000100,TCL科技,2025-10-21 09:31:03,4.12,105800,4.13,D
sz000100,TCL科技,2025-10-21 09:31:06,4.12,56300,4.12,U
sz000100,TCL科技,2025-10-21 09:31:09,4.12,129400,4.12,U
sz000100,TCL科技,2025-10-21 09:31:12,4.13,159900,4.12,U
sz000100,TCL科技,2025-10-21 09:31:18,4.12,40900,4.12,D
sz000100,TCL科技,2025-10-21 09:31:21,4.12,46800,4.12,D
sz000100,TCL科技,2025-10-21 09:31:27,4.12,41800,4.12,D
sz000100,TCL科技,2025-10-21 09:31:30,4.12,27460,4.12,D
sz000100,TCL科技,2025-10-21 09:31:33,4.13,38200,4.12,U
sz000100,TCL科技,2025-10-21 09:31:39,4.12,75100,4.12,D
sz000100,TCL科技,2025-10-21 09:31:45,4.12,43400,4.12,D
sz000100,TCL科技,2025-10-21 09:31:48,4.12,28000,4.12,D
sz000100,TCL科技,2025-10-21 09:32:03,4.13,109400,4.13,U
sz000100,TCL科技,2025-10-21 09:32:06,4.13,71200,4.13,U
sz000100,TCL科技,2025-10-21 09:32:09,4.13,43600,4.13,U
sz000100,TCL科技,2025-10-21 09:32:12,4.13,37200,4.13,U
sz000100,TCL科技,2025-10-21 09:32:18,4.12,69300,4.12,D
sz000100,TCL科技,2025-10-21 09:32:24,4.13,28000,4.13,U
sz000100,TCL科技,2025-10-21 09:32:30,4.13,28800,4.12,U
sz000100,TCL科技,2025-10-21 09:32:36,4.13,27900,4.12,U
sz000100,TCL科技,2025-10-21 09:32:39,4.12,32300,4.13,D
sz000100,TCL科技,2025-10-21 09:32:54,4.13,56100,4.12,U
sz000100,TCL科技,2025-10-21 09:33:06,4.12,25000,4.12,D
sz000100,TCL科技,2025-10-21 09:33:18,4.13,55100,4.12,U
sz000100,TCL科技,2025-10-21 09:33:27,4.12,22100,4.13,D
sz000100,TCL科技,2025-10-21 09:33:30,4.13,211100,4.12,U
sz000100,TCL科技,2025-10-21 09:33:33,4.12,23700,4.13,D
sz000100,TCL科技,2025-10-21 09:34:06,4.13,49200,4.13,U
sz000100,TCL科技,2025-10-21 09:34:09,4.12,363300,4.13,D
sz000100,TCL科技,2025-10-21 09:34:15,4.12,87300,4.12,D
sz000100,TCL科技,2025-10-21 09:34:18,4.13,25300,4.12,U
sz000100,TCL科技,2025-10-21 09:34:21,4.12,28500,4.13,D
sz000100,TCL科技,2025-10-21 09:34:24,4.13,34000,4.12,U
sz000100,TCL科技,2025-10-21 09:34:27,4.13,25500,4.13,U
sz000100,TCL科技,2025-10-21 09:34:30,4.13,50500,4.13,U
sz000100,TCL科技,2025-10-21 09:34:36,4.12,22600,4.13,D
sz000100,TCL科技,2025-10-21 09:34:39,4.13,60300,4.12,U
sz000100,TCL科技,2025-10-21 09:34:42,4.12,25800,4.13,D
sz000100,TCL科技,2025-10-21 09:34:51,4.12,24800,4.12,D
sz000100,TCL科技,2025-10-21 09:34:54,4.12,27000,4.12,D
sz000100,TCL科技,2025-10-21 09:34:57,4.12,25700,4.12,D
sz000100,TCL科技,2025-10-21 09:35:00,4.12,22800,4.12,D
sz000100,TCL科技,2025-10-21 09:35:03,4.12,29800,4.12,D
sz000100,TCL科技,2025-10-21 09:35:09,4.12,89100,4.12,D
sz000100,TCL科技,2025-10-21 09:35:15,4.12,94200,4.12,D
sz000100,TCL科技,2025-10-21 09:35:18,4.12,122300,4.12,D
sz000100,TCL科技,2025-10-21 09:35:21,4.12,92300,4.12,D
sz000100,TCL科技,2025-10-21 09:35:24,4.13,63500,4.12,U
sz000100,TCL科技,2025-10-21 09:35:27,4.13,53100,4.13,U
sz000100,TCL科技,2025-10-21 09:35:33,4.12,32400,4.13,D
sz000100,TCL科技,2025-10-21 09:35:36,4.12,1490790,4.12,D
sz000100,TCL科技,2025-10-21 09:35:39,4.12,81100,4.12,D
sz000100,TCL科技,2025-10-21 09:35:42,4.12,129700,4.12,D
sz000100,TCL科技,2025-10-21 09:35:45,4.12,132000,4.12,D
sz000100,TCL科技,2025-10-21 09:35:48,4.12,293450,4.12,D
sz000100,TCL科技,2025-10-21 09:35:54,4.12,74500,4.12,U
sz000100,TCL科技,2025-10-21 09:36:09,4.12,34100,4.12,U
sz000100,TCL科技,2025-10-21 09:36:12,4.11,57800,4.12,D
sz000100,TCL科技,2025-10-21 09:36:15,4.12,23200,4.11,U
sz000100,TCL科技,2025-10-21 09:36:21,4.12,2911620,4.11,U
sz000100,TCL科技,2025-10-21 09:36:24,4.13,134200,4.12,U
sz000100,TCL科技,2025-10-21 09:36:27,4.12,27030,4.13,D
sz000100,TCL科技,2025-10-21 09:36:33,4.12,42100,4.13,D
sz000100,TCL科技,2025-10-21 09:36:39,4.13,88288,4.12,U
sz000100,TCL科技,2025-10-21 09:36:51,4.13,30400,4.13,U
sz000100,TCL科技,2025-10-21 09:36:57,4.13,36900,4.13,U
sz000100,TCL科技,2025-10-21 09:37:00,4.13,39950,4.13,U
sz000100,TCL科技,2025-10-21 09:37:03,4.13,30495,4.13,U
sz000100,TCL科技,2025-10-21 09:37:12,4.12,20500,4.13,D
sz000100,TCL科技,2025-10-21 09:37:24,4.12,30795,4.13,D
sz000100,TCL科技,2025-10-21 09:37:27,4.13,175600,4.12,U
sz000100,TCL科技,2025-10-21 09:37:33,4.13,27900,4.12,U
sz000100,TCL科技,2025-10-21 09:37:36,4.13,26300,4.13,U
sz000100,TCL科技,2025-10-21 09:37:39,4.13,92300,4.13,U
sz000100,TCL科技,2025-10-21 09:37:45,4.12,258000,4.12,D
sz000100,TCL科技,2025-10-21 09:37:48,4.12,102700,4.12,D
sz000100,TCL科技,2025-10-21 09:37:54,4.13,62800,4.13,U
sz000100,TCL科技,2025-10-21 09:37:57,4.13,21400,4.13,U
sz000100,TCL科技,2025-10-21 09:38:00,4.13,22900,4.13,U
sz000100,TCL科技,2025-10-21 09:38:06,4.13,676600,4.13,U
sz000100,TCL科技,2025-10-21 09:38:09,4.13,27600,4.13,U
sz000100,TCL科技,2025-10-21 09:38:12,4.13,28000,4.13,U
sz000100,TCL科技,2025-10-21 09:38:15,4.13,28800,4.13,U
sz000100,TCL科技,2025-10-21 09:38:18,4.12,32700,4.13,D
sz000100,TCL科技,2025-10-21 09:38:27,4.13,46500,4.13,U
sz000100,TCL科技,2025-10-21 09:38:30,4.13,191700,4.13,U
sz000100,TCL科技,2025-10-21 09:38:33,4.13,165500,4.13,U
sz000100,TCL科技,2025-10-21 09:38:36,4.13,37400,4.13,U
sz000100,TCL科技,2025-10-21 09:38:54,4.12,58500,4.13,D
sz000100,TCL科技,2025-10-21 09:38:57,4.12,36200,4.12,D
sz000100,TCL科技,2025-10-21 09:39:00,4.12,35700,4.12,D
sz000100,TCL科技,2025-10-21 09:39:03,4.13,43800,4.12,U
sz000100,TCL科技,2025-10-21 09:39:06,4.13,22800,4.13,U
sz000100,TCL科技,2025-10-21 09:39:09,4.12,46100,4.13,D
sz000100,TCL科技,2025-10-21 09:39:15,4.13,45300,4.13,U
sz000100,TCL科技,2025-10-21 09:39:18,4.12,35700,4.13,D
sz000100,TCL科技,2025-10-21 09:39:21,4.13,72700,4.12,U
sz000100,TCL科技,2025-10-21 09:39:24,4.12,38600,4.13,D
sz000100,TCL科技,2025-10-21 09:39:30,4.13,90100,4.13,U
sz000100,TCL科技,2025-10-21 09:39:33,4.12,82800,4.13,D
sz000100,TCL科技,2025-10-21 09:39:36,4.13,25900,4.12,U
sz000100,TCL科技,2025-10-21 09:39:39,4.13,29900,4.13,U
sz000100,TCL科技,2025-10-21 09:39:48,4.12,33700,4.12,D
sz000100,TCL科技,2025-10-21 09:39:54,4.13,104700,4.13,U
sz000100,TCL科技,2025-10-21 09:39:57,4.12,268600,4.13,D
sz000100,TCL科技,2025-10-21 09:40:00,4.13,108400,4.12,U
sz000100,TCL科技,2025-10-21 09:40:03,4.12,49600,4.13,D
sz000100,TCL科技,2025-10-21 09:40:06,4.13,33000,4.12,U
sz000100,TCL科技,2025-10-21 09:40:09,4.13,138400,4.13,U
sz000100,TCL科技,2025-10-21 09:40:18,4.12,45400,4.12,D
sz000100,TCL科技,2025-10-21 09:40:30,4.13,45500,4.12,U
sz000100,TCL科技,2025-10-21 09:40:51,4.13,69100,4.12,U
sz000100,TCL科技,2025-10-21 09:41:00,4.12,23400,4.13,D
sz000100,TCL科技,2025-10-21 09:41:27,4.12,102200,4.12,D
sz000100,TCL科技,2025-10-21 09:41:30,4.12,61000,4.12,D
sz000100,TCL科技,2025-10-21 09:41:39,4.12,29800,4.12,D
sz000100,TCL科技,2025-10-21 09:41:54,4.13,145000,4.13,U
sz000100,TCL科技,2025-10-21 09:41:57,4.13,26900,4.13,U
sz000100,TCL科技,2025-10-21 09:42:00,4.13,25000,4.13,U
sz000100,TCL科技,2025-10-21 09:42:12,4.13,58500,4.12,U
sz000100,TCL科技,2025-10-21 09:42:15,4.12,21100,4.13,D
sz000100,TCL科技,2025-10-21 09:42:39,4.12,21200,4.12,D
sz000100,TCL科技,2025-10-21 09:42:48,4.13,1081400,4.12,U
sz000100,TCL科技,2025-10-21 09:42:51,4.12,142200,4.13,D
sz000100,TCL科技,2025-10-21 09:42:54,4.12,70200,4.12,D
sz000100,TCL科技,2025-10-21 09:43:12,4.13,31000,4.12,U
sz000100,TCL科技,2025-10-21 09:43:24,4.13,31100,4.13,U
sz000100,TCL科技,2025-10-21 09:43:30,4.13,20100,4.12,U
sz000100,TCL科技,2025-10-21 09:43:54,4.13,299500,4.13,U
sz000100,TCL科技,2025-10-21 09:43:57,4.12,24600,4.13,D
sz000100,TCL科技,2025-10-21 09:44:00,4.13,178300,4.12,U
sz000100,TCL科技,2025-10-21 09:44:03,4.13,34000,4.13,U
sz000100,TCL科技,2025-10-21 09:44:06,4.12,42200,4.13,D
sz000100,TCL科技,2025-10-21 09:44:15,4.12,78800,4.13,D
sz000100,TCL科技,2025-10-21 09:44:18,4.12,124080,4.12,D
sz000100,TCL科技,2025-10-21 09:44:21,4.13,412100,4.12,U
sz000100,TCL科技,2025-10-21 09:44:24,4.13,20100,4.13,U
sz000100,TCL科技,2025-10-21 09:44:27,4.13,46800,4.13,U
sz000100,TCL科技,2025-10-21 09:44:30,4.12,31300,4.13,D
sz000100,TCL科技,2025-10-21 09:44:33,4.13,40100,4.12,U
sz000100,TCL科技,2025-10-21 09:44:36,4.12,63000,4.13,D
sz000100,TCL科技,2025-10-21 09:44:39,4.13,254900,4.12,U
sz000100,TCL科技,2025-10-21 09:44:48,4.13,47200,4.13,U
sz000100,TCL科技,2025-10-21 09:44:51,4.12,41900,4.13,D
sz000100,TCL科技,2025-10-21 09:44:57,4.12,22600,4.13,D
sz000100,TCL科技,2025-10-21 09:45:00,4.12,31000,4.12,D
sz000100,TCL科技,2025-10-21 09:45:03,4.12,202600,4.12,D
sz000100,TCL科技,2025-10-21 09:45:09,4.13,89600,4.12,U
sz000100,TCL科技,2025-10-21 09:45:12,4.12,30400,4.13,D
sz000100,TCL科技,2025-10-21 09:45:18,4.13,26400,4.12,U
sz000100,TCL科技,2025-10-21 09:45:21,4.12,512200,4.13,D
sz000100,TCL科技,2025-10-21 09:45:24,4.13,421500,4.12,U
sz000100,TCL科技,2025-10-21 09:45:27,4.14,4220432,4.13,U
sz000100,TCL科技,2025-10-21 09:45:30,4.13,25900,4.14,D
sz000100,TCL科技,2025-10-21 09:45:39,4.13,61100,4.13,D
sz000100,TCL科技,2025-10-21 09:45:42,4.13,38100,4.13,D
sz000100,TCL科技,2025-10-21 09:45:48,4.14,250600,4.14,U
sz000100,TCL科技,2025-10-21 09:45:54,4.14,25500,4.14,U
sz000100,TCL科技,2025-10-21 09:45:57,4.14,52400,4.14,U
sz000100,TCL科技,2025-10-21 09:46:03,4.14,27700,4.13,U
sz000100,TCL科技,2025-10-21 09:46:21,4.14,21500,4.14,U
sz000100,TCL科技,2025-10-21 09:46:27,4.14,20700,4.14,U
sz000100,TCL科技,2025-10-21 09:46:30,4.13,24800,4.14,D
sz000100,TCL科技,2025-10-21 09:46:33,4.13,35600,4.13,D
sz000100,TCL科技,2025-10-21 09:46:42,4.13,113300,4.14,D
sz000100,TCL科技,2025-10-21 09:46:45,4.14,24500,4.13,U
sz000100,TCL科技,2025-10-21 09:46:48,4.14,25100,4.14,U
sz000100,TCL科技,2025-10-21 09:46:51,4.14,29500,4.14,U
sz000100,TCL科技,2025-10-21 09:46:54,4.14,27500,4.14,U
sz000100,TCL科技,2025-10-21 09:46:57,4.13,33800,4.14,D
sz000100,TCL科技,2025-10-21 09:47:00,4.14,31600,4.13,U
sz000100,TCL科技,2025-10-21 09:47:03,4.14,30300,4.14,U
sz000100,TCL科技,2025-10-21 09:47:15,4.13,41400,4.13,D
sz000100,TCL科技,2025-10-21 09:47:18,4.14,36200,4.13,U
sz000100,TCL科技,2025-10-21 09:47:27,4.14,85600,4.14,U
sz000100,TCL科技,2025-10-21 09:47:36,4.13,20000,4.14,D
sz000100,TCL科技,2025-10-21 09:47:42,4.13,39000,4.14,D
sz000100,TCL科技,2025-10-21 09:47:45,4.14,42500,4.13,U
sz000100,TCL科技,2025-10-21 09:47:48,4.14,48200,4.14,U
sz000100,TCL科技,2025-10-21 09:47:51,4.13,20400,4.14,D
sz000100,TCL科技,2025-10-21 09:47:57,4.14,36400,4.14,U
sz000100,TCL科技,2025-10-21 09:48:00,4.14,29900,4.14,U
sz000100,TCL科技,2025-10-21 09:48:03,4.14,45900,4.14,U
sz000100,TCL科技,2025-10-21 09:48:06,4.14,61800,4.14,U
sz000100,TCL科技,2025-10-21 09:48:09,4.13,35600,4.14,D
sz000100,TCL科技,2025-10-21 09:48:12,4.13,54900,4.13,D
sz000100,TCL科技,2025-10-21 09:48:15,4.13,40800,4.13,D
sz000100,TCL科技,2025-10-21 09:48:18,4.14,43900,4.13,U
sz000100,TCL科技,2025-10-21 09:48:24,4.14,46300,4.13,U
sz000100,TCL科技,2025-10-21 09:48:27,4.14,47100,4.14,U
sz000100,TCL科技,2025-10-21 09:48:30,4.14,21900,4.14,U
sz000100,TCL科技,2025-10-21 09:48:33,4.14,25300,4.14,U
sz000100,TCL科技,2025-10-21 09:48:39,4.13,246510,4.13,D
sz000100,TCL科技,2025-10-21 09:48:42,4.14,137500,4.13,U
sz000100,TCL科技,2025-10-21 09:48:51,4.14,20400,4.14,U
sz000100,TCL科技,2025-10-21 09:48:57,4.14,47000,4.14,U
sz000100,TCL科技,2025-10-21 09:49:12,4.14,47300,4.14,U
sz000100,TCL科技,2025-10-21 09:49:15,4.14,89000,4.14,U
sz000100,TCL科技,2025-10-21 09:49:18,4.13,47000,4.14,D
sz000100,TCL科技,2025-10-21 09:49:24,4.13,198600,4.14,D
sz000100,TCL科技,2025-10-21 09:49:27,4.14,40300,4.13,U
sz000100,TCL科技,2025-10-21 09:49:33,4.14,36800,4.13,U
sz000100,TCL科技,2025-10-21 09:49:36,4.13,79600,4.14,D
sz000100,TCL科技,2025-10-21 09:49:57,4.13,25300,4.14,D
sz000100,TCL科技,2025-10-21 09:50:00,4.14,50000,4.13,U
sz000100,TCL科技,2025-10-21 09:50:03,4.14,29300,4.14,U
sz000100,TCL科技,2025-10-21 09:50:06,4.14,22000,4.14,U
sz000100,TCL科技,2025-10-21 09:50:12,4.14,53300,4.14,U
sz000100,TCL科技,2025-10-21 09:50:18,4.13,37674,4.13,D
sz000100,TCL科技,2025-10-21 09:50:21,4.14,33700,4.13,U
sz000100,TCL科技,2025-10-21 09:50:24,4.13,35300,4.14,D
sz000100,TCL科技,2025-10-21 09:50:30,4.14,21900,4.13,U
sz000100,TCL科技,2025-10-21 09:50:33,4.14,31700,4.14,U
sz000100,TCL科技,2025-10-21 09:50:42,4.14,66300,4.13,U
sz000100,TCL科技,2025-10-21 09:50:45,4.14,36900,4.14,U
sz000100,TCL科技,2025-10-21 09:50:48,4.13,50300,4.14,D
sz000100,TCL科技,2025-10-21 09:50:54,4.13,81000,4.14,D
sz000100,TCL科技,2025-10-21 09:50:57,4.14,31000,4.13,U
sz000100,TCL科技,2025-10-21 09:51:03,4.14,32500,4.13,U
sz000100,TCL科技,2025-10-21 09:51:06,4.13,90300,4.14,D
sz000100,TCL科技,2025-10-21 09:51:09,4.13,50300,4.13,D
sz000100,TCL科技,2025-10-21 09:51:12,4.14,52200,4.13,U
sz000100,TCL科技,2025-10-21 09:51:15,4.13,22000,4.14,D
sz000100,TCL科技,2025-10-21 09:51:18,4.13,99300,4.13,D
sz000100,TCL科技,2025-10-21 09:51:21,4.13,22600,4.13,D
sz000100,TCL科技,2025-10-21 09:51:27,4.13,65300,4.14,D
sz000100,TCL科技,2025-10-21 09:51:30,4.14,23900,4.13,U
sz000100,TCL科技,2025-10-21 09:51:36,4.14,47700,4.14,U
sz000100,TCL科技,2025-10-21 09:51:39,4.14,31300,4.14,U
sz000100,TCL科技,2025-10-21 09:51:54,4.13,41000,4.13,D
sz000100,TCL科技,2025-10-21 09:52:12,4.14,20600,4.13,U
sz000100,TCL科技,2025-10-21 09:52:18,4.13,20400,4.13,D
sz000100,TCL科技,2025-10-21 09:52:21,4.13,30200,4.13,D
sz000100,TCL科技,2025-10-21 09:52:24,4.14,21700,4.13,U
sz000100,TCL科技,2025-10-21 09:52:27,4.14,50900,4.14,U
sz000100,TCL科技,2025-10-21 09:52:33,4.14,53100,4.13,U
sz000100,TCL科技,2025-10-21 09:52:42,4.14,29500,4.14,U
sz000100,TCL科技,2025-10-21 09:52:45,4.14,27800,4.14,U
sz000100,TCL科技,2025-10-21 09:52:51,4.14,34500,4.13,U
sz000100,TCL科技,2025-10-21 09:52:54,4.14,25500,4.14,U
sz000100,TCL科技,2025-10-21 09:52:57,4.14,30900,4.14,U
sz000100,TCL科技,2025-10-21 09:53:18,4.14,28100,4.13,U
sz000100,TCL科技,2025-10-21 09:53:21,4.14,33600,4.14,U
sz000100,TCL科技,2025-10-21 09:53:30,4.14,40000,4.13,U
sz000100,TCL科技,2025-10-21 09:53:36,4.13,20400,4.13,D
sz000100,TCL科技,2025-10-21 09:53:39,4.14,20100,4.13,U
sz000100,TCL科技,2025-10-21 09:54:03,4.13,29700,4.14,D
sz000100,TCL科技,2025-10-21 09:54:15,4.14,37800,4.13,U
sz000100,TCL科技,2025-10-21 09:54:27,4.14,52700,4.13,U
sz000100,TCL科技,2025-10-21 09:54:30,4.14,100000,4.14,U
sz000100,TCL科技,2025-10-21 09:54:33,4.13,73200,4.14,D
sz000100,TCL科技,2025-10-21 09:54:39,4.13,23600,4.13,D
sz000100,TCL科技,2025-10-21 09:54:57,4.13,37300,4.13,D
sz000100,TCL科技,2025-10-21 09:55:03,4.13,27000,4.14,D
sz000100,TCL科技,2025-10-21 09:55:06,4.13,22800,4.13,D
sz000100,TCL科技,2025-10-21 09:55:09,4.14,20500,4.13,U
sz000100,TCL科技,2025-10-21 09:55:21,4.13,43700,4.14,D
sz000100,TCL科技,2025-10-21 09:55:33,4.13,25900,4.13,D
sz000100,TCL科技,2025-10-21 09:55:48,4.14,37400,4.13,U
sz000100,TCL科技,2025-10-21 09:56:06,4.13,39300,4.13,D
sz000100,TCL科技,2025-10-21 09:56:12,4.13,76600,4.13,D
sz000100,TCL科技,2025-10-21 09:56:18,4.13,82000,4.13,D
sz000100,TCL科技,2025-10-21 09:56:39,4.14,52500,4.14,U
sz000100,TCL科技,2025-10-21 09:56:45,4.14,21779,4.14,U
sz000100,TCL科技,2025-10-21 09:57:12,4.14,109700,4.13,U
sz000100,TCL科技,2025-10-21 09:57:15,4.13,261600,4.14,D
sz000100,TCL科技,2025-10-21 09:57:18,4.14,117100,4.13,U
sz000100,TCL科技,2025-10-21 09:57:21,4.14,29600,4.14,U
sz000100,TCL科技,2025-10-21 09:57:27,4.13,21800,4.13,D
sz000100,TCL科技,2025-10-21 09:57:30,4.13,25500,4.13,D
sz000100,TCL科技,2025-10-21 09:57:36,4.14,41400,4.13,U
sz000100,TCL科技,2025-10-21 09:57:42,4.13,28000,4.14,D
sz000100,TCL科技,2025-10-21 09:57:45,4.14,35800,4.13,U
sz000100,TCL科技,2025-10-21 09:57:57,4.14,96900,4.13,U
sz000100,TCL科技,2025-10-21 09:58:00,4.14,205800,4.14,U
sz000100,TCL科技,2025-10-21 09:58:06,4.14,59000,4.14,U
sz000100,TCL科技,2025-10-21 09:58:09,4.13,72300,4.14,D
sz000100,TCL科技,2025-10-21 09:58:33,4.13,32400,4.13,D
sz000100,TCL科技,2025-10-21 09:58:36,4.14,36100,4.13,U
sz000100,TCL科技,2025-10-21 09:58:48,4.13,33800,4.13,D
sz000100,TCL科技,2025-10-21 09:58:54,4.14,58900,4.14,U
sz000100,TCL科技,2025-10-21 09:59:06,4.14,43000,4.13,U
sz000100,TCL科技,2025-10-21 09:59:09,4.14,47000,4.14,U
sz000100,TCL科技,2025-10-21 09:59:12,4.13,43500,4.14,D
sz000100,TCL科技,2025-10-21 09:59:18,4.14,23800,4.14,U
sz000100,TCL科技,2025-10-21 09:59:21,4.14,28100,4.14,U
sz000100,TCL科技,2025-10-21 09:59:30,4.14,55200,4.14,U
sz000100,TCL科技,2025-10-21 09:59:33,4.13,40000,4.14,D
sz000100,TCL科技,2025-10-21 09:59:36,4.14,58300,4.13,U
sz000100,TCL科技,2025-10-21 09:59:39,4.13,23600,4.14,D
sz000100,TCL科技,2025-10-21 09:59:45,4.14,25000,4.14,U
sz000100,TCL科技,2025-10-21 09:59:51,4.13,66080,4.14,D
sz000100,TCL科技,2025-10-21 09:59:54,4.14,23700,4.13,U
sz000100,TCL科技,2025-10-21 09:59:57,4.14,23300,4.14,U
sz000100,TCL科技,2025-10-21 10:00:00,4.14,44800,4.14,U
sz000100,TCL科技,2025-10-21 10:00:03,4.14,20000,4.14,U
sz000100,TCL科技,2025-10-21 10:00:15,4.14,46100,4.14,U
sz000100,TCL科技,2025-10-21 10:00:21,4.14,30500,4.14,U
sz000100,TCL科技,2025-10-21 10:00:30,4.14,89200,4.14,U
sz000100,TCL科技,2025-10-21 10:00:33,4.14,33400,4.14,U
sz000100,TCL科技,2025-10-21 10:00:45,4.14,66800,4.14,U
sz000100,TCL科技,2025-10-21 10:00:51,4.13,92100,4.13,D
sz000100,TCL科技,2025-10-21 10:01:06,4.14,91400,4.14,U
sz000100,TCL科技,2025-10-21 10:01:12,4.13,21800,4.14,D
sz000100,TCL科技,2025-10-21 10:01:15,4.14,54000,4.13,U
sz000100,TCL科技,2025-10-21 10:01:21,4.13,65000,4.13,D
sz000100,TCL科技,2025-10-21 10:01:30,4.14,33800,4.13,U
sz000100,TCL科技,2025-10-21 10:01:39,4.14,77400,4.13,U
sz000100,TCL科技,2025-10-21 10:01:42,4.14,31700,4.14,U
sz000100,TCL科技,2025-10-21 10:01:48,4.14,25900,4.14,U
sz000100,TCL科技,2025-10-21 10:01:51,4.13,25800,4.14,D
sz000100,TCL科技,2025-10-21 10:02:18,4.13,24200,4.14,D
sz000100,TCL科技,2025-10-21 10:02:30,4.14,229500,4.13,U
sz000100,TCL科技,2025-10-21 10:02:33,4.14,43500,4.14,U
sz000100,TCL科技,2025-10-21 10:03:18,4.13,83200,4.14,D
sz000100,TCL科技,2025-10-21 10:03:21,4.14,23300,4.13,U
sz000100,TCL科技,2025-10-21 10:03:33,4.13,70000,4.14,D
sz000100,TCL科技,2025-10-21 10:03:39,4.14,20200,4.14,U
sz000100,TCL科技,2025-10-21 10:03:42,4.13,30400,4.14,D
sz000100,TCL科技,2025-10-21 10:03:51,4.13,22400,4.13,D
sz000100,TCL科技,2025-10-21 10:04:03,4.13,47500,4.13,D
sz000100,TCL科技,2025-10-21 10:04:15,4.13,49100,4.13,D
sz000100,TCL科技,2025-10-21 10:04:18,4.13,57400,4.13,D
sz000100,TCL科技,2025-10-21 10:04:30,4.13,49600,4.13,D
sz000100,TCL科技,2025-10-21 10:05:09,4.13,67400,4.13,D
sz000100,TCL科技,2025-10-21 10:05:18,4.13,28300,4.14,D
sz000100,TCL科技,2025-10-21 10:05:21,4.14,32600,4.13,U
sz000100,TCL科技,2025-10-21 10:05:33,4.13,40700,4.14,D
sz000100,TCL科技,2025-10-21 10:05:36,4.14,21700,4.13,U
sz000100,TCL科技,2025-10-21 10:05:42,4.13,52200,4.13,D
sz000100,TCL科技,2025-10-21 10:06:00,4.13,36000,4.14,D
sz000100,TCL科技,2025-10-21 10:06:06,4.13,26100,4.14,D
sz000100,TCL科技,2025-10-21 10:06:18,4.13,20700,4.13,D
sz000100,TCL科技,2025-10-21 10:06:21,4.13,30100,4.13,D
sz000100,TCL科技,2025-10-21 10:06:33,4.13,35700,4.13,D
sz000100,TCL科技,2025-10-21 10:06:42,4.13,100300,4.13,D
sz000100,TCL科技,2025-10-21 10:06:48,4.13,99000,4.13,D
sz000100,TCL科技,2025-10-21 10:06:57,4.13,41800,4.14,D
sz000100,TCL科技,2025-10-21 10:07:00,4.13,37400,4.13,D
sz000100,TCL科技,2025-10-21 10:07:09,4.14,64700,4.13,U
sz000100,TCL科技,2025-10-21 10:07:27,4.13,34600,4.13,D
sz000100,TCL科技,2025-10-21 10:07:33,4.13,33300,4.13,D
sz000100,TCL科技,2025-10-21 10:07:36,4.13,125400,4.13,D
sz000100,TCL科技,2025-10-21 10:08:06,4.13,20300,4.14,D
sz000100,TCL科技,2025-10-21 10:08:09,4.13,26100,4.13,D
sz000100,TCL科技,2025-10-21 10:08:12,4.13,34300,4.13,D
sz000100,TCL科技,2025-10-21 10:08:21,4.13,29300,4.14,D
sz000100,TCL科技,2025-10-21 10:08:27,4.14,21400,4.13,U
sz000100,TCL科技,2025-10-21 10:08:30,4.14,27300,4.14,U
sz000100,TCL科技,2025-10-21 10:08:42,4.14,23900,4.13,U
sz000100,TCL科技,2025-10-21 10:08:45,4.13,34600,4.14,D
sz000100,TCL科技,2025-10-21 10:08:48,4.14,21300,4.13,U
sz000100,TCL科技,2025-10-21 10:08:51,4.14,20200,4.14,U
sz000100,TCL科技,2025-10-21 10:09:06,4.14,61600,4.14,U
sz000100,TCL科技,2025-10-21 10:09:12,4.13,129800,4.13,D
sz000100,TCL科技,2025-10-21 10:09:15,4.13,31700,4.13,D
sz000100,TCL科技,2025-10-21 10:09:18,4.13,22800,4.13,D
sz000100,TCL科技,2025-10-21 10:09:42,4.13,25100,4.13,D
sz000100,TCL科技,2025-10-21 10:10:06,4.14,56300,4.14,U
sz000100,TCL科技,2025-10-21 10:10:27,4.13,21100,4.14,D
sz000100,TCL科技,2025-10-21 10:10:36,4.13,20500,4.14,D
sz000100,TCL科技,2025-10-21 10:10:48,4.14,24900,4.13,U
sz000100,TCL科技,2025-10-21 10:10:54,4.13,20500,4.13,D
sz000100,TCL科技,2025-10-21 10:10:57,4.13,1049200,4.13,D
sz000100,TCL科技,2025-10-21 10:11:00,4.13,25100,4.13,D
sz000100,TCL科技,2025-10-21 10:11:03,4.13,33700,4.13,D
sz000100,TCL科技,2025-10-21 10:11:06,4.13,1168000,4.13,D
sz000100,TCL科技,2025-10-21 10:11:09,4.13,109100,4.13,D
sz000100,TCL科技,2025-10-21 10:11:15,4.13,69700,4.13,D
sz000100,TCL科技,2025-10-21 10:11:18,4.13,32600,4.13,D
sz000100,TCL科技,2025-10-21 10:11:21,4.13,61300,4.13,D
sz000100,TCL科技,2025-10-21 10:11:24,4.13,74600,4.13,D
sz000100,TCL科技,2025-10-21 10:11:27,4.13,24000,4.13,D
sz000100,TCL科技,2025-10-21 10:11:30,4.13,59600,4.13,D
sz000100,TCL科技,2025-10-21 10:11:33,4.12,5039667,4.13,D
sz000100,TCL科技,2025-10-21 10:11:36,4.12,86700,4.12,D
sz000100,TCL科技,2025-10-21 10:11:39,4.12,75800,4.12,D
sz000100,TCL科技,2025-10-21 10:11:42,4.12,22000,4.12,D
sz000100,TCL科技,2025-10-21 10:11:45,4.13,362000,4.12,U
sz000100,TCL科技,2025-10-21 10:11:48,4.13,126300,4.13,U
sz000100,TCL科技,2025-10-21 10:12:00,4.12,37100,4.13,D
sz000100,TCL科技,2025-10-21 10:12:06,4.13,67300,4.13,U
sz000100,TCL科技,2025-10-21 10:12:27,4.13,26700,4.13,U
sz000100,TCL科技,2025-10-21 10:12:51,4.12,27300,4.13,D
sz000100,TCL科技,2025-10-21 10:13:18,4.13,53200,4.12,U
sz000100,TCL科技,2025-10-21 10:13:30,4.12,28000,4.12,D
sz000100,TCL科技,2025-10-21 10:13:33,4.13,45700,4.12,U
sz000100,TCL科技,2025-10-21 10:13:36,4.12,176500,4.13,D
sz000100,TCL科技,2025-10-21 10:13:45,4.12,40200,4.13,D
sz000100,TCL科技,2025-10-21 10:13:51,4.13,28500,4.13,U
sz000100,TCL科技,2025-10-21 10:14:09,4.12,25710,4.13,D
sz000100,TCL科技,2025-10-21 10:14:12,4.12,39200,4.12,D
sz000100,TCL科技,2025-10-21 10:14:15,4.13,47740,4.12,U
sz000100,TCL科技,2025-10-21 10:15:00,4.13,31900,4.13,U
sz000100,TCL科技,2025-10-21 10:15:03,4.12,23400,4.13,D
sz000100,TCL科技,2025-10-21 10:15:21,4.13,1029700,4.13,U
sz000100,TCL科技,2025-10-21 10:15:24,4.12,72400,4.13,D
sz000100,TCL科技,2025-10-21 10:15:39,4.12,45400,4.13,D
sz000100,TCL科技,2025-10-21 10:15:45,4.12,30100,4.13,D
sz000100,TCL科技,2025-10-21 10:15:51,4.13,119300,4.13,U
sz000100,TCL科技,2025-10-21 10:16:03,4.13,22400,4.13,U
sz000100,TCL科技,2025-10-21 10:16:06,4.13,44100,4.13,U
sz000100,TCL科技,2025-10-21 10:16:15,4.13,39100,4.13,U
sz000100,TCL科技,2025-10-21 10:16:18,4.13,63500,4.13,U
sz000100,TCL科技,2025-10-21 10:16:21,4.13,52000,4.13,U
sz000100,TCL科技,2025-10-21 10:16:27,4.12,163400,4.13,D
sz000100,TCL科技,2025-10-21 10:16:33,4.13,3964030,4.12,U
sz000100,TCL科技,2025-10-21 10:16:36,4.13,22720,4.13,D
sz000100,TCL科技,2025-10-21 10:16:42,4.13,22900,4.13,D
sz000100,TCL科技,2025-10-21 10:16:51,4.13,55900,4.13,D
sz000100,TCL科技,2025-10-21 10:16:54,4.14,30300,4.13,U
sz000100,TCL科技,2025-10-21 10:16:57,4.14,54200,4.14,U
sz000100,TCL科技,2025-10-21 10:17:00,4.13,43600,4.14,D
sz000100,TCL科技,2025-10-21 10:17:06,4.14,171200,4.13,U
sz000100,TCL科技,2025-10-21 10:17:09,4.13,83300,4.14,D
sz000100,TCL科技,2025-10-21 10:17:18,4.13,31600,4.14,D
sz000100,TCL科技,2025-10-21 10:17:30,4.13,57700,4.13,D
sz000100,TCL科技,2025-10-21 10:17:45,4.14,43000,4.14,U
sz000100,TCL科技,2025-10-21 10:17:48,4.13,31800,4.14,D
sz000100,TCL科技,2025-10-21 10:17:54,4.13,57900,4.14,D
sz000100,TCL科技,2025-10-21 10:17:57,4.14,29300,4.13,U
sz000100,TCL科技,2025-10-21 10:18:00,4.13,86500,4.14,D
sz000100,TCL科技,2025-10-21 10:18:09,4.13,74500,4.14,D
sz000100,TCL科技,2025-10-21 10:18:27,4.14,87300,4.13,U
sz000100,TCL科技,2025-10-21 10:18:30,4.13,40800,4.14,D
sz000100,TCL科技,2025-10-21 10:18:39,4.14,23000,4.13,U
sz000100,TCL科技,2025-10-21 10:19:09,4.14,20900,4.14,U
sz000100,TCL科技,2025-10-21 10:19:12,4.14,36100,4.14,U
sz000100,TCL科技,2025-10-21 10:19:27,4.13,150500,4.14,D
sz000100,TCL科技,2025-10-21 10:19:36,4.14,74300,4.14,U
sz000100,TCL科技,2025-10-21 10:19:39,4.14,25400,4.14,U
sz000100,TCL科技,2025-10-21 10:20:09,4.14,31300,4.14,U
sz000100,TCL科技,2025-10-21 10:20:15,4.13,37400,4.14,D
sz000100,TCL科技,2025-10-21 10:20:18,4.13,958100,4.13,D
sz000100,TCL科技,2025-10-21 10:20:21,4.13,307200,4.13,D
sz000100,TCL科技,2025-10-21 10:20:30,4.13,67000,4.13,D
sz000100,TCL科技,2025-10-21 10:20:33,4.14,67900,4.13,U
sz000100,TCL科技,2025-10-21 10:20:57,4.13,32800,4.13,D
sz000100,TCL科技,2025-10-21 10:21:03,4.13,101500,4.14,D
sz000100,TCL科技,2025-10-21 10:21:27,4.14,65900,4.14,U
sz000100,TCL科技,2025-10-21 10:21:36,4.14,51500,4.14,U
sz000100,TCL科技,2025-10-21 10:21:48,4.13,32500,4.13,D
sz000100,TCL科技,2025-10-21 10:21:51,4.14,23000,4.13,U
sz000100,TCL科技,2025-10-21 10:21:54,4.14,70100,4.14,U
sz000100,TCL科技,2025-10-21 10:21:57,4.14,37800,4.14,U
sz000100,TCL科技,2025-10-21 10:22:06,4.14,21200,4.13,U
sz000100,TCL科技,2025-10-21 10:22:09,4.14,20600,4.14,U
sz000100,TCL科技,2025-10-21 10:22:42,4.13,44100,4.14,D
sz000100,TCL科技,2025-10-21 10:22:51,4.14,49000,4.13,U
sz000100,TCL科技,2025-10-21 10:23:03,4.14,101200,4.13,U
sz000100,TCL科技,2025-10-21 10:23:15,4.14,21900,4.13,U
sz000100,TCL科技,2025-10-21 10:23:51,4.13,55000,4.13,D
sz000100,TCL科技,2025-10-21 10:24:57,4.13,564500,4.14,D
sz000100,TCL科技,2025-10-21 10:25:03,4.14,153700,4.13,U
sz000100,TCL科技,2025-10-21 10:25:06,4.13,28000,4.14,D
sz000100,TCL科技,2025-10-21 10:25:12,4.14,20900,4.14,U
sz000100,TCL科技,2025-10-21 10:25:15,4.14,10385870,4.14,U
sz000100,TCL科技,2025-10-21 10:25:21,4.15,29300,4.15,U
sz000100,TCL科技,2025-10-21 10:25:27,4.14,41200,4.14,D
sz000100,TCL科技,2025-10-21 10:25:36,4.14,27700,4.14,D
sz000100,TCL科技,2025-10-21 10:25:39,4.14,25600,4.14,D
sz000100,TCL科技,2025-10-21 10:25:45,4.15,173800,4.15,U
sz000100,TCL科技,2025-10-21 10:25:48,4.14,60800,4.15,D
sz000100,TCL科技,2025-10-21 10:25:51,4.14,57100,4.14,D
sz000100,TCL科技,2025-10-21 10:25:57,4.15,30400,4.15,U
sz000100,TCL科技,2025-10-21 10:26:00,4.15,54200,4.15,U
sz000100,TCL科技,2025-10-21 10:26:03,4.14,49000,4.15,D
sz000100,TCL科技,2025-10-21 10:26:15,4.15,54900,4.15,U
sz000100,TCL科技,2025-10-21 10:26:36,4.15,1072200,4.15,U
sz000100,TCL科技,2025-10-21 10:26:39,4.15,1104300,4.15,U
sz000100,TCL科技,2025-10-21 10:26:42,4.15,151800,4.15,U
sz000100,TCL科技,2025-10-21 10:26:45,4.15,484100,4.15,U
sz000100,TCL科技,2025-10-21 10:26:48,4.15,290300,4.15,U
sz000100,TCL科技,2025-10-21 10:26:51,4.15,48100,4.15,U
sz000100,TCL科技,2025-10-21 10:26:54,4.15,147100,4.15,U
sz000100,TCL科技,2025-10-21 10:26:57,4.15,23400,4.15,U
sz000100,TCL科技,2025-10-21 10:27:00,4.15,33400,4.15,U
sz000100,TCL科技,2025-10-21 10:27:03,4.15,1316300,4.15,U
sz000100,TCL科技,2025-10-21 10:27:06,4.15,606100,4.15,U
sz000100,TCL科技,2025-10-21 10:27:09,4.15,118900,4.15,U
sz000100,TCL科技,2025-10-21 10:27:12,4.15,100600,4.15,U
sz000100,TCL科技,2025-10-21 10:27:15,4.15,179400,4.15,U
sz000100,TCL科技,2025-10-21 10:27:18,4.15,32300,4.15,U
sz000100,TCL科技,2025-10-21 10:27:21,4.15,305000,4.15,U
sz000100,TCL科技,2025-10-21 10:27:27,4.15,78100,4.15,U
sz000100,TCL科技,2025-10-21 10:27:30,4.15,60800,4.15,U
sz000100,TCL科技,2025-10-21 10:27:36,4.15,35000,4.15,U
sz000100,TCL科技,2025-10-21 10:27:39,4.15,43100,4.15,U
sz000100,TCL科技,2025-10-21 10:27:42,4.15,37900,4.15,U
sz000100,TCL科技,2025-10-21 10:27:45,4.15,31200,4.15,U
sz000100,TCL科技,2025-10-21 10:27:48,4.15,145100,4.15,U
sz000100,TCL科技,2025-10-21 10:27:51,4.14,110600,4.15,D
sz000100,TCL科技,2025-10-21 10:27:54,4.15,53100,4.14,U
sz000100,TCL科技,2025-10-21 10:27:57,4.15,67200,4.15,U
sz000100,TCL科技,2025-10-21 10:28:00,4.15,56900,4.15,U
sz000100,TCL科技,2025-10-21 10:28:03,4.15,404700,4.15,U
sz000100,TCL科技,2025-10-21 10:28:06,4.15,20200,4.15,U
sz000100,TCL科技,2025-10-21 10:28:09,4.15,43200,4.15,U
sz000100,TCL科技,2025-10-21 10:28:12,4.15,21900,4.15,U
sz000100,TCL科技,2025-10-21 10:28:15,4.14,24900,4.15,D
sz000100,TCL科技,2025-10-21 10:28:18,4.15,64600,4.14,U
sz000100,TCL科技,2025-10-21 10:28:21,4.15,28500,4.15,U
sz000100,TCL科技,2025-10-21 10:28:24,4.15,87800,4.15,U
sz000100,TCL科技,2025-10-21 10:28:27,4.15,42900,4.15,U
sz000100,TCL科技,2025-10-21 10:28:33,4.14,34300,4.15,D
sz000100,TCL科技,2025-10-21 10:28:42,4.15,49600,4.15,U
sz000100,TCL科技,2025-10-21 10:28:45,4.14,105800,4.15,D
sz000100,TCL科技,2025-10-21 10:28:48,4.15,33500,4.14,U
sz000100,TCL科技,2025-10-21 10:28:54,4.15,57610,4.15,U
sz000100,TCL科技,2025-10-21 10:29:00,4.15,36854,4.15,U
sz000100,TCL科技,2025-10-21 10:29:03,4.14,1011400,4.15,D
sz000100,TCL科技,2025-10-21 10:29:06,4.15,31700,4.14,U
sz000100,TCL科技,2025-10-21 10:29:09,4.15,359200,4.15,U
sz000100,TCL科技,2025-10-21 10:29:12,4.15,163200,4.15,U
sz000100,TCL科技,2025-10-21 10:29:15,4.14,254600,4.15,D
sz000100,TCL科技,2025-10-21 10:29:18,4.15,30900,4.14,U
sz000100,TCL科技,2025-10-21 10:29:21,4.15,45200,4.15,U
sz000100,TCL科技,2025-10-21 10:29:24,4.15,354100,4.15,U
sz000100,TCL科技,2025-10-21 10:29:27,4.15,171900,4.15,U
sz000100,TCL科技,2025-10-21 10:29:30,4.16,24900,4.15,U
sz000100,TCL科技,2025-10-21 10:29:33,4.15,103200,4.16,D
sz000100,TCL科技,2025-10-21 10:29:42,4.16,39400,4.15,U
sz000100,TCL科技,2025-10-21 10:29:45,4.15,67800,4.16,D
sz000100,TCL科技,2025-10-21 10:30:03,4.15,26700,4.15,D
sz000100,TCL科技,2025-10-21 10:30:06,4.16,25600,4.15,U
sz000100,TCL科技,2025-10-21 10:30:09,4.15,36400,4.16,D
sz000100,TCL科技,2025-10-21 10:30:15,4.15,26000,4.15,D
sz000100,TCL科技,2025-10-21 10:30:21,4.15,53600,4.15,D
sz000100,TCL科技,2025-10-21 10:30:24,4.15,57600,4.15,D
sz000100,TCL科技,2025-10-21 10:30:30,4.16,61800,4.16,U
sz000100,TCL科技,2025-10-21 10:30:33,4.16,53700,4.16,U
sz000100,TCL科技,2025-10-21 10:30:36,4.16,44100,4.16,U
sz000100,TCL科技,2025-10-21 10:30:42,4.16,43400,4.15,U
sz000100,TCL科技,2025-10-21 10:30:48,4.16,92800,4.15,U
sz000100,TCL科技,2025-10-21 10:30:51,4.15,243700,4.16,D
sz000100,TCL科技,2025-10-21 10:30:54,4.15,60300,4.15,D
sz000100,TCL科技,2025-10-21 10:30:57,4.15,54200,4.15,D
sz000100,TCL科技,2025-10-21 10:31:00,4.15,48600,4.15,D
sz000100,TCL科技,2025-10-21 10:31:03,4.15,560900,4.15,D
sz000100,TCL科技,2025-10-21 10:31:06,4.15,311200,4.15,D
sz000100,TCL科技,2025-10-21 10:31:09,4.15,42000,4.15,D
sz000100,TCL科技,2025-10-21 10:31:12,4.15,91500,4.15,D
sz000100,TCL科技,2025-10-21 10:31:15,4.15,114300,4.15,D
sz000100,TCL科技,2025-10-21 10:31:18,4.15,84800,4.15,D
sz000100,TCL科技,2025-10-21 10:31:21,4.15,180050,4.15,D
sz000100,TCL科技,2025-10-21 10:31:24,4.15,121700,4.15,D
sz000100,TCL科技,2025-10-21 10:31:27,4.16,195000,4.15,U
sz000100,TCL科技,2025-10-21 10:31:30,4.15,717750,4.16,D
sz000100,TCL科技,2025-10-21 10:31:33,4.15,179000,4.15,U
sz000100,TCL科技,2025-10-21 10:31:39,4.15,102500,4.15,U
sz000100,TCL科技,2025-10-21 10:31:42,4.15,34500,4.15,U
sz000100,TCL科技,2025-10-21 10:31:48,4.14,24300,4.14,D
sz000100,TCL科技,2025-10-21 10:31:51,4.14,200800,4.14,D
sz000100,TCL科技,2025-10-21 10:31:54,4.15,25500,4.14,U
sz000100,TCL科技,2025-10-21 10:31:57,4.15,20000,4.15,U
sz000100,TCL科技,2025-10-21 10:32:00,4.15,36000,4.15,U
sz000100,TCL科技,2025-10-21 10:32:03,4.15,26800,4.15,U
sz000100,TCL科技,2025-10-21 10:32:09,4.14,37600,4.15,D
sz000100,TCL科技,2025-10-21 10:32:12,4.15,44600,4.14,U
sz000100,TCL科技,2025-10-21 10:32:15,4.15,35500,4.15,U
sz000100,TCL科技,2025-10-21 10:32:18,4.15,52900,4.15,U
sz000100,TCL科技,2025-10-21 10:32:21,4.15,24500,4.15,U
sz000100,TCL科技,2025-10-21 10:32:27,4.15,20000,4.15,U
sz000100,TCL科技,2025-10-21 10:32:48,4.14,47400,4.15,D
sz000100,TCL科技,2025-10-21 10:33:00,4.15,59200,4.15,U
sz000100,TCL科技,2025-10-21 10:33:03,4.15,32200,4.15,U
sz000100,TCL科技,2025-10-21 10:33:06,4.14,22600,4.15,D
sz000100,TCL科技,2025-10-21 10:33:12,4.15,43800,4.15,U
sz000100,TCL科技,2025-10-21 10:33:15,4.15,20600,4.15,U
sz000100,TCL科技,2025-10-21 10:33:18,4.15,39200,4.15,U
sz000100,TCL科技,2025-10-21 10:33:24,4.15,28600,4.15,U
sz000100,TCL科技,2025-10-21 10:33:27,4.15,20200,4.15,U
sz000100,TCL科技,2025-10-21 10:33:30,4.15,70700,4.15,U
sz000100,TCL科技,2025-10-21 10:33:36,4.15,30400,4.15,U
sz000100,TCL科技,2025-10-21 10:33:39,4.15,24200,4.15,U
sz000100,TCL科技,2025-10-21 10:34:12,4.15,25120,4.15,U
sz000100,TCL科技,2025-10-21 10:34:24,4.15,26800,4.15,U
sz000100,TCL科技,2025-10-21 10:34:33,4.15,31700,4.15,U
sz000100,TCL科技,2025-10-21 10:34:36,4.15,27300,4.15,U
sz000100,TCL科技,2025-10-21 10:34:39,4.15,65800,4.15,U
sz000100,TCL科技,2025-10-21 10:34:42,4.15,24500,4.15,U
sz000100,TCL科技,2025-10-21 10:34:51,4.15,300300,4.15,U
sz000100,TCL科技,2025-10-21 10:34:54,4.15,117700,4.15,U
sz000100,TCL科技,2025-10-21 10:34:57,4.15,40600,4.15,U
sz000100,TCL科技,2025-10-21 10:35:03,4.14,24400,4.15,D
sz000100,TCL科技,2025-10-21 10:35:06,4.15,26900,4.14,U
sz000100,TCL科技,2025-10-21 10:35:09,4.15,44200,4.15,U
sz000100,TCL科技,2025-10-21 10:35:15,4.15,26100,4.15,U
sz000100,TCL科技,2025-10-21 10:35:18,4.15,51500,4.15,U
sz000100,TCL科技,2025-10-21 10:35:24,4.15,80300,4.14,U
sz000100,TCL科技,2025-10-21 10:35:30,4.15,33400,4.15,U
sz000100,TCL科技,2025-10-21 10:35:36,4.15,39400,4.15,U
sz000100,TCL科技,2025-10-21 10:35:45,4.15,127200,4.15,U
sz000100,TCL科技,2025-10-21 10:35:48,4.15,41500,4.15,U
sz000100,TCL科技,2025-10-21 10:35:51,4.15,56000,4.15,U
sz000100,TCL科技,2025-10-21 10:35:54,4.15,21900,4.15,U
sz000100,TCL科技,2025-10-21 10:36:12,4.14,216500,4.15,D
sz000100,TCL科技,2025-10-21 10:36:15,4.14,79600,4.14,D
sz000100,TCL科技,2025-10-21 10:36:21,4.15,29900,4.15,U
sz000100,TCL科技,2025-10-21 10:36:24,4.15,32600,4.15,U
sz000100,TCL科技,2025-10-21 10:36:27,4.15,134300,4.15,U
sz000100,TCL科技,2025-10-21 10:36:30,4.15,1886820,4.15,U
sz000100,TCL科技,2025-10-21 10:36:36,4.16,136200,4.15,U
sz000100,TCL科技,2025-10-21 10:36:39,4.15,47700,4.16,D
sz000100,TCL科技,2025-10-21 10:36:42,4.15,47600,4.15,D
sz000100,TCL科技,2025-10-21 10:36:45,4.16,101100,4.15,U
sz000100,TCL科技,2025-10-21 10:36:48,4.15,22100,4.16,D
sz000100,TCL科技,2025-10-21 10:36:54,4.16,28100,4.15,U
sz000100,TCL科技,2025-10-21 10:36:57,4.16,53800,4.16,U
sz000100,TCL科技,2025-10-21 10:37:03,4.16,61400,4.16,U
sz000100,TCL科技,2025-10-21 10:37:27,4.16,24500,4.16,U
sz000100,TCL科技,2025-10-21 10:37:30,4.16,26400,4.16,U
sz000100,TCL科技,2025-10-21 10:37:33,4.15,33500,4.16,D
sz000100,TCL科技,2025-10-21 10:37:36,4.16,24100,4.15,U
sz000100,TCL科技,2025-10-21 10:37:42,4.16,80800,4.15,U
sz000100,TCL科技,2025-10-21 10:37:45,4.15,189900,4.16,D
sz000100,TCL科技,2025-10-21 10:37:51,4.16,20900,4.16,U
sz000100,TCL科技,2025-10-21 10:38:33,4.15,36800,4.15,D
sz000100,TCL科技,2025-10-21 10:38:36,4.15,40600,4.15,D
sz000100,TCL科技,2025-10-21 10:38:39,4.15,189500,4.15,D
sz000100,TCL科技,2025-10-21 10:38:42,4.15,122100,4.15,D
sz000100,TCL科技,2025-10-21 10:38:45,4.15,20900,4.15,D
sz000100,TCL科技,2025-10-21 10:38:48,4.15,25500,4.15,D
sz000100,TCL科技,2025-10-21 10:38:54,4.15,47500,4.15,D
sz000100,TCL科技,2025-10-21 10:38:57,4.15,123300,4.15,D
sz000100,TCL科技,2025-10-21 10:39:00,4.15,61200,4.15,D
sz000100,TCL科技,2025-10-21 10:39:03,4.15,27600,4.15,D
sz000100,TCL科技,2025-10-21 10:39:06,4.16,611400,4.15,U
sz000100,TCL科技,2025-10-21 10:39:09,4.15,130400,4.16,D
sz000100,TCL科技,2025-10-21 10:39:12,4.15,113200,4.15,D
sz000100,TCL科技,2025-10-21 10:39:15,4.16,130700,4.15,U
sz000100,TCL科技,2025-10-21 10:39:18,4.15,23800,4.16,D
sz000100,TCL科技,2025-10-21 10:39:21,4.15,196000,4.15,D
sz000100,TCL科技,2025-10-21 10:39:24,4.16,24200,4.15,U
sz000100,TCL科技,2025-10-21 10:39:27,4.15,58600,4.16,D
sz000100,TCL科技,2025-10-21 10:39:30,4.15,93800,4.15,D
sz000100,TCL科技,2025-10-21 10:39:33,4.15,46700,4.15,D
sz000100,TCL科技,2025-10-21 10:39:36,4.16,260000,4.15,U
sz000100,TCL科技,2025-10-21 10:39:39,4.15,60100,4.16,D
sz000100,TCL科技,2025-10-21 10:39:42,4.15,64300,4.15,D
sz000100,TCL科技,2025-10-21 10:39:45,4.15,303200,4.15,D
sz000100,TCL科技,2025-10-21 10:39:48,4.15,131000,4.15,D
sz000100,TCL科技,2025-10-21 10:39:51,4.14,27600,4.15,D
sz000100,TCL科技,2025-10-21 10:39:54,4.15,179500,4.14,U
sz000100,TCL科技,2025-10-21 10:39:57,4.15,26800,4.15,U
sz000100,TCL科技,2025-10-21 10:40:00,4.15,79700,4.15,U
sz000100,TCL科技,2025-10-21 10:40:03,4.15,398000,4.15,U
sz000100,TCL科技,2025-10-21 10:40:06,4.15,59360,4.15,U
sz000100,TCL科技,2025-10-21 10:40:09,4.15,37000,4.15,D
sz000100,TCL科技,2025-10-21 10:40:12,4.15,75200,4.15,D
sz000100,TCL科技,2025-10-21 10:40:18,4.16,24100,4.15,U
sz000100,TCL科技,2025-10-21 10:40:27,4.16,41000,4.16,U
sz000100,TCL科技,2025-10-21 10:40:30,4.15,25300,4.16,D
sz000100,TCL科技,2025-10-21 10:40:33,4.16,25040,4.15,U
sz000100,TCL科技,2025-10-21 10:40:36,4.16,28800,4.16,U
sz000100,TCL科技,2025-10-21 10:40:39,4.16,38300,4.16,U
sz000100,TCL科技,2025-10-21 10:40:45,4.16,27100,4.16,U
sz000100,TCL科技,2025-10-21 10:40:48,4.16,26800,4.16,U
sz000100,TCL科技,2025-10-21 10:41:21,4.15,22510,4.15,D
sz000100,TCL科技,2025-10-21 10:41:30,4.16,42500,4.15,U
sz000100,TCL科技,2025-10-21 10:41:33,4.15,38200,4.16,D
sz000100,TCL科技,2025-10-21 10:41:36,4.15,79600,4.15,D
sz000100,TCL科技,2025-10-21 10:42:06,4.15,38400,4.16,D
sz000100,TCL科技,2025-10-21 10:42:12,4.15,23400,4.16,D
sz000100,TCL科技,2025-10-21 10:42:15,4.15,33650,4.15,D
sz000100,TCL科技,2025-10-21 10:42:18,4.15,26100,4.15,D
sz000100,TCL科技,2025-10-21 10:42:21,4.15,54000,4.15,D
sz000100,TCL科技,2025-10-21 10:42:30,4.16,24100,4.15,U
sz000100,TCL科技,2025-10-21 10:42:33,4.16,130200,4.16,U
sz000100,TCL科技,2025-10-21 10:42:39,4.15,43900,4.15,D
sz000100,TCL科技,2025-10-21 10:42:54,4.16,115100,4.15,U
sz000100,TCL科技,2025-10-21 10:43:03,4.16,100300,4.16,U
sz000100,TCL科技,2025-10-21 10:43:09,4.15,31300,4.16,D
sz000100,TCL科技,2025-10-21 10:43:18,4.15,54500,4.15,D
sz000100,TCL科技,2025-10-21 10:43:21,4.15,34800,4.15,D
sz000100,TCL科技,2025-10-21 10:43:27,4.15,39900,4.15,D
sz000100,TCL科技,2025-10-21 10:43:33,4.16,22400,4.16,U
sz000100,TCL科技,2025-10-21 10:43:42,4.16,29500,4.15,U
sz000100,TCL科技,2025-10-21 10:43:45,4.15,36900,4.16,D
sz000100,TCL科技,2025-10-21 10:43:51,4.16,115100,4.16,U
sz000100,TCL科技,2025-10-21 10:44:00,4.16,46900,4.15,U
sz000100,TCL科技,2025-10-21 10:44:03,4.15,71600,4.16,D
sz000100,TCL科技,2025-10-21 10:44:06,4.16,42700,4.15,U
sz000100,TCL科技,2025-10-21 10:44:24,4.15,20300,4.16,D
sz000100,TCL科技,2025-10-21 10:44:27,4.16,89900,4.15,U
sz000100,TCL科技,2025-10-21 10:44:33,4.16,29200,4.16,U
sz000100,TCL科技,2025-10-21 10:44:39,4.15,20600,4.16,D
sz000100,TCL科技,2025-10-21 10:44:45,4.15,32600,4.15,D
sz000100,TCL科技,2025-10-21 10:44:48,4.16,37300,4.15,U
sz000100,TCL科技,2025-10-21 10:44:57,4.15,31900,4.16,D
sz000100,TCL科技,2025-10-21 10:45:03,4.16,71600,4.16,U
sz000100,TCL科技,2025-10-21 10:45:24,4.15,115200,4.16,D
sz000100,TCL科技,2025-10-21 10:45:42,4.15,40100,4.15,D
sz000100,TCL科技,2025-10-21 10:45:45,4.16,67700,4.15,U
sz000100,TCL科技,2025-10-21 10:45:48,4.15,22200,4.16,D
sz000100,TCL科技,2025-10-21 10:45:51,4.15,21300,4.15,D
sz000100,TCL科技,2025-10-21 10:46:00,4.15,24200,4.15,D
sz000100,TCL科技,2025-10-21 10:46:06,4.15,28500,4.15,D
sz000100,TCL科技,2025-10-21 10:46:09,4.15,40800,4.15,D
sz000100,TCL科技,2025-10-21 10:46:18,4.16,41700,4.15,U
sz000100,TCL科技,2025-10-21 10:46:21,4.15,20200,4.16,D
sz000100,TCL科技,2025-10-21 10:46:45,4.15,21800,4.15,D
sz000100,TCL科技,2025-10-21 10:46:48,4.16,55100,4.15,U
sz000100,TCL科技,2025-10-21 10:46:54,4.15,74300,4.15,D
sz000100,TCL科技,2025-10-21 10:47:00,4.15,33400,4.16,D
sz000100,TCL科技,2025-10-21 10:47:03,4.15,45300,4.15,D
sz000100,TCL科技,2025-10-21 10:47:06,4.15,86100,4.15,D
sz000100,TCL科技,2025-10-21 10:47:33,4.15,306600,4.15,D
sz000100,TCL科技,2025-10-21 10:47:42,4.16,44700,4.16,U
sz000100,TCL科技,2025-10-21 10:47:45,4.15,21500,4.16,D
sz000100,TCL科技,2025-10-21 10:47:48,4.15,40500,4.15,D
sz000100,TCL科技,2025-10-21 10:48:21,4.16,42700,4.15,U
sz000100,TCL科技,2025-10-21 10:48:24,4.15,128300,4.16,D
sz000100,TCL科技,2025-10-21 10:48:36,4.15,25502,4.15,D
sz000100,TCL科技,2025-10-21 10:49:09,4.15,40900,4.15,D
sz000100,TCL科技,2025-10-21 10:49:21,4.15,762900,4.16,D
sz000100,TCL科技,2025-10-21 10:49:27,4.15,29500,4.15,D
sz000100,TCL科技,2025-10-21 10:49:30,4.15,76300,4.15,D
sz000100,TCL科技,2025-10-21 10:49:36,4.15,118400,4.15,D
sz000100,TCL科技,2025-10-21 10:49:39,4.15,42900,4.15,D
sz000100,TCL科技,2025-10-21 10:49:42,4.15,71800,4.15,D
sz000100,TCL科技,2025-10-21 10:49:45,4.15,34900,4.15,D
sz000100,TCL科技,2025-10-21 10:49:48,4.15,29900,4.15,D
sz000100,TCL科技,2025-10-21 10:49:57,4.15,98400,4.15,D
sz000100,TCL科技,2025-10-21 10:50:09,4.15,157800,4.15,D
sz000100,TCL科技,2025-10-21 10:50:18,4.15,118800,4.16,D
sz000100,TCL科技,2025-10-21 10:50:21,4.15,20200,4.15,D
sz000100,TCL科技,2025-10-21 10:50:24,4.15,58800,4.15,D
sz000100,TCL科技,2025-10-21 10:50:27,4.15,21100,4.15,D
sz000100,TCL科技,2025-10-21 10:50:39,4.15,79500,4.15,D
sz000100,TCL科技,2025-10-21 10:50:42,4.15,111700,4.15,D
sz000100,TCL科技,2025-10-21 10:50:45,4.15,25400,4.15,D
sz000100,TCL科技,2025-10-21 10:50:48,4.15,36500,4.15,D
sz000100,TCL科技,2025-10-21 10:50:51,4.15,339100,4.15,D
sz000100,TCL科技,2025-10-21 10:50:54,4.15,609900,4.15,D
sz000100,TCL科技,2025-10-21 10:50:57,4.15,657598,4.15,D
sz000100,TCL科技,2025-10-21 10:51:00,4.14,88500,4.15,D
sz000100,TCL科技,2025-10-21 10:51:03,4.15,27900,4.14,U
sz000100,TCL科技,2025-10-21 10:51:09,4.15,33100,4.14,U
sz000100,TCL科技,2025-10-21 10:51:15,4.14,30300,4.15,D
sz000100,TCL科技,2025-10-21 10:51:36,4.15,20100,4.15,U
sz000100,TCL科技,2025-10-21 10:51:57,4.14,93200,4.14,D
sz000100,TCL科技,2025-10-21 10:52:21,4.14,55800,4.14,D
sz000100,TCL科技,2025-10-21 10:52:45,4.14,66600,4.14,D
sz000100,TCL科技,2025-10-21 10:53:21,4.15,52600,4.14,U
sz000100,TCL科技,2025-10-21 10:53:51,4.15,46500,4.15,U
sz000100,TCL科技,2025-10-21 10:54:00,4.15,144900,4.14,U
sz000100,TCL科技,2025-10-21 10:54:03,4.15,97700,4.15,U
sz000100,TCL科技,2025-10-21 10:54:18,4.15,76700,4.14,U
sz000100,TCL科技,2025-10-21 10:54:21,4.15,3644230,4.15,U
sz000100,TCL科技,2025-10-21 10:54:24,4.16,40500,4.15,U
sz000100,TCL科技,2025-10-21 10:54:27,4.15,28600,4.16,D
sz000100,TCL科技,2025-10-21 10:54:30,4.15,55900,4.15,D
sz000100,TCL科技,2025-10-21 10:54:36,4.15,39100,4.15,D
sz000100,TCL科技,2025-10-21 10:55:06,4.15,53000,4.15,D
sz000100,TCL科技,2025-10-21 10:55:12,4.15,66000,4.16,D
sz000100,TCL科技,2025-10-21 10:55:15,4.16,89300,4.15,U
sz000100,TCL科技,2025-10-21 10:55:30,4.16,408800,4.15,U
sz000100,TCL科技,2025-10-21 10:55:42,4.15,40400,4.15,D
sz000100,TCL科技,2025-10-21 10:55:45,4.15,23100,4.15,D
sz000100,TCL科技,2025-10-21 10:55:57,4.16,205100,4.16,U
sz000100,TCL科技,2025-10-21 10:56:03,4.15,57200,4.16,D
sz000100,TCL科技,2025-10-21 10:56:06,4.15,41400,4.15,D
sz000100,TCL科技,2025-10-21 10:56:09,4.15,20100,4.15,D
sz000100,TCL科技,2025-10-21 10:56:12,4.15,23600,4.15,D
sz000100,TCL科技,2025-10-21 10:56:15,4.15,54700,4.15,D
sz000100,TCL科技,2025-10-21 10:56:18,4.15,22300,4.15,D
sz000100,TCL科技,2025-10-21 10:56:21,4.15,21300,4.15,D
sz000100,TCL科技,2025-10-21 10:56:36,4.16,26400,4.15,U
sz000100,TCL科技,2025-10-21 10:56:45,4.16,24100,4.15,U
sz000100,TCL科技,2025-10-21 10:56:54,4.15,25200,4.15,D
sz000100,TCL科技,2025-10-21 10:57:18,4.15,52600,4.16,D
sz000100,TCL科技,2025-10-21 10:57:24,4.15,33400,4.15,D
sz000100,TCL科技,2025-10-21 10:57:54,4.15,32300,4.15,D
sz000100,TCL科技,2025-10-21 10:58:00,4.15,32500,4.16,D
sz000100,TCL科技,2025-10-21 10:58:03,4.15,37900,4.15,D
sz000100,TCL科技,2025-10-21 10:58:12,4.15,32700,4.15,D
sz000100,TCL科技,2025-10-21 10:58:15,4.15,132600,4.15,D
sz000100,TCL科技,2025-10-21 10:58:36,4.16,40800,4.15,U
sz000100,TCL科技,2025-10-21 10:58:48,4.15,22300,4.16,D
sz000100,TCL科技,2025-10-21 10:59:03,4.15,20600,4.15,D
sz000100,TCL科技,2025-10-21 10:59:09,4.15,26300,4.16,D
sz000100,TCL科技,2025-10-21 10:59:30,4.15,27210,4.15,D
sz000100,TCL科技,2025-10-21 10:59:57,4.15,27500,4.15,D
sz000100,TCL科技,2025-10-21 11:00:12,4.16,27900,4.15,U
sz000100,TCL科技,2025-10-21 11:00:51,4.15,33100,4.15,D
sz000100,TCL科技,2025-10-21 11:01:30,4.15,33800,4.16,D
sz000100,TCL科技,2025-10-21 11:02:15,4.16,27200,4.15,U
sz000100,TCL科技,2025-10-21 11:02:27,4.15,47700,4.15,D
sz000100,TCL科技,2025-10-21 11:02:45,4.15,66500,4.15,D
sz000100,TCL科技,2025-10-21 11:03:09,4.15,124100,4.15,D
sz000100,TCL科技,2025-10-21 11:03:33,4.15,30500,4.15,D
sz000100,TCL科技,2025-10-21 11:03:36,4.15,22100,4.15,D
sz000100,TCL科技,2025-10-21 11:04:03,4.15,46400,4.16,D
sz000100,TCL科技,2025-10-21 11:04:06,4.15,22500,4.15,D
sz000100,TCL科技,2025-10-21 11:04:15,4.15,80400,4.15,D
sz000100,TCL科技,2025-10-21 11:04:24,4.16,21100,4.16,U
sz000100,TCL科技,2025-10-21 11:04:36,4.15,47500,4.16,D
sz000100,TCL科技,2025-10-21 11:05:00,4.16,38400,4.16,U
sz000100,TCL科技,2025-10-21 11:05:06,4.16,31300,4.15,U
sz000100,TCL科技,2025-10-21 11:05:27,4.15,104100,4.16,D
sz000100,TCL科技,2025-10-21 11:06:00,4.15,41300,4.16,D
sz000100,TCL科技,2025-10-21 11:06:21,4.16,50400,4.15,U
sz000100,TCL科技,2025-10-21 11:06:24,4.15,20300,4.16,D
sz000100,TCL科技,2025-10-21 11:06:39,4.16,130100,4.15,U
sz000100,TCL科技,2025-10-21 11:06:42,4.16,37900,4.16,U
sz000100,TCL科技,2025-10-21 11:07:12,4.16,31100,4.16,U
sz000100,TCL科技,2025-10-21 11:07:15,4.15,20300,4.16,D
sz000100,TCL科技,2025-10-21 11:07:57,4.15,31200,4.15,D
sz000100,TCL科技,2025-10-21 11:08:12,4.15,67400,4.15,D
sz000100,TCL科技,2025-10-21 11:08:15,4.15,33100,4.15,D
sz000100,TCL科技,2025-10-21 11:08:18,4.15,26600,4.15,D
sz000100,TCL科技,2025-10-21 11:08:21,4.15,24000,4.15,D
sz000100,TCL科技,2025-10-21 11:08:24,4.16,309500,4.15,U
sz000100,TCL科技,2025-10-21 11:08:30,4.15,180100,4.15,D
sz000100,TCL科技,2025-10-21 11:08:48,4.16,20700,4.15,U
sz000100,TCL科技,2025-10-21 11:09:33,4.16,34800,4.15,U
sz000100,TCL科技,2025-10-21 11:09:48,4.15,20000,4.15,D
sz000100,TCL科技,2025-10-21 11:10:06,4.15,30100,4.16,D
sz000100,TCL科技,2025-10-21 11:10:18,4.15,23400,4.15,D
sz000100,TCL科技,2025-10-21 11:10:30,4.15,20600,4.15,D
sz000100,TCL科技,2025-10-21 11:12:00,4.15,27100,4.16,D
sz000100,TCL科技,2025-10-21 11:12:03,4.15,55600,4.15,D
sz000100,TCL科技,2025-10-21 11:12:09,4.16,117300,4.16,U
sz000100,TCL科技,2025-10-21 11:12:15,4.15,51600,4.15,D
sz000100,TCL科技,2025-10-21 11:12:24,4.16,48300,4.15,U
sz000100,TCL科技,2025-10-21 11:13:00,4.15,21500,4.16,D
sz000100,TCL科技,2025-10-21 11:13:09,4.15,78800,4.16,D
sz000100,TCL科技,2025-10-21 11:13:18,4.16,24000,4.16,U
sz000100,TCL科技,2025-10-21 11:13:24,4.15,46800,4.15,D
sz000100,TCL科技,2025-10-21 11:14:00,4.16,33200,4.16,U
sz000100,TCL科技,2025-10-21 11:14:24,4.16,150000,4.16,U
sz000100,TCL科技,2025-10-21 11:14:36,4.15,111600,4.15,D
sz000100,TCL科技,2025-10-21 11:15:00,4.15,23800,4.15,D
sz000100,TCL科技,2025-10-21 11:15:03,4.16,57400,4.15,U
sz000100,TCL科技,2025-10-21 11:15:06,4.16,170500,4.16,U
sz000100,TCL科技,2025-10-21 11:15:45,4.15,157200,4.15,D
sz000100,TCL科技,2025-10-21 11:15:51,4.15,22500,4.15,D
sz000100,TCL科技,2025-10-21 11:15:57,4.16,53700,4.16,U
sz000100,TCL科技,2025-10-21 11:16:03,4.16,21400,4.16,U
sz000100,TCL科技,2025-10-21 11:16:21,4.15,150700,4.16,D
sz000100,TCL科技,2025-10-21 11:16:30,4.16,2762100,4.16,U
sz000100,TCL科技,2025-10-21 11:16:33,4.16,121700,4.16,U
sz000100,TCL科技,2025-10-21 11:16:36,4.16,40400,4.16,U
sz000100,TCL科技,2025-10-21 11:16:45,4.16,22200,4.16,U
sz000100,TCL科技,2025-10-21 11:16:54,4.16,118500,4.16,U
sz000100,TCL科技,2025-10-21 11:16:57,4.16,237600,4.16,U
sz000100,TCL科技,2025-10-21 11:17:00,4.15,37300,4.16,D
sz000100,TCL科技,2025-10-21 11:17:03,4.15,60900,4.15,D
sz000100,TCL科技,2025-10-21 11:17:21,4.16,46800,4.16,U
sz000100,TCL科技,2025-10-21 11:17:24,4.16,511600,4.16,U
sz000100,TCL科技,2025-10-21 11:17:33,4.16,24600,4.16,U
sz000100,TCL科技,2025-10-21 11:17:45,4.16,82500,4.16,U
sz000100,TCL科技,2025-10-21 11:18:00,4.15,40500,4.15,D
sz000100,TCL科技,2025-10-21 11:18:03,4.15,260000,4.15,D
sz000100,TCL科技,2025-10-21 11:18:18,4.15,44100,4.15,D
sz000100,TCL科技,2025-10-21 11:18:33,4.16,31200,4.16,U
sz000100,TCL科技,2025-10-21 11:19:15,4.15,61200,4.16,D
sz000100,TCL科技,2025-10-21 11:19:33,4.16,949100,4.16,U
sz000100,TCL科技,2025-10-21 11:19:39,4.16,9616120,4.15,U
sz000100,TCL科技,2025-10-21 11:19:48,4.17,22100,4.16,U
sz000100,TCL科技,2025-10-21 11:20:09,4.17,22600,4.17,U
sz000100,TCL科技,2025-10-21 11:20:21,4.16,45800,4.17,D
sz000100,TCL科技,2025-10-21 11:20:24,4.17,23200,4.16,U
sz000100,TCL科技,2025-10-21 11:20:36,4.17,36100,4.17,U
sz000100,TCL科技,2025-10-21 11:20:51,4.17,126900,4.16,U
sz000100,TCL科技,2025-10-21 11:21:00,4.17,23280,4.16,U
sz000100,TCL科技,2025-10-21 11:21:12,4.16,25200,4.17,D
sz000100,TCL科技,2025-10-21 11:21:15,4.16,24900,4.16,D
sz000100,TCL科技,2025-10-21 11:21:27,4.17,22700,4.17,U
sz000100,TCL科技,2025-10-21 11:21:33,4.17,21000,4.17,U
sz000100,TCL科技,2025-10-21 11:21:48,4.17,54100,4.16,U
sz000100,TCL科技,2025-10-21 11:22:06,4.16,320100,4.17,D
sz000100,TCL科技,2025-10-21 11:22:27,4.16,117000,4.17,D
sz000100,TCL科技,2025-10-21 11:22:30,4.17,24300,4.16,U
sz000100,TCL科技,2025-10-21 11:22:48,4.17,92700,4.17,U
sz000100,TCL科技,2025-10-21 11:22:51,4.17,35600,4.17,U
sz000100,TCL科技,2025-10-21 11:22:57,4.17,100581,4.17,U
sz000100,TCL科技,2025-10-21 11:23:00,4.17,35100,4.17,U
sz000100,TCL科技,2025-10-21 11:23:15,4.17,23900,4.17,U
sz000100,TCL科技,2025-10-21 11:23:18,4.17,51400,4.17,U
sz000100,TCL科技,2025-10-21 11:23:21,4.17,64600,4.17,U
sz000100,TCL科技,2025-10-21 11:23:33,4.16,39700,4.17,D
sz000100,TCL科技,2025-10-21 11:23:42,4.17,53700,4.16,U
sz000100,TCL科技,2025-10-21 11:23:45,4.17,58800,4.17,U
sz000100,TCL科技,2025-10-21 11:24:09,4.17,36200,4.16,U
sz000100,TCL科技,2025-10-21 11:24:33,4.17,46700,4.17,U
sz000100,TCL科技,2025-10-21 11:24:39,4.16,33800,4.16,D
sz000100,TCL科技,2025-10-21 11:24:45,4.17,24900,4.17,U
sz000100,TCL科技,2025-10-21 11:24:51,4.17,28200,4.17,U
sz000100,TCL科技,2025-10-21 11:25:09,4.17,23000,4.17,U
sz000100,TCL科技,2025-10-21 11:25:30,4.16,33200,4.16,D
sz000100,TCL科技,2025-10-21 11:25:39,4.17,20000,4.16,U
sz000100,TCL科技,2025-10-21 11:25:57,4.16,21800,4.17,D
sz000100,TCL科技,2025-10-21 11:26:03,4.17,55500,4.16,U
sz000100,TCL科技,2025-10-21 11:26:15,4.17,40700,4.16,U
sz000100,TCL科技,2025-10-21 11:26:24,4.17,45500,4.17,U
sz000100,TCL科技,2025-10-21 11:26:36,4.16,70700,4.16,D
sz000100,TCL科技,2025-10-21 11:27:00,4.17,23400,4.17,U
sz000100,TCL科技,2025-10-21 11:27:03,4.16,28300,4.17,D
sz000100,TCL科技,2025-10-21 11:27:06,4.16,25900,4.16,D
sz000100,TCL科技,2025-10-21 11:27:09,4.16,90500,4.16,D
sz000100,TCL科技,2025-10-21 11:27:12,4.17,23900,4.16,U
sz000100,TCL科技,2025-10-21 11:27:18,4.17,22000,4.16,U
sz000100,TCL科技,2025-10-21 11:27:21,4.16,22000,4.17,D
sz000100,TCL科技,2025-10-21 11:27:33,4.17,34100,4.17,U
sz000100,TCL科技,2025-10-21 11:27:48,4.16,27600,4.16,D
sz000100,TCL科技,2025-10-21 11:27:54,4.17,114400,4.16,U
sz000100,TCL科技,2025-10-21 11:28:03,4.17,69700,4.17,U
sz000100,TCL科技,2025-10-21 11:28:09,4.17,30400,4.16,U
sz000100,TCL科技,2025-10-21 11:28:18,4.17,30700,4.16,U
sz000100,TCL科技,2025-10-21 11:28:24,4.16,25000,4.16,D
sz000100,TCL科技,2025-10-21 11:28:39,4.17,26500,4.17,U
sz000100,TCL科技,2025-10-21 11:28:54,4.17,27300,4.16,U
sz000100,TCL科技,2025-10-21 11:29:00,4.16,32500,4.16,D
sz000100,TCL科技,2025-10-21 11:29:03,4.16,21800,4.16,D
sz000100,TCL科技,2025-10-21 11:29:12,4.16,32700,4.17,D
sz000100,TCL科技,2025-10-21 11:29:18,4.17,21900,4.17,U
sz000100,TCL科技,2025-10-21 11:29:21,4.17,108100,4.17,U
sz000100,TCL科技,2025-10-21 11:29:30,4.17,20100,4.17,U
sz000100,TCL科技,2025-10-21 11:29:33,4.17,48200,4.17,U
sz000100,TCL科技,2025-10-21 11:29:36,4.17,58100,4.17,U
sz000100,TCL科技,2025-10-21 11:29:48,4.16,29100,4.16,D
sz000100,TCL科技,2025-10-21 11:30:00,4.16,33200,4.16,D
sz000100,TCL科技,2025-10-21 13:00:00,4.17,216600,4.16,U
sz000100,TCL科技,2025-10-21 13:00:03,4.16,798420,4.17,D
sz000100,TCL科技,2025-10-21 13:00:09,4.17,169600,4.17,U
sz000100,TCL科技,2025-10-21 13:00:12,4.16,263200,4.17,D
sz000100,TCL科技,2025-10-21 13:00:18,4.16,45100,4.16,D
sz000100,TCL科技,2025-10-21 13:00:24,4.16,47600,4.16,D
sz000100,TCL科技,2025-10-21 13:00:27,4.16,122100,4.16,D
sz000100,TCL科技,2025-10-21 13:00:30,4.16,169500,4.16,D
sz000100,TCL科技,2025-10-21 13:00:33,4.16,3163550,4.16,D
sz000100,TCL科技,2025-10-21 13:00:39,4.16,88100,4.16,U
sz000100,TCL科技,2025-10-21 13:00:48,4.15,20600,4.16,D
sz000100,TCL科技,2025-10-21 13:01:06,4.16,23600,4.15,U
sz000100,TCL科技,2025-10-21 13:01:27,4.15,24000,4.16,D
sz000100,TCL科技,2025-10-21 13:02:06,4.16,31800,4.15,U
sz000100,TCL科技,2025-10-21 13:02:12,4.15,24000,4.15,D
sz000100,TCL科技,2025-10-21 13:02:18,4.16,61600,4.15,U
sz000100,TCL科技,2025-10-21 13:02:45,4.15,23800,4.15,D
sz000100,TCL科技,2025-10-21 13:03:00,4.15,38600,4.15,D
sz000100,TCL科技,2025-10-21 13:03:03,4.16,22800,4.15,U
sz000100,TCL科技,2025-10-21 13:03:33,4.15,20300,4.15,D
sz000100,TCL科技,2025-10-21 13:03:42,4.15,21600,4.16,D
sz000100,TCL科技,2025-10-21 13:03:45,4.15,32800,4.15,D
sz000100,TCL科技,2025-10-21 13:04:00,4.15,43800,4.16,D
sz000100,TCL科技,2025-10-21 13:04:03,4.15,28100,4.15,D
sz000100,TCL科技,2025-10-21 13:04:06,4.16,20500,4.15,U
sz000100,TCL科技,2025-10-21 13:04:30,4.15,54000,4.15,D
sz000100,TCL科技,2025-10-21 13:05:00,4.16,60800,4.16,U
sz000100,TCL科技,2025-10-21 13:05:42,4.15,55500,4.15,D
sz000100,TCL科技,2025-10-21 13:06:03,4.16,40500,4.16,U
sz000100,TCL科技,2025-10-21 13:06:15,4.15,57000,4.16,D
sz000100,TCL科技,2025-10-21 13:06:27,4.16,29200,4.15,U
sz000100,TCL科技,2025-10-21 13:06:54,4.16,22100,4.15,U
sz000100,TCL科技,2025-10-21 13:07:12,4.15,52700,4.16,D
sz000100,TCL科技,2025-10-21 13:07:18,4.16,26000,4.15,U
sz000100,TCL科技,2025-10-21 13:07:30,4.16,33500,4.15,U
sz000100,TCL科技,2025-10-21 13:07:36,4.15,77000,4.15,D
sz000100,TCL科技,2025-10-21 13:07:57,4.16,113000,4.15,U
sz000100,TCL科技,2025-10-21 13:08:00,4.16,22800,4.16,U
sz000100,TCL科技,2025-10-21 13:08:09,4.15,30300,4.15,D
sz000100,TCL科技,2025-10-21 13:08:39,4.16,112400,4.15,U
sz000100,TCL科技,2025-10-21 13:09:12,4.16,21500,4.16,U
sz000100,TCL科技,2025-10-21 13:09:33,4.16,26900,4.15,U
sz000100,TCL科技,2025-10-21 13:09:36,4.15,32600,4.16,D
sz000100,TCL科技,2025-10-21 13:09:39,4.16,32600,4.15,U
sz000100,TCL科技,2025-10-21 13:09:42,4.16,24900,4.16,U
sz000100,TCL科技,2025-10-21 13:09:57,4.16,28100,4.16,U
sz000100,TCL科技,2025-10-21 13:10:06,4.15,25200,4.15,D
sz000100,TCL科技,2025-10-21 13:10:27,4.16,63000,4.15,U
sz000100,TCL科技,2025-10-21 13:10:39,4.16,23600,4.16,U
sz000100,TCL科技,2025-10-21 13:10:42,4.16,39800,4.16,U
sz000100,TCL科技,2025-10-21 13:10:57,4.16,37600,4.16,U
sz000100,TCL科技,2025-10-21 13:11:09,4.15,71300,4.16,D
sz000100,TCL科技,2025-10-21 13:11:21,4.15,46800,4.15,D
sz000100,TCL科技,2025-10-21 13:11:39,4.16,102800,4.16,U
sz000100,TCL科技,2025-10-21 13:11:57,4.16,24100,4.15,U
sz000100,TCL科技,2025-10-21 13:12:09,4.15,39600,4.16,D
sz000100,TCL科技,2025-10-21 13:12:15,4.15,32600,4.15,D
sz000100,TCL科技,2025-10-21 13:12:42,4.15,22000,4.16,D
sz000100,TCL科技,2025-10-21 13:12:45,4.15,33300,4.15,D
sz000100,TCL科技,2025-10-21 13:12:57,4.15,36300,4.15,D
sz000100,TCL科技,2025-10-21 13:13:21,4.15,24800,4.16,D
sz000100,TCL科技,2025-10-21 13:13:39,4.16,29000,4.15,U
sz000100,TCL科技,2025-10-21 13:14:30,4.16,63600,4.15,U
sz000100,TCL科技,2025-10-21 13:15:48,4.16,52100,4.16,U
sz000100,TCL科技,2025-10-21 13:15:57,4.16,60130,4.15,U
sz000100,TCL科技,2025-10-21 13:16:21,4.15,53500,4.15,D
sz000100,TCL科技,2025-10-21 13:17:00,4.15,25700,4.16,D
sz000100,TCL科技,2025-10-21 13:17:03,4.15,22500,4.15,D
sz000100,TCL科技,2025-10-21 13:17:09,4.15,134500,4.16,D
sz000100,TCL科技,2025-10-21 13:17:12,4.16,101500,4.15,U
sz000100,TCL科技,2025-10-21 13:17:45,4.16,56300,4.15,U
sz000100,TCL科技,2025-10-21 13:18:45,4.16,55600,4.16,U
sz000100,TCL科技,2025-10-21 13:18:48,4.16,28000,4.16,U
sz000100,TCL科技,2025-10-21 13:18:54,4.16,33500,4.16,U
sz000100,TCL科技,2025-10-21 13:19:00,4.15,36400,4.16,D
sz000100,TCL科技,2025-10-21 13:19:03,4.16,170200,4.15,U
sz000100,TCL科技,2025-10-21 13:19:27,4.16,103200,4.16,U
sz000100,TCL科技,2025-10-21 13:19:48,4.16,58100,4.16,U
sz000100,TCL科技,2025-10-21 13:20:12,4.16,45200,4.15,U
sz000100,TCL科技,2025-10-21 13:20:24,4.15,22700,4.16,D
sz000100,TCL科技,2025-10-21 13:20:27,4.16,20300,4.15,U
sz000100,TCL科技,2025-10-21 13:20:36,4.16,33800,4.16,U
sz000100,TCL科技,2025-10-21 13:20:42,4.15,22600,4.16,D
sz000100,TCL科技,2025-10-21 13:21:00,4.15,43200,4.16,D
sz000100,TCL科技,2025-10-21 13:21:15,4.16,100000,4.16,U
sz000100,TCL科技,2025-10-21 13:21:57,4.15,24900,4.16,D
sz000100,TCL科技,2025-10-21 13:22:03,4.16,89800,4.15,U
sz000100,TCL科技,2025-10-21 13:22:24,4.15,821600,4.15,D
sz000100,TCL科技,2025-10-21 13:22:48,4.15,100100,4.15,D
sz000100,TCL科技,2025-10-21 13:23:03,4.16,32400,4.15,U
sz000100,TCL科技,2025-10-21 13:23:51,4.16,26900,4.15,U
sz000100,TCL科技,2025-10-21 13:24:06,4.16,45700,4.16,U
sz000100,TCL科技,2025-10-21 13:24:09,4.15,66100,4.16,D
sz000100,TCL科技,2025-10-21 13:24:33,4.15,733400,4.15,D
sz000100,TCL科技,2025-10-21 13:24:42,4.15,21900,4.16,D
sz000100,TCL科技,2025-10-21 13:24:45,4.16,70700,4.15,U
sz000100,TCL科技,2025-10-21 13:24:48,4.16,68300,4.16,U
sz000100,TCL科技,2025-10-21 13:25:00,4.15,25900,4.16,D
sz000100,TCL科技,2025-10-21 13:25:06,4.15,41900,4.15,D
sz000100,TCL科技,2025-10-21 13:25:24,4.15,25700,4.16,D
sz000100,TCL科技,2025-10-21 13:25:45,4.15,62600,4.16,D
sz000100,TCL科技,2025-10-21 13:26:30,4.16,21400,4.16,U
sz000100,TCL科技,2025-10-21 13:26:42,4.15,31200,4.15,D
sz000100,TCL科技,2025-10-21 13:26:51,4.15,27500,4.15,D
sz000100,TCL科技,2025-10-21 13:27:15,4.16,300000,4.16,U
sz000100,TCL科技,2025-10-21 13:27:18,4.15,48400,4.16,D
sz000100,TCL科技,2025-10-21 13:27:21,4.15,49800,4.15,D
sz000100,TCL科技,2025-10-21 13:27:27,4.16,330500,4.15,U
sz000100,TCL科技,2025-10-21 13:28:09,4.16,62300,4.16,U
sz000100,TCL科技,2025-10-21 13:28:39,4.15,39700,4.16,D
sz000100,TCL科技,2025-10-21 13:28:51,4.15,161300,4.15,D
sz000100,TCL科技,2025-10-21 13:29:00,4.16,24700,4.16,U
sz000100,TCL科技,2025-10-21 13:29:03,4.16,20500,4.16,U
sz000100,TCL科技,2025-10-21 13:29:06,4.15,24700,4.16,D
sz000100,TCL科技,2025-10-21 13:29:09,4.15,57000,4.15,D
sz000100,TCL科技,2025-10-21 13:29:24,4.16,20200,4.16,U
sz000100,TCL科技,2025-10-21 13:29:30,4.15,38900,4.16,D
sz000100,TCL科技,2025-10-21 13:29:42,4.16,56500,4.16,U
sz000100,TCL科技,2025-10-21 13:30:18,4.15,20100,4.16,D
sz000100,TCL科技,2025-10-21 13:30:51,4.15,42400,4.15,D
sz000100,TCL科技,2025-10-21 13:30:54,4.15,71500,4.15,D
sz000100,TCL科技,2025-10-21 13:31:00,4.15,28200,4.15,D
sz000100,TCL科技,2025-10-21 13:31:21,4.15,36400,4.16,D
sz000100,TCL科技,2025-10-21 13:31:39,4.16,21000,4.16,U
sz000100,TCL科技,2025-10-21 13:31:45,4.15,90500,4.16,D
sz000100,TCL科技,2025-10-21 13:31:48,4.16,33500,4.15,U
sz000100,TCL科技,2025-10-21 13:31:51,4.15,43100,4.16,D
sz000100,TCL科技,2025-10-21 13:32:57,4.16,32100,4.16,U
sz000100,TCL科技,2025-10-21 13:33:03,4.15,43300,4.16,D
sz000100,TCL科技,2025-10-21 13:33:27,4.15,23700,4.16,D
sz000100,TCL科技,2025-10-21 13:33:33,4.16,169400,4.16,U
sz000100,TCL科技,2025-10-21 13:33:36,4.15,34000,4.16,D
sz000100,TCL科技,2025-10-21 13:33:45,4.15,541000,4.15,D
sz000100,TCL科技,2025-10-21 13:33:54,4.16,122200,4.16,U
sz000100,TCL科技,2025-10-21 13:33:57,4.15,43900,4.16,D
sz000100,TCL科技,2025-10-21 13:34:00,4.15,49200,4.15,D
sz000100,TCL科技,2025-10-21 13:34:03,4.16,30400,4.15,U
sz000100,TCL科技,2025-10-21 13:34:12,4.15,66700,4.15,D
sz000100,TCL科技,2025-10-21 13:34:24,4.15,50000,4.16,D
sz000100,TCL科技,2025-10-21 13:34:27,4.16,42600,4.15,U
sz000100,TCL科技,2025-10-21 13:34:30,4.16,39700,4.16,U
sz000100,TCL科技,2025-10-21 13:34:33,4.16,24100,4.16,U
sz000100,TCL科技,2025-10-21 13:34:42,4.15,21500,4.16,D
sz000100,TCL科技,2025-10-21 13:35:00,4.16,31500,4.15,U
sz000100,TCL科技,2025-10-21 13:35:03,4.15,33300,4.16,D
sz000100,TCL科技,2025-10-21 13:35:06,4.16,34600,4.15,U
sz000100,TCL科技,2025-10-21 13:35:09,4.15,58200,4.16,D
sz000100,TCL科技,2025-10-21 13:35:24,4.16,27000,4.15,U
sz000100,TCL科技,2025-10-21 13:35:30,4.15,49000,4.15,D
sz000100,TCL科技,2025-10-21 13:35:39,4.15,35800,4.16,D
sz000100,TCL科技,2025-10-21 13:36:03,4.16,23500,4.16,U
sz000100,TCL科技,2025-10-21 13:36:12,4.15,23200,4.15,D
sz000100,TCL科技,2025-10-21 13:36:21,4.15,44900,4.16,D
sz000100,TCL科技,2025-10-21 13:36:30,4.15,39400,4.15,D
sz000100,TCL科技,2025-10-21 13:36:39,4.16,29300,4.15,U
sz000100,TCL科技,2025-10-21 13:37:21,4.15,42500,4.15,D
sz000100,TCL科技,2025-10-21 13:37:27,4.16,51100,4.15,U
sz000100,TCL科技,2025-10-21 13:37:30,4.16,28400,4.16,U
sz000100,TCL科技,2025-10-21 13:38:12,4.15,111800,4.16,D
sz000100,TCL科技,2025-10-21 13:38:21,4.16,49300,4.15,U
sz000100,TCL科技,2025-10-21 13:38:24,4.15,77800,4.16,D
sz000100,TCL科技,2025-10-21 13:39:00,4.15,33100,4.16,D
sz000100,TCL科技,2025-10-21 13:39:06,4.15,247400,4.15,D
sz000100,TCL科技,2025-10-21 13:39:09,4.15,29000,4.15,D
sz000100,TCL科技,2025-10-21 13:39:24,4.15,49100,4.15,D
sz000100,TCL科技,2025-10-21 13:39:36,4.16,41700,4.15,U
sz000100,TCL科技,2025-10-21 13:39:42,4.16,59700,4.16,U
sz000100,TCL科技,2025-10-21 13:39:48,4.16,56800,4.16,U
sz000100,TCL科技,2025-10-21 13:39:57,4.16,108500,4.15,U
sz000100,TCL科技,2025-10-21 13:40:03,4.15,28600,4.15,D
sz000100,TCL科技,2025-10-21 13:40:09,4.16,44400,4.15,U
sz000100,TCL科技,2025-10-21 13:40:30,4.15,39900,4.16,D
sz000100,TCL科技,2025-10-21 13:40:33,4.16,74000,4.15,U
sz000100,TCL科技,2025-10-21 13:40:51,4.15,24800,4.16,D
sz000100,TCL科技,2025-10-21 13:41:06,4.15,29400,4.16,D
sz000100,TCL科技,2025-10-21 13:41:27,4.15,60900,4.15,D
sz000100,TCL科技,2025-10-21 13:41:39,4.15,37900,4.16,D
sz000100,TCL科技,2025-10-21 13:41:42,4.15,30600,4.15,D
sz000100,TCL科技,2025-10-21 13:41:54,4.16,23100,4.15,U
sz000100,TCL科技,2025-10-21 13:42:21,4.15,58400,4.15,D
sz000100,TCL科技,2025-10-21 13:42:33,4.15,58300,4.15,D
sz000100,TCL科技,2025-10-21 13:42:36,4.16,50200,4.15,U
sz000100,TCL科技,2025-10-21 13:42:39,4.15,45800,4.16,D
sz000100,TCL科技,2025-10-21 13:42:42,4.16,24100,4.15,U
sz000100,TCL科技,2025-10-21 13:43:00,4.15,32110,4.15,D
sz000100,TCL科技,2025-10-21 13:43:33,4.16,30600,4.15,U
sz000100,TCL科技,2025-10-21 13:43:36,4.16,46100,4.16,U
sz000100,TCL科技,2025-10-21 13:43:39,4.16,33400,4.16,U
sz000100,TCL科技,2025-10-21 13:43:42,4.16,29400,4.16,U
sz000100,TCL科技,2025-10-21 13:43:45,4.16,23800,4.16,U
sz000100,TCL科技,2025-10-21 13:43:51,4.15,74000,4.16,D
sz000100,TCL科技,2025-10-21 13:44:15,4.15,36100,4.15,D
sz000100,TCL科技,2025-10-21 13:44:18,4.15,29600,4.15,D
sz000100,TCL科技,2025-10-21 13:44:27,4.15,21500,4.15,D
sz000100,TCL科技,2025-10-21 13:44:30,4.15,48500,4.15,D
sz000100,TCL科技,2025-10-21 13:44:42,4.15,36200,4.15,D
sz000100,TCL科技,2025-10-21 13:44:54,4.16,60500,4.16,U
sz000100,TCL科技,2025-10-21 13:45:03,4.15,26200,4.15,D
sz000100,TCL科技,2025-10-21 13:45:15,4.15,118100,4.16,D
sz000100,TCL科技,2025-10-21 13:45:51,4.16,50800,4.15,U
sz000100,TCL科技,2025-10-21 13:45:57,4.15,38900,4.15,D
sz000100,TCL科技,2025-10-21 13:46:24,4.15,26000,4.15,D
sz000100,TCL科技,2025-10-21 13:47:15,4.15,23200,4.15,D
sz000100,TCL科技,2025-10-21 13:47:39,4.15,68100,4.15,D
sz000100,TCL科技,2025-10-21 13:48:00,4.15,49600,4.16,D
sz000100,TCL科技,2025-10-21 13:48:21,4.15,183200,4.15,D
sz000100,TCL科技,2025-10-21 13:49:03,4.15,41700,4.16,D
sz000100,TCL科技,2025-10-21 13:50:03,4.15,24700,4.16,D
sz000100,TCL科技,2025-10-21 13:50:12,4.15,40400,4.15,D
sz000100,TCL科技,2025-10-21 13:50:15,4.15,206700,4.15,D
sz000100,TCL科技,2025-10-21 13:50:24,4.15,26400,4.16,D
sz000100,TCL科技,2025-10-21 13:50:27,4.15,32400,4.15,D
sz000100,TCL科技,2025-10-21 13:50:42,4.16,24600,4.16,U
sz000100,TCL科技,2025-10-21 13:50:48,4.15,23900,4.15,D
sz000100,TCL科技,2025-10-21 13:50:57,4.16,97000,4.15,U
sz000100,TCL科技,2025-10-21 13:51:03,4.15,102200,4.16,D
sz000100,TCL科技,2025-10-21 13:51:09,4.15,80700,4.15,D
sz000100,TCL科技,2025-10-21 13:51:12,4.15,363800,4.15,D
sz000100,TCL科技,2025-10-21 13:51:15,4.15,148800,4.15,D
sz000100,TCL科技,2025-10-21 13:51:21,4.16,20800,4.15,U
sz000100,TCL科技,2025-10-21 13:51:24,4.16,93400,4.16,U
sz000100,TCL科技,2025-10-21 13:51:51,4.15,184600,4.15,D
sz000100,TCL科技,2025-10-21 13:52:00,4.15,25200,4.15,D
sz000100,TCL科技,2025-10-21 13:52:03,4.15,50400,4.15,D
sz000100,TCL科技,2025-10-21 13:52:15,4.15,49000,4.15,D
sz000100,TCL科技,2025-10-21 13:52:18,4.15,72200,4.15,D
sz000100,TCL科技,2025-10-21 13:52:30,4.15,40100,4.15,D
sz000100,TCL科技,2025-10-21 13:52:48,4.15,88300,4.16,D
sz000100,TCL科技,2025-10-21 13:52:54,4.15,64300,4.16,D
sz000100,TCL科技,2025-10-21 13:53:06,4.16,53810,4.15,U
sz000100,TCL科技,2025-10-21 13:53:15,4.15,25400,4.16,D
sz000100,TCL科技,2025-10-21 13:53:33,4.15,24400,4.16,D
sz000100,TCL科技,2025-10-21 13:53:51,4.15,32000,4.15,D
sz000100,TCL科技,2025-10-21 13:54:45,4.15,39100,4.15,D
sz000100,TCL科技,2025-10-21 13:54:57,4.16,33400,4.15,U
sz000100,TCL科技,2025-10-21 13:55:09,4.15,34600,4.16,D
sz000100,TCL科技,2025-10-21 13:55:15,4.15,22100,4.15,D
sz000100,TCL科技,2025-10-21 13:55:21,4.15,29800,4.15,D
sz000100,TCL科技,2025-10-21 13:55:30,4.15,54200,4.15,D
sz000100,TCL科技,2025-10-21 13:55:48,4.15,56300,4.15,D
sz000100,TCL科技,2025-10-21 13:56:21,4.16,22000,4.15,U
sz000100,TCL科技,2025-10-21 13:56:30,4.15,33100,4.15,D
sz000100,TCL科技,2025-10-21 13:56:33,4.15,21700,4.15,D
sz000100,TCL科技,2025-10-21 13:57:00,4.15,34900,4.16,D
sz000100,TCL科技,2025-10-21 13:57:51,4.15,299500,4.15,D
sz000100,TCL科技,2025-10-21 13:58:51,4.15,22800,4.16,D
sz000100,TCL科技,2025-10-21 13:59:09,4.15,62300,4.15,D
sz000100,TCL科技,2025-10-21 13:59:15,4.16,23200,4.15,U
sz000100,TCL科技,2025-10-21 13:59:36,4.16,28400,4.16,U
sz000100,TCL科技,2025-10-21 14:00:15,4.15,99500,4.15,D
sz000100,TCL科技,2025-10-21 14:00:36,4.16,47400,4.15,U
sz000100,TCL科技,2025-10-21 14:00:39,4.15,30600,4.16,D
sz000100,TCL科技,2025-10-21 14:00:48,4.16,58100,4.16,U
sz000100,TCL科技,2025-10-21 14:00:54,4.16,263100,4.15,U
sz000100,TCL科技,2025-10-21 14:00:57,4.16,52200,4.16,U
sz000100,TCL科技,2025-10-21 14:01:00,4.16,31100,4.16,U
sz000100,TCL科技,2025-10-21 14:01:03,4.16,71900,4.16,U
sz000100,TCL科技,2025-10-21 14:01:18,4.15,23000,4.15,D
sz000100,TCL科技,2025-10-21 14:01:24,4.16,63700,4.15,U
sz000100,TCL科技,2025-10-21 14:01:33,4.15,85300,4.16,D
sz000100,TCL科技,2025-10-21 14:01:39,4.16,21200,4.15,U
sz000100,TCL科技,2025-10-21 14:01:48,4.16,48100,4.16,U
sz000100,TCL科技,2025-10-21 14:01:51,4.15,61000,4.16,D
sz000100,TCL科技,2025-10-21 14:02:21,4.15,35600,4.15,D
sz000100,TCL科技,2025-10-21 14:02:24,4.16,45300,4.15,U
sz000100,TCL科技,2025-10-21 14:02:27,4.16,26200,4.16,U
sz000100,TCL科技,2025-10-21 14:02:30,4.16,23100,4.16,U
sz000100,TCL科技,2025-10-21 14:02:42,4.16,29800,4.16,U
sz000100,TCL科技,2025-10-21 14:02:45,4.16,24400,4.16,U
sz000100,TCL科技,2025-10-21 14:02:48,4.15,26020,4.16,D
sz000100,TCL科技,2025-10-21 14:02:51,4.16,31400,4.15,U
sz000100,TCL科技,2025-10-21 14:03:06,4.15,57400,4.16,D
sz000100,TCL科技,2025-10-21 14:03:15,4.15,65200,4.15,D
sz000100,TCL科技,2025-10-21 14:03:36,4.15,20200,4.15,D
sz000100,TCL科技,2025-10-21 14:04:00,4.15,28700,4.16,D
sz000100,TCL科技,2025-10-21 14:04:15,4.15,31660,4.16,D
sz000100,TCL科技,2025-10-21 14:04:33,4.15,63500,4.15,D
sz000100,TCL科技,2025-10-21 14:04:42,4.15,32400,4.16,D
sz000100,TCL科技,2025-10-21 14:04:45,4.16,31600,4.15,U
sz000100,TCL科技,2025-10-21 14:04:48,4.16,32700,4.16,U
sz000100,TCL科技,2025-10-21 14:05:03,4.16,23700,4.15,U
sz000100,TCL科技,2025-10-21 14:05:06,4.16,63100,4.16,U
sz000100,TCL科技,2025-10-21 14:05:09,4.15,48900,4.16,D
sz000100,TCL科技,2025-10-21 14:05:24,4.15,78700,4.16,D
sz000100,TCL科技,2025-10-21 14:05:33,4.16,23700,4.16,U
sz000100,TCL科技,2025-10-21 14:05:48,4.15,23700,4.16,D
sz000100,TCL科技,2025-10-21 14:05:51,4.16,42800,4.15,U
sz000100,TCL科技,2025-10-21 14:06:09,4.15,25200,4.16,D
sz000100,TCL科技,2025-10-21 14:06:12,4.16,23500,4.15,U
sz000100,TCL科技,2025-10-21 14:06:33,4.16,33300,4.15,U
sz000100,TCL科技,2025-10-21 14:06:51,4.16,21400,4.15,U
sz000100,TCL科技,2025-10-21 14:07:12,4.15,349400,4.15,D
sz000100,TCL科技,2025-10-21 14:07:15,4.16,81730,4.15,U
sz000100,TCL科技,2025-10-21 14:07:27,4.16,24700,4.15,U
sz000100,TCL科技,2025-10-21 14:07:51,4.15,31400,4.15,D
sz000100,TCL科技,2025-10-21 14:07:54,4.16,42700,4.15,U
sz000100,TCL科技,2025-10-21 14:08:00,4.15,202700,4.15,D
sz000100,TCL科技,2025-10-21 14:08:03,4.16,21200,4.15,U
sz000100,TCL科技,2025-10-21 14:08:06,4.16,65700,4.16,U
sz000100,TCL科技,2025-10-21 14:08:27,4.16,20500,4.16,U
sz000100,TCL科技,2025-10-21 14:08:33,4.15,22200,4.16,D
sz000100,TCL科技,2025-10-21 14:08:36,4.16,224000,4.15,U
sz000100,TCL科技,2025-10-21 14:08:42,4.15,55100,4.15,D
sz000100,TCL科技,2025-10-21 14:08:48,4.15,65100,4.15,D
sz000100,TCL科技,2025-10-21 14:08:51,4.15,27600,4.15,D
sz000100,TCL科技,2025-10-21 14:09:24,4.16,23800,4.16,U
sz000100,TCL科技,2025-10-21 14:09:27,4.16,21000,4.16,U
sz000100,TCL科技,2025-10-21 14:09:45,4.16,22500,4.15,U
sz000100,TCL科技,2025-10-21 14:10:00,4.16,88200,4.15,U
sz000100,TCL科技,2025-10-21 14:10:03,4.15,27100,4.16,D
sz000100,TCL科技,2025-10-21 14:10:06,4.15,43400,4.15,D
sz000100,TCL科技,2025-10-21 14:10:15,4.16,427600,4.16,U
sz000100,TCL科技,2025-10-21 14:10:18,4.15,49600,4.16,D
sz000100,TCL科技,2025-10-21 14:10:27,4.16,29600,4.15,U
sz000100,TCL科技,2025-10-21 14:10:36,4.16,84300,4.16,U
sz000100,TCL科技,2025-10-21 14:10:39,4.16,24900,4.16,U
sz000100,TCL科技,2025-10-21 14:10:42,4.16,312800,4.16,U
sz000100,TCL科技,2025-10-21 14:10:45,4.15,49500,4.16,D
sz000100,TCL科技,2025-10-21 14:10:51,4.16,28800,4.16,U
sz000100,TCL科技,2025-10-21 14:10:54,4.16,54800,4.16,U
sz000100,TCL科技,2025-10-21 14:10:57,4.16,55300,4.16,U
sz000100,TCL科技,2025-10-21 14:11:00,4.15,70700,4.16,D
sz000100,TCL科技,2025-10-21 14:11:09,4.16,30000,4.15,U
sz000100,TCL科技,2025-10-21 14:11:15,4.16,33500,4.16,U
sz000100,TCL科技,2025-10-21 14:11:27,4.16,64200,4.16,U
sz000100,TCL科技,2025-10-21 14:11:36,4.15,356700,4.15,D
sz000100,TCL科技,2025-10-21 14:11:39,4.16,64000,4.15,U
sz000100,TCL科技,2025-10-21 14:11:51,4.16,25000,4.15,U
sz000100,TCL科技,2025-10-21 14:12:03,4.16,105400,4.16,U
sz000100,TCL科技,2025-10-21 14:12:06,4.16,44600,4.16,U
sz000100,TCL科技,2025-10-21 14:12:15,4.15,44600,4.16,D
sz000100,TCL科技,2025-10-21 14:12:30,4.16,114800,4.15,U
sz000100,TCL科技,2025-10-21 14:12:54,4.15,20400,4.16,D
sz000100,TCL科技,2025-10-21 14:12:57,4.16,23500,4.15,U
sz000100,TCL科技,2025-10-21 14:13:09,4.15,27010,4.16,D
sz000100,TCL科技,2025-10-21 14:13:21,4.16,39800,4.16,U
sz000100,TCL科技,2025-10-21 14:13:39,4.15,23700,4.15,D
sz000100,TCL科技,2025-10-21 14:13:45,4.15,27400,4.15,D
sz000100,TCL科技,2025-10-21 14:13:54,4.15,26300,4.15,D
sz000100,TCL科技,2025-10-21 14:13:57,4.15,23600,4.15,D
sz000100,TCL科技,2025-10-21 14:14:00,4.16,23100,4.15,U
sz000100,TCL科技,2025-10-21 14:14:03,4.16,244800,4.16,U
sz000100,TCL科技,2025-10-21 14:14:06,4.15,35400,4.16,D
sz000100,TCL科技,2025-10-21 14:14:36,4.15,46600,4.16,D
sz000100,TCL科技,2025-10-21 14:14:42,4.16,54900,4.15,U
sz000100,TCL科技,2025-10-21 14:14:57,4.15,58800,4.16,D
sz000100,TCL科技,2025-10-21 14:15:15,4.16,61000,4.16,U
sz000100,TCL科技,2025-10-21 14:15:18,4.16,253800,4.16,U
sz000100,TCL科技,2025-10-21 14:15:21,4.16,592700,4.16,U
sz000100,TCL科技,2025-10-21 14:15:24,4.16,471600,4.16,U
sz000100,TCL科技,2025-10-21 14:15:27,4.16,242400,4.16,U
sz000100,TCL科技,2025-10-21 14:15:30,4.16,94900,4.16,U
sz000100,TCL科技,2025-10-21 14:15:33,4.16,153700,4.16,U
sz000100,TCL科技,2025-10-21 14:15:48,4.15,95200,4.16,D
sz000100,TCL科技,2025-10-21 14:15:51,4.15,57400,4.15,D
sz000100,TCL科技,2025-10-21 14:15:54,4.16,23200,4.15,U
sz000100,TCL科技,2025-10-21 14:15:57,4.16,164800,4.16,U
sz000100,TCL科技,2025-10-21 14:16:03,4.16,32800,4.16,U
sz000100,TCL科技,2025-10-21 14:16:15,4.15,202000,4.16,D
sz000100,TCL科技,2025-10-21 14:16:18,4.16,27900,4.15,U
sz000100,TCL科技,2025-10-21 14:16:27,4.15,25400,4.16,D
sz000100,TCL科技,2025-10-21 14:16:42,4.16,22300,4.15,U
sz000100,TCL科技,2025-10-21 14:17:03,4.15,34000,4.16,D
sz000100,TCL科技,2025-10-21 14:17:18,4.15,206600,4.16,D
sz000100,TCL科技,2025-10-21 14:17:21,4.15,22500,4.15,D
sz000100,TCL科技,2025-10-21 14:17:24,4.16,417600,4.15,U
sz000100,TCL科技,2025-10-21 14:17:27,4.16,50000,4.16,U
sz000100,TCL科技,2025-10-21 14:17:36,4.16,511800,4.15,U
sz000100,TCL科技,2025-10-21 14:17:39,4.16,68100,4.16,U
sz000100,TCL科技,2025-10-21 14:18:00,4.16,254000,4.16,U
sz000100,TCL科技,2025-10-21 14:18:03,4.15,31500,4.16,D
sz000100,TCL科技,2025-10-21 14:18:09,4.16,151800,4.16,U
sz000100,TCL科技,2025-10-21 14:18:12,4.16,299800,4.16,U
sz000100,TCL科技,2025-10-21 14:18:15,4.15,78200,4.16,D
sz000100,TCL科技,2025-10-21 14:18:21,4.15,50900,4.15,D
sz000100,TCL科技,2025-10-21 14:18:24,4.16,30200,4.15,U
sz000100,TCL科技,2025-10-21 14:18:27,4.16,106500,4.16,U
sz000100,TCL科技,2025-10-21 14:18:30,4.16,36800,4.16,U
sz000100,TCL科技,2025-10-21 14:18:33,4.16,57400,4.16,U
sz000100,TCL科技,2025-10-21 14:18:36,4.15,32400,4.16,D
sz000100,TCL科技,2025-10-21 14:18:42,4.16,218300,4.15,U
sz000100,TCL科技,2025-10-21 14:18:45,4.16,51100,4.16,U
sz000100,TCL科技,2025-10-21 14:18:57,4.16,112300,4.16,U
sz000100,TCL科技,2025-10-21 14:19:03,4.16,63100,4.16,U
sz000100,TCL科技,2025-10-21 14:19:06,4.16,26100,4.16,U
sz000100,TCL科技,2025-10-21 14:19:09,4.15,46000,4.16,D
sz000100,TCL科技,2025-10-21 14:19:12,4.16,105600,4.15,U
sz000100,TCL科技,2025-10-21 14:19:21,4.16,38500,4.16,U
sz000100,TCL科技,2025-10-21 14:19:24,4.16,35800,4.16,U
sz000100,TCL科技,2025-10-21 14:19:27,4.16,119500,4.16,U
sz000100,TCL科技,2025-10-21 14:19:30,4.16,28300,4.16,U
sz000100,TCL科技,2025-10-21 14:19:33,4.16,97100,4.16,U
sz000100,TCL科技,2025-10-21 14:19:36,4.16,29900,4.16,U
sz000100,TCL科技,2025-10-21 14:19:39,4.15,308200,4.16,D
sz000100,TCL科技,2025-10-21 14:19:42,4.16,54400,4.15,U
sz000100,TCL科技,2025-10-21 14:19:54,4.16,44400,4.15,U
sz000100,TCL科技,2025-10-21 14:19:57,4.15,284200,4.16,D
sz000100,TCL科技,2025-10-21 14:20:03,4.15,50600,4.15,D
sz000100,TCL科技,2025-10-21 14:20:12,4.16,26500,4.16,U
sz000100,TCL科技,2025-10-21 14:20:15,4.15,101100,4.16,D
sz000100,TCL科技,2025-10-21 14:20:27,4.16,452500,4.15,U
sz000100,TCL科技,2025-10-21 14:20:30,4.15,62300,4.16,D
sz000100,TCL科技,2025-10-21 14:20:51,4.16,333500,4.16,U
sz000100,TCL科技,2025-10-21 14:20:54,4.16,78400,4.16,U
sz000100,TCL科技,2025-10-21 14:20:57,4.16,33300,4.16,U
sz000100,TCL科技,2025-10-21 14:21:00,4.16,20700,4.16,U
sz000100,TCL科技,2025-10-21 14:21:03,4.15,224100,4.16,D
sz000100,TCL科技,2025-10-21 14:21:09,4.16,36000,4.15,U
sz000100,TCL科技,2025-10-21 14:21:12,4.16,269700,4.16,U
sz000100,TCL科技,2025-10-21 14:21:15,4.15,28700,4.16,D
sz000100,TCL科技,2025-10-21 14:21:24,4.16,36500,4.16,U
sz000100,TCL科技,2025-10-21 14:21:30,4.16,30600,4.16,U
sz000100,TCL科技,2025-10-21 14:21:57,4.16,62000,4.16,U
sz000100,TCL科技,2025-10-21 14:22:00,4.16,28200,4.16,U
sz000100,TCL科技,2025-10-21 14:22:06,4.16,49000,4.16,U
sz000100,TCL科技,2025-10-21 14:22:15,4.16,341400,4.16,U
sz000100,TCL科技,2025-10-21 14:22:21,4.16,214900,4.15,U
sz000100,TCL科技,2025-10-21 14:22:36,4.15,26300,4.15,D
sz000100,TCL科技,2025-10-21 14:22:42,4.16,204700,4.16,U
sz000100,TCL科技,2025-10-21 14:22:48,4.16,207400,4.16,U
sz000100,TCL科技,2025-10-21 14:22:51,4.16,136900,4.16,U
sz000100,TCL科技,2025-10-21 14:22:54,4.16,41850,4.16,U
sz000100,TCL科技,2025-10-21 14:22:57,4.16,41800,4.16,U
sz000100,TCL科技,2025-10-21 14:23:03,4.16,1376300,4.16,U
sz000100,TCL科技,2025-10-21 14:23:06,4.16,273700,4.16,U
sz000100,TCL科技,2025-10-21 14:23:09,4.16,433400,4.16,U
sz000100,TCL科技,2025-10-21 14:23:12,4.16,82900,4.16,U
sz000100,TCL科技,2025-10-21 14:23:15,4.15,84900,4.16,D
sz000100,TCL科技,2025-10-21 14:23:18,4.15,174200,4.15,D
sz000100,TCL科技,2025-10-21 14:23:21,4.16,275200,4.15,U
sz000100,TCL科技,2025-10-21 14:23:24,4.16,73200,4.16,U
sz000100,TCL科技,2025-10-21 14:23:27,4.16,51700,4.16,U
sz000100,TCL科技,2025-10-21 14:23:33,4.16,47000,4.15,U
sz000100,TCL科技,2025-10-21 14:23:36,4.16,21200,4.16,U
sz000100,TCL科技,2025-10-21 14:23:45,4.16,106700,4.16,U
sz000100,TCL科技,2025-10-21 14:23:48,4.16,32200,4.16,U
sz000100,TCL科技,2025-10-21 14:23:51,4.15,88700,4.16,D
sz000100,TCL科技,2025-10-21 14:23:54,4.16,27300,4.15,U
sz000100,TCL科技,2025-10-21 14:24:03,4.16,52600,4.16,U
sz000100,TCL科技,2025-10-21 14:24:06,4.16,20200,4.16,U
sz000100,TCL科技,2025-10-21 14:24:09,4.16,41000,4.16,U
sz000100,TCL科技,2025-10-21 14:24:12,4.16,29800,4.16,U
sz000100,TCL科技,2025-10-21 14:24:15,4.16,27600,4.16,U
sz000100,TCL科技,2025-10-21 14:24:18,4.16,54500,4.16,U
sz000100,TCL科技,2025-10-21 14:24:21,4.16,40100,4.16,U
sz000100,TCL科技,2025-10-21 14:24:24,4.16,109300,4.16,U
sz000100,TCL科技,2025-10-21 14:24:30,4.16,83200,4.16,U
sz000100,TCL科技,2025-10-21 14:24:33,4.16,131200,4.16,U
sz000100,TCL科技,2025-10-21 14:24:36,4.16,105500,4.16,U
sz000100,TCL科技,2025-10-21 14:24:39,4.16,29700,4.16,U
sz000100,TCL科技,2025-10-21 14:24:42,4.16,41700,4.16,U
sz000100,TCL科技,2025-10-21 14:24:45,4.15,1095700,4.16,D
sz000100,TCL科技,2025-10-21 14:24:48,4.16,143900,4.15,U
sz000100,TCL科技,2025-10-21 14:24:51,4.16,20300,4.16,U
sz000100,TCL科技,2025-10-21 14:24:54,4.16,1047800,4.16,U
sz000100,TCL科技,2025-10-21 14:24:57,4.16,489700,4.16,U
sz000100,TCL科技,2025-10-21 14:25:00,4.16,1083348,4.16,U
sz000100,TCL科技,2025-10-21 14:25:03,4.17,252400,4.16,U
sz000100,TCL科技,2025-10-21 14:25:06,4.17,32100,4.17,U
sz000100,TCL科技,2025-10-21 14:25:12,4.16,24600,4.16,D
sz000100,TCL科技,2025-10-21 14:25:30,4.16,23500,4.17,D
sz000100,TCL科技,2025-10-21 14:25:45,4.16,82000,4.16,D
sz000100,TCL科技,2025-10-21 14:25:51,4.16,58300,4.16,D
sz000100,TCL科技,2025-10-21 14:26:00,4.17,32000,4.16,U
sz000100,TCL科技,2025-10-21 14:26:15,4.16,25210,4.16,D
sz000100,TCL科技,2025-10-21 14:26:33,4.17,53200,4.17,U
sz000100,TCL科技,2025-10-21 14:26:39,4.17,300100,4.17,U
sz000100,TCL科技,2025-10-21 14:26:42,4.16,53000,4.17,D
sz000100,TCL科技,2025-10-21 14:26:48,4.17,23400,4.17,U
sz000100,TCL科技,2025-10-21 14:26:51,4.17,54700,4.17,U
sz000100,TCL科技,2025-10-21 14:27:00,4.17,21500,4.16,U
sz000100,TCL科技,2025-10-21 14:27:03,4.16,20100,4.17,D
sz000100,TCL科技,2025-10-21 14:27:06,4.17,21500,4.16,U
sz000100,TCL科技,2025-10-21 14:27:18,4.16,38200,4.17,D
sz000100,TCL科技,2025-10-21 14:27:24,4.16,27600,4.16,D
sz000100,TCL科技,2025-10-21 14:27:27,4.16,28000,4.16,D
sz000100,TCL科技,2025-10-21 14:27:45,4.17,20500,4.16,U
sz000100,TCL科技,2025-10-21 14:27:51,4.16,21200,4.17,D
sz000100,TCL科技,2025-10-21 14:27:54,4.17,74000,4.16,U
sz000100,TCL科技,2025-10-21 14:27:57,4.17,94300,4.17,U
sz000100,TCL科技,2025-10-21 14:28:03,4.17,27000,4.17,U
sz000100,TCL科技,2025-10-21 14:28:12,4.17,44500,4.16,U
sz000100,TCL科技,2025-10-21 14:28:30,4.17,26300,4.17,U
sz000100,TCL科技,2025-10-21 14:28:33,4.16,34600,4.17,D
sz000100,TCL科技,2025-10-21 14:28:39,4.16,20600,4.16,D
sz000100,TCL科技,2025-10-21 14:28:48,4.16,23200,4.17,D
sz000100,TCL科技,2025-10-21 14:29:00,4.17,294520,4.16,U
sz000100,TCL科技,2025-10-21 14:29:03,4.17,56300,4.17,U
sz000100,TCL科技,2025-10-21 14:29:06,4.16,41900,4.17,D
sz000100,TCL科技,2025-10-21 14:29:12,4.17,22200,4.16,U
sz000100,TCL科技,2025-10-21 14:29:18,4.16,624800,4.16,D
sz000100,TCL科技,2025-10-21 14:29:21,4.16,90300,4.16,D
sz000100,TCL科技,2025-10-21 14:29:33,4.16,32600,4.16,D
sz000100,TCL科技,2025-10-21 14:29:42,4.17,50500,4.17,U
sz000100,TCL科技,2025-10-21 14:29:54,4.16,138400,4.16,D
sz000100,TCL科技,2025-10-21 14:29:57,4.16,34400,4.16,D
sz000100,TCL科技,2025-10-21 14:30:00,4.17,25600,4.16,U
sz000100,TCL科技,2025-10-21 14:30:03,4.16,41400,4.17,D
sz000100,TCL科技,2025-10-21 14:30:09,4.17,24000,4.16,U
sz000100,TCL科技,2025-10-21 14:30:21,4.16,28600,4.16,D
sz000100,TCL科技,2025-10-21 14:30:30,4.17,1094800,4.16,U
sz000100,TCL科技,2025-10-21 14:30:33,4.17,128500,4.17,U
sz000100,TCL科技,2025-10-21 14:30:51,4.16,21300,4.16,D
sz000100,TCL科技,2025-10-21 14:30:54,4.17,33700,4.16,U
sz000100,TCL科技,2025-10-21 14:31:09,4.16,27500,4.16,D
sz000100,TCL科技,2025-10-21 14:31:12,4.17,64100,4.16,U
sz000100,TCL科技,2025-10-21 14:31:18,4.16,28500,4.17,D
sz000100,TCL科技,2025-10-21 14:31:30,4.17,27200,4.16,U
sz000100,TCL科技,2025-10-21 14:31:36,4.16,36300,4.17,D
sz000100,TCL科技,2025-10-21 14:31:42,4.16,21600,4.16,D
sz000100,TCL科技,2025-10-21 14:31:45,4.16,162100,4.16,D
sz000100,TCL科技,2025-10-21 14:31:48,4.16,68600,4.16,D
sz000100,TCL科技,2025-10-21 14:31:51,4.16,21600,4.16,D
sz000100,TCL科技,2025-10-21 14:32:00,4.17,36200,4.17,U
sz000100,TCL科技,2025-10-21 14:32:21,4.16,21700,4.16,D
sz000100,TCL科技,2025-10-21 14:32:33,4.16,170300,4.16,D
sz000100,TCL科技,2025-10-21 14:32:36,4.16,31000,4.16,D
sz000100,TCL科技,2025-10-21 14:32:42,4.16,25700,4.16,D
sz000100,TCL科技,2025-10-21 14:32:45,4.17,24300,4.16,U
sz000100,TCL科技,2025-10-21 14:32:54,4.16,26400,4.16,D
sz000100,TCL科技,2025-10-21 14:32:57,4.16,1006500,4.16,D
sz000100,TCL科技,2025-10-21 14:33:00,4.16,122200,4.16,D
sz000100,TCL科技,2025-10-21 14:33:12,4.16,35200,4.17,D
sz000100,TCL科技,2025-10-21 14:33:15,4.16,37600,4.16,D
sz000100,TCL科技,2025-10-21 14:33:18,4.16,55900,4.16,D
sz000100,TCL科技,2025-10-21 14:33:27,4.16,24700,4.17,D
sz000100,TCL科技,2025-10-21 14:33:48,4.17,133100,4.16,U
sz000100,TCL科技,2025-10-21 14:33:51,4.16,24900,4.17,D
sz000100,TCL科技,2025-10-21 14:33:57,4.16,24000,4.16,D
sz000100,TCL科技,2025-10-21 14:34:00,4.16,49300,4.16,D
sz000100,TCL科技,2025-10-21 14:34:12,4.16,262200,4.16,D
sz000100,TCL科技,2025-10-21 14:34:18,4.16,53700,4.16,D
sz000100,TCL科技,2025-10-21 14:34:27,4.16,104170,4.17,D
sz000100,TCL科技,2025-10-21 14:34:33,4.17,51900,4.16,U
sz000100,TCL科技,2025-10-21 14:34:36,4.16,35700,4.17,D
sz000100,TCL科技,2025-10-21 14:34:48,4.16,37200,4.16,D
sz000100,TCL科技,2025-10-21 14:34:57,4.16,30600,4.16,D
sz000100,TCL科技,2025-10-21 14:35:00,4.16,165900,4.16,D
sz000100,TCL科技,2025-10-21 14:35:03,4.16,199200,4.16,D
sz000100,TCL科技,2025-10-21 14:35:06,4.16,53800,4.16,D
sz000100,TCL科技,2025-10-21 14:35:09,4.17,30200,4.16,U
sz000100,TCL科技,2025-10-21 14:35:15,4.16,55400,4.16,D
sz000100,TCL科技,2025-10-21 14:35:18,4.17,106500,4.16,U
sz000100,TCL科技,2025-10-21 14:35:21,4.16,33300,4.17,D
sz000100,TCL科技,2025-10-21 14:35:36,4.16,32000,4.17,D
sz000100,TCL科技,2025-10-21 14:35:42,4.16,22500,4.16,D
sz000100,TCL科技,2025-10-21 14:35:57,4.17,50100,4.16,U
sz000100,TCL科技,2025-10-21 14:36:15,4.17,29200,4.16,U
sz000100,TCL科技,2025-10-21 14:36:18,4.16,41000,4.17,D
sz000100,TCL科技,2025-10-21 14:36:36,4.17,330600,4.16,U
sz000100,TCL科技,2025-10-21 14:36:42,4.16,48900,4.17,D
sz000100,TCL科技,2025-10-21 14:36:51,4.16,34900,4.16,D
sz000100,TCL科技,2025-10-21 14:36:54,4.17,57500,4.16,U
sz000100,TCL科技,2025-10-21 14:37:06,4.17,32800,4.16,U
sz000100,TCL科技,2025-10-21 14:37:15,4.17,42000,4.16,U
sz000100,TCL科技,2025-10-21 14:37:18,4.17,20600,4.17,U
sz000100,TCL科技,2025-10-21 14:37:21,4.16,88000,4.17,D
sz000100,TCL科技,2025-10-21 14:37:24,4.17,46900,4.16,U
sz000100,TCL科技,2025-10-21 14:37:27,4.17,37900,4.17,U
sz000100,TCL科技,2025-10-21 14:37:30,4.17,58600,4.17,U
sz000100,TCL科技,2025-10-21 14:37:33,4.17,20700,4.17,U
sz000100,TCL科技,2025-10-21 14:37:39,4.17,27300,4.16,U
sz000100,TCL科技,2025-10-21 14:37:45,4.17,22600,4.17,U
sz000100,TCL科技,2025-10-21 14:37:54,4.16,33600,4.16,D
sz000100,TCL科技,2025-10-21 14:37:57,4.17,36100,4.16,U
sz000100,TCL科技,2025-10-21 14:38:18,4.16,67900,4.17,D
sz000100,TCL科技,2025-10-21 14:38:21,4.16,162300,4.16,D
sz000100,TCL科技,2025-10-21 14:38:24,4.17,58300,4.16,U
sz000100,TCL科技,2025-10-21 14:38:30,4.16,1001300,4.16,D
sz000100,TCL科技,2025-10-21 14:38:33,4.16,132200,4.16,D
sz000100,TCL科技,2025-10-21 14:38:42,4.17,23800,4.17,U
sz000100,TCL科技,2025-10-21 14:38:48,4.17,42600,4.16,U
sz000100,TCL科技,2025-10-21 14:38:51,4.16,131700,4.17,D
sz000100,TCL科技,2025-10-21 14:38:54,4.16,46900,4.16,D
sz000100,TCL科技,2025-10-21 14:38:57,4.16,79700,4.16,D
sz000100,TCL科技,2025-10-21 14:39:03,4.16,45400,4.16,D
sz000100,TCL科技,2025-10-21 14:39:06,4.16,22600,4.16,D
sz000100,TCL科技,2025-10-21 14:39:09,4.16,121700,4.16,D
sz000100,TCL科技,2025-10-21 14:39:15,4.17,511200,4.16,U
sz000100,TCL科技,2025-10-21 14:39:18,4.16,50600,4.17,D
sz000100,TCL科技,2025-10-21 14:39:21,4.16,22600,4.16,D
sz000100,TCL科技,2025-10-21 14:39:24,4.17,23800,4.16,U
sz000100,TCL科技,2025-10-21 14:39:42,4.16,23500,4.16,D
sz000100,TCL科技,2025-10-21 14:39:48,4.17,38900,4.17,U
sz000100,TCL科技,2025-10-21 14:39:51,4.16,28200,4.17,D
sz000100,TCL科技,2025-10-21 14:39:54,4.16,43100,4.16,D
sz000100,TCL科技,2025-10-21 14:40:00,4.16,66100,4.17,D
sz000100,TCL科技,2025-10-21 14:40:06,4.16,1003900,4.16,D
sz000100,TCL科技,2025-10-21 14:40:09,4.16,655400,4.16,D
sz000100,TCL科技,2025-10-21 14:40:12,4.16,584100,4.16,D
sz000100,TCL科技,2025-10-21 14:40:15,4.16,2019022,4.16,D
sz000100,TCL科技,2025-10-21 14:40:18,4.16,224200,4.16,U
sz000100,TCL科技,2025-10-21 14:40:27,4.15,20300,4.15,D
sz000100,TCL科技,2025-10-21 14:40:33,4.16,49800,4.16,U
sz000100,TCL科技,2025-10-21 14:40:45,4.15,75800,4.16,D
sz000100,TCL科技,2025-10-21 14:40:48,4.16,41100,4.15,U
sz000100,TCL科技,2025-10-21 14:40:54,4.16,40700,4.16,U
sz000100,TCL科技,2025-10-21 14:40:57,4.15,50800,4.16,D
sz000100,TCL科技,2025-10-21 14:41:00,4.15,21200,4.15,D
sz000100,TCL科技,2025-10-21 14:41:03,4.16,359900,4.15,U
sz000100,TCL科技,2025-10-21 14:41:06,4.16,296300,4.16,U
sz000100,TCL科技,2025-10-21 14:41:09,4.16,37600,4.16,U
sz000100,TCL科技,2025-10-21 14:41:12,4.16,1259600,4.16,U
sz000100,TCL科技,2025-10-21 14:41:15,4.17,232500,4.16,U
sz000100,TCL科技,2025-10-21 14:41:18,4.16,41100,4.17,D
sz000100,TCL科技,2025-10-21 14:41:21,4.16,29300,4.16,D
sz000100,TCL科技,2025-10-21 14:41:24,4.16,54600,4.16,D
sz000100,TCL科技,2025-10-21 14:41:30,4.17,28700,4.17,U
sz000100,TCL科技,2025-10-21 14:41:33,4.17,26000,4.17,U
sz000100,TCL科技,2025-10-21 14:41:36,4.17,110500,4.17,U
sz000100,TCL科技,2025-10-21 14:41:39,4.17,25800,4.17,U
sz000100,TCL科技,2025-10-21 14:41:42,4.16,68100,4.17,D
sz000100,TCL科技,2025-10-21 14:41:48,4.16,42200,4.17,D
sz000100,TCL科技,2025-10-21 14:41:57,4.16,33090,4.17,D
sz000100,TCL科技,2025-10-21 14:42:03,4.17,20400,4.17,U
sz000100,TCL科技,2025-10-21 14:42:09,4.16,27300,4.17,D
sz000100,TCL科技,2025-10-21 14:42:12,4.16,42640,4.16,D
sz000100,TCL科技,2025-10-21 14:42:15,4.17,82020,4.16,U
sz000100,TCL科技,2025-10-21 14:42:18,4.16,45900,4.17,D
sz000100,TCL科技,2025-10-21 14:42:24,4.16,933300,4.17,D
sz000100,TCL科技,2025-10-21 14:42:27,4.16,133400,4.16,D
sz000100,TCL科技,2025-10-21 14:42:30,4.16,150900,4.16,D
sz000100,TCL科技,2025-10-21 14:42:33,4.16,48100,4.16,D
sz000100,TCL科技,2025-10-21 14:42:36,4.16,33100,4.16,D
sz000100,TCL科技,2025-10-21 14:42:39,4.16,722550,4.16,D
sz000100,TCL科技,2025-10-21 14:42:42,4.16,121200,4.16,U
sz000100,TCL科技,2025-10-21 14:42:45,4.16,124800,4.16,U
sz000100,TCL科技,2025-10-21 14:42:48,4.16,38700,4.16,U
sz000100,TCL科技,2025-10-21 14:42:51,4.15,44400,4.16,D
sz000100,TCL科技,2025-10-21 14:43:00,4.16,589850,4.16,U
sz000100,TCL科技,2025-10-21 14:43:03,4.16,132700,4.16,D
sz000100,TCL科技,2025-10-21 14:43:18,4.16,53700,4.16,D
sz000100,TCL科技,2025-10-21 14:43:21,4.16,25500,4.16,D
sz000100,TCL科技,2025-10-21 14:43:27,4.16,20800,4.17,D
sz000100,TCL科技,2025-10-21 14:43:45,4.16,32900,4.16,D
sz000100,TCL科技,2025-10-21 14:43:54,4.17,64300,4.17,U
sz000100,TCL科技,2025-10-21 14:43:57,4.16,45800,4.17,D
sz000100,TCL科技,2025-10-21 14:44:00,4.16,84800,4.16,D
sz000100,TCL科技,2025-10-21 14:44:03,4.17,25800,4.16,U
sz000100,TCL科技,2025-10-21 14:44:06,4.16,54100,4.17,D
sz000100,TCL科技,2025-10-21 14:44:12,4.16,40300,4.17,D
sz000100,TCL科技,2025-10-21 14:44:15,4.16,645000,4.16,D
sz000100,TCL科技,2025-10-21 14:44:18,4.16,165200,4.16,D
sz000100,TCL科技,2025-10-21 14:44:24,4.16,64800,4.16,D
sz000100,TCL科技,2025-10-21 14:44:33,4.16,26100,4.16,D
sz000100,TCL科技,2025-10-21 14:44:36,4.16,21900,4.16,D
sz000100,TCL科技,2025-10-21 14:44:39,4.17,26500,4.16,U
sz000100,TCL科技,2025-10-21 14:44:42,4.17,40000,4.17,U
sz000100,TCL科技,2025-10-21 14:44:45,4.17,59700,4.17,U
sz000100,TCL科技,2025-10-21 14:44:48,4.16,205100,4.17,D
sz000100,TCL科技,2025-10-21 14:44:51,4.16,180900,4.16,D
sz000100,TCL科技,2025-10-21 14:44:54,4.16,378340,4.16,D
sz000100,TCL科技,2025-10-21 14:44:57,4.16,45900,4.16,U
sz000100,TCL科技,2025-10-21 14:45:00,4.16,23100,4.16,U
sz000100,TCL科技,2025-10-21 14:45:03,4.16,732660,4.16,U
sz000100,TCL科技,2025-10-21 14:45:06,4.16,91300,4.16,D
sz000100,TCL科技,2025-10-21 14:45:12,4.16,79500,4.16,D
sz000100,TCL科技,2025-10-21 14:45:18,4.16,30700,4.16,D
sz000100,TCL科技,2025-10-21 14:45:33,4.17,21200,4.17,U
sz000100,TCL科技,2025-10-21 14:45:36,4.16,51900,4.17,D
sz000100,TCL科技,2025-10-21 14:45:39,4.16,22800,4.16,D
sz000100,TCL科技,2025-10-21 14:45:42,4.17,40200,4.16,U
sz000100,TCL科技,2025-10-21 14:45:57,4.17,28600,4.17,U
sz000100,TCL科技,2025-10-21 14:46:00,4.16,148500,4.17,D
sz000100,TCL科技,2025-10-21 14:46:06,4.16,63500,4.16,D
sz000100,TCL科技,2025-10-21 14:46:09,4.17,41900,4.16,U
sz000100,TCL科技,2025-10-21 14:46:12,4.17,55300,4.17,U
sz000100,TCL科技,2025-10-21 14:46:18,4.16,22200,4.16,D
sz000100,TCL科技,2025-10-21 14:46:21,4.16,25200,4.16,D
sz000100,TCL科技,2025-10-21 14:46:27,4.16,34100,4.17,D
sz000100,TCL科技,2025-10-21 14:46:30,4.17,27700,4.16,U
sz000100,TCL科技,2025-10-21 14:46:33,4.16,1007900,4.17,D
sz000100,TCL科技,2025-10-21 14:46:36,4.16,848200,4.16,D
sz000100,TCL科技,2025-10-21 14:46:39,4.16,402300,4.16,D
sz000100,TCL科技,2025-10-21 14:46:42,4.16,38100,4.16,D
sz000100,TCL科技,2025-10-21 14:46:45,4.16,441700,4.16,D
sz000100,TCL科技,2025-10-21 14:46:48,4.16,41600,4.16,D
sz000100,TCL科技,2025-10-21 14:46:51,4.17,79100,4.16,U
sz000100,TCL科技,2025-10-21 14:46:54,4.17,113100,4.17,U
sz000100,TCL科技,2025-10-21 14:47:03,4.16,278500,4.17,D
sz000100,TCL科技,2025-10-21 14:47:06,4.16,56800,4.16,D
sz000100,TCL科技,2025-10-21 14:47:09,4.16,29300,4.16,D
sz000100,TCL科技,2025-10-21 14:47:12,4.17,35500,4.16,U
sz000100,TCL科技,2025-10-21 14:47:18,4.16,324500,4.16,D
sz000100,TCL科技,2025-10-21 14:47:21,4.17,73700,4.16,U
sz000100,TCL科技,2025-10-21 14:47:33,4.16,21600,4.16,D
sz000100,TCL科技,2025-10-21 14:47:39,4.16,51000,4.17,D
sz000100,TCL科技,2025-10-21 14:47:42,4.17,68300,4.16,U
sz000100,TCL科技,2025-10-21 14:47:45,4.16,206400,4.17,D
sz000100,TCL科技,2025-10-21 14:47:48,4.16,134100,4.16,D
sz000100,TCL科技,2025-10-21 14:47:51,4.17,72200,4.16,U
sz000100,TCL科技,2025-10-21 14:47:57,4.17,21237,4.16,U
sz000100,TCL科技,2025-10-21 14:48:00,4.16,33500,4.17,D
sz000100,TCL科技,2025-10-21 14:48:03,4.16,87100,4.16,D
sz000100,TCL科技,2025-10-21 14:48:06,4.17,29000,4.16,U
sz000100,TCL科技,2025-10-21 14:48:09,4.17,51300,4.17,U
sz000100,TCL科技,2025-10-21 14:48:12,4.16,25400,4.17,D
sz000100,TCL科技,2025-10-21 14:48:15,4.16,25300,4.16,D
sz000100,TCL科技,2025-10-21 14:48:18,4.17,34500,4.16,U
sz000100,TCL科技,2025-10-21 14:48:24,4.16,45700,4.17,D
sz000100,TCL科技,2025-10-21 14:48:27,4.16,1912103,4.16,D
sz000100,TCL科技,2025-10-21 14:48:30,4.16,217300,4.16,U
sz000100,TCL科技,2025-10-21 14:48:33,4.16,45000,4.16,U
sz000100,TCL科技,2025-10-21 14:48:36,4.16,23200,4.16,U
sz000100,TCL科技,2025-10-21 14:48:39,4.16,31700,4.16,U
sz000100,TCL科技,2025-10-21 14:48:42,4.16,22700,4.16,U
sz000100,TCL科技,2025-10-21 14:48:45,4.16,41220,4.16,U
sz000100,TCL科技,2025-10-21 14:49:09,4.16,133600,4.15,U
sz000100,TCL科技,2025-10-21 14:49:15,4.16,103200,4.15,U
sz000100,TCL科技,2025-10-21 14:49:18,4.15,46100,4.16,D
sz000100,TCL科技,2025-10-21 14:49:21,4.15,33000,4.15,D
sz000100,TCL科技,2025-10-21 14:49:24,4.15,43300,4.15,D
sz000100,TCL科技,2025-10-21 14:49:30,4.16,148700,4.16,U
sz000100,TCL科技,2025-10-21 14:49:33,4.15,36400,4.16,D
sz000100,TCL科技,2025-10-21 14:49:36,4.16,48500,4.15,U
sz000100,TCL科技,2025-10-21 14:49:48,4.15,22600,4.16,D
sz000100,TCL科技,2025-10-21 14:49:57,4.15,31600,4.16,D
sz000100,TCL科技,2025-10-21 14:50:00,4.15,22400,4.15,D
sz000100,TCL科技,2025-10-21 14:50:03,4.15,447700,4.15,D
sz000100,TCL科技,2025-10-21 14:50:09,4.15,118000,4.16,D
sz000100,TCL科技,2025-10-21 14:50:12,4.16,65200,4.15,U
sz000100,TCL科技,2025-10-21 14:50:15,4.16,65200,4.16,U
sz000100,TCL科技,2025-10-21 14:50:18,4.16,34700,4.16,U
sz000100,TCL科技,2025-10-21 14:50:21,4.16,32100,4.16,U
sz000100,TCL科技,2025-10-21 14:50:27,4.16,29900,4.15,U
sz000100,TCL科技,2025-10-21 14:50:30,4.15,34400,4.16,D
sz000100,TCL科技,2025-10-21 14:50:33,4.16,27600,4.15,U
sz000100,TCL科技,2025-10-21 14:50:48,4.16,49630,4.16,U
sz000100,TCL科技,2025-10-21 14:50:57,4.16,20700,4.15,U
sz000100,TCL科技,2025-10-21 14:51:03,4.15,85200,4.15,D
sz000100,TCL科技,2025-10-21 14:51:06,4.16,29900,4.15,U
sz000100,TCL科技,2025-10-21 14:51:09,4.16,20600,4.16,U
sz000100,TCL科技,2025-10-21 14:51:12,4.15,53900,4.16,D
sz000100,TCL科技,2025-10-21 14:51:18,4.16,25900,4.15,U
sz000100,TCL科技,2025-10-21 14:51:21,4.16,39100,4.16,U
sz000100,TCL科技,2025-10-21 14:51:24,4.16,28200,4.16,U
sz000100,TCL科技,2025-10-21 14:51:42,4.16,125460,4.16,U
sz000100,TCL科技,2025-10-21 14:51:45,4.16,20700,4.16,U
sz000100,TCL科技,2025-10-21 14:52:03,4.16,388500,4.16,U
sz000100,TCL科技,2025-10-21 14:52:06,4.16,223900,4.16,U
sz000100,TCL科技,2025-10-21 14:52:09,4.16,82700,4.16,U
sz000100,TCL科技,2025-10-21 14:52:12,4.16,57800,4.16,U
sz000100,TCL科技,2025-10-21 14:52:15,4.16,72600,4.16,U
sz000100,TCL科技,2025-10-21 14:52:24,4.16,27300,4.15,U
sz000100,TCL科技,2025-10-21 14:52:27,4.16,26700,4.16,U
sz000100,TCL科技,2025-10-21 14:52:30,4.16,20400,4.16,U
sz000100,TCL科技,2025-10-21 14:52:39,4.16,33700,4.16,U
sz000100,TCL科技,2025-10-21 14:52:45,4.16,88800,4.16,U
sz000100,TCL科技,2025-10-21 14:52:54,4.16,22500,4.15,U
sz000100,TCL科技,2025-10-21 14:53:03,4.15,221900,4.15,D
sz000100,TCL科技,2025-10-21 14:53:06,4.15,173800,4.15,D
sz000100,TCL科技,2025-10-21 14:53:09,4.15,48900,4.15,D
sz000100,TCL科技,2025-10-21 14:53:12,4.15,56200,4.15,D
sz000100,TCL科技,2025-10-21 14:53:18,4.15,51700,4.16,D
sz000100,TCL科技,2025-10-21 14:53:24,4.16,103800,4.15,U
sz000100,TCL科技,2025-10-21 14:53:27,4.16,520800,4.16,U
sz000100,TCL科技,2025-10-21 14:53:30,4.16,261610,4.16,U
sz000100,TCL科技,2025-10-21 14:53:33,4.16,83300,4.16,U
sz000100,TCL科技,2025-10-21 14:53:36,4.15,37300,4.16,D
sz000100,TCL科技,2025-10-21 14:53:39,4.16,32800,4.15,U
sz000100,TCL科技,2025-10-21 14:53:42,4.15,34500,4.16,D
sz000100,TCL科技,2025-10-21 14:53:45,4.16,46700,4.15,U
sz000100,TCL科技,2025-10-21 14:53:48,4.15,41400,4.16,D
sz000100,TCL科技,2025-10-21 14:53:57,4.16,1245400,4.16,U
sz000100,TCL科技,2025-10-21 14:54:00,4.16,317900,4.16,U
sz000100,TCL科技,2025-10-21 14:54:03,4.16,72000,4.16,U
sz000100,TCL科技,2025-10-21 14:54:06,4.15,47900,4.16,D
sz000100,TCL科技,2025-10-21 14:54:09,4.15,57800,4.15,D
sz000100,TCL科技,2025-10-21 14:54:12,4.15,28200,4.15,D
sz000100,TCL科技,2025-10-21 14:54:18,4.16,22200,4.15,U
sz000100,TCL科技,2025-10-21 14:54:21,4.16,42300,4.16,U
sz000100,TCL科技,2025-10-21 14:54:24,4.15,41200,4.16,D
sz000100,TCL科技,2025-10-21 14:54:30,4.16,37100,4.16,U
sz000100,TCL科技,2025-10-21 14:54:33,4.15,23500,4.16,D
sz000100,TCL科技,2025-10-21 14:54:36,4.16,23800,4.15,U
sz000100,TCL科技,2025-10-21 14:54:39,4.16,24700,4.16,U
sz000100,TCL科技,2025-10-21 14:54:42,4.16,105200,4.16,U
sz000100,TCL科技,2025-10-21 14:54:45,4.15,29900,4.16,D
sz000100,TCL科技,2025-10-21 14:54:48,4.16,39100,4.15,U
sz000100,TCL科技,2025-10-21 14:54:57,4.16,35000,4.16,U
sz000100,TCL科技,2025-10-21 14:55:00,4.15,48990,4.16,D
sz000100,TCL科技,2025-10-21 14:55:03,4.16,45900,4.15,U
sz000100,TCL科技,2025-10-21 14:55:06,4.16,202300,4.16,U
sz000100,TCL科技,2025-10-21 14:55:09,4.16,68700,4.16,U
sz000100,TCL科技,2025-10-21 14:55:12,4.16,70100,4.16,U
sz000100,TCL科技,2025-10-21 14:55:15,4.16,106100,4.16,U
sz000100,TCL科技,2025-10-21 14:55:18,4.15,47200,4.16,D
sz000100,TCL科技,2025-10-21 14:55:21,4.15,47600,4.15,D
sz000100,TCL科技,2025-10-21 14:55:24,4.16,27400,4.15,U
sz000100,TCL科技,2025-10-21 14:55:30,4.16,60700,4.16,U
sz000100,TCL科技,2025-10-21 14:55:33,4.16,28500,4.16,U
sz000100,TCL科技,2025-10-21 14:55:36,4.15,54400,4.16,D
sz000100,TCL科技,2025-10-21 14:55:39,4.15,37300,4.15,D
sz000100,TCL科技,2025-10-21 14:55:42,4.16,1741227,4.15,U
sz000100,TCL科技,2025-10-21 14:55:45,4.16,307900,4.16,U
sz000100,TCL科技,2025-10-21 14:55:51,4.16,102800,4.17,D
sz000100,TCL科技,2025-10-21 14:55:57,4.17,79200,4.16,U
sz000100,TCL科技,2025-10-21 14:56:00,4.16,23000,4.17,D
sz000100,TCL科技,2025-10-21 14:56:06,4.16,39300,4.16,D
sz000100,TCL科技,2025-10-21 14:56:09,4.16,49800,4.16,D
sz000100,TCL科技,2025-10-21 14:56:12,4.16,43300,4.16,D
sz000100,TCL科技,2025-10-21 14:56:15,4.16,54900,4.16,D
sz000100,TCL科技,2025-10-21 14:56:18,4.16,63500,4.16,D
sz000100,TCL科技,2025-10-21 14:56:21,4.17,36300,4.16,U
sz000100,TCL科技,2025-10-21 14:56:27,4.17,40400,4.17,U
sz000100,TCL科技,2025-10-21 14:56:30,4.17,31200,4.17,U
sz000100,TCL科技,2025-10-21 14:56:33,4.16,23200,4.17,D
sz000100,TCL科技,2025-10-21 14:56:36,4.16,60800,4.16,D
sz000100,TCL科技,2025-10-21 14:56:39,4.16,33500,4.16,D
sz000100,TCL科技,2025-10-21 14:56:42,4.16,77100,4.16,D
sz000100,TCL科技,2025-10-21 14:56:45,4.16,33500,4.16,D
sz000100,TCL科技,2025-10-21 14:56:48,4.16,56500,4.16,D
sz000100,TCL科技,2025-10-21 14:56:51,4.17,56700,4.16,U
sz000100,TCL科技,2025-10-21 14:56:54,4.16,101200,4.17,D
sz000100,TCL科技,2025-10-21 14:56:57,4.16,21600,4.16,D
sz000100,TCL科技,2025-10-21 14:57:00,4.16,37300,4.16,U
sz000100,TCL科技,2025-10-21 15:00:00,4.16,3016800,4.16,E
