symbol,name,ticktime,price,volume,prev_price,kind
sz000100,TCL科技,2025-10-24 09:25:00,4.19,797800,0.0,U
sz000100,TCL科技,2025-10-24 09:30:00,4.19,174800,4.19,U
sz000100,TCL科技,2025-10-24 09:30:03,4.2,893151,4.19,U
sz000100,TCL科技,2025-10-24 09:30:06,4.19,671240,4.2,D
sz000100,TCL科技,2025-10-24 09:30:09,4.19,343600,4.19,D
sz000100,TCL科技,2025-10-24 09:30:12,4.2,84200,4.19,U
sz000100,TCL科技,2025-10-24 09:30:15,4.2,112600,4.2,U
sz000100,TCL科技,2025-10-24 09:30:18,4.2,144800,4.2,U
sz000100,TCL科技,2025-10-24 09:30:24,4.2,32900,4.2,U
sz000100,TCL科技,2025-10-24 09:30:27,4.2,71000,4.2,U
sz000100,TCL科技,2025-10-24 09:30:30,4.2,38200,4.2,U
sz000100,TCL科技,2025-10-24 09:30:33,4.2,27300,4.2,U
sz000100,TCL科技,2025-10-24 09:30:36,4.19,93100,4.2,D
sz000100,TCL科技,2025-10-24 09:30:39,4.2,36300,4.19,U
sz000100,TCL科技,2025-10-24 09:30:42,4.19,1001600,4.2,D
sz000100,TCL科技,2025-10-24 09:30:45,4.2,487400,4.19,U
sz000100,TCL科技,2025-10-24 09:30:48,4.21,71100,4.2,U
sz000100,TCL科技,2025-10-24 09:30:51,4.21,2919200,4.21,U
sz000100,TCL科技,2025-10-24 09:30:54,4.22,94700,4.21,U
sz000100,TCL科技,2025-10-24 09:30:57,4.21,25000,4.22,D
sz000100,TCL科技,2025-10-24 09:31:00,4.22,121500,4.21,U
sz000100,TCL科技,2025-10-24 09:31:03,4.22,332200,4.22,U
sz000100,TCL科技,2025-10-24 09:31:06,4.21,148500,4.22,D
sz000100,TCL科技,2025-10-24 09:31:09,4.21,1249300,4.21,D
sz000100,TCL科技,2025-10-24 09:31:12,4.21,79900,4.21,U
sz000100,TCL科技,2025-10-24 09:31:15,4.21,63600,4.21,U
sz000100,TCL科技,2025-10-24 09:31:18,4.21,51500,4.21,U
sz000100,TCL科技,2025-10-24 09:31:21,4.2,28440,4.21,D
sz000100,TCL科技,2025-10-24 09:31:24,4.21,56100,4.2,U
sz000100,TCL科技,2025-10-24 09:31:27,4.2,71800,4.21,D
sz000100,TCL科技,2025-10-24 09:31:30,4.21,32300,4.2,U
sz000100,TCL科技,2025-10-24 09:31:33,4.21,638800,4.21,U
sz000100,TCL科技,2025-10-24 09:31:36,4.21,66200,4.21,U
sz000100,TCL科技,2025-10-24 09:31:39,4.2,45700,4.21,D
sz000100,TCL科技,2025-10-24 09:31:42,4.21,39800,4.2,U
sz000100,TCL科技,2025-10-24 09:31:57,4.21,57000,4.2,U
sz000100,TCL科技,2025-10-24 09:32:03,4.21,34700,4.2,U
sz000100,TCL科技,2025-10-24 09:32:06,4.21,92700,4.21,U
sz000100,TCL科技,2025-10-24 09:32:09,4.21,316500,4.21,U
sz000100,TCL科技,2025-10-24 09:32:12,4.21,64300,4.21,U
sz000100,TCL科技,2025-10-24 09:32:15,4.21,99600,4.21,U
sz000100,TCL科技,2025-10-24 09:32:18,4.21,117900,4.21,U
sz000100,TCL科技,2025-10-24 09:32:24,4.2,50300,4.21,D
sz000100,TCL科技,2025-10-24 09:32:27,4.21,27500,4.2,U
sz000100,TCL科技,2025-10-24 09:32:30,4.21,27600,4.21,U
sz000100,TCL科技,2025-10-24 09:32:33,4.21,31100,4.21,U
sz000100,TCL科技,2025-10-24 09:32:36,4.21,87100,4.21,U
sz000100,TCL科技,2025-10-24 09:32:39,4.21,23100,4.21,U
sz000100,TCL科技,2025-10-24 09:32:42,4.21,33200,4.21,U
sz000100,TCL科技,2025-10-24 09:32:45,4.21,24300,4.21,U
sz000100,TCL科技,2025-10-24 09:32:48,4.2,69300,4.21,D
sz000100,TCL科技,2025-10-24 09:32:51,4.21,271900,4.2,U
sz000100,TCL科技,2025-10-24 09:32:54,4.21,665000,4.21,U
sz000100,TCL科技,2025-10-24 09:32:57,4.21,91200,4.21,U
sz000100,TCL科技,2025-10-24 09:33:00,4.21,72000,4.21,U
sz000100,TCL科技,2025-10-24 09:33:03,4.2,192100,4.21,D
sz000100,TCL科技,2025-10-24 09:33:06,4.21,446300,4.2,U
sz000100,TCL科技,2025-10-24 09:33:09,4.21,316700,4.21,U
sz000100,TCL科技,2025-10-24 09:33:12,4.21,81900,4.21,U
sz000100,TCL科技,2025-10-24 09:33:15,4.21,62700,4.21,U
sz000100,TCL科技,2025-10-24 09:33:18,4.21,29400,4.21,U
sz000100,TCL科技,2025-10-24 09:33:24,4.2,131600,4.2,D
sz000100,TCL科技,2025-10-24 09:33:27,4.21,20100,4.2,U
sz000100,TCL科技,2025-10-24 09:33:30,4.21,55200,4.21,U
sz000100,TCL科技,2025-10-24 09:33:33,4.2,94900,4.21,D
sz000100,TCL科技,2025-10-24 09:33:36,4.2,21100,4.2,D
sz000100,TCL科技,2025-10-24 09:33:39,4.2,429500,4.2,D
sz000100,TCL科技,2025-10-24 09:33:42,4.21,94700,4.2,U
sz000100,TCL科技,2025-10-24 09:33:45,4.2,59700,4.21,D
sz000100,TCL科技,2025-10-24 09:33:48,4.21,69700,4.2,U
sz000100,TCL科技,2025-10-24 09:33:51,4.21,74900,4.21,U
sz000100,TCL科技,2025-10-24 09:33:54,4.21,149600,4.21,U
sz000100,TCL科技,2025-10-24 09:33:57,4.21,32000,4.21,U
sz000100,TCL科技,2025-10-24 09:34:03,4.21,114100,4.2,U
sz000100,TCL科技,2025-10-24 09:34:06,4.21,260300,4.21,U
sz000100,TCL科技,2025-10-24 09:34:09,4.21,22600,4.21,U
sz000100,TCL科技,2025-10-24 09:34:12,4.2,73900,4.21,D
sz000100,TCL科技,2025-10-24 09:34:15,4.21,50200,4.2,U
sz000100,TCL科技,2025-10-24 09:34:27,4.21,36000,4.21,U
sz000100,TCL科技,2025-10-24 09:34:30,4.21,46900,4.21,U
sz000100,TCL科技,2025-10-24 09:34:36,4.21,21900,4.2,U
sz000100,TCL科技,2025-10-24 09:34:39,4.21,58100,4.21,U
sz000100,TCL科技,2025-10-24 09:34:51,4.21,40800,4.2,U
sz000100,TCL科技,2025-10-24 09:34:57,4.21,36800,4.2,U
sz000100,TCL科技,2025-10-24 09:35:03,4.21,34900,4.21,U
sz000100,TCL科技,2025-10-24 09:35:06,4.21,80300,4.21,U
sz000100,TCL科技,2025-10-24 09:35:09,4.21,20500,4.21,U
sz000100,TCL科技,2025-10-24 09:35:12,4.2,107800,4.21,D
sz000100,TCL科技,2025-10-24 09:35:18,4.21,57500,4.21,U
sz000100,TCL科技,2025-10-24 09:35:21,4.2,127600,4.21,D
sz000100,TCL科技,2025-10-24 09:35:30,4.21,22500,4.21,U
sz000100,TCL科技,2025-10-24 09:35:36,4.21,35000,4.21,U
sz000100,TCL科技,2025-10-24 09:35:39,4.21,53900,4.21,U
sz000100,TCL科技,2025-10-24 09:35:42,4.2,34300,4.21,D
sz000100,TCL科技,2025-10-24 09:35:45,4.2,298800,4.2,D
sz000100,TCL科技,2025-10-24 09:35:51,4.21,23000,4.2,U
sz000100,TCL科技,2025-10-24 09:35:54,4.2,118000,4.21,D
sz000100,TCL科技,2025-10-24 09:36:03,4.2,407600,4.2,D
sz000100,TCL科技,2025-10-24 09:36:06,4.2,56610,4.2,D
sz000100,TCL科技,2025-10-24 09:36:09,4.2,87700,4.2,D
sz000100,TCL科技,2025-10-24 09:36:12,4.21,85000,4.2,U
sz000100,TCL科技,2025-10-24 09:36:15,4.21,223000,4.21,U
sz000100,TCL科技,2025-10-24 09:36:18,4.2,153400,4.21,D
sz000100,TCL科技,2025-10-24 09:36:24,4.21,44300,4.2,U
sz000100,TCL科技,2025-10-24 09:36:27,4.2,76700,4.21,D
sz000100,TCL科技,2025-10-24 09:36:30,4.2,166500,4.2,D
sz000100,TCL科技,2025-10-24 09:36:33,4.2,89500,4.2,D
sz000100,TCL科技,2025-10-24 09:36:36,4.2,3048290,4.2,D
sz000100,TCL科技,2025-10-24 09:36:39,4.2,364300,4.2,U
sz000100,TCL科技,2025-10-24 09:36:42,4.2,28200,4.2,U
sz000100,TCL科技,2025-10-24 09:36:45,4.2,46400,4.2,U
sz000100,TCL科技,2025-10-24 09:36:54,4.2,43300,4.19,U
sz000100,TCL科技,2025-10-24 09:36:57,4.2,24700,4.2,U
sz000100,TCL科技,2025-10-24 09:37:03,4.2,27500,4.2,U
sz000100,TCL科技,2025-10-24 09:37:06,4.2,54500,4.2,U
sz000100,TCL科技,2025-10-24 09:37:09,4.2,3441410,4.2,U
sz000100,TCL科技,2025-10-24 09:37:12,4.2,583900,4.2,D
sz000100,TCL科技,2025-10-24 09:37:15,4.2,23400,4.2,D
sz000100,TCL科技,2025-10-24 09:37:18,4.21,223900,4.2,U
sz000100,TCL科技,2025-10-24 09:37:21,4.21,131600,4.21,U
sz000100,TCL科技,2025-10-24 09:37:24,4.2,224800,4.21,D
sz000100,TCL科技,2025-10-24 09:37:27,4.2,45200,4.2,D
sz000100,TCL科技,2025-10-24 09:37:33,4.2,30100,4.21,D
sz000100,TCL科技,2025-10-24 09:37:36,4.21,26800,4.2,U
sz000100,TCL科技,2025-10-24 09:37:39,4.2,1108400,4.21,D
sz000100,TCL科技,2025-10-24 09:37:42,4.21,34200,4.2,U
sz000100,TCL科技,2025-10-24 09:37:48,4.21,24500,4.21,U
sz000100,TCL科技,2025-10-24 09:37:51,4.2,99800,4.21,D
sz000100,TCL科技,2025-10-24 09:38:00,4.21,66700,4.21,U
sz000100,TCL科技,2025-10-24 09:38:03,4.2,1132600,4.21,D
sz000100,TCL科技,2025-10-24 09:38:06,4.21,49400,4.2,U
sz000100,TCL科技,2025-10-24 09:38:09,4.21,1278200,4.21,U
sz000100,TCL科技,2025-10-24 09:38:12,4.2,133000,4.21,D
sz000100,TCL科技,2025-10-24 09:38:21,4.2,22700,4.2,D
sz000100,TCL科技,2025-10-24 09:38:24,4.2,52500,4.2,D
sz000100,TCL科技,2025-10-24 09:38:27,4.2,36500,4.2,D
sz000100,TCL科技,2025-10-24 09:38:36,4.2,75300,4.21,D
sz000100,TCL科技,2025-10-24 09:38:39,4.2,1069800,4.2,D
sz000100,TCL科技,2025-10-24 09:38:42,4.2,214200,4.2,D
sz000100,TCL科技,2025-10-24 09:38:45,4.2,34800,4.2,D
sz000100,TCL科技,2025-10-24 09:38:48,4.2,1080900,4.2,D
sz000100,TCL科技,2025-10-24 09:38:51,4.21,43600,4.2,U
sz000100,TCL科技,2025-10-24 09:38:54,4.2,112900,4.21,D
sz000100,TCL科技,2025-10-24 09:38:57,4.21,94900,4.2,U
sz000100,TCL科技,2025-10-24 09:39:00,4.21,57500,4.21,U
sz000100,TCL科技,2025-10-24 09:39:03,4.21,509500,4.21,U
sz000100,TCL科技,2025-10-24 09:39:06,4.21,43100,4.21,U
sz000100,TCL科技,2025-10-24 09:39:09,4.21,83400,4.21,U
sz000100,TCL科技,2025-10-24 09:39:15,4.2,74900,4.2,D
sz000100,TCL科技,2025-10-24 09:39:18,4.2,137800,4.2,D
sz000100,TCL科技,2025-10-24 09:39:21,4.2,40000,4.2,D
sz000100,TCL科技,2025-10-24 09:39:24,4.2,39200,4.2,D
sz000100,TCL科技,2025-10-24 09:39:27,4.2,71500,4.2,D
sz000100,TCL科技,2025-10-24 09:39:30,4.2,1303000,4.2,D
sz000100,TCL科技,2025-10-24 09:39:33,4.2,37800,4.2,D
sz000100,TCL科技,2025-10-24 09:39:36,4.2,542100,4.2,D
sz000100,TCL科技,2025-10-24 09:39:39,4.2,139400,4.2,U
sz000100,TCL科技,2025-10-24 09:39:42,4.19,79600,4.2,D
sz000100,TCL科技,2025-10-24 09:39:45,4.19,23400,4.19,D
sz000100,TCL科技,2025-10-24 09:39:48,4.2,61000,4.19,U
sz000100,TCL科技,2025-10-24 09:39:51,4.2,26400,4.2,U
sz000100,TCL科技,2025-10-24 09:39:54,4.2,479800,4.2,U
sz000100,TCL科技,2025-10-24 09:39:57,4.21,108800,4.2,U
sz000100,TCL科技,2025-10-24 09:40:00,4.2,152400,4.21,D
sz000100,TCL科技,2025-10-24 09:40:03,4.2,54300,4.2,U
sz000100,TCL科技,2025-10-24 09:40:06,4.19,103400,4.2,D
sz000100,TCL科技,2025-10-24 09:40:09,4.2,32100,4.19,U
sz000100,TCL科技,2025-10-24 09:40:18,4.2,279400,4.2,U
sz000100,TCL科技,2025-10-24 09:40:21,4.2,29800,4.2,U
sz000100,TCL科技,2025-10-24 09:40:24,4.2,34400,4.2,U
sz000100,TCL科技,2025-10-24 09:40:30,4.2,219700,4.2,U
sz000100,TCL科技,2025-10-24 09:40:42,4.2,188600,4.2,U
sz000100,TCL科技,2025-10-24 09:40:45,4.2,63400,4.2,U
sz000100,TCL科技,2025-10-24 09:40:48,4.19,24400,4.2,D
sz000100,TCL科技,2025-10-24 09:40:51,4.2,42500,4.19,U
sz000100,TCL科技,2025-10-24 09:41:18,4.2,24100,4.2,U
sz000100,TCL科技,2025-10-24 09:41:24,4.2,51500,4.19,U
sz000100,TCL科技,2025-10-24 09:41:33,4.2,99900,4.19,U
sz000100,TCL科技,2025-10-24 09:41:39,4.2,37900,4.2,U
sz000100,TCL科技,2025-10-24 09:41:48,4.19,143300,4.2,D
sz000100,TCL科技,2025-10-24 09:41:51,4.2,65200,4.19,U
sz000100,TCL科技,2025-10-24 09:42:00,4.2,87800,4.2,U
sz000100,TCL科技,2025-10-24 09:42:18,4.2,62900,4.19,U
sz000100,TCL科技,2025-10-24 09:42:27,4.19,20400,4.19,D
sz000100,TCL科技,2025-10-24 09:42:39,4.2,61900,4.2,U
sz000100,TCL科技,2025-10-24 09:42:57,4.19,154200,4.2,D
sz000100,TCL科技,2025-10-24 09:43:03,4.2,388200,4.2,U
sz000100,TCL科技,2025-10-24 09:43:06,4.2,38700,4.2,U
sz000100,TCL科技,2025-10-24 09:43:09,4.2,113400,4.2,U
sz000100,TCL科技,2025-10-24 09:43:12,4.19,20400,4.2,D
sz000100,TCL科技,2025-10-24 09:43:18,4.2,65600,4.2,U
sz000100,TCL科技,2025-10-24 09:43:21,4.19,25730,4.2,D
sz000100,TCL科技,2025-10-24 09:43:39,4.19,21700,4.2,D
sz000100,TCL科技,2025-10-24 09:43:42,4.2,68000,4.19,U
sz000100,TCL科技,2025-10-24 09:43:51,4.2,23700,4.2,U
sz000100,TCL科技,2025-10-24 09:44:00,4.2,30600,4.19,U
sz000100,TCL科技,2025-10-24 09:44:06,4.2,20100,4.2,U
sz000100,TCL科技,2025-10-24 09:44:09,4.2,46100,4.2,U
sz000100,TCL科技,2025-10-24 09:44:15,4.2,28000,4.2,U
sz000100,TCL科技,2025-10-24 09:44:24,4.2,27800,4.19,U
sz000100,TCL科技,2025-10-24 09:44:27,4.19,44400,4.2,D
sz000100,TCL科技,2025-10-24 09:44:39,4.2,23900,4.2,U
sz000100,TCL科技,2025-10-24 09:44:57,4.2,43600,4.2,U
sz000100,TCL科技,2025-10-24 09:45:00,4.2,22900,4.2,U
sz000100,TCL科技,2025-10-24 09:45:03,4.2,47500,4.2,U
sz000100,TCL科技,2025-10-24 09:45:09,4.2,26200,4.2,U
sz000100,TCL科技,2025-10-24 09:45:12,4.2,25900,4.2,U
sz000100,TCL科技,2025-10-24 09:45:21,4.2,41800,4.2,U
sz000100,TCL科技,2025-10-24 09:45:24,4.2,25100,4.2,U
sz000100,TCL科技,2025-10-24 09:45:27,4.19,75900,4.2,D
sz000100,TCL科技,2025-10-24 09:45:30,4.2,149500,4.19,U
sz000100,TCL科技,2025-10-24 09:45:33,4.2,109200,4.2,U
sz000100,TCL科技,2025-10-24 09:45:36,4.2,109300,4.2,U
sz000100,TCL科技,2025-10-24 09:45:39,4.2,69500,4.2,U
sz000100,TCL科技,2025-10-24 09:45:42,4.2,46900,4.2,U
sz000100,TCL科技,2025-10-24 09:45:45,4.2,60400,4.2,U
sz000100,TCL科技,2025-10-24 09:45:48,4.2,29800,4.2,U
sz000100,TCL科技,2025-10-24 09:45:57,4.2,20400,4.2,U
sz000100,TCL科技,2025-10-24 09:46:15,4.19,43800,4.2,D
sz000100,TCL科技,2025-10-24 09:46:18,4.2,27100,4.19,U
sz000100,TCL科技,2025-10-24 09:46:27,4.19,28400,4.2,D
sz000100,TCL科技,2025-10-24 09:46:30,4.19,33800,4.19,D
sz000100,TCL科技,2025-10-24 09:46:33,4.2,37000,4.19,U
sz000100,TCL科技,2025-10-24 09:46:42,4.2,75600,4.2,U
sz000100,TCL科技,2025-10-24 09:46:45,4.19,46100,4.2,D
sz000100,TCL科技,2025-10-24 09:46:54,4.19,65900,4.19,D
sz000100,TCL科技,2025-10-24 09:47:00,4.2,22800,4.19,U
sz000100,TCL科技,2025-10-24 09:47:12,4.2,22000,4.2,U
sz000100,TCL科技,2025-10-24 09:47:39,4.2,87100,4.2,U
sz000100,TCL科技,2025-10-24 09:47:42,4.19,24600,4.2,D
sz000100,TCL科技,2025-10-24 09:47:48,4.2,23500,4.2,U
sz000100,TCL科技,2025-10-24 09:47:57,4.19,26900,4.2,D
sz000100,TCL科技,2025-10-24 09:48:00,4.19,63100,4.19,D
sz000100,TCL科技,2025-10-24 09:48:03,4.2,37700,4.19,U
sz000100,TCL科技,2025-10-24 09:48:09,4.2,36100,4.2,U
sz000100,TCL科技,2025-10-24 09:48:12,4.2,172300,4.2,U
sz000100,TCL科技,2025-10-24 09:48:24,4.2,37600,4.19,U
sz000100,TCL科技,2025-10-24 09:48:27,4.19,70600,4.2,D
sz000100,TCL科技,2025-10-24 09:48:30,4.2,133700,4.19,U
sz000100,TCL科技,2025-10-24 09:48:36,4.2,21100,4.2,U
sz000100,TCL科技,2025-10-24 09:48:51,4.2,627100,4.2,U
sz000100,TCL科技,2025-10-24 09:48:54,4.19,26800,4.2,D
sz000100,TCL科技,2025-10-24 09:48:57,4.2,505600,4.19,U
sz000100,TCL科技,2025-10-24 09:49:00,4.19,96200,4.2,D
sz000100,TCL科技,2025-10-24 09:49:03,4.19,65300,4.19,D
sz000100,TCL科技,2025-10-24 09:49:09,4.2,31000,4.2,U
sz000100,TCL科技,2025-10-24 09:49:15,4.2,328600,4.2,U
sz000100,TCL科技,2025-10-24 09:49:18,4.19,25900,4.2,D
sz000100,TCL科技,2025-10-24 09:49:27,4.19,26700,4.19,D
sz000100,TCL科技,2025-10-24 09:49:33,4.2,22100,4.2,U
sz000100,TCL科技,2025-10-24 09:49:36,4.2,27700,4.2,U
sz000100,TCL科技,2025-10-24 09:49:42,4.2,26900,4.2,U
sz000100,TCL科技,2025-10-24 09:49:45,4.2,323400,4.2,U
sz000100,TCL科技,2025-10-24 09:50:03,4.19,99800,4.2,D
sz000100,TCL科技,2025-10-24 09:50:09,4.19,26900,4.2,D
sz000100,TCL科技,2025-10-24 09:50:12,4.19,307300,4.19,D
sz000100,TCL科技,2025-10-24 09:50:18,4.2,36000,4.19,U
sz000100,TCL科技,2025-10-24 09:50:30,4.19,52300,4.2,D
sz000100,TCL科技,2025-10-24 09:50:33,4.2,21200,4.19,U
sz000100,TCL科技,2025-10-24 09:50:36,4.2,4893012,4.2,U
sz000100,TCL科技,2025-10-24 09:50:39,4.2,24700,4.2,D
sz000100,TCL科技,2025-10-24 09:50:48,4.2,20200,4.21,D
sz000100,TCL科技,2025-10-24 09:50:51,4.21,64800,4.2,U
sz000100,TCL科技,2025-10-24 09:50:57,4.21,25800,4.21,U
sz000100,TCL科技,2025-10-24 09:51:06,4.21,47300,4.2,U
sz000100,TCL科技,2025-10-24 09:51:12,4.2,62600,4.2,D
sz000100,TCL科技,2025-10-24 09:51:21,4.2,25800,4.2,D
sz000100,TCL科技,2025-10-24 09:51:33,4.2,69700,4.21,D
sz000100,TCL科技,2025-10-24 09:51:48,4.21,27400,4.2,U
sz000100,TCL科技,2025-10-24 09:51:54,4.2,43700,4.21,D
sz000100,TCL科技,2025-10-24 09:52:00,4.2,3101188,4.2,D
sz000100,TCL科技,2025-10-24 09:52:03,4.2,53000,4.2,U
sz000100,TCL科技,2025-10-24 09:52:09,4.2,41600,4.2,U
sz000100,TCL科技,2025-10-24 09:52:12,4.2,85900,4.2,U
sz000100,TCL科技,2025-10-24 09:52:15,4.19,25600,4.2,D
sz000100,TCL科技,2025-10-24 09:52:21,4.2,22400,4.19,U
sz000100,TCL科技,2025-10-24 09:52:36,4.2,64210,4.2,U
sz000100,TCL科技,2025-10-24 09:53:09,4.2,31700,4.2,U
sz000100,TCL科技,2025-10-24 09:53:21,4.2,26800,4.2,U
sz000100,TCL科技,2025-10-24 09:53:30,4.2,24500,4.2,U
sz000100,TCL科技,2025-10-24 09:53:36,4.2,154900,4.2,U
sz000100,TCL科技,2025-10-24 09:53:39,4.2,24200,4.2,U
sz000100,TCL科技,2025-10-24 09:53:45,4.2,106700,4.2,U
sz000100,TCL科技,2025-10-24 09:53:48,4.19,34000,4.2,D
sz000100,TCL科技,2025-10-24 09:54:00,4.2,154300,4.2,U
sz000100,TCL科技,2025-10-24 09:54:09,4.2,57600,4.2,U
sz000100,TCL科技,2025-10-24 09:54:18,4.2,78000,4.19,U
sz000100,TCL科技,2025-10-24 09:54:24,4.2,43800,4.2,U
sz000100,TCL科技,2025-10-24 09:54:36,4.2,50500,4.2,U
sz000100,TCL科技,2025-10-24 09:54:39,4.2,22900,4.2,U
sz000100,TCL科技,2025-10-24 09:54:42,4.2,56500,4.2,U
sz000100,TCL科技,2025-10-24 09:54:57,4.19,470300,4.19,D
sz000100,TCL科技,2025-10-24 09:55:18,4.19,23800,4.2,D
sz000100,TCL科技,2025-10-24 09:55:33,4.19,27500,4.19,D
sz000100,TCL科技,2025-10-24 09:55:48,4.2,24600,4.2,U
sz000100,TCL科技,2025-10-24 09:55:57,4.19,82400,4.2,D
sz000100,TCL科技,2025-10-24 09:56:03,4.2,23000,4.2,U
sz000100,TCL科技,2025-10-24 09:56:09,4.2,22100,4.2,U
sz000100,TCL科技,2025-10-24 09:56:27,4.2,35400,4.2,U
sz000100,TCL科技,2025-10-24 09:56:42,4.19,34200,4.2,D
sz000100,TCL科技,2025-10-24 09:56:57,4.2,22400,4.2,U
sz000100,TCL科技,2025-10-24 09:57:18,4.2,26400,4.19,U
sz000100,TCL科技,2025-10-24 09:57:24,4.19,23400,4.2,D
sz000100,TCL科技,2025-10-24 09:57:45,4.2,23900,4.2,U
sz000100,TCL科技,2025-10-24 09:57:54,4.2,25900,4.2,U
sz000100,TCL科技,2025-10-24 09:58:06,4.19,58500,4.2,D
sz000100,TCL科技,2025-10-24 09:58:18,4.2,32800,4.19,U
sz000100,TCL科技,2025-10-24 09:58:21,4.19,71200,4.2,D
sz000100,TCL科技,2025-10-24 09:58:27,4.2,23200,4.19,U
sz000100,TCL科技,2025-10-24 09:58:33,4.2,25600,4.19,U
sz000100,TCL科技,2025-10-24 09:58:45,4.19,47800,4.19,D
sz000100,TCL科技,2025-10-24 09:58:57,4.19,20100,4.19,D
sz000100,TCL科技,2025-10-24 09:59:03,4.2,51500,4.19,U
sz000100,TCL科技,2025-10-24 09:59:06,4.2,28000,4.2,U
sz000100,TCL科技,2025-10-24 09:59:09,4.2,44900,4.2,U
sz000100,TCL科技,2025-10-24 09:59:12,4.19,85400,4.2,D
sz000100,TCL科技,2025-10-24 09:59:27,4.19,74600,4.19,D
sz000100,TCL科技,2025-10-24 09:59:42,4.19,38800,4.2,D
sz000100,TCL科技,2025-10-24 09:59:51,4.19,31300,4.2,D
sz000100,TCL科技,2025-10-24 09:59:54,4.19,24930,4.19,D
sz000100,TCL科技,2025-10-24 09:59:57,4.2,24500,4.19,U
sz000100,TCL科技,2025-10-24 10:00:21,4.19,30100,4.2,D
sz000100,TCL科技,2025-10-24 10:00:27,4.19,38100,4.19,D
sz000100,TCL科技,2025-10-24 10:00:30,4.2,30700,4.19,U
sz000100,TCL科技,2025-10-24 10:00:33,4.19,8005090,4.2,D
sz000100,TCL科技,2025-10-24 10:00:36,4.19,113600,4.19,U
sz000100,TCL科技,2025-10-24 10:00:39,4.19,56900,4.19,U
sz000100,TCL科技,2025-10-24 10:00:54,4.19,20600,4.19,U
sz000100,TCL科技,2025-10-24 10:01:00,4.19,51700,4.19,U
sz000100,TCL科技,2025-10-24 10:01:06,4.19,45700,4.19,U
sz000100,TCL科技,2025-10-24 10:01:09,4.18,76900,4.19,D
sz000100,TCL科技,2025-10-24 10:01:45,4.18,22500,4.19,D
sz000100,TCL科技,2025-10-24 10:01:48,4.19,268400,4.18,U
sz000100,TCL科技,2025-10-24 10:01:51,4.19,23800,4.19,U
sz000100,TCL科技,2025-10-24 10:02:00,4.19,33200,4.18,U
sz000100,TCL科技,2025-10-24 10:02:21,4.19,25000,4.19,U
sz000100,TCL科技,2025-10-24 10:02:27,4.18,64600,4.19,D
sz000100,TCL科技,2025-10-24 10:02:30,4.18,31300,4.18,D
sz000100,TCL科技,2025-10-24 10:02:33,4.18,512300,4.18,D
sz000100,TCL科技,2025-10-24 10:02:36,4.19,113800,4.18,U
sz000100,TCL科技,2025-10-24 10:02:42,4.19,31500,4.19,U
sz000100,TCL科技,2025-10-24 10:02:48,4.18,28900,4.19,D
sz000100,TCL科技,2025-10-24 10:02:51,4.18,25400,4.18,D
sz000100,TCL科技,2025-10-24 10:03:18,4.19,31000,4.18,U
sz000100,TCL科技,2025-10-24 10:03:51,4.18,26900,4.19,D
sz000100,TCL科技,2025-10-24 10:04:00,4.19,535300,4.18,U
sz000100,TCL科技,2025-10-24 10:04:06,4.19,41600,4.19,U
sz000100,TCL科技,2025-10-24 10:04:12,4.19,45500,4.19,U
sz000100,TCL科技,2025-10-24 10:04:15,4.18,20620,4.19,D
sz000100,TCL科技,2025-10-24 10:04:24,4.19,25200,4.19,U
sz000100,TCL科技,2025-10-24 10:04:42,4.19,20000,4.18,U
sz000100,TCL科技,2025-10-24 10:04:54,4.19,805700,4.18,U
sz000100,TCL科技,2025-10-24 10:05:00,4.19,186500,4.19,U
sz000100,TCL科技,2025-10-24 10:05:03,4.18,27400,4.19,D
sz000100,TCL科技,2025-10-24 10:05:12,4.19,31200,4.19,U
sz000100,TCL科技,2025-10-24 10:05:21,4.19,41000,4.19,U
sz000100,TCL科技,2025-10-24 10:05:24,4.19,22600,4.19,U
sz000100,TCL科技,2025-10-24 10:05:30,4.19,114000,4.19,U
sz000100,TCL科技,2025-10-24 10:05:39,4.19,37200,4.19,U
sz000100,TCL科技,2025-10-24 10:05:45,4.19,38400,4.18,U
sz000100,TCL科技,2025-10-24 10:05:51,4.19,48100,4.19,U
sz000100,TCL科技,2025-10-24 10:06:00,4.19,25100,4.19,U
sz000100,TCL科技,2025-10-24 10:06:18,4.19,202600,4.19,U
sz000100,TCL科技,2025-10-24 10:06:21,4.19,300000,4.19,U
sz000100,TCL科技,2025-10-24 10:06:24,4.19,30500,4.19,U
sz000100,TCL科技,2025-10-24 10:06:33,4.19,50200,4.19,U
sz000100,TCL科技,2025-10-24 10:06:36,4.19,71300,4.19,U
sz000100,TCL科技,2025-10-24 10:06:54,4.18,143900,4.19,D
sz000100,TCL科技,2025-10-24 10:06:57,4.19,29500,4.18,U
sz000100,TCL科技,2025-10-24 10:07:03,4.19,183300,4.19,U
sz000100,TCL科技,2025-10-24 10:07:12,4.19,36000,4.19,U
sz000100,TCL科技,2025-10-24 10:07:21,4.18,38800,4.18,D
sz000100,TCL科技,2025-10-24 10:07:36,4.19,23000,4.19,U
sz000100,TCL科技,2025-10-24 10:07:42,4.18,74000,4.19,D
sz000100,TCL科技,2025-10-24 10:07:45,4.19,29100,4.18,U
sz000100,TCL科技,2025-10-24 10:07:54,4.18,37800,4.18,D
sz000100,TCL科技,2025-10-24 10:07:57,4.19,45200,4.18,U
sz000100,TCL科技,2025-10-24 10:08:03,4.18,37800,4.19,D
sz000100,TCL科技,2025-10-24 10:08:12,4.19,62600,4.18,U
sz000100,TCL科技,2025-10-24 10:08:15,4.19,109900,4.19,U
sz000100,TCL科技,2025-10-24 10:08:21,4.19,56300,4.19,U
sz000100,TCL科技,2025-10-24 10:08:24,4.19,116300,4.19,U
sz000100,TCL科技,2025-10-24 10:08:27,4.19,31200,4.19,U
sz000100,TCL科技,2025-10-24 10:08:33,4.18,24500,4.18,D
sz000100,TCL科技,2025-10-24 10:08:36,4.19,201500,4.18,U
sz000100,TCL科技,2025-10-24 10:08:39,4.19,120200,4.19,U
sz000100,TCL科技,2025-10-24 10:08:42,4.19,65700,4.19,U
sz000100,TCL科技,2025-10-24 10:08:48,4.19,75550,4.18,U
sz000100,TCL科技,2025-10-24 10:08:57,4.19,21500,4.19,U
sz000100,TCL科技,2025-10-24 10:09:06,4.19,20200,4.19,U
sz000100,TCL科技,2025-10-24 10:09:15,4.18,99100,4.19,D
sz000100,TCL科技,2025-10-24 10:09:36,4.19,30400,4.19,U
sz000100,TCL科技,2025-10-24 10:09:39,4.18,194800,4.19,D
sz000100,TCL科技,2025-10-24 10:10:06,4.19,34100,4.19,U
sz000100,TCL科技,2025-10-24 10:10:09,4.19,29000,4.19,U
sz000100,TCL科技,2025-10-24 10:10:15,4.19,20300,4.19,U
sz000100,TCL科技,2025-10-24 10:10:24,4.18,50900,4.19,D
sz000100,TCL科技,2025-10-24 10:10:30,4.18,122600,4.18,D
sz000100,TCL科技,2025-10-24 10:10:33,4.18,62000,4.18,D
sz000100,TCL科技,2025-10-24 10:10:36,4.2,5840001,4.18,U
sz000100,TCL科技,2025-10-24 10:10:39,4.19,55200,4.2,D
sz000100,TCL科技,2025-10-24 10:10:42,4.19,24000,4.19,D
sz000100,TCL科技,2025-10-24 10:10:48,4.19,25110,4.19,D
sz000100,TCL科技,2025-10-24 10:10:51,4.19,1022900,4.19,D
sz000100,TCL科技,2025-10-24 10:10:57,4.2,1020400,4.2,U
sz000100,TCL科技,2025-10-24 10:11:03,4.19,1009300,4.2,D
sz000100,TCL科技,2025-10-24 10:11:06,4.2,80500,4.19,U
sz000100,TCL科技,2025-10-24 10:11:09,4.19,182490,4.2,D
sz000100,TCL科技,2025-10-24 10:11:12,4.19,74300,4.19,U
sz000100,TCL科技,2025-10-24 10:11:15,4.19,22000,4.19,U
sz000100,TCL科技,2025-10-24 10:11:18,4.19,286100,4.19,U
sz000100,TCL科技,2025-10-24 10:11:21,4.19,96100,4.19,U
sz000100,TCL科技,2025-10-24 10:11:24,4.19,79400,4.19,U
sz000100,TCL科技,2025-10-24 10:11:30,4.19,199700,4.19,U
sz000100,TCL科技,2025-10-24 10:11:36,4.19,24300,4.19,U
sz000100,TCL科技,2025-10-24 10:11:39,4.19,74800,4.19,U
sz000100,TCL科技,2025-10-24 10:11:42,4.19,52700,4.19,U
sz000100,TCL科技,2025-10-24 10:11:48,4.19,93800,4.19,U
sz000100,TCL科技,2025-10-24 10:11:54,4.19,180800,4.19,U
sz000100,TCL科技,2025-10-24 10:11:57,4.19,110700,4.19,U
sz000100,TCL科技,2025-10-24 10:12:03,4.19,38700,4.19,U
sz000100,TCL科技,2025-10-24 10:12:12,4.19,42700,4.19,U
sz000100,TCL科技,2025-10-24 10:12:15,4.19,25000,4.19,U
sz000100,TCL科技,2025-10-24 10:12:18,4.19,58100,4.19,U
sz000100,TCL科技,2025-10-24 10:12:24,4.19,20900,4.19,U
sz000100,TCL科技,2025-10-24 10:12:36,4.19,82000,4.19,U
sz000100,TCL科技,2025-10-24 10:12:48,4.19,28140,4.19,U
sz000100,TCL科技,2025-10-24 10:12:54,4.18,68000,4.19,D
sz000100,TCL科技,2025-10-24 10:13:57,4.18,42600,4.18,D
sz000100,TCL科技,2025-10-24 10:14:21,4.18,30000,4.18,D
sz000100,TCL科技,2025-10-24 10:14:24,4.19,20000,4.18,U
sz000100,TCL科技,2025-10-24 10:14:33,4.19,26700,4.18,U
sz000100,TCL科技,2025-10-24 10:14:39,4.18,62200,4.19,D
sz000100,TCL科技,2025-10-24 10:14:42,4.19,22300,4.18,U
sz000100,TCL科技,2025-10-24 10:15:27,4.18,51600,4.19,D
sz000100,TCL科技,2025-10-24 10:15:30,4.18,109700,4.18,D
sz000100,TCL科技,2025-10-24 10:15:36,4.19,23600,4.18,U
sz000100,TCL科技,2025-10-24 10:15:39,4.18,1719100,4.19,D
sz000100,TCL科技,2025-10-24 10:15:42,4.18,4110400,4.18,D
sz000100,TCL科技,2025-10-24 10:15:45,4.18,263800,4.18,D
sz000100,TCL科技,2025-10-24 10:15:48,4.18,492700,4.18,D
sz000100,TCL科技,2025-10-24 10:15:51,4.18,323200,4.18,D
sz000100,TCL科技,2025-10-24 10:15:54,4.18,70100,4.18,D
sz000100,TCL科技,2025-10-24 10:16:00,4.18,20900,4.18,U
sz000100,TCL科技,2025-10-24 10:16:27,4.17,65000,4.18,D
sz000100,TCL科技,2025-10-24 10:16:39,4.17,34600,4.18,D
sz000100,TCL科技,2025-10-24 10:17:00,4.17,35600,4.18,D
sz000100,TCL科技,2025-10-24 10:17:03,4.18,33000,4.17,U
sz000100,TCL科技,2025-10-24 10:17:36,4.18,1144300,4.17,U
sz000100,TCL科技,2025-10-24 10:17:39,4.18,196800,4.18,U
sz000100,TCL科技,2025-10-24 10:17:42,4.18,108300,4.18,U
sz000100,TCL科技,2025-10-24 10:17:45,4.18,202200,4.18,U
sz000100,TCL科技,2025-10-24 10:17:48,4.18,105700,4.18,U
sz000100,TCL科技,2025-10-24 10:17:51,4.18,129100,4.18,U
sz000100,TCL科技,2025-10-24 10:18:00,4.18,212800,4.18,U
sz000100,TCL科技,2025-10-24 10:18:03,4.18,141700,4.18,U
sz000100,TCL科技,2025-10-24 10:18:06,4.18,123000,4.18,U
sz000100,TCL科技,2025-10-24 10:18:12,4.18,1708000,4.18,U
sz000100,TCL科技,2025-10-24 10:18:15,4.18,25900,4.18,D
sz000100,TCL科技,2025-10-24 10:18:27,4.18,22610,4.18,D
sz000100,TCL科技,2025-10-24 10:18:30,4.18,30300,4.18,D
sz000100,TCL科技,2025-10-24 10:18:42,4.18,25600,4.18,D
sz000100,TCL科技,2025-10-24 10:19:06,4.19,40200,4.18,U
sz000100,TCL科技,2025-10-24 10:19:09,4.18,29400,4.19,D
sz000100,TCL科技,2025-10-24 10:19:18,4.18,62400,4.19,D
sz000100,TCL科技,2025-10-24 10:19:21,4.18,48500,4.18,D
sz000100,TCL科技,2025-10-24 10:19:30,4.18,23800,4.18,D
sz000100,TCL科技,2025-10-24 10:19:33,4.19,28400,4.18,U
sz000100,TCL科技,2025-10-24 10:19:36,4.19,34900,4.19,U
sz000100,TCL科技,2025-10-24 10:19:51,4.19,58700,4.19,U
sz000100,TCL科技,2025-10-24 10:20:09,4.18,24100,4.19,D
sz000100,TCL科技,2025-10-24 10:20:12,4.18,40100,4.18,D
sz000100,TCL科技,2025-10-24 10:20:18,4.19,124700,4.19,U
sz000100,TCL科技,2025-10-24 10:20:27,4.19,51500,4.18,U
sz000100,TCL科技,2025-10-24 10:20:30,4.19,28100,4.19,U
sz000100,TCL科技,2025-10-24 10:20:36,4.19,56000,4.18,U
sz000100,TCL科技,2025-10-24 10:20:39,4.18,25100,4.19,D
sz000100,TCL科技,2025-10-24 10:20:42,4.19,30300,4.18,U
sz000100,TCL科技,2025-10-24 10:20:45,4.18,36000,4.19,D
sz000100,TCL科技,2025-10-24 10:20:54,4.18,25900,4.18,D
sz000100,TCL科技,2025-10-24 10:21:03,4.18,35500,4.19,D
sz000100,TCL科技,2025-10-24 10:21:06,4.19,45100,4.18,U
sz000100,TCL科技,2025-10-24 10:21:15,4.18,47900,4.19,D
sz000100,TCL科技,2025-10-24 10:21:36,4.19,169100,4.19,U
sz000100,TCL科技,2025-10-24 10:21:39,4.18,66000,4.19,D
sz000100,TCL科技,2025-10-24 10:21:45,4.18,153100,4.19,D
sz000100,TCL科技,2025-10-24 10:21:48,4.19,31000,4.18,U
sz000100,TCL科技,2025-10-24 10:21:54,4.18,23800,4.18,D
sz000100,TCL科技,2025-10-24 10:22:00,4.18,155500,4.18,D
sz000100,TCL科技,2025-10-24 10:22:03,4.18,1729640,4.18,D
sz000100,TCL科技,2025-10-24 10:22:06,4.18,36500,4.18,U
sz000100,TCL科技,2025-10-24 10:22:09,4.18,246760,4.18,U
sz000100,TCL科技,2025-10-24 10:22:12,4.18,90840,4.18,D
sz000100,TCL科技,2025-10-24 10:22:30,4.18,23300,4.18,U
sz000100,TCL科技,2025-10-24 10:23:09,4.18,70700,4.18,U
sz000100,TCL科技,2025-10-24 10:23:18,4.17,23900,4.17,D
sz000100,TCL科技,2025-10-24 10:24:03,4.18,38700,4.18,U
sz000100,TCL科技,2025-10-24 10:24:06,4.18,71400,4.18,U
sz000100,TCL科技,2025-10-24 10:24:12,4.18,37400,4.18,U
sz000100,TCL科技,2025-10-24 10:24:18,4.18,56900,4.17,U
sz000100,TCL科技,2025-10-24 10:24:45,4.17,37600,4.18,D
sz000100,TCL科技,2025-10-24 10:24:57,4.18,53200,4.18,U
sz000100,TCL科技,2025-10-24 10:25:06,4.18,20800,4.17,U
sz000100,TCL科技,2025-10-24 10:25:24,4.18,116800,4.17,U
sz000100,TCL科技,2025-10-24 10:25:30,4.18,39500,4.17,U
sz000100,TCL科技,2025-10-24 10:25:33,4.17,40000,4.18,D
sz000100,TCL科技,2025-10-24 10:25:42,4.18,1860870,4.18,U
sz000100,TCL科技,2025-10-24 10:25:51,4.18,51200,4.18,D
sz000100,TCL科技,2025-10-24 10:26:06,4.18,48500,4.18,D
sz000100,TCL科技,2025-10-24 10:26:09,4.18,66800,4.18,D
sz000100,TCL科技,2025-10-24 10:26:12,4.18,277800,4.18,D
sz000100,TCL科技,2025-10-24 10:26:21,4.17,273100,4.17,D
sz000100,TCL科技,2025-10-24 10:26:39,4.18,24800,4.18,U
sz000100,TCL科技,2025-10-24 10:26:42,4.18,34200,4.18,U
sz000100,TCL科技,2025-10-24 10:26:54,4.18,60700,4.17,U
sz000100,TCL科技,2025-10-24 10:27:03,4.17,64000,4.18,D
sz000100,TCL科技,2025-10-24 10:27:15,4.18,32700,4.18,U
sz000100,TCL科技,2025-10-24 10:28:36,4.18,34300,4.18,U
sz000100,TCL科技,2025-10-24 10:28:51,4.17,44100,4.17,D
sz000100,TCL科技,2025-10-24 10:28:54,4.17,46100,4.17,D
sz000100,TCL科技,2025-10-24 10:28:57,4.17,25300,4.17,D
sz000100,TCL科技,2025-10-24 10:29:12,4.17,21400,4.18,D
sz000100,TCL科技,2025-10-24 10:29:18,4.18,38600,4.18,U
sz000100,TCL科技,2025-10-24 10:29:21,4.17,49200,4.18,D
sz000100,TCL科技,2025-10-24 10:29:48,4.17,99000,4.18,D
sz000100,TCL科技,2025-10-24 10:31:18,4.18,46100,4.17,U
sz000100,TCL科技,2025-10-24 10:31:24,4.18,36500,4.18,U
sz000100,TCL科技,2025-10-24 10:32:09,4.18,20100,4.18,U
sz000100,TCL科技,2025-10-24 10:32:18,4.18,38600,4.18,U
sz000100,TCL科技,2025-10-24 10:32:42,4.17,209700,4.17,D
sz000100,TCL科技,2025-10-24 10:33:09,4.18,52400,4.18,U
sz000100,TCL科技,2025-10-24 10:33:54,4.18,28800,4.18,U
sz000100,TCL科技,2025-10-24 10:34:06,4.17,43200,4.17,D
sz000100,TCL科技,2025-10-24 10:34:36,4.18,30300,4.17,U
sz000100,TCL科技,2025-10-24 10:34:48,4.17,21490,4.17,D
sz000100,TCL科技,2025-10-24 10:35:15,4.17,147700,4.18,D
sz000100,TCL科技,2025-10-24 10:35:27,4.17,21000,4.18,D
sz000100,TCL科技,2025-10-24 10:35:36,4.17,22900,4.17,D
sz000100,TCL科技,2025-10-24 10:36:48,4.17,22400,4.18,D
sz000100,TCL科技,2025-10-24 10:36:51,4.18,24300,4.17,U
sz000100,TCL科技,2025-10-24 10:38:15,4.18,27700,4.17,U
sz000100,TCL科技,2025-10-24 10:38:48,4.18,20100,4.17,U
sz000100,TCL科技,2025-10-24 10:39:09,4.18,33800,4.17,U
sz000100,TCL科技,2025-10-24 10:39:12,4.18,23100,4.18,U
sz000100,TCL科技,2025-10-24 10:39:18,4.18,215300,4.17,U
sz000100,TCL科技,2025-10-24 10:39:21,4.17,49700,4.18,D
sz000100,TCL科技,2025-10-24 10:39:33,4.17,25100,4.18,D
sz000100,TCL科技,2025-10-24 10:39:36,4.18,25000,4.17,U
sz000100,TCL科技,2025-10-24 10:39:57,4.18,27900,4.18,U
sz000100,TCL科技,2025-10-24 10:40:06,4.18,30300,4.18,U
sz000100,TCL科技,2025-10-24 10:40:33,4.17,53600,4.18,D
sz000100,TCL科技,2025-10-24 10:42:12,4.18,42400,4.18,U
sz000100,TCL科技,2025-10-24 10:42:15,4.17,26400,4.18,D
sz000100,TCL科技,2025-10-24 10:42:18,4.17,35700,4.17,D
sz000100,TCL科技,2025-10-24 10:43:03,4.17,25300,4.17,D
sz000100,TCL科技,2025-10-24 10:44:15,4.17,32610,4.17,D
sz000100,TCL科技,2025-10-24 10:44:33,4.18,29000,4.18,U
sz000100,TCL科技,2025-10-24 10:44:39,4.18,34300,4.18,U
sz000100,TCL科技,2025-10-24 10:44:45,4.18,226900,4.18,U
sz000100,TCL科技,2025-10-24 10:44:51,4.18,53000,4.18,U
sz000100,TCL科技,2025-10-24 10:45:15,4.18,40000,4.18,U
sz000100,TCL科技,2025-10-24 10:46:18,4.18,23300,4.18,U
sz000100,TCL科技,2025-10-24 10:47:09,4.17,182000,4.18,D
sz000100,TCL科技,2025-10-24 10:47:51,4.17,189600,4.18,D
sz000100,TCL科技,2025-10-24 10:48:21,4.18,22500,4.18,U
sz000100,TCL科技,2025-10-24 10:48:45,4.18,284400,4.18,U
sz000100,TCL科技,2025-10-24 10:48:48,4.18,29600,4.18,U
sz000100,TCL科技,2025-10-24 10:48:54,4.17,27340,4.17,D
sz000100,TCL科技,2025-10-24 10:49:12,4.19,5216966,4.17,U
sz000100,TCL科技,2025-10-24 10:49:15,4.19,104200,4.19,U
sz000100,TCL科技,2025-10-24 10:49:27,4.19,35000,4.18,U
sz000100,TCL科技,2025-10-24 10:49:30,4.19,25100,4.19,U
sz000100,TCL科技,2025-10-24 10:49:54,4.18,103600,4.18,D
sz000100,TCL科技,2025-10-24 10:50:21,4.18,587800,4.19,D
sz000100,TCL科技,2025-10-24 10:50:27,4.19,306200,4.18,U
sz000100,TCL科技,2025-10-24 10:50:48,4.19,100100,4.19,U
sz000100,TCL科技,2025-10-24 10:50:54,4.19,24300,4.18,U
sz000100,TCL科技,2025-10-24 10:50:57,4.18,23400,4.19,D
sz000100,TCL科技,2025-10-24 10:51:18,4.19,23100,4.19,U
sz000100,TCL科技,2025-10-24 10:51:21,4.19,36100,4.19,U
sz000100,TCL科技,2025-10-24 10:51:24,4.19,32100,4.19,U
sz000100,TCL科技,2025-10-24 10:51:48,4.18,150000,4.19,D
sz000100,TCL科技,2025-10-24 10:51:51,4.18,25600,4.18,D
sz000100,TCL科技,2025-10-24 10:52:18,4.19,34700,4.19,U
sz000100,TCL科技,2025-10-24 10:52:42,4.19,29600,4.18,U
sz000100,TCL科技,2025-10-24 10:53:03,4.19,200400,4.18,U
sz000100,TCL科技,2025-10-24 10:53:15,4.19,37000,4.19,U
sz000100,TCL科技,2025-10-24 10:54:03,4.18,51800,4.18,D
sz000100,TCL科技,2025-10-24 10:55:27,4.19,24800,4.18,U
sz000100,TCL科技,2025-10-24 10:57:36,4.19,34600,4.19,U
sz000100,TCL科技,2025-10-24 10:57:39,4.18,51100,4.19,D
sz000100,TCL科技,2025-10-24 10:58:15,4.18,61200,4.18,D
sz000100,TCL科技,2025-10-24 10:59:09,4.18,240300,4.18,D
sz000100,TCL科技,2025-10-24 10:59:18,4.19,23000,4.18,U
sz000100,TCL科技,2025-10-24 10:59:30,4.19,271600,4.19,U
sz000100,TCL科技,2025-10-24 10:59:33,4.19,44700,4.19,U
sz000100,TCL科技,2025-10-24 10:59:39,4.18,27100,4.18,D
sz000100,TCL科技,2025-10-24 10:59:42,4.18,28000,4.18,D
sz000100,TCL科技,2025-10-24 11:00:15,4.18,33100,4.19,D
sz000100,TCL科技,2025-10-24 11:00:51,4.18,49700,4.18,D
sz000100,TCL科技,2025-10-24 11:01:21,4.19,37500,4.18,U
sz000100,TCL科技,2025-10-24 11:01:30,4.18,27800,4.18,D
sz000100,TCL科技,2025-10-24 11:01:36,4.19,34100,4.18,U
sz000100,TCL科技,2025-10-24 11:02:09,4.19,51900,4.19,U
sz000100,TCL科技,2025-10-24 11:02:30,4.18,808100,4.18,D
sz000100,TCL科技,2025-10-24 11:02:33,4.18,89500,4.18,D
sz000100,TCL科技,2025-10-24 11:02:36,4.19,20800,4.18,U
sz000100,TCL科技,2025-10-24 11:02:45,4.18,64400,4.19,D
sz000100,TCL科技,2025-10-24 11:02:54,4.18,27600,4.18,D
sz000100,TCL科技,2025-10-24 11:02:57,4.18,22000,4.18,D
sz000100,TCL科技,2025-10-24 11:03:00,4.18,1010000,4.18,D
sz000100,TCL科技,2025-10-24 11:03:03,4.18,1042210,4.18,D
sz000100,TCL科技,2025-10-24 11:03:06,4.18,554770,4.18,D
sz000100,TCL科技,2025-10-24 11:03:09,4.18,40100,4.18,D
sz000100,TCL科技,2025-10-24 11:03:15,4.18,74400,4.19,D
sz000100,TCL科技,2025-10-24 11:03:18,4.18,29800,4.18,D
sz000100,TCL科技,2025-10-24 11:03:21,4.18,63700,4.18,D
sz000100,TCL科技,2025-10-24 11:03:36,4.18,317470,4.18,D
sz000100,TCL科技,2025-10-24 11:03:39,4.18,831230,4.18,U
sz000100,TCL科技,2025-10-24 11:03:45,4.18,40170,4.18,D
sz000100,TCL科技,2025-10-24 11:03:48,4.18,32130,4.18,U
sz000100,TCL科技,2025-10-24 11:03:57,4.17,36700,4.18,D
sz000100,TCL科技,2025-10-24 11:04:24,4.18,50100,4.17,U
sz000100,TCL科技,2025-10-24 11:04:30,4.18,22400,4.18,U
sz000100,TCL科技,2025-10-24 11:04:36,4.18,21800,4.17,U
sz000100,TCL科技,2025-10-24 11:05:00,4.17,25300,4.18,D
sz000100,TCL科技,2025-10-24 11:05:27,4.17,24100,4.18,D
sz000100,TCL科技,2025-10-24 11:05:51,4.17,42000,4.18,D
sz000100,TCL科技,2025-10-24 11:06:21,4.18,23500,4.18,U
sz000100,TCL科技,2025-10-24 11:06:24,4.18,21800,4.18,U
sz000100,TCL科技,2025-10-24 11:06:45,4.18,92000,4.18,U
sz000100,TCL科技,2025-10-24 11:07:06,4.17,48300,4.17,D
sz000100,TCL科技,2025-10-24 11:07:21,4.17,30000,4.17,D
sz000100,TCL科技,2025-10-24 11:07:48,4.18,68300,4.17,U
sz000100,TCL科技,2025-10-24 11:08:51,4.17,22100,4.17,D
sz000100,TCL科技,2025-10-24 11:08:57,4.18,33100,4.17,U
sz000100,TCL科技,2025-10-24 11:09:24,4.17,22300,4.17,D
sz000100,TCL科技,2025-10-24 11:09:51,4.18,22700,4.17,U
sz000100,TCL科技,2025-10-24 11:10:06,4.18,123600,4.18,U
sz000100,TCL科技,2025-10-24 11:10:39,4.18,50000,4.18,U
sz000100,TCL科技,2025-10-24 11:10:45,4.18,24800,4.18,U
sz000100,TCL科技,2025-10-24 11:10:51,4.17,58200,4.18,D
sz000100,TCL科技,2025-10-24 11:11:45,4.18,21000,4.18,U
sz000100,TCL科技,2025-10-24 11:12:24,4.17,40300,4.18,D
sz000100,TCL科技,2025-10-24 11:12:45,4.18,56600,4.18,U
sz000100,TCL科技,2025-10-24 11:12:54,4.18,37200,4.17,U
sz000100,TCL科技,2025-10-24 11:13:06,4.18,46600,4.18,U
sz000100,TCL科技,2025-10-24 11:14:03,4.18,21700,4.17,U
sz000100,TCL科技,2025-10-24 11:14:18,4.17,56300,4.18,D
sz000100,TCL科技,2025-10-24 11:14:24,4.18,42400,4.17,U
sz000100,TCL科技,2025-10-24 11:14:51,4.17,23200,4.18,D
sz000100,TCL科技,2025-10-24 11:15:18,4.18,63500,4.17,U
sz000100,TCL科技,2025-10-24 11:15:42,4.18,22200,4.17,U
sz000100,TCL科技,2025-10-24 11:15:45,4.18,44600,4.18,U
sz000100,TCL科技,2025-10-24 11:16:42,4.18,56400,4.18,U
sz000100,TCL科技,2025-10-24 11:16:51,4.17,23800,4.18,D
sz000100,TCL科技,2025-10-24 11:17:03,4.18,107900,4.18,U
sz000100,TCL科技,2025-10-24 11:17:06,4.17,32700,4.18,D
sz000100,TCL科技,2025-10-24 11:17:09,4.17,25700,4.17,D
sz000100,TCL科技,2025-10-24 11:17:33,4.18,20700,4.18,U
sz000100,TCL科技,2025-10-24 11:18:27,4.17,27400,4.18,D
sz000100,TCL科技,2025-10-24 11:19:03,4.17,35800,4.18,D
sz000100,TCL科技,2025-10-24 11:19:12,4.18,28300,4.18,U
sz000100,TCL科技,2025-10-24 11:19:18,4.18,102200,4.18,U
sz000100,TCL科技,2025-10-24 11:20:48,4.18,36800,4.18,U
sz000100,TCL科技,2025-10-24 11:21:45,4.17,28000,4.18,D
sz000100,TCL科技,2025-10-24 11:21:48,4.18,52100,4.17,U
sz000100,TCL科技,2025-10-24 11:21:51,4.18,108400,4.18,U
sz000100,TCL科技,2025-10-24 11:22:06,4.18,36600,4.18,U
sz000100,TCL科技,2025-10-24 11:22:15,4.18,60100,4.18,U
sz000100,TCL科技,2025-10-24 11:22:27,4.18,928100,4.18,U
sz000100,TCL科技,2025-10-24 11:22:30,4.19,2771822,4.18,U
sz000100,TCL科技,2025-10-24 11:22:39,4.18,170100,4.19,D
sz000100,TCL科技,2025-10-24 11:22:54,4.19,501000,4.19,U
sz000100,TCL科技,2025-10-24 11:23:03,4.18,99500,4.19,D
sz000100,TCL科技,2025-10-24 11:23:09,4.18,248600,4.18,D
sz000100,TCL科技,2025-10-24 11:23:21,4.17,787300,4.18,D
sz000100,TCL科技,2025-10-24 11:23:24,4.18,47300,4.17,U
sz000100,TCL科技,2025-10-24 11:23:27,4.18,86600,4.18,U
sz000100,TCL科技,2025-10-24 11:23:30,4.18,26200,4.18,U
sz000100,TCL科技,2025-10-24 11:23:39,4.18,48400,4.18,U
sz000100,TCL科技,2025-10-24 11:23:42,4.18,44100,4.18,U
sz000100,TCL科技,2025-10-24 11:23:54,4.18,28700,4.17,U
sz000100,TCL科技,2025-10-24 11:24:06,4.18,38000,4.18,U
sz000100,TCL科技,2025-10-24 11:24:15,4.18,34800,4.18,U
sz000100,TCL科技,2025-10-24 11:24:27,4.18,21400,4.18,U
sz000100,TCL科技,2025-10-24 11:24:30,4.18,88700,4.18,U
sz000100,TCL科技,2025-10-24 11:25:27,4.17,20400,4.18,D
sz000100,TCL科技,2025-10-24 11:26:03,4.18,75400,4.18,U
sz000100,TCL科技,2025-10-24 11:26:06,4.17,27100,4.18,D
sz000100,TCL科技,2025-10-24 11:26:21,4.17,105500,4.18,D
sz000100,TCL科技,2025-10-24 11:26:24,4.18,61000,4.17,U
sz000100,TCL科技,2025-10-24 11:27:09,4.17,24200,4.18,D
sz000100,TCL科技,2025-10-24 11:27:15,4.18,70300,4.18,U
sz000100,TCL科技,2025-10-24 11:27:36,4.18,78000,4.17,U
sz000100,TCL科技,2025-10-24 11:28:00,4.17,118600,4.17,D
sz000100,TCL科技,2025-10-24 11:28:09,4.17,100100,4.18,D
sz000100,TCL科技,2025-10-24 11:28:21,4.17,113300,4.18,D
sz000100,TCL科技,2025-10-24 11:28:30,4.18,57900,4.18,U
sz000100,TCL科技,2025-10-24 11:29:03,4.18,32200,4.17,U
sz000100,TCL科技,2025-10-24 11:29:06,4.18,79900,4.18,U
sz000100,TCL科技,2025-10-24 11:29:33,4.18,94400,4.18,U
sz000100,TCL科技,2025-10-24 11:29:48,4.17,41200,4.17,D
sz000100,TCL科技,2025-10-24 11:29:51,4.17,20100,4.17,D
sz000100,TCL科技,2025-10-24 11:29:54,4.18,29300,4.17,U
sz000100,TCL科技,2025-10-24 13:00:00,4.18,45930,4.17,U
sz000100,TCL科技,2025-10-24 13:00:03,4.17,387552,4.18,D
sz000100,TCL科技,2025-10-24 13:00:21,4.17,20000,4.18,D
sz000100,TCL科技,2025-10-24 13:00:36,4.17,109300,4.18,D
sz000100,TCL科技,2025-10-24 13:00:48,4.18,29800,4.17,U
sz000100,TCL科技,2025-10-24 13:00:51,4.18,24700,4.18,U
sz000100,TCL科技,2025-10-24 13:00:57,4.18,41200,4.18,U
sz000100,TCL科技,2025-10-24 13:01:00,4.18,20000,4.18,U
sz000100,TCL科技,2025-10-24 13:01:03,4.17,33600,4.18,D
sz000100,TCL科技,2025-10-24 13:01:30,4.18,26000,4.18,U
sz000100,TCL科技,2025-10-24 13:01:33,4.18,48200,4.18,U
sz000100,TCL科技,2025-10-24 13:01:51,4.17,255000,4.17,D
sz000100,TCL科技,2025-10-24 13:02:03,4.17,21600,4.18,D
sz000100,TCL科技,2025-10-24 13:02:09,4.18,50000,4.18,U
sz000100,TCL科技,2025-10-24 13:02:18,4.17,22000,4.17,D
sz000100,TCL科技,2025-10-24 13:03:03,4.17,27900,4.17,D
sz000100,TCL科技,2025-10-24 13:03:09,4.17,215100,4.17,D
sz000100,TCL科技,2025-10-24 13:03:12,4.17,37700,4.17,D
sz000100,TCL科技,2025-10-24 13:03:33,4.17,211600,4.18,D
sz000100,TCL科技,2025-10-24 13:03:36,4.17,25800,4.17,D
sz000100,TCL科技,2025-10-24 13:04:09,4.18,45400,4.18,U
sz000100,TCL科技,2025-10-24 13:04:15,4.17,28100,4.17,D
sz000100,TCL科技,2025-10-24 13:04:18,4.17,49900,4.17,D
sz000100,TCL科技,2025-10-24 13:04:30,4.17,22600,4.17,D
sz000100,TCL科技,2025-10-24 13:04:33,4.18,239300,4.17,U
sz000100,TCL科技,2025-10-24 13:05:09,4.18,134300,4.17,U
sz000100,TCL科技,2025-10-24 13:05:12,4.17,35000,4.18,D
sz000100,TCL科技,2025-10-24 13:05:48,4.17,33000,4.17,D
sz000100,TCL科技,2025-10-24 13:05:57,4.17,65300,4.17,D
sz000100,TCL科技,2025-10-24 13:06:00,4.17,23800,4.17,D
sz000100,TCL科技,2025-10-24 13:07:00,4.18,25300,4.18,U
sz000100,TCL科技,2025-10-24 13:07:27,4.18,246100,4.18,U
sz000100,TCL科技,2025-10-24 13:07:33,4.17,54100,4.17,D
sz000100,TCL科技,2025-10-24 13:07:42,4.17,26400,4.17,D
sz000100,TCL科技,2025-10-24 13:08:00,4.18,54400,4.17,U
sz000100,TCL科技,2025-10-24 13:08:15,4.18,72000,4.18,U
sz000100,TCL科技,2025-10-24 13:08:18,4.18,2098000,4.18,U
sz000100,TCL科技,2025-10-24 13:08:21,4.19,814792,4.18,U
sz000100,TCL科技,2025-10-24 13:08:30,4.18,104500,4.18,D
sz000100,TCL科技,2025-10-24 13:09:03,4.18,46000,4.19,D
sz000100,TCL科技,2025-10-24 13:09:27,4.18,20000,4.19,D
sz000100,TCL科技,2025-10-24 13:09:45,4.18,32000,4.19,D
sz000100,TCL科技,2025-10-24 13:09:48,4.19,22000,4.18,U
sz000100,TCL科技,2025-10-24 13:10:00,4.18,1279800,4.19,D
sz000100,TCL科技,2025-10-24 13:10:21,4.18,49300,4.18,D
sz000100,TCL科技,2025-10-24 13:10:33,4.18,1238960,4.18,D
sz000100,TCL科技,2025-10-24 13:10:36,4.18,56400,4.18,U
sz000100,TCL科技,2025-10-24 13:11:00,4.18,31000,4.17,U
sz000100,TCL科技,2025-10-24 13:11:03,4.18,48700,4.18,U
sz000100,TCL科技,2025-10-24 13:11:21,4.17,29800,4.18,D
sz000100,TCL科技,2025-10-24 13:11:51,4.18,34900,4.18,U
sz000100,TCL科技,2025-10-24 13:12:09,4.18,32200,4.18,U
sz000100,TCL科技,2025-10-24 13:12:12,4.18,21230,4.18,U
sz000100,TCL科技,2025-10-24 13:12:15,4.18,64500,4.18,U
sz000100,TCL科技,2025-10-24 13:12:18,4.17,59100,4.18,D
sz000100,TCL科技,2025-10-24 13:12:21,4.18,29200,4.17,U
sz000100,TCL科技,2025-10-24 13:12:27,4.18,63200,4.17,U
sz000100,TCL科技,2025-10-24 13:12:30,4.17,30100,4.18,D
sz000100,TCL科技,2025-10-24 13:12:42,4.17,46400,4.17,D
sz000100,TCL科技,2025-10-24 13:12:45,4.17,53500,4.17,D
sz000100,TCL科技,2025-10-24 13:13:06,4.18,28300,4.17,U
sz000100,TCL科技,2025-10-24 13:13:18,4.17,25800,4.17,D
sz000100,TCL科技,2025-10-24 13:13:21,4.17,23900,4.17,D
sz000100,TCL科技,2025-10-24 13:13:54,4.17,80900,4.17,D
sz000100,TCL科技,2025-10-24 13:14:03,4.18,150100,4.17,U
sz000100,TCL科技,2025-10-24 13:14:30,4.17,32600,4.18,D
sz000100,TCL科技,2025-10-24 13:15:00,4.17,109600,4.18,D
sz000100,TCL科技,2025-10-24 13:15:09,4.18,64700,4.17,U
sz000100,TCL科技,2025-10-24 13:15:15,4.17,56000,4.18,D
sz000100,TCL科技,2025-10-24 13:15:18,4.18,22720,4.17,U
sz000100,TCL科技,2025-10-24 13:15:27,4.17,62400,4.17,D
sz000100,TCL科技,2025-10-24 13:15:33,4.18,32500,4.17,U
sz000100,TCL科技,2025-10-24 13:15:42,4.18,20500,4.17,U
sz000100,TCL科技,2025-10-24 13:16:03,4.17,23000,4.18,D
sz000100,TCL科技,2025-10-24 13:16:27,4.18,35500,4.18,U
sz000100,TCL科技,2025-10-24 13:16:30,4.17,31600,4.18,D
sz000100,TCL科技,2025-10-24 13:17:00,4.18,85700,4.18,U
sz000100,TCL科技,2025-10-24 13:17:09,4.17,59000,4.18,D
sz000100,TCL科技,2025-10-24 13:17:24,4.18,160800,4.17,U
sz000100,TCL科技,2025-10-24 13:17:30,4.18,32100,4.18,U
sz000100,TCL科技,2025-10-24 13:17:36,4.18,163600,4.17,U
sz000100,TCL科技,2025-10-24 13:17:39,4.18,24300,4.18,U
sz000100,TCL科技,2025-10-24 13:17:54,4.18,60600,4.17,U
sz000100,TCL科技,2025-10-24 13:18:03,4.18,112400,4.18,U
sz000100,TCL科技,2025-10-24 13:18:27,4.17,57500,4.18,D
sz000100,TCL科技,2025-10-24 13:18:33,4.18,84900,4.18,U
sz000100,TCL科技,2025-10-24 13:18:39,4.17,29400,4.18,D
sz000100,TCL科技,2025-10-24 13:18:51,4.18,29900,4.18,U
sz000100,TCL科技,2025-10-24 13:19:06,4.17,34900,4.18,D
sz000100,TCL科技,2025-10-24 13:19:09,4.18,63500,4.17,U
sz000100,TCL科技,2025-10-24 13:19:12,4.18,30300,4.18,U
sz000100,TCL科技,2025-10-24 13:19:21,4.17,22800,4.17,D
sz000100,TCL科技,2025-10-24 13:19:48,4.18,20100,4.18,U
sz000100,TCL科技,2025-10-24 13:20:09,4.18,20000,4.18,U
sz000100,TCL科技,2025-10-24 13:20:21,4.17,40400,4.18,D
sz000100,TCL科技,2025-10-24 13:20:24,4.18,130500,4.17,U
sz000100,TCL科技,2025-10-24 13:20:27,4.18,23300,4.18,U
sz000100,TCL科技,2025-10-24 13:20:30,4.18,22700,4.18,U
sz000100,TCL科技,2025-10-24 13:20:42,4.18,84300,4.17,U
sz000100,TCL科技,2025-10-24 13:21:00,4.18,52900,4.17,U
sz000100,TCL科技,2025-10-24 13:21:03,4.18,45900,4.18,U
sz000100,TCL科技,2025-10-24 13:21:06,4.18,22800,4.18,U
sz000100,TCL科技,2025-10-24 13:21:12,4.17,129800,4.18,D
sz000100,TCL科技,2025-10-24 13:21:15,4.18,48200,4.17,U
sz000100,TCL科技,2025-10-24 13:21:18,4.18,27100,4.18,U
sz000100,TCL科技,2025-10-24 13:21:36,4.18,65500,4.18,U
sz000100,TCL科技,2025-10-24 13:21:39,4.18,23300,4.18,U
sz000100,TCL科技,2025-10-24 13:21:48,4.18,96150,4.18,U
sz000100,TCL科技,2025-10-24 13:21:51,4.18,21200,4.18,U
sz000100,TCL科技,2025-10-24 13:21:54,4.18,32600,4.18,U
sz000100,TCL科技,2025-10-24 13:22:12,4.18,382800,4.17,U
sz000100,TCL科技,2025-10-24 13:22:21,4.18,25100,4.18,U
sz000100,TCL科技,2025-10-24 13:22:27,4.18,26900,4.18,U
sz000100,TCL科技,2025-10-24 13:22:33,4.18,27500,4.18,U
sz000100,TCL科技,2025-10-24 13:22:36,4.18,292400,4.18,U
sz000100,TCL科技,2025-10-24 13:22:48,4.17,29500,4.18,D
sz000100,TCL科技,2025-10-24 13:22:51,4.18,40800,4.17,U
sz000100,TCL科技,2025-10-24 13:23:09,4.18,22200,4.18,U
sz000100,TCL科技,2025-10-24 13:23:12,4.18,21200,4.18,U
sz000100,TCL科技,2025-10-24 13:23:33,4.18,32400,4.18,U
sz000100,TCL科技,2025-10-24 13:23:36,4.17,20200,4.18,D
sz000100,TCL科技,2025-10-24 13:23:39,4.17,33170,4.17,D
sz000100,TCL科技,2025-10-24 13:24:00,4.18,26500,4.17,U
sz000100,TCL科技,2025-10-24 13:24:09,4.17,20800,4.18,D
sz000100,TCL科技,2025-10-24 13:24:21,4.17,27500,4.18,D
sz000100,TCL科技,2025-10-24 13:24:27,4.17,33900,4.18,D
sz000100,TCL科技,2025-10-24 13:24:57,4.18,24100,4.18,U
sz000100,TCL科技,2025-10-24 13:25:09,4.18,29700,4.18,U
sz000100,TCL科技,2025-10-24 13:25:12,4.18,22300,4.18,U
sz000100,TCL科技,2025-10-24 13:25:15,4.18,21600,4.18,U
sz000100,TCL科技,2025-10-24 13:25:21,4.18,27800,4.18,U
sz000100,TCL科技,2025-10-24 13:25:27,4.18,33100,4.18,U
sz000100,TCL科技,2025-10-24 13:25:33,4.18,34200,4.18,U
sz000100,TCL科技,2025-10-24 13:25:42,4.18,35300,4.18,U
sz000100,TCL科技,2025-10-24 13:26:00,4.18,27500,4.18,U
sz000100,TCL科技,2025-10-24 13:26:06,4.18,34800,4.18,U
sz000100,TCL科技,2025-10-24 13:26:15,4.17,283800,4.18,D
sz000100,TCL科技,2025-10-24 13:27:00,4.18,153600,4.17,U
sz000100,TCL科技,2025-10-24 13:27:09,4.17,32600,4.18,D
sz000100,TCL科技,2025-10-24 13:27:18,4.17,246000,4.17,D
sz000100,TCL科技,2025-10-24 13:27:21,4.18,28100,4.17,U
sz000100,TCL科技,2025-10-24 13:27:27,4.18,23000,4.18,U
sz000100,TCL科技,2025-10-24 13:27:42,4.17,25500,4.18,D
sz000100,TCL科技,2025-10-24 13:27:45,4.17,36800,4.17,D
sz000100,TCL科技,2025-10-24 13:28:12,4.18,32000,4.18,U
sz000100,TCL科技,2025-10-24 13:28:57,4.18,27500,4.17,U
sz000100,TCL科技,2025-10-24 13:29:33,4.18,20700,4.17,U
sz000100,TCL科技,2025-10-24 13:30:42,4.18,79500,4.18,U
sz000100,TCL科技,2025-10-24 13:31:03,4.17,38000,4.18,D
sz000100,TCL科技,2025-10-24 13:31:33,4.18,102300,4.18,U
sz000100,TCL科技,2025-10-24 13:31:39,4.17,57900,4.18,D
sz000100,TCL科技,2025-10-24 13:32:33,4.18,56300,4.18,U
sz000100,TCL科技,2025-10-24 13:32:45,4.17,28200,4.17,D
sz000100,TCL科技,2025-10-24 13:32:48,4.18,34500,4.17,U
sz000100,TCL科技,2025-10-24 13:33:09,4.17,32800,4.18,D
sz000100,TCL科技,2025-10-24 13:33:36,4.17,20200,4.18,D
sz000100,TCL科技,2025-10-24 13:33:39,4.17,52700,4.17,D
sz000100,TCL科技,2025-10-24 13:33:42,4.18,53200,4.17,U
sz000100,TCL科技,2025-10-24 13:34:00,4.17,55700,4.18,D
sz000100,TCL科技,2025-10-24 13:34:33,4.17,29700,4.17,D
sz000100,TCL科技,2025-10-24 13:34:39,4.18,1018000,4.17,U
sz000100,TCL科技,2025-10-24 13:34:42,4.18,24700,4.18,U
sz000100,TCL科技,2025-10-24 13:34:45,4.17,20400,4.18,D
sz000100,TCL科技,2025-10-24 13:34:54,4.18,42400,4.17,U
sz000100,TCL科技,2025-10-24 13:35:03,4.18,208600,4.18,U
sz000100,TCL科技,2025-10-24 13:35:12,4.18,57200,4.17,U
sz000100,TCL科技,2025-10-24 13:35:15,4.17,85700,4.18,D
sz000100,TCL科技,2025-10-24 13:35:24,4.18,44300,4.18,U
sz000100,TCL科技,2025-10-24 13:35:42,4.17,66900,4.18,D
sz000100,TCL科技,2025-10-24 13:35:54,4.18,22060,4.17,U
sz000100,TCL科技,2025-10-24 13:36:21,4.18,22800,4.18,U
sz000100,TCL科技,2025-10-24 13:36:36,4.18,41700,4.17,U
sz000100,TCL科技,2025-10-24 13:36:42,4.18,70700,4.18,U
sz000100,TCL科技,2025-10-24 13:36:48,4.18,111800,4.18,U
sz000100,TCL科技,2025-10-24 13:36:51,4.18,22300,4.18,U
sz000100,TCL科技,2025-10-24 13:37:36,4.17,45700,4.17,D
sz000100,TCL科技,2025-10-24 13:37:48,4.18,91700,4.17,U
sz000100,TCL科技,2025-10-24 13:37:51,4.18,695600,4.18,U
sz000100,TCL科技,2025-10-24 13:38:06,4.18,22000,4.18,U
sz000100,TCL科技,2025-10-24 13:39:45,4.18,42300,4.18,U
sz000100,TCL科技,2025-10-24 13:39:48,4.17,113000,4.18,D
sz000100,TCL科技,2025-10-24 13:40:03,4.17,51800,4.17,D
sz000100,TCL科技,2025-10-24 13:40:48,4.17,73200,4.18,D
sz000100,TCL科技,2025-10-24 13:41:03,4.18,232600,4.18,U
sz000100,TCL科技,2025-10-24 13:41:06,4.17,58400,4.18,D
sz000100,TCL科技,2025-10-24 13:41:12,4.18,43900,4.18,U
sz000100,TCL科技,2025-10-24 13:41:15,4.17,67000,4.18,D
sz000100,TCL科技,2025-10-24 13:41:18,4.17,284000,4.17,D
sz000100,TCL科技,2025-10-24 13:41:21,4.18,26600,4.17,U
sz000100,TCL科技,2025-10-24 13:41:39,4.18,55500,4.17,U
sz000100,TCL科技,2025-10-24 13:41:51,4.18,21300,4.18,U
sz000100,TCL科技,2025-10-24 13:42:03,4.17,225000,4.18,D
sz000100,TCL科技,2025-10-24 13:42:06,4.17,55500,4.17,D
sz000100,TCL科技,2025-10-24 13:42:09,4.18,124800,4.17,U
sz000100,TCL科技,2025-10-24 13:42:21,4.17,27500,4.17,D
sz000100,TCL科技,2025-10-24 13:42:30,4.18,40400,4.17,U
sz000100,TCL科技,2025-10-24 13:42:33,4.18,64900,4.18,U
sz000100,TCL科技,2025-10-24 13:42:42,4.17,38900,4.18,D
sz000100,TCL科技,2025-10-24 13:42:48,4.17,91800,4.17,D
sz000100,TCL科技,2025-10-24 13:43:00,4.18,47500,4.18,U
sz000100,TCL科技,2025-10-24 13:43:03,4.18,94900,4.18,U
sz000100,TCL科技,2025-10-24 13:43:06,4.17,46800,4.18,D
sz000100,TCL科技,2025-10-24 13:43:12,4.17,99100,4.17,D
sz000100,TCL科技,2025-10-24 13:43:15,4.17,145500,4.17,D
sz000100,TCL科技,2025-10-24 13:43:18,4.17,414800,4.17,D
sz000100,TCL科技,2025-10-24 13:43:21,4.17,396600,4.17,D
sz000100,TCL科技,2025-10-24 13:43:24,4.17,58800,4.17,D
sz000100,TCL科技,2025-10-24 13:43:39,4.18,45700,4.17,U
sz000100,TCL科技,2025-10-24 13:43:45,4.17,39600,4.18,D
sz000100,TCL科技,2025-10-24 13:43:48,4.18,46200,4.17,U
sz000100,TCL科技,2025-10-24 13:44:03,4.17,151700,4.18,D
sz000100,TCL科技,2025-10-24 13:44:09,4.17,44400,4.17,D
sz000100,TCL科技,2025-10-24 13:44:21,4.17,40100,4.17,D
sz000100,TCL科技,2025-10-24 13:44:27,4.17,41900,4.17,D
sz000100,TCL科技,2025-10-24 13:44:30,4.17,37600,4.17,D
sz000100,TCL科技,2025-10-24 13:44:33,4.17,70600,4.17,D
sz000100,TCL科技,2025-10-24 13:44:36,4.17,24800,4.17,D
sz000100,TCL科技,2025-10-24 13:44:48,4.17,69000,4.17,D
sz000100,TCL科技,2025-10-24 13:45:00,4.17,32300,4.18,D
sz000100,TCL科技,2025-10-24 13:45:03,4.17,33300,4.17,D
sz000100,TCL科技,2025-10-24 13:45:06,4.17,32200,4.17,D
sz000100,TCL科技,2025-10-24 13:45:09,4.17,60100,4.17,D
sz000100,TCL科技,2025-10-24 13:45:24,4.17,30100,4.18,D
sz000100,TCL科技,2025-10-24 13:45:39,4.17,59100,4.18,D
sz000100,TCL科技,2025-10-24 13:45:48,4.17,25000,4.17,D
sz000100,TCL科技,2025-10-24 13:45:51,4.18,26700,4.17,U
sz000100,TCL科技,2025-10-24 13:45:57,4.17,61100,4.18,D
sz000100,TCL科技,2025-10-24 13:46:03,4.18,33700,4.18,U
sz000100,TCL科技,2025-10-24 13:46:09,4.17,26800,4.18,D
sz000100,TCL科技,2025-10-24 13:46:24,4.17,25100,4.17,D
sz000100,TCL科技,2025-10-24 13:46:36,4.17,25000,4.18,D
sz000100,TCL科技,2025-10-24 13:46:48,4.17,26400,4.17,D
sz000100,TCL科技,2025-10-24 13:47:00,4.18,23500,4.18,U
sz000100,TCL科技,2025-10-24 13:47:21,4.17,24300,4.18,D
sz000100,TCL科技,2025-10-24 13:47:30,4.17,30500,4.17,D
sz000100,TCL科技,2025-10-24 13:47:36,4.18,63100,4.17,U
sz000100,TCL科技,2025-10-24 13:47:39,4.17,50000,4.18,D
sz000100,TCL科技,2025-10-24 13:47:42,4.17,25400,4.17,D
sz000100,TCL科技,2025-10-24 13:47:48,4.17,48100,4.17,D
sz000100,TCL科技,2025-10-24 13:48:06,4.18,42800,4.18,U
sz000100,TCL科技,2025-10-24 13:48:15,4.18,24600,4.18,U
sz000100,TCL科技,2025-10-24 13:48:21,4.17,42600,4.18,D
sz000100,TCL科技,2025-10-24 13:48:42,4.18,44000,4.18,U
sz000100,TCL科技,2025-10-24 13:49:09,4.18,150200,4.18,U
sz000100,TCL科技,2025-10-24 13:49:18,4.17,48100,4.17,D
sz000100,TCL科技,2025-10-24 13:49:48,4.18,40700,4.17,U
sz000100,TCL科技,2025-10-24 13:50:03,4.18,34000,4.18,U
sz000100,TCL科技,2025-10-24 13:50:06,4.17,56100,4.18,D
sz000100,TCL科技,2025-10-24 13:50:45,4.18,22400,4.17,U
sz000100,TCL科技,2025-10-24 13:50:48,4.18,34800,4.18,U
sz000100,TCL科技,2025-10-24 13:51:12,4.18,26800,4.18,U
sz000100,TCL科技,2025-10-24 13:51:15,4.18,21200,4.18,U
sz000100,TCL科技,2025-10-24 13:51:21,4.18,28600,4.18,U
sz000100,TCL科技,2025-10-24 13:51:45,4.18,44310,4.18,U
sz000100,TCL科技,2025-10-24 13:51:54,4.18,150900,4.18,U
sz000100,TCL科技,2025-10-24 13:51:57,4.18,88300,4.18,U
sz000100,TCL科技,2025-10-24 13:52:06,4.18,35500,4.17,U
sz000100,TCL科技,2025-10-24 13:52:09,4.17,61300,4.18,D
sz000100,TCL科技,2025-10-24 13:52:15,4.17,30200,4.18,D
sz000100,TCL科技,2025-10-24 13:52:18,4.18,25200,4.17,U
sz000100,TCL科技,2025-10-24 13:52:51,4.17,21000,4.18,D
sz000100,TCL科技,2025-10-24 13:53:21,4.17,27200,4.18,D
sz000100,TCL科技,2025-10-24 13:53:30,4.17,28240,4.17,D
sz000100,TCL科技,2025-10-24 13:53:51,4.17,23600,4.17,D
sz000100,TCL科技,2025-10-24 13:54:00,4.17,58600,4.17,D
sz000100,TCL科技,2025-10-24 13:56:24,4.17,36400,4.17,D
sz000100,TCL科技,2025-10-24 13:56:33,4.18,54300,4.18,U
sz000100,TCL科技,2025-10-24 13:56:36,4.18,1827500,4.18,U
sz000100,TCL科技,2025-10-24 13:56:39,4.18,2575800,4.18,U
sz000100,TCL科技,2025-10-24 13:56:42,4.18,441710,4.18,U
sz000100,TCL科技,2025-10-24 13:56:48,4.19,21000,4.18,U
sz000100,TCL科技,2025-10-24 13:56:57,4.18,31000,4.19,D
sz000100,TCL科技,2025-10-24 13:57:06,4.19,30210,4.19,U
sz000100,TCL科技,2025-10-24 13:57:09,4.19,20700,4.19,U
sz000100,TCL科技,2025-10-24 13:57:18,4.18,33900,4.19,D
sz000100,TCL科技,2025-10-24 13:57:27,4.19,30100,4.19,U
sz000100,TCL科技,2025-10-24 13:57:30,4.19,31900,4.19,U
sz000100,TCL科技,2025-10-24 13:58:03,4.18,126400,4.19,D
sz000100,TCL科技,2025-10-24 13:59:06,4.18,33700,4.18,D
sz000100,TCL科技,2025-10-24 13:59:30,4.18,82400,4.19,D
sz000100,TCL科技,2025-10-24 13:59:42,4.19,1198900,4.19,U
sz000100,TCL科技,2025-10-24 13:59:45,4.18,54800,4.19,D
sz000100,TCL科技,2025-10-24 14:00:06,4.18,27100,4.19,D
sz000100,TCL科技,2025-10-24 14:00:21,4.18,48500,4.18,D
sz000100,TCL科技,2025-10-24 14:00:54,4.19,28800,4.19,U
sz000100,TCL科技,2025-10-24 14:01:27,4.18,77500,4.18,D
sz000100,TCL科技,2025-10-24 14:01:36,4.19,38400,4.18,U
sz000100,TCL科技,2025-10-24 14:01:48,4.18,36400,4.18,D
sz000100,TCL科技,2025-10-24 14:01:51,4.18,53800,4.18,D
sz000100,TCL科技,2025-10-24 14:01:54,4.18,40700,4.18,D
sz000100,TCL科技,2025-10-24 14:02:06,4.18,35500,4.19,D
sz000100,TCL科技,2025-10-24 14:02:12,4.18,20100,4.19,D
sz000100,TCL科技,2025-10-24 14:02:18,4.18,26300,4.18,D
sz000100,TCL科技,2025-10-24 14:02:24,4.18,22800,4.18,D
sz000100,TCL科技,2025-10-24 14:02:48,4.18,21700,4.18,D
sz000100,TCL科技,2025-10-24 14:03:03,4.18,2879080,4.18,D
sz000100,TCL科技,2025-10-24 14:03:06,4.17,408900,4.18,D
sz000100,TCL科技,2025-10-24 14:03:09,4.17,120900,4.17,D
sz000100,TCL科技,2025-10-24 14:03:12,4.18,295800,4.17,U
sz000100,TCL科技,2025-10-24 14:03:15,4.18,69200,4.18,U
sz000100,TCL科技,2025-10-24 14:03:21,4.18,234000,4.18,U
sz000100,TCL科技,2025-10-24 14:03:24,4.18,40500,4.18,U
sz000100,TCL科技,2025-10-24 14:03:39,4.18,92800,4.18,U
sz000100,TCL科技,2025-10-24 14:03:51,4.18,24900,4.18,U
sz000100,TCL科技,2025-10-24 14:04:06,4.18,94400,4.18,U
sz000100,TCL科技,2025-10-24 14:04:15,4.18,32800,4.18,U
sz000100,TCL科技,2025-10-24 14:04:21,4.18,50710,4.18,U
sz000100,TCL科技,2025-10-24 14:04:24,4.17,86790,4.18,D
sz000100,TCL科技,2025-10-24 14:05:00,4.18,56500,4.18,U
sz000100,TCL科技,2025-10-24 14:05:06,4.18,99400,4.18,D
sz000100,TCL科技,2025-10-24 14:05:09,4.18,30500,4.18,U
sz000100,TCL科技,2025-10-24 14:05:12,4.18,107484,4.18,U
sz000100,TCL科技,2025-10-24 14:05:36,4.18,49900,4.18,D
sz000100,TCL科技,2025-10-24 14:05:42,4.18,202500,4.18,D
sz000100,TCL科技,2025-10-24 14:06:00,4.18,20100,4.19,D
sz000100,TCL科技,2025-10-24 14:06:03,4.18,50100,4.18,D
sz000100,TCL科技,2025-10-24 14:06:12,4.19,30600,4.18,U
sz000100,TCL科技,2025-10-24 14:06:33,4.18,44000,4.18,D
sz000100,TCL科技,2025-10-24 14:07:21,4.18,31000,4.18,D
sz000100,TCL科技,2025-10-24 14:08:00,4.19,20800,4.19,U
sz000100,TCL科技,2025-10-24 14:08:09,4.18,26100,4.19,D
sz000100,TCL科技,2025-10-24 14:08:12,4.19,90200,4.18,U
sz000100,TCL科技,2025-10-24 14:08:15,4.18,20200,4.19,D
sz000100,TCL科技,2025-10-24 14:08:27,4.18,56500,4.18,D
sz000100,TCL科技,2025-10-24 14:08:30,4.18,21800,4.18,D
sz000100,TCL科技,2025-10-24 14:08:45,4.18,1334940,4.19,D
sz000100,TCL科技,2025-10-24 14:08:48,4.17,206200,4.18,D
sz000100,TCL科技,2025-10-24 14:08:51,4.17,23800,4.17,D
sz000100,TCL科技,2025-10-24 14:08:57,4.18,69500,4.17,U
sz000100,TCL科技,2025-10-24 14:09:12,4.18,29000,4.18,U
sz000100,TCL科技,2025-10-24 14:09:48,4.18,28400,4.17,U
sz000100,TCL科技,2025-10-24 14:09:57,4.18,176100,4.17,U
sz000100,TCL科技,2025-10-24 14:10:00,4.18,175700,4.18,U
sz000100,TCL科技,2025-10-24 14:10:21,4.18,23800,4.18,U
sz000100,TCL科技,2025-10-24 14:10:24,4.18,125100,4.18,U
sz000100,TCL科技,2025-10-24 14:10:27,4.18,41600,4.18,U
sz000100,TCL科技,2025-10-24 14:10:30,4.18,52500,4.18,U
sz000100,TCL科技,2025-10-24 14:10:33,4.17,74500,4.18,D
sz000100,TCL科技,2025-10-24 14:11:03,4.18,55900,4.18,U
sz000100,TCL科技,2025-10-24 14:11:21,4.18,82500,4.18,U
sz000100,TCL科技,2025-10-24 14:11:24,4.17,27800,4.18,D
sz000100,TCL科技,2025-10-24 14:11:36,4.18,67100,4.17,U
sz000100,TCL科技,2025-10-24 14:11:39,4.18,29200,4.18,U
sz000100,TCL科技,2025-10-24 14:12:21,4.18,56400,4.18,U
sz000100,TCL科技,2025-10-24 14:12:54,4.17,40500,4.18,D
sz000100,TCL科技,2025-10-24 14:13:12,4.18,30200,4.18,U
sz000100,TCL科技,2025-10-24 14:13:21,4.18,408500,4.17,U
sz000100,TCL科技,2025-10-24 14:13:24,4.17,77400,4.18,D
sz000100,TCL科技,2025-10-24 14:13:27,4.18,30200,4.17,U
sz000100,TCL科技,2025-10-24 14:13:42,4.18,119600,4.18,U
sz000100,TCL科技,2025-10-24 14:13:51,4.17,28800,4.18,D
sz000100,TCL科技,2025-10-24 14:14:03,4.18,20700,4.18,U
sz000100,TCL科技,2025-10-24 14:14:51,4.17,29400,4.18,D
sz000100,TCL科技,2025-10-24 14:15:00,4.18,21300,4.18,U
sz000100,TCL科技,2025-10-24 14:15:24,4.17,23000,4.17,D
sz000100,TCL科技,2025-10-24 14:16:21,4.17,36000,4.17,D
sz000100,TCL科技,2025-10-24 14:16:51,4.17,34000,4.17,D
sz000100,TCL科技,2025-10-24 14:17:15,4.18,41700,4.17,U
sz000100,TCL科技,2025-10-24 14:17:24,4.18,26270,4.18,U
sz000100,TCL科技,2025-10-24 14:18:00,4.18,449200,4.17,U
sz000100,TCL科技,2025-10-24 14:18:03,4.18,689400,4.18,U
sz000100,TCL科技,2025-10-24 14:18:06,4.18,20100,4.18,U
sz000100,TCL科技,2025-10-24 14:18:09,4.18,68100,4.18,U
sz000100,TCL科技,2025-10-24 14:18:12,4.18,322400,4.18,U
sz000100,TCL科技,2025-10-24 14:18:24,4.18,29100,4.17,U
sz000100,TCL科技,2025-10-24 14:19:21,4.17,22400,4.18,D
sz000100,TCL科技,2025-10-24 14:19:30,4.18,70100,4.18,U
sz000100,TCL科技,2025-10-24 14:19:54,4.18,42420,4.17,U
sz000100,TCL科技,2025-10-24 14:20:09,4.17,20800,4.18,D
sz000100,TCL科技,2025-10-24 14:20:30,4.17,906600,4.17,D
sz000100,TCL科技,2025-10-24 14:20:33,4.18,66300,4.17,U
sz000100,TCL科技,2025-10-24 14:20:36,4.18,122600,4.18,U
sz000100,TCL科技,2025-10-24 14:20:42,4.17,35100,4.18,D
sz000100,TCL科技,2025-10-24 14:20:51,4.18,135200,4.18,U
sz000100,TCL科技,2025-10-24 14:20:54,4.18,20300,4.18,U
sz000100,TCL科技,2025-10-24 14:21:12,4.18,53700,4.18,U
sz000100,TCL科技,2025-10-24 14:21:18,4.18,178500,4.18,U
sz000100,TCL科技,2025-10-24 14:21:21,4.18,47300,4.18,U
sz000100,TCL科技,2025-10-24 14:21:30,4.18,66600,4.18,U
sz000100,TCL科技,2025-10-24 14:24:12,4.18,50700,4.17,U
sz000100,TCL科技,2025-10-24 14:24:24,4.17,23300,4.17,D
sz000100,TCL科技,2025-10-24 14:24:36,4.18,22700,4.18,U
sz000100,TCL科技,2025-10-24 14:24:51,4.17,27200,4.18,D
sz000100,TCL科技,2025-10-24 14:25:03,4.17,168600,4.17,D
sz000100,TCL科技,2025-10-24 14:25:21,4.17,23600,4.17,D
sz000100,TCL科技,2025-10-24 14:25:27,4.18,38200,4.17,U
sz000100,TCL科技,2025-10-24 14:25:39,4.18,47700,4.18,U
sz000100,TCL科技,2025-10-24 14:25:45,4.18,33300,4.18,U
sz000100,TCL科技,2025-10-24 14:25:51,4.17,34650,4.18,D
sz000100,TCL科技,2025-10-24 14:26:18,4.17,37700,4.18,D
sz000100,TCL科技,2025-10-24 14:26:21,4.17,24100,4.17,D
sz000100,TCL科技,2025-10-24 14:26:24,4.17,46800,4.17,D
sz000100,TCL科技,2025-10-24 14:26:51,4.17,38000,4.17,D
sz000100,TCL科技,2025-10-24 14:26:57,4.17,21100,4.18,D
sz000100,TCL科技,2025-10-24 14:27:12,4.18,25000,4.18,U
sz000100,TCL科技,2025-10-24 14:27:21,4.18,111900,4.18,U
sz000100,TCL科技,2025-10-24 14:27:24,4.17,38500,4.18,D
sz000100,TCL科技,2025-10-24 14:27:30,4.18,26600,4.17,U
sz000100,TCL科技,2025-10-24 14:27:48,4.18,21000,4.17,U
sz000100,TCL科技,2025-10-24 14:28:09,4.18,39500,4.18,U
sz000100,TCL科技,2025-10-24 14:28:21,4.17,28900,4.17,D
sz000100,TCL科技,2025-10-24 14:28:39,4.18,125190,4.17,U
sz000100,TCL科技,2025-10-24 14:28:48,4.18,77500,4.17,U
sz000100,TCL科技,2025-10-24 14:28:54,4.18,23600,4.18,U
sz000100,TCL科技,2025-10-24 14:29:03,4.18,36100,4.17,U
sz000100,TCL科技,2025-10-24 14:29:12,4.18,38400,4.18,U
sz000100,TCL科技,2025-10-24 14:29:18,4.17,40800,4.17,D
sz000100,TCL科技,2025-10-24 14:29:24,4.18,42300,4.17,U
sz000100,TCL科技,2025-10-24 14:29:30,4.17,23200,4.17,D
sz000100,TCL科技,2025-10-24 14:29:51,4.17,22500,4.17,D
sz000100,TCL科技,2025-10-24 14:29:57,4.17,104000,4.18,D
sz000100,TCL科技,2025-10-24 14:30:09,4.18,40200,4.18,U
sz000100,TCL科技,2025-10-24 14:30:21,4.17,40100,4.17,D
sz000100,TCL科技,2025-10-24 14:30:33,4.18,23900,4.18,U
sz000100,TCL科技,2025-10-24 14:30:36,4.18,57800,4.18,U
sz000100,TCL科技,2025-10-24 14:30:39,4.18,23050,4.18,U
sz000100,TCL科技,2025-10-24 14:30:48,4.18,27300,4.18,U
sz000100,TCL科技,2025-10-24 14:30:57,4.18,32600,4.18,U
sz000100,TCL科技,2025-10-24 14:31:15,4.17,136200,4.18,D
sz000100,TCL科技,2025-10-24 14:31:18,4.18,226900,4.17,U
sz000100,TCL科技,2025-10-24 14:31:27,4.18,24100,4.17,U
sz000100,TCL科技,2025-10-24 14:31:36,4.18,60400,4.17,U
sz000100,TCL科技,2025-10-24 14:31:57,4.18,47800,4.18,U
sz000100,TCL科技,2025-10-24 14:32:00,4.17,59500,4.18,D
sz000100,TCL科技,2025-10-24 14:32:03,4.18,34000,4.17,U
sz000100,TCL科技,2025-10-24 14:32:18,4.17,22300,4.18,D
sz000100,TCL科技,2025-10-24 14:32:21,4.17,242300,4.17,D
sz000100,TCL科技,2025-10-24 14:32:27,4.17,46000,4.17,D
sz000100,TCL科技,2025-10-24 14:32:42,4.17,41000,4.18,D
sz000100,TCL科技,2025-10-24 14:32:45,4.17,239400,4.17,D
sz000100,TCL科技,2025-10-24 14:33:00,4.18,127700,4.18,U
sz000100,TCL科技,2025-10-24 14:33:06,4.18,101000,4.17,U
sz000100,TCL科技,2025-10-24 14:33:15,4.18,20100,4.17,U
sz000100,TCL科技,2025-10-24 14:33:30,4.18,22500,4.17,U
sz000100,TCL科技,2025-10-24 14:33:39,4.18,145200,4.18,U
sz000100,TCL科技,2025-10-24 14:33:42,4.17,40500,4.18,D
sz000100,TCL科技,2025-10-24 14:33:48,4.18,49200,4.17,U
sz000100,TCL科技,2025-10-24 14:34:09,4.18,31400,4.18,U
sz000100,TCL科技,2025-10-24 14:34:21,4.17,29400,4.18,D
sz000100,TCL科技,2025-10-24 14:34:33,4.17,107300,4.18,D
sz000100,TCL科技,2025-10-24 14:34:39,4.17,28500,4.18,D
sz000100,TCL科技,2025-10-24 14:35:12,4.18,29900,4.17,U
sz000100,TCL科技,2025-10-24 14:35:21,4.17,20800,4.18,D
sz000100,TCL科技,2025-10-24 14:35:24,4.17,25300,4.17,D
sz000100,TCL科技,2025-10-24 14:35:36,4.18,488600,4.17,U
sz000100,TCL科技,2025-10-24 14:35:42,4.17,66900,4.17,D
sz000100,TCL科技,2025-10-24 14:36:03,4.17,30900,4.18,D
sz000100,TCL科技,2025-10-24 14:36:12,4.17,58800,4.18,D
sz000100,TCL科技,2025-10-24 14:36:21,4.17,77700,4.18,D
sz000100,TCL科技,2025-10-24 14:36:51,4.18,44900,4.18,U
sz000100,TCL科技,2025-10-24 14:36:54,4.17,21600,4.18,D
sz000100,TCL科技,2025-10-24 14:36:57,4.17,76000,4.17,D
sz000100,TCL科技,2025-10-24 14:37:03,4.18,44600,4.17,U
sz000100,TCL科技,2025-10-24 14:37:09,4.18,45800,4.18,U
sz000100,TCL科技,2025-10-24 14:37:21,4.17,24100,4.18,D
sz000100,TCL科技,2025-10-24 14:37:42,4.18,188800,4.17,U
sz000100,TCL科技,2025-10-24 14:37:45,4.18,55900,4.18,U
sz000100,TCL科技,2025-10-24 14:37:57,4.18,21300,4.17,U
sz000100,TCL科技,2025-10-24 14:38:27,4.18,34900,4.17,U
sz000100,TCL科技,2025-10-24 14:38:48,4.17,124400,4.18,D
sz000100,TCL科技,2025-10-24 14:38:51,4.18,41000,4.17,U
sz000100,TCL科技,2025-10-24 14:39:09,4.18,355100,4.18,U
sz000100,TCL科技,2025-10-24 14:39:15,4.17,50300,4.17,D
sz000100,TCL科技,2025-10-24 14:39:54,4.17,31900,4.17,D
sz000100,TCL科技,2025-10-24 14:39:57,4.18,28100,4.17,U
sz000100,TCL科技,2025-10-24 14:40:00,4.18,27100,4.18,U
sz000100,TCL科技,2025-10-24 14:40:06,4.18,25500,4.18,U
sz000100,TCL科技,2025-10-24 14:40:12,4.18,24600,4.18,U
sz000100,TCL科技,2025-10-24 14:40:15,4.18,25800,4.18,U
sz000100,TCL科技,2025-10-24 14:40:18,4.17,29000,4.18,D
sz000100,TCL科技,2025-10-24 14:40:21,4.17,20700,4.17,D
sz000100,TCL科技,2025-10-24 14:40:24,4.17,63970,4.17,D
sz000100,TCL科技,2025-10-24 14:40:27,4.18,29500,4.17,U
sz000100,TCL科技,2025-10-24 14:41:18,4.17,980600,4.18,D
sz000100,TCL科技,2025-10-24 14:41:30,4.18,990100,4.17,U
sz000100,TCL科技,2025-10-24 14:41:36,4.18,229600,4.18,U
sz000100,TCL科技,2025-10-24 14:41:42,4.18,25600,4.18,U
sz000100,TCL科技,2025-10-24 14:41:45,4.18,235500,4.18,U
sz000100,TCL科技,2025-10-24 14:41:48,4.18,991700,4.18,U
sz000100,TCL科技,2025-10-24 14:41:51,4.17,26900,4.18,D
sz000100,TCL科技,2025-10-24 14:41:57,4.18,30000,4.18,U
sz000100,TCL科技,2025-10-24 14:42:00,4.17,990800,4.18,D
sz000100,TCL科技,2025-10-24 14:42:03,4.18,83300,4.17,U
sz000100,TCL科技,2025-10-24 14:42:15,4.17,21400,4.18,D
sz000100,TCL科技,2025-10-24 14:42:18,4.17,201530,4.17,D
sz000100,TCL科技,2025-10-24 14:42:27,4.18,134900,4.17,U
sz000100,TCL科技,2025-10-24 14:42:30,4.18,22790,4.18,U
sz000100,TCL科技,2025-10-24 14:43:06,4.18,22700,4.18,U
sz000100,TCL科技,2025-10-24 14:43:12,4.18,23300,4.18,U
sz000100,TCL科技,2025-10-24 14:43:15,4.17,110800,4.18,D
sz000100,TCL科技,2025-10-24 14:43:36,4.18,320600,4.18,U
sz000100,TCL科技,2025-10-24 14:43:51,4.17,40700,4.18,D
sz000100,TCL科技,2025-10-24 14:43:57,4.18,28100,4.18,U
sz000100,TCL科技,2025-10-24 14:44:12,4.18,20900,4.18,U
sz000100,TCL科技,2025-10-24 14:44:33,4.17,91900,4.18,D
sz000100,TCL科技,2025-10-24 14:44:54,4.18,143200,4.17,U
sz000100,TCL科技,2025-10-24 14:44:57,4.18,29100,4.18,U
sz000100,TCL科技,2025-10-24 14:45:03,4.18,41100,4.18,U
sz000100,TCL科技,2025-10-24 14:45:06,4.18,106300,4.18,U
sz000100,TCL科技,2025-10-24 14:45:09,4.18,23500,4.18,U
sz000100,TCL科技,2025-10-24 14:45:18,4.18,20800,4.17,U
sz000100,TCL科技,2025-10-24 14:45:36,4.17,27100,4.18,D
sz000100,TCL科技,2025-10-24 14:45:39,4.18,40200,4.17,U
sz000100,TCL科技,2025-10-24 14:45:51,4.17,42900,4.18,D
sz000100,TCL科技,2025-10-24 14:46:06,4.18,703900,4.18,U
sz000100,TCL科技,2025-10-24 14:46:09,4.18,31100,4.18,U
sz000100,TCL科技,2025-10-24 14:46:18,4.17,39500,4.18,D
sz000100,TCL科技,2025-10-24 14:46:21,4.18,22300,4.17,U
sz000100,TCL科技,2025-10-24 14:46:24,4.18,1019300,4.18,U
sz000100,TCL科技,2025-10-24 14:46:30,4.17,32600,4.17,D
sz000100,TCL科技,2025-10-24 14:46:36,4.18,107500,4.18,U
sz000100,TCL科技,2025-10-24 14:46:39,4.17,1011800,4.18,D
sz000100,TCL科技,2025-10-24 14:46:42,4.18,1173900,4.17,U
sz000100,TCL科技,2025-10-24 14:46:45,4.18,448300,4.18,U
sz000100,TCL科技,2025-10-24 14:46:48,4.18,63800,4.18,U
sz000100,TCL科技,2025-10-24 14:46:51,4.17,55000,4.18,D
sz000100,TCL科技,2025-10-24 14:46:54,4.18,46500,4.17,U
sz000100,TCL科技,2025-10-24 14:47:03,4.18,55900,4.18,U
sz000100,TCL科技,2025-10-24 14:47:09,4.18,1063500,4.17,U
sz000100,TCL科技,2025-10-24 14:47:12,4.18,1408300,4.18,U
sz000100,TCL科技,2025-10-24 14:47:15,4.18,848640,4.18,U
sz000100,TCL科技,2025-10-24 14:47:18,4.18,775900,4.18,D
sz000100,TCL科技,2025-10-24 14:47:21,4.18,30700,4.18,D
sz000100,TCL科技,2025-10-24 14:47:27,4.18,948700,4.18,D
sz000100,TCL科技,2025-10-24 14:47:33,4.19,35500,4.19,U
sz000100,TCL科技,2025-10-24 14:47:36,4.18,24900,4.19,D
sz000100,TCL科技,2025-10-24 14:47:39,4.19,25100,4.18,U
sz000100,TCL科技,2025-10-24 14:48:03,4.19,20100,4.19,U
sz000100,TCL科技,2025-10-24 14:48:06,4.18,29500,4.19,D
sz000100,TCL科技,2025-10-24 14:48:15,4.19,46000,4.19,U
sz000100,TCL科技,2025-10-24 14:48:18,4.18,107000,4.19,D
sz000100,TCL科技,2025-10-24 14:48:21,4.18,50300,4.18,D
sz000100,TCL科技,2025-10-24 14:48:42,4.19,26700,4.19,U
sz000100,TCL科技,2025-10-24 14:49:03,4.19,204900,4.18,U
sz000100,TCL科技,2025-10-24 14:49:06,4.19,436600,4.19,U
sz000100,TCL科技,2025-10-24 14:49:21,4.18,21300,4.18,D
sz000100,TCL科技,2025-10-24 14:49:27,4.19,25300,4.18,U
sz000100,TCL科技,2025-10-24 14:49:39,4.18,51000,4.19,D
sz000100,TCL科技,2025-10-24 14:49:45,4.18,269500,4.19,D
sz000100,TCL科技,2025-10-24 14:50:03,4.19,23400,4.18,U
sz000100,TCL科技,2025-10-24 14:50:06,4.18,87700,4.19,D
sz000100,TCL科技,2025-10-24 14:50:15,4.18,35500,4.19,D
sz000100,TCL科技,2025-10-24 14:50:24,4.18,48400,4.19,D
sz000100,TCL科技,2025-10-24 14:50:45,4.18,30200,4.19,D
sz000100,TCL科技,2025-10-24 14:51:00,4.18,82300,4.19,D
sz000100,TCL科技,2025-10-24 14:51:09,4.18,34400,4.18,D
sz000100,TCL科技,2025-10-24 14:51:18,4.19,31100,4.18,U
sz000100,TCL科技,2025-10-24 14:51:24,4.18,50900,4.19,D
sz000100,TCL科技,2025-10-24 14:51:33,4.18,69600,4.18,D
sz000100,TCL科技,2025-10-24 14:51:42,4.18,123700,4.19,D
sz000100,TCL科技,2025-10-24 14:51:48,4.19,20500,4.18,U
sz000100,TCL科技,2025-10-24 14:51:54,4.19,21700,4.18,U
sz000100,TCL科技,2025-10-24 14:52:03,4.19,30600,4.19,U
sz000100,TCL科技,2025-10-24 14:52:09,4.19,27200,4.19,U
sz000100,TCL科技,2025-10-24 14:52:12,4.19,21900,4.19,U
sz000100,TCL科技,2025-10-24 14:52:15,4.19,39400,4.19,U
sz000100,TCL科技,2025-10-24 14:52:24,4.18,28900,4.19,D
sz000100,TCL科技,2025-10-24 14:52:30,4.18,28400,4.19,D
sz000100,TCL科技,2025-10-24 14:52:42,4.18,20600,4.19,D
sz000100,TCL科技,2025-10-24 14:52:48,4.18,21500,4.18,D
sz000100,TCL科技,2025-10-24 14:52:54,4.18,45600,4.18,D
sz000100,TCL科技,2025-10-24 14:53:12,4.18,189400,4.18,D
sz000100,TCL科技,2025-10-24 14:53:18,4.18,122700,4.18,D
sz000100,TCL科技,2025-10-24 14:53:24,4.18,21900,4.18,D
sz000100,TCL科技,2025-10-24 14:53:27,4.19,37300,4.18,U
sz000100,TCL科技,2025-10-24 14:53:30,4.18,20500,4.19,D
sz000100,TCL科技,2025-10-24 14:53:33,4.19,46300,4.18,U
sz000100,TCL科技,2025-10-24 14:53:39,4.18,140510,4.18,D
sz000100,TCL科技,2025-10-24 14:53:45,4.19,20500,4.18,U
sz000100,TCL科技,2025-10-24 14:54:03,4.19,73600,4.19,U
sz000100,TCL科技,2025-10-24 14:54:06,4.18,62200,4.19,D
sz000100,TCL科技,2025-10-24 14:54:18,4.18,58000,4.18,D
sz000100,TCL科技,2025-10-24 14:54:27,4.18,32600,4.18,D
sz000100,TCL科技,2025-10-24 14:54:30,4.19,132200,4.18,U
sz000100,TCL科技,2025-10-24 14:54:33,4.19,21400,4.19,U
sz000100,TCL科技,2025-10-24 14:54:36,4.19,32900,4.19,U
sz000100,TCL科技,2025-10-24 14:54:45,4.18,33100,4.18,D
sz000100,TCL科技,2025-10-24 14:54:54,4.19,179600,4.19,U
sz000100,TCL科技,2025-10-24 14:54:57,4.18,124100,4.19,D
sz000100,TCL科技,2025-10-24 14:55:00,4.19,77200,4.18,U
sz000100,TCL科技,2025-10-24 14:55:03,4.19,205200,4.19,U
sz000100,TCL科技,2025-10-24 14:55:06,4.18,38700,4.19,D
sz000100,TCL科技,2025-10-24 14:55:09,4.19,51300,4.18,U
sz000100,TCL科技,2025-10-24 14:55:12,4.19,45100,4.19,U
sz000100,TCL科技,2025-10-24 14:55:15,4.19,180500,4.19,U
sz000100,TCL科技,2025-10-24 14:55:18,4.18,149600,4.19,D
sz000100,TCL科技,2025-10-24 14:55:24,4.18,64400,4.19,D
sz000100,TCL科技,2025-10-24 14:55:30,4.18,987200,4.18,D
sz000100,TCL科技,2025-10-24 14:55:36,4.19,21800,4.19,U
sz000100,TCL科技,2025-10-24 14:55:39,4.19,43500,4.19,U
sz000100,TCL科技,2025-10-24 14:55:45,4.19,1034800,4.18,U
sz000100,TCL科技,2025-10-24 14:55:51,4.19,1197100,4.19,U
sz000100,TCL科技,2025-10-24 14:55:54,4.19,32700,4.19,U
sz000100,TCL科技,2025-10-24 14:55:57,4.19,1048800,4.19,U
sz000100,TCL科技,2025-10-24 14:56:00,4.19,98700,4.19,U
sz000100,TCL科技,2025-10-24 14:56:03,4.19,51400,4.19,U
sz000100,TCL科技,2025-10-24 14:56:06,4.19,142500,4.19,U
sz000100,TCL科技,2025-10-24 14:56:09,4.19,82100,4.19,U
sz000100,TCL科技,2025-10-24 14:56:12,4.18,60900,4.19,D
sz000100,TCL科技,2025-10-24 14:56:15,4.19,59400,4.18,U
sz000100,TCL科技,2025-10-24 14:56:18,4.19,122200,4.19,U
sz000100,TCL科技,2025-10-24 14:56:21,4.19,157000,4.19,U
sz000100,TCL科技,2025-10-24 14:56:24,4.19,830400,4.19,U
sz000100,TCL科技,2025-10-24 14:56:27,4.19,98100,4.19,U
sz000100,TCL科技,2025-10-24 14:56:30,4.19,143800,4.19,U
sz000100,TCL科技,2025-10-24 14:56:33,4.19,164830,4.19,U
sz000100,TCL科技,2025-10-24 14:56:36,4.19,92000,4.19,U
sz000100,TCL科技,2025-10-24 14:56:39,4.18,37900,4.19,D
sz000100,TCL科技,2025-10-24 14:56:42,4.19,20800,4.18,U
sz000100,TCL科技,2025-10-24 14:56:45,4.19,38000,4.19,U
sz000100,TCL科技,2025-10-24 14:56:48,4.19,44200,4.19,U
sz000100,TCL科技,2025-10-24 14:56:51,4.18,165200,4.19,D
sz000100,TCL科技,2025-10-24 14:56:54,4.19,63500,4.18,U
sz000100,TCL科技,2025-10-24 14:56:57,4.18,164900,4.19,D
sz000100,TCL科技,2025-10-24 14:57:00,4.19,163700,4.18,U
sz000100,TCL科技,2025-10-24 15:00:00,4.18,1735409,4.19,E
