symbol,name,ticktime,price,volume,prev_price,kind
sz000100,TCL科技,2025-09-17 09:25:00,4.34,1301760,0.0,D
sz000100,TCL科技,2025-09-17 09:30:00,4.34,844600,4.34,D
sz000100,TCL科技,2025-09-17 09:30:03,4.35,1151600,4.34,U
sz000100,TCL科技,2025-09-17 09:30:06,4.35,573710,4.35,U
sz000100,TCL科技,2025-09-17 09:30:09,4.35,164100,4.35,U
sz000100,TCL科技,2025-09-17 09:30:12,4.35,28600,4.35,U
sz000100,TCL科技,2025-09-17 09:30:15,4.34,59300,4.35,D
sz000100,TCL科技,2025-09-17 09:30:18,4.34,208900,4.34,D
sz000100,TCL科技,2025-09-17 09:30:21,4.35,635600,4.34,U
sz000100,TCL科技,2025-09-17 09:30:24,4.34,160100,4.35,D
sz000100,TCL科技,2025-09-17 09:30:27,4.35,52000,4.34,U
sz000100,TCL科技,2025-09-17 09:30:30,4.34,721130,4.35,D
sz000100,TCL科技,2025-09-17 09:30:33,4.34,77400,4.34,U
sz000100,TCL科技,2025-09-17 09:30:36,4.34,347800,4.34,U
sz000100,TCL科技,2025-09-17 09:30:39,4.34,59700,4.34,U
sz000100,TCL科技,2025-09-17 09:30:42,4.34,47100,4.34,U
sz000100,TCL科技,2025-09-17 09:30:45,4.34,189600,4.34,U
sz000100,TCL科技,2025-09-17 09:30:48,4.34,79800,4.34,U
sz000100,TCL科技,2025-09-17 09:30:51,4.34,769100,4.34,U
sz000100,TCL科技,2025-09-17 09:30:54,4.34,205300,4.34,D
sz000100,TCL科技,2025-09-17 09:30:57,4.34,46900,4.34,D
sz000100,TCL科技,2025-09-17 09:31:00,4.34,39810,4.34,D
sz000100,TCL科技,2025-09-17 09:31:06,4.34,110200,4.35,D
sz000100,TCL科技,2025-09-17 09:31:12,4.34,94200,4.35,D
sz000100,TCL科技,2025-09-17 09:31:15,4.34,78500,4.34,D
sz000100,TCL科技,2025-09-17 09:31:21,4.34,120500,4.34,D
sz000100,TCL科技,2025-09-17 09:31:24,4.34,36600,4.34,D
sz000100,TCL科技,2025-09-17 09:31:27,4.34,30600,4.34,D
sz000100,TCL科技,2025-09-17 09:31:30,4.35,24900,4.34,U
sz000100,TCL科技,2025-09-17 09:31:33,4.34,61700,4.35,D
sz000100,TCL科技,2025-09-17 09:31:36,4.35,204600,4.34,U
sz000100,TCL科技,2025-09-17 09:31:39,4.34,50700,4.35,D
sz000100,TCL科技,2025-09-17 09:31:42,4.34,29900,4.34,D
sz000100,TCL科技,2025-09-17 09:31:45,4.34,56500,4.34,D
sz000100,TCL科技,2025-09-17 09:31:48,4.34,92400,4.34,D
sz000100,TCL科技,2025-09-17 09:31:51,4.34,63200,4.34,D
sz000100,TCL科技,2025-09-17 09:31:54,4.34,187940,4.34,D
sz000100,TCL科技,2025-09-17 09:31:57,4.34,300300,4.34,D
sz000100,TCL科技,2025-09-17 09:32:00,4.34,1070850,4.34,D
sz000100,TCL科技,2025-09-17 09:32:03,4.33,98200,4.34,D
sz000100,TCL科技,2025-09-17 09:32:06,4.34,313900,4.33,U
sz000100,TCL科技,2025-09-17 09:32:12,4.33,56500,4.34,D
sz000100,TCL科技,2025-09-17 09:32:15,4.33,28300,4.33,D
sz000100,TCL科技,2025-09-17 09:32:21,4.34,29600,4.33,U
sz000100,TCL科技,2025-09-17 09:32:27,4.33,29000,4.34,D
sz000100,TCL科技,2025-09-17 09:32:30,4.33,63100,4.33,D
sz000100,TCL科技,2025-09-17 09:32:33,4.34,50800,4.33,U
sz000100,TCL科技,2025-09-17 09:32:36,4.34,23200,4.34,U
sz000100,TCL科技,2025-09-17 09:32:39,4.34,30600,4.34,U
sz000100,TCL科技,2025-09-17 09:32:42,4.34,32400,4.34,U
sz000100,TCL科技,2025-09-17 09:32:45,4.33,86800,4.34,D
sz000100,TCL科技,2025-09-17 09:32:48,4.34,21200,4.33,U
sz000100,TCL科技,2025-09-17 09:32:51,4.34,199300,4.34,U
sz000100,TCL科技,2025-09-17 09:32:54,4.34,51700,4.34,U
sz000100,TCL科技,2025-09-17 09:32:57,4.33,199600,4.34,D
sz000100,TCL科技,2025-09-17 09:33:00,4.34,410700,4.33,U
sz000100,TCL科技,2025-09-17 09:33:06,4.34,69400,4.34,U
sz000100,TCL科技,2025-09-17 09:33:09,4.34,66600,4.34,U
sz000100,TCL科技,2025-09-17 09:33:12,4.34,72100,4.34,U
sz000100,TCL科技,2025-09-17 09:33:15,4.33,96900,4.34,D
sz000100,TCL科技,2025-09-17 09:33:18,4.34,62550,4.33,U
sz000100,TCL科技,2025-09-17 09:33:21,4.34,156400,4.34,U
sz000100,TCL科技,2025-09-17 09:33:24,4.34,20500,4.34,U
sz000100,TCL科技,2025-09-17 09:33:27,4.34,54100,4.34,U
sz000100,TCL科技,2025-09-17 09:33:30,4.33,217300,4.34,D
sz000100,TCL科技,2025-09-17 09:33:33,4.34,26800,4.33,U
sz000100,TCL科技,2025-09-17 09:33:36,4.33,76300,4.34,D
sz000100,TCL科技,2025-09-17 09:33:39,4.34,21600,4.33,U
sz000100,TCL科技,2025-09-17 09:33:42,4.34,62100,4.34,U
sz000100,TCL科技,2025-09-17 09:33:45,4.34,42900,4.34,U
sz000100,TCL科技,2025-09-17 09:33:48,4.33,57700,4.34,D
sz000100,TCL科技,2025-09-17 09:33:51,4.34,214040,4.33,U
sz000100,TCL科技,2025-09-17 09:33:54,4.34,40100,4.34,U
sz000100,TCL科技,2025-09-17 09:33:57,4.33,34300,4.34,D
sz000100,TCL科技,2025-09-17 09:34:00,4.33,46400,4.33,D
sz000100,TCL科技,2025-09-17 09:34:06,4.33,38100,4.33,D
sz000100,TCL科技,2025-09-17 09:34:09,4.34,74300,4.33,U
sz000100,TCL科技,2025-09-17 09:34:15,4.33,40500,4.33,D
sz000100,TCL科技,2025-09-17 09:34:18,4.34,520900,4.33,U
sz000100,TCL科技,2025-09-17 09:34:24,4.34,38200,4.34,U
sz000100,TCL科技,2025-09-17 09:34:27,4.34,21600,4.34,U
sz000100,TCL科技,2025-09-17 09:34:30,4.34,58700,4.34,U
sz000100,TCL科技,2025-09-17 09:34:33,4.34,29100,4.34,U
sz000100,TCL科技,2025-09-17 09:34:36,4.33,60900,4.34,D
sz000100,TCL科技,2025-09-17 09:34:39,4.33,275300,4.33,D
sz000100,TCL科技,2025-09-17 09:34:42,4.34,799400,4.33,U
sz000100,TCL科技,2025-09-17 09:34:45,4.34,127630,4.34,U
sz000100,TCL科技,2025-09-17 09:34:48,4.34,252100,4.34,D
sz000100,TCL科技,2025-09-17 09:34:51,4.34,69600,4.34,D
sz000100,TCL科技,2025-09-17 09:34:54,4.34,33000,4.34,D
sz000100,TCL科技,2025-09-17 09:34:57,4.34,37900,4.34,D
sz000100,TCL科技,2025-09-17 09:35:00,4.34,111300,4.34,D
sz000100,TCL科技,2025-09-17 09:35:03,4.34,402770,4.34,D
sz000100,TCL科技,2025-09-17 09:35:06,4.33,37300,4.34,D
sz000100,TCL科技,2025-09-17 09:35:09,4.34,24600,4.33,U
sz000100,TCL科技,2025-09-17 09:35:15,4.34,34300,4.34,U
sz000100,TCL科技,2025-09-17 09:35:18,4.34,65100,4.34,U
sz000100,TCL科技,2025-09-17 09:35:27,4.34,75700,4.34,U
sz000100,TCL科技,2025-09-17 09:35:30,4.33,73100,4.34,D
sz000100,TCL科技,2025-09-17 09:35:33,4.34,32000,4.33,U
sz000100,TCL科技,2025-09-17 09:35:36,4.34,48700,4.34,U
sz000100,TCL科技,2025-09-17 09:35:51,4.33,61700,4.34,D
sz000100,TCL科技,2025-09-17 09:35:57,4.34,130000,4.33,U
sz000100,TCL科技,2025-09-17 09:36:00,4.34,79900,4.34,U
sz000100,TCL科技,2025-09-17 09:36:03,4.33,51000,4.34,D
sz000100,TCL科技,2025-09-17 09:36:06,4.34,24500,4.33,U
sz000100,TCL科技,2025-09-17 09:36:09,4.34,126400,4.34,U
sz000100,TCL科技,2025-09-17 09:36:12,4.33,20500,4.34,D
sz000100,TCL科技,2025-09-17 09:36:15,4.34,646100,4.33,U
sz000100,TCL科技,2025-09-17 09:36:18,4.34,1519000,4.34,U
sz000100,TCL科技,2025-09-17 09:36:21,4.34,153100,4.34,D
sz000100,TCL科技,2025-09-17 09:36:24,4.34,98160,4.34,D
sz000100,TCL科技,2025-09-17 09:36:27,4.35,108430,4.34,U
sz000100,TCL科技,2025-09-17 09:36:30,4.35,160700,4.35,U
sz000100,TCL科技,2025-09-17 09:36:33,4.35,77200,4.35,U
sz000100,TCL科技,2025-09-17 09:36:36,4.34,33600,4.35,D
sz000100,TCL科技,2025-09-17 09:36:39,4.35,46400,4.34,U
sz000100,TCL科技,2025-09-17 09:36:45,4.35,25300,4.34,U
sz000100,TCL科技,2025-09-17 09:36:48,4.34,37900,4.35,D
sz000100,TCL科技,2025-09-17 09:36:51,4.35,92800,4.34,U
sz000100,TCL科技,2025-09-17 09:36:57,4.35,29500,4.35,U
sz000100,TCL科技,2025-09-17 09:37:03,4.35,70200,4.35,U
sz000100,TCL科技,2025-09-17 09:37:09,4.35,286400,4.35,U
sz000100,TCL科技,2025-09-17 09:37:12,4.35,63200,4.35,U
sz000100,TCL科技,2025-09-17 09:37:15,4.35,322600,4.35,U
sz000100,TCL科技,2025-09-17 09:37:18,4.35,58300,4.35,U
sz000100,TCL科技,2025-09-17 09:37:24,4.35,398700,4.35,U
sz000100,TCL科技,2025-09-17 09:37:27,4.35,39100,4.35,U
sz000100,TCL科技,2025-09-17 09:37:30,4.34,471500,4.35,D
sz000100,TCL科技,2025-09-17 09:37:33,4.35,916600,4.34,U
sz000100,TCL科技,2025-09-17 09:37:36,4.35,210400,4.35,U
sz000100,TCL科技,2025-09-17 09:37:39,4.35,93200,4.35,D
sz000100,TCL科技,2025-09-17 09:37:42,4.35,56000,4.35,D
sz000100,TCL科技,2025-09-17 09:37:51,4.36,22600,4.35,U
sz000100,TCL科技,2025-09-17 09:37:54,4.35,91790,4.36,D
sz000100,TCL科技,2025-09-17 09:37:57,4.35,59300,4.35,D
sz000100,TCL科技,2025-09-17 09:38:00,4.35,387700,4.35,D
sz000100,TCL科技,2025-09-17 09:38:03,4.35,197600,4.35,D
sz000100,TCL科技,2025-09-17 09:38:06,4.35,196710,4.35,D
sz000100,TCL科技,2025-09-17 09:38:09,4.35,116000,4.35,U
sz000100,TCL科技,2025-09-17 09:38:12,4.34,260000,4.35,D
sz000100,TCL科技,2025-09-17 09:38:15,4.35,24300,4.34,U
sz000100,TCL科技,2025-09-17 09:38:18,4.35,26300,4.35,U
sz000100,TCL科技,2025-09-17 09:38:33,4.34,61500,4.35,D
sz000100,TCL科技,2025-09-17 09:38:42,4.34,26200,4.34,D
sz000100,TCL科技,2025-09-17 09:38:45,4.34,24930,4.34,D
sz000100,TCL科技,2025-09-17 09:38:48,4.34,162400,4.34,D
sz000100,TCL科技,2025-09-17 09:38:54,4.34,144800,4.34,D
sz000100,TCL科技,2025-09-17 09:38:57,4.35,168400,4.34,U
sz000100,TCL科技,2025-09-17 09:39:00,4.35,1704530,4.35,U
sz000100,TCL科技,2025-09-17 09:39:03,4.35,153520,4.35,D
sz000100,TCL科技,2025-09-17 09:39:09,4.35,35710,4.35,D
sz000100,TCL科技,2025-09-17 09:39:12,4.35,22500,4.35,D
sz000100,TCL科技,2025-09-17 09:39:15,4.35,60900,4.35,D
sz000100,TCL科技,2025-09-17 09:39:18,4.35,171200,4.35,D
sz000100,TCL科技,2025-09-17 09:39:21,4.35,86000,4.35,D
sz000100,TCL科技,2025-09-17 09:39:27,4.35,306700,4.35,D
sz000100,TCL科技,2025-09-17 09:39:30,4.35,34200,4.35,D
sz000100,TCL科技,2025-09-17 09:39:33,4.35,142100,4.35,D
sz000100,TCL科技,2025-09-17 09:39:36,4.35,25900,4.35,D
sz000100,TCL科技,2025-09-17 09:39:39,4.35,27200,4.35,D
sz000100,TCL科技,2025-09-17 09:39:51,4.35,194400,4.35,D
sz000100,TCL科技,2025-09-17 09:39:54,4.35,605380,4.35,D
sz000100,TCL科技,2025-09-17 09:39:57,4.35,100300,4.35,D
sz000100,TCL科技,2025-09-17 09:40:00,4.34,185750,4.35,D
sz000100,TCL科技,2025-09-17 09:40:06,4.35,748660,4.34,U
sz000100,TCL科技,2025-09-17 09:40:09,4.35,303500,4.35,D
sz000100,TCL科技,2025-09-17 09:40:12,4.36,33100,4.35,U
sz000100,TCL科技,2025-09-17 09:40:15,4.36,108500,4.36,U
sz000100,TCL科技,2025-09-17 09:40:18,4.35,62290,4.36,D
sz000100,TCL科技,2025-09-17 09:40:21,4.35,75000,4.35,D
sz000100,TCL科技,2025-09-17 09:40:24,4.36,34200,4.35,U
sz000100,TCL科技,2025-09-17 09:40:33,4.36,50900,4.36,U
sz000100,TCL科技,2025-09-17 09:40:48,4.36,28600,4.36,U
sz000100,TCL科技,2025-09-17 09:40:51,4.35,77230,4.36,D
sz000100,TCL科技,2025-09-17 09:41:00,4.35,37580,4.35,D
sz000100,TCL科技,2025-09-17 09:41:03,4.36,4313910,4.35,U
sz000100,TCL科技,2025-09-17 09:41:06,4.36,316000,4.36,D
sz000100,TCL科技,2025-09-17 09:41:09,4.36,31700,4.36,D
sz000100,TCL科技,2025-09-17 09:41:15,4.36,139000,4.36,D
sz000100,TCL科技,2025-09-17 09:41:18,4.37,20300,4.36,U
sz000100,TCL科技,2025-09-17 09:41:21,4.36,200400,4.37,D
sz000100,TCL科技,2025-09-17 09:41:24,4.37,136700,4.36,U
sz000100,TCL科技,2025-09-17 09:41:30,4.36,95300,4.37,D
sz000100,TCL科技,2025-09-17 09:41:33,4.37,220600,4.36,U
sz000100,TCL科技,2025-09-17 09:41:39,4.37,86100,4.37,U
sz000100,TCL科技,2025-09-17 09:41:42,4.37,175000,4.37,U
sz000100,TCL科技,2025-09-17 09:41:45,4.37,21400,4.37,U
sz000100,TCL科技,2025-09-17 09:41:54,4.36,80500,4.36,D
sz000100,TCL科技,2025-09-17 09:41:57,4.36,49000,4.36,D
sz000100,TCL科技,2025-09-17 09:42:00,4.37,38200,4.36,U
sz000100,TCL科技,2025-09-17 09:42:03,4.37,38500,4.37,U
sz000100,TCL科技,2025-09-17 09:42:06,4.37,20500,4.37,U
sz000100,TCL科技,2025-09-17 09:42:09,4.37,20900,4.37,U
sz000100,TCL科技,2025-09-17 09:42:12,4.37,44900,4.37,U
sz000100,TCL科技,2025-09-17 09:42:15,4.36,32300,4.37,D
sz000100,TCL科技,2025-09-17 09:42:21,4.36,67800,4.37,D
sz000100,TCL科技,2025-09-17 09:42:24,4.37,38900,4.36,U
sz000100,TCL科技,2025-09-17 09:42:27,4.37,26200,4.37,U
sz000100,TCL科技,2025-09-17 09:42:33,4.37,80300,4.37,U
sz000100,TCL科技,2025-09-17 09:42:36,4.37,27100,4.37,U
sz000100,TCL科技,2025-09-17 09:42:39,4.37,63500,4.37,U
sz000100,TCL科技,2025-09-17 09:42:42,4.37,69100,4.37,U
sz000100,TCL科技,2025-09-17 09:42:45,4.37,149000,4.37,U
sz000100,TCL科技,2025-09-17 09:42:48,4.37,286000,4.37,U
sz000100,TCL科技,2025-09-17 09:42:51,4.37,33600,4.37,U
sz000100,TCL科技,2025-09-17 09:42:54,4.37,246300,4.37,U
sz000100,TCL科技,2025-09-17 09:42:57,4.36,32900,4.37,D
sz000100,TCL科技,2025-09-17 09:43:03,4.36,34600,4.37,D
sz000100,TCL科技,2025-09-17 09:43:06,4.37,45500,4.36,U
sz000100,TCL科技,2025-09-17 09:43:09,4.37,110900,4.37,U
sz000100,TCL科技,2025-09-17 09:43:12,4.36,66900,4.37,D
sz000100,TCL科技,2025-09-17 09:43:15,4.37,63500,4.36,U
sz000100,TCL科技,2025-09-17 09:43:18,4.36,69600,4.37,D
sz000100,TCL科技,2025-09-17 09:43:21,4.37,114400,4.36,U
sz000100,TCL科技,2025-09-17 09:43:27,4.36,56800,4.37,D
sz000100,TCL科技,2025-09-17 09:43:33,4.36,26800,4.36,D
sz000100,TCL科技,2025-09-17 09:43:36,4.36,25600,4.36,D
sz000100,TCL科技,2025-09-17 09:43:39,4.37,28200,4.36,U
sz000100,TCL科技,2025-09-17 09:43:45,4.36,27000,4.37,D
sz000100,TCL科技,2025-09-17 09:43:48,4.36,30900,4.36,D
sz000100,TCL科技,2025-09-17 09:43:54,4.37,52700,4.37,U
sz000100,TCL科技,2025-09-17 09:43:57,4.37,37100,4.37,U
sz000100,TCL科技,2025-09-17 09:44:00,4.36,125010,4.37,D
sz000100,TCL科技,2025-09-17 09:44:03,4.36,127500,4.36,D
sz000100,TCL科技,2025-09-17 09:44:06,4.37,29400,4.36,U
sz000100,TCL科技,2025-09-17 09:44:09,4.37,27400,4.37,U
sz000100,TCL科技,2025-09-17 09:44:12,4.36,40100,4.37,D
sz000100,TCL科技,2025-09-17 09:44:21,4.36,20200,4.37,D
sz000100,TCL科技,2025-09-17 09:44:24,4.36,221900,4.36,D
sz000100,TCL科技,2025-09-17 09:44:36,4.36,25900,4.36,D
sz000100,TCL科技,2025-09-17 09:44:48,4.37,55700,4.36,U
sz000100,TCL科技,2025-09-17 09:44:51,4.36,131600,4.37,D
sz000100,TCL科技,2025-09-17 09:44:54,4.36,73000,4.36,D
sz000100,TCL科技,2025-09-17 09:44:57,4.37,44000,4.36,U
sz000100,TCL科技,2025-09-17 09:45:03,4.37,66700,4.37,U
sz000100,TCL科技,2025-09-17 09:45:15,4.37,69400,4.37,U
sz000100,TCL科技,2025-09-17 09:45:18,4.37,29200,4.37,U
sz000100,TCL科技,2025-09-17 09:45:21,4.37,191400,4.37,U
sz000100,TCL科技,2025-09-17 09:45:24,4.37,26500,4.37,U
sz000100,TCL科技,2025-09-17 09:45:30,4.36,29200,4.36,D
sz000100,TCL科技,2025-09-17 09:45:39,4.37,178700,4.37,U
sz000100,TCL科技,2025-09-17 09:45:42,4.36,30100,4.37,D
sz000100,TCL科技,2025-09-17 09:45:45,4.36,423500,4.36,D
sz000100,TCL科技,2025-09-17 09:45:48,4.36,45100,4.36,D
sz000100,TCL科技,2025-09-17 09:45:54,4.36,677900,4.36,D
sz000100,TCL科技,2025-09-17 09:45:57,4.36,588900,4.36,D
sz000100,TCL科技,2025-09-17 09:46:00,4.36,560600,4.36,D
sz000100,TCL科技,2025-09-17 09:46:03,4.36,716200,4.36,D
sz000100,TCL科技,2025-09-17 09:46:06,4.36,834360,4.36,D
sz000100,TCL科技,2025-09-17 09:46:09,4.36,22800,4.36,U
sz000100,TCL科技,2025-09-17 09:46:18,4.36,55500,4.36,U
sz000100,TCL科技,2025-09-17 09:46:21,4.36,45400,4.36,U
sz000100,TCL科技,2025-09-17 09:46:24,4.36,2110200,4.36,U
sz000100,TCL科技,2025-09-17 09:46:27,4.36,94900,4.36,D
sz000100,TCL科技,2025-09-17 09:46:33,4.37,28200,4.36,U
sz000100,TCL科技,2025-09-17 09:46:36,4.36,51400,4.37,D
sz000100,TCL科技,2025-09-17 09:46:45,4.36,220700,4.36,D
sz000100,TCL科技,2025-09-17 09:46:51,4.36,278000,4.37,D
sz000100,TCL科技,2025-09-17 09:46:54,4.36,78300,4.36,D
sz000100,TCL科技,2025-09-17 09:46:57,4.37,197700,4.36,U
sz000100,TCL科技,2025-09-17 09:47:00,4.37,517600,4.37,U
sz000100,TCL科技,2025-09-17 09:47:03,4.36,31000,4.37,D
sz000100,TCL科技,2025-09-17 09:47:06,4.37,60970,4.36,U
sz000100,TCL科技,2025-09-17 09:47:09,4.36,35300,4.37,D
sz000100,TCL科技,2025-09-17 09:47:12,4.36,32900,4.36,D
sz000100,TCL科技,2025-09-17 09:47:15,4.36,30300,4.36,D
sz000100,TCL科技,2025-09-17 09:47:21,4.37,38300,4.37,U
sz000100,TCL科技,2025-09-17 09:47:24,4.37,64700,4.37,U
sz000100,TCL科技,2025-09-17 09:47:30,4.36,100700,4.36,D
sz000100,TCL科技,2025-09-17 09:47:33,4.36,38600,4.36,D
sz000100,TCL科技,2025-09-17 09:47:39,4.37,120700,4.37,U
sz000100,TCL科技,2025-09-17 09:47:42,4.36,79100,4.37,D
sz000100,TCL科技,2025-09-17 09:47:45,4.36,64200,4.36,D
sz000100,TCL科技,2025-09-17 09:47:48,4.36,49400,4.36,D
sz000100,TCL科技,2025-09-17 09:47:51,4.36,455200,4.36,D
sz000100,TCL科技,2025-09-17 09:47:54,4.36,65600,4.36,D
sz000100,TCL科技,2025-09-17 09:48:00,4.36,106300,4.36,D
sz000100,TCL科技,2025-09-17 09:48:03,4.36,71300,4.36,D
sz000100,TCL科技,2025-09-17 09:48:06,4.37,27390,4.36,U
sz000100,TCL科技,2025-09-17 09:48:09,4.36,112000,4.37,D
sz000100,TCL科技,2025-09-17 09:48:12,4.36,114830,4.36,D
sz000100,TCL科技,2025-09-17 09:48:15,4.36,85100,4.36,D
sz000100,TCL科技,2025-09-17 09:48:18,4.36,116310,4.36,D
sz000100,TCL科技,2025-09-17 09:48:21,4.36,149600,4.36,D
sz000100,TCL科技,2025-09-17 09:48:24,4.36,265600,4.36,D
sz000100,TCL科技,2025-09-17 09:48:27,4.36,92600,4.36,D
sz000100,TCL科技,2025-09-17 09:48:30,4.36,181200,4.36,D
sz000100,TCL科技,2025-09-17 09:48:33,4.36,109700,4.36,D
sz000100,TCL科技,2025-09-17 09:48:36,4.36,251900,4.36,D
sz000100,TCL科技,2025-09-17 09:48:39,4.36,907500,4.36,D
sz000100,TCL科技,2025-09-17 09:48:42,4.36,360500,4.36,U
sz000100,TCL科技,2025-09-17 09:48:45,4.36,101100,4.36,U
sz000100,TCL科技,2025-09-17 09:48:48,4.36,591380,4.36,U
sz000100,TCL科技,2025-09-17 09:48:51,4.36,48400,4.36,D
sz000100,TCL科技,2025-09-17 09:48:54,4.36,100800,4.36,D
sz000100,TCL科技,2025-09-17 09:48:57,4.36,62900,4.36,D
sz000100,TCL科技,2025-09-17 09:49:00,4.36,255500,4.36,D
sz000100,TCL科技,2025-09-17 09:49:03,4.36,147010,4.36,D
sz000100,TCL科技,2025-09-17 09:49:06,4.36,175590,4.36,D
sz000100,TCL科技,2025-09-17 09:49:09,4.36,414110,4.36,U
sz000100,TCL科技,2025-09-17 09:49:12,4.36,225600,4.36,D
sz000100,TCL科技,2025-09-17 09:49:15,4.37,84900,4.36,U
sz000100,TCL科技,2025-09-17 09:49:18,4.36,35000,4.37,D
sz000100,TCL科技,2025-09-17 09:49:21,4.36,198900,4.36,D
sz000100,TCL科技,2025-09-17 09:49:24,4.36,123900,4.36,D
sz000100,TCL科技,2025-09-17 09:49:27,4.36,59400,4.36,D
sz000100,TCL科技,2025-09-17 09:49:30,4.36,115800,4.36,D
sz000100,TCL科技,2025-09-17 09:49:33,4.36,39900,4.36,D
sz000100,TCL科技,2025-09-17 09:49:36,4.36,140600,4.36,D
sz000100,TCL科技,2025-09-17 09:49:39,4.36,129900,4.36,D
sz000100,TCL科技,2025-09-17 09:49:42,4.36,35400,4.36,D
sz000100,TCL科技,2025-09-17 09:49:51,4.37,197100,4.36,U
sz000100,TCL科技,2025-09-17 09:49:54,4.36,85700,4.37,D
sz000100,TCL科技,2025-09-17 09:49:57,4.36,38400,4.36,D
sz000100,TCL科技,2025-09-17 09:50:00,4.37,6516200,4.36,U
sz000100,TCL科技,2025-09-17 09:50:03,4.37,4450281,4.37,U
sz000100,TCL科技,2025-09-17 09:50:06,4.37,44800,4.37,D
sz000100,TCL科技,2025-09-17 09:50:09,4.37,139300,4.37,D
sz000100,TCL科技,2025-09-17 09:50:12,4.37,222800,4.37,D
sz000100,TCL科技,2025-09-17 09:50:15,4.37,28800,4.37,D
sz000100,TCL科技,2025-09-17 09:50:18,4.37,73600,4.37,D
sz000100,TCL科技,2025-09-17 09:50:21,4.37,138900,4.37,D
sz000100,TCL科技,2025-09-17 09:50:27,4.37,47800,4.37,D
sz000100,TCL科技,2025-09-17 09:50:30,4.37,134800,4.37,D
sz000100,TCL科技,2025-09-17 09:50:33,4.38,31500,4.37,U
sz000100,TCL科技,2025-09-17 09:50:39,4.37,111900,4.38,D
sz000100,TCL科技,2025-09-17 09:50:42,4.37,29300,4.37,D
sz000100,TCL科技,2025-09-17 09:50:48,4.38,48200,4.38,U
sz000100,TCL科技,2025-09-17 09:51:03,4.38,31800,4.37,U
sz000100,TCL科技,2025-09-17 09:51:09,4.37,88200,4.38,D
sz000100,TCL科技,2025-09-17 09:51:12,4.38,30000,4.37,U
sz000100,TCL科技,2025-09-17 09:51:15,4.38,25700,4.38,U
sz000100,TCL科技,2025-09-17 09:51:18,4.38,46400,4.38,U
sz000100,TCL科技,2025-09-17 09:51:21,4.38,36400,4.38,U
sz000100,TCL科技,2025-09-17 09:51:24,4.38,54400,4.38,U
sz000100,TCL科技,2025-09-17 09:51:27,4.38,52000,4.38,U
sz000100,TCL科技,2025-09-17 09:51:30,4.37,33400,4.38,D
sz000100,TCL科技,2025-09-17 09:51:39,4.38,66800,4.38,U
sz000100,TCL科技,2025-09-17 09:51:45,4.37,45300,4.38,D
sz000100,TCL科技,2025-09-17 09:51:51,4.38,40600,4.38,U
sz000100,TCL科技,2025-09-17 09:52:00,4.38,28900,4.38,U
sz000100,TCL科技,2025-09-17 09:52:03,4.38,50000,4.38,U
sz000100,TCL科技,2025-09-17 09:52:06,4.38,31500,4.38,U
sz000100,TCL科技,2025-09-17 09:52:12,4.38,53500,4.38,U
sz000100,TCL科技,2025-09-17 09:52:18,4.38,34600,4.38,U
sz000100,TCL科技,2025-09-17 09:52:21,4.38,24100,4.38,U
sz000100,TCL科技,2025-09-17 09:52:33,4.38,38600,4.38,U
sz000100,TCL科技,2025-09-17 09:52:36,4.38,75600,4.38,U
sz000100,TCL科技,2025-09-17 09:52:42,4.38,50300,4.38,U
sz000100,TCL科技,2025-09-17 09:52:45,4.38,103780,4.38,U
sz000100,TCL科技,2025-09-17 09:52:48,4.38,54100,4.38,U
sz000100,TCL科技,2025-09-17 09:52:54,4.38,32300,4.38,U
sz000100,TCL科技,2025-09-17 09:52:57,4.38,26200,4.38,U
sz000100,TCL科技,2025-09-17 09:53:03,4.37,56600,4.38,D
sz000100,TCL科技,2025-09-17 09:53:09,4.38,314500,4.38,U
sz000100,TCL科技,2025-09-17 09:53:12,4.38,33500,4.38,U
sz000100,TCL科技,2025-09-17 09:53:18,4.38,25400,4.38,U
sz000100,TCL科技,2025-09-17 09:53:21,4.38,41300,4.38,U
sz000100,TCL科技,2025-09-17 09:53:24,4.37,21100,4.38,D
sz000100,TCL科技,2025-09-17 09:53:27,4.38,21300,4.37,U
sz000100,TCL科技,2025-09-17 09:53:33,4.37,68600,4.38,D
sz000100,TCL科技,2025-09-17 09:53:39,4.38,54700,4.38,U
sz000100,TCL科技,2025-09-17 09:53:48,4.37,244900,4.37,D
sz000100,TCL科技,2025-09-17 09:53:57,4.37,38900,4.38,D
sz000100,TCL科技,2025-09-17 09:54:00,4.37,28900,4.37,D
sz000100,TCL科技,2025-09-17 09:54:03,4.38,63300,4.37,U
sz000100,TCL科技,2025-09-17 09:54:12,4.37,48500,4.37,D
sz000100,TCL科技,2025-09-17 09:54:15,4.38,20510,4.37,U
sz000100,TCL科技,2025-09-17 09:54:18,4.38,64700,4.38,U
sz000100,TCL科技,2025-09-17 09:54:21,4.37,22100,4.38,D
sz000100,TCL科技,2025-09-17 09:54:33,4.38,65500,4.37,U
sz000100,TCL科技,2025-09-17 09:54:39,4.37,252800,4.37,D
sz000100,TCL科技,2025-09-17 09:54:45,4.37,42100,4.38,D
sz000100,TCL科技,2025-09-17 09:54:48,4.37,241300,4.37,D
sz000100,TCL科技,2025-09-17 09:54:51,4.37,171300,4.37,D
sz000100,TCL科技,2025-09-17 09:54:54,4.38,31100,4.37,U
sz000100,TCL科技,2025-09-17 09:54:57,4.38,76400,4.38,U
sz000100,TCL科技,2025-09-17 09:55:00,4.38,118550,4.38,U
sz000100,TCL科技,2025-09-17 09:55:03,4.37,31600,4.38,D
sz000100,TCL科技,2025-09-17 09:55:06,4.37,40200,4.37,D
sz000100,TCL科技,2025-09-17 09:55:09,4.38,26700,4.37,U
sz000100,TCL科技,2025-09-17 09:55:12,4.38,42200,4.38,U
sz000100,TCL科技,2025-09-17 09:55:15,4.37,38700,4.38,D
sz000100,TCL科技,2025-09-17 09:55:18,4.37,55500,4.37,D
sz000100,TCL科技,2025-09-17 09:55:21,4.37,98300,4.37,D
sz000100,TCL科技,2025-09-17 09:55:24,4.37,126100,4.37,D
sz000100,TCL科技,2025-09-17 09:55:33,4.38,75100,4.38,U
sz000100,TCL科技,2025-09-17 09:55:36,4.38,37000,4.38,U
sz000100,TCL科技,2025-09-17 09:55:42,4.37,37800,4.37,D
sz000100,TCL科技,2025-09-17 09:55:45,4.37,410400,4.37,D
sz000100,TCL科技,2025-09-17 09:55:48,4.37,39600,4.37,D
sz000100,TCL科技,2025-09-17 09:55:51,4.37,185700,4.37,D
sz000100,TCL科技,2025-09-17 09:55:54,4.37,122400,4.37,D
sz000100,TCL科技,2025-09-17 09:55:57,4.37,281300,4.37,D
sz000100,TCL科技,2025-09-17 09:56:00,4.37,133400,4.37,D
sz000100,TCL科技,2025-09-17 09:56:03,4.37,265700,4.37,D
sz000100,TCL科技,2025-09-17 09:56:06,4.37,633960,4.37,D
sz000100,TCL科技,2025-09-17 09:56:09,4.37,315500,4.37,U
sz000100,TCL科技,2025-09-17 09:56:12,4.37,753800,4.37,U
sz000100,TCL科技,2025-09-17 09:56:15,4.37,149100,4.37,U
sz000100,TCL科技,2025-09-17 09:56:18,4.37,44200,4.37,U
sz000100,TCL科技,2025-09-17 09:56:24,4.37,24400,4.36,U
sz000100,TCL科技,2025-09-17 09:56:27,4.36,32800,4.37,D
sz000100,TCL科技,2025-09-17 09:56:33,4.36,61900,4.37,D
sz000100,TCL科技,2025-09-17 09:56:36,4.37,31400,4.36,U
sz000100,TCL科技,2025-09-17 09:56:39,4.37,516800,4.37,U
sz000100,TCL科技,2025-09-17 09:56:45,4.37,55600,4.36,U
sz000100,TCL科技,2025-09-17 09:56:48,4.36,27200,4.37,D
sz000100,TCL科技,2025-09-17 09:57:24,4.36,20800,4.36,D
sz000100,TCL科技,2025-09-17 09:57:27,4.36,43100,4.36,D
sz000100,TCL科技,2025-09-17 09:57:30,4.36,68400,4.36,D
sz000100,TCL科技,2025-09-17 09:57:33,4.36,36300,4.36,D
sz000100,TCL科技,2025-09-17 09:57:36,4.36,512220,4.36,D
sz000100,TCL科技,2025-09-17 09:57:39,4.37,413100,4.36,U
sz000100,TCL科技,2025-09-17 09:57:42,4.36,21500,4.37,D
sz000100,TCL科技,2025-09-17 09:57:45,4.37,20500,4.36,U
sz000100,TCL科技,2025-09-17 09:57:48,4.36,22700,4.37,D
sz000100,TCL科技,2025-09-17 09:57:54,4.36,209000,4.37,D
sz000100,TCL科技,2025-09-17 09:58:03,4.36,173300,4.37,D
sz000100,TCL科技,2025-09-17 09:58:09,4.36,110600,4.36,D
sz000100,TCL科技,2025-09-17 09:58:12,4.36,28800,4.36,D
sz000100,TCL科技,2025-09-17 09:58:27,4.37,24600,4.36,U
sz000100,TCL科技,2025-09-17 09:58:39,4.37,24600,4.37,U
sz000100,TCL科技,2025-09-17 09:58:45,4.37,67500,4.37,U
sz000100,TCL科技,2025-09-17 09:58:48,4.37,34700,4.37,U
sz000100,TCL科技,2025-09-17 09:58:57,4.36,23300,4.37,D
sz000100,TCL科技,2025-09-17 09:59:03,4.36,80300,4.36,D
sz000100,TCL科技,2025-09-17 09:59:06,4.37,31200,4.36,U
sz000100,TCL科技,2025-09-17 09:59:09,4.37,64000,4.37,U
sz000100,TCL科技,2025-09-17 09:59:15,4.36,23100,4.37,D
sz000100,TCL科技,2025-09-17 09:59:21,4.37,24800,4.36,U
sz000100,TCL科技,2025-09-17 09:59:30,4.37,54400,4.37,U
sz000100,TCL科技,2025-09-17 09:59:36,4.36,25000,4.37,D
sz000100,TCL科技,2025-09-17 09:59:48,4.37,45600,4.36,U
sz000100,TCL科技,2025-09-17 09:59:54,4.36,430100,4.36,D
sz000100,TCL科技,2025-09-17 10:00:00,4.37,55100,4.37,U
sz000100,TCL科技,2025-09-17 10:00:03,4.36,226600,4.37,D
sz000100,TCL科技,2025-09-17 10:00:06,4.37,21000,4.36,U
sz000100,TCL科技,2025-09-17 10:00:15,4.37,51200,4.36,U
sz000100,TCL科技,2025-09-17 10:00:27,4.37,29400,4.36,U
sz000100,TCL科技,2025-09-17 10:00:33,4.36,28700,4.37,D
sz000100,TCL科技,2025-09-17 10:00:54,4.37,65000,4.37,U
sz000100,TCL科技,2025-09-17 10:01:03,4.36,21100,4.37,D
sz000100,TCL科技,2025-09-17 10:01:15,4.36,631100,4.37,D
sz000100,TCL科技,2025-09-17 10:01:21,4.37,51400,4.37,U
sz000100,TCL科技,2025-09-17 10:01:27,4.37,38100,4.36,U
sz000100,TCL科技,2025-09-17 10:01:48,4.36,37310,4.36,D
sz000100,TCL科技,2025-09-17 10:01:57,4.36,23400,4.36,D
sz000100,TCL科技,2025-09-17 10:02:03,4.36,26400,4.36,D
sz000100,TCL科技,2025-09-17 10:02:12,4.37,1202810,4.37,U
sz000100,TCL科技,2025-09-17 10:02:15,4.37,82700,4.37,U
sz000100,TCL科技,2025-09-17 10:02:18,4.37,22400,4.37,U
sz000100,TCL科技,2025-09-17 10:02:27,4.36,62500,4.36,D
sz000100,TCL科技,2025-09-17 10:02:33,4.36,20300,4.37,D
sz000100,TCL科技,2025-09-17 10:02:36,4.37,191000,4.36,U
sz000100,TCL科技,2025-09-17 10:02:42,4.37,29700,4.37,U
sz000100,TCL科技,2025-09-17 10:02:54,4.37,24900,4.37,U
sz000100,TCL科技,2025-09-17 10:03:06,4.37,63300,4.37,U
sz000100,TCL科技,2025-09-17 10:03:12,4.37,21500,4.37,U
sz000100,TCL科技,2025-09-17 10:03:15,4.37,307900,4.37,U
sz000100,TCL科技,2025-09-17 10:03:24,4.36,21300,4.37,D
sz000100,TCL科技,2025-09-17 10:03:30,4.36,58000,4.36,D
sz000100,TCL科技,2025-09-17 10:03:48,4.37,34900,4.36,U
sz000100,TCL科技,2025-09-17 10:03:51,4.37,27700,4.37,U
sz000100,TCL科技,2025-09-17 10:03:54,4.37,4644030,4.37,U
sz000100,TCL科技,2025-09-17 10:03:57,4.37,322600,4.37,D
sz000100,TCL科技,2025-09-17 10:04:00,4.37,181060,4.37,D
sz000100,TCL科技,2025-09-17 10:04:03,4.37,287700,4.37,D
sz000100,TCL科技,2025-09-17 10:04:06,4.37,24400,4.37,D
sz000100,TCL科技,2025-09-17 10:04:09,4.38,29500,4.37,U
sz000100,TCL科技,2025-09-17 10:04:12,4.37,73900,4.38,D
sz000100,TCL科技,2025-09-17 10:04:15,4.37,117900,4.37,D
sz000100,TCL科技,2025-09-17 10:04:18,4.37,44700,4.37,D
sz000100,TCL科技,2025-09-17 10:04:24,4.38,33600,4.38,U
sz000100,TCL科技,2025-09-17 10:04:27,4.37,23300,4.38,D
sz000100,TCL科技,2025-09-17 10:04:30,4.37,34100,4.37,D
sz000100,TCL科技,2025-09-17 10:04:39,4.37,100100,4.37,D
sz000100,TCL科技,2025-09-17 10:04:42,4.38,69200,4.37,U
sz000100,TCL科技,2025-09-17 10:04:45,4.37,37500,4.38,D
sz000100,TCL科技,2025-09-17 10:04:57,4.38,64000,4.37,U
sz000100,TCL科技,2025-09-17 10:05:00,4.38,48500,4.38,U
sz000100,TCL科技,2025-09-17 10:05:06,4.38,62500,4.37,U
sz000100,TCL科技,2025-09-17 10:05:09,4.37,55070,4.38,D
sz000100,TCL科技,2025-09-17 10:05:12,4.37,30500,4.37,D
sz000100,TCL科技,2025-09-17 10:05:15,4.38,21400,4.37,U
sz000100,TCL科技,2025-09-17 10:05:21,4.38,178300,4.37,U
sz000100,TCL科技,2025-09-17 10:05:24,4.38,29500,4.38,U
sz000100,TCL科技,2025-09-17 10:05:27,4.37,47400,4.38,D
sz000100,TCL科技,2025-09-17 10:05:30,4.37,21000,4.37,D
sz000100,TCL科技,2025-09-17 10:05:36,4.37,59700,4.37,D
sz000100,TCL科技,2025-09-17 10:05:39,4.37,40400,4.37,D
sz000100,TCL科技,2025-09-17 10:05:42,4.37,42600,4.37,D
sz000100,TCL科技,2025-09-17 10:05:48,4.38,24200,4.37,U
sz000100,TCL科技,2025-09-17 10:05:54,4.37,21800,4.38,D
sz000100,TCL科技,2025-09-17 10:06:00,4.37,34500,4.38,D
sz000100,TCL科技,2025-09-17 10:06:06,4.37,33200,4.38,D
sz000100,TCL科技,2025-09-17 10:06:12,4.37,33700,4.37,D
sz000100,TCL科技,2025-09-17 10:06:15,4.38,37700,4.37,U
sz000100,TCL科技,2025-09-17 10:06:18,4.37,30200,4.38,D
sz000100,TCL科技,2025-09-17 10:06:24,4.37,36700,4.37,D
sz000100,TCL科技,2025-09-17 10:06:27,4.37,120500,4.37,D
sz000100,TCL科技,2025-09-17 10:06:33,4.37,41500,4.37,D
sz000100,TCL科技,2025-09-17 10:06:36,4.37,52600,4.37,D
sz000100,TCL科技,2025-09-17 10:06:39,4.37,285300,4.37,D
sz000100,TCL科技,2025-09-17 10:06:42,4.37,94900,4.37,D
sz000100,TCL科技,2025-09-17 10:06:45,4.38,1613000,4.37,U
sz000100,TCL科技,2025-09-17 10:06:48,4.37,88400,4.38,D
sz000100,TCL科技,2025-09-17 10:06:51,4.37,106300,4.37,D
sz000100,TCL科技,2025-09-17 10:06:57,4.37,188400,4.38,D
sz000100,TCL科技,2025-09-17 10:07:00,4.38,119500,4.37,U
sz000100,TCL科技,2025-09-17 10:07:03,4.37,272300,4.38,D
sz000100,TCL科技,2025-09-17 10:07:06,4.37,62400,4.37,D
sz000100,TCL科技,2025-09-17 10:07:09,4.37,75200,4.37,D
sz000100,TCL科技,2025-09-17 10:07:15,4.38,184200,4.37,U
sz000100,TCL科技,2025-09-17 10:07:18,4.37,156400,4.38,D
sz000100,TCL科技,2025-09-17 10:07:24,4.37,46300,4.37,D
sz000100,TCL科技,2025-09-17 10:07:27,4.37,75400,4.37,D
sz000100,TCL科技,2025-09-17 10:07:30,4.37,137600,4.37,D
sz000100,TCL科技,2025-09-17 10:07:33,4.38,670100,4.37,U
sz000100,TCL科技,2025-09-17 10:07:36,4.37,43600,4.38,D
sz000100,TCL科技,2025-09-17 10:07:39,4.38,68600,4.37,U
sz000100,TCL科技,2025-09-17 10:07:48,4.38,30000,4.37,U
sz000100,TCL科技,2025-09-17 10:07:51,4.37,261500,4.38,D
sz000100,TCL科技,2025-09-17 10:07:57,4.37,344600,4.37,D
sz000100,TCL科技,2025-09-17 10:08:00,4.37,165700,4.37,D
sz000100,TCL科技,2025-09-17 10:08:03,4.37,90900,4.37,U
sz000100,TCL科技,2025-09-17 10:08:06,4.37,108700,4.37,D
sz000100,TCL科技,2025-09-17 10:08:09,4.37,54200,4.37,D
sz000100,TCL科技,2025-09-17 10:08:15,4.37,247800,4.37,D
sz000100,TCL科技,2025-09-17 10:08:18,4.37,48400,4.37,D
sz000100,TCL科技,2025-09-17 10:08:21,4.38,36300,4.37,U
sz000100,TCL科技,2025-09-17 10:08:27,4.37,51300,4.37,D
sz000100,TCL科技,2025-09-17 10:08:30,4.37,99500,4.37,D
sz000100,TCL科技,2025-09-17 10:08:33,4.37,139300,4.37,D
sz000100,TCL科技,2025-09-17 10:08:36,4.37,60600,4.37,U
sz000100,TCL科技,2025-09-17 10:08:45,4.37,47240,4.37,D
sz000100,TCL科技,2025-09-17 10:08:48,4.37,44400,4.37,D
sz000100,TCL科技,2025-09-17 10:08:51,4.37,65900,4.37,D
sz000100,TCL科技,2025-09-17 10:08:54,4.37,34200,4.37,D
sz000100,TCL科技,2025-09-17 10:08:57,4.37,115660,4.37,D
sz000100,TCL科技,2025-09-17 10:09:00,4.37,42500,4.37,U
sz000100,TCL科技,2025-09-17 10:09:03,4.37,28700,4.37,U
sz000100,TCL科技,2025-09-17 10:09:09,4.36,72500,4.37,D
sz000100,TCL科技,2025-09-17 10:09:15,4.37,24200,4.36,U
sz000100,TCL科技,2025-09-17 10:09:18,4.36,194600,4.37,D
sz000100,TCL科技,2025-09-17 10:09:21,4.37,47000,4.36,U
sz000100,TCL科技,2025-09-17 10:09:24,4.37,65400,4.37,U
sz000100,TCL科技,2025-09-17 10:09:30,4.36,51700,4.37,D
sz000100,TCL科技,2025-09-17 10:09:33,4.37,26400,4.36,U
sz000100,TCL科技,2025-09-17 10:09:48,4.37,27700,4.36,U
sz000100,TCL科技,2025-09-17 10:09:51,4.37,51000,4.37,U
sz000100,TCL科技,2025-09-17 10:09:54,4.37,80410,4.37,U
sz000100,TCL科技,2025-09-17 10:09:57,4.37,132200,4.37,U
sz000100,TCL科技,2025-09-17 10:10:06,4.36,53400,4.37,D
sz000100,TCL科技,2025-09-17 10:10:09,4.37,28000,4.36,U
sz000100,TCL科技,2025-09-17 10:10:15,4.36,41100,4.36,D
sz000100,TCL科技,2025-09-17 10:10:18,4.36,41900,4.36,D
sz000100,TCL科技,2025-09-17 10:10:27,4.36,90900,4.36,D
sz000100,TCL科技,2025-09-17 10:10:42,4.37,237800,4.36,U
sz000100,TCL科技,2025-09-17 10:10:45,4.36,37910,4.37,D
sz000100,TCL科技,2025-09-17 10:10:48,4.36,22200,4.36,D
sz000100,TCL科技,2025-09-17 10:10:51,4.36,34200,4.36,D
sz000100,TCL科技,2025-09-17 10:11:00,4.37,28100,4.37,U
sz000100,TCL科技,2025-09-17 10:11:03,4.36,37200,4.37,D
sz000100,TCL科技,2025-09-17 10:11:09,4.36,87500,4.36,D
sz000100,TCL科技,2025-09-17 10:11:24,4.36,124900,4.36,D
sz000100,TCL科技,2025-09-17 10:11:48,4.36,42200,4.36,D
sz000100,TCL科技,2025-09-17 10:12:03,4.36,26500,4.36,D
sz000100,TCL科技,2025-09-17 10:12:06,4.37,30400,4.36,U
sz000100,TCL科技,2025-09-17 10:12:09,4.36,41800,4.37,D
sz000100,TCL科技,2025-09-17 10:12:15,4.37,184600,4.37,U
sz000100,TCL科技,2025-09-17 10:12:27,4.37,2920000,4.36,U
sz000100,TCL科技,2025-09-17 10:12:30,4.37,304000,4.37,U
sz000100,TCL科技,2025-09-17 10:12:36,4.37,22100,4.37,U
sz000100,TCL科技,2025-09-17 10:12:48,4.36,261500,4.37,D
sz000100,TCL科技,2025-09-17 10:12:54,4.37,43700,4.36,U
sz000100,TCL科技,2025-09-17 10:13:00,4.36,80600,4.37,D
sz000100,TCL科技,2025-09-17 10:13:18,4.37,21500,4.36,U
sz000100,TCL科技,2025-09-17 10:13:24,4.37,36400,4.37,U
sz000100,TCL科技,2025-09-17 10:13:36,4.37,135100,4.37,U
sz000100,TCL科技,2025-09-17 10:13:39,4.37,51800,4.37,U
sz000100,TCL科技,2025-09-17 10:13:45,4.37,63600,4.37,U
sz000100,TCL科技,2025-09-17 10:13:48,4.37,221500,4.37,U
sz000100,TCL科技,2025-09-17 10:13:51,4.36,112700,4.37,D
sz000100,TCL科技,2025-09-17 10:13:54,4.36,47200,4.36,D
sz000100,TCL科技,2025-09-17 10:14:03,4.37,37100,4.37,U
sz000100,TCL科技,2025-09-17 10:14:09,4.37,102200,4.37,U
sz000100,TCL科技,2025-09-17 10:14:12,4.37,29900,4.37,U
sz000100,TCL科技,2025-09-17 10:14:15,4.37,67200,4.37,U
sz000100,TCL科技,2025-09-17 10:14:27,4.37,99700,4.37,U
sz000100,TCL科技,2025-09-17 10:14:33,4.37,29100,4.37,U
sz000100,TCL科技,2025-09-17 10:14:36,4.37,63900,4.37,U
sz000100,TCL科技,2025-09-17 10:14:42,4.37,45200,4.36,U
sz000100,TCL科技,2025-09-17 10:14:48,4.37,21900,4.37,U
sz000100,TCL科技,2025-09-17 10:14:57,4.37,25300,4.37,U
sz000100,TCL科技,2025-09-17 10:15:03,4.37,27500,4.36,U
sz000100,TCL科技,2025-09-17 10:15:18,4.36,214100,4.36,D
sz000100,TCL科技,2025-09-17 10:15:21,4.36,199100,4.36,D
sz000100,TCL科技,2025-09-17 10:15:24,4.36,109200,4.36,D
sz000100,TCL科技,2025-09-17 10:15:27,4.37,123800,4.36,U
sz000100,TCL科技,2025-09-17 10:15:36,4.37,34400,4.36,U
sz000100,TCL科技,2025-09-17 10:15:39,4.36,53600,4.37,D
sz000100,TCL科技,2025-09-17 10:15:51,4.37,25900,4.37,U
sz000100,TCL科技,2025-09-17 10:15:54,4.37,22000,4.37,U
sz000100,TCL科技,2025-09-17 10:16:03,4.36,82600,4.36,D
sz000100,TCL科技,2025-09-17 10:16:06,4.36,271200,4.36,D
sz000100,TCL科技,2025-09-17 10:16:09,4.36,64520,4.36,D
sz000100,TCL科技,2025-09-17 10:16:42,4.37,56300,4.37,U
sz000100,TCL科技,2025-09-17 10:16:48,4.36,192400,4.37,D
sz000100,TCL科技,2025-09-17 10:16:54,4.37,51300,4.37,U
sz000100,TCL科技,2025-09-17 10:17:00,4.36,47800,4.37,D
sz000100,TCL科技,2025-09-17 10:17:09,4.37,104000,4.37,U
sz000100,TCL科技,2025-09-17 10:17:12,4.36,192200,4.37,D
sz000100,TCL科技,2025-09-17 10:17:18,4.37,576400,4.37,U
sz000100,TCL科技,2025-09-17 10:17:21,4.37,2057010,4.37,U
sz000100,TCL科技,2025-09-17 10:17:24,4.37,111500,4.37,D
sz000100,TCL科技,2025-09-17 10:17:27,4.37,40600,4.37,D
sz000100,TCL科技,2025-09-17 10:17:33,4.37,74100,4.37,D
sz000100,TCL科技,2025-09-17 10:17:36,4.37,357680,4.37,D
sz000100,TCL科技,2025-09-17 10:17:39,4.37,52000,4.37,D
sz000100,TCL科技,2025-09-17 10:17:42,4.38,30100,4.37,U
sz000100,TCL科技,2025-09-17 10:17:48,4.37,314900,4.37,D
sz000100,TCL科技,2025-09-17 10:17:51,4.37,21200,4.37,D
sz000100,TCL科技,2025-09-17 10:17:57,4.37,307820,4.37,D
sz000100,TCL科技,2025-09-17 10:18:00,4.37,314700,4.37,U
sz000100,TCL科技,2025-09-17 10:18:03,4.37,57700,4.37,U
sz000100,TCL科技,2025-09-17 10:18:06,4.37,141400,4.37,U
sz000100,TCL科技,2025-09-17 10:18:15,4.37,22600,4.37,U
sz000100,TCL科技,2025-09-17 10:18:21,4.37,186300,4.37,U
sz000100,TCL科技,2025-09-17 10:18:24,4.36,113500,4.37,D
sz000100,TCL科技,2025-09-17 10:18:36,4.37,51400,4.37,U
sz000100,TCL科技,2025-09-17 10:18:54,4.37,27700,4.37,U
sz000100,TCL科技,2025-09-17 10:19:15,4.37,47800,4.36,U
sz000100,TCL科技,2025-09-17 10:19:18,4.37,91700,4.37,U
sz000100,TCL科技,2025-09-17 10:19:30,4.36,248700,4.36,D
sz000100,TCL科技,2025-09-17 10:19:54,4.37,244700,4.36,U
sz000100,TCL科技,2025-09-17 10:19:57,4.37,145800,4.37,U
sz000100,TCL科技,2025-09-17 10:20:03,4.37,173700,4.36,U
sz000100,TCL科技,2025-09-17 10:20:18,4.37,41900,4.37,U
sz000100,TCL科技,2025-09-17 10:20:24,4.37,32700,4.37,U
sz000100,TCL科技,2025-09-17 10:20:30,4.37,34400,4.37,U
sz000100,TCL科技,2025-09-17 10:20:42,4.37,22300,4.37,U
sz000100,TCL科技,2025-09-17 10:20:48,4.37,29800,4.37,U
sz000100,TCL科技,2025-09-17 10:20:51,4.37,144500,4.37,U
sz000100,TCL科技,2025-09-17 10:20:54,4.37,21600,4.37,U
sz000100,TCL科技,2025-09-17 10:21:09,4.36,21500,4.36,D
sz000100,TCL科技,2025-09-17 10:21:12,4.36,31700,4.36,D
sz000100,TCL科技,2025-09-17 10:21:27,4.37,62300,4.37,U
sz000100,TCL科技,2025-09-17 10:21:33,4.37,186600,4.37,U
sz000100,TCL科技,2025-09-17 10:21:39,4.36,177300,4.37,D
sz000100,TCL科技,2025-09-17 10:21:42,4.36,49000,4.36,D
sz000100,TCL科技,2025-09-17 10:21:45,4.36,40300,4.36,D
sz000100,TCL科技,2025-09-17 10:22:03,4.37,22600,4.36,U
sz000100,TCL科技,2025-09-17 10:22:09,4.37,24800,4.37,U
sz000100,TCL科技,2025-09-17 10:22:21,4.37,50400,4.37,U
sz000100,TCL科技,2025-09-17 10:22:27,4.37,114700,4.36,U
sz000100,TCL科技,2025-09-17 10:22:30,4.36,40100,4.37,D
sz000100,TCL科技,2025-09-17 10:22:45,4.37,187000,4.36,U
sz000100,TCL科技,2025-09-17 10:22:48,4.36,510300,4.37,D
sz000100,TCL科技,2025-09-17 10:22:51,4.36,67500,4.36,D
sz000100,TCL科技,2025-09-17 10:22:54,4.37,30600,4.36,U
sz000100,TCL科技,2025-09-17 10:23:00,4.36,3109950,4.36,D
sz000100,TCL科技,2025-09-17 10:23:03,4.36,129700,4.36,U
sz000100,TCL科技,2025-09-17 10:23:18,4.36,190300,4.35,U
sz000100,TCL科技,2025-09-17 10:23:30,4.36,46400,4.36,U
sz000100,TCL科技,2025-09-17 10:23:33,4.35,40000,4.36,D
sz000100,TCL科技,2025-09-17 10:23:39,4.35,32300,4.36,D
sz000100,TCL科技,2025-09-17 10:23:45,4.36,98900,4.35,U
sz000100,TCL科技,2025-09-17 10:24:18,4.36,57600,4.36,U
sz000100,TCL科技,2025-09-17 10:24:21,4.36,247000,4.36,U
sz000100,TCL科技,2025-09-17 10:24:24,4.35,50800,4.36,D
sz000100,TCL科技,2025-09-17 10:24:27,4.36,258100,4.35,U
sz000100,TCL科技,2025-09-17 10:24:30,4.36,47900,4.36,U
sz000100,TCL科技,2025-09-17 10:24:33,4.36,91800,4.36,U
sz000100,TCL科技,2025-09-17 10:24:36,4.35,185600,4.36,D
sz000100,TCL科技,2025-09-17 10:24:42,4.36,23200,4.36,U
sz000100,TCL科技,2025-09-17 10:24:45,4.36,20300,4.36,U
sz000100,TCL科技,2025-09-17 10:24:48,4.36,33300,4.36,U
sz000100,TCL科技,2025-09-17 10:24:54,4.35,58600,4.36,D
sz000100,TCL科技,2025-09-17 10:25:03,4.36,187700,4.36,U
sz000100,TCL科技,2025-09-17 10:25:06,4.36,32800,4.36,U
sz000100,TCL科技,2025-09-17 10:25:21,4.35,21000,4.36,D
sz000100,TCL科技,2025-09-17 10:25:39,4.35,23500,4.35,D
sz000100,TCL科技,2025-09-17 10:25:45,4.36,43200,4.35,U
sz000100,TCL科技,2025-09-17 10:25:57,4.36,99500,4.35,U
sz000100,TCL科技,2025-09-17 10:26:06,4.36,23100,4.35,U
sz000100,TCL科技,2025-09-17 10:26:45,4.36,248300,4.35,U
sz000100,TCL科技,2025-09-17 10:26:48,4.35,108450,4.36,D
sz000100,TCL科技,2025-09-17 10:27:09,4.36,39000,4.36,U
sz000100,TCL科技,2025-09-17 10:27:15,4.35,32600,4.36,D
sz000100,TCL科技,2025-09-17 10:27:24,4.36,89400,4.36,U
sz000100,TCL科技,2025-09-17 10:27:27,4.35,37200,4.36,D
sz000100,TCL科技,2025-09-17 10:27:54,4.35,67400,4.35,D
sz000100,TCL科技,2025-09-17 10:28:18,4.36,21150,4.35,U
sz000100,TCL科技,2025-09-17 10:28:21,4.36,45000,4.36,U
sz000100,TCL科技,2025-09-17 10:28:27,4.36,186500,4.36,U
sz000100,TCL科技,2025-09-17 10:28:36,4.35,45300,4.36,D
sz000100,TCL科技,2025-09-17 10:28:54,4.36,80200,4.35,U
sz000100,TCL科技,2025-09-17 10:29:06,4.36,42200,4.36,U
sz000100,TCL科技,2025-09-17 10:29:18,4.36,25000,4.35,U
sz000100,TCL科技,2025-09-17 10:29:24,4.36,37200,4.35,U
sz000100,TCL科技,2025-09-17 10:29:51,4.36,90900,4.35,U
sz000100,TCL科技,2025-09-17 10:29:54,4.35,45500,4.36,D
sz000100,TCL科技,2025-09-17 10:29:57,4.36,28000,4.35,U
sz000100,TCL科技,2025-09-17 10:30:03,4.36,22830,4.36,U
sz000100,TCL科技,2025-09-17 10:30:09,4.36,24700,4.35,U
sz000100,TCL科技,2025-09-17 10:30:12,4.35,190000,4.36,D
sz000100,TCL科技,2025-09-17 10:30:24,4.36,47700,4.35,U
sz000100,TCL科技,2025-09-17 10:30:48,4.36,21700,4.36,U
sz000100,TCL科技,2025-09-17 10:31:09,4.35,41600,4.36,D
sz000100,TCL科技,2025-09-17 10:31:15,4.36,21400,4.36,U
sz000100,TCL科技,2025-09-17 10:31:21,4.36,21100,4.35,U
sz000100,TCL科技,2025-09-17 10:31:24,4.36,20700,4.36,U
sz000100,TCL科技,2025-09-17 10:31:36,4.35,56900,4.35,D
sz000100,TCL科技,2025-09-17 10:31:45,4.35,26000,4.35,D
sz000100,TCL科技,2025-09-17 10:31:48,4.36,40700,4.35,U
sz000100,TCL科技,2025-09-17 10:31:51,4.35,24400,4.36,D
sz000100,TCL科技,2025-09-17 10:31:54,4.35,28500,4.35,D
sz000100,TCL科技,2025-09-17 10:32:00,4.36,35200,4.36,U
sz000100,TCL科技,2025-09-17 10:32:03,4.36,194400,4.36,U
sz000100,TCL科技,2025-09-17 10:32:06,4.36,51700,4.36,U
sz000100,TCL科技,2025-09-17 10:32:12,4.36,70700,4.36,U
sz000100,TCL科技,2025-09-17 10:32:15,4.35,28500,4.36,D
sz000100,TCL科技,2025-09-17 10:33:27,4.36,107000,4.36,U
sz000100,TCL科技,2025-09-17 10:33:51,4.36,173400,4.36,U
sz000100,TCL科技,2025-09-17 10:33:54,4.36,65500,4.36,U
sz000100,TCL科技,2025-09-17 10:34:21,4.36,99600,4.35,U
sz000100,TCL科技,2025-09-17 10:34:27,4.36,30400,4.35,U
sz000100,TCL科技,2025-09-17 10:34:36,4.35,24400,4.36,D
sz000100,TCL科技,2025-09-17 10:34:42,4.35,22200,4.36,D
sz000100,TCL科技,2025-09-17 10:34:48,4.35,33400,4.35,D
sz000100,TCL科技,2025-09-17 10:34:54,4.35,25200,4.36,D
sz000100,TCL科技,2025-09-17 10:35:06,4.35,25000,4.36,D
sz000100,TCL科技,2025-09-17 10:35:27,4.36,50000,4.36,U
sz000100,TCL科技,2025-09-17 10:35:42,4.35,176300,4.35,D
sz000100,TCL科技,2025-09-17 10:35:48,4.35,23400,4.35,D
sz000100,TCL科技,2025-09-17 10:35:54,4.35,57000,4.35,D
sz000100,TCL科技,2025-09-17 10:36:39,4.35,211400,4.35,D
sz000100,TCL科技,2025-09-17 10:36:57,4.35,29200,4.35,D
sz000100,TCL科技,2025-09-17 10:37:00,4.35,54700,4.35,D
sz000100,TCL科技,2025-09-17 10:37:03,4.35,31700,4.35,D
sz000100,TCL科技,2025-09-17 10:37:33,4.35,175900,4.36,D
sz000100,TCL科技,2025-09-17 10:37:48,4.36,22800,4.35,U
sz000100,TCL科技,2025-09-17 10:38:03,4.36,32600,4.35,U
sz000100,TCL科技,2025-09-17 10:38:18,4.35,55400,4.36,D
sz000100,TCL科技,2025-09-17 10:38:27,4.35,21300,4.36,D
sz000100,TCL科技,2025-09-17 10:38:42,4.36,28400,4.35,U
sz000100,TCL科技,2025-09-17 10:38:45,4.35,21900,4.36,D
sz000100,TCL科技,2025-09-17 10:38:54,4.35,61200,4.35,D
sz000100,TCL科技,2025-09-17 10:39:06,4.36,23000,4.35,U
sz000100,TCL科技,2025-09-17 10:39:09,4.35,30500,4.36,D
sz000100,TCL科技,2025-09-17 10:39:15,4.35,52700,4.35,D
sz000100,TCL科技,2025-09-17 10:39:21,4.35,174800,4.35,D
sz000100,TCL科技,2025-09-17 10:39:45,4.35,24200,4.36,D
sz000100,TCL科技,2025-09-17 10:39:51,4.35,33200,4.35,D
sz000100,TCL科技,2025-09-17 10:39:54,4.35,29500,4.35,D
sz000100,TCL科技,2025-09-17 10:39:57,4.35,45000,4.35,D
sz000100,TCL科技,2025-09-17 10:40:09,4.35,49100,4.35,D
sz000100,TCL科技,2025-09-17 10:40:15,4.35,30900,4.35,D
sz000100,TCL科技,2025-09-17 10:40:18,4.36,24700,4.35,U
sz000100,TCL科技,2025-09-17 10:40:36,4.35,34500,4.36,D
sz000100,TCL科技,2025-09-17 10:40:42,4.36,23100,4.35,U
sz000100,TCL科技,2025-09-17 10:40:54,4.36,30800,4.35,U
sz000100,TCL科技,2025-09-17 10:41:03,4.36,52000,4.36,U
sz000100,TCL科技,2025-09-17 10:41:21,4.35,183100,4.35,D
sz000100,TCL科技,2025-09-17 10:41:27,4.35,60400,4.35,D
sz000100,TCL科技,2025-09-17 10:41:54,4.35,22100,4.36,D
sz000100,TCL科技,2025-09-17 10:42:03,4.36,102000,4.35,U
sz000100,TCL科技,2025-09-17 10:42:06,4.36,38000,4.36,U
sz000100,TCL科技,2025-09-17 10:42:33,4.35,21900,4.36,D
sz000100,TCL科技,2025-09-17 10:42:42,4.36,1222200,4.35,U
sz000100,TCL科技,2025-09-17 10:42:45,4.36,40100,4.36,U
sz000100,TCL科技,2025-09-17 10:43:03,4.36,1013400,4.35,U
sz000100,TCL科技,2025-09-17 10:43:12,4.35,22300,4.36,D
sz000100,TCL科技,2025-09-17 10:43:15,4.35,221100,4.35,D
sz000100,TCL科技,2025-09-17 10:43:21,4.36,36800,4.36,U
sz000100,TCL科技,2025-09-17 10:43:24,4.35,50500,4.36,D
sz000100,TCL科技,2025-09-17 10:43:36,4.36,68300,4.35,U
sz000100,TCL科技,2025-09-17 10:43:51,4.36,40800,4.35,U
sz000100,TCL科技,2025-09-17 10:43:54,4.35,26300,4.36,D
sz000100,TCL科技,2025-09-17 10:43:57,4.36,997800,4.35,U
sz000100,TCL科技,2025-09-17 10:44:03,4.36,26000,4.36,U
sz000100,TCL科技,2025-09-17 10:44:09,4.36,129500,4.36,U
sz000100,TCL科技,2025-09-17 10:44:12,4.36,47000,4.36,U
sz000100,TCL科技,2025-09-17 10:44:15,4.36,50000,4.36,U
sz000100,TCL科技,2025-09-17 10:44:24,4.36,48000,4.36,U
sz000100,TCL科技,2025-09-17 10:44:27,4.36,39600,4.36,U
sz000100,TCL科技,2025-09-17 10:44:30,4.36,122300,4.36,U
sz000100,TCL科技,2025-09-17 10:44:33,4.36,96400,4.36,U
sz000100,TCL科技,2025-09-17 10:44:42,4.36,1825910,4.35,U
sz000100,TCL科技,2025-09-17 10:44:45,4.36,317200,4.36,D
sz000100,TCL科技,2025-09-17 10:44:48,4.36,580300,4.36,D
sz000100,TCL科技,2025-09-17 10:44:54,4.36,23300,4.36,D
sz000100,TCL科技,2025-09-17 10:44:57,4.36,63500,4.36,D
sz000100,TCL科技,2025-09-17 10:45:03,4.36,39800,4.37,D
sz000100,TCL科技,2025-09-17 10:45:06,4.37,60000,4.36,U
sz000100,TCL科技,2025-09-17 10:45:15,4.36,180300,4.36,D
sz000100,TCL科技,2025-09-17 10:45:18,4.37,22200,4.36,U
sz000100,TCL科技,2025-09-17 10:45:24,4.36,23700,4.36,D
sz000100,TCL科技,2025-09-17 10:45:33,4.36,45600,4.36,D
sz000100,TCL科技,2025-09-17 10:45:36,4.36,72500,4.36,D
sz000100,TCL科技,2025-09-17 10:45:51,4.37,100000,4.36,U
sz000100,TCL科技,2025-09-17 10:45:54,4.36,31600,4.37,D
sz000100,TCL科技,2025-09-17 10:45:57,4.37,45300,4.36,U
sz000100,TCL科技,2025-09-17 10:46:00,4.36,27100,4.37,D
sz000100,TCL科技,2025-09-17 10:46:18,4.37,57900,4.36,U
sz000100,TCL科技,2025-09-17 10:46:30,4.36,30000,4.37,D
sz000100,TCL科技,2025-09-17 10:46:54,4.37,55300,4.37,U
sz000100,TCL科技,2025-09-17 10:46:57,4.36,50500,4.37,D
sz000100,TCL科技,2025-09-17 10:47:03,4.36,41600,4.37,D
sz000100,TCL科技,2025-09-17 10:47:09,4.37,65100,4.36,U
sz000100,TCL科技,2025-09-17 10:47:12,4.37,38400,4.37,U
sz000100,TCL科技,2025-09-17 10:47:18,4.37,246000,4.36,U
sz000100,TCL科技,2025-09-17 10:47:21,4.37,34200,4.37,U
sz000100,TCL科技,2025-09-17 10:47:24,4.37,37400,4.37,U
sz000100,TCL科技,2025-09-17 10:47:33,4.36,45900,4.37,D
sz000100,TCL科技,2025-09-17 10:47:45,4.37,130800,4.36,U
sz000100,TCL科技,2025-09-17 10:47:48,4.36,1896600,4.37,D
sz000100,TCL科技,2025-09-17 10:47:51,4.37,232100,4.36,U
sz000100,TCL科技,2025-09-17 10:47:54,4.36,130400,4.37,D
sz000100,TCL科技,2025-09-17 10:47:57,4.37,6485600,4.36,U
sz000100,TCL科技,2025-09-17 10:48:00,4.37,1619100,4.37,D
sz000100,TCL科技,2025-09-17 10:48:18,4.38,28900,4.38,U
sz000100,TCL科技,2025-09-17 10:48:24,4.38,21500,4.38,U
sz000100,TCL科技,2025-09-17 10:48:30,4.37,28300,4.38,D
sz000100,TCL科技,2025-09-17 10:48:33,4.37,30080,4.37,D
sz000100,TCL科技,2025-09-17 10:48:36,4.37,22400,4.37,D
sz000100,TCL科技,2025-09-17 10:48:39,4.37,109800,4.37,D
sz000100,TCL科技,2025-09-17 10:48:42,4.37,28100,4.37,D
sz000100,TCL科技,2025-09-17 10:48:45,4.37,38400,4.37,D
sz000100,TCL科技,2025-09-17 10:48:54,4.37,25300,4.38,D
sz000100,TCL科技,2025-09-17 10:48:57,4.37,46100,4.37,D
sz000100,TCL科技,2025-09-17 10:49:06,4.37,759500,4.38,D
sz000100,TCL科技,2025-09-17 10:49:12,4.38,24500,4.37,U
sz000100,TCL科技,2025-09-17 10:49:18,4.38,241940,4.38,U
sz000100,TCL科技,2025-09-17 10:49:21,4.37,128700,4.38,D
sz000100,TCL科技,2025-09-17 10:49:24,4.37,97500,4.37,D
sz000100,TCL科技,2025-09-17 10:49:27,4.38,32500,4.37,U
sz000100,TCL科技,2025-09-17 10:49:30,4.37,20200,4.38,D
sz000100,TCL科技,2025-09-17 10:49:39,4.38,351900,4.38,U
sz000100,TCL科技,2025-09-17 10:49:42,4.38,41800,4.38,U
sz000100,TCL科技,2025-09-17 10:49:54,4.37,27500,4.38,D
sz000100,TCL科技,2025-09-17 10:49:57,4.37,21300,4.37,D
sz000100,TCL科技,2025-09-17 10:50:18,4.37,87600,4.37,D
sz000100,TCL科技,2025-09-17 10:50:21,4.37,34000,4.37,D
sz000100,TCL科技,2025-09-17 10:50:33,4.37,73500,4.38,D
sz000100,TCL科技,2025-09-17 10:50:54,4.37,23500,4.37,D
sz000100,TCL科技,2025-09-17 10:50:57,4.37,27300,4.37,D
sz000100,TCL科技,2025-09-17 10:51:03,4.38,25100,4.37,U
sz000100,TCL科技,2025-09-17 10:51:09,4.38,24200,4.38,U
sz000100,TCL科技,2025-09-17 10:51:18,4.38,21700,4.38,U
sz000100,TCL科技,2025-09-17 10:51:27,4.38,265700,4.38,U
sz000100,TCL科技,2025-09-17 10:51:30,4.38,64200,4.38,U
sz000100,TCL科技,2025-09-17 10:51:33,4.38,1786000,4.38,U
sz000100,TCL科技,2025-09-17 10:51:36,4.38,215400,4.38,U
sz000100,TCL科技,2025-09-17 10:51:39,4.38,607200,4.38,U
sz000100,TCL科技,2025-09-17 10:51:42,4.38,327900,4.38,U
sz000100,TCL科技,2025-09-17 10:51:45,4.38,39600,4.38,U
sz000100,TCL科技,2025-09-17 10:51:48,4.38,37800,4.38,U
sz000100,TCL科技,2025-09-17 10:51:51,4.38,179300,4.38,U
sz000100,TCL科技,2025-09-17 10:51:54,4.38,128300,4.38,U
sz000100,TCL科技,2025-09-17 10:51:57,4.38,33000,4.38,U
sz000100,TCL科技,2025-09-17 10:52:00,4.38,31700,4.38,U
sz000100,TCL科技,2025-09-17 10:52:03,4.38,6699670,4.38,U
sz000100,TCL科技,2025-09-17 10:52:06,4.38,511000,4.38,D
sz000100,TCL科技,2025-09-17 10:52:09,4.38,201500,4.38,D
sz000100,TCL科技,2025-09-17 10:52:12,4.38,36700,4.38,D
sz000100,TCL科技,2025-09-17 10:52:15,4.39,970000,4.38,U
sz000100,TCL科技,2025-09-17 10:52:18,4.38,65200,4.39,D
sz000100,TCL科技,2025-09-17 10:52:21,4.38,50900,4.38,D
sz000100,TCL科技,2025-09-17 10:52:24,4.38,36700,4.38,D
sz000100,TCL科技,2025-09-17 10:52:27,4.38,35300,4.38,D
sz000100,TCL科技,2025-09-17 10:52:36,4.38,38800,4.39,D
sz000100,TCL科技,2025-09-17 10:52:45,4.39,369600,4.39,U
sz000100,TCL科技,2025-09-17 10:52:51,4.38,66400,4.39,D
sz000100,TCL科技,2025-09-17 10:52:54,4.39,37800,4.38,U
sz000100,TCL科技,2025-09-17 10:53:06,4.39,30100,4.38,U
sz000100,TCL科技,2025-09-17 10:53:15,4.39,41100,4.38,U
sz000100,TCL科技,2025-09-17 10:53:18,4.39,45800,4.39,U
sz000100,TCL科技,2025-09-17 10:53:21,4.39,23000,4.39,U
sz000100,TCL科技,2025-09-17 10:53:30,4.39,27300,4.39,U
sz000100,TCL科技,2025-09-17 10:53:33,4.38,173600,4.39,D
sz000100,TCL科技,2025-09-17 10:53:36,4.39,34900,4.38,U
sz000100,TCL科技,2025-09-17 10:53:45,4.38,59000,4.38,D
sz000100,TCL科技,2025-09-17 10:53:54,4.38,27200,4.39,D
sz000100,TCL科技,2025-09-17 10:54:00,4.38,58900,4.38,D
sz000100,TCL科技,2025-09-17 10:54:03,4.38,26900,4.38,D
sz000100,TCL科技,2025-09-17 10:54:06,4.39,25700,4.38,U
sz000100,TCL科技,2025-09-17 10:54:12,4.38,34800,4.38,D
sz000100,TCL科技,2025-09-17 10:54:15,4.39,60800,4.38,U
sz000100,TCL科技,2025-09-17 10:54:18,4.38,894070,4.39,D
sz000100,TCL科技,2025-09-17 10:54:24,4.39,204000,4.39,U
sz000100,TCL科技,2025-09-17 10:54:27,4.39,74100,4.39,U
sz000100,TCL科技,2025-09-17 10:54:42,4.39,24100,4.39,U
sz000100,TCL科技,2025-09-17 10:54:57,4.38,32700,4.39,D
sz000100,TCL科技,2025-09-17 10:55:00,4.38,22000,4.38,D
sz000100,TCL科技,2025-09-17 10:55:12,4.39,107300,4.39,U
sz000100,TCL科技,2025-09-17 10:55:18,4.38,41200,4.39,D
sz000100,TCL科技,2025-09-17 10:55:24,4.38,46500,4.38,D
sz000100,TCL科技,2025-09-17 10:55:33,4.39,365800,4.39,U
sz000100,TCL科技,2025-09-17 10:55:42,4.38,21200,4.39,D
sz000100,TCL科技,2025-09-17 10:55:45,4.38,179900,4.38,D
sz000100,TCL科技,2025-09-17 10:55:48,4.39,33700,4.38,U
sz000100,TCL科技,2025-09-17 10:56:00,4.39,45500,4.39,U
sz000100,TCL科技,2025-09-17 10:56:03,4.39,151200,4.39,U
sz000100,TCL科技,2025-09-17 10:56:09,4.39,109600,4.38,U
sz000100,TCL科技,2025-09-17 10:56:12,4.38,285400,4.39,D
sz000100,TCL科技,2025-09-17 10:56:30,4.39,85600,4.38,U
sz000100,TCL科技,2025-09-17 10:56:39,4.38,76700,4.38,D
sz000100,TCL科技,2025-09-17 10:56:45,4.38,159000,4.38,D
sz000100,TCL科技,2025-09-17 10:56:48,4.38,52300,4.38,D
sz000100,TCL科技,2025-09-17 10:57:03,4.38,52900,4.38,D
sz000100,TCL科技,2025-09-17 10:57:06,4.38,28800,4.38,D
sz000100,TCL科技,2025-09-17 10:57:18,4.39,177700,4.38,U
sz000100,TCL科技,2025-09-17 10:57:27,4.38,91400,4.38,D
sz000100,TCL科技,2025-09-17 10:57:30,4.38,40800,4.38,D
sz000100,TCL科技,2025-09-17 10:57:33,4.38,67300,4.38,D
sz000100,TCL科技,2025-09-17 10:57:36,4.38,84800,4.38,D
sz000100,TCL科技,2025-09-17 10:57:54,4.38,34800,4.38,D
sz000100,TCL科技,2025-09-17 10:57:57,4.38,205800,4.38,D
sz000100,TCL科技,2025-09-17 10:58:00,4.39,241100,4.38,U
sz000100,TCL科技,2025-09-17 10:58:03,4.38,188600,4.39,D
sz000100,TCL科技,2025-09-17 10:58:06,4.39,84600,4.38,U
sz000100,TCL科技,2025-09-17 10:58:09,4.39,149800,4.39,U
sz000100,TCL科技,2025-09-17 10:58:12,4.39,221400,4.39,U
sz000100,TCL科技,2025-09-17 10:58:15,4.39,31000,4.39,U
sz000100,TCL科技,2025-09-17 10:58:18,4.38,33800,4.39,D
sz000100,TCL科技,2025-09-17 10:58:21,4.38,42900,4.38,D
sz000100,TCL科技,2025-09-17 10:58:24,4.39,504300,4.38,U
sz000100,TCL科技,2025-09-17 10:58:27,4.38,495300,4.39,D
sz000100,TCL科技,2025-09-17 10:58:30,4.38,118100,4.38,D
sz000100,TCL科技,2025-09-17 10:58:33,4.38,67000,4.38,D
sz000100,TCL科技,2025-09-17 10:58:36,4.38,271900,4.38,D
sz000100,TCL科技,2025-09-17 10:58:39,4.38,46800,4.38,D
sz000100,TCL科技,2025-09-17 10:58:42,4.38,76600,4.38,D
sz000100,TCL科技,2025-09-17 10:58:45,4.38,183400,4.38,D
sz000100,TCL科技,2025-09-17 10:58:48,4.38,144600,4.38,D
sz000100,TCL科技,2025-09-17 10:58:51,4.38,37100,4.38,D
sz000100,TCL科技,2025-09-17 10:58:54,4.38,30400,4.38,D
sz000100,TCL科技,2025-09-17 10:58:57,4.38,83800,4.38,D
sz000100,TCL科技,2025-09-17 10:59:00,4.38,34000,4.38,D
sz000100,TCL科技,2025-09-17 10:59:03,4.39,100000,4.38,U
sz000100,TCL科技,2025-09-17 10:59:06,4.39,40200,4.39,U
sz000100,TCL科技,2025-09-17 10:59:21,4.38,37000,4.38,D
sz000100,TCL科技,2025-09-17 10:59:27,4.38,38200,4.38,D
sz000100,TCL科技,2025-09-17 10:59:33,4.39,49500,4.38,U
sz000100,TCL科技,2025-09-17 10:59:39,4.38,39500,4.39,D
sz000100,TCL科技,2025-09-17 10:59:42,4.38,48400,4.38,D
sz000100,TCL科技,2025-09-17 10:59:54,4.38,26800,4.38,D
sz000100,TCL科技,2025-09-17 10:59:57,4.39,115300,4.38,U
sz000100,TCL科技,2025-09-17 11:00:00,4.38,38800,4.39,D
sz000100,TCL科技,2025-09-17 11:00:03,4.38,170400,4.38,D
sz000100,TCL科技,2025-09-17 11:00:06,4.38,47800,4.38,D
sz000100,TCL科技,2025-09-17 11:00:09,4.39,39100,4.38,U
sz000100,TCL科技,2025-09-17 11:00:12,4.39,52210,4.39,U
sz000100,TCL科技,2025-09-17 11:00:18,4.39,50600,4.39,U
sz000100,TCL科技,2025-09-17 11:00:21,4.39,89900,4.39,U
sz000100,TCL科技,2025-09-17 11:00:24,4.39,74800,4.39,U
sz000100,TCL科技,2025-09-17 11:00:27,4.38,57800,4.39,D
sz000100,TCL科技,2025-09-17 11:00:30,4.39,50400,4.38,U
sz000100,TCL科技,2025-09-17 11:00:36,4.39,23400,4.39,U
sz000100,TCL科技,2025-09-17 11:00:42,4.39,77000,4.38,U
sz000100,TCL科技,2025-09-17 11:00:51,4.39,91400,4.39,U
sz000100,TCL科技,2025-09-17 11:01:00,4.38,71600,4.38,D
sz000100,TCL科技,2025-09-17 11:01:03,4.39,79577,4.38,U
sz000100,TCL科技,2025-09-17 11:01:09,4.38,61900,4.38,D
sz000100,TCL科技,2025-09-17 11:01:12,4.38,42200,4.38,D
sz000100,TCL科技,2025-09-17 11:01:15,4.39,124000,4.38,U
sz000100,TCL科技,2025-09-17 11:01:18,4.38,61500,4.39,D
sz000100,TCL科技,2025-09-17 11:01:21,4.39,29100,4.38,U
sz000100,TCL科技,2025-09-17 11:01:39,4.38,25200,4.39,D
sz000100,TCL科技,2025-09-17 11:01:42,4.38,27100,4.38,D
sz000100,TCL科技,2025-09-17 11:01:45,4.38,99600,4.38,D
sz000100,TCL科技,2025-09-17 11:01:48,4.38,288500,4.38,D
sz000100,TCL科技,2025-09-17 11:01:51,4.38,161600,4.38,D
sz000100,TCL科技,2025-09-17 11:01:57,4.38,43300,4.38,D
sz000100,TCL科技,2025-09-17 11:02:03,4.38,101600,4.38,D
sz000100,TCL科技,2025-09-17 11:02:06,4.38,58800,4.38,D
sz000100,TCL科技,2025-09-17 11:02:09,4.38,66600,4.38,D
sz000100,TCL科技,2025-09-17 11:02:12,4.38,1336713,4.38,D
sz000100,TCL科技,2025-09-17 11:02:15,4.37,534200,4.38,D
sz000100,TCL科技,2025-09-17 11:02:18,4.38,155010,4.37,E
sz000100,TCL科技,2025-09-17 11:02:21,4.38,126500,4.38,D
sz000100,TCL科技,2025-09-17 11:02:24,4.38,175500,4.38,D
sz000100,TCL科技,2025-09-17 11:02:27,4.38,134200,4.38,D
sz000100,TCL科技,2025-09-17 11:02:30,4.38,366800,4.38,U
sz000100,TCL科技,2025-09-17 11:02:33,4.38,139700,4.38,D
sz000100,TCL科技,2025-09-17 11:02:36,4.38,86900,4.38,D
sz000100,TCL科技,2025-09-17 11:02:39,4.38,31300,4.38,D
sz000100,TCL科技,2025-09-17 11:02:42,4.38,250200,4.38,D
sz000100,TCL科技,2025-09-17 11:02:45,4.38,362700,4.38,U
sz000100,TCL科技,2025-09-17 11:02:48,4.38,130000,4.38,D
sz000100,TCL科技,2025-09-17 11:02:51,4.38,72200,4.38,D
sz000100,TCL科技,2025-09-17 11:02:54,4.38,61500,4.38,U
sz000100,TCL科技,2025-09-17 11:02:57,4.38,73500,4.38,U
sz000100,TCL科技,2025-09-17 11:03:00,4.38,121900,4.38,U
sz000100,TCL科技,2025-09-17 11:03:03,4.38,67100,4.38,D
sz000100,TCL科技,2025-09-17 11:03:06,4.38,113230,4.38,D
sz000100,TCL科技,2025-09-17 11:03:09,4.39,36400,4.38,U
sz000100,TCL科技,2025-09-17 11:03:15,4.38,34900,4.38,D
sz000100,TCL科技,2025-09-17 11:03:18,4.39,409800,4.38,U
sz000100,TCL科技,2025-09-17 11:03:21,4.38,61300,4.39,D
sz000100,TCL科技,2025-09-17 11:03:27,4.38,69200,4.38,D
sz000100,TCL科技,2025-09-17 11:03:30,4.38,35300,4.38,D
sz000100,TCL科技,2025-09-17 11:03:39,4.38,29300,4.38,D
sz000100,TCL科技,2025-09-17 11:03:42,4.38,51300,4.38,D
sz000100,TCL科技,2025-09-17 11:03:45,4.38,33000,4.38,D
sz000100,TCL科技,2025-09-17 11:03:48,4.38,31400,4.38,D
sz000100,TCL科技,2025-09-17 11:03:51,4.38,42900,4.38,D
sz000100,TCL科技,2025-09-17 11:03:54,4.38,46200,4.38,U
sz000100,TCL科技,2025-09-17 11:03:57,4.38,84100,4.38,U
sz000100,TCL科技,2025-09-17 11:04:00,4.38,103000,4.38,D
sz000100,TCL科技,2025-09-17 11:04:03,4.38,54180,4.38,U
sz000100,TCL科技,2025-09-17 11:04:09,4.39,56800,4.38,U
sz000100,TCL科技,2025-09-17 11:04:12,4.39,62700,4.39,U
sz000100,TCL科技,2025-09-17 11:04:15,4.39,53820,4.39,U
sz000100,TCL科技,2025-09-17 11:04:18,4.38,190390,4.39,D
sz000100,TCL科技,2025-09-17 11:04:21,4.38,50300,4.38,D
sz000100,TCL科技,2025-09-17 11:04:27,4.38,55120,4.39,D
sz000100,TCL科技,2025-09-17 11:04:30,4.39,39300,4.38,U
sz000100,TCL科技,2025-09-17 11:04:42,4.38,553800,4.38,D
sz000100,TCL科技,2025-09-17 11:04:45,4.39,33800,4.38,U
sz000100,TCL科技,2025-09-17 11:04:48,4.39,211100,4.39,U
sz000100,TCL科技,2025-09-17 11:04:57,4.38,29610,4.38,D
sz000100,TCL科技,2025-09-17 11:05:06,4.38,39300,4.38,D
sz000100,TCL科技,2025-09-17 11:05:21,4.39,43200,4.39,U
sz000100,TCL科技,2025-09-17 11:05:24,4.38,46400,4.39,D
sz000100,TCL科技,2025-09-17 11:05:27,4.38,89800,4.38,D
sz000100,TCL科技,2025-09-17 11:05:42,4.39,81800,4.38,U
sz000100,TCL科技,2025-09-17 11:05:45,4.39,27600,4.39,U
sz000100,TCL科技,2025-09-17 11:05:51,4.39,36200,4.39,U
sz000100,TCL科技,2025-09-17 11:06:00,4.39,41100,4.39,U
sz000100,TCL科技,2025-09-17 11:06:06,4.39,20200,4.38,U
sz000100,TCL科技,2025-09-17 11:06:12,4.38,20100,4.38,D
sz000100,TCL科技,2025-09-17 11:06:18,4.38,40800,4.39,D
sz000100,TCL科技,2025-09-17 11:06:27,4.39,68600,4.39,U
sz000100,TCL科技,2025-09-17 11:06:30,4.39,24600,4.39,U
sz000100,TCL科技,2025-09-17 11:06:33,4.39,45000,4.39,U
sz000100,TCL科技,2025-09-17 11:06:36,4.39,56500,4.39,U
sz000100,TCL科技,2025-09-17 11:07:06,4.39,276300,4.38,U
sz000100,TCL科技,2025-09-17 11:07:12,4.39,21000,4.39,U
sz000100,TCL科技,2025-09-17 11:07:24,4.39,105200,4.39,U
sz000100,TCL科技,2025-09-17 11:07:27,4.39,37500,4.39,U
sz000100,TCL科技,2025-09-17 11:07:30,4.39,25400,4.39,U
sz000100,TCL科技,2025-09-17 11:07:39,4.39,33300,4.39,U
sz000100,TCL科技,2025-09-17 11:07:42,4.38,331100,4.39,D
sz000100,TCL科技,2025-09-17 11:07:51,4.39,26500,4.39,U
sz000100,TCL科技,2025-09-17 11:08:06,4.39,63600,4.38,U
sz000100,TCL科技,2025-09-17 11:08:09,4.38,48600,4.39,D
sz000100,TCL科技,2025-09-17 11:08:36,4.39,272400,4.39,U
sz000100,TCL科技,2025-09-17 11:08:42,4.38,43300,4.39,D
sz000100,TCL科技,2025-09-17 11:08:57,4.38,21600,4.39,D
sz000100,TCL科技,2025-09-17 11:09:03,4.39,143300,4.38,U
sz000100,TCL科技,2025-09-17 11:09:12,4.39,91500,4.39,U
sz000100,TCL科技,2025-09-17 11:09:15,4.38,55400,4.39,D
sz000100,TCL科技,2025-09-17 11:09:27,4.39,217500,4.39,U
sz000100,TCL科技,2025-09-17 11:09:30,4.39,33900,4.39,U
sz000100,TCL科技,2025-09-17 11:09:33,4.38,216500,4.39,D
sz000100,TCL科技,2025-09-17 11:09:39,4.38,24410,4.38,D
sz000100,TCL科技,2025-09-17 11:09:54,4.38,23100,4.38,D
sz000100,TCL科技,2025-09-17 11:10:00,4.39,330170,4.38,U
sz000100,TCL科技,2025-09-17 11:10:03,4.39,109800,4.39,U
sz000100,TCL科技,2025-09-17 11:10:06,4.38,101500,4.39,D
sz000100,TCL科技,2025-09-17 11:10:09,4.38,21300,4.38,D
sz000100,TCL科技,2025-09-17 11:10:15,4.38,513900,4.38,D
sz000100,TCL科技,2025-09-17 11:10:21,4.38,25600,4.39,D
sz000100,TCL科技,2025-09-17 11:10:30,4.39,44300,4.38,U
sz000100,TCL科技,2025-09-17 11:10:33,4.39,132600,4.39,U
sz000100,TCL科技,2025-09-17 11:10:36,4.38,99500,4.39,D
sz000100,TCL科技,2025-09-17 11:10:48,4.39,38200,4.38,U
sz000100,TCL科技,2025-09-17 11:11:03,4.38,70300,4.38,D
sz000100,TCL科技,2025-09-17 11:11:06,4.38,38600,4.38,D
sz000100,TCL科技,2025-09-17 11:11:09,4.39,36500,4.38,U
sz000100,TCL科技,2025-09-17 11:11:18,4.39,77800,4.38,U
sz000100,TCL科技,2025-09-17 11:11:21,4.38,21300,4.39,D
sz000100,TCL科技,2025-09-17 11:11:24,4.39,93000,4.38,U
sz000100,TCL科技,2025-09-17 11:11:33,4.39,60400,4.39,U
sz000100,TCL科技,2025-09-17 11:11:42,4.39,49300,4.39,U
sz000100,TCL科技,2025-09-17 11:11:54,4.38,63100,4.38,D
sz000100,TCL科技,2025-09-17 11:11:57,4.38,218200,4.38,D
sz000100,TCL科技,2025-09-17 11:12:00,4.38,37700,4.38,D
sz000100,TCL科技,2025-09-17 11:12:03,4.38,1034400,4.38,D
sz000100,TCL科技,2025-09-17 11:12:06,4.38,92900,4.38,D
sz000100,TCL科技,2025-09-17 11:12:09,4.38,27600,4.38,D
sz000100,TCL科技,2025-09-17 11:12:12,4.38,109900,4.38,D
sz000100,TCL科技,2025-09-17 11:12:15,4.38,32200,4.38,D
sz000100,TCL科技,2025-09-17 11:12:18,4.39,61900,4.38,U
sz000100,TCL科技,2025-09-17 11:12:21,4.39,103500,4.39,U
sz000100,TCL科技,2025-09-17 11:12:24,4.38,39800,4.39,D
sz000100,TCL科技,2025-09-17 11:12:27,4.38,95500,4.38,U
sz000100,TCL科技,2025-09-17 11:12:36,4.38,31000,4.38,D
sz000100,TCL科技,2025-09-17 11:12:39,4.38,81400,4.38,D
sz000100,TCL科技,2025-09-17 11:12:45,4.38,43800,4.38,D
sz000100,TCL科技,2025-09-17 11:12:48,4.38,52960,4.38,D
sz000100,TCL科技,2025-09-17 11:12:51,4.38,116800,4.38,D
sz000100,TCL科技,2025-09-17 11:12:54,4.38,22740,4.38,D
sz000100,TCL科技,2025-09-17 11:12:57,4.38,44260,4.38,U
sz000100,TCL科技,2025-09-17 11:13:00,4.38,69300,4.38,D
sz000100,TCL科技,2025-09-17 11:13:03,4.39,122100,4.38,U
sz000100,TCL科技,2025-09-17 11:13:06,4.38,45400,4.39,D
sz000100,TCL科技,2025-09-17 11:13:09,4.38,25500,4.38,D
sz000100,TCL科技,2025-09-17 11:13:12,4.38,35800,4.38,D
sz000100,TCL科技,2025-09-17 11:13:15,4.38,46100,4.38,D
sz000100,TCL科技,2025-09-17 11:13:18,4.38,28300,4.38,D
sz000100,TCL科技,2025-09-17 11:13:21,4.39,23800,4.38,U
sz000100,TCL科技,2025-09-17 11:13:24,4.38,77900,4.39,D
sz000100,TCL科技,2025-09-17 11:13:27,4.38,61300,4.38,D
sz000100,TCL科技,2025-09-17 11:13:30,4.38,63000,4.38,D
sz000100,TCL科技,2025-09-17 11:13:42,4.38,41400,4.39,D
sz000100,TCL科技,2025-09-17 11:13:51,4.38,23500,4.38,D
sz000100,TCL科技,2025-09-17 11:13:54,4.39,21100,4.38,U
sz000100,TCL科技,2025-09-17 11:13:57,4.38,67000,4.39,D
sz000100,TCL科技,2025-09-17 11:14:00,4.39,36470,4.38,U
sz000100,TCL科技,2025-09-17 11:14:03,4.38,42500,4.39,D
sz000100,TCL科技,2025-09-17 11:14:09,4.38,52000,4.38,D
sz000100,TCL科技,2025-09-17 11:14:12,4.38,34200,4.38,D
sz000100,TCL科技,2025-09-17 11:14:15,4.38,79800,4.38,D
sz000100,TCL科技,2025-09-17 11:14:18,4.38,29000,4.38,D
sz000100,TCL科技,2025-09-17 11:14:21,4.38,62400,4.38,D
sz000100,TCL科技,2025-09-17 11:14:24,4.38,272800,4.38,D
sz000100,TCL科技,2025-09-17 11:14:27,4.38,32800,4.38,D
sz000100,TCL科技,2025-09-17 11:14:33,4.39,83600,4.38,U
sz000100,TCL科技,2025-09-17 11:14:42,4.39,34600,4.38,U
sz000100,TCL科技,2025-09-17 11:14:45,4.39,31000,4.39,U
sz000100,TCL科技,2025-09-17 11:14:48,4.38,63000,4.39,D
sz000100,TCL科技,2025-09-17 11:14:51,4.39,50200,4.38,U
sz000100,TCL科技,2025-09-17 11:15:00,4.38,82600,4.39,D
sz000100,TCL科技,2025-09-17 11:15:03,4.38,26300,4.38,D
sz000100,TCL科技,2025-09-17 11:15:06,4.39,27210,4.38,U
sz000100,TCL科技,2025-09-17 11:15:30,4.39,89700,4.38,U
sz000100,TCL科技,2025-09-17 11:15:39,4.38,29600,4.38,D
sz000100,TCL科技,2025-09-17 11:15:48,4.38,46600,4.38,D
sz000100,TCL科技,2025-09-17 11:15:51,4.39,42400,4.38,U
sz000100,TCL科技,2025-09-17 11:15:54,4.38,80500,4.39,D
sz000100,TCL科技,2025-09-17 11:15:57,4.39,60700,4.38,U
sz000100,TCL科技,2025-09-17 11:16:00,4.38,38300,4.39,D
sz000100,TCL科技,2025-09-17 11:16:03,4.38,27600,4.38,D
sz000100,TCL科技,2025-09-17 11:16:12,4.38,27200,4.39,D
sz000100,TCL科技,2025-09-17 11:16:21,4.38,83900,4.38,D
sz000100,TCL科技,2025-09-17 11:16:45,4.38,33700,4.38,D
sz000100,TCL科技,2025-09-17 11:16:54,4.39,273500,4.39,U
sz000100,TCL科技,2025-09-17 11:17:00,4.39,20700,4.39,U
sz000100,TCL科技,2025-09-17 11:17:06,4.39,23900,4.39,U
sz000100,TCL科技,2025-09-17 11:17:18,4.39,21800,4.38,U
sz000100,TCL科技,2025-09-17 11:18:00,4.39,245800,4.38,U
sz000100,TCL科技,2025-09-17 11:18:03,4.39,455000,4.39,U
sz000100,TCL科技,2025-09-17 11:18:06,4.39,260800,4.39,U
sz000100,TCL科技,2025-09-17 11:18:09,4.39,93800,4.39,U
sz000100,TCL科技,2025-09-17 11:18:12,4.39,72900,4.39,U
sz000100,TCL科技,2025-09-17 11:18:15,4.39,36400,4.39,U
sz000100,TCL科技,2025-09-17 11:18:36,4.39,105400,4.38,U
sz000100,TCL科技,2025-09-17 11:18:39,4.39,68000,4.39,U
sz000100,TCL科技,2025-09-17 11:19:00,4.38,90100,4.38,D
sz000100,TCL科技,2025-09-17 11:19:03,4.38,1636800,4.38,D
sz000100,TCL科技,2025-09-17 11:19:06,4.39,327100,4.38,U
sz000100,TCL科技,2025-09-17 11:19:09,4.39,56360,4.39,U
sz000100,TCL科技,2025-09-17 11:19:12,4.39,24500,4.39,U
sz000100,TCL科技,2025-09-17 11:19:21,4.39,41200,4.39,U
sz000100,TCL科技,2025-09-17 11:19:24,4.39,176000,4.39,U
sz000100,TCL科技,2025-09-17 11:19:36,4.38,56600,4.39,D
sz000100,TCL科技,2025-09-17 11:19:42,4.39,99900,4.38,U
sz000100,TCL科技,2025-09-17 11:19:45,4.39,31800,4.39,U
sz000100,TCL科技,2025-09-17 11:19:51,4.38,84000,4.39,D
sz000100,TCL科技,2025-09-17 11:19:54,4.39,63300,4.38,U
sz000100,TCL科技,2025-09-17 11:20:00,4.38,39100,4.39,D
sz000100,TCL科技,2025-09-17 11:20:03,4.38,117400,4.38,D
sz000100,TCL科技,2025-09-17 11:20:06,4.39,589200,4.38,U
sz000100,TCL科技,2025-09-17 11:20:09,4.39,10016850,4.39,U
sz000100,TCL科技,2025-09-17 11:20:18,4.4,50100,4.39,U
sz000100,TCL科技,2025-09-17 11:20:21,4.4,187600,4.4,U
sz000100,TCL科技,2025-09-17 11:20:24,4.4,31500,4.4,U
sz000100,TCL科技,2025-09-17 11:20:30,4.39,26700,4.39,D
sz000100,TCL科技,2025-09-17 11:20:36,4.39,22800,4.4,D
sz000100,TCL科技,2025-09-17 11:20:39,4.4,21000,4.39,U
sz000100,TCL科技,2025-09-17 11:20:51,4.4,45300,4.4,U
sz000100,TCL科技,2025-09-17 11:20:54,4.4,59500,4.4,U
sz000100,TCL科技,2025-09-17 11:20:57,4.4,31100,4.4,U
sz000100,TCL科技,2025-09-17 11:21:00,4.4,98100,4.4,U
sz000100,TCL科技,2025-09-17 11:21:09,4.39,57800,4.39,D
sz000100,TCL科技,2025-09-17 11:21:15,4.39,77600,4.39,D
sz000100,TCL科技,2025-09-17 11:21:18,4.39,40100,4.39,D
sz000100,TCL科技,2025-09-17 11:21:27,4.4,208000,4.39,U
sz000100,TCL科技,2025-09-17 11:21:39,4.39,197900,4.4,D
sz000100,TCL科技,2025-09-17 11:21:45,4.4,39500,4.4,U
sz000100,TCL科技,2025-09-17 11:21:51,4.39,23700,4.4,D
sz000100,TCL科技,2025-09-17 11:21:57,4.4,114800,4.39,U
sz000100,TCL科技,2025-09-17 11:22:00,4.4,21500,4.4,U
sz000100,TCL科技,2025-09-17 11:22:06,4.39,67800,4.39,D
sz000100,TCL科技,2025-09-17 11:22:12,4.4,74200,4.4,U
sz000100,TCL科技,2025-09-17 11:22:18,4.4,56100,4.39,U
sz000100,TCL科技,2025-09-17 11:22:24,4.39,52200,4.4,D
sz000100,TCL科技,2025-09-17 11:22:27,4.4,308600,4.39,U
sz000100,TCL科技,2025-09-17 11:22:30,4.39,57100,4.4,D
sz000100,TCL科技,2025-09-17 11:22:36,4.4,122900,4.4,U
sz000100,TCL科技,2025-09-17 11:22:42,4.39,26400,4.4,D
sz000100,TCL科技,2025-09-17 11:22:51,4.39,117100,4.39,D
sz000100,TCL科技,2025-09-17 11:23:00,4.39,21800,4.4,D
sz000100,TCL科技,2025-09-17 11:23:09,4.4,91400,4.4,U
sz000100,TCL科技,2025-09-17 11:23:15,4.4,48900,4.4,U
sz000100,TCL科技,2025-09-17 11:23:24,4.4,46400,4.39,U
sz000100,TCL科技,2025-09-17 11:23:27,4.39,77200,4.4,D
sz000100,TCL科技,2025-09-17 11:23:30,4.39,20200,4.39,D
sz000100,TCL科技,2025-09-17 11:23:33,4.4,20700,4.39,U
sz000100,TCL科技,2025-09-17 11:23:39,4.4,33100,4.39,U
sz000100,TCL科技,2025-09-17 11:23:48,4.4,26100,4.4,U
sz000100,TCL科技,2025-09-17 11:23:51,4.39,36700,4.4,D
sz000100,TCL科技,2025-09-17 11:23:54,4.4,212000,4.39,U
sz000100,TCL科技,2025-09-17 11:24:00,4.4,32400,4.39,U
sz000100,TCL科技,2025-09-17 11:24:03,4.4,647100,4.4,U
sz000100,TCL科技,2025-09-17 11:24:06,4.4,37500,4.4,U
sz000100,TCL科技,2025-09-17 11:24:18,4.39,39800,4.4,D
sz000100,TCL科技,2025-09-17 11:24:24,4.4,83200,4.39,U
sz000100,TCL科技,2025-09-17 11:24:30,4.4,111000,4.4,U
sz000100,TCL科技,2025-09-17 11:24:33,4.39,20400,4.4,D
sz000100,TCL科技,2025-09-17 11:24:39,4.4,29200,4.4,U
sz000100,TCL科技,2025-09-17 11:24:42,4.39,43300,4.4,D
sz000100,TCL科技,2025-09-17 11:24:51,4.39,25900,4.4,D
sz000100,TCL科技,2025-09-17 11:25:00,4.39,41100,4.4,D
sz000100,TCL科技,2025-09-17 11:25:03,4.4,41400,4.39,U
sz000100,TCL科技,2025-09-17 11:25:06,4.4,99000,4.4,U
sz000100,TCL科技,2025-09-17 11:25:09,4.4,21100,4.4,U
sz000100,TCL科技,2025-09-17 11:25:15,4.4,23200,4.39,U
sz000100,TCL科技,2025-09-17 11:25:18,4.4,60800,4.4,U
sz000100,TCL科技,2025-09-17 11:25:27,4.39,228200,4.4,D
sz000100,TCL科技,2025-09-17 11:25:30,4.39,102600,4.39,D
sz000100,TCL科技,2025-09-17 11:25:36,4.4,176200,4.39,U
sz000100,TCL科技,2025-09-17 11:25:39,4.39,34700,4.4,D
sz000100,TCL科技,2025-09-17 11:25:42,4.4,25800,4.39,U
sz000100,TCL科技,2025-09-17 11:25:48,4.4,29900,4.4,U
sz000100,TCL科技,2025-09-17 11:25:51,4.39,31000,4.4,D
sz000100,TCL科技,2025-09-17 11:26:00,4.39,61800,4.39,D
sz000100,TCL科技,2025-09-17 11:26:06,4.39,239700,4.39,D
sz000100,TCL科技,2025-09-17 11:26:09,4.39,37300,4.39,D
sz000100,TCL科技,2025-09-17 11:26:15,4.39,23300,4.39,D
sz000100,TCL科技,2025-09-17 11:26:21,4.39,25500,4.39,D
sz000100,TCL科技,2025-09-17 11:26:30,4.4,57600,4.39,U
sz000100,TCL科技,2025-09-17 11:26:33,4.39,34100,4.4,D
sz000100,TCL科技,2025-09-17 11:26:45,4.4,30200,4.39,U
sz000100,TCL科技,2025-09-17 11:26:48,4.39,45400,4.4,D
sz000100,TCL科技,2025-09-17 11:26:57,4.39,24100,4.4,D
sz000100,TCL科技,2025-09-17 11:27:09,4.39,25000,4.39,D
sz000100,TCL科技,2025-09-17 11:27:21,4.39,34700,4.39,D
sz000100,TCL科技,2025-09-17 11:27:27,4.4,30000,4.39,U
sz000100,TCL科技,2025-09-17 11:27:30,4.39,33600,4.4,D
sz000100,TCL科技,2025-09-17 11:27:33,4.4,31900,4.39,U
sz000100,TCL科技,2025-09-17 11:27:39,4.39,32000,4.39,D
sz000100,TCL科技,2025-09-17 11:27:42,4.39,26200,4.39,D
sz000100,TCL科技,2025-09-17 11:28:09,4.4,36200,4.4,U
sz000100,TCL科技,2025-09-17 11:28:12,4.4,341000,4.4,U
sz000100,TCL科技,2025-09-17 11:28:21,4.39,173200,4.39,D
sz000100,TCL科技,2025-09-17 11:28:24,4.39,40100,4.39,D
sz000100,TCL科技,2025-09-17 11:28:42,4.4,33600,4.39,U
sz000100,TCL科技,2025-09-17 11:28:45,4.39,25100,4.4,D
sz000100,TCL科技,2025-09-17 11:28:54,4.39,52600,4.39,D
sz000100,TCL科技,2025-09-17 11:29:00,4.4,21000,4.39,U
sz000100,TCL科技,2025-09-17 11:29:03,4.39,117100,4.4,D
sz000100,TCL科技,2025-09-17 11:29:09,4.39,26300,4.39,D
sz000100,TCL科技,2025-09-17 11:29:18,4.4,41800,4.4,U
sz000100,TCL科技,2025-09-17 11:29:27,4.39,30800,4.4,D
sz000100,TCL科技,2025-09-17 11:29:30,4.4,22300,4.39,U
sz000100,TCL科技,2025-09-17 11:29:33,4.4,63500,4.4,U
sz000100,TCL科技,2025-09-17 11:29:36,4.4,29300,4.4,U
sz000100,TCL科技,2025-09-17 11:29:48,4.4,123600,4.4,U
sz000100,TCL科技,2025-09-17 11:29:54,4.39,252700,4.4,D
sz000100,TCL科技,2025-09-17 11:29:57,4.39,60700,4.39,D
sz000100,TCL科技,2025-09-17 11:30:00,4.4,28700,4.39,U
sz000100,TCL科技,2025-09-17 13:00:00,4.4,261720,4.4,U
sz000100,TCL科技,2025-09-17 13:00:03,4.39,1418711,4.4,D
sz000100,TCL科技,2025-09-17 13:00:06,4.4,103700,4.39,U
sz000100,TCL科技,2025-09-17 13:00:09,4.4,102200,4.4,U
sz000100,TCL科技,2025-09-17 13:00:12,4.4,206100,4.4,U
sz000100,TCL科技,2025-09-17 13:00:15,4.4,240200,4.4,U
sz000100,TCL科技,2025-09-17 13:00:18,4.39,79600,4.4,D
sz000100,TCL科技,2025-09-17 13:00:24,4.39,57800,4.4,D
sz000100,TCL科技,2025-09-17 13:00:27,4.4,25800,4.39,U
sz000100,TCL科技,2025-09-17 13:00:30,4.4,57000,4.4,U
sz000100,TCL科技,2025-09-17 13:00:33,4.4,261800,4.4,U
sz000100,TCL科技,2025-09-17 13:00:36,4.4,42000,4.4,U
sz000100,TCL科技,2025-09-17 13:00:42,4.4,20200,4.4,U
sz000100,TCL科技,2025-09-17 13:00:45,4.39,22800,4.4,D
sz000100,TCL科技,2025-09-17 13:01:18,4.39,24000,4.4,D
sz000100,TCL科技,2025-09-17 13:01:27,4.39,39600,4.39,D
sz000100,TCL科技,2025-09-17 13:01:33,4.39,42700,4.4,D
sz000100,TCL科技,2025-09-17 13:01:42,4.39,21700,4.39,D
sz000100,TCL科技,2025-09-17 13:01:45,4.4,36400,4.39,U
sz000100,TCL科技,2025-09-17 13:01:54,4.39,21900,4.39,D
sz000100,TCL科技,2025-09-17 13:02:03,4.4,47900,4.4,U
sz000100,TCL科技,2025-09-17 13:02:09,4.39,47400,4.39,D
sz000100,TCL科技,2025-09-17 13:02:12,4.39,26000,4.39,D
sz000100,TCL科技,2025-09-17 13:02:15,4.39,44300,4.39,D
sz000100,TCL科技,2025-09-17 13:02:27,4.4,21600,4.4,U
sz000100,TCL科技,2025-09-17 13:02:30,4.39,43100,4.4,D
sz000100,TCL科技,2025-09-17 13:02:42,4.39,4626499,4.39,D
sz000100,TCL科技,2025-09-17 13:02:45,4.38,55000,4.39,D
sz000100,TCL科技,2025-09-17 13:02:48,4.39,47900,4.38,U
sz000100,TCL科技,2025-09-17 13:03:03,4.39,27700,4.39,U
sz000100,TCL科技,2025-09-17 13:03:12,4.38,181400,4.39,D
sz000100,TCL科技,2025-09-17 13:03:15,4.38,106600,4.38,D
sz000100,TCL科技,2025-09-17 13:03:39,4.38,95100,4.39,D
sz000100,TCL科技,2025-09-17 13:03:57,4.39,23400,4.39,U
sz000100,TCL科技,2025-09-17 13:04:06,4.39,171100,4.38,U
sz000100,TCL科技,2025-09-17 13:04:15,4.39,67800,4.39,U
sz000100,TCL科技,2025-09-17 13:04:18,4.39,2102100,4.39,U
sz000100,TCL科技,2025-09-17 13:04:21,4.39,971600,4.39,U
sz000100,TCL科技,2025-09-17 13:04:39,4.39,49800,4.39,D
sz000100,TCL科技,2025-09-17 13:04:42,4.4,193800,4.39,U
sz000100,TCL科技,2025-09-17 13:04:45,4.39,316500,4.4,D
sz000100,TCL科技,2025-09-17 13:04:51,4.39,28600,4.4,D
sz000100,TCL科技,2025-09-17 13:04:57,4.39,192100,4.39,D
sz000100,TCL科技,2025-09-17 13:05:00,4.39,164700,4.39,D
sz000100,TCL科技,2025-09-17 13:05:03,4.39,169880,4.39,D
sz000100,TCL科技,2025-09-17 13:05:15,4.39,37400,4.38,U
sz000100,TCL科技,2025-09-17 13:05:18,4.39,134900,4.39,U
sz000100,TCL科技,2025-09-17 13:05:21,4.39,62000,4.39,U
sz000100,TCL科技,2025-09-17 13:05:24,4.39,31930,4.39,U
sz000100,TCL科技,2025-09-17 13:05:33,4.39,21500,4.39,U
sz000100,TCL科技,2025-09-17 13:05:51,4.39,26300,4.39,U
sz000100,TCL科技,2025-09-17 13:05:54,4.39,269700,4.39,U
sz000100,TCL科技,2025-09-17 13:05:57,4.39,99000,4.39,U
sz000100,TCL科技,2025-09-17 13:06:03,4.39,37500,4.39,U
sz000100,TCL科技,2025-09-17 13:06:42,4.39,171900,4.39,U
sz000100,TCL科技,2025-09-17 13:07:12,4.38,61100,4.38,D
sz000100,TCL科技,2025-09-17 13:07:18,4.38,31300,4.39,D
sz000100,TCL科技,2025-09-17 13:07:21,4.38,26700,4.38,D
sz000100,TCL科技,2025-09-17 13:07:24,4.38,37900,4.38,D
sz000100,TCL科技,2025-09-17 13:07:45,4.38,25200,4.39,D
sz000100,TCL科技,2025-09-17 13:08:15,4.39,23700,4.38,U
sz000100,TCL科技,2025-09-17 13:08:39,4.38,199300,4.38,D
sz000100,TCL科技,2025-09-17 13:09:21,4.39,23200,4.38,U
sz000100,TCL科技,2025-09-17 13:09:30,4.39,69000,4.38,U
sz000100,TCL科技,2025-09-17 13:10:06,4.39,21800,4.39,U
sz000100,TCL科技,2025-09-17 13:10:30,4.38,342300,4.39,D
sz000100,TCL科技,2025-09-17 13:10:33,4.39,92200,4.38,U
sz000100,TCL科技,2025-09-17 13:10:36,4.38,40700,4.39,D
sz000100,TCL科技,2025-09-17 13:10:39,4.39,197000,4.38,U
sz000100,TCL科技,2025-09-17 13:11:06,4.38,20800,4.38,D
sz000100,TCL科技,2025-09-17 13:11:21,4.39,35900,4.38,U
sz000100,TCL科技,2025-09-17 13:11:27,4.39,26700,4.38,U
sz000100,TCL科技,2025-09-17 13:11:36,4.39,32500,4.39,U
sz000100,TCL科技,2025-09-17 13:11:57,4.38,25200,4.39,D
sz000100,TCL科技,2025-09-17 13:12:00,4.39,33300,4.38,U
sz000100,TCL科技,2025-09-17 13:12:15,4.38,23700,4.39,D
sz000100,TCL科技,2025-09-17 13:12:36,4.38,26280,4.39,D
sz000100,TCL科技,2025-09-17 13:12:39,4.38,21300,4.38,D
sz000100,TCL科技,2025-09-17 13:12:42,4.38,105700,4.38,D
sz000100,TCL科技,2025-09-17 13:12:45,4.39,196100,4.38,U
sz000100,TCL科技,2025-09-17 13:12:51,4.38,293800,4.38,D
sz000100,TCL科技,2025-09-17 13:13:15,4.38,29200,4.38,D
sz000100,TCL科技,2025-09-17 13:13:18,4.38,33400,4.38,D
sz000100,TCL科技,2025-09-17 13:13:21,4.38,31400,4.38,D
sz000100,TCL科技,2025-09-17 13:13:27,4.38,33100,4.39,D
sz000100,TCL科技,2025-09-17 13:13:30,4.38,22900,4.38,D
sz000100,TCL科技,2025-09-17 13:13:39,4.38,56100,4.38,D
sz000100,TCL科技,2025-09-17 13:13:42,4.39,50600,4.38,U
sz000100,TCL科技,2025-09-17 13:13:45,4.38,65700,4.39,D
sz000100,TCL科技,2025-09-17 13:13:48,4.39,29000,4.38,U
sz000100,TCL科技,2025-09-17 13:13:54,4.39,21600,4.38,U
sz000100,TCL科技,2025-09-17 13:13:57,4.39,25000,4.39,U
sz000100,TCL科技,2025-09-17 13:14:03,4.39,47100,4.39,U
sz000100,TCL科技,2025-09-17 13:14:15,4.38,43800,4.38,D
sz000100,TCL科技,2025-09-17 13:14:18,4.38,30900,4.38,D
sz000100,TCL科技,2025-09-17 13:14:27,4.38,21200,4.39,D
sz000100,TCL科技,2025-09-17 13:14:48,4.38,182100,4.38,D
sz000100,TCL科技,2025-09-17 13:15:06,4.38,157240,4.38,D
sz000100,TCL科技,2025-09-17 13:15:09,4.39,51800,4.38,U
sz000100,TCL科技,2025-09-17 13:15:15,4.39,77700,4.39,U
sz000100,TCL科技,2025-09-17 13:15:18,4.39,29700,4.39,U
sz000100,TCL科技,2025-09-17 13:15:24,4.39,22000,4.39,U
sz000100,TCL科技,2025-09-17 13:16:33,4.39,135100,4.38,U
sz000100,TCL科技,2025-09-17 13:16:42,4.38,32200,4.38,D
sz000100,TCL科技,2025-09-17 13:16:48,4.39,51800,4.38,U
sz000100,TCL科技,2025-09-17 13:16:57,4.38,181700,4.39,D
sz000100,TCL科技,2025-09-17 13:17:15,4.39,27400,4.39,U
sz000100,TCL科技,2025-09-17 13:17:45,4.38,65500,4.38,D
sz000100,TCL科技,2025-09-17 13:18:03,4.38,26900,4.38,D
sz000100,TCL科技,2025-09-17 13:18:12,4.38,27600,4.39,D
sz000100,TCL科技,2025-09-17 13:18:15,4.39,20000,4.38,U
sz000100,TCL科技,2025-09-17 13:18:54,4.39,43800,4.39,U
sz000100,TCL科技,2025-09-17 13:18:57,4.38,189100,4.39,D
sz000100,TCL科技,2025-09-17 13:19:00,4.39,47000,4.38,U
sz000100,TCL科技,2025-09-17 13:19:15,4.39,23600,4.38,U
sz000100,TCL科技,2025-09-17 13:20:06,4.39,67300,4.39,U
sz000100,TCL科技,2025-09-17 13:20:33,4.39,158300,4.39,U
sz000100,TCL科技,2025-09-17 13:20:36,4.39,463300,4.39,U
sz000100,TCL科技,2025-09-17 13:20:39,4.39,109500,4.39,U
sz000100,TCL科技,2025-09-17 13:20:42,4.38,37100,4.39,D
sz000100,TCL科技,2025-09-17 13:20:45,4.39,33200,4.38,U
sz000100,TCL科技,2025-09-17 13:20:57,4.38,92400,4.38,D
sz000100,TCL科技,2025-09-17 13:21:03,4.38,52100,4.38,D
sz000100,TCL科技,2025-09-17 13:21:06,4.38,385800,4.38,D
sz000100,TCL科技,2025-09-17 13:21:57,4.39,55000,4.38,U
sz000100,TCL科技,2025-09-17 13:22:06,4.39,34900,4.39,U
sz000100,TCL科技,2025-09-17 13:22:15,4.39,35300,4.38,U
sz000100,TCL科技,2025-09-17 13:22:24,4.39,41300,4.38,U
sz000100,TCL科技,2025-09-17 13:22:54,4.39,102900,4.39,U
sz000100,TCL科技,2025-09-17 13:22:57,4.39,32600,4.39,U
sz000100,TCL科技,2025-09-17 13:23:03,4.39,26300,4.39,U
sz000100,TCL科技,2025-09-17 13:23:21,4.38,180100,4.39,D
sz000100,TCL科技,2025-09-17 13:23:33,4.38,51600,4.39,D
sz000100,TCL科技,2025-09-17 13:23:42,4.38,26600,4.38,D
sz000100,TCL科技,2025-09-17 13:23:51,4.39,38600,4.38,U
sz000100,TCL科技,2025-09-17 13:23:54,4.38,102200,4.39,D
sz000100,TCL科技,2025-09-17 13:24:00,4.39,57500,4.38,U
sz000100,TCL科技,2025-09-17 13:24:09,4.38,106800,4.39,D
sz000100,TCL科技,2025-09-17 13:24:15,4.38,128100,4.38,D
sz000100,TCL科技,2025-09-17 13:24:36,4.39,254300,4.38,U
sz000100,TCL科技,2025-09-17 13:25:03,4.39,34700,4.39,U
sz000100,TCL科技,2025-09-17 13:25:33,4.38,204900,4.38,D
sz000100,TCL科技,2025-09-17 13:25:36,4.39,20300,4.38,U
sz000100,TCL科技,2025-09-17 13:25:45,4.39,20100,4.38,U
sz000100,TCL科技,2025-09-17 13:25:51,4.38,95200,4.38,D
sz000100,TCL科技,2025-09-17 13:25:54,4.38,82900,4.38,D
sz000100,TCL科技,2025-09-17 13:25:57,4.38,2180500,4.38,D
sz000100,TCL科技,2025-09-17 13:26:00,4.38,1919900,4.38,D
sz000100,TCL科技,2025-09-17 13:26:03,4.39,47000,4.38,U
sz000100,TCL科技,2025-09-17 13:26:06,4.38,31200,4.39,D
sz000100,TCL科技,2025-09-17 13:26:09,4.38,35600,4.38,D
sz000100,TCL科技,2025-09-17 13:26:12,4.39,24700,4.38,U
sz000100,TCL科技,2025-09-17 13:26:15,4.38,20900,4.39,D
sz000100,TCL科技,2025-09-17 13:26:18,4.38,362500,4.38,D
sz000100,TCL科技,2025-09-17 13:26:21,4.38,20100,4.38,D
sz000100,TCL科技,2025-09-17 13:26:24,4.38,54800,4.38,D
sz000100,TCL科技,2025-09-17 13:26:30,4.38,25200,4.38,D
sz000100,TCL科技,2025-09-17 13:26:33,4.39,51500,4.38,U
sz000100,TCL科技,2025-09-17 13:26:36,4.38,83700,4.39,D
sz000100,TCL科技,2025-09-17 13:26:42,4.38,71000,4.38,D
sz000100,TCL科技,2025-09-17 13:26:45,4.38,179600,4.38,D
sz000100,TCL科技,2025-09-17 13:27:00,4.39,36900,4.38,U
sz000100,TCL科技,2025-09-17 13:27:03,4.38,36400,4.39,D
sz000100,TCL科技,2025-09-17 13:27:15,4.38,30000,4.38,D
sz000100,TCL科技,2025-09-17 13:27:33,4.38,22200,4.39,D
sz000100,TCL科技,2025-09-17 13:27:45,4.38,27600,4.38,D
sz000100,TCL科技,2025-09-17 13:27:51,4.38,194600,4.38,D
sz000100,TCL科技,2025-09-17 13:27:54,4.38,178600,4.38,D
sz000100,TCL科技,2025-09-17 13:27:57,4.38,25200,4.38,D
sz000100,TCL科技,2025-09-17 13:28:00,4.38,32200,4.38,D
sz000100,TCL科技,2025-09-17 13:28:12,4.38,87000,4.38,D
sz000100,TCL科技,2025-09-17 13:28:15,4.39,54100,4.38,U
sz000100,TCL科技,2025-09-17 13:28:18,4.38,48000,4.39,D
sz000100,TCL科技,2025-09-17 13:28:21,4.38,46000,4.38,D
sz000100,TCL科技,2025-09-17 13:28:27,4.38,146000,4.38,D
sz000100,TCL科技,2025-09-17 13:28:30,4.38,73900,4.38,D
sz000100,TCL科技,2025-09-17 13:28:39,4.38,30200,4.38,D
sz000100,TCL科技,2025-09-17 13:28:54,4.38,30800,4.38,D
sz000100,TCL科技,2025-09-17 13:28:57,4.38,60900,4.38,D
sz000100,TCL科技,2025-09-17 13:29:00,4.38,573900,4.38,D
sz000100,TCL科技,2025-09-17 13:29:03,4.38,52610,4.38,D
sz000100,TCL科技,2025-09-17 13:29:06,4.38,302000,4.38,U
sz000100,TCL科技,2025-09-17 13:29:09,4.38,99100,4.38,U
sz000100,TCL科技,2025-09-17 13:29:12,4.38,157300,4.38,U
sz000100,TCL科技,2025-09-17 13:29:27,4.38,43200,4.37,U
sz000100,TCL科技,2025-09-17 13:29:42,4.37,22300,4.38,D
sz000100,TCL科技,2025-09-17 13:29:51,4.37,23900,4.37,D
sz000100,TCL科技,2025-09-17 13:29:54,4.38,36600,4.37,U
sz000100,TCL科技,2025-09-17 13:30:03,4.37,197000,4.38,D
sz000100,TCL科技,2025-09-17 13:30:09,4.38,56300,4.38,U
sz000100,TCL科技,2025-09-17 13:30:15,4.38,35500,4.38,U
sz000100,TCL科技,2025-09-17 13:30:18,4.38,43000,4.38,U
sz000100,TCL科技,2025-09-17 13:30:21,4.38,53000,4.38,U
sz000100,TCL科技,2025-09-17 13:30:27,4.38,96500,4.38,U
sz000100,TCL科技,2025-09-17 13:30:30,4.38,198500,4.38,U
sz000100,TCL科技,2025-09-17 13:30:36,4.38,20700,4.37,U
sz000100,TCL科技,2025-09-17 13:31:06,4.38,58400,4.38,U
sz000100,TCL科技,2025-09-17 13:31:12,4.37,45670,4.37,D
sz000100,TCL科技,2025-09-17 13:31:27,4.37,32600,4.38,D
sz000100,TCL科技,2025-09-17 13:31:33,4.38,43400,4.37,U
sz000100,TCL科技,2025-09-17 13:32:03,4.37,26400,4.38,D
sz000100,TCL科技,2025-09-17 13:32:06,4.38,26800,4.37,U
sz000100,TCL科技,2025-09-17 13:32:18,4.37,4829630,4.37,D
sz000100,TCL科技,2025-09-17 13:32:21,4.37,243700,4.37,U
sz000100,TCL科技,2025-09-17 13:32:51,4.36,21200,4.36,D
sz000100,TCL科技,2025-09-17 13:32:57,4.37,24400,4.37,U
sz000100,TCL科技,2025-09-17 13:33:15,4.37,54200,4.37,U
sz000100,TCL科技,2025-09-17 13:33:33,4.37,32000,4.37,U
sz000100,TCL科技,2025-09-17 13:33:42,4.37,31100,4.37,U
sz000100,TCL科技,2025-09-17 13:33:45,4.36,21800,4.37,D
sz000100,TCL科技,2025-09-17 13:33:48,4.37,44800,4.36,U
sz000100,TCL科技,2025-09-17 13:33:57,4.36,35900,4.36,D
sz000100,TCL科技,2025-09-17 13:34:00,4.37,44000,4.36,U
sz000100,TCL科技,2025-09-17 13:34:06,4.37,57500,4.37,U
sz000100,TCL科技,2025-09-17 13:34:12,4.36,20800,4.36,D
sz000100,TCL科技,2025-09-17 13:34:24,4.37,423500,4.37,U
sz000100,TCL科技,2025-09-17 13:34:27,4.37,2780270,4.37,U
sz000100,TCL科技,2025-09-17 13:34:30,4.37,55200,4.37,D
sz000100,TCL科技,2025-09-17 13:34:33,4.38,22900,4.37,U
sz000100,TCL科技,2025-09-17 13:34:42,4.37,177880,4.37,D
sz000100,TCL科技,2025-09-17 13:34:45,4.37,39900,4.37,D
sz000100,TCL科技,2025-09-17 13:34:48,4.37,124000,4.37,D
sz000100,TCL科技,2025-09-17 13:34:51,4.37,27700,4.37,D
sz000100,TCL科技,2025-09-17 13:34:57,4.38,121000,4.38,U
sz000100,TCL科技,2025-09-17 13:35:33,4.37,86500,4.37,D
sz000100,TCL科技,2025-09-17 13:35:42,4.37,2403800,4.38,D
sz000100,TCL科技,2025-09-17 13:35:45,4.37,69400,4.37,U
sz000100,TCL科技,2025-09-17 13:35:48,4.37,23100,4.37,U
sz000100,TCL科技,2025-09-17 13:35:51,4.37,273900,4.37,U
sz000100,TCL科技,2025-09-17 13:35:54,4.37,61300,4.37,U
sz000100,TCL科技,2025-09-17 13:35:57,4.37,31500,4.37,U
sz000100,TCL科技,2025-09-17 13:36:03,4.37,63700,4.37,U
sz000100,TCL科技,2025-09-17 13:36:06,4.37,117700,4.37,U
sz000100,TCL科技,2025-09-17 13:36:33,4.38,42900,4.38,U
sz000100,TCL科技,2025-09-17 13:36:36,4.38,34600,4.38,U
sz000100,TCL科技,2025-09-17 13:36:48,4.37,353800,4.38,D
sz000100,TCL科技,2025-09-17 13:37:00,4.37,84890,4.37,D
sz000100,TCL科技,2025-09-17 13:37:03,4.37,178400,4.37,U
sz000100,TCL科技,2025-09-17 13:37:06,4.37,57900,4.37,U
sz000100,TCL科技,2025-09-17 13:37:09,4.37,31200,4.37,U
sz000100,TCL科技,2025-09-17 13:37:12,4.37,61400,4.37,U
sz000100,TCL科技,2025-09-17 13:37:21,4.36,41500,4.37,D
sz000100,TCL科技,2025-09-17 13:37:24,4.37,220700,4.36,U
sz000100,TCL科技,2025-09-17 13:37:39,4.37,64300,4.37,U
sz000100,TCL科技,2025-09-17 13:37:45,4.37,56200,4.37,U
sz000100,TCL科技,2025-09-17 13:37:51,4.37,77500,4.37,U
sz000100,TCL科技,2025-09-17 13:38:00,4.37,27400,4.36,U
sz000100,TCL科技,2025-09-17 13:38:03,4.37,50610,4.37,U
sz000100,TCL科技,2025-09-17 13:38:06,4.37,65300,4.37,D
sz000100,TCL科技,2025-09-17 13:38:09,4.37,21100,4.37,D
sz000100,TCL科技,2025-09-17 13:38:18,4.37,20000,4.37,D
sz000100,TCL科技,2025-09-17 13:38:21,4.37,65700,4.37,D
sz000100,TCL科技,2025-09-17 13:38:33,4.37,46700,4.37,D
sz000100,TCL科技,2025-09-17 13:38:39,4.37,27100,4.37,D
sz000100,TCL科技,2025-09-17 13:38:42,4.37,29600,4.37,D
sz000100,TCL科技,2025-09-17 13:38:51,4.37,44890,4.37,D
sz000100,TCL科技,2025-09-17 13:38:54,4.37,34610,4.37,U
sz000100,TCL科技,2025-09-17 13:39:12,4.37,33100,4.37,D
sz000100,TCL科技,2025-09-17 13:39:24,4.37,203900,4.37,D
sz000100,TCL科技,2025-09-17 13:39:30,4.37,56700,4.37,D
sz000100,TCL科技,2025-09-17 13:39:33,4.38,57400,4.37,U
sz000100,TCL科技,2025-09-17 13:39:36,4.37,51900,4.38,D
sz000100,TCL科技,2025-09-17 13:39:39,4.37,23610,4.37,D
sz000100,TCL科技,2025-09-17 13:39:45,4.37,45390,4.37,U
sz000100,TCL科技,2025-09-17 13:39:57,4.37,54300,4.36,U
sz000100,TCL科技,2025-09-17 13:40:00,4.37,81000,4.37,U
sz000100,TCL科技,2025-09-17 13:40:12,4.37,59200,4.37,U
sz000100,TCL科技,2025-09-17 13:40:15,4.37,50600,4.37,U
sz000100,TCL科技,2025-09-17 13:40:18,4.37,51100,4.37,D
sz000100,TCL科技,2025-09-17 13:40:27,4.37,110000,4.37,D
sz000100,TCL科技,2025-09-17 13:40:30,4.37,100000,4.37,D
sz000100,TCL科技,2025-09-17 13:40:36,4.38,74200,4.37,U
sz000100,TCL科技,2025-09-17 13:41:12,4.37,39500,4.38,D
sz000100,TCL科技,2025-09-17 13:41:39,4.38,31200,4.37,U
sz000100,TCL科技,2025-09-17 13:41:42,4.37,169700,4.38,D
sz000100,TCL科技,2025-09-17 13:42:09,4.38,34600,4.38,U
sz000100,TCL科技,2025-09-17 13:42:15,4.38,39800,4.37,U
sz000100,TCL科技,2025-09-17 13:42:27,4.37,29800,4.38,D
sz000100,TCL科技,2025-09-17 13:42:33,4.37,27600,4.38,D
sz000100,TCL科技,2025-09-17 13:42:39,4.38,38100,4.38,U
sz000100,TCL科技,2025-09-17 13:42:48,4.38,98700,4.38,U
sz000100,TCL科技,2025-09-17 13:42:54,4.38,33200,4.38,U
sz000100,TCL科技,2025-09-17 13:43:06,4.38,76600,4.38,U
sz000100,TCL科技,2025-09-17 13:43:15,4.37,46300,4.37,D
sz000100,TCL科技,2025-09-17 13:43:27,4.38,32500,4.37,U
sz000100,TCL科技,2025-09-17 13:43:45,4.37,106000,4.38,D
sz000100,TCL科技,2025-09-17 13:43:54,4.38,25800,4.38,U
sz000100,TCL科技,2025-09-17 13:44:03,4.37,21500,4.38,D
sz000100,TCL科技,2025-09-17 13:44:06,4.37,186600,4.37,D
sz000100,TCL科技,2025-09-17 13:44:36,4.37,58900,4.38,D
sz000100,TCL科技,2025-09-17 13:44:57,4.37,66300,4.38,D
sz000100,TCL科技,2025-09-17 13:45:24,4.38,53700,4.37,U
sz000100,TCL科技,2025-09-17 13:45:27,4.38,35300,4.38,U
sz000100,TCL科技,2025-09-17 13:45:30,4.38,66300,4.38,U
sz000100,TCL科技,2025-09-17 13:45:39,4.38,36500,4.38,U
sz000100,TCL科技,2025-09-17 13:45:42,4.37,91500,4.38,D
sz000100,TCL科技,2025-09-17 13:45:51,4.37,36100,4.38,D
sz000100,TCL科技,2025-09-17 13:46:18,4.38,37700,4.37,U
sz000100,TCL科技,2025-09-17 13:46:21,4.37,34000,4.38,D
sz000100,TCL科技,2025-09-17 13:46:24,4.37,37800,4.37,D
sz000100,TCL科技,2025-09-17 13:46:57,4.37,34500,4.37,D
sz000100,TCL科技,2025-09-17 13:47:15,4.37,23600,4.38,D
sz000100,TCL科技,2025-09-17 13:47:18,4.38,43100,4.37,U
sz000100,TCL科技,2025-09-17 13:47:36,4.38,64600,4.37,U
sz000100,TCL科技,2025-09-17 13:47:39,4.38,28800,4.38,U
sz000100,TCL科技,2025-09-17 13:47:45,4.38,23100,4.38,U
sz000100,TCL科技,2025-09-17 13:47:48,4.38,20600,4.38,U
sz000100,TCL科技,2025-09-17 13:48:24,4.38,40000,4.38,U
sz000100,TCL科技,2025-09-17 13:48:36,4.37,33800,4.38,D
sz000100,TCL科技,2025-09-17 13:48:39,4.37,20500,4.37,D
sz000100,TCL科技,2025-09-17 13:48:54,4.37,51100,4.37,D
sz000100,TCL科技,2025-09-17 13:49:03,4.37,23450,4.37,D
sz000100,TCL科技,2025-09-17 13:49:12,4.37,20720,4.37,D
sz000100,TCL科技,2025-09-17 13:49:30,4.38,22000,4.37,U
sz000100,TCL科技,2025-09-17 13:49:33,4.38,43200,4.38,U
sz000100,TCL科技,2025-09-17 13:49:39,4.37,110000,4.37,D
sz000100,TCL科技,2025-09-17 13:49:42,4.37,26600,4.37,D
sz000100,TCL科技,2025-09-17 13:49:48,4.37,91100,4.38,D
sz000100,TCL科技,2025-09-17 13:49:54,4.37,23400,4.37,D
sz000100,TCL科技,2025-09-17 13:49:57,4.37,366900,4.37,D
sz000100,TCL科技,2025-09-17 13:50:00,4.37,174300,4.37,D
sz000100,TCL科技,2025-09-17 13:50:03,4.37,202900,4.37,D
sz000100,TCL科技,2025-09-17 13:50:06,4.37,2078700,4.37,D
sz000100,TCL科技,2025-09-17 13:50:09,4.37,617200,4.37,U
sz000100,TCL科技,2025-09-17 13:50:15,4.36,51100,4.37,D
sz000100,TCL科技,2025-09-17 13:50:21,4.37,36700,4.37,U
sz000100,TCL科技,2025-09-17 13:50:33,4.36,181400,4.37,D
sz000100,TCL科技,2025-09-17 13:50:36,4.37,47400,4.36,U
sz000100,TCL科技,2025-09-17 13:50:48,4.36,111300,4.36,D
sz000100,TCL科技,2025-09-17 13:50:57,4.36,35100,4.37,D
sz000100,TCL科技,2025-09-17 13:51:09,4.37,24500,4.36,U
sz000100,TCL科技,2025-09-17 13:51:15,4.36,54100,4.37,D
sz000100,TCL科技,2025-09-17 13:51:24,4.36,34500,4.37,D
sz000100,TCL科技,2025-09-17 13:51:57,4.36,55800,4.37,D
sz000100,TCL科技,2025-09-17 13:52:09,4.36,35000,4.37,D
sz000100,TCL科技,2025-09-17 13:52:12,4.36,27300,4.36,D
sz000100,TCL科技,2025-09-17 13:52:18,4.36,70500,4.36,D
sz000100,TCL科技,2025-09-17 13:52:27,4.37,20500,4.36,U
sz000100,TCL科技,2025-09-17 13:52:36,4.36,29160,4.36,D
sz000100,TCL科技,2025-09-17 13:52:45,4.36,94280,4.37,D
sz000100,TCL科技,2025-09-17 13:52:48,4.37,26900,4.36,U
sz000100,TCL科技,2025-09-17 13:52:54,4.36,53700,4.37,D
sz000100,TCL科技,2025-09-17 13:52:57,4.36,36800,4.36,D
sz000100,TCL科技,2025-09-17 13:53:00,4.36,32700,4.36,D
sz000100,TCL科技,2025-09-17 13:53:03,4.37,26400,4.36,U
sz000100,TCL科技,2025-09-17 13:53:12,4.37,28200,4.36,U
sz000100,TCL科技,2025-09-17 13:53:18,4.37,53800,4.37,U
sz000100,TCL科技,2025-09-17 13:53:21,4.37,202200,4.37,U
sz000100,TCL科技,2025-09-17 13:53:24,4.36,54900,4.37,D
sz000100,TCL科技,2025-09-17 13:53:27,4.37,155500,4.36,U
sz000100,TCL科技,2025-09-17 13:53:30,4.36,22140,4.37,D
sz000100,TCL科技,2025-09-17 13:53:33,4.37,32000,4.36,U
sz000100,TCL科技,2025-09-17 13:53:36,4.37,38200,4.37,U
sz000100,TCL科技,2025-09-17 13:53:39,4.37,69900,4.37,U
sz000100,TCL科技,2025-09-17 13:53:42,4.37,40000,4.37,U
sz000100,TCL科技,2025-09-17 13:53:45,4.37,113800,4.37,U
sz000100,TCL科技,2025-09-17 13:53:48,4.37,43900,4.37,U
sz000100,TCL科技,2025-09-17 13:53:51,4.37,20100,4.37,U
sz000100,TCL科技,2025-09-17 13:53:54,4.37,101200,4.37,U
sz000100,TCL科技,2025-09-17 13:54:00,4.36,38700,4.36,D
sz000100,TCL科技,2025-09-17 13:54:03,4.37,72000,4.36,U
sz000100,TCL科技,2025-09-17 13:54:06,4.37,61500,4.37,U
sz000100,TCL科技,2025-09-17 13:54:09,4.37,23600,4.37,U
sz000100,TCL科技,2025-09-17 13:54:12,4.36,20300,4.37,D
sz000100,TCL科技,2025-09-17 13:54:18,4.36,30400,4.37,D
sz000100,TCL科技,2025-09-17 13:54:24,4.36,436800,4.37,D
sz000100,TCL科技,2025-09-17 13:54:30,4.37,117000,4.37,U
sz000100,TCL科技,2025-09-17 13:54:33,4.37,83200,4.37,U
sz000100,TCL科技,2025-09-17 13:54:36,4.37,35500,4.37,U
sz000100,TCL科技,2025-09-17 13:54:39,4.37,897480,4.37,U
sz000100,TCL科技,2025-09-17 13:54:42,4.37,306200,4.37,D
sz000100,TCL科技,2025-09-17 13:54:48,4.37,21800,4.37,D
sz000100,TCL科技,2025-09-17 13:54:57,4.37,33200,4.37,D
sz000100,TCL科技,2025-09-17 13:55:03,4.37,39700,4.37,D
sz000100,TCL科技,2025-09-17 13:55:09,4.37,31900,4.37,D
sz000100,TCL科技,2025-09-17 13:55:15,4.37,25000,4.37,D
sz000100,TCL科技,2025-09-17 13:55:27,4.37,33300,4.37,D
sz000100,TCL科技,2025-09-17 13:55:30,4.38,74600,4.37,U
sz000100,TCL科技,2025-09-17 13:55:33,4.37,83800,4.38,D
sz000100,TCL科技,2025-09-17 13:55:36,4.37,65900,4.37,U
sz000100,TCL科技,2025-09-17 13:55:39,4.37,45900,4.37,U
sz000100,TCL科技,2025-09-17 13:55:45,4.36,64600,4.36,D
sz000100,TCL科技,2025-09-17 13:55:51,4.37,41600,4.37,U
sz000100,TCL科技,2025-09-17 13:55:54,4.37,61800,4.37,U
sz000100,TCL科技,2025-09-17 13:56:00,4.37,37500,4.37,U
sz000100,TCL科技,2025-09-17 13:56:03,4.37,30500,4.37,U
sz000100,TCL科技,2025-09-17 13:56:06,4.37,312300,4.37,U
sz000100,TCL科技,2025-09-17 13:56:09,4.37,21000,4.37,D
sz000100,TCL科技,2025-09-17 13:56:12,4.38,98500,4.37,U
sz000100,TCL科技,2025-09-17 13:56:30,4.37,28600,4.38,D
sz000100,TCL科技,2025-09-17 13:56:33,4.38,410000,4.37,U
sz000100,TCL科技,2025-09-17 13:56:36,4.38,107800,4.38,U
sz000100,TCL科技,2025-09-17 13:56:39,4.37,147900,4.38,D
sz000100,TCL科技,2025-09-17 13:56:54,4.38,214400,4.38,U
sz000100,TCL科技,2025-09-17 13:56:57,4.38,66420,4.38,U
sz000100,TCL科技,2025-09-17 13:57:03,4.37,21700,4.37,D
sz000100,TCL科技,2025-09-17 13:57:18,4.37,21100,4.38,D
sz000100,TCL科技,2025-09-17 13:57:24,4.38,36000,4.38,U
sz000100,TCL科技,2025-09-17 13:57:39,4.37,56700,4.37,D
sz000100,TCL科技,2025-09-17 13:57:45,4.37,20000,4.38,D
sz000100,TCL科技,2025-09-17 13:58:00,4.37,49500,4.38,D
sz000100,TCL科技,2025-09-17 13:58:21,4.38,123100,4.37,U
sz000100,TCL科技,2025-09-17 13:58:24,4.38,39800,4.38,U
sz000100,TCL科技,2025-09-17 13:58:27,4.38,123100,4.38,U
sz000100,TCL科技,2025-09-17 13:58:30,4.37,32800,4.38,D
sz000100,TCL科技,2025-09-17 13:59:45,4.38,23200,4.38,U
sz000100,TCL科技,2025-09-17 14:00:09,4.38,22510,4.38,U
sz000100,TCL科技,2025-09-17 14:00:18,4.37,79800,4.38,D
sz000100,TCL科技,2025-09-17 14:00:27,4.37,20600,4.37,D
sz000100,TCL科技,2025-09-17 14:00:33,4.38,26500,4.37,U
sz000100,TCL科技,2025-09-17 14:00:48,4.38,38300,4.38,U
sz000100,TCL科技,2025-09-17 14:00:51,4.37,111000,4.38,D
sz000100,TCL科技,2025-09-17 14:00:54,4.37,43500,4.37,D
sz000100,TCL科技,2025-09-17 14:00:57,4.38,67100,4.37,U
sz000100,TCL科技,2025-09-17 14:01:06,4.38,27600,4.37,U
sz000100,TCL科技,2025-09-17 14:01:09,4.38,39100,4.38,U
sz000100,TCL科技,2025-09-17 14:01:21,4.38,43600,4.37,U
sz000100,TCL科技,2025-09-17 14:01:33,4.38,39500,4.38,U
sz000100,TCL科技,2025-09-17 14:01:39,4.38,38600,4.37,U
sz000100,TCL科技,2025-09-17 14:01:51,4.38,27250,4.37,U
sz000100,TCL科技,2025-09-17 14:01:54,4.38,32300,4.38,U
sz000100,TCL科技,2025-09-17 14:02:03,4.37,24800,4.38,D
sz000100,TCL科技,2025-09-17 14:02:24,4.37,38500,4.37,D
sz000100,TCL科技,2025-09-17 14:02:27,4.38,20400,4.37,U
sz000100,TCL科技,2025-09-17 14:02:51,4.38,48100,4.37,U
sz000100,TCL科技,2025-09-17 14:03:03,4.37,25000,4.37,D
sz000100,TCL科技,2025-09-17 14:03:15,4.38,67300,4.37,U
sz000100,TCL科技,2025-09-17 14:03:24,4.38,24000,4.37,U
sz000100,TCL科技,2025-09-17 14:03:30,4.38,108500,4.38,U
sz000100,TCL科技,2025-09-17 14:03:39,4.38,35200,4.37,U
sz000100,TCL科技,2025-09-17 14:03:42,4.37,50000,4.38,D
sz000100,TCL科技,2025-09-17 14:03:51,4.38,22300,4.38,U
sz000100,TCL科技,2025-09-17 14:04:00,4.37,64700,4.38,D
sz000100,TCL科技,2025-09-17 14:04:03,4.37,47400,4.37,D
sz000100,TCL科技,2025-09-17 14:04:06,4.38,23800,4.37,U
sz000100,TCL科技,2025-09-17 14:04:24,4.37,21500,4.38,D
sz000100,TCL科技,2025-09-17 14:04:30,4.38,41900,4.37,U
sz000100,TCL科技,2025-09-17 14:04:39,4.37,27000,4.37,D
sz000100,TCL科技,2025-09-17 14:04:57,4.38,21700,4.37,U
sz000100,TCL科技,2025-09-17 14:05:00,4.38,24000,4.38,U
sz000100,TCL科技,2025-09-17 14:05:09,4.38,97900,4.38,U
sz000100,TCL科技,2025-09-17 14:05:21,4.37,63000,4.37,D
sz000100,TCL科技,2025-09-17 14:05:39,4.38,76200,4.37,U
sz000100,TCL科技,2025-09-17 14:05:42,4.37,47600,4.38,D
sz000100,TCL科技,2025-09-17 14:05:51,4.37,26200,4.37,D
sz000100,TCL科技,2025-09-17 14:05:54,4.37,108600,4.37,D
sz000100,TCL科技,2025-09-17 14:05:57,4.37,150700,4.37,D
sz000100,TCL科技,2025-09-17 14:06:00,4.37,32500,4.37,D
sz000100,TCL科技,2025-09-17 14:06:09,4.37,139500,4.38,D
sz000100,TCL科技,2025-09-17 14:06:12,4.38,48600,4.37,U
sz000100,TCL科技,2025-09-17 14:06:15,4.37,24100,4.38,D
sz000100,TCL科技,2025-09-17 14:06:18,4.37,36100,4.37,D
sz000100,TCL科技,2025-09-17 14:06:21,4.38,34900,4.37,U
sz000100,TCL科技,2025-09-17 14:06:36,4.37,23900,4.37,D
sz000100,TCL科技,2025-09-17 14:06:45,4.37,22900,4.38,D
sz000100,TCL科技,2025-09-17 14:06:48,4.37,34100,4.37,D
sz000100,TCL科技,2025-09-17 14:06:51,4.38,25500,4.37,U
sz000100,TCL科技,2025-09-17 14:06:57,4.37,20000,4.38,D
sz000100,TCL科技,2025-09-17 14:07:03,4.37,38700,4.37,D
sz000100,TCL科技,2025-09-17 14:07:06,4.37,21800,4.37,D
sz000100,TCL科技,2025-09-17 14:07:09,4.37,63400,4.37,D
sz000100,TCL科技,2025-09-17 14:07:15,4.37,31200,4.37,D
sz000100,TCL科技,2025-09-17 14:07:18,4.37,25300,4.37,D
sz000100,TCL科技,2025-09-17 14:07:21,4.38,36700,4.37,U
sz000100,TCL科技,2025-09-17 14:07:42,4.38,42000,4.38,U
sz000100,TCL科技,2025-09-17 14:07:57,4.37,42400,4.38,D
sz000100,TCL科技,2025-09-17 14:08:00,4.37,2617510,4.37,D
sz000100,TCL科技,2025-09-17 14:08:03,4.37,182100,4.37,U
sz000100,TCL科技,2025-09-17 14:08:06,4.37,78200,4.37,U
sz000100,TCL科技,2025-09-17 14:08:09,4.37,45400,4.37,U
sz000100,TCL科技,2025-09-17 14:08:18,4.37,67900,4.37,U
sz000100,TCL科技,2025-09-17 14:08:30,4.37,35200,4.36,U
sz000100,TCL科技,2025-09-17 14:08:45,4.37,25100,4.37,U
sz000100,TCL科技,2025-09-17 14:08:57,4.36,22100,4.36,D
sz000100,TCL科技,2025-09-17 14:09:06,4.36,40800,4.37,D
sz000100,TCL科技,2025-09-17 14:09:09,4.36,27200,4.36,D
sz000100,TCL科技,2025-09-17 14:09:15,4.37,110300,4.37,U
sz000100,TCL科技,2025-09-17 14:09:18,4.37,47900,4.37,U
sz000100,TCL科技,2025-09-17 14:09:21,4.36,27700,4.37,D
sz000100,TCL科技,2025-09-17 14:09:24,4.36,23400,4.36,D
sz000100,TCL科技,2025-09-17 14:09:27,4.37,130500,4.36,U
sz000100,TCL科技,2025-09-17 14:09:30,4.37,54800,4.37,U
sz000100,TCL科技,2025-09-17 14:09:48,4.37,55400,4.36,U
sz000100,TCL科技,2025-09-17 14:10:00,4.37,126900,4.37,U
sz000100,TCL科技,2025-09-17 14:10:03,4.36,34700,4.37,D
sz000100,TCL科技,2025-09-17 14:10:06,4.37,68900,4.36,U
sz000100,TCL科技,2025-09-17 14:10:09,4.37,814400,4.37,U
sz000100,TCL科技,2025-09-17 14:10:12,4.37,150900,4.37,U
sz000100,TCL科技,2025-09-17 14:10:15,4.37,29100,4.37,U
sz000100,TCL科技,2025-09-17 14:10:18,4.37,39000,4.37,U
sz000100,TCL科技,2025-09-17 14:10:24,4.37,54200,4.37,U
sz000100,TCL科技,2025-09-17 14:10:27,4.37,44100,4.37,U
sz000100,TCL科技,2025-09-17 14:10:30,4.37,23600,4.37,U
sz000100,TCL科技,2025-09-17 14:10:33,4.37,45600,4.37,U
sz000100,TCL科技,2025-09-17 14:10:36,4.37,109400,4.37,U
sz000100,TCL科技,2025-09-17 14:10:39,4.37,85500,4.37,U
sz000100,TCL科技,2025-09-17 14:10:45,4.36,44600,4.37,D
sz000100,TCL科技,2025-09-17 14:10:54,4.37,78100,4.37,U
sz000100,TCL科技,2025-09-17 14:10:57,4.36,38500,4.37,D
sz000100,TCL科技,2025-09-17 14:11:00,4.37,172500,4.36,U
sz000100,TCL科技,2025-09-17 14:11:03,4.37,113000,4.37,U
sz000100,TCL科技,2025-09-17 14:11:06,4.37,51800,4.37,U
sz000100,TCL科技,2025-09-17 14:11:09,4.37,45000,4.37,U
sz000100,TCL科技,2025-09-17 14:11:12,4.37,102300,4.37,U
sz000100,TCL科技,2025-09-17 14:11:15,4.37,41800,4.37,U
sz000100,TCL科技,2025-09-17 14:11:18,4.37,37800,4.37,U
sz000100,TCL科技,2025-09-17 14:11:21,4.37,82780,4.37,U
sz000100,TCL科技,2025-09-17 14:11:24,4.37,312500,4.37,U
sz000100,TCL科技,2025-09-17 14:11:27,4.37,22200,4.37,U
sz000100,TCL科技,2025-09-17 14:11:30,4.37,41000,4.37,U
sz000100,TCL科技,2025-09-17 14:11:36,4.37,29800,4.37,U
sz000100,TCL科技,2025-09-17 14:11:42,4.37,44600,4.37,U
sz000100,TCL科技,2025-09-17 14:11:45,4.36,189100,4.37,D
sz000100,TCL科技,2025-09-17 14:11:54,4.36,60100,4.37,D
sz000100,TCL科技,2025-09-17 14:12:00,4.36,36300,4.37,D
sz000100,TCL科技,2025-09-17 14:12:09,4.36,67100,4.37,D
sz000100,TCL科技,2025-09-17 14:12:24,4.37,47700,4.37,U
sz000100,TCL科技,2025-09-17 14:12:27,4.37,27400,4.37,U
sz000100,TCL科技,2025-09-17 14:12:30,4.37,28500,4.37,U
sz000100,TCL科技,2025-09-17 14:12:33,4.37,95700,4.37,U
sz000100,TCL科技,2025-09-17 14:12:48,4.37,35600,4.37,U
sz000100,TCL科技,2025-09-17 14:12:54,4.37,23100,4.37,U
sz000100,TCL科技,2025-09-17 14:12:57,4.37,26100,4.37,U
sz000100,TCL科技,2025-09-17 14:13:00,4.37,20000,4.37,U
sz000100,TCL科技,2025-09-17 14:13:09,4.37,44900,4.37,U
sz000100,TCL科技,2025-09-17 14:13:12,4.37,146800,4.37,U
sz000100,TCL科技,2025-09-17 14:13:21,4.37,85400,4.37,U
sz000100,TCL科技,2025-09-17 14:13:27,4.37,107200,4.37,U
sz000100,TCL科技,2025-09-17 14:13:30,4.37,40800,4.37,U
sz000100,TCL科技,2025-09-17 14:13:33,4.37,194000,4.37,U
sz000100,TCL科技,2025-09-17 14:13:48,4.36,23000,4.36,D
sz000100,TCL科技,2025-09-17 14:13:57,4.37,133500,4.37,U
sz000100,TCL科技,2025-09-17 14:14:15,4.37,29500,4.37,U
sz000100,TCL科技,2025-09-17 14:14:18,4.37,76900,4.37,U
sz000100,TCL科技,2025-09-17 14:14:21,4.37,93800,4.37,U
sz000100,TCL科技,2025-09-17 14:14:39,4.36,43800,4.36,D
sz000100,TCL科技,2025-09-17 14:14:42,4.37,20100,4.36,U
sz000100,TCL科技,2025-09-17 14:14:45,4.36,83700,4.37,D
sz000100,TCL科技,2025-09-17 14:15:00,4.36,163100,4.37,D
sz000100,TCL科技,2025-09-17 14:15:06,4.36,40300,4.37,D
sz000100,TCL科技,2025-09-17 14:15:12,4.36,25400,4.37,D
sz000100,TCL科技,2025-09-17 14:15:24,4.37,111400,4.37,U
sz000100,TCL科技,2025-09-17 14:15:27,4.37,109700,4.37,U
sz000100,TCL科技,2025-09-17 14:15:30,4.37,28500,4.37,U
sz000100,TCL科技,2025-09-17 14:15:36,4.37,144000,4.37,U
sz000100,TCL科技,2025-09-17 14:15:39,4.36,42100,4.37,D
sz000100,TCL科技,2025-09-17 14:15:45,4.37,136200,4.36,U
sz000100,TCL科技,2025-09-17 14:15:51,4.37,348000,4.37,U
sz000100,TCL科技,2025-09-17 14:15:54,4.37,185860,4.37,U
sz000100,TCL科技,2025-09-17 14:15:57,4.37,28400,4.37,D
sz000100,TCL科技,2025-09-17 14:16:00,4.37,45900,4.37,D
sz000100,TCL科技,2025-09-17 14:16:03,4.38,21800,4.37,U
sz000100,TCL科技,2025-09-17 14:16:06,4.37,33400,4.38,D
sz000100,TCL科技,2025-09-17 14:16:18,4.38,38700,4.37,U
sz000100,TCL科技,2025-09-17 14:16:21,4.37,98900,4.38,D
sz000100,TCL科技,2025-09-17 14:16:24,4.37,24000,4.37,D
sz000100,TCL科技,2025-09-17 14:16:36,4.37,34800,4.38,D
sz000100,TCL科技,2025-09-17 14:16:51,4.37,29200,4.38,D
sz000100,TCL科技,2025-09-17 14:16:54,4.37,20600,4.37,D
sz000100,TCL科技,2025-09-17 14:17:00,4.37,530940,4.37,D
sz000100,TCL科技,2025-09-17 14:17:03,4.37,22200,4.37,U
sz000100,TCL科技,2025-09-17 14:17:06,4.36,39500,4.37,D
sz000100,TCL科技,2025-09-17 14:17:21,4.36,309700,4.37,D
sz000100,TCL科技,2025-09-17 14:17:24,4.37,23300,4.36,U
sz000100,TCL科技,2025-09-17 14:17:30,4.37,64200,4.37,U
sz000100,TCL科技,2025-09-17 14:17:33,4.37,49600,4.37,U
sz000100,TCL科技,2025-09-17 14:17:36,4.36,30500,4.37,D
sz000100,TCL科技,2025-09-17 14:17:42,4.37,36200,4.36,U
sz000100,TCL科技,2025-09-17 14:17:48,4.37,37400,4.37,U
sz000100,TCL科技,2025-09-17 14:17:51,4.36,43500,4.37,D
sz000100,TCL科技,2025-09-17 14:17:57,4.37,27400,4.36,U
sz000100,TCL科技,2025-09-17 14:18:00,4.37,108200,4.37,U
sz000100,TCL科技,2025-09-17 14:18:03,4.37,124700,4.37,U
sz000100,TCL科技,2025-09-17 14:18:06,4.37,65690,4.37,U
sz000100,TCL科技,2025-09-17 14:18:09,4.37,47200,4.37,D
sz000100,TCL科技,2025-09-17 14:18:12,4.37,148700,4.37,D
sz000100,TCL科技,2025-09-17 14:18:15,4.37,62600,4.37,D
sz000100,TCL科技,2025-09-17 14:18:21,4.37,29200,4.37,D
sz000100,TCL科技,2025-09-17 14:18:33,4.37,26200,4.37,D
sz000100,TCL科技,2025-09-17 14:18:36,4.38,113000,4.37,U
sz000100,TCL科技,2025-09-17 14:18:42,4.37,29700,4.38,D
sz000100,TCL科技,2025-09-17 14:18:45,4.37,195800,4.37,U
sz000100,TCL科技,2025-09-17 14:18:48,4.37,170600,4.37,D
sz000100,TCL科技,2025-09-17 14:18:51,4.36,33900,4.37,D
sz000100,TCL科技,2025-09-17 14:19:00,4.37,104200,4.36,U
sz000100,TCL科技,2025-09-17 14:19:03,4.37,28800,4.37,U
sz000100,TCL科技,2025-09-17 14:19:06,4.36,30600,4.37,D
sz000100,TCL科技,2025-09-17 14:19:15,4.37,56100,4.36,U
sz000100,TCL科技,2025-09-17 14:19:21,4.36,38200,4.36,D
sz000100,TCL科技,2025-09-17 14:19:27,4.36,31200,4.36,D
sz000100,TCL科技,2025-09-17 14:19:36,4.36,54300,4.37,D
sz000100,TCL科技,2025-09-17 14:19:39,4.37,103100,4.36,U
sz000100,TCL科技,2025-09-17 14:19:51,4.36,199500,4.37,D
sz000100,TCL科技,2025-09-17 14:19:54,4.37,46900,4.36,U
sz000100,TCL科技,2025-09-17 14:20:00,4.37,20900,4.36,U
sz000100,TCL科技,2025-09-17 14:20:03,4.37,25300,4.37,U
sz000100,TCL科技,2025-09-17 14:20:06,4.37,35000,4.37,U
sz000100,TCL科技,2025-09-17 14:20:15,4.37,328900,4.37,U
sz000100,TCL科技,2025-09-17 14:20:18,4.37,30700,4.37,U
sz000100,TCL科技,2025-09-17 14:20:21,4.36,33100,4.37,D
sz000100,TCL科技,2025-09-17 14:20:30,4.37,21800,4.37,U
sz000100,TCL科技,2025-09-17 14:20:36,4.37,38500,4.36,U
sz000100,TCL科技,2025-09-17 14:20:42,4.37,96300,4.37,U
sz000100,TCL科技,2025-09-17 14:20:45,4.37,34400,4.37,U
sz000100,TCL科技,2025-09-17 14:20:51,4.36,40300,4.37,D
sz000100,TCL科技,2025-09-17 14:21:09,4.36,48000,4.36,D
sz000100,TCL科技,2025-09-17 14:21:12,4.37,92100,4.36,U
sz000100,TCL科技,2025-09-17 14:21:15,4.36,21300,4.37,D
sz000100,TCL科技,2025-09-17 14:21:21,4.37,69900,4.36,U
sz000100,TCL科技,2025-09-17 14:21:24,4.37,37100,4.37,U
sz000100,TCL科技,2025-09-17 14:21:27,4.37,216300,4.37,U
