symbol,name,ticktime,price,volume,prev_price,kind
sz000100,TCL科技,2025-09-30 09:25:00,4.32,1188780,0.0,U
sz000100,TCL科技,2025-09-30 09:30:00,4.32,140420,4.32,D
sz000100,TCL科技,2025-09-30 09:30:03,4.32,1541550,4.32,U
sz000100,TCL科技,2025-09-30 09:30:06,4.32,614300,4.32,D
sz000100,TCL科技,2025-09-30 09:30:09,4.32,413100,4.32,D
sz000100,TCL科技,2025-09-30 09:30:12,4.32,296900,4.32,D
sz000100,TCL科技,2025-09-30 09:30:15,4.32,259700,4.32,U
sz000100,TCL科技,2025-09-30 09:30:18,4.32,135230,4.32,U
sz000100,TCL科技,2025-09-30 09:30:21,4.32,941300,4.32,D
sz000100,TCL科技,2025-09-30 09:30:24,4.32,449500,4.32,D
sz000100,TCL科技,2025-09-30 09:30:27,4.32,270500,4.32,D
sz000100,TCL科技,2025-09-30 09:30:30,4.32,265000,4.32,D
sz000100,TCL科技,2025-09-30 09:30:33,4.33,64500,4.32,U
sz000100,TCL科技,2025-09-30 09:30:36,4.33,88700,4.33,U
sz000100,TCL科技,2025-09-30 09:30:39,4.32,97000,4.33,D
sz000100,TCL科技,2025-09-30 09:30:42,4.32,82000,4.32,D
sz000100,TCL科技,2025-09-30 09:30:45,4.32,276900,4.32,D
sz000100,TCL科技,2025-09-30 09:30:48,4.32,101100,4.32,D
sz000100,TCL科技,2025-09-30 09:30:51,4.32,235900,4.32,D
sz000100,TCL科技,2025-09-30 09:30:54,4.32,201600,4.32,D
sz000100,TCL科技,2025-09-30 09:30:57,4.32,68600,4.32,D
sz000100,TCL科技,2025-09-30 09:31:00,4.32,57800,4.32,D
sz000100,TCL科技,2025-09-30 09:31:03,4.32,107200,4.32,D
sz000100,TCL科技,2025-09-30 09:31:06,4.32,476900,4.32,D
sz000100,TCL科技,2025-09-30 09:31:09,4.32,170200,4.32,U
sz000100,TCL科技,2025-09-30 09:31:12,4.31,282500,4.32,D
sz000100,TCL科技,2025-09-30 09:31:15,4.31,96600,4.31,D
sz000100,TCL科技,2025-09-30 09:31:18,4.31,291500,4.31,D
sz000100,TCL科技,2025-09-30 09:31:21,4.31,102000,4.31,D
sz000100,TCL科技,2025-09-30 09:31:24,4.31,135900,4.31,D
sz000100,TCL科技,2025-09-30 09:31:27,4.32,92700,4.31,U
sz000100,TCL科技,2025-09-30 09:31:30,4.31,305700,4.32,D
sz000100,TCL科技,2025-09-30 09:31:33,4.31,132200,4.31,D
sz000100,TCL科技,2025-09-30 09:31:36,4.32,1039530,4.31,U
sz000100,TCL科技,2025-09-30 09:31:39,4.32,830100,4.32,D
sz000100,TCL科技,2025-09-30 09:31:42,4.33,1481100,4.32,U
sz000100,TCL科技,2025-09-30 09:31:45,4.33,313500,4.33,D
sz000100,TCL科技,2025-09-30 09:31:48,4.33,2444220,4.33,D
sz000100,TCL科技,2025-09-30 09:31:51,4.33,194800,4.33,D
sz000100,TCL科技,2025-09-30 09:31:54,4.33,363400,4.33,D
sz000100,TCL科技,2025-09-30 09:31:57,4.33,430900,4.33,D
sz000100,TCL科技,2025-09-30 09:32:00,4.34,203300,4.33,U
sz000100,TCL科技,2025-09-30 09:32:03,4.33,228600,4.34,D
sz000100,TCL科技,2025-09-30 09:32:06,4.34,254900,4.33,U
sz000100,TCL科技,2025-09-30 09:32:09,4.33,275900,4.34,D
sz000100,TCL科技,2025-09-30 09:32:12,4.33,307000,4.33,D
sz000100,TCL科技,2025-09-30 09:32:15,4.33,90400,4.33,D
sz000100,TCL科技,2025-09-30 09:32:18,4.33,23300,4.33,D
sz000100,TCL科技,2025-09-30 09:32:21,4.33,75300,4.33,D
sz000100,TCL科技,2025-09-30 09:32:24,4.33,90900,4.33,D
sz000100,TCL科技,2025-09-30 09:32:27,4.33,99200,4.33,D
sz000100,TCL科技,2025-09-30 09:32:30,4.33,384900,4.33,D
sz000100,TCL科技,2025-09-30 09:32:33,4.33,247200,4.33,D
sz000100,TCL科技,2025-09-30 09:32:36,4.34,333800,4.33,U
sz000100,TCL科技,2025-09-30 09:32:39,4.34,122800,4.34,U
sz000100,TCL科技,2025-09-30 09:32:42,4.33,59000,4.34,D
sz000100,TCL科技,2025-09-30 09:32:45,4.34,36600,4.33,U
sz000100,TCL科技,2025-09-30 09:32:51,4.34,31500,4.33,U
sz000100,TCL科技,2025-09-30 09:32:57,4.33,64000,4.34,D
sz000100,TCL科技,2025-09-30 09:33:00,4.33,74300,4.33,D
sz000100,TCL科技,2025-09-30 09:33:03,4.34,44500,4.33,U
sz000100,TCL科技,2025-09-30 09:33:06,4.33,27000,4.34,D
sz000100,TCL科技,2025-09-30 09:33:09,4.34,45300,4.33,U
sz000100,TCL科技,2025-09-30 09:33:12,4.34,387500,4.34,U
sz000100,TCL科技,2025-09-30 09:33:15,4.33,144500,4.34,D
sz000100,TCL科技,2025-09-30 09:33:18,4.34,101500,4.33,U
sz000100,TCL科技,2025-09-30 09:33:21,4.34,111200,4.34,U
sz000100,TCL科技,2025-09-30 09:33:24,4.33,35900,4.34,D
sz000100,TCL科技,2025-09-30 09:33:27,4.34,100700,4.33,U
sz000100,TCL科技,2025-09-30 09:33:30,4.34,35600,4.34,U
sz000100,TCL科技,2025-09-30 09:33:36,4.34,82700,4.33,U
sz000100,TCL科技,2025-09-30 09:33:39,4.34,39200,4.34,U
sz000100,TCL科技,2025-09-30 09:33:42,4.34,77400,4.34,U
sz000100,TCL科技,2025-09-30 09:33:45,4.33,24500,4.34,D
sz000100,TCL科技,2025-09-30 09:33:54,4.34,29300,4.34,U
sz000100,TCL科技,2025-09-30 09:33:57,4.34,74200,4.34,U
sz000100,TCL科技,2025-09-30 09:34:00,4.34,26000,4.34,U
sz000100,TCL科技,2025-09-30 09:34:03,4.34,199500,4.34,U
sz000100,TCL科技,2025-09-30 09:34:06,4.34,177100,4.34,U
sz000100,TCL科技,2025-09-30 09:34:09,4.34,76700,4.34,U
sz000100,TCL科技,2025-09-30 09:34:12,4.34,395850,4.34,U
sz000100,TCL科技,2025-09-30 09:34:15,4.34,302800,4.34,U
sz000100,TCL科技,2025-09-30 09:34:18,4.34,122430,4.34,U
sz000100,TCL科技,2025-09-30 09:34:21,4.33,72200,4.34,D
sz000100,TCL科技,2025-09-30 09:34:24,4.33,242800,4.33,D
sz000100,TCL科技,2025-09-30 09:34:27,4.34,90000,4.33,U
sz000100,TCL科技,2025-09-30 09:34:30,4.33,101800,4.34,D
sz000100,TCL科技,2025-09-30 09:34:33,4.34,37100,4.33,U
sz000100,TCL科技,2025-09-30 09:34:36,4.34,44200,4.34,U
sz000100,TCL科技,2025-09-30 09:34:39,4.33,35900,4.34,D
sz000100,TCL科技,2025-09-30 09:34:42,4.34,50000,4.33,U
sz000100,TCL科技,2025-09-30 09:34:45,4.34,71500,4.34,U
sz000100,TCL科技,2025-09-30 09:34:48,4.34,55700,4.34,U
sz000100,TCL科技,2025-09-30 09:34:51,4.34,22600,4.34,U
sz000100,TCL科技,2025-09-30 09:34:54,4.34,38600,4.34,U
sz000100,TCL科技,2025-09-30 09:35:00,4.33,45600,4.34,D
sz000100,TCL科技,2025-09-30 09:35:03,4.34,38300,4.33,U
sz000100,TCL科技,2025-09-30 09:35:06,4.33,54800,4.34,D
sz000100,TCL科技,2025-09-30 09:35:09,4.34,101800,4.33,U
sz000100,TCL科技,2025-09-30 09:35:12,4.34,44500,4.34,U
sz000100,TCL科技,2025-09-30 09:35:15,4.34,44900,4.34,U
sz000100,TCL科技,2025-09-30 09:35:18,4.34,48200,4.34,U
sz000100,TCL科技,2025-09-30 09:35:21,4.34,101400,4.34,U
sz000100,TCL科技,2025-09-30 09:35:24,4.33,77700,4.34,D
sz000100,TCL科技,2025-09-30 09:35:27,4.34,274400,4.33,U
sz000100,TCL科技,2025-09-30 09:35:30,4.33,132000,4.34,D
sz000100,TCL科技,2025-09-30 09:35:33,4.33,40100,4.33,D
sz000100,TCL科技,2025-09-30 09:35:39,4.33,25100,4.33,D
sz000100,TCL科技,2025-09-30 09:35:42,4.34,32700,4.33,U
sz000100,TCL科技,2025-09-30 09:35:45,4.34,23200,4.34,U
sz000100,TCL科技,2025-09-30 09:35:51,4.33,38900,4.33,D
sz000100,TCL科技,2025-09-30 09:35:54,4.34,21900,4.33,U
sz000100,TCL科技,2025-09-30 09:36:03,4.33,39600,4.33,D
sz000100,TCL科技,2025-09-30 09:36:06,4.34,21300,4.33,U
sz000100,TCL科技,2025-09-30 09:36:15,4.33,22700,4.33,D
sz000100,TCL科技,2025-09-30 09:36:18,4.34,32200,4.33,U
sz000100,TCL科技,2025-09-30 09:36:21,4.34,173100,4.34,U
sz000100,TCL科技,2025-09-30 09:36:24,4.34,110300,4.34,U
sz000100,TCL科技,2025-09-30 09:36:27,4.33,73800,4.34,D
sz000100,TCL科技,2025-09-30 09:36:30,4.33,214800,4.33,D
sz000100,TCL科技,2025-09-30 09:36:33,4.33,67600,4.33,D
sz000100,TCL科技,2025-09-30 09:36:36,4.34,50100,4.33,U
sz000100,TCL科技,2025-09-30 09:36:39,4.34,102800,4.34,U
sz000100,TCL科技,2025-09-30 09:36:42,4.34,52100,4.34,U
sz000100,TCL科技,2025-09-30 09:36:45,4.34,96200,4.34,U
sz000100,TCL科技,2025-09-30 09:36:48,4.34,244500,4.34,U
sz000100,TCL科技,2025-09-30 09:36:51,4.34,86400,4.34,U
sz000100,TCL科技,2025-09-30 09:36:54,4.34,120100,4.34,U
sz000100,TCL科技,2025-09-30 09:36:57,4.34,121000,4.34,U
sz000100,TCL科技,2025-09-30 09:37:00,4.33,184100,4.34,D
sz000100,TCL科技,2025-09-30 09:37:03,4.34,63400,4.33,U
sz000100,TCL科技,2025-09-30 09:37:06,4.34,76100,4.34,U
sz000100,TCL科技,2025-09-30 09:37:09,4.34,463100,4.34,U
sz000100,TCL科技,2025-09-30 09:37:12,4.33,118000,4.34,D
sz000100,TCL科技,2025-09-30 09:37:15,4.33,68000,4.33,D
sz000100,TCL科技,2025-09-30 09:37:18,4.33,28600,4.33,D
sz000100,TCL科技,2025-09-30 09:37:21,4.34,65800,4.33,U
sz000100,TCL科技,2025-09-30 09:37:24,4.33,32600,4.34,D
sz000100,TCL科技,2025-09-30 09:37:27,4.34,33200,4.33,U
sz000100,TCL科技,2025-09-30 09:37:33,4.34,32200,4.33,U
sz000100,TCL科技,2025-09-30 09:37:36,4.34,22600,4.34,U
sz000100,TCL科技,2025-09-30 09:37:42,4.33,30800,4.34,D
sz000100,TCL科技,2025-09-30 09:37:45,4.34,107000,4.33,U
sz000100,TCL科技,2025-09-30 09:37:48,4.34,82030,4.34,U
sz000100,TCL科技,2025-09-30 09:37:51,4.33,31000,4.34,D
sz000100,TCL科技,2025-09-30 09:37:54,4.34,34600,4.33,U
sz000100,TCL科技,2025-09-30 09:37:57,4.33,76200,4.34,D
sz000100,TCL科技,2025-09-30 09:38:00,4.33,138600,4.33,D
sz000100,TCL科技,2025-09-30 09:38:03,4.34,1587800,4.33,U
sz000100,TCL科技,2025-09-30 09:38:06,4.34,2297400,4.34,U
sz000100,TCL科技,2025-09-30 09:38:09,4.34,1259900,4.34,D
sz000100,TCL科技,2025-09-30 09:38:12,4.34,507000,4.34,D
sz000100,TCL科技,2025-09-30 09:38:15,4.34,368800,4.34,D
sz000100,TCL科技,2025-09-30 09:38:18,4.34,768800,4.34,D
sz000100,TCL科技,2025-09-30 09:38:21,4.34,512700,4.34,D
sz000100,TCL科技,2025-09-30 09:38:24,4.35,1664200,4.34,U
sz000100,TCL科技,2025-09-30 09:38:27,4.34,508700,4.35,D
sz000100,TCL科技,2025-09-30 09:38:30,4.33,482600,4.34,D
sz000100,TCL科技,2025-09-30 09:38:33,4.34,596000,4.33,U
sz000100,TCL科技,2025-09-30 09:38:36,4.34,181100,4.34,U
sz000100,TCL科技,2025-09-30 09:38:39,4.34,250700,4.34,U
sz000100,TCL科技,2025-09-30 09:38:42,4.34,191500,4.34,U
sz000100,TCL科技,2025-09-30 09:38:45,4.34,70100,4.34,U
sz000100,TCL科技,2025-09-30 09:38:48,4.34,66800,4.34,U
sz000100,TCL科技,2025-09-30 09:38:51,4.34,38400,4.34,U
sz000100,TCL科技,2025-09-30 09:38:54,4.34,28700,4.34,U
sz000100,TCL科技,2025-09-30 09:38:57,4.34,42100,4.34,U
sz000100,TCL科技,2025-09-30 09:39:00,4.34,21300,4.34,U
sz000100,TCL科技,2025-09-30 09:39:03,4.34,42800,4.34,U
sz000100,TCL科技,2025-09-30 09:39:06,4.34,67100,4.34,U
sz000100,TCL科技,2025-09-30 09:39:12,4.34,96400,4.34,U
sz000100,TCL科技,2025-09-30 09:39:15,4.34,1047300,4.34,U
sz000100,TCL科技,2025-09-30 09:39:18,4.34,320800,4.34,U
sz000100,TCL科技,2025-09-30 09:39:21,4.34,180700,4.34,U
sz000100,TCL科技,2025-09-30 09:39:24,4.34,116800,4.34,U
sz000100,TCL科技,2025-09-30 09:39:27,4.34,80900,4.34,U
sz000100,TCL科技,2025-09-30 09:39:30,4.33,66880,4.34,D
sz000100,TCL科技,2025-09-30 09:39:33,4.34,69800,4.33,U
sz000100,TCL科技,2025-09-30 09:39:36,4.33,78700,4.34,D
sz000100,TCL科技,2025-09-30 09:39:39,4.34,418500,4.33,U
sz000100,TCL科技,2025-09-30 09:39:42,4.34,129300,4.34,U
sz000100,TCL科技,2025-09-30 09:39:45,4.34,57000,4.34,U
sz000100,TCL科技,2025-09-30 09:39:48,4.34,95000,4.34,U
sz000100,TCL科技,2025-09-30 09:39:51,4.34,66500,4.34,U
sz000100,TCL科技,2025-09-30 09:39:54,4.34,85200,4.34,U
sz000100,TCL科技,2025-09-30 09:39:57,4.34,48400,4.34,U
sz000100,TCL科技,2025-09-30 09:40:00,4.34,880500,4.34,U
sz000100,TCL科技,2025-09-30 09:40:03,4.34,429900,4.34,U
sz000100,TCL科技,2025-09-30 09:40:06,4.34,239500,4.34,U
sz000100,TCL科技,2025-09-30 09:40:09,4.33,127500,4.34,D
sz000100,TCL科技,2025-09-30 09:40:12,4.34,92200,4.33,U
sz000100,TCL科技,2025-09-30 09:40:15,4.34,280400,4.34,U
sz000100,TCL科技,2025-09-30 09:40:18,4.34,106200,4.34,U
sz000100,TCL科技,2025-09-30 09:40:21,4.34,89700,4.34,U
sz000100,TCL科技,2025-09-30 09:40:24,4.34,105400,4.34,U
sz000100,TCL科技,2025-09-30 09:40:27,4.34,876650,4.34,U
sz000100,TCL科技,2025-09-30 09:40:30,4.34,299100,4.34,D
sz000100,TCL科技,2025-09-30 09:40:33,4.35,262800,4.34,U
sz000100,TCL科技,2025-09-30 09:40:36,4.34,182500,4.35,D
sz000100,TCL科技,2025-09-30 09:40:39,4.35,123200,4.34,U
sz000100,TCL科技,2025-09-30 09:40:42,4.35,59800,4.35,U
sz000100,TCL科技,2025-09-30 09:40:45,4.34,165500,4.35,D
sz000100,TCL科技,2025-09-30 09:40:48,4.35,51800,4.34,U
sz000100,TCL科技,2025-09-30 09:40:51,4.34,331300,4.35,D
sz000100,TCL科技,2025-09-30 09:40:54,4.35,4497580,4.34,U
sz000100,TCL科技,2025-09-30 09:40:57,4.35,1281700,4.35,D
sz000100,TCL科技,2025-09-30 09:41:00,4.35,628300,4.35,D
sz000100,TCL科技,2025-09-30 09:41:03,4.35,550800,4.35,D
sz000100,TCL科技,2025-09-30 09:41:06,4.35,704200,4.35,D
sz000100,TCL科技,2025-09-30 09:41:09,4.35,510200,4.35,D
sz000100,TCL科技,2025-09-30 09:41:12,4.35,324800,4.35,D
sz000100,TCL科技,2025-09-30 09:41:15,4.35,236500,4.35,D
sz000100,TCL科技,2025-09-30 09:41:18,4.36,274000,4.35,U
sz000100,TCL科技,2025-09-30 09:41:21,4.36,2246700,4.36,U
sz000100,TCL科技,2025-09-30 09:41:24,4.37,1109100,4.36,U
sz000100,TCL科技,2025-09-30 09:41:27,4.37,441400,4.37,U
sz000100,TCL科技,2025-09-30 09:41:30,4.36,319500,4.37,D
sz000100,TCL科技,2025-09-30 09:41:33,4.36,700600,4.36,D
sz000100,TCL科技,2025-09-30 09:41:36,4.36,247400,4.36,D
sz000100,TCL科技,2025-09-30 09:41:39,4.36,1413600,4.36,D
sz000100,TCL科技,2025-09-30 09:41:42,4.37,319000,4.36,U
sz000100,TCL科技,2025-09-30 09:41:45,4.36,202300,4.37,D
sz000100,TCL科技,2025-09-30 09:41:48,4.37,170700,4.36,U
sz000100,TCL科技,2025-09-30 09:41:51,4.36,67100,4.37,D
sz000100,TCL科技,2025-09-30 09:41:54,4.37,41600,4.36,U
sz000100,TCL科技,2025-09-30 09:41:57,4.36,51100,4.37,D
sz000100,TCL科技,2025-09-30 09:42:00,4.37,94300,4.36,U
sz000100,TCL科技,2025-09-30 09:42:03,4.37,663700,4.37,U
sz000100,TCL科技,2025-09-30 09:42:06,4.37,173300,4.37,U
sz000100,TCL科技,2025-09-30 09:42:09,4.36,163700,4.37,D
sz000100,TCL科技,2025-09-30 09:42:12,4.37,170600,4.36,U
sz000100,TCL科技,2025-09-30 09:42:15,4.36,82200,4.37,D
sz000100,TCL科技,2025-09-30 09:42:18,4.36,157800,4.36,D
sz000100,TCL科技,2025-09-30 09:42:21,4.37,100800,4.36,U
sz000100,TCL科技,2025-09-30 09:42:24,4.36,88400,4.37,D
sz000100,TCL科技,2025-09-30 09:42:27,4.36,220200,4.36,D
sz000100,TCL科技,2025-09-30 09:42:30,4.37,79900,4.36,U
sz000100,TCL科技,2025-09-30 09:42:33,4.36,27100,4.37,D
sz000100,TCL科技,2025-09-30 09:42:39,4.36,25100,4.37,D
sz000100,TCL科技,2025-09-30 09:42:42,4.36,175300,4.36,D
sz000100,TCL科技,2025-09-30 09:42:45,4.36,583800,4.36,D
sz000100,TCL科技,2025-09-30 09:42:48,4.37,315400,4.36,U
sz000100,TCL科技,2025-09-30 09:42:51,4.36,157610,4.37,D
sz000100,TCL科技,2025-09-30 09:42:54,4.36,123700,4.36,D
sz000100,TCL科技,2025-09-30 09:42:57,4.36,107000,4.36,D
sz000100,TCL科技,2025-09-30 09:43:00,4.36,125100,4.36,D
sz000100,TCL科技,2025-09-30 09:43:03,4.36,136300,4.36,D
sz000100,TCL科技,2025-09-30 09:43:06,4.36,55300,4.36,D
sz000100,TCL科技,2025-09-30 09:43:09,4.36,183000,4.36,D
sz000100,TCL科技,2025-09-30 09:43:12,4.36,90300,4.36,D
sz000100,TCL科技,2025-09-30 09:43:15,4.36,40300,4.36,D
sz000100,TCL科技,2025-09-30 09:43:18,4.36,34500,4.36,D
sz000100,TCL科技,2025-09-30 09:43:21,4.36,243200,4.36,D
sz000100,TCL科技,2025-09-30 09:43:24,4.37,277400,4.36,U
sz000100,TCL科技,2025-09-30 09:43:27,4.36,468290,4.37,D
sz000100,TCL科技,2025-09-30 09:43:30,4.36,140900,4.36,U
sz000100,TCL科技,2025-09-30 09:43:33,4.35,32800,4.36,D
sz000100,TCL科技,2025-09-30 09:44:03,4.35,23000,4.35,D
sz000100,TCL科技,2025-09-30 09:44:12,4.35,24900,4.35,D
sz000100,TCL科技,2025-09-30 09:44:21,4.36,21900,4.36,U
sz000100,TCL科技,2025-09-30 09:44:30,4.36,371000,4.36,U
sz000100,TCL科技,2025-09-30 09:44:33,4.36,90300,4.36,U
sz000100,TCL科技,2025-09-30 09:44:36,4.36,60700,4.36,U
sz000100,TCL科技,2025-09-30 09:44:39,4.35,32200,4.36,D
sz000100,TCL科技,2025-09-30 09:44:45,4.35,40500,4.35,D
sz000100,TCL科技,2025-09-30 09:44:54,4.35,2062800,4.35,D
sz000100,TCL科技,2025-09-30 09:44:57,4.35,486800,4.35,U
sz000100,TCL科技,2025-09-30 09:45:00,4.35,132700,4.35,U
sz000100,TCL科技,2025-09-30 09:45:03,4.35,69700,4.35,U
sz000100,TCL科技,2025-09-30 09:45:06,4.35,32200,4.35,U
sz000100,TCL科技,2025-09-30 09:45:18,4.34,24800,4.35,D
sz000100,TCL科技,2025-09-30 09:45:24,4.35,54800,4.35,U
sz000100,TCL科技,2025-09-30 09:45:27,4.35,44600,4.35,U
sz000100,TCL科技,2025-09-30 09:45:30,4.34,57600,4.35,D
sz000100,TCL科技,2025-09-30 09:45:33,4.34,35000,4.34,D
sz000100,TCL科技,2025-09-30 09:45:39,4.34,27600,4.35,D
sz000100,TCL科技,2025-09-30 09:45:48,4.35,56900,4.35,U
sz000100,TCL科技,2025-09-30 09:45:51,4.35,293000,4.35,U
sz000100,TCL科技,2025-09-30 09:45:54,4.35,153800,4.35,U
sz000100,TCL科技,2025-09-30 09:45:57,4.35,31800,4.35,U
sz000100,TCL科技,2025-09-30 09:46:00,4.35,29300,4.35,U
sz000100,TCL科技,2025-09-30 09:46:03,4.35,31600,4.35,U
sz000100,TCL科技,2025-09-30 09:46:06,4.35,117200,4.35,U
sz000100,TCL科技,2025-09-30 09:46:09,4.34,67100,4.35,D
sz000100,TCL科技,2025-09-30 09:46:12,4.35,67200,4.34,U
sz000100,TCL科技,2025-09-30 09:46:15,4.35,43000,4.35,U
sz000100,TCL科技,2025-09-30 09:46:18,4.36,2857300,4.35,U
sz000100,TCL科技,2025-09-30 09:46:21,4.35,1295400,4.36,D
sz000100,TCL科技,2025-09-30 09:46:24,4.35,422900,4.35,D
sz000100,TCL科技,2025-09-30 09:46:27,4.36,129800,4.35,U
sz000100,TCL科技,2025-09-30 09:46:30,4.36,52500,4.36,U
sz000100,TCL科技,2025-09-30 09:46:36,4.35,28300,4.36,D
sz000100,TCL科技,2025-09-30 09:46:39,4.35,56300,4.35,D
sz000100,TCL科技,2025-09-30 09:46:42,4.35,87400,4.35,D
sz000100,TCL科技,2025-09-30 09:46:45,4.35,30800,4.35,D
sz000100,TCL科技,2025-09-30 09:46:48,4.35,48000,4.35,D
sz000100,TCL科技,2025-09-30 09:46:51,4.35,28600,4.35,D
sz000100,TCL科技,2025-09-30 09:46:54,4.35,121200,4.35,D
sz000100,TCL科技,2025-09-30 09:46:57,4.35,61000,4.35,D
sz000100,TCL科技,2025-09-30 09:47:00,4.35,62800,4.35,D
sz000100,TCL科技,2025-09-30 09:47:03,4.35,691200,4.35,D
sz000100,TCL科技,2025-09-30 09:47:06,4.35,228900,4.35,D
sz000100,TCL科技,2025-09-30 09:47:09,4.35,206900,4.35,D
sz000100,TCL科技,2025-09-30 09:47:12,4.34,60900,4.35,D
sz000100,TCL科技,2025-09-30 09:47:15,4.35,21500,4.34,U
sz000100,TCL科技,2025-09-30 09:47:18,4.35,36100,4.35,U
sz000100,TCL科技,2025-09-30 09:47:21,4.35,44300,4.35,U
sz000100,TCL科技,2025-09-30 09:47:36,4.36,512790,4.35,U
sz000100,TCL科技,2025-09-30 09:47:39,4.35,127600,4.36,D
sz000100,TCL科技,2025-09-30 09:47:42,4.36,41400,4.35,U
sz000100,TCL科技,2025-09-30 09:47:51,4.35,56700,4.35,D
sz000100,TCL科技,2025-09-30 09:47:54,4.36,67100,4.35,U
sz000100,TCL科技,2025-09-30 09:47:57,4.36,30200,4.36,U
sz000100,TCL科技,2025-09-30 09:48:15,4.36,54400,4.36,U
sz000100,TCL科技,2025-09-30 09:48:18,4.36,33900,4.36,U
sz000100,TCL科技,2025-09-30 09:48:21,4.35,29100,4.36,D
sz000100,TCL科技,2025-09-30 09:48:24,4.36,52700,4.35,U
sz000100,TCL科技,2025-09-30 09:48:30,4.36,28100,4.36,U
sz000100,TCL科技,2025-09-30 09:48:48,4.36,123340,4.35,U
sz000100,TCL科技,2025-09-30 09:48:51,4.35,48700,4.36,D
sz000100,TCL科技,2025-09-30 09:49:03,4.35,66900,4.36,D
sz000100,TCL科技,2025-09-30 09:49:06,4.36,58700,4.35,U
sz000100,TCL科技,2025-09-30 09:49:09,4.35,37000,4.36,D
sz000100,TCL科技,2025-09-30 09:49:15,4.36,24800,4.35,U
sz000100,TCL科技,2025-09-30 09:49:18,4.35,125100,4.36,D
sz000100,TCL科技,2025-09-30 09:49:21,4.36,50700,4.35,U
sz000100,TCL科技,2025-09-30 09:49:24,4.36,24900,4.36,U
sz000100,TCL科技,2025-09-30 09:49:27,4.35,32500,4.36,D
sz000100,TCL科技,2025-09-30 09:49:30,4.36,67200,4.35,U
sz000100,TCL科技,2025-09-30 09:49:33,4.35,25600,4.36,D
sz000100,TCL科技,2025-09-30 09:49:39,4.35,56100,4.35,D
sz000100,TCL科技,2025-09-30 09:49:42,4.36,20000,4.35,U
sz000100,TCL科技,2025-09-30 09:49:45,4.36,34100,4.36,U
sz000100,TCL科技,2025-09-30 09:49:48,4.35,30900,4.36,D
sz000100,TCL科技,2025-09-30 09:49:51,4.35,26900,4.35,D
sz000100,TCL科技,2025-09-30 09:49:54,4.35,50600,4.35,D
sz000100,TCL科技,2025-09-30 09:49:57,4.35,155700,4.35,D
sz000100,TCL科技,2025-09-30 09:50:00,4.36,178400,4.35,U
sz000100,TCL科技,2025-09-30 09:50:03,4.35,105000,4.36,D
sz000100,TCL科技,2025-09-30 09:50:06,4.35,68000,4.35,D
sz000100,TCL科技,2025-09-30 09:50:09,4.35,46400,4.35,D
sz000100,TCL科技,2025-09-30 09:50:12,4.35,134400,4.35,D
sz000100,TCL科技,2025-09-30 09:50:15,4.35,64800,4.35,D
sz000100,TCL科技,2025-09-30 09:50:21,4.35,24200,4.35,D
sz000100,TCL科技,2025-09-30 09:50:24,4.35,34100,4.35,D
sz000100,TCL科技,2025-09-30 09:50:27,4.35,39900,4.35,D
sz000100,TCL科技,2025-09-30 09:50:30,4.36,144000,4.35,U
sz000100,TCL科技,2025-09-30 09:50:33,4.35,614500,4.36,D
sz000100,TCL科技,2025-09-30 09:50:36,4.35,152400,4.35,U
sz000100,TCL科技,2025-09-30 09:50:39,4.35,40600,4.35,U
sz000100,TCL科技,2025-09-30 09:50:42,4.34,21700,4.35,D
sz000100,TCL科技,2025-09-30 09:50:45,4.35,39300,4.34,U
sz000100,TCL科技,2025-09-30 09:50:48,4.34,30350,4.35,D
sz000100,TCL科技,2025-09-30 09:50:51,4.34,24200,4.34,D
sz000100,TCL科技,2025-09-30 09:50:54,4.35,24900,4.34,U
sz000100,TCL科技,2025-09-30 09:50:57,4.35,45700,4.35,U
sz000100,TCL科技,2025-09-30 09:51:00,4.35,592200,4.35,U
sz000100,TCL科技,2025-09-30 09:51:03,4.34,374400,4.35,D
sz000100,TCL科技,2025-09-30 09:51:06,4.35,103200,4.34,U
sz000100,TCL科技,2025-09-30 09:51:09,4.35,22900,4.35,U
sz000100,TCL科技,2025-09-30 09:51:15,4.34,75800,4.35,D
sz000100,TCL科技,2025-09-30 09:51:18,4.34,86900,4.34,D
sz000100,TCL科技,2025-09-30 09:51:21,4.34,48400,4.34,D
sz000100,TCL科技,2025-09-30 09:51:27,4.34,20000,4.34,D
sz000100,TCL科技,2025-09-30 09:51:39,4.34,50000,4.35,D
sz000100,TCL科技,2025-09-30 09:51:42,4.34,38900,4.34,D
sz000100,TCL科技,2025-09-30 09:51:54,4.34,25100,4.34,D
sz000100,TCL科技,2025-09-30 09:51:57,4.35,22400,4.34,U
sz000100,TCL科技,2025-09-30 09:52:00,4.34,24300,4.35,D
sz000100,TCL科技,2025-09-30 09:52:03,4.35,25300,4.34,U
sz000100,TCL科技,2025-09-30 09:52:06,4.34,35000,4.35,D
sz000100,TCL科技,2025-09-30 09:52:09,4.35,29000,4.34,U
sz000100,TCL科技,2025-09-30 09:52:24,4.34,28000,4.34,D
sz000100,TCL科技,2025-09-30 09:52:30,4.34,80000,4.35,D
sz000100,TCL科技,2025-09-30 09:52:33,4.35,41600,4.34,U
sz000100,TCL科技,2025-09-30 09:52:36,4.35,57700,4.35,U
sz000100,TCL科技,2025-09-30 09:52:39,4.34,24200,4.35,D
sz000100,TCL科技,2025-09-30 09:52:45,4.35,77600,4.35,U
sz000100,TCL科技,2025-09-30 09:52:48,4.34,33300,4.35,D
sz000100,TCL科技,2025-09-30 09:52:51,4.34,52200,4.34,D
sz000100,TCL科技,2025-09-30 09:52:54,4.35,25100,4.34,U
sz000100,TCL科技,2025-09-30 09:53:03,4.34,26200,4.35,D
sz000100,TCL科技,2025-09-30 09:53:06,4.35,28990,4.34,U
sz000100,TCL科技,2025-09-30 09:53:09,4.35,36410,4.35,U
sz000100,TCL科技,2025-09-30 09:53:24,4.34,40000,4.34,D
sz000100,TCL科技,2025-09-30 09:53:33,4.34,30700,4.35,D
sz000100,TCL科技,2025-09-30 09:53:36,4.34,37800,4.34,D
sz000100,TCL科技,2025-09-30 09:53:39,4.34,42900,4.34,D
sz000100,TCL科技,2025-09-30 09:53:42,4.35,29100,4.34,U
sz000100,TCL科技,2025-09-30 09:53:57,4.34,40200,4.34,D
sz000100,TCL科技,2025-09-30 09:54:00,4.35,53200,4.34,U
sz000100,TCL科技,2025-09-30 09:54:06,4.35,69400,4.34,U
sz000100,TCL科技,2025-09-30 09:54:09,4.35,59700,4.35,U
sz000100,TCL科技,2025-09-30 09:54:12,4.35,295700,4.35,U
sz000100,TCL科技,2025-09-30 09:54:15,4.34,142000,4.35,D
sz000100,TCL科技,2025-09-30 09:54:18,4.35,56800,4.34,U
sz000100,TCL科技,2025-09-30 09:54:24,4.34,41850,4.34,D
sz000100,TCL科技,2025-09-30 09:54:27,4.34,24200,4.34,D
sz000100,TCL科技,2025-09-30 09:54:30,4.35,32400,4.34,U
sz000100,TCL科技,2025-09-30 09:54:45,4.34,65900,4.35,D
sz000100,TCL科技,2025-09-30 09:54:48,4.34,237000,4.34,D
sz000100,TCL科技,2025-09-30 09:54:51,4.34,78000,4.34,D
sz000100,TCL科技,2025-09-30 09:54:54,4.35,29700,4.34,U
sz000100,TCL科技,2025-09-30 09:54:57,4.34,38400,4.35,D
sz000100,TCL科技,2025-09-30 09:55:00,4.34,39500,4.34,D
sz000100,TCL科技,2025-09-30 09:55:03,4.34,138300,4.34,D
sz000100,TCL科技,2025-09-30 09:55:06,4.35,63100,4.34,U
sz000100,TCL科技,2025-09-30 09:55:12,4.34,30400,4.35,D
sz000100,TCL科技,2025-09-30 09:55:15,4.35,22300,4.34,U
sz000100,TCL科技,2025-09-30 09:55:21,4.35,25300,4.35,U
sz000100,TCL科技,2025-09-30 09:55:27,4.34,106400,4.35,D
sz000100,TCL科技,2025-09-30 09:55:30,4.35,107500,4.34,U
sz000100,TCL科技,2025-09-30 09:55:33,4.34,31300,4.35,D
sz000100,TCL科技,2025-09-30 09:55:36,4.35,33300,4.34,U
sz000100,TCL科技,2025-09-30 09:55:42,4.35,35000,4.35,U
sz000100,TCL科技,2025-09-30 09:55:45,4.35,25000,4.35,U
sz000100,TCL科技,2025-09-30 09:56:03,4.34,87300,4.35,D
sz000100,TCL科技,2025-09-30 09:56:06,4.35,31000,4.34,U
sz000100,TCL科技,2025-09-30 09:56:18,4.35,27800,4.35,U
sz000100,TCL科技,2025-09-30 09:56:21,4.35,54500,4.35,U
sz000100,TCL科技,2025-09-30 09:56:27,4.35,22700,4.34,U
sz000100,TCL科技,2025-09-30 09:56:45,4.35,20000,4.34,U
sz000100,TCL科技,2025-09-30 09:56:51,4.34,29100,4.34,D
sz000100,TCL科技,2025-09-30 09:57:00,4.35,32500,4.35,U
sz000100,TCL科技,2025-09-30 09:57:03,4.35,57200,4.35,U
sz000100,TCL科技,2025-09-30 09:57:06,4.35,20800,4.35,U
sz000100,TCL科技,2025-09-30 09:57:12,4.35,22500,4.35,U
sz000100,TCL科技,2025-09-30 09:57:18,4.34,21100,4.35,D
sz000100,TCL科技,2025-09-30 09:57:24,4.35,60600,4.35,U
sz000100,TCL科技,2025-09-30 09:57:27,4.34,24900,4.35,D
sz000100,TCL科技,2025-09-30 09:57:42,4.34,49500,4.35,D
sz000100,TCL科技,2025-09-30 09:57:45,4.35,49200,4.34,U
sz000100,TCL科技,2025-09-30 09:57:54,4.34,67000,4.34,D
sz000100,TCL科技,2025-09-30 09:57:57,4.34,28000,4.34,D
sz000100,TCL科技,2025-09-30 09:58:00,4.34,24000,4.34,D
sz000100,TCL科技,2025-09-30 09:58:03,4.34,28600,4.34,D
sz000100,TCL科技,2025-09-30 09:58:12,4.34,30800,4.35,D
sz000100,TCL科技,2025-09-30 09:58:15,4.35,716400,4.34,U
sz000100,TCL科技,2025-09-30 09:58:18,4.34,353910,4.35,D
sz000100,TCL科技,2025-09-30 09:58:21,4.35,200300,4.34,U
sz000100,TCL科技,2025-09-30 09:58:24,4.34,87200,4.35,D
sz000100,TCL科技,2025-09-30 09:58:27,4.35,49600,4.34,U
sz000100,TCL科技,2025-09-30 09:58:30,4.34,20000,4.35,D
sz000100,TCL科技,2025-09-30 09:58:33,4.35,28400,4.34,U
sz000100,TCL科技,2025-09-30 09:58:36,4.34,20200,4.35,D
sz000100,TCL科技,2025-09-30 09:58:39,4.35,23000,4.34,U
sz000100,TCL科技,2025-09-30 09:58:42,4.34,20400,4.35,D
sz000100,TCL科技,2025-09-30 09:58:45,4.34,181300,4.34,D
sz000100,TCL科技,2025-09-30 09:58:48,4.34,50100,4.34,D
sz000100,TCL科技,2025-09-30 09:58:51,4.35,40400,4.34,U
sz000100,TCL科技,2025-09-30 09:58:54,4.35,48000,4.35,U
sz000100,TCL科技,2025-09-30 09:58:57,4.34,31000,4.35,D
sz000100,TCL科技,2025-09-30 09:59:00,4.34,29600,4.34,D
sz000100,TCL科技,2025-09-30 09:59:03,4.34,40300,4.34,D
sz000100,TCL科技,2025-09-30 09:59:09,4.35,24000,4.35,U
sz000100,TCL科技,2025-09-30 09:59:12,4.35,28900,4.35,U
sz000100,TCL科技,2025-09-30 09:59:15,4.35,21700,4.35,U
sz000100,TCL科技,2025-09-30 09:59:21,4.35,70400,4.34,U
sz000100,TCL科技,2025-09-30 09:59:24,4.34,48900,4.35,D
sz000100,TCL科技,2025-09-30 09:59:27,4.35,25100,4.34,U
sz000100,TCL科技,2025-09-30 09:59:30,4.35,39800,4.35,U
sz000100,TCL科技,2025-09-30 09:59:33,4.35,90300,4.35,U
sz000100,TCL科技,2025-09-30 09:59:36,4.35,96600,4.35,U
sz000100,TCL科技,2025-09-30 09:59:39,4.35,55500,4.35,U
sz000100,TCL科技,2025-09-30 09:59:42,4.35,54000,4.35,U
sz000100,TCL科技,2025-09-30 09:59:48,4.35,27200,4.34,U
sz000100,TCL科技,2025-09-30 09:59:54,4.34,52100,4.35,D
sz000100,TCL科技,2025-09-30 09:59:57,4.35,28100,4.34,U
sz000100,TCL科技,2025-09-30 10:00:00,4.35,81600,4.35,U
sz000100,TCL科技,2025-09-30 10:00:03,4.34,93700,4.35,D
sz000100,TCL科技,2025-09-30 10:00:06,4.35,68900,4.34,U
sz000100,TCL科技,2025-09-30 10:00:09,4.35,45700,4.35,U
sz000100,TCL科技,2025-09-30 10:00:12,4.34,21300,4.35,D
sz000100,TCL科技,2025-09-30 10:00:15,4.34,165100,4.34,D
sz000100,TCL科技,2025-09-30 10:00:18,4.34,47700,4.34,D
sz000100,TCL科技,2025-09-30 10:00:21,4.34,65100,4.34,D
sz000100,TCL科技,2025-09-30 10:00:24,4.34,23180,4.34,D
sz000100,TCL科技,2025-09-30 10:00:27,4.34,59400,4.34,D
sz000100,TCL科技,2025-09-30 10:00:30,4.34,55300,4.34,D
sz000100,TCL科技,2025-09-30 10:00:33,4.35,42400,4.34,U
sz000100,TCL科技,2025-09-30 10:00:36,4.34,42100,4.35,D
sz000100,TCL科技,2025-09-30 10:00:39,4.34,168700,4.34,D
sz000100,TCL科技,2025-09-30 10:00:42,4.34,77400,4.34,D
sz000100,TCL科技,2025-09-30 10:00:45,4.35,47000,4.34,U
sz000100,TCL科技,2025-09-30 10:00:48,4.34,29430,4.35,D
sz000100,TCL科技,2025-09-30 10:00:51,4.34,47200,4.34,D
sz000100,TCL科技,2025-09-30 10:00:57,4.34,26170,4.35,D
sz000100,TCL科技,2025-09-30 10:01:00,4.34,25500,4.34,D
sz000100,TCL科技,2025-09-30 10:01:03,4.34,24600,4.34,D
sz000100,TCL科技,2025-09-30 10:01:06,4.34,242800,4.34,D
sz000100,TCL科技,2025-09-30 10:01:09,4.34,1188280,4.34,D
sz000100,TCL科技,2025-09-30 10:01:12,4.34,595400,4.34,U
sz000100,TCL科技,2025-09-30 10:01:15,4.34,367200,4.34,U
sz000100,TCL科技,2025-09-30 10:01:18,4.34,212700,4.34,D
sz000100,TCL科技,2025-09-30 10:01:21,4.34,51100,4.34,D
sz000100,TCL科技,2025-09-30 10:01:27,4.34,59900,4.34,D
sz000100,TCL科技,2025-09-30 10:01:30,4.34,238700,4.34,D
sz000100,TCL科技,2025-09-30 10:01:33,4.34,75100,4.34,D
sz000100,TCL科技,2025-09-30 10:01:36,4.34,28500,4.34,D
sz000100,TCL科技,2025-09-30 10:01:39,4.34,83400,4.34,D
sz000100,TCL科技,2025-09-30 10:01:42,4.34,67800,4.34,D
sz000100,TCL科技,2025-09-30 10:01:45,4.34,21800,4.34,D
sz000100,TCL科技,2025-09-30 10:01:48,4.34,60200,4.34,D
sz000100,TCL科技,2025-09-30 10:01:51,4.34,113700,4.34,D
sz000100,TCL科技,2025-09-30 10:01:54,4.35,144600,4.34,U
sz000100,TCL科技,2025-09-30 10:01:57,4.33,81400,4.35,D
sz000100,TCL科技,2025-09-30 10:02:00,4.34,546900,4.33,U
sz000100,TCL科技,2025-09-30 10:02:03,4.34,159200,4.34,U
sz000100,TCL科技,2025-09-30 10:02:06,4.34,45100,4.34,U
sz000100,TCL科技,2025-09-30 10:02:09,4.34,167700,4.34,U
sz000100,TCL科技,2025-09-30 10:02:12,4.34,116700,4.34,D
sz000100,TCL科技,2025-09-30 10:02:15,4.34,31100,4.34,D
sz000100,TCL科技,2025-09-30 10:02:21,4.35,42900,4.34,U
sz000100,TCL科技,2025-09-30 10:02:24,4.34,23300,4.35,D
sz000100,TCL科技,2025-09-30 10:02:33,4.34,124300,4.34,D
sz000100,TCL科技,2025-09-30 10:02:36,4.34,37400,4.34,D
sz000100,TCL科技,2025-09-30 10:02:42,4.34,36020,4.34,D
sz000100,TCL科技,2025-09-30 10:02:54,4.34,351500,4.35,D
sz000100,TCL科技,2025-09-30 10:02:57,4.34,115100,4.34,D
sz000100,TCL科技,2025-09-30 10:03:00,4.34,117100,4.34,D
sz000100,TCL科技,2025-09-30 10:03:03,4.34,49800,4.34,D
sz000100,TCL科技,2025-09-30 10:03:09,4.34,40500,4.34,D
sz000100,TCL科技,2025-09-30 10:03:12,4.34,195680,4.34,D
sz000100,TCL科技,2025-09-30 10:03:15,4.34,113900,4.34,U
sz000100,TCL科技,2025-09-30 10:03:18,4.34,134600,4.34,U
sz000100,TCL科技,2025-09-30 10:03:21,4.35,222500,4.34,U
sz000100,TCL科技,2025-09-30 10:03:24,4.34,427100,4.35,E
sz000100,TCL科技,2025-09-30 10:03:27,4.34,103000,4.34,U
sz000100,TCL科技,2025-09-30 10:03:30,4.34,181800,4.34,U
sz000100,TCL科技,2025-09-30 10:03:33,4.33,75500,4.34,D
sz000100,TCL科技,2025-09-30 10:03:36,4.34,42300,4.33,E
sz000100,TCL科技,2025-09-30 10:03:39,4.34,27400,4.34,D
sz000100,TCL科技,2025-09-30 10:03:42,4.34,47100,4.34,D
sz000100,TCL科技,2025-09-30 10:03:45,4.34,42700,4.34,D
sz000100,TCL科技,2025-09-30 10:04:00,4.34,39200,4.34,D
sz000100,TCL科技,2025-09-30 10:04:03,4.35,29900,4.34,U
sz000100,TCL科技,2025-09-30 10:04:06,4.35,21800,4.35,U
sz000100,TCL科技,2025-09-30 10:04:09,4.34,27500,4.35,D
sz000100,TCL科技,2025-09-30 10:04:12,4.35,22300,4.34,U
sz000100,TCL科技,2025-09-30 10:04:15,4.34,31700,4.35,D
sz000100,TCL科技,2025-09-30 10:04:24,4.35,115400,4.35,U
sz000100,TCL科技,2025-09-30 10:04:27,4.34,26600,4.35,D
sz000100,TCL科技,2025-09-30 10:04:39,4.34,20100,4.34,D
sz000100,TCL科技,2025-09-30 10:04:42,4.35,48000,4.34,U
sz000100,TCL科技,2025-09-30 10:04:45,4.34,25600,4.35,D
sz000100,TCL科技,2025-09-30 10:04:48,4.35,67800,4.34,U
sz000100,TCL科技,2025-09-30 10:04:51,4.35,30500,4.35,U
sz000100,TCL科技,2025-09-30 10:05:00,4.34,20100,4.34,D
sz000100,TCL科技,2025-09-30 10:05:03,4.34,51000,4.34,D
sz000100,TCL科技,2025-09-30 10:05:06,4.34,28800,4.34,D
sz000100,TCL科技,2025-09-30 10:05:12,4.35,25600,4.34,U
sz000100,TCL科技,2025-09-30 10:05:15,4.34,616040,4.35,D
sz000100,TCL科技,2025-09-30 10:05:18,4.34,142600,4.34,D
sz000100,TCL科技,2025-09-30 10:05:21,4.34,36400,4.34,D
sz000100,TCL科技,2025-09-30 10:05:36,4.34,25300,4.34,D
sz000100,TCL科技,2025-09-30 10:05:42,4.34,43600,4.34,D
sz000100,TCL科技,2025-09-30 10:05:45,4.35,23600,4.34,U
sz000100,TCL科技,2025-09-30 10:05:48,4.34,26000,4.35,D
sz000100,TCL科技,2025-09-30 10:05:54,4.35,73400,4.34,U
sz000100,TCL科技,2025-09-30 10:05:57,4.34,50200,4.35,D
sz000100,TCL科技,2025-09-30 10:06:00,4.34,21100,4.34,D
sz000100,TCL科技,2025-09-30 10:06:03,4.34,21600,4.34,D
sz000100,TCL科技,2025-09-30 10:06:06,4.34,27900,4.34,D
sz000100,TCL科技,2025-09-30 10:06:09,4.34,37500,4.34,D
sz000100,TCL科技,2025-09-30 10:06:24,4.34,58100,4.35,D
sz000100,TCL科技,2025-09-30 10:06:30,4.35,40100,4.35,U
sz000100,TCL科技,2025-09-30 10:06:36,4.34,59300,4.34,D
sz000100,TCL科技,2025-09-30 10:06:39,4.34,36300,4.34,D
sz000100,TCL科技,2025-09-30 10:06:48,4.34,22400,4.34,D
sz000100,TCL科技,2025-09-30 10:06:57,4.34,32300,4.34,D
sz000100,TCL科技,2025-09-30 10:07:00,4.34,417760,4.34,D
sz000100,TCL科技,2025-09-30 10:07:03,4.34,220300,4.34,U
sz000100,TCL科技,2025-09-30 10:07:06,4.34,73400,4.34,U
sz000100,TCL科技,2025-09-30 10:07:54,4.33,29900,4.33,D
sz000100,TCL科技,2025-09-30 10:07:57,4.33,23500,4.33,D
sz000100,TCL科技,2025-09-30 10:08:21,4.33,34400,4.34,D
sz000100,TCL科技,2025-09-30 10:08:36,4.33,27500,4.33,D
sz000100,TCL科技,2025-09-30 10:08:42,4.34,555600,4.34,U
sz000100,TCL科技,2025-09-30 10:08:45,4.33,120900,4.34,D
sz000100,TCL科技,2025-09-30 10:08:48,4.33,164900,4.33,D
sz000100,TCL科技,2025-09-30 10:08:51,4.34,45800,4.33,U
sz000100,TCL科技,2025-09-30 10:09:00,4.33,21800,4.34,D
sz000100,TCL科技,2025-09-30 10:09:03,4.33,69900,4.33,D
sz000100,TCL科技,2025-09-30 10:09:06,4.33,37900,4.33,D
sz000100,TCL科技,2025-09-30 10:09:09,4.33,27160,4.33,D
sz000100,TCL科技,2025-09-30 10:09:12,4.33,37000,4.33,D
sz000100,TCL科技,2025-09-30 10:09:15,4.33,27700,4.33,D
sz000100,TCL科技,2025-09-30 10:09:21,4.34,28300,4.33,U
sz000100,TCL科技,2025-09-30 10:09:30,4.34,63700,4.33,U
sz000100,TCL科技,2025-09-30 10:09:33,4.34,139600,4.34,U
sz000100,TCL科技,2025-09-30 10:09:36,4.33,2744590,4.34,D
sz000100,TCL科技,2025-09-30 10:09:39,4.33,642500,4.33,U
sz000100,TCL科技,2025-09-30 10:09:42,4.33,189400,4.33,U
sz000100,TCL科技,2025-09-30 10:09:45,4.33,51400,4.33,U
sz000100,TCL科技,2025-09-30 10:09:48,4.33,20600,4.33,U
sz000100,TCL科技,2025-09-30 10:09:51,4.32,41700,4.33,D
sz000100,TCL科技,2025-09-30 10:09:54,4.32,74000,4.32,D
sz000100,TCL科技,2025-09-30 10:10:06,4.33,70500,4.32,U
sz000100,TCL科技,2025-09-30 10:10:09,4.33,26500,4.33,U
sz000100,TCL科技,2025-09-30 10:10:18,4.32,37500,4.32,D
sz000100,TCL科技,2025-09-30 10:10:21,4.32,27600,4.32,D
sz000100,TCL科技,2025-09-30 10:10:24,4.33,65000,4.32,U
sz000100,TCL科技,2025-09-30 10:10:27,4.32,188300,4.33,D
sz000100,TCL科技,2025-09-30 10:10:30,4.33,100500,4.32,U
sz000100,TCL科技,2025-09-30 10:10:42,4.32,26800,4.33,D
sz000100,TCL科技,2025-09-30 10:10:48,4.32,210100,4.32,D
sz000100,TCL科技,2025-09-30 10:10:51,4.33,323700,4.32,U
sz000100,TCL科技,2025-09-30 10:10:54,4.32,76400,4.33,D
sz000100,TCL科技,2025-09-30 10:11:00,4.32,66300,4.32,D
sz000100,TCL科技,2025-09-30 10:11:03,4.32,38100,4.32,D
sz000100,TCL科技,2025-09-30 10:11:06,4.33,27700,4.32,U
sz000100,TCL科技,2025-09-30 10:11:15,4.33,2306200,4.33,U
sz000100,TCL科技,2025-09-30 10:11:18,4.33,480670,4.33,D
sz000100,TCL科技,2025-09-30 10:11:21,4.34,147600,4.33,U
sz000100,TCL科技,2025-09-30 10:11:24,4.34,34600,4.34,U
sz000100,TCL科技,2025-09-30 10:11:30,4.33,383800,4.34,D
sz000100,TCL科技,2025-09-30 10:11:33,4.34,90700,4.33,U
sz000100,TCL科技,2025-09-30 10:11:42,4.33,28100,4.33,D
sz000100,TCL科技,2025-09-30 10:11:45,4.34,32200,4.33,U
sz000100,TCL科技,2025-09-30 10:11:51,4.33,110400,4.33,D
sz000100,TCL科技,2025-09-30 10:11:54,4.33,30700,4.33,D
sz000100,TCL科技,2025-09-30 10:12:00,4.33,428200,4.33,D
sz000100,TCL科技,2025-09-30 10:12:03,4.34,107500,4.33,U
sz000100,TCL科技,2025-09-30 10:12:06,4.33,77600,4.34,D
sz000100,TCL科技,2025-09-30 10:12:15,4.33,40600,4.33,D
sz000100,TCL科技,2025-09-30 10:12:18,4.33,20700,4.33,D
sz000100,TCL科技,2025-09-30 10:12:21,4.33,42400,4.33,D
sz000100,TCL科技,2025-09-30 10:12:24,4.34,23400,4.33,U
sz000100,TCL科技,2025-09-30 10:12:30,4.34,253200,4.33,U
sz000100,TCL科技,2025-09-30 10:12:33,4.33,80800,4.34,D
sz000100,TCL科技,2025-09-30 10:12:39,4.34,243900,4.34,U
sz000100,TCL科技,2025-09-30 10:12:42,4.34,62000,4.34,U
sz000100,TCL科技,2025-09-30 10:12:45,4.33,41200,4.34,D
sz000100,TCL科技,2025-09-30 10:12:57,4.34,52500,4.33,U
sz000100,TCL科技,2025-09-30 10:13:00,4.33,52800,4.34,D
sz000100,TCL科技,2025-09-30 10:13:03,4.33,42700,4.33,D
sz000100,TCL科技,2025-09-30 10:13:18,4.33,52200,4.33,D
sz000100,TCL科技,2025-09-30 10:13:21,4.33,51400,4.33,D
sz000100,TCL科技,2025-09-30 10:13:24,4.33,24800,4.33,D
sz000100,TCL科技,2025-09-30 10:13:27,4.34,320100,4.33,U
sz000100,TCL科技,2025-09-30 10:13:30,4.34,130100,4.34,U
sz000100,TCL科技,2025-09-30 10:13:33,4.33,27800,4.34,D
sz000100,TCL科技,2025-09-30 10:13:36,4.34,505400,4.33,U
sz000100,TCL科技,2025-09-30 10:13:39,4.33,328100,4.34,D
sz000100,TCL科技,2025-09-30 10:13:42,4.33,71500,4.33,D
sz000100,TCL科技,2025-09-30 10:13:48,4.33,33100,4.34,D
sz000100,TCL科技,2025-09-30 10:13:51,4.33,22800,4.33,D
sz000100,TCL科技,2025-09-30 10:14:00,4.34,434900,4.33,U
sz000100,TCL科技,2025-09-30 10:14:03,4.34,203700,4.34,U
sz000100,TCL科技,2025-09-30 10:14:06,4.34,59400,4.34,U
sz000100,TCL科技,2025-09-30 10:14:12,4.33,27500,4.34,D
sz000100,TCL科技,2025-09-30 10:14:15,4.34,21600,4.33,U
sz000100,TCL科技,2025-09-30 10:14:18,4.33,310900,4.34,D
sz000100,TCL科技,2025-09-30 10:14:21,4.33,71500,4.33,D
sz000100,TCL科技,2025-09-30 10:14:30,4.33,585200,4.33,D
sz000100,TCL科技,2025-09-30 10:14:33,4.34,636900,4.33,U
sz000100,TCL科技,2025-09-30 10:14:36,4.33,424800,4.34,D
sz000100,TCL科技,2025-09-30 10:14:39,4.34,306900,4.33,U
sz000100,TCL科技,2025-09-30 10:14:42,4.33,155800,4.34,D
sz000100,TCL科技,2025-09-30 10:14:45,4.34,37200,4.33,U
sz000100,TCL科技,2025-09-30 10:14:48,4.33,39000,4.34,D
sz000100,TCL科技,2025-09-30 10:15:15,4.34,23500,4.34,U
sz000100,TCL科技,2025-09-30 10:15:18,4.33,23700,4.34,D
sz000100,TCL科技,2025-09-30 10:15:27,4.34,32500,4.34,U
sz000100,TCL科技,2025-09-30 10:15:30,4.33,20200,4.34,D
sz000100,TCL科技,2025-09-30 10:15:36,4.34,82000,4.33,U
sz000100,TCL科技,2025-09-30 10:15:39,4.34,20800,4.34,U
sz000100,TCL科技,2025-09-30 10:16:09,4.33,21300,4.33,D
sz000100,TCL科技,2025-09-30 10:16:15,4.33,1042000,4.33,D
sz000100,TCL科技,2025-09-30 10:16:18,4.33,216700,4.33,D
sz000100,TCL科技,2025-09-30 10:16:21,4.34,63600,4.33,U
sz000100,TCL科技,2025-09-30 10:16:30,4.33,46800,4.33,D
sz000100,TCL科技,2025-09-30 10:16:36,4.34,48000,4.34,U
sz000100,TCL科技,2025-09-30 10:16:45,4.34,29500,4.33,U
sz000100,TCL科技,2025-09-30 10:16:48,4.34,23600,4.34,U
sz000100,TCL科技,2025-09-30 10:16:51,4.33,110400,4.34,D
sz000100,TCL科技,2025-09-30 10:16:54,4.34,38200,4.33,U
sz000100,TCL科技,2025-09-30 10:17:00,4.33,31300,4.33,D
sz000100,TCL科技,2025-09-30 10:17:03,4.33,31400,4.33,D
sz000100,TCL科技,2025-09-30 10:17:06,4.34,20800,4.33,U
sz000100,TCL科技,2025-09-30 10:17:09,4.33,32100,4.34,D
sz000100,TCL科技,2025-09-30 10:17:18,4.33,21800,4.33,D
sz000100,TCL科技,2025-09-30 10:17:30,4.33,26860,4.34,D
sz000100,TCL科技,2025-09-30 10:17:33,4.33,69300,4.33,D
sz000100,TCL科技,2025-09-30 10:17:36,4.34,34700,4.33,U
sz000100,TCL科技,2025-09-30 10:17:42,4.34,31200,4.33,U
sz000100,TCL科技,2025-09-30 10:17:45,4.34,40600,4.34,U
sz000100,TCL科技,2025-09-30 10:17:48,4.33,69100,4.34,D
sz000100,TCL科技,2025-09-30 10:17:51,4.33,32900,4.33,D
sz000100,TCL科技,2025-09-30 10:17:54,4.34,43600,4.33,U
sz000100,TCL科技,2025-09-30 10:18:00,4.34,31500,4.33,U
sz000100,TCL科技,2025-09-30 10:18:30,4.34,26100,4.34,U
sz000100,TCL科技,2025-09-30 10:18:33,4.33,51400,4.34,D
sz000100,TCL科技,2025-09-30 10:18:36,4.34,22100,4.33,U
sz000100,TCL科技,2025-09-30 10:18:45,4.34,29300,4.34,U
sz000100,TCL科技,2025-09-30 10:18:51,4.33,588100,4.34,D
sz000100,TCL科技,2025-09-30 10:18:54,4.34,193700,4.33,U
sz000100,TCL科技,2025-09-30 10:18:57,4.34,47400,4.34,U
sz000100,TCL科技,2025-09-30 10:19:00,4.34,24000,4.34,U
sz000100,TCL科技,2025-09-30 10:19:03,4.33,38200,4.34,D
sz000100,TCL科技,2025-09-30 10:19:06,4.34,97500,4.33,U
sz000100,TCL科技,2025-09-30 10:19:09,4.33,49500,4.34,D
sz000100,TCL科技,2025-09-30 10:19:21,4.33,24300,4.34,D
sz000100,TCL科技,2025-09-30 10:19:30,4.33,24300,4.33,D
sz000100,TCL科技,2025-09-30 10:20:03,4.33,46500,4.34,D
sz000100,TCL科技,2025-09-30 10:20:06,4.34,34000,4.33,U
sz000100,TCL科技,2025-09-30 10:20:09,4.34,21700,4.34,U
sz000100,TCL科技,2025-09-30 10:20:21,4.34,27500,4.33,U
sz000100,TCL科技,2025-09-30 10:20:24,4.34,30200,4.34,U
sz000100,TCL科技,2025-09-30 10:20:27,4.33,22300,4.34,D
sz000100,TCL科技,2025-09-30 10:20:30,4.33,23700,4.33,D
sz000100,TCL科技,2025-09-30 10:20:51,4.33,28100,4.33,D
sz000100,TCL科技,2025-09-30 10:21:00,4.34,64200,4.34,U
sz000100,TCL科技,2025-09-30 10:21:03,4.34,98400,4.34,U
sz000100,TCL科技,2025-09-30 10:21:06,4.34,2604820,4.34,U
sz000100,TCL科技,2025-09-30 10:21:09,4.34,624200,4.34,D
sz000100,TCL科技,2025-09-30 10:21:12,4.34,172200,4.34,D
sz000100,TCL科技,2025-09-30 10:21:15,4.35,52600,4.34,U
sz000100,TCL科技,2025-09-30 10:21:45,4.34,21900,4.35,D
sz000100,TCL科技,2025-09-30 10:21:54,4.34,246900,4.35,D
sz000100,TCL科技,2025-09-30 10:21:57,4.34,101600,4.34,D
sz000100,TCL科技,2025-09-30 10:22:00,4.34,30800,4.34,D
sz000100,TCL科技,2025-09-30 10:22:03,4.34,481500,4.34,D
sz000100,TCL科技,2025-09-30 10:22:06,4.33,125100,4.34,D
sz000100,TCL科技,2025-09-30 10:22:09,4.34,35300,4.33,U
sz000100,TCL科技,2025-09-30 10:22:30,4.34,29700,4.34,U
sz000100,TCL科技,2025-09-30 10:22:33,4.34,73700,4.34,U
sz000100,TCL科技,2025-09-30 10:22:36,4.34,38400,4.34,U
sz000100,TCL科技,2025-09-30 10:22:45,4.34,20770,4.33,U
sz000100,TCL科技,2025-09-30 10:22:54,4.33,38200,4.33,D
sz000100,TCL科技,2025-09-30 10:22:57,4.34,80300,4.33,U
sz000100,TCL科技,2025-09-30 10:23:00,4.34,35600,4.34,U
sz000100,TCL科技,2025-09-30 10:23:03,4.34,26300,4.34,U
sz000100,TCL科技,2025-09-30 10:23:06,4.34,42700,4.34,U
sz000100,TCL科技,2025-09-30 10:23:09,4.34,26200,4.34,U
sz000100,TCL科技,2025-09-30 10:23:27,4.34,71100,4.33,U
sz000100,TCL科技,2025-09-30 10:23:42,4.33,29700,4.34,D
sz000100,TCL科技,2025-09-30 10:23:48,4.34,28200,4.34,U
sz000100,TCL科技,2025-09-30 10:24:03,4.34,23400,4.34,U
sz000100,TCL科技,2025-09-30 10:24:06,4.34,24100,4.34,U
sz000100,TCL科技,2025-09-30 10:24:12,4.34,28600,4.34,U
sz000100,TCL科技,2025-09-30 10:24:42,4.33,54200,4.34,D
sz000100,TCL科技,2025-09-30 10:25:03,4.33,29500,4.33,D
sz000100,TCL科技,2025-09-30 10:25:18,4.33,3530500,4.33,D
sz000100,TCL科技,2025-09-30 10:25:21,4.32,677400,4.33,D
sz000100,TCL科技,2025-09-30 10:25:24,4.33,198500,4.32,U
sz000100,TCL科技,2025-09-30 10:25:27,4.33,52400,4.33,U
sz000100,TCL科技,2025-09-30 10:25:30,4.33,31600,4.33,U
sz000100,TCL科技,2025-09-30 10:25:33,4.32,20300,4.33,D
sz000100,TCL科技,2025-09-30 10:25:51,4.33,27100,4.33,U
sz000100,TCL科技,2025-09-30 10:26:03,4.32,26200,4.32,D
sz000100,TCL科技,2025-09-30 10:26:09,4.33,38200,4.33,U
sz000100,TCL科技,2025-09-30 10:26:12,4.33,24200,4.33,U
sz000100,TCL科技,2025-09-30 10:26:21,4.32,53100,4.32,D
sz000100,TCL科技,2025-09-30 10:26:27,4.32,54700,4.32,D
sz000100,TCL科技,2025-09-30 10:26:30,4.32,27700,4.32,D
sz000100,TCL科技,2025-09-30 10:26:33,4.32,31300,4.32,D
sz000100,TCL科技,2025-09-30 10:26:57,4.32,3784100,4.33,D
sz000100,TCL科技,2025-09-30 10:27:00,4.31,776300,4.32,D
sz000100,TCL科技,2025-09-30 10:27:03,4.32,202300,4.31,U
sz000100,TCL科技,2025-09-30 10:27:06,4.32,77900,4.32,U
sz000100,TCL科技,2025-09-30 10:27:09,4.31,34800,4.32,D
sz000100,TCL科技,2025-09-30 10:27:12,4.32,22300,4.31,U
sz000100,TCL科技,2025-09-30 10:27:30,4.32,23200,4.31,U
sz000100,TCL科技,2025-09-30 10:27:33,4.32,117200,4.32,U
sz000100,TCL科技,2025-09-30 10:27:36,4.32,233400,4.32,U
sz000100,TCL科技,2025-09-30 10:27:39,4.32,103510,4.32,U
sz000100,TCL科技,2025-09-30 10:27:42,4.31,103300,4.32,D
sz000100,TCL科技,2025-09-30 10:27:45,4.32,60500,4.31,U
sz000100,TCL科技,2025-09-30 10:27:48,4.32,53800,4.32,U
sz000100,TCL科技,2025-09-30 10:27:51,4.32,84200,4.32,U
sz000100,TCL科技,2025-09-30 10:27:57,4.31,24700,4.31,D
sz000100,TCL科技,2025-09-30 10:28:00,4.32,44600,4.31,U
sz000100,TCL科技,2025-09-30 10:28:15,4.32,29700,4.31,U
sz000100,TCL科技,2025-09-30 10:28:27,4.32,40600,4.32,U
sz000100,TCL科技,2025-09-30 10:28:36,4.32,21400,4.32,U
sz000100,TCL科技,2025-09-30 10:28:48,4.32,32100,4.32,U
sz000100,TCL科技,2025-09-30 10:28:54,4.31,39600,4.31,D
sz000100,TCL科技,2025-09-30 10:29:00,4.32,30100,4.31,U
sz000100,TCL科技,2025-09-30 10:29:06,4.32,43900,4.31,U
sz000100,TCL科技,2025-09-30 10:29:09,4.32,21200,4.32,U
sz000100,TCL科技,2025-09-30 10:29:18,4.32,69600,4.32,U
sz000100,TCL科技,2025-09-30 10:29:21,4.32,37800,4.32,U
sz000100,TCL科技,2025-09-30 10:29:24,4.32,28400,4.32,U
sz000100,TCL科技,2025-09-30 10:29:30,4.32,21200,4.31,U
sz000100,TCL科技,2025-09-30 10:29:33,4.32,78000,4.32,U
sz000100,TCL科技,2025-09-30 10:29:36,4.32,118600,4.32,U
sz000100,TCL科技,2025-09-30 10:29:39,4.32,91800,4.32,U
sz000100,TCL科技,2025-09-30 10:29:42,4.32,49600,4.32,U
sz000100,TCL科技,2025-09-30 10:29:51,4.32,79200,4.32,U
sz000100,TCL科技,2025-09-30 10:29:54,4.32,1278250,4.32,U
sz000100,TCL科技,2025-09-30 10:29:57,4.33,326420,4.32,U
sz000100,TCL科技,2025-09-30 10:30:00,4.32,642880,4.33,D
sz000100,TCL科技,2025-09-30 10:30:03,4.32,225900,4.32,U
sz000100,TCL科技,2025-09-30 10:30:06,4.32,75500,4.32,U
sz000100,TCL科技,2025-09-30 10:30:09,4.32,25990,4.32,U
sz000100,TCL科技,2025-09-30 10:30:12,4.32,36500,4.32,U
sz000100,TCL科技,2025-09-30 10:30:15,4.32,38200,4.32,U
sz000100,TCL科技,2025-09-30 10:30:18,4.32,25610,4.32,U
sz000100,TCL科技,2025-09-30 10:30:24,4.31,48900,4.32,D
sz000100,TCL科技,2025-09-30 10:30:39,4.32,21400,4.32,U
sz000100,TCL科技,2025-09-30 10:30:45,4.32,1584800,4.32,U
sz000100,TCL科技,2025-09-30 10:30:48,4.32,293500,4.32,U
sz000100,TCL科技,2025-09-30 10:30:51,4.31,75200,4.32,D
sz000100,TCL科技,2025-09-30 10:30:54,4.32,25700,4.31,U
sz000100,TCL科技,2025-09-30 10:31:03,4.32,54500,4.32,U
sz000100,TCL科技,2025-09-30 10:31:09,4.32,22000,4.31,U
sz000100,TCL科技,2025-09-30 10:31:30,4.31,48000,4.31,D
sz000100,TCL科技,2025-09-30 10:31:36,4.32,24900,4.32,U
sz000100,TCL科技,2025-09-30 10:31:39,4.32,63400,4.32,U
sz000100,TCL科技,2025-09-30 10:31:42,4.31,20800,4.32,D
sz000100,TCL科技,2025-09-30 10:31:54,4.32,71900,4.31,U
sz000100,TCL科技,2025-09-30 10:31:57,4.31,34420,4.32,D
sz000100,TCL科技,2025-09-30 10:32:12,4.32,530300,4.31,U
sz000100,TCL科技,2025-09-30 10:32:15,4.31,100000,4.32,D
sz000100,TCL科技,2025-09-30 10:32:18,4.31,65100,4.31,D
sz000100,TCL科技,2025-09-30 10:32:21,4.32,53000,4.31,U
sz000100,TCL科技,2025-09-30 10:32:27,4.31,28500,4.32,D
sz000100,TCL科技,2025-09-30 10:32:39,4.32,43600,4.31,U
sz000100,TCL科技,2025-09-30 10:32:42,4.31,28100,4.32,D
sz000100,TCL科技,2025-09-30 10:33:00,4.32,23000,4.32,U
sz000100,TCL科技,2025-09-30 10:33:03,4.31,44000,4.32,D
sz000100,TCL科技,2025-09-30 10:33:06,4.31,22340,4.31,D
sz000100,TCL科技,2025-09-30 10:33:09,4.32,102300,4.31,U
sz000100,TCL科技,2025-09-30 10:33:12,4.32,51100,4.32,U
sz000100,TCL科技,2025-09-30 10:33:27,4.32,76600,4.31,U
sz000100,TCL科技,2025-09-30 10:33:30,4.32,343400,4.32,U
sz000100,TCL科技,2025-09-30 10:33:33,4.31,49500,4.32,D
sz000100,TCL科技,2025-09-30 10:33:39,4.32,21600,4.32,U
sz000100,TCL科技,2025-09-30 10:33:57,4.31,1062700,4.32,D
sz000100,TCL科技,2025-09-30 10:34:00,4.31,104100,4.31,D
sz000100,TCL科技,2025-09-30 10:34:03,4.31,61800,4.31,D
sz000100,TCL科技,2025-09-30 10:34:06,4.32,56400,4.31,U
sz000100,TCL科技,2025-09-30 10:34:18,4.31,54000,4.32,D
sz000100,TCL科技,2025-09-30 10:34:27,4.32,116200,4.31,U
sz000100,TCL科技,2025-09-30 10:34:30,4.32,76400,4.32,U
sz000100,TCL科技,2025-09-30 10:34:36,4.32,49800,4.32,U
sz000100,TCL科技,2025-09-30 10:34:45,4.31,77400,4.32,D
sz000100,TCL科技,2025-09-30 10:34:54,4.32,22800,4.31,U
sz000100,TCL科技,2025-09-30 10:34:57,4.31,116500,4.32,D
sz000100,TCL科技,2025-09-30 10:35:03,4.31,51400,4.31,D
sz000100,TCL科技,2025-09-30 10:35:12,4.32,1183700,4.32,U
sz000100,TCL科技,2025-09-30 10:35:15,4.32,205100,4.32,U
sz000100,TCL科技,2025-09-30 10:35:24,4.32,85900,4.32,U
sz000100,TCL科技,2025-09-30 10:35:27,4.32,229400,4.32,U
sz000100,TCL科技,2025-09-30 10:35:30,4.32,26930,4.32,U
sz000100,TCL科技,2025-09-30 10:35:33,4.32,49500,4.32,D
sz000100,TCL科技,2025-09-30 10:35:39,4.32,278400,4.32,D
sz000100,TCL科技,2025-09-30 10:35:42,4.32,49670,4.32,D
sz000100,TCL科技,2025-09-30 10:35:48,4.32,66200,4.32,U
sz000100,TCL科技,2025-09-30 10:35:54,4.32,26410,4.32,U
sz000100,TCL科技,2025-09-30 10:35:57,4.33,46500,4.32,U
sz000100,TCL科技,2025-09-30 10:36:03,4.32,48100,4.32,D
sz000100,TCL科技,2025-09-30 10:36:12,4.32,30000,4.32,D
sz000100,TCL科技,2025-09-30 10:36:15,4.32,116300,4.32,D
sz000100,TCL科技,2025-09-30 10:36:21,4.32,66800,4.32,U
sz000100,TCL科技,2025-09-30 10:36:48,4.31,57000,4.31,D
sz000100,TCL科技,2025-09-30 10:37:06,4.31,30000,4.32,D
sz000100,TCL科技,2025-09-30 10:37:24,4.32,101200,4.31,U
sz000100,TCL科技,2025-09-30 10:37:33,4.32,26100,4.32,U
sz000100,TCL科技,2025-09-30 10:37:45,4.31,29400,4.32,D
sz000100,TCL科技,2025-09-30 10:38:00,4.32,35950,4.32,U
sz000100,TCL科技,2025-09-30 10:38:03,4.31,20700,4.32,D
sz000100,TCL科技,2025-09-30 10:38:15,4.32,61500,4.32,U
sz000100,TCL科技,2025-09-30 10:38:33,4.31,24000,4.32,D
sz000100,TCL科技,2025-09-30 10:38:42,4.32,40300,4.32,U
sz000100,TCL科技,2025-09-30 10:38:48,4.31,30600,4.32,D
sz000100,TCL科技,2025-09-30 10:39:03,4.31,22400,4.31,D
sz000100,TCL科技,2025-09-30 10:39:27,4.31,60200,4.32,D
sz000100,TCL科技,2025-09-30 10:39:42,4.31,47700,4.32,D
sz000100,TCL科技,2025-09-30 10:39:51,4.31,52300,4.32,D
sz000100,TCL科技,2025-09-30 10:40:00,4.32,40300,4.32,U
sz000100,TCL科技,2025-09-30 10:40:03,4.31,72200,4.32,D
sz000100,TCL科技,2025-09-30 10:40:15,4.31,61700,4.32,D
sz000100,TCL科技,2025-09-30 10:40:33,4.31,33600,4.31,D
sz000100,TCL科技,2025-09-30 10:40:42,4.31,72600,4.31,D
sz000100,TCL科技,2025-09-30 10:40:48,4.32,30200,4.31,U
sz000100,TCL科技,2025-09-30 10:40:57,4.31,21500,4.32,D
sz000100,TCL科技,2025-09-30 10:41:00,4.32,25500,4.31,U
sz000100,TCL科技,2025-09-30 10:41:09,4.32,33900,4.31,U
sz000100,TCL科技,2025-09-30 10:41:21,4.32,24300,4.31,U
sz000100,TCL科技,2025-09-30 10:41:51,4.31,29500,4.31,D
sz000100,TCL科技,2025-09-30 10:41:54,4.32,37600,4.31,U
sz000100,TCL科技,2025-09-30 10:42:00,4.32,22500,4.32,U
sz000100,TCL科技,2025-09-30 10:42:21,4.31,21800,4.32,D
sz000100,TCL科技,2025-09-30 10:42:30,4.32,22000,4.32,U
sz000100,TCL科技,2025-09-30 10:42:33,4.31,22100,4.32,D
sz000100,TCL科技,2025-09-30 10:42:51,4.31,100600,4.32,D
sz000100,TCL科技,2025-09-30 10:43:00,4.32,34700,4.32,U
sz000100,TCL科技,2025-09-30 10:43:15,4.32,100300,4.31,U
sz000100,TCL科技,2025-09-30 10:43:21,4.32,31400,4.32,U
sz000100,TCL科技,2025-09-30 10:43:24,4.32,29600,4.32,U
sz000100,TCL科技,2025-09-30 10:43:30,4.32,23100,4.32,U
sz000100,TCL科技,2025-09-30 10:43:42,4.32,90300,4.31,U
sz000100,TCL科技,2025-09-30 10:44:00,4.32,25000,4.32,U
sz000100,TCL科技,2025-09-30 10:44:09,4.31,35300,4.32,D
sz000100,TCL科技,2025-09-30 10:44:30,4.32,25200,4.32,U
sz000100,TCL科技,2025-09-30 10:44:48,4.32,95100,4.32,U
sz000100,TCL科技,2025-09-30 10:45:00,4.32,39100,4.32,U
sz000100,TCL科技,2025-09-30 10:45:03,4.32,372900,4.32,U
sz000100,TCL科技,2025-09-30 10:45:06,4.32,39200,4.32,U
sz000100,TCL科技,2025-09-30 10:45:09,4.31,20700,4.32,D
sz000100,TCL科技,2025-09-30 10:45:12,4.32,46900,4.31,U
sz000100,TCL科技,2025-09-30 10:45:15,4.32,88100,4.32,U
sz000100,TCL科技,2025-09-30 10:45:21,4.32,47700,4.32,U
sz000100,TCL科技,2025-09-30 10:45:24,4.32,20300,4.32,U
sz000100,TCL科技,2025-09-30 10:45:27,4.32,21900,4.32,U
sz000100,TCL科技,2025-09-30 10:45:30,4.31,42800,4.32,D
sz000100,TCL科技,2025-09-30 10:45:33,4.32,65200,4.31,U
sz000100,TCL科技,2025-09-30 10:45:36,4.31,70000,4.32,D
sz000100,TCL科技,2025-09-30 10:45:51,4.32,20200,4.32,U
sz000100,TCL科技,2025-09-30 10:46:00,4.32,26100,4.32,U
sz000100,TCL科技,2025-09-30 10:46:03,4.32,21500,4.32,U
sz000100,TCL科技,2025-09-30 10:46:21,4.32,79300,4.32,U
sz000100,TCL科技,2025-09-30 10:46:36,4.32,23700,4.32,U
sz000100,TCL科技,2025-09-30 10:46:39,4.32,21600,4.32,U
sz000100,TCL科技,2025-09-30 10:47:00,4.32,57300,4.32,U
sz000100,TCL科技,2025-09-30 10:47:30,4.32,34100,4.32,U
sz000100,TCL科技,2025-09-30 10:47:48,4.31,466400,4.32,D
sz000100,TCL科技,2025-09-30 10:47:57,4.32,25000,4.32,U
sz000100,TCL科技,2025-09-30 10:48:27,4.31,100800,4.32,D
sz000100,TCL科技,2025-09-30 10:48:33,4.32,39600,4.31,U
sz000100,TCL科技,2025-09-30 10:48:45,4.31,20600,4.31,D
sz000100,TCL科技,2025-09-30 10:48:57,4.31,81300,4.32,D
sz000100,TCL科技,2025-09-30 10:49:03,4.31,117600,4.32,D
sz000100,TCL科技,2025-09-30 10:49:15,4.31,37100,4.32,D
sz000100,TCL科技,2025-09-30 10:49:39,4.31,185500,4.32,D
sz000100,TCL科技,2025-09-30 10:49:42,4.31,25100,4.31,D
sz000100,TCL科技,2025-09-30 10:50:00,4.32,23800,4.31,U
sz000100,TCL科技,2025-09-30 10:50:06,4.3,4816440,4.31,D
sz000100,TCL科技,2025-09-30 10:50:09,4.31,46100,4.3,U
sz000100,TCL科技,2025-09-30 10:50:18,4.31,66000,4.31,U
sz000100,TCL科技,2025-09-30 10:50:21,4.31,123000,4.31,U
sz000100,TCL科技,2025-09-30 10:50:36,4.31,28200,4.3,U
sz000100,TCL科技,2025-09-30 10:50:57,4.31,111100,4.31,U
sz000100,TCL科技,2025-09-30 10:51:12,4.3,42500,4.3,D
sz000100,TCL科技,2025-09-30 10:51:21,4.31,88400,4.31,U
sz000100,TCL科技,2025-09-30 10:51:42,4.31,1824600,4.3,U
sz000100,TCL科技,2025-09-30 10:51:45,4.32,164900,4.31,U
sz000100,TCL科技,2025-09-30 10:51:48,4.32,154600,4.32,U
sz000100,TCL科技,2025-09-30 10:52:03,4.32,59510,4.32,U
sz000100,TCL科技,2025-09-30 10:52:06,4.32,29200,4.32,U
sz000100,TCL科技,2025-09-30 10:52:18,4.32,26600,4.31,U
sz000100,TCL科技,2025-09-30 10:52:42,4.31,54500,4.31,D
sz000100,TCL科技,2025-09-30 10:52:54,4.31,53200,4.32,D
sz000100,TCL科技,2025-09-30 10:53:00,4.32,27500,4.32,U
sz000100,TCL科技,2025-09-30 10:53:03,4.31,23300,4.32,D
sz000100,TCL科技,2025-09-30 10:53:06,4.31,30200,4.31,D
sz000100,TCL科技,2025-09-30 10:53:48,4.31,181000,4.32,D
sz000100,TCL科技,2025-09-30 10:53:57,4.31,180400,4.31,D
sz000100,TCL科技,2025-09-30 10:54:00,4.32,29800,4.31,U
sz000100,TCL科技,2025-09-30 10:54:15,4.32,142800,4.32,U
sz000100,TCL科技,2025-09-30 10:54:33,4.31,20700,4.32,D
sz000100,TCL科技,2025-09-30 10:54:51,4.31,118500,4.31,D
sz000100,TCL科技,2025-09-30 10:55:00,4.32,66700,4.31,U
sz000100,TCL科技,2025-09-30 10:55:03,4.31,55900,4.32,D
sz000100,TCL科技,2025-09-30 10:55:06,4.32,21700,4.31,U
sz000100,TCL科技,2025-09-30 10:55:24,4.32,58100,4.31,U
sz000100,TCL科技,2025-09-30 10:55:36,4.32,34700,4.32,U
sz000100,TCL科技,2025-09-30 10:56:00,4.32,27900,4.32,U
sz000100,TCL科技,2025-09-30 10:56:39,4.31,20100,4.32,D
sz000100,TCL科技,2025-09-30 10:56:57,4.31,84400,4.32,D
sz000100,TCL科技,2025-09-30 10:57:09,4.32,257700,4.32,U
sz000100,TCL科技,2025-09-30 10:57:12,4.32,1252100,4.32,U
sz000100,TCL科技,2025-09-30 10:57:15,4.33,22900,4.32,U
sz000100,TCL科技,2025-09-30 10:57:21,4.32,20300,4.33,D
sz000100,TCL科技,2025-09-30 10:57:36,4.32,23700,4.33,D
sz000100,TCL科技,2025-09-30 10:58:00,4.33,29500,4.33,U
sz000100,TCL科技,2025-09-30 10:58:06,4.33,48300,4.33,U
sz000100,TCL科技,2025-09-30 10:58:21,4.32,68200,4.32,D
sz000100,TCL科技,2025-09-30 10:58:30,4.33,35000,4.32,U
sz000100,TCL科技,2025-09-30 10:58:36,4.33,64300,4.33,U
sz000100,TCL科技,2025-09-30 10:58:51,4.33,33900,4.33,U
sz000100,TCL科技,2025-09-30 10:59:00,4.33,63800,4.33,U
sz000100,TCL科技,2025-09-30 10:59:03,4.32,42100,4.33,D
sz000100,TCL科技,2025-09-30 10:59:06,4.32,189100,4.32,D
sz000100,TCL科技,2025-09-30 10:59:15,4.32,1647040,4.32,D
sz000100,TCL科技,2025-09-30 10:59:18,4.32,123800,4.32,U
sz000100,TCL科技,2025-09-30 10:59:21,4.32,103200,4.32,U
sz000100,TCL科技,2025-09-30 10:59:33,4.32,35100,4.32,U
sz000100,TCL科技,2025-09-30 10:59:36,4.31,42400,4.32,D
sz000100,TCL科技,2025-09-30 10:59:54,4.32,524700,4.32,U
sz000100,TCL科技,2025-09-30 11:00:06,4.32,91300,4.33,D
sz000100,TCL科技,2025-09-30 11:00:09,4.32,34900,4.32,D
sz000100,TCL科技,2025-09-30 11:00:15,4.33,29300,4.32,U
sz000100,TCL科技,2025-09-30 11:00:24,4.32,28800,4.33,D
sz000100,TCL科技,2025-09-30 11:00:27,4.32,24100,4.32,D
sz000100,TCL科技,2025-09-30 11:00:30,4.32,154800,4.32,D
sz000100,TCL科技,2025-09-30 11:00:39,4.32,30200,4.32,U
sz000100,TCL科技,2025-09-30 11:00:45,4.32,42800,4.31,U
sz000100,TCL科技,2025-09-30 11:01:03,4.32,242500,4.32,U
sz000100,TCL科技,2025-09-30 11:01:18,4.33,55000,4.33,U
sz000100,TCL科技,2025-09-30 11:01:24,4.32,41100,4.33,D
sz000100,TCL科技,2025-09-30 11:01:27,4.32,27500,4.32,D
sz000100,TCL科技,2025-09-30 11:01:42,4.33,55800,4.33,U
sz000100,TCL科技,2025-09-30 11:02:24,4.33,22100,4.32,U
sz000100,TCL科技,2025-09-30 11:02:57,4.33,21000,4.33,U
sz000100,TCL科技,2025-09-30 11:03:06,4.33,24500,4.33,U
sz000100,TCL科技,2025-09-30 11:03:51,4.33,20600,4.33,U
sz000100,TCL科技,2025-09-30 11:04:00,4.33,23400,4.32,U
sz000100,TCL科技,2025-09-30 11:04:21,4.32,45800,4.32,D
sz000100,TCL科技,2025-09-30 11:05:15,4.32,28100,4.33,D
sz000100,TCL科技,2025-09-30 11:05:48,4.33,21200,4.32,U
sz000100,TCL科技,2025-09-30 11:06:00,4.33,22100,4.33,U
sz000100,TCL科技,2025-09-30 11:06:09,4.33,60600,4.33,U
sz000100,TCL科技,2025-09-30 11:06:45,4.32,38900,4.33,D
sz000100,TCL科技,2025-09-30 11:07:00,4.33,22620,4.33,U
sz000100,TCL科技,2025-09-30 11:07:06,4.32,36200,4.32,D
sz000100,TCL科技,2025-09-30 11:07:45,4.32,34500,4.33,D
sz000100,TCL科技,2025-09-30 11:08:00,4.33,23000,4.32,U
sz000100,TCL科技,2025-09-30 11:08:03,4.32,26700,4.33,D
sz000100,TCL科技,2025-09-30 11:09:00,4.33,22500,4.32,U
sz000100,TCL科技,2025-09-30 11:09:03,4.33,34700,4.33,U
sz000100,TCL科技,2025-09-30 11:09:24,4.33,70600,4.33,U
sz000100,TCL科技,2025-09-30 11:09:42,4.33,39800,4.33,U
sz000100,TCL科技,2025-09-30 11:10:03,4.33,25700,4.32,U
sz000100,TCL科技,2025-09-30 11:10:12,4.33,33200,4.32,U
sz000100,TCL科技,2025-09-30 11:10:18,4.33,35200,4.32,U
sz000100,TCL科技,2025-09-30 11:11:00,4.33,34400,4.33,U
sz000100,TCL科技,2025-09-30 11:11:03,4.33,33900,4.33,U
sz000100,TCL科技,2025-09-30 11:11:12,4.32,151000,4.33,D
sz000100,TCL科技,2025-09-30 11:11:18,4.33,120400,4.33,U
sz000100,TCL科技,2025-09-30 11:11:45,4.33,94500,4.33,U
sz000100,TCL科技,2025-09-30 11:11:48,4.33,20100,4.33,U
sz000100,TCL科技,2025-09-30 11:12:03,4.32,89100,4.33,D
sz000100,TCL科技,2025-09-30 11:12:09,4.33,27900,4.33,U
sz000100,TCL科技,2025-09-30 11:12:12,4.32,20700,4.33,D
sz000100,TCL科技,2025-09-30 11:12:15,4.33,71300,4.32,U
sz000100,TCL科技,2025-09-30 11:12:27,4.33,42000,4.32,U
sz000100,TCL科技,2025-09-30 11:12:33,4.32,74400,4.33,D
sz000100,TCL科技,2025-09-30 11:12:48,4.32,60700,4.33,D
sz000100,TCL科技,2025-09-30 11:12:51,4.33,392700,4.32,U
sz000100,TCL科技,2025-09-30 11:12:54,4.32,331000,4.33,D
sz000100,TCL科技,2025-09-30 11:13:00,4.32,205300,4.33,D
sz000100,TCL科技,2025-09-30 11:13:06,4.32,27500,4.33,D
sz000100,TCL科技,2025-09-30 11:13:09,4.33,127900,4.32,U
sz000100,TCL科技,2025-09-30 11:13:15,4.33,91400,4.33,U
sz000100,TCL科技,2025-09-30 11:13:18,4.33,24500,4.33,U
sz000100,TCL科技,2025-09-30 11:13:30,4.32,86100,4.32,D
sz000100,TCL科技,2025-09-30 11:13:33,4.33,82700,4.32,U
sz000100,TCL科技,2025-09-30 11:13:36,4.32,21300,4.33,D
sz000100,TCL科技,2025-09-30 11:13:39,4.33,101300,4.32,U
sz000100,TCL科技,2025-09-30 11:14:03,4.33,76000,4.33,U
sz000100,TCL科技,2025-09-30 11:14:09,4.32,26100,4.33,D
sz000100,TCL科技,2025-09-30 11:14:15,4.33,54800,4.33,U
sz000100,TCL科技,2025-09-30 11:14:21,4.33,100840,4.33,U
sz000100,TCL科技,2025-09-30 11:14:39,4.33,74900,4.32,U
sz000100,TCL科技,2025-09-30 11:14:45,4.33,38100,4.32,U
sz000100,TCL科技,2025-09-30 11:15:15,4.32,367700,4.33,D
sz000100,TCL科技,2025-09-30 11:15:18,4.32,252900,4.32,D
sz000100,TCL科技,2025-09-30 11:15:24,4.32,96600,4.32,D
sz000100,TCL科技,2025-09-30 11:15:27,4.33,34800,4.32,U
sz000100,TCL科技,2025-09-30 11:15:30,4.32,138200,4.33,D
sz000100,TCL科技,2025-09-30 11:15:36,4.32,94100,4.32,D
sz000100,TCL科技,2025-09-30 11:15:48,4.32,83700,4.33,D
sz000100,TCL科技,2025-09-30 11:15:57,4.33,79100,4.32,U
sz000100,TCL科技,2025-09-30 11:16:00,4.32,159000,4.33,D
sz000100,TCL科技,2025-09-30 11:16:03,4.32,96200,4.32,D
sz000100,TCL科技,2025-09-30 11:16:06,4.32,30400,4.32,D
sz000100,TCL科技,2025-09-30 11:16:15,4.32,21400,4.32,D
sz000100,TCL科技,2025-09-30 11:16:18,4.32,119500,4.32,D
sz000100,TCL科技,2025-09-30 11:16:21,4.32,100600,4.32,D
sz000100,TCL科技,2025-09-30 11:16:24,4.32,166100,4.32,D
sz000100,TCL科技,2025-09-30 11:16:27,4.32,71800,4.32,D
sz000100,TCL科技,2025-09-30 11:16:30,4.31,503070,4.32,D
sz000100,TCL科技,2025-09-30 11:16:36,4.32,98100,4.32,U
sz000100,TCL科技,2025-09-30 11:16:39,4.32,475200,4.32,U
sz000100,TCL科技,2025-09-30 11:16:42,4.32,63300,4.32,D
sz000100,TCL科技,2025-09-30 11:16:57,4.32,37400,4.32,U
sz000100,TCL科技,2025-09-30 11:17:03,4.31,40800,4.31,D
sz000100,TCL科技,2025-09-30 11:17:09,4.31,40650,4.31,D
sz000100,TCL科技,2025-09-30 11:17:12,4.31,84400,4.31,D
sz000100,TCL科技,2025-09-30 11:17:18,4.31,85800,4.32,D
sz000100,TCL科技,2025-09-30 11:17:24,4.32,27400,4.31,U
sz000100,TCL科技,2025-09-30 11:17:30,4.32,101300,4.32,U
sz000100,TCL科技,2025-09-30 11:17:39,4.31,78700,4.32,D
sz000100,TCL科技,2025-09-30 11:17:45,4.31,23100,4.31,D
sz000100,TCL科技,2025-09-30 11:17:51,4.31,79500,4.31,D
sz000100,TCL科技,2025-09-30 11:17:57,4.32,82800,4.31,U
sz000100,TCL科技,2025-09-30 11:18:09,4.31,90300,4.32,D
sz000100,TCL科技,2025-09-30 11:18:21,4.31,82900,4.32,D
sz000100,TCL科技,2025-09-30 11:18:30,4.31,105600,4.31,D
sz000100,TCL科技,2025-09-30 11:18:39,4.32,86300,4.31,U
sz000100,TCL科技,2025-09-30 11:18:42,4.31,24600,4.32,D
sz000100,TCL科技,2025-09-30 11:18:45,4.31,83100,4.31,D
sz000100,TCL科技,2025-09-30 11:18:54,4.31,27300,4.32,D
sz000100,TCL科技,2025-09-30 11:19:00,4.32,100800,4.32,U
sz000100,TCL科技,2025-09-30 11:19:09,4.32,32150,4.32,U
sz000100,TCL科技,2025-09-30 11:19:18,4.31,75800,4.32,D
sz000100,TCL科技,2025-09-30 11:19:21,4.32,21600,4.31,U
sz000100,TCL科技,2025-09-30 11:19:24,4.32,89600,4.32,U
sz000100,TCL科技,2025-09-30 11:19:33,4.31,24900,4.32,D
sz000100,TCL科技,2025-09-30 11:19:36,4.32,93500,4.31,U
sz000100,TCL科技,2025-09-30 11:19:48,4.31,100900,4.32,D
sz000100,TCL科技,2025-09-30 11:19:51,4.31,38210,4.31,D
sz000100,TCL科技,2025-09-30 11:19:54,4.31,97900,4.31,D
sz000100,TCL科技,2025-09-30 11:20:03,4.32,42100,4.32,U
sz000100,TCL科技,2025-09-30 11:20:06,4.31,62100,4.32,D
sz000100,TCL科技,2025-09-30 11:20:12,4.32,115500,4.31,U
sz000100,TCL科技,2025-09-30 11:20:18,4.31,95100,4.32,D
sz000100,TCL科技,2025-09-30 11:20:24,4.31,72200,4.31,D
sz000100,TCL科技,2025-09-30 11:20:27,4.31,20400,4.31,D
sz000100,TCL科技,2025-09-30 11:20:30,4.31,113900,4.31,D
sz000100,TCL科技,2025-09-30 11:20:36,4.32,28200,4.31,U
sz000100,TCL科技,2025-09-30 11:20:39,4.31,108600,4.32,D
sz000100,TCL科技,2025-09-30 11:20:45,4.31,28200,4.31,D
sz000100,TCL科技,2025-09-30 11:20:48,4.32,22400,4.31,U
sz000100,TCL科技,2025-09-30 11:20:54,4.32,95900,4.32,U
sz000100,TCL科技,2025-09-30 11:21:00,4.32,23500,4.31,U
sz000100,TCL科技,2025-09-30 11:21:03,4.32,22900,4.32,U
sz000100,TCL科技,2025-09-30 11:21:06,4.31,96300,4.32,D
sz000100,TCL科技,2025-09-30 11:21:18,4.31,81100,4.32,D
sz000100,TCL科技,2025-09-30 11:21:24,4.31,85300,4.31,D
sz000100,TCL科技,2025-09-30 11:21:30,4.31,26700,4.32,D
sz000100,TCL科技,2025-09-30 11:21:33,4.32,111500,4.31,U
sz000100,TCL科技,2025-09-30 11:21:36,4.31,35200,4.32,D
sz000100,TCL科技,2025-09-30 11:21:39,4.31,89800,4.31,D
sz000100,TCL科技,2025-09-30 11:21:54,4.32,32200,4.32,U
sz000100,TCL科技,2025-09-30 11:22:00,4.32,97700,4.32,U
sz000100,TCL科技,2025-09-30 11:22:09,4.31,23100,4.31,D
sz000100,TCL科技,2025-09-30 11:22:12,4.32,76700,4.31,U
sz000100,TCL科技,2025-09-30 11:22:15,4.31,28200,4.32,D
sz000100,TCL科技,2025-09-30 11:22:21,4.32,26800,4.31,U
sz000100,TCL科技,2025-09-30 11:22:30,4.32,90450,4.32,U
sz000100,TCL科技,2025-09-30 11:22:45,4.32,22260,4.32,U
sz000100,TCL科技,2025-09-30 11:22:48,4.31,58100,4.32,D
sz000100,TCL科技,2025-09-30 11:23:00,4.32,32200,4.31,U
sz000100,TCL科技,2025-09-30 11:23:09,4.31,128200,4.32,D
sz000100,TCL科技,2025-09-30 11:23:12,4.32,31900,4.31,U
sz000100,TCL科技,2025-09-30 11:23:15,4.32,98700,4.32,U
sz000100,TCL科技,2025-09-30 11:23:18,4.31,583800,4.32,D
sz000100,TCL科技,2025-09-30 11:23:21,4.31,222800,4.31,D
sz000100,TCL科技,2025-09-30 11:23:24,4.32,112300,4.31,U
sz000100,TCL科技,2025-09-30 11:23:27,4.32,43600,4.32,U
sz000100,TCL科技,2025-09-30 11:23:30,4.32,430900,4.32,U
sz000100,TCL科技,2025-09-30 11:23:33,4.31,107200,4.32,D
sz000100,TCL科技,2025-09-30 11:23:39,4.32,72700,4.31,U
sz000100,TCL科技,2025-09-30 11:23:42,4.31,119000,4.32,D
sz000100,TCL科技,2025-09-30 11:23:45,4.32,30900,4.31,U
sz000100,TCL科技,2025-09-30 11:23:48,4.32,126100,4.32,U
sz000100,TCL科技,2025-09-30 11:23:51,4.31,114500,4.32,D
sz000100,TCL科技,2025-09-30 11:24:00,4.32,93300,4.32,U
sz000100,TCL科技,2025-09-30 11:24:03,4.31,31100,4.32,D
sz000100,TCL科技,2025-09-30 11:24:06,4.31,103600,4.31,D
sz000100,TCL科技,2025-09-30 11:24:09,4.31,29400,4.31,D
sz000100,TCL科技,2025-09-30 11:24:12,4.31,93900,4.31,D
sz000100,TCL科技,2025-09-30 11:24:15,4.32,32700,4.31,U
sz000100,TCL科技,2025-09-30 11:24:18,4.32,109600,4.32,U
sz000100,TCL科技,2025-09-30 11:24:21,4.32,34000,4.32,U
sz000100,TCL科技,2025-09-30 11:24:33,4.32,78500,4.31,U
sz000100,TCL科技,2025-09-30 11:24:36,4.31,26900,4.32,D
sz000100,TCL科技,2025-09-30 11:24:39,4.31,75300,4.31,D
sz000100,TCL科技,2025-09-30 11:24:42,4.32,45000,4.31,U
sz000100,TCL科技,2025-09-30 11:24:45,4.31,97400,4.32,D
sz000100,TCL科技,2025-09-30 11:24:48,4.31,92800,4.31,D
sz000100,TCL科技,2025-09-30 11:24:51,4.32,20200,4.31,U
sz000100,TCL科技,2025-09-30 11:24:54,4.32,84600,4.32,U
sz000100,TCL科技,2025-09-30 11:25:00,4.32,115900,4.32,U
sz000100,TCL科技,2025-09-30 11:25:03,4.32,59400,4.32,U
sz000100,TCL科技,2025-09-30 11:25:06,4.31,138200,4.32,D
sz000100,TCL科技,2025-09-30 11:25:09,4.31,42700,4.31,D
sz000100,TCL科技,2025-09-30 11:25:12,4.32,42300,4.31,U
sz000100,TCL科技,2025-09-30 11:25:18,4.31,78100,4.32,D
sz000100,TCL科技,2025-09-30 11:25:21,4.31,58300,4.31,D
sz000100,TCL科技,2025-09-30 11:25:27,4.31,111100,4.32,D
sz000100,TCL科技,2025-09-30 11:25:30,4.32,150500,4.31,U
sz000100,TCL科技,2025-09-30 11:25:33,4.31,98200,4.32,D
sz000100,TCL科技,2025-09-30 11:25:39,4.31,103600,4.31,D
sz000100,TCL科技,2025-09-30 11:25:42,4.32,37100,4.31,U
sz000100,TCL科技,2025-09-30 11:25:45,4.31,76900,4.32,D
sz000100,TCL科技,2025-09-30 11:25:48,4.31,21600,4.31,D
sz000100,TCL科技,2025-09-30 11:25:51,4.31,97800,4.31,D
sz000100,TCL科技,2025-09-30 11:25:54,4.31,50800,4.31,D
sz000100,TCL科技,2025-09-30 11:25:57,4.31,38600,4.31,D
sz000100,TCL科技,2025-09-30 11:26:00,4.32,113000,4.31,U
sz000100,TCL科技,2025-09-30 11:26:03,4.32,86200,4.32,U
sz000100,TCL科技,2025-09-30 11:26:06,4.32,120700,4.32,U
sz000100,TCL科技,2025-09-30 11:26:09,4.32,28800,4.32,U
sz000100,TCL科技,2025-09-30 11:26:12,4.32,79100,4.32,U
sz000100,TCL科技,2025-09-30 11:26:21,4.31,25700,4.32,D
sz000100,TCL科技,2025-09-30 11:26:24,4.32,88500,4.31,U
sz000100,TCL科技,2025-09-30 11:26:30,4.32,127400,4.32,U
sz000100,TCL科技,2025-09-30 11:26:33,4.31,28700,4.32,D
sz000100,TCL科技,2025-09-30 11:26:36,4.32,81000,4.31,U
sz000100,TCL科技,2025-09-30 11:26:39,4.31,137500,4.32,D
sz000100,TCL科技,2025-09-30 11:26:42,4.31,35600,4.31,D
sz000100,TCL科技,2025-09-30 11:26:45,4.31,23100,4.31,D
sz000100,TCL科技,2025-09-30 11:26:51,4.31,108200,4.31,D
sz000100,TCL科技,2025-09-30 11:26:57,4.31,27800,4.31,D
sz000100,TCL科技,2025-09-30 11:27:00,4.31,92500,4.31,D
sz000100,TCL科技,2025-09-30 11:27:03,4.31,31900,4.31,D
sz000100,TCL科技,2025-09-30 11:27:06,4.31,86900,4.31,D
sz000100,TCL科技,2025-09-30 11:27:12,4.32,102500,4.32,U
sz000100,TCL科技,2025-09-30 11:27:15,4.31,34400,4.32,D
sz000100,TCL科技,2025-09-30 11:27:18,4.32,89800,4.31,U
sz000100,TCL科技,2025-09-30 11:27:21,4.31,22200,4.32,D
sz000100,TCL科技,2025-09-30 11:27:27,4.32,105300,4.31,U
sz000100,TCL科技,2025-09-30 11:27:30,4.32,54700,4.32,U
sz000100,TCL科技,2025-09-30 11:27:39,4.31,78100,4.31,D
sz000100,TCL科技,2025-09-30 11:27:42,4.31,22400,4.31,D
sz000100,TCL科技,2025-09-30 11:27:45,4.31,119200,4.31,D
sz000100,TCL科技,2025-09-30 11:27:48,4.32,33800,4.31,U
sz000100,TCL科技,2025-09-30 11:27:51,4.31,96800,4.32,D
sz000100,TCL科技,2025-09-30 11:28:03,4.31,71700,4.31,D
sz000100,TCL科技,2025-09-30 11:28:06,4.31,133000,4.31,D
sz000100,TCL科技,2025-09-30 11:28:12,4.31,23200,4.31,D
sz000100,TCL科技,2025-09-30 11:28:15,4.32,22400,4.31,U
sz000100,TCL科技,2025-09-30 11:28:18,4.31,90900,4.32,D
sz000100,TCL科技,2025-09-30 11:28:21,4.31,25200,4.31,D
sz000100,TCL科技,2025-09-30 11:28:27,4.31,93800,4.32,D
sz000100,TCL科技,2025-09-30 11:28:30,4.32,47700,4.31,U
sz000100,TCL科技,2025-09-30 11:28:33,4.31,97300,4.32,D
sz000100,TCL科技,2025-09-30 11:28:39,4.32,115300,4.32,U
sz000100,TCL科技,2025-09-30 11:28:42,4.31,129000,4.32,D
sz000100,TCL科技,2025-09-30 11:28:45,4.32,30000,4.31,U
sz000100,TCL科技,2025-09-30 11:28:51,4.31,378500,4.31,D
sz000100,TCL科技,2025-09-30 11:28:54,4.31,59800,4.31,D
sz000100,TCL科技,2025-09-30 11:28:57,4.32,99000,4.31,U
sz000100,TCL科技,2025-09-30 11:29:00,4.31,23900,4.32,D
sz000100,TCL科技,2025-09-30 11:29:03,4.31,726000,4.31,D
sz000100,TCL科技,2025-09-30 11:29:06,4.31,107800,4.31,D
sz000100,TCL科技,2025-09-30 11:29:09,4.31,257600,4.31,D
sz000100,TCL科技,2025-09-30 11:29:12,4.31,45500,4.31,D
sz000100,TCL科技,2025-09-30 11:29:15,4.31,201100,4.31,D
sz000100,TCL科技,2025-09-30 11:29:18,4.32,53500,4.31,U
sz000100,TCL科技,2025-09-30 11:29:24,4.31,46300,4.31,D
sz000100,TCL科技,2025-09-30 11:29:30,4.31,51600,4.31,D
sz000100,TCL科技,2025-09-30 11:29:57,4.31,123500,4.31,D
sz000100,TCL科技,2025-09-30 13:00:00,4.31,516910,4.31,D
sz000100,TCL科技,2025-09-30 13:00:03,4.31,970200,4.31,D
sz000100,TCL科技,2025-09-30 13:00:06,4.32,126100,4.31,U
sz000100,TCL科技,2025-09-30 13:00:09,4.31,412400,4.32,D
sz000100,TCL科技,2025-09-30 13:00:12,4.31,107300,4.31,D
sz000100,TCL科技,2025-09-30 13:00:15,4.32,45900,4.31,U
sz000100,TCL科技,2025-09-30 13:00:18,4.31,53300,4.32,D
sz000100,TCL科技,2025-09-30 13:00:21,4.32,22200,4.31,U
sz000100,TCL科技,2025-09-30 13:00:30,4.31,215100,4.32,D
sz000100,TCL科技,2025-09-30 13:00:33,4.32,24800,4.31,U
sz000100,TCL科技,2025-09-30 13:00:42,4.31,384220,4.31,D
sz000100,TCL科技,2025-09-30 13:00:45,4.31,90700,4.31,U
sz000100,TCL科技,2025-09-30 13:00:54,4.31,33600,4.31,U
sz000100,TCL科技,2025-09-30 13:00:57,4.31,73400,4.31,U
sz000100,TCL科技,2025-09-30 13:01:03,4.31,66500,4.31,U
sz000100,TCL科技,2025-09-30 13:01:15,4.31,42100,4.31,U
sz000100,TCL科技,2025-09-30 13:01:18,4.3,42900,4.31,D
sz000100,TCL科技,2025-09-30 13:01:42,4.31,51000,4.31,U
sz000100,TCL科技,2025-09-30 13:01:45,4.31,62100,4.31,U
sz000100,TCL科技,2025-09-30 13:01:48,4.31,41500,4.31,U
sz000100,TCL科技,2025-09-30 13:02:03,4.3,28500,4.31,D
sz000100,TCL科技,2025-09-30 13:02:09,4.31,26100,4.31,U
sz000100,TCL科技,2025-09-30 13:02:18,4.31,353100,4.31,U
sz000100,TCL科技,2025-09-30 13:02:21,4.31,303200,4.31,U
sz000100,TCL科技,2025-09-30 13:02:24,4.31,155700,4.31,U
sz000100,TCL科技,2025-09-30 13:02:27,4.31,39800,4.31,U
sz000100,TCL科技,2025-09-30 13:02:30,4.31,22100,4.31,U
sz000100,TCL科技,2025-09-30 13:02:33,4.31,22800,4.31,U
sz000100,TCL科技,2025-09-30 13:02:36,4.31,139200,4.31,U
sz000100,TCL科技,2025-09-30 13:02:39,4.31,27300,4.31,U
sz000100,TCL科技,2025-09-30 13:02:42,4.31,42000,4.31,U
sz000100,TCL科技,2025-09-30 13:02:45,4.3,107800,4.31,D
sz000100,TCL科技,2025-09-30 13:02:48,4.31,40200,4.3,U
sz000100,TCL科技,2025-09-30 13:02:57,4.31,48000,4.31,U
sz000100,TCL科技,2025-09-30 13:03:00,4.3,22300,4.31,D
sz000100,TCL科技,2025-09-30 13:03:03,4.3,506900,4.3,D
sz000100,TCL科技,2025-09-30 13:03:06,4.31,226000,4.3,U
sz000100,TCL科技,2025-09-30 13:03:09,4.31,140200,4.31,U
sz000100,TCL科技,2025-09-30 13:03:12,4.31,207200,4.31,D
sz000100,TCL科技,2025-09-30 13:03:15,4.31,25100,4.31,D
sz000100,TCL科技,2025-09-30 13:03:33,4.32,32700,4.32,U
sz000100,TCL科技,2025-09-30 13:03:42,4.31,40300,4.32,D
sz000100,TCL科技,2025-09-30 13:03:57,4.31,35470,4.31,D
sz000100,TCL科技,2025-09-30 13:04:03,4.31,426900,4.31,D
sz000100,TCL科技,2025-09-30 13:04:06,4.31,42400,4.31,D
sz000100,TCL科技,2025-09-30 13:04:18,4.32,51300,4.31,U
sz000100,TCL科技,2025-09-30 13:04:33,4.31,56600,4.31,D
sz000100,TCL科技,2025-09-30 13:04:36,4.32,166600,4.31,U
sz000100,TCL科技,2025-09-30 13:04:39,4.32,40900,4.32,U
sz000100,TCL科技,2025-09-30 13:04:42,4.31,40400,4.32,D
sz000100,TCL科技,2025-09-30 13:04:51,4.32,20700,4.32,U
sz000100,TCL科技,2025-09-30 13:05:03,4.31,55700,4.32,D
sz000100,TCL科技,2025-09-30 13:05:30,4.32,74500,4.31,U
sz000100,TCL科技,2025-09-30 13:05:33,4.32,129300,4.32,U
sz000100,TCL科技,2025-09-30 13:05:36,4.31,38300,4.32,D
sz000100,TCL科技,2025-09-30 13:05:39,4.31,201900,4.31,D
sz000100,TCL科技,2025-09-30 13:05:42,4.32,101800,4.31,U
sz000100,TCL科技,2025-09-30 13:05:48,4.32,90900,4.31,U
sz000100,TCL科技,2025-09-30 13:05:51,4.32,20100,4.32,U
sz000100,TCL科技,2025-09-30 13:06:00,4.32,1003000,4.31,U
sz000100,TCL科技,2025-09-30 13:06:03,4.33,979000,4.32,U
sz000100,TCL科技,2025-09-30 13:06:06,4.33,64900,4.33,U
sz000100,TCL科技,2025-09-30 13:06:09,4.33,53100,4.33,U
sz000100,TCL科技,2025-09-30 13:06:12,4.33,58600,4.33,U
sz000100,TCL科技,2025-09-30 13:06:33,4.32,151000,4.33,D
sz000100,TCL科技,2025-09-30 13:06:36,4.33,21000,4.32,U
sz000100,TCL科技,2025-09-30 13:06:39,4.32,39400,4.33,D
sz000100,TCL科技,2025-09-30 13:06:42,4.33,44700,4.32,U
sz000100,TCL科技,2025-09-30 13:07:03,4.32,355800,4.33,D
sz000100,TCL科技,2025-09-30 13:07:06,4.32,33000,4.32,D
sz000100,TCL科技,2025-09-30 13:07:18,4.32,31700,4.32,D
sz000100,TCL科技,2025-09-30 13:07:21,4.32,32500,4.32,D
sz000100,TCL科技,2025-09-30 13:07:33,4.33,76100,4.32,U
sz000100,TCL科技,2025-09-30 13:07:42,4.32,64000,4.32,D
sz000100,TCL科技,2025-09-30 13:08:03,4.32,89800,4.33,D
sz000100,TCL科技,2025-09-30 13:08:24,4.33,40500,4.32,U
sz000100,TCL科技,2025-09-30 13:08:33,4.32,50800,4.32,D
sz000100,TCL科技,2025-09-30 13:08:36,4.32,40300,4.32,D
sz000100,TCL科技,2025-09-30 13:08:42,4.32,40200,4.33,D
sz000100,TCL科技,2025-09-30 13:08:48,4.32,46500,4.32,D
sz000100,TCL科技,2025-09-30 13:09:03,4.32,103300,4.33,D
sz000100,TCL科技,2025-09-30 13:09:33,4.33,73800,4.33,U
sz000100,TCL科技,2025-09-30 13:09:36,4.33,22100,4.33,U
sz000100,TCL科技,2025-09-30 13:09:42,4.33,43200,4.33,U
sz000100,TCL科技,2025-09-30 13:09:45,4.32,51600,4.33,D
sz000100,TCL科技,2025-09-30 13:09:57,4.32,44000,4.33,D
sz000100,TCL科技,2025-09-30 13:10:03,4.32,68000,4.32,D
sz000100,TCL科技,2025-09-30 13:10:09,4.32,47500,4.33,D
sz000100,TCL科技,2025-09-30 13:10:12,4.32,38300,4.32,D
sz000100,TCL科技,2025-09-30 13:10:15,4.32,50500,4.32,D
sz000100,TCL科技,2025-09-30 13:10:21,4.32,41000,4.32,D
sz000100,TCL科技,2025-09-30 13:10:24,4.32,55100,4.32,D
sz000100,TCL科技,2025-09-30 13:10:33,4.33,104700,4.32,U
sz000100,TCL科技,2025-09-30 13:10:36,4.32,50600,4.33,D
sz000100,TCL科技,2025-09-30 13:10:45,4.33,42400,4.32,U
sz000100,TCL科技,2025-09-30 13:10:48,4.32,50000,4.33,D
sz000100,TCL科技,2025-09-30 13:10:57,4.32,48800,4.33,D
sz000100,TCL科技,2025-09-30 13:11:00,4.33,24000,4.32,U
sz000100,TCL科技,2025-09-30 13:11:03,4.33,213100,4.33,U
sz000100,TCL科技,2025-09-30 13:11:12,4.32,118550,4.32,D
sz000100,TCL科技,2025-09-30 13:11:21,4.32,112900,4.32,D
sz000100,TCL科技,2025-09-30 13:11:30,4.32,76400,4.33,D
sz000100,TCL科技,2025-09-30 13:11:33,4.32,105900,4.32,D
sz000100,TCL科技,2025-09-30 13:11:48,4.33,187100,4.32,U
sz000100,TCL科技,2025-09-30 13:11:54,4.32,33000,4.33,D
sz000100,TCL科技,2025-09-30 13:12:03,4.32,223000,4.33,D
sz000100,TCL科技,2025-09-30 13:12:06,4.32,58700,4.32,D
sz000100,TCL科技,2025-09-30 13:12:18,4.32,27000,4.33,D
sz000100,TCL科技,2025-09-30 13:12:21,4.32,73400,4.32,D
sz000100,TCL科技,2025-09-30 13:12:24,4.33,26400,4.32,U
sz000100,TCL科技,2025-09-30 13:12:33,4.32,103500,4.32,D
sz000100,TCL科技,2025-09-30 13:12:36,4.32,70300,4.32,D
sz000100,TCL科技,2025-09-30 13:12:48,4.33,55400,4.33,U
sz000100,TCL科技,2025-09-30 13:13:03,4.33,107200,4.33,U
sz000100,TCL科技,2025-09-30 13:13:18,4.33,323800,4.33,U
sz000100,TCL科技,2025-09-30 13:13:21,4.34,4660970,4.33,U
sz000100,TCL科技,2025-09-30 13:13:24,4.33,41900,4.34,D
sz000100,TCL科技,2025-09-30 13:13:33,4.34,44500,4.33,U
sz000100,TCL科技,2025-09-30 13:13:36,4.34,121400,4.34,U
sz000100,TCL科技,2025-09-30 13:13:39,4.34,40800,4.34,U
sz000100,TCL科技,2025-09-30 13:13:57,4.34,34400,4.33,U
sz000100,TCL科技,2025-09-30 13:14:03,4.33,1886600,4.34,D
sz000100,TCL科技,2025-09-30 13:14:06,4.33,69400,4.33,U
sz000100,TCL科技,2025-09-30 13:14:15,4.33,22700,4.33,U
sz000100,TCL科技,2025-09-30 13:14:21,4.33,143800,4.32,U
sz000100,TCL科技,2025-09-30 13:14:27,4.33,21100,4.33,U
sz000100,TCL科技,2025-09-30 13:14:33,4.33,107700,4.32,U
sz000100,TCL科技,2025-09-30 13:14:36,4.32,70300,4.33,D
sz000100,TCL科技,2025-09-30 13:14:39,4.33,21750,4.32,U
sz000100,TCL科技,2025-09-30 13:14:54,4.32,66800,4.33,D
sz000100,TCL科技,2025-09-30 13:15:03,4.33,281630,4.33,U
sz000100,TCL科技,2025-09-30 13:15:30,4.33,44100,4.32,U
sz000100,TCL科技,2025-09-30 13:15:33,4.33,83500,4.33,U
sz000100,TCL科技,2025-09-30 13:15:36,4.32,72000,4.33,D
sz000100,TCL科技,2025-09-30 13:15:42,4.33,30000,4.32,U
sz000100,TCL科技,2025-09-30 13:16:03,4.33,50400,4.32,U
sz000100,TCL科技,2025-09-30 13:16:18,4.33,34900,4.32,U
sz000100,TCL科技,2025-09-30 13:16:33,4.32,74600,4.33,D
sz000100,TCL科技,2025-09-30 13:16:36,4.32,79200,4.32,D
sz000100,TCL科技,2025-09-30 13:16:42,4.33,42400,4.32,U
sz000100,TCL科技,2025-09-30 13:17:03,4.32,55700,4.33,D
sz000100,TCL科技,2025-09-30 13:17:18,4.33,90300,4.33,U
sz000100,TCL科技,2025-09-30 13:17:30,4.33,33200,4.32,U
sz000100,TCL科技,2025-09-30 13:17:33,4.33,66000,4.33,U
sz000100,TCL科技,2025-09-30 13:17:36,4.32,70300,4.33,D
sz000100,TCL科技,2025-09-30 13:17:45,4.32,24800,4.33,D
sz000100,TCL科技,2025-09-30 13:17:48,4.33,33800,4.32,U
sz000100,TCL科技,2025-09-30 13:17:54,4.32,43800,4.33,D
sz000100,TCL科技,2025-09-30 13:18:03,4.32,61000,4.32,D
sz000100,TCL科技,2025-09-30 13:18:30,4.32,21900,4.33,D
sz000100,TCL科技,2025-09-30 13:18:33,4.32,80000,4.32,D
sz000100,TCL科技,2025-09-30 13:18:36,4.33,70500,4.32,U
sz000100,TCL科技,2025-09-30 13:18:39,4.32,163100,4.33,D
sz000100,TCL科技,2025-09-30 13:18:42,4.32,64600,4.32,D
sz000100,TCL科技,2025-09-30 13:18:45,4.33,665700,4.32,U
sz000100,TCL科技,2025-09-30 13:18:48,4.33,231600,4.33,U
sz000100,TCL科技,2025-09-30 13:18:51,4.33,49100,4.33,U
sz000100,TCL科技,2025-09-30 13:18:54,4.33,412400,4.33,U
sz000100,TCL科技,2025-09-30 13:18:57,4.33,346400,4.33,U
sz000100,TCL科技,2025-09-30 13:19:00,4.33,695800,4.33,U
sz000100,TCL科技,2025-09-30 13:19:03,4.33,62000,4.33,D
sz000100,TCL科技,2025-09-30 13:19:06,4.33,337900,4.33,D
sz000100,TCL科技,2025-09-30 13:19:09,4.33,99600,4.33,D
sz000100,TCL科技,2025-09-30 13:19:15,4.33,48000,4.33,U
sz000100,TCL科技,2025-09-30 13:19:18,4.33,139800,4.33,U
sz000100,TCL科技,2025-09-30 13:19:21,4.33,868300,4.33,U
sz000100,TCL科技,2025-09-30 13:19:33,4.34,928100,4.33,U
sz000100,TCL科技,2025-09-30 13:19:36,4.34,70500,4.34,U
sz000100,TCL科技,2025-09-30 13:20:03,4.33,849200,4.34,D
sz000100,TCL科技,2025-09-30 13:20:12,4.33,38400,4.33,D
sz000100,TCL科技,2025-09-30 13:20:24,4.33,303400,4.33,D
sz000100,TCL科技,2025-09-30 13:20:27,4.33,302800,4.33,D
sz000100,TCL科技,2025-09-30 13:20:30,4.34,322900,4.33,U
sz000100,TCL科技,2025-09-30 13:20:33,4.34,630900,4.34,U
sz000100,TCL科技,2025-09-30 13:20:36,4.34,93200,4.34,U
sz000100,TCL科技,2025-09-30 13:20:39,4.34,44800,4.34,U
sz000100,TCL科技,2025-09-30 13:20:42,4.34,52100,4.34,U
sz000100,TCL科技,2025-09-30 13:20:57,4.33,53000,4.34,D
sz000100,TCL科技,2025-09-30 13:21:03,4.34,689300,4.33,U
sz000100,TCL科技,2025-09-30 13:21:09,4.33,20100,4.33,D
sz000100,TCL科技,2025-09-30 13:21:21,4.33,62700,4.34,D
sz000100,TCL科技,2025-09-30 13:21:30,4.34,33800,4.33,U
sz000100,TCL科技,2025-09-30 13:21:33,4.33,207200,4.34,D
sz000100,TCL科技,2025-09-30 13:21:36,4.33,72400,4.33,D
sz000100,TCL科技,2025-09-30 13:21:42,4.33,27660,4.33,D
sz000100,TCL科技,2025-09-30 13:22:03,4.33,1099270,4.33,D
sz000100,TCL科技,2025-09-30 13:22:06,4.33,42700,4.33,U
sz000100,TCL科技,2025-09-30 13:22:12,4.33,67400,4.33,U
sz000100,TCL科技,2025-09-30 13:22:18,4.33,21300,4.33,U
sz000100,TCL科技,2025-09-30 13:22:21,4.32,49000,4.33,D
sz000100,TCL科技,2025-09-30 13:22:24,4.33,83400,4.32,U
sz000100,TCL科技,2025-09-30 13:22:33,4.33,156600,4.33,U
sz000100,TCL科技,2025-09-30 13:22:36,4.33,117000,4.33,U
sz000100,TCL科技,2025-09-30 13:22:57,4.33,368800,4.32,U
sz000100,TCL科技,2025-09-30 13:23:00,4.33,48520,4.33,U
sz000100,TCL科技,2025-09-30 13:23:03,4.32,445100,4.33,D
sz000100,TCL科技,2025-09-30 13:23:09,4.33,23800,4.33,U
sz000100,TCL科技,2025-09-30 13:23:18,4.33,201600,4.33,U
sz000100,TCL科技,2025-09-30 13:23:33,4.32,184800,4.33,D
sz000100,TCL科技,2025-09-30 13:23:36,4.32,114900,4.32,D
sz000100,TCL科技,2025-09-30 13:23:57,4.33,23740,4.33,U
sz000100,TCL科技,2025-09-30 13:24:03,4.32,20110,4.33,D
sz000100,TCL科技,2025-09-30 13:24:09,4.33,25900,4.32,U
sz000100,TCL科技,2025-09-30 13:24:30,4.32,85100,4.32,D
sz000100,TCL科技,2025-09-30 13:24:36,4.32,70700,4.32,D
sz000100,TCL科技,2025-09-30 13:24:39,4.33,29100,4.32,U
sz000100,TCL科技,2025-09-30 13:24:48,4.33,86310,4.32,U
sz000100,TCL科技,2025-09-30 13:24:54,4.33,30200,4.33,U
sz000100,TCL科技,2025-09-30 13:25:00,4.32,22100,4.33,D
sz000100,TCL科技,2025-09-30 13:25:12,4.33,577400,4.33,U
sz000100,TCL科技,2025-09-30 13:25:15,4.33,68700,4.33,U
sz000100,TCL科技,2025-09-30 13:25:18,4.33,56400,4.33,U
sz000100,TCL科技,2025-09-30 13:25:21,4.33,30100,4.33,U
sz000100,TCL科技,2025-09-30 13:25:30,4.33,580600,4.32,U
sz000100,TCL科技,2025-09-30 13:25:33,4.33,1689990,4.33,U
sz000100,TCL科技,2025-09-30 13:25:36,4.33,206000,4.33,D
sz000100,TCL科技,2025-09-30 13:25:39,4.33,110200,4.33,U
sz000100,TCL科技,2025-09-30 13:25:42,4.33,108100,4.33,U
sz000100,TCL科技,2025-09-30 13:25:45,4.33,58000,4.33,U
sz000100,TCL科技,2025-09-30 13:25:48,4.33,568200,4.33,U
sz000100,TCL科技,2025-09-30 13:25:51,4.33,37200,4.33,D
sz000100,TCL科技,2025-09-30 13:25:54,4.33,319000,4.33,D
sz000100,TCL科技,2025-09-30 13:25:57,4.33,625700,4.33,E
sz000100,TCL科技,2025-09-30 13:26:00,4.33,117200,4.33,D
sz000100,TCL科技,2025-09-30 13:26:18,4.33,31000,4.33,D
sz000100,TCL科技,2025-09-30 13:26:33,4.33,838090,4.34,D
sz000100,TCL科技,2025-09-30 13:26:39,4.34,142100,4.33,U
sz000100,TCL科技,2025-09-30 13:26:42,4.33,27400,4.34,D
sz000100,TCL科技,2025-09-30 13:26:51,4.33,40300,4.33,D
sz000100,TCL科技,2025-09-30 13:26:57,4.34,48800,4.33,U
sz000100,TCL科技,2025-09-30 13:27:00,4.33,59200,4.34,D
sz000100,TCL科技,2025-09-30 13:27:03,4.33,23200,4.33,D
sz000100,TCL科技,2025-09-30 13:27:18,4.33,238400,4.34,D
sz000100,TCL科技,2025-09-30 13:27:27,4.33,34900,4.33,D
sz000100,TCL科技,2025-09-30 13:27:30,4.33,186700,4.33,D
sz000100,TCL科技,2025-09-30 13:27:33,4.33,168000,4.33,U
sz000100,TCL科技,2025-09-30 13:27:36,4.32,71800,4.33,D
sz000100,TCL科技,2025-09-30 13:27:45,4.33,46900,4.33,U
sz000100,TCL科技,2025-09-30 13:27:48,4.33,41900,4.33,U
sz000100,TCL科技,2025-09-30 13:27:51,4.32,29400,4.33,D
sz000100,TCL科技,2025-09-30 13:28:03,4.33,139500,4.33,U
sz000100,TCL科技,2025-09-30 13:28:12,4.33,20700,4.32,U
sz000100,TCL科技,2025-09-30 13:28:15,4.32,33000,4.33,D
sz000100,TCL科技,2025-09-30 13:28:33,4.32,32300,4.33,D
sz000100,TCL科技,2025-09-30 13:28:36,4.33,71700,4.32,U
sz000100,TCL科技,2025-09-30 13:29:03,4.33,30700,4.32,U
sz000100,TCL科技,2025-09-30 13:29:36,4.33,76800,4.32,U
sz000100,TCL科技,2025-09-30 13:30:15,4.32,21000,4.33,D
sz000100,TCL科技,2025-09-30 13:30:30,4.33,21940,4.33,U
sz000100,TCL科技,2025-09-30 13:30:36,4.33,76300,4.33,U
sz000100,TCL科技,2025-09-30 13:30:45,4.32,34500,4.33,D
sz000100,TCL科技,2025-09-30 13:31:18,4.33,20700,4.33,U
sz000100,TCL科技,2025-09-30 13:31:36,4.33,71200,4.33,U
sz000100,TCL科技,2025-09-30 13:31:42,4.33,59300,4.32,U
sz000100,TCL科技,2025-09-30 13:31:54,4.32,41300,4.33,D
sz000100,TCL科技,2025-09-30 13:32:03,4.32,24600,4.32,D
sz000100,TCL科技,2025-09-30 13:32:06,4.32,148200,4.32,D
sz000100,TCL科技,2025-09-30 13:32:09,4.32,2297200,4.32,D
sz000100,TCL科技,2025-09-30 13:32:12,4.31,2847590,4.32,D
sz000100,TCL科技,2025-09-30 13:32:24,4.32,144400,4.32,U
sz000100,TCL科技,2025-09-30 13:32:30,4.32,23200,4.32,U
sz000100,TCL科技,2025-09-30 13:32:33,4.32,20600,4.32,U
sz000100,TCL科技,2025-09-30 13:32:36,4.32,71900,4.32,U
sz000100,TCL科技,2025-09-30 13:32:39,4.32,39300,4.32,U
sz000100,TCL科技,2025-09-30 13:33:12,4.31,81200,4.32,D
sz000100,TCL科技,2025-09-30 13:33:18,4.32,60100,4.31,U
sz000100,TCL科技,2025-09-30 13:33:30,4.32,48400,4.32,U
sz000100,TCL科技,2025-09-30 13:33:33,4.31,2041800,4.32,D
sz000100,TCL科技,2025-09-30 13:33:36,4.31,82400,4.31,D
sz000100,TCL科技,2025-09-30 13:33:48,4.32,24200,4.32,U
sz000100,TCL科技,2025-09-30 13:33:54,4.31,26400,4.32,D
sz000100,TCL科技,2025-09-30 13:34:03,4.31,88800,4.32,D
sz000100,TCL科技,2025-09-30 13:34:18,4.31,21400,4.32,D
sz000100,TCL科技,2025-09-30 13:34:33,4.31,75900,4.32,D
sz000100,TCL科技,2025-09-30 13:34:36,4.31,70300,4.31,D
sz000100,TCL科技,2025-09-30 13:34:39,4.31,57500,4.31,D
sz000100,TCL科技,2025-09-30 13:34:51,4.32,22400,4.32,U
sz000100,TCL科技,2025-09-30 13:35:03,4.32,35100,4.32,U
sz000100,TCL科技,2025-09-30 13:35:06,4.32,26400,4.32,U
sz000100,TCL科技,2025-09-30 13:35:15,4.31,120000,4.32,D
sz000100,TCL科技,2025-09-30 13:35:24,4.32,34700,4.31,U
sz000100,TCL科技,2025-09-30 13:35:33,4.31,193200,4.32,D
sz000100,TCL科技,2025-09-30 13:35:36,4.32,79900,4.31,U
sz000100,TCL科技,2025-09-30 13:35:42,4.31,65600,4.31,D
sz000100,TCL科技,2025-09-30 13:35:51,4.31,26200,4.31,D
sz000100,TCL科技,2025-09-30 13:36:00,4.32,224800,4.32,U
sz000100,TCL科技,2025-09-30 13:36:06,4.32,28100,4.32,U
sz000100,TCL科技,2025-09-30 13:36:09,4.32,30200,4.32,U
sz000100,TCL科技,2025-09-30 13:36:15,4.31,33800,4.32,D
sz000100,TCL科技,2025-09-30 13:36:18,4.31,40200,4.31,D
sz000100,TCL科技,2025-09-30 13:36:27,4.31,66400,4.31,D
sz000100,TCL科技,2025-09-30 13:36:30,4.32,341000,4.31,U
sz000100,TCL科技,2025-09-30 13:36:33,4.32,26000,4.32,U
sz000100,TCL科技,2025-09-30 13:36:36,4.31,113700,4.32,D
sz000100,TCL科技,2025-09-30 13:36:48,4.32,22300,4.32,U
sz000100,TCL科技,2025-09-30 13:37:00,4.32,32800,4.31,U
sz000100,TCL科技,2025-09-30 13:37:06,4.32,113000,4.32,U
sz000100,TCL科技,2025-09-30 13:37:18,4.32,61000,4.31,U
sz000100,TCL科技,2025-09-30 13:37:36,4.32,76000,4.31,U
sz000100,TCL科技,2025-09-30 13:37:39,4.32,85900,4.32,U
sz000100,TCL科技,2025-09-30 13:37:48,4.31,27900,4.32,D
sz000100,TCL科技,2025-09-30 13:37:54,4.32,103300,4.31,U
sz000100,TCL科技,2025-09-30 13:38:24,4.32,25300,4.32,U
sz000100,TCL科技,2025-09-30 13:38:36,4.31,124400,4.32,D
sz000100,TCL科技,2025-09-30 13:38:39,4.31,181100,4.31,D
sz000100,TCL科技,2025-09-30 13:38:42,4.31,111400,4.31,D
sz000100,TCL科技,2025-09-30 13:38:45,4.32,41500,4.31,U
sz000100,TCL科技,2025-09-30 13:38:48,4.32,41860,4.32,U
sz000100,TCL科技,2025-09-30 13:38:51,4.31,25000,4.32,D
sz000100,TCL科技,2025-09-30 13:38:57,4.32,36500,4.31,U
sz000100,TCL科技,2025-09-30 13:39:18,4.32,42200,4.31,U
sz000100,TCL科技,2025-09-30 13:39:24,4.32,23800,4.32,U
sz000100,TCL科技,2025-09-30 13:39:36,4.31,129700,4.32,D
sz000100,TCL科技,2025-09-30 13:39:42,4.32,92000,4.32,U
sz000100,TCL科技,2025-09-30 13:39:45,4.31,28000,4.32,D
sz000100,TCL科技,2025-09-30 13:39:48,4.32,107100,4.31,U
sz000100,TCL科技,2025-09-30 13:39:51,4.32,2713410,4.32,U
sz000100,TCL科技,2025-09-30 13:39:54,4.32,187700,4.32,D
sz000100,TCL科技,2025-09-30 13:39:57,4.33,160400,4.32,U
sz000100,TCL科技,2025-09-30 13:40:00,4.32,128400,4.33,D
sz000100,TCL科技,2025-09-30 13:40:03,4.33,111400,4.32,U
sz000100,TCL科技,2025-09-30 13:40:06,4.33,50500,4.33,U
sz000100,TCL科技,2025-09-30 13:40:09,4.33,71600,4.33,U
sz000100,TCL科技,2025-09-30 13:40:15,4.33,82700,4.33,U
sz000100,TCL科技,2025-09-30 13:40:21,4.33,37100,4.33,U
sz000100,TCL科技,2025-09-30 13:40:27,4.33,22700,4.33,U
sz000100,TCL科技,2025-09-30 13:40:36,4.32,94000,4.32,D
sz000100,TCL科技,2025-09-30 13:40:42,4.33,22100,4.32,U
sz000100,TCL科技,2025-09-30 13:40:48,4.32,21600,4.33,D
sz000100,TCL科技,2025-09-30 13:41:00,4.32,28900,4.33,D
sz000100,TCL科技,2025-09-30 13:41:03,4.32,94900,4.32,D
sz000100,TCL科技,2025-09-30 13:41:06,4.33,28200,4.32,U
sz000100,TCL科技,2025-09-30 13:41:24,4.32,43700,4.32,D
sz000100,TCL科技,2025-09-30 13:41:33,4.32,90400,4.33,D
sz000100,TCL科技,2025-09-30 13:41:36,4.32,121400,4.32,D
sz000100,TCL科技,2025-09-30 13:41:42,4.32,42800,4.33,D
sz000100,TCL科技,2025-09-30 13:41:54,4.32,38600,4.32,D
sz000100,TCL科技,2025-09-30 13:41:57,4.32,33800,4.32,D
sz000100,TCL科技,2025-09-30 13:42:03,4.33,66600,4.32,U
sz000100,TCL科技,2025-09-30 13:42:06,4.33,28300,4.33,U
sz000100,TCL科技,2025-09-30 13:42:15,4.32,52400,4.32,D
sz000100,TCL科技,2025-09-30 13:42:18,4.33,107000,4.32,U
sz000100,TCL科技,2025-09-30 13:42:24,4.33,33100,4.32,U
sz000100,TCL科技,2025-09-30 13:42:33,4.32,145500,4.33,D
sz000100,TCL科技,2025-09-30 13:42:36,4.32,271100,4.32,D
sz000100,TCL科技,2025-09-30 13:42:51,4.33,22800,4.33,U
sz000100,TCL科技,2025-09-30 13:43:03,4.32,103400,4.32,D
sz000100,TCL科技,2025-09-30 13:43:09,4.32,158000,4.33,D
sz000100,TCL科技,2025-09-30 13:43:24,4.32,20400,4.33,D
sz000100,TCL科技,2025-09-30 13:43:33,4.32,140500,4.32,D
sz000100,TCL科技,2025-09-30 13:43:36,4.32,75300,4.32,D
sz000100,TCL科技,2025-09-30 13:43:54,4.33,24500,4.33,U
sz000100,TCL科技,2025-09-30 13:44:03,4.33,86000,4.33,U
sz000100,TCL科技,2025-09-30 13:44:06,4.32,103400,4.33,D
sz000100,TCL科技,2025-09-30 13:44:18,4.33,60700,4.32,U
sz000100,TCL科技,2025-09-30 13:44:21,4.33,38100,4.33,U
sz000100,TCL科技,2025-09-30 13:44:33,4.32,51600,4.32,D
sz000100,TCL科技,2025-09-30 13:44:36,4.32,73700,4.32,D
sz000100,TCL科技,2025-09-30 13:45:03,4.32,97500,4.32,D
sz000100,TCL科技,2025-09-30 13:45:33,4.33,47000,4.32,U
sz000100,TCL科技,2025-09-30 13:45:36,4.32,81000,4.33,D
sz000100,TCL科技,2025-09-30 13:45:54,4.33,37700,4.32,U
sz000100,TCL科技,2025-09-30 13:46:33,4.32,64000,4.33,D
sz000100,TCL科技,2025-09-30 13:46:36,4.32,73900,4.32,D
sz000100,TCL科技,2025-09-30 13:47:03,4.32,22200,4.32,D
sz000100,TCL科技,2025-09-30 13:47:06,4.33,66300,4.32,U
sz000100,TCL科技,2025-09-30 13:47:09,4.32,53700,4.33,D
sz000100,TCL科技,2025-09-30 13:47:18,4.32,28700,4.33,D
sz000100,TCL科技,2025-09-30 13:47:33,4.33,41900,4.32,U
sz000100,TCL科技,2025-09-30 13:47:36,4.32,97100,4.33,D
sz000100,TCL科技,2025-09-30 13:47:42,4.33,26800,4.32,U
sz000100,TCL科技,2025-09-30 13:47:45,4.32,153100,4.33,D
sz000100,TCL科技,2025-09-30 13:47:48,4.33,22300,4.32,U
sz000100,TCL科技,2025-09-30 13:47:51,4.32,60800,4.33,D
sz000100,TCL科技,2025-09-30 13:47:57,4.32,24800,4.32,D
sz000100,TCL科技,2025-09-30 13:48:03,4.32,100100,4.32,D
sz000100,TCL科技,2025-09-30 13:48:24,4.32,30430,4.33,D
sz000100,TCL科技,2025-09-30 13:48:33,4.32,161800,4.33,D
sz000100,TCL科技,2025-09-30 13:48:36,4.32,79700,4.32,D
sz000100,TCL科技,2025-09-30 13:48:42,4.32,117000,4.32,D
sz000100,TCL科技,2025-09-30 13:49:03,4.32,1891750,4.33,D
sz000100,TCL科技,2025-09-30 13:49:06,4.32,145200,4.32,U
sz000100,TCL科技,2025-09-30 13:49:09,4.32,149900,4.32,U
sz000100,TCL科技,2025-09-30 13:49:12,4.32,463700,4.32,U
sz000100,TCL科技,2025-09-30 13:49:15,4.33,65800,4.32,U
sz000100,TCL科技,2025-09-30 13:49:21,4.32,88600,4.32,D
sz000100,TCL科技,2025-09-30 13:49:30,4.32,39700,4.32,D
sz000100,TCL科技,2025-09-30 13:49:33,4.32,120000,4.32,D
sz000100,TCL科技,2025-09-30 13:49:36,4.32,75700,4.32,D
sz000100,TCL科技,2025-09-30 13:49:39,4.32,81500,4.32,D
sz000100,TCL科技,2025-09-30 13:49:42,4.32,35400,4.32,D
sz000100,TCL科技,2025-09-30 13:49:51,4.32,93700,4.32,D
sz000100,TCL科技,2025-09-30 13:49:57,4.33,36000,4.32,U
sz000100,TCL科技,2025-09-30 13:50:03,4.32,1261900,4.32,D
sz000100,TCL科技,2025-09-30 13:50:06,4.32,157700,4.32,U
sz000100,TCL科技,2025-09-30 13:50:09,4.32,32200,4.32,U
sz000100,TCL科技,2025-09-30 13:50:12,4.32,143100,4.32,U
sz000100,TCL科技,2025-09-30 13:50:18,4.32,26000,4.32,U
sz000100,TCL科技,2025-09-30 13:50:36,4.31,70500,4.31,D
sz000100,TCL科技,2025-09-30 13:50:39,4.32,34000,4.31,U
sz000100,TCL科技,2025-09-30 13:50:45,4.31,40900,4.31,D
sz000100,TCL科技,2025-09-30 13:51:03,4.32,105300,4.32,U
sz000100,TCL科技,2025-09-30 13:51:12,4.32,34500,4.32,U
sz000100,TCL科技,2025-09-30 13:51:30,4.31,200000,4.32,D
sz000100,TCL科技,2025-09-30 13:51:36,4.31,71500,4.31,D
sz000100,TCL科技,2025-09-30 13:51:42,4.32,56600,4.31,U
sz000100,TCL科技,2025-09-30 13:51:54,4.32,58400,4.31,U
sz000100,TCL科技,2025-09-30 13:52:00,4.31,45800,4.32,D
sz000100,TCL科技,2025-09-30 13:52:03,4.32,116100,4.31,U
sz000100,TCL科技,2025-09-30 13:52:18,4.31,22200,4.32,D
sz000100,TCL科技,2025-09-30 13:52:36,4.31,74800,4.32,D
sz000100,TCL科技,2025-09-30 13:53:03,4.31,143700,4.31,D
sz000100,TCL科技,2025-09-30 13:53:06,4.32,80200,4.31,U
sz000100,TCL科技,2025-09-30 13:53:09,4.31,22300,4.32,D
sz000100,TCL科技,2025-09-30 13:53:33,4.32,42100,4.32,U
sz000100,TCL科技,2025-09-30 13:53:36,4.31,73100,4.32,D
sz000100,TCL科技,2025-09-30 13:53:48,4.32,68900,4.32,U
sz000100,TCL科技,2025-09-30 13:53:51,4.32,24400,4.32,U
sz000100,TCL科技,2025-09-30 13:54:03,4.32,140700,4.31,U
sz000100,TCL科技,2025-09-30 13:54:12,4.32,35000,4.31,U
sz000100,TCL科技,2025-09-30 13:54:24,4.32,22100,4.32,U
sz000100,TCL科技,2025-09-30 13:54:30,4.31,29500,4.31,D
sz000100,TCL科技,2025-09-30 13:54:36,4.32,99800,4.32,U
sz000100,TCL科技,2025-09-30 13:54:39,4.31,133400,4.32,D
sz000100,TCL科技,2025-09-30 13:54:42,4.32,20200,4.31,U
sz000100,TCL科技,2025-09-30 13:55:03,4.31,48000,4.31,D
sz000100,TCL科技,2025-09-30 13:55:15,4.31,52900,4.32,D
sz000100,TCL科技,2025-09-30 13:55:18,4.31,62200,4.31,D
sz000100,TCL科技,2025-09-30 13:55:27,4.32,46000,4.31,U
sz000100,TCL科技,2025-09-30 13:55:33,4.32,26700,4.31,U
sz000100,TCL科技,2025-09-30 13:55:36,4.32,91900,4.32,U
sz000100,TCL科技,2025-09-30 13:55:57,4.31,30300,4.32,D
sz000100,TCL科技,2025-09-30 13:56:00,4.32,53000,4.31,U
sz000100,TCL科技,2025-09-30 13:56:03,4.32,49900,4.32,U
sz000100,TCL科技,2025-09-30 13:56:09,4.32,21600,4.31,U
sz000100,TCL科技,2025-09-30 13:56:21,4.31,25300,4.32,D
sz000100,TCL科技,2025-09-30 13:56:30,4.31,71800,4.31,D
sz000100,TCL科技,2025-09-30 13:56:33,4.31,1383300,4.31,D
sz000100,TCL科技,2025-09-30 13:56:36,4.31,65900,4.31,D
sz000100,TCL科技,2025-09-30 13:56:39,4.32,129300,4.31,U
sz000100,TCL科技,2025-09-30 13:56:45,4.32,61600,4.31,U
sz000100,TCL科技,2025-09-30 13:56:51,4.32,28000,4.32,U
sz000100,TCL科技,2025-09-30 13:57:03,4.31,41200,4.32,D
sz000100,TCL科技,2025-09-30 13:57:06,4.31,29400,4.31,D
sz000100,TCL科技,2025-09-30 13:57:09,4.31,50900,4.31,D
sz000100,TCL科技,2025-09-30 13:57:12,4.32,76800,4.31,U
sz000100,TCL科技,2025-09-30 13:57:15,4.32,27700,4.32,U
sz000100,TCL科技,2025-09-30 13:57:18,4.32,42900,4.32,U
sz000100,TCL科技,2025-09-30 13:57:21,4.32,22200,4.32,U
sz000100,TCL科技,2025-09-30 13:57:24,4.32,103400,4.32,U
sz000100,TCL科技,2025-09-30 13:57:33,4.32,356200,4.31,U
sz000100,TCL科技,2025-09-30 13:57:36,4.32,90600,4.32,U
sz000100,TCL科技,2025-09-30 13:57:42,4.32,62240,4.32,U
sz000100,TCL科技,2025-09-30 13:57:48,4.31,46600,4.32,D
sz000100,TCL科技,2025-09-30 13:57:54,4.31,21200,4.32,D
sz000100,TCL科技,2025-09-30 13:58:03,4.32,170300,4.31,U
sz000100,TCL科技,2025-09-30 13:58:18,4.32,88000,4.32,U
sz000100,TCL科技,2025-09-30 13:58:21,4.32,34900,4.32,U
sz000100,TCL科技,2025-09-30 13:58:27,4.31,23100,4.32,D
sz000100,TCL科技,2025-09-30 13:58:30,4.31,112100,4.31,D
sz000100,TCL科技,2025-09-30 13:58:36,4.32,84500,4.32,U
sz000100,TCL科技,2025-09-30 13:58:42,4.32,123700,4.32,U
sz000100,TCL科技,2025-09-30 13:58:45,4.32,59900,4.32,U
sz000100,TCL科技,2025-09-30 13:58:48,4.32,20600,4.32,U
sz000100,TCL科技,2025-09-30 13:58:51,4.31,26130,4.32,D
sz000100,TCL科技,2025-09-30 13:58:57,4.31,43500,4.32,D
sz000100,TCL科技,2025-09-30 13:59:00,4.32,33400,4.31,U
sz000100,TCL科技,2025-09-30 13:59:03,4.31,297200,4.32,D
sz000100,TCL科技,2025-09-30 13:59:06,4.32,59800,4.31,U
sz000100,TCL科技,2025-09-30 13:59:09,4.32,148100,4.32,U
sz000100,TCL科技,2025-09-30 13:59:12,4.32,26200,4.32,U
sz000100,TCL科技,2025-09-30 13:59:18,4.32,25000,4.32,U
sz000100,TCL科技,2025-09-30 13:59:21,4.32,23600,4.32,U
sz000100,TCL科技,2025-09-30 13:59:24,4.32,57500,4.32,U
sz000100,TCL科技,2025-09-30 13:59:30,4.32,38600,4.32,U
sz000100,TCL科技,2025-09-30 13:59:33,4.32,33200,4.32,U
sz000100,TCL科技,2025-09-30 13:59:36,4.32,95671,4.32,U
sz000100,TCL科技,2025-09-30 13:59:39,4.32,120900,4.32,U
sz000100,TCL科技,2025-09-30 13:59:42,4.32,38400,4.32,U
sz000100,TCL科技,2025-09-30 13:59:45,4.32,38000,4.32,U
sz000100,TCL科技,2025-09-30 13:59:51,4.32,53100,4.32,U
sz000100,TCL科技,2025-09-30 13:59:54,4.31,74300,4.32,D
sz000100,TCL科技,2025-09-30 14:00:09,4.31,53000,4.32,D
sz000100,TCL科技,2025-09-30 14:00:12,4.32,42800,4.31,U
sz000100,TCL科技,2025-09-30 14:00:21,4.32,31700,4.31,U
sz000100,TCL科技,2025-09-30 14:00:36,4.31,84300,4.31,D
sz000100,TCL科技,2025-09-30 14:00:39,4.32,137880,4.31,U
sz000100,TCL科技,2025-09-30 14:00:42,4.31,38300,4.32,D
sz000100,TCL科技,2025-09-30 14:01:06,4.31,22300,4.32,D
sz000100,TCL科技,2025-09-30 14:01:21,4.32,61100,4.32,U
sz000100,TCL科技,2025-09-30 14:01:30,4.32,35000,4.32,U
sz000100,TCL科技,2025-09-30 14:01:33,4.32,118200,4.32,U
sz000100,TCL科技,2025-09-30 14:01:36,4.31,198600,4.32,D
sz000100,TCL科技,2025-09-30 14:01:39,4.32,36000,4.31,U
sz000100,TCL科技,2025-09-30 14:01:42,4.32,22500,4.32,U
sz000100,TCL科技,2025-09-30 14:01:45,4.32,53800,4.32,U
sz000100,TCL科技,2025-09-30 14:02:03,4.32,86800,4.32,U
sz000100,TCL科技,2025-09-30 14:02:06,4.32,31600,4.32,U
sz000100,TCL科技,2025-09-30 14:02:09,4.32,61300,4.32,U
sz000100,TCL科技,2025-09-30 14:02:12,4.31,108800,4.32,D
sz000100,TCL科技,2025-09-30 14:02:15,4.32,184500,4.31,U
sz000100,TCL科技,2025-09-30 14:02:18,4.32,64000,4.32,U
sz000100,TCL科技,2025-09-30 14:02:21,4.32,36000,4.32,U
sz000100,TCL科技,2025-09-30 14:02:33,4.31,145400,4.32,D
sz000100,TCL科技,2025-09-30 14:02:39,4.32,79360,4.32,U
sz000100,TCL科技,2025-09-30 14:02:51,4.31,21300,4.32,D
sz000100,TCL科技,2025-09-30 14:02:54,4.31,68200,4.31,D
sz000100,TCL科技,2025-09-30 14:03:00,4.32,95700,4.32,U
sz000100,TCL科技,2025-09-30 14:03:03,4.31,224400,4.32,D
sz000100,TCL科技,2025-09-30 14:03:18,4.31,64900,4.32,D
sz000100,TCL科技,2025-09-30 14:03:27,4.32,62000,4.32,U
sz000100,TCL科技,2025-09-30 14:03:30,4.32,64800,4.32,U
sz000100,TCL科技,2025-09-30 14:03:33,4.32,128400,4.32,U
sz000100,TCL科技,2025-09-30 14:03:39,4.31,84600,4.31,D
sz000100,TCL科技,2025-09-30 14:03:42,4.31,23900,4.31,D
sz000100,TCL科技,2025-09-30 14:04:03,4.31,121900,4.31,D
sz000100,TCL科技,2025-09-30 14:04:06,4.32,21500,4.31,U
sz000100,TCL科技,2025-09-30 14:04:09,4.31,68600,4.32,D
sz000100,TCL科技,2025-09-30 14:04:12,4.32,37300,4.31,U
sz000100,TCL科技,2025-09-30 14:04:18,4.32,33800,4.31,U
sz000100,TCL科技,2025-09-30 14:04:24,4.31,25200,4.32,D
sz000100,TCL科技,2025-09-30 14:04:33,4.32,94400,4.31,U
sz000100,TCL科技,2025-09-30 14:04:36,4.32,211300,4.32,U
sz000100,TCL科技,2025-09-30 14:04:39,4.31,72700,4.32,D
sz000100,TCL科技,2025-09-30 14:04:54,4.31,27600,4.31,D
sz000100,TCL科技,2025-09-30 14:05:03,4.31,27900,4.31,D
sz000100,TCL科技,2025-09-30 14:05:18,4.32,27100,4.31,U
sz000100,TCL科技,2025-09-30 14:05:33,4.32,122400,4.31,U
sz000100,TCL科技,2025-09-30 14:05:36,4.32,242500,4.32,U
sz000100,TCL科技,2025-09-30 14:05:39,4.32,44100,4.32,U
sz000100,TCL科技,2025-09-30 14:05:42,4.31,24200,4.32,D
sz000100,TCL科技,2025-09-30 14:05:48,4.31,24100,4.31,D
sz000100,TCL科技,2025-09-30 14:05:54,4.32,25000,4.32,U
sz000100,TCL科技,2025-09-30 14:06:06,4.32,28700,4.32,U
sz000100,TCL科技,2025-09-30 14:06:18,4.31,87800,4.31,D
sz000100,TCL科技,2025-09-30 14:06:30,4.32,22100,4.31,U
sz000100,TCL科技,2025-09-30 14:06:33,4.32,104100,4.32,U
sz000100,TCL科技,2025-09-30 14:06:36,4.31,106900,4.32,D
sz000100,TCL科技,2025-09-30 14:06:39,4.31,32300,4.31,D
sz000100,TCL科技,2025-09-30 14:06:42,4.31,32300,4.31,D
sz000100,TCL科技,2025-09-30 14:06:45,4.32,22700,4.31,U
sz000100,TCL科技,2025-09-30 14:06:48,4.31,73130,4.32,D
sz000100,TCL科技,2025-09-30 14:07:03,4.31,146400,4.31,D
sz000100,TCL科技,2025-09-30 14:07:12,4.32,84700,4.32,U
sz000100,TCL科技,2025-09-30 14:07:18,4.31,68500,4.31,D
sz000100,TCL科技,2025-09-30 14:07:21,4.31,82700,4.31,D
sz000100,TCL科技,2025-09-30 14:07:33,4.31,76900,4.32,D
sz000100,TCL科技,2025-09-30 14:07:36,4.31,76300,4.31,D
sz000100,TCL科技,2025-09-30 14:07:45,4.32,29100,4.32,U
sz000100,TCL科技,2025-09-30 14:08:00,4.31,157300,4.32,D
sz000100,TCL科技,2025-09-30 14:08:03,4.32,265200,4.31,U
sz000100,TCL科技,2025-09-30 14:08:06,4.31,86800,4.32,D
sz000100,TCL科技,2025-09-30 14:08:12,4.32,24700,4.31,U
sz000100,TCL科技,2025-09-30 14:08:15,4.31,23900,4.32,D
sz000100,TCL科技,2025-09-30 14:08:18,4.31,22100,4.31,D
sz000100,TCL科技,2025-09-30 14:08:24,4.31,45600,4.31,D
sz000100,TCL科技,2025-09-30 14:08:30,4.32,31800,4.32,U
sz000100,TCL科技,2025-09-30 14:08:33,4.31,45200,4.32,D
sz000100,TCL科技,2025-09-30 14:08:36,4.31,79800,4.31,D
sz000100,TCL科技,2025-09-30 14:08:42,4.32,47200,4.31,U
sz000100,TCL科技,2025-09-30 14:08:48,4.32,27800,4.32,U
sz000100,TCL科技,2025-09-30 14:09:03,4.31,330200,4.32,D
sz000100,TCL科技,2025-09-30 14:09:06,4.31,22700,4.31,D
sz000100,TCL科技,2025-09-30 14:09:09,4.31,22400,4.31,D
sz000100,TCL科技,2025-09-30 14:09:12,4.32,67400,4.31,U
sz000100,TCL科技,2025-09-30 14:09:18,4.32,43800,4.32,U
sz000100,TCL科技,2025-09-30 14:09:21,4.31,62900,4.32,D
sz000100,TCL科技,2025-09-30 14:09:24,4.32,31070,4.31,U
sz000100,TCL科技,2025-09-30 14:09:39,4.32,120900,4.31,U
sz000100,TCL科技,2025-09-30 14:09:45,4.32,22900,4.32,U
sz000100,TCL科技,2025-09-30 14:09:51,4.32,32300,4.32,U
sz000100,TCL科技,2025-09-30 14:10:00,4.31,20100,4.31,D
sz000100,TCL科技,2025-09-30 14:10:03,4.31,200600,4.31,D
sz000100,TCL科技,2025-09-30 14:10:06,4.32,23900,4.31,U
sz000100,TCL科技,2025-09-30 14:10:12,4.31,33700,4.32,D
sz000100,TCL科技,2025-09-30 14:10:21,4.32,37200,4.31,U
sz000100,TCL科技,2025-09-30 14:10:33,4.32,105300,4.32,U
sz000100,TCL科技,2025-09-30 14:10:39,4.32,132000,4.32,U
sz000100,TCL科技,2025-09-30 14:10:42,4.32,92300,4.32,U
sz000100,TCL科技,2025-09-30 14:10:45,4.32,29500,4.32,U
sz000100,TCL科技,2025-09-30 14:10:51,4.32,72400,4.32,U
sz000100,TCL科技,2025-09-30 14:10:57,4.32,40400,4.32,U
sz000100,TCL科技,2025-09-30 14:11:00,4.31,23100,4.32,D
sz000100,TCL科技,2025-09-30 14:11:03,4.32,59100,4.31,U
sz000100,TCL科技,2025-09-30 14:11:06,4.32,27700,4.32,U
sz000100,TCL科技,2025-09-30 14:11:09,4.31,42600,4.32,D
sz000100,TCL科技,2025-09-30 14:11:15,4.31,110200,4.32,D
sz000100,TCL科技,2025-09-30 14:11:21,4.31,41700,4.31,D
sz000100,TCL科技,2025-09-30 14:11:30,4.31,45200,4.32,D
sz000100,TCL科技,2025-09-30 14:11:33,4.31,330500,4.31,D
sz000100,TCL科技,2025-09-30 14:11:36,4.32,25000,4.31,U
sz000100,TCL科技,2025-09-30 14:11:39,4.31,109800,4.32,D
sz000100,TCL科技,2025-09-30 14:11:42,4.32,33400,4.31,U
sz000100,TCL科技,2025-09-30 14:11:48,4.32,21400,4.32,U
sz000100,TCL科技,2025-09-30 14:11:51,4.31,22500,4.32,D
sz000100,TCL科技,2025-09-30 14:11:54,4.32,54600,4.31,U
sz000100,TCL科技,2025-09-30 14:12:00,4.32,62800,4.31,U
sz000100,TCL科技,2025-09-30 14:12:03,4.32,199900,4.32,U
sz000100,TCL科技,2025-09-30 14:12:09,4.32,59200,4.31,U
sz000100,TCL科技,2025-09-30 14:12:12,4.32,20800,4.32,U
sz000100,TCL科技,2025-09-30 14:12:21,4.31,24900,4.31,D
sz000100,TCL科技,2025-09-30 14:12:24,4.31,27400,4.31,D
sz000100,TCL科技,2025-09-30 14:12:33,4.32,273200,4.31,U
sz000100,TCL科技,2025-09-30 14:12:39,4.32,83500,4.32,U
sz000100,TCL科技,2025-09-30 14:12:42,4.32,51800,4.32,U
sz000100,TCL科技,2025-09-30 14:12:51,4.31,25700,4.32,D
sz000100,TCL科技,2025-09-30 14:12:54,4.31,23400,4.31,D
sz000100,TCL科技,2025-09-30 14:13:03,4.31,211700,4.31,D
sz000100,TCL科技,2025-09-30 14:13:06,4.32,50800,4.31,U
sz000100,TCL科技,2025-09-30 14:13:09,4.31,519400,4.32,D
sz000100,TCL科技,2025-09-30 14:13:12,4.31,466300,4.31,D
sz000100,TCL科技,2025-09-30 14:13:15,4.32,32100,4.31,U
sz000100,TCL科技,2025-09-30 14:13:18,4.31,72700,4.32,D
sz000100,TCL科技,2025-09-30 14:13:21,4.31,40800,4.31,D
sz000100,TCL科技,2025-09-30 14:13:27,4.32,29300,4.32,U
sz000100,TCL科技,2025-09-30 14:13:33,4.31,115500,4.32,D
sz000100,TCL科技,2025-09-30 14:13:36,4.32,44200,4.31,U
sz000100,TCL科技,2025-09-30 14:13:39,4.32,84800,4.32,U
sz000100,TCL科技,2025-09-30 14:13:42,4.31,63100,4.32,D
sz000100,TCL科技,2025-09-30 14:14:03,4.31,698700,4.31,D
sz000100,TCL科技,2025-09-30 14:14:06,4.31,57000,4.31,D
sz000100,TCL科技,2025-09-30 14:14:09,4.31,31900,4.31,D
sz000100,TCL科技,2025-09-30 14:14:12,4.31,129100,4.31,D
sz000100,TCL科技,2025-09-30 14:14:18,4.32,28600,4.32,U
sz000100,TCL科技,2025-09-30 14:14:30,4.32,46700,4.32,U
sz000100,TCL科技,2025-09-30 14:14:33,4.32,43700,4.32,U
sz000100,TCL科技,2025-09-30 14:14:36,4.31,38100,4.32,D
sz000100,TCL科技,2025-09-30 14:14:39,4.31,128900,4.31,D
sz000100,TCL科技,2025-09-30 14:15:00,4.32,50900,4.31,U
sz000100,TCL科技,2025-09-30 14:15:03,4.31,255500,4.32,D
sz000100,TCL科技,2025-09-30 14:15:09,4.31,41200,4.32,D
sz000100,TCL科技,2025-09-30 14:15:15,4.32,101300,4.31,U
sz000100,TCL科技,2025-09-30 14:15:21,4.31,102200,4.31,D
sz000100,TCL科技,2025-09-30 14:15:24,4.31,20100,4.31,D
sz000100,TCL科技,2025-09-30 14:15:30,4.31,22100,4.32,D
sz000100,TCL科技,2025-09-30 14:15:33,4.32,70500,4.31,U
sz000100,TCL科技,2025-09-30 14:15:36,4.31,43800,4.32,D
sz000100,TCL科技,2025-09-30 14:15:39,4.31,76100,4.31,D
sz000100,TCL科技,2025-09-30 14:15:54,4.32,49600,4.31,U
sz000100,TCL科技,2025-09-30 14:16:00,4.32,23200,4.32,U
sz000100,TCL科技,2025-09-30 14:16:03,4.31,398300,4.32,D
sz000100,TCL科技,2025-09-30 14:16:06,4.31,48800,4.31,D
sz000100,TCL科技,2025-09-30 14:16:27,4.31,20100,4.32,D
sz000100,TCL科技,2025-09-30 14:16:33,4.31,72900,4.31,D
sz000100,TCL科技,2025-09-30 14:16:39,4.31,71900,4.32,D
sz000100,TCL科技,2025-09-30 14:16:42,4.31,24600,4.31,D
