symbol,name,ticktime,price,volume,prev_price,kind
sz000100,TCL科技,2025-09-18 09:25:00,4.38,772300,0.0,U
sz000100,TCL科技,2025-09-18 09:30:00,4.38,243200,4.38,U
sz000100,TCL科技,2025-09-18 09:30:03,4.37,805350,4.38,D
sz000100,TCL科技,2025-09-18 09:30:06,4.37,204870,4.37,D
sz000100,TCL科技,2025-09-18 09:30:09,4.37,745900,4.37,D
sz000100,TCL科技,2025-09-18 09:30:12,4.38,202300,4.37,U
sz000100,TCL科技,2025-09-18 09:30:15,4.37,58500,4.38,D
sz000100,TCL科技,2025-09-18 09:30:18,4.38,129700,4.37,U
sz000100,TCL科技,2025-09-18 09:30:21,4.37,327600,4.38,D
sz000100,TCL科技,2025-09-18 09:30:24,4.37,609900,4.37,D
sz000100,TCL科技,2025-09-18 09:30:27,4.37,134280,4.37,D
sz000100,TCL科技,2025-09-18 09:30:30,4.37,108800,4.37,U
sz000100,TCL科技,2025-09-18 09:30:39,4.37,25000,4.37,U
sz000100,TCL科技,2025-09-18 09:30:42,4.36,21700,4.37,D
sz000100,TCL科技,2025-09-18 09:30:45,4.36,238400,4.36,D
sz000100,TCL科技,2025-09-18 09:30:48,4.37,1207000,4.36,U
sz000100,TCL科技,2025-09-18 09:30:51,4.36,38100,4.37,D
sz000100,TCL科技,2025-09-18 09:30:54,4.36,76800,4.36,D
sz000100,TCL科技,2025-09-18 09:30:57,4.36,36400,4.36,D
sz000100,TCL科技,2025-09-18 09:31:00,4.36,136500,4.36,D
sz000100,TCL科技,2025-09-18 09:31:03,4.36,2540600,4.36,D
sz000100,TCL科技,2025-09-18 09:31:06,4.35,74800,4.36,D
sz000100,TCL科技,2025-09-18 09:31:09,4.36,38600,4.35,U
sz000100,TCL科技,2025-09-18 09:31:12,4.36,62300,4.36,U
sz000100,TCL科技,2025-09-18 09:31:15,4.35,39000,4.36,D
sz000100,TCL科技,2025-09-18 09:31:18,4.35,76000,4.35,D
sz000100,TCL科技,2025-09-18 09:31:21,4.35,232100,4.35,D
sz000100,TCL科技,2025-09-18 09:31:24,4.36,56100,4.35,U
sz000100,TCL科技,2025-09-18 09:31:27,4.36,662200,4.36,U
sz000100,TCL科技,2025-09-18 09:31:30,4.35,44300,4.36,D
sz000100,TCL科技,2025-09-18 09:31:36,4.36,27300,4.35,U
sz000100,TCL科技,2025-09-18 09:31:39,4.35,559700,4.36,D
sz000100,TCL科技,2025-09-18 09:31:45,4.35,128800,4.35,D
sz000100,TCL科技,2025-09-18 09:31:48,4.35,37100,4.35,D
sz000100,TCL科技,2025-09-18 09:31:51,4.35,28400,4.35,D
sz000100,TCL科技,2025-09-18 09:31:54,4.35,511700,4.35,D
sz000100,TCL科技,2025-09-18 09:31:57,4.35,22000,4.35,D
sz000100,TCL科技,2025-09-18 09:32:03,4.36,53000,4.36,U
sz000100,TCL科技,2025-09-18 09:32:06,4.36,48200,4.36,U
sz000100,TCL科技,2025-09-18 09:32:09,4.35,63650,4.36,D
sz000100,TCL科技,2025-09-18 09:32:12,4.35,92000,4.35,D
sz000100,TCL科技,2025-09-18 09:32:15,4.36,2296010,4.35,U
sz000100,TCL科技,2025-09-18 09:32:18,4.36,42200,4.36,D
sz000100,TCL科技,2025-09-18 09:32:21,4.37,74200,4.36,U
sz000100,TCL科技,2025-09-18 09:32:24,4.37,77700,4.37,U
sz000100,TCL科技,2025-09-18 09:32:39,4.37,25800,4.37,U
sz000100,TCL科技,2025-09-18 09:32:42,4.37,47900,4.37,U
sz000100,TCL科技,2025-09-18 09:32:45,4.36,48900,4.37,D
sz000100,TCL科技,2025-09-18 09:32:48,4.36,72000,4.36,D
sz000100,TCL科技,2025-09-18 09:32:51,4.37,52100,4.36,U
sz000100,TCL科技,2025-09-18 09:32:54,4.37,119900,4.37,U
sz000100,TCL科技,2025-09-18 09:32:57,4.37,46400,4.37,U
sz000100,TCL科技,2025-09-18 09:33:00,4.36,47400,4.37,D
sz000100,TCL科技,2025-09-18 09:33:03,4.36,593400,4.36,D
sz000100,TCL科技,2025-09-18 09:33:06,4.36,243000,4.36,D
sz000100,TCL科技,2025-09-18 09:33:09,4.36,241700,4.36,D
sz000100,TCL科技,2025-09-18 09:33:12,4.36,245400,4.36,D
sz000100,TCL科技,2025-09-18 09:33:15,4.36,190400,4.36,D
sz000100,TCL科技,2025-09-18 09:33:18,4.37,163400,4.36,U
sz000100,TCL科技,2025-09-18 09:33:21,4.36,66700,4.37,D
sz000100,TCL科技,2025-09-18 09:33:24,4.36,82900,4.36,D
sz000100,TCL科技,2025-09-18 09:33:27,4.37,71500,4.36,U
sz000100,TCL科技,2025-09-18 09:33:33,4.37,208800,4.37,U
sz000100,TCL科技,2025-09-18 09:33:36,4.37,117600,4.37,U
sz000100,TCL科技,2025-09-18 09:33:39,4.36,26600,4.37,D
sz000100,TCL科技,2025-09-18 09:33:42,4.37,50500,4.36,U
sz000100,TCL科技,2025-09-18 09:33:45,4.36,36700,4.37,D
sz000100,TCL科技,2025-09-18 09:33:48,4.37,36500,4.36,U
sz000100,TCL科技,2025-09-18 09:33:51,4.37,40500,4.37,U
sz000100,TCL科技,2025-09-18 09:33:54,4.37,27700,4.37,U
sz000100,TCL科技,2025-09-18 09:33:57,4.37,25300,4.37,U
sz000100,TCL科技,2025-09-18 09:34:00,4.37,58300,4.37,U
sz000100,TCL科技,2025-09-18 09:34:03,4.37,87700,4.37,U
sz000100,TCL科技,2025-09-18 09:34:06,4.37,69900,4.37,U
sz000100,TCL科技,2025-09-18 09:34:12,4.37,28600,4.37,U
sz000100,TCL科技,2025-09-18 09:34:15,4.37,50100,4.37,U
sz000100,TCL科技,2025-09-18 09:34:18,4.36,105200,4.37,D
sz000100,TCL科技,2025-09-18 09:34:27,4.36,21200,4.37,D
sz000100,TCL科技,2025-09-18 09:34:36,4.36,31600,4.37,D
sz000100,TCL科技,2025-09-18 09:34:39,4.36,30500,4.36,D
sz000100,TCL科技,2025-09-18 09:34:45,4.36,540200,4.36,D
sz000100,TCL科技,2025-09-18 09:34:48,4.37,29400,4.36,U
sz000100,TCL科技,2025-09-18 09:34:51,4.37,30500,4.37,U
sz000100,TCL科技,2025-09-18 09:34:54,4.37,27500,4.37,U
sz000100,TCL科技,2025-09-18 09:34:57,4.36,117400,4.37,D
sz000100,TCL科技,2025-09-18 09:35:06,4.37,31300,4.36,U
sz000100,TCL科技,2025-09-18 09:35:15,4.37,57700,4.36,U
sz000100,TCL科技,2025-09-18 09:35:18,4.37,102400,4.37,U
sz000100,TCL科技,2025-09-18 09:35:21,4.37,24870,4.37,U
sz000100,TCL科技,2025-09-18 09:35:27,4.36,41500,4.37,D
sz000100,TCL科技,2025-09-18 09:35:30,4.37,38100,4.36,U
sz000100,TCL科技,2025-09-18 09:35:33,4.36,56600,4.37,D
sz000100,TCL科技,2025-09-18 09:35:36,4.36,34700,4.36,D
sz000100,TCL科技,2025-09-18 09:35:39,4.36,30000,4.36,D
sz000100,TCL科技,2025-09-18 09:35:42,4.36,24300,4.36,D
sz000100,TCL科技,2025-09-18 09:35:45,4.36,94440,4.36,D
sz000100,TCL科技,2025-09-18 09:35:48,4.37,52200,4.36,U
sz000100,TCL科技,2025-09-18 09:35:51,4.36,106900,4.37,D
sz000100,TCL科技,2025-09-18 09:35:54,4.37,23500,4.36,U
sz000100,TCL科技,2025-09-18 09:35:57,4.36,576700,4.37,D
sz000100,TCL科技,2025-09-18 09:36:00,4.37,62800,4.36,U
sz000100,TCL科技,2025-09-18 09:36:03,4.36,33200,4.37,D
sz000100,TCL科技,2025-09-18 09:36:06,4.37,59000,4.36,U
sz000100,TCL科技,2025-09-18 09:36:09,4.36,21000,4.37,D
sz000100,TCL科技,2025-09-18 09:36:12,4.36,30900,4.36,D
sz000100,TCL科技,2025-09-18 09:36:15,4.36,27600,4.36,D
sz000100,TCL科技,2025-09-18 09:36:21,4.37,83800,4.36,U
sz000100,TCL科技,2025-09-18 09:36:24,4.38,2404250,4.37,U
sz000100,TCL科技,2025-09-18 09:36:30,4.38,219200,4.37,U
sz000100,TCL科技,2025-09-18 09:36:36,4.37,34600,4.37,D
sz000100,TCL科技,2025-09-18 09:36:39,4.37,75200,4.37,D
sz000100,TCL科技,2025-09-18 09:36:42,4.38,30500,4.37,U
sz000100,TCL科技,2025-09-18 09:36:54,4.38,22300,4.38,U
sz000100,TCL科技,2025-09-18 09:37:00,4.38,41300,4.38,U
sz000100,TCL科技,2025-09-18 09:37:03,4.38,85300,4.38,U
sz000100,TCL科技,2025-09-18 09:37:06,4.37,22100,4.38,D
sz000100,TCL科技,2025-09-18 09:37:09,4.38,334600,4.37,U
sz000100,TCL科技,2025-09-18 09:37:12,4.37,44200,4.38,D
sz000100,TCL科技,2025-09-18 09:37:15,4.37,38500,4.37,D
sz000100,TCL科技,2025-09-18 09:37:18,4.37,762000,4.37,D
sz000100,TCL科技,2025-09-18 09:37:21,4.37,148800,4.37,D
sz000100,TCL科技,2025-09-18 09:37:24,4.37,36200,4.37,D
sz000100,TCL科技,2025-09-18 09:37:27,4.37,56500,4.37,D
sz000100,TCL科技,2025-09-18 09:37:30,4.37,176600,4.37,D
sz000100,TCL科技,2025-09-18 09:37:33,4.37,49300,4.37,U
sz000100,TCL科技,2025-09-18 09:37:39,4.37,34800,4.37,U
sz000100,TCL科技,2025-09-18 09:37:45,4.36,74300,4.37,D
sz000100,TCL科技,2025-09-18 09:37:48,4.37,29800,4.36,U
sz000100,TCL科技,2025-09-18 09:37:54,4.36,77100,4.36,D
sz000100,TCL科技,2025-09-18 09:37:57,4.36,20300,4.36,D
sz000100,TCL科技,2025-09-18 09:38:12,4.36,42900,4.36,D
sz000100,TCL科技,2025-09-18 09:38:15,4.37,37900,4.36,U
sz000100,TCL科技,2025-09-18 09:38:18,4.37,32700,4.37,U
sz000100,TCL科技,2025-09-18 09:38:24,4.36,63300,4.37,D
sz000100,TCL科技,2025-09-18 09:38:39,4.37,34800,4.37,U
sz000100,TCL科技,2025-09-18 09:38:45,4.36,29500,4.36,D
sz000100,TCL科技,2025-09-18 09:38:54,4.37,176300,4.36,U
sz000100,TCL科技,2025-09-18 09:38:57,4.37,110300,4.37,U
sz000100,TCL科技,2025-09-18 09:39:00,4.37,68900,4.37,U
sz000100,TCL科技,2025-09-18 09:39:03,4.36,52900,4.37,D
sz000100,TCL科技,2025-09-18 09:39:09,4.37,1315500,4.36,U
sz000100,TCL科技,2025-09-18 09:39:12,4.37,26100,4.37,D
sz000100,TCL科技,2025-09-18 09:39:15,4.38,22200,4.37,U
sz000100,TCL科技,2025-09-18 09:39:18,4.38,22000,4.38,U
sz000100,TCL科技,2025-09-18 09:39:21,4.38,23600,4.38,U
sz000100,TCL科技,2025-09-18 09:39:24,4.37,130300,4.38,D
sz000100,TCL科技,2025-09-18 09:39:33,4.38,27700,4.38,U
sz000100,TCL科技,2025-09-18 09:39:36,4.37,57800,4.38,D
sz000100,TCL科技,2025-09-18 09:39:39,4.37,116500,4.37,D
sz000100,TCL科技,2025-09-18 09:39:42,4.37,52700,4.37,D
sz000100,TCL科技,2025-09-18 09:39:45,4.37,20500,4.37,D
sz000100,TCL科技,2025-09-18 09:39:48,4.37,28300,4.37,D
sz000100,TCL科技,2025-09-18 09:39:54,4.37,53300,4.37,D
sz000100,TCL科技,2025-09-18 09:40:00,4.38,35420,4.37,U
sz000100,TCL科技,2025-09-18 09:40:03,4.37,146700,4.38,D
sz000100,TCL科技,2025-09-18 09:40:06,4.37,60460,4.37,D
sz000100,TCL科技,2025-09-18 09:40:09,4.37,54800,4.37,D
sz000100,TCL科技,2025-09-18 09:40:15,4.37,39300,4.37,D
sz000100,TCL科技,2025-09-18 09:40:18,4.37,51100,4.37,D
sz000100,TCL科技,2025-09-18 09:40:27,4.38,4750310,4.38,U
sz000100,TCL科技,2025-09-18 09:40:30,4.39,43700,4.38,U
sz000100,TCL科技,2025-09-18 09:40:36,4.38,24100,4.39,D
sz000100,TCL科技,2025-09-18 09:40:39,4.39,40000,4.38,U
sz000100,TCL科技,2025-09-18 09:40:45,4.39,40100,4.39,U
sz000100,TCL科技,2025-09-18 09:40:48,4.39,463100,4.39,U
sz000100,TCL科技,2025-09-18 09:40:51,4.39,188200,4.39,U
sz000100,TCL科技,2025-09-18 09:40:54,4.39,167900,4.39,U
sz000100,TCL科技,2025-09-18 09:40:57,4.39,921400,4.39,U
sz000100,TCL科技,2025-09-18 09:41:00,4.39,61280,4.39,U
sz000100,TCL科技,2025-09-18 09:41:03,4.38,44500,4.39,D
sz000100,TCL科技,2025-09-18 09:41:06,4.39,207800,4.38,U
sz000100,TCL科技,2025-09-18 09:41:09,4.39,109600,4.39,U
sz000100,TCL科技,2025-09-18 09:41:12,4.39,172700,4.39,U
sz000100,TCL科技,2025-09-18 09:41:15,4.39,1794100,4.39,U
sz000100,TCL科技,2025-09-18 09:41:18,4.39,1226370,4.39,D
sz000100,TCL科技,2025-09-18 09:41:21,4.39,30000,4.39,D
sz000100,TCL科技,2025-09-18 09:41:24,4.41,8369070,4.39,U
sz000100,TCL科技,2025-09-18 09:41:27,4.4,431700,4.41,D
sz000100,TCL科技,2025-09-18 09:41:30,4.41,296700,4.4,U
sz000100,TCL科技,2025-09-18 09:41:33,4.41,207700,4.41,U
sz000100,TCL科技,2025-09-18 09:41:36,4.41,533800,4.41,U
sz000100,TCL科技,2025-09-18 09:41:39,4.41,184400,4.41,U
sz000100,TCL科技,2025-09-18 09:41:42,4.41,344600,4.41,U
sz000100,TCL科技,2025-09-18 09:41:45,4.41,190600,4.41,U
sz000100,TCL科技,2025-09-18 09:41:48,4.41,289000,4.41,U
sz000100,TCL科技,2025-09-18 09:41:51,4.41,737100,4.41,U
sz000100,TCL科技,2025-09-18 09:41:54,4.4,486500,4.41,D
sz000100,TCL科技,2025-09-18 09:41:57,4.41,1229900,4.4,U
sz000100,TCL科技,2025-09-18 09:42:00,4.41,111400,4.41,U
sz000100,TCL科技,2025-09-18 09:42:03,4.41,741200,4.41,U
sz000100,TCL科技,2025-09-18 09:42:06,4.41,556400,4.41,D
sz000100,TCL科技,2025-09-18 09:42:09,4.41,279500,4.41,D
sz000100,TCL科技,2025-09-18 09:42:12,4.42,559800,4.41,U
sz000100,TCL科技,2025-09-18 09:42:15,4.41,309200,4.42,D
sz000100,TCL科技,2025-09-18 09:42:18,4.42,398310,4.41,U
sz000100,TCL科技,2025-09-18 09:42:21,4.41,294100,4.42,D
sz000100,TCL科技,2025-09-18 09:42:24,4.41,191875,4.41,D
sz000100,TCL科技,2025-09-18 09:42:27,4.41,294600,4.41,D
sz000100,TCL科技,2025-09-18 09:42:30,4.41,258300,4.41,D
sz000100,TCL科技,2025-09-18 09:42:33,4.42,263920,4.41,U
sz000100,TCL科技,2025-09-18 09:42:36,4.42,414000,4.42,U
sz000100,TCL科技,2025-09-18 09:42:39,4.41,265300,4.42,D
sz000100,TCL科技,2025-09-18 09:42:42,4.41,208000,4.41,D
sz000100,TCL科技,2025-09-18 09:42:45,4.42,218700,4.41,U
sz000100,TCL科技,2025-09-18 09:42:48,4.42,101800,4.42,U
sz000100,TCL科技,2025-09-18 09:42:51,4.42,95800,4.42,U
sz000100,TCL科技,2025-09-18 09:42:54,4.42,288300,4.42,U
sz000100,TCL科技,2025-09-18 09:42:57,4.41,50400,4.42,D
sz000100,TCL科技,2025-09-18 09:43:00,4.42,320500,4.41,U
sz000100,TCL科技,2025-09-18 09:43:03,4.42,49400,4.42,U
sz000100,TCL科技,2025-09-18 09:43:06,4.42,171300,4.42,U
sz000100,TCL科技,2025-09-18 09:43:09,4.41,92500,4.42,D
sz000100,TCL科技,2025-09-18 09:43:12,4.41,73200,4.41,D
sz000100,TCL科技,2025-09-18 09:43:15,4.43,6799363,4.41,U
sz000100,TCL科技,2025-09-18 09:43:18,4.42,702900,4.43,D
sz000100,TCL科技,2025-09-18 09:43:21,4.43,412200,4.42,U
sz000100,TCL科技,2025-09-18 09:43:24,4.42,1799980,4.43,D
sz000100,TCL科技,2025-09-18 09:43:27,4.43,626700,4.42,U
sz000100,TCL科技,2025-09-18 09:43:30,4.43,611700,4.43,U
sz000100,TCL科技,2025-09-18 09:43:33,4.42,321700,4.43,D
sz000100,TCL科技,2025-09-18 09:43:36,4.43,325500,4.42,U
sz000100,TCL科技,2025-09-18 09:43:39,4.42,631400,4.43,D
sz000100,TCL科技,2025-09-18 09:43:42,4.43,308000,4.42,U
sz000100,TCL科技,2025-09-18 09:43:45,4.43,283340,4.43,U
sz000100,TCL科技,2025-09-18 09:43:48,4.43,341400,4.43,U
sz000100,TCL科技,2025-09-18 09:43:51,4.43,63300,4.43,U
sz000100,TCL科技,2025-09-18 09:43:54,4.43,183100,4.43,U
sz000100,TCL科技,2025-09-18 09:43:57,4.43,1006200,4.43,U
sz000100,TCL科技,2025-09-18 09:44:00,4.43,401700,4.43,U
sz000100,TCL科技,2025-09-18 09:44:03,4.43,127400,4.43,U
sz000100,TCL科技,2025-09-18 09:44:06,4.43,682900,4.43,U
sz000100,TCL科技,2025-09-18 09:44:09,4.42,499300,4.43,D
sz000100,TCL科技,2025-09-18 09:44:12,4.43,738500,4.42,U
sz000100,TCL科技,2025-09-18 09:44:15,4.43,338100,4.43,U
sz000100,TCL科技,2025-09-18 09:44:18,4.42,271000,4.43,D
sz000100,TCL科技,2025-09-18 09:44:21,4.43,297700,4.42,U
sz000100,TCL科技,2025-09-18 09:44:24,4.43,201000,4.43,U
sz000100,TCL科技,2025-09-18 09:44:27,4.43,373800,4.43,U
sz000100,TCL科技,2025-09-18 09:44:30,4.42,61500,4.43,D
sz000100,TCL科技,2025-09-18 09:44:33,4.43,175100,4.42,U
sz000100,TCL科技,2025-09-18 09:44:36,4.43,906200,4.43,U
sz000100,TCL科技,2025-09-18 09:44:39,4.42,53600,4.43,D
sz000100,TCL科技,2025-09-18 09:44:42,4.42,92000,4.42,D
sz000100,TCL科技,2025-09-18 09:44:45,4.43,187700,4.42,U
sz000100,TCL科技,2025-09-18 09:44:48,4.42,253700,4.43,D
sz000100,TCL科技,2025-09-18 09:44:51,4.42,258200,4.42,D
sz000100,TCL科技,2025-09-18 09:44:54,4.42,143500,4.42,D
sz000100,TCL科技,2025-09-18 09:44:57,4.42,59500,4.42,D
sz000100,TCL科技,2025-09-18 09:45:00,4.42,1198000,4.42,D
sz000100,TCL科技,2025-09-18 09:45:03,4.42,973800,4.42,D
sz000100,TCL科技,2025-09-18 09:45:06,4.42,413880,4.42,D
sz000100,TCL科技,2025-09-18 09:45:09,4.42,1562430,4.42,U
sz000100,TCL科技,2025-09-18 09:45:12,4.42,275200,4.42,D
sz000100,TCL科技,2025-09-18 09:45:15,4.42,293800,4.42,D
sz000100,TCL科技,2025-09-18 09:45:18,4.42,437300,4.42,D
sz000100,TCL科技,2025-09-18 09:45:21,4.42,486200,4.42,D
sz000100,TCL科技,2025-09-18 09:45:24,4.42,339700,4.42,D
sz000100,TCL科技,2025-09-18 09:45:27,4.42,442000,4.42,D
sz000100,TCL科技,2025-09-18 09:45:30,4.42,271500,4.42,D
sz000100,TCL科技,2025-09-18 09:45:33,4.42,356400,4.42,D
sz000100,TCL科技,2025-09-18 09:45:36,4.42,268700,4.42,D
sz000100,TCL科技,2025-09-18 09:45:39,4.42,126800,4.42,D
sz000100,TCL科技,2025-09-18 09:45:42,4.42,196800,4.42,D
sz000100,TCL科技,2025-09-18 09:45:45,4.42,195900,4.42,D
sz000100,TCL科技,2025-09-18 09:45:48,4.42,278100,4.42,D
sz000100,TCL科技,2025-09-18 09:45:51,4.43,183000,4.42,U
sz000100,TCL科技,2025-09-18 09:45:54,4.42,122400,4.43,D
sz000100,TCL科技,2025-09-18 09:45:57,4.42,154800,4.42,D
sz000100,TCL科技,2025-09-18 09:46:00,4.42,891900,4.42,D
sz000100,TCL科技,2025-09-18 09:46:03,4.42,48700,4.42,D
sz000100,TCL科技,2025-09-18 09:46:06,4.42,352740,4.42,U
sz000100,TCL科技,2025-09-18 09:46:09,4.42,332800,4.42,D
sz000100,TCL科技,2025-09-18 09:46:12,4.42,216200,4.42,U
sz000100,TCL科技,2025-09-18 09:46:15,4.42,236420,4.42,U
sz000100,TCL科技,2025-09-18 09:46:18,4.42,119900,4.42,D
sz000100,TCL科技,2025-09-18 09:46:21,4.42,122600,4.42,D
sz000100,TCL科技,2025-09-18 09:46:24,4.42,66000,4.42,D
sz000100,TCL科技,2025-09-18 09:46:27,4.42,134900,4.42,D
sz000100,TCL科技,2025-09-18 09:46:30,4.42,89500,4.42,D
sz000100,TCL科技,2025-09-18 09:46:33,4.42,145920,4.42,D
sz000100,TCL科技,2025-09-18 09:46:36,4.43,83800,4.42,U
sz000100,TCL科技,2025-09-18 09:46:39,4.42,161500,4.43,D
sz000100,TCL科技,2025-09-18 09:46:42,4.42,83500,4.42,D
sz000100,TCL科技,2025-09-18 09:46:45,4.42,429100,4.42,D
sz000100,TCL科技,2025-09-18 09:46:48,4.43,80800,4.42,U
sz000100,TCL科技,2025-09-18 09:46:51,4.43,132900,4.43,U
sz000100,TCL科技,2025-09-18 09:46:54,4.43,181500,4.43,U
sz000100,TCL科技,2025-09-18 09:46:57,4.42,193300,4.43,D
sz000100,TCL科技,2025-09-18 09:47:00,4.42,311800,4.42,D
sz000100,TCL科技,2025-09-18 09:47:03,4.42,49900,4.42,U
sz000100,TCL科技,2025-09-18 09:47:06,4.42,83300,4.42,U
sz000100,TCL科技,2025-09-18 09:47:09,4.42,161600,4.42,U
sz000100,TCL科技,2025-09-18 09:47:15,4.42,156400,4.42,U
sz000100,TCL科技,2025-09-18 09:47:18,4.41,82900,4.42,D
sz000100,TCL科技,2025-09-18 09:47:24,4.42,43900,4.41,U
sz000100,TCL科技,2025-09-18 09:47:27,4.42,112600,4.42,U
sz000100,TCL科技,2025-09-18 09:47:30,4.41,25000,4.42,D
sz000100,TCL科技,2025-09-18 09:47:33,4.42,30500,4.41,U
sz000100,TCL科技,2025-09-18 09:47:36,4.41,43500,4.42,D
sz000100,TCL科技,2025-09-18 09:47:39,4.41,48600,4.41,D
sz000100,TCL科技,2025-09-18 09:47:42,4.41,25300,4.41,D
sz000100,TCL科技,2025-09-18 09:47:45,4.41,57370,4.41,D
sz000100,TCL科技,2025-09-18 09:47:48,4.42,35200,4.41,U
sz000100,TCL科技,2025-09-18 09:47:51,4.41,103700,4.42,D
sz000100,TCL科技,2025-09-18 09:47:54,4.41,73900,4.41,D
sz000100,TCL科技,2025-09-18 09:47:57,4.42,109000,4.41,U
sz000100,TCL科技,2025-09-18 09:48:00,4.41,38400,4.42,D
sz000100,TCL科技,2025-09-18 09:48:03,4.41,47600,4.41,D
sz000100,TCL科技,2025-09-18 09:48:06,4.41,56900,4.41,D
sz000100,TCL科技,2025-09-18 09:48:09,4.42,52700,4.41,U
sz000100,TCL科技,2025-09-18 09:48:12,4.42,51000,4.42,U
sz000100,TCL科技,2025-09-18 09:48:15,4.41,115000,4.42,D
sz000100,TCL科技,2025-09-18 09:48:18,4.41,33800,4.41,D
sz000100,TCL科技,2025-09-18 09:48:21,4.41,639700,4.41,D
sz000100,TCL科技,2025-09-18 09:48:24,4.41,95100,4.41,D
sz000100,TCL科技,2025-09-18 09:48:30,4.41,75700,4.42,D
sz000100,TCL科技,2025-09-18 09:48:33,4.41,23800,4.41,D
sz000100,TCL科技,2025-09-18 09:48:36,4.41,32300,4.41,D
sz000100,TCL科技,2025-09-18 09:48:39,4.41,53900,4.41,D
sz000100,TCL科技,2025-09-18 09:48:42,4.41,54800,4.41,D
sz000100,TCL科技,2025-09-18 09:48:45,4.42,86700,4.41,U
sz000100,TCL科技,2025-09-18 09:48:48,4.41,62100,4.42,D
sz000100,TCL科技,2025-09-18 09:48:51,4.41,60600,4.41,D
sz000100,TCL科技,2025-09-18 09:48:54,4.41,88100,4.41,D
sz000100,TCL科技,2025-09-18 09:48:57,4.42,33800,4.41,U
sz000100,TCL科技,2025-09-18 09:49:00,4.41,45600,4.42,D
sz000100,TCL科技,2025-09-18 09:49:03,4.42,82900,4.41,U
sz000100,TCL科技,2025-09-18 09:49:06,4.41,86700,4.42,D
sz000100,TCL科技,2025-09-18 09:49:09,4.42,104300,4.41,U
sz000100,TCL科技,2025-09-18 09:49:12,4.41,41400,4.42,D
sz000100,TCL科技,2025-09-18 09:49:18,4.42,39200,4.42,U
sz000100,TCL科技,2025-09-18 09:49:21,4.41,21000,4.42,D
sz000100,TCL科技,2025-09-18 09:49:24,4.41,44300,4.41,D
sz000100,TCL科技,2025-09-18 09:49:27,4.42,35400,4.41,U
sz000100,TCL科技,2025-09-18 09:49:30,4.41,52900,4.42,D
sz000100,TCL科技,2025-09-18 09:49:39,4.41,31500,4.41,D
sz000100,TCL科技,2025-09-18 09:49:42,4.41,22200,4.41,D
sz000100,TCL科技,2025-09-18 09:49:45,4.41,25800,4.41,D
sz000100,TCL科技,2025-09-18 09:49:48,4.41,63200,4.41,D
sz000100,TCL科技,2025-09-18 09:49:51,4.42,47000,4.41,U
sz000100,TCL科技,2025-09-18 09:49:54,4.41,72910,4.42,D
sz000100,TCL科技,2025-09-18 09:49:57,4.42,102600,4.41,U
sz000100,TCL科技,2025-09-18 09:50:00,4.41,45200,4.42,D
sz000100,TCL科技,2025-09-18 09:50:03,4.41,66500,4.41,D
sz000100,TCL科技,2025-09-18 09:50:06,4.42,117700,4.41,U
sz000100,TCL科技,2025-09-18 09:50:09,4.41,85700,4.42,D
sz000100,TCL科技,2025-09-18 09:50:15,4.41,42300,4.42,D
sz000100,TCL科技,2025-09-18 09:50:18,4.41,42200,4.41,D
sz000100,TCL科技,2025-09-18 09:50:21,4.42,86500,4.41,U
sz000100,TCL科技,2025-09-18 09:50:24,4.41,262900,4.42,D
sz000100,TCL科技,2025-09-18 09:50:27,4.42,338600,4.41,U
sz000100,TCL科技,2025-09-18 09:50:30,4.42,186500,4.42,U
sz000100,TCL科技,2025-09-18 09:50:33,4.42,44400,4.42,U
sz000100,TCL科技,2025-09-18 09:50:36,4.42,22200,4.42,U
sz000100,TCL科技,2025-09-18 09:50:39,4.42,42900,4.42,U
sz000100,TCL科技,2025-09-18 09:50:42,4.42,37300,4.42,U
sz000100,TCL科技,2025-09-18 09:50:45,4.41,75200,4.42,D
sz000100,TCL科技,2025-09-18 09:50:51,4.42,78800,4.41,U
sz000100,TCL科技,2025-09-18 09:50:54,4.41,29800,4.42,D
sz000100,TCL科技,2025-09-18 09:50:57,4.41,74100,4.41,D
sz000100,TCL科技,2025-09-18 09:51:00,4.42,26300,4.41,U
sz000100,TCL科技,2025-09-18 09:51:03,4.41,51600,4.42,D
sz000100,TCL科技,2025-09-18 09:51:09,4.41,91700,4.41,D
sz000100,TCL科技,2025-09-18 09:51:12,4.41,80840,4.41,D
sz000100,TCL科技,2025-09-18 09:51:15,4.41,121500,4.41,D
sz000100,TCL科技,2025-09-18 09:51:21,4.42,68500,4.41,U
sz000100,TCL科技,2025-09-18 09:51:24,4.42,30900,4.42,U
sz000100,TCL科技,2025-09-18 09:51:27,4.42,40200,4.42,U
sz000100,TCL科技,2025-09-18 09:51:33,4.42,36000,4.41,U
sz000100,TCL科技,2025-09-18 09:51:42,4.42,24200,4.41,U
sz000100,TCL科技,2025-09-18 09:51:45,4.41,32200,4.42,D
sz000100,TCL科技,2025-09-18 09:51:48,4.42,35300,4.41,U
sz000100,TCL科技,2025-09-18 09:51:51,4.41,39000,4.42,D
sz000100,TCL科技,2025-09-18 09:51:54,4.42,111900,4.41,U
sz000100,TCL科技,2025-09-18 09:51:57,4.42,153300,4.42,U
sz000100,TCL科技,2025-09-18 09:52:00,4.41,48500,4.42,D
sz000100,TCL科技,2025-09-18 09:52:06,4.41,80260,4.41,D
sz000100,TCL科技,2025-09-18 09:52:09,4.42,52300,4.41,U
sz000100,TCL科技,2025-09-18 09:52:12,4.41,1869385,4.42,D
sz000100,TCL科技,2025-09-18 09:52:15,4.41,199300,4.41,U
sz000100,TCL科技,2025-09-18 09:52:18,4.4,292800,4.41,D
sz000100,TCL科技,2025-09-18 09:52:21,4.4,92200,4.4,D
sz000100,TCL科技,2025-09-18 09:52:24,4.4,61600,4.4,D
sz000100,TCL科技,2025-09-18 09:52:27,4.41,26600,4.4,U
sz000100,TCL科技,2025-09-18 09:52:30,4.41,134000,4.41,U
sz000100,TCL科技,2025-09-18 09:52:33,4.41,20500,4.41,U
sz000100,TCL科技,2025-09-18 09:52:36,4.41,128100,4.41,U
sz000100,TCL科技,2025-09-18 09:52:48,4.41,35500,4.41,U
sz000100,TCL科技,2025-09-18 09:52:51,4.4,23300,4.41,D
sz000100,TCL科技,2025-09-18 09:52:54,4.4,80800,4.4,D
sz000100,TCL科技,2025-09-18 09:52:57,4.4,112300,4.4,D
sz000100,TCL科技,2025-09-18 09:53:00,4.41,45100,4.4,U
sz000100,TCL科技,2025-09-18 09:53:03,4.41,34300,4.41,U
sz000100,TCL科技,2025-09-18 09:53:06,4.41,36900,4.41,U
sz000100,TCL科技,2025-09-18 09:53:09,4.4,74000,4.41,D
sz000100,TCL科技,2025-09-18 09:53:15,4.4,156300,4.4,D
sz000100,TCL科技,2025-09-18 09:53:21,4.4,141500,4.41,D
sz000100,TCL科技,2025-09-18 09:53:24,4.4,28700,4.4,D
sz000100,TCL科技,2025-09-18 09:53:27,4.41,479200,4.4,U
sz000100,TCL科技,2025-09-18 09:53:33,4.41,204800,4.4,U
sz000100,TCL科技,2025-09-18 09:53:36,4.4,81900,4.41,D
sz000100,TCL科技,2025-09-18 09:53:39,4.41,23300,4.4,U
sz000100,TCL科技,2025-09-18 09:53:42,4.4,126700,4.41,D
sz000100,TCL科技,2025-09-18 09:53:45,4.4,133200,4.4,D
sz000100,TCL科技,2025-09-18 09:53:48,4.4,100300,4.4,D
sz000100,TCL科技,2025-09-18 09:53:51,4.4,2162460,4.4,D
sz000100,TCL科技,2025-09-18 09:53:54,4.4,86300,4.4,D
sz000100,TCL科技,2025-09-18 09:53:57,4.4,346400,4.4,D
sz000100,TCL科技,2025-09-18 09:54:00,4.4,144940,4.4,D
sz000100,TCL科技,2025-09-18 09:54:03,4.4,1283100,4.4,U
sz000100,TCL科技,2025-09-18 09:54:06,4.4,153500,4.4,U
sz000100,TCL科技,2025-09-18 09:54:09,4.4,136000,4.4,U
sz000100,TCL科技,2025-09-18 09:54:12,4.4,62900,4.4,U
sz000100,TCL科技,2025-09-18 09:54:15,4.4,105800,4.4,U
sz000100,TCL科技,2025-09-18 09:54:18,4.4,819000,4.4,U
sz000100,TCL科技,2025-09-18 09:54:21,4.41,171800,4.4,U
sz000100,TCL科技,2025-09-18 09:54:24,4.41,36600,4.41,U
sz000100,TCL科技,2025-09-18 09:54:30,4.4,101100,4.41,D
sz000100,TCL科技,2025-09-18 09:54:33,4.41,147400,4.4,U
sz000100,TCL科技,2025-09-18 09:54:36,4.4,43400,4.41,D
sz000100,TCL科技,2025-09-18 09:54:39,4.4,100000,4.4,D
sz000100,TCL科技,2025-09-18 09:54:42,4.4,85200,4.4,D
sz000100,TCL科技,2025-09-18 09:54:48,4.41,23200,4.4,U
sz000100,TCL科技,2025-09-18 09:54:51,4.41,133700,4.41,U
sz000100,TCL科技,2025-09-18 09:55:00,4.4,131400,4.41,D
sz000100,TCL科技,2025-09-18 09:55:06,4.4,140700,4.4,D
sz000100,TCL科技,2025-09-18 09:55:09,4.4,24500,4.4,D
sz000100,TCL科技,2025-09-18 09:55:12,4.4,54800,4.4,D
sz000100,TCL科技,2025-09-18 09:55:15,4.4,60900,4.4,D
sz000100,TCL科技,2025-09-18 09:55:18,4.4,115800,4.4,D
sz000100,TCL科技,2025-09-18 09:55:21,4.4,51500,4.4,D
sz000100,TCL科技,2025-09-18 09:55:24,4.41,170500,4.4,U
sz000100,TCL科技,2025-09-18 09:55:27,4.41,50800,4.41,U
sz000100,TCL科技,2025-09-18 09:55:30,4.41,22200,4.41,U
sz000100,TCL科技,2025-09-18 09:55:33,4.4,114900,4.41,D
sz000100,TCL科技,2025-09-18 09:55:39,4.4,86900,4.4,D
sz000100,TCL科技,2025-09-18 09:55:42,4.4,41200,4.4,D
sz000100,TCL科技,2025-09-18 09:55:45,4.41,43000,4.4,U
sz000100,TCL科技,2025-09-18 09:55:48,4.41,89860,4.41,U
sz000100,TCL科技,2025-09-18 09:55:51,4.41,45020,4.41,U
sz000100,TCL科技,2025-09-18 09:56:00,4.4,88500,4.4,D
sz000100,TCL科技,2025-09-18 09:56:03,4.4,301700,4.4,D
sz000100,TCL科技,2025-09-18 09:56:06,4.41,223200,4.4,U
sz000100,TCL科技,2025-09-18 09:56:12,4.4,85100,4.41,D
sz000100,TCL科技,2025-09-18 09:56:15,4.4,204200,4.4,D
sz000100,TCL科技,2025-09-18 09:56:21,4.41,190000,4.41,U
sz000100,TCL科技,2025-09-18 09:56:24,4.4,40700,4.41,D
sz000100,TCL科技,2025-09-18 09:56:27,4.4,52600,4.4,D
sz000100,TCL科技,2025-09-18 09:56:33,4.4,31700,4.4,D
sz000100,TCL科技,2025-09-18 09:56:36,4.4,95200,4.4,D
sz000100,TCL科技,2025-09-18 09:56:42,4.4,96800,4.4,D
sz000100,TCL科技,2025-09-18 09:56:45,4.41,49300,4.4,U
sz000100,TCL科技,2025-09-18 09:56:48,4.4,95900,4.41,D
sz000100,TCL科技,2025-09-18 09:56:57,4.4,111400,4.4,D
sz000100,TCL科技,2025-09-18 09:57:00,4.4,89800,4.4,D
sz000100,TCL科技,2025-09-18 09:57:03,4.4,62600,4.4,D
sz000100,TCL科技,2025-09-18 09:57:06,4.4,33800,4.4,D
sz000100,TCL科技,2025-09-18 09:57:09,4.4,45600,4.4,D
sz000100,TCL科技,2025-09-18 09:57:12,4.4,114800,4.4,D
sz000100,TCL科技,2025-09-18 09:57:15,4.4,58000,4.4,D
sz000100,TCL科技,2025-09-18 09:57:18,4.4,67000,4.4,D
sz000100,TCL科技,2025-09-18 09:57:21,4.41,350500,4.4,U
sz000100,TCL科技,2025-09-18 09:57:24,4.4,73600,4.41,D
sz000100,TCL科技,2025-09-18 09:57:27,4.41,41700,4.4,U
sz000100,TCL科技,2025-09-18 09:57:30,4.4,72800,4.41,D
sz000100,TCL科技,2025-09-18 09:57:33,4.41,125600,4.4,U
sz000100,TCL科技,2025-09-18 09:57:36,4.41,73700,4.41,U
sz000100,TCL科技,2025-09-18 09:57:39,4.41,230000,4.41,U
sz000100,TCL科技,2025-09-18 09:57:42,4.41,225500,4.41,U
sz000100,TCL科技,2025-09-18 09:57:45,4.4,215700,4.41,D
sz000100,TCL科技,2025-09-18 09:57:48,4.41,283600,4.4,U
sz000100,TCL科技,2025-09-18 09:57:51,4.4,56700,4.41,D
sz000100,TCL科技,2025-09-18 09:57:54,4.4,26900,4.4,D
sz000100,TCL科技,2025-09-18 09:58:00,4.41,32800,4.41,U
sz000100,TCL科技,2025-09-18 09:58:06,4.41,99500,4.41,U
sz000100,TCL科技,2025-09-18 09:58:09,4.42,4691910,4.41,U
sz000100,TCL科技,2025-09-18 09:58:12,4.41,295000,4.42,D
sz000100,TCL科技,2025-09-18 09:58:21,4.42,36200,4.42,U
sz000100,TCL科技,2025-09-18 09:58:24,4.42,222360,4.42,U
sz000100,TCL科技,2025-09-18 09:58:27,4.41,169600,4.42,D
sz000100,TCL科技,2025-09-18 09:58:30,4.42,121100,4.41,U
sz000100,TCL科技,2025-09-18 09:58:33,4.42,44640,4.42,U
sz000100,TCL科技,2025-09-18 09:58:36,4.42,133300,4.42,U
sz000100,TCL科技,2025-09-18 09:58:39,4.41,29000,4.42,D
sz000100,TCL科技,2025-09-18 09:58:42,4.41,34200,4.41,D
sz000100,TCL科技,2025-09-18 09:58:45,4.41,98700,4.41,D
sz000100,TCL科技,2025-09-18 09:58:51,4.42,69200,4.41,U
sz000100,TCL科技,2025-09-18 09:58:54,4.42,59700,4.42,U
sz000100,TCL科技,2025-09-18 09:58:57,4.42,89200,4.42,U
sz000100,TCL科技,2025-09-18 09:59:00,4.41,47600,4.42,D
sz000100,TCL科技,2025-09-18 09:59:03,4.41,939660,4.41,D
sz000100,TCL科技,2025-09-18 09:59:06,4.42,30200,4.41,U
sz000100,TCL科技,2025-09-18 09:59:09,4.41,190116,4.42,D
sz000100,TCL科技,2025-09-18 09:59:12,4.42,53400,4.41,U
sz000100,TCL科技,2025-09-18 09:59:15,4.41,111600,4.42,D
sz000100,TCL科技,2025-09-18 09:59:21,4.42,25900,4.41,U
sz000100,TCL科技,2025-09-18 09:59:24,4.41,129300,4.42,D
sz000100,TCL科技,2025-09-18 09:59:27,4.42,265700,4.41,U
sz000100,TCL科技,2025-09-18 09:59:33,4.42,98000,4.41,U
sz000100,TCL科技,2025-09-18 09:59:36,4.42,117500,4.42,U
sz000100,TCL科技,2025-09-18 09:59:39,4.42,73700,4.42,U
sz000100,TCL科技,2025-09-18 09:59:45,4.42,106400,4.41,U
sz000100,TCL科技,2025-09-18 09:59:51,4.42,94300,4.42,U
sz000100,TCL科技,2025-09-18 09:59:57,4.41,30500,4.42,D
sz000100,TCL科技,2025-09-18 10:00:03,4.42,145600,4.41,U
sz000100,TCL科技,2025-09-18 10:00:06,4.41,82900,4.42,D
sz000100,TCL科技,2025-09-18 10:00:09,4.42,101900,4.41,U
sz000100,TCL科技,2025-09-18 10:00:15,4.42,117300,4.42,U
sz000100,TCL科技,2025-09-18 10:00:18,4.41,983700,4.42,D
sz000100,TCL科技,2025-09-18 10:00:21,4.43,15078869,4.41,U
sz000100,TCL科技,2025-09-18 10:00:24,4.43,158600,4.43,U
sz000100,TCL科技,2025-09-18 10:00:27,4.42,35100,4.43,D
sz000100,TCL科技,2025-09-18 10:00:30,4.42,141700,4.42,D
sz000100,TCL科技,2025-09-18 10:00:33,4.43,62000,4.42,U
sz000100,TCL科技,2025-09-18 10:00:36,4.43,135500,4.43,U
sz000100,TCL科技,2025-09-18 10:00:39,4.43,304600,4.43,U
sz000100,TCL科技,2025-09-18 10:00:42,4.42,171100,4.43,D
sz000100,TCL科技,2025-09-18 10:00:45,4.43,41800,4.42,U
sz000100,TCL科技,2025-09-18 10:00:48,4.43,170000,4.43,U
sz000100,TCL科技,2025-09-18 10:00:51,4.43,122100,4.43,U
sz000100,TCL科技,2025-09-18 10:00:54,4.42,661600,4.43,D
sz000100,TCL科技,2025-09-18 10:00:57,4.43,204820,4.42,U
sz000100,TCL科技,2025-09-18 10:01:03,4.43,448600,4.42,U
sz000100,TCL科技,2025-09-18 10:01:06,4.43,5901300,4.43,U
sz000100,TCL科技,2025-09-18 10:01:09,4.42,2130000,4.43,D
sz000100,TCL科技,2025-09-18 10:01:12,4.43,1456300,4.42,U
sz000100,TCL科技,2025-09-18 10:01:15,4.43,470300,4.43,U
sz000100,TCL科技,2025-09-18 10:01:18,4.43,697100,4.43,U
sz000100,TCL科技,2025-09-18 10:01:21,4.43,472430,4.43,U
sz000100,TCL科技,2025-09-18 10:01:24,4.43,434800,4.43,U
sz000100,TCL科技,2025-09-18 10:01:27,4.43,561800,4.43,U
sz000100,TCL科技,2025-09-18 10:01:30,4.42,81000,4.43,D
sz000100,TCL科技,2025-09-18 10:01:33,4.43,66100,4.42,U
sz000100,TCL科技,2025-09-18 10:01:36,4.43,442800,4.43,U
sz000100,TCL科技,2025-09-18 10:01:39,4.43,205300,4.43,U
sz000100,TCL科技,2025-09-18 10:01:42,4.43,1047552,4.43,U
sz000100,TCL科技,2025-09-18 10:01:45,4.43,33100,4.43,D
sz000100,TCL科技,2025-09-18 10:01:48,4.43,81500,4.43,D
sz000100,TCL科技,2025-09-18 10:01:51,4.43,77500,4.43,D
sz000100,TCL科技,2025-09-18 10:01:54,4.44,243600,4.43,U
sz000100,TCL科技,2025-09-18 10:01:57,4.43,564900,4.44,D
sz000100,TCL科技,2025-09-18 10:02:00,4.43,225610,4.43,D
sz000100,TCL科技,2025-09-18 10:02:03,4.43,294000,4.43,D
sz000100,TCL科技,2025-09-18 10:02:09,4.44,394100,4.44,U
sz000100,TCL科技,2025-09-18 10:02:12,4.44,127700,4.44,U
sz000100,TCL科技,2025-09-18 10:02:15,4.43,133700,4.44,D
sz000100,TCL科技,2025-09-18 10:02:18,4.43,44300,4.43,D
sz000100,TCL科技,2025-09-18 10:02:21,4.43,129800,4.43,D
sz000100,TCL科技,2025-09-18 10:02:24,4.44,92900,4.43,U
sz000100,TCL科技,2025-09-18 10:02:27,4.43,26200,4.44,D
sz000100,TCL科技,2025-09-18 10:02:30,4.43,199900,4.43,D
sz000100,TCL科技,2025-09-18 10:02:33,4.43,31900,4.43,D
sz000100,TCL科技,2025-09-18 10:02:39,4.43,535900,4.43,D
sz000100,TCL科技,2025-09-18 10:02:42,4.43,160400,4.43,D
sz000100,TCL科技,2025-09-18 10:02:45,4.44,187200,4.43,U
sz000100,TCL科技,2025-09-18 10:02:48,4.43,33300,4.44,D
sz000100,TCL科技,2025-09-18 10:02:51,4.44,29200,4.43,U
sz000100,TCL科技,2025-09-18 10:02:54,4.44,68600,4.44,U
sz000100,TCL科技,2025-09-18 10:02:57,4.44,48700,4.44,U
sz000100,TCL科技,2025-09-18 10:03:00,4.43,351100,4.44,D
sz000100,TCL科技,2025-09-18 10:03:03,4.44,45400,4.43,U
sz000100,TCL科技,2025-09-18 10:03:06,4.44,159300,4.44,U
sz000100,TCL科技,2025-09-18 10:03:09,4.43,118100,4.44,D
sz000100,TCL科技,2025-09-18 10:03:12,4.44,104800,4.43,U
sz000100,TCL科技,2025-09-18 10:03:15,4.44,23700,4.44,U
sz000100,TCL科技,2025-09-18 10:03:18,4.43,154100,4.44,D
sz000100,TCL科技,2025-09-18 10:03:21,4.44,20300,4.43,U
sz000100,TCL科技,2025-09-18 10:03:24,4.44,117700,4.44,U
sz000100,TCL科技,2025-09-18 10:03:27,4.43,26700,4.44,D
sz000100,TCL科技,2025-09-18 10:03:30,4.44,32600,4.43,U
sz000100,TCL科技,2025-09-18 10:03:33,4.44,25500,4.44,U
sz000100,TCL科技,2025-09-18 10:03:36,4.43,120600,4.44,D
sz000100,TCL科技,2025-09-18 10:03:39,4.44,84800,4.43,U
sz000100,TCL科技,2025-09-18 10:03:42,4.43,23000,4.44,D
sz000100,TCL科技,2025-09-18 10:03:45,4.44,84900,4.43,U
sz000100,TCL科技,2025-09-18 10:03:48,4.43,487600,4.44,D
sz000100,TCL科技,2025-09-18 10:03:51,4.44,117800,4.43,U
sz000100,TCL科技,2025-09-18 10:03:54,4.43,83100,4.44,D
sz000100,TCL科技,2025-09-18 10:03:57,4.43,116800,4.43,D
sz000100,TCL科技,2025-09-18 10:04:00,4.43,42900,4.43,D
sz000100,TCL科技,2025-09-18 10:04:03,4.43,279600,4.43,D
sz000100,TCL科技,2025-09-18 10:04:06,4.44,78100,4.43,U
sz000100,TCL科技,2025-09-18 10:04:09,4.44,112200,4.44,U
sz000100,TCL科技,2025-09-18 10:04:12,4.44,91000,4.44,U
sz000100,TCL科技,2025-09-18 10:04:15,4.44,49600,4.44,U
sz000100,TCL科技,2025-09-18 10:04:18,4.44,42900,4.44,U
sz000100,TCL科技,2025-09-18 10:04:21,4.44,53700,4.44,U
sz000100,TCL科技,2025-09-18 10:04:24,4.44,203500,4.44,U
sz000100,TCL科技,2025-09-18 10:04:27,4.44,107300,4.44,U
sz000100,TCL科技,2025-09-18 10:04:30,4.44,52430,4.44,U
sz000100,TCL科技,2025-09-18 10:04:33,4.44,55700,4.44,U
sz000100,TCL科技,2025-09-18 10:04:36,4.44,220000,4.44,U
sz000100,TCL科技,2025-09-18 10:04:39,4.44,53320,4.44,U
sz000100,TCL科技,2025-09-18 10:04:42,4.44,29400,4.44,U
sz000100,TCL科技,2025-09-18 10:04:45,4.44,151300,4.44,U
sz000100,TCL科技,2025-09-18 10:04:48,4.44,85400,4.44,U
sz000100,TCL科技,2025-09-18 10:04:51,4.44,57600,4.44,U
sz000100,TCL科技,2025-09-18 10:04:54,4.44,75600,4.44,U
sz000100,TCL科技,2025-09-18 10:04:57,4.44,159800,4.44,U
sz000100,TCL科技,2025-09-18 10:05:00,4.44,592400,4.44,U
sz000100,TCL科技,2025-09-18 10:05:03,4.43,93100,4.44,D
sz000100,TCL科技,2025-09-18 10:05:06,4.43,184800,4.43,D
sz000100,TCL科技,2025-09-18 10:05:09,4.44,103800,4.43,U
sz000100,TCL科技,2025-09-18 10:05:12,4.44,113500,4.44,U
sz000100,TCL科技,2025-09-18 10:05:15,4.43,84850,4.44,D
sz000100,TCL科技,2025-09-18 10:05:18,4.44,133900,4.43,U
sz000100,TCL科技,2025-09-18 10:05:21,4.43,163500,4.44,D
sz000100,TCL科技,2025-09-18 10:05:24,4.43,164900,4.43,D
sz000100,TCL科技,2025-09-18 10:05:27,4.43,60300,4.43,D
sz000100,TCL科技,2025-09-18 10:05:30,4.44,100800,4.43,U
sz000100,TCL科技,2025-09-18 10:05:33,4.44,66300,4.44,U
sz000100,TCL科技,2025-09-18 10:05:36,4.44,161400,4.44,U
sz000100,TCL科技,2025-09-18 10:05:39,4.44,1766700,4.44,U
sz000100,TCL科技,2025-09-18 10:05:42,4.44,1435600,4.44,U
sz000100,TCL科技,2025-09-18 10:05:45,4.44,1816300,4.44,U
sz000100,TCL科技,2025-09-18 10:05:48,4.44,696100,4.44,U
sz000100,TCL科技,2025-09-18 10:05:51,4.44,588900,4.44,U
sz000100,TCL科技,2025-09-18 10:05:54,4.44,553300,4.44,U
sz000100,TCL科技,2025-09-18 10:05:57,4.44,2119800,4.44,U
sz000100,TCL科技,2025-09-18 10:06:00,4.44,2301699,4.44,U
sz000100,TCL科技,2025-09-18 10:06:03,4.44,254700,4.44,D
sz000100,TCL科技,2025-09-18 10:06:06,4.44,536800,4.44,D
sz000100,TCL科技,2025-09-18 10:06:09,4.45,288800,4.44,U
sz000100,TCL科技,2025-09-18 10:06:12,4.44,203400,4.45,D
sz000100,TCL科技,2025-09-18 10:06:15,4.45,131600,4.44,U
sz000100,TCL科技,2025-09-18 10:06:18,4.45,129600,4.45,U
sz000100,TCL科技,2025-09-18 10:06:21,4.45,47600,4.45,U
sz000100,TCL科技,2025-09-18 10:06:24,4.44,191500,4.45,D
sz000100,TCL科技,2025-09-18 10:06:27,4.45,76600,4.44,U
sz000100,TCL科技,2025-09-18 10:06:30,4.45,127600,4.45,U
sz000100,TCL科技,2025-09-18 10:06:33,4.45,192000,4.45,U
sz000100,TCL科技,2025-09-18 10:06:36,4.45,128700,4.45,U
sz000100,TCL科技,2025-09-18 10:06:39,4.45,50500,4.45,U
sz000100,TCL科技,2025-09-18 10:06:42,4.45,64400,4.45,U
sz000100,TCL科技,2025-09-18 10:06:48,4.44,663400,4.45,D
sz000100,TCL科技,2025-09-18 10:06:51,4.44,186800,4.44,D
sz000100,TCL科技,2025-09-18 10:06:54,4.45,295650,4.44,U
sz000100,TCL科技,2025-09-18 10:06:57,4.45,805700,4.45,U
sz000100,TCL科技,2025-09-18 10:07:00,4.45,103730,4.45,U
sz000100,TCL科技,2025-09-18 10:07:03,4.45,143200,4.45,U
sz000100,TCL科技,2025-09-18 10:07:06,4.44,170800,4.45,D
sz000100,TCL科技,2025-09-18 10:07:09,4.45,93800,4.44,U
sz000100,TCL科技,2025-09-18 10:07:12,4.45,475400,4.45,U
sz000100,TCL科技,2025-09-18 10:07:15,4.44,60600,4.45,D
sz000100,TCL科技,2025-09-18 10:07:18,4.45,122900,4.44,U
sz000100,TCL科技,2025-09-18 10:07:24,4.44,238400,4.45,D
sz000100,TCL科技,2025-09-18 10:07:27,4.44,90800,4.44,D
sz000100,TCL科技,2025-09-18 10:07:30,4.45,22900,4.44,U
sz000100,TCL科技,2025-09-18 10:07:36,4.45,118500,4.45,U
sz000100,TCL科技,2025-09-18 10:07:39,4.45,1157800,4.45,U
sz000100,TCL科技,2025-09-18 10:07:42,4.44,151700,4.45,D
sz000100,TCL科技,2025-09-18 10:07:45,4.44,229500,4.44,D
sz000100,TCL科技,2025-09-18 10:07:48,4.44,183400,4.44,D
sz000100,TCL科技,2025-09-18 10:07:51,4.44,239101,4.44,D
sz000100,TCL科技,2025-09-18 10:07:54,4.44,213160,4.44,D
sz000100,TCL科技,2025-09-18 10:07:57,4.44,118700,4.44,D
sz000100,TCL科技,2025-09-18 10:08:00,4.44,371900,4.44,D
sz000100,TCL科技,2025-09-18 10:08:03,4.44,358600,4.44,D
sz000100,TCL科技,2025-09-18 10:08:06,4.44,170200,4.44,D
sz000100,TCL科技,2025-09-18 10:08:09,4.44,194000,4.44,D
sz000100,TCL科技,2025-09-18 10:08:12,4.45,158000,4.44,U
sz000100,TCL科技,2025-09-18 10:08:15,4.45,182500,4.45,U
sz000100,TCL科技,2025-09-18 10:08:18,4.44,158600,4.45,D
sz000100,TCL科技,2025-09-18 10:08:21,4.44,674700,4.44,D
sz000100,TCL科技,2025-09-18 10:08:24,4.44,945600,4.44,D
sz000100,TCL科技,2025-09-18 10:08:27,4.44,296900,4.44,D
sz000100,TCL科技,2025-09-18 10:08:30,4.44,445800,4.44,D
sz000100,TCL科技,2025-09-18 10:08:33,4.45,309100,4.44,U
sz000100,TCL科技,2025-09-18 10:08:36,4.44,84300,4.45,D
sz000100,TCL科技,2025-09-18 10:08:39,4.44,335100,4.44,D
sz000100,TCL科技,2025-09-18 10:08:42,4.44,179200,4.44,D
sz000100,TCL科技,2025-09-18 10:08:45,4.44,257500,4.44,D
sz000100,TCL科技,2025-09-18 10:08:48,4.44,227800,4.44,D
sz000100,TCL科技,2025-09-18 10:08:51,4.44,154400,4.44,D
sz000100,TCL科技,2025-09-18 10:08:54,4.44,196900,4.44,D
sz000100,TCL科技,2025-09-18 10:08:57,4.44,242600,4.44,D
sz000100,TCL科技,2025-09-18 10:09:00,4.44,207500,4.44,D
sz000100,TCL科技,2025-09-18 10:09:03,4.44,181700,4.44,D
sz000100,TCL科技,2025-09-18 10:09:06,4.44,67300,4.44,D
sz000100,TCL科技,2025-09-18 10:09:09,4.44,577700,4.44,D
sz000100,TCL科技,2025-09-18 10:09:12,4.44,179300,4.44,D
sz000100,TCL科技,2025-09-18 10:09:15,4.44,258800,4.44,D
sz000100,TCL科技,2025-09-18 10:09:18,4.45,333200,4.44,U
sz000100,TCL科技,2025-09-18 10:09:21,4.44,780310,4.45,D
sz000100,TCL科技,2025-09-18 10:09:24,4.45,70700,4.44,U
sz000100,TCL科技,2025-09-18 10:09:27,4.44,100800,4.45,D
sz000100,TCL科技,2025-09-18 10:09:30,4.45,275900,4.44,U
sz000100,TCL科技,2025-09-18 10:09:33,4.44,46600,4.45,D
sz000100,TCL科技,2025-09-18 10:09:39,4.44,80900,4.44,D
sz000100,TCL科技,2025-09-18 10:09:42,4.44,628600,4.44,D
sz000100,TCL科技,2025-09-18 10:09:45,4.44,165200,4.44,D
sz000100,TCL科技,2025-09-18 10:09:48,4.45,41900,4.44,U
sz000100,TCL科技,2025-09-18 10:09:51,4.44,103200,4.45,D
sz000100,TCL科技,2025-09-18 10:09:54,4.45,71500,4.44,U
sz000100,TCL科技,2025-09-18 10:09:57,4.44,112200,4.45,D
sz000100,TCL科技,2025-09-18 10:10:00,4.44,44800,4.44,D
sz000100,TCL科技,2025-09-18 10:10:03,4.44,189000,4.44,D
sz000100,TCL科技,2025-09-18 10:10:06,4.44,70700,4.44,D
sz000100,TCL科技,2025-09-18 10:10:09,4.44,183000,4.44,D
sz000100,TCL科技,2025-09-18 10:10:12,4.44,65800,4.44,D
sz000100,TCL科技,2025-09-18 10:10:15,4.44,342500,4.44,D
sz000100,TCL科技,2025-09-18 10:10:18,4.45,643100,4.44,U
sz000100,TCL科技,2025-09-18 10:10:21,4.44,227800,4.45,D
sz000100,TCL科技,2025-09-18 10:10:24,4.45,321800,4.44,U
sz000100,TCL科技,2025-09-18 10:10:27,4.44,114900,4.45,D
sz000100,TCL科技,2025-09-18 10:10:30,4.44,131250,4.44,D
sz000100,TCL科技,2025-09-18 10:10:33,4.45,110130,4.44,U
sz000100,TCL科技,2025-09-18 10:10:36,4.44,50400,4.45,D
sz000100,TCL科技,2025-09-18 10:10:39,4.44,156500,4.44,D
sz000100,TCL科技,2025-09-18 10:10:42,4.45,102000,4.44,U
sz000100,TCL科技,2025-09-18 10:10:45,4.45,163600,4.45,U
sz000100,TCL科技,2025-09-18 10:10:48,4.45,720900,4.45,U
sz000100,TCL科技,2025-09-18 10:10:51,4.44,84100,4.45,D
sz000100,TCL科技,2025-09-18 10:10:54,4.44,102100,4.44,D
sz000100,TCL科技,2025-09-18 10:10:57,4.45,41800,4.44,U
sz000100,TCL科技,2025-09-18 10:11:00,4.45,43100,4.45,U
sz000100,TCL科技,2025-09-18 10:11:03,4.45,142500,4.45,U
sz000100,TCL科技,2025-09-18 10:11:06,4.44,298900,4.45,D
sz000100,TCL科技,2025-09-18 10:11:09,4.45,51200,4.44,U
sz000100,TCL科技,2025-09-18 10:11:12,4.44,134600,4.45,D
sz000100,TCL科技,2025-09-18 10:11:15,4.44,366000,4.44,D
sz000100,TCL科技,2025-09-18 10:11:18,4.44,118500,4.44,D
sz000100,TCL科技,2025-09-18 10:11:21,4.45,28700,4.44,U
sz000100,TCL科技,2025-09-18 10:11:24,4.44,125000,4.45,D
sz000100,TCL科技,2025-09-18 10:11:27,4.44,76200,4.44,D
sz000100,TCL科技,2025-09-18 10:11:30,4.45,31620,4.44,U
sz000100,TCL科技,2025-09-18 10:11:33,4.45,36900,4.45,U
sz000100,TCL科技,2025-09-18 10:11:36,4.44,27500,4.45,D
sz000100,TCL科技,2025-09-18 10:11:39,4.44,38900,4.44,D
sz000100,TCL科技,2025-09-18 10:11:42,4.45,130300,4.44,U
sz000100,TCL科技,2025-09-18 10:11:48,4.44,47100,4.44,D
sz000100,TCL科技,2025-09-18 10:11:51,4.44,27200,4.44,D
sz000100,TCL科技,2025-09-18 10:11:54,4.44,65800,4.44,D
sz000100,TCL科技,2025-09-18 10:12:00,4.44,60400,4.45,D
sz000100,TCL科技,2025-09-18 10:12:03,4.44,37500,4.44,D
sz000100,TCL科技,2025-09-18 10:12:06,4.45,28700,4.44,U
sz000100,TCL科技,2025-09-18 10:12:09,4.44,29900,4.45,D
sz000100,TCL科技,2025-09-18 10:12:12,4.44,43400,4.44,D
sz000100,TCL科技,2025-09-18 10:12:15,4.44,22200,4.44,D
sz000100,TCL科技,2025-09-18 10:12:18,4.44,31300,4.44,D
sz000100,TCL科技,2025-09-18 10:12:21,4.44,46600,4.44,D
sz000100,TCL科技,2025-09-18 10:12:24,4.45,21400,4.44,U
sz000100,TCL科技,2025-09-18 10:12:27,4.44,477900,4.45,D
sz000100,TCL科技,2025-09-18 10:12:30,4.45,113400,4.44,U
sz000100,TCL科技,2025-09-18 10:12:36,4.45,63200,4.44,U
sz000100,TCL科技,2025-09-18 10:12:39,4.45,20400,4.45,U
sz000100,TCL科技,2025-09-18 10:12:42,4.45,25800,4.45,U
sz000100,TCL科技,2025-09-18 10:12:48,4.45,33500,4.45,U
sz000100,TCL科技,2025-09-18 10:12:51,4.44,96600,4.45,D
sz000100,TCL科技,2025-09-18 10:12:54,4.44,96300,4.44,D
sz000100,TCL科技,2025-09-18 10:12:57,4.44,23100,4.44,D
sz000100,TCL科技,2025-09-18 10:13:00,4.44,79300,4.44,D
sz000100,TCL科技,2025-09-18 10:13:03,4.44,280900,4.44,D
sz000100,TCL科技,2025-09-18 10:13:06,4.44,62900,4.44,D
sz000100,TCL科技,2025-09-18 10:13:09,4.45,204200,4.44,U
sz000100,TCL科技,2025-09-18 10:13:12,4.44,314300,4.45,D
sz000100,TCL科技,2025-09-18 10:13:15,4.45,46900,4.44,U
sz000100,TCL科技,2025-09-18 10:13:18,4.45,141300,4.45,U
sz000100,TCL科技,2025-09-18 10:13:21,4.44,41300,4.45,D
sz000100,TCL科技,2025-09-18 10:13:27,4.44,55400,4.44,D
sz000100,TCL科技,2025-09-18 10:13:30,4.45,36600,4.44,U
sz000100,TCL科技,2025-09-18 10:13:33,4.44,34300,4.45,D
sz000100,TCL科技,2025-09-18 10:13:36,4.44,35600,4.44,D
sz000100,TCL科技,2025-09-18 10:13:39,4.44,21700,4.44,D
sz000100,TCL科技,2025-09-18 10:13:42,4.44,38900,4.44,D
sz000100,TCL科技,2025-09-18 10:13:48,4.45,24300,4.44,U
sz000100,TCL科技,2025-09-18 10:13:51,4.45,96200,4.45,U
sz000100,TCL科技,2025-09-18 10:13:54,4.45,83800,4.45,U
sz000100,TCL科技,2025-09-18 10:13:57,4.45,55300,4.45,U
sz000100,TCL科技,2025-09-18 10:14:00,4.44,138900,4.45,D
sz000100,TCL科技,2025-09-18 10:14:03,4.44,81300,4.44,D
sz000100,TCL科技,2025-09-18 10:14:06,4.44,242400,4.44,D
sz000100,TCL科技,2025-09-18 10:14:12,4.44,479200,4.44,D
sz000100,TCL科技,2025-09-18 10:14:15,4.44,121800,4.44,D
sz000100,TCL科技,2025-09-18 10:14:18,4.45,20500,4.44,U
sz000100,TCL科技,2025-09-18 10:14:21,4.45,28100,4.45,U
sz000100,TCL科技,2025-09-18 10:14:27,4.45,85300,4.44,U
sz000100,TCL科技,2025-09-18 10:14:30,4.44,110430,4.45,D
sz000100,TCL科技,2025-09-18 10:14:33,4.44,64100,4.44,D
sz000100,TCL科技,2025-09-18 10:14:36,4.44,82800,4.44,D
sz000100,TCL科技,2025-09-18 10:14:39,4.44,234600,4.44,D
sz000100,TCL科技,2025-09-18 10:14:42,4.44,197400,4.44,D
sz000100,TCL科技,2025-09-18 10:14:45,4.44,41800,4.44,D
sz000100,TCL科技,2025-09-18 10:14:48,4.44,43500,4.44,D
sz000100,TCL科技,2025-09-18 10:14:51,4.44,38600,4.44,D
sz000100,TCL科技,2025-09-18 10:14:54,4.44,81900,4.44,D
sz000100,TCL科技,2025-09-18 10:14:57,4.44,56400,4.44,D
sz000100,TCL科技,2025-09-18 10:15:00,4.44,23000,4.44,D
sz000100,TCL科技,2025-09-18 10:15:03,4.44,165000,4.44,D
sz000100,TCL科技,2025-09-18 10:15:06,4.44,329700,4.44,D
sz000100,TCL科技,2025-09-18 10:15:09,4.44,59200,4.44,D
sz000100,TCL科技,2025-09-18 10:15:12,4.44,23900,4.44,D
sz000100,TCL科技,2025-09-18 10:15:15,4.44,232700,4.44,D
sz000100,TCL科技,2025-09-18 10:15:18,4.44,81700,4.44,D
sz000100,TCL科技,2025-09-18 10:15:21,4.44,50100,4.44,D
sz000100,TCL科技,2025-09-18 10:15:24,4.44,76600,4.44,D
sz000100,TCL科技,2025-09-18 10:15:27,4.44,77400,4.44,D
sz000100,TCL科技,2025-09-18 10:15:30,4.45,97400,4.44,U
sz000100,TCL科技,2025-09-18 10:15:33,4.44,54100,4.45,D
sz000100,TCL科技,2025-09-18 10:15:36,4.44,89400,4.44,D
sz000100,TCL科技,2025-09-18 10:15:39,4.44,52300,4.44,D
sz000100,TCL科技,2025-09-18 10:15:42,4.45,78100,4.44,U
sz000100,TCL科技,2025-09-18 10:15:45,4.45,67000,4.45,U
sz000100,TCL科技,2025-09-18 10:15:48,4.44,129600,4.45,D
sz000100,TCL科技,2025-09-18 10:15:51,4.44,85600,4.44,D
sz000100,TCL科技,2025-09-18 10:15:54,4.44,34000,4.44,D
sz000100,TCL科技,2025-09-18 10:15:57,4.44,37200,4.44,D
sz000100,TCL科技,2025-09-18 10:16:00,4.44,61200,4.44,D
sz000100,TCL科技,2025-09-18 10:16:03,4.44,133300,4.44,D
sz000100,TCL科技,2025-09-18 10:16:06,4.44,291400,4.44,D
sz000100,TCL科技,2025-09-18 10:16:09,4.45,33000,4.44,U
sz000100,TCL科技,2025-09-18 10:16:12,4.44,26000,4.45,D
sz000100,TCL科技,2025-09-18 10:16:15,4.44,28900,4.44,D
sz000100,TCL科技,2025-09-18 10:16:18,4.44,68430,4.44,D
sz000100,TCL科技,2025-09-18 10:16:21,4.44,98600,4.44,D
sz000100,TCL科技,2025-09-18 10:16:24,4.45,96500,4.44,U
sz000100,TCL科技,2025-09-18 10:16:27,4.45,40200,4.45,U
sz000100,TCL科技,2025-09-18 10:16:30,4.44,28500,4.45,D
sz000100,TCL科技,2025-09-18 10:16:36,4.44,35700,4.44,D
sz000100,TCL科技,2025-09-18 10:16:39,4.44,24500,4.44,D
sz000100,TCL科技,2025-09-18 10:16:42,4.45,28000,4.44,U
sz000100,TCL科技,2025-09-18 10:16:45,4.44,20000,4.45,D
sz000100,TCL科技,2025-09-18 10:16:48,4.45,28400,4.44,U
sz000100,TCL科技,2025-09-18 10:16:54,4.44,98310,4.45,D
sz000100,TCL科技,2025-09-18 10:16:57,4.44,57600,4.44,D
sz000100,TCL科技,2025-09-18 10:17:00,4.44,40300,4.44,D
sz000100,TCL科技,2025-09-18 10:17:03,4.44,29800,4.44,D
sz000100,TCL科技,2025-09-18 10:17:06,4.44,119300,4.44,D
sz000100,TCL科技,2025-09-18 10:17:09,4.44,29700,4.44,D
sz000100,TCL科技,2025-09-18 10:17:12,4.44,78800,4.44,D
sz000100,TCL科技,2025-09-18 10:17:15,4.44,48500,4.44,D
sz000100,TCL科技,2025-09-18 10:17:18,4.44,59900,4.44,D
sz000100,TCL科技,2025-09-18 10:17:21,4.44,23100,4.44,D
sz000100,TCL科技,2025-09-18 10:17:24,4.44,107100,4.44,D
sz000100,TCL科技,2025-09-18 10:17:27,4.44,88900,4.44,D
sz000100,TCL科技,2025-09-18 10:17:30,4.44,132600,4.44,D
sz000100,TCL科技,2025-09-18 10:17:33,4.45,76500,4.44,U
sz000100,TCL科技,2025-09-18 10:17:36,4.45,121000,4.45,U
sz000100,TCL科技,2025-09-18 10:17:39,4.45,571400,4.45,U
sz000100,TCL科技,2025-09-18 10:17:42,4.44,349200,4.45,D
sz000100,TCL科技,2025-09-18 10:17:45,4.44,376800,4.44,D
sz000100,TCL科技,2025-09-18 10:17:48,4.44,260900,4.44,D
sz000100,TCL科技,2025-09-18 10:17:51,4.44,187600,4.44,D
sz000100,TCL科技,2025-09-18 10:17:54,4.44,254600,4.44,D
sz000100,TCL科技,2025-09-18 10:17:57,4.44,171900,4.44,D
sz000100,TCL科技,2025-09-18 10:18:00,4.44,244400,4.44,D
sz000100,TCL科技,2025-09-18 10:18:03,4.44,195500,4.44,D
sz000100,TCL科技,2025-09-18 10:18:06,4.44,385400,4.44,D
sz000100,TCL科技,2025-09-18 10:18:09,4.44,649900,4.44,D
sz000100,TCL科技,2025-09-18 10:18:12,4.44,441700,4.44,U
sz000100,TCL科技,2025-09-18 10:18:15,4.44,196400,4.44,U
sz000100,TCL科技,2025-09-18 10:18:18,4.44,76600,4.44,U
sz000100,TCL科技,2025-09-18 10:18:21,4.44,102000,4.44,U
sz000100,TCL科技,2025-09-18 10:18:24,4.43,24400,4.44,D
sz000100,TCL科技,2025-09-18 10:18:30,4.43,97100,4.44,D
sz000100,TCL科技,2025-09-18 10:18:36,4.44,50600,4.43,U
sz000100,TCL科技,2025-09-18 10:18:42,4.43,22900,4.43,D
sz000100,TCL科技,2025-09-18 10:18:45,4.44,45200,4.43,U
sz000100,TCL科技,2025-09-18 10:18:48,4.44,76200,4.44,U
sz000100,TCL科技,2025-09-18 10:18:51,4.43,33530,4.44,D
sz000100,TCL科技,2025-09-18 10:18:57,4.44,22900,4.44,U
sz000100,TCL科技,2025-09-18 10:19:12,4.43,31600,4.43,D
sz000100,TCL科技,2025-09-18 10:19:18,4.43,70200,4.43,D
sz000100,TCL科技,2025-09-18 10:19:21,4.43,54400,4.43,D
sz000100,TCL科技,2025-09-18 10:19:24,4.43,46900,4.43,D
sz000100,TCL科技,2025-09-18 10:19:27,4.43,26300,4.43,D
sz000100,TCL科技,2025-09-18 10:19:30,4.43,20000,4.43,D
sz000100,TCL科技,2025-09-18 10:19:33,4.43,21500,4.43,D
sz000100,TCL科技,2025-09-18 10:19:36,4.44,61320,4.43,U
sz000100,TCL科技,2025-09-18 10:19:39,4.44,55600,4.44,U
sz000100,TCL科技,2025-09-18 10:19:42,4.44,164800,4.44,U
sz000100,TCL科技,2025-09-18 10:19:45,4.44,136000,4.44,U
sz000100,TCL科技,2025-09-18 10:19:48,4.44,132600,4.44,U
sz000100,TCL科技,2025-09-18 10:19:51,4.44,73600,4.44,U
sz000100,TCL科技,2025-09-18 10:19:54,4.43,108400,4.44,D
sz000100,TCL科技,2025-09-18 10:19:57,4.43,193600,4.43,D
sz000100,TCL科技,2025-09-18 10:20:00,4.43,90000,4.43,D
sz000100,TCL科技,2025-09-18 10:20:03,4.43,107800,4.43,D
sz000100,TCL科技,2025-09-18 10:20:09,4.43,659400,4.43,D
sz000100,TCL科技,2025-09-18 10:20:12,4.43,66200,4.43,D
sz000100,TCL科技,2025-09-18 10:20:15,4.43,221500,4.43,D
sz000100,TCL科技,2025-09-18 10:20:18,4.43,57200,4.43,D
sz000100,TCL科技,2025-09-18 10:20:21,4.43,83900,4.43,D
sz000100,TCL科技,2025-09-18 10:20:24,4.43,33000,4.43,D
sz000100,TCL科技,2025-09-18 10:20:27,4.44,70800,4.43,U
sz000100,TCL科技,2025-09-18 10:20:30,4.43,36200,4.44,D
sz000100,TCL科技,2025-09-18 10:20:33,4.43,43500,4.43,D
sz000100,TCL科技,2025-09-18 10:20:36,4.43,25300,4.43,D
sz000100,TCL科技,2025-09-18 10:20:39,4.43,55600,4.43,D
sz000100,TCL科技,2025-09-18 10:20:42,4.43,223000,4.43,D
sz000100,TCL科技,2025-09-18 10:20:45,4.43,50500,4.43,D
sz000100,TCL科技,2025-09-18 10:20:48,4.43,62700,4.43,D
sz000100,TCL科技,2025-09-18 10:20:51,4.43,87400,4.43,D
sz000100,TCL科技,2025-09-18 10:20:54,4.43,22700,4.43,D
sz000100,TCL科技,2025-09-18 10:20:57,4.43,103600,4.43,D
sz000100,TCL科技,2025-09-18 10:21:00,4.43,32100,4.43,D
sz000100,TCL科技,2025-09-18 10:21:03,4.43,87400,4.43,D
sz000100,TCL科技,2025-09-18 10:21:06,4.43,93000,4.43,D
sz000100,TCL科技,2025-09-18 10:21:09,4.43,599900,4.43,D
sz000100,TCL科技,2025-09-18 10:21:12,4.43,56600,4.43,D
sz000100,TCL科技,2025-09-18 10:21:15,4.43,234610,4.43,D
sz000100,TCL科技,2025-09-18 10:21:18,4.43,58100,4.43,D
sz000100,TCL科技,2025-09-18 10:21:21,4.44,82700,4.43,U
sz000100,TCL科技,2025-09-18 10:21:27,4.43,52300,4.43,D
sz000100,TCL科技,2025-09-18 10:21:30,4.43,175400,4.43,D
sz000100,TCL科技,2025-09-18 10:21:33,4.43,57800,4.43,D
sz000100,TCL科技,2025-09-18 10:21:36,4.43,94500,4.43,D
sz000100,TCL科技,2025-09-18 10:21:39,4.43,54000,4.43,D
sz000100,TCL科技,2025-09-18 10:21:42,4.43,84500,4.43,D
sz000100,TCL科技,2025-09-18 10:21:45,4.43,54850,4.43,D
sz000100,TCL科技,2025-09-18 10:21:48,4.43,40200,4.43,D
sz000100,TCL科技,2025-09-18 10:21:51,4.43,77500,4.43,D
sz000100,TCL科技,2025-09-18 10:21:54,4.43,36800,4.43,D
sz000100,TCL科技,2025-09-18 10:21:57,4.43,42300,4.43,D
sz000100,TCL科技,2025-09-18 10:22:00,4.43,36500,4.43,D
sz000100,TCL科技,2025-09-18 10:22:03,4.44,114200,4.43,U
sz000100,TCL科技,2025-09-18 10:22:06,4.44,70200,4.44,U
sz000100,TCL科技,2025-09-18 10:22:09,4.43,72800,4.44,D
sz000100,TCL科技,2025-09-18 10:22:12,4.43,84400,4.43,D
sz000100,TCL科技,2025-09-18 10:22:15,4.43,37400,4.43,D
sz000100,TCL科技,2025-09-18 10:22:18,4.44,57500,4.43,U
sz000100,TCL科技,2025-09-18 10:22:24,4.43,26300,4.44,D
sz000100,TCL科技,2025-09-18 10:22:27,4.43,46000,4.43,D
sz000100,TCL科技,2025-09-18 10:22:30,4.43,136600,4.43,D
sz000100,TCL科技,2025-09-18 10:22:33,4.43,36200,4.43,D
sz000100,TCL科技,2025-09-18 10:22:36,4.43,124400,4.43,D
sz000100,TCL科技,2025-09-18 10:22:39,4.43,89800,4.43,D
sz000100,TCL科技,2025-09-18 10:22:42,4.43,69900,4.43,D
sz000100,TCL科技,2025-09-18 10:22:48,4.43,49200,4.43,D
sz000100,TCL科技,2025-09-18 10:22:51,4.43,85600,4.43,D
sz000100,TCL科技,2025-09-18 10:22:57,4.44,51500,4.43,U
sz000100,TCL科技,2025-09-18 10:23:03,4.43,77900,4.43,D
sz000100,TCL科技,2025-09-18 10:23:09,4.44,36400,4.43,U
sz000100,TCL科技,2025-09-18 10:23:12,4.43,38300,4.44,D
sz000100,TCL科技,2025-09-18 10:23:15,4.43,51800,4.43,D
sz000100,TCL科技,2025-09-18 10:23:24,4.43,63900,4.43,D
sz000100,TCL科技,2025-09-18 10:23:33,4.44,20400,4.43,U
sz000100,TCL科技,2025-09-18 10:23:39,4.43,35500,4.43,D
sz000100,TCL科技,2025-09-18 10:23:42,4.43,26100,4.43,D
sz000100,TCL科技,2025-09-18 10:23:45,4.43,29400,4.43,D
sz000100,TCL科技,2025-09-18 10:23:48,4.43,22900,4.43,D
sz000100,TCL科技,2025-09-18 10:23:51,4.43,50350,4.43,D
sz000100,TCL科技,2025-09-18 10:23:54,4.43,41400,4.43,D
sz000100,TCL科技,2025-09-18 10:23:57,4.43,22400,4.43,D
sz000100,TCL科技,2025-09-18 10:24:00,4.43,66400,4.43,D
sz000100,TCL科技,2025-09-18 10:24:03,4.43,120000,4.43,D
sz000100,TCL科技,2025-09-18 10:24:06,4.44,30100,4.43,U
sz000100,TCL科技,2025-09-18 10:24:09,4.43,42900,4.44,D
sz000100,TCL科技,2025-09-18 10:24:15,4.43,67900,4.43,D
sz000100,TCL科技,2025-09-18 10:24:18,4.43,44000,4.43,D
sz000100,TCL科技,2025-09-18 10:24:21,4.43,77100,4.43,D
sz000100,TCL科技,2025-09-18 10:24:24,4.43,36200,4.43,D
sz000100,TCL科技,2025-09-18 10:24:27,4.44,22000,4.43,U
sz000100,TCL科技,2025-09-18 10:24:33,4.44,31600,4.44,U
sz000100,TCL科技,2025-09-18 10:24:39,4.43,20600,4.43,D
sz000100,TCL科技,2025-09-18 10:24:42,4.43,66800,4.43,D
sz000100,TCL科技,2025-09-18 10:24:45,4.43,54900,4.43,D
sz000100,TCL科技,2025-09-18 10:24:48,4.43,173300,4.43,D
sz000100,TCL科技,2025-09-18 10:24:51,4.44,54100,4.43,U
sz000100,TCL科技,2025-09-18 10:24:54,4.43,101200,4.44,D
sz000100,TCL科技,2025-09-18 10:24:57,4.43,23100,4.43,D
sz000100,TCL科技,2025-09-18 10:25:03,4.43,57500,4.43,D
sz000100,TCL科技,2025-09-18 10:25:06,4.43,68310,4.43,D
sz000100,TCL科技,2025-09-18 10:25:09,4.43,77900,4.43,D
sz000100,TCL科技,2025-09-18 10:25:15,4.44,35700,4.43,U
sz000100,TCL科技,2025-09-18 10:25:18,4.43,51500,4.44,D
sz000100,TCL科技,2025-09-18 10:25:21,4.44,62700,4.43,U
sz000100,TCL科技,2025-09-18 10:25:24,4.44,281700,4.44,U
sz000100,TCL科技,2025-09-18 10:25:27,4.43,301000,4.44,D
sz000100,TCL科技,2025-09-18 10:25:30,4.43,234230,4.43,D
sz000100,TCL科技,2025-09-18 10:25:33,4.44,55100,4.43,U
sz000100,TCL科技,2025-09-18 10:25:36,4.44,45800,4.44,U
sz000100,TCL科技,2025-09-18 10:25:39,4.44,80300,4.44,U
sz000100,TCL科技,2025-09-18 10:25:42,4.44,72500,4.44,U
sz000100,TCL科技,2025-09-18 10:25:45,4.44,74900,4.44,U
sz000100,TCL科技,2025-09-18 10:25:48,4.44,32900,4.44,U
sz000100,TCL科技,2025-09-18 10:26:03,4.44,45100,4.43,U
sz000100,TCL科技,2025-09-18 10:26:09,4.44,782400,4.44,U
sz000100,TCL科技,2025-09-18 10:26:12,4.44,81300,4.44,U
sz000100,TCL科技,2025-09-18 10:26:15,4.44,112000,4.44,U
sz000100,TCL科技,2025-09-18 10:26:18,4.44,60300,4.44,U
sz000100,TCL科技,2025-09-18 10:26:21,4.44,94500,4.44,U
sz000100,TCL科技,2025-09-18 10:26:24,4.44,71300,4.44,U
sz000100,TCL科技,2025-09-18 10:26:27,4.44,32900,4.44,U
sz000100,TCL科技,2025-09-18 10:26:30,4.43,60300,4.44,D
sz000100,TCL科技,2025-09-18 10:26:45,4.43,35600,4.44,D
sz000100,TCL科技,2025-09-18 10:26:48,4.43,21200,4.43,D
sz000100,TCL科技,2025-09-18 10:26:51,4.44,210200,4.43,U
sz000100,TCL科技,2025-09-18 10:26:54,4.44,80400,4.44,U
sz000100,TCL科技,2025-09-18 10:26:57,4.43,26100,4.44,D
sz000100,TCL科技,2025-09-18 10:27:03,4.43,20200,4.44,D
sz000100,TCL科技,2025-09-18 10:27:06,4.44,414700,4.43,U
sz000100,TCL科技,2025-09-18 10:27:12,4.44,31300,4.43,U
sz000100,TCL科技,2025-09-18 10:27:15,4.44,48600,4.44,U
sz000100,TCL科技,2025-09-18 10:27:27,4.44,136200,4.44,U
sz000100,TCL科技,2025-09-18 10:27:30,4.44,65420,4.44,U
sz000100,TCL科技,2025-09-18 10:27:33,4.43,54900,4.44,D
sz000100,TCL科技,2025-09-18 10:27:36,4.44,21900,4.43,U
sz000100,TCL科技,2025-09-18 10:27:39,4.43,224200,4.44,D
sz000100,TCL科技,2025-09-18 10:27:45,4.43,140300,4.44,D
sz000100,TCL科技,2025-09-18 10:27:51,4.43,23100,4.43,D
sz000100,TCL科技,2025-09-18 10:27:54,4.44,30800,4.43,U
sz000100,TCL科技,2025-09-18 10:28:03,4.44,94300,4.43,U
sz000100,TCL科技,2025-09-18 10:28:09,4.43,46900,4.44,D
sz000100,TCL科技,2025-09-18 10:28:12,4.43,21200,4.43,D
sz000100,TCL科技,2025-09-18 10:28:15,4.43,137700,4.43,D
sz000100,TCL科技,2025-09-18 10:28:18,4.44,42600,4.43,U
sz000100,TCL科技,2025-09-18 10:28:21,4.43,62030,4.44,D
sz000100,TCL科技,2025-09-18 10:28:24,4.43,30500,4.43,D
sz000100,TCL科技,2025-09-18 10:28:27,4.43,21100,4.43,D
sz000100,TCL科技,2025-09-18 10:28:33,4.44,23400,4.44,U
sz000100,TCL科技,2025-09-18 10:28:39,4.44,50100,4.43,U
sz000100,TCL科技,2025-09-18 10:28:42,4.44,57800,4.44,U
sz000100,TCL科技,2025-09-18 10:28:45,4.44,227800,4.44,U
sz000100,TCL科技,2025-09-18 10:28:51,4.43,22300,4.43,D
sz000100,TCL科技,2025-09-18 10:28:54,4.43,85000,4.43,D
sz000100,TCL科技,2025-09-18 10:28:57,4.44,25100,4.43,U
sz000100,TCL科技,2025-09-18 10:29:00,4.44,112400,4.44,U
sz000100,TCL科技,2025-09-18 10:29:03,4.43,33400,4.44,D
sz000100,TCL科技,2025-09-18 10:29:06,4.44,91100,4.43,U
sz000100,TCL科技,2025-09-18 10:29:09,4.43,47000,4.44,D
sz000100,TCL科技,2025-09-18 10:29:12,4.44,20200,4.43,U
sz000100,TCL科技,2025-09-18 10:29:15,4.43,21100,4.44,D
sz000100,TCL科技,2025-09-18 10:29:18,4.44,299900,4.43,U
sz000100,TCL科技,2025-09-18 10:29:21,4.44,33400,4.44,U
sz000100,TCL科技,2025-09-18 10:29:27,4.44,22000,4.44,U
sz000100,TCL科技,2025-09-18 10:29:39,4.43,36000,4.43,D
sz000100,TCL科技,2025-09-18 10:29:42,4.43,52700,4.43,D
sz000100,TCL科技,2025-09-18 10:29:48,4.44,437100,4.44,U
sz000100,TCL科技,2025-09-18 10:29:51,4.44,21200,4.44,U
sz000100,TCL科技,2025-09-18 10:30:00,4.43,35900,4.44,D
sz000100,TCL科技,2025-09-18 10:30:03,4.43,34100,4.43,D
sz000100,TCL科技,2025-09-18 10:30:06,4.44,31800,4.43,U
sz000100,TCL科技,2025-09-18 10:30:09,4.44,387900,4.44,U
sz000100,TCL科技,2025-09-18 10:30:24,4.43,27300,4.43,D
sz000100,TCL科技,2025-09-18 10:30:27,4.44,20400,4.43,U
sz000100,TCL科技,2025-09-18 10:30:36,4.43,455500,4.44,D
sz000100,TCL科技,2025-09-18 10:30:39,4.43,212200,4.43,D
sz000100,TCL科技,2025-09-18 10:30:42,4.44,24400,4.43,U
sz000100,TCL科技,2025-09-18 10:30:45,4.43,87900,4.44,D
sz000100,TCL科技,2025-09-18 10:30:48,4.43,45100,4.43,D
sz000100,TCL科技,2025-09-18 10:30:54,4.43,56700,4.44,D
sz000100,TCL科技,2025-09-18 10:31:00,4.43,106300,4.43,D
sz000100,TCL科技,2025-09-18 10:31:06,4.43,2047760,4.43,D
sz000100,TCL科技,2025-09-18 10:31:09,4.43,595100,4.43,U
sz000100,TCL科技,2025-09-18 10:31:12,4.43,425100,4.43,D
sz000100,TCL科技,2025-09-18 10:31:15,4.43,146100,4.43,U
sz000100,TCL科技,2025-09-18 10:31:18,4.43,538600,4.43,U
sz000100,TCL科技,2025-09-18 10:31:21,4.42,149300,4.43,D
sz000100,TCL科技,2025-09-18 10:31:24,4.43,44600,4.42,U
sz000100,TCL科技,2025-09-18 10:31:27,4.43,43900,4.43,U
sz000100,TCL科技,2025-09-18 10:31:30,4.43,262700,4.43,U
sz000100,TCL科技,2025-09-18 10:31:33,4.43,124900,4.43,D
sz000100,TCL科技,2025-09-18 10:31:36,4.43,88400,4.43,D
sz000100,TCL科技,2025-09-18 10:31:39,4.43,35900,4.43,D
sz000100,TCL科技,2025-09-18 10:31:42,4.43,69500,4.43,D
sz000100,TCL科技,2025-09-18 10:31:45,4.43,25500,4.43,D
sz000100,TCL科技,2025-09-18 10:31:51,4.44,39600,4.43,U
sz000100,TCL科技,2025-09-18 10:31:54,4.44,39300,4.44,U
sz000100,TCL科技,2025-09-18 10:31:57,4.43,124700,4.44,D
sz000100,TCL科技,2025-09-18 10:32:00,4.43,22100,4.43,D
sz000100,TCL科技,2025-09-18 10:32:03,4.44,61300,4.43,U
sz000100,TCL科技,2025-09-18 10:32:06,4.43,21700,4.44,D
sz000100,TCL科技,2025-09-18 10:32:09,4.43,114500,4.43,D
sz000100,TCL科技,2025-09-18 10:32:12,4.44,43200,4.43,U
sz000100,TCL科技,2025-09-18 10:32:18,4.44,35500,4.44,U
sz000100,TCL科技,2025-09-18 10:32:21,4.44,21600,4.44,U
sz000100,TCL科技,2025-09-18 10:32:27,4.43,21400,4.44,D
sz000100,TCL科技,2025-09-18 10:32:30,4.43,39200,4.43,D
sz000100,TCL科技,2025-09-18 10:32:33,4.43,40300,4.43,D
sz000100,TCL科技,2025-09-18 10:32:36,4.43,168800,4.43,D
sz000100,TCL科技,2025-09-18 10:32:39,4.43,113400,4.43,D
sz000100,TCL科技,2025-09-18 10:32:45,4.43,53700,4.43,D
sz000100,TCL科技,2025-09-18 10:32:48,4.43,918750,4.43,D
sz000100,TCL科技,2025-09-18 10:32:51,4.43,47900,4.43,U
sz000100,TCL科技,2025-09-18 10:32:54,4.43,42500,4.43,U
sz000100,TCL科技,2025-09-18 10:32:57,4.43,44900,4.43,U
sz000100,TCL科技,2025-09-18 10:33:09,4.43,28100,4.43,U
sz000100,TCL科技,2025-09-18 10:33:15,4.43,301700,4.43,U
sz000100,TCL科技,2025-09-18 10:33:24,4.43,283200,4.42,U
sz000100,TCL科技,2025-09-18 10:33:33,4.43,651900,4.43,U
sz000100,TCL科技,2025-09-18 10:33:36,4.42,29000,4.43,D
sz000100,TCL科技,2025-09-18 10:33:39,4.43,558700,4.42,U
sz000100,TCL科技,2025-09-18 10:33:45,4.43,69400,4.42,U
sz000100,TCL科技,2025-09-18 10:33:48,4.43,1933460,4.43,U
sz000100,TCL科技,2025-09-18 10:33:51,4.43,178200,4.43,U
sz000100,TCL科技,2025-09-18 10:33:54,4.43,120200,4.43,U
sz000100,TCL科技,2025-09-18 10:33:57,4.43,56600,4.43,U
sz000100,TCL科技,2025-09-18 10:34:00,4.43,66400,4.43,U
sz000100,TCL科技,2025-09-18 10:34:03,4.43,142100,4.43,U
sz000100,TCL科技,2025-09-18 10:34:06,4.43,1010500,4.43,U
sz000100,TCL科技,2025-09-18 10:34:09,4.43,133900,4.43,D
sz000100,TCL科技,2025-09-18 10:34:12,4.43,56000,4.43,D
sz000100,TCL科技,2025-09-18 10:34:18,4.43,112600,4.43,D
sz000100,TCL科技,2025-09-18 10:34:21,4.43,30200,4.43,D
sz000100,TCL科技,2025-09-18 10:34:24,4.43,43000,4.43,D
sz000100,TCL科技,2025-09-18 10:34:27,4.43,39300,4.43,D
sz000100,TCL科技,2025-09-18 10:34:30,4.43,250600,4.43,D
sz000100,TCL科技,2025-09-18 10:34:33,4.43,23400,4.43,D
sz000100,TCL科技,2025-09-18 10:34:36,4.44,320200,4.43,U
sz000100,TCL科技,2025-09-18 10:34:42,4.43,85900,4.43,D
sz000100,TCL科技,2025-09-18 10:34:45,4.43,128800,4.43,D
sz000100,TCL科技,2025-09-18 10:34:48,4.43,29100,4.43,D
sz000100,TCL科技,2025-09-18 10:34:57,4.43,188300,4.44,D
sz000100,TCL科技,2025-09-18 10:35:00,4.44,26100,4.43,U
sz000100,TCL科技,2025-09-18 10:35:03,4.43,31800,4.44,D
sz000100,TCL科技,2025-09-18 10:35:06,4.43,23650,4.43,D
sz000100,TCL科技,2025-09-18 10:35:12,4.43,32600,4.44,D
sz000100,TCL科技,2025-09-18 10:35:15,4.43,39000,4.43,D
sz000100,TCL科技,2025-09-18 10:35:21,4.43,40000,4.43,D
sz000100,TCL科技,2025-09-18 10:35:24,4.43,212300,4.43,D
sz000100,TCL科技,2025-09-18 10:35:27,4.43,26980,4.43,D
sz000100,TCL科技,2025-09-18 10:35:33,4.44,93500,4.44,U
sz000100,TCL科技,2025-09-18 10:35:36,4.44,308000,4.44,U
sz000100,TCL科技,2025-09-18 10:35:39,4.44,163300,4.44,U
sz000100,TCL科技,2025-09-18 10:35:42,4.44,77200,4.44,U
sz000100,TCL科技,2025-09-18 10:35:45,4.44,233000,4.44,U
sz000100,TCL科技,2025-09-18 10:35:48,4.43,80500,4.44,D
sz000100,TCL科技,2025-09-18 10:35:57,4.43,24100,4.43,D
sz000100,TCL科技,2025-09-18 10:36:00,4.43,24100,4.43,D
sz000100,TCL科技,2025-09-18 10:36:03,4.43,156300,4.43,D
sz000100,TCL科技,2025-09-18 10:36:06,4.43,47400,4.43,D
sz000100,TCL科技,2025-09-18 10:36:09,4.43,26700,4.43,D
sz000100,TCL科技,2025-09-18 10:36:15,4.43,21100,4.44,D
sz000100,TCL科技,2025-09-18 10:36:18,4.44,27200,4.43,U
sz000100,TCL科技,2025-09-18 10:36:27,4.44,22200,4.43,U
sz000100,TCL科技,2025-09-18 10:36:33,4.43,70100,4.44,D
sz000100,TCL科技,2025-09-18 10:36:48,4.43,30800,4.44,D
sz000100,TCL科技,2025-09-18 10:36:54,4.43,36700,4.43,D
sz000100,TCL科技,2025-09-18 10:37:00,4.44,26300,4.44,U
sz000100,TCL科技,2025-09-18 10:37:03,4.44,114700,4.44,U
sz000100,TCL科技,2025-09-18 10:37:06,4.44,31500,4.44,U
sz000100,TCL科技,2025-09-18 10:37:09,4.43,28400,4.44,D
sz000100,TCL科技,2025-09-18 10:37:12,4.44,60300,4.43,U
sz000100,TCL科技,2025-09-18 10:37:15,4.44,54000,4.44,U
sz000100,TCL科技,2025-09-18 10:37:24,4.44,38000,4.44,U
sz000100,TCL科技,2025-09-18 10:37:27,4.43,36600,4.44,D
sz000100,TCL科技,2025-09-18 10:37:30,4.43,24000,4.43,D
sz000100,TCL科技,2025-09-18 10:37:36,4.44,56500,4.43,U
sz000100,TCL科技,2025-09-18 10:37:39,4.43,21800,4.44,D
sz000100,TCL科技,2025-09-18 10:37:45,4.43,45300,4.44,D
sz000100,TCL科技,2025-09-18 10:37:54,4.43,772200,4.44,D
sz000100,TCL科技,2025-09-18 10:38:00,4.43,84320,4.44,D
sz000100,TCL科技,2025-09-18 10:38:03,4.44,167300,4.43,U
sz000100,TCL科技,2025-09-18 10:38:06,4.43,131400,4.44,D
sz000100,TCL科技,2025-09-18 10:38:12,4.43,94900,4.44,D
sz000100,TCL科技,2025-09-18 10:38:15,4.43,42800,4.43,D
sz000100,TCL科技,2025-09-18 10:38:24,4.43,21800,4.43,D
sz000100,TCL科技,2025-09-18 10:38:27,4.43,33900,4.43,D
sz000100,TCL科技,2025-09-18 10:38:30,4.43,52000,4.43,D
sz000100,TCL科技,2025-09-18 10:38:33,4.44,34200,4.43,U
sz000100,TCL科技,2025-09-18 10:38:45,4.43,30000,4.43,D
sz000100,TCL科技,2025-09-18 10:38:51,4.43,33900,4.43,D
sz000100,TCL科技,2025-09-18 10:38:54,4.43,31500,4.43,D
sz000100,TCL科技,2025-09-18 10:38:57,4.43,37000,4.43,D
sz000100,TCL科技,2025-09-18 10:39:03,4.44,43000,4.44,U
sz000100,TCL科技,2025-09-18 10:39:09,4.43,28300,4.43,D
sz000100,TCL科技,2025-09-18 10:39:12,4.44,20400,4.43,U
sz000100,TCL科技,2025-09-18 10:39:15,4.44,101100,4.44,U
sz000100,TCL科技,2025-09-18 10:39:21,4.44,35600,4.43,U
sz000100,TCL科技,2025-09-18 10:39:33,4.44,32200,4.44,U
sz000100,TCL科技,2025-09-18 10:39:42,4.43,44900,4.43,D
sz000100,TCL科技,2025-09-18 10:39:45,4.44,53800,4.43,U
sz000100,TCL科技,2025-09-18 10:39:51,4.43,30000,4.43,D
sz000100,TCL科技,2025-09-18 10:39:54,4.44,40950,4.43,U
sz000100,TCL科技,2025-09-18 10:39:57,4.43,157000,4.44,D
sz000100,TCL科技,2025-09-18 10:40:00,4.43,529500,4.43,D
sz000100,TCL科技,2025-09-18 10:40:03,4.43,2746500,4.43,D
sz000100,TCL科技,2025-09-18 10:40:06,4.42,140400,4.43,D
sz000100,TCL科技,2025-09-18 10:40:09,4.43,104800,4.42,U
sz000100,TCL科技,2025-09-18 10:40:12,4.43,499900,4.43,D
sz000100,TCL科技,2025-09-18 10:40:18,4.43,84900,4.43,D
sz000100,TCL科技,2025-09-18 10:40:21,4.43,187900,4.43,D
sz000100,TCL科技,2025-09-18 10:40:24,4.43,97400,4.43,D
sz000100,TCL科技,2025-09-18 10:40:27,4.43,115900,4.43,D
sz000100,TCL科技,2025-09-18 10:40:30,4.43,95000,4.43,D
sz000100,TCL科技,2025-09-18 10:40:33,4.43,97200,4.43,D
sz000100,TCL科技,2025-09-18 10:40:36,4.44,105300,4.43,U
sz000100,TCL科技,2025-09-18 10:40:39,4.43,90100,4.44,D
sz000100,TCL科技,2025-09-18 10:40:42,4.44,190300,4.43,U
sz000100,TCL科技,2025-09-18 10:40:45,4.43,37500,4.44,D
sz000100,TCL科技,2025-09-18 10:40:48,4.43,125700,4.43,D
sz000100,TCL科技,2025-09-18 10:40:51,4.43,55100,4.43,D
sz000100,TCL科技,2025-09-18 10:40:54,4.43,177400,4.43,U
sz000100,TCL科技,2025-09-18 10:40:57,4.43,184400,4.43,U
sz000100,TCL科技,2025-09-18 10:41:00,4.43,242600,4.43,U
sz000100,TCL科技,2025-09-18 10:41:03,4.43,252300,4.43,U
sz000100,TCL科技,2025-09-18 10:41:06,4.43,274200,4.43,U
sz000100,TCL科技,2025-09-18 10:41:09,4.42,44700,4.43,D
sz000100,TCL科技,2025-09-18 10:41:12,4.43,53800,4.42,U
sz000100,TCL科技,2025-09-18 10:41:15,4.43,108000,4.43,E
sz000100,TCL科技,2025-09-18 10:41:18,4.44,34100,4.43,U
sz000100,TCL科技,2025-09-18 10:41:21,4.44,109800,4.44,U
sz000100,TCL科技,2025-09-18 10:41:24,4.43,73700,4.44,D
sz000100,TCL科技,2025-09-18 10:41:27,4.44,52260,4.43,U
sz000100,TCL科技,2025-09-18 10:41:30,4.43,44900,4.44,D
sz000100,TCL科技,2025-09-18 10:41:33,4.44,43600,4.43,U
sz000100,TCL科技,2025-09-18 10:41:36,4.43,34800,4.44,D
sz000100,TCL科技,2025-09-18 10:41:39,4.44,25800,4.43,U
sz000100,TCL科技,2025-09-18 10:41:42,4.44,73500,4.44,U
sz000100,TCL科技,2025-09-18 10:41:48,4.44,38210,4.43,U
sz000100,TCL科技,2025-09-18 10:41:54,4.43,34800,4.43,D
sz000100,TCL科技,2025-09-18 10:42:06,4.43,92800,4.43,D
sz000100,TCL科技,2025-09-18 10:42:09,4.43,29900,4.43,D
sz000100,TCL科技,2025-09-18 10:42:12,4.43,47100,4.43,D
sz000100,TCL科技,2025-09-18 10:42:15,4.43,90000,4.43,D
sz000100,TCL科技,2025-09-18 10:42:18,4.43,22700,4.43,D
sz000100,TCL科技,2025-09-18 10:42:24,4.43,25600,4.43,D
sz000100,TCL科技,2025-09-18 10:42:27,4.43,49900,4.43,D
sz000100,TCL科技,2025-09-18 10:42:33,4.43,38200,4.43,D
sz000100,TCL科技,2025-09-18 10:42:45,4.43,23100,4.43,D
sz000100,TCL科技,2025-09-18 10:43:00,4.43,98100,4.43,D
sz000100,TCL科技,2025-09-18 10:43:06,4.43,21100,4.43,D
sz000100,TCL科技,2025-09-18 10:43:09,4.43,22500,4.43,D
sz000100,TCL科技,2025-09-18 10:43:12,4.43,70000,4.43,D
sz000100,TCL科技,2025-09-18 10:43:15,4.43,20400,4.43,D
sz000100,TCL科技,2025-09-18 10:43:18,4.43,48200,4.43,D
sz000100,TCL科技,2025-09-18 10:43:48,4.43,42600,4.43,D
sz000100,TCL科技,2025-09-18 10:43:51,4.43,69900,4.43,D
sz000100,TCL科技,2025-09-18 10:44:09,4.43,66500,4.43,D
sz000100,TCL科技,2025-09-18 10:44:12,4.43,91500,4.43,D
sz000100,TCL科技,2025-09-18 10:44:18,4.43,49400,4.43,D
sz000100,TCL科技,2025-09-18 10:44:39,4.43,61900,4.44,D
sz000100,TCL科技,2025-09-18 10:44:42,4.43,37200,4.43,D
sz000100,TCL科技,2025-09-18 10:44:45,4.43,89100,4.43,D
sz000100,TCL科技,2025-09-18 10:44:48,4.43,30300,4.43,D
sz000100,TCL科技,2025-09-18 10:45:09,4.43,164200,4.43,D
sz000100,TCL科技,2025-09-18 10:45:12,4.43,110600,4.43,D
sz000100,TCL科技,2025-09-18 10:45:15,4.44,34000,4.43,U
sz000100,TCL科技,2025-09-18 10:45:27,4.44,39400,4.44,U
sz000100,TCL科技,2025-09-18 10:45:39,4.43,22700,4.43,D
sz000100,TCL科技,2025-09-18 10:45:42,4.44,20200,4.43,U
sz000100,TCL科技,2025-09-18 10:45:45,4.44,68600,4.44,U
sz000100,TCL科技,2025-09-18 10:45:54,4.43,63900,4.43,D
sz000100,TCL科技,2025-09-18 10:46:03,4.44,38700,4.44,U
sz000100,TCL科技,2025-09-18 10:46:39,4.43,22100,4.43,D
sz000100,TCL科技,2025-09-18 10:46:42,4.44,38800,4.43,U
sz000100,TCL科技,2025-09-18 10:46:45,4.43,20200,4.44,D
sz000100,TCL科技,2025-09-18 10:46:51,4.44,68000,4.44,U
sz000100,TCL科技,2025-09-18 10:46:54,4.43,26300,4.44,D
sz000100,TCL科技,2025-09-18 10:47:15,4.43,29300,4.43,D
sz000100,TCL科技,2025-09-18 10:47:21,4.44,137300,4.43,U
sz000100,TCL科技,2025-09-18 10:47:33,4.43,31600,4.43,D
sz000100,TCL科技,2025-09-18 10:47:36,4.43,73100,4.43,D
sz000100,TCL科技,2025-09-18 10:47:39,4.43,42500,4.43,D
sz000100,TCL科技,2025-09-18 10:47:45,4.43,41300,4.43,D
sz000100,TCL科技,2025-09-18 10:47:48,4.43,82400,4.43,D
sz000100,TCL科技,2025-09-18 10:47:51,4.43,59100,4.43,D
sz000100,TCL科技,2025-09-18 10:47:54,4.43,34300,4.43,D
sz000100,TCL科技,2025-09-18 10:47:57,4.43,24900,4.43,D
sz000100,TCL科技,2025-09-18 10:48:03,4.43,48500,4.43,D
sz000100,TCL科技,2025-09-18 10:48:06,4.44,85270,4.43,U
sz000100,TCL科技,2025-09-18 10:48:09,4.44,26700,4.44,U
sz000100,TCL科技,2025-09-18 10:48:12,4.43,28800,4.44,D
sz000100,TCL科技,2025-09-18 10:48:15,4.43,206800,4.43,D
sz000100,TCL科技,2025-09-18 10:48:18,4.43,85000,4.43,D
sz000100,TCL科技,2025-09-18 10:48:21,4.43,283100,4.43,D
sz000100,TCL科技,2025-09-18 10:48:24,4.43,32400,4.43,D
sz000100,TCL科技,2025-09-18 10:48:27,4.43,39800,4.43,D
sz000100,TCL科技,2025-09-18 10:48:42,4.43,42000,4.43,D
sz000100,TCL科技,2025-09-18 10:48:54,4.43,146700,4.44,D
sz000100,TCL科技,2025-09-18 10:49:06,4.43,24200,4.43,D
sz000100,TCL科技,2025-09-18 10:49:24,4.43,111700,4.43,D
sz000100,TCL科技,2025-09-18 10:49:30,4.43,63400,4.44,D
sz000100,TCL科技,2025-09-18 10:49:33,4.43,1381730,4.43,D
sz000100,TCL科技,2025-09-18 10:49:36,4.43,149600,4.43,D
sz000100,TCL科技,2025-09-18 10:49:39,4.42,296200,4.43,D
sz000100,TCL科技,2025-09-18 10:49:42,4.42,332700,4.42,D
sz000100,TCL科技,2025-09-18 10:49:45,4.42,73700,4.42,D
sz000100,TCL科技,2025-09-18 10:49:48,4.43,309800,4.42,U
sz000100,TCL科技,2025-09-18 10:49:51,4.43,93600,4.43,U
sz000100,TCL科技,2025-09-18 10:49:57,4.43,79630,4.42,U
sz000100,TCL科技,2025-09-18 10:50:06,4.43,51400,4.43,U
sz000100,TCL科技,2025-09-18 10:50:15,4.43,35800,4.42,U
sz000100,TCL科技,2025-09-18 10:50:18,4.43,96600,4.43,U
sz000100,TCL科技,2025-09-18 10:50:21,4.43,195700,4.43,U
sz000100,TCL科技,2025-09-18 10:50:24,4.43,1046710,4.43,U
sz000100,TCL科技,2025-09-18 10:50:27,4.43,21700,4.43,D
sz000100,TCL科技,2025-09-18 10:50:33,4.43,63700,4.43,D
sz000100,TCL科技,2025-09-18 10:50:39,4.43,62700,4.43,D
sz000100,TCL科技,2025-09-18 10:50:42,4.43,23800,4.43,D
sz000100,TCL科技,2025-09-18 10:50:45,4.43,27400,4.43,D
sz000100,TCL科技,2025-09-18 10:50:48,4.43,209500,4.43,D
sz000100,TCL科技,2025-09-18 10:50:51,4.43,56828,4.43,D
sz000100,TCL科技,2025-09-18 10:50:57,4.43,50300,4.43,D
sz000100,TCL科技,2025-09-18 10:51:00,4.43,71700,4.43,D
sz000100,TCL科技,2025-09-18 10:51:03,4.43,23500,4.43,D
sz000100,TCL科技,2025-09-18 10:51:15,4.43,28300,4.43,D
sz000100,TCL科技,2025-09-18 10:51:30,4.43,97800,4.43,D
sz000100,TCL科技,2025-09-18 10:51:36,4.43,219700,4.43,D
sz000100,TCL科技,2025-09-18 10:51:39,4.43,61700,4.43,D
sz000100,TCL科技,2025-09-18 10:51:42,4.43,45100,4.43,D
sz000100,TCL科技,2025-09-18 10:51:45,4.43,67200,4.43,D
sz000100,TCL科技,2025-09-18 10:51:48,4.44,60900,4.43,U
sz000100,TCL科技,2025-09-18 10:51:51,4.44,71200,4.44,U
sz000100,TCL科技,2025-09-18 10:51:54,4.44,84100,4.44,U
sz000100,TCL科技,2025-09-18 10:51:57,4.43,28200,4.44,D
sz000100,TCL科技,2025-09-18 10:52:00,4.44,24000,4.43,U
sz000100,TCL科技,2025-09-18 10:52:09,4.43,392700,4.43,D
sz000100,TCL科技,2025-09-18 10:52:15,4.43,35000,4.43,D
sz000100,TCL科技,2025-09-18 10:52:24,4.43,25900,4.43,D
sz000100,TCL科技,2025-09-18 10:52:30,4.44,21600,4.43,U
sz000100,TCL科技,2025-09-18 10:52:36,4.43,69900,4.43,D
sz000100,TCL科技,2025-09-18 10:52:48,4.43,30000,4.43,D
sz000100,TCL科技,2025-09-18 10:52:54,4.43,212200,4.43,D
sz000100,TCL科技,2025-09-18 10:53:03,4.43,59260,4.43,D
sz000100,TCL科技,2025-09-18 10:53:09,4.43,56500,4.43,D
sz000100,TCL科技,2025-09-18 10:53:12,4.43,28500,4.43,D
sz000100,TCL科技,2025-09-18 10:53:24,4.43,26400,4.44,D
sz000100,TCL科技,2025-09-18 10:53:51,4.44,21000,4.44,U
sz000100,TCL科技,2025-09-18 10:53:54,4.43,33600,4.44,D
sz000100,TCL科技,2025-09-18 10:54:03,4.43,57440,4.43,D
sz000100,TCL科技,2025-09-18 10:54:27,4.43,25100,4.44,D
sz000100,TCL科技,2025-09-18 10:54:36,4.43,29400,4.43,D
sz000100,TCL科技,2025-09-18 10:54:39,4.43,65800,4.43,D
sz000100,TCL科技,2025-09-18 10:54:42,4.44,35000,4.43,U
sz000100,TCL科技,2025-09-18 10:54:57,4.44,72600,4.43,U
sz000100,TCL科技,2025-09-18 10:55:03,4.44,23700,4.44,U
sz000100,TCL科技,2025-09-18 10:55:06,4.44,71800,4.44,U
sz000100,TCL科技,2025-09-18 10:55:09,4.43,64400,4.44,D
sz000100,TCL科技,2025-09-18 10:55:24,4.43,43500,4.43,D
sz000100,TCL科技,2025-09-18 10:55:27,4.43,53900,4.43,D
sz000100,TCL科技,2025-09-18 10:55:36,4.43,34600,4.43,D
sz000100,TCL科技,2025-09-18 10:55:51,4.44,54700,4.44,U
sz000100,TCL科技,2025-09-18 10:56:09,4.43,56500,4.43,D
sz000100,TCL科技,2025-09-18 10:56:30,4.43,53400,4.44,D
sz000100,TCL科技,2025-09-18 10:56:45,4.43,24300,4.44,D
sz000100,TCL科技,2025-09-18 10:56:48,4.44,31300,4.43,U
sz000100,TCL科技,2025-09-18 10:56:54,4.43,36400,4.44,D
sz000100,TCL科技,2025-09-18 10:56:57,4.43,23700,4.43,D
sz000100,TCL科技,2025-09-18 10:57:09,4.43,51100,4.43,D
sz000100,TCL科技,2025-09-18 10:57:12,4.44,73400,4.43,U
sz000100,TCL科技,2025-09-18 10:57:15,4.44,55500,4.44,U
sz000100,TCL科技,2025-09-18 10:57:18,4.44,34100,4.44,U
sz000100,TCL科技,2025-09-18 10:57:21,4.44,37100,4.44,U
sz000100,TCL科技,2025-09-18 10:57:24,4.43,44100,4.44,D
sz000100,TCL科技,2025-09-18 10:57:30,4.43,35800,4.44,D
sz000100,TCL科技,2025-09-18 10:57:33,4.44,31500,4.43,U
sz000100,TCL科技,2025-09-18 10:57:39,4.44,20800,4.43,U
sz000100,TCL科技,2025-09-18 10:57:42,4.43,33900,4.44,D
sz000100,TCL科技,2025-09-18 10:58:00,4.43,81700,4.43,D
sz000100,TCL科技,2025-09-18 10:58:09,4.43,116100,4.43,D
sz000100,TCL科技,2025-09-18 10:58:21,4.44,31000,4.43,U
sz000100,TCL科技,2025-09-18 10:58:27,4.43,99000,4.43,D
sz000100,TCL科技,2025-09-18 10:58:30,4.43,78200,4.43,D
sz000100,TCL科技,2025-09-18 10:58:42,4.43,340900,4.43,D
sz000100,TCL科技,2025-09-18 10:58:45,4.44,55100,4.43,U
sz000100,TCL科技,2025-09-18 10:58:48,4.43,208030,4.44,D
sz000100,TCL科技,2025-09-18 10:58:51,4.44,105400,4.43,U
sz000100,TCL科技,2025-09-18 10:58:54,4.43,56800,4.44,D
sz000100,TCL科技,2025-09-18 10:59:03,4.43,346200,4.43,D
sz000100,TCL科技,2025-09-18 10:59:06,4.43,789900,4.43,D
sz000100,TCL科技,2025-09-18 10:59:09,4.43,116300,4.43,D
sz000100,TCL科技,2025-09-18 10:59:12,4.44,47700,4.43,U
sz000100,TCL科技,2025-09-18 10:59:18,4.43,24600,4.44,D
sz000100,TCL科技,2025-09-18 10:59:24,4.43,69900,4.43,D
sz000100,TCL科技,2025-09-18 10:59:39,4.44,72900,4.43,U
sz000100,TCL科技,2025-09-18 10:59:42,4.43,90600,4.44,D
sz000100,TCL科技,2025-09-18 10:59:45,4.43,87100,4.43,D
sz000100,TCL科技,2025-09-18 10:59:54,4.43,117800,4.44,D
sz000100,TCL科技,2025-09-18 10:59:57,4.43,65900,4.43,D
sz000100,TCL科技,2025-09-18 11:00:06,4.43,318500,4.43,D
sz000100,TCL科技,2025-09-18 11:00:12,4.43,82400,4.43,D
sz000100,TCL科技,2025-09-18 11:00:18,4.43,370400,4.43,D
sz000100,TCL科技,2025-09-18 11:00:21,4.44,101800,4.43,U
sz000100,TCL科技,2025-09-18 11:00:24,4.43,114600,4.44,D
sz000100,TCL科技,2025-09-18 11:00:30,4.43,113600,4.44,D
sz000100,TCL科技,2025-09-18 11:00:33,4.44,24400,4.43,U
sz000100,TCL科技,2025-09-18 11:00:36,4.44,87500,4.44,U
sz000100,TCL科技,2025-09-18 11:00:48,4.44,50200,4.44,U
sz000100,TCL科技,2025-09-18 11:00:51,4.44,46300,4.44,U
sz000100,TCL科技,2025-09-18 11:00:54,4.44,144700,4.44,U
sz000100,TCL科技,2025-09-18 11:00:57,4.43,23000,4.44,D
sz000100,TCL科技,2025-09-18 11:01:03,4.43,59900,4.44,D
sz000100,TCL科技,2025-09-18 11:01:09,4.43,23600,4.43,D
sz000100,TCL科技,2025-09-18 11:01:12,4.43,344700,4.43,D
sz000100,TCL科技,2025-09-18 11:01:36,4.43,23700,4.43,D
sz000100,TCL科技,2025-09-18 11:02:03,4.43,40500,4.43,D
sz000100,TCL科技,2025-09-18 11:02:06,4.43,40300,4.43,D
sz000100,TCL科技,2025-09-18 11:02:12,4.44,26500,4.43,U
sz000100,TCL科技,2025-09-18 11:02:18,4.43,27300,4.43,D
sz000100,TCL科技,2025-09-18 11:02:21,4.43,83800,4.43,D
sz000100,TCL科技,2025-09-18 11:02:33,4.43,56900,4.43,D
sz000100,TCL科技,2025-09-18 11:02:39,4.44,56200,4.44,U
sz000100,TCL科技,2025-09-18 11:02:51,4.43,28700,4.43,D
sz000100,TCL科技,2025-09-18 11:02:54,4.44,24200,4.43,U
sz000100,TCL科技,2025-09-18 11:03:09,4.44,47000,4.44,U
sz000100,TCL科技,2025-09-18 11:03:12,4.43,30000,4.44,D
sz000100,TCL科技,2025-09-18 11:03:15,4.43,27300,4.43,D
sz000100,TCL科技,2025-09-18 11:03:21,4.43,126300,4.44,D
sz000100,TCL科技,2025-09-18 11:03:36,4.43,56600,4.43,D
sz000100,TCL科技,2025-09-18 11:03:45,4.44,85800,4.43,U
sz000100,TCL科技,2025-09-18 11:04:03,4.43,22400,4.43,D
sz000100,TCL科技,2025-09-18 11:04:06,4.44,21700,4.43,U
sz000100,TCL科技,2025-09-18 11:04:15,4.43,24000,4.43,D
sz000100,TCL科技,2025-09-18 11:04:21,4.43,100400,4.43,D
sz000100,TCL科技,2025-09-18 11:04:24,4.43,38900,4.43,D
sz000100,TCL科技,2025-09-18 11:04:30,4.43,20100,4.43,D
sz000100,TCL科技,2025-09-18 11:04:33,4.43,74000,4.43,D
sz000100,TCL科技,2025-09-18 11:04:36,4.43,76800,4.43,D
sz000100,TCL科技,2025-09-18 11:04:39,4.43,35400,4.43,D
sz000100,TCL科技,2025-09-18 11:04:42,4.43,63100,4.43,D
sz000100,TCL科技,2025-09-18 11:04:45,4.44,41900,4.43,U
sz000100,TCL科技,2025-09-18 11:04:48,4.44,329100,4.44,U
sz000100,TCL科技,2025-09-18 11:04:51,4.43,37800,4.44,D
sz000100,TCL科技,2025-09-18 11:04:57,4.44,633500,4.44,U
sz000100,TCL科技,2025-09-18 11:05:00,4.44,20000,4.44,U
sz000100,TCL科技,2025-09-18 11:05:18,4.44,20200,4.43,U
sz000100,TCL科技,2025-09-18 11:05:21,4.43,30800,4.44,D
sz000100,TCL科技,2025-09-18 11:05:24,4.44,222200,4.43,U
sz000100,TCL科技,2025-09-18 11:05:27,4.44,44100,4.44,U
sz000100,TCL科技,2025-09-18 11:05:30,4.44,105500,4.44,U
sz000100,TCL科技,2025-09-18 11:05:33,4.43,66800,4.44,D
sz000100,TCL科技,2025-09-18 11:05:36,4.44,27800,4.43,U
sz000100,TCL科技,2025-09-18 11:05:39,4.43,136700,4.44,D
sz000100,TCL科技,2025-09-18 11:05:42,4.43,204500,4.43,D
sz000100,TCL科技,2025-09-18 11:05:48,4.44,128800,4.43,U
sz000100,TCL科技,2025-09-18 11:06:09,4.44,43900,4.43,U
sz000100,TCL科技,2025-09-18 11:06:12,4.44,107300,4.44,U
sz000100,TCL科技,2025-09-18 11:06:18,4.44,23700,4.43,U
sz000100,TCL科技,2025-09-18 11:06:21,4.44,22800,4.44,U
sz000100,TCL科技,2025-09-18 11:06:33,4.44,217900,4.43,U
sz000100,TCL科技,2025-09-18 11:06:48,4.44,46500,4.43,U
sz000100,TCL科技,2025-09-18 11:06:54,4.44,33900,4.44,U
sz000100,TCL科技,2025-09-18 11:07:06,4.44,28800,4.44,U
sz000100,TCL科技,2025-09-18 11:07:09,4.44,33500,4.44,U
sz000100,TCL科技,2025-09-18 11:07:12,4.43,42300,4.44,D
sz000100,TCL科技,2025-09-18 11:07:18,4.44,21800,4.43,U
sz000100,TCL科技,2025-09-18 11:07:27,4.44,69700,4.43,U
sz000100,TCL科技,2025-09-18 11:07:36,4.43,43400,4.44,D
sz000100,TCL科技,2025-09-18 11:07:42,4.43,80400,4.43,D
sz000100,TCL科技,2025-09-18 11:07:48,4.43,25400,4.43,D
sz000100,TCL科技,2025-09-18 11:07:54,4.43,250300,4.44,D
sz000100,TCL科技,2025-09-18 11:07:57,4.43,27100,4.43,D
sz000100,TCL科技,2025-09-18 11:08:06,4.43,20500,4.44,D
sz000100,TCL科技,2025-09-18 11:08:09,4.43,69300,4.43,D
sz000100,TCL科技,2025-09-18 11:08:12,4.43,47800,4.43,D
sz000100,TCL科技,2025-09-18 11:08:18,4.44,123000,4.43,U
sz000100,TCL科技,2025-09-18 11:08:21,4.43,36800,4.44,D
sz000100,TCL科技,2025-09-18 11:08:30,4.44,118800,4.44,U
sz000100,TCL科技,2025-09-18 11:08:36,4.43,25600,4.43,D
sz000100,TCL科技,2025-09-18 11:08:39,4.43,77800,4.43,D
sz000100,TCL科技,2025-09-18 11:08:42,4.43,120400,4.43,D
sz000100,TCL科技,2025-09-18 11:08:48,4.43,500500,4.43,D
sz000100,TCL科技,2025-09-18 11:08:51,4.43,76800,4.43,D
sz000100,TCL科技,2025-09-18 11:08:54,4.43,42500,4.43,D
sz000100,TCL科技,2025-09-18 11:09:00,4.43,26900,4.43,D
sz000100,TCL科技,2025-09-18 11:09:03,4.43,1057100,4.43,D
sz000100,TCL科技,2025-09-18 11:09:06,4.43,132300,4.43,D
sz000100,TCL科技,2025-09-18 11:09:09,4.44,39100,4.43,U
sz000100,TCL科技,2025-09-18 11:09:12,4.43,1021300,4.44,D
sz000100,TCL科技,2025-09-18 11:09:15,4.43,162200,4.43,D
sz000100,TCL科技,2025-09-18 11:09:18,4.43,62000,4.43,D
sz000100,TCL科技,2025-09-18 11:09:24,4.43,47900,4.43,D
sz000100,TCL科技,2025-09-18 11:09:27,4.43,39000,4.43,D
sz000100,TCL科技,2025-09-18 11:09:30,4.44,50300,4.43,U
sz000100,TCL科技,2025-09-18 11:09:36,4.43,30000,4.43,D
sz000100,TCL科技,2025-09-18 11:09:42,4.43,33500,4.44,D
sz000100,TCL科技,2025-09-18 11:09:45,4.43,85200,4.43,D
sz000100,TCL科技,2025-09-18 11:09:48,4.43,74000,4.43,D
sz000100,TCL科技,2025-09-18 11:09:51,4.43,31900,4.43,D
sz000100,TCL科技,2025-09-18 11:09:54,4.43,47600,4.43,D
sz000100,TCL科技,2025-09-18 11:09:57,4.43,24300,4.43,D
sz000100,TCL科技,2025-09-18 11:10:03,4.43,857000,4.43,D
sz000100,TCL科技,2025-09-18 11:10:06,4.43,272100,4.43,U
sz000100,TCL科技,2025-09-18 11:10:09,4.43,50300,4.43,U
sz000100,TCL科技,2025-09-18 11:10:12,4.43,29000,4.43,U
sz000100,TCL科技,2025-09-18 11:10:18,4.43,66000,4.43,U
sz000100,TCL科技,2025-09-18 11:10:21,4.42,47600,4.43,D
sz000100,TCL科技,2025-09-18 11:10:27,4.42,20500,4.43,D
sz000100,TCL科技,2025-09-18 11:11:03,4.42,41600,4.42,D
sz000100,TCL科技,2025-09-18 11:11:06,4.42,28200,4.42,D
sz000100,TCL科技,2025-09-18 11:11:09,4.42,50400,4.42,D
sz000100,TCL科技,2025-09-18 11:11:24,4.42,34500,4.42,D
sz000100,TCL科技,2025-09-18 11:11:36,4.42,21800,4.42,D
sz000100,TCL科技,2025-09-18 11:11:42,4.42,28400,4.42,D
sz000100,TCL科技,2025-09-18 11:11:45,4.42,304200,4.42,D
sz000100,TCL科技,2025-09-18 11:11:48,4.43,25900,4.42,U
sz000100,TCL科技,2025-09-18 11:11:54,4.42,154500,4.43,D
sz000100,TCL科技,2025-09-18 11:12:00,4.42,55000,4.43,D
sz000100,TCL科技,2025-09-18 11:12:03,4.42,30100,4.42,D
sz000100,TCL科技,2025-09-18 11:12:06,4.43,76600,4.42,U
sz000100,TCL科技,2025-09-18 11:12:18,4.43,35600,4.42,U
sz000100,TCL科技,2025-09-18 11:12:21,4.42,47400,4.43,D
sz000100,TCL科技,2025-09-18 11:12:54,4.42,176700,4.43,D
sz000100,TCL科技,2025-09-18 11:12:57,4.43,3021310,4.42,U
sz000100,TCL科技,2025-09-18 11:13:00,4.43,39300,4.43,D
sz000100,TCL科技,2025-09-18 11:13:03,4.43,171600,4.43,D
sz000100,TCL科技,2025-09-18 11:13:06,4.43,53000,4.43,D
sz000100,TCL科技,2025-09-18 11:13:09,4.43,32600,4.43,D
sz000100,TCL科技,2025-09-18 11:13:21,4.44,31150,4.43,U
sz000100,TCL科技,2025-09-18 11:14:09,4.44,48700,4.43,U
sz000100,TCL科技,2025-09-18 11:14:18,4.44,23330,4.43,U
sz000100,TCL科技,2025-09-18 11:14:24,4.43,43700,4.43,D
sz000100,TCL科技,2025-09-18 11:14:33,4.43,38800,4.43,D
sz000100,TCL科技,2025-09-18 11:14:36,4.44,119500,4.43,U
sz000100,TCL科技,2025-09-18 11:14:39,4.43,28340,4.44,D
sz000100,TCL科技,2025-09-18 11:14:54,4.43,36100,4.43,D
sz000100,TCL科技,2025-09-18 11:14:57,4.43,39200,4.43,D
sz000100,TCL科技,2025-09-18 11:15:15,4.43,87200,4.43,D
sz000100,TCL科技,2025-09-18 11:15:18,4.43,69400,4.43,D
sz000100,TCL科技,2025-09-18 11:15:24,4.43,42900,4.43,D
sz000100,TCL科技,2025-09-18 11:15:42,4.43,48200,4.43,D
sz000100,TCL科技,2025-09-18 11:15:51,4.43,38700,4.43,D
sz000100,TCL科技,2025-09-18 11:15:57,4.43,31200,4.43,D
sz000100,TCL科技,2025-09-18 11:16:00,4.43,80100,4.43,D
sz000100,TCL科技,2025-09-18 11:16:03,4.43,26000,4.43,D
sz000100,TCL科技,2025-09-18 11:16:30,4.44,120700,4.43,U
sz000100,TCL科技,2025-09-18 11:16:33,4.44,74800,4.44,U
sz000100,TCL科技,2025-09-18 11:16:36,4.43,22000,4.44,D
sz000100,TCL科技,2025-09-18 11:16:39,4.44,42200,4.43,U
sz000100,TCL科技,2025-09-18 11:16:45,4.43,23400,4.44,D
sz000100,TCL科技,2025-09-18 11:16:54,4.44,37400,4.44,U
sz000100,TCL科技,2025-09-18 11:16:57,4.43,66700,4.44,D
sz000100,TCL科技,2025-09-18 11:17:00,4.44,24500,4.43,U
sz000100,TCL科技,2025-09-18 11:17:18,4.44,27200,4.44,U
sz000100,TCL科技,2025-09-18 11:17:21,4.44,40100,4.44,U
sz000100,TCL科技,2025-09-18 11:17:24,4.43,24600,4.44,D
sz000100,TCL科技,2025-09-18 11:17:27,4.43,45300,4.43,D
sz000100,TCL科技,2025-09-18 11:17:42,4.43,52500,4.43,D
sz000100,TCL科技,2025-09-18 11:17:48,4.43,41700,4.43,D
sz000100,TCL科技,2025-09-18 11:18:00,4.43,22100,4.43,D
sz000100,TCL科技,2025-09-18 11:18:03,4.44,63100,4.43,U
sz000100,TCL科技,2025-09-18 11:18:15,4.44,122000,4.43,U
sz000100,TCL科技,2025-09-18 11:18:21,4.44,512500,4.44,U
sz000100,TCL科技,2025-09-18 11:18:24,4.44,36100,4.44,U
sz000100,TCL科技,2025-09-18 11:18:27,4.44,23200,4.44,U
sz000100,TCL科技,2025-09-18 11:18:30,4.44,20900,4.44,U
sz000100,TCL科技,2025-09-18 11:18:39,4.43,142900,4.43,D
sz000100,TCL科技,2025-09-18 11:18:42,4.44,26700,4.43,U
sz000100,TCL科技,2025-09-18 11:18:48,4.43,127400,4.43,D
sz000100,TCL科技,2025-09-18 11:18:54,4.44,22600,4.43,U
sz000100,TCL科技,2025-09-18 11:18:57,4.43,120900,4.44,D
sz000100,TCL科技,2025-09-18 11:19:00,4.44,24600,4.43,U
sz000100,TCL科技,2025-09-18 11:19:12,4.44,23000,4.44,U
sz000100,TCL科技,2025-09-18 11:19:18,4.43,43000,4.44,D
sz000100,TCL科技,2025-09-18 11:19:54,4.44,27700,4.43,U
sz000100,TCL科技,2025-09-18 11:19:57,4.43,56600,4.44,D
sz000100,TCL科技,2025-09-18 11:20:00,4.44,32800,4.43,U
sz000100,TCL科技,2025-09-18 11:20:03,4.43,156800,4.44,D
sz000100,TCL科技,2025-09-18 11:20:06,4.43,31900,4.43,D
sz000100,TCL科技,2025-09-18 11:20:30,4.44,78200,4.44,U
sz000100,TCL科技,2025-09-18 11:20:33,4.44,31400,4.44,U
sz000100,TCL科技,2025-09-18 11:20:36,4.44,35800,4.44,U
sz000100,TCL科技,2025-09-18 11:20:39,4.44,84100,4.44,U
sz000100,TCL科技,2025-09-18 11:20:42,4.44,56400,4.44,U
sz000100,TCL科技,2025-09-18 11:20:45,4.44,20400,4.44,U
sz000100,TCL科技,2025-09-18 11:20:51,4.44,50700,4.44,U
sz000100,TCL科技,2025-09-18 11:21:06,4.44,67400,4.44,U
sz000100,TCL科技,2025-09-18 11:21:15,4.43,37000,4.44,D
sz000100,TCL科技,2025-09-18 11:21:33,4.43,71200,4.43,D
sz000100,TCL科技,2025-09-18 11:21:39,4.44,22700,4.43,U
sz000100,TCL科技,2025-09-18 11:21:42,4.44,57700,4.44,U
sz000100,TCL科技,2025-09-18 11:21:51,4.44,84100,4.43,U
sz000100,TCL科技,2025-09-18 11:21:54,4.44,46500,4.44,U
sz000100,TCL科技,2025-09-18 11:22:00,4.44,12046800,4.44,U
sz000100,TCL科技,2025-09-18 11:22:03,4.44,6988252,4.44,U
sz000100,TCL科技,2025-09-18 11:22:06,4.45,378800,4.44,U
sz000100,TCL科技,2025-09-18 11:22:09,4.45,173100,4.45,U
sz000100,TCL科技,2025-09-18 11:22:12,4.44,91500,4.45,D
sz000100,TCL科技,2025-09-18 11:22:15,4.44,26100,4.44,D
sz000100,TCL科技,2025-09-18 11:22:18,4.44,39500,4.44,D
sz000100,TCL科技,2025-09-18 11:22:21,4.45,41600,4.44,U
sz000100,TCL科技,2025-09-18 11:22:30,4.45,49600,4.45,U
sz000100,TCL科技,2025-09-18 11:22:33,4.44,21500,4.45,D
sz000100,TCL科技,2025-09-18 11:22:39,4.45,169400,4.45,U
sz000100,TCL科技,2025-09-18 11:22:42,4.45,45500,4.45,U
sz000100,TCL科技,2025-09-18 11:22:45,4.45,31800,4.45,U
sz000100,TCL科技,2025-09-18 11:22:48,4.44,129200,4.45,D
sz000100,TCL科技,2025-09-18 11:22:51,4.45,58800,4.44,U
sz000100,TCL科技,2025-09-18 11:22:54,4.45,46300,4.45,U
sz000100,TCL科技,2025-09-18 11:23:00,4.45,580300,4.44,U
sz000100,TCL科技,2025-09-18 11:23:03,4.45,74600,4.45,U
sz000100,TCL科技,2025-09-18 11:23:06,4.45,119400,4.45,U
sz000100,TCL科技,2025-09-18 11:23:09,4.44,28000,4.45,D
sz000100,TCL科技,2025-09-18 11:23:12,4.45,78600,4.44,U
sz000100,TCL科技,2025-09-18 11:23:15,4.45,45700,4.45,U
sz000100,TCL科技,2025-09-18 11:23:27,4.45,34300,4.45,U
sz000100,TCL科技,2025-09-18 11:23:30,4.45,27400,4.45,U
sz000100,TCL科技,2025-09-18 11:23:39,4.45,30300,4.44,U
sz000100,TCL科技,2025-09-18 11:23:42,4.44,31200,4.45,D
sz000100,TCL科技,2025-09-18 11:23:45,4.45,37700,4.44,U
sz000100,TCL科技,2025-09-18 11:23:48,4.44,58700,4.45,D
sz000100,TCL科技,2025-09-18 11:23:51,4.45,23300,4.44,U
sz000100,TCL科技,2025-09-18 11:23:54,4.45,25800,4.45,U
sz000100,TCL科技,2025-09-18 11:23:57,4.44,31600,4.45,D
sz000100,TCL科技,2025-09-18 11:24:03,4.45,25400,4.45,U
sz000100,TCL科技,2025-09-18 11:24:06,4.44,115500,4.45,D
sz000100,TCL科技,2025-09-18 11:24:15,4.45,147800,4.44,U
sz000100,TCL科技,2025-09-18 11:24:33,4.45,60600,4.45,U
sz000100,TCL科技,2025-09-18 11:24:36,4.45,55300,4.45,U
sz000100,TCL科技,2025-09-18 11:24:39,4.44,61000,4.45,D
sz000100,TCL科技,2025-09-18 11:24:48,4.44,31700,4.45,D
sz000100,TCL科技,2025-09-18 11:24:54,4.44,98200,4.44,D
sz000100,TCL科技,2025-09-18 11:24:57,4.44,20100,4.44,D
sz000100,TCL科技,2025-09-18 11:25:03,4.44,60100,4.45,D
sz000100,TCL科技,2025-09-18 11:25:06,4.44,61500,4.44,D
sz000100,TCL科技,2025-09-18 11:25:09,4.45,75100,4.44,U
sz000100,TCL科技,2025-09-18 11:25:12,4.45,23600,4.45,U
sz000100,TCL科技,2025-09-18 11:25:15,4.45,77600,4.45,U
sz000100,TCL科技,2025-09-18 11:25:18,4.45,179200,4.45,U
sz000100,TCL科技,2025-09-18 11:25:21,4.45,160700,4.45,U
sz000100,TCL科技,2025-09-18 11:25:24,4.45,48100,4.45,U
sz000100,TCL科技,2025-09-18 11:25:27,4.45,64500,4.45,U
sz000100,TCL科技,2025-09-18 11:25:30,4.44,145500,4.45,D
sz000100,TCL科技,2025-09-18 11:25:33,4.45,32200,4.44,U
sz000100,TCL科技,2025-09-18 11:25:36,4.45,105400,4.45,U
sz000100,TCL科技,2025-09-18 11:25:48,4.45,227500,4.45,U
sz000100,TCL科技,2025-09-18 11:25:51,4.45,4435800,4.45,U
sz000100,TCL科技,2025-09-18 11:25:54,4.45,2707700,4.45,U
sz000100,TCL科技,2025-09-18 11:25:57,4.45,481100,4.45,U
sz000100,TCL科技,2025-09-18 11:26:00,4.45,5703900,4.45,U
sz000100,TCL科技,2025-09-18 11:26:03,4.46,5891121,4.45,U
sz000100,TCL科技,2025-09-18 11:26:06,4.46,793900,4.46,U
sz000100,TCL科技,2025-09-18 11:26:09,4.46,108800,4.46,U
sz000100,TCL科技,2025-09-18 11:26:12,4.46,346400,4.46,U
sz000100,TCL科技,2025-09-18 11:26:15,4.46,504500,4.46,U
sz000100,TCL科技,2025-09-18 11:26:18,4.46,647900,4.46,U
sz000100,TCL科技,2025-09-18 11:26:21,4.46,8013810,4.46,U
sz000100,TCL科技,2025-09-18 11:26:24,4.46,39900,4.46,D
sz000100,TCL科技,2025-09-18 11:26:27,4.46,38600,4.46,D
sz000100,TCL科技,2025-09-18 11:26:30,4.47,167500,4.46,U
sz000100,TCL科技,2025-09-18 11:26:33,4.47,330000,4.47,U
sz000100,TCL科技,2025-09-18 11:26:36,4.47,167500,4.47,U
sz000100,TCL科技,2025-09-18 11:26:39,4.47,202300,4.47,U
sz000100,TCL科技,2025-09-18 11:26:42,4.47,215100,4.47,U
sz000100,TCL科技,2025-09-18 11:26:45,4.47,153300,4.47,U
sz000100,TCL科技,2025-09-18 11:26:48,4.47,104700,4.47,U
sz000100,TCL科技,2025-09-18 11:26:51,4.47,24200,4.47,U
sz000100,TCL科技,2025-09-18 11:26:54,4.47,300700,4.47,U
sz000100,TCL科技,2025-09-18 11:26:57,4.46,183900,4.47,D
sz000100,TCL科技,2025-09-18 11:27:00,4.47,203100,4.46,U
sz000100,TCL科技,2025-09-18 11:27:03,4.47,236000,4.47,U
sz000100,TCL科技,2025-09-18 11:27:06,4.47,41700,4.47,U
sz000100,TCL科技,2025-09-18 11:27:09,4.46,57000,4.47,D
sz000100,TCL科技,2025-09-18 11:27:12,4.47,117900,4.46,U
sz000100,TCL科技,2025-09-18 11:27:15,4.46,113800,4.47,D
sz000100,TCL科技,2025-09-18 11:27:18,4.47,163500,4.46,U
sz000100,TCL科技,2025-09-18 11:27:21,4.47,91400,4.47,U
sz000100,TCL科技,2025-09-18 11:27:24,4.46,513400,4.47,D
sz000100,TCL科技,2025-09-18 11:27:27,4.47,28900,4.46,U
sz000100,TCL科技,2025-09-18 11:27:30,4.47,213800,4.47,U
sz000100,TCL科技,2025-09-18 11:27:33,4.47,155400,4.47,U
sz000100,TCL科技,2025-09-18 11:27:36,4.46,66500,4.47,D
sz000100,TCL科技,2025-09-18 11:27:39,4.46,123300,4.46,D
sz000100,TCL科技,2025-09-18 11:27:45,4.46,28100,4.47,D
sz000100,TCL科技,2025-09-18 11:27:48,4.47,56500,4.46,U
sz000100,TCL科技,2025-09-18 11:27:51,4.46,177100,4.47,D
sz000100,TCL科技,2025-09-18 11:27:54,4.46,59100,4.46,D
sz000100,TCL科技,2025-09-18 11:27:57,4.46,47100,4.46,D
sz000100,TCL科技,2025-09-18 11:28:00,4.47,172400,4.46,U
sz000100,TCL科技,2025-09-18 11:28:03,4.47,57700,4.47,U
sz000100,TCL科技,2025-09-18 11:28:06,4.46,52800,4.47,D
sz000100,TCL科技,2025-09-18 11:28:09,4.46,63000,4.46,D
sz000100,TCL科技,2025-09-18 11:28:12,4.47,260200,4.46,U
sz000100,TCL科技,2025-09-18 11:28:18,4.47,29000,4.47,U
sz000100,TCL科技,2025-09-18 11:28:21,4.47,170700,4.47,U
sz000100,TCL科技,2025-09-18 11:28:24,4.46,143100,4.47,D
sz000100,TCL科技,2025-09-18 11:28:27,4.46,69700,4.46,D
sz000100,TCL科技,2025-09-18 11:28:30,4.47,58300,4.46,U
sz000100,TCL科技,2025-09-18 11:28:33,4.47,53200,4.47,U
sz000100,TCL科技,2025-09-18 11:28:36,4.47,83100,4.47,U
sz000100,TCL科技,2025-09-18 11:28:39,4.46,29300,4.47,D
sz000100,TCL科技,2025-09-18 11:28:42,4.47,231900,4.46,U
sz000100,TCL科技,2025-09-18 11:28:45,4.46,140000,4.47,D
sz000100,TCL科技,2025-09-18 11:28:48,4.47,83700,4.46,U
sz000100,TCL科技,2025-09-18 11:28:51,4.46,84500,4.47,D
sz000100,TCL科技,2025-09-18 11:28:54,4.47,66300,4.46,U
sz000100,TCL科技,2025-09-18 11:28:57,4.47,37800,4.47,U
sz000100,TCL科技,2025-09-18 11:29:00,4.46,88000,4.47,D
sz000100,TCL科技,2025-09-18 11:29:03,4.46,163400,4.46,D
sz000100,TCL科技,2025-09-18 11:29:06,4.47,72400,4.46,U
sz000100,TCL科技,2025-09-18 11:29:09,4.46,52200,4.47,D
sz000100,TCL科技,2025-09-18 11:29:12,4.47,60000,4.46,U
sz000100,TCL科技,2025-09-18 11:29:15,4.46,47100,4.47,D
sz000100,TCL科技,2025-09-18 11:29:18,4.47,108600,4.46,U
sz000100,TCL科技,2025-09-18 11:29:24,4.46,35700,4.46,D
sz000100,TCL科技,2025-09-18 11:29:27,4.47,122600,4.46,U
sz000100,TCL科技,2025-09-18 11:29:30,4.47,102800,4.47,U
sz000100,TCL科技,2025-09-18 11:29:33,4.47,426900,4.47,U
sz000100,TCL科技,2025-09-18 11:29:36,4.46,54400,4.47,D
sz000100,TCL科技,2025-09-18 11:29:42,4.46,95700,4.46,D
sz000100,TCL科技,2025-09-18 11:29:45,4.47,155800,4.46,U
sz000100,TCL科技,2025-09-18 11:29:48,4.47,46900,4.47,U
sz000100,TCL科技,2025-09-18 11:29:51,4.46,26500,4.47,D
sz000100,TCL科技,2025-09-18 11:29:54,4.47,698200,4.46,U
sz000100,TCL科技,2025-09-18 11:29:57,4.47,376800,4.47,U
sz000100,TCL科技,2025-09-18 11:30:00,4.47,30200,4.47,U
sz000100,TCL科技,2025-09-18 13:00:00,4.46,1946930,4.47,D
sz000100,TCL科技,2025-09-18 13:00:03,4.47,6267775,4.46,U
sz000100,TCL科技,2025-09-18 13:00:06,4.48,964400,4.47,U
sz000100,TCL科技,2025-09-18 13:00:09,4.47,640900,4.48,D
sz000100,TCL科技,2025-09-18 13:00:12,4.48,864400,4.47,U
sz000100,TCL科技,2025-09-18 13:00:15,4.48,662400,4.48,U
sz000100,TCL科技,2025-09-18 13:00:18,4.48,383100,4.48,U
sz000100,TCL科技,2025-09-18 13:00:21,4.48,91400,4.48,U
sz000100,TCL科技,2025-09-18 13:00:24,4.47,135300,4.48,D
sz000100,TCL科技,2025-09-18 13:00:27,4.48,32500,4.47,U
sz000100,TCL科技,2025-09-18 13:00:30,4.48,79100,4.48,U
sz000100,TCL科技,2025-09-18 13:00:33,4.48,26300,4.48,U
sz000100,TCL科技,2025-09-18 13:00:36,4.47,26500,4.48,D
sz000100,TCL科技,2025-09-18 13:00:39,4.47,283700,4.47,D
sz000100,TCL科技,2025-09-18 13:00:42,4.47,171300,4.47,D
sz000100,TCL科技,2025-09-18 13:00:45,4.48,185700,4.47,U
sz000100,TCL科技,2025-09-18 13:00:48,4.48,135600,4.48,U
sz000100,TCL科技,2025-09-18 13:00:51,4.48,43300,4.48,U
sz000100,TCL科技,2025-09-18 13:00:54,4.47,24000,4.48,D
sz000100,TCL科技,2025-09-18 13:00:57,4.48,141900,4.47,U
sz000100,TCL科技,2025-09-18 13:01:00,4.48,45600,4.48,U
sz000100,TCL科技,2025-09-18 13:01:03,4.47,37000,4.48,D
sz000100,TCL科技,2025-09-18 13:01:06,4.47,48000,4.47,D
sz000100,TCL科技,2025-09-18 13:01:09,4.48,34800,4.47,U
sz000100,TCL科技,2025-09-18 13:01:12,4.47,22000,4.48,D
sz000100,TCL科技,2025-09-18 13:01:15,4.47,81100,4.47,D
sz000100,TCL科技,2025-09-18 13:01:18,4.48,131900,4.47,U
sz000100,TCL科技,2025-09-18 13:01:21,4.48,84200,4.48,U
sz000100,TCL科技,2025-09-18 13:01:24,4.48,266600,4.48,U
sz000100,TCL科技,2025-09-18 13:01:27,4.47,55500,4.48,D
sz000100,TCL科技,2025-09-18 13:01:30,4.47,32000,4.47,D
sz000100,TCL科技,2025-09-18 13:01:36,4.48,81000,4.47,U
sz000100,TCL科技,2025-09-18 13:01:39,4.48,152900,4.48,U
sz000100,TCL科技,2025-09-18 13:01:42,4.47,74000,4.48,D
sz000100,TCL科技,2025-09-18 13:01:45,4.48,61800,4.47,U
sz000100,TCL科技,2025-09-18 13:01:54,4.48,20800,4.48,U
sz000100,TCL科技,2025-09-18 13:02:00,4.47,49350,4.47,D
sz000100,TCL科技,2025-09-18 13:02:03,4.47,44100,4.47,D
sz000100,TCL科技,2025-09-18 13:02:06,4.48,90000,4.47,U
sz000100,TCL科技,2025-09-18 13:02:09,4.47,93400,4.48,D
sz000100,TCL科技,2025-09-18 13:02:12,4.48,21500,4.47,U
sz000100,TCL科技,2025-09-18 13:02:15,4.48,60100,4.48,U
sz000100,TCL科技,2025-09-18 13:02:18,4.48,78900,4.48,U
sz000100,TCL科技,2025-09-18 13:02:21,4.47,31300,4.48,D
sz000100,TCL科技,2025-09-18 13:02:24,4.48,64500,4.47,U
sz000100,TCL科技,2025-09-18 13:02:27,4.48,82400,4.48,U
sz000100,TCL科技,2025-09-18 13:02:30,4.47,32000,4.48,D
sz000100,TCL科技,2025-09-18 13:02:36,4.47,33700,4.48,D
sz000100,TCL科技,2025-09-18 13:02:42,4.48,148400,4.47,U
sz000100,TCL科技,2025-09-18 13:02:45,4.48,51400,4.48,U
sz000100,TCL科技,2025-09-18 13:02:48,4.48,37700,4.48,U
sz000100,TCL科技,2025-09-18 13:02:51,4.47,60200,4.48,D
sz000100,TCL科技,2025-09-18 13:02:54,4.48,22000,4.47,U
sz000100,TCL科技,2025-09-18 13:02:57,4.48,97900,4.48,U
sz000100,TCL科技,2025-09-18 13:03:00,4.48,25400,4.48,U
sz000100,TCL科技,2025-09-18 13:03:06,4.47,44900,4.48,D
sz000100,TCL科技,2025-09-18 13:03:09,4.47,72400,4.47,D
sz000100,TCL科技,2025-09-18 13:03:12,4.48,187000,4.47,U
sz000100,TCL科技,2025-09-18 13:03:15,4.48,1835900,4.48,U
sz000100,TCL科技,2025-09-18 13:03:18,4.48,599600,4.48,U
sz000100,TCL科技,2025-09-18 13:03:21,4.47,195200,4.48,D
sz000100,TCL科技,2025-09-18 13:03:24,4.48,118100,4.47,U
sz000100,TCL科技,2025-09-18 13:03:27,4.48,420000,4.48,U
sz000100,TCL科技,2025-09-18 13:03:30,4.48,1463100,4.48,U
sz000100,TCL科技,2025-09-18 13:03:33,4.48,2706787,4.48,U
sz000100,TCL科技,2025-09-18 13:03:36,4.48,389000,4.48,D
sz000100,TCL科技,2025-09-18 13:03:39,4.49,215300,4.48,U
sz000100,TCL科技,2025-09-18 13:03:42,4.49,148400,4.49,U
sz000100,TCL科技,2025-09-18 13:03:45,4.48,305600,4.49,D
sz000100,TCL科技,2025-09-18 13:03:48,4.49,124700,4.48,U
sz000100,TCL科技,2025-09-18 13:03:51,4.48,162200,4.49,D
sz000100,TCL科技,2025-09-18 13:03:54,4.48,82700,4.48,D
sz000100,TCL科技,2025-09-18 13:03:57,4.49,43900,4.48,U
sz000100,TCL科技,2025-09-18 13:04:00,4.49,186500,4.49,U
sz000100,TCL科技,2025-09-18 13:04:03,4.49,81600,4.49,U
sz000100,TCL科技,2025-09-18 13:04:06,4.49,135300,4.49,U
sz000100,TCL科技,2025-09-18 13:04:09,4.49,26500,4.49,U
sz000100,TCL科技,2025-09-18 13:04:12,4.49,68200,4.49,U
sz000100,TCL科技,2025-09-18 13:04:15,4.49,114500,4.49,U
sz000100,TCL科技,2025-09-18 13:04:18,4.49,59800,4.49,U
sz000100,TCL科技,2025-09-18 13:04:21,4.49,732200,4.49,U
sz000100,TCL科技,2025-09-18 13:04:24,4.49,177300,4.49,U
sz000100,TCL科技,2025-09-18 13:04:27,4.49,246300,4.49,U
sz000100,TCL科技,2025-09-18 13:04:30,4.49,79400,4.49,U
sz000100,TCL科技,2025-09-18 13:04:33,4.49,25900,4.49,U
sz000100,TCL科技,2025-09-18 13:04:36,4.49,127800,4.49,U
sz000100,TCL科技,2025-09-18 13:04:39,4.49,117800,4.49,U
sz000100,TCL科技,2025-09-18 13:04:42,4.49,1018700,4.49,U
sz000100,TCL科技,2025-09-18 13:04:45,4.48,56800,4.49,D
sz000100,TCL科技,2025-09-18 13:04:48,4.49,36600,4.48,U
sz000100,TCL科技,2025-09-18 13:04:51,4.49,119200,4.49,U
sz000100,TCL科技,2025-09-18 13:04:54,4.49,36500,4.49,U
sz000100,TCL科技,2025-09-18 13:04:57,4.49,30800,4.49,U
sz000100,TCL科技,2025-09-18 13:05:00,4.49,286600,4.49,U
sz000100,TCL科技,2025-09-18 13:05:03,4.49,35700,4.49,U
sz000100,TCL科技,2025-09-18 13:05:06,4.49,81100,4.49,U
sz000100,TCL科技,2025-09-18 13:05:09,4.49,955000,4.49,U
sz000100,TCL科技,2025-09-18 13:05:12,4.49,44200,4.49,U
sz000100,TCL科技,2025-09-18 13:05:15,4.49,2220500,4.49,U
sz000100,TCL科技,2025-09-18 13:05:18,4.49,4359620,4.49,U
sz000100,TCL科技,2025-09-18 13:05:21,4.49,258800,4.49,D
sz000100,TCL科技,2025-09-18 13:05:24,4.49,130500,4.49,D
sz000100,TCL科技,2025-09-18 13:05:27,4.49,243900,4.49,D
sz000100,TCL科技,2025-09-18 13:05:30,4.49,140900,4.49,D
sz000100,TCL科技,2025-09-18 13:05:33,4.5,841200,4.49,U
sz000100,TCL科技,2025-09-18 13:05:36,4.5,426720,4.5,U
sz000100,TCL科技,2025-09-18 13:05:39,4.5,68200,4.5,U
sz000100,TCL科技,2025-09-18 13:05:42,4.5,263800,4.5,U
sz000100,TCL科技,2025-09-18 13:05:45,4.5,129300,4.5,U
sz000100,TCL科技,2025-09-18 13:05:48,4.5,541700,4.5,U
sz000100,TCL科技,2025-09-18 13:05:51,4.49,434200,4.5,D
sz000100,TCL科技,2025-09-18 13:05:54,4.49,144100,4.49,D
sz000100,TCL科技,2025-09-18 13:05:57,4.5,478200,4.49,U
sz000100,TCL科技,2025-09-18 13:06:00,4.5,74400,4.5,U
sz000100,TCL科技,2025-09-18 13:06:03,4.5,249200,4.5,U
sz000100,TCL科技,2025-09-18 13:06:06,4.5,186000,4.5,U
sz000100,TCL科技,2025-09-18 13:06:09,4.49,354500,4.5,D
sz000100,TCL科技,2025-09-18 13:06:12,4.49,446300,4.49,D
sz000100,TCL科技,2025-09-18 13:06:15,4.5,472600,4.49,U
sz000100,TCL科技,2025-09-18 13:06:18,4.5,304410,4.5,U
sz000100,TCL科技,2025-09-18 13:06:21,4.5,593300,4.5,U
sz000100,TCL科技,2025-09-18 13:06:24,4.5,1711100,4.5,U
sz000100,TCL科技,2025-09-18 13:06:27,4.49,608800,4.5,D
sz000100,TCL科技,2025-09-18 13:06:30,4.5,1658500,4.49,U
sz000100,TCL科技,2025-09-18 13:06:33,4.5,1474400,4.5,U
sz000100,TCL科技,2025-09-18 13:06:36,4.5,762800,4.5,U
sz000100,TCL科技,2025-09-18 13:06:39,4.5,544500,4.5,U
sz000100,TCL科技,2025-09-18 13:06:42,4.5,433420,4.5,D
sz000100,TCL科技,2025-09-18 13:06:45,4.5,520700,4.5,D
sz000100,TCL科技,2025-09-18 13:06:48,4.51,516300,4.5,U
sz000100,TCL科技,2025-09-18 13:06:51,4.51,632400,4.51,U
sz000100,TCL科技,2025-09-18 13:06:54,4.51,808800,4.51,U
sz000100,TCL科技,2025-09-18 13:06:57,4.51,807400,4.51,U
sz000100,TCL科技,2025-09-18 13:07:00,4.51,979800,4.51,U
sz000100,TCL科技,2025-09-18 13:07:03,4.51,926300,4.51,D
sz000100,TCL科技,2025-09-18 13:07:06,4.52,640900,4.51,U
sz000100,TCL科技,2025-09-18 13:07:09,4.52,1357100,4.52,U
sz000100,TCL科技,2025-09-18 13:07:12,4.52,776700,4.52,U
sz000100,TCL科技,2025-09-18 13:07:15,4.52,897200,4.52,U
sz000100,TCL科技,2025-09-18 13:07:18,4.52,1633800,4.52,D
sz000100,TCL科技,2025-09-18 13:07:21,4.52,181400,4.52,D
sz000100,TCL科技,2025-09-18 13:07:24,4.52,1357500,4.52,D
sz000100,TCL科技,2025-09-18 13:07:27,4.51,1939800,4.52,D
sz000100,TCL科技,2025-09-18 13:07:30,4.52,1148000,4.51,U
sz000100,TCL科技,2025-09-18 13:07:33,4.51,169600,4.52,D
sz000100,TCL科技,2025-09-18 13:07:36,4.52,66500,4.51,U
sz000100,TCL科技,2025-09-18 13:07:39,4.52,105700,4.52,U
sz000100,TCL科技,2025-09-18 13:07:42,4.52,203800,4.52,U
sz000100,TCL科技,2025-09-18 13:07:45,4.52,164500,4.52,U
sz000100,TCL科技,2025-09-18 13:07:48,4.51,363500,4.52,D
sz000100,TCL科技,2025-09-18 13:07:51,4.52,167500,4.51,U
sz000100,TCL科技,2025-09-18 13:07:54,4.52,363200,4.52,U
sz000100,TCL科技,2025-09-18 13:07:57,4.52,130200,4.52,U
sz000100,TCL科技,2025-09-18 13:08:00,4.52,160700,4.52,U
sz000100,TCL科技,2025-09-18 13:08:03,4.51,533800,4.52,D
sz000100,TCL科技,2025-09-18 13:08:06,4.52,619000,4.51,U
sz000100,TCL科技,2025-09-18 13:08:09,4.52,238100,4.52,U
sz000100,TCL科技,2025-09-18 13:08:12,4.51,73100,4.52,D
sz000100,TCL科技,2025-09-18 13:08:15,4.51,418500,4.51,D
sz000100,TCL科技,2025-09-18 13:08:18,4.51,203500,4.51,D
sz000100,TCL科技,2025-09-18 13:08:21,4.52,266700,4.51,U
sz000100,TCL科技,2025-09-18 13:08:24,4.52,191000,4.52,U
sz000100,TCL科技,2025-09-18 13:08:27,4.51,235000,4.52,D
sz000100,TCL科技,2025-09-18 13:08:30,4.51,323600,4.51,D
sz000100,TCL科技,2025-09-18 13:08:33,4.51,205500,4.51,D
sz000100,TCL科技,2025-09-18 13:08:36,4.52,148600,4.51,U
sz000100,TCL科技,2025-09-18 13:08:39,4.51,626100,4.52,D
sz000100,TCL科技,2025-09-18 13:08:42,4.51,199400,4.51,D
sz000100,TCL科技,2025-09-18 13:08:45,4.51,206840,4.51,D
sz000100,TCL科技,2025-09-18 13:08:48,4.52,303600,4.51,U
sz000100,TCL科技,2025-09-18 13:08:51,4.52,160800,4.52,U
sz000100,TCL科技,2025-09-18 13:08:54,4.52,66450,4.52,U
sz000100,TCL科技,2025-09-18 13:08:57,4.52,124100,4.52,U
sz000100,TCL科技,2025-09-18 13:09:00,4.51,63400,4.52,D
sz000100,TCL科技,2025-09-18 13:09:03,4.52,96083,4.51,U
sz000100,TCL科技,2025-09-18 13:09:06,4.51,133000,4.52,D
sz000100,TCL科技,2025-09-18 13:09:09,4.53,4538012,4.51,U
sz000100,TCL科技,2025-09-18 13:09:12,4.54,4378420,4.53,U
sz000100,TCL科技,2025-09-18 13:09:15,4.54,1456200,4.54,U
sz000100,TCL科技,2025-09-18 13:09:18,4.55,7373491,4.54,U
sz000100,TCL科技,2025-09-18 13:09:21,4.55,2017400,4.55,D
sz000100,TCL科技,2025-09-18 13:09:24,4.56,2880200,4.55,U
sz000100,TCL科技,2025-09-18 13:09:27,4.56,632100,4.56,U
sz000100,TCL科技,2025-09-18 13:09:30,4.56,1329600,4.56,U
sz000100,TCL科技,2025-09-18 13:09:33,4.56,897600,4.56,U
