symbol,name,ticktime,price,volume,prev_price,kind
sz000100,TCL科技,2025-09-25 09:25:00,4.43,1135200,0.0,U
sz000100,TCL科技,2025-09-25 09:30:00,4.42,123200,4.43,D
sz000100,TCL科技,2025-09-25 09:30:03,4.42,1131980,4.42,D
sz000100,TCL科技,2025-09-25 09:30:06,4.42,394600,4.42,U
sz000100,TCL科技,2025-09-25 09:30:09,4.41,214200,4.42,D
sz000100,TCL科技,2025-09-25 09:30:12,4.41,120100,4.41,D
sz000100,TCL科技,2025-09-25 09:30:15,4.41,90400,4.41,D
sz000100,TCL科技,2025-09-25 09:30:18,4.41,235100,4.41,D
sz000100,TCL科技,2025-09-25 09:30:21,4.41,199900,4.41,D
sz000100,TCL科技,2025-09-25 09:30:24,4.41,106500,4.41,D
sz000100,TCL科技,2025-09-25 09:30:27,4.42,195900,4.41,U
sz000100,TCL科技,2025-09-25 09:30:30,4.41,56420,4.42,D
sz000100,TCL科技,2025-09-25 09:30:33,4.41,26300,4.41,D
sz000100,TCL科技,2025-09-25 09:30:36,4.41,97800,4.41,D
sz000100,TCL科技,2025-09-25 09:30:39,4.42,172900,4.41,U
sz000100,TCL科技,2025-09-25 09:30:42,4.41,46000,4.42,D
sz000100,TCL科技,2025-09-25 09:30:45,4.41,205200,4.41,D
sz000100,TCL科技,2025-09-25 09:30:48,4.42,58400,4.41,U
sz000100,TCL科技,2025-09-25 09:30:51,4.42,274500,4.42,U
sz000100,TCL科技,2025-09-25 09:30:54,4.41,119700,4.42,D
sz000100,TCL科技,2025-09-25 09:30:57,4.42,1286200,4.41,U
sz000100,TCL科技,2025-09-25 09:31:00,4.42,795200,4.42,D
sz000100,TCL科技,2025-09-25 09:31:03,4.42,82400,4.42,D
sz000100,TCL科技,2025-09-25 09:31:06,4.42,35500,4.42,D
sz000100,TCL科技,2025-09-25 09:31:09,4.43,388470,4.42,U
sz000100,TCL科技,2025-09-25 09:31:12,4.43,294000,4.43,U
sz000100,TCL科技,2025-09-25 09:31:15,4.42,72700,4.43,D
sz000100,TCL科技,2025-09-25 09:31:18,4.42,20300,4.42,D
sz000100,TCL科技,2025-09-25 09:31:21,4.44,2772900,4.42,U
sz000100,TCL科技,2025-09-25 09:31:24,4.43,282900,4.44,D
sz000100,TCL科技,2025-09-25 09:31:27,4.43,232800,4.43,D
sz000100,TCL科技,2025-09-25 09:31:30,4.43,130300,4.43,D
sz000100,TCL科技,2025-09-25 09:31:33,4.43,174750,4.43,D
sz000100,TCL科技,2025-09-25 09:31:36,4.43,364810,4.43,D
sz000100,TCL科技,2025-09-25 09:31:39,4.43,181100,4.43,U
sz000100,TCL科技,2025-09-25 09:31:42,4.43,75600,4.43,U
sz000100,TCL科技,2025-09-25 09:31:45,4.42,242400,4.43,D
sz000100,TCL科技,2025-09-25 09:31:48,4.42,66000,4.42,D
sz000100,TCL科技,2025-09-25 09:31:51,4.43,20100,4.42,U
sz000100,TCL科技,2025-09-25 09:31:54,4.42,126800,4.43,D
sz000100,TCL科技,2025-09-25 09:31:57,4.42,71900,4.42,D
sz000100,TCL科技,2025-09-25 09:32:00,4.42,715300,4.42,D
sz000100,TCL科技,2025-09-25 09:32:03,4.42,246600,4.42,U
sz000100,TCL科技,2025-09-25 09:32:06,4.41,41500,4.42,D
sz000100,TCL科技,2025-09-25 09:32:09,4.41,139700,4.41,D
sz000100,TCL科技,2025-09-25 09:32:15,4.41,1486100,4.41,D
sz000100,TCL科技,2025-09-25 09:32:18,4.41,132600,4.41,D
sz000100,TCL科技,2025-09-25 09:32:21,4.41,69100,4.41,E
sz000100,TCL科技,2025-09-25 09:32:24,4.41,456100,4.41,U
sz000100,TCL科技,2025-09-25 09:32:27,4.41,38600,4.41,D
sz000100,TCL科技,2025-09-25 09:32:30,4.41,86100,4.41,D
sz000100,TCL科技,2025-09-25 09:32:33,4.42,30600,4.41,U
sz000100,TCL科技,2025-09-25 09:32:36,4.41,27800,4.42,D
sz000100,TCL科技,2025-09-25 09:32:39,4.41,42200,4.41,D
sz000100,TCL科技,2025-09-25 09:32:42,4.41,28100,4.41,D
sz000100,TCL科技,2025-09-25 09:32:45,4.41,58500,4.41,D
sz000100,TCL科技,2025-09-25 09:32:48,4.41,65500,4.41,D
sz000100,TCL科技,2025-09-25 09:32:51,4.41,96500,4.41,D
sz000100,TCL科技,2025-09-25 09:32:54,4.41,158300,4.41,D
sz000100,TCL科技,2025-09-25 09:32:57,4.41,38900,4.41,D
sz000100,TCL科技,2025-09-25 09:33:00,4.41,85600,4.41,D
sz000100,TCL科技,2025-09-25 09:33:03,4.42,930300,4.41,U
sz000100,TCL科技,2025-09-25 09:33:09,4.42,24500,4.42,D
sz000100,TCL科技,2025-09-25 09:33:12,4.42,47100,4.42,D
sz000100,TCL科技,2025-09-25 09:33:15,4.42,562900,4.42,D
sz000100,TCL科技,2025-09-25 09:33:18,4.41,149000,4.42,D
sz000100,TCL科技,2025-09-25 09:33:21,4.42,176500,4.41,D
sz000100,TCL科技,2025-09-25 09:33:24,4.42,139800,4.42,D
sz000100,TCL科技,2025-09-25 09:33:33,4.42,34300,4.42,D
sz000100,TCL科技,2025-09-25 09:33:39,4.43,34200,4.42,U
sz000100,TCL科技,2025-09-25 09:33:42,4.42,30700,4.43,D
sz000100,TCL科技,2025-09-25 09:33:45,4.43,73800,4.42,U
sz000100,TCL科技,2025-09-25 09:33:48,4.42,233600,4.43,D
sz000100,TCL科技,2025-09-25 09:33:51,4.43,79200,4.42,U
sz000100,TCL科技,2025-09-25 09:33:54,4.42,28800,4.43,D
sz000100,TCL科技,2025-09-25 09:33:57,4.42,34190,4.42,D
sz000100,TCL科技,2025-09-25 09:34:00,4.43,38900,4.42,U
sz000100,TCL科技,2025-09-25 09:34:03,4.42,64500,4.43,D
sz000100,TCL科技,2025-09-25 09:34:06,4.42,110500,4.42,D
sz000100,TCL科技,2025-09-25 09:34:09,4.41,660010,4.42,D
sz000100,TCL科技,2025-09-25 09:34:12,4.41,145700,4.41,D
sz000100,TCL科技,2025-09-25 09:34:15,4.42,25100,4.41,U
sz000100,TCL科技,2025-09-25 09:34:21,4.42,116400,4.42,U
sz000100,TCL科技,2025-09-25 09:34:24,4.42,147000,4.42,U
sz000100,TCL科技,2025-09-25 09:34:27,4.42,215100,4.42,U
sz000100,TCL科技,2025-09-25 09:34:30,4.42,47500,4.42,D
sz000100,TCL科技,2025-09-25 09:34:33,4.42,105900,4.42,D
sz000100,TCL科技,2025-09-25 09:34:36,4.42,31400,4.42,D
sz000100,TCL科技,2025-09-25 09:34:39,4.43,22000,4.42,U
sz000100,TCL科技,2025-09-25 09:34:42,4.42,31700,4.43,D
sz000100,TCL科技,2025-09-25 09:34:48,4.42,66500,4.43,D
sz000100,TCL科技,2025-09-25 09:34:51,4.43,43900,4.42,U
sz000100,TCL科技,2025-09-25 09:34:54,4.43,1527080,4.43,U
sz000100,TCL科技,2025-09-25 09:34:57,4.43,75500,4.43,D
sz000100,TCL科技,2025-09-25 09:35:00,4.43,25200,4.43,D
sz000100,TCL科技,2025-09-25 09:35:03,4.43,21200,4.43,D
sz000100,TCL科技,2025-09-25 09:35:06,4.43,42300,4.43,D
sz000100,TCL科技,2025-09-25 09:35:09,4.43,142700,4.43,D
sz000100,TCL科技,2025-09-25 09:35:12,4.44,130500,4.43,U
sz000100,TCL科技,2025-09-25 09:35:15,4.43,90900,4.44,D
sz000100,TCL科技,2025-09-25 09:35:18,4.44,30600,4.43,U
sz000100,TCL科技,2025-09-25 09:35:24,4.43,51400,4.44,D
sz000100,TCL科技,2025-09-25 09:35:30,4.43,157400,4.44,D
sz000100,TCL科技,2025-09-25 09:35:33,4.43,173700,4.43,D
sz000100,TCL科技,2025-09-25 09:35:36,4.44,34000,4.43,U
sz000100,TCL科技,2025-09-25 09:35:39,4.43,48900,4.44,D
sz000100,TCL科技,2025-09-25 09:35:42,4.44,48500,4.43,U
sz000100,TCL科技,2025-09-25 09:35:48,4.44,64400,4.43,U
sz000100,TCL科技,2025-09-25 09:35:51,4.43,28700,4.44,D
sz000100,TCL科技,2025-09-25 09:35:54,4.43,80600,4.43,D
sz000100,TCL科技,2025-09-25 09:35:57,4.43,52800,4.43,D
sz000100,TCL科技,2025-09-25 09:36:00,4.43,23700,4.43,D
sz000100,TCL科技,2025-09-25 09:36:03,4.43,73200,4.43,D
sz000100,TCL科技,2025-09-25 09:36:06,4.43,758800,4.43,D
sz000100,TCL科技,2025-09-25 09:36:09,4.43,128600,4.43,U
sz000100,TCL科技,2025-09-25 09:36:12,4.42,27700,4.43,D
sz000100,TCL科技,2025-09-25 09:36:15,4.43,125400,4.42,U
sz000100,TCL科技,2025-09-25 09:36:18,4.43,23300,4.43,U
sz000100,TCL科技,2025-09-25 09:36:24,4.42,239700,4.43,D
sz000100,TCL科技,2025-09-25 09:36:27,4.43,73700,4.42,U
sz000100,TCL科技,2025-09-25 09:36:30,4.42,26100,4.43,D
sz000100,TCL科技,2025-09-25 09:36:36,4.42,2216500,4.42,D
sz000100,TCL科技,2025-09-25 09:36:39,4.42,507700,4.42,D
sz000100,TCL科技,2025-09-25 09:36:42,4.42,795300,4.42,U
sz000100,TCL科技,2025-09-25 09:36:45,4.42,120000,4.42,D
sz000100,TCL科技,2025-09-25 09:36:48,4.42,56900,4.42,U
sz000100,TCL科技,2025-09-25 09:36:54,4.42,177700,4.42,U
sz000100,TCL科技,2025-09-25 09:37:00,4.42,22700,4.42,D
sz000100,TCL科技,2025-09-25 09:37:03,4.42,24600,4.42,D
sz000100,TCL科技,2025-09-25 09:37:06,4.42,478100,4.42,D
sz000100,TCL科技,2025-09-25 09:37:09,4.43,69200,4.42,U
sz000100,TCL科技,2025-09-25 09:37:12,4.42,29900,4.43,D
sz000100,TCL科技,2025-09-25 09:37:15,4.43,25000,4.42,U
sz000100,TCL科技,2025-09-25 09:37:18,4.43,92100,4.43,U
sz000100,TCL科技,2025-09-25 09:37:21,4.42,53600,4.43,D
sz000100,TCL科技,2025-09-25 09:37:24,4.42,55200,4.42,D
sz000100,TCL科技,2025-09-25 09:37:33,4.42,23400,4.42,D
sz000100,TCL科技,2025-09-25 09:37:36,4.43,65300,4.42,U
sz000100,TCL科技,2025-09-25 09:37:39,4.42,24500,4.43,D
sz000100,TCL科技,2025-09-25 09:37:42,4.42,27500,4.42,D
sz000100,TCL科技,2025-09-25 09:37:48,4.42,46100,4.43,D
sz000100,TCL科技,2025-09-25 09:37:51,4.43,41500,4.42,U
sz000100,TCL科技,2025-09-25 09:37:57,4.43,156000,4.43,U
sz000100,TCL科技,2025-09-25 09:38:00,4.43,52600,4.43,U
sz000100,TCL科技,2025-09-25 09:38:03,4.43,91800,4.43,U
sz000100,TCL科技,2025-09-25 09:38:06,4.42,36200,4.43,D
sz000100,TCL科技,2025-09-25 09:38:09,4.42,55310,4.42,D
sz000100,TCL科技,2025-09-25 09:38:12,4.42,22300,4.42,D
sz000100,TCL科技,2025-09-25 09:38:15,4.43,21100,4.42,U
sz000100,TCL科技,2025-09-25 09:38:18,4.43,109100,4.43,U
sz000100,TCL科技,2025-09-25 09:38:24,4.43,38400,4.43,U
sz000100,TCL科技,2025-09-25 09:38:27,4.43,26300,4.43,U
sz000100,TCL科技,2025-09-25 09:38:30,4.43,79200,4.43,U
sz000100,TCL科技,2025-09-25 09:38:42,4.43,191000,4.43,U
sz000100,TCL科技,2025-09-25 09:38:48,4.43,43400,4.43,U
sz000100,TCL科技,2025-09-25 09:38:57,4.43,34400,4.43,U
sz000100,TCL科技,2025-09-25 09:39:00,4.43,35400,4.43,U
sz000100,TCL科技,2025-09-25 09:39:03,4.42,32000,4.43,D
sz000100,TCL科技,2025-09-25 09:39:06,4.42,29200,4.42,D
sz000100,TCL科技,2025-09-25 09:39:09,4.42,36900,4.42,D
sz000100,TCL科技,2025-09-25 09:39:12,4.42,80400,4.42,D
sz000100,TCL科技,2025-09-25 09:39:15,4.43,452400,4.42,U
sz000100,TCL科技,2025-09-25 09:39:18,4.43,28300,4.43,U
sz000100,TCL科技,2025-09-25 09:39:21,4.42,57030,4.43,D
sz000100,TCL科技,2025-09-25 09:39:24,4.43,22400,4.42,U
sz000100,TCL科技,2025-09-25 09:39:30,4.43,56000,4.43,U
sz000100,TCL科技,2025-09-25 09:39:33,4.43,52400,4.43,U
sz000100,TCL科技,2025-09-25 09:39:36,4.42,32500,4.43,D
sz000100,TCL科技,2025-09-25 09:39:39,4.42,160000,4.42,D
sz000100,TCL科技,2025-09-25 09:39:42,4.42,111500,4.42,D
sz000100,TCL科技,2025-09-25 09:39:45,4.43,199200,4.42,U
sz000100,TCL科技,2025-09-25 09:39:51,4.43,20100,4.43,U
sz000100,TCL科技,2025-09-25 09:39:54,4.42,83800,4.43,D
sz000100,TCL科技,2025-09-25 09:40:00,4.42,148300,4.43,D
sz000100,TCL科技,2025-09-25 09:40:03,4.42,96300,4.42,D
sz000100,TCL科技,2025-09-25 09:40:06,4.43,82400,4.42,U
sz000100,TCL科技,2025-09-25 09:40:09,4.42,36600,4.43,D
sz000100,TCL科技,2025-09-25 09:40:12,4.43,41000,4.42,U
sz000100,TCL科技,2025-09-25 09:40:15,4.42,32200,4.43,D
sz000100,TCL科技,2025-09-25 09:40:18,4.43,60800,4.42,U
sz000100,TCL科技,2025-09-25 09:40:24,4.43,73700,4.42,U
sz000100,TCL科技,2025-09-25 09:40:27,4.43,2067180,4.43,U
sz000100,TCL科技,2025-09-25 09:40:30,4.44,51700,4.43,U
sz000100,TCL科技,2025-09-25 09:40:36,4.43,37800,4.44,D
sz000100,TCL科技,2025-09-25 09:40:42,4.44,102900,4.43,U
sz000100,TCL科技,2025-09-25 09:40:45,4.43,144800,4.44,D
sz000100,TCL科技,2025-09-25 09:40:51,4.44,1940500,4.44,U
sz000100,TCL科技,2025-09-25 09:40:54,4.44,130300,4.44,D
sz000100,TCL科技,2025-09-25 09:41:00,4.44,90800,4.45,D
sz000100,TCL科技,2025-09-25 09:41:03,4.45,559500,4.44,U
sz000100,TCL科技,2025-09-25 09:41:06,4.45,84200,4.45,U
sz000100,TCL科技,2025-09-25 09:41:09,4.45,45400,4.45,U
sz000100,TCL科技,2025-09-25 09:41:12,4.45,74400,4.45,U
sz000100,TCL科技,2025-09-25 09:41:15,4.45,89200,4.45,U
sz000100,TCL科技,2025-09-25 09:41:18,4.44,62300,4.45,D
sz000100,TCL科技,2025-09-25 09:41:21,4.45,288300,4.44,U
sz000100,TCL科技,2025-09-25 09:41:24,4.45,446900,4.45,U
sz000100,TCL科技,2025-09-25 09:41:27,4.45,63500,4.45,U
sz000100,TCL科技,2025-09-25 09:41:30,4.44,75600,4.45,D
sz000100,TCL科技,2025-09-25 09:41:33,4.45,59200,4.44,U
sz000100,TCL科技,2025-09-25 09:41:39,4.45,2269940,4.45,U
sz000100,TCL科技,2025-09-25 09:41:42,4.45,380600,4.45,D
sz000100,TCL科技,2025-09-25 09:41:45,4.46,139000,4.45,U
sz000100,TCL科技,2025-09-25 09:41:48,4.46,138300,4.46,U
sz000100,TCL科技,2025-09-25 09:41:51,4.46,26600,4.46,U
sz000100,TCL科技,2025-09-25 09:41:54,4.46,40000,4.46,U
sz000100,TCL科技,2025-09-25 09:41:57,4.46,48800,4.46,U
sz000100,TCL科技,2025-09-25 09:42:00,4.46,71500,4.46,U
sz000100,TCL科技,2025-09-25 09:42:03,4.45,100220,4.46,D
sz000100,TCL科技,2025-09-25 09:42:06,4.45,109500,4.45,D
sz000100,TCL科技,2025-09-25 09:42:09,4.46,34800,4.45,U
sz000100,TCL科技,2025-09-25 09:42:12,4.45,159300,4.46,D
sz000100,TCL科技,2025-09-25 09:42:15,4.46,104600,4.45,U
sz000100,TCL科技,2025-09-25 09:42:18,4.46,117400,4.46,U
sz000100,TCL科技,2025-09-25 09:42:21,4.45,111200,4.46,D
sz000100,TCL科技,2025-09-25 09:42:24,4.46,67700,4.45,U
sz000100,TCL科技,2025-09-25 09:42:27,4.46,52900,4.46,U
sz000100,TCL科技,2025-09-25 09:42:30,4.45,202300,4.46,D
sz000100,TCL科技,2025-09-25 09:42:33,4.45,57200,4.45,D
sz000100,TCL科技,2025-09-25 09:42:36,4.45,23500,4.45,D
sz000100,TCL科技,2025-09-25 09:42:39,4.46,595600,4.45,U
sz000100,TCL科技,2025-09-25 09:42:42,4.46,1778100,4.46,U
sz000100,TCL科技,2025-09-25 09:42:45,4.46,56900,4.46,D
sz000100,TCL科技,2025-09-25 09:42:48,4.46,897200,4.46,D
sz000100,TCL科技,2025-09-25 09:42:51,4.46,73000,4.46,U
sz000100,TCL科技,2025-09-25 09:42:54,4.46,31100,4.46,U
sz000100,TCL科技,2025-09-25 09:42:57,4.46,320500,4.46,U
sz000100,TCL科技,2025-09-25 09:43:03,4.45,2541800,4.46,D
sz000100,TCL科技,2025-09-25 09:43:06,4.44,253600,4.45,D
sz000100,TCL科技,2025-09-25 09:43:09,4.45,86200,4.44,U
sz000100,TCL科技,2025-09-25 09:43:12,4.45,124600,4.45,U
sz000100,TCL科技,2025-09-25 09:43:15,4.44,146200,4.45,D
sz000100,TCL科技,2025-09-25 09:43:18,4.45,81400,4.44,U
sz000100,TCL科技,2025-09-25 09:43:21,4.44,55500,4.45,D
sz000100,TCL科技,2025-09-25 09:43:36,4.44,33600,4.44,D
sz000100,TCL科技,2025-09-25 09:43:39,4.44,1308600,4.44,D
sz000100,TCL科技,2025-09-25 09:43:42,4.45,569100,4.44,U
sz000100,TCL科技,2025-09-25 09:43:45,4.45,118400,4.45,U
sz000100,TCL科技,2025-09-25 09:43:48,4.44,368000,4.45,D
sz000100,TCL科技,2025-09-25 09:43:51,4.45,116400,4.44,U
sz000100,TCL科技,2025-09-25 09:43:54,4.44,182200,4.45,D
sz000100,TCL科技,2025-09-25 09:44:00,4.44,28300,4.44,U
sz000100,TCL科技,2025-09-25 09:44:03,4.44,89300,4.44,U
sz000100,TCL科技,2025-09-25 09:44:06,4.44,390900,4.44,U
sz000100,TCL科技,2025-09-25 09:44:09,4.45,599400,4.44,U
sz000100,TCL科技,2025-09-25 09:44:12,4.45,77200,4.45,U
sz000100,TCL科技,2025-09-25 09:44:15,4.45,109600,4.45,U
sz000100,TCL科技,2025-09-25 09:44:18,4.45,60700,4.45,U
sz000100,TCL科技,2025-09-25 09:44:24,4.44,51200,4.44,D
sz000100,TCL科技,2025-09-25 09:44:30,4.45,1153500,4.44,U
sz000100,TCL科技,2025-09-25 09:44:33,4.44,95300,4.45,D
sz000100,TCL科技,2025-09-25 09:44:36,4.45,49100,4.44,U
sz000100,TCL科技,2025-09-25 09:44:39,4.45,959460,4.45,U
sz000100,TCL科技,2025-09-25 09:44:42,4.45,57500,4.45,D
sz000100,TCL科技,2025-09-25 09:44:45,4.45,75800,4.45,D
sz000100,TCL科技,2025-09-25 09:44:48,4.45,60500,4.45,D
sz000100,TCL科技,2025-09-25 09:44:51,4.45,96300,4.45,D
sz000100,TCL科技,2025-09-25 09:44:54,4.46,25900,4.45,U
sz000100,TCL科技,2025-09-25 09:44:57,4.45,42300,4.46,D
sz000100,TCL科技,2025-09-25 09:45:00,4.45,65100,4.45,D
sz000100,TCL科技,2025-09-25 09:45:03,4.45,35300,4.45,D
sz000100,TCL科技,2025-09-25 09:45:06,4.45,66000,4.45,D
sz000100,TCL科技,2025-09-25 09:45:09,4.46,99900,4.45,U
sz000100,TCL科技,2025-09-25 09:45:12,4.45,175600,4.46,D
sz000100,TCL科技,2025-09-25 09:45:15,4.46,22800,4.45,U
sz000100,TCL科技,2025-09-25 09:45:18,4.45,189800,4.46,D
sz000100,TCL科技,2025-09-25 09:45:21,4.45,73000,4.45,D
sz000100,TCL科技,2025-09-25 09:45:24,4.45,73700,4.45,D
sz000100,TCL科技,2025-09-25 09:45:27,4.46,206700,4.45,U
sz000100,TCL科技,2025-09-25 09:45:30,4.46,23300,4.46,U
sz000100,TCL科技,2025-09-25 09:45:33,4.46,131200,4.46,U
sz000100,TCL科技,2025-09-25 09:45:36,4.46,24900,4.46,U
sz000100,TCL科技,2025-09-25 09:45:39,4.46,32900,4.46,U
sz000100,TCL科技,2025-09-25 09:45:42,4.45,22600,4.46,D
sz000100,TCL科技,2025-09-25 09:45:45,4.45,235700,4.45,D
sz000100,TCL科技,2025-09-25 09:45:51,4.45,47500,4.45,D
sz000100,TCL科技,2025-09-25 09:45:54,4.45,126100,4.45,D
sz000100,TCL科技,2025-09-25 09:45:57,4.45,1161640,4.45,D
sz000100,TCL科技,2025-09-25 09:46:00,4.45,101100,4.45,U
sz000100,TCL科技,2025-09-25 09:46:03,4.44,80500,4.45,D
sz000100,TCL科技,2025-09-25 09:46:06,4.45,53300,4.44,U
sz000100,TCL科技,2025-09-25 09:46:09,4.45,89720,4.45,U
sz000100,TCL科技,2025-09-25 09:46:12,4.45,33900,4.45,U
sz000100,TCL科技,2025-09-25 09:46:15,4.44,24300,4.45,D
sz000100,TCL科技,2025-09-25 09:46:18,4.44,196300,4.44,D
sz000100,TCL科技,2025-09-25 09:46:21,4.44,23700,4.44,D
sz000100,TCL科技,2025-09-25 09:46:24,4.44,85800,4.44,D
sz000100,TCL科技,2025-09-25 09:46:27,4.44,118300,4.44,D
sz000100,TCL科技,2025-09-25 09:46:36,4.43,1938180,4.44,D
sz000100,TCL科技,2025-09-25 09:46:39,4.43,50100,4.43,D
sz000100,TCL科技,2025-09-25 09:46:45,4.44,81600,4.44,U
sz000100,TCL科技,2025-09-25 09:46:48,4.44,60000,4.44,U
sz000100,TCL科技,2025-09-25 09:46:51,4.43,39300,4.44,D
sz000100,TCL科技,2025-09-25 09:46:54,4.43,33900,4.43,D
sz000100,TCL科技,2025-09-25 09:46:57,4.43,115000,4.43,D
sz000100,TCL科技,2025-09-25 09:47:00,4.44,78310,4.43,U
sz000100,TCL科技,2025-09-25 09:47:03,4.44,428700,4.44,U
sz000100,TCL科技,2025-09-25 09:47:06,4.45,438000,4.44,U
sz000100,TCL科技,2025-09-25 09:47:12,4.45,75810,4.45,U
sz000100,TCL科技,2025-09-25 09:47:21,4.45,45300,4.44,U
sz000100,TCL科技,2025-09-25 09:47:24,4.44,35900,4.45,D
sz000100,TCL科技,2025-09-25 09:47:27,4.45,225800,4.44,U
sz000100,TCL科技,2025-09-25 09:47:33,4.45,63300,4.44,U
sz000100,TCL科技,2025-09-25 09:47:36,4.44,34000,4.45,D
sz000100,TCL科技,2025-09-25 09:47:42,4.44,100300,4.45,D
sz000100,TCL科技,2025-09-25 09:47:48,4.44,40900,4.45,D
sz000100,TCL科技,2025-09-25 09:48:00,4.45,30320,4.44,U
sz000100,TCL科技,2025-09-25 09:48:09,4.45,38000,4.45,U
sz000100,TCL科技,2025-09-25 09:48:12,4.45,115600,4.45,U
sz000100,TCL科技,2025-09-25 09:48:27,4.45,98300,4.44,U
sz000100,TCL科技,2025-09-25 09:48:30,4.44,103400,4.45,D
sz000100,TCL科技,2025-09-25 09:48:36,4.44,28000,4.44,D
sz000100,TCL科技,2025-09-25 09:48:39,4.44,37300,4.44,D
sz000100,TCL科技,2025-09-25 09:48:45,4.44,84100,4.44,D
sz000100,TCL科技,2025-09-25 09:48:48,4.44,24400,4.44,D
sz000100,TCL科技,2025-09-25 09:48:57,4.45,22700,4.45,U
sz000100,TCL科技,2025-09-25 09:49:00,4.44,29540,4.45,D
sz000100,TCL科技,2025-09-25 09:49:03,4.44,624500,4.44,D
sz000100,TCL科技,2025-09-25 09:49:06,4.44,150500,4.44,D
sz000100,TCL科技,2025-09-25 09:49:09,4.44,135400,4.44,D
sz000100,TCL科技,2025-09-25 09:49:12,4.45,24600,4.44,U
sz000100,TCL科技,2025-09-25 09:49:15,4.44,811670,4.45,D
sz000100,TCL科技,2025-09-25 09:49:24,4.44,30900,4.44,U
sz000100,TCL科技,2025-09-25 09:49:27,4.44,189100,4.44,U
sz000100,TCL科技,2025-09-25 09:49:33,4.43,119300,4.44,D
sz000100,TCL科技,2025-09-25 09:49:36,4.44,36600,4.43,U
sz000100,TCL科技,2025-09-25 09:49:39,4.44,211300,4.44,U
sz000100,TCL科技,2025-09-25 09:49:42,4.44,94300,4.44,U
sz000100,TCL科技,2025-09-25 09:49:45,4.44,29600,4.44,U
sz000100,TCL科技,2025-09-25 09:49:51,4.43,71000,4.43,D
sz000100,TCL科技,2025-09-25 09:49:54,4.44,37000,4.43,U
sz000100,TCL科技,2025-09-25 09:50:00,4.43,49200,4.44,D
sz000100,TCL科技,2025-09-25 09:50:03,4.43,63700,4.43,D
sz000100,TCL科技,2025-09-25 09:50:06,4.44,1006300,4.43,U
sz000100,TCL科技,2025-09-25 09:50:09,4.44,76500,4.44,D
sz000100,TCL科技,2025-09-25 09:50:12,4.44,23600,4.44,D
sz000100,TCL科技,2025-09-25 09:50:15,4.44,149600,4.44,D
sz000100,TCL科技,2025-09-25 09:50:18,4.45,47500,4.44,U
sz000100,TCL科技,2025-09-25 09:50:21,4.45,36800,4.45,U
sz000100,TCL科技,2025-09-25 09:50:24,4.44,169200,4.45,D
sz000100,TCL科技,2025-09-25 09:50:27,4.44,31900,4.44,D
sz000100,TCL科技,2025-09-25 09:50:30,4.45,103000,4.44,U
sz000100,TCL科技,2025-09-25 09:50:33,4.44,58800,4.45,D
sz000100,TCL科技,2025-09-25 09:50:36,4.44,147000,4.44,D
sz000100,TCL科技,2025-09-25 09:50:39,4.45,48400,4.44,U
sz000100,TCL科技,2025-09-25 09:50:45,4.44,31800,4.44,D
sz000100,TCL科技,2025-09-25 09:50:48,4.44,26500,4.44,D
sz000100,TCL科技,2025-09-25 09:50:51,4.44,99500,4.44,D
sz000100,TCL科技,2025-09-25 09:50:54,4.44,62100,4.44,D
sz000100,TCL科技,2025-09-25 09:50:57,4.45,27300,4.44,U
sz000100,TCL科技,2025-09-25 09:51:00,4.44,101500,4.45,D
sz000100,TCL科技,2025-09-25 09:51:03,4.44,32200,4.44,D
sz000100,TCL科技,2025-09-25 09:51:06,4.44,588900,4.44,D
sz000100,TCL科技,2025-09-25 09:51:09,4.43,96900,4.44,D
sz000100,TCL科技,2025-09-25 09:51:12,4.43,44920,4.43,D
sz000100,TCL科技,2025-09-25 09:51:15,4.44,188500,4.43,U
sz000100,TCL科技,2025-09-25 09:51:24,4.44,62500,4.43,U
sz000100,TCL科技,2025-09-25 09:51:30,4.44,53200,4.43,U
sz000100,TCL科技,2025-09-25 09:51:33,4.44,21800,4.44,U
sz000100,TCL科技,2025-09-25 09:51:39,4.44,54500,4.43,U
sz000100,TCL科技,2025-09-25 09:51:42,4.44,1500900,4.44,U
sz000100,TCL科技,2025-09-25 09:51:45,4.44,171360,4.44,U
sz000100,TCL科技,2025-09-25 09:51:48,4.44,64400,4.44,U
sz000100,TCL科技,2025-09-25 09:51:51,4.45,212600,4.44,U
sz000100,TCL科技,2025-09-25 09:51:54,4.44,79200,4.45,D
sz000100,TCL科技,2025-09-25 09:52:03,4.44,51700,4.44,D
sz000100,TCL科技,2025-09-25 09:52:06,4.44,30800,4.44,D
sz000100,TCL科技,2025-09-25 09:52:09,4.44,528200,4.44,D
sz000100,TCL科技,2025-09-25 09:52:12,4.44,69000,4.44,D
sz000100,TCL科技,2025-09-25 09:52:15,4.44,26300,4.44,D
sz000100,TCL科技,2025-09-25 09:52:18,4.44,40200,4.44,D
sz000100,TCL科技,2025-09-25 09:52:21,4.44,537610,4.44,D
sz000100,TCL科技,2025-09-25 09:52:24,4.45,689400,4.44,U
sz000100,TCL科技,2025-09-25 09:52:27,4.44,160500,4.45,D
sz000100,TCL科技,2025-09-25 09:52:39,4.44,37300,4.44,D
sz000100,TCL科技,2025-09-25 09:52:42,4.44,37600,4.44,D
sz000100,TCL科技,2025-09-25 09:52:45,4.44,43900,4.44,D
sz000100,TCL科技,2025-09-25 09:52:48,4.44,36400,4.44,D
sz000100,TCL科技,2025-09-25 09:52:54,4.45,52000,4.44,U
sz000100,TCL科技,2025-09-25 09:52:57,4.44,24700,4.45,D
sz000100,TCL科技,2025-09-25 09:53:03,4.44,578700,4.44,D
sz000100,TCL科技,2025-09-25 09:53:06,4.45,1418300,4.44,U
sz000100,TCL科技,2025-09-25 09:53:09,4.45,298800,4.45,U
sz000100,TCL科技,2025-09-25 09:53:12,4.45,34700,4.45,U
sz000100,TCL科技,2025-09-25 09:53:15,4.44,37000,4.45,D
sz000100,TCL科技,2025-09-25 09:53:18,4.45,30300,4.44,U
sz000100,TCL科技,2025-09-25 09:53:21,4.45,62700,4.45,U
sz000100,TCL科技,2025-09-25 09:53:24,4.45,22100,4.45,U
sz000100,TCL科技,2025-09-25 09:53:27,4.45,90900,4.45,U
sz000100,TCL科技,2025-09-25 09:53:36,4.44,35300,4.45,D
sz000100,TCL科技,2025-09-25 09:53:42,4.44,35700,4.45,D
sz000100,TCL科技,2025-09-25 09:53:45,4.44,1032600,4.44,D
sz000100,TCL科技,2025-09-25 09:53:48,4.45,20100,4.44,U
sz000100,TCL科技,2025-09-25 09:53:51,4.45,59700,4.45,U
sz000100,TCL科技,2025-09-25 09:53:57,4.45,43000,4.44,U
sz000100,TCL科技,2025-09-25 09:54:00,4.45,93000,4.45,U
sz000100,TCL科技,2025-09-25 09:54:03,4.44,263800,4.45,D
sz000100,TCL科技,2025-09-25 09:54:06,4.45,29900,4.44,U
sz000100,TCL科技,2025-09-25 09:54:09,4.45,38500,4.45,U
sz000100,TCL科技,2025-09-25 09:54:15,4.45,235300,4.45,U
sz000100,TCL科技,2025-09-25 09:54:18,4.45,429300,4.45,U
sz000100,TCL科技,2025-09-25 09:54:21,4.45,40000,4.45,D
sz000100,TCL科技,2025-09-25 09:54:24,4.45,143000,4.45,D
sz000100,TCL科技,2025-09-25 09:54:30,4.45,47100,4.46,D
sz000100,TCL科技,2025-09-25 09:54:33,4.45,45400,4.45,D
sz000100,TCL科技,2025-09-25 09:54:45,4.45,114854,4.45,D
sz000100,TCL科技,2025-09-25 09:54:48,4.45,58000,4.45,D
sz000100,TCL科技,2025-09-25 09:54:51,4.45,321000,4.45,D
sz000100,TCL科技,2025-09-25 09:54:54,4.45,36700,4.45,U
sz000100,TCL科技,2025-09-25 09:55:00,4.45,130800,4.45,U
sz000100,TCL科技,2025-09-25 09:55:06,4.45,47700,4.44,U
sz000100,TCL科技,2025-09-25 09:55:12,4.44,33700,4.45,D
sz000100,TCL科技,2025-09-25 09:55:18,4.45,49700,4.45,U
sz000100,TCL科技,2025-09-25 09:55:39,4.44,34100,4.44,D
sz000100,TCL科技,2025-09-25 09:55:45,4.45,28110,4.44,U
sz000100,TCL科技,2025-09-25 09:55:48,4.45,183900,4.45,U
sz000100,TCL科技,2025-09-25 09:55:54,4.45,55600,4.45,U
sz000100,TCL科技,2025-09-25 09:56:00,4.45,48200,4.45,U
sz000100,TCL科技,2025-09-25 09:56:03,4.45,22900,4.45,U
sz000100,TCL科技,2025-09-25 09:56:12,4.45,56900,4.45,U
sz000100,TCL科技,2025-09-25 09:56:27,4.45,41000,4.44,U
sz000100,TCL科技,2025-09-25 09:56:30,4.45,62500,4.45,U
sz000100,TCL科技,2025-09-25 09:56:33,4.44,48600,4.45,D
sz000100,TCL科技,2025-09-25 09:56:39,4.45,55400,4.45,U
sz000100,TCL科技,2025-09-25 09:56:45,4.44,69700,4.44,D
sz000100,TCL科技,2025-09-25 09:56:54,4.45,35700,4.45,U
sz000100,TCL科技,2025-09-25 09:57:00,4.45,30100,4.44,U
sz000100,TCL科技,2025-09-25 09:57:03,4.45,39500,4.45,U
sz000100,TCL科技,2025-09-25 09:57:15,4.44,39100,4.45,D
sz000100,TCL科技,2025-09-25 09:57:18,4.44,1276300,4.44,D
sz000100,TCL科技,2025-09-25 09:57:21,4.44,2199400,4.44,D
sz000100,TCL科技,2025-09-25 09:57:24,4.43,64400,4.44,D
sz000100,TCL科技,2025-09-25 09:57:30,4.44,66400,4.43,U
sz000100,TCL科技,2025-09-25 09:57:33,4.44,20700,4.44,U
sz000100,TCL科技,2025-09-25 09:57:36,4.44,26900,4.44,U
sz000100,TCL科技,2025-09-25 09:57:39,4.44,48000,4.44,U
sz000100,TCL科技,2025-09-25 09:57:42,4.43,23300,4.44,D
sz000100,TCL科技,2025-09-25 09:57:45,4.44,41000,4.43,U
sz000100,TCL科技,2025-09-25 09:57:48,4.44,112800,4.44,U
sz000100,TCL科技,2025-09-25 09:57:51,4.43,39800,4.44,D
sz000100,TCL科技,2025-09-25 09:57:54,4.43,77800,4.43,D
sz000100,TCL科技,2025-09-25 09:58:00,4.43,27000,4.44,D
sz000100,TCL科技,2025-09-25 09:58:06,4.43,310900,4.44,D
sz000100,TCL科技,2025-09-25 09:58:09,4.43,46700,4.43,D
sz000100,TCL科技,2025-09-25 09:58:12,4.43,4663200,4.43,D
sz000100,TCL科技,2025-09-25 09:58:15,4.43,240000,4.43,U
sz000100,TCL科技,2025-09-25 09:58:18,4.43,221700,4.43,U
sz000100,TCL科技,2025-09-25 09:58:21,4.42,85600,4.43,D
sz000100,TCL科技,2025-09-25 09:58:24,4.42,94900,4.42,D
sz000100,TCL科技,2025-09-25 09:58:27,4.42,58200,4.42,D
sz000100,TCL科技,2025-09-25 09:58:30,4.42,215600,4.42,D
sz000100,TCL科技,2025-09-25 09:58:33,4.43,80500,4.42,U
sz000100,TCL科技,2025-09-25 09:58:36,4.43,65600,4.43,U
sz000100,TCL科技,2025-09-25 09:58:39,4.43,90700,4.43,U
sz000100,TCL科技,2025-09-25 09:58:42,4.42,58200,4.43,D
sz000100,TCL科技,2025-09-25 09:58:45,4.42,54100,4.42,D
sz000100,TCL科技,2025-09-25 09:58:54,4.42,48000,4.42,D
sz000100,TCL科技,2025-09-25 09:58:57,4.42,24700,4.42,D
sz000100,TCL科技,2025-09-25 09:59:00,4.42,36000,4.42,D
sz000100,TCL科技,2025-09-25 09:59:03,4.42,53700,4.42,D
sz000100,TCL科技,2025-09-25 09:59:06,4.42,32700,4.42,D
sz000100,TCL科技,2025-09-25 09:59:09,4.42,34000,4.42,D
sz000100,TCL科技,2025-09-25 09:59:15,4.42,52300,4.42,D
sz000100,TCL科技,2025-09-25 09:59:27,4.43,34400,4.42,U
sz000100,TCL科技,2025-09-25 09:59:30,4.42,45500,4.43,D
sz000100,TCL科技,2025-09-25 09:59:36,4.43,184800,4.42,U
sz000100,TCL科技,2025-09-25 09:59:42,4.43,148400,4.42,U
sz000100,TCL科技,2025-09-25 09:59:45,4.42,26590,4.43,D
sz000100,TCL科技,2025-09-25 10:00:00,4.43,27800,4.42,U
sz000100,TCL科技,2025-09-25 10:00:06,4.43,71400,4.42,U
sz000100,TCL科技,2025-09-25 10:00:09,4.42,27200,4.43,D
sz000100,TCL科技,2025-09-25 10:00:30,4.43,35600,4.43,U
sz000100,TCL科技,2025-09-25 10:00:42,4.42,44200,4.43,D
sz000100,TCL科技,2025-09-25 10:00:45,4.42,27600,4.42,D
sz000100,TCL科技,2025-09-25 10:01:00,4.43,28510,4.42,U
sz000100,TCL科技,2025-09-25 10:01:09,4.42,24000,4.43,D
sz000100,TCL科技,2025-09-25 10:01:12,4.43,20200,4.42,U
sz000100,TCL科技,2025-09-25 10:01:15,4.42,103990,4.43,D
sz000100,TCL科技,2025-09-25 10:01:18,4.43,324500,4.42,U
sz000100,TCL科技,2025-09-25 10:01:21,4.42,36100,4.43,D
sz000100,TCL科技,2025-09-25 10:01:24,4.42,20300,4.42,D
sz000100,TCL科技,2025-09-25 10:01:30,4.43,45100,4.42,U
sz000100,TCL科技,2025-09-25 10:01:33,4.43,79900,4.43,U
sz000100,TCL科技,2025-09-25 10:01:36,4.42,39100,4.43,D
sz000100,TCL科技,2025-09-25 10:01:45,4.43,32300,4.43,U
sz000100,TCL科技,2025-09-25 10:01:54,4.42,66100,4.42,D
sz000100,TCL科技,2025-09-25 10:01:57,4.42,35400,4.42,D
sz000100,TCL科技,2025-09-25 10:02:00,4.43,40700,4.42,U
sz000100,TCL科技,2025-09-25 10:02:03,4.42,72600,4.43,D
sz000100,TCL科技,2025-09-25 10:02:30,4.42,51000,4.43,D
sz000100,TCL科技,2025-09-25 10:02:36,4.43,42200,4.42,U
sz000100,TCL科技,2025-09-25 10:02:39,4.42,25400,4.43,D
sz000100,TCL科技,2025-09-25 10:02:42,4.42,21900,4.42,D
sz000100,TCL科技,2025-09-25 10:02:45,4.43,42500,4.42,U
sz000100,TCL科技,2025-09-25 10:03:00,4.43,47700,4.42,U
sz000100,TCL科技,2025-09-25 10:03:03,4.42,28900,4.43,D
sz000100,TCL科技,2025-09-25 10:03:15,4.42,43700,4.42,D
sz000100,TCL科技,2025-09-25 10:03:18,4.42,30800,4.42,D
sz000100,TCL科技,2025-09-25 10:03:27,4.42,30600,4.42,D
sz000100,TCL科技,2025-09-25 10:03:33,4.42,58300,4.42,D
sz000100,TCL科技,2025-09-25 10:03:36,4.42,24800,4.42,D
sz000100,TCL科技,2025-09-25 10:03:42,4.43,72700,4.42,U
sz000100,TCL科技,2025-09-25 10:03:45,4.42,55600,4.43,D
sz000100,TCL科技,2025-09-25 10:03:48,4.42,21500,4.42,D
sz000100,TCL科技,2025-09-25 10:03:51,4.43,1094600,4.42,U
sz000100,TCL科技,2025-09-25 10:03:54,4.43,194500,4.43,U
sz000100,TCL科技,2025-09-25 10:04:00,4.42,494400,4.43,D
sz000100,TCL科技,2025-09-25 10:04:03,4.42,22400,4.42,D
sz000100,TCL科技,2025-09-25 10:04:09,4.42,23990,4.42,D
sz000100,TCL科技,2025-09-25 10:04:18,4.42,24400,4.43,D
sz000100,TCL科技,2025-09-25 10:04:21,4.43,25500,4.42,U
sz000100,TCL科技,2025-09-25 10:04:24,4.42,20900,4.43,D
sz000100,TCL科技,2025-09-25 10:04:30,4.43,33400,4.43,U
sz000100,TCL科技,2025-09-25 10:04:33,4.43,41700,4.43,U
sz000100,TCL科技,2025-09-25 10:04:42,4.42,34700,4.43,D
sz000100,TCL科技,2025-09-25 10:04:45,4.42,43900,4.42,D
sz000100,TCL科技,2025-09-25 10:04:48,4.42,61600,4.42,D
sz000100,TCL科技,2025-09-25 10:04:51,4.43,39000,4.42,U
sz000100,TCL科技,2025-09-25 10:04:54,4.42,48200,4.43,D
sz000100,TCL科技,2025-09-25 10:04:57,4.42,70565,4.42,D
sz000100,TCL科技,2025-09-25 10:05:00,4.43,2295780,4.42,U
sz000100,TCL科技,2025-09-25 10:05:03,4.43,142000,4.43,D
sz000100,TCL科技,2025-09-25 10:05:06,4.43,170300,4.43,D
sz000100,TCL科技,2025-09-25 10:05:09,4.44,60100,4.43,U
sz000100,TCL科技,2025-09-25 10:05:12,4.44,21000,4.44,U
sz000100,TCL科技,2025-09-25 10:05:18,4.44,35400,4.44,U
sz000100,TCL科技,2025-09-25 10:05:21,4.43,38300,4.44,D
sz000100,TCL科技,2025-09-25 10:05:24,4.44,43700,4.43,U
sz000100,TCL科技,2025-09-25 10:05:27,4.44,36100,4.44,U
sz000100,TCL科技,2025-09-25 10:05:33,4.43,27500,4.44,D
sz000100,TCL科技,2025-09-25 10:05:39,4.43,20700,4.44,D
sz000100,TCL科技,2025-09-25 10:05:45,4.44,42300,4.43,U
sz000100,TCL科技,2025-09-25 10:05:48,4.43,431200,4.44,D
sz000100,TCL科技,2025-09-25 10:05:51,4.44,119300,4.43,U
sz000100,TCL科技,2025-09-25 10:05:54,4.43,59400,4.44,D
sz000100,TCL科技,2025-09-25 10:05:57,4.43,58000,4.43,D
sz000100,TCL科技,2025-09-25 10:06:03,4.43,38700,4.43,D
sz000100,TCL科技,2025-09-25 10:06:12,4.43,905400,4.43,D
sz000100,TCL科技,2025-09-25 10:06:15,4.42,47900,4.43,D
sz000100,TCL科技,2025-09-25 10:06:18,4.43,138900,4.42,U
sz000100,TCL科技,2025-09-25 10:06:21,4.42,276800,4.43,D
sz000100,TCL科技,2025-09-25 10:06:24,4.43,367700,4.42,U
sz000100,TCL科技,2025-09-25 10:06:27,4.42,65300,4.43,D
sz000100,TCL科技,2025-09-25 10:06:30,4.43,29700,4.42,U
sz000100,TCL科技,2025-09-25 10:06:33,4.44,143500,4.43,U
sz000100,TCL科技,2025-09-25 10:06:39,4.43,20000,4.44,D
sz000100,TCL科技,2025-09-25 10:06:42,4.44,21800,4.43,U
sz000100,TCL科技,2025-09-25 10:06:45,4.44,54800,4.44,U
sz000100,TCL科技,2025-09-25 10:06:54,4.43,80100,4.43,D
sz000100,TCL科技,2025-09-25 10:06:57,4.44,35400,4.43,U
sz000100,TCL科技,2025-09-25 10:07:03,4.43,132800,4.43,D
sz000100,TCL科技,2025-09-25 10:07:06,4.43,65200,4.43,D
sz000100,TCL科技,2025-09-25 10:07:21,4.44,33700,4.44,U
sz000100,TCL科技,2025-09-25 10:07:24,4.43,33700,4.44,D
sz000100,TCL科技,2025-09-25 10:07:27,4.43,20060,4.43,D
sz000100,TCL科技,2025-09-25 10:07:39,4.43,20100,4.43,D
sz000100,TCL科技,2025-09-25 10:07:42,4.44,24000,4.43,U
sz000100,TCL科技,2025-09-25 10:07:45,4.43,31800,4.44,D
sz000100,TCL科技,2025-09-25 10:07:51,4.43,48600,4.43,D
sz000100,TCL科技,2025-09-25 10:07:54,4.43,27300,4.43,D
sz000100,TCL科技,2025-09-25 10:07:57,4.43,25300,4.43,D
sz000100,TCL科技,2025-09-25 10:08:00,4.43,34200,4.43,D
sz000100,TCL科技,2025-09-25 10:08:03,4.42,276340,4.43,D
sz000100,TCL科技,2025-09-25 10:08:06,4.42,189100,4.42,D
sz000100,TCL科技,2025-09-25 10:08:09,4.43,67900,4.42,U
sz000100,TCL科技,2025-09-25 10:08:12,4.43,74000,4.43,U
sz000100,TCL科技,2025-09-25 10:08:15,4.43,41700,4.43,U
sz000100,TCL科技,2025-09-25 10:08:18,4.43,147600,4.43,U
sz000100,TCL科技,2025-09-25 10:08:21,4.43,81100,4.43,U
sz000100,TCL科技,2025-09-25 10:08:30,4.43,122100,4.43,U
sz000100,TCL科技,2025-09-25 10:08:33,4.43,79160,4.43,U
sz000100,TCL科技,2025-09-25 10:08:36,4.43,33100,4.43,D
sz000100,TCL科技,2025-09-25 10:08:39,4.43,34340,4.43,D
sz000100,TCL科技,2025-09-25 10:08:45,4.43,59800,4.43,U
sz000100,TCL科技,2025-09-25 10:09:03,4.43,269620,4.43,U
sz000100,TCL科技,2025-09-25 10:09:09,4.43,83300,4.43,D
sz000100,TCL科技,2025-09-25 10:09:12,4.44,48800,4.43,U
sz000100,TCL科技,2025-09-25 10:09:15,4.43,39700,4.44,D
sz000100,TCL科技,2025-09-25 10:09:21,4.43,29800,4.43,D
sz000100,TCL科技,2025-09-25 10:09:24,4.43,37200,4.43,D
sz000100,TCL科技,2025-09-25 10:09:27,4.43,31500,4.43,D
sz000100,TCL科技,2025-09-25 10:09:30,4.44,42700,4.43,U
sz000100,TCL科技,2025-09-25 10:09:33,4.44,36500,4.44,U
sz000100,TCL科技,2025-09-25 10:09:36,4.43,62300,4.44,D
sz000100,TCL科技,2025-09-25 10:09:39,4.44,41300,4.43,U
sz000100,TCL科技,2025-09-25 10:09:45,4.43,49600,4.43,D
sz000100,TCL科技,2025-09-25 10:10:09,4.43,34300,4.43,D
sz000100,TCL科技,2025-09-25 10:10:12,4.44,32900,4.43,U
sz000100,TCL科技,2025-09-25 10:10:15,4.43,54000,4.44,D
sz000100,TCL科技,2025-09-25 10:10:21,4.43,30300,4.43,D
sz000100,TCL科技,2025-09-25 10:10:24,4.43,36400,4.43,D
sz000100,TCL科技,2025-09-25 10:10:45,4.44,62800,4.44,U
sz000100,TCL科技,2025-09-25 10:10:57,4.43,37200,4.44,D
sz000100,TCL科技,2025-09-25 10:11:00,4.44,53700,4.43,U
sz000100,TCL科技,2025-09-25 10:11:03,4.44,67800,4.44,U
sz000100,TCL科技,2025-09-25 10:11:18,4.43,24400,4.43,D
sz000100,TCL科技,2025-09-25 10:11:30,4.44,23700,4.44,U
sz000100,TCL科技,2025-09-25 10:11:33,4.43,105700,4.44,D
sz000100,TCL科技,2025-09-25 10:11:42,4.43,28200,4.43,D
sz000100,TCL科技,2025-09-25 10:11:48,4.43,72400,4.43,D
sz000100,TCL科技,2025-09-25 10:12:00,4.44,30700,4.43,U
sz000100,TCL科技,2025-09-25 10:12:06,4.43,24500,4.44,D
sz000100,TCL科技,2025-09-25 10:12:42,4.44,36700,4.44,U
sz000100,TCL科技,2025-09-25 10:12:57,4.44,288400,4.44,U
sz000100,TCL科技,2025-09-25 10:13:00,4.44,40900,4.44,U
sz000100,TCL科技,2025-09-25 10:13:09,4.43,23100,4.44,D
sz000100,TCL科技,2025-09-25 10:13:12,4.44,22000,4.43,U
sz000100,TCL科技,2025-09-25 10:13:18,4.44,2362760,4.43,U
sz000100,TCL科技,2025-09-25 10:13:21,4.45,39260,4.44,U
sz000100,TCL科技,2025-09-25 10:13:24,4.45,72400,4.45,U
sz000100,TCL科技,2025-09-25 10:13:30,4.45,25900,4.45,U
sz000100,TCL科技,2025-09-25 10:13:45,4.44,48300,4.44,D
sz000100,TCL科技,2025-09-25 10:13:48,4.44,37600,4.44,D
sz000100,TCL科技,2025-09-25 10:13:51,4.44,22600,4.44,D
sz000100,TCL科技,2025-09-25 10:13:54,4.44,41500,4.44,D
sz000100,TCL科技,2025-09-25 10:14:00,4.45,92900,4.44,U
sz000100,TCL科技,2025-09-25 10:14:03,4.44,108300,4.45,D
sz000100,TCL科技,2025-09-25 10:14:06,4.45,24900,4.44,U
sz000100,TCL科技,2025-09-25 10:14:09,4.44,44100,4.45,D
sz000100,TCL科技,2025-09-25 10:14:12,4.45,81900,4.44,U
sz000100,TCL科技,2025-09-25 10:14:15,4.45,24000,4.45,U
sz000100,TCL科技,2025-09-25 10:14:18,4.44,43000,4.45,D
sz000100,TCL科技,2025-09-25 10:14:27,4.45,32700,4.45,U
sz000100,TCL科技,2025-09-25 10:14:33,4.44,27000,4.44,D
sz000100,TCL科技,2025-09-25 10:14:36,4.45,30000,4.44,U
sz000100,TCL科技,2025-09-25 10:14:48,4.44,21400,4.44,D
sz000100,TCL科技,2025-09-25 10:14:54,4.45,196800,4.44,U
sz000100,TCL科技,2025-09-25 10:14:57,4.45,48500,4.45,U
sz000100,TCL科技,2025-09-25 10:15:00,4.45,34500,4.45,U
sz000100,TCL科技,2025-09-25 10:15:09,4.45,24600,4.45,U
sz000100,TCL科技,2025-09-25 10:15:15,4.44,132300,4.44,D
sz000100,TCL科技,2025-09-25 10:15:18,4.44,20200,4.44,D
sz000100,TCL科技,2025-09-25 10:15:21,4.45,31100,4.44,U
sz000100,TCL科技,2025-09-25 10:15:24,4.44,30600,4.45,D
sz000100,TCL科技,2025-09-25 10:15:27,4.45,51000,4.44,U
sz000100,TCL科技,2025-09-25 10:15:36,4.45,108500,4.44,U
sz000100,TCL科技,2025-09-25 10:15:42,4.45,22900,4.45,U
sz000100,TCL科技,2025-09-25 10:15:54,4.45,221200,4.45,U
sz000100,TCL科技,2025-09-25 10:16:00,4.45,45300,4.45,U
sz000100,TCL科技,2025-09-25 10:16:06,4.44,45200,4.45,D
sz000100,TCL科技,2025-09-25 10:16:18,4.44,81200,4.44,D
sz000100,TCL科技,2025-09-25 10:16:24,4.45,165500,4.44,U
sz000100,TCL科技,2025-09-25 10:16:30,4.45,27670,4.44,U
sz000100,TCL科技,2025-09-25 10:16:33,4.45,4882890,4.45,U
sz000100,TCL科技,2025-09-25 10:16:36,4.45,169800,4.45,D
sz000100,TCL科技,2025-09-25 10:16:39,4.45,73700,4.45,D
sz000100,TCL科技,2025-09-25 10:16:42,4.45,38700,4.45,D
sz000100,TCL科技,2025-09-25 10:16:48,4.45,108800,4.46,D
sz000100,TCL科技,2025-09-25 10:16:51,4.45,28740,4.45,D
sz000100,TCL科技,2025-09-25 10:17:00,4.46,30300,4.45,U
sz000100,TCL科技,2025-09-25 10:17:03,4.45,34100,4.46,D
sz000100,TCL科技,2025-09-25 10:17:15,4.46,26200,4.46,U
sz000100,TCL科技,2025-09-25 10:17:18,4.46,127600,4.46,U
sz000100,TCL科技,2025-09-25 10:17:21,4.46,36400,4.46,U
sz000100,TCL科技,2025-09-25 10:17:27,4.45,56100,4.45,D
sz000100,TCL科技,2025-09-25 10:17:33,4.45,56800,4.46,D
sz000100,TCL科技,2025-09-25 10:17:36,4.46,108600,4.45,U
sz000100,TCL科技,2025-09-25 10:17:45,4.45,42300,4.46,D
sz000100,TCL科技,2025-09-25 10:17:54,4.45,174200,4.45,D
sz000100,TCL科技,2025-09-25 10:17:57,4.45,1095300,4.45,D
sz000100,TCL科技,2025-09-25 10:18:00,4.45,98000,4.45,D
sz000100,TCL科技,2025-09-25 10:18:03,4.45,80100,4.45,D
sz000100,TCL科技,2025-09-25 10:18:06,4.45,76000,4.45,D
sz000100,TCL科技,2025-09-25 10:18:09,4.46,59900,4.45,U
sz000100,TCL科技,2025-09-25 10:18:12,4.46,104700,4.46,U
sz000100,TCL科技,2025-09-25 10:18:15,4.45,95700,4.46,D
sz000100,TCL科技,2025-09-25 10:18:18,4.45,31700,4.45,D
sz000100,TCL科技,2025-09-25 10:18:21,4.45,85800,4.45,D
sz000100,TCL科技,2025-09-25 10:18:24,4.46,170900,4.45,U
sz000100,TCL科技,2025-09-25 10:18:27,4.45,34900,4.46,D
sz000100,TCL科技,2025-09-25 10:18:30,4.45,25300,4.45,D
sz000100,TCL科技,2025-09-25 10:18:33,4.46,72600,4.45,U
sz000100,TCL科技,2025-09-25 10:18:36,4.46,83100,4.46,U
sz000100,TCL科技,2025-09-25 10:18:39,4.45,161800,4.46,D
sz000100,TCL科技,2025-09-25 10:18:42,4.45,70300,4.45,D
sz000100,TCL科技,2025-09-25 10:18:45,4.46,36900,4.45,U
sz000100,TCL科技,2025-09-25 10:18:48,4.46,175100,4.46,U
sz000100,TCL科技,2025-09-25 10:18:51,4.46,147100,4.46,U
sz000100,TCL科技,2025-09-25 10:18:54,4.46,47100,4.46,U
sz000100,TCL科技,2025-09-25 10:19:00,4.45,202300,4.45,D
sz000100,TCL科技,2025-09-25 10:19:03,4.45,91800,4.45,D
sz000100,TCL科技,2025-09-25 10:19:06,4.44,101500,4.45,D
sz000100,TCL科技,2025-09-25 10:19:09,4.44,39800,4.44,D
sz000100,TCL科技,2025-09-25 10:19:12,4.44,31400,4.44,D
sz000100,TCL科技,2025-09-25 10:19:15,4.45,23400,4.44,U
sz000100,TCL科技,2025-09-25 10:19:21,4.44,37900,4.45,D
sz000100,TCL科技,2025-09-25 10:19:24,4.45,65400,4.44,U
sz000100,TCL科技,2025-09-25 10:19:27,4.45,28400,4.45,U
sz000100,TCL科技,2025-09-25 10:19:45,4.45,23300,4.45,U
sz000100,TCL科技,2025-09-25 10:19:54,4.45,22500,4.45,U
sz000100,TCL科技,2025-09-25 10:19:57,4.45,80500,4.45,U
sz000100,TCL科技,2025-09-25 10:20:00,4.45,37900,4.45,U
sz000100,TCL科技,2025-09-25 10:20:06,4.45,54300,4.45,U
sz000100,TCL科技,2025-09-25 10:20:09,4.45,22180,4.45,U
sz000100,TCL科技,2025-09-25 10:20:12,4.45,25000,4.45,U
sz000100,TCL科技,2025-09-25 10:20:15,4.45,36500,4.45,U
sz000100,TCL科技,2025-09-25 10:20:18,4.45,2193860,4.45,U
sz000100,TCL科技,2025-09-25 10:20:21,4.45,276000,4.45,D
sz000100,TCL科技,2025-09-25 10:20:24,4.45,63100,4.45,D
sz000100,TCL科技,2025-09-25 10:20:27,4.45,21500,4.45,D
sz000100,TCL科技,2025-09-25 10:20:33,4.45,22500,4.45,D
sz000100,TCL科技,2025-09-25 10:20:36,4.46,29600,4.45,U
sz000100,TCL科技,2025-09-25 10:20:42,4.45,57100,4.45,D
sz000100,TCL科技,2025-09-25 10:20:45,4.45,101900,4.45,D
sz000100,TCL科技,2025-09-25 10:20:48,4.46,30400,4.45,U
sz000100,TCL科技,2025-09-25 10:20:54,4.46,82700,4.45,U
sz000100,TCL科技,2025-09-25 10:20:57,4.46,154900,4.46,U
sz000100,TCL科技,2025-09-25 10:21:00,4.46,36700,4.46,U
sz000100,TCL科技,2025-09-25 10:21:03,4.45,84500,4.46,D
sz000100,TCL科技,2025-09-25 10:21:06,4.46,115600,4.45,U
sz000100,TCL科技,2025-09-25 10:21:09,4.45,85200,4.46,D
sz000100,TCL科技,2025-09-25 10:21:12,4.45,162500,4.45,D
sz000100,TCL科技,2025-09-25 10:21:15,4.45,97900,4.45,D
sz000100,TCL科技,2025-09-25 10:21:18,4.46,149400,4.45,U
sz000100,TCL科技,2025-09-25 10:21:21,4.45,65700,4.46,D
sz000100,TCL科技,2025-09-25 10:21:24,4.45,26200,4.45,D
sz000100,TCL科技,2025-09-25 10:21:36,4.45,90000,4.45,D
sz000100,TCL科技,2025-09-25 10:21:39,4.45,73100,4.45,D
sz000100,TCL科技,2025-09-25 10:21:42,4.45,117800,4.45,D
sz000100,TCL科技,2025-09-25 10:21:45,4.46,90300,4.45,U
sz000100,TCL科技,2025-09-25 10:21:48,4.45,32700,4.46,D
sz000100,TCL科技,2025-09-25 10:21:51,4.45,85200,4.45,D
sz000100,TCL科技,2025-09-25 10:21:54,4.46,98000,4.45,U
sz000100,TCL科技,2025-09-25 10:21:57,4.46,26600,4.46,U
sz000100,TCL科技,2025-09-25 10:22:00,4.46,88600,4.46,U
sz000100,TCL科技,2025-09-25 10:22:03,4.46,183000,4.46,U
sz000100,TCL科技,2025-09-25 10:22:06,4.46,218400,4.46,U
sz000100,TCL科技,2025-09-25 10:22:09,4.46,43100,4.46,U
sz000100,TCL科技,2025-09-25 10:22:12,4.46,142100,4.46,U
sz000100,TCL科技,2025-09-25 10:22:15,4.45,140300,4.46,D
sz000100,TCL科技,2025-09-25 10:22:18,4.46,41600,4.45,U
sz000100,TCL科技,2025-09-25 10:22:33,4.45,42800,4.46,D
sz000100,TCL科技,2025-09-25 10:22:39,4.46,43100,4.46,U
sz000100,TCL科技,2025-09-25 10:22:42,4.46,83100,4.46,U
sz000100,TCL科技,2025-09-25 10:22:45,4.46,34200,4.46,U
sz000100,TCL科技,2025-09-25 10:22:48,4.46,28900,4.46,U
sz000100,TCL科技,2025-09-25 10:22:51,4.46,52800,4.46,U
sz000100,TCL科技,2025-09-25 10:22:54,4.45,107100,4.46,D
sz000100,TCL科技,2025-09-25 10:22:57,4.46,99300,4.45,U
sz000100,TCL科技,2025-09-25 10:23:00,4.46,20800,4.46,U
sz000100,TCL科技,2025-09-25 10:23:03,4.46,51300,4.46,U
sz000100,TCL科技,2025-09-25 10:23:06,4.45,35000,4.46,D
sz000100,TCL科技,2025-09-25 10:23:09,4.46,20900,4.45,U
sz000100,TCL科技,2025-09-25 10:23:18,4.45,36000,4.45,D
sz000100,TCL科技,2025-09-25 10:23:21,4.45,41500,4.45,D
sz000100,TCL科技,2025-09-25 10:23:24,4.45,27200,4.45,D
sz000100,TCL科技,2025-09-25 10:23:33,4.46,43800,4.45,U
sz000100,TCL科技,2025-09-25 10:23:36,4.46,44200,4.46,U
sz000100,TCL科技,2025-09-25 10:23:39,4.45,31900,4.46,D
sz000100,TCL科技,2025-09-25 10:23:42,4.45,44700,4.45,D
sz000100,TCL科技,2025-09-25 10:23:45,4.45,50500,4.45,D
sz000100,TCL科技,2025-09-25 10:23:48,4.45,35300,4.45,D
sz000100,TCL科技,2025-09-25 10:23:57,4.46,38000,4.45,U
sz000100,TCL科技,2025-09-25 10:24:03,4.46,61600,4.46,U
sz000100,TCL科技,2025-09-25 10:24:06,4.45,327000,4.46,D
sz000100,TCL科技,2025-09-25 10:24:09,4.45,116400,4.45,D
sz000100,TCL科技,2025-09-25 10:24:12,4.45,38110,4.45,D
sz000100,TCL科技,2025-09-25 10:24:15,4.45,35600,4.45,D
sz000100,TCL科技,2025-09-25 10:24:24,4.45,20700,4.46,D
sz000100,TCL科技,2025-09-25 10:24:45,4.46,20600,4.45,U
sz000100,TCL科技,2025-09-25 10:24:54,4.46,61400,4.45,U
sz000100,TCL科技,2025-09-25 10:25:00,4.46,67700,4.46,U
sz000100,TCL科技,2025-09-25 10:25:03,4.46,20800,4.46,U
sz000100,TCL科技,2025-09-25 10:25:15,4.46,65600,4.46,U
sz000100,TCL科技,2025-09-25 10:25:27,4.45,27900,4.45,D
sz000100,TCL科技,2025-09-25 10:25:30,4.46,20500,4.45,U
sz000100,TCL科技,2025-09-25 10:25:36,4.45,35400,4.45,D
sz000100,TCL科技,2025-09-25 10:25:42,4.46,58700,4.46,U
sz000100,TCL科技,2025-09-25 10:25:45,4.46,29700,4.46,U
sz000100,TCL科技,2025-09-25 10:25:48,4.46,29500,4.46,U
sz000100,TCL科技,2025-09-25 10:25:51,4.46,33100,4.46,U
sz000100,TCL科技,2025-09-25 10:25:54,4.45,36400,4.46,D
sz000100,TCL科技,2025-09-25 10:25:57,4.46,32400,4.45,U
sz000100,TCL科技,2025-09-25 10:26:00,4.46,49800,4.46,U
sz000100,TCL科技,2025-09-25 10:26:03,4.45,30500,4.46,D
sz000100,TCL科技,2025-09-25 10:26:06,4.45,44300,4.45,D
sz000100,TCL科技,2025-09-25 10:26:12,4.45,281000,4.45,D
sz000100,TCL科技,2025-09-25 10:26:15,4.45,53900,4.45,D
sz000100,TCL科技,2025-09-25 10:26:18,4.46,34100,4.45,U
sz000100,TCL科技,2025-09-25 10:26:21,4.45,84300,4.46,D
sz000100,TCL科技,2025-09-25 10:26:27,4.45,44200,4.45,D
sz000100,TCL科技,2025-09-25 10:26:33,4.45,40600,4.46,D
sz000100,TCL科技,2025-09-25 10:26:45,4.45,23900,4.45,D
sz000100,TCL科技,2025-09-25 10:26:48,4.45,35500,4.45,D
sz000100,TCL科技,2025-09-25 10:26:54,4.45,226700,4.46,D
sz000100,TCL科技,2025-09-25 10:26:57,4.45,39400,4.45,D
sz000100,TCL科技,2025-09-25 10:27:00,4.46,72100,4.45,U
sz000100,TCL科技,2025-09-25 10:27:03,4.45,109500,4.46,D
sz000100,TCL科技,2025-09-25 10:27:06,4.46,37300,4.45,U
sz000100,TCL科技,2025-09-25 10:27:09,4.45,22800,4.46,D
sz000100,TCL科技,2025-09-25 10:27:24,4.46,50300,4.46,U
sz000100,TCL科技,2025-09-25 10:27:27,4.45,29200,4.46,D
sz000100,TCL科技,2025-09-25 10:27:30,4.46,32000,4.45,U
sz000100,TCL科技,2025-09-25 10:27:33,4.46,38900,4.46,U
sz000100,TCL科技,2025-09-25 10:27:39,4.45,54700,4.46,D
sz000100,TCL科技,2025-09-25 10:27:45,4.46,63000,4.46,U
sz000100,TCL科技,2025-09-25 10:27:48,4.45,277300,4.46,D
sz000100,TCL科技,2025-09-25 10:27:51,4.45,30300,4.45,D
sz000100,TCL科技,2025-09-25 10:27:54,4.45,65300,4.45,D
sz000100,TCL科技,2025-09-25 10:27:57,4.45,27800,4.45,D
sz000100,TCL科技,2025-09-25 10:28:00,4.46,166000,4.45,U
sz000100,TCL科技,2025-09-25 10:28:03,4.45,74300,4.46,D
sz000100,TCL科技,2025-09-25 10:28:06,4.46,105300,4.45,U
sz000100,TCL科技,2025-09-25 10:28:12,4.46,40400,4.46,U
sz000100,TCL科技,2025-09-25 10:28:15,4.45,35500,4.46,D
sz000100,TCL科技,2025-09-25 10:28:24,4.45,32200,4.46,D
sz000100,TCL科技,2025-09-25 10:28:27,4.45,42500,4.45,D
sz000100,TCL科技,2025-09-25 10:28:36,4.45,20960,4.45,D
sz000100,TCL科技,2025-09-25 10:28:42,4.45,82400,4.45,D
sz000100,TCL科技,2025-09-25 10:28:45,4.45,39700,4.45,D
sz000100,TCL科技,2025-09-25 10:28:48,4.46,36600,4.45,U
sz000100,TCL科技,2025-09-25 10:28:54,4.46,97200,4.45,U
sz000100,TCL科技,2025-09-25 10:29:00,4.46,36600,4.46,U
sz000100,TCL科技,2025-09-25 10:29:06,4.46,36600,4.46,U
sz000100,TCL科技,2025-09-25 10:29:12,4.46,44800,4.45,U
sz000100,TCL科技,2025-09-25 10:29:15,4.46,23200,4.46,U
sz000100,TCL科技,2025-09-25 10:29:21,4.45,28100,4.46,D
sz000100,TCL科技,2025-09-25 10:29:30,4.46,210100,4.45,U
sz000100,TCL科技,2025-09-25 10:29:33,4.45,22000,4.46,D
sz000100,TCL科技,2025-09-25 10:29:36,4.45,24000,4.45,D
sz000100,TCL科技,2025-09-25 10:29:39,4.45,25000,4.45,D
sz000100,TCL科技,2025-09-25 10:29:42,4.46,95600,4.45,U
sz000100,TCL科技,2025-09-25 10:29:45,4.46,59410,4.46,U
sz000100,TCL科技,2025-09-25 10:29:48,4.45,38200,4.46,D
sz000100,TCL科技,2025-09-25 10:30:00,4.45,28400,4.45,D
sz000100,TCL科技,2025-09-25 10:30:03,4.46,31300,4.45,U
sz000100,TCL科技,2025-09-25 10:30:30,4.45,38100,4.46,D
sz000100,TCL科技,2025-09-25 10:30:33,4.46,28000,4.45,U
sz000100,TCL科技,2025-09-25 10:30:42,4.46,25300,4.46,U
sz000100,TCL科技,2025-09-25 10:30:45,4.46,42800,4.46,U
sz000100,TCL科技,2025-09-25 10:30:48,4.45,33200,4.46,D
sz000100,TCL科技,2025-09-25 10:30:51,4.45,93800,4.45,D
sz000100,TCL科技,2025-09-25 10:30:57,4.45,151200,4.46,D
sz000100,TCL科技,2025-09-25 10:31:00,4.45,35100,4.45,D
sz000100,TCL科技,2025-09-25 10:31:03,4.45,23900,4.45,D
sz000100,TCL科技,2025-09-25 10:31:06,4.45,59200,4.45,D
sz000100,TCL科技,2025-09-25 10:31:15,4.46,28100,4.45,U
sz000100,TCL科技,2025-09-25 10:31:18,4.46,174900,4.46,U
sz000100,TCL科技,2025-09-25 10:31:21,4.46,196600,4.46,U
sz000100,TCL科技,2025-09-25 10:31:24,4.46,138200,4.46,U
sz000100,TCL科技,2025-09-25 10:31:27,4.45,27000,4.46,D
sz000100,TCL科技,2025-09-25 10:31:30,4.45,106600,4.45,D
sz000100,TCL科技,2025-09-25 10:31:39,4.45,25500,4.46,D
sz000100,TCL科技,2025-09-25 10:31:42,4.45,36500,4.45,D
sz000100,TCL科技,2025-09-25 10:31:45,4.45,31100,4.45,D
sz000100,TCL科技,2025-09-25 10:31:51,4.45,20800,4.45,D
sz000100,TCL科技,2025-09-25 10:31:54,4.45,27400,4.45,D
sz000100,TCL科技,2025-09-25 10:31:57,4.46,31800,4.45,U
sz000100,TCL科技,2025-09-25 10:32:00,4.46,27200,4.46,U
sz000100,TCL科技,2025-09-25 10:32:03,4.46,84600,4.46,U
sz000100,TCL科技,2025-09-25 10:32:39,4.45,57800,4.45,D
sz000100,TCL科技,2025-09-25 10:32:48,4.45,50500,4.45,D
sz000100,TCL科技,2025-09-25 10:32:51,4.45,57800,4.45,D
sz000100,TCL科技,2025-09-25 10:32:54,4.45,22900,4.45,D
sz000100,TCL科技,2025-09-25 10:32:57,4.45,139000,4.45,D
sz000100,TCL科技,2025-09-25 10:33:03,4.46,23600,4.45,U
sz000100,TCL科技,2025-09-25 10:33:09,4.46,38100,4.45,U
sz000100,TCL科技,2025-09-25 10:33:18,4.45,22900,4.46,D
sz000100,TCL科技,2025-09-25 10:33:21,4.45,27600,4.45,D
sz000100,TCL科技,2025-09-25 10:33:30,4.46,57800,4.45,U
sz000100,TCL科技,2025-09-25 10:33:36,4.46,92730,4.46,U
sz000100,TCL科技,2025-09-25 10:33:39,4.45,59000,4.46,D
sz000100,TCL科技,2025-09-25 10:33:45,4.46,238500,4.45,U
sz000100,TCL科技,2025-09-25 10:33:51,4.46,541900,4.45,U
sz000100,TCL科技,2025-09-25 10:33:54,4.46,151350,4.46,U
sz000100,TCL科技,2025-09-25 10:34:00,4.46,62200,4.45,U
sz000100,TCL科技,2025-09-25 10:34:03,4.45,36500,4.46,D
sz000100,TCL科技,2025-09-25 10:34:09,4.46,106590,4.45,U
sz000100,TCL科技,2025-09-25 10:34:12,4.45,107400,4.46,D
sz000100,TCL科技,2025-09-25 10:34:15,4.46,20000,4.45,U
sz000100,TCL科技,2025-09-25 10:34:21,4.46,48900,4.45,U
sz000100,TCL科技,2025-09-25 10:34:24,4.45,22000,4.46,D
sz000100,TCL科技,2025-09-25 10:34:33,4.46,34200,4.46,U
sz000100,TCL科技,2025-09-25 10:34:45,4.45,156500,4.46,D
sz000100,TCL科技,2025-09-25 10:34:48,4.46,62300,4.45,U
sz000100,TCL科技,2025-09-25 10:34:57,4.45,76800,4.46,D
sz000100,TCL科技,2025-09-25 10:35:00,4.46,151500,4.45,U
sz000100,TCL科技,2025-09-25 10:35:03,4.45,26500,4.46,D
sz000100,TCL科技,2025-09-25 10:35:09,4.46,20100,4.46,U
sz000100,TCL科技,2025-09-25 10:35:15,4.46,26200,4.46,U
sz000100,TCL科技,2025-09-25 10:35:18,4.45,34100,4.46,D
sz000100,TCL科技,2025-09-25 10:35:24,4.46,259600,4.46,U
sz000100,TCL科技,2025-09-25 10:35:27,4.46,65100,4.46,U
sz000100,TCL科技,2025-09-25 10:35:33,4.46,243000,4.46,U
sz000100,TCL科技,2025-09-25 10:35:36,4.46,28000,4.46,U
sz000100,TCL科技,2025-09-25 10:35:39,4.46,78000,4.46,U
sz000100,TCL科技,2025-09-25 10:35:42,4.45,60600,4.46,D
sz000100,TCL科技,2025-09-25 10:35:45,4.46,49000,4.45,U
sz000100,TCL科技,2025-09-25 10:35:51,4.46,88200,4.46,U
sz000100,TCL科技,2025-09-25 10:35:57,4.46,66900,4.46,U
sz000100,TCL科技,2025-09-25 10:36:00,4.45,38200,4.46,D
sz000100,TCL科技,2025-09-25 10:36:06,4.46,286700,4.46,U
sz000100,TCL科技,2025-09-25 10:36:09,4.46,4769660,4.46,U
sz000100,TCL科技,2025-09-25 10:36:12,4.46,199860,4.46,D
sz000100,TCL科技,2025-09-25 10:36:15,4.46,124800,4.46,D
sz000100,TCL科技,2025-09-25 10:36:18,4.47,80100,4.46,U
sz000100,TCL科技,2025-09-25 10:36:27,4.47,39400,4.46,U
sz000100,TCL科技,2025-09-25 10:36:30,4.47,29600,4.47,U
sz000100,TCL科技,2025-09-25 10:36:33,4.47,27300,4.47,U
sz000100,TCL科技,2025-09-25 10:36:36,4.47,23570,4.47,U
sz000100,TCL科技,2025-09-25 10:36:42,4.47,25000,4.47,U
sz000100,TCL科技,2025-09-25 10:36:54,4.46,128600,4.47,D
sz000100,TCL科技,2025-09-25 10:37:00,4.47,24500,4.47,U
sz000100,TCL科技,2025-09-25 10:37:03,4.47,53800,4.47,U
sz000100,TCL科技,2025-09-25 10:37:06,4.47,202600,4.47,U
sz000100,TCL科技,2025-09-25 10:37:12,4.46,78800,4.46,D
sz000100,TCL科技,2025-09-25 10:37:15,4.46,3351000,4.46,D
sz000100,TCL科技,2025-09-25 10:37:18,4.46,192400,4.46,U
sz000100,TCL科技,2025-09-25 10:37:21,4.45,166200,4.46,D
sz000100,TCL科技,2025-09-25 10:37:24,4.45,348400,4.45,D
sz000100,TCL科技,2025-09-25 10:37:27,4.45,115300,4.45,D
sz000100,TCL科技,2025-09-25 10:37:33,4.46,30200,4.46,U
sz000100,TCL科技,2025-09-25 10:37:39,4.46,34200,4.46,U
sz000100,TCL科技,2025-09-25 10:37:45,4.45,22100,4.46,D
sz000100,TCL科技,2025-09-25 10:37:48,4.46,238800,4.45,U
sz000100,TCL科技,2025-09-25 10:37:51,4.45,44700,4.46,D
sz000100,TCL科技,2025-09-25 10:37:54,4.45,95800,4.45,D
sz000100,TCL科技,2025-09-25 10:38:00,4.45,48400,4.46,D
sz000100,TCL科技,2025-09-25 10:38:06,4.46,621900,4.45,U
sz000100,TCL科技,2025-09-25 10:38:09,4.45,179000,4.46,D
sz000100,TCL科技,2025-09-25 10:38:12,4.46,160100,4.45,U
sz000100,TCL科技,2025-09-25 10:38:15,4.46,175900,4.46,U
sz000100,TCL科技,2025-09-25 10:38:18,4.46,155000,4.46,U
sz000100,TCL科技,2025-09-25 10:38:21,4.46,160600,4.46,U
sz000100,TCL科技,2025-09-25 10:38:24,4.45,153000,4.46,D
sz000100,TCL科技,2025-09-25 10:38:27,4.45,170700,4.45,D
sz000100,TCL科技,2025-09-25 10:38:30,4.46,502700,4.45,U
sz000100,TCL科技,2025-09-25 10:38:33,4.46,480800,4.46,U
sz000100,TCL科技,2025-09-25 10:38:36,4.47,500940,4.46,U
sz000100,TCL科技,2025-09-25 10:38:39,4.46,119900,4.47,D
sz000100,TCL科技,2025-09-25 10:38:42,4.46,280100,4.46,D
sz000100,TCL科技,2025-09-25 10:38:51,4.46,67600,4.46,D
sz000100,TCL科技,2025-09-25 10:38:54,4.47,39500,4.46,U
sz000100,TCL科技,2025-09-25 10:38:57,4.46,45500,4.47,D
sz000100,TCL科技,2025-09-25 10:39:09,4.46,47000,4.47,D
sz000100,TCL科技,2025-09-25 10:39:21,4.47,90700,4.46,U
sz000100,TCL科技,2025-09-25 10:39:24,4.46,27200,4.47,D
sz000100,TCL科技,2025-09-25 10:39:27,4.46,29300,4.46,D
sz000100,TCL科技,2025-09-25 10:39:30,4.47,67500,4.46,U
sz000100,TCL科技,2025-09-25 10:39:39,4.47,37700,4.46,U
sz000100,TCL科技,2025-09-25 10:39:48,4.46,112700,4.47,D
sz000100,TCL科技,2025-09-25 10:39:57,4.47,25000,4.47,U
sz000100,TCL科技,2025-09-25 10:40:00,4.47,21500,4.47,U
sz000100,TCL科技,2025-09-25 10:40:06,4.47,74700,4.47,U
sz000100,TCL科技,2025-09-25 10:40:09,4.46,54800,4.47,D
sz000100,TCL科技,2025-09-25 10:40:12,4.46,38300,4.46,D
sz000100,TCL科技,2025-09-25 10:40:15,4.46,37600,4.46,D
sz000100,TCL科技,2025-09-25 10:40:30,4.47,137200,4.46,U
sz000100,TCL科技,2025-09-25 10:40:33,4.47,37700,4.47,U
sz000100,TCL科技,2025-09-25 10:40:39,4.46,67000,4.47,D
sz000100,TCL科技,2025-09-25 10:40:42,4.46,56900,4.46,D
sz000100,TCL科技,2025-09-25 10:40:45,4.46,34000,4.46,D
sz000100,TCL科技,2025-09-25 10:40:51,4.46,118400,4.47,D
sz000100,TCL科技,2025-09-25 10:40:57,4.46,71400,4.47,D
sz000100,TCL科技,2025-09-25 10:41:00,4.47,37600,4.46,U
sz000100,TCL科技,2025-09-25 10:41:03,4.47,21700,4.47,U
sz000100,TCL科技,2025-09-25 10:41:06,4.46,78600,4.47,D
sz000100,TCL科技,2025-09-25 10:41:12,4.46,47700,4.46,D
sz000100,TCL科技,2025-09-25 10:41:15,4.46,62500,4.46,D
sz000100,TCL科技,2025-09-25 10:41:18,4.47,21700,4.46,U
sz000100,TCL科技,2025-09-25 10:41:21,4.46,46000,4.47,D
sz000100,TCL科技,2025-09-25 10:41:27,4.46,349900,4.46,D
sz000100,TCL科技,2025-09-25 10:41:30,4.46,378500,4.46,D
sz000100,TCL科技,2025-09-25 10:41:33,4.46,1924800,4.46,D
sz000100,TCL科技,2025-09-25 10:41:36,4.46,268410,4.46,D
sz000100,TCL科技,2025-09-25 10:41:39,4.46,46300,4.46,U
sz000100,TCL科技,2025-09-25 10:41:42,4.46,24300,4.46,U
sz000100,TCL科技,2025-09-25 10:41:48,4.46,20800,4.45,U
sz000100,TCL科技,2025-09-25 10:41:51,4.46,31400,4.46,U
sz000100,TCL科技,2025-09-25 10:41:54,4.46,125300,4.46,U
sz000100,TCL科技,2025-09-25 10:41:57,4.45,27000,4.46,D
sz000100,TCL科技,2025-09-25 10:42:03,4.45,20400,4.46,D
sz000100,TCL科技,2025-09-25 10:42:45,4.46,276500,4.45,U
sz000100,TCL科技,2025-09-25 10:42:48,4.45,51000,4.46,D
sz000100,TCL科技,2025-09-25 10:42:57,4.45,55300,4.45,D
sz000100,TCL科技,2025-09-25 10:43:00,4.46,26500,4.45,U
sz000100,TCL科技,2025-09-25 10:43:09,4.45,21900,4.46,D
sz000100,TCL科技,2025-09-25 10:43:21,4.46,89840,4.46,U
sz000100,TCL科技,2025-09-25 10:43:45,4.46,29100,4.45,U
sz000100,TCL科技,2025-09-25 10:43:51,4.45,23700,4.45,D
sz000100,TCL科技,2025-09-25 10:44:00,4.46,27500,4.45,U
sz000100,TCL科技,2025-09-25 10:44:03,4.46,25200,4.46,U
sz000100,TCL科技,2025-09-25 10:44:09,4.45,20900,4.46,D
sz000100,TCL科技,2025-09-25 10:44:15,4.46,180600,4.46,U
sz000100,TCL科技,2025-09-25 10:44:18,4.46,156700,4.46,U
sz000100,TCL科技,2025-09-25 10:44:21,4.46,261300,4.46,U
sz000100,TCL科技,2025-09-25 10:44:24,4.46,101300,4.46,U
sz000100,TCL科技,2025-09-25 10:44:30,4.46,69200,4.46,U
sz000100,TCL科技,2025-09-25 10:44:33,4.45,74920,4.46,D
sz000100,TCL科技,2025-09-25 10:44:36,4.45,40200,4.45,D
sz000100,TCL科技,2025-09-25 10:44:42,4.46,173000,4.46,U
sz000100,TCL科技,2025-09-25 10:44:45,4.46,25900,4.46,U
sz000100,TCL科技,2025-09-25 10:44:51,4.46,34900,4.45,U
sz000100,TCL科技,2025-09-25 10:45:00,4.46,29900,4.45,U
sz000100,TCL科技,2025-09-25 10:45:06,4.46,34100,4.46,U
sz000100,TCL科技,2025-09-25 10:45:09,4.46,67800,4.46,U
sz000100,TCL科技,2025-09-25 10:45:15,4.46,31000,4.46,U
sz000100,TCL科技,2025-09-25 10:45:33,4.46,102600,4.45,U
sz000100,TCL科技,2025-09-25 10:45:36,4.46,27500,4.46,U
sz000100,TCL科技,2025-09-25 10:45:39,4.45,44700,4.46,D
sz000100,TCL科技,2025-09-25 10:45:48,4.46,41300,4.45,U
sz000100,TCL科技,2025-09-25 10:45:51,4.46,44500,4.46,U
sz000100,TCL科技,2025-09-25 10:45:54,4.46,263000,4.46,U
sz000100,TCL科技,2025-09-25 10:45:57,4.46,110100,4.46,U
sz000100,TCL科技,2025-09-25 10:46:00,4.46,162300,4.46,U
sz000100,TCL科技,2025-09-25 10:46:03,4.46,43000,4.46,U
sz000100,TCL科技,2025-09-25 10:46:06,4.46,48900,4.46,U
sz000100,TCL科技,2025-09-25 10:46:18,4.45,105600,4.45,D
sz000100,TCL科技,2025-09-25 10:46:24,4.45,48200,4.46,D
sz000100,TCL科技,2025-09-25 10:46:30,4.45,27600,4.46,D
sz000100,TCL科技,2025-09-25 10:46:39,4.45,26100,4.46,D
sz000100,TCL科技,2025-09-25 10:46:45,4.46,414000,4.46,U
sz000100,TCL科技,2025-09-25 10:46:48,4.46,43900,4.46,U
sz000100,TCL科技,2025-09-25 10:46:57,4.46,25200,4.46,U
sz000100,TCL科技,2025-09-25 10:47:00,4.46,71600,4.46,U
sz000100,TCL科技,2025-09-25 10:47:18,4.46,42420,4.45,U
sz000100,TCL科技,2025-09-25 10:47:30,4.46,86100,4.46,U
sz000100,TCL科技,2025-09-25 10:47:42,4.46,115300,4.46,U
sz000100,TCL科技,2025-09-25 10:47:45,4.46,664700,4.46,U
sz000100,TCL科技,2025-09-25 10:47:48,4.46,341800,4.46,U
sz000100,TCL科技,2025-09-25 10:47:51,4.47,1670810,4.46,U
sz000100,TCL科技,2025-09-25 10:47:54,4.47,705700,4.47,U
sz000100,TCL科技,2025-09-25 10:48:03,4.47,80700,4.47,U
sz000100,TCL科技,2025-09-25 10:48:15,4.47,43800,4.47,U
sz000100,TCL科技,2025-09-25 10:48:18,4.46,100800,4.47,D
sz000100,TCL科技,2025-09-25 10:48:21,4.47,56900,4.46,U
sz000100,TCL科技,2025-09-25 10:48:24,4.47,27400,4.47,U
sz000100,TCL科技,2025-09-25 10:48:30,4.47,72400,4.47,U
sz000100,TCL科技,2025-09-25 10:48:33,4.46,62000,4.47,D
sz000100,TCL科技,2025-09-25 10:48:36,4.47,21500,4.46,U
sz000100,TCL科技,2025-09-25 10:48:42,4.46,24200,4.47,D
sz000100,TCL科技,2025-09-25 10:48:51,4.47,28600,4.46,U
sz000100,TCL科技,2025-09-25 10:49:00,4.47,59600,4.47,U
sz000100,TCL科技,2025-09-25 10:49:06,4.47,77600,4.47,U
sz000100,TCL科技,2025-09-25 10:49:15,4.47,110200,4.47,U
sz000100,TCL科技,2025-09-25 10:49:18,4.46,85900,4.47,D
sz000100,TCL科技,2025-09-25 10:49:21,4.47,254700,4.46,U
sz000100,TCL科技,2025-09-25 10:49:24,4.47,6899990,4.47,U
sz000100,TCL科技,2025-09-25 10:49:27,4.47,252800,4.47,D
sz000100,TCL科技,2025-09-25 10:49:30,4.48,87800,4.47,U
sz000100,TCL科技,2025-09-25 10:49:33,4.48,45000,4.48,U
sz000100,TCL科技,2025-09-25 10:49:36,4.48,43400,4.48,U
sz000100,TCL科技,2025-09-25 10:49:39,4.48,71400,4.48,U
sz000100,TCL科技,2025-09-25 10:49:45,4.48,66000,4.48,U
sz000100,TCL科技,2025-09-25 10:49:48,4.48,22100,4.48,U
sz000100,TCL科技,2025-09-25 10:49:51,4.48,35700,4.48,U
sz000100,TCL科技,2025-09-25 10:49:54,4.47,40700,4.48,D
sz000100,TCL科技,2025-09-25 10:49:57,4.48,146500,4.47,U
sz000100,TCL科技,2025-09-25 10:50:00,4.48,30800,4.48,U
sz000100,TCL科技,2025-09-25 10:50:03,4.47,113200,4.48,D
sz000100,TCL科技,2025-09-25 10:50:06,4.48,69800,4.47,U
sz000100,TCL科技,2025-09-25 10:50:09,4.48,26600,4.48,U
sz000100,TCL科技,2025-09-25 10:50:12,4.48,102200,4.48,U
sz000100,TCL科技,2025-09-25 10:50:15,4.48,61340,4.48,U
sz000100,TCL科技,2025-09-25 10:50:21,4.48,65600,4.47,U
sz000100,TCL科技,2025-09-25 10:50:24,4.47,25400,4.48,D
sz000100,TCL科技,2025-09-25 10:50:27,4.47,325000,4.47,D
sz000100,TCL科技,2025-09-25 10:50:30,4.48,161700,4.47,U
sz000100,TCL科技,2025-09-25 10:50:33,4.47,25200,4.48,D
sz000100,TCL科技,2025-09-25 10:50:36,4.48,117400,4.47,U
sz000100,TCL科技,2025-09-25 10:50:39,4.47,93100,4.48,D
sz000100,TCL科技,2025-09-25 10:50:42,4.48,64200,4.47,U
sz000100,TCL科技,2025-09-25 10:50:45,4.48,60800,4.48,U
sz000100,TCL科技,2025-09-25 10:50:57,4.48,85300,4.47,U
sz000100,TCL科技,2025-09-25 10:51:00,4.48,50200,4.48,U
sz000100,TCL科技,2025-09-25 10:51:03,4.47,46600,4.48,D
sz000100,TCL科技,2025-09-25 10:51:06,4.48,31700,4.47,U
sz000100,TCL科技,2025-09-25 10:51:09,4.48,23800,4.48,U
sz000100,TCL科技,2025-09-25 10:51:15,4.48,138300,4.48,U
sz000100,TCL科技,2025-09-25 10:51:21,4.48,21000,4.48,U
sz000100,TCL科技,2025-09-25 10:51:24,4.47,203700,4.48,D
sz000100,TCL科技,2025-09-25 10:51:30,4.47,25100,4.48,D
sz000100,TCL科技,2025-09-25 10:51:33,4.47,21400,4.47,D
sz000100,TCL科技,2025-09-25 10:51:36,4.48,30400,4.47,U
sz000100,TCL科技,2025-09-25 10:51:39,4.47,96400,4.48,D
sz000100,TCL科技,2025-09-25 10:51:42,4.48,64600,4.47,U
sz000100,TCL科技,2025-09-25 10:51:45,4.48,25800,4.48,U
sz000100,TCL科技,2025-09-25 10:51:48,4.47,31200,4.48,D
sz000100,TCL科技,2025-09-25 10:51:51,4.48,21700,4.47,U
sz000100,TCL科技,2025-09-25 10:51:54,4.48,167800,4.48,U
sz000100,TCL科技,2025-09-25 10:51:57,4.48,21200,4.48,U
sz000100,TCL科技,2025-09-25 10:52:00,4.48,52700,4.48,U
sz000100,TCL科技,2025-09-25 10:52:03,4.48,35900,4.48,U
sz000100,TCL科技,2025-09-25 10:52:06,4.47,43770,4.48,D
sz000100,TCL科技,2025-09-25 10:52:09,4.47,79400,4.47,D
sz000100,TCL科技,2025-09-25 10:52:12,4.47,62900,4.47,D
sz000100,TCL科技,2025-09-25 10:52:15,4.48,38200,4.47,U
sz000100,TCL科技,2025-09-25 10:52:18,4.47,229400,4.48,D
sz000100,TCL科技,2025-09-25 10:52:21,4.48,1773000,4.47,U
sz000100,TCL科技,2025-09-25 10:52:27,4.47,71300,4.47,D
sz000100,TCL科技,2025-09-25 10:52:30,4.47,81500,4.47,D
sz000100,TCL科技,2025-09-25 10:52:33,4.48,61700,4.47,U
sz000100,TCL科技,2025-09-25 10:52:36,4.48,215200,4.48,U
sz000100,TCL科技,2025-09-25 10:52:39,4.47,105700,4.48,D
sz000100,TCL科技,2025-09-25 10:52:45,4.48,55700,4.47,U
sz000100,TCL科技,2025-09-25 10:52:48,4.48,46400,4.48,U
sz000100,TCL科技,2025-09-25 10:52:54,4.47,60700,4.47,D
sz000100,TCL科技,2025-09-25 10:52:57,4.47,41900,4.47,D
sz000100,TCL科技,2025-09-25 10:53:00,4.48,44900,4.47,U
sz000100,TCL科技,2025-09-25 10:53:06,4.47,101900,4.48,D
sz000100,TCL科技,2025-09-25 10:53:09,4.47,24800,4.47,D
sz000100,TCL科技,2025-09-25 10:53:12,4.47,26200,4.47,D
sz000100,TCL科技,2025-09-25 10:53:18,4.47,41700,4.48,D
sz000100,TCL科技,2025-09-25 10:53:21,4.48,34000,4.47,U
sz000100,TCL科技,2025-09-25 10:53:30,4.48,59000,4.48,U
sz000100,TCL科技,2025-09-25 10:53:33,4.47,20300,4.48,D
sz000100,TCL科技,2025-09-25 10:53:36,4.47,275900,4.47,D
sz000100,TCL科技,2025-09-25 10:53:42,4.48,43400,4.48,U
sz000100,TCL科技,2025-09-25 10:53:45,4.48,76000,4.48,U
sz000100,TCL科技,2025-09-25 10:53:48,4.47,23800,4.48,D
sz000100,TCL科技,2025-09-25 10:53:54,4.47,61800,4.48,D
sz000100,TCL科技,2025-09-25 10:53:57,4.47,35400,4.47,D
sz000100,TCL科技,2025-09-25 10:54:03,4.47,25700,4.48,D
sz000100,TCL科技,2025-09-25 10:54:09,4.47,30400,4.48,D
sz000100,TCL科技,2025-09-25 10:54:12,4.47,161500,4.47,D
sz000100,TCL科技,2025-09-25 10:54:15,4.48,44800,4.47,U
sz000100,TCL科技,2025-09-25 10:54:18,4.47,104400,4.48,D
sz000100,TCL科技,2025-09-25 10:54:24,4.47,20200,4.48,D
sz000100,TCL科技,2025-09-25 10:54:27,4.47,125100,4.47,D
sz000100,TCL科技,2025-09-25 10:54:30,4.48,33500,4.47,U
sz000100,TCL科技,2025-09-25 10:54:33,4.47,149500,4.48,D
sz000100,TCL科技,2025-09-25 10:54:36,4.47,1802800,4.47,D
sz000100,TCL科技,2025-09-25 10:54:39,4.47,221500,4.47,U
sz000100,TCL科技,2025-09-25 10:54:54,4.47,35000,4.47,U
sz000100,TCL科技,2025-09-25 10:55:00,4.47,27600,4.46,U
sz000100,TCL科技,2025-09-25 10:55:03,4.46,39500,4.47,D
sz000100,TCL科技,2025-09-25 10:55:12,4.46,24700,4.47,D
sz000100,TCL科技,2025-09-25 10:55:24,4.46,34100,4.47,D
sz000100,TCL科技,2025-09-25 10:55:39,4.47,39200,4.47,U
sz000100,TCL科技,2025-09-25 10:55:45,4.47,35800,4.47,U
sz000100,TCL科技,2025-09-25 10:55:54,4.47,138800,4.46,U
sz000100,TCL科技,2025-09-25 10:56:03,4.47,67000,4.46,U
sz000100,TCL科技,2025-09-25 10:56:06,4.47,1399000,4.47,U
sz000100,TCL科技,2025-09-25 10:56:09,4.47,217000,4.47,U
sz000100,TCL科技,2025-09-25 10:56:12,4.47,50300,4.47,U
sz000100,TCL科技,2025-09-25 10:56:15,4.47,162000,4.47,U
sz000100,TCL科技,2025-09-25 10:56:18,4.47,73300,4.47,D
sz000100,TCL科技,2025-09-25 10:56:21,4.48,162200,4.47,U
sz000100,TCL科技,2025-09-25 10:56:24,4.47,45200,4.48,D
sz000100,TCL科技,2025-09-25 10:56:30,4.47,23200,4.48,D
sz000100,TCL科技,2025-09-25 10:56:33,4.47,89900,4.47,D
sz000100,TCL科技,2025-09-25 10:56:39,4.47,65300,4.48,D
sz000100,TCL科技,2025-09-25 10:56:51,4.48,44100,4.48,U
sz000100,TCL科技,2025-09-25 10:56:54,4.48,59500,4.48,U
sz000100,TCL科技,2025-09-25 10:56:57,4.47,33900,4.48,D
sz000100,TCL科技,2025-09-25 10:57:00,4.48,31400,4.47,U
sz000100,TCL科技,2025-09-25 10:57:03,4.47,103600,4.48,D
sz000100,TCL科技,2025-09-25 10:57:06,4.48,55600,4.47,U
sz000100,TCL科技,2025-09-25 10:57:09,4.48,21700,4.48,U
sz000100,TCL科技,2025-09-25 10:57:12,4.48,45400,4.48,U
sz000100,TCL科技,2025-09-25 10:57:15,4.48,58100,4.48,U
sz000100,TCL科技,2025-09-25 10:57:21,4.48,33500,4.48,U
sz000100,TCL科技,2025-09-25 10:57:24,4.48,45800,4.48,U
sz000100,TCL科技,2025-09-25 10:57:27,4.48,48300,4.48,U
sz000100,TCL科技,2025-09-25 10:57:33,4.47,39800,4.48,D
sz000100,TCL科技,2025-09-25 10:57:45,4.47,38300,4.47,D
sz000100,TCL科技,2025-09-25 10:57:48,4.47,26800,4.47,D
sz000100,TCL科技,2025-09-25 10:57:54,4.48,29060,4.47,U
sz000100,TCL科技,2025-09-25 10:58:00,4.48,48200,4.47,U
sz000100,TCL科技,2025-09-25 10:58:03,4.47,1530470,4.48,D
sz000100,TCL科技,2025-09-25 10:58:06,4.47,325700,4.47,D
sz000100,TCL科技,2025-09-25 10:58:09,4.47,105500,4.47,D
sz000100,TCL科技,2025-09-25 10:58:12,4.48,44300,4.47,U
sz000100,TCL科技,2025-09-25 10:58:15,4.47,77500,4.48,D
sz000100,TCL科技,2025-09-25 10:58:18,4.47,63400,4.47,D
sz000100,TCL科技,2025-09-25 10:58:21,4.47,85870,4.47,D
sz000100,TCL科技,2025-09-25 10:58:42,4.47,42500,4.47,U
sz000100,TCL科技,2025-09-25 10:59:03,4.47,53100,4.47,U
sz000100,TCL科技,2025-09-25 10:59:09,4.47,35600,4.46,U
sz000100,TCL科技,2025-09-25 10:59:12,4.47,68300,4.47,U
sz000100,TCL科技,2025-09-25 10:59:15,4.47,103700,4.47,U
sz000100,TCL科技,2025-09-25 10:59:18,4.47,51900,4.47,U
sz000100,TCL科技,2025-09-25 10:59:21,4.46,30500,4.47,D
sz000100,TCL科技,2025-09-25 10:59:42,4.47,26900,4.46,U
sz000100,TCL科技,2025-09-25 11:00:03,4.47,47900,4.47,U
sz000100,TCL科技,2025-09-25 11:00:30,4.47,30400,4.46,U
sz000100,TCL科技,2025-09-25 11:00:33,4.47,31700,4.47,U
sz000100,TCL科技,2025-09-25 11:01:00,4.47,37500,4.46,U
sz000100,TCL科技,2025-09-25 11:01:09,4.47,28000,4.47,U
sz000100,TCL科技,2025-09-25 11:01:15,4.47,22900,4.46,U
sz000100,TCL科技,2025-09-25 11:01:30,4.46,72800,4.47,D
sz000100,TCL科技,2025-09-25 11:01:42,4.47,261200,4.47,U
sz000100,TCL科技,2025-09-25 11:01:51,4.46,20900,4.47,D
sz000100,TCL科技,2025-09-25 11:01:54,4.47,110000,4.46,U
sz000100,TCL科技,2025-09-25 11:02:00,4.47,26600,4.47,U
sz000100,TCL科技,2025-09-25 11:02:03,4.46,24700,4.47,D
sz000100,TCL科技,2025-09-25 11:02:15,4.47,32600,4.47,U
sz000100,TCL科技,2025-09-25 11:02:21,4.47,29000,4.46,U
sz000100,TCL科技,2025-09-25 11:02:27,4.47,23100,4.47,U
sz000100,TCL科技,2025-09-25 11:02:42,4.46,34400,4.46,D
sz000100,TCL科技,2025-09-25 11:03:00,4.47,31200,4.46,U
sz000100,TCL科技,2025-09-25 11:03:06,4.47,50200,4.46,U
sz000100,TCL科技,2025-09-25 11:03:12,4.47,249600,4.47,U
sz000100,TCL科技,2025-09-25 11:03:15,4.47,204300,4.47,U
sz000100,TCL科技,2025-09-25 11:03:18,4.47,66000,4.47,U
sz000100,TCL科技,2025-09-25 11:03:24,4.46,82800,4.46,D
sz000100,TCL科技,2025-09-25 11:03:30,4.47,48600,4.46,U
sz000100,TCL科技,2025-09-25 11:03:33,4.47,22300,4.47,U
sz000100,TCL科技,2025-09-25 11:03:36,4.46,41500,4.47,D
sz000100,TCL科技,2025-09-25 11:03:42,4.48,1853010,4.46,U
sz000100,TCL科技,2025-09-25 11:03:45,4.48,60100,4.48,U
sz000100,TCL科技,2025-09-25 11:03:48,4.47,24600,4.48,D
sz000100,TCL科技,2025-09-25 11:03:54,4.47,28400,4.47,D
sz000100,TCL科技,2025-09-25 11:03:57,4.47,50900,4.47,D
sz000100,TCL科技,2025-09-25 11:04:00,4.48,57300,4.47,U
sz000100,TCL科技,2025-09-25 11:04:03,4.47,21700,4.48,D
sz000100,TCL科技,2025-09-25 11:04:06,4.47,116300,4.47,D
sz000100,TCL科技,2025-09-25 11:04:12,4.47,22700,4.47,D
sz000100,TCL科技,2025-09-25 11:04:15,4.47,98200,4.47,D
sz000100,TCL科技,2025-09-25 11:04:18,4.47,732200,4.47,D
sz000100,TCL科技,2025-09-25 11:04:21,4.47,35000,4.47,D
sz000100,TCL科技,2025-09-25 11:04:24,4.47,572400,4.47,D
sz000100,TCL科技,2025-09-25 11:04:27,4.47,223800,4.47,D
sz000100,TCL科技,2025-09-25 11:04:30,4.47,23700,4.47,U
sz000100,TCL科技,2025-09-25 11:04:36,4.46,31700,4.47,D
sz000100,TCL科技,2025-09-25 11:04:39,4.47,35200,4.46,U
sz000100,TCL科技,2025-09-25 11:04:54,4.47,121600,4.47,U
sz000100,TCL科技,2025-09-25 11:05:06,4.47,43000,4.47,U
sz000100,TCL科技,2025-09-25 11:05:27,4.47,22900,4.46,U
sz000100,TCL科技,2025-09-25 11:05:30,4.47,58600,4.47,U
sz000100,TCL科技,2025-09-25 11:05:33,4.47,101900,4.47,U
sz000100,TCL科技,2025-09-25 11:05:36,4.47,113500,4.47,U
sz000100,TCL科技,2025-09-25 11:05:39,4.47,39000,4.47,U
sz000100,TCL科技,2025-09-25 11:05:42,4.47,43200,4.47,U
sz000100,TCL科技,2025-09-25 11:05:45,4.47,888300,4.47,U
sz000100,TCL科技,2025-09-25 11:05:51,4.47,26600,4.47,D
sz000100,TCL科技,2025-09-25 11:05:57,4.47,61960,4.47,D
sz000100,TCL科技,2025-09-25 11:06:00,4.47,31400,4.47,D
sz000100,TCL科技,2025-09-25 11:06:03,4.47,251100,4.47,D
sz000100,TCL科技,2025-09-25 11:06:09,4.47,156290,4.47,D
sz000100,TCL科技,2025-09-25 11:06:12,4.47,20200,4.47,D
sz000100,TCL科技,2025-09-25 11:06:15,4.47,27200,4.47,D
sz000100,TCL科技,2025-09-25 11:06:21,4.47,46200,4.47,D
sz000100,TCL科技,2025-09-25 11:06:24,4.47,92600,4.47,D
sz000100,TCL科技,2025-09-25 11:06:27,4.47,128500,4.47,D
sz000100,TCL科技,2025-09-25 11:06:36,4.47,36000,4.47,D
sz000100,TCL科技,2025-09-25 11:06:39,4.48,21100,4.47,U
sz000100,TCL科技,2025-09-25 11:06:48,4.47,77600,4.48,D
sz000100,TCL科技,2025-09-25 11:07:06,4.48,68400,4.48,U
sz000100,TCL科技,2025-09-25 11:07:09,4.47,59600,4.48,D
sz000100,TCL科技,2025-09-25 11:07:12,4.48,24200,4.47,U
sz000100,TCL科技,2025-09-25 11:07:24,4.48,32500,4.47,U
sz000100,TCL科技,2025-09-25 11:07:30,4.48,27600,4.47,U
sz000100,TCL科技,2025-09-25 11:07:42,4.48,97400,4.48,U
sz000100,TCL科技,2025-09-25 11:08:12,4.47,97720,4.47,D
sz000100,TCL科技,2025-09-25 11:08:15,4.47,163600,4.47,D
sz000100,TCL科技,2025-09-25 11:08:18,4.46,770030,4.47,D
sz000100,TCL科技,2025-09-25 11:08:21,4.47,25500,4.46,U
sz000100,TCL科技,2025-09-25 11:08:24,4.47,56100,4.47,U
sz000100,TCL科技,2025-09-25 11:08:27,4.47,20300,4.47,U
sz000100,TCL科技,2025-09-25 11:08:45,4.47,40700,4.47,U
sz000100,TCL科技,2025-09-25 11:08:51,4.46,26200,4.47,D
sz000100,TCL科技,2025-09-25 11:08:57,4.47,32500,4.47,U
sz000100,TCL科技,2025-09-25 11:09:03,4.47,27800,4.47,U
sz000100,TCL科技,2025-09-25 11:09:06,4.46,44800,4.47,D
sz000100,TCL科技,2025-09-25 11:09:15,4.47,35000,4.47,U
sz000100,TCL科技,2025-09-25 11:09:18,4.46,33100,4.47,D
sz000100,TCL科技,2025-09-25 11:09:21,4.46,31900,4.46,D
sz000100,TCL科技,2025-09-25 11:09:24,4.47,20900,4.46,U
sz000100,TCL科技,2025-09-25 11:09:30,4.47,101200,4.47,U
sz000100,TCL科技,2025-09-25 11:09:36,4.46,37580,4.46,D
sz000100,TCL科技,2025-09-25 11:09:42,4.46,61500,4.47,D
sz000100,TCL科技,2025-09-25 11:09:45,4.46,101100,4.46,D
sz000100,TCL科技,2025-09-25 11:09:51,4.47,42600,4.47,U
sz000100,TCL科技,2025-09-25 11:09:57,4.46,28900,4.46,D
sz000100,TCL科技,2025-09-25 11:10:00,4.47,31200,4.46,U
sz000100,TCL科技,2025-09-25 11:10:06,4.47,55000,4.46,U
sz000100,TCL科技,2025-09-25 11:10:09,4.47,61200,4.47,U
sz000100,TCL科技,2025-09-25 11:10:12,4.46,221400,4.47,D
sz000100,TCL科技,2025-09-25 11:10:15,4.47,21100,4.46,U
sz000100,TCL科技,2025-09-25 11:10:21,4.46,42600,4.47,D
sz000100,TCL科技,2025-09-25 11:10:27,4.46,41400,4.46,D
sz000100,TCL科技,2025-09-25 11:10:30,4.46,64000,4.46,D
sz000100,TCL科技,2025-09-25 11:10:33,4.46,22500,4.46,D
sz000100,TCL科技,2025-09-25 11:10:36,4.46,44100,4.46,D
sz000100,TCL科技,2025-09-25 11:10:39,4.46,217900,4.46,D
sz000100,TCL科技,2025-09-25 11:10:42,4.47,37900,4.46,U
sz000100,TCL科技,2025-09-25 11:10:45,4.47,24000,4.47,U
sz000100,TCL科技,2025-09-25 11:10:51,4.46,56050,4.47,D
sz000100,TCL科技,2025-09-25 11:10:57,4.46,59900,4.46,D
sz000100,TCL科技,2025-09-25 11:11:00,4.47,47100,4.46,U
sz000100,TCL科技,2025-09-25 11:11:03,4.47,24000,4.47,U
sz000100,TCL科技,2025-09-25 11:11:06,4.46,82000,4.47,D
sz000100,TCL科技,2025-09-25 11:11:09,4.47,54600,4.46,U
sz000100,TCL科技,2025-09-25 11:11:12,4.46,41200,4.47,D
sz000100,TCL科技,2025-09-25 11:11:27,4.46,46000,4.47,D
sz000100,TCL科技,2025-09-25 11:11:36,4.46,2002600,4.46,D
sz000100,TCL科技,2025-09-25 11:11:39,4.46,218700,4.46,D
sz000100,TCL科技,2025-09-25 11:11:42,4.47,82330,4.46,U
sz000100,TCL科技,2025-09-25 11:11:45,4.46,31400,4.47,D
sz000100,TCL科技,2025-09-25 11:11:48,4.46,137900,4.46,D
sz000100,TCL科技,2025-09-25 11:11:51,4.46,65400,4.46,D
sz000100,TCL科技,2025-09-25 11:11:54,4.46,95100,4.46,D
sz000100,TCL科技,2025-09-25 11:11:57,4.46,272000,4.46,D
sz000100,TCL科技,2025-09-25 11:12:00,4.46,115800,4.46,D
sz000100,TCL科技,2025-09-25 11:12:06,4.46,196600,4.46,D
sz000100,TCL科技,2025-09-25 11:12:09,4.46,66300,4.46,U
sz000100,TCL科技,2025-09-25 11:12:15,4.45,81100,4.46,D
sz000100,TCL科技,2025-09-25 11:12:24,4.46,41300,4.46,U
sz000100,TCL科技,2025-09-25 11:12:27,4.46,22900,4.46,U
sz000100,TCL科技,2025-09-25 11:12:33,4.46,73700,4.46,U
sz000100,TCL科技,2025-09-25 11:12:36,4.46,30600,4.46,U
sz000100,TCL科技,2025-09-25 11:12:39,4.46,29200,4.46,U
sz000100,TCL科技,2025-09-25 11:13:06,4.46,73200,4.45,U
sz000100,TCL科技,2025-09-25 11:13:09,4.46,27800,4.46,U
sz000100,TCL科技,2025-09-25 11:13:12,4.46,24000,4.46,U
sz000100,TCL科技,2025-09-25 11:13:21,4.46,23300,4.46,U
sz000100,TCL科技,2025-09-25 11:13:33,4.46,65200,4.46,U
sz000100,TCL科技,2025-09-25 11:13:42,4.46,20100,4.46,U
sz000100,TCL科技,2025-09-25 11:14:15,4.46,27900,4.46,U
sz000100,TCL科技,2025-09-25 11:14:27,4.46,110300,4.46,U
sz000100,TCL科技,2025-09-25 11:15:00,4.46,26500,4.46,U
sz000100,TCL科技,2025-09-25 11:15:03,4.45,22500,4.46,D
sz000100,TCL科技,2025-09-25 11:15:24,4.46,43900,4.45,U
sz000100,TCL科技,2025-09-25 11:15:27,4.45,46200,4.46,D
sz000100,TCL科技,2025-09-25 11:15:30,4.46,37800,4.45,U
sz000100,TCL科技,2025-09-25 11:15:33,4.46,22300,4.46,U
sz000100,TCL科技,2025-09-25 11:15:51,4.45,35800,4.45,D
sz000100,TCL科技,2025-09-25 11:16:00,4.46,25400,4.46,U
sz000100,TCL科技,2025-09-25 11:16:06,4.46,2072380,4.46,U
sz000100,TCL科技,2025-09-25 11:16:12,4.47,29600,4.46,U
sz000100,TCL科技,2025-09-25 11:16:24,4.47,22800,4.46,U
sz000100,TCL科技,2025-09-25 11:16:27,4.47,75700,4.47,U
sz000100,TCL科技,2025-09-25 11:16:42,4.46,27400,4.46,D
sz000100,TCL科技,2025-09-25 11:16:48,4.47,32700,4.47,U
sz000100,TCL科技,2025-09-25 11:16:57,4.46,24600,4.47,D
sz000100,TCL科技,2025-09-25 11:17:09,4.47,26500,4.46,U
sz000100,TCL科技,2025-09-25 11:17:12,4.46,38200,4.47,D
sz000100,TCL科技,2025-09-25 11:17:21,4.46,33100,4.47,D
sz000100,TCL科技,2025-09-25 11:17:24,4.46,25400,4.46,D
sz000100,TCL科技,2025-09-25 11:17:45,4.47,23000,4.46,U
sz000100,TCL科技,2025-09-25 11:17:48,4.47,37200,4.47,U
sz000100,TCL科技,2025-09-25 11:18:06,4.46,39500,4.46,D
sz000100,TCL科技,2025-09-25 11:18:12,4.47,58300,4.47,U
sz000100,TCL科技,2025-09-25 11:18:21,4.47,21600,4.46,U
sz000100,TCL科技,2025-09-25 11:18:24,4.47,22390,4.47,U
sz000100,TCL科技,2025-09-25 11:18:30,4.47,23800,4.47,U
sz000100,TCL科技,2025-09-25 11:18:45,4.46,20600,4.46,D
sz000100,TCL科技,2025-09-25 11:18:57,4.46,33600,4.47,D
sz000100,TCL科技,2025-09-25 11:19:00,4.47,26500,4.46,U
sz000100,TCL科技,2025-09-25 11:19:03,4.46,40700,4.47,D
sz000100,TCL科技,2025-09-25 11:19:12,4.46,27000,4.47,D
sz000100,TCL科技,2025-09-25 11:19:27,4.47,516600,4.46,U
sz000100,TCL科技,2025-09-25 11:19:36,4.46,41400,4.47,D
sz000100,TCL科技,2025-09-25 11:19:54,4.47,35600,4.47,U
sz000100,TCL科技,2025-09-25 11:19:57,4.47,550800,4.47,U
sz000100,TCL科技,2025-09-25 11:20:00,4.47,62500,4.47,U
sz000100,TCL科技,2025-09-25 11:20:09,4.46,26100,4.47,D
sz000100,TCL科技,2025-09-25 11:20:12,4.47,507000,4.46,U
sz000100,TCL科技,2025-09-25 11:20:15,4.46,31900,4.47,D
sz000100,TCL科技,2025-09-25 11:20:18,4.47,1243000,4.46,U
sz000100,TCL科技,2025-09-25 11:20:21,4.47,67400,4.47,U
sz000100,TCL科技,2025-09-25 11:20:24,4.47,48100,4.47,U
sz000100,TCL科技,2025-09-25 11:20:27,4.47,37100,4.47,U
sz000100,TCL科技,2025-09-25 11:20:30,4.47,41100,4.47,U
sz000100,TCL科技,2025-09-25 11:20:33,4.47,312200,4.47,U
sz000100,TCL科技,2025-09-25 11:20:36,4.47,39400,4.47,U
sz000100,TCL科技,2025-09-25 11:20:45,4.47,43200,4.47,U
sz000100,TCL科技,2025-09-25 11:20:57,4.47,1066100,4.47,U
sz000100,TCL科技,2025-09-25 11:21:00,4.47,758920,4.47,U
sz000100,TCL科技,2025-09-25 11:21:03,4.47,251000,4.47,D
sz000100,TCL科技,2025-09-25 11:21:09,4.48,118400,4.47,U
sz000100,TCL科技,2025-09-25 11:21:12,4.47,26300,4.48,D
sz000100,TCL科技,2025-09-25 11:21:15,4.47,47100,4.47,D
sz000100,TCL科技,2025-09-25 11:21:18,4.47,119000,4.47,D
sz000100,TCL科技,2025-09-25 11:21:21,4.47,143700,4.47,D
sz000100,TCL科技,2025-09-25 11:21:24,4.46,55000,4.47,D
sz000100,TCL科技,2025-09-25 11:21:27,4.47,81700,4.46,U
sz000100,TCL科技,2025-09-25 11:21:30,4.47,179300,4.47,U
sz000100,TCL科技,2025-09-25 11:21:33,4.46,115200,4.47,D
sz000100,TCL科技,2025-09-25 11:21:39,4.46,36800,4.47,D
sz000100,TCL科技,2025-09-25 11:21:57,4.47,55900,4.47,U
sz000100,TCL科技,2025-09-25 11:22:00,4.46,311700,4.47,D
sz000100,TCL科技,2025-09-25 11:22:03,4.47,324700,4.46,U
sz000100,TCL科技,2025-09-25 11:22:06,4.47,74000,4.47,U
sz000100,TCL科技,2025-09-25 11:22:09,4.47,35500,4.47,D
sz000100,TCL科技,2025-09-25 11:22:21,4.47,20500,4.47,D
sz000100,TCL科技,2025-09-25 11:22:27,4.47,30910,4.47,D
sz000100,TCL科技,2025-09-25 11:22:30,4.48,24300,4.47,U
sz000100,TCL科技,2025-09-25 11:22:33,4.47,24500,4.48,D
sz000100,TCL科技,2025-09-25 11:22:36,4.48,37500,4.47,U
sz000100,TCL科技,2025-09-25 11:22:42,4.47,31700,4.48,D
sz000100,TCL科技,2025-09-25 11:22:45,4.47,21200,4.47,D
sz000100,TCL科技,2025-09-25 11:22:48,4.48,30800,4.47,U
sz000100,TCL科技,2025-09-25 11:23:06,4.48,22200,4.47,U
sz000100,TCL科技,2025-09-25 11:23:15,4.47,22300,4.47,D
sz000100,TCL科技,2025-09-25 11:23:18,4.48,26700,4.47,U
sz000100,TCL科技,2025-09-25 11:23:27,4.47,45000,4.47,D
sz000100,TCL科技,2025-09-25 11:23:39,4.48,222800,4.47,U
sz000100,TCL科技,2025-09-25 11:23:42,4.47,43000,4.48,D
sz000100,TCL科技,2025-09-25 11:23:45,4.48,47000,4.47,U
sz000100,TCL科技,2025-09-25 11:23:54,4.47,65000,4.47,D
sz000100,TCL科技,2025-09-25 11:24:00,4.48,42400,4.48,U
sz000100,TCL科技,2025-09-25 11:24:06,4.47,88300,4.48,D
sz000100,TCL科技,2025-09-25 11:24:09,4.48,26100,4.47,U
sz000100,TCL科技,2025-09-25 11:24:24,4.47,24500,4.48,D
sz000100,TCL科技,2025-09-25 11:24:33,4.47,52300,4.48,D
sz000100,TCL科技,2025-09-25 11:24:39,4.48,82900,4.47,U
sz000100,TCL科技,2025-09-25 11:24:42,4.47,55300,4.48,D
sz000100,TCL科技,2025-09-25 11:24:48,4.47,26900,4.47,D
sz000100,TCL科技,2025-09-25 11:24:57,4.47,34000,4.47,D
sz000100,TCL科技,2025-09-25 11:25:03,4.47,39900,4.48,D
sz000100,TCL科技,2025-09-25 11:25:15,4.48,30700,4.48,U
sz000100,TCL科技,2025-09-25 11:25:18,4.48,35300,4.48,U
sz000100,TCL科技,2025-09-25 11:25:21,4.47,82200,4.48,D
sz000100,TCL科技,2025-09-25 11:25:24,4.47,46500,4.47,D
sz000100,TCL科技,2025-09-25 11:25:30,4.48,352600,4.48,U
sz000100,TCL科技,2025-09-25 11:25:42,4.47,509800,4.48,D
sz000100,TCL科技,2025-09-25 11:25:45,4.47,129300,4.47,D
sz000100,TCL科技,2025-09-25 11:25:54,4.48,399800,4.47,U
sz000100,TCL科技,2025-09-25 11:26:00,4.48,330800,4.48,U
sz000100,TCL科技,2025-09-25 11:26:03,4.48,467300,4.48,U
sz000100,TCL科技,2025-09-25 11:26:06,4.48,81300,4.48,U
sz000100,TCL科技,2025-09-25 11:26:09,4.47,25700,4.48,D
sz000100,TCL科技,2025-09-25 11:26:12,4.48,537000,4.47,U
sz000100,TCL科技,2025-09-25 11:26:15,4.48,97800,4.48,U
sz000100,TCL科技,2025-09-25 11:26:24,4.47,27000,4.48,D
sz000100,TCL科技,2025-09-25 11:26:27,4.48,578100,4.47,U
sz000100,TCL科技,2025-09-25 11:26:30,4.48,74700,4.48,U
sz000100,TCL科技,2025-09-25 11:26:33,4.47,66400,4.48,D
sz000100,TCL科技,2025-09-25 11:26:36,4.48,830500,4.47,U
sz000100,TCL科技,2025-09-25 11:26:39,4.48,143600,4.48,U
sz000100,TCL科技,2025-09-25 11:26:42,4.48,181600,4.48,U
sz000100,TCL科技,2025-09-25 11:26:48,4.48,256600,4.48,U
sz000100,TCL科技,2025-09-25 11:26:54,4.48,30300,4.48,U
sz000100,TCL科技,2025-09-25 11:26:57,4.48,50800,4.48,U
sz000100,TCL科技,2025-09-25 11:27:00,4.48,38400,4.48,U
sz000100,TCL科技,2025-09-25 11:27:03,4.48,90200,4.48,U
sz000100,TCL科技,2025-09-25 11:27:06,4.48,396500,4.48,U
sz000100,TCL科技,2025-09-25 11:27:09,4.48,392100,4.48,U
sz000100,TCL科技,2025-09-25 11:27:12,4.48,7078625,4.48,U
sz000100,TCL科技,2025-09-25 11:27:15,4.48,231500,4.48,D
sz000100,TCL科技,2025-09-25 11:27:18,4.48,285500,4.48,D
sz000100,TCL科技,2025-09-25 11:27:24,4.49,35300,4.49,U
sz000100,TCL科技,2025-09-25 11:27:27,4.48,156100,4.49,D
sz000100,TCL科技,2025-09-25 11:27:30,4.48,81800,4.48,D
sz000100,TCL科技,2025-09-25 11:27:33,4.49,24800,4.48,U
sz000100,TCL科技,2025-09-25 11:27:39,4.48,41400,4.48,D
sz000100,TCL科技,2025-09-25 11:27:42,4.48,35200,4.48,D
sz000100,TCL科技,2025-09-25 11:27:45,4.49,32300,4.48,U
sz000100,TCL科技,2025-09-25 11:27:48,4.49,34700,4.49,U
sz000100,TCL科技,2025-09-25 11:27:57,4.48,42400,4.49,D
sz000100,TCL科技,2025-09-25 11:28:00,4.49,40400,4.48,U
sz000100,TCL科技,2025-09-25 11:28:03,4.48,24000,4.49,D
sz000100,TCL科技,2025-09-25 11:28:06,4.48,126700,4.48,D
sz000100,TCL科技,2025-09-25 11:28:15,4.49,51200,4.49,U
sz000100,TCL科技,2025-09-25 11:28:21,4.49,240000,4.49,U
sz000100,TCL科技,2025-09-25 11:28:30,4.49,92000,4.49,U
sz000100,TCL科技,2025-09-25 11:28:33,4.48,28650,4.49,D
sz000100,TCL科技,2025-09-25 11:28:36,4.49,49430,4.48,U
sz000100,TCL科技,2025-09-25 11:28:39,4.49,55900,4.49,U
sz000100,TCL科技,2025-09-25 11:28:42,4.49,49100,4.49,U
sz000100,TCL科技,2025-09-25 11:28:45,4.49,35800,4.49,U
sz000100,TCL科技,2025-09-25 11:28:51,4.49,315700,4.49,U
sz000100,TCL科技,2025-09-25 11:28:57,4.49,42000,4.48,U
sz000100,TCL科技,2025-09-25 11:29:00,4.49,59200,4.49,U
sz000100,TCL科技,2025-09-25 11:29:03,4.48,186800,4.49,D
sz000100,TCL科技,2025-09-25 11:29:06,4.49,32110,4.48,U
sz000100,TCL科技,2025-09-25 11:29:09,4.48,55900,4.49,D
sz000100,TCL科技,2025-09-25 11:29:12,4.48,28400,4.48,D
sz000100,TCL科技,2025-09-25 11:29:15,4.48,97500,4.48,D
sz000100,TCL科技,2025-09-25 11:29:18,4.49,22000,4.48,U
sz000100,TCL科技,2025-09-25 11:29:21,4.49,54500,4.49,U
sz000100,TCL科技,2025-09-25 11:29:24,4.48,79100,4.49,D
sz000100,TCL科技,2025-09-25 11:29:30,4.49,58300,4.49,U
sz000100,TCL科技,2025-09-25 11:29:36,4.48,95120,4.49,D
sz000100,TCL科技,2025-09-25 11:29:39,4.49,47100,4.48,U
sz000100,TCL科技,2025-09-25 11:29:45,4.49,36000,4.48,U
sz000100,TCL科技,2025-09-25 11:29:54,4.49,34500,4.48,U
sz000100,TCL科技,2025-09-25 13:00:00,4.49,219320,4.48,U
sz000100,TCL科技,2025-09-25 13:00:03,4.48,2385302,4.49,D
sz000100,TCL科技,2025-09-25 13:00:06,4.48,295490,4.48,D
sz000100,TCL科技,2025-09-25 13:00:09,4.48,186000,4.48,D
sz000100,TCL科技,2025-09-25 13:00:12,4.48,154678,4.48,D
sz000100,TCL科技,2025-09-25 13:00:15,4.48,72100,4.48,U
sz000100,TCL科技,2025-09-25 13:00:18,4.48,284100,4.48,U
sz000100,TCL科技,2025-09-25 13:00:21,4.48,185700,4.48,U
sz000100,TCL科技,2025-09-25 13:00:24,4.48,327800,4.48,U
sz000100,TCL科技,2025-09-25 13:00:27,4.48,177400,4.48,U
sz000100,TCL科技,2025-09-25 13:00:30,4.48,105800,4.48,U
sz000100,TCL科技,2025-09-25 13:00:33,4.48,77200,4.48,U
sz000100,TCL科技,2025-09-25 13:00:36,4.47,36100,4.48,D
sz000100,TCL科技,2025-09-25 13:00:42,4.48,99600,4.48,U
sz000100,TCL科技,2025-09-25 13:00:45,4.48,238700,4.48,U
sz000100,TCL科技,2025-09-25 13:00:51,4.48,110900,4.47,U
sz000100,TCL科技,2025-09-25 13:00:54,4.48,89800,4.48,U
sz000100,TCL科技,2025-09-25 13:00:57,4.48,405300,4.48,D
sz000100,TCL科技,2025-09-25 13:01:03,4.47,90600,4.48,D
sz000100,TCL科技,2025-09-25 13:01:06,4.48,26500,4.47,U
sz000100,TCL科技,2025-09-25 13:01:09,4.47,112200,4.48,D
sz000100,TCL科技,2025-09-25 13:01:12,4.48,86800,4.47,U
sz000100,TCL科技,2025-09-25 13:01:24,4.48,292700,4.48,U
sz000100,TCL科技,2025-09-25 13:01:27,4.48,80300,4.48,E
sz000100,TCL科技,2025-09-25 13:01:33,4.48,23300,4.48,U
sz000100,TCL科技,2025-09-25 13:01:36,4.48,24600,4.48,U
sz000100,TCL科技,2025-09-25 13:01:48,4.48,32500,4.48,U
sz000100,TCL科技,2025-09-25 13:01:57,4.47,41800,4.48,D
sz000100,TCL科技,2025-09-25 13:02:00,4.48,24500,4.47,U
sz000100,TCL科技,2025-09-25 13:02:06,4.47,29200,4.48,D
sz000100,TCL科技,2025-09-25 13:02:12,4.47,33100,4.47,D
sz000100,TCL科技,2025-09-25 13:02:18,4.47,28800,4.48,D
sz000100,TCL科技,2025-09-25 13:02:27,4.47,88900,4.47,D
sz000100,TCL科技,2025-09-25 13:02:33,4.47,39500,4.47,D
sz000100,TCL科技,2025-09-25 13:02:39,4.47,49800,4.48,D
sz000100,TCL科技,2025-09-25 13:02:45,4.48,21200,4.47,U
sz000100,TCL科技,2025-09-25 13:02:48,4.47,21400,4.48,D
sz000100,TCL科技,2025-09-25 13:03:03,4.47,422500,4.47,D
sz000100,TCL科技,2025-09-25 13:03:06,4.48,1222700,4.47,U
sz000100,TCL科技,2025-09-25 13:03:09,4.47,90100,4.48,D
sz000100,TCL科技,2025-09-25 13:03:12,4.48,280900,4.47,U
sz000100,TCL科技,2025-09-25 13:03:15,4.48,27200,4.48,U
sz000100,TCL科技,2025-09-25 13:03:18,4.48,23500,4.48,U
sz000100,TCL科技,2025-09-25 13:03:21,4.47,92000,4.48,D
sz000100,TCL科技,2025-09-25 13:03:24,4.48,27200,4.47,U
sz000100,TCL科技,2025-09-25 13:03:27,4.47,23000,4.48,D
sz000100,TCL科技,2025-09-25 13:03:30,4.47,64900,4.47,D
sz000100,TCL科技,2025-09-25 13:03:33,4.47,39200,4.47,D
sz000100,TCL科技,2025-09-25 13:03:39,4.47,26200,4.47,D
sz000100,TCL科技,2025-09-25 13:03:42,4.47,96600,4.47,D
sz000100,TCL科技,2025-09-25 13:03:45,4.47,31300,4.47,D
sz000100,TCL科技,2025-09-25 13:03:48,4.47,28400,4.47,D
sz000100,TCL科技,2025-09-25 13:03:51,4.47,100800,4.47,D
sz000100,TCL科技,2025-09-25 13:03:54,4.47,78400,4.47,D
sz000100,TCL科技,2025-09-25 13:03:57,4.47,53500,4.47,D
sz000100,TCL科技,2025-09-25 13:04:00,4.48,37000,4.47,U
sz000100,TCL科技,2025-09-25 13:04:03,4.47,65400,4.48,D
sz000100,TCL科技,2025-09-25 13:04:06,4.48,20300,4.47,U
sz000100,TCL科技,2025-09-25 13:04:09,4.47,25300,4.48,D
sz000100,TCL科技,2025-09-25 13:04:12,4.47,33900,4.47,D
sz000100,TCL科技,2025-09-25 13:04:15,4.48,72900,4.47,U
sz000100,TCL科技,2025-09-25 13:04:18,4.47,48500,4.48,D
sz000100,TCL科技,2025-09-25 13:04:21,4.47,26020,4.47,D
sz000100,TCL科技,2025-09-25 13:04:30,4.48,213400,4.47,U
sz000100,TCL科技,2025-09-25 13:04:33,4.48,87300,4.48,U
sz000100,TCL科技,2025-09-25 13:04:39,4.48,50800,4.47,U
sz000100,TCL科技,2025-09-25 13:04:42,4.47,83400,4.48,D
sz000100,TCL科技,2025-09-25 13:04:51,4.47,60500,4.47,D
sz000100,TCL科技,2025-09-25 13:04:54,4.48,26500,4.47,U
sz000100,TCL科技,2025-09-25 13:04:57,4.47,34000,4.48,D
sz000100,TCL科技,2025-09-25 13:05:00,4.47,28700,4.47,D
sz000100,TCL科技,2025-09-25 13:05:03,4.47,42200,4.47,D
sz000100,TCL科技,2025-09-25 13:05:12,4.47,20900,4.47,D
sz000100,TCL科技,2025-09-25 13:05:24,4.47,26900,4.47,D
sz000100,TCL科技,2025-09-25 13:05:30,4.47,79500,4.48,D
sz000100,TCL科技,2025-09-25 13:05:45,4.48,20100,4.47,U
sz000100,TCL科技,2025-09-25 13:05:57,4.47,63400,4.47,D
sz000100,TCL科技,2025-09-25 13:06:00,4.47,23200,4.47,D
sz000100,TCL科技,2025-09-25 13:06:03,4.47,35400,4.47,D
sz000100,TCL科技,2025-09-25 13:06:06,4.47,48100,4.47,D
sz000100,TCL科技,2025-09-25 13:06:15,4.47,26400,4.48,D
sz000100,TCL科技,2025-09-25 13:06:33,4.47,36200,4.47,D
sz000100,TCL科技,2025-09-25 13:06:45,4.47,80800,4.47,D
sz000100,TCL科技,2025-09-25 13:07:00,4.47,31200,4.47,D
sz000100,TCL科技,2025-09-25 13:07:03,4.48,64300,4.47,U
sz000100,TCL科技,2025-09-25 13:07:06,4.48,20000,4.48,U
sz000100,TCL科技,2025-09-25 13:07:15,4.47,61100,4.47,D
sz000100,TCL科技,2025-09-25 13:07:27,4.48,56900,4.48,U
sz000100,TCL科技,2025-09-25 13:07:36,4.48,21100,4.47,U
sz000100,TCL科技,2025-09-25 13:07:39,4.47,36200,4.48,D
sz000100,TCL科技,2025-09-25 13:07:48,4.47,112000,4.47,D
sz000100,TCL科技,2025-09-25 13:07:54,4.47,123900,4.47,D
sz000100,TCL科技,2025-09-25 13:07:57,4.47,47900,4.47,D
sz000100,TCL科技,2025-09-25 13:08:06,4.47,36400,4.47,D
sz000100,TCL科技,2025-09-25 13:08:09,4.47,22700,4.47,D
sz000100,TCL科技,2025-09-25 13:08:12,4.47,191900,4.47,D
sz000100,TCL科技,2025-09-25 13:08:15,4.47,113980,4.47,D
sz000100,TCL科技,2025-09-25 13:08:18,4.46,193200,4.47,D
sz000100,TCL科技,2025-09-25 13:08:21,4.47,143300,4.46,U
sz000100,TCL科技,2025-09-25 13:08:24,4.47,245100,4.47,U
sz000100,TCL科技,2025-09-25 13:08:27,4.47,125100,4.47,U
sz000100,TCL科技,2025-09-25 13:08:30,4.47,37400,4.47,U
sz000100,TCL科技,2025-09-25 13:08:33,4.47,23000,4.47,U
sz000100,TCL科技,2025-09-25 13:08:36,4.47,55000,4.47,U
sz000100,TCL科技,2025-09-25 13:08:39,4.47,25400,4.47,U
sz000100,TCL科技,2025-09-25 13:08:45,4.47,34400,4.47,U
sz000100,TCL科技,2025-09-25 13:08:48,4.47,87500,4.47,U
sz000100,TCL科技,2025-09-25 13:08:54,4.47,119100,4.47,U
sz000100,TCL科技,2025-09-25 13:08:57,4.47,205140,4.47,U
sz000100,TCL科技,2025-09-25 13:09:00,4.48,50500,4.47,U
sz000100,TCL科技,2025-09-25 13:09:12,4.47,88900,4.47,D
sz000100,TCL科技,2025-09-25 13:09:18,4.48,89100,4.48,U
sz000100,TCL科技,2025-09-25 13:09:21,4.47,88100,4.48,D
sz000100,TCL科技,2025-09-25 13:09:30,4.47,178600,4.47,D
sz000100,TCL科技,2025-09-25 13:09:33,4.47,173100,4.47,U
sz000100,TCL科技,2025-09-25 13:09:36,4.47,52800,4.47,U
sz000100,TCL科技,2025-09-25 13:09:39,4.46,45100,4.47,D
sz000100,TCL科技,2025-09-25 13:09:42,4.47,23400,4.46,U
sz000100,TCL科技,2025-09-25 13:09:45,4.47,40200,4.47,U
sz000100,TCL科技,2025-09-25 13:09:51,4.47,124300,4.46,U
sz000100,TCL科技,2025-09-25 13:09:57,4.46,128000,4.46,D
sz000100,TCL科技,2025-09-25 13:10:00,4.46,40800,4.46,D
sz000100,TCL科技,2025-09-25 13:10:12,4.46,86900,4.46,D
sz000100,TCL科技,2025-09-25 13:10:15,4.47,371500,4.46,U
sz000100,TCL科技,2025-09-25 13:10:18,4.46,73700,4.47,D
sz000100,TCL科技,2025-09-25 13:10:24,4.47,133200,4.46,U
sz000100,TCL科技,2025-09-25 13:10:33,4.47,22700,4.46,U
sz000100,TCL科技,2025-09-25 13:10:42,4.47,48600,4.46,U
sz000100,TCL科技,2025-09-25 13:10:57,4.46,38300,4.47,D
sz000100,TCL科技,2025-09-25 13:11:09,4.47,32800,4.46,U
sz000100,TCL科技,2025-09-25 13:11:12,4.46,27800,4.47,D
sz000100,TCL科技,2025-09-25 13:11:15,4.47,322300,4.46,U
sz000100,TCL科技,2025-09-25 13:11:18,4.47,83600,4.47,U
sz000100,TCL科技,2025-09-25 13:11:30,4.47,46900,4.46,U
sz000100,TCL科技,2025-09-25 13:11:39,4.47,105700,4.46,U
sz000100,TCL科技,2025-09-25 13:11:42,4.46,316700,4.47,D
sz000100,TCL科技,2025-09-25 13:11:45,4.47,40700,4.46,U
sz000100,TCL科技,2025-09-25 13:11:48,4.47,25500,4.47,U
sz000100,TCL科技,2025-09-25 13:11:54,4.46,22700,4.47,D
sz000100,TCL科技,2025-09-25 13:12:06,4.46,51900,4.46,D
sz000100,TCL科技,2025-09-25 13:12:12,4.47,179900,4.46,U
sz000100,TCL科技,2025-09-25 13:12:21,4.46,32900,4.46,D
sz000100,TCL科技,2025-09-25 13:12:24,4.47,52200,4.46,U
sz000100,TCL科技,2025-09-25 13:12:30,4.46,65000,4.47,D
sz000100,TCL科技,2025-09-25 13:12:36,4.47,50200,4.47,U
sz000100,TCL科技,2025-09-25 13:12:42,4.46,624100,4.46,D
sz000100,TCL科技,2025-09-25 13:12:45,4.46,66600,4.46,D
sz000100,TCL科技,2025-09-25 13:12:48,4.46,174800,4.46,D
sz000100,TCL科技,2025-09-25 13:12:51,4.46,71700,4.46,D
sz000100,TCL科技,2025-09-25 13:12:57,4.46,81500,4.47,D
sz000100,TCL科技,2025-09-25 13:13:00,4.46,35900,4.46,D
sz000100,TCL科技,2025-09-25 13:13:09,4.47,182200,4.46,U
sz000100,TCL科技,2025-09-25 13:13:12,4.47,69400,4.47,U
sz000100,TCL科技,2025-09-25 13:13:15,4.46,42000,4.47,D
sz000100,TCL科技,2025-09-25 13:13:21,4.46,126400,4.46,D
sz000100,TCL科技,2025-09-25 13:13:24,4.46,92600,4.46,D
sz000100,TCL科技,2025-09-25 13:13:27,4.46,261400,4.46,D
sz000100,TCL科技,2025-09-25 13:13:30,4.46,2026100,4.46,D
sz000100,TCL科技,2025-09-25 13:13:33,4.46,211300,4.46,U
sz000100,TCL科技,2025-09-25 13:13:42,4.46,22300,4.45,U
sz000100,TCL科技,2025-09-25 13:13:48,4.46,47900,4.45,U
sz000100,TCL科技,2025-09-25 13:14:03,4.46,81200,4.46,U
sz000100,TCL科技,2025-09-25 13:14:06,4.45,143200,4.46,D
sz000100,TCL科技,2025-09-25 13:14:18,4.45,131700,4.45,D
sz000100,TCL科技,2025-09-25 13:14:21,4.45,127800,4.45,D
sz000100,TCL科技,2025-09-25 13:14:24,4.45,29800,4.45,D
sz000100,TCL科技,2025-09-25 13:14:27,4.45,36500,4.45,D
sz000100,TCL科技,2025-09-25 13:14:33,4.45,31000,4.45,D
sz000100,TCL科技,2025-09-25 13:14:36,4.46,37200,4.45,U
sz000100,TCL科技,2025-09-25 13:14:39,4.45,21800,4.46,D
sz000100,TCL科技,2025-09-25 13:14:54,4.45,176500,4.45,D
sz000100,TCL科技,2025-09-25 13:15:00,4.45,30400,4.45,D
sz000100,TCL科技,2025-09-25 13:15:06,4.45,29700,4.45,D
sz000100,TCL科技,2025-09-25 13:15:18,4.46,256400,4.45,U
sz000100,TCL科技,2025-09-25 13:15:24,4.46,28800,4.45,U
sz000100,TCL科技,2025-09-25 13:15:27,4.45,39400,4.46,D
sz000100,TCL科技,2025-09-25 13:15:30,4.45,34200,4.45,D
sz000100,TCL科技,2025-09-25 13:15:39,4.45,45600,4.45,D
sz000100,TCL科技,2025-09-25 13:15:45,4.45,30300,4.45,D
sz000100,TCL科技,2025-09-25 13:15:54,4.45,23900,4.45,D
sz000100,TCL科技,2025-09-25 13:15:57,4.45,78800,4.45,D
sz000100,TCL科技,2025-09-25 13:16:06,4.46,21600,4.46,U
sz000100,TCL科技,2025-09-25 13:16:09,4.46,57800,4.46,U
sz000100,TCL科技,2025-09-25 13:16:12,4.46,48000,4.46,U
sz000100,TCL科技,2025-09-25 13:16:15,4.46,29300,4.46,U
sz000100,TCL科技,2025-09-25 13:16:18,4.46,358900,4.46,U
sz000100,TCL科技,2025-09-25 13:16:21,4.46,156000,4.46,U
sz000100,TCL科技,2025-09-25 13:16:24,4.46,225300,4.46,U
sz000100,TCL科技,2025-09-25 13:16:27,4.46,115400,4.46,U
sz000100,TCL科技,2025-09-25 13:16:30,4.46,114500,4.46,U
sz000100,TCL科技,2025-09-25 13:16:33,4.45,51100,4.46,D
sz000100,TCL科技,2025-09-25 13:16:36,4.45,32400,4.45,D
sz000100,TCL科技,2025-09-25 13:16:42,4.46,112900,4.46,U
sz000100,TCL科技,2025-09-25 13:16:45,4.46,133400,4.46,U
sz000100,TCL科技,2025-09-25 13:16:48,4.46,157100,4.46,U
sz000100,TCL科技,2025-09-25 13:16:51,4.46,263300,4.46,U
sz000100,TCL科技,2025-09-25 13:16:54,4.46,1550480,4.46,U
sz000100,TCL科技,2025-09-25 13:16:57,4.46,56100,4.46,D
sz000100,TCL科技,2025-09-25 13:17:00,4.46,26900,4.46,D
sz000100,TCL科技,2025-09-25 13:17:03,4.46,57300,4.46,D
sz000100,TCL科技,2025-09-25 13:17:15,4.46,20700,4.46,D
sz000100,TCL科技,2025-09-25 13:17:21,4.46,105100,4.46,D
sz000100,TCL科技,2025-09-25 13:17:27,4.46,27450,4.46,D
sz000100,TCL科技,2025-09-25 13:17:30,4.46,721040,4.46,D
sz000100,TCL科技,2025-09-25 13:17:33,4.46,40400,4.46,D
sz000100,TCL科技,2025-09-25 13:17:36,4.46,38300,4.46,D
sz000100,TCL科技,2025-09-25 13:17:39,4.47,84900,4.46,U
sz000100,TCL科技,2025-09-25 13:17:42,4.46,77400,4.47,D
sz000100,TCL科技,2025-09-25 13:17:45,4.46,28150,4.46,D
sz000100,TCL科技,2025-09-25 13:17:48,4.46,95000,4.46,D
sz000100,TCL科技,2025-09-25 13:17:51,4.47,42700,4.46,U
sz000100,TCL科技,2025-09-25 13:17:54,4.46,185900,4.47,D
sz000100,TCL科技,2025-09-25 13:17:57,4.46,29200,4.46,D
sz000100,TCL科技,2025-09-25 13:18:00,4.46,188950,4.46,D
sz000100,TCL科技,2025-09-25 13:18:09,4.46,44200,4.46,U
sz000100,TCL科技,2025-09-25 13:19:00,4.46,70500,4.46,U
sz000100,TCL科技,2025-09-25 13:19:18,4.46,24700,4.45,U
sz000100,TCL科技,2025-09-25 13:19:33,4.45,76200,4.46,D
sz000100,TCL科技,2025-09-25 13:19:45,4.46,166500,4.46,U
sz000100,TCL科技,2025-09-25 13:19:48,4.45,46800,4.46,D
sz000100,TCL科技,2025-09-25 13:19:51,4.45,118900,4.45,D
sz000100,TCL科技,2025-09-25 13:19:54,4.46,22600,4.45,U
sz000100,TCL科技,2025-09-25 13:19:57,4.46,25800,4.46,U
sz000100,TCL科技,2025-09-25 13:20:06,4.46,23800,4.45,U
sz000100,TCL科技,2025-09-25 13:20:12,4.45,77600,4.45,D
sz000100,TCL科技,2025-09-25 13:20:15,4.46,52000,4.45,U
sz000100,TCL科技,2025-09-25 13:20:18,4.45,50500,4.46,D
sz000100,TCL科技,2025-09-25 13:20:33,4.45,25800,4.46,D
sz000100,TCL科技,2025-09-25 13:20:36,4.46,79000,4.45,U
sz000100,TCL科技,2025-09-25 13:20:39,4.46,143800,4.46,U
sz000100,TCL科技,2025-09-25 13:20:42,4.45,54100,4.46,D
sz000100,TCL科技,2025-09-25 13:20:45,4.46,48100,4.45,U
sz000100,TCL科技,2025-09-25 13:20:48,4.46,65500,4.46,U
sz000100,TCL科技,2025-09-25 13:20:54,4.46,65200,4.46,U
sz000100,TCL科技,2025-09-25 13:21:00,4.46,30000,4.46,U
sz000100,TCL科技,2025-09-25 13:21:03,4.46,102600,4.46,U
sz000100,TCL科技,2025-09-25 13:21:06,4.46,394110,4.46,U
sz000100,TCL科技,2025-09-25 13:21:09,4.46,223000,4.46,U
sz000100,TCL科技,2025-09-25 13:21:12,4.46,191400,4.46,U
sz000100,TCL科技,2025-09-25 13:21:15,4.46,79900,4.46,U
sz000100,TCL科技,2025-09-25 13:21:18,4.46,317200,4.46,U
sz000100,TCL科技,2025-09-25 13:21:21,4.46,49700,4.46,U
sz000100,TCL科技,2025-09-25 13:21:24,4.46,38200,4.46,U
sz000100,TCL科技,2025-09-25 13:21:27,4.46,157800,4.46,U
sz000100,TCL科技,2025-09-25 13:21:33,4.46,46800,4.46,U
sz000100,TCL科技,2025-09-25 13:21:36,4.45,57240,4.46,D
sz000100,TCL科技,2025-09-25 13:21:39,4.46,39800,4.45,U
sz000100,TCL科技,2025-09-25 13:21:45,4.46,45200,4.46,U
sz000100,TCL科技,2025-09-25 13:21:48,4.46,83900,4.46,U
sz000100,TCL科技,2025-09-25 13:21:54,4.46,58200,4.45,U
sz000100,TCL科技,2025-09-25 13:22:06,4.46,56000,4.46,U
sz000100,TCL科技,2025-09-25 13:22:09,4.46,47800,4.46,U
sz000100,TCL科技,2025-09-25 13:22:12,4.46,28900,4.46,U
sz000100,TCL科技,2025-09-25 13:22:15,4.45,32700,4.46,D
sz000100,TCL科技,2025-09-25 13:22:24,4.46,23600,4.46,U
sz000100,TCL科技,2025-09-25 13:22:36,4.46,37300,4.46,U
sz000100,TCL科技,2025-09-25 13:22:39,4.46,71700,4.46,U
sz000100,TCL科技,2025-09-25 13:22:54,4.46,23800,4.46,U
sz000100,TCL科技,2025-09-25 13:23:06,4.45,57600,4.46,D
sz000100,TCL科技,2025-09-25 13:23:09,4.46,50600,4.45,U
sz000100,TCL科技,2025-09-25 13:23:12,4.46,855458,4.46,U
sz000100,TCL科技,2025-09-25 13:23:15,4.46,324200,4.46,U
sz000100,TCL科技,2025-09-25 13:23:18,4.46,62200,4.46,U
sz000100,TCL科技,2025-09-25 13:23:45,4.46,24800,4.45,U
sz000100,TCL科技,2025-09-25 13:24:00,4.45,113200,4.45,D
sz000100,TCL科技,2025-09-25 13:24:09,4.46,47800,4.45,U
sz000100,TCL科技,2025-09-25 13:24:12,4.46,199292,4.46,U
sz000100,TCL科技,2025-09-25 13:24:15,4.45,1212600,4.46,D
sz000100,TCL科技,2025-09-25 13:24:18,4.45,519040,4.45,D
sz000100,TCL科技,2025-09-25 13:24:21,4.45,68800,4.45,D
sz000100,TCL科技,2025-09-25 13:24:27,4.45,150300,4.46,D
sz000100,TCL科技,2025-09-25 13:24:30,4.46,68100,4.45,U
sz000100,TCL科技,2025-09-25 13:24:33,4.46,81600,4.46,U
sz000100,TCL科技,2025-09-25 13:24:39,4.45,31100,4.46,D
sz000100,TCL科技,2025-09-25 13:24:45,4.46,26300,4.45,U
sz000100,TCL科技,2025-09-25 13:25:03,4.45,28600,4.45,D
sz000100,TCL科技,2025-09-25 13:25:06,4.45,35200,4.45,D
sz000100,TCL科技,2025-09-25 13:25:15,4.45,72500,4.45,D
sz000100,TCL科技,2025-09-25 13:25:27,4.46,74100,4.46,U
sz000100,TCL科技,2025-09-25 13:25:36,4.46,20500,4.45,U
sz000100,TCL科技,2025-09-25 13:25:42,4.45,295700,4.45,D
sz000100,TCL科技,2025-09-25 13:25:45,4.45,36700,4.45,D
sz000100,TCL科技,2025-09-25 13:25:54,4.45,71400,4.46,D
sz000100,TCL科技,2025-09-25 13:26:12,4.46,83700,4.45,U
sz000100,TCL科技,2025-09-25 13:26:18,4.46,34900,4.45,U
sz000100,TCL科技,2025-09-25 13:26:21,4.45,507200,4.46,D
sz000100,TCL科技,2025-09-25 13:26:24,4.45,62600,4.45,D
sz000100,TCL科技,2025-09-25 13:26:27,4.46,51700,4.45,U
sz000100,TCL科技,2025-09-25 13:26:39,4.45,109300,4.46,D
sz000100,TCL科技,2025-09-25 13:26:45,4.45,64100,4.45,D
sz000100,TCL科技,2025-09-25 13:27:06,4.46,26000,4.45,U
sz000100,TCL科技,2025-09-25 13:27:12,4.45,91100,4.45,D
sz000100,TCL科技,2025-09-25 13:27:15,4.45,49640,4.45,D
sz000100,TCL科技,2025-09-25 13:27:24,4.45,59600,4.45,D
sz000100,TCL科技,2025-09-25 13:27:27,4.46,50100,4.45,U
sz000100,TCL科技,2025-09-25 13:27:30,4.45,20600,4.46,D
sz000100,TCL科技,2025-09-25 13:27:33,4.46,624800,4.45,U
sz000100,TCL科技,2025-09-25 13:27:39,4.46,85200,4.45,U
sz000100,TCL科技,2025-09-25 13:27:42,4.46,170300,4.46,U
sz000100,TCL科技,2025-09-25 13:27:45,4.45,45900,4.46,D
sz000100,TCL科技,2025-09-25 13:27:48,4.46,24600,4.45,U
sz000100,TCL科技,2025-09-25 13:27:51,4.46,45500,4.46,U
sz000100,TCL科技,2025-09-25 13:27:57,4.45,104000,4.46,D
sz000100,TCL科技,2025-09-25 13:28:00,4.46,34400,4.45,U
sz000100,TCL科技,2025-09-25 13:28:03,4.46,54400,4.46,U
sz000100,TCL科技,2025-09-25 13:28:06,4.45,59500,4.46,D
sz000100,TCL科技,2025-09-25 13:28:09,4.45,43100,4.45,D
sz000100,TCL科技,2025-09-25 13:28:12,4.46,20200,4.45,U
sz000100,TCL科技,2025-09-25 13:28:27,4.46,37500,4.45,U
sz000100,TCL科技,2025-09-25 13:28:30,4.45,71100,4.46,D
sz000100,TCL科技,2025-09-25 13:29:00,4.45,20200,4.46,D
sz000100,TCL科技,2025-09-25 13:29:03,4.45,82800,4.45,D
sz000100,TCL科技,2025-09-25 13:29:24,4.45,44900,4.46,D
sz000100,TCL科技,2025-09-25 13:29:30,4.45,36900,4.45,D
sz000100,TCL科技,2025-09-25 13:29:45,4.45,77900,4.46,D
sz000100,TCL科技,2025-09-25 13:29:57,4.45,35800,4.45,D
sz000100,TCL科技,2025-09-25 13:30:00,4.45,84010,4.45,D
sz000100,TCL科技,2025-09-25 13:30:06,4.45,100600,4.45,D
sz000100,TCL科技,2025-09-25 13:30:21,4.46,64800,4.45,U
sz000100,TCL科技,2025-09-25 13:30:24,4.45,93500,4.46,D
sz000100,TCL科技,2025-09-25 13:30:42,4.45,22900,4.45,D
sz000100,TCL科技,2025-09-25 13:30:48,4.45,34600,4.46,D
sz000100,TCL科技,2025-09-25 13:30:54,4.46,21500,4.45,U
sz000100,TCL科技,2025-09-25 13:30:57,4.45,60000,4.46,D
sz000100,TCL科技,2025-09-25 13:31:00,4.45,160500,4.45,D
sz000100,TCL科技,2025-09-25 13:31:09,4.45,57200,4.45,D
sz000100,TCL科技,2025-09-25 13:31:15,4.45,34300,4.45,D
sz000100,TCL科技,2025-09-25 13:31:21,4.45,52800,4.45,D
sz000100,TCL科技,2025-09-25 13:31:30,4.46,54500,4.46,U
sz000100,TCL科技,2025-09-25 13:31:33,4.45,191500,4.46,D
sz000100,TCL科技,2025-09-25 13:31:45,4.46,92900,4.46,U
sz000100,TCL科技,2025-09-25 13:31:54,4.46,26200,4.45,U
sz000100,TCL科技,2025-09-25 13:31:57,4.45,142400,4.46,D
sz000100,TCL科技,2025-09-25 13:32:06,4.45,44000,4.46,D
sz000100,TCL科技,2025-09-25 13:32:15,4.46,85100,4.45,U
sz000100,TCL科技,2025-09-25 13:32:45,4.46,30800,4.46,U
sz000100,TCL科技,2025-09-25 13:32:48,4.45,148900,4.46,D
sz000100,TCL科技,2025-09-25 13:32:54,4.46,93000,4.46,U
sz000100,TCL科技,2025-09-25 13:33:03,4.45,66900,4.45,D
sz000100,TCL科技,2025-09-25 13:33:12,4.46,55600,4.46,U
sz000100,TCL科技,2025-09-25 13:33:15,4.46,41300,4.46,U
sz000100,TCL科技,2025-09-25 13:33:24,4.45,37900,4.45,D
sz000100,TCL科技,2025-09-25 13:33:39,4.45,113800,4.45,D
sz000100,TCL科技,2025-09-25 13:33:42,4.45,442400,4.45,D
sz000100,TCL科技,2025-09-25 13:33:45,4.45,162900,4.45,D
sz000100,TCL科技,2025-09-25 13:33:48,4.45,662600,4.45,D
sz000100,TCL科技,2025-09-25 13:33:51,4.45,114900,4.45,D
sz000100,TCL科技,2025-09-25 13:33:54,4.45,156000,4.45,D
sz000100,TCL科技,2025-09-25 13:33:57,4.45,147500,4.45,D
sz000100,TCL科技,2025-09-25 13:34:00,4.45,242260,4.45,D
sz000100,TCL科技,2025-09-25 13:34:03,4.45,36500,4.45,U
sz000100,TCL科技,2025-09-25 13:34:06,4.45,143900,4.45,U
sz000100,TCL科技,2025-09-25 13:34:09,4.45,404940,4.45,U
sz000100,TCL科技,2025-09-25 13:34:12,4.45,113900,4.45,D
sz000100,TCL科技,2025-09-25 13:34:15,4.45,84500,4.45,D
sz000100,TCL科技,2025-09-25 13:34:18,4.45,62000,4.45,D
sz000100,TCL科技,2025-09-25 13:34:21,4.45,122200,4.45,D
sz000100,TCL科技,2025-09-25 13:34:27,4.45,282900,4.45,D
sz000100,TCL科技,2025-09-25 13:34:36,4.45,123700,4.45,D
sz000100,TCL科技,2025-09-25 13:34:42,4.46,41100,4.45,U
sz000100,TCL科技,2025-09-25 13:34:45,4.46,31800,4.46,U
sz000100,TCL科技,2025-09-25 13:34:48,4.46,69300,4.46,U
sz000100,TCL科技,2025-09-25 13:34:54,4.46,60800,4.45,U
sz000100,TCL科技,2025-09-25 13:35:00,4.45,31320,4.46,D
sz000100,TCL科技,2025-09-25 13:35:09,4.46,28700,4.45,U
sz000100,TCL科技,2025-09-25 13:35:12,4.45,33900,4.46,D
sz000100,TCL科技,2025-09-25 13:35:18,4.45,35500,4.46,D
sz000100,TCL科技,2025-09-25 13:35:24,4.46,83600,4.46,U
sz000100,TCL科技,2025-09-25 13:35:33,4.46,2089900,4.46,U
sz000100,TCL科技,2025-09-25 13:35:36,4.46,66600,4.46,U
sz000100,TCL科技,2025-09-25 13:35:39,4.46,171000,4.46,U
sz000100,TCL科技,2025-09-25 13:35:42,4.46,121000,4.46,U
sz000100,TCL科技,2025-09-25 13:35:45,4.46,53400,4.46,U
sz000100,TCL科技,2025-09-25 13:35:48,4.46,33300,4.46,U
sz000100,TCL科技,2025-09-25 13:35:51,4.45,46800,4.46,D
sz000100,TCL科技,2025-09-25 13:35:54,4.47,1572709,4.45,U
sz000100,TCL科技,2025-09-25 13:36:00,4.47,61500,4.47,U
sz000100,TCL科技,2025-09-25 13:36:09,4.47,32900,4.47,U
sz000100,TCL科技,2025-09-25 13:36:15,4.47,36600,4.47,U
sz000100,TCL科技,2025-09-25 13:36:18,4.46,91400,4.47,D
sz000100,TCL科技,2025-09-25 13:36:21,4.47,373000,4.46,U
sz000100,TCL科技,2025-09-25 13:36:33,4.47,37300,4.46,U
sz000100,TCL科技,2025-09-25 13:36:48,4.46,21300,4.46,D
sz000100,TCL科技,2025-09-25 13:36:51,4.46,33200,4.46,D
sz000100,TCL科技,2025-09-25 13:37:00,4.47,44200,4.47,U
sz000100,TCL科技,2025-09-25 13:37:18,4.47,20500,4.46,U
sz000100,TCL科技,2025-09-25 13:37:21,4.47,41100,4.47,U
sz000100,TCL科技,2025-09-25 13:37:36,4.47,85000,4.46,U
sz000100,TCL科技,2025-09-25 13:38:00,4.46,111000,4.47,D
sz000100,TCL科技,2025-09-25 13:38:03,4.47,20700,4.46,U
sz000100,TCL科技,2025-09-25 13:38:09,4.46,46100,4.46,D
sz000100,TCL科技,2025-09-25 13:38:12,4.47,60000,4.46,U
sz000100,TCL科技,2025-09-25 13:38:15,4.46,21100,4.47,D
sz000100,TCL科技,2025-09-25 13:38:18,4.46,23900,4.46,D
sz000100,TCL科技,2025-09-25 13:38:21,4.47,27000,4.46,U
sz000100,TCL科技,2025-09-25 13:38:30,4.47,52600,4.47,U
sz000100,TCL科技,2025-09-25 13:38:33,4.46,23300,4.47,D
sz000100,TCL科技,2025-09-25 13:38:36,4.47,93600,4.46,U
sz000100,TCL科技,2025-09-25 13:38:42,4.47,35200,4.47,U
sz000100,TCL科技,2025-09-25 13:38:48,4.46,36600,4.46,D
sz000100,TCL科技,2025-09-25 13:39:00,4.46,27300,4.47,D
sz000100,TCL科技,2025-09-25 13:39:12,4.47,140800,4.47,U
sz000100,TCL科技,2025-09-25 13:39:21,4.47,52300,4.46,U
sz000100,TCL科技,2025-09-25 13:39:30,4.46,83600,4.47,D
sz000100,TCL科技,2025-09-25 13:39:48,4.46,47000,4.47,D
sz000100,TCL科技,2025-09-25 13:40:00,4.47,42600,4.47,U
