symbol,name,ticktime,price,volume,prev_price,kind
sz000100,TCL科技,2025-10-17 09:25:00,4.2,567700,0.0,U
sz000100,TCL科技,2025-10-17 09:30:00,4.2,77000,4.2,U
sz000100,TCL科技,2025-10-17 09:30:03,4.19,853210,4.2,D
sz000100,TCL科技,2025-10-17 09:30:06,4.19,231400,4.19,D
sz000100,TCL科技,2025-10-17 09:30:09,4.2,289600,4.19,U
sz000100,TCL科技,2025-10-17 09:30:18,4.2,79229,4.2,U
sz000100,TCL科技,2025-10-17 09:30:21,4.19,80400,4.2,D
sz000100,TCL科技,2025-10-17 09:30:24,4.19,116300,4.19,D
sz000100,TCL科技,2025-10-17 09:30:27,4.2,217800,4.19,U
sz000100,TCL科技,2025-10-17 09:30:30,4.19,62700,4.2,D
sz000100,TCL科技,2025-10-17 09:30:33,4.19,1136400,4.19,D
sz000100,TCL科技,2025-10-17 09:30:36,4.19,1559161,4.19,D
sz000100,TCL科技,2025-10-17 09:30:39,4.18,132100,4.19,D
sz000100,TCL科技,2025-10-17 09:30:42,4.18,191800,4.18,D
sz000100,TCL科技,2025-10-17 09:30:45,4.19,24450,4.18,U
sz000100,TCL科技,2025-10-17 09:30:48,4.18,47382,4.19,D
sz000100,TCL科技,2025-10-17 09:30:51,4.19,49500,4.18,U
sz000100,TCL科技,2025-10-17 09:30:54,4.18,140800,4.19,D
sz000100,TCL科技,2025-10-17 09:31:00,4.19,468400,4.18,U
sz000100,TCL科技,2025-10-17 09:31:03,4.18,95200,4.19,D
sz000100,TCL科技,2025-10-17 09:31:06,4.19,52800,4.18,U
sz000100,TCL科技,2025-10-17 09:31:09,4.19,651700,4.19,U
sz000100,TCL科技,2025-10-17 09:31:12,4.2,61000,4.19,U
sz000100,TCL科技,2025-10-17 09:31:15,4.19,33800,4.2,D
sz000100,TCL科技,2025-10-17 09:31:18,4.19,36900,4.19,D
sz000100,TCL科技,2025-10-17 09:31:21,4.19,45600,4.19,D
sz000100,TCL科技,2025-10-17 09:31:24,4.2,70200,4.19,U
sz000100,TCL科技,2025-10-17 09:31:27,4.19,63000,4.2,D
sz000100,TCL科技,2025-10-17 09:31:30,4.19,86600,4.19,D
sz000100,TCL科技,2025-10-17 09:31:36,4.19,61700,4.2,D
sz000100,TCL科技,2025-10-17 09:31:39,4.19,44000,4.19,D
sz000100,TCL科技,2025-10-17 09:31:45,4.2,183000,4.2,U
sz000100,TCL科技,2025-10-17 09:31:51,4.19,153600,4.2,D
sz000100,TCL科技,2025-10-17 09:31:54,4.19,49600,4.19,D
sz000100,TCL科技,2025-10-17 09:31:57,4.2,119800,4.19,U
sz000100,TCL科技,2025-10-17 09:32:00,4.19,85700,4.2,D
sz000100,TCL科技,2025-10-17 09:32:03,4.2,43100,4.19,U
sz000100,TCL科技,2025-10-17 09:32:06,4.2,20100,4.2,U
sz000100,TCL科技,2025-10-17 09:32:09,4.2,26700,4.2,U
sz000100,TCL科技,2025-10-17 09:32:12,4.19,38000,4.2,D
sz000100,TCL科技,2025-10-17 09:32:15,4.19,27100,4.19,D
sz000100,TCL科技,2025-10-17 09:32:18,4.19,22500,4.19,D
sz000100,TCL科技,2025-10-17 09:32:24,4.19,30500,4.19,D
sz000100,TCL科技,2025-10-17 09:32:27,4.19,39600,4.19,D
sz000100,TCL科技,2025-10-17 09:32:36,4.19,32600,4.2,D
sz000100,TCL科技,2025-10-17 09:32:42,4.19,26400,4.2,D
sz000100,TCL科技,2025-10-17 09:32:48,4.19,62000,4.2,D
sz000100,TCL科技,2025-10-17 09:32:51,4.2,22900,4.19,U
sz000100,TCL科技,2025-10-17 09:32:54,4.2,97500,4.2,U
sz000100,TCL科技,2025-10-17 09:32:57,4.2,50900,4.2,U
sz000100,TCL科技,2025-10-17 09:33:03,4.2,29200,4.2,U
sz000100,TCL科技,2025-10-17 09:33:06,4.2,72400,4.2,U
sz000100,TCL科技,2025-10-17 09:33:09,4.2,59100,4.2,U
sz000100,TCL科技,2025-10-17 09:33:12,4.19,42500,4.2,D
sz000100,TCL科技,2025-10-17 09:33:15,4.2,47000,4.19,U
sz000100,TCL科技,2025-10-17 09:33:18,4.2,42100,4.2,U
sz000100,TCL科技,2025-10-17 09:33:21,4.2,50200,4.2,U
sz000100,TCL科技,2025-10-17 09:33:30,4.19,30600,4.2,D
sz000100,TCL科技,2025-10-17 09:33:42,4.2,27100,4.19,U
sz000100,TCL科技,2025-10-17 09:33:45,4.19,22900,4.2,D
sz000100,TCL科技,2025-10-17 09:33:54,4.2,64500,4.19,U
sz000100,TCL科技,2025-10-17 09:34:00,4.2,23200,4.19,U
sz000100,TCL科技,2025-10-17 09:34:12,4.19,28700,4.19,D
sz000100,TCL科技,2025-10-17 09:34:15,4.2,28400,4.19,U
sz000100,TCL科技,2025-10-17 09:34:18,4.2,223200,4.2,U
sz000100,TCL科技,2025-10-17 09:34:24,4.19,67500,4.19,D
sz000100,TCL科技,2025-10-17 09:34:27,4.2,35100,4.19,U
sz000100,TCL科技,2025-10-17 09:34:39,4.19,103400,4.19,D
sz000100,TCL科技,2025-10-17 09:34:42,4.2,107000,4.19,U
sz000100,TCL科技,2025-10-17 09:34:45,4.19,36500,4.2,D
sz000100,TCL科技,2025-10-17 09:34:48,4.19,24300,4.19,D
sz000100,TCL科技,2025-10-17 09:34:54,4.2,24000,4.19,U
sz000100,TCL科技,2025-10-17 09:34:57,4.19,72400,4.2,D
sz000100,TCL科技,2025-10-17 09:35:00,4.19,50600,4.19,D
sz000100,TCL科技,2025-10-17 09:35:03,4.19,57800,4.19,D
sz000100,TCL科技,2025-10-17 09:35:06,4.19,75300,4.19,D
sz000100,TCL科技,2025-10-17 09:35:12,4.19,41300,4.2,D
sz000100,TCL科技,2025-10-17 09:35:18,4.19,117100,4.19,D
sz000100,TCL科技,2025-10-17 09:35:21,4.2,28400,4.19,U
sz000100,TCL科技,2025-10-17 09:35:24,4.19,38200,4.2,D
sz000100,TCL科技,2025-10-17 09:35:27,4.19,47300,4.19,D
sz000100,TCL科技,2025-10-17 09:35:33,4.2,44800,4.2,U
sz000100,TCL科技,2025-10-17 09:35:36,4.19,39900,4.2,D
sz000100,TCL科技,2025-10-17 09:35:39,4.19,24800,4.19,D
sz000100,TCL科技,2025-10-17 09:35:54,4.2,25400,4.2,U
sz000100,TCL科技,2025-10-17 09:36:03,4.2,60500,4.2,U
sz000100,TCL科技,2025-10-17 09:36:18,4.2,26900,4.2,U
sz000100,TCL科技,2025-10-17 09:36:27,4.2,30400,4.19,U
sz000100,TCL科技,2025-10-17 09:36:36,4.2,27900,4.2,U
sz000100,TCL科技,2025-10-17 09:36:39,4.2,41700,4.2,U
sz000100,TCL科技,2025-10-17 09:36:54,4.19,72800,4.2,D
sz000100,TCL科技,2025-10-17 09:36:57,4.2,37700,4.19,U
sz000100,TCL科技,2025-10-17 09:37:00,4.2,21500,4.2,U
sz000100,TCL科技,2025-10-17 09:37:03,4.19,29200,4.2,D
sz000100,TCL科技,2025-10-17 09:37:12,4.19,35000,4.2,D
sz000100,TCL科技,2025-10-17 09:37:15,4.2,25600,4.19,U
sz000100,TCL科技,2025-10-17 09:37:18,4.19,25800,4.2,D
sz000100,TCL科技,2025-10-17 09:37:24,4.2,20600,4.19,U
sz000100,TCL科技,2025-10-17 09:37:33,4.19,29400,4.2,D
sz000100,TCL科技,2025-10-17 09:37:42,4.19,52600,4.2,D
sz000100,TCL科技,2025-10-17 09:37:48,4.2,24900,4.19,U
sz000100,TCL科技,2025-10-17 09:37:51,4.2,24000,4.2,U
sz000100,TCL科技,2025-10-17 09:37:54,4.19,27400,4.2,D
sz000100,TCL科技,2025-10-17 09:38:00,4.19,59200,4.2,D
sz000100,TCL科技,2025-10-17 09:38:03,4.2,23100,4.19,U
sz000100,TCL科技,2025-10-17 09:38:06,4.19,30100,4.2,D
sz000100,TCL科技,2025-10-17 09:38:09,4.19,307600,4.19,D
sz000100,TCL科技,2025-10-17 09:38:12,4.19,29000,4.19,D
sz000100,TCL科技,2025-10-17 09:38:15,4.19,22700,4.19,D
sz000100,TCL科技,2025-10-17 09:38:18,4.19,22600,4.19,D
sz000100,TCL科技,2025-10-17 09:38:21,4.19,102900,4.19,D
sz000100,TCL科技,2025-10-17 09:38:24,4.19,80300,4.19,D
sz000100,TCL科技,2025-10-17 09:38:30,4.2,52400,4.2,U
sz000100,TCL科技,2025-10-17 09:38:33,4.19,42400,4.2,D
sz000100,TCL科技,2025-10-17 09:38:36,4.19,22300,4.19,D
sz000100,TCL科技,2025-10-17 09:38:39,4.19,42100,4.19,D
sz000100,TCL科技,2025-10-17 09:38:45,4.2,24600,4.2,U
sz000100,TCL科技,2025-10-17 09:38:51,4.2,122800,4.19,U
sz000100,TCL科技,2025-10-17 09:38:54,4.2,66100,4.2,U
sz000100,TCL科技,2025-10-17 09:39:00,4.19,74100,4.2,D
sz000100,TCL科技,2025-10-17 09:39:03,4.19,176900,4.19,D
sz000100,TCL科技,2025-10-17 09:39:06,4.2,176800,4.19,U
sz000100,TCL科技,2025-10-17 09:39:09,4.2,152700,4.2,U
sz000100,TCL科技,2025-10-17 09:39:12,4.2,134100,4.2,U
sz000100,TCL科技,2025-10-17 09:39:18,4.19,62000,4.2,D
sz000100,TCL科技,2025-10-17 09:39:21,4.2,220900,4.19,U
sz000100,TCL科技,2025-10-17 09:39:24,4.19,149900,4.2,D
sz000100,TCL科技,2025-10-17 09:39:30,4.2,78200,4.2,U
sz000100,TCL科技,2025-10-17 09:39:33,4.2,2427710,4.2,U
sz000100,TCL科技,2025-10-17 09:39:36,4.2,37600,4.2,D
sz000100,TCL科技,2025-10-17 09:39:39,4.2,41100,4.2,D
sz000100,TCL科技,2025-10-17 09:39:57,4.2,868300,4.21,D
sz000100,TCL科技,2025-10-17 09:40:00,4.2,43500,4.2,D
sz000100,TCL科技,2025-10-17 09:40:03,4.21,81700,4.2,U
sz000100,TCL科技,2025-10-17 09:40:06,4.2,113000,4.21,D
sz000100,TCL科技,2025-10-17 09:40:09,4.2,79100,4.2,D
sz000100,TCL科技,2025-10-17 09:40:12,4.2,21800,4.2,D
sz000100,TCL科技,2025-10-17 09:40:15,4.2,554640,4.2,D
sz000100,TCL科技,2025-10-17 09:40:18,4.2,31200,4.2,U
sz000100,TCL科技,2025-10-17 09:40:21,4.2,85500,4.2,U
sz000100,TCL科技,2025-10-17 09:40:24,4.2,88800,4.2,U
sz000100,TCL科技,2025-10-17 09:40:27,4.2,41500,4.2,U
sz000100,TCL科技,2025-10-17 09:40:33,4.19,21700,4.19,D
sz000100,TCL科技,2025-10-17 09:40:36,4.2,24200,4.19,U
sz000100,TCL科技,2025-10-17 09:40:39,4.19,63200,4.2,D
sz000100,TCL科技,2025-10-17 09:40:42,4.2,23300,4.19,U
sz000100,TCL科技,2025-10-17 09:40:45,4.2,39800,4.2,U
sz000100,TCL科技,2025-10-17 09:40:51,4.19,20500,4.2,D
sz000100,TCL科技,2025-10-17 09:40:54,4.19,21600,4.19,D
sz000100,TCL科技,2025-10-17 09:41:12,4.19,51300,4.2,D
sz000100,TCL科技,2025-10-17 09:41:15,4.2,32600,4.19,U
sz000100,TCL科技,2025-10-17 09:41:18,4.2,24400,4.2,U
sz000100,TCL科技,2025-10-17 09:41:21,4.19,35500,4.2,D
sz000100,TCL科技,2025-10-17 09:41:24,4.19,69700,4.19,D
sz000100,TCL科技,2025-10-17 09:41:36,4.19,34300,4.19,D
sz000100,TCL科技,2025-10-17 09:41:48,4.2,55100,4.2,U
sz000100,TCL科技,2025-10-17 09:41:57,4.19,48000,4.2,D
sz000100,TCL科技,2025-10-17 09:42:06,4.19,318200,4.19,D
sz000100,TCL科技,2025-10-17 09:42:09,4.19,31400,4.19,D
sz000100,TCL科技,2025-10-17 09:42:12,4.19,27700,4.19,D
sz000100,TCL科技,2025-10-17 09:42:18,4.19,33100,4.19,D
sz000100,TCL科技,2025-10-17 09:42:24,4.19,57000,4.19,D
sz000100,TCL科技,2025-10-17 09:42:27,4.19,3642700,4.19,D
sz000100,TCL科技,2025-10-17 09:42:30,4.19,995200,4.19,D
sz000100,TCL科技,2025-10-17 09:42:33,4.19,658900,4.19,D
sz000100,TCL科技,2025-10-17 09:42:36,4.19,195400,4.19,D
sz000100,TCL科技,2025-10-17 09:42:39,4.19,327400,4.19,D
sz000100,TCL科技,2025-10-17 09:42:42,4.19,387100,4.19,D
sz000100,TCL科技,2025-10-17 09:42:45,4.19,263800,4.19,D
sz000100,TCL科技,2025-10-17 09:42:48,4.19,84900,4.19,D
sz000100,TCL科技,2025-10-17 09:42:51,4.19,169800,4.19,D
sz000100,TCL科技,2025-10-17 09:42:54,4.19,41600,4.19,D
sz000100,TCL科技,2025-10-17 09:42:57,4.19,82300,4.19,D
sz000100,TCL科技,2025-10-17 09:43:00,4.19,57100,4.19,D
sz000100,TCL科技,2025-10-17 09:43:03,4.19,51417,4.19,D
sz000100,TCL科技,2025-10-17 09:43:06,4.19,96100,4.19,D
sz000100,TCL科技,2025-10-17 09:43:09,4.19,388210,4.19,D
sz000100,TCL科技,2025-10-17 09:43:12,4.2,53300,4.19,U
sz000100,TCL科技,2025-10-17 09:43:15,4.19,105200,4.2,D
sz000100,TCL科技,2025-10-17 09:43:21,4.19,90900,4.19,D
sz000100,TCL科技,2025-10-17 09:43:24,4.19,24600,4.19,D
sz000100,TCL科技,2025-10-17 09:43:27,4.2,72000,4.19,U
sz000100,TCL科技,2025-10-17 09:43:30,4.2,47700,4.2,U
sz000100,TCL科技,2025-10-17 09:43:36,4.19,61100,4.19,D
sz000100,TCL科技,2025-10-17 09:43:39,4.19,23500,4.19,D
sz000100,TCL科技,2025-10-17 09:43:48,4.19,22000,4.19,D
sz000100,TCL科技,2025-10-17 09:43:51,4.19,119900,4.19,D
sz000100,TCL科技,2025-10-17 09:43:54,4.19,133200,4.19,D
sz000100,TCL科技,2025-10-17 09:43:57,4.19,20800,4.19,D
sz000100,TCL科技,2025-10-17 09:44:03,4.19,87000,4.19,D
sz000100,TCL科技,2025-10-17 09:44:09,4.2,21200,4.2,U
sz000100,TCL科技,2025-10-17 09:44:12,4.19,27500,4.2,D
sz000100,TCL科技,2025-10-17 09:44:15,4.19,311400,4.19,D
sz000100,TCL科技,2025-10-17 09:44:18,4.2,50900,4.19,U
sz000100,TCL科技,2025-10-17 09:44:21,4.19,80600,4.2,D
sz000100,TCL科技,2025-10-17 09:44:27,4.19,280100,4.2,D
sz000100,TCL科技,2025-10-17 09:44:30,4.19,51300,4.19,D
sz000100,TCL科技,2025-10-17 09:44:33,4.19,91200,4.19,D
sz000100,TCL科技,2025-10-17 09:44:36,4.19,183600,4.19,D
sz000100,TCL科技,2025-10-17 09:44:39,4.19,52400,4.19,D
sz000100,TCL科技,2025-10-17 09:44:45,4.2,28900,4.19,U
sz000100,TCL科技,2025-10-17 09:44:48,4.19,23600,4.2,D
sz000100,TCL科技,2025-10-17 09:44:51,4.19,148700,4.19,D
sz000100,TCL科技,2025-10-17 09:45:00,4.19,115300,4.19,D
sz000100,TCL科技,2025-10-17 09:45:03,4.19,608790,4.19,D
sz000100,TCL科技,2025-10-17 09:45:06,4.19,181100,4.19,U
sz000100,TCL科技,2025-10-17 09:45:09,4.19,122700,4.19,U
sz000100,TCL科技,2025-10-17 09:45:12,4.19,345000,4.19,U
sz000100,TCL科技,2025-10-17 09:45:15,4.19,99900,4.19,U
sz000100,TCL科技,2025-10-17 09:45:18,4.18,20700,4.19,D
sz000100,TCL科技,2025-10-17 09:45:21,4.19,41600,4.18,U
sz000100,TCL科技,2025-10-17 09:45:24,4.19,77000,4.19,U
sz000100,TCL科技,2025-10-17 09:45:27,4.19,70300,4.19,U
sz000100,TCL科技,2025-10-17 09:45:30,4.18,20600,4.19,D
sz000100,TCL科技,2025-10-17 09:45:33,4.18,22900,4.18,D
sz000100,TCL科技,2025-10-17 09:45:39,4.18,73200,4.18,D
sz000100,TCL科技,2025-10-17 09:45:42,4.18,202300,4.18,D
sz000100,TCL科技,2025-10-17 09:45:45,4.18,70300,4.18,D
sz000100,TCL科技,2025-10-17 09:45:48,4.18,240800,4.18,D
sz000100,TCL科技,2025-10-17 09:45:51,4.18,163100,4.18,D
sz000100,TCL科技,2025-10-17 09:45:54,4.18,63300,4.18,D
sz000100,TCL科技,2025-10-17 09:45:57,4.18,61000,4.18,D
sz000100,TCL科技,2025-10-17 09:46:00,4.18,48600,4.18,D
sz000100,TCL科技,2025-10-17 09:46:06,4.18,21500,4.18,D
sz000100,TCL科技,2025-10-17 09:46:09,4.19,31300,4.18,U
sz000100,TCL科技,2025-10-17 09:46:12,4.19,1026600,4.19,U
sz000100,TCL科技,2025-10-17 09:46:15,4.19,49500,4.19,U
sz000100,TCL科技,2025-10-17 09:46:18,4.19,39500,4.19,U
sz000100,TCL科技,2025-10-17 09:46:24,4.18,35300,4.19,D
sz000100,TCL科技,2025-10-17 09:46:27,4.18,39800,4.18,D
sz000100,TCL科技,2025-10-17 09:46:33,4.18,101200,4.18,D
sz000100,TCL科技,2025-10-17 09:46:36,4.18,51500,4.18,D
sz000100,TCL科技,2025-10-17 09:46:39,4.18,28600,4.18,D
sz000100,TCL科技,2025-10-17 09:46:42,4.18,104500,4.18,D
sz000100,TCL科技,2025-10-17 09:46:45,4.19,24000,4.18,U
sz000100,TCL科技,2025-10-17 09:46:48,4.19,61900,4.19,U
sz000100,TCL科技,2025-10-17 09:46:54,4.18,63400,4.18,D
sz000100,TCL科技,2025-10-17 09:47:06,4.18,24600,4.18,D
sz000100,TCL科技,2025-10-17 09:47:09,4.19,40700,4.18,U
sz000100,TCL科技,2025-10-17 09:47:12,4.18,55300,4.19,D
sz000100,TCL科技,2025-10-17 09:47:15,4.19,36200,4.18,U
sz000100,TCL科技,2025-10-17 09:47:18,4.18,35800,4.19,D
sz000100,TCL科技,2025-10-17 09:47:27,4.19,46400,4.18,U
sz000100,TCL科技,2025-10-17 09:47:30,4.19,111800,4.19,U
sz000100,TCL科技,2025-10-17 09:47:33,4.18,27000,4.19,D
sz000100,TCL科技,2025-10-17 09:47:36,4.18,54200,4.18,D
sz000100,TCL科技,2025-10-17 09:47:39,4.19,40200,4.18,U
sz000100,TCL科技,2025-10-17 09:47:48,4.18,64100,4.18,D
sz000100,TCL科技,2025-10-17 09:47:51,4.19,26100,4.18,U
sz000100,TCL科技,2025-10-17 09:47:54,4.19,110800,4.19,U
sz000100,TCL科技,2025-10-17 09:47:57,4.19,129800,4.19,U
sz000100,TCL科技,2025-10-17 09:48:03,4.18,118700,4.18,D
sz000100,TCL科技,2025-10-17 09:48:06,4.18,114200,4.18,D
sz000100,TCL科技,2025-10-17 09:48:09,4.18,202300,4.18,D
sz000100,TCL科技,2025-10-17 09:48:12,4.18,51400,4.18,D
sz000100,TCL科技,2025-10-17 09:48:21,4.19,223900,4.19,U
sz000100,TCL科技,2025-10-17 09:48:24,4.18,49000,4.19,D
sz000100,TCL科技,2025-10-17 09:48:27,4.18,45700,4.18,D
sz000100,TCL科技,2025-10-17 09:48:30,4.18,53200,4.18,D
sz000100,TCL科技,2025-10-17 09:48:33,4.18,46700,4.18,D
sz000100,TCL科技,2025-10-17 09:48:36,4.18,31800,4.18,D
sz000100,TCL科技,2025-10-17 09:48:39,4.18,47800,4.18,D
sz000100,TCL科技,2025-10-17 09:48:42,4.18,103100,4.18,D
sz000100,TCL科技,2025-10-17 09:48:45,4.18,104100,4.18,D
sz000100,TCL科技,2025-10-17 09:48:48,4.18,29600,4.18,D
sz000100,TCL科技,2025-10-17 09:48:54,4.18,66500,4.18,D
sz000100,TCL科技,2025-10-17 09:48:57,4.18,47100,4.18,D
sz000100,TCL科技,2025-10-17 09:49:00,4.19,25200,4.18,U
sz000100,TCL科技,2025-10-17 09:49:03,4.18,25300,4.19,D
sz000100,TCL科技,2025-10-17 09:49:06,4.18,76800,4.18,D
sz000100,TCL科技,2025-10-17 09:49:12,4.18,83600,4.18,D
sz000100,TCL科技,2025-10-17 09:49:15,4.18,118600,4.18,D
sz000100,TCL科技,2025-10-17 09:49:21,4.18,173800,4.19,D
sz000100,TCL科技,2025-10-17 09:49:24,4.19,33000,4.18,U
sz000100,TCL科技,2025-10-17 09:49:30,4.18,77800,4.18,D
sz000100,TCL科技,2025-10-17 09:49:33,4.18,69100,4.18,D
sz000100,TCL科技,2025-10-17 09:49:36,4.19,43700,4.18,U
sz000100,TCL科技,2025-10-17 09:49:39,4.19,154200,4.19,U
sz000100,TCL科技,2025-10-17 09:49:45,4.18,21100,4.19,D
sz000100,TCL科技,2025-10-17 09:49:48,4.18,22500,4.18,D
sz000100,TCL科技,2025-10-17 09:49:51,4.18,34600,4.18,D
sz000100,TCL科技,2025-10-17 09:49:54,4.19,100100,4.18,U
sz000100,TCL科技,2025-10-17 09:50:06,4.19,71600,4.18,U
sz000100,TCL科技,2025-10-17 09:50:09,4.18,41300,4.19,D
sz000100,TCL科技,2025-10-17 09:50:15,4.18,460300,4.18,D
sz000100,TCL科技,2025-10-17 09:50:24,4.18,38000,4.19,D
sz000100,TCL科技,2025-10-17 09:50:30,4.19,53400,4.19,U
sz000100,TCL科技,2025-10-17 09:50:36,4.18,59000,4.18,D
sz000100,TCL科技,2025-10-17 09:50:39,4.18,322200,4.18,D
sz000100,TCL科技,2025-10-17 09:50:42,4.18,63500,4.18,D
sz000100,TCL科技,2025-10-17 09:50:45,4.18,72810,4.18,D
sz000100,TCL科技,2025-10-17 09:50:48,4.18,110000,4.18,D
sz000100,TCL科技,2025-10-17 09:50:51,4.18,10591578,4.18,D
sz000100,TCL科技,2025-10-17 09:50:54,4.18,45000,4.18,U
sz000100,TCL科技,2025-10-17 09:50:57,4.18,124200,4.18,U
sz000100,TCL科技,2025-10-17 09:51:00,4.18,85800,4.18,U
sz000100,TCL科技,2025-10-17 09:51:03,4.17,39700,4.18,D
sz000100,TCL科技,2025-10-17 09:51:06,4.17,180900,4.17,D
sz000100,TCL科技,2025-10-17 09:51:12,4.18,97200,4.18,U
sz000100,TCL科技,2025-10-17 09:51:18,4.18,34700,4.18,U
sz000100,TCL科技,2025-10-17 09:51:27,4.17,68600,4.18,D
sz000100,TCL科技,2025-10-17 09:51:30,4.18,21400,4.17,U
sz000100,TCL科技,2025-10-17 09:51:33,4.18,68900,4.18,U
sz000100,TCL科技,2025-10-17 09:51:36,4.18,112700,4.18,U
sz000100,TCL科技,2025-10-17 09:51:39,4.17,79400,4.18,D
sz000100,TCL科技,2025-10-17 09:51:45,4.17,45400,4.18,D
sz000100,TCL科技,2025-10-17 09:51:51,4.18,27700,4.18,U
sz000100,TCL科技,2025-10-17 09:51:54,4.17,34200,4.18,D
sz000100,TCL科技,2025-10-17 09:51:57,4.17,63300,4.17,D
sz000100,TCL科技,2025-10-17 09:52:00,4.18,47300,4.17,U
sz000100,TCL科技,2025-10-17 09:52:03,4.17,69200,4.18,D
sz000100,TCL科技,2025-10-17 09:52:06,4.17,84600,4.17,D
sz000100,TCL科技,2025-10-17 09:52:09,4.17,34610,4.17,D
sz000100,TCL科技,2025-10-17 09:52:12,4.18,71900,4.17,U
sz000100,TCL科技,2025-10-17 09:52:15,4.17,27600,4.18,D
sz000100,TCL科技,2025-10-17 09:52:18,4.17,24900,4.17,D
sz000100,TCL科技,2025-10-17 09:52:21,4.18,61700,4.17,U
sz000100,TCL科技,2025-10-17 09:52:24,4.17,141200,4.18,D
sz000100,TCL科技,2025-10-17 09:52:27,4.17,68400,4.17,D
sz000100,TCL科技,2025-10-17 09:52:30,4.17,75200,4.17,D
sz000100,TCL科技,2025-10-17 09:52:33,4.18,55700,4.17,U
sz000100,TCL科技,2025-10-17 09:52:36,4.17,60200,4.18,D
sz000100,TCL科技,2025-10-17 09:52:39,4.18,26400,4.17,U
sz000100,TCL科技,2025-10-17 09:52:42,4.18,131100,4.18,U
sz000100,TCL科技,2025-10-17 09:52:45,4.18,58000,4.18,U
sz000100,TCL科技,2025-10-17 09:52:48,4.17,80500,4.18,D
sz000100,TCL科技,2025-10-17 09:52:51,4.17,73000,4.17,D
sz000100,TCL科技,2025-10-17 09:52:54,4.18,165700,4.17,U
sz000100,TCL科技,2025-10-17 09:52:57,4.17,76200,4.18,D
sz000100,TCL科技,2025-10-17 09:53:00,4.17,32700,4.17,D
sz000100,TCL科技,2025-10-17 09:53:03,4.18,64200,4.17,U
sz000100,TCL科技,2025-10-17 09:53:06,4.18,143100,4.18,U
sz000100,TCL科技,2025-10-17 09:53:09,4.18,82200,4.18,U
sz000100,TCL科技,2025-10-17 09:53:12,4.18,277100,4.18,U
sz000100,TCL科技,2025-10-17 09:53:15,4.18,38500,4.18,U
sz000100,TCL科技,2025-10-17 09:53:18,4.18,420466,4.18,U
sz000100,TCL科技,2025-10-17 09:53:21,4.18,54200,4.18,U
sz000100,TCL科技,2025-10-17 09:53:24,4.18,132100,4.18,U
sz000100,TCL科技,2025-10-17 09:53:27,4.17,189000,4.18,D
sz000100,TCL科技,2025-10-17 09:53:30,4.18,61300,4.17,U
sz000100,TCL科技,2025-10-17 09:53:33,4.18,23800,4.18,U
sz000100,TCL科技,2025-10-17 09:53:36,4.17,1105500,4.18,D
sz000100,TCL科技,2025-10-17 09:53:39,4.17,159400,4.17,D
sz000100,TCL科技,2025-10-17 09:53:42,4.18,291800,4.17,U
sz000100,TCL科技,2025-10-17 09:53:45,4.17,1004500,4.18,D
sz000100,TCL科技,2025-10-17 09:53:54,4.17,335010,4.18,D
sz000100,TCL科技,2025-10-17 09:53:57,4.18,30900,4.17,U
sz000100,TCL科技,2025-10-17 09:54:00,4.17,38102,4.18,D
sz000100,TCL科技,2025-10-17 09:54:03,4.17,206400,4.17,D
sz000100,TCL科技,2025-10-17 09:54:06,4.17,162300,4.17,D
sz000100,TCL科技,2025-10-17 09:54:09,4.17,222800,4.17,D
sz000100,TCL科技,2025-10-17 09:54:12,4.17,628900,4.17,D
sz000100,TCL科技,2025-10-17 09:54:15,4.17,1196100,4.17,D
sz000100,TCL科技,2025-10-17 09:54:18,4.17,132600,4.17,D
sz000100,TCL科技,2025-10-17 09:54:21,4.17,2017530,4.17,D
sz000100,TCL科技,2025-10-17 09:54:24,4.17,701700,4.17,D
sz000100,TCL科技,2025-10-17 09:54:27,4.17,1328100,4.17,D
sz000100,TCL科技,2025-10-17 09:54:30,4.17,39700,4.17,U
sz000100,TCL科技,2025-10-17 09:54:33,4.16,186700,4.17,D
sz000100,TCL科技,2025-10-17 09:54:36,4.17,146800,4.16,U
sz000100,TCL科技,2025-10-17 09:54:39,4.16,32200,4.17,D
sz000100,TCL科技,2025-10-17 09:54:42,4.17,142100,4.16,U
sz000100,TCL科技,2025-10-17 09:54:45,4.17,32400,4.17,U
sz000100,TCL科技,2025-10-17 09:54:48,4.16,84000,4.17,D
sz000100,TCL科技,2025-10-17 09:54:51,4.17,428100,4.16,U
sz000100,TCL科技,2025-10-17 09:54:54,4.16,101600,4.17,D
sz000100,TCL科技,2025-10-17 09:55:00,4.17,35600,4.16,U
sz000100,TCL科技,2025-10-17 09:55:03,4.17,48300,4.17,U
sz000100,TCL科技,2025-10-17 09:55:06,4.17,67300,4.17,U
sz000100,TCL科技,2025-10-17 09:55:09,4.16,49400,4.17,D
sz000100,TCL科技,2025-10-17 09:55:12,4.17,47900,4.16,U
sz000100,TCL科技,2025-10-17 09:55:15,4.16,36700,4.17,D
sz000100,TCL科技,2025-10-17 09:55:18,4.16,219570,4.16,D
sz000100,TCL科技,2025-10-17 09:55:21,4.16,199800,4.16,D
sz000100,TCL科技,2025-10-17 09:55:24,4.16,99300,4.16,D
sz000100,TCL科技,2025-10-17 09:55:27,4.16,64800,4.16,D
sz000100,TCL科技,2025-10-17 09:55:36,4.16,33600,4.16,D
sz000100,TCL科技,2025-10-17 09:55:39,4.16,51700,4.16,D
sz000100,TCL科技,2025-10-17 09:55:42,4.16,286100,4.16,D
sz000100,TCL科技,2025-10-17 09:55:45,4.16,45700,4.16,D
sz000100,TCL科技,2025-10-17 09:55:48,4.16,69200,4.16,D
sz000100,TCL科技,2025-10-17 09:56:00,4.17,59300,4.17,U
sz000100,TCL科技,2025-10-17 09:56:03,4.16,30500,4.17,D
sz000100,TCL科技,2025-10-17 09:56:06,4.16,59900,4.16,D
sz000100,TCL科技,2025-10-17 09:56:09,4.16,26200,4.16,D
sz000100,TCL科技,2025-10-17 09:56:12,4.16,57700,4.16,D
sz000100,TCL科技,2025-10-17 09:56:15,4.16,127700,4.16,D
sz000100,TCL科技,2025-10-17 09:56:18,4.17,85200,4.16,U
sz000100,TCL科技,2025-10-17 09:56:21,4.17,66800,4.17,U
sz000100,TCL科技,2025-10-17 09:56:24,4.16,56700,4.17,D
sz000100,TCL科技,2025-10-17 09:56:27,4.17,93900,4.16,U
sz000100,TCL科技,2025-10-17 09:56:30,4.17,96400,4.17,U
sz000100,TCL科技,2025-10-17 09:56:36,4.16,88540,4.17,D
sz000100,TCL科技,2025-10-17 09:56:39,4.17,23900,4.16,U
sz000100,TCL科技,2025-10-17 09:56:42,4.16,181300,4.17,D
sz000100,TCL科技,2025-10-17 09:56:48,4.16,61300,4.16,D
sz000100,TCL科技,2025-10-17 09:56:51,4.16,28900,4.16,D
sz000100,TCL科技,2025-10-17 09:56:54,4.16,20900,4.16,D
sz000100,TCL科技,2025-10-17 09:56:57,4.16,61300,4.16,D
sz000100,TCL科技,2025-10-17 09:57:00,4.17,45400,4.16,U
sz000100,TCL科技,2025-10-17 09:57:06,4.16,51100,4.16,D
sz000100,TCL科技,2025-10-17 09:57:09,4.16,159300,4.16,D
sz000100,TCL科技,2025-10-17 09:57:12,4.17,66300,4.16,U
sz000100,TCL科技,2025-10-17 09:57:15,4.16,29800,4.17,D
sz000100,TCL科技,2025-10-17 09:57:18,4.17,61500,4.16,U
sz000100,TCL科技,2025-10-17 09:57:21,4.16,128300,4.17,D
sz000100,TCL科技,2025-10-17 09:57:24,4.17,61900,4.16,U
sz000100,TCL科技,2025-10-17 09:57:27,4.17,62400,4.17,U
sz000100,TCL科技,2025-10-17 09:57:30,4.16,24000,4.17,D
sz000100,TCL科技,2025-10-17 09:57:33,4.16,165900,4.16,D
sz000100,TCL科技,2025-10-17 09:57:36,4.17,74600,4.16,U
sz000100,TCL科技,2025-10-17 09:57:39,4.16,80200,4.17,D
sz000100,TCL科技,2025-10-17 09:57:42,4.17,120600,4.16,U
sz000100,TCL科技,2025-10-17 09:57:45,4.17,76200,4.17,U
sz000100,TCL科技,2025-10-17 09:57:48,4.16,122900,4.17,D
sz000100,TCL科技,2025-10-17 09:57:51,4.16,62200,4.16,D
sz000100,TCL科技,2025-10-17 09:57:54,4.17,1032600,4.16,U
sz000100,TCL科技,2025-10-17 09:57:57,4.17,98900,4.17,U
sz000100,TCL科技,2025-10-17 09:58:00,4.17,60400,4.17,U
sz000100,TCL科技,2025-10-17 09:58:03,4.16,135100,4.17,D
sz000100,TCL科技,2025-10-17 09:58:06,4.17,85400,4.16,U
sz000100,TCL科技,2025-10-17 09:58:09,4.17,56200,4.17,U
sz000100,TCL科技,2025-10-17 09:58:12,4.16,94107,4.17,D
sz000100,TCL科技,2025-10-17 09:58:15,4.17,36400,4.16,U
sz000100,TCL科技,2025-10-17 09:58:18,4.16,146500,4.17,D
sz000100,TCL科技,2025-10-17 09:58:21,4.17,107100,4.16,U
sz000100,TCL科技,2025-10-17 09:58:24,4.16,239600,4.17,D
sz000100,TCL科技,2025-10-17 09:58:27,4.17,76200,4.16,U
sz000100,TCL科技,2025-10-17 09:58:30,4.16,31300,4.17,D
sz000100,TCL科技,2025-10-17 09:58:36,4.16,46700,4.17,D
sz000100,TCL科技,2025-10-17 09:58:39,4.17,51900,4.16,U
sz000100,TCL科技,2025-10-17 09:58:45,4.16,23400,4.17,D
sz000100,TCL科技,2025-10-17 09:58:48,4.17,154400,4.16,U
sz000100,TCL科技,2025-10-17 09:58:51,4.16,560200,4.17,D
sz000100,TCL科技,2025-10-17 09:58:54,4.16,187400,4.16,D
sz000100,TCL科技,2025-10-17 09:58:57,4.17,62400,4.16,U
sz000100,TCL科技,2025-10-17 09:59:00,4.16,86000,4.17,D
sz000100,TCL科技,2025-10-17 09:59:06,4.17,23000,4.17,U
sz000100,TCL科技,2025-10-17 09:59:09,4.16,92500,4.17,D
sz000100,TCL科技,2025-10-17 09:59:12,4.17,42400,4.16,U
sz000100,TCL科技,2025-10-17 09:59:18,4.17,56000,4.17,U
sz000100,TCL科技,2025-10-17 09:59:21,4.17,36500,4.17,U
sz000100,TCL科技,2025-10-17 09:59:24,4.17,31900,4.17,U
sz000100,TCL科技,2025-10-17 09:59:27,4.17,89700,4.17,U
sz000100,TCL科技,2025-10-17 09:59:30,4.17,21100,4.17,U
sz000100,TCL科技,2025-10-17 09:59:33,4.16,65480,4.17,D
sz000100,TCL科技,2025-10-17 09:59:36,4.17,86400,4.16,U
sz000100,TCL科技,2025-10-17 09:59:39,4.16,21000,4.17,D
sz000100,TCL科技,2025-10-17 09:59:42,4.17,46600,4.16,U
sz000100,TCL科技,2025-10-17 09:59:48,4.17,69800,4.17,U
sz000100,TCL科技,2025-10-17 09:59:51,4.16,81700,4.17,D
sz000100,TCL科技,2025-10-17 09:59:54,4.17,32900,4.16,U
sz000100,TCL科技,2025-10-17 10:00:00,4.16,20500,4.17,D
sz000100,TCL科技,2025-10-17 10:00:03,4.17,65500,4.16,U
sz000100,TCL科技,2025-10-17 10:00:06,4.17,25900,4.17,U
sz000100,TCL科技,2025-10-17 10:00:09,4.16,36200,4.17,D
sz000100,TCL科技,2025-10-17 10:00:18,4.17,51400,4.17,U
sz000100,TCL科技,2025-10-17 10:00:21,4.16,77700,4.17,D
sz000100,TCL科技,2025-10-17 10:00:24,4.17,77300,4.16,U
sz000100,TCL科技,2025-10-17 10:00:27,4.17,37570,4.17,U
sz000100,TCL科技,2025-10-17 10:00:33,4.17,38050,4.17,U
sz000100,TCL科技,2025-10-17 10:00:36,4.17,286100,4.17,U
sz000100,TCL科技,2025-10-17 10:00:39,4.16,78800,4.17,D
sz000100,TCL科技,2025-10-17 10:00:45,4.17,85900,4.17,U
sz000100,TCL科技,2025-10-17 10:00:48,4.17,42600,4.17,U
sz000100,TCL科技,2025-10-17 10:00:51,4.17,60800,4.17,U
sz000100,TCL科技,2025-10-17 10:00:57,4.17,249700,4.16,U
sz000100,TCL科技,2025-10-17 10:01:00,4.16,84800,4.17,D
sz000100,TCL科技,2025-10-17 10:01:03,4.17,33300,4.16,U
sz000100,TCL科技,2025-10-17 10:01:06,4.17,306900,4.17,U
sz000100,TCL科技,2025-10-17 10:01:12,4.17,107800,4.17,U
sz000100,TCL科技,2025-10-17 10:01:15,4.17,175700,4.17,U
sz000100,TCL科技,2025-10-17 10:01:18,4.16,334000,4.17,D
sz000100,TCL科技,2025-10-17 10:01:21,4.17,171100,4.16,U
sz000100,TCL科技,2025-10-17 10:01:24,4.17,298200,4.17,U
sz000100,TCL科技,2025-10-17 10:01:27,4.17,26300,4.17,U
sz000100,TCL科技,2025-10-17 10:01:30,4.16,55900,4.17,D
sz000100,TCL科技,2025-10-17 10:01:42,4.16,107500,4.16,D
sz000100,TCL科技,2025-10-17 10:01:45,4.16,68500,4.16,D
sz000100,TCL科技,2025-10-17 10:01:51,4.17,22500,4.17,U
sz000100,TCL科技,2025-10-17 10:02:00,4.16,64300,4.17,D
sz000100,TCL科技,2025-10-17 10:02:03,4.16,130750,4.16,D
sz000100,TCL科技,2025-10-17 10:02:06,4.16,80300,4.16,D
sz000100,TCL科技,2025-10-17 10:02:21,4.17,27200,4.16,U
sz000100,TCL科技,2025-10-17 10:02:24,4.16,65880,4.17,D
sz000100,TCL科技,2025-10-17 10:02:27,4.16,42500,4.16,D
sz000100,TCL科技,2025-10-17 10:02:30,4.16,27200,4.16,D
sz000100,TCL科技,2025-10-17 10:02:33,4.17,48200,4.16,U
sz000100,TCL科技,2025-10-17 10:02:36,4.16,63800,4.17,D
sz000100,TCL科技,2025-10-17 10:02:39,4.16,77100,4.16,D
sz000100,TCL科技,2025-10-17 10:02:42,4.16,117300,4.16,D
sz000100,TCL科技,2025-10-17 10:02:45,4.16,44200,4.16,D
sz000100,TCL科技,2025-10-17 10:02:51,4.16,26700,4.16,D
sz000100,TCL科技,2025-10-17 10:02:54,4.16,141500,4.16,D
sz000100,TCL科技,2025-10-17 10:03:03,4.17,47200,4.16,U
sz000100,TCL科技,2025-10-17 10:03:06,4.17,158700,4.17,U
sz000100,TCL科技,2025-10-17 10:03:09,4.17,58400,4.17,U
sz000100,TCL科技,2025-10-17 10:03:12,4.16,45700,4.17,D
sz000100,TCL科技,2025-10-17 10:03:15,4.17,173800,4.16,U
sz000100,TCL科技,2025-10-17 10:03:18,4.17,44100,4.17,U
sz000100,TCL科技,2025-10-17 10:03:21,4.17,26800,4.17,U
sz000100,TCL科技,2025-10-17 10:03:24,4.16,24900,4.17,D
sz000100,TCL科技,2025-10-17 10:03:27,4.17,35600,4.16,U
sz000100,TCL科技,2025-10-17 10:03:33,4.16,52200,4.16,D
sz000100,TCL科技,2025-10-17 10:03:36,4.16,21300,4.16,D
sz000100,TCL科技,2025-10-17 10:03:39,4.17,36600,4.16,U
sz000100,TCL科技,2025-10-17 10:03:42,4.16,54200,4.17,D
sz000100,TCL科技,2025-10-17 10:03:45,4.16,59800,4.16,D
sz000100,TCL科技,2025-10-17 10:03:51,4.16,108300,4.17,D
sz000100,TCL科技,2025-10-17 10:03:54,4.16,28000,4.16,D
sz000100,TCL科技,2025-10-17 10:03:57,4.17,32200,4.16,U
sz000100,TCL科技,2025-10-17 10:04:03,4.17,45300,4.17,U
sz000100,TCL科技,2025-10-17 10:04:12,4.17,157300,4.16,U
sz000100,TCL科技,2025-10-17 10:04:18,4.17,30200,4.16,U
sz000100,TCL科技,2025-10-17 10:04:24,4.17,38300,4.16,U
sz000100,TCL科技,2025-10-17 10:04:27,4.16,30000,4.17,D
sz000100,TCL科技,2025-10-17 10:04:33,4.17,297500,4.16,U
sz000100,TCL科技,2025-10-17 10:04:39,4.16,44000,4.16,D
sz000100,TCL科技,2025-10-17 10:04:42,4.17,60300,4.16,U
sz000100,TCL科技,2025-10-17 10:04:45,4.16,31500,4.17,D
sz000100,TCL科技,2025-10-17 10:04:48,4.17,25400,4.16,U
sz000100,TCL科技,2025-10-17 10:04:54,4.16,125900,4.17,D
sz000100,TCL科技,2025-10-17 10:05:00,4.17,83400,4.17,U
sz000100,TCL科技,2025-10-17 10:05:06,4.16,46500,4.17,D
sz000100,TCL科技,2025-10-17 10:05:12,4.16,82800,4.17,D
sz000100,TCL科技,2025-10-17 10:05:15,4.17,59800,4.16,U
sz000100,TCL科技,2025-10-17 10:05:18,4.17,30930,4.17,U
sz000100,TCL科技,2025-10-17 10:05:21,4.16,40200,4.17,D
sz000100,TCL科技,2025-10-17 10:05:27,4.16,28700,4.17,D
sz000100,TCL科技,2025-10-17 10:05:30,4.17,140800,4.16,U
sz000100,TCL科技,2025-10-17 10:05:33,4.17,47600,4.17,U
sz000100,TCL科技,2025-10-17 10:05:36,4.17,34200,4.17,U
sz000100,TCL科技,2025-10-17 10:05:39,4.17,42900,4.17,U
sz000100,TCL科技,2025-10-17 10:05:42,4.16,62600,4.17,D
sz000100,TCL科技,2025-10-17 10:05:45,4.16,29300,4.16,D
sz000100,TCL科技,2025-10-17 10:05:48,4.16,38000,4.16,D
sz000100,TCL科技,2025-10-17 10:05:51,4.16,34700,4.16,D
sz000100,TCL科技,2025-10-17 10:05:54,4.17,98100,4.16,U
sz000100,TCL科技,2025-10-17 10:05:57,4.17,73600,4.17,U
sz000100,TCL科技,2025-10-17 10:06:03,4.17,1556600,4.16,U
sz000100,TCL科技,2025-10-17 10:06:06,4.16,207200,4.17,D
sz000100,TCL科技,2025-10-17 10:06:09,4.16,53500,4.16,D
sz000100,TCL科技,2025-10-17 10:06:12,4.16,49500,4.16,D
sz000100,TCL科技,2025-10-17 10:06:18,4.17,155800,4.16,U
sz000100,TCL科技,2025-10-17 10:06:21,4.16,67700,4.17,D
sz000100,TCL科技,2025-10-17 10:06:24,4.16,42800,4.16,D
sz000100,TCL科技,2025-10-17 10:06:30,4.17,39300,4.16,U
sz000100,TCL科技,2025-10-17 10:06:33,4.17,20800,4.17,U
sz000100,TCL科技,2025-10-17 10:06:39,4.16,94200,4.16,D
sz000100,TCL科技,2025-10-17 10:06:45,4.16,30200,4.17,D
sz000100,TCL科技,2025-10-17 10:06:48,4.17,61500,4.16,U
sz000100,TCL科技,2025-10-17 10:06:57,4.17,51200,4.17,U
sz000100,TCL科技,2025-10-17 10:07:00,4.17,25800,4.17,U
sz000100,TCL科技,2025-10-17 10:07:06,4.17,70400,4.16,U
sz000100,TCL科技,2025-10-17 10:07:09,4.16,40000,4.17,D
sz000100,TCL科技,2025-10-17 10:07:12,4.17,50200,4.16,U
sz000100,TCL科技,2025-10-17 10:07:18,4.17,31500,4.16,U
sz000100,TCL科技,2025-10-17 10:07:27,4.17,41400,4.17,U
sz000100,TCL科技,2025-10-17 10:07:33,4.17,39800,4.16,U
sz000100,TCL科技,2025-10-17 10:07:36,4.17,44500,4.17,U
sz000100,TCL科技,2025-10-17 10:07:39,4.17,25000,4.17,U
sz000100,TCL科技,2025-10-17 10:07:45,4.16,71000,4.17,D
sz000100,TCL科技,2025-10-17 10:07:48,4.17,53400,4.16,U
sz000100,TCL科技,2025-10-17 10:08:03,4.17,76600,4.17,U
sz000100,TCL科技,2025-10-17 10:08:06,4.16,30300,4.17,D
sz000100,TCL科技,2025-10-17 10:08:12,4.17,59700,4.16,U
sz000100,TCL科技,2025-10-17 10:08:15,4.16,47900,4.17,D
sz000100,TCL科技,2025-10-17 10:08:21,4.17,110900,4.17,U
sz000100,TCL科技,2025-10-17 10:08:24,4.17,41600,4.17,U
sz000100,TCL科技,2025-10-17 10:08:27,4.16,1300200,4.17,D
sz000100,TCL科技,2025-10-17 10:08:30,4.16,57000,4.16,D
sz000100,TCL科技,2025-10-17 10:08:33,4.17,31500,4.16,U
sz000100,TCL科技,2025-10-17 10:08:36,4.16,1014500,4.17,D
sz000100,TCL科技,2025-10-17 10:08:42,4.16,38500,4.16,D
sz000100,TCL科技,2025-10-17 10:08:45,4.16,720000,4.16,D
sz000100,TCL科技,2025-10-17 10:08:48,4.16,94700,4.16,D
sz000100,TCL科技,2025-10-17 10:08:51,4.17,223000,4.16,U
sz000100,TCL科技,2025-10-17 10:08:57,4.17,35700,4.16,U
sz000100,TCL科技,2025-10-17 10:09:00,4.16,49000,4.17,D
sz000100,TCL科技,2025-10-17 10:09:03,4.16,86000,4.16,D
sz000100,TCL科技,2025-10-17 10:09:06,4.16,238100,4.16,D
sz000100,TCL科技,2025-10-17 10:09:09,4.17,32000,4.16,U
sz000100,TCL科技,2025-10-17 10:09:15,4.17,1016600,4.17,U
sz000100,TCL科技,2025-10-17 10:09:18,4.16,10030600,4.17,D
sz000100,TCL科技,2025-10-17 10:09:21,4.16,93500,4.16,U
sz000100,TCL科技,2025-10-17 10:09:24,4.16,64300,4.16,U
sz000100,TCL科技,2025-10-17 10:09:27,4.16,62900,4.16,U
sz000100,TCL科技,2025-10-17 10:09:30,4.16,30200,4.16,U
sz000100,TCL科技,2025-10-17 10:09:33,4.16,35200,4.16,U
sz000100,TCL科技,2025-10-17 10:09:36,4.16,78200,4.16,U
sz000100,TCL科技,2025-10-17 10:09:39,4.15,130900,4.16,D
sz000100,TCL科技,2025-10-17 10:09:42,4.16,145300,4.15,U
sz000100,TCL科技,2025-10-17 10:09:45,4.15,22900,4.16,D
sz000100,TCL科技,2025-10-17 10:09:48,4.16,622900,4.15,U
sz000100,TCL科技,2025-10-17 10:09:51,4.15,118000,4.16,D
sz000100,TCL科技,2025-10-17 10:09:54,4.15,35000,4.15,D
sz000100,TCL科技,2025-10-17 10:09:57,4.16,521100,4.15,U
sz000100,TCL科技,2025-10-17 10:10:00,4.15,72100,4.16,D
sz000100,TCL科技,2025-10-17 10:10:03,4.16,161700,4.15,U
sz000100,TCL科技,2025-10-17 10:10:06,4.15,244100,4.16,D
sz000100,TCL科技,2025-10-17 10:10:09,4.15,52120,4.15,D
sz000100,TCL科技,2025-10-17 10:10:12,4.15,148300,4.15,D
sz000100,TCL科技,2025-10-17 10:10:15,4.15,491810,4.15,D
sz000100,TCL科技,2025-10-17 10:10:18,4.15,597200,4.15,D
sz000100,TCL科技,2025-10-17 10:10:21,4.15,36500,4.15,D
sz000100,TCL科技,2025-10-17 10:10:24,4.15,260400,4.15,D
sz000100,TCL科技,2025-10-17 10:10:27,4.15,59200,4.15,D
sz000100,TCL科技,2025-10-17 10:10:30,4.15,82400,4.15,D
sz000100,TCL科技,2025-10-17 10:10:33,4.15,179000,4.15,D
sz000100,TCL科技,2025-10-17 10:10:36,4.15,397000,4.15,D
sz000100,TCL科技,2025-10-17 10:10:39,4.15,221200,4.15,D
sz000100,TCL科技,2025-10-17 10:10:42,4.15,214900,4.15,D
sz000100,TCL科技,2025-10-17 10:10:45,4.15,280900,4.15,D
sz000100,TCL科技,2025-10-17 10:10:48,4.15,264700,4.15,D
sz000100,TCL科技,2025-10-17 10:10:51,4.16,93400,4.15,U
sz000100,TCL科技,2025-10-17 10:10:54,4.15,130900,4.16,D
sz000100,TCL科技,2025-10-17 10:10:57,4.16,49300,4.15,U
sz000100,TCL科技,2025-10-17 10:11:00,4.15,146500,4.16,D
sz000100,TCL科技,2025-10-17 10:11:03,4.15,85700,4.15,D
sz000100,TCL科技,2025-10-17 10:11:06,4.15,22000,4.15,D
sz000100,TCL科技,2025-10-17 10:11:09,4.15,38200,4.15,D
sz000100,TCL科技,2025-10-17 10:11:12,4.16,35900,4.15,U
sz000100,TCL科技,2025-10-17 10:11:15,4.15,65500,4.16,D
sz000100,TCL科技,2025-10-17 10:11:18,4.15,27600,4.15,D
sz000100,TCL科技,2025-10-17 10:11:21,4.16,40900,4.15,U
sz000100,TCL科技,2025-10-17 10:11:24,4.16,89400,4.16,U
sz000100,TCL科技,2025-10-17 10:11:27,4.15,38000,4.16,D
sz000100,TCL科技,2025-10-17 10:11:30,4.15,35900,4.15,D
sz000100,TCL科技,2025-10-17 10:11:33,4.15,28600,4.15,D
sz000100,TCL科技,2025-10-17 10:11:39,4.15,20700,4.16,D
sz000100,TCL科技,2025-10-17 10:11:42,4.16,22200,4.15,U
sz000100,TCL科技,2025-10-17 10:11:45,4.15,49300,4.16,D
sz000100,TCL科技,2025-10-17 10:11:51,4.15,21800,4.16,D
sz000100,TCL科技,2025-10-17 10:11:54,4.16,54700,4.15,U
sz000100,TCL科技,2025-10-17 10:11:57,4.16,38500,4.16,U
sz000100,TCL科技,2025-10-17 10:12:00,4.15,39700,4.16,D
sz000100,TCL科技,2025-10-17 10:12:03,4.15,26000,4.15,D
sz000100,TCL科技,2025-10-17 10:12:06,4.16,28400,4.15,U
sz000100,TCL科技,2025-10-17 10:12:09,4.16,50900,4.16,U
sz000100,TCL科技,2025-10-17 10:12:12,4.15,75900,4.16,D
sz000100,TCL科技,2025-10-17 10:12:15,4.15,210900,4.15,D
sz000100,TCL科技,2025-10-17 10:12:18,4.15,106900,4.15,D
sz000100,TCL科技,2025-10-17 10:12:21,4.15,317000,4.15,D
sz000100,TCL科技,2025-10-17 10:12:24,4.16,71200,4.15,U
sz000100,TCL科技,2025-10-17 10:12:27,4.15,129900,4.16,D
sz000100,TCL科技,2025-10-17 10:12:30,4.15,49000,4.15,D
sz000100,TCL科技,2025-10-17 10:12:33,4.16,38900,4.15,U
sz000100,TCL科技,2025-10-17 10:12:39,4.15,377100,4.15,D
sz000100,TCL科技,2025-10-17 10:12:42,4.16,114900,4.15,U
sz000100,TCL科技,2025-10-17 10:12:48,4.15,176200,4.16,D
sz000100,TCL科技,2025-10-17 10:12:51,4.16,26200,4.15,U
sz000100,TCL科技,2025-10-17 10:12:54,4.16,118500,4.16,U
sz000100,TCL科技,2025-10-17 10:12:57,4.15,69420,4.16,D
sz000100,TCL科技,2025-10-17 10:13:00,4.16,102400,4.15,U
sz000100,TCL科技,2025-10-17 10:13:03,4.16,73500,4.16,U
sz000100,TCL科技,2025-10-17 10:13:06,4.15,77800,4.16,D
sz000100,TCL科技,2025-10-17 10:13:12,4.15,70700,4.15,D
sz000100,TCL科技,2025-10-17 10:13:21,4.15,65600,4.15,D
sz000100,TCL科技,2025-10-17 10:13:24,4.16,30600,4.15,U
sz000100,TCL科技,2025-10-17 10:13:27,4.15,81100,4.16,D
sz000100,TCL科技,2025-10-17 10:13:30,4.16,72400,4.15,U
sz000100,TCL科技,2025-10-17 10:13:33,4.15,141400,4.16,D
sz000100,TCL科技,2025-10-17 10:13:36,4.15,25800,4.15,D
sz000100,TCL科技,2025-10-17 10:13:39,4.15,48700,4.15,D
sz000100,TCL科技,2025-10-17 10:13:42,4.16,31300,4.15,U
sz000100,TCL科技,2025-10-17 10:13:45,4.16,74800,4.16,U
sz000100,TCL科技,2025-10-17 10:13:51,4.15,131800,4.16,D
sz000100,TCL科技,2025-10-17 10:13:54,4.16,21000,4.15,U
sz000100,TCL科技,2025-10-17 10:14:03,4.15,136600,4.15,D
sz000100,TCL科技,2025-10-17 10:14:09,4.16,25400,4.16,U
sz000100,TCL科技,2025-10-17 10:14:12,4.15,65100,4.16,D
sz000100,TCL科技,2025-10-17 10:14:15,4.15,320500,4.15,D
sz000100,TCL科技,2025-10-17 10:14:18,4.15,272300,4.15,D
sz000100,TCL科技,2025-10-17 10:14:21,4.15,80600,4.15,D
sz000100,TCL科技,2025-10-17 10:14:27,4.16,77300,4.15,U
sz000100,TCL科技,2025-10-17 10:14:30,4.15,48400,4.16,D
sz000100,TCL科技,2025-10-17 10:14:36,4.15,35200,4.15,D
sz000100,TCL科技,2025-10-17 10:14:39,4.16,45100,4.15,U
sz000100,TCL科技,2025-10-17 10:14:45,4.15,71500,4.16,D
sz000100,TCL科技,2025-10-17 10:14:48,4.16,34700,4.15,U
sz000100,TCL科技,2025-10-17 10:14:51,4.16,59000,4.16,U
sz000100,TCL科技,2025-10-17 10:14:57,4.15,33700,4.15,D
sz000100,TCL科技,2025-10-17 10:15:00,4.16,46800,4.15,U
sz000100,TCL科技,2025-10-17 10:15:03,4.15,164500,4.16,D
sz000100,TCL科技,2025-10-17 10:15:06,4.15,20600,4.15,D
sz000100,TCL科技,2025-10-17 10:15:09,4.15,75200,4.15,D
sz000100,TCL科技,2025-10-17 10:15:12,4.16,108100,4.15,U
sz000100,TCL科技,2025-10-17 10:15:15,4.15,65900,4.16,D
sz000100,TCL科技,2025-10-17 10:15:18,4.16,24700,4.15,U
sz000100,TCL科技,2025-10-17 10:15:21,4.16,782400,4.16,U
sz000100,TCL科技,2025-10-17 10:15:24,4.15,64600,4.16,D
sz000100,TCL科技,2025-10-17 10:15:27,4.15,123300,4.15,D
sz000100,TCL科技,2025-10-17 10:15:30,4.16,133300,4.15,U
sz000100,TCL科技,2025-10-17 10:15:36,4.16,62000,4.16,U
sz000100,TCL科技,2025-10-17 10:15:39,4.16,41000,4.16,U
sz000100,TCL科技,2025-10-17 10:15:51,4.16,22300,4.15,U
sz000100,TCL科技,2025-10-17 10:15:54,4.16,28000,4.16,U
sz000100,TCL科技,2025-10-17 10:15:57,4.16,117800,4.16,U
sz000100,TCL科技,2025-10-17 10:16:00,4.16,85300,4.16,U
sz000100,TCL科技,2025-10-17 10:16:09,4.16,26800,4.16,U
sz000100,TCL科技,2025-10-17 10:16:12,4.15,140700,4.16,D
sz000100,TCL科技,2025-10-17 10:16:18,4.16,24000,4.15,U
sz000100,TCL科技,2025-10-17 10:16:21,4.16,25300,4.16,U
sz000100,TCL科技,2025-10-17 10:16:27,4.16,186900,4.15,U
sz000100,TCL科技,2025-10-17 10:16:30,4.15,65600,4.16,D
sz000100,TCL科技,2025-10-17 10:16:33,4.15,25200,4.15,D
sz000100,TCL科技,2025-10-17 10:16:42,4.16,30300,4.16,U
sz000100,TCL科技,2025-10-17 10:16:54,4.16,27600,4.16,U
sz000100,TCL科技,2025-10-17 10:16:57,4.15,62100,4.16,D
sz000100,TCL科技,2025-10-17 10:17:00,4.15,21600,4.15,D
sz000100,TCL科技,2025-10-17 10:17:09,4.16,20100,4.15,U
sz000100,TCL科技,2025-10-17 10:17:15,4.15,26900,4.15,D
sz000100,TCL科技,2025-10-17 10:17:24,4.15,64000,4.16,D
sz000100,TCL科技,2025-10-17 10:17:27,4.15,195200,4.15,D
sz000100,TCL科技,2025-10-17 10:17:36,4.15,23600,4.16,D
sz000100,TCL科技,2025-10-17 10:17:39,4.15,20000,4.15,D
sz000100,TCL科技,2025-10-17 10:17:42,4.16,24000,4.15,U
sz000100,TCL科技,2025-10-17 10:17:51,4.16,50900,4.15,U
sz000100,TCL科技,2025-10-17 10:17:54,4.16,40300,4.16,U
sz000100,TCL科技,2025-10-17 10:17:57,4.15,38400,4.16,D
sz000100,TCL科技,2025-10-17 10:18:00,4.15,38400,4.15,D
sz000100,TCL科技,2025-10-17 10:18:06,4.16,86300,4.16,U
sz000100,TCL科技,2025-10-17 10:18:09,4.16,45300,4.16,U
sz000100,TCL科技,2025-10-17 10:18:12,4.16,100500,4.16,U
sz000100,TCL科技,2025-10-17 10:18:18,4.15,59800,4.16,D
sz000100,TCL科技,2025-10-17 10:18:21,4.16,200800,4.15,U
sz000100,TCL科技,2025-10-17 10:18:24,4.15,53100,4.16,D
sz000100,TCL科技,2025-10-17 10:18:30,4.15,100700,4.16,D
sz000100,TCL科技,2025-10-17 10:18:42,4.15,37000,4.15,D
sz000100,TCL科技,2025-10-17 10:18:57,4.16,34100,4.16,U
sz000100,TCL科技,2025-10-17 10:19:00,4.16,34800,4.16,U
sz000100,TCL科技,2025-10-17 10:19:06,4.16,51600,4.15,U
sz000100,TCL科技,2025-10-17 10:19:12,4.15,47200,4.16,D
sz000100,TCL科技,2025-10-17 10:19:18,4.15,43800,4.16,D
sz000100,TCL科技,2025-10-17 10:19:21,4.15,66500,4.15,D
sz000100,TCL科技,2025-10-17 10:19:24,4.15,102200,4.15,D
sz000100,TCL科技,2025-10-17 10:19:27,4.15,37800,4.15,D
sz000100,TCL科技,2025-10-17 10:19:30,4.15,67400,4.15,D
sz000100,TCL科技,2025-10-17 10:19:39,4.15,60500,4.15,D
sz000100,TCL科技,2025-10-17 10:19:45,4.16,59500,4.15,U
sz000100,TCL科技,2025-10-17 10:19:51,4.15,28900,4.15,D
sz000100,TCL科技,2025-10-17 10:19:54,4.16,113500,4.15,U
sz000100,TCL科技,2025-10-17 10:20:00,4.15,329300,4.15,D
sz000100,TCL科技,2025-10-17 10:20:03,4.15,65200,4.15,D
sz000100,TCL科技,2025-10-17 10:20:09,4.16,23900,4.15,U
sz000100,TCL科技,2025-10-17 10:20:12,4.16,20300,4.16,U
sz000100,TCL科技,2025-10-17 10:20:15,4.16,28100,4.16,U
sz000100,TCL科技,2025-10-17 10:20:21,4.16,20400,4.16,U
sz000100,TCL科技,2025-10-17 10:20:24,4.16,36800,4.16,U
sz000100,TCL科技,2025-10-17 10:20:30,4.16,106900,4.15,U
sz000100,TCL科技,2025-10-17 10:20:36,4.16,40500,4.16,U
sz000100,TCL科技,2025-10-17 10:20:42,4.15,51500,4.16,D
sz000100,TCL科技,2025-10-17 10:21:03,4.16,24100,4.16,U
sz000100,TCL科技,2025-10-17 10:21:09,4.16,117900,4.15,U
sz000100,TCL科技,2025-10-17 10:21:15,4.16,24600,4.15,U
sz000100,TCL科技,2025-10-17 10:21:24,4.16,32400,4.15,U
sz000100,TCL科技,2025-10-17 10:21:30,4.15,110400,4.15,D
sz000100,TCL科技,2025-10-17 10:21:33,4.15,38100,4.15,D
sz000100,TCL科技,2025-10-17 10:21:39,4.16,59300,4.15,U
sz000100,TCL科技,2025-10-17 10:21:42,4.16,109500,4.16,U
sz000100,TCL科技,2025-10-17 10:21:45,4.16,23100,4.16,U
sz000100,TCL科技,2025-10-17 10:21:48,4.15,27900,4.16,D
sz000100,TCL科技,2025-10-17 10:21:54,4.15,37800,4.16,D
sz000100,TCL科技,2025-10-17 10:21:57,4.16,199600,4.15,U
sz000100,TCL科技,2025-10-17 10:22:06,4.15,108700,4.16,D
sz000100,TCL科技,2025-10-17 10:22:18,4.16,29700,4.16,U
sz000100,TCL科技,2025-10-17 10:22:21,4.16,36000,4.16,U
sz000100,TCL科技,2025-10-17 10:22:27,4.15,495570,4.15,D
sz000100,TCL科技,2025-10-17 10:22:30,4.15,84300,4.15,D
sz000100,TCL科技,2025-10-17 10:22:42,4.16,29500,4.16,U
sz000100,TCL科技,2025-10-17 10:22:45,4.16,72100,4.16,U
sz000100,TCL科技,2025-10-17 10:22:51,4.15,23100,4.16,D
sz000100,TCL科技,2025-10-17 10:22:57,4.16,75900,4.15,U
sz000100,TCL科技,2025-10-17 10:23:00,4.16,30800,4.16,U
sz000100,TCL科技,2025-10-17 10:23:06,4.16,161000,4.16,U
sz000100,TCL科技,2025-10-17 10:23:09,4.16,20800,4.16,U
sz000100,TCL科技,2025-10-17 10:23:12,4.15,49400,4.16,D
sz000100,TCL科技,2025-10-17 10:23:15,4.15,58000,4.15,D
sz000100,TCL科技,2025-10-17 10:23:24,4.15,38600,4.16,D
sz000100,TCL科技,2025-10-17 10:23:27,4.15,73600,4.15,D
sz000100,TCL科技,2025-10-17 10:23:30,4.16,21900,4.15,U
sz000100,TCL科技,2025-10-17 10:23:33,4.15,113000,4.16,D
sz000100,TCL科技,2025-10-17 10:23:39,4.15,206800,4.15,D
sz000100,TCL科技,2025-10-17 10:23:51,4.16,53700,4.16,U
sz000100,TCL科技,2025-10-17 10:23:54,4.16,48760,4.16,U
sz000100,TCL科技,2025-10-17 10:23:57,4.16,22800,4.16,U
sz000100,TCL科技,2025-10-17 10:24:00,4.15,33600,4.16,D
sz000100,TCL科技,2025-10-17 10:24:03,4.15,114700,4.15,D
sz000100,TCL科技,2025-10-17 10:24:06,4.15,68200,4.15,D
sz000100,TCL科技,2025-10-17 10:24:09,4.16,22400,4.15,U
sz000100,TCL科技,2025-10-17 10:24:27,4.15,40800,4.15,D
sz000100,TCL科技,2025-10-17 10:24:33,4.15,30600,4.16,D
sz000100,TCL科技,2025-10-17 10:24:36,4.16,24000,4.15,U
sz000100,TCL科技,2025-10-17 10:24:39,4.15,91000,4.16,D
sz000100,TCL科技,2025-10-17 10:24:48,4.15,37700,4.16,D
sz000100,TCL科技,2025-10-17 10:24:51,4.15,30000,4.15,D
sz000100,TCL科技,2025-10-17 10:24:54,4.16,134400,4.15,U
sz000100,TCL科技,2025-10-17 10:24:57,4.15,74100,4.16,D
sz000100,TCL科技,2025-10-17 10:25:00,4.15,41200,4.15,D
sz000100,TCL科技,2025-10-17 10:25:06,4.15,37700,4.15,D
sz000100,TCL科技,2025-10-17 10:25:09,4.15,38600,4.15,D
sz000100,TCL科技,2025-10-17 10:25:12,4.16,28700,4.15,U
sz000100,TCL科技,2025-10-17 10:25:15,4.15,32100,4.16,D
sz000100,TCL科技,2025-10-17 10:25:18,4.16,36600,4.15,U
sz000100,TCL科技,2025-10-17 10:25:30,4.15,51500,4.16,D
sz000100,TCL科技,2025-10-17 10:25:36,4.15,98730,4.16,D
sz000100,TCL科技,2025-10-17 10:25:39,4.16,23200,4.15,U
sz000100,TCL科技,2025-10-17 10:25:42,4.16,40600,4.16,U
sz000100,TCL科技,2025-10-17 10:25:45,4.16,64400,4.16,U
sz000100,TCL科技,2025-10-17 10:25:51,4.15,31000,4.16,D
sz000100,TCL科技,2025-10-17 10:26:00,4.16,34100,4.16,U
sz000100,TCL科技,2025-10-17 10:26:03,4.15,71800,4.16,D
sz000100,TCL科技,2025-10-17 10:26:09,4.16,29400,4.16,U
sz000100,TCL科技,2025-10-17 10:26:12,4.15,61800,4.16,D
sz000100,TCL科技,2025-10-17 10:26:18,4.15,72100,4.16,D
sz000100,TCL科技,2025-10-17 10:26:21,4.15,33700,4.15,D
sz000100,TCL科技,2025-10-17 10:26:24,4.16,24700,4.15,U
sz000100,TCL科技,2025-10-17 10:26:27,4.16,30000,4.16,U
sz000100,TCL科技,2025-10-17 10:26:30,4.15,20900,4.16,D
sz000100,TCL科技,2025-10-17 10:26:36,4.16,57500,4.15,U
sz000100,TCL科技,2025-10-17 10:26:54,4.15,244500,4.15,D
sz000100,TCL科技,2025-10-17 10:27:00,4.16,45100,4.16,U
sz000100,TCL科技,2025-10-17 10:27:06,4.15,43300,4.16,D
sz000100,TCL科技,2025-10-17 10:27:09,4.15,48200,4.15,D
sz000100,TCL科技,2025-10-17 10:27:15,4.16,37000,4.16,U
sz000100,TCL科技,2025-10-17 10:27:21,4.16,58200,4.15,U
sz000100,TCL科技,2025-10-17 10:27:24,4.16,142800,4.16,U
sz000100,TCL科技,2025-10-17 10:27:27,4.16,263900,4.16,U
sz000100,TCL科技,2025-10-17 10:27:30,4.16,449470,4.16,U
sz000100,TCL科技,2025-10-17 10:27:33,4.16,42700,4.16,U
sz000100,TCL科技,2025-10-17 10:27:36,4.15,261400,4.16,D
sz000100,TCL科技,2025-10-17 10:27:39,4.16,77000,4.15,U
sz000100,TCL科技,2025-10-17 10:27:42,4.15,27300,4.16,D
sz000100,TCL科技,2025-10-17 10:27:45,4.15,30300,4.15,D
sz000100,TCL科技,2025-10-17 10:27:48,4.16,30000,4.15,U
sz000100,TCL科技,2025-10-17 10:27:51,4.16,34700,4.16,U
sz000100,TCL科技,2025-10-17 10:27:54,4.16,26100,4.16,U
sz000100,TCL科技,2025-10-17 10:27:57,4.16,28400,4.16,U
sz000100,TCL科技,2025-10-17 10:28:00,4.15,154300,4.16,D
sz000100,TCL科技,2025-10-17 10:28:03,4.16,58900,4.15,U
sz000100,TCL科技,2025-10-17 10:28:09,4.16,87000,4.15,U
sz000100,TCL科技,2025-10-17 10:28:12,4.15,56700,4.16,D
sz000100,TCL科技,2025-10-17 10:28:15,4.16,41400,4.15,U
sz000100,TCL科技,2025-10-17 10:28:18,4.16,34000,4.16,U
sz000100,TCL科技,2025-10-17 10:28:21,4.16,290200,4.16,U
sz000100,TCL科技,2025-10-17 10:28:24,4.16,10152060,4.16,U
sz000100,TCL科技,2025-10-17 10:28:27,4.16,247800,4.16,D
sz000100,TCL科技,2025-10-17 10:28:30,4.16,20200,4.16,D
sz000100,TCL科技,2025-10-17 10:28:33,4.16,26400,4.16,D
sz000100,TCL科技,2025-10-17 10:29:00,4.17,62700,4.17,U
sz000100,TCL科技,2025-10-17 10:29:03,4.16,27500,4.17,D
sz000100,TCL科技,2025-10-17 10:29:12,4.17,22700,4.17,U
sz000100,TCL科技,2025-10-17 10:29:21,4.17,49600,4.17,U
sz000100,TCL科技,2025-10-17 10:29:24,4.16,33900,4.17,D
sz000100,TCL科技,2025-10-17 10:29:30,4.16,2231000,4.17,D
sz000100,TCL科技,2025-10-17 10:29:33,4.16,315100,4.16,D
sz000100,TCL科技,2025-10-17 10:29:36,4.16,230000,4.16,D
sz000100,TCL科技,2025-10-17 10:29:39,4.16,105600,4.16,D
sz000100,TCL科技,2025-10-17 10:29:42,4.16,1557100,4.16,D
sz000100,TCL科技,2025-10-17 10:29:45,4.16,90300,4.16,U
sz000100,TCL科技,2025-10-17 10:29:48,4.16,49300,4.16,U
sz000100,TCL科技,2025-10-17 10:29:51,4.16,40100,4.16,U
sz000100,TCL科技,2025-10-17 10:30:00,4.15,33500,4.16,D
sz000100,TCL科技,2025-10-17 10:30:03,4.16,97000,4.15,U
sz000100,TCL科技,2025-10-17 10:30:06,4.16,66600,4.16,U
sz000100,TCL科技,2025-10-17 10:30:09,4.16,92400,4.16,U
sz000100,TCL科技,2025-10-17 10:30:12,4.16,33500,4.16,U
sz000100,TCL科技,2025-10-17 10:30:15,4.16,28300,4.16,U
sz000100,TCL科技,2025-10-17 10:30:21,4.16,117200,4.16,U
sz000100,TCL科技,2025-10-17 10:30:27,4.16,38800,4.16,U
sz000100,TCL科技,2025-10-17 10:30:30,4.15,32700,4.16,D
sz000100,TCL科技,2025-10-17 10:30:33,4.16,112200,4.15,U
sz000100,TCL科技,2025-10-17 10:30:36,4.15,22200,4.16,D
sz000100,TCL科技,2025-10-17 10:30:39,4.16,43500,4.15,U
sz000100,TCL科技,2025-10-17 10:30:42,4.16,21100,4.16,U
sz000100,TCL科技,2025-10-17 10:30:45,4.16,42400,4.16,U
sz000100,TCL科技,2025-10-17 10:30:48,4.16,105400,4.16,U
sz000100,TCL科技,2025-10-17 10:30:51,4.15,126700,4.16,D
sz000100,TCL科技,2025-10-17 10:30:54,4.15,31200,4.15,D
sz000100,TCL科技,2025-10-17 10:31:03,4.16,36000,4.16,U
sz000100,TCL科技,2025-10-17 10:31:06,4.16,68600,4.16,U
sz000100,TCL科技,2025-10-17 10:31:09,4.16,31500,4.16,U
sz000100,TCL科技,2025-10-17 10:31:12,4.15,20800,4.16,D
sz000100,TCL科技,2025-10-17 10:31:15,4.16,24400,4.15,U
sz000100,TCL科技,2025-10-17 10:31:18,4.15,47600,4.16,D
sz000100,TCL科技,2025-10-17 10:31:30,4.16,25600,4.16,U
sz000100,TCL科技,2025-10-17 10:31:33,4.16,143200,4.16,U
sz000100,TCL科技,2025-10-17 10:31:36,4.16,36100,4.16,U
sz000100,TCL科技,2025-10-17 10:31:39,4.16,64600,4.16,U
sz000100,TCL科技,2025-10-17 10:31:42,4.16,38100,4.16,U
sz000100,TCL科技,2025-10-17 10:31:45,4.16,89100,4.16,U
sz000100,TCL科技,2025-10-17 10:31:48,4.16,42500,4.16,U
sz000100,TCL科技,2025-10-17 10:31:54,4.16,68800,4.16,U
sz000100,TCL科技,2025-10-17 10:31:57,4.16,24700,4.16,U
sz000100,TCL科技,2025-10-17 10:32:00,4.16,35100,4.16,U
sz000100,TCL科技,2025-10-17 10:32:09,4.16,111300,4.15,U
sz000100,TCL科技,2025-10-17 10:32:12,4.15,74700,4.16,D
sz000100,TCL科技,2025-10-17 10:32:15,4.16,21000,4.15,U
sz000100,TCL科技,2025-10-17 10:32:18,4.16,33600,4.16,U
sz000100,TCL科技,2025-10-17 10:32:21,4.15,52400,4.16,D
sz000100,TCL科技,2025-10-17 10:32:27,4.15,36100,4.16,D
sz000100,TCL科技,2025-10-17 10:32:30,4.16,63400,4.15,U
sz000100,TCL科技,2025-10-17 10:32:33,4.16,35800,4.16,U
sz000100,TCL科技,2025-10-17 10:32:36,4.15,32300,4.16,D
sz000100,TCL科技,2025-10-17 10:32:39,4.15,46200,4.15,D
sz000100,TCL科技,2025-10-17 10:32:42,4.16,25200,4.15,U
sz000100,TCL科技,2025-10-17 10:32:51,4.16,88800,4.16,U
sz000100,TCL科技,2025-10-17 10:32:54,4.16,93000,4.16,U
sz000100,TCL科技,2025-10-17 10:32:57,4.16,44300,4.16,U
sz000100,TCL科技,2025-10-17 10:33:03,4.16,52600,4.16,U
sz000100,TCL科技,2025-10-17 10:33:06,4.16,101800,4.16,U
sz000100,TCL科技,2025-10-17 10:33:09,4.16,118800,4.16,U
sz000100,TCL科技,2025-10-17 10:33:12,4.16,29300,4.16,U
sz000100,TCL科技,2025-10-17 10:33:15,4.15,56800,4.16,D
sz000100,TCL科技,2025-10-17 10:33:18,4.16,146000,4.15,U
sz000100,TCL科技,2025-10-17 10:33:21,4.16,25600,4.16,U
sz000100,TCL科技,2025-10-17 10:33:24,4.16,201200,4.16,U
sz000100,TCL科技,2025-10-17 10:33:27,4.16,35500,4.16,U
sz000100,TCL科技,2025-10-17 10:33:30,4.16,304200,4.16,U
sz000100,TCL科技,2025-10-17 10:33:33,4.15,48600,4.16,D
sz000100,TCL科技,2025-10-17 10:33:36,4.15,150200,4.15,D
sz000100,TCL科技,2025-10-17 10:33:39,4.16,57300,4.15,U
sz000100,TCL科技,2025-10-17 10:33:42,4.16,58800,4.16,U
sz000100,TCL科技,2025-10-17 10:33:45,4.16,27500,4.16,U
sz000100,TCL科技,2025-10-17 10:33:48,4.16,26700,4.16,U
sz000100,TCL科技,2025-10-17 10:33:51,4.16,49200,4.16,U
sz000100,TCL科技,2025-10-17 10:34:00,4.16,72700,4.16,U
sz000100,TCL科技,2025-10-17 10:34:03,4.16,49000,4.16,U
sz000100,TCL科技,2025-10-17 10:34:06,4.16,71500,4.16,U
sz000100,TCL科技,2025-10-17 10:34:09,4.16,63100,4.16,U
sz000100,TCL科技,2025-10-17 10:34:12,4.16,49600,4.16,U
sz000100,TCL科技,2025-10-17 10:34:15,4.16,30600,4.16,U
sz000100,TCL科技,2025-10-17 10:34:18,4.16,339800,4.16,U
sz000100,TCL科技,2025-10-17 10:34:21,4.16,45300,4.16,U
sz000100,TCL科技,2025-10-17 10:34:24,4.16,93060,4.16,U
sz000100,TCL科技,2025-10-17 10:34:27,4.16,52400,4.16,U
sz000100,TCL科技,2025-10-17 10:34:30,4.16,177200,4.16,U
sz000100,TCL科技,2025-10-17 10:34:33,4.16,390800,4.16,U
sz000100,TCL科技,2025-10-17 10:34:36,4.16,77500,4.16,U
sz000100,TCL科技,2025-10-17 10:34:39,4.16,167900,4.16,U
sz000100,TCL科技,2025-10-17 10:34:42,4.16,131400,4.16,U
sz000100,TCL科技,2025-10-17 10:34:45,4.16,131850,4.16,U
sz000100,TCL科技,2025-10-17 10:34:48,4.16,69800,4.16,U
sz000100,TCL科技,2025-10-17 10:34:51,4.16,222100,4.16,U
sz000100,TCL科技,2025-10-17 10:34:54,4.16,2058960,4.16,U
sz000100,TCL科技,2025-10-17 10:34:57,4.16,31900,4.16,D
sz000100,TCL科技,2025-10-17 10:35:30,4.17,158100,4.16,U
sz000100,TCL科技,2025-10-17 10:35:33,4.16,49500,4.17,D
sz000100,TCL科技,2025-10-17 10:35:39,4.17,76800,4.16,U
sz000100,TCL科技,2025-10-17 10:35:42,4.16,32700,4.17,D
sz000100,TCL科技,2025-10-17 10:35:51,4.17,504400,4.16,U
sz000100,TCL科技,2025-10-17 10:36:00,4.16,111500,4.17,D
sz000100,TCL科技,2025-10-17 10:36:03,4.16,20600,4.16,D
sz000100,TCL科技,2025-10-17 10:36:09,4.17,21400,4.16,U
sz000100,TCL科技,2025-10-17 10:36:12,4.16,500100,4.17,D
sz000100,TCL科技,2025-10-17 10:36:15,4.16,23700,4.16,D
sz000100,TCL科技,2025-10-17 10:36:21,4.17,22900,4.16,U
sz000100,TCL科技,2025-10-17 10:36:30,4.16,45600,4.17,D
sz000100,TCL科技,2025-10-17 10:36:42,4.16,516400,4.17,D
sz000100,TCL科技,2025-10-17 10:36:51,4.16,49700,4.16,D
sz000100,TCL科技,2025-10-17 10:37:06,4.16,1027900,4.16,D
sz000100,TCL科技,2025-10-17 10:37:30,4.16,1048000,4.16,D
sz000100,TCL科技,2025-10-17 10:37:36,4.16,24700,4.16,D
sz000100,TCL科技,2025-10-17 10:37:42,4.16,22400,4.16,D
sz000100,TCL科技,2025-10-17 10:37:45,4.16,53800,4.16,D
sz000100,TCL科技,2025-10-17 10:37:48,4.16,1069200,4.16,D
sz000100,TCL科技,2025-10-17 10:37:51,4.16,626500,4.16,D
sz000100,TCL科技,2025-10-17 10:37:54,4.16,328500,4.16,D
sz000100,TCL科技,2025-10-17 10:37:57,4.16,41340,4.16,D
sz000100,TCL科技,2025-10-17 10:38:03,4.16,37000,4.16,U
sz000100,TCL科技,2025-10-17 10:38:06,4.16,34300,4.16,U
sz000100,TCL科技,2025-10-17 10:38:09,4.16,23700,4.16,U
sz000100,TCL科技,2025-10-17 10:38:12,4.16,68400,4.16,U
sz000100,TCL科技,2025-10-17 10:38:15,4.16,28200,4.16,U
sz000100,TCL科技,2025-10-17 10:38:36,4.16,101700,4.16,U
sz000100,TCL科技,2025-10-17 10:38:42,4.15,28300,4.16,D
sz000100,TCL科技,2025-10-17 10:38:54,4.16,57000,4.16,U
sz000100,TCL科技,2025-10-17 10:39:03,4.16,60600,4.15,U
sz000100,TCL科技,2025-10-17 10:39:15,4.16,42800,4.16,U
sz000100,TCL科技,2025-10-17 10:39:18,4.15,27000,4.16,D
sz000100,TCL科技,2025-10-17 10:39:24,4.15,55600,4.16,D
sz000100,TCL科技,2025-10-17 10:39:45,4.16,30300,4.16,U
sz000100,TCL科技,2025-10-17 10:39:48,4.16,29100,4.16,U
sz000100,TCL科技,2025-10-17 10:39:51,4.16,127200,4.16,U
sz000100,TCL科技,2025-10-17 10:39:54,4.16,50700,4.16,U
sz000100,TCL科技,2025-10-17 10:40:00,4.16,395600,4.16,U
sz000100,TCL科技,2025-10-17 10:40:03,4.16,1878600,4.16,U
sz000100,TCL科技,2025-10-17 10:40:06,4.16,571740,4.16,U
sz000100,TCL科技,2025-10-17 10:40:09,4.16,20100,4.16,D
sz000100,TCL科技,2025-10-17 10:40:18,4.17,25900,4.16,U
sz000100,TCL科技,2025-10-17 10:40:54,4.16,45900,4.16,D
sz000100,TCL科技,2025-10-17 10:41:00,4.17,33400,4.17,U
sz000100,TCL科技,2025-10-17 10:41:12,4.17,41200,4.16,U
sz000100,TCL科技,2025-10-17 10:41:30,4.17,71700,4.17,U
sz000100,TCL科技,2025-10-17 10:41:33,4.16,38100,4.17,D
sz000100,TCL科技,2025-10-17 10:41:57,4.17,286900,4.17,U
sz000100,TCL科技,2025-10-17 10:42:03,4.16,30500,4.17,D
sz000100,TCL科技,2025-10-17 10:42:21,4.16,38100,4.16,D
sz000100,TCL科技,2025-10-17 10:42:33,4.16,157300,4.17,D
sz000100,TCL科技,2025-10-17 10:43:06,4.16,517600,4.16,D
sz000100,TCL科技,2025-10-17 10:43:09,4.16,48500,4.16,D
sz000100,TCL科技,2025-10-17 10:43:12,4.16,198580,4.16,D
sz000100,TCL科技,2025-10-17 10:43:21,4.16,305600,4.16,D
sz000100,TCL科技,2025-10-17 10:43:24,4.16,25900,4.16,D
sz000100,TCL科技,2025-10-17 10:43:30,4.16,140900,4.16,D
sz000100,TCL科技,2025-10-17 10:43:36,4.16,24000,4.16,D
sz000100,TCL科技,2025-10-17 10:43:48,4.16,58000,4.16,D
sz000100,TCL科技,2025-10-17 10:43:51,4.17,41800,4.16,U
sz000100,TCL科技,2025-10-17 10:43:54,4.16,251100,4.17,D
sz000100,TCL科技,2025-10-17 10:43:57,4.16,28200,4.16,D
sz000100,TCL科技,2025-10-17 10:44:00,4.16,37200,4.16,D
sz000100,TCL科技,2025-10-17 10:44:06,4.16,21500,4.16,D
sz000100,TCL科技,2025-10-17 10:44:09,4.16,20300,4.16,D
sz000100,TCL科技,2025-10-17 10:44:18,4.16,49300,4.16,D
sz000100,TCL科技,2025-10-17 10:44:30,4.16,60400,4.16,D
sz000100,TCL科技,2025-10-17 10:44:39,4.16,37200,4.16,D
sz000100,TCL科技,2025-10-17 10:44:51,4.16,111000,4.16,D
sz000100,TCL科技,2025-10-17 10:44:57,4.16,20300,4.16,D
sz000100,TCL科技,2025-10-17 10:45:00,4.16,59100,4.16,D
sz000100,TCL科技,2025-10-17 10:45:09,4.17,84500,4.16,U
sz000100,TCL科技,2025-10-17 10:45:18,4.16,43780,4.16,D
sz000100,TCL科技,2025-10-17 10:45:21,4.16,56400,4.16,D
sz000100,TCL科技,2025-10-17 10:45:30,4.16,124700,4.16,D
sz000100,TCL科技,2025-10-17 10:45:39,4.16,264300,4.17,D
sz000100,TCL科技,2025-10-17 10:45:42,4.16,679200,4.16,D
sz000100,TCL科技,2025-10-17 10:45:45,4.16,155300,4.16,D
sz000100,TCL科技,2025-10-17 10:45:48,4.17,436700,4.16,U
sz000100,TCL科技,2025-10-17 10:45:51,4.16,839700,4.17,D
sz000100,TCL科技,2025-10-17 10:46:33,4.15,71800,4.15,D
sz000100,TCL科技,2025-10-17 10:46:36,4.16,26000,4.15,U
sz000100,TCL科技,2025-10-17 10:46:45,4.15,27700,4.16,D
sz000100,TCL科技,2025-10-17 10:47:18,4.16,24800,4.15,U
sz000100,TCL科技,2025-10-17 10:47:27,4.15,103900,4.16,D
sz000100,TCL科技,2025-10-17 10:47:33,4.16,23300,4.16,U
sz000100,TCL科技,2025-10-17 10:47:36,4.16,31200,4.16,U
sz000100,TCL科技,2025-10-17 10:47:39,4.16,605000,4.16,U
sz000100,TCL科技,2025-10-17 10:47:51,4.16,48700,4.16,U
sz000100,TCL科技,2025-10-17 10:47:54,4.16,20030,4.16,U
sz000100,TCL科技,2025-10-17 10:48:06,4.15,35400,4.16,D
sz000100,TCL科技,2025-10-17 10:48:12,4.15,319100,4.16,D
sz000100,TCL科技,2025-10-17 10:48:21,4.15,73300,4.16,D
sz000100,TCL科技,2025-10-17 10:48:24,4.15,25100,4.15,D
sz000100,TCL科技,2025-10-17 10:48:27,4.15,58500,4.15,D
sz000100,TCL科技,2025-10-17 10:48:33,4.16,30300,4.16,U
sz000100,TCL科技,2025-10-17 10:48:42,4.15,29800,4.15,D
sz000100,TCL科技,2025-10-17 10:48:48,4.16,20300,4.16,U
sz000100,TCL科技,2025-10-17 10:49:24,4.16,20700,4.15,U
sz000100,TCL科技,2025-10-17 10:49:27,4.16,25300,4.16,U
sz000100,TCL科技,2025-10-17 10:49:51,4.16,21700,4.16,U
sz000100,TCL科技,2025-10-17 10:50:03,4.15,76200,4.16,D
sz000100,TCL科技,2025-10-17 10:50:09,4.16,45000,4.16,U
sz000100,TCL科技,2025-10-17 10:50:18,4.15,50300,4.15,D
sz000100,TCL科技,2025-10-17 10:50:21,4.16,28100,4.15,U
sz000100,TCL科技,2025-10-17 10:50:36,4.15,30200,4.16,D
sz000100,TCL科技,2025-10-17 10:50:45,4.15,46800,4.16,D
sz000100,TCL科技,2025-10-17 10:50:54,4.15,148800,4.16,D
sz000100,TCL科技,2025-10-17 10:51:03,4.15,39700,4.16,D
sz000100,TCL科技,2025-10-17 10:51:06,4.16,25300,4.15,U
sz000100,TCL科技,2025-10-17 10:51:21,4.15,30000,4.15,D
sz000100,TCL科技,2025-10-17 10:51:33,4.16,22800,4.15,U
sz000100,TCL科技,2025-10-17 10:52:00,4.15,34500,4.15,D
sz000100,TCL科技,2025-10-17 10:52:03,4.15,62100,4.15,D
sz000100,TCL科技,2025-10-17 10:52:15,4.15,80800,4.15,D
sz000100,TCL科技,2025-10-17 10:52:24,4.15,53400,4.16,D
sz000100,TCL科技,2025-10-17 10:52:30,4.16,32800,4.15,U
sz000100,TCL科技,2025-10-17 10:52:33,4.16,31200,4.16,U
sz000100,TCL科技,2025-10-17 10:53:00,4.16,30000,4.16,U
sz000100,TCL科技,2025-10-17 10:53:15,4.15,37800,4.16,D
sz000100,TCL科技,2025-10-17 10:53:36,4.15,23500,4.16,D
sz000100,TCL科技,2025-10-17 10:53:39,4.16,103400,4.15,U
sz000100,TCL科技,2025-10-17 10:53:45,4.15,36500,4.16,D
sz000100,TCL科技,2025-10-17 10:53:54,4.15,21400,4.15,D
sz000100,TCL科技,2025-10-17 10:53:57,4.15,40000,4.15,D
sz000100,TCL科技,2025-10-17 10:54:03,4.15,163700,4.15,D
sz000100,TCL科技,2025-10-17 10:54:06,4.16,35500,4.15,U
sz000100,TCL科技,2025-10-17 10:54:18,4.16,31400,4.15,U
sz000100,TCL科技,2025-10-17 10:54:27,4.15,26700,4.16,D
sz000100,TCL科技,2025-10-17 10:54:33,4.15,27000,4.16,D
sz000100,TCL科技,2025-10-17 10:54:36,4.16,40800,4.15,U
sz000100,TCL科技,2025-10-17 10:54:39,4.15,35800,4.16,D
sz000100,TCL科技,2025-10-17 10:54:42,4.16,38200,4.15,U
sz000100,TCL科技,2025-10-17 10:54:45,4.15,53300,4.16,D
sz000100,TCL科技,2025-10-17 10:54:48,4.15,58200,4.15,D
sz000100,TCL科技,2025-10-17 10:55:18,4.15,86600,4.16,D
sz000100,TCL科技,2025-10-17 10:55:21,4.16,74000,4.15,U
sz000100,TCL科技,2025-10-17 10:55:24,4.15,25100,4.16,D
sz000100,TCL科技,2025-10-17 10:55:30,4.15,29400,4.15,D
sz000100,TCL科技,2025-10-17 10:55:39,4.16,48200,4.15,U
sz000100,TCL科技,2025-10-17 10:55:42,4.15,21700,4.16,D
sz000100,TCL科技,2025-10-17 10:55:45,4.15,32900,4.15,D
sz000100,TCL科技,2025-10-17 10:55:51,4.16,27800,4.16,U
sz000100,TCL科技,2025-10-17 10:55:57,4.15,25800,4.15,D
sz000100,TCL科技,2025-10-17 10:56:21,4.16,21100,4.15,U
sz000100,TCL科技,2025-10-17 10:56:30,4.16,22400,4.16,U
sz000100,TCL科技,2025-10-17 10:56:33,4.16,30900,4.16,U
sz000100,TCL科技,2025-10-17 10:56:45,4.16,63200,4.16,U
sz000100,TCL科技,2025-10-17 10:56:48,4.15,57700,4.16,D
sz000100,TCL科技,2025-10-17 10:56:51,4.16,24500,4.15,U
sz000100,TCL科技,2025-10-17 10:56:54,4.16,22200,4.16,U
sz000100,TCL科技,2025-10-17 10:57:09,4.15,54700,4.15,D
sz000100,TCL科技,2025-10-17 10:57:12,4.15,22400,4.15,D
sz000100,TCL科技,2025-10-17 10:57:15,4.16,28600,4.15,U
sz000100,TCL科技,2025-10-17 10:57:36,4.16,31400,4.15,U
sz000100,TCL科技,2025-10-17 10:57:48,4.15,41800,4.15,D
sz000100,TCL科技,2025-10-17 10:57:54,4.15,20400,4.16,D
sz000100,TCL科技,2025-10-17 10:57:57,4.16,21300,4.15,U
sz000100,TCL科技,2025-10-17 10:58:03,4.16,46500,4.15,U
sz000100,TCL科技,2025-10-17 10:58:09,4.16,102000,4.16,U
sz000100,TCL科技,2025-10-17 10:58:12,4.15,26700,4.16,D
sz000100,TCL科技,2025-10-17 10:58:15,4.15,116900,4.15,D
sz000100,TCL科技,2025-10-17 10:58:21,4.16,29100,4.15,U
sz000100,TCL科技,2025-10-17 10:58:27,4.15,29500,4.16,D
sz000100,TCL科技,2025-10-17 10:58:39,4.15,51640,4.16,D
sz000100,TCL科技,2025-10-17 10:58:45,4.15,35600,4.16,D
sz000100,TCL科技,2025-10-17 10:58:48,4.16,100600,4.15,U
sz000100,TCL科技,2025-10-17 10:58:57,4.15,24100,4.15,D
sz000100,TCL科技,2025-10-17 10:59:39,4.16,34700,4.15,U
sz000100,TCL科技,2025-10-17 10:59:45,4.16,33300,4.15,U
sz000100,TCL科技,2025-10-17 10:59:51,4.16,54200,4.16,U
sz000100,TCL科技,2025-10-17 10:59:57,4.15,44700,4.15,D
sz000100,TCL科技,2025-10-17 11:00:21,4.16,111010,4.16,U
sz000100,TCL科技,2025-10-17 11:00:24,4.16,36500,4.16,U
sz000100,TCL科技,2025-10-17 11:00:33,4.16,270800,4.16,U
sz000100,TCL科技,2025-10-17 11:00:42,4.15,291300,4.16,D
sz000100,TCL科技,2025-10-17 11:00:54,4.15,61300,4.16,D
sz000100,TCL科技,2025-10-17 11:01:09,4.15,29600,4.16,D
sz000100,TCL科技,2025-10-17 11:01:21,4.15,61300,4.15,D
sz000100,TCL科技,2025-10-17 11:01:24,4.15,73600,4.15,D
sz000100,TCL科技,2025-10-17 11:01:27,4.15,168300,4.15,D
sz000100,TCL科技,2025-10-17 11:01:33,4.16,20700,4.16,U
sz000100,TCL科技,2025-10-17 11:01:42,4.16,20600,4.16,U
sz000100,TCL科技,2025-10-17 11:02:00,4.15,28800,4.16,D
sz000100,TCL科技,2025-10-17 11:02:03,4.15,110500,4.15,D
sz000100,TCL科技,2025-10-17 11:02:06,4.16,32600,4.15,U
sz000100,TCL科技,2025-10-17 11:02:15,4.15,44600,4.15,D
sz000100,TCL科技,2025-10-17 11:02:18,4.15,31300,4.15,D
sz000100,TCL科技,2025-10-17 11:02:21,4.15,21600,4.15,D
sz000100,TCL科技,2025-10-17 11:02:24,4.15,28800,4.15,D
sz000100,TCL科技,2025-10-17 11:02:30,4.16,35100,4.15,U
sz000100,TCL科技,2025-10-17 11:02:33,4.15,21300,4.16,D
sz000100,TCL科技,2025-10-17 11:02:54,4.16,22100,4.15,U
sz000100,TCL科技,2025-10-17 11:02:57,4.16,27000,4.16,U
sz000100,TCL科技,2025-10-17 11:03:00,4.15,621900,4.16,D
sz000100,TCL科技,2025-10-17 11:03:03,4.15,52200,4.15,D
sz000100,TCL科技,2025-10-17 11:03:06,4.15,72900,4.15,D
sz000100,TCL科技,2025-10-17 11:03:09,4.15,1188300,4.15,D
sz000100,TCL科技,2025-10-17 11:03:12,4.15,481300,4.15,D
sz000100,TCL科技,2025-10-17 11:03:15,4.15,384400,4.15,D
sz000100,TCL科技,2025-10-17 11:03:18,4.15,156600,4.15,D
sz000100,TCL科技,2025-10-17 11:03:21,4.15,45800,4.15,D
sz000100,TCL科技,2025-10-17 11:03:27,4.16,37600,4.16,U
sz000100,TCL科技,2025-10-17 11:03:57,4.15,75000,4.15,D
sz000100,TCL科技,2025-10-17 11:04:24,4.15,57400,4.16,D
sz000100,TCL科技,2025-10-17 11:04:30,4.15,41800,4.16,D
sz000100,TCL科技,2025-10-17 11:04:33,4.16,77200,4.15,U
sz000100,TCL科技,2025-10-17 11:04:36,4.15,45000,4.16,D
sz000100,TCL科技,2025-10-17 11:05:03,4.15,72900,4.15,D
sz000100,TCL科技,2025-10-17 11:05:06,4.15,1415900,4.15,D
sz000100,TCL科技,2025-10-17 11:05:09,4.15,600800,4.15,D
sz000100,TCL科技,2025-10-17 11:05:12,4.16,145600,4.15,U
sz000100,TCL科技,2025-10-17 11:05:15,4.15,165500,4.16,D
sz000100,TCL科技,2025-10-17 11:05:18,4.15,117400,4.15,D
sz000100,TCL科技,2025-10-17 11:05:21,4.15,106000,4.15,D
sz000100,TCL科技,2025-10-17 11:05:24,4.15,49000,4.15,D
sz000100,TCL科技,2025-10-17 11:05:27,4.15,78200,4.15,D
sz000100,TCL科技,2025-10-17 11:05:30,4.15,175000,4.15,D
sz000100,TCL科技,2025-10-17 11:05:33,4.15,93100,4.15,D
sz000100,TCL科技,2025-10-17 11:05:36,4.15,40100,4.15,D
sz000100,TCL科技,2025-10-17 11:05:39,4.15,23500,4.15,D
sz000100,TCL科技,2025-10-17 11:05:42,4.16,131200,4.15,U
sz000100,TCL科技,2025-10-17 11:05:45,4.15,129100,4.16,D
sz000100,TCL科技,2025-10-17 11:05:48,4.16,24000,4.15,U
sz000100,TCL科技,2025-10-17 11:05:54,4.15,21300,4.16,D
sz000100,TCL科技,2025-10-17 11:06:06,4.15,122900,4.15,D
sz000100,TCL科技,2025-10-17 11:06:09,4.15,32100,4.15,D
sz000100,TCL科技,2025-10-17 11:06:12,4.15,21300,4.15,D
sz000100,TCL科技,2025-10-17 11:06:15,4.15,24400,4.15,D
sz000100,TCL科技,2025-10-17 11:06:21,4.15,68900,4.15,D
sz000100,TCL科技,2025-10-17 11:06:30,4.15,60610,4.15,D
sz000100,TCL科技,2025-10-17 11:06:33,4.15,345400,4.15,D
sz000100,TCL科技,2025-10-17 11:06:36,4.15,54700,4.15,D
sz000100,TCL科技,2025-10-17 11:06:39,4.15,38600,4.15,D
sz000100,TCL科技,2025-10-17 11:06:42,4.15,117200,4.15,D
sz000100,TCL科技,2025-10-17 11:06:45,4.15,256800,4.15,D
sz000100,TCL科技,2025-10-17 11:06:51,4.16,46500,4.15,U
sz000100,TCL科技,2025-10-17 11:07:06,4.15,43600,4.15,D
sz000100,TCL科技,2025-10-17 11:07:12,4.15,81400,4.16,D
sz000100,TCL科技,2025-10-17 11:07:15,4.15,535800,4.15,D
sz000100,TCL科技,2025-10-17 11:07:18,4.15,128300,4.15,D
sz000100,TCL科技,2025-10-17 11:07:24,4.15,78600,4.15,D
sz000100,TCL科技,2025-10-17 11:07:27,4.15,202800,4.15,D
sz000100,TCL科技,2025-10-17 11:07:30,4.15,29600,4.15,D
sz000100,TCL科技,2025-10-17 11:07:33,4.15,71300,4.15,D
sz000100,TCL科技,2025-10-17 11:07:36,4.15,151100,4.15,D
sz000100,TCL科技,2025-10-17 11:07:39,4.16,26400,4.15,U
sz000100,TCL科技,2025-10-17 11:07:42,4.15,30600,4.16,D
sz000100,TCL科技,2025-10-17 11:07:48,4.15,74600,4.16,D
sz000100,TCL科技,2025-10-17 11:07:51,4.15,55700,4.15,D
sz000100,TCL科技,2025-10-17 11:08:00,4.15,62200,4.15,D
sz000100,TCL科技,2025-10-17 11:08:06,4.15,71900,4.15,D
sz000100,TCL科技,2025-10-17 11:08:09,4.16,48600,4.15,U
sz000100,TCL科技,2025-10-17 11:08:12,4.15,35600,4.16,D
sz000100,TCL科技,2025-10-17 11:08:21,4.15,167100,4.15,D
sz000100,TCL科技,2025-10-17 11:08:24,4.15,39400,4.15,D
sz000100,TCL科技,2025-10-17 11:08:36,4.15,28700,4.16,D
sz000100,TCL科技,2025-10-17 11:08:39,4.15,32800,4.15,D
sz000100,TCL科技,2025-10-17 11:08:42,4.15,32100,4.15,D
sz000100,TCL科技,2025-10-17 11:08:48,4.15,88300,4.16,D
sz000100,TCL科技,2025-10-17 11:08:51,4.15,20900,4.15,D
sz000100,TCL科技,2025-10-17 11:08:54,4.16,22100,4.15,U
sz000100,TCL科技,2025-10-17 11:08:57,4.16,38700,4.16,U
sz000100,TCL科技,2025-10-17 11:09:03,4.15,173500,4.15,D
sz000100,TCL科技,2025-10-17 11:09:06,4.15,28200,4.15,D
sz000100,TCL科技,2025-10-17 11:09:15,4.16,59000,4.15,U
sz000100,TCL科技,2025-10-17 11:09:18,4.15,573600,4.16,D
sz000100,TCL科技,2025-10-17 11:09:21,4.16,28300,4.15,U
sz000100,TCL科技,2025-10-17 11:09:27,4.15,68800,4.15,D
sz000100,TCL科技,2025-10-17 11:09:30,4.16,274500,4.15,U
sz000100,TCL科技,2025-10-17 11:09:33,4.15,610600,4.16,D
sz000100,TCL科技,2025-10-17 11:09:36,4.15,181700,4.15,D
sz000100,TCL科技,2025-10-17 11:09:42,4.15,79600,4.15,D
sz000100,TCL科技,2025-10-17 11:09:45,4.16,61100,4.15,U
sz000100,TCL科技,2025-10-17 11:09:48,4.15,570400,4.16,D
sz000100,TCL科技,2025-10-17 11:09:51,4.15,982300,4.15,D
sz000100,TCL科技,2025-10-17 11:09:54,4.15,1322500,4.15,D
sz000100,TCL科技,2025-10-17 11:09:57,4.14,5888424,4.15,D
sz000100,TCL科技,2025-10-17 11:10:00,4.14,86200,4.14,D
sz000100,TCL科技,2025-10-17 11:10:03,4.14,32700,4.14,D
sz000100,TCL科技,2025-10-17 11:10:06,4.14,45600,4.14,D
sz000100,TCL科技,2025-10-17 11:10:18,4.14,25000,4.15,D
sz000100,TCL科技,2025-10-17 11:10:21,4.14,24800,4.14,D
sz000100,TCL科技,2025-10-17 11:10:27,4.14,28600,4.15,D
sz000100,TCL科技,2025-10-17 11:10:30,4.15,35000,4.14,U
sz000100,TCL科技,2025-10-17 11:10:45,4.14,48900,4.15,D
sz000100,TCL科技,2025-10-17 11:10:48,4.15,253200,4.14,U
sz000100,TCL科技,2025-10-17 11:10:54,4.14,45300,4.14,D
sz000100,TCL科技,2025-10-17 11:11:03,4.14,37400,4.15,D
sz000100,TCL科技,2025-10-17 11:11:06,4.15,57000,4.14,U
sz000100,TCL科技,2025-10-17 11:11:09,4.15,35000,4.15,U
sz000100,TCL科技,2025-10-17 11:11:12,4.14,43600,4.15,D
sz000100,TCL科技,2025-10-17 11:11:24,4.14,39200,4.15,D
sz000100,TCL科技,2025-10-17 11:11:33,4.15,31300,4.14,U
sz000100,TCL科技,2025-10-17 11:11:39,4.14,28200,4.15,D
sz000100,TCL科技,2025-10-17 11:11:42,4.14,87700,4.14,D
sz000100,TCL科技,2025-10-17 11:11:45,4.14,382200,4.14,D
sz000100,TCL科技,2025-10-17 11:11:48,4.14,46100,4.14,D
sz000100,TCL科技,2025-10-17 11:11:54,4.14,109300,4.14,D
sz000100,TCL科技,2025-10-17 11:12:00,4.14,28800,4.14,D
sz000100,TCL科技,2025-10-17 11:12:03,4.15,26900,4.14,U
sz000100,TCL科技,2025-10-17 11:12:12,4.15,44800,4.15,U
sz000100,TCL科技,2025-10-17 11:12:15,4.14,44700,4.15,D
sz000100,TCL科技,2025-10-17 11:12:24,4.14,24200,4.15,D
sz000100,TCL科技,2025-10-17 11:12:27,4.14,110500,4.14,D
sz000100,TCL科技,2025-10-17 11:12:42,4.15,43800,4.14,U
sz000100,TCL科技,2025-10-17 11:12:45,4.15,28200,4.15,U
sz000100,TCL科技,2025-10-17 11:12:51,4.15,95400,4.15,U
sz000100,TCL科技,2025-10-17 11:13:06,4.15,34000,4.14,U
sz000100,TCL科技,2025-10-17 11:13:15,4.14,118300,4.15,D
sz000100,TCL科技,2025-10-17 11:13:21,4.14,255100,4.15,D
sz000100,TCL科技,2025-10-17 11:13:36,4.14,248700,4.14,D
sz000100,TCL科技,2025-10-17 11:13:42,4.14,166850,4.14,D
sz000100,TCL科技,2025-10-17 11:13:48,4.14,80900,4.14,D
sz000100,TCL科技,2025-10-17 11:13:51,4.14,63100,4.14,D
sz000100,TCL科技,2025-10-17 11:13:54,4.15,31200,4.14,U
sz000100,TCL科技,2025-10-17 11:13:57,4.14,51200,4.15,D
sz000100,TCL科技,2025-10-17 11:14:00,4.14,38300,4.14,D
sz000100,TCL科技,2025-10-17 11:14:03,4.15,33100,4.14,U
sz000100,TCL科技,2025-10-17 11:14:06,4.15,50200,4.15,U
sz000100,TCL科技,2025-10-17 11:14:09,4.14,224900,4.15,D
sz000100,TCL科技,2025-10-17 11:14:12,4.15,1018600,4.14,U
sz000100,TCL科技,2025-10-17 11:14:36,4.14,1006100,4.15,D
sz000100,TCL科技,2025-10-17 11:14:39,4.14,64200,4.14,D
sz000100,TCL科技,2025-10-17 11:14:48,4.15,33900,4.15,U
sz000100,TCL科技,2025-10-17 11:14:54,4.14,529500,4.14,D
sz000100,TCL科技,2025-10-17 11:14:57,4.15,51500,4.14,U
sz000100,TCL科技,2025-10-17 11:15:00,4.14,261900,4.15,D
sz000100,TCL科技,2025-10-17 11:15:03,4.14,39100,4.14,D
sz000100,TCL科技,2025-10-17 11:15:09,4.14,38300,4.15,D
sz000100,TCL科技,2025-10-17 11:15:12,4.14,238300,4.14,D
sz000100,TCL科技,2025-10-17 11:15:15,4.14,56100,4.14,D
sz000100,TCL科技,2025-10-17 11:15:18,4.15,27200,4.14,U
sz000100,TCL科技,2025-10-17 11:15:45,4.15,39600,4.15,U
sz000100,TCL科技,2025-10-17 11:15:57,4.14,50000,4.15,D
sz000100,TCL科技,2025-10-17 11:16:00,4.14,109500,4.14,D
sz000100,TCL科技,2025-10-17 11:16:03,4.15,95700,4.14,U
sz000100,TCL科技,2025-10-17 11:16:24,4.14,20930,4.14,D
sz000100,TCL科技,2025-10-17 11:16:27,4.14,30900,4.14,D
sz000100,TCL科技,2025-10-17 11:16:33,4.14,52500,4.14,D
sz000100,TCL科技,2025-10-17 11:16:42,4.14,28500,4.14,D
sz000100,TCL科技,2025-10-17 11:16:45,4.14,29600,4.14,D
sz000100,TCL科技,2025-10-17 11:16:51,4.14,77700,4.15,D
sz000100,TCL科技,2025-10-17 11:16:54,4.14,28300,4.14,D
sz000100,TCL科技,2025-10-17 11:17:06,4.14,27700,4.14,D
sz000100,TCL科技,2025-10-17 11:17:15,4.14,23600,4.15,D
sz000100,TCL科技,2025-10-17 11:17:18,4.14,37100,4.14,D
sz000100,TCL科技,2025-10-17 11:17:21,4.15,31300,4.14,U
sz000100,TCL科技,2025-10-17 11:17:33,4.15,38000,4.15,U
sz000100,TCL科技,2025-10-17 11:17:48,4.14,24800,4.15,D
sz000100,TCL科技,2025-10-17 11:17:51,4.14,27600,4.14,D
sz000100,TCL科技,2025-10-17 11:18:06,4.14,29600,4.15,D
sz000100,TCL科技,2025-10-17 11:18:12,4.14,21200,4.14,D
sz000100,TCL科技,2025-10-17 11:18:15,4.14,31300,4.14,D
sz000100,TCL科技,2025-10-17 11:18:18,4.14,36400,4.14,D
sz000100,TCL科技,2025-10-17 11:18:21,4.15,65900,4.14,U
sz000100,TCL科技,2025-10-17 11:18:24,4.14,45200,4.15,D
sz000100,TCL科技,2025-10-17 11:18:27,4.15,26400,4.14,U
sz000100,TCL科技,2025-10-17 11:18:36,4.14,36900,4.14,D
sz000100,TCL科技,2025-10-17 11:18:39,4.15,27600,4.14,U
sz000100,TCL科技,2025-10-17 11:18:54,4.15,20300,4.15,U
sz000100,TCL科技,2025-10-17 11:18:57,4.15,20600,4.15,U
sz000100,TCL科技,2025-10-17 11:19:03,4.14,130800,4.14,D
sz000100,TCL科技,2025-10-17 11:19:06,4.15,110800,4.14,U
sz000100,TCL科技,2025-10-17 11:19:18,4.14,24200,4.14,D
sz000100,TCL科技,2025-10-17 11:19:21,4.15,62700,4.14,U
sz000100,TCL科技,2025-10-17 11:19:24,4.15,57000,4.15,U
sz000100,TCL科技,2025-10-17 11:19:33,4.15,26500,4.15,U
sz000100,TCL科技,2025-10-17 11:19:42,4.15,49700,4.15,U
sz000100,TCL科技,2025-10-17 11:19:48,4.14,58000,4.14,D
sz000100,TCL科技,2025-10-17 11:19:51,4.15,66500,4.14,U
sz000100,TCL科技,2025-10-17 11:20:09,4.14,50200,4.14,D
sz000100,TCL科技,2025-10-17 11:20:12,4.14,23500,4.14,D
sz000100,TCL科技,2025-10-17 11:20:24,4.14,26100,4.14,D
sz000100,TCL科技,2025-10-17 11:20:27,4.15,52000,4.14,U
sz000100,TCL科技,2025-10-17 11:20:33,4.14,25300,4.14,D
sz000100,TCL科技,2025-10-17 11:20:42,4.14,199000,4.14,D
sz000100,TCL科技,2025-10-17 11:20:45,4.14,28300,4.14,D
sz000100,TCL科技,2025-10-17 11:20:48,4.14,23900,4.14,D
sz000100,TCL科技,2025-10-17 11:20:51,4.15,20000,4.14,U
sz000100,TCL科技,2025-10-17 11:21:12,4.14,21800,4.15,D
sz000100,TCL科技,2025-10-17 11:21:30,4.15,55300,4.15,U
sz000100,TCL科技,2025-10-17 11:21:33,4.15,28700,4.15,U
sz000100,TCL科技,2025-10-17 11:21:45,4.15,268000,4.15,U
sz000100,TCL科技,2025-10-17 11:21:48,4.15,31400,4.15,U
sz000100,TCL科技,2025-10-17 11:21:51,4.15,39800,4.15,U
sz000100,TCL科技,2025-10-17 11:21:54,4.15,55700,4.15,U
sz000100,TCL科技,2025-10-17 11:21:57,4.15,26200,4.15,U
sz000100,TCL科技,2025-10-17 11:22:03,4.15,255000,4.15,U
sz000100,TCL科技,2025-10-17 11:22:12,4.14,23600,4.14,D
sz000100,TCL科技,2025-10-17 11:22:15,4.15,61000,4.14,U
sz000100,TCL科技,2025-10-17 11:22:30,4.14,27800,4.15,D
sz000100,TCL科技,2025-10-17 11:22:48,4.14,20200,4.14,D
sz000100,TCL科技,2025-10-17 11:22:57,4.14,35300,4.14,D
sz000100,TCL科技,2025-10-17 11:23:00,4.15,22800,4.14,U
sz000100,TCL科技,2025-10-17 11:23:03,4.14,83700,4.15,D
sz000100,TCL科技,2025-10-17 11:23:06,4.14,23200,4.14,D
sz000100,TCL科技,2025-10-17 11:23:09,4.14,25200,4.14,D
sz000100,TCL科技,2025-10-17 11:23:12,4.14,23700,4.14,D
sz000100,TCL科技,2025-10-17 11:23:24,4.15,101400,4.14,U
sz000100,TCL科技,2025-10-17 11:23:27,4.15,30400,4.15,U
sz000100,TCL科技,2025-10-17 11:23:33,4.15,1011500,4.15,U
sz000100,TCL科技,2025-10-17 11:23:45,4.15,528900,4.14,U
sz000100,TCL科技,2025-10-17 11:23:51,4.15,26900,4.15,U
sz000100,TCL科技,2025-10-17 11:23:54,4.15,553800,4.15,U
sz000100,TCL科技,2025-10-17 11:23:57,4.15,72400,4.15,U
sz000100,TCL科技,2025-10-17 11:24:03,4.16,5865606,4.14,U
sz000100,TCL科技,2025-10-17 11:24:06,4.15,71200,4.16,D
sz000100,TCL科技,2025-10-17 11:24:30,4.15,38000,4.15,D
sz000100,TCL科技,2025-10-17 11:24:45,4.15,115400,4.15,D
sz000100,TCL科技,2025-10-17 11:24:48,4.15,28100,4.15,D
sz000100,TCL科技,2025-10-17 11:24:51,4.16,36200,4.15,U
sz000100,TCL科技,2025-10-17 11:24:57,4.15,24300,4.15,D
sz000100,TCL科技,2025-10-17 11:25:00,4.15,1605600,4.15,D
sz000100,TCL科技,2025-10-17 11:25:03,4.15,34000,4.15,D
sz000100,TCL科技,2025-10-17 11:25:21,4.15,65000,4.15,D
sz000100,TCL科技,2025-10-17 11:25:42,4.16,24800,4.15,U
sz000100,TCL科技,2025-10-17 11:26:15,4.15,73500,4.15,D
sz000100,TCL科技,2025-10-17 11:26:24,4.15,32200,4.16,D
sz000100,TCL科技,2025-10-17 11:26:27,4.15,124700,4.15,D
sz000100,TCL科技,2025-10-17 11:27:06,4.15,43500,4.16,D
sz000100,TCL科技,2025-10-17 11:27:12,4.15,62500,4.16,D
sz000100,TCL科技,2025-10-17 11:27:24,4.15,23100,4.15,D
sz000100,TCL科技,2025-10-17 11:27:27,4.15,29200,4.15,D
sz000100,TCL科技,2025-10-17 11:27:36,4.15,47600,4.15,D
sz000100,TCL科技,2025-10-17 11:27:39,4.15,475600,4.15,D
sz000100,TCL科技,2025-10-17 11:27:42,4.15,94600,4.15,D
sz000100,TCL科技,2025-10-17 11:27:48,4.15,26800,4.15,D
sz000100,TCL科技,2025-10-17 11:27:54,4.15,116700,4.16,D
sz000100,TCL科技,2025-10-17 11:27:57,4.15,50500,4.15,D
sz000100,TCL科技,2025-10-17 11:28:00,4.15,1121100,4.15,D
sz000100,TCL科技,2025-10-17 11:28:03,4.14,115400,4.15,D
sz000100,TCL科技,2025-10-17 11:28:12,4.14,146100,4.14,D
sz000100,TCL科技,2025-10-17 11:28:42,4.14,26700,4.14,D
sz000100,TCL科技,2025-10-17 11:29:06,4.14,57200,4.15,D
sz000100,TCL科技,2025-10-17 11:29:18,4.15,142600,4.14,U
sz000100,TCL科技,2025-10-17 11:29:33,4.15,27700,4.14,U
sz000100,TCL科技,2025-10-17 11:29:45,4.15,43200,4.15,U
sz000100,TCL科技,2025-10-17 13:00:00,4.15,153500,4.15,U
sz000100,TCL科技,2025-10-17 13:00:03,4.15,1286040,4.15,U
sz000100,TCL科技,2025-10-17 13:00:06,4.15,101100,4.15,U
sz000100,TCL科技,2025-10-17 13:00:12,4.14,31700,4.15,D
sz000100,TCL科技,2025-10-17 13:00:18,4.14,80100,4.14,D
sz000100,TCL科技,2025-10-17 13:00:24,4.14,242600,4.14,D
sz000100,TCL科技,2025-10-17 13:00:30,4.14,25000,4.14,D
sz000100,TCL科技,2025-10-17 13:00:36,4.14,60100,4.14,D
sz000100,TCL科技,2025-10-17 13:00:39,4.14,44500,4.14,D
sz000100,TCL科技,2025-10-17 13:00:45,4.14,164100,4.14,D
sz000100,TCL科技,2025-10-17 13:00:48,4.14,134600,4.14,D
sz000100,TCL科技,2025-10-17 13:00:51,4.14,24300,4.14,D
sz000100,TCL科技,2025-10-17 13:00:54,4.14,41900,4.14,D
sz000100,TCL科技,2025-10-17 13:01:00,4.14,32600,4.14,D
sz000100,TCL科技,2025-10-17 13:01:03,4.14,5001396,4.14,D
sz000100,TCL科技,2025-10-17 13:01:06,4.13,2312744,4.14,D
sz000100,TCL科技,2025-10-17 13:01:09,4.13,52900,4.13,D
sz000100,TCL科技,2025-10-17 13:01:12,4.14,43800,4.13,U
sz000100,TCL科技,2025-10-17 13:01:24,4.13,38200,4.13,D
sz000100,TCL科技,2025-10-17 13:01:36,4.13,90000,4.13,D
sz000100,TCL科技,2025-10-17 13:01:39,4.13,57000,4.13,D
sz000100,TCL科技,2025-10-17 13:01:42,4.13,23300,4.13,D
sz000100,TCL科技,2025-10-17 13:01:45,4.14,37130,4.13,U
sz000100,TCL科技,2025-10-17 13:01:48,4.13,24300,4.14,D
sz000100,TCL科技,2025-10-17 13:01:51,4.14,35600,4.13,U
sz000100,TCL科技,2025-10-17 13:01:54,4.13,63300,4.14,D
sz000100,TCL科技,2025-10-17 13:01:57,4.13,87300,4.13,D
sz000100,TCL科技,2025-10-17 13:02:06,4.13,66700,4.14,D
sz000100,TCL科技,2025-10-17 13:02:09,4.14,75900,4.13,U
sz000100,TCL科技,2025-10-17 13:02:12,4.13,32900,4.14,D
sz000100,TCL科技,2025-10-17 13:02:18,4.14,33600,4.13,U
sz000100,TCL科技,2025-10-17 13:02:21,4.14,21500,4.14,U
sz000100,TCL科技,2025-10-17 13:02:33,4.14,33300,4.14,U
sz000100,TCL科技,2025-10-17 13:02:39,4.14,22700,4.14,U
sz000100,TCL科技,2025-10-17 13:02:42,4.14,166700,4.14,U
sz000100,TCL科技,2025-10-17 13:02:51,4.14,240800,4.14,U
sz000100,TCL科技,2025-10-17 13:02:54,4.13,34000,4.14,D
sz000100,TCL科技,2025-10-17 13:02:57,4.13,41300,4.13,D
sz000100,TCL科技,2025-10-17 13:03:03,4.14,69800,4.14,U
sz000100,TCL科技,2025-10-17 13:03:12,4.14,29500,4.14,U
sz000100,TCL科技,2025-10-17 13:03:15,4.13,27500,4.14,D
sz000100,TCL科技,2025-10-17 13:03:27,4.13,31700,4.14,D
sz000100,TCL科技,2025-10-17 13:03:30,4.13,24900,4.13,D
sz000100,TCL科技,2025-10-17 13:03:39,4.14,33500,4.14,U
sz000100,TCL科技,2025-10-17 13:03:51,4.13,34900,4.14,D
sz000100,TCL科技,2025-10-17 13:03:57,4.13,37900,4.13,D
sz000100,TCL科技,2025-10-17 13:04:00,4.13,30400,4.13,D
sz000100,TCL科技,2025-10-17 13:04:03,4.13,32600,4.13,D
sz000100,TCL科技,2025-10-17 13:04:18,4.14,42200,4.13,U
sz000100,TCL科技,2025-10-17 13:04:33,4.14,35500,4.13,U
sz000100,TCL科技,2025-10-17 13:04:36,4.13,99900,4.14,D
sz000100,TCL科技,2025-10-17 13:04:42,4.14,25800,4.14,U
sz000100,TCL科技,2025-10-17 13:04:45,4.14,54500,4.14,U
sz000100,TCL科技,2025-10-17 13:04:54,4.14,67400,4.14,U
sz000100,TCL科技,2025-10-17 13:04:57,4.14,30300,4.14,U
sz000100,TCL科技,2025-10-17 13:05:03,4.14,27600,4.14,U
sz000100,TCL科技,2025-10-17 13:05:06,4.14,53900,4.14,U
sz000100,TCL科技,2025-10-17 13:05:12,4.14,24200,4.14,U
sz000100,TCL科技,2025-10-17 13:05:24,4.14,32800,4.14,U
sz000100,TCL科技,2025-10-17 13:05:33,4.14,32500,4.13,U
sz000100,TCL科技,2025-10-17 13:05:36,4.14,29700,4.14,U
sz000100,TCL科技,2025-10-17 13:05:39,4.13,80000,4.14,D
sz000100,TCL科技,2025-10-17 13:05:42,4.13,28200,4.13,D
sz000100,TCL科技,2025-10-17 13:05:45,4.13,68200,4.13,D
sz000100,TCL科技,2025-10-17 13:05:48,4.13,1015900,4.13,D
sz000100,TCL科技,2025-10-17 13:05:51,4.14,85110,4.13,U
sz000100,TCL科技,2025-10-17 13:05:54,4.13,39600,4.14,D
sz000100,TCL科技,2025-10-17 13:05:57,4.14,23000,4.13,U
sz000100,TCL科技,2025-10-17 13:06:03,4.13,52200,4.14,D
sz000100,TCL科技,2025-10-17 13:06:09,4.14,389400,4.13,U
sz000100,TCL科技,2025-10-17 13:06:12,4.14,659300,4.14,U
sz000100,TCL科技,2025-10-17 13:06:15,4.14,127800,4.14,U
sz000100,TCL科技,2025-10-17 13:06:18,4.14,82000,4.14,U
sz000100,TCL科技,2025-10-17 13:06:24,4.14,537400,4.14,U
sz000100,TCL科技,2025-10-17 13:06:27,4.14,563700,4.14,U
sz000100,TCL科技,2025-10-17 13:06:30,4.14,47900,4.14,U
sz000100,TCL科技,2025-10-17 13:06:33,4.14,39400,4.14,U
sz000100,TCL科技,2025-10-17 13:06:36,4.14,57900,4.14,U
sz000100,TCL科技,2025-10-17 13:06:39,4.14,68000,4.14,U
sz000100,TCL科技,2025-10-17 13:06:42,4.14,87600,4.14,U
sz000100,TCL科技,2025-10-17 13:06:45,4.14,69600,4.14,U
sz000100,TCL科技,2025-10-17 13:06:54,4.14,39800,4.14,U
sz000100,TCL科技,2025-10-17 13:06:57,4.14,54100,4.14,U
sz000100,TCL科技,2025-10-17 13:07:00,4.14,29400,4.14,U
sz000100,TCL科技,2025-10-17 13:07:06,4.14,53600,4.14,U
sz000100,TCL科技,2025-10-17 13:07:09,4.13,163400,4.14,D
sz000100,TCL科技,2025-10-17 13:07:18,4.14,300500,4.14,U
sz000100,TCL科技,2025-10-17 13:07:42,4.13,33700,4.14,D
sz000100,TCL科技,2025-10-17 13:07:48,4.14,57100,4.13,U
sz000100,TCL科技,2025-10-17 13:07:51,4.14,28200,4.14,U
sz000100,TCL科技,2025-10-17 13:07:54,4.14,110800,4.14,U
sz000100,TCL科技,2025-10-17 13:08:00,4.13,26300,4.13,D
sz000100,TCL科技,2025-10-17 13:08:12,4.13,36400,4.13,D
sz000100,TCL科技,2025-10-17 13:08:24,4.14,225000,4.13,U
sz000100,TCL科技,2025-10-17 13:08:27,4.14,45700,4.14,U
sz000100,TCL科技,2025-10-17 13:08:45,4.13,28500,4.13,D
sz000100,TCL科技,2025-10-17 13:08:54,4.14,31200,4.13,U
sz000100,TCL科技,2025-10-17 13:09:03,4.13,29600,4.13,D
sz000100,TCL科技,2025-10-17 13:09:12,4.13,72200,4.13,D
sz000100,TCL科技,2025-10-17 13:09:15,4.14,47800,4.13,U
sz000100,TCL科技,2025-10-17 13:09:21,4.14,142500,4.14,U
sz000100,TCL科技,2025-10-17 13:09:24,4.14,21700,4.14,U
sz000100,TCL科技,2025-10-17 13:09:30,4.13,22500,4.13,D
sz000100,TCL科技,2025-10-17 13:09:33,4.14,219800,4.13,U
sz000100,TCL科技,2025-10-17 13:09:42,4.13,38800,4.13,D
sz000100,TCL科技,2025-10-17 13:09:51,4.14,77300,4.13,U
sz000100,TCL科技,2025-10-17 13:10:00,4.13,27300,4.13,D
sz000100,TCL科技,2025-10-17 13:10:15,4.14,273100,4.14,U
sz000100,TCL科技,2025-10-17 13:10:18,4.14,26600,4.14,U
sz000100,TCL科技,2025-10-17 13:10:21,4.14,57800,4.14,U
sz000100,TCL科技,2025-10-17 13:10:24,4.14,44100,4.14,U
sz000100,TCL科技,2025-10-17 13:10:27,4.14,30100,4.14,U
sz000100,TCL科技,2025-10-17 13:10:30,4.14,47200,4.14,U
sz000100,TCL科技,2025-10-17 13:10:36,4.13,27500,4.14,D
sz000100,TCL科技,2025-10-17 13:10:39,4.14,228460,4.13,U
sz000100,TCL科技,2025-10-17 13:10:45,4.13,48600,4.14,D
sz000100,TCL科技,2025-10-17 13:10:54,4.13,31500,4.13,D
sz000100,TCL科技,2025-10-17 13:11:06,4.13,28000,4.13,D
sz000100,TCL科技,2025-10-17 13:11:09,4.14,25000,4.13,U
sz000100,TCL科技,2025-10-17 13:11:21,4.14,55900,4.14,U
sz000100,TCL科技,2025-10-17 13:11:24,4.14,29000,4.14,U
sz000100,TCL科技,2025-10-17 13:11:33,4.13,43800,4.14,D
sz000100,TCL科技,2025-10-17 13:11:39,4.14,37300,4.13,U
sz000100,TCL科技,2025-10-17 13:11:42,4.14,22400,4.14,U
sz000100,TCL科技,2025-10-17 13:11:45,4.14,20100,4.14,U
sz000100,TCL科技,2025-10-17 13:11:48,4.14,241000,4.14,U
sz000100,TCL科技,2025-10-17 13:12:06,4.13,21500,4.14,D
sz000100,TCL科技,2025-10-17 13:12:15,4.14,21800,4.13,U
sz000100,TCL科技,2025-10-17 13:12:36,4.13,73900,4.14,D
sz000100,TCL科技,2025-10-17 13:12:42,4.13,55300,4.14,D
sz000100,TCL科技,2025-10-17 13:12:54,4.13,232600,4.14,D
sz000100,TCL科技,2025-10-17 13:13:00,4.13,35800,4.14,D
sz000100,TCL科技,2025-10-17 13:13:03,4.13,63900,4.13,D
sz000100,TCL科技,2025-10-17 13:13:09,4.14,60000,4.14,U
sz000100,TCL科技,2025-10-17 13:13:15,4.13,29600,4.13,D
sz000100,TCL科技,2025-10-17 13:13:18,4.14,45700,4.13,U
sz000100,TCL科技,2025-10-17 13:13:33,4.13,38600,4.14,D
sz000100,TCL科技,2025-10-17 13:13:39,4.13,30900,4.14,D
sz000100,TCL科技,2025-10-17 13:13:45,4.13,67200,4.14,D
sz000100,TCL科技,2025-10-17 13:14:00,4.14,249000,4.13,U
sz000100,TCL科技,2025-10-17 13:14:06,4.13,44100,4.14,D
sz000100,TCL科技,2025-10-17 13:14:09,4.14,47600,4.13,U
sz000100,TCL科技,2025-10-17 13:14:18,4.13,27100,4.14,D
sz000100,TCL科技,2025-10-17 13:14:24,4.14,28400,4.14,U
sz000100,TCL科技,2025-10-17 13:14:36,4.14,57000,4.14,U
sz000100,TCL科技,2025-10-17 13:14:45,4.14,38000,4.13,U
sz000100,TCL科技,2025-10-17 13:14:48,4.14,20900,4.14,U
sz000100,TCL科技,2025-10-17 13:14:51,4.13,24600,4.14,D
sz000100,TCL科技,2025-10-17 13:15:00,4.14,20900,4.14,U
sz000100,TCL科技,2025-10-17 13:15:09,4.14,242200,4.14,U
sz000100,TCL科技,2025-10-17 13:15:21,4.14,40300,4.13,U
sz000100,TCL科技,2025-10-17 13:15:24,4.13,48000,4.14,D
sz000100,TCL科技,2025-10-17 13:15:33,4.14,193200,4.13,U
sz000100,TCL科技,2025-10-17 13:15:39,4.14,22900,4.14,U
sz000100,TCL科技,2025-10-17 13:15:57,4.14,36600,4.14,U
sz000100,TCL科技,2025-10-17 13:16:06,4.13,24300,4.14,D
sz000100,TCL科技,2025-10-17 13:16:09,4.13,27400,4.13,D
sz000100,TCL科技,2025-10-17 13:16:15,4.13,257400,4.13,D
sz000100,TCL科技,2025-10-17 13:16:18,4.14,29200,4.13,U
sz000100,TCL科技,2025-10-17 13:16:21,4.13,173500,4.14,D
sz000100,TCL科技,2025-10-17 13:16:24,4.14,601100,4.13,U
sz000100,TCL科技,2025-10-17 13:16:33,4.13,71300,4.14,D
sz000100,TCL科技,2025-10-17 13:16:36,4.13,58500,4.13,D
sz000100,TCL科技,2025-10-17 13:16:57,4.13,25100,4.13,D
sz000100,TCL科技,2025-10-17 13:17:00,4.14,126900,4.13,U
sz000100,TCL科技,2025-10-17 13:17:15,4.14,45100,4.13,U
sz000100,TCL科技,2025-10-17 13:17:18,4.13,20900,4.14,D
sz000100,TCL科技,2025-10-17 13:17:24,4.13,236900,4.13,D
sz000100,TCL科技,2025-10-17 13:17:30,4.14,31700,4.13,U
sz000100,TCL科技,2025-10-17 13:17:45,4.13,67800,4.13,D
sz000100,TCL科技,2025-10-17 13:17:51,4.13,32200,4.13,D
sz000100,TCL科技,2025-10-17 13:18:03,4.13,59800,4.13,D
sz000100,TCL科技,2025-10-17 13:18:09,4.14,55400,4.13,U
sz000100,TCL科技,2025-10-17 13:18:18,4.13,52400,4.14,D
sz000100,TCL科技,2025-10-17 13:18:21,4.14,41100,4.13,U
sz000100,TCL科技,2025-10-17 13:18:24,4.13,67800,4.14,D
sz000100,TCL科技,2025-10-17 13:18:27,4.13,682000,4.13,D
sz000100,TCL科技,2025-10-17 13:18:30,4.13,257200,4.13,D
sz000100,TCL科技,2025-10-17 13:18:36,4.14,23900,4.13,U
sz000100,TCL科技,2025-10-17 13:18:45,4.13,31600,4.13,D
sz000100,TCL科技,2025-10-17 13:18:48,4.13,78000,4.13,D
sz000100,TCL科技,2025-10-17 13:18:54,4.14,24400,4.13,U
sz000100,TCL科技,2025-10-17 13:18:57,4.13,88900,4.14,D
sz000100,TCL科技,2025-10-17 13:19:03,4.13,91900,4.13,D
sz000100,TCL科技,2025-10-17 13:19:06,4.13,157300,4.13,D
sz000100,TCL科技,2025-10-17 13:19:09,4.13,35000,4.13,D
sz000100,TCL科技,2025-10-17 13:19:12,4.13,66400,4.13,D
sz000100,TCL科技,2025-10-17 13:19:15,4.13,88000,4.13,D
sz000100,TCL科技,2025-10-17 13:19:18,4.13,73100,4.13,D
sz000100,TCL科技,2025-10-17 13:19:21,4.14,76700,4.13,U
sz000100,TCL科技,2025-10-17 13:19:39,4.14,234100,4.13,U
sz000100,TCL科技,2025-10-17 13:19:48,4.13,46700,4.14,D
sz000100,TCL科技,2025-10-17 13:19:51,4.13,30600,4.13,D
sz000100,TCL科技,2025-10-17 13:19:54,4.13,70800,4.13,D
sz000100,TCL科技,2025-10-17 13:20:06,4.14,45500,4.13,U
sz000100,TCL科技,2025-10-17 13:20:09,4.14,63000,4.14,U
sz000100,TCL科技,2025-10-17 13:20:18,4.14,34800,4.14,U
sz000100,TCL科技,2025-10-17 13:20:21,4.14,49900,4.14,U
sz000100,TCL科技,2025-10-17 13:20:24,4.13,36400,4.14,D
sz000100,TCL科技,2025-10-17 13:20:39,4.14,52800,4.14,U
sz000100,TCL科技,2025-10-17 13:20:42,4.13,59840,4.14,D
sz000100,TCL科技,2025-10-17 13:20:45,4.14,100000,4.13,U
sz000100,TCL科技,2025-10-17 13:20:51,4.14,286600,4.14,U
sz000100,TCL科技,2025-10-17 13:20:54,4.13,78200,4.14,D
sz000100,TCL科技,2025-10-17 13:21:00,4.14,101400,4.14,U
sz000100,TCL科技,2025-10-17 13:21:03,4.13,156300,4.14,D
sz000100,TCL科技,2025-10-17 13:21:06,4.14,135900,4.13,U
sz000100,TCL科技,2025-10-17 13:21:12,4.14,163700,4.13,U
sz000100,TCL科技,2025-10-17 13:21:15,4.14,20400,4.14,U
sz000100,TCL科技,2025-10-17 13:21:18,4.14,28800,4.14,U
sz000100,TCL科技,2025-10-17 13:21:21,4.14,110700,4.14,U
sz000100,TCL科技,2025-10-17 13:21:39,4.14,42200,4.14,U
sz000100,TCL科技,2025-10-17 13:21:42,4.13,171300,4.14,D
sz000100,TCL科技,2025-10-17 13:22:03,4.14,106300,4.14,U
sz000100,TCL科技,2025-10-17 13:22:12,4.13,167600,4.14,D
sz000100,TCL科技,2025-10-17 13:22:21,4.14,25000,4.13,U
sz000100,TCL科技,2025-10-17 13:22:24,4.13,113500,4.14,D
sz000100,TCL科技,2025-10-17 13:22:33,4.14,289400,4.13,U
sz000100,TCL科技,2025-10-17 13:22:36,4.14,34600,4.14,U
sz000100,TCL科技,2025-10-17 13:22:42,4.13,37200,4.14,D
sz000100,TCL科技,2025-10-17 13:22:48,4.14,46660,4.14,U
sz000100,TCL科技,2025-10-17 13:22:51,4.13,24800,4.14,D
sz000100,TCL科技,2025-10-17 13:22:57,4.14,51800,4.14,U
sz000100,TCL科技,2025-10-17 13:23:00,4.14,37500,4.14,U
sz000100,TCL科技,2025-10-17 13:23:06,4.14,24500,4.14,U
sz000100,TCL科技,2025-10-17 13:23:09,4.13,32700,4.14,D
sz000100,TCL科技,2025-10-17 13:23:12,4.14,32300,4.13,U
sz000100,TCL科技,2025-10-17 13:23:15,4.14,37300,4.14,U
sz000100,TCL科技,2025-10-17 13:23:21,4.14,57900,4.14,U
sz000100,TCL科技,2025-10-17 13:23:24,4.14,31000,4.14,U
sz000100,TCL科技,2025-10-17 13:23:27,4.13,220600,4.14,D
sz000100,TCL科技,2025-10-17 13:23:30,4.13,58500,4.13,D
sz000100,TCL科技,2025-10-17 13:23:36,4.14,22700,4.14,U
sz000100,TCL科技,2025-10-17 13:23:39,4.14,22800,4.14,U
sz000100,TCL科技,2025-10-17 13:23:42,4.14,276600,4.14,U
sz000100,TCL科技,2025-10-17 13:23:45,4.14,43600,4.14,U
sz000100,TCL科技,2025-10-17 13:23:54,4.14,26800,4.14,U
sz000100,TCL科技,2025-10-17 13:23:57,4.14,26000,4.14,U
sz000100,TCL科技,2025-10-17 13:24:06,4.14,91900,4.14,U
sz000100,TCL科技,2025-10-17 13:24:09,4.13,34400,4.14,D
sz000100,TCL科技,2025-10-17 13:24:42,4.13,98100,4.14,D
sz000100,TCL科技,2025-10-17 13:24:48,4.14,236500,4.13,U
sz000100,TCL科技,2025-10-17 13:24:54,4.14,45400,4.14,U
sz000100,TCL科技,2025-10-17 13:25:00,4.13,37100,4.14,D
sz000100,TCL科技,2025-10-17 13:25:06,4.13,26600,4.14,D
sz000100,TCL科技,2025-10-17 13:25:12,4.13,42000,4.13,D
sz000100,TCL科技,2025-10-17 13:25:21,4.13,25100,4.14,D
sz000100,TCL科技,2025-10-17 13:25:45,4.14,200300,4.13,U
sz000100,TCL科技,2025-10-17 13:25:57,4.13,234700,4.14,D
sz000100,TCL科技,2025-10-17 13:26:06,4.13,33200,4.14,D
sz000100,TCL科技,2025-10-17 13:26:09,4.14,26500,4.13,U
sz000100,TCL科技,2025-10-17 13:26:18,4.14,35000,4.14,U
sz000100,TCL科技,2025-10-17 13:26:21,4.14,58000,4.14,U
sz000100,TCL科技,2025-10-17 13:26:30,4.13,33000,4.14,D
sz000100,TCL科技,2025-10-17 13:26:48,4.14,68600,4.13,U
sz000100,TCL科技,2025-10-17 13:27:03,4.14,250600,4.13,U
sz000100,TCL科技,2025-10-17 13:27:09,4.14,68500,4.14,U
sz000100,TCL科技,2025-10-17 13:27:12,4.13,186200,4.14,D
sz000100,TCL科技,2025-10-17 13:27:18,4.13,59800,4.13,D
sz000100,TCL科技,2025-10-17 13:27:27,4.14,26800,4.14,U
sz000100,TCL科技,2025-10-17 13:27:30,4.13,22200,4.14,D
sz000100,TCL科技,2025-10-17 13:27:33,4.14,25200,4.13,U
sz000100,TCL科技,2025-10-17 13:28:09,4.14,237100,4.13,U
sz000100,TCL科技,2025-10-17 13:28:12,4.14,38500,4.14,U
sz000100,TCL科技,2025-10-17 13:28:15,4.13,42400,4.14,D
sz000100,TCL科技,2025-10-17 13:28:21,4.14,28500,4.14,U
sz000100,TCL科技,2025-10-17 13:28:30,4.13,29300,4.14,D
sz000100,TCL科技,2025-10-17 13:28:36,4.13,24600,4.14,D
sz000100,TCL科技,2025-10-17 13:28:39,4.13,28300,4.13,D
sz000100,TCL科技,2025-10-17 13:28:51,4.14,22800,4.14,U
sz000100,TCL科技,2025-10-17 13:28:54,4.14,410700,4.14,U
sz000100,TCL科技,2025-10-17 13:28:57,4.14,27800,4.14,U
sz000100,TCL科技,2025-10-17 13:29:09,4.14,35300,4.14,U
sz000100,TCL科技,2025-10-17 13:29:12,4.13,20740,4.14,D
sz000100,TCL科技,2025-10-17 13:29:18,4.14,250200,4.14,U
sz000100,TCL科技,2025-10-17 13:29:27,4.13,26400,4.14,D
sz000100,TCL科技,2025-10-17 13:29:30,4.14,44200,4.13,U
sz000100,TCL科技,2025-10-17 13:29:42,4.13,24600,4.13,D
sz000100,TCL科技,2025-10-17 13:29:51,4.14,70200,4.14,U
sz000100,TCL科技,2025-10-17 13:29:57,4.14,20200,4.14,U
sz000100,TCL科技,2025-10-17 13:30:06,4.14,3118438,4.13,U
sz000100,TCL科技,2025-10-17 13:30:12,4.14,42900,4.15,D
sz000100,TCL科技,2025-10-17 13:30:24,4.14,38600,4.14,D
sz000100,TCL科技,2025-10-17 13:30:27,4.15,252400,4.14,U
sz000100,TCL科技,2025-10-17 13:30:45,4.15,22200,4.15,U
sz000100,TCL科技,2025-10-17 13:31:00,4.14,132000,4.14,D
sz000100,TCL科技,2025-10-17 13:31:09,4.14,23000,4.15,D
sz000100,TCL科技,2025-10-17 13:31:24,4.14,26000,4.14,D
sz000100,TCL科技,2025-10-17 13:31:27,4.14,49000,4.14,D
sz000100,TCL科技,2025-10-17 13:31:33,4.14,71200,4.14,D
sz000100,TCL科技,2025-10-17 13:31:42,4.14,25500,4.15,D
sz000100,TCL科技,2025-10-17 13:31:45,4.14,27450,4.14,D
sz000100,TCL科技,2025-10-17 13:31:51,4.15,52800,4.14,U
sz000100,TCL科技,2025-10-17 13:31:57,4.15,33500,4.15,U
sz000100,TCL科技,2025-10-17 13:32:06,4.15,59900,4.14,U
sz000100,TCL科技,2025-10-17 13:32:33,4.14,29900,4.14,D
sz000100,TCL科技,2025-10-17 13:32:45,4.14,35900,4.15,D
sz000100,TCL科技,2025-10-17 13:32:51,4.14,22900,4.14,D
sz000100,TCL科技,2025-10-17 13:32:57,4.14,24200,4.14,D
sz000100,TCL科技,2025-10-17 13:33:00,4.14,131100,4.14,D
sz000100,TCL科技,2025-10-17 13:33:03,4.14,54800,4.14,D
sz000100,TCL科技,2025-10-17 13:33:06,4.14,29000,4.14,D
sz000100,TCL科技,2025-10-17 13:33:09,4.14,36700,4.14,D
sz000100,TCL科技,2025-10-17 13:33:12,4.14,20800,4.14,D
sz000100,TCL科技,2025-10-17 13:33:18,4.14,42400,4.14,D
sz000100,TCL科技,2025-10-17 13:33:24,4.14,72500,4.14,D
sz000100,TCL科技,2025-10-17 13:33:33,4.14,28000,4.14,D
sz000100,TCL科技,2025-10-17 13:33:36,4.14,56900,4.14,D
sz000100,TCL科技,2025-10-17 13:33:39,4.14,200600,4.14,D
sz000100,TCL科技,2025-10-17 13:33:42,4.14,41600,4.14,D
sz000100,TCL科技,2025-10-17 13:33:45,4.14,34110,4.14,D
sz000100,TCL科技,2025-10-17 13:33:48,4.14,121200,4.14,D
sz000100,TCL科技,2025-10-17 13:33:51,4.14,31000,4.14,D
sz000100,TCL科技,2025-10-17 13:34:12,4.14,62800,4.14,D
sz000100,TCL科技,2025-10-17 13:34:18,4.14,1107500,4.14,D
sz000100,TCL科技,2025-10-17 13:34:21,4.14,37700,4.14,D
sz000100,TCL科技,2025-10-17 13:34:33,4.14,31000,4.14,D
sz000100,TCL科技,2025-10-17 13:34:36,4.15,153800,4.14,U
sz000100,TCL科技,2025-10-17 13:34:39,4.14,61200,4.15,D
sz000100,TCL科技,2025-10-17 13:34:42,4.14,36800,4.14,D
sz000100,TCL科技,2025-10-17 13:34:48,4.15,49700,4.14,U
sz000100,TCL科技,2025-10-17 13:35:03,4.14,36500,4.15,D
sz000100,TCL科技,2025-10-17 13:35:06,4.14,52700,4.14,D
sz000100,TCL科技,2025-10-17 13:35:18,4.14,29700,4.14,D
sz000100,TCL科技,2025-10-17 13:35:24,4.15,42100,4.15,U
sz000100,TCL科技,2025-10-17 13:35:30,4.15,31400,4.14,U
sz000100,TCL科技,2025-10-17 13:35:42,4.14,23800,4.14,D
sz000100,TCL科技,2025-10-17 13:35:48,4.14,26800,4.14,D
sz000100,TCL科技,2025-10-17 13:35:51,4.15,31300,4.14,U
sz000100,TCL科技,2025-10-17 13:36:00,4.14,27200,4.15,D
sz000100,TCL科技,2025-10-17 13:36:03,4.15,43000,4.14,U
sz000100,TCL科技,2025-10-17 13:36:15,4.14,35800,4.14,D
sz000100,TCL科技,2025-10-17 13:36:36,4.14,61400,4.15,D
sz000100,TCL科技,2025-10-17 13:36:48,4.14,385500,4.14,D
sz000100,TCL科技,2025-10-17 13:36:54,4.14,31800,4.14,D
sz000100,TCL科技,2025-10-17 13:37:00,4.14,50700,4.14,D
sz000100,TCL科技,2025-10-17 13:37:06,4.14,1002500,4.14,D
sz000100,TCL科技,2025-10-17 13:37:09,4.14,24000,4.14,D
sz000100,TCL科技,2025-10-17 13:37:12,4.14,24600,4.14,D
sz000100,TCL科技,2025-10-17 13:37:15,4.14,52100,4.14,D
sz000100,TCL科技,2025-10-17 13:37:18,4.14,31800,4.14,D
sz000100,TCL科技,2025-10-17 13:37:21,4.15,228100,4.14,U
sz000100,TCL科技,2025-10-17 13:37:24,4.14,288600,4.15,D
sz000100,TCL科技,2025-10-17 13:37:27,4.14,90300,4.14,D
sz000100,TCL科技,2025-10-17 13:37:30,4.14,58000,4.14,D
sz000100,TCL科技,2025-10-17 13:37:33,4.14,133310,4.14,D
sz000100,TCL科技,2025-10-17 13:37:36,4.14,81800,4.14,D
sz000100,TCL科技,2025-10-17 13:37:39,4.14,126100,4.14,D
sz000100,TCL科技,2025-10-17 13:37:42,4.14,628900,4.14,D
sz000100,TCL科技,2025-10-17 13:37:45,4.14,30600,4.14,D
sz000100,TCL科技,2025-10-17 13:37:48,4.14,332800,4.14,D
sz000100,TCL科技,2025-10-17 13:37:51,4.14,56400,4.14,D
sz000100,TCL科技,2025-10-17 13:37:54,4.14,72000,4.14,D
sz000100,TCL科技,2025-10-17 13:37:57,4.14,77600,4.14,D
sz000100,TCL科技,2025-10-17 13:38:00,4.14,79700,4.14,D
sz000100,TCL科技,2025-10-17 13:38:06,4.13,26600,4.14,D
sz000100,TCL科技,2025-10-17 13:38:21,4.13,21200,4.13,D
sz000100,TCL科技,2025-10-17 13:38:27,4.14,46600,4.14,U
sz000100,TCL科技,2025-10-17 13:38:30,4.13,27300,4.14,D
sz000100,TCL科技,2025-10-17 13:38:33,4.14,32600,4.13,U
sz000100,TCL科技,2025-10-17 13:38:42,4.13,74700,4.13,D
sz000100,TCL科技,2025-10-17 13:38:45,4.14,39700,4.13,U
sz000100,TCL科技,2025-10-17 13:38:54,4.14,30000,4.13,U
sz000100,TCL科技,2025-10-17 13:39:06,4.13,26200,4.14,D
sz000100,TCL科技,2025-10-17 13:39:24,4.14,24600,4.13,U
sz000100,TCL科技,2025-10-17 13:39:27,4.13,30100,4.14,D
sz000100,TCL科技,2025-10-17 13:39:33,4.14,25000,4.13,U
sz000100,TCL科技,2025-10-17 13:39:39,4.14,34700,4.14,U
sz000100,TCL科技,2025-10-17 13:39:42,4.14,40900,4.14,U
sz000100,TCL科技,2025-10-17 13:39:45,4.14,25200,4.14,U
sz000100,TCL科技,2025-10-17 13:40:12,4.13,22900,4.14,D
sz000100,TCL科技,2025-10-17 13:40:27,4.14,39800,4.14,U
sz000100,TCL科技,2025-10-17 13:40:30,4.14,27700,4.14,U
sz000100,TCL科技,2025-10-17 13:40:33,4.14,523200,4.14,U
sz000100,TCL科技,2025-10-17 13:40:36,4.13,62400,4.14,D
sz000100,TCL科技,2025-10-17 13:40:45,4.13,46100,4.14,D
sz000100,TCL科技,2025-10-17 13:40:54,4.13,21900,4.13,D
sz000100,TCL科技,2025-10-17 13:41:03,4.13,48440,4.14,D
sz000100,TCL科技,2025-10-17 13:41:18,4.14,102500,4.14,U
sz000100,TCL科技,2025-10-17 13:41:27,4.13,26500,4.13,D
sz000100,TCL科技,2025-10-17 13:41:30,4.14,131500,4.13,U
sz000100,TCL科技,2025-10-17 13:41:33,4.13,33700,4.14,D
sz000100,TCL科技,2025-10-17 13:41:51,4.13,102600,4.14,D
sz000100,TCL科技,2025-10-17 13:42:00,4.14,62100,4.13,U
sz000100,TCL科技,2025-10-17 13:42:27,4.13,78400,4.14,D
sz000100,TCL科技,2025-10-17 13:42:30,4.13,21000,4.13,D
sz000100,TCL科技,2025-10-17 13:42:33,4.13,41300,4.13,D
sz000100,TCL科技,2025-10-17 13:42:51,4.14,114100,4.13,U
sz000100,TCL科技,2025-10-17 13:43:00,4.14,42700,4.13,U
sz000100,TCL科技,2025-10-17 13:43:03,4.13,22500,4.14,D
sz000100,TCL科技,2025-10-17 13:43:21,4.13,26700,4.13,D
sz000100,TCL科技,2025-10-17 13:43:24,4.14,107700,4.13,U
sz000100,TCL科技,2025-10-17 13:43:30,4.13,240200,4.14,D
sz000100,TCL科技,2025-10-17 13:43:33,4.14,32900,4.13,U
sz000100,TCL科技,2025-10-17 13:43:36,4.13,21800,4.14,D
sz000100,TCL科技,2025-10-17 13:43:39,4.13,85400,4.13,D
sz000100,TCL科技,2025-10-17 13:43:42,4.14,39600,4.13,U
sz000100,TCL科技,2025-10-17 13:43:45,4.13,36300,4.14,D
sz000100,TCL科技,2025-10-17 13:44:06,4.13,68700,4.13,D
sz000100,TCL科技,2025-10-17 13:44:09,4.13,48200,4.13,D
sz000100,TCL科技,2025-10-17 13:44:15,4.13,26300,4.14,D
sz000100,TCL科技,2025-10-17 13:44:18,4.13,78700,4.13,D
sz000100,TCL科技,2025-10-17 13:44:30,4.14,22000,4.13,U
sz000100,TCL科技,2025-10-17 13:44:33,4.13,209900,4.14,D
sz000100,TCL科技,2025-10-17 13:44:36,4.14,239000,4.13,U
sz000100,TCL科技,2025-10-17 13:44:42,4.13,33000,4.13,D
sz000100,TCL科技,2025-10-17 13:44:45,4.13,51500,4.13,D
sz000100,TCL科技,2025-10-17 13:44:54,4.13,22200,4.13,D
sz000100,TCL科技,2025-10-17 13:45:15,4.14,28100,4.14,U
sz000100,TCL科技,2025-10-17 13:45:18,4.13,39950,4.14,D
sz000100,TCL科技,2025-10-17 13:45:21,4.13,41000,4.13,D
sz000100,TCL科技,2025-10-17 13:45:27,4.13,38200,4.13,D
sz000100,TCL科技,2025-10-17 13:45:33,4.13,69700,4.14,D
sz000100,TCL科技,2025-10-17 13:45:39,4.13,252000,4.14,D
sz000100,TCL科技,2025-10-17 13:45:42,4.14,129300,4.13,U
sz000100,TCL科技,2025-10-17 13:45:45,4.13,382500,4.14,D
sz000100,TCL科技,2025-10-17 13:45:48,4.14,29900,4.13,U
sz000100,TCL科技,2025-10-17 13:45:51,4.13,49500,4.14,D
sz000100,TCL科技,2025-10-17 13:45:54,4.14,42100,4.13,U
sz000100,TCL科技,2025-10-17 13:45:57,4.13,23300,4.14,D
sz000100,TCL科技,2025-10-17 13:46:15,4.13,28700,4.13,D
sz000100,TCL科技,2025-10-17 13:46:18,4.14,30500,4.13,U
sz000100,TCL科技,2025-10-17 13:46:27,4.14,87000,4.14,U
sz000100,TCL科技,2025-10-17 13:46:33,4.13,26300,4.14,D
sz000100,TCL科技,2025-10-17 13:46:51,4.14,240700,4.13,U
sz000100,TCL科技,2025-10-17 13:47:00,4.13,24000,4.14,D
sz000100,TCL科技,2025-10-17 13:47:33,4.13,50100,4.14,D
sz000100,TCL科技,2025-10-17 13:47:36,4.13,57800,4.13,D
sz000100,TCL科技,2025-10-17 13:47:39,4.14,35100,4.13,U
sz000100,TCL科技,2025-10-17 13:47:48,4.14,38200,4.14,U
sz000100,TCL科技,2025-10-17 13:47:54,4.13,25800,4.13,D
sz000100,TCL科技,2025-10-17 13:47:57,4.14,25200,4.13,U
sz000100,TCL科技,2025-10-17 13:48:03,4.14,24200,4.13,U
sz000100,TCL科技,2025-10-17 13:48:09,4.14,38900,4.14,U
sz000100,TCL科技,2025-10-17 13:48:12,4.14,35300,4.14,U
sz000100,TCL科技,2025-10-17 13:48:21,4.13,58750,4.14,D
sz000100,TCL科技,2025-10-17 13:48:24,4.14,21500,4.13,U
sz000100,TCL科技,2025-10-17 13:48:30,4.13,50700,4.13,D
sz000100,TCL科技,2025-10-17 13:48:33,4.13,25800,4.13,D
sz000100,TCL科技,2025-10-17 13:48:42,4.13,42000,4.14,D
sz000100,TCL科技,2025-10-17 13:48:48,4.13,23100,4.14,D
sz000100,TCL科技,2025-10-17 13:49:00,4.13,111800,4.14,D
sz000100,TCL科技,2025-10-17 13:49:03,4.14,21100,4.13,U
sz000100,TCL科技,2025-10-17 13:49:09,4.13,259800,4.14,D
sz000100,TCL科技,2025-10-17 13:49:12,4.13,26000,4.13,D
sz000100,TCL科技,2025-10-17 13:49:15,4.14,29400,4.13,U
sz000100,TCL科技,2025-10-17 13:49:18,4.14,22300,4.14,U
sz000100,TCL科技,2025-10-17 13:49:33,4.13,59900,4.14,D
sz000100,TCL科技,2025-10-17 13:49:48,4.14,235800,4.13,U
sz000100,TCL科技,2025-10-17 13:49:51,4.13,58700,4.14,D
sz000100,TCL科技,2025-10-17 13:49:54,4.14,60300,4.13,U
sz000100,TCL科技,2025-10-17 13:50:00,4.13,110000,4.14,D
sz000100,TCL科技,2025-10-17 13:50:09,4.13,20000,4.13,D
sz000100,TCL科技,2025-10-17 13:50:21,4.13,32700,4.14,D
sz000100,TCL科技,2025-10-17 13:50:33,4.13,40200,4.14,D
sz000100,TCL科技,2025-10-17 13:50:36,4.13,225200,4.13,D
sz000100,TCL科技,2025-10-17 13:50:39,4.13,34000,4.13,D
sz000100,TCL科技,2025-10-17 13:50:48,4.14,31200,4.13,U
sz000100,TCL科技,2025-10-17 13:50:51,4.13,293100,4.14,D
sz000100,TCL科技,2025-10-17 13:50:57,4.14,32400,4.14,U
sz000100,TCL科技,2025-10-17 13:51:06,4.13,41200,4.14,D
sz000100,TCL科技,2025-10-17 13:51:21,4.14,33900,4.14,U
sz000100,TCL科技,2025-10-17 13:51:30,4.13,36500,4.14,D
sz000100,TCL科技,2025-10-17 13:51:33,4.14,24100,4.13,U
sz000100,TCL科技,2025-10-17 13:51:39,4.14,30400,4.14,U
sz000100,TCL科技,2025-10-17 13:51:54,4.13,29700,4.13,D
sz000100,TCL科技,2025-10-17 13:52:00,4.13,50600,4.14,D
sz000100,TCL科技,2025-10-17 13:52:06,4.14,113300,4.13,U
sz000100,TCL科技,2025-10-17 13:52:12,4.13,24400,4.14,D
sz000100,TCL科技,2025-10-17 13:52:18,4.14,67400,4.14,U
sz000100,TCL科技,2025-10-17 13:52:24,4.14,20000,4.13,U
sz000100,TCL科技,2025-10-17 13:52:27,4.14,247000,4.14,U
sz000100,TCL科技,2025-10-17 13:52:33,4.13,261400,4.14,D
sz000100,TCL科技,2025-10-17 13:52:39,4.14,35600,4.13,U
sz000100,TCL科技,2025-10-17 13:52:48,4.14,36500,4.14,U
sz000100,TCL科技,2025-10-17 13:52:57,4.14,21000,4.14,U
sz000100,TCL科技,2025-10-17 13:53:09,4.13,38000,4.14,D
sz000100,TCL科技,2025-10-17 13:53:12,4.13,31700,4.13,D
sz000100,TCL科技,2025-10-17 13:53:33,4.13,49300,4.14,D
sz000100,TCL科技,2025-10-17 13:53:36,4.13,26500,4.13,D
sz000100,TCL科技,2025-10-17 13:53:42,4.14,26700,4.13,U
sz000100,TCL科技,2025-10-17 13:53:48,4.14,41600,4.14,U
sz000100,TCL科技,2025-10-17 13:54:06,4.13,21800,4.14,D
sz000100,TCL科技,2025-10-17 13:54:12,4.14,405400,4.14,U
sz000100,TCL科技,2025-10-17 13:54:15,4.13,234100,4.14,D
sz000100,TCL科技,2025-10-17 13:54:21,4.13,282000,4.13,D
sz000100,TCL科技,2025-10-17 13:54:24,4.13,31100,4.13,D
sz000100,TCL科技,2025-10-17 13:54:33,4.13,28800,4.14,D
sz000100,TCL科技,2025-10-17 13:54:42,4.14,49020,4.14,U
sz000100,TCL科技,2025-10-17 13:54:54,4.13,22600,4.14,D
sz000100,TCL科技,2025-10-17 13:55:12,4.14,40400,4.14,U
sz000100,TCL科技,2025-10-17 13:55:15,4.13,1108500,4.14,D
sz000100,TCL科技,2025-10-17 13:55:30,4.13,30300,4.14,D
