symbol,name,ticktime,price,volume,prev_price,kind
sz000100,TCL科技,2025-09-16 09:25:00,4.42,1000510,0.0,U
sz000100,TCL科技,2025-09-16 09:30:00,4.42,122000,4.42,D
sz000100,TCL科技,2025-09-16 09:30:03,4.41,1167790,4.42,D
sz000100,TCL科技,2025-09-16 09:30:06,4.42,206420,4.41,U
sz000100,TCL科技,2025-09-16 09:30:09,4.43,101900,4.42,U
sz000100,TCL科技,2025-09-16 09:30:12,4.42,124780,4.43,D
sz000100,TCL科技,2025-09-16 09:30:15,4.42,63600,4.42,U
sz000100,TCL科技,2025-09-16 09:30:18,4.42,38400,4.42,U
sz000100,TCL科技,2025-09-16 09:30:21,4.42,51100,4.42,U
sz000100,TCL科技,2025-09-16 09:30:24,4.42,59300,4.42,U
sz000100,TCL科技,2025-09-16 09:30:27,4.42,29300,4.42,U
sz000100,TCL科技,2025-09-16 09:30:30,4.41,46300,4.42,D
sz000100,TCL科技,2025-09-16 09:30:33,4.41,72700,4.41,D
sz000100,TCL科技,2025-09-16 09:30:36,4.41,38300,4.41,D
sz000100,TCL科技,2025-09-16 09:30:39,4.41,163330,4.41,D
sz000100,TCL科技,2025-09-16 09:30:42,4.42,54400,4.41,U
sz000100,TCL科技,2025-09-16 09:30:45,4.41,32500,4.42,D
sz000100,TCL科技,2025-09-16 09:30:48,4.41,248600,4.41,D
sz000100,TCL科技,2025-09-16 09:30:54,4.41,535970,4.41,D
sz000100,TCL科技,2025-09-16 09:30:57,4.41,105900,4.41,U
sz000100,TCL科技,2025-09-16 09:31:00,4.4,38100,4.41,D
sz000100,TCL科技,2025-09-16 09:31:03,4.41,143200,4.4,U
sz000100,TCL科技,2025-09-16 09:31:06,4.4,34000,4.41,D
sz000100,TCL科技,2025-09-16 09:31:09,4.4,59800,4.4,D
sz000100,TCL科技,2025-09-16 09:31:12,4.41,125300,4.4,U
sz000100,TCL科技,2025-09-16 09:31:15,4.4,379100,4.41,D
sz000100,TCL科技,2025-09-16 09:31:21,4.4,30400,4.4,D
sz000100,TCL科技,2025-09-16 09:31:24,4.4,85200,4.4,D
sz000100,TCL科技,2025-09-16 09:31:30,4.41,42900,4.4,U
sz000100,TCL科技,2025-09-16 09:31:36,4.41,259700,4.4,U
sz000100,TCL科技,2025-09-16 09:31:39,4.41,62200,4.41,U
sz000100,TCL科技,2025-09-16 09:31:42,4.41,72400,4.41,U
sz000100,TCL科技,2025-09-16 09:31:48,4.41,23300,4.4,U
sz000100,TCL科技,2025-09-16 09:31:54,4.41,44800,4.41,U
sz000100,TCL科技,2025-09-16 09:31:57,4.4,524600,4.41,D
sz000100,TCL科技,2025-09-16 09:32:00,4.4,45400,4.4,D
sz000100,TCL科技,2025-09-16 09:32:03,4.4,72900,4.4,D
sz000100,TCL科技,2025-09-16 09:32:09,4.41,73200,4.4,U
sz000100,TCL科技,2025-09-16 09:32:15,4.41,23100,4.4,U
sz000100,TCL科技,2025-09-16 09:32:18,4.41,398100,4.41,U
sz000100,TCL科技,2025-09-16 09:32:21,4.4,21000,4.41,D
sz000100,TCL科技,2025-09-16 09:32:27,4.41,41900,4.4,U
sz000100,TCL科技,2025-09-16 09:32:30,4.4,105100,4.41,D
sz000100,TCL科技,2025-09-16 09:32:33,4.41,85700,4.4,U
sz000100,TCL科技,2025-09-16 09:32:36,4.4,66000,4.41,D
sz000100,TCL科技,2025-09-16 09:32:45,4.4,59500,4.4,D
sz000100,TCL科技,2025-09-16 09:32:48,4.4,276200,4.4,D
sz000100,TCL科技,2025-09-16 09:32:51,4.41,103900,4.4,U
sz000100,TCL科技,2025-09-16 09:32:54,4.4,51300,4.41,D
sz000100,TCL科技,2025-09-16 09:32:57,4.41,30700,4.4,U
sz000100,TCL科技,2025-09-16 09:33:00,4.4,23420,4.41,D
sz000100,TCL科技,2025-09-16 09:33:03,4.41,50700,4.4,U
sz000100,TCL科技,2025-09-16 09:33:06,4.41,48300,4.41,U
sz000100,TCL科技,2025-09-16 09:33:09,4.4,30200,4.41,D
sz000100,TCL科技,2025-09-16 09:33:12,4.4,36300,4.4,D
sz000100,TCL科技,2025-09-16 09:33:15,4.41,30600,4.4,U
sz000100,TCL科技,2025-09-16 09:33:18,4.4,27800,4.41,D
sz000100,TCL科技,2025-09-16 09:33:24,4.4,34500,4.4,D
sz000100,TCL科技,2025-09-16 09:33:27,4.4,25400,4.4,D
sz000100,TCL科技,2025-09-16 09:33:30,4.4,2864180,4.4,D
sz000100,TCL科技,2025-09-16 09:33:33,4.4,26500,4.4,U
sz000100,TCL科技,2025-09-16 09:33:36,4.4,107100,4.4,U
sz000100,TCL科技,2025-09-16 09:33:39,4.39,37000,4.4,D
sz000100,TCL科技,2025-09-16 09:33:42,4.4,64600,4.39,U
sz000100,TCL科技,2025-09-16 09:33:45,4.39,56500,4.4,D
sz000100,TCL科技,2025-09-16 09:33:48,4.39,52000,4.39,D
sz000100,TCL科技,2025-09-16 09:33:51,4.39,84600,4.39,D
sz000100,TCL科技,2025-09-16 09:33:54,4.39,78450,4.39,D
sz000100,TCL科技,2025-09-16 09:33:57,4.4,23000,4.39,U
sz000100,TCL科技,2025-09-16 09:34:00,4.39,285000,4.4,D
sz000100,TCL科技,2025-09-16 09:34:03,4.4,61900,4.39,U
sz000100,TCL科技,2025-09-16 09:34:06,4.39,335000,4.4,D
sz000100,TCL科技,2025-09-16 09:34:12,4.4,61000,4.39,U
sz000100,TCL科技,2025-09-16 09:34:15,4.39,50500,4.4,D
sz000100,TCL科技,2025-09-16 09:34:18,4.39,46000,4.39,D
sz000100,TCL科技,2025-09-16 09:34:21,4.4,87900,4.39,U
sz000100,TCL科技,2025-09-16 09:34:24,4.4,51800,4.4,U
sz000100,TCL科技,2025-09-16 09:34:27,4.39,55800,4.4,D
sz000100,TCL科技,2025-09-16 09:34:30,4.39,32000,4.39,D
sz000100,TCL科技,2025-09-16 09:34:33,4.4,47100,4.39,U
sz000100,TCL科技,2025-09-16 09:34:36,4.39,58800,4.4,D
sz000100,TCL科技,2025-09-16 09:34:39,4.4,34800,4.39,U
sz000100,TCL科技,2025-09-16 09:34:42,4.39,45400,4.4,D
sz000100,TCL科技,2025-09-16 09:34:45,4.4,24600,4.39,U
sz000100,TCL科技,2025-09-16 09:34:48,4.4,256800,4.4,U
sz000100,TCL科技,2025-09-16 09:34:51,4.4,21700,4.4,U
sz000100,TCL科技,2025-09-16 09:34:54,4.39,24500,4.4,D
sz000100,TCL科技,2025-09-16 09:34:57,4.4,31800,4.39,U
sz000100,TCL科技,2025-09-16 09:35:00,4.39,34900,4.4,D
sz000100,TCL科技,2025-09-16 09:35:06,4.4,134600,4.4,U
sz000100,TCL科技,2025-09-16 09:35:09,4.4,66800,4.4,U
sz000100,TCL科技,2025-09-16 09:35:12,4.39,122300,4.4,D
sz000100,TCL科技,2025-09-16 09:35:15,4.39,206000,4.39,D
sz000100,TCL科技,2025-09-16 09:35:18,4.4,25400,4.39,U
sz000100,TCL科技,2025-09-16 09:35:21,4.4,53700,4.4,U
sz000100,TCL科技,2025-09-16 09:35:24,4.4,48000,4.4,U
sz000100,TCL科技,2025-09-16 09:35:30,4.39,115500,4.4,D
sz000100,TCL科技,2025-09-16 09:35:33,4.4,88900,4.39,U
sz000100,TCL科技,2025-09-16 09:35:36,4.39,38300,4.4,D
sz000100,TCL科技,2025-09-16 09:35:39,4.39,118600,4.39,D
sz000100,TCL科技,2025-09-16 09:35:42,4.4,35900,4.39,U
sz000100,TCL科技,2025-09-16 09:35:45,4.4,63600,4.4,U
sz000100,TCL科技,2025-09-16 09:35:48,4.4,35400,4.4,U
sz000100,TCL科技,2025-09-16 09:35:51,4.39,44300,4.4,D
sz000100,TCL科技,2025-09-16 09:35:54,4.4,134800,4.39,U
sz000100,TCL科技,2025-09-16 09:35:57,4.39,395100,4.4,D
sz000100,TCL科技,2025-09-16 09:36:00,4.39,41100,4.39,D
sz000100,TCL科技,2025-09-16 09:36:03,4.39,120700,4.39,D
sz000100,TCL科技,2025-09-16 09:36:06,4.39,86200,4.39,D
sz000100,TCL科技,2025-09-16 09:36:09,4.39,113400,4.39,D
sz000100,TCL科技,2025-09-16 09:36:12,4.4,92900,4.39,U
sz000100,TCL科技,2025-09-16 09:36:15,4.39,39700,4.4,D
sz000100,TCL科技,2025-09-16 09:36:18,4.39,45300,4.39,D
sz000100,TCL科技,2025-09-16 09:36:21,4.39,116300,4.39,D
sz000100,TCL科技,2025-09-16 09:36:24,4.39,35100,4.39,D
sz000100,TCL科技,2025-09-16 09:36:27,4.39,62700,4.39,D
sz000100,TCL科技,2025-09-16 09:36:30,4.4,51900,4.39,U
sz000100,TCL科技,2025-09-16 09:36:33,4.4,26800,4.4,U
sz000100,TCL科技,2025-09-16 09:36:39,4.39,35200,4.39,D
sz000100,TCL科技,2025-09-16 09:36:42,4.4,165400,4.39,U
sz000100,TCL科技,2025-09-16 09:36:45,4.41,2181487,4.4,U
sz000100,TCL科技,2025-09-16 09:36:48,4.4,67030,4.41,D
sz000100,TCL科技,2025-09-16 09:36:51,4.4,34000,4.4,D
sz000100,TCL科技,2025-09-16 09:36:54,4.41,53000,4.4,U
sz000100,TCL科技,2025-09-16 09:37:00,4.4,26200,4.4,D
sz000100,TCL科技,2025-09-16 09:37:03,4.41,90700,4.4,U
sz000100,TCL科技,2025-09-16 09:37:06,4.41,21400,4.41,U
sz000100,TCL科技,2025-09-16 09:37:09,4.4,114700,4.41,D
sz000100,TCL科技,2025-09-16 09:37:15,4.4,77000,4.41,D
sz000100,TCL科技,2025-09-16 09:37:18,4.41,50800,4.4,U
sz000100,TCL科技,2025-09-16 09:37:27,4.4,30900,4.4,D
sz000100,TCL科技,2025-09-16 09:37:30,4.4,21800,4.4,D
sz000100,TCL科技,2025-09-16 09:37:33,4.4,50300,4.4,D
sz000100,TCL科技,2025-09-16 09:37:36,4.41,28400,4.4,U
sz000100,TCL科技,2025-09-16 09:37:39,4.4,78700,4.41,D
sz000100,TCL科技,2025-09-16 09:37:45,4.4,29200,4.4,D
sz000100,TCL科技,2025-09-16 09:37:48,4.41,38900,4.4,U
sz000100,TCL科技,2025-09-16 09:37:51,4.4,98700,4.41,D
sz000100,TCL科技,2025-09-16 09:37:57,4.4,50300,4.4,D
sz000100,TCL科技,2025-09-16 09:38:00,4.4,61900,4.4,D
sz000100,TCL科技,2025-09-16 09:38:06,4.41,47200,4.4,U
sz000100,TCL科技,2025-09-16 09:38:09,4.4,23000,4.41,D
sz000100,TCL科技,2025-09-16 09:38:12,4.4,99900,4.4,D
sz000100,TCL科技,2025-09-16 09:38:15,4.4,26430,4.4,D
sz000100,TCL科技,2025-09-16 09:38:18,4.4,56140,4.4,D
sz000100,TCL科技,2025-09-16 09:38:21,4.41,76480,4.4,U
sz000100,TCL科技,2025-09-16 09:38:27,4.41,45400,4.41,U
sz000100,TCL科技,2025-09-16 09:38:30,4.4,25100,4.41,D
sz000100,TCL科技,2025-09-16 09:38:36,4.41,20400,4.4,U
sz000100,TCL科技,2025-09-16 09:38:39,4.4,133900,4.41,D
sz000100,TCL科技,2025-09-16 09:38:42,4.4,47700,4.4,D
sz000100,TCL科技,2025-09-16 09:38:45,4.4,46450,4.4,D
sz000100,TCL科技,2025-09-16 09:38:54,4.41,24200,4.4,U
sz000100,TCL科技,2025-09-16 09:39:09,4.4,25600,4.4,D
sz000100,TCL科技,2025-09-16 09:39:12,4.4,2195500,4.4,D
sz000100,TCL科技,2025-09-16 09:39:15,4.4,1414900,4.4,D
sz000100,TCL科技,2025-09-16 09:39:18,4.4,1155800,4.4,D
sz000100,TCL科技,2025-09-16 09:39:21,4.4,35900,4.4,U
sz000100,TCL科技,2025-09-16 09:39:24,4.4,56400,4.4,U
sz000100,TCL科技,2025-09-16 09:39:27,4.39,390600,4.4,D
sz000100,TCL科技,2025-09-16 09:39:30,4.39,63200,4.39,D
sz000100,TCL科技,2025-09-16 09:39:36,4.4,44000,4.39,U
sz000100,TCL科技,2025-09-16 09:39:39,4.4,51100,4.4,U
sz000100,TCL科技,2025-09-16 09:39:45,4.4,607200,4.4,U
sz000100,TCL科技,2025-09-16 09:39:48,4.39,142700,4.4,D
sz000100,TCL科技,2025-09-16 09:39:51,4.4,138600,4.39,U
sz000100,TCL科技,2025-09-16 09:39:54,4.4,94700,4.4,U
sz000100,TCL科技,2025-09-16 09:39:57,4.4,38300,4.4,U
sz000100,TCL科技,2025-09-16 09:40:00,4.39,911900,4.4,D
sz000100,TCL科技,2025-09-16 09:40:06,4.39,74100,4.4,D
sz000100,TCL科技,2025-09-16 09:40:09,4.4,633000,4.39,U
sz000100,TCL科技,2025-09-16 09:40:12,4.4,318600,4.4,U
sz000100,TCL科技,2025-09-16 09:40:15,4.39,130000,4.4,D
sz000100,TCL科技,2025-09-16 09:40:21,4.4,97500,4.39,U
sz000100,TCL科技,2025-09-16 09:40:24,4.39,40200,4.4,D
sz000100,TCL科技,2025-09-16 09:40:30,4.39,47000,4.39,D
sz000100,TCL科技,2025-09-16 09:40:33,4.39,42000,4.39,D
sz000100,TCL科技,2025-09-16 09:40:36,4.4,83100,4.39,U
sz000100,TCL科技,2025-09-16 09:40:42,4.4,21300,4.39,U
sz000100,TCL科技,2025-09-16 09:40:48,4.4,83500,4.39,U
sz000100,TCL科技,2025-09-16 09:40:51,4.4,33500,4.4,U
sz000100,TCL科技,2025-09-16 09:40:54,4.39,49400,4.4,D
sz000100,TCL科技,2025-09-16 09:41:03,4.39,57200,4.39,D
sz000100,TCL科技,2025-09-16 09:41:06,4.4,80300,4.39,U
sz000100,TCL科技,2025-09-16 09:41:09,4.4,50500,4.4,U
sz000100,TCL科技,2025-09-16 09:41:12,4.4,138500,4.4,U
sz000100,TCL科技,2025-09-16 09:41:15,4.39,35400,4.4,D
sz000100,TCL科技,2025-09-16 09:41:18,4.4,44100,4.39,U
sz000100,TCL科技,2025-09-16 09:41:21,4.4,237700,4.4,U
sz000100,TCL科技,2025-09-16 09:41:24,4.4,115600,4.4,U
sz000100,TCL科技,2025-09-16 09:41:27,4.39,140200,4.4,D
sz000100,TCL科技,2025-09-16 09:41:30,4.39,233910,4.39,D
sz000100,TCL科技,2025-09-16 09:41:33,4.4,93900,4.39,U
sz000100,TCL科技,2025-09-16 09:41:36,4.4,61500,4.4,U
sz000100,TCL科技,2025-09-16 09:41:39,4.4,80800,4.4,U
sz000100,TCL科技,2025-09-16 09:41:42,4.4,27900,4.4,U
sz000100,TCL科技,2025-09-16 09:41:48,4.39,55900,4.4,D
sz000100,TCL科技,2025-09-16 09:41:57,4.39,84900,4.39,D
sz000100,TCL科技,2025-09-16 09:42:00,4.39,28800,4.39,D
sz000100,TCL科技,2025-09-16 09:42:06,4.39,317400,4.4,D
sz000100,TCL科技,2025-09-16 09:42:12,4.39,55200,4.39,D
sz000100,TCL科技,2025-09-16 09:42:15,4.39,31000,4.39,D
sz000100,TCL科技,2025-09-16 09:42:18,4.39,72800,4.39,D
sz000100,TCL科技,2025-09-16 09:42:21,4.39,83100,4.39,D
sz000100,TCL科技,2025-09-16 09:42:24,4.39,7090380,4.39,D
sz000100,TCL科技,2025-09-16 09:42:27,4.39,563100,4.39,U
sz000100,TCL科技,2025-09-16 09:42:30,4.38,25000,4.39,D
sz000100,TCL科技,2025-09-16 09:42:33,4.39,217600,4.38,U
sz000100,TCL科技,2025-09-16 09:42:42,4.38,51400,4.38,D
sz000100,TCL科技,2025-09-16 09:42:48,4.39,86200,4.39,U
sz000100,TCL科技,2025-09-16 09:42:51,4.39,28400,4.39,U
sz000100,TCL科技,2025-09-16 09:42:54,4.38,258000,4.39,D
sz000100,TCL科技,2025-09-16 09:43:00,4.38,368500,4.39,D
sz000100,TCL科技,2025-09-16 09:43:03,4.38,254200,4.38,D
sz000100,TCL科技,2025-09-16 09:43:09,4.38,139400,4.39,D
sz000100,TCL科技,2025-09-16 09:43:12,4.38,67900,4.38,D
sz000100,TCL科技,2025-09-16 09:43:18,4.38,66400,4.38,D
sz000100,TCL科技,2025-09-16 09:43:21,4.39,285600,4.38,U
sz000100,TCL科技,2025-09-16 09:43:24,4.39,31000,4.39,U
sz000100,TCL科技,2025-09-16 09:43:27,4.39,56600,4.39,U
sz000100,TCL科技,2025-09-16 09:43:30,4.38,46200,4.39,D
sz000100,TCL科技,2025-09-16 09:43:33,4.38,34900,4.38,D
sz000100,TCL科技,2025-09-16 09:43:36,4.39,54600,4.38,U
sz000100,TCL科技,2025-09-16 09:43:39,4.39,46900,4.39,U
sz000100,TCL科技,2025-09-16 09:43:45,4.39,30800,4.39,U
sz000100,TCL科技,2025-09-16 09:43:48,4.38,45300,4.39,D
sz000100,TCL科技,2025-09-16 09:43:54,4.39,36600,4.39,U
sz000100,TCL科技,2025-09-16 09:44:00,4.38,31400,4.39,D
sz000100,TCL科技,2025-09-16 09:44:03,4.39,87400,4.38,U
sz000100,TCL科技,2025-09-16 09:44:06,4.39,41800,4.39,U
sz000100,TCL科技,2025-09-16 09:44:09,4.38,226400,4.39,D
sz000100,TCL科技,2025-09-16 09:44:15,4.39,20200,4.39,U
sz000100,TCL科技,2025-09-16 09:44:21,4.38,99200,4.39,D
sz000100,TCL科技,2025-09-16 09:44:24,4.38,43530,4.38,D
sz000100,TCL科技,2025-09-16 09:44:27,4.39,53400,4.38,U
sz000100,TCL科技,2025-09-16 09:44:36,4.38,24200,4.39,D
sz000100,TCL科技,2025-09-16 09:44:39,4.38,21900,4.38,D
sz000100,TCL科技,2025-09-16 09:44:42,4.39,57400,4.38,U
sz000100,TCL科技,2025-09-16 09:44:54,4.39,76900,4.39,U
sz000100,TCL科技,2025-09-16 09:45:03,4.38,58710,4.38,D
sz000100,TCL科技,2025-09-16 09:45:06,4.39,25000,4.38,U
sz000100,TCL科技,2025-09-16 09:45:15,4.38,45100,4.39,D
sz000100,TCL科技,2025-09-16 09:45:21,4.38,120200,4.38,D
sz000100,TCL科技,2025-09-16 09:45:24,4.39,48100,4.38,U
sz000100,TCL科技,2025-09-16 09:45:27,4.39,41000,4.39,U
sz000100,TCL科技,2025-09-16 09:45:30,4.39,65300,4.39,U
sz000100,TCL科技,2025-09-16 09:45:36,4.39,58400,4.38,U
sz000100,TCL科技,2025-09-16 09:45:45,4.39,40800,4.39,U
sz000100,TCL科技,2025-09-16 09:45:48,4.39,29700,4.39,U
sz000100,TCL科技,2025-09-16 09:45:51,4.39,59200,4.39,U
sz000100,TCL科技,2025-09-16 09:45:54,4.39,42600,4.39,U
sz000100,TCL科技,2025-09-16 09:45:57,4.39,62700,4.39,U
sz000100,TCL科技,2025-09-16 09:46:00,4.38,151300,4.39,D
sz000100,TCL科技,2025-09-16 09:46:03,4.39,3353160,4.38,U
sz000100,TCL科技,2025-09-16 09:46:06,4.39,506600,4.39,D
sz000100,TCL科技,2025-09-16 09:46:09,4.39,193800,4.39,D
sz000100,TCL科技,2025-09-16 09:46:12,4.39,586300,4.39,D
sz000100,TCL科技,2025-09-16 09:46:15,4.39,162800,4.39,U
sz000100,TCL科技,2025-09-16 09:46:18,4.39,120900,4.39,U
sz000100,TCL科技,2025-09-16 09:46:21,4.39,228500,4.39,U
sz000100,TCL科技,2025-09-16 09:46:24,4.38,314900,4.39,D
sz000100,TCL科技,2025-09-16 09:46:27,4.39,61800,4.38,U
sz000100,TCL科技,2025-09-16 09:46:30,4.38,68100,4.39,D
sz000100,TCL科技,2025-09-16 09:46:33,4.39,101100,4.38,U
sz000100,TCL科技,2025-09-16 09:46:36,4.39,165400,4.39,U
sz000100,TCL科技,2025-09-16 09:46:39,4.39,112400,4.39,U
sz000100,TCL科技,2025-09-16 09:46:42,4.39,110200,4.39,U
sz000100,TCL科技,2025-09-16 09:46:45,4.39,159200,4.39,U
sz000100,TCL科技,2025-09-16 09:46:48,4.39,383500,4.39,U
sz000100,TCL科技,2025-09-16 09:46:51,4.39,87800,4.39,U
sz000100,TCL科技,2025-09-16 09:46:54,4.39,177400,4.39,U
sz000100,TCL科技,2025-09-16 09:46:57,4.39,167400,4.39,U
sz000100,TCL科技,2025-09-16 09:47:00,4.38,262800,4.39,D
sz000100,TCL科技,2025-09-16 09:47:03,4.38,568300,4.38,D
sz000100,TCL科技,2025-09-16 09:47:06,4.39,36300,4.38,U
sz000100,TCL科技,2025-09-16 09:47:09,4.38,21400,4.39,D
sz000100,TCL科技,2025-09-16 09:47:12,4.39,54400,4.38,U
sz000100,TCL科技,2025-09-16 09:47:15,4.39,56200,4.39,U
sz000100,TCL科技,2025-09-16 09:47:18,4.39,45900,4.39,U
sz000100,TCL科技,2025-09-16 09:47:21,4.39,34200,4.39,U
sz000100,TCL科技,2025-09-16 09:47:27,4.38,22900,4.39,D
sz000100,TCL科技,2025-09-16 09:47:30,4.38,32900,4.38,D
sz000100,TCL科技,2025-09-16 09:47:42,4.39,62000,4.39,U
sz000100,TCL科技,2025-09-16 09:47:45,4.38,82200,4.39,D
sz000100,TCL科技,2025-09-16 09:47:54,4.39,61700,4.39,U
sz000100,TCL科技,2025-09-16 09:48:00,4.38,50500,4.39,D
sz000100,TCL科技,2025-09-16 09:48:06,4.38,43400,4.39,D
sz000100,TCL科技,2025-09-16 09:48:09,4.39,1062200,4.38,U
sz000100,TCL科技,2025-09-16 09:48:12,4.39,85100,4.39,U
sz000100,TCL科技,2025-09-16 09:48:15,4.39,119700,4.39,U
sz000100,TCL科技,2025-09-16 09:48:18,4.39,34100,4.39,U
sz000100,TCL科技,2025-09-16 09:48:21,4.38,103300,4.39,D
sz000100,TCL科技,2025-09-16 09:48:24,4.39,56740,4.38,U
sz000100,TCL科技,2025-09-16 09:48:27,4.39,94800,4.39,U
sz000100,TCL科技,2025-09-16 09:48:30,4.38,27600,4.39,D
sz000100,TCL科技,2025-09-16 09:48:33,4.38,77800,4.38,D
sz000100,TCL科技,2025-09-16 09:48:36,4.38,35600,4.38,D
sz000100,TCL科技,2025-09-16 09:48:39,4.38,36200,4.38,D
sz000100,TCL科技,2025-09-16 09:48:42,4.39,78000,4.38,U
sz000100,TCL科技,2025-09-16 09:48:48,4.39,72200,4.39,U
sz000100,TCL科技,2025-09-16 09:48:51,4.38,88700,4.39,D
sz000100,TCL科技,2025-09-16 09:48:57,4.39,34000,4.39,U
sz000100,TCL科技,2025-09-16 09:49:00,4.38,61100,4.39,D
sz000100,TCL科技,2025-09-16 09:49:12,4.38,29400,4.39,D
sz000100,TCL科技,2025-09-16 09:49:15,4.39,22400,4.38,U
sz000100,TCL科技,2025-09-16 09:49:18,4.38,22940,4.39,D
sz000100,TCL科技,2025-09-16 09:49:21,4.39,61000,4.38,U
sz000100,TCL科技,2025-09-16 09:49:27,4.39,25200,4.39,U
sz000100,TCL科技,2025-09-16 09:49:30,4.39,35300,4.39,U
sz000100,TCL科技,2025-09-16 09:49:33,4.39,51000,4.39,U
sz000100,TCL科技,2025-09-16 09:49:36,4.38,25400,4.39,D
sz000100,TCL科技,2025-09-16 09:49:39,4.39,36900,4.38,U
sz000100,TCL科技,2025-09-16 09:49:45,4.38,20200,4.39,D
sz000100,TCL科技,2025-09-16 09:49:54,4.38,55700,4.38,D
sz000100,TCL科技,2025-09-16 09:49:57,4.39,168500,4.38,U
sz000100,TCL科技,2025-09-16 09:50:00,4.38,29800,4.39,D
sz000100,TCL科技,2025-09-16 09:50:03,4.39,136000,4.38,U
sz000100,TCL科技,2025-09-16 09:50:06,4.39,489100,4.39,U
sz000100,TCL科技,2025-09-16 09:50:09,4.38,33400,4.39,D
sz000100,TCL科技,2025-09-16 09:50:12,4.39,167300,4.38,U
sz000100,TCL科技,2025-09-16 09:50:15,4.39,33100,4.39,U
sz000100,TCL科技,2025-09-16 09:50:18,4.39,145500,4.39,U
sz000100,TCL科技,2025-09-16 09:50:21,4.39,70200,4.39,U
sz000100,TCL科技,2025-09-16 09:50:24,4.39,50180,4.39,U
sz000100,TCL科技,2025-09-16 09:50:27,4.39,162800,4.39,U
sz000100,TCL科技,2025-09-16 09:50:30,4.39,140900,4.39,U
sz000100,TCL科技,2025-09-16 09:50:33,4.39,108400,4.39,U
sz000100,TCL科技,2025-09-16 09:50:36,4.39,238300,4.39,U
sz000100,TCL科技,2025-09-16 09:50:39,4.39,34400,4.39,U
sz000100,TCL科技,2025-09-16 09:50:42,4.39,38300,4.39,U
sz000100,TCL科技,2025-09-16 09:50:45,4.39,115400,4.39,U
sz000100,TCL科技,2025-09-16 09:50:48,4.39,147600,4.39,U
sz000100,TCL科技,2025-09-16 09:50:57,4.39,115300,4.39,U
sz000100,TCL科技,2025-09-16 09:51:00,4.38,21300,4.39,D
sz000100,TCL科技,2025-09-16 09:51:06,4.39,127730,4.38,U
sz000100,TCL科技,2025-09-16 09:51:09,4.39,127700,4.39,U
sz000100,TCL科技,2025-09-16 09:51:12,4.38,49700,4.39,D
sz000100,TCL科技,2025-09-16 09:51:15,4.38,27300,4.38,D
sz000100,TCL科技,2025-09-16 09:51:18,4.39,461400,4.38,U
sz000100,TCL科技,2025-09-16 09:51:27,4.39,113700,4.39,U
sz000100,TCL科技,2025-09-16 09:51:30,4.38,50200,4.39,D
sz000100,TCL科技,2025-09-16 09:51:33,4.39,35300,4.38,U
sz000100,TCL科技,2025-09-16 09:51:36,4.39,106500,4.39,U
sz000100,TCL科技,2025-09-16 09:51:48,4.39,110500,4.39,U
sz000100,TCL科技,2025-09-16 09:51:57,4.38,203800,4.39,D
sz000100,TCL科技,2025-09-16 09:52:00,4.38,391100,4.38,D
sz000100,TCL科技,2025-09-16 09:52:06,4.39,116500,4.38,U
sz000100,TCL科技,2025-09-16 09:52:18,4.39,104300,4.38,U
sz000100,TCL科技,2025-09-16 09:52:21,4.39,146700,4.39,U
sz000100,TCL科技,2025-09-16 09:52:27,4.38,1107060,4.38,D
sz000100,TCL科技,2025-09-16 09:52:30,4.37,11729430,4.38,D
sz000100,TCL科技,2025-09-16 09:52:33,4.38,485400,4.37,U
sz000100,TCL科技,2025-09-16 09:52:36,4.38,37400,4.38,U
sz000100,TCL科技,2025-09-16 09:52:39,4.37,26800,4.38,D
sz000100,TCL科技,2025-09-16 09:52:45,4.37,214000,4.37,D
sz000100,TCL科技,2025-09-16 09:52:48,4.37,33100,4.37,D
sz000100,TCL科技,2025-09-16 09:52:51,4.37,27100,4.37,D
sz000100,TCL科技,2025-09-16 09:52:54,4.38,25800,4.37,U
sz000100,TCL科技,2025-09-16 09:52:57,4.37,66900,4.38,D
sz000100,TCL科技,2025-09-16 09:53:03,4.37,28300,4.37,D
sz000100,TCL科技,2025-09-16 09:53:06,4.37,28920,4.37,D
sz000100,TCL科技,2025-09-16 09:53:15,4.38,88900,4.37,U
sz000100,TCL科技,2025-09-16 09:53:18,4.37,54100,4.38,D
sz000100,TCL科技,2025-09-16 09:53:24,4.38,32800,4.38,U
sz000100,TCL科技,2025-09-16 09:53:27,4.37,42400,4.38,D
sz000100,TCL科技,2025-09-16 09:53:30,4.37,24000,4.37,D
sz000100,TCL科技,2025-09-16 09:53:33,4.37,76100,4.37,D
sz000100,TCL科技,2025-09-16 09:53:39,4.38,42300,4.38,U
sz000100,TCL科技,2025-09-16 09:53:45,4.38,38400,4.37,U
sz000100,TCL科技,2025-09-16 09:53:57,4.38,97900,4.37,U
sz000100,TCL科技,2025-09-16 09:54:03,4.38,41200,4.37,U
sz000100,TCL科技,2025-09-16 09:54:06,4.38,36800,4.38,U
sz000100,TCL科技,2025-09-16 09:54:09,4.37,35500,4.38,D
sz000100,TCL科技,2025-09-16 09:54:12,4.38,48900,4.37,U
sz000100,TCL科技,2025-09-16 09:54:18,4.39,2388810,4.38,U
sz000100,TCL科技,2025-09-16 09:54:21,4.38,160900,4.39,D
sz000100,TCL科技,2025-09-16 09:54:24,4.38,64100,4.38,D
sz000100,TCL科技,2025-09-16 09:54:27,4.38,108800,4.38,D
sz000100,TCL科技,2025-09-16 09:54:30,4.38,74900,4.38,D
sz000100,TCL科技,2025-09-16 09:54:33,4.39,155000,4.38,U
sz000100,TCL科技,2025-09-16 09:54:36,4.38,142980,4.39,D
sz000100,TCL科技,2025-09-16 09:54:42,4.39,75300,4.38,U
sz000100,TCL科技,2025-09-16 09:54:48,4.38,119900,4.39,D
sz000100,TCL科技,2025-09-16 09:54:54,4.38,105100,4.38,D
sz000100,TCL科技,2025-09-16 09:54:57,4.38,129200,4.38,D
sz000100,TCL科技,2025-09-16 09:55:09,4.39,103400,4.38,U
sz000100,TCL科技,2025-09-16 09:55:18,4.38,101000,4.39,D
sz000100,TCL科技,2025-09-16 09:55:27,4.39,115000,4.39,U
sz000100,TCL科技,2025-09-16 09:55:33,4.39,66500,4.38,U
sz000100,TCL科技,2025-09-16 09:55:36,4.38,106100,4.39,D
sz000100,TCL科技,2025-09-16 09:55:45,4.39,281800,4.39,U
sz000100,TCL科技,2025-09-16 09:55:48,4.39,136700,4.39,U
sz000100,TCL科技,2025-09-16 09:55:51,4.39,20000,4.39,U
sz000100,TCL科技,2025-09-16 09:55:54,4.39,24100,4.39,U
sz000100,TCL科技,2025-09-16 09:55:57,4.39,112500,4.39,U
sz000100,TCL科技,2025-09-16 09:56:06,4.38,110800,4.39,D
sz000100,TCL科技,2025-09-16 09:56:12,4.38,808700,4.38,D
sz000100,TCL科技,2025-09-16 09:56:15,4.38,2151940,4.38,D
sz000100,TCL科技,2025-09-16 09:56:18,4.38,139600,4.38,U
sz000100,TCL科技,2025-09-16 09:56:30,4.37,24800,4.38,D
sz000100,TCL科技,2025-09-16 09:56:36,4.38,71400,4.37,U
sz000100,TCL科技,2025-09-16 09:56:39,4.37,102400,4.38,D
sz000100,TCL科技,2025-09-16 09:56:42,4.37,25300,4.37,D
sz000100,TCL科技,2025-09-16 09:56:48,4.37,53000,4.38,D
sz000100,TCL科技,2025-09-16 09:56:51,4.38,53400,4.37,U
sz000100,TCL科技,2025-09-16 09:56:57,4.38,20500,4.37,U
sz000100,TCL科技,2025-09-16 09:57:06,4.38,29700,4.38,U
sz000100,TCL科技,2025-09-16 09:57:12,4.38,27500,4.38,U
sz000100,TCL科技,2025-09-16 09:57:15,4.38,32900,4.38,U
sz000100,TCL科技,2025-09-16 09:57:21,4.38,40600,4.38,U
sz000100,TCL科技,2025-09-16 09:57:24,4.38,127300,4.38,U
sz000100,TCL科技,2025-09-16 09:57:27,4.38,44000,4.38,U
sz000100,TCL科技,2025-09-16 09:57:30,4.37,33800,4.38,D
sz000100,TCL科技,2025-09-16 09:57:33,4.38,25700,4.37,U
sz000100,TCL科技,2025-09-16 09:57:36,4.37,31300,4.38,D
sz000100,TCL科技,2025-09-16 09:57:39,4.38,52800,4.37,U
sz000100,TCL科技,2025-09-16 09:57:42,4.37,30600,4.38,D
sz000100,TCL科技,2025-09-16 09:57:45,4.37,75800,4.37,D
sz000100,TCL科技,2025-09-16 09:57:48,4.38,421620,4.37,U
sz000100,TCL科技,2025-09-16 09:57:54,4.38,27800,4.37,U
sz000100,TCL科技,2025-09-16 09:58:00,4.38,35700,4.37,U
sz000100,TCL科技,2025-09-16 09:58:21,4.38,26100,4.38,U
sz000100,TCL科技,2025-09-16 09:58:24,4.37,131800,4.38,D
sz000100,TCL科技,2025-09-16 09:58:27,4.38,50500,4.37,U
sz000100,TCL科技,2025-09-16 09:58:30,4.37,38000,4.38,D
sz000100,TCL科技,2025-09-16 09:58:33,4.37,76800,4.37,D
sz000100,TCL科技,2025-09-16 09:58:36,4.37,40000,4.37,D
sz000100,TCL科技,2025-09-16 09:58:39,4.38,22200,4.37,U
sz000100,TCL科技,2025-09-16 09:58:42,4.38,26140,4.38,U
sz000100,TCL科技,2025-09-16 09:58:51,4.37,38200,4.37,D
sz000100,TCL科技,2025-09-16 09:58:57,4.38,51700,4.38,U
sz000100,TCL科技,2025-09-16 09:59:03,4.37,39900,4.38,D
sz000100,TCL科技,2025-09-16 09:59:06,4.37,49000,4.37,D
sz000100,TCL科技,2025-09-16 09:59:09,4.37,60100,4.37,D
sz000100,TCL科技,2025-09-16 09:59:12,4.38,40800,4.37,U
sz000100,TCL科技,2025-09-16 09:59:15,4.37,59000,4.38,D
sz000100,TCL科技,2025-09-16 09:59:18,4.38,27500,4.37,U
sz000100,TCL科技,2025-09-16 09:59:21,4.38,30900,4.38,U
sz000100,TCL科技,2025-09-16 09:59:27,4.37,141700,4.37,D
sz000100,TCL科技,2025-09-16 09:59:33,4.37,52500,4.37,D
sz000100,TCL科技,2025-09-16 09:59:36,4.38,47700,4.37,U
sz000100,TCL科技,2025-09-16 09:59:39,4.37,41400,4.38,D
sz000100,TCL科技,2025-09-16 09:59:42,4.37,84100,4.37,D
sz000100,TCL科技,2025-09-16 09:59:45,4.38,49800,4.37,U
sz000100,TCL科技,2025-09-16 09:59:48,4.38,23300,4.38,U
sz000100,TCL科技,2025-09-16 09:59:57,4.38,21700,4.38,U
sz000100,TCL科技,2025-09-16 10:00:06,4.38,42200,4.38,U
sz000100,TCL科技,2025-09-16 10:00:18,4.38,34000,4.38,U
sz000100,TCL科技,2025-09-16 10:00:21,4.38,43800,4.38,U
sz000100,TCL科技,2025-09-16 10:00:24,4.38,78100,4.38,U
sz000100,TCL科技,2025-09-16 10:00:27,4.37,1040100,4.38,D
sz000100,TCL科技,2025-09-16 10:00:30,4.37,247100,4.37,D
sz000100,TCL科技,2025-09-16 10:00:33,4.38,42500,4.37,U
sz000100,TCL科技,2025-09-16 10:00:36,4.38,34100,4.38,U
sz000100,TCL科技,2025-09-16 10:00:42,4.38,67600,4.38,U
sz000100,TCL科技,2025-09-16 10:00:45,4.38,25810,4.38,U
sz000100,TCL科技,2025-09-16 10:00:48,4.38,75300,4.38,U
sz000100,TCL科技,2025-09-16 10:00:51,4.37,27800,4.38,D
sz000100,TCL科技,2025-09-16 10:00:54,4.37,28200,4.37,D
sz000100,TCL科技,2025-09-16 10:01:00,4.37,29700,4.37,D
sz000100,TCL科技,2025-09-16 10:01:03,4.38,72600,4.37,U
sz000100,TCL科技,2025-09-16 10:01:06,4.37,78300,4.38,D
sz000100,TCL科技,2025-09-16 10:01:12,4.38,29100,4.38,U
sz000100,TCL科技,2025-09-16 10:01:18,4.37,52500,4.38,D
sz000100,TCL科技,2025-09-16 10:01:27,4.37,32900,4.37,D
sz000100,TCL科技,2025-09-16 10:01:30,4.38,35100,4.37,U
sz000100,TCL科技,2025-09-16 10:01:36,4.38,49200,4.37,U
sz000100,TCL科技,2025-09-16 10:01:39,4.37,52700,4.38,D
sz000100,TCL科技,2025-09-16 10:01:42,4.38,23500,4.37,U
sz000100,TCL科技,2025-09-16 10:01:45,4.38,33800,4.38,U
sz000100,TCL科技,2025-09-16 10:01:51,4.38,65000,4.38,U
sz000100,TCL科技,2025-09-16 10:01:57,4.38,25400,4.38,U
sz000100,TCL科技,2025-09-16 10:02:00,4.37,25800,4.38,D
sz000100,TCL科技,2025-09-16 10:02:03,4.38,48300,4.37,U
sz000100,TCL科技,2025-09-16 10:02:06,4.37,47600,4.38,D
sz000100,TCL科技,2025-09-16 10:02:09,4.37,25000,4.37,D
sz000100,TCL科技,2025-09-16 10:02:12,4.38,29900,4.37,U
sz000100,TCL科技,2025-09-16 10:02:15,4.38,100000,4.38,U
sz000100,TCL科技,2025-09-16 10:02:18,4.38,2106400,4.38,U
sz000100,TCL科技,2025-09-16 10:02:21,4.38,1072000,4.38,D
sz000100,TCL科技,2025-09-16 10:02:24,4.38,1029000,4.38,D
sz000100,TCL科技,2025-09-16 10:02:27,4.38,1610210,4.38,D
sz000100,TCL科技,2025-09-16 10:02:30,4.38,600900,4.38,D
sz000100,TCL科技,2025-09-16 10:02:33,4.38,107390,4.38,D
sz000100,TCL科技,2025-09-16 10:02:36,4.38,406700,4.38,U
sz000100,TCL科技,2025-09-16 10:02:39,4.38,28000,4.38,U
sz000100,TCL科技,2025-09-16 10:02:42,4.38,24100,4.38,U
sz000100,TCL科技,2025-09-16 10:02:45,4.38,42400,4.38,U
sz000100,TCL科技,2025-09-16 10:02:48,4.38,126600,4.38,U
sz000100,TCL科技,2025-09-16 10:02:51,4.38,301100,4.38,U
sz000100,TCL科技,2025-09-16 10:02:54,4.38,59000,4.38,D
sz000100,TCL科技,2025-09-16 10:02:57,4.38,73500,4.38,D
sz000100,TCL科技,2025-09-16 10:03:00,4.38,75100,4.38,D
sz000100,TCL科技,2025-09-16 10:03:03,4.39,59600,4.38,U
sz000100,TCL科技,2025-09-16 10:03:06,4.38,274300,4.39,D
sz000100,TCL科技,2025-09-16 10:03:09,4.38,84200,4.38,U
sz000100,TCL科技,2025-09-16 10:03:12,4.38,73400,4.38,U
sz000100,TCL科技,2025-09-16 10:03:15,4.38,34500,4.38,U
sz000100,TCL科技,2025-09-16 10:03:18,4.38,156700,4.38,U
sz000100,TCL科技,2025-09-16 10:03:21,4.38,31500,4.38,U
sz000100,TCL科技,2025-09-16 10:03:24,4.37,88800,4.38,D
sz000100,TCL科技,2025-09-16 10:03:27,4.37,101300,4.37,D
sz000100,TCL科技,2025-09-16 10:03:30,4.37,492200,4.37,D
sz000100,TCL科技,2025-09-16 10:03:33,4.37,28400,4.37,D
sz000100,TCL科技,2025-09-16 10:03:36,4.37,75730,4.37,D
sz000100,TCL科技,2025-09-16 10:03:45,4.38,33700,4.37,U
sz000100,TCL科技,2025-09-16 10:03:51,4.38,31100,4.38,U
sz000100,TCL科技,2025-09-16 10:03:54,4.38,32700,4.38,U
sz000100,TCL科技,2025-09-16 10:03:57,4.38,22840,4.38,U
sz000100,TCL科技,2025-09-16 10:04:00,4.37,24100,4.38,D
sz000100,TCL科技,2025-09-16 10:04:03,4.37,35700,4.37,D
sz000100,TCL科技,2025-09-16 10:04:06,4.37,49700,4.37,D
sz000100,TCL科技,2025-09-16 10:04:12,4.37,32000,4.37,D
sz000100,TCL科技,2025-09-16 10:04:15,4.38,35700,4.37,U
sz000100,TCL科技,2025-09-16 10:04:18,4.38,30800,4.38,U
sz000100,TCL科技,2025-09-16 10:04:21,4.38,70700,4.38,U
sz000100,TCL科技,2025-09-16 10:04:27,4.38,34400,4.38,U
sz000100,TCL科技,2025-09-16 10:04:30,4.37,54700,4.38,D
sz000100,TCL科技,2025-09-16 10:04:33,4.38,28400,4.37,U
sz000100,TCL科技,2025-09-16 10:04:36,4.38,29500,4.38,U
sz000100,TCL科技,2025-09-16 10:04:39,4.38,118300,4.38,U
sz000100,TCL科技,2025-09-16 10:04:42,4.38,32400,4.38,U
sz000100,TCL科技,2025-09-16 10:04:45,4.38,44400,4.38,U
sz000100,TCL科技,2025-09-16 10:04:48,4.38,37200,4.38,U
sz000100,TCL科技,2025-09-16 10:04:51,4.37,21300,4.38,D
sz000100,TCL科技,2025-09-16 10:04:57,4.38,20300,4.38,U
sz000100,TCL科技,2025-09-16 10:05:00,4.37,35400,4.38,D
sz000100,TCL科技,2025-09-16 10:05:06,4.37,21600,4.37,D
sz000100,TCL科技,2025-09-16 10:05:09,4.38,67200,4.37,U
sz000100,TCL科技,2025-09-16 10:05:15,4.37,34500,4.38,D
sz000100,TCL科技,2025-09-16 10:05:18,4.38,43400,4.37,U
sz000100,TCL科技,2025-09-16 10:05:21,4.38,80300,4.38,U
sz000100,TCL科技,2025-09-16 10:05:27,4.38,59600,4.38,U
sz000100,TCL科技,2025-09-16 10:05:30,4.37,27100,4.38,D
sz000100,TCL科技,2025-09-16 10:05:33,4.38,30310,4.37,U
sz000100,TCL科技,2025-09-16 10:05:36,4.37,22000,4.38,D
sz000100,TCL科技,2025-09-16 10:05:42,4.38,29600,4.38,U
sz000100,TCL科技,2025-09-16 10:05:48,4.37,92900,4.38,D
sz000100,TCL科技,2025-09-16 10:05:51,4.38,52100,4.37,U
sz000100,TCL科技,2025-09-16 10:05:54,4.37,29000,4.38,D
sz000100,TCL科技,2025-09-16 10:06:00,4.38,168000,4.37,U
sz000100,TCL科技,2025-09-16 10:06:18,4.38,25800,4.37,U
sz000100,TCL科技,2025-09-16 10:06:21,4.38,60700,4.38,U
sz000100,TCL科技,2025-09-16 10:06:24,4.38,20500,4.38,U
sz000100,TCL科技,2025-09-16 10:06:39,4.38,30000,4.38,U
sz000100,TCL科技,2025-09-16 10:06:42,4.38,54200,4.38,U
sz000100,TCL科技,2025-09-16 10:06:45,4.38,20100,4.38,U
sz000100,TCL科技,2025-09-16 10:06:48,4.38,33800,4.38,U
sz000100,TCL科技,2025-09-16 10:06:51,4.38,21800,4.38,U
sz000100,TCL科技,2025-09-16 10:06:54,4.37,34800,4.38,D
sz000100,TCL科技,2025-09-16 10:06:57,4.37,33600,4.37,D
sz000100,TCL科技,2025-09-16 10:07:18,4.38,32100,4.38,U
sz000100,TCL科技,2025-09-16 10:07:30,4.37,20900,4.37,D
sz000100,TCL科技,2025-09-16 10:07:33,4.38,25300,4.37,U
sz000100,TCL科技,2025-09-16 10:07:36,4.37,42290,4.38,D
sz000100,TCL科技,2025-09-16 10:07:42,4.38,23800,4.38,U
sz000100,TCL科技,2025-09-16 10:07:45,4.38,72100,4.38,U
sz000100,TCL科技,2025-09-16 10:07:48,4.38,29400,4.38,U
sz000100,TCL科技,2025-09-16 10:07:54,4.38,24300,4.38,U
sz000100,TCL科技,2025-09-16 10:07:57,4.38,56900,4.38,U
sz000100,TCL科技,2025-09-16 10:08:00,4.38,58300,4.38,U
sz000100,TCL科技,2025-09-16 10:08:03,4.38,233200,4.38,U
sz000100,TCL科技,2025-09-16 10:08:06,4.38,32800,4.38,U
sz000100,TCL科技,2025-09-16 10:08:12,4.37,35880,4.38,D
sz000100,TCL科技,2025-09-16 10:08:18,4.38,22000,4.38,U
sz000100,TCL科技,2025-09-16 10:08:21,4.38,76820,4.38,U
sz000100,TCL科技,2025-09-16 10:08:33,4.37,28700,4.37,D
sz000100,TCL科技,2025-09-16 10:08:36,4.38,20200,4.37,U
sz000100,TCL科技,2025-09-16 10:08:39,4.37,20500,4.38,D
sz000100,TCL科技,2025-09-16 10:08:48,4.38,63800,4.38,U
sz000100,TCL科技,2025-09-16 10:08:51,4.38,40700,4.38,U
sz000100,TCL科技,2025-09-16 10:08:57,4.37,95900,4.38,D
sz000100,TCL科技,2025-09-16 10:09:03,4.37,68500,4.37,D
sz000100,TCL科技,2025-09-16 10:09:12,4.37,22100,4.38,D
sz000100,TCL科技,2025-09-16 10:09:15,4.38,49000,4.37,U
sz000100,TCL科技,2025-09-16 10:09:21,4.38,21000,4.38,U
sz000100,TCL科技,2025-09-16 10:09:24,4.38,22100,4.38,U
sz000100,TCL科技,2025-09-16 10:09:33,4.38,45100,4.37,U
sz000100,TCL科技,2025-09-16 10:09:36,4.37,22900,4.38,D
sz000100,TCL科技,2025-09-16 10:10:00,4.38,54800,4.38,U
sz000100,TCL科技,2025-09-16 10:10:03,4.37,270100,4.38,D
sz000100,TCL科技,2025-09-16 10:10:24,4.38,31500,4.38,U
sz000100,TCL科技,2025-09-16 10:10:27,4.38,26600,4.38,U
sz000100,TCL科技,2025-09-16 10:10:30,4.37,21400,4.38,D
sz000100,TCL科技,2025-09-16 10:10:33,4.38,30600,4.37,U
sz000100,TCL科技,2025-09-16 10:10:36,4.37,47700,4.38,D
sz000100,TCL科技,2025-09-16 10:10:42,4.38,44100,4.38,U
sz000100,TCL科技,2025-09-16 10:11:03,4.37,216600,4.38,D
sz000100,TCL科技,2025-09-16 10:11:06,4.37,99200,4.37,D
sz000100,TCL科技,2025-09-16 10:11:15,4.37,64900,4.38,D
sz000100,TCL科技,2025-09-16 10:11:18,4.38,72100,4.37,U
sz000100,TCL科技,2025-09-16 10:11:21,4.38,38700,4.38,U
sz000100,TCL科技,2025-09-16 10:11:24,4.38,122430,4.38,U
sz000100,TCL科技,2025-09-16 10:11:27,4.37,40000,4.38,D
sz000100,TCL科技,2025-09-16 10:11:36,4.38,121400,4.38,U
sz000100,TCL科技,2025-09-16 10:11:39,4.38,177100,4.38,U
sz000100,TCL科技,2025-09-16 10:11:48,4.37,31100,4.38,D
sz000100,TCL科技,2025-09-16 10:11:51,4.38,46700,4.37,U
sz000100,TCL科技,2025-09-16 10:11:54,4.38,25400,4.38,U
sz000100,TCL科技,2025-09-16 10:12:00,4.37,34500,4.37,D
sz000100,TCL科技,2025-09-16 10:12:06,4.37,688400,4.37,D
sz000100,TCL科技,2025-09-16 10:12:09,4.37,159820,4.37,D
sz000100,TCL科技,2025-09-16 10:12:12,4.37,22000,4.37,D
sz000100,TCL科技,2025-09-16 10:12:15,4.37,25400,4.37,D
sz000100,TCL科技,2025-09-16 10:12:18,4.38,78300,4.37,U
sz000100,TCL科技,2025-09-16 10:12:21,4.37,23600,4.38,D
sz000100,TCL科技,2025-09-16 10:12:24,4.38,30200,4.37,U
sz000100,TCL科技,2025-09-16 10:12:30,4.37,21600,4.38,D
sz000100,TCL科技,2025-09-16 10:12:36,4.38,38700,4.37,U
sz000100,TCL科技,2025-09-16 10:12:39,4.37,26200,4.38,D
sz000100,TCL科技,2025-09-16 10:12:42,4.37,36100,4.37,D
sz000100,TCL科技,2025-09-16 10:12:51,4.38,208700,4.37,U
sz000100,TCL科技,2025-09-16 10:12:54,4.37,1788400,4.38,D
sz000100,TCL科技,2025-09-16 10:12:57,4.37,3943300,4.37,D
sz000100,TCL科技,2025-09-16 10:13:00,4.37,1153830,4.37,D
sz000100,TCL科技,2025-09-16 10:13:03,4.37,1886700,4.37,D
sz000100,TCL科技,2025-09-16 10:13:06,4.36,6414740,4.37,D
sz000100,TCL科技,2025-09-16 10:13:09,4.37,434400,4.36,U
sz000100,TCL科技,2025-09-16 10:13:12,4.37,50300,4.37,U
sz000100,TCL科技,2025-09-16 10:13:15,4.36,120000,4.37,D
sz000100,TCL科技,2025-09-16 10:13:18,4.37,65300,4.36,U
sz000100,TCL科技,2025-09-16 10:13:21,4.37,25500,4.37,U
sz000100,TCL科技,2025-09-16 10:13:24,4.36,76700,4.37,D
sz000100,TCL科技,2025-09-16 10:13:27,4.36,308700,4.36,D
sz000100,TCL科技,2025-09-16 10:13:30,4.36,38100,4.36,D
sz000100,TCL科技,2025-09-16 10:13:33,4.36,94600,4.36,D
sz000100,TCL科技,2025-09-16 10:13:36,4.36,30400,4.36,D
sz000100,TCL科技,2025-09-16 10:13:39,4.36,54800,4.36,D
sz000100,TCL科技,2025-09-16 10:13:42,4.36,248400,4.36,D
sz000100,TCL科技,2025-09-16 10:13:45,4.36,543000,4.36,D
sz000100,TCL科技,2025-09-16 10:13:48,4.37,126700,4.36,U
sz000100,TCL科技,2025-09-16 10:13:51,4.36,455000,4.37,D
sz000100,TCL科技,2025-09-16 10:13:57,4.37,91000,4.36,U
sz000100,TCL科技,2025-09-16 10:14:03,4.36,63500,4.36,D
sz000100,TCL科技,2025-09-16 10:14:06,4.36,28800,4.36,D
sz000100,TCL科技,2025-09-16 10:14:09,4.36,40200,4.36,D
sz000100,TCL科技,2025-09-16 10:14:12,4.36,24900,4.36,D
sz000100,TCL科技,2025-09-16 10:14:15,4.37,46700,4.36,U
sz000100,TCL科技,2025-09-16 10:14:21,4.36,37500,4.36,D
sz000100,TCL科技,2025-09-16 10:14:24,4.37,45300,4.36,U
sz000100,TCL科技,2025-09-16 10:14:30,4.36,48300,4.36,D
sz000100,TCL科技,2025-09-16 10:14:33,4.36,63400,4.36,D
sz000100,TCL科技,2025-09-16 10:14:36,4.37,47400,4.36,U
sz000100,TCL科技,2025-09-16 10:14:39,4.36,31300,4.37,D
sz000100,TCL科技,2025-09-16 10:14:42,4.37,159300,4.36,U
sz000100,TCL科技,2025-09-16 10:14:45,4.37,61000,4.37,U
sz000100,TCL科技,2025-09-16 10:14:51,4.36,22000,4.37,D
sz000100,TCL科技,2025-09-16 10:14:57,4.36,195900,4.37,D
sz000100,TCL科技,2025-09-16 10:15:00,4.36,42820,4.36,D
sz000100,TCL科技,2025-09-16 10:15:03,4.36,155500,4.36,D
sz000100,TCL科技,2025-09-16 10:15:06,4.37,27800,4.36,U
sz000100,TCL科技,2025-09-16 10:15:12,4.37,136000,4.37,U
sz000100,TCL科技,2025-09-16 10:15:15,4.37,22100,4.37,U
sz000100,TCL科技,2025-09-16 10:15:18,4.36,20900,4.37,D
sz000100,TCL科技,2025-09-16 10:15:27,4.36,20600,4.36,D
sz000100,TCL科技,2025-09-16 10:15:39,4.37,40400,4.36,U
sz000100,TCL科技,2025-09-16 10:15:42,4.36,60000,4.37,D
sz000100,TCL科技,2025-09-16 10:15:48,4.37,31500,4.37,U
sz000100,TCL科技,2025-09-16 10:16:03,4.36,31600,4.36,D
sz000100,TCL科技,2025-09-16 10:16:09,4.36,43000,4.37,D
sz000100,TCL科技,2025-09-16 10:16:12,4.36,21500,4.36,D
sz000100,TCL科技,2025-09-16 10:16:15,4.36,44410,4.36,D
sz000100,TCL科技,2025-09-16 10:16:18,4.37,54100,4.36,U
sz000100,TCL科技,2025-09-16 10:16:21,4.37,26900,4.37,U
sz000100,TCL科技,2025-09-16 10:16:30,4.36,389000,4.36,D
sz000100,TCL科技,2025-09-16 10:16:33,4.36,650100,4.36,D
sz000100,TCL科技,2025-09-16 10:16:36,4.36,34500,4.36,D
sz000100,TCL科技,2025-09-16 10:16:39,4.37,91800,4.36,U
sz000100,TCL科技,2025-09-16 10:16:45,4.36,98500,4.37,D
sz000100,TCL科技,2025-09-16 10:16:48,4.36,290800,4.36,D
sz000100,TCL科技,2025-09-16 10:16:51,4.36,37500,4.36,D
sz000100,TCL科技,2025-09-16 10:16:54,4.37,28200,4.36,U
sz000100,TCL科技,2025-09-16 10:17:03,4.36,226700,4.36,D
sz000100,TCL科技,2025-09-16 10:17:06,4.36,36200,4.36,D
sz000100,TCL科技,2025-09-16 10:17:12,4.36,28400,4.36,D
sz000100,TCL科技,2025-09-16 10:17:15,4.37,41900,4.36,U
sz000100,TCL科技,2025-09-16 10:17:18,4.37,30500,4.37,U
sz000100,TCL科技,2025-09-16 10:17:21,4.36,44450,4.37,D
sz000100,TCL科技,2025-09-16 10:17:30,4.36,60600,4.37,D
sz000100,TCL科技,2025-09-16 10:17:33,4.36,41400,4.36,D
sz000100,TCL科技,2025-09-16 10:17:36,4.36,92200,4.36,D
sz000100,TCL科技,2025-09-16 10:17:39,4.36,32700,4.36,D
sz000100,TCL科技,2025-09-16 10:17:42,4.37,61400,4.36,U
sz000100,TCL科技,2025-09-16 10:17:48,4.37,49400,4.37,U
sz000100,TCL科技,2025-09-16 10:17:51,4.36,41600,4.37,D
sz000100,TCL科技,2025-09-16 10:17:57,4.36,250100,4.36,D
sz000100,TCL科技,2025-09-16 10:18:00,4.36,20000,4.36,D
sz000100,TCL科技,2025-09-16 10:18:03,4.37,171100,4.36,U
sz000100,TCL科技,2025-09-16 10:18:12,4.36,35200,4.36,D
sz000100,TCL科技,2025-09-16 10:18:15,4.36,31700,4.36,D
sz000100,TCL科技,2025-09-16 10:18:21,4.37,327700,4.36,U
sz000100,TCL科技,2025-09-16 10:18:27,4.36,44000,4.36,D
sz000100,TCL科技,2025-09-16 10:18:30,4.36,195200,4.36,D
sz000100,TCL科技,2025-09-16 10:18:33,4.36,29100,4.36,D
sz000100,TCL科技,2025-09-16 10:18:36,4.36,57500,4.36,D
sz000100,TCL科技,2025-09-16 10:18:39,4.36,32200,4.36,D
sz000100,TCL科技,2025-09-16 10:18:51,4.36,52800,4.36,D
sz000100,TCL科技,2025-09-16 10:18:57,4.37,42900,4.37,U
sz000100,TCL科技,2025-09-16 10:19:03,4.36,106100,4.36,D
sz000100,TCL科技,2025-09-16 10:19:09,4.36,20600,4.36,D
sz000100,TCL科技,2025-09-16 10:19:12,4.36,29300,4.36,D
sz000100,TCL科技,2025-09-16 10:19:15,4.36,53500,4.36,D
sz000100,TCL科技,2025-09-16 10:19:18,4.36,20700,4.36,D
sz000100,TCL科技,2025-09-16 10:19:27,4.37,30200,4.36,U
sz000100,TCL科技,2025-09-16 10:19:30,4.36,53900,4.37,D
sz000100,TCL科技,2025-09-16 10:19:33,4.36,38000,4.36,D
sz000100,TCL科技,2025-09-16 10:19:36,4.37,52400,4.36,U
sz000100,TCL科技,2025-09-16 10:19:39,4.36,52700,4.37,D
sz000100,TCL科技,2025-09-16 10:19:48,4.36,36600,4.37,D
sz000100,TCL科技,2025-09-16 10:19:51,4.36,44500,4.36,D
sz000100,TCL科技,2025-09-16 10:20:00,4.36,50600,4.37,D
sz000100,TCL科技,2025-09-16 10:20:03,4.36,36500,4.36,D
sz000100,TCL科技,2025-09-16 10:20:09,4.36,21340,4.37,D
sz000100,TCL科技,2025-09-16 10:20:12,4.36,323400,4.36,D
sz000100,TCL科技,2025-09-16 10:20:18,4.36,48900,4.37,D
sz000100,TCL科技,2025-09-16 10:20:21,4.36,27400,4.36,D
sz000100,TCL科技,2025-09-16 10:20:24,4.37,30300,4.36,U
sz000100,TCL科技,2025-09-16 10:20:30,4.36,602400,4.37,D
sz000100,TCL科技,2025-09-16 10:20:33,4.37,35700,4.36,U
sz000100,TCL科技,2025-09-16 10:20:36,4.37,45200,4.37,U
sz000100,TCL科技,2025-09-16 10:20:39,4.37,24500,4.37,U
sz000100,TCL科技,2025-09-16 10:20:48,4.37,29700,4.37,U
sz000100,TCL科技,2025-09-16 10:20:51,4.37,51000,4.37,U
sz000100,TCL科技,2025-09-16 10:20:54,4.37,32600,4.37,U
sz000100,TCL科技,2025-09-16 10:21:00,4.36,60900,4.37,D
sz000100,TCL科技,2025-09-16 10:21:03,4.36,38300,4.36,D
sz000100,TCL科技,2025-09-16 10:21:09,4.36,34600,4.37,D
sz000100,TCL科技,2025-09-16 10:21:15,4.36,50600,4.36,D
sz000100,TCL科技,2025-09-16 10:21:21,4.36,21100,4.36,D
sz000100,TCL科技,2025-09-16 10:21:24,4.36,21200,4.36,D
sz000100,TCL科技,2025-09-16 10:21:27,4.37,415500,4.36,U
sz000100,TCL科技,2025-09-16 10:21:30,4.36,27000,4.37,D
sz000100,TCL科技,2025-09-16 10:21:36,4.37,27100,4.36,U
sz000100,TCL科技,2025-09-16 10:21:42,4.36,412100,4.36,D
sz000100,TCL科技,2025-09-16 10:21:45,4.37,233300,4.36,U
sz000100,TCL科技,2025-09-16 10:21:48,4.37,49700,4.37,U
sz000100,TCL科技,2025-09-16 10:22:00,4.36,26100,4.37,D
sz000100,TCL科技,2025-09-16 10:22:03,4.36,27800,4.36,D
sz000100,TCL科技,2025-09-16 10:22:06,4.37,735500,4.36,U
sz000100,TCL科技,2025-09-16 10:22:24,4.37,22170,4.37,U
sz000100,TCL科技,2025-09-16 10:22:33,4.36,193200,4.36,D
sz000100,TCL科技,2025-09-16 10:22:36,4.37,53100,4.36,U
sz000100,TCL科技,2025-09-16 10:22:45,4.36,49410,4.36,D
sz000100,TCL科技,2025-09-16 10:22:48,4.36,42400,4.36,D
sz000100,TCL科技,2025-09-16 10:22:51,4.36,29900,4.36,D
sz000100,TCL科技,2025-09-16 10:22:57,4.37,52880,4.36,U
sz000100,TCL科技,2025-09-16 10:23:00,4.37,23100,4.37,U
sz000100,TCL科技,2025-09-16 10:23:03,4.36,20100,4.37,D
sz000100,TCL科技,2025-09-16 10:23:06,4.36,38000,4.36,D
sz000100,TCL科技,2025-09-16 10:23:09,4.36,30700,4.36,D
sz000100,TCL科技,2025-09-16 10:23:24,4.36,27800,4.37,D
sz000100,TCL科技,2025-09-16 10:23:30,4.36,403900,4.37,D
sz000100,TCL科技,2025-09-16 10:23:33,4.36,52710,4.36,D
sz000100,TCL科技,2025-09-16 10:23:48,4.36,88300,4.37,D
sz000100,TCL科技,2025-09-16 10:23:51,4.36,24400,4.36,D
sz000100,TCL科技,2025-09-16 10:23:54,4.37,33900,4.36,U
sz000100,TCL科技,2025-09-16 10:23:57,4.37,21200,4.37,U
sz000100,TCL科技,2025-09-16 10:24:03,4.36,49800,4.36,D
sz000100,TCL科技,2025-09-16 10:24:06,4.36,94800,4.36,D
sz000100,TCL科技,2025-09-16 10:24:09,4.37,27600,4.36,U
sz000100,TCL科技,2025-09-16 10:24:27,4.37,22100,4.37,U
sz000100,TCL科技,2025-09-16 10:24:30,4.36,54500,4.37,D
sz000100,TCL科技,2025-09-16 10:24:33,4.36,30400,4.36,D
sz000100,TCL科技,2025-09-16 10:24:36,4.36,21500,4.36,D
sz000100,TCL科技,2025-09-16 10:24:39,4.37,72500,4.36,U
sz000100,TCL科技,2025-09-16 10:24:42,4.36,26800,4.37,D
sz000100,TCL科技,2025-09-16 10:24:45,4.37,26800,4.36,U
sz000100,TCL科技,2025-09-16 10:24:57,4.37,35200,4.37,U
sz000100,TCL科技,2025-09-16 10:25:09,4.36,52100,4.36,D
sz000100,TCL科技,2025-09-16 10:25:18,4.37,319400,4.37,U
sz000100,TCL科技,2025-09-16 10:25:21,4.37,165700,4.37,U
sz000100,TCL科技,2025-09-16 10:25:24,4.37,326560,4.37,U
sz000100,TCL科技,2025-09-16 10:25:27,4.37,24900,4.37,U
sz000100,TCL科技,2025-09-16 10:25:39,4.37,21000,4.37,U
sz000100,TCL科技,2025-09-16 10:25:42,4.36,234400,4.37,D
sz000100,TCL科技,2025-09-16 10:25:45,4.36,30900,4.36,D
sz000100,TCL科技,2025-09-16 10:25:54,4.37,20600,4.37,U
sz000100,TCL科技,2025-09-16 10:25:57,4.37,40200,4.37,U
sz000100,TCL科技,2025-09-16 10:26:00,4.36,61300,4.37,D
sz000100,TCL科技,2025-09-16 10:26:03,4.36,46300,4.36,D
sz000100,TCL科技,2025-09-16 10:26:15,4.37,34500,4.37,U
sz000100,TCL科技,2025-09-16 10:26:24,4.36,20100,4.36,D
sz000100,TCL科技,2025-09-16 10:26:30,4.36,43700,4.37,D
sz000100,TCL科技,2025-09-16 10:26:33,4.36,37000,4.36,D
sz000100,TCL科技,2025-09-16 10:26:36,4.36,40800,4.36,D
sz000100,TCL科技,2025-09-16 10:27:03,4.36,82100,4.36,D
sz000100,TCL科技,2025-09-16 10:27:09,4.36,396200,4.37,D
sz000100,TCL科技,2025-09-16 10:27:12,4.36,247500,4.36,D
sz000100,TCL科技,2025-09-16 10:27:15,4.36,887600,4.36,D
sz000100,TCL科技,2025-09-16 10:27:18,4.36,264200,4.36,D
sz000100,TCL科技,2025-09-16 10:27:21,4.37,34400,4.36,U
sz000100,TCL科技,2025-09-16 10:27:24,4.36,74000,4.37,D
sz000100,TCL科技,2025-09-16 10:27:27,4.36,67500,4.36,D
sz000100,TCL科技,2025-09-16 10:27:30,4.36,37700,4.36,D
sz000100,TCL科技,2025-09-16 10:27:36,4.37,287100,4.36,U
sz000100,TCL科技,2025-09-16 10:27:39,4.36,49200,4.37,D
sz000100,TCL科技,2025-09-16 10:27:42,4.36,22500,4.36,D
sz000100,TCL科技,2025-09-16 10:27:54,4.37,158900,4.37,U
sz000100,TCL科技,2025-09-16 10:28:00,4.36,54300,4.37,D
sz000100,TCL科技,2025-09-16 10:28:03,4.36,36400,4.36,D
sz000100,TCL科技,2025-09-16 10:28:06,4.36,25500,4.36,D
sz000100,TCL科技,2025-09-16 10:28:24,4.36,35200,4.36,D
sz000100,TCL科技,2025-09-16 10:28:30,4.36,103700,4.37,D
sz000100,TCL科技,2025-09-16 10:28:33,4.36,52400,4.36,D
sz000100,TCL科技,2025-09-16 10:28:36,4.36,410100,4.36,D
sz000100,TCL科技,2025-09-16 10:28:39,4.36,58800,4.36,D
sz000100,TCL科技,2025-09-16 10:28:42,4.37,67600,4.36,U
sz000100,TCL科技,2025-09-16 10:28:45,4.36,44700,4.37,D
sz000100,TCL科技,2025-09-16 10:28:54,4.37,39300,4.36,U
sz000100,TCL科技,2025-09-16 10:28:57,4.37,34600,4.37,U
sz000100,TCL科技,2025-09-16 10:29:00,4.37,39500,4.37,U
sz000100,TCL科技,2025-09-16 10:29:03,4.37,31400,4.37,U
sz000100,TCL科技,2025-09-16 10:29:06,4.37,28800,4.37,U
sz000100,TCL科技,2025-09-16 10:29:09,4.36,108600,4.37,D
sz000100,TCL科技,2025-09-16 10:29:21,4.37,24200,4.36,U
sz000100,TCL科技,2025-09-16 10:29:24,4.37,155200,4.37,U
sz000100,TCL科技,2025-09-16 10:29:30,4.36,384800,4.36,D
sz000100,TCL科技,2025-09-16 10:29:33,4.37,445000,4.36,U
sz000100,TCL科技,2025-09-16 10:29:36,4.37,54000,4.37,U
sz000100,TCL科技,2025-09-16 10:29:39,4.37,45400,4.37,U
sz000100,TCL科技,2025-09-16 10:29:42,4.37,25800,4.37,U
sz000100,TCL科技,2025-09-16 10:29:45,4.37,133900,4.37,U
sz000100,TCL科技,2025-09-16 10:29:48,4.36,86800,4.37,D
sz000100,TCL科技,2025-09-16 10:29:54,4.36,199000,4.36,D
sz000100,TCL科技,2025-09-16 10:29:57,4.36,3676500,4.36,D
sz000100,TCL科技,2025-09-16 10:30:00,4.36,250300,4.36,D
sz000100,TCL科技,2025-09-16 10:30:03,4.36,113200,4.36,D
sz000100,TCL科技,2025-09-16 10:30:06,4.36,31900,4.36,D
sz000100,TCL科技,2025-09-16 10:30:09,4.36,57100,4.36,D
sz000100,TCL科技,2025-09-16 10:30:12,4.36,128400,4.36,D
sz000100,TCL科技,2025-09-16 10:30:15,4.36,78700,4.36,D
sz000100,TCL科技,2025-09-16 10:30:18,4.36,136000,4.36,D
sz000100,TCL科技,2025-09-16 10:30:21,4.37,23100,4.36,U
sz000100,TCL科技,2025-09-16 10:30:24,4.36,64500,4.37,D
sz000100,TCL科技,2025-09-16 10:30:27,4.37,184300,4.36,U
sz000100,TCL科技,2025-09-16 10:30:30,4.36,24300,4.37,D
sz000100,TCL科技,2025-09-16 10:30:36,4.37,28900,4.36,U
sz000100,TCL科技,2025-09-16 10:30:39,4.37,20000,4.37,U
sz000100,TCL科技,2025-09-16 10:30:42,4.36,283660,4.37,D
sz000100,TCL科技,2025-09-16 10:30:45,4.37,91000,4.36,U
sz000100,TCL科技,2025-09-16 10:30:48,4.37,33400,4.37,U
sz000100,TCL科技,2025-09-16 10:30:54,4.36,60500,4.37,D
sz000100,TCL科技,2025-09-16 10:30:57,4.37,36100,4.36,U
sz000100,TCL科技,2025-09-16 10:31:00,4.37,62000,4.37,U
sz000100,TCL科技,2025-09-16 10:31:03,4.36,54400,4.37,D
sz000100,TCL科技,2025-09-16 10:31:06,4.37,38500,4.36,U
sz000100,TCL科技,2025-09-16 10:31:09,4.36,596000,4.37,D
sz000100,TCL科技,2025-09-16 10:31:12,4.36,366300,4.36,D
sz000100,TCL科技,2025-09-16 10:31:15,4.36,1019820,4.36,D
sz000100,TCL科技,2025-09-16 10:31:18,4.36,188700,4.36,U
sz000100,TCL科技,2025-09-16 10:31:21,4.36,78400,4.36,U
sz000100,TCL科技,2025-09-16 10:31:24,4.36,51100,4.36,U
sz000100,TCL科技,2025-09-16 10:31:27,4.36,68800,4.36,U
sz000100,TCL科技,2025-09-16 10:31:30,4.35,25000,4.36,D
sz000100,TCL科技,2025-09-16 10:31:33,4.35,45300,4.35,D
sz000100,TCL科技,2025-09-16 10:31:39,4.35,211600,4.36,D
sz000100,TCL科技,2025-09-16 10:31:42,4.36,35100,4.35,U
sz000100,TCL科技,2025-09-16 10:31:57,4.36,246600,4.36,U
sz000100,TCL科技,2025-09-16 10:32:00,4.35,33900,4.36,D
sz000100,TCL科技,2025-09-16 10:32:03,4.36,22700,4.35,U
sz000100,TCL科技,2025-09-16 10:32:12,4.36,207300,4.35,U
sz000100,TCL科技,2025-09-16 10:32:15,4.36,29300,4.36,U
sz000100,TCL科技,2025-09-16 10:32:24,4.36,33900,4.35,U
sz000100,TCL科技,2025-09-16 10:32:27,4.36,64300,4.36,U
sz000100,TCL科技,2025-09-16 10:32:30,4.35,101700,4.36,D
sz000100,TCL科技,2025-09-16 10:32:33,4.35,414600,4.35,D
sz000100,TCL科技,2025-09-16 10:32:39,4.35,41200,4.36,D
sz000100,TCL科技,2025-09-16 10:32:42,4.36,234300,4.35,U
sz000100,TCL科技,2025-09-16 10:32:48,4.36,181700,4.36,U
sz000100,TCL科技,2025-09-16 10:32:51,4.36,434700,4.36,U
sz000100,TCL科技,2025-09-16 10:32:54,4.36,47800,4.36,U
sz000100,TCL科技,2025-09-16 10:32:57,4.36,341500,4.36,U
sz000100,TCL科技,2025-09-16 10:33:03,4.36,20500,4.35,U
sz000100,TCL科技,2025-09-16 10:33:06,4.36,76500,4.36,U
sz000100,TCL科技,2025-09-16 10:33:12,4.36,126600,4.35,U
sz000100,TCL科技,2025-09-16 10:33:15,4.36,416300,4.36,U
sz000100,TCL科技,2025-09-16 10:33:21,4.36,38600,4.36,U
sz000100,TCL科技,2025-09-16 10:33:24,4.36,401600,4.36,U
sz000100,TCL科技,2025-09-16 10:33:33,4.35,63200,4.35,D
sz000100,TCL科技,2025-09-16 10:33:39,4.35,668400,4.35,D
sz000100,TCL科技,2025-09-16 10:33:42,4.36,69400,4.35,U
sz000100,TCL科技,2025-09-16 10:33:45,4.35,43300,4.36,D
sz000100,TCL科技,2025-09-16 10:33:48,4.35,61700,4.35,D
sz000100,TCL科技,2025-09-16 10:33:51,4.35,73700,4.35,D
sz000100,TCL科技,2025-09-16 10:33:57,4.36,453000,4.36,U
sz000100,TCL科技,2025-09-16 10:34:03,4.36,122200,4.35,U
sz000100,TCL科技,2025-09-16 10:34:15,4.36,149700,4.36,U
sz000100,TCL科技,2025-09-16 10:34:21,4.35,1068000,4.36,D
sz000100,TCL科技,2025-09-16 10:34:24,4.35,28300,4.35,D
sz000100,TCL科技,2025-09-16 10:34:30,4.35,25200,4.35,D
sz000100,TCL科技,2025-09-16 10:34:33,4.35,34100,4.35,D
sz000100,TCL科技,2025-09-16 10:34:36,4.35,110900,4.35,D
sz000100,TCL科技,2025-09-16 10:34:39,4.35,347100,4.35,D
sz000100,TCL科技,2025-09-16 10:34:42,4.35,216400,4.35,D
sz000100,TCL科技,2025-09-16 10:34:45,4.36,105400,4.35,U
sz000100,TCL科技,2025-09-16 10:34:48,4.36,48200,4.36,U
sz000100,TCL科技,2025-09-16 10:34:54,4.36,21900,4.36,U
sz000100,TCL科技,2025-09-16 10:35:03,4.35,51900,4.35,D
sz000100,TCL科技,2025-09-16 10:35:06,4.35,21400,4.35,D
sz000100,TCL科技,2025-09-16 10:35:09,4.35,450800,4.35,D
sz000100,TCL科技,2025-09-16 10:35:12,4.36,37200,4.35,U
sz000100,TCL科技,2025-09-16 10:35:15,4.35,49800,4.36,D
sz000100,TCL科技,2025-09-16 10:35:18,4.35,669600,4.35,D
sz000100,TCL科技,2025-09-16 10:35:21,4.35,1402200,4.35,D
sz000100,TCL科技,2025-09-16 10:35:24,4.35,168300,4.35,D
sz000100,TCL科技,2025-09-16 10:35:27,4.35,2712000,4.35,D
sz000100,TCL科技,2025-09-16 10:35:30,4.35,3045500,4.35,D
sz000100,TCL科技,2025-09-16 10:35:33,4.35,3376900,4.35,D
sz000100,TCL科技,2025-09-16 10:35:36,4.35,44700,4.35,U
sz000100,TCL科技,2025-09-16 10:35:39,4.35,48400,4.35,U
sz000100,TCL科技,2025-09-16 10:35:42,4.35,31600,4.35,U
sz000100,TCL科技,2025-09-16 10:35:45,4.34,22500,4.35,D
sz000100,TCL科技,2025-09-16 10:35:48,4.34,125200,4.34,D
sz000100,TCL科技,2025-09-16 10:35:51,4.35,235300,4.34,U
sz000100,TCL科技,2025-09-16 10:35:57,4.35,697700,4.34,U
sz000100,TCL科技,2025-09-16 10:36:00,4.34,1043500,4.35,D
sz000100,TCL科技,2025-09-16 10:36:03,4.34,94600,4.34,D
sz000100,TCL科技,2025-09-16 10:36:06,4.34,23100,4.34,D
sz000100,TCL科技,2025-09-16 10:36:09,4.34,37000,4.34,D
sz000100,TCL科技,2025-09-16 10:36:12,4.35,1121600,4.34,U
sz000100,TCL科技,2025-09-16 10:36:15,4.35,76300,4.35,U
sz000100,TCL科技,2025-09-16 10:36:18,4.34,119300,4.35,D
sz000100,TCL科技,2025-09-16 10:36:21,4.35,1795200,4.34,U
sz000100,TCL科技,2025-09-16 10:36:24,4.35,78900,4.35,U
sz000100,TCL科技,2025-09-16 10:36:30,4.34,22000,4.35,D
sz000100,TCL科技,2025-09-16 10:36:33,4.35,124820,4.34,U
sz000100,TCL科技,2025-09-16 10:36:36,4.34,167260,4.35,D
sz000100,TCL科技,2025-09-16 10:36:39,4.35,80100,4.34,U
sz000100,TCL科技,2025-09-16 10:36:45,4.35,36350,4.35,U
sz000100,TCL科技,2025-09-16 10:36:48,4.35,192000,4.35,U
sz000100,TCL科技,2025-09-16 10:36:54,4.35,41100,4.34,U
sz000100,TCL科技,2025-09-16 10:36:57,4.34,111400,4.35,D
sz000100,TCL科技,2025-09-16 10:37:00,4.35,45400,4.34,U
sz000100,TCL科技,2025-09-16 10:37:03,4.35,243700,4.35,U
sz000100,TCL科技,2025-09-16 10:37:06,4.35,144400,4.35,U
sz000100,TCL科技,2025-09-16 10:37:09,4.35,73400,4.35,U
sz000100,TCL科技,2025-09-16 10:37:12,4.35,48400,4.35,U
sz000100,TCL科技,2025-09-16 10:37:15,4.34,183500,4.35,D
sz000100,TCL科技,2025-09-16 10:37:18,4.34,44300,4.34,D
sz000100,TCL科技,2025-09-16 10:37:21,4.35,1075779,4.34,U
sz000100,TCL科技,2025-09-16 10:37:24,4.35,25700,4.35,D
sz000100,TCL科技,2025-09-16 10:37:30,4.35,89300,4.35,D
sz000100,TCL科技,2025-09-16 10:37:33,4.35,35400,4.35,D
sz000100,TCL科技,2025-09-16 10:37:51,4.35,26100,4.35,D
sz000100,TCL科技,2025-09-16 10:37:57,4.36,137800,4.36,U
sz000100,TCL科技,2025-09-16 10:38:03,4.35,69000,4.35,D
sz000100,TCL科技,2025-09-16 10:38:06,4.35,29700,4.35,D
sz000100,TCL科技,2025-09-16 10:38:09,4.34,1082800,4.35,D
sz000100,TCL科技,2025-09-16 10:38:12,4.35,32800,4.34,U
sz000100,TCL科技,2025-09-16 10:38:15,4.34,38300,4.35,D
sz000100,TCL科技,2025-09-16 10:38:21,4.35,59300,4.35,U
sz000100,TCL科技,2025-09-16 10:38:30,4.34,304200,4.35,D
sz000100,TCL科技,2025-09-16 10:38:33,4.34,32000,4.34,D
sz000100,TCL科技,2025-09-16 10:38:36,4.35,21000,4.34,U
sz000100,TCL科技,2025-09-16 10:38:39,4.35,93700,4.35,U
sz000100,TCL科技,2025-09-16 10:38:42,4.35,159100,4.35,U
sz000100,TCL科技,2025-09-16 10:38:45,4.35,75800,4.35,U
sz000100,TCL科技,2025-09-16 10:38:48,4.35,42800,4.35,U
sz000100,TCL科技,2025-09-16 10:38:54,4.34,55600,4.34,D
sz000100,TCL科技,2025-09-16 10:39:09,4.35,120100,4.35,U
sz000100,TCL科技,2025-09-16 10:39:15,4.35,204600,4.35,U
sz000100,TCL科技,2025-09-16 10:39:21,4.35,64600,4.34,U
sz000100,TCL科技,2025-09-16 10:39:24,4.35,58800,4.35,U
sz000100,TCL科技,2025-09-16 10:39:39,4.34,22700,4.34,D
sz000100,TCL科技,2025-09-16 10:39:42,4.34,21300,4.34,D
sz000100,TCL科技,2025-09-16 10:39:45,4.35,22700,4.34,U
sz000100,TCL科技,2025-09-16 10:39:51,4.34,20900,4.35,D
sz000100,TCL科技,2025-09-16 10:40:06,4.35,20800,4.34,U
sz000100,TCL科技,2025-09-16 10:40:09,4.34,55400,4.35,D
sz000100,TCL科技,2025-09-16 10:40:15,4.34,31700,4.34,D
sz000100,TCL科技,2025-09-16 10:40:21,4.34,20900,4.35,D
sz000100,TCL科技,2025-09-16 10:40:30,4.34,34400,4.35,D
sz000100,TCL科技,2025-09-16 10:40:36,4.35,65900,4.34,U
sz000100,TCL科技,2025-09-16 10:40:42,4.34,45200,4.34,D
sz000100,TCL科技,2025-09-16 10:40:48,4.35,65900,4.34,U
sz000100,TCL科技,2025-09-16 10:40:51,4.35,21700,4.35,U
sz000100,TCL科技,2025-09-16 10:40:54,4.34,54300,4.35,D
sz000100,TCL科技,2025-09-16 10:41:00,4.35,25200,4.35,U
sz000100,TCL科技,2025-09-16 10:41:03,4.34,250000,4.35,D
sz000100,TCL科技,2025-09-16 10:41:06,4.35,239300,4.34,U
sz000100,TCL科技,2025-09-16 10:41:09,4.34,53600,4.35,D
sz000100,TCL科技,2025-09-16 10:41:12,4.34,75200,4.34,D
sz000100,TCL科技,2025-09-16 10:41:15,4.34,201400,4.34,D
sz000100,TCL科技,2025-09-16 10:41:18,4.34,39700,4.34,D
sz000100,TCL科技,2025-09-16 10:41:24,4.34,29100,4.35,D
sz000100,TCL科技,2025-09-16 10:41:27,4.34,23800,4.34,D
sz000100,TCL科技,2025-09-16 10:41:30,4.34,36100,4.34,D
sz000100,TCL科技,2025-09-16 10:41:33,4.34,33900,4.34,D
sz000100,TCL科技,2025-09-16 10:41:36,4.34,21000,4.34,D
sz000100,TCL科技,2025-09-16 10:41:39,4.34,36500,4.34,D
sz000100,TCL科技,2025-09-16 10:41:42,4.34,46200,4.34,D
sz000100,TCL科技,2025-09-16 10:41:48,4.34,59100,4.34,D
sz000100,TCL科技,2025-09-16 10:41:51,4.34,45600,4.34,D
sz000100,TCL科技,2025-09-16 10:42:03,4.34,41300,4.34,D
sz000100,TCL科技,2025-09-16 10:42:12,4.34,21800,4.34,D
sz000100,TCL科技,2025-09-16 10:42:15,4.35,130700,4.34,U
sz000100,TCL科技,2025-09-16 10:42:21,4.35,23800,4.35,U
sz000100,TCL科技,2025-09-16 10:42:24,4.35,42900,4.35,U
sz000100,TCL科技,2025-09-16 10:42:30,4.34,63100,4.35,D
sz000100,TCL科技,2025-09-16 10:42:33,4.35,57100,4.34,U
sz000100,TCL科技,2025-09-16 10:42:36,4.34,68900,4.35,D
sz000100,TCL科技,2025-09-16 10:42:48,4.35,47700,4.34,U
sz000100,TCL科技,2025-09-16 10:42:57,4.35,118100,4.35,U
sz000100,TCL科技,2025-09-16 10:43:00,4.34,77300,4.35,D
sz000100,TCL科技,2025-09-16 10:43:03,4.34,31000,4.34,D
sz000100,TCL科技,2025-09-16 10:43:06,4.34,63800,4.34,D
sz000100,TCL科技,2025-09-16 10:43:09,4.35,29400,4.34,U
sz000100,TCL科技,2025-09-16 10:43:12,4.34,91300,4.35,D
sz000100,TCL科技,2025-09-16 10:43:15,4.34,30200,4.34,D
sz000100,TCL科技,2025-09-16 10:43:24,4.34,399700,4.34,D
sz000100,TCL科技,2025-09-16 10:43:27,4.34,266600,4.34,D
sz000100,TCL科技,2025-09-16 10:43:30,4.34,53700,4.34,D
sz000100,TCL科技,2025-09-16 10:43:33,4.35,1043700,4.34,U
sz000100,TCL科技,2025-09-16 10:43:36,4.34,222000,4.35,D
sz000100,TCL科技,2025-09-16 10:43:39,4.35,121800,4.34,U
sz000100,TCL科技,2025-09-16 10:43:42,4.34,348900,4.35,D
sz000100,TCL科技,2025-09-16 10:43:45,4.34,50900,4.34,D
sz000100,TCL科技,2025-09-16 10:43:51,4.35,20790,4.34,U
sz000100,TCL科技,2025-09-16 10:43:57,4.35,277900,4.35,U
sz000100,TCL科技,2025-09-16 10:44:00,4.35,142100,4.35,U
sz000100,TCL科技,2025-09-16 10:44:06,4.34,22300,4.35,D
sz000100,TCL科技,2025-09-16 10:44:09,4.35,26500,4.34,U
sz000100,TCL科技,2025-09-16 10:44:12,4.34,2452000,4.35,D
sz000100,TCL科技,2025-09-16 10:44:15,4.34,578000,4.34,D
sz000100,TCL科技,2025-09-16 10:44:18,4.34,122100,4.34,D
sz000100,TCL科技,2025-09-16 10:44:21,4.34,367100,4.34,D
sz000100,TCL科技,2025-09-16 10:44:24,4.34,3883760,4.34,D
sz000100,TCL科技,2025-09-16 10:44:27,4.34,145500,4.34,U
sz000100,TCL科技,2025-09-16 10:44:30,4.33,105500,4.34,D
sz000100,TCL科技,2025-09-16 10:44:33,4.33,441500,4.33,D
sz000100,TCL科技,2025-09-16 10:44:36,4.34,155600,4.33,U
sz000100,TCL科技,2025-09-16 10:44:39,4.33,63400,4.34,D
sz000100,TCL科技,2025-09-16 10:44:42,4.33,476162,4.33,D
sz000100,TCL科技,2025-09-16 10:44:45,4.33,96200,4.33,D
sz000100,TCL科技,2025-09-16 10:44:48,4.34,158500,4.33,U
sz000100,TCL科技,2025-09-16 10:44:51,4.33,1571600,4.34,D
sz000100,TCL科技,2025-09-16 10:44:54,4.34,315400,4.33,U
sz000100,TCL科技,2025-09-16 10:44:57,4.33,126800,4.34,D
sz000100,TCL科技,2025-09-16 10:45:00,4.33,34800,4.33,D
sz000100,TCL科技,2025-09-16 10:45:03,4.33,652800,4.33,D
sz000100,TCL科技,2025-09-16 10:45:06,4.34,212500,4.33,U
sz000100,TCL科技,2025-09-16 10:45:09,4.34,34800,4.34,U
sz000100,TCL科技,2025-09-16 10:45:12,4.34,22400,4.34,U
sz000100,TCL科技,2025-09-16 10:45:15,4.34,1020200,4.34,U
sz000100,TCL科技,2025-09-16 10:45:18,4.34,58800,4.34,U
sz000100,TCL科技,2025-09-16 10:45:21,4.34,56400,4.34,U
sz000100,TCL科技,2025-09-16 10:45:24,4.33,89600,4.34,D
sz000100,TCL科技,2025-09-16 10:45:27,4.34,63800,4.33,U
sz000100,TCL科技,2025-09-16 10:45:30,4.33,26100,4.34,D
sz000100,TCL科技,2025-09-16 10:45:33,4.34,59500,4.33,U
sz000100,TCL科技,2025-09-16 10:45:36,4.34,21800,4.34,U
sz000100,TCL科技,2025-09-16 10:45:39,4.34,49300,4.34,U
sz000100,TCL科技,2025-09-16 10:45:42,4.33,23700,4.34,D
sz000100,TCL科技,2025-09-16 10:45:48,4.34,105600,4.33,U
sz000100,TCL科技,2025-09-16 10:45:51,4.34,36100,4.34,U
sz000100,TCL科技,2025-09-16 10:45:54,4.34,101600,4.34,U
sz000100,TCL科技,2025-09-16 10:45:57,4.34,42500,4.34,U
sz000100,TCL科技,2025-09-16 10:46:00,4.33,20200,4.34,D
sz000100,TCL科技,2025-09-16 10:46:03,4.34,50900,4.33,U
sz000100,TCL科技,2025-09-16 10:46:06,4.34,29200,4.34,U
sz000100,TCL科技,2025-09-16 10:46:09,4.33,44900,4.34,D
sz000100,TCL科技,2025-09-16 10:46:15,4.33,24500,4.34,D
sz000100,TCL科技,2025-09-16 10:46:18,4.34,66500,4.33,U
sz000100,TCL科技,2025-09-16 10:46:21,4.34,30300,4.34,U
sz000100,TCL科技,2025-09-16 10:46:24,4.34,39300,4.34,U
sz000100,TCL科技,2025-09-16 10:46:27,4.33,52400,4.34,D
sz000100,TCL科技,2025-09-16 10:46:30,4.33,32320,4.33,D
sz000100,TCL科技,2025-09-16 10:46:33,4.33,43100,4.33,D
sz000100,TCL科技,2025-09-16 10:46:36,4.33,69500,4.33,D
sz000100,TCL科技,2025-09-16 10:46:39,4.33,105300,4.33,D
sz000100,TCL科技,2025-09-16 10:46:42,4.34,102400,4.33,U
sz000100,TCL科技,2025-09-16 10:46:45,4.33,192700,4.34,D
sz000100,TCL科技,2025-09-16 10:46:48,4.34,39000,4.33,U
sz000100,TCL科技,2025-09-16 10:46:51,4.33,158800,4.34,D
sz000100,TCL科技,2025-09-16 10:46:54,4.34,279200,4.33,U
sz000100,TCL科技,2025-09-16 10:46:57,4.33,131900,4.34,D
sz000100,TCL科技,2025-09-16 10:47:00,4.33,78600,4.33,D
sz000100,TCL科技,2025-09-16 10:47:03,4.34,102100,4.33,U
sz000100,TCL科技,2025-09-16 10:47:06,4.34,865710,4.34,U
sz000100,TCL科技,2025-09-16 10:47:09,4.34,323200,4.34,D
sz000100,TCL科技,2025-09-16 10:47:12,4.34,302600,4.34,D
sz000100,TCL科技,2025-09-16 10:47:18,4.34,81800,4.34,D
sz000100,TCL科技,2025-09-16 10:47:21,4.35,21900,4.34,U
sz000100,TCL科技,2025-09-16 10:47:24,4.35,25500,4.35,U
sz000100,TCL科技,2025-09-16 10:47:27,4.35,27430,4.35,U
sz000100,TCL科技,2025-09-16 10:47:33,4.35,27300,4.34,U
sz000100,TCL科技,2025-09-16 10:47:36,4.35,22500,4.35,U
sz000100,TCL科技,2025-09-16 10:47:39,4.35,269000,4.35,U
sz000100,TCL科技,2025-09-16 10:47:48,4.34,26000,4.35,D
sz000100,TCL科技,2025-09-16 10:47:51,4.34,37300,4.34,D
sz000100,TCL科技,2025-09-16 10:47:54,4.35,27200,4.34,U
sz000100,TCL科技,2025-09-16 10:48:15,4.34,47200,4.34,D
sz000100,TCL科技,2025-09-16 10:48:24,4.34,26400,4.35,D
sz000100,TCL科技,2025-09-16 10:48:27,4.35,37600,4.34,U
sz000100,TCL科技,2025-09-16 10:48:39,4.34,23700,4.35,D
sz000100,TCL科技,2025-09-16 10:48:42,4.35,63200,4.34,U
sz000100,TCL科技,2025-09-16 10:48:54,4.34,43900,4.35,D
sz000100,TCL科技,2025-09-16 10:48:57,4.34,35400,4.34,D
sz000100,TCL科技,2025-09-16 10:49:00,4.34,20300,4.34,D
sz000100,TCL科技,2025-09-16 10:49:03,4.34,20600,4.34,D
sz000100,TCL科技,2025-09-16 10:49:06,4.35,58700,4.34,U
sz000100,TCL科技,2025-09-16 10:49:09,4.35,28800,4.35,U
sz000100,TCL科技,2025-09-16 10:49:15,4.35,64000,4.35,U
sz000100,TCL科技,2025-09-16 10:49:18,4.35,50200,4.35,U
sz000100,TCL科技,2025-09-16 10:49:21,4.35,23700,4.35,U
sz000100,TCL科技,2025-09-16 10:49:45,4.35,40500,4.35,U
sz000100,TCL科技,2025-09-16 10:49:48,4.34,39000,4.35,D
sz000100,TCL科技,2025-09-16 10:49:54,4.35,51400,4.34,U
sz000100,TCL科技,2025-09-16 10:49:57,4.34,111400,4.35,D
sz000100,TCL科技,2025-09-16 10:50:00,4.34,113700,4.34,D
sz000100,TCL科技,2025-09-16 10:50:03,4.34,26100,4.34,D
sz000100,TCL科技,2025-09-16 10:50:06,4.35,48200,4.34,U
sz000100,TCL科技,2025-09-16 10:50:09,4.34,22700,4.35,D
sz000100,TCL科技,2025-09-16 10:50:15,4.35,32000,4.34,U
sz000100,TCL科技,2025-09-16 10:50:18,4.35,34700,4.35,U
sz000100,TCL科技,2025-09-16 10:50:30,4.34,25200,4.35,D
sz000100,TCL科技,2025-09-16 10:50:33,4.34,47000,4.34,D
sz000100,TCL科技,2025-09-16 10:50:42,4.34,59700,4.34,D
sz000100,TCL科技,2025-09-16 10:50:51,4.34,22500,4.34,D
sz000100,TCL科技,2025-09-16 10:50:57,4.35,22400,4.35,U
sz000100,TCL科技,2025-09-16 10:51:03,4.34,33000,4.34,D
sz000100,TCL科技,2025-09-16 10:51:06,4.34,40100,4.34,D
sz000100,TCL科技,2025-09-16 10:51:15,4.34,42600,4.35,D
sz000100,TCL科技,2025-09-16 10:51:27,4.34,28400,4.35,D
sz000100,TCL科技,2025-09-16 10:51:42,4.34,21300,4.35,D
sz000100,TCL科技,2025-09-16 10:51:45,4.35,23600,4.34,U
sz000100,TCL科技,2025-09-16 10:51:51,4.34,35700,4.34,D
sz000100,TCL科技,2025-09-16 10:51:57,4.34,225200,4.34,D
sz000100,TCL科技,2025-09-16 10:52:00,4.35,35000,4.34,U
sz000100,TCL科技,2025-09-16 10:52:03,4.34,20900,4.35,D
sz000100,TCL科技,2025-09-16 10:52:06,4.34,28500,4.34,D
sz000100,TCL科技,2025-09-16 10:52:09,4.35,61100,4.34,U
sz000100,TCL科技,2025-09-16 10:52:15,4.35,28000,4.34,U
sz000100,TCL科技,2025-09-16 10:52:24,4.34,121100,4.35,D
sz000100,TCL科技,2025-09-16 10:52:33,4.34,61400,4.34,D
sz000100,TCL科技,2025-09-16 10:52:36,4.35,64600,4.34,U
sz000100,TCL科技,2025-09-16 10:52:45,4.35,59600,4.35,U
sz000100,TCL科技,2025-09-16 10:52:54,4.34,23100,4.34,D
sz000100,TCL科技,2025-09-16 10:52:57,4.34,69200,4.34,D
sz000100,TCL科技,2025-09-16 10:53:03,4.35,27800,4.35,U
sz000100,TCL科技,2025-09-16 10:53:06,4.34,30200,4.35,D
sz000100,TCL科技,2025-09-16 10:53:09,4.35,39100,4.34,U
sz000100,TCL科技,2025-09-16 10:53:12,4.35,38000,4.35,U
sz000100,TCL科技,2025-09-16 10:53:15,4.34,65200,4.35,D
sz000100,TCL科技,2025-09-16 10:53:18,4.35,132900,4.34,U
sz000100,TCL科技,2025-09-16 10:53:21,4.35,27000,4.35,U
sz000100,TCL科技,2025-09-16 10:53:24,4.35,26500,4.35,U
sz000100,TCL科技,2025-09-16 10:53:27,4.35,64100,4.35,U
sz000100,TCL科技,2025-09-16 10:53:39,4.34,26700,4.34,D
sz000100,TCL科技,2025-09-16 10:53:48,4.35,61510,4.34,U
sz000100,TCL科技,2025-09-16 10:53:51,4.35,97400,4.35,U
sz000100,TCL科技,2025-09-16 10:54:03,4.34,36600,4.34,D
sz000100,TCL科技,2025-09-16 10:54:06,4.35,31700,4.34,U
sz000100,TCL科技,2025-09-16 10:54:09,4.34,164400,4.35,D
sz000100,TCL科技,2025-09-16 10:54:12,4.35,47500,4.34,U
sz000100,TCL科技,2025-09-16 10:54:18,4.35,20100,4.35,U
sz000100,TCL科技,2025-09-16 10:54:27,4.35,23300,4.35,U
sz000100,TCL科技,2025-09-16 10:54:33,4.34,32200,4.34,D
sz000100,TCL科技,2025-09-16 10:54:51,4.34,28800,4.34,D
sz000100,TCL科技,2025-09-16 10:55:03,4.34,312800,4.34,D
sz000100,TCL科技,2025-09-16 10:55:06,4.34,121600,4.34,D
sz000100,TCL科技,2025-09-16 10:55:09,4.34,46500,4.34,D
sz000100,TCL科技,2025-09-16 10:55:15,4.34,105000,4.34,D
sz000100,TCL科技,2025-09-16 10:55:24,4.35,29300,4.34,U
sz000100,TCL科技,2025-09-16 10:55:27,4.34,2236200,4.35,D
sz000100,TCL科技,2025-09-16 10:55:30,4.34,2315000,4.34,D
sz000100,TCL科技,2025-09-16 10:55:33,4.35,226700,4.34,U
sz000100,TCL科技,2025-09-16 10:55:36,4.34,601900,4.35,D
sz000100,TCL科技,2025-09-16 10:55:39,4.34,89800,4.34,D
sz000100,TCL科技,2025-09-16 10:55:42,4.34,222800,4.34,D
sz000100,TCL科技,2025-09-16 10:55:45,4.34,179100,4.34,D
sz000100,TCL科技,2025-09-16 10:55:48,4.34,227300,4.34,D
sz000100,TCL科技,2025-09-16 10:55:51,4.34,103200,4.34,D
sz000100,TCL科技,2025-09-16 10:55:54,4.34,130800,4.34,D
sz000100,TCL科技,2025-09-16 10:55:57,4.34,105000,4.34,D
sz000100,TCL科技,2025-09-16 10:56:00,4.34,35500,4.34,D
sz000100,TCL科技,2025-09-16 10:56:03,4.34,158870,4.34,D
sz000100,TCL科技,2025-09-16 10:56:12,4.34,43300,4.34,U
sz000100,TCL科技,2025-09-16 10:56:15,4.34,55000,4.34,U
sz000100,TCL科技,2025-09-16 10:56:30,4.33,42600,4.34,D
sz000100,TCL科技,2025-09-16 10:56:33,4.33,23800,4.33,D
sz000100,TCL科技,2025-09-16 10:56:39,4.33,88100,4.33,D
sz000100,TCL科技,2025-09-16 10:56:42,4.33,29600,4.33,D
sz000100,TCL科技,2025-09-16 10:56:45,4.34,54200,4.33,U
sz000100,TCL科技,2025-09-16 10:56:48,4.33,39200,4.34,D
sz000100,TCL科技,2025-09-16 10:56:51,4.34,29500,4.33,U
sz000100,TCL科技,2025-09-16 10:56:54,4.33,22000,4.34,D
sz000100,TCL科技,2025-09-16 10:57:06,4.34,70800,4.33,U
sz000100,TCL科技,2025-09-16 10:57:09,4.33,34730,4.34,D
sz000100,TCL科技,2025-09-16 10:57:12,4.33,27200,4.33,D
sz000100,TCL科技,2025-09-16 10:57:15,4.34,20700,4.33,U
sz000100,TCL科技,2025-09-16 10:57:18,4.33,20200,4.34,D
sz000100,TCL科技,2025-09-16 10:57:21,4.33,37600,4.33,D
sz000100,TCL科技,2025-09-16 10:57:24,4.33,30000,4.33,D
sz000100,TCL科技,2025-09-16 10:57:33,4.33,22100,4.33,D
sz000100,TCL科技,2025-09-16 10:57:36,4.33,28800,4.33,D
sz000100,TCL科技,2025-09-16 10:57:39,4.33,164600,4.33,D
sz000100,TCL科技,2025-09-16 10:57:51,4.33,74400,4.33,D
sz000100,TCL科技,2025-09-16 10:57:54,4.33,27000,4.33,D
sz000100,TCL科技,2025-09-16 10:58:00,4.33,26300,4.33,D
sz000100,TCL科技,2025-09-16 10:58:03,4.34,122500,4.33,U
sz000100,TCL科技,2025-09-16 10:58:09,4.33,259100,4.34,D
sz000100,TCL科技,2025-09-16 10:58:12,4.34,272700,4.33,U
sz000100,TCL科技,2025-09-16 10:58:15,4.33,256400,4.34,D
sz000100,TCL科技,2025-09-16 10:58:27,4.34,21500,4.33,U
sz000100,TCL科技,2025-09-16 10:58:30,4.33,46160,4.34,D
sz000100,TCL科技,2025-09-16 10:58:33,4.34,30700,4.33,U
sz000100,TCL科技,2025-09-16 10:58:36,4.33,26100,4.34,D
sz000100,TCL科技,2025-09-16 10:58:39,4.33,60600,4.33,D
sz000100,TCL科技,2025-09-16 10:58:45,4.34,190100,4.33,U
sz000100,TCL科技,2025-09-16 10:58:57,4.33,33400,4.34,D
sz000100,TCL科技,2025-09-16 10:59:03,4.34,41300,4.34,U
sz000100,TCL科技,2025-09-16 10:59:15,4.34,67100,4.34,U
sz000100,TCL科技,2025-09-16 10:59:18,4.34,144200,4.34,U
sz000100,TCL科技,2025-09-16 10:59:24,4.34,40820,4.34,U
sz000100,TCL科技,2025-09-16 10:59:27,4.34,29300,4.34,U
sz000100,TCL科技,2025-09-16 10:59:30,4.33,35500,4.34,D
sz000100,TCL科技,2025-09-16 10:59:33,4.34,34500,4.33,U
sz000100,TCL科技,2025-09-16 10:59:36,4.34,30300,4.34,U
sz000100,TCL科技,2025-09-16 10:59:39,4.34,146800,4.34,U
sz000100,TCL科技,2025-09-16 10:59:42,4.33,541500,4.34,D
sz000100,TCL科技,2025-09-16 10:59:45,4.33,41300,4.33,D
sz000100,TCL科技,2025-09-16 10:59:48,4.33,34200,4.33,D
sz000100,TCL科技,2025-09-16 10:59:51,4.34,25500,4.33,U
sz000100,TCL科技,2025-09-16 10:59:54,4.34,28100,4.34,U
sz000100,TCL科技,2025-09-16 10:59:57,4.34,34700,4.34,U
sz000100,TCL科技,2025-09-16 11:00:00,4.33,25000,4.34,D
sz000100,TCL科技,2025-09-16 11:00:03,4.33,36000,4.33,D
sz000100,TCL科技,2025-09-16 11:00:12,4.34,26600,4.34,U
sz000100,TCL科技,2025-09-16 11:00:15,4.34,63300,4.34,U
sz000100,TCL科技,2025-09-16 11:00:18,4.34,83100,4.34,U
sz000100,TCL科技,2025-09-16 11:00:21,4.34,21600,4.34,U
sz000100,TCL科技,2025-09-16 11:00:33,4.34,74400,4.33,U
sz000100,TCL科技,2025-09-16 11:00:42,4.34,74900,4.34,U
sz000100,TCL科技,2025-09-16 11:00:45,4.34,48400,4.34,U
sz000100,TCL科技,2025-09-16 11:00:54,4.33,35800,4.34,D
sz000100,TCL科技,2025-09-16 11:01:06,4.33,177400,4.33,D
sz000100,TCL科技,2025-09-16 11:01:09,4.33,22000,4.33,D
sz000100,TCL科技,2025-09-16 11:01:12,4.34,59700,4.33,U
sz000100,TCL科技,2025-09-16 11:01:21,4.34,22800,4.33,U
sz000100,TCL科技,2025-09-16 11:01:30,4.33,46200,4.34,D
sz000100,TCL科技,2025-09-16 11:01:39,4.34,31300,4.33,U
sz000100,TCL科技,2025-09-16 11:01:45,4.33,27600,4.33,D
sz000100,TCL科技,2025-09-16 11:02:06,4.34,27800,4.34,U
sz000100,TCL科技,2025-09-16 11:02:12,4.34,34000,4.33,U
sz000100,TCL科技,2025-09-16 11:02:15,4.34,38500,4.34,U
sz000100,TCL科技,2025-09-16 11:02:18,4.34,141600,4.34,U
sz000100,TCL科技,2025-09-16 11:02:51,4.33,24400,4.34,D
sz000100,TCL科技,2025-09-16 11:03:03,4.33,29900,4.34,D
sz000100,TCL科技,2025-09-16 11:03:06,4.34,1579600,4.33,U
sz000100,TCL科技,2025-09-16 11:03:09,4.34,1221700,4.34,U
sz000100,TCL科技,2025-09-16 11:03:12,4.34,132700,4.34,U
sz000100,TCL科技,2025-09-16 11:03:15,4.34,40300,4.34,U
sz000100,TCL科技,2025-09-16 11:03:18,4.34,363510,4.34,U
sz000100,TCL科技,2025-09-16 11:03:21,4.34,433800,4.34,D
sz000100,TCL科技,2025-09-16 11:03:24,4.34,34300,4.34,D
sz000100,TCL科技,2025-09-16 11:03:45,4.35,77100,4.34,U
sz000100,TCL科技,2025-09-16 11:03:48,4.34,20500,4.35,D
sz000100,TCL科技,2025-09-16 11:03:57,4.34,25500,4.35,D
sz000100,TCL科技,2025-09-16 11:04:03,4.35,27500,4.34,U
sz000100,TCL科技,2025-09-16 11:04:06,4.34,45800,4.35,D
sz000100,TCL科技,2025-09-16 11:04:12,4.35,50900,4.34,U
sz000100,TCL科技,2025-09-16 11:04:21,4.35,29600,4.35,U
sz000100,TCL科技,2025-09-16 11:04:45,4.34,30100,4.34,D
sz000100,TCL科技,2025-09-16 11:05:03,4.34,32500,4.34,D
sz000100,TCL科技,2025-09-16 11:05:09,4.34,21900,4.34,D
sz000100,TCL科技,2025-09-16 11:05:21,4.35,24100,4.34,U
sz000100,TCL科技,2025-09-16 11:06:09,4.34,22300,4.34,D
sz000100,TCL科技,2025-09-16 11:06:18,4.34,113700,4.34,D
sz000100,TCL科技,2025-09-16 11:06:30,4.34,20100,4.34,D
sz000100,TCL科技,2025-09-16 11:06:42,4.35,21900,4.34,U
sz000100,TCL科技,2025-09-16 11:06:45,4.34,20500,4.35,D
sz000100,TCL科技,2025-09-16 11:06:48,4.34,27300,4.34,D
sz000100,TCL科技,2025-09-16 11:06:54,4.34,45200,4.34,D
sz000100,TCL科技,2025-09-16 11:07:00,4.34,29400,4.34,D
sz000100,TCL科技,2025-09-16 11:07:03,4.34,40890,4.34,D
sz000100,TCL科技,2025-09-16 11:07:06,4.34,122400,4.34,D
sz000100,TCL科技,2025-09-16 11:07:15,4.34,41400,4.34,D
sz000100,TCL科技,2025-09-16 11:07:18,4.34,307900,4.34,D
sz000100,TCL科技,2025-09-16 11:07:24,4.34,70300,4.34,D
sz000100,TCL科技,2025-09-16 11:07:27,4.35,200700,4.34,U
sz000100,TCL科技,2025-09-16 11:07:30,4.34,69500,4.35,D
sz000100,TCL科技,2025-09-16 11:07:33,4.34,165100,4.34,D
sz000100,TCL科技,2025-09-16 11:07:36,4.34,305600,4.34,D
sz000100,TCL科技,2025-09-16 11:07:39,4.34,42800,4.34,D
sz000100,TCL科技,2025-09-16 11:07:42,4.34,135900,4.34,D
sz000100,TCL科技,2025-09-16 11:08:06,4.35,35600,4.35,U
sz000100,TCL科技,2025-09-16 11:08:09,4.35,840100,4.35,U
sz000100,TCL科技,2025-09-16 11:08:12,4.34,65000,4.35,D
sz000100,TCL科技,2025-09-16 11:08:18,4.34,23700,4.34,D
sz000100,TCL科技,2025-09-16 11:08:24,4.35,28400,4.34,U
sz000100,TCL科技,2025-09-16 11:08:30,4.34,57000,4.34,D
sz000100,TCL科技,2025-09-16 11:08:33,4.34,54000,4.34,D
sz000100,TCL科技,2025-09-16 11:08:36,4.35,23800,4.34,U
sz000100,TCL科技,2025-09-16 11:08:39,4.34,20200,4.35,D
sz000100,TCL科技,2025-09-16 11:08:42,4.34,48600,4.34,D
sz000100,TCL科技,2025-09-16 11:08:45,4.34,38110,4.34,D
sz000100,TCL科技,2025-09-16 11:08:48,4.35,40700,4.34,U
sz000100,TCL科技,2025-09-16 11:08:51,4.35,41300,4.35,U
sz000100,TCL科技,2025-09-16 11:08:54,4.35,46700,4.35,U
sz000100,TCL科技,2025-09-16 11:08:57,4.35,36300,4.35,U
sz000100,TCL科技,2025-09-16 11:09:03,4.34,35800,4.34,D
sz000100,TCL科技,2025-09-16 11:09:06,4.34,40320,4.34,D
sz000100,TCL科技,2025-09-16 11:09:09,4.34,97500,4.34,D
sz000100,TCL科技,2025-09-16 11:09:12,4.34,123300,4.34,D
sz000100,TCL科技,2025-09-16 11:09:15,4.34,68100,4.34,D
sz000100,TCL科技,2025-09-16 11:09:18,4.35,32020,4.34,U
sz000100,TCL科技,2025-09-16 11:09:24,4.34,32600,4.34,D
sz000100,TCL科技,2025-09-16 11:09:27,4.35,24600,4.34,U
sz000100,TCL科技,2025-09-16 11:09:33,4.34,20400,4.35,D
sz000100,TCL科技,2025-09-16 11:09:36,4.35,46400,4.34,U
sz000100,TCL科技,2025-09-16 11:09:39,4.34,22700,4.35,D
sz000100,TCL科技,2025-09-16 11:09:42,4.34,333500,4.34,D
sz000100,TCL科技,2025-09-16 11:09:45,4.34,214780,4.34,D
sz000100,TCL科技,2025-09-16 11:09:48,4.34,126400,4.34,D
sz000100,TCL科技,2025-09-16 11:09:51,4.34,181300,4.34,D
sz000100,TCL科技,2025-09-16 11:09:54,4.34,41500,4.34,D
sz000100,TCL科技,2025-09-16 11:09:57,4.34,36800,4.34,D
sz000100,TCL科技,2025-09-16 11:10:00,4.34,35400,4.34,D
sz000100,TCL科技,2025-09-16 11:10:03,4.34,76000,4.34,D
sz000100,TCL科技,2025-09-16 11:10:06,4.34,59000,4.34,D
sz000100,TCL科技,2025-09-16 11:10:09,4.34,210800,4.34,D
sz000100,TCL科技,2025-09-16 11:10:12,4.34,79000,4.34,D
sz000100,TCL科技,2025-09-16 11:10:15,4.35,137400,4.34,U
sz000100,TCL科技,2025-09-16 11:10:18,4.34,60800,4.35,D
sz000100,TCL科技,2025-09-16 11:10:21,4.34,25100,4.34,D
sz000100,TCL科技,2025-09-16 11:10:24,4.34,22900,4.34,D
sz000100,TCL科技,2025-09-16 11:10:27,4.35,22400,4.34,U
sz000100,TCL科技,2025-09-16 11:10:30,4.34,27900,4.35,D
sz000100,TCL科技,2025-09-16 11:10:33,4.34,25200,4.34,D
sz000100,TCL科技,2025-09-16 11:10:39,4.34,21500,4.35,D
sz000100,TCL科技,2025-09-16 11:10:54,4.34,28500,4.35,D
sz000100,TCL科技,2025-09-16 11:11:09,4.34,48300,4.34,D
sz000100,TCL科技,2025-09-16 11:11:15,4.35,26300,4.34,U
sz000100,TCL科技,2025-09-16 11:11:18,4.34,23800,4.35,D
sz000100,TCL科技,2025-09-16 11:11:24,4.35,29500,4.35,U
sz000100,TCL科技,2025-09-16 11:11:27,4.34,27700,4.35,D
sz000100,TCL科技,2025-09-16 11:11:30,4.34,21600,4.34,D
sz000100,TCL科技,2025-09-16 11:11:33,4.34,35700,4.34,D
sz000100,TCL科技,2025-09-16 11:11:36,4.34,63600,4.34,D
sz000100,TCL科技,2025-09-16 11:11:39,4.34,50900,4.34,D
sz000100,TCL科技,2025-09-16 11:11:42,4.34,48100,4.34,D
sz000100,TCL科技,2025-09-16 11:11:45,4.34,46700,4.34,D
sz000100,TCL科技,2025-09-16 11:11:51,4.34,32900,4.34,D
sz000100,TCL科技,2025-09-16 11:11:54,4.34,29400,4.34,D
sz000100,TCL科技,2025-09-16 11:11:57,4.34,30400,4.34,D
sz000100,TCL科技,2025-09-16 11:12:00,4.34,32300,4.34,D
sz000100,TCL科技,2025-09-16 11:12:03,4.35,33700,4.34,U
sz000100,TCL科技,2025-09-16 11:12:09,4.34,33800,4.34,D
sz000100,TCL科技,2025-09-16 11:12:12,4.35,38640,4.34,U
sz000100,TCL科技,2025-09-16 11:12:15,4.34,47800,4.35,D
sz000100,TCL科技,2025-09-16 11:12:18,4.34,50100,4.34,D
sz000100,TCL科技,2025-09-16 11:12:21,4.35,25100,4.34,U
sz000100,TCL科技,2025-09-16 11:12:24,4.34,20100,4.35,D
sz000100,TCL科技,2025-09-16 11:12:30,4.34,28700,4.34,D
sz000100,TCL科技,2025-09-16 11:12:33,4.34,22100,4.34,D
sz000100,TCL科技,2025-09-16 11:12:36,4.34,35300,4.34,D
sz000100,TCL科技,2025-09-16 11:12:48,4.34,143100,4.34,D
sz000100,TCL科技,2025-09-16 11:12:51,4.35,28200,4.34,U
sz000100,TCL科技,2025-09-16 11:12:54,4.35,36300,4.35,U
sz000100,TCL科技,2025-09-16 11:12:57,4.34,348300,4.35,D
sz000100,TCL科技,2025-09-16 11:13:06,4.34,40700,4.34,D
sz000100,TCL科技,2025-09-16 11:13:09,4.34,27900,4.34,D
sz000100,TCL科技,2025-09-16 11:13:12,4.34,21700,4.34,D
sz000100,TCL科技,2025-09-16 11:13:15,4.34,24500,4.34,D
sz000100,TCL科技,2025-09-16 11:13:27,4.34,73200,4.34,D
sz000100,TCL科技,2025-09-16 11:13:30,4.34,20400,4.34,D
sz000100,TCL科技,2025-09-16 11:13:51,4.34,22400,4.34,D
sz000100,TCL科技,2025-09-16 11:14:12,4.34,26700,4.34,D
sz000100,TCL科技,2025-09-16 11:14:30,4.34,29600,4.34,D
sz000100,TCL科技,2025-09-16 11:14:45,4.34,21100,4.34,D
sz000100,TCL科技,2025-09-16 11:14:54,4.34,57100,4.35,D
sz000100,TCL科技,2025-09-16 11:14:57,4.34,113300,4.34,D
sz000100,TCL科技,2025-09-16 11:15:00,4.34,80600,4.34,D
sz000100,TCL科技,2025-09-16 11:15:03,4.34,106600,4.34,D
sz000100,TCL科技,2025-09-16 11:15:06,4.34,65900,4.34,D
sz000100,TCL科技,2025-09-16 11:15:21,4.34,29200,4.34,D
sz000100,TCL科技,2025-09-16 11:15:27,4.34,30300,4.34,D
sz000100,TCL科技,2025-09-16 11:15:33,4.34,45800,4.34,D
sz000100,TCL科技,2025-09-16 11:15:36,4.34,21500,4.34,D
sz000100,TCL科技,2025-09-16 11:15:45,4.34,21000,4.34,D
sz000100,TCL科技,2025-09-16 11:15:51,4.34,30600,4.35,D
sz000100,TCL科技,2025-09-16 11:15:54,4.34,54600,4.34,D
sz000100,TCL科技,2025-09-16 11:16:03,4.34,101600,4.34,D
sz000100,TCL科技,2025-09-16 11:16:06,4.34,2796000,4.34,D
sz000100,TCL科技,2025-09-16 11:16:09,4.34,1206800,4.34,D
sz000100,TCL科技,2025-09-16 11:16:12,4.33,473100,4.34,D
sz000100,TCL科技,2025-09-16 11:16:15,4.33,155300,4.33,D
sz000100,TCL科技,2025-09-16 11:16:18,4.33,125400,4.33,D
sz000100,TCL科技,2025-09-16 11:16:21,4.33,169100,4.33,D
sz000100,TCL科技,2025-09-16 11:16:24,4.34,44800,4.33,U
sz000100,TCL科技,2025-09-16 11:16:27,4.34,31000,4.34,U
sz000100,TCL科技,2025-09-16 11:16:30,4.33,31600,4.34,D
sz000100,TCL科技,2025-09-16 11:16:33,4.33,20600,4.33,D
sz000100,TCL科技,2025-09-16 11:16:39,4.34,52500,4.33,U
sz000100,TCL科技,2025-09-16 11:16:45,4.34,39300,4.33,U
sz000100,TCL科技,2025-09-16 11:17:00,4.34,52630,4.33,U
sz000100,TCL科技,2025-09-16 11:17:03,4.34,726800,4.34,U
sz000100,TCL科技,2025-09-16 11:17:06,4.34,52400,4.34,U
sz000100,TCL科技,2025-09-16 11:17:09,4.34,54800,4.34,U
sz000100,TCL科技,2025-09-16 11:17:12,4.34,49300,4.34,U
sz000100,TCL科技,2025-09-16 11:17:15,4.34,83500,4.34,U
sz000100,TCL科技,2025-09-16 11:17:18,4.34,46200,4.34,U
sz000100,TCL科技,2025-09-16 11:17:21,4.34,42100,4.34,U
sz000100,TCL科技,2025-09-16 11:17:24,4.34,42800,4.34,U
sz000100,TCL科技,2025-09-16 11:17:27,4.34,68800,4.34,U
sz000100,TCL科技,2025-09-16 11:17:30,4.33,100200,4.34,D
sz000100,TCL科技,2025-09-16 11:17:33,4.34,33900,4.33,U
sz000100,TCL科技,2025-09-16 11:17:36,4.34,32900,4.34,U
sz000100,TCL科技,2025-09-16 11:17:39,4.34,29700,4.34,U
sz000100,TCL科技,2025-09-16 11:17:42,4.34,92100,4.34,U
sz000100,TCL科技,2025-09-16 11:17:45,4.34,50800,4.34,U
sz000100,TCL科技,2025-09-16 11:17:48,4.34,79800,4.34,U
sz000100,TCL科技,2025-09-16 11:17:51,4.34,29200,4.34,U
sz000100,TCL科技,2025-09-16 11:17:54,4.34,876500,4.34,U
sz000100,TCL科技,2025-09-16 11:18:00,4.34,51100,4.34,D
sz000100,TCL科技,2025-09-16 11:18:03,4.34,30900,4.34,D
sz000100,TCL科技,2025-09-16 11:18:06,4.35,44100,4.34,U
sz000100,TCL科技,2025-09-16 11:18:21,4.35,60500,4.35,U
sz000100,TCL科技,2025-09-16 11:19:00,4.34,106400,4.35,D
sz000100,TCL科技,2025-09-16 11:19:03,4.34,24300,4.34,D
sz000100,TCL科技,2025-09-16 11:19:15,4.35,51100,4.34,U
sz000100,TCL科技,2025-09-16 11:19:18,4.35,76100,4.35,U
sz000100,TCL科技,2025-09-16 11:19:21,4.35,130000,4.35,U
sz000100,TCL科技,2025-09-16 11:19:24,4.35,47300,4.35,U
sz000100,TCL科技,2025-09-16 11:19:36,4.35,37400,4.34,U
sz000100,TCL科技,2025-09-16 11:19:42,4.35,305200,4.34,U
sz000100,TCL科技,2025-09-16 11:19:45,4.34,65310,4.35,D
sz000100,TCL科技,2025-09-16 11:19:51,4.34,45100,4.35,D
sz000100,TCL科技,2025-09-16 11:19:54,4.35,42400,4.34,U
sz000100,TCL科技,2025-09-16 11:19:57,4.35,28800,4.35,U
sz000100,TCL科技,2025-09-16 11:20:03,4.35,52400,4.34,U
sz000100,TCL科技,2025-09-16 11:20:06,4.34,162900,4.35,D
sz000100,TCL科技,2025-09-16 11:20:27,4.34,24500,4.35,D
sz000100,TCL科技,2025-09-16 11:20:30,4.34,45700,4.34,D
sz000100,TCL科技,2025-09-16 11:20:33,4.34,43500,4.34,D
sz000100,TCL科技,2025-09-16 11:20:42,4.34,34300,4.35,D
sz000100,TCL科技,2025-09-16 11:20:45,4.34,34000,4.34,D
sz000100,TCL科技,2025-09-16 11:20:48,4.34,40200,4.34,D
sz000100,TCL科技,2025-09-16 11:20:54,4.34,47100,4.34,D
sz000100,TCL科技,2025-09-16 11:21:03,4.34,25900,4.34,D
sz000100,TCL科技,2025-09-16 11:21:12,4.34,57000,4.34,D
sz000100,TCL科技,2025-09-16 11:21:24,4.35,31900,4.34,U
sz000100,TCL科技,2025-09-16 11:21:30,4.34,29700,4.34,D
sz000100,TCL科技,2025-09-16 11:21:33,4.34,43000,4.34,D
sz000100,TCL科技,2025-09-16 11:21:39,4.35,867500,4.34,U
sz000100,TCL科技,2025-09-16 11:21:42,4.34,47500,4.35,D
sz000100,TCL科技,2025-09-16 11:21:45,4.35,47000,4.34,U
sz000100,TCL科技,2025-09-16 11:21:54,4.34,413000,4.34,D
sz000100,TCL科技,2025-09-16 11:22:00,4.34,45800,4.34,D
sz000100,TCL科技,2025-09-16 11:22:03,4.34,39400,4.34,D
sz000100,TCL科技,2025-09-16 11:22:09,4.34,46400,4.34,D
sz000100,TCL科技,2025-09-16 11:22:15,4.34,39100,4.34,D
sz000100,TCL科技,2025-09-16 11:22:24,4.34,23100,4.34,D
sz000100,TCL科技,2025-09-16 11:22:27,4.34,29000,4.34,D
sz000100,TCL科技,2025-09-16 11:22:30,4.34,30400,4.34,D
sz000100,TCL科技,2025-09-16 11:22:33,4.34,48200,4.34,D
sz000100,TCL科技,2025-09-16 11:22:36,4.34,21600,4.34,D
sz000100,TCL科技,2025-09-16 11:22:42,4.34,621700,4.34,D
sz000100,TCL科技,2025-09-16 11:22:45,4.35,90000,4.34,U
sz000100,TCL科技,2025-09-16 11:22:51,4.34,22300,4.34,D
sz000100,TCL科技,2025-09-16 11:22:54,4.35,1302000,4.34,U
sz000100,TCL科技,2025-09-16 11:22:57,4.35,49400,4.35,U
sz000100,TCL科技,2025-09-16 11:23:03,4.35,112000,4.35,U
sz000100,TCL科技,2025-09-16 11:23:06,4.34,20100,4.35,D
sz000100,TCL科技,2025-09-16 11:23:12,4.34,49700,4.34,D
sz000100,TCL科技,2025-09-16 11:23:15,4.35,44700,4.34,U
sz000100,TCL科技,2025-09-16 11:23:18,4.35,23800,4.35,U
sz000100,TCL科技,2025-09-16 11:23:21,4.34,524900,4.35,D
sz000100,TCL科技,2025-09-16 11:23:27,4.35,50800,4.34,U
sz000100,TCL科技,2025-09-16 11:23:36,4.35,38600,4.35,U
sz000100,TCL科技,2025-09-16 11:23:39,4.35,50700,4.35,U
sz000100,TCL科技,2025-09-16 11:23:42,4.34,108200,4.35,D
sz000100,TCL科技,2025-09-16 11:23:45,4.35,86100,4.34,U
sz000100,TCL科技,2025-09-16 11:23:48,4.35,174600,4.35,U
sz000100,TCL科技,2025-09-16 11:23:51,4.35,29200,4.35,U
sz000100,TCL科技,2025-09-16 11:23:54,4.35,72100,4.35,U
sz000100,TCL科技,2025-09-16 11:23:57,4.35,25500,4.35,U
sz000100,TCL科技,2025-09-16 11:24:00,4.34,34500,4.35,D
sz000100,TCL科技,2025-09-16 11:24:03,4.35,52300,4.34,U
sz000100,TCL科技,2025-09-16 11:24:06,4.34,37990,4.35,D
sz000100,TCL科技,2025-09-16 11:24:12,4.35,69800,4.35,U
sz000100,TCL科技,2025-09-16 11:24:27,4.35,33200,4.35,U
sz000100,TCL科技,2025-09-16 11:24:33,4.35,182200,4.34,U
sz000100,TCL科技,2025-09-16 11:24:36,4.35,50900,4.35,U
sz000100,TCL科技,2025-09-16 11:24:39,4.34,27100,4.35,D
sz000100,TCL科技,2025-09-16 11:24:45,4.35,52400,4.34,U
sz000100,TCL科技,2025-09-16 11:24:54,4.35,25600,4.35,U
sz000100,TCL科技,2025-09-16 11:24:57,4.35,45600,4.35,U
sz000100,TCL科技,2025-09-16 11:25:06,4.34,116900,4.34,D
sz000100,TCL科技,2025-09-16 11:25:12,4.34,35200,4.34,D
sz000100,TCL科技,2025-09-16 11:25:15,4.34,37800,4.34,D
sz000100,TCL科技,2025-09-16 11:25:18,4.35,25100,4.34,U
sz000100,TCL科技,2025-09-16 11:25:21,4.35,67400,4.35,U
sz000100,TCL科技,2025-09-16 11:25:24,4.35,24530,4.35,U
sz000100,TCL科技,2025-09-16 11:25:30,4.34,44100,4.35,D
sz000100,TCL科技,2025-09-16 11:25:33,4.34,277100,4.34,D
sz000100,TCL科技,2025-09-16 11:25:36,4.34,66900,4.34,D
sz000100,TCL科技,2025-09-16 11:25:39,4.34,30800,4.34,D
sz000100,TCL科技,2025-09-16 11:25:42,4.34,30000,4.34,D
sz000100,TCL科技,2025-09-16 11:25:45,4.34,112400,4.34,D
sz000100,TCL科技,2025-09-16 11:25:48,4.34,54300,4.34,D
sz000100,TCL科技,2025-09-16 11:25:51,4.35,310100,4.34,U
sz000100,TCL科技,2025-09-16 11:25:54,4.34,20900,4.35,D
sz000100,TCL科技,2025-09-16 11:25:57,4.35,420400,4.34,U
sz000100,TCL科技,2025-09-16 11:26:03,4.34,24800,4.34,D
sz000100,TCL科技,2025-09-16 11:26:06,4.35,193500,4.34,U
sz000100,TCL科技,2025-09-16 11:26:09,4.35,214300,4.35,U
sz000100,TCL科技,2025-09-16 11:26:12,4.34,105400,4.35,D
sz000100,TCL科技,2025-09-16 11:26:15,4.35,32900,4.34,U
sz000100,TCL科技,2025-09-16 11:26:18,4.35,96900,4.35,U
sz000100,TCL科技,2025-09-16 11:26:21,4.34,201400,4.35,D
sz000100,TCL科技,2025-09-16 11:26:27,4.35,20600,4.34,U
sz000100,TCL科技,2025-09-16 11:26:33,4.35,152000,4.34,U
sz000100,TCL科技,2025-09-16 11:26:42,4.35,31300,4.35,U
sz000100,TCL科技,2025-09-16 11:26:57,4.35,90900,4.35,U
sz000100,TCL科技,2025-09-16 11:27:03,4.34,37200,4.34,D
sz000100,TCL科技,2025-09-16 11:27:06,4.35,36900,4.34,U
sz000100,TCL科技,2025-09-16 11:27:12,4.35,47400,4.34,U
sz000100,TCL科技,2025-09-16 11:27:15,4.35,22600,4.35,U
sz000100,TCL科技,2025-09-16 11:27:21,4.34,25200,4.35,D
sz000100,TCL科技,2025-09-16 11:27:24,4.34,44900,4.34,D
sz000100,TCL科技,2025-09-16 11:27:27,4.35,34500,4.34,U
sz000100,TCL科技,2025-09-16 11:27:33,4.34,30000,4.34,D
sz000100,TCL科技,2025-09-16 11:27:39,4.35,55200,4.35,U
sz000100,TCL科技,2025-09-16 11:27:42,4.35,32900,4.35,U
sz000100,TCL科技,2025-09-16 11:27:45,4.35,52100,4.35,U
sz000100,TCL科技,2025-09-16 11:27:48,4.35,27000,4.35,U
sz000100,TCL科技,2025-09-16 11:27:51,4.35,65700,4.35,U
sz000100,TCL科技,2025-09-16 11:28:00,4.34,27600,4.35,D
sz000100,TCL科技,2025-09-16 11:28:03,4.35,66000,4.34,U
sz000100,TCL科技,2025-09-16 11:28:21,4.35,33800,4.35,U
sz000100,TCL科技,2025-09-16 11:28:30,4.34,127800,4.35,D
sz000100,TCL科技,2025-09-16 11:28:33,4.35,39200,4.34,U
sz000100,TCL科技,2025-09-16 11:28:36,4.35,42200,4.35,U
sz000100,TCL科技,2025-09-16 11:28:39,4.34,27600,4.35,D
sz000100,TCL科技,2025-09-16 11:28:42,4.34,25400,4.34,D
sz000100,TCL科技,2025-09-16 11:28:45,4.34,41700,4.34,D
sz000100,TCL科技,2025-09-16 11:29:00,4.34,20900,4.35,D
sz000100,TCL科技,2025-09-16 11:29:03,4.34,70800,4.34,D
sz000100,TCL科技,2025-09-16 11:29:12,4.34,27100,4.34,D
sz000100,TCL科技,2025-09-16 11:29:18,4.34,39000,4.34,D
sz000100,TCL科技,2025-09-16 11:29:21,4.34,72600,4.34,D
sz000100,TCL科技,2025-09-16 11:29:27,4.34,33200,4.35,D
sz000100,TCL科技,2025-09-16 11:29:30,4.34,68100,4.34,D
sz000100,TCL科技,2025-09-16 11:29:33,4.34,23200,4.34,D
sz000100,TCL科技,2025-09-16 11:29:45,4.34,110800,4.34,D
sz000100,TCL科技,2025-09-16 11:29:48,4.35,33000,4.34,U
sz000100,TCL科技,2025-09-16 11:29:51,4.35,23000,4.35,U
sz000100,TCL科技,2025-09-16 11:29:54,4.34,24400,4.35,D
sz000100,TCL科技,2025-09-16 11:30:00,4.35,48800,4.34,U
sz000100,TCL科技,2025-09-16 13:00:00,4.35,108660,4.35,U
sz000100,TCL科技,2025-09-16 13:00:03,4.35,1491940,4.35,U
sz000100,TCL科技,2025-09-16 13:00:06,4.35,405780,4.35,D
sz000100,TCL科技,2025-09-16 13:00:09,4.35,163800,4.35,U
sz000100,TCL科技,2025-09-16 13:00:12,4.34,60600,4.35,D
sz000100,TCL科技,2025-09-16 13:00:18,4.35,252200,4.34,U
sz000100,TCL科技,2025-09-16 13:00:21,4.34,73800,4.35,D
sz000100,TCL科技,2025-09-16 13:00:33,4.34,81800,4.34,D
sz000100,TCL科技,2025-09-16 13:00:36,4.35,43600,4.34,U
sz000100,TCL科技,2025-09-16 13:00:51,4.35,24000,4.34,U
sz000100,TCL科技,2025-09-16 13:00:54,4.35,120000,4.35,U
sz000100,TCL科技,2025-09-16 13:00:57,4.35,308800,4.35,U
sz000100,TCL科技,2025-09-16 13:01:00,4.34,35600,4.35,D
sz000100,TCL科技,2025-09-16 13:01:09,4.34,20700,4.35,D
sz000100,TCL科技,2025-09-16 13:01:12,4.34,51300,4.34,D
sz000100,TCL科技,2025-09-16 13:01:15,4.35,143100,4.34,U
sz000100,TCL科技,2025-09-16 13:01:18,4.35,248000,4.35,U
sz000100,TCL科技,2025-09-16 13:01:39,4.35,21100,4.36,D
sz000100,TCL科技,2025-09-16 13:01:45,4.35,54100,4.35,D
sz000100,TCL科技,2025-09-16 13:01:48,4.35,65400,4.35,D
sz000100,TCL科技,2025-09-16 13:02:03,4.35,87100,4.35,D
sz000100,TCL科技,2025-09-16 13:02:06,4.35,323300,4.35,D
sz000100,TCL科技,2025-09-16 13:02:27,4.36,48600,4.36,U
sz000100,TCL科技,2025-09-16 13:02:33,4.35,35100,4.35,D
sz000100,TCL科技,2025-09-16 13:02:48,4.35,30100,4.35,D
sz000100,TCL科技,2025-09-16 13:02:51,4.35,53600,4.35,D
sz000100,TCL科技,2025-09-16 13:03:00,4.35,20300,4.36,D
sz000100,TCL科技,2025-09-16 13:03:03,4.35,52600,4.35,D
sz000100,TCL科技,2025-09-16 13:03:18,4.35,87400,4.35,D
sz000100,TCL科技,2025-09-16 13:03:33,4.35,27800,4.35,D
sz000100,TCL科技,2025-09-16 13:03:36,4.36,79500,4.35,U
sz000100,TCL科技,2025-09-16 13:03:39,4.35,606000,4.36,D
sz000100,TCL科技,2025-09-16 13:03:51,4.35,65600,4.36,D
sz000100,TCL科技,2025-09-16 13:03:54,4.35,27190,4.35,D
sz000100,TCL科技,2025-09-16 13:04:03,4.35,21400,4.35,D
sz000100,TCL科技,2025-09-16 13:04:06,4.36,38200,4.35,U
sz000100,TCL科技,2025-09-16 13:04:18,4.35,54500,4.36,D
sz000100,TCL科技,2025-09-16 13:04:24,4.35,28200,4.35,D
sz000100,TCL科技,2025-09-16 13:04:45,4.36,21800,4.36,U
sz000100,TCL科技,2025-09-16 13:04:57,4.35,72700,4.36,D
sz000100,TCL科技,2025-09-16 13:05:00,4.35,288300,4.35,D
sz000100,TCL科技,2025-09-16 13:05:12,4.36,27900,4.36,U
sz000100,TCL科技,2025-09-16 13:05:27,4.36,24800,4.36,U
sz000100,TCL科技,2025-09-16 13:05:54,4.35,24200,4.35,D
sz000100,TCL科技,2025-09-16 13:06:03,4.35,53200,4.35,D
sz000100,TCL科技,2025-09-16 13:06:06,4.35,115200,4.35,D
sz000100,TCL科技,2025-09-16 13:06:12,4.35,23900,4.35,D
sz000100,TCL科技,2025-09-16 13:06:27,4.35,48400,4.35,D
sz000100,TCL科技,2025-09-16 13:06:54,4.36,25500,4.36,U
sz000100,TCL科技,2025-09-16 13:07:09,4.35,242900,4.35,D
sz000100,TCL科技,2025-09-16 13:07:33,4.35,24100,4.35,D
sz000100,TCL科技,2025-09-16 13:07:36,4.36,20700,4.35,U
sz000100,TCL科技,2025-09-16 13:07:45,4.35,43500,4.36,D
sz000100,TCL科技,2025-09-16 13:07:54,4.35,22700,4.35,D
sz000100,TCL科技,2025-09-16 13:08:03,4.36,21900,4.35,U
sz000100,TCL科技,2025-09-16 13:08:06,4.35,35900,4.36,D
sz000100,TCL科技,2025-09-16 13:08:09,4.35,44900,4.35,D
sz000100,TCL科技,2025-09-16 13:08:15,4.35,46800,4.35,D
sz000100,TCL科技,2025-09-16 13:08:57,4.35,43400,4.35,D
sz000100,TCL科技,2025-09-16 13:09:06,4.35,286600,4.35,D
sz000100,TCL科技,2025-09-16 13:09:18,4.36,27100,4.35,U
sz000100,TCL科技,2025-09-16 13:09:27,4.35,32500,4.35,D
sz000100,TCL科技,2025-09-16 13:09:30,4.35,32600,4.35,D
sz000100,TCL科技,2025-09-16 13:09:42,4.35,68200,4.35,D
sz000100,TCL科技,2025-09-16 13:10:09,4.35,92100,4.35,D
sz000100,TCL科技,2025-09-16 13:10:42,4.35,31700,4.36,D
sz000100,TCL科技,2025-09-16 13:11:09,4.35,42800,4.35,D
sz000100,TCL科技,2025-09-16 13:11:18,4.36,47700,4.35,U
sz000100,TCL科技,2025-09-16 13:11:30,4.36,258200,4.36,U
sz000100,TCL科技,2025-09-16 13:11:39,4.36,25700,4.35,U
sz000100,TCL科技,2025-09-16 13:11:57,4.36,24200,4.36,U
sz000100,TCL科技,2025-09-16 13:12:00,4.35,21700,4.36,D
sz000100,TCL科技,2025-09-16 13:12:06,4.35,49400,4.35,D
sz000100,TCL科技,2025-09-16 13:12:12,4.35,96600,4.36,D
sz000100,TCL科技,2025-09-16 13:12:27,4.35,26400,4.35,D
sz000100,TCL科技,2025-09-16 13:13:03,4.35,38800,4.35,D
sz000100,TCL科技,2025-09-16 13:13:12,4.36,27700,4.35,U
sz000100,TCL科技,2025-09-16 13:13:21,4.35,30200,4.36,D
sz000100,TCL科技,2025-09-16 13:13:30,4.35,79800,4.35,D
sz000100,TCL科技,2025-09-16 13:13:39,4.35,30000,4.35,D
sz000100,TCL科技,2025-09-16 13:13:42,4.36,25100,4.35,U
sz000100,TCL科技,2025-09-16 13:13:45,4.36,34400,4.36,U
sz000100,TCL科技,2025-09-16 13:13:48,4.35,23500,4.36,D
sz000100,TCL科技,2025-09-16 13:14:00,4.35,39000,4.35,D
sz000100,TCL科技,2025-09-16 13:14:12,4.35,47150,4.36,D
sz000100,TCL科技,2025-09-16 13:14:15,4.36,41300,4.35,U
sz000100,TCL科技,2025-09-16 13:14:18,4.36,108500,4.36,U
sz000100,TCL科技,2025-09-16 13:14:24,4.36,65000,4.35,U
sz000100,TCL科技,2025-09-16 13:14:30,4.35,30900,4.35,D
sz000100,TCL科技,2025-09-16 13:14:42,4.36,24300,4.35,U
sz000100,TCL科技,2025-09-16 13:15:03,4.35,36800,4.35,D
sz000100,TCL科技,2025-09-16 13:15:06,4.35,23300,4.35,D
sz000100,TCL科技,2025-09-16 13:15:09,4.36,24800,4.35,U
sz000100,TCL科技,2025-09-16 13:15:12,4.36,35200,4.36,U
sz000100,TCL科技,2025-09-16 13:15:15,4.35,48400,4.36,D
sz000100,TCL科技,2025-09-16 13:15:18,4.36,33300,4.35,U
sz000100,TCL科技,2025-09-16 13:15:24,4.36,53900,4.35,U
sz000100,TCL科技,2025-09-16 13:15:27,4.36,579600,4.36,U
sz000100,TCL科技,2025-09-16 13:15:30,4.35,69600,4.36,D
sz000100,TCL科技,2025-09-16 13:15:42,4.36,112800,4.35,U
sz000100,TCL科技,2025-09-16 13:15:51,4.35,312200,4.35,D
sz000100,TCL科技,2025-09-16 13:15:57,4.35,426400,4.35,D
sz000100,TCL科技,2025-09-16 13:16:03,4.36,56100,4.35,U
sz000100,TCL科技,2025-09-16 13:16:06,4.35,21300,4.36,D
sz000100,TCL科技,2025-09-16 13:16:12,4.36,33200,4.35,U
sz000100,TCL科技,2025-09-16 13:16:15,4.36,44600,4.36,U
sz000100,TCL科技,2025-09-16 13:16:27,4.36,119900,4.36,U
sz000100,TCL科技,2025-09-16 13:16:30,4.35,23500,4.36,D
sz000100,TCL科技,2025-09-16 13:17:00,4.35,36700,4.35,D
sz000100,TCL科技,2025-09-16 13:17:03,4.35,39300,4.35,D
sz000100,TCL科技,2025-09-16 13:17:12,4.36,114800,4.35,U
sz000100,TCL科技,2025-09-16 13:17:15,4.35,34900,4.36,D
sz000100,TCL科技,2025-09-16 13:17:21,4.35,34800,4.35,D
sz000100,TCL科技,2025-09-16 13:17:33,4.35,47800,4.35,D
sz000100,TCL科技,2025-09-16 13:17:36,4.36,41700,4.35,U
sz000100,TCL科技,2025-09-16 13:17:39,4.35,33000,4.36,D
sz000100,TCL科技,2025-09-16 13:17:48,4.36,26900,4.36,U
sz000100,TCL科技,2025-09-16 13:17:51,4.35,37900,4.36,D
sz000100,TCL科技,2025-09-16 13:17:57,4.36,57600,4.36,U
sz000100,TCL科技,2025-09-16 13:18:00,4.35,29700,4.36,D
sz000100,TCL科技,2025-09-16 13:18:03,4.35,51500,4.35,D
sz000100,TCL科技,2025-09-16 13:18:15,4.35,37200,4.36,D
sz000100,TCL科技,2025-09-16 13:18:18,4.36,26200,4.35,U
sz000100,TCL科技,2025-09-16 13:18:24,4.36,87700,4.35,U
sz000100,TCL科技,2025-09-16 13:18:33,4.36,28300,4.35,U
sz000100,TCL科技,2025-09-16 13:18:42,4.36,21700,4.35,U
sz000100,TCL科技,2025-09-16 13:18:54,4.35,190200,4.35,D
sz000100,TCL科技,2025-09-16 13:18:57,4.35,39600,4.35,D
sz000100,TCL科技,2025-09-16 13:19:03,4.35,26700,4.35,D
sz000100,TCL科技,2025-09-16 13:19:06,4.35,61900,4.35,D
sz000100,TCL科技,2025-09-16 13:19:15,4.35,26300,4.36,D
sz000100,TCL科技,2025-09-16 13:19:24,4.35,47300,4.35,D
sz000100,TCL科技,2025-09-16 13:19:30,4.35,22500,4.36,D
sz000100,TCL科技,2025-09-16 13:19:36,4.36,28300,4.35,U
sz000100,TCL科技,2025-09-16 13:19:48,4.35,30200,4.35,D
sz000100,TCL科技,2025-09-16 13:19:54,4.35,23100,4.36,D
sz000100,TCL科技,2025-09-16 13:19:57,4.36,20300,4.35,U
sz000100,TCL科技,2025-09-16 13:20:03,4.35,27200,4.35,D
sz000100,TCL科技,2025-09-16 13:20:15,4.35,66300,4.35,D
sz000100,TCL科技,2025-09-16 13:20:18,4.35,58300,4.35,D
sz000100,TCL科技,2025-09-16 13:20:21,4.36,269800,4.35,U
sz000100,TCL科技,2025-09-16 13:20:24,4.35,44800,4.36,D
sz000100,TCL科技,2025-09-16 13:20:45,4.36,30900,4.36,U
sz000100,TCL科技,2025-09-16 13:21:09,4.35,22400,4.35,D
sz000100,TCL科技,2025-09-16 13:21:12,4.36,50300,4.35,U
sz000100,TCL科技,2025-09-16 13:21:21,4.35,27700,4.36,D
sz000100,TCL科技,2025-09-16 13:21:27,4.36,32900,4.35,U
sz000100,TCL科技,2025-09-16 13:21:51,4.35,32700,4.36,D
sz000100,TCL科技,2025-09-16 13:21:54,4.36,34100,4.35,U
sz000100,TCL科技,2025-09-16 13:22:00,4.35,49500,4.35,D
sz000100,TCL科技,2025-09-16 13:22:03,4.35,1116800,4.35,D
sz000100,TCL科技,2025-09-16 13:22:06,4.35,2430200,4.35,D
sz000100,TCL科技,2025-09-16 13:22:09,4.35,1405800,4.35,D
sz000100,TCL科技,2025-09-16 13:22:12,4.35,1338600,4.35,D
sz000100,TCL科技,2025-09-16 13:22:15,4.35,1172610,4.35,D
sz000100,TCL科技,2025-09-16 13:22:18,4.35,161900,4.35,U
sz000100,TCL科技,2025-09-16 13:22:21,4.34,21800,4.35,D
sz000100,TCL科技,2025-09-16 13:22:27,4.35,137400,4.35,U
sz000100,TCL科技,2025-09-16 13:22:30,4.34,107600,4.35,D
sz000100,TCL科技,2025-09-16 13:22:36,4.34,95800,4.34,D
sz000100,TCL科技,2025-09-16 13:22:39,4.35,33400,4.34,U
sz000100,TCL科技,2025-09-16 13:22:42,4.34,139200,4.35,D
sz000100,TCL科技,2025-09-16 13:22:51,4.34,90200,4.35,D
sz000100,TCL科技,2025-09-16 13:22:57,4.34,117900,4.34,D
sz000100,TCL科技,2025-09-16 13:23:03,4.35,25900,4.34,U
sz000100,TCL科技,2025-09-16 13:23:09,4.34,125600,4.34,D
sz000100,TCL科技,2025-09-16 13:23:18,4.34,32200,4.35,D
sz000100,TCL科技,2025-09-16 13:23:21,4.35,120300,4.34,U
sz000100,TCL科技,2025-09-16 13:23:24,4.35,28000,4.35,U
sz000100,TCL科技,2025-09-16 13:23:33,4.34,99700,4.34,D
sz000100,TCL科技,2025-09-16 13:23:36,4.34,22800,4.34,D
sz000100,TCL科技,2025-09-16 13:23:39,4.35,90900,4.34,U
sz000100,TCL科技,2025-09-16 13:23:45,4.35,106400,4.35,U
sz000100,TCL科技,2025-09-16 13:23:54,4.35,95300,4.35,U
sz000100,TCL科技,2025-09-16 13:24:06,4.34,94500,4.34,D
sz000100,TCL科技,2025-09-16 13:24:09,4.35,50700,4.34,U
sz000100,TCL科技,2025-09-16 13:24:12,4.35,104500,4.35,U
sz000100,TCL科技,2025-09-16 13:24:15,4.35,135900,4.35,U
sz000100,TCL科技,2025-09-16 13:24:18,4.35,39100,4.35,U
sz000100,TCL科技,2025-09-16 13:24:21,4.34,40550,4.35,D
sz000100,TCL科技,2025-09-16 13:24:27,4.34,89800,4.34,D
sz000100,TCL科技,2025-09-16 13:24:33,4.35,156600,4.34,U
sz000100,TCL科技,2025-09-16 13:24:36,4.34,67800,4.35,D
sz000100,TCL科技,2025-09-16 13:24:39,4.34,107000,4.34,D
sz000100,TCL科技,2025-09-16 13:24:51,4.34,84400,4.35,D
sz000100,TCL科技,2025-09-16 13:24:57,4.35,285400,4.35,U
sz000100,TCL科技,2025-09-16 13:25:03,4.34,66200,4.34,D
sz000100,TCL科技,2025-09-16 13:25:06,4.35,22000,4.34,U
sz000100,TCL科技,2025-09-16 13:25:09,4.35,300800,4.35,U
sz000100,TCL科技,2025-09-16 13:25:12,4.35,170200,4.35,U
sz000100,TCL科技,2025-09-16 13:25:15,4.34,139100,4.35,D
sz000100,TCL科技,2025-09-16 13:25:18,4.34,23500,4.34,D
sz000100,TCL科技,2025-09-16 13:25:21,4.34,31000,4.34,D
sz000100,TCL科技,2025-09-16 13:25:24,4.35,90100,4.34,U
sz000100,TCL科技,2025-09-16 13:25:27,4.35,56400,4.35,U
sz000100,TCL科技,2025-09-16 13:25:30,4.34,386800,4.35,D
sz000100,TCL科技,2025-09-16 13:25:36,4.34,97900,4.34,D
sz000100,TCL科技,2025-09-16 13:25:39,4.34,24680,4.34,D
sz000100,TCL科技,2025-09-16 13:25:45,4.35,75000,4.34,U
sz000100,TCL科技,2025-09-16 13:25:48,4.35,95600,4.35,U
sz000100,TCL科技,2025-09-16 13:25:54,4.34,118300,4.34,D
sz000100,TCL科技,2025-09-16 13:26:03,4.35,134700,4.34,U
sz000100,TCL科技,2025-09-16 13:26:12,4.35,26100,4.35,U
sz000100,TCL科技,2025-09-16 13:26:18,4.34,82500,4.35,D
sz000100,TCL科技,2025-09-16 13:26:21,4.34,36600,4.34,D
sz000100,TCL科技,2025-09-16 13:26:24,4.35,129000,4.34,U
sz000100,TCL科技,2025-09-16 13:26:27,4.34,20300,4.35,D
sz000100,TCL科技,2025-09-16 13:26:30,4.34,91000,4.34,D
sz000100,TCL科技,2025-09-16 13:26:39,4.34,22200,4.34,D
sz000100,TCL科技,2025-09-16 13:26:42,4.35,108700,4.34,U
sz000100,TCL科技,2025-09-16 13:26:48,4.34,118000,4.35,D
sz000100,TCL科技,2025-09-16 13:26:51,4.35,27000,4.34,U
sz000100,TCL科技,2025-09-16 13:26:54,4.35,23700,4.35,U
sz000100,TCL科技,2025-09-16 13:26:57,4.35,41000,4.35,U
sz000100,TCL科技,2025-09-16 13:27:00,4.34,219300,4.35,D
sz000100,TCL科技,2025-09-16 13:27:06,4.34,37600,4.35,D
sz000100,TCL科技,2025-09-16 13:27:09,4.35,131590,4.34,U
sz000100,TCL科技,2025-09-16 13:27:21,4.34,154700,4.35,D
sz000100,TCL科技,2025-09-16 13:27:27,4.34,81300,4.35,D
sz000100,TCL科技,2025-09-16 13:27:33,4.34,96100,4.34,D
sz000100,TCL科技,2025-09-16 13:27:36,4.34,23500,4.34,D
sz000100,TCL科技,2025-09-16 13:27:45,4.34,244400,4.35,D
sz000100,TCL科技,2025-09-16 13:27:54,4.35,101900,4.35,U
sz000100,TCL科技,2025-09-16 13:27:57,4.35,25200,4.35,U
sz000100,TCL科技,2025-09-16 13:28:00,4.34,25200,4.35,D
sz000100,TCL科技,2025-09-16 13:28:06,4.34,85700,4.34,D
sz000100,TCL科技,2025-09-16 13:28:12,4.35,96500,4.34,U
sz000100,TCL科技,2025-09-16 13:28:15,4.34,20500,4.35,D
sz000100,TCL科技,2025-09-16 13:28:18,4.35,128900,4.34,U
sz000100,TCL科技,2025-09-16 13:28:24,4.34,129500,4.35,D
sz000100,TCL科技,2025-09-16 13:28:33,4.34,34000,4.34,D
sz000100,TCL科技,2025-09-16 13:28:39,4.34,80600,4.34,D
sz000100,TCL科技,2025-09-16 13:28:45,4.34,154900,4.34,D
sz000100,TCL科技,2025-09-16 13:28:51,4.34,103400,4.35,D
sz000100,TCL科技,2025-09-16 13:28:57,4.34,35200,4.34,D
sz000100,TCL科技,2025-09-16 13:29:03,4.35,102000,4.34,U
sz000100,TCL科技,2025-09-16 13:29:06,4.34,165800,4.35,D
sz000100,TCL科技,2025-09-16 13:29:09,4.34,114500,4.34,D
sz000100,TCL科技,2025-09-16 13:29:12,4.34,24900,4.34,D
sz000100,TCL科技,2025-09-16 13:29:18,4.35,110500,4.34,U
sz000100,TCL科技,2025-09-16 13:29:27,4.34,44500,4.34,D
sz000100,TCL科技,2025-09-16 13:29:30,4.34,118400,4.34,D
sz000100,TCL科技,2025-09-16 13:29:33,4.35,68900,4.34,U
sz000100,TCL科技,2025-09-16 13:29:36,4.35,87100,4.35,U
sz000100,TCL科技,2025-09-16 13:29:39,4.35,159500,4.35,U
sz000100,TCL科技,2025-09-16 13:29:42,4.35,117100,4.35,U
sz000100,TCL科技,2025-09-16 13:29:45,4.34,122500,4.35,D
sz000100,TCL科技,2025-09-16 13:29:48,4.34,92900,4.34,D
sz000100,TCL科技,2025-09-16 13:29:54,4.35,118600,4.34,U
sz000100,TCL科技,2025-09-16 13:30:00,4.34,62400,4.34,D
sz000100,TCL科技,2025-09-16 13:30:03,4.34,20300,4.34,D
sz000100,TCL科技,2025-09-16 13:30:06,4.34,62300,4.34,D
sz000100,TCL科技,2025-09-16 13:30:09,4.34,239700,4.34,D
sz000100,TCL科技,2025-09-16 13:30:15,4.34,81700,4.35,D
sz000100,TCL科技,2025-09-16 13:30:18,4.34,44200,4.34,D
sz000100,TCL科技,2025-09-16 13:30:21,4.34,161600,4.34,D
sz000100,TCL科技,2025-09-16 13:30:24,4.34,83700,4.34,D
sz000100,TCL科技,2025-09-16 13:30:30,4.34,109100,4.34,D
sz000100,TCL科技,2025-09-16 13:30:33,4.34,73800,4.34,D
sz000100,TCL科技,2025-09-16 13:30:36,4.35,104900,4.34,U
sz000100,TCL科技,2025-09-16 13:30:42,4.35,113500,4.34,U
sz000100,TCL科技,2025-09-16 13:30:54,4.34,124100,4.35,D
sz000100,TCL科技,2025-09-16 13:31:00,4.34,199200,4.35,D
sz000100,TCL科技,2025-09-16 13:31:03,4.34,34300,4.34,D
sz000100,TCL科技,2025-09-16 13:31:06,4.34,57600,4.34,D
sz000100,TCL科技,2025-09-16 13:31:09,4.34,38400,4.34,D
sz000100,TCL科技,2025-09-16 13:31:12,4.35,109500,4.34,U
sz000100,TCL科技,2025-09-16 13:31:15,4.35,29600,4.35,U
sz000100,TCL科技,2025-09-16 13:31:21,4.34,563000,4.34,D
sz000100,TCL科技,2025-09-16 13:31:24,4.34,32500,4.34,D
sz000100,TCL科技,2025-09-16 13:31:27,4.35,25700,4.34,U
sz000100,TCL科技,2025-09-16 13:31:30,4.34,149700,4.35,D
sz000100,TCL科技,2025-09-16 13:31:33,4.34,22000,4.34,D
sz000100,TCL科技,2025-09-16 13:31:36,4.35,20600,4.34,U
sz000100,TCL科技,2025-09-16 13:31:39,4.34,101600,4.35,D
sz000100,TCL科技,2025-09-16 13:31:42,4.34,25300,4.34,D
sz000100,TCL科技,2025-09-16 13:31:45,4.34,129200,4.34,D
sz000100,TCL科技,2025-09-16 13:31:48,4.34,25400,4.34,D
sz000100,TCL科技,2025-09-16 13:31:51,4.34,44800,4.34,D
sz000100,TCL科技,2025-09-16 13:31:54,4.35,123500,4.34,U
sz000100,TCL科技,2025-09-16 13:31:57,4.35,26500,4.35,U
sz000100,TCL科技,2025-09-16 13:32:03,4.34,83300,4.34,D
sz000100,TCL科技,2025-09-16 13:32:06,4.34,138500,4.34,D
sz000100,TCL科技,2025-09-16 13:32:09,4.34,123200,4.34,D
sz000100,TCL科技,2025-09-16 13:32:12,4.34,192600,4.34,D
sz000100,TCL科技,2025-09-16 13:32:15,4.34,46120,4.34,D
sz000100,TCL科技,2025-09-16 13:32:18,4.34,109100,4.34,D
sz000100,TCL科技,2025-09-16 13:32:24,4.35,30300,4.34,U
sz000100,TCL科技,2025-09-16 13:32:27,4.34,80100,4.35,D
sz000100,TCL科技,2025-09-16 13:32:30,4.34,63000,4.34,D
sz000100,TCL科技,2025-09-16 13:32:33,4.34,103100,4.34,D
sz000100,TCL科技,2025-09-16 13:32:36,4.34,51700,4.34,D
sz000100,TCL科技,2025-09-16 13:32:39,4.34,116700,4.34,D
sz000100,TCL科技,2025-09-16 13:32:42,4.34,74410,4.34,D
sz000100,TCL科技,2025-09-16 13:32:45,4.34,22400,4.34,D
sz000100,TCL科技,2025-09-16 13:32:51,4.35,170700,4.35,U
sz000100,TCL科技,2025-09-16 13:32:54,4.34,22100,4.35,D
sz000100,TCL科技,2025-09-16 13:32:57,4.34,104700,4.34,D
sz000100,TCL科技,2025-09-16 13:33:00,4.34,130000,4.34,D
sz000100,TCL科技,2025-09-16 13:33:03,4.34,48400,4.34,D
sz000100,TCL科技,2025-09-16 13:33:06,4.34,164300,4.34,D
sz000100,TCL科技,2025-09-16 13:33:09,4.35,103900,4.34,U
sz000100,TCL科技,2025-09-16 13:33:12,4.34,99800,4.35,D
sz000100,TCL科技,2025-09-16 13:33:15,4.35,185600,4.34,U
sz000100,TCL科技,2025-09-16 13:33:18,4.35,38600,4.35,U
sz000100,TCL科技,2025-09-16 13:33:21,4.34,135700,4.35,D
sz000100,TCL科技,2025-09-16 13:33:24,4.34,109200,4.34,D
sz000100,TCL科技,2025-09-16 13:33:33,4.34,191000,4.34,D
sz000100,TCL科技,2025-09-16 13:33:36,4.34,123700,4.34,D
sz000100,TCL科技,2025-09-16 13:33:39,4.34,48900,4.34,D
sz000100,TCL科技,2025-09-16 13:33:42,4.34,139800,4.34,D
sz000100,TCL科技,2025-09-16 13:33:45,4.34,317400,4.34,D
sz000100,TCL科技,2025-09-16 13:33:48,4.34,58300,4.34,D
sz000100,TCL科技,2025-09-16 13:33:51,4.34,406400,4.34,D
sz000100,TCL科技,2025-09-16 13:33:54,4.35,80300,4.34,U
sz000100,TCL科技,2025-09-16 13:33:57,4.34,196900,4.35,D
sz000100,TCL科技,2025-09-16 13:34:00,4.34,27700,4.34,D
sz000100,TCL科技,2025-09-16 13:34:03,4.34,31300,4.34,D
sz000100,TCL科技,2025-09-16 13:34:06,4.34,24700,4.34,D
sz000100,TCL科技,2025-09-16 13:34:09,4.34,49600,4.34,D
sz000100,TCL科技,2025-09-16 13:34:12,4.35,130800,4.34,U
sz000100,TCL科技,2025-09-16 13:34:15,4.34,41800,4.35,D
sz000100,TCL科技,2025-09-16 13:34:18,4.35,306600,4.34,U
sz000100,TCL科技,2025-09-16 13:34:21,4.35,216100,4.35,U
sz000100,TCL科技,2025-09-16 13:34:24,4.34,125800,4.35,D
sz000100,TCL科技,2025-09-16 13:34:27,4.35,186200,4.34,U
sz000100,TCL科技,2025-09-16 13:34:36,4.34,41830,4.35,D
