symbol,name,ticktime,price,volume,prev_price,kind
sz000100,TCL科技,2025-10-16 09:25:00,4.23,1269500,0.0,D
sz000100,TCL科技,2025-10-16 09:30:00,4.23,166100,4.23,D
sz000100,TCL科技,2025-10-16 09:30:03,4.23,1091410,4.23,D
sz000100,TCL科技,2025-10-16 09:30:06,4.23,842700,4.23,U
sz000100,TCL科技,2025-10-16 09:30:09,4.23,797600,4.23,U
sz000100,TCL科技,2025-10-16 09:30:12,4.22,241400,4.23,D
sz000100,TCL科技,2025-10-16 09:30:15,4.23,751800,4.22,U
sz000100,TCL科技,2025-10-16 09:30:18,4.22,263100,4.23,D
sz000100,TCL科技,2025-10-16 09:30:21,4.22,138600,4.22,D
sz000100,TCL科技,2025-10-16 09:30:24,4.23,71800,4.22,U
sz000100,TCL科技,2025-10-16 09:30:27,4.22,77400,4.23,D
sz000100,TCL科技,2025-10-16 09:30:30,4.23,117500,4.22,U
sz000100,TCL科技,2025-10-16 09:30:33,4.22,171790,4.23,D
sz000100,TCL科技,2025-10-16 09:30:36,4.21,25800,4.22,D
sz000100,TCL科技,2025-10-16 09:30:39,4.21,89800,4.21,D
sz000100,TCL科技,2025-10-16 09:30:42,4.21,58900,4.21,D
sz000100,TCL科技,2025-10-16 09:30:45,4.22,223900,4.21,U
sz000100,TCL科技,2025-10-16 09:30:48,4.22,85100,4.22,U
sz000100,TCL科技,2025-10-16 09:30:51,4.22,90130,4.22,U
sz000100,TCL科技,2025-10-16 09:30:54,4.22,22956,4.22,U
sz000100,TCL科技,2025-10-16 09:30:57,4.22,131800,4.22,U
sz000100,TCL科技,2025-10-16 09:31:00,4.22,41500,4.22,U
sz000100,TCL科技,2025-10-16 09:31:03,4.22,47200,4.22,U
sz000100,TCL科技,2025-10-16 09:31:06,4.21,94700,4.22,D
sz000100,TCL科技,2025-10-16 09:31:09,4.22,521110,4.21,U
sz000100,TCL科技,2025-10-16 09:31:12,4.22,61600,4.22,D
sz000100,TCL科技,2025-10-16 09:31:15,4.22,34400,4.22,U
sz000100,TCL科技,2025-10-16 09:31:18,4.22,28800,4.22,U
sz000100,TCL科技,2025-10-16 09:31:21,4.22,81900,4.22,U
sz000100,TCL科技,2025-10-16 09:31:24,4.22,79090,4.22,U
sz000100,TCL科技,2025-10-16 09:31:27,4.22,36800,4.22,U
sz000100,TCL科技,2025-10-16 09:31:30,4.22,102200,4.22,U
sz000100,TCL科技,2025-10-16 09:31:33,4.21,77100,4.22,D
sz000100,TCL科技,2025-10-16 09:31:36,4.22,92100,4.21,U
sz000100,TCL科技,2025-10-16 09:31:39,4.21,62700,4.22,D
sz000100,TCL科技,2025-10-16 09:31:42,4.22,98200,4.21,U
sz000100,TCL科技,2025-10-16 09:31:45,4.22,72200,4.22,U
sz000100,TCL科技,2025-10-16 09:31:48,4.21,42200,4.22,D
sz000100,TCL科技,2025-10-16 09:31:51,4.21,74400,4.21,D
sz000100,TCL科技,2025-10-16 09:31:54,4.21,20300,4.21,D
sz000100,TCL科技,2025-10-16 09:32:00,4.22,154900,4.22,U
sz000100,TCL科技,2025-10-16 09:32:03,4.21,93300,4.22,D
sz000100,TCL科技,2025-10-16 09:32:06,4.22,76800,4.21,U
sz000100,TCL科技,2025-10-16 09:32:12,4.22,38000,4.21,U
sz000100,TCL科技,2025-10-16 09:32:21,4.21,55300,4.22,D
sz000100,TCL科技,2025-10-16 09:32:27,4.22,1083260,4.22,U
sz000100,TCL科技,2025-10-16 09:32:30,4.23,192840,4.22,U
sz000100,TCL科技,2025-10-16 09:32:33,4.22,28600,4.23,D
sz000100,TCL科技,2025-10-16 09:32:36,4.22,291200,4.22,D
sz000100,TCL科技,2025-10-16 09:32:39,4.22,124000,4.22,U
sz000100,TCL科技,2025-10-16 09:32:42,4.22,68800,4.22,U
sz000100,TCL科技,2025-10-16 09:32:45,4.21,203200,4.22,D
sz000100,TCL科技,2025-10-16 09:32:48,4.22,110900,4.21,U
sz000100,TCL科技,2025-10-16 09:32:51,4.22,787530,4.22,U
sz000100,TCL科技,2025-10-16 09:32:57,4.22,24600,4.22,D
sz000100,TCL科技,2025-10-16 09:33:03,4.22,70700,4.22,D
sz000100,TCL科技,2025-10-16 09:33:12,4.23,26300,4.23,U
sz000100,TCL科技,2025-10-16 09:33:21,4.22,33600,4.22,D
sz000100,TCL科技,2025-10-16 09:33:24,4.23,100700,4.22,U
sz000100,TCL科技,2025-10-16 09:33:30,4.23,82700,4.23,U
sz000100,TCL科技,2025-10-16 09:33:36,4.22,171600,4.22,D
sz000100,TCL科技,2025-10-16 09:33:39,4.22,165000,4.22,D
sz000100,TCL科技,2025-10-16 09:33:45,4.22,20100,4.22,D
sz000100,TCL科技,2025-10-16 09:33:48,4.23,24300,4.22,U
sz000100,TCL科技,2025-10-16 09:33:54,4.22,25900,4.22,D
sz000100,TCL科技,2025-10-16 09:33:57,4.22,53400,4.22,D
sz000100,TCL科技,2025-10-16 09:34:00,4.22,2455070,4.22,D
sz000100,TCL科技,2025-10-16 09:34:03,4.22,140000,4.22,U
sz000100,TCL科技,2025-10-16 09:34:06,4.22,35800,4.22,U
sz000100,TCL科技,2025-10-16 09:34:09,4.22,108500,4.22,U
sz000100,TCL科技,2025-10-16 09:34:12,4.21,30100,4.22,D
sz000100,TCL科技,2025-10-16 09:34:21,4.21,24900,4.22,D
sz000100,TCL科技,2025-10-16 09:34:24,4.22,40600,4.21,U
sz000100,TCL科技,2025-10-16 09:34:27,4.22,22900,4.22,U
sz000100,TCL科技,2025-10-16 09:34:30,4.22,47500,4.22,U
sz000100,TCL科技,2025-10-16 09:34:33,4.22,27300,4.22,U
sz000100,TCL科技,2025-10-16 09:34:39,4.21,21700,4.21,D
sz000100,TCL科技,2025-10-16 09:34:45,4.21,35300,4.22,D
sz000100,TCL科技,2025-10-16 09:34:48,4.21,33400,4.21,D
sz000100,TCL科技,2025-10-16 09:34:57,4.21,35500,4.22,D
sz000100,TCL科技,2025-10-16 09:35:00,4.22,65600,4.21,U
sz000100,TCL科技,2025-10-16 09:35:03,4.21,62900,4.22,D
sz000100,TCL科技,2025-10-16 09:35:06,4.22,105700,4.21,U
sz000100,TCL科技,2025-10-16 09:35:09,4.21,107100,4.22,D
sz000100,TCL科技,2025-10-16 09:35:18,4.21,46100,4.21,D
sz000100,TCL科技,2025-10-16 09:35:21,4.21,23600,4.21,D
sz000100,TCL科技,2025-10-16 09:35:24,4.22,47100,4.21,U
sz000100,TCL科技,2025-10-16 09:35:27,4.21,49460,4.22,D
sz000100,TCL科技,2025-10-16 09:35:36,4.21,43800,4.21,D
sz000100,TCL科技,2025-10-16 09:35:39,4.22,25750,4.21,U
sz000100,TCL科技,2025-10-16 09:35:42,4.22,38600,4.22,U
sz000100,TCL科技,2025-10-16 09:35:51,4.22,62400,4.21,U
sz000100,TCL科技,2025-10-16 09:35:54,4.22,24600,4.22,U
sz000100,TCL科技,2025-10-16 09:35:57,4.21,21500,4.22,D
sz000100,TCL科技,2025-10-16 09:36:03,4.21,70100,4.21,D
sz000100,TCL科技,2025-10-16 09:36:06,4.22,40900,4.21,U
sz000100,TCL科技,2025-10-16 09:36:09,4.22,20000,4.22,U
sz000100,TCL科技,2025-10-16 09:36:12,4.21,23500,4.22,D
sz000100,TCL科技,2025-10-16 09:36:15,4.21,75600,4.21,D
sz000100,TCL科技,2025-10-16 09:36:18,4.21,20200,4.21,D
sz000100,TCL科技,2025-10-16 09:36:24,4.21,76800,4.21,D
sz000100,TCL科技,2025-10-16 09:36:27,4.21,58500,4.21,D
sz000100,TCL科技,2025-10-16 09:36:30,4.21,161200,4.21,D
sz000100,TCL科技,2025-10-16 09:36:33,4.22,93000,4.21,U
sz000100,TCL科技,2025-10-16 09:36:36,4.21,26300,4.22,D
sz000100,TCL科技,2025-10-16 09:36:42,4.21,127300,4.22,D
sz000100,TCL科技,2025-10-16 09:36:45,4.22,28800,4.21,U
sz000100,TCL科技,2025-10-16 09:36:48,4.22,198300,4.22,U
sz000100,TCL科技,2025-10-16 09:36:54,4.22,23900,4.22,U
sz000100,TCL科技,2025-10-16 09:37:00,4.22,60300,4.21,U
sz000100,TCL科技,2025-10-16 09:37:03,4.22,571400,4.22,U
sz000100,TCL科技,2025-10-16 09:37:06,4.21,1346900,4.22,D
sz000100,TCL科技,2025-10-16 09:37:09,4.22,555100,4.21,U
sz000100,TCL科技,2025-10-16 09:37:12,4.22,120500,4.22,U
sz000100,TCL科技,2025-10-16 09:37:15,4.22,98900,4.22,U
sz000100,TCL科技,2025-10-16 09:37:18,4.22,124800,4.22,U
sz000100,TCL科技,2025-10-16 09:37:21,4.22,92100,4.22,U
sz000100,TCL科技,2025-10-16 09:37:24,4.21,348100,4.22,D
sz000100,TCL科技,2025-10-16 09:37:27,4.22,133600,4.21,U
sz000100,TCL科技,2025-10-16 09:37:30,4.21,134500,4.22,D
sz000100,TCL科技,2025-10-16 09:37:33,4.22,52600,4.21,U
sz000100,TCL科技,2025-10-16 09:37:36,4.22,67200,4.22,U
sz000100,TCL科技,2025-10-16 09:37:39,4.22,157330,4.22,U
sz000100,TCL科技,2025-10-16 09:37:42,4.22,173000,4.22,U
sz000100,TCL科技,2025-10-16 09:37:45,4.22,111200,4.22,U
sz000100,TCL科技,2025-10-16 09:37:48,4.22,76900,4.22,D
sz000100,TCL科技,2025-10-16 09:37:51,4.22,21100,4.22,D
sz000100,TCL科技,2025-10-16 09:37:54,4.22,41200,4.22,D
sz000100,TCL科技,2025-10-16 09:38:03,4.22,46300,4.22,D
sz000100,TCL科技,2025-10-16 09:38:09,4.22,27400,4.23,D
sz000100,TCL科技,2025-10-16 09:38:12,4.23,51600,4.22,U
sz000100,TCL科技,2025-10-16 09:38:15,4.23,25900,4.23,U
sz000100,TCL科技,2025-10-16 09:38:18,4.22,23700,4.23,D
sz000100,TCL科技,2025-10-16 09:38:21,4.22,314100,4.22,D
sz000100,TCL科技,2025-10-16 09:38:24,4.23,22900,4.22,U
sz000100,TCL科技,2025-10-16 09:38:27,4.22,25000,4.23,D
sz000100,TCL科技,2025-10-16 09:38:45,4.23,60000,4.23,U
sz000100,TCL科技,2025-10-16 09:38:48,4.22,46900,4.23,D
sz000100,TCL科技,2025-10-16 09:38:54,4.22,55800,4.22,D
sz000100,TCL科技,2025-10-16 09:38:57,4.22,38700,4.22,D
sz000100,TCL科技,2025-10-16 09:39:00,4.23,37000,4.22,U
sz000100,TCL科技,2025-10-16 09:39:03,4.22,39300,4.23,D
sz000100,TCL科技,2025-10-16 09:39:06,4.22,24300,4.22,D
sz000100,TCL科技,2025-10-16 09:39:15,4.22,1926700,4.22,D
sz000100,TCL科技,2025-10-16 09:39:18,4.22,2967610,4.22,D
sz000100,TCL科技,2025-10-16 09:39:21,4.22,84600,4.22,U
sz000100,TCL科技,2025-10-16 09:39:24,4.22,79900,4.22,U
sz000100,TCL科技,2025-10-16 09:39:27,4.22,66700,4.22,U
sz000100,TCL科技,2025-10-16 09:39:30,4.22,25400,4.22,U
sz000100,TCL科技,2025-10-16 09:39:33,4.22,20300,4.22,U
sz000100,TCL科技,2025-10-16 09:39:36,4.22,27000,4.22,U
sz000100,TCL科技,2025-10-16 09:39:42,4.22,86900,4.22,U
sz000100,TCL科技,2025-10-16 09:39:45,4.22,37700,4.22,U
sz000100,TCL科技,2025-10-16 09:39:48,4.21,379100,4.22,D
sz000100,TCL科技,2025-10-16 09:39:51,4.22,52900,4.21,U
sz000100,TCL科技,2025-10-16 09:39:54,4.21,30100,4.22,D
sz000100,TCL科技,2025-10-16 09:39:57,4.22,38100,4.21,U
sz000100,TCL科技,2025-10-16 09:40:00,4.22,56800,4.22,U
sz000100,TCL科技,2025-10-16 09:40:03,4.22,159200,4.22,U
sz000100,TCL科技,2025-10-16 09:40:06,4.22,42000,4.22,U
sz000100,TCL科技,2025-10-16 09:40:09,4.22,44500,4.22,U
sz000100,TCL科技,2025-10-16 09:40:12,4.22,140600,4.22,U
sz000100,TCL科技,2025-10-16 09:40:15,4.22,138100,4.22,U
sz000100,TCL科技,2025-10-16 09:40:18,4.22,138900,4.22,U
sz000100,TCL科技,2025-10-16 09:40:21,4.22,65100,4.22,U
sz000100,TCL科技,2025-10-16 09:40:24,4.22,62200,4.22,U
sz000100,TCL科技,2025-10-16 09:40:27,4.22,103600,4.22,U
sz000100,TCL科技,2025-10-16 09:40:30,4.22,49800,4.22,U
sz000100,TCL科技,2025-10-16 09:40:33,4.21,78100,4.22,D
sz000100,TCL科技,2025-10-16 09:40:36,4.22,78800,4.21,U
sz000100,TCL科技,2025-10-16 09:40:39,4.22,54200,4.22,U
sz000100,TCL科技,2025-10-16 09:40:42,4.22,41500,4.22,U
sz000100,TCL科技,2025-10-16 09:40:45,4.22,23800,4.22,U
sz000100,TCL科技,2025-10-16 09:40:51,4.22,38110,4.22,U
sz000100,TCL科技,2025-10-16 09:40:54,4.22,39700,4.22,U
sz000100,TCL科技,2025-10-16 09:40:57,4.21,33500,4.22,D
sz000100,TCL科技,2025-10-16 09:41:00,4.22,51300,4.21,U
sz000100,TCL科技,2025-10-16 09:41:03,4.21,28200,4.22,D
sz000100,TCL科技,2025-10-16 09:41:09,4.22,139200,4.21,U
sz000100,TCL科技,2025-10-16 09:41:12,4.21,25100,4.22,D
sz000100,TCL科技,2025-10-16 09:41:15,4.21,60100,4.21,D
sz000100,TCL科技,2025-10-16 09:41:18,4.22,27900,4.21,U
sz000100,TCL科技,2025-10-16 09:41:21,4.21,60000,4.22,D
sz000100,TCL科技,2025-10-16 09:41:24,4.21,31800,4.21,D
sz000100,TCL科技,2025-10-16 09:41:30,4.22,24400,4.22,U
sz000100,TCL科技,2025-10-16 09:41:33,4.21,52700,4.22,D
sz000100,TCL科技,2025-10-16 09:41:36,4.22,51900,4.21,U
sz000100,TCL科技,2025-10-16 09:41:39,4.21,191300,4.22,D
sz000100,TCL科技,2025-10-16 09:41:42,4.22,55700,4.21,U
sz000100,TCL科技,2025-10-16 09:41:48,4.22,43900,4.22,U
sz000100,TCL科技,2025-10-16 09:41:51,4.22,33200,4.22,U
sz000100,TCL科技,2025-10-16 09:41:54,4.22,25600,4.22,U
sz000100,TCL科技,2025-10-16 09:41:57,4.22,50100,4.22,U
sz000100,TCL科技,2025-10-16 09:42:03,4.22,38000,4.21,U
sz000100,TCL科技,2025-10-16 09:42:06,4.22,46200,4.22,U
sz000100,TCL科技,2025-10-16 09:42:09,4.21,69610,4.22,D
sz000100,TCL科技,2025-10-16 09:42:12,4.22,107400,4.21,U
sz000100,TCL科技,2025-10-16 09:42:15,4.22,479640,4.22,U
sz000100,TCL科技,2025-10-16 09:42:21,4.22,61400,4.21,U
sz000100,TCL科技,2025-10-16 09:42:24,4.22,50700,4.22,U
sz000100,TCL科技,2025-10-16 09:42:36,4.22,33900,4.22,U
sz000100,TCL科技,2025-10-16 09:42:39,4.22,1034900,4.22,U
sz000100,TCL科技,2025-10-16 09:42:42,4.22,34700,4.22,U
sz000100,TCL科技,2025-10-16 09:42:51,4.21,49800,4.22,D
sz000100,TCL科技,2025-10-16 09:42:54,4.22,832800,4.21,U
sz000100,TCL科技,2025-10-16 09:42:57,4.22,371900,4.22,U
sz000100,TCL科技,2025-10-16 09:43:00,4.22,136800,4.22,U
sz000100,TCL科技,2025-10-16 09:43:03,4.22,366700,4.22,U
sz000100,TCL科技,2025-10-16 09:43:06,4.22,293100,4.22,U
sz000100,TCL科技,2025-10-16 09:43:12,4.22,60700,4.21,U
sz000100,TCL科技,2025-10-16 09:43:15,4.21,58400,4.22,D
sz000100,TCL科技,2025-10-16 09:43:18,4.22,66300,4.21,U
sz000100,TCL科技,2025-10-16 09:43:24,4.21,22100,4.22,D
sz000100,TCL科技,2025-10-16 09:43:27,4.22,24000,4.21,U
sz000100,TCL科技,2025-10-16 09:43:30,4.22,26400,4.22,U
sz000100,TCL科技,2025-10-16 09:43:36,4.22,34900,4.21,U
sz000100,TCL科技,2025-10-16 09:43:39,4.22,27900,4.22,U
sz000100,TCL科技,2025-10-16 09:43:42,4.22,22900,4.22,U
sz000100,TCL科技,2025-10-16 09:43:45,4.22,32700,4.22,U
sz000100,TCL科技,2025-10-16 09:43:48,4.22,66600,4.22,U
sz000100,TCL科技,2025-10-16 09:43:51,4.21,43200,4.22,D
sz000100,TCL科技,2025-10-16 09:43:54,4.21,37600,4.21,D
sz000100,TCL科技,2025-10-16 09:44:03,4.22,36500,4.22,U
sz000100,TCL科技,2025-10-16 09:44:09,4.22,92200,4.22,U
sz000100,TCL科技,2025-10-16 09:44:12,4.22,158600,4.22,U
sz000100,TCL科技,2025-10-16 09:44:24,4.22,27200,4.22,U
sz000100,TCL科技,2025-10-16 09:44:33,4.21,127900,4.22,D
sz000100,TCL科技,2025-10-16 09:44:36,4.22,1813400,4.21,U
sz000100,TCL科技,2025-10-16 09:44:39,4.21,63900,4.22,D
sz000100,TCL科技,2025-10-16 09:44:42,4.22,2237100,4.21,U
sz000100,TCL科技,2025-10-16 09:44:45,4.21,716600,4.22,D
sz000100,TCL科技,2025-10-16 09:44:51,4.22,765700,4.22,U
sz000100,TCL科技,2025-10-16 09:44:57,4.21,147600,4.21,D
sz000100,TCL科技,2025-10-16 09:45:00,4.21,23200,4.21,D
sz000100,TCL科技,2025-10-16 09:45:06,4.21,47900,4.22,D
sz000100,TCL科技,2025-10-16 09:45:12,4.21,373710,4.21,D
sz000100,TCL科技,2025-10-16 09:45:15,4.21,7349994,4.21,D
sz000100,TCL科技,2025-10-16 09:45:21,4.21,53900,4.21,U
sz000100,TCL科技,2025-10-16 09:45:24,4.21,20700,4.21,U
sz000100,TCL科技,2025-10-16 09:45:27,4.2,34500,4.21,D
sz000100,TCL科技,2025-10-16 09:45:30,4.21,82700,4.2,U
sz000100,TCL科技,2025-10-16 09:45:33,4.2,44100,4.21,D
sz000100,TCL科技,2025-10-16 09:45:42,4.21,20800,4.2,U
sz000100,TCL科技,2025-10-16 09:45:45,4.21,53200,4.21,U
sz000100,TCL科技,2025-10-16 09:45:48,4.2,43500,4.21,D
sz000100,TCL科技,2025-10-16 09:45:51,4.2,49200,4.2,D
sz000100,TCL科技,2025-10-16 09:45:54,4.2,294900,4.2,D
sz000100,TCL科技,2025-10-16 09:45:57,4.2,100500,4.2,D
sz000100,TCL科技,2025-10-16 09:46:06,4.2,29480,4.2,D
sz000100,TCL科技,2025-10-16 09:46:09,4.21,68900,4.2,U
sz000100,TCL科技,2025-10-16 09:46:12,4.2,140300,4.21,D
sz000100,TCL科技,2025-10-16 09:46:18,4.2,28500,4.21,D
sz000100,TCL科技,2025-10-16 09:46:21,4.21,31800,4.2,U
sz000100,TCL科技,2025-10-16 09:46:24,4.21,62400,4.21,U
sz000100,TCL科技,2025-10-16 09:46:27,4.21,101100,4.21,U
sz000100,TCL科技,2025-10-16 09:46:30,4.21,33300,4.21,U
sz000100,TCL科技,2025-10-16 09:46:33,4.21,33900,4.21,U
sz000100,TCL科技,2025-10-16 09:46:36,4.21,37500,4.21,U
sz000100,TCL科技,2025-10-16 09:46:39,4.2,41800,4.21,D
sz000100,TCL科技,2025-10-16 09:46:42,4.2,58700,4.2,D
sz000100,TCL科技,2025-10-16 09:46:48,4.21,30900,4.21,U
sz000100,TCL科技,2025-10-16 09:46:51,4.21,66600,4.21,U
sz000100,TCL科技,2025-10-16 09:46:54,4.21,26300,4.21,U
sz000100,TCL科技,2025-10-16 09:46:57,4.21,96800,4.21,U
sz000100,TCL科技,2025-10-16 09:47:00,4.2,186200,4.21,D
sz000100,TCL科技,2025-10-16 09:47:03,4.21,104900,4.2,U
sz000100,TCL科技,2025-10-16 09:47:06,4.2,147700,4.21,D
sz000100,TCL科技,2025-10-16 09:47:09,4.21,72100,4.2,U
sz000100,TCL科技,2025-10-16 09:47:12,4.21,26000,4.21,U
sz000100,TCL科技,2025-10-16 09:47:18,4.21,4718980,4.21,U
sz000100,TCL科技,2025-10-16 09:47:21,4.21,244700,4.21,D
sz000100,TCL科技,2025-10-16 09:47:27,4.22,31000,4.21,U
sz000100,TCL科技,2025-10-16 09:47:39,4.22,50000,4.22,U
sz000100,TCL科技,2025-10-16 09:47:42,4.22,200200,4.22,U
sz000100,TCL科技,2025-10-16 09:47:45,4.21,50300,4.22,D
sz000100,TCL科技,2025-10-16 09:47:54,4.22,214200,4.22,U
sz000100,TCL科技,2025-10-16 09:47:57,4.21,103300,4.22,D
sz000100,TCL科技,2025-10-16 09:48:00,4.21,164100,4.21,D
sz000100,TCL科技,2025-10-16 09:48:03,4.21,27500,4.21,D
sz000100,TCL科技,2025-10-16 09:48:06,4.2,2423400,4.21,D
sz000100,TCL科技,2025-10-16 09:48:09,4.2,401200,4.2,D
sz000100,TCL科技,2025-10-16 09:48:12,4.2,29500,4.2,D
sz000100,TCL科技,2025-10-16 09:48:15,4.21,170800,4.2,U
sz000100,TCL科技,2025-10-16 09:48:18,4.21,78300,4.21,U
sz000100,TCL科技,2025-10-16 09:48:21,4.2,108300,4.21,D
sz000100,TCL科技,2025-10-16 09:48:24,4.21,27700,4.2,U
sz000100,TCL科技,2025-10-16 09:48:27,4.21,46400,4.21,U
sz000100,TCL科技,2025-10-16 09:48:30,4.2,43400,4.21,D
sz000100,TCL科技,2025-10-16 09:48:33,4.21,25800,4.2,U
sz000100,TCL科技,2025-10-16 09:48:36,4.21,47000,4.21,U
sz000100,TCL科技,2025-10-16 09:48:42,4.2,266300,4.2,D
sz000100,TCL科技,2025-10-16 09:48:54,4.2,42100,4.21,D
sz000100,TCL科技,2025-10-16 09:49:00,4.21,28100,4.21,U
sz000100,TCL科技,2025-10-16 09:49:06,4.21,25300,4.21,U
sz000100,TCL科技,2025-10-16 09:49:12,4.21,83300,4.21,U
sz000100,TCL科技,2025-10-16 09:49:15,4.21,47900,4.21,U
sz000100,TCL科技,2025-10-16 09:49:21,4.21,22100,4.21,U
sz000100,TCL科技,2025-10-16 09:49:24,4.21,23600,4.21,U
sz000100,TCL科技,2025-10-16 09:49:27,4.2,29200,4.21,D
sz000100,TCL科技,2025-10-16 09:49:30,4.21,34400,4.2,U
sz000100,TCL科技,2025-10-16 09:49:33,4.2,32600,4.21,D
sz000100,TCL科技,2025-10-16 09:49:45,4.21,44200,4.2,U
sz000100,TCL科技,2025-10-16 09:49:48,4.2,46000,4.21,D
sz000100,TCL科技,2025-10-16 09:49:51,4.21,40100,4.2,U
sz000100,TCL科技,2025-10-16 09:49:54,4.21,33200,4.21,U
sz000100,TCL科技,2025-10-16 09:49:57,4.21,60100,4.21,U
sz000100,TCL科技,2025-10-16 09:50:00,4.21,20700,4.21,U
sz000100,TCL科技,2025-10-16 09:50:03,4.2,47300,4.21,D
sz000100,TCL科技,2025-10-16 09:50:06,4.21,65000,4.2,U
sz000100,TCL科技,2025-10-16 09:50:12,4.2,23300,4.21,D
sz000100,TCL科技,2025-10-16 09:50:15,4.21,85000,4.2,U
sz000100,TCL科技,2025-10-16 09:50:18,4.21,66900,4.21,U
sz000100,TCL科技,2025-10-16 09:50:21,4.21,25400,4.21,U
sz000100,TCL科技,2025-10-16 09:50:27,4.2,64600,4.21,D
sz000100,TCL科技,2025-10-16 09:50:33,4.21,51900,4.21,U
sz000100,TCL科技,2025-10-16 09:50:36,4.21,26600,4.21,U
sz000100,TCL科技,2025-10-16 09:50:39,4.21,27400,4.21,U
sz000100,TCL科技,2025-10-16 09:50:42,4.21,52500,4.21,U
sz000100,TCL科技,2025-10-16 09:50:45,4.2,74800,4.21,D
sz000100,TCL科技,2025-10-16 09:50:48,4.21,27700,4.2,U
sz000100,TCL科技,2025-10-16 09:50:54,4.2,70090,4.21,D
sz000100,TCL科技,2025-10-16 09:50:57,4.21,227500,4.2,U
sz000100,TCL科技,2025-10-16 09:51:00,4.2,519100,4.21,D
sz000100,TCL科技,2025-10-16 09:51:03,4.21,93000,4.2,U
sz000100,TCL科技,2025-10-16 09:51:06,4.21,568800,4.21,U
sz000100,TCL科技,2025-10-16 09:51:09,4.21,27200,4.21,U
sz000100,TCL科技,2025-10-16 09:51:12,4.21,54800,4.21,U
sz000100,TCL科技,2025-10-16 09:51:15,4.21,150800,4.21,U
sz000100,TCL科技,2025-10-16 09:51:18,4.21,68100,4.21,U
sz000100,TCL科技,2025-10-16 09:51:21,4.2,53300,4.21,D
sz000100,TCL科技,2025-10-16 09:51:24,4.21,30300,4.2,U
sz000100,TCL科技,2025-10-16 09:51:27,4.2,34600,4.21,D
sz000100,TCL科技,2025-10-16 09:51:36,4.21,71300,4.21,U
sz000100,TCL科技,2025-10-16 09:51:39,4.2,173900,4.21,D
sz000100,TCL科技,2025-10-16 09:51:42,4.21,22600,4.2,U
sz000100,TCL科技,2025-10-16 09:51:45,4.2,44400,4.21,D
sz000100,TCL科技,2025-10-16 09:51:48,4.21,46700,4.2,U
sz000100,TCL科技,2025-10-16 09:51:51,4.2,92800,4.21,D
sz000100,TCL科技,2025-10-16 09:51:54,4.21,33800,4.2,U
sz000100,TCL科技,2025-10-16 09:51:57,4.21,61700,4.21,U
sz000100,TCL科技,2025-10-16 09:52:00,4.21,23900,4.21,U
sz000100,TCL科技,2025-10-16 09:52:03,4.2,26000,4.21,D
sz000100,TCL科技,2025-10-16 09:52:06,4.21,583700,4.2,U
sz000100,TCL科技,2025-10-16 09:52:09,4.21,38420,4.21,U
sz000100,TCL科技,2025-10-16 09:52:15,4.21,21800,4.21,U
sz000100,TCL科技,2025-10-16 09:52:21,4.21,83500,4.21,U
sz000100,TCL科技,2025-10-16 09:52:24,4.21,45900,4.21,U
sz000100,TCL科技,2025-10-16 09:52:30,4.2,56000,4.21,D
sz000100,TCL科技,2025-10-16 09:52:36,4.21,43700,4.21,U
sz000100,TCL科技,2025-10-16 09:52:39,4.21,591747,4.21,U
sz000100,TCL科技,2025-10-16 09:52:42,4.21,397400,4.21,D
sz000100,TCL科技,2025-10-16 09:52:45,4.21,75500,4.21,U
sz000100,TCL科技,2025-10-16 09:52:48,4.21,120200,4.21,D
sz000100,TCL科技,2025-10-16 09:52:57,4.21,60200,4.22,D
sz000100,TCL科技,2025-10-16 09:53:00,4.21,35600,4.21,D
sz000100,TCL科技,2025-10-16 09:53:03,4.21,156600,4.21,D
sz000100,TCL科技,2025-10-16 09:53:09,4.22,23200,4.21,U
sz000100,TCL科技,2025-10-16 09:53:27,4.22,25700,4.21,U
sz000100,TCL科技,2025-10-16 09:53:30,4.22,31700,4.22,U
sz000100,TCL科技,2025-10-16 09:53:33,4.22,46500,4.22,U
sz000100,TCL科技,2025-10-16 09:53:36,4.21,43300,4.22,D
sz000100,TCL科技,2025-10-16 09:53:42,4.22,24500,4.21,U
sz000100,TCL科技,2025-10-16 09:53:45,4.21,154510,4.22,D
sz000100,TCL科技,2025-10-16 09:53:51,4.21,51500,4.21,D
sz000100,TCL科技,2025-10-16 09:54:09,4.21,22000,4.21,D
sz000100,TCL科技,2025-10-16 09:54:30,4.22,24100,4.22,U
sz000100,TCL科技,2025-10-16 09:54:33,4.21,26600,4.22,D
sz000100,TCL科技,2025-10-16 09:54:42,4.22,96100,4.22,U
sz000100,TCL科技,2025-10-16 09:54:48,4.21,35900,4.21,D
sz000100,TCL科技,2025-10-16 09:54:51,4.21,20700,4.21,D
sz000100,TCL科技,2025-10-16 09:55:00,4.22,57900,4.21,U
sz000100,TCL科技,2025-10-16 09:55:15,4.22,20500,4.22,U
sz000100,TCL科技,2025-10-16 09:55:21,4.22,37800,4.21,U
sz000100,TCL科技,2025-10-16 09:55:24,4.22,27800,4.22,U
sz000100,TCL科技,2025-10-16 09:55:39,4.21,22400,4.22,D
sz000100,TCL科技,2025-10-16 09:56:00,4.21,40100,4.21,D
sz000100,TCL科技,2025-10-16 09:56:06,4.22,65300,4.22,U
sz000100,TCL科技,2025-10-16 09:56:36,4.22,20000,4.21,U
sz000100,TCL科技,2025-10-16 09:56:57,4.22,20400,4.21,U
sz000100,TCL科技,2025-10-16 09:57:03,4.22,101500,4.22,U
sz000100,TCL科技,2025-10-16 09:57:06,4.21,87000,4.22,D
sz000100,TCL科技,2025-10-16 09:57:12,4.21,30000,4.21,D
sz000100,TCL科技,2025-10-16 09:57:24,4.21,21100,4.22,D
sz000100,TCL科技,2025-10-16 09:57:27,4.21,40900,4.21,D
sz000100,TCL科技,2025-10-16 09:57:33,4.22,23800,4.21,U
sz000100,TCL科技,2025-10-16 09:57:45,4.22,42300,4.21,U
sz000100,TCL科技,2025-10-16 09:57:48,4.21,70800,4.22,D
sz000100,TCL科技,2025-10-16 09:57:51,4.21,39200,4.21,D
sz000100,TCL科技,2025-10-16 09:57:54,4.21,62000,4.21,D
sz000100,TCL科技,2025-10-16 09:57:57,4.21,36900,4.21,D
sz000100,TCL科技,2025-10-16 09:58:00,4.21,197500,4.21,D
sz000100,TCL科技,2025-10-16 09:58:03,4.21,76800,4.21,D
sz000100,TCL科技,2025-10-16 09:58:06,4.21,70700,4.21,D
sz000100,TCL科技,2025-10-16 09:58:09,4.21,20000,4.21,D
sz000100,TCL科技,2025-10-16 09:58:24,4.22,30800,4.21,U
sz000100,TCL科技,2025-10-16 09:58:33,4.22,25300,4.21,U
sz000100,TCL科技,2025-10-16 09:58:45,4.22,28000,4.22,U
sz000100,TCL科技,2025-10-16 09:58:48,4.22,25300,4.22,U
sz000100,TCL科技,2025-10-16 09:58:57,4.22,29900,4.22,U
sz000100,TCL科技,2025-10-16 09:59:03,4.21,44000,4.21,D
sz000100,TCL科技,2025-10-16 09:59:12,4.21,31800,4.21,D
sz000100,TCL科技,2025-10-16 09:59:15,4.22,28900,4.21,U
sz000100,TCL科技,2025-10-16 09:59:18,4.21,38400,4.22,D
sz000100,TCL科技,2025-10-16 09:59:21,4.22,96200,4.21,U
sz000100,TCL科技,2025-10-16 09:59:30,4.22,21600,4.22,U
sz000100,TCL科技,2025-10-16 09:59:33,4.21,25000,4.22,D
sz000100,TCL科技,2025-10-16 09:59:36,4.22,194300,4.21,U
sz000100,TCL科技,2025-10-16 09:59:48,4.21,61000,4.22,D
sz000100,TCL科技,2025-10-16 10:00:06,4.22,204200,4.21,U
sz000100,TCL科技,2025-10-16 10:00:12,4.22,68600,4.22,U
sz000100,TCL科技,2025-10-16 10:00:15,4.21,302900,4.22,D
sz000100,TCL科技,2025-10-16 10:00:30,4.22,41900,4.22,U
sz000100,TCL科技,2025-10-16 10:00:33,4.22,44720,4.22,U
sz000100,TCL科技,2025-10-16 10:00:45,4.22,64100,4.22,U
sz000100,TCL科技,2025-10-16 10:00:57,4.22,102000,4.22,U
sz000100,TCL科技,2025-10-16 10:01:03,4.21,28700,4.21,D
sz000100,TCL科技,2025-10-16 10:01:06,4.21,59100,4.21,D
sz000100,TCL科技,2025-10-16 10:01:09,4.21,48600,4.21,D
sz000100,TCL科技,2025-10-16 10:01:18,4.22,21000,4.21,U
sz000100,TCL科技,2025-10-16 10:01:24,4.22,182900,4.21,U
sz000100,TCL科技,2025-10-16 10:01:33,4.21,57400,4.21,D
sz000100,TCL科技,2025-10-16 10:01:42,4.21,50000,4.22,D
sz000100,TCL科技,2025-10-16 10:01:48,4.22,27000,4.22,U
sz000100,TCL科技,2025-10-16 10:01:54,4.22,49000,4.21,U
sz000100,TCL科技,2025-10-16 10:01:57,4.21,55200,4.22,D
sz000100,TCL科技,2025-10-16 10:02:06,4.21,37400,4.22,D
sz000100,TCL科技,2025-10-16 10:02:09,4.21,313900,4.21,D
sz000100,TCL科技,2025-10-16 10:02:15,4.21,30610,4.22,D
sz000100,TCL科技,2025-10-16 10:02:18,4.22,46100,4.21,U
sz000100,TCL科技,2025-10-16 10:02:21,4.21,53000,4.22,D
sz000100,TCL科技,2025-10-16 10:02:24,4.21,66619,4.21,D
sz000100,TCL科技,2025-10-16 10:02:36,4.21,39700,4.21,D
sz000100,TCL科技,2025-10-16 10:02:39,4.21,62500,4.21,D
sz000100,TCL科技,2025-10-16 10:02:51,4.21,33000,4.21,D
sz000100,TCL科技,2025-10-16 10:02:57,4.21,57600,4.22,D
sz000100,TCL科技,2025-10-16 10:03:00,4.21,93900,4.21,D
sz000100,TCL科技,2025-10-16 10:03:03,4.22,31700,4.21,U
sz000100,TCL科技,2025-10-16 10:03:06,4.21,302500,4.22,D
sz000100,TCL科技,2025-10-16 10:03:09,4.21,64700,4.21,D
sz000100,TCL科技,2025-10-16 10:03:18,4.21,27900,4.22,D
sz000100,TCL科技,2025-10-16 10:03:21,4.21,237100,4.21,D
sz000100,TCL科技,2025-10-16 10:03:33,4.21,22900,4.22,D
sz000100,TCL科技,2025-10-16 10:03:39,4.22,20700,4.21,U
sz000100,TCL科技,2025-10-16 10:03:45,4.22,88000,4.21,U
sz000100,TCL科技,2025-10-16 10:03:51,4.21,72800,4.21,D
sz000100,TCL科技,2025-10-16 10:03:54,4.21,21900,4.21,D
sz000100,TCL科技,2025-10-16 10:04:03,4.21,344000,4.22,D
sz000100,TCL科技,2025-10-16 10:04:06,4.22,25200,4.21,U
sz000100,TCL科技,2025-10-16 10:04:09,4.21,63100,4.22,D
sz000100,TCL科技,2025-10-16 10:04:12,4.21,20900,4.21,D
sz000100,TCL科技,2025-10-16 10:04:15,4.21,50000,4.21,D
sz000100,TCL科技,2025-10-16 10:04:18,4.21,41000,4.21,D
sz000100,TCL科技,2025-10-16 10:04:21,4.21,22600,4.21,D
sz000100,TCL科技,2025-10-16 10:04:30,4.22,32000,4.22,U
sz000100,TCL科技,2025-10-16 10:04:33,4.22,31400,4.22,U
sz000100,TCL科技,2025-10-16 10:04:42,4.22,23100,4.21,U
sz000100,TCL科技,2025-10-16 10:04:48,4.21,35100,4.22,D
sz000100,TCL科技,2025-10-16 10:05:00,4.22,37800,4.22,U
sz000100,TCL科技,2025-10-16 10:05:03,4.21,124400,4.22,D
sz000100,TCL科技,2025-10-16 10:05:12,4.21,20100,4.21,D
sz000100,TCL科技,2025-10-16 10:05:15,4.21,146900,4.21,D
sz000100,TCL科技,2025-10-16 10:05:18,4.21,423000,4.21,D
sz000100,TCL科技,2025-10-16 10:05:21,4.22,20800,4.21,U
sz000100,TCL科技,2025-10-16 10:05:30,4.21,142500,4.22,D
sz000100,TCL科技,2025-10-16 10:05:39,4.21,37500,4.21,D
sz000100,TCL科技,2025-10-16 10:05:42,4.22,88900,4.21,U
sz000100,TCL科技,2025-10-16 10:05:48,4.22,29700,4.22,U
sz000100,TCL科技,2025-10-16 10:05:51,4.21,407900,4.22,D
sz000100,TCL科技,2025-10-16 10:06:03,4.21,58490,4.22,D
sz000100,TCL科技,2025-10-16 10:06:09,4.22,91000,4.22,U
sz000100,TCL科技,2025-10-16 10:06:15,4.21,61900,4.22,D
sz000100,TCL科技,2025-10-16 10:06:27,4.21,51000,4.21,D
sz000100,TCL科技,2025-10-16 10:06:30,4.22,32100,4.21,U
sz000100,TCL科技,2025-10-16 10:06:42,4.22,298400,4.21,U
sz000100,TCL科技,2025-10-16 10:06:45,4.21,200700,4.22,D
sz000100,TCL科技,2025-10-16 10:06:48,4.22,24200,4.21,U
sz000100,TCL科技,2025-10-16 10:06:51,4.22,42800,4.22,U
sz000100,TCL科技,2025-10-16 10:06:54,4.21,25200,4.22,D
sz000100,TCL科技,2025-10-16 10:06:57,4.21,29900,4.21,D
sz000100,TCL科技,2025-10-16 10:07:12,4.22,28000,4.22,U
sz000100,TCL科技,2025-10-16 10:07:24,4.21,47500,4.22,D
sz000100,TCL科技,2025-10-16 10:07:27,4.22,58200,4.21,U
sz000100,TCL科技,2025-10-16 10:07:33,4.21,34000,4.22,D
sz000100,TCL科技,2025-10-16 10:07:36,4.22,104310,4.21,U
sz000100,TCL科技,2025-10-16 10:07:39,4.22,51300,4.22,U
sz000100,TCL科技,2025-10-16 10:07:54,4.22,71300,4.21,U
sz000100,TCL科技,2025-10-16 10:07:57,4.21,25800,4.22,D
sz000100,TCL科技,2025-10-16 10:08:00,4.21,24900,4.21,D
sz000100,TCL科技,2025-10-16 10:08:03,4.21,46800,4.21,D
sz000100,TCL科技,2025-10-16 10:08:06,4.21,63400,4.21,D
sz000100,TCL科技,2025-10-16 10:08:09,4.22,96300,4.21,U
sz000100,TCL科技,2025-10-16 10:08:21,4.22,20100,4.21,U
sz000100,TCL科技,2025-10-16 10:08:24,4.22,30400,4.22,U
sz000100,TCL科技,2025-10-16 10:08:36,4.21,53680,4.22,D
sz000100,TCL科技,2025-10-16 10:08:42,4.21,37400,4.21,D
sz000100,TCL科技,2025-10-16 10:08:45,4.21,46100,4.21,D
sz000100,TCL科技,2025-10-16 10:08:48,4.21,43000,4.21,D
sz000100,TCL科技,2025-10-16 10:08:51,4.21,56100,4.21,D
sz000100,TCL科技,2025-10-16 10:08:57,4.22,25200,4.21,U
sz000100,TCL科技,2025-10-16 10:09:00,4.21,24700,4.22,D
sz000100,TCL科技,2025-10-16 10:09:03,4.22,48300,4.21,U
sz000100,TCL科技,2025-10-16 10:09:21,4.22,23300,4.22,U
sz000100,TCL科技,2025-10-16 10:09:24,4.22,43000,4.22,U
sz000100,TCL科技,2025-10-16 10:09:36,4.21,30600,4.21,D
sz000100,TCL科技,2025-10-16 10:09:39,4.21,30400,4.21,D
sz000100,TCL科技,2025-10-16 10:09:42,4.21,31200,4.21,D
sz000100,TCL科技,2025-10-16 10:09:45,4.22,35700,4.21,U
sz000100,TCL科技,2025-10-16 10:09:48,4.21,32010,4.22,D
sz000100,TCL科技,2025-10-16 10:10:06,4.21,45500,4.21,D
sz000100,TCL科技,2025-10-16 10:10:18,4.22,21600,4.21,U
sz000100,TCL科技,2025-10-16 10:10:24,4.22,63500,4.21,U
sz000100,TCL科技,2025-10-16 10:10:33,4.21,32000,4.21,D
sz000100,TCL科技,2025-10-16 10:10:36,4.21,26880,4.21,D
sz000100,TCL科技,2025-10-16 10:10:45,4.22,46200,4.21,U
sz000100,TCL科技,2025-10-16 10:10:48,4.22,21400,4.22,U
sz000100,TCL科技,2025-10-16 10:10:54,4.21,41100,4.21,D
sz000100,TCL科技,2025-10-16 10:10:57,4.21,26600,4.21,D
sz000100,TCL科技,2025-10-16 10:11:00,4.21,71100,4.21,D
sz000100,TCL科技,2025-10-16 10:11:03,4.22,24800,4.21,U
sz000100,TCL科技,2025-10-16 10:11:09,4.21,42400,4.21,D
sz000100,TCL科技,2025-10-16 10:11:12,4.21,108100,4.21,D
sz000100,TCL科技,2025-10-16 10:11:15,4.22,36900,4.21,U
sz000100,TCL科技,2025-10-16 10:11:33,4.22,67200,4.21,U
sz000100,TCL科技,2025-10-16 10:11:39,4.22,21400,4.21,U
sz000100,TCL科技,2025-10-16 10:11:45,4.21,31100,4.21,D
sz000100,TCL科技,2025-10-16 10:11:51,4.21,50300,4.21,D
sz000100,TCL科技,2025-10-16 10:11:54,4.22,35100,4.21,U
sz000100,TCL科技,2025-10-16 10:12:06,4.22,29100,4.21,U
sz000100,TCL科技,2025-10-16 10:12:15,4.21,63200,4.22,D
sz000100,TCL科技,2025-10-16 10:12:21,4.22,301300,4.22,U
sz000100,TCL科技,2025-10-16 10:12:24,4.22,47800,4.22,U
sz000100,TCL科技,2025-10-16 10:12:30,4.22,23600,4.22,U
sz000100,TCL科技,2025-10-16 10:12:33,4.21,34100,4.22,D
sz000100,TCL科技,2025-10-16 10:12:36,4.21,31500,4.21,D
sz000100,TCL科技,2025-10-16 10:12:39,4.22,33500,4.21,U
sz000100,TCL科技,2025-10-16 10:12:45,4.21,21200,4.21,D
sz000100,TCL科技,2025-10-16 10:12:48,4.22,201800,4.21,U
sz000100,TCL科技,2025-10-16 10:12:54,4.22,64700,4.22,U
sz000100,TCL科技,2025-10-16 10:13:03,4.22,59300,4.21,U
sz000100,TCL科技,2025-10-16 10:13:06,4.22,39500,4.22,U
sz000100,TCL科技,2025-10-16 10:13:12,4.22,46900,4.21,U
sz000100,TCL科技,2025-10-16 10:13:15,4.22,36400,4.22,U
sz000100,TCL科技,2025-10-16 10:13:30,4.21,20000,4.22,D
sz000100,TCL科技,2025-10-16 10:13:33,4.22,24300,4.21,U
sz000100,TCL科技,2025-10-16 10:13:36,4.21,30900,4.22,D
sz000100,TCL科技,2025-10-16 10:13:45,4.21,20400,4.21,D
sz000100,TCL科技,2025-10-16 10:13:48,4.22,30300,4.21,U
sz000100,TCL科技,2025-10-16 10:13:51,4.21,77900,4.22,D
sz000100,TCL科技,2025-10-16 10:14:09,4.22,45700,4.21,U
sz000100,TCL科技,2025-10-16 10:14:12,4.21,21300,4.22,D
sz000100,TCL科技,2025-10-16 10:14:30,4.22,237800,4.22,U
sz000100,TCL科技,2025-10-16 10:14:33,4.22,21800,4.22,U
sz000100,TCL科技,2025-10-16 10:14:36,4.21,28600,4.22,D
sz000100,TCL科技,2025-10-16 10:14:42,4.21,37500,4.22,D
sz000100,TCL科技,2025-10-16 10:14:45,4.21,98300,4.21,D
sz000100,TCL科技,2025-10-16 10:14:48,4.21,55000,4.21,D
sz000100,TCL科技,2025-10-16 10:14:51,4.21,55100,4.21,D
sz000100,TCL科技,2025-10-16 10:15:06,4.21,37400,4.21,D
sz000100,TCL科技,2025-10-16 10:15:15,4.22,51200,4.21,U
sz000100,TCL科技,2025-10-16 10:15:21,4.22,130500,4.22,U
sz000100,TCL科技,2025-10-16 10:15:27,4.22,32600,4.22,U
sz000100,TCL科技,2025-10-16 10:15:36,4.22,69500,4.22,U
sz000100,TCL科技,2025-10-16 10:15:42,4.21,48300,4.21,D
sz000100,TCL科技,2025-10-16 10:15:45,4.22,28100,4.21,U
sz000100,TCL科技,2025-10-16 10:15:57,4.22,34300,4.22,U
sz000100,TCL科技,2025-10-16 10:16:00,4.22,29200,4.22,U
sz000100,TCL科技,2025-10-16 10:16:21,4.22,34300,4.22,U
sz000100,TCL科技,2025-10-16 10:16:24,4.21,112800,4.22,D
sz000100,TCL科技,2025-10-16 10:16:27,4.21,43900,4.21,D
sz000100,TCL科技,2025-10-16 10:16:30,4.21,22700,4.21,D
sz000100,TCL科技,2025-10-16 10:16:42,4.22,45000,4.22,U
sz000100,TCL科技,2025-10-16 10:16:45,4.22,39500,4.22,U
sz000100,TCL科技,2025-10-16 10:16:48,4.22,313600,4.22,U
sz000100,TCL科技,2025-10-16 10:16:54,4.21,110100,4.22,D
sz000100,TCL科技,2025-10-16 10:16:57,4.22,50000,4.21,U
sz000100,TCL科技,2025-10-16 10:17:27,4.22,25900,4.22,U
sz000100,TCL科技,2025-10-16 10:17:30,4.22,125800,4.22,U
sz000100,TCL科技,2025-10-16 10:17:39,4.22,32100,4.21,U
sz000100,TCL科技,2025-10-16 10:17:51,4.21,71500,4.22,D
sz000100,TCL科技,2025-10-16 10:17:54,4.21,46020,4.21,D
sz000100,TCL科技,2025-10-16 10:17:57,4.22,24100,4.21,U
sz000100,TCL科技,2025-10-16 10:18:09,4.22,153700,4.22,U
sz000100,TCL科技,2025-10-16 10:18:15,4.22,76700,4.21,U
sz000100,TCL科技,2025-10-16 10:18:18,4.22,59100,4.22,U
sz000100,TCL科技,2025-10-16 10:18:21,4.21,52900,4.22,D
sz000100,TCL科技,2025-10-16 10:18:24,4.22,1090300,4.21,U
sz000100,TCL科技,2025-10-16 10:18:27,4.22,9463220,4.22,U
sz000100,TCL科技,2025-10-16 10:18:30,4.22,40400,4.22,D
sz000100,TCL科技,2025-10-16 10:18:33,4.22,122300,4.22,D
sz000100,TCL科技,2025-10-16 10:18:36,4.23,91200,4.22,U
sz000100,TCL科技,2025-10-16 10:18:42,4.23,108400,4.23,U
sz000100,TCL科技,2025-10-16 10:18:54,4.23,385300,4.22,U
sz000100,TCL科技,2025-10-16 10:19:03,4.22,25200,4.22,D
sz000100,TCL科技,2025-10-16 10:19:09,4.22,666800,4.23,D
sz000100,TCL科技,2025-10-16 10:19:12,4.22,74700,4.22,D
sz000100,TCL科技,2025-10-16 10:19:15,4.23,66300,4.22,U
sz000100,TCL科技,2025-10-16 10:19:18,4.23,37200,4.23,U
sz000100,TCL科技,2025-10-16 10:19:24,4.22,751000,4.23,D
sz000100,TCL科技,2025-10-16 10:19:30,4.22,61500,4.23,D
sz000100,TCL科技,2025-10-16 10:19:42,4.22,506900,4.22,D
sz000100,TCL科技,2025-10-16 10:19:45,4.23,40000,4.22,U
sz000100,TCL科技,2025-10-16 10:19:51,4.22,69200,4.22,D
sz000100,TCL科技,2025-10-16 10:19:54,4.22,202900,4.22,D
sz000100,TCL科技,2025-10-16 10:19:57,4.22,50500,4.22,D
sz000100,TCL科技,2025-10-16 10:20:00,4.22,102200,4.22,D
sz000100,TCL科技,2025-10-16 10:20:03,4.22,68500,4.22,D
sz000100,TCL科技,2025-10-16 10:20:06,4.22,49800,4.22,D
sz000100,TCL科技,2025-10-16 10:20:09,4.22,86400,4.22,D
sz000100,TCL科技,2025-10-16 10:20:12,4.23,33000,4.22,U
sz000100,TCL科技,2025-10-16 10:20:18,4.22,28500,4.22,D
sz000100,TCL科技,2025-10-16 10:20:27,4.23,21900,4.23,U
sz000100,TCL科技,2025-10-16 10:20:33,4.22,41500,4.22,D
sz000100,TCL科技,2025-10-16 10:20:45,4.22,44600,4.23,D
sz000100,TCL科技,2025-10-16 10:20:48,4.23,61500,4.22,U
sz000100,TCL科技,2025-10-16 10:20:51,4.23,68300,4.23,U
sz000100,TCL科技,2025-10-16 10:21:00,4.22,121200,4.22,D
sz000100,TCL科技,2025-10-16 10:21:09,4.22,71700,4.23,D
sz000100,TCL科技,2025-10-16 10:21:15,4.22,33100,4.22,D
sz000100,TCL科技,2025-10-16 10:21:21,4.23,20000,4.22,U
sz000100,TCL科技,2025-10-16 10:21:27,4.23,83600,4.23,U
sz000100,TCL科技,2025-10-16 10:21:30,4.22,38800,4.23,D
sz000100,TCL科技,2025-10-16 10:21:57,4.23,31000,4.22,U
sz000100,TCL科技,2025-10-16 10:22:09,4.22,25700,4.23,D
sz000100,TCL科技,2025-10-16 10:22:12,4.22,37300,4.22,D
sz000100,TCL科技,2025-10-16 10:22:15,4.22,50200,4.22,D
sz000100,TCL科技,2025-10-16 10:22:21,4.23,20500,4.22,U
sz000100,TCL科技,2025-10-16 10:22:33,4.22,225100,4.23,D
sz000100,TCL科技,2025-10-16 10:22:48,4.23,37200,4.22,U
sz000100,TCL科技,2025-10-16 10:22:54,4.22,32300,4.22,D
sz000100,TCL科技,2025-10-16 10:22:57,4.22,1014300,4.22,D
sz000100,TCL科技,2025-10-16 10:23:00,4.23,52800,4.22,U
sz000100,TCL科技,2025-10-16 10:23:03,4.22,26500,4.23,D
sz000100,TCL科技,2025-10-16 10:23:06,4.22,75100,4.22,D
sz000100,TCL科技,2025-10-16 10:23:12,4.22,29600,4.22,D
sz000100,TCL科技,2025-10-16 10:23:15,4.22,42000,4.22,D
sz000100,TCL科技,2025-10-16 10:23:18,4.22,41200,4.22,D
sz000100,TCL科技,2025-10-16 10:23:21,4.23,26500,4.22,U
sz000100,TCL科技,2025-10-16 10:23:24,4.22,28700,4.23,D
sz000100,TCL科技,2025-10-16 10:23:27,4.22,47900,4.22,D
sz000100,TCL科技,2025-10-16 10:23:42,4.22,23800,4.22,D
sz000100,TCL科技,2025-10-16 10:23:45,4.22,35600,4.22,D
sz000100,TCL科技,2025-10-16 10:23:48,4.22,22800,4.22,D
sz000100,TCL科技,2025-10-16 10:23:54,4.22,33000,4.22,D
sz000100,TCL科技,2025-10-16 10:23:57,4.22,49700,4.22,D
sz000100,TCL科技,2025-10-16 10:24:03,4.22,52340,4.23,D
sz000100,TCL科技,2025-10-16 10:24:12,4.23,41800,4.23,U
sz000100,TCL科技,2025-10-16 10:24:18,4.22,35000,4.23,D
sz000100,TCL科技,2025-10-16 10:24:21,4.23,38500,4.22,U
sz000100,TCL科技,2025-10-16 10:24:24,4.22,27800,4.23,D
sz000100,TCL科技,2025-10-16 10:24:33,4.22,65900,4.23,D
sz000100,TCL科技,2025-10-16 10:24:42,4.23,25100,4.22,U
sz000100,TCL科技,2025-10-16 10:24:45,4.22,39680,4.23,D
sz000100,TCL科技,2025-10-16 10:24:51,4.22,69100,4.22,D
sz000100,TCL科技,2025-10-16 10:24:57,4.22,238400,4.23,D
sz000100,TCL科技,2025-10-16 10:25:06,4.22,21600,4.23,D
sz000100,TCL科技,2025-10-16 10:25:09,4.22,28100,4.22,D
sz000100,TCL科技,2025-10-16 10:25:15,4.22,23600,4.22,D
sz000100,TCL科技,2025-10-16 10:25:30,4.23,38600,4.22,U
sz000100,TCL科技,2025-10-16 10:25:33,4.23,377000,4.23,U
sz000100,TCL科技,2025-10-16 10:25:42,4.22,89700,4.22,D
sz000100,TCL科技,2025-10-16 10:25:45,4.22,2470780,4.22,D
sz000100,TCL科技,2025-10-16 10:26:15,4.22,33600,4.22,U
sz000100,TCL科技,2025-10-16 10:26:21,4.21,25100,4.22,D
sz000100,TCL科技,2025-10-16 10:26:30,4.22,20400,4.21,U
sz000100,TCL科技,2025-10-16 10:26:33,4.22,21000,4.22,U
sz000100,TCL科技,2025-10-16 10:26:36,4.22,22300,4.22,U
sz000100,TCL科技,2025-10-16 10:26:57,4.21,44900,4.21,D
sz000100,TCL科技,2025-10-16 10:27:09,4.22,50000,4.21,U
sz000100,TCL科技,2025-10-16 10:27:15,4.22,21400,4.21,U
sz000100,TCL科技,2025-10-16 10:27:18,4.22,32100,4.22,U
sz000100,TCL科技,2025-10-16 10:27:21,4.21,56000,4.22,D
sz000100,TCL科技,2025-10-16 10:27:24,4.21,56000,4.21,D
sz000100,TCL科技,2025-10-16 10:27:33,4.22,41700,4.21,U
sz000100,TCL科技,2025-10-16 10:27:36,4.21,32300,4.22,D
sz000100,TCL科技,2025-10-16 10:27:48,4.22,60000,4.22,U
sz000100,TCL科技,2025-10-16 10:27:54,4.22,24800,4.22,U
sz000100,TCL科技,2025-10-16 10:28:03,4.22,44900,4.21,U
sz000100,TCL科技,2025-10-16 10:28:06,4.21,45700,4.22,D
sz000100,TCL科技,2025-10-16 10:28:09,4.21,29800,4.21,D
sz000100,TCL科技,2025-10-16 10:28:15,4.21,43200,4.22,D
sz000100,TCL科技,2025-10-16 10:28:30,4.21,29500,4.21,D
sz000100,TCL科技,2025-10-16 10:28:33,4.21,221300,4.21,D
sz000100,TCL科技,2025-10-16 10:28:36,4.22,68300,4.21,U
sz000100,TCL科技,2025-10-16 10:28:39,4.22,28600,4.22,U
sz000100,TCL科技,2025-10-16 10:28:45,4.21,31900,4.22,D
sz000100,TCL科技,2025-10-16 10:29:06,4.22,22600,4.21,U
sz000100,TCL科技,2025-10-16 10:29:12,4.21,39800,4.22,D
sz000100,TCL科技,2025-10-16 10:29:15,4.21,27000,4.21,D
sz000100,TCL科技,2025-10-16 10:29:18,4.22,32950,4.21,U
sz000100,TCL科技,2025-10-16 10:29:30,4.21,33800,4.21,D
sz000100,TCL科技,2025-10-16 10:29:36,4.22,22100,4.22,U
sz000100,TCL科技,2025-10-16 10:29:39,4.22,70500,4.22,U
sz000100,TCL科技,2025-10-16 10:29:45,4.22,40700,4.22,U
sz000100,TCL科技,2025-10-16 10:29:51,4.22,53000,4.21,U
sz000100,TCL科技,2025-10-16 10:30:00,4.22,25000,4.21,U
sz000100,TCL科技,2025-10-16 10:30:03,4.21,39700,4.22,D
sz000100,TCL科技,2025-10-16 10:30:09,4.21,26300,4.22,D
sz000100,TCL科技,2025-10-16 10:30:12,4.21,91800,4.21,D
sz000100,TCL科技,2025-10-16 10:30:15,4.21,36100,4.21,D
sz000100,TCL科技,2025-10-16 10:30:18,4.22,43200,4.21,U
sz000100,TCL科技,2025-10-16 10:30:27,4.21,45700,4.21,D
sz000100,TCL科技,2025-10-16 10:30:39,4.21,100000,4.22,D
sz000100,TCL科技,2025-10-16 10:30:48,4.22,37700,4.21,U
sz000100,TCL科技,2025-10-16 10:31:12,4.21,41100,4.21,D
sz000100,TCL科技,2025-10-16 10:31:15,4.21,21900,4.21,D
sz000100,TCL科技,2025-10-16 10:31:18,4.21,49200,4.21,D
sz000100,TCL科技,2025-10-16 10:31:21,4.21,30700,4.21,D
sz000100,TCL科技,2025-10-16 10:31:27,4.21,27700,4.21,D
sz000100,TCL科技,2025-10-16 10:31:36,4.21,46800,4.21,D
sz000100,TCL科技,2025-10-16 10:31:42,4.21,35300,4.22,D
sz000100,TCL科技,2025-10-16 10:31:48,4.22,29420,4.21,U
sz000100,TCL科技,2025-10-16 10:31:57,4.21,40300,4.22,D
sz000100,TCL科技,2025-10-16 10:32:12,4.22,46700,4.22,U
sz000100,TCL科技,2025-10-16 10:32:18,4.22,28400,4.21,U
sz000100,TCL科技,2025-10-16 10:32:33,4.22,33500,4.21,U
sz000100,TCL科技,2025-10-16 10:32:39,4.21,105000,4.21,D
sz000100,TCL科技,2025-10-16 10:32:45,4.21,22400,4.21,D
sz000100,TCL科技,2025-10-16 10:32:48,4.22,33300,4.21,U
sz000100,TCL科技,2025-10-16 10:32:57,4.21,20000,4.22,D
sz000100,TCL科技,2025-10-16 10:33:03,4.21,78500,4.21,D
sz000100,TCL科技,2025-10-16 10:33:18,4.22,23800,4.21,U
sz000100,TCL科技,2025-10-16 10:33:27,4.21,23900,4.21,D
sz000100,TCL科技,2025-10-16 10:33:39,4.21,30000,4.21,D
sz000100,TCL科技,2025-10-16 10:33:48,4.21,32800,4.21,D
sz000100,TCL科技,2025-10-16 10:33:51,4.21,25400,4.21,D
sz000100,TCL科技,2025-10-16 10:34:15,4.21,21100,4.21,D
sz000100,TCL科技,2025-10-16 10:34:18,4.21,28600,4.21,D
sz000100,TCL科技,2025-10-16 10:34:21,4.21,96140,4.21,D
sz000100,TCL科技,2025-10-16 10:34:24,4.21,34100,4.21,D
sz000100,TCL科技,2025-10-16 10:34:27,4.21,42500,4.21,D
sz000100,TCL科技,2025-10-16 10:34:30,4.21,37100,4.21,D
sz000100,TCL科技,2025-10-16 10:34:33,4.21,56400,4.21,D
sz000100,TCL科技,2025-10-16 10:34:39,4.21,46600,4.21,D
sz000100,TCL科技,2025-10-16 10:35:00,4.22,29960,4.21,U
sz000100,TCL科技,2025-10-16 10:35:03,4.21,138100,4.22,D
sz000100,TCL科技,2025-10-16 10:35:06,4.21,86400,4.21,D
sz000100,TCL科技,2025-10-16 10:35:15,4.21,62200,4.21,D
sz000100,TCL科技,2025-10-16 10:35:18,4.21,28700,4.21,D
sz000100,TCL科技,2025-10-16 10:35:45,4.21,186200,4.21,D
sz000100,TCL科技,2025-10-16 10:35:48,4.21,70100,4.21,D
sz000100,TCL科技,2025-10-16 10:36:00,4.21,296900,4.21,D
sz000100,TCL科技,2025-10-16 10:36:03,4.21,57600,4.21,D
sz000100,TCL科技,2025-10-16 10:36:12,4.21,30000,4.21,D
sz000100,TCL科技,2025-10-16 10:36:15,4.22,30900,4.21,U
sz000100,TCL科技,2025-10-16 10:36:18,4.21,130400,4.22,D
sz000100,TCL科技,2025-10-16 10:36:21,4.21,167900,4.21,D
sz000100,TCL科技,2025-10-16 10:36:36,4.22,44800,4.21,U
sz000100,TCL科技,2025-10-16 10:37:06,4.22,100400,4.21,U
sz000100,TCL科技,2025-10-16 10:37:15,4.22,41700,4.22,U
sz000100,TCL科技,2025-10-16 10:37:24,4.22,132500,4.22,U
sz000100,TCL科技,2025-10-16 10:37:33,4.21,38000,4.21,D
sz000100,TCL科技,2025-10-16 10:37:45,4.22,33100,4.22,U
sz000100,TCL科技,2025-10-16 10:37:57,4.22,70700,4.21,U
sz000100,TCL科技,2025-10-16 10:38:06,4.21,52400,4.21,D
sz000100,TCL科技,2025-10-16 10:38:30,4.21,66000,4.21,D
sz000100,TCL科技,2025-10-16 10:38:33,4.21,68000,4.21,D
sz000100,TCL科技,2025-10-16 10:38:36,4.21,24900,4.21,D
sz000100,TCL科技,2025-10-16 10:38:42,4.22,27400,4.21,U
sz000100,TCL科技,2025-10-16 10:38:48,4.21,33900,4.21,D
sz000100,TCL科技,2025-10-16 10:39:00,4.22,43600,4.22,U
sz000100,TCL科技,2025-10-16 10:39:03,4.21,63300,4.22,D
sz000100,TCL科技,2025-10-16 10:39:24,4.22,20800,4.22,U
sz000100,TCL科技,2025-10-16 10:39:39,4.21,21900,4.22,D
sz000100,TCL科技,2025-10-16 10:39:54,4.21,25000,4.21,D
sz000100,TCL科技,2025-10-16 10:40:09,4.21,43700,4.21,D
sz000100,TCL科技,2025-10-16 10:40:15,4.22,42900,4.21,U
sz000100,TCL科技,2025-10-16 10:40:21,4.21,27600,4.22,D
sz000100,TCL科技,2025-10-16 10:40:24,4.21,113700,4.21,D
sz000100,TCL科技,2025-10-16 10:40:36,4.22,48000,4.22,U
sz000100,TCL科技,2025-10-16 10:40:42,4.22,24900,4.21,U
sz000100,TCL科技,2025-10-16 10:40:48,4.22,46600,4.21,U
sz000100,TCL科技,2025-10-16 10:41:15,4.22,69900,4.21,U
sz000100,TCL科技,2025-10-16 10:41:21,4.22,24400,4.22,U
sz000100,TCL科技,2025-10-16 10:41:27,4.22,28900,4.22,U
sz000100,TCL科技,2025-10-16 10:41:36,4.22,25400,4.22,U
sz000100,TCL科技,2025-10-16 10:41:39,4.22,61490,4.22,U
sz000100,TCL科技,2025-10-16 10:41:45,4.22,214100,4.21,U
sz000100,TCL科技,2025-10-16 10:42:45,4.22,40600,4.21,U
sz000100,TCL科技,2025-10-16 10:43:00,4.21,168000,4.21,D
sz000100,TCL科技,2025-10-16 10:43:03,4.21,57200,4.21,D
sz000100,TCL科技,2025-10-16 10:43:06,4.21,43900,4.21,D
sz000100,TCL科技,2025-10-16 10:43:39,4.21,64200,4.21,D
sz000100,TCL科技,2025-10-16 10:43:42,4.22,20000,4.21,U
sz000100,TCL科技,2025-10-16 10:43:45,4.21,62000,4.22,D
sz000100,TCL科技,2025-10-16 10:44:00,4.22,46000,4.21,U
sz000100,TCL科技,2025-10-16 10:44:03,4.22,69300,4.22,U
sz000100,TCL科技,2025-10-16 10:44:06,4.21,32500,4.22,D
sz000100,TCL科技,2025-10-16 10:44:09,4.22,141300,4.21,U
sz000100,TCL科技,2025-10-16 10:44:15,4.22,116000,4.21,U
sz000100,TCL科技,2025-10-16 10:44:18,4.22,25600,4.22,U
sz000100,TCL科技,2025-10-16 10:44:27,4.22,59600,4.21,U
sz000100,TCL科技,2025-10-16 10:44:36,4.22,21100,4.22,U
sz000100,TCL科技,2025-10-16 10:45:00,4.21,28800,4.21,D
sz000100,TCL科技,2025-10-16 10:45:03,4.21,59600,4.21,D
sz000100,TCL科技,2025-10-16 10:45:15,4.22,27400,4.22,U
sz000100,TCL科技,2025-10-16 10:45:18,4.22,36600,4.22,U
sz000100,TCL科技,2025-10-16 10:45:30,4.22,53900,4.22,U
sz000100,TCL科技,2025-10-16 10:45:33,4.22,101200,4.22,U
sz000100,TCL科技,2025-10-16 10:45:36,4.22,1542400,4.22,U
sz000100,TCL科技,2025-10-16 10:45:39,4.22,723800,4.22,U
sz000100,TCL科技,2025-10-16 10:45:42,4.22,519000,4.22,U
sz000100,TCL科技,2025-10-16 10:45:45,4.22,758000,4.22,U
sz000100,TCL科技,2025-10-16 10:45:48,4.22,828060,4.22,U
sz000100,TCL科技,2025-10-16 10:45:51,4.22,95600,4.22,D
sz000100,TCL科技,2025-10-16 10:45:54,4.22,46500,4.22,D
sz000100,TCL科技,2025-10-16 10:45:57,4.22,268600,4.22,D
sz000100,TCL科技,2025-10-16 10:46:39,4.23,39900,4.23,U
sz000100,TCL科技,2025-10-16 10:46:42,4.22,25500,4.23,D
sz000100,TCL科技,2025-10-16 10:46:48,4.22,47500,4.22,D
sz000100,TCL科技,2025-10-16 10:46:54,4.23,35000,4.22,U
sz000100,TCL科技,2025-10-16 10:47:21,4.22,23500,4.22,D
sz000100,TCL科技,2025-10-16 10:47:27,4.23,33500,4.22,U
sz000100,TCL科技,2025-10-16 10:47:33,4.22,107800,4.22,D
sz000100,TCL科技,2025-10-16 10:47:39,4.23,22000,4.22,U
sz000100,TCL科技,2025-10-16 10:47:45,4.22,240100,4.22,D
sz000100,TCL科技,2025-10-16 10:48:00,4.22,21800,4.22,D
sz000100,TCL科技,2025-10-16 10:48:12,4.22,27700,4.22,D
sz000100,TCL科技,2025-10-16 10:48:48,4.23,20100,4.22,U
sz000100,TCL科技,2025-10-16 10:48:54,4.23,42900,4.23,U
sz000100,TCL科技,2025-10-16 10:49:03,4.22,30300,4.22,D
sz000100,TCL科技,2025-10-16 10:49:06,4.22,21200,4.22,D
sz000100,TCL科技,2025-10-16 10:49:09,4.23,530900,4.22,U
sz000100,TCL科技,2025-10-16 10:49:12,4.22,22300,4.23,D
sz000100,TCL科技,2025-10-16 10:49:15,4.22,110600,4.22,D
sz000100,TCL科技,2025-10-16 10:49:27,4.22,48100,4.23,D
sz000100,TCL科技,2025-10-16 10:49:36,4.22,22700,4.22,D
sz000100,TCL科技,2025-10-16 10:49:54,4.22,20000,4.23,D
sz000100,TCL科技,2025-10-16 10:50:03,4.22,62100,4.22,D
sz000100,TCL科技,2025-10-16 10:50:12,4.22,29700,4.22,D
sz000100,TCL科技,2025-10-16 10:50:15,4.22,24400,4.22,D
sz000100,TCL科技,2025-10-16 10:50:30,4.22,53300,4.23,D
sz000100,TCL科技,2025-10-16 10:50:33,4.22,335600,4.22,D
sz000100,TCL科技,2025-10-16 10:50:36,4.22,378500,4.22,D
sz000100,TCL科技,2025-10-16 10:50:39,4.22,63694,4.22,D
sz000100,TCL科技,2025-10-16 10:50:42,4.22,23900,4.22,D
sz000100,TCL科技,2025-10-16 10:50:45,4.22,132400,4.22,D
sz000100,TCL科技,2025-10-16 10:50:48,4.22,63800,4.22,D
sz000100,TCL科技,2025-10-16 10:50:51,4.22,132900,4.22,D
sz000100,TCL科技,2025-10-16 10:50:54,4.22,85306,4.22,D
sz000100,TCL科技,2025-10-16 10:50:57,4.21,33200,4.22,D
sz000100,TCL科技,2025-10-16 10:51:03,4.21,182700,4.22,D
sz000100,TCL科技,2025-10-16 10:51:06,4.22,59400,4.21,U
sz000100,TCL科技,2025-10-16 10:51:21,4.22,639604,4.22,U
sz000100,TCL科技,2025-10-16 10:51:24,4.22,28000,4.22,D
sz000100,TCL科技,2025-10-16 10:52:06,4.22,26000,4.22,D
sz000100,TCL科技,2025-10-16 10:52:24,4.23,39600,4.22,U
sz000100,TCL科技,2025-10-16 10:52:45,4.22,27500,4.22,D
sz000100,TCL科技,2025-10-16 10:53:00,4.22,34300,4.22,D
sz000100,TCL科技,2025-10-16 10:53:06,4.22,61200,4.22,D
sz000100,TCL科技,2025-10-16 10:53:12,4.22,52300,4.22,D
sz000100,TCL科技,2025-10-16 10:53:24,4.23,94100,4.22,U
sz000100,TCL科技,2025-10-16 10:53:27,4.22,75500,4.23,D
sz000100,TCL科技,2025-10-16 10:53:30,4.23,27900,4.22,U
sz000100,TCL科技,2025-10-16 10:53:33,4.22,34500,4.23,D
sz000100,TCL科技,2025-10-16 10:53:36,4.23,32500,4.22,U
sz000100,TCL科技,2025-10-16 10:53:39,4.22,39000,4.23,D
sz000100,TCL科技,2025-10-16 10:53:45,4.23,23400,4.22,U
sz000100,TCL科技,2025-10-16 10:54:18,4.22,47500,4.22,D
sz000100,TCL科技,2025-10-16 10:54:36,4.22,21900,4.22,D
sz000100,TCL科技,2025-10-16 10:54:39,4.22,70800,4.22,D
sz000100,TCL科技,2025-10-16 10:54:54,4.22,25700,4.23,D
sz000100,TCL科技,2025-10-16 10:55:33,4.23,94400,4.22,U
sz000100,TCL科技,2025-10-16 10:55:57,4.23,97700,4.22,U
sz000100,TCL科技,2025-10-16 10:56:00,4.22,32600,4.23,D
sz000100,TCL科技,2025-10-16 10:56:03,4.23,40000,4.22,U
sz000100,TCL科技,2025-10-16 10:56:18,4.23,36500,4.22,U
sz000100,TCL科技,2025-10-16 10:56:33,4.22,82700,4.22,D
sz000100,TCL科技,2025-10-16 10:56:36,4.22,34500,4.22,D
sz000100,TCL科技,2025-10-16 10:56:42,4.22,35200,4.22,D
sz000100,TCL科技,2025-10-16 10:56:45,4.22,34100,4.22,D
sz000100,TCL科技,2025-10-16 10:56:51,4.22,24600,4.22,D
sz000100,TCL科技,2025-10-16 10:56:54,4.22,23700,4.22,D
sz000100,TCL科技,2025-10-16 10:57:15,4.22,31200,4.22,D
sz000100,TCL科技,2025-10-16 10:57:21,4.22,32500,4.22,D
sz000100,TCL科技,2025-10-16 10:57:51,4.22,34700,4.23,D
sz000100,TCL科技,2025-10-16 10:57:57,4.23,107900,4.22,U
sz000100,TCL科技,2025-10-16 10:58:24,4.22,33200,4.22,D
sz000100,TCL科技,2025-10-16 10:58:27,4.22,51000,4.22,D
sz000100,TCL科技,2025-10-16 10:58:33,4.23,53500,4.23,U
sz000100,TCL科技,2025-10-16 10:58:39,4.22,33100,4.23,D
sz000100,TCL科技,2025-10-16 10:59:30,4.23,29800,4.22,U
sz000100,TCL科技,2025-10-16 10:59:36,4.22,33600,4.23,D
sz000100,TCL科技,2025-10-16 10:59:48,4.22,21600,4.23,D
sz000100,TCL科技,2025-10-16 11:00:09,4.22,144910,4.22,D
sz000100,TCL科技,2025-10-16 11:00:12,4.22,157300,4.22,D
sz000100,TCL科技,2025-10-16 11:00:15,4.23,23700,4.22,U
sz000100,TCL科技,2025-10-16 11:01:24,4.23,23190,4.22,U
sz000100,TCL科技,2025-10-16 11:01:27,4.23,27600,4.23,U
sz000100,TCL科技,2025-10-16 11:01:36,4.22,92800,4.23,D
sz000100,TCL科技,2025-10-16 11:01:42,4.23,21500,4.22,U
sz000100,TCL科技,2025-10-16 11:02:00,4.22,82800,4.23,D
sz000100,TCL科技,2025-10-16 11:02:36,4.23,43200,4.22,U
sz000100,TCL科技,2025-10-16 11:02:45,4.22,28200,4.23,D
sz000100,TCL科技,2025-10-16 11:03:21,4.22,21600,4.22,D
sz000100,TCL科技,2025-10-16 11:04:03,4.22,25100,4.22,D
sz000100,TCL科技,2025-10-16 11:04:15,4.22,140200,4.22,D
sz000100,TCL科技,2025-10-16 11:04:45,4.22,20950,4.22,D
sz000100,TCL科技,2025-10-16 11:04:48,4.22,62000,4.22,D
sz000100,TCL科技,2025-10-16 11:05:03,4.22,32600,4.23,D
sz000100,TCL科技,2025-10-16 11:05:06,4.22,20400,4.22,D
sz000100,TCL科技,2025-10-16 11:05:09,4.22,26800,4.22,D
sz000100,TCL科技,2025-10-16 11:05:12,4.23,37600,4.22,U
sz000100,TCL科技,2025-10-16 11:05:15,4.22,62000,4.23,D
sz000100,TCL科技,2025-10-16 11:05:42,4.22,36300,4.22,D
sz000100,TCL科技,2025-10-16 11:05:45,4.22,38600,4.22,D
sz000100,TCL科技,2025-10-16 11:05:54,4.22,20200,4.23,D
sz000100,TCL科技,2025-10-16 11:06:15,4.22,22000,4.23,D
sz000100,TCL科技,2025-10-16 11:06:24,4.22,29300,4.23,D
sz000100,TCL科技,2025-10-16 11:07:09,4.22,28100,4.22,D
sz000100,TCL科技,2025-10-16 11:07:21,4.22,30000,4.22,D
sz000100,TCL科技,2025-10-16 11:07:27,4.22,43700,4.23,D
sz000100,TCL科技,2025-10-16 11:07:33,4.22,21600,4.22,D
sz000100,TCL科技,2025-10-16 11:07:42,4.22,120200,4.22,D
sz000100,TCL科技,2025-10-16 11:07:45,4.22,41000,4.22,D
sz000100,TCL科技,2025-10-16 11:07:48,4.23,24600,4.22,U
sz000100,TCL科技,2025-10-16 11:07:54,4.23,63700,4.22,U
sz000100,TCL科技,2025-10-16 11:08:21,4.22,3440100,4.22,D
sz000100,TCL科技,2025-10-16 11:08:24,4.21,27500,4.22,D
sz000100,TCL科技,2025-10-16 11:08:33,4.21,25300,4.22,D
sz000100,TCL科技,2025-10-16 11:09:21,4.21,22400,4.21,D
sz000100,TCL科技,2025-10-16 11:09:33,4.22,28100,4.22,U
sz000100,TCL科技,2025-10-16 11:09:45,4.22,179300,4.22,U
sz000100,TCL科技,2025-10-16 11:10:03,4.21,31300,4.22,D
sz000100,TCL科技,2025-10-16 11:10:09,4.22,110100,4.22,U
sz000100,TCL科技,2025-10-16 11:10:15,4.22,30400,4.21,U
sz000100,TCL科技,2025-10-16 11:10:45,4.22,35200,4.21,U
sz000100,TCL科技,2025-10-16 11:10:51,4.21,24500,4.21,D
sz000100,TCL科技,2025-10-16 11:11:24,4.22,30400,4.22,U
sz000100,TCL科技,2025-10-16 11:12:51,4.21,20400,4.22,D
sz000100,TCL科技,2025-10-16 11:13:24,4.21,47900,4.21,D
sz000100,TCL科技,2025-10-16 11:13:30,4.21,20700,4.21,D
sz000100,TCL科技,2025-10-16 11:13:36,4.21,20400,4.22,D
sz000100,TCL科技,2025-10-16 11:15:06,4.22,51000,4.21,U
sz000100,TCL科技,2025-10-16 11:15:48,4.22,41700,4.21,U
sz000100,TCL科技,2025-10-16 11:15:51,4.22,30200,4.22,U
sz000100,TCL科技,2025-10-16 11:16:00,4.22,24000,4.21,U
sz000100,TCL科技,2025-10-16 11:16:06,4.22,20000,4.22,U
sz000100,TCL科技,2025-10-16 11:16:30,4.22,73900,4.22,U
sz000100,TCL科技,2025-10-16 11:16:57,4.21,51700,4.21,D
sz000100,TCL科技,2025-10-16 11:17:00,4.21,30400,4.21,D
sz000100,TCL科技,2025-10-16 11:17:09,4.22,45600,4.22,U
sz000100,TCL科技,2025-10-16 11:17:30,4.22,73900,4.21,U
sz000100,TCL科技,2025-10-16 11:17:45,4.21,110400,4.22,D
sz000100,TCL科技,2025-10-16 11:18:00,4.22,40100,4.21,U
sz000100,TCL科技,2025-10-16 11:18:18,4.22,26100,4.22,U
sz000100,TCL科技,2025-10-16 11:18:27,4.21,28700,4.21,D
sz000100,TCL科技,2025-10-16 11:18:30,4.21,85400,4.21,D
sz000100,TCL科技,2025-10-16 11:18:33,4.21,53800,4.21,D
sz000100,TCL科技,2025-10-16 11:19:00,4.21,36900,4.21,D
sz000100,TCL科技,2025-10-16 11:19:06,4.21,20100,4.22,D
sz000100,TCL科技,2025-10-16 11:19:09,4.21,56800,4.21,D
sz000100,TCL科技,2025-10-16 11:19:21,4.21,74700,4.22,D
sz000100,TCL科技,2025-10-16 11:19:27,4.21,71300,4.21,D
sz000100,TCL科技,2025-10-16 11:19:30,4.21,52600,4.21,D
sz000100,TCL科技,2025-10-16 11:19:36,4.22,46300,4.21,U
sz000100,TCL科技,2025-10-16 11:19:42,4.21,26800,4.22,D
sz000100,TCL科技,2025-10-16 11:20:00,4.22,39600,4.22,U
sz000100,TCL科技,2025-10-16 11:20:18,4.22,29200,4.22,U
sz000100,TCL科技,2025-10-16 11:20:27,4.22,20700,4.21,U
sz000100,TCL科技,2025-10-16 11:20:30,4.21,51000,4.22,D
sz000100,TCL科技,2025-10-16 11:21:00,4.22,56300,4.22,U
sz000100,TCL科技,2025-10-16 11:21:03,4.21,84300,4.22,D
sz000100,TCL科技,2025-10-16 11:21:09,4.21,25300,4.22,D
sz000100,TCL科技,2025-10-16 11:21:18,4.22,28000,4.21,U
sz000100,TCL科技,2025-10-16 11:21:30,4.22,52900,4.21,U
sz000100,TCL科技,2025-10-16 11:21:42,4.22,21700,4.21,U
sz000100,TCL科技,2025-10-16 11:22:00,4.22,42000,4.21,U
sz000100,TCL科技,2025-10-16 11:22:24,4.22,23000,4.21,U
sz000100,TCL科技,2025-10-16 11:22:30,4.22,59100,4.21,U
sz000100,TCL科技,2025-10-16 11:22:36,4.22,32600,4.21,U
sz000100,TCL科技,2025-10-16 11:22:51,4.22,59600,4.22,U
sz000100,TCL科技,2025-10-16 11:23:00,4.22,69400,4.21,U
sz000100,TCL科技,2025-10-16 11:23:06,4.21,32600,4.22,D
sz000100,TCL科技,2025-10-16 11:23:15,4.21,39200,4.21,D
sz000100,TCL科技,2025-10-16 11:23:30,4.21,44300,4.21,D
sz000100,TCL科技,2025-10-16 11:23:33,4.22,24400,4.21,U
sz000100,TCL科技,2025-10-16 11:23:36,4.21,34580,4.22,D
sz000100,TCL科技,2025-10-16 11:23:54,4.21,95100,4.22,D
sz000100,TCL科技,2025-10-16 11:24:00,4.21,57100,4.21,D
sz000100,TCL科技,2025-10-16 11:24:03,4.22,298600,4.21,U
sz000100,TCL科技,2025-10-16 11:24:06,4.22,71700,4.22,U
sz000100,TCL科技,2025-10-16 11:24:12,4.21,52100,4.21,D
sz000100,TCL科技,2025-10-16 11:24:21,4.21,25300,4.21,D
sz000100,TCL科技,2025-10-16 11:24:24,4.21,35600,4.21,D
sz000100,TCL科技,2025-10-16 11:24:30,4.22,109800,4.22,U
sz000100,TCL科技,2025-10-16 11:24:45,4.21,94700,4.22,D
sz000100,TCL科技,2025-10-16 11:25:00,4.22,41400,4.21,U
sz000100,TCL科技,2025-10-16 11:25:15,4.22,44200,4.21,U
sz000100,TCL科技,2025-10-16 11:25:27,4.21,57600,4.22,D
sz000100,TCL科技,2025-10-16 11:25:30,4.22,61900,4.21,U
sz000100,TCL科技,2025-10-16 11:25:36,4.22,35000,4.21,U
sz000100,TCL科技,2025-10-16 11:25:45,4.21,56500,4.22,D
sz000100,TCL科技,2025-10-16 11:25:57,4.21,28900,4.21,D
sz000100,TCL科技,2025-10-16 11:26:00,4.22,66300,4.21,U
sz000100,TCL科技,2025-10-16 11:26:03,4.21,30900,4.22,D
sz000100,TCL科技,2025-10-16 11:26:06,4.21,64300,4.21,D
sz000100,TCL科技,2025-10-16 11:26:18,4.22,43900,4.22,U
sz000100,TCL科技,2025-10-16 11:26:27,4.22,26000,4.21,U
sz000100,TCL科技,2025-10-16 11:26:30,4.22,73100,4.22,U
sz000100,TCL科技,2025-10-16 11:26:45,4.22,35800,4.22,U
sz000100,TCL科技,2025-10-16 11:27:00,4.21,78900,4.21,D
sz000100,TCL科技,2025-10-16 11:27:12,4.21,43200,4.21,D
sz000100,TCL科技,2025-10-16 11:27:15,4.21,40100,4.21,D
sz000100,TCL科技,2025-10-16 11:27:30,4.22,58000,4.22,U
sz000100,TCL科技,2025-10-16 11:27:39,4.22,35000,4.22,U
sz000100,TCL科技,2025-10-16 11:27:48,4.22,35200,4.21,U
sz000100,TCL科技,2025-10-16 11:27:51,4.21,47500,4.22,D
sz000100,TCL科技,2025-10-16 11:28:00,4.22,65700,4.21,U
sz000100,TCL科技,2025-10-16 11:28:09,4.21,31100,4.22,D
sz000100,TCL科技,2025-10-16 11:28:15,4.22,45300,4.21,U
sz000100,TCL科技,2025-10-16 11:28:21,4.22,22200,4.21,U
sz000100,TCL科技,2025-10-16 11:28:30,4.22,59300,4.21,U
sz000100,TCL科技,2025-10-16 11:28:42,4.22,38700,4.22,U
sz000100,TCL科技,2025-10-16 11:28:48,4.22,43100,4.21,U
sz000100,TCL科技,2025-10-16 11:28:54,4.21,21200,4.21,D
sz000100,TCL科技,2025-10-16 11:29:00,4.21,53700,4.21,D
sz000100,TCL科技,2025-10-16 11:29:06,4.22,61900,4.22,U
sz000100,TCL科技,2025-10-16 11:29:09,4.21,438600,4.22,D
sz000100,TCL科技,2025-10-16 11:29:12,4.21,132700,4.21,D
sz000100,TCL科技,2025-10-16 11:29:15,4.21,32600,4.21,D
sz000100,TCL科技,2025-10-16 11:29:18,4.22,68600,4.21,U
sz000100,TCL科技,2025-10-16 11:29:27,4.21,22100,4.22,D
sz000100,TCL科技,2025-10-16 11:29:30,4.22,44400,4.21,U
sz000100,TCL科技,2025-10-16 11:29:36,4.21,25800,4.22,D
sz000100,TCL科技,2025-10-16 11:29:45,4.21,51200,4.22,D
sz000100,TCL科技,2025-10-16 11:29:48,4.21,22500,4.21,D
sz000100,TCL科技,2025-10-16 11:29:51,4.21,147900,4.21,D
sz000100,TCL科技,2025-10-16 11:29:54,4.21,29400,4.21,D
sz000100,TCL科技,2025-10-16 11:29:57,4.21,22700,4.21,D
sz000100,TCL科技,2025-10-16 11:30:00,4.22,52700,4.21,U
sz000100,TCL科技,2025-10-16 13:00:00,4.22,2245360,4.22,U
sz000100,TCL科技,2025-10-16 13:00:03,4.21,1302483,4.22,D
sz000100,TCL科技,2025-10-16 13:00:06,4.22,150200,4.21,U
sz000100,TCL科技,2025-10-16 13:00:09,4.21,72100,4.22,D
sz000100,TCL科技,2025-10-16 13:00:12,4.22,100000,4.21,U
sz000100,TCL科技,2025-10-16 13:00:15,4.21,153248,4.22,D
sz000100,TCL科技,2025-10-16 13:00:18,4.21,54800,4.21,D
sz000100,TCL科技,2025-10-16 13:00:24,4.21,30700,4.21,D
sz000100,TCL科技,2025-10-16 13:00:27,4.22,39700,4.21,U
sz000100,TCL科技,2025-10-16 13:00:33,4.21,70500,4.21,D
sz000100,TCL科技,2025-10-16 13:00:36,4.21,126400,4.21,D
sz000100,TCL科技,2025-10-16 13:00:39,4.21,145100,4.21,D
sz000100,TCL科技,2025-10-16 13:00:45,4.21,175600,4.22,D
sz000100,TCL科技,2025-10-16 13:00:48,4.22,423000,4.21,U
sz000100,TCL科技,2025-10-16 13:01:03,4.21,280500,4.21,D
sz000100,TCL科技,2025-10-16 13:01:06,4.21,23800,4.21,D
sz000100,TCL科技,2025-10-16 13:01:15,4.21,31000,4.22,D
sz000100,TCL科技,2025-10-16 13:01:18,4.22,160400,4.21,U
sz000100,TCL科技,2025-10-16 13:01:27,4.22,42700,4.21,U
sz000100,TCL科技,2025-10-16 13:01:30,4.21,92100,4.22,D
sz000100,TCL科技,2025-10-16 13:01:33,4.22,106600,4.21,U
sz000100,TCL科技,2025-10-16 13:01:36,4.21,25000,4.22,D
sz000100,TCL科技,2025-10-16 13:01:45,4.21,24900,4.22,D
sz000100,TCL科技,2025-10-16 13:01:48,4.21,174600,4.21,D
sz000100,TCL科技,2025-10-16 13:01:57,4.21,68100,4.22,D
sz000100,TCL科技,2025-10-16 13:02:00,4.21,85100,4.21,D
sz000100,TCL科技,2025-10-16 13:02:03,4.21,34400,4.21,D
sz000100,TCL科技,2025-10-16 13:02:09,4.21,40100,4.21,D
sz000100,TCL科技,2025-10-16 13:02:18,4.22,84900,4.22,U
sz000100,TCL科技,2025-10-16 13:02:39,4.21,733000,4.21,D
sz000100,TCL科技,2025-10-16 13:02:42,4.21,437300,4.21,D
sz000100,TCL科技,2025-10-16 13:02:45,4.21,157300,4.21,D
sz000100,TCL科技,2025-10-16 13:02:48,4.22,82000,4.21,U
sz000100,TCL科技,2025-10-16 13:02:51,4.2,4628637,4.22,D
sz000100,TCL科技,2025-10-16 13:02:54,4.21,150100,4.2,U
sz000100,TCL科技,2025-10-16 13:02:57,4.2,84800,4.21,D
sz000100,TCL科技,2025-10-16 13:03:09,4.21,20500,4.2,U
sz000100,TCL科技,2025-10-16 13:03:15,4.21,72400,4.2,U
sz000100,TCL科技,2025-10-16 13:03:27,4.21,268900,4.21,U
sz000100,TCL科技,2025-10-16 13:03:36,4.2,20500,4.21,D
sz000100,TCL科技,2025-10-16 13:03:48,4.21,73500,4.21,U
sz000100,TCL科技,2025-10-16 13:04:15,4.21,32800,4.21,U
sz000100,TCL科技,2025-10-16 13:04:18,4.21,80600,4.21,U
sz000100,TCL科技,2025-10-16 13:04:33,4.21,32900,4.2,U
sz000100,TCL科技,2025-10-16 13:04:45,4.21,37700,4.21,U
sz000100,TCL科技,2025-10-16 13:04:51,4.2,62100,4.2,D
sz000100,TCL科技,2025-10-16 13:04:57,4.21,24200,4.2,U
sz000100,TCL科技,2025-10-16 13:05:06,4.2,21100,4.2,D
sz000100,TCL科技,2025-10-16 13:05:15,4.2,21200,4.2,D
sz000100,TCL科技,2025-10-16 13:05:18,4.2,96000,4.2,D
sz000100,TCL科技,2025-10-16 13:05:24,4.2,40300,4.2,D
sz000100,TCL科技,2025-10-16 13:05:27,4.2,24800,4.2,D
sz000100,TCL科技,2025-10-16 13:05:33,4.2,27900,4.2,D
sz000100,TCL科技,2025-10-16 13:05:39,4.2,24200,4.2,D
sz000100,TCL科技,2025-10-16 13:05:48,4.21,123800,4.2,U
sz000100,TCL科技,2025-10-16 13:05:51,4.2,27600,4.21,D
sz000100,TCL科技,2025-10-16 13:06:03,4.21,36400,4.2,U
sz000100,TCL科技,2025-10-16 13:06:15,4.21,71010,4.21,U
sz000100,TCL科技,2025-10-16 13:06:18,4.21,56800,4.21,U
sz000100,TCL科技,2025-10-16 13:06:21,4.2,46700,4.21,D
sz000100,TCL科技,2025-10-16 13:06:30,4.2,86400,4.2,D
sz000100,TCL科技,2025-10-16 13:06:51,4.21,46000,4.2,U
sz000100,TCL科技,2025-10-16 13:06:54,4.2,28300,4.21,D
sz000100,TCL科技,2025-10-16 13:07:09,4.2,124300,4.2,D
sz000100,TCL科技,2025-10-16 13:07:27,4.21,36600,4.2,U
sz000100,TCL科技,2025-10-16 13:07:30,4.2,32300,4.21,D
sz000100,TCL科技,2025-10-16 13:07:39,4.2,67200,4.2,D
sz000100,TCL科技,2025-10-16 13:07:57,4.2,25600,4.2,D
sz000100,TCL科技,2025-10-16 13:08:09,4.2,45100,4.2,D
sz000100,TCL科技,2025-10-16 13:08:12,4.2,48700,4.2,D
sz000100,TCL科技,2025-10-16 13:08:15,4.2,46800,4.2,D
sz000100,TCL科技,2025-10-16 13:08:30,4.2,21400,4.2,D
sz000100,TCL科技,2025-10-16 13:08:48,4.21,48200,4.2,U
sz000100,TCL科技,2025-10-16 13:08:51,4.21,437500,4.21,U
sz000100,TCL科技,2025-10-16 13:09:00,4.2,65200,4.21,D
sz000100,TCL科技,2025-10-16 13:09:03,4.2,67500,4.2,D
sz000100,TCL科技,2025-10-16 13:09:06,4.2,28000,4.2,D
sz000100,TCL科技,2025-10-16 13:09:09,4.21,22100,4.2,U
sz000100,TCL科技,2025-10-16 13:09:12,4.21,48100,4.21,U
sz000100,TCL科技,2025-10-16 13:09:24,4.21,52400,4.21,U
sz000100,TCL科技,2025-10-16 13:09:27,4.2,33000,4.21,D
sz000100,TCL科技,2025-10-16 13:09:30,4.2,23100,4.2,D
sz000100,TCL科技,2025-10-16 13:09:36,4.2,51620,4.2,D
sz000100,TCL科技,2025-10-16 13:10:03,4.21,29300,4.21,U
sz000100,TCL科技,2025-10-16 13:10:27,4.2,20400,4.21,D
sz000100,TCL科技,2025-10-16 13:10:30,4.2,29100,4.2,D
sz000100,TCL科技,2025-10-16 13:10:36,4.2,33000,4.21,D
sz000100,TCL科技,2025-10-16 13:10:39,4.21,58730,4.2,U
sz000100,TCL科技,2025-10-16 13:10:42,4.21,33100,4.21,U
sz000100,TCL科技,2025-10-16 13:10:45,4.21,24600,4.21,U
sz000100,TCL科技,2025-10-16 13:10:51,4.2,20100,4.21,D
sz000100,TCL科技,2025-10-16 13:11:00,4.2,39600,4.21,D
sz000100,TCL科技,2025-10-16 13:11:03,4.2,35220,4.2,D
sz000100,TCL科技,2025-10-16 13:11:24,4.2,31800,4.21,D
sz000100,TCL科技,2025-10-16 13:11:30,4.2,240800,4.2,D
sz000100,TCL科技,2025-10-16 13:11:33,4.2,30400,4.2,D
sz000100,TCL科技,2025-10-16 13:11:36,4.21,70800,4.2,U
sz000100,TCL科技,2025-10-16 13:11:39,4.2,31800,4.21,D
sz000100,TCL科技,2025-10-16 13:11:42,4.2,28900,4.2,D
sz000100,TCL科技,2025-10-16 13:11:54,4.21,149400,4.21,U
sz000100,TCL科技,2025-10-16 13:12:15,4.21,28500,4.2,U
sz000100,TCL科技,2025-10-16 13:12:21,4.2,1406700,4.2,D
sz000100,TCL科技,2025-10-16 13:12:24,4.2,26300,4.2,D
sz000100,TCL科技,2025-10-16 13:12:27,4.2,21900,4.2,D
sz000100,TCL科技,2025-10-16 13:12:30,4.2,80500,4.2,D
sz000100,TCL科技,2025-10-16 13:12:36,4.2,29400,4.21,D
sz000100,TCL科技,2025-10-16 13:12:42,4.2,76700,4.2,D
sz000100,TCL科技,2025-10-16 13:12:51,4.21,102600,4.2,U
sz000100,TCL科技,2025-10-16 13:12:54,4.2,49800,4.21,D
sz000100,TCL科技,2025-10-16 13:13:00,4.2,26200,4.21,D
sz000100,TCL科技,2025-10-16 13:13:06,4.2,86340,4.2,D
sz000100,TCL科技,2025-10-16 13:13:09,4.21,30500,4.2,U
sz000100,TCL科技,2025-10-16 13:13:12,4.2,110100,4.21,D
sz000100,TCL科技,2025-10-16 13:13:24,4.21,42300,4.21,U
sz000100,TCL科技,2025-10-16 13:13:30,4.21,44600,4.21,U
sz000100,TCL科技,2025-10-16 13:13:45,4.2,29300,4.2,D
sz000100,TCL科技,2025-10-16 13:13:57,4.2,21600,4.2,D
sz000100,TCL科技,2025-10-16 13:14:03,4.2,21600,4.21,D
sz000100,TCL科技,2025-10-16 13:14:06,4.2,41100,4.2,D
sz000100,TCL科技,2025-10-16 13:14:09,4.2,29400,4.2,D
sz000100,TCL科技,2025-10-16 13:14:18,4.2,29930,4.2,D
sz000100,TCL科技,2025-10-16 13:14:21,4.21,47300,4.2,U
sz000100,TCL科技,2025-10-16 13:14:30,4.2,43300,4.2,D
sz000100,TCL科技,2025-10-16 13:14:33,4.2,263010,4.2,D
sz000100,TCL科技,2025-10-16 13:14:36,4.2,43000,4.2,D
sz000100,TCL科技,2025-10-16 13:14:39,4.2,21000,4.2,D
sz000100,TCL科技,2025-10-16 13:14:42,4.2,34900,4.2,D
sz000100,TCL科技,2025-10-16 13:14:48,4.2,30000,4.21,D
sz000100,TCL科技,2025-10-16 13:14:51,4.2,62000,4.2,D
sz000100,TCL科技,2025-10-16 13:14:57,4.2,38800,4.2,D
sz000100,TCL科技,2025-10-16 13:15:06,4.2,131940,4.2,D
sz000100,TCL科技,2025-10-16 13:15:09,4.2,79300,4.2,D
sz000100,TCL科技,2025-10-16 13:15:15,4.2,90900,4.21,D
sz000100,TCL科技,2025-10-16 13:15:24,4.21,25800,4.2,U
sz000100,TCL科技,2025-10-16 13:15:30,4.2,54200,4.2,D
sz000100,TCL科技,2025-10-16 13:15:33,4.2,114700,4.2,D
sz000100,TCL科技,2025-10-16 13:15:45,4.21,31600,4.2,U
sz000100,TCL科技,2025-10-16 13:15:54,4.2,72300,4.21,D
sz000100,TCL科技,2025-10-16 13:15:57,4.2,38800,4.2,D
sz000100,TCL科技,2025-10-16 13:16:06,4.2,36100,4.2,D
sz000100,TCL科技,2025-10-16 13:16:09,4.2,921500,4.2,D
sz000100,TCL科技,2025-10-16 13:16:12,4.2,9850200,4.2,D
sz000100,TCL科技,2025-10-16 13:16:15,4.2,6084600,4.2,D
sz000100,TCL科技,2025-10-16 13:16:18,4.2,1458400,4.2,D
sz000100,TCL科技,2025-10-16 13:16:21,4.2,563600,4.2,D
sz000100,TCL科技,2025-10-16 13:16:24,4.2,180600,4.2,D
sz000100,TCL科技,2025-10-16 13:16:27,4.2,1523000,4.2,D
sz000100,TCL科技,2025-10-16 13:16:30,4.19,2745003,4.2,D
sz000100,TCL科技,2025-10-16 13:16:33,4.19,92300,4.19,D
sz000100,TCL科技,2025-10-16 13:16:45,4.19,48200,4.19,D
sz000100,TCL科技,2025-10-16 13:16:51,4.19,30100,4.19,D
sz000100,TCL科技,2025-10-16 13:16:54,4.2,23500,4.19,U
sz000100,TCL科技,2025-10-16 13:17:00,4.2,76000,4.19,U
sz000100,TCL科技,2025-10-16 13:17:27,4.19,53000,4.19,D
sz000100,TCL科技,2025-10-16 13:17:30,4.19,63200,4.19,D
sz000100,TCL科技,2025-10-16 13:17:36,4.19,67500,4.2,D
sz000100,TCL科技,2025-10-16 13:17:39,4.19,245000,4.19,D
sz000100,TCL科技,2025-10-16 13:17:48,4.2,46300,4.19,U
sz000100,TCL科技,2025-10-16 13:17:57,4.19,20500,4.2,D
sz000100,TCL科技,2025-10-16 13:18:06,4.19,35800,4.2,D
sz000100,TCL科技,2025-10-16 13:18:09,4.2,58900,4.19,U
sz000100,TCL科技,2025-10-16 13:18:12,4.19,25200,4.2,D
sz000100,TCL科技,2025-10-16 13:18:21,4.19,38400,4.19,D
sz000100,TCL科技,2025-10-16 13:18:30,4.19,102700,4.19,D
sz000100,TCL科技,2025-10-16 13:18:33,4.19,429100,4.19,D
sz000100,TCL科技,2025-10-16 13:18:48,4.19,30400,4.19,D
sz000100,TCL科技,2025-10-16 13:18:51,4.19,41500,4.19,D
sz000100,TCL科技,2025-10-16 13:19:03,4.2,44100,4.19,U
sz000100,TCL科技,2025-10-16 13:19:09,4.2,30200,4.2,U
sz000100,TCL科技,2025-10-16 13:19:12,4.19,535300,4.2,D
sz000100,TCL科技,2025-10-16 13:19:15,4.19,68100,4.19,D
sz000100,TCL科技,2025-10-16 13:19:21,4.19,22800,4.19,D
sz000100,TCL科技,2025-10-16 13:19:24,4.2,51800,4.19,U
sz000100,TCL科技,2025-10-16 13:19:30,4.19,51700,4.2,D
sz000100,TCL科技,2025-10-16 13:19:36,4.2,45100,4.19,U
sz000100,TCL科技,2025-10-16 13:19:39,4.19,55000,4.2,D
sz000100,TCL科技,2025-10-16 13:19:45,4.2,37600,4.2,U
sz000100,TCL科技,2025-10-16 13:19:48,4.2,63200,4.2,U
sz000100,TCL科技,2025-10-16 13:20:00,4.19,478600,4.2,D
sz000100,TCL科技,2025-10-16 13:20:03,4.19,30700,4.19,D
sz000100,TCL科技,2025-10-16 13:20:06,4.2,41400,4.19,U
sz000100,TCL科技,2025-10-16 13:20:21,4.2,23100,4.2,U
sz000100,TCL科技,2025-10-16 13:20:33,4.19,43900,4.2,D
sz000100,TCL科技,2025-10-16 13:20:42,4.2,27500,4.2,U
sz000100,TCL科技,2025-10-16 13:20:45,4.2,27600,4.2,U
sz000100,TCL科技,2025-10-16 13:20:48,4.2,25000,4.2,U
sz000100,TCL科技,2025-10-16 13:20:54,4.19,22700,4.19,D
sz000100,TCL科技,2025-10-16 13:21:12,4.2,60900,4.19,U
sz000100,TCL科技,2025-10-16 13:21:18,4.2,71100,4.2,U
sz000100,TCL科技,2025-10-16 13:21:21,4.2,142800,4.2,U
sz000100,TCL科技,2025-10-16 13:21:30,4.19,249700,4.2,D
sz000100,TCL科技,2025-10-16 13:21:36,4.2,109700,4.19,U
sz000100,TCL科技,2025-10-16 13:21:39,4.2,95840,4.2,U
sz000100,TCL科技,2025-10-16 13:21:42,4.19,126700,4.2,D
sz000100,TCL科技,2025-10-16 13:21:45,4.2,106900,4.19,U
sz000100,TCL科技,2025-10-16 13:21:48,4.2,56300,4.2,U
sz000100,TCL科技,2025-10-16 13:21:51,4.2,50600,4.2,U
sz000100,TCL科技,2025-10-16 13:21:54,4.19,45800,4.2,D
sz000100,TCL科技,2025-10-16 13:21:57,4.2,27800,4.19,U
sz000100,TCL科技,2025-10-16 13:22:00,4.2,84800,4.2,U
sz000100,TCL科技,2025-10-16 13:22:03,4.2,20800,4.2,U
sz000100,TCL科技,2025-10-16 13:22:06,4.19,132900,4.2,D
sz000100,TCL科技,2025-10-16 13:22:09,4.19,28600,4.19,D
sz000100,TCL科技,2025-10-16 13:22:18,4.2,29800,4.2,U
sz000100,TCL科技,2025-10-16 13:22:21,4.2,40100,4.2,U
sz000100,TCL科技,2025-10-16 13:22:24,4.19,36400,4.2,D
sz000100,TCL科技,2025-10-16 13:22:30,4.2,40900,4.19,U
sz000100,TCL科技,2025-10-16 13:22:36,4.2,25300,4.2,U
sz000100,TCL科技,2025-10-16 13:22:39,4.19,79600,4.2,D
sz000100,TCL科技,2025-10-16 13:22:42,4.19,40600,4.19,D
sz000100,TCL科技,2025-10-16 13:22:48,4.2,208300,4.2,U
sz000100,TCL科技,2025-10-16 13:22:51,4.2,60200,4.2,U
sz000100,TCL科技,2025-10-16 13:22:54,4.2,117700,4.2,U
sz000100,TCL科技,2025-10-16 13:22:57,4.2,153700,4.2,U
sz000100,TCL科技,2025-10-16 13:23:00,4.19,31800,4.2,D
sz000100,TCL科技,2025-10-16 13:23:03,4.19,138200,4.19,D
sz000100,TCL科技,2025-10-16 13:23:06,4.2,84600,4.19,U
sz000100,TCL科技,2025-10-16 13:23:09,4.2,61000,4.2,U
sz000100,TCL科技,2025-10-16 13:23:18,4.2,69200,4.2,U
sz000100,TCL科技,2025-10-16 13:23:21,4.2,34600,4.2,U
sz000100,TCL科技,2025-10-16 13:23:39,4.2,20400,4.19,U
sz000100,TCL科技,2025-10-16 13:23:42,4.19,64400,4.2,D
sz000100,TCL科技,2025-10-16 13:23:45,4.19,23700,4.19,D
sz000100,TCL科技,2025-10-16 13:23:48,4.19,121000,4.19,D
sz000100,TCL科技,2025-10-16 13:23:51,4.19,46100,4.19,D
sz000100,TCL科技,2025-10-16 13:23:54,4.2,58500,4.19,U
sz000100,TCL科技,2025-10-16 13:24:03,4.2,72330,4.19,U
sz000100,TCL科技,2025-10-16 13:24:06,4.19,55200,4.2,D
sz000100,TCL科技,2025-10-16 13:24:09,4.2,62300,4.19,U
sz000100,TCL科技,2025-10-16 13:24:15,4.2,28300,4.2,U
sz000100,TCL科技,2025-10-16 13:24:18,4.19,22900,4.2,D
sz000100,TCL科技,2025-10-16 13:24:51,4.2,141700,4.19,U
sz000100,TCL科技,2025-10-16 13:24:54,4.19,24700,4.2,D
sz000100,TCL科技,2025-10-16 13:25:00,4.2,25700,4.19,U
sz000100,TCL科技,2025-10-16 13:25:24,4.19,57200,4.19,D
sz000100,TCL科技,2025-10-16 13:25:30,4.19,22700,4.2,D
sz000100,TCL科技,2025-10-16 13:25:45,4.19,29300,4.2,D
sz000100,TCL科技,2025-10-16 13:25:48,4.2,28700,4.19,U
sz000100,TCL科技,2025-10-16 13:26:12,4.2,41700,4.2,U
sz000100,TCL科技,2025-10-16 13:26:21,4.19,23400,4.2,D
sz000100,TCL科技,2025-10-16 13:26:30,4.19,26300,4.19,D
sz000100,TCL科技,2025-10-16 13:26:51,4.2,30200,4.2,U
sz000100,TCL科技,2025-10-16 13:26:57,4.2,53900,4.19,U
sz000100,TCL科技,2025-10-16 13:27:03,4.19,25500,4.2,D
sz000100,TCL科技,2025-10-16 13:27:15,4.2,31500,4.2,U
sz000100,TCL科技,2025-10-16 13:27:30,4.19,22000,4.19,D
sz000100,TCL科技,2025-10-16 13:27:33,4.2,47100,4.19,U
sz000100,TCL科技,2025-10-16 13:27:36,4.19,27700,4.2,D
sz000100,TCL科技,2025-10-16 13:27:51,4.19,21200,4.2,D
sz000100,TCL科技,2025-10-16 13:27:54,4.2,255700,4.19,U
sz000100,TCL科技,2025-10-16 13:27:57,4.19,55600,4.2,D
sz000100,TCL科技,2025-10-16 13:28:12,4.19,21400,4.19,D
sz000100,TCL科技,2025-10-16 13:28:18,4.19,63300,4.19,D
sz000100,TCL科技,2025-10-16 13:28:24,4.19,257800,4.19,D
sz000100,TCL科技,2025-10-16 13:28:36,4.19,42100,4.19,D
sz000100,TCL科技,2025-10-16 13:28:45,4.2,54200,4.2,U
sz000100,TCL科技,2025-10-16 13:28:51,4.2,25900,4.2,U
sz000100,TCL科技,2025-10-16 13:28:54,4.19,53500,4.2,D
sz000100,TCL科技,2025-10-16 13:29:03,4.19,53500,4.19,D
sz000100,TCL科技,2025-10-16 13:29:21,4.19,199700,4.19,D
sz000100,TCL科技,2025-10-16 13:29:33,4.19,47800,4.19,D
sz000100,TCL科技,2025-10-16 13:29:39,4.2,34300,4.19,U
sz000100,TCL科技,2025-10-16 13:29:42,4.19,47800,4.2,D
sz000100,TCL科技,2025-10-16 13:29:48,4.19,20400,4.19,D
sz000100,TCL科技,2025-10-16 13:30:00,4.19,40900,4.2,D
sz000100,TCL科技,2025-10-16 13:30:03,4.2,231100,4.19,U
sz000100,TCL科技,2025-10-16 13:30:12,4.19,24300,4.19,D
sz000100,TCL科技,2025-10-16 13:30:15,4.19,42600,4.19,D
sz000100,TCL科技,2025-10-16 13:30:21,4.19,20900,4.2,D
sz000100,TCL科技,2025-10-16 13:30:33,4.2,62900,4.2,U
sz000100,TCL科技,2025-10-16 13:30:36,4.2,68300,4.2,U
sz000100,TCL科技,2025-10-16 13:30:48,4.19,24300,4.19,D
sz000100,TCL科技,2025-10-16 13:30:57,4.2,49500,4.19,U
sz000100,TCL科技,2025-10-16 13:31:03,4.19,44800,4.2,D
sz000100,TCL科技,2025-10-16 13:31:15,4.19,180400,4.2,D
sz000100,TCL科技,2025-10-16 13:31:21,4.2,23400,4.19,U
sz000100,TCL科技,2025-10-16 13:31:24,4.19,45300,4.2,D
sz000100,TCL科技,2025-10-16 13:31:30,4.2,25800,4.2,U
sz000100,TCL科技,2025-10-16 13:31:39,4.19,32600,4.19,D
sz000100,TCL科技,2025-10-16 13:32:00,4.19,23900,4.19,D
sz000100,TCL科技,2025-10-16 13:32:03,4.19,29600,4.19,D
sz000100,TCL科技,2025-10-16 13:32:06,4.19,64000,4.19,D
sz000100,TCL科技,2025-10-16 13:32:12,4.2,51500,4.2,U
sz000100,TCL科技,2025-10-16 13:32:24,4.2,20700,4.2,U
sz000100,TCL科技,2025-10-16 13:32:27,4.2,34700,4.2,U
sz000100,TCL科技,2025-10-16 13:32:30,4.2,34400,4.2,U
sz000100,TCL科技,2025-10-16 13:32:39,4.19,81300,4.2,D
sz000100,TCL科技,2025-10-16 13:32:42,4.2,26600,4.19,U
sz000100,TCL科技,2025-10-16 13:32:45,4.2,31000,4.2,U
sz000100,TCL科技,2025-10-16 13:32:48,4.19,36300,4.2,D
sz000100,TCL科技,2025-10-16 13:33:39,4.19,27900,4.19,D
sz000100,TCL科技,2025-10-16 13:33:42,4.2,35200,4.19,U
sz000100,TCL科技,2025-10-16 13:33:45,4.2,31000,4.2,U
sz000100,TCL科技,2025-10-16 13:34:06,4.19,22800,4.2,D
sz000100,TCL科技,2025-10-16 13:34:12,4.2,36700,4.19,U
sz000100,TCL科技,2025-10-16 13:34:18,4.2,26000,4.2,U
sz000100,TCL科技,2025-10-16 13:34:21,4.19,70900,4.2,D
sz000100,TCL科技,2025-10-16 13:34:27,4.2,26000,4.19,U
sz000100,TCL科技,2025-10-16 13:34:30,4.2,66000,4.2,U
sz000100,TCL科技,2025-10-16 13:34:33,4.19,160150,4.2,D
sz000100,TCL科技,2025-10-16 13:34:36,4.2,22100,4.19,U
sz000100,TCL科技,2025-10-16 13:34:42,4.2,50900,4.2,U
sz000100,TCL科技,2025-10-16 13:34:48,4.2,38100,4.2,U
sz000100,TCL科技,2025-10-16 13:34:51,4.2,229500,4.2,U
sz000100,TCL科技,2025-10-16 13:34:54,4.19,53200,4.2,D
sz000100,TCL科技,2025-10-16 13:35:00,4.2,119700,4.19,U
sz000100,TCL科技,2025-10-16 13:35:03,4.2,68200,4.2,U
sz000100,TCL科技,2025-10-16 13:35:06,4.2,22600,4.2,U
sz000100,TCL科技,2025-10-16 13:35:12,4.2,128300,4.2,U
sz000100,TCL科技,2025-10-16 13:35:15,4.19,1876100,4.2,D
sz000100,TCL科技,2025-10-16 13:35:18,4.2,24800,4.19,U
sz000100,TCL科技,2025-10-16 13:35:21,4.19,42100,4.2,D
sz000100,TCL科技,2025-10-16 13:35:24,4.2,240200,4.19,U
sz000100,TCL科技,2025-10-16 13:35:27,4.2,959900,4.2,U
sz000100,TCL科技,2025-10-16 13:35:30,4.2,1151100,4.2,U
sz000100,TCL科技,2025-10-16 13:35:33,4.2,996200,4.2,U
sz000100,TCL科技,2025-10-16 13:35:36,4.2,1183070,4.2,U
sz000100,TCL科技,2025-10-16 13:35:39,4.21,34200,4.2,U
sz000100,TCL科技,2025-10-16 13:35:48,4.21,2116800,4.21,U
sz000100,TCL科技,2025-10-16 13:35:51,4.21,117000,4.21,U
sz000100,TCL科技,2025-10-16 13:35:54,4.21,448100,4.21,U
sz000100,TCL科技,2025-10-16 13:36:03,4.2,365400,4.21,D
sz000100,TCL科技,2025-10-16 13:36:15,4.21,28800,4.21,U
sz000100,TCL科技,2025-10-16 13:36:24,4.2,504100,4.2,D
sz000100,TCL科技,2025-10-16 13:36:27,4.2,160000,4.2,D
sz000100,TCL科技,2025-10-16 13:36:30,4.21,77600,4.2,U
sz000100,TCL科技,2025-10-16 13:36:33,4.21,55500,4.21,U
sz000100,TCL科技,2025-10-16 13:36:36,4.21,34600,4.21,U
sz000100,TCL科技,2025-10-16 13:36:48,4.2,127700,4.2,D
sz000100,TCL科技,2025-10-16 13:36:51,4.21,46500,4.2,U
sz000100,TCL科技,2025-10-16 13:37:03,4.2,96500,4.21,D
sz000100,TCL科技,2025-10-16 13:37:36,4.2,23590,4.2,D
sz000100,TCL科技,2025-10-16 13:37:57,4.2,138100,4.2,D
sz000100,TCL科技,2025-10-16 13:38:03,4.2,1245800,4.2,D
sz000100,TCL科技,2025-10-16 13:38:06,4.2,90200,4.2,D
sz000100,TCL科技,2025-10-16 13:38:09,4.21,84300,4.2,U
sz000100,TCL科技,2025-10-16 13:38:12,4.2,77800,4.21,D
sz000100,TCL科技,2025-10-16 13:38:15,4.2,49000,4.2,D
sz000100,TCL科技,2025-10-16 13:38:18,4.2,110700,4.2,D
sz000100,TCL科技,2025-10-16 13:38:24,4.2,57700,4.2,D
sz000100,TCL科技,2025-10-16 13:38:30,4.21,26700,4.2,U
sz000100,TCL科技,2025-10-16 13:38:33,4.2,299300,4.21,D
sz000100,TCL科技,2025-10-16 13:38:36,4.2,136200,4.2,D
sz000100,TCL科技,2025-10-16 13:38:45,4.2,42900,4.2,D
sz000100,TCL科技,2025-10-16 13:38:51,4.2,170600,4.2,D
sz000100,TCL科技,2025-10-16 13:38:54,4.2,386200,4.2,D
sz000100,TCL科技,2025-10-16 13:38:57,4.2,386000,4.2,D
sz000100,TCL科技,2025-10-16 13:39:12,4.2,25300,4.2,U
sz000100,TCL科技,2025-10-16 13:39:24,4.19,44200,4.2,D
sz000100,TCL科技,2025-10-16 13:39:30,4.2,37300,4.2,U
sz000100,TCL科技,2025-10-16 13:39:33,4.2,50100,4.2,U
sz000100,TCL科技,2025-10-16 13:39:36,4.2,44700,4.2,U
sz000100,TCL科技,2025-10-16 13:39:39,4.2,94100,4.2,U
sz000100,TCL科技,2025-10-16 13:39:45,4.2,35000,4.2,U
sz000100,TCL科技,2025-10-16 13:39:54,4.2,25500,4.19,U
sz000100,TCL科技,2025-10-16 13:40:03,4.19,23800,4.2,D
sz000100,TCL科技,2025-10-16 13:40:06,4.2,27800,4.19,U
sz000100,TCL科技,2025-10-16 13:40:12,4.19,47500,4.19,D
sz000100,TCL科技,2025-10-16 13:40:36,4.2,27500,4.2,U
sz000100,TCL科技,2025-10-16 13:40:54,4.19,21400,4.2,D
sz000100,TCL科技,2025-10-16 13:41:09,4.2,20800,4.2,U
sz000100,TCL科技,2025-10-16 13:41:54,4.19,20500,4.19,D
sz000100,TCL科技,2025-10-16 13:41:57,4.2,23100,4.19,U
sz000100,TCL科技,2025-10-16 13:42:00,4.19,31600,4.2,D
sz000100,TCL科技,2025-10-16 13:42:15,4.2,84500,4.19,U
sz000100,TCL科技,2025-10-16 13:42:18,4.2,39900,4.2,U
sz000100,TCL科技,2025-10-16 13:42:24,4.19,33300,4.19,D
sz000100,TCL科技,2025-10-16 13:42:27,4.2,35900,4.19,U
sz000100,TCL科技,2025-10-16 13:42:30,4.19,30000,4.2,D
sz000100,TCL科技,2025-10-16 13:42:42,4.2,38100,4.2,U
sz000100,TCL科技,2025-10-16 13:42:48,4.19,24200,4.2,D
sz000100,TCL科技,2025-10-16 13:43:12,4.2,111100,4.2,U
sz000100,TCL科技,2025-10-16 13:43:24,4.2,58200,4.2,U
sz000100,TCL科技,2025-10-16 13:43:27,4.2,49200,4.2,U
sz000100,TCL科技,2025-10-16 13:43:30,4.19,188900,4.2,D
sz000100,TCL科技,2025-10-16 13:43:33,4.2,32100,4.19,U
sz000100,TCL科技,2025-10-16 13:43:36,4.2,63500,4.2,U
sz000100,TCL科技,2025-10-16 13:43:39,4.2,109700,4.2,U
sz000100,TCL科技,2025-10-16 13:43:45,4.2,41900,4.19,U
sz000100,TCL科技,2025-10-16 13:43:57,4.2,160500,4.2,U
sz000100,TCL科技,2025-10-16 13:44:00,4.19,20300,4.2,D
sz000100,TCL科技,2025-10-16 13:44:03,4.2,20000,4.19,U
sz000100,TCL科技,2025-10-16 13:44:09,4.2,96800,4.19,U
sz000100,TCL科技,2025-10-16 13:44:12,4.19,30000,4.2,D
sz000100,TCL科技,2025-10-16 13:44:27,4.2,37500,4.2,U
sz000100,TCL科技,2025-10-16 13:44:48,4.2,39900,4.19,U
sz000100,TCL科技,2025-10-16 13:44:51,4.19,446600,4.2,D
sz000100,TCL科技,2025-10-16 13:45:15,4.2,91600,4.2,U
sz000100,TCL科技,2025-10-16 13:45:21,4.19,34500,4.2,D
sz000100,TCL科技,2025-10-16 13:45:24,4.2,138300,4.19,U
sz000100,TCL科技,2025-10-16 13:45:30,4.19,115900,4.2,D
sz000100,TCL科技,2025-10-16 13:45:33,4.2,183700,4.19,U
sz000100,TCL科技,2025-10-16 13:45:36,4.19,21600,4.2,D
sz000100,TCL科技,2025-10-16 13:45:54,4.19,82500,4.2,D
sz000100,TCL科技,2025-10-16 13:45:57,4.19,49400,4.19,D
sz000100,TCL科技,2025-10-16 13:46:18,4.2,24600,4.19,U
sz000100,TCL科技,2025-10-16 13:46:21,4.2,62700,4.2,U
sz000100,TCL科技,2025-10-16 13:46:27,4.19,253800,4.2,D
sz000100,TCL科技,2025-10-16 13:46:33,4.2,37100,4.2,U
sz000100,TCL科技,2025-10-16 13:46:36,4.2,35600,4.2,U
sz000100,TCL科技,2025-10-16 13:46:42,4.2,34500,4.2,U
sz000100,TCL科技,2025-10-16 13:46:48,4.2,281200,4.2,U
sz000100,TCL科技,2025-10-16 13:46:54,4.2,45500,4.19,U
sz000100,TCL科技,2025-10-16 13:47:27,4.2,220000,4.19,U
sz000100,TCL科技,2025-10-16 13:47:48,4.19,375300,4.19,D
sz000100,TCL科技,2025-10-16 13:47:51,4.19,39200,4.19,D
sz000100,TCL科技,2025-10-16 13:48:21,4.2,20400,4.19,U
sz000100,TCL科技,2025-10-16 13:48:39,4.2,47500,4.2,U
sz000100,TCL科技,2025-10-16 13:48:42,4.19,219100,4.2,D
sz000100,TCL科技,2025-10-16 13:49:06,4.19,21500,4.2,D
sz000100,TCL科技,2025-10-16 13:49:09,4.2,34100,4.19,U
sz000100,TCL科技,2025-10-16 13:49:12,4.2,32500,4.2,U
sz000100,TCL科技,2025-10-16 13:49:27,4.2,22500,4.2,U
sz000100,TCL科技,2025-10-16 13:49:33,4.2,65900,4.2,U
sz000100,TCL科技,2025-10-16 13:49:45,4.19,32300,4.2,D
sz000100,TCL科技,2025-10-16 13:49:57,4.19,103500,4.19,D
sz000100,TCL科技,2025-10-16 13:50:12,4.2,58300,4.19,U
sz000100,TCL科技,2025-10-16 13:50:21,4.2,253700,4.2,U
sz000100,TCL科技,2025-10-16 13:50:39,4.2,25500,4.19,U
sz000100,TCL科技,2025-10-16 13:51:00,4.2,20600,4.2,U
sz000100,TCL科技,2025-10-16 13:51:18,4.19,56600,4.2,D
sz000100,TCL科技,2025-10-16 13:51:21,4.2,30100,4.19,U
sz000100,TCL科技,2025-10-16 13:51:30,4.2,807000,4.2,U
sz000100,TCL科技,2025-10-16 13:51:33,4.2,23400,4.2,U
sz000100,TCL科技,2025-10-16 13:51:36,4.2,27500,4.2,U
sz000100,TCL科技,2025-10-16 13:51:39,4.2,33900,4.2,U
sz000100,TCL科技,2025-10-16 13:51:42,4.2,46500,4.2,U
sz000100,TCL科技,2025-10-16 13:51:45,4.2,1413810,4.2,U
sz000100,TCL科技,2025-10-16 13:51:48,4.2,295000,4.2,D
sz000100,TCL科技,2025-10-16 13:51:51,4.2,33800,4.2,D
sz000100,TCL科技,2025-10-16 13:51:54,4.2,43800,4.2,U
sz000100,TCL科技,2025-10-16 13:51:57,4.2,78200,4.2,U
sz000100,TCL科技,2025-10-16 13:52:00,4.2,74700,4.2,U
sz000100,TCL科技,2025-10-16 13:52:03,4.2,70900,4.2,U
sz000100,TCL科技,2025-10-16 13:52:06,4.2,60000,4.2,D
sz000100,TCL科技,2025-10-16 13:52:09,4.2,202900,4.2,U
sz000100,TCL科技,2025-10-16 13:52:12,4.2,28200,4.2,U
sz000100,TCL科技,2025-10-16 13:52:15,4.2,41900,4.2,U
sz000100,TCL科技,2025-10-16 13:52:18,4.2,72000,4.2,D
sz000100,TCL科技,2025-10-16 13:52:27,4.21,29200,4.21,U
sz000100,TCL科技,2025-10-16 13:52:30,4.21,20600,4.21,U
sz000100,TCL科技,2025-10-16 13:52:36,4.2,42100,4.21,D
sz000100,TCL科技,2025-10-16 13:52:39,4.2,43200,4.2,D
sz000100,TCL科技,2025-10-16 13:52:48,4.2,23300,4.2,D
sz000100,TCL科技,2025-10-16 13:52:51,4.2,266200,4.2,D
sz000100,TCL科技,2025-10-16 13:52:54,4.2,38300,4.2,D
sz000100,TCL科技,2025-10-16 13:53:06,4.2,20700,4.21,D
sz000100,TCL科技,2025-10-16 13:53:15,4.2,28700,4.21,D
sz000100,TCL科技,2025-10-16 13:53:24,4.2,25100,4.21,D
sz000100,TCL科技,2025-10-16 13:53:51,4.2,33100,4.21,D
sz000100,TCL科技,2025-10-16 13:54:06,4.2,32000,4.2,D
sz000100,TCL科技,2025-10-16 13:54:18,4.2,40900,4.21,D
sz000100,TCL科技,2025-10-16 13:54:45,4.2,32900,4.2,D
sz000100,TCL科技,2025-10-16 13:54:51,4.2,34600,4.2,D
sz000100,TCL科技,2025-10-16 13:54:54,4.21,34600,4.2,U
sz000100,TCL科技,2025-10-16 13:55:24,4.21,37900,4.21,U
sz000100,TCL科技,2025-10-16 13:55:27,4.2,70400,4.21,D
sz000100,TCL科技,2025-10-16 13:55:51,4.21,286300,4.21,U
sz000100,TCL科技,2025-10-16 13:56:03,4.21,278300,4.21,U
sz000100,TCL科技,2025-10-16 13:56:21,4.21,302500,4.21,U
sz000100,TCL科技,2025-10-16 13:56:36,4.21,157800,4.21,U
sz000100,TCL科技,2025-10-16 13:56:48,4.21,25700,4.21,U
sz000100,TCL科技,2025-10-16 13:56:51,4.21,288700,4.21,U
sz000100,TCL科技,2025-10-16 13:57:00,4.21,130700,4.21,U
sz000100,TCL科技,2025-10-16 13:57:18,4.2,25700,4.21,D
sz000100,TCL科技,2025-10-16 13:57:21,4.21,25800,4.2,U
sz000100,TCL科技,2025-10-16 13:57:27,4.2,28300,4.2,D
sz000100,TCL科技,2025-10-16 13:57:33,4.2,20600,4.21,D
sz000100,TCL科技,2025-10-16 13:57:45,4.21,23500,4.2,U
sz000100,TCL科技,2025-10-16 13:58:00,4.21,44400,4.2,U
sz000100,TCL科技,2025-10-16 13:58:09,4.2,37500,4.2,D
sz000100,TCL科技,2025-10-16 13:58:15,4.21,35100,4.21,U
sz000100,TCL科技,2025-10-16 13:58:18,4.21,28600,4.21,U
sz000100,TCL科技,2025-10-16 13:58:36,4.2,723600,4.21,D
sz000100,TCL科技,2025-10-16 13:58:39,4.2,328100,4.2,D
sz000100,TCL科技,2025-10-16 13:58:42,4.21,24700,4.2,U
sz000100,TCL科技,2025-10-16 13:58:48,4.2,111700,4.2,D
sz000100,TCL科技,2025-10-16 13:58:51,4.2,63500,4.2,D
sz000100,TCL科技,2025-10-16 13:59:03,4.21,366100,4.21,U
sz000100,TCL科技,2025-10-16 13:59:06,4.21,163200,4.21,U
sz000100,TCL科技,2025-10-16 13:59:09,4.2,52500,4.21,D
sz000100,TCL科技,2025-10-16 13:59:12,4.2,31800,4.2,D
sz000100,TCL科技,2025-10-16 13:59:15,4.2,53700,4.2,D
sz000100,TCL科技,2025-10-16 13:59:18,4.2,28300,4.2,D
sz000100,TCL科技,2025-10-16 13:59:21,4.21,101500,4.2,U
sz000100,TCL科技,2025-10-16 13:59:24,4.2,78000,4.21,D
sz000100,TCL科技,2025-10-16 13:59:27,4.2,21850,4.2,D
sz000100,TCL科技,2025-10-16 13:59:45,4.2,60200,4.2,D
sz000100,TCL科技,2025-10-16 13:59:48,4.2,32600,4.2,D
sz000100,TCL科技,2025-10-16 13:59:54,4.2,748400,4.2,D
sz000100,TCL科技,2025-10-16 13:59:57,4.2,257500,4.2,D
sz000100,TCL科技,2025-10-16 14:00:00,4.2,3366900,4.2,D
sz000100,TCL科技,2025-10-16 14:00:03,4.2,391450,4.2,D
sz000100,TCL科技,2025-10-16 14:00:06,4.2,40100,4.2,U
sz000100,TCL科技,2025-10-16 14:00:09,4.19,20000,4.2,D
sz000100,TCL科技,2025-10-16 14:00:21,4.19,23200,4.2,D
sz000100,TCL科技,2025-10-16 14:00:30,4.2,38000,4.19,U
sz000100,TCL科技,2025-10-16 14:00:42,4.2,21300,4.2,U
sz000100,TCL科技,2025-10-16 14:01:00,4.19,20500,4.19,D
sz000100,TCL科技,2025-10-16 14:01:15,4.19,22700,4.19,D
sz000100,TCL科技,2025-10-16 14:01:21,4.2,116800,4.2,U
sz000100,TCL科技,2025-10-16 14:01:24,4.19,54800,4.2,D
sz000100,TCL科技,2025-10-16 14:01:30,4.2,25100,4.2,U
sz000100,TCL科技,2025-10-16 14:01:36,4.2,35200,4.19,U
sz000100,TCL科技,2025-10-16 14:01:42,4.2,84100,4.2,U
sz000100,TCL科技,2025-10-16 14:01:45,4.2,53900,4.2,U
sz000100,TCL科技,2025-10-16 14:02:00,4.19,31000,4.19,D
sz000100,TCL科技,2025-10-16 14:02:03,4.19,47000,4.19,D
sz000100,TCL科技,2025-10-16 14:02:09,4.2,85590,4.19,U
sz000100,TCL科技,2025-10-16 14:02:24,4.19,37000,4.2,D
sz000100,TCL科技,2025-10-16 14:02:27,4.2,72600,4.19,U
sz000100,TCL科技,2025-10-16 14:02:36,4.2,340100,4.2,U
sz000100,TCL科技,2025-10-16 14:02:39,4.19,892600,4.2,D
sz000100,TCL科技,2025-10-16 14:02:42,4.2,26100,4.19,U
sz000100,TCL科技,2025-10-16 14:02:51,4.19,37900,4.19,D
sz000100,TCL科技,2025-10-16 14:02:54,4.2,37100,4.19,U
sz000100,TCL科技,2025-10-16 14:03:06,4.2,47300,4.2,U
sz000100,TCL科技,2025-10-16 14:03:09,4.19,28600,4.2,D
sz000100,TCL科技,2025-10-16 14:03:12,4.2,27400,4.19,U
sz000100,TCL科技,2025-10-16 14:03:15,4.2,62000,4.2,U
sz000100,TCL科技,2025-10-16 14:03:30,4.19,27500,4.2,D
sz000100,TCL科技,2025-10-16 14:03:36,4.2,47100,4.19,U
sz000100,TCL科技,2025-10-16 14:03:45,4.19,32000,4.2,D
sz000100,TCL科技,2025-10-16 14:03:54,4.2,109800,4.2,U
sz000100,TCL科技,2025-10-16 14:04:09,4.2,28100,4.2,U
sz000100,TCL科技,2025-10-16 14:04:15,4.2,59300,4.2,U
sz000100,TCL科技,2025-10-16 14:04:24,4.19,97210,4.2,D
sz000100,TCL科技,2025-10-16 14:04:39,4.2,32800,4.2,U
sz000100,TCL科技,2025-10-16 14:04:54,4.2,21900,4.2,U
sz000100,TCL科技,2025-10-16 14:05:15,4.19,20800,4.2,D
sz000100,TCL科技,2025-10-16 14:05:27,4.19,1035100,4.2,D
sz000100,TCL科技,2025-10-16 14:05:30,4.2,47800,4.19,U
sz000100,TCL科技,2025-10-16 14:05:33,4.2,166400,4.2,U
sz000100,TCL科技,2025-10-16 14:05:36,4.2,135700,4.2,U
sz000100,TCL科技,2025-10-16 14:05:39,4.2,109700,4.2,U
sz000100,TCL科技,2025-10-16 14:05:42,4.2,30700,4.2,U
sz000100,TCL科技,2025-10-16 14:05:48,4.2,625700,4.2,U
sz000100,TCL科技,2025-10-16 14:05:51,4.21,37200,4.2,U
sz000100,TCL科技,2025-10-16 14:06:12,4.2,33800,4.21,D
sz000100,TCL科技,2025-10-16 14:06:18,4.2,115500,4.21,D
sz000100,TCL科技,2025-10-16 14:06:21,4.2,89000,4.2,D
sz000100,TCL科技,2025-10-16 14:06:24,4.2,33700,4.2,D
sz000100,TCL科技,2025-10-16 14:07:39,4.2,32700,4.21,D
sz000100,TCL科技,2025-10-16 14:07:42,4.2,34600,4.2,D
sz000100,TCL科技,2025-10-16 14:08:15,4.21,34300,4.21,U
sz000100,TCL科技,2025-10-16 14:08:24,4.21,30500,4.2,U
sz000100,TCL科技,2025-10-16 14:08:45,4.21,425900,4.2,U
sz000100,TCL科技,2025-10-16 14:08:54,4.2,414200,4.2,D
sz000100,TCL科技,2025-10-16 14:09:09,4.21,28900,4.2,U
sz000100,TCL科技,2025-10-16 14:09:42,4.2,27500,4.21,D
sz000100,TCL科技,2025-10-16 14:10:18,4.2,20500,4.2,D
sz000100,TCL科技,2025-10-16 14:10:27,4.2,45800,4.2,D
sz000100,TCL科技,2025-10-16 14:10:36,4.2,37000,4.2,D
sz000100,TCL科技,2025-10-16 14:10:45,4.21,49700,4.21,U
sz000100,TCL科技,2025-10-16 14:11:15,4.21,33400,4.2,U
sz000100,TCL科技,2025-10-16 14:12:18,4.2,39500,4.21,D
sz000100,TCL科技,2025-10-16 14:12:24,4.2,27700,4.2,D
sz000100,TCL科技,2025-10-16 14:12:36,4.21,33700,4.2,U
sz000100,TCL科技,2025-10-16 14:12:45,4.21,33200,4.21,U
sz000100,TCL科技,2025-10-16 14:13:03,4.21,35400,4.2,U
sz000100,TCL科技,2025-10-16 14:13:09,4.21,58000,4.2,U
sz000100,TCL科技,2025-10-16 14:13:12,4.2,165000,4.21,D
sz000100,TCL科技,2025-10-16 14:13:18,4.2,38800,4.21,D
sz000100,TCL科技,2025-10-16 14:13:21,4.2,80200,4.2,D
sz000100,TCL科技,2025-10-16 14:13:24,4.2,37300,4.2,D
sz000100,TCL科技,2025-10-16 14:13:27,4.2,32600,4.2,D
sz000100,TCL科技,2025-10-16 14:13:30,4.21,32500,4.2,U
sz000100,TCL科技,2025-10-16 14:13:33,4.21,45000,4.21,U
sz000100,TCL科技,2025-10-16 14:13:39,4.2,36100,4.21,D
sz000100,TCL科技,2025-10-16 14:13:54,4.2,66100,4.2,D
sz000100,TCL科技,2025-10-16 14:14:00,4.2,38400,4.2,D
sz000100,TCL科技,2025-10-16 14:14:03,4.2,46500,4.2,D
sz000100,TCL科技,2025-10-16 14:14:12,4.21,73000,4.2,U
sz000100,TCL科技,2025-10-16 14:14:15,4.21,112300,4.21,U
sz000100,TCL科技,2025-10-16 14:14:21,4.21,65000,4.2,U
sz000100,TCL科技,2025-10-16 14:14:24,4.21,33000,4.21,U
sz000100,TCL科技,2025-10-16 14:14:27,4.2,42200,4.21,D
sz000100,TCL科技,2025-10-16 14:14:33,4.21,54400,4.2,U
sz000100,TCL科技,2025-10-16 14:14:45,4.21,37500,4.21,U
sz000100,TCL科技,2025-10-16 14:14:48,4.21,36100,4.21,U
sz000100,TCL科技,2025-10-16 14:14:51,4.2,67700,4.21,D
sz000100,TCL科技,2025-10-16 14:14:54,4.2,84600,4.2,D
sz000100,TCL科技,2025-10-16 14:15:00,4.2,98400,4.2,D
sz000100,TCL科技,2025-10-16 14:15:27,4.21,95500,4.2,U
sz000100,TCL科技,2025-10-16 14:15:39,4.21,27700,4.21,U
sz000100,TCL科技,2025-10-16 14:15:57,4.2,67200,4.21,D
sz000100,TCL科技,2025-10-16 14:16:00,4.2,24000,4.2,D
sz000100,TCL科技,2025-10-16 14:16:06,4.21,30100,4.21,U
sz000100,TCL科技,2025-10-16 14:16:12,4.21,47700,4.21,U
sz000100,TCL科技,2025-10-16 14:16:15,4.21,78800,4.21,U
sz000100,TCL科技,2025-10-16 14:16:18,4.21,35700,4.21,U
sz000100,TCL科技,2025-10-16 14:16:33,4.21,72100,4.21,U
sz000100,TCL科技,2025-10-16 14:16:48,4.2,533800,4.21,D
sz000100,TCL科技,2025-10-16 14:16:51,4.2,37900,4.2,D
sz000100,TCL科技,2025-10-16 14:17:03,4.2,23600,4.2,D
sz000100,TCL科技,2025-10-16 14:17:15,4.2,28700,4.21,D
sz000100,TCL科技,2025-10-16 14:17:30,4.21,20000,4.2,U
sz000100,TCL科技,2025-10-16 14:17:42,4.2,24200,4.21,D
sz000100,TCL科技,2025-10-16 14:17:54,4.21,256100,4.21,U
sz000100,TCL科技,2025-10-16 14:18:00,4.2,111600,4.21,D
sz000100,TCL科技,2025-10-16 14:18:03,4.21,41700,4.2,U
sz000100,TCL科技,2025-10-16 14:18:12,4.21,52500,4.2,U
sz000100,TCL科技,2025-10-16 14:18:18,4.21,106500,4.21,U
sz000100,TCL科技,2025-10-16 14:18:24,4.2,252900,4.21,D
sz000100,TCL科技,2025-10-16 14:18:48,4.21,140000,4.21,U
sz000100,TCL科技,2025-10-16 14:18:51,4.21,42900,4.21,U
sz000100,TCL科技,2025-10-16 14:18:54,4.21,99600,4.21,U
sz000100,TCL科技,2025-10-16 14:18:57,4.21,70900,4.21,U
sz000100,TCL科技,2025-10-16 14:19:00,4.21,745900,4.21,U
sz000100,TCL科技,2025-10-16 14:19:03,4.21,124700,4.21,U
sz000100,TCL科技,2025-10-16 14:19:06,4.21,52300,4.21,U
sz000100,TCL科技,2025-10-16 14:19:12,4.2,35600,4.2,D
sz000100,TCL科技,2025-10-16 14:19:27,4.2,386300,4.21,D
sz000100,TCL科技,2025-10-16 14:19:30,4.2,206600,4.2,D
sz000100,TCL科技,2025-10-16 14:19:39,4.21,225200,4.2,U
sz000100,TCL科技,2025-10-16 14:19:42,4.21,121100,4.21,U
sz000100,TCL科技,2025-10-16 14:19:45,4.2,22500,4.21,D
sz000100,TCL科技,2025-10-16 14:20:24,4.2,102200,4.21,D
sz000100,TCL科技,2025-10-16 14:20:27,4.21,40900,4.2,U
sz000100,TCL科技,2025-10-16 14:20:42,4.21,32700,4.2,U
sz000100,TCL科技,2025-10-16 14:20:54,4.21,49100,4.2,U
sz000100,TCL科技,2025-10-16 14:20:57,4.2,37200,4.21,D
sz000100,TCL科技,2025-10-16 14:21:15,4.21,134900,4.2,U
sz000100,TCL科技,2025-10-16 14:21:18,4.2,322000,4.21,D
sz000100,TCL科技,2025-10-16 14:21:21,4.2,120300,4.2,D
sz000100,TCL科技,2025-10-16 14:21:24,4.21,97900,4.2,U
sz000100,TCL科技,2025-10-16 14:21:27,4.21,23500,4.21,U
sz000100,TCL科技,2025-10-16 14:21:30,4.2,42500,4.21,D
sz000100,TCL科技,2025-10-16 14:21:42,4.2,30800,4.21,D
sz000100,TCL科技,2025-10-16 14:21:48,4.21,45700,4.21,U
sz000100,TCL科技,2025-10-16 14:21:54,4.2,34800,4.2,D
sz000100,TCL科技,2025-10-16 14:22:12,4.2,26900,4.2,D
sz000100,TCL科技,2025-10-16 14:22:21,4.21,66000,4.2,U
sz000100,TCL科技,2025-10-16 14:22:24,4.2,24800,4.21,D
sz000100,TCL科技,2025-10-16 14:22:30,4.2,21700,4.2,D
sz000100,TCL科技,2025-10-16 14:22:45,4.2,45500,4.2,D
sz000100,TCL科技,2025-10-16 14:22:48,4.2,124900,4.2,D
sz000100,TCL科技,2025-10-16 14:22:57,4.2,78800,4.2,D
sz000100,TCL科技,2025-10-16 14:23:06,4.21,60000,4.21,U
sz000100,TCL科技,2025-10-16 14:23:15,4.2,64700,4.21,D
sz000100,TCL科技,2025-10-16 14:23:18,4.2,53000,4.2,D
sz000100,TCL科技,2025-10-16 14:23:24,4.2,40100,4.2,D
sz000100,TCL科技,2025-10-16 14:23:54,4.21,51400,4.2,U
sz000100,TCL科技,2025-10-16 14:23:57,4.21,33700,4.21,U
sz000100,TCL科技,2025-10-16 14:24:03,4.2,42300,4.2,D
sz000100,TCL科技,2025-10-16 14:24:06,4.2,27300,4.2,D
sz000100,TCL科技,2025-10-16 14:24:09,4.2,31600,4.2,D
sz000100,TCL科技,2025-10-16 14:24:57,4.2,21700,4.2,D
sz000100,TCL科技,2025-10-16 14:25:06,4.21,22500,4.2,U
sz000100,TCL科技,2025-10-16 14:25:09,4.2,31000,4.21,D
sz000100,TCL科技,2025-10-16 14:25:15,4.2,39700,4.2,D
sz000100,TCL科技,2025-10-16 14:25:21,4.21,28500,4.21,U
sz000100,TCL科技,2025-10-16 14:25:27,4.2,23800,4.2,D
sz000100,TCL科技,2025-10-16 14:25:42,4.2,23900,4.21,D
sz000100,TCL科技,2025-10-16 14:25:45,4.2,88200,4.2,D
sz000100,TCL科技,2025-10-16 14:26:03,4.2,21500,4.21,D
sz000100,TCL科技,2025-10-16 14:26:06,4.2,105100,4.2,D
sz000100,TCL科技,2025-10-16 14:26:15,4.2,22000,4.2,D
sz000100,TCL科技,2025-10-16 14:26:45,4.2,32500,4.21,D
sz000100,TCL科技,2025-10-16 14:26:51,4.2,26500,4.2,D
sz000100,TCL科技,2025-10-16 14:26:54,4.2,35100,4.2,D
sz000100,TCL科技,2025-10-16 14:26:57,4.21,70000,4.2,U
sz000100,TCL科技,2025-10-16 14:27:00,4.21,26200,4.21,U
sz000100,TCL科技,2025-10-16 14:27:15,4.2,35900,4.21,D
sz000100,TCL科技,2025-10-16 14:27:18,4.21,26700,4.2,U
sz000100,TCL科技,2025-10-16 14:27:30,4.21,75600,4.2,U
sz000100,TCL科技,2025-10-16 14:27:33,4.21,54700,4.21,U
sz000100,TCL科技,2025-10-16 14:27:36,4.2,41300,4.21,D
sz000100,TCL科技,2025-10-16 14:27:39,4.2,48300,4.2,D
sz000100,TCL科技,2025-10-16 14:27:54,4.21,57800,4.21,U
sz000100,TCL科技,2025-10-16 14:28:09,4.2,37400,4.2,D
sz000100,TCL科技,2025-10-16 14:28:15,4.2,168900,4.2,D
sz000100,TCL科技,2025-10-16 14:28:21,4.2,53800,4.21,D
sz000100,TCL科技,2025-10-16 14:28:30,4.21,31500,4.21,U
sz000100,TCL科技,2025-10-16 14:28:42,4.2,41600,4.21,D
sz000100,TCL科技,2025-10-16 14:28:54,4.2,55500,4.21,D
sz000100,TCL科技,2025-10-16 14:28:57,4.2,22900,4.2,D
sz000100,TCL科技,2025-10-16 14:29:00,4.2,132200,4.2,D
sz000100,TCL科技,2025-10-16 14:29:03,4.2,21200,4.2,D
sz000100,TCL科技,2025-10-16 14:29:12,4.2,20300,4.2,D
sz000100,TCL科技,2025-10-16 14:29:18,4.2,72000,4.21,D
sz000100,TCL科技,2025-10-16 14:29:21,4.21,30700,4.2,U
sz000100,TCL科技,2025-10-16 14:29:33,4.2,76200,4.2,D
sz000100,TCL科技,2025-10-16 14:29:54,4.2,109800,4.2,D
sz000100,TCL科技,2025-10-16 14:29:57,4.2,52000,4.2,D
sz000100,TCL科技,2025-10-16 14:30:12,4.21,33700,4.21,U
sz000100,TCL科技,2025-10-16 14:30:21,4.2,22500,4.21,D
sz000100,TCL科技,2025-10-16 14:30:30,4.2,60500,4.21,D
sz000100,TCL科技,2025-10-16 14:30:54,4.2,35700,4.21,D
sz000100,TCL科技,2025-10-16 14:31:42,4.2,33100,4.2,D
sz000100,TCL科技,2025-10-16 14:31:51,4.2,66400,4.2,D
sz000100,TCL科技,2025-10-16 14:32:09,4.2,38400,4.21,D
sz000100,TCL科技,2025-10-16 14:32:12,4.2,20900,4.2,D
sz000100,TCL科技,2025-10-16 14:32:36,4.2,102000,4.2,D
sz000100,TCL科技,2025-10-16 14:32:39,4.2,33900,4.2,D
sz000100,TCL科技,2025-10-16 14:32:42,4.2,21100,4.2,D
sz000100,TCL科技,2025-10-16 14:32:48,4.2,54800,4.2,D
sz000100,TCL科技,2025-10-16 14:32:51,4.21,57500,4.2,U
sz000100,TCL科技,2025-10-16 14:32:57,4.21,21100,4.21,U
sz000100,TCL科技,2025-10-16 14:33:09,4.2,29100,4.21,D
sz000100,TCL科技,2025-10-16 14:33:12,4.2,44300,4.2,D
sz000100,TCL科技,2025-10-16 14:33:15,4.2,41300,4.2,D
sz000100,TCL科技,2025-10-16 14:33:18,4.21,34100,4.2,U
sz000100,TCL科技,2025-10-16 14:33:30,4.2,23600,4.21,D
sz000100,TCL科技,2025-10-16 14:33:36,4.2,26200,4.2,D
sz000100,TCL科技,2025-10-16 14:33:39,4.2,37200,4.2,D
sz000100,TCL科技,2025-10-16 14:33:42,4.2,32500,4.2,D
sz000100,TCL科技,2025-10-16 14:33:45,4.2,49550,4.2,D
sz000100,TCL科技,2025-10-16 14:33:54,4.2,64600,4.21,D
sz000100,TCL科技,2025-10-16 14:34:21,4.21,52700,4.21,U
sz000100,TCL科技,2025-10-16 14:34:24,4.21,20500,4.21,U
sz000100,TCL科技,2025-10-16 14:34:27,4.2,54300,4.21,D
sz000100,TCL科技,2025-10-16 14:34:51,4.21,32100,4.21,U
sz000100,TCL科技,2025-10-16 14:34:54,4.2,21800,4.21,D
sz000100,TCL科技,2025-10-16 14:34:57,4.2,561800,4.2,D
sz000100,TCL科技,2025-10-16 14:35:00,4.2,60100,4.2,D
sz000100,TCL科技,2025-10-16 14:35:09,4.21,62500,4.21,U
sz000100,TCL科技,2025-10-16 14:35:18,4.21,60700,4.2,U
sz000100,TCL科技,2025-10-16 14:35:45,4.2,35100,4.21,D
sz000100,TCL科技,2025-10-16 14:35:48,4.21,91900,4.2,U
sz000100,TCL科技,2025-10-16 14:36:03,4.2,28700,4.21,D
sz000100,TCL科技,2025-10-16 14:36:21,4.2,24000,4.2,D
sz000100,TCL科技,2025-10-16 14:36:24,4.2,38900,4.2,D
sz000100,TCL科技,2025-10-16 14:36:54,4.2,20900,4.21,D
sz000100,TCL科技,2025-10-16 14:36:57,4.2,498600,4.2,D
sz000100,TCL科技,2025-10-16 14:37:00,4.2,34900,4.2,D
sz000100,TCL科技,2025-10-16 14:37:03,4.2,49100,4.2,D
sz000100,TCL科技,2025-10-16 14:37:15,4.2,34500,4.2,D
sz000100,TCL科技,2025-10-16 14:37:18,4.21,36000,4.2,U
sz000100,TCL科技,2025-10-16 14:37:21,4.2,25000,4.21,D
sz000100,TCL科技,2025-10-16 14:37:27,4.2,91200,4.21,D
sz000100,TCL科技,2025-10-16 14:37:57,4.2,83100,4.2,D
sz000100,TCL科技,2025-10-16 14:38:09,4.21,45500,4.2,U
sz000100,TCL科技,2025-10-16 14:38:12,4.2,1777800,4.21,D
sz000100,TCL科技,2025-10-16 14:38:15,4.2,225500,4.2,D
sz000100,TCL科技,2025-10-16 14:38:18,4.2,661000,4.2,D
sz000100,TCL科技,2025-10-16 14:38:21,4.2,457820,4.2,D
sz000100,TCL科技,2025-10-16 14:38:24,4.2,1369500,4.2,D
sz000100,TCL科技,2025-10-16 14:38:27,4.2,470000,4.2,D
sz000100,TCL科技,2025-10-16 14:38:30,4.2,102700,4.2,D
sz000100,TCL科技,2025-10-16 14:38:33,4.2,284600,4.2,D
sz000100,TCL科技,2025-10-16 14:38:36,4.2,76700,4.2,D
sz000100,TCL科技,2025-10-16 14:38:39,4.2,34000,4.2,D
sz000100,TCL科技,2025-10-16 14:38:42,4.2,1106200,4.2,D
sz000100,TCL科技,2025-10-16 14:38:45,4.2,459716,4.2,D
sz000100,TCL科技,2025-10-16 14:38:48,4.2,58700,4.2,U
sz000100,TCL科技,2025-10-16 14:38:51,4.2,24800,4.2,U
sz000100,TCL科技,2025-10-16 14:38:54,4.2,24800,4.2,U
sz000100,TCL科技,2025-10-16 14:39:03,4.2,53100,4.19,U
sz000100,TCL科技,2025-10-16 14:39:06,4.2,37500,4.2,U
sz000100,TCL科技,2025-10-16 14:39:09,4.2,349700,4.2,U
sz000100,TCL科技,2025-10-16 14:39:18,4.19,47100,4.2,D
sz000100,TCL科技,2025-10-16 14:39:21,4.19,49900,4.19,D
sz000100,TCL科技,2025-10-16 14:39:27,4.2,72700,4.2,U
sz000100,TCL科技,2025-10-16 14:39:36,4.2,54500,4.2,U
sz000100,TCL科技,2025-10-16 14:39:48,4.2,24400,4.2,U
sz000100,TCL科技,2025-10-16 14:39:54,4.2,109000,4.19,U
sz000100,TCL科技,2025-10-16 14:39:57,4.2,32000,4.2,U
sz000100,TCL科技,2025-10-16 14:40:00,4.19,497300,4.2,D
sz000100,TCL科技,2025-10-16 14:40:06,4.2,20500,4.2,U
sz000100,TCL科技,2025-10-16 14:40:12,4.2,29700,4.2,U
sz000100,TCL科技,2025-10-16 14:40:15,4.2,50900,4.2,U
sz000100,TCL科技,2025-10-16 14:40:18,4.19,25400,4.2,D
sz000100,TCL科技,2025-10-16 14:40:21,4.2,29200,4.19,U
sz000100,TCL科技,2025-10-16 14:40:48,4.2,24900,4.19,U
sz000100,TCL科技,2025-10-16 14:40:51,4.2,67300,4.2,U
sz000100,TCL科技,2025-10-16 14:40:54,4.19,50500,4.2,D
sz000100,TCL科技,2025-10-16 14:40:57,4.19,184700,4.19,D
sz000100,TCL科技,2025-10-16 14:41:03,4.2,80200,4.2,U
sz000100,TCL科技,2025-10-16 14:41:12,4.2,25200,4.2,U
sz000100,TCL科技,2025-10-16 14:41:18,4.2,88800,4.2,U
sz000100,TCL科技,2025-10-16 14:41:21,4.2,26000,4.2,U
sz000100,TCL科技,2025-10-16 14:41:27,4.2,73500,4.19,U
sz000100,TCL科技,2025-10-16 14:41:33,4.2,45700,4.19,U
sz000100,TCL科技,2025-10-16 14:41:36,4.2,25200,4.2,U
sz000100,TCL科技,2025-10-16 14:41:42,4.2,149100,4.19,U
sz000100,TCL科技,2025-10-16 14:41:45,4.2,86830,4.2,U
sz000100,TCL科技,2025-10-16 14:41:51,4.2,26000,4.2,U
sz000100,TCL科技,2025-10-16 14:41:57,4.2,20300,4.2,U
sz000100,TCL科技,2025-10-16 14:42:09,4.19,26600,4.2,D
sz000100,TCL科技,2025-10-16 14:42:15,4.2,49200,4.2,U
sz000100,TCL科技,2025-10-16 14:42:21,4.2,20400,4.2,U
sz000100,TCL科技,2025-10-16 14:42:30,4.19,57600,4.2,D
sz000100,TCL科技,2025-10-16 14:42:39,4.2,61400,4.2,U
sz000100,TCL科技,2025-10-16 14:42:45,4.19,55200,4.2,D
sz000100,TCL科技,2025-10-16 14:43:03,4.2,51000,4.2,U
sz000100,TCL科技,2025-10-16 14:43:09,4.2,20800,4.2,U
sz000100,TCL科技,2025-10-16 14:43:15,4.19,143500,4.19,D
sz000100,TCL科技,2025-10-16 14:43:24,4.19,46300,4.2,D
sz000100,TCL科技,2025-10-16 14:43:27,4.2,117700,4.19,U
sz000100,TCL科技,2025-10-16 14:43:30,4.2,120400,4.2,U
sz000100,TCL科技,2025-10-16 14:43:33,4.2,60600,4.2,U
sz000100,TCL科技,2025-10-16 14:43:45,4.2,108600,4.2,U
sz000100,TCL科技,2025-10-16 14:43:54,4.2,55500,4.2,U
sz000100,TCL科技,2025-10-16 14:43:57,4.2,162500,4.2,U
sz000100,TCL科技,2025-10-16 14:44:00,4.19,36300,4.2,D
sz000100,TCL科技,2025-10-16 14:44:06,4.2,108500,4.2,U
sz000100,TCL科技,2025-10-16 14:44:18,4.2,34900,4.2,U
sz000100,TCL科技,2025-10-16 14:44:33,4.2,200800,4.19,U
sz000100,TCL科技,2025-10-16 14:44:36,4.2,86600,4.2,U
sz000100,TCL科技,2025-10-16 14:44:39,4.2,27500,4.2,U
sz000100,TCL科技,2025-10-16 14:44:42,4.19,53500,4.2,D
sz000100,TCL科技,2025-10-16 14:44:54,4.2,66000,4.19,U
sz000100,TCL科技,2025-10-16 14:44:57,4.19,31200,4.2,D
sz000100,TCL科技,2025-10-16 14:45:00,4.2,28500,4.19,U
sz000100,TCL科技,2025-10-16 14:45:03,4.2,40600,4.2,U
sz000100,TCL科技,2025-10-16 14:45:06,4.2,202600,4.2,U
sz000100,TCL科技,2025-10-16 14:45:09,4.2,181600,4.2,U
sz000100,TCL科技,2025-10-16 14:45:12,4.19,897400,4.2,D
sz000100,TCL科技,2025-10-16 14:45:15,4.2,213400,4.19,U
sz000100,TCL科技,2025-10-16 14:45:21,4.2,148000,4.19,U
sz000100,TCL科技,2025-10-16 14:45:24,4.2,114800,4.2,U
sz000100,TCL科技,2025-10-16 14:45:27,4.2,246300,4.2,U
sz000100,TCL科技,2025-10-16 14:45:30,4.2,284600,4.2,U
sz000100,TCL科技,2025-10-16 14:45:33,4.2,140800,4.2,U
sz000100,TCL科技,2025-10-16 14:45:36,4.2,550470,4.2,U
sz000100,TCL科技,2025-10-16 14:45:39,4.2,29000,4.2,D
sz000100,TCL科技,2025-10-16 14:45:42,4.2,25100,4.2,D
sz000100,TCL科技,2025-10-16 14:45:45,4.2,61300,4.2,D
sz000100,TCL科技,2025-10-16 14:45:51,4.2,140200,4.2,D
sz000100,TCL科技,2025-10-16 14:46:00,4.21,26800,4.2,U
sz000100,TCL科技,2025-10-16 14:46:03,4.21,40000,4.21,U
sz000100,TCL科技,2025-10-16 14:46:06,4.2,45200,4.21,D
sz000100,TCL科技,2025-10-16 14:46:12,4.2,57400,4.2,D
sz000100,TCL科技,2025-10-16 14:46:15,4.2,154500,4.2,D
sz000100,TCL科技,2025-10-16 14:46:21,4.21,72200,4.21,U
sz000100,TCL科技,2025-10-16 14:46:27,4.2,22500,4.2,D
sz000100,TCL科技,2025-10-16 14:46:36,4.21,66200,4.2,U
sz000100,TCL科技,2025-10-16 14:46:39,4.2,26200,4.21,D
sz000100,TCL科技,2025-10-16 14:46:45,4.2,59600,4.21,D
sz000100,TCL科技,2025-10-16 14:46:51,4.2,26500,4.21,D
sz000100,TCL科技,2025-10-16 14:46:54,4.2,38300,4.2,D
sz000100,TCL科技,2025-10-16 14:47:00,4.2,172700,4.2,D
sz000100,TCL科技,2025-10-16 14:47:03,4.2,162180,4.2,D
sz000100,TCL科技,2025-10-16 14:47:06,4.2,60400,4.2,D
sz000100,TCL科技,2025-10-16 14:47:09,4.2,72600,4.2,D
sz000100,TCL科技,2025-10-16 14:47:12,4.2,71200,4.2,D
sz000100,TCL科技,2025-10-16 14:47:15,4.2,89080,4.2,D
sz000100,TCL科技,2025-10-16 14:47:30,4.21,27500,4.2,U
sz000100,TCL科技,2025-10-16 14:47:33,4.2,46500,4.21,D
sz000100,TCL科技,2025-10-16 14:47:48,4.21,117000,4.2,U
sz000100,TCL科技,2025-10-16 14:47:51,4.2,29800,4.21,D
sz000100,TCL科技,2025-10-16 14:48:00,4.21,218500,4.2,U
sz000100,TCL科技,2025-10-16 14:48:03,4.2,123600,4.21,D
sz000100,TCL科技,2025-10-16 14:48:09,4.21,109000,4.21,U
sz000100,TCL科技,2025-10-16 14:48:12,4.2,52020,4.21,D
sz000100,TCL科技,2025-10-16 14:48:18,4.21,152100,4.2,U
sz000100,TCL科技,2025-10-16 14:48:21,4.2,43780,4.21,D
sz000100,TCL科技,2025-10-16 14:48:27,4.21,45700,4.21,U
sz000100,TCL科技,2025-10-16 14:48:30,4.21,36500,4.21,U
sz000100,TCL科技,2025-10-16 14:48:33,4.2,92000,4.21,D
sz000100,TCL科技,2025-10-16 14:48:42,4.2,34700,4.21,D
sz000100,TCL科技,2025-10-16 14:48:45,4.2,111200,4.2,D
sz000100,TCL科技,2025-10-16 14:48:51,4.21,31000,4.21,U
sz000100,TCL科技,2025-10-16 14:48:54,4.21,28700,4.21,U
sz000100,TCL科技,2025-10-16 14:49:15,4.2,47400,4.2,D
sz000100,TCL科技,2025-10-16 14:49:18,4.21,46800,4.2,U
sz000100,TCL科技,2025-10-16 14:49:24,4.2,31300,4.2,D
sz000100,TCL科技,2025-10-16 14:49:33,4.2,29100,4.21,D
sz000100,TCL科技,2025-10-16 14:49:39,4.2,32900,4.21,D
sz000100,TCL科技,2025-10-16 14:49:42,4.21,121500,4.2,U
sz000100,TCL科技,2025-10-16 14:49:45,4.2,130900,4.21,D
sz000100,TCL科技,2025-10-16 14:49:48,4.21,35300,4.2,U
sz000100,TCL科技,2025-10-16 14:49:51,4.2,182600,4.21,D
sz000100,TCL科技,2025-10-16 14:49:57,4.2,26800,4.21,D
sz000100,TCL科技,2025-10-16 14:50:00,4.21,175800,4.2,U
sz000100,TCL科技,2025-10-16 14:50:03,4.21,177800,4.21,U
sz000100,TCL科技,2025-10-16 14:50:06,4.2,107700,4.21,D
