symbol,name,ticktime,price,volume,prev_price,kind
sz000100,TCL科技,2025-10-30 09:25:00,4.25,1448500,0.0,D
sz000100,TCL科技,2025-10-30 09:30:00,4.24,214900,4.25,D
sz000100,TCL科技,2025-10-30 09:30:03,4.25,683100,4.24,U
sz000100,TCL科技,2025-10-30 09:30:06,4.25,618000,4.25,U
sz000100,TCL科技,2025-10-30 09:30:09,4.24,631300,4.25,D
sz000100,TCL科技,2025-10-30 09:30:12,4.24,417300,4.24,D
sz000100,TCL科技,2025-10-30 09:30:15,4.23,397400,4.24,D
sz000100,TCL科技,2025-10-30 09:30:18,4.23,218900,4.23,D
sz000100,TCL科技,2025-10-30 09:30:21,4.23,148700,4.23,D
sz000100,TCL科技,2025-10-30 09:30:24,4.24,150400,4.23,U
sz000100,TCL科技,2025-10-30 09:30:27,4.23,466900,4.24,D
sz000100,TCL科技,2025-10-30 09:30:30,4.23,160000,4.23,D
sz000100,TCL科技,2025-10-30 09:30:33,4.23,100500,4.23,D
sz000100,TCL科技,2025-10-30 09:30:36,4.24,213660,4.23,U
sz000100,TCL科技,2025-10-30 09:30:39,4.24,156340,4.24,D
sz000100,TCL科技,2025-10-30 09:30:42,4.24,66500,4.24,D
sz000100,TCL科技,2025-10-30 09:30:45,4.24,319200,4.24,D
sz000100,TCL科技,2025-10-30 09:30:48,4.26,1921400,4.24,U
sz000100,TCL科技,2025-10-30 09:30:51,4.25,53510,4.26,D
sz000100,TCL科技,2025-10-30 09:30:54,4.25,110400,4.25,D
sz000100,TCL科技,2025-10-30 09:30:57,4.25,823500,4.25,D
sz000100,TCL科技,2025-10-30 09:31:00,4.25,85200,4.25,D
sz000100,TCL科技,2025-10-30 09:31:03,4.24,136400,4.25,D
sz000100,TCL科技,2025-10-30 09:31:06,4.25,157600,4.24,U
sz000100,TCL科技,2025-10-30 09:31:09,4.25,82100,4.25,U
sz000100,TCL科技,2025-10-30 09:31:12,4.25,153700,4.25,U
sz000100,TCL科技,2025-10-30 09:31:15,4.24,103700,4.25,D
sz000100,TCL科技,2025-10-30 09:31:21,4.24,134100,4.24,D
sz000100,TCL科技,2025-10-30 09:31:24,4.24,184200,4.24,D
sz000100,TCL科技,2025-10-30 09:31:27,4.24,159000,4.24,D
sz000100,TCL科技,2025-10-30 09:31:30,4.25,27200,4.24,U
sz000100,TCL科技,2025-10-30 09:31:33,4.24,40900,4.25,D
sz000100,TCL科技,2025-10-30 09:31:36,4.24,31800,4.24,D
sz000100,TCL科技,2025-10-30 09:31:39,4.24,58900,4.24,D
sz000100,TCL科技,2025-10-30 09:31:42,4.24,37900,4.24,D
sz000100,TCL科技,2025-10-30 09:31:45,4.25,34600,4.24,U
sz000100,TCL科技,2025-10-30 09:31:48,4.25,27100,4.25,U
sz000100,TCL科技,2025-10-30 09:31:54,4.25,39400,4.24,U
sz000100,TCL科技,2025-10-30 09:31:57,4.24,155000,4.25,D
sz000100,TCL科技,2025-10-30 09:32:00,4.24,59500,4.24,D
sz000100,TCL科技,2025-10-30 09:32:03,4.25,83200,4.24,U
sz000100,TCL科技,2025-10-30 09:32:09,4.25,126500,4.25,U
sz000100,TCL科技,2025-10-30 09:32:12,4.24,149994,4.25,D
sz000100,TCL科技,2025-10-30 09:32:15,4.24,32100,4.24,D
sz000100,TCL科技,2025-10-30 09:32:21,4.25,131200,4.24,U
sz000100,TCL科技,2025-10-30 09:32:24,4.26,3028210,4.25,U
sz000100,TCL科技,2025-10-30 09:32:27,4.26,52000,4.26,U
sz000100,TCL科技,2025-10-30 09:32:36,4.26,117900,4.25,U
sz000100,TCL科技,2025-10-30 09:32:39,4.26,164700,4.26,U
sz000100,TCL科技,2025-10-30 09:32:42,4.25,68050,4.26,D
sz000100,TCL科技,2025-10-30 09:32:45,4.26,414000,4.25,U
sz000100,TCL科技,2025-10-30 09:32:48,4.26,26610,4.26,U
sz000100,TCL科技,2025-10-30 09:32:51,4.26,73300,4.26,U
sz000100,TCL科技,2025-10-30 09:32:54,4.25,76100,4.26,D
sz000100,TCL科技,2025-10-30 09:32:57,4.25,21200,4.25,D
sz000100,TCL科技,2025-10-30 09:33:00,4.25,60200,4.25,D
sz000100,TCL科技,2025-10-30 09:33:03,4.26,243600,4.25,U
sz000100,TCL科技,2025-10-30 09:33:06,4.26,73700,4.26,U
sz000100,TCL科技,2025-10-30 09:33:09,4.25,35800,4.26,D
sz000100,TCL科技,2025-10-30 09:33:12,4.26,26700,4.25,U
sz000100,TCL科技,2025-10-30 09:33:15,4.25,106600,4.26,D
sz000100,TCL科技,2025-10-30 09:33:18,4.26,21800,4.25,U
sz000100,TCL科技,2025-10-30 09:33:21,4.25,46700,4.26,D
sz000100,TCL科技,2025-10-30 09:33:24,4.25,90800,4.25,D
sz000100,TCL科技,2025-10-30 09:33:27,4.26,289100,4.25,U
sz000100,TCL科技,2025-10-30 09:33:30,4.26,71100,4.26,U
sz000100,TCL科技,2025-10-30 09:33:33,4.25,23900,4.26,D
sz000100,TCL科技,2025-10-30 09:33:39,4.26,123800,4.26,U
sz000100,TCL科技,2025-10-30 09:33:42,4.26,274000,4.26,U
sz000100,TCL科技,2025-10-30 09:33:45,4.25,76800,4.26,D
sz000100,TCL科技,2025-10-30 09:33:48,4.25,141900,4.25,D
sz000100,TCL科技,2025-10-30 09:33:51,4.25,238200,4.25,D
sz000100,TCL科技,2025-10-30 09:33:54,4.25,146900,4.25,D
sz000100,TCL科技,2025-10-30 09:33:57,4.26,27500,4.25,U
sz000100,TCL科技,2025-10-30 09:34:00,4.25,67000,4.26,D
sz000100,TCL科技,2025-10-30 09:34:03,4.25,38400,4.25,D
sz000100,TCL科技,2025-10-30 09:34:06,4.25,65900,4.25,D
sz000100,TCL科技,2025-10-30 09:34:09,4.25,43000,4.25,D
sz000100,TCL科技,2025-10-30 09:34:12,4.25,285600,4.25,D
sz000100,TCL科技,2025-10-30 09:34:15,4.25,63900,4.25,D
sz000100,TCL科技,2025-10-30 09:34:18,4.25,42400,4.25,D
sz000100,TCL科技,2025-10-30 09:34:21,4.25,312800,4.25,D
sz000100,TCL科技,2025-10-30 09:34:27,4.25,26600,4.25,D
sz000100,TCL科技,2025-10-30 09:34:30,4.25,37900,4.25,D
sz000100,TCL科技,2025-10-30 09:34:33,4.25,69000,4.25,D
sz000100,TCL科技,2025-10-30 09:34:36,4.25,72280,4.25,D
sz000100,TCL科技,2025-10-30 09:34:39,4.25,100500,4.25,D
sz000100,TCL科技,2025-10-30 09:34:42,4.25,560650,4.25,D
sz000100,TCL科技,2025-10-30 09:34:45,4.25,122200,4.25,D
sz000100,TCL科技,2025-10-30 09:34:48,4.25,28300,4.25,D
sz000100,TCL科技,2025-10-30 09:34:51,4.26,188440,4.25,U
sz000100,TCL科技,2025-10-30 09:34:54,4.26,47800,4.26,U
sz000100,TCL科技,2025-10-30 09:34:57,4.26,295300,4.26,U
sz000100,TCL科技,2025-10-30 09:35:00,4.26,95800,4.26,U
sz000100,TCL科技,2025-10-30 09:35:03,4.25,73300,4.26,D
sz000100,TCL科技,2025-10-30 09:35:06,4.26,1373800,4.25,U
sz000100,TCL科技,2025-10-30 09:35:09,4.25,115900,4.26,D
sz000100,TCL科技,2025-10-30 09:35:12,4.25,539800,4.25,D
sz000100,TCL科技,2025-10-30 09:35:15,4.25,151800,4.25,D
sz000100,TCL科技,2025-10-30 09:35:18,4.26,79600,4.25,U
sz000100,TCL科技,2025-10-30 09:35:21,4.25,173300,4.26,D
sz000100,TCL科技,2025-10-30 09:35:24,4.25,34700,4.25,D
sz000100,TCL科技,2025-10-30 09:35:27,4.25,94710,4.25,D
sz000100,TCL科技,2025-10-30 09:35:33,4.25,64800,4.25,D
sz000100,TCL科技,2025-10-30 09:35:36,4.26,97800,4.25,U
sz000100,TCL科技,2025-10-30 09:35:39,4.26,28200,4.26,U
sz000100,TCL科技,2025-10-30 09:35:42,4.25,45500,4.26,D
sz000100,TCL科技,2025-10-30 09:35:45,4.26,2300400,4.25,U
sz000100,TCL科技,2025-10-30 09:35:48,4.26,574300,4.26,U
sz000100,TCL科技,2025-10-30 09:35:51,4.26,266911,4.26,U
sz000100,TCL科技,2025-10-30 09:35:54,4.26,50000,4.26,D
sz000100,TCL科技,2025-10-30 09:35:57,4.26,40100,4.26,D
sz000100,TCL科技,2025-10-30 09:36:00,4.26,100100,4.26,D
sz000100,TCL科技,2025-10-30 09:36:03,4.26,109800,4.26,D
sz000100,TCL科技,2025-10-30 09:36:06,4.26,87600,4.26,D
sz000100,TCL科技,2025-10-30 09:36:09,4.26,305300,4.26,D
sz000100,TCL科技,2025-10-30 09:36:12,4.27,54600,4.26,U
sz000100,TCL科技,2025-10-30 09:36:15,4.26,461600,4.27,D
sz000100,TCL科技,2025-10-30 09:36:18,4.27,47200,4.26,U
sz000100,TCL科技,2025-10-30 09:36:21,4.27,55700,4.27,U
sz000100,TCL科技,2025-10-30 09:36:24,4.26,35800,4.27,D
sz000100,TCL科技,2025-10-30 09:36:27,4.27,166000,4.26,U
sz000100,TCL科技,2025-10-30 09:36:30,4.26,226400,4.27,D
sz000100,TCL科技,2025-10-30 09:36:33,4.27,589600,4.26,U
sz000100,TCL科技,2025-10-30 09:36:36,4.27,148100,4.27,U
sz000100,TCL科技,2025-10-30 09:36:39,4.27,150400,4.27,U
sz000100,TCL科技,2025-10-30 09:36:42,4.26,88600,4.27,D
sz000100,TCL科技,2025-10-30 09:36:45,4.26,101300,4.26,D
sz000100,TCL科技,2025-10-30 09:36:48,4.26,38900,4.26,D
sz000100,TCL科技,2025-10-30 09:36:51,4.27,35700,4.26,U
sz000100,TCL科技,2025-10-30 09:36:57,4.27,21800,4.26,U
sz000100,TCL科技,2025-10-30 09:37:00,4.26,52200,4.27,D
sz000100,TCL科技,2025-10-30 09:37:03,4.27,29500,4.26,U
sz000100,TCL科技,2025-10-30 09:37:06,4.27,108610,4.27,U
sz000100,TCL科技,2025-10-30 09:37:09,4.26,45600,4.27,D
sz000100,TCL科技,2025-10-30 09:37:12,4.26,28400,4.26,D
sz000100,TCL科技,2025-10-30 09:37:18,4.27,209500,4.27,U
sz000100,TCL科技,2025-10-30 09:37:21,4.27,40800,4.27,U
sz000100,TCL科技,2025-10-30 09:37:24,4.27,20300,4.27,U
sz000100,TCL科技,2025-10-30 09:37:27,4.27,88410,4.27,U
sz000100,TCL科技,2025-10-30 09:37:30,4.27,73200,4.27,U
sz000100,TCL科技,2025-10-30 09:37:33,4.27,75700,4.27,U
sz000100,TCL科技,2025-10-30 09:37:42,4.27,86400,4.26,U
sz000100,TCL科技,2025-10-30 09:37:45,4.27,45200,4.27,U
sz000100,TCL科技,2025-10-30 09:37:48,4.26,57400,4.27,D
sz000100,TCL科技,2025-10-30 09:37:51,4.27,42500,4.26,U
sz000100,TCL科技,2025-10-30 09:37:54,4.27,45700,4.27,U
sz000100,TCL科技,2025-10-30 09:37:57,4.26,25200,4.27,D
sz000100,TCL科技,2025-10-30 09:38:06,4.27,38900,4.27,U
sz000100,TCL科技,2025-10-30 09:38:09,4.27,83100,4.27,U
sz000100,TCL科技,2025-10-30 09:38:12,4.27,147500,4.27,U
sz000100,TCL科技,2025-10-30 09:38:15,4.26,117400,4.27,D
sz000100,TCL科技,2025-10-30 09:38:18,4.26,176800,4.26,D
sz000100,TCL科技,2025-10-30 09:38:21,4.26,211000,4.26,D
sz000100,TCL科技,2025-10-30 09:38:24,4.26,73600,4.26,D
sz000100,TCL科技,2025-10-30 09:38:27,4.26,26500,4.26,D
sz000100,TCL科技,2025-10-30 09:38:30,4.27,242800,4.26,U
sz000100,TCL科技,2025-10-30 09:38:33,4.26,110800,4.27,D
sz000100,TCL科技,2025-10-30 09:38:36,4.26,109600,4.26,D
sz000100,TCL科技,2025-10-30 09:38:42,4.26,22000,4.27,D
sz000100,TCL科技,2025-10-30 09:38:48,4.26,113706,4.26,D
sz000100,TCL科技,2025-10-30 09:38:51,4.27,56400,4.26,U
sz000100,TCL科技,2025-10-30 09:38:54,4.27,154800,4.27,U
sz000100,TCL科技,2025-10-30 09:38:57,4.26,49600,4.27,D
sz000100,TCL科技,2025-10-30 09:39:00,4.27,321500,4.26,U
sz000100,TCL科技,2025-10-30 09:39:03,4.26,158600,4.27,D
sz000100,TCL科技,2025-10-30 09:39:06,4.27,34200,4.26,U
sz000100,TCL科技,2025-10-30 09:39:12,4.26,113600,4.27,D
sz000100,TCL科技,2025-10-30 09:39:15,4.26,22600,4.26,D
sz000100,TCL科技,2025-10-30 09:39:18,4.27,257000,4.26,U
sz000100,TCL科技,2025-10-30 09:39:24,4.26,210200,4.27,D
sz000100,TCL科技,2025-10-30 09:39:27,4.27,34000,4.26,U
sz000100,TCL科技,2025-10-30 09:39:30,4.27,667400,4.27,U
sz000100,TCL科技,2025-10-30 09:39:33,4.27,147900,4.27,U
sz000100,TCL科技,2025-10-30 09:39:36,4.27,90300,4.27,U
sz000100,TCL科技,2025-10-30 09:39:39,4.27,54600,4.27,U
sz000100,TCL科技,2025-10-30 09:39:42,4.26,96300,4.27,D
sz000100,TCL科技,2025-10-30 09:39:48,4.26,128700,4.26,D
sz000100,TCL科技,2025-10-30 09:39:51,4.26,122400,4.26,D
sz000100,TCL科技,2025-10-30 09:39:54,4.26,83200,4.26,D
sz000100,TCL科技,2025-10-30 09:39:57,4.26,267900,4.26,D
sz000100,TCL科技,2025-10-30 09:40:00,4.27,77300,4.26,U
sz000100,TCL科技,2025-10-30 09:40:03,4.27,214900,4.27,U
sz000100,TCL科技,2025-10-30 09:40:06,4.27,194900,4.27,U
sz000100,TCL科技,2025-10-30 09:40:09,4.27,88700,4.27,U
sz000100,TCL科技,2025-10-30 09:40:12,4.26,419000,4.27,D
sz000100,TCL科技,2025-10-30 09:40:15,4.28,6343790,4.26,U
sz000100,TCL科技,2025-10-30 09:40:18,4.27,171910,4.28,D
sz000100,TCL科技,2025-10-30 09:40:21,4.27,55600,4.27,D
sz000100,TCL科技,2025-10-30 09:40:24,4.28,176300,4.27,U
sz000100,TCL科技,2025-10-30 09:40:27,4.27,55400,4.28,D
sz000100,TCL科技,2025-10-30 09:40:30,4.28,22600,4.27,U
sz000100,TCL科技,2025-10-30 09:40:33,4.27,56600,4.28,D
sz000100,TCL科技,2025-10-30 09:40:36,4.28,33800,4.27,U
sz000100,TCL科技,2025-10-30 09:40:39,4.28,75100,4.28,U
sz000100,TCL科技,2025-10-30 09:40:42,4.27,47000,4.28,D
sz000100,TCL科技,2025-10-30 09:40:45,4.27,497700,4.27,D
sz000100,TCL科技,2025-10-30 09:40:48,4.27,135500,4.27,D
sz000100,TCL科技,2025-10-30 09:40:51,4.27,51700,4.27,D
sz000100,TCL科技,2025-10-30 09:40:54,4.28,82500,4.27,U
sz000100,TCL科技,2025-10-30 09:40:57,4.28,45900,4.28,U
sz000100,TCL科技,2025-10-30 09:41:00,4.28,76200,4.28,U
sz000100,TCL科技,2025-10-30 09:41:03,4.28,613900,4.28,U
sz000100,TCL科技,2025-10-30 09:41:06,4.28,117300,4.28,U
sz000100,TCL科技,2025-10-30 09:41:09,4.28,98700,4.28,U
sz000100,TCL科技,2025-10-30 09:41:12,4.28,816700,4.28,U
sz000100,TCL科技,2025-10-30 09:41:15,4.28,125600,4.28,U
sz000100,TCL科技,2025-10-30 09:41:18,4.28,409800,4.28,U
sz000100,TCL科技,2025-10-30 09:41:21,4.27,165900,4.28,D
sz000100,TCL科技,2025-10-30 09:41:24,4.28,81800,4.27,U
sz000100,TCL科技,2025-10-30 09:41:27,4.29,2483949,4.28,U
sz000100,TCL科技,2025-10-30 09:41:30,4.28,128000,4.29,D
sz000100,TCL科技,2025-10-30 09:41:33,4.28,161400,4.28,D
sz000100,TCL科技,2025-10-30 09:41:36,4.29,146000,4.28,U
sz000100,TCL科技,2025-10-30 09:41:39,4.29,49800,4.29,U
sz000100,TCL科技,2025-10-30 09:41:42,4.29,67000,4.29,U
sz000100,TCL科技,2025-10-30 09:41:45,4.29,68100,4.29,U
sz000100,TCL科技,2025-10-30 09:41:48,4.28,132630,4.29,D
sz000100,TCL科技,2025-10-30 09:41:51,4.29,71500,4.28,U
sz000100,TCL科技,2025-10-30 09:41:54,4.28,59620,4.29,D
sz000100,TCL科技,2025-10-30 09:41:57,4.29,103600,4.28,U
sz000100,TCL科技,2025-10-30 09:42:00,4.29,99800,4.29,U
sz000100,TCL科技,2025-10-30 09:42:03,4.28,66900,4.29,D
sz000100,TCL科技,2025-10-30 09:42:06,4.29,237700,4.28,U
sz000100,TCL科技,2025-10-30 09:42:09,4.29,237800,4.29,U
sz000100,TCL科技,2025-10-30 09:42:12,4.28,91700,4.29,D
sz000100,TCL科技,2025-10-30 09:42:18,4.28,218900,4.28,D
sz000100,TCL科技,2025-10-30 09:42:21,4.28,110600,4.28,D
sz000100,TCL科技,2025-10-30 09:42:24,4.28,86500,4.28,D
sz000100,TCL科技,2025-10-30 09:42:27,4.28,35500,4.28,D
sz000100,TCL科技,2025-10-30 09:42:30,4.28,140200,4.28,D
sz000100,TCL科技,2025-10-30 09:42:33,4.29,622800,4.28,U
sz000100,TCL科技,2025-10-30 09:42:36,4.29,97500,4.29,U
sz000100,TCL科技,2025-10-30 09:42:39,4.29,231200,4.29,U
sz000100,TCL科技,2025-10-30 09:42:42,4.29,425600,4.29,U
sz000100,TCL科技,2025-10-30 09:42:45,4.29,451500,4.29,U
sz000100,TCL科技,2025-10-30 09:42:48,4.29,63400,4.29,U
sz000100,TCL科技,2025-10-30 09:42:51,4.29,62500,4.29,U
sz000100,TCL科技,2025-10-30 09:42:54,4.29,193700,4.29,U
sz000100,TCL科技,2025-10-30 09:42:57,4.28,123200,4.29,D
sz000100,TCL科技,2025-10-30 09:43:00,4.29,106700,4.28,U
sz000100,TCL科技,2025-10-30 09:43:03,4.29,137600,4.29,U
sz000100,TCL科技,2025-10-30 09:43:06,4.29,80100,4.29,U
sz000100,TCL科技,2025-10-30 09:43:09,4.28,491200,4.29,D
sz000100,TCL科技,2025-10-30 09:43:12,4.29,546260,4.28,U
sz000100,TCL科技,2025-10-30 09:43:15,4.28,335600,4.29,D
sz000100,TCL科技,2025-10-30 09:43:18,4.29,265000,4.28,U
sz000100,TCL科技,2025-10-30 09:43:21,4.29,38800,4.29,U
sz000100,TCL科技,2025-10-30 09:43:24,4.29,64600,4.29,U
sz000100,TCL科技,2025-10-30 09:43:27,4.29,127700,4.29,U
sz000100,TCL科技,2025-10-30 09:43:30,4.28,40600,4.29,D
sz000100,TCL科技,2025-10-30 09:43:33,4.28,273200,4.28,D
sz000100,TCL科技,2025-10-30 09:43:36,4.29,196200,4.28,U
sz000100,TCL科技,2025-10-30 09:43:39,4.28,28200,4.29,D
sz000100,TCL科技,2025-10-30 09:43:42,4.29,92000,4.28,U
sz000100,TCL科技,2025-10-30 09:43:45,4.29,116600,4.29,U
sz000100,TCL科技,2025-10-30 09:43:48,4.29,435600,4.29,U
sz000100,TCL科技,2025-10-30 09:43:51,4.29,397600,4.29,U
sz000100,TCL科技,2025-10-30 09:43:54,4.29,70000,4.29,U
sz000100,TCL科技,2025-10-30 09:43:57,4.28,35900,4.29,D
sz000100,TCL科技,2025-10-30 09:44:00,4.28,37600,4.28,D
sz000100,TCL科技,2025-10-30 09:44:03,4.28,64200,4.28,D
sz000100,TCL科技,2025-10-30 09:44:06,4.28,68600,4.28,D
sz000100,TCL科技,2025-10-30 09:44:09,4.29,22200,4.28,U
sz000100,TCL科技,2025-10-30 09:44:12,4.28,86300,4.29,D
sz000100,TCL科技,2025-10-30 09:44:15,4.29,562100,4.28,U
sz000100,TCL科技,2025-10-30 09:44:18,4.28,234400,4.29,D
sz000100,TCL科技,2025-10-30 09:44:21,4.28,58000,4.28,D
sz000100,TCL科技,2025-10-30 09:44:24,4.29,124600,4.28,U
sz000100,TCL科技,2025-10-30 09:44:30,4.29,122900,4.29,U
sz000100,TCL科技,2025-10-30 09:44:33,4.29,56700,4.29,U
sz000100,TCL科技,2025-10-30 09:44:36,4.29,60500,4.29,U
sz000100,TCL科技,2025-10-30 09:44:39,4.28,176400,4.29,D
sz000100,TCL科技,2025-10-30 09:44:42,4.29,28400,4.28,U
sz000100,TCL科技,2025-10-30 09:44:45,4.28,85300,4.29,D
sz000100,TCL科技,2025-10-30 09:44:48,4.29,40600,4.28,U
sz000100,TCL科技,2025-10-30 09:44:51,4.29,41500,4.29,U
sz000100,TCL科技,2025-10-30 09:44:54,4.29,40700,4.29,U
sz000100,TCL科技,2025-10-30 09:44:57,4.29,45200,4.29,U
sz000100,TCL科技,2025-10-30 09:45:00,4.29,67500,4.29,U
sz000100,TCL科技,2025-10-30 09:45:03,4.29,255500,4.29,U
sz000100,TCL科技,2025-10-30 09:45:06,4.29,345600,4.29,U
sz000100,TCL科技,2025-10-30 09:45:09,4.28,541700,4.29,D
sz000100,TCL科技,2025-10-30 09:45:12,4.29,57600,4.28,U
sz000100,TCL科技,2025-10-30 09:45:15,4.29,31200,4.29,U
sz000100,TCL科技,2025-10-30 09:45:18,4.29,105200,4.29,U
sz000100,TCL科技,2025-10-30 09:45:21,4.28,57500,4.29,D
sz000100,TCL科技,2025-10-30 09:45:24,4.28,261600,4.28,D
sz000100,TCL科技,2025-10-30 09:45:27,4.29,61300,4.28,U
sz000100,TCL科技,2025-10-30 09:45:30,4.28,53300,4.29,D
sz000100,TCL科技,2025-10-30 09:45:33,4.29,23500,4.28,U
sz000100,TCL科技,2025-10-30 09:45:36,4.29,69280,4.29,U
sz000100,TCL科技,2025-10-30 09:45:39,4.29,37000,4.29,U
sz000100,TCL科技,2025-10-30 09:45:42,4.28,257300,4.29,D
sz000100,TCL科技,2025-10-30 09:45:45,4.29,173000,4.28,U
sz000100,TCL科技,2025-10-30 09:45:51,4.29,131100,4.29,U
sz000100,TCL科技,2025-10-30 09:45:54,4.28,89300,4.29,D
sz000100,TCL科技,2025-10-30 09:45:57,4.3,8902610,4.28,U
sz000100,TCL科技,2025-10-30 09:46:00,4.29,379421,4.3,D
sz000100,TCL科技,2025-10-30 09:46:03,4.29,85200,4.29,D
sz000100,TCL科技,2025-10-30 09:46:06,4.3,173800,4.29,U
sz000100,TCL科技,2025-10-30 09:46:09,4.29,62700,4.3,D
sz000100,TCL科技,2025-10-30 09:46:12,4.29,309400,4.29,D
sz000100,TCL科技,2025-10-30 09:46:15,4.3,1204400,4.29,U
sz000100,TCL科技,2025-10-30 09:46:18,4.29,245500,4.3,D
sz000100,TCL科技,2025-10-30 09:46:21,4.3,51400,4.29,U
sz000100,TCL科技,2025-10-30 09:46:24,4.29,171200,4.3,D
sz000100,TCL科技,2025-10-30 09:46:27,4.3,54000,4.29,U
sz000100,TCL科技,2025-10-30 09:46:30,4.29,320900,4.3,D
sz000100,TCL科技,2025-10-30 09:46:33,4.3,68100,4.29,U
sz000100,TCL科技,2025-10-30 09:46:36,4.3,226900,4.3,U
sz000100,TCL科技,2025-10-30 09:46:39,4.3,84300,4.3,U
sz000100,TCL科技,2025-10-30 09:46:42,4.29,171300,4.3,D
sz000100,TCL科技,2025-10-30 09:46:45,4.3,126600,4.29,U
sz000100,TCL科技,2025-10-30 09:46:48,4.3,297900,4.3,U
sz000100,TCL科技,2025-10-30 09:46:54,4.29,5547779,4.29,D
sz000100,TCL科技,2025-10-30 09:46:57,4.29,283300,4.29,U
sz000100,TCL科技,2025-10-30 09:47:00,4.29,194500,4.29,U
sz000100,TCL科技,2025-10-30 09:47:03,4.28,80200,4.29,D
sz000100,TCL科技,2025-10-30 09:47:06,4.29,518600,4.28,U
sz000100,TCL科技,2025-10-30 09:47:09,4.29,281000,4.29,U
sz000100,TCL科技,2025-10-30 09:47:12,4.29,183000,4.29,U
sz000100,TCL科技,2025-10-30 09:47:15,4.29,122300,4.29,U
sz000100,TCL科技,2025-10-30 09:47:18,4.29,687200,4.29,U
sz000100,TCL科技,2025-10-30 09:47:21,4.29,66900,4.29,U
sz000100,TCL科技,2025-10-30 09:47:24,4.29,411700,4.29,U
sz000100,TCL科技,2025-10-30 09:47:27,4.29,375300,4.29,U
sz000100,TCL科技,2025-10-30 09:47:30,4.29,38300,4.29,U
sz000100,TCL科技,2025-10-30 09:47:33,4.28,31800,4.29,D
sz000100,TCL科技,2025-10-30 09:47:36,4.28,71000,4.28,D
sz000100,TCL科技,2025-10-30 09:47:39,4.29,678400,4.28,U
sz000100,TCL科技,2025-10-30 09:47:42,4.28,70400,4.29,D
sz000100,TCL科技,2025-10-30 09:47:45,4.29,22000,4.28,U
sz000100,TCL科技,2025-10-30 09:47:48,4.29,78600,4.29,U
sz000100,TCL科技,2025-10-30 09:47:51,4.29,35600,4.29,U
sz000100,TCL科技,2025-10-30 09:47:54,4.29,93600,4.29,U
sz000100,TCL科技,2025-10-30 09:47:57,4.29,72800,4.29,U
sz000100,TCL科技,2025-10-30 09:48:00,4.29,581000,4.29,U
sz000100,TCL科技,2025-10-30 09:48:03,4.29,62000,4.29,U
sz000100,TCL科技,2025-10-30 09:48:06,4.29,85600,4.29,U
sz000100,TCL科技,2025-10-30 09:48:09,4.29,2248800,4.29,U
sz000100,TCL科技,2025-10-30 09:48:12,4.3,1185670,4.29,U
sz000100,TCL科技,2025-10-30 09:48:15,4.29,141000,4.3,D
sz000100,TCL科技,2025-10-30 09:48:18,4.29,149500,4.29,D
sz000100,TCL科技,2025-10-30 09:48:21,4.29,209900,4.29,D
sz000100,TCL科技,2025-10-30 09:48:24,4.29,61400,4.29,D
sz000100,TCL科技,2025-10-30 09:48:27,4.3,139880,4.29,U
sz000100,TCL科技,2025-10-30 09:48:30,4.3,41900,4.3,U
sz000100,TCL科技,2025-10-30 09:48:33,4.29,87100,4.3,D
sz000100,TCL科技,2025-10-30 09:48:36,4.3,390000,4.29,U
sz000100,TCL科技,2025-10-30 09:48:39,4.29,57600,4.3,D
sz000100,TCL科技,2025-10-30 09:48:42,4.3,283300,4.29,U
sz000100,TCL科技,2025-10-30 09:48:45,4.29,71100,4.3,D
sz000100,TCL科技,2025-10-30 09:48:48,4.3,599200,4.29,U
sz000100,TCL科技,2025-10-30 09:48:51,4.3,36500,4.3,U
sz000100,TCL科技,2025-10-30 09:48:54,4.3,218000,4.3,U
sz000100,TCL科技,2025-10-30 09:48:57,4.29,40900,4.3,D
sz000100,TCL科技,2025-10-30 09:49:00,4.29,50500,4.29,D
sz000100,TCL科技,2025-10-30 09:49:03,4.29,35500,4.29,D
sz000100,TCL科技,2025-10-30 09:49:06,4.3,127700,4.29,U
sz000100,TCL科技,2025-10-30 09:49:09,4.29,116300,4.3,D
sz000100,TCL科技,2025-10-30 09:49:12,4.29,74600,4.29,D
sz000100,TCL科技,2025-10-30 09:49:15,4.29,46800,4.29,D
sz000100,TCL科技,2025-10-30 09:49:18,4.3,74800,4.29,U
sz000100,TCL科技,2025-10-30 09:49:21,4.29,113100,4.3,D
sz000100,TCL科技,2025-10-30 09:49:24,4.29,70400,4.29,D
sz000100,TCL科技,2025-10-30 09:49:27,4.3,69800,4.29,U
sz000100,TCL科技,2025-10-30 09:49:30,4.3,20400,4.3,U
sz000100,TCL科技,2025-10-30 09:49:33,4.29,120810,4.3,D
sz000100,TCL科技,2025-10-30 09:49:36,4.3,66400,4.29,U
sz000100,TCL科技,2025-10-30 09:49:39,4.3,286800,4.3,U
sz000100,TCL科技,2025-10-30 09:49:42,4.3,24910,4.3,U
sz000100,TCL科技,2025-10-30 09:49:45,4.29,24200,4.3,D
sz000100,TCL科技,2025-10-30 09:49:48,4.3,82300,4.29,U
sz000100,TCL科技,2025-10-30 09:49:51,4.29,35600,4.3,D
sz000100,TCL科技,2025-10-30 09:49:54,4.3,98200,4.29,U
sz000100,TCL科技,2025-10-30 09:49:57,4.3,78500,4.3,U
sz000100,TCL科技,2025-10-30 09:50:00,4.3,82000,4.3,U
sz000100,TCL科技,2025-10-30 09:50:03,4.29,93800,4.3,D
sz000100,TCL科技,2025-10-30 09:50:06,4.3,170100,4.29,U
sz000100,TCL科技,2025-10-30 09:50:09,4.29,293900,4.3,D
sz000100,TCL科技,2025-10-30 09:50:12,4.3,148900,4.29,U
sz000100,TCL科技,2025-10-30 09:50:15,4.29,74500,4.3,D
sz000100,TCL科技,2025-10-30 09:50:18,4.29,424400,4.29,D
sz000100,TCL科技,2025-10-30 09:50:21,4.29,62800,4.29,D
sz000100,TCL科技,2025-10-30 09:50:24,4.29,156100,4.29,D
sz000100,TCL科技,2025-10-30 09:50:27,4.29,164600,4.29,D
sz000100,TCL科技,2025-10-30 09:50:30,4.29,618300,4.29,D
sz000100,TCL科技,2025-10-30 09:50:33,4.29,256300,4.29,D
sz000100,TCL科技,2025-10-30 09:50:36,4.29,2462500,4.29,D
sz000100,TCL科技,2025-10-30 09:50:39,4.29,62100,4.29,U
sz000100,TCL科技,2025-10-30 09:50:45,4.29,154600,4.29,U
sz000100,TCL科技,2025-10-30 09:50:48,4.28,44700,4.29,D
sz000100,TCL科技,2025-10-30 09:50:57,4.28,30800,4.28,D
sz000100,TCL科技,2025-10-30 09:51:00,4.28,29900,4.28,D
sz000100,TCL科技,2025-10-30 09:51:03,4.28,20500,4.28,D
sz000100,TCL科技,2025-10-30 09:51:09,4.29,114100,4.28,U
sz000100,TCL科技,2025-10-30 09:51:12,4.28,109730,4.29,D
sz000100,TCL科技,2025-10-30 09:51:15,4.29,25500,4.28,U
sz000100,TCL科技,2025-10-30 09:51:21,4.28,216700,4.28,D
sz000100,TCL科技,2025-10-30 09:51:24,4.28,22600,4.28,D
sz000100,TCL科技,2025-10-30 09:51:27,4.28,65000,4.28,D
sz000100,TCL科技,2025-10-30 09:51:30,4.28,59200,4.28,D
sz000100,TCL科技,2025-10-30 09:51:33,4.28,178900,4.28,D
sz000100,TCL科技,2025-10-30 09:51:36,4.29,53100,4.28,U
sz000100,TCL科技,2025-10-30 09:51:42,4.28,67000,4.28,D
sz000100,TCL科技,2025-10-30 09:51:45,4.28,88100,4.28,D
sz000100,TCL科技,2025-10-30 09:51:48,4.28,40000,4.28,D
sz000100,TCL科技,2025-10-30 09:51:51,4.28,36600,4.28,D
sz000100,TCL科技,2025-10-30 09:51:54,4.29,1126600,4.28,U
sz000100,TCL科技,2025-10-30 09:51:57,4.28,30200,4.29,D
sz000100,TCL科技,2025-10-30 09:52:06,4.29,79100,4.28,U
sz000100,TCL科技,2025-10-30 09:52:15,4.28,130000,4.29,D
sz000100,TCL科技,2025-10-30 09:52:18,4.29,62000,4.28,U
sz000100,TCL科技,2025-10-30 09:52:21,4.28,27800,4.29,D
sz000100,TCL科技,2025-10-30 09:52:27,4.29,66600,4.28,U
sz000100,TCL科技,2025-10-30 09:52:30,4.28,28400,4.29,D
sz000100,TCL科技,2025-10-30 09:52:33,4.28,274300,4.28,D
sz000100,TCL科技,2025-10-30 09:52:36,4.29,56500,4.28,U
sz000100,TCL科技,2025-10-30 09:52:39,4.28,1023000,4.29,D
sz000100,TCL科技,2025-10-30 09:52:42,4.29,172400,4.28,U
sz000100,TCL科技,2025-10-30 09:52:45,4.28,69200,4.29,D
sz000100,TCL科技,2025-10-30 09:52:48,4.29,396700,4.28,U
sz000100,TCL科技,2025-10-30 09:52:51,4.28,110400,4.29,D
sz000100,TCL科技,2025-10-30 09:52:54,4.29,1031200,4.28,U
sz000100,TCL科技,2025-10-30 09:52:57,4.28,129400,4.29,D
sz000100,TCL科技,2025-10-30 09:53:00,4.28,377400,4.28,D
sz000100,TCL科技,2025-10-30 09:53:03,4.28,170900,4.28,D
sz000100,TCL科技,2025-10-30 09:53:06,4.29,94400,4.28,U
sz000100,TCL科技,2025-10-30 09:53:09,4.28,44100,4.29,D
sz000100,TCL科技,2025-10-30 09:53:12,4.28,25400,4.28,D
sz000100,TCL科技,2025-10-30 09:53:15,4.28,29900,4.28,D
sz000100,TCL科技,2025-10-30 09:53:18,4.28,192500,4.28,D
sz000100,TCL科技,2025-10-30 09:53:21,4.28,84300,4.28,D
sz000100,TCL科技,2025-10-30 09:53:24,4.28,55020,4.28,D
sz000100,TCL科技,2025-10-30 09:53:27,4.28,1030900,4.28,D
sz000100,TCL科技,2025-10-30 09:53:30,4.28,147900,4.28,D
sz000100,TCL科技,2025-10-30 09:53:33,4.28,161200,4.28,D
sz000100,TCL科技,2025-10-30 09:53:36,4.28,1037000,4.28,D
sz000100,TCL科技,2025-10-30 09:53:39,4.28,437200,4.28,D
sz000100,TCL科技,2025-10-30 09:53:42,4.28,195040,4.28,D
sz000100,TCL科技,2025-10-30 09:53:45,4.28,364100,4.28,D
sz000100,TCL科技,2025-10-30 09:53:48,4.28,88800,4.28,D
sz000100,TCL科技,2025-10-30 09:53:51,4.28,89700,4.28,D
sz000100,TCL科技,2025-10-30 09:53:54,4.28,294900,4.28,D
sz000100,TCL科技,2025-10-30 09:53:57,4.28,200100,4.28,D
sz000100,TCL科技,2025-10-30 09:54:00,4.28,92300,4.28,D
sz000100,TCL科技,2025-10-30 09:54:03,4.28,115700,4.28,D
sz000100,TCL科技,2025-10-30 09:54:06,4.29,113300,4.28,U
sz000100,TCL科技,2025-10-30 09:54:09,4.28,53700,4.29,D
sz000100,TCL科技,2025-10-30 09:54:12,4.28,91500,4.28,D
sz000100,TCL科技,2025-10-30 09:54:15,4.28,58400,4.28,D
sz000100,TCL科技,2025-10-30 09:54:18,4.29,58200,4.28,U
sz000100,TCL科技,2025-10-30 09:54:24,4.28,49100,4.28,D
sz000100,TCL科技,2025-10-30 09:54:27,4.28,247700,4.28,D
sz000100,TCL科技,2025-10-30 09:54:30,4.28,26200,4.28,D
sz000100,TCL科技,2025-10-30 09:54:33,4.28,211800,4.28,D
sz000100,TCL科技,2025-10-30 09:54:36,4.28,29500,4.28,D
sz000100,TCL科技,2025-10-30 09:54:39,4.28,92700,4.28,D
sz000100,TCL科技,2025-10-30 09:54:42,4.28,207200,4.28,D
sz000100,TCL科技,2025-10-30 09:54:45,4.28,47410,4.28,D
sz000100,TCL科技,2025-10-30 09:54:48,4.29,43700,4.28,U
sz000100,TCL科技,2025-10-30 09:54:51,4.28,77000,4.29,D
sz000100,TCL科技,2025-10-30 09:54:54,4.28,305600,4.28,D
sz000100,TCL科技,2025-10-30 09:54:57,4.28,185200,4.28,D
sz000100,TCL科技,2025-10-30 09:55:00,4.28,45800,4.28,D
sz000100,TCL科技,2025-10-30 09:55:03,4.28,40200,4.28,D
sz000100,TCL科技,2025-10-30 09:55:06,4.28,125200,4.28,D
sz000100,TCL科技,2025-10-30 09:55:09,4.28,85000,4.28,D
sz000100,TCL科技,2025-10-30 09:55:12,4.28,56800,4.28,D
sz000100,TCL科技,2025-10-30 09:55:15,4.28,38700,4.28,D
sz000100,TCL科技,2025-10-30 09:55:18,4.28,20200,4.28,D
sz000100,TCL科技,2025-10-30 09:55:21,4.28,76700,4.28,D
sz000100,TCL科技,2025-10-30 09:55:24,4.28,22300,4.28,D
sz000100,TCL科技,2025-10-30 09:55:27,4.28,48100,4.28,D
sz000100,TCL科技,2025-10-30 09:55:30,4.28,42700,4.28,D
sz000100,TCL科技,2025-10-30 09:55:33,4.28,56500,4.28,D
sz000100,TCL科技,2025-10-30 09:55:36,4.29,21900,4.28,U
sz000100,TCL科技,2025-10-30 09:55:39,4.28,113000,4.29,D
sz000100,TCL科技,2025-10-30 09:55:42,4.28,85900,4.28,D
sz000100,TCL科技,2025-10-30 09:55:45,4.28,47200,4.28,D
sz000100,TCL科技,2025-10-30 09:55:48,4.28,34100,4.28,D
sz000100,TCL科技,2025-10-30 09:55:57,4.28,37200,4.28,D
sz000100,TCL科技,2025-10-30 09:56:00,4.28,40000,4.28,D
sz000100,TCL科技,2025-10-30 09:56:03,4.28,31100,4.28,D
sz000100,TCL科技,2025-10-30 09:56:09,4.28,40800,4.29,D
sz000100,TCL科技,2025-10-30 09:56:12,4.29,265710,4.28,U
sz000100,TCL科技,2025-10-30 09:56:15,4.29,41200,4.29,U
sz000100,TCL科技,2025-10-30 09:56:18,4.28,242600,4.29,D
sz000100,TCL科技,2025-10-30 09:56:21,4.29,44400,4.28,U
sz000100,TCL科技,2025-10-30 09:56:24,4.28,63300,4.29,D
sz000100,TCL科技,2025-10-30 09:56:27,4.28,77400,4.28,D
sz000100,TCL科技,2025-10-30 09:56:33,4.28,38100,4.28,D
sz000100,TCL科技,2025-10-30 09:56:36,4.29,35680,4.28,U
sz000100,TCL科技,2025-10-30 09:56:39,4.29,258400,4.29,U
sz000100,TCL科技,2025-10-30 09:56:42,4.28,123700,4.29,D
sz000100,TCL科技,2025-10-30 09:56:45,4.28,53900,4.28,D
sz000100,TCL科技,2025-10-30 09:56:54,4.29,67700,4.28,U
sz000100,TCL科技,2025-10-30 09:56:57,4.29,25500,4.29,U
sz000100,TCL科技,2025-10-30 09:57:00,4.28,144100,4.29,D
sz000100,TCL科技,2025-10-30 09:57:06,4.28,110300,4.28,D
sz000100,TCL科技,2025-10-30 09:57:12,4.28,62100,4.29,D
sz000100,TCL科技,2025-10-30 09:57:15,4.28,27900,4.28,D
sz000100,TCL科技,2025-10-30 09:57:21,4.28,39400,4.28,D
sz000100,TCL科技,2025-10-30 09:57:30,4.29,573600,4.28,U
sz000100,TCL科技,2025-10-30 09:57:45,4.28,231400,4.29,D
sz000100,TCL科技,2025-10-30 09:57:51,4.28,235900,4.28,D
sz000100,TCL科技,2025-10-30 09:57:54,4.28,31110,4.28,D
sz000100,TCL科技,2025-10-30 09:57:57,4.28,41800,4.28,D
sz000100,TCL科技,2025-10-30 09:58:00,4.29,124800,4.28,U
sz000100,TCL科技,2025-10-30 09:58:09,4.29,128300,4.29,U
sz000100,TCL科技,2025-10-30 09:58:27,4.29,23200,4.28,U
sz000100,TCL科技,2025-10-30 09:58:30,4.29,54700,4.29,U
sz000100,TCL科技,2025-10-30 09:58:48,4.28,49900,4.28,D
sz000100,TCL科技,2025-10-30 09:58:57,4.28,57700,4.29,D
sz000100,TCL科技,2025-10-30 09:59:00,4.28,27700,4.28,D
sz000100,TCL科技,2025-10-30 09:59:06,4.29,107100,4.28,U
sz000100,TCL科技,2025-10-30 09:59:12,4.28,39400,4.29,D
sz000100,TCL科技,2025-10-30 09:59:15,4.28,136900,4.28,D
sz000100,TCL科技,2025-10-30 09:59:18,4.28,219900,4.28,D
sz000100,TCL科技,2025-10-30 09:59:21,4.28,136300,4.28,D
sz000100,TCL科技,2025-10-30 09:59:24,4.28,20500,4.28,D
sz000100,TCL科技,2025-10-30 09:59:27,4.28,32400,4.28,D
sz000100,TCL科技,2025-10-30 09:59:30,4.29,47500,4.28,U
sz000100,TCL科技,2025-10-30 09:59:33,4.28,40100,4.29,D
sz000100,TCL科技,2025-10-30 09:59:39,4.29,35900,4.29,U
sz000100,TCL科技,2025-10-30 09:59:42,4.29,86400,4.29,U
sz000100,TCL科技,2025-10-30 09:59:45,4.29,27820,4.29,U
sz000100,TCL科技,2025-10-30 09:59:51,4.29,117200,4.29,U
sz000100,TCL科技,2025-10-30 09:59:54,4.28,132300,4.29,D
sz000100,TCL科技,2025-10-30 09:59:57,4.29,90800,4.28,U
sz000100,TCL科技,2025-10-30 10:00:00,4.29,41100,4.29,U
sz000100,TCL科技,2025-10-30 10:00:03,4.29,141300,4.29,U
sz000100,TCL科技,2025-10-30 10:00:06,4.28,5463500,4.29,D
sz000100,TCL科技,2025-10-30 10:00:09,4.28,653800,4.28,U
sz000100,TCL科技,2025-10-30 10:00:12,4.28,79100,4.28,U
sz000100,TCL科技,2025-10-30 10:00:15,4.28,362100,4.28,U
sz000100,TCL科技,2025-10-30 10:00:18,4.28,28700,4.28,D
sz000100,TCL科技,2025-10-30 10:00:21,4.28,70100,4.28,D
sz000100,TCL科技,2025-10-30 10:00:27,4.28,40700,4.28,D
sz000100,TCL科技,2025-10-30 10:00:30,4.28,63800,4.28,D
sz000100,TCL科技,2025-10-30 10:00:36,4.28,44100,4.28,D
sz000100,TCL科技,2025-10-30 10:00:42,4.28,54500,4.28,D
sz000100,TCL科技,2025-10-30 10:00:45,4.28,29100,4.28,D
sz000100,TCL科技,2025-10-30 10:00:48,4.28,36300,4.28,D
sz000100,TCL科技,2025-10-30 10:00:51,4.28,64700,4.28,D
sz000100,TCL科技,2025-10-30 10:00:57,4.28,38300,4.28,D
sz000100,TCL科技,2025-10-30 10:01:06,4.29,21978,4.28,U
sz000100,TCL科技,2025-10-30 10:01:12,4.28,96000,4.28,D
sz000100,TCL科技,2025-10-30 10:01:24,4.28,29900,4.28,D
sz000100,TCL科技,2025-10-30 10:01:30,4.28,116000,4.28,D
sz000100,TCL科技,2025-10-30 10:01:33,4.28,28600,4.28,D
sz000100,TCL科技,2025-10-30 10:01:36,4.28,37200,4.28,D
sz000100,TCL科技,2025-10-30 10:01:39,4.28,25400,4.28,D
sz000100,TCL科技,2025-10-30 10:01:42,4.28,58800,4.28,D
sz000100,TCL科技,2025-10-30 10:01:45,4.28,77900,4.28,D
sz000100,TCL科技,2025-10-30 10:01:48,4.28,35000,4.28,D
sz000100,TCL科技,2025-10-30 10:01:51,4.28,28600,4.28,D
sz000100,TCL科技,2025-10-30 10:01:54,4.28,85900,4.28,D
sz000100,TCL科技,2025-10-30 10:01:57,4.29,61000,4.28,U
sz000100,TCL科技,2025-10-30 10:02:03,4.28,53100,4.28,D
sz000100,TCL科技,2025-10-30 10:02:06,4.28,227400,4.28,D
sz000100,TCL科技,2025-10-30 10:02:09,4.28,61400,4.28,D
sz000100,TCL科技,2025-10-30 10:02:12,4.29,43500,4.28,U
sz000100,TCL科技,2025-10-30 10:02:15,4.29,52100,4.29,U
sz000100,TCL科技,2025-10-30 10:02:18,4.28,128600,4.29,D
sz000100,TCL科技,2025-10-30 10:02:21,4.29,32300,4.28,U
sz000100,TCL科技,2025-10-30 10:02:24,4.28,39800,4.29,D
sz000100,TCL科技,2025-10-30 10:02:30,4.29,160300,4.28,U
sz000100,TCL科技,2025-10-30 10:02:33,4.28,25100,4.29,D
sz000100,TCL科技,2025-10-30 10:02:42,4.28,24100,4.29,D
sz000100,TCL科技,2025-10-30 10:02:45,4.29,200400,4.28,U
sz000100,TCL科技,2025-10-30 10:02:51,4.28,30400,4.29,D
sz000100,TCL科技,2025-10-30 10:02:54,4.28,134000,4.28,D
sz000100,TCL科技,2025-10-30 10:02:57,4.28,87100,4.28,D
sz000100,TCL科技,2025-10-30 10:03:03,4.28,61700,4.28,D
sz000100,TCL科技,2025-10-30 10:03:09,4.28,37600,4.29,D
sz000100,TCL科技,2025-10-30 10:03:12,4.28,66210,4.28,D
sz000100,TCL科技,2025-10-30 10:03:15,4.28,92300,4.28,D
sz000100,TCL科技,2025-10-30 10:03:18,4.28,1079400,4.28,D
sz000100,TCL科技,2025-10-30 10:03:21,4.28,220900,4.28,D
sz000100,TCL科技,2025-10-30 10:03:24,4.28,342090,4.28,D
sz000100,TCL科技,2025-10-30 10:03:27,4.28,58900,4.28,D
sz000100,TCL科技,2025-10-30 10:03:30,4.28,33100,4.28,D
sz000100,TCL科技,2025-10-30 10:03:33,4.28,206400,4.28,D
sz000100,TCL科技,2025-10-30 10:03:36,4.29,89600,4.28,U
sz000100,TCL科技,2025-10-30 10:03:42,4.28,47000,4.29,D
sz000100,TCL科技,2025-10-30 10:03:45,4.28,30300,4.28,D
sz000100,TCL科技,2025-10-30 10:03:48,4.28,91600,4.28,D
sz000100,TCL科技,2025-10-30 10:03:51,4.28,111400,4.28,D
sz000100,TCL科技,2025-10-30 10:03:54,4.28,58600,4.28,D
sz000100,TCL科技,2025-10-30 10:03:57,4.29,118400,4.28,U
sz000100,TCL科技,2025-10-30 10:04:00,4.28,45600,4.29,D
sz000100,TCL科技,2025-10-30 10:04:03,4.29,31100,4.28,U
sz000100,TCL科技,2025-10-30 10:04:09,4.28,63300,4.29,D
sz000100,TCL科技,2025-10-30 10:04:12,4.28,171200,4.28,D
sz000100,TCL科技,2025-10-30 10:04:15,4.28,66900,4.28,D
sz000100,TCL科技,2025-10-30 10:04:18,4.28,196600,4.28,D
sz000100,TCL科技,2025-10-30 10:04:21,4.28,373400,4.28,D
sz000100,TCL科技,2025-10-30 10:04:24,4.28,34200,4.28,D
sz000100,TCL科技,2025-10-30 10:04:27,4.28,23500,4.28,D
sz000100,TCL科技,2025-10-30 10:04:30,4.28,22100,4.28,D
sz000100,TCL科技,2025-10-30 10:04:33,4.28,24200,4.28,D
sz000100,TCL科技,2025-10-30 10:04:36,4.28,42200,4.28,D
sz000100,TCL科技,2025-10-30 10:04:39,4.28,31700,4.28,D
sz000100,TCL科技,2025-10-30 10:04:42,4.28,97100,4.28,D
sz000100,TCL科技,2025-10-30 10:04:45,4.28,49700,4.28,D
sz000100,TCL科技,2025-10-30 10:04:48,4.28,39000,4.28,D
sz000100,TCL科技,2025-10-30 10:04:51,4.28,151200,4.28,D
sz000100,TCL科技,2025-10-30 10:04:54,4.29,153800,4.28,U
sz000100,TCL科技,2025-10-30 10:05:00,4.28,130000,4.28,D
sz000100,TCL科技,2025-10-30 10:05:03,4.28,47200,4.28,D
sz000100,TCL科技,2025-10-30 10:05:06,4.29,106300,4.28,U
sz000100,TCL科技,2025-10-30 10:05:09,4.28,78500,4.29,D
sz000100,TCL科技,2025-10-30 10:05:12,4.28,525100,4.28,D
sz000100,TCL科技,2025-10-30 10:05:15,4.28,252200,4.28,D
sz000100,TCL科技,2025-10-30 10:05:18,4.28,161700,4.28,U
sz000100,TCL科技,2025-10-30 10:05:21,4.28,94540,4.28,D
sz000100,TCL科技,2025-10-30 10:05:24,4.28,596020,4.28,D
sz000100,TCL科技,2025-10-30 10:05:36,4.29,65900,4.29,U
sz000100,TCL科技,2025-10-30 10:05:42,4.28,23800,4.28,D
sz000100,TCL科技,2025-10-30 10:05:45,4.28,78100,4.28,D
sz000100,TCL科技,2025-10-30 10:05:48,4.28,100600,4.28,D
sz000100,TCL科技,2025-10-30 10:05:54,4.28,37300,4.28,D
sz000100,TCL科技,2025-10-30 10:05:57,4.28,58000,4.28,D
sz000100,TCL科技,2025-10-30 10:06:00,4.28,139300,4.28,D
sz000100,TCL科技,2025-10-30 10:06:03,4.28,38500,4.28,D
sz000100,TCL科技,2025-10-30 10:06:06,4.29,26700,4.28,U
sz000100,TCL科技,2025-10-30 10:06:09,4.28,427400,4.29,D
sz000100,TCL科技,2025-10-30 10:06:12,4.28,349500,4.28,U
sz000100,TCL科技,2025-10-30 10:06:15,4.28,49800,4.28,D
sz000100,TCL科技,2025-10-30 10:06:27,4.28,22000,4.28,D
sz000100,TCL科技,2025-10-30 10:06:33,4.28,28900,4.28,D
sz000100,TCL科技,2025-10-30 10:06:45,4.29,73000,4.28,U
sz000100,TCL科技,2025-10-30 10:06:48,4.29,28500,4.29,U
sz000100,TCL科技,2025-10-30 10:06:51,4.28,26310,4.29,D
sz000100,TCL科技,2025-10-30 10:06:54,4.28,77200,4.28,D
sz000100,TCL科技,2025-10-30 10:07:00,4.28,21400,4.28,D
sz000100,TCL科技,2025-10-30 10:07:06,4.29,25000,4.28,U
sz000100,TCL科技,2025-10-30 10:07:09,4.28,116000,4.29,D
sz000100,TCL科技,2025-10-30 10:07:12,4.29,39100,4.28,U
sz000100,TCL科技,2025-10-30 10:07:15,4.29,20800,4.29,U
sz000100,TCL科技,2025-10-30 10:07:24,4.28,149500,4.29,D
sz000100,TCL科技,2025-10-30 10:07:27,4.28,135100,4.28,D
sz000100,TCL科技,2025-10-30 10:07:30,4.28,118100,4.28,D
sz000100,TCL科技,2025-10-30 10:07:33,4.28,40900,4.28,D
sz000100,TCL科技,2025-10-30 10:07:36,4.29,43000,4.28,U
sz000100,TCL科技,2025-10-30 10:07:42,4.28,116000,4.28,D
sz000100,TCL科技,2025-10-30 10:07:45,4.28,49600,4.28,D
sz000100,TCL科技,2025-10-30 10:07:48,4.29,34400,4.28,U
sz000100,TCL科技,2025-10-30 10:07:51,4.28,60200,4.29,D
sz000100,TCL科技,2025-10-30 10:07:54,4.28,26800,4.28,D
sz000100,TCL科技,2025-10-30 10:08:00,4.29,45800,4.28,U
sz000100,TCL科技,2025-10-30 10:08:03,4.28,63900,4.29,D
sz000100,TCL科技,2025-10-30 10:08:06,4.29,21500,4.28,U
sz000100,TCL科技,2025-10-30 10:08:09,4.28,49900,4.29,D
sz000100,TCL科技,2025-10-30 10:08:12,4.28,270700,4.28,D
sz000100,TCL科技,2025-10-30 10:08:15,4.29,52400,4.28,U
sz000100,TCL科技,2025-10-30 10:08:24,4.29,338700,4.29,U
sz000100,TCL科技,2025-10-30 10:08:27,4.29,20300,4.29,U
sz000100,TCL科技,2025-10-30 10:08:33,4.28,92470,4.29,D
sz000100,TCL科技,2025-10-30 10:08:45,4.29,36400,4.28,U
sz000100,TCL科技,2025-10-30 10:08:48,4.28,30100,4.29,D
sz000100,TCL科技,2025-10-30 10:08:54,4.29,65200,4.28,U
sz000100,TCL科技,2025-10-30 10:08:57,4.29,32500,4.29,U
sz000100,TCL科技,2025-10-30 10:09:03,4.29,407200,4.29,U
sz000100,TCL科技,2025-10-30 10:09:06,4.29,23800,4.29,U
sz000100,TCL科技,2025-10-30 10:09:09,4.28,85900,4.29,D
sz000100,TCL科技,2025-10-30 10:09:18,4.29,24300,4.29,U
sz000100,TCL科技,2025-10-30 10:09:21,4.29,65200,4.29,U
sz000100,TCL科技,2025-10-30 10:09:24,4.29,51800,4.29,U
sz000100,TCL科技,2025-10-30 10:09:30,4.28,93500,4.29,D
sz000100,TCL科技,2025-10-30 10:09:33,4.28,257900,4.28,D
sz000100,TCL科技,2025-10-30 10:09:36,4.29,21100,4.28,U
sz000100,TCL科技,2025-10-30 10:09:45,4.28,70700,4.28,D
sz000100,TCL科技,2025-10-30 10:09:48,4.28,144400,4.28,D
sz000100,TCL科技,2025-10-30 10:09:57,4.28,132200,4.28,D
sz000100,TCL科技,2025-10-30 10:10:03,4.28,54600,4.28,D
sz000100,TCL科技,2025-10-30 10:10:06,4.29,31500,4.28,U
sz000100,TCL科技,2025-10-30 10:10:09,4.28,51100,4.29,D
sz000100,TCL科技,2025-10-30 10:10:12,4.28,505000,4.28,D
sz000100,TCL科技,2025-10-30 10:10:18,4.28,116540,4.28,D
sz000100,TCL科技,2025-10-30 10:10:21,4.28,33700,4.28,D
sz000100,TCL科技,2025-10-30 10:10:24,4.28,72000,4.28,D
sz000100,TCL科技,2025-10-30 10:10:27,4.28,41200,4.28,D
sz000100,TCL科技,2025-10-30 10:10:30,4.28,34800,4.28,D
sz000100,TCL科技,2025-10-30 10:10:36,4.29,55900,4.28,U
sz000100,TCL科技,2025-10-30 10:10:39,4.28,53400,4.29,D
sz000100,TCL科技,2025-10-30 10:10:48,4.28,154500,4.28,D
sz000100,TCL科技,2025-10-30 10:10:54,4.28,132300,4.28,D
sz000100,TCL科技,2025-10-30 10:11:00,4.29,116200,4.28,U
sz000100,TCL科技,2025-10-30 10:11:06,4.28,47900,4.28,D
sz000100,TCL科技,2025-10-30 10:11:09,4.28,81700,4.28,D
sz000100,TCL科技,2025-10-30 10:11:12,4.28,35500,4.28,D
sz000100,TCL科技,2025-10-30 10:11:15,4.28,32600,4.28,D
sz000100,TCL科技,2025-10-30 10:11:21,4.28,44700,4.28,D
sz000100,TCL科技,2025-10-30 10:11:27,4.28,46100,4.28,D
sz000100,TCL科技,2025-10-30 10:11:33,4.29,56300,4.28,U
sz000100,TCL科技,2025-10-30 10:11:36,4.29,51600,4.29,U
sz000100,TCL科技,2025-10-30 10:11:39,4.28,20400,4.29,D
sz000100,TCL科技,2025-10-30 10:11:45,4.28,519600,4.28,D
sz000100,TCL科技,2025-10-30 10:11:57,4.28,75300,4.28,D
sz000100,TCL科技,2025-10-30 10:12:00,4.28,64700,4.28,D
sz000100,TCL科技,2025-10-30 10:12:03,4.28,40500,4.28,D
sz000100,TCL科技,2025-10-30 10:12:06,4.29,54600,4.28,U
sz000100,TCL科技,2025-10-30 10:12:15,4.28,125100,4.28,D
sz000100,TCL科技,2025-10-30 10:12:30,4.28,52100,4.29,D
sz000100,TCL科技,2025-10-30 10:12:33,4.29,82400,4.28,U
sz000100,TCL科技,2025-10-30 10:12:39,4.29,33500,4.29,U
sz000100,TCL科技,2025-10-30 10:12:45,4.29,195500,4.29,U
sz000100,TCL科技,2025-10-30 10:12:48,4.28,22800,4.29,D
sz000100,TCL科技,2025-10-30 10:12:51,4.28,134000,4.28,D
sz000100,TCL科技,2025-10-30 10:13:03,4.29,41900,4.29,U
sz000100,TCL科技,2025-10-30 10:13:06,4.29,22710,4.29,U
sz000100,TCL科技,2025-10-30 10:13:21,4.28,82300,4.28,D
sz000100,TCL科技,2025-10-30 10:13:27,4.28,118000,4.28,D
sz000100,TCL科技,2025-10-30 10:13:33,4.29,35500,4.29,U
sz000100,TCL科技,2025-10-30 10:13:36,4.28,67900,4.29,D
sz000100,TCL科技,2025-10-30 10:13:39,4.29,54300,4.28,U
sz000100,TCL科技,2025-10-30 10:13:42,4.28,156400,4.29,D
sz000100,TCL科技,2025-10-30 10:13:48,4.28,155700,4.29,D
sz000100,TCL科技,2025-10-30 10:13:54,4.29,451100,4.28,U
sz000100,TCL科技,2025-10-30 10:14:00,4.29,25200,4.29,U
sz000100,TCL科技,2025-10-30 10:14:03,4.29,55200,4.29,U
sz000100,TCL科技,2025-10-30 10:14:06,4.29,24100,4.29,U
sz000100,TCL科技,2025-10-30 10:14:12,4.29,4003400,4.28,U
sz000100,TCL科技,2025-10-30 10:14:15,4.29,2574500,4.29,U
sz000100,TCL科技,2025-10-30 10:14:18,4.29,360500,4.29,U
sz000100,TCL科技,2025-10-30 10:14:21,4.29,235800,4.29,U
sz000100,TCL科技,2025-10-30 10:14:24,4.29,368900,4.29,U
sz000100,TCL科技,2025-10-30 10:14:27,4.29,85000,4.29,U
sz000100,TCL科技,2025-10-30 10:14:30,4.29,45700,4.29,U
sz000100,TCL科技,2025-10-30 10:14:33,4.29,146830,4.29,U
sz000100,TCL科技,2025-10-30 10:14:36,4.29,255300,4.29,U
sz000100,TCL科技,2025-10-30 10:14:39,4.29,952200,4.29,U
sz000100,TCL科技,2025-10-30 10:14:42,4.29,7454265,4.29,U
sz000100,TCL科技,2025-10-30 10:14:45,4.3,107100,4.29,U
sz000100,TCL科技,2025-10-30 10:14:51,4.29,20800,4.3,D
sz000100,TCL科技,2025-10-30 10:14:54,4.3,25800,4.29,U
sz000100,TCL科技,2025-10-30 10:15:00,4.3,25400,4.29,U
sz000100,TCL科技,2025-10-30 10:15:06,4.3,91000,4.3,U
sz000100,TCL科技,2025-10-30 10:15:09,4.29,37400,4.3,D
sz000100,TCL科技,2025-10-30 10:15:12,4.29,104300,4.29,D
sz000100,TCL科技,2025-10-30 10:15:18,4.3,84200,4.29,U
sz000100,TCL科技,2025-10-30 10:15:21,4.3,22700,4.3,U
sz000100,TCL科技,2025-10-30 10:15:27,4.3,977900,4.3,U
sz000100,TCL科技,2025-10-30 10:15:30,4.29,381600,4.3,D
sz000100,TCL科技,2025-10-30 10:15:36,4.3,36400,4.29,U
sz000100,TCL科技,2025-10-30 10:15:39,4.3,23710,4.3,U
sz000100,TCL科技,2025-10-30 10:15:42,4.3,101300,4.3,U
sz000100,TCL科技,2025-10-30 10:15:48,4.3,30200,4.29,U
sz000100,TCL科技,2025-10-30 10:15:51,4.3,434900,4.3,U
sz000100,TCL科技,2025-10-30 10:15:54,4.3,50700,4.3,U
sz000100,TCL科技,2025-10-30 10:15:57,4.3,374600,4.3,U
sz000100,TCL科技,2025-10-30 10:16:00,4.3,2220200,4.3,U
sz000100,TCL科技,2025-10-30 10:16:03,4.3,15177700,4.3,U
sz000100,TCL科技,2025-10-30 10:16:06,4.31,332900,4.3,U
sz000100,TCL科技,2025-10-30 10:16:09,4.31,218600,4.31,U
sz000100,TCL科技,2025-10-30 10:16:12,4.31,3428600,4.31,U
sz000100,TCL科技,2025-10-30 10:16:15,4.31,635000,4.31,U
sz000100,TCL科技,2025-10-30 10:16:18,4.31,342900,4.31,U
sz000100,TCL科技,2025-10-30 10:16:21,4.31,799760,4.31,U
sz000100,TCL科技,2025-10-30 10:16:24,4.32,93300,4.31,U
sz000100,TCL科技,2025-10-30 10:16:27,4.32,82200,4.32,U
sz000100,TCL科技,2025-10-30 10:16:30,4.32,121300,4.32,U
sz000100,TCL科技,2025-10-30 10:16:33,4.32,325000,4.32,U
sz000100,TCL科技,2025-10-30 10:16:36,4.31,2779040,4.32,D
sz000100,TCL科技,2025-10-30 10:16:39,4.31,122200,4.31,U
sz000100,TCL科技,2025-10-30 10:16:42,4.31,134200,4.31,U
sz000100,TCL科技,2025-10-30 10:16:45,4.31,106000,4.31,U
sz000100,TCL科技,2025-10-30 10:16:48,4.31,84200,4.31,U
sz000100,TCL科技,2025-10-30 10:16:51,4.31,43700,4.31,U
sz000100,TCL科技,2025-10-30 10:16:54,4.31,54900,4.31,U
sz000100,TCL科技,2025-10-30 10:16:57,4.31,123200,4.31,U
sz000100,TCL科技,2025-10-30 10:17:00,4.31,72400,4.31,U
sz000100,TCL科技,2025-10-30 10:17:03,4.3,235000,4.31,D
sz000100,TCL科技,2025-10-30 10:17:06,4.31,50200,4.3,U
sz000100,TCL科技,2025-10-30 10:17:09,4.31,607200,4.31,U
sz000100,TCL科技,2025-10-30 10:17:12,4.3,34000,4.31,D
sz000100,TCL科技,2025-10-30 10:17:15,4.3,140600,4.3,D
sz000100,TCL科技,2025-10-30 10:17:18,4.31,68000,4.3,U
sz000100,TCL科技,2025-10-30 10:17:24,4.31,39900,4.3,U
sz000100,TCL科技,2025-10-30 10:17:27,4.31,76900,4.31,U
sz000100,TCL科技,2025-10-30 10:17:30,4.31,97700,4.31,U
sz000100,TCL科技,2025-10-30 10:17:33,4.31,73000,4.31,U
sz000100,TCL科技,2025-10-30 10:17:36,4.31,71000,4.31,U
sz000100,TCL科技,2025-10-30 10:17:39,4.31,902400,4.31,U
sz000100,TCL科技,2025-10-30 10:17:42,4.31,74900,4.31,U
sz000100,TCL科技,2025-10-30 10:17:45,4.31,169400,4.31,U
sz000100,TCL科技,2025-10-30 10:17:48,4.3,55700,4.31,D
sz000100,TCL科技,2025-10-30 10:17:51,4.31,61100,4.3,U
sz000100,TCL科技,2025-10-30 10:17:54,4.3,98200,4.31,D
sz000100,TCL科技,2025-10-30 10:17:57,4.31,25200,4.3,U
sz000100,TCL科技,2025-10-30 10:18:00,4.31,37700,4.31,U
sz000100,TCL科技,2025-10-30 10:18:03,4.3,56900,4.31,D
sz000100,TCL科技,2025-10-30 10:18:06,4.31,91500,4.3,U
sz000100,TCL科技,2025-10-30 10:18:09,4.31,146700,4.31,U
sz000100,TCL科技,2025-10-30 10:18:12,4.31,343300,4.31,U
sz000100,TCL科技,2025-10-30 10:18:15,4.31,56500,4.31,U
sz000100,TCL科技,2025-10-30 10:18:18,4.3,160400,4.31,D
sz000100,TCL科技,2025-10-30 10:18:21,4.3,52000,4.3,D
sz000100,TCL科技,2025-10-30 10:18:24,4.3,64400,4.3,D
sz000100,TCL科技,2025-10-30 10:18:27,4.31,38700,4.3,U
sz000100,TCL科技,2025-10-30 10:18:30,4.31,58700,4.31,U
sz000100,TCL科技,2025-10-30 10:18:33,4.31,30200,4.31,U
sz000100,TCL科技,2025-10-30 10:18:36,4.31,20200,4.31,U
sz000100,TCL科技,2025-10-30 10:18:39,4.3,26500,4.31,D
sz000100,TCL科技,2025-10-30 10:18:48,4.31,68400,4.31,U
sz000100,TCL科技,2025-10-30 10:18:54,4.31,77200,4.31,U
sz000100,TCL科技,2025-10-30 10:19:00,4.31,90800,4.31,U
sz000100,TCL科技,2025-10-30 10:19:03,4.3,1154600,4.31,D
sz000100,TCL科技,2025-10-30 10:19:06,4.31,70400,4.3,U
sz000100,TCL科技,2025-10-30 10:19:09,4.31,27300,4.31,U
sz000100,TCL科技,2025-10-30 10:19:12,4.31,49900,4.31,U
sz000100,TCL科技,2025-10-30 10:19:18,4.31,1196400,4.31,U
sz000100,TCL科技,2025-10-30 10:19:21,4.31,225400,4.31,U
sz000100,TCL科技,2025-10-30 10:19:24,4.31,431000,4.31,U
sz000100,TCL科技,2025-10-30 10:19:27,4.31,123500,4.31,U
sz000100,TCL科技,2025-10-30 10:19:30,4.31,117000,4.31,U
sz000100,TCL科技,2025-10-30 10:19:33,4.31,1117900,4.31,U
sz000100,TCL科技,2025-10-30 10:19:36,4.31,202800,4.31,U
sz000100,TCL科技,2025-10-30 10:19:39,4.31,26300,4.31,D
sz000100,TCL科技,2025-10-30 10:19:42,4.31,95600,4.31,D
sz000100,TCL科技,2025-10-30 10:19:45,4.31,28900,4.31,D
sz000100,TCL科技,2025-10-30 10:19:51,4.32,109900,4.31,U
sz000100,TCL科技,2025-10-30 10:19:57,4.32,618700,4.32,U
sz000100,TCL科技,2025-10-30 10:20:00,4.32,165700,4.32,U
sz000100,TCL科技,2025-10-30 10:20:03,4.31,48700,4.32,D
sz000100,TCL科技,2025-10-30 10:20:06,4.32,238600,4.31,U
sz000100,TCL科技,2025-10-30 10:20:09,4.31,26600,4.32,D
sz000100,TCL科技,2025-10-30 10:20:12,4.31,27000,4.31,D
sz000100,TCL科技,2025-10-30 10:20:15,4.32,83100,4.31,U
sz000100,TCL科技,2025-10-30 10:20:18,4.32,30900,4.32,U
sz000100,TCL科技,2025-10-30 10:20:21,4.31,76700,4.32,D
sz000100,TCL科技,2025-10-30 10:20:24,4.32,402600,4.31,U
sz000100,TCL科技,2025-10-30 10:20:27,4.31,99400,4.32,D
sz000100,TCL科技,2025-10-30 10:20:30,4.32,47200,4.31,U
sz000100,TCL科技,2025-10-30 10:20:33,4.32,23000,4.32,U
sz000100,TCL科技,2025-10-30 10:20:39,4.31,122000,4.32,D
sz000100,TCL科技,2025-10-30 10:20:42,4.32,99600,4.31,U
sz000100,TCL科技,2025-10-30 10:20:45,4.31,76600,4.32,D
sz000100,TCL科技,2025-10-30 10:20:48,4.32,56000,4.31,U
sz000100,TCL科技,2025-10-30 10:20:51,4.32,40400,4.32,U
sz000100,TCL科技,2025-10-30 10:20:54,4.31,34000,4.32,D
sz000100,TCL科技,2025-10-30 10:20:57,4.32,73400,4.31,U
sz000100,TCL科技,2025-10-30 10:21:00,4.32,54500,4.32,U
sz000100,TCL科技,2025-10-30 10:21:03,4.31,70900,4.32,D
sz000100,TCL科技,2025-10-30 10:21:06,4.32,59600,4.31,U
sz000100,TCL科技,2025-10-30 10:21:09,4.31,71200,4.32,D
sz000100,TCL科技,2025-10-30 10:21:12,4.32,47900,4.31,U
sz000100,TCL科技,2025-10-30 10:21:15,4.32,29900,4.32,U
sz000100,TCL科技,2025-10-30 10:21:18,4.32,607000,4.32,U
sz000100,TCL科技,2025-10-30 10:21:21,4.32,232900,4.32,U
sz000100,TCL科技,2025-10-30 10:21:27,4.32,69400,4.32,U
sz000100,TCL科技,2025-10-30 10:21:30,4.32,69200,4.32,U
sz000100,TCL科技,2025-10-30 10:21:33,4.32,644600,4.32,U
sz000100,TCL科技,2025-10-30 10:21:36,4.32,120900,4.32,U
sz000100,TCL科技,2025-10-30 10:21:39,4.31,46000,4.32,D
sz000100,TCL科技,2025-10-30 10:21:42,4.32,33900,4.31,U
sz000100,TCL科技,2025-10-30 10:21:45,4.32,116000,4.32,U
sz000100,TCL科技,2025-10-30 10:21:48,4.32,292600,4.32,U
sz000100,TCL科技,2025-10-30 10:21:51,4.32,80500,4.32,U
sz000100,TCL科技,2025-10-30 10:21:54,4.32,64700,4.32,U
sz000100,TCL科技,2025-10-30 10:21:57,4.32,542300,4.32,U
sz000100,TCL科技,2025-10-30 10:22:00,4.32,3967200,4.32,U
sz000100,TCL科技,2025-10-30 10:22:03,4.33,2365230,4.32,U
sz000100,TCL科技,2025-10-30 10:22:06,4.33,266300,4.33,U
sz000100,TCL科技,2025-10-30 10:22:09,4.32,70100,4.33,D
sz000100,TCL科技,2025-10-30 10:22:12,4.33,51100,4.32,U
sz000100,TCL科技,2025-10-30 10:22:18,4.33,107500,4.33,U
sz000100,TCL科技,2025-10-30 10:22:21,4.33,65600,4.33,U
sz000100,TCL科技,2025-10-30 10:22:24,4.32,158600,4.33,D
sz000100,TCL科技,2025-10-30 10:22:27,4.33,131400,4.32,U
sz000100,TCL科技,2025-10-30 10:22:30,4.32,28700,4.33,D
sz000100,TCL科技,2025-10-30 10:22:39,4.32,91400,4.33,D
sz000100,TCL科技,2025-10-30 10:22:42,4.33,74600,4.32,U
sz000100,TCL科技,2025-10-30 10:22:45,4.32,36100,4.33,D
sz000100,TCL科技,2025-10-30 10:22:48,4.33,20400,4.32,U
sz000100,TCL科技,2025-10-30 10:22:51,4.33,100300,4.33,U
sz000100,TCL科技,2025-10-30 10:22:54,4.33,292200,4.33,U
sz000100,TCL科技,2025-10-30 10:22:57,4.33,98227,4.33,U
sz000100,TCL科技,2025-10-30 10:23:00,4.33,67800,4.33,U
sz000100,TCL科技,2025-10-30 10:23:03,4.32,54200,4.33,D
sz000100,TCL科技,2025-10-30 10:23:09,4.33,81300,4.33,U
sz000100,TCL科技,2025-10-30 10:23:12,4.33,65850,4.33,U
sz000100,TCL科技,2025-10-30 10:23:15,4.33,51600,4.33,U
sz000100,TCL科技,2025-10-30 10:23:18,4.33,54700,4.33,U
sz000100,TCL科技,2025-10-30 10:23:21,4.33,246700,4.33,U
sz000100,TCL科技,2025-10-30 10:23:24,4.32,155800,4.33,D
sz000100,TCL科技,2025-10-30 10:23:27,4.33,29200,4.32,U
sz000100,TCL科技,2025-10-30 10:23:30,4.33,46300,4.33,U
sz000100,TCL科技,2025-10-30 10:23:33,4.33,60600,4.33,U
sz000100,TCL科技,2025-10-30 10:23:36,4.33,24200,4.33,U
sz000100,TCL科技,2025-10-30 10:23:39,4.32,77400,4.33,D
sz000100,TCL科技,2025-10-30 10:23:45,4.32,41700,4.32,D
sz000100,TCL科技,2025-10-30 10:23:48,4.32,1207800,4.32,D
sz000100,TCL科技,2025-10-30 10:23:51,4.32,109600,4.32,D
sz000100,TCL科技,2025-10-30 10:23:54,4.33,100100,4.32,U
sz000100,TCL科技,2025-10-30 10:23:57,4.32,93300,4.33,D
sz000100,TCL科技,2025-10-30 10:24:00,4.32,102100,4.32,D
sz000100,TCL科技,2025-10-30 10:24:03,4.32,116900,4.32,D
sz000100,TCL科技,2025-10-30 10:24:06,4.33,32100,4.32,U
sz000100,TCL科技,2025-10-30 10:24:09,4.32,114400,4.33,D
sz000100,TCL科技,2025-10-30 10:24:12,4.32,251000,4.32,D
sz000100,TCL科技,2025-10-30 10:24:15,4.32,62900,4.32,D
sz000100,TCL科技,2025-10-30 10:24:18,4.32,783500,4.32,D
sz000100,TCL科技,2025-10-30 10:24:21,4.33,171900,4.32,U
sz000100,TCL科技,2025-10-30 10:24:24,4.32,54600,4.33,D
sz000100,TCL科技,2025-10-30 10:24:27,4.32,401000,4.32,D
sz000100,TCL科技,2025-10-30 10:24:30,4.33,43800,4.32,U
sz000100,TCL科技,2025-10-30 10:24:33,4.32,168800,4.33,D
sz000100,TCL科技,2025-10-30 10:24:36,4.32,23000,4.32,D
sz000100,TCL科技,2025-10-30 10:24:39,4.32,244300,4.32,D
sz000100,TCL科技,2025-10-30 10:24:42,4.33,109210,4.32,U
sz000100,TCL科技,2025-10-30 10:24:45,4.33,48700,4.33,U
sz000100,TCL科技,2025-10-30 10:24:48,4.32,46920,4.33,D
sz000100,TCL科技,2025-10-30 10:24:51,4.32,38100,4.32,D
sz000100,TCL科技,2025-10-30 10:24:57,4.32,26200,4.33,D
sz000100,TCL科技,2025-10-30 10:25:03,4.32,71000,4.32,D
sz000100,TCL科技,2025-10-30 10:25:06,4.33,45400,4.32,U
sz000100,TCL科技,2025-10-30 10:25:09,4.33,78900,4.33,U
sz000100,TCL科技,2025-10-30 10:25:12,4.33,25500,4.33,U
sz000100,TCL科技,2025-10-30 10:25:18,4.33,65000,4.33,U
sz000100,TCL科技,2025-10-30 10:25:21,4.32,202300,4.33,D
sz000100,TCL科技,2025-10-30 10:25:24,4.32,250700,4.32,D
sz000100,TCL科技,2025-10-30 10:25:27,4.33,245600,4.32,U
sz000100,TCL科技,2025-10-30 10:25:30,4.32,38900,4.33,D
sz000100,TCL科技,2025-10-30 10:25:33,4.33,31900,4.32,U
sz000100,TCL科技,2025-10-30 10:25:36,4.33,424000,4.33,U
sz000100,TCL科技,2025-10-30 10:25:39,4.33,484500,4.33,U
sz000100,TCL科技,2025-10-30 10:25:42,4.33,24100,4.33,U
sz000100,TCL科技,2025-10-30 10:25:45,4.32,31100,4.33,D
sz000100,TCL科技,2025-10-30 10:25:48,4.32,22000,4.32,D
sz000100,TCL科技,2025-10-30 10:25:51,4.33,84900,4.32,U
sz000100,TCL科技,2025-10-30 10:25:54,4.32,305900,4.33,D
sz000100,TCL科技,2025-10-30 10:25:57,4.33,66700,4.32,U
sz000100,TCL科技,2025-10-30 10:26:00,4.33,152300,4.33,U
sz000100,TCL科技,2025-10-30 10:26:03,4.33,23450,4.33,U
sz000100,TCL科技,2025-10-30 10:26:06,4.32,70600,4.33,D
sz000100,TCL科技,2025-10-30 10:26:09,4.33,26600,4.32,U
sz000100,TCL科技,2025-10-30 10:26:12,4.33,45037,4.33,U
sz000100,TCL科技,2025-10-30 10:26:15,4.32,58700,4.33,D
sz000100,TCL科技,2025-10-30 10:26:18,4.33,39000,4.32,U
sz000100,TCL科技,2025-10-30 10:26:21,4.32,32700,4.33,D
sz000100,TCL科技,2025-10-30 10:26:24,4.33,26400,4.32,U
sz000100,TCL科技,2025-10-30 10:26:27,4.32,25700,4.33,D
sz000100,TCL科技,2025-10-30 10:26:30,4.33,57300,4.32,U
sz000100,TCL科技,2025-10-30 10:26:33,4.32,42600,4.33,D
sz000100,TCL科技,2025-10-30 10:26:36,4.33,20800,4.32,U
sz000100,TCL科技,2025-10-30 10:26:39,4.32,135600,4.33,D
sz000100,TCL科技,2025-10-30 10:26:42,4.32,233000,4.32,D
sz000100,TCL科技,2025-10-30 10:26:45,4.32,132400,4.32,D
sz000100,TCL科技,2025-10-30 10:26:48,4.33,353600,4.32,U
sz000100,TCL科技,2025-10-30 10:26:51,4.32,101800,4.33,D
sz000100,TCL科技,2025-10-30 10:26:54,4.33,35200,4.32,U
sz000100,TCL科技,2025-10-30 10:26:57,4.33,56600,4.33,U
sz000100,TCL科技,2025-10-30 10:27:03,4.32,96500,4.32,D
sz000100,TCL科技,2025-10-30 10:27:06,4.33,33600,4.32,U
sz000100,TCL科技,2025-10-30 10:27:12,4.32,21000,4.33,D
sz000100,TCL科技,2025-10-30 10:27:15,4.33,36000,4.32,U
sz000100,TCL科技,2025-10-30 10:27:21,4.32,90100,4.33,D
sz000100,TCL科技,2025-10-30 10:27:24,4.32,30300,4.32,D
sz000100,TCL科技,2025-10-30 10:27:27,4.33,118500,4.32,U
sz000100,TCL科技,2025-10-30 10:27:33,4.32,46700,4.32,D
sz000100,TCL科技,2025-10-30 10:27:36,4.33,70600,4.32,U
sz000100,TCL科技,2025-10-30 10:27:42,4.33,173300,4.32,U
sz000100,TCL科技,2025-10-30 10:27:45,4.33,23300,4.33,U
sz000100,TCL科技,2025-10-30 10:27:48,4.32,42600,4.33,D
sz000100,TCL科技,2025-10-30 10:27:51,4.33,20700,4.32,U
sz000100,TCL科技,2025-10-30 10:27:54,4.33,118400,4.33,U
sz000100,TCL科技,2025-10-30 10:27:57,4.33,41200,4.33,U
sz000100,TCL科技,2025-10-30 10:28:00,4.32,38700,4.33,D
sz000100,TCL科技,2025-10-30 10:28:03,4.32,299100,4.32,D
sz000100,TCL科技,2025-10-30 10:28:09,4.32,43200,4.33,D
sz000100,TCL科技,2025-10-30 10:28:12,4.32,87600,4.32,D
sz000100,TCL科技,2025-10-30 10:28:18,4.33,486300,4.33,U
sz000100,TCL科技,2025-10-30 10:28:21,4.33,65600,4.33,U
sz000100,TCL科技,2025-10-30 10:28:24,4.32,63300,4.33,D
sz000100,TCL科技,2025-10-30 10:28:27,4.33,24100,4.32,U
sz000100,TCL科技,2025-10-30 10:28:30,4.33,116500,4.33,U
sz000100,TCL科技,2025-10-30 10:28:33,4.32,43300,4.33,D
sz000100,TCL科技,2025-10-30 10:28:39,4.32,78900,4.33,D
sz000100,TCL科技,2025-10-30 10:28:42,4.33,91300,4.32,U
sz000100,TCL科技,2025-10-30 10:28:45,4.33,32900,4.33,U
sz000100,TCL科技,2025-10-30 10:28:51,4.32,126000,4.32,D
sz000100,TCL科技,2025-10-30 10:28:54,4.32,201900,4.32,D
sz000100,TCL科技,2025-10-30 10:28:57,4.32,65600,4.32,D
sz000100,TCL科技,2025-10-30 10:29:00,4.32,37700,4.32,D
sz000100,TCL科技,2025-10-30 10:29:03,4.32,20400,4.32,D
sz000100,TCL科技,2025-10-30 10:29:06,4.32,63000,4.32,D
sz000100,TCL科技,2025-10-30 10:29:09,4.32,137200,4.32,D
sz000100,TCL科技,2025-10-30 10:29:12,4.32,51400,4.32,D
sz000100,TCL科技,2025-10-30 10:29:15,4.32,67600,4.32,D
sz000100,TCL科技,2025-10-30 10:29:18,4.32,53900,4.32,D
sz000100,TCL科技,2025-10-30 10:29:21,4.32,42400,4.32,D
sz000100,TCL科技,2025-10-30 10:29:24,4.33,95100,4.32,U
sz000100,TCL科技,2025-10-30 10:29:27,4.32,139200,4.33,D
sz000100,TCL科技,2025-10-30 10:29:30,4.32,24700,4.32,D
sz000100,TCL科技,2025-10-30 10:29:33,4.32,43200,4.32,D
sz000100,TCL科技,2025-10-30 10:29:36,4.33,151600,4.32,U
sz000100,TCL科技,2025-10-30 10:29:39,4.32,45500,4.33,D
sz000100,TCL科技,2025-10-30 10:29:42,4.32,36600,4.32,D
sz000100,TCL科技,2025-10-30 10:29:45,4.32,44400,4.32,D
sz000100,TCL科技,2025-10-30 10:29:48,4.33,136700,4.32,U
sz000100,TCL科技,2025-10-30 10:29:51,4.32,68400,4.33,D
sz000100,TCL科技,2025-10-30 10:29:57,4.33,83000,4.32,U
sz000100,TCL科技,2025-10-30 10:30:00,4.32,33300,4.33,D
sz000100,TCL科技,2025-10-30 10:30:03,4.33,29800,4.32,U
sz000100,TCL科技,2025-10-30 10:30:06,4.33,59300,4.33,U
sz000100,TCL科技,2025-10-30 10:30:09,4.32,147400,4.33,D
sz000100,TCL科技,2025-10-30 10:30:12,4.33,201400,4.32,U
sz000100,TCL科技,2025-10-30 10:30:15,4.32,24900,4.33,D
sz000100,TCL科技,2025-10-30 10:30:18,4.33,50500,4.32,U
sz000100,TCL科技,2025-10-30 10:30:33,4.33,161700,4.33,U
sz000100,TCL科技,2025-10-30 10:30:36,4.32,795800,4.33,D
sz000100,TCL科技,2025-10-30 10:30:39,4.33,1426100,4.32,U
sz000100,TCL科技,2025-10-30 10:30:42,4.33,2128400,4.33,U
sz000100,TCL科技,2025-10-30 10:30:45,4.33,837500,4.33,U
sz000100,TCL科技,2025-10-30 10:30:48,4.33,286400,4.33,U
sz000100,TCL科技,2025-10-30 10:30:51,4.33,420400,4.33,U
sz000100,TCL科技,2025-10-30 10:30:54,4.33,825900,4.33,U
sz000100,TCL科技,2025-10-30 10:30:57,4.34,3451440,4.33,U
sz000100,TCL科技,2025-10-30 10:31:00,4.33,129800,4.34,D
sz000100,TCL科技,2025-10-30 10:31:03,4.33,27400,4.33,D
sz000100,TCL科技,2025-10-30 10:31:06,4.34,51500,4.33,U
sz000100,TCL科技,2025-10-30 10:31:09,4.34,124200,4.34,U
sz000100,TCL科技,2025-10-30 10:31:12,4.33,4026600,4.34,D
sz000100,TCL科技,2025-10-30 10:31:15,4.34,1247000,4.33,U
sz000100,TCL科技,2025-10-30 10:31:18,4.34,244600,4.34,U
sz000100,TCL科技,2025-10-30 10:31:21,4.33,485000,4.34,D
sz000100,TCL科技,2025-10-30 10:31:24,4.34,80500,4.33,U
sz000100,TCL科技,2025-10-30 10:31:27,4.34,81600,4.34,U
sz000100,TCL科技,2025-10-30 10:31:30,4.33,418600,4.34,D
sz000100,TCL科技,2025-10-30 10:31:33,4.34,25700,4.33,U
sz000100,TCL科技,2025-10-30 10:31:36,4.34,278200,4.34,U
sz000100,TCL科技,2025-10-30 10:31:39,4.34,79000,4.34,U
sz000100,TCL科技,2025-10-30 10:31:42,4.33,186400,4.34,D
sz000100,TCL科技,2025-10-30 10:31:45,4.34,32250,4.33,U
sz000100,TCL科技,2025-10-30 10:31:48,4.34,92300,4.34,U
sz000100,TCL科技,2025-10-30 10:31:51,4.34,4188100,4.34,U
sz000100,TCL科技,2025-10-30 10:31:54,4.34,309000,4.34,D
sz000100,TCL科技,2025-10-30 10:31:57,4.34,106200,4.34,D
sz000100,TCL科技,2025-10-30 10:32:00,4.35,104800,4.34,U
sz000100,TCL科技,2025-10-30 10:32:03,4.35,499200,4.35,U
sz000100,TCL科技,2025-10-30 10:32:06,4.34,309900,4.35,D
sz000100,TCL科技,2025-10-30 10:32:09,4.35,1312800,4.34,U
sz000100,TCL科技,2025-10-30 10:32:12,4.35,12402666,4.35,U
sz000100,TCL科技,2025-10-30 10:32:15,4.36,570000,4.35,U
sz000100,TCL科技,2025-10-30 10:32:18,4.36,154000,4.36,U
sz000100,TCL科技,2025-10-30 10:32:21,4.35,1144300,4.36,D
sz000100,TCL科技,2025-10-30 10:32:24,4.35,548700,4.35,D
sz000100,TCL科技,2025-10-30 10:32:27,4.36,488700,4.35,U
sz000100,TCL科技,2025-10-30 10:32:30,4.36,216300,4.36,U
sz000100,TCL科技,2025-10-30 10:32:33,4.36,213100,4.36,U
sz000100,TCL科技,2025-10-30 10:32:36,4.36,604400,4.36,U
sz000100,TCL科技,2025-10-30 10:32:39,4.36,469200,4.36,U
sz000100,TCL科技,2025-10-30 10:32:42,4.36,680000,4.36,U
sz000100,TCL科技,2025-10-30 10:32:45,4.36,243300,4.36,U
sz000100,TCL科技,2025-10-30 10:32:48,4.36,1462800,4.36,U
sz000100,TCL科技,2025-10-30 10:32:51,4.36,378600,4.36,D
sz000100,TCL科技,2025-10-30 10:32:54,4.37,301100,4.36,U
sz000100,TCL科技,2025-10-30 10:32:57,4.37,305700,4.37,U
sz000100,TCL科技,2025-10-30 10:33:00,4.37,97300,4.37,U
sz000100,TCL科技,2025-10-30 10:33:03,4.37,387900,4.37,U
sz000100,TCL科技,2025-10-30 10:33:06,4.37,777400,4.37,U
sz000100,TCL科技,2025-10-30 10:33:09,4.37,564600,4.37,U
sz000100,TCL科技,2025-10-30 10:33:12,4.36,136200,4.37,D
sz000100,TCL科技,2025-10-30 10:33:15,4.37,175600,4.36,U
sz000100,TCL科技,2025-10-30 10:33:18,4.37,246500,4.37,U
sz000100,TCL科技,2025-10-30 10:33:21,4.36,88000,4.37,D
sz000100,TCL科技,2025-10-30 10:33:24,4.36,2736500,4.36,D
sz000100,TCL科技,2025-10-30 10:33:27,4.35,128000,4.36,D
sz000100,TCL科技,2025-10-30 10:33:30,4.35,113000,4.35,D
sz000100,TCL科技,2025-10-30 10:33:33,4.35,1463500,4.35,D
sz000100,TCL科技,2025-10-30 10:33:36,4.36,110000,4.35,U
sz000100,TCL科技,2025-10-30 10:33:39,4.36,79200,4.36,U
sz000100,TCL科技,2025-10-30 10:33:42,4.35,43700,4.36,D
sz000100,TCL科技,2025-10-30 10:33:45,4.36,236100,4.35,U
sz000100,TCL科技,2025-10-30 10:33:48,4.36,99800,4.36,U
sz000100,TCL科技,2025-10-30 10:33:51,4.36,188100,4.36,U
sz000100,TCL科技,2025-10-30 10:33:57,4.36,118470,4.36,U
sz000100,TCL科技,2025-10-30 10:34:00,4.36,269100,4.36,U
sz000100,TCL科技,2025-10-30 10:34:03,4.35,107200,4.36,D
sz000100,TCL科技,2025-10-30 10:34:06,4.36,26400,4.35,U
sz000100,TCL科技,2025-10-30 10:34:09,4.35,49600,4.36,D
sz000100,TCL科技,2025-10-30 10:34:12,4.35,102800,4.35,D
sz000100,TCL科技,2025-10-30 10:34:15,4.36,80800,4.35,U
sz000100,TCL科技,2025-10-30 10:34:18,4.36,336200,4.36,U
sz000100,TCL科技,2025-10-30 10:34:21,4.35,35800,4.36,D
sz000100,TCL科技,2025-10-30 10:34:24,4.36,110500,4.35,U
sz000100,TCL科技,2025-10-30 10:34:27,4.36,90900,4.36,U
sz000100,TCL科技,2025-10-30 10:34:30,4.36,31500,4.36,U
sz000100,TCL科技,2025-10-30 10:34:33,4.36,151200,4.36,U
sz000100,TCL科技,2025-10-30 10:34:36,4.36,84800,4.36,U
sz000100,TCL科技,2025-10-30 10:34:39,4.35,57800,4.36,D
sz000100,TCL科技,2025-10-30 10:34:42,4.36,117500,4.35,U
sz000100,TCL科技,2025-10-30 10:34:45,4.36,100600,4.36,U
sz000100,TCL科技,2025-10-30 10:34:48,4.36,55300,4.36,U
sz000100,TCL科技,2025-10-30 10:34:51,4.36,93600,4.36,U
sz000100,TCL科技,2025-10-30 10:34:54,4.36,109700,4.36,U
sz000100,TCL科技,2025-10-30 10:34:57,4.35,82300,4.36,D
sz000100,TCL科技,2025-10-30 10:35:00,4.35,439900,4.35,D
sz000100,TCL科技,2025-10-30 10:35:03,4.36,147800,4.35,U
sz000100,TCL科技,2025-10-30 10:35:06,4.36,282800,4.36,U
sz000100,TCL科技,2025-10-30 10:35:09,4.35,92800,4.36,D
sz000100,TCL科技,2025-10-30 10:35:12,4.35,132400,4.35,D
sz000100,TCL科技,2025-10-30 10:35:15,4.36,95600,4.35,U
sz000100,TCL科技,2025-10-30 10:35:18,4.35,39700,4.36,D
sz000100,TCL科技,2025-10-30 10:35:21,4.35,121810,4.35,D
sz000100,TCL科技,2025-10-30 10:35:24,4.35,68300,4.35,D
sz000100,TCL科技,2025-10-30 10:35:27,4.35,64400,4.35,D
sz000100,TCL科技,2025-10-30 10:35:30,4.35,110700,4.35,D
sz000100,TCL科技,2025-10-30 10:35:33,4.35,145400,4.35,D
sz000100,TCL科技,2025-10-30 10:35:36,4.35,77700,4.35,D
sz000100,TCL科技,2025-10-30 10:35:39,4.35,204600,4.35,D
sz000100,TCL科技,2025-10-30 10:35:42,4.35,137800,4.35,D
sz000100,TCL科技,2025-10-30 10:35:45,4.35,225700,4.35,D
sz000100,TCL科技,2025-10-30 10:35:48,4.35,83600,4.35,D
sz000100,TCL科技,2025-10-30 10:35:51,4.36,115500,4.35,U
sz000100,TCL科技,2025-10-30 10:35:54,4.35,55200,4.36,D
sz000100,TCL科技,2025-10-30 10:35:57,4.36,60300,4.35,U
sz000100,TCL科技,2025-10-30 10:36:00,4.35,20600,4.36,D
sz000100,TCL科技,2025-10-30 10:36:03,4.35,105400,4.35,D
sz000100,TCL科技,2025-10-30 10:36:06,4.36,127900,4.35,U
sz000100,TCL科技,2025-10-30 10:36:09,4.34,4152920,4.36,D
sz000100,TCL科技,2025-10-30 10:36:12,4.35,146100,4.34,U
sz000100,TCL科技,2025-10-30 10:36:15,4.35,42600,4.35,U
sz000100,TCL科技,2025-10-30 10:36:18,4.35,27400,4.35,U
sz000100,TCL科技,2025-10-30 10:36:21,4.35,66400,4.35,U
sz000100,TCL科技,2025-10-30 10:36:24,4.35,136300,4.35,U
sz000100,TCL科技,2025-10-30 10:36:27,4.35,279100,4.35,U
sz000100,TCL科技,2025-10-30 10:36:30,4.35,1169800,4.35,U
sz000100,TCL科技,2025-10-30 10:36:33,4.34,86000,4.35,D
sz000100,TCL科技,2025-10-30 10:36:36,4.34,67900,4.34,D
sz000100,TCL科技,2025-10-30 10:36:39,4.35,41000,4.34,U
sz000100,TCL科技,2025-10-30 10:36:42,4.34,126500,4.35,D
sz000100,TCL科技,2025-10-30 10:36:45,4.35,63600,4.34,U
sz000100,TCL科技,2025-10-30 10:36:48,4.35,30100,4.35,U
sz000100,TCL科技,2025-10-30 10:36:54,4.34,29400,4.35,D
sz000100,TCL科技,2025-10-30 10:36:57,4.34,68400,4.34,D
sz000100,TCL科技,2025-10-30 10:37:00,4.34,160000,4.34,D
sz000100,TCL科技,2025-10-30 10:37:03,4.34,305500,4.34,D
sz000100,TCL科技,2025-10-30 10:37:06,4.35,164600,4.34,U
sz000100,TCL科技,2025-10-30 10:37:09,4.34,307900,4.35,D
sz000100,TCL科技,2025-10-30 10:37:12,4.34,20300,4.34,D
sz000100,TCL科技,2025-10-30 10:37:15,4.34,39800,4.34,D
sz000100,TCL科技,2025-10-30 10:37:18,4.35,37900,4.34,U
sz000100,TCL科技,2025-10-30 10:37:24,4.34,72200,4.34,D
sz000100,TCL科技,2025-10-30 10:37:27,4.34,128800,4.34,D
sz000100,TCL科技,2025-10-30 10:37:30,4.34,29700,4.34,D
sz000100,TCL科技,2025-10-30 10:37:33,4.35,61000,4.34,U
sz000100,TCL科技,2025-10-30 10:37:36,4.35,59500,4.35,U
sz000100,TCL科技,2025-10-30 10:37:45,4.35,51000,4.34,U
sz000100,TCL科技,2025-10-30 10:37:48,4.35,267800,4.35,U
sz000100,TCL科技,2025-10-30 10:37:54,4.34,132400,4.35,D
sz000100,TCL科技,2025-10-30 10:37:57,4.35,22600,4.34,U
sz000100,TCL科技,2025-10-30 10:38:03,4.34,76200,4.35,D
sz000100,TCL科技,2025-10-30 10:38:06,4.34,24800,4.34,D
sz000100,TCL科技,2025-10-30 10:38:09,4.34,80200,4.34,D
sz000100,TCL科技,2025-10-30 10:38:12,4.34,51300,4.34,D
sz000100,TCL科技,2025-10-30 10:38:15,4.34,54800,4.34,D
sz000100,TCL科技,2025-10-30 10:38:18,4.34,39300,4.34,D
sz000100,TCL科技,2025-10-30 10:38:21,4.34,89370,4.34,D
sz000100,TCL科技,2025-10-30 10:38:24,4.34,80500,4.34,D
sz000100,TCL科技,2025-10-30 10:38:27,4.34,81400,4.34,D
sz000100,TCL科技,2025-10-30 10:38:30,4.34,216100,4.34,D
sz000100,TCL科技,2025-10-30 10:38:33,4.34,65600,4.34,D
sz000100,TCL科技,2025-10-30 10:38:39,4.35,85100,4.34,U
sz000100,TCL科技,2025-10-30 10:38:42,4.35,176500,4.35,U
sz000100,TCL科技,2025-10-30 10:38:45,4.34,123500,4.35,D
sz000100,TCL科技,2025-10-30 10:38:48,4.34,23900,4.34,D
sz000100,TCL科技,2025-10-30 10:38:51,4.34,271900,4.34,D
sz000100,TCL科技,2025-10-30 10:38:54,4.34,141300,4.34,D
sz000100,TCL科技,2025-10-30 10:39:00,4.34,65400,4.34,D
sz000100,TCL科技,2025-10-30 10:39:03,4.34,33700,4.34,D
sz000100,TCL科技,2025-10-30 10:39:06,4.34,221600,4.34,D
sz000100,TCL科技,2025-10-30 10:39:09,4.34,27500,4.34,D
sz000100,TCL科技,2025-10-30 10:39:12,4.34,183700,4.34,D
sz000100,TCL科技,2025-10-30 10:39:15,4.34,42600,4.34,D
sz000100,TCL科技,2025-10-30 10:39:18,4.34,38000,4.34,D
sz000100,TCL科技,2025-10-30 10:39:21,4.34,52900,4.34,D
sz000100,TCL科技,2025-10-30 10:39:24,4.34,30800,4.34,D
sz000100,TCL科技,2025-10-30 10:39:27,4.34,41000,4.34,D
sz000100,TCL科技,2025-10-30 10:39:30,4.34,151000,4.34,D
sz000100,TCL科技,2025-10-30 10:39:33,4.35,157300,4.34,U
sz000100,TCL科技,2025-10-30 10:39:36,4.35,53500,4.35,U
sz000100,TCL科技,2025-10-30 10:39:39,4.34,52200,4.35,D
sz000100,TCL科技,2025-10-30 10:39:42,4.35,61600,4.34,U
sz000100,TCL科技,2025-10-30 10:39:45,4.34,30800,4.35,D
sz000100,TCL科技,2025-10-30 10:39:48,4.34,152000,4.34,D
sz000100,TCL科技,2025-10-30 10:39:51,4.34,176100,4.34,D
sz000100,TCL科技,2025-10-30 10:39:54,4.34,29600,4.34,D
sz000100,TCL科技,2025-10-30 10:39:57,4.34,98700,4.34,D
sz000100,TCL科技,2025-10-30 10:40:00,4.35,68400,4.34,U
sz000100,TCL科技,2025-10-30 10:40:03,4.34,193900,4.35,D
sz000100,TCL科技,2025-10-30 10:40:06,4.35,198900,4.34,U
sz000100,TCL科技,2025-10-30 10:40:09,4.35,141500,4.35,U
sz000100,TCL科技,2025-10-30 10:40:12,4.34,350500,4.35,D
sz000100,TCL科技,2025-10-30 10:40:15,4.34,148900,4.34,D
sz000100,TCL科技,2025-10-30 10:40:18,4.35,557800,4.34,U
sz000100,TCL科技,2025-10-30 10:40:21,4.35,105500,4.35,U
sz000100,TCL科技,2025-10-30 10:40:24,4.34,98300,4.35,D
sz000100,TCL科技,2025-10-30 10:40:27,4.35,245300,4.34,U
sz000100,TCL科技,2025-10-30 10:40:30,4.34,104200,4.35,D
sz000100,TCL科技,2025-10-30 10:40:33,4.35,33200,4.34,U
sz000100,TCL科技,2025-10-30 10:40:36,4.34,292200,4.35,D
sz000100,TCL科技,2025-10-30 10:40:39,4.35,213400,4.34,U
sz000100,TCL科技,2025-10-30 10:40:42,4.34,39700,4.35,D
sz000100,TCL科技,2025-10-30 10:40:45,4.34,87400,4.34,D
sz000100,TCL科技,2025-10-30 10:40:48,4.34,21300,4.34,D
sz000100,TCL科技,2025-10-30 10:40:54,4.35,45300,4.35,U
sz000100,TCL科技,2025-10-30 10:40:57,4.35,74800,4.35,U
sz000100,TCL科技,2025-10-30 10:41:00,4.34,59100,4.35,D
sz000100,TCL科技,2025-10-30 10:41:06,4.34,61100,4.35,D
sz000100,TCL科技,2025-10-30 10:41:09,4.35,356600,4.34,U
sz000100,TCL科技,2025-10-30 10:41:12,4.35,165900,4.35,U
sz000100,TCL科技,2025-10-30 10:41:15,4.35,193100,4.35,U
sz000100,TCL科技,2025-10-30 10:41:18,4.34,106300,4.35,D
sz000100,TCL科技,2025-10-30 10:41:24,4.34,245100,4.35,D
sz000100,TCL科技,2025-10-30 10:41:27,4.35,49100,4.34,U
sz000100,TCL科技,2025-10-30 10:41:30,4.34,133200,4.35,D
sz000100,TCL科技,2025-10-30 10:41:33,4.35,47200,4.34,U
sz000100,TCL科技,2025-10-30 10:41:36,4.34,253100,4.35,D
sz000100,TCL科技,2025-10-30 10:41:39,4.35,63700,4.34,U
sz000100,TCL科技,2025-10-30 10:41:42,4.35,106200,4.35,U
sz000100,TCL科技,2025-10-30 10:41:45,4.34,125800,4.35,D
sz000100,TCL科技,2025-10-30 10:41:48,4.35,70200,4.34,U
sz000100,TCL科技,2025-10-30 10:41:51,4.35,71400,4.35,U
sz000100,TCL科技,2025-10-30 10:41:54,4.35,175300,4.35,U
sz000100,TCL科技,2025-10-30 10:41:57,4.35,73300,4.35,U
sz000100,TCL科技,2025-10-30 10:42:00,4.35,36400,4.35,U
sz000100,TCL科技,2025-10-30 10:42:03,4.34,46100,4.35,D
sz000100,TCL科技,2025-10-30 10:42:06,4.34,21500,4.34,D
sz000100,TCL科技,2025-10-30 10:42:09,4.34,45300,4.34,D
sz000100,TCL科技,2025-10-30 10:42:12,4.35,61300,4.34,U
sz000100,TCL科技,2025-10-30 10:42:15,4.34,67300,4.35,D
sz000100,TCL科技,2025-10-30 10:42:18,4.34,36400,4.34,D
sz000100,TCL科技,2025-10-30 10:42:21,4.35,81700,4.34,U
sz000100,TCL科技,2025-10-30 10:42:24,4.34,52300,4.35,D
sz000100,TCL科技,2025-10-30 10:42:30,4.34,52600,4.34,D
sz000100,TCL科技,2025-10-30 10:42:36,4.34,253300,4.34,D
sz000100,TCL科技,2025-10-30 10:42:39,4.34,46800,4.34,D
sz000100,TCL科技,2025-10-30 10:42:45,4.35,63100,4.35,U
sz000100,TCL科技,2025-10-30 10:42:48,4.35,228000,4.35,U
sz000100,TCL科技,2025-10-30 10:42:51,4.35,25800,4.35,U
sz000100,TCL科技,2025-10-30 10:42:57,4.34,176100,4.34,D
sz000100,TCL科技,2025-10-30 10:43:00,4.35,38900,4.34,U
sz000100,TCL科技,2025-10-30 10:43:03,4.35,57600,4.35,U
sz000100,TCL科技,2025-10-30 10:43:06,4.34,53600,4.35,D
sz000100,TCL科技,2025-10-30 10:43:09,4.34,32200,4.34,D
sz000100,TCL科技,2025-10-30 10:43:12,4.35,62000,4.34,U
sz000100,TCL科技,2025-10-30 10:43:18,4.34,22400,4.35,D
sz000100,TCL科技,2025-10-30 10:43:21,4.35,190700,4.34,U
sz000100,TCL科技,2025-10-30 10:43:24,4.35,31600,4.35,U
sz000100,TCL科技,2025-10-30 10:43:27,4.35,33300,4.35,U
sz000100,TCL科技,2025-10-30 10:43:30,4.35,20200,4.35,U
sz000100,TCL科技,2025-10-30 10:43:33,4.35,35200,4.35,U
sz000100,TCL科技,2025-10-30 10:43:39,4.34,28300,4.35,D
sz000100,TCL科技,2025-10-30 10:43:42,4.34,39600,4.34,D
sz000100,TCL科技,2025-10-30 10:43:45,4.34,81600,4.34,D
sz000100,TCL科技,2025-10-30 10:43:48,4.34,73100,4.34,D
sz000100,TCL科技,2025-10-30 10:43:51,4.34,6777520,4.34,D
sz000100,TCL科技,2025-10-30 10:43:54,4.34,497400,4.34,U
sz000100,TCL科技,2025-10-30 10:43:57,4.34,75200,4.34,U
sz000100,TCL科技,2025-10-30 10:44:00,4.34,188200,4.34,U
sz000100,TCL科技,2025-10-30 10:44:03,4.33,51100,4.34,D
sz000100,TCL科技,2025-10-30 10:44:06,4.33,31900,4.33,D
sz000100,TCL科技,2025-10-30 10:44:09,4.33,36100,4.33,D
sz000100,TCL科技,2025-10-30 10:44:12,4.34,64300,4.33,U
sz000100,TCL科技,2025-10-30 10:44:15,4.34,161500,4.34,U
sz000100,TCL科技,2025-10-30 10:44:18,4.34,208500,4.34,U
sz000100,TCL科技,2025-10-30 10:44:21,4.33,45400,4.34,D
sz000100,TCL科技,2025-10-30 10:44:24,4.34,76300,4.33,U
sz000100,TCL科技,2025-10-30 10:44:27,4.34,149600,4.34,U
sz000100,TCL科技,2025-10-30 10:44:30,4.34,30300,4.34,U
sz000100,TCL科技,2025-10-30 10:44:42,4.34,212700,4.34,U
sz000100,TCL科技,2025-10-30 10:44:45,4.34,136200,4.34,U
sz000100,TCL科技,2025-10-30 10:44:48,4.34,73300,4.34,U
sz000100,TCL科技,2025-10-30 10:44:51,4.33,74000,4.34,D
sz000100,TCL科技,2025-10-30 10:44:57,4.34,24000,4.33,U
sz000100,TCL科技,2025-10-30 10:45:00,4.34,103600,4.34,U
sz000100,TCL科技,2025-10-30 10:45:06,4.34,23900,4.34,U
sz000100,TCL科技,2025-10-30 10:45:09,4.34,1962300,4.34,U
sz000100,TCL科技,2025-10-30 10:45:12,4.34,684100,4.34,D
sz000100,TCL科技,2025-10-30 10:45:15,4.35,232500,4.34,U
sz000100,TCL科技,2025-10-30 10:45:18,4.34,43800,4.35,D
sz000100,TCL科技,2025-10-30 10:45:21,4.34,58000,4.34,D
sz000100,TCL科技,2025-10-30 10:45:24,4.34,188100,4.34,D
sz000100,TCL科技,2025-10-30 10:45:27,4.34,82600,4.34,D
sz000100,TCL科技,2025-10-30 10:45:30,4.34,97000,4.34,D
sz000100,TCL科技,2025-10-30 10:45:33,4.34,210600,4.34,D
sz000100,TCL科技,2025-10-30 10:45:36,4.35,102900,4.34,U
sz000100,TCL科技,2025-10-30 10:45:39,4.34,38000,4.35,D
sz000100,TCL科技,2025-10-30 10:45:42,4.35,33000,4.34,U
sz000100,TCL科技,2025-10-30 10:45:45,4.34,54500,4.35,D
sz000100,TCL科技,2025-10-30 10:45:48,4.34,51000,4.34,D
sz000100,TCL科技,2025-10-30 10:45:51,4.34,46100,4.34,D
sz000100,TCL科技,2025-10-30 10:45:54,4.34,41800,4.34,D
sz000100,TCL科技,2025-10-30 10:45:57,4.34,75100,4.34,D
sz000100,TCL科技,2025-10-30 10:46:00,4.34,49600,4.34,D
sz000100,TCL科技,2025-10-30 10:46:03,4.35,192500,4.34,U
sz000100,TCL科技,2025-10-30 10:46:06,4.35,29700,4.35,U
sz000100,TCL科技,2025-10-30 10:46:09,4.34,90500,4.35,D
sz000100,TCL科技,2025-10-30 10:46:12,4.34,49300,4.34,D
sz000100,TCL科技,2025-10-30 10:46:15,4.34,35500,4.34,D
sz000100,TCL科技,2025-10-30 10:46:18,4.34,93100,4.34,D
sz000100,TCL科技,2025-10-30 10:46:21,4.34,34900,4.34,D
sz000100,TCL科技,2025-10-30 10:46:24,4.34,81900,4.34,D
sz000100,TCL科技,2025-10-30 10:46:27,4.34,73100,4.34,D
sz000100,TCL科技,2025-10-30 10:46:30,4.34,68400,4.34,D
sz000100,TCL科技,2025-10-30 10:46:33,4.34,43200,4.34,D
sz000100,TCL科技,2025-10-30 10:46:36,4.35,34100,4.34,U
sz000100,TCL科技,2025-10-30 10:46:39,4.34,123600,4.35,D
sz000100,TCL科技,2025-10-30 10:46:42,4.34,1490000,4.34,D
sz000100,TCL科技,2025-10-30 10:46:45,4.34,354900,4.34,U
sz000100,TCL科技,2025-10-30 10:46:48,4.34,109500,4.34,D
sz000100,TCL科技,2025-10-30 10:46:51,4.34,31000,4.34,U
sz000100,TCL科技,2025-10-30 10:46:54,4.34,40300,4.34,U
sz000100,TCL科技,2025-10-30 10:46:57,4.34,113700,4.34,D
sz000100,TCL科技,2025-10-30 10:47:00,4.34,30000,4.34,D
sz000100,TCL科技,2025-10-30 10:47:03,4.34,48200,4.34,D
sz000100,TCL科技,2025-10-30 10:47:06,4.34,42000,4.34,D
sz000100,TCL科技,2025-10-30 10:47:09,4.34,70700,4.34,D
sz000100,TCL科技,2025-10-30 10:47:12,4.34,90300,4.34,D
sz000100,TCL科技,2025-10-30 10:47:15,4.34,170300,4.34,D
sz000100,TCL科技,2025-10-30 10:47:18,4.34,121600,4.34,D
sz000100,TCL科技,2025-10-30 10:47:21,4.34,151100,4.34,D
sz000100,TCL科技,2025-10-30 10:47:24,4.35,203500,4.34,U
sz000100,TCL科技,2025-10-30 10:47:27,4.34,127800,4.35,D
sz000100,TCL科技,2025-10-30 10:47:30,4.34,240400,4.34,U
sz000100,TCL科技,2025-10-30 10:47:33,4.35,223600,4.34,U
sz000100,TCL科技,2025-10-30 10:47:36,4.34,131000,4.35,D
sz000100,TCL科技,2025-10-30 10:47:39,4.34,51600,4.34,U
sz000100,TCL科技,2025-10-30 10:47:42,4.34,92600,4.34,U
sz000100,TCL科技,2025-10-30 10:47:45,4.34,207500,4.34,U
sz000100,TCL科技,2025-10-30 10:47:48,4.34,38200,4.34,U
sz000100,TCL科技,2025-10-30 10:47:54,4.34,226900,4.34,U
sz000100,TCL科技,2025-10-30 10:47:57,4.34,90400,4.34,U
sz000100,TCL科技,2025-10-30 10:48:00,4.33,20100,4.34,D
sz000100,TCL科技,2025-10-30 10:48:03,4.34,161900,4.33,U
sz000100,TCL科技,2025-10-30 10:48:09,4.34,27400,4.33,U
sz000100,TCL科技,2025-10-30 10:48:15,4.34,25300,4.33,U
sz000100,TCL科技,2025-10-30 10:48:21,4.34,58300,4.33,U
sz000100,TCL科技,2025-10-30 10:48:27,4.34,129900,4.34,U
sz000100,TCL科技,2025-10-30 10:48:30,4.33,67700,4.34,D
sz000100,TCL科技,2025-10-30 10:48:42,4.33,26500,4.33,D
sz000100,TCL科技,2025-10-30 10:48:45,4.34,184900,4.33,U
sz000100,TCL科技,2025-10-30 10:48:48,4.33,56000,4.34,D
sz000100,TCL科技,2025-10-30 10:48:51,4.33,36200,4.33,D
sz000100,TCL科技,2025-10-30 10:48:54,4.34,83300,4.33,U
sz000100,TCL科技,2025-10-30 10:48:57,4.33,23700,4.34,D
sz000100,TCL科技,2025-10-30 10:49:00,4.33,27000,4.33,D
sz000100,TCL科技,2025-10-30 10:49:03,4.33,73500,4.33,D
sz000100,TCL科技,2025-10-30 10:49:06,4.34,27000,4.33,U
sz000100,TCL科技,2025-10-30 10:49:12,4.33,33400,4.33,D
sz000100,TCL科技,2025-10-30 10:49:15,4.33,27000,4.33,D
sz000100,TCL科技,2025-10-30 10:49:18,4.33,116800,4.33,D
sz000100,TCL科技,2025-10-30 10:49:21,4.33,67800,4.33,D
sz000100,TCL科技,2025-10-30 10:49:24,4.34,41200,4.33,U
sz000100,TCL科技,2025-10-30 10:49:27,4.33,179900,4.34,D
sz000100,TCL科技,2025-10-30 10:49:30,4.34,31800,4.33,U
sz000100,TCL科技,2025-10-30 10:49:33,4.33,48100,4.34,D
sz000100,TCL科技,2025-10-30 10:49:36,4.34,185400,4.33,U
sz000100,TCL科技,2025-10-30 10:49:39,4.33,24300,4.34,D
sz000100,TCL科技,2025-10-30 10:49:42,4.34,26600,4.33,U
sz000100,TCL科技,2025-10-30 10:49:45,4.34,21500,4.34,U
sz000100,TCL科技,2025-10-30 10:49:48,4.34,65400,4.34,U
sz000100,TCL科技,2025-10-30 10:49:51,4.33,48200,4.34,D
sz000100,TCL科技,2025-10-30 10:49:54,4.33,27400,4.33,D
sz000100,TCL科技,2025-10-30 10:49:57,4.34,35000,4.33,U
sz000100,TCL科技,2025-10-30 10:50:00,4.33,29000,4.34,D
sz000100,TCL科技,2025-10-30 10:50:03,4.33,59200,4.33,D
sz000100,TCL科技,2025-10-30 10:50:06,4.33,172700,4.33,D
sz000100,TCL科技,2025-10-30 10:50:09,4.33,51200,4.33,D
sz000100,TCL科技,2025-10-30 10:50:12,4.33,77600,4.33,D
sz000100,TCL科技,2025-10-30 10:50:15,4.33,58300,4.33,D
sz000100,TCL科技,2025-10-30 10:50:18,4.33,40000,4.33,D
sz000100,TCL科技,2025-10-30 10:50:21,4.33,27000,4.33,D
sz000100,TCL科技,2025-10-30 10:50:24,4.33,46000,4.33,D
sz000100,TCL科技,2025-10-30 10:50:27,4.33,55400,4.33,D
sz000100,TCL科技,2025-10-30 10:50:30,4.34,27400,4.33,U
sz000100,TCL科技,2025-10-30 10:50:33,4.33,32000,4.34,D
sz000100,TCL科技,2025-10-30 10:50:36,4.34,42100,4.33,U
sz000100,TCL科技,2025-10-30 10:50:39,4.34,25800,4.34,U
sz000100,TCL科技,2025-10-30 10:50:42,4.33,53300,4.34,D
sz000100,TCL科技,2025-10-30 10:50:45,4.34,172400,4.33,U
sz000100,TCL科技,2025-10-30 10:50:48,4.34,27700,4.34,U
sz000100,TCL科技,2025-10-30 10:50:51,4.34,64300,4.34,U
sz000100,TCL科技,2025-10-30 10:50:54,4.34,29000,4.34,U
sz000100,TCL科技,2025-10-30 10:50:57,4.34,20900,4.34,U
sz000100,TCL科技,2025-10-30 10:51:00,4.33,66100,4.34,D
sz000100,TCL科技,2025-10-30 10:51:03,4.34,45900,4.33,U
sz000100,TCL科技,2025-10-30 10:51:06,4.34,38900,4.34,U
sz000100,TCL科技,2025-10-30 10:51:09,4.34,34200,4.34,U
sz000100,TCL科技,2025-10-30 10:51:12,4.33,327400,4.34,D
sz000100,TCL科技,2025-10-30 10:51:15,4.33,31600,4.33,D
sz000100,TCL科技,2025-10-30 10:51:18,4.34,20900,4.33,U
sz000100,TCL科技,2025-10-30 10:51:21,4.34,49400,4.34,U
sz000100,TCL科技,2025-10-30 10:51:24,4.34,42900,4.34,U
sz000100,TCL科技,2025-10-30 10:51:27,4.33,214800,4.34,D
sz000100,TCL科技,2025-10-30 10:51:30,4.34,30100,4.33,U
sz000100,TCL科技,2025-10-30 10:51:33,4.33,35800,4.34,D
sz000100,TCL科技,2025-10-30 10:51:36,4.34,24700,4.33,U
sz000100,TCL科技,2025-10-30 10:51:39,4.33,151100,4.34,D
sz000100,TCL科技,2025-10-30 10:51:42,4.33,21900,4.33,D
sz000100,TCL科技,2025-10-30 10:51:45,4.33,36600,4.33,D
sz000100,TCL科技,2025-10-30 10:51:48,4.33,125810,4.33,D
sz000100,TCL科技,2025-10-30 10:51:51,4.34,44500,4.33,U
sz000100,TCL科技,2025-10-30 10:51:54,4.33,30200,4.34,D
sz000100,TCL科技,2025-10-30 10:51:57,4.34,67700,4.33,U
sz000100,TCL科技,2025-10-30 10:52:00,4.33,42700,4.34,D
sz000100,TCL科技,2025-10-30 10:52:03,4.33,68500,4.33,D
sz000100,TCL科技,2025-10-30 10:52:06,4.34,168800,4.33,U
sz000100,TCL科技,2025-10-30 10:52:09,4.33,47700,4.34,D
sz000100,TCL科技,2025-10-30 10:52:12,4.33,73300,4.33,D
sz000100,TCL科技,2025-10-30 10:52:15,4.33,28400,4.33,D
sz000100,TCL科技,2025-10-30 10:52:18,4.33,61200,4.33,D
sz000100,TCL科技,2025-10-30 10:52:21,4.33,28300,4.33,D
sz000100,TCL科技,2025-10-30 10:52:24,4.34,53800,4.33,U
sz000100,TCL科技,2025-10-30 10:52:27,4.33,61000,4.34,D
sz000100,TCL科技,2025-10-30 10:52:30,4.34,52800,4.33,U
sz000100,TCL科技,2025-10-30 10:52:33,4.34,60100,4.34,U
sz000100,TCL科技,2025-10-30 10:52:36,4.33,193100,4.34,D
sz000100,TCL科技,2025-10-30 10:52:39,4.34,64600,4.33,U
sz000100,TCL科技,2025-10-30 10:52:42,4.33,79000,4.34,D
sz000100,TCL科技,2025-10-30 10:52:45,4.33,185600,4.33,D
sz000100,TCL科技,2025-10-30 10:52:48,4.34,29200,4.33,U
sz000100,TCL科技,2025-10-30 10:52:51,4.33,197400,4.34,D
sz000100,TCL科技,2025-10-30 10:52:54,4.33,26200,4.33,D
sz000100,TCL科技,2025-10-30 10:52:57,4.33,42300,4.33,D
sz000100,TCL科技,2025-10-30 10:53:00,4.34,26200,4.33,U
sz000100,TCL科技,2025-10-30 10:53:03,4.33,59800,4.34,D
sz000100,TCL科技,2025-10-30 10:53:06,4.34,21420,4.33,U
sz000100,TCL科技,2025-10-30 10:53:09,4.33,26400,4.34,D
sz000100,TCL科技,2025-10-30 10:53:12,4.34,29600,4.33,U
sz000100,TCL科技,2025-10-30 10:53:15,4.33,35200,4.34,D
sz000100,TCL科技,2025-10-30 10:53:18,4.33,4817270,4.33,D
sz000100,TCL科技,2025-10-30 10:53:21,4.33,176400,4.33,U
sz000100,TCL科技,2025-10-30 10:53:27,4.33,277000,4.33,U
sz000100,TCL科技,2025-10-30 10:53:30,4.33,182700,4.33,U
sz000100,TCL科技,2025-10-30 10:53:33,4.32,60500,4.33,D
sz000100,TCL科技,2025-10-30 10:53:45,4.33,127200,4.32,U
sz000100,TCL科技,2025-10-30 10:53:48,4.33,282800,4.33,U
sz000100,TCL科技,2025-10-30 10:53:51,4.33,143500,4.33,U
sz000100,TCL科技,2025-10-30 10:53:54,4.33,27900,4.33,U
sz000100,TCL科技,2025-10-30 10:53:57,4.33,29100,4.33,U
sz000100,TCL科技,2025-10-30 10:54:00,4.33,69300,4.33,U
sz000100,TCL科技,2025-10-30 10:54:03,4.32,112900,4.33,D
sz000100,TCL科技,2025-10-30 10:54:06,4.32,62500,4.32,D
sz000100,TCL科技,2025-10-30 10:54:09,4.32,40400,4.32,D
sz000100,TCL科技,2025-10-30 10:54:12,4.32,180300,4.32,D
sz000100,TCL科技,2025-10-30 10:54:15,4.33,77300,4.32,U
sz000100,TCL科技,2025-10-30 10:54:21,4.33,152200,4.32,U
sz000100,TCL科技,2025-10-30 10:54:24,4.32,98100,4.33,D
sz000100,TCL科技,2025-10-30 10:54:27,4.32,56100,4.32,D
sz000100,TCL科技,2025-10-30 10:54:30,4.33,137800,4.32,U
sz000100,TCL科技,2025-10-30 10:54:33,4.32,178700,4.33,D
sz000100,TCL科技,2025-10-30 10:54:36,4.32,41200,4.32,D
sz000100,TCL科技,2025-10-30 10:54:39,4.32,45400,4.32,D
sz000100,TCL科技,2025-10-30 10:54:42,4.32,42000,4.32,D
sz000100,TCL科技,2025-10-30 10:54:45,4.32,26200,4.32,D
sz000100,TCL科技,2025-10-30 10:54:48,4.33,153500,4.32,U
sz000100,TCL科技,2025-10-30 10:54:51,4.32,59900,4.33,D
sz000100,TCL科技,2025-10-30 10:54:54,4.32,207100,4.32,D
sz000100,TCL科技,2025-10-30 10:54:57,4.32,43300,4.32,D
sz000100,TCL科技,2025-10-30 10:55:00,4.32,105300,4.32,D
sz000100,TCL科技,2025-10-30 10:55:03,4.32,87400,4.32,D
sz000100,TCL科技,2025-10-30 10:55:06,4.33,27800,4.32,U
sz000100,TCL科技,2025-10-30 10:55:09,4.33,43200,4.33,U
sz000100,TCL科技,2025-10-30 10:55:12,4.32,27200,4.33,D
sz000100,TCL科技,2025-10-30 10:55:15,4.32,76000,4.32,D
sz000100,TCL科技,2025-10-30 10:55:18,4.32,27300,4.32,D
sz000100,TCL科技,2025-10-30 10:55:21,4.33,43800,4.32,U
sz000100,TCL科技,2025-10-30 10:55:24,4.33,28900,4.33,U
sz000100,TCL科技,2025-10-30 10:55:27,4.33,33300,4.33,U
sz000100,TCL科技,2025-10-30 10:55:30,4.33,31200,4.33,U
sz000100,TCL科技,2025-10-30 10:55:33,4.32,170500,4.33,D
sz000100,TCL科技,2025-10-30 10:55:36,4.32,32700,4.32,D
sz000100,TCL科技,2025-10-30 10:55:39,4.32,25400,4.32,D
sz000100,TCL科技,2025-10-30 10:55:45,4.32,32800,4.32,D
sz000100,TCL科技,2025-10-30 10:55:48,4.32,47200,4.32,D
sz000100,TCL科技,2025-10-30 10:55:51,4.33,46000,4.32,U
sz000100,TCL科技,2025-10-30 10:55:54,4.33,22300,4.33,U
sz000100,TCL科技,2025-10-30 10:55:57,4.33,56400,4.33,U
sz000100,TCL科技,2025-10-30 10:56:00,4.33,58200,4.33,U
sz000100,TCL科技,2025-10-30 10:56:03,4.33,30000,4.33,U
sz000100,TCL科技,2025-10-30 10:56:06,4.32,41500,4.33,D
sz000100,TCL科技,2025-10-30 10:56:09,4.33,508600,4.32,U
sz000100,TCL科技,2025-10-30 10:56:12,4.33,143500,4.33,U
sz000100,TCL科技,2025-10-30 10:56:15,4.33,43000,4.33,U
sz000100,TCL科技,2025-10-30 10:56:18,4.33,21900,4.33,U
sz000100,TCL科技,2025-10-30 10:56:21,4.32,25400,4.33,D
sz000100,TCL科技,2025-10-30 10:56:24,4.33,30700,4.32,U
sz000100,TCL科技,2025-10-30 10:56:27,4.33,26200,4.33,U
sz000100,TCL科技,2025-10-30 10:56:30,4.32,44100,4.33,D
sz000100,TCL科技,2025-10-30 10:56:33,4.33,27600,4.32,U
sz000100,TCL科技,2025-10-30 10:56:36,4.32,35100,4.33,D
sz000100,TCL科技,2025-10-30 10:56:39,4.33,23000,4.32,U
sz000100,TCL科技,2025-10-30 10:56:42,4.32,25600,4.33,D
sz000100,TCL科技,2025-10-30 10:56:45,4.33,35100,4.32,U
sz000100,TCL科技,2025-10-30 10:56:48,4.32,39100,4.33,D
sz000100,TCL科技,2025-10-30 10:56:51,4.33,25200,4.32,U
sz000100,TCL科技,2025-10-30 10:56:54,4.33,201500,4.33,U
sz000100,TCL科技,2025-10-30 10:56:57,4.32,83700,4.33,D
sz000100,TCL科技,2025-10-30 10:57:00,4.33,41400,4.32,U
sz000100,TCL科技,2025-10-30 10:57:03,4.33,116600,4.33,U
sz000100,TCL科技,2025-10-30 10:57:06,4.33,23800,4.33,U
sz000100,TCL科技,2025-10-30 10:57:09,4.33,35500,4.33,U
sz000100,TCL科技,2025-10-30 10:57:12,4.32,20700,4.33,D
sz000100,TCL科技,2025-10-30 10:57:27,4.33,24700,4.32,U
sz000100,TCL科技,2025-10-30 10:57:33,4.33,31100,4.33,U
sz000100,TCL科技,2025-10-30 10:57:36,4.32,181400,4.33,D
sz000100,TCL科技,2025-10-30 10:57:39,4.32,138500,4.32,D
sz000100,TCL科技,2025-10-30 10:57:42,4.32,93200,4.32,D
sz000100,TCL科技,2025-10-30 10:57:48,4.33,60700,4.33,U
sz000100,TCL科技,2025-10-30 10:57:51,4.33,51900,4.33,U
sz000100,TCL科技,2025-10-30 10:57:54,4.32,29500,4.33,D
sz000100,TCL科技,2025-10-30 10:57:57,4.33,32200,4.32,U
sz000100,TCL科技,2025-10-30 10:58:00,4.32,52000,4.33,D
sz000100,TCL科技,2025-10-30 10:58:03,4.33,33600,4.32,U
sz000100,TCL科技,2025-10-30 10:58:06,4.32,39600,4.33,D
sz000100,TCL科技,2025-10-30 10:58:09,4.32,44300,4.32,D
sz000100,TCL科技,2025-10-30 10:58:12,4.32,31100,4.32,D
sz000100,TCL科技,2025-10-30 10:58:18,4.33,152200,4.33,U
sz000100,TCL科技,2025-10-30 10:58:21,4.33,36700,4.33,U
sz000100,TCL科技,2025-10-30 10:58:27,4.33,50800,4.33,U
sz000100,TCL科技,2025-10-30 10:58:33,4.32,55600,4.32,D
sz000100,TCL科技,2025-10-30 10:58:36,4.32,65600,4.32,D
sz000100,TCL科技,2025-10-30 10:58:39,4.32,163600,4.32,D
sz000100,TCL科技,2025-10-30 10:58:45,4.32,267700,4.33,D
sz000100,TCL科技,2025-10-30 10:58:48,4.33,132800,4.32,U
sz000100,TCL科技,2025-10-30 10:58:54,4.33,38000,4.33,U
sz000100,TCL科技,2025-10-30 10:58:57,4.33,144500,4.33,U
sz000100,TCL科技,2025-10-30 10:59:03,4.32,48600,4.33,D
sz000100,TCL科技,2025-10-30 10:59:06,4.33,25300,4.32,U
sz000100,TCL科技,2025-10-30 10:59:15,4.33,130600,4.33,U
sz000100,TCL科技,2025-10-30 10:59:21,4.33,32800,4.32,U
sz000100,TCL科技,2025-10-30 10:59:36,4.33,161400,4.32,U
sz000100,TCL科技,2025-10-30 10:59:39,4.32,34900,4.33,D
sz000100,TCL科技,2025-10-30 10:59:48,4.32,24300,4.33,D
sz000100,TCL科技,2025-10-30 10:59:51,4.32,31800,4.32,D
sz000100,TCL科技,2025-10-30 10:59:54,4.33,45800,4.32,U
sz000100,TCL科技,2025-10-30 10:59:57,4.33,44000,4.33,U
sz000100,TCL科技,2025-10-30 11:00:00,4.33,48700,4.33,U
sz000100,TCL科技,2025-10-30 11:00:03,4.32,37300,4.33,D
sz000100,TCL科技,2025-10-30 11:00:06,4.32,34800,4.32,D
sz000100,TCL科技,2025-10-30 11:00:09,4.32,33800,4.32,D
sz000100,TCL科技,2025-10-30 11:00:12,4.32,54500,4.32,D
sz000100,TCL科技,2025-10-30 11:00:15,4.33,22500,4.32,U
sz000100,TCL科技,2025-10-30 11:00:18,4.32,278400,4.33,D
sz000100,TCL科技,2025-10-30 11:00:21,4.33,134600,4.32,U
sz000100,TCL科技,2025-10-30 11:00:24,4.33,29400,4.33,U
sz000100,TCL科技,2025-10-30 11:00:27,4.32,62400,4.33,D
sz000100,TCL科技,2025-10-30 11:00:30,4.33,22000,4.32,U
sz000100,TCL科技,2025-10-30 11:00:33,4.33,35000,4.33,U
sz000100,TCL科技,2025-10-30 11:00:36,4.33,41500,4.33,U
sz000100,TCL科技,2025-10-30 11:00:39,4.33,72000,4.33,U
sz000100,TCL科技,2025-10-30 11:00:42,4.32,34700,4.33,D
sz000100,TCL科技,2025-10-30 11:00:45,4.33,44400,4.32,U
sz000100,TCL科技,2025-10-30 11:00:48,4.33,24800,4.33,U
sz000100,TCL科技,2025-10-30 11:00:51,4.33,29900,4.33,U
sz000100,TCL科技,2025-10-30 11:00:54,4.33,22100,4.33,U
sz000100,TCL科技,2025-10-30 11:00:57,4.33,179500,4.33,U
sz000100,TCL科技,2025-10-30 11:01:00,4.33,84700,4.33,U
sz000100,TCL科技,2025-10-30 11:01:06,4.32,42200,4.32,D
sz000100,TCL科技,2025-10-30 11:01:09,4.32,41800,4.32,D
sz000100,TCL科技,2025-10-30 11:01:12,4.32,31100,4.32,D
sz000100,TCL科技,2025-10-30 11:01:15,4.32,53700,4.32,D
sz000100,TCL科技,2025-10-30 11:01:18,4.32,63300,4.32,D
sz000100,TCL科技,2025-10-30 11:01:21,4.33,40000,4.32,U
sz000100,TCL科技,2025-10-30 11:01:24,4.32,47300,4.33,D
sz000100,TCL科技,2025-10-30 11:01:27,4.32,37400,4.32,D
sz000100,TCL科技,2025-10-30 11:01:30,4.33,41300,4.32,U
sz000100,TCL科技,2025-10-30 11:01:33,4.33,26700,4.33,U
sz000100,TCL科技,2025-10-30 11:01:36,4.32,46100,4.33,D
sz000100,TCL科技,2025-10-30 11:01:39,4.33,463900,4.32,U
sz000100,TCL科技,2025-10-30 11:01:42,4.33,39200,4.33,U
sz000100,TCL科技,2025-10-30 11:01:45,4.33,134300,4.33,U
sz000100,TCL科技,2025-10-30 11:01:48,4.33,45400,4.33,U
sz000100,TCL科技,2025-10-30 11:01:51,4.33,37200,4.33,U
sz000100,TCL科技,2025-10-30 11:01:54,4.33,43700,4.33,U
sz000100,TCL科技,2025-10-30 11:01:57,4.32,71900,4.33,D
sz000100,TCL科技,2025-10-30 11:02:00,4.32,65500,4.32,D
sz000100,TCL科技,2025-10-30 11:02:03,4.33,135100,4.32,U
sz000100,TCL科技,2025-10-30 11:02:06,4.33,68900,4.33,U
sz000100,TCL科技,2025-10-30 11:02:09,4.33,2961570,4.33,U
sz000100,TCL科技,2025-10-30 11:02:12,4.34,564500,4.33,U
sz000100,TCL科技,2025-10-30 11:02:15,4.33,309400,4.34,D
sz000100,TCL科技,2025-10-30 11:02:18,4.34,242300,4.33,U
sz000100,TCL科技,2025-10-30 11:02:21,4.34,68000,4.34,U
sz000100,TCL科技,2025-10-30 11:02:24,4.34,133100,4.34,U
sz000100,TCL科技,2025-10-30 11:02:27,4.34,94700,4.34,U
sz000100,TCL科技,2025-10-30 11:02:30,4.34,32500,4.34,U
sz000100,TCL科技,2025-10-30 11:02:33,4.34,45500,4.34,U
sz000100,TCL科技,2025-10-30 11:02:36,4.33,255600,4.34,D
sz000100,TCL科技,2025-10-30 11:02:39,4.34,347300,4.33,U
sz000100,TCL科技,2025-10-30 11:02:42,4.34,75800,4.34,U
sz000100,TCL科技,2025-10-30 11:02:45,4.34,88500,4.34,U
sz000100,TCL科技,2025-10-30 11:02:48,4.34,33100,4.34,U
sz000100,TCL科技,2025-10-30 11:02:51,4.33,26000,4.34,D
sz000100,TCL科技,2025-10-30 11:02:54,4.33,20100,4.33,D
sz000100,TCL科技,2025-10-30 11:02:57,4.34,57800,4.33,U
sz000100,TCL科技,2025-10-30 11:03:00,4.33,175000,4.34,D
sz000100,TCL科技,2025-10-30 11:03:03,4.34,77800,4.33,U
sz000100,TCL科技,2025-10-30 11:03:06,4.34,55200,4.34,U
sz000100,TCL科技,2025-10-30 11:03:09,4.34,51300,4.34,U
sz000100,TCL科技,2025-10-30 11:03:12,4.34,105900,4.34,U
sz000100,TCL科技,2025-10-30 11:03:15,4.34,41400,4.34,U
sz000100,TCL科技,2025-10-30 11:03:18,4.34,64600,4.34,U
sz000100,TCL科技,2025-10-30 11:03:21,4.34,99000,4.34,U
sz000100,TCL科技,2025-10-30 11:03:24,4.34,76100,4.34,U
sz000100,TCL科技,2025-10-30 11:03:27,4.34,36700,4.34,U
sz000100,TCL科技,2025-10-30 11:03:30,4.34,92800,4.34,U
sz000100,TCL科技,2025-10-30 11:03:33,4.33,41000,4.34,D
sz000100,TCL科技,2025-10-30 11:03:36,4.34,23000,4.33,U
sz000100,TCL科技,2025-10-30 11:03:39,4.33,255800,4.34,D
sz000100,TCL科技,2025-10-30 11:03:42,4.33,32400,4.33,D
sz000100,TCL科技,2025-10-30 11:03:45,4.34,91700,4.33,U
sz000100,TCL科技,2025-10-30 11:03:48,4.34,27900,4.34,U
sz000100,TCL科技,2025-10-30 11:03:51,4.34,309500,4.34,U
sz000100,TCL科技,2025-10-30 11:03:54,4.34,52600,4.34,U
sz000100,TCL科技,2025-10-30 11:03:57,4.34,36000,4.34,U
sz000100,TCL科技,2025-10-30 11:04:00,4.34,109800,4.34,U
sz000100,TCL科技,2025-10-30 11:04:03,4.34,98600,4.34,U
sz000100,TCL科技,2025-10-30 11:04:06,4.34,285900,4.34,U
sz000100,TCL科技,2025-10-30 11:04:09,4.34,255700,4.34,U
sz000100,TCL科技,2025-10-30 11:04:12,4.34,366900,4.34,U
sz000100,TCL科技,2025-10-30 11:04:15,4.34,138100,4.34,U
sz000100,TCL科技,2025-10-30 11:04:18,4.34,313200,4.34,U
sz000100,TCL科技,2025-10-30 11:04:21,4.34,1539804,4.34,U
sz000100,TCL科技,2025-10-30 11:04:24,4.35,236300,4.34,U
sz000100,TCL科技,2025-10-30 11:04:27,4.35,536500,4.35,U
sz000100,TCL科技,2025-10-30 11:04:30,4.35,84000,4.35,U
sz000100,TCL科技,2025-10-30 11:04:33,4.35,159900,4.35,U
sz000100,TCL科技,2025-10-30 11:04:36,4.35,60500,4.35,U
sz000100,TCL科技,2025-10-30 11:04:39,4.34,149500,4.35,D
sz000100,TCL科技,2025-10-30 11:04:42,4.35,51800,4.34,U
sz000100,TCL科技,2025-10-30 11:04:45,4.34,75800,4.35,D
sz000100,TCL科技,2025-10-30 11:04:48,4.35,78500,4.34,U
sz000100,TCL科技,2025-10-30 11:04:51,4.35,48900,4.35,U
sz000100,TCL科技,2025-10-30 11:04:54,4.35,48800,4.35,U
sz000100,TCL科技,2025-10-30 11:04:57,4.34,33800,4.35,D
sz000100,TCL科技,2025-10-30 11:05:00,4.35,238000,4.34,U
sz000100,TCL科技,2025-10-30 11:05:03,4.35,261300,4.35,U
sz000100,TCL科技,2025-10-30 11:05:06,4.35,133800,4.35,U
sz000100,TCL科技,2025-10-30 11:05:09,4.34,118600,4.35,D
sz000100,TCL科技,2025-10-30 11:05:12,4.35,79700,4.34,U
sz000100,TCL科技,2025-10-30 11:05:15,4.35,48800,4.35,U
sz000100,TCL科技,2025-10-30 11:05:18,4.34,53400,4.35,D
sz000100,TCL科技,2025-10-30 11:05:21,4.35,81500,4.34,U
sz000100,TCL科技,2025-10-30 11:05:24,4.35,50100,4.35,U
sz000100,TCL科技,2025-10-30 11:05:27,4.35,94200,4.35,U
sz000100,TCL科技,2025-10-30 11:05:30,4.34,74100,4.35,D
sz000100,TCL科技,2025-10-30 11:05:33,4.35,84000,4.34,U
sz000100,TCL科技,2025-10-30 11:05:36,4.35,43110,4.35,U
sz000100,TCL科技,2025-10-30 11:05:39,4.35,69800,4.35,U
sz000100,TCL科技,2025-10-30 11:05:42,4.34,179400,4.35,D
sz000100,TCL科技,2025-10-30 11:05:45,4.35,81600,4.34,U
sz000100,TCL科技,2025-10-30 11:05:48,4.35,41400,4.35,U
sz000100,TCL科技,2025-10-30 11:05:51,4.35,432500,4.35,U
sz000100,TCL科技,2025-10-30 11:05:54,4.34,143800,4.35,D
sz000100,TCL科技,2025-10-30 11:05:57,4.34,89300,4.34,D
sz000100,TCL科技,2025-10-30 11:06:00,4.35,55800,4.34,U
sz000100,TCL科技,2025-10-30 11:06:03,4.35,603800,4.35,U
sz000100,TCL科技,2025-10-30 11:06:06,4.35,121600,4.35,U
sz000100,TCL科技,2025-10-30 11:06:09,4.35,198300,4.35,U
sz000100,TCL科技,2025-10-30 11:06:12,4.35,119100,4.35,U
sz000100,TCL科技,2025-10-30 11:06:15,4.35,113000,4.35,U
sz000100,TCL科技,2025-10-30 11:06:18,4.35,49300,4.35,U
sz000100,TCL科技,2025-10-30 11:06:21,4.34,91400,4.35,D
sz000100,TCL科技,2025-10-30 11:06:24,4.35,199200,4.34,U
sz000100,TCL科技,2025-10-30 11:06:27,4.34,86500,4.35,D
sz000100,TCL科技,2025-10-30 11:06:30,4.34,54100,4.34,D
sz000100,TCL科技,2025-10-30 11:06:33,4.35,53900,4.34,U
sz000100,TCL科技,2025-10-30 11:06:36,4.35,129000,4.35,U
sz000100,TCL科技,2025-10-30 11:06:39,4.35,141300,4.35,U
sz000100,TCL科技,2025-10-30 11:06:42,4.34,114000,4.35,D
sz000100,TCL科技,2025-10-30 11:06:45,4.34,37000,4.34,D
sz000100,TCL科技,2025-10-30 11:06:48,4.35,53900,4.34,U
sz000100,TCL科技,2025-10-30 11:06:51,4.35,42300,4.35,U
sz000100,TCL科技,2025-10-30 11:06:54,4.35,66900,4.35,U
sz000100,TCL科技,2025-10-30 11:06:57,4.35,55500,4.35,U
sz000100,TCL科技,2025-10-30 11:07:00,4.35,314400,4.35,U
sz000100,TCL科技,2025-10-30 11:07:03,4.35,2044100,4.35,U
sz000100,TCL科技,2025-10-30 11:07:06,4.35,321500,4.35,U
sz000100,TCL科技,2025-10-30 11:07:09,4.35,3185800,4.35,U
sz000100,TCL科技,2025-10-30 11:07:12,4.36,2477944,4.35,U
sz000100,TCL科技,2025-10-30 11:07:15,4.36,724900,4.36,U
sz000100,TCL科技,2025-10-30 11:07:18,4.36,1012700,4.36,U
sz000100,TCL科技,2025-10-30 11:07:21,4.36,377200,4.36,U
sz000100,TCL科技,2025-10-30 11:07:24,4.36,561900,4.36,U
sz000100,TCL科技,2025-10-30 11:07:27,4.36,242100,4.36,U
sz000100,TCL科技,2025-10-30 11:07:30,4.36,296500,4.36,U
sz000100,TCL科技,2025-10-30 11:07:33,4.36,196200,4.36,U
sz000100,TCL科技,2025-10-30 11:07:36,4.36,228000,4.36,U
sz000100,TCL科技,2025-10-30 11:07:39,4.35,197900,4.36,D
sz000100,TCL科技,2025-10-30 11:07:42,4.35,253800,4.35,D
sz000100,TCL科技,2025-10-30 11:07:45,4.35,164800,4.35,D
sz000100,TCL科技,2025-10-30 11:07:48,4.36,65600,4.35,U
sz000100,TCL科技,2025-10-30 11:07:51,4.36,70300,4.36,U
sz000100,TCL科技,2025-10-30 11:07:54,4.35,73900,4.36,D
sz000100,TCL科技,2025-10-30 11:07:57,4.35,79600,4.35,D
sz000100,TCL科技,2025-10-30 11:08:00,4.36,32000,4.35,U
sz000100,TCL科技,2025-10-30 11:08:03,4.36,292600,4.36,U
sz000100,TCL科技,2025-10-30 11:08:06,4.35,48300,4.36,D
sz000100,TCL科技,2025-10-30 11:08:09,4.35,60700,4.35,D
sz000100,TCL科技,2025-10-30 11:08:12,4.35,44700,4.35,D
sz000100,TCL科技,2025-10-30 11:08:15,4.35,32800,4.35,D
sz000100,TCL科技,2025-10-30 11:08:18,4.35,27800,4.35,D
sz000100,TCL科技,2025-10-30 11:08:21,4.35,32500,4.35,D
sz000100,TCL科技,2025-10-30 11:08:24,4.35,42100,4.35,D
sz000100,TCL科技,2025-10-30 11:08:27,4.36,265900,4.35,U
sz000100,TCL科技,2025-10-30 11:08:30,4.35,48000,4.36,D
sz000100,TCL科技,2025-10-30 11:08:33,4.35,129900,4.35,D
sz000100,TCL科技,2025-10-30 11:08:36,4.35,62900,4.35,D
sz000100,TCL科技,2025-10-30 11:08:39,4.35,55300,4.35,D
sz000100,TCL科技,2025-10-30 11:08:42,4.35,292600,4.35,D
sz000100,TCL科技,2025-10-30 11:08:45,4.36,27400,4.35,U
sz000100,TCL科技,2025-10-30 11:08:48,4.36,73800,4.36,U
sz000100,TCL科技,2025-10-30 11:08:51,4.35,46100,4.36,D
sz000100,TCL科技,2025-10-30 11:08:54,4.36,91000,4.35,U
sz000100,TCL科技,2025-10-30 11:08:57,4.35,77300,4.36,D
sz000100,TCL科技,2025-10-30 11:09:00,4.36,91700,4.35,U
sz000100,TCL科技,2025-10-30 11:09:03,4.36,110000,4.36,U
sz000100,TCL科技,2025-10-30 11:09:06,4.36,220800,4.36,U
sz000100,TCL科技,2025-10-30 11:09:09,4.36,49400,4.36,U
sz000100,TCL科技,2025-10-30 11:09:12,4.36,28300,4.36,U
sz000100,TCL科技,2025-10-30 11:09:15,4.36,29500,4.36,U
sz000100,TCL科技,2025-10-30 11:09:18,4.35,36400,4.36,D
sz000100,TCL科技,2025-10-30 11:09:21,4.35,33500,4.35,D
sz000100,TCL科技,2025-10-30 11:09:24,4.36,41100,4.35,U
sz000100,TCL科技,2025-10-30 11:09:27,4.35,59900,4.36,D
sz000100,TCL科技,2025-10-30 11:09:30,4.35,34900,4.35,D
sz000100,TCL科技,2025-10-30 11:09:33,4.35,113000,4.35,D
sz000100,TCL科技,2025-10-30 11:09:36,4.35,45900,4.35,D
sz000100,TCL科技,2025-10-30 11:09:39,4.36,51700,4.35,U
sz000100,TCL科技,2025-10-30 11:09:42,4.35,47500,4.36,D
sz000100,TCL科技,2025-10-30 11:09:45,4.35,46800,4.35,D
sz000100,TCL科技,2025-10-30 11:09:48,4.35,1620620,4.35,D
sz000100,TCL科技,2025-10-30 11:09:51,4.35,48700,4.35,D
sz000100,TCL科技,2025-10-30 11:09:54,4.35,152200,4.35,D
sz000100,TCL科技,2025-10-30 11:09:57,4.35,142800,4.35,D
sz000100,TCL科技,2025-10-30 11:10:00,4.35,48400,4.35,D
sz000100,TCL科技,2025-10-30 11:10:03,4.36,86100,4.35,U
sz000100,TCL科技,2025-10-30 11:10:06,4.35,659100,4.36,D
sz000100,TCL科技,2025-10-30 11:10:09,4.35,84700,4.35,D
sz000100,TCL科技,2025-10-30 11:10:12,4.35,388500,4.35,D
sz000100,TCL科技,2025-10-30 11:10:15,4.35,135700,4.35,D
sz000100,TCL科技,2025-10-30 11:10:18,4.35,356500,4.35,U
sz000100,TCL科技,2025-10-30 11:10:21,4.35,138700,4.35,U
sz000100,TCL科技,2025-10-30 11:10:24,4.35,61500,4.35,D
sz000100,TCL科技,2025-10-30 11:10:27,4.35,107600,4.35,D
sz000100,TCL科技,2025-10-30 11:10:30,4.35,104800,4.35,D
sz000100,TCL科技,2025-10-30 11:10:33,4.35,42500,4.35,D
sz000100,TCL科技,2025-10-30 11:10:36,4.35,79700,4.35,D
sz000100,TCL科技,2025-10-30 11:10:39,4.35,293600,4.35,D
sz000100,TCL科技,2025-10-30 11:10:42,4.35,170700,4.35,D
sz000100,TCL科技,2025-10-30 11:10:45,4.35,143300,4.35,D
sz000100,TCL科技,2025-10-30 11:10:48,4.35,44200,4.35,D
sz000100,TCL科技,2025-10-30 11:10:51,4.35,184000,4.35,D
sz000100,TCL科技,2025-10-30 11:10:54,4.35,68200,4.35,D
sz000100,TCL科技,2025-10-30 11:11:00,4.35,229060,4.35,D
sz000100,TCL科技,2025-10-30 11:11:03,4.36,39300,4.35,U
sz000100,TCL科技,2025-10-30 11:11:06,4.36,37600,4.36,U
sz000100,TCL科技,2025-10-30 11:11:09,4.35,116700,4.36,D
sz000100,TCL科技,2025-10-30 11:11:12,4.36,50200,4.35,U
sz000100,TCL科技,2025-10-30 11:11:18,4.36,49900,4.35,U
sz000100,TCL科技,2025-10-30 11:11:21,4.35,45900,4.36,D
sz000100,TCL科技,2025-10-30 11:11:27,4.36,41800,4.36,U
sz000100,TCL科技,2025-10-30 11:11:30,4.36,75000,4.36,U
sz000100,TCL科技,2025-10-30 11:11:33,4.35,198700,4.36,D
sz000100,TCL科技,2025-10-30 11:11:36,4.35,123800,4.35,D
sz000100,TCL科技,2025-10-30 11:11:39,4.35,34200,4.35,D
sz000100,TCL科技,2025-10-30 11:11:42,4.36,63100,4.35,U
sz000100,TCL科技,2025-10-30 11:11:45,4.35,36400,4.36,D
sz000100,TCL科技,2025-10-30 11:11:48,4.35,26700,4.35,D
sz000100,TCL科技,2025-10-30 11:11:51,4.36,131900,4.35,U
sz000100,TCL科技,2025-10-30 11:11:54,4.36,42200,4.36,U
sz000100,TCL科技,2025-10-30 11:11:57,4.35,70400,4.36,D
sz000100,TCL科技,2025-10-30 11:12:00,4.35,122100,4.35,D
sz000100,TCL科技,2025-10-30 11:12:03,4.35,49600,4.35,D
sz000100,TCL科技,2025-10-30 11:12:06,4.36,149700,4.35,U
sz000100,TCL科技,2025-10-30 11:12:09,4.35,96600,4.36,D
sz000100,TCL科技,2025-10-30 11:12:12,4.35,177700,4.35,D
sz000100,TCL科技,2025-10-30 11:12:15,4.35,104500,4.35,D
sz000100,TCL科技,2025-10-30 11:12:18,4.36,39800,4.35,U
sz000100,TCL科技,2025-10-30 11:12:21,4.35,37200,4.36,D
sz000100,TCL科技,2025-10-30 11:12:24,4.35,44200,4.35,D
sz000100,TCL科技,2025-10-30 11:12:27,4.36,93200,4.35,U
sz000100,TCL科技,2025-10-30 11:12:30,4.35,49500,4.36,D
sz000100,TCL科技,2025-10-30 11:12:33,4.36,120800,4.35,U
sz000100,TCL科技,2025-10-30 11:12:36,4.35,52400,4.36,D
sz000100,TCL科技,2025-10-30 11:12:39,4.35,39900,4.35,D
sz000100,TCL科技,2025-10-30 11:12:42,4.36,33400,4.35,U
sz000100,TCL科技,2025-10-30 11:12:48,4.35,41300,4.35,D
sz000100,TCL科技,2025-10-30 11:12:51,4.35,66100,4.35,D
sz000100,TCL科技,2025-10-30 11:12:54,4.35,182700,4.35,D
sz000100,TCL科技,2025-10-30 11:12:57,4.35,652600,4.35,D
sz000100,TCL科技,2025-10-30 11:13:03,4.35,62600,4.35,D
sz000100,TCL科技,2025-10-30 11:13:06,4.35,102400,4.35,D
sz000100,TCL科技,2025-10-30 11:13:09,4.35,109300,4.35,D
sz000100,TCL科技,2025-10-30 11:13:12,4.35,74700,4.35,D
sz000100,TCL科技,2025-10-30 11:13:15,4.35,140600,4.35,D
sz000100,TCL科技,2025-10-30 11:13:18,4.35,182600,4.35,D
sz000100,TCL科技,2025-10-30 11:13:21,4.35,145300,4.35,D
sz000100,TCL科技,2025-10-30 11:13:24,4.35,126800,4.35,D
sz000100,TCL科技,2025-10-30 11:13:27,4.35,383340,4.35,D
sz000100,TCL科技,2025-10-30 11:13:30,4.35,89870,4.35,U
sz000100,TCL科技,2025-10-30 11:13:33,4.35,99700,4.35,U
sz000100,TCL科技,2025-10-30 11:13:36,4.35,242900,4.35,U
sz000100,TCL科技,2025-10-30 11:13:39,4.35,267500,4.35,D
sz000100,TCL科技,2025-10-30 11:13:42,4.36,94400,4.35,U
sz000100,TCL科技,2025-10-30 11:13:45,4.35,61400,4.36,E
sz000100,TCL科技,2025-10-30 11:13:48,4.35,54500,4.35,U
sz000100,TCL科技,2025-10-30 11:13:51,4.35,21400,4.35,U
sz000100,TCL科技,2025-10-30 11:13:57,4.35,29300,4.34,U
sz000100,TCL科技,2025-10-30 11:14:00,4.34,167200,4.35,D
sz000100,TCL科技,2025-10-30 11:14:03,4.35,148200,4.34,U
sz000100,TCL科技,2025-10-30 11:14:18,4.35,161500,4.34,U
sz000100,TCL科技,2025-10-30 11:14:21,4.35,23000,4.35,U
sz000100,TCL科技,2025-10-30 11:14:27,4.34,43400,4.35,D
sz000100,TCL科技,2025-10-30 11:14:30,4.34,23220,4.34,D
sz000100,TCL科技,2025-10-30 11:14:33,4.34,26500,4.34,D
sz000100,TCL科技,2025-10-30 11:14:39,4.35,76500,4.34,U
sz000100,TCL科技,2025-10-30 11:14:54,4.35,43100,4.34,U
sz000100,TCL科技,2025-10-30 11:15:00,4.35,173600,4.34,U
sz000100,TCL科技,2025-10-30 11:15:03,4.34,113000,4.35,D
sz000100,TCL科技,2025-10-30 11:15:09,4.35,60600,4.35,U
sz000100,TCL科技,2025-10-30 11:15:12,4.35,50700,4.35,U
sz000100,TCL科技,2025-10-30 11:15:15,4.35,301200,4.35,U
sz000100,TCL科技,2025-10-30 11:15:18,4.34,445930,4.35,D
sz000100,TCL科技,2025-10-30 11:15:24,4.35,51100,4.34,U
sz000100,TCL科技,2025-10-30 11:15:27,4.34,25700,4.35,D
sz000100,TCL科技,2025-10-30 11:15:30,4.35,272900,4.34,U
sz000100,TCL科技,2025-10-30 11:15:33,4.35,26400,4.35,U
sz000100,TCL科技,2025-10-30 11:15:36,4.34,25100,4.35,D
sz000100,TCL科技,2025-10-30 11:15:39,4.34,46500,4.34,D
sz000100,TCL科技,2025-10-30 11:15:42,4.35,187700,4.34,U
sz000100,TCL科技,2025-10-30 11:15:45,4.34,27400,4.35,D
sz000100,TCL科技,2025-10-30 11:15:48,4.35,60500,4.34,U
sz000100,TCL科技,2025-10-30 11:15:51,4.35,37200,4.35,U
sz000100,TCL科技,2025-10-30 11:15:54,4.35,67400,4.35,U
sz000100,TCL科技,2025-10-30 11:15:57,4.34,21500,4.35,D
sz000100,TCL科技,2025-10-30 11:16:00,4.35,31700,4.34,U
sz000100,TCL科技,2025-10-30 11:16:03,4.35,38100,4.35,U
sz000100,TCL科技,2025-10-30 11:16:06,4.34,21100,4.35,D
sz000100,TCL科技,2025-10-30 11:16:09,4.34,42400,4.34,D
sz000100,TCL科技,2025-10-30 11:16:12,4.35,46100,4.34,U
sz000100,TCL科技,2025-10-30 11:16:15,4.34,20800,4.35,D
sz000100,TCL科技,2025-10-30 11:16:18,4.35,203100,4.34,U
sz000100,TCL科技,2025-10-30 11:16:21,4.35,31000,4.35,U
sz000100,TCL科技,2025-10-30 11:16:24,4.35,168400,4.35,U
sz000100,TCL科技,2025-10-30 11:16:27,4.34,26100,4.35,D
sz000100,TCL科技,2025-10-30 11:16:30,4.35,23800,4.34,U
sz000100,TCL科技,2025-10-30 11:16:33,4.35,54200,4.35,U
sz000100,TCL科技,2025-10-30 11:16:36,4.34,24400,4.35,D
sz000100,TCL科技,2025-10-30 11:16:39,4.35,26600,4.34,U
sz000100,TCL科技,2025-10-30 11:16:42,4.34,88200,4.35,D
sz000100,TCL科技,2025-10-30 11:16:45,4.35,38600,4.34,U
sz000100,TCL科技,2025-10-30 11:16:48,4.34,30600,4.35,D
sz000100,TCL科技,2025-10-30 11:16:51,4.34,22800,4.34,D
sz000100,TCL科技,2025-10-30 11:16:54,4.34,40500,4.34,D
sz000100,TCL科技,2025-10-30 11:16:57,4.34,20700,4.34,D
sz000100,TCL科技,2025-10-30 11:17:00,4.34,31700,4.34,D
sz000100,TCL科技,2025-10-30 11:17:03,4.34,41600,4.34,D
sz000100,TCL科技,2025-10-30 11:17:06,4.35,171600,4.34,U
sz000100,TCL科技,2025-10-30 11:17:09,4.34,30300,4.35,D
sz000100,TCL科技,2025-10-30 11:17:12,4.34,52500,4.34,D
sz000100,TCL科技,2025-10-30 11:17:15,4.35,50400,4.34,U
sz000100,TCL科技,2025-10-30 11:17:18,4.34,27700,4.35,D
sz000100,TCL科技,2025-10-30 11:17:21,4.35,71000,4.34,U
sz000100,TCL科技,2025-10-30 11:17:24,4.34,57600,4.35,D
sz000100,TCL科技,2025-10-30 11:17:27,4.34,44500,4.34,D
