symbol,name,ticktime,price,volume,prev_price,kind
sz000100,TCL科技,2025-09-23 09:25:00,4.36,598200,0.0,D
sz000100,TCL科技,2025-09-23 09:30:00,4.37,167200,4.36,U
sz000100,TCL科技,2025-09-23 09:30:03,4.36,409810,4.37,D
sz000100,TCL科技,2025-09-23 09:30:06,4.36,186800,4.36,D
sz000100,TCL科技,2025-09-23 09:30:09,4.36,340900,4.36,D
sz000100,TCL科技,2025-09-23 09:30:12,4.37,210200,4.36,U
sz000100,TCL科技,2025-09-23 09:30:15,4.36,52400,4.37,D
sz000100,TCL科技,2025-09-23 09:30:18,4.36,62200,4.36,D
sz000100,TCL科技,2025-09-23 09:30:21,4.37,83900,4.36,U
sz000100,TCL科技,2025-09-23 09:30:24,4.36,32900,4.37,D
sz000100,TCL科技,2025-09-23 09:30:27,4.36,556900,4.36,D
sz000100,TCL科技,2025-09-23 09:30:30,4.35,126990,4.36,D
sz000100,TCL科技,2025-09-23 09:30:33,4.36,236500,4.35,U
sz000100,TCL科技,2025-09-23 09:30:36,4.36,27300,4.36,U
sz000100,TCL科技,2025-09-23 09:30:39,4.36,99600,4.36,U
sz000100,TCL科技,2025-09-23 09:30:42,4.36,1141330,4.36,U
sz000100,TCL科技,2025-09-23 09:30:45,4.36,341600,4.36,D
sz000100,TCL科技,2025-09-23 09:30:48,4.36,29500,4.36,D
sz000100,TCL科技,2025-09-23 09:30:51,4.36,445900,4.36,D
sz000100,TCL科技,2025-09-23 09:30:54,4.35,156700,4.36,D
sz000100,TCL科技,2025-09-23 09:30:57,4.36,149000,4.35,U
sz000100,TCL科技,2025-09-23 09:31:00,4.36,161500,4.36,U
sz000100,TCL科技,2025-09-23 09:31:03,4.36,484900,4.36,U
sz000100,TCL科技,2025-09-23 09:31:06,4.36,216900,4.36,D
sz000100,TCL科技,2025-09-23 09:31:09,4.36,32600,4.36,D
sz000100,TCL科技,2025-09-23 09:31:12,4.36,117700,4.36,D
sz000100,TCL科技,2025-09-23 09:31:15,4.37,101500,4.36,U
sz000100,TCL科技,2025-09-23 09:31:18,4.36,156700,4.37,D
sz000100,TCL科技,2025-09-23 09:31:21,4.37,937400,4.36,U
sz000100,TCL科技,2025-09-23 09:31:24,4.37,437800,4.37,D
sz000100,TCL科技,2025-09-23 09:31:27,4.37,117500,4.37,D
sz000100,TCL科技,2025-09-23 09:31:30,4.38,168400,4.37,U
sz000100,TCL科技,2025-09-23 09:31:33,4.38,316500,4.38,U
sz000100,TCL科技,2025-09-23 09:31:36,4.37,108000,4.38,D
sz000100,TCL科技,2025-09-23 09:31:39,4.37,149200,4.37,D
sz000100,TCL科技,2025-09-23 09:31:42,4.37,99200,4.37,D
sz000100,TCL科技,2025-09-23 09:31:45,4.38,95600,4.37,U
sz000100,TCL科技,2025-09-23 09:31:48,4.38,151200,4.38,U
sz000100,TCL科技,2025-09-23 09:31:51,4.38,124300,4.38,U
sz000100,TCL科技,2025-09-23 09:31:54,4.38,354300,4.38,U
sz000100,TCL科技,2025-09-23 09:31:57,4.37,98500,4.38,D
sz000100,TCL科技,2025-09-23 09:32:00,4.38,62800,4.37,U
sz000100,TCL科技,2025-09-23 09:32:03,4.37,124700,4.38,D
sz000100,TCL科技,2025-09-23 09:32:06,4.37,922900,4.37,D
sz000100,TCL科技,2025-09-23 09:32:12,4.38,616500,4.37,U
sz000100,TCL科技,2025-09-23 09:32:15,4.37,285000,4.38,D
sz000100,TCL科技,2025-09-23 09:32:18,4.37,553400,4.37,D
sz000100,TCL科技,2025-09-23 09:32:21,4.38,119100,4.37,U
sz000100,TCL科技,2025-09-23 09:32:27,4.37,145700,4.37,D
sz000100,TCL科技,2025-09-23 09:32:30,4.37,439100,4.37,D
sz000100,TCL科技,2025-09-23 09:32:33,4.37,186900,4.37,U
sz000100,TCL科技,2025-09-23 09:32:36,4.37,26700,4.37,D
sz000100,TCL科技,2025-09-23 09:32:39,4.37,125700,4.37,D
sz000100,TCL科技,2025-09-23 09:32:42,4.38,53400,4.37,U
sz000100,TCL科技,2025-09-23 09:32:48,4.38,40600,4.37,U
sz000100,TCL科技,2025-09-23 09:32:51,4.38,56400,4.38,U
sz000100,TCL科技,2025-09-23 09:32:54,4.37,63700,4.38,D
sz000100,TCL科技,2025-09-23 09:32:57,4.37,1053200,4.37,D
sz000100,TCL科技,2025-09-23 09:33:03,4.37,50000,4.37,D
sz000100,TCL科技,2025-09-23 09:33:06,4.37,70200,4.37,D
sz000100,TCL科技,2025-09-23 09:33:09,4.37,43100,4.37,D
sz000100,TCL科技,2025-09-23 09:33:12,4.37,52000,4.37,D
sz000100,TCL科技,2025-09-23 09:33:15,4.37,71100,4.37,D
sz000100,TCL科技,2025-09-23 09:33:18,4.37,45920,4.37,D
sz000100,TCL科技,2025-09-23 09:33:21,4.37,33800,4.37,D
sz000100,TCL科技,2025-09-23 09:33:24,4.37,37630,4.37,D
sz000100,TCL科技,2025-09-23 09:33:27,4.37,64620,4.37,D
sz000100,TCL科技,2025-09-23 09:33:30,4.37,637530,4.37,D
sz000100,TCL科技,2025-09-23 09:33:33,4.37,28800,4.37,U
sz000100,TCL科技,2025-09-23 09:33:39,4.37,75300,4.37,U
sz000100,TCL科技,2025-09-23 09:33:42,4.36,60700,4.37,D
sz000100,TCL科技,2025-09-23 09:33:45,4.36,32000,4.36,D
sz000100,TCL科技,2025-09-23 09:33:57,4.36,38200,4.37,D
sz000100,TCL科技,2025-09-23 09:34:00,4.36,30300,4.36,D
sz000100,TCL科技,2025-09-23 09:34:06,4.36,90430,4.36,D
sz000100,TCL科技,2025-09-23 09:34:09,4.37,36500,4.36,U
sz000100,TCL科技,2025-09-23 09:34:12,4.37,34010,4.37,U
sz000100,TCL科技,2025-09-23 09:34:15,4.36,34500,4.37,D
sz000100,TCL科技,2025-09-23 09:34:30,4.36,57900,4.36,D
sz000100,TCL科技,2025-09-23 09:34:33,4.36,126300,4.36,D
sz000100,TCL科技,2025-09-23 09:34:39,4.36,137950,4.37,D
sz000100,TCL科技,2025-09-23 09:34:42,4.36,27900,4.36,D
sz000100,TCL科技,2025-09-23 09:34:48,4.35,1147010,4.36,D
sz000100,TCL科技,2025-09-23 09:34:51,4.36,45900,4.35,U
sz000100,TCL科技,2025-09-23 09:34:54,4.35,62400,4.36,D
sz000100,TCL科技,2025-09-23 09:35:00,4.36,21900,4.35,U
sz000100,TCL科技,2025-09-23 09:35:03,4.36,63000,4.36,U
sz000100,TCL科技,2025-09-23 09:35:06,4.35,62900,4.36,D
sz000100,TCL科技,2025-09-23 09:35:09,4.35,54400,4.35,D
sz000100,TCL科技,2025-09-23 09:35:12,4.35,528300,4.35,D
sz000100,TCL科技,2025-09-23 09:35:15,4.35,25600,4.35,D
sz000100,TCL科技,2025-09-23 09:35:18,4.35,22500,4.35,D
sz000100,TCL科技,2025-09-23 09:35:24,4.36,32400,4.35,U
sz000100,TCL科技,2025-09-23 09:35:27,4.36,499400,4.36,U
sz000100,TCL科技,2025-09-23 09:35:30,4.35,52700,4.36,D
sz000100,TCL科技,2025-09-23 09:35:33,4.36,605700,4.35,U
sz000100,TCL科技,2025-09-23 09:35:36,4.36,94400,4.36,D
sz000100,TCL科技,2025-09-23 09:35:39,4.36,85900,4.36,D
sz000100,TCL科技,2025-09-23 09:35:42,4.36,346400,4.36,D
sz000100,TCL科技,2025-09-23 09:35:45,4.35,49200,4.36,D
sz000100,TCL科技,2025-09-23 09:35:48,4.35,102100,4.35,D
sz000100,TCL科技,2025-09-23 09:35:54,4.36,77800,4.36,U
sz000100,TCL科技,2025-09-23 09:35:57,4.36,43300,4.36,U
sz000100,TCL科技,2025-09-23 09:36:00,4.35,66400,4.36,D
sz000100,TCL科技,2025-09-23 09:36:03,4.36,49600,4.35,U
sz000100,TCL科技,2025-09-23 09:36:09,4.35,29400,4.35,D
sz000100,TCL科技,2025-09-23 09:36:15,4.36,61900,4.35,U
sz000100,TCL科技,2025-09-23 09:36:18,4.36,483100,4.36,U
sz000100,TCL科技,2025-09-23 09:36:21,4.36,119800,4.36,U
sz000100,TCL科技,2025-09-23 09:36:24,4.35,82200,4.36,D
sz000100,TCL科技,2025-09-23 09:36:27,4.36,86700,4.35,U
sz000100,TCL科技,2025-09-23 09:36:30,4.36,169700,4.36,U
sz000100,TCL科技,2025-09-23 09:36:33,4.35,330100,4.36,D
sz000100,TCL科技,2025-09-23 09:36:36,4.35,57200,4.35,D
sz000100,TCL科技,2025-09-23 09:36:39,4.35,270400,4.35,D
sz000100,TCL科技,2025-09-23 09:36:42,4.35,40800,4.35,D
sz000100,TCL科技,2025-09-23 09:36:45,4.36,281000,4.35,U
sz000100,TCL科技,2025-09-23 09:36:48,4.36,42340,4.36,U
sz000100,TCL科技,2025-09-23 09:36:51,4.36,22500,4.36,U
sz000100,TCL科技,2025-09-23 09:36:54,4.35,59700,4.36,D
sz000100,TCL科技,2025-09-23 09:36:57,4.35,29570,4.35,D
sz000100,TCL科技,2025-09-23 09:37:00,4.35,90800,4.35,D
sz000100,TCL科技,2025-09-23 09:37:03,4.36,42200,4.35,U
sz000100,TCL科技,2025-09-23 09:37:06,4.35,46400,4.36,D
sz000100,TCL科技,2025-09-23 09:37:09,4.35,86600,4.35,D
sz000100,TCL科技,2025-09-23 09:37:12,4.35,124900,4.35,D
sz000100,TCL科技,2025-09-23 09:37:15,4.35,47600,4.35,D
sz000100,TCL科技,2025-09-23 09:37:18,4.35,96700,4.35,D
sz000100,TCL科技,2025-09-23 09:37:21,4.36,71300,4.35,U
sz000100,TCL科技,2025-09-23 09:37:24,4.35,28100,4.36,D
sz000100,TCL科技,2025-09-23 09:37:27,4.35,33200,4.35,D
sz000100,TCL科技,2025-09-23 09:37:30,4.34,1527350,4.35,D
sz000100,TCL科技,2025-09-23 09:37:33,4.35,415600,4.34,U
sz000100,TCL科技,2025-09-23 09:37:39,4.35,362740,4.34,U
sz000100,TCL科技,2025-09-23 09:37:42,4.35,132800,4.35,D
sz000100,TCL科技,2025-09-23 09:37:45,4.35,89000,4.35,D
sz000100,TCL科技,2025-09-23 09:37:48,4.35,59400,4.35,D
sz000100,TCL科技,2025-09-23 09:37:51,4.35,35100,4.35,D
sz000100,TCL科技,2025-09-23 09:37:54,4.35,46600,4.35,D
sz000100,TCL科技,2025-09-23 09:37:57,4.35,73200,4.35,D
sz000100,TCL科技,2025-09-23 09:38:00,4.35,431930,4.35,D
sz000100,TCL科技,2025-09-23 09:38:03,4.35,122700,4.35,U
sz000100,TCL科技,2025-09-23 09:38:06,4.35,92600,4.35,U
sz000100,TCL科技,2025-09-23 09:38:09,4.35,144823,4.35,U
sz000100,TCL科技,2025-09-23 09:38:12,4.35,89600,4.35,D
sz000100,TCL科技,2025-09-23 09:38:15,4.35,180500,4.35,D
sz000100,TCL科技,2025-09-23 09:38:21,4.36,55300,4.35,U
sz000100,TCL科技,2025-09-23 09:38:30,4.36,93600,4.36,U
sz000100,TCL科技,2025-09-23 09:38:33,4.35,85000,4.36,D
sz000100,TCL科技,2025-09-23 09:38:36,4.35,106700,4.35,D
sz000100,TCL科技,2025-09-23 09:38:39,4.35,73600,4.35,D
sz000100,TCL科技,2025-09-23 09:38:45,4.35,86800,4.35,D
sz000100,TCL科技,2025-09-23 09:38:48,4.35,25900,4.35,D
sz000100,TCL科技,2025-09-23 09:38:51,4.35,20880,4.35,D
sz000100,TCL科技,2025-09-23 09:38:54,4.35,65800,4.35,D
sz000100,TCL科技,2025-09-23 09:38:57,4.35,59700,4.35,D
sz000100,TCL科技,2025-09-23 09:39:00,4.35,50860,4.35,D
sz000100,TCL科技,2025-09-23 09:39:03,4.35,87500,4.35,D
sz000100,TCL科技,2025-09-23 09:39:06,4.35,48000,4.35,D
sz000100,TCL科技,2025-09-23 09:39:09,4.35,91700,4.35,D
sz000100,TCL科技,2025-09-23 09:39:12,4.35,56500,4.35,D
sz000100,TCL科技,2025-09-23 09:39:15,4.35,441160,4.35,D
sz000100,TCL科技,2025-09-23 09:39:18,4.34,67300,4.35,D
sz000100,TCL科技,2025-09-23 09:39:21,4.35,95000,4.34,U
sz000100,TCL科技,2025-09-23 09:39:33,4.35,21700,4.35,U
sz000100,TCL科技,2025-09-23 09:39:39,4.35,62100,4.34,U
sz000100,TCL科技,2025-09-23 09:39:42,4.34,117530,4.35,D
sz000100,TCL科技,2025-09-23 09:39:45,4.34,37800,4.34,D
sz000100,TCL科技,2025-09-23 09:39:48,4.35,32000,4.34,U
sz000100,TCL科技,2025-09-23 09:39:51,4.34,21600,4.35,D
sz000100,TCL科技,2025-09-23 09:39:54,4.35,92600,4.34,U
sz000100,TCL科技,2025-09-23 09:39:57,4.35,564060,4.35,U
sz000100,TCL科技,2025-09-23 09:40:00,4.35,40100,4.35,D
sz000100,TCL科技,2025-09-23 09:40:03,4.35,56500,4.35,D
sz000100,TCL科技,2025-09-23 09:40:06,4.35,52800,4.35,D
sz000100,TCL科技,2025-09-23 09:40:12,4.35,52250,4.35,D
sz000100,TCL科技,2025-09-23 09:40:15,4.35,70400,4.35,D
sz000100,TCL科技,2025-09-23 09:40:18,4.35,64800,4.35,D
sz000100,TCL科技,2025-09-23 09:40:21,4.35,77500,4.35,D
sz000100,TCL科技,2025-09-23 09:40:24,4.35,25000,4.35,D
sz000100,TCL科技,2025-09-23 09:40:30,4.35,34500,4.35,D
sz000100,TCL科技,2025-09-23 09:40:33,4.35,20160,4.35,D
sz000100,TCL科技,2025-09-23 09:40:36,4.35,29300,4.35,D
sz000100,TCL科技,2025-09-23 09:40:39,4.35,52600,4.35,D
sz000100,TCL科技,2025-09-23 09:40:42,4.35,31600,4.35,D
sz000100,TCL科技,2025-09-23 09:40:45,4.35,68600,4.35,D
sz000100,TCL科技,2025-09-23 09:40:51,4.36,417000,4.35,U
sz000100,TCL科技,2025-09-23 09:40:54,4.36,70700,4.36,U
sz000100,TCL科技,2025-09-23 09:40:57,4.35,35250,4.36,D
sz000100,TCL科技,2025-09-23 09:41:03,4.35,62400,4.35,D
sz000100,TCL科技,2025-09-23 09:41:06,4.35,25000,4.35,D
sz000100,TCL科技,2025-09-23 09:41:09,4.35,25100,4.35,D
sz000100,TCL科技,2025-09-23 09:41:12,4.35,52600,4.35,D
sz000100,TCL科技,2025-09-23 09:41:15,4.35,61000,4.35,D
sz000100,TCL科技,2025-09-23 09:41:18,4.35,56400,4.35,D
sz000100,TCL科技,2025-09-23 09:41:21,4.35,50100,4.35,D
sz000100,TCL科技,2025-09-23 09:41:24,4.36,62400,4.35,U
sz000100,TCL科技,2025-09-23 09:41:27,4.35,25800,4.36,D
sz000100,TCL科技,2025-09-23 09:41:30,4.35,25600,4.35,D
sz000100,TCL科技,2025-09-23 09:41:42,4.35,37600,4.36,D
sz000100,TCL科技,2025-09-23 09:41:45,4.35,47000,4.35,D
sz000100,TCL科技,2025-09-23 09:41:48,4.35,36700,4.35,D
sz000100,TCL科技,2025-09-23 09:41:51,4.35,48700,4.35,D
sz000100,TCL科技,2025-09-23 09:41:54,4.35,83800,4.35,D
sz000100,TCL科技,2025-09-23 09:41:57,4.35,193900,4.35,D
sz000100,TCL科技,2025-09-23 09:42:00,4.35,52300,4.35,D
sz000100,TCL科技,2025-09-23 09:42:03,4.35,248100,4.35,D
sz000100,TCL科技,2025-09-23 09:42:06,4.35,55500,4.35,D
sz000100,TCL科技,2025-09-23 09:42:09,4.36,92600,4.35,U
sz000100,TCL科技,2025-09-23 09:42:15,4.35,58800,4.35,D
sz000100,TCL科技,2025-09-23 09:42:18,4.36,37500,4.35,U
sz000100,TCL科技,2025-09-23 09:42:21,4.35,37100,4.36,D
sz000100,TCL科技,2025-09-23 09:42:24,4.35,51500,4.35,D
sz000100,TCL科技,2025-09-23 09:42:27,4.35,28500,4.35,D
sz000100,TCL科技,2025-09-23 09:42:30,4.36,79200,4.35,U
sz000100,TCL科技,2025-09-23 09:42:33,4.35,26600,4.36,D
sz000100,TCL科技,2025-09-23 09:42:36,4.35,70700,4.35,D
sz000100,TCL科技,2025-09-23 09:42:45,4.35,35600,4.35,D
sz000100,TCL科技,2025-09-23 09:42:51,4.35,45200,4.35,D
sz000100,TCL科技,2025-09-23 09:42:54,4.35,32800,4.35,D
sz000100,TCL科技,2025-09-23 09:42:57,4.35,62600,4.35,D
sz000100,TCL科技,2025-09-23 09:43:00,4.35,35200,4.35,D
sz000100,TCL科技,2025-09-23 09:43:03,4.36,22400,4.35,U
sz000100,TCL科技,2025-09-23 09:43:06,4.35,210800,4.36,D
sz000100,TCL科技,2025-09-23 09:43:09,4.36,353600,4.35,U
sz000100,TCL科技,2025-09-23 09:43:15,4.36,35300,4.36,U
sz000100,TCL科技,2025-09-23 09:43:18,4.35,54800,4.36,D
sz000100,TCL科技,2025-09-23 09:43:21,4.35,69900,4.35,D
sz000100,TCL科技,2025-09-23 09:43:24,4.36,46900,4.35,U
sz000100,TCL科技,2025-09-23 09:43:27,4.35,41900,4.36,D
sz000100,TCL科技,2025-09-23 09:43:33,4.35,189100,4.35,D
sz000100,TCL科技,2025-09-23 09:43:42,4.35,48700,4.35,D
sz000100,TCL科技,2025-09-23 09:43:45,4.35,56100,4.35,D
sz000100,TCL科技,2025-09-23 09:43:51,4.36,26100,4.36,U
sz000100,TCL科技,2025-09-23 09:43:54,4.35,82100,4.36,D
sz000100,TCL科技,2025-09-23 09:44:00,4.36,52700,4.35,U
sz000100,TCL科技,2025-09-23 09:44:03,4.35,34900,4.36,D
sz000100,TCL科技,2025-09-23 09:44:09,4.35,46248,4.35,D
sz000100,TCL科技,2025-09-23 09:44:12,4.35,62100,4.35,D
sz000100,TCL科技,2025-09-23 09:44:18,4.35,113400,4.35,D
sz000100,TCL科技,2025-09-23 09:44:21,4.35,53300,4.35,D
sz000100,TCL科技,2025-09-23 09:44:24,4.36,88800,4.35,U
sz000100,TCL科技,2025-09-23 09:44:27,4.36,43500,4.36,U
sz000100,TCL科技,2025-09-23 09:44:30,4.36,27300,4.36,U
sz000100,TCL科技,2025-09-23 09:44:33,4.35,67800,4.36,D
sz000100,TCL科技,2025-09-23 09:44:36,4.35,34800,4.35,D
sz000100,TCL科技,2025-09-23 09:44:39,4.35,34300,4.35,D
sz000100,TCL科技,2025-09-23 09:44:42,4.35,20500,4.35,D
sz000100,TCL科技,2025-09-23 09:44:45,4.35,23100,4.35,D
sz000100,TCL科技,2025-09-23 09:44:48,4.35,30900,4.35,D
sz000100,TCL科技,2025-09-23 09:44:51,4.35,26500,4.35,D
sz000100,TCL科技,2025-09-23 09:44:54,4.35,29100,4.35,D
sz000100,TCL科技,2025-09-23 09:44:57,4.35,45510,4.35,D
sz000100,TCL科技,2025-09-23 09:45:00,4.35,38200,4.35,D
sz000100,TCL科技,2025-09-23 09:45:03,4.35,45700,4.35,D
sz000100,TCL科技,2025-09-23 09:45:06,4.35,26500,4.35,D
sz000100,TCL科技,2025-09-23 09:45:18,4.35,32200,4.35,D
sz000100,TCL科技,2025-09-23 09:45:27,4.35,29100,4.35,D
sz000100,TCL科技,2025-09-23 09:45:30,4.36,26800,4.35,U
sz000100,TCL科技,2025-09-23 09:45:33,4.36,40000,4.36,U
sz000100,TCL科技,2025-09-23 09:45:36,4.35,226500,4.36,D
sz000100,TCL科技,2025-09-23 09:45:39,4.35,53900,4.35,D
sz000100,TCL科技,2025-09-23 09:45:45,4.35,89200,4.36,D
sz000100,TCL科技,2025-09-23 09:45:54,4.35,93000,4.36,D
sz000100,TCL科技,2025-09-23 09:46:00,4.36,109300,4.36,U
sz000100,TCL科技,2025-09-23 09:46:09,4.36,71100,4.35,U
sz000100,TCL科技,2025-09-23 09:46:12,4.36,1724312,4.36,U
sz000100,TCL科技,2025-09-23 09:46:15,4.36,62300,4.36,D
sz000100,TCL科技,2025-09-23 09:46:24,4.36,53030,4.36,D
sz000100,TCL科技,2025-09-23 09:46:30,4.37,80300,4.36,U
sz000100,TCL科技,2025-09-23 09:46:33,4.36,144900,4.37,D
sz000100,TCL科技,2025-09-23 09:46:36,4.36,47800,4.36,D
sz000100,TCL科技,2025-09-23 09:46:39,4.36,51950,4.36,D
sz000100,TCL科技,2025-09-23 09:46:42,4.36,51700,4.36,D
sz000100,TCL科技,2025-09-23 09:46:45,4.36,60500,4.36,D
sz000100,TCL科技,2025-09-23 09:46:51,4.36,47600,4.36,D
sz000100,TCL科技,2025-09-23 09:46:54,4.36,51900,4.36,D
sz000100,TCL科技,2025-09-23 09:47:03,4.36,38500,4.36,D
sz000100,TCL科技,2025-09-23 09:47:09,4.36,22900,4.36,D
sz000100,TCL科技,2025-09-23 09:47:12,4.36,38500,4.36,D
sz000100,TCL科技,2025-09-23 09:47:15,4.37,27900,4.36,U
sz000100,TCL科技,2025-09-23 09:47:21,4.36,27700,4.36,D
sz000100,TCL科技,2025-09-23 09:47:24,4.36,37900,4.36,D
sz000100,TCL科技,2025-09-23 09:47:27,4.37,20800,4.36,U
sz000100,TCL科技,2025-09-23 09:47:33,4.36,59000,4.36,D
sz000100,TCL科技,2025-09-23 09:47:36,4.36,23600,4.36,D
sz000100,TCL科技,2025-09-23 09:47:48,4.36,47210,4.37,D
sz000100,TCL科技,2025-09-23 09:47:51,4.36,162900,4.36,D
sz000100,TCL科技,2025-09-23 09:47:57,4.37,24500,4.36,U
sz000100,TCL科技,2025-09-23 09:48:00,4.36,22600,4.37,D
sz000100,TCL科技,2025-09-23 09:48:03,4.36,51000,4.36,D
sz000100,TCL科技,2025-09-23 09:48:06,4.36,38500,4.36,D
sz000100,TCL科技,2025-09-23 09:48:09,4.37,29300,4.36,U
sz000100,TCL科技,2025-09-23 09:48:15,4.36,1531810,4.36,D
sz000100,TCL科技,2025-09-23 09:48:18,4.36,54300,4.36,U
sz000100,TCL科技,2025-09-23 09:48:27,4.35,277400,4.36,D
sz000100,TCL科技,2025-09-23 09:48:30,4.35,44800,4.35,D
sz000100,TCL科技,2025-09-23 09:48:33,4.36,37600,4.35,U
sz000100,TCL科技,2025-09-23 09:48:45,4.35,28500,4.36,D
sz000100,TCL科技,2025-09-23 09:48:48,4.35,50600,4.35,D
sz000100,TCL科技,2025-09-23 09:49:00,4.35,36000,4.35,D
sz000100,TCL科技,2025-09-23 09:49:06,4.36,22200,4.36,U
sz000100,TCL科技,2025-09-23 09:49:09,4.36,76200,4.36,U
sz000100,TCL科技,2025-09-23 09:49:12,4.36,26300,4.36,U
sz000100,TCL科技,2025-09-23 09:49:15,4.36,36200,4.36,U
sz000100,TCL科技,2025-09-23 09:49:18,4.36,690500,4.36,U
sz000100,TCL科技,2025-09-23 09:49:21,4.36,221700,4.36,U
sz000100,TCL科技,2025-09-23 09:49:27,4.36,59700,4.36,D
sz000100,TCL科技,2025-09-23 09:49:30,4.36,26500,4.36,D
sz000100,TCL科技,2025-09-23 09:49:33,4.36,40300,4.36,D
sz000100,TCL科技,2025-09-23 09:49:36,4.37,102000,4.36,U
sz000100,TCL科技,2025-09-23 09:49:39,4.37,37200,4.37,U
sz000100,TCL科技,2025-09-23 09:49:42,4.37,54900,4.37,U
sz000100,TCL科技,2025-09-23 09:49:45,4.37,27100,4.37,U
sz000100,TCL科技,2025-09-23 09:49:54,4.37,114300,4.37,U
sz000100,TCL科技,2025-09-23 09:49:57,4.37,93200,4.37,U
sz000100,TCL科技,2025-09-23 09:50:00,4.36,34000,4.37,D
sz000100,TCL科技,2025-09-23 09:50:03,4.37,51000,4.36,U
sz000100,TCL科技,2025-09-23 09:50:06,4.35,965000,4.37,D
sz000100,TCL科技,2025-09-23 09:50:09,4.36,85600,4.35,U
sz000100,TCL科技,2025-09-23 09:50:12,4.36,66700,4.36,U
sz000100,TCL科技,2025-09-23 09:50:15,4.36,103500,4.36,U
sz000100,TCL科技,2025-09-23 09:50:21,4.36,167900,4.36,U
sz000100,TCL科技,2025-09-23 09:50:24,4.36,21700,4.36,D
sz000100,TCL科技,2025-09-23 09:50:27,4.36,40000,4.36,D
sz000100,TCL科技,2025-09-23 09:50:30,4.37,69800,4.36,U
sz000100,TCL科技,2025-09-23 09:50:33,4.35,284100,4.37,D
sz000100,TCL科技,2025-09-23 09:50:36,4.35,20600,4.35,D
sz000100,TCL科技,2025-09-23 09:50:39,4.36,42700,4.35,U
sz000100,TCL科技,2025-09-23 09:50:57,4.36,55800,4.36,U
sz000100,TCL科技,2025-09-23 09:51:00,4.36,71100,4.36,U
sz000100,TCL科技,2025-09-23 09:51:18,4.35,20600,4.35,D
sz000100,TCL科技,2025-09-23 09:51:21,4.35,29500,4.35,D
sz000100,TCL科技,2025-09-23 09:51:24,4.35,22500,4.35,D
sz000100,TCL科技,2025-09-23 09:51:48,4.35,311300,4.35,D
sz000100,TCL科技,2025-09-23 09:51:57,4.36,44300,4.35,U
sz000100,TCL科技,2025-09-23 09:52:03,4.35,48800,4.36,D
sz000100,TCL科技,2025-09-23 09:52:06,4.36,26500,4.35,U
sz000100,TCL科技,2025-09-23 09:52:12,4.35,4246472,4.35,D
sz000100,TCL科技,2025-09-23 09:52:15,4.35,224100,4.35,U
sz000100,TCL科技,2025-09-23 09:52:18,4.35,32000,4.35,U
sz000100,TCL科技,2025-09-23 09:52:21,4.35,42500,4.35,U
sz000100,TCL科技,2025-09-23 09:52:24,4.35,262400,4.35,U
sz000100,TCL科技,2025-09-23 09:52:27,4.35,232100,4.35,U
sz000100,TCL科技,2025-09-23 09:52:33,4.34,24900,4.35,D
sz000100,TCL科技,2025-09-23 09:52:36,4.35,178800,4.34,U
sz000100,TCL科技,2025-09-23 09:52:39,4.35,46100,4.35,U
sz000100,TCL科技,2025-09-23 09:52:45,4.35,35700,4.34,U
sz000100,TCL科技,2025-09-23 09:52:48,4.35,125600,4.35,U
sz000100,TCL科技,2025-09-23 09:52:54,4.35,60200,4.35,U
sz000100,TCL科技,2025-09-23 09:53:03,4.34,26000,4.35,D
sz000100,TCL科技,2025-09-23 09:53:06,4.34,69300,4.34,D
sz000100,TCL科技,2025-09-23 09:53:09,4.34,25900,4.34,D
sz000100,TCL科技,2025-09-23 09:53:15,4.35,21100,4.34,U
sz000100,TCL科技,2025-09-23 09:53:30,4.34,67400,4.34,D
sz000100,TCL科技,2025-09-23 09:53:33,4.35,22900,4.34,U
sz000100,TCL科技,2025-09-23 09:53:39,4.35,121900,4.34,U
sz000100,TCL科技,2025-09-23 09:53:42,4.34,42300,4.35,D
sz000100,TCL科技,2025-09-23 09:53:45,4.34,111000,4.34,D
sz000100,TCL科技,2025-09-23 09:53:48,4.34,59200,4.34,D
sz000100,TCL科技,2025-09-23 09:53:51,4.34,21400,4.34,D
sz000100,TCL科技,2025-09-23 09:53:54,4.35,28100,4.34,U
sz000100,TCL科技,2025-09-23 09:54:00,4.34,77000,4.34,D
sz000100,TCL科技,2025-09-23 09:54:03,4.34,34100,4.34,D
sz000100,TCL科技,2025-09-23 09:54:06,4.35,57200,4.34,U
sz000100,TCL科技,2025-09-23 09:54:12,4.35,23100,4.35,U
sz000100,TCL科技,2025-09-23 09:54:15,4.35,45700,4.35,U
sz000100,TCL科技,2025-09-23 09:54:21,4.35,258800,4.35,U
sz000100,TCL科技,2025-09-23 09:54:24,4.35,50900,4.35,U
sz000100,TCL科技,2025-09-23 09:54:33,4.35,63200,4.35,U
sz000100,TCL科技,2025-09-23 09:54:36,4.34,49400,4.35,D
sz000100,TCL科技,2025-09-23 09:54:39,4.35,48200,4.34,U
sz000100,TCL科技,2025-09-23 09:54:45,4.35,51630,4.35,U
sz000100,TCL科技,2025-09-23 09:54:48,4.35,40100,4.35,D
sz000100,TCL科技,2025-09-23 09:54:51,4.35,159700,4.35,D
sz000100,TCL科技,2025-09-23 09:54:57,4.35,25100,4.35,D
sz000100,TCL科技,2025-09-23 09:55:03,4.35,40800,4.36,D
sz000100,TCL科技,2025-09-23 09:55:06,4.35,30000,4.35,D
sz000100,TCL科技,2025-09-23 09:55:12,4.35,55200,4.35,D
sz000100,TCL科技,2025-09-23 09:55:15,4.35,76700,4.35,D
sz000100,TCL科技,2025-09-23 09:55:18,4.35,47200,4.35,D
sz000100,TCL科技,2025-09-23 09:55:24,4.35,47030,4.35,D
sz000100,TCL科技,2025-09-23 09:55:27,4.35,26600,4.35,D
sz000100,TCL科技,2025-09-23 09:55:30,4.35,34100,4.35,D
sz000100,TCL科技,2025-09-23 09:55:33,4.35,261700,4.35,D
sz000100,TCL科技,2025-09-23 09:55:39,4.35,24400,4.35,D
sz000100,TCL科技,2025-09-23 09:55:48,4.35,50500,4.35,D
sz000100,TCL科技,2025-09-23 09:55:51,4.35,26800,4.35,D
sz000100,TCL科技,2025-09-23 09:55:57,4.35,35500,4.35,D
sz000100,TCL科技,2025-09-23 09:56:00,4.35,24200,4.35,D
sz000100,TCL科技,2025-09-23 09:56:15,4.35,21300,4.36,D
sz000100,TCL科技,2025-09-23 09:56:21,4.35,38100,4.35,D
sz000100,TCL科技,2025-09-23 09:56:24,4.35,28400,4.35,D
sz000100,TCL科技,2025-09-23 09:56:33,4.35,150700,4.35,D
sz000100,TCL科技,2025-09-23 09:56:36,4.35,23200,4.35,D
sz000100,TCL科技,2025-09-23 09:56:39,4.35,21600,4.35,D
sz000100,TCL科技,2025-09-23 09:56:42,4.35,20100,4.35,D
sz000100,TCL科技,2025-09-23 09:56:45,4.35,37400,4.35,D
sz000100,TCL科技,2025-09-23 09:56:48,4.35,1430050,4.35,D
sz000100,TCL科技,2025-09-23 09:56:51,4.34,39600,4.35,D
sz000100,TCL科技,2025-09-23 09:56:54,4.35,30300,4.34,U
sz000100,TCL科技,2025-09-23 09:57:00,4.34,20700,4.35,D
sz000100,TCL科技,2025-09-23 09:57:06,4.34,22700,4.34,D
sz000100,TCL科技,2025-09-23 09:57:12,4.35,79000,4.34,U
sz000100,TCL科技,2025-09-23 09:57:21,4.34,111200,4.34,D
sz000100,TCL科技,2025-09-23 09:57:24,4.34,42900,4.34,D
sz000100,TCL科技,2025-09-23 09:57:36,4.34,47300,4.34,D
sz000100,TCL科技,2025-09-23 09:57:48,4.35,28300,4.34,U
sz000100,TCL科技,2025-09-23 09:57:51,4.35,76200,4.35,U
sz000100,TCL科技,2025-09-23 09:57:54,4.34,30600,4.35,D
sz000100,TCL科技,2025-09-23 09:58:03,4.35,167100,4.34,U
sz000100,TCL科技,2025-09-23 09:58:09,4.34,24400,4.34,D
sz000100,TCL科技,2025-09-23 09:58:18,4.34,25410,4.34,D
sz000100,TCL科技,2025-09-23 09:58:27,4.34,29200,4.34,D
sz000100,TCL科技,2025-09-23 09:58:30,4.34,25600,4.34,D
sz000100,TCL科技,2025-09-23 09:58:36,4.34,56600,4.34,D
sz000100,TCL科技,2025-09-23 09:58:39,4.35,36300,4.34,U
sz000100,TCL科技,2025-09-23 09:58:45,4.34,31500,4.34,D
sz000100,TCL科技,2025-09-23 09:58:48,4.34,248400,4.34,D
sz000100,TCL科技,2025-09-23 09:59:00,4.35,51800,4.35,U
sz000100,TCL科技,2025-09-23 09:59:09,4.34,73200,4.34,D
sz000100,TCL科技,2025-09-23 09:59:12,4.35,40400,4.34,U
sz000100,TCL科技,2025-09-23 09:59:15,4.35,26600,4.35,U
sz000100,TCL科技,2025-09-23 09:59:21,4.34,30900,4.35,D
sz000100,TCL科技,2025-09-23 09:59:27,4.34,100400,4.35,D
sz000100,TCL科技,2025-09-23 09:59:30,4.35,49900,4.34,U
sz000100,TCL科技,2025-09-23 09:59:33,4.35,97800,4.35,U
sz000100,TCL科技,2025-09-23 09:59:36,4.34,23700,4.35,D
sz000100,TCL科技,2025-09-23 09:59:39,4.34,54100,4.34,D
sz000100,TCL科技,2025-09-23 09:59:42,4.34,6320630,4.34,D
sz000100,TCL科技,2025-09-23 09:59:45,4.34,144800,4.34,U
sz000100,TCL科技,2025-09-23 09:59:48,4.33,57900,4.34,D
sz000100,TCL科技,2025-09-23 09:59:51,4.33,33300,4.33,D
sz000100,TCL科技,2025-09-23 09:59:54,4.34,79700,4.33,U
sz000100,TCL科技,2025-09-23 10:00:03,4.33,23300,4.33,D
sz000100,TCL科技,2025-09-23 10:00:06,4.34,43800,4.33,U
sz000100,TCL科技,2025-09-23 10:00:09,4.33,116400,4.34,D
sz000100,TCL科技,2025-09-23 10:00:12,4.34,108490,4.33,U
sz000100,TCL科技,2025-09-23 10:00:15,4.33,93300,4.34,D
sz000100,TCL科技,2025-09-23 10:00:18,4.33,152100,4.33,D
sz000100,TCL科技,2025-09-23 10:00:21,4.33,149300,4.33,D
sz000100,TCL科技,2025-09-23 10:00:24,4.33,214600,4.33,D
sz000100,TCL科技,2025-09-23 10:00:27,4.34,28700,4.33,U
sz000100,TCL科技,2025-09-23 10:00:30,4.33,113100,4.34,D
sz000100,TCL科技,2025-09-23 10:00:33,4.33,28600,4.33,D
sz000100,TCL科技,2025-09-23 10:00:39,4.33,52100,4.33,D
sz000100,TCL科技,2025-09-23 10:00:42,4.33,133300,4.33,D
sz000100,TCL科技,2025-09-23 10:00:45,4.33,38800,4.33,D
sz000100,TCL科技,2025-09-23 10:00:48,4.33,72000,4.33,D
sz000100,TCL科技,2025-09-23 10:00:51,4.34,52700,4.33,U
sz000100,TCL科技,2025-09-23 10:00:54,4.33,91500,4.34,D
sz000100,TCL科技,2025-09-23 10:00:57,4.33,26600,4.33,D
sz000100,TCL科技,2025-09-23 10:01:00,4.33,179400,4.33,D
sz000100,TCL科技,2025-09-23 10:01:03,4.33,30500,4.33,D
sz000100,TCL科技,2025-09-23 10:01:06,4.33,58300,4.33,D
sz000100,TCL科技,2025-09-23 10:01:09,4.33,47400,4.33,D
sz000100,TCL科技,2025-09-23 10:01:12,4.33,139100,4.33,D
sz000100,TCL科技,2025-09-23 10:01:15,4.32,5475010,4.33,D
sz000100,TCL科技,2025-09-23 10:01:18,4.33,217700,4.32,U
sz000100,TCL科技,2025-09-23 10:01:21,4.33,142500,4.33,U
sz000100,TCL科技,2025-09-23 10:01:24,4.33,40940,4.33,U
sz000100,TCL科技,2025-09-23 10:01:27,4.32,192200,4.33,D
sz000100,TCL科技,2025-09-23 10:01:30,4.32,59700,4.32,D
sz000100,TCL科技,2025-09-23 10:01:33,4.32,40500,4.32,D
sz000100,TCL科技,2025-09-23 10:01:36,4.32,46000,4.32,D
sz000100,TCL科技,2025-09-23 10:01:39,4.32,110100,4.32,D
sz000100,TCL科技,2025-09-23 10:01:42,4.33,1174200,4.32,U
sz000100,TCL科技,2025-09-23 10:01:45,4.32,128400,4.33,D
sz000100,TCL科技,2025-09-23 10:01:48,4.32,33300,4.32,D
sz000100,TCL科技,2025-09-23 10:01:54,4.32,69600,4.32,D
sz000100,TCL科技,2025-09-23 10:01:57,4.32,49400,4.32,D
sz000100,TCL科技,2025-09-23 10:02:00,4.32,81300,4.32,D
sz000100,TCL科技,2025-09-23 10:02:03,4.32,62500,4.32,D
sz000100,TCL科技,2025-09-23 10:02:06,4.32,28810,4.32,D
sz000100,TCL科技,2025-09-23 10:02:15,4.32,83900,4.33,D
sz000100,TCL科技,2025-09-23 10:02:18,4.33,814310,4.32,U
sz000100,TCL科技,2025-09-23 10:02:21,4.32,26200,4.33,D
sz000100,TCL科技,2025-09-23 10:02:24,4.32,41200,4.32,D
sz000100,TCL科技,2025-09-23 10:02:30,4.32,571460,4.32,D
sz000100,TCL科技,2025-09-23 10:02:33,4.32,99000,4.32,D
sz000100,TCL科技,2025-09-23 10:02:36,4.33,35500,4.32,U
sz000100,TCL科技,2025-09-23 10:02:42,4.33,125700,4.33,U
sz000100,TCL科技,2025-09-23 10:02:45,4.32,104300,4.33,D
sz000100,TCL科技,2025-09-23 10:02:48,4.32,46200,4.32,D
sz000100,TCL科技,2025-09-23 10:02:51,4.32,45100,4.32,D
sz000100,TCL科技,2025-09-23 10:02:54,4.33,43600,4.32,U
sz000100,TCL科技,2025-09-23 10:02:57,4.32,126900,4.33,D
sz000100,TCL科技,2025-09-23 10:03:00,4.32,36500,4.32,D
sz000100,TCL科技,2025-09-23 10:03:03,4.33,37000,4.32,U
sz000100,TCL科技,2025-09-23 10:03:06,4.32,116300,4.33,D
sz000100,TCL科技,2025-09-23 10:03:09,4.32,35800,4.32,D
sz000100,TCL科技,2025-09-23 10:03:12,4.33,53060,4.32,U
sz000100,TCL科技,2025-09-23 10:03:15,4.32,83990,4.33,D
sz000100,TCL科技,2025-09-23 10:03:18,4.33,78700,4.32,U
sz000100,TCL科技,2025-09-23 10:03:21,4.32,157000,4.33,D
sz000100,TCL科技,2025-09-23 10:03:24,4.33,29800,4.32,U
sz000100,TCL科技,2025-09-23 10:03:27,4.32,24800,4.33,D
sz000100,TCL科技,2025-09-23 10:03:33,4.33,37100,4.32,U
sz000100,TCL科技,2025-09-23 10:03:36,4.32,146200,4.33,D
sz000100,TCL科技,2025-09-23 10:03:42,4.33,92000,4.32,U
sz000100,TCL科技,2025-09-23 10:03:45,4.33,33700,4.33,U
sz000100,TCL科技,2025-09-23 10:03:48,4.33,62600,4.33,U
sz000100,TCL科技,2025-09-23 10:03:51,4.32,98800,4.33,D
sz000100,TCL科技,2025-09-23 10:03:54,4.33,63000,4.32,U
sz000100,TCL科技,2025-09-23 10:03:57,4.32,39000,4.33,D
sz000100,TCL科技,2025-09-23 10:04:03,4.32,74200,4.32,D
sz000100,TCL科技,2025-09-23 10:04:06,4.33,21000,4.32,U
sz000100,TCL科技,2025-09-23 10:04:09,4.33,20000,4.33,U
sz000100,TCL科技,2025-09-23 10:04:12,4.33,28600,4.33,U
sz000100,TCL科技,2025-09-23 10:04:15,4.33,48000,4.33,U
sz000100,TCL科技,2025-09-23 10:04:18,4.33,83100,4.33,U
sz000100,TCL科技,2025-09-23 10:04:21,4.32,133100,4.33,D
sz000100,TCL科技,2025-09-23 10:04:24,4.33,26900,4.32,U
sz000100,TCL科技,2025-09-23 10:04:27,4.33,23300,4.33,U
sz000100,TCL科技,2025-09-23 10:04:30,4.33,43900,4.33,U
sz000100,TCL科技,2025-09-23 10:04:33,4.32,30100,4.33,D
sz000100,TCL科技,2025-09-23 10:04:36,4.33,40000,4.32,U
sz000100,TCL科技,2025-09-23 10:04:42,4.32,26500,4.33,D
sz000100,TCL科技,2025-09-23 10:04:45,4.33,36400,4.32,U
sz000100,TCL科技,2025-09-23 10:04:51,4.32,33000,4.32,D
sz000100,TCL科技,2025-09-23 10:04:57,4.33,47500,4.33,U
sz000100,TCL科技,2025-09-23 10:05:03,4.33,36100,4.33,U
sz000100,TCL科技,2025-09-23 10:05:06,4.33,55600,4.33,U
sz000100,TCL科技,2025-09-23 10:05:09,4.33,20700,4.33,U
sz000100,TCL科技,2025-09-23 10:05:12,4.33,86000,4.33,U
sz000100,TCL科技,2025-09-23 10:05:15,4.32,50200,4.33,D
sz000100,TCL科技,2025-09-23 10:05:18,4.33,41900,4.32,U
sz000100,TCL科技,2025-09-23 10:05:21,4.32,34600,4.33,D
sz000100,TCL科技,2025-09-23 10:05:27,4.32,53000,4.33,D
sz000100,TCL科技,2025-09-23 10:05:30,4.32,33000,4.32,D
sz000100,TCL科技,2025-09-23 10:05:36,4.32,49500,4.32,D
sz000100,TCL科技,2025-09-23 10:05:39,4.33,65000,4.32,U
sz000100,TCL科技,2025-09-23 10:05:45,4.33,26000,4.32,U
sz000100,TCL科技,2025-09-23 10:05:51,4.33,132600,4.33,U
sz000100,TCL科技,2025-09-23 10:06:00,4.33,39700,4.33,U
sz000100,TCL科技,2025-09-23 10:06:03,4.33,65300,4.33,U
sz000100,TCL科技,2025-09-23 10:06:06,4.32,45100,4.33,D
sz000100,TCL科技,2025-09-23 10:06:27,4.32,22800,4.33,D
sz000100,TCL科技,2025-09-23 10:06:30,4.33,117620,4.32,U
sz000100,TCL科技,2025-09-23 10:06:33,4.32,38800,4.33,D
sz000100,TCL科技,2025-09-23 10:06:39,4.32,73600,4.32,D
sz000100,TCL科技,2025-09-23 10:06:42,4.32,32200,4.32,D
sz000100,TCL科技,2025-09-23 10:06:45,4.33,69200,4.32,U
sz000100,TCL科技,2025-09-23 10:06:48,4.32,45000,4.33,D
sz000100,TCL科技,2025-09-23 10:06:51,4.32,214800,4.32,D
sz000100,TCL科技,2025-09-23 10:06:54,4.33,52900,4.32,U
sz000100,TCL科技,2025-09-23 10:07:00,4.32,55700,4.33,D
sz000100,TCL科技,2025-09-23 10:07:03,4.32,20100,4.32,D
sz000100,TCL科技,2025-09-23 10:07:09,4.32,44900,4.33,D
sz000100,TCL科技,2025-09-23 10:07:21,4.32,64000,4.32,D
sz000100,TCL科技,2025-09-23 10:07:27,4.32,1060400,4.32,D
sz000100,TCL科技,2025-09-23 10:07:30,4.32,2149400,4.32,D
sz000100,TCL科技,2025-09-23 10:07:33,4.32,1683300,4.32,D
sz000100,TCL科技,2025-09-23 10:07:36,4.32,394200,4.32,D
sz000100,TCL科技,2025-09-23 10:07:39,4.32,750300,4.32,D
sz000100,TCL科技,2025-09-23 10:07:42,4.32,585600,4.32,D
sz000100,TCL科技,2025-09-23 10:07:45,4.32,171200,4.32,D
sz000100,TCL科技,2025-09-23 10:07:48,4.32,242200,4.32,D
sz000100,TCL科技,2025-09-23 10:07:51,4.32,305100,4.32,D
sz000100,TCL科技,2025-09-23 10:07:54,4.32,312000,4.32,D
sz000100,TCL科技,2025-09-23 10:07:57,4.32,85100,4.32,D
sz000100,TCL科技,2025-09-23 10:08:00,4.32,246310,4.32,D
sz000100,TCL科技,2025-09-23 10:08:03,4.32,23300,4.32,U
sz000100,TCL科技,2025-09-23 10:08:06,4.31,132600,4.32,D
sz000100,TCL科技,2025-09-23 10:08:09,4.32,38800,4.31,U
sz000100,TCL科技,2025-09-23 10:08:15,4.32,51700,4.32,U
sz000100,TCL科技,2025-09-23 10:08:21,4.31,47100,4.31,D
sz000100,TCL科技,2025-09-23 10:08:30,4.31,37900,4.31,D
sz000100,TCL科技,2025-09-23 10:08:33,4.31,20600,4.31,D
sz000100,TCL科技,2025-09-23 10:08:36,4.31,29100,4.31,D
sz000100,TCL科技,2025-09-23 10:08:39,4.31,27800,4.31,D
sz000100,TCL科技,2025-09-23 10:08:48,4.31,39700,4.31,D
sz000100,TCL科技,2025-09-23 10:08:51,4.31,44400,4.31,D
sz000100,TCL科技,2025-09-23 10:08:54,4.31,30700,4.31,D
sz000100,TCL科技,2025-09-23 10:08:57,4.32,105600,4.31,U
sz000100,TCL科技,2025-09-23 10:09:00,4.32,28300,4.32,U
sz000100,TCL科技,2025-09-23 10:09:03,4.32,560300,4.32,U
sz000100,TCL科技,2025-09-23 10:09:06,4.31,3855100,4.32,D
sz000100,TCL科技,2025-09-23 10:09:09,4.32,1170400,4.31,U
sz000100,TCL科技,2025-09-23 10:09:12,4.31,618300,4.32,D
sz000100,TCL科技,2025-09-23 10:09:15,4.31,231500,4.31,U
sz000100,TCL科技,2025-09-23 10:09:18,4.31,339200,4.31,U
sz000100,TCL科技,2025-09-23 10:09:21,4.31,336080,4.31,U
sz000100,TCL科技,2025-09-23 10:09:24,4.31,45400,4.31,D
sz000100,TCL科技,2025-09-23 10:09:27,4.31,295800,4.31,D
sz000100,TCL科技,2025-09-23 10:09:30,4.32,107400,4.31,U
sz000100,TCL科技,2025-09-23 10:09:33,4.31,57000,4.32,D
sz000100,TCL科技,2025-09-23 10:09:36,4.31,29400,4.31,D
sz000100,TCL科技,2025-09-23 10:09:39,4.31,41100,4.31,D
sz000100,TCL科技,2025-09-23 10:09:42,4.31,160900,4.31,D
sz000100,TCL科技,2025-09-23 10:09:45,4.31,121500,4.31,U
sz000100,TCL科技,2025-09-23 10:09:48,4.31,233400,4.31,D
sz000100,TCL科技,2025-09-23 10:09:51,4.31,38500,4.31,U
sz000100,TCL科技,2025-09-23 10:09:54,4.31,97900,4.31,U
sz000100,TCL科技,2025-09-23 10:09:57,4.31,84600,4.31,D
sz000100,TCL科技,2025-09-23 10:10:00,4.31,96200,4.31,D
sz000100,TCL科技,2025-09-23 10:10:03,4.31,114600,4.31,D
sz000100,TCL科技,2025-09-23 10:10:06,4.31,120800,4.31,D
sz000100,TCL科技,2025-09-23 10:10:09,4.31,90600,4.31,D
sz000100,TCL科技,2025-09-23 10:10:12,4.31,60400,4.31,U
sz000100,TCL科技,2025-09-23 10:10:15,4.3,122800,4.31,D
sz000100,TCL科技,2025-09-23 10:10:18,4.31,218300,4.3,U
sz000100,TCL科技,2025-09-23 10:10:21,4.31,1659600,4.31,D
sz000100,TCL科技,2025-09-23 10:10:24,4.31,39020,4.31,D
sz000100,TCL科技,2025-09-23 10:10:27,4.31,239500,4.31,D
sz000100,TCL科技,2025-09-23 10:10:30,4.31,29800,4.31,D
sz000100,TCL科技,2025-09-23 10:10:33,4.31,56200,4.31,D
sz000100,TCL科技,2025-09-23 10:10:39,4.31,38600,4.31,D
sz000100,TCL科技,2025-09-23 10:10:42,4.31,188500,4.31,D
sz000100,TCL科技,2025-09-23 10:10:45,4.31,83000,4.31,D
sz000100,TCL科技,2025-09-23 10:10:48,4.31,77000,4.31,D
sz000100,TCL科技,2025-09-23 10:10:51,4.31,83100,4.31,D
sz000100,TCL科技,2025-09-23 10:10:54,4.31,79200,4.31,D
sz000100,TCL科技,2025-09-23 10:11:00,4.31,28600,4.31,D
sz000100,TCL科技,2025-09-23 10:11:03,4.32,91700,4.31,U
sz000100,TCL科技,2025-09-23 10:11:06,4.31,31000,4.32,D
sz000100,TCL科技,2025-09-23 10:11:09,4.31,527400,4.31,D
sz000100,TCL科技,2025-09-23 10:11:12,4.31,133000,4.31,D
sz000100,TCL科技,2025-09-23 10:11:15,4.31,88900,4.31,D
sz000100,TCL科技,2025-09-23 10:11:18,4.31,43300,4.31,D
sz000100,TCL科技,2025-09-23 10:11:21,4.31,498800,4.31,D
sz000100,TCL科技,2025-09-23 10:11:24,4.31,24400,4.31,D
sz000100,TCL科技,2025-09-23 10:11:27,4.31,61300,4.31,D
sz000100,TCL科技,2025-09-23 10:11:30,4.31,41000,4.31,D
sz000100,TCL科技,2025-09-23 10:11:33,4.31,132800,4.31,D
sz000100,TCL科技,2025-09-23 10:11:39,4.31,21400,4.32,D
sz000100,TCL科技,2025-09-23 10:11:42,4.32,22000,4.31,U
sz000100,TCL科技,2025-09-23 10:11:45,4.31,56900,4.32,D
sz000100,TCL科技,2025-09-23 10:11:51,4.31,30700,4.31,D
sz000100,TCL科技,2025-09-23 10:11:54,4.31,76900,4.31,D
sz000100,TCL科技,2025-09-23 10:11:57,4.31,98100,4.31,D
sz000100,TCL科技,2025-09-23 10:12:00,4.31,192200,4.31,D
sz000100,TCL科技,2025-09-23 10:12:06,4.31,153200,4.32,D
sz000100,TCL科技,2025-09-23 10:12:18,4.31,1023900,4.31,D
sz000100,TCL科技,2025-09-23 10:12:21,4.31,162700,4.31,D
sz000100,TCL科技,2025-09-23 10:12:24,4.31,44300,4.31,U
sz000100,TCL科技,2025-09-23 10:12:27,4.31,131400,4.31,U
sz000100,TCL科技,2025-09-23 10:12:30,4.3,96310,4.31,D
sz000100,TCL科技,2025-09-23 10:12:33,4.3,75900,4.3,D
sz000100,TCL科技,2025-09-23 10:12:39,4.31,36700,4.31,U
sz000100,TCL科技,2025-09-23 10:12:45,4.3,53300,4.31,D
sz000100,TCL科技,2025-09-23 10:12:51,4.3,42900,4.31,D
sz000100,TCL科技,2025-09-23 10:12:54,4.31,33000,4.3,U
sz000100,TCL科技,2025-09-23 10:12:57,4.31,33500,4.31,U
sz000100,TCL科技,2025-09-23 10:13:03,4.3,30600,4.31,D
sz000100,TCL科技,2025-09-23 10:13:06,4.3,55600,4.3,D
sz000100,TCL科技,2025-09-23 10:13:09,4.31,66500,4.3,U
sz000100,TCL科技,2025-09-23 10:13:12,4.3,28800,4.31,D
sz000100,TCL科技,2025-09-23 10:13:15,4.3,22200,4.3,D
sz000100,TCL科技,2025-09-23 10:13:21,4.31,28100,4.3,U
sz000100,TCL科技,2025-09-23 10:13:24,4.31,162100,4.31,U
sz000100,TCL科技,2025-09-23 10:13:27,4.3,135100,4.31,D
sz000100,TCL科技,2025-09-23 10:13:30,4.3,61900,4.3,D
sz000100,TCL科技,2025-09-23 10:13:33,4.3,83600,4.3,D
sz000100,TCL科技,2025-09-23 10:13:36,4.3,157500,4.3,D
sz000100,TCL科技,2025-09-23 10:13:39,4.3,132800,4.3,D
sz000100,TCL科技,2025-09-23 10:13:42,4.3,158400,4.3,D
sz000100,TCL科技,2025-09-23 10:13:45,4.31,44200,4.3,U
sz000100,TCL科技,2025-09-23 10:13:48,4.31,49900,4.31,U
sz000100,TCL科技,2025-09-23 10:13:51,4.3,941900,4.31,D
sz000100,TCL科技,2025-09-23 10:13:54,4.31,33800,4.3,U
sz000100,TCL科技,2025-09-23 10:13:57,4.3,35600,4.31,D
sz000100,TCL科技,2025-09-23 10:14:03,4.3,112000,4.3,D
sz000100,TCL科技,2025-09-23 10:14:06,4.3,68500,4.3,D
sz000100,TCL科技,2025-09-23 10:14:09,4.3,59300,4.3,D
sz000100,TCL科技,2025-09-23 10:14:12,4.3,37600,4.3,D
sz000100,TCL科技,2025-09-23 10:14:15,4.3,112810,4.3,D
sz000100,TCL科技,2025-09-23 10:14:18,4.31,61700,4.3,U
sz000100,TCL科技,2025-09-23 10:14:21,4.31,2751380,4.31,U
sz000100,TCL科技,2025-09-23 10:14:24,4.31,78700,4.31,D
sz000100,TCL科技,2025-09-23 10:14:27,4.31,25800,4.31,D
sz000100,TCL科技,2025-09-23 10:14:33,4.32,23800,4.31,U
sz000100,TCL科技,2025-09-23 10:14:39,4.31,40100,4.31,D
sz000100,TCL科技,2025-09-23 10:14:42,4.31,25300,4.31,D
sz000100,TCL科技,2025-09-23 10:14:45,4.32,321600,4.31,U
sz000100,TCL科技,2025-09-23 10:14:48,4.32,29700,4.32,U
sz000100,TCL科技,2025-09-23 10:14:51,4.31,994100,4.32,D
sz000100,TCL科技,2025-09-23 10:15:03,4.32,21100,4.31,U
sz000100,TCL科技,2025-09-23 10:15:06,4.31,68200,4.32,D
sz000100,TCL科技,2025-09-23 10:15:12,4.31,36200,4.31,D
sz000100,TCL科技,2025-09-23 10:15:15,4.32,49400,4.31,U
sz000100,TCL科技,2025-09-23 10:15:18,4.31,1102100,4.32,D
sz000100,TCL科技,2025-09-23 10:15:21,4.31,42500,4.31,D
sz000100,TCL科技,2025-09-23 10:15:27,4.31,1027000,4.31,D
sz000100,TCL科技,2025-09-23 10:15:30,4.32,361800,4.31,U
sz000100,TCL科技,2025-09-23 10:15:33,4.32,38700,4.32,U
sz000100,TCL科技,2025-09-23 10:15:36,4.32,119500,4.32,U
sz000100,TCL科技,2025-09-23 10:15:45,4.32,66200,4.32,U
sz000100,TCL科技,2025-09-23 10:16:00,4.31,64600,4.31,D
sz000100,TCL科技,2025-09-23 10:16:03,4.31,117400,4.31,D
sz000100,TCL科技,2025-09-23 10:16:12,4.31,28000,4.31,D
sz000100,TCL科技,2025-09-23 10:16:15,4.31,33600,4.31,D
sz000100,TCL科技,2025-09-23 10:16:21,4.31,26600,4.31,D
sz000100,TCL科技,2025-09-23 10:16:24,4.32,67100,4.31,U
sz000100,TCL科技,2025-09-23 10:16:30,4.31,1331400,4.32,D
sz000100,TCL科技,2025-09-23 10:16:33,4.31,71100,4.31,U
sz000100,TCL科技,2025-09-23 10:16:36,4.31,77900,4.31,D
sz000100,TCL科技,2025-09-23 10:16:39,4.31,30300,4.31,D
sz000100,TCL科技,2025-09-23 10:16:42,4.31,138700,4.31,D
sz000100,TCL科技,2025-09-23 10:16:45,4.31,35000,4.31,U
sz000100,TCL科技,2025-09-23 10:16:48,4.31,35700,4.31,U
sz000100,TCL科技,2025-09-23 10:16:51,4.3,24300,4.31,D
sz000100,TCL科技,2025-09-23 10:16:54,4.31,27000,4.3,U
sz000100,TCL科技,2025-09-23 10:16:57,4.31,42900,4.31,U
sz000100,TCL科技,2025-09-23 10:17:00,4.31,38500,4.31,U
sz000100,TCL科技,2025-09-23 10:17:03,4.31,29700,4.31,U
sz000100,TCL科技,2025-09-23 10:17:09,4.31,80400,4.3,U
sz000100,TCL科技,2025-09-23 10:17:18,4.31,32600,4.31,U
sz000100,TCL科技,2025-09-23 10:17:21,4.31,39700,4.31,U
sz000100,TCL科技,2025-09-23 10:17:24,4.3,36200,4.31,D
sz000100,TCL科技,2025-09-23 10:17:30,4.31,31700,4.31,U
sz000100,TCL科技,2025-09-23 10:17:36,4.3,45000,4.3,D
sz000100,TCL科技,2025-09-23 10:17:39,4.3,254800,4.3,D
sz000100,TCL科技,2025-09-23 10:17:45,4.3,276600,4.31,D
sz000100,TCL科技,2025-09-23 10:17:57,4.31,33100,4.31,U
sz000100,TCL科技,2025-09-23 10:18:00,4.3,48200,4.31,D
sz000100,TCL科技,2025-09-23 10:18:03,4.31,111100,4.3,U
sz000100,TCL科技,2025-09-23 10:18:09,4.3,68680,4.3,D
sz000100,TCL科技,2025-09-23 10:18:15,4.3,43500,4.3,D
sz000100,TCL科技,2025-09-23 10:18:18,4.3,42900,4.3,D
sz000100,TCL科技,2025-09-23 10:18:21,4.3,32300,4.3,D
sz000100,TCL科技,2025-09-23 10:18:30,4.31,45000,4.31,U
sz000100,TCL科技,2025-09-23 10:18:33,4.3,398400,4.31,D
sz000100,TCL科技,2025-09-23 10:18:36,4.31,40800,4.3,U
sz000100,TCL科技,2025-09-23 10:18:39,4.3,21500,4.31,D
sz000100,TCL科技,2025-09-23 10:18:42,4.31,25500,4.3,U
sz000100,TCL科技,2025-09-23 10:18:45,4.3,169300,4.31,D
sz000100,TCL科技,2025-09-23 10:18:51,4.31,175100,4.3,U
sz000100,TCL科技,2025-09-23 10:18:54,4.3,37600,4.31,D
sz000100,TCL科技,2025-09-23 10:19:00,4.31,54800,4.3,U
sz000100,TCL科技,2025-09-23 10:19:03,4.31,71600,4.31,U
sz000100,TCL科技,2025-09-23 10:19:06,4.31,48000,4.31,U
sz000100,TCL科技,2025-09-23 10:19:12,4.31,32470,4.3,U
sz000100,TCL科技,2025-09-23 10:19:15,4.31,61000,4.31,U
sz000100,TCL科技,2025-09-23 10:19:21,4.31,27800,4.3,U
sz000100,TCL科技,2025-09-23 10:19:24,4.3,725110,4.31,D
sz000100,TCL科技,2025-09-23 10:19:27,4.3,75800,4.3,D
sz000100,TCL科技,2025-09-23 10:19:36,4.3,59700,4.3,D
sz000100,TCL科技,2025-09-23 10:19:42,4.3,32300,4.31,D
sz000100,TCL科技,2025-09-23 10:19:45,4.3,10912440,4.3,D
sz000100,TCL科技,2025-09-23 10:19:48,4.3,162600,4.3,U
sz000100,TCL科技,2025-09-23 10:19:51,4.29,97400,4.3,D
sz000100,TCL科技,2025-09-23 10:19:54,4.29,270700,4.29,D
sz000100,TCL科技,2025-09-23 10:19:57,4.29,67800,4.29,D
sz000100,TCL科技,2025-09-23 10:20:00,4.29,238200,4.29,D
sz000100,TCL科技,2025-09-23 10:20:03,4.29,28300,4.29,D
sz000100,TCL科技,2025-09-23 10:20:09,4.29,152600,4.29,D
sz000100,TCL科技,2025-09-23 10:20:12,4.29,23600,4.29,D
sz000100,TCL科技,2025-09-23 10:20:15,4.29,204200,4.29,D
sz000100,TCL科技,2025-09-23 10:20:18,4.29,65400,4.29,D
sz000100,TCL科技,2025-09-23 10:20:21,4.29,91300,4.29,D
sz000100,TCL科技,2025-09-23 10:20:24,4.3,56300,4.29,U
sz000100,TCL科技,2025-09-23 10:20:27,4.3,1030500,4.3,U
sz000100,TCL科技,2025-09-23 10:20:30,4.3,64600,4.3,U
sz000100,TCL科技,2025-09-23 10:20:33,4.29,69500,4.3,D
sz000100,TCL科技,2025-09-23 10:20:36,4.3,71800,4.29,U
sz000100,TCL科技,2025-09-23 10:20:39,4.29,179700,4.3,D
sz000100,TCL科技,2025-09-23 10:20:42,4.29,68700,4.29,D
sz000100,TCL科技,2025-09-23 10:20:48,4.29,30500,4.29,D
sz000100,TCL科技,2025-09-23 10:20:51,4.29,150400,4.29,D
sz000100,TCL科技,2025-09-23 10:20:57,4.3,43700,4.29,U
sz000100,TCL科技,2025-09-23 10:21:00,4.29,212700,4.3,D
sz000100,TCL科技,2025-09-23 10:21:03,4.3,26530,4.29,U
sz000100,TCL科技,2025-09-23 10:21:09,4.29,131400,4.29,D
sz000100,TCL科技,2025-09-23 10:21:12,4.29,42100,4.29,D
sz000100,TCL科技,2025-09-23 10:21:15,4.29,72000,4.29,D
sz000100,TCL科技,2025-09-23 10:21:30,4.3,147400,4.3,U
sz000100,TCL科技,2025-09-23 10:21:33,4.3,23600,4.3,U
sz000100,TCL科技,2025-09-23 10:21:36,4.3,51400,4.3,U
sz000100,TCL科技,2025-09-23 10:21:42,4.3,35000,4.3,U
sz000100,TCL科技,2025-09-23 10:21:45,4.29,38800,4.3,D
sz000100,TCL科技,2025-09-23 10:21:48,4.3,357300,4.29,U
sz000100,TCL科技,2025-09-23 10:21:51,4.3,57100,4.3,U
sz000100,TCL科技,2025-09-23 10:21:57,4.3,70700,4.3,U
sz000100,TCL科技,2025-09-23 10:22:00,4.29,44900,4.3,D
sz000100,TCL科技,2025-09-23 10:22:09,4.3,29100,4.3,U
sz000100,TCL科技,2025-09-23 10:22:12,4.3,60000,4.3,U
sz000100,TCL科技,2025-09-23 10:22:21,4.3,22900,4.3,U
sz000100,TCL科技,2025-09-23 10:22:24,4.3,46300,4.3,U
sz000100,TCL科技,2025-09-23 10:22:30,4.3,48100,4.3,U
sz000100,TCL科技,2025-09-23 10:22:33,4.3,90600,4.3,U
sz000100,TCL科技,2025-09-23 10:22:36,4.3,24600,4.3,U
sz000100,TCL科技,2025-09-23 10:22:39,4.3,89100,4.3,U
sz000100,TCL科技,2025-09-23 10:22:42,4.29,31600,4.3,D
sz000100,TCL科技,2025-09-23 10:22:45,4.29,33700,4.29,D
sz000100,TCL科技,2025-09-23 10:22:48,4.3,56300,4.29,U
sz000100,TCL科技,2025-09-23 10:22:51,4.29,35850,4.3,D
sz000100,TCL科技,2025-09-23 10:22:57,4.3,67600,4.29,U
sz000100,TCL科技,2025-09-23 10:23:00,4.3,78200,4.3,U
sz000100,TCL科技,2025-09-23 10:23:03,4.29,55000,4.3,D
sz000100,TCL科技,2025-09-23 10:23:06,4.29,276500,4.29,D
sz000100,TCL科技,2025-09-23 10:23:09,4.3,60500,4.29,U
sz000100,TCL科技,2025-09-23 10:23:18,4.29,71800,4.3,D
sz000100,TCL科技,2025-09-23 10:23:24,4.3,44800,4.29,U
sz000100,TCL科技,2025-09-23 10:23:27,4.29,26000,4.3,D
sz000100,TCL科技,2025-09-23 10:23:30,4.3,40800,4.29,U
sz000100,TCL科技,2025-09-23 10:23:33,4.3,51700,4.3,U
sz000100,TCL科技,2025-09-23 10:23:39,4.29,42000,4.3,D
sz000100,TCL科技,2025-09-23 10:23:42,4.29,92400,4.29,D
sz000100,TCL科技,2025-09-23 10:23:48,4.29,23400,4.3,D
sz000100,TCL科技,2025-09-23 10:23:51,4.29,31400,4.29,D
sz000100,TCL科技,2025-09-23 10:23:54,4.29,20400,4.29,D
sz000100,TCL科技,2025-09-23 10:23:57,4.3,33900,4.29,U
sz000100,TCL科技,2025-09-23 10:24:06,4.29,34200,4.29,D
sz000100,TCL科技,2025-09-23 10:24:12,4.29,28900,4.29,D
sz000100,TCL科技,2025-09-23 10:24:15,4.3,28300,4.29,U
sz000100,TCL科技,2025-09-23 10:24:18,4.3,45000,4.3,U
sz000100,TCL科技,2025-09-23 10:24:21,4.29,66600,4.3,D
sz000100,TCL科技,2025-09-23 10:24:24,4.29,25500,4.29,D
sz000100,TCL科技,2025-09-23 10:24:27,4.29,52800,4.29,D
sz000100,TCL科技,2025-09-23 10:24:30,4.29,47100,4.29,D
sz000100,TCL科技,2025-09-23 10:24:33,4.29,78300,4.29,D
sz000100,TCL科技,2025-09-23 10:24:39,4.29,440400,4.29,D
sz000100,TCL科技,2025-09-23 10:24:42,4.29,55300,4.29,D
sz000100,TCL科技,2025-09-23 10:24:45,4.29,208400,4.29,D
sz000100,TCL科技,2025-09-23 10:24:48,4.29,102300,4.29,D
sz000100,TCL科技,2025-09-23 10:24:51,4.29,94620,4.29,D
sz000100,TCL科技,2025-09-23 10:24:54,4.29,32300,4.29,D
sz000100,TCL科技,2025-09-23 10:25:00,4.29,73300,4.29,D
sz000100,TCL科技,2025-09-23 10:25:03,4.29,96800,4.29,D
sz000100,TCL科技,2025-09-23 10:25:06,4.28,3372500,4.29,D
sz000100,TCL科技,2025-09-23 10:25:09,4.28,1154500,4.28,D
sz000100,TCL科技,2025-09-23 10:25:12,4.28,40700,4.28,D
sz000100,TCL科技,2025-09-23 10:25:15,4.28,42600,4.28,D
sz000100,TCL科技,2025-09-23 10:25:18,4.28,36600,4.28,D
sz000100,TCL科技,2025-09-23 10:25:21,4.28,64900,4.28,D
sz000100,TCL科技,2025-09-23 10:25:24,4.28,80300,4.28,D
sz000100,TCL科技,2025-09-23 10:25:27,4.28,129700,4.28,D
sz000100,TCL科技,2025-09-23 10:25:30,4.28,145600,4.28,D
sz000100,TCL科技,2025-09-23 10:25:33,4.28,762170,4.28,D
sz000100,TCL科技,2025-09-23 10:25:36,4.28,276500,4.28,D
sz000100,TCL科技,2025-09-23 10:25:39,4.28,171160,4.28,D
sz000100,TCL科技,2025-09-23 10:25:42,4.28,516900,4.28,D
sz000100,TCL科技,2025-09-23 10:25:45,4.29,119300,4.28,U
sz000100,TCL科技,2025-09-23 10:25:48,4.28,148200,4.29,D
sz000100,TCL科技,2025-09-23 10:25:51,4.28,38900,4.28,D
sz000100,TCL科技,2025-09-23 10:25:54,4.28,44800,4.28,D
sz000100,TCL科技,2025-09-23 10:25:57,4.28,58300,4.28,D
sz000100,TCL科技,2025-09-23 10:26:00,4.28,1211100,4.28,D
sz000100,TCL科技,2025-09-23 10:26:03,4.28,389600,4.28,D
sz000100,TCL科技,2025-09-23 10:26:06,4.28,481900,4.28,D
sz000100,TCL科技,2025-09-23 10:26:09,4.28,177700,4.28,D
sz000100,TCL科技,2025-09-23 10:26:12,4.28,497600,4.28,D
sz000100,TCL科技,2025-09-23 10:26:15,4.28,210200,4.28,D
sz000100,TCL科技,2025-09-23 10:26:18,4.27,1795170,4.28,D
sz000100,TCL科技,2025-09-23 10:26:21,4.28,254900,4.27,U
sz000100,TCL科技,2025-09-23 10:26:27,4.28,435800,4.28,U
sz000100,TCL科技,2025-09-23 10:26:30,4.27,22300,4.28,D
sz000100,TCL科技,2025-09-23 10:26:33,4.28,98300,4.27,U
sz000100,TCL科技,2025-09-23 10:26:36,4.28,48300,4.28,U
sz000100,TCL科技,2025-09-23 10:26:39,4.28,136700,4.28,U
sz000100,TCL科技,2025-09-23 10:26:42,4.28,105700,4.28,U
sz000100,TCL科技,2025-09-23 10:26:45,4.27,91900,4.28,D
sz000100,TCL科技,2025-09-23 10:26:48,4.28,132700,4.27,U
sz000100,TCL科技,2025-09-23 10:26:51,4.27,188600,4.28,D
sz000100,TCL科技,2025-09-23 10:26:54,4.27,55900,4.27,D
sz000100,TCL科技,2025-09-23 10:26:57,4.27,111200,4.27,D
sz000100,TCL科技,2025-09-23 10:27:00,4.27,130300,4.27,D
sz000100,TCL科技,2025-09-23 10:27:03,4.27,66300,4.27,D
sz000100,TCL科技,2025-09-23 10:27:06,4.28,137600,4.27,U
sz000100,TCL科技,2025-09-23 10:27:09,4.27,69500,4.28,D
sz000100,TCL科技,2025-09-23 10:27:12,4.27,28200,4.27,D
sz000100,TCL科技,2025-09-23 10:27:15,4.27,52100,4.27,D
sz000100,TCL科技,2025-09-23 10:27:18,4.27,118100,4.27,D
sz000100,TCL科技,2025-09-23 10:27:21,4.27,44900,4.27,D
sz000100,TCL科技,2025-09-23 10:27:24,4.27,63700,4.27,D
sz000100,TCL科技,2025-09-23 10:27:27,4.27,103100,4.27,D
sz000100,TCL科技,2025-09-23 10:27:30,4.27,1267400,4.27,D
sz000100,TCL科技,2025-09-23 10:27:33,4.28,100200,4.27,U
sz000100,TCL科技,2025-09-23 10:27:36,4.27,87800,4.28,D
sz000100,TCL科技,2025-09-23 10:27:39,4.27,590500,4.27,D
sz000100,TCL科技,2025-09-23 10:27:42,4.27,101300,4.27,D
sz000100,TCL科技,2025-09-23 10:27:45,4.27,297800,4.27,D
sz000100,TCL科技,2025-09-23 10:27:48,4.27,323800,4.27,D
sz000100,TCL科技,2025-09-23 10:27:51,4.27,402100,4.27,U
sz000100,TCL科技,2025-09-23 10:27:54,4.27,202000,4.27,U
sz000100,TCL科技,2025-09-23 10:27:57,4.27,89200,4.27,U
sz000100,TCL科技,2025-09-23 10:28:00,4.27,874600,4.27,U
sz000100,TCL科技,2025-09-23 10:28:03,4.28,471200,4.27,U
sz000100,TCL科技,2025-09-23 10:28:06,4.28,52100,4.28,U
sz000100,TCL科技,2025-09-23 10:28:09,4.27,55600,4.28,D
sz000100,TCL科技,2025-09-23 10:28:12,4.28,141600,4.27,U
sz000100,TCL科技,2025-09-23 10:28:15,4.27,61000,4.28,D
sz000100,TCL科技,2025-09-23 10:28:18,4.27,190500,4.27,D
sz000100,TCL科技,2025-09-23 10:28:21,4.27,38600,4.27,D
sz000100,TCL科技,2025-09-23 10:28:27,4.27,86100,4.27,D
sz000100,TCL科技,2025-09-23 10:28:30,4.28,78700,4.27,U
sz000100,TCL科技,2025-09-23 10:28:36,4.27,117800,4.27,D
sz000100,TCL科技,2025-09-23 10:28:39,4.27,57500,4.27,D
sz000100,TCL科技,2025-09-23 10:28:42,4.27,282800,4.27,D
sz000100,TCL科技,2025-09-23 10:28:45,4.28,45400,4.27,U
sz000100,TCL科技,2025-09-23 10:28:48,4.28,234600,4.28,U
sz000100,TCL科技,2025-09-23 10:28:51,4.28,33900,4.28,U
sz000100,TCL科技,2025-09-23 10:28:54,4.27,128900,4.28,D
sz000100,TCL科技,2025-09-23 10:28:57,4.27,108800,4.27,D
sz000100,TCL科技,2025-09-23 10:29:00,4.27,123700,4.27,D
sz000100,TCL科技,2025-09-23 10:29:03,4.28,35800,4.27,U
sz000100,TCL科技,2025-09-23 10:29:06,4.27,230800,4.28,D
sz000100,TCL科技,2025-09-23 10:29:09,4.27,129500,4.27,D
sz000100,TCL科技,2025-09-23 10:29:12,4.28,277100,4.27,U
sz000100,TCL科技,2025-09-23 10:29:15,4.27,74800,4.28,D
sz000100,TCL科技,2025-09-23 10:29:18,4.27,88200,4.27,D
sz000100,TCL科技,2025-09-23 10:29:21,4.27,61700,4.27,D
sz000100,TCL科技,2025-09-23 10:29:24,4.27,152600,4.27,D
sz000100,TCL科技,2025-09-23 10:29:27,4.28,126500,4.27,U
sz000100,TCL科技,2025-09-23 10:29:30,4.27,123600,4.28,D
sz000100,TCL科技,2025-09-23 10:29:33,4.27,84800,4.27,D
sz000100,TCL科技,2025-09-23 10:29:36,4.27,64300,4.27,D
sz000100,TCL科技,2025-09-23 10:29:39,4.27,38200,4.27,D
sz000100,TCL科技,2025-09-23 10:29:42,4.28,62500,4.27,U
sz000100,TCL科技,2025-09-23 10:29:45,4.27,35400,4.28,D
sz000100,TCL科技,2025-09-23 10:29:48,4.27,117600,4.27,D
sz000100,TCL科技,2025-09-23 10:29:51,4.28,73550,4.27,U
sz000100,TCL科技,2025-09-23 10:29:57,4.27,122900,4.28,D
sz000100,TCL科技,2025-09-23 10:30:00,4.28,254000,4.27,U
sz000100,TCL科技,2025-09-23 10:30:03,4.27,169500,4.28,D
sz000100,TCL科技,2025-09-23 10:30:06,4.28,73400,4.27,U
sz000100,TCL科技,2025-09-23 10:30:09,4.28,60900,4.28,U
sz000100,TCL科技,2025-09-23 10:30:12,4.27,94300,4.28,D
sz000100,TCL科技,2025-09-23 10:30:15,4.27,199700,4.27,D
sz000100,TCL科技,2025-09-23 10:30:18,4.27,63500,4.27,U
sz000100,TCL科技,2025-09-23 10:30:21,4.27,239600,4.27,U
sz000100,TCL科技,2025-09-23 10:30:24,4.27,25900,4.27,D
sz000100,TCL科技,2025-09-23 10:30:27,4.28,22500,4.27,U
sz000100,TCL科技,2025-09-23 10:30:30,4.27,1017600,4.28,D
sz000100,TCL科技,2025-09-23 10:30:33,4.28,29900,4.27,U
sz000100,TCL科技,2025-09-23 10:30:36,4.27,191800,4.28,D
sz000100,TCL科技,2025-09-23 10:30:39,4.27,165300,4.27,D
sz000100,TCL科技,2025-09-23 10:30:42,4.27,65500,4.27,D
sz000100,TCL科技,2025-09-23 10:30:45,4.27,30300,4.27,D
sz000100,TCL科技,2025-09-23 10:30:48,4.28,24800,4.27,U
sz000100,TCL科技,2025-09-23 10:30:51,4.28,61100,4.28,U
sz000100,TCL科技,2025-09-23 10:30:54,4.28,47900,4.28,U
sz000100,TCL科技,2025-09-23 10:30:57,4.27,55200,4.28,D
sz000100,TCL科技,2025-09-23 10:31:00,4.27,53900,4.27,D
sz000100,TCL科技,2025-09-23 10:31:03,4.27,52280,4.27,D
sz000100,TCL科技,2025-09-23 10:31:06,4.27,52100,4.27,D
sz000100,TCL科技,2025-09-23 10:31:12,4.27,630320,4.27,D
sz000100,TCL科技,2025-09-23 10:31:15,4.27,136320,4.27,U
sz000100,TCL科技,2025-09-23 10:31:18,4.27,37700,4.27,U
sz000100,TCL科技,2025-09-23 10:31:21,4.26,69700,4.27,D
sz000100,TCL科技,2025-09-23 10:31:24,4.27,42300,4.26,U
sz000100,TCL科技,2025-09-23 10:31:27,4.27,47400,4.27,U
sz000100,TCL科技,2025-09-23 10:31:30,4.27,45400,4.27,U
sz000100,TCL科技,2025-09-23 10:31:33,4.26,38200,4.27,D
sz000100,TCL科技,2025-09-23 10:31:36,4.27,24800,4.26,U
sz000100,TCL科技,2025-09-23 10:31:39,4.27,27100,4.27,U
sz000100,TCL科技,2025-09-23 10:31:42,4.27,74500,4.27,U
sz000100,TCL科技,2025-09-23 10:31:45,4.27,30800,4.27,U
sz000100,TCL科技,2025-09-23 10:31:48,4.27,54200,4.27,U
sz000100,TCL科技,2025-09-23 10:31:54,4.27,101400,4.26,U
sz000100,TCL科技,2025-09-23 10:31:57,4.27,31000,4.27,U
sz000100,TCL科技,2025-09-23 10:32:00,4.27,222900,4.27,U
sz000100,TCL科技,2025-09-23 10:32:03,4.26,26200,4.27,D
sz000100,TCL科技,2025-09-23 10:32:06,4.26,36800,4.26,D
sz000100,TCL科技,2025-09-23 10:32:12,4.27,44440,4.27,U
sz000100,TCL科技,2025-09-23 10:32:15,4.27,30400,4.27,U
sz000100,TCL科技,2025-09-23 10:32:18,4.27,105700,4.27,U
sz000100,TCL科技,2025-09-23 10:32:24,4.26,68700,4.26,D
sz000100,TCL科技,2025-09-23 10:32:27,4.26,48000,4.26,D
sz000100,TCL科技,2025-09-23 10:32:30,4.26,242100,4.26,D
sz000100,TCL科技,2025-09-23 10:32:33,4.26,70100,4.26,D
sz000100,TCL科技,2025-09-23 10:32:36,4.26,2288000,4.26,D
sz000100,TCL科技,2025-09-23 10:32:39,4.26,107500,4.26,D
sz000100,TCL科技,2025-09-23 10:32:42,4.26,62100,4.26,D
sz000100,TCL科技,2025-09-23 10:32:45,4.27,78900,4.26,U
sz000100,TCL科技,2025-09-23 10:32:48,4.26,21800,4.27,D
sz000100,TCL科技,2025-09-23 10:32:51,4.26,57200,4.26,D
sz000100,TCL科技,2025-09-23 10:32:54,4.26,58000,4.26,D
sz000100,TCL科技,2025-09-23 10:33:00,4.27,114800,4.26,U
sz000100,TCL科技,2025-09-23 10:33:03,4.26,176000,4.27,D
sz000100,TCL科技,2025-09-23 10:33:06,4.26,181300,4.26,D
sz000100,TCL科技,2025-09-23 10:33:09,4.26,265400,4.26,D
sz000100,TCL科技,2025-09-23 10:33:12,4.26,60600,4.26,D
sz000100,TCL科技,2025-09-23 10:33:15,4.27,48800,4.26,U
sz000100,TCL科技,2025-09-23 10:33:18,4.26,112700,4.27,D
sz000100,TCL科技,2025-09-23 10:33:24,4.26,40200,4.26,D
sz000100,TCL科技,2025-09-23 10:33:27,4.26,25700,4.26,D
sz000100,TCL科技,2025-09-23 10:33:30,4.26,38600,4.26,D
sz000100,TCL科技,2025-09-23 10:33:33,4.26,23000,4.26,D
sz000100,TCL科技,2025-09-23 10:33:36,4.26,155650,4.26,D
sz000100,TCL科技,2025-09-23 10:33:39,4.26,329300,4.26,D
sz000100,TCL科技,2025-09-23 10:33:42,4.26,53600,4.26,D
sz000100,TCL科技,2025-09-23 10:33:45,4.26,480400,4.26,D
sz000100,TCL科技,2025-09-23 10:33:48,4.26,61900,4.26,D
sz000100,TCL科技,2025-09-23 10:33:51,4.26,221400,4.26,D
sz000100,TCL科技,2025-09-23 10:33:54,4.26,156000,4.26,D
sz000100,TCL科技,2025-09-23 10:33:57,4.26,54300,4.26,D
sz000100,TCL科技,2025-09-23 10:34:00,4.26,72900,4.26,D
sz000100,TCL科技,2025-09-23 10:34:03,4.27,84600,4.26,U
sz000100,TCL科技,2025-09-23 10:34:06,4.26,99400,4.27,D
sz000100,TCL科技,2025-09-23 10:34:09,4.27,95000,4.26,U
sz000100,TCL科技,2025-09-23 10:34:12,4.27,20500,4.27,U
sz000100,TCL科技,2025-09-23 10:34:15,4.27,89100,4.27,U
sz000100,TCL科技,2025-09-23 10:34:21,4.26,120900,4.26,D
sz000100,TCL科技,2025-09-23 10:34:24,4.27,35700,4.26,U
sz000100,TCL科技,2025-09-23 10:34:30,4.26,122020,4.27,D
sz000100,TCL科技,2025-09-23 10:34:36,4.27,57300,4.27,U
sz000100,TCL科技,2025-09-23 10:34:39,4.27,57300,4.27,U
sz000100,TCL科技,2025-09-23 10:34:42,4.27,173800,4.27,U
sz000100,TCL科技,2025-09-23 10:34:45,4.27,62100,4.27,U
sz000100,TCL科技,2025-09-23 10:34:48,4.27,63300,4.27,U
sz000100,TCL科技,2025-09-23 10:34:51,4.27,65000,4.27,U
sz000100,TCL科技,2025-09-23 10:34:54,4.27,113000,4.27,U
sz000100,TCL科技,2025-09-23 10:34:57,4.27,1530080,4.27,U
sz000100,TCL科技,2025-09-23 10:35:00,4.27,371700,4.27,D
sz000100,TCL科技,2025-09-23 10:35:06,4.27,624770,4.27,D
sz000100,TCL科技,2025-09-23 10:35:09,4.28,70400,4.27,U
sz000100,TCL科技,2025-09-23 10:35:12,4.27,66000,4.28,D
sz000100,TCL科技,2025-09-23 10:35:15,4.28,35000,4.27,U
sz000100,TCL科技,2025-09-23 10:35:18,4.27,66300,4.28,D
sz000100,TCL科技,2025-09-23 10:35:21,4.27,26100,4.27,D
sz000100,TCL科技,2025-09-23 10:35:24,4.27,50400,4.27,D
sz000100,TCL科技,2025-09-23 10:35:27,4.28,69000,4.27,U
sz000100,TCL科技,2025-09-23 10:35:33,4.27,62000,4.28,D
sz000100,TCL科技,2025-09-23 10:35:42,4.28,39000,4.27,U
sz000100,TCL科技,2025-09-23 10:35:45,4.28,36500,4.28,U
sz000100,TCL科技,2025-09-23 10:35:51,4.27,62000,4.28,D
sz000100,TCL科技,2025-09-23 10:35:57,4.28,120000,4.28,U
sz000100,TCL科技,2025-09-23 10:36:03,4.28,78730,4.28,U
sz000100,TCL科技,2025-09-23 10:36:06,4.28,27400,4.28,U
sz000100,TCL科技,2025-09-23 10:36:09,4.28,116900,4.28,U
sz000100,TCL科技,2025-09-23 10:36:12,4.28,42870,4.28,U
sz000100,TCL科技,2025-09-23 10:36:21,4.27,50120,4.28,D
sz000100,TCL科技,2025-09-23 10:36:24,4.28,61200,4.27,U
sz000100,TCL科技,2025-09-23 10:36:27,4.28,118600,4.28,U
sz000100,TCL科技,2025-09-23 10:36:30,4.28,78600,4.28,U
sz000100,TCL科技,2025-09-23 10:36:33,4.27,50300,4.28,D
sz000100,TCL科技,2025-09-23 10:36:36,4.28,48000,4.27,U
sz000100,TCL科技,2025-09-23 10:36:39,4.28,34100,4.28,U
sz000100,TCL科技,2025-09-23 10:36:42,4.28,116700,4.28,U
sz000100,TCL科技,2025-09-23 10:36:45,4.28,88700,4.28,U
sz000100,TCL科技,2025-09-23 10:36:48,4.28,78800,4.28,U
sz000100,TCL科技,2025-09-23 10:36:51,4.28,60600,4.28,U
sz000100,TCL科技,2025-09-23 10:36:54,4.28,153500,4.28,U
sz000100,TCL科技,2025-09-23 10:36:57,4.28,57400,4.28,U
sz000100,TCL科技,2025-09-23 10:37:00,4.28,141000,4.28,U
sz000100,TCL科技,2025-09-23 10:37:03,4.28,636380,4.28,U
sz000100,TCL科技,2025-09-23 10:37:06,4.28,477900,4.28,D
sz000100,TCL科技,2025-09-23 10:37:09,4.28,136900,4.28,U
sz000100,TCL科技,2025-09-23 10:37:12,4.28,134700,4.28,U
sz000100,TCL科技,2025-09-23 10:37:15,4.28,77700,4.28,U
sz000100,TCL科技,2025-09-23 10:37:18,4.28,157600,4.28,D
sz000100,TCL科技,2025-09-23 10:37:21,4.28,60100,4.28,U
sz000100,TCL科技,2025-09-23 10:37:24,4.28,30200,4.28,U
sz000100,TCL科技,2025-09-23 10:37:27,4.28,120500,4.28,U
sz000100,TCL科技,2025-09-23 10:37:30,4.28,105100,4.28,U
sz000100,TCL科技,2025-09-23 10:37:39,4.28,84900,4.28,U
sz000100,TCL科技,2025-09-23 10:37:42,4.28,29700,4.28,U
sz000100,TCL科技,2025-09-23 10:37:45,4.28,38000,4.28,U
sz000100,TCL科技,2025-09-23 10:37:48,4.28,49800,4.28,U
sz000100,TCL科技,2025-09-23 10:37:51,4.28,72400,4.28,U
sz000100,TCL科技,2025-09-23 10:37:54,4.28,58100,4.28,U
sz000100,TCL科技,2025-09-23 10:37:57,4.28,79400,4.28,U
sz000100,TCL科技,2025-09-23 10:38:00,4.28,113900,4.28,U
sz000100,TCL科技,2025-09-23 10:38:06,4.27,69400,4.28,D
sz000100,TCL科技,2025-09-23 10:38:09,4.27,32400,4.27,D
sz000100,TCL科技,2025-09-23 10:38:12,4.27,41400,4.27,D
sz000100,TCL科技,2025-09-23 10:38:15,4.27,949000,4.27,D
sz000100,TCL科技,2025-09-23 10:38:18,4.27,48700,4.27,D
sz000100,TCL科技,2025-09-23 10:38:36,4.28,60100,4.27,U
sz000100,TCL科技,2025-09-23 10:38:39,4.28,22300,4.28,U
sz000100,TCL科技,2025-09-23 10:38:42,4.28,38700,4.28,U
sz000100,TCL科技,2025-09-23 10:38:45,4.28,25800,4.28,U
sz000100,TCL科技,2025-09-23 10:38:51,4.28,73500,4.28,U
sz000100,TCL科技,2025-09-23 10:38:57,4.27,104900,4.28,D
sz000100,TCL科技,2025-09-23 10:39:03,4.27,25500,4.28,D
sz000100,TCL科技,2025-09-23 10:39:09,4.28,214500,4.28,U
sz000100,TCL科技,2025-09-23 10:39:12,4.27,94200,4.28,D
sz000100,TCL科技,2025-09-23 10:39:15,4.28,25950,4.27,U
sz000100,TCL科技,2025-09-23 10:39:21,4.27,38200,4.27,D
sz000100,TCL科技,2025-09-23 10:39:24,4.27,36000,4.27,D
sz000100,TCL科技,2025-09-23 10:39:27,4.28,20790,4.27,U
sz000100,TCL科技,2025-09-23 10:39:30,4.28,63100,4.28,U
sz000100,TCL科技,2025-09-23 10:39:33,4.27,21800,4.28,D
sz000100,TCL科技,2025-09-23 10:39:42,4.28,807200,4.27,U
sz000100,TCL科技,2025-09-23 10:39:48,4.28,38900,4.27,U
sz000100,TCL科技,2025-09-23 10:39:51,4.28,84900,4.28,U
sz000100,TCL科技,2025-09-23 10:39:54,4.28,22400,4.28,U
sz000100,TCL科技,2025-09-23 10:39:57,4.28,22700,4.28,U
sz000100,TCL科技,2025-09-23 10:40:00,4.28,32200,4.28,U
sz000100,TCL科技,2025-09-23 10:40:03,4.28,28600,4.28,U
sz000100,TCL科技,2025-09-23 10:40:12,4.28,57400,4.28,U
sz000100,TCL科技,2025-09-23 10:40:21,4.28,59900,4.28,U
sz000100,TCL科技,2025-09-23 10:40:24,4.28,66000,4.28,U
sz000100,TCL科技,2025-09-23 10:40:33,4.28,46500,4.28,U
sz000100,TCL科技,2025-09-23 10:40:36,4.28,35800,4.28,U
sz000100,TCL科技,2025-09-23 10:40:39,4.28,24600,4.28,U
sz000100,TCL科技,2025-09-23 10:40:45,4.28,92000,4.28,U
sz000100,TCL科技,2025-09-23 10:40:48,4.28,31300,4.28,U
sz000100,TCL科技,2025-09-23 10:41:00,4.28,48700,4.27,U
sz000100,TCL科技,2025-09-23 10:41:12,4.28,22500,4.28,U
sz000100,TCL科技,2025-09-23 10:41:15,4.27,1948200,4.28,D
sz000100,TCL科技,2025-09-23 10:41:18,4.27,2798230,4.27,D
sz000100,TCL科技,2025-09-23 10:41:21,4.27,109500,4.27,U
sz000100,TCL科技,2025-09-23 10:41:24,4.27,35800,4.27,U
sz000100,TCL科技,2025-09-23 10:41:27,4.27,29400,4.27,U
sz000100,TCL科技,2025-09-23 10:41:30,4.26,66800,4.27,D
sz000100,TCL科技,2025-09-23 10:41:36,4.27,23600,4.26,U
sz000100,TCL科技,2025-09-23 10:41:39,4.26,43500,4.27,D
sz000100,TCL科技,2025-09-23 10:41:42,4.26,25300,4.26,D
sz000100,TCL科技,2025-09-23 10:41:48,4.27,47800,4.26,U
sz000100,TCL科技,2025-09-23 10:41:54,4.26,25000,4.27,D
sz000100,TCL科技,2025-09-23 10:42:06,4.27,69200,4.27,U
sz000100,TCL科技,2025-09-23 10:42:12,4.27,33400,4.26,U
sz000100,TCL科技,2025-09-23 10:42:21,4.27,29000,4.27,U
sz000100,TCL科技,2025-09-23 10:42:36,4.27,74900,4.27,U
sz000100,TCL科技,2025-09-23 10:42:39,4.27,1621460,4.27,U
sz000100,TCL科技,2025-09-23 10:42:42,4.27,20700,4.27,D
sz000100,TCL科技,2025-09-23 10:42:45,4.27,32300,4.27,D
sz000100,TCL科技,2025-09-23 10:42:48,4.27,145800,4.27,D
sz000100,TCL科技,2025-09-23 10:42:57,4.28,41300,4.27,U
sz000100,TCL科技,2025-09-23 10:43:12,4.27,20700,4.28,D
sz000100,TCL科技,2025-09-23 10:43:15,4.28,25500,4.27,U
sz000100,TCL科技,2025-09-23 10:43:21,4.27,32900,4.28,D
sz000100,TCL科技,2025-09-23 10:43:27,4.28,81400,4.28,U
sz000100,TCL科技,2025-09-23 10:43:30,4.27,28000,4.28,D
sz000100,TCL科技,2025-09-23 10:43:36,4.28,31200,4.28,U
sz000100,TCL科技,2025-09-23 10:43:42,4.28,23800,4.28,U
sz000100,TCL科技,2025-09-23 10:43:45,4.27,79500,4.28,D
sz000100,TCL科技,2025-09-23 10:43:48,4.28,26000,4.27,U
sz000100,TCL科技,2025-09-23 10:43:54,4.28,62400,4.27,U
sz000100,TCL科技,2025-09-23 10:44:00,4.28,30900,4.27,U
sz000100,TCL科技,2025-09-23 10:44:03,4.28,528320,4.28,U
sz000100,TCL科技,2025-09-23 10:44:06,4.28,21400,4.28,D
sz000100,TCL科技,2025-09-23 10:44:30,4.29,39400,4.29,U
sz000100,TCL科技,2025-09-23 10:44:33,4.28,29500,4.29,D
sz000100,TCL科技,2025-09-23 10:44:36,4.28,107800,4.28,D
sz000100,TCL科技,2025-09-23 10:44:51,4.29,45800,4.29,U
sz000100,TCL科技,2025-09-23 10:44:54,4.29,30400,4.29,U
sz000100,TCL科技,2025-09-23 10:45:00,4.28,20700,4.29,D
sz000100,TCL科技,2025-09-23 10:45:03,4.29,70900,4.28,U
sz000100,TCL科技,2025-09-23 10:45:06,4.28,48800,4.29,D
sz000100,TCL科技,2025-09-23 10:45:12,4.29,24800,4.29,U
sz000100,TCL科技,2025-09-23 10:45:18,4.29,535000,4.29,U
sz000100,TCL科技,2025-09-23 10:45:21,4.29,20000,4.29,U
sz000100,TCL科技,2025-09-23 10:45:24,4.28,56700,4.29,D
sz000100,TCL科技,2025-09-23 10:45:27,4.29,148100,4.28,U
sz000100,TCL科技,2025-09-23 10:45:30,4.29,24800,4.29,U
sz000100,TCL科技,2025-09-23 10:45:36,4.29,42400,4.29,U
sz000100,TCL科技,2025-09-23 10:45:39,4.29,30700,4.29,U
sz000100,TCL科技,2025-09-23 10:45:54,4.29,171700,4.29,U
sz000100,TCL科技,2025-09-23 10:45:57,4.29,76400,4.29,U
sz000100,TCL科技,2025-09-23 10:46:00,4.29,30600,4.29,U
sz000100,TCL科技,2025-09-23 10:46:03,4.29,23100,4.29,U
sz000100,TCL科技,2025-09-23 10:46:06,4.28,36500,4.29,D
sz000100,TCL科技,2025-09-23 10:46:09,4.29,29900,4.28,U
sz000100,TCL科技,2025-09-23 10:46:24,4.29,22900,4.29,U
sz000100,TCL科技,2025-09-23 10:46:27,4.28,37300,4.29,D
sz000100,TCL科技,2025-09-23 10:46:42,4.29,29700,4.29,U
sz000100,TCL科技,2025-09-23 10:46:51,4.29,27900,4.28,U
sz000100,TCL科技,2025-09-23 10:46:54,4.29,51000,4.29,U
sz000100,TCL科技,2025-09-23 10:47:00,4.29,55500,4.29,U
sz000100,TCL科技,2025-09-23 10:47:09,4.28,21200,4.29,D
sz000100,TCL科技,2025-09-23 10:47:12,4.28,23000,4.28,D
sz000100,TCL科技,2025-09-23 10:47:21,4.28,31600,4.28,D
sz000100,TCL科技,2025-09-23 10:47:27,4.29,74900,4.28,U
sz000100,TCL科技,2025-09-23 10:47:36,4.28,30300,4.28,D
sz000100,TCL科技,2025-09-23 10:47:45,4.28,20200,4.28,D
sz000100,TCL科技,2025-09-23 10:47:51,4.29,32700,4.28,U
sz000100,TCL科技,2025-09-23 10:48:06,4.29,89200,4.28,U
sz000100,TCL科技,2025-09-23 10:48:09,4.29,31700,4.29,U
sz000100,TCL科技,2025-09-23 10:48:15,4.29,59000,4.29,U
sz000100,TCL科技,2025-09-23 10:48:33,4.28,25100,4.29,D
sz000100,TCL科技,2025-09-23 10:48:39,4.28,48300,4.29,D
sz000100,TCL科技,2025-09-23 10:48:51,4.29,28200,4.29,U
sz000100,TCL科技,2025-09-23 10:48:54,4.28,29500,4.29,D
sz000100,TCL科技,2025-09-23 10:49:12,4.29,27300,4.29,U
sz000100,TCL科技,2025-09-23 10:49:21,4.28,312100,4.28,D
sz000100,TCL科技,2025-09-23 10:49:27,4.29,23300,4.29,U
sz000100,TCL科技,2025-09-23 10:49:30,4.29,55500,4.29,U
sz000100,TCL科技,2025-09-23 10:49:33,4.28,33200,4.29,D
sz000100,TCL科技,2025-09-23 10:49:36,4.28,33900,4.28,D
sz000100,TCL科技,2025-09-23 10:49:39,4.29,29300,4.28,U
sz000100,TCL科技,2025-09-23 10:49:51,4.28,33200,4.28,D
sz000100,TCL科技,2025-09-23 10:50:00,4.29,83400,4.29,U
sz000100,TCL科技,2025-09-23 10:50:15,4.29,36000,4.28,U
sz000100,TCL科技,2025-09-23 10:50:18,4.29,33540,4.29,U
sz000100,TCL科技,2025-09-23 10:50:24,4.29,49300,4.29,U
sz000100,TCL科技,2025-09-23 10:50:27,4.29,61700,4.29,U
sz000100,TCL科技,2025-09-23 10:50:30,4.28,220500,4.29,D
sz000100,TCL科技,2025-09-23 10:51:00,4.29,50300,4.29,U
sz000100,TCL科技,2025-09-23 10:51:21,4.29,46300,4.29,U
sz000100,TCL科技,2025-09-23 10:51:24,4.29,27100,4.29,U
sz000100,TCL科技,2025-09-23 10:51:33,4.28,21900,4.29,D
sz000100,TCL科技,2025-09-23 10:51:36,4.29,29500,4.28,U
sz000100,TCL科技,2025-09-23 10:51:42,4.29,80400,4.28,U
sz000100,TCL科技,2025-09-23 10:52:27,4.28,30800,4.28,D
sz000100,TCL科技,2025-09-23 10:52:33,4.29,29900,4.28,U
sz000100,TCL科技,2025-09-23 10:52:36,4.28,43100,4.29,D
sz000100,TCL科技,2025-09-23 10:52:39,4.28,26000,4.28,D
sz000100,TCL科技,2025-09-23 10:52:48,4.29,133900,4.28,U
sz000100,TCL科技,2025-09-23 10:52:51,4.28,20100,4.29,D
sz000100,TCL科技,2025-09-23 10:52:57,4.28,82500,4.28,D
sz000100,TCL科技,2025-09-23 10:53:03,4.28,21300,4.28,D
sz000100,TCL科技,2025-09-23 10:53:06,4.28,39500,4.28,D
sz000100,TCL科技,2025-09-23 10:53:12,4.28,158600,4.28,D
sz000100,TCL科技,2025-09-23 10:53:15,4.28,67400,4.28,D
sz000100,TCL科技,2025-09-23 10:53:18,4.28,136400,4.28,D
sz000100,TCL科技,2025-09-23 10:53:21,4.28,1694300,4.28,D
sz000100,TCL科技,2025-09-23 10:53:24,4.27,2192160,4.28,D
sz000100,TCL科技,2025-09-23 10:53:36,4.28,38400,4.28,U
sz000100,TCL科技,2025-09-23 10:53:42,4.27,35000,4.28,D
sz000100,TCL科技,2025-09-23 10:53:48,4.28,36500,4.27,U
sz000100,TCL科技,2025-09-23 10:53:51,4.28,1459900,4.28,U
sz000100,TCL科技,2025-09-23 10:53:54,4.28,206800,4.28,D
sz000100,TCL科技,2025-09-23 10:53:57,4.28,50200,4.28,E
sz000100,TCL科技,2025-09-23 10:54:03,4.28,45000,4.28,U
sz000100,TCL科技,2025-09-23 10:54:15,4.28,93200,4.28,U
sz000100,TCL科技,2025-09-23 10:54:21,4.28,41300,4.28,D
sz000100,TCL科技,2025-09-23 10:54:24,4.28,40100,4.28,D
sz000100,TCL科技,2025-09-23 10:54:27,4.28,25990,4.28,D
sz000100,TCL科技,2025-09-23 10:54:30,4.28,163200,4.28,D
sz000100,TCL科技,2025-09-23 10:54:33,4.28,29000,4.28,D
sz000100,TCL科技,2025-09-23 10:54:36,4.28,101410,4.28,D
sz000100,TCL科技,2025-09-23 10:54:39,4.27,43500,4.28,D
sz000100,TCL科技,2025-09-23 10:54:42,4.28,42700,4.27,U
sz000100,TCL科技,2025-09-23 10:54:51,4.28,279300,4.27,U
sz000100,TCL科技,2025-09-23 10:54:54,4.28,47400,4.28,D
sz000100,TCL科技,2025-09-23 10:54:57,4.28,33000,4.28,D
sz000100,TCL科技,2025-09-23 10:55:03,4.28,199000,4.28,U
sz000100,TCL科技,2025-09-23 10:55:06,4.27,212000,4.28,D
sz000100,TCL科技,2025-09-23 10:55:09,4.28,24200,4.27,U
sz000100,TCL科技,2025-09-23 10:55:15,4.28,24400,4.28,D
sz000100,TCL科技,2025-09-23 10:55:18,4.28,22700,4.28,D
sz000100,TCL科技,2025-09-23 10:55:21,4.28,158600,4.28,U
sz000100,TCL科技,2025-09-23 10:55:30,4.28,26700,4.27,U
sz000100,TCL科技,2025-09-23 10:55:36,4.28,24700,4.28,U
sz000100,TCL科技,2025-09-23 10:55:42,4.28,43800,4.27,U
sz000100,TCL科技,2025-09-23 10:55:48,4.28,20900,4.28,U
sz000100,TCL科技,2025-09-23 10:56:12,4.28,32800,4.28,U
sz000100,TCL科技,2025-09-23 10:56:36,4.27,32500,4.28,D
sz000100,TCL科技,2025-09-23 10:56:39,4.28,41900,4.27,U
sz000100,TCL科技,2025-09-23 10:57:09,4.28,247600,4.28,U
sz000100,TCL科技,2025-09-23 10:57:18,4.28,33100,4.27,U
sz000100,TCL科技,2025-09-23 10:57:21,4.27,21600,4.28,D
sz000100,TCL科技,2025-09-23 10:57:48,4.28,80100,4.28,U
sz000100,TCL科技,2025-09-23 10:57:54,4.28,304900,4.28,U
sz000100,TCL科技,2025-09-23 10:58:03,4.27,110400,4.28,D
sz000100,TCL科技,2025-09-23 10:58:09,4.28,29300,4.28,U
sz000100,TCL科技,2025-09-23 10:58:12,4.28,28400,4.28,U
sz000100,TCL科技,2025-09-23 10:58:27,4.28,189800,4.28,U
sz000100,TCL科技,2025-09-23 10:58:36,4.28,35400,4.27,U
sz000100,TCL科技,2025-09-23 10:58:42,4.28,183600,4.28,U
sz000100,TCL科技,2025-09-23 10:59:06,4.28,506525,4.28,U
sz000100,TCL科技,2025-09-23 10:59:09,4.28,25600,4.28,D
sz000100,TCL科技,2025-09-23 10:59:24,4.28,47100,4.29,D
sz000100,TCL科技,2025-09-23 10:59:27,4.29,53800,4.28,U
sz000100,TCL科技,2025-09-23 10:59:42,4.28,169600,4.29,D
sz000100,TCL科技,2025-09-23 10:59:54,4.29,45700,4.29,U
sz000100,TCL科技,2025-09-23 10:59:57,4.29,128700,4.29,U
sz000100,TCL科技,2025-09-23 11:00:03,4.29,46000,4.29,U
sz000100,TCL科技,2025-09-23 11:00:15,4.28,49300,4.28,D
sz000100,TCL科技,2025-09-23 11:00:24,4.29,25600,4.28,U
sz000100,TCL科技,2025-09-23 11:00:27,4.28,61700,4.29,D
sz000100,TCL科技,2025-09-23 11:00:30,4.28,27900,4.28,D
sz000100,TCL科技,2025-09-23 11:00:33,4.28,43300,4.28,D
sz000100,TCL科技,2025-09-23 11:00:36,4.28,37500,4.28,D
sz000100,TCL科技,2025-09-23 11:00:39,4.28,25400,4.28,D
sz000100,TCL科技,2025-09-23 11:00:42,4.28,68600,4.28,D
sz000100,TCL科技,2025-09-23 11:00:45,4.28,281800,4.28,D
sz000100,TCL科技,2025-09-23 11:00:54,4.28,20600,4.29,D
sz000100,TCL科技,2025-09-23 11:00:57,4.29,107000,4.28,U
sz000100,TCL科技,2025-09-23 11:01:06,4.28,29200,4.29,D
sz000100,TCL科技,2025-09-23 11:01:24,4.28,24900,4.29,D
sz000100,TCL科技,2025-09-23 11:01:27,4.29,90000,4.28,U
sz000100,TCL科技,2025-09-23 11:01:42,4.28,1699220,4.29,D
sz000100,TCL科技,2025-09-23 11:01:48,4.28,53300,4.28,U
sz000100,TCL科技,2025-09-23 11:02:45,4.28,38600,4.28,U
sz000100,TCL科技,2025-09-23 11:03:18,4.27,24700,4.27,D
sz000100,TCL科技,2025-09-23 11:03:24,4.28,75400,4.28,U
sz000100,TCL科技,2025-09-23 11:03:39,4.28,35100,4.28,U
sz000100,TCL科技,2025-09-23 11:03:48,4.27,33800,4.27,D
sz000100,TCL科技,2025-09-23 11:03:51,4.27,67500,4.27,D
sz000100,TCL科技,2025-09-23 11:03:54,4.27,48900,4.27,D
sz000100,TCL科技,2025-09-23 11:03:57,4.27,24600,4.27,D
sz000100,TCL科技,2025-09-23 11:04:00,4.28,21800,4.27,U
sz000100,TCL科技,2025-09-23 11:04:03,4.28,25100,4.28,U
sz000100,TCL科技,2025-09-23 11:04:06,4.28,185600,4.28,U
sz000100,TCL科技,2025-09-23 11:04:09,4.27,23300,4.28,D
sz000100,TCL科技,2025-09-23 11:04:24,4.27,38500,4.27,D
sz000100,TCL科技,2025-09-23 11:04:42,4.27,66400,4.28,D
sz000100,TCL科技,2025-09-23 11:04:45,4.28,35000,4.27,U
sz000100,TCL科技,2025-09-23 11:04:48,4.27,21800,4.28,D
sz000100,TCL科技,2025-09-23 11:04:51,4.27,21000,4.27,D
sz000100,TCL科技,2025-09-23 11:04:57,4.27,234400,4.27,D
sz000100,TCL科技,2025-09-23 11:05:09,4.27,25100,4.28,D
sz000100,TCL科技,2025-09-23 11:05:12,4.27,20600,4.27,D
sz000100,TCL科技,2025-09-23 11:05:21,4.28,125500,4.28,U
sz000100,TCL科技,2025-09-23 11:05:30,4.28,62200,4.27,U
sz000100,TCL科技,2025-09-23 11:05:33,4.27,29100,4.28,D
sz000100,TCL科技,2025-09-23 11:05:36,4.28,1237100,4.27,U
sz000100,TCL科技,2025-09-23 11:05:39,4.28,95100,4.28,D
sz000100,TCL科技,2025-09-23 11:05:42,4.28,53300,4.28,D
sz000100,TCL科技,2025-09-23 11:05:45,4.28,39100,4.28,D
sz000100,TCL科技,2025-09-23 11:05:51,4.28,46600,4.28,D
sz000100,TCL科技,2025-09-23 11:06:00,4.28,90000,4.28,D
sz000100,TCL科技,2025-09-23 11:06:03,4.29,73600,4.28,U
sz000100,TCL科技,2025-09-23 11:06:15,4.28,39200,4.28,D
sz000100,TCL科技,2025-09-23 11:06:24,4.28,20300,4.28,D
sz000100,TCL科技,2025-09-23 11:06:30,4.29,27800,4.28,U
sz000100,TCL科技,2025-09-23 11:06:36,4.28,46800,4.28,D
sz000100,TCL科技,2025-09-23 11:06:45,4.28,32400,4.28,D
sz000100,TCL科技,2025-09-23 11:06:57,4.29,57300,4.28,U
sz000100,TCL科技,2025-09-23 11:07:45,4.28,29700,4.28,D
sz000100,TCL科技,2025-09-23 11:08:09,4.28,32500,4.28,D
sz000100,TCL科技,2025-09-23 11:08:15,4.28,98500,4.28,D
sz000100,TCL科技,2025-09-23 11:09:00,4.27,1114940,4.28,D
sz000100,TCL科技,2025-09-23 11:09:03,4.27,41000,4.27,D
sz000100,TCL科技,2025-09-23 11:09:36,4.28,30400,4.27,U
sz000100,TCL科技,2025-09-23 11:09:42,4.27,34400,4.27,D
sz000100,TCL科技,2025-09-23 11:09:48,4.27,38100,4.28,D
sz000100,TCL科技,2025-09-23 11:10:06,4.28,47000,4.27,U
sz000100,TCL科技,2025-09-23 11:10:21,4.27,70200,4.28,D
sz000100,TCL科技,2025-09-23 11:10:24,4.28,72900,4.27,U
sz000100,TCL科技,2025-09-23 11:10:27,4.28,704760,4.28,U
sz000100,TCL科技,2025-09-23 11:10:30,4.28,29000,4.28,D
sz000100,TCL科技,2025-09-23 11:10:33,4.28,25900,4.28,D
sz000100,TCL科技,2025-09-23 11:10:42,4.28,37100,4.28,D
sz000100,TCL科技,2025-09-23 11:10:45,4.28,54600,4.28,D
sz000100,TCL科技,2025-09-23 11:10:48,4.28,49300,4.28,D
sz000100,TCL科技,2025-09-23 11:10:51,4.28,29100,4.28,D
sz000100,TCL科技,2025-09-23 11:10:57,4.28,63200,4.28,D
sz000100,TCL科技,2025-09-23 11:11:12,4.29,21100,4.28,U
sz000100,TCL科技,2025-09-23 11:11:54,4.28,67000,4.28,D
sz000100,TCL科技,2025-09-23 11:11:57,4.28,21100,4.28,D
sz000100,TCL科技,2025-09-23 11:12:09,4.28,487368,4.28,D
sz000100,TCL科技,2025-09-23 11:12:27,4.28,34200,4.28,U
sz000100,TCL科技,2025-09-23 11:12:30,4.28,35400,4.28,U
sz000100,TCL科技,2025-09-23 11:12:33,4.28,20900,4.28,U
sz000100,TCL科技,2025-09-23 11:12:39,4.28,25300,4.28,U
sz000100,TCL科技,2025-09-23 11:12:45,4.28,27300,4.28,U
sz000100,TCL科技,2025-09-23 11:12:48,4.27,29600,4.28,D
sz000100,TCL科技,2025-09-23 11:12:57,4.27,159500,4.27,D
sz000100,TCL科技,2025-09-23 11:13:09,4.28,147500,4.28,U
sz000100,TCL科技,2025-09-23 11:13:12,4.28,43700,4.28,D
sz000100,TCL科技,2025-09-23 11:13:15,4.28,41400,4.28,D
sz000100,TCL科技,2025-09-23 11:13:18,4.28,27900,4.28,D
sz000100,TCL科技,2025-09-23 11:13:30,4.28,50000,4.27,U
sz000100,TCL科技,2025-09-23 11:13:36,4.29,30200,4.28,U
sz000100,TCL科技,2025-09-23 11:13:39,4.27,37800,4.29,D
sz000100,TCL科技,2025-09-23 11:14:09,4.28,75700,4.27,U
sz000100,TCL科技,2025-09-23 11:14:33,4.27,29100,4.28,D
sz000100,TCL科技,2025-09-23 11:15:00,4.28,202000,4.27,U
sz000100,TCL科技,2025-09-23 11:15:12,4.28,26600,4.28,U
sz000100,TCL科技,2025-09-23 11:15:18,4.27,22600,4.27,D
sz000100,TCL科技,2025-09-23 11:15:42,4.28,72300,4.27,U
sz000100,TCL科技,2025-09-23 11:15:45,4.28,26600,4.28,U
sz000100,TCL科技,2025-09-23 11:15:54,4.27,232700,4.28,D
sz000100,TCL科技,2025-09-23 11:15:57,4.27,551700,4.27,D
sz000100,TCL科技,2025-09-23 11:16:00,4.27,58100,4.27,D
sz000100,TCL科技,2025-09-23 11:16:15,4.28,24300,4.28,U
sz000100,TCL科技,2025-09-23 11:16:18,4.27,327800,4.28,D
sz000100,TCL科技,2025-09-23 11:16:21,4.28,34300,4.27,U
sz000100,TCL科技,2025-09-23 11:16:27,4.28,74500,4.27,U
sz000100,TCL科技,2025-09-23 11:16:36,4.28,54200,4.28,U
sz000100,TCL科技,2025-09-23 11:16:39,4.28,418900,4.28,U
sz000100,TCL科技,2025-09-23 11:16:42,4.28,26900,4.28,U
sz000100,TCL科技,2025-09-23 11:16:45,4.27,118400,4.28,D
sz000100,TCL科技,2025-09-23 11:16:48,4.28,88500,4.27,U
sz000100,TCL科技,2025-09-23 11:17:06,4.28,30500,4.28,U
sz000100,TCL科技,2025-09-23 11:17:12,4.28,51600,4.28,U
sz000100,TCL科技,2025-09-23 11:17:15,4.27,26500,4.28,D
sz000100,TCL科技,2025-09-23 11:17:36,4.27,31600,4.28,D
sz000100,TCL科技,2025-09-23 11:17:42,4.28,313900,4.27,U
sz000100,TCL科技,2025-09-23 11:17:48,4.27,34500,4.27,D
sz000100,TCL科技,2025-09-23 11:18:03,4.27,40200,4.27,D
sz000100,TCL科技,2025-09-23 11:18:06,4.27,27500,4.27,D
sz000100,TCL科技,2025-09-23 11:18:18,4.28,282300,4.27,U
sz000100,TCL科技,2025-09-23 11:18:24,4.28,30200,4.28,U
sz000100,TCL科技,2025-09-23 11:19:00,4.27,40900,4.28,D
sz000100,TCL科技,2025-09-23 11:19:12,4.28,21000,4.28,U
sz000100,TCL科技,2025-09-23 11:19:27,4.28,31500,4.28,U
sz000100,TCL科技,2025-09-23 11:19:39,4.28,21300,4.27,U
sz000100,TCL科技,2025-09-23 11:19:42,4.28,491400,4.28,U
sz000100,TCL科技,2025-09-23 11:19:45,4.28,38300,4.28,U
sz000100,TCL科技,2025-09-23 11:20:03,4.27,22700,4.28,D
sz000100,TCL科技,2025-09-23 11:20:06,4.28,54100,4.27,U
sz000100,TCL科技,2025-09-23 11:20:12,4.27,64900,4.27,D
sz000100,TCL科技,2025-09-23 11:20:15,4.28,41900,4.27,U
sz000100,TCL科技,2025-09-23 11:20:21,4.28,40100,4.27,U
sz000100,TCL科技,2025-09-23 11:20:30,4.28,37300,4.28,U
sz000100,TCL科技,2025-09-23 11:20:36,4.28,96400,4.28,U
sz000100,TCL科技,2025-09-23 11:20:48,4.28,51200,4.28,U
sz000100,TCL科技,2025-09-23 11:20:51,4.28,64400,4.28,U
sz000100,TCL科技,2025-09-23 11:20:54,4.28,123300,4.28,U
sz000100,TCL科技,2025-09-23 11:21:03,4.28,28800,4.28,U
sz000100,TCL科技,2025-09-23 11:21:06,4.27,28400,4.28,D
sz000100,TCL科技,2025-09-23 11:21:09,4.27,23200,4.27,D
sz000100,TCL科技,2025-09-23 11:21:12,4.27,90900,4.27,D
sz000100,TCL科技,2025-09-23 11:21:33,4.27,44900,4.28,D
sz000100,TCL科技,2025-09-23 11:21:36,4.28,28000,4.27,U
sz000100,TCL科技,2025-09-23 11:21:51,4.28,64000,4.28,U
sz000100,TCL科技,2025-09-23 11:21:57,4.27,48600,4.28,D
sz000100,TCL科技,2025-09-23 11:22:00,4.27,27300,4.27,D
sz000100,TCL科技,2025-09-23 11:22:03,4.28,269000,4.27,U
sz000100,TCL科技,2025-09-23 11:22:06,4.27,230500,4.28,D
sz000100,TCL科技,2025-09-23 11:22:09,4.27,59110,4.27,D
sz000100,TCL科技,2025-09-23 11:22:12,4.27,606700,4.27,D
sz000100,TCL科技,2025-09-23 11:22:15,4.27,173800,4.27,D
sz000100,TCL科技,2025-09-23 11:22:18,4.27,48800,4.27,D
sz000100,TCL科技,2025-09-23 11:22:21,4.27,83200,4.27,D
sz000100,TCL科技,2025-09-23 11:22:27,4.27,94520,4.27,D
sz000100,TCL科技,2025-09-23 11:22:30,4.27,24200,4.27,D
sz000100,TCL科技,2025-09-23 11:22:48,4.27,67900,4.27,D
sz000100,TCL科技,2025-09-23 11:23:00,4.27,26400,4.27,D
sz000100,TCL科技,2025-09-23 11:23:06,4.27,51600,4.28,D
sz000100,TCL科技,2025-09-23 11:23:12,4.27,183900,4.27,D
sz000100,TCL科技,2025-09-23 11:23:18,4.27,120100,4.27,D
sz000100,TCL科技,2025-09-23 11:23:21,4.27,28000,4.27,D
sz000100,TCL科技,2025-09-23 11:23:24,4.26,3323102,4.27,D
sz000100,TCL科技,2025-09-23 11:23:42,4.26,28400,4.26,D
sz000100,TCL科技,2025-09-23 11:23:54,4.26,29400,4.27,D
sz000100,TCL科技,2025-09-23 11:24:00,4.27,32000,4.27,U
sz000100,TCL科技,2025-09-23 11:24:03,4.27,26100,4.27,U
sz000100,TCL科技,2025-09-23 11:24:09,4.26,23800,4.26,D
sz000100,TCL科技,2025-09-23 11:24:12,4.27,128000,4.26,U
sz000100,TCL科技,2025-09-23 11:24:27,4.26,20800,4.26,D
sz000100,TCL科技,2025-09-23 11:24:33,4.27,55350,4.27,U
sz000100,TCL科技,2025-09-23 11:24:36,4.26,58400,4.27,D
sz000100,TCL科技,2025-09-23 11:24:45,4.27,38100,4.26,U
sz000100,TCL科技,2025-09-23 11:24:54,4.26,39900,4.27,D
sz000100,TCL科技,2025-09-23 11:25:00,4.26,33500,4.26,D
sz000100,TCL科技,2025-09-23 11:25:24,4.26,99100,4.27,D
sz000100,TCL科技,2025-09-23 11:25:30,4.26,72300,4.27,D
sz000100,TCL科技,2025-09-23 11:25:36,4.26,44800,4.27,D
sz000100,TCL科技,2025-09-23 11:25:42,4.26,24610,4.26,D
sz000100,TCL科技,2025-09-23 11:25:48,4.27,35900,4.26,U
sz000100,TCL科技,2025-09-23 11:26:03,4.26,101600,4.26,D
sz000100,TCL科技,2025-09-23 11:26:06,4.27,24800,4.26,U
sz000100,TCL科技,2025-09-23 11:26:24,4.27,70700,4.27,U
sz000100,TCL科技,2025-09-23 11:26:27,4.27,40700,4.27,U
sz000100,TCL科技,2025-09-23 11:26:33,4.27,39000,4.27,U
sz000100,TCL科技,2025-09-23 11:26:48,4.27,91000,4.27,U
sz000100,TCL科技,2025-09-23 11:27:00,4.27,139100,4.27,U
sz000100,TCL科技,2025-09-23 11:27:03,4.26,41100,4.27,D
sz000100,TCL科技,2025-09-23 11:27:06,4.26,23400,4.26,D
sz000100,TCL科技,2025-09-23 11:27:12,4.26,354300,4.27,D
sz000100,TCL科技,2025-09-23 11:27:15,4.27,90600,4.26,U
sz000100,TCL科技,2025-09-23 11:27:24,4.26,25400,4.27,D
sz000100,TCL科技,2025-09-23 11:27:27,4.26,78500,4.26,D
sz000100,TCL科技,2025-09-23 11:27:36,4.26,112100,4.26,D
sz000100,TCL科技,2025-09-23 11:27:39,4.26,36200,4.26,D
sz000100,TCL科技,2025-09-23 11:27:42,4.27,44200,4.26,U
sz000100,TCL科技,2025-09-23 11:27:45,4.27,29200,4.27,U
sz000100,TCL科技,2025-09-23 11:27:51,4.26,25100,4.27,D
sz000100,TCL科技,2025-09-23 11:27:54,4.26,22200,4.26,D
sz000100,TCL科技,2025-09-23 11:27:57,4.27,106700,4.26,U
sz000100,TCL科技,2025-09-23 11:28:03,4.27,85400,4.26,U
sz000100,TCL科技,2025-09-23 11:28:06,4.26,22700,4.27,D
sz000100,TCL科技,2025-09-23 11:28:18,4.27,66700,4.27,U
sz000100,TCL科技,2025-09-23 11:28:21,4.27,86500,4.27,U
sz000100,TCL科技,2025-09-23 11:28:24,4.27,34100,4.27,U
sz000100,TCL科技,2025-09-23 11:28:33,4.27,39500,4.27,U
sz000100,TCL科技,2025-09-23 11:28:36,4.27,45700,4.27,U
sz000100,TCL科技,2025-09-23 11:28:39,4.27,72200,4.27,U
sz000100,TCL科技,2025-09-23 11:28:42,4.26,40000,4.27,D
sz000100,TCL科技,2025-09-23 11:28:45,4.27,81300,4.26,U
sz000100,TCL科技,2025-09-23 11:29:00,4.27,87100,4.27,U
sz000100,TCL科技,2025-09-23 11:29:03,4.26,26500,4.27,D
sz000100,TCL科技,2025-09-23 11:29:21,4.26,45700,4.27,D
sz000100,TCL科技,2025-09-23 11:29:24,4.27,34000,4.26,U
sz000100,TCL科技,2025-09-23 11:29:27,4.26,59500,4.27,D
sz000100,TCL科技,2025-09-23 11:29:33,4.27,50500,4.27,U
sz000100,TCL科技,2025-09-23 11:29:36,4.27,28000,4.27,U
sz000100,TCL科技,2025-09-23 11:29:39,4.27,23900,4.27,U
sz000100,TCL科技,2025-09-23 11:29:42,4.27,34600,4.27,U
sz000100,TCL科技,2025-09-23 11:29:45,4.27,39600,4.27,U
sz000100,TCL科技,2025-09-23 11:29:48,4.27,46800,4.27,U
sz000100,TCL科技,2025-09-23 11:29:51,4.27,44400,4.27,U
sz000100,TCL科技,2025-09-23 11:29:57,4.26,20700,4.27,D
sz000100,TCL科技,2025-09-23 11:30:00,4.26,30300,4.26,D
sz000100,TCL科技,2025-09-23 13:00:00,4.27,208020,4.26,U
sz000100,TCL科技,2025-09-23 13:00:03,4.26,1238020,4.27,D
sz000100,TCL科技,2025-09-23 13:00:06,4.27,366000,4.26,U
sz000100,TCL科技,2025-09-23 13:00:09,4.26,247800,4.27,D
sz000100,TCL科技,2025-09-23 13:00:12,4.25,7052410,4.26,D
sz000100,TCL科技,2025-09-23 13:00:15,4.25,2375300,4.25,D
sz000100,TCL科技,2025-09-23 13:00:18,4.25,587500,4.25,D
sz000100,TCL科技,2025-09-23 13:00:21,4.25,197100,4.25,D
sz000100,TCL科技,2025-09-23 13:00:24,4.25,167100,4.25,D
sz000100,TCL科技,2025-09-23 13:00:27,4.25,1023300,4.25,D
sz000100,TCL科技,2025-09-23 13:00:30,4.25,317000,4.25,D
sz000100,TCL科技,2025-09-23 13:00:33,4.25,249600,4.25,D
sz000100,TCL科技,2025-09-23 13:00:36,4.26,98000,4.25,U
sz000100,TCL科技,2025-09-23 13:00:39,4.25,63600,4.26,D
sz000100,TCL科技,2025-09-23 13:00:42,4.26,374400,4.25,U
sz000100,TCL科技,2025-09-23 13:00:45,4.25,4693300,4.26,D
sz000100,TCL科技,2025-09-23 13:00:48,4.24,677800,4.25,D
sz000100,TCL科技,2025-09-23 13:00:51,4.25,325770,4.24,U
sz000100,TCL科技,2025-09-23 13:00:54,4.24,120500,4.25,D
sz000100,TCL科技,2025-09-23 13:00:57,4.24,63300,4.24,D
sz000100,TCL科技,2025-09-23 13:01:00,4.24,59200,4.24,D
sz000100,TCL科技,2025-09-23 13:01:03,4.24,113500,4.24,D
sz000100,TCL科技,2025-09-23 13:01:06,4.25,112600,4.24,U
sz000100,TCL科技,2025-09-23 13:01:12,4.24,42400,4.24,D
sz000100,TCL科技,2025-09-23 13:01:18,4.25,46600,4.24,U
sz000100,TCL科技,2025-09-23 13:01:21,4.24,21810,4.25,D
sz000100,TCL科技,2025-09-23 13:01:24,4.24,42600,4.24,D
sz000100,TCL科技,2025-09-23 13:01:27,4.25,24100,4.24,U
sz000100,TCL科技,2025-09-23 13:01:36,4.25,25100,4.24,U
sz000100,TCL科技,2025-09-23 13:01:39,4.25,37780,4.25,U
sz000100,TCL科技,2025-09-23 13:01:51,4.25,54800,4.25,U
sz000100,TCL科技,2025-09-23 13:01:54,4.24,51600,4.25,D
sz000100,TCL科技,2025-09-23 13:02:03,4.24,48900,4.24,D
sz000100,TCL科技,2025-09-23 13:02:06,4.25,45200,4.24,U
sz000100,TCL科技,2025-09-23 13:02:09,4.24,100500,4.25,D
sz000100,TCL科技,2025-09-23 13:02:12,4.24,1208800,4.24,D
sz000100,TCL科技,2025-09-23 13:02:15,4.24,1171300,4.24,D
sz000100,TCL科技,2025-09-23 13:02:18,4.24,226640,4.24,D
sz000100,TCL科技,2025-09-23 13:02:21,4.24,181000,4.24,U
sz000100,TCL科技,2025-09-23 13:02:24,4.24,105000,4.24,U
sz000100,TCL科技,2025-09-23 13:02:27,4.24,44400,4.24,U
sz000100,TCL科技,2025-09-23 13:02:30,4.23,66800,4.24,D
sz000100,TCL科技,2025-09-23 13:02:33,4.24,78100,4.23,U
sz000100,TCL科技,2025-09-23 13:02:36,4.23,74600,4.24,D
sz000100,TCL科技,2025-09-23 13:02:39,4.24,40500,4.23,U
sz000100,TCL科技,2025-09-23 13:02:45,4.24,22400,4.24,U
sz000100,TCL科技,2025-09-23 13:02:48,4.23,32400,4.24,D
sz000100,TCL科技,2025-09-23 13:02:51,4.23,998200,4.23,D
sz000100,TCL科技,2025-09-23 13:02:54,4.24,182800,4.23,U
sz000100,TCL科技,2025-09-23 13:02:57,4.24,140100,4.24,U
sz000100,TCL科技,2025-09-23 13:03:00,4.23,189900,4.24,D
sz000100,TCL科技,2025-09-23 13:03:03,4.24,459300,4.23,U
sz000100,TCL科技,2025-09-23 13:03:06,4.24,75800,4.24,U
sz000100,TCL科技,2025-09-23 13:03:09,4.24,60600,4.24,U
sz000100,TCL科技,2025-09-23 13:03:12,4.23,1204600,4.24,D
sz000100,TCL科技,2025-09-23 13:03:15,4.23,131100,4.23,U
sz000100,TCL科技,2025-09-23 13:03:18,4.23,232300,4.23,U
sz000100,TCL科技,2025-09-23 13:03:21,4.23,603000,4.23,U
sz000100,TCL科技,2025-09-23 13:03:24,4.24,47200,4.23,U
sz000100,TCL科技,2025-09-23 13:03:27,4.23,267800,4.24,D
sz000100,TCL科技,2025-09-23 13:03:30,4.23,24300,4.23,D
sz000100,TCL科技,2025-09-23 13:03:33,4.24,72200,4.23,U
sz000100,TCL科技,2025-09-23 13:03:36,4.23,177500,4.24,D
sz000100,TCL科技,2025-09-23 13:03:39,4.23,52400,4.23,D
sz000100,TCL科技,2025-09-23 13:03:42,4.23,167600,4.23,D
sz000100,TCL科技,2025-09-23 13:03:48,4.24,35520,4.24,U
sz000100,TCL科技,2025-09-23 13:03:54,4.24,30500,4.24,U
sz000100,TCL科技,2025-09-23 13:04:00,4.23,30000,4.24,D
sz000100,TCL科技,2025-09-23 13:04:06,4.24,411213,4.23,U
sz000100,TCL科技,2025-09-23 13:04:09,4.24,74500,4.24,U
sz000100,TCL科技,2025-09-23 13:04:12,4.23,51400,4.24,D
sz000100,TCL科技,2025-09-23 13:04:21,4.24,45300,4.24,U
sz000100,TCL科技,2025-09-23 13:04:24,4.24,80000,4.24,U
sz000100,TCL科技,2025-09-23 13:04:27,4.24,23200,4.24,U
sz000100,TCL科技,2025-09-23 13:04:33,4.24,51500,4.23,U
sz000100,TCL科技,2025-09-23 13:04:36,4.23,31500,4.24,D
sz000100,TCL科技,2025-09-23 13:04:48,4.23,84400,4.23,D
sz000100,TCL科技,2025-09-23 13:04:51,4.24,35400,4.23,U
sz000100,TCL科技,2025-09-23 13:04:57,4.23,34200,4.24,D
sz000100,TCL科技,2025-09-23 13:05:12,4.24,325700,4.23,U
sz000100,TCL科技,2025-09-23 13:05:15,4.23,59500,4.24,D
sz000100,TCL科技,2025-09-23 13:05:18,4.23,581900,4.23,D
sz000100,TCL科技,2025-09-23 13:05:21,4.23,265800,4.23,D
sz000100,TCL科技,2025-09-23 13:05:24,4.23,275000,4.23,D
sz000100,TCL科技,2025-09-23 13:05:27,4.23,121200,4.23,D
sz000100,TCL科技,2025-09-23 13:05:30,4.23,118700,4.23,D
sz000100,TCL科技,2025-09-23 13:05:33,4.23,195577,4.23,D
sz000100,TCL科技,2025-09-23 13:05:36,4.23,74300,4.23,U
sz000100,TCL科技,2025-09-23 13:05:39,4.23,63000,4.23,U
sz000100,TCL科技,2025-09-23 13:05:42,4.23,42900,4.23,U
sz000100,TCL科技,2025-09-23 13:05:48,4.23,44400,4.23,U
sz000100,TCL科技,2025-09-23 13:05:51,4.23,74600,4.23,U
sz000100,TCL科技,2025-09-23 13:05:54,4.23,48700,4.23,U
sz000100,TCL科技,2025-09-23 13:05:57,4.23,40200,4.23,U
sz000100,TCL科技,2025-09-23 13:06:00,4.22,229900,4.23,D
sz000100,TCL科技,2025-09-23 13:06:03,4.23,439800,4.22,U
sz000100,TCL科技,2025-09-23 13:06:06,4.23,206200,4.23,U
sz000100,TCL科技,2025-09-23 13:06:09,4.22,46800,4.23,D
sz000100,TCL科技,2025-09-23 13:06:12,4.23,52800,4.22,U
sz000100,TCL科技,2025-09-23 13:06:15,4.23,70100,4.23,U
sz000100,TCL科技,2025-09-23 13:06:18,4.23,92700,4.23,U
sz000100,TCL科技,2025-09-23 13:06:21,4.23,38000,4.23,U
sz000100,TCL科技,2025-09-23 13:06:24,4.23,27600,4.23,U
sz000100,TCL科技,2025-09-23 13:06:27,4.23,47600,4.23,U
sz000100,TCL科技,2025-09-23 13:06:30,4.23,66600,4.23,U
sz000100,TCL科技,2025-09-23 13:06:33,4.23,123200,4.23,U
sz000100,TCL科技,2025-09-23 13:06:36,4.23,50700,4.23,U
sz000100,TCL科技,2025-09-23 13:06:39,4.23,103700,4.23,U
sz000100,TCL科技,2025-09-23 13:06:42,4.22,151000,4.23,D
sz000100,TCL科技,2025-09-23 13:06:45,4.23,77100,4.22,U
sz000100,TCL科技,2025-09-23 13:06:48,4.22,49200,4.23,D
sz000100,TCL科技,2025-09-23 13:06:51,4.22,70100,4.22,D
sz000100,TCL科技,2025-09-23 13:06:54,4.22,85300,4.22,D
sz000100,TCL科技,2025-09-23 13:06:57,4.23,61500,4.22,U
sz000100,TCL科技,2025-09-23 13:07:00,4.23,28600,4.23,U
sz000100,TCL科技,2025-09-23 13:07:03,4.23,63000,4.23,U
sz000100,TCL科技,2025-09-23 13:07:06,4.23,70000,4.23,U
sz000100,TCL科技,2025-09-23 13:07:09,4.22,40900,4.23,D
sz000100,TCL科技,2025-09-23 13:07:12,4.23,386600,4.22,U
sz000100,TCL科技,2025-09-23 13:07:15,4.23,201108,4.23,U
sz000100,TCL科技,2025-09-23 13:07:18,4.23,137830,4.23,U
sz000100,TCL科技,2025-09-23 13:07:21,4.23,99800,4.23,D
sz000100,TCL科技,2025-09-23 13:07:24,4.24,51600,4.23,U
sz000100,TCL科技,2025-09-23 13:07:27,4.24,107100,4.24,U
sz000100,TCL科技,2025-09-23 13:07:33,4.23,80100,4.24,D
sz000100,TCL科技,2025-09-23 13:07:36,4.24,40500,4.23,U
sz000100,TCL科技,2025-09-23 13:07:42,4.23,82600,4.23,D
sz000100,TCL科技,2025-09-23 13:07:45,4.23,25600,4.23,D
sz000100,TCL科技,2025-09-23 13:07:48,4.23,23700,4.23,D
sz000100,TCL科技,2025-09-23 13:07:51,4.24,118600,4.23,U
sz000100,TCL科技,2025-09-23 13:07:54,4.23,64500,4.24,D
sz000100,TCL科技,2025-09-23 13:07:57,4.23,44900,4.23,D
sz000100,TCL科技,2025-09-23 13:08:09,4.24,68400,4.23,U
sz000100,TCL科技,2025-09-23 13:08:12,4.24,74800,4.24,U
sz000100,TCL科技,2025-09-23 13:08:18,4.24,27300,4.24,U
sz000100,TCL科技,2025-09-23 13:08:21,4.23,45430,4.24,D
sz000100,TCL科技,2025-09-23 13:08:24,4.24,34900,4.23,U
sz000100,TCL科技,2025-09-23 13:08:27,4.24,58800,4.24,U
sz000100,TCL科技,2025-09-23 13:08:30,4.24,64400,4.24,U
sz000100,TCL科技,2025-09-23 13:08:33,4.24,32100,4.24,U
sz000100,TCL科技,2025-09-23 13:08:36,4.23,27600,4.24,D
sz000100,TCL科技,2025-09-23 13:08:39,4.24,60600,4.23,U
sz000100,TCL科技,2025-09-23 13:08:42,4.24,1838551,4.24,U
sz000100,TCL科技,2025-09-23 13:08:45,4.24,195500,4.24,D
sz000100,TCL科技,2025-09-23 13:08:48,4.24,185300,4.24,D
sz000100,TCL科技,2025-09-23 13:08:51,4.24,23200,4.24,D
sz000100,TCL科技,2025-09-23 13:08:54,4.25,158400,4.24,U
sz000100,TCL科技,2025-09-23 13:08:57,4.25,119600,4.25,U
sz000100,TCL科技,2025-09-23 13:09:00,4.25,156300,4.25,U
sz000100,TCL科技,2025-09-23 13:09:03,4.25,137100,4.25,U
sz000100,TCL科技,2025-09-23 13:09:06,4.25,50900,4.25,U
sz000100,TCL科技,2025-09-23 13:09:09,4.25,153100,4.25,U
sz000100,TCL科技,2025-09-23 13:09:12,4.25,27200,4.25,U
sz000100,TCL科技,2025-09-23 13:09:15,4.25,118200,4.25,U
sz000100,TCL科技,2025-09-23 13:09:18,4.25,20300,4.25,U
sz000100,TCL科技,2025-09-23 13:09:21,4.24,115700,4.25,D
sz000100,TCL科技,2025-09-23 13:09:24,4.24,295000,4.24,D
sz000100,TCL科技,2025-09-23 13:09:30,4.24,317100,4.24,D
sz000100,TCL科技,2025-09-23 13:09:33,4.24,743200,4.24,D
sz000100,TCL科技,2025-09-23 13:09:36,4.23,98600,4.24,D
sz000100,TCL科技,2025-09-23 13:09:39,4.24,260600,4.23,U
sz000100,TCL科技,2025-09-23 13:09:42,4.23,64700,4.24,D
sz000100,TCL科技,2025-09-23 13:09:48,4.24,41000,4.23,U
sz000100,TCL科技,2025-09-23 13:09:57,4.24,33200,4.24,U
sz000100,TCL科技,2025-09-23 13:10:00,4.24,51600,4.24,U
sz000100,TCL科技,2025-09-23 13:10:03,4.24,45400,4.24,U
sz000100,TCL科技,2025-09-23 13:10:12,4.24,309700,4.24,U
sz000100,TCL科技,2025-09-23 13:10:18,4.23,23800,4.24,D
sz000100,TCL科技,2025-09-23 13:10:21,4.23,80400,4.23,D
sz000100,TCL科技,2025-09-23 13:10:24,4.24,223900,4.23,U
sz000100,TCL科技,2025-09-23 13:10:36,4.24,160900,4.24,U
sz000100,TCL科技,2025-09-23 13:10:39,4.24,115100,4.24,D
sz000100,TCL科技,2025-09-23 13:10:42,4.24,38300,4.24,D
sz000100,TCL科技,2025-09-23 13:10:45,4.24,27800,4.24,D
sz000100,TCL科技,2025-09-23 13:10:48,4.25,59600,4.24,U
sz000100,TCL科技,2025-09-23 13:10:51,4.24,44100,4.25,D
sz000100,TCL科技,2025-09-23 13:10:54,4.24,24200,4.24,U
sz000100,TCL科技,2025-09-23 13:11:03,4.24,162600,4.24,U
sz000100,TCL科技,2025-09-23 13:11:12,4.25,32200,4.24,U
sz000100,TCL科技,2025-09-23 13:11:18,4.25,28200,4.24,U
sz000100,TCL科技,2025-09-23 13:11:24,4.24,60000,4.24,D
sz000100,TCL科技,2025-09-23 13:11:36,4.25,50600,4.25,U
sz000100,TCL科技,2025-09-23 13:11:39,4.24,42400,4.25,D
sz000100,TCL科技,2025-09-23 13:11:48,4.25,48600,4.24,U
sz000100,TCL科技,2025-09-23 13:11:51,4.24,26160,4.25,D
sz000100,TCL科技,2025-09-23 13:11:54,4.25,33800,4.24,U
sz000100,TCL科技,2025-09-23 13:11:57,4.25,29600,4.25,U
sz000100,TCL科技,2025-09-23 13:12:09,4.25,104200,4.25,U
sz000100,TCL科技,2025-09-23 13:12:12,4.25,770030,4.25,U
sz000100,TCL科技,2025-09-23 13:12:15,4.25,23500,4.25,D
sz000100,TCL科技,2025-09-23 13:12:21,4.26,34200,4.25,U
sz000100,TCL科技,2025-09-23 13:12:30,4.26,33800,4.26,U
sz000100,TCL科技,2025-09-23 13:12:36,4.26,55300,4.26,U
sz000100,TCL科技,2025-09-23 13:12:48,4.26,57700,4.26,U
sz000100,TCL科技,2025-09-23 13:12:54,4.26,42500,4.26,U
sz000100,TCL科技,2025-09-23 13:13:00,4.25,39300,4.26,D
sz000100,TCL科技,2025-09-23 13:13:03,4.25,38100,4.25,D
sz000100,TCL科技,2025-09-23 13:13:12,4.25,54700,4.25,D
sz000100,TCL科技,2025-09-23 13:13:30,4.25,27300,4.25,D
sz000100,TCL科技,2025-09-23 13:13:33,4.25,28800,4.25,D
sz000100,TCL科技,2025-09-23 13:13:36,4.25,21500,4.25,D
sz000100,TCL科技,2025-09-23 13:13:42,4.26,23400,4.25,U
sz000100,TCL科技,2025-09-23 13:14:39,4.25,33400,4.25,D
sz000100,TCL科技,2025-09-23 13:14:48,4.26,39100,4.26,U
sz000100,TCL科技,2025-09-23 13:15:03,4.25,58200,4.26,D
sz000100,TCL科技,2025-09-23 13:15:12,4.25,47300,4.26,D
sz000100,TCL科技,2025-09-23 13:15:18,4.25,132400,4.25,D
sz000100,TCL科技,2025-09-23 13:15:21,4.25,76900,4.25,D
sz000100,TCL科技,2025-09-23 13:15:24,4.26,37300,4.25,U
sz000100,TCL科技,2025-09-23 13:15:27,4.25,36900,4.26,D
sz000100,TCL科技,2025-09-23 13:16:00,4.25,60200,4.26,D
sz000100,TCL科技,2025-09-23 13:16:06,4.25,34800,4.25,D
sz000100,TCL科技,2025-09-23 13:16:12,4.25,70200,4.25,D
sz000100,TCL科技,2025-09-23 13:16:15,4.26,72000,4.25,U
sz000100,TCL科技,2025-09-23 13:16:21,4.26,185700,4.26,U
sz000100,TCL科技,2025-09-23 13:16:30,4.26,56100,4.26,U
sz000100,TCL科技,2025-09-23 13:16:36,4.26,100200,4.25,U
sz000100,TCL科技,2025-09-23 13:16:51,4.25,96200,4.26,D
sz000100,TCL科技,2025-09-23 13:16:57,4.25,20300,4.25,D
sz000100,TCL科技,2025-09-23 13:17:09,4.26,24700,4.25,U
sz000100,TCL科技,2025-09-23 13:17:12,4.26,29400,4.26,U
sz000100,TCL科技,2025-09-23 13:17:15,4.26,39000,4.26,U
sz000100,TCL科技,2025-09-23 13:17:27,4.25,31200,4.26,D
sz000100,TCL科技,2025-09-23 13:17:30,4.26,25100,4.25,U
sz000100,TCL科技,2025-09-23 13:17:57,4.26,22000,4.25,U
sz000100,TCL科技,2025-09-23 13:18:27,4.25,311200,4.25,D
sz000100,TCL科技,2025-09-23 13:18:30,4.24,1521710,4.25,D
sz000100,TCL科技,2025-09-23 13:18:33,4.25,116400,4.24,U
sz000100,TCL科技,2025-09-23 13:18:36,4.25,29700,4.25,U
sz000100,TCL科技,2025-09-23 13:18:45,4.25,32700,4.25,U
sz000100,TCL科技,2025-09-23 13:18:48,4.25,308600,4.25,U
sz000100,TCL科技,2025-09-23 13:18:57,4.25,20000,4.25,U
sz000100,TCL科技,2025-09-23 13:19:00,4.25,50100,4.25,U
sz000100,TCL科技,2025-09-23 13:19:18,4.25,20000,4.25,U
sz000100,TCL科技,2025-09-23 13:19:33,4.25,58900,4.25,U
sz000100,TCL科技,2025-09-23 13:19:36,4.25,849800,4.25,U
sz000100,TCL科技,2025-09-23 13:19:39,4.25,250400,4.25,U
sz000100,TCL科技,2025-09-23 13:19:42,4.25,33000,4.25,U
sz000100,TCL科技,2025-09-23 13:19:45,4.25,124600,4.25,U
sz000100,TCL科技,2025-09-23 13:19:54,4.25,100200,4.25,U
sz000100,TCL科技,2025-09-23 13:19:57,4.24,47300,4.25,D
sz000100,TCL科技,2025-09-23 13:20:00,4.25,50300,4.24,U
sz000100,TCL科技,2025-09-23 13:20:03,4.25,60900,4.25,U
sz000100,TCL科技,2025-09-23 13:20:06,4.25,30200,4.25,U
sz000100,TCL科技,2025-09-23 13:20:09,4.25,44400,4.25,U
sz000100,TCL科技,2025-09-23 13:20:12,4.25,28300,4.25,U
sz000100,TCL科技,2025-09-23 13:20:15,4.25,131800,4.25,U
sz000100,TCL科技,2025-09-23 13:20:18,4.25,177403,4.25,U
sz000100,TCL科技,2025-09-23 13:20:21,4.25,54397,4.25,D
sz000100,TCL科技,2025-09-23 13:20:27,4.24,32600,4.25,D
sz000100,TCL科技,2025-09-23 13:20:30,4.24,24900,4.24,D
sz000100,TCL科技,2025-09-23 13:20:33,4.25,43900,4.24,U
sz000100,TCL科技,2025-09-23 13:20:54,4.24,34500,4.25,D
sz000100,TCL科技,2025-09-23 13:21:00,4.25,21400,4.24,U
sz000100,TCL科技,2025-09-23 13:21:06,4.25,146200,4.25,U
sz000100,TCL科技,2025-09-23 13:21:12,4.24,173500,4.25,D
sz000100,TCL科技,2025-09-23 13:21:27,4.25,32200,4.25,U
sz000100,TCL科技,2025-09-23 13:21:30,4.25,28400,4.25,U
sz000100,TCL科技,2025-09-23 13:21:57,4.25,76900,4.25,U
sz000100,TCL科技,2025-09-23 13:22:09,4.25,58000,4.24,U
sz000100,TCL科技,2025-09-23 13:22:12,4.24,22710,4.25,D
sz000100,TCL科技,2025-09-23 13:22:24,4.25,27900,4.25,U
sz000100,TCL科技,2025-09-23 13:22:42,4.24,90800,4.24,D
sz000100,TCL科技,2025-09-23 13:22:48,4.24,41100,4.25,D
sz000100,TCL科技,2025-09-23 13:23:03,4.24,21000,4.24,D
sz000100,TCL科技,2025-09-23 13:23:06,4.25,20600,4.24,U
sz000100,TCL科技,2025-09-23 13:23:15,4.24,28200,4.24,D
sz000100,TCL科技,2025-09-23 13:23:21,4.24,43500,4.24,D
sz000100,TCL科技,2025-09-23 13:23:24,4.25,22800,4.24,U
sz000100,TCL科技,2025-09-23 13:23:33,4.24,30300,4.24,D
sz000100,TCL科技,2025-09-23 13:23:39,4.24,43000,4.24,D
sz000100,TCL科技,2025-09-23 13:23:45,4.24,21500,4.24,D
sz000100,TCL科技,2025-09-23 13:23:57,4.25,40100,4.25,U
sz000100,TCL科技,2025-09-23 13:24:00,4.24,26150,4.25,D
sz000100,TCL科技,2025-09-23 13:24:06,4.24,20300,4.24,D
sz000100,TCL科技,2025-09-23 13:24:09,4.25,23500,4.24,U
sz000100,TCL科技,2025-09-23 13:24:12,4.25,58000,4.25,U
sz000100,TCL科技,2025-09-23 13:24:36,4.24,45100,4.24,D
sz000100,TCL科技,2025-09-23 13:24:39,4.25,28400,4.24,U
sz000100,TCL科技,2025-09-23 13:24:54,4.24,93300,4.25,D
sz000100,TCL科技,2025-09-23 13:24:57,4.25,69700,4.24,U
sz000100,TCL科技,2025-09-23 13:25:00,4.24,38000,4.25,D
sz000100,TCL科技,2025-09-23 13:25:09,4.25,2188093,4.25,U
sz000100,TCL科技,2025-09-23 13:25:12,4.25,204900,4.25,D
sz000100,TCL科技,2025-09-23 13:25:15,4.25,171107,4.25,D
sz000100,TCL科技,2025-09-23 13:25:18,4.25,50093,4.25,U
sz000100,TCL科技,2025-09-23 13:25:21,4.25,45607,4.25,D
sz000100,TCL科技,2025-09-23 13:25:24,4.24,92400,4.25,D
sz000100,TCL科技,2025-09-23 13:25:27,4.25,95600,4.24,U
sz000100,TCL科技,2025-09-23 13:25:33,4.25,33900,4.24,U
sz000100,TCL科技,2025-09-23 13:25:36,4.25,36100,4.25,U
sz000100,TCL科技,2025-09-23 13:25:39,4.25,29493,4.25,U
sz000100,TCL科技,2025-09-23 13:25:42,4.25,33407,4.25,D
sz000100,TCL科技,2025-09-23 13:25:48,4.25,25800,4.26,D
sz000100,TCL科技,2025-09-23 13:25:51,4.25,33400,4.25,D
sz000100,TCL科技,2025-09-23 13:25:54,4.25,48000,4.25,D
sz000100,TCL科技,2025-09-23 13:26:00,4.25,122900,4.25,D
sz000100,TCL科技,2025-09-23 13:26:03,4.25,23300,4.25,D
sz000100,TCL科技,2025-09-23 13:26:06,4.25,44400,4.25,D
sz000100,TCL科技,2025-09-23 13:26:09,4.25,47700,4.25,D
sz000100,TCL科技,2025-09-23 13:26:12,4.25,52800,4.25,D
sz000100,TCL科技,2025-09-23 13:26:18,4.25,35500,4.25,D
sz000100,TCL科技,2025-09-23 13:26:21,4.26,41200,4.25,U
sz000100,TCL科技,2025-09-23 13:26:39,4.25,39900,4.25,D
sz000100,TCL科技,2025-09-23 13:26:45,4.25,73900,4.25,D
sz000100,TCL科技,2025-09-23 13:26:48,4.25,51500,4.25,D
sz000100,TCL科技,2025-09-23 13:26:51,4.26,20500,4.25,U
sz000100,TCL科技,2025-09-23 13:26:54,4.25,49300,4.26,D
sz000100,TCL科技,2025-09-23 13:26:57,4.25,47800,4.25,U
sz000100,TCL科技,2025-09-23 13:27:06,4.25,166000,4.25,U
sz000100,TCL科技,2025-09-23 13:27:12,4.25,43200,4.26,D
sz000100,TCL科技,2025-09-23 13:27:57,4.25,40400,4.26,D
sz000100,TCL科技,2025-09-23 13:28:06,4.25,41400,4.25,D
sz000100,TCL科技,2025-09-23 13:28:27,4.26,42900,4.26,U
sz000100,TCL科技,2025-09-23 13:28:30,4.26,63000,4.26,U
sz000100,TCL科技,2025-09-23 13:28:39,4.26,53700,4.26,U
sz000100,TCL科技,2025-09-23 13:28:42,4.26,30500,4.26,U
sz000100,TCL科技,2025-09-23 13:29:00,4.26,39300,4.25,U
sz000100,TCL科技,2025-09-23 13:29:03,4.25,38200,4.26,D
sz000100,TCL科技,2025-09-23 13:29:06,4.25,37100,4.25,D
sz000100,TCL科技,2025-09-23 13:29:15,4.26,22600,4.26,U
sz000100,TCL科技,2025-09-23 13:29:21,4.25,21200,4.26,D
sz000100,TCL科技,2025-09-23 13:29:33,4.25,25000,4.26,D
sz000100,TCL科技,2025-09-23 13:29:42,4.25,34800,4.26,D
sz000100,TCL科技,2025-09-23 13:29:57,4.25,22500,4.26,D
sz000100,TCL科技,2025-09-23 13:30:03,4.26,66200,4.26,U
sz000100,TCL科技,2025-09-23 13:30:06,4.25,73700,4.26,D
sz000100,TCL科技,2025-09-23 13:30:21,4.25,36090,4.26,D
sz000100,TCL科技,2025-09-23 13:30:24,4.25,45700,4.25,D
sz000100,TCL科技,2025-09-23 13:30:27,4.25,24300,4.25,D
sz000100,TCL科技,2025-09-23 13:30:39,4.26,20300,4.26,U
sz000100,TCL科技,2025-09-23 13:30:48,4.26,33400,4.25,U
sz000100,TCL科技,2025-09-23 13:30:54,4.26,25200,4.26,U
sz000100,TCL科技,2025-09-23 13:31:12,4.26,65400,4.26,U
sz000100,TCL科技,2025-09-23 13:31:15,4.26,32800,4.26,U
sz000100,TCL科技,2025-09-23 13:31:24,4.26,23600,4.26,U
sz000100,TCL科技,2025-09-23 13:31:30,4.25,33000,4.25,D
sz000100,TCL科技,2025-09-23 13:31:36,4.26,40000,4.26,U
sz000100,TCL科技,2025-09-23 13:31:39,4.25,248800,4.26,D
sz000100,TCL科技,2025-09-23 13:31:45,4.26,31900,4.25,U
sz000100,TCL科技,2025-09-23 13:31:48,4.26,46900,4.26,U
sz000100,TCL科技,2025-09-23 13:32:00,4.26,244500,4.26,U
sz000100,TCL科技,2025-09-23 13:32:03,4.25,507900,4.26,D
sz000100,TCL科技,2025-09-23 13:32:06,4.25,90000,4.25,D
sz000100,TCL科技,2025-09-23 13:32:12,4.25,143000,4.26,D
sz000100,TCL科技,2025-09-23 13:32:18,4.26,34600,4.26,U
sz000100,TCL科技,2025-09-23 13:32:24,4.26,49800,4.26,U
sz000100,TCL科技,2025-09-23 13:32:27,4.25,31300,4.26,D
sz000100,TCL科技,2025-09-23 13:32:30,4.26,93100,4.25,U
sz000100,TCL科技,2025-09-23 13:32:42,4.26,21000,4.26,U
sz000100,TCL科技,2025-09-23 13:32:54,4.26,21000,4.26,U
sz000100,TCL科技,2025-09-23 13:32:57,4.25,134500,4.26,D
sz000100,TCL科技,2025-09-23 13:33:00,4.25,35600,4.25,D
sz000100,TCL科技,2025-09-23 13:33:06,4.25,500000,4.25,D
sz000100,TCL科技,2025-09-23 13:33:09,4.25,711200,4.25,D
sz000100,TCL科技,2025-09-23 13:33:12,4.25,816120,4.25,D
sz000100,TCL科技,2025-09-23 13:33:18,4.25,32100,4.25,U
sz000100,TCL科技,2025-09-23 13:33:33,4.25,32500,4.25,U
sz000100,TCL科技,2025-09-23 13:33:39,4.25,62800,4.25,U
sz000100,TCL科技,2025-09-23 13:33:45,4.25,33600,4.25,U
sz000100,TCL科技,2025-09-23 13:33:48,4.25,1060080,4.25,U
sz000100,TCL科技,2025-09-23 13:33:54,4.25,74800,4.25,D
sz000100,TCL科技,2025-09-23 13:33:57,4.25,23000,4.25,D
sz000100,TCL科技,2025-09-23 13:34:00,4.25,111600,4.25,D
sz000100,TCL科技,2025-09-23 13:34:03,4.25,20900,4.25,U
sz000100,TCL科技,2025-09-23 13:34:06,4.25,25600,4.25,U
sz000100,TCL科技,2025-09-23 13:34:18,4.25,52700,4.24,U
sz000100,TCL科技,2025-09-23 13:34:24,4.24,46200,4.25,D
sz000100,TCL科技,2025-09-23 13:34:27,4.25,20900,4.24,U
sz000100,TCL科技,2025-09-23 13:34:33,4.24,24900,4.25,D
sz000100,TCL科技,2025-09-23 13:34:42,4.24,32500,4.24,D
sz000100,TCL科技,2025-09-23 13:34:45,4.25,102600,4.24,U
sz000100,TCL科技,2025-09-23 13:35:03,4.24,25300,4.24,D
sz000100,TCL科技,2025-09-23 13:35:06,4.25,203400,4.24,U
sz000100,TCL科技,2025-09-23 13:35:09,4.24,22500,4.25,D
sz000100,TCL科技,2025-09-23 13:36:00,4.25,370000,4.25,U
sz000100,TCL科技,2025-09-23 13:36:12,4.24,78700,4.24,D
sz000100,TCL科技,2025-09-23 13:36:18,4.24,52200,4.25,D
sz000100,TCL科技,2025-09-23 13:36:24,4.24,27000,4.24,D
sz000100,TCL科技,2025-09-23 13:36:39,4.24,547800,4.25,D
sz000100,TCL科技,2025-09-23 13:36:51,4.24,22300,4.25,D
sz000100,TCL科技,2025-09-23 13:37:03,4.24,38800,4.24,D
sz000100,TCL科技,2025-09-23 13:37:09,4.24,25500,4.24,D
sz000100,TCL科技,2025-09-23 13:37:21,4.25,25000,4.25,U
sz000100,TCL科技,2025-09-23 13:37:33,4.25,20800,4.24,U
sz000100,TCL科技,2025-09-23 13:37:54,4.24,79100,4.25,D
sz000100,TCL科技,2025-09-23 13:38:06,4.24,42000,4.24,D
sz000100,TCL科技,2025-09-23 13:38:18,4.25,29500,4.25,U
sz000100,TCL科技,2025-09-23 13:38:42,4.25,20700,4.25,U
sz000100,TCL科技,2025-09-23 13:38:45,4.25,94000,4.25,U
sz000100,TCL科技,2025-09-23 13:38:48,4.25,40100,4.25,U
sz000100,TCL科技,2025-09-23 13:39:00,4.25,33700,4.25,U
sz000100,TCL科技,2025-09-23 13:39:15,4.25,34400,4.25,U
sz000100,TCL科技,2025-09-23 13:39:39,4.25,22400,4.24,U
sz000100,TCL科技,2025-09-23 13:39:51,4.25,27300,4.24,U
sz000100,TCL科技,2025-09-23 13:39:57,4.25,64900,4.24,U
sz000100,TCL科技,2025-09-23 13:40:00,4.24,25800,4.25,D
sz000100,TCL科技,2025-09-23 13:40:12,4.24,44600,4.25,D
sz000100,TCL科技,2025-09-23 13:40:15,4.25,34900,4.24,U
sz000100,TCL科技,2025-09-23 13:40:21,4.24,174000,4.24,D
sz000100,TCL科技,2025-09-23 13:40:24,4.24,103000,4.24,D
sz000100,TCL科技,2025-09-23 13:40:27,4.25,79900,4.24,U
sz000100,TCL科技,2025-09-23 13:40:30,4.24,72400,4.25,D
sz000100,TCL科技,2025-09-23 13:40:33,4.24,91600,4.24,D
sz000100,TCL科技,2025-09-23 13:40:36,4.24,47500,4.24,D
