symbol,name,ticktime,price,volume,prev_price,kind
sz300179,四方达,2025-10-16 09:25:00,12.17,1086179,0.0,D
sz300179,四方达,2025-10-16 09:30:00,12.18,761792,12.17,U
sz300179,四方达,2025-10-16 09:30:03,12.18,318578,12.18,D
sz300179,四方达,2025-10-16 09:30:06,12.19,112700,12.18,U
sz300179,四方达,2025-10-16 09:30:09,12.19,265000,12.19,D
sz300179,四方达,2025-10-16 09:30:12,12.19,55000,12.19,D
sz300179,四方达,2025-10-16 09:30:15,12.19,195200,12.19,U
sz300179,四方达,2025-10-16 09:30:18,12.19,253200,12.19,D
sz300179,四方达,2025-10-16 09:30:21,12.25,67000,12.19,U
sz300179,四方达,2025-10-16 09:30:24,12.18,65000,12.25,D
sz300179,四方达,2025-10-16 09:30:27,12.17,143800,12.18,D
sz300179,四方达,2025-10-16 09:30:30,12.13,306630,12.17,D
sz300179,四方达,2025-10-16 09:30:33,12.12,205800,12.13,D
sz300179,四方达,2025-10-16 09:30:36,12.08,292500,12.12,D
sz300179,四方达,2025-10-16 09:30:39,12.12,328600,12.08,U
sz300179,四方达,2025-10-16 09:30:42,12.12,394100,12.12,U
sz300179,四方达,2025-10-16 09:30:45,12.1,352700,12.12,D
sz300179,四方达,2025-10-16 09:30:48,12.12,142400,12.1,U
sz300179,四方达,2025-10-16 09:30:51,12.07,148000,12.12,D
sz300179,四方达,2025-10-16 09:30:54,12.06,376900,12.07,D
sz300179,四方达,2025-10-16 09:30:57,12.06,276802,12.06,D
sz300179,四方达,2025-10-16 09:31:00,12.1,186500,12.06,D
sz300179,四方达,2025-10-16 09:31:03,12.09,179900,12.1,D
sz300179,四方达,2025-10-16 09:31:06,12.1,140900,12.09,E
sz300179,四方达,2025-10-16 09:31:09,12.15,401000,12.1,U
sz300179,四方达,2025-10-16 09:31:12,12.26,133600,12.15,U
sz300179,四方达,2025-10-16 09:31:15,12.24,40400,12.26,E
sz300179,四方达,2025-10-16 09:31:18,12.27,67700,12.24,U
sz300179,四方达,2025-10-16 09:31:21,12.24,58400,12.27,D
sz300179,四方达,2025-10-16 09:31:24,12.24,82200,12.24,U
sz300179,四方达,2025-10-16 09:31:27,12.19,49200,12.24,E
sz300179,四方达,2025-10-16 09:31:30,12.2,54400,12.19,U
sz300179,四方达,2025-10-16 09:31:33,12.21,56100,12.2,U
sz300179,四方达,2025-10-16 09:31:36,12.18,30300,12.21,D
sz300179,四方达,2025-10-16 09:31:39,12.17,33500,12.18,D
sz300179,四方达,2025-10-16 09:31:42,12.18,46300,12.17,E
sz300179,四方达,2025-10-16 09:31:45,12.15,31900,12.18,D
sz300179,四方达,2025-10-16 09:31:48,12.15,42800,12.15,D
sz300179,四方达,2025-10-16 09:31:51,12.18,548100,12.15,U
sz300179,四方达,2025-10-16 09:31:54,12.18,86300,12.18,D
sz300179,四方达,2025-10-16 09:31:57,12.27,77800,12.18,U
sz300179,四方达,2025-10-16 09:32:00,12.27,87000,12.27,D
sz300179,四方达,2025-10-16 09:32:03,12.28,102300,12.27,E
sz300179,四方达,2025-10-16 09:32:06,12.3,35500,12.28,E
sz300179,四方达,2025-10-16 09:32:09,12.33,49500,12.3,U
sz300179,四方达,2025-10-16 09:32:12,12.37,25300,12.33,U
sz300179,四方达,2025-10-16 09:32:15,12.37,18600,12.37,D
sz300179,四方达,2025-10-16 09:32:18,12.36,24400,12.37,E
sz300179,四方达,2025-10-16 09:32:24,12.32,70700,12.33,D
sz300179,四方达,2025-10-16 09:32:27,12.32,21900,12.32,U
sz300179,四方达,2025-10-16 09:32:30,12.31,57800,12.32,D
sz300179,四方达,2025-10-16 09:32:33,12.31,34500,12.31,D
sz300179,四方达,2025-10-16 09:32:36,12.32,89700,12.31,U
sz300179,四方达,2025-10-16 09:32:39,12.3,34200,12.32,D
sz300179,四方达,2025-10-16 09:32:42,12.33,33500,12.3,U
sz300179,四方达,2025-10-16 09:32:48,12.32,31900,12.31,E
sz300179,四方达,2025-10-16 09:32:54,12.32,32400,12.34,D
sz300179,四方达,2025-10-16 09:32:57,12.35,44500,12.32,U
sz300179,四方达,2025-10-16 09:33:00,12.37,21800,12.35,U
sz300179,四方达,2025-10-16 09:33:03,12.37,21041,12.37,U
sz300179,四方达,2025-10-16 09:33:06,12.37,19600,12.37,U
sz300179,四方达,2025-10-16 09:33:09,12.39,39200,12.37,U
sz300179,四方达,2025-10-16 09:33:15,12.39,29700,12.39,D
sz300179,四方达,2025-10-16 09:33:18,12.39,19300,12.39,D
sz300179,四方达,2025-10-16 09:33:21,12.43,21700,12.39,U
sz300179,四方达,2025-10-16 09:33:24,12.42,90100,12.43,U
sz300179,四方达,2025-10-16 09:33:27,12.43,75100,12.42,U
sz300179,四方达,2025-10-16 09:33:30,12.39,19300,12.43,D
sz300179,四方达,2025-10-16 09:33:33,12.38,17600,12.39,D
sz300179,四方达,2025-10-16 09:33:36,12.38,40100,12.38,D
sz300179,四方达,2025-10-16 09:33:39,12.45,180600,12.38,U
sz300179,四方达,2025-10-16 09:33:42,12.42,46500,12.45,U
sz300179,四方达,2025-10-16 09:33:48,12.45,54900,12.43,U
sz300179,四方达,2025-10-16 09:33:57,12.44,20200,12.44,U
sz300179,四方达,2025-10-16 09:34:00,12.4,134800,12.44,D
sz300179,四方达,2025-10-16 09:34:03,12.39,27200,12.4,D
sz300179,四方达,2025-10-16 09:34:06,12.34,89200,12.39,D
sz300179,四方达,2025-10-16 09:34:12,12.33,62200,12.32,D
sz300179,四方达,2025-10-16 09:34:15,12.29,57000,12.33,D
sz300179,四方达,2025-10-16 09:34:21,12.24,22400,12.29,D
sz300179,四方达,2025-10-16 09:34:24,12.24,19500,12.24,D
sz300179,四方达,2025-10-16 09:34:27,12.29,101300,12.24,U
sz300179,四方达,2025-10-16 09:34:30,12.25,22900,12.29,D
sz300179,四方达,2025-10-16 09:34:33,12.25,16500,12.25,D
sz300179,四方达,2025-10-16 09:34:36,12.29,35000,12.25,U
sz300179,四方达,2025-10-16 09:34:39,12.29,47400,12.29,U
sz300179,四方达,2025-10-16 09:34:42,12.26,49200,12.29,D
sz300179,四方达,2025-10-16 09:34:48,12.26,43300,12.26,U
sz300179,四方达,2025-10-16 09:34:51,12.25,46100,12.26,D
sz300179,四方达,2025-10-16 09:34:54,12.25,57300,12.25,U
sz300179,四方达,2025-10-16 09:34:57,12.23,16400,12.25,D
sz300179,四方达,2025-10-16 09:35:00,12.23,29000,12.23,U
sz300179,四方达,2025-10-16 09:35:03,12.22,48500,12.23,D
sz300179,四方达,2025-10-16 09:35:06,12.21,36500,12.22,D
sz300179,四方达,2025-10-16 09:35:09,12.22,73900,12.21,U
sz300179,四方达,2025-10-16 09:35:12,12.22,44700,12.22,D
sz300179,四方达,2025-10-16 09:35:15,12.29,65500,12.22,U
sz300179,四方达,2025-10-16 09:35:18,12.25,81800,12.29,D
sz300179,四方达,2025-10-16 09:35:21,12.28,78300,12.25,E
sz300179,四方达,2025-10-16 09:35:27,12.27,161300,12.25,E
sz300179,四方达,2025-10-16 09:35:30,12.28,37300,12.27,U
sz300179,四方达,2025-10-16 09:35:33,12.24,75100,12.28,E
sz300179,四方达,2025-10-16 09:35:36,12.26,38500,12.24,U
sz300179,四方达,2025-10-16 09:35:39,12.25,17100,12.26,E
sz300179,四方达,2025-10-16 09:35:42,12.24,104100,12.25,D
sz300179,四方达,2025-10-16 09:35:45,12.2,171300,12.24,D
sz300179,四方达,2025-10-16 09:35:48,12.19,104900,12.2,D
sz300179,四方达,2025-10-16 09:35:51,12.23,68200,12.19,U
sz300179,四方达,2025-10-16 09:35:54,12.21,20500,12.23,E
sz300179,四方达,2025-10-16 09:35:57,12.19,50300,12.21,D
sz300179,四方达,2025-10-16 09:36:00,12.19,37000,12.19,U
sz300179,四方达,2025-10-16 09:36:03,12.18,68800,12.19,D
sz300179,四方达,2025-10-16 09:36:06,12.2,42059,12.18,U
sz300179,四方达,2025-10-16 09:36:09,12.18,37700,12.2,D
sz300179,四方达,2025-10-16 09:36:12,12.19,29800,12.18,D
sz300179,四方达,2025-10-16 09:36:15,12.2,133500,12.19,U
sz300179,四方达,2025-10-16 09:36:18,12.17,71900,12.2,D
sz300179,四方达,2025-10-16 09:36:21,12.17,41300,12.17,D
sz300179,四方达,2025-10-16 09:36:24,12.18,119500,12.17,U
sz300179,四方达,2025-10-16 09:36:27,12.2,117100,12.18,U
sz300179,四方达,2025-10-16 09:36:30,12.24,20500,12.2,U
sz300179,四方达,2025-10-16 09:36:36,12.26,20100,12.25,U
sz300179,四方达,2025-10-16 09:36:39,12.26,16700,12.26,D
sz300179,四方达,2025-10-16 09:36:48,12.3,24800,12.28,U
sz300179,四方达,2025-10-16 09:36:54,12.27,18600,12.3,D
sz300179,四方达,2025-10-16 09:36:57,12.3,35000,12.27,U
sz300179,四方达,2025-10-16 09:37:03,12.28,27000,12.27,E
sz300179,四方达,2025-10-16 09:37:06,12.26,18800,12.28,D
sz300179,四方达,2025-10-16 09:37:09,12.29,40700,12.26,U
sz300179,四方达,2025-10-16 09:37:15,12.25,23200,12.26,D
sz300179,四方达,2025-10-16 09:37:18,12.27,301200,12.25,U
sz300179,四方达,2025-10-16 09:37:21,12.29,68300,12.27,E
sz300179,四方达,2025-10-16 09:37:24,12.29,20200,12.29,D
sz300179,四方达,2025-10-16 09:37:27,12.3,20000,12.29,U
sz300179,四方达,2025-10-16 09:37:30,12.3,23600,12.3,D
sz300179,四方达,2025-10-16 09:37:39,12.3,18500,12.34,D
sz300179,四方达,2025-10-16 09:37:48,12.27,32400,12.29,D
sz300179,四方达,2025-10-16 09:37:54,12.27,32900,12.27,D
sz300179,四方达,2025-10-16 09:37:57,12.27,17500,12.27,U
sz300179,四方达,2025-10-16 09:38:00,12.33,97400,12.27,U
sz300179,四方达,2025-10-16 09:38:03,12.36,44500,12.33,U
sz300179,四方达,2025-10-16 09:38:12,12.39,100800,12.39,U
sz300179,四方达,2025-10-16 09:38:15,12.39,115900,12.39,D
sz300179,四方达,2025-10-16 09:38:21,12.39,26900,12.39,U
sz300179,四方达,2025-10-16 09:38:30,12.39,80400,12.39,D
sz300179,四方达,2025-10-16 09:38:33,12.39,48300,12.39,U
sz300179,四方达,2025-10-16 09:38:36,12.37,20200,12.39,D
sz300179,四方达,2025-10-16 09:38:39,12.37,40000,12.37,U
sz300179,四方达,2025-10-16 09:38:42,12.29,26100,12.37,D
sz300179,四方达,2025-10-16 09:38:54,12.3,35400,12.35,D
sz300179,四方达,2025-10-16 09:38:57,12.31,19600,12.3,D
sz300179,四方达,2025-10-16 09:39:03,12.32,24200,12.35,D
sz300179,四方达,2025-10-16 09:39:12,12.35,30500,12.35,D
sz300179,四方达,2025-10-16 09:39:21,12.34,40500,12.34,U
sz300179,四方达,2025-10-16 09:39:27,12.36,32300,12.35,U
sz300179,四方达,2025-10-16 09:39:30,12.33,152700,12.36,D
sz300179,四方达,2025-10-16 09:39:33,12.32,48000,12.33,D
sz300179,四方达,2025-10-16 09:39:45,12.29,57100,12.33,D
sz300179,四方达,2025-10-16 09:39:48,12.3,25300,12.29,U
sz300179,四方达,2025-10-16 09:39:51,12.27,36400,12.3,D
sz300179,四方达,2025-10-16 09:39:54,12.28,16300,12.27,U
sz300179,四方达,2025-10-16 09:39:57,12.27,70600,12.28,D
sz300179,四方达,2025-10-16 09:40:00,12.26,29700,12.27,D
sz300179,四方达,2025-10-16 09:40:03,12.26,30600,12.26,D
sz300179,四方达,2025-10-16 09:40:06,12.26,39300,12.26,D
sz300179,四方达,2025-10-16 09:40:15,12.25,46200,12.25,D
sz300179,四方达,2025-10-16 09:40:18,12.25,96400,12.25,U
sz300179,四方达,2025-10-16 09:40:21,12.23,20100,12.25,U
sz300179,四方达,2025-10-16 09:40:27,12.2,107700,12.2,D
sz300179,四方达,2025-10-16 09:40:30,12.18,19800,12.2,D
sz300179,四方达,2025-10-16 09:40:33,12.23,137300,12.18,U
sz300179,四方达,2025-10-16 09:40:36,12.23,63000,12.23,D
sz300179,四方达,2025-10-16 09:40:39,12.23,33100,12.23,D
sz300179,四方达,2025-10-16 09:40:42,12.22,111000,12.23,D
sz300179,四方达,2025-10-16 09:40:45,12.25,166975,12.22,E
sz300179,四方达,2025-10-16 09:40:48,12.25,50000,12.25,D
sz300179,四方达,2025-10-16 09:40:51,12.24,68200,12.25,D
sz300179,四方达,2025-10-16 09:40:57,12.25,22400,12.28,U
sz300179,四方达,2025-10-16 09:41:00,12.25,18200,12.25,D
sz300179,四方达,2025-10-16 09:41:03,12.25,40700,12.25,D
sz300179,四方达,2025-10-16 09:41:09,12.26,21500,12.25,E
sz300179,四方达,2025-10-16 09:41:30,12.29,22900,12.27,E
sz300179,四方达,2025-10-16 09:41:39,12.26,41000,12.3,D
sz300179,四方达,2025-10-16 09:41:42,12.27,18800,12.26,U
sz300179,四方达,2025-10-16 09:41:45,12.26,50900,12.27,D
sz300179,四方达,2025-10-16 09:41:48,12.27,28200,12.26,U
sz300179,四方达,2025-10-16 09:42:00,12.3,17800,12.28,U
sz300179,四方达,2025-10-16 09:42:09,12.3,39200,12.29,U
sz300179,四方达,2025-10-16 09:42:18,12.28,41300,12.29,D
sz300179,四方达,2025-10-16 09:42:21,12.3,32000,12.28,U
sz300179,四方达,2025-10-16 09:42:24,12.3,20800,12.3,U
sz300179,四方达,2025-10-16 09:42:42,12.27,28200,12.28,D
sz300179,四方达,2025-10-16 09:42:45,12.28,26400,12.27,U
sz300179,四方达,2025-10-16 09:43:03,12.34,32900,12.3,U
sz300179,四方达,2025-10-16 09:43:12,12.38,69800,12.38,U
sz300179,四方达,2025-10-16 09:43:18,12.42,175600,12.38,U
sz300179,四方达,2025-10-16 09:43:21,12.39,138441,12.42,E
sz300179,四方达,2025-10-16 09:43:24,12.43,39700,12.39,U
sz300179,四方达,2025-10-16 09:43:27,12.44,20900,12.43,E
sz300179,四方达,2025-10-16 09:43:30,12.43,19500,12.44,D
sz300179,四方达,2025-10-16 09:43:33,12.44,51600,12.43,U
sz300179,四方达,2025-10-16 09:43:42,12.43,19800,12.44,D
sz300179,四方达,2025-10-16 09:43:45,12.44,45200,12.43,U
sz300179,四方达,2025-10-16 09:43:48,12.43,18700,12.44,U
sz300179,四方达,2025-10-16 09:43:57,12.4,29000,12.4,U
sz300179,四方达,2025-10-16 09:44:00,12.39,41700,12.4,U
sz300179,四方达,2025-10-16 09:44:15,12.37,28100,12.34,U
sz300179,四方达,2025-10-16 09:44:30,12.34,21100,12.34,D
sz300179,四方达,2025-10-16 09:44:33,12.36,32800,12.34,U
sz300179,四方达,2025-10-16 09:44:36,12.32,38200,12.36,D
sz300179,四方达,2025-10-16 09:44:39,12.34,88500,12.32,U
sz300179,四方达,2025-10-16 09:45:06,12.29,25800,12.3,D
sz300179,四方达,2025-10-16 09:45:09,12.3,22800,12.29,U
sz300179,四方达,2025-10-16 09:45:12,12.3,28400,12.3,D
sz300179,四方达,2025-10-16 09:45:18,12.29,64500,12.31,D
sz300179,四方达,2025-10-16 09:45:21,12.29,23900,12.29,U
sz300179,四方达,2025-10-16 09:45:36,12.29,39400,12.29,D
sz300179,四方达,2025-10-16 09:45:42,12.29,16500,12.29,U
sz300179,四方达,2025-10-16 09:45:45,12.3,24700,12.29,U
sz300179,四方达,2025-10-16 09:45:48,12.31,47300,12.3,U
sz300179,四方达,2025-10-16 09:46:18,12.37,26700,12.37,U
sz300179,四方达,2025-10-16 09:46:27,12.39,17800,12.4,D
sz300179,四方达,2025-10-16 09:46:30,12.42,31200,12.39,U
sz300179,四方达,2025-10-16 09:46:36,12.43,30900,12.43,U
sz300179,四方达,2025-10-16 09:46:42,12.44,119300,12.44,D
sz300179,四方达,2025-10-16 09:46:45,12.45,22700,12.44,U
sz300179,四方达,2025-10-16 09:46:51,12.45,53400,12.45,U
sz300179,四方达,2025-10-16 09:46:54,12.45,30300,12.45,U
sz300179,四方达,2025-10-16 09:46:57,12.45,17700,12.45,U
sz300179,四方达,2025-10-16 09:47:00,12.44,62300,12.45,U
sz300179,四方达,2025-10-16 09:47:03,12.44,25900,12.44,U
sz300179,四方达,2025-10-16 09:47:06,12.44,127400,12.44,U
sz300179,四方达,2025-10-16 09:47:09,12.39,101300,12.44,D
sz300179,四方达,2025-10-16 09:47:12,12.38,16800,12.39,E
sz300179,四方达,2025-10-16 09:47:18,12.39,28100,12.38,U
sz300179,四方达,2025-10-16 09:47:24,12.38,18100,12.38,U
sz300179,四方达,2025-10-16 09:47:27,12.36,56400,12.38,D
sz300179,四方达,2025-10-16 09:47:30,12.36,58500,12.36,U
sz300179,四方达,2025-10-16 09:47:33,12.36,25000,12.36,U
sz300179,四方达,2025-10-16 09:47:36,12.35,28600,12.36,D
sz300179,四方达,2025-10-16 09:47:42,12.35,18900,12.34,U
sz300179,四方达,2025-10-16 09:47:48,12.35,67400,12.36,D
sz300179,四方达,2025-10-16 09:47:51,12.36,16800,12.35,U
sz300179,四方达,2025-10-16 09:47:54,12.33,43000,12.36,D
sz300179,四方达,2025-10-16 09:47:57,12.35,111000,12.33,U
sz300179,四方达,2025-10-16 09:48:00,12.33,34700,12.35,D
sz300179,四方达,2025-10-16 09:48:03,12.32,25900,12.33,D
sz300179,四方达,2025-10-16 09:48:06,12.32,34100,12.32,D
sz300179,四方达,2025-10-16 09:48:09,12.3,46100,12.32,D
sz300179,四方达,2025-10-16 09:48:12,12.32,45900,12.3,U
sz300179,四方达,2025-10-16 09:48:21,12.31,26600,12.32,D
sz300179,四方达,2025-10-16 09:48:24,12.3,104000,12.31,D
sz300179,四方达,2025-10-16 09:48:27,12.3,25600,12.3,U
sz300179,四方达,2025-10-16 09:48:30,12.3,19700,12.3,D
sz300179,四方达,2025-10-16 09:48:45,12.31,19000,12.33,D
sz300179,四方达,2025-10-16 09:48:54,12.33,25900,12.32,E
sz300179,四方达,2025-10-16 09:48:57,12.33,20100,12.33,D
sz300179,四方达,2025-10-16 09:49:06,12.34,28200,12.33,U
sz300179,四方达,2025-10-16 09:49:09,12.33,21100,12.34,D
sz300179,四方达,2025-10-16 09:49:12,12.35,63200,12.33,U
sz300179,四方达,2025-10-16 09:49:24,12.35,22000,12.34,U
sz300179,四方达,2025-10-16 09:49:33,12.35,26100,12.36,D
sz300179,四方达,2025-10-16 09:49:42,12.37,20500,12.36,U
sz300179,四方达,2025-10-16 09:49:45,12.36,37000,12.37,D
sz300179,四方达,2025-10-16 09:49:54,12.35,112400,12.36,D
sz300179,四方达,2025-10-16 09:49:57,12.35,45400,12.35,D
sz300179,四方达,2025-10-16 09:50:00,12.36,26900,12.35,U
sz300179,四方达,2025-10-16 09:50:12,12.37,17800,12.36,U
sz300179,四方达,2025-10-16 09:50:15,12.37,23600,12.37,U
sz300179,四方达,2025-10-16 09:50:30,12.39,24700,12.38,U
sz300179,四方达,2025-10-16 09:50:36,12.32,461900,12.38,D
sz300179,四方达,2025-10-16 09:50:39,12.34,124600,12.32,U
sz300179,四方达,2025-10-16 09:50:54,12.3,31900,12.32,D
sz300179,四方达,2025-10-16 09:51:00,12.31,40800,12.29,E
sz300179,四方达,2025-10-16 09:51:12,12.33,38700,12.33,U
sz300179,四方达,2025-10-16 09:51:24,12.37,22000,12.34,U
sz300179,四方达,2025-10-16 09:51:33,12.35,28800,12.38,D
sz300179,四方达,2025-10-16 09:51:39,12.38,28200,12.36,U
sz300179,四方达,2025-10-16 09:51:54,12.42,67600,12.42,U
sz300179,四方达,2025-10-16 09:52:00,12.4,23500,12.44,D
sz300179,四方达,2025-10-16 09:52:03,12.43,24100,12.4,E
sz300179,四方达,2025-10-16 09:52:06,12.44,30200,12.43,U
sz300179,四方达,2025-10-16 09:52:09,12.46,93900,12.44,U
sz300179,四方达,2025-10-16 09:52:12,12.47,20700,12.46,U
sz300179,四方达,2025-10-16 09:52:21,12.5,57800,12.49,U
sz300179,四方达,2025-10-16 09:52:33,12.53,48300,12.52,U
sz300179,四方达,2025-10-16 09:52:36,12.55,20700,12.53,U
sz300179,四方达,2025-10-16 09:52:39,12.56,82400,12.55,U
sz300179,四方达,2025-10-16 09:52:42,12.58,65800,12.56,U
sz300179,四方达,2025-10-16 09:52:45,12.56,76100,12.58,D
sz300179,四方达,2025-10-16 09:52:48,12.5,73200,12.56,D
sz300179,四方达,2025-10-16 09:52:51,12.57,110500,12.5,U
sz300179,四方达,2025-10-16 09:52:54,12.53,127200,12.57,E
sz300179,四方达,2025-10-16 09:52:57,12.53,32800,12.53,U
sz300179,四方达,2025-10-16 09:53:00,12.53,48700,12.53,U
sz300179,四方达,2025-10-16 09:53:03,12.54,53200,12.53,U
sz300179,四方达,2025-10-16 09:53:06,12.55,34700,12.54,U
sz300179,四方达,2025-10-16 09:53:12,12.56,27400,12.54,U
sz300179,四方达,2025-10-16 09:53:18,12.57,42400,12.56,U
sz300179,四方达,2025-10-16 09:53:21,12.58,110500,12.57,U
sz300179,四方达,2025-10-16 09:53:24,12.59,55400,12.58,U
sz300179,四方达,2025-10-16 09:53:27,12.66,54600,12.59,U
sz300179,四方达,2025-10-16 09:53:30,12.66,57300,12.66,U
sz300179,四方达,2025-10-16 09:53:33,12.6,78400,12.66,D
sz300179,四方达,2025-10-16 09:53:36,12.61,140700,12.6,U
sz300179,四方达,2025-10-16 09:53:39,12.6,165400,12.61,U
sz300179,四方达,2025-10-16 09:53:42,12.6,62000,12.6,D
sz300179,四方达,2025-10-16 09:53:45,12.62,22800,12.6,E
sz300179,四方达,2025-10-16 09:53:48,12.62,65800,12.62,U
sz300179,四方达,2025-10-16 09:53:51,12.62,50800,12.62,U
sz300179,四方达,2025-10-16 09:53:54,12.64,24000,12.62,U
sz300179,四方达,2025-10-16 09:53:57,12.66,37800,12.64,U
sz300179,四方达,2025-10-16 09:54:00,12.66,42600,12.66,U
sz300179,四方达,2025-10-16 09:54:03,12.67,45000,12.66,U
sz300179,四方达,2025-10-16 09:54:06,12.68,25000,12.67,U
sz300179,四方达,2025-10-16 09:54:09,12.67,53300,12.68,D
sz300179,四方达,2025-10-16 09:54:12,12.68,127300,12.67,U
sz300179,四方达,2025-10-16 09:54:15,12.66,133800,12.68,D
sz300179,四方达,2025-10-16 09:54:18,12.66,193800,12.66,D
sz300179,四方达,2025-10-16 09:54:21,12.63,230600,12.66,D
sz300179,四方达,2025-10-16 09:54:24,12.65,56900,12.63,U
sz300179,四方达,2025-10-16 09:54:27,12.65,26200,12.65,U
sz300179,四方达,2025-10-16 09:54:33,12.65,94200,12.65,D
sz300179,四方达,2025-10-16 09:54:36,12.63,63000,12.65,D
sz300179,四方达,2025-10-16 09:54:39,12.63,45000,12.63,D
sz300179,四方达,2025-10-16 09:54:42,12.64,75200,12.63,U
sz300179,四方达,2025-10-16 09:54:45,12.64,37800,12.64,U
sz300179,四方达,2025-10-16 09:54:48,12.65,76900,12.64,U
sz300179,四方达,2025-10-16 09:54:51,12.65,86100,12.65,U
sz300179,四方达,2025-10-16 09:54:54,12.66,51800,12.65,U
sz300179,四方达,2025-10-16 09:54:57,12.67,117900,12.66,U
sz300179,四方达,2025-10-16 09:55:00,12.68,106600,12.67,U
sz300179,四方达,2025-10-16 09:55:03,12.69,22400,12.68,U
sz300179,四方达,2025-10-16 09:55:06,12.7,37000,12.69,U
sz300179,四方达,2025-10-16 09:55:09,12.71,82500,12.7,U
sz300179,四方达,2025-10-16 09:55:15,12.71,116800,12.72,D
sz300179,四方达,2025-10-16 09:55:18,12.66,462000,12.71,D
sz300179,四方达,2025-10-16 09:55:21,12.65,134900,12.66,E
sz300179,四方达,2025-10-16 09:55:24,12.66,72600,12.65,U
sz300179,四方达,2025-10-16 09:55:27,12.66,42000,12.66,D
sz300179,四方达,2025-10-16 09:55:30,12.66,48600,12.66,D
sz300179,四方达,2025-10-16 09:55:33,12.65,22800,12.66,D
sz300179,四方达,2025-10-16 09:55:36,12.63,63700,12.65,D
sz300179,四方达,2025-10-16 09:55:39,12.65,29300,12.63,U
sz300179,四方达,2025-10-16 09:55:42,12.63,90200,12.65,D
sz300179,四方达,2025-10-16 09:55:45,12.65,60300,12.63,U
sz300179,四方达,2025-10-16 09:55:48,12.63,108200,12.65,E
sz300179,四方达,2025-10-16 09:55:51,12.63,21900,12.63,U
sz300179,四方达,2025-10-16 09:55:54,12.63,26400,12.63,U
sz300179,四方达,2025-10-16 09:55:57,12.63,24200,12.63,U
sz300179,四方达,2025-10-16 09:56:00,12.6,124400,12.63,D
sz300179,四方达,2025-10-16 09:56:03,12.62,55000,12.6,U
sz300179,四方达,2025-10-16 09:56:06,12.6,66200,12.62,D
sz300179,四方达,2025-10-16 09:56:09,12.6,46700,12.6,U
sz300179,四方达,2025-10-16 09:56:12,12.6,29600,12.6,U
sz300179,四方达,2025-10-16 09:56:15,12.59,26600,12.6,E
sz300179,四方达,2025-10-16 09:56:18,12.62,43900,12.59,U
sz300179,四方达,2025-10-16 09:56:27,12.61,23800,12.61,U
sz300179,四方达,2025-10-16 09:56:30,12.62,30000,12.61,U
sz300179,四方达,2025-10-16 09:56:33,12.63,35900,12.62,U
sz300179,四方达,2025-10-16 09:56:39,12.64,25900,12.64,U
sz300179,四方达,2025-10-16 09:56:42,12.65,31200,12.64,U
sz300179,四方达,2025-10-16 09:56:45,12.64,29900,12.65,D
sz300179,四方达,2025-10-16 09:56:48,12.65,87400,12.64,U
sz300179,四方达,2025-10-16 09:56:51,12.65,53800,12.65,D
sz300179,四方达,2025-10-16 09:56:54,12.65,105200,12.65,U
sz300179,四方达,2025-10-16 09:56:57,12.66,27700,12.65,U
sz300179,四方达,2025-10-16 09:57:00,12.67,110700,12.66,U
sz300179,四方达,2025-10-16 09:57:06,12.68,49500,12.68,U
sz300179,四方达,2025-10-16 09:57:09,12.69,47600,12.68,U
sz300179,四方达,2025-10-16 09:57:12,12.71,25800,12.69,U
sz300179,四方达,2025-10-16 09:57:15,12.7,38500,12.71,D
sz300179,四方达,2025-10-16 09:57:18,12.72,19800,12.7,U
sz300179,四方达,2025-10-16 09:57:21,12.72,38400,12.72,U
sz300179,四方达,2025-10-16 09:57:24,12.72,49200,12.72,U
sz300179,四方达,2025-10-16 09:57:27,12.74,23700,12.72,U
sz300179,四方达,2025-10-16 09:57:30,12.75,26900,12.74,U
sz300179,四方达,2025-10-16 09:57:33,12.76,76700,12.75,U
sz300179,四方达,2025-10-16 09:57:36,12.76,35600,12.76,U
sz300179,四方达,2025-10-16 09:57:39,12.77,63600,12.76,U
sz300179,四方达,2025-10-16 09:57:42,12.77,169000,12.77,D
sz300179,四方达,2025-10-16 09:57:45,12.78,87400,12.77,U
sz300179,四方达,2025-10-16 09:57:48,12.78,121900,12.78,D
sz300179,四方达,2025-10-16 09:57:51,12.74,409500,12.78,D
sz300179,四方达,2025-10-16 09:57:54,12.73,346800,12.74,E
sz300179,四方达,2025-10-16 09:57:57,12.77,82000,12.73,U
sz300179,四方达,2025-10-16 09:58:00,12.73,143200,12.77,D
sz300179,四方达,2025-10-16 09:58:03,12.73,80000,12.73,U
sz300179,四方达,2025-10-16 09:58:06,12.76,32700,12.73,U
sz300179,四方达,2025-10-16 09:58:09,12.74,40700,12.76,D
sz300179,四方达,2025-10-16 09:58:12,12.76,72800,12.74,U
sz300179,四方达,2025-10-16 09:58:15,12.73,105400,12.76,D
sz300179,四方达,2025-10-16 09:58:18,12.73,29800,12.73,D
sz300179,四方达,2025-10-16 09:58:21,12.73,59900,12.73,U
sz300179,四方达,2025-10-16 09:58:24,12.74,113700,12.73,U
sz300179,四方达,2025-10-16 09:58:27,12.74,40800,12.74,D
sz300179,四方达,2025-10-16 09:58:30,12.72,126500,12.74,D
sz300179,四方达,2025-10-16 09:58:33,12.73,24300,12.72,U
sz300179,四方达,2025-10-16 09:58:36,12.73,53100,12.73,D
sz300179,四方达,2025-10-16 09:58:39,12.74,76600,12.73,U
sz300179,四方达,2025-10-16 09:58:42,12.73,86500,12.74,D
sz300179,四方达,2025-10-16 09:58:45,12.73,67100,12.73,U
sz300179,四方达,2025-10-16 09:58:48,12.73,25200,12.73,U
sz300179,四方达,2025-10-16 09:58:51,12.73,79200,12.73,D
sz300179,四方达,2025-10-16 09:58:54,12.73,45900,12.73,D
sz300179,四方达,2025-10-16 09:58:57,12.74,54500,12.73,D
sz300179,四方达,2025-10-16 09:59:00,12.7,202100,12.74,D
sz300179,四方达,2025-10-16 09:59:03,12.7,25700,12.7,U
sz300179,四方达,2025-10-16 09:59:09,12.65,29400,12.68,D
sz300179,四方达,2025-10-16 09:59:12,12.65,21700,12.65,D
sz300179,四方达,2025-10-16 09:59:15,12.66,45800,12.65,U
sz300179,四方达,2025-10-16 09:59:18,12.64,54600,12.66,D
sz300179,四方达,2025-10-16 09:59:21,12.66,17700,12.64,U
sz300179,四方达,2025-10-16 09:59:24,12.66,66600,12.66,D
sz300179,四方达,2025-10-16 09:59:33,12.66,27000,12.66,U
sz300179,四方达,2025-10-16 09:59:42,12.68,18800,12.66,U
sz300179,四方达,2025-10-16 09:59:48,12.72,44200,12.69,U
sz300179,四方达,2025-10-16 10:00:00,12.71,19600,12.73,U
sz300179,四方达,2025-10-16 10:00:06,12.71,28000,12.71,D
sz300179,四方达,2025-10-16 10:00:09,12.7,78800,12.71,D
sz300179,四方达,2025-10-16 10:00:12,12.69,119600,12.7,D
sz300179,四方达,2025-10-16 10:00:15,12.67,263700,12.69,D
sz300179,四方达,2025-10-16 10:00:18,12.64,181000,12.67,D
sz300179,四方达,2025-10-16 10:00:21,12.63,27800,12.64,D
sz300179,四方达,2025-10-16 10:00:24,12.64,64800,12.63,U
sz300179,四方达,2025-10-16 10:00:30,12.6,43000,12.62,D
sz300179,四方达,2025-10-16 10:00:33,12.6,74400,12.6,D
sz300179,四方达,2025-10-16 10:00:36,12.61,27400,12.6,U
sz300179,四方达,2025-10-16 10:00:42,12.61,20800,12.6,U
sz300179,四方达,2025-10-16 10:00:45,12.61,20000,12.61,U
sz300179,四方达,2025-10-16 10:00:54,12.62,25200,12.62,D
sz300179,四方达,2025-10-16 10:00:57,12.62,27200,12.62,U
sz300179,四方达,2025-10-16 10:01:00,12.63,80500,12.62,U
sz300179,四方达,2025-10-16 10:01:09,12.63,22600,12.64,D
sz300179,四方达,2025-10-16 10:01:12,12.64,18800,12.63,U
sz300179,四方达,2025-10-16 10:01:18,12.64,22300,12.64,D
sz300179,四方达,2025-10-16 10:01:27,12.64,49400,12.66,D
sz300179,四方达,2025-10-16 10:01:30,12.63,86800,12.64,D
sz300179,四方达,2025-10-16 10:01:33,12.62,48300,12.63,D
sz300179,四方达,2025-10-16 10:01:36,12.63,46800,12.62,U
sz300179,四方达,2025-10-16 10:01:39,12.59,119300,12.63,D
sz300179,四方达,2025-10-16 10:01:48,12.61,22200,12.6,U
sz300179,四方达,2025-10-16 10:01:54,12.6,20300,12.59,U
sz300179,四方达,2025-10-16 10:01:57,12.59,24400,12.6,D
sz300179,四方达,2025-10-16 10:02:00,12.58,55700,12.59,D
sz300179,四方达,2025-10-16 10:02:03,12.57,34600,12.58,D
sz300179,四方达,2025-10-16 10:02:12,12.58,37200,12.58,D
sz300179,四方达,2025-10-16 10:02:18,12.56,22900,12.58,D
sz300179,四方达,2025-10-16 10:02:21,12.56,28400,12.56,D
sz300179,四方达,2025-10-16 10:02:45,12.58,17300,12.58,D
sz300179,四方达,2025-10-16 10:02:51,12.58,16700,12.58,U
sz300179,四方达,2025-10-16 10:02:54,12.56,93700,12.58,D
sz300179,四方达,2025-10-16 10:02:57,12.58,21600,12.56,U
sz300179,四方达,2025-10-16 10:03:00,12.54,99300,12.58,D
sz300179,四方达,2025-10-16 10:03:03,12.54,45100,12.54,D
sz300179,四方达,2025-10-16 10:03:12,12.54,39600,12.52,U
sz300179,四方达,2025-10-16 10:03:54,12.56,31500,12.53,U
sz300179,四方达,2025-10-16 10:04:06,12.55,19800,12.56,D
sz300179,四方达,2025-10-16 10:04:21,12.57,35800,12.55,U
sz300179,四方达,2025-10-16 10:04:24,12.57,41500,12.57,U
sz300179,四方达,2025-10-16 10:04:27,12.57,26800,12.57,U
sz300179,四方达,2025-10-16 10:04:30,12.57,17800,12.57,D
sz300179,四方达,2025-10-16 10:04:33,12.57,18700,12.57,D
sz300179,四方达,2025-10-16 10:04:36,12.56,17100,12.57,D
sz300179,四方达,2025-10-16 10:04:39,12.56,38700,12.56,D
sz300179,四方达,2025-10-16 10:04:42,12.56,34600,12.56,D
sz300179,四方达,2025-10-16 10:04:48,12.56,17900,12.56,D
sz300179,四方达,2025-10-16 10:04:51,12.56,20500,12.56,D
sz300179,四方达,2025-10-16 10:04:54,12.56,23000,12.56,D
sz300179,四方达,2025-10-16 10:05:00,12.57,31500,12.56,U
sz300179,四方达,2025-10-16 10:05:06,12.57,16500,12.57,U
sz300179,四方达,2025-10-16 10:05:12,12.57,17800,12.57,U
sz300179,四方达,2025-10-16 10:05:15,12.57,17200,12.57,U
sz300179,四方达,2025-10-16 10:05:27,12.57,51700,12.57,D
sz300179,四方达,2025-10-16 10:05:33,12.57,23400,12.57,U
sz300179,四方达,2025-10-16 10:05:36,12.57,20800,12.57,D
sz300179,四方达,2025-10-16 10:05:42,12.58,28600,12.57,U
sz300179,四方达,2025-10-16 10:06:00,12.58,27500,12.58,D
sz300179,四方达,2025-10-16 10:06:03,12.57,23000,12.58,D
sz300179,四方达,2025-10-16 10:06:06,12.6,16900,12.57,U
sz300179,四方达,2025-10-16 10:06:21,12.58,18400,12.6,D
sz300179,四方达,2025-10-16 10:06:24,12.6,16800,12.58,U
sz300179,四方达,2025-10-16 10:06:30,12.6,28000,12.6,U
sz300179,四方达,2025-10-16 10:06:51,12.61,46800,12.61,U
sz300179,四方达,2025-10-16 10:06:57,12.6,16900,12.61,D
sz300179,四方达,2025-10-16 10:07:00,12.6,22400,12.6,D
sz300179,四方达,2025-10-16 10:07:06,12.58,20700,12.61,D
sz300179,四方达,2025-10-16 10:07:09,12.58,45300,12.58,D
sz300179,四方达,2025-10-16 10:07:12,12.58,36400,12.58,D
sz300179,四方达,2025-10-16 10:07:18,12.57,76400,12.58,D
sz300179,四方达,2025-10-16 10:07:24,12.56,20900,12.57,D
sz300179,四方达,2025-10-16 10:07:36,12.54,19200,12.54,D
sz300179,四方达,2025-10-16 10:07:42,12.53,33200,12.54,D
sz300179,四方达,2025-10-16 10:07:45,12.54,39900,12.53,D
sz300179,四方达,2025-10-16 10:07:48,12.54,32000,12.54,U
sz300179,四方达,2025-10-16 10:08:12,12.55,23800,12.54,U
sz300179,四方达,2025-10-16 10:08:21,12.56,18400,12.55,U
sz300179,四方达,2025-10-16 10:08:33,12.56,38000,12.57,D
sz300179,四方达,2025-10-16 10:08:39,12.56,18400,12.56,U
sz300179,四方达,2025-10-16 10:08:42,12.56,25800,12.56,D
sz300179,四方达,2025-10-16 10:08:54,12.56,27700,12.56,D
sz300179,四方达,2025-10-16 10:09:00,12.57,19600,12.57,D
sz300179,四方达,2025-10-16 10:09:06,12.57,43100,12.57,D
sz300179,四方达,2025-10-16 10:09:09,12.58,17100,12.57,U
sz300179,四方达,2025-10-16 10:09:15,12.55,29600,12.57,D
sz300179,四方达,2025-10-16 10:09:21,12.55,24800,12.54,U
sz300179,四方达,2025-10-16 10:09:24,12.55,17600,12.55,U
sz300179,四方达,2025-10-16 10:09:30,12.56,24500,12.56,U
sz300179,四方达,2025-10-16 10:09:39,12.54,21300,12.55,D
sz300179,四方达,2025-10-16 10:09:51,12.53,27400,12.54,D
sz300179,四方达,2025-10-16 10:09:57,12.52,158200,12.53,D
sz300179,四方达,2025-10-16 10:10:00,12.52,33200,12.52,D
sz300179,四方达,2025-10-16 10:10:06,12.52,16400,12.52,D
sz300179,四方达,2025-10-16 10:10:09,12.51,20100,12.52,D
sz300179,四方达,2025-10-16 10:10:18,12.51,21900,12.51,D
sz300179,四方达,2025-10-16 10:10:21,12.51,45000,12.51,D
sz300179,四方达,2025-10-16 10:10:24,12.51,34200,12.51,D
sz300179,四方达,2025-10-16 10:10:33,12.5,26100,12.5,D
sz300179,四方达,2025-10-16 10:10:36,12.5,17300,12.5,D
sz300179,四方达,2025-10-16 10:10:39,12.5,37300,12.5,D
sz300179,四方达,2025-10-16 10:10:42,12.5,38700,12.5,D
sz300179,四方达,2025-10-16 10:10:45,12.5,63400,12.5,D
sz300179,四方达,2025-10-16 10:10:48,12.5,59700,12.5,D
sz300179,四方达,2025-10-16 10:11:00,12.48,46400,12.49,D
sz300179,四方达,2025-10-16 10:11:03,12.48,20800,12.48,D
sz300179,四方达,2025-10-16 10:11:06,12.48,38900,12.48,D
sz300179,四方达,2025-10-16 10:11:09,12.48,60200,12.48,D
sz300179,四方达,2025-10-16 10:11:12,12.49,20400,12.48,U
sz300179,四方达,2025-10-16 10:11:15,12.51,39200,12.49,U
sz300179,四方达,2025-10-16 10:11:27,12.5,17400,12.51,D
sz300179,四方达,2025-10-16 10:12:51,12.53,70000,12.53,U
sz300179,四方达,2025-10-16 10:13:12,12.58,32900,12.55,U
sz300179,四方达,2025-10-16 10:13:18,12.6,33100,12.59,U
sz300179,四方达,2025-10-16 10:13:36,12.63,22400,12.63,D
sz300179,四方达,2025-10-16 10:13:42,12.65,25200,12.64,U
sz300179,四方达,2025-10-16 10:13:48,12.65,25800,12.65,U
sz300179,四方达,2025-10-16 10:14:03,12.67,18100,12.67,U
sz300179,四方达,2025-10-16 10:14:06,12.69,42700,12.67,U
sz300179,四方达,2025-10-16 10:14:09,12.7,26800,12.69,U
sz300179,四方达,2025-10-16 10:14:15,12.7,17300,12.7,U
sz300179,四方达,2025-10-16 10:14:21,12.72,17900,12.71,U
sz300179,四方达,2025-10-16 10:14:27,12.73,97300,12.71,U
sz300179,四方达,2025-10-16 10:14:33,12.73,29200,12.74,D
sz300179,四方达,2025-10-16 10:14:36,12.71,22400,12.73,D
sz300179,四方达,2025-10-16 10:14:39,12.72,60800,12.71,U
sz300179,四方达,2025-10-16 10:14:45,12.69,17300,12.7,D
sz300179,四方达,2025-10-16 10:14:48,12.7,16700,12.69,U
sz300179,四方达,2025-10-16 10:14:51,12.7,55200,12.7,D
sz300179,四方达,2025-10-16 10:14:54,12.69,33400,12.7,D
sz300179,四方达,2025-10-16 10:15:03,12.68,24700,12.67,U
sz300179,四方达,2025-10-16 10:15:09,12.68,56800,12.66,U
sz300179,四方达,2025-10-16 10:15:15,12.66,26800,12.66,D
sz300179,四方达,2025-10-16 10:15:21,12.66,50400,12.66,U
sz300179,四方达,2025-10-16 10:15:24,12.67,19700,12.66,U
sz300179,四方达,2025-10-16 10:15:57,12.65,35500,12.65,D
sz300179,四方达,2025-10-16 10:16:12,12.65,54168,12.65,D
sz300179,四方达,2025-10-16 10:16:15,12.67,19900,12.65,E
sz300179,四方达,2025-10-16 10:16:33,12.68,29726,12.68,U
sz300179,四方达,2025-10-16 10:16:39,12.68,35000,12.68,D
sz300179,四方达,2025-10-16 10:16:45,12.7,31400,12.69,U
sz300179,四方达,2025-10-16 10:17:00,12.7,40600,12.69,U
sz300179,四方达,2025-10-16 10:17:03,12.69,27700,12.7,D
sz300179,四方达,2025-10-16 10:17:36,12.65,16200,12.65,D
sz300179,四方达,2025-10-16 10:17:51,12.65,25326,12.64,U
sz300179,四方达,2025-10-16 10:17:54,12.65,32700,12.65,D
sz300179,四方达,2025-10-16 10:18:00,12.65,20400,12.65,D
sz300179,四方达,2025-10-16 10:18:30,12.67,29000,12.67,U
sz300179,四方达,2025-10-16 10:18:36,12.67,18300,12.67,U
sz300179,四方达,2025-10-16 10:19:06,12.67,36600,12.68,D
sz300179,四方达,2025-10-16 10:19:48,12.67,17200,12.67,D
sz300179,四方达,2025-10-16 10:20:03,12.66,17300,12.67,D
sz300179,四方达,2025-10-16 10:20:12,12.66,29932,12.67,D
sz300179,四方达,2025-10-16 10:20:27,12.65,16500,12.65,D
sz300179,四方达,2025-10-16 10:20:30,12.65,16200,12.65,D
sz300179,四方达,2025-10-16 10:20:45,12.62,30900,12.64,D
sz300179,四方达,2025-10-16 10:20:54,12.62,17000,12.62,U
sz300179,四方达,2025-10-16 10:21:30,12.64,32700,12.62,U
sz300179,四方达,2025-10-16 10:21:33,12.62,18400,12.64,D
sz300179,四方达,2025-10-16 10:22:36,12.61,18300,12.61,D
sz300179,四方达,2025-10-16 10:22:42,12.62,21700,12.61,U
sz300179,四方达,2025-10-16 10:22:51,12.62,25200,12.62,D
sz300179,四方达,2025-10-16 10:23:09,12.62,28400,12.62,U
sz300179,四方达,2025-10-16 10:23:18,12.61,17200,12.62,D
sz300179,四方达,2025-10-16 10:23:30,12.61,19700,12.61,D
sz300179,四方达,2025-10-16 10:24:09,12.62,38100,12.62,D
sz300179,四方达,2025-10-16 10:24:24,12.61,54000,12.61,D
sz300179,四方达,2025-10-16 10:24:36,12.6,34400,12.6,D
sz300179,四方达,2025-10-16 10:24:39,12.59,16500,12.6,D
sz300179,四方达,2025-10-16 10:25:12,12.58,24600,12.58,D
sz300179,四方达,2025-10-16 10:25:36,12.55,78800,12.56,D
sz300179,四方达,2025-10-16 10:26:21,12.53,50000,12.54,D
sz300179,四方达,2025-10-16 10:26:45,12.53,16900,12.52,U
sz300179,四方达,2025-10-16 10:28:36,12.54,16000,12.54,D
sz300179,四方达,2025-10-16 10:29:09,12.53,19900,12.53,D
sz300179,四方达,2025-10-16 10:29:45,12.52,22000,12.52,D
sz300179,四方达,2025-10-16 10:31:06,12.52,33032,12.53,D
sz300179,四方达,2025-10-16 10:31:18,12.52,46100,12.51,U
sz300179,四方达,2025-10-16 10:31:21,12.51,24800,12.52,D
sz300179,四方达,2025-10-16 10:31:36,12.51,19700,12.52,D
sz300179,四方达,2025-10-16 10:31:54,12.5,17300,12.5,D
sz300179,四方达,2025-10-16 10:32:03,12.5,18200,12.5,D
sz300179,四方达,2025-10-16 10:32:18,12.51,21800,12.5,U
sz300179,四方达,2025-10-16 10:32:30,12.51,22200,12.5,U
sz300179,四方达,2025-10-16 10:34:24,12.65,24500,12.6,U
sz300179,四方达,2025-10-16 10:34:33,12.64,21000,12.65,D
sz300179,四方达,2025-10-16 10:34:36,12.65,32600,12.64,U
sz300179,四方达,2025-10-16 10:34:48,12.64,33700,12.66,D
sz300179,四方达,2025-10-16 10:34:51,12.65,36500,12.64,U
sz300179,四方达,2025-10-16 10:34:54,12.65,22000,12.65,U
sz300179,四方达,2025-10-16 10:34:57,12.64,33100,12.65,D
sz300179,四方达,2025-10-16 10:35:15,12.6,18400,12.61,D
sz300179,四方达,2025-10-16 10:36:09,12.64,23200,12.62,U
sz300179,四方达,2025-10-16 10:36:33,12.62,22000,12.63,D
sz300179,四方达,2025-10-16 10:37:24,12.64,18000,12.64,D
sz300179,四方达,2025-10-16 10:38:21,12.64,51300,12.64,D
sz300179,四方达,2025-10-16 10:38:33,12.7,173700,12.63,U
sz300179,四方达,2025-10-16 10:38:45,12.63,24100,12.69,D
sz300179,四方达,2025-10-16 10:39:03,12.69,21200,12.7,D
sz300179,四方达,2025-10-16 10:39:57,12.67,20100,12.68,U
sz300179,四方达,2025-10-16 10:42:09,12.63,31500,12.62,U
sz300179,四方达,2025-10-16 10:43:12,12.68,18000,12.68,U
sz300179,四方达,2025-10-16 10:43:30,12.69,18700,12.68,U
sz300179,四方达,2025-10-16 10:43:42,12.7,22600,12.69,U
sz300179,四方达,2025-10-16 10:43:57,12.69,31000,12.69,D
sz300179,四方达,2025-10-16 10:44:00,12.69,24900,12.69,D
sz300179,四方达,2025-10-16 10:44:12,12.7,25200,12.69,U
sz300179,四方达,2025-10-16 10:44:21,12.68,18400,12.69,D
sz300179,四方达,2025-10-16 10:44:48,12.69,33000,12.68,U
sz300179,四方达,2025-10-16 10:45:03,12.69,68000,12.68,U
sz300179,四方达,2025-10-16 10:45:15,12.7,16200,12.7,U
sz300179,四方达,2025-10-16 10:45:30,12.7,31300,12.7,U
sz300179,四方达,2025-10-16 10:45:33,12.7,23900,12.7,D
sz300179,四方达,2025-10-16 10:45:45,12.72,103700,12.71,U
sz300179,四方达,2025-10-16 10:46:03,12.74,31800,12.74,U
sz300179,四方达,2025-10-16 10:46:24,12.75,19400,12.75,U
sz300179,四方达,2025-10-16 10:46:27,12.75,22300,12.75,U
sz300179,四方达,2025-10-16 10:46:42,12.73,30400,12.73,D
sz300179,四方达,2025-10-16 10:46:51,12.72,75900,12.73,D
sz300179,四方达,2025-10-16 10:46:54,12.72,29100,12.72,D
sz300179,四方达,2025-10-16 10:47:00,12.7,21500,12.72,D
sz300179,四方达,2025-10-16 10:47:12,12.71,23500,12.71,U
sz300179,四方达,2025-10-16 10:47:45,12.7,25800,12.7,U
sz300179,四方达,2025-10-16 10:47:48,12.69,27900,12.7,D
sz300179,四方达,2025-10-16 10:47:51,12.7,20700,12.69,U
sz300179,四方达,2025-10-16 10:48:33,12.7,23300,12.69,U
sz300179,四方达,2025-10-16 10:49:00,12.68,17300,12.67,U
sz300179,四方达,2025-10-16 10:49:06,12.68,24300,12.68,D
sz300179,四方达,2025-10-16 10:49:12,12.67,18700,12.68,D
sz300179,四方达,2025-10-16 10:49:24,12.67,19900,12.67,D
sz300179,四方达,2025-10-16 10:50:18,12.7,16200,12.69,U
sz300179,四方达,2025-10-16 10:50:42,12.67,18981,12.69,D
sz300179,四方达,2025-10-16 10:51:06,12.7,96400,12.69,U
sz300179,四方达,2025-10-16 10:52:39,12.67,34197,12.67,D
sz300179,四方达,2025-10-16 10:52:51,12.66,18100,12.66,D
sz300179,四方达,2025-10-16 10:52:54,12.66,17300,12.66,D
sz300179,四方达,2025-10-16 10:53:00,12.66,22000,12.66,D
sz300179,四方达,2025-10-16 10:53:06,12.66,16400,12.66,D
sz300179,四方达,2025-10-16 10:53:33,12.64,21703,12.64,D
sz300179,四方达,2025-10-16 10:53:54,12.64,17097,12.64,D
sz300179,四方达,2025-10-16 10:55:12,12.65,50600,12.64,U
sz300179,四方达,2025-10-16 10:55:39,12.66,18900,12.66,D
sz300179,四方达,2025-10-16 10:57:06,12.66,25500,12.67,D
sz300179,四方达,2025-10-16 10:58:03,12.66,19603,12.66,U
sz300179,四方达,2025-10-16 10:59:18,12.68,34600,12.66,U
sz300179,四方达,2025-10-16 10:59:27,12.69,23700,12.69,U
sz300179,四方达,2025-10-16 10:59:36,12.69,23800,12.69,D
sz300179,四方达,2025-10-16 10:59:45,12.7,20600,12.7,U
sz300179,四方达,2025-10-16 11:00:12,12.69,23100,12.69,U
sz300179,四方达,2025-10-16 11:00:54,12.69,26900,12.69,U
sz300179,四方达,2025-10-16 11:01:12,12.7,56200,12.7,U
sz300179,四方达,2025-10-16 11:01:36,12.7,56700,12.69,U
sz300179,四方达,2025-10-16 11:01:57,12.7,31200,12.7,D
sz300179,四方达,2025-10-16 11:02:27,12.68,25300,12.69,D
sz300179,四方达,2025-10-16 11:02:36,12.68,32800,12.68,D
sz300179,四方达,2025-10-16 11:04:45,12.7,72400,12.69,U
sz300179,四方达,2025-10-16 11:05:45,12.7,57600,12.71,D
sz300179,四方达,2025-10-16 11:10:09,12.65,21800,12.65,E
sz300179,四方达,2025-10-16 11:11:42,12.64,24200,12.64,D
sz300179,四方达,2025-10-16 11:12:03,12.63,31400,12.63,D
sz300179,四方达,2025-10-16 11:12:33,12.62,21913,12.63,D
sz300179,四方达,2025-10-16 11:15:30,12.65,17300,12.66,D
sz300179,四方达,2025-10-16 11:16:09,12.65,25700,12.66,D
sz300179,四方达,2025-10-16 11:16:15,12.65,24500,12.65,D
sz300179,四方达,2025-10-16 11:16:24,12.64,22700,12.64,D
sz300179,四方达,2025-10-16 11:16:27,12.64,20200,12.64,D
sz300179,四方达,2025-10-16 11:17:06,12.62,16100,12.62,D
sz300179,四方达,2025-10-16 11:18:00,12.61,46000,12.61,D
sz300179,四方达,2025-10-16 11:19:45,12.61,24400,12.61,D
sz300179,四方达,2025-10-16 11:19:54,12.6,40000,12.61,D
sz300179,四方达,2025-10-16 11:20:15,12.6,18600,12.6,D
sz300179,四方达,2025-10-16 11:20:39,12.6,47600,12.6,D
sz300179,四方达,2025-10-16 11:20:42,12.6,32100,12.6,D
sz300179,四方达,2025-10-16 11:20:45,12.6,34100,12.6,D
sz300179,四方达,2025-10-16 11:21:42,12.56,20000,12.58,D
sz300179,四方达,2025-10-16 11:25:03,12.54,23200,12.55,D
sz300179,四方达,2025-10-16 11:25:39,12.53,36200,12.53,D
sz300179,四方达,2025-10-16 11:25:48,12.52,31300,12.52,D
sz300179,四方达,2025-10-16 11:25:54,12.52,32200,12.52,D
sz300179,四方达,2025-10-16 11:25:57,12.51,25800,12.52,D
sz300179,四方达,2025-10-16 11:26:06,12.51,25000,12.51,D
sz300179,四方达,2025-10-16 11:26:09,12.52,24400,12.51,U
sz300179,四方达,2025-10-16 11:26:15,12.51,89100,12.52,D
sz300179,四方达,2025-10-16 11:26:18,12.51,31200,12.51,U
sz300179,四方达,2025-10-16 11:26:33,12.5,16400,12.51,D
sz300179,四方达,2025-10-16 11:28:24,12.55,43800,12.55,U
sz300179,四方达,2025-10-16 11:29:09,12.57,28700,12.55,U
sz300179,四方达,2025-10-16 11:29:33,12.59,18700,12.58,U
sz300179,四方达,2025-10-16 13:00:00,12.66,122800,12.64,U
sz300179,四方达,2025-10-16 13:00:03,12.64,31000,12.66,D
sz300179,四方达,2025-10-16 13:00:15,12.6,47100,12.62,D
sz300179,四方达,2025-10-16 13:00:36,12.61,29100,12.6,U
sz300179,四方达,2025-10-16 13:01:03,12.6,23000,12.59,U
sz300179,四方达,2025-10-16 13:03:12,12.57,36200,12.57,D
sz300179,四方达,2025-10-16 13:03:18,12.56,17100,12.57,D
sz300179,四方达,2025-10-16 13:04:27,12.58,31600,12.59,D
sz300179,四方达,2025-10-16 13:05:00,12.6,19500,12.57,U
sz300179,四方达,2025-10-16 13:05:57,12.64,43900,12.64,U
sz300179,四方达,2025-10-16 13:06:06,12.65,18400,12.65,U
sz300179,四方达,2025-10-16 13:06:09,12.65,95900,12.65,U
sz300179,四方达,2025-10-16 13:06:12,12.65,39700,12.65,U
sz300179,四方达,2025-10-16 13:06:18,12.65,34500,12.65,U
sz300179,四方达,2025-10-16 13:07:15,12.67,17200,12.67,D
sz300179,四方达,2025-10-16 13:07:30,12.68,41900,12.68,U
sz300179,四方达,2025-10-16 13:07:33,12.67,43600,12.68,E
sz300179,四方达,2025-10-16 13:07:45,12.68,36400,12.68,D
sz300179,四方达,2025-10-16 13:07:48,12.69,54200,12.68,U
sz300179,四方达,2025-10-16 13:08:00,12.73,33200,12.71,U
sz300179,四方达,2025-10-16 13:08:03,12.73,23000,12.73,U
sz300179,四方达,2025-10-16 13:08:06,12.73,25200,12.73,U
sz300179,四方达,2025-10-16 13:08:09,12.73,64900,12.73,U
sz300179,四方达,2025-10-16 13:08:12,12.75,26700,12.73,U
sz300179,四方达,2025-10-16 13:08:15,12.78,188200,12.75,U
sz300179,四方达,2025-10-16 13:08:18,12.82,219100,12.78,U
sz300179,四方达,2025-10-16 13:08:21,12.86,95500,12.82,U
sz300179,四方达,2025-10-16 13:08:27,12.87,17900,12.87,U
sz300179,四方达,2025-10-16 13:08:30,12.87,39200,12.87,D
sz300179,四方达,2025-10-16 13:08:33,12.89,50800,12.87,U
sz300179,四方达,2025-10-16 13:08:36,12.9,45900,12.89,U
sz300179,四方达,2025-10-16 13:08:39,12.91,67400,12.9,U
sz300179,四方达,2025-10-16 13:08:42,12.94,55300,12.91,U
sz300179,四方达,2025-10-16 13:08:48,12.93,62000,12.94,D
sz300179,四方达,2025-10-16 13:08:51,12.92,128500,12.93,D
sz300179,四方达,2025-10-16 13:08:54,12.93,115800,12.92,E
sz300179,四方达,2025-10-16 13:08:57,12.93,106600,12.93,U
sz300179,四方达,2025-10-16 13:09:00,12.91,30600,12.93,D
sz300179,四方达,2025-10-16 13:09:03,12.91,45500,12.91,D
sz300179,四方达,2025-10-16 13:09:06,12.92,122200,12.91,U
sz300179,四方达,2025-10-16 13:09:09,12.9,19100,12.92,E
sz300179,四方达,2025-10-16 13:09:12,12.89,25000,12.9,D
sz300179,四方达,2025-10-16 13:09:15,12.88,24300,12.89,D
sz300179,四方达,2025-10-16 13:09:18,12.88,19000,12.88,D
sz300179,四方达,2025-10-16 13:09:21,12.88,36900,12.88,U
sz300179,四方达,2025-10-16 13:09:24,12.87,16100,12.88,D
sz300179,四方达,2025-10-16 13:09:27,12.87,34300,12.87,U
sz300179,四方达,2025-10-16 13:09:30,12.86,34000,12.87,U
sz300179,四方达,2025-10-16 13:09:33,12.86,25600,12.86,U
sz300179,四方达,2025-10-16 13:09:36,12.87,25900,12.86,U
sz300179,四方达,2025-10-16 13:09:45,12.88,43000,12.87,U
sz300179,四方达,2025-10-16 13:09:48,12.87,39300,12.88,D
sz300179,四方达,2025-10-16 13:09:51,12.89,22000,12.87,U
sz300179,四方达,2025-10-16 13:09:54,12.89,18900,12.89,U
sz300179,四方达,2025-10-16 13:09:57,12.91,41600,12.89,U
sz300179,四方达,2025-10-16 13:10:03,12.92,55800,12.91,U
sz300179,四方达,2025-10-16 13:10:09,12.93,48700,12.92,U
sz300179,四方达,2025-10-16 13:10:15,12.95,79096,12.93,U
sz300179,四方达,2025-10-16 13:10:18,12.94,34900,12.95,D
sz300179,四方达,2025-10-16 13:10:21,12.95,16100,12.94,U
sz300179,四方达,2025-10-16 13:10:24,12.95,192000,12.95,D
sz300179,四方达,2025-10-16 13:10:27,12.96,41100,12.95,U
sz300179,四方达,2025-10-16 13:10:30,12.97,226700,12.96,U
sz300179,四方达,2025-10-16 13:10:33,13.0,144100,12.97,U
sz300179,四方达,2025-10-16 13:10:36,12.99,40300,13.0,D
sz300179,四方达,2025-10-16 13:10:39,13.0,112100,12.99,U
sz300179,四方达,2025-10-16 13:10:42,13.05,27900,13.0,U
sz300179,四方达,2025-10-16 13:10:45,13.07,40000,13.05,U
sz300179,四方达,2025-10-16 13:10:48,13.03,92200,13.07,D
sz300179,四方达,2025-10-16 13:10:51,13.03,63300,13.03,U
sz300179,四方达,2025-10-16 13:10:54,13.03,87300,13.03,U
sz300179,四方达,2025-10-16 13:10:57,13.03,68799,13.03,D
sz300179,四方达,2025-10-16 13:11:00,13.04,124200,13.03,U
sz300179,四方达,2025-10-16 13:11:03,13.05,113300,13.04,U
sz300179,四方达,2025-10-16 13:11:06,13.05,81300,13.05,D
sz300179,四方达,2025-10-16 13:11:09,13.05,120500,13.05,D
sz300179,四方达,2025-10-16 13:11:12,13.04,52300,13.05,D
sz300179,四方达,2025-10-16 13:11:15,13.04,71200,13.04,D
sz300179,四方达,2025-10-16 13:11:18,13.03,55701,13.04,D
sz300179,四方达,2025-10-16 13:11:21,13.0,45800,13.03,D
sz300179,四方达,2025-10-16 13:11:24,13.0,41900,13.0,D
sz300179,四方达,2025-10-16 13:11:27,13.0,109600,13.0,D
sz300179,四方达,2025-10-16 13:11:30,13.02,39000,13.0,U
sz300179,四方达,2025-10-16 13:11:33,13.02,35700,13.02,U
sz300179,四方达,2025-10-16 13:11:36,13.0,110300,13.02,D
sz300179,四方达,2025-10-16 13:11:39,13.01,52100,13.0,E
sz300179,四方达,2025-10-16 13:11:42,13.0,136700,13.01,D
sz300179,四方达,2025-10-16 13:11:45,12.99,15500,13.0,D
sz300179,四方达,2025-10-16 13:11:48,12.98,21800,12.99,D
sz300179,四方达,2025-10-16 13:11:51,12.97,31700,12.98,D
sz300179,四方达,2025-10-16 13:12:00,12.96,21500,12.96,D
sz300179,四方达,2025-10-16 13:12:03,12.96,142200,12.96,U
sz300179,四方达,2025-10-16 13:12:06,12.96,72713,12.96,U
sz300179,四方达,2025-10-16 13:12:12,12.96,32000,12.95,U
sz300179,四方达,2025-10-16 13:12:18,12.95,22300,12.95,U
sz300179,四方达,2025-10-16 13:12:21,12.95,65600,12.95,U
sz300179,四方达,2025-10-16 13:12:27,12.95,47600,12.94,U
sz300179,四方达,2025-10-16 13:12:30,12.95,16800,12.95,U
sz300179,四方达,2025-10-16 13:12:36,12.95,41100,12.95,U
sz300179,四方达,2025-10-16 13:12:45,12.93,20400,12.94,D
sz300179,四方达,2025-10-16 13:12:51,12.94,28200,12.94,U
sz300179,四方达,2025-10-16 13:12:54,12.91,23300,12.94,D
sz300179,四方达,2025-10-16 13:12:57,12.92,23500,12.91,U
sz300179,四方达,2025-10-16 13:13:00,12.9,40800,12.92,D
sz300179,四方达,2025-10-16 13:13:03,12.92,18400,12.9,U
sz300179,四方达,2025-10-16 13:13:06,12.91,52600,12.92,D
sz300179,四方达,2025-10-16 13:13:09,12.95,21700,12.91,U
sz300179,四方达,2025-10-16 13:13:12,12.95,92813,12.95,U
sz300179,四方达,2025-10-16 13:13:15,12.96,27400,12.95,U
sz300179,四方达,2025-10-16 13:13:18,13.0,29200,12.96,U
sz300179,四方达,2025-10-16 13:13:21,13.01,33300,13.0,U
sz300179,四方达,2025-10-16 13:13:24,13.02,26500,13.01,U
sz300179,四方达,2025-10-16 13:13:27,13.01,59600,13.02,D
sz300179,四方达,2025-10-16 13:13:33,13.01,31400,13.02,D
sz300179,四方达,2025-10-16 13:13:36,13.02,29700,13.01,D
sz300179,四方达,2025-10-16 13:13:39,13.02,83800,13.02,D
sz300179,四方达,2025-10-16 13:13:42,13.02,30700,13.02,D
sz300179,四方达,2025-10-16 13:13:45,13.05,46900,13.02,U
sz300179,四方达,2025-10-16 13:13:51,13.05,25300,13.05,U
sz300179,四方达,2025-10-16 13:13:54,13.05,53400,13.05,U
sz300179,四方达,2025-10-16 13:13:57,13.06,29500,13.05,U
sz300179,四方达,2025-10-16 13:14:00,13.07,50700,13.06,U
sz300179,四方达,2025-10-16 13:14:03,13.07,22100,13.07,U
sz300179,四方达,2025-10-16 13:14:06,13.07,22300,13.07,D
sz300179,四方达,2025-10-16 13:14:09,13.08,81700,13.07,U
sz300179,四方达,2025-10-16 13:14:12,13.08,61100,13.08,D
sz300179,四方达,2025-10-16 13:14:15,13.09,74900,13.08,U
sz300179,四方达,2025-10-16 13:14:18,13.09,31700,13.09,D
sz300179,四方达,2025-10-16 13:14:21,13.1,110000,13.09,U
sz300179,四方达,2025-10-16 13:14:24,13.11,67800,13.1,U
sz300179,四方达,2025-10-16 13:14:27,13.12,32000,13.11,U
sz300179,四方达,2025-10-16 13:14:30,13.13,49500,13.12,U
sz300179,四方达,2025-10-16 13:14:33,13.12,33900,13.13,D
sz300179,四方达,2025-10-16 13:14:36,13.14,72000,13.12,U
sz300179,四方达,2025-10-16 13:14:39,13.14,105400,13.14,U
sz300179,四方达,2025-10-16 13:14:42,13.14,38100,13.14,U
sz300179,四方达,2025-10-16 13:14:45,13.14,119600,13.14,D
sz300179,四方达,2025-10-16 13:14:48,13.14,111500,13.14,D
sz300179,四方达,2025-10-16 13:14:51,13.11,53700,13.14,D
sz300179,四方达,2025-10-16 13:14:54,13.1,51500,13.11,D
sz300179,四方达,2025-10-16 13:14:57,13.1,33700,13.1,D
sz300179,四方达,2025-10-16 13:15:00,13.09,74700,13.1,E
sz300179,四方达,2025-10-16 13:15:03,13.04,38800,13.09,D
sz300179,四方达,2025-10-16 13:15:06,13.07,34900,13.04,U
sz300179,四方达,2025-10-16 13:15:09,13.03,43700,13.07,D
sz300179,四方达,2025-10-16 13:15:12,13.05,41100,13.03,U
sz300179,四方达,2025-10-16 13:15:18,13.03,60700,13.05,D
sz300179,四方达,2025-10-16 13:15:21,13.02,18900,13.03,D
sz300179,四方达,2025-10-16 13:15:24,13.01,75400,13.02,D
sz300179,四方达,2025-10-16 13:15:27,13.01,32800,13.01,D
sz300179,四方达,2025-10-16 13:15:30,13.01,19200,13.01,D
sz300179,四方达,2025-10-16 13:15:36,13.04,130700,13.02,U
sz300179,四方达,2025-10-16 13:15:39,13.04,30700,13.04,D
sz300179,四方达,2025-10-16 13:15:45,13.03,16600,13.04,D
sz300179,四方达,2025-10-16 13:15:51,13.04,47300,13.04,D
sz300179,四方达,2025-10-16 13:15:54,13.03,24600,13.04,U
sz300179,四方达,2025-10-16 13:15:57,13.03,20200,13.03,D
sz300179,四方达,2025-10-16 13:16:03,13.04,67900,13.04,U
sz300179,四方达,2025-10-16 13:16:06,13.04,16100,13.04,U
sz300179,四方达,2025-10-16 13:16:09,13.03,28400,13.04,D
sz300179,四方达,2025-10-16 13:16:15,13.02,75000,13.03,D
sz300179,四方达,2025-10-16 13:16:18,13.01,80500,13.02,D
sz300179,四方达,2025-10-16 13:16:24,13.0,21700,13.0,D
sz300179,四方达,2025-10-16 13:16:27,12.99,65400,13.0,D
sz300179,四方达,2025-10-16 13:16:33,12.99,20300,13.0,D
sz300179,四方达,2025-10-16 13:16:39,12.99,38300,12.99,D
sz300179,四方达,2025-10-16 13:16:42,12.99,35300,12.99,U
sz300179,四方达,2025-10-16 13:16:45,12.99,16000,12.99,U
sz300179,四方达,2025-10-16 13:16:48,12.98,94900,12.99,D
sz300179,四方达,2025-10-16 13:16:54,12.97,38100,12.98,D
sz300179,四方达,2025-10-16 13:17:00,12.99,21200,13.0,E
sz300179,四方达,2025-10-16 13:17:03,12.99,49100,12.99,U
sz300179,四方达,2025-10-16 13:17:06,12.98,83700,12.99,D
sz300179,四方达,2025-10-16 13:17:21,13.04,103300,13.04,U
sz300179,四方达,2025-10-16 13:17:24,13.05,31500,13.04,U
sz300179,四方达,2025-10-16 13:17:27,13.04,19100,13.05,D
sz300179,四方达,2025-10-16 13:17:30,13.04,48200,13.04,D
sz300179,四方达,2025-10-16 13:17:42,13.08,50700,13.07,U
sz300179,四方达,2025-10-16 13:17:45,13.06,97100,13.08,D
sz300179,四方达,2025-10-16 13:17:48,13.08,28500,13.06,U
sz300179,四方达,2025-10-16 13:17:51,13.08,46400,13.08,D
sz300179,四方达,2025-10-16 13:17:54,13.08,87700,13.08,U
sz300179,四方达,2025-10-16 13:17:57,13.07,54700,13.08,D
sz300179,四方达,2025-10-16 13:18:00,13.06,213700,13.07,D
sz300179,四方达,2025-10-16 13:18:03,13.06,31100,13.06,D
sz300179,四方达,2025-10-16 13:18:06,13.06,26900,13.06,U
sz300179,四方达,2025-10-16 13:18:09,13.05,61900,13.06,D
sz300179,四方达,2025-10-16 13:18:12,13.05,55700,13.05,D
sz300179,四方达,2025-10-16 13:18:18,13.0,27700,13.04,D
sz300179,四方达,2025-10-16 13:18:27,13.0,19000,13.0,U
sz300179,四方达,2025-10-16 13:18:33,13.0,72400,12.99,U
sz300179,四方达,2025-10-16 13:18:39,12.98,76600,12.99,D
sz300179,四方达,2025-10-16 13:18:42,12.97,22200,12.98,D
sz300179,四方达,2025-10-16 13:18:48,12.97,38400,12.97,U
sz300179,四方达,2025-10-16 13:18:51,12.96,21200,12.97,D
sz300179,四方达,2025-10-16 13:18:54,12.97,17700,12.96,U
sz300179,四方达,2025-10-16 13:19:00,12.95,19000,12.96,D
sz300179,四方达,2025-10-16 13:19:06,12.95,23400,12.95,D
sz300179,四方达,2025-10-16 13:19:09,12.95,27100,12.95,U
sz300179,四方达,2025-10-16 13:19:15,12.94,25200,12.94,D
sz300179,四方达,2025-10-16 13:19:18,12.93,71200,12.94,D
sz300179,四方达,2025-10-16 13:19:30,12.94,48400,12.94,D
sz300179,四方达,2025-10-16 13:19:33,12.96,16600,12.94,U
sz300179,四方达,2025-10-16 13:19:54,13.02,42100,12.98,U
sz300179,四方达,2025-10-16 13:20:12,13.02,19100,13.03,D
sz300179,四方达,2025-10-16 13:20:15,13.02,16800,13.02,U
sz300179,四方达,2025-10-16 13:20:21,12.99,47000,13.01,D
sz300179,四方达,2025-10-16 13:20:30,12.99,26200,13.0,D
sz300179,四方达,2025-10-16 13:20:36,12.98,46200,12.98,U
sz300179,四方达,2025-10-16 13:20:42,12.97,21000,12.98,D
sz300179,四方达,2025-10-16 13:20:48,12.97,29800,12.98,D
sz300179,四方达,2025-10-16 13:20:54,12.95,51900,12.97,D
sz300179,四方达,2025-10-16 13:20:57,12.94,16300,12.95,D
sz300179,四方达,2025-10-16 13:21:18,12.93,20600,12.94,D
sz300179,四方达,2025-10-16 13:21:39,12.94,18200,12.93,U
sz300179,四方达,2025-10-16 13:21:54,12.93,65500,12.93,D
sz300179,四方达,2025-10-16 13:22:06,12.92,48500,12.93,D
sz300179,四方达,2025-10-16 13:22:12,12.91,18100,12.92,D
sz300179,四方达,2025-10-16 13:22:21,12.9,28200,12.92,D
sz300179,四方达,2025-10-16 13:22:42,12.92,16800,12.91,U
sz300179,四方达,2025-10-16 13:22:45,12.91,25200,12.92,D
sz300179,四方达,2025-10-16 13:23:00,12.9,60100,12.9,D
sz300179,四方达,2025-10-16 13:23:30,12.89,25200,12.89,D
sz300179,四方达,2025-10-16 13:23:42,12.89,23200,12.88,U
sz300179,四方达,2025-10-16 13:23:51,12.88,16400,12.88,D
sz300179,四方达,2025-10-16 13:24:15,12.9,20000,12.9,U
sz300179,四方达,2025-10-16 13:24:42,12.95,17200,12.95,U
sz300179,四方达,2025-10-16 13:24:54,12.98,23300,12.96,U
sz300179,四方达,2025-10-16 13:25:12,12.97,47700,12.98,D
sz300179,四方达,2025-10-16 13:25:18,12.98,23800,12.97,U
sz300179,四方达,2025-10-16 13:25:36,12.99,21700,12.99,U
sz300179,四方达,2025-10-16 13:25:54,12.99,17000,13.0,D
sz300179,四方达,2025-10-16 13:25:57,12.98,43500,12.99,D
sz300179,四方达,2025-10-16 13:26:00,12.98,25700,12.98,U
sz300179,四方达,2025-10-16 13:26:03,12.97,31800,12.98,D
sz300179,四方达,2025-10-16 13:26:12,12.96,15700,12.96,D
sz300179,四方达,2025-10-16 13:26:24,12.95,19100,12.95,D
sz300179,四方达,2025-10-16 13:26:27,12.95,17200,12.95,D
sz300179,四方达,2025-10-16 13:26:30,12.95,20600,12.95,D
sz300179,四方达,2025-10-16 13:26:39,12.94,20100,12.95,D
sz300179,四方达,2025-10-16 13:26:42,12.94,19400,12.94,D
sz300179,四方达,2025-10-16 13:27:03,12.91,16200,12.91,D
sz300179,四方达,2025-10-16 13:27:15,12.9,18700,12.91,D
sz300179,四方达,2025-10-16 13:27:36,12.92,18200,12.92,D
sz300179,四方达,2025-10-16 13:27:48,12.93,18200,12.92,U
sz300179,四方达,2025-10-16 13:27:51,12.92,40100,12.93,D
sz300179,四方达,2025-10-16 13:28:06,12.95,22300,12.94,U
sz300179,四方达,2025-10-16 13:28:33,12.95,25300,12.95,U
sz300179,四方达,2025-10-16 13:28:42,12.97,16900,12.96,U
sz300179,四方达,2025-10-16 13:28:48,12.98,17600,12.97,U
sz300179,四方达,2025-10-16 13:28:51,12.98,27200,12.98,U
sz300179,四方达,2025-10-16 13:29:03,13.0,15706,12.98,U
sz300179,四方达,2025-10-16 13:29:12,12.99,17700,12.99,D
sz300179,四方达,2025-10-16 13:29:18,12.99,15800,13.0,D
sz300179,四方达,2025-10-16 13:29:21,12.99,24694,12.99,D
sz300179,四方达,2025-10-16 13:29:27,12.99,17000,12.99,U
sz300179,四方达,2025-10-16 13:29:42,13.0,18200,13.0,U
sz300179,四方达,2025-10-16 13:29:45,13.0,36040,13.0,U
sz300179,四方达,2025-10-16 13:29:48,13.0,34000,13.0,D
sz300179,四方达,2025-10-16 13:30:03,13.04,17600,13.05,D
sz300179,四方达,2025-10-16 13:30:06,13.05,26000,13.04,U
sz300179,四方达,2025-10-16 13:30:09,13.05,15900,13.05,D
sz300179,四方达,2025-10-16 13:30:18,13.05,27200,13.05,D
sz300179,四方达,2025-10-16 13:30:21,13.05,22400,13.05,D
sz300179,四方达,2025-10-16 13:30:27,13.04,30800,13.05,D
sz300179,四方达,2025-10-16 13:30:30,13.05,45400,13.04,U
sz300179,四方达,2025-10-16 13:30:36,13.06,22000,13.05,U
sz300179,四方达,2025-10-16 13:30:39,13.06,20500,13.06,U
sz300179,四方达,2025-10-16 13:30:42,13.06,16900,13.06,U
sz300179,四方达,2025-10-16 13:30:45,13.05,17500,13.06,D
sz300179,四方达,2025-10-16 13:30:48,13.05,78300,13.05,D
sz300179,四方达,2025-10-16 13:30:51,13.05,22400,13.05,D
sz300179,四方达,2025-10-16 13:30:54,13.03,69200,13.05,D
sz300179,四方达,2025-10-16 13:30:57,13.05,23300,13.03,U
sz300179,四方达,2025-10-16 13:31:00,13.01,26700,13.05,D
sz300179,四方达,2025-10-16 13:31:21,13.01,24100,13.01,D
sz300179,四方达,2025-10-16 13:31:24,13.01,17100,13.01,D
sz300179,四方达,2025-10-16 13:31:36,13.0,28100,13.0,D
sz300179,四方达,2025-10-16 13:31:42,13.0,19700,13.0,D
sz300179,四方达,2025-10-16 13:31:45,13.0,26100,13.0,D
sz300179,四方达,2025-10-16 13:31:51,13.0,66100,13.0,D
sz300179,四方达,2025-10-16 13:31:54,13.0,21500,13.0,D
sz300179,四方达,2025-10-16 13:32:09,12.96,24500,12.99,D
sz300179,四方达,2025-10-16 13:32:24,12.95,21600,12.96,D
sz300179,四方达,2025-10-16 13:33:12,13.0,163500,12.98,U
sz300179,四方达,2025-10-16 13:33:48,13.04,39700,13.04,D
sz300179,四方达,2025-10-16 13:33:54,13.05,36100,13.05,U
sz300179,四方达,2025-10-16 13:33:57,13.06,22300,13.05,U
sz300179,四方达,2025-10-16 13:34:00,13.06,17200,13.06,U
sz300179,四方达,2025-10-16 13:34:09,13.07,23700,13.06,U
sz300179,四方达,2025-10-16 13:34:12,13.07,23400,13.07,U
sz300179,四方达,2025-10-16 13:34:18,13.07,23700,13.08,D
sz300179,四方达,2025-10-16 13:34:21,13.07,31700,13.07,U
sz300179,四方达,2025-10-16 13:34:24,13.07,16100,13.07,U
sz300179,四方达,2025-10-16 13:34:33,13.06,212000,13.05,U
sz300179,四方达,2025-10-16 13:34:57,13.08,22700,13.08,D
sz300179,四方达,2025-10-16 13:35:06,13.1,23800,13.1,U
sz300179,四方达,2025-10-16 13:35:09,13.1,60403,13.1,U
sz300179,四方达,2025-10-16 13:35:12,13.1,17900,13.1,D
sz300179,四方达,2025-10-16 13:35:15,13.1,18597,13.1,D
sz300179,四方达,2025-10-16 13:35:30,13.1,33600,13.11,D
sz300179,四方达,2025-10-16 13:35:33,13.1,22100,13.1,U
sz300179,四方达,2025-10-16 13:35:36,13.1,21100,13.1,D
sz300179,四方达,2025-10-16 13:35:42,13.09,47600,13.11,D
sz300179,四方达,2025-10-16 13:35:45,13.09,67397,13.09,D
sz300179,四方达,2025-10-16 13:35:51,13.09,15800,13.08,U
sz300179,四方达,2025-10-16 13:36:09,13.09,18397,13.09,D
sz300179,四方达,2025-10-16 13:36:15,13.09,27300,13.09,U
sz300179,四方达,2025-10-16 13:36:18,13.08,32200,13.09,D
sz300179,四方达,2025-10-16 13:36:21,13.08,18900,13.08,D
sz300179,四方达,2025-10-16 13:36:30,13.08,99403,13.08,U
sz300179,四方达,2025-10-16 13:36:33,13.08,16297,13.08,D
sz300179,四方达,2025-10-16 13:36:42,13.08,15397,13.08,D
sz300179,四方达,2025-10-16 13:37:18,13.06,50300,13.06,D
sz300179,四方达,2025-10-16 13:38:03,13.01,25000,13.0,U
sz300179,四方达,2025-10-16 13:38:30,13.02,20900,13.02,U
sz300179,四方达,2025-10-16 13:38:33,13.02,17200,13.02,U
sz300179,四方达,2025-10-16 13:38:54,13.02,33799,13.0,U
sz300179,四方达,2025-10-16 13:39:39,13.04,21500,13.03,U
sz300179,四方达,2025-10-16 13:39:57,13.05,34600,13.05,D
sz300179,四方达,2025-10-16 13:40:00,13.06,37000,13.05,U
sz300179,四方达,2025-10-16 13:40:09,13.07,25400,13.07,U
sz300179,四方达,2025-10-16 13:40:12,13.07,27100,13.07,U
sz300179,四方达,2025-10-16 13:40:21,13.07,18200,13.05,E
sz300179,四方达,2025-10-16 13:40:48,13.06,16900,13.06,D
sz300179,四方达,2025-10-16 13:40:51,13.08,27600,13.06,U
sz300179,四方达,2025-10-16 13:41:06,13.08,20100,13.08,U
sz300179,四方达,2025-10-16 13:41:09,13.07,60500,13.08,D
sz300179,四方达,2025-10-16 13:41:15,13.06,32200,13.07,D
sz300179,四方达,2025-10-16 13:41:18,13.08,56200,13.06,U
sz300179,四方达,2025-10-16 13:41:24,13.08,17100,13.08,D
sz300179,四方达,2025-10-16 13:41:36,13.08,24800,13.07,U
sz300179,四方达,2025-10-16 13:41:51,13.08,15900,13.08,U
sz300179,四方达,2025-10-16 13:42:00,13.08,15900,13.08,D
sz300179,四方达,2025-10-16 13:42:12,13.07,49500,13.09,D
sz300179,四方达,2025-10-16 13:42:24,13.06,21100,13.06,D
sz300179,四方达,2025-10-16 13:43:00,13.03,16300,13.05,D
sz300179,四方达,2025-10-16 13:43:57,12.99,26300,13.0,D
sz300179,四方达,2025-10-16 13:44:09,12.98,38400,12.98,D
sz300179,四方达,2025-10-16 13:44:27,12.96,23600,12.96,D
sz300179,四方达,2025-10-16 13:44:33,12.96,33800,12.96,D
sz300179,四方达,2025-10-16 13:44:36,12.94,26000,12.96,D
sz300179,四方达,2025-10-16 13:44:48,12.98,20600,12.98,U
sz300179,四方达,2025-10-16 13:45:09,13.01,31800,13.0,U
sz300179,四方达,2025-10-16 13:45:45,13.03,16300,13.03,D
sz300179,四方达,2025-10-16 13:46:03,13.04,37600,13.05,D
sz300179,四方达,2025-10-16 13:46:12,13.03,15500,13.03,D
sz300179,四方达,2025-10-16 13:46:18,13.03,18400,13.03,U
sz300179,四方达,2025-10-16 13:47:27,13.0,32700,13.0,D
sz300179,四方达,2025-10-16 13:47:54,13.0,25600,13.0,D
sz300179,四方达,2025-10-16 13:48:06,13.0,20500,12.99,U
sz300179,四方达,2025-10-16 13:48:42,12.99,22100,12.99,U
sz300179,四方达,2025-10-16 13:48:45,12.98,17300,12.99,D
sz300179,四方达,2025-10-16 13:49:09,12.98,17700,12.98,D
sz300179,四方达,2025-10-16 13:49:45,12.98,21400,12.99,D
sz300179,四方达,2025-10-16 13:50:12,12.97,28900,12.99,D
sz300179,四方达,2025-10-16 13:50:27,12.99,23400,12.99,U
sz300179,四方达,2025-10-16 13:52:21,12.99,32100,12.99,D
sz300179,四方达,2025-10-16 13:52:27,12.99,17200,12.99,D
sz300179,四方达,2025-10-16 13:52:39,12.98,16900,12.98,D
sz300179,四方达,2025-10-16 13:52:57,12.97,17600,12.97,D
sz300179,四方达,2025-10-16 13:53:18,12.96,17300,12.96,D
sz300179,四方达,2025-10-16 13:53:27,12.94,24400,12.95,D
sz300179,四方达,2025-10-16 13:53:36,12.95,20000,12.95,U
sz300179,四方达,2025-10-16 13:54:33,12.99,17900,12.98,U
sz300179,四方达,2025-10-16 13:54:39,12.99,17100,12.99,D
sz300179,四方达,2025-10-16 13:54:42,13.0,22900,12.99,U
sz300179,四方达,2025-10-16 13:54:48,13.01,30300,13.0,U
sz300179,四方达,2025-10-16 13:55:03,13.01,19747,13.01,U
sz300179,四方达,2025-10-16 13:55:15,13.02,22000,13.02,U
sz300179,四方达,2025-10-16 13:55:21,13.03,20700,13.02,U
sz300179,四方达,2025-10-16 13:55:24,13.03,28200,13.03,U
sz300179,四方达,2025-10-16 13:55:48,13.04,19300,13.04,U
sz300179,四方达,2025-10-16 13:56:09,13.05,18400,13.04,U
sz300179,四方达,2025-10-16 13:56:12,13.04,15500,13.05,D
sz300179,四方达,2025-10-16 13:56:15,13.04,20300,13.04,D
sz300179,四方达,2025-10-16 13:57:33,13.03,25000,13.03,D
sz300179,四方达,2025-10-16 13:58:03,13.03,15900,13.03,D
sz300179,四方达,2025-10-16 13:58:54,13.03,20500,13.03,D
sz300179,四方达,2025-10-16 13:59:15,13.04,38700,13.03,U
sz300179,四方达,2025-10-16 13:59:30,13.02,25500,13.03,D
sz300179,四方达,2025-10-16 13:59:33,13.02,45300,13.02,D
sz300179,四方达,2025-10-16 13:59:36,13.02,23000,13.02,D
sz300179,四方达,2025-10-16 14:00:36,13.02,47100,13.02,D
sz300179,四方达,2025-10-16 14:00:48,13.02,23800,13.03,D
sz300179,四方达,2025-10-16 14:01:09,13.03,56900,13.02,U
sz300179,四方达,2025-10-16 14:01:42,13.02,25200,13.02,D
sz300179,四方达,2025-10-16 14:02:03,13.02,15500,13.02,U
sz300179,四方达,2025-10-16 14:03:09,13.03,22300,13.02,U
sz300179,四方达,2025-10-16 14:03:15,13.02,21900,13.02,D
sz300179,四方达,2025-10-16 14:04:12,13.03,21800,13.03,U
sz300179,四方达,2025-10-16 14:04:18,13.03,68200,13.03,U
sz300179,四方达,2025-10-16 14:05:30,13.0,48000,13.0,D
sz300179,四方达,2025-10-16 14:05:51,12.98,33100,12.98,D
sz300179,四方达,2025-10-16 14:06:15,12.97,61400,12.97,U
sz300179,四方达,2025-10-16 14:06:30,12.97,23700,12.97,D
sz300179,四方达,2025-10-16 14:07:21,12.98,16700,12.98,U
sz300179,四方达,2025-10-16 14:08:03,12.95,15800,12.96,D
sz300179,四方达,2025-10-16 14:08:27,12.93,20700,12.93,D
sz300179,四方达,2025-10-16 14:08:51,12.92,19100,12.92,D
sz300179,四方达,2025-10-16 14:09:09,12.91,66400,12.91,D
sz300179,四方达,2025-10-16 14:09:18,12.9,28600,12.91,D
sz300179,四方达,2025-10-16 14:09:42,12.89,78900,12.89,D
sz300179,四方达,2025-10-16 14:10:03,12.9,19400,12.9,U
sz300179,四方达,2025-10-16 14:10:45,12.91,20000,12.92,D
sz300179,四方达,2025-10-16 14:11:12,12.92,17900,12.92,U
sz300179,四方达,2025-10-16 14:11:18,12.91,24700,12.91,D
sz300179,四方达,2025-10-16 14:11:48,12.95,16200,12.95,U
sz300179,四方达,2025-10-16 14:12:48,12.98,17000,12.98,D
sz300179,四方达,2025-10-16 14:12:51,12.98,26000,12.98,D
sz300179,四方达,2025-10-16 14:13:06,12.98,46000,12.99,D
sz300179,四方达,2025-10-16 14:13:51,12.97,15600,12.98,D
sz300179,四方达,2025-10-16 14:13:57,12.98,17200,12.98,U
sz300179,四方达,2025-10-16 14:14:42,12.99,27600,12.99,U
sz300179,四方达,2025-10-16 14:14:54,12.98,24100,12.98,D
sz300179,四方达,2025-10-16 14:14:57,12.98,36200,12.98,D
sz300179,四方达,2025-10-16 14:15:00,12.98,53000,12.98,D
sz300179,四方达,2025-10-16 14:15:15,12.95,20100,12.95,D
sz300179,四方达,2025-10-16 14:15:30,12.91,18200,12.92,D
sz300179,四方达,2025-10-16 14:16:09,12.88,33000,12.89,D
sz300179,四方达,2025-10-16 14:16:15,12.88,37800,12.88,D
sz300179,四方达,2025-10-16 14:16:48,12.86,31800,12.86,D
sz300179,四方达,2025-10-16 14:16:51,12.88,76100,12.86,U
sz300179,四方达,2025-10-16 14:16:54,12.86,27400,12.88,D
sz300179,四方达,2025-10-16 14:17:51,12.9,17700,12.89,U
sz300179,四方达,2025-10-16 14:18:06,12.88,19100,12.89,D
sz300179,四方达,2025-10-16 14:18:09,12.88,24600,12.88,D
sz300179,四方达,2025-10-16 14:18:24,12.9,32800,12.88,U
sz300179,四方达,2025-10-16 14:18:51,12.88,28400,12.88,D
sz300179,四方达,2025-10-16 14:19:36,12.88,24000,12.88,D
sz300179,四方达,2025-10-16 14:20:27,12.86,45700,12.87,D
sz300179,四方达,2025-10-16 14:20:36,12.85,44600,12.85,D
sz300179,四方达,2025-10-16 14:20:51,12.84,15900,12.85,D
sz300179,四方达,2025-10-16 14:21:00,12.83,17500,12.83,D
sz300179,四方达,2025-10-16 14:21:12,12.83,16000,12.83,U
sz300179,四方达,2025-10-16 14:21:15,12.82,25600,12.83,D
sz300179,四方达,2025-10-16 14:21:18,12.81,15700,12.82,D
sz300179,四方达,2025-10-16 14:21:21,12.8,25900,12.81,D
sz300179,四方达,2025-10-16 14:21:24,12.8,39100,12.8,D
sz300179,四方达,2025-10-16 14:21:30,12.79,28400,12.79,D
sz300179,四方达,2025-10-16 14:21:45,12.77,17300,12.77,D
sz300179,四方达,2025-10-16 14:21:48,12.77,15800,12.77,D
sz300179,四方达,2025-10-16 14:21:51,12.78,25500,12.77,U
sz300179,四方达,2025-10-16 14:22:06,12.78,21100,12.78,D
sz300179,四方达,2025-10-16 14:22:51,12.84,17400,12.84,U
sz300179,四方达,2025-10-16 14:23:00,12.84,18500,12.84,D
sz300179,四方达,2025-10-16 14:23:45,12.82,40800,12.82,D
sz300179,四方达,2025-10-16 14:24:00,12.81,27800,12.81,D
sz300179,四方达,2025-10-16 14:24:18,12.8,25500,12.81,D
sz300179,四方达,2025-10-16 14:24:42,12.8,21100,12.81,D
sz300179,四方达,2025-10-16 14:25:15,12.78,45700,12.79,D
sz300179,四方达,2025-10-16 14:25:27,12.79,16600,12.79,D
sz300179,四方达,2025-10-16 14:26:12,12.8,21500,12.79,U
sz300179,四方达,2025-10-16 14:26:39,12.81,23700,12.82,D
sz300179,四方达,2025-10-16 14:28:15,12.8,25800,12.81,D
sz300179,四方达,2025-10-16 14:28:24,12.81,36000,12.83,D
sz300179,四方达,2025-10-16 14:29:21,12.82,23700,12.82,D
sz300179,四方达,2025-10-16 14:29:30,12.82,23100,12.82,U
sz300179,四方达,2025-10-16 14:30:06,12.81,113200,12.82,D
sz300179,四方达,2025-10-16 14:30:21,12.8,82600,12.81,D
sz300179,四方达,2025-10-16 14:30:48,12.77,31300,12.78,D
sz300179,四方达,2025-10-16 14:30:51,12.78,32800,12.77,U
sz300179,四方达,2025-10-16 14:31:00,12.75,38000,12.77,D
sz300179,四方达,2025-10-16 14:31:06,12.75,35700,12.75,D
sz300179,四方达,2025-10-16 14:31:18,12.74,18500,12.74,D
sz300179,四方达,2025-10-16 14:31:27,12.72,37800,12.73,D
sz300179,四方达,2025-10-16 14:31:33,12.71,22100,12.71,D
sz300179,四方达,2025-10-16 14:31:36,12.71,15900,12.71,D
sz300179,四方达,2025-10-16 14:31:39,12.7,60700,12.71,D
sz300179,四方达,2025-10-16 14:31:42,12.69,31400,12.7,D
sz300179,四方达,2025-10-16 14:31:51,12.68,21300,12.68,D
sz300179,四方达,2025-10-16 14:32:03,12.66,59100,12.67,D
sz300179,四方达,2025-10-16 14:32:12,12.69,24200,12.67,U
sz300179,四方达,2025-10-16 14:32:18,12.7,18000,12.69,U
sz300179,四方达,2025-10-16 14:34:15,12.8,19000,12.81,D
sz300179,四方达,2025-10-16 14:35:33,12.82,21353,12.82,U
sz300179,四方达,2025-10-16 14:35:45,12.81,32200,12.81,D
sz300179,四方达,2025-10-16 14:36:00,12.81,36600,12.83,D
sz300179,四方达,2025-10-16 14:36:45,12.81,25300,12.82,D
sz300179,四方达,2025-10-16 14:37:15,12.8,27700,12.8,D
sz300179,四方达,2025-10-16 14:37:39,12.79,29400,12.8,D
sz300179,四方达,2025-10-16 14:38:36,12.78,26700,12.77,U
sz300179,四方达,2025-10-16 14:38:42,12.78,18900,12.78,D
sz300179,四方达,2025-10-16 14:38:45,12.78,16000,12.78,D
sz300179,四方达,2025-10-16 14:39:09,12.77,18800,12.76,E
sz300179,四方达,2025-10-16 14:39:45,12.78,39000,12.77,U
sz300179,四方达,2025-10-16 14:40:09,12.76,49000,12.77,D
sz300179,四方达,2025-10-16 14:40:36,12.74,22400,12.75,D
sz300179,四方达,2025-10-16 14:41:09,12.74,24400,12.74,D
sz300179,四方达,2025-10-16 14:41:27,12.75,45800,12.74,U
sz300179,四方达,2025-10-16 14:41:33,12.74,29600,12.75,D
sz300179,四方达,2025-10-16 14:42:30,12.75,18000,12.75,U
sz300179,四方达,2025-10-16 14:42:42,12.74,44500,12.75,D
sz300179,四方达,2025-10-16 14:42:48,12.76,26900,12.75,U
sz300179,四方达,2025-10-16 14:42:54,12.75,16000,12.77,D
sz300179,四方达,2025-10-16 14:43:33,12.77,32500,12.77,U
sz300179,四方达,2025-10-16 14:44:00,12.79,87000,12.77,U
sz300179,四方达,2025-10-16 14:44:15,12.8,17100,12.8,U
sz300179,四方达,2025-10-16 14:44:21,12.8,21500,12.79,U
sz300179,四方达,2025-10-16 14:44:33,12.8,21100,12.8,U
sz300179,四方达,2025-10-16 14:44:42,12.79,30400,12.79,D
sz300179,四方达,2025-10-16 14:44:54,12.79,15900,12.78,U
sz300179,四方达,2025-10-16 14:45:18,12.8,19700,12.79,U
sz300179,四方达,2025-10-16 14:45:33,12.79,21800,12.79,D
sz300179,四方达,2025-10-16 14:45:42,12.8,27600,12.8,U
sz300179,四方达,2025-10-16 14:45:51,12.8,70000,12.8,U
sz300179,四方达,2025-10-16 14:46:00,12.79,38000,12.8,D
sz300179,四方达,2025-10-16 14:46:21,12.79,22500,12.79,D
sz300179,四方达,2025-10-16 14:46:39,12.8,16700,12.79,U
sz300179,四方达,2025-10-16 14:47:00,12.8,22700,12.8,U
sz300179,四方达,2025-10-16 14:47:45,12.79,16300,12.79,D
sz300179,四方达,2025-10-16 14:47:57,12.8,90200,12.8,U
sz300179,四方达,2025-10-16 14:48:03,12.79,20200,12.8,D
sz300179,四方达,2025-10-16 14:48:12,12.79,34500,12.79,D
sz300179,四方达,2025-10-16 14:48:21,12.79,21000,12.79,U
sz300179,四方达,2025-10-16 14:48:27,12.79,18500,12.79,U
sz300179,四方达,2025-10-16 14:48:39,12.79,25100,12.78,U
sz300179,四方达,2025-10-16 14:48:42,12.79,64700,12.79,U
sz300179,四方达,2025-10-16 14:49:12,12.79,21100,12.78,U
sz300179,四方达,2025-10-16 14:49:15,12.78,45600,12.79,D
sz300179,四方达,2025-10-16 14:49:33,12.8,36200,12.79,U
sz300179,四方达,2025-10-16 14:49:48,12.8,16500,12.8,U
sz300179,四方达,2025-10-16 14:49:54,12.8,17500,12.8,U
sz300179,四方达,2025-10-16 14:50:03,12.79,18000,12.8,D
sz300179,四方达,2025-10-16 14:50:09,12.79,16400,12.79,D
sz300179,四方达,2025-10-16 14:50:12,12.78,60800,12.79,D
sz300179,四方达,2025-10-16 14:50:15,12.79,23800,12.78,U
sz300179,四方达,2025-10-16 14:50:18,12.8,28600,12.79,U
sz300179,四方达,2025-10-16 14:50:21,12.78,74100,12.8,D
sz300179,四方达,2025-10-16 14:50:39,12.77,17400,12.78,D
sz300179,四方达,2025-10-16 14:50:42,12.77,28600,12.77,D
sz300179,四方达,2025-10-16 14:50:51,12.78,18800,12.79,D
sz300179,四方达,2025-10-16 14:51:00,12.79,25400,12.78,U
sz300179,四方达,2025-10-16 14:51:09,12.79,61600,12.8,D
sz300179,四方达,2025-10-16 14:51:12,12.8,25900,12.79,U
sz300179,四方达,2025-10-16 14:51:15,12.8,66500,12.8,U
sz300179,四方达,2025-10-16 14:51:18,12.8,34000,12.8,D
sz300179,四方达,2025-10-16 14:51:21,12.81,39300,12.8,U
sz300179,四方达,2025-10-16 14:51:24,12.81,38100,12.81,U
sz300179,四方达,2025-10-16 14:51:39,12.8,26400,12.81,D
sz300179,四方达,2025-10-16 14:51:42,12.81,35900,12.8,U
sz300179,四方达,2025-10-16 14:51:51,12.81,20900,12.81,U
sz300179,四方达,2025-10-16 14:51:54,12.81,21800,12.81,U
sz300179,四方达,2025-10-16 14:51:57,12.81,39500,12.81,U
sz300179,四方达,2025-10-16 14:52:03,12.81,63000,12.81,U
sz300179,四方达,2025-10-16 14:52:06,12.81,62600,12.81,U
sz300179,四方达,2025-10-16 14:52:09,12.81,43300,12.81,U
sz300179,四方达,2025-10-16 14:52:27,12.83,16400,12.82,U
sz300179,四方达,2025-10-16 14:52:30,12.84,50547,12.83,U
sz300179,四方达,2025-10-16 14:52:45,12.85,17100,12.85,U
sz300179,四方达,2025-10-16 14:52:48,12.85,26300,12.85,U
sz300179,四方达,2025-10-16 14:52:51,12.85,37700,12.85,D
sz300179,四方达,2025-10-16 14:52:54,12.88,22400,12.85,U
sz300179,四方达,2025-10-16 14:53:06,12.87,47400,12.88,D
sz300179,四方达,2025-10-16 14:53:12,12.88,19900,12.87,U
sz300179,四方达,2025-10-16 14:53:15,12.87,21100,12.88,D
sz300179,四方达,2025-10-16 14:53:27,12.87,16800,12.87,U
sz300179,四方达,2025-10-16 14:53:30,12.87,26600,12.87,U
sz300179,四方达,2025-10-16 14:53:36,12.87,33900,12.87,U
sz300179,四方达,2025-10-16 14:53:39,12.87,16400,12.87,U
sz300179,四方达,2025-10-16 14:53:45,12.86,41500,12.86,D
sz300179,四方达,2025-10-16 14:53:48,12.81,305600,12.86,D
sz300179,四方达,2025-10-16 14:53:54,12.87,96900,12.82,U
sz300179,四方达,2025-10-16 14:53:57,12.8,19453,12.87,D
sz300179,四方达,2025-10-16 14:54:42,12.85,38400,12.85,U
sz300179,四方达,2025-10-16 14:54:45,12.84,40100,12.85,D
sz300179,四方达,2025-10-16 14:54:54,12.83,84600,12.85,D
sz300179,四方达,2025-10-16 14:55:03,12.85,19900,12.84,U
sz300179,四方达,2025-10-16 14:55:06,12.83,35200,12.85,D
sz300179,四方达,2025-10-16 14:55:12,12.84,22200,12.85,D
sz300179,四方达,2025-10-16 14:55:15,12.84,34800,12.84,D
sz300179,四方达,2025-10-16 14:55:18,12.85,26000,12.84,U
sz300179,四方达,2025-10-16 14:55:27,12.86,38500,12.85,U
sz300179,四方达,2025-10-16 14:55:30,12.84,23611,12.86,D
sz300179,四方达,2025-10-16 14:55:36,12.84,51700,12.85,D
sz300179,四方达,2025-10-16 14:55:42,12.83,20200,12.84,D
sz300179,四方达,2025-10-16 14:55:45,12.84,34600,12.83,U
sz300179,四方达,2025-10-16 14:55:54,12.84,116400,12.84,U
sz300179,四方达,2025-10-16 14:55:57,12.84,20000,12.84,U
sz300179,四方达,2025-10-16 14:56:00,12.83,49200,12.84,D
sz300179,四方达,2025-10-16 14:56:03,12.84,71625,12.83,U
sz300179,四方达,2025-10-16 14:56:09,12.84,29300,12.84,D
sz300179,四方达,2025-10-16 14:56:12,12.84,41500,12.84,D
sz300179,四方达,2025-10-16 14:56:15,12.84,19800,12.84,D
sz300179,四方达,2025-10-16 14:56:18,12.84,16300,12.84,D
sz300179,四方达,2025-10-16 14:56:21,12.84,31700,12.84,D
sz300179,四方达,2025-10-16 14:56:24,12.86,42400,12.84,U
sz300179,四方达,2025-10-16 14:56:27,12.86,29600,12.86,U
sz300179,四方达,2025-10-16 14:56:33,12.86,89900,12.85,U
sz300179,四方达,2025-10-16 14:56:36,12.86,16697,12.86,U
sz300179,四方达,2025-10-16 14:56:39,12.86,37389,12.86,U
sz300179,四方达,2025-10-16 14:56:42,12.86,29800,12.86,D
sz300179,四方达,2025-10-16 14:56:45,12.86,23700,12.86,D
sz300179,四方达,2025-10-16 14:56:51,12.87,45800,12.86,U
sz300179,四方达,2025-10-16 14:56:54,12.87,47500,12.87,U
sz300179,四方达,2025-10-16 14:56:57,12.87,20700,12.87,D
sz300179,四方达,2025-10-16 15:00:00,12.87,719300,12.88,U
