symbol,name,ticktime,price,volume,prev_price,kind
sz300179,四方达,2025-09-23 09:25:00,10.7,638300,0.0,D
sz300179,四方达,2025-09-23 09:30:00,10.65,496500,10.7,D
sz300179,四方达,2025-09-23 09:30:03,10.69,107300,10.65,U
sz300179,四方达,2025-09-23 09:30:09,10.65,26200,10.65,D
sz300179,四方达,2025-09-23 09:30:12,10.64,66600,10.65,D
sz300179,四方达,2025-09-23 09:30:15,10.64,40300,10.64,D
sz300179,四方达,2025-09-23 09:30:18,10.63,25200,10.64,D
sz300179,四方达,2025-09-23 09:30:21,10.62,25300,10.63,D
sz300179,四方达,2025-09-23 09:30:30,10.6,25900,10.6,D
sz300179,四方达,2025-09-23 09:30:36,10.6,29900,10.61,D
sz300179,四方达,2025-09-23 09:30:39,10.6,36500,10.6,U
sz300179,四方达,2025-09-23 09:30:42,10.63,79300,10.6,U
sz300179,四方达,2025-09-23 09:30:45,10.64,209800,10.63,U
sz300179,四方达,2025-09-23 09:30:48,10.64,48100,10.64,U
sz300179,四方达,2025-09-23 09:30:51,10.65,122300,10.64,E
sz300179,四方达,2025-09-23 09:31:00,10.68,19300,10.69,E
sz300179,四方达,2025-09-23 09:31:06,10.67,26900,10.68,D
sz300179,四方达,2025-09-23 09:31:12,10.69,38600,10.68,U
sz300179,四方达,2025-09-23 09:31:21,10.66,96900,10.67,E
sz300179,四方达,2025-09-23 09:31:24,10.7,191900,10.66,U
sz300179,四方达,2025-09-23 09:31:39,10.73,37200,10.72,U
sz300179,四方达,2025-09-23 09:31:57,10.77,22900,10.76,U
sz300179,四方达,2025-09-23 09:32:00,10.73,55800,10.77,D
sz300179,四方达,2025-09-23 09:32:09,10.73,43700,10.74,E
sz300179,四方达,2025-09-23 09:32:15,10.7,41800,10.71,D
sz300179,四方达,2025-09-23 09:32:33,10.7,19100,10.71,D
sz300179,四方达,2025-09-23 09:32:36,10.71,125100,10.7,U
sz300179,四方达,2025-09-23 09:32:45,10.69,28200,10.69,D
sz300179,四方达,2025-09-23 09:32:48,10.7,35100,10.69,E
sz300179,四方达,2025-09-23 09:33:09,10.69,42900,10.69,D
sz300179,四方达,2025-09-23 09:33:24,10.7,86100,10.69,U
sz300179,四方达,2025-09-23 09:33:27,10.7,45700,10.7,D
sz300179,四方达,2025-09-23 09:33:36,10.7,20800,10.68,U
sz300179,四方达,2025-09-23 09:34:15,10.69,22700,10.69,D
sz300179,四方达,2025-09-23 09:34:33,10.68,28900,10.68,D
sz300179,四方达,2025-09-23 09:34:39,10.68,58900,10.67,U
sz300179,四方达,2025-09-23 09:34:48,10.69,19700,10.68,D
sz300179,四方达,2025-09-23 09:35:15,10.7,19000,10.69,U
sz300179,四方达,2025-09-23 09:35:39,10.67,22800,10.68,D
sz300179,四方达,2025-09-23 09:36:18,10.67,38000,10.68,D
sz300179,四方达,2025-09-23 09:36:27,10.67,150300,10.67,D
sz300179,四方达,2025-09-23 09:36:30,10.66,39400,10.67,D
sz300179,四方达,2025-09-23 09:36:39,10.66,133400,10.67,D
sz300179,四方达,2025-09-23 09:37:09,10.65,47500,10.64,U
sz300179,四方达,2025-09-23 09:37:21,10.65,43400,10.65,E
sz300179,四方达,2025-09-23 09:37:30,10.65,28600,10.65,D
sz300179,四方达,2025-09-23 09:37:45,10.63,56000,10.63,D
sz300179,四方达,2025-09-23 09:37:51,10.64,26100,10.63,U
sz300179,四方达,2025-09-23 09:38:06,10.63,156300,10.63,D
sz300179,四方达,2025-09-23 09:38:15,10.63,144000,10.63,U
sz300179,四方达,2025-09-23 09:38:24,10.62,40800,10.62,U
sz300179,四方达,2025-09-23 09:38:30,10.6,19600,10.62,D
sz300179,四方达,2025-09-23 09:38:39,10.6,44600,10.6,U
sz300179,四方达,2025-09-23 09:38:42,10.59,23700,10.6,D
sz300179,四方达,2025-09-23 09:38:51,10.58,38200,10.59,D
sz300179,四方达,2025-09-23 09:38:57,10.62,94600,10.58,U
sz300179,四方达,2025-09-23 09:39:12,10.61,21900,10.62,D
sz300179,四方达,2025-09-23 09:39:21,10.59,30600,10.59,D
sz300179,四方达,2025-09-23 09:39:24,10.59,173400,10.59,D
sz300179,四方达,2025-09-23 09:39:36,10.58,107300,10.59,D
sz300179,四方达,2025-09-23 09:40:00,10.61,40600,10.62,E
sz300179,四方达,2025-09-23 09:40:36,10.61,20800,10.63,D
sz300179,四方达,2025-09-23 09:42:06,10.6,19500,10.61,D
sz300179,四方达,2025-09-23 09:42:15,10.61,59000,10.6,U
sz300179,四方达,2025-09-23 09:42:18,10.6,22200,10.61,D
sz300179,四方达,2025-09-23 09:42:30,10.59,23800,10.6,D
sz300179,四方达,2025-09-23 09:42:39,10.58,24900,10.59,D
sz300179,四方达,2025-09-23 09:42:48,10.58,90900,10.6,D
sz300179,四方达,2025-09-23 09:43:06,10.6,27500,10.58,U
sz300179,四方达,2025-09-23 09:43:51,10.58,40600,10.59,D
sz300179,四方达,2025-09-23 09:44:09,10.58,20000,10.58,D
sz300179,四方达,2025-09-23 09:44:15,10.58,38000,10.58,D
sz300179,四方达,2025-09-23 09:44:24,10.56,42700,10.57,D
sz300179,四方达,2025-09-23 09:44:30,10.55,23900,10.55,D
sz300179,四方达,2025-09-23 09:44:33,10.55,58300,10.55,D
sz300179,四方达,2025-09-23 09:44:39,10.55,27400,10.56,U
sz300179,四方达,2025-09-23 09:44:42,10.56,36600,10.55,U
sz300179,四方达,2025-09-23 09:44:45,10.56,82100,10.56,U
sz300179,四方达,2025-09-23 09:44:54,10.56,40400,10.56,U
sz300179,四方达,2025-09-23 09:45:00,10.57,151200,10.56,U
sz300179,四方达,2025-09-23 09:45:03,10.56,20100,10.57,D
sz300179,四方达,2025-09-23 09:45:09,10.55,57800,10.56,D
sz300179,四方达,2025-09-23 09:45:27,10.58,21900,10.55,U
sz300179,四方达,2025-09-23 09:45:45,10.59,23700,10.59,U
sz300179,四方达,2025-09-23 09:46:36,10.58,50200,10.58,D
sz300179,四方达,2025-09-23 09:47:48,10.57,21000,10.58,D
sz300179,四方达,2025-09-23 09:47:57,10.57,20400,10.56,U
sz300179,四方达,2025-09-23 09:48:00,10.57,31100,10.57,D
sz300179,四方达,2025-09-23 09:48:03,10.55,45500,10.57,D
sz300179,四方达,2025-09-23 09:48:12,10.54,44100,10.55,D
sz300179,四方达,2025-09-23 09:48:21,10.53,61900,10.53,D
sz300179,四方达,2025-09-23 09:48:24,10.52,34900,10.53,D
sz300179,四方达,2025-09-23 09:48:36,10.52,22900,10.51,U
sz300179,四方达,2025-09-23 09:48:42,10.53,41100,10.52,U
sz300179,四方达,2025-09-23 09:49:21,10.55,19600,10.55,U
sz300179,四方达,2025-09-23 09:50:30,10.55,29500,10.55,U
sz300179,四方达,2025-09-23 09:50:39,10.55,20800,10.55,U
sz300179,四方达,2025-09-23 09:50:51,10.54,42900,10.55,D
sz300179,四方达,2025-09-23 09:51:12,10.53,20700,10.53,D
sz300179,四方达,2025-09-23 09:51:21,10.52,20100,10.53,D
sz300179,四方达,2025-09-23 09:51:24,10.51,71400,10.52,D
sz300179,四方达,2025-09-23 09:51:48,10.51,39300,10.51,D
sz300179,四方达,2025-09-23 09:51:51,10.5,50000,10.51,D
sz300179,四方达,2025-09-23 09:51:54,10.53,35500,10.5,U
sz300179,四方达,2025-09-23 09:52:21,10.5,33200,10.5,D
sz300179,四方达,2025-09-23 09:52:30,10.5,85800,10.5,D
sz300179,四方达,2025-09-23 09:52:36,10.51,36800,10.5,U
sz300179,四方达,2025-09-23 09:54:03,10.53,19900,10.52,U
sz300179,四方达,2025-09-23 09:54:36,10.54,50900,10.55,D
sz300179,四方达,2025-09-23 09:55:03,10.52,56200,10.53,D
sz300179,四方达,2025-09-23 09:56:36,10.52,48300,10.54,D
sz300179,四方达,2025-09-23 09:57:18,10.51,20900,10.5,U
sz300179,四方达,2025-09-23 09:59:30,10.49,114300,10.51,D
sz300179,四方达,2025-09-23 09:59:48,10.5,46400,10.49,U
sz300179,四方达,2025-09-23 10:00:03,10.48,41600,10.48,U
sz300179,四方达,2025-09-23 10:00:06,10.49,164500,10.48,U
sz300179,四方达,2025-09-23 10:01:42,10.46,54300,10.46,D
sz300179,四方达,2025-09-23 10:01:57,10.47,31000,10.47,U
sz300179,四方达,2025-09-23 10:02:27,10.46,106800,10.46,D
sz300179,四方达,2025-09-23 10:02:51,10.45,39000,10.45,D
sz300179,四方达,2025-09-23 10:02:54,10.45,22900,10.45,U
sz300179,四方达,2025-09-23 10:03:00,10.45,23500,10.45,D
sz300179,四方达,2025-09-23 10:03:09,10.48,45600,10.48,U
sz300179,四方达,2025-09-23 10:04:09,10.43,52700,10.44,D
sz300179,四方达,2025-09-23 10:04:27,10.44,57200,10.43,U
sz300179,四方达,2025-09-23 10:04:42,10.41,24400,10.42,D
sz300179,四方达,2025-09-23 10:04:51,10.42,19700,10.42,U
sz300179,四方达,2025-09-23 10:05:00,10.43,28900,10.43,U
sz300179,四方达,2025-09-23 10:05:24,10.42,28300,10.42,U
sz300179,四方达,2025-09-23 10:06:12,10.43,41800,10.44,D
sz300179,四方达,2025-09-23 10:06:27,10.43,162600,10.43,U
sz300179,四方达,2025-09-23 10:06:30,10.4,161400,10.43,D
sz300179,四方达,2025-09-23 10:06:33,10.42,31300,10.4,U
sz300179,四方达,2025-09-23 10:06:36,10.42,165800,10.42,U
sz300179,四方达,2025-09-23 10:06:39,10.42,66200,10.42,U
sz300179,四方达,2025-09-23 10:06:57,10.4,42500,10.42,D
sz300179,四方达,2025-09-23 10:08:15,10.41,21700,10.41,U
sz300179,四方达,2025-09-23 10:08:42,10.4,45719,10.4,D
sz300179,四方达,2025-09-23 10:08:45,10.41,28300,10.4,U
sz300179,四方达,2025-09-23 10:09:48,10.41,30300,10.4,U
sz300179,四方达,2025-09-23 10:09:57,10.41,29000,10.41,U
sz300179,四方达,2025-09-23 10:10:03,10.4,57900,10.41,D
sz300179,四方达,2025-09-23 10:10:24,10.39,28500,10.4,D
sz300179,四方达,2025-09-23 10:11:06,10.39,81200,10.39,D
sz300179,四方达,2025-09-23 10:11:18,10.39,38900,10.39,D
sz300179,四方达,2025-09-23 10:12:09,10.38,22100,10.39,D
sz300179,四方达,2025-09-23 10:12:45,10.38,34900,10.4,D
sz300179,四方达,2025-09-23 10:12:48,10.38,82200,10.38,D
sz300179,四方达,2025-09-23 10:13:18,10.37,61800,10.37,D
sz300179,四方达,2025-09-23 10:13:30,10.35,21700,10.36,D
sz300179,四方达,2025-09-23 10:13:39,10.36,120100,10.35,D
sz300179,四方达,2025-09-23 10:13:42,10.37,19400,10.36,U
sz300179,四方达,2025-09-23 10:13:45,10.38,33700,10.37,U
sz300179,四方达,2025-09-23 10:13:54,10.38,19400,10.38,U
sz300179,四方达,2025-09-23 10:14:03,10.39,20900,10.38,U
sz300179,四方达,2025-09-23 10:14:09,10.4,43200,10.4,U
sz300179,四方达,2025-09-23 10:14:27,10.42,19719,10.41,U
sz300179,四方达,2025-09-23 10:14:36,10.44,74600,10.41,U
sz300179,四方达,2025-09-23 10:16:03,10.4,46081,10.41,D
sz300179,四方达,2025-09-23 10:16:09,10.42,20000,10.4,U
sz300179,四方达,2025-09-23 10:16:48,10.41,29900,10.41,U
sz300179,四方达,2025-09-23 10:19:45,10.37,20200,10.37,D
sz300179,四方达,2025-09-23 10:19:51,10.36,70000,10.38,D
sz300179,四方达,2025-09-23 10:22:27,10.37,96900,10.39,D
sz300179,四方达,2025-09-23 10:23:39,10.37,26300,10.38,D
sz300179,四方达,2025-09-23 10:23:42,10.37,45500,10.37,D
sz300179,四方达,2025-09-23 10:24:54,10.34,61200,10.35,D
sz300179,四方达,2025-09-23 10:25:00,10.35,31100,10.34,U
sz300179,四方达,2025-09-23 10:25:09,10.32,47400,10.34,D
sz300179,四方达,2025-09-23 10:25:12,10.31,52000,10.32,D
sz300179,四方达,2025-09-23 10:25:21,10.3,50000,10.33,D
sz300179,四方达,2025-09-23 10:26:03,10.33,23100,10.32,E
sz300179,四方达,2025-09-23 10:26:36,10.35,24100,10.34,U
sz300179,四方达,2025-09-23 10:26:51,10.36,35700,10.36,U
sz300179,四方达,2025-09-23 10:29:09,10.33,41100,10.33,D
sz300179,四方达,2025-09-23 10:31:15,10.35,20200,10.34,U
sz300179,四方达,2025-09-23 10:32:27,10.35,50900,10.36,D
sz300179,四方达,2025-09-23 10:33:45,10.36,27900,10.36,U
sz300179,四方达,2025-09-23 10:33:51,10.35,29400,10.35,D
sz300179,四方达,2025-09-23 10:34:03,10.36,44300,10.35,U
sz300179,四方达,2025-09-23 10:34:33,10.38,55300,10.38,U
sz300179,四方达,2025-09-23 10:35:18,10.41,56900,10.4,U
sz300179,四方达,2025-09-23 10:35:39,10.41,27900,10.41,D
sz300179,四方达,2025-09-23 10:35:45,10.4,23400,10.41,D
sz300179,四方达,2025-09-23 10:35:48,10.41,24000,10.4,U
sz300179,四方达,2025-09-23 10:36:45,10.42,21500,10.42,U
sz300179,四方达,2025-09-23 10:39:09,10.41,23400,10.41,D
sz300179,四方达,2025-09-23 10:39:27,10.4,26700,10.42,D
sz300179,四方达,2025-09-23 10:39:30,10.41,92200,10.4,E
sz300179,四方达,2025-09-23 10:41:12,10.36,39800,10.38,D
sz300179,四方达,2025-09-23 10:41:15,10.36,29800,10.36,D
sz300179,四方达,2025-09-23 10:42:24,10.37,21300,10.37,D
sz300179,四方达,2025-09-23 10:46:00,10.4,20100,10.41,D
sz300179,四方达,2025-09-23 10:46:21,10.41,51000,10.41,U
sz300179,四方达,2025-09-23 10:47:39,10.38,30000,10.4,D
sz300179,四方达,2025-09-23 10:49:15,10.39,83100,10.39,U
sz300179,四方达,2025-09-23 10:51:30,10.39,24000,10.39,U
sz300179,四方达,2025-09-23 10:52:42,10.37,20000,10.37,D
sz300179,四方达,2025-09-23 10:53:30,10.35,34800,10.36,D
sz300179,四方达,2025-09-23 10:53:33,10.33,107700,10.35,D
sz300179,四方达,2025-09-23 10:53:36,10.32,85200,10.33,D
sz300179,四方达,2025-09-23 10:53:39,10.32,53700,10.32,D
sz300179,四方达,2025-09-23 10:53:45,10.39,25600,10.33,U
sz300179,四方达,2025-09-23 10:54:03,10.35,35100,10.35,U
sz300179,四方达,2025-09-23 10:56:36,10.35,100000,10.36,D
sz300179,四方达,2025-09-23 11:00:39,10.38,32400,10.38,U
sz300179,四方达,2025-09-23 11:01:06,10.36,22800,10.37,D
sz300179,四方达,2025-09-23 11:01:09,10.37,29200,10.36,U
sz300179,四方达,2025-09-23 11:01:36,10.35,19500,10.36,D
sz300179,四方达,2025-09-23 11:01:42,10.34,21300,10.35,D
sz300179,四方达,2025-09-23 11:02:06,10.37,25500,10.34,U
sz300179,四方达,2025-09-23 11:02:54,10.37,19900,10.36,U
sz300179,四方达,2025-09-23 11:04:09,10.36,24600,10.38,D
sz300179,四方达,2025-09-23 11:07:39,10.4,19500,10.41,D
sz300179,四方达,2025-09-23 11:07:57,10.41,108700,10.41,D
sz300179,四方达,2025-09-23 11:09:15,10.37,20800,10.37,D
sz300179,四方达,2025-09-23 11:12:09,10.38,34300,10.39,D
sz300179,四方达,2025-09-23 11:15:33,10.37,142200,10.37,U
sz300179,四方达,2025-09-23 11:17:39,10.36,60500,10.37,D
sz300179,四方达,2025-09-23 11:18:03,10.39,19600,10.37,U
sz300179,四方达,2025-09-23 11:19:09,10.37,60000,10.38,D
sz300179,四方达,2025-09-23 11:19:39,10.4,27000,10.39,U
sz300179,四方达,2025-09-23 11:22:12,10.35,40900,10.35,D
sz300179,四方达,2025-09-23 11:23:09,10.35,35700,10.35,D
sz300179,四方达,2025-09-23 11:25:12,10.35,62600,10.37,D
sz300179,四方达,2025-09-23 11:26:42,10.35,45100,10.34,U
sz300179,四方达,2025-09-23 11:29:03,10.36,22900,10.35,U
sz300179,四方达,2025-09-23 11:29:12,10.4,45000,10.36,U
sz300179,四方达,2025-09-23 13:00:00,10.36,54000,10.38,D
sz300179,四方达,2025-09-23 13:03:45,10.32,25400,10.32,U
sz300179,四方达,2025-09-23 13:04:12,10.28,226100,10.31,D
sz300179,四方达,2025-09-23 13:04:15,10.31,34200,10.28,U
sz300179,四方达,2025-09-23 13:07:15,10.3,200600,10.29,U
sz300179,四方达,2025-09-23 13:07:18,10.3,39800,10.3,U
sz300179,四方达,2025-09-23 13:07:21,10.3,26500,10.3,U
sz300179,四方达,2025-09-23 13:07:36,10.29,99400,10.3,D
sz300179,四方达,2025-09-23 13:09:27,10.3,25300,10.3,D
sz300179,四方达,2025-09-23 13:12:45,10.34,19500,10.34,D
sz300179,四方达,2025-09-23 13:13:09,10.33,25300,10.34,D
sz300179,四方达,2025-09-23 13:17:27,10.3,20000,10.32,D
sz300179,四方达,2025-09-23 13:17:33,10.3,20000,10.31,D
sz300179,四方达,2025-09-23 13:18:24,10.29,22900,10.29,D
sz300179,四方达,2025-09-23 13:18:30,10.29,49700,10.3,D
sz300179,四方达,2025-09-23 13:18:45,10.28,59800,10.28,D
sz300179,四方达,2025-09-23 13:19:09,10.29,20200,10.29,U
sz300179,四方达,2025-09-23 13:22:03,10.29,23300,10.31,D
sz300179,四方达,2025-09-23 13:22:06,10.28,23500,10.29,D
sz300179,四方达,2025-09-23 13:22:33,10.29,24500,10.29,U
sz300179,四方达,2025-09-23 13:23:21,10.29,83300,10.3,D
sz300179,四方达,2025-09-23 13:30:00,10.33,99400,10.32,U
sz300179,四方达,2025-09-23 13:30:42,10.31,28300,10.32,D
sz300179,四方达,2025-09-23 13:31:24,10.34,21200,10.34,U
sz300179,四方达,2025-09-23 13:32:24,10.33,20000,10.34,D
sz300179,四方达,2025-09-23 13:32:39,10.32,44000,10.32,D
sz300179,四方达,2025-09-23 13:32:51,10.32,37000,10.32,D
sz300179,四方达,2025-09-23 13:33:06,10.3,30600,10.31,D
sz300179,四方达,2025-09-23 13:34:12,10.31,20500,10.3,U
sz300179,四方达,2025-09-23 13:35:03,10.29,77100,10.31,D
sz300179,四方达,2025-09-23 13:35:27,10.29,28800,10.29,D
sz300179,四方达,2025-09-23 13:35:39,10.28,110900,10.28,D
sz300179,四方达,2025-09-23 13:36:03,10.29,38200,10.27,U
sz300179,四方达,2025-09-23 13:37:09,10.28,21200,10.29,D
sz300179,四方达,2025-09-23 13:37:45,10.28,19500,10.27,U
sz300179,四方达,2025-09-23 13:41:15,10.28,29100,10.28,D
sz300179,四方达,2025-09-23 13:42:03,10.27,20000,10.27,D
sz300179,四方达,2025-09-23 13:43:24,10.27,36200,10.28,D
sz300179,四方达,2025-09-23 13:44:06,10.27,25700,10.27,U
sz300179,四方达,2025-09-23 13:46:30,10.26,55200,10.27,D
sz300179,四方达,2025-09-23 13:49:12,10.29,23800,10.28,U
sz300179,四方达,2025-09-23 13:49:15,10.29,26200,10.29,D
sz300179,四方达,2025-09-23 13:49:24,10.29,50000,10.28,U
sz300179,四方达,2025-09-23 13:51:18,10.27,27600,10.27,D
sz300179,四方达,2025-09-23 13:56:45,10.3,20300,10.3,U
sz300179,四方达,2025-09-23 13:58:06,10.31,20000,10.31,D
sz300179,四方达,2025-09-23 14:01:12,10.31,22300,10.31,D
sz300179,四方达,2025-09-23 14:02:06,10.3,19600,10.33,D
sz300179,四方达,2025-09-23 14:02:27,10.3,19500,10.3,D
sz300179,四方达,2025-09-23 14:03:06,10.28,51200,10.3,D
sz300179,四方达,2025-09-23 14:03:09,10.27,36700,10.28,D
sz300179,四方达,2025-09-23 14:03:12,10.29,27900,10.27,U
sz300179,四方达,2025-09-23 14:07:30,10.28,27300,10.29,D
sz300179,四方达,2025-09-23 14:08:57,10.28,48700,10.28,D
sz300179,四方达,2025-09-23 14:10:33,10.27,62800,10.29,D
sz300179,四方达,2025-09-23 14:12:45,10.29,20000,10.28,U
sz300179,四方达,2025-09-23 14:17:21,10.31,36800,10.31,D
sz300179,四方达,2025-09-23 14:20:36,10.33,31100,10.32,U
sz300179,四方达,2025-09-23 14:21:03,10.34,30700,10.32,U
sz300179,四方达,2025-09-23 14:21:21,10.32,31800,10.33,D
sz300179,四方达,2025-09-23 14:21:33,10.32,22800,10.32,U
sz300179,四方达,2025-09-23 14:25:51,10.34,21200,10.35,D
sz300179,四方达,2025-09-23 14:27:06,10.36,55200,10.36,U
sz300179,四方达,2025-09-23 14:29:21,10.43,108000,10.4,U
sz300179,四方达,2025-09-23 14:29:24,10.41,22000,10.43,D
sz300179,四方达,2025-09-23 14:29:48,10.43,40200,10.41,U
sz300179,四方达,2025-09-23 14:30:48,10.43,19200,10.44,D
sz300179,四方达,2025-09-23 14:30:51,10.43,20700,10.43,D
sz300179,四方达,2025-09-23 14:30:54,10.44,24700,10.43,U
sz300179,四方达,2025-09-23 14:31:54,10.43,58300,10.43,D
sz300179,四方达,2025-09-23 14:33:30,10.42,19300,10.4,U
sz300179,四方达,2025-09-23 14:35:09,10.42,40800,10.41,U
sz300179,四方达,2025-09-23 14:35:15,10.43,32100,10.41,U
sz300179,四方达,2025-09-23 14:35:48,10.45,67900,10.45,U
sz300179,四方达,2025-09-23 14:35:51,10.44,35000,10.45,D
sz300179,四方达,2025-09-23 14:36:21,10.44,20500,10.44,D
sz300179,四方达,2025-09-23 14:36:36,10.44,39500,10.44,U
sz300179,四方达,2025-09-23 14:37:00,10.43,21700,10.44,D
sz300179,四方达,2025-09-23 14:39:42,10.42,19900,10.42,U
sz300179,四方达,2025-09-23 14:40:00,10.44,19900,10.43,U
sz300179,四方达,2025-09-23 14:41:42,10.43,24800,10.44,D
sz300179,四方达,2025-09-23 14:42:48,10.46,25500,10.44,U
sz300179,四方达,2025-09-23 14:42:54,10.47,45100,10.44,U
sz300179,四方达,2025-09-23 14:43:48,10.45,24700,10.46,D
sz300179,四方达,2025-09-23 14:46:18,10.46,29600,10.46,D
sz300179,四方达,2025-09-23 14:47:39,10.47,19400,10.47,D
sz300179,四方达,2025-09-23 14:50:12,10.48,34800,10.47,U
sz300179,四方达,2025-09-23 14:50:30,10.47,48500,10.47,D
sz300179,四方达,2025-09-23 14:50:42,10.47,22800,10.47,U
sz300179,四方达,2025-09-23 14:52:42,10.47,24700,10.47,D
sz300179,四方达,2025-09-23 14:53:12,10.45,61800,10.47,D
sz300179,四方达,2025-09-23 14:53:15,10.47,28700,10.45,U
sz300179,四方达,2025-09-23 14:53:36,10.46,42700,10.47,D
sz300179,四方达,2025-09-23 14:54:09,10.46,31000,10.47,D
sz300179,四方达,2025-09-23 14:55:30,10.46,25900,10.46,D
sz300179,四方达,2025-09-23 14:55:42,10.47,30800,10.47,U
sz300179,四方达,2025-09-23 14:55:45,10.46,29900,10.47,D
sz300179,四方达,2025-09-23 14:56:33,10.46,29200,10.46,D
sz300179,四方达,2025-09-23 14:56:45,10.47,45500,10.47,U
sz300179,四方达,2025-09-23 15:00:00,10.47,238300,10.46,E
