symbol,name,ticktime,price,volume,prev_price,kind
sz300179,四方达,2025-10-14 09:25:00,11.75,819900,0.0,U
sz300179,四方达,2025-10-14 09:30:00,11.78,891100,11.75,U
sz300179,四方达,2025-10-14 09:30:03,11.77,457800,11.78,D
sz300179,四方达,2025-10-14 09:30:06,11.77,345178,11.77,D
sz300179,四方达,2025-10-14 09:30:09,11.75,382222,11.77,D
sz300179,四方达,2025-10-14 09:30:12,11.7,204700,11.75,D
sz300179,四方达,2025-10-14 09:30:15,11.67,117700,11.7,D
sz300179,四方达,2025-10-14 09:30:18,11.64,123600,11.67,D
sz300179,四方达,2025-10-14 09:30:21,11.6,75100,11.64,D
sz300179,四方达,2025-10-14 09:30:24,11.6,62200,11.6,D
sz300179,四方达,2025-10-14 09:30:27,11.6,109300,11.6,U
sz300179,四方达,2025-10-14 09:30:30,11.59,133700,11.6,D
sz300179,四方达,2025-10-14 09:30:33,11.55,54200,11.59,D
sz300179,四方达,2025-10-14 09:30:36,11.54,63100,11.55,D
sz300179,四方达,2025-10-14 09:30:39,11.59,100400,11.54,U
sz300179,四方达,2025-10-14 09:30:42,11.59,171200,11.59,D
sz300179,四方达,2025-10-14 09:30:45,11.64,170900,11.59,U
sz300179,四方达,2025-10-14 09:30:48,11.65,40200,11.64,U
sz300179,四方达,2025-10-14 09:30:51,11.65,31500,11.65,D
sz300179,四方达,2025-10-14 09:30:54,11.65,27800,11.65,D
sz300179,四方达,2025-10-14 09:30:57,11.65,56600,11.65,D
sz300179,四方达,2025-10-14 09:31:00,11.66,53300,11.65,U
sz300179,四方达,2025-10-14 09:31:03,11.66,37900,11.66,D
sz300179,四方达,2025-10-14 09:31:06,11.69,150800,11.66,U
sz300179,四方达,2025-10-14 09:31:09,11.73,65000,11.69,U
sz300179,四方达,2025-10-14 09:31:15,11.75,33700,11.77,E
sz300179,四方达,2025-10-14 09:31:18,11.75,54000,11.75,D
sz300179,四方达,2025-10-14 09:31:21,11.75,86400,11.75,U
sz300179,四方达,2025-10-14 09:31:24,11.73,47100,11.75,E
sz300179,四方达,2025-10-14 09:31:27,11.74,54700,11.73,U
sz300179,四方达,2025-10-14 09:31:30,11.69,32000,11.74,E
sz300179,四方达,2025-10-14 09:31:33,11.69,40300,11.69,U
sz300179,四方达,2025-10-14 09:31:36,11.71,39500,11.69,U
sz300179,四方达,2025-10-14 09:31:39,11.69,187800,11.71,D
sz300179,四方达,2025-10-14 09:31:42,11.7,18600,11.69,U
sz300179,四方达,2025-10-14 09:31:45,11.7,43000,11.7,D
sz300179,四方达,2025-10-14 09:31:48,11.7,63400,11.7,D
sz300179,四方达,2025-10-14 09:31:51,11.7,68400,11.7,D
sz300179,四方达,2025-10-14 09:31:54,11.7,220300,11.7,U
sz300179,四方达,2025-10-14 09:31:57,11.7,88600,11.7,D
sz300179,四方达,2025-10-14 09:32:00,11.7,167600,11.7,D
sz300179,四方达,2025-10-14 09:32:03,11.7,51300,11.7,U
sz300179,四方达,2025-10-14 09:32:06,11.68,68900,11.7,D
sz300179,四方达,2025-10-14 09:32:09,11.69,202800,11.68,U
sz300179,四方达,2025-10-14 09:32:12,11.68,51500,11.69,E
sz300179,四方达,2025-10-14 09:32:15,11.66,23200,11.68,D
sz300179,四方达,2025-10-14 09:32:18,11.7,256300,11.66,U
sz300179,四方达,2025-10-14 09:32:21,11.71,115900,11.7,U
sz300179,四方达,2025-10-14 09:32:24,11.69,106400,11.71,E
sz300179,四方达,2025-10-14 09:32:27,11.7,30600,11.69,U
sz300179,四方达,2025-10-14 09:32:30,11.71,47300,11.7,U
sz300179,四方达,2025-10-14 09:32:33,11.68,19800,11.71,D
sz300179,四方达,2025-10-14 09:32:36,11.7,44700,11.68,U
sz300179,四方达,2025-10-14 09:32:39,11.69,20500,11.7,D
sz300179,四方达,2025-10-14 09:32:42,11.69,27700,11.69,U
sz300179,四方达,2025-10-14 09:32:45,11.69,118400,11.69,U
sz300179,四方达,2025-10-14 09:32:48,11.69,33500,11.69,D
sz300179,四方达,2025-10-14 09:32:51,11.69,92300,11.69,D
sz300179,四方达,2025-10-14 09:32:54,11.69,210600,11.69,U
sz300179,四方达,2025-10-14 09:32:57,11.69,53500,11.69,D
sz300179,四方达,2025-10-14 09:33:00,11.73,115500,11.69,U
sz300179,四方达,2025-10-14 09:33:03,11.73,33600,11.73,U
sz300179,四方达,2025-10-14 09:33:06,11.73,103200,11.73,U
sz300179,四方达,2025-10-14 09:33:12,11.7,245900,11.73,D
sz300179,四方达,2025-10-14 09:33:15,11.71,42200,11.7,E
sz300179,四方达,2025-10-14 09:33:18,11.73,22100,11.71,U
sz300179,四方达,2025-10-14 09:33:24,11.72,33900,11.73,D
sz300179,四方达,2025-10-14 09:33:30,11.73,26900,11.72,U
sz300179,四方达,2025-10-14 09:33:33,11.73,49500,11.73,D
sz300179,四方达,2025-10-14 09:33:42,11.71,40800,11.73,D
sz300179,四方达,2025-10-14 09:33:45,11.71,66300,11.71,U
sz300179,四方达,2025-10-14 09:33:48,11.73,42500,11.71,U
sz300179,四方达,2025-10-14 09:33:51,11.7,37100,11.73,D
sz300179,四方达,2025-10-14 09:33:54,11.71,28000,11.7,U
sz300179,四方达,2025-10-14 09:33:57,11.7,72000,11.71,D
sz300179,四方达,2025-10-14 09:34:00,11.69,646900,11.7,D
sz300179,四方达,2025-10-14 09:34:03,11.66,115400,11.69,D
sz300179,四方达,2025-10-14 09:34:06,11.66,76800,11.66,D
sz300179,四方达,2025-10-14 09:34:09,11.67,25600,11.66,D
sz300179,四方达,2025-10-14 09:34:12,11.72,207500,11.67,U
sz300179,四方达,2025-10-14 09:34:15,11.76,310800,11.72,U
sz300179,四方达,2025-10-14 09:34:18,11.76,148100,11.76,D
sz300179,四方达,2025-10-14 09:34:24,11.76,23400,11.77,U
sz300179,四方达,2025-10-14 09:34:27,11.74,29600,11.76,D
sz300179,四方达,2025-10-14 09:34:30,11.76,21200,11.74,U
sz300179,四方达,2025-10-14 09:34:33,11.78,42200,11.76,U
sz300179,四方达,2025-10-14 09:34:36,11.78,25100,11.78,D
sz300179,四方达,2025-10-14 09:34:39,11.79,32200,11.78,U
sz300179,四方达,2025-10-14 09:34:42,11.81,48200,11.79,U
sz300179,四方达,2025-10-14 09:34:48,11.83,49400,11.81,U
sz300179,四方达,2025-10-14 09:34:51,11.85,31000,11.83,U
sz300179,四方达,2025-10-14 09:34:54,11.85,35000,11.85,U
sz300179,四方达,2025-10-14 09:34:57,11.84,38900,11.85,D
sz300179,四方达,2025-10-14 09:35:00,11.86,245300,11.84,U
sz300179,四方达,2025-10-14 09:35:03,11.84,122000,11.86,D
sz300179,四方达,2025-10-14 09:35:06,11.83,103283,11.84,D
sz300179,四方达,2025-10-14 09:35:09,11.84,99317,11.83,U
sz300179,四方达,2025-10-14 09:35:12,11.83,45400,11.84,D
sz300179,四方达,2025-10-14 09:35:15,11.87,209600,11.83,U
sz300179,四方达,2025-10-14 09:35:18,11.86,207700,11.87,D
sz300179,四方达,2025-10-14 09:35:21,11.91,83883,11.86,U
sz300179,四方达,2025-10-14 09:35:24,11.93,35300,11.91,U
sz300179,四方达,2025-10-14 09:35:27,11.92,53700,11.93,D
sz300179,四方达,2025-10-14 09:35:30,11.9,105500,11.92,D
sz300179,四方达,2025-10-14 09:35:33,11.93,84200,11.9,U
sz300179,四方达,2025-10-14 09:35:36,11.9,172517,11.93,D
sz300179,四方达,2025-10-14 09:35:39,11.91,139300,11.9,U
sz300179,四方达,2025-10-14 09:35:42,11.9,83500,11.91,D
sz300179,四方达,2025-10-14 09:35:48,11.9,32200,11.9,U
sz300179,四方达,2025-10-14 09:35:51,11.87,62100,11.9,D
sz300179,四方达,2025-10-14 09:35:54,11.87,30000,11.87,D
sz300179,四方达,2025-10-14 09:35:57,11.83,64200,11.87,D
sz300179,四方达,2025-10-14 09:36:00,11.87,107000,11.83,U
sz300179,四方达,2025-10-14 09:36:03,11.83,87800,11.87,D
sz300179,四方达,2025-10-14 09:36:06,11.85,21000,11.83,U
sz300179,四方达,2025-10-14 09:36:09,11.9,71200,11.85,U
sz300179,四方达,2025-10-14 09:36:12,11.89,71800,11.9,D
sz300179,四方达,2025-10-14 09:36:15,11.9,37400,11.89,U
sz300179,四方达,2025-10-14 09:36:21,11.9,75900,11.9,D
sz300179,四方达,2025-10-14 09:36:24,11.87,69900,11.9,D
sz300179,四方达,2025-10-14 09:36:27,11.88,27400,11.87,D
sz300179,四方达,2025-10-14 09:36:30,11.89,89000,11.88,U
sz300179,四方达,2025-10-14 09:36:33,11.88,17100,11.89,D
sz300179,四方达,2025-10-14 09:36:36,11.89,119300,11.88,D
sz300179,四方达,2025-10-14 09:36:39,11.89,108200,11.89,U
sz300179,四方达,2025-10-14 09:36:42,11.89,52100,11.89,U
sz300179,四方达,2025-10-14 09:36:45,11.89,40500,11.89,U
sz300179,四方达,2025-10-14 09:36:54,11.89,35200,11.88,U
sz300179,四方达,2025-10-14 09:36:57,11.88,26300,11.89,E
sz300179,四方达,2025-10-14 09:37:00,11.87,18800,11.88,E
sz300179,四方达,2025-10-14 09:37:06,11.86,72900,11.86,U
sz300179,四方达,2025-10-14 09:37:09,11.85,76600,11.86,D
sz300179,四方达,2025-10-14 09:37:12,11.84,52200,11.85,D
sz300179,四方达,2025-10-14 09:37:15,11.85,25500,11.84,U
sz300179,四方达,2025-10-14 09:37:18,11.83,51500,11.85,D
sz300179,四方达,2025-10-14 09:37:21,11.83,44100,11.83,D
sz300179,四方达,2025-10-14 09:37:24,11.86,91400,11.83,U
sz300179,四方达,2025-10-14 09:37:27,11.86,20800,11.86,D
sz300179,四方达,2025-10-14 09:37:30,11.89,188300,11.86,U
sz300179,四方达,2025-10-14 09:37:36,11.9,22600,11.89,E
sz300179,四方达,2025-10-14 09:37:39,11.92,32300,11.9,U
sz300179,四方达,2025-10-14 09:37:42,11.91,30900,11.92,D
sz300179,四方达,2025-10-14 09:37:45,11.9,39800,11.91,D
sz300179,四方达,2025-10-14 09:37:48,11.9,69100,11.9,U
sz300179,四方达,2025-10-14 09:37:51,11.9,27500,11.9,U
sz300179,四方达,2025-10-14 09:37:57,11.9,54400,11.9,D
sz300179,四方达,2025-10-14 09:38:00,11.88,61400,11.9,D
sz300179,四方达,2025-10-14 09:38:03,11.89,33700,11.88,U
sz300179,四方达,2025-10-14 09:38:06,11.88,19000,11.89,D
sz300179,四方达,2025-10-14 09:38:12,11.87,58400,11.87,D
sz300179,四方达,2025-10-14 09:38:27,11.85,36900,11.85,U
sz300179,四方达,2025-10-14 09:38:30,11.83,33000,11.85,D
sz300179,四方达,2025-10-14 09:38:33,11.84,28500,11.83,E
sz300179,四方达,2025-10-14 09:38:42,11.84,52000,11.83,E
sz300179,四方达,2025-10-14 09:38:45,11.85,52900,11.84,U
sz300179,四方达,2025-10-14 09:38:51,11.85,55700,11.85,D
sz300179,四方达,2025-10-14 09:38:54,11.85,34700,11.85,D
sz300179,四方达,2025-10-14 09:38:57,11.85,38700,11.85,D
sz300179,四方达,2025-10-14 09:39:03,11.85,42700,11.86,D
sz300179,四方达,2025-10-14 09:39:09,11.85,35800,11.85,D
sz300179,四方达,2025-10-14 09:39:12,11.86,31400,11.85,U
sz300179,四方达,2025-10-14 09:39:15,11.85,58000,11.86,D
sz300179,四方达,2025-10-14 09:39:24,11.85,20100,11.85,U
sz300179,四方达,2025-10-14 09:39:36,11.83,26900,11.84,D
sz300179,四方达,2025-10-14 09:39:39,11.83,19100,11.83,U
sz300179,四方达,2025-10-14 09:39:42,11.83,59000,11.83,U
sz300179,四方达,2025-10-14 09:39:45,11.84,25600,11.83,U
sz300179,四方达,2025-10-14 09:39:48,11.85,68000,11.84,U
sz300179,四方达,2025-10-14 09:39:57,11.85,18000,11.84,U
sz300179,四方达,2025-10-14 09:40:09,11.85,18200,11.84,U
sz300179,四方达,2025-10-14 09:40:15,11.84,32900,11.84,D
sz300179,四方达,2025-10-14 09:40:18,11.85,22800,11.84,U
sz300179,四方达,2025-10-14 09:40:24,11.84,43300,11.84,D
sz300179,四方达,2025-10-14 09:40:27,11.85,34800,11.84,U
sz300179,四方达,2025-10-14 09:40:33,11.85,34700,11.86,D
sz300179,四方达,2025-10-14 09:40:36,11.86,23758,11.85,U
sz300179,四方达,2025-10-14 09:40:39,11.85,45542,11.86,D
sz300179,四方达,2025-10-14 09:40:45,11.84,25200,11.85,D
sz300179,四方达,2025-10-14 09:40:51,11.83,45700,11.84,D
sz300179,四方达,2025-10-14 09:40:54,11.83,21700,11.83,D
sz300179,四方达,2025-10-14 09:40:57,11.83,55000,11.83,D
sz300179,四方达,2025-10-14 09:41:03,11.82,87900,11.82,D
sz300179,四方达,2025-10-14 09:41:06,11.84,75500,11.82,E
sz300179,四方达,2025-10-14 09:41:12,11.85,28100,11.85,D
sz300179,四方达,2025-10-14 09:41:15,11.84,38600,11.85,D
sz300179,四方达,2025-10-14 09:41:27,11.83,27600,11.84,D
sz300179,四方达,2025-10-14 09:41:30,11.83,24100,11.83,U
sz300179,四方达,2025-10-14 09:41:39,11.83,24500,11.83,D
sz300179,四方达,2025-10-14 09:41:42,11.83,31000,11.83,U
sz300179,四方达,2025-10-14 09:41:51,11.83,37500,11.83,D
sz300179,四方达,2025-10-14 09:41:54,11.84,65900,11.83,U
sz300179,四方达,2025-10-14 09:41:57,11.85,29700,11.84,U
sz300179,四方达,2025-10-14 09:42:06,11.85,20800,11.85,U
sz300179,四方达,2025-10-14 09:42:18,11.88,60058,11.86,U
sz300179,四方达,2025-10-14 09:42:24,11.89,21300,11.89,U
sz300179,四方达,2025-10-14 09:42:27,11.9,64400,11.89,U
sz300179,四方达,2025-10-14 09:42:36,11.92,52300,11.91,U
sz300179,四方达,2025-10-14 09:42:42,11.92,21000,11.91,U
sz300179,四方达,2025-10-14 09:42:45,11.86,151100,11.92,D
sz300179,四方达,2025-10-14 09:42:48,11.86,21342,11.86,D
sz300179,四方达,2025-10-14 09:42:51,11.84,44600,11.86,D
sz300179,四方达,2025-10-14 09:42:54,11.85,85900,11.84,E
sz300179,四方达,2025-10-14 09:42:57,11.85,38100,11.85,U
sz300179,四方达,2025-10-14 09:43:06,11.87,46100,11.86,U
sz300179,四方达,2025-10-14 09:43:09,11.87,36800,11.87,U
sz300179,四方达,2025-10-14 09:43:21,11.87,17900,11.87,D
sz300179,四方达,2025-10-14 09:43:30,11.89,20800,11.89,U
sz300179,四方达,2025-10-14 09:43:36,11.87,28800,11.89,D
sz300179,四方达,2025-10-14 09:43:39,11.87,19000,11.87,U
sz300179,四方达,2025-10-14 09:43:51,11.85,28700,11.86,D
sz300179,四方达,2025-10-14 09:43:54,11.85,96400,11.85,D
sz300179,四方达,2025-10-14 09:43:57,11.83,29000,11.85,D
sz300179,四方达,2025-10-14 09:44:09,11.82,55500,11.82,D
sz300179,四方达,2025-10-14 09:44:12,11.8,118000,11.82,D
sz300179,四方达,2025-10-14 09:44:15,11.8,30600,11.8,D
sz300179,四方达,2025-10-14 09:44:18,11.8,28000,11.8,D
sz300179,四方达,2025-10-14 09:44:21,11.8,44100,11.8,D
sz300179,四方达,2025-10-14 09:44:27,11.79,41300,11.79,D
sz300179,四方达,2025-10-14 09:44:30,11.78,30800,11.79,D
sz300179,四方达,2025-10-14 09:44:36,11.78,43900,11.78,D
sz300179,四方达,2025-10-14 09:44:39,11.78,24400,11.78,D
sz300179,四方达,2025-10-14 09:44:42,11.79,37400,11.78,U
sz300179,四方达,2025-10-14 09:44:45,11.78,58970,11.79,D
sz300179,四方达,2025-10-14 09:44:48,11.76,80200,11.78,D
sz300179,四方达,2025-10-14 09:44:51,11.78,28400,11.76,U
sz300179,四方达,2025-10-14 09:44:54,11.79,31000,11.78,U
sz300179,四方达,2025-10-14 09:44:57,11.8,22400,11.79,U
sz300179,四方达,2025-10-14 09:45:00,11.81,62500,11.8,U
sz300179,四方达,2025-10-14 09:45:03,11.85,21700,11.81,U
sz300179,四方达,2025-10-14 09:45:12,11.88,26900,11.87,U
sz300179,四方达,2025-10-14 09:45:15,11.89,22900,11.88,U
sz300179,四方达,2025-10-14 09:45:21,11.9,27900,11.89,U
sz300179,四方达,2025-10-14 09:45:24,11.9,51200,11.9,U
sz300179,四方达,2025-10-14 09:45:27,11.89,51300,11.9,D
sz300179,四方达,2025-10-14 09:45:33,11.89,31800,11.89,U
sz300179,四方达,2025-10-14 09:45:36,11.89,46800,11.89,U
sz300179,四方达,2025-10-14 09:45:42,11.9,26100,11.89,U
sz300179,四方达,2025-10-14 09:45:45,11.9,21900,11.9,U
sz300179,四方达,2025-10-14 09:45:48,11.9,25900,11.9,U
sz300179,四方达,2025-10-14 09:45:51,11.9,26900,11.9,U
sz300179,四方达,2025-10-14 09:45:54,11.9,43800,11.9,D
sz300179,四方达,2025-10-14 09:45:57,11.91,32300,11.9,U
sz300179,四方达,2025-10-14 09:46:03,11.91,49100,11.9,U
sz300179,四方达,2025-10-14 09:46:06,11.9,62900,11.91,U
sz300179,四方达,2025-10-14 09:46:09,11.87,53800,11.9,D
sz300179,四方达,2025-10-14 09:46:12,11.85,149900,11.87,D
sz300179,四方达,2025-10-14 09:46:18,11.87,17500,11.87,U
sz300179,四方达,2025-10-14 09:46:27,11.85,24800,11.86,D
sz300179,四方达,2025-10-14 09:46:30,11.84,29000,11.85,D
sz300179,四方达,2025-10-14 09:46:33,11.84,41700,11.84,D
sz300179,四方达,2025-10-14 09:46:36,11.86,157200,11.84,U
sz300179,四方达,2025-10-14 09:46:42,11.86,27600,11.87,D
sz300179,四方达,2025-10-14 09:46:48,11.86,26400,11.86,U
sz300179,四方达,2025-10-14 09:46:51,11.86,76700,11.86,D
sz300179,四方达,2025-10-14 09:46:57,11.85,41900,11.87,D
sz300179,四方达,2025-10-14 09:47:12,11.85,20700,11.86,D
sz300179,四方达,2025-10-14 09:47:15,11.87,55400,11.85,U
sz300179,四方达,2025-10-14 09:47:18,11.88,24200,11.87,U
sz300179,四方达,2025-10-14 09:47:24,11.86,59600,11.88,D
sz300179,四方达,2025-10-14 09:47:39,11.89,24500,11.88,U
sz300179,四方达,2025-10-14 09:47:51,11.9,121500,11.89,U
sz300179,四方达,2025-10-14 09:48:03,11.9,41900,11.9,D
sz300179,四方达,2025-10-14 09:48:06,11.91,44400,11.9,U
sz300179,四方达,2025-10-14 09:48:09,11.9,24500,11.91,D
sz300179,四方达,2025-10-14 09:48:12,11.91,17500,11.9,U
sz300179,四方达,2025-10-14 09:48:18,11.88,52100,11.91,D
sz300179,四方达,2025-10-14 09:48:21,11.87,60200,11.88,D
sz300179,四方达,2025-10-14 09:48:30,11.87,24300,11.86,U
sz300179,四方达,2025-10-14 09:48:33,11.85,18000,11.87,D
sz300179,四方达,2025-10-14 09:48:36,11.83,46900,11.85,D
sz300179,四方达,2025-10-14 09:48:45,11.84,21900,11.86,D
sz300179,四方达,2025-10-14 09:49:06,11.84,26600,11.84,U
sz300179,四方达,2025-10-14 09:49:15,11.83,20000,11.84,E
sz300179,四方达,2025-10-14 09:49:21,11.83,42600,11.83,D
sz300179,四方达,2025-10-14 09:49:30,11.82,17600,11.82,U
sz300179,四方达,2025-10-14 09:49:36,11.81,23000,11.81,D
sz300179,四方达,2025-10-14 09:49:39,11.81,17300,11.81,D
sz300179,四方达,2025-10-14 09:49:42,11.81,34100,11.81,D
sz300179,四方达,2025-10-14 09:49:48,11.83,24700,11.82,U
sz300179,四方达,2025-10-14 09:50:00,11.83,38200,11.83,D
sz300179,四方达,2025-10-14 09:50:09,11.82,30800,11.83,D
sz300179,四方达,2025-10-14 09:50:18,11.83,22500,11.83,D
sz300179,四方达,2025-10-14 09:50:24,11.81,80400,11.83,D
sz300179,四方达,2025-10-14 09:50:36,11.8,26700,11.81,D
sz300179,四方达,2025-10-14 09:50:39,11.8,17800,11.8,D
sz300179,四方达,2025-10-14 09:50:42,11.79,21500,11.8,D
sz300179,四方达,2025-10-14 09:50:48,11.78,42200,11.78,D
sz300179,四方达,2025-10-14 09:50:51,11.78,17100,11.78,D
sz300179,四方达,2025-10-14 09:50:54,11.79,46300,11.78,U
sz300179,四方达,2025-10-14 09:51:00,11.79,31300,11.79,D
sz300179,四方达,2025-10-14 09:51:03,11.8,173300,11.79,U
sz300179,四方达,2025-10-14 09:51:09,11.79,126800,11.8,D
sz300179,四方达,2025-10-14 09:51:12,11.78,70900,11.79,D
sz300179,四方达,2025-10-14 09:51:15,11.77,158800,11.78,D
sz300179,四方达,2025-10-14 09:51:21,11.74,35300,11.77,D
sz300179,四方达,2025-10-14 09:51:24,11.73,35500,11.74,D
sz300179,四方达,2025-10-14 09:51:27,11.74,25000,11.73,U
sz300179,四方达,2025-10-14 09:51:30,11.74,21600,11.74,D
sz300179,四方达,2025-10-14 09:51:33,11.74,63300,11.74,D
sz300179,四方达,2025-10-14 09:51:36,11.74,18500,11.74,U
sz300179,四方达,2025-10-14 09:51:39,11.74,19700,11.74,U
sz300179,四方达,2025-10-14 09:51:42,11.72,52600,11.74,D
sz300179,四方达,2025-10-14 09:51:51,11.71,19200,11.71,D
sz300179,四方达,2025-10-14 09:51:54,11.7,156200,11.71,D
sz300179,四方达,2025-10-14 09:51:57,11.71,61600,11.7,U
sz300179,四方达,2025-10-14 09:52:00,11.7,66500,11.71,D
sz300179,四方达,2025-10-14 09:52:03,11.73,24600,11.7,U
sz300179,四方达,2025-10-14 09:52:06,11.71,23600,11.73,D
sz300179,四方达,2025-10-14 09:52:18,11.74,22500,11.75,D
sz300179,四方达,2025-10-14 09:52:24,11.74,30000,11.73,U
sz300179,四方达,2025-10-14 09:52:27,11.75,20800,11.74,U
sz300179,四方达,2025-10-14 09:52:30,11.74,57400,11.75,E
sz300179,四方达,2025-10-14 09:52:33,11.74,20000,11.74,D
sz300179,四方达,2025-10-14 09:52:39,11.73,17600,11.74,D
sz300179,四方达,2025-10-14 09:52:42,11.74,19800,11.73,U
sz300179,四方达,2025-10-14 09:52:45,11.77,85600,11.74,U
sz300179,四方达,2025-10-14 09:52:48,11.74,20100,11.77,D
sz300179,四方达,2025-10-14 09:53:00,11.77,85500,11.75,U
sz300179,四方达,2025-10-14 09:53:15,11.75,23400,11.76,D
sz300179,四方达,2025-10-14 09:53:24,11.74,32900,11.74,D
sz300179,四方达,2025-10-14 09:53:30,11.74,62300,11.75,D
sz300179,四方达,2025-10-14 09:53:36,11.74,26100,11.75,D
sz300179,四方达,2025-10-14 09:53:39,11.74,64500,11.74,U
sz300179,四方达,2025-10-14 09:53:45,11.74,70100,11.74,U
sz300179,四方达,2025-10-14 09:53:48,11.74,20700,11.74,U
sz300179,四方达,2025-10-14 09:53:51,11.74,25300,11.74,D
sz300179,四方达,2025-10-14 09:54:00,11.75,120700,11.73,U
sz300179,四方达,2025-10-14 09:54:03,11.76,24700,11.75,U
sz300179,四方达,2025-10-14 09:54:21,11.76,47700,11.74,U
sz300179,四方达,2025-10-14 09:54:24,11.76,23500,11.76,D
sz300179,四方达,2025-10-14 09:54:27,11.76,23500,11.76,D
sz300179,四方达,2025-10-14 09:54:30,11.78,69000,11.76,U
sz300179,四方达,2025-10-14 09:54:45,11.77,24700,11.77,D
sz300179,四方达,2025-10-14 09:54:51,11.76,30800,11.77,D
sz300179,四方达,2025-10-14 09:54:57,11.75,22000,11.76,D
sz300179,四方达,2025-10-14 09:55:00,11.75,21000,11.75,U
sz300179,四方达,2025-10-14 09:55:03,11.75,18000,11.75,U
sz300179,四方达,2025-10-14 09:55:06,11.77,128800,11.75,U
sz300179,四方达,2025-10-14 09:55:24,11.78,20000,11.77,E
sz300179,四方达,2025-10-14 09:55:27,11.78,45300,11.78,D
sz300179,四方达,2025-10-14 09:55:48,11.8,26700,11.8,U
sz300179,四方达,2025-10-14 09:55:51,11.8,19600,11.8,U
sz300179,四方达,2025-10-14 09:55:54,11.78,32200,11.8,D
sz300179,四方达,2025-10-14 09:56:09,11.76,38200,11.78,D
sz300179,四方达,2025-10-14 09:56:24,11.75,19200,11.75,D
sz300179,四方达,2025-10-14 09:56:39,11.74,53200,11.74,D
sz300179,四方达,2025-10-14 09:56:42,11.74,33100,11.74,D
sz300179,四方达,2025-10-14 09:56:51,11.74,25700,11.74,U
sz300179,四方达,2025-10-14 09:56:57,11.73,41800,11.73,U
sz300179,四方达,2025-10-14 09:57:00,11.72,43900,11.73,D
sz300179,四方达,2025-10-14 09:57:03,11.73,20000,11.72,D
sz300179,四方达,2025-10-14 09:57:12,11.73,23300,11.73,U
sz300179,四方达,2025-10-14 09:57:48,11.71,33700,11.71,D
sz300179,四方达,2025-10-14 09:57:51,11.71,28200,11.71,D
sz300179,四方达,2025-10-14 09:57:54,11.7,25200,11.71,D
sz300179,四方达,2025-10-14 09:58:00,11.71,44900,11.7,U
sz300179,四方达,2025-10-14 09:58:03,11.71,32200,11.71,U
sz300179,四方达,2025-10-14 09:58:06,11.71,32200,11.71,U
sz300179,四方达,2025-10-14 09:58:09,11.74,46800,11.71,U
sz300179,四方达,2025-10-14 09:58:42,11.72,19000,11.72,D
sz300179,四方达,2025-10-14 09:58:45,11.72,57300,11.72,D
sz300179,四方达,2025-10-14 09:58:57,11.74,62400,11.73,U
sz300179,四方达,2025-10-14 09:59:03,11.76,131300,11.74,U
sz300179,四方达,2025-10-14 09:59:15,11.76,18300,11.76,D
sz300179,四方达,2025-10-14 10:00:03,11.77,20000,11.77,D
sz300179,四方达,2025-10-14 10:00:57,11.73,35866,11.71,U
sz300179,四方达,2025-10-14 10:01:09,11.71,28700,11.73,D
sz300179,四方达,2025-10-14 10:01:21,11.7,50700,11.71,D
sz300179,四方达,2025-10-14 10:01:36,11.71,27700,11.72,D
sz300179,四方达,2025-10-14 10:01:42,11.72,22200,11.72,U
sz300179,四方达,2025-10-14 10:01:45,11.81,175900,11.72,U
sz300179,四方达,2025-10-14 10:01:48,11.84,113000,11.81,U
sz300179,四方达,2025-10-14 10:01:51,11.85,38300,11.84,U
sz300179,四方达,2025-10-14 10:01:54,11.86,59100,11.85,U
sz300179,四方达,2025-10-14 10:01:57,11.87,117500,11.86,E
sz300179,四方达,2025-10-14 10:02:00,11.89,58900,11.87,U
sz300179,四方达,2025-10-14 10:02:03,11.91,140000,11.89,U
sz300179,四方达,2025-10-14 10:02:06,11.91,123300,11.91,U
sz300179,四方达,2025-10-14 10:02:09,11.88,65400,11.91,D
sz300179,四方达,2025-10-14 10:02:12,11.89,27600,11.88,U
sz300179,四方达,2025-10-14 10:02:15,11.88,33700,11.89,D
sz300179,四方达,2025-10-14 10:02:18,11.88,128000,11.88,U
sz300179,四方达,2025-10-14 10:02:21,11.88,80100,11.88,U
sz300179,四方达,2025-10-14 10:02:24,11.93,170800,11.88,U
sz300179,四方达,2025-10-14 10:02:30,11.94,65000,11.94,U
sz300179,四方达,2025-10-14 10:02:33,11.98,291400,11.94,U
sz300179,四方达,2025-10-14 10:02:36,11.99,39600,11.98,U
sz300179,四方达,2025-10-14 10:02:39,12.0,379900,11.99,U
sz300179,四方达,2025-10-14 10:02:42,12.01,185900,12.0,U
sz300179,四方达,2025-10-14 10:02:45,12.01,331000,12.01,U
sz300179,四方达,2025-10-14 10:02:48,12.01,208600,12.01,U
sz300179,四方达,2025-10-14 10:02:51,12.03,95800,12.01,E
sz300179,四方达,2025-10-14 10:02:54,12.03,158600,12.03,E
sz300179,四方达,2025-10-14 10:02:57,12.04,211800,12.03,U
sz300179,四方达,2025-10-14 10:03:00,12.03,114400,12.04,U
sz300179,四方达,2025-10-14 10:03:03,12.04,119900,12.03,U
sz300179,四方达,2025-10-14 10:03:06,11.99,74300,12.04,D
sz300179,四方达,2025-10-14 10:03:09,12.01,179252,11.99,U
sz300179,四方达,2025-10-14 10:03:12,12.01,376800,12.01,D
sz300179,四方达,2025-10-14 10:03:15,12.02,34300,12.01,U
sz300179,四方达,2025-10-14 10:03:18,12.03,49400,12.02,U
sz300179,四方达,2025-10-14 10:03:21,12.02,55700,12.03,D
sz300179,四方达,2025-10-14 10:03:24,12.02,28300,12.02,U
sz300179,四方达,2025-10-14 10:03:27,12.02,77400,12.02,U
sz300179,四方达,2025-10-14 10:03:30,12.01,47600,12.02,E
sz300179,四方达,2025-10-14 10:03:33,12.02,220400,12.01,U
sz300179,四方达,2025-10-14 10:03:36,12.02,43900,12.02,D
sz300179,四方达,2025-10-14 10:03:39,12.02,89400,12.02,D
sz300179,四方达,2025-10-14 10:03:42,12.0,63700,12.02,D
sz300179,四方达,2025-10-14 10:03:45,12.0,47600,12.0,U
sz300179,四方达,2025-10-14 10:03:48,12.0,23500,12.0,D
sz300179,四方达,2025-10-14 10:03:51,12.0,26748,12.0,U
sz300179,四方达,2025-10-14 10:03:54,11.99,72100,12.0,E
sz300179,四方达,2025-10-14 10:03:57,11.93,19300,11.99,D
sz300179,四方达,2025-10-14 10:04:03,11.91,25700,11.93,D
sz300179,四方达,2025-10-14 10:04:15,11.98,18200,11.97,U
sz300179,四方达,2025-10-14 10:04:21,11.99,44500,11.98,U
sz300179,四方达,2025-10-14 10:04:24,12.0,27000,11.99,U
sz300179,四方达,2025-10-14 10:04:27,12.02,47052,12.0,U
sz300179,四方达,2025-10-14 10:04:33,11.98,278648,12.02,D
sz300179,四方达,2025-10-14 10:04:36,12.01,113600,11.98,U
sz300179,四方达,2025-10-14 10:04:39,11.99,49100,12.01,E
sz300179,四方达,2025-10-14 10:04:42,12.02,346200,11.99,U
sz300179,四方达,2025-10-14 10:04:45,12.0,64900,12.02,D
sz300179,四方达,2025-10-14 10:04:48,12.0,85700,12.0,D
sz300179,四方达,2025-10-14 10:04:51,11.98,142100,12.0,E
sz300179,四方达,2025-10-14 10:04:54,11.99,42200,11.98,U
sz300179,四方达,2025-10-14 10:04:57,12.0,44100,11.99,U
sz300179,四方达,2025-10-14 10:05:00,11.98,232600,12.0,D
sz300179,四方达,2025-10-14 10:05:03,11.98,42500,11.98,E
sz300179,四方达,2025-10-14 10:05:06,11.94,93900,11.98,D
sz300179,四方达,2025-10-14 10:05:09,11.96,63700,11.94,U
sz300179,四方达,2025-10-14 10:05:12,11.99,22300,11.96,E
sz300179,四方达,2025-10-14 10:05:15,12.0,23600,11.99,U
sz300179,四方达,2025-10-14 10:05:18,12.0,26500,12.0,U
sz300179,四方达,2025-10-14 10:05:21,12.0,23500,12.0,D
sz300179,四方达,2025-10-14 10:05:27,12.03,19300,12.0,E
sz300179,四方达,2025-10-14 10:05:30,12.05,95500,12.03,U
sz300179,四方达,2025-10-14 10:05:33,12.06,21900,12.05,U
sz300179,四方达,2025-10-14 10:05:36,12.06,19600,12.06,U
sz300179,四方达,2025-10-14 10:05:39,12.06,44800,12.06,D
sz300179,四方达,2025-10-14 10:05:42,12.07,82200,12.06,E
sz300179,四方达,2025-10-14 10:05:45,12.07,139100,12.07,U
sz300179,四方达,2025-10-14 10:05:48,12.08,27400,12.07,U
sz300179,四方达,2025-10-14 10:05:51,12.07,145500,12.08,D
sz300179,四方达,2025-10-14 10:05:54,12.09,63200,12.07,U
sz300179,四方达,2025-10-14 10:05:57,12.07,102500,12.09,E
sz300179,四方达,2025-10-14 10:06:00,12.04,31200,12.07,E
sz300179,四方达,2025-10-14 10:06:03,12.05,50500,12.04,E
sz300179,四方达,2025-10-14 10:06:06,12.05,70300,12.05,D
sz300179,四方达,2025-10-14 10:06:09,12.02,26000,12.05,D
sz300179,四方达,2025-10-14 10:06:12,12.01,27800,12.02,D
sz300179,四方达,2025-10-14 10:06:15,12.01,236000,12.01,D
sz300179,四方达,2025-10-14 10:06:18,12.02,41000,12.01,E
sz300179,四方达,2025-10-14 10:06:21,12.04,22200,12.02,E
sz300179,四方达,2025-10-14 10:06:24,12.02,23100,12.04,E
sz300179,四方达,2025-10-14 10:06:27,12.05,58200,12.02,U
sz300179,四方达,2025-10-14 10:06:33,12.06,31700,12.05,U
sz300179,四方达,2025-10-14 10:06:36,12.04,40300,12.06,D
sz300179,四方达,2025-10-14 10:06:42,12.04,17900,12.05,D
sz300179,四方达,2025-10-14 10:06:54,12.02,117100,12.03,D
sz300179,四方达,2025-10-14 10:06:57,12.01,30100,12.02,D
sz300179,四方达,2025-10-14 10:07:00,12.0,22500,12.01,D
sz300179,四方达,2025-10-14 10:07:21,12.04,48000,12.04,U
sz300179,四方达,2025-10-14 10:07:24,12.04,24200,12.04,U
sz300179,四方达,2025-10-14 10:07:27,12.05,44300,12.04,U
sz300179,四方达,2025-10-14 10:07:30,12.04,56200,12.05,D
sz300179,四方达,2025-10-14 10:07:33,12.05,27600,12.04,U
sz300179,四方达,2025-10-14 10:07:36,12.05,40800,12.05,D
sz300179,四方达,2025-10-14 10:07:45,12.08,25900,12.06,U
sz300179,四方达,2025-10-14 10:07:48,12.06,29700,12.08,E
sz300179,四方达,2025-10-14 10:07:51,12.07,58300,12.06,U
sz300179,四方达,2025-10-14 10:07:54,12.08,146500,12.07,U
sz300179,四方达,2025-10-14 10:07:57,12.08,43400,12.08,U
sz300179,四方达,2025-10-14 10:08:00,12.04,83000,12.08,D
sz300179,四方达,2025-10-14 10:08:03,12.05,23800,12.04,U
sz300179,四方达,2025-10-14 10:08:06,12.05,42500,12.05,U
sz300179,四方达,2025-10-14 10:08:09,12.01,110200,12.05,D
sz300179,四方达,2025-10-14 10:08:21,12.0,55700,11.99,U
sz300179,四方达,2025-10-14 10:08:33,11.98,20000,11.98,D
sz300179,四方达,2025-10-14 10:08:45,11.98,24600,12.0,D
sz300179,四方达,2025-10-14 10:08:48,11.99,17300,11.98,E
sz300179,四方达,2025-10-14 10:08:54,11.98,52200,11.99,D
sz300179,四方达,2025-10-14 10:09:09,11.96,40600,11.96,D
sz300179,四方达,2025-10-14 10:09:12,11.96,37200,11.96,D
sz300179,四方达,2025-10-14 10:09:15,11.99,36600,11.96,U
sz300179,四方达,2025-10-14 10:09:21,11.97,58100,11.95,U
sz300179,四方达,2025-10-14 10:09:27,11.96,66800,11.97,D
sz300179,四方达,2025-10-14 10:09:45,11.99,117700,11.99,D
sz300179,四方达,2025-10-14 10:09:57,11.98,32500,12.0,D
sz300179,四方达,2025-10-14 10:10:06,11.96,17400,11.97,D
sz300179,四方达,2025-10-14 10:10:12,11.95,39700,11.97,D
sz300179,四方达,2025-10-14 10:10:15,11.97,45500,11.95,U
sz300179,四方达,2025-10-14 10:10:30,11.97,65500,11.97,D
sz300179,四方达,2025-10-14 10:10:39,11.95,80700,11.98,D
sz300179,四方达,2025-10-14 10:10:51,11.98,18500,11.95,U
sz300179,四方达,2025-10-14 10:11:00,11.97,26400,11.97,E
sz300179,四方达,2025-10-14 10:11:27,11.97,47800,11.97,D
sz300179,四方达,2025-10-14 10:11:42,12.0,73400,11.99,U
sz300179,四方达,2025-10-14 10:12:06,12.06,33600,12.05,U
sz300179,四方达,2025-10-14 10:12:09,12.01,151800,12.06,D
sz300179,四方达,2025-10-14 10:12:12,12.0,119000,12.01,D
sz300179,四方达,2025-10-14 10:12:24,12.02,56900,12.01,U
sz300179,四方达,2025-10-14 10:12:30,12.02,40100,12.06,D
sz300179,四方达,2025-10-14 10:12:33,12.01,23500,12.02,D
sz300179,四方达,2025-10-14 10:12:39,12.01,18800,12.02,D
sz300179,四方达,2025-10-14 10:12:45,12.01,36800,12.01,D
sz300179,四方达,2025-10-14 10:12:48,12.01,16900,12.01,U
sz300179,四方达,2025-10-14 10:12:51,12.0,40600,12.01,D
sz300179,四方达,2025-10-14 10:12:54,12.01,17200,12.0,U
sz300179,四方达,2025-10-14 10:12:57,12.0,17700,12.01,D
sz300179,四方达,2025-10-14 10:13:03,12.01,22600,12.0,U
sz300179,四方达,2025-10-14 10:13:12,12.01,35700,12.01,U
sz300179,四方达,2025-10-14 10:13:15,12.0,48200,12.01,D
sz300179,四方达,2025-10-14 10:13:18,11.99,29100,12.0,D
sz300179,四方达,2025-10-14 10:13:21,12.01,120000,11.99,U
sz300179,四方达,2025-10-14 10:13:42,12.01,24300,12.01,D
sz300179,四方达,2025-10-14 10:13:54,12.0,16800,12.01,D
sz300179,四方达,2025-10-14 10:13:57,12.0,23900,12.0,D
sz300179,四方达,2025-10-14 10:14:09,11.99,32500,11.99,D
sz300179,四方达,2025-10-14 10:14:21,11.98,29200,11.98,D
sz300179,四方达,2025-10-14 10:14:24,11.99,62900,11.98,U
sz300179,四方达,2025-10-14 10:14:27,12.0,48000,11.99,U
sz300179,四方达,2025-10-14 10:14:42,11.99,31200,11.99,U
sz300179,四方达,2025-10-14 10:14:51,11.98,16900,11.99,D
sz300179,四方达,2025-10-14 10:14:57,11.98,34800,11.99,D
sz300179,四方达,2025-10-14 10:15:00,11.98,30900,11.98,U
sz300179,四方达,2025-10-14 10:15:03,11.95,47700,11.98,D
sz300179,四方达,2025-10-14 10:15:21,11.96,46700,11.96,D
sz300179,四方达,2025-10-14 10:15:27,11.96,34600,11.96,D
sz300179,四方达,2025-10-14 10:15:30,11.95,24400,11.96,D
sz300179,四方达,2025-10-14 10:15:42,11.95,38500,11.95,D
sz300179,四方达,2025-10-14 10:15:45,11.95,21700,11.95,U
sz300179,四方达,2025-10-14 10:15:48,11.95,25200,11.95,U
sz300179,四方达,2025-10-14 10:15:54,11.95,54600,11.94,U
sz300179,四方达,2025-10-14 10:16:00,11.96,64200,11.95,U
sz300179,四方达,2025-10-14 10:16:09,11.97,19000,11.96,U
sz300179,四方达,2025-10-14 10:16:21,12.0,28800,11.99,U
sz300179,四方达,2025-10-14 10:16:24,12.0,17600,12.0,U
sz300179,四方达,2025-10-14 10:16:27,12.0,17100,12.0,U
sz300179,四方达,2025-10-14 10:16:30,12.01,59400,12.0,U
sz300179,四方达,2025-10-14 10:16:33,12.02,59800,12.01,U
sz300179,四方达,2025-10-14 10:16:39,12.1,472600,12.04,U
sz300179,四方达,2025-10-14 10:16:42,12.13,270900,12.1,U
sz300179,四方达,2025-10-14 10:16:45,12.16,37005,12.13,U
sz300179,四方达,2025-10-14 10:16:51,12.18,67900,12.17,U
sz300179,四方达,2025-10-14 10:16:54,12.17,86500,12.18,D
sz300179,四方达,2025-10-14 10:16:57,12.15,102000,12.17,D
sz300179,四方达,2025-10-14 10:17:00,12.16,78400,12.15,U
sz300179,四方达,2025-10-14 10:17:03,12.17,100000,12.16,U
sz300179,四方达,2025-10-14 10:17:06,12.18,63200,12.17,U
sz300179,四方达,2025-10-14 10:17:09,12.19,25200,12.18,U
sz300179,四方达,2025-10-14 10:17:12,12.17,101600,12.19,D
sz300179,四方达,2025-10-14 10:17:15,12.15,93600,12.17,D
sz300179,四方达,2025-10-14 10:17:18,12.15,43000,12.15,U
sz300179,四方达,2025-10-14 10:17:21,12.15,22600,12.15,U
sz300179,四方达,2025-10-14 10:17:24,12.15,105000,12.15,U
sz300179,四方达,2025-10-14 10:17:27,12.12,57300,12.15,D
sz300179,四方达,2025-10-14 10:17:30,12.15,36900,12.12,U
sz300179,四方达,2025-10-14 10:17:36,12.14,70200,12.15,D
sz300179,四方达,2025-10-14 10:17:39,12.13,39100,12.14,D
sz300179,四方达,2025-10-14 10:17:42,12.15,51600,12.13,U
sz300179,四方达,2025-10-14 10:17:45,12.16,33400,12.15,U
sz300179,四方达,2025-10-14 10:17:48,12.16,44400,12.16,U
sz300179,四方达,2025-10-14 10:17:51,12.16,55400,12.16,U
sz300179,四方达,2025-10-14 10:17:54,12.15,50800,12.16,D
sz300179,四方达,2025-10-14 10:17:57,12.14,44200,12.15,D
sz300179,四方达,2025-10-14 10:18:00,12.13,17600,12.14,D
sz300179,四方达,2025-10-14 10:18:03,12.16,117100,12.13,U
sz300179,四方达,2025-10-14 10:18:06,12.17,60000,12.16,U
sz300179,四方达,2025-10-14 10:18:09,12.18,26400,12.17,U
sz300179,四方达,2025-10-14 10:18:12,12.18,58500,12.18,U
sz300179,四方达,2025-10-14 10:18:15,12.19,135513,12.18,U
sz300179,四方达,2025-10-14 10:18:18,12.2,275200,12.19,U
sz300179,四方达,2025-10-14 10:18:21,12.2,90700,12.2,U
sz300179,四方达,2025-10-14 10:18:24,12.23,63200,12.2,U
sz300179,四方达,2025-10-14 10:18:27,12.25,34900,12.23,U
sz300179,四方达,2025-10-14 10:18:30,12.26,28400,12.25,U
sz300179,四方达,2025-10-14 10:18:33,12.24,189800,12.26,D
sz300179,四方达,2025-10-14 10:18:36,12.24,324200,12.24,U
sz300179,四方达,2025-10-14 10:18:39,12.25,76800,12.24,U
sz300179,四方达,2025-10-14 10:18:42,12.24,119500,12.25,D
sz300179,四方达,2025-10-14 10:18:45,12.24,103600,12.24,D
sz300179,四方达,2025-10-14 10:18:48,12.26,115100,12.24,U
sz300179,四方达,2025-10-14 10:18:51,12.26,24400,12.26,D
sz300179,四方达,2025-10-14 10:18:54,12.27,36100,12.26,E
sz300179,四方达,2025-10-14 10:18:57,12.28,106800,12.27,U
sz300179,四方达,2025-10-14 10:19:00,12.26,54300,12.28,D
sz300179,四方达,2025-10-14 10:19:03,12.28,84400,12.26,U
sz300179,四方达,2025-10-14 10:19:06,12.28,47500,12.28,U
sz300179,四方达,2025-10-14 10:19:09,12.28,54800,12.28,D
sz300179,四方达,2025-10-14 10:19:12,12.29,41900,12.28,U
sz300179,四方达,2025-10-14 10:19:15,12.29,24900,12.29,D
sz300179,四方达,2025-10-14 10:19:18,12.29,67700,12.29,U
sz300179,四方达,2025-10-14 10:19:21,12.3,49700,12.29,U
sz300179,四方达,2025-10-14 10:19:24,12.29,103500,12.3,D
sz300179,四方达,2025-10-14 10:19:27,12.3,46600,12.29,E
sz300179,四方达,2025-10-14 10:19:30,12.32,29400,12.3,U
sz300179,四方达,2025-10-14 10:19:33,12.27,213700,12.32,D
sz300179,四方达,2025-10-14 10:19:36,12.29,56700,12.27,E
sz300179,四方达,2025-10-14 10:19:39,12.29,71300,12.29,U
sz300179,四方达,2025-10-14 10:19:42,12.28,148700,12.29,D
sz300179,四方达,2025-10-14 10:19:45,12.25,44500,12.28,D
sz300179,四方达,2025-10-14 10:19:48,12.26,63800,12.25,U
sz300179,四方达,2025-10-14 10:19:51,12.25,32700,12.26,D
sz300179,四方达,2025-10-14 10:19:54,12.25,17400,12.25,D
sz300179,四方达,2025-10-14 10:19:57,12.26,75200,12.25,U
sz300179,四方达,2025-10-14 10:20:00,12.26,109100,12.26,D
sz300179,四方达,2025-10-14 10:20:03,12.27,34000,12.26,U
sz300179,四方达,2025-10-14 10:20:12,12.27,31900,12.27,U
sz300179,四方达,2025-10-14 10:20:18,12.28,68400,12.28,U
sz300179,四方达,2025-10-14 10:20:21,12.31,124800,12.28,U
sz300179,四方达,2025-10-14 10:20:24,12.34,92400,12.31,U
sz300179,四方达,2025-10-14 10:20:30,12.36,27300,12.36,U
sz300179,四方达,2025-10-14 10:20:33,12.36,86600,12.36,U
sz300179,四方达,2025-10-14 10:20:36,12.38,129300,12.36,U
sz300179,四方达,2025-10-14 10:20:39,12.39,41100,12.38,E
sz300179,四方达,2025-10-14 10:20:42,12.41,21600,12.39,U
sz300179,四方达,2025-10-14 10:20:45,12.44,39500,12.41,U
sz300179,四方达,2025-10-14 10:20:48,12.47,273700,12.44,U
sz300179,四方达,2025-10-14 10:20:51,12.43,99100,12.47,E
sz300179,四方达,2025-10-14 10:20:54,12.36,202200,12.43,D
sz300179,四方达,2025-10-14 10:20:57,12.46,124000,12.36,U
sz300179,四方达,2025-10-14 10:21:00,12.37,145600,12.46,D
sz300179,四方达,2025-10-14 10:21:03,12.42,80600,12.37,U
sz300179,四方达,2025-10-14 10:21:06,12.38,62200,12.42,E
sz300179,四方达,2025-10-14 10:21:09,12.36,109900,12.38,D
sz300179,四方达,2025-10-14 10:21:12,12.36,30800,12.36,U
sz300179,四方达,2025-10-14 10:21:15,12.36,117000,12.36,U
sz300179,四方达,2025-10-14 10:21:21,12.38,21000,12.37,U
sz300179,四方达,2025-10-14 10:21:24,12.39,35400,12.38,U
sz300179,四方达,2025-10-14 10:21:27,12.39,54600,12.39,D
sz300179,四方达,2025-10-14 10:21:30,12.39,62400,12.39,D
sz300179,四方达,2025-10-14 10:21:33,12.37,188800,12.39,D
sz300179,四方达,2025-10-14 10:21:36,12.39,35400,12.37,U
sz300179,四方达,2025-10-14 10:21:39,12.38,86500,12.39,U
sz300179,四方达,2025-10-14 10:21:45,12.38,26400,12.35,U
sz300179,四方达,2025-10-14 10:21:48,12.42,111500,12.38,U
sz300179,四方达,2025-10-14 10:21:51,12.43,31700,12.42,U
sz300179,四方达,2025-10-14 10:21:54,12.43,36900,12.43,U
sz300179,四方达,2025-10-14 10:21:57,12.44,64100,12.43,U
sz300179,四方达,2025-10-14 10:22:00,12.44,31500,12.44,D
sz300179,四方达,2025-10-14 10:22:03,12.43,101600,12.44,D
sz300179,四方达,2025-10-14 10:22:06,12.42,30800,12.43,E
sz300179,四方达,2025-10-14 10:22:09,12.42,87700,12.42,U
sz300179,四方达,2025-10-14 10:22:15,12.38,31800,12.42,D
sz300179,四方达,2025-10-14 10:22:18,12.4,22700,12.38,U
sz300179,四方达,2025-10-14 10:22:21,12.38,25400,12.4,D
sz300179,四方达,2025-10-14 10:22:24,12.43,150600,12.38,U
sz300179,四方达,2025-10-14 10:22:27,12.37,42200,12.43,D
sz300179,四方达,2025-10-14 10:22:30,12.43,55100,12.37,U
sz300179,四方达,2025-10-14 10:22:33,12.43,34900,12.43,D
sz300179,四方达,2025-10-14 10:22:36,12.4,31000,12.43,D
sz300179,四方达,2025-10-14 10:22:42,12.4,35600,12.38,U
sz300179,四方达,2025-10-14 10:22:48,12.39,57800,12.4,D
sz300179,四方达,2025-10-14 10:22:54,12.4,51600,12.4,U
sz300179,四方达,2025-10-14 10:22:57,12.4,35186,12.4,D
sz300179,四方达,2025-10-14 10:23:00,12.39,95900,12.4,D
sz300179,四方达,2025-10-14 10:23:03,12.42,64000,12.39,U
sz300179,四方达,2025-10-14 10:23:06,12.41,28100,12.42,D
sz300179,四方达,2025-10-14 10:23:09,12.41,108000,12.41,D
sz300179,四方达,2025-10-14 10:23:12,12.42,40987,12.41,U
sz300179,四方达,2025-10-14 10:23:15,12.57,807500,12.42,U
sz300179,四方达,2025-10-14 10:23:18,12.65,254500,12.57,U
sz300179,四方达,2025-10-14 10:23:21,12.65,33700,12.65,U
sz300179,四方达,2025-10-14 10:23:24,12.65,23400,12.65,U
sz300179,四方达,2025-10-14 10:23:27,12.65,169600,12.65,D
sz300179,四方达,2025-10-14 10:23:30,12.61,72900,12.65,D
sz300179,四方达,2025-10-14 10:23:33,12.55,89100,12.61,D
sz300179,四方达,2025-10-14 10:23:36,12.61,43100,12.55,E
sz300179,四方达,2025-10-14 10:23:39,12.65,50100,12.61,U
sz300179,四方达,2025-10-14 10:23:42,12.65,46800,12.65,U
sz300179,四方达,2025-10-14 10:23:45,12.65,434222,12.65,U
sz300179,四方达,2025-10-14 10:23:48,12.67,54800,12.65,U
sz300179,四方达,2025-10-14 10:23:51,12.69,133200,12.67,U
sz300179,四方达,2025-10-14 10:23:54,12.69,143100,12.69,U
sz300179,四方达,2025-10-14 10:23:57,12.7,292200,12.69,U
sz300179,四方达,2025-10-14 10:24:00,12.7,81500,12.7,U
sz300179,四方达,2025-10-14 10:24:03,12.69,190400,12.7,D
sz300179,四方达,2025-10-14 10:24:06,12.68,173700,12.69,D
sz300179,四方达,2025-10-14 10:24:09,12.7,147300,12.68,U
sz300179,四方达,2025-10-14 10:24:12,12.7,81600,12.7,D
sz300179,四方达,2025-10-14 10:24:15,12.71,46500,12.7,E
sz300179,四方达,2025-10-14 10:24:18,12.73,25700,12.71,U
sz300179,四方达,2025-10-14 10:24:21,12.74,67200,12.73,U
sz300179,四方达,2025-10-14 10:24:24,12.75,42200,12.74,U
sz300179,四方达,2025-10-14 10:24:27,12.75,96400,12.75,U
sz300179,四方达,2025-10-14 10:24:30,12.75,81500,12.75,U
sz300179,四方达,2025-10-14 10:24:33,12.73,144200,12.75,E
sz300179,四方达,2025-10-14 10:24:36,12.75,204800,12.73,U
sz300179,四方达,2025-10-14 10:24:39,12.76,103800,12.75,U
sz300179,四方达,2025-10-14 10:24:42,12.78,105400,12.76,U
sz300179,四方达,2025-10-14 10:24:45,12.79,115800,12.78,U
sz300179,四方达,2025-10-14 10:24:48,12.8,43500,12.79,U
sz300179,四方达,2025-10-14 10:24:51,12.85,139134,12.8,U
sz300179,四方达,2025-10-14 10:24:54,12.85,40300,12.85,U
sz300179,四方达,2025-10-14 10:24:57,12.88,62400,12.85,U
sz300179,四方达,2025-10-14 10:25:00,12.88,75400,12.88,U
sz300179,四方达,2025-10-14 10:25:03,12.89,110100,12.88,U
sz300179,四方达,2025-10-14 10:25:06,12.9,112600,12.89,U
sz300179,四方达,2025-10-14 10:25:09,12.9,53000,12.9,U
sz300179,四方达,2025-10-14 10:25:12,12.92,256500,12.9,U
sz300179,四方达,2025-10-14 10:25:15,12.95,67800,12.92,U
sz300179,四方达,2025-10-14 10:25:18,12.98,72600,12.95,U
sz300179,四方达,2025-10-14 10:25:21,12.99,69400,12.98,U
sz300179,四方达,2025-10-14 10:25:24,12.99,202700,12.99,U
sz300179,四方达,2025-10-14 10:25:27,13.0,298400,12.99,U
sz300179,四方达,2025-10-14 10:25:30,12.99,150100,13.0,D
sz300179,四方达,2025-10-14 10:25:33,12.9,310500,12.99,D
sz300179,四方达,2025-10-14 10:25:36,12.89,76400,12.9,D
sz300179,四方达,2025-10-14 10:25:39,12.91,116000,12.89,U
sz300179,四方达,2025-10-14 10:25:42,12.89,79500,12.91,D
sz300179,四方达,2025-10-14 10:25:45,12.89,60700,12.89,U
sz300179,四方达,2025-10-14 10:25:48,12.9,108000,12.89,U
sz300179,四方达,2025-10-14 10:25:51,12.9,72500,12.9,U
sz300179,四方达,2025-10-14 10:25:54,12.88,83800,12.9,D
sz300179,四方达,2025-10-14 10:25:57,12.87,50400,12.88,E
sz300179,四方达,2025-10-14 10:26:00,12.86,209200,12.87,D
sz300179,四方达,2025-10-14 10:26:03,12.82,45900,12.86,D
sz300179,四方达,2025-10-14 10:26:06,12.8,31400,12.82,D
sz300179,四方达,2025-10-14 10:26:09,12.81,78900,12.8,U
sz300179,四方达,2025-10-14 10:26:12,12.79,53500,12.81,D
sz300179,四方达,2025-10-14 10:26:15,12.79,41100,12.79,U
sz300179,四方达,2025-10-14 10:26:18,12.78,34800,12.79,U
sz300179,四方达,2025-10-14 10:26:24,12.7,40100,12.75,D
sz300179,四方达,2025-10-14 10:26:27,12.68,41100,12.7,D
sz300179,四方达,2025-10-14 10:26:30,12.69,23900,12.68,U
sz300179,四方达,2025-10-14 10:26:33,12.67,31500,12.69,D
sz300179,四方达,2025-10-14 10:26:36,12.69,36300,12.67,E
sz300179,四方达,2025-10-14 10:26:39,12.74,38000,12.69,U
sz300179,四方达,2025-10-14 10:26:42,12.75,31900,12.74,U
sz300179,四方达,2025-10-14 10:26:45,12.75,33100,12.75,U
sz300179,四方达,2025-10-14 10:26:48,12.76,67700,12.75,U
sz300179,四方达,2025-10-14 10:26:51,12.76,42500,12.76,U
sz300179,四方达,2025-10-14 10:26:54,12.78,86600,12.76,U
sz300179,四方达,2025-10-14 10:26:57,12.77,90900,12.78,D
sz300179,四方达,2025-10-14 10:27:00,12.78,276700,12.77,U
sz300179,四方达,2025-10-14 10:27:03,12.71,76800,12.78,D
sz300179,四方达,2025-10-14 10:27:06,12.71,78500,12.71,D
sz300179,四方达,2025-10-14 10:27:09,12.7,64200,12.71,D
sz300179,四方达,2025-10-14 10:27:12,12.69,90800,12.7,D
sz300179,四方达,2025-10-14 10:27:15,12.7,69100,12.69,U
sz300179,四方达,2025-10-14 10:27:18,12.69,32500,12.7,D
sz300179,四方达,2025-10-14 10:27:21,12.7,25200,12.69,D
sz300179,四方达,2025-10-14 10:27:24,12.7,44500,12.7,D
sz300179,四方达,2025-10-14 10:27:27,12.72,67500,12.7,U
sz300179,四方达,2025-10-14 10:27:30,12.73,61500,12.72,U
sz300179,四方达,2025-10-14 10:27:33,12.72,111300,12.73,D
sz300179,四方达,2025-10-14 10:27:36,12.7,79700,12.72,D
sz300179,四方达,2025-10-14 10:27:42,12.63,172000,12.69,D
sz300179,四方达,2025-10-14 10:27:45,12.61,53400,12.63,D
sz300179,四方达,2025-10-14 10:27:48,12.61,18300,12.61,D
sz300179,四方达,2025-10-14 10:27:51,12.63,21600,12.61,E
sz300179,四方达,2025-10-14 10:27:54,12.62,39200,12.63,D
sz300179,四方达,2025-10-14 10:27:57,12.67,36700,12.62,U
sz300179,四方达,2025-10-14 10:28:00,12.66,23000,12.67,U
sz300179,四方达,2025-10-14 10:28:09,12.66,49300,12.68,D
sz300179,四方达,2025-10-14 10:28:12,12.68,44600,12.66,U
sz300179,四方达,2025-10-14 10:28:15,12.67,30200,12.68,U
sz300179,四方达,2025-10-14 10:28:18,12.66,134500,12.67,D
sz300179,四方达,2025-10-14 10:28:21,12.65,34700,12.66,D
sz300179,四方达,2025-10-14 10:28:24,12.66,60300,12.65,U
sz300179,四方达,2025-10-14 10:28:30,12.68,17500,12.68,U
sz300179,四方达,2025-10-14 10:28:33,12.67,40300,12.68,D
sz300179,四方达,2025-10-14 10:28:39,12.68,46300,12.68,D
sz300179,四方达,2025-10-14 10:28:42,12.69,19400,12.68,E
sz300179,四方达,2025-10-14 10:28:45,12.7,26200,12.69,U
sz300179,四方达,2025-10-14 10:28:48,12.7,112100,12.7,U
sz300179,四方达,2025-10-14 10:28:51,12.7,19700,12.7,D
sz300179,四方达,2025-10-14 10:28:54,12.7,52600,12.7,U
sz300179,四方达,2025-10-14 10:28:57,12.69,51200,12.7,E
sz300179,四方达,2025-10-14 10:29:00,12.7,35000,12.69,U
sz300179,四方达,2025-10-14 10:29:03,12.64,165100,12.7,D
sz300179,四方达,2025-10-14 10:29:06,12.64,83600,12.64,U
sz300179,四方达,2025-10-14 10:29:09,12.66,54400,12.64,U
sz300179,四方达,2025-10-14 10:29:12,12.68,51700,12.66,U
sz300179,四方达,2025-10-14 10:29:15,12.66,36400,12.68,D
sz300179,四方达,2025-10-14 10:29:18,12.65,27400,12.66,D
sz300179,四方达,2025-10-14 10:29:21,12.7,51400,12.65,U
sz300179,四方达,2025-10-14 10:29:24,12.67,23700,12.7,D
sz300179,四方达,2025-10-14 10:29:27,12.73,75900,12.67,U
sz300179,四方达,2025-10-14 10:29:36,12.75,20400,12.73,U
sz300179,四方达,2025-10-14 10:29:42,12.76,19600,12.75,U
sz300179,四方达,2025-10-14 10:29:45,12.75,119400,12.76,D
sz300179,四方达,2025-10-14 10:29:48,12.76,135800,12.75,U
sz300179,四方达,2025-10-14 10:29:51,12.76,48400,12.76,D
sz300179,四方达,2025-10-14 10:29:54,12.78,103700,12.76,U
sz300179,四方达,2025-10-14 10:29:57,12.79,26700,12.78,U
sz300179,四方达,2025-10-14 10:30:00,12.78,48200,12.79,D
sz300179,四方达,2025-10-14 10:30:03,12.8,127800,12.78,U
sz300179,四方达,2025-10-14 10:30:06,12.79,47300,12.8,D
sz300179,四方达,2025-10-14 10:30:09,12.8,35900,12.79,U
sz300179,四方达,2025-10-14 10:30:12,12.81,45900,12.8,U
sz300179,四方达,2025-10-14 10:30:15,12.81,21400,12.81,D
sz300179,四方达,2025-10-14 10:30:18,12.87,70000,12.81,U
sz300179,四方达,2025-10-14 10:30:21,12.88,21700,12.87,U
sz300179,四方达,2025-10-14 10:30:24,12.85,59600,12.88,D
sz300179,四方达,2025-10-14 10:30:27,12.88,77100,12.85,U
sz300179,四方达,2025-10-14 10:30:30,12.88,52000,12.88,D
sz300179,四方达,2025-10-14 10:30:33,12.94,49200,12.88,U
sz300179,四方达,2025-10-14 10:30:36,12.94,31400,12.94,U
sz300179,四方达,2025-10-14 10:30:39,12.94,87900,12.94,U
sz300179,四方达,2025-10-14 10:30:42,12.94,118200,12.94,D
sz300179,四方达,2025-10-14 10:30:45,12.95,64300,12.94,U
sz300179,四方达,2025-10-14 10:30:48,12.98,42200,12.95,U
sz300179,四方达,2025-10-14 10:30:51,12.98,53700,12.98,U
sz300179,四方达,2025-10-14 10:30:54,12.99,116900,12.98,U
sz300179,四方达,2025-10-14 10:30:57,12.99,43000,12.99,U
sz300179,四方达,2025-10-14 10:31:00,12.98,94700,12.99,D
sz300179,四方达,2025-10-14 10:31:03,12.99,202100,12.98,U
sz300179,四方达,2025-10-14 10:31:06,12.99,148000,12.99,D
sz300179,四方达,2025-10-14 10:31:09,12.99,97200,12.99,D
sz300179,四方达,2025-10-14 10:31:12,13.0,128800,12.99,U
sz300179,四方达,2025-10-14 10:31:15,12.99,99100,13.0,D
sz300179,四方达,2025-10-14 10:31:18,13.01,78600,12.99,U
sz300179,四方达,2025-10-14 10:31:21,13.01,46900,13.01,U
sz300179,四方达,2025-10-14 10:31:30,13.07,31700,13.05,U
sz300179,四方达,2025-10-14 10:31:33,13.06,29600,13.07,D
sz300179,四方达,2025-10-14 10:31:36,13.06,62000,13.06,U
sz300179,四方达,2025-10-14 10:31:39,13.06,68800,13.06,U
sz300179,四方达,2025-10-14 10:31:42,13.06,54000,13.06,D
sz300179,四方达,2025-10-14 10:31:45,13.07,55500,13.06,D
sz300179,四方达,2025-10-14 10:31:48,13.08,62714,13.07,U
sz300179,四方达,2025-10-14 10:31:51,13.09,254100,13.08,E
sz300179,四方达,2025-10-14 10:31:54,13.1,67500,13.09,U
sz300179,四方达,2025-10-14 10:31:57,13.13,76500,13.1,U
sz300179,四方达,2025-10-14 10:32:00,13.13,47800,13.13,U
sz300179,四方达,2025-10-14 10:32:03,13.13,159000,13.13,D
sz300179,四方达,2025-10-14 10:32:06,13.13,110400,13.13,D
sz300179,四方达,2025-10-14 10:32:09,13.11,54700,13.13,D
sz300179,四方达,2025-10-14 10:32:12,13.06,148700,13.11,D
sz300179,四方达,2025-10-14 10:32:15,13.05,108600,13.06,D
sz300179,四方达,2025-10-14 10:32:18,13.0,48800,13.05,D
sz300179,四方达,2025-10-14 10:32:21,13.0,84000,13.0,D
sz300179,四方达,2025-10-14 10:32:24,13.0,45300,13.0,D
sz300179,四方达,2025-10-14 10:32:27,12.98,28200,13.0,D
sz300179,四方达,2025-10-14 10:32:30,12.95,17500,12.98,D
sz300179,四方达,2025-10-14 10:32:33,12.95,36700,12.95,D
sz300179,四方达,2025-10-14 10:32:39,12.93,43400,12.95,D
sz300179,四方达,2025-10-14 10:32:45,12.9,23100,12.9,D
sz300179,四方达,2025-10-14 10:32:48,12.88,51000,12.9,D
sz300179,四方达,2025-10-14 10:32:51,12.85,41100,12.88,D
sz300179,四方达,2025-10-14 10:32:57,12.85,40800,12.85,D
sz300179,四方达,2025-10-14 10:33:00,12.88,69400,12.85,U
sz300179,四方达,2025-10-14 10:33:03,12.83,40600,12.88,D
sz300179,四方达,2025-10-14 10:33:06,12.85,29500,12.83,U
sz300179,四方达,2025-10-14 10:33:09,12.85,20400,12.85,D
sz300179,四方达,2025-10-14 10:33:12,12.88,45000,12.85,E
sz300179,四方达,2025-10-14 10:33:15,12.89,28200,12.88,U
sz300179,四方达,2025-10-14 10:33:18,12.9,16000,12.89,U
sz300179,四方达,2025-10-14 10:33:21,12.9,32200,12.9,U
sz300179,四方达,2025-10-14 10:33:24,12.91,45500,12.9,U
sz300179,四方达,2025-10-14 10:33:30,12.93,30500,12.93,U
sz300179,四方达,2025-10-14 10:33:36,12.93,31400,12.94,D
sz300179,四方达,2025-10-14 10:33:42,12.95,125700,12.95,U
sz300179,四方达,2025-10-14 10:33:45,12.95,25100,12.95,U
sz300179,四方达,2025-10-14 10:33:48,12.95,27900,12.95,U
sz300179,四方达,2025-10-14 10:33:51,12.95,22800,12.95,U
sz300179,四方达,2025-10-14 10:33:54,12.95,61000,12.95,D
sz300179,四方达,2025-10-14 10:33:57,12.98,59400,12.95,E
sz300179,四方达,2025-10-14 10:34:00,12.98,30500,12.98,U
sz300179,四方达,2025-10-14 10:34:03,12.94,26100,12.98,D
sz300179,四方达,2025-10-14 10:34:06,12.94,30800,12.94,D
sz300179,四方达,2025-10-14 10:34:09,12.94,114200,12.94,D
sz300179,四方达,2025-10-14 10:34:12,12.93,55800,12.94,D
sz300179,四方达,2025-10-14 10:34:18,12.9,76200,12.93,D
sz300179,四方达,2025-10-14 10:34:21,12.9,71900,12.9,D
sz300179,四方达,2025-10-14 10:34:24,12.89,40800,12.9,D
sz300179,四方达,2025-10-14 10:34:30,12.86,25400,12.88,D
sz300179,四方达,2025-10-14 10:34:36,12.85,18300,12.85,D
sz300179,四方达,2025-10-14 10:34:39,12.85,69700,12.85,D
sz300179,四方达,2025-10-14 10:34:42,12.81,23700,12.85,D
sz300179,四方达,2025-10-14 10:34:45,12.8,34500,12.81,D
sz300179,四方达,2025-10-14 10:34:51,12.8,31500,12.83,D
sz300179,四方达,2025-10-14 10:35:00,12.78,21700,12.78,D
sz300179,四方达,2025-10-14 10:35:03,12.72,72800,12.78,D
sz300179,四方达,2025-10-14 10:35:06,12.72,16200,12.72,U
sz300179,四方达,2025-10-14 10:35:09,12.72,25000,12.72,U
sz300179,四方达,2025-10-14 10:35:15,12.68,16200,12.69,D
sz300179,四方达,2025-10-14 10:35:21,12.64,41700,12.66,D
sz300179,四方达,2025-10-14 10:35:24,12.63,27900,12.64,D
sz300179,四方达,2025-10-14 10:35:27,12.62,39700,12.63,D
sz300179,四方达,2025-10-14 10:35:30,12.62,47000,12.62,D
sz300179,四方达,2025-10-14 10:35:33,12.62,33000,12.62,U
sz300179,四方达,2025-10-14 10:35:36,12.61,65400,12.62,D
sz300179,四方达,2025-10-14 10:35:42,12.6,38100,12.61,D
sz300179,四方达,2025-10-14 10:35:45,12.6,39700,12.6,U
sz300179,四方达,2025-10-14 10:35:48,12.59,43600,12.6,D
sz300179,四方达,2025-10-14 10:35:51,12.59,18200,12.59,D
sz300179,四方达,2025-10-14 10:35:54,12.6,21800,12.59,U
sz300179,四方达,2025-10-14 10:35:57,12.61,56600,12.6,U
sz300179,四方达,2025-10-14 10:36:00,12.62,29100,12.61,U
sz300179,四方达,2025-10-14 10:36:03,12.61,23300,12.62,D
sz300179,四方达,2025-10-14 10:36:06,12.62,32900,12.61,U
sz300179,四方达,2025-10-14 10:36:15,12.63,67500,12.63,U
sz300179,四方达,2025-10-14 10:36:18,12.65,86000,12.63,U
sz300179,四方达,2025-10-14 10:36:33,12.68,72900,12.68,U
sz300179,四方达,2025-10-14 10:36:36,12.69,44300,12.68,E
sz300179,四方达,2025-10-14 10:36:39,12.72,17600,12.69,U
sz300179,四方达,2025-10-14 10:36:57,12.77,16900,12.78,U
sz300179,四方达,2025-10-14 10:37:00,12.77,22700,12.77,D
sz300179,四方达,2025-10-14 10:37:03,12.77,24000,12.77,D
sz300179,四方达,2025-10-14 10:37:06,12.76,24700,12.77,D
sz300179,四方达,2025-10-14 10:37:09,12.77,45300,12.76,U
sz300179,四方达,2025-10-14 10:37:12,12.77,17600,12.77,D
sz300179,四方达,2025-10-14 10:37:15,12.77,37500,12.77,D
sz300179,四方达,2025-10-14 10:37:18,12.76,19200,12.77,D
sz300179,四方达,2025-10-14 10:37:30,12.75,28100,12.75,U
sz300179,四方达,2025-10-14 10:37:33,12.74,32100,12.75,D
sz300179,四方达,2025-10-14 10:37:39,12.72,24800,12.72,D
sz300179,四方达,2025-10-14 10:37:42,12.72,18100,12.72,D
sz300179,四方达,2025-10-14 10:38:06,12.67,16700,12.68,D
sz300179,四方达,2025-10-14 10:38:09,12.67,65100,12.67,D
sz300179,四方达,2025-10-14 10:38:15,12.66,18898,12.68,D
sz300179,四方达,2025-10-14 10:38:24,12.66,43002,12.66,U
sz300179,四方达,2025-10-14 10:38:27,12.65,35498,12.66,D
sz300179,四方达,2025-10-14 10:38:33,12.63,16500,12.64,D
sz300179,四方达,2025-10-14 10:38:39,12.62,19500,12.63,D
sz300179,四方达,2025-10-14 10:38:45,12.62,28300,12.62,D
sz300179,四方达,2025-10-14 10:38:51,12.63,23600,12.63,D
sz300179,四方达,2025-10-14 10:39:00,12.65,40800,12.63,U
sz300179,四方达,2025-10-14 10:39:09,12.65,19900,12.65,U
sz300179,四方达,2025-10-14 10:39:12,12.65,36800,12.65,U
sz300179,四方达,2025-10-14 10:39:18,12.66,18600,12.64,U
sz300179,四方达,2025-10-14 10:39:39,12.69,44300,12.69,U
sz300179,四方达,2025-10-14 10:39:45,12.7,30900,12.7,U
sz300179,四方达,2025-10-14 10:39:51,12.7,20700,12.7,U
sz300179,四方达,2025-10-14 10:40:03,12.73,16500,12.72,U
sz300179,四方达,2025-10-14 10:40:18,12.76,46900,12.75,U
sz300179,四方达,2025-10-14 10:40:24,12.77,17200,12.77,U
sz300179,四方达,2025-10-14 10:40:27,12.76,27700,12.77,U
sz300179,四方达,2025-10-14 10:40:33,12.76,77000,12.76,D
sz300179,四方达,2025-10-14 10:40:36,12.77,22800,12.76,U
sz300179,四方达,2025-10-14 10:40:51,12.78,55100,12.78,D
sz300179,四方达,2025-10-14 10:40:57,12.8,54000,12.78,U
sz300179,四方达,2025-10-14 10:41:03,12.77,44200,12.78,D
sz300179,四方达,2025-10-14 10:41:06,12.77,26200,12.77,D
sz300179,四方达,2025-10-14 10:41:09,12.76,50068,12.77,D
sz300179,四方达,2025-10-14 10:41:24,12.73,58400,12.73,D
sz300179,四方达,2025-10-14 10:41:36,12.71,24000,12.71,D
sz300179,四方达,2025-10-14 10:41:42,12.68,102500,12.71,D
sz300179,四方达,2025-10-14 10:41:48,12.68,52800,12.69,D
sz300179,四方达,2025-10-14 10:42:09,12.67,16500,12.7,U
sz300179,四方达,2025-10-14 10:42:21,12.66,21600,12.66,U
sz300179,四方达,2025-10-14 10:42:36,12.68,34700,12.68,D
sz300179,四方达,2025-10-14 10:42:54,12.7,23000,12.69,U
sz300179,四方达,2025-10-14 10:43:03,12.7,17600,12.7,U
sz300179,四方达,2025-10-14 10:43:06,12.69,45600,12.7,D
sz300179,四方达,2025-10-14 10:43:33,12.7,56100,12.71,U
sz300179,四方达,2025-10-14 10:43:48,12.7,30300,12.71,D
sz300179,四方达,2025-10-14 10:43:51,12.69,16800,12.7,D
sz300179,四方达,2025-10-14 10:44:03,12.66,29900,12.68,D
sz300179,四方达,2025-10-14 10:44:18,12.68,16200,12.66,U
sz300179,四方达,2025-10-14 10:44:48,12.7,57400,12.7,U
sz300179,四方达,2025-10-14 10:45:06,12.69,31400,12.7,D
sz300179,四方达,2025-10-14 10:45:15,12.69,52800,12.69,U
sz300179,四方达,2025-10-14 10:45:18,12.68,38200,12.69,D
sz300179,四方达,2025-10-14 10:45:36,12.68,19000,12.68,D
sz300179,四方达,2025-10-14 10:45:48,12.68,49100,12.68,D
sz300179,四方达,2025-10-14 10:46:06,12.65,32800,12.65,D
sz300179,四方达,2025-10-14 10:46:09,12.65,16000,12.65,U
sz300179,四方达,2025-10-14 10:46:27,12.64,25000,12.65,D
sz300179,四方达,2025-10-14 10:46:36,12.62,40700,12.64,D
sz300179,四方达,2025-10-14 10:46:48,12.6,52900,12.62,D
sz300179,四方达,2025-10-14 10:46:54,12.6,68300,12.6,D
sz300179,四方达,2025-10-14 10:47:12,12.57,17100,12.58,D
sz300179,四方达,2025-10-14 10:47:18,12.56,16800,12.57,D
sz300179,四方达,2025-10-14 10:47:21,12.56,17600,12.56,D
sz300179,四方达,2025-10-14 10:47:24,12.54,42300,12.56,D
sz300179,四方达,2025-10-14 10:47:30,12.53,34400,12.52,E
sz300179,四方达,2025-10-14 10:47:33,12.52,25800,12.53,D
sz300179,四方达,2025-10-14 10:47:36,12.51,32500,12.52,D
sz300179,四方达,2025-10-14 10:47:39,12.5,19300,12.51,D
sz300179,四方达,2025-10-14 10:47:42,12.5,20100,12.5,D
sz300179,四方达,2025-10-14 10:47:45,12.5,64500,12.5,D
sz300179,四方达,2025-10-14 10:47:48,12.5,43900,12.5,U
sz300179,四方达,2025-10-14 10:47:51,12.46,22900,12.5,D
sz300179,四方达,2025-10-14 10:48:00,12.46,31500,12.46,U
sz300179,四方达,2025-10-14 10:48:03,12.46,59800,12.46,U
sz300179,四方达,2025-10-14 10:48:06,12.45,39000,12.46,D
sz300179,四方达,2025-10-14 10:48:09,12.46,21800,12.45,U
sz300179,四方达,2025-10-14 10:48:24,12.51,27700,12.49,U
sz300179,四方达,2025-10-14 10:48:30,12.52,22600,12.51,U
sz300179,四方达,2025-10-14 10:48:48,12.53,18000,12.52,U
sz300179,四方达,2025-10-14 10:50:15,12.66,38800,12.65,U
sz300179,四方达,2025-10-14 10:50:39,12.65,26968,12.66,D
sz300179,四方达,2025-10-14 10:50:42,12.7,143300,12.65,U
sz300179,四方达,2025-10-14 10:51:09,12.61,18800,12.61,U
sz300179,四方达,2025-10-14 10:51:12,12.6,25000,12.61,D
sz300179,四方达,2025-10-14 10:51:18,12.61,18000,12.59,U
sz300179,四方达,2025-10-14 10:52:33,12.6,28200,12.6,U
sz300179,四方达,2025-10-14 10:53:54,12.58,18300,12.57,U
sz300179,四方达,2025-10-14 10:54:09,12.57,21400,12.58,D
sz300179,四方达,2025-10-14 10:54:48,12.51,29800,12.55,D
sz300179,四方达,2025-10-14 10:54:57,12.51,16500,12.51,D
sz300179,四方达,2025-10-14 10:55:03,12.51,17100,12.5,U
sz300179,四方达,2025-10-14 10:55:06,12.5,18000,12.51,D
sz300179,四方达,2025-10-14 10:55:36,12.47,18500,12.47,D
sz300179,四方达,2025-10-14 10:55:45,12.47,36800,12.47,D
sz300179,四方达,2025-10-14 10:55:48,12.47,50600,12.47,U
sz300179,四方达,2025-10-14 10:55:51,12.47,22400,12.47,U
sz300179,四方达,2025-10-14 10:56:12,12.46,89800,12.46,D
sz300179,四方达,2025-10-14 10:56:39,12.45,21400,12.45,D
sz300179,四方达,2025-10-14 10:57:06,12.43,27500,12.43,D
sz300179,四方达,2025-10-14 10:57:15,12.42,24400,12.44,D
sz300179,四方达,2025-10-14 10:57:21,12.42,19700,12.43,D
sz300179,四方达,2025-10-14 10:57:39,12.4,46400,12.42,D
sz300179,四方达,2025-10-14 10:57:42,12.42,20400,12.4,U
sz300179,四方达,2025-10-14 10:57:45,12.4,21200,12.42,D
sz300179,四方达,2025-10-14 10:57:51,12.4,19800,12.42,D
sz300179,四方达,2025-10-14 10:58:03,12.4,22400,12.4,U
sz300179,四方达,2025-10-14 10:58:54,12.44,26700,12.46,D
sz300179,四方达,2025-10-14 10:59:09,12.47,19900,12.46,U
sz300179,四方达,2025-10-14 11:00:24,12.55,23300,12.55,U
sz300179,四方达,2025-10-14 11:00:27,12.55,55700,12.55,U
sz300179,四方达,2025-10-14 11:00:51,12.58,56000,12.57,U
sz300179,四方达,2025-10-14 11:01:06,12.54,16000,12.54,D
sz300179,四方达,2025-10-14 11:01:09,12.57,49100,12.54,U
sz300179,四方达,2025-10-14 11:01:42,12.59,17900,12.59,U
sz300179,四方达,2025-10-14 11:01:48,12.58,27600,12.58,D
sz300179,四方达,2025-10-14 11:02:00,12.57,19900,12.54,U
sz300179,四方达,2025-10-14 11:02:15,12.57,42000,12.57,U
sz300179,四方达,2025-10-14 11:02:39,12.51,19800,12.53,D
sz300179,四方达,2025-10-14 11:02:51,12.51,22500,12.53,D
sz300179,四方达,2025-10-14 11:02:57,12.51,20800,12.52,D
sz300179,四方达,2025-10-14 11:03:39,12.56,19500,12.56,U
sz300179,四方达,2025-10-14 11:03:57,12.57,19900,12.57,U
sz300179,四方达,2025-10-14 11:04:03,12.58,30200,12.57,U
sz300179,四方达,2025-10-14 11:04:06,12.58,16200,12.58,U
sz300179,四方达,2025-10-14 11:04:15,12.59,23800,12.58,U
sz300179,四方达,2025-10-14 11:04:21,12.6,41200,12.59,U
sz300179,四方达,2025-10-14 11:04:39,12.6,40000,12.6,U
sz300179,四方达,2025-10-14 11:04:45,12.6,32400,12.6,D
sz300179,四方达,2025-10-14 11:05:39,12.55,19000,12.56,D
sz300179,四方达,2025-10-14 11:05:42,12.56,18600,12.55,U
sz300179,四方达,2025-10-14 11:05:45,12.55,49700,12.56,D
sz300179,四方达,2025-10-14 11:05:57,12.57,31600,12.55,U
sz300179,四方达,2025-10-14 11:06:00,12.51,23700,12.57,D
sz300179,四方达,2025-10-14 11:06:03,12.5,23700,12.51,D
sz300179,四方达,2025-10-14 11:06:33,12.43,27500,12.44,D
sz300179,四方达,2025-10-14 11:06:36,12.43,16100,12.43,D
sz300179,四方达,2025-10-14 11:06:42,12.41,37500,12.43,D
sz300179,四方达,2025-10-14 11:06:48,12.4,34700,12.4,D
sz300179,四方达,2025-10-14 11:06:54,12.4,26800,12.4,D
sz300179,四方达,2025-10-14 11:07:03,12.39,19900,12.39,D
sz300179,四方达,2025-10-14 11:07:06,12.4,52000,12.39,U
sz300179,四方达,2025-10-14 11:07:21,12.39,21800,12.4,D
sz300179,四方达,2025-10-14 11:08:03,12.4,44400,12.41,D
sz300179,四方达,2025-10-14 11:08:06,12.39,16500,12.4,D
sz300179,四方达,2025-10-14 11:09:06,12.43,18300,12.45,D
sz300179,四方达,2025-10-14 11:09:39,12.44,32100,12.44,U
sz300179,四方达,2025-10-14 11:09:57,12.4,39400,12.42,D
sz300179,四方达,2025-10-14 11:10:27,12.39,21700,12.39,U
sz300179,四方达,2025-10-14 11:10:36,12.39,43100,12.39,D
sz300179,四方达,2025-10-14 11:10:54,12.39,36200,12.37,U
sz300179,四方达,2025-10-14 11:11:00,12.39,16200,12.39,D
sz300179,四方达,2025-10-14 11:12:00,12.39,20100,12.38,U
sz300179,四方达,2025-10-14 11:12:06,12.4,57100,12.4,U
sz300179,四方达,2025-10-14 11:12:12,12.38,35600,12.4,D
sz300179,四方达,2025-10-14 11:12:30,12.42,22600,12.41,U
sz300179,四方达,2025-10-14 11:12:33,12.44,27700,12.42,U
sz300179,四方达,2025-10-14 11:12:54,12.46,30000,12.49,D
sz300179,四方达,2025-10-14 11:12:57,12.5,19600,12.46,U
sz300179,四方达,2025-10-14 11:13:09,12.51,81800,12.51,D
sz300179,四方达,2025-10-14 11:13:15,12.51,17300,12.51,U
sz300179,四方达,2025-10-14 11:13:36,12.6,40000,12.6,U
sz300179,四方达,2025-10-14 11:13:39,12.6,22600,12.6,U
sz300179,四方达,2025-10-14 11:13:42,12.6,32200,12.6,D
sz300179,四方达,2025-10-14 11:13:57,12.62,17800,12.66,D
sz300179,四方达,2025-10-14 11:14:03,12.65,31900,12.65,U
sz300179,四方达,2025-10-14 11:14:21,12.64,17800,12.62,U
sz300179,四方达,2025-10-14 11:14:24,12.6,33400,12.64,D
sz300179,四方达,2025-10-14 11:15:00,12.6,16400,12.6,U
sz300179,四方达,2025-10-14 11:15:06,12.6,21300,12.6,D
sz300179,四方达,2025-10-14 11:15:54,12.51,21200,12.57,D
sz300179,四方达,2025-10-14 11:17:12,12.54,52400,12.55,D
sz300179,四方达,2025-10-14 11:18:48,12.48,39100,12.49,D
sz300179,四方达,2025-10-14 11:19:27,12.48,21300,12.5,D
sz300179,四方达,2025-10-14 11:21:27,12.4,32200,12.46,D
sz300179,四方达,2025-10-14 11:22:09,12.42,17400,12.44,D
sz300179,四方达,2025-10-14 11:22:21,12.44,19900,12.43,U
sz300179,四方达,2025-10-14 11:22:24,12.46,50400,12.44,U
sz300179,四方达,2025-10-14 11:22:45,12.5,30200,12.5,U
sz300179,四方达,2025-10-14 11:22:51,12.5,31700,12.5,D
sz300179,四方达,2025-10-14 11:23:03,12.5,41800,12.51,D
sz300179,四方达,2025-10-14 11:23:06,12.5,20300,12.5,U
sz300179,四方达,2025-10-14 11:23:09,12.5,19200,12.5,U
sz300179,四方达,2025-10-14 11:23:27,12.51,21700,12.5,U
sz300179,四方达,2025-10-14 11:24:15,12.48,26800,12.47,U
sz300179,四方达,2025-10-14 11:24:36,12.46,49300,12.46,D
sz300179,四方达,2025-10-14 11:24:51,12.45,36200,12.45,D
sz300179,四方达,2025-10-14 11:25:45,12.47,33300,12.45,U
sz300179,四方达,2025-10-14 11:26:33,12.5,18100,12.5,U
sz300179,四方达,2025-10-14 11:26:42,12.5,24800,12.51,D
sz300179,四方达,2025-10-14 11:27:24,12.51,30300,12.48,U
sz300179,四方达,2025-10-14 11:27:33,12.5,68000,12.5,D
sz300179,四方达,2025-10-14 11:28:21,12.48,32900,12.5,D
sz300179,四方达,2025-10-14 11:29:27,12.48,21100,12.48,U
sz300179,四方达,2025-10-14 13:00:00,12.5,175200,12.49,U
sz300179,四方达,2025-10-14 13:00:03,12.49,32100,12.5,D
sz300179,四方达,2025-10-14 13:00:12,12.48,24700,12.49,D
sz300179,四方达,2025-10-14 13:00:15,12.45,47800,12.48,D
sz300179,四方达,2025-10-14 13:00:24,12.4,87500,12.45,D
sz300179,四方达,2025-10-14 13:00:27,12.36,112800,12.4,D
sz300179,四方达,2025-10-14 13:00:30,12.36,35700,12.36,U
sz300179,四方达,2025-10-14 13:02:15,12.36,27600,12.37,D
sz300179,四方达,2025-10-14 13:02:27,12.34,29100,12.35,D
sz300179,四方达,2025-10-14 13:02:33,12.33,27600,12.34,D
sz300179,四方达,2025-10-14 13:02:45,12.33,33600,12.34,D
sz300179,四方达,2025-10-14 13:02:48,12.32,20300,12.33,D
sz300179,四方达,2025-10-14 13:02:54,12.31,22100,12.34,D
sz300179,四方达,2025-10-14 13:03:15,12.31,40300,12.32,D
sz300179,四方达,2025-10-14 13:03:18,12.32,28600,12.31,U
sz300179,四方达,2025-10-14 13:03:48,12.3,50700,12.3,D
sz300179,四方达,2025-10-14 13:03:51,12.29,33600,12.3,D
sz300179,四方达,2025-10-14 13:04:00,12.28,26200,12.29,D
sz300179,四方达,2025-10-14 13:04:09,12.37,115700,12.28,U
sz300179,四方达,2025-10-14 13:04:15,12.37,23600,12.37,D
sz300179,四方达,2025-10-14 13:04:33,12.39,16300,12.43,D
sz300179,四方达,2025-10-14 13:05:45,12.4,41000,12.4,U
sz300179,四方达,2025-10-14 13:05:51,12.4,19200,12.4,D
sz300179,四方达,2025-10-14 13:06:00,12.4,34300,12.4,U
sz300179,四方达,2025-10-14 13:06:06,12.38,34700,12.39,D
sz300179,四方达,2025-10-14 13:06:36,12.43,17900,12.38,U
sz300179,四方达,2025-10-14 13:06:48,12.43,78200,12.43,U
sz300179,四方达,2025-10-14 13:07:21,12.49,22900,12.48,U
sz300179,四方达,2025-10-14 13:07:27,12.5,29600,12.49,U
sz300179,四方达,2025-10-14 13:08:00,12.5,42700,12.49,U
sz300179,四方达,2025-10-14 13:08:06,12.5,73600,12.5,U
sz300179,四方达,2025-10-14 13:08:51,12.56,34900,12.57,D
sz300179,四方达,2025-10-14 13:08:54,12.58,22300,12.56,U
sz300179,四方达,2025-10-14 13:09:00,12.58,17500,12.58,D
sz300179,四方达,2025-10-14 13:09:03,12.58,36500,12.58,D
sz300179,四方达,2025-10-14 13:09:06,12.59,53100,12.58,E
sz300179,四方达,2025-10-14 13:09:12,12.58,83600,12.59,D
sz300179,四方达,2025-10-14 13:09:15,12.59,17300,12.58,U
sz300179,四方达,2025-10-14 13:09:27,12.56,16800,12.56,U
sz300179,四方达,2025-10-14 13:10:36,12.54,49200,12.55,D
sz300179,四方达,2025-10-14 13:10:42,12.54,21700,12.55,D
sz300179,四方达,2025-10-14 13:10:51,12.59,40800,12.57,U
sz300179,四方达,2025-10-14 13:11:00,12.58,19200,12.59,D
sz300179,四方达,2025-10-14 13:11:03,12.59,47000,12.58,U
sz300179,四方达,2025-10-14 13:11:27,12.59,32300,12.6,D
sz300179,四方达,2025-10-14 13:11:30,12.57,85000,12.59,D
sz300179,四方达,2025-10-14 13:11:42,12.59,40900,12.58,U
sz300179,四方达,2025-10-14 13:12:06,12.58,28900,12.59,D
sz300179,四方达,2025-10-14 13:12:45,12.54,25200,12.54,D
sz300179,四方达,2025-10-14 13:12:51,12.54,25300,12.55,D
sz300179,四方达,2025-10-14 13:13:03,12.46,19700,12.53,D
sz300179,四方达,2025-10-14 13:13:33,12.44,17800,12.47,D
sz300179,四方达,2025-10-14 13:13:36,12.44,18900,12.44,D
sz300179,四方达,2025-10-14 13:14:36,12.51,30000,12.53,D
sz300179,四方达,2025-10-14 13:14:48,12.48,20500,12.49,D
sz300179,四方达,2025-10-14 13:15:42,12.5,20000,12.5,D
sz300179,四方达,2025-10-14 13:16:00,12.52,22900,12.52,U
sz300179,四方达,2025-10-14 13:17:48,12.54,93900,12.53,U
sz300179,四方达,2025-10-14 13:17:51,12.53,47000,12.54,E
sz300179,四方达,2025-10-14 13:18:54,12.46,18600,12.46,U
sz300179,四方达,2025-10-14 13:19:33,12.5,28800,12.47,U
sz300179,四方达,2025-10-14 13:19:45,12.53,32900,12.5,U
sz300179,四方达,2025-10-14 13:20:03,12.54,22200,12.55,D
sz300179,四方达,2025-10-14 13:20:15,12.55,20400,12.54,U
sz300179,四方达,2025-10-14 13:20:48,12.57,30800,12.57,U
sz300179,四方达,2025-10-14 13:20:51,12.57,24800,12.57,D
sz300179,四方达,2025-10-14 13:21:00,12.55,23300,12.58,E
sz300179,四方达,2025-10-14 13:21:18,12.53,24100,12.58,D
sz300179,四方达,2025-10-14 13:21:45,12.51,25500,12.54,D
sz300179,四方达,2025-10-14 13:23:30,12.54,21500,12.57,D
sz300179,四方达,2025-10-14 13:24:12,12.58,43600,12.55,U
sz300179,四方达,2025-10-14 13:24:30,12.59,25600,12.58,U
sz300179,四方达,2025-10-14 13:24:33,12.58,106200,12.59,D
sz300179,四方达,2025-10-14 13:24:42,12.6,23700,12.58,U
sz300179,四方达,2025-10-14 13:25:15,12.6,110300,12.58,U
sz300179,四方达,2025-10-14 13:25:27,12.62,24000,12.6,U
sz300179,四方达,2025-10-14 13:26:24,12.67,16200,12.68,D
sz300179,四方达,2025-10-14 13:26:27,12.66,23200,12.67,D
sz300179,四方达,2025-10-14 13:27:30,12.64,33000,12.63,U
sz300179,四方达,2025-10-14 13:27:42,12.62,18800,12.64,D
sz300179,四方达,2025-10-14 13:28:06,12.64,22700,12.63,U
sz300179,四方达,2025-10-14 13:28:12,12.63,27100,12.64,D
sz300179,四方达,2025-10-14 13:29:27,12.6,21000,12.6,D
sz300179,四方达,2025-10-14 13:29:54,12.58,19500,12.59,D
sz300179,四方达,2025-10-14 13:30:09,12.58,17900,12.59,D
sz300179,四方达,2025-10-14 13:30:51,12.55,18600,12.55,D
sz300179,四方达,2025-10-14 13:31:51,12.58,21700,12.58,E
sz300179,四方达,2025-10-14 13:31:57,12.59,16100,12.59,U
sz300179,四方达,2025-10-14 13:32:03,12.59,15900,12.59,D
sz300179,四方达,2025-10-14 13:32:09,12.62,53900,12.6,U
sz300179,四方达,2025-10-14 13:32:36,12.63,16500,12.63,U
sz300179,四方达,2025-10-14 13:32:45,12.62,27300,12.63,D
sz300179,四方达,2025-10-14 13:33:06,12.62,17200,12.64,D
sz300179,四方达,2025-10-14 13:33:09,12.61,19300,12.62,D
sz300179,四方达,2025-10-14 13:33:12,12.6,20400,12.61,D
sz300179,四方达,2025-10-14 13:33:39,12.56,18900,12.58,D
sz300179,四方达,2025-10-14 13:35:57,12.52,27600,12.52,U
sz300179,四方达,2025-10-14 13:37:33,12.49,31100,12.48,U
sz300179,四方达,2025-10-14 13:37:39,12.53,24900,12.53,U
sz300179,四方达,2025-10-14 13:39:15,12.53,17500,12.53,D
sz300179,四方达,2025-10-14 13:41:33,12.49,25700,12.5,D
sz300179,四方达,2025-10-14 13:42:30,12.51,34000,12.52,D
sz300179,四方达,2025-10-14 13:42:45,12.49,19200,12.51,D
sz300179,四方达,2025-10-14 13:43:06,12.51,16000,12.51,D
sz300179,四方达,2025-10-14 13:47:00,12.5,42200,12.5,U
sz300179,四方达,2025-10-14 13:49:09,12.45,46700,12.46,D
sz300179,四方达,2025-10-14 13:49:15,12.45,21400,12.46,D
sz300179,四方达,2025-10-14 13:51:03,12.44,24100,12.45,D
sz300179,四方达,2025-10-14 13:52:36,12.5,50500,12.48,U
sz300179,四方达,2025-10-14 13:53:30,12.53,17600,12.52,U
sz300179,四方达,2025-10-14 13:53:45,12.52,22700,12.53,D
sz300179,四方达,2025-10-14 13:54:21,12.52,22800,12.53,D
sz300179,四方达,2025-10-14 13:55:42,12.5,45200,12.5,U
sz300179,四方达,2025-10-14 13:56:51,12.48,32900,12.48,D
sz300179,四方达,2025-10-14 13:57:21,12.46,31700,12.47,D
sz300179,四方达,2025-10-14 13:57:39,12.45,33900,12.46,D
sz300179,四方达,2025-10-14 13:59:06,12.44,23000,12.45,D
sz300179,四方达,2025-10-14 13:59:51,12.42,38100,12.44,D
sz300179,四方达,2025-10-14 14:02:15,12.43,34400,12.44,D
sz300179,四方达,2025-10-14 14:03:12,12.44,23800,12.45,D
sz300179,四方达,2025-10-14 14:03:24,12.44,21200,12.44,U
sz300179,四方达,2025-10-14 14:03:33,12.44,16300,12.44,D
sz300179,四方达,2025-10-14 14:04:00,12.43,26400,12.43,D
sz300179,四方达,2025-10-14 14:04:03,12.43,23400,12.43,U
sz300179,四方达,2025-10-14 14:04:06,12.46,62500,12.43,U
sz300179,四方达,2025-10-14 14:04:57,12.51,125800,12.47,U
sz300179,四方达,2025-10-14 14:05:03,12.55,49200,12.53,U
sz300179,四方达,2025-10-14 14:05:06,12.56,67000,12.55,U
sz300179,四方达,2025-10-14 14:05:12,12.6,17300,12.55,U
sz300179,四方达,2025-10-14 14:05:15,12.58,18900,12.6,D
sz300179,四方达,2025-10-14 14:05:33,12.62,22100,12.62,U
sz300179,四方达,2025-10-14 14:05:36,12.62,46800,12.62,U
sz300179,四方达,2025-10-14 14:05:39,12.63,16200,12.62,U
sz300179,四方达,2025-10-14 14:05:48,12.62,23900,12.63,D
sz300179,四方达,2025-10-14 14:06:03,12.65,22100,12.64,U
sz300179,四方达,2025-10-14 14:06:09,12.65,37700,12.65,U
sz300179,四方达,2025-10-14 14:06:18,12.66,24400,12.66,U
sz300179,四方达,2025-10-14 14:06:30,12.66,57700,12.64,U
sz300179,四方达,2025-10-14 14:07:06,12.61,18400,12.61,D
sz300179,四方达,2025-10-14 14:07:36,12.62,45100,12.61,U
sz300179,四方达,2025-10-14 14:07:42,12.6,16900,12.61,D
sz300179,四方达,2025-10-14 14:08:03,12.61,20000,12.62,D
sz300179,四方达,2025-10-14 14:08:15,12.57,17500,12.59,D
sz300179,四方达,2025-10-14 14:09:15,12.5,26300,12.53,D
sz300179,四方达,2025-10-14 14:10:09,12.5,30305,12.52,D
sz300179,四方达,2025-10-14 14:10:33,12.48,21500,12.48,U
sz300179,四方达,2025-10-14 14:11:33,12.47,22500,12.47,U
sz300179,四方达,2025-10-14 14:12:00,12.46,19500,12.46,U
sz300179,四方达,2025-10-14 14:12:30,12.47,17900,12.46,U
sz300179,四方达,2025-10-14 14:13:09,12.49,18200,12.48,U
sz300179,四方达,2025-10-14 14:14:48,12.54,31700,12.55,D
sz300179,四方达,2025-10-14 14:15:00,12.56,16300,12.55,U
sz300179,四方达,2025-10-14 14:15:45,12.57,20700,12.57,D
sz300179,四方达,2025-10-14 14:16:06,12.58,19200,12.58,D
sz300179,四方达,2025-10-14 14:18:24,12.5,22500,12.5,D
sz300179,四方达,2025-10-14 14:18:39,12.5,41800,12.48,U
sz300179,四方达,2025-10-14 14:18:42,12.5,19100,12.5,U
sz300179,四方达,2025-10-14 14:19:21,12.5,26200,12.5,U
sz300179,四方达,2025-10-14 14:19:30,12.5,19000,12.49,U
sz300179,四方达,2025-10-14 14:19:33,12.5,16100,12.5,U
sz300179,四方达,2025-10-14 14:19:36,12.5,51245,12.5,U
sz300179,四方达,2025-10-14 14:19:39,12.49,26500,12.5,D
sz300179,四方达,2025-10-14 14:19:42,12.5,17400,12.49,U
sz300179,四方达,2025-10-14 14:20:03,12.51,24400,12.51,U
sz300179,四方达,2025-10-14 14:21:03,12.5,24800,12.49,U
sz300179,四方达,2025-10-14 14:21:06,12.5,34400,12.5,U
sz300179,四方达,2025-10-14 14:21:12,12.49,17100,12.5,D
sz300179,四方达,2025-10-14 14:21:57,12.5,25500,12.5,U
sz300179,四方达,2025-10-14 14:22:03,12.5,16300,12.5,U
sz300179,四方达,2025-10-14 14:22:06,12.49,19300,12.5,D
sz300179,四方达,2025-10-14 14:22:15,12.5,32500,12.49,U
sz300179,四方达,2025-10-14 14:22:18,12.49,17700,12.5,D
sz300179,四方达,2025-10-14 14:22:36,12.48,25200,12.5,D
sz300179,四方达,2025-10-14 14:23:00,12.49,37000,12.49,D
sz300179,四方达,2025-10-14 14:23:18,12.5,28800,12.5,D
sz300179,四方达,2025-10-14 14:23:33,12.49,21100,12.5,D
sz300179,四方达,2025-10-14 14:23:39,12.48,38000,12.49,D
sz300179,四方达,2025-10-14 14:23:48,12.48,54800,12.49,D
sz300179,四方达,2025-10-14 14:23:54,12.48,20600,12.48,D
sz300179,四方达,2025-10-14 14:24:30,12.49,49700,12.49,U
sz300179,四方达,2025-10-14 14:24:36,12.5,67300,12.49,U
sz300179,四方达,2025-10-14 14:24:39,12.62,365289,12.5,U
sz300179,四方达,2025-10-14 14:24:42,12.62,58100,12.62,D
sz300179,四方达,2025-10-14 14:24:51,12.66,63800,12.65,U
sz300179,四方达,2025-10-14 14:25:00,12.66,32900,12.66,U
sz300179,四方达,2025-10-14 14:25:06,12.66,40000,12.66,U
sz300179,四方达,2025-10-14 14:25:18,12.67,31700,12.66,U
sz300179,四方达,2025-10-14 14:25:33,12.66,35100,12.66,D
sz300179,四方达,2025-10-14 14:25:36,12.65,28140,12.66,D
sz300179,四方达,2025-10-14 14:25:54,12.66,17500,12.65,U
sz300179,四方达,2025-10-14 14:25:57,12.66,16200,12.66,U
sz300179,四方达,2025-10-14 14:26:00,12.66,27219,12.66,U
sz300179,四方达,2025-10-14 14:26:27,12.67,64600,12.67,D
sz300179,四方达,2025-10-14 14:26:36,12.69,23100,12.68,U
sz300179,四方达,2025-10-14 14:26:39,12.7,59100,12.69,U
sz300179,四方达,2025-10-14 14:26:45,12.7,83500,12.69,U
sz300179,四方达,2025-10-14 14:26:48,12.7,24300,12.7,U
sz300179,四方达,2025-10-14 14:26:51,12.7,69900,12.7,U
sz300179,四方达,2025-10-14 14:26:54,12.7,60200,12.7,U
sz300179,四方达,2025-10-14 14:26:57,12.7,49600,12.7,U
sz300179,四方达,2025-10-14 14:27:00,12.7,57700,12.7,U
sz300179,四方达,2025-10-14 14:27:03,12.7,168500,12.7,U
sz300179,四方达,2025-10-14 14:27:06,12.71,49732,12.7,U
sz300179,四方达,2025-10-14 14:27:18,12.71,16000,12.72,D
sz300179,四方达,2025-10-14 14:27:24,12.75,19300,12.75,U
sz300179,四方达,2025-10-14 14:27:27,12.76,20700,12.75,U
sz300179,四方达,2025-10-14 14:27:39,12.78,20500,12.77,U
sz300179,四方达,2025-10-14 14:27:45,12.79,39700,12.79,U
sz300179,四方达,2025-10-14 14:27:51,12.8,26300,12.79,U
sz300179,四方达,2025-10-14 14:27:54,12.8,168500,12.8,U
sz300179,四方达,2025-10-14 14:27:57,12.8,107600,12.8,U
sz300179,四方达,2025-10-14 14:28:00,12.8,156800,12.8,U
sz300179,四方达,2025-10-14 14:28:03,12.8,26600,12.8,D
sz300179,四方达,2025-10-14 14:28:06,12.81,18000,12.8,E
sz300179,四方达,2025-10-14 14:28:12,12.84,20200,12.83,U
sz300179,四方达,2025-10-14 14:28:15,12.85,16700,12.84,U
sz300179,四方达,2025-10-14 14:28:18,12.86,16200,12.85,U
sz300179,四方达,2025-10-14 14:28:21,12.86,22800,12.86,U
sz300179,四方达,2025-10-14 14:28:27,12.89,45100,12.88,U
sz300179,四方达,2025-10-14 14:28:30,12.9,20500,12.89,U
sz300179,四方达,2025-10-14 14:28:33,12.9,34900,12.9,U
sz300179,四方达,2025-10-14 14:28:36,12.92,24100,12.9,U
sz300179,四方达,2025-10-14 14:28:39,12.93,19100,12.92,U
sz300179,四方达,2025-10-14 14:28:42,12.95,30900,12.93,U
sz300179,四方达,2025-10-14 14:28:45,12.95,27500,12.95,U
sz300179,四方达,2025-10-14 14:28:48,12.97,49600,12.95,U
sz300179,四方达,2025-10-14 14:28:51,12.98,20100,12.97,U
sz300179,四方达,2025-10-14 14:28:54,12.98,19500,12.98,U
sz300179,四方达,2025-10-14 14:28:57,12.98,71900,12.98,U
sz300179,四方达,2025-10-14 14:29:00,12.98,51100,12.98,U
sz300179,四方达,2025-10-14 14:29:03,12.98,210200,12.98,D
sz300179,四方达,2025-10-14 14:29:06,12.99,64100,12.98,U
sz300179,四方达,2025-10-14 14:29:09,13.0,81500,12.99,U
sz300179,四方达,2025-10-14 14:29:12,13.0,263400,13.0,U
sz300179,四方达,2025-10-14 14:29:15,13.0,49000,13.0,U
sz300179,四方达,2025-10-14 14:29:18,13.0,103900,13.0,U
sz300179,四方达,2025-10-14 14:29:21,13.0,58600,13.0,U
sz300179,四方达,2025-10-14 14:29:24,13.0,83000,13.0,U
sz300179,四方达,2025-10-14 14:29:27,13.0,37100,13.0,U
sz300179,四方达,2025-10-14 14:29:30,13.0,88800,13.0,U
sz300179,四方达,2025-10-14 14:29:33,13.0,52300,13.0,U
sz300179,四方达,2025-10-14 14:29:36,13.01,68600,13.0,U
sz300179,四方达,2025-10-14 14:29:39,13.02,37100,13.01,U
sz300179,四方达,2025-10-14 14:29:42,13.03,56500,13.02,U
sz300179,四方达,2025-10-14 14:29:45,13.04,26200,13.03,U
sz300179,四方达,2025-10-14 14:29:51,13.01,44900,13.04,D
sz300179,四方达,2025-10-14 14:29:54,13.0,38600,13.01,D
sz300179,四方达,2025-10-14 14:29:57,13.0,21300,13.0,U
sz300179,四方达,2025-10-14 14:30:00,12.96,20400,13.0,D
sz300179,四方达,2025-10-14 14:30:06,12.9,17900,12.93,D
sz300179,四方达,2025-10-14 14:30:27,12.8,43700,12.85,D
sz300179,四方达,2025-10-14 14:30:33,12.84,69100,12.8,U
sz300179,四方达,2025-10-14 14:30:42,12.82,24200,12.84,D
sz300179,四方达,2025-10-14 14:30:45,12.81,32800,12.82,D
sz300179,四方达,2025-10-14 14:30:51,12.84,16100,12.83,U
sz300179,四方达,2025-10-14 14:30:54,12.83,17200,12.84,E
sz300179,四方达,2025-10-14 14:31:15,12.88,27300,12.9,D
sz300179,四方达,2025-10-14 14:31:18,12.89,23700,12.88,D
sz300179,四方达,2025-10-14 14:31:21,12.88,84500,12.89,D
sz300179,四方达,2025-10-14 14:31:27,12.87,27500,12.88,D
sz300179,四方达,2025-10-14 14:31:30,12.88,37500,12.87,U
sz300179,四方达,2025-10-14 14:31:36,12.89,32500,12.88,E
sz300179,四方达,2025-10-14 14:31:42,12.92,17000,12.92,U
sz300179,四方达,2025-10-14 14:31:51,12.93,16600,12.93,U
sz300179,四方达,2025-10-14 14:32:00,12.99,70700,12.97,U
sz300179,四方达,2025-10-14 14:32:03,12.98,19500,12.99,D
sz300179,四方达,2025-10-14 14:32:06,13.0,35900,12.98,U
sz300179,四方达,2025-10-14 14:32:09,13.0,49100,13.0,U
sz300179,四方达,2025-10-14 14:32:12,13.01,91600,13.0,U
sz300179,四方达,2025-10-14 14:32:15,13.03,32100,13.01,U
sz300179,四方达,2025-10-14 14:32:18,13.04,48000,13.03,U
sz300179,四方达,2025-10-14 14:32:21,13.06,49900,13.04,U
sz300179,四方达,2025-10-14 14:32:24,13.08,305500,13.06,U
sz300179,四方达,2025-10-14 14:32:30,13.12,106000,13.11,U
sz300179,四方达,2025-10-14 14:32:33,13.13,59000,13.12,U
sz300179,四方达,2025-10-14 14:32:36,13.13,76100,13.13,U
sz300179,四方达,2025-10-14 14:32:39,13.15,89400,13.13,U
sz300179,四方达,2025-10-14 14:32:42,13.15,50900,13.15,U
sz300179,四方达,2025-10-14 14:32:45,13.16,50600,13.15,U
sz300179,四方达,2025-10-14 14:32:48,13.18,215900,13.16,U
sz300179,四方达,2025-10-14 14:32:51,13.18,121100,13.18,U
sz300179,四方达,2025-10-14 14:32:54,13.2,49940,13.18,U
sz300179,四方达,2025-10-14 14:32:57,13.22,290700,13.2,U
sz300179,四方达,2025-10-14 14:33:00,13.23,31400,13.22,U
sz300179,四方达,2025-10-14 14:33:03,13.24,48200,13.23,U
sz300179,四方达,2025-10-14 14:33:06,13.28,138700,13.24,U
sz300179,四方达,2025-10-14 14:33:09,13.28,67500,13.28,U
sz300179,四方达,2025-10-14 14:33:12,13.28,39800,13.28,U
sz300179,四方达,2025-10-14 14:33:15,13.29,63400,13.28,U
sz300179,四方达,2025-10-14 14:33:18,13.3,186000,13.29,U
sz300179,四方达,2025-10-14 14:33:21,13.31,26200,13.3,U
sz300179,四方达,2025-10-14 14:33:24,13.33,40700,13.31,U
sz300179,四方达,2025-10-14 14:33:27,13.33,45300,13.33,U
sz300179,四方达,2025-10-14 14:33:30,13.36,29300,13.33,U
sz300179,四方达,2025-10-14 14:33:33,13.37,23300,13.36,U
sz300179,四方达,2025-10-14 14:33:36,13.38,97500,13.37,U
sz300179,四方达,2025-10-14 14:33:39,13.4,127600,13.38,U
sz300179,四方达,2025-10-14 14:33:45,13.43,78002,13.43,U
sz300179,四方达,2025-10-14 14:33:51,13.48,33300,13.45,U
sz300179,四方达,2025-10-14 14:33:54,13.49,83400,13.48,U
sz300179,四方达,2025-10-14 14:33:57,13.47,65200,13.49,E
sz300179,四方达,2025-10-14 14:34:00,13.46,108600,13.47,D
sz300179,四方达,2025-10-14 14:34:03,13.45,100500,13.46,D
sz300179,四方达,2025-10-14 14:34:06,13.45,79800,13.45,D
sz300179,四方达,2025-10-14 14:34:09,13.42,90900,13.45,D
sz300179,四方达,2025-10-14 14:34:12,13.42,183400,13.42,D
sz300179,四方达,2025-10-14 14:34:15,13.4,43800,13.42,D
sz300179,四方达,2025-10-14 14:34:18,13.39,32600,13.4,D
sz300179,四方达,2025-10-14 14:34:21,13.38,131900,13.39,D
sz300179,四方达,2025-10-14 14:34:24,13.35,32200,13.38,D
sz300179,四方达,2025-10-14 14:34:27,13.37,39600,13.35,U
sz300179,四方达,2025-10-14 14:34:30,13.32,26000,13.37,D
sz300179,四方达,2025-10-14 14:34:33,13.35,166300,13.32,U
sz300179,四方达,2025-10-14 14:34:36,13.35,38000,13.35,D
sz300179,四方达,2025-10-14 14:34:48,13.31,47700,13.34,D
sz300179,四方达,2025-10-14 14:34:51,13.3,47700,13.31,D
sz300179,四方达,2025-10-14 14:34:54,13.28,20300,13.3,D
sz300179,四方达,2025-10-14 14:34:57,13.29,43700,13.28,U
sz300179,四方达,2025-10-14 14:35:03,13.18,82900,13.25,D
sz300179,四方达,2025-10-14 14:35:09,13.25,25000,13.21,U
sz300179,四方达,2025-10-14 14:35:15,13.18,28100,13.17,U
sz300179,四方达,2025-10-14 14:35:18,13.18,23500,13.18,U
sz300179,四方达,2025-10-14 14:35:24,13.17,15900,13.17,U
sz300179,四方达,2025-10-14 14:35:27,13.18,31000,13.17,U
sz300179,四方达,2025-10-14 14:35:30,13.18,23300,13.18,U
sz300179,四方达,2025-10-14 14:35:36,13.2,64100,13.16,U
sz300179,四方达,2025-10-14 14:35:45,13.26,55000,13.22,U
sz300179,四方达,2025-10-14 14:36:00,13.29,36200,13.29,U
sz300179,四方达,2025-10-14 14:36:03,13.29,19500,13.29,U
sz300179,四方达,2025-10-14 14:36:06,13.3,36800,13.29,U
sz300179,四方达,2025-10-14 14:36:09,13.3,42700,13.3,U
sz300179,四方达,2025-10-14 14:36:12,13.3,30800,13.3,U
sz300179,四方达,2025-10-14 14:36:15,13.3,27000,13.3,U
sz300179,四方达,2025-10-14 14:36:18,13.32,21000,13.3,E
sz300179,四方达,2025-10-14 14:36:21,13.3,27300,13.32,D
sz300179,四方达,2025-10-14 14:36:24,13.3,26900,13.3,U
sz300179,四方达,2025-10-14 14:36:27,13.3,28300,13.3,U
sz300179,四方达,2025-10-14 14:36:30,13.3,36500,13.3,U
sz300179,四方达,2025-10-14 14:36:33,13.3,61100,13.3,D
sz300179,四方达,2025-10-14 14:36:36,13.27,25500,13.3,D
sz300179,四方达,2025-10-14 14:36:42,13.22,15600,13.26,D
sz300179,四方达,2025-10-14 14:36:51,13.2,38400,13.22,D
sz300179,四方达,2025-10-14 14:36:54,13.19,20500,13.2,D
sz300179,四方达,2025-10-14 14:37:15,13.16,28900,13.15,U
sz300179,四方达,2025-10-14 14:37:33,13.09,43500,13.12,D
sz300179,四方达,2025-10-14 14:37:51,13.04,65100,13.05,D
sz300179,四方达,2025-10-14 14:38:03,13.0,21000,13.01,D
sz300179,四方达,2025-10-14 14:38:15,12.95,18700,12.98,D
sz300179,四方达,2025-10-14 14:38:30,12.95,27800,12.93,U
sz300179,四方达,2025-10-14 14:38:33,12.95,15500,12.95,U
sz300179,四方达,2025-10-14 14:38:39,12.96,24800,12.95,U
sz300179,四方达,2025-10-14 14:39:00,13.05,32100,13.03,U
sz300179,四方达,2025-10-14 14:39:03,13.04,16100,13.05,D
sz300179,四方达,2025-10-14 14:39:09,13.06,23400,13.06,D
sz300179,四方达,2025-10-14 14:39:27,13.14,21000,13.14,U
sz300179,四方达,2025-10-14 14:39:33,13.14,83300,13.15,D
sz300179,四方达,2025-10-14 14:39:36,13.17,23300,13.14,U
sz300179,四方达,2025-10-14 14:39:45,13.18,55400,13.17,E
sz300179,四方达,2025-10-14 14:39:51,13.2,23600,13.19,U
sz300179,四方达,2025-10-14 14:39:54,13.2,36900,13.2,U
sz300179,四方达,2025-10-14 14:39:57,13.22,27000,13.2,U
sz300179,四方达,2025-10-14 14:40:00,13.21,57900,13.22,D
sz300179,四方达,2025-10-14 14:40:03,13.23,28400,13.21,U
sz300179,四方达,2025-10-14 14:40:06,13.21,16600,13.23,D
sz300179,四方达,2025-10-14 14:40:09,13.2,96700,13.21,D
sz300179,四方达,2025-10-14 14:40:12,13.19,15600,13.2,D
sz300179,四方达,2025-10-14 14:40:15,13.17,15300,13.19,D
sz300179,四方达,2025-10-14 14:40:18,13.18,26400,13.17,E
sz300179,四方达,2025-10-14 14:40:21,13.17,47400,13.18,D
sz300179,四方达,2025-10-14 14:40:24,13.16,18800,13.17,D
sz300179,四方达,2025-10-14 14:40:27,13.17,71800,13.16,U
sz300179,四方达,2025-10-14 14:40:33,13.15,17000,13.15,U
sz300179,四方达,2025-10-14 14:40:39,13.04,31900,13.14,D
sz300179,四方达,2025-10-14 14:40:51,13.14,16000,13.04,U
sz300179,四方达,2025-10-14 14:41:03,13.02,44000,13.06,D
sz300179,四方达,2025-10-14 14:41:15,13.01,28500,13.02,D
sz300179,四方达,2025-10-14 14:41:18,13.02,35500,13.01,U
sz300179,四方达,2025-10-14 14:41:48,13.09,39400,13.07,U
sz300179,四方达,2025-10-14 14:42:00,13.12,32300,13.1,U
sz300179,四方达,2025-10-14 14:42:12,13.14,15400,13.13,U
sz300179,四方达,2025-10-14 14:42:15,13.14,15700,13.14,U
sz300179,四方达,2025-10-14 14:42:27,13.15,34800,13.14,U
sz300179,四方达,2025-10-14 14:42:33,13.15,27900,13.14,U
sz300179,四方达,2025-10-14 14:42:36,13.15,34300,13.15,U
sz300179,四方达,2025-10-14 14:42:39,13.14,15500,13.15,D
sz300179,四方达,2025-10-14 14:42:45,13.15,29400,13.14,U
sz300179,四方达,2025-10-14 14:42:48,13.14,20400,13.15,D
sz300179,四方达,2025-10-14 14:42:51,13.14,30300,13.14,D
sz300179,四方达,2025-10-14 14:42:54,13.15,22200,13.14,U
sz300179,四方达,2025-10-14 14:43:00,13.14,33100,13.14,D
sz300179,四方达,2025-10-14 14:43:06,13.13,16100,13.14,D
sz300179,四方达,2025-10-14 14:43:09,13.13,15500,13.13,U
sz300179,四方达,2025-10-14 14:43:24,13.14,147200,13.11,U
sz300179,四方达,2025-10-14 14:43:27,13.14,18940,13.14,D
sz300179,四方达,2025-10-14 14:43:30,13.15,128200,13.14,U
sz300179,四方达,2025-10-14 14:43:33,13.14,58700,13.15,D
sz300179,四方达,2025-10-14 14:43:39,13.14,17160,13.16,D
sz300179,四方达,2025-10-14 14:43:48,13.14,24400,13.14,U
sz300179,四方达,2025-10-14 14:44:03,13.13,75000,13.14,D
sz300179,四方达,2025-10-14 14:44:12,13.15,27300,13.15,D
sz300179,四方达,2025-10-14 14:44:15,13.13,22700,13.15,D
sz300179,四方达,2025-10-14 14:44:30,13.08,21100,13.11,D
sz300179,四方达,2025-10-14 14:44:39,13.09,27700,13.08,E
sz300179,四方达,2025-10-14 14:44:51,13.09,24400,13.08,U
sz300179,四方达,2025-10-14 14:45:06,13.09,22900,13.1,D
sz300179,四方达,2025-10-14 14:45:09,13.1,24300,13.09,U
sz300179,四方达,2025-10-14 14:45:15,13.1,20800,13.09,U
sz300179,四方达,2025-10-14 14:45:30,13.08,36000,13.08,D
sz300179,四方达,2025-10-14 14:46:12,13.07,34100,13.07,U
sz300179,四方达,2025-10-14 14:46:21,13.07,18400,13.08,D
sz300179,四方达,2025-10-14 14:46:24,13.07,16800,13.07,D
sz300179,四方达,2025-10-14 14:46:27,13.08,22500,13.07,U
sz300179,四方达,2025-10-14 14:46:30,13.08,16700,13.08,U
sz300179,四方达,2025-10-14 14:46:39,13.08,20700,13.08,D
sz300179,四方达,2025-10-14 14:46:42,13.08,36900,13.08,D
sz300179,四方达,2025-10-14 14:46:54,13.07,26600,13.08,D
sz300179,四方达,2025-10-14 14:46:57,13.07,31200,13.07,D
sz300179,四方达,2025-10-14 14:47:24,13.05,15400,13.05,D
sz300179,四方达,2025-10-14 14:47:27,13.05,23691,13.05,D
sz300179,四方达,2025-10-14 14:47:30,13.04,41709,13.05,D
sz300179,四方达,2025-10-14 14:47:48,13.04,16800,13.04,U
sz300179,四方达,2025-10-14 14:48:00,13.03,17900,13.03,D
sz300179,四方达,2025-10-14 14:48:03,13.05,18200,13.03,U
sz300179,四方达,2025-10-14 14:48:06,13.06,98791,13.05,U
sz300179,四方达,2025-10-14 14:48:42,13.03,88700,13.05,D
sz300179,四方达,2025-10-14 14:48:45,13.06,82600,13.03,U
sz300179,四方达,2025-10-14 14:49:09,13.05,50700,13.04,U
sz300179,四方达,2025-10-14 14:49:12,13.05,38400,13.05,U
sz300179,四方达,2025-10-14 14:49:15,13.05,91900,13.05,U
sz300179,四方达,2025-10-14 14:49:18,13.05,32100,13.05,U
sz300179,四方达,2025-10-14 14:49:27,13.06,45200,13.06,U
sz300179,四方达,2025-10-14 14:49:30,13.05,33300,13.06,D
sz300179,四方达,2025-10-14 14:49:33,13.06,18300,13.05,U
sz300179,四方达,2025-10-14 14:49:36,13.06,36100,13.06,U
sz300179,四方达,2025-10-14 14:49:42,13.05,95900,13.06,D
sz300179,四方达,2025-10-14 14:50:03,13.05,20600,13.05,U
sz300179,四方达,2025-10-14 14:50:21,13.06,28200,13.06,U
sz300179,四方达,2025-10-14 14:50:24,13.06,68200,13.06,U
sz300179,四方达,2025-10-14 14:50:33,13.06,31000,13.06,U
sz300179,四方达,2025-10-14 14:50:36,13.06,15400,13.06,U
sz300179,四方达,2025-10-14 14:50:39,13.05,23400,13.06,D
sz300179,四方达,2025-10-14 14:50:42,13.05,20500,13.05,D
sz300179,四方达,2025-10-14 14:50:45,13.06,16500,13.05,U
sz300179,四方达,2025-10-14 14:51:03,13.07,28600,13.07,U
sz300179,四方达,2025-10-14 14:51:09,13.07,21000,13.07,D
sz300179,四方达,2025-10-14 14:51:12,13.07,22300,13.07,D
sz300179,四方达,2025-10-14 14:51:15,13.08,22400,13.07,U
sz300179,四方达,2025-10-14 14:51:24,13.08,36700,13.08,D
sz300179,四方达,2025-10-14 14:51:27,13.09,55400,13.08,U
sz300179,四方达,2025-10-14 14:51:39,13.08,32200,13.09,D
sz300179,四方达,2025-10-14 14:51:45,13.08,25000,13.07,U
sz300179,四方达,2025-10-14 14:51:48,13.08,31300,13.08,D
sz300179,四方达,2025-10-14 14:51:54,13.07,29400,13.08,D
sz300179,四方达,2025-10-14 14:52:18,13.09,49800,13.09,U
sz300179,四方达,2025-10-14 14:52:27,13.09,167900,13.09,D
sz300179,四方达,2025-10-14 14:52:30,13.09,29400,13.09,D
sz300179,四方达,2025-10-14 14:52:36,13.08,142634,13.09,D
sz300179,四方达,2025-10-14 14:52:39,13.07,37900,13.08,D
sz300179,四方达,2025-10-14 14:52:42,13.07,19200,13.07,D
sz300179,四方达,2025-10-14 14:52:45,13.05,150400,13.07,D
sz300179,四方达,2025-10-14 14:52:48,13.02,55700,13.05,D
sz300179,四方达,2025-10-14 14:52:51,13.02,19000,13.02,D
sz300179,四方达,2025-10-14 14:52:54,13.01,20900,13.02,D
sz300179,四方达,2025-10-14 14:52:57,13.01,18600,13.01,D
sz300179,四方达,2025-10-14 14:53:00,13.01,25400,13.01,D
sz300179,四方达,2025-10-14 14:53:06,13.0,21800,13.01,D
sz300179,四方达,2025-10-14 14:53:09,12.99,25000,13.0,D
sz300179,四方达,2025-10-14 14:53:36,12.9,35800,12.91,D
sz300179,四方达,2025-10-14 14:53:39,12.88,15600,12.9,D
sz300179,四方达,2025-10-14 14:53:42,12.87,27400,12.88,D
sz300179,四方达,2025-10-14 14:53:45,12.9,20800,12.87,U
sz300179,四方达,2025-10-14 14:53:48,12.86,15600,12.9,D
sz300179,四方达,2025-10-14 14:53:51,12.9,29400,12.86,U
sz300179,四方达,2025-10-14 14:53:54,12.89,49200,12.9,E
sz300179,四方达,2025-10-14 14:54:06,12.9,33000,12.89,U
sz300179,四方达,2025-10-14 14:54:09,12.92,19700,12.9,U
sz300179,四方达,2025-10-14 14:54:18,12.92,42600,12.92,D
sz300179,四方达,2025-10-14 14:54:24,12.91,33000,12.9,E
sz300179,四方达,2025-10-14 14:54:27,12.9,40000,12.91,D
sz300179,四方达,2025-10-14 14:54:30,12.91,15800,12.9,U
sz300179,四方达,2025-10-14 14:54:33,12.9,45700,12.91,D
sz300179,四方达,2025-10-14 14:54:36,12.9,43700,12.9,D
sz300179,四方达,2025-10-14 14:54:48,12.89,21000,12.89,U
sz300179,四方达,2025-10-14 14:54:57,12.86,30200,12.87,D
sz300179,四方达,2025-10-14 14:55:03,12.86,35500,12.86,D
sz300179,四方达,2025-10-14 14:55:06,12.88,166100,12.86,U
sz300179,四方达,2025-10-14 14:55:12,12.89,19100,12.89,U
sz300179,四方达,2025-10-14 14:55:15,12.89,90800,12.89,D
sz300179,四方达,2025-10-14 14:55:18,12.89,15700,12.89,D
sz300179,四方达,2025-10-14 14:55:21,12.89,46600,12.89,D
sz300179,四方达,2025-10-14 14:55:24,12.9,25600,12.89,U
sz300179,四方达,2025-10-14 14:55:30,12.91,18200,12.9,U
sz300179,四方达,2025-10-14 14:55:33,12.9,51400,12.91,D
sz300179,四方达,2025-10-14 14:55:36,12.91,40000,12.9,U
sz300179,四方达,2025-10-14 14:55:39,12.91,18400,12.91,U
sz300179,四方达,2025-10-14 14:55:42,12.9,48700,12.91,D
sz300179,四方达,2025-10-14 14:55:45,12.9,23700,12.9,U
sz300179,四方达,2025-10-14 14:55:48,12.9,21300,12.9,D
sz300179,四方达,2025-10-14 14:55:51,12.91,97000,12.9,U
sz300179,四方达,2025-10-14 14:55:57,12.92,46900,12.91,U
sz300179,四方达,2025-10-14 14:56:00,12.91,60200,12.92,D
sz300179,四方达,2025-10-14 14:56:03,12.91,16800,12.91,U
sz300179,四方达,2025-10-14 14:56:06,12.9,102200,12.91,D
sz300179,四方达,2025-10-14 14:56:09,12.9,32700,12.9,U
sz300179,四方达,2025-10-14 14:56:12,12.9,50400,12.9,U
sz300179,四方达,2025-10-14 14:56:15,12.9,27000,12.9,D
sz300179,四方达,2025-10-14 14:56:18,12.89,33200,12.9,D
sz300179,四方达,2025-10-14 14:56:21,12.89,15800,12.89,D
sz300179,四方达,2025-10-14 14:56:24,12.89,159600,12.89,D
sz300179,四方达,2025-10-14 14:56:27,12.9,31400,12.89,U
sz300179,四方达,2025-10-14 14:56:30,12.89,71100,12.9,D
sz300179,四方达,2025-10-14 14:56:33,12.89,52600,12.89,U
sz300179,四方达,2025-10-14 14:56:42,12.89,43100,12.88,U
sz300179,四方达,2025-10-14 14:56:45,12.88,41200,12.89,D
sz300179,四方达,2025-10-14 14:56:48,12.9,41000,12.88,U
sz300179,四方达,2025-10-14 14:56:51,12.88,61800,12.9,D
sz300179,四方达,2025-10-14 14:56:57,12.87,28200,12.87,D
sz300179,四方达,2025-10-14 15:00:00,12.87,1008400,12.87,U
