symbol,name,ticktime,price,volume,prev_price,kind
sz300179,四方达,2025-09-25 09:25:00,10.76,210200,0.0,D
sz300179,四方达,2025-09-25 09:30:00,10.76,123700,10.76,D
sz300179,四方达,2025-09-25 09:30:03,10.76,158700,10.76,U
sz300179,四方达,2025-09-25 09:30:06,10.76,54900,10.76,U
sz300179,四方达,2025-09-25 09:30:21,10.72,20000,10.72,D
sz300179,四方达,2025-09-25 09:30:24,10.71,114100,10.72,D
sz300179,四方达,2025-09-25 09:30:27,10.71,104500,10.71,D
sz300179,四方达,2025-09-25 09:30:30,10.68,81200,10.71,D
sz300179,四方达,2025-09-25 09:30:33,10.68,109400,10.68,D
sz300179,四方达,2025-09-25 09:30:36,10.68,69700,10.68,D
sz300179,四方达,2025-09-25 09:30:39,10.68,23300,10.68,D
sz300179,四方达,2025-09-25 09:30:42,10.67,100100,10.68,D
sz300179,四方达,2025-09-25 09:30:45,10.67,28900,10.67,U
sz300179,四方达,2025-09-25 09:30:48,10.67,36100,10.67,D
sz300179,四方达,2025-09-25 09:30:51,10.67,63600,10.67,D
sz300179,四方达,2025-09-25 09:30:54,10.67,21200,10.67,U
sz300179,四方达,2025-09-25 09:31:00,10.65,57400,10.65,D
sz300179,四方达,2025-09-25 09:31:06,10.61,432400,10.63,D
sz300179,四方达,2025-09-25 09:31:15,10.65,22600,10.65,U
sz300179,四方达,2025-09-25 09:31:21,10.65,19200,10.65,U
sz300179,四方达,2025-09-25 09:31:27,10.66,40600,10.65,U
sz300179,四方达,2025-09-25 09:31:33,10.66,38700,10.66,D
sz300179,四方达,2025-09-25 09:31:36,10.67,34000,10.66,U
sz300179,四方达,2025-09-25 09:31:39,10.66,35300,10.67,D
sz300179,四方达,2025-09-25 09:31:51,10.66,25500,10.66,D
sz300179,四方达,2025-09-25 09:31:54,10.66,25700,10.66,D
sz300179,四方达,2025-09-25 09:31:57,10.75,32800,10.66,U
sz300179,四方达,2025-09-25 09:32:12,10.7,19600,10.69,D
sz300179,四方达,2025-09-25 09:32:48,10.72,104400,10.72,D
sz300179,四方达,2025-09-25 09:32:54,10.7,32800,10.71,D
sz300179,四方达,2025-09-25 09:33:09,10.7,31900,10.72,D
sz300179,四方达,2025-09-25 09:33:18,10.69,35900,10.7,D
sz300179,四方达,2025-09-25 09:33:24,10.69,29100,10.7,D
sz300179,四方达,2025-09-25 09:33:33,10.67,40000,10.68,D
sz300179,四方达,2025-09-25 09:33:57,10.66,71000,10.67,D
sz300179,四方达,2025-09-25 09:34:00,10.65,46800,10.66,D
sz300179,四方达,2025-09-25 09:34:03,10.64,210300,10.65,D
sz300179,四方达,2025-09-25 09:34:12,10.64,19200,10.65,E
sz300179,四方达,2025-09-25 09:34:21,10.64,29100,10.64,D
sz300179,四方达,2025-09-25 09:34:36,10.66,33400,10.65,U
sz300179,四方达,2025-09-25 09:35:15,10.67,41800,10.68,D
sz300179,四方达,2025-09-25 09:35:18,10.67,24900,10.67,D
sz300179,四方达,2025-09-25 09:35:33,10.68,25000,10.67,U
sz300179,四方达,2025-09-25 09:35:39,10.66,75700,10.67,D
sz300179,四方达,2025-09-25 09:35:45,10.66,19600,10.66,U
sz300179,四方达,2025-09-25 09:36:15,10.66,20300,10.67,D
sz300179,四方达,2025-09-25 09:37:15,10.67,57200,10.69,D
sz300179,四方达,2025-09-25 09:37:18,10.68,27200,10.67,U
sz300179,四方达,2025-09-25 09:37:36,10.68,20100,10.68,D
sz300179,四方达,2025-09-25 09:37:57,10.68,19900,10.67,U
sz300179,四方达,2025-09-25 09:38:21,10.68,20400,10.67,U
sz300179,四方达,2025-09-25 09:38:57,10.68,60600,10.68,D
sz300179,四方达,2025-09-25 09:39:48,10.72,20900,10.71,U
sz300179,四方达,2025-09-25 09:39:54,10.72,35800,10.72,D
sz300179,四方达,2025-09-25 09:40:03,10.7,20200,10.71,D
sz300179,四方达,2025-09-25 09:40:24,10.69,21500,10.7,D
sz300179,四方达,2025-09-25 09:40:42,10.7,64800,10.69,U
sz300179,四方达,2025-09-25 09:41:51,10.72,31100,10.71,U
sz300179,四方达,2025-09-25 09:42:18,10.72,21500,10.74,D
sz300179,四方达,2025-09-25 09:42:36,10.72,31200,10.72,D
sz300179,四方达,2025-09-25 09:42:54,10.71,25700,10.71,D
sz300179,四方达,2025-09-25 09:43:15,10.7,34300,10.7,D
sz300179,四方达,2025-09-25 09:43:18,10.7,41600,10.7,D
sz300179,四方达,2025-09-25 09:43:33,10.7,24100,10.7,D
sz300179,四方达,2025-09-25 09:43:36,10.7,32100,10.7,U
sz300179,四方达,2025-09-25 09:43:45,10.69,21600,10.69,D
sz300179,四方达,2025-09-25 09:44:30,10.7,29400,10.71,D
sz300179,四方达,2025-09-25 09:45:06,10.7,34100,10.71,D
sz300179,四方达,2025-09-25 09:45:15,10.7,40300,10.69,U
sz300179,四方达,2025-09-25 09:45:27,10.69,32600,10.7,D
sz300179,四方达,2025-09-25 09:45:39,10.68,29900,10.69,D
sz300179,四方达,2025-09-25 09:45:42,10.69,45600,10.68,U
sz300179,四方达,2025-09-25 09:45:57,10.68,19400,10.68,D
sz300179,四方达,2025-09-25 09:46:06,10.7,89200,10.68,U
sz300179,四方达,2025-09-25 09:46:33,10.71,27200,10.69,U
sz300179,四方达,2025-09-25 09:46:51,10.72,23000,10.71,U
sz300179,四方达,2025-09-25 09:46:57,10.73,39900,10.72,U
sz300179,四方达,2025-09-25 09:47:00,10.76,31000,10.73,U
sz300179,四方达,2025-09-25 09:47:30,10.72,31400,10.71,U
sz300179,四方达,2025-09-25 09:47:36,10.71,24500,10.71,D
sz300179,四方达,2025-09-25 09:48:12,10.7,18900,10.7,D
sz300179,四方达,2025-09-25 09:48:21,10.7,28800,10.7,U
sz300179,四方达,2025-09-25 09:49:03,10.69,34300,10.69,D
sz300179,四方达,2025-09-25 09:50:36,10.67,82900,10.67,D
sz300179,四方达,2025-09-25 09:51:06,10.66,18800,10.66,D
sz300179,四方达,2025-09-25 09:51:21,10.67,23200,10.66,U
sz300179,四方达,2025-09-25 09:52:21,10.69,20200,10.69,D
sz300179,四方达,2025-09-25 09:53:21,10.7,31400,10.69,U
sz300179,四方达,2025-09-25 09:54:24,10.68,26500,10.68,D
sz300179,四方达,2025-09-25 09:55:03,10.67,29800,10.68,D
sz300179,四方达,2025-09-25 09:55:27,10.67,29700,10.67,U
sz300179,四方达,2025-09-25 09:56:51,10.66,21500,10.66,D
sz300179,四方达,2025-09-25 09:57:03,10.67,35700,10.67,U
sz300179,四方达,2025-09-25 09:57:18,10.66,35800,10.66,D
sz300179,四方达,2025-09-25 09:58:42,10.66,25700,10.67,D
sz300179,四方达,2025-09-25 09:58:57,10.65,20200,10.66,D
sz300179,四方达,2025-09-25 09:59:06,10.66,33100,10.66,U
sz300179,四方达,2025-09-25 09:59:48,10.65,26100,10.65,D
sz300179,四方达,2025-09-25 10:00:00,10.66,27500,10.65,U
sz300179,四方达,2025-09-25 10:01:12,10.67,23300,10.66,U
sz300179,四方达,2025-09-25 10:02:03,10.67,69900,10.67,D
sz300179,四方达,2025-09-25 10:02:21,10.66,20100,10.67,D
sz300179,四方达,2025-09-25 10:02:30,10.67,23800,10.66,U
sz300179,四方达,2025-09-25 10:02:39,10.66,20400,10.66,D
sz300179,四方达,2025-09-25 10:02:42,10.66,27900,10.66,D
sz300179,四方达,2025-09-25 10:03:39,10.66,20000,10.67,D
sz300179,四方达,2025-09-25 10:03:54,10.66,29600,10.66,D
sz300179,四方达,2025-09-25 10:04:00,10.64,182000,10.66,D
sz300179,四方达,2025-09-25 10:04:36,10.63,69100,10.64,D
sz300179,四方达,2025-09-25 10:04:42,10.64,25200,10.64,D
sz300179,四方达,2025-09-25 10:04:48,10.62,206700,10.63,D
sz300179,四方达,2025-09-25 10:04:57,10.63,104900,10.62,U
sz300179,四方达,2025-09-25 10:05:03,10.63,38900,10.63,D
sz300179,四方达,2025-09-25 10:05:27,10.62,36100,10.62,D
sz300179,四方达,2025-09-25 10:05:33,10.62,24100,10.62,D
sz300179,四方达,2025-09-25 10:06:24,10.63,39200,10.62,U
sz300179,四方达,2025-09-25 10:06:27,10.63,95600,10.63,U
sz300179,四方达,2025-09-25 10:06:45,10.62,27200,10.62,U
sz300179,四方达,2025-09-25 10:06:48,10.61,101100,10.62,D
sz300179,四方达,2025-09-25 10:06:54,10.6,25400,10.6,D
sz300179,四方达,2025-09-25 10:07:39,10.62,30300,10.62,D
sz300179,四方达,2025-09-25 10:08:24,10.6,19000,10.6,D
sz300179,四方达,2025-09-25 10:09:06,10.63,27700,10.62,U
sz300179,四方达,2025-09-25 10:14:36,10.62,40900,10.63,D
sz300179,四方达,2025-09-25 10:18:06,10.63,107600,10.64,D
sz300179,四方达,2025-09-25 10:18:30,10.62,63400,10.63,D
sz300179,四方达,2025-09-25 10:18:54,10.63,20800,10.63,U
sz300179,四方达,2025-09-25 10:19:00,10.62,167800,10.63,D
sz300179,四方达,2025-09-25 10:19:03,10.6,175900,10.62,D
sz300179,四方达,2025-09-25 10:19:33,10.61,35300,10.6,U
sz300179,四方达,2025-09-25 10:19:54,10.6,31100,10.61,D
sz300179,四方达,2025-09-25 10:19:57,10.61,21600,10.6,U
sz300179,四方达,2025-09-25 10:21:12,10.62,34900,10.61,U
sz300179,四方达,2025-09-25 10:23:33,10.63,24700,10.64,D
sz300179,四方达,2025-09-25 10:24:39,10.63,21500,10.63,U
sz300179,四方达,2025-09-25 10:26:45,10.64,22600,10.64,D
sz300179,四方达,2025-09-25 10:27:51,10.64,20000,10.64,U
sz300179,四方达,2025-09-25 10:28:57,10.64,51700,10.64,D
sz300179,四方达,2025-09-25 10:29:12,10.64,19800,10.64,U
sz300179,四方达,2025-09-25 10:29:21,10.64,24000,10.64,D
sz300179,四方达,2025-09-25 10:30:09,10.65,21000,10.65,U
sz300179,四方达,2025-09-25 10:31:39,10.64,89500,10.65,D
sz300179,四方达,2025-09-25 10:32:15,10.64,27500,10.64,U
sz300179,四方达,2025-09-25 10:32:27,10.63,23000,10.63,D
sz300179,四方达,2025-09-25 10:32:36,10.63,22200,10.63,D
sz300179,四方达,2025-09-25 10:32:45,10.65,22200,10.64,U
sz300179,四方达,2025-09-25 10:36:06,10.64,54500,10.64,D
sz300179,四方达,2025-09-25 10:36:27,10.63,20000,10.64,D
sz300179,四方达,2025-09-25 10:36:30,10.64,19200,10.63,U
sz300179,四方达,2025-09-25 10:39:18,10.64,20500,10.65,D
sz300179,四方达,2025-09-25 10:39:42,10.65,41800,10.65,U
sz300179,四方达,2025-09-25 10:40:09,10.64,53900,10.64,D
sz300179,四方达,2025-09-25 10:40:33,10.63,53600,10.63,D
sz300179,四方达,2025-09-25 10:40:39,10.63,29100,10.63,U
sz300179,四方达,2025-09-25 10:41:24,10.61,140400,10.63,D
sz300179,四方达,2025-09-25 10:41:42,10.61,24400,10.61,D
sz300179,四方达,2025-09-25 10:42:45,10.6,31000,10.61,D
sz300179,四方达,2025-09-25 10:43:12,10.61,20800,10.6,U
sz300179,四方达,2025-09-25 10:43:30,10.61,20400,10.6,U
sz300179,四方达,2025-09-25 10:44:03,10.61,28800,10.61,U
sz300179,四方达,2025-09-25 10:46:03,10.63,129100,10.61,U
sz300179,四方达,2025-09-25 10:47:03,10.62,34800,10.63,D
sz300179,四方达,2025-09-25 10:47:06,10.62,91100,10.62,E
sz300179,四方达,2025-09-25 10:47:57,10.6,20500,10.61,D
sz300179,四方达,2025-09-25 10:49:48,10.6,30700,10.6,D
sz300179,四方达,2025-09-25 10:50:06,10.6,97900,10.61,D
sz300179,四方达,2025-09-25 10:50:27,10.59,18900,10.6,D
sz300179,四方达,2025-09-25 10:50:36,10.59,19700,10.59,D
sz300179,四方达,2025-09-25 10:50:45,10.59,78300,10.59,D
sz300179,四方达,2025-09-25 10:54:36,10.59,35600,10.6,D
sz300179,四方达,2025-09-25 10:56:03,10.59,19100,10.58,E
sz300179,四方达,2025-09-25 10:58:03,10.59,44000,10.59,D
sz300179,四方达,2025-09-25 11:02:06,10.59,38800,10.59,D
sz300179,四方达,2025-09-25 11:02:45,10.59,35500,10.59,D
sz300179,四方达,2025-09-25 11:08:33,10.59,23700,10.59,D
sz300179,四方达,2025-09-25 11:10:06,10.58,376000,10.59,D
sz300179,四方达,2025-09-25 11:11:00,10.57,123300,10.58,D
sz300179,四方达,2025-09-25 11:11:03,10.58,26000,10.57,U
sz300179,四方达,2025-09-25 11:11:06,10.58,84800,10.58,D
sz300179,四方达,2025-09-25 11:11:51,10.56,31100,10.56,D
sz300179,四方达,2025-09-25 11:12:06,10.56,31400,10.57,D
sz300179,四方达,2025-09-25 11:12:18,10.55,19600,10.55,D
sz300179,四方达,2025-09-25 11:12:45,10.55,100000,10.55,D
sz300179,四方达,2025-09-25 11:14:06,10.57,39200,10.57,U
sz300179,四方达,2025-09-25 11:15:45,10.55,39000,10.55,D
sz300179,四方达,2025-09-25 11:16:06,10.55,84800,10.55,D
sz300179,四方达,2025-09-25 11:18:21,10.55,20000,10.57,D
sz300179,四方达,2025-09-25 11:19:15,10.55,127500,10.56,D
sz300179,四方达,2025-09-25 11:21:15,10.54,36700,10.55,D
sz300179,四方达,2025-09-25 11:21:21,10.54,35000,10.55,D
sz300179,四方达,2025-09-25 11:22:33,10.54,24000,10.54,D
sz300179,四方达,2025-09-25 11:24:54,10.55,23400,10.55,D
sz300179,四方达,2025-09-25 13:00:00,10.56,57400,10.56,U
sz300179,四方达,2025-09-25 13:01:18,10.55,53700,10.55,D
sz300179,四方达,2025-09-25 13:01:42,10.57,59700,10.55,U
sz300179,四方达,2025-09-25 13:04:33,10.57,20700,10.56,U
sz300179,四方达,2025-09-25 13:06:21,10.59,29300,10.59,D
sz300179,四方达,2025-09-25 13:07:03,10.58,25000,10.59,D
sz300179,四方达,2025-09-25 13:07:12,10.57,23100,10.58,D
sz300179,四方达,2025-09-25 13:07:51,10.57,20000,10.57,U
sz300179,四方达,2025-09-25 13:09:33,10.55,102900,10.56,D
sz300179,四方达,2025-09-25 13:09:48,10.54,91100,10.55,D
sz300179,四方达,2025-09-25 13:09:57,10.53,36300,10.54,D
sz300179,四方达,2025-09-25 13:10:00,10.53,91300,10.53,D
sz300179,四方达,2025-09-25 13:10:03,10.52,22000,10.53,D
sz300179,四方达,2025-09-25 13:11:42,10.53,20900,10.54,D
sz300179,四方达,2025-09-25 13:12:15,10.52,20300,10.53,D
sz300179,四方达,2025-09-25 13:12:42,10.52,20400,10.53,D
sz300179,四方达,2025-09-25 13:13:06,10.52,46700,10.53,D
sz300179,四方达,2025-09-25 13:13:09,10.52,87100,10.52,D
sz300179,四方达,2025-09-25 13:13:24,10.51,20400,10.52,D
sz300179,四方达,2025-09-25 13:13:36,10.52,24900,10.52,U
sz300179,四方达,2025-09-25 13:14:42,10.51,33200,10.51,D
sz300179,四方达,2025-09-25 13:16:12,10.52,21100,10.52,D
sz300179,四方达,2025-09-25 13:17:03,10.52,40000,10.52,D
sz300179,四方达,2025-09-25 13:17:48,10.52,122000,10.52,U
sz300179,四方达,2025-09-25 13:18:39,10.5,168900,10.51,D
sz300179,四方达,2025-09-25 13:18:45,10.51,22800,10.51,U
sz300179,四方达,2025-09-25 13:19:18,10.52,38000,10.52,U
sz300179,四方达,2025-09-25 13:20:06,10.51,20300,10.51,D
sz300179,四方达,2025-09-25 13:20:30,10.5,34000,10.51,D
sz300179,四方达,2025-09-25 13:20:36,10.51,25400,10.5,U
sz300179,四方达,2025-09-25 13:21:15,10.51,57100,10.51,D
sz300179,四方达,2025-09-25 13:24:03,10.51,33300,10.51,D
sz300179,四方达,2025-09-25 13:26:36,10.51,42300,10.51,D
sz300179,四方达,2025-09-25 13:26:51,10.51,61800,10.51,D
sz300179,四方达,2025-09-25 13:28:42,10.52,64000,10.53,D
sz300179,四方达,2025-09-25 13:29:30,10.53,21000,10.53,D
sz300179,四方达,2025-09-25 13:29:45,10.53,30500,10.53,D
sz300179,四方达,2025-09-25 13:30:51,10.51,66000,10.52,D
sz300179,四方达,2025-09-25 13:32:54,10.51,33900,10.51,D
sz300179,四方达,2025-09-25 13:32:57,10.51,21400,10.51,D
sz300179,四方达,2025-09-25 13:33:09,10.5,184800,10.51,D
sz300179,四方达,2025-09-25 13:33:12,10.49,19500,10.5,D
sz300179,四方达,2025-09-25 13:33:36,10.49,29500,10.49,D
sz300179,四方达,2025-09-25 13:33:48,10.48,23000,10.49,D
sz300179,四方达,2025-09-25 13:34:06,10.49,41200,10.49,U
sz300179,四方达,2025-09-25 13:34:18,10.49,19300,10.5,D
sz300179,四方达,2025-09-25 13:38:21,10.5,30500,10.51,D
sz300179,四方达,2025-09-25 13:39:12,10.5,26000,10.5,D
sz300179,四方达,2025-09-25 13:42:18,10.53,30900,10.52,U
sz300179,四方达,2025-09-25 13:42:45,10.52,19900,10.53,D
sz300179,四方达,2025-09-25 13:45:12,10.52,26300,10.53,D
sz300179,四方达,2025-09-25 13:49:27,10.52,42798,10.52,D
sz300179,四方达,2025-09-25 13:50:06,10.52,20000,10.51,U
sz300179,四方达,2025-09-25 13:50:09,10.52,26300,10.52,U
sz300179,四方达,2025-09-25 13:50:33,10.53,31800,10.52,U
sz300179,四方达,2025-09-25 13:51:57,10.52,32300,10.53,D
sz300179,四方达,2025-09-25 13:52:30,10.51,56000,10.53,D
sz300179,四方达,2025-09-25 13:54:54,10.52,39300,10.52,U
sz300179,四方达,2025-09-25 13:55:48,10.52,19200,10.53,D
sz300179,四方达,2025-09-25 13:58:36,10.53,54500,10.53,U
sz300179,四方达,2025-09-25 13:58:39,10.53,21000,10.53,U
sz300179,四方达,2025-09-25 13:58:48,10.53,47800,10.53,U
sz300179,四方达,2025-09-25 13:59:27,10.53,42400,10.52,U
sz300179,四方达,2025-09-25 13:59:54,10.54,21900,10.54,U
sz300179,四方达,2025-09-25 14:01:03,10.56,19400,10.56,U
sz300179,四方达,2025-09-25 14:01:21,10.55,22400,10.55,U
sz300179,四方达,2025-09-25 14:02:36,10.55,22100,10.54,U
sz300179,四方达,2025-09-25 14:02:51,10.53,24700,10.54,D
sz300179,四方达,2025-09-25 14:03:54,10.56,26000,10.54,U
sz300179,四方达,2025-09-25 14:04:18,10.56,23700,10.56,U
sz300179,四方达,2025-09-25 14:04:48,10.56,43200,10.57,D
sz300179,四方达,2025-09-25 14:05:45,10.58,22800,10.58,U
sz300179,四方达,2025-09-25 14:06:27,10.59,21800,10.59,U
sz300179,四方达,2025-09-25 14:07:03,10.57,33800,10.58,D
sz300179,四方达,2025-09-25 14:07:06,10.57,38100,10.57,D
sz300179,四方达,2025-09-25 14:07:12,10.56,75500,10.57,D
sz300179,四方达,2025-09-25 14:07:30,10.55,52100,10.56,D
sz300179,四方达,2025-09-25 14:07:48,10.55,19000,10.55,D
sz300179,四方达,2025-09-25 14:08:30,10.55,56600,10.56,D
sz300179,四方达,2025-09-25 14:09:06,10.55,32600,10.56,D
sz300179,四方达,2025-09-25 14:09:09,10.54,23600,10.55,D
sz300179,四方达,2025-09-25 14:11:00,10.57,26700,10.57,U
sz300179,四方达,2025-09-25 14:11:18,10.57,23800,10.57,D
sz300179,四方达,2025-09-25 14:14:03,10.57,26400,10.57,U
sz300179,四方达,2025-09-25 14:15:54,10.58,48700,10.58,D
sz300179,四方达,2025-09-25 14:17:18,10.56,75600,10.58,D
sz300179,四方达,2025-09-25 14:18:27,10.58,71700,10.56,U
sz300179,四方达,2025-09-25 14:18:36,10.58,24400,10.58,U
sz300179,四方达,2025-09-25 14:20:09,10.6,23600,10.6,U
sz300179,四方达,2025-09-25 14:20:30,10.61,20000,10.6,U
sz300179,四方达,2025-09-25 14:20:57,10.63,25900,10.63,U
sz300179,四方达,2025-09-25 14:21:06,10.64,50500,10.63,U
sz300179,四方达,2025-09-25 14:21:09,10.64,28000,10.64,D
sz300179,四方达,2025-09-25 14:21:33,10.65,22100,10.65,U
sz300179,四方达,2025-09-25 14:21:39,10.65,20100,10.65,D
sz300179,四方达,2025-09-25 14:21:48,10.66,53000,10.65,U
sz300179,四方达,2025-09-25 14:22:00,10.65,24900,10.64,U
sz300179,四方达,2025-09-25 14:22:12,10.65,20000,10.65,D
sz300179,四方达,2025-09-25 14:22:15,10.65,51500,10.65,D
sz300179,四方达,2025-09-25 14:22:18,10.64,34400,10.65,D
sz300179,四方达,2025-09-25 14:22:51,10.65,51600,10.66,D
sz300179,四方达,2025-09-25 14:23:03,10.64,38500,10.64,D
sz300179,四方达,2025-09-25 14:23:12,10.63,50300,10.65,D
sz300179,四方达,2025-09-25 14:23:57,10.66,23100,10.66,D
sz300179,四方达,2025-09-25 14:24:00,10.68,24400,10.66,U
sz300179,四方达,2025-09-25 14:24:15,10.66,36200,10.66,U
sz300179,四方达,2025-09-25 14:24:21,10.66,66900,10.65,U
sz300179,四方达,2025-09-25 14:24:24,10.66,48100,10.66,U
sz300179,四方达,2025-09-25 14:24:36,10.63,33300,10.65,D
sz300179,四方达,2025-09-25 14:24:57,10.63,21300,10.64,D
sz300179,四方达,2025-09-25 14:25:06,10.65,43200,10.63,U
sz300179,四方达,2025-09-25 14:26:27,10.67,25300,10.67,U
sz300179,四方达,2025-09-25 14:26:33,10.68,45400,10.67,U
sz300179,四方达,2025-09-25 14:26:45,10.69,23500,10.68,U
sz300179,四方达,2025-09-25 14:26:48,10.7,110600,10.69,U
sz300179,四方达,2025-09-25 14:26:57,10.69,21300,10.7,D
sz300179,四方达,2025-09-25 14:27:00,10.69,22500,10.69,D
sz300179,四方达,2025-09-25 14:27:06,10.7,25000,10.7,U
sz300179,四方达,2025-09-25 14:27:12,10.7,42900,10.7,D
sz300179,四方达,2025-09-25 14:27:18,10.7,21000,10.7,U
sz300179,四方达,2025-09-25 14:27:27,10.69,46700,10.69,D
sz300179,四方达,2025-09-25 14:27:39,10.7,26200,10.7,U
sz300179,四方达,2025-09-25 14:27:54,10.69,43600,10.69,U
sz300179,四方达,2025-09-25 14:27:57,10.68,22000,10.69,D
sz300179,四方达,2025-09-25 14:28:00,10.69,31300,10.68,U
sz300179,四方达,2025-09-25 14:28:21,10.69,21200,10.68,U
sz300179,四方达,2025-09-25 14:28:51,10.7,102500,10.69,U
sz300179,四方达,2025-09-25 14:31:27,10.69,29700,10.69,D
sz300179,四方达,2025-09-25 14:31:33,10.67,96900,10.69,D
sz300179,四方达,2025-09-25 14:31:39,10.68,27500,10.68,U
sz300179,四方达,2025-09-25 14:32:09,10.68,25200,10.68,D
sz300179,四方达,2025-09-25 14:32:15,10.66,56200,10.67,D
sz300179,四方达,2025-09-25 14:32:18,10.66,19100,10.66,D
sz300179,四方达,2025-09-25 14:32:21,10.65,31100,10.66,D
sz300179,四方达,2025-09-25 14:33:12,10.66,41000,10.66,U
sz300179,四方达,2025-09-25 14:35:27,10.66,23800,10.65,U
sz300179,四方达,2025-09-25 14:36:06,10.64,48400,10.65,D
sz300179,四方达,2025-09-25 14:37:03,10.63,80100,10.64,D
sz300179,四方达,2025-09-25 14:37:06,10.63,27100,10.63,D
sz300179,四方达,2025-09-25 14:37:48,10.62,23900,10.62,D
sz300179,四方达,2025-09-25 14:38:27,10.64,20300,10.63,U
sz300179,四方达,2025-09-25 14:40:03,10.63,21900,10.63,D
sz300179,四方达,2025-09-25 14:40:06,10.65,30400,10.63,U
sz300179,四方达,2025-09-25 14:40:15,10.65,22800,10.64,U
sz300179,四方达,2025-09-25 14:41:48,10.64,27300,10.63,U
sz300179,四方达,2025-09-25 14:42:15,10.63,48500,10.63,D
sz300179,四方达,2025-09-25 14:42:36,10.6,220800,10.62,D
sz300179,四方达,2025-09-25 14:42:39,10.6,91000,10.6,U
sz300179,四方达,2025-09-25 14:43:06,10.61,82300,10.6,U
sz300179,四方达,2025-09-25 14:43:45,10.62,22500,10.6,U
sz300179,四方达,2025-09-25 14:44:33,10.61,23100,10.6,U
sz300179,四方达,2025-09-25 14:45:24,10.63,19800,10.63,D
sz300179,四方达,2025-09-25 14:45:30,10.63,27900,10.63,D
sz300179,四方达,2025-09-25 14:46:06,10.63,27500,10.64,D
sz300179,四方达,2025-09-25 14:46:09,10.63,22900,10.63,D
sz300179,四方达,2025-09-25 14:47:45,10.63,19000,10.62,U
sz300179,四方达,2025-09-25 14:48:09,10.62,76900,10.63,D
sz300179,四方达,2025-09-25 14:48:12,10.61,49800,10.62,D
sz300179,四方达,2025-09-25 14:48:42,10.61,20300,10.62,D
sz300179,四方达,2025-09-25 14:49:24,10.6,19700,10.61,D
sz300179,四方达,2025-09-25 14:49:27,10.6,20000,10.6,D
sz300179,四方达,2025-09-25 14:49:36,10.61,35800,10.6,U
sz300179,四方达,2025-09-25 14:50:18,10.6,70098,10.6,D
sz300179,四方达,2025-09-25 14:52:27,10.6,20400,10.59,U
sz300179,四方达,2025-09-25 14:52:57,10.61,21300,10.61,U
sz300179,四方达,2025-09-25 14:53:12,10.59,19498,10.61,D
sz300179,四方达,2025-09-25 14:53:21,10.6,39000,10.6,U
sz300179,四方达,2025-09-25 14:53:54,10.61,33500,10.6,U
sz300179,四方达,2025-09-25 14:54:21,10.6,21100,10.6,D
sz300179,四方达,2025-09-25 14:54:24,10.61,34200,10.6,U
sz300179,四方达,2025-09-25 14:54:54,10.61,24778,10.61,U
sz300179,四方达,2025-09-25 14:55:03,10.61,20900,10.61,D
sz300179,四方达,2025-09-25 14:55:09,10.61,21600,10.61,D
sz300179,四方达,2025-09-25 14:55:12,10.62,125100,10.61,U
sz300179,四方达,2025-09-25 14:55:39,10.63,20000,10.62,U
sz300179,四方达,2025-09-25 14:55:57,10.63,20100,10.63,D
sz300179,四方达,2025-09-25 14:56:03,10.62,72900,10.63,D
sz300179,四方达,2025-09-25 14:56:06,10.62,29400,10.62,D
sz300179,四方达,2025-09-25 14:56:09,10.62,25300,10.62,D
sz300179,四方达,2025-09-25 14:56:36,10.63,69900,10.63,D
sz300179,四方达,2025-09-25 15:00:00,10.64,546000,10.64,U
