symbol,name,ticktime,price,volume,prev_price,kind
sz300179,四方达,2025-09-24 09:25:00,10.37,89000,0.0,D
sz300179,四方达,2025-09-24 09:30:00,10.38,159900,10.37,U
sz300179,四方达,2025-09-24 09:30:03,10.34,68200,10.38,D
sz300179,四方达,2025-09-24 09:30:06,10.34,67800,10.34,U
sz300179,四方达,2025-09-24 09:30:09,10.49,94900,10.34,U
sz300179,四方达,2025-09-24 09:30:12,10.5,41400,10.49,U
sz300179,四方达,2025-09-24 09:30:15,10.53,26800,10.5,U
sz300179,四方达,2025-09-24 09:30:18,10.53,24400,10.53,D
sz300179,四方达,2025-09-24 09:30:27,10.48,30700,10.5,D
sz300179,四方达,2025-09-24 09:30:51,10.4,64400,10.48,D
sz300179,四方达,2025-09-24 09:30:54,10.46,64100,10.4,E
sz300179,四方达,2025-09-24 09:31:18,10.47,32800,10.43,U
sz300179,四方达,2025-09-24 09:31:33,10.49,22600,10.47,U
sz300179,四方达,2025-09-24 09:31:51,10.51,51100,10.5,U
sz300179,四方达,2025-09-24 09:31:54,10.5,95500,10.51,D
sz300179,四方达,2025-09-24 09:32:00,10.52,46300,10.54,D
sz300179,四方达,2025-09-24 09:32:15,10.53,61900,10.53,U
sz300179,四方达,2025-09-24 09:32:18,10.53,86600,10.53,U
sz300179,四方达,2025-09-24 09:32:21,10.57,93200,10.53,U
sz300179,四方达,2025-09-24 09:32:24,10.57,82200,10.57,U
sz300179,四方达,2025-09-24 09:32:27,10.59,26800,10.57,U
sz300179,四方达,2025-09-24 09:32:30,10.6,25900,10.59,U
sz300179,四方达,2025-09-24 09:32:36,10.62,22600,10.62,U
sz300179,四方达,2025-09-24 09:32:39,10.62,43200,10.62,U
sz300179,四方达,2025-09-24 09:32:42,10.6,58400,10.62,D
sz300179,四方达,2025-09-24 09:32:45,10.64,27400,10.6,U
sz300179,四方达,2025-09-24 09:32:48,10.65,52800,10.64,U
sz300179,四方达,2025-09-24 09:32:54,10.62,27700,10.61,U
sz300179,四方达,2025-09-24 09:32:57,10.62,42900,10.62,U
sz300179,四方达,2025-09-24 09:33:00,10.63,159600,10.62,U
sz300179,四方达,2025-09-24 09:33:03,10.63,65800,10.63,D
sz300179,四方达,2025-09-24 09:33:06,10.63,35600,10.63,E
sz300179,四方达,2025-09-24 09:33:09,10.62,78700,10.63,E
sz300179,四方达,2025-09-24 09:33:12,10.63,26100,10.62,U
sz300179,四方达,2025-09-24 09:33:15,10.64,92900,10.63,U
sz300179,四方达,2025-09-24 09:33:21,10.63,47500,10.62,U
sz300179,四方达,2025-09-24 09:33:24,10.63,85500,10.63,U
sz300179,四方达,2025-09-24 09:33:27,10.62,81600,10.63,D
sz300179,四方达,2025-09-24 09:33:30,10.64,30500,10.62,E
sz300179,四方达,2025-09-24 09:33:33,10.64,86400,10.64,D
sz300179,四方达,2025-09-24 09:33:36,10.67,84100,10.64,U
sz300179,四方达,2025-09-24 09:33:39,10.66,73200,10.67,D
sz300179,四方达,2025-09-24 09:33:42,10.69,61700,10.66,U
sz300179,四方达,2025-09-24 09:33:45,10.69,23700,10.69,D
sz300179,四方达,2025-09-24 09:33:48,10.7,196300,10.69,U
sz300179,四方达,2025-09-24 09:33:51,10.71,94200,10.7,U
sz300179,四方达,2025-09-24 09:33:57,10.74,25700,10.73,U
sz300179,四方达,2025-09-24 09:34:03,10.77,106300,10.74,U
sz300179,四方达,2025-09-24 09:34:06,10.8,241100,10.77,U
sz300179,四方达,2025-09-24 09:34:09,10.77,66700,10.8,D
sz300179,四方达,2025-09-24 09:34:12,10.77,29500,10.77,U
sz300179,四方达,2025-09-24 09:34:18,10.78,91200,10.77,U
sz300179,四方达,2025-09-24 09:34:21,10.8,95700,10.78,U
sz300179,四方达,2025-09-24 09:34:24,10.8,103700,10.8,D
sz300179,四方达,2025-09-24 09:34:27,10.81,43800,10.8,E
sz300179,四方达,2025-09-24 09:34:30,10.81,25700,10.81,U
sz300179,四方达,2025-09-24 09:34:33,10.8,24100,10.81,D
sz300179,四方达,2025-09-24 09:34:36,10.79,91600,10.8,D
sz300179,四方达,2025-09-24 09:34:39,10.79,86500,10.79,D
sz300179,四方达,2025-09-24 09:34:42,10.78,27300,10.79,D
sz300179,四方达,2025-09-24 09:34:45,10.79,92300,10.78,U
sz300179,四方达,2025-09-24 09:34:48,10.79,230100,10.79,D
sz300179,四方达,2025-09-24 09:34:51,10.79,24000,10.79,D
sz300179,四方达,2025-09-24 09:34:54,10.79,29600,10.79,U
sz300179,四方达,2025-09-24 09:34:57,10.78,32300,10.79,D
sz300179,四方达,2025-09-24 09:35:00,10.79,61700,10.78,U
sz300179,四方达,2025-09-24 09:35:03,10.79,39100,10.79,U
sz300179,四方达,2025-09-24 09:35:06,10.78,82600,10.79,D
sz300179,四方达,2025-09-24 09:35:09,10.78,28500,10.78,D
sz300179,四方达,2025-09-24 09:35:12,10.78,23800,10.78,D
sz300179,四方达,2025-09-24 09:35:15,10.74,132300,10.78,D
sz300179,四方达,2025-09-24 09:35:18,10.74,45100,10.74,D
sz300179,四方达,2025-09-24 09:35:24,10.75,21200,10.76,D
sz300179,四方达,2025-09-24 09:35:30,10.79,129400,10.75,U
sz300179,四方达,2025-09-24 09:35:33,10.78,25600,10.79,D
sz300179,四方达,2025-09-24 09:35:42,10.81,321400,10.79,U
sz300179,四方达,2025-09-24 09:35:45,10.82,75300,10.81,U
sz300179,四方达,2025-09-24 09:35:48,10.82,33300,10.82,E
sz300179,四方达,2025-09-24 09:35:51,10.84,51700,10.82,U
sz300179,四方达,2025-09-24 09:35:54,10.84,173300,10.84,U
sz300179,四方达,2025-09-24 09:35:57,10.83,34100,10.84,D
sz300179,四方达,2025-09-24 09:36:00,10.83,24600,10.83,U
sz300179,四方达,2025-09-24 09:36:03,10.81,162800,10.83,D
sz300179,四方达,2025-09-24 09:36:09,10.81,52200,10.82,D
sz300179,四方达,2025-09-24 09:36:12,10.8,41300,10.81,D
sz300179,四方达,2025-09-24 09:36:18,10.8,62400,10.8,U
sz300179,四方达,2025-09-24 09:36:21,10.8,111700,10.8,U
sz300179,四方达,2025-09-24 09:36:24,10.79,23000,10.8,U
sz300179,四方达,2025-09-24 09:36:27,10.78,40400,10.79,E
sz300179,四方达,2025-09-24 09:36:33,10.77,28100,10.78,D
sz300179,四方达,2025-09-24 09:36:51,10.76,49400,10.76,D
sz300179,四方达,2025-09-24 09:36:54,10.76,73600,10.76,U
sz300179,四方达,2025-09-24 09:37:09,10.77,19700,10.78,D
sz300179,四方达,2025-09-24 09:37:15,10.77,45700,10.77,D
sz300179,四方达,2025-09-24 09:37:18,10.8,69600,10.77,U
sz300179,四方达,2025-09-24 09:37:27,10.8,50100,10.78,U
sz300179,四方达,2025-09-24 09:37:51,10.8,19500,10.79,U
sz300179,四方达,2025-09-24 09:38:00,10.79,35900,10.79,D
sz300179,四方达,2025-09-24 09:38:03,10.8,136300,10.79,U
sz300179,四方达,2025-09-24 09:38:18,10.84,219700,10.82,U
sz300179,四方达,2025-09-24 09:38:21,10.82,25300,10.84,D
sz300179,四方达,2025-09-24 09:38:24,10.85,33800,10.82,U
sz300179,四方达,2025-09-24 09:38:27,10.85,23400,10.85,U
sz300179,四方达,2025-09-24 09:38:30,10.84,88900,10.85,E
sz300179,四方达,2025-09-24 09:38:42,10.8,60800,10.83,D
sz300179,四方达,2025-09-24 09:38:45,10.8,34100,10.8,D
sz300179,四方达,2025-09-24 09:38:51,10.81,121600,10.79,U
sz300179,四方达,2025-09-24 09:39:03,10.81,78100,10.82,D
sz300179,四方达,2025-09-24 09:39:06,10.8,34700,10.81,D
sz300179,四方达,2025-09-24 09:39:09,10.85,85000,10.8,U
sz300179,四方达,2025-09-24 09:39:15,10.84,25500,10.85,D
sz300179,四方达,2025-09-24 09:39:24,10.84,25400,10.85,D
sz300179,四方达,2025-09-24 09:39:27,10.85,42600,10.84,U
sz300179,四方达,2025-09-24 09:39:30,10.84,22800,10.85,D
sz300179,四方达,2025-09-24 09:39:42,10.84,64600,10.84,U
sz300179,四方达,2025-09-24 09:39:48,10.85,23100,10.84,U
sz300179,四方达,2025-09-24 09:39:51,10.85,44600,10.85,U
sz300179,四方达,2025-09-24 09:39:57,10.85,57600,10.84,U
sz300179,四方达,2025-09-24 09:40:06,10.84,19000,10.84,U
sz300179,四方达,2025-09-24 09:40:27,10.8,23600,10.81,D
sz300179,四方达,2025-09-24 09:40:30,10.79,95900,10.8,D
sz300179,四方达,2025-09-24 09:40:33,10.79,84000,10.79,U
sz300179,四方达,2025-09-24 09:40:36,10.8,32600,10.79,U
sz300179,四方达,2025-09-24 09:40:42,10.8,22600,10.8,D
sz300179,四方达,2025-09-24 09:41:06,10.77,31500,10.77,D
sz300179,四方达,2025-09-24 09:41:15,10.8,72200,10.77,U
sz300179,四方达,2025-09-24 09:42:00,10.77,55300,10.79,D
sz300179,四方达,2025-09-24 09:42:15,10.77,58400,10.77,D
sz300179,四方达,2025-09-24 09:42:18,10.77,52800,10.77,U
sz300179,四方达,2025-09-24 09:42:30,10.76,64000,10.75,U
sz300179,四方达,2025-09-24 09:42:39,10.77,19900,10.76,U
sz300179,四方达,2025-09-24 09:42:42,10.78,33400,10.77,U
sz300179,四方达,2025-09-24 09:42:57,10.79,24600,10.79,D
sz300179,四方达,2025-09-24 09:43:06,10.82,251700,10.79,U
sz300179,四方达,2025-09-24 09:43:09,10.84,19700,10.82,U
sz300179,四方达,2025-09-24 09:43:15,10.83,78900,10.84,D
sz300179,四方达,2025-09-24 09:43:21,10.83,24400,10.84,D
sz300179,四方达,2025-09-24 09:43:24,10.84,26400,10.83,U
sz300179,四方达,2025-09-24 09:43:33,10.83,28200,10.82,U
sz300179,四方达,2025-09-24 09:43:39,10.84,82000,10.82,U
sz300179,四方达,2025-09-24 09:43:42,10.84,36000,10.84,U
sz300179,四方达,2025-09-24 09:43:48,10.82,162800,10.84,D
sz300179,四方达,2025-09-24 09:43:51,10.82,50200,10.82,U
sz300179,四方达,2025-09-24 09:44:00,10.82,19500,10.81,U
sz300179,四方达,2025-09-24 09:44:09,10.8,19400,10.8,U
sz300179,四方达,2025-09-24 09:44:33,10.78,33000,10.78,D
sz300179,四方达,2025-09-24 09:44:36,10.83,161100,10.78,U
sz300179,四方达,2025-09-24 09:44:45,10.82,75400,10.8,E
sz300179,四方达,2025-09-24 09:44:48,10.83,27500,10.82,U
sz300179,四方达,2025-09-24 09:44:51,10.82,42300,10.83,D
sz300179,四方达,2025-09-24 09:44:54,10.82,23000,10.82,D
sz300179,四方达,2025-09-24 09:45:09,10.81,24000,10.82,D
sz300179,四方达,2025-09-24 09:45:21,10.8,21400,10.81,D
sz300179,四方达,2025-09-24 09:45:24,10.8,34800,10.8,D
sz300179,四方达,2025-09-24 09:45:33,10.78,23600,10.79,D
sz300179,四方达,2025-09-24 09:45:36,10.8,24000,10.78,U
sz300179,四方达,2025-09-24 09:45:45,10.81,101900,10.79,U
sz300179,四方达,2025-09-24 09:45:51,10.8,19800,10.8,D
sz300179,四方达,2025-09-24 09:45:57,10.8,43100,10.8,D
sz300179,四方达,2025-09-24 09:46:03,10.76,236600,10.8,D
sz300179,四方达,2025-09-24 09:46:12,10.77,20100,10.78,D
sz300179,四方达,2025-09-24 09:46:18,10.78,53900,10.77,U
sz300179,四方达,2025-09-24 09:46:21,10.76,58900,10.78,D
sz300179,四方达,2025-09-24 09:46:24,10.77,24500,10.76,D
sz300179,四方达,2025-09-24 09:46:27,10.76,38400,10.77,D
sz300179,四方达,2025-09-24 09:46:36,10.76,29000,10.75,U
sz300179,四方达,2025-09-24 09:46:39,10.73,54600,10.76,D
sz300179,四方达,2025-09-24 09:46:57,10.75,70700,10.75,D
sz300179,四方达,2025-09-24 09:47:00,10.78,23000,10.75,U
sz300179,四方达,2025-09-24 09:47:09,10.77,35200,10.77,U
sz300179,四方达,2025-09-24 09:47:21,10.78,41500,10.78,D
sz300179,四方达,2025-09-24 09:47:24,10.79,20900,10.78,U
sz300179,四方达,2025-09-24 09:47:33,10.79,20800,10.78,U
sz300179,四方达,2025-09-24 09:47:48,10.8,69600,10.79,U
sz300179,四方达,2025-09-24 09:48:00,10.8,25300,10.8,U
sz300179,四方达,2025-09-24 09:48:06,10.8,38600,10.8,D
sz300179,四方达,2025-09-24 09:48:09,10.79,88600,10.8,D
sz300179,四方达,2025-09-24 09:48:18,10.79,20300,10.79,U
sz300179,四方达,2025-09-24 09:48:21,10.8,85500,10.79,U
sz300179,四方达,2025-09-24 09:49:06,10.78,50100,10.78,D
sz300179,四方达,2025-09-24 09:49:15,10.82,302800,10.79,U
sz300179,四方达,2025-09-24 09:49:18,10.83,45100,10.82,U
sz300179,四方达,2025-09-24 09:49:21,10.83,111100,10.83,U
sz300179,四方达,2025-09-24 09:49:27,10.83,47400,10.83,U
sz300179,四方达,2025-09-24 09:49:33,10.82,27000,10.83,D
sz300179,四方达,2025-09-24 09:49:39,10.8,20400,10.82,D
sz300179,四方达,2025-09-24 09:49:54,10.79,42500,10.8,D
sz300179,四方达,2025-09-24 09:49:57,10.8,24800,10.79,U
sz300179,四方达,2025-09-24 09:50:06,10.81,42000,10.8,U
sz300179,四方达,2025-09-24 09:50:09,10.82,49600,10.81,U
sz300179,四方达,2025-09-24 09:50:33,10.78,51700,10.79,D
sz300179,四方达,2025-09-24 09:50:48,10.77,36100,10.77,D
sz300179,四方达,2025-09-24 09:50:51,10.78,42400,10.77,U
sz300179,四方达,2025-09-24 09:50:54,10.77,35600,10.78,D
sz300179,四方达,2025-09-24 09:51:03,10.78,20000,10.78,D
sz300179,四方达,2025-09-24 09:51:09,10.79,23700,10.79,D
sz300179,四方达,2025-09-24 09:51:18,10.78,38900,10.79,D
sz300179,四方达,2025-09-24 09:51:21,10.79,112900,10.78,U
sz300179,四方达,2025-09-24 09:51:36,10.8,31300,10.8,U
sz300179,四方达,2025-09-24 09:52:21,10.78,23900,10.78,U
sz300179,四方达,2025-09-24 09:53:06,10.78,33700,10.78,D
sz300179,四方达,2025-09-24 09:53:21,10.77,43900,10.77,D
sz300179,四方达,2025-09-24 09:53:36,10.76,25000,10.76,D
sz300179,四方达,2025-09-24 09:54:03,10.77,19100,10.77,U
sz300179,四方达,2025-09-24 09:54:27,10.76,20400,10.77,D
sz300179,四方达,2025-09-24 09:54:30,10.76,32200,10.76,D
sz300179,四方达,2025-09-24 09:54:45,10.75,80700,10.75,D
sz300179,四方达,2025-09-24 09:54:48,10.76,81700,10.75,U
sz300179,四方达,2025-09-24 09:54:51,10.75,88200,10.76,D
sz300179,四方达,2025-09-24 09:55:12,10.74,20000,10.74,D
sz300179,四方达,2025-09-24 09:56:45,10.73,37800,10.74,D
sz300179,四方达,2025-09-24 09:56:57,10.75,66400,10.73,U
sz300179,四方达,2025-09-24 09:57:03,10.75,106600,10.75,U
sz300179,四方达,2025-09-24 09:57:21,10.76,102000,10.75,U
sz300179,四方达,2025-09-24 09:57:24,10.77,28400,10.76,U
sz300179,四方达,2025-09-24 09:57:36,10.8,345100,10.77,U
sz300179,四方达,2025-09-24 09:57:51,10.8,30600,10.8,U
sz300179,四方达,2025-09-24 09:57:54,10.8,27500,10.8,U
sz300179,四方达,2025-09-24 09:57:57,10.79,43700,10.8,D
sz300179,四方达,2025-09-24 09:58:18,10.81,146500,10.79,U
sz300179,四方达,2025-09-24 09:58:36,10.8,26200,10.8,D
sz300179,四方达,2025-09-24 09:58:45,10.8,30300,10.81,D
sz300179,四方达,2025-09-24 09:58:54,10.81,30600,10.81,U
sz300179,四方达,2025-09-24 09:59:06,10.81,40100,10.81,U
sz300179,四方达,2025-09-24 09:59:12,10.81,103300,10.81,U
sz300179,四方达,2025-09-24 09:59:33,10.81,20900,10.82,D
sz300179,四方达,2025-09-24 09:59:51,10.83,115200,10.82,U
sz300179,四方达,2025-09-24 09:59:54,10.82,33300,10.83,D
sz300179,四方达,2025-09-24 10:00:06,10.83,32300,10.83,U
sz300179,四方达,2025-09-24 10:00:09,10.83,23400,10.83,U
sz300179,四方达,2025-09-24 10:00:15,10.82,72400,10.83,D
sz300179,四方达,2025-09-24 10:00:21,10.83,43200,10.83,D
sz300179,四方达,2025-09-24 10:00:27,10.83,134500,10.83,U
sz300179,四方达,2025-09-24 10:01:09,10.82,19800,10.82,U
sz300179,四方达,2025-09-24 10:01:15,10.8,32700,10.8,D
sz300179,四方达,2025-09-24 10:01:42,10.79,28900,10.8,D
sz300179,四方达,2025-09-24 10:02:18,10.78,21500,10.78,U
sz300179,四方达,2025-09-24 10:02:30,10.77,29600,10.77,D
sz300179,四方达,2025-09-24 10:02:48,10.76,23600,10.77,D
sz300179,四方达,2025-09-24 10:03:09,10.76,22800,10.76,D
sz300179,四方达,2025-09-24 10:03:39,10.76,37700,10.76,D
sz300179,四方达,2025-09-24 10:04:03,10.74,86000,10.75,D
sz300179,四方达,2025-09-24 10:04:12,10.74,21900,10.75,D
sz300179,四方达,2025-09-24 10:05:09,10.73,24800,10.73,D
sz300179,四方达,2025-09-24 10:05:51,10.7,254400,10.72,D
sz300179,四方达,2025-09-24 10:05:54,10.7,28700,10.7,U
sz300179,四方达,2025-09-24 10:05:57,10.7,90700,10.7,U
sz300179,四方达,2025-09-24 10:06:06,10.7,52300,10.69,U
sz300179,四方达,2025-09-24 10:06:12,10.72,20800,10.71,U
sz300179,四方达,2025-09-24 10:06:45,10.7,52400,10.71,D
sz300179,四方达,2025-09-24 10:06:48,10.7,55100,10.7,U
sz300179,四方达,2025-09-24 10:07:21,10.69,40800,10.69,U
sz300179,四方达,2025-09-24 10:07:24,10.68,46100,10.69,D
sz300179,四方达,2025-09-24 10:08:57,10.66,90500,10.67,D
sz300179,四方达,2025-09-24 10:09:48,10.67,32500,10.68,D
sz300179,四方达,2025-09-24 10:10:03,10.68,25400,10.67,U
sz300179,四方达,2025-09-24 10:10:09,10.66,153100,10.68,D
sz300179,四方达,2025-09-24 10:10:24,10.67,53600,10.66,U
sz300179,四方达,2025-09-24 10:10:30,10.65,44000,10.67,D
sz300179,四方达,2025-09-24 10:10:45,10.66,20000,10.67,D
sz300179,四方达,2025-09-24 10:10:57,10.68,19700,10.67,U
sz300179,四方达,2025-09-24 10:11:18,10.7,24300,10.7,U
sz300179,四方达,2025-09-24 10:11:27,10.72,75100,10.71,U
sz300179,四方达,2025-09-24 10:11:39,10.75,26000,10.75,U
sz300179,四方达,2025-09-24 10:11:54,10.71,47200,10.75,D
sz300179,四方达,2025-09-24 10:13:09,10.73,25800,10.73,D
sz300179,四方达,2025-09-24 10:13:24,10.72,48400,10.72,D
sz300179,四方达,2025-09-24 10:13:33,10.72,30600,10.72,U
sz300179,四方达,2025-09-24 10:14:03,10.73,30000,10.73,U
sz300179,四方达,2025-09-24 10:15:00,10.75,38000,10.74,U
sz300179,四方达,2025-09-24 10:15:24,10.75,24900,10.74,E
sz300179,四方达,2025-09-24 10:16:09,10.77,29900,10.76,U
sz300179,四方达,2025-09-24 10:16:15,10.79,98200,10.77,U
sz300179,四方达,2025-09-24 10:16:18,10.82,234400,10.79,U
sz300179,四方达,2025-09-24 10:16:30,10.82,19400,10.83,D
sz300179,四方达,2025-09-24 10:16:39,10.83,135700,10.81,U
sz300179,四方达,2025-09-24 10:16:51,10.82,30500,10.82,D
sz300179,四方达,2025-09-24 10:16:54,10.82,21100,10.82,U
sz300179,四方达,2025-09-24 10:21:03,10.78,19300,10.77,U
sz300179,四方达,2025-09-24 10:24:57,10.77,19300,10.77,D
sz300179,四方达,2025-09-24 10:25:42,10.8,231600,10.77,U
sz300179,四方达,2025-09-24 10:25:54,10.79,29100,10.8,D
sz300179,四方达,2025-09-24 10:26:12,10.82,213800,10.79,U
sz300179,四方达,2025-09-24 10:26:18,10.82,23000,10.82,U
sz300179,四方达,2025-09-24 10:26:21,10.82,26400,10.82,U
sz300179,四方达,2025-09-24 10:26:42,10.81,36300,10.81,D
sz300179,四方达,2025-09-24 10:27:03,10.82,18600,10.82,U
sz300179,四方达,2025-09-24 10:27:09,10.83,24100,10.83,U
sz300179,四方达,2025-09-24 10:27:12,10.83,22400,10.83,U
sz300179,四方达,2025-09-24 10:27:21,10.82,33200,10.83,D
sz300179,四方达,2025-09-24 10:27:39,10.82,48100,10.82,U
sz300179,四方达,2025-09-24 10:27:48,10.82,55200,10.82,U
sz300179,四方达,2025-09-24 10:28:33,10.82,23100,10.81,U
sz300179,四方达,2025-09-24 10:28:51,10.82,75400,10.82,U
sz300179,四方达,2025-09-24 10:29:21,10.82,23100,10.83,D
sz300179,四方达,2025-09-24 10:29:30,10.82,47700,10.82,D
sz300179,四方达,2025-09-24 10:29:51,10.81,23400,10.81,D
sz300179,四方达,2025-09-24 10:29:54,10.81,73900,10.81,D
sz300179,四方达,2025-09-24 10:30:24,10.81,19400,10.81,D
sz300179,四方达,2025-09-24 10:30:39,10.81,22700,10.82,D
sz300179,四方达,2025-09-24 10:31:12,10.81,26200,10.81,D
sz300179,四方达,2025-09-24 10:31:27,10.81,27100,10.81,U
sz300179,四方达,2025-09-24 10:32:00,10.8,23600,10.8,D
sz300179,四方达,2025-09-24 10:32:54,10.79,22100,10.79,D
sz300179,四方达,2025-09-24 10:33:15,10.81,94000,10.8,U
sz300179,四方达,2025-09-24 10:33:18,10.8,21700,10.81,D
sz300179,四方达,2025-09-24 10:34:00,10.81,52600,10.8,U
sz300179,四方达,2025-09-24 10:34:30,10.81,84400,10.82,D
sz300179,四方达,2025-09-24 10:34:48,10.82,72500,10.82,U
sz300179,四方达,2025-09-24 10:35:45,10.81,19400,10.81,D
sz300179,四方达,2025-09-24 10:36:24,10.81,25600,10.8,U
sz300179,四方达,2025-09-24 10:37:00,10.81,32300,10.81,U
sz300179,四方达,2025-09-24 10:37:03,10.81,18800,10.81,U
sz300179,四方达,2025-09-24 10:37:48,10.82,43800,10.81,U
sz300179,四方达,2025-09-24 10:39:03,10.82,37700,10.81,U
sz300179,四方达,2025-09-24 10:39:09,10.83,278600,10.82,U
sz300179,四方达,2025-09-24 10:39:12,10.84,64400,10.83,U
sz300179,四方达,2025-09-24 10:39:15,10.84,275000,10.84,U
sz300179,四方达,2025-09-24 10:39:18,10.85,295400,10.84,U
sz300179,四方达,2025-09-24 10:39:21,10.88,185900,10.85,U
sz300179,四方达,2025-09-24 10:39:24,10.88,19400,10.88,U
sz300179,四方达,2025-09-24 10:39:27,10.88,35200,10.88,U
sz300179,四方达,2025-09-24 10:39:33,10.88,38700,10.88,U
sz300179,四方达,2025-09-24 10:39:36,10.88,44900,10.88,U
sz300179,四方达,2025-09-24 10:39:39,10.89,137500,10.88,U
sz300179,四方达,2025-09-24 10:39:45,10.9,123800,10.89,U
sz300179,四方达,2025-09-24 10:39:48,10.9,33000,10.9,U
sz300179,四方达,2025-09-24 10:39:51,10.89,54200,10.9,D
sz300179,四方达,2025-09-24 10:39:54,10.9,43000,10.89,U
sz300179,四方达,2025-09-24 10:39:57,10.9,48800,10.9,U
sz300179,四方达,2025-09-24 10:40:00,10.9,164900,10.9,U
sz300179,四方达,2025-09-24 10:40:03,10.9,27700,10.9,U
sz300179,四方达,2025-09-24 10:41:12,10.86,25400,10.87,D
sz300179,四方达,2025-09-24 10:41:24,10.88,32500,10.87,U
sz300179,四方达,2025-09-24 10:42:09,10.89,151000,10.86,U
sz300179,四方达,2025-09-24 10:42:12,10.91,51700,10.89,U
sz300179,四方达,2025-09-24 10:42:24,10.92,39600,10.91,U
sz300179,四方达,2025-09-24 10:42:36,10.91,78100,10.92,D
sz300179,四方达,2025-09-24 10:42:39,10.92,30400,10.91,D
sz300179,四方达,2025-09-24 10:42:48,10.94,30600,10.93,U
sz300179,四方达,2025-09-24 10:42:51,10.92,42300,10.94,D
sz300179,四方达,2025-09-24 10:43:09,10.91,32500,10.92,D
sz300179,四方达,2025-09-24 10:43:15,10.9,40500,10.9,D
sz300179,四方达,2025-09-24 10:43:18,10.89,23000,10.9,D
sz300179,四方达,2025-09-24 10:43:39,10.87,27800,10.89,D
sz300179,四方达,2025-09-24 10:44:03,10.89,35800,10.88,U
sz300179,四方达,2025-09-24 10:44:15,10.9,19500,10.9,D
sz300179,四方达,2025-09-24 10:44:21,10.91,21200,10.91,D
sz300179,四方达,2025-09-24 10:44:30,10.91,26800,10.93,D
sz300179,四方达,2025-09-24 10:44:39,10.92,67800,10.92,U
sz300179,四方达,2025-09-24 10:45:03,10.93,90200,10.92,U
sz300179,四方达,2025-09-24 10:45:09,10.93,25400,10.93,U
sz300179,四方达,2025-09-24 10:45:54,10.9,32100,10.92,D
sz300179,四方达,2025-09-24 10:45:57,10.9,50100,10.9,D
sz300179,四方达,2025-09-24 10:46:12,10.89,54200,10.9,D
sz300179,四方达,2025-09-24 10:46:39,10.89,24900,10.89,D
sz300179,四方达,2025-09-24 10:47:57,10.87,22200,10.88,D
sz300179,四方达,2025-09-24 10:48:03,10.92,235200,10.88,U
sz300179,四方达,2025-09-24 10:48:18,10.94,18700,10.93,U
sz300179,四方达,2025-09-24 10:48:27,10.93,31100,10.94,D
sz300179,四方达,2025-09-24 10:48:30,10.94,21500,10.93,U
sz300179,四方达,2025-09-24 10:48:42,10.94,46100,10.94,U
sz300179,四方达,2025-09-24 10:48:48,10.94,46600,10.94,D
sz300179,四方达,2025-09-24 10:49:06,10.95,21000,10.94,U
sz300179,四方达,2025-09-24 10:49:45,10.93,73200,10.93,D
sz300179,四方达,2025-09-24 10:51:09,10.9,30400,10.91,D
sz300179,四方达,2025-09-24 10:52:03,10.91,31000,10.89,U
sz300179,四方达,2025-09-24 10:52:45,10.91,76500,10.92,D
sz300179,四方达,2025-09-24 10:54:30,10.92,54500,10.91,U
sz300179,四方达,2025-09-24 10:56:03,10.9,47300,10.91,D
sz300179,四方达,2025-09-24 10:56:51,10.89,62700,10.89,D
sz300179,四方达,2025-09-24 10:57:54,10.91,53000,10.9,U
sz300179,四方达,2025-09-24 10:58:57,10.93,76800,10.92,U
sz300179,四方达,2025-09-24 10:59:24,10.94,21500,10.93,U
sz300179,四方达,2025-09-24 10:59:33,10.94,31400,10.94,U
sz300179,四方达,2025-09-24 10:59:45,10.93,20000,10.94,D
sz300179,四方达,2025-09-24 10:59:57,10.94,29600,10.94,U
sz300179,四方达,2025-09-24 11:00:00,10.94,35500,10.94,U
sz300179,四方达,2025-09-24 11:02:09,10.94,20200,10.94,D
sz300179,四方达,2025-09-24 11:02:24,10.94,22000,10.94,U
sz300179,四方达,2025-09-24 11:02:30,10.94,43000,10.94,U
sz300179,四方达,2025-09-24 11:03:03,10.95,21300,10.94,U
sz300179,四方达,2025-09-24 11:03:57,10.95,22700,10.94,U
sz300179,四方达,2025-09-24 11:04:00,10.95,57700,10.95,U
sz300179,四方达,2025-09-24 11:04:12,10.94,24300,10.95,D
sz300179,四方达,2025-09-24 11:04:36,10.95,47600,10.93,U
sz300179,四方达,2025-09-24 11:05:03,10.95,150900,10.94,U
sz300179,四方达,2025-09-24 11:07:24,10.92,40700,10.93,D
sz300179,四方达,2025-09-24 11:07:57,10.91,19000,10.91,D
sz300179,四方达,2025-09-24 11:08:00,10.9,59300,10.91,D
sz300179,四方达,2025-09-24 11:08:06,10.9,19600,10.9,D
sz300179,四方达,2025-09-24 11:08:42,10.88,24400,10.88,D
sz300179,四方达,2025-09-24 11:08:48,10.9,40300,10.88,U
sz300179,四方达,2025-09-24 11:11:39,10.88,32000,10.88,D
sz300179,四方达,2025-09-24 11:13:51,10.89,36100,10.88,U
sz300179,四方达,2025-09-24 11:14:45,10.89,61225,10.89,U
sz300179,四方达,2025-09-24 11:16:30,10.91,21000,10.91,U
sz300179,四方达,2025-09-24 11:18:30,10.91,42780,10.91,D
sz300179,四方达,2025-09-24 11:20:09,10.92,32300,10.91,U
sz300179,四方达,2025-09-24 11:20:42,10.93,20500,10.93,U
sz300179,四方达,2025-09-24 11:21:03,10.94,35500,10.94,U
sz300179,四方达,2025-09-24 11:23:15,10.94,34000,10.94,D
sz300179,四方达,2025-09-24 11:23:36,10.95,26400,10.95,U
sz300179,四方达,2025-09-24 11:23:42,10.95,101900,10.95,U
sz300179,四方达,2025-09-24 11:23:54,10.95,54800,10.95,D
sz300179,四方达,2025-09-24 11:24:09,10.96,67100,10.96,U
sz300179,四方达,2025-09-24 11:24:18,10.97,30100,10.96,U
sz300179,四方达,2025-09-24 11:25:36,10.96,22200,10.95,U
sz300179,四方达,2025-09-24 11:25:51,10.96,37600,10.96,D
sz300179,四方达,2025-09-24 11:26:12,10.94,42580,10.95,D
sz300179,四方达,2025-09-24 11:26:42,10.95,50000,10.95,U
sz300179,四方达,2025-09-24 11:28:09,10.96,21000,10.95,U
sz300179,四方达,2025-09-24 13:00:00,10.95,86600,10.94,U
sz300179,四方达,2025-09-24 13:00:03,10.95,45100,10.95,D
sz300179,四方达,2025-09-24 13:00:06,10.95,29900,10.95,D
sz300179,四方达,2025-09-24 13:01:18,10.91,20300,10.91,D
sz300179,四方达,2025-09-24 13:01:24,10.89,57900,10.91,D
sz300179,四方达,2025-09-24 13:03:24,10.87,138900,10.91,D
sz300179,四方达,2025-09-24 13:04:09,10.87,75700,10.89,D
sz300179,四方达,2025-09-24 13:05:00,10.89,18500,10.88,U
sz300179,四方达,2025-09-24 13:06:06,10.89,22100,10.89,U
sz300179,四方达,2025-09-24 13:08:24,10.87,80600,10.88,D
sz300179,四方达,2025-09-24 13:08:27,10.87,38300,10.87,D
sz300179,四方达,2025-09-24 13:08:42,10.85,20100,10.86,D
sz300179,四方达,2025-09-24 13:10:39,10.88,29900,10.87,U
sz300179,四方达,2025-09-24 13:11:42,10.87,25400,10.88,D
sz300179,四方达,2025-09-24 13:13:48,10.85,26000,10.85,D
sz300179,四方达,2025-09-24 13:13:51,10.85,39500,10.85,D
sz300179,四方达,2025-09-24 13:13:54,10.86,21200,10.85,U
sz300179,四方达,2025-09-24 13:16:03,10.88,79200,10.86,U
sz300179,四方达,2025-09-24 13:16:15,10.87,52600,10.88,D
sz300179,四方达,2025-09-24 13:16:36,10.88,20200,10.88,D
sz300179,四方达,2025-09-24 13:17:00,10.89,60500,10.88,U
sz300179,四方达,2025-09-24 13:17:06,10.91,89100,10.89,U
sz300179,四方达,2025-09-24 13:19:39,10.89,21900,10.9,D
sz300179,四方达,2025-09-24 13:21:30,10.86,24300,10.87,D
sz300179,四方达,2025-09-24 13:21:48,10.86,35700,10.87,D
sz300179,四方达,2025-09-24 13:24:54,10.84,30500,10.84,D
sz300179,四方达,2025-09-24 13:25:24,10.85,20000,10.85,U
sz300179,四方达,2025-09-24 13:25:27,10.84,78500,10.85,D
sz300179,四方达,2025-09-24 13:25:48,10.83,27800,10.84,D
sz300179,四方达,2025-09-24 13:27:06,10.85,34200,10.85,D
sz300179,四方达,2025-09-24 13:30:00,10.85,22800,10.85,U
sz300179,四方达,2025-09-24 13:30:09,10.85,69300,10.86,D
sz300179,四方达,2025-09-24 13:33:00,10.89,18600,10.89,U
sz300179,四方达,2025-09-24 13:35:24,10.88,26800,10.88,U
sz300179,四方达,2025-09-24 13:36:12,10.9,54100,10.88,U
sz300179,四方达,2025-09-24 13:36:15,10.89,39300,10.9,D
sz300179,四方达,2025-09-24 13:36:39,10.9,58800,10.9,U
sz300179,四方达,2025-09-24 13:36:48,10.9,38900,10.9,U
sz300179,四方达,2025-09-24 13:37:33,10.9,21000,10.9,U
sz300179,四方达,2025-09-24 13:38:21,10.88,73300,10.89,D
sz300179,四方达,2025-09-24 13:38:27,10.88,61200,10.88,D
sz300179,四方达,2025-09-24 13:38:36,10.88,20300,10.88,D
sz300179,四方达,2025-09-24 13:40:39,10.87,32200,10.88,D
sz300179,四方达,2025-09-24 13:42:27,10.89,29200,10.89,U
sz300179,四方达,2025-09-24 13:43:12,10.88,18400,10.89,D
sz300179,四方达,2025-09-24 13:44:30,10.89,20400,10.89,U
sz300179,四方达,2025-09-24 13:45:42,10.9,31000,10.89,U
sz300179,四方达,2025-09-24 13:46:33,10.9,21900,10.91,D
sz300179,四方达,2025-09-24 13:46:48,10.89,24300,10.9,D
sz300179,四方达,2025-09-24 13:47:54,10.9,20000,10.89,U
sz300179,四方达,2025-09-24 13:48:21,10.9,45300,10.89,U
sz300179,四方达,2025-09-24 13:48:33,10.91,30000,10.9,U
sz300179,四方达,2025-09-24 13:48:51,10.91,19700,10.91,U
sz300179,四方达,2025-09-24 13:50:48,10.9,74000,10.9,D
sz300179,四方达,2025-09-24 13:50:57,10.9,28300,10.9,D
sz300179,四方达,2025-09-24 13:52:09,10.89,34200,10.89,D
sz300179,四方达,2025-09-24 13:55:03,10.88,30600,10.89,D
sz300179,四方达,2025-09-24 13:55:57,10.88,40000,10.89,D
sz300179,四方达,2025-09-24 13:56:30,10.88,19900,10.87,U
sz300179,四方达,2025-09-24 13:59:39,10.85,30000,10.85,D
sz300179,四方达,2025-09-24 14:00:09,10.85,54400,10.85,U
sz300179,四方达,2025-09-24 14:03:18,10.87,27400,10.87,D
sz300179,四方达,2025-09-24 14:04:15,10.85,37900,10.85,D
sz300179,四方达,2025-09-24 14:04:39,10.84,51500,10.84,D
sz300179,四方达,2025-09-24 14:05:45,10.86,51300,10.85,U
sz300179,四方达,2025-09-24 14:06:18,10.85,37900,10.85,U
sz300179,四方达,2025-09-24 14:06:54,10.85,24200,10.84,U
sz300179,四方达,2025-09-24 14:07:00,10.84,36500,10.84,D
sz300179,四方达,2025-09-24 14:07:12,10.83,39200,10.84,D
sz300179,四方达,2025-09-24 14:07:33,10.84,40000,10.84,D
sz300179,四方达,2025-09-24 14:08:48,10.84,47000,10.84,D
sz300179,四方达,2025-09-24 14:09:33,10.83,37600,10.84,D
sz300179,四方达,2025-09-24 14:10:15,10.83,19100,10.83,D
sz300179,四方达,2025-09-24 14:10:33,10.83,26400,10.83,U
sz300179,四方达,2025-09-24 14:10:45,10.82,23000,10.83,D
sz300179,四方达,2025-09-24 14:11:12,10.85,67700,10.82,U
sz300179,四方达,2025-09-24 14:11:15,10.87,43400,10.85,U
sz300179,四方达,2025-09-24 14:12:33,10.88,32600,10.87,U
sz300179,四方达,2025-09-24 14:12:51,10.88,35200,10.88,U
sz300179,四方达,2025-09-24 14:12:54,10.88,20000,10.88,D
sz300179,四方达,2025-09-24 14:13:03,10.89,20200,10.89,U
sz300179,四方达,2025-09-24 14:13:18,10.89,20400,10.89,U
sz300179,四方达,2025-09-24 14:13:24,10.89,30400,10.89,U
sz300179,四方达,2025-09-24 14:14:45,10.88,20100,10.89,D
sz300179,四方达,2025-09-24 14:15:03,10.88,21000,10.88,D
sz300179,四方达,2025-09-24 14:15:54,10.88,98800,10.89,D
sz300179,四方达,2025-09-24 14:16:51,10.86,54200,10.87,D
sz300179,四方达,2025-09-24 14:18:15,10.88,27100,10.87,U
sz300179,四方达,2025-09-24 14:18:18,10.89,95700,10.88,U
sz300179,四方达,2025-09-24 14:18:36,10.9,18800,10.9,U
sz300179,四方达,2025-09-24 14:19:57,10.89,32700,10.9,D
sz300179,四方达,2025-09-24 14:20:24,10.89,29700,10.89,U
sz300179,四方达,2025-09-24 14:20:42,10.89,39000,10.89,D
sz300179,四方达,2025-09-24 14:22:06,10.9,45300,10.89,U
sz300179,四方达,2025-09-24 14:23:48,10.88,20000,10.88,D
sz300179,四方达,2025-09-24 14:26:00,10.88,19800,10.88,D
sz300179,四方达,2025-09-24 14:26:09,10.86,105400,10.87,D
sz300179,四方达,2025-09-24 14:27:03,10.85,41500,10.85,D
sz300179,四方达,2025-09-24 14:27:06,10.85,27500,10.85,D
sz300179,四方达,2025-09-24 14:27:09,10.84,66900,10.85,D
sz300179,四方达,2025-09-24 14:27:21,10.83,30400,10.84,D
sz300179,四方达,2025-09-24 14:27:48,10.84,37700,10.83,U
sz300179,四方达,2025-09-24 14:28:15,10.86,53000,10.85,U
sz300179,四方达,2025-09-24 14:28:18,10.86,34300,10.86,U
sz300179,四方达,2025-09-24 14:28:36,10.86,30000,10.86,D
sz300179,四方达,2025-09-24 14:28:57,10.85,20000,10.86,D
sz300179,四方达,2025-09-24 14:29:06,10.85,20000,10.85,D
sz300179,四方达,2025-09-24 14:30:48,10.85,38200,10.85,D
sz300179,四方达,2025-09-24 14:30:51,10.84,37200,10.85,D
sz300179,四方达,2025-09-24 14:31:21,10.82,38800,10.84,D
sz300179,四方达,2025-09-24 14:32:12,10.84,93100,10.84,U
sz300179,四方达,2025-09-24 14:32:42,10.84,21700,10.84,U
sz300179,四方达,2025-09-24 14:33:24,10.86,46300,10.86,U
sz300179,四方达,2025-09-24 14:33:36,10.85,61300,10.86,D
sz300179,四方达,2025-09-24 14:33:51,10.85,24700,10.84,U
sz300179,四方达,2025-09-24 14:34:48,10.86,19400,10.85,U
sz300179,四方达,2025-09-24 14:35:27,10.87,19800,10.87,U
sz300179,四方达,2025-09-24 14:36:00,10.87,69400,10.87,U
sz300179,四方达,2025-09-24 14:36:27,10.86,35900,10.86,D
sz300179,四方达,2025-09-24 14:38:27,10.88,52000,10.87,U
sz300179,四方达,2025-09-24 14:38:51,10.88,40000,10.87,U
sz300179,四方达,2025-09-24 14:40:15,10.88,22100,10.88,U
sz300179,四方达,2025-09-24 14:40:57,10.89,28200,10.89,U
sz300179,四方达,2025-09-24 14:41:00,10.88,22600,10.89,D
sz300179,四方达,2025-09-24 14:41:15,10.86,51700,10.88,D
sz300179,四方达,2025-09-24 14:41:18,10.88,20000,10.86,U
sz300179,四方达,2025-09-24 14:41:21,10.85,27100,10.88,D
sz300179,四方达,2025-09-24 14:43:24,10.88,21300,10.89,D
sz300179,四方达,2025-09-24 14:44:03,10.88,39700,10.88,D
sz300179,四方达,2025-09-24 14:44:30,10.87,23000,10.88,D
sz300179,四方达,2025-09-24 14:45:24,10.88,56700,10.87,U
sz300179,四方达,2025-09-24 14:45:27,10.88,23300,10.88,U
sz300179,四方达,2025-09-24 14:45:33,10.89,43900,10.89,U
sz300179,四方达,2025-09-24 14:45:36,10.89,18800,10.89,U
sz300179,四方达,2025-09-24 14:45:42,10.89,42300,10.89,U
sz300179,四方达,2025-09-24 14:45:45,10.89,22000,10.89,U
sz300179,四方达,2025-09-24 14:45:57,10.88,19700,10.89,D
sz300179,四方达,2025-09-24 14:46:30,10.88,24400,10.87,U
sz300179,四方达,2025-09-24 14:46:36,10.88,18600,10.88,D
sz300179,四方达,2025-09-24 14:47:03,10.88,18600,10.88,D
sz300179,四方达,2025-09-24 14:47:30,10.88,35100,10.88,U
sz300179,四方达,2025-09-24 14:47:39,10.88,55600,10.88,D
sz300179,四方达,2025-09-24 14:47:57,10.88,38300,10.88,D
sz300179,四方达,2025-09-24 14:49:27,10.89,27100,10.89,U
sz300179,四方达,2025-09-24 14:49:48,10.87,68400,10.89,D
sz300179,四方达,2025-09-24 14:49:54,10.88,50000,10.88,U
sz300179,四方达,2025-09-24 14:50:00,10.87,28400,10.88,D
sz300179,四方达,2025-09-24 14:50:18,10.86,38300,10.87,D
sz300179,四方达,2025-09-24 14:50:33,10.86,19800,10.86,D
sz300179,四方达,2025-09-24 14:51:03,10.86,44800,10.85,U
sz300179,四方达,2025-09-24 14:51:09,10.86,40500,10.86,U
sz300179,四方达,2025-09-24 14:51:18,10.85,117000,10.85,E
sz300179,四方达,2025-09-24 14:52:03,10.85,20100,10.85,D
sz300179,四方达,2025-09-24 14:52:09,10.87,41800,10.86,U
sz300179,四方达,2025-09-24 14:52:36,10.87,90800,10.87,U
sz300179,四方达,2025-09-24 14:52:57,10.88,32100,10.87,U
sz300179,四方达,2025-09-24 14:53:03,10.88,19700,10.88,U
sz300179,四方达,2025-09-24 14:53:12,10.88,25600,10.88,U
sz300179,四方达,2025-09-24 14:53:18,10.88,26100,10.88,D
sz300179,四方达,2025-09-24 14:53:21,10.88,20100,10.88,D
sz300179,四方达,2025-09-24 14:53:33,10.88,56800,10.88,D
sz300179,四方达,2025-09-24 14:54:03,10.88,19000,10.88,D
sz300179,四方达,2025-09-24 14:54:06,10.89,21300,10.88,U
sz300179,四方达,2025-09-24 14:54:15,10.88,119200,10.89,D
sz300179,四方达,2025-09-24 14:54:18,10.89,20700,10.88,U
sz300179,四方达,2025-09-24 14:54:21,10.89,23600,10.89,U
sz300179,四方达,2025-09-24 14:54:33,10.89,53200,10.89,U
sz300179,四方达,2025-09-24 14:54:42,10.89,35400,10.89,D
sz300179,四方达,2025-09-24 14:54:45,10.89,24100,10.89,D
sz300179,四方达,2025-09-24 14:55:00,10.87,289400,10.89,D
sz300179,四方达,2025-09-24 14:55:03,10.84,46200,10.87,D
sz300179,四方达,2025-09-24 14:55:15,10.86,46300,10.86,U
sz300179,四方达,2025-09-24 14:55:33,10.86,20100,10.87,D
sz300179,四方达,2025-09-24 14:55:42,10.87,24700,10.87,U
sz300179,四方达,2025-09-24 14:55:45,10.87,23300,10.87,U
sz300179,四方达,2025-09-24 14:55:51,10.87,95100,10.87,U
sz300179,四方达,2025-09-24 14:55:57,10.88,44700,10.88,U
sz300179,四方达,2025-09-24 14:56:03,10.87,68800,10.87,D
sz300179,四方达,2025-09-24 14:56:06,10.89,121600,10.87,U
sz300179,四方达,2025-09-24 14:56:12,10.88,34400,10.86,E
sz300179,四方达,2025-09-24 14:56:30,10.88,86100,10.88,U
sz300179,四方达,2025-09-24 14:56:33,10.89,23100,10.88,U
sz300179,四方达,2025-09-24 14:56:36,10.88,29100,10.89,D
sz300179,四方达,2025-09-24 14:56:39,10.89,22300,10.88,U
sz300179,四方达,2025-09-24 14:56:54,10.89,30800,10.89,U
sz300179,四方达,2025-09-24 15:00:00,10.89,843300,10.89,E
