symbol,name,ticktime,price,volume,prev_price,kind
sz300179,四方达,2025-10-13 09:25:00,11.0,2705200,0.0,D
sz300179,四方达,2025-10-13 09:30:00,11.06,954800,11.0,U
sz300179,四方达,2025-10-13 09:30:03,11.08,681472,11.06,E
sz300179,四方达,2025-10-13 09:30:06,11.08,378300,11.08,D
sz300179,四方达,2025-10-13 09:30:09,11.13,437000,11.08,U
sz300179,四方达,2025-10-13 09:30:12,11.09,260000,11.13,D
sz300179,四方达,2025-10-13 09:30:15,11.08,316500,11.09,D
sz300179,四方达,2025-10-13 09:30:18,11.08,363200,11.08,U
sz300179,四方达,2025-10-13 09:30:21,11.0,524928,11.08,D
sz300179,四方达,2025-10-13 09:30:24,10.98,139200,11.0,D
sz300179,四方达,2025-10-13 09:30:27,10.98,189900,10.98,D
sz300179,四方达,2025-10-13 09:30:30,11.08,202200,10.98,U
sz300179,四方达,2025-10-13 09:30:33,10.96,218800,11.08,E
sz300179,四方达,2025-10-13 09:30:36,10.98,67200,10.96,U
sz300179,四方达,2025-10-13 09:30:39,10.99,86500,10.98,E
sz300179,四方达,2025-10-13 09:30:42,11.09,158972,10.99,U
sz300179,四方达,2025-10-13 09:30:45,11.0,340252,11.09,D
sz300179,四方达,2025-10-13 09:30:48,11.03,90700,11.0,E
sz300179,四方达,2025-10-13 09:30:51,11.04,70200,11.03,E
sz300179,四方达,2025-10-13 09:30:54,11.05,60300,11.04,E
sz300179,四方达,2025-10-13 09:30:57,11.11,78500,11.05,U
sz300179,四方达,2025-10-13 09:31:00,11.03,104200,11.11,D
sz300179,四方达,2025-10-13 09:31:03,11.12,124000,11.03,U
sz300179,四方达,2025-10-13 09:31:06,11.18,258000,11.12,U
sz300179,四方达,2025-10-13 09:31:09,11.19,80400,11.18,U
sz300179,四方达,2025-10-13 09:31:12,11.19,84300,11.19,D
sz300179,四方达,2025-10-13 09:31:15,11.19,92348,11.19,D
sz300179,四方达,2025-10-13 09:31:18,11.13,157000,11.19,D
sz300179,四方达,2025-10-13 09:31:21,11.15,157900,11.13,D
sz300179,四方达,2025-10-13 09:31:24,11.17,120600,11.15,U
sz300179,四方达,2025-10-13 09:31:27,11.16,61800,11.17,D
sz300179,四方达,2025-10-13 09:31:30,11.18,84200,11.16,E
sz300179,四方达,2025-10-13 09:31:33,11.18,111100,11.18,U
sz300179,四方达,2025-10-13 09:31:36,11.18,46100,11.18,D
sz300179,四方达,2025-10-13 09:31:39,11.17,44100,11.18,D
sz300179,四方达,2025-10-13 09:31:42,11.17,50900,11.17,U
sz300179,四方达,2025-10-13 09:31:45,11.16,123000,11.17,D
sz300179,四方达,2025-10-13 09:31:48,11.18,82800,11.16,E
sz300179,四方达,2025-10-13 09:31:51,11.11,136700,11.18,D
sz300179,四方达,2025-10-13 09:31:54,11.16,204900,11.11,U
sz300179,四方达,2025-10-13 09:31:57,11.16,74500,11.16,U
sz300179,四方达,2025-10-13 09:32:00,11.14,49600,11.16,D
sz300179,四方达,2025-10-13 09:32:03,11.16,54600,11.14,U
sz300179,四方达,2025-10-13 09:32:06,11.18,115500,11.16,U
sz300179,四方达,2025-10-13 09:32:09,11.18,229300,11.18,U
sz300179,四方达,2025-10-13 09:32:12,11.22,76100,11.18,U
sz300179,四方达,2025-10-13 09:32:15,11.18,845200,11.22,D
sz300179,四方达,2025-10-13 09:32:18,11.18,77900,11.18,U
sz300179,四方达,2025-10-13 09:32:21,11.18,62400,11.18,U
sz300179,四方达,2025-10-13 09:32:24,11.17,43900,11.18,D
sz300179,四方达,2025-10-13 09:32:27,11.17,237400,11.17,E
sz300179,四方达,2025-10-13 09:32:30,11.23,68600,11.17,E
sz300179,四方达,2025-10-13 09:32:33,11.3,103600,11.23,U
sz300179,四方达,2025-10-13 09:32:36,11.24,100800,11.3,E
sz300179,四方达,2025-10-13 09:32:39,11.36,76700,11.24,U
sz300179,四方达,2025-10-13 09:32:42,11.35,42700,11.36,D
sz300179,四方达,2025-10-13 09:32:45,11.35,65200,11.35,U
sz300179,四方达,2025-10-13 09:32:48,11.35,113200,11.35,U
sz300179,四方达,2025-10-13 09:32:51,11.35,66000,11.35,D
sz300179,四方达,2025-10-13 09:32:54,11.4,109191,11.35,U
sz300179,四方达,2025-10-13 09:33:00,11.47,81800,11.43,U
sz300179,四方达,2025-10-13 09:33:03,11.43,54000,11.47,D
sz300179,四方达,2025-10-13 09:33:06,11.4,147600,11.43,D
sz300179,四方达,2025-10-13 09:33:09,11.44,33691,11.4,U
sz300179,四方达,2025-10-13 09:33:12,11.46,66700,11.44,U
sz300179,四方达,2025-10-13 09:33:15,11.46,19300,11.46,U
sz300179,四方达,2025-10-13 09:33:18,11.47,35300,11.46,U
sz300179,四方达,2025-10-13 09:33:21,11.47,25000,11.47,E
sz300179,四方达,2025-10-13 09:33:24,11.47,72100,11.47,D
sz300179,四方达,2025-10-13 09:33:27,11.52,48600,11.47,U
sz300179,四方达,2025-10-13 09:33:33,11.53,45200,11.53,D
sz300179,四方达,2025-10-13 09:33:36,11.52,81700,11.53,E
sz300179,四方达,2025-10-13 09:33:39,11.52,41600,11.52,U
sz300179,四方达,2025-10-13 09:33:42,11.53,72300,11.52,E
sz300179,四方达,2025-10-13 09:33:45,11.55,19000,11.53,U
sz300179,四方达,2025-10-13 09:33:48,11.61,88400,11.55,U
sz300179,四方达,2025-10-13 09:33:51,11.6,21800,11.61,D
sz300179,四方达,2025-10-13 09:33:54,11.6,75100,11.6,U
sz300179,四方达,2025-10-13 09:33:57,11.6,41200,11.6,U
sz300179,四方达,2025-10-13 09:34:00,11.63,198500,11.6,U
sz300179,四方达,2025-10-13 09:34:03,11.62,63700,11.63,E
sz300179,四方达,2025-10-13 09:34:06,11.62,56300,11.62,D
sz300179,四方达,2025-10-13 09:34:09,11.57,263400,11.62,D
sz300179,四方达,2025-10-13 09:34:12,11.59,150900,11.57,U
sz300179,四方达,2025-10-13 09:34:15,11.6,324100,11.59,U
sz300179,四方达,2025-10-13 09:34:18,11.62,165200,11.6,U
sz300179,四方达,2025-10-13 09:34:21,11.61,118300,11.62,D
sz300179,四方达,2025-10-13 09:34:24,11.61,32300,11.61,D
sz300179,四方达,2025-10-13 09:34:27,11.62,79400,11.61,U
sz300179,四方达,2025-10-13 09:34:30,11.6,77900,11.62,D
sz300179,四方达,2025-10-13 09:34:33,11.59,36300,11.6,D
sz300179,四方达,2025-10-13 09:34:36,11.59,62500,11.59,D
sz300179,四方达,2025-10-13 09:34:39,11.59,167300,11.59,U
sz300179,四方达,2025-10-13 09:34:42,11.53,163100,11.59,D
sz300179,四方达,2025-10-13 09:34:45,11.54,130100,11.53,U
sz300179,四方达,2025-10-13 09:34:48,11.53,29600,11.54,D
sz300179,四方达,2025-10-13 09:34:51,11.53,95600,11.53,D
sz300179,四方达,2025-10-13 09:34:54,11.59,222800,11.53,U
sz300179,四方达,2025-10-13 09:34:57,11.6,35800,11.59,U
sz300179,四方达,2025-10-13 09:35:00,11.6,69700,11.6,D
sz300179,四方达,2025-10-13 09:35:03,11.61,188900,11.6,E
sz300179,四方达,2025-10-13 09:35:06,11.62,45200,11.61,U
sz300179,四方达,2025-10-13 09:35:09,11.63,23100,11.62,U
sz300179,四方达,2025-10-13 09:35:12,11.68,146500,11.63,U
sz300179,四方达,2025-10-13 09:35:15,11.69,49700,11.68,U
sz300179,四方达,2025-10-13 09:35:18,11.66,49100,11.69,D
sz300179,四方达,2025-10-13 09:35:21,11.65,121800,11.66,D
sz300179,四方达,2025-10-13 09:35:24,11.6,194100,11.65,D
sz300179,四方达,2025-10-13 09:35:27,11.6,41500,11.6,D
sz300179,四方达,2025-10-13 09:35:30,11.6,73000,11.6,D
sz300179,四方达,2025-10-13 09:35:33,11.65,23700,11.6,U
sz300179,四方达,2025-10-13 09:35:36,11.6,86200,11.65,D
sz300179,四方达,2025-10-13 09:35:39,11.6,56800,11.6,D
sz300179,四方达,2025-10-13 09:35:42,11.61,51700,11.6,E
sz300179,四方达,2025-10-13 09:35:48,11.64,46100,11.63,E
sz300179,四方达,2025-10-13 09:35:51,11.65,23100,11.64,U
sz300179,四方达,2025-10-13 09:35:54,11.63,177300,11.65,D
sz300179,四方达,2025-10-13 09:35:57,11.61,124000,11.63,D
sz300179,四方达,2025-10-13 09:36:00,11.6,42300,11.61,D
sz300179,四方达,2025-10-13 09:36:03,11.6,147600,11.6,D
sz300179,四方达,2025-10-13 09:36:06,11.6,66900,11.6,D
sz300179,四方达,2025-10-13 09:36:09,11.56,77100,11.6,D
sz300179,四方达,2025-10-13 09:36:12,11.53,78200,11.56,D
sz300179,四方达,2025-10-13 09:36:15,11.56,110300,11.53,U
sz300179,四方达,2025-10-13 09:36:18,11.5,44100,11.56,D
sz300179,四方达,2025-10-13 09:36:21,11.51,60500,11.5,U
sz300179,四方达,2025-10-13 09:36:24,11.54,85400,11.51,U
sz300179,四方达,2025-10-13 09:36:27,11.54,74500,11.54,D
sz300179,四方达,2025-10-13 09:36:30,11.52,55300,11.54,D
sz300179,四方达,2025-10-13 09:36:33,11.49,112000,11.52,D
sz300179,四方达,2025-10-13 09:36:36,11.47,82100,11.49,D
sz300179,四方达,2025-10-13 09:36:39,11.49,122300,11.47,U
sz300179,四方达,2025-10-13 09:36:42,11.46,68200,11.49,D
sz300179,四方达,2025-10-13 09:36:45,11.46,37000,11.46,D
sz300179,四方达,2025-10-13 09:36:48,11.45,102900,11.46,D
sz300179,四方达,2025-10-13 09:36:51,11.44,216700,11.45,D
sz300179,四方达,2025-10-13 09:36:54,11.43,95100,11.44,D
sz300179,四方达,2025-10-13 09:36:57,11.41,107600,11.43,D
sz300179,四方达,2025-10-13 09:37:00,11.4,63600,11.41,D
sz300179,四方达,2025-10-13 09:37:03,11.41,142300,11.4,U
sz300179,四方达,2025-10-13 09:37:06,11.41,78400,11.41,D
sz300179,四方达,2025-10-13 09:37:09,11.4,107000,11.41,D
sz300179,四方达,2025-10-13 09:37:12,11.43,311000,11.4,U
sz300179,四方达,2025-10-13 09:37:15,11.47,64200,11.43,U
sz300179,四方达,2025-10-13 09:37:18,11.47,71600,11.47,D
sz300179,四方达,2025-10-13 09:37:27,11.52,38100,11.48,E
sz300179,四方达,2025-10-13 09:37:30,11.5,31200,11.52,D
sz300179,四方达,2025-10-13 09:37:33,11.49,42600,11.5,E
sz300179,四方达,2025-10-13 09:37:36,11.48,30800,11.49,E
sz300179,四方达,2025-10-13 09:37:39,11.44,31600,11.48,D
sz300179,四方达,2025-10-13 09:37:42,11.47,55600,11.44,U
sz300179,四方达,2025-10-13 09:37:45,11.46,42000,11.47,E
sz300179,四方达,2025-10-13 09:37:48,11.46,62100,11.46,U
sz300179,四方达,2025-10-13 09:37:54,11.46,50800,11.45,U
sz300179,四方达,2025-10-13 09:37:57,11.46,33300,11.46,D
sz300179,四方达,2025-10-13 09:38:00,11.46,19000,11.46,D
sz300179,四方达,2025-10-13 09:38:03,11.48,49800,11.46,E
sz300179,四方达,2025-10-13 09:38:06,11.49,18200,11.48,U
sz300179,四方达,2025-10-13 09:38:09,11.51,21700,11.49,U
sz300179,四方达,2025-10-13 09:38:12,11.48,78000,11.51,D
sz300179,四方达,2025-10-13 09:38:15,11.49,29900,11.48,E
sz300179,四方达,2025-10-13 09:38:18,11.48,101900,11.49,D
sz300179,四方达,2025-10-13 09:38:21,11.49,36000,11.48,U
sz300179,四方达,2025-10-13 09:38:24,11.45,180900,11.49,D
sz300179,四方达,2025-10-13 09:38:27,11.44,122400,11.45,D
sz300179,四方达,2025-10-13 09:38:30,11.44,24900,11.44,D
sz300179,四方达,2025-10-13 09:38:36,11.45,27100,11.44,D
sz300179,四方达,2025-10-13 09:38:39,11.44,33900,11.45,D
sz300179,四方达,2025-10-13 09:38:42,11.47,17600,11.44,U
sz300179,四方达,2025-10-13 09:38:51,11.48,23100,11.45,U
sz300179,四方达,2025-10-13 09:38:54,11.45,37000,11.48,D
sz300179,四方达,2025-10-13 09:39:00,11.49,21900,11.48,U
sz300179,四方达,2025-10-13 09:39:03,11.5,53700,11.49,U
sz300179,四方达,2025-10-13 09:39:15,11.51,24400,11.51,D
sz300179,四方达,2025-10-13 09:39:18,11.49,32600,11.51,D
sz300179,四方达,2025-10-13 09:39:21,11.45,127200,11.49,D
sz300179,四方达,2025-10-13 09:39:24,11.46,49800,11.45,U
sz300179,四方达,2025-10-13 09:39:27,11.46,443300,11.46,U
sz300179,四方达,2025-10-13 09:39:30,11.46,20800,11.46,U
sz300179,四方达,2025-10-13 09:39:33,11.45,332000,11.46,D
sz300179,四方达,2025-10-13 09:39:39,11.37,169500,11.43,D
sz300179,四方达,2025-10-13 09:39:42,11.4,50500,11.37,U
sz300179,四方达,2025-10-13 09:39:48,11.39,75300,11.38,U
sz300179,四方达,2025-10-13 09:39:51,11.38,22400,11.39,D
sz300179,四方达,2025-10-13 09:39:54,11.38,20100,11.38,D
sz300179,四方达,2025-10-13 09:39:57,11.37,39500,11.38,D
sz300179,四方达,2025-10-13 09:40:00,11.37,45300,11.37,D
sz300179,四方达,2025-10-13 09:40:03,11.38,110700,11.37,U
sz300179,四方达,2025-10-13 09:40:06,11.38,164000,11.38,D
sz300179,四方达,2025-10-13 09:40:12,11.47,158400,11.46,U
sz300179,四方达,2025-10-13 09:40:15,11.49,18900,11.47,U
sz300179,四方达,2025-10-13 09:40:21,11.49,48100,11.49,D
sz300179,四方达,2025-10-13 09:40:27,11.5,32300,11.49,U
sz300179,四方达,2025-10-13 09:40:30,11.47,40700,11.5,D
sz300179,四方达,2025-10-13 09:40:33,11.47,31600,11.47,U
sz300179,四方达,2025-10-13 09:40:39,11.47,38300,11.47,D
sz300179,四方达,2025-10-13 09:40:45,11.5,17400,11.5,U
sz300179,四方达,2025-10-13 09:40:48,11.49,45100,11.5,D
sz300179,四方达,2025-10-13 09:40:51,11.49,26100,11.49,D
sz300179,四方达,2025-10-13 09:40:57,11.51,39400,11.5,U
sz300179,四方达,2025-10-13 09:41:03,11.49,38900,11.5,D
sz300179,四方达,2025-10-13 09:41:12,11.5,36100,11.5,D
sz300179,四方达,2025-10-13 09:41:15,11.5,19200,11.5,U
sz300179,四方达,2025-10-13 09:41:18,11.48,28300,11.5,D
sz300179,四方达,2025-10-13 09:41:21,11.48,24500,11.48,D
sz300179,四方达,2025-10-13 09:41:24,11.44,133700,11.48,D
sz300179,四方达,2025-10-13 09:41:27,11.48,135400,11.44,U
sz300179,四方达,2025-10-13 09:41:30,11.5,31100,11.48,U
sz300179,四方达,2025-10-13 09:41:33,11.51,29600,11.5,U
sz300179,四方达,2025-10-13 09:41:45,11.55,21600,11.56,D
sz300179,四方达,2025-10-13 09:41:54,11.55,34900,11.55,D
sz300179,四方达,2025-10-13 09:41:57,11.55,50000,11.55,D
sz300179,四方达,2025-10-13 09:42:00,11.55,33100,11.55,U
sz300179,四方达,2025-10-13 09:42:03,11.55,44000,11.55,U
sz300179,四方达,2025-10-13 09:42:06,11.5,78100,11.55,D
sz300179,四方达,2025-10-13 09:42:09,11.49,73200,11.5,D
sz300179,四方达,2025-10-13 09:42:12,11.48,108500,11.49,D
sz300179,四方达,2025-10-13 09:42:18,11.48,23700,11.51,D
sz300179,四方达,2025-10-13 09:42:21,11.49,54600,11.48,U
sz300179,四方达,2025-10-13 09:42:30,11.47,25800,11.48,D
sz300179,四方达,2025-10-13 09:42:33,11.46,49100,11.47,D
sz300179,四方达,2025-10-13 09:42:39,11.46,39200,11.44,U
sz300179,四方达,2025-10-13 09:42:48,11.47,42100,11.46,U
sz300179,四方达,2025-10-13 09:42:51,11.48,23300,11.47,U
sz300179,四方达,2025-10-13 09:42:54,11.46,29100,11.48,D
sz300179,四方达,2025-10-13 09:42:57,11.47,26600,11.46,U
sz300179,四方达,2025-10-13 09:43:00,11.47,21400,11.47,D
sz300179,四方达,2025-10-13 09:43:03,11.48,51800,11.47,U
sz300179,四方达,2025-10-13 09:43:06,11.48,30700,11.48,E
sz300179,四方达,2025-10-13 09:43:12,11.5,48000,11.48,U
sz300179,四方达,2025-10-13 09:43:15,11.5,21600,11.5,U
sz300179,四方达,2025-10-13 09:43:24,11.5,18300,11.5,D
sz300179,四方达,2025-10-13 09:43:30,11.46,53900,11.49,D
sz300179,四方达,2025-10-13 09:43:33,11.44,50600,11.46,D
sz300179,四方达,2025-10-13 09:43:51,11.47,19700,11.46,U
sz300179,四方达,2025-10-13 09:44:00,11.48,19000,11.48,D
sz300179,四方达,2025-10-13 09:44:03,11.5,57400,11.48,U
sz300179,四方达,2025-10-13 09:44:06,11.5,50900,11.5,D
sz300179,四方达,2025-10-13 09:44:09,11.5,43200,11.5,D
sz300179,四方达,2025-10-13 09:44:15,11.51,124500,11.52,D
sz300179,四方达,2025-10-13 09:44:21,11.48,27700,11.48,U
sz300179,四方达,2025-10-13 09:44:24,11.47,62200,11.48,D
sz300179,四方达,2025-10-13 09:44:27,11.47,45900,11.47,D
sz300179,四方达,2025-10-13 09:44:30,11.47,19300,11.47,D
sz300179,四方达,2025-10-13 09:44:33,11.46,19200,11.47,D
sz300179,四方达,2025-10-13 09:44:36,11.46,26800,11.46,D
sz300179,四方达,2025-10-13 09:44:45,11.45,26900,11.46,D
sz300179,四方达,2025-10-13 09:44:48,11.45,73400,11.45,D
sz300179,四方达,2025-10-13 09:44:54,11.44,24100,11.44,D
sz300179,四方达,2025-10-13 09:45:00,11.45,24600,11.45,D
sz300179,四方达,2025-10-13 09:45:03,11.45,84300,11.45,D
sz300179,四方达,2025-10-13 09:45:06,11.44,31300,11.45,D
sz300179,四方达,2025-10-13 09:45:12,11.44,24900,11.44,D
sz300179,四方达,2025-10-13 09:45:15,11.43,67900,11.44,D
sz300179,四方达,2025-10-13 09:45:18,11.43,18400,11.43,D
sz300179,四方达,2025-10-13 09:45:24,11.42,21000,11.41,U
sz300179,四方达,2025-10-13 09:45:27,11.45,23700,11.42,U
sz300179,四方达,2025-10-13 09:45:30,11.45,23700,11.45,U
sz300179,四方达,2025-10-13 09:45:36,11.47,28800,11.47,D
sz300179,四方达,2025-10-13 09:45:42,11.47,35400,11.47,D
sz300179,四方达,2025-10-13 09:45:48,11.43,39500,11.46,D
sz300179,四方达,2025-10-13 09:45:51,11.43,17900,11.43,D
sz300179,四方达,2025-10-13 09:45:54,11.43,17500,11.43,U
sz300179,四方达,2025-10-13 09:45:57,11.41,20800,11.43,D
sz300179,四方达,2025-10-13 09:46:00,11.42,94100,11.41,U
sz300179,四方达,2025-10-13 09:46:03,11.43,209600,11.42,E
sz300179,四方达,2025-10-13 09:46:06,11.45,20500,11.43,E
sz300179,四方达,2025-10-13 09:46:18,11.46,63300,11.46,D
sz300179,四方达,2025-10-13 09:46:21,11.46,25400,11.46,U
sz300179,四方达,2025-10-13 09:46:24,11.45,28200,11.46,E
sz300179,四方达,2025-10-13 09:46:27,11.44,37600,11.45,E
sz300179,四方达,2025-10-13 09:46:36,11.47,41400,11.45,U
sz300179,四方达,2025-10-13 09:46:39,11.47,62700,11.47,D
sz300179,四方达,2025-10-13 09:46:42,11.48,22800,11.47,U
sz300179,四方达,2025-10-13 09:46:45,11.49,291700,11.48,U
sz300179,四方达,2025-10-13 09:46:51,11.52,29400,11.49,U
sz300179,四方达,2025-10-13 09:47:00,11.55,69400,11.53,U
sz300179,四方达,2025-10-13 09:47:06,11.54,37400,11.56,D
sz300179,四方达,2025-10-13 09:47:18,11.52,25800,11.53,D
sz300179,四方达,2025-10-13 09:47:24,11.52,69200,11.52,U
sz300179,四方达,2025-10-13 09:47:27,11.51,29400,11.52,E
sz300179,四方达,2025-10-13 09:47:30,11.51,22000,11.51,E
sz300179,四方达,2025-10-13 09:47:33,11.52,18800,11.51,U
sz300179,四方达,2025-10-13 09:47:39,11.5,33500,11.52,D
sz300179,四方达,2025-10-13 09:47:48,11.5,26300,11.49,U
sz300179,四方达,2025-10-13 09:47:51,11.48,35700,11.5,D
sz300179,四方达,2025-10-13 09:48:00,11.44,340300,11.48,D
sz300179,四方达,2025-10-13 09:48:03,11.44,67200,11.44,U
sz300179,四方达,2025-10-13 09:48:06,11.44,42800,11.44,U
sz300179,四方达,2025-10-13 09:48:09,11.47,299000,11.44,U
sz300179,四方达,2025-10-13 09:48:18,11.48,32700,11.46,U
sz300179,四方达,2025-10-13 09:48:30,11.48,20900,11.5,D
sz300179,四方达,2025-10-13 09:48:36,11.48,27500,11.5,D
sz300179,四方达,2025-10-13 09:48:39,11.49,30800,11.48,U
sz300179,四方达,2025-10-13 09:48:45,11.46,53300,11.47,D
sz300179,四方达,2025-10-13 09:49:00,11.45,74000,11.47,D
sz300179,四方达,2025-10-13 09:49:03,11.45,31400,11.45,D
sz300179,四方达,2025-10-13 09:49:09,11.51,58300,11.45,U
sz300179,四方达,2025-10-13 09:49:15,11.5,57600,11.5,D
sz300179,四方达,2025-10-13 09:49:30,11.47,34000,11.49,D
sz300179,四方达,2025-10-13 09:49:36,11.48,58100,11.47,U
sz300179,四方达,2025-10-13 09:49:45,11.47,63900,11.47,D
sz300179,四方达,2025-10-13 09:49:48,11.47,101500,11.47,U
sz300179,四方达,2025-10-13 09:49:54,11.48,18100,11.48,U
sz300179,四方达,2025-10-13 09:50:00,11.48,21800,11.48,U
sz300179,四方达,2025-10-13 09:50:03,11.47,74200,11.48,D
sz300179,四方达,2025-10-13 09:50:06,11.48,26700,11.47,U
sz300179,四方达,2025-10-13 09:50:15,11.47,21900,11.46,E
sz300179,四方达,2025-10-13 09:50:18,11.45,94900,11.47,D
sz300179,四方达,2025-10-13 09:50:21,11.43,85500,11.45,D
sz300179,四方达,2025-10-13 09:50:24,11.43,32300,11.43,D
sz300179,四方达,2025-10-13 09:50:27,11.44,39000,11.43,E
sz300179,四方达,2025-10-13 09:50:30,11.44,99600,11.44,D
sz300179,四方达,2025-10-13 09:50:33,11.45,33400,11.44,U
sz300179,四方达,2025-10-13 09:50:39,11.46,20300,11.45,D
sz300179,四方达,2025-10-13 09:50:45,11.46,19800,11.46,U
sz300179,四方达,2025-10-13 09:50:48,11.46,20300,11.46,D
sz300179,四方达,2025-10-13 09:50:54,11.44,65300,11.46,D
sz300179,四方达,2025-10-13 09:50:57,11.44,20200,11.44,U
sz300179,四方达,2025-10-13 09:51:00,11.46,235700,11.44,U
sz300179,四方达,2025-10-13 09:51:03,11.48,34000,11.46,U
sz300179,四方达,2025-10-13 09:51:06,11.49,73100,11.48,U
sz300179,四方达,2025-10-13 09:51:12,11.47,20300,11.49,D
sz300179,四方达,2025-10-13 09:51:18,11.46,27500,11.45,E
sz300179,四方达,2025-10-13 09:51:21,11.43,73200,11.46,D
sz300179,四方达,2025-10-13 09:51:27,11.46,21400,11.45,U
sz300179,四方达,2025-10-13 09:51:30,11.46,28700,11.46,D
sz300179,四方达,2025-10-13 09:51:33,11.46,21200,11.46,U
sz300179,四方达,2025-10-13 09:51:45,11.44,19300,11.44,D
sz300179,四方达,2025-10-13 09:51:57,11.46,22100,11.45,U
sz300179,四方达,2025-10-13 09:52:00,11.47,25000,11.46,U
sz300179,四方达,2025-10-13 09:52:03,11.48,142200,11.47,U
sz300179,四方达,2025-10-13 09:52:06,11.49,19200,11.48,U
sz300179,四方达,2025-10-13 09:52:12,11.48,20600,11.48,D
sz300179,四方达,2025-10-13 09:52:18,11.48,46100,11.48,U
sz300179,四方达,2025-10-13 09:52:21,11.45,50400,11.48,D
sz300179,四方达,2025-10-13 09:52:30,11.45,24500,11.45,D
sz300179,四方达,2025-10-13 09:53:00,11.44,18600,11.44,D
sz300179,四方达,2025-10-13 09:53:03,11.43,24000,11.44,D
sz300179,四方达,2025-10-13 09:53:06,11.43,52900,11.43,D
sz300179,四方达,2025-10-13 09:53:12,11.43,116100,11.43,D
sz300179,四方达,2025-10-13 09:53:24,11.41,113300,11.42,D
sz300179,四方达,2025-10-13 09:53:27,11.4,36700,11.41,D
sz300179,四方达,2025-10-13 09:53:30,11.39,164900,11.4,E
sz300179,四方达,2025-10-13 09:53:33,11.38,73000,11.39,D
sz300179,四方达,2025-10-13 09:53:36,11.38,23100,11.38,D
sz300179,四方达,2025-10-13 09:53:39,11.39,19100,11.38,U
sz300179,四方达,2025-10-13 09:53:42,11.41,39000,11.39,U
sz300179,四方达,2025-10-13 09:53:45,11.41,57800,11.41,U
sz300179,四方达,2025-10-13 09:53:48,11.37,116900,11.41,D
sz300179,四方达,2025-10-13 09:53:54,11.36,24800,11.39,D
sz300179,四方达,2025-10-13 09:53:57,11.36,32100,11.36,D
sz300179,四方达,2025-10-13 09:54:00,11.37,39700,11.36,U
sz300179,四方达,2025-10-13 09:54:03,11.44,123500,11.37,U
sz300179,四方达,2025-10-13 09:54:06,11.37,17800,11.44,D
sz300179,四方达,2025-10-13 09:54:15,11.39,44600,11.39,D
sz300179,四方达,2025-10-13 09:54:18,11.4,19300,11.39,E
sz300179,四方达,2025-10-13 09:54:24,11.4,24900,11.4,D
sz300179,四方达,2025-10-13 09:54:36,11.4,59800,11.4,D
sz300179,四方达,2025-10-13 09:54:39,11.41,61600,11.4,E
sz300179,四方达,2025-10-13 09:54:45,11.39,43600,11.4,D
sz300179,四方达,2025-10-13 09:54:48,11.4,34000,11.39,U
sz300179,四方达,2025-10-13 09:54:51,11.4,62300,11.4,U
sz300179,四方达,2025-10-13 09:54:57,11.39,135700,11.39,D
sz300179,四方达,2025-10-13 09:55:00,11.39,34400,11.39,D
sz300179,四方达,2025-10-13 09:55:03,11.39,33300,11.39,D
sz300179,四方达,2025-10-13 09:55:09,11.39,115000,11.4,D
sz300179,四方达,2025-10-13 09:55:18,11.38,26700,11.38,D
sz300179,四方达,2025-10-13 09:55:21,11.38,24000,11.38,D
sz300179,四方达,2025-10-13 09:55:42,11.37,19600,11.38,D
sz300179,四方达,2025-10-13 09:55:45,11.38,21100,11.37,D
sz300179,四方达,2025-10-13 09:56:00,11.38,76700,11.39,D
sz300179,四方达,2025-10-13 09:56:06,11.36,21300,11.38,D
sz300179,四方达,2025-10-13 09:56:15,11.35,21100,11.36,D
sz300179,四方达,2025-10-13 09:56:21,11.39,104700,11.35,U
sz300179,四方达,2025-10-13 09:56:27,11.36,26700,11.36,D
sz300179,四方达,2025-10-13 09:56:33,11.36,120300,11.36,D
sz300179,四方达,2025-10-13 09:56:36,11.37,21600,11.36,E
sz300179,四方达,2025-10-13 09:56:42,11.36,37800,11.36,D
sz300179,四方达,2025-10-13 09:56:51,11.36,25200,11.36,D
sz300179,四方达,2025-10-13 09:57:03,11.4,29500,11.39,U
sz300179,四方达,2025-10-13 09:57:06,11.41,60300,11.4,U
sz300179,四方达,2025-10-13 09:57:21,11.42,207700,11.41,U
sz300179,四方达,2025-10-13 09:57:24,11.4,75600,11.42,D
sz300179,四方达,2025-10-13 09:57:27,11.4,18700,11.4,U
sz300179,四方达,2025-10-13 09:57:42,11.37,33500,11.39,D
sz300179,四方达,2025-10-13 09:57:51,11.36,23700,11.38,D
sz300179,四方达,2025-10-13 09:58:00,11.37,21500,11.36,U
sz300179,四方达,2025-10-13 09:58:09,11.36,19900,11.36,U
sz300179,四方达,2025-10-13 09:58:21,11.35,131800,11.36,D
sz300179,四方达,2025-10-13 09:58:24,11.36,40000,11.35,U
sz300179,四方达,2025-10-13 09:58:30,11.35,26600,11.35,D
sz300179,四方达,2025-10-13 09:58:33,11.35,29200,11.35,D
sz300179,四方达,2025-10-13 09:58:36,11.36,49500,11.35,U
sz300179,四方达,2025-10-13 09:58:39,11.37,17800,11.36,U
sz300179,四方达,2025-10-13 09:58:42,11.37,22000,11.37,D
sz300179,四方达,2025-10-13 09:58:45,11.42,139600,11.37,U
sz300179,四方达,2025-10-13 09:58:48,11.4,22400,11.42,D
sz300179,四方达,2025-10-13 09:58:51,11.39,18200,11.4,D
sz300179,四方达,2025-10-13 09:58:57,11.41,145600,11.43,D
sz300179,四方达,2025-10-13 09:59:00,11.39,43900,11.41,D
sz300179,四方达,2025-10-13 09:59:06,11.38,22700,11.38,U
sz300179,四方达,2025-10-13 09:59:15,11.41,37100,11.39,U
sz300179,四方达,2025-10-13 09:59:21,11.41,19400,11.4,U
sz300179,四方达,2025-10-13 09:59:33,11.39,25100,11.4,D
sz300179,四方达,2025-10-13 09:59:39,11.41,26500,11.39,U
sz300179,四方达,2025-10-13 09:59:42,11.38,269200,11.41,D
sz300179,四方达,2025-10-13 09:59:45,11.41,50000,11.38,E
sz300179,四方达,2025-10-13 09:59:51,11.42,28600,11.4,U
sz300179,四方达,2025-10-13 10:00:03,11.46,100200,11.44,U
sz300179,四方达,2025-10-13 10:00:33,11.43,17600,11.42,U
sz300179,四方达,2025-10-13 10:00:36,11.43,17700,11.43,D
sz300179,四方达,2025-10-13 10:01:00,11.42,38300,11.41,D
sz300179,四方达,2025-10-13 10:01:03,11.41,39600,11.42,D
sz300179,四方达,2025-10-13 10:01:18,11.4,38500,11.41,D
sz300179,四方达,2025-10-13 10:01:27,11.39,22300,11.39,U
sz300179,四方达,2025-10-13 10:01:36,11.39,25100,11.38,U
sz300179,四方达,2025-10-13 10:01:39,11.39,53600,11.39,U
sz300179,四方达,2025-10-13 10:01:45,11.39,18100,11.39,D
sz300179,四方达,2025-10-13 10:01:48,11.4,21400,11.39,U
sz300179,四方达,2025-10-13 10:01:54,11.39,32093,11.39,D
sz300179,四方达,2025-10-13 10:02:03,11.41,41000,11.39,U
sz300179,四方达,2025-10-13 10:02:15,11.5,330400,11.43,U
sz300179,四方达,2025-10-13 10:02:18,11.49,18800,11.5,E
sz300179,四方达,2025-10-13 10:02:24,11.47,23500,11.49,D
sz300179,四方达,2025-10-13 10:02:27,11.49,30000,11.47,U
sz300179,四方达,2025-10-13 10:02:33,11.48,64000,11.49,D
sz300179,四方达,2025-10-13 10:02:36,11.49,38200,11.48,U
sz300179,四方达,2025-10-13 10:02:39,11.49,78500,11.49,U
sz300179,四方达,2025-10-13 10:02:42,11.48,20500,11.49,D
sz300179,四方达,2025-10-13 10:02:45,11.49,17800,11.48,U
sz300179,四方达,2025-10-13 10:02:48,11.48,46500,11.49,D
sz300179,四方达,2025-10-13 10:02:51,11.49,51700,11.48,U
sz300179,四方达,2025-10-13 10:03:00,11.5,45200,11.5,D
sz300179,四方达,2025-10-13 10:03:03,11.51,47200,11.5,U
sz300179,四方达,2025-10-13 10:03:09,11.51,19700,11.51,U
sz300179,四方达,2025-10-13 10:03:12,11.51,39400,11.51,U
sz300179,四方达,2025-10-13 10:03:18,11.53,24600,11.52,U
sz300179,四方达,2025-10-13 10:03:21,11.53,27100,11.53,D
sz300179,四方达,2025-10-13 10:03:27,11.56,105400,11.53,U
sz300179,四方达,2025-10-13 10:03:33,11.58,44400,11.57,U
sz300179,四方达,2025-10-13 10:03:36,11.58,41600,11.58,U
sz300179,四方达,2025-10-13 10:03:39,11.56,121900,11.58,D
sz300179,四方达,2025-10-13 10:03:42,11.56,67000,11.56,U
sz300179,四方达,2025-10-13 10:03:45,11.55,29000,11.56,E
sz300179,四方达,2025-10-13 10:03:48,11.55,32400,11.55,E
sz300179,四方达,2025-10-13 10:03:57,11.53,164700,11.55,D
sz300179,四方达,2025-10-13 10:04:00,11.54,108800,11.53,E
sz300179,四方达,2025-10-13 10:04:03,11.57,17300,11.54,U
sz300179,四方达,2025-10-13 10:04:06,11.57,26300,11.57,U
sz300179,四方达,2025-10-13 10:04:09,11.56,25600,11.57,U
sz300179,四方达,2025-10-13 10:04:12,11.57,58700,11.56,U
sz300179,四方达,2025-10-13 10:04:15,11.58,44800,11.57,U
sz300179,四方达,2025-10-13 10:04:21,11.6,59500,11.59,U
sz300179,四方达,2025-10-13 10:04:33,11.65,44700,11.65,U
sz300179,四方达,2025-10-13 10:04:36,11.66,38300,11.65,U
sz300179,四方达,2025-10-13 10:04:42,11.67,96400,11.67,D
sz300179,四方达,2025-10-13 10:04:45,11.68,44500,11.67,U
sz300179,四方达,2025-10-13 10:04:48,11.66,189900,11.68,D
sz300179,四方达,2025-10-13 10:04:51,11.66,136700,11.66,E
sz300179,四方达,2025-10-13 10:04:54,11.65,52000,11.66,E
sz300179,四方达,2025-10-13 10:04:57,11.65,43600,11.65,U
sz300179,四方达,2025-10-13 10:05:00,11.66,74300,11.65,U
sz300179,四方达,2025-10-13 10:05:03,11.66,39000,11.66,U
sz300179,四方达,2025-10-13 10:05:06,11.66,38400,11.66,D
sz300179,四方达,2025-10-13 10:05:09,11.68,26100,11.66,U
sz300179,四方达,2025-10-13 10:05:12,11.68,37900,11.68,U
sz300179,四方达,2025-10-13 10:05:15,11.69,35100,11.68,U
sz300179,四方达,2025-10-13 10:05:18,11.7,73900,11.69,U
sz300179,四方达,2025-10-13 10:05:21,11.69,86400,11.7,E
sz300179,四方达,2025-10-13 10:05:24,11.7,86700,11.69,U
sz300179,四方达,2025-10-13 10:05:27,11.7,47900,11.7,D
sz300179,四方达,2025-10-13 10:05:30,11.66,174900,11.7,D
sz300179,四方达,2025-10-13 10:05:33,11.66,64100,11.66,U
sz300179,四方达,2025-10-13 10:05:36,11.66,44800,11.66,U
sz300179,四方达,2025-10-13 10:05:39,11.65,52800,11.66,E
sz300179,四方达,2025-10-13 10:05:42,11.6,192800,11.65,D
sz300179,四方达,2025-10-13 10:05:45,11.6,17400,11.6,U
sz300179,四方达,2025-10-13 10:05:48,11.64,138900,11.6,U
sz300179,四方达,2025-10-13 10:05:54,11.62,19500,11.62,D
sz300179,四方达,2025-10-13 10:05:57,11.63,32200,11.62,U
sz300179,四方达,2025-10-13 10:06:03,11.66,25000,11.65,U
sz300179,四方达,2025-10-13 10:06:06,11.67,28000,11.66,U
sz300179,四方达,2025-10-13 10:06:12,11.7,32400,11.68,U
sz300179,四方达,2025-10-13 10:06:15,11.71,25000,11.7,U
sz300179,四方达,2025-10-13 10:06:18,11.74,60100,11.71,U
sz300179,四方达,2025-10-13 10:06:21,11.75,54900,11.74,U
sz300179,四方达,2025-10-13 10:06:24,11.72,160600,11.75,D
sz300179,四方达,2025-10-13 10:06:27,11.74,140000,11.72,U
sz300179,四方达,2025-10-13 10:06:30,11.74,59700,11.74,U
sz300179,四方达,2025-10-13 10:06:33,11.72,134000,11.74,D
sz300179,四方达,2025-10-13 10:06:36,11.72,215500,11.72,U
sz300179,四方达,2025-10-13 10:06:39,11.72,77400,11.72,E
sz300179,四方达,2025-10-13 10:06:42,11.69,102900,11.72,D
sz300179,四方达,2025-10-13 10:06:45,11.68,37400,11.69,D
sz300179,四方达,2025-10-13 10:06:48,11.68,56400,11.68,U
sz300179,四方达,2025-10-13 10:06:51,11.66,48900,11.68,D
sz300179,四方达,2025-10-13 10:06:54,11.57,322900,11.66,D
sz300179,四方达,2025-10-13 10:07:00,11.56,117400,11.6,D
sz300179,四方达,2025-10-13 10:07:06,11.56,34100,11.56,U
sz300179,四方达,2025-10-13 10:07:09,11.55,37600,11.56,D
sz300179,四方达,2025-10-13 10:07:12,11.56,56000,11.55,U
sz300179,四方达,2025-10-13 10:07:15,11.56,77900,11.56,U
sz300179,四方达,2025-10-13 10:07:18,11.55,55200,11.56,E
sz300179,四方达,2025-10-13 10:07:21,11.53,40500,11.55,D
sz300179,四方达,2025-10-13 10:07:30,11.55,25600,11.53,U
sz300179,四方达,2025-10-13 10:07:33,11.53,18100,11.55,D
sz300179,四方达,2025-10-13 10:07:39,11.51,52500,11.53,D
sz300179,四方达,2025-10-13 10:07:45,11.51,64100,11.51,D
sz300179,四方达,2025-10-13 10:07:54,11.52,37100,11.53,D
sz300179,四方达,2025-10-13 10:08:00,11.52,34800,11.52,U
sz300179,四方达,2025-10-13 10:08:09,11.54,43900,11.52,U
sz300179,四方达,2025-10-13 10:08:15,11.53,28800,11.53,U
sz300179,四方达,2025-10-13 10:08:18,11.54,31400,11.53,U
sz300179,四方达,2025-10-13 10:08:21,11.53,25600,11.54,D
sz300179,四方达,2025-10-13 10:08:33,11.54,29900,11.54,U
sz300179,四方达,2025-10-13 10:08:39,11.55,37000,11.55,U
sz300179,四方达,2025-10-13 10:08:45,11.58,44900,11.55,U
sz300179,四方达,2025-10-13 10:08:51,11.58,73300,11.58,U
sz300179,四方达,2025-10-13 10:08:54,11.56,210200,11.58,E
sz300179,四方达,2025-10-13 10:08:57,11.59,113900,11.56,U
sz300179,四方达,2025-10-13 10:09:00,11.59,28900,11.59,U
sz300179,四方达,2025-10-13 10:09:03,11.59,33800,11.59,U
sz300179,四方达,2025-10-13 10:09:12,11.56,69800,11.58,D
sz300179,四方达,2025-10-13 10:09:15,11.54,55600,11.56,D
sz300179,四方达,2025-10-13 10:09:27,11.54,22800,11.56,D
sz300179,四方达,2025-10-13 10:09:30,11.54,41700,11.54,D
sz300179,四方达,2025-10-13 10:09:36,11.54,18500,11.54,U
sz300179,四方达,2025-10-13 10:09:39,11.53,19000,11.54,D
sz300179,四方达,2025-10-13 10:09:42,11.53,23100,11.53,U
sz300179,四方达,2025-10-13 10:09:48,11.5,131000,11.52,D
sz300179,四方达,2025-10-13 10:09:51,11.48,39200,11.5,D
sz300179,四方达,2025-10-13 10:09:54,11.54,67700,11.48,U
sz300179,四方达,2025-10-13 10:10:39,11.54,52900,11.55,D
sz300179,四方达,2025-10-13 10:10:42,11.54,22900,11.54,U
sz300179,四方达,2025-10-13 10:10:45,11.54,55600,11.54,U
sz300179,四方达,2025-10-13 10:10:51,11.52,31400,11.52,E
sz300179,四方达,2025-10-13 10:11:00,11.5,21900,11.52,D
sz300179,四方达,2025-10-13 10:11:21,11.51,57200,11.52,D
sz300179,四方达,2025-10-13 10:11:24,11.52,20100,11.51,U
sz300179,四方达,2025-10-13 10:11:30,11.51,21200,11.51,D
sz300179,四方达,2025-10-13 10:12:30,11.49,199200,11.55,D
sz300179,四方达,2025-10-13 10:12:45,11.48,93300,11.5,D
sz300179,四方达,2025-10-13 10:12:51,11.5,21900,11.49,U
sz300179,四方达,2025-10-13 10:13:03,11.49,52300,11.48,U
sz300179,四方达,2025-10-13 10:13:39,11.5,57800,11.53,D
sz300179,四方达,2025-10-13 10:13:48,11.48,37500,11.48,D
sz300179,四方达,2025-10-13 10:14:12,11.46,68600,11.5,D
sz300179,四方达,2025-10-13 10:14:15,11.45,35700,11.46,D
sz300179,四方达,2025-10-13 10:14:18,11.46,25700,11.45,U
sz300179,四方达,2025-10-13 10:14:21,11.46,88400,11.46,U
sz300179,四方达,2025-10-13 10:14:54,11.48,22200,11.49,D
sz300179,四方达,2025-10-13 10:15:27,11.49,27800,11.49,D
sz300179,四方达,2025-10-13 10:15:30,11.5,48300,11.49,U
sz300179,四方达,2025-10-13 10:15:45,11.5,83000,11.52,D
sz300179,四方达,2025-10-13 10:15:48,11.51,20700,11.5,U
sz300179,四方达,2025-10-13 10:15:51,11.48,53600,11.51,D
sz300179,四方达,2025-10-13 10:15:54,11.5,34200,11.48,U
sz300179,四方达,2025-10-13 10:16:00,11.53,40400,11.51,U
sz300179,四方达,2025-10-13 10:16:09,11.53,37800,11.53,U
sz300179,四方达,2025-10-13 10:16:12,11.55,46300,11.53,U
sz300179,四方达,2025-10-13 10:16:15,11.65,40000,11.55,U
sz300179,四方达,2025-10-13 10:16:24,11.72,77125,11.61,U
sz300179,四方达,2025-10-13 10:16:33,11.72,31800,11.72,U
sz300179,四方达,2025-10-13 10:16:36,11.5,304875,11.72,D
sz300179,四方达,2025-10-13 10:16:39,11.5,56400,11.5,U
sz300179,四方达,2025-10-13 10:16:45,11.5,133400,11.5,U
sz300179,四方达,2025-10-13 10:16:48,11.5,94900,11.5,U
sz300179,四方达,2025-10-13 10:16:51,11.5,51400,11.5,U
sz300179,四方达,2025-10-13 10:16:54,11.5,26800,11.5,U
sz300179,四方达,2025-10-13 10:16:57,11.5,32300,11.5,U
sz300179,四方达,2025-10-13 10:17:00,11.5,63300,11.5,U
sz300179,四方达,2025-10-13 10:17:03,11.5,69700,11.5,U
sz300179,四方达,2025-10-13 10:17:06,11.5,120100,11.5,U
sz300179,四方达,2025-10-13 10:17:09,11.5,54800,11.5,U
sz300179,四方达,2025-10-13 10:17:12,11.5,182700,11.5,U
sz300179,四方达,2025-10-13 10:17:15,11.5,93900,11.5,U
sz300179,四方达,2025-10-13 10:17:18,11.5,118600,11.5,U
sz300179,四方达,2025-10-13 10:17:21,11.5,242700,11.5,U
sz300179,四方达,2025-10-13 10:17:24,11.5,43400,11.5,U
sz300179,四方达,2025-10-13 10:17:27,11.5,241000,11.5,U
sz300179,四方达,2025-10-13 10:17:30,11.5,78600,11.5,U
sz300179,四方达,2025-10-13 10:17:33,11.5,94700,11.5,U
sz300179,四方达,2025-10-13 10:17:36,11.5,53200,11.5,U
sz300179,四方达,2025-10-13 10:17:39,11.5,36600,11.5,U
sz300179,四方达,2025-10-13 10:17:42,11.5,30100,11.5,U
sz300179,四方达,2025-10-13 10:17:45,11.5,112700,11.5,U
sz300179,四方达,2025-10-13 10:17:48,11.5,35400,11.5,U
sz300179,四方达,2025-10-13 10:18:00,11.5,33400,11.5,U
sz300179,四方达,2025-10-13 10:18:06,11.5,20900,11.5,U
sz300179,四方达,2025-10-13 10:18:09,11.5,45500,11.5,U
sz300179,四方达,2025-10-13 10:18:12,11.5,63300,11.5,U
sz300179,四方达,2025-10-13 10:18:15,11.5,39700,11.5,U
sz300179,四方达,2025-10-13 10:18:21,11.5,36900,11.5,U
sz300179,四方达,2025-10-13 10:18:27,11.5,43100,11.5,U
sz300179,四方达,2025-10-13 10:18:30,11.5,74425,11.5,U
sz300179,四方达,2025-10-13 10:18:33,11.5,22475,11.5,D
sz300179,四方达,2025-10-13 10:18:36,11.5,28600,11.5,U
sz300179,四方达,2025-10-13 10:18:42,11.5,38100,11.5,U
sz300179,四方达,2025-10-13 10:18:54,11.5,17500,11.5,U
sz300179,四方达,2025-10-13 10:18:57,11.5,18200,11.5,U
sz300179,四方达,2025-10-13 10:19:03,11.5,47100,11.5,U
sz300179,四方达,2025-10-13 10:19:09,11.5,50400,11.5,U
sz300179,四方达,2025-10-13 10:19:12,11.5,78700,11.5,U
sz300179,四方达,2025-10-13 10:19:15,11.49,75500,11.5,D
sz300179,四方达,2025-10-13 10:19:39,11.5,44200,11.49,U
sz300179,四方达,2025-10-13 10:19:45,11.5,42200,11.5,U
sz300179,四方达,2025-10-13 10:20:06,11.5,24900,11.49,U
sz300179,四方达,2025-10-13 10:20:15,11.5,34800,11.5,U
sz300179,四方达,2025-10-13 10:20:18,11.5,26000,11.5,U
sz300179,四方达,2025-10-13 10:20:42,11.62,19100,11.57,U
sz300179,四方达,2025-10-13 10:20:45,11.57,31000,11.62,D
sz300179,四方达,2025-10-13 10:20:48,11.45,313775,11.57,D
sz300179,四方达,2025-10-13 10:20:51,11.45,18900,11.45,U
sz300179,四方达,2025-10-13 10:20:54,11.45,20700,11.45,U
sz300179,四方达,2025-10-13 10:20:57,11.45,245500,11.45,U
sz300179,四方达,2025-10-13 10:21:00,11.45,56200,11.45,U
sz300179,四方达,2025-10-13 10:21:03,11.45,18700,11.45,U
sz300179,四方达,2025-10-13 10:21:06,11.45,90400,11.45,U
sz300179,四方达,2025-10-13 10:21:09,11.45,26700,11.45,U
sz300179,四方达,2025-10-13 10:21:12,11.45,22000,11.45,U
sz300179,四方达,2025-10-13 10:21:15,11.45,31700,11.45,U
sz300179,四方达,2025-10-13 10:21:18,11.45,87200,11.45,U
sz300179,四方达,2025-10-13 10:21:21,11.45,130800,11.45,U
sz300179,四方达,2025-10-13 10:21:24,11.45,169300,11.45,U
sz300179,四方达,2025-10-13 10:21:27,11.45,41200,11.45,U
sz300179,四方达,2025-10-13 10:21:30,11.45,135300,11.45,U
sz300179,四方达,2025-10-13 10:21:33,11.45,111400,11.45,U
sz300179,四方达,2025-10-13 10:21:42,11.44,25100,11.45,D
sz300179,四方达,2025-10-13 10:21:45,11.45,36000,11.44,U
sz300179,四方达,2025-10-13 10:21:48,11.45,18100,11.45,U
sz300179,四方达,2025-10-13 10:21:54,11.44,61100,11.45,D
sz300179,四方达,2025-10-13 10:21:57,11.45,22200,11.44,U
sz300179,四方达,2025-10-13 10:22:00,11.45,67000,11.45,U
sz300179,四方达,2025-10-13 10:22:12,11.44,28800,11.45,D
sz300179,四方达,2025-10-13 10:22:18,11.45,57200,11.45,U
sz300179,四方达,2025-10-13 10:22:42,11.45,73300,11.44,U
sz300179,四方达,2025-10-13 10:22:57,11.45,37400,11.45,U
sz300179,四方达,2025-10-13 10:23:30,11.45,19200,11.45,U
sz300179,四方达,2025-10-13 10:23:33,11.45,19800,11.45,U
sz300179,四方达,2025-10-13 10:23:45,11.45,40400,11.45,U
sz300179,四方达,2025-10-13 10:23:48,11.54,40000,11.45,U
sz300179,四方达,2025-10-13 10:23:54,11.4,469400,11.45,D
sz300179,四方达,2025-10-13 10:24:06,11.4,44000,11.4,U
sz300179,四方达,2025-10-13 10:24:09,11.39,40100,11.4,D
sz300179,四方达,2025-10-13 10:24:24,11.39,36900,11.4,D
sz300179,四方达,2025-10-13 10:24:33,11.39,72300,11.4,D
sz300179,四方达,2025-10-13 10:24:42,11.4,21700,11.39,U
sz300179,四方达,2025-10-13 10:24:48,11.4,21100,11.39,U
sz300179,四方达,2025-10-13 10:24:54,11.4,18600,11.39,U
sz300179,四方达,2025-10-13 10:24:57,11.4,18400,11.4,U
sz300179,四方达,2025-10-13 10:25:00,11.4,40800,11.4,U
sz300179,四方达,2025-10-13 10:25:12,11.4,25400,11.4,U
sz300179,四方达,2025-10-13 10:25:45,11.39,34107,11.4,D
sz300179,四方达,2025-10-13 10:25:54,11.4,21407,11.4,U
sz300179,四方达,2025-10-13 10:26:00,11.4,20300,11.4,U
sz300179,四方达,2025-10-13 10:26:42,11.41,190969,11.42,D
sz300179,四方达,2025-10-13 10:27:15,11.37,41700,11.38,D
sz300179,四方达,2025-10-13 10:27:18,11.37,117700,11.37,U
sz300179,四方达,2025-10-13 10:27:33,11.35,45400,11.36,D
sz300179,四方达,2025-10-13 10:27:42,11.32,39100,11.34,D
sz300179,四方达,2025-10-13 10:27:48,11.31,80600,11.32,D
sz300179,四方达,2025-10-13 10:27:57,11.31,130800,11.31,D
sz300179,四方达,2025-10-13 10:28:03,11.3,29100,11.31,D
sz300179,四方达,2025-10-13 10:28:06,11.3,21800,11.3,D
sz300179,四方达,2025-10-13 10:28:48,11.39,29300,11.39,D
sz300179,四方达,2025-10-13 10:29:51,11.39,55500,11.41,D
sz300179,四方达,2025-10-13 10:30:09,11.42,80400,11.38,U
sz300179,四方达,2025-10-13 10:30:12,11.38,23800,11.42,D
sz300179,四方达,2025-10-13 10:31:00,11.4,20100,11.4,D
sz300179,四方达,2025-10-13 10:31:06,11.39,18400,11.4,D
sz300179,四方达,2025-10-13 10:32:48,11.39,22000,11.39,D
sz300179,四方达,2025-10-13 10:33:09,11.39,50500,11.39,U
sz300179,四方达,2025-10-13 10:33:12,11.42,40600,11.39,U
sz300179,四方达,2025-10-13 10:34:30,11.45,18900,11.45,D
sz300179,四方达,2025-10-13 10:37:54,11.4,23400,11.4,D
sz300179,四方达,2025-10-13 10:39:03,11.44,19900,11.44,D
sz300179,四方达,2025-10-13 10:39:15,11.46,24300,11.45,U
sz300179,四方达,2025-10-13 10:40:24,11.48,66300,11.5,D
sz300179,四方达,2025-10-13 10:40:48,11.47,17700,11.47,D
sz300179,四方达,2025-10-13 10:40:57,11.46,32000,11.48,D
sz300179,四方达,2025-10-13 10:42:27,11.46,21900,11.48,D
sz300179,四方达,2025-10-13 10:45:36,11.47,19400,11.47,U
sz300179,四方达,2025-10-13 10:47:03,11.45,22100,11.45,D
sz300179,四方达,2025-10-13 10:48:06,11.46,25400,11.45,U
sz300179,四方达,2025-10-13 10:50:03,11.43,137300,11.45,D
sz300179,四方达,2025-10-13 10:50:15,11.42,20301,11.42,D
sz300179,四方达,2025-10-13 10:50:18,11.41,19600,11.42,D
sz300179,四方达,2025-10-13 10:50:21,11.41,51100,11.41,D
sz300179,四方达,2025-10-13 10:51:39,11.4,93500,11.41,D
sz300179,四方达,2025-10-13 10:52:45,11.4,45000,11.4,U
sz300179,四方达,2025-10-13 10:54:24,11.4,23200,11.4,U
sz300179,四方达,2025-10-13 10:54:27,11.4,19600,11.4,U
sz300179,四方达,2025-10-13 10:54:36,11.4,27400,11.39,U
sz300179,四方达,2025-10-13 10:54:51,11.4,28400,11.39,U
sz300179,四方达,2025-10-13 10:55:42,11.47,25300,11.47,U
sz300179,四方达,2025-10-13 10:56:12,11.48,30500,11.47,U
sz300179,四方达,2025-10-13 10:56:21,11.55,102000,11.47,U
sz300179,四方达,2025-10-13 10:56:27,11.58,27900,11.55,U
sz300179,四方达,2025-10-13 10:56:45,11.58,45000,11.59,E
sz300179,四方达,2025-10-13 10:56:48,11.58,708000,11.58,U
sz300179,四方达,2025-10-13 10:56:51,11.51,372500,11.58,E
sz300179,四方达,2025-10-13 10:56:54,11.57,185000,11.51,U
sz300179,四方达,2025-10-13 10:56:57,11.56,21500,11.57,E
sz300179,四方达,2025-10-13 10:57:09,11.48,25100,11.54,D
sz300179,四方达,2025-10-13 10:57:15,11.47,25100,11.48,D
sz300179,四方达,2025-10-13 10:57:18,11.56,37000,11.47,U
sz300179,四方达,2025-10-13 10:57:21,11.55,45600,11.56,D
sz300179,四方达,2025-10-13 10:57:24,11.55,22700,11.55,U
sz300179,四方达,2025-10-13 10:57:42,11.58,104500,11.55,U
sz300179,四方达,2025-10-13 10:57:51,11.56,21500,11.58,D
sz300179,四方达,2025-10-13 10:57:54,11.55,62700,11.56,D
sz300179,四方达,2025-10-13 10:58:09,11.55,60900,11.55,U
sz300179,四方达,2025-10-13 10:58:12,11.54,17700,11.55,D
sz300179,四方达,2025-10-13 10:58:21,11.55,22900,11.54,U
sz300179,四方达,2025-10-13 10:58:27,11.55,39500,11.55,U
sz300179,四方达,2025-10-13 10:58:30,11.55,18800,11.55,U
sz300179,四方达,2025-10-13 10:58:33,11.55,45100,11.55,U
sz300179,四方达,2025-10-13 10:58:39,11.53,53200,11.54,D
sz300179,四方达,2025-10-13 10:59:03,11.58,20400,11.54,U
sz300179,四方达,2025-10-13 10:59:15,11.59,25600,11.58,U
sz300179,四方达,2025-10-13 10:59:21,11.59,20000,11.58,U
sz300179,四方达,2025-10-13 10:59:30,11.6,44000,11.6,U
sz300179,四方达,2025-10-13 10:59:33,11.61,38600,11.6,U
sz300179,四方达,2025-10-13 10:59:48,11.63,38600,11.63,U
sz300179,四方达,2025-10-13 10:59:51,11.64,73500,11.63,U
sz300179,四方达,2025-10-13 10:59:54,11.63,65900,11.64,E
sz300179,四方达,2025-10-13 10:59:57,11.64,66400,11.63,U
sz300179,四方达,2025-10-13 11:00:00,11.63,90700,11.64,D
sz300179,四方达,2025-10-13 11:00:03,11.62,51200,11.63,D
sz300179,四方达,2025-10-13 11:00:06,11.64,26700,11.62,U
sz300179,四方达,2025-10-13 11:00:09,11.6,44500,11.64,D
sz300179,四方达,2025-10-13 11:00:30,11.62,34200,11.62,D
sz300179,四方达,2025-10-13 11:00:42,11.63,24700,11.62,U
sz300179,四方达,2025-10-13 11:00:48,11.62,18000,11.63,D
sz300179,四方达,2025-10-13 11:01:00,11.6,21700,11.62,D
sz300179,四方达,2025-10-13 11:01:03,11.6,21700,11.6,U
sz300179,四方达,2025-10-13 11:01:54,11.59,23300,11.6,D
sz300179,四方达,2025-10-13 11:02:18,11.57,32100,11.6,D
sz300179,四方达,2025-10-13 11:02:27,11.58,30200,11.58,U
sz300179,四方达,2025-10-13 11:03:03,11.59,27600,11.58,U
sz300179,四方达,2025-10-13 11:03:06,11.6,21100,11.59,U
sz300179,四方达,2025-10-13 11:03:21,11.6,21200,11.6,U
sz300179,四方达,2025-10-13 11:03:24,11.61,27900,11.6,U
sz300179,四方达,2025-10-13 11:03:27,11.6,29200,11.61,D
sz300179,四方达,2025-10-13 11:03:30,11.61,47100,11.6,U
sz300179,四方达,2025-10-13 11:03:33,11.61,24000,11.61,U
sz300179,四方达,2025-10-13 11:03:36,11.62,18500,11.61,U
sz300179,四方达,2025-10-13 11:03:48,11.63,31900,11.62,U
sz300179,四方达,2025-10-13 11:03:57,11.63,19800,11.63,D
sz300179,四方达,2025-10-13 11:04:00,11.64,19700,11.63,U
sz300179,四方达,2025-10-13 11:04:24,11.65,32200,11.65,D
sz300179,四方达,2025-10-13 11:04:27,11.62,57700,11.65,D
sz300179,四方达,2025-10-13 11:04:30,11.63,20800,11.62,U
sz300179,四方达,2025-10-13 11:05:24,11.59,41800,11.6,E
sz300179,四方达,2025-10-13 11:05:36,11.61,18800,11.58,U
sz300179,四方达,2025-10-13 11:06:36,11.57,25700,11.57,D
sz300179,四方达,2025-10-13 11:06:48,11.55,95600,11.6,D
sz300179,四方达,2025-10-13 11:06:51,11.6,31700,11.55,U
sz300179,四方达,2025-10-13 11:07:30,11.58,38600,11.57,E
sz300179,四方达,2025-10-13 11:07:39,11.59,19300,11.58,U
sz300179,四方达,2025-10-13 11:08:30,11.61,19900,11.63,D
sz300179,四方达,2025-10-13 11:09:18,11.57,23500,11.61,D
sz300179,四方达,2025-10-13 11:09:21,11.63,29700,11.57,U
sz300179,四方达,2025-10-13 11:09:27,11.55,45700,11.58,D
sz300179,四方达,2025-10-13 11:10:36,11.62,31000,11.61,U
sz300179,四方达,2025-10-13 11:10:45,11.61,44800,11.63,D
sz300179,四方达,2025-10-13 11:11:12,11.66,39000,11.64,U
sz300179,四方达,2025-10-13 11:11:15,11.64,72000,11.66,D
sz300179,四方达,2025-10-13 11:11:21,11.57,37300,11.64,D
sz300179,四方达,2025-10-13 11:11:30,11.64,66700,11.64,U
sz300179,四方达,2025-10-13 11:11:33,11.63,29200,11.64,E
sz300179,四方达,2025-10-13 11:11:42,11.63,56700,11.64,U
sz300179,四方达,2025-10-13 11:12:06,11.63,33300,11.6,U
sz300179,四方达,2025-10-13 11:12:09,11.64,17600,11.63,U
sz300179,四方达,2025-10-13 11:13:09,11.63,19389,11.62,U
sz300179,四方达,2025-10-13 11:13:18,11.64,115800,11.62,U
sz300179,四方达,2025-10-13 11:13:24,11.65,25211,11.64,U
sz300179,四方达,2025-10-13 11:13:27,11.62,30100,11.65,E
sz300179,四方达,2025-10-13 11:13:36,11.62,42400,11.62,U
sz300179,四方达,2025-10-13 11:14:00,11.66,23400,11.66,U
sz300179,四方达,2025-10-13 11:14:06,11.67,65000,11.66,U
sz300179,四方达,2025-10-13 11:14:15,11.69,22200,11.67,U
sz300179,四方达,2025-10-13 11:14:18,11.69,97300,11.69,U
sz300179,四方达,2025-10-13 11:14:21,11.69,17200,11.69,U
sz300179,四方达,2025-10-13 11:14:30,11.71,24700,11.7,U
sz300179,四方达,2025-10-13 11:14:39,11.71,66800,11.72,D
sz300179,四方达,2025-10-13 11:14:45,11.73,45700,11.73,U
sz300179,四方达,2025-10-13 11:14:48,11.7,62900,11.73,D
sz300179,四方达,2025-10-13 11:14:51,11.7,20600,11.7,D
sz300179,四方达,2025-10-13 11:15:00,11.69,33900,11.69,U
sz300179,四方达,2025-10-13 11:15:24,11.63,35500,11.64,U
sz300179,四方达,2025-10-13 11:15:57,11.63,49500,11.65,D
sz300179,四方达,2025-10-13 11:16:03,11.6,88800,11.66,D
sz300179,四方达,2025-10-13 11:16:06,11.63,64500,11.6,D
sz300179,四方达,2025-10-13 11:16:12,11.66,30100,11.63,U
sz300179,四方达,2025-10-13 11:16:21,11.66,41300,11.65,D
sz300179,四方达,2025-10-13 11:16:27,11.67,18100,11.66,U
sz300179,四方达,2025-10-13 11:16:45,11.67,32900,11.67,U
sz300179,四方达,2025-10-13 11:16:54,11.67,109100,11.68,D
sz300179,四方达,2025-10-13 11:16:57,11.67,18700,11.67,U
sz300179,四方达,2025-10-13 11:17:03,11.68,24400,11.68,U
sz300179,四方达,2025-10-13 11:17:09,11.69,20900,11.68,U
sz300179,四方达,2025-10-13 11:17:24,11.72,87400,11.7,U
sz300179,四方达,2025-10-13 11:17:36,11.73,23200,11.72,U
sz300179,四方达,2025-10-13 11:17:45,11.72,33300,11.72,U
sz300179,四方达,2025-10-13 11:17:48,11.72,41400,11.72,U
sz300179,四方达,2025-10-13 11:17:54,11.72,28400,11.72,U
sz300179,四方达,2025-10-13 11:18:09,11.73,27400,11.73,U
sz300179,四方达,2025-10-13 11:18:18,11.73,24600,11.72,U
sz300179,四方达,2025-10-13 11:18:21,11.73,148900,11.73,D
sz300179,四方达,2025-10-13 11:18:30,11.73,30800,11.72,U
sz300179,四方达,2025-10-13 11:18:33,11.73,44600,11.73,D
sz300179,四方达,2025-10-13 11:18:42,11.73,27400,11.73,U
sz300179,四方达,2025-10-13 11:18:45,11.7,18900,11.73,D
sz300179,四方达,2025-10-13 11:19:21,11.72,22600,11.72,U
sz300179,四方达,2025-10-13 11:19:36,11.71,26500,11.72,D
sz300179,四方达,2025-10-13 11:19:45,11.71,30500,11.72,D
sz300179,四方达,2025-10-13 11:19:51,11.71,94600,11.71,D
sz300179,四方达,2025-10-13 11:20:00,11.7,68500,11.7,U
sz300179,四方达,2025-10-13 11:20:30,11.67,24600,11.69,D
sz300179,四方达,2025-10-13 11:20:36,11.68,20100,11.67,D
sz300179,四方达,2025-10-13 11:20:51,11.69,26600,11.69,U
sz300179,四方达,2025-10-13 11:21:03,11.67,67700,11.68,D
sz300179,四方达,2025-10-13 11:21:39,11.65,40600,11.64,U
sz300179,四方达,2025-10-13 11:21:57,11.59,21100,11.63,D
sz300179,四方达,2025-10-13 11:22:54,11.6,17500,11.59,U
sz300179,四方达,2025-10-13 11:25:00,11.59,42000,11.59,U
sz300179,四方达,2025-10-13 11:25:39,11.58,21900,11.58,D
sz300179,四方达,2025-10-13 11:25:54,11.6,20100,11.58,U
sz300179,四方达,2025-10-13 11:26:30,11.6,50000,11.59,E
sz300179,四方达,2025-10-13 11:26:57,11.6,26800,11.6,U
sz300179,四方达,2025-10-13 11:27:18,11.62,37200,11.61,U
sz300179,四方达,2025-10-13 11:27:48,11.63,32600,11.62,U
sz300179,四方达,2025-10-13 11:28:45,11.66,100900,11.6,U
sz300179,四方达,2025-10-13 11:29:30,11.65,47000,11.63,U
sz300179,四方达,2025-10-13 13:00:00,11.65,62299,11.62,E
sz300179,四方达,2025-10-13 13:00:03,11.66,92400,11.65,E
sz300179,四方达,2025-10-13 13:00:12,11.63,18900,11.65,D
sz300179,四方达,2025-10-13 13:00:15,11.62,21901,11.63,D
sz300179,四方达,2025-10-13 13:00:18,11.59,137100,11.62,D
sz300179,四方达,2025-10-13 13:00:21,11.61,58700,11.59,U
sz300179,四方达,2025-10-13 13:00:24,11.59,33800,11.61,D
sz300179,四方达,2025-10-13 13:00:48,11.57,25900,11.57,D
sz300179,四方达,2025-10-13 13:00:54,11.58,21900,11.58,U
sz300179,四方达,2025-10-13 13:01:03,11.57,18800,11.58,D
sz300179,四方达,2025-10-13 13:01:06,11.58,23700,11.57,U
sz300179,四方达,2025-10-13 13:01:09,11.58,24400,11.58,D
sz300179,四方达,2025-10-13 13:03:03,11.55,35200,11.57,D
sz300179,四方达,2025-10-13 13:03:15,11.6,20000,11.55,U
sz300179,四方达,2025-10-13 13:03:27,11.55,19600,11.55,D
sz300179,四方达,2025-10-13 13:04:30,11.6,45200,11.58,U
sz300179,四方达,2025-10-13 13:05:21,11.59,20500,11.6,D
sz300179,四方达,2025-10-13 13:06:36,11.62,41900,11.63,D
sz300179,四方达,2025-10-13 13:06:51,11.62,26700,11.62,U
sz300179,四方达,2025-10-13 13:06:57,11.64,69200,11.62,U
sz300179,四方达,2025-10-13 13:07:03,11.65,39500,11.62,U
sz300179,四方达,2025-10-13 13:07:33,11.7,43100,11.7,U
sz300179,四方达,2025-10-13 13:07:39,11.7,21000,11.7,U
sz300179,四方达,2025-10-13 13:07:48,11.73,25500,11.71,U
sz300179,四方达,2025-10-13 13:07:54,11.71,33100,11.73,D
sz300179,四方达,2025-10-13 13:08:21,11.72,40000,11.73,D
sz300179,四方达,2025-10-13 13:08:33,11.74,23100,11.73,U
sz300179,四方达,2025-10-13 13:08:51,11.71,37500,11.72,E
sz300179,四方达,2025-10-13 13:09:00,11.69,31700,11.69,D
sz300179,四方达,2025-10-13 13:10:00,11.67,34000,11.67,U
sz300179,四方达,2025-10-13 13:11:03,11.72,18200,11.72,U
sz300179,四方达,2025-10-13 13:11:06,11.72,28100,11.72,U
sz300179,四方达,2025-10-13 13:11:09,11.72,62700,11.72,U
sz300179,四方达,2025-10-13 13:11:33,11.72,18700,11.72,U
sz300179,四方达,2025-10-13 13:11:36,11.75,112600,11.72,U
sz300179,四方达,2025-10-13 13:11:51,11.76,17800,11.76,U
sz300179,四方达,2025-10-13 13:11:54,11.75,32100,11.76,D
sz300179,四方达,2025-10-13 13:12:00,11.75,48300,11.76,D
sz300179,四方达,2025-10-13 13:12:03,11.76,33400,11.75,U
sz300179,四方达,2025-10-13 13:12:06,11.75,27600,11.76,D
sz300179,四方达,2025-10-13 13:12:30,11.75,23800,11.74,U
sz300179,四方达,2025-10-13 13:12:54,11.73,46600,11.73,D
sz300179,四方达,2025-10-13 13:13:45,11.72,51500,11.72,U
sz300179,四方达,2025-10-13 13:14:36,11.75,102200,11.7,U
sz300179,四方达,2025-10-13 13:14:57,11.76,52300,11.76,U
sz300179,四方达,2025-10-13 13:15:09,11.77,19900,11.77,U
sz300179,四方达,2025-10-13 13:15:15,11.78,31800,11.76,U
sz300179,四方达,2025-10-13 13:15:21,11.77,24100,11.79,D
sz300179,四方达,2025-10-13 13:15:24,11.79,43500,11.77,U
sz300179,四方达,2025-10-13 13:15:30,11.8,54700,11.8,U
sz300179,四方达,2025-10-13 13:15:33,11.8,40200,11.8,U
sz300179,四方达,2025-10-13 13:15:39,11.81,60600,11.81,U
sz300179,四方达,2025-10-13 13:15:42,11.81,67600,11.81,U
sz300179,四方达,2025-10-13 13:15:45,11.8,22900,11.81,E
sz300179,四方达,2025-10-13 13:15:48,11.77,43900,11.8,D
sz300179,四方达,2025-10-13 13:16:12,11.75,44500,11.77,D
sz300179,四方达,2025-10-13 13:16:15,11.77,23100,11.75,U
sz300179,四方达,2025-10-13 13:16:24,11.75,18200,11.76,D
sz300179,四方达,2025-10-13 13:16:27,11.76,22800,11.75,U
sz300179,四方达,2025-10-13 13:16:42,11.76,24300,11.76,U
sz300179,四方达,2025-10-13 13:17:03,11.77,75500,11.75,U
sz300179,四方达,2025-10-13 13:17:27,11.73,29000,11.74,D
sz300179,四方达,2025-10-13 13:17:54,11.7,54600,11.75,D
sz300179,四方达,2025-10-13 13:18:18,11.71,17800,11.71,D
sz300179,四方达,2025-10-13 13:18:24,11.71,29900,11.71,D
sz300179,四方达,2025-10-13 13:18:30,11.71,45900,11.71,U
sz300179,四方达,2025-10-13 13:19:12,11.72,21700,11.7,U
sz300179,四方达,2025-10-13 13:19:45,11.72,32200,11.72,U
sz300179,四方达,2025-10-13 13:20:09,11.73,25300,11.72,U
sz300179,四方达,2025-10-13 13:20:36,11.73,19800,11.71,U
sz300179,四方达,2025-10-13 13:21:06,11.7,72200,11.73,D
sz300179,四方达,2025-10-13 13:21:30,11.72,60400,11.7,U
sz300179,四方达,2025-10-13 13:22:42,11.7,20000,11.72,D
sz300179,四方达,2025-10-13 13:23:24,11.71,20700,11.71,D
sz300179,四方达,2025-10-13 13:23:42,11.7,29900,11.71,D
sz300179,四方达,2025-10-13 13:24:00,11.7,53800,11.7,D
sz300179,四方达,2025-10-13 13:26:30,11.68,20000,11.7,D
sz300179,四方达,2025-10-13 13:26:51,11.69,21100,11.69,U
sz300179,四方达,2025-10-13 13:30:30,11.67,64900,11.68,D
sz300179,四方达,2025-10-13 13:30:36,11.66,20000,11.66,D
sz300179,四方达,2025-10-13 13:30:39,11.65,32300,11.66,D
sz300179,四方达,2025-10-13 13:30:48,11.65,37900,11.65,D
sz300179,四方达,2025-10-13 13:30:54,11.65,89900,11.66,D
sz300179,四方达,2025-10-13 13:31:30,11.61,23800,11.61,D
sz300179,四方达,2025-10-13 13:31:42,11.61,30900,11.61,U
sz300179,四方达,2025-10-13 13:35:15,11.63,39800,11.65,D
sz300179,四方达,2025-10-13 13:37:27,11.66,22800,11.65,U
sz300179,四方达,2025-10-13 13:37:42,11.68,17500,11.67,U
sz300179,四方达,2025-10-13 13:38:00,11.63,19800,11.68,D
sz300179,四方达,2025-10-13 13:38:30,11.62,29700,11.66,D
sz300179,四方达,2025-10-13 13:38:33,11.66,27900,11.62,U
sz300179,四方达,2025-10-13 13:39:03,11.61,18900,11.65,D
sz300179,四方达,2025-10-13 13:41:09,11.61,35000,11.62,D
sz300179,四方达,2025-10-13 13:41:24,11.66,47800,11.62,U
sz300179,四方达,2025-10-13 13:42:42,11.7,22800,11.68,U
sz300179,四方达,2025-10-13 13:42:48,11.7,25600,11.69,U
sz300179,四方达,2025-10-13 13:45:54,11.64,25300,11.65,D
sz300179,四方达,2025-10-13 13:46:03,11.64,22200,11.67,D
sz300179,四方达,2025-10-13 13:46:21,11.61,167200,11.65,D
sz300179,四方达,2025-10-13 13:47:12,11.6,39300,11.61,D
sz300179,四方达,2025-10-13 13:47:15,11.59,29500,11.6,D
sz300179,四方达,2025-10-13 13:48:57,11.59,28200,11.59,D
sz300179,四方达,2025-10-13 13:51:33,11.64,19100,11.64,U
sz300179,四方达,2025-10-13 13:51:45,11.63,30400,11.64,D
sz300179,四方达,2025-10-13 13:51:48,11.62,19000,11.63,D
sz300179,四方达,2025-10-13 13:52:00,11.63,21800,11.63,D
sz300179,四方达,2025-10-13 13:52:03,11.63,32000,11.63,D
sz300179,四方达,2025-10-13 13:52:06,11.63,45800,11.63,D
sz300179,四方达,2025-10-13 13:52:21,11.68,94595,11.63,U
sz300179,四方达,2025-10-13 13:52:36,11.69,37300,11.69,U
sz300179,四方达,2025-10-13 13:52:45,11.7,39600,11.69,U
sz300179,四方达,2025-10-13 13:52:57,11.7,20700,11.7,E
sz300179,四方达,2025-10-13 13:53:06,11.69,39000,11.71,D
sz300179,四方达,2025-10-13 13:53:12,11.69,24700,11.69,D
sz300179,四方达,2025-10-13 13:53:15,11.69,95500,11.69,U
sz300179,四方达,2025-10-13 13:53:45,11.68,69500,11.69,D
sz300179,四方达,2025-10-13 13:53:54,11.64,18800,11.68,E
sz300179,四方达,2025-10-13 13:53:57,11.68,24900,11.64,U
sz300179,四方达,2025-10-13 13:54:03,11.68,36000,11.68,U
sz300179,四方达,2025-10-13 13:55:18,11.63,33000,11.63,U
sz300179,四方达,2025-10-13 13:55:51,11.69,20600,11.66,U
sz300179,四方达,2025-10-13 13:55:57,11.69,30000,11.69,U
sz300179,四方达,2025-10-13 13:56:54,11.63,42600,11.63,D
sz300179,四方达,2025-10-13 13:57:00,11.67,34500,11.63,U
sz300179,四方达,2025-10-13 13:57:06,11.69,35100,11.67,U
sz300179,四方达,2025-10-13 13:57:15,11.69,37800,11.63,U
sz300179,四方达,2025-10-13 13:57:45,11.7,25500,11.7,U
sz300179,四方达,2025-10-13 13:58:57,11.69,32800,11.68,U
sz300179,四方达,2025-10-13 14:00:54,11.69,18800,11.69,D
sz300179,四方达,2025-10-13 14:01:36,11.68,17400,11.68,D
sz300179,四方达,2025-10-13 14:02:39,11.66,28500,11.66,D
sz300179,四方达,2025-10-13 14:04:42,11.67,49000,11.64,U
sz300179,四方达,2025-10-13 14:05:21,11.69,28000,11.69,D
sz300179,四方达,2025-10-13 14:06:03,11.7,21900,11.7,U
sz300179,四方达,2025-10-13 14:06:12,11.69,50500,11.7,D
sz300179,四方达,2025-10-13 14:06:18,11.68,24300,11.69,D
sz300179,四方达,2025-10-13 14:06:33,11.69,22100,11.68,U
sz300179,四方达,2025-10-13 14:06:36,11.63,17800,11.69,D
sz300179,四方达,2025-10-13 14:06:48,11.7,22200,11.69,U
sz300179,四方达,2025-10-13 14:07:24,11.69,38300,11.66,U
sz300179,四方达,2025-10-13 14:07:48,11.69,19400,11.7,D
sz300179,四方达,2025-10-13 14:08:03,11.69,18700,11.69,D
sz300179,四方达,2025-10-13 14:08:51,11.6,180700,11.69,D
sz300179,四方达,2025-10-13 14:12:27,11.63,47000,11.65,D
sz300179,四方达,2025-10-13 14:14:27,11.66,17600,11.66,U
sz300179,四方达,2025-10-13 14:16:03,11.64,40600,11.66,D
sz300179,四方达,2025-10-13 14:16:39,11.62,54700,11.67,D
sz300179,四方达,2025-10-13 14:16:48,11.6,146400,11.63,D
sz300179,四方达,2025-10-13 14:16:51,11.6,148100,11.6,D
sz300179,四方达,2025-10-13 14:17:18,11.61,60100,11.6,U
sz300179,四方达,2025-10-13 14:17:21,11.59,17600,11.61,D
sz300179,四方达,2025-10-13 14:18:42,11.65,19700,11.63,U
sz300179,四方达,2025-10-13 14:19:33,11.63,52700,11.65,D
sz300179,四方达,2025-10-13 14:20:12,11.63,20100,11.63,U
sz300179,四方达,2025-10-13 14:20:33,11.65,36900,11.65,D
sz300179,四方达,2025-10-13 14:21:12,11.68,23100,11.68,U
sz300179,四方达,2025-10-13 14:21:27,11.67,31100,11.68,E
sz300179,四方达,2025-10-13 14:23:03,11.67,68800,11.67,D
sz300179,四方达,2025-10-13 14:24:12,11.67,20200,11.67,D
sz300179,四方达,2025-10-13 14:24:36,11.68,17500,11.66,U
sz300179,四方达,2025-10-13 14:26:48,11.68,28500,11.69,D
sz300179,四方达,2025-10-13 14:27:30,11.7,25500,11.69,U
sz300179,四方达,2025-10-13 14:27:36,11.68,62200,11.7,D
sz300179,四方达,2025-10-13 14:28:06,11.69,21500,11.7,D
sz300179,四方达,2025-10-13 14:28:09,11.72,111100,11.69,U
sz300179,四方达,2025-10-13 14:28:12,11.72,38700,11.72,D
sz300179,四方达,2025-10-13 14:28:15,11.74,23500,11.72,U
sz300179,四方达,2025-10-13 14:28:18,11.74,30300,11.74,U
sz300179,四方达,2025-10-13 14:28:36,11.72,19700,11.72,U
sz300179,四方达,2025-10-13 14:29:48,11.7,20600,11.71,D
sz300179,四方达,2025-10-13 14:30:48,11.69,31500,11.69,D
sz300179,四方达,2025-10-13 14:32:03,11.69,29600,11.68,U
sz300179,四方达,2025-10-13 14:32:09,11.68,21200,11.69,D
sz300179,四方达,2025-10-13 14:32:18,11.69,18900,11.69,U
sz300179,四方达,2025-10-13 14:32:48,11.69,37500,11.68,U
sz300179,四方达,2025-10-13 14:33:18,11.69,23500,11.68,U
sz300179,四方达,2025-10-13 14:33:39,11.7,99300,11.69,U
sz300179,四方达,2025-10-13 14:33:42,11.71,27500,11.7,U
sz300179,四方达,2025-10-13 14:33:45,11.69,99300,11.71,D
sz300179,四方达,2025-10-13 14:34:18,11.71,24600,11.7,U
sz300179,四方达,2025-10-13 14:34:24,11.71,20100,11.7,U
sz300179,四方达,2025-10-13 14:34:48,11.71,23800,11.7,U
sz300179,四方达,2025-10-13 14:35:03,11.72,26700,11.71,U
sz300179,四方达,2025-10-13 14:35:18,11.71,24900,11.71,D
sz300179,四方达,2025-10-13 14:35:48,11.7,23900,11.71,D
sz300179,四方达,2025-10-13 14:36:48,11.71,114389,11.71,U
sz300179,四方达,2025-10-13 14:36:51,11.7,23211,11.71,D
sz300179,四方达,2025-10-13 14:37:00,11.68,21800,11.69,D
sz300179,四方达,2025-10-13 14:37:03,11.68,66400,11.68,D
sz300179,四方达,2025-10-13 14:37:06,11.68,27600,11.68,D
sz300179,四方达,2025-10-13 14:37:18,11.68,19600,11.68,D
sz300179,四方达,2025-10-13 14:38:03,11.69,20700,11.68,U
sz300179,四方达,2025-10-13 14:38:15,11.69,17400,11.68,U
sz300179,四方达,2025-10-13 14:38:24,11.69,26800,11.7,D
sz300179,四方达,2025-10-13 14:38:33,11.68,32600,11.69,D
sz300179,四方达,2025-10-13 14:39:39,11.67,20100,11.68,D
sz300179,四方达,2025-10-13 14:42:00,11.66,28900,11.67,D
sz300179,四方达,2025-10-13 14:42:09,11.65,42400,11.66,D
sz300179,四方达,2025-10-13 14:42:12,11.65,19700,11.65,D
sz300179,四方达,2025-10-13 14:42:18,11.65,18900,11.65,U
sz300179,四方达,2025-10-13 14:42:36,11.63,29100,11.62,U
sz300179,四方达,2025-10-13 14:43:21,11.63,30200,11.63,D
sz300179,四方达,2025-10-13 14:43:48,11.62,23200,11.62,D
sz300179,四方达,2025-10-13 14:43:57,11.63,21400,11.63,U
sz300179,四方达,2025-10-13 14:44:03,11.63,17200,11.62,U
sz300179,四方达,2025-10-13 14:44:18,11.64,48900,11.63,U
sz300179,四方达,2025-10-13 14:45:12,11.65,42400,11.63,U
sz300179,四方达,2025-10-13 14:45:18,11.63,25400,11.65,D
sz300179,四方达,2025-10-13 14:46:03,11.65,29900,11.65,D
sz300179,四方达,2025-10-13 14:46:15,11.65,53500,11.64,U
sz300179,四方达,2025-10-13 14:46:18,11.64,25400,11.65,E
sz300179,四方达,2025-10-13 14:46:30,11.64,28800,11.64,U
sz300179,四方达,2025-10-13 14:46:48,11.64,23800,11.65,D
sz300179,四方达,2025-10-13 14:46:51,11.65,45600,11.64,U
sz300179,四方达,2025-10-13 14:47:51,11.65,21800,11.65,U
sz300179,四方达,2025-10-13 14:48:09,11.65,18600,11.65,D
sz300179,四方达,2025-10-13 14:48:12,11.64,48900,11.65,D
sz300179,四方达,2025-10-13 14:48:18,11.65,28500,11.64,E
sz300179,四方达,2025-10-13 14:48:36,11.66,40400,11.64,U
sz300179,四方达,2025-10-13 14:49:03,11.65,37500,11.64,U
sz300179,四方达,2025-10-13 14:49:09,11.64,28700,11.64,D
sz300179,四方达,2025-10-13 14:49:18,11.65,31900,11.64,U
sz300179,四方达,2025-10-13 14:49:21,11.65,19300,11.65,D
sz300179,四方达,2025-10-13 14:50:06,11.65,26200,11.64,U
sz300179,四方达,2025-10-13 14:50:18,11.64,20500,11.65,D
sz300179,四方达,2025-10-13 14:50:45,11.64,21000,11.64,D
sz300179,四方达,2025-10-13 14:50:48,11.64,26500,11.64,D
sz300179,四方达,2025-10-13 14:50:51,11.64,18000,11.64,D
sz300179,四方达,2025-10-13 14:50:57,11.62,238700,11.64,D
sz300179,四方达,2025-10-13 14:51:09,11.62,101900,11.62,U
sz300179,四方达,2025-10-13 14:51:12,11.6,22000,11.62,D
sz300179,四方达,2025-10-13 14:51:18,11.61,24000,11.61,D
sz300179,四方达,2025-10-13 14:51:27,11.62,19900,11.61,U
sz300179,四方达,2025-10-13 14:51:36,11.6,37900,11.61,D
sz300179,四方达,2025-10-13 14:51:39,11.6,45200,11.6,D
sz300179,四方达,2025-10-13 14:51:42,11.6,31100,11.6,D
sz300179,四方达,2025-10-13 14:51:48,11.59,26600,11.6,D
sz300179,四方达,2025-10-13 14:51:54,11.58,29200,11.58,D
sz300179,四方达,2025-10-13 14:52:03,11.57,27200,11.58,D
sz300179,四方达,2025-10-13 14:52:06,11.58,33800,11.57,U
sz300179,四方达,2025-10-13 14:52:09,11.58,54200,11.58,U
sz300179,四方达,2025-10-13 14:52:12,11.58,26600,11.58,D
sz300179,四方达,2025-10-13 14:52:15,11.58,17800,11.58,D
sz300179,四方达,2025-10-13 14:52:18,11.59,40200,11.58,U
sz300179,四方达,2025-10-13 14:52:24,11.6,17600,11.58,U
sz300179,四方达,2025-10-13 14:52:36,11.58,44300,11.58,U
sz300179,四方达,2025-10-13 14:52:42,11.58,19400,11.58,U
sz300179,四方达,2025-10-13 14:52:48,11.58,41600,11.58,U
sz300179,四方达,2025-10-13 14:52:54,11.58,21800,11.58,U
sz300179,四方达,2025-10-13 14:52:57,11.58,57500,11.58,U
sz300179,四方达,2025-10-13 14:53:00,11.58,18800,11.58,D
sz300179,四方达,2025-10-13 14:53:03,11.58,26700,11.58,D
sz300179,四方达,2025-10-13 14:53:09,11.57,27000,11.58,D
sz300179,四方达,2025-10-13 14:53:18,11.58,26700,11.58,U
sz300179,四方达,2025-10-13 14:53:21,11.58,22100,11.58,U
sz300179,四方达,2025-10-13 14:53:24,11.57,25200,11.58,D
sz300179,四方达,2025-10-13 14:53:27,11.58,26200,11.57,U
sz300179,四方达,2025-10-13 14:53:45,11.58,18500,11.58,U
sz300179,四方达,2025-10-13 14:53:48,11.58,20100,11.58,U
sz300179,四方达,2025-10-13 14:53:51,11.58,22900,11.58,U
sz300179,四方达,2025-10-13 14:53:54,11.59,19800,11.58,U
sz300179,四方达,2025-10-13 14:54:00,11.58,62500,11.58,U
sz300179,四方达,2025-10-13 14:54:03,11.59,20100,11.58,U
sz300179,四方达,2025-10-13 14:54:09,11.59,25600,11.58,U
sz300179,四方达,2025-10-13 14:54:15,11.58,31100,11.58,U
sz300179,四方达,2025-10-13 14:54:24,11.58,17300,11.58,U
sz300179,四方达,2025-10-13 14:54:30,11.58,37900,11.58,U
sz300179,四方达,2025-10-13 14:54:33,11.58,19100,11.58,U
sz300179,四方达,2025-10-13 14:54:36,11.58,28400,11.58,D
sz300179,四方达,2025-10-13 14:54:39,11.58,19900,11.58,U
sz300179,四方达,2025-10-13 14:54:48,11.58,20400,11.58,U
sz300179,四方达,2025-10-13 14:55:00,11.57,52623,11.58,D
sz300179,四方达,2025-10-13 14:55:03,11.57,60900,11.57,U
sz300179,四方达,2025-10-13 14:55:09,11.57,22700,11.56,U
sz300179,四方达,2025-10-13 14:55:15,11.57,22500,11.56,U
sz300179,四方达,2025-10-13 14:55:18,11.56,21000,11.57,D
sz300179,四方达,2025-10-13 14:55:21,11.56,90800,11.56,U
sz300179,四方达,2025-10-13 14:55:27,11.56,31100,11.55,U
sz300179,四方达,2025-10-13 14:55:30,11.56,31500,11.56,U
sz300179,四方达,2025-10-13 14:55:33,11.56,27200,11.56,U
sz300179,四方达,2025-10-13 14:55:36,11.56,17600,11.56,D
sz300179,四方达,2025-10-13 14:55:39,11.56,23100,11.56,D
sz300179,四方达,2025-10-13 14:55:42,11.56,26500,11.56,U
sz300179,四方达,2025-10-13 14:55:45,11.55,75300,11.56,D
sz300179,四方达,2025-10-13 14:55:48,11.55,17400,11.55,D
sz300179,四方达,2025-10-13 14:55:54,11.55,27400,11.56,D
sz300179,四方达,2025-10-13 14:55:57,11.55,45100,11.55,D
sz300179,四方达,2025-10-13 14:56:00,11.55,41300,11.55,D
sz300179,四方达,2025-10-13 14:56:06,11.53,101500,11.54,D
sz300179,四方达,2025-10-13 14:56:09,11.48,97300,11.53,D
sz300179,四方达,2025-10-13 14:56:12,11.53,18600,11.48,U
sz300179,四方达,2025-10-13 14:56:21,11.5,30700,11.49,U
sz300179,四方达,2025-10-13 14:56:24,11.5,46100,11.5,U
sz300179,四方达,2025-10-13 14:56:27,11.48,43400,11.5,D
sz300179,四方达,2025-10-13 14:56:33,11.5,34500,11.5,D
sz300179,四方达,2025-10-13 14:56:36,11.5,24200,11.5,D
sz300179,四方达,2025-10-13 14:56:39,11.51,21900,11.5,D
sz300179,四方达,2025-10-13 14:56:42,11.53,39300,11.51,U
sz300179,四方达,2025-10-13 14:56:48,11.52,60600,11.53,D
sz300179,四方达,2025-10-13 14:56:51,11.52,24700,11.52,U
sz300179,四方达,2025-10-13 14:56:54,11.52,30400,11.52,D
sz300179,四方达,2025-10-13 14:56:57,11.53,27186,11.52,U
sz300179,四方达,2025-10-13 15:00:00,11.52,1414514,11.53,D
