symbol,name,ticktime,price,volume,prev_price,kind
sz300179,四方达,2025-10-20 09:25:00,12.1,981700,0.0,U
sz300179,四方达,2025-10-20 09:30:00,12.08,571900,12.1,D
sz300179,四方达,2025-10-20 09:30:03,12.09,863100,12.08,U
sz300179,四方达,2025-10-20 09:30:06,12.1,445600,12.09,U
sz300179,四方达,2025-10-20 09:30:09,12.17,161500,12.1,U
sz300179,四方达,2025-10-20 09:30:12,12.05,99700,12.17,D
sz300179,四方达,2025-10-20 09:30:15,12.06,67700,12.05,U
sz300179,四方达,2025-10-20 09:30:18,12.05,136300,12.06,D
sz300179,四方达,2025-10-20 09:30:21,12.01,80700,12.05,D
sz300179,四方达,2025-10-20 09:30:24,11.99,25600,12.01,D
sz300179,四方达,2025-10-20 09:30:27,11.98,38200,11.99,D
sz300179,四方达,2025-10-20 09:30:30,11.98,101400,11.98,D
sz300179,四方达,2025-10-20 09:30:33,11.98,48600,11.98,U
sz300179,四方达,2025-10-20 09:30:36,11.98,30800,11.98,U
sz300179,四方达,2025-10-20 09:30:39,12.01,102300,11.98,U
sz300179,四方达,2025-10-20 09:30:42,12.0,88600,12.01,E
sz300179,四方达,2025-10-20 09:30:45,12.01,31768,12.0,U
sz300179,四方达,2025-10-20 09:30:48,12.04,30800,12.01,E
sz300179,四方达,2025-10-20 09:30:51,12.0,71900,12.04,D
sz300179,四方达,2025-10-20 09:30:54,12.03,42600,12.0,U
sz300179,四方达,2025-10-20 09:30:57,12.04,25800,12.03,U
sz300179,四方达,2025-10-20 09:31:00,12.03,48500,12.04,E
sz300179,四方达,2025-10-20 09:31:03,11.99,58600,12.03,D
sz300179,四方达,2025-10-20 09:31:06,11.95,84032,11.99,D
sz300179,四方达,2025-10-20 09:31:09,11.96,86600,11.95,U
sz300179,四方达,2025-10-20 09:31:12,11.94,40200,11.96,D
sz300179,四方达,2025-10-20 09:31:15,11.93,40700,11.94,D
sz300179,四方达,2025-10-20 09:31:18,11.93,167800,11.93,D
sz300179,四方达,2025-10-20 09:31:21,12.03,217100,11.93,U
sz300179,四方达,2025-10-20 09:31:24,12.06,37300,12.03,U
sz300179,四方达,2025-10-20 09:31:33,12.03,22600,12.06,D
sz300179,四方达,2025-10-20 09:31:36,12.04,28400,12.03,E
sz300179,四方达,2025-10-20 09:31:39,12.03,52600,12.04,D
sz300179,四方达,2025-10-20 09:31:42,12.03,54200,12.03,D
sz300179,四方达,2025-10-20 09:31:45,11.96,63800,12.03,D
sz300179,四方达,2025-10-20 09:31:48,11.97,42000,11.96,D
sz300179,四方达,2025-10-20 09:31:54,11.97,24300,11.96,E
sz300179,四方达,2025-10-20 09:31:57,11.97,56600,11.97,D
sz300179,四方达,2025-10-20 09:32:03,11.96,42700,11.95,U
sz300179,四方达,2025-10-20 09:32:06,11.97,116000,11.96,U
sz300179,四方达,2025-10-20 09:32:09,11.97,91800,11.97,D
sz300179,四方达,2025-10-20 09:32:12,11.96,40700,11.97,E
sz300179,四方达,2025-10-20 09:32:15,11.94,30700,11.96,D
sz300179,四方达,2025-10-20 09:32:18,11.96,123200,11.94,E
sz300179,四方达,2025-10-20 09:32:21,11.97,39100,11.96,E
sz300179,四方达,2025-10-20 09:32:24,12.0,20700,11.97,U
sz300179,四方达,2025-10-20 09:32:27,12.02,28500,12.0,U
sz300179,四方达,2025-10-20 09:32:30,12.0,35600,12.02,D
sz300179,四方达,2025-10-20 09:32:36,12.0,31400,12.0,U
sz300179,四方达,2025-10-20 09:32:39,12.01,101900,12.0,U
sz300179,四方达,2025-10-20 09:32:45,12.02,36500,12.02,D
sz300179,四方达,2025-10-20 09:32:48,12.02,24100,12.02,U
sz300179,四方达,2025-10-20 09:32:51,12.01,34200,12.02,E
sz300179,四方达,2025-10-20 09:32:54,12.0,20400,12.01,D
sz300179,四方达,2025-10-20 09:32:57,12.0,25600,12.0,D
sz300179,四方达,2025-10-20 09:33:03,11.98,32200,12.0,D
sz300179,四方达,2025-10-20 09:33:06,11.98,29600,11.98,U
sz300179,四方达,2025-10-20 09:33:09,11.98,41800,11.98,U
sz300179,四方达,2025-10-20 09:33:12,11.98,121000,11.98,D
sz300179,四方达,2025-10-20 09:33:15,12.04,168709,11.98,U
sz300179,四方达,2025-10-20 09:33:18,12.04,18700,12.04,U
sz300179,四方达,2025-10-20 09:33:24,12.04,47200,12.03,U
sz300179,四方达,2025-10-20 09:33:27,12.03,30500,12.04,E
sz300179,四方达,2025-10-20 09:33:30,12.01,33900,12.03,D
sz300179,四方达,2025-10-20 09:33:33,11.98,41200,12.01,D
sz300179,四方达,2025-10-20 09:33:36,12.01,51300,11.98,U
sz300179,四方达,2025-10-20 09:33:51,12.0,26100,11.98,U
sz300179,四方达,2025-10-20 09:33:54,12.0,18900,12.0,U
sz300179,四方达,2025-10-20 09:33:57,11.97,27400,12.0,D
sz300179,四方达,2025-10-20 09:34:03,11.97,49600,11.98,D
sz300179,四方达,2025-10-20 09:34:06,12.06,409500,11.97,U
sz300179,四方达,2025-10-20 09:34:09,12.06,55900,12.06,D
sz300179,四方达,2025-10-20 09:34:15,12.08,85000,12.08,D
sz300179,四方达,2025-10-20 09:34:18,12.08,32200,12.08,D
sz300179,四方达,2025-10-20 09:34:21,12.07,21100,12.08,D
sz300179,四方达,2025-10-20 09:34:24,12.07,22600,12.07,U
sz300179,四方达,2025-10-20 09:34:33,12.05,27600,12.05,U
sz300179,四方达,2025-10-20 09:34:39,12.04,53200,12.04,U
sz300179,四方达,2025-10-20 09:34:42,12.04,67400,12.04,U
sz300179,四方达,2025-10-20 09:34:45,12.03,74300,12.04,D
sz300179,四方达,2025-10-20 09:34:48,12.03,45800,12.03,U
sz300179,四方达,2025-10-20 09:34:57,12.01,42500,12.02,D
sz300179,四方达,2025-10-20 09:35:00,11.98,68000,12.01,D
sz300179,四方达,2025-10-20 09:35:39,12.0,61000,12.0,D
sz300179,四方达,2025-10-20 09:35:48,11.99,19800,12.0,D
sz300179,四方达,2025-10-20 09:35:51,11.98,31600,11.99,D
sz300179,四方达,2025-10-20 09:36:00,11.99,49500,11.99,D
sz300179,四方达,2025-10-20 09:36:06,11.98,77900,11.99,D
sz300179,四方达,2025-10-20 09:36:15,11.99,114500,11.98,U
sz300179,四方达,2025-10-20 09:36:18,12.02,61300,11.99,U
sz300179,四方达,2025-10-20 09:36:21,12.03,33200,12.02,U
sz300179,四方达,2025-10-20 09:36:27,12.06,32400,12.05,U
sz300179,四方达,2025-10-20 09:36:33,12.05,34200,12.05,D
sz300179,四方达,2025-10-20 09:36:36,12.06,19400,12.05,U
sz300179,四方达,2025-10-20 09:36:39,12.07,41800,12.06,U
sz300179,四方达,2025-10-20 09:36:42,12.07,32100,12.07,D
sz300179,四方达,2025-10-20 09:36:45,12.07,20000,12.07,U
sz300179,四方达,2025-10-20 09:36:48,12.06,28400,12.07,D
sz300179,四方达,2025-10-20 09:36:51,12.06,44000,12.06,D
sz300179,四方达,2025-10-20 09:36:54,12.07,35400,12.06,U
sz300179,四方达,2025-10-20 09:37:00,12.02,44900,12.06,D
sz300179,四方达,2025-10-20 09:37:03,12.03,18500,12.02,E
sz300179,四方达,2025-10-20 09:37:06,12.05,22200,12.03,U
sz300179,四方达,2025-10-20 09:37:09,12.06,19700,12.05,U
sz300179,四方达,2025-10-20 09:37:12,12.03,156900,12.06,D
sz300179,四方达,2025-10-20 09:37:27,12.04,27300,12.04,U
sz300179,四方达,2025-10-20 09:37:30,12.05,28000,12.04,U
sz300179,四方达,2025-10-20 09:37:36,12.05,43100,12.04,U
sz300179,四方达,2025-10-20 09:37:42,12.05,17900,12.04,U
sz300179,四方达,2025-10-20 09:37:45,12.05,27900,12.05,U
sz300179,四方达,2025-10-20 09:37:48,12.05,28200,12.05,U
sz300179,四方达,2025-10-20 09:37:51,12.05,20400,12.05,U
sz300179,四方达,2025-10-20 09:37:57,12.06,16600,12.05,U
sz300179,四方达,2025-10-20 09:38:06,12.05,39900,12.04,U
sz300179,四方达,2025-10-20 09:38:09,12.03,30800,12.05,D
sz300179,四方达,2025-10-20 09:38:12,12.03,25700,12.03,D
sz300179,四方达,2025-10-20 09:38:18,12.03,44100,12.04,U
sz300179,四方达,2025-10-20 09:38:21,12.07,237100,12.03,U
sz300179,四方达,2025-10-20 09:38:24,12.05,103500,12.07,D
sz300179,四方达,2025-10-20 09:38:39,12.04,18900,12.06,D
sz300179,四方达,2025-10-20 09:38:45,12.04,35400,12.04,U
sz300179,四方达,2025-10-20 09:38:48,12.05,27300,12.04,U
sz300179,四方达,2025-10-20 09:39:00,12.02,25100,12.02,D
sz300179,四方达,2025-10-20 09:39:03,12.02,51500,12.02,D
sz300179,四方达,2025-10-20 09:39:06,12.06,121800,12.02,U
sz300179,四方达,2025-10-20 09:39:21,12.05,40600,12.05,U
sz300179,四方达,2025-10-20 09:39:36,12.05,19200,12.05,U
sz300179,四方达,2025-10-20 09:39:51,12.05,30500,12.03,U
sz300179,四方达,2025-10-20 09:40:00,12.05,36300,12.05,D
sz300179,四方达,2025-10-20 09:40:06,12.05,83678,12.05,U
sz300179,四方达,2025-10-20 09:40:12,12.05,42000,12.04,E
sz300179,四方达,2025-10-20 09:40:18,12.05,25900,12.04,U
sz300179,四方达,2025-10-20 09:40:21,12.04,27200,12.05,D
sz300179,四方达,2025-10-20 09:40:30,12.04,18800,12.04,D
sz300179,四方达,2025-10-20 09:40:39,12.03,29200,12.04,D
sz300179,四方达,2025-10-20 09:40:42,12.01,71300,12.03,D
sz300179,四方达,2025-10-20 09:40:48,12.01,29000,12.02,D
sz300179,四方达,2025-10-20 09:40:51,12.03,80300,12.01,U
sz300179,四方达,2025-10-20 09:40:54,12.01,23100,12.03,D
sz300179,四方达,2025-10-20 09:40:57,12.01,19400,12.01,D
sz300179,四方达,2025-10-20 09:41:06,12.01,23000,12.0,U
sz300179,四方达,2025-10-20 09:41:09,12.01,20500,12.01,U
sz300179,四方达,2025-10-20 09:41:12,12.0,26200,12.01,D
sz300179,四方达,2025-10-20 09:41:18,11.99,51700,12.0,D
sz300179,四方达,2025-10-20 09:41:27,11.98,17000,11.98,D
sz300179,四方达,2025-10-20 09:41:30,11.98,28400,11.98,D
sz300179,四方达,2025-10-20 09:41:36,11.97,18400,11.98,D
sz300179,四方达,2025-10-20 09:41:48,11.97,19800,11.97,D
sz300179,四方达,2025-10-20 09:41:57,11.95,43300,11.97,D
sz300179,四方达,2025-10-20 09:42:12,11.95,20300,11.95,U
sz300179,四方达,2025-10-20 09:42:15,11.95,22200,11.95,U
sz300179,四方达,2025-10-20 09:42:18,11.95,46400,11.95,U
sz300179,四方达,2025-10-20 09:42:21,11.94,17500,11.95,D
sz300179,四方达,2025-10-20 09:42:24,11.95,19800,11.94,U
sz300179,四方达,2025-10-20 09:42:30,11.94,36800,11.93,E
sz300179,四方达,2025-10-20 09:42:33,11.93,45900,11.94,D
sz300179,四方达,2025-10-20 09:42:36,11.94,26400,11.93,E
sz300179,四方达,2025-10-20 09:42:39,11.95,51700,11.94,U
sz300179,四方达,2025-10-20 09:42:42,11.94,67700,11.95,D
sz300179,四方达,2025-10-20 09:42:48,11.95,28100,11.96,D
sz300179,四方达,2025-10-20 09:43:00,11.97,70800,11.94,U
sz300179,四方达,2025-10-20 09:43:03,11.99,107000,11.97,U
sz300179,四方达,2025-10-20 09:43:15,11.98,26000,11.99,D
sz300179,四方达,2025-10-20 09:43:42,11.95,23700,11.95,D
sz300179,四方达,2025-10-20 09:43:48,11.94,19200,11.95,D
sz300179,四方达,2025-10-20 09:44:00,11.94,18600,11.95,D
sz300179,四方达,2025-10-20 09:44:09,11.92,49700,11.94,D
sz300179,四方达,2025-10-20 09:44:12,11.95,30900,11.92,U
sz300179,四方达,2025-10-20 09:44:18,11.96,19800,11.95,U
sz300179,四方达,2025-10-20 09:44:21,11.96,27500,11.96,U
sz300179,四方达,2025-10-20 09:44:42,11.94,21000,11.93,D
sz300179,四方达,2025-10-20 09:44:45,11.94,26500,11.94,E
sz300179,四方达,2025-10-20 09:44:48,11.93,17100,11.94,D
sz300179,四方达,2025-10-20 09:44:51,11.93,19300,11.93,D
sz300179,四方达,2025-10-20 09:44:54,11.94,30800,11.93,U
sz300179,四方达,2025-10-20 09:44:57,11.95,49400,11.94,U
sz300179,四方达,2025-10-20 09:45:00,11.95,41200,11.95,D
sz300179,四方达,2025-10-20 09:45:06,11.98,48300,11.95,E
sz300179,四方达,2025-10-20 09:45:36,12.0,30000,11.99,U
sz300179,四方达,2025-10-20 09:45:48,11.96,17600,11.97,D
sz300179,四方达,2025-10-20 09:45:57,11.98,18100,11.96,U
sz300179,四方达,2025-10-20 09:46:12,11.97,26800,11.97,U
sz300179,四方达,2025-10-20 09:47:03,11.98,22700,12.0,D
sz300179,四方达,2025-10-20 09:47:09,11.99,54000,11.98,U
sz300179,四方达,2025-10-20 09:47:12,11.99,22400,11.99,U
sz300179,四方达,2025-10-20 09:47:36,11.97,28600,11.98,D
sz300179,四方达,2025-10-20 09:47:45,11.97,23600,11.97,D
sz300179,四方达,2025-10-20 09:47:48,11.97,56600,11.97,D
sz300179,四方达,2025-10-20 09:47:57,11.98,18800,11.97,U
sz300179,四方达,2025-10-20 09:48:33,11.96,34500,11.95,U
sz300179,四方达,2025-10-20 09:49:03,11.95,26000,11.95,D
sz300179,四方达,2025-10-20 09:49:09,11.95,56300,11.95,U
sz300179,四方达,2025-10-20 09:49:18,11.95,95200,11.95,D
sz300179,四方达,2025-10-20 09:49:27,11.96,32400,11.96,D
sz300179,四方达,2025-10-20 09:50:21,11.98,32200,11.98,U
sz300179,四方达,2025-10-20 09:50:24,11.99,44900,11.98,U
sz300179,四方达,2025-10-20 09:50:30,11.96,101600,11.99,D
sz300179,四方达,2025-10-20 09:50:42,12.0,50400,11.99,U
sz300179,四方达,2025-10-20 09:50:45,11.99,30800,12.0,E
sz300179,四方达,2025-10-20 09:51:24,11.98,23800,11.97,U
sz300179,四方达,2025-10-20 09:51:30,11.98,18200,11.98,U
sz300179,四方达,2025-10-20 09:52:03,11.98,28100,11.97,U
sz300179,四方达,2025-10-20 09:52:30,11.98,21600,11.98,D
sz300179,四方达,2025-10-20 09:52:33,11.98,29500,11.98,U
sz300179,四方达,2025-10-20 09:52:36,11.97,37300,11.98,D
sz300179,四方达,2025-10-20 09:54:03,11.94,19500,11.95,D
sz300179,四方达,2025-10-20 09:54:15,11.93,32100,11.93,D
sz300179,四方达,2025-10-20 09:54:18,11.93,28000,11.93,D
sz300179,四方达,2025-10-20 09:54:21,11.93,27100,11.93,D
sz300179,四方达,2025-10-20 09:54:33,11.93,30900,11.92,U
sz300179,四方达,2025-10-20 09:54:48,11.92,28600,11.92,D
sz300179,四方达,2025-10-20 09:55:00,11.94,71500,11.91,U
sz300179,四方达,2025-10-20 09:55:03,11.91,31400,11.94,D
sz300179,四方达,2025-10-20 09:55:06,11.91,25400,11.91,D
sz300179,四方达,2025-10-20 09:55:09,11.91,22600,11.91,D
sz300179,四方达,2025-10-20 09:55:18,11.91,42900,11.91,D
sz300179,四方达,2025-10-20 09:55:24,11.91,35400,11.91,D
sz300179,四方达,2025-10-20 09:55:33,11.92,24600,11.91,U
sz300179,四方达,2025-10-20 09:55:42,11.91,24800,11.92,D
sz300179,四方达,2025-10-20 09:55:48,11.91,20000,11.91,D
sz300179,四方达,2025-10-20 09:55:54,11.91,17100,11.91,D
sz300179,四方达,2025-10-20 09:55:57,11.93,26200,11.91,U
sz300179,四方达,2025-10-20 09:56:00,11.96,66700,11.93,U
sz300179,四方达,2025-10-20 09:56:09,11.99,62400,11.94,U
sz300179,四方达,2025-10-20 09:56:12,12.07,473956,11.99,U
sz300179,四方达,2025-10-20 09:56:18,12.06,32844,12.07,D
sz300179,四方达,2025-10-20 09:56:27,12.05,22400,12.05,D
sz300179,四方达,2025-10-20 09:56:39,12.04,27400,12.04,D
sz300179,四方达,2025-10-20 09:57:00,12.03,19900,12.03,U
sz300179,四方达,2025-10-20 09:57:12,12.03,17600,12.03,U
sz300179,四方达,2025-10-20 09:57:24,12.03,18100,12.02,U
sz300179,四方达,2025-10-20 09:57:36,12.04,16800,12.04,U
sz300179,四方达,2025-10-20 09:57:39,12.04,29700,12.04,U
sz300179,四方达,2025-10-20 09:57:51,12.04,17700,12.04,D
sz300179,四方达,2025-10-20 09:58:00,12.05,23500,12.04,U
sz300179,四方达,2025-10-20 09:58:18,12.03,18600,12.03,D
sz300179,四方达,2025-10-20 09:58:21,12.12,758800,12.03,U
sz300179,四方达,2025-10-20 09:58:24,12.15,73700,12.12,U
sz300179,四方达,2025-10-20 09:58:30,12.15,60700,12.14,U
sz300179,四方达,2025-10-20 09:58:33,12.16,19100,12.15,U
sz300179,四方达,2025-10-20 09:58:36,12.15,23400,12.16,D
sz300179,四方达,2025-10-20 09:58:39,12.16,46647,12.15,U
sz300179,四方达,2025-10-20 09:58:42,12.14,23500,12.16,E
sz300179,四方达,2025-10-20 09:58:48,12.15,86900,12.14,U
sz300179,四方达,2025-10-20 09:58:51,12.14,17700,12.15,E
sz300179,四方达,2025-10-20 09:58:54,12.14,38900,12.14,D
sz300179,四方达,2025-10-20 09:58:57,12.15,70500,12.14,U
sz300179,四方达,2025-10-20 09:59:00,12.11,36500,12.15,D
sz300179,四方达,2025-10-20 09:59:03,12.14,32300,12.11,U
sz300179,四方达,2025-10-20 09:59:12,12.13,26700,12.13,D
sz300179,四方达,2025-10-20 09:59:15,12.12,16800,12.13,D
sz300179,四方达,2025-10-20 09:59:24,12.13,19800,12.13,U
sz300179,四方达,2025-10-20 09:59:27,12.12,24200,12.13,D
sz300179,四方达,2025-10-20 09:59:33,12.11,37100,12.11,D
sz300179,四方达,2025-10-20 09:59:39,12.11,37600,12.11,U
sz300179,四方达,2025-10-20 09:59:42,12.1,23800,12.11,D
sz300179,四方达,2025-10-20 09:59:45,12.1,20100,12.1,D
sz300179,四方达,2025-10-20 09:59:48,12.1,22953,12.1,D
sz300179,四方达,2025-10-20 09:59:54,12.1,18400,12.1,U
sz300179,四方达,2025-10-20 10:00:03,12.11,21247,12.1,U
sz300179,四方达,2025-10-20 10:00:24,12.13,38100,12.11,U
sz300179,四方达,2025-10-20 10:00:33,12.13,23900,12.13,U
sz300179,四方达,2025-10-20 10:00:39,12.12,17600,12.12,D
sz300179,四方达,2025-10-20 10:00:42,12.12,31300,12.12,U
sz300179,四方达,2025-10-20 10:00:48,12.13,136500,12.13,U
sz300179,四方达,2025-10-20 10:00:51,12.12,30200,12.13,E
sz300179,四方达,2025-10-20 10:01:00,12.12,37000,12.13,D
sz300179,四方达,2025-10-20 10:01:06,12.14,23000,12.12,U
sz300179,四方达,2025-10-20 10:01:09,12.14,18600,12.14,U
sz300179,四方达,2025-10-20 10:01:30,12.12,29400,12.13,D
sz300179,四方达,2025-10-20 10:01:36,12.12,28700,12.12,D
sz300179,四方达,2025-10-20 10:01:39,12.13,52100,12.12,U
sz300179,四方达,2025-10-20 10:01:45,12.13,20900,12.13,D
sz300179,四方达,2025-10-20 10:01:48,12.13,17000,12.13,D
sz300179,四方达,2025-10-20 10:02:03,12.13,34900,12.13,D
sz300179,四方达,2025-10-20 10:02:21,12.11,32600,12.12,D
sz300179,四方达,2025-10-20 10:02:33,12.12,19400,12.12,D
sz300179,四方达,2025-10-20 10:02:45,12.12,21800,12.11,U
sz300179,四方达,2025-10-20 10:03:00,12.1,21400,12.11,D
sz300179,四方达,2025-10-20 10:03:27,12.1,19547,12.09,U
sz300179,四方达,2025-10-20 10:03:30,12.12,53800,12.1,U
sz300179,四方达,2025-10-20 10:03:42,12.11,36500,12.12,D
sz300179,四方达,2025-10-20 10:03:45,12.11,22600,12.11,D
sz300179,四方达,2025-10-20 10:04:06,12.11,24100,12.11,U
sz300179,四方达,2025-10-20 10:04:18,12.11,35900,12.11,U
sz300179,四方达,2025-10-20 10:04:30,12.1,26000,12.11,D
sz300179,四方达,2025-10-20 10:04:57,12.12,20900,12.11,U
sz300179,四方达,2025-10-20 10:05:15,12.11,52153,12.1,U
sz300179,四方达,2025-10-20 10:05:45,12.08,26700,12.08,D
sz300179,四方达,2025-10-20 10:06:00,12.06,17200,12.07,D
sz300179,四方达,2025-10-20 10:06:12,12.05,17500,12.05,D
sz300179,四方达,2025-10-20 10:06:21,12.03,18400,12.04,D
sz300179,四方达,2025-10-20 10:07:09,12.02,38000,12.04,D
sz300179,四方达,2025-10-20 10:07:12,12.01,39800,12.02,D
sz300179,四方达,2025-10-20 10:07:18,12.0,24900,12.01,D
sz300179,四方达,2025-10-20 10:07:30,12.01,41200,12.01,D
sz300179,四方达,2025-10-20 10:08:00,12.01,42000,12.0,U
sz300179,四方达,2025-10-20 10:08:33,12.0,20800,12.0,D
sz300179,四方达,2025-10-20 10:08:45,12.0,28700,12.0,D
sz300179,四方达,2025-10-20 10:09:27,12.01,20200,12.01,U
sz300179,四方达,2025-10-20 10:09:30,12.01,67300,12.01,U
sz300179,四方达,2025-10-20 10:11:03,11.99,25700,11.99,D
sz300179,四方达,2025-10-20 10:11:18,11.98,17613,11.99,D
sz300179,四方达,2025-10-20 10:11:36,12.0,147600,11.99,U
sz300179,四方达,2025-10-20 10:13:03,12.0,20600,12.0,D
sz300179,四方达,2025-10-20 10:13:27,12.0,34000,12.0,D
sz300179,四方达,2025-10-20 10:13:54,12.0,17400,11.99,U
sz300179,四方达,2025-10-20 10:15:21,11.99,37013,11.99,D
sz300179,四方达,2025-10-20 10:16:03,12.03,17500,12.01,U
sz300179,四方达,2025-10-20 10:16:18,12.05,21900,12.04,U
sz300179,四方达,2025-10-20 10:16:57,12.05,20000,12.04,U
sz300179,四方达,2025-10-20 10:17:00,12.04,21400,12.05,D
sz300179,四方达,2025-10-20 10:17:09,12.05,38500,12.05,D
sz300179,四方达,2025-10-20 10:17:36,12.07,93600,12.07,D
sz300179,四方达,2025-10-20 10:17:39,12.09,23200,12.07,E
sz300179,四方达,2025-10-20 10:17:57,12.1,19300,12.1,U
sz300179,四方达,2025-10-20 10:18:12,12.07,21000,12.08,D
sz300179,四方达,2025-10-20 10:18:33,12.1,30800,12.09,U
sz300179,四方达,2025-10-20 10:18:51,12.1,19900,12.1,U
sz300179,四方达,2025-10-20 10:18:57,12.11,24300,12.11,U
sz300179,四方达,2025-10-20 10:19:00,12.11,51900,12.11,U
sz300179,四方达,2025-10-20 10:19:03,12.11,33400,12.11,U
sz300179,四方达,2025-10-20 10:19:30,12.1,16600,12.11,D
sz300179,四方达,2025-10-20 10:19:33,12.1,19300,12.1,D
sz300179,四方达,2025-10-20 10:19:36,12.1,26500,12.1,U
sz300179,四方达,2025-10-20 10:19:39,12.09,21700,12.1,D
sz300179,四方达,2025-10-20 10:19:42,12.1,25400,12.09,U
sz300179,四方达,2025-10-20 10:19:48,12.1,63547,12.1,D
sz300179,四方达,2025-10-20 10:19:51,12.12,31100,12.1,U
sz300179,四方达,2025-10-20 10:19:54,12.1,50500,12.12,D
sz300179,四方达,2025-10-20 10:20:09,12.1,45200,12.1,D
sz300179,四方达,2025-10-20 10:20:33,12.12,54959,12.11,U
sz300179,四方达,2025-10-20 10:20:39,12.13,20400,12.13,U
sz300179,四方达,2025-10-20 10:20:45,12.13,21000,12.13,U
sz300179,四方达,2025-10-20 10:20:48,12.13,36700,12.13,U
sz300179,四方达,2025-10-20 10:21:03,12.13,35900,12.14,D
sz300179,四方达,2025-10-20 10:21:15,12.11,46241,12.13,D
sz300179,四方达,2025-10-20 10:21:51,12.1,21600,12.11,D
sz300179,四方达,2025-10-20 10:22:33,12.1,31300,12.11,D
sz300179,四方达,2025-10-20 10:22:36,12.12,38900,12.1,U
sz300179,四方达,2025-10-20 10:23:09,12.11,55800,12.11,U
sz300179,四方达,2025-10-20 10:23:18,12.14,28100,12.13,U
sz300179,四方达,2025-10-20 10:23:21,12.14,31300,12.14,U
sz300179,四方达,2025-10-20 10:23:27,12.15,47300,12.14,U
sz300179,四方达,2025-10-20 10:23:33,12.14,20400,12.15,D
sz300179,四方达,2025-10-20 10:23:36,12.16,30700,12.14,U
sz300179,四方达,2025-10-20 10:23:39,12.15,107300,12.16,D
sz300179,四方达,2025-10-20 10:23:45,12.17,64100,12.16,U
sz300179,四方达,2025-10-20 10:23:48,12.17,25100,12.17,D
sz300179,四方达,2025-10-20 10:23:51,12.19,54200,12.17,U
sz300179,四方达,2025-10-20 10:23:54,12.19,55600,12.19,U
sz300179,四方达,2025-10-20 10:23:57,12.2,58000,12.19,U
sz300179,四方达,2025-10-20 10:24:03,12.2,142800,12.19,U
sz300179,四方达,2025-10-20 10:24:06,12.21,50900,12.2,U
sz300179,四方达,2025-10-20 10:24:09,12.21,56600,12.21,D
sz300179,四方达,2025-10-20 10:24:12,12.22,83900,12.21,U
sz300179,四方达,2025-10-20 10:24:15,12.22,37700,12.22,U
sz300179,四方达,2025-10-20 10:24:18,12.22,22900,12.22,U
sz300179,四方达,2025-10-20 10:24:21,12.22,22100,12.22,U
sz300179,四方达,2025-10-20 10:24:24,12.21,32900,12.22,D
sz300179,四方达,2025-10-20 10:24:27,12.21,28700,12.21,D
sz300179,四方达,2025-10-20 10:24:33,12.2,34500,12.21,D
sz300179,四方达,2025-10-20 10:24:36,12.18,92600,12.2,D
sz300179,四方达,2025-10-20 10:24:51,12.18,24800,12.17,U
sz300179,四方达,2025-10-20 10:25:00,12.18,31500,12.18,D
sz300179,四方达,2025-10-20 10:25:03,12.17,46700,12.18,D
sz300179,四方达,2025-10-20 10:25:27,12.18,64700,12.14,U
sz300179,四方达,2025-10-20 10:25:45,12.17,31900,12.18,D
sz300179,四方达,2025-10-20 10:25:48,12.18,18100,12.17,U
sz300179,四方达,2025-10-20 10:25:54,12.19,46300,12.18,U
sz300179,四方达,2025-10-20 10:26:00,12.19,29600,12.18,U
sz300179,四方达,2025-10-20 10:26:03,12.19,20400,12.19,U
sz300179,四方达,2025-10-20 10:26:09,12.18,74600,12.2,D
sz300179,四方达,2025-10-20 10:26:24,12.18,44800,12.15,U
sz300179,四方达,2025-10-20 10:26:33,12.19,35500,12.18,U
sz300179,四方达,2025-10-20 10:26:39,12.19,24600,12.19,U
sz300179,四方达,2025-10-20 10:26:42,12.19,24500,12.19,U
sz300179,四方达,2025-10-20 10:26:51,12.19,36400,12.2,D
sz300179,四方达,2025-10-20 10:26:54,12.2,34400,12.19,U
sz300179,四方达,2025-10-20 10:26:57,12.21,53700,12.2,U
sz300179,四方达,2025-10-20 10:27:00,12.2,19100,12.21,D
sz300179,四方达,2025-10-20 10:27:03,12.22,18500,12.2,U
sz300179,四方达,2025-10-20 10:27:12,12.23,38300,12.22,U
sz300179,四方达,2025-10-20 10:27:18,12.24,21600,12.23,U
sz300179,四方达,2025-10-20 10:27:24,12.25,22400,12.25,U
sz300179,四方达,2025-10-20 10:27:27,12.24,152900,12.25,D
sz300179,四方达,2025-10-20 10:27:33,12.23,39400,12.24,D
sz300179,四方达,2025-10-20 10:27:36,12.23,241381,12.23,D
sz300179,四方达,2025-10-20 10:27:39,12.23,57100,12.23,U
sz300179,四方达,2025-10-20 10:27:42,12.23,17300,12.23,E
sz300179,四方达,2025-10-20 10:27:45,12.23,23900,12.23,U
sz300179,四方达,2025-10-20 10:27:48,12.21,25100,12.23,D
sz300179,四方达,2025-10-20 10:27:51,12.23,29200,12.21,U
sz300179,四方达,2025-10-20 10:27:54,12.19,40100,12.23,D
sz300179,四方达,2025-10-20 10:27:57,12.2,21800,12.19,E
sz300179,四方达,2025-10-20 10:28:00,12.2,51300,12.2,U
sz300179,四方达,2025-10-20 10:28:03,12.19,37000,12.2,E
sz300179,四方达,2025-10-20 10:28:09,12.19,25500,12.18,U
sz300179,四方达,2025-10-20 10:28:15,12.16,34300,12.16,D
sz300179,四方达,2025-10-20 10:28:30,12.16,20800,12.13,U
sz300179,四方达,2025-10-20 10:29:03,12.18,22100,12.19,D
sz300179,四方达,2025-10-20 10:29:12,12.2,27700,12.18,U
sz300179,四方达,2025-10-20 10:29:18,12.2,18600,12.21,E
sz300179,四方达,2025-10-20 10:29:21,12.18,24300,12.2,D
sz300179,四方达,2025-10-20 10:29:36,12.2,24900,12.2,D
sz300179,四方达,2025-10-20 10:29:39,12.21,25300,12.2,U
sz300179,四方达,2025-10-20 10:29:42,12.2,58400,12.21,U
sz300179,四方达,2025-10-20 10:29:48,12.23,20000,12.21,U
sz300179,四方达,2025-10-20 10:29:54,12.24,33600,12.23,U
sz300179,四方达,2025-10-20 10:30:00,12.25,23178,12.24,U
sz300179,四方达,2025-10-20 10:30:06,12.27,73000,12.25,U
sz300179,四方达,2025-10-20 10:30:09,12.26,18700,12.27,D
sz300179,四方达,2025-10-20 10:30:12,12.27,56100,12.26,U
sz300179,四方达,2025-10-20 10:30:18,12.28,44300,12.28,U
sz300179,四方达,2025-10-20 10:30:21,12.28,124500,12.28,U
sz300179,四方达,2025-10-20 10:30:24,12.28,103000,12.28,U
sz300179,四方达,2025-10-20 10:30:30,12.28,52200,12.26,U
sz300179,四方达,2025-10-20 10:30:36,12.27,22400,12.27,U
sz300179,四方达,2025-10-20 10:30:39,12.24,115900,12.27,D
sz300179,四方达,2025-10-20 10:30:42,12.27,38800,12.24,U
sz300179,四方达,2025-10-20 10:30:45,12.27,33500,12.27,U
sz300179,四方达,2025-10-20 10:30:51,12.27,47600,12.27,U
sz300179,四方达,2025-10-20 10:30:54,12.26,20700,12.27,E
sz300179,四方达,2025-10-20 10:30:57,12.24,49600,12.26,D
sz300179,四方达,2025-10-20 10:31:00,12.26,70000,12.24,U
sz300179,四方达,2025-10-20 10:31:03,12.25,74300,12.26,D
sz300179,四方达,2025-10-20 10:31:09,12.24,33300,12.25,D
sz300179,四方达,2025-10-20 10:31:12,12.24,31600,12.24,U
sz300179,四方达,2025-10-20 10:31:33,12.23,22600,12.23,D
sz300179,四方达,2025-10-20 10:31:45,12.22,17200,12.23,D
sz300179,四方达,2025-10-20 10:31:48,12.23,19100,12.22,U
sz300179,四方达,2025-10-20 10:31:57,12.23,44200,12.22,U
sz300179,四方达,2025-10-20 10:32:09,12.22,26500,12.22,U
sz300179,四方达,2025-10-20 10:32:30,12.24,62200,12.23,U
sz300179,四方达,2025-10-20 10:32:57,12.23,21500,12.23,D
sz300179,四方达,2025-10-20 10:33:09,12.23,22700,12.22,U
sz300179,四方达,2025-10-20 10:33:12,12.23,61400,12.23,D
sz300179,四方达,2025-10-20 10:33:39,12.23,19800,12.22,U
sz300179,四方达,2025-10-20 10:33:51,12.23,21400,12.23,D
sz300179,四方达,2025-10-20 10:34:03,12.22,30400,12.23,D
sz300179,四方达,2025-10-20 10:34:33,12.23,29000,12.23,U
sz300179,四方达,2025-10-20 10:34:57,12.21,16700,12.21,D
sz300179,四方达,2025-10-20 10:35:00,12.22,27700,12.21,U
sz300179,四方达,2025-10-20 10:35:06,12.21,54830,12.21,D
sz300179,四方达,2025-10-20 10:35:09,12.21,26200,12.21,U
sz300179,四方达,2025-10-20 10:35:33,12.2,144230,12.2,D
sz300179,四方达,2025-10-20 10:36:00,12.24,69100,12.18,U
sz300179,四方达,2025-10-20 10:36:33,12.23,24100,12.22,U
sz300179,四方达,2025-10-20 10:36:42,12.22,19945,12.24,D
sz300179,四方达,2025-10-20 10:37:06,12.22,44455,12.22,D
sz300179,四方达,2025-10-20 10:37:09,12.22,28300,12.22,U
sz300179,四方达,2025-10-20 10:38:06,12.23,18500,12.22,U
sz300179,四方达,2025-10-20 10:38:27,12.23,43000,12.22,U
sz300179,四方达,2025-10-20 10:38:54,12.23,31255,12.23,U
sz300179,四方达,2025-10-20 10:39:00,12.23,57600,12.22,U
sz300179,四方达,2025-10-20 10:39:03,12.24,59100,12.23,U
sz300179,四方达,2025-10-20 10:39:42,12.24,18500,12.25,D
sz300179,四方达,2025-10-20 10:39:51,12.24,19600,12.25,D
sz300179,四方达,2025-10-20 10:40:15,12.25,17300,12.24,U
sz300179,四方达,2025-10-20 10:41:48,12.21,16649,12.22,D
sz300179,四方达,2025-10-20 10:42:03,12.2,20900,12.2,D
sz300179,四方达,2025-10-20 10:42:09,12.21,42300,12.2,U
sz300179,四方达,2025-10-20 10:42:12,12.22,32351,12.21,U
sz300179,四方达,2025-10-20 10:42:24,12.22,32551,12.21,U
sz300179,四方达,2025-10-20 10:42:57,12.23,19500,12.22,U
sz300179,四方达,2025-10-20 10:43:42,12.23,23500,12.22,U
sz300179,四方达,2025-10-20 10:44:03,12.2,42200,12.23,D
sz300179,四方达,2025-10-20 10:44:15,12.18,30400,12.18,D
sz300179,四方达,2025-10-20 10:44:18,12.21,20100,12.18,U
sz300179,四方达,2025-10-20 10:45:03,12.2,53100,12.18,U
sz300179,四方达,2025-10-20 10:45:09,12.23,18900,12.22,U
sz300179,四方达,2025-10-20 10:45:15,12.24,31600,12.23,U
sz300179,四方达,2025-10-20 10:45:30,12.21,39200,12.22,D
sz300179,四方达,2025-10-20 10:45:42,12.2,20600,12.21,D
sz300179,四方达,2025-10-20 10:45:45,12.25,98100,12.2,U
sz300179,四方达,2025-10-20 10:45:51,12.25,57000,12.22,U
sz300179,四方达,2025-10-20 10:46:15,12.22,28500,12.22,D
sz300179,四方达,2025-10-20 10:47:12,12.23,17200,12.22,U
sz300179,四方达,2025-10-20 10:48:27,12.22,21000,12.22,U
sz300179,四方达,2025-10-20 10:50:18,12.21,18400,12.2,U
sz300179,四方达,2025-10-20 10:51:51,12.18,30200,12.18,D
sz300179,四方达,2025-10-20 10:51:57,12.19,33600,12.18,U
sz300179,四方达,2025-10-20 10:52:09,12.2,38700,12.2,U
sz300179,四方达,2025-10-20 10:52:12,12.25,171200,12.2,U
sz300179,四方达,2025-10-20 10:52:18,12.24,24300,12.24,D
sz300179,四方达,2025-10-20 10:53:18,12.23,21400,12.23,U
sz300179,四方达,2025-10-20 10:53:54,12.21,16800,12.2,U
sz300179,四方达,2025-10-20 10:54:57,12.18,17500,12.18,D
sz300179,四方达,2025-10-20 10:55:06,12.17,18900,12.17,D
sz300179,四方达,2025-10-20 10:56:00,12.15,27900,12.14,U
sz300179,四方达,2025-10-20 10:56:18,12.14,123600,12.15,D
sz300179,四方达,2025-10-20 10:56:45,12.15,25500,12.15,U
sz300179,四方达,2025-10-20 11:00:00,12.16,19200,12.15,U
sz300179,四方达,2025-10-20 11:00:30,12.15,26300,12.16,D
sz300179,四方达,2025-10-20 11:00:51,12.14,24700,12.14,D
sz300179,四方达,2025-10-20 11:01:24,12.12,24600,12.12,D
sz300179,四方达,2025-10-20 11:02:09,12.1,19300,12.11,D
sz300179,四方达,2025-10-20 11:02:15,12.1,21600,12.1,D
sz300179,四方达,2025-10-20 11:02:21,12.1,35600,12.1,D
sz300179,四方达,2025-10-20 11:03:42,12.09,46800,12.1,D
sz300179,四方达,2025-10-20 11:03:48,12.09,47200,12.1,D
sz300179,四方达,2025-10-20 11:04:00,12.09,20800,12.09,D
sz300179,四方达,2025-10-20 11:04:42,12.1,16900,12.1,U
sz300179,四方达,2025-10-20 11:05:48,12.11,30300,12.09,U
sz300179,四方达,2025-10-20 11:06:15,12.12,32100,12.1,U
sz300179,四方达,2025-10-20 11:06:18,12.15,29600,12.12,U
sz300179,四方达,2025-10-20 11:06:30,12.16,27100,12.12,U
sz300179,四方达,2025-10-20 11:11:51,12.16,23100,12.17,D
sz300179,四方达,2025-10-20 11:12:57,12.17,18100,12.17,D
sz300179,四方达,2025-10-20 11:14:54,12.17,17800,12.16,U
sz300179,四方达,2025-10-20 11:15:42,12.14,22800,12.16,D
sz300179,四方达,2025-10-20 11:17:27,12.13,17800,12.13,D
sz300179,四方达,2025-10-20 11:18:09,12.16,32700,12.13,U
sz300179,四方达,2025-10-20 11:20:30,12.17,23000,12.14,U
sz300179,四方达,2025-10-20 11:22:39,12.17,27100,12.17,U
sz300179,四方达,2025-10-20 11:23:18,12.17,66300,12.18,D
sz300179,四方达,2025-10-20 11:23:27,12.18,18100,12.17,U
sz300179,四方达,2025-10-20 11:23:48,12.17,67100,12.18,D
sz300179,四方达,2025-10-20 11:24:36,12.18,32200,12.16,U
sz300179,四方达,2025-10-20 11:24:39,12.19,34700,12.18,U
sz300179,四方达,2025-10-20 11:27:30,12.15,150000,12.15,D
sz300179,四方达,2025-10-20 11:28:48,12.13,18300,12.13,D
sz300179,四方达,2025-10-20 11:29:03,12.15,24300,12.13,U
sz300179,四方达,2025-10-20 11:29:12,12.15,18800,12.16,D
sz300179,四方达,2025-10-20 13:00:00,12.17,88400,12.17,U
sz300179,四方达,2025-10-20 13:00:03,12.19,30900,12.17,U
sz300179,四方达,2025-10-20 13:00:06,12.19,37700,12.19,U
sz300179,四方达,2025-10-20 13:00:09,12.2,20500,12.19,U
sz300179,四方达,2025-10-20 13:00:36,12.19,49000,12.21,D
sz300179,四方达,2025-10-20 13:01:03,12.17,44800,12.17,D
sz300179,四方达,2025-10-20 13:01:24,12.2,56386,12.16,U
sz300179,四方达,2025-10-20 13:01:27,12.26,152145,12.2,U
sz300179,四方达,2025-10-20 13:02:09,12.23,21600,12.16,E
sz300179,四方达,2025-10-20 13:03:36,12.22,20000,12.22,U
sz300179,四方达,2025-10-20 13:04:15,12.18,48300,12.19,D
sz300179,四方达,2025-10-20 13:07:27,12.16,18500,12.15,U
sz300179,四方达,2025-10-20 13:07:54,12.16,20200,12.17,D
sz300179,四方达,2025-10-20 13:13:48,12.1,16700,12.1,D
sz300179,四方达,2025-10-20 13:14:09,12.11,23900,12.1,U
sz300179,四方达,2025-10-20 13:15:06,12.11,36800,12.1,U
sz300179,四方达,2025-10-20 13:16:09,12.1,19900,12.11,D
sz300179,四方达,2025-10-20 13:19:27,12.1,50500,12.1,U
sz300179,四方达,2025-10-20 13:19:51,12.09,18700,12.09,U
sz300179,四方达,2025-10-20 13:20:21,12.11,23700,12.1,U
sz300179,四方达,2025-10-20 13:20:24,12.12,30000,12.11,U
sz300179,四方达,2025-10-20 13:20:30,12.13,28200,12.12,U
sz300179,四方达,2025-10-20 13:20:48,12.13,21000,12.13,D
sz300179,四方达,2025-10-20 13:22:54,12.16,22200,12.15,U
sz300179,四方达,2025-10-20 13:25:15,12.13,66800,12.12,U
sz300179,四方达,2025-10-20 13:25:18,12.11,17000,12.13,D
sz300179,四方达,2025-10-20 13:25:36,12.16,28600,12.15,U
sz300179,四方达,2025-10-20 13:25:42,12.19,59900,12.17,U
sz300179,四方达,2025-10-20 13:25:45,12.23,137400,12.19,U
sz300179,四方达,2025-10-20 13:25:51,12.27,118800,12.24,U
sz300179,四方达,2025-10-20 13:25:57,12.26,18500,12.26,E
sz300179,四方达,2025-10-20 13:26:00,12.27,30300,12.26,U
sz300179,四方达,2025-10-20 13:26:15,12.34,474097,12.27,U
sz300179,四方达,2025-10-20 13:26:18,12.36,75400,12.34,U
sz300179,四方达,2025-10-20 13:26:21,12.37,37000,12.36,U
sz300179,四方达,2025-10-20 13:26:27,12.38,46200,12.37,U
sz300179,四方达,2025-10-20 13:26:30,12.38,51000,12.38,U
sz300179,四方达,2025-10-20 13:26:33,12.38,42800,12.38,D
sz300179,四方达,2025-10-20 13:26:36,12.39,55989,12.38,U
sz300179,四方达,2025-10-20 13:26:39,12.4,23500,12.39,U
sz300179,四方达,2025-10-20 13:26:42,12.4,117100,12.4,U
sz300179,四方达,2025-10-20 13:26:48,12.4,107400,12.4,D
sz300179,四方达,2025-10-20 13:26:51,12.43,63300,12.4,U
sz300179,四方达,2025-10-20 13:26:54,12.43,89700,12.43,U
sz300179,四方达,2025-10-20 13:26:57,12.45,62100,12.43,U
sz300179,四方达,2025-10-20 13:27:00,12.45,39800,12.45,U
sz300179,四方达,2025-10-20 13:27:03,12.43,44700,12.45,E
sz300179,四方达,2025-10-20 13:27:06,12.4,54900,12.43,D
sz300179,四方达,2025-10-20 13:27:09,12.4,111400,12.4,D
sz300179,四方达,2025-10-20 13:27:18,12.39,80100,12.4,E
sz300179,四方达,2025-10-20 13:27:24,12.38,29400,12.38,U
sz300179,四方达,2025-10-20 13:27:27,12.4,133489,12.38,U
sz300179,四方达,2025-10-20 13:27:30,12.43,35400,12.4,U
sz300179,四方达,2025-10-20 13:27:33,12.43,102139,12.43,U
sz300179,四方达,2025-10-20 13:27:36,12.45,68300,12.43,U
sz300179,四方达,2025-10-20 13:27:39,12.44,209100,12.45,D
sz300179,四方达,2025-10-20 13:27:42,12.46,120700,12.44,U
sz300179,四方达,2025-10-20 13:27:45,12.47,120900,12.46,E
sz300179,四方达,2025-10-20 13:27:48,12.49,27000,12.47,U
sz300179,四方达,2025-10-20 13:27:51,12.5,51800,12.49,U
sz300179,四方达,2025-10-20 13:27:54,12.5,116400,12.5,U
sz300179,四方达,2025-10-20 13:27:57,12.5,109500,12.5,U
sz300179,四方达,2025-10-20 13:28:00,12.52,21600,12.5,U
sz300179,四方达,2025-10-20 13:28:03,12.53,26726,12.52,U
sz300179,四方达,2025-10-20 13:28:06,12.52,27474,12.53,D
sz300179,四方达,2025-10-20 13:28:09,12.54,45726,12.52,U
sz300179,四方达,2025-10-20 13:28:12,12.54,45600,12.54,D
sz300179,四方达,2025-10-20 13:28:15,12.56,35100,12.54,U
sz300179,四方达,2025-10-20 13:28:18,12.54,150574,12.56,D
sz300179,四方达,2025-10-20 13:28:21,12.53,18900,12.54,E
sz300179,四方达,2025-10-20 13:28:24,12.53,43600,12.53,D
sz300179,四方达,2025-10-20 13:28:27,12.53,51800,12.53,U
sz300179,四方达,2025-10-20 13:28:30,12.54,251800,12.53,U
sz300179,四方达,2025-10-20 13:28:33,12.55,149200,12.54,U
sz300179,四方达,2025-10-20 13:28:36,12.57,36200,12.55,U
sz300179,四方达,2025-10-20 13:28:39,12.59,33200,12.57,U
sz300179,四方达,2025-10-20 13:28:42,12.62,38300,12.59,U
sz300179,四方达,2025-10-20 13:28:45,12.62,16400,12.62,U
sz300179,四方达,2025-10-20 13:28:48,12.63,29500,12.62,U
sz300179,四方达,2025-10-20 13:28:51,12.63,60300,12.63,D
sz300179,四方达,2025-10-20 13:28:54,12.62,171800,12.63,D
sz300179,四方达,2025-10-20 13:28:57,12.63,87600,12.62,U
sz300179,四方达,2025-10-20 13:29:00,12.65,83000,12.63,U
sz300179,四方达,2025-10-20 13:29:03,12.62,58300,12.65,D
sz300179,四方达,2025-10-20 13:29:06,12.63,82200,12.62,U
sz300179,四方达,2025-10-20 13:29:09,12.63,91800,12.63,U
sz300179,四方达,2025-10-20 13:29:12,12.63,44800,12.63,U
sz300179,四方达,2025-10-20 13:29:15,12.59,49000,12.63,D
sz300179,四方达,2025-10-20 13:29:18,12.63,177000,12.59,U
sz300179,四方达,2025-10-20 13:29:21,12.62,97400,12.63,U
sz300179,四方达,2025-10-20 13:29:24,12.62,29100,12.62,D
sz300179,四方达,2025-10-20 13:29:27,12.85,961000,12.62,U
sz300179,四方达,2025-10-20 13:29:30,12.99,536000,12.85,U
sz300179,四方达,2025-10-20 13:29:33,13.01,241700,12.99,U
sz300179,四方达,2025-10-20 13:29:36,13.07,37000,13.01,U
sz300179,四方达,2025-10-20 13:29:39,13.1,76800,13.07,U
sz300179,四方达,2025-10-20 13:29:42,13.1,404700,13.1,U
sz300179,四方达,2025-10-20 13:29:45,13.1,246500,13.1,U
sz300179,四方达,2025-10-20 13:29:48,13.12,102200,13.1,U
sz300179,四方达,2025-10-20 13:29:51,13.12,154800,13.12,D
sz300179,四方达,2025-10-20 13:29:54,13.16,231500,13.12,U
sz300179,四方达,2025-10-20 13:29:57,13.13,138100,13.16,D
sz300179,四方达,2025-10-20 13:30:00,13.11,118200,13.13,E
sz300179,四方达,2025-10-20 13:30:03,13.05,151100,13.11,D
sz300179,四方达,2025-10-20 13:30:06,12.99,69900,13.05,D
sz300179,四方达,2025-10-20 13:30:09,12.88,98600,12.99,D
sz300179,四方达,2025-10-20 13:30:12,12.98,45900,12.88,U
sz300179,四方达,2025-10-20 13:30:15,12.91,65800,12.98,E
sz300179,四方达,2025-10-20 13:30:18,12.95,99000,12.91,U
sz300179,四方达,2025-10-20 13:30:21,12.99,86900,12.95,E
sz300179,四方达,2025-10-20 13:30:24,13.01,24100,12.99,E
sz300179,四方达,2025-10-20 13:30:27,13.02,61700,13.01,U
sz300179,四方达,2025-10-20 13:30:30,13.0,63100,13.02,D
sz300179,四方达,2025-10-20 13:30:33,12.92,57600,13.0,E
sz300179,四方达,2025-10-20 13:30:36,12.98,28800,12.92,U
sz300179,四方达,2025-10-20 13:30:39,12.98,19100,12.98,D
sz300179,四方达,2025-10-20 13:30:42,12.99,95900,12.98,U
sz300179,四方达,2025-10-20 13:30:45,12.98,69200,12.99,D
sz300179,四方达,2025-10-20 13:30:48,12.9,38200,12.98,D
sz300179,四方达,2025-10-20 13:30:51,12.96,18900,12.9,D
sz300179,四方达,2025-10-20 13:30:54,12.96,29700,12.96,U
sz300179,四方达,2025-10-20 13:31:00,12.9,35400,12.93,D
sz300179,四方达,2025-10-20 13:31:03,12.91,52500,12.9,E
sz300179,四方达,2025-10-20 13:31:06,12.91,57600,12.91,D
sz300179,四方达,2025-10-20 13:31:09,12.92,277400,12.91,U
sz300179,四方达,2025-10-20 13:31:12,13.07,194900,12.92,U
sz300179,四方达,2025-10-20 13:31:15,13.11,75800,13.07,U
sz300179,四方达,2025-10-20 13:31:18,13.15,178400,13.11,U
sz300179,四方达,2025-10-20 13:31:21,13.18,84000,13.15,U
sz300179,四方达,2025-10-20 13:31:24,13.19,129500,13.18,U
sz300179,四方达,2025-10-20 13:31:27,13.21,91200,13.19,U
sz300179,四方达,2025-10-20 13:31:30,13.25,64100,13.21,U
sz300179,四方达,2025-10-20 13:31:33,13.26,103700,13.25,U
sz300179,四方达,2025-10-20 13:31:36,13.3,101600,13.26,U
sz300179,四方达,2025-10-20 13:31:39,13.28,170300,13.3,D
sz300179,四方达,2025-10-20 13:31:42,13.29,167881,13.28,U
sz300179,四方达,2025-10-20 13:31:45,13.26,48219,13.29,D
sz300179,四方达,2025-10-20 13:31:48,13.25,63400,13.26,D
sz300179,四方达,2025-10-20 13:31:51,13.24,58300,13.25,E
sz300179,四方达,2025-10-20 13:31:54,13.2,43600,13.24,D
sz300179,四方达,2025-10-20 13:31:57,13.21,44000,13.2,U
sz300179,四方达,2025-10-20 13:32:00,13.21,75600,13.21,D
sz300179,四方达,2025-10-20 13:32:03,13.22,72600,13.21,U
sz300179,四方达,2025-10-20 13:32:06,13.21,56900,13.22,D
sz300179,四方达,2025-10-20 13:32:09,13.2,29300,13.21,D
sz300179,四方达,2025-10-20 13:32:12,13.16,30000,13.2,D
sz300179,四方达,2025-10-20 13:32:15,13.15,31000,13.16,D
sz300179,四方达,2025-10-20 13:32:18,13.14,76000,13.15,D
sz300179,四方达,2025-10-20 13:32:21,13.23,635200,13.14,U
sz300179,四方达,2025-10-20 13:32:24,13.15,400300,13.23,D
sz300179,四方达,2025-10-20 13:32:27,13.28,96700,13.15,E
sz300179,四方达,2025-10-20 13:32:30,13.33,72900,13.28,E
sz300179,四方达,2025-10-20 13:32:33,13.36,55500,13.33,U
sz300179,四方达,2025-10-20 13:32:36,13.37,105000,13.36,U
sz300179,四方达,2025-10-20 13:32:39,13.38,74100,13.37,U
sz300179,四方达,2025-10-20 13:32:42,13.39,76500,13.38,U
sz300179,四方达,2025-10-20 13:32:45,13.42,88600,13.39,U
sz300179,四方达,2025-10-20 13:32:48,13.4,83700,13.42,D
sz300179,四方达,2025-10-20 13:32:51,13.42,76800,13.4,E
sz300179,四方达,2025-10-20 13:32:54,13.46,37000,13.42,U
sz300179,四方达,2025-10-20 13:32:57,13.47,81600,13.46,U
sz300179,四方达,2025-10-20 13:33:00,13.47,126400,13.47,U
sz300179,四方达,2025-10-20 13:33:03,13.45,187200,13.47,D
sz300179,四方达,2025-10-20 13:33:06,13.41,132700,13.45,D
sz300179,四方达,2025-10-20 13:33:09,13.4,103700,13.41,D
sz300179,四方达,2025-10-20 13:33:12,13.4,251000,13.4,D
sz300179,四方达,2025-10-20 13:33:15,13.33,80400,13.4,D
sz300179,四方达,2025-10-20 13:33:18,13.37,40600,13.33,U
sz300179,四方达,2025-10-20 13:33:21,13.35,235300,13.37,E
sz300179,四方达,2025-10-20 13:33:24,13.29,35400,13.35,E
sz300179,四方达,2025-10-20 13:33:27,13.35,100200,13.29,U
sz300179,四方达,2025-10-20 13:33:30,13.35,43300,13.35,U
sz300179,四方达,2025-10-20 13:33:33,13.33,62400,13.35,D
sz300179,四方达,2025-10-20 13:33:36,13.39,551200,13.33,U
sz300179,四方达,2025-10-20 13:33:39,13.33,56600,13.39,D
sz300179,四方达,2025-10-20 13:33:42,13.38,165274,13.33,U
sz300179,四方达,2025-10-20 13:33:45,13.42,93400,13.38,U
sz300179,四方达,2025-10-20 13:33:48,13.41,122000,13.42,E
sz300179,四方达,2025-10-20 13:33:51,13.4,65000,13.41,D
sz300179,四方达,2025-10-20 13:33:54,13.35,104900,13.4,D
sz300179,四方达,2025-10-20 13:33:57,13.4,73700,13.35,U
sz300179,四方达,2025-10-20 13:34:00,13.38,24600,13.4,D
sz300179,四方达,2025-10-20 13:34:03,13.36,34700,13.38,E
sz300179,四方达,2025-10-20 13:34:06,13.35,50800,13.36,E
sz300179,四方达,2025-10-20 13:34:09,13.51,1048000,13.35,U
sz300179,四方达,2025-10-20 13:34:12,13.69,282700,13.51,U
sz300179,四方达,2025-10-20 13:34:15,13.69,37900,13.69,U
sz300179,四方达,2025-10-20 13:34:18,13.69,57900,13.69,U
sz300179,四方达,2025-10-20 13:34:21,13.7,96300,13.69,E
sz300179,四方达,2025-10-20 13:34:24,13.77,74700,13.7,E
sz300179,四方达,2025-10-20 13:34:27,13.77,128300,13.77,U
sz300179,四方达,2025-10-20 13:34:30,13.8,155400,13.77,U
sz300179,四方达,2025-10-20 13:34:33,13.79,132400,13.8,E
sz300179,四方达,2025-10-20 13:34:36,13.79,104300,13.79,U
sz300179,四方达,2025-10-20 13:34:39,13.75,95300,13.79,E
sz300179,四方达,2025-10-20 13:34:42,13.75,50800,13.75,U
sz300179,四方达,2025-10-20 13:34:45,13.7,137000,13.75,D
sz300179,四方达,2025-10-20 13:34:48,13.7,49400,13.7,U
sz300179,四方达,2025-10-20 13:34:54,13.69,19900,13.69,U
sz300179,四方达,2025-10-20 13:34:57,13.59,21200,13.69,D
sz300179,四方达,2025-10-20 13:35:03,13.52,21900,13.56,D
sz300179,四方达,2025-10-20 13:35:09,13.48,213000,13.5,D
sz300179,四方达,2025-10-20 13:35:12,13.52,115700,13.48,U
sz300179,四方达,2025-10-20 13:35:15,13.49,147300,13.52,E
sz300179,四方达,2025-10-20 13:35:18,13.54,78600,13.49,U
sz300179,四方达,2025-10-20 13:35:21,13.5,61700,13.54,D
sz300179,四方达,2025-10-20 13:35:24,13.5,29000,13.5,D
sz300179,四方达,2025-10-20 13:35:27,13.54,122500,13.5,U
sz300179,四方达,2025-10-20 13:35:30,13.49,135600,13.54,D
sz300179,四方达,2025-10-20 13:35:33,13.5,18700,13.49,U
sz300179,四方达,2025-10-20 13:35:36,13.49,105300,13.5,D
sz300179,四方达,2025-10-20 13:35:39,13.5,97700,13.49,U
sz300179,四方达,2025-10-20 13:35:42,13.5,58900,13.5,D
sz300179,四方达,2025-10-20 13:35:45,13.5,38900,13.5,D
sz300179,四方达,2025-10-20 13:35:48,13.5,95400,13.5,U
sz300179,四方达,2025-10-20 13:35:51,13.49,49600,13.5,D
sz300179,四方达,2025-10-20 13:35:54,13.48,81300,13.49,D
sz300179,四方达,2025-10-20 13:35:57,13.46,202000,13.48,D
sz300179,四方达,2025-10-20 13:36:00,13.47,40700,13.46,U
sz300179,四方达,2025-10-20 13:36:03,13.5,155335,13.47,U
sz300179,四方达,2025-10-20 13:36:06,13.48,144326,13.5,D
sz300179,四方达,2025-10-20 13:36:09,13.55,102500,13.48,E
sz300179,四方达,2025-10-20 13:36:12,13.66,97200,13.55,U
sz300179,四方达,2025-10-20 13:36:15,13.68,136400,13.66,U
sz300179,四方达,2025-10-20 13:36:18,13.69,36100,13.68,U
sz300179,四方达,2025-10-20 13:36:21,13.69,72800,13.69,U
sz300179,四方达,2025-10-20 13:36:24,13.7,50300,13.69,U
sz300179,四方达,2025-10-20 13:36:27,13.7,78700,13.7,U
sz300179,四方达,2025-10-20 13:36:30,13.69,99400,13.7,D
sz300179,四方达,2025-10-20 13:36:33,13.69,31900,13.69,D
sz300179,四方达,2025-10-20 13:36:36,13.66,90500,13.69,D
sz300179,四方达,2025-10-20 13:36:39,13.6,120000,13.66,D
sz300179,四方达,2025-10-20 13:36:42,13.6,16500,13.6,D
sz300179,四方达,2025-10-20 13:36:48,13.6,44700,13.57,U
sz300179,四方达,2025-10-20 13:36:54,13.56,33600,13.57,D
sz300179,四方达,2025-10-20 13:36:57,13.56,135300,13.56,U
sz300179,四方达,2025-10-20 13:37:03,13.51,37700,13.5,U
sz300179,四方达,2025-10-20 13:37:06,13.49,28100,13.51,D
sz300179,四方达,2025-10-20 13:37:09,13.49,22900,13.49,D
sz300179,四方达,2025-10-20 13:37:12,13.48,46800,13.49,D
sz300179,四方达,2025-10-20 13:37:15,13.47,47500,13.48,D
sz300179,四方达,2025-10-20 13:37:18,13.46,61600,13.47,D
sz300179,四方达,2025-10-20 13:37:21,13.46,64500,13.46,D
sz300179,四方达,2025-10-20 13:37:24,13.47,114000,13.46,U
sz300179,四方达,2025-10-20 13:37:27,13.58,157500,13.47,U
sz300179,四方达,2025-10-20 13:37:30,13.51,35900,13.58,D
sz300179,四方达,2025-10-20 13:37:33,13.5,61600,13.51,D
sz300179,四方达,2025-10-20 13:37:36,13.6,33900,13.5,U
sz300179,四方达,2025-10-20 13:37:39,13.6,85900,13.6,U
sz300179,四方达,2025-10-20 13:37:42,13.59,98800,13.6,E
sz300179,四方达,2025-10-20 13:37:45,13.56,42800,13.59,D
sz300179,四方达,2025-10-20 13:37:48,13.59,29500,13.56,U
sz300179,四方达,2025-10-20 13:37:54,13.58,27900,13.56,U
sz300179,四方达,2025-10-20 13:37:57,13.56,64900,13.58,E
sz300179,四方达,2025-10-20 13:38:03,13.55,107000,13.57,E
sz300179,四方达,2025-10-20 13:38:06,13.54,29600,13.55,D
sz300179,四方达,2025-10-20 13:38:09,13.55,76000,13.54,U
sz300179,四方达,2025-10-20 13:38:12,13.55,58800,13.55,D
sz300179,四方达,2025-10-20 13:38:15,13.52,16600,13.55,D
sz300179,四方达,2025-10-20 13:38:18,13.52,63600,13.52,U
sz300179,四方达,2025-10-20 13:38:21,13.51,63600,13.52,D
sz300179,四方达,2025-10-20 13:38:30,13.47,15000,13.48,D
sz300179,四方达,2025-10-20 13:38:33,13.47,39000,13.47,E
sz300179,四方达,2025-10-20 13:38:36,13.56,861600,13.47,U
sz300179,四方达,2025-10-20 13:38:39,13.56,245800,13.56,D
sz300179,四方达,2025-10-20 13:38:42,13.52,26000,13.56,D
sz300179,四方达,2025-10-20 13:38:45,13.58,20900,13.52,E
sz300179,四方达,2025-10-20 13:38:48,13.53,47600,13.58,D
sz300179,四方达,2025-10-20 13:38:57,13.54,31000,13.55,D
sz300179,四方达,2025-10-20 13:39:00,13.55,87300,13.54,U
sz300179,四方达,2025-10-20 13:39:03,13.59,183500,13.55,U
sz300179,四方达,2025-10-20 13:39:06,13.67,124300,13.59,U
sz300179,四方达,2025-10-20 13:39:09,13.85,1099600,13.67,U
sz300179,四方达,2025-10-20 13:39:12,14.05,6086186,13.85,U
sz300179,四方达,2025-10-20 13:39:18,14.05,124200,14.05,D
sz300179,四方达,2025-10-20 13:39:21,14.05,130466,14.05,D
sz300179,四方达,2025-10-20 13:39:24,14.05,196000,14.05,D
sz300179,四方达,2025-10-20 13:39:27,14.05,456600,14.05,D
sz300179,四方达,2025-10-20 13:39:30,14.05,263800,14.05,D
sz300179,四方达,2025-10-20 13:39:33,14.05,623489,14.05,D
sz300179,四方达,2025-10-20 13:39:36,14.05,446600,14.05,D
sz300179,四方达,2025-10-20 13:39:39,14.05,288100,14.05,D
sz300179,四方达,2025-10-20 13:39:42,14.05,230700,14.05,D
sz300179,四方达,2025-10-20 13:39:45,14.05,459500,14.05,D
sz300179,四方达,2025-10-20 13:39:48,14.05,131200,14.05,D
sz300179,四方达,2025-10-20 13:39:51,14.05,373300,14.05,D
sz300179,四方达,2025-10-20 13:39:54,14.05,269600,14.05,D
sz300179,四方达,2025-10-20 13:39:57,14.05,122500,14.05,D
sz300179,四方达,2025-10-20 13:40:00,14.05,63500,14.05,D
sz300179,四方达,2025-10-20 13:40:03,14.05,132500,14.05,D
sz300179,四方达,2025-10-20 13:40:06,14.05,35400,14.05,D
sz300179,四方达,2025-10-20 13:40:09,14.05,103000,14.05,D
sz300179,四方达,2025-10-20 13:40:12,14.05,157000,14.05,D
sz300179,四方达,2025-10-20 13:40:15,14.05,94200,14.05,D
sz300179,四方达,2025-10-20 13:40:18,14.05,57800,14.05,D
sz300179,四方达,2025-10-20 13:40:21,14.05,155800,14.05,D
sz300179,四方达,2025-10-20 13:40:24,14.05,348900,14.05,D
sz300179,四方达,2025-10-20 13:40:27,14.05,70800,14.05,D
sz300179,四方达,2025-10-20 13:40:30,14.05,94300,14.05,D
sz300179,四方达,2025-10-20 13:40:33,14.05,26200,14.05,D
sz300179,四方达,2025-10-20 13:40:36,14.05,70800,14.05,D
sz300179,四方达,2025-10-20 13:40:39,14.05,148800,14.05,D
sz300179,四方达,2025-10-20 13:40:42,14.05,88800,14.05,D
sz300179,四方达,2025-10-20 13:40:45,14.05,42800,14.05,D
sz300179,四方达,2025-10-20 13:40:48,14.05,18800,14.05,D
sz300179,四方达,2025-10-20 13:40:51,14.05,29600,14.05,D
sz300179,四方达,2025-10-20 13:40:54,14.05,122400,14.05,D
sz300179,四方达,2025-10-20 13:40:57,14.05,81200,14.05,D
sz300179,四方达,2025-10-20 13:41:00,14.05,32200,14.05,D
sz300179,四方达,2025-10-20 13:41:03,14.05,155200,14.05,D
sz300179,四方达,2025-10-20 13:41:06,14.05,121000,14.05,D
sz300179,四方达,2025-10-20 13:41:09,14.05,83500,14.05,D
sz300179,四方达,2025-10-20 13:41:12,14.05,49000,14.05,D
sz300179,四方达,2025-10-20 13:41:15,14.05,95800,14.05,D
sz300179,四方达,2025-10-20 13:41:21,14.05,47900,14.05,D
sz300179,四方达,2025-10-20 13:41:24,14.05,148900,14.05,D
sz300179,四方达,2025-10-20 13:41:27,14.05,40900,14.05,D
sz300179,四方达,2025-10-20 13:41:30,14.05,37500,14.05,D
sz300179,四方达,2025-10-20 13:41:33,14.05,31400,14.05,D
sz300179,四方达,2025-10-20 13:41:36,14.05,72800,14.05,D
sz300179,四方达,2025-10-20 13:41:39,14.05,33500,14.05,D
sz300179,四方达,2025-10-20 13:41:42,14.05,39100,14.05,D
sz300179,四方达,2025-10-20 13:41:45,14.05,23600,14.05,D
sz300179,四方达,2025-10-20 13:41:48,14.05,51600,14.05,D
sz300179,四方达,2025-10-20 13:41:51,14.05,24400,14.05,D
sz300179,四方达,2025-10-20 13:41:54,14.05,45700,14.05,D
sz300179,四方达,2025-10-20 13:42:00,14.05,25800,14.05,D
sz300179,四方达,2025-10-20 13:42:03,14.05,167700,14.05,D
sz300179,四方达,2025-10-20 13:42:09,14.05,45100,14.05,D
sz300179,四方达,2025-10-20 13:42:12,14.05,68000,14.05,D
sz300179,四方达,2025-10-20 13:42:15,14.05,27200,14.05,D
sz300179,四方达,2025-10-20 13:42:18,14.05,82400,14.05,D
sz300179,四方达,2025-10-20 13:42:21,14.05,32500,14.05,D
sz300179,四方达,2025-10-20 13:42:24,14.05,113600,14.05,D
sz300179,四方达,2025-10-20 13:42:27,14.05,14600,14.05,D
sz300179,四方达,2025-10-20 13:42:30,14.05,24300,14.05,D
sz300179,四方达,2025-10-20 13:42:33,14.05,20600,14.05,D
sz300179,四方达,2025-10-20 13:42:36,14.05,30500,14.05,D
sz300179,四方达,2025-10-20 13:42:39,14.05,62400,14.05,D
sz300179,四方达,2025-10-20 13:42:45,14.05,333700,14.05,D
sz300179,四方达,2025-10-20 13:42:48,14.05,18200,14.05,D
sz300179,四方达,2025-10-20 13:42:51,14.05,23900,14.05,D
sz300179,四方达,2025-10-20 13:42:57,14.05,71000,14.05,D
sz300179,四方达,2025-10-20 13:43:03,14.05,71200,14.05,D
sz300179,四方达,2025-10-20 13:43:06,14.05,27000,14.05,D
sz300179,四方达,2025-10-20 13:43:09,14.05,117900,14.05,D
sz300179,四方达,2025-10-20 13:43:12,14.05,137100,14.05,D
sz300179,四方达,2025-10-20 13:43:15,14.05,37900,14.05,D
sz300179,四方达,2025-10-20 13:43:18,14.05,56800,14.05,D
sz300179,四方达,2025-10-20 13:43:21,14.05,17400,14.05,D
sz300179,四方达,2025-10-20 13:43:24,14.05,47000,14.05,D
sz300179,四方达,2025-10-20 13:43:27,14.05,16400,14.05,D
sz300179,四方达,2025-10-20 13:43:30,14.05,58700,14.05,D
sz300179,四方达,2025-10-20 13:43:33,14.05,24300,14.05,D
sz300179,四方达,2025-10-20 13:43:45,14.05,30100,14.05,D
sz300179,四方达,2025-10-20 13:44:06,14.05,20900,14.05,D
sz300179,四方达,2025-10-20 13:44:09,14.05,45000,14.05,D
sz300179,四方达,2025-10-20 13:44:12,14.05,36400,14.05,D
sz300179,四方达,2025-10-20 13:44:27,14.05,77200,14.05,D
sz300179,四方达,2025-10-20 13:44:30,14.05,69800,14.05,D
sz300179,四方达,2025-10-20 13:44:33,14.05,18300,14.05,D
sz300179,四方达,2025-10-20 13:44:39,14.05,29100,14.05,D
sz300179,四方达,2025-10-20 13:44:45,14.05,27300,14.05,D
sz300179,四方达,2025-10-20 13:44:51,14.05,30000,14.05,D
sz300179,四方达,2025-10-20 13:44:54,14.05,46600,14.05,D
sz300179,四方达,2025-10-20 13:44:57,14.05,29500,14.05,D
sz300179,四方达,2025-10-20 13:45:00,14.05,34000,14.05,D
sz300179,四方达,2025-10-20 13:45:09,14.05,37800,14.05,D
sz300179,四方达,2025-10-20 13:45:12,14.05,57300,14.05,D
sz300179,四方达,2025-10-20 13:45:21,14.05,14400,14.05,D
sz300179,四方达,2025-10-20 13:45:30,14.05,50900,14.05,D
sz300179,四方达,2025-10-20 13:45:48,14.05,46600,14.05,D
sz300179,四方达,2025-10-20 13:45:51,14.05,111500,14.05,D
sz300179,四方达,2025-10-20 13:45:54,14.05,225100,14.05,D
sz300179,四方达,2025-10-20 13:45:57,14.05,14800,14.05,D
sz300179,四方达,2025-10-20 13:46:00,14.05,28000,14.05,D
sz300179,四方达,2025-10-20 13:46:03,14.05,127900,14.05,D
sz300179,四方达,2025-10-20 13:46:06,14.05,59700,14.05,D
sz300179,四方达,2025-10-20 13:46:12,14.05,64200,14.05,D
sz300179,四方达,2025-10-20 13:46:15,14.05,33500,14.05,D
sz300179,四方达,2025-10-20 13:46:18,14.05,25200,14.05,D
sz300179,四方达,2025-10-20 13:46:21,14.05,35100,14.05,D
sz300179,四方达,2025-10-20 13:46:24,14.05,83200,14.05,D
sz300179,四方达,2025-10-20 13:46:27,14.05,45500,14.05,D
sz300179,四方达,2025-10-20 13:46:30,14.05,78200,14.05,D
sz300179,四方达,2025-10-20 13:46:33,14.05,48800,14.05,D
sz300179,四方达,2025-10-20 13:46:36,14.05,32800,14.05,D
sz300179,四方达,2025-10-20 13:46:39,14.05,119200,14.05,D
sz300179,四方达,2025-10-20 13:46:42,14.05,29200,14.05,D
sz300179,四方达,2025-10-20 13:46:48,14.05,54600,14.05,D
sz300179,四方达,2025-10-20 13:46:54,14.05,35200,14.05,D
sz300179,四方达,2025-10-20 13:47:00,14.05,40300,14.05,D
sz300179,四方达,2025-10-20 13:47:09,14.05,59500,14.05,D
sz300179,四方达,2025-10-20 13:47:15,14.05,58500,14.05,D
sz300179,四方达,2025-10-20 13:47:18,14.05,162100,14.05,D
sz300179,四方达,2025-10-20 13:47:21,14.05,32700,14.05,D
sz300179,四方达,2025-10-20 13:47:24,14.05,32700,14.05,D
sz300179,四方达,2025-10-20 13:47:27,14.05,23600,14.05,D
sz300179,四方达,2025-10-20 13:47:33,14.05,23500,14.05,D
sz300179,四方达,2025-10-20 13:47:36,14.05,17700,14.05,D
sz300179,四方达,2025-10-20 13:47:39,14.05,18300,14.05,D
sz300179,四方达,2025-10-20 13:47:48,14.05,22400,14.05,D
sz300179,四方达,2025-10-20 13:48:03,14.05,15600,14.05,D
sz300179,四方达,2025-10-20 13:48:15,14.05,16100,14.05,D
sz300179,四方达,2025-10-20 13:48:18,14.05,54500,14.05,D
sz300179,四方达,2025-10-20 13:48:21,14.05,33800,14.05,D
sz300179,四方达,2025-10-20 13:48:36,14.05,14800,14.05,D
sz300179,四方达,2025-10-20 13:48:39,14.05,47000,14.05,D
sz300179,四方达,2025-10-20 13:48:45,14.05,227700,14.05,D
sz300179,四方达,2025-10-20 13:49:12,14.05,24500,14.05,D
sz300179,四方达,2025-10-20 13:49:15,14.05,16000,14.05,D
sz300179,四方达,2025-10-20 13:49:18,14.05,18800,14.05,D
sz300179,四方达,2025-10-20 13:49:39,14.05,14500,14.05,D
sz300179,四方达,2025-10-20 13:49:42,14.05,58200,14.05,D
sz300179,四方达,2025-10-20 13:49:45,14.05,14600,14.05,D
sz300179,四方达,2025-10-20 13:50:18,14.05,24200,14.05,D
sz300179,四方达,2025-10-20 13:50:24,14.05,24500,14.05,D
sz300179,四方达,2025-10-20 13:50:39,14.05,16300,14.05,D
sz300179,四方达,2025-10-20 13:51:15,14.05,33700,14.05,D
sz300179,四方达,2025-10-20 13:51:24,14.05,16700,14.05,D
sz300179,四方达,2025-10-20 13:51:39,14.05,15500,14.05,D
sz300179,四方达,2025-10-20 13:51:42,14.05,41900,14.05,D
sz300179,四方达,2025-10-20 13:51:48,14.05,22600,14.05,D
sz300179,四方达,2025-10-20 13:51:57,14.05,23000,14.05,D
sz300179,四方达,2025-10-20 13:52:00,14.05,17100,14.05,D
sz300179,四方达,2025-10-20 13:52:15,14.05,105700,14.05,D
sz300179,四方达,2025-10-20 13:52:18,14.05,20900,14.05,D
sz300179,四方达,2025-10-20 13:52:27,14.05,90600,14.05,D
sz300179,四方达,2025-10-20 13:52:39,14.05,40000,14.05,D
sz300179,四方达,2025-10-20 13:52:48,14.05,19800,14.05,D
sz300179,四方达,2025-10-20 13:53:09,14.05,33500,14.05,D
sz300179,四方达,2025-10-20 13:53:18,14.05,141700,14.05,D
sz300179,四方达,2025-10-20 13:53:21,14.05,39500,14.05,D
sz300179,四方达,2025-10-20 13:53:42,14.05,30500,14.05,D
sz300179,四方达,2025-10-20 13:53:45,14.05,18400,14.05,D
sz300179,四方达,2025-10-20 13:53:57,14.05,46400,14.05,D
sz300179,四方达,2025-10-20 13:54:12,14.05,27000,14.05,D
sz300179,四方达,2025-10-20 13:54:15,14.05,40800,14.05,D
sz300179,四方达,2025-10-20 13:54:21,14.05,64800,14.05,D
sz300179,四方达,2025-10-20 13:54:24,14.05,17000,14.05,D
sz300179,四方达,2025-10-20 13:54:30,14.05,22800,14.05,D
sz300179,四方达,2025-10-20 13:54:33,14.05,99700,14.05,D
sz300179,四方达,2025-10-20 13:54:42,14.05,15900,14.05,D
sz300179,四方达,2025-10-20 13:54:48,14.05,34000,14.05,D
sz300179,四方达,2025-10-20 13:54:54,14.05,38500,14.05,D
sz300179,四方达,2025-10-20 13:54:57,14.05,60700,14.05,D
sz300179,四方达,2025-10-20 13:55:18,14.05,16000,14.05,D
sz300179,四方达,2025-10-20 13:55:27,14.05,254200,14.05,D
sz300179,四方达,2025-10-20 13:55:42,14.05,14400,14.05,D
sz300179,四方达,2025-10-20 13:56:00,14.05,20600,14.05,D
sz300179,四方达,2025-10-20 13:56:03,14.05,19794,14.05,D
sz300179,四方达,2025-10-20 13:57:06,14.05,43300,14.05,D
sz300179,四方达,2025-10-20 13:57:09,14.05,40500,14.05,D
sz300179,四方达,2025-10-20 13:57:24,14.05,28500,14.05,D
sz300179,四方达,2025-10-20 13:57:54,14.05,21200,14.05,D
sz300179,四方达,2025-10-20 13:58:30,14.05,16000,14.05,D
sz300179,四方达,2025-10-20 13:58:33,14.05,27800,14.05,D
sz300179,四方达,2025-10-20 13:59:18,14.05,22400,14.05,D
sz300179,四方达,2025-10-20 13:59:30,14.05,30800,14.05,D
sz300179,四方达,2025-10-20 13:59:45,14.05,16200,14.05,D
sz300179,四方达,2025-10-20 13:59:57,14.05,36800,14.05,D
sz300179,四方达,2025-10-20 14:00:03,14.05,15300,14.05,D
sz300179,四方达,2025-10-20 14:00:21,14.05,79400,14.05,D
sz300179,四方达,2025-10-20 14:00:51,14.05,70300,14.05,D
sz300179,四方达,2025-10-20 14:01:00,14.05,51000,14.05,D
sz300179,四方达,2025-10-20 14:01:15,14.05,55500,14.05,D
sz300179,四方达,2025-10-20 14:01:24,14.05,51500,14.05,D
sz300179,四方达,2025-10-20 14:01:30,14.05,21000,14.05,D
sz300179,四方达,2025-10-20 14:01:33,14.05,58200,14.05,D
sz300179,四方达,2025-10-20 14:01:54,14.05,71100,14.05,D
sz300179,四方达,2025-10-20 14:02:00,14.05,20700,14.05,D
sz300179,四方达,2025-10-20 14:02:03,14.05,33400,14.05,D
sz300179,四方达,2025-10-20 14:02:18,14.05,51100,14.05,D
sz300179,四方达,2025-10-20 14:02:21,14.05,118200,14.05,D
sz300179,四方达,2025-10-20 14:02:33,14.05,20300,14.05,D
sz300179,四方达,2025-10-20 14:02:42,14.05,31300,14.05,D
sz300179,四方达,2025-10-20 14:02:51,14.05,86300,14.05,D
sz300179,四方达,2025-10-20 14:02:57,14.05,59500,14.05,D
sz300179,四方达,2025-10-20 14:03:00,14.05,22300,14.05,D
sz300179,四方达,2025-10-20 14:03:09,14.05,52300,14.05,D
sz300179,四方达,2025-10-20 14:03:18,14.05,63600,14.05,D
sz300179,四方达,2025-10-20 14:03:33,14.05,25200,14.05,D
sz300179,四方达,2025-10-20 14:03:42,14.05,118600,14.05,D
sz300179,四方达,2025-10-20 14:03:51,14.05,20800,14.05,D
sz300179,四方达,2025-10-20 14:03:57,14.05,53900,14.05,D
sz300179,四方达,2025-10-20 14:04:15,14.05,16700,14.05,D
sz300179,四方达,2025-10-20 14:04:36,14.05,24100,14.05,D
sz300179,四方达,2025-10-20 14:04:42,14.05,14500,14.05,D
sz300179,四方达,2025-10-20 14:05:51,14.05,80300,14.05,D
sz300179,四方达,2025-10-20 14:06:06,14.05,16800,14.05,D
sz300179,四方达,2025-10-20 14:06:24,14.05,21200,14.05,D
sz300179,四方达,2025-10-20 14:06:54,14.05,24400,14.05,D
sz300179,四方达,2025-10-20 14:07:06,14.05,15600,14.05,D
sz300179,四方达,2025-10-20 14:07:15,14.05,22000,14.05,D
sz300179,四方达,2025-10-20 14:07:24,14.05,21400,14.05,D
sz300179,四方达,2025-10-20 14:07:48,14.05,41500,14.05,D
sz300179,四方达,2025-10-20 14:07:54,14.05,48900,14.05,D
sz300179,四方达,2025-10-20 14:08:06,14.05,17800,14.05,D
sz300179,四方达,2025-10-20 14:08:27,14.05,20500,14.05,D
sz300179,四方达,2025-10-20 14:08:36,14.05,30200,14.05,D
sz300179,四方达,2025-10-20 14:09:39,14.05,25900,14.05,D
sz300179,四方达,2025-10-20 14:12:18,14.05,151200,14.05,D
sz300179,四方达,2025-10-20 14:12:54,14.05,23500,14.05,D
sz300179,四方达,2025-10-20 14:13:21,14.05,15000,14.05,D
sz300179,四方达,2025-10-20 14:14:03,14.05,45200,14.05,D
sz300179,四方达,2025-10-20 14:14:21,14.05,16700,14.05,D
sz300179,四方达,2025-10-20 14:14:36,14.05,17500,14.05,D
sz300179,四方达,2025-10-20 14:15:42,14.05,20600,14.05,D
sz300179,四方达,2025-10-20 14:16:09,14.05,23400,14.05,D
sz300179,四方达,2025-10-20 14:16:24,14.05,16200,14.05,D
sz300179,四方达,2025-10-20 14:18:15,14.05,41000,14.05,D
sz300179,四方达,2025-10-20 14:18:24,14.05,20000,14.05,D
sz300179,四方达,2025-10-20 14:20:30,14.05,30000,14.05,D
sz300179,四方达,2025-10-20 14:21:30,14.05,14800,14.05,D
sz300179,四方达,2025-10-20 14:22:33,14.05,47300,14.05,D
sz300179,四方达,2025-10-20 14:22:45,14.05,22300,14.05,D
sz300179,四方达,2025-10-20 14:23:33,14.05,15500,14.05,D
sz300179,四方达,2025-10-20 14:24:24,14.05,36800,14.05,D
sz300179,四方达,2025-10-20 14:24:33,14.05,21000,14.05,D
sz300179,四方达,2025-10-20 14:24:42,14.05,16000,14.05,D
sz300179,四方达,2025-10-20 14:25:48,14.05,24600,14.05,D
sz300179,四方达,2025-10-20 14:26:39,14.05,69700,14.05,D
sz300179,四方达,2025-10-20 14:27:00,14.05,15600,14.05,D
sz300179,四方达,2025-10-20 14:28:36,14.05,16500,14.05,D
sz300179,四方达,2025-10-20 14:29:09,14.05,107200,14.05,D
sz300179,四方达,2025-10-20 14:29:18,14.05,21000,14.05,D
sz300179,四方达,2025-10-20 14:29:27,14.05,18800,14.05,D
sz300179,四方达,2025-10-20 14:30:30,14.05,23100,14.05,D
sz300179,四方达,2025-10-20 14:31:03,14.05,15200,14.05,D
sz300179,四方达,2025-10-20 14:33:33,14.05,31700,14.05,D
sz300179,四方达,2025-10-20 14:33:36,14.05,22100,14.05,D
sz300179,四方达,2025-10-20 14:34:45,14.05,21000,14.05,D
sz300179,四方达,2025-10-20 14:35:27,14.05,19800,14.05,D
sz300179,四方达,2025-10-20 14:35:54,14.05,18600,14.05,D
sz300179,四方达,2025-10-20 14:36:36,14.05,23800,14.05,D
sz300179,四方达,2025-10-20 14:37:15,14.05,25900,14.05,D
sz300179,四方达,2025-10-20 14:37:27,14.05,21200,14.05,D
sz300179,四方达,2025-10-20 14:38:54,14.05,37000,14.05,D
sz300179,四方达,2025-10-20 14:39:06,14.05,19600,14.05,D
sz300179,四方达,2025-10-20 14:43:27,14.05,60400,14.05,D
sz300179,四方达,2025-10-20 14:44:57,14.05,18100,14.05,D
sz300179,四方达,2025-10-20 14:46:18,14.05,19400,14.05,D
sz300179,四方达,2025-10-20 14:46:51,14.05,30000,14.05,D
sz300179,四方达,2025-10-20 14:47:00,14.05,20700,14.05,D
sz300179,四方达,2025-10-20 14:48:30,14.05,45000,14.05,D
sz300179,四方达,2025-10-20 14:49:48,14.05,21200,14.05,D
sz300179,四方达,2025-10-20 14:50:00,14.05,71400,14.05,D
sz300179,四方达,2025-10-20 14:50:57,14.05,24700,14.05,D
sz300179,四方达,2025-10-20 14:53:00,14.05,17100,14.05,D
sz300179,四方达,2025-10-20 14:54:33,14.05,26300,14.05,D
sz300179,四方达,2025-10-20 14:55:42,14.05,25100,14.05,D
sz300179,四方达,2025-10-20 14:56:09,14.05,25300,14.05,D
sz300179,四方达,2025-10-20 14:56:33,14.05,30800,14.05,D
sz300179,四方达,2025-10-20 14:56:36,14.05,15800,14.05,D
sz300179,四方达,2025-10-20 14:56:45,14.05,78000,14.05,D
sz300179,四方达,2025-10-20 15:00:00,14.05,236500,14.05,U
