symbol,name,ticktime,price,volume,prev_price,kind
sz300179,四方达,2025-10-17 09:25:00,12.48,637300,0.0,D
sz300179,四方达,2025-10-17 09:30:00,12.46,1065300,12.48,D
sz300179,四方达,2025-10-17 09:30:03,12.42,274500,12.46,D
sz300179,四方达,2025-10-17 09:30:06,12.4,56900,12.42,D
sz300179,四方达,2025-10-17 09:30:09,12.4,45300,12.4,U
sz300179,四方达,2025-10-17 09:30:12,12.38,65900,12.4,D
sz300179,四方达,2025-10-17 09:30:15,12.35,77200,12.38,D
sz300179,四方达,2025-10-17 09:30:18,12.35,50800,12.35,D
sz300179,四方达,2025-10-17 09:30:21,12.35,46300,12.35,D
sz300179,四方达,2025-10-17 09:30:24,12.35,126500,12.35,D
sz300179,四方达,2025-10-17 09:30:27,12.31,81600,12.35,D
sz300179,四方达,2025-10-17 09:30:30,12.34,49400,12.31,E
sz300179,四方达,2025-10-17 09:30:33,12.31,89100,12.34,D
sz300179,四方达,2025-10-17 09:30:36,12.27,207600,12.31,D
sz300179,四方达,2025-10-17 09:30:39,12.29,134900,12.27,U
sz300179,四方达,2025-10-17 09:30:42,12.27,52400,12.29,D
sz300179,四方达,2025-10-17 09:30:45,12.26,64000,12.27,D
sz300179,四方达,2025-10-17 09:30:48,12.26,151000,12.26,D
sz300179,四方达,2025-10-17 09:30:51,12.26,74700,12.26,U
sz300179,四方达,2025-10-17 09:30:54,12.26,58200,12.26,D
sz300179,四方达,2025-10-17 09:30:57,12.27,36100,12.26,D
sz300179,四方达,2025-10-17 09:31:00,12.26,129800,12.27,D
sz300179,四方达,2025-10-17 09:31:03,12.28,45800,12.26,E
sz300179,四方达,2025-10-17 09:31:06,12.19,267600,12.28,D
sz300179,四方达,2025-10-17 09:31:09,12.2,122000,12.19,U
sz300179,四方达,2025-10-17 09:31:12,12.19,79400,12.2,U
sz300179,四方达,2025-10-17 09:31:15,12.18,32100,12.19,E
sz300179,四方达,2025-10-17 09:31:18,12.21,270000,12.18,U
sz300179,四方达,2025-10-17 09:31:21,12.19,35100,12.21,D
sz300179,四方达,2025-10-17 09:31:24,12.19,41600,12.19,D
sz300179,四方达,2025-10-17 09:31:27,12.19,56700,12.19,D
sz300179,四方达,2025-10-17 09:31:30,12.19,103700,12.19,D
sz300179,四方达,2025-10-17 09:31:33,12.18,148200,12.19,D
sz300179,四方达,2025-10-17 09:31:36,12.19,174600,12.18,E
sz300179,四方达,2025-10-17 09:31:39,12.2,40800,12.19,E
sz300179,四方达,2025-10-17 09:31:42,12.21,65200,12.2,U
sz300179,四方达,2025-10-17 09:31:45,12.22,62600,12.21,U
sz300179,四方达,2025-10-17 09:31:48,12.2,65500,12.22,D
sz300179,四方达,2025-10-17 09:31:51,12.21,100000,12.2,D
sz300179,四方达,2025-10-17 09:31:54,12.2,140100,12.21,D
sz300179,四方达,2025-10-17 09:31:57,12.22,51300,12.2,U
sz300179,四方达,2025-10-17 09:32:00,12.22,46900,12.22,U
sz300179,四方达,2025-10-17 09:32:03,12.21,41100,12.22,D
sz300179,四方达,2025-10-17 09:32:06,12.21,26600,12.21,U
sz300179,四方达,2025-10-17 09:32:09,12.22,68400,12.21,U
sz300179,四方达,2025-10-17 09:32:12,12.23,121100,12.22,U
sz300179,四方达,2025-10-17 09:32:15,12.21,58300,12.23,U
sz300179,四方达,2025-10-17 09:32:18,12.22,16500,12.21,D
sz300179,四方达,2025-10-17 09:32:21,12.22,110100,12.22,D
sz300179,四方达,2025-10-17 09:32:24,12.22,60700,12.22,U
sz300179,四方达,2025-10-17 09:32:27,12.22,24700,12.22,D
sz300179,四方达,2025-10-17 09:32:30,12.25,71400,12.22,U
sz300179,四方达,2025-10-17 09:32:39,12.27,26700,12.26,U
sz300179,四方达,2025-10-17 09:32:42,12.27,28100,12.27,U
sz300179,四方达,2025-10-17 09:32:45,12.26,56600,12.27,D
sz300179,四方达,2025-10-17 09:32:48,12.29,20700,12.26,U
sz300179,四方达,2025-10-17 09:32:51,12.3,32000,12.29,U
sz300179,四方达,2025-10-17 09:32:54,12.28,261100,12.3,D
sz300179,四方达,2025-10-17 09:32:57,12.29,32600,12.28,U
sz300179,四方达,2025-10-17 09:33:00,12.25,126100,12.29,D
sz300179,四方达,2025-10-17 09:33:03,12.25,45300,12.25,D
sz300179,四方达,2025-10-17 09:33:06,12.27,33900,12.25,E
sz300179,四方达,2025-10-17 09:33:09,12.25,102800,12.27,D
sz300179,四方达,2025-10-17 09:33:12,12.24,51700,12.25,D
sz300179,四方达,2025-10-17 09:33:15,12.23,290168,12.24,D
sz300179,四方达,2025-10-17 09:33:18,12.23,83300,12.23,U
sz300179,四方达,2025-10-17 09:33:21,12.22,57900,12.23,E
sz300179,四方达,2025-10-17 09:33:24,12.21,52000,12.22,D
sz300179,四方达,2025-10-17 09:33:27,12.21,70100,12.21,D
sz300179,四方达,2025-10-17 09:33:30,12.21,171332,12.21,D
sz300179,四方达,2025-10-17 09:33:33,12.19,193300,12.21,D
sz300179,四方达,2025-10-17 09:33:36,12.18,271000,12.19,D
sz300179,四方达,2025-10-17 09:33:39,12.16,53700,12.18,D
sz300179,四方达,2025-10-17 09:33:42,12.16,23700,12.16,D
sz300179,四方达,2025-10-17 09:33:45,12.15,51200,12.16,D
sz300179,四方达,2025-10-17 09:33:48,12.15,110800,12.15,D
sz300179,四方达,2025-10-17 09:33:51,12.15,162000,12.15,U
sz300179,四方达,2025-10-17 09:33:54,12.16,66400,12.15,U
sz300179,四方达,2025-10-17 09:33:57,12.16,69500,12.16,D
sz300179,四方达,2025-10-17 09:34:00,12.16,40400,12.16,U
sz300179,四方达,2025-10-17 09:34:03,12.15,62400,12.16,D
sz300179,四方达,2025-10-17 09:34:06,12.15,69800,12.15,D
sz300179,四方达,2025-10-17 09:34:09,12.16,54300,12.15,U
sz300179,四方达,2025-10-17 09:34:12,12.14,154800,12.16,D
sz300179,四方达,2025-10-17 09:34:18,12.12,37300,12.12,D
sz300179,四方达,2025-10-17 09:34:21,12.1,85200,12.12,D
sz300179,四方达,2025-10-17 09:34:24,12.1,79700,12.1,D
sz300179,四方达,2025-10-17 09:34:27,12.09,93100,12.1,D
sz300179,四方达,2025-10-17 09:34:30,12.11,213800,12.09,U
sz300179,四方达,2025-10-17 09:34:33,12.11,115300,12.11,U
sz300179,四方达,2025-10-17 09:34:36,12.11,54300,12.11,D
sz300179,四方达,2025-10-17 09:34:39,12.11,87000,12.11,D
sz300179,四方达,2025-10-17 09:34:42,12.11,108000,12.11,D
sz300179,四方达,2025-10-17 09:34:45,12.15,53600,12.11,U
sz300179,四方达,2025-10-17 09:34:48,12.13,38600,12.15,E
sz300179,四方达,2025-10-17 09:34:51,12.15,35200,12.13,D
sz300179,四方达,2025-10-17 09:34:54,12.15,24500,12.15,D
sz300179,四方达,2025-10-17 09:34:57,12.15,27500,12.15,U
sz300179,四方达,2025-10-17 09:35:00,12.15,21200,12.15,D
sz300179,四方达,2025-10-17 09:35:03,12.14,37200,12.15,D
sz300179,四方达,2025-10-17 09:35:06,12.13,64400,12.14,D
sz300179,四方达,2025-10-17 09:35:09,12.14,52100,12.13,U
sz300179,四方达,2025-10-17 09:35:12,12.14,26600,12.14,D
sz300179,四方达,2025-10-17 09:35:15,12.15,106000,12.14,U
sz300179,四方达,2025-10-17 09:35:18,12.15,76700,12.15,U
sz300179,四方达,2025-10-17 09:35:21,12.16,26900,12.15,U
sz300179,四方达,2025-10-17 09:35:27,12.17,17400,12.17,U
sz300179,四方达,2025-10-17 09:35:36,12.17,76800,12.18,D
sz300179,四方达,2025-10-17 09:35:39,12.17,22100,12.17,D
sz300179,四方达,2025-10-17 09:35:42,12.17,64200,12.17,D
sz300179,四方达,2025-10-17 09:35:45,12.18,22900,12.17,U
sz300179,四方达,2025-10-17 09:35:48,12.18,21400,12.18,D
sz300179,四方达,2025-10-17 09:35:51,12.18,54300,12.18,D
sz300179,四方达,2025-10-17 09:35:54,12.18,52900,12.18,E
sz300179,四方达,2025-10-17 09:35:57,12.19,44700,12.18,D
sz300179,四方达,2025-10-17 09:36:00,12.15,275100,12.19,D
sz300179,四方达,2025-10-17 09:36:03,12.14,106800,12.15,D
sz300179,四方达,2025-10-17 09:36:06,12.12,41400,12.14,D
sz300179,四方达,2025-10-17 09:36:09,12.12,60100,12.12,D
sz300179,四方达,2025-10-17 09:36:12,12.12,18500,12.12,D
sz300179,四方达,2025-10-17 09:36:15,12.12,35700,12.12,D
sz300179,四方达,2025-10-17 09:36:18,12.12,46800,12.12,D
sz300179,四方达,2025-10-17 09:36:21,12.11,67300,12.12,D
sz300179,四方达,2025-10-17 09:36:24,12.11,55900,12.11,D
sz300179,四方达,2025-10-17 09:36:27,12.12,93500,12.11,U
sz300179,四方达,2025-10-17 09:36:30,12.12,91900,12.12,D
sz300179,四方达,2025-10-17 09:36:33,12.11,50400,12.12,D
sz300179,四方达,2025-10-17 09:36:39,12.11,151200,12.12,D
sz300179,四方达,2025-10-17 09:36:42,12.12,112400,12.11,U
sz300179,四方达,2025-10-17 09:36:45,12.12,63200,12.12,U
sz300179,四方达,2025-10-17 09:36:48,12.12,81900,12.12,D
sz300179,四方达,2025-10-17 09:36:51,12.12,56100,12.12,D
sz300179,四方达,2025-10-17 09:36:54,12.13,190600,12.12,E
sz300179,四方达,2025-10-17 09:36:57,12.14,20300,12.13,U
sz300179,四方达,2025-10-17 09:37:00,12.13,46300,12.14,D
sz300179,四方达,2025-10-17 09:37:03,12.15,46800,12.13,U
sz300179,四方达,2025-10-17 09:37:12,12.14,60800,12.14,D
sz300179,四方达,2025-10-17 09:37:15,12.16,18200,12.14,U
sz300179,四方达,2025-10-17 09:37:27,12.17,61300,12.16,U
sz300179,四方达,2025-10-17 09:37:30,12.17,36200,12.17,D
sz300179,四方达,2025-10-17 09:37:33,12.19,22568,12.17,U
sz300179,四方达,2025-10-17 09:37:39,12.19,24800,12.19,D
sz300179,四方达,2025-10-17 09:37:42,12.21,42900,12.19,U
sz300179,四方达,2025-10-17 09:37:45,12.22,19200,12.21,U
sz300179,四方达,2025-10-17 09:37:48,12.21,39600,12.22,D
sz300179,四方达,2025-10-17 09:37:54,12.24,37600,12.24,U
sz300179,四方达,2025-10-17 09:38:00,12.25,48600,12.25,U
sz300179,四方达,2025-10-17 09:38:09,12.29,19100,12.28,E
sz300179,四方达,2025-10-17 09:38:12,12.3,92648,12.29,U
sz300179,四方达,2025-10-17 09:38:18,12.28,65000,12.3,U
sz300179,四方达,2025-10-17 09:38:21,12.28,23000,12.28,U
sz300179,四方达,2025-10-17 09:38:27,12.28,21800,12.28,U
sz300179,四方达,2025-10-17 09:38:30,12.28,23000,12.28,D
sz300179,四方达,2025-10-17 09:38:33,12.29,21300,12.28,U
sz300179,四方达,2025-10-17 09:38:36,12.25,39900,12.29,D
sz300179,四方达,2025-10-17 09:38:48,12.28,135800,12.28,U
sz300179,四方达,2025-10-17 09:38:51,12.27,85100,12.28,D
sz300179,四方达,2025-10-17 09:38:54,12.28,16300,12.27,U
sz300179,四方达,2025-10-17 09:39:00,12.29,29400,12.24,U
sz300179,四方达,2025-10-17 09:39:03,12.29,35900,12.29,D
sz300179,四方达,2025-10-17 09:39:06,12.28,47900,12.29,D
sz300179,四方达,2025-10-17 09:39:09,12.27,21000,12.28,D
sz300179,四方达,2025-10-17 09:39:15,12.2,237700,12.25,D
sz300179,四方达,2025-10-17 09:39:18,12.25,18300,12.2,U
sz300179,四方达,2025-10-17 09:39:27,12.2,94500,12.17,E
sz300179,四方达,2025-10-17 09:39:30,12.17,39000,12.2,D
sz300179,四方达,2025-10-17 09:39:39,12.18,23600,12.18,U
sz300179,四方达,2025-10-17 09:39:42,12.21,104100,12.18,U
sz300179,四方达,2025-10-17 09:39:45,12.18,23400,12.21,D
sz300179,四方达,2025-10-17 09:39:51,12.19,30000,12.18,D
sz300179,四方达,2025-10-17 09:39:54,12.18,35600,12.19,D
sz300179,四方达,2025-10-17 09:39:57,12.19,20800,12.18,D
sz300179,四方达,2025-10-17 09:40:03,12.2,17800,12.19,U
sz300179,四方达,2025-10-17 09:40:18,12.18,42600,12.2,D
sz300179,四方达,2025-10-17 09:40:21,12.2,39300,12.18,U
sz300179,四方达,2025-10-17 09:40:24,12.2,20400,12.2,D
sz300179,四方达,2025-10-17 09:40:27,12.19,21300,12.2,D
sz300179,四方达,2025-10-17 09:40:30,12.19,22500,12.19,D
sz300179,四方达,2025-10-17 09:40:33,12.19,36300,12.19,D
sz300179,四方达,2025-10-17 09:40:36,12.19,24600,12.19,U
sz300179,四方达,2025-10-17 09:40:39,12.2,16700,12.19,D
sz300179,四方达,2025-10-17 09:40:42,12.19,87900,12.2,D
sz300179,四方达,2025-10-17 09:40:45,12.19,47500,12.19,D
sz300179,四方达,2025-10-17 09:40:48,12.2,23200,12.19,U
sz300179,四方达,2025-10-17 09:40:51,12.18,25400,12.2,D
sz300179,四方达,2025-10-17 09:40:57,12.18,18700,12.18,D
sz300179,四方达,2025-10-17 09:41:00,12.19,42600,12.18,U
sz300179,四方达,2025-10-17 09:41:03,12.18,23000,12.19,D
sz300179,四方达,2025-10-17 09:41:09,12.18,26000,12.18,D
sz300179,四方达,2025-10-17 09:41:12,12.18,38900,12.18,D
sz300179,四方达,2025-10-17 09:41:15,12.18,23500,12.18,U
sz300179,四方达,2025-10-17 09:41:18,12.16,106300,12.18,D
sz300179,四方达,2025-10-17 09:41:21,12.16,55900,12.16,D
sz300179,四方达,2025-10-17 09:41:24,12.17,44900,12.16,U
sz300179,四方达,2025-10-17 09:41:27,12.2,105200,12.17,U
sz300179,四方达,2025-10-17 09:41:30,12.15,23700,12.2,D
sz300179,四方达,2025-10-17 09:41:33,12.17,23700,12.15,U
sz300179,四方达,2025-10-17 09:41:42,12.17,18500,12.17,U
sz300179,四方达,2025-10-17 09:41:54,12.17,37500,12.17,D
sz300179,四方达,2025-10-17 09:42:00,12.16,44400,12.17,D
sz300179,四方达,2025-10-17 09:42:03,12.15,46500,12.16,D
sz300179,四方达,2025-10-17 09:42:06,12.15,49900,12.15,D
sz300179,四方达,2025-10-17 09:42:12,12.14,32400,12.15,D
sz300179,四方达,2025-10-17 09:42:18,12.14,16800,12.14,U
sz300179,四方达,2025-10-17 09:42:21,12.12,22400,12.14,D
sz300179,四方达,2025-10-17 09:42:24,12.1,108500,12.12,D
sz300179,四方达,2025-10-17 09:42:27,12.1,23400,12.1,D
sz300179,四方达,2025-10-17 09:42:30,12.11,103300,12.1,U
sz300179,四方达,2025-10-17 09:42:33,12.1,53800,12.11,D
sz300179,四方达,2025-10-17 09:42:36,12.1,42500,12.1,D
sz300179,四方达,2025-10-17 09:42:39,12.1,68500,12.1,D
sz300179,四方达,2025-10-17 09:42:42,12.1,47400,12.1,D
sz300179,四方达,2025-10-17 09:42:45,12.09,17900,12.1,D
sz300179,四方达,2025-10-17 09:42:48,12.08,75400,12.09,D
sz300179,四方达,2025-10-17 09:42:51,12.08,49400,12.08,D
sz300179,四方达,2025-10-17 09:42:54,12.08,102300,12.08,D
sz300179,四方达,2025-10-17 09:42:57,12.07,48700,12.08,D
sz300179,四方达,2025-10-17 09:43:00,12.08,32700,12.07,U
sz300179,四方达,2025-10-17 09:43:03,12.06,110100,12.08,D
sz300179,四方达,2025-10-17 09:43:06,12.05,81500,12.06,D
sz300179,四方达,2025-10-17 09:43:12,12.04,52100,12.05,D
sz300179,四方达,2025-10-17 09:43:15,12.03,42700,12.04,D
sz300179,四方达,2025-10-17 09:43:18,12.04,70200,12.03,U
sz300179,四方达,2025-10-17 09:43:21,12.03,56400,12.04,E
sz300179,四方达,2025-10-17 09:43:24,12.01,19700,12.03,D
sz300179,四方达,2025-10-17 09:43:27,12.0,129600,12.01,D
sz300179,四方达,2025-10-17 09:43:30,12.01,73600,12.0,U
sz300179,四方达,2025-10-17 09:43:33,12.0,91000,12.01,D
sz300179,四方达,2025-10-17 09:43:36,12.01,115300,12.0,U
sz300179,四方达,2025-10-17 09:43:39,11.98,294700,12.01,D
sz300179,四方达,2025-10-17 09:43:42,11.99,40700,11.98,U
sz300179,四方达,2025-10-17 09:43:45,11.97,30900,11.99,D
sz300179,四方达,2025-10-17 09:43:48,11.98,34600,11.97,U
sz300179,四方达,2025-10-17 09:43:51,11.96,203100,11.98,D
sz300179,四方达,2025-10-17 09:43:54,11.97,149300,11.96,U
sz300179,四方达,2025-10-17 09:43:57,11.98,105100,11.97,E
sz300179,四方达,2025-10-17 09:44:00,11.98,72000,11.98,D
sz300179,四方达,2025-10-17 09:44:03,11.98,62800,11.98,D
sz300179,四方达,2025-10-17 09:44:06,12.01,41800,11.98,E
sz300179,四方达,2025-10-17 09:44:09,11.98,62100,12.01,D
sz300179,四方达,2025-10-17 09:44:12,11.98,18600,11.98,U
sz300179,四方达,2025-10-17 09:44:21,12.02,21500,11.99,U
sz300179,四方达,2025-10-17 09:44:24,12.01,17200,12.02,D
sz300179,四方达,2025-10-17 09:44:27,12.03,41100,12.01,U
sz300179,四方达,2025-10-17 09:44:30,12.02,38400,12.03,D
sz300179,四方达,2025-10-17 09:44:33,12.04,18400,12.02,U
sz300179,四方达,2025-10-17 09:44:36,12.02,21800,12.04,D
sz300179,四方达,2025-10-17 09:44:39,12.03,21300,12.02,U
sz300179,四方达,2025-10-17 09:44:45,12.04,38800,12.04,U
sz300179,四方达,2025-10-17 09:44:48,12.05,30300,12.04,U
sz300179,四方达,2025-10-17 09:44:51,12.03,20500,12.05,D
sz300179,四方达,2025-10-17 09:44:57,12.04,24500,12.05,D
sz300179,四方达,2025-10-17 09:45:03,12.05,49900,12.06,D
sz300179,四方达,2025-10-17 09:45:06,12.04,62800,12.05,D
sz300179,四方达,2025-10-17 09:45:09,12.05,62700,12.04,U
sz300179,四方达,2025-10-17 09:45:12,12.03,22700,12.05,D
sz300179,四方达,2025-10-17 09:45:15,12.04,29800,12.03,U
sz300179,四方达,2025-10-17 09:45:18,12.04,40400,12.04,U
sz300179,四方达,2025-10-17 09:45:24,12.02,21400,12.01,E
sz300179,四方达,2025-10-17 09:45:27,12.01,24400,12.02,D
sz300179,四方达,2025-10-17 09:45:30,12.02,59200,12.01,E
sz300179,四方达,2025-10-17 09:45:33,12.01,22500,12.02,D
sz300179,四方达,2025-10-17 09:45:36,12.01,95700,12.01,U
sz300179,四方达,2025-10-17 09:45:39,12.0,17400,12.01,D
sz300179,四方达,2025-10-17 09:45:45,11.99,21100,12.0,D
sz300179,四方达,2025-10-17 09:45:48,11.99,24400,11.99,D
sz300179,四方达,2025-10-17 09:45:54,11.98,28800,11.99,D
sz300179,四方达,2025-10-17 09:45:57,11.98,33500,11.98,D
sz300179,四方达,2025-10-17 09:46:00,11.98,53700,11.98,D
sz300179,四方达,2025-10-17 09:46:06,11.97,47500,11.98,D
sz300179,四方达,2025-10-17 09:46:09,11.96,26300,11.97,D
sz300179,四方达,2025-10-17 09:46:12,11.96,43800,11.96,D
sz300179,四方达,2025-10-17 09:46:15,11.95,59600,11.96,D
sz300179,四方达,2025-10-17 09:46:18,11.96,18800,11.95,U
sz300179,四方达,2025-10-17 09:46:21,11.96,50800,11.96,U
sz300179,四方达,2025-10-17 09:46:24,11.95,53600,11.96,D
sz300179,四方达,2025-10-17 09:46:27,11.95,29900,11.95,D
sz300179,四方达,2025-10-17 09:46:33,11.94,38000,11.94,D
sz300179,四方达,2025-10-17 09:46:36,11.94,42700,11.94,D
sz300179,四方达,2025-10-17 09:46:45,11.93,84400,11.93,D
sz300179,四方达,2025-10-17 09:46:48,11.93,51300,11.93,D
sz300179,四方达,2025-10-17 09:46:51,11.94,270100,11.93,U
sz300179,四方达,2025-10-17 09:46:54,11.94,58700,11.94,D
sz300179,四方达,2025-10-17 09:46:57,11.93,83000,11.94,D
sz300179,四方达,2025-10-17 09:47:00,11.95,40200,11.93,E
sz300179,四方达,2025-10-17 09:47:03,11.99,24400,11.95,U
sz300179,四方达,2025-10-17 09:47:15,11.99,34100,12.0,D
sz300179,四方达,2025-10-17 09:47:18,12.0,34100,11.99,U
sz300179,四方达,2025-10-17 09:47:24,12.0,18200,12.0,D
sz300179,四方达,2025-10-17 09:47:27,12.0,37900,12.0,D
sz300179,四方达,2025-10-17 09:47:30,12.0,26100,12.0,D
sz300179,四方达,2025-10-17 09:47:51,12.04,21900,12.04,U
sz300179,四方达,2025-10-17 09:47:54,12.05,25800,12.04,U
sz300179,四方达,2025-10-17 09:47:57,12.03,29300,12.05,D
sz300179,四方达,2025-10-17 09:48:00,12.03,23100,12.03,U
sz300179,四方达,2025-10-17 09:48:09,12.02,19900,12.02,U
sz300179,四方达,2025-10-17 09:48:12,12.01,21245,12.02,D
sz300179,四方达,2025-10-17 09:48:21,12.01,55400,12.01,U
sz300179,四方达,2025-10-17 09:48:24,12.0,35100,12.01,D
sz300179,四方达,2025-10-17 09:48:30,12.0,17600,12.0,D
sz300179,四方达,2025-10-17 09:48:33,12.0,22300,12.0,U
sz300179,四方达,2025-10-17 09:48:36,12.0,43900,12.0,U
sz300179,四方达,2025-10-17 09:48:45,12.0,16700,11.99,U
sz300179,四方达,2025-10-17 09:48:48,11.98,41000,12.0,D
sz300179,四方达,2025-10-17 09:49:03,11.98,35000,11.99,D
sz300179,四方达,2025-10-17 09:49:06,11.98,29000,11.98,U
sz300179,四方达,2025-10-17 09:49:09,11.97,37045,11.98,D
sz300179,四方达,2025-10-17 09:49:15,11.97,26200,11.97,D
sz300179,四方达,2025-10-17 09:49:18,11.97,17755,11.97,D
sz300179,四方达,2025-10-17 09:49:24,11.97,25700,11.97,D
sz300179,四方达,2025-10-17 09:49:27,11.98,22400,11.97,U
sz300179,四方达,2025-10-17 09:49:30,11.97,37700,11.98,D
sz300179,四方达,2025-10-17 09:49:36,11.95,116800,11.96,D
sz300179,四方达,2025-10-17 09:49:42,11.95,18200,11.95,U
sz300179,四方达,2025-10-17 09:49:45,11.94,22300,11.95,D
sz300179,四方达,2025-10-17 09:49:48,11.94,81500,11.94,D
sz300179,四方达,2025-10-17 09:49:51,11.95,31800,11.94,E
sz300179,四方达,2025-10-17 09:49:54,11.94,30400,11.95,D
sz300179,四方达,2025-10-17 09:49:57,11.94,48200,11.94,D
sz300179,四方达,2025-10-17 09:50:00,11.94,37700,11.94,D
sz300179,四方达,2025-10-17 09:50:03,11.96,28400,11.94,U
sz300179,四方达,2025-10-17 09:50:12,11.93,104200,11.97,D
sz300179,四方达,2025-10-17 09:50:21,11.95,38200,11.94,E
sz300179,四方达,2025-10-17 09:50:27,11.94,126345,11.96,D
sz300179,四方达,2025-10-17 09:50:30,11.94,34400,11.94,D
sz300179,四方达,2025-10-17 09:50:36,11.94,29700,11.94,U
sz300179,四方达,2025-10-17 09:50:39,11.94,26300,11.94,U
sz300179,四方达,2025-10-17 09:50:42,11.94,51100,11.94,D
sz300179,四方达,2025-10-17 09:50:45,11.95,55300,11.94,U
sz300179,四方达,2025-10-17 09:50:57,11.96,17200,11.96,D
sz300179,四方达,2025-10-17 09:51:09,11.98,56900,11.96,U
sz300179,四方达,2025-10-17 09:51:15,11.96,34000,11.98,D
sz300179,四方达,2025-10-17 09:51:27,11.95,38000,11.96,D
sz300179,四方达,2025-10-17 09:51:30,11.96,56355,11.95,U
sz300179,四方达,2025-10-17 09:51:39,11.96,46700,11.96,D
sz300179,四方达,2025-10-17 09:51:57,11.96,24700,11.98,D
sz300179,四方达,2025-10-17 09:52:03,11.97,21600,11.98,D
sz300179,四方达,2025-10-17 09:52:06,11.98,38000,11.97,U
sz300179,四方达,2025-10-17 09:52:09,11.97,21800,11.98,D
sz300179,四方达,2025-10-17 09:52:18,11.98,37600,11.98,U
sz300179,四方达,2025-10-17 09:52:21,11.98,78200,11.98,U
sz300179,四方达,2025-10-17 09:52:33,11.99,24800,11.99,U
sz300179,四方达,2025-10-17 09:52:45,12.01,38200,12.0,U
sz300179,四方达,2025-10-17 09:52:57,12.0,21400,12.01,D
sz300179,四方达,2025-10-17 09:53:06,12.0,73400,12.01,D
sz300179,四方达,2025-10-17 09:53:09,12.02,35700,12.0,U
sz300179,四方达,2025-10-17 09:53:15,12.02,24000,12.02,D
sz300179,四方达,2025-10-17 09:53:24,12.01,22500,12.02,D
sz300179,四方达,2025-10-17 09:53:27,12.01,27200,12.01,D
sz300179,四方达,2025-10-17 09:53:30,12.01,17400,12.01,U
sz300179,四方达,2025-10-17 09:53:54,12.0,25500,12.01,D
sz300179,四方达,2025-10-17 09:53:57,12.01,34400,12.0,U
sz300179,四方达,2025-10-17 09:54:03,12.0,17000,12.01,D
sz300179,四方达,2025-10-17 09:54:06,12.0,26100,12.0,D
sz300179,四方达,2025-10-17 09:54:12,12.0,21500,12.0,D
sz300179,四方达,2025-10-17 09:54:27,12.0,17600,12.0,D
sz300179,四方达,2025-10-17 09:54:36,11.99,18500,12.0,D
sz300179,四方达,2025-10-17 09:54:48,11.98,74800,12.0,D
sz300179,四方达,2025-10-17 09:54:54,11.98,33700,11.98,D
sz300179,四方达,2025-10-17 09:55:00,11.96,21200,11.97,D
sz300179,四方达,2025-10-17 09:55:15,11.96,18100,11.96,D
sz300179,四方达,2025-10-17 09:55:18,11.96,52645,11.96,D
sz300179,四方达,2025-10-17 09:55:24,11.96,22900,11.95,U
sz300179,四方达,2025-10-17 09:55:33,11.96,48300,11.96,U
sz300179,四方达,2025-10-17 09:55:36,11.96,27500,11.96,U
sz300179,四方达,2025-10-17 09:55:42,11.95,40900,11.95,D
sz300179,四方达,2025-10-17 09:55:45,11.94,25800,11.95,D
sz300179,四方达,2025-10-17 09:55:51,11.94,25400,11.94,D
sz300179,四方达,2025-10-17 09:56:00,11.94,48200,11.94,U
sz300179,四方达,2025-10-17 09:56:03,11.94,17500,11.94,U
sz300179,四方达,2025-10-17 09:56:06,11.93,21800,11.94,D
sz300179,四方达,2025-10-17 09:56:18,11.92,49600,11.93,D
sz300179,四方达,2025-10-17 09:56:24,11.93,30100,11.93,D
sz300179,四方达,2025-10-17 09:56:30,11.93,18800,11.93,D
sz300179,四方达,2025-10-17 09:56:33,11.93,41200,11.93,D
sz300179,四方达,2025-10-17 09:56:39,11.94,17900,11.94,U
sz300179,四方达,2025-10-17 09:56:42,11.95,82900,11.94,U
sz300179,四方达,2025-10-17 09:56:48,11.95,24800,11.94,U
sz300179,四方达,2025-10-17 09:56:51,11.95,31900,11.95,U
sz300179,四方达,2025-10-17 09:56:54,11.95,41100,11.95,U
sz300179,四方达,2025-10-17 09:57:00,11.94,26900,11.94,U
sz300179,四方达,2025-10-17 09:57:24,11.94,35700,11.94,D
sz300179,四方达,2025-10-17 09:57:39,11.95,19500,11.94,U
sz300179,四方达,2025-10-17 09:57:42,11.95,61200,11.95,U
sz300179,四方达,2025-10-17 09:58:03,11.97,17900,11.96,U
sz300179,四方达,2025-10-17 09:58:39,12.0,29300,11.99,U
sz300179,四方达,2025-10-17 09:59:03,11.99,20700,11.99,D
sz300179,四方达,2025-10-17 09:59:06,11.98,16800,11.99,D
sz300179,四方达,2025-10-17 09:59:12,11.98,25700,11.98,D
sz300179,四方达,2025-10-17 09:59:21,11.97,18300,11.97,D
sz300179,四方达,2025-10-17 09:59:36,11.97,83200,11.97,D
sz300179,四方达,2025-10-17 09:59:48,11.96,17000,11.96,D
sz300179,四方达,2025-10-17 10:00:00,11.98,28400,11.98,D
sz300179,四方达,2025-10-17 10:00:06,11.97,50100,11.97,D
sz300179,四方达,2025-10-17 10:00:18,11.97,18100,11.98,D
sz300179,四方达,2025-10-17 10:00:36,11.96,19600,11.95,U
sz300179,四方达,2025-10-17 10:01:03,11.93,22100,11.93,D
sz300179,四方达,2025-10-17 10:01:15,11.92,18800,11.92,D
sz300179,四方达,2025-10-17 10:01:18,11.92,19100,11.92,D
sz300179,四方达,2025-10-17 10:01:21,11.92,22600,11.92,D
sz300179,四方达,2025-10-17 10:01:24,11.91,40800,11.92,D
sz300179,四方达,2025-10-17 10:01:30,11.9,72355,11.92,D
sz300179,四方达,2025-10-17 10:01:36,11.9,47000,11.9,D
sz300179,四方达,2025-10-17 10:01:39,11.9,92300,11.9,D
sz300179,四方达,2025-10-17 10:01:48,11.9,25800,11.9,U
sz300179,四方达,2025-10-17 10:01:51,11.9,53000,11.9,U
sz300179,四方达,2025-10-17 10:01:57,11.89,25700,11.9,D
sz300179,四方达,2025-10-17 10:02:03,11.87,175500,11.89,D
sz300179,四方达,2025-10-17 10:02:09,11.89,104300,11.87,U
sz300179,四方达,2025-10-17 10:02:12,11.88,40600,11.89,D
sz300179,四方达,2025-10-17 10:02:15,11.87,39100,11.88,D
sz300179,四方达,2025-10-17 10:02:18,11.88,20100,11.87,D
sz300179,四方达,2025-10-17 10:02:21,11.88,40100,11.88,D
sz300179,四方达,2025-10-17 10:02:30,11.89,21000,11.9,D
sz300179,四方达,2025-10-17 10:02:33,11.9,21100,11.89,U
sz300179,四方达,2025-10-17 10:02:39,11.9,140900,11.9,D
sz300179,四方达,2025-10-17 10:02:45,11.87,25900,11.89,D
sz300179,四方达,2025-10-17 10:02:51,11.89,17600,11.9,D
sz300179,四方达,2025-10-17 10:02:54,11.9,31300,11.89,U
sz300179,四方达,2025-10-17 10:02:57,11.9,40545,11.9,D
sz300179,四方达,2025-10-17 10:03:03,11.92,31600,11.9,U
sz300179,四方达,2025-10-17 10:03:06,11.95,20200,11.92,U
sz300179,四方达,2025-10-17 10:03:09,11.96,30100,11.95,U
sz300179,四方达,2025-10-17 10:03:42,11.99,21800,11.99,U
sz300179,四方达,2025-10-17 10:03:57,12.03,25800,12.01,U
sz300179,四方达,2025-10-17 10:04:54,12.03,17800,12.03,U
sz300179,四方达,2025-10-17 10:04:57,12.02,17700,12.03,D
sz300179,四方达,2025-10-17 10:05:15,12.04,43600,12.04,U
sz300179,四方达,2025-10-17 10:05:33,12.05,20000,12.04,U
sz300179,四方达,2025-10-17 10:05:39,12.04,24700,12.04,D
sz300179,四方达,2025-10-17 10:06:00,12.05,20600,12.06,E
sz300179,四方达,2025-10-17 10:06:09,12.04,38500,12.05,E
sz300179,四方达,2025-10-17 10:06:12,12.03,21700,12.04,D
sz300179,四方达,2025-10-17 10:06:21,12.02,47900,12.03,D
sz300179,四方达,2025-10-17 10:06:48,12.03,19100,12.03,D
sz300179,四方达,2025-10-17 10:07:00,12.02,77100,12.04,D
sz300179,四方达,2025-10-17 10:07:12,12.03,37700,12.03,U
sz300179,四方达,2025-10-17 10:08:06,12.04,20000,12.05,D
sz300179,四方达,2025-10-17 10:08:27,12.03,48500,12.03,D
sz300179,四方达,2025-10-17 10:08:45,12.02,24700,12.02,D
sz300179,四方达,2025-10-17 10:08:54,12.01,32000,12.01,D
sz300179,四方达,2025-10-17 10:09:09,12.0,173700,12.0,D
sz300179,四方达,2025-10-17 10:09:12,12.0,31700,12.0,U
sz300179,四方达,2025-10-17 10:10:42,11.94,23100,11.95,D
sz300179,四方达,2025-10-17 10:11:09,11.94,51300,11.96,D
sz300179,四方达,2025-10-17 10:11:45,11.93,21000,11.94,D
sz300179,四方达,2025-10-17 10:12:12,11.91,36600,11.93,D
sz300179,四方达,2025-10-17 10:12:18,11.91,27400,11.91,D
sz300179,四方达,2025-10-17 10:12:24,11.9,99500,11.91,D
sz300179,四方达,2025-10-17 10:12:30,11.91,27600,11.9,U
sz300179,四方达,2025-10-17 10:12:36,11.9,26000,11.9,D
sz300179,四方达,2025-10-17 10:12:45,11.89,18300,11.89,U
sz300179,四方达,2025-10-17 10:13:15,11.88,21000,11.89,D
sz300179,四方达,2025-10-17 10:13:27,11.89,27500,11.89,D
sz300179,四方达,2025-10-17 10:14:21,11.93,37300,11.92,U
sz300179,四方达,2025-10-17 10:15:18,11.95,17800,11.94,U
sz300179,四方达,2025-10-17 10:15:30,11.95,20800,11.96,D
sz300179,四方达,2025-10-17 10:16:36,11.93,61400,11.93,U
sz300179,四方达,2025-10-17 10:17:33,11.97,22400,11.97,U
sz300179,四方达,2025-10-17 10:18:00,11.99,30900,11.99,D
sz300179,四方达,2025-10-17 10:18:03,11.99,28600,11.99,D
sz300179,四方达,2025-10-17 10:18:21,11.97,39200,11.98,D
sz300179,四方达,2025-10-17 10:19:06,11.97,23400,11.97,D
sz300179,四方达,2025-10-17 10:19:15,11.97,120800,11.99,D
sz300179,四方达,2025-10-17 10:20:00,11.93,26600,11.96,D
sz300179,四方达,2025-10-17 10:20:54,11.93,25500,11.95,D
sz300179,四方达,2025-10-17 10:21:15,11.93,24400,11.94,D
sz300179,四方达,2025-10-17 10:21:18,11.93,20700,11.93,D
sz300179,四方达,2025-10-17 10:21:24,11.94,20900,11.93,U
sz300179,四方达,2025-10-17 10:21:54,11.95,17800,11.95,U
sz300179,四方达,2025-10-17 10:22:24,11.95,42100,11.95,U
sz300179,四方达,2025-10-17 10:22:48,11.93,74300,11.97,D
sz300179,四方达,2025-10-17 10:22:51,11.93,23700,11.93,U
sz300179,四方达,2025-10-17 10:22:54,11.93,21800,11.93,U
sz300179,四方达,2025-10-17 10:23:24,11.94,81100,11.97,D
sz300179,四方达,2025-10-17 10:23:54,12.0,19500,11.99,U
sz300179,四方达,2025-10-17 10:25:03,12.0,80100,11.99,U
sz300179,四方达,2025-10-17 10:25:15,12.0,18500,12.0,U
sz300179,四方达,2025-10-17 10:26:24,11.99,145800,12.03,D
sz300179,四方达,2025-10-17 10:27:09,12.04,18700,12.04,U
sz300179,四方达,2025-10-17 10:27:24,12.05,20900,12.05,U
sz300179,四方达,2025-10-17 10:27:30,12.05,17200,12.04,U
sz300179,四方达,2025-10-17 10:27:33,12.05,17300,12.05,U
sz300179,四方达,2025-10-17 10:28:24,12.06,28300,12.06,U
sz300179,四方达,2025-10-17 10:28:30,12.04,23000,12.06,D
sz300179,四方达,2025-10-17 10:28:51,12.06,59500,12.05,U
sz300179,四方达,2025-10-17 10:29:09,12.06,22600,12.06,U
sz300179,四方达,2025-10-17 10:29:12,12.08,54900,12.06,U
sz300179,四方达,2025-10-17 10:30:00,12.08,26500,12.08,U
sz300179,四方达,2025-10-17 10:30:03,12.06,17200,12.08,D
sz300179,四方达,2025-10-17 10:30:09,12.06,20900,12.06,D
sz300179,四方达,2025-10-17 10:30:24,12.05,25937,12.05,D
sz300179,四方达,2025-10-17 10:30:33,12.05,22500,12.05,D
sz300179,四方达,2025-10-17 10:30:57,12.04,18800,12.04,D
sz300179,四方达,2025-10-17 10:31:57,12.03,20000,12.02,D
sz300179,四方达,2025-10-17 10:32:00,12.03,27100,12.03,U
sz300179,四方达,2025-10-17 10:32:57,12.08,22600,12.07,U
sz300179,四方达,2025-10-17 10:33:15,12.09,26600,12.09,U
sz300179,四方达,2025-10-17 10:33:27,12.09,36800,12.08,U
sz300179,四方达,2025-10-17 10:34:18,12.07,18100,12.07,U
sz300179,四方达,2025-10-17 10:35:15,12.06,16800,12.05,U
sz300179,四方达,2025-10-17 10:35:18,12.05,18600,12.06,D
sz300179,四方达,2025-10-17 10:36:06,12.05,31700,12.05,D
sz300179,四方达,2025-10-17 10:37:12,12.05,31100,12.07,D
sz300179,四方达,2025-10-17 10:37:15,12.06,18100,12.05,U
sz300179,四方达,2025-10-17 10:37:30,12.06,36300,12.06,D
sz300179,四方达,2025-10-17 10:41:03,12.07,36400,12.07,U
sz300179,四方达,2025-10-17 10:41:27,12.11,31600,12.08,U
sz300179,四方达,2025-10-17 10:41:51,12.11,52100,12.11,U
sz300179,四方达,2025-10-17 10:41:57,12.11,25700,12.11,U
sz300179,四方达,2025-10-17 10:42:12,12.12,25300,12.12,U
sz300179,四方达,2025-10-17 10:42:48,12.14,27200,12.13,U
sz300179,四方达,2025-10-17 10:42:51,12.14,16600,12.14,D
sz300179,四方达,2025-10-17 10:43:03,12.15,27600,12.13,U
sz300179,四方达,2025-10-17 10:43:06,12.15,40000,12.15,D
sz300179,四方达,2025-10-17 10:43:24,12.14,17200,12.14,U
sz300179,四方达,2025-10-17 10:43:57,12.15,19000,12.13,U
sz300179,四方达,2025-10-17 10:44:39,12.13,24200,12.14,D
sz300179,四方达,2025-10-17 10:45:03,12.13,25700,12.14,D
sz300179,四方达,2025-10-17 10:45:09,12.13,16800,12.13,D
sz300179,四方达,2025-10-17 10:45:48,12.08,34700,12.08,D
sz300179,四方达,2025-10-17 10:46:39,12.08,25200,12.08,U
sz300179,四方达,2025-10-17 10:46:42,12.08,31100,12.08,U
sz300179,四方达,2025-10-17 10:46:51,12.1,22200,12.08,U
sz300179,四方达,2025-10-17 10:48:03,12.07,30200,12.07,D
sz300179,四方达,2025-10-17 10:48:30,12.06,18200,12.06,D
sz300179,四方达,2025-10-17 10:48:36,12.05,63600,12.06,D
sz300179,四方达,2025-10-17 10:49:06,12.02,55289,12.04,D
sz300179,四方达,2025-10-17 10:50:03,12.02,19200,12.01,U
sz300179,四方达,2025-10-17 10:51:30,12.02,48500,12.03,D
sz300179,四方达,2025-10-17 10:53:45,12.02,18700,12.02,D
sz300179,四方达,2025-10-17 10:54:03,12.02,117200,12.02,D
sz300179,四方达,2025-10-17 10:54:06,12.02,23000,12.02,D
sz300179,四方达,2025-10-17 10:54:09,12.02,18889,12.02,D
sz300179,四方达,2025-10-17 10:54:21,12.02,39911,12.01,U
sz300179,四方达,2025-10-17 10:55:03,12.06,16600,12.05,U
sz300179,四方达,2025-10-17 10:57:21,12.0,78500,12.01,D
sz300179,四方达,2025-10-17 10:58:03,12.01,25800,12.0,U
sz300179,四方达,2025-10-17 10:58:15,12.02,19800,12.01,U
sz300179,四方达,2025-10-17 10:58:36,11.98,52400,12.0,D
sz300179,四方达,2025-10-17 10:58:48,12.01,17100,12.0,U
sz300179,四方达,2025-10-17 10:58:51,11.99,31300,12.01,D
sz300179,四方达,2025-10-17 11:00:09,12.0,22900,11.99,U
sz300179,四方达,2025-10-17 11:01:30,12.0,17900,12.0,D
sz300179,四方达,2025-10-17 11:02:57,12.0,39300,12.01,D
sz300179,四方达,2025-10-17 11:03:30,11.98,28000,11.98,D
sz300179,四方达,2025-10-17 11:03:39,11.98,30200,11.98,D
sz300179,四方达,2025-10-17 11:03:45,11.98,17900,11.98,D
sz300179,四方达,2025-10-17 11:03:54,11.98,28900,11.98,D
sz300179,四方达,2025-10-17 11:04:57,11.96,24300,11.96,U
sz300179,四方达,2025-10-17 11:05:00,11.96,27900,11.96,U
sz300179,四方达,2025-10-17 11:05:45,11.95,39500,11.95,D
sz300179,四方达,2025-10-17 11:05:48,11.95,21900,11.95,D
sz300179,四方达,2025-10-17 11:06:18,11.94,23800,11.94,U
sz300179,四方达,2025-10-17 11:07:00,11.93,20000,11.94,D
sz300179,四方达,2025-10-17 11:07:03,11.94,24300,11.93,U
sz300179,四方达,2025-10-17 11:07:15,11.94,18800,11.93,E
sz300179,四方达,2025-10-17 11:08:36,11.94,18100,11.94,D
sz300179,四方达,2025-10-17 11:09:06,11.92,36600,11.93,D
sz300179,四方达,2025-10-17 11:09:24,11.93,18000,11.92,U
sz300179,四方达,2025-10-17 11:10:09,11.93,17100,11.93,D
sz300179,四方达,2025-10-17 11:10:42,11.93,18200,11.92,U
sz300179,四方达,2025-10-17 11:10:48,11.92,51645,11.93,D
sz300179,四方达,2025-10-17 11:11:03,11.92,22255,11.91,U
sz300179,四方达,2025-10-17 11:11:21,11.92,33800,11.92,D
sz300179,四方达,2025-10-17 11:12:36,11.92,17655,11.9,U
sz300179,四方达,2025-10-17 11:14:18,11.91,20200,11.91,D
sz300179,四方达,2025-10-17 11:14:45,11.9,38345,11.91,D
sz300179,四方达,2025-10-17 11:15:24,11.89,30900,11.89,D
sz300179,四方达,2025-10-17 11:15:51,11.88,24300,11.88,D
sz300179,四方达,2025-10-17 11:16:42,11.9,35555,11.9,U
sz300179,四方达,2025-10-17 11:19:45,11.93,18000,11.93,D
sz300179,四方达,2025-10-17 11:20:30,11.93,18500,11.93,U
sz300179,四方达,2025-10-17 11:23:03,11.92,21500,11.92,D
sz300179,四方达,2025-10-17 11:24:24,11.97,22600,11.97,D
sz300179,四方达,2025-10-17 11:25:57,11.94,23700,11.93,U
sz300179,四方达,2025-10-17 11:26:03,11.93,33400,11.93,D
sz300179,四方达,2025-10-17 11:26:06,11.92,20400,11.93,D
sz300179,四方达,2025-10-17 11:26:18,11.9,80600,11.92,D
sz300179,四方达,2025-10-17 11:27:18,11.91,29100,11.92,D
sz300179,四方达,2025-10-17 11:27:21,11.91,24600,11.91,D
sz300179,四方达,2025-10-17 11:27:54,11.9,80900,11.89,U
sz300179,四方达,2025-10-17 11:28:09,11.89,218899,11.89,D
sz300179,四方达,2025-10-17 11:28:12,11.86,28900,11.89,U
sz300179,四方达,2025-10-17 11:28:27,11.86,29400,11.83,U
sz300179,四方达,2025-10-17 11:28:33,11.83,26800,11.83,D
sz300179,四方达,2025-10-17 11:28:36,11.83,23100,11.83,D
sz300179,四方达,2025-10-17 11:28:45,11.81,19300,11.82,D
sz300179,四方达,2025-10-17 11:28:51,11.81,32300,11.81,D
sz300179,四方达,2025-10-17 11:28:54,11.81,21100,11.81,U
sz300179,四方达,2025-10-17 11:29:00,11.81,26500,11.8,U
sz300179,四方达,2025-10-17 11:29:03,11.81,29500,11.81,D
sz300179,四方达,2025-10-17 11:29:06,11.81,21100,11.81,D
sz300179,四方达,2025-10-17 11:29:18,11.82,19599,11.81,E
sz300179,四方达,2025-10-17 11:29:24,11.81,23200,11.81,D
sz300179,四方达,2025-10-17 11:29:30,11.81,36200,11.81,D
sz300179,四方达,2025-10-17 11:29:51,11.85,20000,11.83,U
sz300179,四方达,2025-10-17 13:00:00,11.81,135200,11.84,D
sz300179,四方达,2025-10-17 13:00:03,11.83,40300,11.81,U
sz300179,四方达,2025-10-17 13:00:06,11.81,25900,11.83,D
sz300179,四方达,2025-10-17 13:00:18,11.81,39500,11.81,U
sz300179,四方达,2025-10-17 13:00:39,11.8,22500,11.81,D
sz300179,四方达,2025-10-17 13:01:03,11.8,77700,11.81,D
sz300179,四方达,2025-10-17 13:01:09,11.8,21100,11.8,U
sz300179,四方达,2025-10-17 13:01:12,11.8,77300,11.8,U
sz300179,四方达,2025-10-17 13:01:21,11.8,26200,11.81,D
sz300179,四方达,2025-10-17 13:03:06,11.81,23300,11.81,U
sz300179,四方达,2025-10-17 13:03:30,11.8,30600,11.81,D
sz300179,四方达,2025-10-17 13:04:12,11.83,32400,11.81,U
sz300179,四方达,2025-10-17 13:04:54,11.81,21500,11.82,D
sz300179,四方达,2025-10-17 13:05:18,11.81,35300,11.82,D
sz300179,四方达,2025-10-17 13:05:24,11.82,20100,11.82,U
sz300179,四方达,2025-10-17 13:05:48,11.83,26000,11.83,U
sz300179,四方达,2025-10-17 13:05:51,11.82,69300,11.83,D
sz300179,四方达,2025-10-17 13:05:54,11.81,49200,11.82,D
sz300179,四方达,2025-10-17 13:06:42,11.81,46700,11.81,D
sz300179,四方达,2025-10-17 13:06:54,11.8,42400,11.8,D
sz300179,四方达,2025-10-17 13:07:06,11.81,29200,11.81,D
sz300179,四方达,2025-10-17 13:07:18,11.81,44500,11.81,U
sz300179,四方达,2025-10-17 13:08:21,11.84,21600,11.84,U
sz300179,四方达,2025-10-17 13:08:36,11.84,17400,11.85,D
sz300179,四方达,2025-10-17 13:11:36,11.8,23900,11.81,D
sz300179,四方达,2025-10-17 13:11:45,11.8,38700,11.81,D
sz300179,四方达,2025-10-17 13:12:00,11.8,55400,11.8,D
sz300179,四方达,2025-10-17 13:12:03,11.8,29500,11.8,D
sz300179,四方达,2025-10-17 13:12:06,11.8,29600,11.8,D
sz300179,四方达,2025-10-17 13:12:09,11.8,27581,11.8,D
sz300179,四方达,2025-10-17 13:12:24,11.79,17100,11.8,D
sz300179,四方达,2025-10-17 13:12:33,11.77,18900,11.78,D
sz300179,四方达,2025-10-17 13:12:51,11.77,78700,11.77,U
sz300179,四方达,2025-10-17 13:12:54,11.74,26100,11.77,D
sz300179,四方达,2025-10-17 13:12:57,11.75,36400,11.74,E
sz300179,四方达,2025-10-17 13:13:03,11.76,30600,11.76,U
sz300179,四方达,2025-10-17 13:13:06,11.78,122200,11.76,U
sz300179,四方达,2025-10-17 13:14:00,11.79,18900,11.78,U
sz300179,四方达,2025-10-17 13:14:36,11.79,23900,11.78,U
sz300179,四方达,2025-10-17 13:15:27,11.8,20500,11.79,U
sz300179,四方达,2025-10-17 13:15:33,11.82,17500,11.8,U
sz300179,四方达,2025-10-17 13:16:24,11.84,19000,11.84,U
sz300179,四方达,2025-10-17 13:16:51,11.84,33600,11.85,D
sz300179,四方达,2025-10-17 13:17:18,11.84,19400,11.84,D
sz300179,四方达,2025-10-17 13:17:36,11.83,28000,11.83,D
sz300179,四方达,2025-10-17 13:17:45,11.84,36251,11.83,U
sz300179,四方达,2025-10-17 13:17:51,11.86,27900,11.85,U
sz300179,四方达,2025-10-17 13:18:12,11.88,41200,11.88,U
sz300179,四方达,2025-10-17 13:19:33,11.98,21900,11.95,U
sz300179,四方达,2025-10-17 13:19:45,11.95,33300,11.98,D
sz300179,四方达,2025-10-17 13:20:51,11.9,18700,11.9,D
sz300179,四方达,2025-10-17 13:22:42,11.9,21900,11.89,U
sz300179,四方达,2025-10-17 13:23:15,11.9,18200,11.9,U
sz300179,四方达,2025-10-17 13:24:09,11.89,33500,11.9,D
sz300179,四方达,2025-10-17 13:24:54,11.88,24100,11.88,D
sz300179,四方达,2025-10-17 13:25:18,11.88,19400,11.88,D
sz300179,四方达,2025-10-17 13:26:03,11.88,28500,11.87,E
sz300179,四方达,2025-10-17 13:26:30,11.88,25200,11.88,U
sz300179,四方达,2025-10-17 13:26:48,11.88,26700,11.88,D
sz300179,四方达,2025-10-17 13:27:54,11.86,46200,11.87,D
sz300179,四方达,2025-10-17 13:31:30,11.88,18500,11.88,U
sz300179,四方达,2025-10-17 13:33:48,11.86,40100,11.85,U
sz300179,四方达,2025-10-17 13:36:09,11.83,20200,11.83,D
sz300179,四方达,2025-10-17 13:37:36,11.84,19500,11.84,U
sz300179,四方达,2025-10-17 13:37:39,11.83,39300,11.84,D
sz300179,四方达,2025-10-17 13:38:06,11.82,24200,11.83,D
sz300179,四方达,2025-10-17 13:38:09,11.82,35700,11.82,D
sz300179,四方达,2025-10-17 13:38:12,11.83,20100,11.82,U
sz300179,四方达,2025-10-17 13:38:48,11.83,17500,11.83,D
sz300179,四方达,2025-10-17 13:43:00,11.83,31800,11.81,U
sz300179,四方达,2025-10-17 13:44:00,11.81,25000,11.8,U
sz300179,四方达,2025-10-17 13:44:27,11.82,21600,11.82,U
sz300179,四方达,2025-10-17 13:45:51,11.85,16900,11.86,D
sz300179,四方达,2025-10-17 13:46:09,12.0,31100,11.95,U
sz300179,四方达,2025-10-17 13:46:12,12.01,45400,12.0,U
sz300179,四方达,2025-10-17 13:46:30,12.0,70300,12.02,D
sz300179,四方达,2025-10-17 13:46:33,12.0,19000,12.0,D
sz300179,四方达,2025-10-17 13:47:09,12.02,17500,12.02,U
sz300179,四方达,2025-10-17 13:47:12,12.03,20400,12.02,U
sz300179,四方达,2025-10-17 13:47:30,12.02,25800,12.02,D
sz300179,四方达,2025-10-17 13:47:48,12.0,75000,12.01,D
sz300179,四方达,2025-10-17 13:48:45,12.0,29300,11.97,U
sz300179,四方达,2025-10-17 13:49:30,11.95,17400,11.96,D
sz300179,四方达,2025-10-17 13:50:30,11.99,23300,11.97,U
sz300179,四方达,2025-10-17 13:50:54,12.0,26000,11.99,U
sz300179,四方达,2025-10-17 13:53:09,11.94,17700,11.94,D
sz300179,四方达,2025-10-17 13:53:12,11.94,31400,11.94,D
sz300179,四方达,2025-10-17 13:55:09,11.9,25100,11.91,D
sz300179,四方达,2025-10-17 13:55:51,11.9,24900,11.88,U
sz300179,四方达,2025-10-17 13:56:03,11.89,19000,11.89,U
sz300179,四方达,2025-10-17 13:58:03,11.87,30600,11.87,U
sz300179,四方达,2025-10-17 13:59:21,11.87,36500,11.87,D
sz300179,四方达,2025-10-17 13:59:33,11.88,17600,11.88,U
sz300179,四方达,2025-10-17 14:02:00,11.88,20500,11.88,D
sz300179,四方达,2025-10-17 14:04:21,11.9,27600,11.89,U
sz300179,四方达,2025-10-17 14:04:27,11.95,48100,11.9,U
sz300179,四方达,2025-10-17 14:07:42,11.99,17100,11.99,D
sz300179,四方达,2025-10-17 14:07:45,11.98,22100,11.99,D
sz300179,四方达,2025-10-17 14:08:03,11.98,17600,11.96,U
sz300179,四方达,2025-10-17 14:11:48,11.89,17600,11.9,D
sz300179,四方达,2025-10-17 14:12:30,11.88,31400,11.88,D
sz300179,四方达,2025-10-17 14:12:42,11.89,17200,11.88,U
sz300179,四方达,2025-10-17 14:12:54,11.88,24300,11.88,D
sz300179,四方达,2025-10-17 14:13:15,11.88,24900,11.87,U
sz300179,四方达,2025-10-17 14:14:00,11.88,19400,11.88,U
sz300179,四方达,2025-10-17 14:15:00,11.86,82600,11.87,D
sz300179,四方达,2025-10-17 14:15:06,11.85,24900,11.86,D
sz300179,四方达,2025-10-17 14:15:48,11.82,17200,11.82,D
sz300179,四方达,2025-10-17 14:16:57,11.82,19800,11.82,D
sz300179,四方达,2025-10-17 14:17:06,11.81,32400,11.82,D
sz300179,四方达,2025-10-17 14:20:18,11.84,24000,11.84,D
sz300179,四方达,2025-10-17 14:20:24,11.84,21900,11.84,D
sz300179,四方达,2025-10-17 14:20:45,11.83,27100,11.84,D
sz300179,四方达,2025-10-17 14:21:24,11.84,27400,11.84,D
sz300179,四方达,2025-10-17 14:21:42,11.83,42100,11.83,D
sz300179,四方达,2025-10-17 14:21:48,11.81,17800,11.82,D
sz300179,四方达,2025-10-17 14:21:54,11.81,57400,11.82,D
sz300179,四方达,2025-10-17 14:22:00,11.8,36800,11.81,D
sz300179,四方达,2025-10-17 14:22:03,11.8,74300,11.8,D
sz300179,四方达,2025-10-17 14:22:36,11.78,22600,11.79,D
sz300179,四方达,2025-10-17 14:22:57,11.77,19200,11.77,D
sz300179,四方达,2025-10-17 14:23:03,11.81,40100,11.79,U
sz300179,四方达,2025-10-17 14:24:12,11.79,25200,11.79,D
sz300179,四方达,2025-10-17 14:24:33,11.8,28500,11.8,U
sz300179,四方达,2025-10-17 14:25:33,11.82,50400,11.81,U
sz300179,四方达,2025-10-17 14:25:57,11.8,39800,11.82,D
sz300179,四方达,2025-10-17 14:27:21,11.81,18400,11.82,D
sz300179,四方达,2025-10-17 14:28:36,11.8,56500,11.81,D
sz300179,四方达,2025-10-17 14:28:48,11.8,43100,11.8,D
sz300179,四方达,2025-10-17 14:29:09,11.79,21100,11.8,D
sz300179,四方达,2025-10-17 14:30:03,11.82,42400,11.81,U
sz300179,四方达,2025-10-17 14:30:12,11.83,17100,11.83,U
sz300179,四方达,2025-10-17 14:30:15,11.84,18900,11.83,U
sz300179,四方达,2025-10-17 14:32:09,11.8,52400,11.82,D
sz300179,四方达,2025-10-17 14:32:33,11.8,72500,11.8,D
sz300179,四方达,2025-10-17 14:32:54,11.79,21100,11.8,D
sz300179,四方达,2025-10-17 14:34:15,11.79,18200,11.79,D
sz300179,四方达,2025-10-17 14:34:21,11.79,32800,11.79,D
sz300179,四方达,2025-10-17 14:35:33,11.78,29400,11.78,D
sz300179,四方达,2025-10-17 14:36:09,11.77,18300,11.77,D
sz300179,四方达,2025-10-17 14:36:24,11.77,20459,11.76,U
sz300179,四方达,2025-10-17 14:36:27,11.76,18900,11.77,D
sz300179,四方达,2025-10-17 14:36:36,11.76,31400,11.76,U
sz300179,四方达,2025-10-17 14:37:00,11.74,34100,11.75,D
sz300179,四方达,2025-10-17 14:37:06,11.76,64600,11.74,U
sz300179,四方达,2025-10-17 14:37:12,11.79,121000,11.75,U
sz300179,四方达,2025-10-17 14:37:21,11.79,30700,11.77,U
sz300179,四方达,2025-10-17 14:37:30,11.76,136200,11.76,D
sz300179,四方达,2025-10-17 14:37:57,11.75,19600,11.75,D
sz300179,四方达,2025-10-17 14:38:03,11.8,60700,11.76,U
sz300179,四方达,2025-10-17 14:38:06,11.8,30100,11.8,U
sz300179,四方达,2025-10-17 14:38:24,11.8,21100,11.79,U
sz300179,四方达,2025-10-17 14:41:27,11.8,20000,11.79,U
sz300179,四方达,2025-10-17 14:42:18,11.8,44700,11.8,U
sz300179,四方达,2025-10-17 14:42:30,11.81,25200,11.8,U
sz300179,四方达,2025-10-17 14:42:36,11.8,17641,11.81,D
sz300179,四方达,2025-10-17 14:42:45,11.8,17300,11.8,D
sz300179,四方达,2025-10-17 14:43:09,11.8,20900,11.8,D
sz300179,四方达,2025-10-17 14:43:24,11.79,18800,11.79,D
sz300179,四方达,2025-10-17 14:44:09,11.79,25300,11.79,D
sz300179,四方达,2025-10-17 14:44:24,11.79,21600,11.78,U
sz300179,四方达,2025-10-17 14:44:36,11.78,32400,11.79,D
sz300179,四方达,2025-10-17 14:44:45,11.78,35200,11.79,D
sz300179,四方达,2025-10-17 14:44:48,11.78,17300,11.78,D
sz300179,四方达,2025-10-17 14:45:15,11.77,50300,11.77,U
sz300179,四方达,2025-10-17 14:45:36,11.75,28500,11.75,D
sz300179,四方达,2025-10-17 14:45:39,11.75,20300,11.75,D
sz300179,四方达,2025-10-17 14:46:03,11.73,35000,11.73,D
sz300179,四方达,2025-10-17 14:46:18,11.74,56600,11.74,D
sz300179,四方达,2025-10-17 14:46:21,11.74,26300,11.74,D
sz300179,四方达,2025-10-17 14:46:24,11.74,78700,11.74,U
sz300179,四方达,2025-10-17 14:46:27,11.74,23800,11.74,U
sz300179,四方达,2025-10-17 14:46:42,11.73,19000,11.73,D
sz300179,四方达,2025-10-17 14:46:45,11.73,21300,11.73,D
sz300179,四方达,2025-10-17 14:46:48,11.73,23200,11.73,E
sz300179,四方达,2025-10-17 14:46:51,11.73,56500,11.73,U
sz300179,四方达,2025-10-17 14:46:57,11.73,106900,11.72,U
sz300179,四方达,2025-10-17 14:47:00,11.76,101900,11.73,U
sz300179,四方达,2025-10-17 14:47:03,11.77,59200,11.76,U
sz300179,四方达,2025-10-17 14:47:27,11.79,20000,11.78,U
sz300179,四方达,2025-10-17 14:48:03,11.78,24200,11.79,D
sz300179,四方达,2025-10-17 14:48:51,11.77,19900,11.75,U
sz300179,四方达,2025-10-17 14:49:27,11.76,33200,11.77,D
sz300179,四方达,2025-10-17 14:49:48,11.76,64700,11.75,U
sz300179,四方达,2025-10-17 14:50:12,11.73,17200,11.73,D
sz300179,四方达,2025-10-17 14:50:36,11.72,21600,11.71,U
sz300179,四方达,2025-10-17 14:50:39,11.72,36400,11.72,U
sz300179,四方达,2025-10-17 14:50:51,11.7,62100,11.71,D
sz300179,四方达,2025-10-17 14:50:54,11.71,37000,11.7,U
sz300179,四方达,2025-10-17 14:50:57,11.7,25700,11.71,D
sz300179,四方达,2025-10-17 14:51:00,11.7,39500,11.7,U
sz300179,四方达,2025-10-17 14:51:03,11.7,55400,11.7,U
sz300179,四方达,2025-10-17 14:51:06,11.7,35600,11.7,U
sz300179,四方达,2025-10-17 14:51:12,11.69,29100,11.69,D
sz300179,四方达,2025-10-17 14:51:18,11.67,96800,11.69,D
sz300179,四方达,2025-10-17 14:51:24,11.68,22600,11.67,U
sz300179,四方达,2025-10-17 14:51:30,11.67,67000,11.68,D
sz300179,四方达,2025-10-17 14:51:36,11.68,20600,11.67,U
sz300179,四方达,2025-10-17 14:51:42,11.68,26200,11.67,U
sz300179,四方达,2025-10-17 14:51:45,11.69,44400,11.68,U
sz300179,四方达,2025-10-17 14:51:51,11.68,48600,11.69,D
sz300179,四方达,2025-10-17 14:51:57,11.67,53400,11.7,D
sz300179,四方达,2025-10-17 14:52:00,11.68,19100,11.67,D
sz300179,四方达,2025-10-17 14:52:03,11.69,56500,11.68,E
sz300179,四方达,2025-10-17 14:52:12,11.7,20500,11.7,D
sz300179,四方达,2025-10-17 14:52:15,11.72,44400,11.7,U
sz300179,四方达,2025-10-17 14:52:18,11.7,38900,11.72,D
sz300179,四方达,2025-10-17 14:52:39,11.72,107500,11.72,U
sz300179,四方达,2025-10-17 14:52:45,11.73,19400,11.72,U
sz300179,四方达,2025-10-17 14:52:51,11.73,30700,11.72,U
sz300179,四方达,2025-10-17 14:52:54,11.74,25700,11.73,U
sz300179,四方达,2025-10-17 14:53:03,11.73,50900,11.73,D
sz300179,四方达,2025-10-17 14:53:15,11.73,22400,11.73,U
sz300179,四方达,2025-10-17 14:53:24,11.73,22800,11.73,U
sz300179,四方达,2025-10-17 14:53:27,11.73,32600,11.73,U
sz300179,四方达,2025-10-17 14:53:30,11.73,28300,11.73,U
sz300179,四方达,2025-10-17 14:53:33,11.73,21900,11.73,U
sz300179,四方达,2025-10-17 14:53:45,11.71,49100,11.71,D
sz300179,四方达,2025-10-17 14:53:51,11.71,122000,11.72,D
sz300179,四方达,2025-10-17 14:54:03,11.74,40400,11.71,U
sz300179,四方达,2025-10-17 14:54:15,11.7,56100,11.73,D
sz300179,四方达,2025-10-17 14:54:33,11.72,17700,11.72,U
sz300179,四方达,2025-10-17 14:54:42,11.72,67800,11.72,D
sz300179,四方达,2025-10-17 14:54:48,11.71,20100,11.72,D
sz300179,四方达,2025-10-17 14:55:09,11.71,19500,11.72,D
sz300179,四方达,2025-10-17 14:55:12,11.71,53000,11.71,D
sz300179,四方达,2025-10-17 14:55:18,11.72,25800,11.72,U
sz300179,四方达,2025-10-17 14:55:21,11.72,55006,11.72,U
sz300179,四方达,2025-10-17 14:55:24,11.71,17700,11.72,D
sz300179,四方达,2025-10-17 14:55:30,11.71,65500,11.72,D
sz300179,四方达,2025-10-17 14:55:36,11.71,17400,11.71,U
sz300179,四方达,2025-10-17 14:55:42,11.71,18900,11.71,D
sz300179,四方达,2025-10-17 14:55:48,11.71,18800,11.72,D
sz300179,四方达,2025-10-17 14:55:51,11.71,121000,11.71,D
sz300179,四方达,2025-10-17 14:55:54,11.71,64300,11.71,U
sz300179,四方达,2025-10-17 14:55:57,11.7,112794,11.71,D
sz300179,四方达,2025-10-17 14:56:03,11.7,74700,11.69,U
sz300179,四方达,2025-10-17 14:56:06,11.68,65900,11.7,D
sz300179,四方达,2025-10-17 14:56:21,11.69,32500,11.7,D
sz300179,四方达,2025-10-17 14:56:24,11.69,27800,11.69,D
sz300179,四方达,2025-10-17 14:56:30,11.68,23100,11.69,D
sz300179,四方达,2025-10-17 14:56:33,11.68,45800,11.68,D
sz300179,四方达,2025-10-17 14:56:36,11.69,33100,11.68,E
sz300179,四方达,2025-10-17 14:56:39,11.69,24500,11.69,D
sz300179,四方达,2025-10-17 14:56:42,11.69,40000,11.69,D
sz300179,四方达,2025-10-17 14:56:45,11.7,69600,11.69,U
sz300179,四方达,2025-10-17 14:56:51,11.68,62200,11.69,D
sz300179,四方达,2025-10-17 14:56:54,11.68,20800,11.68,D
sz300179,四方达,2025-10-17 14:56:57,11.69,28600,11.68,U
sz300179,四方达,2025-10-17 15:00:00,11.71,1103500,11.69,U
