symbol,name,ticktime,price,volume,prev_price,kind
sz002483,润邦股份,2025-09-18 09:25:00,6.69,53500,0.0,D
sz002483,润邦股份,2025-09-18 09:30:06,6.66,24000,6.68,D
sz002483,润邦股份,2025-09-18 09:31:06,6.66,21400,6.66,D
sz002483,润邦股份,2025-09-18 09:31:09,6.66,31600,6.66,D
sz002483,润邦股份,2025-09-18 09:32:06,6.66,49400,6.66,D
sz002483,润邦股份,2025-09-18 09:35:00,6.65,24900,6.65,D
sz002483,润邦股份,2025-09-18 09:36:15,6.65,37200,6.65,U
sz002483,润邦股份,2025-09-18 09:36:33,6.66,21500,6.66,U
sz002483,润邦股份,2025-09-18 09:38:42,6.65,38700,6.65,D
sz002483,润邦股份,2025-09-18 09:38:45,6.65,33800,6.65,D
sz002483,润邦股份,2025-09-18 09:39:39,6.64,39500,6.64,D
sz002483,润邦股份,2025-09-18 09:41:12,6.64,48900,6.63,U
sz002483,润邦股份,2025-09-18 09:41:21,6.64,41900,6.64,D
sz002483,润邦股份,2025-09-18 09:42:27,6.63,97500,6.63,D
sz002483,润邦股份,2025-09-18 09:42:45,6.63,20700,6.62,U
sz002483,润邦股份,2025-09-18 09:43:30,6.63,55100,6.62,U
sz002483,润邦股份,2025-09-18 09:44:48,6.63,40800,6.62,U
sz002483,润邦股份,2025-09-18 09:45:33,6.62,22200,6.62,D
sz002483,润邦股份,2025-09-18 09:46:42,6.62,35400,6.63,D
sz002483,润邦股份,2025-09-18 09:46:48,6.63,70600,6.62,U
sz002483,润邦股份,2025-09-18 09:47:18,6.64,51400,6.64,U
sz002483,润邦股份,2025-09-18 09:47:51,6.64,26800,6.63,U
sz002483,润邦股份,2025-09-18 09:48:00,6.65,97200,6.63,U
sz002483,润邦股份,2025-09-18 09:48:03,6.66,23600,6.65,U
sz002483,润邦股份,2025-09-18 09:48:39,6.67,20500,6.68,D
sz002483,润邦股份,2025-09-18 09:48:48,6.68,41000,6.67,U
sz002483,润邦股份,2025-09-18 09:50:18,6.68,48600,6.68,U
sz002483,润邦股份,2025-09-18 09:50:30,6.69,32300,6.68,U
sz002483,润邦股份,2025-09-18 09:50:36,6.67,21000,6.67,D
sz002483,润邦股份,2025-09-18 09:51:09,6.67,22500,6.67,D
sz002483,润邦股份,2025-09-18 09:52:06,6.68,54400,6.68,U
sz002483,润邦股份,2025-09-18 09:52:33,6.69,43700,6.69,U
sz002483,润邦股份,2025-09-18 09:52:39,6.69,21304,6.69,U
sz002483,润邦股份,2025-09-18 09:53:09,6.69,41800,6.7,E
sz002483,润邦股份,2025-09-18 09:53:24,6.7,30200,6.68,U
sz002483,润邦股份,2025-09-18 09:53:57,6.7,25800,6.71,D
sz002483,润邦股份,2025-09-18 09:54:30,6.71,46200,6.7,U
sz002483,润邦股份,2025-09-18 09:54:54,6.72,85400,6.72,U
sz002483,润邦股份,2025-09-18 09:55:06,6.73,33000,6.73,U
sz002483,润邦股份,2025-09-18 09:55:09,6.73,21400,6.73,D
sz002483,润邦股份,2025-09-18 09:55:54,6.72,20100,6.73,D
sz002483,润邦股份,2025-09-18 09:56:06,6.72,88700,6.72,D
sz002483,润邦股份,2025-09-18 09:57:06,6.72,33400,6.72,U
sz002483,润邦股份,2025-09-18 09:59:00,6.72,38500,6.72,U
sz002483,润邦股份,2025-09-18 09:59:42,6.72,72000,6.71,U
sz002483,润邦股份,2025-09-18 10:00:54,6.74,90100,6.73,U
sz002483,润邦股份,2025-09-18 10:01:15,6.74,47600,6.73,U
sz002483,润邦股份,2025-09-18 10:01:21,6.75,53000,6.74,U
sz002483,润邦股份,2025-09-18 10:01:33,6.75,21900,6.74,U
sz002483,润邦股份,2025-09-18 10:01:48,6.75,54700,6.75,U
sz002483,润邦股份,2025-09-18 10:02:06,6.76,59400,6.76,U
sz002483,润邦股份,2025-09-18 10:02:54,6.75,46600,6.75,D
sz002483,润邦股份,2025-09-18 10:04:39,6.75,21000,6.75,U
sz002483,润邦股份,2025-09-18 10:05:06,6.75,122700,6.76,D
sz002483,润邦股份,2025-09-18 10:05:18,6.74,60300,6.74,D
sz002483,润邦股份,2025-09-18 10:05:33,6.74,22200,6.74,D
sz002483,润邦股份,2025-09-18 10:08:12,6.75,229000,6.75,U
sz002483,润邦股份,2025-09-18 10:09:12,6.77,186400,6.75,U
sz002483,润邦股份,2025-09-18 10:11:42,6.76,85200,6.76,U
sz002483,润邦股份,2025-09-18 10:12:12,6.75,30000,6.76,D
sz002483,润邦股份,2025-09-18 10:12:36,6.75,47100,6.75,D
sz002483,润邦股份,2025-09-18 10:13:24,6.75,45500,6.74,U
sz002483,润邦股份,2025-09-18 10:14:54,6.74,55860,6.75,D
sz002483,润邦股份,2025-09-18 10:15:30,6.75,22000,6.76,D
sz002483,润邦股份,2025-09-18 10:16:00,6.76,136100,6.75,U
sz002483,润邦股份,2025-09-18 10:16:03,6.76,32220,6.76,U
sz002483,润邦股份,2025-09-18 10:16:27,6.77,30000,6.77,U
sz002483,润邦股份,2025-09-18 10:16:57,6.77,26400,6.77,U
sz002483,润邦股份,2025-09-18 10:17:15,6.77,30000,6.77,U
sz002483,润邦股份,2025-09-18 10:17:21,6.79,235100,6.76,U
sz002483,润邦股份,2025-09-18 10:17:39,6.79,105800,6.79,U
sz002483,润邦股份,2025-09-18 10:17:42,6.8,31200,6.79,U
sz002483,润邦股份,2025-09-18 10:17:54,6.79,75000,6.8,D
sz002483,润邦股份,2025-09-18 10:17:57,6.8,38800,6.79,U
sz002483,润邦股份,2025-09-18 10:18:03,6.8,59020,6.8,U
sz002483,润邦股份,2025-09-18 10:18:15,6.81,28800,6.81,D
sz002483,润邦股份,2025-09-18 10:18:24,6.82,35900,6.81,U
sz002483,润邦股份,2025-09-18 10:18:30,6.82,80900,6.81,U
sz002483,润邦股份,2025-09-18 10:18:36,6.83,74900,6.82,U
sz002483,润邦股份,2025-09-18 10:19:12,6.82,30600,6.82,D
sz002483,润邦股份,2025-09-18 10:19:15,6.82,22000,6.82,U
sz002483,润邦股份,2025-09-18 10:19:39,6.8,32000,6.81,D
sz002483,润邦股份,2025-09-18 10:19:57,6.81,30100,6.8,U
sz002483,润邦股份,2025-09-18 10:20:06,6.82,93000,6.81,U
sz002483,润邦股份,2025-09-18 10:20:09,6.82,39400,6.82,D
sz002483,润邦股份,2025-09-18 10:20:18,6.83,57700,6.82,U
sz002483,润邦股份,2025-09-18 10:20:51,6.84,32200,6.82,U
sz002483,润邦股份,2025-09-18 10:21:00,6.85,126500,6.84,U
sz002483,润邦股份,2025-09-18 10:21:03,6.86,31500,6.85,U
sz002483,润邦股份,2025-09-18 10:21:09,6.85,52500,6.86,D
sz002483,润邦股份,2025-09-18 10:21:12,6.83,25900,6.85,D
sz002483,润邦股份,2025-09-18 10:21:33,6.84,50500,6.84,U
sz002483,润邦股份,2025-09-18 10:21:45,6.84,23300,6.84,U
sz002483,润邦股份,2025-09-18 10:21:48,6.85,20300,6.84,U
sz002483,润邦股份,2025-09-18 10:21:51,6.85,27500,6.85,U
sz002483,润邦股份,2025-09-18 10:21:57,6.85,100500,6.85,U
sz002483,润邦股份,2025-09-18 10:22:27,6.85,64200,6.84,U
sz002483,润邦股份,2025-09-18 10:23:39,6.85,28900,6.85,U
sz002483,润邦股份,2025-09-18 10:24:00,6.85,105900,6.84,U
sz002483,润邦股份,2025-09-18 10:24:09,6.87,288100,6.86,U
sz002483,润邦股份,2025-09-18 10:24:18,6.86,65400,6.86,D
sz002483,润邦股份,2025-09-18 10:24:27,6.86,23400,6.87,E
sz002483,润邦股份,2025-09-18 10:24:33,6.87,21900,6.87,U
sz002483,润邦股份,2025-09-18 10:24:39,6.86,30500,6.87,D
sz002483,润邦股份,2025-09-18 10:24:48,6.87,24800,6.87,U
sz002483,润邦股份,2025-09-18 10:25:03,6.86,20200,6.86,U
sz002483,润邦股份,2025-09-18 10:25:21,6.87,43000,6.87,U
sz002483,润邦股份,2025-09-18 10:25:48,6.87,42300,6.87,U
sz002483,润邦股份,2025-09-18 10:26:06,6.87,28800,6.86,U
sz002483,润邦股份,2025-09-18 10:26:24,6.86,42800,6.87,D
sz002483,润邦股份,2025-09-18 10:26:27,6.86,26300,6.86,U
sz002483,润邦股份,2025-09-18 10:26:42,6.87,22400,6.85,U
sz002483,润邦股份,2025-09-18 10:27:06,6.85,26600,6.85,D
sz002483,润邦股份,2025-09-18 10:27:15,6.85,132400,6.85,D
sz002483,润邦股份,2025-09-18 10:28:06,6.85,24900,6.85,D
sz002483,润邦股份,2025-09-18 10:30:39,6.86,31900,6.86,D
sz002483,润邦股份,2025-09-18 10:30:45,6.88,501100,6.86,U
sz002483,润邦股份,2025-09-18 10:30:48,6.88,96000,6.88,U
sz002483,润邦股份,2025-09-18 10:30:51,6.88,32900,6.88,U
sz002483,润邦股份,2025-09-18 10:31:09,6.87,51600,6.87,D
sz002483,润邦股份,2025-09-18 10:32:00,6.86,25900,6.86,D
sz002483,润邦股份,2025-09-18 10:32:12,6.86,35700,6.86,U
sz002483,润邦股份,2025-09-18 10:32:36,6.86,26400,6.86,U
sz002483,润邦股份,2025-09-18 10:33:51,6.86,82600,6.85,U
sz002483,润邦股份,2025-09-18 10:39:39,6.84,102000,6.84,D
sz002483,润邦股份,2025-09-18 10:41:42,6.84,138000,6.83,U
sz002483,润邦股份,2025-09-18 10:42:06,6.87,41200,6.86,U
sz002483,润邦股份,2025-09-18 10:47:03,6.88,132800,6.87,U
sz002483,润邦股份,2025-09-18 10:47:12,6.89,166100,6.88,U
sz002483,润邦股份,2025-09-18 10:47:36,6.89,27500,6.89,U
sz002483,润邦股份,2025-09-18 10:47:42,6.9,121700,6.89,U
sz002483,润邦股份,2025-09-18 10:47:54,6.9,56600,6.9,U
sz002483,润邦股份,2025-09-18 10:48:03,6.91,20100,6.91,U
sz002483,润邦股份,2025-09-18 10:48:06,6.91,30100,6.91,U
sz002483,润邦股份,2025-09-18 10:48:12,6.92,26400,6.91,U
sz002483,润邦股份,2025-09-18 10:48:18,6.92,21800,6.92,U
sz002483,润邦股份,2025-09-18 10:48:24,6.93,29800,6.92,U
sz002483,润邦股份,2025-09-18 10:48:30,6.93,96100,6.93,U
sz002483,润邦股份,2025-09-18 10:48:33,6.94,41500,6.93,U
sz002483,润邦股份,2025-09-18 10:48:45,6.94,32400,6.95,D
sz002483,润邦股份,2025-09-18 10:48:48,6.95,30900,6.94,U
sz002483,润邦股份,2025-09-18 10:48:51,6.95,29700,6.95,U
sz002483,润邦股份,2025-09-18 10:48:57,6.94,22700,6.95,D
sz002483,润邦股份,2025-09-18 10:49:12,6.95,49000,6.95,U
sz002483,润邦股份,2025-09-18 10:49:15,6.95,39700,6.95,U
sz002483,润邦股份,2025-09-18 10:49:18,6.95,39600,6.95,U
sz002483,润邦股份,2025-09-18 10:49:21,6.95,21100,6.95,D
sz002483,润邦股份,2025-09-18 10:49:30,6.96,72200,6.96,U
sz002483,润邦股份,2025-09-18 10:49:33,6.96,32400,6.96,D
sz002483,润邦股份,2025-09-18 10:49:39,6.97,79800,6.96,U
sz002483,润邦股份,2025-09-18 10:49:42,6.96,30500,6.97,E
sz002483,润邦股份,2025-09-18 10:50:18,6.94,24700,6.95,D
sz002483,润邦股份,2025-09-18 10:50:30,6.95,69700,6.94,U
sz002483,润邦股份,2025-09-18 10:50:33,6.95,34100,6.95,U
sz002483,润邦股份,2025-09-18 10:50:51,6.96,64900,6.96,U
sz002483,润邦股份,2025-09-18 10:50:54,6.96,30200,6.96,U
sz002483,润邦股份,2025-09-18 10:51:00,6.96,23300,6.96,U
sz002483,润邦股份,2025-09-18 10:52:00,6.94,64500,6.94,D
sz002483,润邦股份,2025-09-18 10:52:06,6.93,56100,6.94,D
sz002483,润邦股份,2025-09-18 10:52:15,6.94,123400,6.93,U
sz002483,润邦股份,2025-09-18 10:52:57,6.94,45300,6.94,U
sz002483,润邦股份,2025-09-18 10:53:15,6.92,23800,6.92,D
sz002483,润邦股份,2025-09-18 10:54:24,6.92,30000,6.92,D
sz002483,润邦股份,2025-09-18 10:56:15,6.9,38000,6.91,D
sz002483,润邦股份,2025-09-18 10:59:51,6.93,38200,6.91,U
sz002483,润邦股份,2025-09-18 11:00:30,6.94,28300,6.93,U
sz002483,润邦股份,2025-09-18 11:02:42,6.93,34600,6.93,D
sz002483,润邦股份,2025-09-18 11:03:09,6.93,38000,6.92,U
sz002483,润邦股份,2025-09-18 11:03:24,6.93,27500,6.92,U
sz002483,润邦股份,2025-09-18 11:04:06,6.94,45300,6.93,U
sz002483,润邦股份,2025-09-18 11:04:24,6.94,20900,6.93,U
sz002483,润邦股份,2025-09-18 11:04:36,6.93,27300,6.94,D
sz002483,润邦股份,2025-09-18 11:05:39,6.94,157200,6.94,U
sz002483,润邦股份,2025-09-18 11:06:06,6.95,20500,6.95,U
sz002483,润邦股份,2025-09-18 11:06:21,6.95,52900,6.95,U
sz002483,润邦股份,2025-09-18 11:06:24,6.95,44600,6.95,U
sz002483,润邦股份,2025-09-18 11:06:27,6.95,25500,6.95,U
sz002483,润邦股份,2025-09-18 11:06:54,6.95,34400,6.95,U
sz002483,润邦股份,2025-09-18 11:07:06,6.96,44500,6.96,U
sz002483,润邦股份,2025-09-18 11:07:09,6.96,26000,6.96,U
sz002483,润邦股份,2025-09-18 11:07:12,6.97,348000,6.96,U
sz002483,润邦股份,2025-09-18 11:07:33,6.98,41700,6.98,U
sz002483,润邦股份,2025-09-18 11:07:39,6.97,149400,6.98,D
sz002483,润邦股份,2025-09-18 11:08:03,6.97,27600,6.98,D
sz002483,润邦股份,2025-09-18 11:08:09,6.97,82400,6.98,D
sz002483,润邦股份,2025-09-18 11:08:36,6.97,26400,6.97,U
sz002483,润邦股份,2025-09-18 11:08:42,6.97,24800,6.97,D
sz002483,润邦股份,2025-09-18 11:08:51,6.97,30400,6.97,U
sz002483,润邦股份,2025-09-18 11:08:54,6.98,62000,6.97,U
sz002483,润邦股份,2025-09-18 11:09:00,6.98,23700,6.98,U
sz002483,润邦股份,2025-09-18 11:09:03,6.98,101800,6.98,U
sz002483,润邦股份,2025-09-18 11:09:06,6.98,31800,6.98,D
sz002483,润邦股份,2025-09-18 11:09:09,6.99,23800,6.98,U
sz002483,润邦股份,2025-09-18 11:09:15,6.98,57800,6.99,D
sz002483,润邦股份,2025-09-18 11:09:21,6.99,26500,6.99,U
sz002483,润邦股份,2025-09-18 11:09:33,6.99,30400,6.98,U
sz002483,润邦股份,2025-09-18 11:09:39,6.99,21700,6.99,U
sz002483,润邦股份,2025-09-18 11:09:45,6.99,43200,6.98,U
sz002483,润邦股份,2025-09-18 11:09:51,7.0,21300,6.99,U
sz002483,润邦股份,2025-09-18 11:09:54,7.01,168500,7.0,U
sz002483,润邦股份,2025-09-18 11:09:57,7.01,48200,7.01,U
sz002483,润邦股份,2025-09-18 11:10:00,7.02,61300,7.01,U
sz002483,润邦股份,2025-09-18 11:10:03,7.03,28900,7.02,U
sz002483,润邦股份,2025-09-18 11:10:06,7.02,71300,7.03,U
sz002483,润邦股份,2025-09-18 11:10:09,7.02,66900,7.02,U
sz002483,润邦股份,2025-09-18 11:10:15,7.02,37700,7.02,U
sz002483,润邦股份,2025-09-18 11:10:18,7.02,39300,7.02,U
sz002483,润邦股份,2025-09-18 11:10:21,7.02,74300,7.02,U
sz002483,润邦股份,2025-09-18 11:10:24,7.02,31100,7.02,U
sz002483,润邦股份,2025-09-18 11:10:33,7.03,52800,7.03,U
sz002483,润邦股份,2025-09-18 11:10:36,7.02,27500,7.03,E
sz002483,润邦股份,2025-09-18 11:10:39,7.02,56000,7.02,D
sz002483,润邦股份,2025-09-18 11:10:42,7.03,37100,7.02,U
sz002483,润邦股份,2025-09-18 11:10:45,7.02,24300,7.03,D
sz002483,润邦股份,2025-09-18 11:10:51,7.03,49000,7.03,U
sz002483,润邦股份,2025-09-18 11:10:54,7.03,34200,7.03,U
sz002483,润邦股份,2025-09-18 11:11:00,7.02,27200,7.02,D
sz002483,润邦股份,2025-09-18 11:11:06,7.01,29500,7.01,D
sz002483,润邦股份,2025-09-18 11:11:30,7.02,34800,7.02,U
sz002483,润邦股份,2025-09-18 11:11:33,7.02,52900,7.02,U
sz002483,润邦股份,2025-09-18 11:11:39,7.02,53000,7.02,U
sz002483,润邦股份,2025-09-18 11:11:48,7.01,35500,7.01,D
sz002483,润邦股份,2025-09-18 11:11:51,7.02,107500,7.01,U
sz002483,润邦股份,2025-09-18 11:12:00,7.02,34000,7.02,U
sz002483,润邦股份,2025-09-18 11:12:03,7.02,38500,7.02,D
sz002483,润邦股份,2025-09-18 11:12:48,7.0,53800,7.0,D
sz002483,润邦股份,2025-09-18 11:12:54,7.01,63100,7.0,U
sz002483,润邦股份,2025-09-18 11:13:12,7.01,30100,7.01,D
sz002483,润邦股份,2025-09-18 11:13:42,7.0,49600,7.02,D
sz002483,润邦股份,2025-09-18 11:13:57,7.02,64900,7.0,U
sz002483,润邦股份,2025-09-18 11:14:18,7.01,23000,7.01,D
sz002483,润邦股份,2025-09-18 11:15:06,7.01,22900,7.01,D
sz002483,润邦股份,2025-09-18 11:15:18,7.01,34200,7.01,D
sz002483,润邦股份,2025-09-18 11:15:45,7.0,20700,7.0,D
sz002483,润邦股份,2025-09-18 11:15:51,7.01,27300,7.0,U
sz002483,润邦股份,2025-09-18 11:16:21,7.02,170800,7.01,U
sz002483,润邦股份,2025-09-18 11:16:24,7.03,68300,7.02,U
sz002483,润邦股份,2025-09-18 11:16:30,7.03,24500,7.03,U
sz002483,润邦股份,2025-09-18 11:16:42,7.0,46400,7.03,D
sz002483,润邦股份,2025-09-18 11:17:27,7.0,28800,7.01,D
sz002483,润邦股份,2025-09-18 11:17:54,6.99,24700,7.0,D
sz002483,润邦股份,2025-09-18 11:18:12,6.98,50400,6.99,D
sz002483,润邦股份,2025-09-18 11:19:24,6.98,32000,6.99,D
sz002483,润邦股份,2025-09-18 11:20:00,6.97,25000,6.97,D
sz002483,润邦股份,2025-09-18 11:20:42,6.99,20000,6.98,U
sz002483,润邦股份,2025-09-18 11:22:51,6.99,27900,6.99,U
sz002483,润邦股份,2025-09-18 11:22:54,6.99,40200,6.99,D
sz002483,润邦股份,2025-09-18 11:23:15,6.98,30200,6.98,D
sz002483,润邦股份,2025-09-18 11:23:33,6.97,91200,6.98,D
sz002483,润邦股份,2025-09-18 11:23:36,6.96,31600,6.97,D
sz002483,润邦股份,2025-09-18 11:24:21,6.96,55400,6.96,U
sz002483,润邦股份,2025-09-18 11:24:33,6.95,23800,6.95,D
sz002483,润邦股份,2025-09-18 11:24:42,6.94,91200,6.95,D
sz002483,润邦股份,2025-09-18 11:25:18,6.94,104800,6.94,U
sz002483,润邦股份,2025-09-18 11:28:03,6.95,44000,6.95,D
sz002483,润邦股份,2025-09-18 13:00:03,6.94,71900,6.95,D
sz002483,润邦股份,2025-09-18 13:01:30,6.91,35800,6.92,D
sz002483,润邦股份,2025-09-18 13:01:33,6.9,57000,6.91,D
sz002483,润邦股份,2025-09-18 13:01:42,6.9,20200,6.91,D
sz002483,润邦股份,2025-09-18 13:02:24,6.93,39400,6.92,U
sz002483,润邦股份,2025-09-18 13:04:39,6.89,117600,6.91,D
sz002483,润邦股份,2025-09-18 13:05:30,6.91,20000,6.91,U
sz002483,润邦股份,2025-09-18 13:07:33,6.9,27400,6.9,D
sz002483,润邦股份,2025-09-18 13:09:51,6.89,34400,6.89,D
sz002483,润邦股份,2025-09-18 13:11:33,6.88,29700,6.88,D
sz002483,润邦股份,2025-09-18 13:11:36,6.88,71200,6.88,U
sz002483,润邦股份,2025-09-18 13:13:45,6.89,21200,6.88,U
sz002483,润邦股份,2025-09-18 13:14:03,6.9,38000,6.9,U
sz002483,润邦股份,2025-09-18 13:14:39,6.9,23000,6.89,U
sz002483,润邦股份,2025-09-18 13:15:24,6.88,52600,6.9,D
sz002483,润邦股份,2025-09-18 13:16:00,6.89,68800,6.89,D
sz002483,润邦股份,2025-09-18 13:19:03,6.88,24700,6.88,D
sz002483,润邦股份,2025-09-18 13:19:33,6.88,23200,6.88,D
sz002483,润邦股份,2025-09-18 13:20:54,6.88,51500,6.88,U
sz002483,润邦股份,2025-09-18 13:22:36,6.86,51900,6.86,D
sz002483,润邦股份,2025-09-18 13:25:09,6.85,86000,6.85,D
sz002483,润邦股份,2025-09-18 13:25:12,6.83,114700,6.85,D
sz002483,润邦股份,2025-09-18 13:25:27,6.83,20000,6.83,D
sz002483,润邦股份,2025-09-18 13:26:54,6.83,34200,6.82,U
sz002483,润邦股份,2025-09-18 13:29:06,6.83,21600,6.83,D
sz002483,润邦股份,2025-09-18 13:29:09,6.83,23900,6.83,D
sz002483,润邦股份,2025-09-18 13:29:21,6.83,50200,6.83,U
sz002483,润邦股份,2025-09-18 13:30:03,6.83,25400,6.83,U
sz002483,润邦股份,2025-09-18 13:30:15,6.84,30300,6.83,U
sz002483,润邦股份,2025-09-18 13:30:21,6.84,28100,6.84,U
sz002483,润邦股份,2025-09-18 13:31:21,6.85,29400,6.85,U
sz002483,润邦股份,2025-09-18 13:31:42,6.86,51160,6.86,U
sz002483,润邦股份,2025-09-18 13:31:57,6.85,50640,6.86,D
sz002483,润邦股份,2025-09-18 13:32:18,6.84,86600,6.86,D
sz002483,润邦股份,2025-09-18 13:33:24,6.85,32600,6.85,U
sz002483,润邦股份,2025-09-18 13:33:51,6.84,31700,6.85,D
sz002483,润邦股份,2025-09-18 13:35:24,6.84,20200,6.84,D
sz002483,润邦股份,2025-09-18 13:38:06,6.83,27400,6.85,D
sz002483,润邦股份,2025-09-18 13:41:00,6.82,79800,6.83,D
sz002483,润邦股份,2025-09-18 13:43:15,6.83,22900,6.83,D
sz002483,润邦股份,2025-09-18 13:44:30,6.82,81800,6.83,D
sz002483,润邦股份,2025-09-18 13:45:54,6.81,45100,6.81,D
sz002483,润邦股份,2025-09-18 13:46:15,6.81,21500,6.81,D
sz002483,润邦股份,2025-09-18 13:47:06,6.81,22200,6.81,D
sz002483,润邦股份,2025-09-18 13:47:36,6.8,35800,6.8,D
sz002483,润邦股份,2025-09-18 13:48:06,6.8,24200,6.8,D
sz002483,润邦股份,2025-09-18 13:48:24,6.81,42000,6.8,U
sz002483,润邦股份,2025-09-18 13:50:15,6.83,26400,6.81,U
sz002483,润邦股份,2025-09-18 13:50:33,6.83,22100,6.82,U
sz002483,润邦股份,2025-09-18 13:51:15,6.83,64000,6.83,U
sz002483,润邦股份,2025-09-18 13:52:00,6.84,32900,6.84,U
sz002483,润邦股份,2025-09-18 13:52:36,6.84,26900,6.84,U
sz002483,润邦股份,2025-09-18 13:54:00,6.83,30000,6.83,U
sz002483,润邦股份,2025-09-18 13:54:51,6.82,39800,6.83,D
sz002483,润邦股份,2025-09-18 13:56:45,6.81,30200,6.81,D
sz002483,润邦股份,2025-09-18 13:57:42,6.8,60400,6.8,D
sz002483,润邦股份,2025-09-18 14:00:27,6.8,26600,6.8,D
sz002483,润邦股份,2025-09-18 14:01:12,6.8,29200,6.79,U
sz002483,润邦股份,2025-09-18 14:02:12,6.8,25400,6.79,U
sz002483,润邦股份,2025-09-18 14:04:24,6.79,59100,6.79,D
sz002483,润邦股份,2025-09-18 14:04:51,6.76,56000,6.78,D
sz002483,润邦股份,2025-09-18 14:05:12,6.78,91100,6.77,U
sz002483,润邦股份,2025-09-18 14:08:42,6.77,26200,6.77,D
sz002483,润邦股份,2025-09-18 14:08:48,6.78,23800,6.78,U
sz002483,润邦股份,2025-09-18 14:08:51,6.78,33000,6.78,U
sz002483,润邦股份,2025-09-18 14:09:36,6.78,28100,6.78,U
sz002483,润邦股份,2025-09-18 14:09:39,6.78,20600,6.78,U
sz002483,润邦股份,2025-09-18 14:10:00,6.78,37900,6.78,D
sz002483,润邦股份,2025-09-18 14:10:21,6.78,25300,6.77,U
sz002483,润邦股份,2025-09-18 14:12:33,6.77,41700,6.77,U
sz002483,润邦股份,2025-09-18 14:13:54,6.78,28700,6.78,U
sz002483,润邦股份,2025-09-18 14:14:54,6.78,23300,6.78,U
sz002483,润邦股份,2025-09-18 14:15:12,6.79,56300,6.78,U
sz002483,润邦股份,2025-09-18 14:15:15,6.78,28200,6.79,D
sz002483,润邦股份,2025-09-18 14:16:15,6.79,21400,6.79,U
sz002483,润邦股份,2025-09-18 14:16:57,6.81,25200,6.81,U
sz002483,润邦股份,2025-09-18 14:17:48,6.8,25300,6.81,D
sz002483,润邦股份,2025-09-18 14:18:18,6.81,24800,6.81,U
sz002483,润邦股份,2025-09-18 14:19:48,6.81,35300,6.81,D
sz002483,润邦股份,2025-09-18 14:20:42,6.8,20500,6.81,D
sz002483,润邦股份,2025-09-18 14:21:03,6.8,21800,6.81,D
sz002483,润邦股份,2025-09-18 14:22:21,6.8,20300,6.81,D
sz002483,润邦股份,2025-09-18 14:22:30,6.8,24200,6.8,U
sz002483,润邦股份,2025-09-18 14:23:00,6.82,20100,6.83,E
sz002483,润邦股份,2025-09-18 14:24:27,6.8,40300,6.79,U
sz002483,润邦股份,2025-09-18 14:24:42,6.79,43500,6.79,D
sz002483,润邦股份,2025-09-18 14:25:24,6.78,43300,6.78,D
sz002483,润邦股份,2025-09-18 14:27:06,6.79,52900,6.78,U
sz002483,润邦股份,2025-09-18 14:28:45,6.79,44400,6.78,U
sz002483,润邦股份,2025-09-18 14:28:51,6.78,21600,6.79,D
sz002483,润邦股份,2025-09-18 14:29:57,6.79,33300,6.8,E
sz002483,润邦股份,2025-09-18 14:31:42,6.79,20400,6.8,D
sz002483,润邦股份,2025-09-18 14:35:39,6.77,55000,6.79,D
sz002483,润邦股份,2025-09-18 14:36:06,6.77,53000,6.78,D
sz002483,润邦股份,2025-09-18 14:36:51,6.77,33200,6.78,D
sz002483,润邦股份,2025-09-18 14:37:36,6.76,77400,6.77,D
sz002483,润邦股份,2025-09-18 14:38:06,6.75,50400,6.77,D
sz002483,润邦股份,2025-09-18 14:38:18,6.76,47300,6.77,D
sz002483,润邦股份,2025-09-18 14:38:24,6.76,22800,6.77,D
sz002483,润邦股份,2025-09-18 14:38:42,6.76,50700,6.77,D
sz002483,润邦股份,2025-09-18 14:41:12,6.76,100000,6.76,U
sz002483,润邦股份,2025-09-18 14:41:33,6.75,36700,6.75,D
sz002483,润邦股份,2025-09-18 14:41:45,6.75,20400,6.76,D
sz002483,润邦股份,2025-09-18 14:42:00,6.75,21100,6.76,D
sz002483,润邦股份,2025-09-18 14:42:42,6.76,22700,6.78,D
sz002483,润邦股份,2025-09-18 14:43:30,6.75,25700,6.76,D
sz002483,润邦股份,2025-09-18 14:43:36,6.76,70000,6.76,U
sz002483,润邦股份,2025-09-18 14:43:45,6.76,32600,6.76,D
sz002483,润邦股份,2025-09-18 14:45:00,6.79,25200,6.79,U
sz002483,润邦股份,2025-09-18 14:45:45,6.82,87100,6.81,U
sz002483,润邦股份,2025-09-18 14:46:09,6.81,27900,6.81,D
sz002483,润邦股份,2025-09-18 14:46:30,6.8,35200,6.8,D
sz002483,润邦股份,2025-09-18 14:48:21,6.79,35800,6.8,D
sz002483,润邦股份,2025-09-18 14:48:42,6.8,26200,6.79,U
sz002483,润邦股份,2025-09-18 14:49:48,6.8,45700,6.79,U
sz002483,润邦股份,2025-09-18 14:51:33,6.82,23500,6.82,U
sz002483,润邦股份,2025-09-18 14:51:36,6.82,40134,6.82,U
sz002483,润邦股份,2025-09-18 14:55:15,6.82,25100,6.81,U
sz002483,润邦股份,2025-09-18 14:55:36,6.8,35700,6.82,D
sz002483,润邦股份,2025-09-18 14:55:42,6.8,28300,6.8,D
sz002483,润邦股份,2025-09-18 14:56:36,6.82,29200,6.8,U
sz002483,润邦股份,2025-09-18 15:00:00,6.81,203600,6.81,E
