symbol,name,ticktime,price,volume,prev_price,kind
sz002483,润邦股份,2025-09-30 09:25:00,7.12,20600,0.0,E
sz002483,润邦股份,2025-09-30 09:30:03,7.13,23500,7.12,U
sz002483,润邦股份,2025-09-30 09:31:27,7.12,36000,7.12,U
sz002483,润邦股份,2025-09-30 09:31:57,7.13,20400,7.12,U
sz002483,润邦股份,2025-09-30 09:32:54,7.12,52100,7.12,D
sz002483,润邦股份,2025-09-30 09:33:03,7.12,25900,7.12,D
sz002483,润邦股份,2025-09-30 09:33:51,7.11,20800,7.11,D
sz002483,润邦股份,2025-09-30 09:35:03,7.12,36800,7.11,U
sz002483,润邦股份,2025-09-30 09:35:09,7.11,58600,7.11,D
sz002483,润邦股份,2025-09-30 09:35:54,7.09,30000,7.11,D
sz002483,润邦股份,2025-09-30 09:37:09,7.1,22400,7.1,D
sz002483,润邦股份,2025-09-30 09:37:12,7.1,26300,7.1,D
sz002483,润邦股份,2025-09-30 09:37:54,7.09,20000,7.09,D
sz002483,润邦股份,2025-09-30 09:39:12,7.08,38000,7.08,D
sz002483,润邦股份,2025-09-30 09:39:27,7.08,24800,7.08,D
sz002483,润邦股份,2025-09-30 09:40:24,7.08,109100,7.08,D
sz002483,润邦股份,2025-09-30 09:40:57,7.08,21800,7.09,D
sz002483,润邦股份,2025-09-30 09:41:39,7.08,34200,7.08,D
sz002483,润邦股份,2025-09-30 09:41:51,7.07,32000,7.08,D
sz002483,润邦股份,2025-09-30 09:42:33,7.08,47000,7.07,U
sz002483,润邦股份,2025-09-30 09:42:36,7.07,25700,7.08,D
sz002483,润邦股份,2025-09-30 09:42:39,7.07,33500,7.07,U
sz002483,润邦股份,2025-09-30 09:43:45,7.06,25200,7.06,D
sz002483,润邦股份,2025-09-30 09:44:06,7.08,54800,7.07,U
sz002483,润邦股份,2025-09-30 09:44:18,7.08,36100,7.07,U
sz002483,润邦股份,2025-09-30 09:47:06,7.09,52500,7.08,U
sz002483,润邦股份,2025-09-30 09:47:15,7.09,26900,7.09,U
sz002483,润邦股份,2025-09-30 09:48:03,7.09,22800,7.08,U
sz002483,润邦股份,2025-09-30 09:52:06,7.09,30000,7.1,D
sz002483,润邦股份,2025-09-30 09:53:24,7.09,123300,7.09,D
sz002483,润邦股份,2025-09-30 09:55:00,7.08,30400,7.09,D
sz002483,润邦股份,2025-09-30 09:55:24,7.08,20600,7.08,D
sz002483,润邦股份,2025-09-30 09:55:45,7.09,61300,7.09,U
sz002483,润邦股份,2025-09-30 09:55:48,7.09,68000,7.09,D
sz002483,润邦股份,2025-09-30 09:55:51,7.08,23400,7.09,D
sz002483,润邦股份,2025-09-30 09:55:54,7.08,45400,7.08,D
sz002483,润邦股份,2025-09-30 09:56:03,7.07,34600,7.08,D
sz002483,润邦股份,2025-09-30 09:56:24,7.07,111100,7.07,D
sz002483,润邦股份,2025-09-30 09:56:39,7.06,55200,7.06,D
sz002483,润邦股份,2025-09-30 09:56:57,7.06,52500,7.06,D
sz002483,润邦股份,2025-09-30 09:57:42,7.07,33200,7.07,U
sz002483,润邦股份,2025-09-30 09:58:42,7.05,176900,7.06,D
sz002483,润邦股份,2025-09-30 09:58:45,7.07,20400,7.05,U
sz002483,润邦股份,2025-09-30 10:01:12,7.06,75700,7.06,U
sz002483,润邦股份,2025-09-30 10:02:48,7.08,22800,7.07,U
sz002483,润邦股份,2025-09-30 10:03:36,7.06,80700,7.06,D
sz002483,润邦股份,2025-09-30 10:05:27,7.07,20100,7.07,U
sz002483,润邦股份,2025-09-30 10:05:42,7.07,20500,7.06,U
sz002483,润邦股份,2025-09-30 10:06:00,7.07,42800,7.07,U
sz002483,润邦股份,2025-09-30 10:07:33,7.08,30300,7.09,D
sz002483,润邦股份,2025-09-30 10:11:33,7.07,40500,7.08,D
sz002483,润邦股份,2025-09-30 10:11:54,7.05,87600,7.06,D
sz002483,润邦股份,2025-09-30 10:13:24,7.06,53700,7.05,U
sz002483,润邦股份,2025-09-30 10:14:06,7.06,150400,7.07,D
sz002483,润邦股份,2025-09-30 10:14:12,7.05,56600,7.06,D
sz002483,润邦股份,2025-09-30 10:17:42,7.06,30900,7.06,U
sz002483,润邦股份,2025-09-30 10:17:54,7.06,22700,7.07,D
sz002483,润邦股份,2025-09-30 10:18:03,7.06,21000,7.07,D
sz002483,润邦股份,2025-09-30 10:18:18,7.07,50100,7.07,U
sz002483,润邦股份,2025-09-30 10:21:21,7.07,36100,7.08,D
sz002483,润邦股份,2025-09-30 10:21:36,7.08,71600,7.07,U
sz002483,润邦股份,2025-09-30 10:22:18,7.08,25800,7.07,U
sz002483,润邦股份,2025-09-30 10:22:30,7.07,21600,7.07,D
sz002483,润邦股份,2025-09-30 10:22:45,7.07,25300,7.08,D
sz002483,润邦股份,2025-09-30 10:22:51,7.07,67900,7.07,U
sz002483,润邦股份,2025-09-30 10:25:00,7.08,22100,7.09,D
sz002483,润邦股份,2025-09-30 10:26:15,7.07,23600,7.08,D
sz002483,润邦股份,2025-09-30 10:26:21,7.07,24900,7.07,D
sz002483,润邦股份,2025-09-30 10:27:12,7.06,41000,7.07,D
sz002483,润邦股份,2025-09-30 10:33:06,7.07,20200,7.07,D
sz002483,润邦股份,2025-09-30 10:33:30,7.07,20000,7.08,D
sz002483,润邦股份,2025-09-30 10:34:12,7.08,31300,7.08,U
sz002483,润邦股份,2025-09-30 10:35:00,7.07,30200,7.08,D
sz002483,润邦股份,2025-09-30 10:35:33,7.06,119200,7.08,D
sz002483,润邦股份,2025-09-30 10:35:36,7.05,31700,7.06,D
sz002483,润邦股份,2025-09-30 10:36:12,7.08,34000,7.06,U
sz002483,润邦股份,2025-09-30 10:39:54,7.06,47100,7.07,D
sz002483,润邦股份,2025-09-30 10:47:45,7.07,36300,7.07,D
sz002483,润邦股份,2025-09-30 10:48:33,7.07,20600,7.07,U
sz002483,润邦股份,2025-09-30 10:52:12,7.08,32800,7.08,U
sz002483,润邦股份,2025-09-30 10:59:51,7.08,34300,7.09,D
sz002483,润邦股份,2025-09-30 11:06:30,7.09,40500,7.1,D
sz002483,润邦股份,2025-09-30 11:08:18,7.09,323600,7.09,D
sz002483,润邦股份,2025-09-30 11:08:39,7.1,36000,7.1,U
sz002483,润邦股份,2025-09-30 11:09:09,7.1,71900,7.1,U
sz002483,润邦股份,2025-09-30 11:09:54,7.13,273100,7.11,U
sz002483,润邦股份,2025-09-30 11:10:06,7.13,29500,7.13,U
sz002483,润邦股份,2025-09-30 11:10:09,7.13,34700,7.13,U
sz002483,润邦股份,2025-09-30 11:10:18,7.13,27900,7.14,D
sz002483,润邦股份,2025-09-30 11:10:27,7.13,36200,7.13,U
sz002483,润邦股份,2025-09-30 11:10:54,7.14,199800,7.13,U
sz002483,润邦股份,2025-09-30 11:11:00,7.14,30200,7.15,D
sz002483,润邦股份,2025-09-30 11:11:39,7.15,56000,7.15,U
sz002483,润邦股份,2025-09-30 11:13:12,7.14,35800,7.14,U
sz002483,润邦股份,2025-09-30 11:14:12,7.13,20900,7.15,D
sz002483,润邦股份,2025-09-30 11:19:27,7.14,60800,7.12,U
sz002483,润邦股份,2025-09-30 11:19:54,7.14,141600,7.14,U
sz002483,润邦股份,2025-09-30 11:20:18,7.13,86100,7.14,D
sz002483,润邦股份,2025-09-30 11:21:00,7.14,22900,7.14,U
sz002483,润邦股份,2025-09-30 11:21:06,7.13,27400,7.13,D
sz002483,润邦股份,2025-09-30 11:29:12,7.11,66200,7.12,D
sz002483,润邦股份,2025-09-30 11:29:18,7.13,24300,7.12,U
sz002483,润邦股份,2025-09-30 11:29:27,7.15,56300,7.14,U
sz002483,润邦股份,2025-09-30 11:30:00,7.15,20800,7.15,U
sz002483,润邦股份,2025-09-30 13:00:00,7.14,22400,7.15,E
sz002483,润邦股份,2025-09-30 13:00:03,7.15,25300,7.14,U
sz002483,润邦股份,2025-09-30 13:00:09,7.13,66900,7.13,D
sz002483,润邦股份,2025-09-30 13:00:12,7.15,152200,7.13,U
sz002483,润邦股份,2025-09-30 13:00:18,7.15,90400,7.15,U
sz002483,润邦股份,2025-09-30 13:00:21,7.15,30800,7.15,D
sz002483,润邦股份,2025-09-30 13:00:24,7.13,43400,7.15,D
sz002483,润邦股份,2025-09-30 13:00:27,7.14,39200,7.13,E
sz002483,润邦股份,2025-09-30 13:01:06,7.13,40000,7.14,D
sz002483,润邦股份,2025-09-30 13:01:12,7.12,21800,7.12,D
sz002483,润邦股份,2025-09-30 13:01:36,7.14,22800,7.14,U
sz002483,润邦股份,2025-09-30 13:01:39,7.14,213100,7.14,D
sz002483,润邦股份,2025-09-30 13:01:54,7.16,25700,7.16,U
sz002483,润邦股份,2025-09-30 13:02:21,7.16,43500,7.16,U
sz002483,润邦股份,2025-09-30 13:02:51,7.16,21200,7.16,U
sz002483,润邦股份,2025-09-30 13:03:51,7.15,34500,7.15,D
sz002483,润邦股份,2025-09-30 13:03:54,7.15,37400,7.15,D
sz002483,润邦股份,2025-09-30 13:07:27,7.14,67000,7.15,D
sz002483,润邦股份,2025-09-30 13:09:36,7.14,29300,7.13,U
sz002483,润邦股份,2025-09-30 13:10:39,7.14,20600,7.15,D
sz002483,润邦股份,2025-09-30 13:13:06,7.14,20000,7.14,D
sz002483,润邦股份,2025-09-30 13:14:03,7.14,34800,7.15,D
sz002483,润邦股份,2025-09-30 13:23:39,7.14,78200,7.14,U
sz002483,润邦股份,2025-09-30 13:24:24,7.13,207400,7.14,D
sz002483,润邦股份,2025-09-30 13:28:06,7.14,22200,7.13,U
sz002483,润邦股份,2025-09-30 13:30:09,7.12,70000,7.13,D
sz002483,润邦股份,2025-09-30 13:33:48,7.12,20600,7.12,U
sz002483,润邦股份,2025-09-30 13:35:06,7.12,27200,7.12,D
sz002483,润邦股份,2025-09-30 13:35:54,7.12,31600,7.12,U
sz002483,润邦股份,2025-09-30 13:38:48,7.12,100000,7.13,D
sz002483,润邦股份,2025-09-30 13:39:00,7.12,22300,7.12,D
sz002483,润邦股份,2025-09-30 13:45:30,7.12,20000,7.12,D
sz002483,润邦股份,2025-09-30 13:49:39,7.12,39300,7.12,U
sz002483,润邦股份,2025-09-30 13:56:27,7.1,95300,7.12,D
sz002483,润邦股份,2025-09-30 13:57:12,7.1,23100,7.11,D
sz002483,润邦股份,2025-09-30 13:59:12,7.12,36300,7.12,U
sz002483,润邦股份,2025-09-30 14:00:30,7.11,44500,7.12,D
sz002483,润邦股份,2025-09-30 14:02:15,7.12,84600,7.12,U
sz002483,润邦股份,2025-09-30 14:03:57,7.12,24200,7.13,D
sz002483,润邦股份,2025-09-30 14:19:18,7.12,34600,7.12,D
sz002483,润邦股份,2025-09-30 14:31:21,7.12,24600,7.12,D
sz002483,润邦股份,2025-09-30 14:31:24,7.12,56700,7.12,D
sz002483,润邦股份,2025-09-30 14:31:27,7.12,92900,7.12,D
sz002483,润邦股份,2025-09-30 14:36:39,7.12,30500,7.12,D
sz002483,润邦股份,2025-09-30 14:42:48,7.11,45700,7.11,D
sz002483,润邦股份,2025-09-30 14:43:15,7.11,43500,7.12,D
sz002483,润邦股份,2025-09-30 14:50:36,7.12,46300,7.11,U
sz002483,润邦股份,2025-09-30 14:51:09,7.12,42000,7.11,U
sz002483,润邦股份,2025-09-30 14:51:21,7.12,20700,7.12,U
sz002483,润邦股份,2025-09-30 14:54:00,7.11,66000,7.12,D
sz002483,润邦股份,2025-09-30 14:54:09,7.11,45100,7.12,D
sz002483,润邦股份,2025-09-30 14:55:12,7.11,44400,7.12,D
sz002483,润邦股份,2025-09-30 14:55:51,7.11,24200,7.1,E
sz002483,润邦股份,2025-09-30 14:56:48,7.11,27300,7.11,U
sz002483,润邦股份,2025-09-30 15:00:00,7.11,154400,7.11,E
