symbol,name,ticktime,price,volume,prev_price,kind
sz002483,润邦股份,2025-10-13 09:25:00,7.15,352200,0.0,D
sz002483,润邦股份,2025-10-13 09:30:00,7.15,99900,7.15,D
sz002483,润邦股份,2025-10-13 09:30:03,7.15,126200,7.15,D
sz002483,润邦股份,2025-10-13 09:30:06,7.15,158500,7.15,U
sz002483,润邦股份,2025-10-13 09:30:09,7.13,46200,7.15,D
sz002483,润邦股份,2025-10-13 09:30:12,7.13,60300,7.13,U
sz002483,润邦股份,2025-10-13 09:30:15,7.12,62400,7.13,D
sz002483,润邦股份,2025-10-13 09:30:18,7.12,81740,7.12,U
sz002483,润邦股份,2025-10-13 09:30:27,7.09,56100,7.11,D
sz002483,润邦股份,2025-10-13 09:30:30,7.12,118700,7.09,U
sz002483,润邦股份,2025-10-13 09:30:45,7.12,37700,7.13,D
sz002483,润邦股份,2025-10-13 09:30:54,7.14,32100,7.13,U
sz002483,润邦股份,2025-10-13 09:31:03,7.13,79300,7.14,D
sz002483,润邦股份,2025-10-13 09:31:09,7.15,72820,7.13,U
sz002483,润邦股份,2025-10-13 09:31:18,7.16,28000,7.15,U
sz002483,润邦股份,2025-10-13 09:31:27,7.17,92900,7.15,U
sz002483,润邦股份,2025-10-13 09:31:36,7.16,27700,7.16,U
sz002483,润邦股份,2025-10-13 09:31:45,7.15,28300,7.16,D
sz002483,润邦股份,2025-10-13 09:31:54,7.16,40200,7.15,U
sz002483,润邦股份,2025-10-13 09:32:03,7.12,71200,7.14,D
sz002483,润邦股份,2025-10-13 09:32:06,7.11,23800,7.12,D
sz002483,润邦股份,2025-10-13 09:32:09,7.11,21300,7.11,D
sz002483,润邦股份,2025-10-13 09:32:21,7.1,35600,7.12,D
sz002483,润邦股份,2025-10-13 09:32:24,7.1,47600,7.1,D
sz002483,润邦股份,2025-10-13 09:32:33,7.11,34200,7.11,U
sz002483,润邦股份,2025-10-13 09:32:39,7.11,21000,7.11,U
sz002483,润邦股份,2025-10-13 09:32:42,7.11,25400,7.11,U
sz002483,润邦股份,2025-10-13 09:33:39,7.14,39200,7.13,U
sz002483,润邦股份,2025-10-13 09:33:54,7.12,24400,7.12,U
sz002483,润邦股份,2025-10-13 09:34:00,7.13,39200,7.12,U
sz002483,润邦股份,2025-10-13 09:34:12,7.16,63400,7.15,U
sz002483,润邦股份,2025-10-13 09:34:51,7.14,86400,7.15,D
sz002483,润邦股份,2025-10-13 09:35:54,7.16,28800,7.17,D
sz002483,润邦股份,2025-10-13 09:35:57,7.16,30500,7.16,E
sz002483,润邦股份,2025-10-13 09:36:00,7.15,24200,7.16,D
sz002483,润邦股份,2025-10-13 09:36:03,7.14,20100,7.15,D
sz002483,润邦股份,2025-10-13 09:36:12,7.14,73400,7.15,D
sz002483,润邦股份,2025-10-13 09:36:15,7.14,21800,7.14,D
sz002483,润邦股份,2025-10-13 09:37:06,7.15,26700,7.17,D
sz002483,润邦股份,2025-10-13 09:37:45,7.14,29400,7.15,D
sz002483,润邦股份,2025-10-13 09:38:24,7.15,34600,7.15,D
sz002483,润邦股份,2025-10-13 09:39:03,7.16,23900,7.16,U
sz002483,润邦股份,2025-10-13 09:39:57,7.17,62300,7.16,U
sz002483,润邦股份,2025-10-13 09:40:00,7.18,44300,7.17,U
sz002483,润邦股份,2025-10-13 09:40:06,7.19,80500,7.18,U
sz002483,润邦股份,2025-10-13 09:40:27,7.19,36100,7.19,D
sz002483,润邦股份,2025-10-13 09:41:06,7.21,43900,7.2,U
sz002483,润邦股份,2025-10-13 09:42:24,7.22,23300,7.22,U
sz002483,润邦股份,2025-10-13 09:44:06,7.24,32900,7.24,U
sz002483,润邦股份,2025-10-13 09:44:18,7.24,29500,7.24,D
sz002483,润邦股份,2025-10-13 09:44:48,7.24,60400,7.24,U
sz002483,润邦股份,2025-10-13 09:44:57,7.23,84700,7.24,D
sz002483,润邦股份,2025-10-13 09:45:00,7.24,20800,7.23,U
sz002483,润邦股份,2025-10-13 09:45:03,7.24,23000,7.24,U
sz002483,润邦股份,2025-10-13 09:45:06,7.22,29700,7.24,D
sz002483,润邦股份,2025-10-13 09:45:33,7.24,33500,7.25,D
sz002483,润邦股份,2025-10-13 09:46:12,7.26,58500,7.27,D
sz002483,润邦股份,2025-10-13 09:46:57,7.25,33800,7.25,D
sz002483,润邦股份,2025-10-13 09:48:09,7.25,148000,7.25,D
sz002483,润邦股份,2025-10-13 09:48:57,7.25,62000,7.25,D
sz002483,润邦股份,2025-10-13 09:49:48,7.25,67800,7.24,U
sz002483,润邦股份,2025-10-13 09:51:30,7.28,58200,7.26,U
sz002483,润邦股份,2025-10-13 09:51:39,7.28,28200,7.28,U
sz002483,润邦股份,2025-10-13 09:51:45,7.28,20900,7.28,D
sz002483,润邦股份,2025-10-13 09:54:36,7.26,38400,7.26,U
sz002483,润邦股份,2025-10-13 09:57:48,7.26,55300,7.27,D
sz002483,润邦股份,2025-10-13 09:58:12,7.25,36200,7.25,D
sz002483,润邦股份,2025-10-13 09:59:18,7.26,62300,7.26,U
sz002483,润邦股份,2025-10-13 10:00:03,7.24,61700,7.26,D
sz002483,润邦股份,2025-10-13 10:00:24,7.26,40300,7.24,U
sz002483,润邦股份,2025-10-13 10:02:48,7.24,31800,7.24,D
sz002483,润邦股份,2025-10-13 10:03:24,7.23,24200,7.24,D
sz002483,润邦股份,2025-10-13 10:04:12,7.24,116300,7.25,D
sz002483,润邦股份,2025-10-13 10:06:30,7.23,42800,7.24,D
sz002483,润邦股份,2025-10-13 10:06:57,7.23,31600,7.23,D
sz002483,润邦股份,2025-10-13 10:07:06,7.23,37500,7.23,D
sz002483,润邦股份,2025-10-13 10:07:36,7.23,42700,7.23,D
sz002483,润邦股份,2025-10-13 10:09:24,7.22,23100,7.23,D
sz002483,润邦股份,2025-10-13 10:10:45,7.23,27600,7.23,U
sz002483,润邦股份,2025-10-13 10:11:30,7.22,20800,7.22,D
sz002483,润邦股份,2025-10-13 10:12:42,7.22,46100,7.23,D
sz002483,润邦股份,2025-10-13 10:13:12,7.22,24000,7.22,D
sz002483,润邦股份,2025-10-13 10:13:54,7.24,81800,7.23,U
sz002483,润邦股份,2025-10-13 10:14:15,7.24,25800,7.24,U
sz002483,润邦股份,2025-10-13 10:14:30,7.25,24600,7.24,U
sz002483,润邦股份,2025-10-13 10:17:18,7.23,30500,7.23,D
sz002483,润邦股份,2025-10-13 10:21:51,7.25,20600,7.24,U
sz002483,润邦股份,2025-10-13 10:25:00,7.25,40400,7.25,D
sz002483,润邦股份,2025-10-13 10:31:45,7.24,39400,7.24,D
sz002483,润邦股份,2025-10-13 10:33:06,7.24,42900,7.24,U
sz002483,润邦股份,2025-10-13 10:37:18,7.24,62300,7.25,D
sz002483,润邦股份,2025-10-13 10:39:57,7.24,47100,7.25,D
sz002483,润邦股份,2025-10-13 10:40:09,7.26,101300,7.25,U
sz002483,润邦股份,2025-10-13 10:40:33,7.27,28600,7.26,U
sz002483,润邦股份,2025-10-13 10:41:48,7.26,30600,7.26,D
sz002483,润邦股份,2025-10-13 10:49:48,7.25,24900,7.26,D
sz002483,润邦股份,2025-10-13 10:51:06,7.24,104700,7.25,D
sz002483,润邦股份,2025-10-13 10:59:45,7.24,32900,7.25,D
sz002483,润邦股份,2025-10-13 11:04:09,7.24,42100,7.23,U
sz002483,润邦股份,2025-10-13 11:09:09,7.23,22300,7.23,D
sz002483,润邦股份,2025-10-13 11:11:06,7.23,45100,7.23,D
sz002483,润邦股份,2025-10-13 11:16:54,7.22,26000,7.22,D
sz002483,润邦股份,2025-10-13 11:23:36,7.21,128100,7.21,D
sz002483,润邦股份,2025-10-13 11:23:54,7.2,21500,7.2,D
sz002483,润邦股份,2025-10-13 11:24:24,7.2,35300,7.2,D
sz002483,润邦股份,2025-10-13 11:24:36,7.2,44100,7.2,D
sz002483,润邦股份,2025-10-13 11:25:03,7.2,20000,7.2,D
sz002483,润邦股份,2025-10-13 11:28:21,7.2,25300,7.19,U
sz002483,润邦股份,2025-10-13 11:29:36,7.18,79100,7.19,D
sz002483,润邦股份,2025-10-13 13:00:00,7.19,37776,7.18,U
sz002483,润邦股份,2025-10-13 13:00:03,7.15,139324,7.19,D
sz002483,润邦股份,2025-10-13 13:00:06,7.16,427276,7.15,U
sz002483,润邦股份,2025-10-13 13:01:48,7.18,21000,7.17,U
sz002483,润邦股份,2025-10-13 13:02:09,7.17,50600,7.16,E
sz002483,润邦股份,2025-10-13 13:02:27,7.16,36100,7.18,D
sz002483,润邦股份,2025-10-13 13:02:48,7.17,54700,7.17,U
sz002483,润邦股份,2025-10-13 13:03:18,7.17,66700,7.18,D
sz002483,润邦股份,2025-10-13 13:04:03,7.16,20900,7.16,D
sz002483,润邦股份,2025-10-13 13:04:57,7.16,30000,7.17,D
sz002483,润邦股份,2025-10-13 13:05:03,7.16,50300,7.16,U
sz002483,润邦股份,2025-10-13 13:05:30,7.16,51600,7.16,U
sz002483,润邦股份,2025-10-13 13:05:39,7.15,66500,7.16,D
sz002483,润邦股份,2025-10-13 13:05:48,7.16,29200,7.15,U
sz002483,润邦股份,2025-10-13 13:06:00,7.15,147500,7.16,D
sz002483,润邦股份,2025-10-13 13:06:15,7.15,20100,7.15,U
sz002483,润邦股份,2025-10-13 13:06:24,7.14,44800,7.15,D
sz002483,润邦股份,2025-10-13 13:06:36,7.15,29500,7.16,E
sz002483,润邦股份,2025-10-13 13:06:45,7.15,20900,7.14,U
sz002483,润邦股份,2025-10-13 13:10:30,7.17,40800,7.16,U
sz002483,润邦股份,2025-10-13 13:11:12,7.17,24100,7.18,D
sz002483,润邦股份,2025-10-13 13:16:30,7.2,30300,7.19,U
sz002483,润邦股份,2025-10-13 13:20:00,7.21,22500,7.21,D
sz002483,润邦股份,2025-10-13 13:21:06,7.21,24000,7.21,D
sz002483,润邦股份,2025-10-13 13:25:09,7.2,61100,7.2,D
sz002483,润邦股份,2025-10-13 13:28:42,7.23,69200,7.22,U
sz002483,润邦股份,2025-10-13 13:29:30,7.23,36200,7.23,U
sz002483,润邦股份,2025-10-13 13:31:03,7.24,20700,7.24,D
sz002483,润邦股份,2025-10-13 13:31:30,7.24,30500,7.25,D
sz002483,润邦股份,2025-10-13 13:35:06,7.23,45000,7.25,D
sz002483,润邦股份,2025-10-13 13:39:12,7.24,76740,7.24,U
sz002483,润邦股份,2025-10-13 13:40:18,7.26,44000,7.25,U
sz002483,润邦股份,2025-10-13 13:40:30,7.24,45500,7.25,D
sz002483,润邦股份,2025-10-13 13:40:33,7.24,22300,7.24,D
sz002483,润邦股份,2025-10-13 13:40:36,7.23,30200,7.24,D
sz002483,润邦股份,2025-10-13 13:40:39,7.23,38500,7.23,D
sz002483,润邦股份,2025-10-13 13:40:42,7.23,32900,7.23,D
sz002483,润邦股份,2025-10-13 13:40:45,7.22,42100,7.23,D
sz002483,润邦股份,2025-10-13 13:40:48,7.22,25600,7.22,D
sz002483,润邦股份,2025-10-13 13:40:51,7.22,31600,7.22,D
sz002483,润邦股份,2025-10-13 13:50:15,7.24,31200,7.25,D
sz002483,润邦股份,2025-10-13 13:50:18,7.24,24400,7.24,U
sz002483,润邦股份,2025-10-13 13:51:00,7.24,21200,7.25,D
sz002483,润邦股份,2025-10-13 13:54:45,7.25,20000,7.25,U
sz002483,润邦股份,2025-10-13 13:54:51,7.25,81700,7.25,U
sz002483,润邦股份,2025-10-13 14:00:33,7.27,41300,7.26,U
sz002483,润邦股份,2025-10-13 14:05:39,7.26,41900,7.26,D
sz002483,润邦股份,2025-10-13 14:08:18,7.25,21900,7.25,D
sz002483,润邦股份,2025-10-13 14:09:03,7.27,88300,7.26,U
sz002483,润邦股份,2025-10-13 14:12:39,7.27,49200,7.28,D
sz002483,润邦股份,2025-10-13 14:13:33,7.29,68100,7.27,U
sz002483,润邦股份,2025-10-13 14:18:54,7.29,114200,7.29,U
sz002483,润邦股份,2025-10-13 14:23:36,7.29,25500,7.3,D
sz002483,润邦股份,2025-10-13 14:23:51,7.29,217300,7.3,D
sz002483,润邦股份,2025-10-13 14:24:00,7.29,32200,7.29,U
sz002483,润邦股份,2025-10-13 14:24:09,7.3,24600,7.29,U
sz002483,润邦股份,2025-10-13 14:24:33,7.31,21800,7.3,U
sz002483,润邦股份,2025-10-13 14:25:30,7.3,35300,7.31,D
sz002483,润邦股份,2025-10-13 14:25:45,7.3,32300,7.3,U
sz002483,润邦股份,2025-10-13 14:27:06,7.3,20600,7.3,U
sz002483,润邦股份,2025-10-13 14:30:12,7.3,42900,7.29,U
sz002483,润邦股份,2025-10-13 14:31:30,7.29,25900,7.29,U
sz002483,润邦股份,2025-10-13 14:31:33,7.3,139400,7.29,U
sz002483,润邦股份,2025-10-13 14:34:54,7.32,48800,7.32,U
sz002483,润邦股份,2025-10-13 14:36:00,7.31,73400,7.33,D
sz002483,润邦股份,2025-10-13 14:38:09,7.33,30800,7.33,U
sz002483,润邦股份,2025-10-13 14:38:57,7.32,61600,7.33,D
sz002483,润邦股份,2025-10-13 14:39:45,7.33,22400,7.33,U
sz002483,润邦股份,2025-10-13 14:42:09,7.32,20000,7.33,D
sz002483,润邦股份,2025-10-13 14:42:36,7.32,29600,7.33,D
sz002483,润邦股份,2025-10-13 14:47:27,7.32,20000,7.32,U
sz002483,润邦股份,2025-10-13 14:48:48,7.32,55000,7.31,U
sz002483,润邦股份,2025-10-13 14:51:03,7.31,40200,7.32,D
sz002483,润邦股份,2025-10-13 14:54:00,7.3,33800,7.3,D
sz002483,润邦股份,2025-10-13 14:54:30,7.3,29100,7.31,D
sz002483,润邦股份,2025-10-13 14:56:00,7.31,36100,7.31,U
sz002483,润邦股份,2025-10-13 15:00:00,7.3,147800,7.31,E
