symbol,name,ticktime,price,volume,prev_price,kind
sz002756,永兴材料,2025-09-18 09:25:00,35.0,31300,0.0,D
sz002756,永兴材料,2025-09-18 09:30:00,34.96,8500,35.0,D
sz002756,永兴材料,2025-09-18 09:30:03,34.96,9900,34.96,D
sz002756,永兴材料,2025-09-18 09:30:06,34.91,23600,34.96,D
sz002756,永兴材料,2025-09-18 09:30:09,34.86,26400,34.91,D
sz002756,永兴材料,2025-09-18 09:30:15,34.8,28100,34.82,D
sz002756,永兴材料,2025-09-18 09:30:21,34.79,14900,34.78,U
sz002756,永兴材料,2025-09-18 09:30:24,34.73,16600,34.79,D
sz002756,永兴材料,2025-09-18 09:30:27,34.74,24400,34.73,U
sz002756,永兴材料,2025-09-18 09:30:30,34.8,7700,34.74,U
sz002756,永兴材料,2025-09-18 09:30:33,34.8,38900,34.8,D
sz002756,永兴材料,2025-09-18 09:30:36,34.85,12600,34.8,U
sz002756,永兴材料,2025-09-18 09:30:42,34.94,7700,34.82,U
sz002756,永兴材料,2025-09-18 09:30:45,34.82,18500,34.94,D
sz002756,永兴材料,2025-09-18 09:30:54,34.91,6600,34.91,U
sz002756,永兴材料,2025-09-18 09:31:00,34.89,6600,34.93,D
sz002756,永兴材料,2025-09-18 09:31:03,34.85,6800,34.89,D
sz002756,永兴材料,2025-09-18 09:31:09,34.83,12200,34.83,D
sz002756,永兴材料,2025-09-18 09:31:15,34.86,13000,34.85,U
sz002756,永兴材料,2025-09-18 09:31:18,34.81,10300,34.86,D
sz002756,永兴材料,2025-09-18 09:31:21,34.87,7800,34.81,U
sz002756,永兴材料,2025-09-18 09:31:24,34.86,22400,34.87,D
sz002756,永兴材料,2025-09-18 09:31:27,34.81,10600,34.86,D
sz002756,永兴材料,2025-09-18 09:31:30,34.8,15800,34.81,D
sz002756,永兴材料,2025-09-18 09:31:33,34.8,28800,34.8,U
sz002756,永兴材料,2025-09-18 09:31:39,34.72,17600,34.78,D
sz002756,永兴材料,2025-09-18 09:31:42,34.7,7400,34.72,D
sz002756,永兴材料,2025-09-18 09:31:48,34.69,22000,34.7,D
sz002756,永兴材料,2025-09-18 09:31:54,34.63,17400,34.7,D
sz002756,永兴材料,2025-09-18 09:32:03,34.7,18200,34.68,E
sz002756,永兴材料,2025-09-18 09:32:06,34.69,11100,34.7,E
sz002756,永兴材料,2025-09-18 09:32:09,34.63,13500,34.69,D
sz002756,永兴材料,2025-09-18 09:32:12,34.65,14500,34.63,U
sz002756,永兴材料,2025-09-18 09:32:15,34.62,8300,34.65,D
sz002756,永兴材料,2025-09-18 09:32:18,34.62,7000,34.62,U
sz002756,永兴材料,2025-09-18 09:32:24,34.62,10700,34.62,D
sz002756,永兴材料,2025-09-18 09:32:36,34.65,11300,34.65,U
sz002756,永兴材料,2025-09-18 09:32:45,34.63,19400,34.65,D
sz002756,永兴材料,2025-09-18 09:32:48,34.64,30300,34.63,U
sz002756,永兴材料,2025-09-18 09:32:54,34.62,6400,34.62,U
sz002756,永兴材料,2025-09-18 09:32:57,34.64,11000,34.62,U
sz002756,永兴材料,2025-09-18 09:33:27,34.71,6400,34.7,U
sz002756,永兴材料,2025-09-18 09:33:33,34.71,10300,34.71,U
sz002756,永兴材料,2025-09-18 09:33:39,34.71,11900,34.71,U
sz002756,永兴材料,2025-09-18 09:33:51,34.72,10100,34.72,U
sz002756,永兴材料,2025-09-18 09:33:57,34.72,8400,34.72,D
sz002756,永兴材料,2025-09-18 09:34:06,34.73,46000,34.72,U
sz002756,永兴材料,2025-09-18 09:34:18,34.71,7200,34.72,E
sz002756,永兴材料,2025-09-18 09:34:21,34.73,10200,34.71,U
sz002756,永兴材料,2025-09-18 09:34:27,34.74,7500,34.72,U
sz002756,永兴材料,2025-09-18 09:34:33,34.71,13000,34.72,E
sz002756,永兴材料,2025-09-18 09:34:42,34.72,13100,34.72,U
sz002756,永兴材料,2025-09-18 09:35:00,34.74,34300,34.74,U
sz002756,永兴材料,2025-09-18 09:35:09,34.73,31900,34.72,U
sz002756,永兴材料,2025-09-18 09:35:15,34.69,9200,34.73,D
sz002756,永兴材料,2025-09-18 09:35:24,34.68,6000,34.68,U
sz002756,永兴材料,2025-09-18 09:35:30,34.68,8000,34.68,D
sz002756,永兴材料,2025-09-18 09:35:36,34.64,33900,34.68,D
sz002756,永兴材料,2025-09-18 09:35:39,34.65,9300,34.64,U
sz002756,永兴材料,2025-09-18 09:36:00,34.65,11200,34.65,U
sz002756,永兴材料,2025-09-18 09:36:27,34.68,13600,34.68,U
sz002756,永兴材料,2025-09-18 09:36:36,34.67,18000,34.69,D
sz002756,永兴材料,2025-09-18 09:36:39,34.67,10900,34.67,U
sz002756,永兴材料,2025-09-18 09:36:48,34.67,8400,34.68,D
sz002756,永兴材料,2025-09-18 09:37:00,34.68,20700,34.68,U
sz002756,永兴材料,2025-09-18 09:37:06,34.7,6900,34.68,U
sz002756,永兴材料,2025-09-18 09:37:09,34.7,7400,34.7,U
sz002756,永兴材料,2025-09-18 09:37:15,34.69,7600,34.7,U
sz002756,永兴材料,2025-09-18 09:37:18,34.66,21400,34.69,D
sz002756,永兴材料,2025-09-18 09:37:30,34.66,8100,34.65,D
sz002756,永兴材料,2025-09-18 09:37:33,34.64,32400,34.66,D
sz002756,永兴材料,2025-09-18 09:37:36,34.63,48500,34.64,D
sz002756,永兴材料,2025-09-18 09:37:39,34.62,17400,34.63,D
sz002756,永兴材料,2025-09-18 09:37:48,34.63,7500,34.62,U
sz002756,永兴材料,2025-09-18 09:37:51,34.63,14600,34.63,U
sz002756,永兴材料,2025-09-18 09:37:54,34.63,16700,34.63,U
sz002756,永兴材料,2025-09-18 09:38:00,34.64,6200,34.65,D
sz002756,永兴材料,2025-09-18 09:38:03,34.64,10000,34.64,D
sz002756,永兴材料,2025-09-18 09:38:45,34.63,7300,34.65,D
sz002756,永兴材料,2025-09-18 09:38:51,34.64,9000,34.63,E
sz002756,永兴材料,2025-09-18 09:39:12,34.63,6300,34.64,D
sz002756,永兴材料,2025-09-18 09:39:15,34.64,6700,34.63,U
sz002756,永兴材料,2025-09-18 09:39:21,34.63,6300,34.64,D
sz002756,永兴材料,2025-09-18 09:39:24,34.63,11300,34.63,D
sz002756,永兴材料,2025-09-18 09:39:45,34.63,19000,34.63,U
sz002756,永兴材料,2025-09-18 09:39:48,34.59,159700,34.63,D
sz002756,永兴材料,2025-09-18 09:39:51,34.59,6000,34.59,D
sz002756,永兴材料,2025-09-18 09:39:54,34.59,12500,34.59,U
sz002756,永兴材料,2025-09-18 09:40:06,34.59,11000,34.59,D
sz002756,永兴材料,2025-09-18 09:40:09,34.58,12400,34.59,D
sz002756,永兴材料,2025-09-18 09:40:15,34.59,8900,34.58,U
sz002756,永兴材料,2025-09-18 09:40:18,34.58,6200,34.59,E
sz002756,永兴材料,2025-09-18 09:40:21,34.6,6500,34.58,U
sz002756,永兴材料,2025-09-18 09:40:39,34.62,10100,34.61,U
sz002756,永兴材料,2025-09-18 09:40:45,34.61,13900,34.61,E
sz002756,永兴材料,2025-09-18 09:40:48,34.61,7700,34.61,U
sz002756,永兴材料,2025-09-18 09:41:00,34.65,7300,34.64,U
sz002756,永兴材料,2025-09-18 09:41:33,34.64,6500,34.65,D
sz002756,永兴材料,2025-09-18 09:41:51,34.6,13200,34.63,D
sz002756,永兴材料,2025-09-18 09:41:57,34.6,6800,34.64,D
sz002756,永兴材料,2025-09-18 09:42:36,34.61,8300,34.61,D
sz002756,永兴材料,2025-09-18 09:42:57,34.62,14300,34.63,D
sz002756,永兴材料,2025-09-18 09:43:00,34.63,6200,34.62,U
sz002756,永兴材料,2025-09-18 09:43:03,34.6,22100,34.63,D
sz002756,永兴材料,2025-09-18 09:43:09,34.59,22000,34.59,D
sz002756,永兴材料,2025-09-18 09:43:12,34.59,10800,34.59,D
sz002756,永兴材料,2025-09-18 09:43:45,34.58,12700,34.58,U
sz002756,永兴材料,2025-09-18 09:43:51,34.57,12600,34.58,D
sz002756,永兴材料,2025-09-18 09:44:03,34.55,25100,34.58,D
sz002756,永兴材料,2025-09-18 09:44:09,34.57,16400,34.58,E
sz002756,永兴材料,2025-09-18 09:44:12,34.57,7300,34.57,E
sz002756,永兴材料,2025-09-18 09:44:15,34.53,8000,34.57,D
sz002756,永兴材料,2025-09-18 09:44:18,34.52,9500,34.53,D
sz002756,永兴材料,2025-09-18 09:44:33,34.54,9900,34.52,U
sz002756,永兴材料,2025-09-18 09:44:54,34.51,22900,34.52,D
sz002756,永兴材料,2025-09-18 09:44:57,34.51,12600,34.51,D
sz002756,永兴材料,2025-09-18 09:45:03,34.51,51600,34.52,D
sz002756,永兴材料,2025-09-18 09:45:06,34.52,15700,34.51,U
sz002756,永兴材料,2025-09-18 09:45:09,34.51,13000,34.52,E
sz002756,永兴材料,2025-09-18 09:45:33,34.5,11000,34.51,D
sz002756,永兴材料,2025-09-18 09:45:45,34.51,7400,34.51,D
sz002756,永兴材料,2025-09-18 09:45:57,34.51,7500,34.51,U
sz002756,永兴材料,2025-09-18 09:46:03,34.5,14600,34.5,D
sz002756,永兴材料,2025-09-18 09:46:09,34.52,35400,34.51,U
sz002756,永兴材料,2025-09-18 09:46:33,34.54,6300,34.54,U
sz002756,永兴材料,2025-09-18 09:46:48,34.54,7600,34.55,D
sz002756,永兴材料,2025-09-18 09:46:54,34.55,7300,34.54,U
sz002756,永兴材料,2025-09-18 09:46:57,34.55,9400,34.55,D
sz002756,永兴材料,2025-09-18 09:47:00,34.55,18900,34.55,D
sz002756,永兴材料,2025-09-18 09:47:03,34.53,21590,34.55,D
sz002756,永兴材料,2025-09-18 09:47:06,34.52,16500,34.53,D
sz002756,永兴材料,2025-09-18 09:47:18,34.52,24500,34.52,D
sz002756,永兴材料,2025-09-18 09:47:21,34.53,18400,34.52,U
sz002756,永兴材料,2025-09-18 09:47:27,34.51,7300,34.52,D
sz002756,永兴材料,2025-09-18 09:47:48,34.52,6300,34.51,U
sz002756,永兴材料,2025-09-18 09:47:51,34.51,7800,34.52,D
sz002756,永兴材料,2025-09-18 09:47:54,34.5,14100,34.51,D
sz002756,永兴材料,2025-09-18 09:47:57,34.51,7900,34.5,U
sz002756,永兴材料,2025-09-18 09:48:00,34.51,19300,34.51,U
sz002756,永兴材料,2025-09-18 09:48:03,34.5,7300,34.51,D
sz002756,永兴材料,2025-09-18 09:48:09,34.51,13700,34.5,U
sz002756,永兴材料,2025-09-18 09:48:12,34.5,6500,34.51,D
sz002756,永兴材料,2025-09-18 09:48:21,34.5,51100,34.5,D
sz002756,永兴材料,2025-09-18 09:48:30,34.49,84800,34.49,U
sz002756,永兴材料,2025-09-18 09:48:33,34.48,8500,34.49,E
sz002756,永兴材料,2025-09-18 09:48:39,34.45,10200,34.48,D
sz002756,永兴材料,2025-09-18 09:48:54,34.45,8900,34.46,D
sz002756,永兴材料,2025-09-18 09:48:57,34.51,38700,34.45,U
sz002756,永兴材料,2025-09-18 09:49:00,34.46,9900,34.51,D
sz002756,永兴材料,2025-09-18 09:49:09,34.52,8900,34.51,U
sz002756,永兴材料,2025-09-18 09:49:21,34.54,8900,34.52,U
sz002756,永兴材料,2025-09-18 09:50:00,34.51,6100,34.52,D
sz002756,永兴材料,2025-09-18 09:50:09,34.51,10700,34.51,U
sz002756,永兴材料,2025-09-18 09:50:12,34.53,6000,34.51,U
sz002756,永兴材料,2025-09-18 09:50:18,34.54,11800,34.54,U
sz002756,永兴材料,2025-09-18 09:50:33,34.51,7200,34.52,D
sz002756,永兴材料,2025-09-18 09:50:57,34.52,6600,34.52,U
sz002756,永兴材料,2025-09-18 09:51:15,34.54,6000,34.53,U
sz002756,永兴材料,2025-09-18 09:52:12,34.52,6500,34.54,D
sz002756,永兴材料,2025-09-18 09:52:24,34.56,9600,34.54,U
sz002756,永兴材料,2025-09-18 09:52:39,34.57,19200,34.58,D
sz002756,永兴材料,2025-09-18 09:52:54,34.54,11400,34.56,D
sz002756,永兴材料,2025-09-18 09:53:09,34.52,14400,34.53,D
sz002756,永兴材料,2025-09-18 09:53:12,34.55,9300,34.52,U
sz002756,永兴材料,2025-09-18 09:53:21,34.55,10000,34.55,D
sz002756,永兴材料,2025-09-18 09:53:51,34.53,8800,34.54,D
sz002756,永兴材料,2025-09-18 09:54:30,34.52,11000,34.54,D
sz002756,永兴材料,2025-09-18 09:54:54,34.54,6300,34.53,U
sz002756,永兴材料,2025-09-18 09:55:12,34.52,6100,34.53,D
sz002756,永兴材料,2025-09-18 09:55:42,34.53,16100,34.53,D
sz002756,永兴材料,2025-09-18 09:55:54,34.51,5900,34.53,D
sz002756,永兴材料,2025-09-18 09:56:03,34.53,7756,34.52,U
sz002756,永兴材料,2025-09-18 09:56:51,34.52,7000,34.51,U
sz002756,永兴材料,2025-09-18 09:57:03,34.53,7800,34.52,U
sz002756,永兴材料,2025-09-18 09:57:06,34.51,7600,34.53,D
sz002756,永兴材料,2025-09-18 09:57:27,34.54,13700,34.54,U
sz002756,永兴材料,2025-09-18 09:57:36,34.52,13500,34.54,D
sz002756,永兴材料,2025-09-18 09:57:57,34.55,8800,34.54,U
sz002756,永兴材料,2025-09-18 09:58:03,34.55,7500,34.55,U
sz002756,永兴材料,2025-09-18 09:58:09,34.55,15600,34.54,U
sz002756,永兴材料,2025-09-18 09:58:24,34.58,10000,34.57,D
sz002756,永兴材料,2025-09-18 09:58:54,34.6,7800,34.61,U
sz002756,永兴材料,2025-09-18 09:59:03,34.58,19000,34.61,D
sz002756,永兴材料,2025-09-18 10:00:18,34.53,6800,34.55,D
sz002756,永兴材料,2025-09-18 10:00:24,34.52,7700,34.53,D
sz002756,永兴材料,2025-09-18 10:01:06,34.56,6200,34.57,U
sz002756,永兴材料,2025-09-18 10:02:03,34.57,15700,34.57,U
sz002756,永兴材料,2025-09-18 10:02:30,34.56,6400,34.57,D
sz002756,永兴材料,2025-09-18 10:02:51,34.55,12100,34.56,D
sz002756,永兴材料,2025-09-18 10:02:54,34.57,10000,34.55,U
sz002756,永兴材料,2025-09-18 10:03:36,34.58,7600,34.58,U
sz002756,永兴材料,2025-09-18 10:03:39,34.59,14000,34.58,U
sz002756,永兴材料,2025-09-18 10:03:48,34.62,6000,34.61,U
sz002756,永兴材料,2025-09-18 10:05:06,34.66,6200,34.65,U
sz002756,永兴材料,2025-09-18 10:05:15,34.66,6800,34.66,U
sz002756,永兴材料,2025-09-18 10:05:42,34.66,60700,34.68,D
sz002756,永兴材料,2025-09-18 10:06:15,34.65,10200,34.65,U
sz002756,永兴材料,2025-09-18 10:06:57,34.62,10400,34.63,D
sz002756,永兴材料,2025-09-18 10:07:27,34.63,36200,34.62,U
sz002756,永兴材料,2025-09-18 10:07:33,34.63,11900,34.63,D
sz002756,永兴材料,2025-09-18 10:08:33,34.64,7800,34.65,D
sz002756,永兴材料,2025-09-18 10:08:51,34.61,6200,34.63,D
sz002756,永兴材料,2025-09-18 10:08:54,34.6,5800,34.61,D
sz002756,永兴材料,2025-09-18 10:09:03,34.6,10300,34.6,D
sz002756,永兴材料,2025-09-18 10:09:33,34.56,6000,34.57,D
sz002756,永兴材料,2025-09-18 10:10:15,34.58,7000,34.58,U
sz002756,永兴材料,2025-09-18 10:10:42,34.63,44200,34.58,U
sz002756,永兴材料,2025-09-18 10:11:12,34.6,10100,34.6,U
sz002756,永兴材料,2025-09-18 10:11:21,34.6,8400,34.6,U
sz002756,永兴材料,2025-09-18 10:11:27,34.6,7400,34.57,U
sz002756,永兴材料,2025-09-18 10:12:00,34.6,20200,34.58,U
sz002756,永兴材料,2025-09-18 10:12:03,34.6,6300,34.6,U
sz002756,永兴材料,2025-09-18 10:12:06,34.58,6000,34.6,D
sz002756,永兴材料,2025-09-18 10:12:30,34.59,5900,34.59,U
sz002756,永兴材料,2025-09-18 10:12:33,34.59,8800,34.59,U
sz002756,永兴材料,2025-09-18 10:14:06,34.66,12260,34.65,U
sz002756,永兴材料,2025-09-18 10:14:42,34.7,7300,34.66,U
sz002756,永兴材料,2025-09-18 10:16:15,34.67,17500,34.69,D
sz002756,永兴材料,2025-09-18 10:17:09,34.68,7500,34.68,D
sz002756,永兴材料,2025-09-18 10:17:12,34.69,7700,34.68,U
sz002756,永兴材料,2025-09-18 10:18:36,34.7,6100,34.69,U
sz002756,永兴材料,2025-09-18 10:18:57,34.72,18200,34.7,U
sz002756,永兴材料,2025-09-18 10:20:00,34.69,6100,34.69,U
sz002756,永兴材料,2025-09-18 10:20:15,34.72,13800,34.69,U
sz002756,永兴材料,2025-09-18 10:21:36,34.73,5800,34.72,U
sz002756,永兴材料,2025-09-18 10:22:06,34.72,7100,34.72,U
sz002756,永兴材料,2025-09-18 10:23:48,34.71,6300,34.72,D
sz002756,永兴材料,2025-09-18 10:24:21,34.7,12700,34.71,D
sz002756,永兴材料,2025-09-18 10:24:27,34.7,17700,34.71,D
sz002756,永兴材料,2025-09-18 10:24:36,34.69,10700,34.69,D
sz002756,永兴材料,2025-09-18 10:24:51,34.71,29300,34.69,U
sz002756,永兴材料,2025-09-18 10:24:54,34.72,5800,34.71,U
sz002756,永兴材料,2025-09-18 10:26:54,34.74,11100,34.74,D
sz002756,永兴材料,2025-09-18 10:27:30,34.7,6200,34.7,D
sz002756,永兴材料,2025-09-18 10:28:12,34.69,6300,34.7,D
sz002756,永兴材料,2025-09-18 10:29:00,34.68,10600,34.69,D
sz002756,永兴材料,2025-09-18 10:29:15,34.74,11500,34.75,E
sz002756,永兴材料,2025-09-18 10:32:18,34.75,7000,34.75,D
sz002756,永兴材料,2025-09-18 10:36:54,34.74,7700,34.73,U
sz002756,永兴材料,2025-09-18 10:41:51,34.73,30400,34.72,U
sz002756,永兴材料,2025-09-18 10:42:27,34.71,6700,34.71,U
sz002756,永兴材料,2025-09-18 10:42:30,34.71,7300,34.71,U
sz002756,永兴材料,2025-09-18 10:49:39,34.68,9458,34.68,D
sz002756,永兴材料,2025-09-18 10:50:12,34.68,19400,34.67,U
sz002756,永兴材料,2025-09-18 10:50:15,34.7,31600,34.68,U
sz002756,永兴材料,2025-09-18 10:51:03,34.69,6980,34.7,D
sz002756,永兴材料,2025-09-18 10:51:15,34.67,17200,34.69,D
sz002756,永兴材料,2025-09-18 10:51:30,34.69,8720,34.69,U
sz002756,永兴材料,2025-09-18 10:51:48,34.69,15480,34.69,D
sz002756,永兴材料,2025-09-18 10:52:06,34.67,9400,34.68,D
sz002756,永兴材料,2025-09-18 10:52:15,34.67,6400,34.68,D
sz002756,永兴材料,2025-09-18 10:52:27,34.68,5800,34.68,U
sz002756,永兴材料,2025-09-18 10:54:42,34.71,7950,34.7,U
sz002756,永兴材料,2025-09-18 10:56:00,34.71,14870,34.68,U
sz002756,永兴材料,2025-09-18 10:56:18,34.71,17900,34.7,U
sz002756,永兴材料,2025-09-18 10:59:09,34.69,14900,34.69,U
sz002756,永兴材料,2025-09-18 10:59:39,34.74,20400,34.71,U
sz002756,永兴材料,2025-09-18 10:59:54,34.74,18300,34.75,E
sz002756,永兴材料,2025-09-18 11:00:27,34.73,5800,34.75,D
sz002756,永兴材料,2025-09-18 11:00:54,34.76,8600,34.75,U
sz002756,永兴材料,2025-09-18 11:06:03,34.76,8600,34.74,U
sz002756,永兴材料,2025-09-18 11:07:42,34.76,7300,34.76,D
sz002756,永兴材料,2025-09-18 11:08:03,34.73,6200,34.75,D
sz002756,永兴材料,2025-09-18 11:09:42,34.72,7600,34.74,D
sz002756,永兴材料,2025-09-18 11:09:45,34.72,7000,34.72,D
sz002756,永兴材料,2025-09-18 11:10:06,34.71,9900,34.71,D
sz002756,永兴材料,2025-09-18 11:12:15,34.71,7400,34.7,U
sz002756,永兴材料,2025-09-18 11:12:54,34.7,30000,34.7,D
sz002756,永兴材料,2025-09-18 11:13:30,34.75,15030,34.75,U
sz002756,永兴材料,2025-09-18 11:14:09,34.8,24000,34.76,U
sz002756,永兴材料,2025-09-18 11:16:48,34.78,6900,34.77,U
sz002756,永兴材料,2025-09-18 11:18:06,34.75,5900,34.75,U
sz002756,永兴材料,2025-09-18 11:20:03,34.75,9000,34.73,U
sz002756,永兴材料,2025-09-18 11:21:24,34.73,6500,34.72,U
sz002756,永兴材料,2025-09-18 11:23:03,34.75,9200,34.73,U
sz002756,永兴材料,2025-09-18 11:24:00,34.76,41400,34.76,U
sz002756,永兴材料,2025-09-18 11:24:27,34.75,6500,34.76,D
sz002756,永兴材料,2025-09-18 11:24:42,34.74,9100,34.75,D
sz002756,永兴材料,2025-09-18 11:25:39,34.78,51900,34.77,U
sz002756,永兴材料,2025-09-18 11:25:54,34.78,9200,34.77,U
sz002756,永兴材料,2025-09-18 11:26:33,34.78,40300,34.77,U
sz002756,永兴材料,2025-09-18 11:27:15,34.79,25200,34.82,D
sz002756,永兴材料,2025-09-18 11:27:27,34.79,15100,34.79,U
sz002756,永兴材料,2025-09-18 11:28:33,34.82,7000,34.83,E
sz002756,永兴材料,2025-09-18 11:28:36,34.8,6200,34.82,D
sz002756,永兴材料,2025-09-18 13:00:00,34.81,7200,34.8,E
sz002756,永兴材料,2025-09-18 13:00:03,34.8,9000,34.81,D
sz002756,永兴材料,2025-09-18 13:00:09,34.8,8800,34.81,D
sz002756,永兴材料,2025-09-18 13:00:15,34.8,6600,34.8,U
sz002756,永兴材料,2025-09-18 13:00:51,34.77,13500,34.77,U
sz002756,永兴材料,2025-09-18 13:03:03,34.77,6200,34.79,D
sz002756,永兴材料,2025-09-18 13:03:12,34.79,10200,34.77,U
sz002756,永兴材料,2025-09-18 13:03:39,34.8,29500,34.78,U
sz002756,永兴材料,2025-09-18 13:03:45,34.8,6100,34.8,U
sz002756,永兴材料,2025-09-18 13:03:54,34.78,10400,34.8,D
sz002756,永兴材料,2025-09-18 13:04:00,34.8,7600,34.79,U
sz002756,永兴材料,2025-09-18 13:04:48,34.81,14600,34.8,U
sz002756,永兴材料,2025-09-18 13:05:33,34.8,5800,34.8,D
sz002756,永兴材料,2025-09-18 13:07:42,34.75,40700,34.78,D
sz002756,永兴材料,2025-09-18 13:08:24,34.74,6900,34.73,U
sz002756,永兴材料,2025-09-18 13:08:33,34.75,9200,34.75,U
sz002756,永兴材料,2025-09-18 13:08:39,34.75,8900,34.75,U
sz002756,永兴材料,2025-09-18 13:09:51,34.77,8700,34.77,D
sz002756,永兴材料,2025-09-18 13:10:15,34.74,7000,34.76,D
sz002756,永兴材料,2025-09-18 13:10:48,34.74,7600,34.73,U
sz002756,永兴材料,2025-09-18 13:13:12,34.71,11000,34.73,D
sz002756,永兴材料,2025-09-18 13:14:36,34.71,17300,34.71,E
sz002756,永兴材料,2025-09-18 13:16:18,34.71,16970,34.7,U
sz002756,永兴材料,2025-09-18 13:18:30,34.7,10930,34.71,D
sz002756,永兴材料,2025-09-18 13:19:09,34.7,15970,34.7,U
sz002756,永兴材料,2025-09-18 13:20:21,34.71,6700,34.7,U
sz002756,永兴材料,2025-09-18 13:21:00,34.69,26100,34.7,D
sz002756,永兴材料,2025-09-18 13:21:18,34.69,6000,34.7,D
sz002756,永兴材料,2025-09-18 13:21:21,34.67,77600,34.69,D
sz002756,永兴材料,2025-09-18 13:21:27,34.66,15500,34.66,D
sz002756,永兴材料,2025-09-18 13:21:30,34.67,6800,34.66,U
sz002756,永兴材料,2025-09-18 13:21:42,34.67,8200,34.65,U
sz002756,永兴材料,2025-09-18 13:22:48,34.66,9100,34.66,U
sz002756,永兴材料,2025-09-18 13:24:06,34.66,6200,34.66,D
sz002756,永兴材料,2025-09-18 13:24:42,34.66,6400,34.66,U
sz002756,永兴材料,2025-09-18 13:25:06,34.63,15000,34.65,D
sz002756,永兴材料,2025-09-18 13:25:48,34.62,9800,34.61,U
sz002756,永兴材料,2025-09-18 13:26:03,34.62,7200,34.62,U
sz002756,永兴材料,2025-09-18 13:26:09,34.62,9300,34.63,U
sz002756,永兴材料,2025-09-18 13:26:21,34.62,7500,34.61,U
sz002756,永兴材料,2025-09-18 13:26:36,34.61,6800,34.61,D
sz002756,永兴材料,2025-09-18 13:26:48,34.61,7100,34.61,D
sz002756,永兴材料,2025-09-18 13:27:33,34.6,7400,34.6,D
sz002756,永兴材料,2025-09-18 13:27:48,34.59,22900,34.6,D
sz002756,永兴材料,2025-09-18 13:29:06,34.58,12400,34.59,D
sz002756,永兴材料,2025-09-18 13:30:00,34.57,9400,34.58,D
sz002756,永兴材料,2025-09-18 13:30:24,34.63,10500,34.6,U
sz002756,永兴材料,2025-09-18 13:30:57,34.66,6600,34.64,U
sz002756,永兴材料,2025-09-18 13:31:42,34.72,6500,34.69,U
sz002756,永兴材料,2025-09-18 13:31:48,34.72,6100,34.72,U
sz002756,永兴材料,2025-09-18 13:32:30,34.64,11500,34.66,D
sz002756,永兴材料,2025-09-18 13:32:33,34.65,6800,34.64,U
sz002756,永兴材料,2025-09-18 13:35:33,34.62,7000,34.61,U
sz002756,永兴材料,2025-09-18 13:35:42,34.64,16600,34.62,U
sz002756,永兴材料,2025-09-18 13:37:18,34.7,5900,34.7,D
sz002756,永兴材料,2025-09-18 13:39:06,34.62,7400,34.62,U
sz002756,永兴材料,2025-09-18 13:39:12,34.62,6700,34.62,D
sz002756,永兴材料,2025-09-18 13:43:18,34.69,6300,34.7,D
sz002756,永兴材料,2025-09-18 13:43:57,34.67,8500,34.68,D
sz002756,永兴材料,2025-09-18 13:44:00,34.67,12900,34.67,D
sz002756,永兴材料,2025-09-18 13:44:03,34.66,14400,34.67,D
sz002756,永兴材料,2025-09-18 13:44:27,34.62,24100,34.62,D
sz002756,永兴材料,2025-09-18 13:44:39,34.6,25700,34.6,D
sz002756,永兴材料,2025-09-18 13:44:42,34.58,10000,34.6,D
sz002756,永兴材料,2025-09-18 13:45:00,34.58,6000,34.58,D
sz002756,永兴材料,2025-09-18 13:45:09,34.57,10700,34.57,D
sz002756,永兴材料,2025-09-18 13:45:12,34.55,31700,34.57,D
sz002756,永兴材料,2025-09-18 13:45:15,34.56,18500,34.55,E
sz002756,永兴材料,2025-09-18 13:45:48,34.55,12200,34.55,D
sz002756,永兴材料,2025-09-18 13:45:51,34.56,8200,34.55,U
sz002756,永兴材料,2025-09-18 13:46:42,34.54,7500,34.56,D
sz002756,永兴材料,2025-09-18 13:47:03,34.53,30300,34.53,D
sz002756,永兴材料,2025-09-18 13:47:06,34.53,7300,34.53,D
sz002756,永兴材料,2025-09-18 13:47:30,34.52,5900,34.52,D
sz002756,永兴材料,2025-09-18 13:48:00,34.51,6800,34.52,D
sz002756,永兴材料,2025-09-18 13:48:39,34.55,7130,34.53,U
sz002756,永兴材料,2025-09-18 13:48:42,34.55,18500,34.55,D
sz002756,永兴材料,2025-09-18 13:50:27,34.58,9100,34.57,U
sz002756,永兴材料,2025-09-18 13:52:36,34.56,14100,34.57,D
sz002756,永兴材料,2025-09-18 13:54:09,34.52,11570,34.53,D
sz002756,永兴材料,2025-09-18 13:54:33,34.52,9900,34.52,D
sz002756,永兴材料,2025-09-18 13:54:51,34.51,9000,34.51,D
sz002756,永兴材料,2025-09-18 13:54:57,34.51,18520,34.51,D
sz002756,永兴材料,2025-09-18 13:55:03,34.5,24100,34.5,D
sz002756,永兴材料,2025-09-18 13:55:06,34.48,131500,34.5,D
sz002756,永兴材料,2025-09-18 13:55:21,34.48,6900,34.48,D
sz002756,永兴材料,2025-09-18 13:55:54,34.49,5800,34.49,U
sz002756,永兴材料,2025-09-18 13:56:15,34.49,6100,34.49,U
sz002756,永兴材料,2025-09-18 13:56:18,34.5,7300,34.49,U
sz002756,永兴材料,2025-09-18 13:56:21,34.51,15380,34.5,U
sz002756,永兴材料,2025-09-18 13:56:27,34.52,10800,34.51,U
sz002756,永兴材料,2025-09-18 13:56:45,34.52,10100,34.52,D
sz002756,永兴材料,2025-09-18 13:57:42,34.49,9400,34.5,D
sz002756,永兴材料,2025-09-18 13:57:51,34.49,6800,34.49,D
sz002756,永兴材料,2025-09-18 13:58:09,34.48,13500,34.49,D
sz002756,永兴材料,2025-09-18 13:58:27,34.48,11700,34.48,D
sz002756,永兴材料,2025-09-18 13:58:48,34.46,34800,34.48,D
sz002756,永兴材料,2025-09-18 13:58:54,34.45,30500,34.46,D
sz002756,永兴材料,2025-09-18 13:59:51,34.45,7100,34.46,D
sz002756,永兴材料,2025-09-18 14:00:00,34.45,17000,34.45,D
sz002756,永兴材料,2025-09-18 14:00:03,34.43,75100,34.45,D
sz002756,永兴材料,2025-09-18 14:00:12,34.43,14000,34.43,D
sz002756,永兴材料,2025-09-18 14:00:18,34.4,80700,34.43,D
sz002756,永兴材料,2025-09-18 14:00:45,34.38,6300,34.39,D
sz002756,永兴材料,2025-09-18 14:00:48,34.39,7500,34.38,U
sz002756,永兴材料,2025-09-18 14:00:54,34.39,7700,34.39,U
sz002756,永兴材料,2025-09-18 14:00:57,34.39,6900,34.39,U
sz002756,永兴材料,2025-09-18 14:01:00,34.38,9600,34.39,D
sz002756,永兴材料,2025-09-18 14:01:06,34.38,26800,34.38,D
sz002756,永兴材料,2025-09-18 14:01:09,34.39,7300,34.38,U
sz002756,永兴材料,2025-09-18 14:01:21,34.39,7700,34.38,U
sz002756,永兴材料,2025-09-18 14:01:33,34.39,8600,34.39,U
sz002756,永兴材料,2025-09-18 14:02:09,34.4,8900,34.4,U
sz002756,永兴材料,2025-09-18 14:02:18,34.4,7100,34.41,D
sz002756,永兴材料,2025-09-18 14:02:27,34.43,10100,34.4,U
sz002756,永兴材料,2025-09-18 14:02:36,34.43,6700,34.43,U
sz002756,永兴材料,2025-09-18 14:02:39,34.43,6700,34.43,D
sz002756,永兴材料,2025-09-18 14:02:48,34.41,5900,34.42,U
sz002756,永兴材料,2025-09-18 14:03:27,34.43,11200,34.42,E
sz002756,永兴材料,2025-09-18 14:03:45,34.43,17900,34.44,D
sz002756,永兴材料,2025-09-18 14:04:09,34.41,14200,34.43,D
sz002756,永兴材料,2025-09-18 14:04:12,34.41,34600,34.41,U
sz002756,永兴材料,2025-09-18 14:04:18,34.36,58000,34.4,D
sz002756,永兴材料,2025-09-18 14:04:30,34.35,40700,34.37,D
sz002756,永兴材料,2025-09-18 14:04:33,34.36,10000,34.35,U
sz002756,永兴材料,2025-09-18 14:04:39,34.36,33400,34.35,U
sz002756,永兴材料,2025-09-18 14:04:42,34.32,9700,34.36,D
sz002756,永兴材料,2025-09-18 14:04:45,34.33,6300,34.32,U
sz002756,永兴材料,2025-09-18 14:04:54,34.31,6300,34.31,D
sz002756,永兴材料,2025-09-18 14:04:57,34.31,13300,34.31,D
sz002756,永兴材料,2025-09-18 14:05:06,34.3,6300,34.3,D
sz002756,永兴材料,2025-09-18 14:05:09,34.3,10400,34.3,D
sz002756,永兴材料,2025-09-18 14:05:15,34.3,13900,34.3,D
sz002756,永兴材料,2025-09-18 14:05:18,34.31,10100,34.3,U
sz002756,永兴材料,2025-09-18 14:05:30,34.31,18500,34.31,U
sz002756,永兴材料,2025-09-18 14:06:06,34.3,7600,34.29,U
sz002756,永兴材料,2025-09-18 14:06:51,34.3,7200,34.31,D
sz002756,永兴材料,2025-09-18 14:07:00,34.29,30000,34.3,D
sz002756,永兴材料,2025-09-18 14:07:06,34.27,6400,34.26,U
sz002756,永兴材料,2025-09-18 14:07:09,34.26,6700,34.27,D
sz002756,永兴材料,2025-09-18 14:07:12,34.25,9200,34.26,D
sz002756,永兴材料,2025-09-18 14:07:18,34.23,15800,34.25,D
sz002756,永兴材料,2025-09-18 14:07:45,34.21,6500,34.21,D
sz002756,永兴材料,2025-09-18 14:07:51,34.21,24300,34.2,U
sz002756,永兴材料,2025-09-18 14:07:54,34.2,7000,34.21,D
sz002756,永兴材料,2025-09-18 14:07:57,34.2,8760,34.2,D
sz002756,永兴材料,2025-09-18 14:08:00,34.2,10200,34.2,D
sz002756,永兴材料,2025-09-18 14:08:03,34.2,13140,34.2,D
sz002756,永兴材料,2025-09-18 14:08:18,34.2,6000,34.2,D
sz002756,永兴材料,2025-09-18 14:08:45,34.23,9600,34.22,U
sz002756,永兴材料,2025-09-18 14:09:09,34.26,12800,34.24,U
sz002756,永兴材料,2025-09-18 14:09:15,34.24,9800,34.25,D
sz002756,永兴材料,2025-09-18 14:09:45,34.29,17300,34.27,U
sz002756,永兴材料,2025-09-18 14:09:48,34.29,8200,34.29,D
sz002756,永兴材料,2025-09-18 14:10:03,34.24,15400,34.26,D
sz002756,永兴材料,2025-09-18 14:10:18,34.22,14000,34.25,D
sz002756,永兴材料,2025-09-18 14:10:21,34.25,10200,34.22,U
sz002756,永兴材料,2025-09-18 14:10:48,34.2,15600,34.22,D
sz002756,永兴材料,2025-09-18 14:11:33,34.18,36400,34.21,D
sz002756,永兴材料,2025-09-18 14:11:42,34.18,15600,34.18,D
sz002756,永兴材料,2025-09-18 14:11:45,34.19,20100,34.18,U
sz002756,永兴材料,2025-09-18 14:11:54,34.16,24500,34.18,D
sz002756,永兴材料,2025-09-18 14:12:03,34.14,11700,34.15,D
sz002756,永兴材料,2025-09-18 14:12:39,34.15,14400,34.14,U
sz002756,永兴材料,2025-09-18 14:12:42,34.12,34900,34.15,D
sz002756,永兴材料,2025-09-18 14:12:45,34.13,10900,34.12,U
sz002756,永兴材料,2025-09-18 14:13:09,34.13,6100,34.12,U
sz002756,永兴材料,2025-09-18 14:13:21,34.13,11400,34.13,U
sz002756,永兴材料,2025-09-18 14:13:30,34.12,7800,34.12,D
sz002756,永兴材料,2025-09-18 14:13:42,34.15,38200,34.13,U
sz002756,永兴材料,2025-09-18 14:13:54,34.19,9700,34.15,U
sz002756,永兴材料,2025-09-18 14:14:00,34.19,7600,34.19,U
sz002756,永兴材料,2025-09-18 14:14:09,34.2,6300,34.17,U
sz002756,永兴材料,2025-09-18 14:15:09,34.18,14100,34.18,D
sz002756,永兴材料,2025-09-18 14:15:15,34.18,6300,34.18,D
sz002756,永兴材料,2025-09-18 14:15:21,34.14,9600,34.15,D
sz002756,永兴材料,2025-09-18 14:15:24,34.11,74600,34.14,D
sz002756,永兴材料,2025-09-18 14:15:27,34.1,22600,34.11,D
sz002756,永兴材料,2025-09-18 14:15:36,34.11,24400,34.11,D
sz002756,永兴材料,2025-09-18 14:16:15,34.13,13600,34.12,E
sz002756,永兴材料,2025-09-18 14:16:24,34.15,6500,34.15,U
sz002756,永兴材料,2025-09-18 14:16:39,34.15,9500,34.16,D
sz002756,永兴材料,2025-09-18 14:16:54,34.16,6000,34.17,D
sz002756,永兴材料,2025-09-18 14:17:18,34.18,7260,34.18,U
sz002756,永兴材料,2025-09-18 14:17:27,34.2,12800,34.18,U
sz002756,永兴材料,2025-09-18 14:18:21,34.27,11500,34.25,U
sz002756,永兴材料,2025-09-18 14:18:51,34.31,15900,34.3,U
sz002756,永兴材料,2025-09-18 14:18:54,34.31,57300,34.31,D
sz002756,永兴材料,2025-09-18 14:19:00,34.3,12000,34.31,D
sz002756,永兴材料,2025-09-18 14:19:06,34.28,10400,34.3,D
sz002756,永兴材料,2025-09-18 14:19:48,34.24,6200,34.25,D
sz002756,永兴材料,2025-09-18 14:19:57,34.24,56300,34.25,D
sz002756,永兴材料,2025-09-18 14:20:00,34.23,15500,34.24,D
sz002756,永兴材料,2025-09-18 14:20:03,34.21,11400,34.23,D
sz002756,永兴材料,2025-09-18 14:20:24,34.17,7960,34.17,E
sz002756,永兴材料,2025-09-18 14:20:30,34.15,10100,34.16,D
sz002756,永兴材料,2025-09-18 14:22:06,34.16,23900,34.17,D
sz002756,永兴材料,2025-09-18 14:22:09,34.16,7400,34.16,D
sz002756,永兴材料,2025-09-18 14:22:36,34.17,8800,34.16,U
sz002756,永兴材料,2025-09-18 14:23:36,34.2,6700,34.2,U
sz002756,永兴材料,2025-09-18 14:24:15,34.16,15300,34.17,D
sz002756,永兴材料,2025-09-18 14:24:36,34.15,14900,34.17,D
sz002756,永兴材料,2025-09-18 14:24:39,34.15,53400,34.15,D
sz002756,永兴材料,2025-09-18 14:25:00,34.14,11900,34.14,U
sz002756,永兴材料,2025-09-18 14:25:09,34.1,9300,34.11,D
sz002756,永兴材料,2025-09-18 14:25:36,34.1,12700,34.11,D
sz002756,永兴材料,2025-09-18 14:25:51,34.1,6800,34.11,D
sz002756,永兴材料,2025-09-18 14:26:42,34.11,6900,34.12,D
sz002756,永兴材料,2025-09-18 14:27:06,34.13,8600,34.13,D
sz002756,永兴材料,2025-09-18 14:27:27,34.13,11900,34.13,D
sz002756,永兴材料,2025-09-18 14:27:36,34.12,6900,34.15,E
sz002756,永兴材料,2025-09-18 14:27:42,34.11,8900,34.13,D
sz002756,永兴材料,2025-09-18 14:28:09,34.12,11600,34.14,D
sz002756,永兴材料,2025-09-18 14:28:24,34.11,8000,34.11,D
sz002756,永兴材料,2025-09-18 14:28:45,34.11,9600,34.12,D
sz002756,永兴材料,2025-09-18 14:28:48,34.1,8100,34.11,D
sz002756,永兴材料,2025-09-18 14:28:51,34.1,6800,34.1,D
sz002756,永兴材料,2025-09-18 14:29:57,34.11,12700,34.11,U
sz002756,永兴材料,2025-09-18 14:30:06,34.09,38480,34.1,D
sz002756,永兴材料,2025-09-18 14:30:09,34.08,36200,34.09,D
sz002756,永兴材料,2025-09-18 14:30:12,34.06,7800,34.08,D
sz002756,永兴材料,2025-09-18 14:30:15,34.05,17900,34.06,D
sz002756,永兴材料,2025-09-18 14:30:18,34.05,6800,34.05,D
sz002756,永兴材料,2025-09-18 14:30:36,34.04,7900,34.04,U
sz002756,永兴材料,2025-09-18 14:30:42,34.03,6900,34.04,D
sz002756,永兴材料,2025-09-18 14:30:54,34.03,9600,34.03,D
sz002756,永兴材料,2025-09-18 14:31:03,34.03,12300,34.04,D
sz002756,永兴材料,2025-09-18 14:31:18,34.06,40200,34.03,U
sz002756,永兴材料,2025-09-18 14:31:42,34.08,19300,34.07,U
sz002756,永兴材料,2025-09-18 14:31:54,34.11,6400,34.08,U
sz002756,永兴材料,2025-09-18 14:32:06,34.11,6100,34.11,U
sz002756,永兴材料,2025-09-18 14:32:18,34.12,8600,34.15,D
sz002756,永兴材料,2025-09-18 14:32:30,34.15,6200,34.14,U
sz002756,永兴材料,2025-09-18 14:32:39,34.15,6100,34.16,D
sz002756,永兴材料,2025-09-18 14:32:48,34.14,26800,34.16,D
sz002756,永兴材料,2025-09-18 14:32:51,34.14,10700,34.14,D
sz002756,永兴材料,2025-09-18 14:33:03,34.15,6300,34.15,U
sz002756,永兴材料,2025-09-18 14:33:12,34.14,9700,34.15,D
sz002756,永兴材料,2025-09-18 14:33:15,34.11,11800,34.14,D
sz002756,永兴材料,2025-09-18 14:33:27,34.08,16100,34.08,D
sz002756,永兴材料,2025-09-18 14:33:30,34.09,12000,34.08,U
sz002756,永兴材料,2025-09-18 14:33:36,34.06,6100,34.09,D
sz002756,永兴材料,2025-09-18 14:33:45,34.06,6600,34.04,U
sz002756,永兴材料,2025-09-18 14:34:03,34.07,51200,34.07,U
sz002756,永兴材料,2025-09-18 14:34:21,34.11,7300,34.11,D
sz002756,永兴材料,2025-09-18 14:35:12,34.09,10800,34.08,U
sz002756,永兴材料,2025-09-18 14:35:45,34.09,18300,34.09,D
sz002756,永兴材料,2025-09-18 14:35:48,34.09,31900,34.09,D
sz002756,永兴材料,2025-09-18 14:36:06,34.06,9600,34.07,D
sz002756,永兴材料,2025-09-18 14:36:48,34.04,65500,34.04,D
sz002756,永兴材料,2025-09-18 14:37:24,34.05,8900,34.04,E
sz002756,永兴材料,2025-09-18 14:37:27,34.04,6400,34.05,D
sz002756,永兴材料,2025-09-18 14:37:30,34.03,6900,34.04,D
sz002756,永兴材料,2025-09-18 14:37:42,34.04,6100,34.05,D
sz002756,永兴材料,2025-09-18 14:37:45,34.03,10700,34.04,D
sz002756,永兴材料,2025-09-18 14:38:00,34.03,7200,34.04,D
sz002756,永兴材料,2025-09-18 14:38:03,34.02,24100,34.03,D
sz002756,永兴材料,2025-09-18 14:38:09,34.02,12000,34.03,D
sz002756,永兴材料,2025-09-18 14:38:30,34.03,6800,34.03,U
sz002756,永兴材料,2025-09-18 14:38:42,34.01,27000,34.03,D
sz002756,永兴材料,2025-09-18 14:38:45,34.01,8500,34.01,D
sz002756,永兴材料,2025-09-18 14:38:48,34.02,9000,34.01,U
sz002756,永兴材料,2025-09-18 14:38:54,34.01,17100,34.01,D
sz002756,永兴材料,2025-09-18 14:38:57,34.0,18100,34.01,D
sz002756,永兴材料,2025-09-18 14:39:00,34.0,17500,34.0,D
sz002756,永兴材料,2025-09-18 14:39:09,34.01,53900,34.0,U
sz002756,永兴材料,2025-09-18 14:39:12,33.97,148500,34.01,D
sz002756,永兴材料,2025-09-18 14:39:15,33.96,13000,33.97,D
sz002756,永兴材料,2025-09-18 14:39:36,33.94,79400,33.96,E
sz002756,永兴材料,2025-09-18 14:39:42,33.9,10000,33.94,D
sz002756,永兴材料,2025-09-18 14:39:57,33.91,6800,33.91,D
sz002756,永兴材料,2025-09-18 14:40:03,33.95,17200,33.93,U
sz002756,永兴材料,2025-09-18 14:40:09,33.95,9400,33.95,D
sz002756,永兴材料,2025-09-18 14:40:18,33.93,6000,33.96,D
sz002756,永兴材料,2025-09-18 14:40:21,33.93,6600,33.93,D
sz002756,永兴材料,2025-09-18 14:40:33,33.92,8100,33.92,D
sz002756,永兴材料,2025-09-18 14:40:39,33.91,7200,33.92,D
sz002756,永兴材料,2025-09-18 14:40:42,33.91,17400,33.91,D
sz002756,永兴材料,2025-09-18 14:40:48,33.9,7600,33.9,D
sz002756,永兴材料,2025-09-18 14:40:51,33.9,12000,33.9,D
sz002756,永兴材料,2025-09-18 14:40:54,33.9,14100,33.9,D
sz002756,永兴材料,2025-09-18 14:41:00,33.9,7500,33.9,D
sz002756,永兴材料,2025-09-18 14:41:03,33.89,8300,33.9,D
sz002756,永兴材料,2025-09-18 14:41:09,33.88,6100,33.9,D
sz002756,永兴材料,2025-09-18 14:41:12,33.89,8400,33.88,U
sz002756,永兴材料,2025-09-18 14:41:18,33.88,6400,33.89,D
sz002756,永兴材料,2025-09-18 14:41:21,33.87,75200,33.88,D
sz002756,永兴材料,2025-09-18 14:41:24,33.89,11400,33.87,U
sz002756,永兴材料,2025-09-18 14:41:33,33.85,8600,33.88,D
sz002756,永兴材料,2025-09-18 14:41:45,33.85,6700,33.85,D
sz002756,永兴材料,2025-09-18 14:41:48,33.85,7300,33.85,D
sz002756,永兴材料,2025-09-18 14:41:51,33.85,6000,33.85,U
sz002756,永兴材料,2025-09-18 14:41:54,33.84,10200,33.85,D
sz002756,永兴材料,2025-09-18 14:42:09,33.84,6500,33.84,D
sz002756,永兴材料,2025-09-18 14:42:12,33.82,11900,33.84,D
sz002756,永兴材料,2025-09-18 14:42:15,33.85,63600,33.82,U
sz002756,永兴材料,2025-09-18 14:42:30,33.85,57200,33.86,D
sz002756,永兴材料,2025-09-18 14:42:33,33.82,19500,33.85,D
sz002756,永兴材料,2025-09-18 14:42:36,33.82,12200,33.82,U
sz002756,永兴材料,2025-09-18 14:42:39,33.82,7100,33.82,U
sz002756,永兴材料,2025-09-18 14:43:12,33.82,18726,33.82,U
sz002756,永兴材料,2025-09-18 14:43:15,33.83,6700,33.82,U
sz002756,永兴材料,2025-09-18 14:43:18,33.83,15700,33.83,U
sz002756,永兴材料,2025-09-18 14:43:21,33.87,21400,33.83,U
sz002756,永兴材料,2025-09-18 14:43:30,33.86,14700,33.87,D
sz002756,永兴材料,2025-09-18 14:43:36,33.89,16800,33.86,U
sz002756,永兴材料,2025-09-18 14:44:00,33.89,20800,33.91,D
sz002756,永兴材料,2025-09-18 14:44:09,33.92,7300,33.91,U
sz002756,永兴材料,2025-09-18 14:44:48,33.94,15800,33.94,U
sz002756,永兴材料,2025-09-18 14:45:51,34.01,6200,34.01,U
sz002756,永兴材料,2025-09-18 14:46:00,34.0,22700,34.02,D
sz002756,永兴材料,2025-09-18 14:46:12,34.0,12400,34.02,D
sz002756,永兴材料,2025-09-18 14:46:15,34.0,17800,34.0,D
sz002756,永兴材料,2025-09-18 14:46:39,33.94,6600,33.95,D
sz002756,永兴材料,2025-09-18 14:46:42,33.97,8800,33.94,U
sz002756,永兴材料,2025-09-18 14:47:00,33.95,9600,33.97,D
sz002756,永兴材料,2025-09-18 14:47:42,33.97,17700,33.97,E
sz002756,永兴材料,2025-09-18 14:49:33,34.07,11700,34.06,U
sz002756,永兴材料,2025-09-18 14:50:09,34.15,11100,34.09,U
sz002756,永兴材料,2025-09-18 14:50:51,34.1,7000,34.1,D
sz002756,永兴材料,2025-09-18 14:51:33,34.13,7000,34.12,U
sz002756,永兴材料,2025-09-18 14:51:45,34.12,6100,34.13,D
sz002756,永兴材料,2025-09-18 14:52:12,34.13,9500,34.13,D
sz002756,永兴材料,2025-09-18 14:52:39,34.13,6100,34.13,U
sz002756,永兴材料,2025-09-18 14:52:42,34.11,11700,34.13,D
sz002756,永兴材料,2025-09-18 14:52:51,34.12,9040,34.11,U
sz002756,永兴材料,2025-09-18 14:53:09,34.16,13100,34.14,U
sz002756,永兴材料,2025-09-18 14:53:30,34.16,8600,34.14,U
sz002756,永兴材料,2025-09-18 14:54:06,34.13,8300,34.15,D
sz002756,永兴材料,2025-09-18 14:54:57,34.16,9600,34.15,U
sz002756,永兴材料,2025-09-18 14:55:24,34.15,9100,34.15,D
sz002756,永兴材料,2025-09-18 14:55:45,34.18,14400,34.16,U
sz002756,永兴材料,2025-09-18 15:00:00,34.16,81400,34.16,U
