symbol,name,ticktime,price,volume,prev_price,kind
sz002756,永兴材料,2025-09-19 09:25:00,34.18,18400,0.0,E
sz002756,永兴材料,2025-09-19 09:30:00,34.2,7400,34.18,U
sz002756,永兴材料,2025-09-19 09:30:03,34.19,19800,34.2,D
sz002756,永兴材料,2025-09-19 09:30:06,34.21,19100,34.19,U
sz002756,永兴材料,2025-09-19 09:30:09,34.2,7800,34.21,D
sz002756,永兴材料,2025-09-19 09:30:15,34.19,12500,34.2,D
sz002756,永兴材料,2025-09-19 09:30:33,34.24,12320,34.21,U
sz002756,永兴材料,2025-09-19 09:30:45,34.25,7200,34.25,D
sz002756,永兴材料,2025-09-19 09:30:48,34.28,28500,34.25,U
sz002756,永兴材料,2025-09-19 09:30:51,34.32,57600,34.28,U
sz002756,永兴材料,2025-09-19 09:31:15,34.21,60100,34.22,E
sz002756,永兴材料,2025-09-19 09:31:18,34.18,10100,34.21,D
sz002756,永兴材料,2025-09-19 09:31:24,34.21,10200,34.22,E
sz002756,永兴材料,2025-09-19 09:31:45,34.34,15300,34.3,U
sz002756,永兴材料,2025-09-19 09:31:48,34.33,7600,34.34,D
sz002756,永兴材料,2025-09-19 09:31:54,34.33,11400,34.38,D
sz002756,永兴材料,2025-09-19 09:32:12,34.37,13900,34.38,U
sz002756,永兴材料,2025-09-19 09:32:30,34.4,6400,34.41,D
sz002756,永兴材料,2025-09-19 09:32:36,34.4,15200,34.4,D
sz002756,永兴材料,2025-09-19 09:32:45,34.4,18100,34.39,U
sz002756,永兴材料,2025-09-19 09:32:57,34.43,6100,34.41,U
sz002756,永兴材料,2025-09-19 09:33:00,34.43,6600,34.43,D
sz002756,永兴材料,2025-09-19 09:33:06,34.44,64900,34.44,U
sz002756,永兴材料,2025-09-19 09:33:12,34.4,16600,34.43,D
sz002756,永兴材料,2025-09-19 09:33:27,34.41,8300,34.4,E
sz002756,永兴材料,2025-09-19 09:33:33,34.43,7500,34.43,U
sz002756,永兴材料,2025-09-19 09:33:45,34.43,13100,34.41,U
sz002756,永兴材料,2025-09-19 09:34:06,34.39,13300,34.42,D
sz002756,永兴材料,2025-09-19 09:34:18,34.42,13600,34.4,U
sz002756,永兴材料,2025-09-19 09:34:42,34.44,39700,34.39,U
sz002756,永兴材料,2025-09-19 09:34:45,34.43,7900,34.44,E
sz002756,永兴材料,2025-09-19 09:35:24,34.42,6600,34.4,U
sz002756,永兴材料,2025-09-19 09:35:33,34.42,6200,34.4,U
sz002756,永兴材料,2025-09-19 09:35:54,34.39,23100,34.41,D
sz002756,永兴材料,2025-09-19 09:36:18,34.36,16700,34.37,D
sz002756,永兴材料,2025-09-19 09:36:45,34.4,11400,34.38,U
sz002756,永兴材料,2025-09-19 09:37:18,34.42,7900,34.41,U
sz002756,永兴材料,2025-09-19 09:37:36,34.42,6000,34.41,U
sz002756,永兴材料,2025-09-19 09:37:42,34.42,8200,34.41,U
sz002756,永兴材料,2025-09-19 09:38:00,34.4,15300,34.4,D
sz002756,永兴材料,2025-09-19 09:38:15,34.43,60300,34.41,U
sz002756,永兴材料,2025-09-19 09:38:36,34.39,15800,34.43,D
sz002756,永兴材料,2025-09-19 09:39:03,34.4,6800,34.39,U
sz002756,永兴材料,2025-09-19 09:39:06,34.41,18700,34.4,U
sz002756,永兴材料,2025-09-19 09:39:15,34.48,22200,34.45,U
sz002756,永兴材料,2025-09-19 09:39:18,34.5,12500,34.48,U
sz002756,永兴材料,2025-09-19 09:39:21,34.51,9300,34.5,U
sz002756,永兴材料,2025-09-19 09:39:27,34.49,12200,34.53,D
sz002756,永兴材料,2025-09-19 09:39:33,34.53,16300,34.53,D
sz002756,永兴材料,2025-09-19 09:39:36,34.53,29600,34.53,D
sz002756,永兴材料,2025-09-19 09:39:42,34.53,12200,34.49,U
sz002756,永兴材料,2025-09-19 09:40:00,34.5,23490,34.5,U
sz002756,永兴材料,2025-09-19 09:40:03,34.53,33500,34.5,E
sz002756,永兴材料,2025-09-19 09:40:06,34.5,21500,34.53,D
sz002756,永兴材料,2025-09-19 09:40:21,34.55,6500,34.54,U
sz002756,永兴材料,2025-09-19 09:40:30,34.53,12300,34.56,D
sz002756,永兴材料,2025-09-19 09:40:45,34.53,10500,34.55,D
sz002756,永兴材料,2025-09-19 09:41:00,34.5,6300,34.53,D
sz002756,永兴材料,2025-09-19 09:41:18,34.51,6300,34.5,U
sz002756,永兴材料,2025-09-19 09:41:21,34.49,8400,34.51,D
sz002756,永兴材料,2025-09-19 09:42:03,34.45,10300,34.46,D
sz002756,永兴材料,2025-09-19 09:42:15,34.43,9500,34.44,D
sz002756,永兴材料,2025-09-19 09:42:51,34.4,11400,34.4,D
sz002756,永兴材料,2025-09-19 09:43:09,34.4,22000,34.4,D
sz002756,永兴材料,2025-09-19 09:43:12,34.43,18100,34.4,U
sz002756,永兴材料,2025-09-19 09:43:18,34.4,10100,34.4,D
sz002756,永兴材料,2025-09-19 09:43:36,34.37,20700,34.38,D
sz002756,永兴材料,2025-09-19 09:43:54,34.38,13000,34.37,U
sz002756,永兴材料,2025-09-19 09:43:57,34.36,15700,34.38,D
sz002756,永兴材料,2025-09-19 09:44:33,34.34,10500,34.33,U
sz002756,永兴材料,2025-09-19 09:44:36,34.35,6000,34.34,U
sz002756,永兴材料,2025-09-19 09:44:54,34.39,42300,34.37,U
sz002756,永兴材料,2025-09-19 09:45:03,34.4,12020,34.37,U
sz002756,永兴材料,2025-09-19 09:45:06,34.41,7600,34.4,U
sz002756,永兴材料,2025-09-19 09:45:18,34.37,8600,34.38,D
sz002756,永兴材料,2025-09-19 09:46:12,34.43,6900,34.43,U
sz002756,永兴材料,2025-09-19 09:46:45,34.51,6200,34.49,U
sz002756,永兴材料,2025-09-19 09:47:06,34.51,6300,34.5,U
sz002756,永兴材料,2025-09-19 09:48:12,34.49,5800,34.5,D
sz002756,永兴材料,2025-09-19 09:48:21,34.5,38000,34.5,U
sz002756,永兴材料,2025-09-19 09:48:27,34.53,13400,34.52,D
sz002756,永兴材料,2025-09-19 09:48:30,34.57,21300,34.53,U
sz002756,永兴材料,2025-09-19 09:49:24,34.55,9400,34.55,U
sz002756,永兴材料,2025-09-19 09:49:30,34.56,8200,34.55,U
sz002756,永兴材料,2025-09-19 09:49:39,34.56,6800,34.56,D
sz002756,永兴材料,2025-09-19 09:49:54,34.55,6700,34.57,D
sz002756,永兴材料,2025-09-19 09:50:36,34.52,12200,34.54,D
sz002756,永兴材料,2025-09-19 09:51:12,34.57,20300,34.53,U
sz002756,永兴材料,2025-09-19 09:51:39,34.56,9600,34.56,D
sz002756,永兴材料,2025-09-19 09:51:48,34.51,14100,34.52,D
sz002756,永兴材料,2025-09-19 09:51:54,34.49,11700,34.51,D
sz002756,永兴材料,2025-09-19 09:52:45,34.51,31400,34.49,U
sz002756,永兴材料,2025-09-19 09:53:18,34.46,13000,34.48,D
sz002756,永兴材料,2025-09-19 09:54:09,34.44,5900,34.46,D
sz002756,永兴材料,2025-09-19 09:54:15,34.44,6300,34.44,U
sz002756,永兴材料,2025-09-19 09:55:39,34.46,8000,34.46,U
sz002756,永兴材料,2025-09-19 09:56:24,34.44,30200,34.45,D
sz002756,永兴材料,2025-09-19 09:56:57,34.44,10400,34.42,U
sz002756,永兴材料,2025-09-19 09:57:18,34.42,20954,34.43,D
sz002756,永兴材料,2025-09-19 09:57:39,34.41,10500,34.41,D
sz002756,永兴材料,2025-09-19 09:57:51,34.41,9200,34.4,U
sz002756,永兴材料,2025-09-19 09:58:03,34.43,10350,34.4,U
sz002756,永兴材料,2025-09-19 09:58:06,34.45,13600,34.43,U
sz002756,永兴材料,2025-09-19 09:58:09,34.45,6200,34.45,U
sz002756,永兴材料,2025-09-19 09:59:24,34.41,11500,34.44,D
sz002756,永兴材料,2025-09-19 09:59:42,34.4,7200,34.41,D
sz002756,永兴材料,2025-09-19 10:00:03,34.4,6200,34.44,D
sz002756,永兴材料,2025-09-19 10:00:39,34.39,14200,34.39,D
sz002756,永兴材料,2025-09-19 10:01:12,34.39,17900,34.4,D
sz002756,永兴材料,2025-09-19 10:01:51,34.35,10400,34.36,D
sz002756,永兴材料,2025-09-19 10:02:06,34.37,7200,34.35,U
sz002756,永兴材料,2025-09-19 10:02:24,34.42,11500,34.38,U
sz002756,永兴材料,2025-09-19 10:02:33,34.44,11200,34.41,U
sz002756,永兴材料,2025-09-19 10:02:36,34.44,5900,34.44,U
sz002756,永兴材料,2025-09-19 10:02:42,34.47,22300,34.47,U
sz002756,永兴材料,2025-09-19 10:02:51,34.5,7060,34.49,U
sz002756,永兴材料,2025-09-19 10:02:57,34.5,30000,34.49,U
sz002756,永兴材料,2025-09-19 10:03:00,34.51,54200,34.5,U
sz002756,永兴材料,2025-09-19 10:03:09,34.56,9900,34.54,U
sz002756,永兴材料,2025-09-19 10:04:03,34.55,6500,34.56,D
sz002756,永兴材料,2025-09-19 10:05:51,34.44,24400,34.46,D
sz002756,永兴材料,2025-09-19 10:06:24,34.46,8200,34.47,U
sz002756,永兴材料,2025-09-19 10:06:30,34.5,8000,34.46,U
sz002756,永兴材料,2025-09-19 10:06:42,34.5,20600,34.5,U
sz002756,永兴材料,2025-09-19 10:09:15,34.47,12900,34.46,U
sz002756,永兴材料,2025-09-19 10:09:21,34.47,10300,34.47,D
sz002756,永兴材料,2025-09-19 10:10:30,34.4,18200,34.42,D
sz002756,永兴材料,2025-09-19 10:12:06,34.39,14500,34.37,U
sz002756,永兴材料,2025-09-19 10:15:51,34.47,6300,34.45,U
sz002756,永兴材料,2025-09-19 10:16:24,34.47,10400,34.47,U
sz002756,永兴材料,2025-09-19 10:16:30,34.49,9400,34.47,U
sz002756,永兴材料,2025-09-19 10:16:48,34.51,9080,34.5,U
sz002756,永兴材料,2025-09-19 10:17:39,34.53,7000,34.53,U
sz002756,永兴材料,2025-09-19 10:18:18,34.52,9840,34.52,D
sz002756,永兴材料,2025-09-19 10:19:09,34.5,8100,34.5,D
sz002756,永兴材料,2025-09-19 10:19:36,34.52,42500,34.49,U
sz002756,永兴材料,2025-09-19 10:19:39,34.53,32900,34.52,U
sz002756,永兴材料,2025-09-19 10:19:45,34.52,31300,34.55,D
sz002756,永兴材料,2025-09-19 10:19:48,34.54,10200,34.52,E
sz002756,永兴材料,2025-09-19 10:20:18,34.58,38500,34.56,U
sz002756,永兴材料,2025-09-19 10:20:21,34.6,35900,34.58,U
sz002756,永兴材料,2025-09-19 10:20:27,34.6,24800,34.57,U
sz002756,永兴材料,2025-09-19 10:20:57,34.6,11330,34.59,U
sz002756,永兴材料,2025-09-19 10:21:00,34.62,19900,34.6,U
sz002756,永兴材料,2025-09-19 10:21:03,34.63,10500,34.62,U
sz002756,永兴材料,2025-09-19 10:21:09,34.65,15900,34.65,U
sz002756,永兴材料,2025-09-19 10:21:12,34.66,19500,34.65,U
sz002756,永兴材料,2025-09-19 10:21:15,34.69,113000,34.66,U
sz002756,永兴材料,2025-09-19 10:21:24,34.73,7600,34.72,D
sz002756,永兴材料,2025-09-19 10:21:27,34.74,14300,34.73,U
sz002756,永兴材料,2025-09-19 10:21:39,34.73,11100,34.74,D
sz002756,永兴材料,2025-09-19 10:21:42,34.72,9100,34.73,D
sz002756,永兴材料,2025-09-19 10:21:45,34.73,26800,34.72,U
sz002756,永兴材料,2025-09-19 10:21:48,34.73,24500,34.73,U
sz002756,永兴材料,2025-09-19 10:21:51,34.75,50000,34.73,U
sz002756,永兴材料,2025-09-19 10:21:54,34.75,5900,34.75,D
sz002756,永兴材料,2025-09-19 10:21:57,34.77,7100,34.75,U
sz002756,永兴材料,2025-09-19 10:22:03,34.74,9100,34.75,D
sz002756,永兴材料,2025-09-19 10:22:06,34.77,24500,34.74,U
sz002756,永兴材料,2025-09-19 10:22:09,34.77,9200,34.77,D
sz002756,永兴材料,2025-09-19 10:22:12,34.81,32400,34.77,U
sz002756,永兴材料,2025-09-19 10:22:15,34.81,10300,34.81,U
sz002756,永兴材料,2025-09-19 10:22:18,34.81,7100,34.81,U
sz002756,永兴材料,2025-09-19 10:22:21,34.88,103400,34.81,U
sz002756,永兴材料,2025-09-19 10:22:24,34.86,17300,34.88,D
sz002756,永兴材料,2025-09-19 10:22:27,34.85,13400,34.86,D
sz002756,永兴材料,2025-09-19 10:22:30,34.89,23800,34.85,U
sz002756,永兴材料,2025-09-19 10:22:33,34.89,15800,34.89,U
sz002756,永兴材料,2025-09-19 10:22:36,34.88,13100,34.89,D
sz002756,永兴材料,2025-09-19 10:22:42,34.89,6300,34.88,U
sz002756,永兴材料,2025-09-19 10:22:45,34.89,7000,34.89,U
sz002756,永兴材料,2025-09-19 10:22:48,34.9,20800,34.89,U
sz002756,永兴材料,2025-09-19 10:22:57,34.92,7700,34.91,U
sz002756,永兴材料,2025-09-19 10:23:00,34.95,16200,34.92,U
sz002756,永兴材料,2025-09-19 10:23:03,35.04,226400,34.95,U
sz002756,永兴材料,2025-09-19 10:23:06,35.05,12300,35.04,E
sz002756,永兴材料,2025-09-19 10:23:09,35.1,40700,35.05,U
sz002756,永兴材料,2025-09-19 10:23:12,35.11,9000,35.1,U
sz002756,永兴材料,2025-09-19 10:23:15,35.13,8100,35.11,U
sz002756,永兴材料,2025-09-19 10:23:18,35.13,20000,35.13,D
sz002756,永兴材料,2025-09-19 10:23:21,35.05,41500,35.13,D
sz002756,永兴材料,2025-09-19 10:23:24,35.06,11700,35.05,D
sz002756,永兴材料,2025-09-19 10:23:27,35.06,7800,35.06,D
sz002756,永兴材料,2025-09-19 10:23:30,35.06,12800,35.06,D
sz002756,永兴材料,2025-09-19 10:23:33,35.01,9600,35.06,D
sz002756,永兴材料,2025-09-19 10:23:45,35.0,13800,35.0,D
sz002756,永兴材料,2025-09-19 10:23:48,35.02,7300,35.0,U
sz002756,永兴材料,2025-09-19 10:23:54,35.06,35500,35.02,U
sz002756,永兴材料,2025-09-19 10:23:57,35.11,24600,35.06,U
sz002756,永兴材料,2025-09-19 10:24:00,35.1,40300,35.11,E
sz002756,永兴材料,2025-09-19 10:24:06,35.08,11200,35.1,D
sz002756,永兴材料,2025-09-19 10:24:09,35.09,15000,35.08,E
sz002756,永兴材料,2025-09-19 10:24:12,35.08,12200,35.09,D
sz002756,永兴材料,2025-09-19 10:24:15,35.18,163700,35.08,U
sz002756,永兴材料,2025-09-19 10:24:18,35.16,10600,35.18,D
sz002756,永兴材料,2025-09-19 10:24:21,35.18,7700,35.16,E
sz002756,永兴材料,2025-09-19 10:24:24,35.2,7600,35.18,E
sz002756,永兴材料,2025-09-19 10:24:27,35.2,10900,35.2,D
sz002756,永兴材料,2025-09-19 10:24:30,35.22,12700,35.2,U
sz002756,永兴材料,2025-09-19 10:24:33,35.22,15100,35.22,U
sz002756,永兴材料,2025-09-19 10:24:36,35.2,34500,35.22,D
sz002756,永兴材料,2025-09-19 10:24:39,35.18,13200,35.2,D
sz002756,永兴材料,2025-09-19 10:24:42,35.18,19000,35.18,U
sz002756,永兴材料,2025-09-19 10:24:57,35.18,7900,35.15,U
sz002756,永兴材料,2025-09-19 10:25:00,35.14,14100,35.18,D
sz002756,永兴材料,2025-09-19 10:25:03,35.14,160200,35.14,D
sz002756,永兴材料,2025-09-19 10:25:09,35.15,10900,35.15,D
sz002756,永兴材料,2025-09-19 10:25:12,35.16,15993,35.15,E
sz002756,永兴材料,2025-09-19 10:25:18,35.23,34900,35.17,U
sz002756,永兴材料,2025-09-19 10:25:21,35.21,12300,35.23,E
sz002756,永兴材料,2025-09-19 10:25:24,35.24,18100,35.21,U
sz002756,永兴材料,2025-09-19 10:25:27,35.2,8000,35.24,D
sz002756,永兴材料,2025-09-19 10:25:33,35.24,11400,35.24,U
sz002756,永兴材料,2025-09-19 10:25:36,35.24,9100,35.24,U
sz002756,永兴材料,2025-09-19 10:25:39,35.24,16200,35.24,D
sz002756,永兴材料,2025-09-19 10:25:48,35.22,7400,35.23,D
sz002756,永兴材料,2025-09-19 10:25:54,35.23,9100,35.23,U
sz002756,永兴材料,2025-09-19 10:26:00,35.26,45700,35.21,U
sz002756,永兴材料,2025-09-19 10:26:03,35.26,64720,35.26,U
sz002756,永兴材料,2025-09-19 10:26:06,35.3,9300,35.26,U
sz002756,永兴材料,2025-09-19 10:26:15,35.22,13380,35.23,D
sz002756,永兴材料,2025-09-19 10:26:18,35.26,33600,35.22,U
sz002756,永兴材料,2025-09-19 10:26:21,35.2,6300,35.26,D
sz002756,永兴材料,2025-09-19 10:26:36,35.19,6300,35.18,U
sz002756,永兴材料,2025-09-19 10:26:39,35.17,14700,35.19,D
sz002756,永兴材料,2025-09-19 10:26:42,35.15,17400,35.17,D
sz002756,永兴材料,2025-09-19 10:26:45,35.15,9400,35.15,D
sz002756,永兴材料,2025-09-19 10:26:51,35.13,8700,35.14,D
sz002756,永兴材料,2025-09-19 10:26:54,35.11,6700,35.13,D
sz002756,永兴材料,2025-09-19 10:26:57,35.11,11100,35.11,D
sz002756,永兴材料,2025-09-19 10:27:00,35.1,23900,35.11,D
sz002756,永兴材料,2025-09-19 10:27:06,35.1,7200,35.11,U
sz002756,永兴材料,2025-09-19 10:27:18,35.11,15500,35.1,U
sz002756,永兴材料,2025-09-19 10:27:33,35.14,8800,35.14,U
sz002756,永兴材料,2025-09-19 10:27:51,35.16,8400,35.14,U
sz002756,永兴材料,2025-09-19 10:27:54,35.17,10000,35.16,U
sz002756,永兴材料,2025-09-19 10:28:00,35.18,24800,35.17,U
sz002756,永兴材料,2025-09-19 10:28:03,35.22,24700,35.18,U
sz002756,永兴材料,2025-09-19 10:28:18,35.21,9200,35.23,D
sz002756,永兴材料,2025-09-19 10:28:21,35.2,6400,35.21,D
sz002756,永兴材料,2025-09-19 10:28:24,35.2,5700,35.2,U
sz002756,永兴材料,2025-09-19 10:28:30,35.2,15600,35.2,U
sz002756,永兴材料,2025-09-19 10:28:36,35.2,25600,35.19,U
sz002756,永兴材料,2025-09-19 10:28:51,35.2,9600,35.2,U
sz002756,永兴材料,2025-09-19 10:28:54,35.16,29100,35.2,D
sz002756,永兴材料,2025-09-19 10:28:57,35.15,6800,35.16,D
sz002756,永兴材料,2025-09-19 10:29:48,35.08,7000,35.09,U
sz002756,永兴材料,2025-09-19 10:29:54,35.06,9800,35.06,D
sz002756,永兴材料,2025-09-19 10:30:09,35.02,8700,35.03,D
sz002756,永兴材料,2025-09-19 10:30:12,35.02,7700,35.02,D
sz002756,永兴材料,2025-09-19 10:30:15,35.06,138600,35.02,U
sz002756,永兴材料,2025-09-19 10:30:30,35.03,7500,35.04,D
sz002756,永兴材料,2025-09-19 10:30:36,35.01,9700,35.02,D
sz002756,永兴材料,2025-09-19 10:30:48,35.0,5900,35.01,D
sz002756,永兴材料,2025-09-19 10:31:33,34.94,11900,34.94,D
sz002756,永兴材料,2025-09-19 10:31:39,34.96,6800,34.94,U
sz002756,永兴材料,2025-09-19 10:32:09,34.94,10900,34.94,D
sz002756,永兴材料,2025-09-19 10:32:33,34.94,13300,34.95,D
sz002756,永兴材料,2025-09-19 10:32:51,34.95,7800,34.94,D
sz002756,永兴材料,2025-09-19 10:32:57,34.97,11500,34.95,E
sz002756,永兴材料,2025-09-19 10:33:21,35.04,11500,35.04,U
sz002756,永兴材料,2025-09-19 10:33:33,35.03,6200,35.04,D
sz002756,永兴材料,2025-09-19 10:33:36,35.02,9500,35.03,D
sz002756,永兴材料,2025-09-19 10:33:39,35.0,7600,35.02,D
sz002756,永兴材料,2025-09-19 10:33:45,35.02,6000,35.02,U
sz002756,永兴材料,2025-09-19 10:34:03,34.98,16400,35.0,D
sz002756,永兴材料,2025-09-19 10:34:06,35.01,11000,34.98,U
sz002756,永兴材料,2025-09-19 10:35:57,34.96,7800,34.97,D
sz002756,永兴材料,2025-09-19 10:36:00,34.98,6300,34.96,U
sz002756,永兴材料,2025-09-19 10:36:18,34.97,11100,34.98,D
sz002756,永兴材料,2025-09-19 10:38:03,34.92,7400,34.92,U
sz002756,永兴材料,2025-09-19 10:39:30,34.87,9900,34.87,D
sz002756,永兴材料,2025-09-19 10:39:33,34.87,14300,34.87,D
sz002756,永兴材料,2025-09-19 10:39:39,34.88,36500,34.88,D
sz002756,永兴材料,2025-09-19 10:40:21,34.96,15410,34.93,U
sz002756,永兴材料,2025-09-19 10:40:48,34.96,6600,34.96,U
sz002756,永兴材料,2025-09-19 10:41:33,34.98,11500,34.98,U
sz002756,永兴材料,2025-09-19 10:41:36,34.99,15300,34.98,U
sz002756,永兴材料,2025-09-19 10:42:51,34.98,6300,34.98,D
sz002756,永兴材料,2025-09-19 10:43:00,34.99,9100,34.98,U
sz002756,永兴材料,2025-09-19 10:43:03,35.01,35500,34.99,U
sz002756,永兴材料,2025-09-19 10:43:33,34.98,11089,34.98,U
sz002756,永兴材料,2025-09-19 10:44:03,34.95,19300,34.98,D
sz002756,永兴材料,2025-09-19 10:46:00,34.88,10300,34.88,D
sz002756,永兴材料,2025-09-19 10:46:33,34.89,11100,34.88,E
sz002756,永兴材料,2025-09-19 10:47:15,34.88,8400,34.9,D
sz002756,永兴材料,2025-09-19 10:47:27,34.92,8800,34.9,U
sz002756,永兴材料,2025-09-19 10:49:00,34.89,37200,34.93,D
sz002756,永兴材料,2025-09-19 10:50:03,34.86,10000,34.86,D
sz002756,永兴材料,2025-09-19 10:50:39,34.85,10300,34.85,D
sz002756,永兴材料,2025-09-19 10:52:57,34.82,15300,34.83,D
sz002756,永兴材料,2025-09-19 10:53:06,34.8,7200,34.81,D
sz002756,永兴材料,2025-09-19 10:53:27,34.85,15500,34.77,U
sz002756,永兴材料,2025-09-19 10:54:12,34.77,5800,34.78,D
sz002756,永兴材料,2025-09-19 10:54:24,34.76,5900,34.77,D
sz002756,永兴材料,2025-09-19 10:54:45,34.75,8500,34.75,D
sz002756,永兴材料,2025-09-19 10:57:24,34.72,6300,34.72,D
sz002756,永兴材料,2025-09-19 10:57:39,34.71,7600,34.72,D
sz002756,永兴材料,2025-09-19 10:58:00,34.69,14700,34.71,D
sz002756,永兴材料,2025-09-19 10:58:21,34.61,22000,34.66,D
sz002756,永兴材料,2025-09-19 10:58:57,34.66,6600,34.65,U
sz002756,永兴材料,2025-09-19 11:00:00,34.71,8300,34.69,U
sz002756,永兴材料,2025-09-19 11:00:36,34.7,9000,34.7,D
sz002756,永兴材料,2025-09-19 11:01:30,34.69,12100,34.7,D
sz002756,永兴材料,2025-09-19 11:02:57,34.66,13070,34.66,D
sz002756,永兴材料,2025-09-19 11:06:27,34.7,17600,34.7,D
sz002756,永兴材料,2025-09-19 11:09:33,34.69,62500,34.71,D
sz002756,永兴材料,2025-09-19 11:12:12,34.64,6700,34.65,D
sz002756,永兴材料,2025-09-19 11:13:24,34.66,44600,34.64,U
sz002756,永兴材料,2025-09-19 11:14:39,34.72,9800,34.72,U
sz002756,永兴材料,2025-09-19 11:15:03,34.7,6400,34.71,D
sz002756,永兴材料,2025-09-19 11:15:06,34.71,6200,34.7,U
sz002756,永兴材料,2025-09-19 11:17:33,34.66,8100,34.67,D
sz002756,永兴材料,2025-09-19 11:23:06,34.65,6200,34.65,U
sz002756,永兴材料,2025-09-19 11:24:33,34.71,9900,34.71,U
sz002756,永兴材料,2025-09-19 11:28:30,34.7,7400,34.69,U
sz002756,永兴材料,2025-09-19 11:29:33,34.7,11300,34.71,D
sz002756,永兴材料,2025-09-19 11:29:57,34.71,6000,34.7,U
sz002756,永兴材料,2025-09-19 13:00:03,34.7,26100,34.71,D
sz002756,永兴材料,2025-09-19 13:00:06,34.67,15900,34.7,D
sz002756,永兴材料,2025-09-19 13:01:57,34.73,10400,34.7,U
sz002756,永兴材料,2025-09-19 13:03:09,34.72,7000,34.74,D
sz002756,永兴材料,2025-09-19 13:04:42,34.7,7600,34.7,D
sz002756,永兴材料,2025-09-19 13:07:03,34.72,19000,34.73,D
sz002756,永兴材料,2025-09-19 13:07:54,34.71,7800,34.7,U
sz002756,永兴材料,2025-09-19 13:08:21,34.71,6600,34.72,D
sz002756,永兴材料,2025-09-19 13:08:51,34.68,12300,34.7,D
sz002756,永兴材料,2025-09-19 13:10:18,34.72,40600,34.7,U
sz002756,永兴材料,2025-09-19 13:10:24,34.73,11200,34.74,D
sz002756,永兴材料,2025-09-19 13:11:06,34.74,7800,34.74,D
sz002756,永兴材料,2025-09-19 13:12:18,34.76,13700,34.79,D
sz002756,永兴材料,2025-09-19 13:15:18,34.72,19400,34.72,U
sz002756,永兴材料,2025-09-19 13:16:27,34.7,9900,34.7,D
sz002756,永兴材料,2025-09-19 13:18:21,34.69,6600,34.7,D
sz002756,永兴材料,2025-09-19 13:18:24,34.67,8800,34.69,D
sz002756,永兴材料,2025-09-19 13:19:12,34.67,7700,34.69,D
sz002756,永兴材料,2025-09-19 13:20:39,34.64,10600,34.65,D
sz002756,永兴材料,2025-09-19 13:22:54,34.6,30600,34.63,D
sz002756,永兴材料,2025-09-19 13:23:24,34.6,10500,34.61,D
sz002756,永兴材料,2025-09-19 13:25:09,34.6,12400,34.62,D
sz002756,永兴材料,2025-09-19 13:25:15,34.6,9000,34.6,D
sz002756,永兴材料,2025-09-19 13:26:48,34.52,28500,34.53,D
sz002756,永兴材料,2025-09-19 13:26:51,34.54,6000,34.52,U
sz002756,永兴材料,2025-09-19 13:26:57,34.54,10200,34.54,U
sz002756,永兴材料,2025-09-19 13:27:39,34.53,9100,34.54,D
sz002756,永兴材料,2025-09-19 13:29:12,34.53,10700,34.54,D
sz002756,永兴材料,2025-09-19 13:29:36,34.56,11900,34.55,U
sz002756,永兴材料,2025-09-19 13:30:51,34.56,5800,34.58,D
sz002756,永兴材料,2025-09-19 13:31:30,34.57,7600,34.57,U
sz002756,永兴材料,2025-09-19 13:32:12,34.53,9700,34.56,D
sz002756,永兴材料,2025-09-19 13:32:48,34.5,23300,34.53,D
sz002756,永兴材料,2025-09-19 13:33:09,34.5,24500,34.5,D
sz002756,永兴材料,2025-09-19 13:33:27,34.49,6700,34.5,D
sz002756,永兴材料,2025-09-19 13:34:15,34.41,17000,34.48,D
sz002756,永兴材料,2025-09-19 13:35:45,34.44,15300,34.44,U
sz002756,永兴材料,2025-09-19 13:38:51,34.44,11200,34.42,U
sz002756,永兴材料,2025-09-19 13:39:12,34.46,6600,34.46,U
sz002756,永兴材料,2025-09-19 13:39:36,34.44,9200,34.47,D
sz002756,永兴材料,2025-09-19 13:41:06,34.43,5900,34.45,D
sz002756,永兴材料,2025-09-19 13:45:42,34.47,7100,34.48,D
sz002756,永兴材料,2025-09-19 13:47:54,34.48,11000,34.48,D
sz002756,永兴材料,2025-09-19 13:48:00,34.48,7100,34.49,U
sz002756,永兴材料,2025-09-19 13:48:45,34.46,10000,34.49,D
sz002756,永兴材料,2025-09-19 13:50:30,34.46,7400,34.47,D
sz002756,永兴材料,2025-09-19 13:50:33,34.45,10100,34.46,D
sz002756,永兴材料,2025-09-19 13:54:54,34.41,6700,34.4,U
sz002756,永兴材料,2025-09-19 13:55:33,34.41,6900,34.42,D
sz002756,永兴材料,2025-09-19 14:01:00,34.44,6400,34.44,U
sz002756,永兴材料,2025-09-19 14:05:12,34.58,9300,34.57,U
sz002756,永兴材料,2025-09-19 14:05:21,34.59,6000,34.59,U
sz002756,永兴材料,2025-09-19 14:06:06,34.61,15700,34.58,U
sz002756,永兴材料,2025-09-19 14:06:51,34.57,18400,34.61,D
sz002756,永兴材料,2025-09-19 14:10:57,34.53,20000,34.53,U
sz002756,永兴材料,2025-09-19 14:15:09,34.61,6708,34.58,U
sz002756,永兴材料,2025-09-19 14:18:18,34.6,7700,34.6,D
sz002756,永兴材料,2025-09-19 14:18:21,34.6,8400,34.6,D
sz002756,永兴材料,2025-09-19 14:19:18,34.6,10500,34.58,U
sz002756,永兴材料,2025-09-19 14:20:03,34.59,5900,34.59,U
sz002756,永兴材料,2025-09-19 14:23:03,34.57,11300,34.56,U
sz002756,永兴材料,2025-09-19 14:23:12,34.6,8600,34.58,U
sz002756,永兴材料,2025-09-19 14:23:30,34.58,10070,34.61,D
sz002756,永兴材料,2025-09-19 14:25:27,34.61,14900,34.6,U
sz002756,永兴材料,2025-09-19 14:27:21,34.66,8600,34.66,D
sz002756,永兴材料,2025-09-19 14:30:00,34.67,12900,34.65,U
sz002756,永兴材料,2025-09-19 14:31:00,34.66,8100,34.65,U
sz002756,永兴材料,2025-09-19 14:32:21,34.64,7700,34.63,U
sz002756,永兴材料,2025-09-19 14:32:30,34.65,10000,34.65,U
sz002756,永兴材料,2025-09-19 14:38:36,34.6,12200,34.61,D
sz002756,永兴材料,2025-09-19 14:39:21,34.62,6100,34.61,U
sz002756,永兴材料,2025-09-19 14:40:27,34.62,8200,34.62,D
sz002756,永兴材料,2025-09-19 14:42:54,34.61,5900,34.62,D
sz002756,永兴材料,2025-09-19 14:46:00,34.62,11200,34.61,U
sz002756,永兴材料,2025-09-19 14:49:03,34.65,60460,34.63,U
sz002756,永兴材料,2025-09-19 14:49:06,34.65,8800,34.65,U
sz002756,永兴材料,2025-09-19 14:49:24,34.66,8700,34.65,U
sz002756,永兴材料,2025-09-19 14:49:36,34.67,18100,34.65,U
sz002756,永兴材料,2025-09-19 14:50:18,34.67,17100,34.66,U
sz002756,永兴材料,2025-09-19 14:50:30,34.67,7600,34.65,U
sz002756,永兴材料,2025-09-19 14:51:03,34.6,32200,34.65,D
sz002756,永兴材料,2025-09-19 14:51:06,34.6,7700,34.6,D
sz002756,永兴材料,2025-09-19 14:51:21,34.63,6100,34.63,U
sz002756,永兴材料,2025-09-19 14:51:54,34.59,11800,34.59,D
sz002756,永兴材料,2025-09-19 14:53:57,34.59,9600,34.6,D
sz002756,永兴材料,2025-09-19 14:54:06,34.6,6000,34.6,U
sz002756,永兴材料,2025-09-19 14:55:09,34.6,8000,34.62,D
sz002756,永兴材料,2025-09-19 14:55:54,34.61,6600,34.62,E
sz002756,永兴材料,2025-09-19 14:56:30,34.6,5900,34.61,D
sz002756,永兴材料,2025-09-19 14:56:51,34.6,6800,34.61,D
sz002756,永兴材料,2025-09-19 15:00:00,34.6,103840,34.6,E
