symbol,name,ticktime,price,volume,prev_price,kind
sz002756,永兴材料,2025-09-22 09:25:00,34.61,93800,0.0,D
sz002756,永兴材料,2025-09-22 09:30:00,34.73,12860,34.61,U
sz002756,永兴材料,2025-09-22 09:30:03,34.75,29800,34.73,U
sz002756,永兴材料,2025-09-22 09:30:06,34.8,7100,34.75,U
sz002756,永兴材料,2025-09-22 09:30:12,34.87,7600,34.81,U
sz002756,永兴材料,2025-09-22 09:30:15,34.88,11500,34.87,U
sz002756,永兴材料,2025-09-22 09:30:21,34.84,7300,34.89,D
sz002756,永兴材料,2025-09-22 09:30:33,34.78,7900,34.79,D
sz002756,永兴材料,2025-09-22 09:30:36,34.79,11000,34.78,U
sz002756,永兴材料,2025-09-22 09:30:39,34.79,8500,34.79,U
sz002756,永兴材料,2025-09-22 09:30:42,34.81,9100,34.79,U
sz002756,永兴材料,2025-09-22 09:30:45,34.87,17400,34.81,U
sz002756,永兴材料,2025-09-22 09:30:48,34.96,28100,34.87,U
sz002756,永兴材料,2025-09-22 09:30:51,35.0,12400,34.96,U
sz002756,永兴材料,2025-09-22 09:30:54,35.0,8100,35.0,U
sz002756,永兴材料,2025-09-22 09:30:57,35.0,19500,35.0,U
sz002756,永兴材料,2025-09-22 09:31:00,34.99,9100,35.0,U
sz002756,永兴材料,2025-09-22 09:31:09,34.91,9900,34.91,D
sz002756,永兴材料,2025-09-22 09:31:12,34.9,22600,34.91,D
sz002756,永兴材料,2025-09-22 09:31:15,34.89,12100,34.9,D
sz002756,永兴材料,2025-09-22 09:31:30,34.78,14100,34.81,D
sz002756,永兴材料,2025-09-22 09:31:39,34.86,24500,34.81,U
sz002756,永兴材料,2025-09-22 09:31:42,34.76,9000,34.86,D
sz002756,永兴材料,2025-09-22 09:31:45,34.78,6100,34.76,E
sz002756,永兴材料,2025-09-22 09:31:48,34.75,19840,34.78,E
sz002756,永兴材料,2025-09-22 09:31:51,34.7,20900,34.75,D
sz002756,永兴材料,2025-09-22 09:32:03,34.67,34300,34.72,D
sz002756,永兴材料,2025-09-22 09:32:06,34.66,21800,34.67,D
sz002756,永兴材料,2025-09-22 09:32:21,34.59,27600,34.61,D
sz002756,永兴材料,2025-09-22 09:32:42,34.59,6200,34.59,E
sz002756,永兴材料,2025-09-22 09:32:45,34.58,9500,34.59,D
sz002756,永兴材料,2025-09-22 09:32:54,34.54,12600,34.56,D
sz002756,永兴材料,2025-09-22 09:33:00,34.53,5900,34.54,E
sz002756,永兴材料,2025-09-22 09:33:03,34.58,20700,34.53,U
sz002756,永兴材料,2025-09-22 09:34:03,34.48,29500,34.54,D
sz002756,永兴材料,2025-09-22 09:34:12,34.43,9500,34.46,D
sz002756,永兴材料,2025-09-22 09:34:18,34.43,7700,34.44,U
sz002756,永兴材料,2025-09-22 09:34:30,34.41,6700,34.43,D
sz002756,永兴材料,2025-09-22 09:34:39,34.46,12600,34.42,U
sz002756,永兴材料,2025-09-22 09:34:45,34.48,7400,34.44,E
sz002756,永兴材料,2025-09-22 09:34:48,34.44,5900,34.48,E
sz002756,永兴材料,2025-09-22 09:34:54,34.44,11500,34.44,D
sz002756,永兴材料,2025-09-22 09:34:57,34.4,17300,34.44,D
sz002756,永兴材料,2025-09-22 09:35:06,34.42,10900,34.44,U
sz002756,永兴材料,2025-09-22 09:35:12,34.43,6100,34.42,D
sz002756,永兴材料,2025-09-22 09:35:15,34.44,17500,34.43,U
sz002756,永兴材料,2025-09-22 09:35:18,34.41,9900,34.44,D
sz002756,永兴材料,2025-09-22 09:35:27,34.41,16600,34.41,D
sz002756,永兴材料,2025-09-22 09:35:30,34.41,14500,34.41,D
sz002756,永兴材料,2025-09-22 09:35:54,34.45,7400,34.48,D
sz002756,永兴材料,2025-09-22 09:36:12,34.43,11900,34.46,D
sz002756,永兴材料,2025-09-22 09:36:15,34.44,6100,34.43,U
sz002756,永兴材料,2025-09-22 09:36:18,34.45,8600,34.44,U
sz002756,永兴材料,2025-09-22 09:36:30,34.42,9900,34.45,D
sz002756,永兴材料,2025-09-22 09:36:33,34.46,11700,34.42,U
sz002756,永兴材料,2025-09-22 09:36:39,34.5,14100,34.53,E
sz002756,永兴材料,2025-09-22 09:37:00,34.44,17400,34.46,D
sz002756,永兴材料,2025-09-22 09:37:24,34.42,14500,34.41,U
sz002756,永兴材料,2025-09-22 09:37:45,34.39,40300,34.41,D
sz002756,永兴材料,2025-09-22 09:38:03,34.39,15100,34.38,U
sz002756,永兴材料,2025-09-22 09:38:18,34.32,8900,34.33,D
sz002756,永兴材料,2025-09-22 09:38:36,34.34,9700,34.36,D
sz002756,永兴材料,2025-09-22 09:38:57,34.32,10800,34.33,D
sz002756,永兴材料,2025-09-22 09:39:00,34.32,14700,34.32,E
sz002756,永兴材料,2025-09-22 09:39:03,34.3,21500,34.32,D
sz002756,永兴材料,2025-09-22 09:39:09,34.3,7500,34.29,U
sz002756,永兴材料,2025-09-22 09:39:15,34.31,6200,34.3,U
sz002756,永兴材料,2025-09-22 09:39:18,34.3,15000,34.31,E
sz002756,永兴材料,2025-09-22 09:39:21,34.3,11200,34.3,D
sz002756,永兴材料,2025-09-22 09:39:39,34.31,5900,34.33,D
sz002756,永兴材料,2025-09-22 09:39:42,34.32,11500,34.31,D
sz002756,永兴材料,2025-09-22 09:39:51,34.31,6800,34.31,D
sz002756,永兴材料,2025-09-22 09:39:54,34.31,23700,34.31,D
sz002756,永兴材料,2025-09-22 09:39:57,34.32,8200,34.31,U
sz002756,永兴材料,2025-09-22 09:40:12,34.26,7600,34.28,D
sz002756,永兴材料,2025-09-22 09:40:21,34.22,18000,34.26,D
sz002756,永兴材料,2025-09-22 09:40:24,34.25,6700,34.22,U
sz002756,永兴材料,2025-09-22 09:41:09,34.23,5900,34.25,D
sz002756,永兴材料,2025-09-22 09:41:15,34.26,11405,34.25,U
sz002756,永兴材料,2025-09-22 09:42:09,34.27,30200,34.27,E
sz002756,永兴材料,2025-09-22 09:42:15,34.26,11200,34.27,E
sz002756,永兴材料,2025-09-22 09:42:24,34.24,7700,34.24,U
sz002756,永兴材料,2025-09-22 09:42:27,34.23,12700,34.24,D
sz002756,永兴材料,2025-09-22 09:42:30,34.24,15300,34.23,U
sz002756,永兴材料,2025-09-22 09:42:33,34.24,5900,34.24,D
sz002756,永兴材料,2025-09-22 09:42:54,34.26,20300,34.25,U
sz002756,永兴材料,2025-09-22 09:42:57,34.24,11500,34.26,D
sz002756,永兴材料,2025-09-22 09:43:00,34.22,15000,34.24,D
sz002756,永兴材料,2025-09-22 09:43:18,34.23,6600,34.23,D
sz002756,永兴材料,2025-09-22 09:43:30,34.25,8000,34.23,E
sz002756,永兴材料,2025-09-22 09:43:39,34.23,6100,34.25,D
sz002756,永兴材料,2025-09-22 09:44:00,34.23,6700,34.24,D
sz002756,永兴材料,2025-09-22 09:44:06,34.23,37700,34.23,D
sz002756,永兴材料,2025-09-22 09:44:09,34.23,8000,34.23,U
sz002756,永兴材料,2025-09-22 09:44:18,34.21,10800,34.21,D
sz002756,永兴材料,2025-09-22 09:44:30,34.22,10200,34.24,D
sz002756,永兴材料,2025-09-22 09:44:39,34.21,6300,34.22,D
sz002756,永兴材料,2025-09-22 09:44:42,34.21,6500,34.21,D
sz002756,永兴材料,2025-09-22 09:44:51,34.2,18900,34.21,D
sz002756,永兴材料,2025-09-22 09:44:54,34.19,26400,34.2,D
sz002756,永兴材料,2025-09-22 09:44:57,34.2,6500,34.19,E
sz002756,永兴材料,2025-09-22 09:45:00,34.19,7400,34.2,D
sz002756,永兴材料,2025-09-22 09:45:03,34.18,44000,34.19,D
sz002756,永兴材料,2025-09-22 09:45:18,34.17,7600,34.18,D
sz002756,永兴材料,2025-09-22 09:45:21,34.16,25100,34.17,D
sz002756,永兴材料,2025-09-22 09:45:48,34.14,12200,34.13,U
sz002756,永兴材料,2025-09-22 09:46:54,34.17,6100,34.17,D
sz002756,永兴材料,2025-09-22 09:47:18,34.15,21000,34.16,D
sz002756,永兴材料,2025-09-22 09:47:27,34.15,8500,34.15,U
sz002756,永兴材料,2025-09-22 09:47:30,34.15,8000,34.15,D
sz002756,永兴材料,2025-09-22 09:47:48,34.15,7200,34.15,U
sz002756,永兴材料,2025-09-22 09:48:00,34.17,8200,34.15,U
sz002756,永兴材料,2025-09-22 09:48:15,34.17,10300,34.16,U
sz002756,永兴材料,2025-09-22 09:48:45,34.18,11600,34.18,D
sz002756,永兴材料,2025-09-22 09:48:51,34.15,38900,34.17,D
sz002756,永兴材料,2025-09-22 09:48:54,34.15,6600,34.15,D
sz002756,永兴材料,2025-09-22 09:48:57,34.15,18700,34.15,D
sz002756,永兴材料,2025-09-22 09:49:45,34.14,12100,34.16,D
sz002756,永兴材料,2025-09-22 09:49:48,34.15,11800,34.14,U
sz002756,永兴材料,2025-09-22 09:49:51,34.13,19600,34.15,D
sz002756,永兴材料,2025-09-22 09:50:03,34.14,8600,34.13,U
sz002756,永兴材料,2025-09-22 09:51:54,34.17,6800,34.18,D
sz002756,永兴材料,2025-09-22 09:52:00,34.16,12600,34.18,D
sz002756,永兴材料,2025-09-22 09:52:03,34.13,47900,34.16,D
sz002756,永兴材料,2025-09-22 09:52:06,34.13,6400,34.13,D
sz002756,永兴材料,2025-09-22 09:52:12,34.13,8000,34.14,D
sz002756,永兴材料,2025-09-22 09:52:36,34.12,57700,34.14,D
sz002756,永兴材料,2025-09-22 09:52:42,34.11,17400,34.11,D
sz002756,永兴材料,2025-09-22 09:53:03,34.09,20600,34.1,D
sz002756,永兴材料,2025-09-22 09:54:00,34.08,21600,34.05,U
sz002756,永兴材料,2025-09-22 09:54:45,34.1,7830,34.09,U
sz002756,永兴材料,2025-09-22 09:55:27,34.13,10900,34.13,U
sz002756,永兴材料,2025-09-22 09:55:33,34.1,13300,34.11,D
sz002756,永兴材料,2025-09-22 09:55:36,34.09,13670,34.1,D
sz002756,永兴材料,2025-09-22 09:56:00,34.06,63700,34.1,D
sz002756,永兴材料,2025-09-22 09:56:03,34.07,9700,34.06,U
sz002756,永兴材料,2025-09-22 09:56:42,34.05,10400,34.05,D
sz002756,永兴材料,2025-09-22 09:56:45,34.05,13600,34.05,E
sz002756,永兴材料,2025-09-22 09:56:48,34.02,14100,34.05,D
sz002756,永兴材料,2025-09-22 09:57:18,34.01,7800,34.02,D
sz002756,永兴材料,2025-09-22 09:57:33,34.04,9400,34.03,U
sz002756,永兴材料,2025-09-22 09:58:12,34.02,5940,34.01,U
sz002756,永兴材料,2025-09-22 09:58:18,34.01,23660,34.02,D
sz002756,永兴材料,2025-09-22 09:58:21,34.0,8200,34.01,D
sz002756,永兴材料,2025-09-22 09:59:39,34.03,6400,34.02,U
sz002756,永兴材料,2025-09-22 09:59:42,34.0,121000,34.03,D
sz002756,永兴材料,2025-09-22 09:59:45,33.98,69300,34.0,D
sz002756,永兴材料,2025-09-22 10:00:03,33.94,14900,33.96,D
sz002756,永兴材料,2025-09-22 10:00:27,33.96,11600,33.95,U
sz002756,永兴材料,2025-09-22 10:00:33,33.95,9000,33.98,D
sz002756,永兴材料,2025-09-22 10:01:24,33.92,11200,33.93,D
sz002756,永兴材料,2025-09-22 10:01:45,33.92,9470,33.92,U
sz002756,永兴材料,2025-09-22 10:01:51,33.93,9300,33.92,U
sz002756,永兴材料,2025-09-22 10:02:03,33.93,7500,33.93,U
sz002756,永兴材料,2025-09-22 10:02:06,33.95,70600,33.93,U
sz002756,永兴材料,2025-09-22 10:02:09,33.94,9100,33.95,D
sz002756,永兴材料,2025-09-22 10:02:21,33.98,37100,33.95,U
sz002756,永兴材料,2025-09-22 10:02:33,33.98,8200,33.95,U
sz002756,永兴材料,2025-09-22 10:02:36,33.99,6500,33.98,U
sz002756,永兴材料,2025-09-22 10:02:57,34.0,10400,34.0,U
sz002756,永兴材料,2025-09-22 10:03:03,34.0,6600,33.99,U
sz002756,永兴材料,2025-09-22 10:03:45,34.03,13800,34.02,U
sz002756,永兴材料,2025-09-22 10:04:03,34.05,10400,34.05,D
sz002756,永兴材料,2025-09-22 10:04:15,34.07,5900,34.05,U
sz002756,永兴材料,2025-09-22 10:04:24,34.03,11800,34.05,D
sz002756,永兴材料,2025-09-22 10:04:45,34.01,11300,34.01,D
sz002756,永兴材料,2025-09-22 10:05:21,34.07,11000,34.06,U
sz002756,永兴材料,2025-09-22 10:05:57,34.02,9600,34.03,D
sz002756,永兴材料,2025-09-22 10:06:09,34.12,10500,34.03,U
sz002756,永兴材料,2025-09-22 10:06:12,34.03,7100,34.12,D
sz002756,永兴材料,2025-09-22 10:06:42,34.05,10200,34.05,D
sz002756,永兴材料,2025-09-22 10:07:09,34.12,10000,34.1,U
sz002756,永兴材料,2025-09-22 10:07:36,34.07,9600,34.08,D
sz002756,永兴材料,2025-09-22 10:08:27,34.1,18200,34.1,E
sz002756,永兴材料,2025-09-22 10:09:00,34.09,22200,34.11,D
sz002756,永兴材料,2025-09-22 10:10:06,34.08,18800,34.09,D
sz002756,永兴材料,2025-09-22 10:12:06,34.08,6800,34.09,D
sz002756,永兴材料,2025-09-22 10:12:12,34.07,17300,34.08,D
sz002756,永兴材料,2025-09-22 10:14:36,34.1,8600,34.1,U
sz002756,永兴材料,2025-09-22 10:16:15,34.05,7436,34.06,D
sz002756,永兴材料,2025-09-22 10:17:27,34.03,15600,34.04,D
sz002756,永兴材料,2025-09-22 10:18:09,34.01,10300,34.03,D
sz002756,永兴材料,2025-09-22 10:18:30,34.01,15200,34.02,D
sz002756,永兴材料,2025-09-22 10:18:48,34.03,18600,34.02,E
sz002756,永兴材料,2025-09-22 10:22:33,34.09,10100,34.07,U
sz002756,永兴材料,2025-09-22 10:22:45,34.08,10000,34.09,E
sz002756,永兴材料,2025-09-22 10:23:09,34.09,12500,34.06,U
sz002756,永兴材料,2025-09-22 10:25:45,34.13,7500,34.12,U
sz002756,永兴材料,2025-09-22 10:25:51,34.11,8000,34.12,D
sz002756,永兴材料,2025-09-22 10:27:57,34.1,13000,34.1,U
sz002756,永兴材料,2025-09-22 10:28:21,34.15,6600,34.14,U
sz002756,永兴材料,2025-09-22 10:28:30,34.12,7400,34.15,D
sz002756,永兴材料,2025-09-22 10:30:00,34.14,8300,34.14,D
sz002756,永兴材料,2025-09-22 10:30:18,34.16,6200,34.13,U
sz002756,永兴材料,2025-09-22 10:31:48,34.17,7000,34.16,U
sz002756,永兴材料,2025-09-22 10:33:51,34.12,17100,34.12,D
sz002756,永兴材料,2025-09-22 10:34:15,34.08,8700,34.1,D
sz002756,永兴材料,2025-09-22 10:34:33,34.02,11100,34.09,D
sz002756,永兴材料,2025-09-22 10:36:06,34.09,10300,34.08,U
sz002756,永兴材料,2025-09-22 10:37:03,34.08,6300,34.11,D
sz002756,永兴材料,2025-09-22 10:38:06,34.05,16400,34.06,D
sz002756,永兴材料,2025-09-22 10:41:15,34.07,13750,34.07,D
sz002756,永兴材料,2025-09-22 10:41:39,34.05,17710,34.07,D
sz002756,永兴材料,2025-09-22 10:42:57,34.02,12570,34.03,D
sz002756,永兴材料,2025-09-22 10:43:09,34.02,6800,34.02,D
sz002756,永兴材料,2025-09-22 10:43:54,34.01,7400,34.01,D
sz002756,永兴材料,2025-09-22 10:44:09,34.01,8020,34.0,U
sz002756,永兴材料,2025-09-22 10:46:54,34.01,16200,34.02,D
sz002756,永兴材料,2025-09-22 10:46:57,34.02,8680,34.01,U
sz002756,永兴材料,2025-09-22 10:47:00,34.0,16500,34.02,D
sz002756,永兴材料,2025-09-22 10:47:03,34.0,26200,34.0,D
sz002756,永兴材料,2025-09-22 10:47:06,34.0,11200,34.0,D
sz002756,永兴材料,2025-09-22 10:47:09,34.0,16900,34.0,D
sz002756,永兴材料,2025-09-22 10:47:36,34.0,7780,33.99,U
sz002756,永兴材料,2025-09-22 10:47:54,33.99,12100,34.0,D
sz002756,永兴材料,2025-09-22 10:49:00,33.98,7100,33.99,D
sz002756,永兴材料,2025-09-22 10:49:51,34.01,14520,34.0,U
sz002756,永兴材料,2025-09-22 10:51:27,34.04,13200,34.04,U
sz002756,永兴材料,2025-09-22 10:51:48,34.04,10100,34.04,D
sz002756,永兴材料,2025-09-22 10:56:06,34.04,6700,34.07,D
sz002756,永兴材料,2025-09-22 11:01:27,34.08,24100,34.04,U
sz002756,永兴材料,2025-09-22 11:02:39,34.05,8300,34.05,U
sz002756,永兴材料,2025-09-22 11:02:42,34.04,6500,34.05,D
sz002756,永兴材料,2025-09-22 11:06:33,34.02,12800,34.04,D
sz002756,永兴材料,2025-09-22 11:08:00,34.01,6400,34.02,D
sz002756,永兴材料,2025-09-22 11:08:06,34.0,42900,34.02,D
sz002756,永兴材料,2025-09-22 11:08:09,33.99,10000,34.0,D
sz002756,永兴材料,2025-09-22 11:08:33,33.98,10300,33.98,D
sz002756,永兴材料,2025-09-22 11:11:36,33.97,10000,33.98,D
sz002756,永兴材料,2025-09-22 11:12:12,34.0,9000,33.98,U
sz002756,永兴材料,2025-09-22 11:13:45,33.97,20200,33.99,D
sz002756,永兴材料,2025-09-22 11:14:15,33.96,27400,33.96,D
sz002756,永兴材料,2025-09-22 11:15:15,33.94,24089,33.96,D
sz002756,永兴材料,2025-09-22 11:15:51,33.95,9900,33.94,U
sz002756,永兴材料,2025-09-22 11:16:15,33.98,30300,33.96,U
sz002756,永兴材料,2025-09-22 11:18:54,33.99,8500,33.99,D
sz002756,永兴材料,2025-09-22 11:19:51,33.94,10200,33.96,D
sz002756,永兴材料,2025-09-22 11:26:03,33.99,9900,34.0,D
sz002756,永兴材料,2025-09-22 11:26:06,33.99,18515,33.99,D
sz002756,永兴材料,2025-09-22 13:00:03,34.0,31990,34.0,D
sz002756,永兴材料,2025-09-22 13:05:42,33.97,8000,33.96,U
sz002756,永兴材料,2025-09-22 13:07:15,34.01,7500,34.03,D
sz002756,永兴材料,2025-09-22 13:10:00,34.06,14700,34.06,D
sz002756,永兴材料,2025-09-22 13:10:03,34.05,14400,34.06,D
sz002756,永兴材料,2025-09-22 13:11:30,34.04,9900,34.04,U
sz002756,永兴材料,2025-09-22 13:13:36,34.05,5900,34.07,D
sz002756,永兴材料,2025-09-22 13:14:06,34.04,10000,34.04,D
sz002756,永兴材料,2025-09-22 13:16:03,34.03,9100,34.05,D
sz002756,永兴材料,2025-09-22 13:21:03,34.06,6000,34.04,U
sz002756,永兴材料,2025-09-22 13:24:51,34.09,15400,34.09,D
sz002756,永兴材料,2025-09-22 13:25:00,34.09,33600,34.07,U
sz002756,永兴材料,2025-09-22 13:30:27,34.02,25700,34.03,D
sz002756,永兴材料,2025-09-22 13:32:24,34.01,8000,34.01,D
sz002756,永兴材料,2025-09-22 13:33:00,34.01,8700,34.01,D
sz002756,永兴材料,2025-09-22 13:33:24,34.0,15700,34.0,D
sz002756,永兴材料,2025-09-22 13:34:21,34.01,13000,34.0,U
sz002756,永兴材料,2025-09-22 13:39:09,33.98,16800,33.99,D
sz002756,永兴材料,2025-09-22 13:39:45,34.0,11200,33.99,U
sz002756,永兴材料,2025-09-22 13:42:03,33.98,8100,34.01,D
sz002756,永兴材料,2025-09-22 13:43:12,33.97,15600,33.98,D
sz002756,永兴材料,2025-09-22 13:43:51,33.98,10000,33.98,U
sz002756,永兴材料,2025-09-22 13:44:12,33.97,9050,33.97,D
sz002756,永兴材料,2025-09-22 13:46:12,33.96,8100,33.99,D
sz002756,永兴材料,2025-09-22 13:53:12,33.97,16610,34.0,D
sz002756,永兴材料,2025-09-22 13:55:30,33.97,20300,33.97,U
sz002756,永兴材料,2025-09-22 13:56:12,33.96,9100,33.96,D
sz002756,永兴材料,2025-09-22 13:56:24,33.94,49800,33.95,D
sz002756,永兴材料,2025-09-22 13:56:36,33.94,6800,33.94,U
sz002756,永兴材料,2025-09-22 13:59:18,33.93,64266,33.93,D
sz002756,永兴材料,2025-09-22 14:00:09,33.92,48500,33.91,U
sz002756,永兴材料,2025-09-22 14:00:39,33.91,10700,33.91,D
sz002756,永兴材料,2025-09-22 14:00:45,33.91,6400,33.91,D
sz002756,永兴材料,2025-09-22 14:01:00,33.89,70000,33.9,D
sz002756,永兴材料,2025-09-22 14:01:03,33.87,88400,33.89,D
sz002756,永兴材料,2025-09-22 14:01:12,33.85,6300,33.86,D
sz002756,永兴材料,2025-09-22 14:01:21,33.84,6200,33.85,D
sz002756,永兴材料,2025-09-22 14:01:24,33.84,12200,33.84,D
sz002756,永兴材料,2025-09-22 14:01:30,33.84,8600,33.83,U
sz002756,永兴材料,2025-09-22 14:01:45,33.81,65000,33.83,D
sz002756,永兴材料,2025-09-22 14:03:48,33.88,14000,33.87,U
sz002756,永兴材料,2025-09-22 14:04:21,33.86,17400,33.87,D
sz002756,永兴材料,2025-09-22 14:05:06,33.85,6700,33.86,D
sz002756,永兴材料,2025-09-22 14:05:09,33.86,6200,33.85,U
sz002756,永兴材料,2025-09-22 14:05:18,33.85,10300,33.85,U
sz002756,永兴材料,2025-09-22 14:06:12,33.84,9600,33.85,D
sz002756,永兴材料,2025-09-22 14:06:57,33.84,6600,33.85,D
sz002756,永兴材料,2025-09-22 14:08:06,33.87,38430,33.85,U
sz002756,永兴材料,2025-09-22 14:08:21,33.86,10200,33.87,D
sz002756,永兴材料,2025-09-22 14:08:30,33.86,6000,33.89,D
sz002756,永兴材料,2025-09-22 14:09:15,33.89,7000,33.88,U
sz002756,永兴材料,2025-09-22 14:14:03,33.89,6400,33.91,D
sz002756,永兴材料,2025-09-22 14:16:03,33.9,8000,33.9,D
sz002756,永兴材料,2025-09-22 14:17:57,33.9,12100,33.91,D
sz002756,永兴材料,2025-09-22 14:18:12,33.89,23110,33.91,D
sz002756,永兴材料,2025-09-22 14:21:57,33.96,5900,33.96,D
sz002756,永兴材料,2025-09-22 14:24:03,33.95,15100,33.96,D
sz002756,永兴材料,2025-09-22 14:30:06,33.98,9000,33.97,U
sz002756,永兴材料,2025-09-22 14:30:12,33.99,28000,33.98,U
sz002756,永兴材料,2025-09-22 14:30:18,34.0,7600,33.99,U
sz002756,永兴材料,2025-09-22 14:31:39,34.02,11670,34.01,U
sz002756,永兴材料,2025-09-22 14:32:51,34.01,12200,34.03,D
sz002756,永兴材料,2025-09-22 14:34:57,34.08,9600,34.08,U
sz002756,永兴材料,2025-09-22 14:38:24,34.08,7480,34.08,U
sz002756,永兴材料,2025-09-22 14:39:15,34.08,12500,34.06,U
sz002756,永兴材料,2025-09-22 14:42:21,34.0,58800,34.04,D
sz002756,永兴材料,2025-09-22 14:45:45,34.05,6300,34.06,D
sz002756,永兴材料,2025-09-22 14:50:00,34.09,7700,34.09,U
sz002756,永兴材料,2025-09-22 14:51:00,34.07,10000,34.07,D
sz002756,永兴材料,2025-09-22 14:51:09,34.06,17841,34.07,D
sz002756,永兴材料,2025-09-22 14:51:57,34.05,6300,34.06,D
sz002756,永兴材料,2025-09-22 14:52:09,34.08,10999,34.08,U
sz002756,永兴材料,2025-09-22 14:53:57,34.1,14800,34.1,U
sz002756,永兴材料,2025-09-22 15:00:00,34.11,75464,34.12,E
