symbol,name,ticktime,price,volume,prev_price,kind
sz002756,永兴材料,2025-09-17 09:25:00,34.75,24000,0.0,U
sz002756,永兴材料,2025-09-17 09:30:00,34.7,9400,34.75,D
sz002756,永兴材料,2025-09-17 09:30:03,34.69,12700,34.7,E
sz002756,永兴材料,2025-09-17 09:30:09,34.69,8800,34.68,U
sz002756,永兴材料,2025-09-17 09:30:24,34.63,6200,34.62,U
sz002756,永兴材料,2025-09-17 09:30:45,34.6,9700,34.63,D
sz002756,永兴材料,2025-09-17 09:30:48,34.51,30500,34.6,D
sz002756,永兴材料,2025-09-17 09:30:51,34.57,11200,34.51,U
sz002756,永兴材料,2025-09-17 09:30:54,34.58,6000,34.57,U
sz002756,永兴材料,2025-09-17 09:31:09,34.56,12500,34.56,U
sz002756,永兴材料,2025-09-17 09:31:15,34.58,25600,34.56,U
sz002756,永兴材料,2025-09-17 09:31:27,34.56,5800,34.58,U
sz002756,永兴材料,2025-09-17 09:31:30,34.53,8000,34.56,D
sz002756,永兴材料,2025-09-17 09:31:33,34.56,9500,34.53,U
sz002756,永兴材料,2025-09-17 09:31:39,34.53,18500,34.53,D
sz002756,永兴材料,2025-09-17 09:31:54,34.51,9600,34.53,D
sz002756,永兴材料,2025-09-17 09:32:00,34.53,7600,34.51,U
sz002756,永兴材料,2025-09-17 09:32:03,34.49,19800,34.53,D
sz002756,永兴材料,2025-09-17 09:32:18,34.55,41580,34.51,U
sz002756,永兴材料,2025-09-17 09:32:42,34.51,8400,34.51,U
sz002756,永兴材料,2025-09-17 09:33:12,34.53,6500,34.53,D
sz002756,永兴材料,2025-09-17 09:33:18,34.53,12200,34.53,D
sz002756,永兴材料,2025-09-17 09:33:21,34.53,7000,34.53,D
sz002756,永兴材料,2025-09-17 09:33:27,34.54,10400,34.53,U
sz002756,永兴材料,2025-09-17 09:34:00,34.54,51700,34.55,D
sz002756,永兴材料,2025-09-17 09:34:09,34.55,9300,34.54,U
sz002756,永兴材料,2025-09-17 09:34:15,34.52,11200,34.52,D
sz002756,永兴材料,2025-09-17 09:35:03,34.55,6800,34.54,E
sz002756,永兴材料,2025-09-17 09:35:27,34.6,7100,34.57,U
sz002756,永兴材料,2025-09-17 09:36:30,34.62,15000,34.59,U
sz002756,永兴材料,2025-09-17 09:38:15,34.63,14200,34.63,D
sz002756,永兴材料,2025-09-17 09:38:54,34.61,6600,34.61,U
sz002756,永兴材料,2025-09-17 09:39:00,34.63,11400,34.61,U
sz002756,永兴材料,2025-09-17 09:39:51,34.64,8400,34.64,D
sz002756,永兴材料,2025-09-17 09:40:30,34.63,23000,34.64,D
sz002756,永兴材料,2025-09-17 09:41:33,34.62,6200,34.62,D
sz002756,永兴材料,2025-09-17 09:41:39,34.62,10217,34.63,D
sz002756,永兴材料,2025-09-17 09:41:48,34.61,5900,34.61,D
sz002756,永兴材料,2025-09-17 09:41:57,34.62,11283,34.61,U
sz002756,永兴材料,2025-09-17 09:42:03,34.63,15900,34.63,U
sz002756,永兴材料,2025-09-17 09:42:15,34.63,17000,34.63,D
sz002756,永兴材料,2025-09-17 09:43:03,34.65,24600,34.65,D
sz002756,永兴材料,2025-09-17 09:43:48,34.65,14100,34.64,U
sz002756,永兴材料,2025-09-17 09:44:18,34.65,10000,34.66,D
sz002756,永兴材料,2025-09-17 09:44:48,34.7,15700,34.72,D
sz002756,永兴材料,2025-09-17 09:45:21,34.7,12100,34.7,U
sz002756,永兴材料,2025-09-17 09:45:51,34.69,16700,34.7,E
sz002756,永兴材料,2025-09-17 09:46:18,34.66,6300,34.67,D
sz002756,永兴材料,2025-09-17 09:48:06,34.65,6000,34.67,D
sz002756,永兴材料,2025-09-17 09:48:30,34.66,17100,34.65,U
sz002756,永兴材料,2025-09-17 09:48:42,34.62,24000,34.63,D
sz002756,永兴材料,2025-09-17 09:48:48,34.61,9600,34.61,D
sz002756,永兴材料,2025-09-17 09:48:51,34.6,46200,34.61,D
sz002756,永兴材料,2025-09-17 09:48:54,34.6,30600,34.6,D
sz002756,永兴材料,2025-09-17 09:48:57,34.6,13400,34.6,D
sz002756,永兴材料,2025-09-17 09:49:03,34.6,11900,34.6,U
sz002756,永兴材料,2025-09-17 09:50:12,34.66,50600,34.62,U
sz002756,永兴材料,2025-09-17 09:51:15,34.66,18100,34.65,U
sz002756,永兴材料,2025-09-17 09:51:24,34.65,6300,34.66,D
sz002756,永兴材料,2025-09-17 09:52:51,34.64,10300,34.64,U
sz002756,永兴材料,2025-09-17 09:54:36,34.66,10200,34.64,U
sz002756,永兴材料,2025-09-17 09:56:12,34.7,6600,34.68,U
sz002756,永兴材料,2025-09-17 09:57:09,34.69,8700,34.69,D
sz002756,永兴材料,2025-09-17 09:57:33,34.69,8200,34.68,U
sz002756,永兴材料,2025-09-17 09:57:42,34.67,8800,34.69,D
sz002756,永兴材料,2025-09-17 09:59:48,34.66,22800,34.69,D
sz002756,永兴材料,2025-09-17 09:59:51,34.64,18500,34.66,D
sz002756,永兴材料,2025-09-17 10:00:03,34.62,41500,34.65,D
sz002756,永兴材料,2025-09-17 10:01:00,34.66,12000,34.63,U
sz002756,永兴材料,2025-09-17 10:01:27,34.65,8100,34.65,U
sz002756,永兴材料,2025-09-17 10:02:21,34.63,10300,34.64,D
sz002756,永兴材料,2025-09-17 10:04:39,34.7,31400,34.68,U
sz002756,永兴材料,2025-09-17 10:05:33,34.72,6000,34.7,U
sz002756,永兴材料,2025-09-17 10:07:18,34.65,18300,34.66,D
sz002756,永兴材料,2025-09-17 10:08:18,34.65,7100,34.65,U
sz002756,永兴材料,2025-09-17 10:08:51,34.66,39300,34.65,U
sz002756,永兴材料,2025-09-17 10:10:00,34.62,8400,34.62,D
sz002756,永兴材料,2025-09-17 10:10:30,34.6,26800,34.61,D
sz002756,永兴材料,2025-09-17 10:10:42,34.6,7000,34.61,D
sz002756,永兴材料,2025-09-17 10:10:51,34.6,13700,34.6,D
sz002756,永兴材料,2025-09-17 10:11:09,34.59,7800,34.6,D
sz002756,永兴材料,2025-09-17 10:14:03,34.63,25600,34.6,U
sz002756,永兴材料,2025-09-17 10:14:42,34.66,8600,34.64,U
sz002756,永兴材料,2025-09-17 10:15:39,34.66,7900,34.66,U
sz002756,永兴材料,2025-09-17 10:15:57,34.68,28733,34.66,U
sz002756,永兴材料,2025-09-17 10:16:00,34.7,15830,34.68,U
sz002756,永兴材料,2025-09-17 10:18:36,34.71,6100,34.71,U
sz002756,永兴材料,2025-09-17 10:19:42,34.71,6300,34.71,U
sz002756,永兴材料,2025-09-17 10:19:51,34.71,7800,34.71,U
sz002756,永兴材料,2025-09-17 10:19:57,34.72,7800,34.71,U
sz002756,永兴材料,2025-09-17 10:21:45,34.71,6300,34.71,D
sz002756,永兴材料,2025-09-17 10:22:21,34.69,7900,34.72,D
sz002756,永兴材料,2025-09-17 10:23:42,34.7,9500,34.69,E
sz002756,永兴材料,2025-09-17 10:24:45,34.76,14900,34.72,U
sz002756,永兴材料,2025-09-17 10:25:39,34.74,14500,34.74,E
sz002756,永兴材料,2025-09-17 10:25:42,34.67,30700,34.74,D
sz002756,永兴材料,2025-09-17 10:26:03,34.64,10000,34.67,D
sz002756,永兴材料,2025-09-17 10:26:21,34.64,6600,34.67,D
sz002756,永兴材料,2025-09-17 10:26:30,34.62,7300,34.64,D
sz002756,永兴材料,2025-09-17 10:27:39,34.64,12600,34.63,U
sz002756,永兴材料,2025-09-17 10:28:54,34.67,17100,34.67,U
sz002756,永兴材料,2025-09-17 10:29:54,34.67,32200,34.67,D
sz002756,永兴材料,2025-09-17 10:30:00,34.65,7200,34.67,D
sz002756,永兴材料,2025-09-17 10:30:03,34.64,7600,34.65,D
sz002756,永兴材料,2025-09-17 10:34:24,34.69,10230,34.7,D
sz002756,永兴材料,2025-09-17 10:35:03,34.67,11000,34.68,D
sz002756,永兴材料,2025-09-17 10:36:09,34.72,7200,34.69,U
sz002756,永兴材料,2025-09-17 10:37:03,34.73,10500,34.71,U
sz002756,永兴材料,2025-09-17 10:37:42,34.72,42500,34.72,U
sz002756,永兴材料,2025-09-17 10:37:45,34.72,7000,34.72,U
sz002756,永兴材料,2025-09-17 10:37:54,34.71,6100,34.74,D
sz002756,永兴材料,2025-09-17 10:38:03,34.77,11300,34.71,U
sz002756,永兴材料,2025-09-17 10:38:09,34.74,15300,34.76,D
sz002756,永兴材料,2025-09-17 10:38:18,34.79,12300,34.77,U
sz002756,永兴材料,2025-09-17 10:38:21,34.79,8000,34.79,U
sz002756,永兴材料,2025-09-17 10:39:39,34.81,6200,34.82,U
sz002756,永兴材料,2025-09-17 10:40:00,34.87,20200,34.82,U
sz002756,永兴材料,2025-09-17 10:41:06,34.85,6600,34.85,U
sz002756,永兴材料,2025-09-17 10:42:21,34.89,8700,34.87,U
sz002756,永兴材料,2025-09-17 10:42:27,34.9,6900,34.89,U
sz002756,永兴材料,2025-09-17 10:42:48,34.91,11800,34.91,U
sz002756,永兴材料,2025-09-17 10:43:06,34.87,14500,34.9,D
sz002756,永兴材料,2025-09-17 10:44:06,34.83,5800,34.82,U
sz002756,永兴材料,2025-09-17 10:44:27,34.81,5800,34.79,U
sz002756,永兴材料,2025-09-17 10:45:18,34.92,6500,34.87,U
sz002756,永兴材料,2025-09-17 10:45:45,34.91,12600,34.93,D
sz002756,永兴材料,2025-09-17 10:45:51,34.89,15600,34.91,D
sz002756,永兴材料,2025-09-17 10:47:12,34.89,6600,34.9,D
sz002756,永兴材料,2025-09-17 10:48:27,34.83,50000,34.88,D
sz002756,永兴材料,2025-09-17 10:49:45,34.89,70100,34.86,U
sz002756,永兴材料,2025-09-17 10:50:18,34.88,11700,34.88,D
sz002756,永兴材料,2025-09-17 10:51:30,34.87,8600,34.87,D
sz002756,永兴材料,2025-09-17 10:51:42,34.87,12300,34.88,D
sz002756,永兴材料,2025-09-17 10:52:06,34.84,10900,34.87,D
sz002756,永兴材料,2025-09-17 10:53:18,34.84,6400,34.84,D
sz002756,永兴材料,2025-09-17 10:54:09,34.9,10700,34.86,U
sz002756,永兴材料,2025-09-17 10:54:33,34.95,18300,34.93,U
sz002756,永兴材料,2025-09-17 10:54:36,34.95,6100,34.95,D
sz002756,永兴材料,2025-09-17 10:55:06,34.97,7400,34.96,U
sz002756,永兴材料,2025-09-17 10:55:18,34.98,5900,34.96,U
sz002756,永兴材料,2025-09-17 10:55:27,34.96,22100,34.97,E
sz002756,永兴材料,2025-09-17 10:55:48,34.95,6700,34.96,D
sz002756,永兴材料,2025-09-17 10:56:39,34.98,26100,34.95,U
sz002756,永兴材料,2025-09-17 10:56:42,34.99,17330,34.98,U
sz002756,永兴材料,2025-09-17 10:56:48,35.03,72730,34.99,U
sz002756,永兴材料,2025-09-17 10:57:03,35.06,16400,35.03,U
sz002756,永兴材料,2025-09-17 10:57:18,35.04,17400,35.03,U
sz002756,永兴材料,2025-09-17 10:57:24,35.02,11200,35.04,D
sz002756,永兴材料,2025-09-17 10:57:33,35.02,15000,35.04,D
sz002756,永兴材料,2025-09-17 10:57:48,35.05,16500,35.03,U
sz002756,永兴材料,2025-09-17 10:57:57,35.04,6300,35.05,D
sz002756,永兴材料,2025-09-17 10:58:06,35.06,10300,35.05,U
sz002756,永兴材料,2025-09-17 10:58:09,35.07,11200,35.06,U
sz002756,永兴材料,2025-09-17 10:58:24,35.03,10600,35.07,D
sz002756,永兴材料,2025-09-17 10:58:51,35.05,10800,35.04,U
sz002756,永兴材料,2025-09-17 10:59:15,35.06,16200,35.06,U
sz002756,永兴材料,2025-09-17 10:59:27,35.08,6400,35.06,U
sz002756,永兴材料,2025-09-17 11:00:03,35.09,8300,35.08,U
sz002756,永兴材料,2025-09-17 11:00:21,35.11,6000,35.11,U
sz002756,永兴材料,2025-09-17 11:01:06,35.12,7700,35.12,D
sz002756,永兴材料,2025-09-17 11:01:12,35.12,8700,35.12,U
sz002756,永兴材料,2025-09-17 11:01:21,35.11,6200,35.11,D
sz002756,永兴材料,2025-09-17 11:01:36,35.08,7100,35.09,D
sz002756,永兴材料,2025-09-17 11:02:00,35.04,8900,35.06,D
sz002756,永兴材料,2025-09-17 11:02:51,35.04,23300,35.01,U
sz002756,永兴材料,2025-09-17 11:03:00,35.06,6000,35.04,U
sz002756,永兴材料,2025-09-17 11:03:06,35.1,8700,35.07,U
sz002756,永兴材料,2025-09-17 11:03:15,35.13,29700,35.1,U
sz002756,永兴材料,2025-09-17 11:03:27,35.15,8100,35.1,U
sz002756,永兴材料,2025-09-17 11:04:03,35.15,46300,35.12,U
sz002756,永兴材料,2025-09-17 11:04:06,35.17,10900,35.15,U
sz002756,永兴材料,2025-09-17 11:04:12,35.22,54000,35.16,U
sz002756,永兴材料,2025-09-17 11:04:15,35.2,8700,35.22,D
sz002756,永兴材料,2025-09-17 11:04:18,35.24,7200,35.2,U
sz002756,永兴材料,2025-09-17 11:04:21,35.25,7600,35.24,U
sz002756,永兴材料,2025-09-17 11:04:24,35.26,21600,35.25,U
sz002756,永兴材料,2025-09-17 11:04:27,35.3,48000,35.26,U
sz002756,永兴材料,2025-09-17 11:04:30,35.28,9900,35.3,D
sz002756,永兴材料,2025-09-17 11:04:39,35.33,7000,35.31,U
sz002756,永兴材料,2025-09-17 11:04:45,35.31,16800,35.31,D
sz002756,永兴材料,2025-09-17 11:04:51,35.3,8100,35.31,D
sz002756,永兴材料,2025-09-17 11:04:54,35.33,25100,35.3,U
sz002756,永兴材料,2025-09-17 11:04:57,35.31,22900,35.33,D
sz002756,永兴材料,2025-09-17 11:05:12,35.32,14900,35.31,U
sz002756,永兴材料,2025-09-17 11:05:21,35.3,12700,35.32,D
sz002756,永兴材料,2025-09-17 11:05:24,35.32,8100,35.3,U
sz002756,永兴材料,2025-09-17 11:05:30,35.31,7500,35.31,D
sz002756,永兴材料,2025-09-17 11:05:36,35.3,13200,35.3,D
sz002756,永兴材料,2025-09-17 11:05:51,35.3,8600,35.28,U
sz002756,永兴材料,2025-09-17 11:06:12,35.27,9600,35.27,D
sz002756,永兴材料,2025-09-17 11:06:15,35.27,10280,35.27,D
sz002756,永兴材料,2025-09-17 11:06:21,35.25,45100,35.27,D
sz002756,永兴材料,2025-09-17 11:07:06,35.22,6200,35.22,D
sz002756,永兴材料,2025-09-17 11:07:15,35.22,18400,35.22,U
sz002756,永兴材料,2025-09-17 11:08:03,35.2,30100,35.21,D
sz002756,永兴材料,2025-09-17 11:08:06,35.2,6300,35.2,D
sz002756,永兴材料,2025-09-17 11:08:57,35.16,10000,35.16,D
sz002756,永兴材料,2025-09-17 11:09:51,35.13,8300,35.12,U
sz002756,永兴材料,2025-09-17 11:10:06,35.14,15900,35.13,E
sz002756,永兴材料,2025-09-17 11:10:24,35.15,9300,35.16,D
sz002756,永兴材料,2025-09-17 11:10:57,35.21,9700,35.21,D
sz002756,永兴材料,2025-09-17 11:11:21,35.21,13500,35.19,U
sz002756,永兴材料,2025-09-17 11:12:09,35.12,9300,35.13,D
sz002756,永兴材料,2025-09-17 11:12:27,35.18,20300,35.13,U
sz002756,永兴材料,2025-09-17 11:12:48,35.16,30500,35.16,D
sz002756,永兴材料,2025-09-17 11:13:09,35.24,20500,35.19,U
sz002756,永兴材料,2025-09-17 11:13:27,35.23,20200,35.23,U
sz002756,永兴材料,2025-09-17 11:13:51,35.24,21000,35.19,U
sz002756,永兴材料,2025-09-17 11:14:03,35.17,5900,35.18,E
sz002756,永兴材料,2025-09-17 11:15:00,35.2,10000,35.19,U
sz002756,永兴材料,2025-09-17 11:16:21,35.16,7400,35.15,U
sz002756,永兴材料,2025-09-17 11:18:33,35.21,10200,35.2,U
sz002756,永兴材料,2025-09-17 11:19:45,35.2,10100,35.21,D
sz002756,永兴材料,2025-09-17 11:19:54,35.2,20900,35.2,D
sz002756,永兴材料,2025-09-17 11:22:48,35.19,15500,35.21,D
sz002756,永兴材料,2025-09-17 11:25:30,35.15,19700,35.18,D
sz002756,永兴材料,2025-09-17 11:26:03,35.12,6200,35.14,D
sz002756,永兴材料,2025-09-17 11:26:21,35.1,9000,35.12,D
sz002756,永兴材料,2025-09-17 11:27:27,35.15,5900,35.14,U
sz002756,永兴材料,2025-09-17 13:00:00,35.14,9200,35.14,U
sz002756,永兴材料,2025-09-17 13:00:03,35.14,6600,35.14,D
sz002756,永兴材料,2025-09-17 13:00:06,35.14,5800,35.14,D
sz002756,永兴材料,2025-09-17 13:01:12,35.12,9000,35.12,D
sz002756,永兴材料,2025-09-17 13:01:18,35.18,9800,35.18,U
sz002756,永兴材料,2025-09-17 13:01:54,35.14,9500,35.14,D
sz002756,永兴材料,2025-09-17 13:03:09,35.1,5900,35.11,D
sz002756,永兴材料,2025-09-17 13:03:15,35.1,13700,35.1,U
sz002756,永兴材料,2025-09-17 13:05:06,35.06,19700,35.08,D
sz002756,永兴材料,2025-09-17 13:11:36,35.11,10700,35.09,U
sz002756,永兴材料,2025-09-17 13:11:45,35.11,7800,35.11,D
sz002756,永兴材料,2025-09-17 13:12:27,35.13,11400,35.09,U
sz002756,永兴材料,2025-09-17 13:16:42,35.13,5800,35.13,U
sz002756,永兴材料,2025-09-17 13:17:21,35.09,6500,35.1,D
sz002756,永兴材料,2025-09-17 13:18:06,35.13,5900,35.1,U
sz002756,永兴材料,2025-09-17 13:19:36,35.14,19300,35.12,U
sz002756,永兴材料,2025-09-17 13:24:57,35.13,6600,35.13,U
sz002756,永兴材料,2025-09-17 13:25:51,35.11,6500,35.11,D
sz002756,永兴材料,2025-09-17 13:25:54,35.08,15800,35.11,D
sz002756,永兴材料,2025-09-17 13:26:21,35.07,9300,35.08,D
sz002756,永兴材料,2025-09-17 13:27:30,35.07,17200,35.1,D
sz002756,永兴材料,2025-09-17 13:28:15,35.07,10500,35.07,D
sz002756,永兴材料,2025-09-17 13:29:03,35.05,15700,35.06,D
sz002756,永兴材料,2025-09-17 13:30:06,35.08,13700,35.05,U
sz002756,永兴材料,2025-09-17 13:37:42,35.1,7800,35.1,U
sz002756,永兴材料,2025-09-17 13:39:24,35.1,8800,35.06,U
sz002756,永兴材料,2025-09-17 13:40:12,35.1,11080,35.09,U
sz002756,永兴材料,2025-09-17 13:40:21,35.12,7100,35.1,U
sz002756,永兴材料,2025-09-17 13:43:33,35.11,7500,35.1,U
sz002756,永兴材料,2025-09-17 13:46:00,35.12,12800,35.12,U
sz002756,永兴材料,2025-09-17 13:47:03,35.14,6800,35.15,D
sz002756,永兴材料,2025-09-17 13:47:36,35.14,10100,35.14,D
sz002756,永兴材料,2025-09-17 13:48:27,35.15,13300,35.14,U
sz002756,永兴材料,2025-09-17 13:49:57,35.15,11300,35.15,D
sz002756,永兴材料,2025-09-17 13:51:39,35.12,6300,35.12,D
sz002756,永兴材料,2025-09-17 13:58:03,35.15,8200,35.15,D
sz002756,永兴材料,2025-09-17 13:58:57,35.15,9500,35.14,U
sz002756,永兴材料,2025-09-17 13:59:03,35.16,33900,35.15,U
sz002756,永兴材料,2025-09-17 13:59:48,35.16,6400,35.16,D
sz002756,永兴材料,2025-09-17 14:00:48,35.15,9800,35.16,D
sz002756,永兴材料,2025-09-17 14:01:36,35.15,6900,35.14,U
sz002756,永兴材料,2025-09-17 14:01:39,35.17,34900,35.15,U
sz002756,永兴材料,2025-09-17 14:02:03,35.17,11100,35.17,U
sz002756,永兴材料,2025-09-17 14:02:48,35.17,13100,35.18,D
sz002756,永兴材料,2025-09-17 14:09:06,35.11,12500,35.09,U
sz002756,永兴材料,2025-09-17 14:12:06,35.1,6000,35.11,D
sz002756,永兴材料,2025-09-17 14:15:15,35.1,12200,35.09,U
sz002756,永兴材料,2025-09-17 14:20:15,35.08,20100,35.09,D
sz002756,永兴材料,2025-09-17 14:23:57,35.1,10400,35.1,U
sz002756,永兴材料,2025-09-17 14:24:09,35.11,16990,35.11,U
sz002756,永兴材料,2025-09-17 14:25:06,35.13,8100,35.11,U
sz002756,永兴材料,2025-09-17 14:25:24,35.13,6000,35.13,U
sz002756,永兴材料,2025-09-17 14:28:36,35.09,11600,35.11,D
sz002756,永兴材料,2025-09-17 14:28:42,35.09,7300,35.12,D
sz002756,永兴材料,2025-09-17 14:31:00,35.08,8000,35.1,D
sz002756,永兴材料,2025-09-17 14:32:24,35.11,16200,35.1,U
sz002756,永兴材料,2025-09-17 14:32:42,35.09,20600,35.09,D
sz002756,永兴材料,2025-09-17 14:34:09,35.08,11100,35.1,D
sz002756,永兴材料,2025-09-17 14:35:06,35.08,7000,35.1,D
sz002756,永兴材料,2025-09-17 14:35:12,35.1,9200,35.1,U
sz002756,永兴材料,2025-09-17 14:35:30,35.11,9300,35.11,U
sz002756,永兴材料,2025-09-17 14:36:36,35.1,10800,35.09,U
sz002756,永兴材料,2025-09-17 14:36:48,35.08,24800,35.09,D
sz002756,永兴材料,2025-09-17 14:37:51,35.08,6300,35.07,U
sz002756,永兴材料,2025-09-17 14:41:06,35.09,9200,35.09,U
sz002756,永兴材料,2025-09-17 14:41:18,35.11,72600,35.1,U
sz002756,永兴材料,2025-09-17 14:42:09,35.14,9800,35.13,U
sz002756,永兴材料,2025-09-17 14:44:57,35.14,10700,35.13,U
sz002756,永兴材料,2025-09-17 14:45:03,35.14,10900,35.14,U
sz002756,永兴材料,2025-09-17 14:45:45,35.15,14500,35.14,U
sz002756,永兴材料,2025-09-17 14:46:12,35.15,13820,35.15,U
sz002756,永兴材料,2025-09-17 14:47:27,35.16,43900,35.15,U
sz002756,永兴材料,2025-09-17 14:47:30,35.16,5700,35.16,U
sz002756,永兴材料,2025-09-17 14:47:57,35.18,10200,35.17,U
sz002756,永兴材料,2025-09-17 14:49:03,35.16,6900,35.16,D
sz002756,永兴材料,2025-09-17 14:49:12,35.15,5800,35.16,D
sz002756,永兴材料,2025-09-17 14:51:03,35.15,27490,35.16,D
sz002756,永兴材料,2025-09-17 14:51:18,35.14,5800,35.15,D
sz002756,永兴材料,2025-09-17 14:52:12,35.15,6200,35.14,U
sz002756,永兴材料,2025-09-17 14:52:39,35.14,9000,35.14,D
sz002756,永兴材料,2025-09-17 14:52:51,35.15,24800,35.15,U
sz002756,永兴材料,2025-09-17 14:52:54,35.15,11200,35.15,U
sz002756,永兴材料,2025-09-17 14:53:00,35.16,8200,35.16,U
sz002756,永兴材料,2025-09-17 14:53:09,35.15,6100,35.16,D
sz002756,永兴材料,2025-09-17 14:53:54,35.15,15500,35.16,D
sz002756,永兴材料,2025-09-17 14:54:09,35.15,10100,35.15,U
sz002756,永兴材料,2025-09-17 14:54:27,35.15,7300,35.14,U
sz002756,永兴材料,2025-09-17 14:54:54,35.15,10400,35.15,U
sz002756,永兴材料,2025-09-17 14:55:18,35.15,20900,35.15,D
sz002756,永兴材料,2025-09-17 14:55:51,35.15,9300,35.14,U
sz002756,永兴材料,2025-09-17 14:56:06,35.15,6900,35.14,U
sz002756,永兴材料,2025-09-17 14:56:54,35.16,8000,35.16,U
sz002756,永兴材料,2025-09-17 15:00:00,35.16,118500,35.16,E
