symbol,name,ticktime,price,volume,prev_price,kind
sz002756,永兴材料,2025-10-15 09:25:00,38.59,60900,0.0,D
sz002756,永兴材料,2025-10-15 09:30:00,38.57,60900,38.59,D
sz002756,永兴材料,2025-10-15 09:30:03,38.5,21500,38.57,D
sz002756,永兴材料,2025-10-15 09:30:06,38.48,9200,38.5,D
sz002756,永兴材料,2025-10-15 09:30:09,38.48,5400,38.48,D
sz002756,永兴材料,2025-10-15 09:30:12,38.5,13000,38.48,U
sz002756,永兴材料,2025-10-15 09:30:15,38.52,15800,38.5,U
sz002756,永兴材料,2025-10-15 09:30:18,38.53,9700,38.52,E
sz002756,永兴材料,2025-10-15 09:30:24,38.54,12100,38.56,E
sz002756,永兴材料,2025-10-15 09:30:27,38.55,18700,38.54,E
sz002756,永兴材料,2025-10-15 09:30:30,38.55,6100,38.55,U
sz002756,永兴材料,2025-10-15 09:30:33,38.55,6700,38.55,D
sz002756,永兴材料,2025-10-15 09:30:36,38.55,28100,38.55,U
sz002756,永兴材料,2025-10-15 09:30:39,38.57,29500,38.55,U
sz002756,永兴材料,2025-10-15 09:30:42,38.55,10100,38.57,D
sz002756,永兴材料,2025-10-15 09:30:45,38.51,9300,38.55,D
sz002756,永兴材料,2025-10-15 09:30:48,38.45,12200,38.51,E
sz002756,永兴材料,2025-10-15 09:30:54,38.48,8500,38.46,U
sz002756,永兴材料,2025-10-15 09:30:57,38.45,12800,38.48,E
sz002756,永兴材料,2025-10-15 09:31:09,38.47,8600,38.4,U
sz002756,永兴材料,2025-10-15 09:31:12,38.48,6800,38.47,U
sz002756,永兴材料,2025-10-15 09:31:21,38.5,5800,38.47,U
sz002756,永兴材料,2025-10-15 09:31:33,38.37,8600,38.42,D
sz002756,永兴材料,2025-10-15 09:31:36,38.37,7700,38.37,U
sz002756,永兴材料,2025-10-15 09:31:42,38.35,8300,38.35,U
sz002756,永兴材料,2025-10-15 09:31:48,38.32,21100,38.35,D
sz002756,永兴材料,2025-10-15 09:31:51,38.28,5700,38.32,D
sz002756,永兴材料,2025-10-15 09:32:00,38.25,6100,38.27,E
sz002756,永兴材料,2025-10-15 09:32:09,38.23,11400,38.23,U
sz002756,永兴材料,2025-10-15 09:32:12,38.23,64300,38.23,D
sz002756,永兴材料,2025-10-15 09:32:18,38.21,8700,38.22,D
sz002756,永兴材料,2025-10-15 09:32:27,38.2,16100,38.22,D
sz002756,永兴材料,2025-10-15 09:32:33,38.15,7100,38.19,D
sz002756,永兴材料,2025-10-15 09:32:45,38.11,6100,38.1,E
sz002756,永兴材料,2025-10-15 09:32:48,38.11,6700,38.11,U
sz002756,永兴材料,2025-10-15 09:32:51,38.08,8800,38.11,D
sz002756,永兴材料,2025-10-15 09:32:54,38.11,7600,38.08,U
sz002756,永兴材料,2025-10-15 09:32:57,38.13,13800,38.11,U
sz002756,永兴材料,2025-10-15 09:33:00,38.12,9500,38.13,E
sz002756,永兴材料,2025-10-15 09:33:03,38.14,24600,38.12,U
sz002756,永兴材料,2025-10-15 09:33:06,38.14,10400,38.14,E
sz002756,永兴材料,2025-10-15 09:33:18,38.17,20100,38.2,U
sz002756,永兴材料,2025-10-15 09:33:33,38.16,6600,38.16,U
sz002756,永兴材料,2025-10-15 09:33:42,38.1,5500,38.15,D
sz002756,永兴材料,2025-10-15 09:33:45,38.1,11000,38.1,D
sz002756,永兴材料,2025-10-15 09:33:48,38.11,5800,38.1,U
sz002756,永兴材料,2025-10-15 09:33:51,38.08,6900,38.11,D
sz002756,永兴材料,2025-10-15 09:33:54,38.15,32201,38.08,U
sz002756,永兴材料,2025-10-15 09:34:00,38.18,24800,38.16,U
sz002756,永兴材料,2025-10-15 09:34:09,38.18,11600,38.18,U
sz002756,永兴材料,2025-10-15 09:34:18,38.2,9700,38.19,E
sz002756,永兴材料,2025-10-15 09:34:24,38.23,9100,38.21,U
sz002756,永兴材料,2025-10-15 09:34:27,38.21,5900,38.23,D
sz002756,永兴材料,2025-10-15 09:34:30,38.24,9900,38.21,U
sz002756,永兴材料,2025-10-15 09:34:45,38.18,22900,38.18,D
sz002756,永兴材料,2025-10-15 09:35:06,38.23,8300,38.2,U
sz002756,永兴材料,2025-10-15 09:35:18,38.28,11255,38.22,U
sz002756,永兴材料,2025-10-15 09:35:27,38.25,15100,38.27,D
sz002756,永兴材料,2025-10-15 09:35:30,38.25,13700,38.25,U
sz002756,永兴材料,2025-10-15 09:35:36,38.31,16700,38.2,U
sz002756,永兴材料,2025-10-15 09:35:45,38.23,11900,38.23,U
sz002756,永兴材料,2025-10-15 09:36:09,38.3,9700,38.26,U
sz002756,永兴材料,2025-10-15 09:36:15,38.29,11100,38.3,E
sz002756,永兴材料,2025-10-15 09:36:27,38.28,5700,38.3,D
sz002756,永兴材料,2025-10-15 09:36:39,38.27,6500,38.28,D
sz002756,永兴材料,2025-10-15 09:36:42,38.25,6100,38.27,D
sz002756,永兴材料,2025-10-15 09:37:00,38.16,37500,38.25,D
sz002756,永兴材料,2025-10-15 09:37:03,38.17,5700,38.16,E
sz002756,永兴材料,2025-10-15 09:37:12,38.18,11300,38.19,D
sz002756,永兴材料,2025-10-15 09:37:21,38.16,7000,38.12,U
sz002756,永兴材料,2025-10-15 09:37:36,38.16,14500,38.15,U
sz002756,永兴材料,2025-10-15 09:37:45,38.21,9700,38.2,U
sz002756,永兴材料,2025-10-15 09:38:06,38.19,8400,38.17,U
sz002756,永兴材料,2025-10-15 09:38:09,38.19,7100,38.19,U
sz002756,永兴材料,2025-10-15 09:38:33,38.19,9300,38.16,U
sz002756,永兴材料,2025-10-15 09:39:00,38.21,25400,38.16,U
sz002756,永兴材料,2025-10-15 09:39:24,38.19,7600,38.19,U
sz002756,永兴材料,2025-10-15 09:39:36,38.21,9900,38.2,U
sz002756,永兴材料,2025-10-15 09:39:48,38.25,8400,38.23,U
sz002756,永兴材料,2025-10-15 09:39:54,38.26,10500,38.25,U
sz002756,永兴材料,2025-10-15 09:40:00,38.27,5500,38.27,U
sz002756,永兴材料,2025-10-15 09:40:09,38.3,5300,38.27,U
sz002756,永兴材料,2025-10-15 09:40:12,38.27,45740,38.3,D
sz002756,永兴材料,2025-10-15 09:40:18,38.35,11100,38.33,U
sz002756,永兴材料,2025-10-15 09:40:21,38.3,7000,38.35,D
sz002756,永兴材料,2025-10-15 09:40:24,38.24,24700,38.3,D
sz002756,永兴材料,2025-10-15 09:40:27,38.24,7400,38.24,D
sz002756,永兴材料,2025-10-15 09:40:33,38.28,5400,38.29,E
sz002756,永兴材料,2025-10-15 09:40:42,38.23,15300,38.26,D
sz002756,永兴材料,2025-10-15 09:40:57,38.23,12400,38.23,U
sz002756,永兴材料,2025-10-15 09:41:30,38.21,23800,38.21,D
sz002756,永兴材料,2025-10-15 09:41:57,38.19,7300,38.2,E
sz002756,永兴材料,2025-10-15 09:42:09,38.21,16100,38.19,U
sz002756,永兴材料,2025-10-15 09:42:36,38.18,16900,38.22,D
sz002756,永兴材料,2025-10-15 09:42:39,38.19,12600,38.18,U
sz002756,永兴材料,2025-10-15 09:42:48,38.19,6500,38.18,U
sz002756,永兴材料,2025-10-15 09:42:57,38.24,13700,38.19,U
sz002756,永兴材料,2025-10-15 09:43:00,38.24,5700,38.24,U
sz002756,永兴材料,2025-10-15 09:43:15,38.31,12100,38.29,U
sz002756,永兴材料,2025-10-15 09:43:30,38.39,10800,38.38,U
sz002756,永兴材料,2025-10-15 09:43:45,38.46,13600,38.45,U
sz002756,永兴材料,2025-10-15 09:43:51,38.47,80100,38.45,U
sz002756,永兴材料,2025-10-15 09:43:57,38.48,7700,38.47,U
sz002756,永兴材料,2025-10-15 09:44:03,38.5,9700,38.5,U
sz002756,永兴材料,2025-10-15 09:44:09,38.5,6200,38.5,U
sz002756,永兴材料,2025-10-15 09:44:12,38.5,5200,38.5,U
sz002756,永兴材料,2025-10-15 09:44:21,38.5,5500,38.5,U
sz002756,永兴材料,2025-10-15 09:44:27,38.54,21005,38.5,U
sz002756,永兴材料,2025-10-15 09:44:30,38.52,5200,38.54,D
sz002756,永兴材料,2025-10-15 09:44:42,38.53,5500,38.53,D
sz002756,永兴材料,2025-10-15 09:44:48,38.52,7800,38.52,U
sz002756,永兴材料,2025-10-15 09:44:51,38.49,23400,38.52,D
sz002756,永兴材料,2025-10-15 09:45:09,38.53,5400,38.53,U
sz002756,永兴材料,2025-10-15 09:45:21,38.52,10300,38.5,U
sz002756,永兴材料,2025-10-15 09:45:24,38.52,7200,38.52,U
sz002756,永兴材料,2025-10-15 09:45:30,38.52,7000,38.53,D
sz002756,永兴材料,2025-10-15 09:45:42,38.52,9900,38.53,D
sz002756,永兴材料,2025-10-15 09:46:00,38.5,20900,38.52,D
sz002756,永兴材料,2025-10-15 09:46:15,38.54,8100,38.55,D
sz002756,永兴材料,2025-10-15 09:46:18,38.48,14100,38.54,D
sz002756,永兴材料,2025-10-15 09:47:00,38.47,5700,38.47,U
sz002756,永兴材料,2025-10-15 09:47:06,38.46,8200,38.5,D
sz002756,永兴材料,2025-10-15 09:47:21,38.5,10600,38.49,U
sz002756,永兴材料,2025-10-15 09:47:24,38.54,8360,38.5,U
sz002756,永兴材料,2025-10-15 09:47:27,38.57,18160,38.54,U
sz002756,永兴材料,2025-10-15 09:47:39,38.58,8100,38.56,U
sz002756,永兴材料,2025-10-15 09:47:42,38.59,19600,38.58,U
sz002756,永兴材料,2025-10-15 09:48:03,38.53,29440,38.57,D
sz002756,永兴材料,2025-10-15 09:48:06,38.56,7700,38.53,U
sz002756,永兴材料,2025-10-15 09:48:09,38.59,18360,38.56,U
sz002756,永兴材料,2025-10-15 09:48:12,38.6,9400,38.59,E
sz002756,永兴材料,2025-10-15 09:48:24,38.68,25900,38.62,U
sz002756,永兴材料,2025-10-15 09:48:33,38.68,13600,38.67,U
sz002756,永兴材料,2025-10-15 09:48:36,38.7,13400,38.68,U
sz002756,永兴材料,2025-10-15 09:48:39,38.71,15200,38.7,U
sz002756,永兴材料,2025-10-15 09:48:45,38.72,6000,38.73,D
sz002756,永兴材料,2025-10-15 09:48:48,38.71,8400,38.72,D
sz002756,永兴材料,2025-10-15 09:48:51,38.71,5200,38.71,U
sz002756,永兴材料,2025-10-15 09:48:54,38.73,6400,38.71,U
sz002756,永兴材料,2025-10-15 09:49:03,38.66,34100,38.69,D
sz002756,永兴材料,2025-10-15 09:49:06,38.62,34700,38.66,D
sz002756,永兴材料,2025-10-15 09:49:09,38.65,6900,38.62,U
sz002756,永兴材料,2025-10-15 09:49:12,38.61,6900,38.65,D
sz002756,永兴材料,2025-10-15 09:49:15,38.6,15800,38.61,U
sz002756,永兴材料,2025-10-15 09:49:21,38.56,14500,38.6,D
sz002756,永兴材料,2025-10-15 09:49:39,38.48,9200,38.52,D
sz002756,永兴材料,2025-10-15 09:50:06,38.46,5500,38.44,U
sz002756,永兴材料,2025-10-15 09:50:12,38.45,19300,38.44,D
sz002756,永兴材料,2025-10-15 09:50:15,38.45,27800,38.45,D
sz002756,永兴材料,2025-10-15 09:50:18,38.48,27300,38.45,U
sz002756,永兴材料,2025-10-15 09:50:24,38.56,26400,38.46,U
sz002756,永兴材料,2025-10-15 09:50:30,38.62,28500,38.62,D
sz002756,永兴材料,2025-10-15 09:50:36,38.61,33400,38.63,D
sz002756,永兴材料,2025-10-15 09:50:48,38.6,7900,38.55,U
sz002756,永兴材料,2025-10-15 09:50:54,38.6,6000,38.55,U
sz002756,永兴材料,2025-10-15 09:51:09,38.61,59478,38.58,U
sz002756,永兴材料,2025-10-15 09:51:12,38.68,19100,38.61,U
sz002756,永兴材料,2025-10-15 09:51:21,38.75,46300,38.69,U
sz002756,永兴材料,2025-10-15 09:51:24,38.76,11900,38.75,U
sz002756,永兴材料,2025-10-15 09:51:36,38.77,9900,38.78,D
sz002756,永兴材料,2025-10-15 09:51:39,38.78,6000,38.77,U
sz002756,永兴材料,2025-10-15 09:51:51,38.73,14200,38.76,U
sz002756,永兴材料,2025-10-15 09:52:00,38.73,8300,38.73,U
sz002756,永兴材料,2025-10-15 09:52:03,38.71,6500,38.73,D
sz002756,永兴材料,2025-10-15 09:52:09,38.7,8100,38.7,D
sz002756,永兴材料,2025-10-15 09:52:12,38.67,14300,38.7,D
sz002756,永兴材料,2025-10-15 09:52:42,38.59,7100,38.57,U
sz002756,永兴材料,2025-10-15 09:52:45,38.56,35400,38.59,D
sz002756,永兴材料,2025-10-15 09:52:48,38.56,19400,38.56,D
sz002756,永兴材料,2025-10-15 09:53:00,38.48,6800,38.55,D
sz002756,永兴材料,2025-10-15 09:53:03,38.44,11600,38.48,D
sz002756,永兴材料,2025-10-15 09:53:24,38.41,17200,38.44,D
sz002756,永兴材料,2025-10-15 09:53:30,38.42,9900,38.43,D
sz002756,永兴材料,2025-10-15 09:53:33,38.41,9700,38.42,D
sz002756,永兴材料,2025-10-15 09:53:36,38.41,6000,38.41,U
sz002756,永兴材料,2025-10-15 09:53:54,38.4,5600,38.4,U
sz002756,永兴材料,2025-10-15 09:54:06,38.42,27800,38.38,U
sz002756,永兴材料,2025-10-15 09:54:12,38.39,16100,38.42,D
sz002756,永兴材料,2025-10-15 09:54:15,38.4,17400,38.39,U
sz002756,永兴材料,2025-10-15 09:54:27,38.43,13500,38.42,E
sz002756,永兴材料,2025-10-15 09:54:36,38.44,8700,38.42,U
sz002756,永兴材料,2025-10-15 09:54:42,38.46,27700,38.46,U
sz002756,永兴材料,2025-10-15 09:54:54,38.51,29000,38.54,E
sz002756,永兴材料,2025-10-15 09:56:12,38.4,6900,38.4,U
sz002756,永兴材料,2025-10-15 09:56:21,38.38,17700,38.4,D
sz002756,永兴材料,2025-10-15 09:56:30,38.39,8000,38.39,D
sz002756,永兴材料,2025-10-15 09:56:42,38.38,13400,38.4,D
sz002756,永兴材料,2025-10-15 09:56:45,38.37,43400,38.38,D
sz002756,永兴材料,2025-10-15 09:57:03,38.3,5300,38.33,D
sz002756,永兴材料,2025-10-15 09:57:39,38.25,11200,38.25,D
sz002756,永兴材料,2025-10-15 09:58:03,38.24,5300,38.24,D
sz002756,永兴材料,2025-10-15 09:58:12,38.24,13700,38.23,U
sz002756,永兴材料,2025-10-15 09:58:24,38.21,10200,38.24,D
sz002756,永兴材料,2025-10-15 09:58:45,38.2,12100,38.22,D
sz002756,永兴材料,2025-10-15 09:58:48,38.16,10200,38.2,D
sz002756,永兴材料,2025-10-15 09:58:51,38.15,7100,38.16,D
sz002756,永兴材料,2025-10-15 09:59:00,38.17,7700,38.17,U
sz002756,永兴材料,2025-10-15 09:59:03,38.18,5300,38.17,E
sz002756,永兴材料,2025-10-15 09:59:09,38.23,9900,38.21,U
sz002756,永兴材料,2025-10-15 09:59:18,38.28,17000,38.24,U
sz002756,永兴材料,2025-10-15 09:59:51,38.32,20400,38.29,U
sz002756,永兴材料,2025-10-15 10:00:30,38.26,15400,38.28,D
sz002756,永兴材料,2025-10-15 10:00:45,38.25,10800,38.26,D
sz002756,永兴材料,2025-10-15 10:01:09,38.24,6000,38.24,U
sz002756,永兴材料,2025-10-15 10:01:54,38.13,48300,38.2,D
sz002756,永兴材料,2025-10-15 10:02:06,38.17,11800,38.14,U
sz002756,永兴材料,2025-10-15 10:02:15,38.22,22800,38.18,U
sz002756,永兴材料,2025-10-15 10:02:33,38.23,21700,38.21,U
sz002756,永兴材料,2025-10-15 10:02:36,38.2,21500,38.23,D
sz002756,永兴材料,2025-10-15 10:02:51,38.22,5500,38.23,D
sz002756,永兴材料,2025-10-15 10:03:24,38.22,11200,38.21,U
sz002756,永兴材料,2025-10-15 10:03:27,38.26,19000,38.22,U
sz002756,永兴材料,2025-10-15 10:04:24,38.2,16700,38.2,D
sz002756,永兴材料,2025-10-15 10:04:36,38.19,6100,38.2,U
sz002756,永兴材料,2025-10-15 10:05:24,38.24,8200,38.22,U
sz002756,永兴材料,2025-10-15 10:05:27,38.23,7900,38.24,D
sz002756,永兴材料,2025-10-15 10:06:48,38.22,9000,38.22,D
sz002756,永兴材料,2025-10-15 10:06:51,38.17,9600,38.22,D
sz002756,永兴材料,2025-10-15 10:06:54,38.13,12900,38.17,D
sz002756,永兴材料,2025-10-15 10:07:18,38.16,8200,38.15,U
sz002756,永兴材料,2025-10-15 10:07:30,38.21,7000,38.17,U
sz002756,永兴材料,2025-10-15 10:08:00,38.22,7300,38.22,U
sz002756,永兴材料,2025-10-15 10:08:03,38.24,23000,38.22,U
sz002756,永兴材料,2025-10-15 10:09:00,38.27,6900,38.27,U
sz002756,永兴材料,2025-10-15 10:09:03,38.3,7700,38.27,U
sz002756,永兴材料,2025-10-15 10:09:39,38.31,5800,38.31,U
sz002756,永兴材料,2025-10-15 10:10:18,38.4,6000,38.39,U
sz002756,永兴材料,2025-10-15 10:10:45,38.4,8000,38.4,U
sz002756,永兴材料,2025-10-15 10:11:03,38.39,7000,38.43,D
sz002756,永兴材料,2025-10-15 10:12:12,38.35,7900,38.37,D
sz002756,永兴材料,2025-10-15 10:12:15,38.35,5600,38.35,D
sz002756,永兴材料,2025-10-15 10:12:36,38.36,7000,38.33,U
sz002756,永兴材料,2025-10-15 10:13:00,38.33,10300,38.35,D
sz002756,永兴材料,2025-10-15 10:13:27,38.38,9900,38.36,U
sz002756,永兴材料,2025-10-15 10:13:30,38.34,5700,38.38,D
sz002756,永兴材料,2025-10-15 10:15:33,38.3,6000,38.31,D
sz002756,永兴材料,2025-10-15 10:16:12,38.35,14300,38.31,U
sz002756,永兴材料,2025-10-15 10:17:15,38.38,12330,38.36,U
sz002756,永兴材料,2025-10-15 10:17:33,38.37,15700,38.36,U
sz002756,永兴材料,2025-10-15 10:18:36,38.29,14900,38.33,D
sz002756,永兴材料,2025-10-15 10:18:57,38.23,15600,38.25,D
sz002756,永兴材料,2025-10-15 10:19:30,38.27,6700,38.28,D
sz002756,永兴材料,2025-10-15 10:21:06,38.15,13600,38.18,D
sz002756,永兴材料,2025-10-15 10:21:24,38.13,5400,38.13,D
sz002756,永兴材料,2025-10-15 10:21:48,38.06,57400,38.12,D
sz002756,永兴材料,2025-10-15 10:21:51,38.06,8300,38.06,D
sz002756,永兴材料,2025-10-15 10:21:54,38.04,5700,38.06,D
sz002756,永兴材料,2025-10-15 10:21:57,38.08,5800,38.04,U
sz002756,永兴材料,2025-10-15 10:22:00,38.13,16700,38.08,U
sz002756,永兴材料,2025-10-15 10:22:03,38.15,9000,38.13,U
sz002756,永兴材料,2025-10-15 10:22:15,38.18,12100,38.17,E
sz002756,永兴材料,2025-10-15 10:22:48,38.15,15100,38.15,U
sz002756,永兴材料,2025-10-15 10:23:27,38.11,6400,38.08,U
sz002756,永兴材料,2025-10-15 10:24:06,38.08,5500,38.08,D
sz002756,永兴材料,2025-10-15 10:24:51,38.06,6500,38.08,D
sz002756,永兴材料,2025-10-15 10:25:03,38.1,57520,38.04,U
sz002756,永兴材料,2025-10-15 10:25:09,38.15,43600,38.1,U
sz002756,永兴材料,2025-10-15 10:25:21,38.15,12300,38.15,U
sz002756,永兴材料,2025-10-15 10:26:15,38.08,7700,38.09,D
sz002756,永兴材料,2025-10-15 10:26:21,38.09,7400,38.08,U
sz002756,永兴材料,2025-10-15 10:26:24,38.08,6100,38.09,D
sz002756,永兴材料,2025-10-15 10:26:27,38.09,22300,38.08,U
sz002756,永兴材料,2025-10-15 10:26:30,38.09,8400,38.09,U
sz002756,永兴材料,2025-10-15 10:26:36,38.09,17100,38.09,U
sz002756,永兴材料,2025-10-15 10:26:57,38.11,8200,38.12,D
sz002756,永兴材料,2025-10-15 10:27:18,38.08,12400,38.09,D
sz002756,永兴材料,2025-10-15 10:27:42,38.06,11200,38.07,D
sz002756,永兴材料,2025-10-15 10:28:00,38.05,8700,38.05,D
sz002756,永兴材料,2025-10-15 10:28:15,38.04,6200,38.05,D
sz002756,永兴材料,2025-10-15 10:28:33,38.03,7600,38.03,D
sz002756,永兴材料,2025-10-15 10:28:54,38.07,18400,38.03,U
sz002756,永兴材料,2025-10-15 10:29:24,38.08,5300,38.07,U
sz002756,永兴材料,2025-10-15 10:29:30,38.03,15800,38.08,D
sz002756,永兴材料,2025-10-15 10:29:33,38.11,34300,38.03,U
sz002756,永兴材料,2025-10-15 10:29:48,38.03,12000,38.08,D
sz002756,永兴材料,2025-10-15 10:29:57,38.09,5500,38.09,U
sz002756,永兴材料,2025-10-15 10:30:21,38.07,6100,38.07,U
sz002756,永兴材料,2025-10-15 10:30:27,38.0,6000,38.07,D
sz002756,永兴材料,2025-10-15 10:30:33,38.0,27600,38.04,D
sz002756,永兴材料,2025-10-15 10:30:42,38.03,17300,38.01,U
sz002756,永兴材料,2025-10-15 10:31:24,38.0,12700,38.05,D
sz002756,永兴材料,2025-10-15 10:31:30,38.0,7300,38.0,U
sz002756,永兴材料,2025-10-15 10:31:33,38.0,7800,38.0,D
sz002756,永兴材料,2025-10-15 10:32:09,38.0,5600,37.98,U
sz002756,永兴材料,2025-10-15 10:33:00,37.96,10500,37.95,U
sz002756,永兴材料,2025-10-15 10:33:06,37.95,5800,37.95,D
sz002756,永兴材料,2025-10-15 10:33:30,37.9,23300,37.94,D
sz002756,永兴材料,2025-10-15 10:33:36,37.9,8500,37.9,U
sz002756,永兴材料,2025-10-15 10:33:48,37.88,9300,37.88,U
sz002756,永兴材料,2025-10-15 10:34:00,37.87,5400,37.87,U
sz002756,永兴材料,2025-10-15 10:34:03,37.86,5700,37.87,D
sz002756,永兴材料,2025-10-15 10:34:09,37.86,12100,37.85,U
sz002756,永兴材料,2025-10-15 10:34:15,37.85,5700,37.86,D
sz002756,永兴材料,2025-10-15 10:34:27,37.83,12600,37.84,D
sz002756,永兴材料,2025-10-15 10:34:33,37.84,8600,37.84,D
sz002756,永兴材料,2025-10-15 10:34:51,37.84,6800,37.84,D
sz002756,永兴材料,2025-10-15 10:35:03,37.81,6100,37.82,D
sz002756,永兴材料,2025-10-15 10:35:12,37.81,7100,37.81,D
sz002756,永兴材料,2025-10-15 10:35:15,37.8,25300,37.81,D
sz002756,永兴材料,2025-10-15 10:35:36,37.78,19200,37.78,U
sz002756,永兴材料,2025-10-15 10:35:45,37.78,11800,37.78,D
sz002756,永兴材料,2025-10-15 10:35:48,37.78,15300,37.78,D
sz002756,永兴材料,2025-10-15 10:35:57,37.77,12500,37.78,D
sz002756,永兴材料,2025-10-15 10:36:12,37.83,21100,37.8,U
sz002756,永兴材料,2025-10-15 10:36:51,37.8,7100,37.79,U
sz002756,永兴材料,2025-10-15 10:37:18,37.77,20100,37.77,U
sz002756,永兴材料,2025-10-15 10:37:27,37.78,26900,37.78,D
sz002756,永兴材料,2025-10-15 10:38:03,37.77,7200,37.77,U
sz002756,永兴材料,2025-10-15 10:38:09,37.77,13200,37.77,U
sz002756,永兴材料,2025-10-15 10:38:12,37.77,12500,37.77,U
sz002756,永兴材料,2025-10-15 10:38:18,37.77,8000,37.77,D
sz002756,永兴材料,2025-10-15 10:39:24,37.7,6300,37.72,D
sz002756,永兴材料,2025-10-15 10:39:30,37.7,7400,37.7,D
sz002756,永兴材料,2025-10-15 10:39:36,37.71,6100,37.71,U
sz002756,永兴材料,2025-10-15 10:39:54,37.68,5400,37.67,D
sz002756,永兴材料,2025-10-15 10:40:15,37.69,17400,37.69,U
sz002756,永兴材料,2025-10-15 10:40:18,37.73,34000,37.69,U
sz002756,永兴材料,2025-10-15 10:40:33,37.73,10700,37.73,U
sz002756,永兴材料,2025-10-15 10:41:18,37.68,7000,37.69,D
sz002756,永兴材料,2025-10-15 10:41:39,37.68,8800,37.68,D
sz002756,永兴材料,2025-10-15 10:41:45,37.68,8500,37.68,D
sz002756,永兴材料,2025-10-15 10:41:54,37.67,7900,37.67,U
sz002756,永兴材料,2025-10-15 10:42:06,37.65,6000,37.66,D
sz002756,永兴材料,2025-10-15 10:42:09,37.65,9900,37.65,D
sz002756,永兴材料,2025-10-15 10:42:12,37.68,11700,37.65,U
sz002756,永兴材料,2025-10-15 10:42:15,37.68,17300,37.68,U
sz002756,永兴材料,2025-10-15 10:42:27,37.66,7400,37.68,D
sz002756,永兴材料,2025-10-15 10:42:30,37.66,7000,37.66,U
sz002756,永兴材料,2025-10-15 10:42:42,37.66,10100,37.66,E
sz002756,永兴材料,2025-10-15 10:42:54,37.66,12400,37.68,D
sz002756,永兴材料,2025-10-15 10:43:09,37.68,9600,37.66,U
sz002756,永兴材料,2025-10-15 10:44:06,37.63,20900,37.66,D
sz002756,永兴材料,2025-10-15 10:44:12,37.63,7100,37.66,D
sz002756,永兴材料,2025-10-15 10:44:30,37.66,7200,37.65,U
sz002756,永兴材料,2025-10-15 10:44:36,37.68,18400,37.66,U
sz002756,永兴材料,2025-10-15 10:44:39,37.67,7300,37.68,D
sz002756,永兴材料,2025-10-15 10:44:54,37.7,20800,37.66,U
sz002756,永兴材料,2025-10-15 10:46:33,37.68,12200,37.69,D
sz002756,永兴材料,2025-10-15 10:47:03,37.62,31000,37.64,D
sz002756,永兴材料,2025-10-15 10:47:09,37.57,19700,37.61,D
sz002756,永兴材料,2025-10-15 10:47:12,37.59,5900,37.57,D
sz002756,永兴材料,2025-10-15 10:47:18,37.57,12700,37.6,D
sz002756,永兴材料,2025-10-15 10:47:24,37.57,10500,37.58,D
sz002756,永兴材料,2025-10-15 10:47:45,37.55,5400,37.54,E
sz002756,永兴材料,2025-10-15 10:47:51,37.56,6600,37.54,U
sz002756,永兴材料,2025-10-15 10:47:54,37.58,7300,37.56,U
sz002756,永兴材料,2025-10-15 10:48:06,37.58,14900,37.58,D
sz002756,永兴材料,2025-10-15 10:48:09,37.58,7200,37.58,U
sz002756,永兴材料,2025-10-15 10:48:12,37.66,19000,37.58,U
sz002756,永兴材料,2025-10-15 10:48:39,37.63,10000,37.66,D
sz002756,永兴材料,2025-10-15 10:48:48,37.65,5800,37.62,E
sz002756,永兴材料,2025-10-15 10:49:57,37.6,13300,37.61,D
sz002756,永兴材料,2025-10-15 10:50:42,37.59,11300,37.6,D
sz002756,永兴材料,2025-10-15 10:52:42,37.58,10040,37.6,D
sz002756,永兴材料,2025-10-15 10:53:21,37.6,6000,37.58,U
sz002756,永兴材料,2025-10-15 10:54:03,37.63,8760,37.6,U
sz002756,永兴材料,2025-10-15 10:54:39,37.66,5750,37.63,U
sz002756,永兴材料,2025-10-15 10:54:54,37.62,12700,37.65,D
sz002756,永兴材料,2025-10-15 10:55:54,37.66,10800,37.6,U
sz002756,永兴材料,2025-10-15 10:56:21,37.59,5600,37.6,D
sz002756,永兴材料,2025-10-15 10:56:48,37.6,31700,37.59,U
sz002756,永兴材料,2025-10-15 10:57:15,37.58,7000,37.59,D
sz002756,永兴材料,2025-10-15 10:57:27,37.56,12700,37.57,D
sz002756,永兴材料,2025-10-15 10:57:33,37.54,11100,37.56,D
sz002756,永兴材料,2025-10-15 10:57:45,37.55,7300,37.55,D
sz002756,永兴材料,2025-10-15 10:58:21,37.54,27000,37.54,U
sz002756,永兴材料,2025-10-15 10:58:24,37.51,10600,37.54,D
sz002756,永兴材料,2025-10-15 10:58:57,37.53,5600,37.52,U
sz002756,永兴材料,2025-10-15 11:00:00,37.58,11260,37.56,U
sz002756,永兴材料,2025-10-15 11:02:36,37.58,6100,37.54,U
sz002756,永兴材料,2025-10-15 11:04:12,37.62,12600,37.58,U
sz002756,永兴材料,2025-10-15 11:07:42,37.65,32100,37.64,U
sz002756,永兴材料,2025-10-15 11:07:45,37.62,9700,37.65,E
sz002756,永兴材料,2025-10-15 11:08:39,37.58,7200,37.57,D
sz002756,永兴材料,2025-10-15 11:12:03,37.63,8200,37.64,D
sz002756,永兴材料,2025-10-15 11:13:48,37.52,17100,37.54,D
sz002756,永兴材料,2025-10-15 11:13:51,37.51,5400,37.52,D
sz002756,永兴材料,2025-10-15 11:13:54,37.51,9400,37.51,D
sz002756,永兴材料,2025-10-15 11:14:00,37.52,7700,37.51,U
sz002756,永兴材料,2025-10-15 11:14:15,37.51,5900,37.51,D
sz002756,永兴材料,2025-10-15 11:14:21,37.53,14500,37.51,U
sz002756,永兴材料,2025-10-15 11:14:24,37.5,6900,37.53,D
sz002756,永兴材料,2025-10-15 11:14:33,37.53,29500,37.52,U
sz002756,永兴材料,2025-10-15 11:14:45,37.5,15700,37.56,D
sz002756,永兴材料,2025-10-15 11:14:48,37.5,11900,37.5,D
sz002756,永兴材料,2025-10-15 11:14:51,37.5,46700,37.5,U
sz002756,永兴材料,2025-10-15 11:14:57,37.5,9500,37.5,D
sz002756,永兴材料,2025-10-15 11:15:09,37.49,8300,37.5,D
sz002756,永兴材料,2025-10-15 11:15:15,37.48,8100,37.5,D
sz002756,永兴材料,2025-10-15 11:15:39,37.45,5700,37.47,D
sz002756,永兴材料,2025-10-15 11:16:12,37.44,11300,37.43,U
sz002756,永兴材料,2025-10-15 11:16:15,37.45,7700,37.44,U
sz002756,永兴材料,2025-10-15 11:16:21,37.42,7300,37.43,D
sz002756,永兴材料,2025-10-15 11:16:39,37.41,7000,37.42,D
sz002756,永兴材料,2025-10-15 11:17:45,37.43,5400,37.44,D
sz002756,永兴材料,2025-10-15 11:17:57,37.43,7200,37.45,D
sz002756,永兴材料,2025-10-15 11:18:00,37.36,59900,37.43,D
sz002756,永兴材料,2025-10-15 11:18:03,37.38,158100,37.36,U
sz002756,永兴材料,2025-10-15 11:18:09,37.38,8300,37.38,U
sz002756,永兴材料,2025-10-15 11:18:45,37.32,8300,37.34,D
sz002756,永兴材料,2025-10-15 11:18:51,37.31,6800,37.34,D
sz002756,永兴材料,2025-10-15 11:19:06,37.3,39464,37.31,D
sz002756,永兴材料,2025-10-15 11:19:09,37.36,13800,37.3,D
sz002756,永兴材料,2025-10-15 11:19:12,37.36,8000,37.36,U
sz002756,永兴材料,2025-10-15 11:19:21,37.38,8300,37.36,U
sz002756,永兴材料,2025-10-15 11:19:24,37.41,309700,37.38,U
sz002756,永兴材料,2025-10-15 11:19:27,37.45,13000,37.41,U
sz002756,永兴材料,2025-10-15 11:19:33,37.46,18600,37.45,U
sz002756,永兴材料,2025-10-15 11:20:24,37.5,11000,37.5,U
sz002756,永兴材料,2025-10-15 11:20:27,37.48,9900,37.5,D
sz002756,永兴材料,2025-10-15 11:21:09,37.45,5500,37.45,U
sz002756,永兴材料,2025-10-15 11:21:36,37.41,5700,37.41,U
sz002756,永兴材料,2025-10-15 11:21:45,37.43,6900,37.42,U
sz002756,永兴材料,2025-10-15 11:23:03,37.38,6300,37.39,D
sz002756,永兴材料,2025-10-15 11:23:39,37.42,31700,37.39,U
sz002756,永兴材料,2025-10-15 11:23:51,37.44,7100,37.41,U
sz002756,永兴材料,2025-10-15 11:26:15,37.41,35500,37.41,U
sz002756,永兴材料,2025-10-15 11:27:06,37.42,5700,37.44,D
sz002756,永兴材料,2025-10-15 11:27:48,37.45,5800,37.45,U
sz002756,永兴材料,2025-10-15 11:28:03,37.44,7000,37.46,D
sz002756,永兴材料,2025-10-15 11:28:15,37.44,13400,37.44,U
sz002756,永兴材料,2025-10-15 11:29:45,37.42,6600,37.42,D
sz002756,永兴材料,2025-10-15 11:29:48,37.41,14400,37.42,D
sz002756,永兴材料,2025-10-15 11:29:51,37.39,6000,37.41,D
sz002756,永兴材料,2025-10-15 13:00:00,37.42,17700,37.39,U
sz002756,永兴材料,2025-10-15 13:00:03,37.41,18900,37.42,D
sz002756,永兴材料,2025-10-15 13:00:06,37.45,14600,37.41,U
sz002756,永兴材料,2025-10-15 13:00:12,37.4,38400,37.42,D
sz002756,永兴材料,2025-10-15 13:00:21,37.44,7700,37.41,U
sz002756,永兴材料,2025-10-15 13:01:36,37.48,7300,37.45,U
sz002756,永兴材料,2025-10-15 13:02:12,37.49,5500,37.47,U
sz002756,永兴材料,2025-10-15 13:02:18,37.5,5600,37.5,U
sz002756,永兴材料,2025-10-15 13:03:12,37.56,8500,37.56,U
sz002756,永兴材料,2025-10-15 13:04:21,37.61,6000,37.63,D
sz002756,永兴材料,2025-10-15 13:05:30,37.66,7500,37.63,U
sz002756,永兴材料,2025-10-15 13:05:36,37.7,15900,37.68,U
sz002756,永兴材料,2025-10-15 13:05:45,37.7,8500,37.67,U
sz002756,永兴材料,2025-10-15 13:07:00,37.66,14500,37.68,D
sz002756,永兴材料,2025-10-15 13:07:42,37.65,7000,37.66,D
sz002756,永兴材料,2025-10-15 13:08:12,37.66,8000,37.63,U
sz002756,永兴材料,2025-10-15 13:09:39,37.61,5600,37.63,D
sz002756,永兴材料,2025-10-15 13:10:00,37.6,6100,37.62,D
sz002756,永兴材料,2025-10-15 13:12:48,37.54,7700,37.57,D
sz002756,永兴材料,2025-10-15 13:13:54,37.59,10500,37.63,D
sz002756,永兴材料,2025-10-15 13:15:00,37.65,11700,37.65,U
sz002756,永兴材料,2025-10-15 13:15:21,37.66,8300,37.66,D
sz002756,永兴材料,2025-10-15 13:15:57,37.66,6400,37.67,D
sz002756,永兴材料,2025-10-15 13:16:15,37.67,5900,37.66,U
sz002756,永兴材料,2025-10-15 13:17:21,37.68,9600,37.7,D
sz002756,永兴材料,2025-10-15 13:18:06,37.75,7900,37.75,U
sz002756,永兴材料,2025-10-15 13:18:39,37.71,6300,37.72,D
sz002756,永兴材料,2025-10-15 13:18:54,37.7,6000,37.73,D
sz002756,永兴材料,2025-10-15 13:19:03,37.66,15300,37.71,D
sz002756,永兴材料,2025-10-15 13:19:09,37.66,5500,37.68,D
sz002756,永兴材料,2025-10-15 13:23:00,37.76,6500,37.76,D
sz002756,永兴材料,2025-10-15 13:23:03,37.75,11300,37.76,D
sz002756,永兴材料,2025-10-15 13:23:24,37.7,6100,37.73,D
sz002756,永兴材料,2025-10-15 13:24:15,37.7,6000,37.7,D
sz002756,永兴材料,2025-10-15 13:25:42,37.65,7100,37.66,D
sz002756,永兴材料,2025-10-15 13:26:54,37.68,6900,37.66,U
sz002756,永兴材料,2025-10-15 13:26:57,37.67,6600,37.68,D
sz002756,永兴材料,2025-10-15 13:27:06,37.68,19200,37.68,U
sz002756,永兴材料,2025-10-15 13:29:06,37.73,7400,37.73,D
sz002756,永兴材料,2025-10-15 13:30:57,37.73,8700,37.76,D
sz002756,永兴材料,2025-10-15 13:31:00,37.74,13000,37.73,U
sz002756,永兴材料,2025-10-15 13:31:51,37.71,23700,37.69,U
sz002756,永兴材料,2025-10-15 13:32:30,37.71,36200,37.72,D
sz002756,永兴材料,2025-10-15 13:33:39,37.7,6000,37.73,D
sz002756,永兴材料,2025-10-15 13:35:42,37.65,11900,37.69,D
sz002756,永兴材料,2025-10-15 13:35:45,37.62,5800,37.65,D
sz002756,永兴材料,2025-10-15 13:36:09,37.68,6100,37.68,U
sz002756,永兴材料,2025-10-15 13:36:12,37.68,8400,37.68,D
sz002756,永兴材料,2025-10-15 13:36:24,37.7,9900,37.69,U
sz002756,永兴材料,2025-10-15 13:37:42,37.75,7300,37.75,U
sz002756,永兴材料,2025-10-15 13:37:48,37.75,22200,37.75,U
sz002756,永兴材料,2025-10-15 13:40:09,37.75,8600,37.75,U
sz002756,永兴材料,2025-10-15 13:40:12,37.75,11700,37.75,U
sz002756,永兴材料,2025-10-15 13:40:24,37.76,6900,37.75,U
sz002756,永兴材料,2025-10-15 13:41:33,37.75,12100,37.76,D
sz002756,永兴材料,2025-10-15 13:42:54,37.82,23100,37.77,U
sz002756,永兴材料,2025-10-15 13:43:03,37.79,9000,37.83,D
sz002756,永兴材料,2025-10-15 13:43:24,37.76,6900,37.75,E
sz002756,永兴材料,2025-10-15 13:43:27,37.72,5600,37.76,D
sz002756,永兴材料,2025-10-15 13:44:18,37.7,7600,37.7,U
sz002756,永兴材料,2025-10-15 13:45:57,37.68,6000,37.71,D
sz002756,永兴材料,2025-10-15 13:46:18,37.66,6900,37.69,D
sz002756,永兴材料,2025-10-15 13:49:03,37.65,26000,37.65,D
sz002756,永兴材料,2025-10-15 13:49:42,37.6,13200,37.61,D
sz002756,永兴材料,2025-10-15 13:50:00,37.6,13700,37.6,D
sz002756,永兴材料,2025-10-15 13:50:09,37.65,8400,37.65,U
sz002756,永兴材料,2025-10-15 13:57:21,37.74,15800,37.73,U
sz002756,永兴材料,2025-10-15 13:57:36,37.75,6500,37.76,D
sz002756,永兴材料,2025-10-15 13:57:39,37.79,14600,37.75,U
sz002756,永兴材料,2025-10-15 13:59:36,37.8,5700,37.81,D
sz002756,永兴材料,2025-10-15 14:00:51,37.74,8700,37.75,D
sz002756,永兴材料,2025-10-15 14:00:54,37.72,6100,37.74,D
sz002756,永兴材料,2025-10-15 14:05:06,37.82,16600,37.81,U
sz002756,永兴材料,2025-10-15 14:05:09,37.81,5600,37.82,D
sz002756,永兴材料,2025-10-15 14:05:48,37.81,6000,37.82,D
sz002756,永兴材料,2025-10-15 14:07:39,37.83,8900,37.82,U
sz002756,永兴材料,2025-10-15 14:09:39,37.84,5700,37.84,U
sz002756,永兴材料,2025-10-15 14:10:09,37.85,8900,37.85,U
sz002756,永兴材料,2025-10-15 14:10:18,37.85,5300,37.84,U
sz002756,永兴材料,2025-10-15 14:11:15,37.89,22400,37.87,U
sz002756,永兴材料,2025-10-15 14:11:36,37.9,16500,37.9,U
sz002756,永兴材料,2025-10-15 14:12:09,37.87,15100,37.91,D
sz002756,永兴材料,2025-10-15 14:15:30,37.83,5600,37.84,D
sz002756,永兴材料,2025-10-15 14:15:36,37.87,27900,37.83,U
sz002756,永兴材料,2025-10-15 14:16:03,37.88,8500,37.9,D
sz002756,永兴材料,2025-10-15 14:17:09,37.86,9800,37.85,U
sz002756,永兴材料,2025-10-15 14:24:36,37.87,9140,37.88,D
sz002756,永兴材料,2025-10-15 14:25:06,37.88,6600,37.85,U
sz002756,永兴材料,2025-10-15 14:25:24,37.85,5900,37.85,D
sz002756,永兴材料,2025-10-15 14:25:48,37.87,6400,37.85,U
sz002756,永兴材料,2025-10-15 14:26:21,37.9,5400,37.89,U
sz002756,永兴材料,2025-10-15 14:29:00,37.88,13800,37.93,D
sz002756,永兴材料,2025-10-15 14:29:30,37.86,18100,37.88,D
sz002756,永兴材料,2025-10-15 14:31:45,37.87,16300,37.89,D
sz002756,永兴材料,2025-10-15 14:31:51,37.86,21500,37.87,D
sz002756,永兴材料,2025-10-15 14:31:54,37.83,7400,37.86,D
sz002756,永兴材料,2025-10-15 14:32:39,37.85,10100,37.85,D
sz002756,永兴材料,2025-10-15 14:33:00,37.86,5900,37.84,U
sz002756,永兴材料,2025-10-15 14:33:03,37.84,6900,37.86,D
sz002756,永兴材料,2025-10-15 14:33:15,37.84,6000,37.84,U
sz002756,永兴材料,2025-10-15 14:33:21,37.82,5300,37.81,U
sz002756,永兴材料,2025-10-15 14:33:30,37.83,5700,37.83,D
sz002756,永兴材料,2025-10-15 14:33:33,37.83,5900,37.83,U
sz002756,永兴材料,2025-10-15 14:34:06,37.84,7200,37.81,U
sz002756,永兴材料,2025-10-15 14:37:03,37.81,5600,37.83,D
sz002756,永兴材料,2025-10-15 14:37:06,37.82,5500,37.81,U
sz002756,永兴材料,2025-10-15 14:38:15,37.81,8100,37.83,D
sz002756,永兴材料,2025-10-15 14:38:48,37.83,8500,37.82,U
sz002756,永兴材料,2025-10-15 14:38:51,37.83,6700,37.83,U
sz002756,永兴材料,2025-10-15 14:39:36,37.86,6400,37.87,D
sz002756,永兴材料,2025-10-15 14:40:03,37.83,5300,37.85,D
sz002756,永兴材料,2025-10-15 14:40:51,37.83,7200,37.83,U
sz002756,永兴材料,2025-10-15 14:41:18,37.84,13100,37.85,D
sz002756,永兴材料,2025-10-15 14:42:03,37.84,47100,37.84,U
sz002756,永兴材料,2025-10-15 14:43:03,37.84,7100,37.86,D
sz002756,永兴材料,2025-10-15 14:43:24,37.84,8800,37.85,D
sz002756,永兴材料,2025-10-15 14:43:33,37.85,19500,37.83,U
sz002756,永兴材料,2025-10-15 14:44:27,37.84,6500,37.83,E
sz002756,永兴材料,2025-10-15 14:44:30,37.82,5300,37.84,D
sz002756,永兴材料,2025-10-15 14:46:42,37.83,8600,37.84,D
sz002756,永兴材料,2025-10-15 14:47:03,37.83,7230,37.84,D
sz002756,永兴材料,2025-10-15 14:47:12,37.83,7470,37.84,D
sz002756,永兴材料,2025-10-15 14:47:27,37.86,8800,37.85,U
sz002756,永兴材料,2025-10-15 14:47:36,37.84,10200,37.86,D
sz002756,永兴材料,2025-10-15 14:47:42,37.84,6500,37.86,D
sz002756,永兴材料,2025-10-15 14:47:48,37.86,6100,37.85,U
sz002756,永兴材料,2025-10-15 14:48:12,37.82,13600,37.85,D
sz002756,永兴材料,2025-10-15 14:48:57,37.85,6000,37.84,U
sz002756,永兴材料,2025-10-15 14:49:03,37.84,6200,37.85,D
sz002756,永兴材料,2025-10-15 14:49:09,37.84,7500,37.84,E
sz002756,永兴材料,2025-10-15 14:49:12,37.85,21200,37.84,E
sz002756,永兴材料,2025-10-15 14:49:15,37.85,10600,37.85,U
sz002756,永兴材料,2025-10-15 14:50:03,37.83,5900,37.83,D
sz002756,永兴材料,2025-10-15 14:50:12,37.81,7300,37.82,D
sz002756,永兴材料,2025-10-15 14:50:15,37.84,14090,37.81,U
sz002756,永兴材料,2025-10-15 14:50:21,37.84,6300,37.81,U
sz002756,永兴材料,2025-10-15 14:50:54,37.84,5300,37.84,D
sz002756,永兴材料,2025-10-15 14:51:09,37.85,30800,37.84,U
sz002756,永兴材料,2025-10-15 14:51:12,37.83,10300,37.85,D
sz002756,永兴材料,2025-10-15 14:51:36,37.84,6100,37.85,E
sz002756,永兴材料,2025-10-15 14:53:09,37.9,30400,37.87,U
sz002756,永兴材料,2025-10-15 14:53:18,37.89,10000,37.87,U
sz002756,永兴材料,2025-10-15 14:53:33,37.87,9300,37.88,D
sz002756,永兴材料,2025-10-15 14:53:57,37.9,8100,37.88,U
sz002756,永兴材料,2025-10-15 14:54:12,37.88,5400,37.87,D
sz002756,永兴材料,2025-10-15 14:54:24,37.86,6400,37.87,D
sz002756,永兴材料,2025-10-15 14:54:33,37.86,8200,37.85,U
sz002756,永兴材料,2025-10-15 14:54:36,37.85,8000,37.86,D
sz002756,永兴材料,2025-10-15 14:56:30,37.86,7600,37.86,U
sz002756,永兴材料,2025-10-15 14:56:33,37.86,7100,37.86,D
sz002756,永兴材料,2025-10-15 15:00:00,37.88,45200,37.86,E
