symbol,name,ticktime,price,volume,prev_price,kind
sz002756,永兴材料,2025-09-30 09:25:00,36.35,99600,0.0,U
sz002756,永兴材料,2025-09-30 09:30:00,36.34,17300,36.35,E
sz002756,永兴材料,2025-09-30 09:30:03,36.36,62000,36.34,U
sz002756,永兴材料,2025-09-30 09:30:06,36.29,45600,36.36,D
sz002756,永兴材料,2025-09-30 09:30:12,36.19,17500,36.2,D
sz002756,永兴材料,2025-09-30 09:30:24,36.06,7500,36.1,D
sz002756,永兴材料,2025-09-30 09:30:27,36.06,9600,36.06,D
sz002756,永兴材料,2025-09-30 09:30:30,36.03,7000,36.06,D
sz002756,永兴材料,2025-09-30 09:30:33,36.05,16800,36.03,U
sz002756,永兴材料,2025-09-30 09:30:36,36.08,19800,36.05,U
sz002756,永兴材料,2025-09-30 09:30:39,36.11,11347,36.08,U
sz002756,永兴材料,2025-09-30 09:30:42,36.11,23400,36.11,D
sz002756,永兴材料,2025-09-30 09:30:48,36.15,6300,36.13,U
sz002756,永兴材料,2025-09-30 09:30:54,36.24,7500,36.2,U
sz002756,永兴材料,2025-09-30 09:30:57,36.27,12800,36.24,U
sz002756,永兴材料,2025-09-30 09:31:00,36.22,11500,36.27,E
sz002756,永兴材料,2025-09-30 09:31:09,36.19,9400,36.16,E
sz002756,永兴材料,2025-09-30 09:31:15,36.14,11600,36.13,D
sz002756,永兴材料,2025-09-30 09:31:24,36.17,12900,36.2,D
sz002756,永兴材料,2025-09-30 09:31:27,36.16,10800,36.17,D
sz002756,永兴材料,2025-09-30 09:31:33,36.16,13753,36.16,D
sz002756,永兴材料,2025-09-30 09:31:36,36.2,13400,36.16,U
sz002756,永兴材料,2025-09-30 09:31:51,36.24,13900,36.21,U
sz002756,永兴材料,2025-09-30 09:31:54,36.24,10300,36.24,U
sz002756,永兴材料,2025-09-30 09:31:57,36.29,8000,36.24,U
sz002756,永兴材料,2025-09-30 09:32:03,36.31,5900,36.29,U
sz002756,永兴材料,2025-09-30 09:32:06,36.36,7500,36.31,U
sz002756,永兴材料,2025-09-30 09:32:09,36.3,7500,36.36,D
sz002756,永兴材料,2025-09-30 09:32:15,36.31,11000,36.34,D
sz002756,永兴材料,2025-09-30 09:32:21,36.28,12800,36.3,D
sz002756,永兴材料,2025-09-30 09:32:24,36.3,8700,36.28,U
sz002756,永兴材料,2025-09-30 09:32:36,36.28,8100,36.28,U
sz002756,永兴材料,2025-09-30 09:32:45,36.3,23500,36.3,U
sz002756,永兴材料,2025-09-30 09:32:51,36.27,5800,36.29,D
sz002756,永兴材料,2025-09-30 09:32:57,36.27,15200,36.27,U
sz002756,永兴材料,2025-09-30 09:33:09,36.23,11400,36.23,D
sz002756,永兴材料,2025-09-30 09:33:12,36.27,12400,36.23,U
sz002756,永兴材料,2025-09-30 09:33:18,36.22,12900,36.23,D
sz002756,永兴材料,2025-09-30 09:33:39,36.22,7700,36.22,D
sz002756,永兴材料,2025-09-30 09:33:42,36.26,9200,36.22,U
sz002756,永兴材料,2025-09-30 09:34:03,36.26,10300,36.23,U
sz002756,永兴材料,2025-09-30 09:34:06,36.26,8800,36.26,U
sz002756,永兴材料,2025-09-30 09:34:12,36.26,9100,36.26,U
sz002756,永兴材料,2025-09-30 09:34:33,36.24,14000,36.22,U
sz002756,永兴材料,2025-09-30 09:34:45,36.27,8700,36.29,D
sz002756,永兴材料,2025-09-30 09:34:51,36.31,11300,36.28,U
sz002756,永兴材料,2025-09-30 09:35:12,36.35,5600,36.33,U
sz002756,永兴材料,2025-09-30 09:35:21,36.4,34800,36.39,U
sz002756,永兴材料,2025-09-30 09:35:24,36.37,6700,36.4,D
sz002756,永兴材料,2025-09-30 09:35:33,36.37,8100,36.43,D
sz002756,永兴材料,2025-09-30 09:35:42,36.38,7000,36.39,E
sz002756,永兴材料,2025-09-30 09:35:45,36.38,9900,36.38,D
sz002756,永兴材料,2025-09-30 09:35:48,36.35,6300,36.38,D
sz002756,永兴材料,2025-09-30 09:35:54,36.35,16491,36.35,D
sz002756,永兴材料,2025-09-30 09:36:03,36.37,9300,36.39,D
sz002756,永兴材料,2025-09-30 09:36:12,36.41,6000,36.36,U
sz002756,永兴材料,2025-09-30 09:36:15,36.44,8500,36.41,U
sz002756,永兴材料,2025-09-30 09:36:18,36.45,13600,36.44,U
sz002756,永兴材料,2025-09-30 09:36:27,36.47,5700,36.47,U
sz002756,永兴材料,2025-09-30 09:36:36,36.47,10800,36.48,D
sz002756,永兴材料,2025-09-30 09:36:39,36.46,55000,36.47,D
sz002756,永兴材料,2025-09-30 09:36:45,36.47,7900,36.46,U
sz002756,永兴材料,2025-09-30 09:36:48,36.49,16600,36.47,U
sz002756,永兴材料,2025-09-30 09:36:51,36.52,18100,36.49,U
sz002756,永兴材料,2025-09-30 09:36:54,36.55,7400,36.52,U
sz002756,永兴材料,2025-09-30 09:36:57,36.55,10400,36.55,U
sz002756,永兴材料,2025-09-30 09:37:12,36.55,7200,36.55,U
sz002756,永兴材料,2025-09-30 09:37:15,36.57,8900,36.55,U
sz002756,永兴材料,2025-09-30 09:37:18,36.53,10500,36.57,D
sz002756,永兴材料,2025-09-30 09:37:21,36.57,12100,36.53,U
sz002756,永兴材料,2025-09-30 09:37:24,36.57,7900,36.57,U
sz002756,永兴材料,2025-09-30 09:37:30,36.57,6700,36.58,D
sz002756,永兴材料,2025-09-30 09:37:36,36.58,5600,36.57,U
sz002756,永兴材料,2025-09-30 09:37:42,36.58,55000,36.59,D
sz002756,永兴材料,2025-09-30 09:37:45,36.57,6200,36.58,D
sz002756,永兴材料,2025-09-30 09:37:51,36.56,8900,36.58,E
sz002756,永兴材料,2025-09-30 09:37:54,36.59,7500,36.56,U
sz002756,永兴材料,2025-09-30 09:38:00,36.58,8260,36.56,E
sz002756,永兴材料,2025-09-30 09:38:03,36.6,26600,36.58,U
sz002756,永兴材料,2025-09-30 09:38:12,36.64,8800,36.62,D
sz002756,永兴材料,2025-09-30 09:38:15,36.67,8400,36.64,U
sz002756,永兴材料,2025-09-30 09:38:18,36.64,15800,36.67,E
sz002756,永兴材料,2025-09-30 09:38:21,36.64,5500,36.64,D
sz002756,永兴材料,2025-09-30 09:38:24,36.63,20900,36.64,D
sz002756,永兴材料,2025-09-30 09:38:27,36.67,9300,36.63,U
sz002756,永兴材料,2025-09-30 09:38:30,36.64,5600,36.67,E
sz002756,永兴材料,2025-09-30 09:38:33,36.68,7900,36.64,U
sz002756,永兴材料,2025-09-30 09:38:39,36.67,6800,36.67,U
sz002756,永兴材料,2025-09-30 09:38:42,36.65,9600,36.67,U
sz002756,永兴材料,2025-09-30 09:38:45,36.64,6400,36.65,D
sz002756,永兴材料,2025-09-30 09:38:48,36.64,13000,36.64,D
sz002756,永兴材料,2025-09-30 09:38:51,36.65,7600,36.64,U
sz002756,永兴材料,2025-09-30 09:38:54,36.61,12800,36.65,D
sz002756,永兴材料,2025-09-30 09:38:57,36.6,38600,36.61,D
sz002756,永兴材料,2025-09-30 09:39:00,36.64,7800,36.6,U
sz002756,永兴材料,2025-09-30 09:39:12,36.57,12300,36.62,E
sz002756,永兴材料,2025-09-30 09:39:24,36.52,8700,36.52,U
sz002756,永兴材料,2025-09-30 09:39:27,36.52,26200,36.52,E
sz002756,永兴材料,2025-09-30 09:39:30,36.51,5700,36.52,D
sz002756,永兴材料,2025-09-30 09:39:33,36.55,11100,36.51,U
sz002756,永兴材料,2025-09-30 09:39:36,36.57,10400,36.55,U
sz002756,永兴材料,2025-09-30 09:39:39,36.59,6000,36.57,U
sz002756,永兴材料,2025-09-30 09:39:48,36.57,9800,36.55,U
sz002756,永兴材料,2025-09-30 09:39:51,36.57,7100,36.57,D
sz002756,永兴材料,2025-09-30 09:39:54,36.57,10500,36.57,U
sz002756,永兴材料,2025-09-30 09:39:57,36.6,16200,36.57,U
sz002756,永兴材料,2025-09-30 09:40:00,36.62,5500,36.6,U
sz002756,永兴材料,2025-09-30 09:40:03,36.61,11200,36.62,D
sz002756,永兴材料,2025-09-30 09:40:27,36.6,5800,36.6,U
sz002756,永兴材料,2025-09-30 09:40:30,36.6,5900,36.6,U
sz002756,永兴材料,2025-09-30 09:40:33,36.6,6500,36.6,U
sz002756,永兴材料,2025-09-30 09:40:36,36.62,12500,36.6,U
sz002756,永兴材料,2025-09-30 09:40:45,36.6,53000,36.61,D
sz002756,永兴材料,2025-09-30 09:40:51,36.6,7200,36.6,D
sz002756,永兴材料,2025-09-30 09:40:54,36.64,13600,36.6,U
sz002756,永兴材料,2025-09-30 09:40:57,36.69,42100,36.64,U
sz002756,永兴材料,2025-09-30 09:41:00,36.68,16600,36.69,D
sz002756,永兴材料,2025-09-30 09:41:03,36.61,10100,36.68,D
sz002756,永兴材料,2025-09-30 09:41:06,36.68,30100,36.61,U
sz002756,永兴材料,2025-09-30 09:41:09,36.72,6100,36.68,U
sz002756,永兴材料,2025-09-30 09:41:15,36.72,6800,36.73,D
sz002756,永兴材料,2025-09-30 09:41:18,36.73,7300,36.72,U
sz002756,永兴材料,2025-09-30 09:41:21,36.74,36400,36.73,U
sz002756,永兴材料,2025-09-30 09:41:24,36.72,5500,36.74,E
sz002756,永兴材料,2025-09-30 09:41:27,36.71,8800,36.72,E
sz002756,永兴材料,2025-09-30 09:41:30,36.71,14800,36.71,U
sz002756,永兴材料,2025-09-30 09:41:33,36.73,12000,36.71,U
sz002756,永兴材料,2025-09-30 09:41:36,36.73,10600,36.73,D
sz002756,永兴材料,2025-09-30 09:41:39,36.74,9000,36.73,E
sz002756,永兴材料,2025-09-30 09:41:42,36.75,18600,36.74,E
sz002756,永兴材料,2025-09-30 09:41:45,36.75,6600,36.75,D
sz002756,永兴材料,2025-09-30 09:41:51,36.79,8400,36.75,U
sz002756,永兴材料,2025-09-30 09:41:57,36.79,6100,36.79,U
sz002756,永兴材料,2025-09-30 09:42:00,36.83,34900,36.79,U
sz002756,永兴材料,2025-09-30 09:42:03,36.79,14000,36.83,D
sz002756,永兴材料,2025-09-30 09:42:09,36.85,11460,36.85,U
sz002756,永兴材料,2025-09-30 09:42:12,36.83,23700,36.85,D
sz002756,永兴材料,2025-09-30 09:42:15,36.85,14400,36.83,U
sz002756,永兴材料,2025-09-30 09:42:18,36.8,8200,36.85,D
sz002756,永兴材料,2025-09-30 09:42:21,36.8,45700,36.8,D
sz002756,永兴材料,2025-09-30 09:42:24,36.83,11400,36.8,U
sz002756,永兴材料,2025-09-30 09:42:30,36.84,5800,36.83,U
sz002756,永兴材料,2025-09-30 09:42:33,36.81,15000,36.84,D
sz002756,永兴材料,2025-09-30 09:42:36,36.83,25200,36.81,U
sz002756,永兴材料,2025-09-30 09:42:39,36.83,11900,36.83,D
sz002756,永兴材料,2025-09-30 09:42:42,36.85,13900,36.83,E
sz002756,永兴材料,2025-09-30 09:42:48,36.86,7100,36.85,U
sz002756,永兴材料,2025-09-30 09:42:51,36.85,12600,36.86,D
sz002756,永兴材料,2025-09-30 09:42:57,36.88,25730,36.87,U
sz002756,永兴材料,2025-09-30 09:43:00,36.9,12200,36.88,U
sz002756,永兴材料,2025-09-30 09:43:03,36.9,12700,36.9,U
sz002756,永兴材料,2025-09-30 09:43:06,36.9,12000,36.9,D
sz002756,永兴材料,2025-09-30 09:43:09,36.92,13900,36.9,E
sz002756,永兴材料,2025-09-30 09:43:12,36.94,16500,36.92,U
sz002756,永兴材料,2025-09-30 09:43:15,36.88,12100,36.94,D
sz002756,永兴材料,2025-09-30 09:43:18,36.9,12700,36.88,U
sz002756,永兴材料,2025-09-30 09:43:21,36.94,7900,36.9,U
sz002756,永兴材料,2025-09-30 09:43:24,36.92,23700,36.94,E
sz002756,永兴材料,2025-09-30 09:43:30,36.92,7100,36.93,D
sz002756,永兴材料,2025-09-30 09:43:33,36.92,34700,36.92,U
sz002756,永兴材料,2025-09-30 09:43:36,36.86,16200,36.92,D
sz002756,永兴材料,2025-09-30 09:43:39,36.94,12800,36.86,U
sz002756,永兴材料,2025-09-30 09:43:42,36.95,25100,36.94,U
sz002756,永兴材料,2025-09-30 09:43:45,36.92,18800,36.95,D
sz002756,永兴材料,2025-09-30 09:43:48,36.94,17900,36.92,U
sz002756,永兴材料,2025-09-30 09:43:51,36.92,32800,36.94,D
sz002756,永兴材料,2025-09-30 09:43:57,36.9,12700,36.92,D
sz002756,永兴材料,2025-09-30 09:44:00,37.03,232620,36.9,U
sz002756,永兴材料,2025-09-30 09:44:03,37.01,16300,37.03,D
sz002756,永兴材料,2025-09-30 09:44:06,37.06,10900,37.01,U
sz002756,永兴材料,2025-09-30 09:44:09,37.08,10800,37.06,U
sz002756,永兴材料,2025-09-30 09:44:12,37.06,21100,37.08,D
sz002756,永兴材料,2025-09-30 09:44:15,37.09,61300,37.06,U
sz002756,永兴材料,2025-09-30 09:44:18,37.1,21500,37.09,U
sz002756,永兴材料,2025-09-30 09:44:21,37.1,20300,37.1,D
sz002756,永兴材料,2025-09-30 09:44:24,37.12,10800,37.1,U
sz002756,永兴材料,2025-09-30 09:44:27,37.15,34600,37.12,U
sz002756,永兴材料,2025-09-30 09:44:30,37.18,11600,37.15,U
sz002756,永兴材料,2025-09-30 09:44:33,37.16,18500,37.18,U
sz002756,永兴材料,2025-09-30 09:44:36,37.16,9700,37.16,D
sz002756,永兴材料,2025-09-30 09:44:39,37.14,25300,37.16,D
sz002756,永兴材料,2025-09-30 09:44:42,37.18,60000,37.14,U
sz002756,永兴材料,2025-09-30 09:44:45,37.16,16900,37.18,E
sz002756,永兴材料,2025-09-30 09:44:48,37.16,11900,37.16,E
sz002756,永兴材料,2025-09-30 09:44:51,37.2,67900,37.16,U
sz002756,永兴材料,2025-09-30 09:44:54,37.3,110100,37.2,U
sz002756,永兴材料,2025-09-30 09:44:57,37.38,37900,37.3,U
sz002756,永兴材料,2025-09-30 09:45:00,37.43,38600,37.38,U
sz002756,永兴材料,2025-09-30 09:45:03,37.59,209800,37.43,U
sz002756,永兴材料,2025-09-30 09:45:06,37.59,13200,37.59,D
sz002756,永兴材料,2025-09-30 09:45:09,37.62,22700,37.59,E
sz002756,永兴材料,2025-09-30 09:45:12,37.61,26000,37.62,E
sz002756,永兴材料,2025-09-30 09:45:15,37.56,50400,37.61,D
sz002756,永兴材料,2025-09-30 09:45:18,37.59,55000,37.56,U
sz002756,永兴材料,2025-09-30 09:45:21,37.57,19500,37.59,D
sz002756,永兴材料,2025-09-30 09:45:24,37.57,19700,37.57,U
sz002756,永兴材料,2025-09-30 09:45:27,37.56,17400,37.57,U
sz002756,永兴材料,2025-09-30 09:45:30,37.55,39000,37.56,E
sz002756,永兴材料,2025-09-30 09:45:33,37.53,20600,37.55,D
sz002756,永兴材料,2025-09-30 09:45:36,37.58,115500,37.53,U
sz002756,永兴材料,2025-09-30 09:45:39,37.62,42100,37.58,U
sz002756,永兴材料,2025-09-30 09:45:42,37.62,25300,37.62,D
sz002756,永兴材料,2025-09-30 09:45:45,37.7,24300,37.62,U
sz002756,永兴材料,2025-09-30 09:45:48,37.79,128000,37.7,U
sz002756,永兴材料,2025-09-30 09:45:51,37.8,32100,37.79,U
sz002756,永兴材料,2025-09-30 09:45:54,37.76,17000,37.8,D
sz002756,永兴材料,2025-09-30 09:45:57,37.8,29100,37.76,U
sz002756,永兴材料,2025-09-30 09:46:00,37.7,16900,37.8,D
sz002756,永兴材料,2025-09-30 09:46:03,37.71,50800,37.7,U
sz002756,永兴材料,2025-09-30 09:46:06,37.67,9900,37.71,E
sz002756,永兴材料,2025-09-30 09:46:09,37.64,50000,37.67,D
sz002756,永兴材料,2025-09-30 09:46:12,37.7,32800,37.64,U
sz002756,永兴材料,2025-09-30 09:46:15,37.75,125700,37.7,U
sz002756,永兴材料,2025-09-30 09:46:18,37.78,57600,37.75,E
sz002756,永兴材料,2025-09-30 09:46:21,37.8,81200,37.78,U
sz002756,永兴材料,2025-09-30 09:46:24,37.76,42400,37.8,D
sz002756,永兴材料,2025-09-30 09:46:27,37.77,17100,37.76,U
sz002756,永兴材料,2025-09-30 09:46:30,37.74,56900,37.77,D
sz002756,永兴材料,2025-09-30 09:46:33,37.68,37000,37.74,D
sz002756,永兴材料,2025-09-30 09:46:36,37.72,16800,37.68,U
sz002756,永兴材料,2025-09-30 09:46:39,37.69,26500,37.72,D
sz002756,永兴材料,2025-09-30 09:46:42,37.69,23500,37.69,D
sz002756,永兴材料,2025-09-30 09:46:45,37.7,26900,37.69,U
sz002756,永兴材料,2025-09-30 09:46:48,37.69,27900,37.7,E
sz002756,永兴材料,2025-09-30 09:46:51,37.68,11300,37.69,E
sz002756,永兴材料,2025-09-30 09:46:54,37.62,13500,37.68,E
sz002756,永兴材料,2025-09-30 09:46:57,37.58,15100,37.62,D
sz002756,永兴材料,2025-09-30 09:47:00,37.6,19400,37.58,U
sz002756,永兴材料,2025-09-30 09:47:03,37.62,9300,37.6,E
sz002756,永兴材料,2025-09-30 09:47:06,37.65,17500,37.62,U
sz002756,永兴材料,2025-09-30 09:47:09,37.62,35300,37.65,D
sz002756,永兴材料,2025-09-30 09:47:12,37.58,74000,37.62,D
sz002756,永兴材料,2025-09-30 09:47:15,37.57,16400,37.58,E
sz002756,永兴材料,2025-09-30 09:47:18,37.55,22500,37.57,D
sz002756,永兴材料,2025-09-30 09:47:21,37.53,8300,37.55,E
sz002756,永兴材料,2025-09-30 09:47:24,37.53,14200,37.53,U
sz002756,永兴材料,2025-09-30 09:47:27,37.53,11900,37.53,U
sz002756,永兴材料,2025-09-30 09:47:30,37.49,18600,37.53,U
sz002756,永兴材料,2025-09-30 09:47:33,37.53,5600,37.49,E
sz002756,永兴材料,2025-09-30 09:47:36,37.58,47100,37.53,U
sz002756,永兴材料,2025-09-30 09:47:39,37.53,22700,37.58,E
sz002756,永兴材料,2025-09-30 09:47:42,37.59,8200,37.53,U
sz002756,永兴材料,2025-09-30 09:47:45,37.59,25800,37.59,U
sz002756,永兴材料,2025-09-30 09:47:48,37.55,9400,37.59,D
sz002756,永兴材料,2025-09-30 09:47:51,37.59,21100,37.55,E
sz002756,永兴材料,2025-09-30 09:47:54,37.59,9900,37.59,D
sz002756,永兴材料,2025-09-30 09:47:57,37.56,17900,37.59,D
sz002756,永兴材料,2025-09-30 09:48:00,37.61,31300,37.56,U
sz002756,永兴材料,2025-09-30 09:48:03,37.6,13400,37.61,E
sz002756,永兴材料,2025-09-30 09:48:06,37.57,11300,37.6,D
sz002756,永兴材料,2025-09-30 09:48:09,37.6,18500,37.57,U
sz002756,永兴材料,2025-09-30 09:48:12,37.6,13000,37.6,U
sz002756,永兴材料,2025-09-30 09:48:15,37.6,8600,37.6,U
sz002756,永兴材料,2025-09-30 09:48:18,37.57,16700,37.6,U
sz002756,永兴材料,2025-09-30 09:48:21,37.57,16200,37.57,U
sz002756,永兴材料,2025-09-30 09:48:24,37.57,6400,37.57,D
sz002756,永兴材料,2025-09-30 09:48:27,37.56,19000,37.57,D
sz002756,永兴材料,2025-09-30 09:48:30,37.51,40000,37.56,D
sz002756,永兴材料,2025-09-30 09:48:33,37.5,14600,37.51,D
sz002756,永兴材料,2025-09-30 09:48:36,37.5,21300,37.5,U
sz002756,永兴材料,2025-09-30 09:48:39,37.5,6400,37.5,U
sz002756,永兴材料,2025-09-30 09:48:42,37.45,8800,37.5,D
sz002756,永兴材料,2025-09-30 09:48:45,37.4,8400,37.45,D
sz002756,永兴材料,2025-09-30 09:48:48,37.36,5500,37.4,D
sz002756,永兴材料,2025-09-30 09:48:51,37.36,8800,37.36,E
sz002756,永兴材料,2025-09-30 09:48:54,37.36,23400,37.36,D
sz002756,永兴材料,2025-09-30 09:48:57,37.36,29400,37.36,D
sz002756,永兴材料,2025-09-30 09:49:00,37.41,11400,37.36,U
sz002756,永兴材料,2025-09-30 09:49:03,37.35,29400,37.41,D
sz002756,永兴材料,2025-09-30 09:49:09,37.35,31000,37.35,E
sz002756,永兴材料,2025-09-30 09:49:15,37.37,7920,37.38,D
sz002756,永兴材料,2025-09-30 09:49:18,37.4,10600,37.37,U
sz002756,永兴材料,2025-09-30 09:49:21,37.39,5900,37.4,E
sz002756,永兴材料,2025-09-30 09:49:24,37.35,11000,37.39,D
sz002756,永兴材料,2025-09-30 09:49:30,37.35,22500,37.4,D
sz002756,永兴材料,2025-09-30 09:49:33,37.4,23400,37.35,U
sz002756,永兴材料,2025-09-30 09:49:36,37.4,41900,37.4,D
sz002756,永兴材料,2025-09-30 09:49:39,37.4,31300,37.4,D
sz002756,永兴材料,2025-09-30 09:49:42,37.4,13600,37.4,U
sz002756,永兴材料,2025-09-30 09:49:45,37.36,33300,37.4,D
sz002756,永兴材料,2025-09-30 09:49:48,37.33,17900,37.36,D
sz002756,永兴材料,2025-09-30 09:49:51,37.35,9600,37.33,U
sz002756,永兴材料,2025-09-30 09:49:54,37.33,10900,37.35,E
sz002756,永兴材料,2025-09-30 09:50:00,37.3,11300,37.33,D
sz002756,永兴材料,2025-09-30 09:50:03,37.34,19100,37.3,U
sz002756,永兴材料,2025-09-30 09:50:06,37.33,8900,37.34,E
sz002756,永兴材料,2025-09-30 09:50:09,37.35,18000,37.33,E
sz002756,永兴材料,2025-09-30 09:50:12,37.34,10600,37.35,D
sz002756,永兴材料,2025-09-30 09:50:21,37.4,49400,37.38,U
sz002756,永兴材料,2025-09-30 09:50:24,37.44,8900,37.4,U
sz002756,永兴材料,2025-09-30 09:50:27,37.44,19400,37.44,D
sz002756,永兴材料,2025-09-30 09:50:30,37.45,10100,37.44,U
sz002756,永兴材料,2025-09-30 09:50:33,37.49,14300,37.45,U
sz002756,永兴材料,2025-09-30 09:50:36,37.53,29800,37.49,U
sz002756,永兴材料,2025-09-30 09:50:39,37.52,18100,37.53,D
sz002756,永兴材料,2025-09-30 09:50:42,37.58,14000,37.52,U
sz002756,永兴材料,2025-09-30 09:50:48,37.59,7500,37.59,U
sz002756,永兴材料,2025-09-30 09:50:51,37.47,14100,37.59,D
sz002756,永兴材料,2025-09-30 09:50:54,37.59,6200,37.47,U
sz002756,永兴材料,2025-09-30 09:51:00,37.5,12600,37.54,D
sz002756,永兴材料,2025-09-30 09:51:03,37.48,10000,37.5,D
sz002756,永兴材料,2025-09-30 09:51:06,37.49,28200,37.48,D
sz002756,永兴材料,2025-09-30 09:51:21,37.53,9100,37.53,D
sz002756,永兴材料,2025-09-30 09:51:24,37.49,7100,37.53,D
sz002756,永兴材料,2025-09-30 09:51:30,37.49,7400,37.5,D
sz002756,永兴材料,2025-09-30 09:51:33,37.52,7700,37.49,U
sz002756,永兴材料,2025-09-30 09:51:36,37.49,12200,37.52,D
sz002756,永兴材料,2025-09-30 09:51:42,37.49,16100,37.49,D
sz002756,永兴材料,2025-09-30 09:51:51,37.5,12200,37.5,U
sz002756,永兴材料,2025-09-30 09:51:54,37.52,10700,37.5,U
sz002756,永兴材料,2025-09-30 09:51:57,37.51,81300,37.52,E
sz002756,永兴材料,2025-09-30 09:52:00,37.5,12500,37.51,D
sz002756,永兴材料,2025-09-30 09:52:03,37.47,32500,37.5,D
sz002756,永兴材料,2025-09-30 09:52:09,37.5,10300,37.48,U
sz002756,永兴材料,2025-09-30 09:52:18,37.4,8700,37.44,D
sz002756,永兴材料,2025-09-30 09:52:21,37.52,66900,37.4,U
sz002756,永兴材料,2025-09-30 09:52:24,37.52,8000,37.52,U
sz002756,永兴材料,2025-09-30 09:52:30,37.49,17000,37.51,D
sz002756,永兴材料,2025-09-30 09:52:33,37.42,9600,37.49,D
sz002756,永兴材料,2025-09-30 09:52:39,37.47,8100,37.47,U
sz002756,永兴材料,2025-09-30 09:52:51,37.47,6300,37.47,D
sz002756,永兴材料,2025-09-30 09:52:54,37.49,11900,37.47,U
sz002756,永兴材料,2025-09-30 09:53:00,37.49,84200,37.46,U
sz002756,永兴材料,2025-09-30 09:53:06,37.5,6500,37.5,D
sz002756,永兴材料,2025-09-30 09:53:09,37.5,11900,37.5,D
sz002756,永兴材料,2025-09-30 09:53:12,37.5,14300,37.5,U
sz002756,永兴材料,2025-09-30 09:53:15,37.52,19300,37.5,U
sz002756,永兴材料,2025-09-30 09:53:21,37.5,10300,37.52,D
sz002756,永兴材料,2025-09-30 09:53:27,37.5,13500,37.52,D
sz002756,永兴材料,2025-09-30 09:53:39,37.5,6400,37.52,D
sz002756,永兴材料,2025-09-30 09:53:42,37.5,13000,37.5,D
sz002756,永兴材料,2025-09-30 09:53:45,37.5,9200,37.5,U
sz002756,永兴材料,2025-09-30 09:53:48,37.54,24300,37.5,U
sz002756,永兴材料,2025-09-30 09:53:51,37.55,32000,37.54,E
sz002756,永兴材料,2025-09-30 09:53:54,37.6,62420,37.55,U
sz002756,永兴材料,2025-09-30 09:53:57,37.59,18500,37.6,D
sz002756,永兴材料,2025-09-30 09:54:03,37.55,31000,37.59,D
sz002756,永兴材料,2025-09-30 09:54:15,37.54,14300,37.57,D
sz002756,永兴材料,2025-09-30 09:54:21,37.53,9800,37.55,D
sz002756,永兴材料,2025-09-30 09:54:24,37.5,14700,37.53,D
sz002756,永兴材料,2025-09-30 09:54:27,37.5,6100,37.5,U
sz002756,永兴材料,2025-09-30 09:54:30,37.49,11600,37.5,D
sz002756,永兴材料,2025-09-30 09:54:33,37.49,5900,37.49,U
sz002756,永兴材料,2025-09-30 09:54:36,37.43,8100,37.49,E
sz002756,永兴材料,2025-09-30 09:54:48,37.45,10500,37.48,E
sz002756,永兴材料,2025-09-30 09:54:54,37.48,6800,37.43,U
sz002756,永兴材料,2025-09-30 09:54:57,37.48,6800,37.48,U
sz002756,永兴材料,2025-09-30 09:55:00,37.48,10500,37.48,U
sz002756,永兴材料,2025-09-30 09:55:12,37.49,19500,37.45,U
sz002756,永兴材料,2025-09-30 09:55:15,37.55,89172,37.49,U
sz002756,永兴材料,2025-09-30 09:55:18,37.58,22300,37.55,U
sz002756,永兴材料,2025-09-30 09:55:30,37.58,6500,37.58,D
sz002756,永兴材料,2025-09-30 09:55:33,37.57,19200,37.58,D
sz002756,永兴材料,2025-09-30 09:55:39,37.58,18100,37.58,D
sz002756,永兴材料,2025-09-30 09:55:45,37.6,19100,37.58,U
sz002756,永兴材料,2025-09-30 09:55:48,37.59,12800,37.6,E
sz002756,永兴材料,2025-09-30 09:55:54,37.59,9200,37.6,D
sz002756,永兴材料,2025-09-30 09:55:57,37.58,9000,37.59,D
sz002756,永兴材料,2025-09-30 09:56:00,37.52,8800,37.58,D
sz002756,永兴材料,2025-09-30 09:56:15,37.5,5700,37.54,D
sz002756,永兴材料,2025-09-30 09:56:18,37.53,8500,37.5,U
sz002756,永兴材料,2025-09-30 09:56:30,37.49,5700,37.48,U
sz002756,永兴材料,2025-09-30 09:56:54,37.43,24200,37.43,U
sz002756,永兴材料,2025-09-30 09:56:57,37.44,9900,37.43,E
sz002756,永兴材料,2025-09-30 09:57:00,37.5,26230,37.44,U
sz002756,永兴材料,2025-09-30 09:57:06,37.49,9100,37.49,D
sz002756,永兴材料,2025-09-30 09:57:09,37.48,5500,37.49,D
sz002756,永兴材料,2025-09-30 09:57:12,37.5,15300,37.48,E
sz002756,永兴材料,2025-09-30 09:57:21,37.52,8500,37.52,U
sz002756,永兴材料,2025-09-30 09:57:30,37.53,8700,37.53,U
sz002756,永兴材料,2025-09-30 09:57:33,37.53,42100,37.53,U
sz002756,永兴材料,2025-09-30 09:57:36,37.55,16000,37.53,U
sz002756,永兴材料,2025-09-30 09:57:45,37.58,7300,37.57,U
sz002756,永兴材料,2025-09-30 09:58:09,37.56,43600,37.57,D
sz002756,永兴材料,2025-09-30 09:58:21,37.51,19600,37.53,E
sz002756,永兴材料,2025-09-30 09:58:24,37.53,6400,37.51,U
sz002756,永兴材料,2025-09-30 09:58:27,37.5,6000,37.53,D
sz002756,永兴材料,2025-09-30 09:58:51,37.54,14100,37.52,U
sz002756,永兴材料,2025-09-30 09:58:54,37.54,9900,37.54,D
sz002756,永兴材料,2025-09-30 09:59:00,37.55,7000,37.56,E
sz002756,永兴材料,2025-09-30 09:59:12,37.55,25200,37.55,U
sz002756,永兴材料,2025-09-30 09:59:18,37.48,11700,37.55,D
sz002756,永兴材料,2025-09-30 09:59:27,37.5,19170,37.5,U
sz002756,永兴材料,2025-09-30 09:59:42,37.5,7400,37.46,U
sz002756,永兴材料,2025-09-30 09:59:54,37.46,7400,37.45,U
sz002756,永兴材料,2025-09-30 09:59:57,37.44,7100,37.46,D
sz002756,永兴材料,2025-09-30 10:00:00,37.53,9300,37.44,U
sz002756,永兴材料,2025-09-30 10:00:03,37.48,5600,37.53,E
sz002756,永兴材料,2025-09-30 10:00:12,37.51,24100,37.49,U
sz002756,永兴材料,2025-09-30 10:00:21,37.5,24100,37.51,D
sz002756,永兴材料,2025-09-30 10:00:30,37.49,8400,37.46,U
sz002756,永兴材料,2025-09-30 10:01:00,37.45,5700,37.43,U
sz002756,永兴材料,2025-09-30 10:01:03,37.45,9500,37.45,U
sz002756,永兴材料,2025-09-30 10:01:18,37.5,5700,37.49,U
sz002756,永兴材料,2025-09-30 10:01:33,37.5,13000,37.48,U
sz002756,永兴材料,2025-09-30 10:01:39,37.5,16800,37.49,U
sz002756,永兴材料,2025-09-30 10:01:57,37.48,5500,37.45,U
sz002756,永兴材料,2025-09-30 10:02:03,37.5,10100,37.45,U
sz002756,永兴材料,2025-09-30 10:02:06,37.5,11300,37.5,U
sz002756,永兴材料,2025-09-30 10:02:18,37.48,20700,37.49,D
sz002756,永兴材料,2025-09-30 10:02:21,37.5,6400,37.48,U
sz002756,永兴材料,2025-09-30 10:02:27,37.5,5500,37.5,U
sz002756,永兴材料,2025-09-30 10:02:30,37.5,6200,37.5,U
sz002756,永兴材料,2025-09-30 10:02:33,37.5,16900,37.5,U
sz002756,永兴材料,2025-09-30 10:02:36,37.53,20600,37.5,U
sz002756,永兴材料,2025-09-30 10:02:42,37.53,6600,37.52,U
sz002756,永兴材料,2025-09-30 10:02:51,37.53,6600,37.53,U
sz002756,永兴材料,2025-09-30 10:03:09,37.51,15900,37.53,D
sz002756,永兴材料,2025-09-30 10:03:12,37.5,25840,37.51,D
sz002756,永兴材料,2025-09-30 10:03:15,37.47,8500,37.5,D
sz002756,永兴材料,2025-09-30 10:03:18,37.44,10800,37.47,D
sz002756,永兴材料,2025-09-30 10:03:24,37.43,21600,37.43,D
sz002756,永兴材料,2025-09-30 10:04:03,37.44,14300,37.44,D
sz002756,永兴材料,2025-09-30 10:04:12,37.44,15500,37.48,D
sz002756,永兴材料,2025-09-30 10:04:15,37.45,6100,37.44,E
sz002756,永兴材料,2025-09-30 10:04:24,37.48,5800,37.45,U
sz002756,永兴材料,2025-09-30 10:04:36,37.47,21150,37.47,E
sz002756,永兴材料,2025-09-30 10:04:39,37.5,7100,37.47,U
sz002756,永兴材料,2025-09-30 10:04:45,37.48,5600,37.53,D
sz002756,永兴材料,2025-09-30 10:05:21,37.53,7400,37.52,U
sz002756,永兴材料,2025-09-30 10:05:24,37.54,15600,37.53,U
sz002756,永兴材料,2025-09-30 10:05:27,37.53,6500,37.54,D
sz002756,永兴材料,2025-09-30 10:06:03,37.5,14000,37.51,D
sz002756,永兴材料,2025-09-30 10:06:21,37.53,11900,37.5,U
sz002756,永兴材料,2025-09-30 10:06:24,37.54,32820,37.53,U
sz002756,永兴材料,2025-09-30 10:06:27,37.62,171210,37.54,U
sz002756,永兴材料,2025-09-30 10:06:30,37.64,6300,37.62,U
sz002756,永兴材料,2025-09-30 10:06:39,37.64,6000,37.65,D
sz002756,永兴材料,2025-09-30 10:06:42,37.65,10100,37.64,U
sz002756,永兴材料,2025-09-30 10:06:45,37.65,7200,37.65,U
sz002756,永兴材料,2025-09-30 10:06:48,37.64,6900,37.65,D
sz002756,永兴材料,2025-09-30 10:06:51,37.64,26800,37.64,U
sz002756,永兴材料,2025-09-30 10:06:57,37.67,6500,37.65,U
sz002756,永兴材料,2025-09-30 10:07:00,37.64,11600,37.67,D
sz002756,永兴材料,2025-09-30 10:07:09,37.67,5800,37.68,U
sz002756,永兴材料,2025-09-30 10:07:15,37.66,8900,37.67,D
sz002756,永兴材料,2025-09-30 10:07:18,37.66,5900,37.66,D
sz002756,永兴材料,2025-09-30 10:07:21,37.68,9830,37.66,U
sz002756,永兴材料,2025-09-30 10:07:24,37.66,6570,37.68,D
sz002756,永兴材料,2025-09-30 10:07:27,37.67,13800,37.66,E
sz002756,永兴材料,2025-09-30 10:07:30,37.66,6100,37.67,D
sz002756,永兴材料,2025-09-30 10:07:36,37.67,5700,37.67,U
sz002756,永兴材料,2025-09-30 10:07:51,37.68,10200,37.68,U
sz002756,永兴材料,2025-09-30 10:07:57,37.69,6300,37.68,U
sz002756,永兴材料,2025-09-30 10:08:00,37.69,11700,37.69,U
sz002756,永兴材料,2025-09-30 10:08:15,37.68,17700,37.7,D
sz002756,永兴材料,2025-09-30 10:08:18,37.65,20200,37.68,D
sz002756,永兴材料,2025-09-30 10:08:27,37.63,5600,37.64,D
sz002756,永兴材料,2025-09-30 10:08:30,37.63,14800,37.63,U
sz002756,永兴材料,2025-09-30 10:08:42,37.63,5600,37.63,D
sz002756,永兴材料,2025-09-30 10:08:48,37.66,5700,37.64,U
sz002756,永兴材料,2025-09-30 10:08:54,37.67,8100,37.66,U
sz002756,永兴材料,2025-09-30 10:09:09,37.67,6400,37.68,D
sz002756,永兴材料,2025-09-30 10:09:18,37.66,6900,37.67,D
sz002756,永兴材料,2025-09-30 10:09:21,37.67,6900,37.66,U
sz002756,永兴材料,2025-09-30 10:09:27,37.68,16613,37.67,U
sz002756,永兴材料,2025-09-30 10:09:30,37.67,10300,37.68,D
sz002756,永兴材料,2025-09-30 10:09:33,37.67,5500,37.67,D
sz002756,永兴材料,2025-09-30 10:09:39,37.66,9700,37.67,D
sz002756,永兴材料,2025-09-30 10:09:45,37.65,8900,37.66,D
sz002756,永兴材料,2025-09-30 10:09:57,37.65,5500,37.63,U
sz002756,永兴材料,2025-09-30 10:10:00,37.63,6300,37.65,D
sz002756,永兴材料,2025-09-30 10:10:03,37.62,11700,37.63,D
sz002756,永兴材料,2025-09-30 10:10:06,37.58,12500,37.62,D
sz002756,永兴材料,2025-09-30 10:10:30,37.58,6400,37.59,D
sz002756,永兴材料,2025-09-30 10:10:39,37.6,37700,37.61,D
sz002756,永兴材料,2025-09-30 10:10:42,37.68,110579,37.6,U
sz002756,永兴材料,2025-09-30 10:10:51,37.68,8700,37.7,D
sz002756,永兴材料,2025-09-30 10:10:57,37.69,7100,37.68,U
sz002756,永兴材料,2025-09-30 10:11:00,37.7,12000,37.69,U
sz002756,永兴材料,2025-09-30 10:11:09,37.64,17700,37.7,D
sz002756,永兴材料,2025-09-30 10:11:12,37.67,12300,37.64,E
sz002756,永兴材料,2025-09-30 10:11:18,37.67,20400,37.7,D
sz002756,永兴材料,2025-09-30 10:11:24,37.67,8000,37.67,U
sz002756,永兴材料,2025-09-30 10:11:30,37.65,8000,37.65,E
sz002756,永兴材料,2025-09-30 10:11:51,37.65,5800,37.65,U
sz002756,永兴材料,2025-09-30 10:11:54,37.62,5600,37.65,D
sz002756,永兴材料,2025-09-30 10:11:57,37.66,10600,37.62,U
sz002756,永兴材料,2025-09-30 10:12:00,37.67,7400,37.66,U
sz002756,永兴材料,2025-09-30 10:12:15,37.67,8400,37.65,U
sz002756,永兴材料,2025-09-30 10:12:27,37.66,10500,37.67,E
sz002756,永兴材料,2025-09-30 10:12:30,37.65,9700,37.66,D
sz002756,永兴材料,2025-09-30 10:12:42,37.68,92200,37.64,U
sz002756,永兴材料,2025-09-30 10:12:45,37.69,19800,37.68,U
sz002756,永兴材料,2025-09-30 10:12:48,37.69,25300,37.69,U
sz002756,永兴材料,2025-09-30 10:12:51,37.72,56080,37.69,U
sz002756,永兴材料,2025-09-30 10:13:06,37.71,8900,37.73,D
sz002756,永兴材料,2025-09-30 10:13:24,37.73,12100,37.72,U
sz002756,永兴材料,2025-09-30 10:13:30,37.72,14700,37.72,U
sz002756,永兴材料,2025-09-30 10:13:36,37.73,8300,37.72,U
sz002756,永兴材料,2025-09-30 10:13:39,37.74,14700,37.73,U
sz002756,永兴材料,2025-09-30 10:13:54,37.73,11300,37.72,U
sz002756,永兴材料,2025-09-30 10:14:03,37.72,10200,37.72,U
sz002756,永兴材料,2025-09-30 10:14:09,37.74,7900,37.73,U
sz002756,永兴材料,2025-09-30 10:14:15,37.73,6200,37.72,U
sz002756,永兴材料,2025-09-30 10:14:21,37.69,13900,37.72,D
sz002756,永兴材料,2025-09-30 10:14:30,37.69,12700,37.68,E
sz002756,永兴材料,2025-09-30 10:14:54,37.66,6600,37.66,D
sz002756,永兴材料,2025-09-30 10:15:03,37.65,9800,37.65,E
sz002756,永兴材料,2025-09-30 10:15:06,37.64,8100,37.65,D
sz002756,永兴材料,2025-09-30 10:15:09,37.6,9300,37.64,D
sz002756,永兴材料,2025-09-30 10:15:18,37.6,21900,37.6,D
sz002756,永兴材料,2025-09-30 10:15:30,37.59,8100,37.59,D
sz002756,永兴材料,2025-09-30 10:15:42,37.62,8190,37.59,U
sz002756,永兴材料,2025-09-30 10:15:54,37.6,5400,37.6,U
sz002756,永兴材料,2025-09-30 10:16:15,37.64,8600,37.62,U
sz002756,永兴材料,2025-09-30 10:16:18,37.6,6500,37.64,D
sz002756,永兴材料,2025-09-30 10:16:27,37.6,20000,37.63,D
sz002756,永兴材料,2025-09-30 10:16:42,37.64,14900,37.63,U
sz002756,永兴材料,2025-09-30 10:16:45,37.64,22400,37.64,D
sz002756,永兴材料,2025-09-30 10:16:48,37.63,7000,37.64,D
sz002756,永兴材料,2025-09-30 10:16:57,37.61,11500,37.61,U
sz002756,永兴材料,2025-09-30 10:17:06,37.55,23000,37.58,D
sz002756,永兴材料,2025-09-30 10:17:12,37.54,14480,37.54,D
sz002756,永兴材料,2025-09-30 10:17:21,37.52,15300,37.54,D
sz002756,永兴材料,2025-09-30 10:17:30,37.54,12400,37.51,U
sz002756,永兴材料,2025-09-30 10:17:48,37.5,55700,37.53,D
sz002756,永兴材料,2025-09-30 10:18:00,37.53,5700,37.53,D
sz002756,永兴材料,2025-09-30 10:18:18,37.52,6400,37.52,U
sz002756,永兴材料,2025-09-30 10:18:39,37.52,19200,37.52,U
sz002756,永兴材料,2025-09-30 10:18:42,37.54,8400,37.52,U
sz002756,永兴材料,2025-09-30 10:18:51,37.51,6900,37.51,D
sz002756,永兴材料,2025-09-30 10:19:00,37.51,7400,37.5,U
sz002756,永兴材料,2025-09-30 10:19:12,37.52,7700,37.5,U
sz002756,永兴材料,2025-09-30 10:19:21,37.5,6500,37.51,D
sz002756,永兴材料,2025-09-30 10:20:45,37.53,10200,37.52,U
sz002756,永兴材料,2025-09-30 10:21:03,37.57,7100,37.54,U
sz002756,永兴材料,2025-09-30 10:22:18,37.5,10600,37.51,D
sz002756,永兴材料,2025-09-30 10:22:24,37.49,6300,37.49,D
sz002756,永兴材料,2025-09-30 10:22:39,37.49,10000,37.49,D
sz002756,永兴材料,2025-09-30 10:22:48,37.45,14200,37.48,D
sz002756,永兴材料,2025-09-30 10:22:57,37.43,5700,37.45,D
sz002756,永兴材料,2025-09-30 10:23:06,37.44,6400,37.43,U
sz002756,永兴材料,2025-09-30 10:23:09,37.42,9100,37.44,D
sz002756,永兴材料,2025-09-30 10:23:12,37.4,19500,37.42,D
sz002756,永兴材料,2025-09-30 10:23:21,37.39,19200,37.4,D
sz002756,永兴材料,2025-09-30 10:23:24,37.38,5900,37.39,D
sz002756,永兴材料,2025-09-30 10:23:45,37.37,6600,37.38,D
sz002756,永兴材料,2025-09-30 10:23:48,37.38,27500,37.37,D
sz002756,永兴材料,2025-09-30 10:23:57,37.37,22300,37.37,D
sz002756,永兴材料,2025-09-30 10:24:00,37.36,24200,37.37,D
sz002756,永兴材料,2025-09-30 10:24:03,37.36,7300,37.36,D
sz002756,永兴材料,2025-09-30 10:24:06,37.37,12900,37.36,E
sz002756,永兴材料,2025-09-30 10:24:18,37.38,12100,37.39,D
sz002756,永兴材料,2025-09-30 10:24:30,37.37,6700,37.38,D
sz002756,永兴材料,2025-09-30 10:24:42,37.37,20500,37.37,D
sz002756,永兴材料,2025-09-30 10:24:45,37.39,12800,37.37,U
sz002756,永兴材料,2025-09-30 10:24:48,37.38,9400,37.39,E
sz002756,永兴材料,2025-09-30 10:24:51,37.39,5400,37.38,E
sz002756,永兴材料,2025-09-30 10:24:54,37.38,13500,37.39,D
sz002756,永兴材料,2025-09-30 10:25:03,37.42,5900,37.42,U
sz002756,永兴材料,2025-09-30 10:25:12,37.38,11300,37.41,D
sz002756,永兴材料,2025-09-30 10:25:42,37.44,5400,37.44,D
sz002756,永兴材料,2025-09-30 10:25:45,37.44,30800,37.44,D
sz002756,永兴材料,2025-09-30 10:25:51,37.44,16600,37.45,E
sz002756,永兴材料,2025-09-30 10:26:36,37.37,9800,37.39,D
sz002756,永兴材料,2025-09-30 10:26:39,37.39,6500,37.37,U
sz002756,永兴材料,2025-09-30 10:26:42,37.36,6600,37.39,D
sz002756,永兴材料,2025-09-30 10:26:45,37.36,12000,37.36,D
sz002756,永兴材料,2025-09-30 10:27:06,37.31,11928,37.33,D
sz002756,永兴材料,2025-09-30 10:27:15,37.31,32100,37.31,D
sz002756,永兴材料,2025-09-30 10:27:18,37.31,24400,37.31,U
sz002756,永兴材料,2025-09-30 10:27:21,37.3,34400,37.31,D
sz002756,永兴材料,2025-09-30 10:27:24,37.35,17600,37.3,U
sz002756,永兴材料,2025-09-30 10:27:27,37.34,22172,37.35,D
sz002756,永兴材料,2025-09-30 10:27:30,37.35,9400,37.34,U
sz002756,永兴材料,2025-09-30 10:27:33,37.34,6300,37.35,E
sz002756,永兴材料,2025-09-30 10:27:36,37.3,12400,37.34,D
sz002756,永兴材料,2025-09-30 10:27:42,37.32,18800,37.31,E
sz002756,永兴材料,2025-09-30 10:27:45,37.36,11100,37.32,U
sz002756,永兴材料,2025-09-30 10:27:48,37.33,19300,37.36,D
sz002756,永兴材料,2025-09-30 10:27:51,37.33,29300,37.33,D
sz002756,永兴材料,2025-09-30 10:27:54,37.4,7000,37.33,U
sz002756,永兴材料,2025-09-30 10:27:57,37.4,5600,37.4,U
sz002756,永兴材料,2025-09-30 10:28:00,37.41,11400,37.4,U
sz002756,永兴材料,2025-09-30 10:28:03,37.4,9360,37.41,E
sz002756,永兴材料,2025-09-30 10:28:06,37.48,14550,37.4,U
sz002756,永兴材料,2025-09-30 10:28:09,37.5,10300,37.48,U
sz002756,永兴材料,2025-09-30 10:28:15,37.5,7800,37.42,U
sz002756,永兴材料,2025-09-30 10:28:21,37.47,8900,37.47,D
sz002756,永兴材料,2025-09-30 10:28:24,37.46,11800,37.47,D
sz002756,永兴材料,2025-09-30 10:28:30,37.5,15800,37.5,U
sz002756,永兴材料,2025-09-30 10:28:33,37.5,5400,37.5,U
sz002756,永兴材料,2025-09-30 10:28:36,37.43,18900,37.5,D
sz002756,永兴材料,2025-09-30 10:28:39,37.41,19000,37.43,D
sz002756,永兴材料,2025-09-30 10:28:45,37.5,15100,37.47,U
sz002756,永兴材料,2025-09-30 10:28:48,37.5,5600,37.5,U
sz002756,永兴材料,2025-09-30 10:28:51,37.48,10100,37.5,U
sz002756,永兴材料,2025-09-30 10:28:54,37.55,8100,37.48,U
sz002756,永兴材料,2025-09-30 10:29:06,37.51,5800,37.54,D
sz002756,永兴材料,2025-09-30 10:29:15,37.58,6000,37.54,U
sz002756,永兴材料,2025-09-30 10:29:21,37.55,5600,37.59,E
sz002756,永兴材料,2025-09-30 10:29:24,37.6,12000,37.55,U
sz002756,永兴材料,2025-09-30 10:29:30,37.6,10100,37.51,U
sz002756,永兴材料,2025-09-30 10:29:51,37.62,26550,37.59,U
sz002756,永兴材料,2025-09-30 10:29:54,37.66,9800,37.62,U
sz002756,永兴材料,2025-09-30 10:29:57,37.65,6200,37.66,E
sz002756,永兴材料,2025-09-30 10:30:00,37.67,6400,37.65,U
sz002756,永兴材料,2025-09-30 10:30:03,37.68,40300,37.67,U
sz002756,永兴材料,2025-09-30 10:30:06,37.74,78830,37.68,U
sz002756,永兴材料,2025-09-30 10:30:09,37.76,33160,37.74,U
sz002756,永兴材料,2025-09-30 10:30:12,37.76,15800,37.76,U
sz002756,永兴材料,2025-09-30 10:30:15,37.76,14700,37.76,U
sz002756,永兴材料,2025-09-30 10:30:18,37.76,12000,37.76,U
sz002756,永兴材料,2025-09-30 10:30:21,37.77,33400,37.76,U
sz002756,永兴材料,2025-09-30 10:30:24,37.76,5300,37.77,D
sz002756,永兴材料,2025-09-30 10:30:27,37.77,13100,37.76,U
sz002756,永兴材料,2025-09-30 10:30:30,37.77,10500,37.77,D
sz002756,永兴材料,2025-09-30 10:30:33,37.78,7200,37.77,U
sz002756,永兴材料,2025-09-30 10:30:36,37.78,24000,37.78,U
sz002756,永兴材料,2025-09-30 10:30:42,37.76,20200,37.78,D
sz002756,永兴材料,2025-09-30 10:30:45,37.76,13400,37.76,D
sz002756,永兴材料,2025-09-30 10:30:48,37.76,7000,37.76,D
sz002756,永兴材料,2025-09-30 10:31:18,37.72,9500,37.7,U
sz002756,永兴材料,2025-09-30 10:31:21,37.73,7900,37.72,U
sz002756,永兴材料,2025-09-30 10:31:30,37.75,8100,37.74,U
sz002756,永兴材料,2025-09-30 10:31:33,37.77,6000,37.75,U
sz002756,永兴材料,2025-09-30 10:31:36,37.74,6000,37.77,D
sz002756,永兴材料,2025-09-30 10:31:45,37.72,28600,37.76,D
sz002756,永兴材料,2025-09-30 10:31:48,37.71,7900,37.72,D
sz002756,永兴材料,2025-09-30 10:31:51,37.73,13000,37.71,U
sz002756,永兴材料,2025-09-30 10:32:00,37.7,11200,37.68,U
sz002756,永兴材料,2025-09-30 10:32:12,37.68,12100,37.72,D
sz002756,永兴材料,2025-09-30 10:32:15,37.7,5700,37.68,U
sz002756,永兴材料,2025-09-30 10:32:24,37.7,6800,37.7,U
sz002756,永兴材料,2025-09-30 10:32:33,37.71,6800,37.7,U
sz002756,永兴材料,2025-09-30 10:32:36,37.73,10900,37.71,U
sz002756,永兴材料,2025-09-30 10:32:39,37.73,10400,37.73,U
sz002756,永兴材料,2025-09-30 10:32:42,37.78,49400,37.73,U
sz002756,永兴材料,2025-09-30 10:32:45,37.78,13600,37.78,U
sz002756,永兴材料,2025-09-30 10:32:48,37.8,62050,37.78,U
sz002756,永兴材料,2025-09-30 10:32:51,37.8,28000,37.8,U
sz002756,永兴材料,2025-09-30 10:32:54,37.8,21800,37.8,U
sz002756,永兴材料,2025-09-30 10:32:57,37.79,31200,37.8,D
sz002756,永兴材料,2025-09-30 10:33:00,37.82,89800,37.79,U
sz002756,永兴材料,2025-09-30 10:33:03,37.82,45500,37.82,U
sz002756,永兴材料,2025-09-30 10:33:06,37.85,28900,37.82,U
sz002756,永兴材料,2025-09-30 10:33:09,37.85,84000,37.85,U
sz002756,永兴材料,2025-09-30 10:33:12,37.86,85850,37.85,U
sz002756,永兴材料,2025-09-30 10:33:15,37.97,363160,37.86,U
sz002756,永兴材料,2025-09-30 10:33:18,37.96,62700,37.97,E
sz002756,永兴材料,2025-09-30 10:33:21,37.98,42900,37.96,U
sz002756,永兴材料,2025-09-30 10:33:24,37.97,31800,37.98,E
sz002756,永兴材料,2025-09-30 10:33:27,37.97,63000,37.97,D
sz002756,永兴材料,2025-09-30 10:33:33,37.98,39700,37.98,D
sz002756,永兴材料,2025-09-30 10:33:36,37.99,42000,37.98,U
sz002756,永兴材料,2025-09-30 10:33:39,37.98,48400,37.99,D
sz002756,永兴材料,2025-09-30 10:33:42,37.99,22500,37.98,U
sz002756,永兴材料,2025-09-30 10:33:45,37.99,39800,37.99,E
sz002756,永兴材料,2025-09-30 10:33:48,38.0,54100,37.99,U
sz002756,永兴材料,2025-09-30 10:33:51,37.99,32700,38.0,D
sz002756,永兴材料,2025-09-30 10:33:54,37.98,58300,37.99,E
sz002756,永兴材料,2025-09-30 10:34:00,37.96,30800,37.97,D
sz002756,永兴材料,2025-09-30 10:34:03,37.96,15500,37.96,D
sz002756,永兴材料,2025-09-30 10:34:06,37.96,21600,37.96,E
sz002756,永兴材料,2025-09-30 10:34:09,38.0,20100,37.96,U
sz002756,永兴材料,2025-09-30 10:34:12,37.96,22100,38.0,D
sz002756,永兴材料,2025-09-30 10:34:15,37.98,12100,37.96,E
sz002756,永兴材料,2025-09-30 10:34:18,37.98,38400,37.98,D
sz002756,永兴材料,2025-09-30 10:34:21,37.98,66900,37.98,U
sz002756,永兴材料,2025-09-30 10:34:24,38.0,33300,37.98,U
sz002756,永兴材料,2025-09-30 10:34:27,38.01,51720,38.0,U
sz002756,永兴材料,2025-09-30 10:34:30,38.08,33200,38.01,U
sz002756,永兴材料,2025-09-30 10:34:36,38.09,75400,38.08,U
sz002756,永兴材料,2025-09-30 10:34:39,38.09,13800,38.09,U
sz002756,永兴材料,2025-09-30 10:34:42,38.08,43600,38.09,D
sz002756,永兴材料,2025-09-30 10:34:45,38.09,39500,38.08,U
sz002756,永兴材料,2025-09-30 10:34:48,38.1,28000,38.09,U
sz002756,永兴材料,2025-09-30 10:34:51,38.09,37400,38.1,D
sz002756,永兴材料,2025-09-30 10:34:54,38.09,8700,38.09,D
sz002756,永兴材料,2025-09-30 10:34:57,38.09,23900,38.09,E
sz002756,永兴材料,2025-09-30 10:35:00,38.11,42200,38.09,U
sz002756,永兴材料,2025-09-30 10:35:03,38.08,18800,38.11,D
sz002756,永兴材料,2025-09-30 10:35:06,38.11,17900,38.08,U
sz002756,永兴材料,2025-09-30 10:35:09,38.1,12800,38.11,D
sz002756,永兴材料,2025-09-30 10:35:12,38.1,23400,38.1,D
sz002756,永兴材料,2025-09-30 10:35:15,38.19,124330,38.1,U
sz002756,永兴材料,2025-09-30 10:35:18,38.28,31900,38.19,U
sz002756,永兴材料,2025-09-30 10:35:21,38.28,74100,38.28,U
sz002756,永兴材料,2025-09-30 10:35:24,38.28,41000,38.28,U
sz002756,永兴材料,2025-09-30 10:35:27,38.28,41000,38.28,U
sz002756,永兴材料,2025-09-30 10:35:30,38.28,44400,38.28,U
sz002756,永兴材料,2025-09-30 10:35:33,38.3,54700,38.28,U
sz002756,永兴材料,2025-09-30 10:35:36,38.26,26200,38.3,D
sz002756,永兴材料,2025-09-30 10:35:39,38.4,214500,38.26,U
sz002756,永兴材料,2025-09-30 10:35:42,38.43,34400,38.4,U
sz002756,永兴材料,2025-09-30 10:35:45,38.37,15900,38.43,D
sz002756,永兴材料,2025-09-30 10:35:48,38.44,55700,38.37,U
sz002756,永兴材料,2025-09-30 10:35:51,38.45,48300,38.44,E
sz002756,永兴材料,2025-09-30 10:35:54,38.4,21700,38.45,D
sz002756,永兴材料,2025-09-30 10:35:57,38.37,46700,38.4,D
sz002756,永兴材料,2025-09-30 10:36:00,38.39,11100,38.37,U
sz002756,永兴材料,2025-09-30 10:36:03,38.4,18900,38.39,U
sz002756,永兴材料,2025-09-30 10:36:06,38.4,27200,38.4,D
sz002756,永兴材料,2025-09-30 10:36:09,38.39,11700,38.4,E
sz002756,永兴材料,2025-09-30 10:36:12,38.5,64200,38.39,U
sz002756,永兴材料,2025-09-30 10:36:15,38.64,167260,38.5,U
sz002756,永兴材料,2025-09-30 10:36:18,38.61,98600,38.64,D
sz002756,永兴材料,2025-09-30 10:36:21,38.72,100200,38.61,U
sz002756,永兴材料,2025-09-30 10:36:24,38.66,31100,38.72,U
sz002756,永兴材料,2025-09-30 10:36:27,38.66,32900,38.66,E
sz002756,永兴材料,2025-09-30 10:36:30,38.71,34100,38.66,E
sz002756,永兴材料,2025-09-30 10:36:33,38.71,37500,38.71,D
sz002756,永兴材料,2025-09-30 10:36:36,38.72,41900,38.71,U
sz002756,永兴材料,2025-09-30 10:36:39,38.71,29200,38.72,E
sz002756,永兴材料,2025-09-30 10:36:42,38.64,27100,38.71,D
sz002756,永兴材料,2025-09-30 10:36:45,38.61,38900,38.64,D
sz002756,永兴材料,2025-09-30 10:36:48,38.72,31000,38.61,U
sz002756,永兴材料,2025-09-30 10:36:51,38.71,39800,38.72,U
sz002756,永兴材料,2025-09-30 10:36:54,38.71,34300,38.71,U
sz002756,永兴材料,2025-09-30 10:36:57,38.7,50700,38.71,D
sz002756,永兴材料,2025-09-30 10:37:00,38.65,40300,38.7,D
sz002756,永兴材料,2025-09-30 10:37:03,38.77,73900,38.65,U
sz002756,永兴材料,2025-09-30 10:37:06,38.77,29100,38.77,U
sz002756,永兴材料,2025-09-30 10:37:09,38.71,7900,38.77,D
sz002756,永兴材料,2025-09-30 10:37:12,38.72,24600,38.71,U
sz002756,永兴材料,2025-09-30 10:37:15,38.67,12900,38.72,E
sz002756,永兴材料,2025-09-30 10:37:18,38.66,50260,38.67,D
sz002756,永兴材料,2025-09-30 10:37:21,38.66,16300,38.66,D
sz002756,永兴材料,2025-09-30 10:37:24,38.78,49400,38.66,U
sz002756,永兴材料,2025-09-30 10:37:27,38.84,113900,38.78,U
sz002756,永兴材料,2025-09-30 10:37:30,38.85,54700,38.84,E
sz002756,永兴材料,2025-09-30 10:37:33,38.9,49730,38.85,U
sz002756,永兴材料,2025-09-30 10:37:36,38.91,108000,38.9,U
sz002756,永兴材料,2025-09-30 10:37:39,38.9,18400,38.91,D
sz002756,永兴材料,2025-09-30 10:37:42,38.98,47580,38.9,U
sz002756,永兴材料,2025-09-30 10:37:45,38.97,8100,38.98,E
sz002756,永兴材料,2025-09-30 10:37:48,38.98,37800,38.97,U
sz002756,永兴材料,2025-09-30 10:37:51,38.93,21600,38.98,U
sz002756,永兴材料,2025-09-30 10:37:54,38.97,34600,38.93,U
sz002756,永兴材料,2025-09-30 10:37:57,38.99,60600,38.97,U
sz002756,永兴材料,2025-09-30 10:38:00,39.05,167280,38.99,U
sz002756,永兴材料,2025-09-30 10:38:03,39.4,116100,39.05,U
sz002756,永兴材料,2025-09-30 10:38:06,39.33,35100,39.4,U
sz002756,永兴材料,2025-09-30 10:38:09,39.14,104400,39.33,D
sz002756,永兴材料,2025-09-30 10:38:12,39.16,5300,39.14,E
sz002756,永兴材料,2025-09-30 10:38:15,39.25,68600,39.16,U
sz002756,永兴材料,2025-09-30 10:38:18,39.15,74900,39.25,E
sz002756,永兴材料,2025-09-30 10:38:21,39.21,26600,39.15,U
sz002756,永兴材料,2025-09-30 10:38:24,39.15,77600,39.21,D
sz002756,永兴材料,2025-09-30 10:38:27,39.19,33800,39.15,E
sz002756,永兴材料,2025-09-30 10:38:30,39.23,84800,39.19,U
sz002756,永兴材料,2025-09-30 10:38:33,39.19,47200,39.23,D
sz002756,永兴材料,2025-09-30 10:38:36,39.19,11400,39.19,U
sz002756,永兴材料,2025-09-30 10:38:39,39.16,31900,39.19,D
sz002756,永兴材料,2025-09-30 10:38:42,39.17,11400,39.16,E
sz002756,永兴材料,2025-09-30 10:38:45,39.16,125300,39.17,D
sz002756,永兴材料,2025-09-30 10:38:48,39.1,14200,39.16,D
sz002756,永兴材料,2025-09-30 10:38:51,39.07,26600,39.1,E
sz002756,永兴材料,2025-09-30 10:38:54,39.1,33100,39.07,E
sz002756,永兴材料,2025-09-30 10:38:57,39.06,7600,39.1,D
sz002756,永兴材料,2025-09-30 10:39:00,39.07,60100,39.06,E
sz002756,永兴材料,2025-09-30 10:39:03,39.43,176790,39.07,U
sz002756,永兴材料,2025-09-30 10:39:06,39.44,22400,39.43,U
sz002756,永兴材料,2025-09-30 10:39:09,39.44,25000,39.44,U
sz002756,永兴材料,2025-09-30 10:39:12,39.48,16700,39.44,U
sz002756,永兴材料,2025-09-30 10:39:15,39.4,47000,39.48,E
sz002756,永兴材料,2025-09-30 10:39:18,39.33,20200,39.4,E
sz002756,永兴材料,2025-09-30 10:39:21,39.31,103600,39.33,E
sz002756,永兴材料,2025-09-30 10:39:24,39.32,28200,39.31,U
sz002756,永兴材料,2025-09-30 10:39:27,39.24,7000,39.32,D
sz002756,永兴材料,2025-09-30 10:39:30,39.33,36200,39.24,U
sz002756,永兴材料,2025-09-30 10:39:33,39.34,40900,39.33,U
sz002756,永兴材料,2025-09-30 10:39:36,39.33,41800,39.34,D
sz002756,永兴材料,2025-09-30 10:39:39,39.34,8900,39.33,U
sz002756,永兴材料,2025-09-30 10:39:42,39.25,21300,39.34,D
sz002756,永兴材料,2025-09-30 10:39:45,39.27,13900,39.25,E
sz002756,永兴材料,2025-09-30 10:39:51,39.24,14000,39.25,D
sz002756,永兴材料,2025-09-30 10:39:54,39.22,6800,39.24,D
sz002756,永兴材料,2025-09-30 10:39:57,39.21,20900,39.22,D
sz002756,永兴材料,2025-09-30 10:40:00,39.15,33100,39.21,D
sz002756,永兴材料,2025-09-30 10:40:03,39.2,15700,39.15,U
sz002756,永兴材料,2025-09-30 10:40:06,39.37,74710,39.2,U
sz002756,永兴材料,2025-09-30 10:40:09,39.43,9300,39.37,U
sz002756,永兴材料,2025-09-30 10:40:12,39.39,7500,39.43,E
sz002756,永兴材料,2025-09-30 10:40:15,39.35,39000,39.39,D
sz002756,永兴材料,2025-09-30 10:40:18,39.27,23700,39.35,D
sz002756,永兴材料,2025-09-30 10:40:21,39.3,7980,39.27,U
sz002756,永兴材料,2025-09-30 10:40:24,39.3,12300,39.3,U
sz002756,永兴材料,2025-09-30 10:40:27,39.28,8200,39.3,E
sz002756,永兴材料,2025-09-30 10:40:30,39.25,15600,39.28,E
sz002756,永兴材料,2025-09-30 10:40:33,39.22,22900,39.25,E
sz002756,永兴材料,2025-09-30 10:40:36,39.24,50700,39.22,E
sz002756,永兴材料,2025-09-30 10:40:39,39.22,7800,39.24,D
sz002756,永兴材料,2025-09-30 10:40:42,39.28,14900,39.22,U
sz002756,永兴材料,2025-09-30 10:40:45,39.25,30400,39.28,E
sz002756,永兴材料,2025-09-30 10:40:57,39.19,11000,39.21,D
sz002756,永兴材料,2025-09-30 10:41:00,39.18,34400,39.19,D
sz002756,永兴材料,2025-09-30 10:41:03,39.13,24100,39.18,D
sz002756,永兴材料,2025-09-30 10:41:06,39.06,25100,39.13,D
sz002756,永兴材料,2025-09-30 10:41:09,39.11,18300,39.06,U
sz002756,永兴材料,2025-09-30 10:41:12,39.12,15100,39.11,U
sz002756,永兴材料,2025-09-30 10:41:15,39.05,11100,39.12,D
sz002756,永兴材料,2025-09-30 10:41:24,39.01,12400,39.02,D
sz002756,永兴材料,2025-09-30 10:41:27,38.99,9400,39.01,D
sz002756,永兴材料,2025-09-30 10:41:33,38.98,7800,38.95,U
sz002756,永兴材料,2025-09-30 10:41:36,39.01,57500,38.98,U
sz002756,永兴材料,2025-09-30 10:41:39,39.05,34100,39.01,U
sz002756,永兴材料,2025-09-30 10:41:42,39.01,20900,39.05,D
sz002756,永兴材料,2025-09-30 10:41:45,39.03,21500,39.01,E
sz002756,永兴材料,2025-09-30 10:41:48,39.07,20000,39.03,E
sz002756,永兴材料,2025-09-30 10:41:54,39.02,16900,39.03,D
sz002756,永兴材料,2025-09-30 10:41:57,39.05,10400,39.02,E
sz002756,永兴材料,2025-09-30 10:42:00,39.02,7600,39.05,D
sz002756,永兴材料,2025-09-30 10:42:03,39.02,20300,39.02,U
sz002756,永兴材料,2025-09-30 10:42:06,38.98,27700,39.02,D
sz002756,永兴材料,2025-09-30 10:42:09,38.99,10200,38.98,E
sz002756,永兴材料,2025-09-30 10:42:12,39.1,11800,38.99,U
sz002756,永兴材料,2025-09-30 10:42:15,39.04,88200,39.1,E
sz002756,永兴材料,2025-09-30 10:42:18,39.0,13500,39.04,D
sz002756,永兴材料,2025-09-30 10:42:27,38.97,6200,39.02,D
sz002756,永兴材料,2025-09-30 10:42:30,38.97,8000,38.97,D
sz002756,永兴材料,2025-09-30 10:42:36,39.0,22600,38.97,U
sz002756,永兴材料,2025-09-30 10:42:39,38.95,10800,39.0,E
sz002756,永兴材料,2025-09-30 10:42:42,38.95,15300,38.95,D
sz002756,永兴材料,2025-09-30 10:42:45,38.93,17600,38.95,D
sz002756,永兴材料,2025-09-30 10:43:00,38.87,13300,38.9,D
sz002756,永兴材料,2025-09-30 10:43:03,38.85,5600,38.87,D
sz002756,永兴材料,2025-09-30 10:43:09,38.84,10700,38.85,D
sz002756,永兴材料,2025-09-30 10:43:12,38.91,55900,38.84,U
sz002756,永兴材料,2025-09-30 10:43:15,38.88,31600,38.91,E
sz002756,永兴材料,2025-09-30 10:43:18,38.95,89900,38.88,U
sz002756,永兴材料,2025-09-30 10:43:21,38.98,6800,38.95,U
sz002756,永兴材料,2025-09-30 10:43:27,38.93,12100,38.99,D
sz002756,永兴材料,2025-09-30 10:43:33,38.92,9600,38.93,D
sz002756,永兴材料,2025-09-30 10:43:36,38.91,6100,38.92,D
sz002756,永兴材料,2025-09-30 10:43:39,38.91,6600,38.91,U
sz002756,永兴材料,2025-09-30 10:43:42,38.94,39900,38.91,U
sz002756,永兴材料,2025-09-30 10:43:45,38.94,17100,38.94,U
sz002756,永兴材料,2025-09-30 10:43:48,38.92,16800,38.94,D
sz002756,永兴材料,2025-09-30 10:43:51,38.92,7100,38.92,D
sz002756,永兴材料,2025-09-30 10:44:03,39.05,86800,38.92,U
sz002756,永兴材料,2025-09-30 10:44:06,39.08,13800,39.05,U
sz002756,永兴材料,2025-09-30 10:44:12,39.1,10100,39.1,U
sz002756,永兴材料,2025-09-30 10:44:15,39.13,30000,39.1,U
sz002756,永兴材料,2025-09-30 10:44:18,39.09,36100,39.13,D
sz002756,永兴材料,2025-09-30 10:44:24,39.12,7700,39.1,E
sz002756,永兴材料,2025-09-30 10:44:27,39.1,16500,39.12,D
sz002756,永兴材料,2025-09-30 10:44:30,39.07,21800,39.1,D
sz002756,永兴材料,2025-09-30 10:44:39,39.0,6300,39.07,D
sz002756,永兴材料,2025-09-30 10:44:45,38.99,19500,39.04,D
sz002756,永兴材料,2025-09-30 10:44:48,39.14,9800,38.99,U
sz002756,永兴材料,2025-09-30 10:44:51,39.13,12600,39.14,D
sz002756,永兴材料,2025-09-30 10:44:54,39.13,14400,39.13,D
sz002756,永兴材料,2025-09-30 10:45:00,39.11,21100,39.1,U
sz002756,永兴材料,2025-09-30 10:45:03,39.13,23310,39.11,U
sz002756,永兴材料,2025-09-30 10:45:09,39.1,17190,39.12,D
sz002756,永兴材料,2025-09-30 10:45:15,39.08,7500,39.07,U
sz002756,永兴材料,2025-09-30 10:45:18,39.1,13600,39.08,U
sz002756,永兴材料,2025-09-30 10:45:21,39.14,24000,39.1,U
sz002756,永兴材料,2025-09-30 10:45:24,39.13,55400,39.14,E
sz002756,永兴材料,2025-09-30 10:45:27,39.15,16900,39.13,U
sz002756,永兴材料,2025-09-30 10:45:30,39.02,7000,39.15,D
sz002756,永兴材料,2025-09-30 10:45:36,38.94,5500,39.0,D
sz002756,永兴材料,2025-09-30 10:45:42,38.92,6700,38.92,D
sz002756,永兴材料,2025-09-30 10:45:45,38.92,7600,38.92,U
sz002756,永兴材料,2025-09-30 10:45:48,38.94,10800,38.92,U
sz002756,永兴材料,2025-09-30 10:45:51,38.9,29100,38.94,D
sz002756,永兴材料,2025-09-30 10:45:54,38.9,9400,38.9,D
sz002756,永兴材料,2025-09-30 10:45:57,38.92,5600,38.9,U
sz002756,永兴材料,2025-09-30 10:46:00,38.88,9500,38.92,D
sz002756,永兴材料,2025-09-30 10:46:03,38.82,5700,38.88,D
sz002756,永兴材料,2025-09-30 10:46:09,38.84,8100,38.83,D
sz002756,永兴材料,2025-09-30 10:46:15,38.83,15400,38.83,D
sz002756,永兴材料,2025-09-30 10:46:18,38.87,21100,38.83,U
sz002756,永兴材料,2025-09-30 10:46:21,38.9,22800,38.87,U
sz002756,永兴材料,2025-09-30 10:46:24,38.94,10500,38.9,U
sz002756,永兴材料,2025-09-30 10:46:48,38.92,8600,38.95,E
sz002756,永兴材料,2025-09-30 10:46:51,38.96,6300,38.92,U
sz002756,永兴材料,2025-09-30 10:46:54,38.95,29500,38.96,D
sz002756,永兴材料,2025-09-30 10:46:57,38.95,9900,38.95,U
sz002756,永兴材料,2025-09-30 10:47:00,38.95,7200,38.95,D
sz002756,永兴材料,2025-09-30 10:47:03,38.95,6400,38.95,D
sz002756,永兴材料,2025-09-30 10:47:06,38.93,5200,38.95,D
sz002756,永兴材料,2025-09-30 10:47:09,38.94,6100,38.93,E
sz002756,永兴材料,2025-09-30 10:47:15,38.92,11700,38.91,U
sz002756,永兴材料,2025-09-30 10:47:18,38.89,9600,38.92,D
sz002756,永兴材料,2025-09-30 10:47:21,38.92,6300,38.89,U
sz002756,永兴材料,2025-09-30 10:47:24,38.94,14900,38.92,U
sz002756,永兴材料,2025-09-30 10:47:27,38.91,35300,38.94,E
sz002756,永兴材料,2025-09-30 10:47:33,38.92,6600,38.92,D
sz002756,永兴材料,2025-09-30 10:47:36,38.98,6000,38.92,U
sz002756,永兴材料,2025-09-30 10:47:39,38.9,12100,38.98,D
sz002756,永兴材料,2025-09-30 10:47:42,38.92,13000,38.9,U
sz002756,永兴材料,2025-09-30 10:47:51,38.97,9700,38.91,U
sz002756,永兴材料,2025-09-30 10:47:54,39.0,67900,38.97,U
sz002756,永兴材料,2025-09-30 10:47:57,38.93,28600,39.0,D
sz002756,永兴材料,2025-09-30 10:48:03,38.93,5200,38.93,D
sz002756,永兴材料,2025-09-30 10:48:12,38.91,30400,38.93,D
sz002756,永兴材料,2025-09-30 10:48:18,38.89,14300,38.91,D
sz002756,永兴材料,2025-09-30 10:48:24,38.94,13400,38.92,U
sz002756,永兴材料,2025-09-30 10:48:27,38.97,13800,38.94,U
sz002756,永兴材料,2025-09-30 10:48:30,38.99,11000,38.97,U
sz002756,永兴材料,2025-09-30 10:48:42,38.95,10200,38.92,U
sz002756,永兴材料,2025-09-30 10:48:51,38.91,5200,38.9,E
sz002756,永兴材料,2025-09-30 10:48:54,38.91,6300,38.91,U
sz002756,永兴材料,2025-09-30 10:49:00,38.89,11200,38.9,D
sz002756,永兴材料,2025-09-30 10:49:03,38.96,20600,38.89,U
sz002756,永兴材料,2025-09-30 10:49:06,38.95,14800,38.96,D
sz002756,永兴材料,2025-09-30 10:49:09,38.95,7500,38.95,D
sz002756,永兴材料,2025-09-30 10:49:27,38.95,5500,38.93,U
sz002756,永兴材料,2025-09-30 10:49:30,38.95,8300,38.95,U
sz002756,永兴材料,2025-09-30 10:49:33,38.94,13300,38.95,U
sz002756,永兴材料,2025-09-30 10:49:36,38.95,7800,38.94,U
sz002756,永兴材料,2025-09-30 10:49:42,38.95,67900,38.95,U
sz002756,永兴材料,2025-09-30 10:49:45,38.94,6000,38.95,D
sz002756,永兴材料,2025-09-30 10:49:48,38.94,6760,38.94,U
sz002756,永兴材料,2025-09-30 10:49:57,38.94,8200,38.94,U
sz002756,永兴材料,2025-09-30 10:50:00,38.95,15820,38.94,U
sz002756,永兴材料,2025-09-30 10:50:03,38.99,34900,38.95,U
sz002756,永兴材料,2025-09-30 10:50:09,38.99,6100,38.99,D
sz002756,永兴材料,2025-09-30 10:50:15,38.93,8300,38.97,D
sz002756,永兴材料,2025-09-30 10:50:21,38.87,32000,38.91,D
sz002756,永兴材料,2025-09-30 10:50:24,38.88,10000,38.87,E
sz002756,永兴材料,2025-09-30 10:50:33,38.93,16100,38.89,U
sz002756,永兴材料,2025-09-30 10:50:36,38.93,9000,38.93,D
sz002756,永兴材料,2025-09-30 10:50:42,38.93,8200,38.93,D
sz002756,永兴材料,2025-09-30 10:50:45,38.92,11100,38.93,D
sz002756,永兴材料,2025-09-30 10:51:03,38.94,12200,38.9,U
sz002756,永兴材料,2025-09-30 10:51:06,38.95,35600,38.94,U
sz002756,永兴材料,2025-09-30 10:51:09,38.91,11000,38.95,D
sz002756,永兴材料,2025-09-30 10:51:21,38.92,20400,38.92,D
sz002756,永兴材料,2025-09-30 10:51:27,38.91,27000,38.9,E
sz002756,永兴材料,2025-09-30 10:51:33,38.93,15800,38.93,E
sz002756,永兴材料,2025-09-30 10:51:36,38.99,45700,38.93,U
sz002756,永兴材料,2025-09-30 10:51:42,38.95,10900,38.94,U
sz002756,永兴材料,2025-09-30 10:51:48,38.99,7300,38.99,U
sz002756,永兴材料,2025-09-30 10:52:00,38.95,5300,38.95,D
sz002756,永兴材料,2025-09-30 10:52:03,38.95,26600,38.95,U
sz002756,永兴材料,2025-09-30 10:52:06,39.0,13900,38.95,U
sz002756,永兴材料,2025-09-30 10:52:09,39.0,21750,39.0,U
sz002756,永兴材料,2025-09-30 10:52:24,39.01,23540,39.0,U
sz002756,永兴材料,2025-09-30 10:52:27,39.0,9300,39.01,D
sz002756,永兴材料,2025-09-30 10:52:33,39.0,7500,39.0,D
sz002756,永兴材料,2025-09-30 10:52:39,39.0,10360,39.0,D
sz002756,永兴材料,2025-09-30 10:52:42,39.01,18900,39.0,U
sz002756,永兴材料,2025-09-30 10:53:03,38.99,5500,39.0,D
sz002756,永兴材料,2025-09-30 10:53:09,39.02,116240,38.99,U
sz002756,永兴材料,2025-09-30 10:53:12,39.12,49100,39.02,U
sz002756,永兴材料,2025-09-30 10:53:18,39.12,6600,39.12,D
sz002756,永兴材料,2025-09-30 10:53:24,39.02,10500,39.12,D
sz002756,永兴材料,2025-09-30 10:53:33,39.04,12100,39.02,E
sz002756,永兴材料,2025-09-30 10:53:42,39.13,26700,39.12,U
sz002756,永兴材料,2025-09-30 10:54:03,39.12,29200,39.11,U
sz002756,永兴材料,2025-09-30 10:54:09,39.11,12900,39.1,U
sz002756,永兴材料,2025-09-30 10:54:12,39.12,6800,39.11,U
sz002756,永兴材料,2025-09-30 10:54:15,39.11,27100,39.12,D
sz002756,永兴材料,2025-09-30 10:54:21,39.15,6100,39.15,U
sz002756,永兴材料,2025-09-30 10:54:24,39.16,11760,39.15,U
sz002756,永兴材料,2025-09-30 10:54:27,39.17,7100,39.16,U
sz002756,永兴材料,2025-09-30 10:54:30,39.15,7500,39.17,D
sz002756,永兴材料,2025-09-30 10:54:39,39.15,10700,39.15,U
sz002756,永兴材料,2025-09-30 10:54:45,39.15,20600,39.15,E
sz002756,永兴材料,2025-09-30 10:54:48,39.17,20100,39.15,U
sz002756,永兴材料,2025-09-30 10:54:54,39.14,18900,39.17,D
sz002756,永兴材料,2025-09-30 10:54:57,39.15,5900,39.14,E
sz002756,永兴材料,2025-09-30 10:55:03,39.16,6200,39.15,U
sz002756,永兴材料,2025-09-30 10:55:06,39.16,6500,39.16,U
sz002756,永兴材料,2025-09-30 10:55:09,39.17,7000,39.16,U
sz002756,永兴材料,2025-09-30 10:55:15,39.18,9800,39.15,U
sz002756,永兴材料,2025-09-30 10:55:18,39.19,24000,39.18,U
sz002756,永兴材料,2025-09-30 10:55:21,39.16,14500,39.19,D
sz002756,永兴材料,2025-09-30 10:55:27,39.19,12280,39.15,U
sz002756,永兴材料,2025-09-30 10:55:33,39.19,10900,39.19,D
sz002756,永兴材料,2025-09-30 10:55:48,39.2,11200,39.19,U
sz002756,永兴材料,2025-09-30 10:55:51,39.18,19300,39.2,D
sz002756,永兴材料,2025-09-30 10:55:54,39.19,7500,39.18,U
sz002756,永兴材料,2025-09-30 10:56:00,39.2,15900,39.19,U
sz002756,永兴材料,2025-09-30 10:56:03,39.22,25900,39.2,U
sz002756,永兴材料,2025-09-30 10:56:06,39.2,9900,39.22,E
sz002756,永兴材料,2025-09-30 10:56:15,39.17,9260,39.2,D
sz002756,永兴材料,2025-09-30 10:56:18,39.17,7800,39.17,U
sz002756,永兴材料,2025-09-30 10:56:21,39.2,28700,39.17,U
sz002756,永兴材料,2025-09-30 10:56:33,39.15,6800,39.17,D
sz002756,永兴材料,2025-09-30 10:56:48,39.16,5800,39.17,D
sz002756,永兴材料,2025-09-30 10:56:51,39.19,14900,39.16,U
sz002756,永兴材料,2025-09-30 10:56:54,39.14,22700,39.19,D
sz002756,永兴材料,2025-09-30 10:57:00,39.11,8000,39.13,D
sz002756,永兴材料,2025-09-30 10:57:03,39.14,7300,39.11,U
sz002756,永兴材料,2025-09-30 10:57:09,39.12,6900,39.14,D
sz002756,永兴材料,2025-09-30 10:57:21,39.15,12200,39.13,U
sz002756,永兴材料,2025-09-30 10:57:24,39.16,12230,39.15,U
sz002756,永兴材料,2025-09-30 10:57:54,39.18,17900,39.15,U
sz002756,永兴材料,2025-09-30 10:57:57,39.18,61000,39.18,U
sz002756,永兴材料,2025-09-30 10:58:03,39.18,18200,39.16,E
sz002756,永兴材料,2025-09-30 10:58:09,39.19,5800,39.18,U
sz002756,永兴材料,2025-09-30 10:58:24,39.18,12000,39.15,U
sz002756,永兴材料,2025-09-30 10:58:27,39.21,17300,39.18,U
sz002756,永兴材料,2025-09-30 10:58:39,39.16,22300,39.17,D
sz002756,永兴材料,2025-09-30 10:58:57,39.14,18600,39.15,D
sz002756,永兴材料,2025-09-30 10:59:03,39.19,13500,39.15,U
sz002756,永兴材料,2025-09-30 10:59:18,39.14,5300,39.17,D
sz002756,永兴材料,2025-09-30 10:59:21,39.12,15900,39.14,D
sz002756,永兴材料,2025-09-30 10:59:27,39.12,8500,39.07,U
sz002756,永兴材料,2025-09-30 10:59:30,39.13,12400,39.12,U
sz002756,永兴材料,2025-09-30 10:59:33,39.13,7700,39.13,D
sz002756,永兴材料,2025-09-30 10:59:36,39.13,5600,39.13,U
sz002756,永兴材料,2025-09-30 10:59:57,39.06,12600,39.06,U
sz002756,永兴材料,2025-09-30 11:00:00,39.05,13800,39.06,E
sz002756,永兴材料,2025-09-30 11:00:03,39.06,18400,39.05,U
sz002756,永兴材料,2025-09-30 11:00:06,39.04,8600,39.06,D
sz002756,永兴材料,2025-09-30 11:00:24,39.03,5400,39.04,D
sz002756,永兴材料,2025-09-30 11:00:27,39.03,6900,39.03,D
sz002756,永兴材料,2025-09-30 11:00:30,39.07,10800,39.03,U
sz002756,永兴材料,2025-09-30 11:00:33,39.12,10730,39.07,U
sz002756,永兴材料,2025-09-30 11:00:42,39.1,6500,39.1,D
sz002756,永兴材料,2025-09-30 11:01:03,39.0,23300,39.08,D
sz002756,永兴材料,2025-09-30 11:01:06,39.04,8100,39.0,E
sz002756,永兴材料,2025-09-30 11:01:12,38.99,14700,39.02,D
sz002756,永兴材料,2025-09-30 11:01:24,38.92,11650,38.95,D
sz002756,永兴材料,2025-09-30 11:01:27,38.9,21600,38.92,D
sz002756,永兴材料,2025-09-30 11:01:33,38.88,12700,38.9,E
sz002756,永兴材料,2025-09-30 11:01:36,38.87,15700,38.88,D
sz002756,永兴材料,2025-09-30 11:01:39,38.9,6400,38.87,E
sz002756,永兴材料,2025-09-30 11:01:42,38.87,15000,38.9,D
sz002756,永兴材料,2025-09-30 11:01:45,38.89,16600,38.87,U
sz002756,永兴材料,2025-09-30 11:01:54,38.88,5800,38.89,E
sz002756,永兴材料,2025-09-30 11:01:57,38.86,5400,38.88,D
sz002756,永兴材料,2025-09-30 11:02:03,38.86,19400,38.87,D
sz002756,永兴材料,2025-09-30 11:02:06,38.94,25300,38.86,U
sz002756,永兴材料,2025-09-30 11:02:09,38.87,12100,38.94,D
sz002756,永兴材料,2025-09-30 11:02:12,38.9,8100,38.87,E
sz002756,永兴材料,2025-09-30 11:02:36,38.98,6600,38.95,U
sz002756,永兴材料,2025-09-30 11:02:39,38.93,19800,38.98,D
sz002756,永兴材料,2025-09-30 11:03:09,38.95,11800,38.93,U
sz002756,永兴材料,2025-09-30 11:03:18,38.9,5300,38.92,D
sz002756,永兴材料,2025-09-30 11:03:27,38.87,17800,38.9,D
sz002756,永兴材料,2025-09-30 11:03:39,38.91,7200,38.87,U
sz002756,永兴材料,2025-09-30 11:03:42,38.91,6500,38.91,U
sz002756,永兴材料,2025-09-30 11:04:03,38.9,10170,38.91,D
sz002756,永兴材料,2025-09-30 11:04:15,38.91,7700,38.9,U
sz002756,永兴材料,2025-09-30 11:04:21,38.91,7630,38.91,U
sz002756,永兴材料,2025-09-30 11:04:27,38.91,6800,38.92,D
sz002756,永兴材料,2025-09-30 11:04:48,38.92,19200,38.9,U
sz002756,永兴材料,2025-09-30 11:04:51,38.92,7000,38.92,U
sz002756,永兴材料,2025-09-30 11:05:15,38.94,9500,38.93,U
sz002756,永兴材料,2025-09-30 11:05:18,38.94,13800,38.94,U
sz002756,永兴材料,2025-09-30 11:05:21,38.93,14600,38.94,D
sz002756,永兴材料,2025-09-30 11:05:24,38.99,6400,38.93,U
sz002756,永兴材料,2025-09-30 11:05:48,39.0,5560,38.99,U
sz002756,永兴材料,2025-09-30 11:05:54,38.99,11100,39.0,D
sz002756,永兴材料,2025-09-30 11:05:57,39.04,13400,38.99,U
sz002756,永兴材料,2025-09-30 11:06:03,39.05,16000,39.05,U
sz002756,永兴材料,2025-09-30 11:06:18,39.02,6000,39.0,U
sz002756,永兴材料,2025-09-30 11:07:06,38.97,6800,38.98,D
sz002756,永兴材料,2025-09-30 11:07:27,39.0,11160,39.0,U
sz002756,永兴材料,2025-09-30 11:07:30,39.01,14930,39.0,U
sz002756,永兴材料,2025-09-30 11:07:33,39.02,9500,39.01,U
sz002756,永兴材料,2025-09-30 11:07:39,39.02,6500,39.02,U
sz002756,永兴材料,2025-09-30 11:07:42,39.0,6200,39.02,D
sz002756,永兴材料,2025-09-30 11:07:54,39.0,6500,39.0,U
sz002756,永兴材料,2025-09-30 11:08:03,39.0,6500,38.99,U
sz002756,永兴材料,2025-09-30 11:08:12,39.0,10830,38.98,U
sz002756,永兴材料,2025-09-30 11:08:36,39.01,15100,39.0,U
sz002756,永兴材料,2025-09-30 11:08:42,39.02,19200,39.02,U
sz002756,永兴材料,2025-09-30 11:08:48,39.02,7600,39.02,U
sz002756,永兴材料,2025-09-30 11:08:51,39.01,8000,39.02,D
sz002756,永兴材料,2025-09-30 11:08:54,39.0,7270,39.01,D
sz002756,永兴材料,2025-09-30 11:08:57,38.99,9500,39.0,E
sz002756,永兴材料,2025-09-30 11:09:00,39.01,9100,38.99,U
sz002756,永兴材料,2025-09-30 11:09:03,39.05,15300,39.01,U
sz002756,永兴材料,2025-09-30 11:09:12,39.0,14300,39.01,D
sz002756,永兴材料,2025-09-30 11:09:33,39.0,5900,39.0,U
sz002756,永兴材料,2025-09-30 11:09:45,38.99,6300,39.0,U
sz002756,永兴材料,2025-09-30 11:10:03,38.99,5900,38.99,U
sz002756,永兴材料,2025-09-30 11:10:06,38.99,22800,38.99,U
sz002756,永兴材料,2025-09-30 11:10:12,39.0,9300,39.0,U
sz002756,永兴材料,2025-09-30 11:10:24,39.0,14400,38.99,U
sz002756,永兴材料,2025-09-30 11:10:36,39.02,9100,39.0,U
sz002756,永兴材料,2025-09-30 11:10:39,39.0,6100,39.02,U
sz002756,永兴材料,2025-09-30 11:10:45,39.02,5200,38.99,U
sz002756,永兴材料,2025-09-30 11:11:00,39.02,12300,39.0,U
sz002756,永兴材料,2025-09-30 11:11:03,39.03,14800,39.02,U
sz002756,永兴材料,2025-09-30 11:11:06,39.07,11626,39.03,U
sz002756,永兴材料,2025-09-30 11:11:09,39.09,11800,39.07,U
sz002756,永兴材料,2025-09-30 11:11:18,39.1,6500,39.07,U
sz002756,永兴材料,2025-09-30 11:11:42,39.1,10300,39.09,U
sz002756,永兴材料,2025-09-30 11:11:45,39.08,8700,39.1,D
sz002756,永兴材料,2025-09-30 11:11:48,39.09,43700,39.08,U
sz002756,永兴材料,2025-09-30 11:11:51,39.09,8100,39.09,U
sz002756,永兴材料,2025-09-30 11:11:54,39.1,16600,39.09,U
sz002756,永兴材料,2025-09-30 11:11:57,39.1,33800,39.1,U
sz002756,永兴材料,2025-09-30 11:12:00,39.1,6300,39.1,U
sz002756,永兴材料,2025-09-30 11:12:03,39.17,21600,39.1,U
sz002756,永兴材料,2025-09-30 11:12:12,39.17,16300,39.13,U
sz002756,永兴材料,2025-09-30 11:12:15,39.14,6900,39.17,E
sz002756,永兴材料,2025-09-30 11:12:24,39.14,7300,39.18,D
sz002756,永兴材料,2025-09-30 11:12:42,39.12,14400,39.16,D
sz002756,永兴材料,2025-09-30 11:13:03,39.17,21600,39.16,U
sz002756,永兴材料,2025-09-30 11:13:06,39.15,29500,39.17,D
sz002756,永兴材料,2025-09-30 11:13:09,39.17,10300,39.15,U
sz002756,永兴材料,2025-09-30 11:13:12,39.15,5600,39.17,D
sz002756,永兴材料,2025-09-30 11:13:15,39.15,6000,39.15,U
sz002756,永兴材料,2025-09-30 11:13:54,39.17,5600,39.15,U
sz002756,永兴材料,2025-09-30 11:14:03,39.14,10400,39.15,D
sz002756,永兴材料,2025-09-30 11:14:18,39.17,7500,39.15,U
sz002756,永兴材料,2025-09-30 11:14:21,39.17,6500,39.17,U
sz002756,永兴材料,2025-09-30 11:14:24,39.17,7300,39.17,U
sz002756,永兴材料,2025-09-30 11:14:27,39.16,5300,39.17,D
sz002756,永兴材料,2025-09-30 11:14:36,39.13,5800,39.16,D
sz002756,永兴材料,2025-09-30 11:14:48,39.13,6900,39.15,D
sz002756,永兴材料,2025-09-30 11:14:51,39.14,8200,39.13,E
sz002756,永兴材料,2025-09-30 11:14:54,39.14,8600,39.14,U
sz002756,永兴材料,2025-09-30 11:15:03,39.13,12600,39.13,U
sz002756,永兴材料,2025-09-30 11:15:15,39.12,15100,39.13,D
sz002756,永兴材料,2025-09-30 11:15:18,39.08,8300,39.12,D
sz002756,永兴材料,2025-09-30 11:15:24,39.11,9200,39.05,U
sz002756,永兴材料,2025-09-30 11:15:30,39.07,8900,39.03,U
sz002756,永兴材料,2025-09-30 11:15:39,39.0,11000,39.05,D
sz002756,永兴材料,2025-09-30 11:15:42,39.0,7800,39.0,U
sz002756,永兴材料,2025-09-30 11:15:45,39.0,7700,39.0,U
sz002756,永兴材料,2025-09-30 11:15:54,39.0,5300,38.99,U
sz002756,永兴材料,2025-09-30 11:16:06,39.06,9500,39.07,E
sz002756,永兴材料,2025-09-30 11:16:12,39.05,5300,39.06,D
sz002756,永兴材料,2025-09-30 11:16:15,39.05,9600,39.05,D
sz002756,永兴材料,2025-09-30 11:16:21,38.99,10000,39.01,D
sz002756,永兴材料,2025-09-30 11:16:24,38.98,9300,38.99,D
sz002756,永兴材料,2025-09-30 11:16:30,39.0,9500,38.96,U
sz002756,永兴材料,2025-09-30 11:16:39,38.96,6700,38.96,D
sz002756,永兴材料,2025-09-30 11:16:54,39.0,5800,39.0,U
sz002756,永兴材料,2025-09-30 11:16:57,39.02,8100,39.0,U
sz002756,永兴材料,2025-09-30 11:17:00,38.98,19000,39.02,D
sz002756,永兴材料,2025-09-30 11:17:27,39.1,7500,39.08,U
sz002756,永兴材料,2025-09-30 11:17:33,39.08,6300,39.1,D
sz002756,永兴材料,2025-09-30 11:18:12,39.05,5500,39.09,D
sz002756,永兴材料,2025-09-30 11:18:15,39.07,5400,39.05,U
sz002756,永兴材料,2025-09-30 11:19:00,39.04,5900,39.06,D
sz002756,永兴材料,2025-09-30 11:19:03,39.04,5500,39.04,U
sz002756,永兴材料,2025-09-30 11:19:09,39.06,16800,39.04,U
sz002756,永兴材料,2025-09-30 11:19:12,39.06,7200,39.06,U
sz002756,永兴材料,2025-09-30 11:19:15,39.07,6200,39.06,U
sz002756,永兴材料,2025-09-30 11:19:18,39.07,16600,39.07,U
sz002756,永兴材料,2025-09-30 11:19:21,39.07,17500,39.07,U
sz002756,永兴材料,2025-09-30 11:19:39,39.02,5600,39.02,U
sz002756,永兴材料,2025-09-30 11:19:45,39.05,10100,39.02,U
sz002756,永兴材料,2025-09-30 11:19:48,39.02,5200,39.05,E
sz002756,永兴材料,2025-09-30 11:20:03,39.06,6900,39.05,U
sz002756,永兴材料,2025-09-30 11:20:06,39.05,10300,39.06,E
sz002756,永兴材料,2025-09-30 11:20:12,39.05,8300,39.05,U
sz002756,永兴材料,2025-09-30 11:20:18,38.97,7200,39.01,D
sz002756,永兴材料,2025-09-30 11:20:27,39.0,5200,38.95,U
sz002756,永兴材料,2025-09-30 11:20:42,38.95,5700,38.96,D
sz002756,永兴材料,2025-09-30 11:21:12,38.95,7900,38.96,D
sz002756,永兴材料,2025-09-30 11:21:15,38.95,6500,38.95,D
sz002756,永兴材料,2025-09-30 11:21:18,38.94,9300,38.95,D
sz002756,永兴材料,2025-09-30 11:21:24,38.94,5400,38.94,U
sz002756,永兴材料,2025-09-30 11:21:57,38.94,8400,38.96,D
sz002756,永兴材料,2025-09-30 11:22:00,38.94,6200,38.94,U
sz002756,永兴材料,2025-09-30 11:22:03,38.98,6100,38.94,U
sz002756,永兴材料,2025-09-30 11:22:15,38.98,10900,38.99,D
sz002756,永兴材料,2025-09-30 11:23:39,38.98,5200,38.97,U
sz002756,永兴材料,2025-09-30 11:24:48,38.99,8500,38.98,U
sz002756,永兴材料,2025-09-30 11:25:06,38.98,7400,38.98,D
sz002756,永兴材料,2025-09-30 11:26:15,38.99,35598,38.97,U
sz002756,永兴材料,2025-09-30 11:26:18,39.0,13800,38.99,U
sz002756,永兴材料,2025-09-30 11:26:24,38.97,7700,39.0,D
sz002756,永兴材料,2025-09-30 11:27:06,38.99,12600,38.99,U
sz002756,永兴材料,2025-09-30 11:27:12,38.99,7300,38.99,U
sz002756,永兴材料,2025-09-30 11:27:42,39.0,10500,38.99,U
sz002756,永兴材料,2025-09-30 11:27:54,38.98,6600,38.98,D
sz002756,永兴材料,2025-09-30 11:28:24,38.98,7800,38.98,U
sz002756,永兴材料,2025-09-30 11:28:27,38.99,13100,38.98,U
sz002756,永兴材料,2025-09-30 11:28:30,38.98,5400,38.99,D
sz002756,永兴材料,2025-09-30 11:29:00,39.0,5900,38.98,U
sz002756,永兴材料,2025-09-30 11:29:33,38.99,6600,38.98,U
sz002756,永兴材料,2025-09-30 11:29:54,38.99,5630,38.99,U
sz002756,永兴材料,2025-09-30 13:00:00,38.97,47100,38.98,D
sz002756,永兴材料,2025-09-30 13:00:03,38.96,44900,38.97,E
sz002756,永兴材料,2025-09-30 13:00:06,38.92,8700,38.96,D
sz002756,永兴材料,2025-09-30 13:00:09,38.89,11500,38.92,D
sz002756,永兴材料,2025-09-30 13:00:18,38.89,11600,38.91,D
sz002756,永兴材料,2025-09-30 13:00:36,38.89,7100,38.86,U
sz002756,永兴材料,2025-09-30 13:00:48,38.85,13400,38.88,D
sz002756,永兴材料,2025-09-30 13:00:57,38.84,7700,38.85,D
sz002756,永兴材料,2025-09-30 13:01:06,38.83,6100,38.82,U
sz002756,永兴材料,2025-09-30 13:01:12,38.81,15000,38.82,D
sz002756,永兴材料,2025-09-30 13:01:15,38.79,45000,38.81,D
sz002756,永兴材料,2025-09-30 13:01:18,38.77,5300,38.79,E
sz002756,永兴材料,2025-09-30 13:01:36,38.75,7100,38.74,U
sz002756,永兴材料,2025-09-30 13:01:39,38.77,7100,38.75,U
sz002756,永兴材料,2025-09-30 13:02:12,38.87,5600,38.83,U
sz002756,永兴材料,2025-09-30 13:02:24,38.84,5800,38.87,D
sz002756,永兴材料,2025-09-30 13:02:30,38.83,11900,38.86,D
sz002756,永兴材料,2025-09-30 13:02:33,38.79,5600,38.83,D
sz002756,永兴材料,2025-09-30 13:02:39,38.76,9700,38.79,D
sz002756,永兴材料,2025-09-30 13:03:15,38.78,7300,38.8,D
sz002756,永兴材料,2025-09-30 13:04:12,38.86,17100,38.83,U
sz002756,永兴材料,2025-09-30 13:04:21,38.87,5400,38.88,E
sz002756,永兴材料,2025-09-30 13:04:36,38.78,29460,38.86,D
sz002756,永兴材料,2025-09-30 13:05:18,38.79,10100,38.79,D
sz002756,永兴材料,2025-09-30 13:06:03,38.76,12700,38.76,D
sz002756,永兴材料,2025-09-30 13:06:06,38.74,11800,38.76,D
sz002756,永兴材料,2025-09-30 13:06:15,38.72,24200,38.74,D
sz002756,永兴材料,2025-09-30 13:06:27,38.72,14800,38.71,U
sz002756,永兴材料,2025-09-30 13:06:33,38.7,10300,38.71,D
sz002756,永兴材料,2025-09-30 13:06:54,38.7,15500,38.69,U
sz002756,永兴材料,2025-09-30 13:06:57,38.72,21100,38.7,U
sz002756,永兴材料,2025-09-30 13:07:00,38.74,5700,38.72,U
sz002756,永兴材料,2025-09-30 13:07:18,38.7,6800,38.72,D
sz002756,永兴材料,2025-09-30 13:08:12,38.72,42200,38.69,U
sz002756,永兴材料,2025-09-30 13:08:15,38.72,21460,38.72,U
sz002756,永兴材料,2025-09-30 13:08:39,38.72,12400,38.73,D
sz002756,永兴材料,2025-09-30 13:08:48,38.75,25100,38.73,U
sz002756,永兴材料,2025-09-30 13:09:06,38.73,7500,38.75,D
sz002756,永兴材料,2025-09-30 13:09:42,38.72,8900,38.72,U
sz002756,永兴材料,2025-09-30 13:10:00,38.74,5600,38.73,U
sz002756,永兴材料,2025-09-30 13:10:03,38.76,12600,38.74,U
sz002756,永兴材料,2025-09-30 13:10:36,38.81,9600,38.79,U
sz002756,永兴材料,2025-09-30 13:11:51,38.83,17070,38.79,U
sz002756,永兴材料,2025-09-30 13:11:57,38.86,19000,38.85,U
sz002756,永兴材料,2025-09-30 13:12:03,38.87,5400,38.87,U
sz002756,永兴材料,2025-09-30 13:12:06,38.88,7800,38.87,U
sz002756,永兴材料,2025-09-30 13:12:09,38.89,12200,38.88,U
sz002756,永兴材料,2025-09-30 13:12:12,38.91,11100,38.89,U
sz002756,永兴材料,2025-09-30 13:12:18,38.91,7700,38.9,E
sz002756,永兴材料,2025-09-30 13:12:36,38.87,15000,38.89,D
sz002756,永兴材料,2025-09-30 13:12:39,38.89,8900,38.87,U
sz002756,永兴材料,2025-09-30 13:13:03,38.88,7500,38.87,U
sz002756,永兴材料,2025-09-30 13:13:27,38.88,30200,38.88,U
sz002756,永兴材料,2025-09-30 13:13:30,38.88,14300,38.88,U
sz002756,永兴材料,2025-09-30 13:13:33,38.88,10300,38.88,D
sz002756,永兴材料,2025-09-30 13:13:54,38.88,9000,38.89,D
sz002756,永兴材料,2025-09-30 13:14:39,38.88,13600,38.89,D
sz002756,永兴材料,2025-09-30 13:14:45,38.89,5800,38.89,E
sz002756,永兴材料,2025-09-30 13:15:33,38.9,13400,38.9,U
sz002756,永兴材料,2025-09-30 13:15:36,38.9,5800,38.9,U
sz002756,永兴材料,2025-09-30 13:15:39,38.89,11716,38.9,D
sz002756,永兴材料,2025-09-30 13:15:54,38.88,5300,38.89,D
sz002756,永兴材料,2025-09-30 13:16:12,38.85,5800,38.89,D
sz002756,永兴材料,2025-09-30 13:16:45,38.8,5200,38.82,D
sz002756,永兴材料,2025-09-30 13:17:30,38.8,8300,38.8,U
sz002756,永兴材料,2025-09-30 13:17:45,38.8,6300,38.8,U
sz002756,永兴材料,2025-09-30 13:18:21,38.82,5300,38.82,U
sz002756,永兴材料,2025-09-30 13:18:24,38.82,8290,38.82,U
sz002756,永兴材料,2025-09-30 13:18:33,38.83,5700,38.83,U
sz002756,永兴材料,2025-09-30 13:19:42,38.82,6700,38.82,U
sz002756,永兴材料,2025-09-30 13:20:54,38.78,9400,38.79,D
sz002756,永兴材料,2025-09-30 13:21:03,38.75,13100,38.77,D
sz002756,永兴材料,2025-09-30 13:22:42,38.72,7000,38.72,D
sz002756,永兴材料,2025-09-30 13:22:51,38.71,14500,38.71,U
sz002756,永兴材料,2025-09-30 13:22:54,38.71,13800,38.71,D
sz002756,永兴材料,2025-09-30 13:22:57,38.71,15600,38.71,D
sz002756,永兴材料,2025-09-30 13:23:00,38.73,13100,38.71,U
sz002756,永兴材料,2025-09-30 13:23:03,38.73,6400,38.73,U
sz002756,永兴材料,2025-09-30 13:23:21,38.73,7600,38.73,D
sz002756,永兴材料,2025-09-30 13:24:09,38.71,6800,38.72,D
sz002756,永兴材料,2025-09-30 13:24:21,38.71,13600,38.72,D
sz002756,永兴材料,2025-09-30 13:24:30,38.72,5600,38.72,U
sz002756,永兴材料,2025-09-30 13:24:33,38.72,10400,38.72,D
sz002756,永兴材料,2025-09-30 13:25:18,38.73,6100,38.74,U
sz002756,永兴材料,2025-09-30 13:26:15,38.73,5500,38.73,D
sz002756,永兴材料,2025-09-30 13:26:27,38.72,6000,38.74,D
sz002756,永兴材料,2025-09-30 13:27:21,38.72,6500,38.73,D
sz002756,永兴材料,2025-09-30 13:27:30,38.71,8500,38.72,D
sz002756,永兴材料,2025-09-30 13:27:57,38.7,6100,38.7,D
sz002756,永兴材料,2025-09-30 13:28:00,38.7,18640,38.7,D
sz002756,永兴材料,2025-09-30 13:28:03,38.69,5500,38.7,D
sz002756,永兴材料,2025-09-30 13:30:45,38.79,6700,38.8,D
sz002756,永兴材料,2025-09-30 13:31:12,38.81,7100,38.81,U
sz002756,永兴材料,2025-09-30 13:31:21,38.84,21400,38.82,U
sz002756,永兴材料,2025-09-30 13:31:24,38.86,20800,38.84,U
sz002756,永兴材料,2025-09-30 13:32:06,38.84,21900,38.86,D
sz002756,永兴材料,2025-09-30 13:32:39,38.83,9900,38.83,U
sz002756,永兴材料,2025-09-30 13:33:03,38.78,38000,38.81,D
sz002756,永兴材料,2025-09-30 13:33:06,38.78,13200,38.78,D
sz002756,永兴材料,2025-09-30 13:33:09,38.77,7100,38.78,D
sz002756,永兴材料,2025-09-30 13:33:33,38.78,10030,38.73,U
sz002756,永兴材料,2025-09-30 13:34:36,38.78,12100,38.79,D
sz002756,永兴材料,2025-09-30 13:35:39,38.69,13500,38.69,D
sz002756,永兴材料,2025-09-30 13:35:51,38.69,5400,38.69,U
sz002756,永兴材料,2025-09-30 13:35:54,38.68,17700,38.69,D
sz002756,永兴材料,2025-09-30 13:36:03,38.7,9500,38.67,U
sz002756,永兴材料,2025-09-30 13:36:06,38.71,6700,38.7,U
sz002756,永兴材料,2025-09-30 13:36:27,38.71,8800,38.73,D
sz002756,永兴材料,2025-09-30 13:37:09,38.7,11700,38.72,D
sz002756,永兴材料,2025-09-30 13:38:15,38.7,5700,38.7,U
sz002756,永兴材料,2025-09-30 13:38:18,38.71,6900,38.7,U
sz002756,永兴材料,2025-09-30 13:39:03,38.7,6300,38.7,D
sz002756,永兴材料,2025-09-30 13:39:18,38.71,7400,38.71,U
sz002756,永兴材料,2025-09-30 13:40:06,38.77,22800,38.74,U
sz002756,永兴材料,2025-09-30 13:40:24,38.77,11500,38.78,D
sz002756,永兴材料,2025-09-30 13:40:57,38.71,33400,38.76,D
sz002756,永兴材料,2025-09-30 13:41:33,38.75,5400,38.75,D
sz002756,永兴材料,2025-09-30 13:41:57,38.77,6100,38.76,U
sz002756,永兴材料,2025-09-30 13:42:00,38.78,11500,38.77,U
sz002756,永兴材料,2025-09-30 13:42:03,38.78,9350,38.78,U
sz002756,永兴材料,2025-09-30 13:42:21,38.79,6600,38.79,U
sz002756,永兴材料,2025-09-30 13:42:48,38.75,7800,38.76,D
sz002756,永兴材料,2025-09-30 13:42:51,38.74,6000,38.75,D
sz002756,永兴材料,2025-09-30 13:43:51,38.77,9400,38.76,U
sz002756,永兴材料,2025-09-30 13:44:15,38.78,12400,38.77,U
sz002756,永兴材料,2025-09-30 13:44:18,38.79,27000,38.78,U
sz002756,永兴材料,2025-09-30 13:44:24,38.79,18000,38.8,D
sz002756,永兴材料,2025-09-30 13:44:27,38.81,10347,38.79,U
sz002756,永兴材料,2025-09-30 13:44:42,38.81,8500,38.81,D
sz002756,永兴材料,2025-09-30 13:45:03,38.85,6300,38.85,U
sz002756,永兴材料,2025-09-30 13:45:09,38.86,7900,38.86,U
sz002756,永兴材料,2025-09-30 13:45:21,38.86,20000,38.86,U
sz002756,永兴材料,2025-09-30 13:45:36,38.84,7900,38.86,D
sz002756,永兴材料,2025-09-30 13:46:36,38.8,6100,38.8,D
sz002756,永兴材料,2025-09-30 13:47:24,38.8,10200,38.8,U
sz002756,永兴材料,2025-09-30 13:47:57,38.85,6000,38.85,U
sz002756,永兴材料,2025-09-30 13:48:03,38.83,27000,38.85,D
sz002756,永兴材料,2025-09-30 13:48:06,38.8,8400,38.83,D
sz002756,永兴材料,2025-09-30 13:48:39,38.78,8000,38.78,D
sz002756,永兴材料,2025-09-30 13:48:48,38.79,7700,38.8,D
sz002756,永兴材料,2025-09-30 13:49:06,38.79,5500,38.79,U
sz002756,永兴材料,2025-09-30 13:49:12,38.77,7600,38.77,D
sz002756,永兴材料,2025-09-30 13:49:57,38.79,10900,38.77,U
sz002756,永兴材料,2025-09-30 13:50:00,38.8,7500,38.79,U
sz002756,永兴材料,2025-09-30 13:50:03,38.79,7100,38.8,D
sz002756,永兴材料,2025-09-30 13:50:15,38.79,5600,38.79,D
sz002756,永兴材料,2025-09-30 13:50:18,38.78,5300,38.79,D
sz002756,永兴材料,2025-09-30 13:51:00,38.8,6200,38.8,U
sz002756,永兴材料,2025-09-30 13:51:51,38.8,6300,38.83,D
sz002756,永兴材料,2025-09-30 13:51:57,38.8,9100,38.8,U
sz002756,永兴材料,2025-09-30 13:52:21,38.82,5300,38.8,U
sz002756,永兴材料,2025-09-30 13:52:48,38.79,9400,38.8,D
sz002756,永兴材料,2025-09-30 13:53:24,38.79,11100,38.77,U
sz002756,永兴材料,2025-09-30 13:53:45,38.79,7600,38.78,U
sz002756,永兴材料,2025-09-30 13:53:48,38.8,6900,38.79,U
sz002756,永兴材料,2025-09-30 13:55:03,38.78,8800,38.78,U
sz002756,永兴材料,2025-09-30 13:55:12,38.78,6900,38.78,U
sz002756,永兴材料,2025-09-30 13:55:24,38.79,11100,38.78,D
sz002756,永兴材料,2025-09-30 13:55:42,38.79,8300,38.78,U
sz002756,永兴材料,2025-09-30 13:55:51,38.79,6700,38.79,U
sz002756,永兴材料,2025-09-30 13:55:54,38.78,8700,38.79,D
sz002756,永兴材料,2025-09-30 13:56:03,38.78,10700,38.79,D
sz002756,永兴材料,2025-09-30 13:56:21,38.8,14700,38.79,U
sz002756,永兴材料,2025-09-30 13:56:30,38.78,16800,38.8,D
sz002756,永兴材料,2025-09-30 13:56:33,38.81,19100,38.78,U
sz002756,永兴材料,2025-09-30 13:56:36,38.82,14720,38.81,U
sz002756,永兴材料,2025-09-30 13:56:39,38.83,6500,38.82,U
sz002756,永兴材料,2025-09-30 13:56:42,38.83,12100,38.83,U
sz002756,永兴材料,2025-09-30 13:56:45,38.83,7300,38.83,D
sz002756,永兴材料,2025-09-30 13:56:51,38.84,21100,38.84,U
sz002756,永兴材料,2025-09-30 13:56:54,38.84,6500,38.84,U
sz002756,永兴材料,2025-09-30 13:57:00,38.82,5500,38.83,D
sz002756,永兴材料,2025-09-30 13:57:03,38.84,10900,38.82,U
sz002756,永兴材料,2025-09-30 13:57:06,38.82,8400,38.84,D
sz002756,永兴材料,2025-09-30 13:57:18,38.82,8000,38.82,D
sz002756,永兴材料,2025-09-30 13:57:21,38.82,11200,38.82,U
sz002756,永兴材料,2025-09-30 13:57:33,38.79,13300,38.81,D
sz002756,永兴材料,2025-09-30 13:57:42,38.8,7600,38.8,U
sz002756,永兴材料,2025-09-30 13:57:45,38.84,20900,38.8,U
sz002756,永兴材料,2025-09-30 13:58:03,38.79,10600,38.79,U
sz002756,永兴材料,2025-09-30 13:58:12,38.8,9200,38.79,U
sz002756,永兴材料,2025-09-30 13:58:27,38.78,8400,38.79,D
sz002756,永兴材料,2025-09-30 13:58:42,38.79,9700,38.79,D
sz002756,永兴材料,2025-09-30 13:59:03,38.81,7200,38.8,U
sz002756,永兴材料,2025-09-30 13:59:06,38.81,8800,38.81,D
sz002756,永兴材料,2025-09-30 13:59:12,38.82,7700,38.83,E
sz002756,永兴材料,2025-09-30 13:59:21,38.82,7600,38.82,U
sz002756,永兴材料,2025-09-30 13:59:36,38.8,13900,38.83,D
sz002756,永兴材料,2025-09-30 13:59:39,38.83,7200,38.8,U
sz002756,永兴材料,2025-09-30 13:59:51,38.84,7700,38.84,U
sz002756,永兴材料,2025-09-30 14:00:09,38.82,10800,38.82,D
sz002756,永兴材料,2025-09-30 14:00:21,38.83,9100,38.82,U
sz002756,永兴材料,2025-09-30 14:00:30,38.82,9200,38.81,U
sz002756,永兴材料,2025-09-30 14:00:33,38.82,14100,38.82,U
sz002756,永兴材料,2025-09-30 14:01:42,38.83,10200,38.82,U
sz002756,永兴材料,2025-09-30 14:02:27,38.8,5600,38.81,D
sz002756,永兴材料,2025-09-30 14:03:33,38.8,6900,38.8,U
sz002756,永兴材料,2025-09-30 14:03:39,38.8,6300,38.8,U
sz002756,永兴材料,2025-09-30 14:04:03,38.83,104600,38.8,U
sz002756,永兴材料,2025-09-30 14:04:06,38.84,16100,38.83,U
sz002756,永兴材料,2025-09-30 14:04:09,38.85,42300,38.84,U
sz002756,永兴材料,2025-09-30 14:04:12,38.86,65400,38.85,U
sz002756,永兴材料,2025-09-30 14:04:15,38.87,41240,38.86,U
sz002756,永兴材料,2025-09-30 14:04:18,38.88,35000,38.87,U
sz002756,永兴材料,2025-09-30 14:04:21,38.88,6100,38.88,U
sz002756,永兴材料,2025-09-30 14:04:27,38.87,9900,38.88,D
sz002756,永兴材料,2025-09-30 14:04:36,38.88,9900,38.86,U
sz002756,永兴材料,2025-09-30 14:07:21,38.86,6200,38.85,U
sz002756,永兴材料,2025-09-30 14:07:42,38.87,5340,38.86,U
sz002756,永兴材料,2025-09-30 14:08:30,38.84,9600,38.86,D
sz002756,永兴材料,2025-09-30 14:08:45,38.85,6700,38.85,U
sz002756,永兴材料,2025-09-30 14:08:54,38.86,17900,38.83,U
sz002756,永兴材料,2025-09-30 14:09:42,38.81,13700,38.83,D
sz002756,永兴材料,2025-09-30 14:10:00,38.81,23400,38.83,D
sz002756,永兴材料,2025-09-30 14:11:03,38.8,12200,38.8,D
sz002756,永兴材料,2025-09-30 14:11:48,38.79,11800,38.8,D
sz002756,永兴材料,2025-09-30 14:11:54,38.83,13200,38.82,U
sz002756,永兴材料,2025-09-30 14:12:51,38.83,6700,38.82,U
sz002756,永兴材料,2025-09-30 14:13:00,38.82,5300,38.82,D
sz002756,永兴材料,2025-09-30 14:15:33,38.81,6600,38.81,D
sz002756,永兴材料,2025-09-30 14:15:45,38.8,7130,38.8,D
sz002756,永兴材料,2025-09-30 14:15:51,38.8,7270,38.8,D
sz002756,永兴材料,2025-09-30 14:16:03,38.8,8300,38.8,U
sz002756,永兴材料,2025-09-30 14:16:42,38.81,22700,38.8,U
sz002756,永兴材料,2025-09-30 14:17:12,38.8,20306,38.8,U
sz002756,永兴材料,2025-09-30 14:17:15,38.81,10200,38.8,U
sz002756,永兴材料,2025-09-30 14:17:21,38.83,22790,38.81,U
sz002756,永兴材料,2025-09-30 14:17:27,38.84,37270,38.82,U
sz002756,永兴材料,2025-09-30 14:17:30,38.85,10600,38.84,U
sz002756,永兴材料,2025-09-30 14:18:51,38.82,7700,38.84,D
sz002756,永兴材料,2025-09-30 14:20:00,38.83,13000,38.83,U
sz002756,永兴材料,2025-09-30 14:20:57,38.82,25300,38.82,D
sz002756,永兴材料,2025-09-30 14:21:00,38.85,6200,38.82,U
sz002756,永兴材料,2025-09-30 14:21:21,38.85,7400,38.85,U
sz002756,永兴材料,2025-09-30 14:21:24,38.84,8600,38.85,D
sz002756,永兴材料,2025-09-30 14:22:36,38.89,88690,38.84,U
sz002756,永兴材料,2025-09-30 14:22:39,38.9,7400,38.89,U
sz002756,永兴材料,2025-09-30 14:22:42,38.9,9500,38.9,U
sz002756,永兴材料,2025-09-30 14:22:48,38.9,13500,38.9,U
sz002756,永兴材料,2025-09-30 14:22:51,38.91,28870,38.9,U
sz002756,永兴材料,2025-09-30 14:23:03,38.92,5600,38.93,D
sz002756,永兴材料,2025-09-30 14:23:12,38.89,5800,38.92,D
sz002756,永兴材料,2025-09-30 14:24:00,38.9,6600,38.91,D
sz002756,永兴材料,2025-09-30 14:25:27,38.89,10300,38.89,D
sz002756,永兴材料,2025-09-30 14:25:39,38.89,7600,38.89,U
sz002756,永兴材料,2025-09-30 14:26:06,38.89,11790,38.88,U
sz002756,永兴材料,2025-09-30 14:26:09,38.9,9300,38.89,U
sz002756,永兴材料,2025-09-30 14:26:12,38.9,20200,38.9,U
sz002756,永兴材料,2025-09-30 14:26:15,38.89,6600,38.9,D
sz002756,永兴材料,2025-09-30 14:26:21,38.89,10900,38.9,D
sz002756,永兴材料,2025-09-30 14:26:30,38.9,22700,38.9,U
sz002756,永兴材料,2025-09-30 14:26:57,38.9,44200,38.89,U
sz002756,永兴材料,2025-09-30 14:27:42,38.87,11000,38.89,D
sz002756,永兴材料,2025-09-30 14:27:45,38.87,5200,38.87,D
sz002756,永兴材料,2025-09-30 14:28:09,38.86,16700,38.87,D
sz002756,永兴材料,2025-09-30 14:28:30,38.87,6400,38.86,U
sz002756,永兴材料,2025-09-30 14:28:42,38.85,25210,38.87,D
sz002756,永兴材料,2025-09-30 14:29:03,38.85,11800,38.84,U
sz002756,永兴材料,2025-09-30 14:29:12,38.84,7200,38.83,D
sz002756,永兴材料,2025-09-30 14:29:21,38.82,40600,38.83,D
sz002756,永兴材料,2025-09-30 14:29:24,38.84,7100,38.82,U
sz002756,永兴材料,2025-09-30 14:29:33,38.85,10800,38.83,U
sz002756,永兴材料,2025-09-30 14:29:42,38.84,18000,38.85,D
sz002756,永兴材料,2025-09-30 14:29:51,38.82,8200,38.84,D
sz002756,永兴材料,2025-09-30 14:30:03,38.83,10800,38.82,U
sz002756,永兴材料,2025-09-30 14:30:06,38.84,6400,38.83,U
sz002756,永兴材料,2025-09-30 14:30:30,38.82,15900,38.84,D
sz002756,永兴材料,2025-09-30 14:30:42,38.83,5400,38.82,U
sz002756,永兴材料,2025-09-30 14:31:06,38.83,5300,38.82,U
sz002756,永兴材料,2025-09-30 14:31:18,38.83,5300,38.82,U
sz002756,永兴材料,2025-09-30 14:31:21,38.81,6400,38.83,D
sz002756,永兴材料,2025-09-30 14:31:45,38.8,5600,38.8,D
sz002756,永兴材料,2025-09-30 14:31:48,38.8,5600,38.8,D
sz002756,永兴材料,2025-09-30 14:31:54,38.79,6500,38.8,D
sz002756,永兴材料,2025-09-30 14:31:57,38.79,6500,38.79,D
sz002756,永兴材料,2025-09-30 14:32:06,38.81,7000,38.8,U
sz002756,永兴材料,2025-09-30 14:32:51,38.8,22900,38.81,D
sz002756,永兴材料,2025-09-30 14:32:54,38.81,19600,38.8,E
sz002756,永兴材料,2025-09-30 14:32:57,38.84,38900,38.81,U
sz002756,永兴材料,2025-09-30 14:33:00,38.84,7000,38.84,U
sz002756,永兴材料,2025-09-30 14:33:03,38.85,8800,38.84,U
sz002756,永兴材料,2025-09-30 14:33:06,38.84,16000,38.85,E
sz002756,永兴材料,2025-09-30 14:33:39,38.82,10900,38.8,U
sz002756,永兴材料,2025-09-30 14:33:57,38.82,5400,38.82,D
sz002756,永兴材料,2025-09-30 14:34:12,38.82,5500,38.82,D
sz002756,永兴材料,2025-09-30 14:34:42,38.8,6800,38.81,D
sz002756,永兴材料,2025-09-30 14:34:51,38.8,16300,38.8,D
sz002756,永兴材料,2025-09-30 14:35:03,38.8,11000,38.8,U
sz002756,永兴材料,2025-09-30 14:35:09,38.8,5900,38.8,U
sz002756,永兴材料,2025-09-30 14:35:12,38.8,5900,38.8,U
sz002756,永兴材料,2025-09-30 14:35:18,38.8,5400,38.8,U
sz002756,永兴材料,2025-09-30 14:35:30,38.8,8600,38.8,D
sz002756,永兴材料,2025-09-30 14:35:36,38.82,12900,38.81,U
sz002756,永兴材料,2025-09-30 14:35:39,38.83,83300,38.82,U
sz002756,永兴材料,2025-09-30 14:35:45,38.85,32690,38.82,U
sz002756,永兴材料,2025-09-30 14:35:51,38.87,48820,38.86,U
sz002756,永兴材料,2025-09-30 14:35:57,38.89,6400,38.88,U
sz002756,永兴材料,2025-09-30 14:36:00,38.89,6900,38.89,D
sz002756,永兴材料,2025-09-30 14:36:03,38.9,18800,38.89,U
sz002756,永兴材料,2025-09-30 14:36:06,38.91,49400,38.9,U
sz002756,永兴材料,2025-09-30 14:36:09,38.91,7200,38.91,U
sz002756,永兴材料,2025-09-30 14:36:12,38.9,11300,38.91,D
sz002756,永兴材料,2025-09-30 14:36:18,38.89,9300,38.91,D
sz002756,永兴材料,2025-09-30 14:36:21,38.86,12400,38.89,D
sz002756,永兴材料,2025-09-30 14:36:36,38.85,15800,38.88,D
sz002756,永兴材料,2025-09-30 14:37:21,38.85,62800,38.85,D
sz002756,永兴材料,2025-09-30 14:37:42,38.86,6000,38.86,D
sz002756,永兴材料,2025-09-30 14:38:21,38.85,6500,38.85,D
sz002756,永兴材料,2025-09-30 14:39:03,38.84,5500,38.83,U
sz002756,永兴材料,2025-09-30 14:39:06,38.84,8300,38.84,U
sz002756,永兴材料,2025-09-30 14:39:18,38.82,11300,38.84,D
sz002756,永兴材料,2025-09-30 14:39:24,38.83,8400,38.83,U
sz002756,永兴材料,2025-09-30 14:39:57,38.84,8750,38.84,U
sz002756,永兴材料,2025-09-30 14:40:00,38.83,5250,38.84,D
sz002756,永兴材料,2025-09-30 14:40:06,38.84,7700,38.83,U
sz002756,永兴材料,2025-09-30 14:40:18,38.82,12500,38.84,D
sz002756,永兴材料,2025-09-30 14:40:51,38.86,47130,38.84,U
sz002756,永兴材料,2025-09-30 14:40:54,38.87,10100,38.86,U
sz002756,永兴材料,2025-09-30 14:40:57,38.87,5600,38.87,U
sz002756,永兴材料,2025-09-30 14:41:06,38.86,11200,38.87,D
sz002756,永兴材料,2025-09-30 14:41:18,38.87,8466,38.87,U
sz002756,永兴材料,2025-09-30 14:41:21,38.88,27034,38.87,U
sz002756,永兴材料,2025-09-30 14:42:30,38.85,5300,38.86,D
sz002756,永兴材料,2025-09-30 14:43:03,38.85,12200,38.85,U
sz002756,永兴材料,2025-09-30 14:43:06,38.86,10000,38.85,U
sz002756,永兴材料,2025-09-30 14:43:24,38.83,8600,38.85,D
sz002756,永兴材料,2025-09-30 14:43:36,38.88,75400,38.85,U
sz002756,永兴材料,2025-09-30 14:43:39,38.88,5400,38.88,U
sz002756,永兴材料,2025-09-30 14:44:27,38.87,5600,38.88,D
sz002756,永兴材料,2025-09-30 14:45:24,38.85,9350,38.85,U
sz002756,永兴材料,2025-09-30 14:45:39,38.84,7378,38.84,U
sz002756,永兴材料,2025-09-30 14:45:45,38.85,6600,38.85,U
sz002756,永兴材料,2025-09-30 14:46:03,38.85,6300,38.83,U
sz002756,永兴材料,2025-09-30 14:46:15,38.85,12828,38.85,U
sz002756,永兴材料,2025-09-30 14:46:18,38.86,11700,38.85,U
sz002756,永兴材料,2025-09-30 14:46:21,38.89,117020,38.86,U
sz002756,永兴材料,2025-09-30 14:46:24,38.9,108396,38.89,U
sz002756,永兴材料,2025-09-30 14:46:27,38.9,26710,38.9,U
sz002756,永兴材料,2025-09-30 14:46:30,38.9,59500,38.9,D
sz002756,永兴材料,2025-09-30 14:46:33,38.88,11500,38.9,U
sz002756,永兴材料,2025-09-30 14:47:03,38.91,38200,38.87,U
sz002756,永兴材料,2025-09-30 14:48:00,38.87,11000,38.89,D
sz002756,永兴材料,2025-09-30 14:48:03,38.88,9200,38.87,U
sz002756,永兴材料,2025-09-30 14:48:57,38.87,5926,38.85,U
sz002756,永兴材料,2025-09-30 14:49:03,38.87,6500,38.87,U
sz002756,永兴材料,2025-09-30 14:49:12,38.86,7500,38.86,D
sz002756,永兴材料,2025-09-30 14:49:30,38.89,25900,38.88,U
sz002756,永兴材料,2025-09-30 14:49:39,38.87,8300,38.88,D
sz002756,永兴材料,2025-09-30 14:49:42,38.89,5300,38.87,U
sz002756,永兴材料,2025-09-30 14:50:00,38.86,7900,38.87,D
sz002756,永兴材料,2025-09-30 14:50:15,38.85,21100,38.85,D
sz002756,永兴材料,2025-09-30 14:50:39,38.83,6700,38.82,U
sz002756,永兴材料,2025-09-30 14:51:06,38.8,11940,38.82,D
sz002756,永兴材料,2025-09-30 14:51:12,38.79,9460,38.81,D
sz002756,永兴材料,2025-09-30 14:51:33,38.8,8900,38.79,U
sz002756,永兴材料,2025-09-30 14:51:54,38.79,12240,38.78,U
sz002756,永兴材料,2025-09-30 14:52:00,38.8,5400,38.79,U
sz002756,永兴材料,2025-09-30 14:52:03,38.8,8600,38.8,U
sz002756,永兴材料,2025-09-30 14:52:09,38.81,18200,38.79,U
sz002756,永兴材料,2025-09-30 14:52:12,38.81,5400,38.81,U
sz002756,永兴材料,2025-09-30 14:52:24,38.78,9370,38.78,D
sz002756,永兴材料,2025-09-30 14:52:27,38.77,8500,38.78,D
sz002756,永兴材料,2025-09-30 14:52:51,38.75,12300,38.75,U
sz002756,永兴材料,2025-09-30 14:52:54,38.75,6300,38.75,U
sz002756,永兴材料,2025-09-30 14:53:00,38.74,5400,38.76,D
sz002756,永兴材料,2025-09-30 14:53:03,38.77,15700,38.74,U
sz002756,永兴材料,2025-09-30 14:53:06,38.76,12930,38.77,D
sz002756,永兴材料,2025-09-30 14:53:30,38.77,6000,38.77,U
sz002756,永兴材料,2025-09-30 14:53:48,38.8,11000,38.78,U
sz002756,永兴材料,2025-09-30 14:53:51,38.78,6000,38.8,E
sz002756,永兴材料,2025-09-30 14:54:18,38.78,8046,38.79,D
sz002756,永兴材料,2025-09-30 14:54:24,38.78,8354,38.78,D
sz002756,永兴材料,2025-09-30 14:54:36,38.76,11200,38.77,D
sz002756,永兴材料,2025-09-30 14:55:00,38.78,33600,38.75,U
sz002756,永兴材料,2025-09-30 14:55:03,38.79,12446,38.78,U
sz002756,永兴材料,2025-09-30 14:55:06,38.79,10490,38.79,U
sz002756,永兴材料,2025-09-30 14:55:09,38.78,7000,38.79,D
sz002756,永兴材料,2025-09-30 14:55:15,38.76,5264,38.79,D
sz002756,永兴材料,2025-09-30 14:55:18,38.76,7800,38.76,D
sz002756,永兴材料,2025-09-30 14:55:27,38.75,6500,38.76,D
sz002756,永兴材料,2025-09-30 14:55:30,38.77,8800,38.75,U
sz002756,永兴材料,2025-09-30 14:55:54,38.77,9020,38.77,U
sz002756,永兴材料,2025-09-30 14:56:00,38.78,5700,38.77,U
sz002756,永兴材料,2025-09-30 14:56:03,38.77,11700,38.78,D
sz002756,永兴材料,2025-09-30 14:56:12,38.77,7800,38.77,U
sz002756,永兴材料,2025-09-30 14:56:15,38.77,8500,38.77,U
sz002756,永兴材料,2025-09-30 14:56:18,38.77,12200,38.77,U
sz002756,永兴材料,2025-09-30 14:56:21,38.76,10100,38.77,D
sz002756,永兴材料,2025-09-30 14:56:24,38.77,9500,38.76,U
sz002756,永兴材料,2025-09-30 14:56:30,38.76,10500,38.77,D
sz002756,永兴材料,2025-09-30 14:56:36,38.76,7200,38.77,D
sz002756,永兴材料,2025-09-30 14:56:48,38.76,7800,38.76,D
sz002756,永兴材料,2025-09-30 14:56:57,38.76,6900,38.76,D
sz002756,永兴材料,2025-09-30 15:00:00,38.76,300600,38.76,E
