symbol,name,ticktime,price,volume,prev_price,kind
sz002756,永兴材料,2025-09-23 09:25:00,34.12,37088,0.0,U
sz002756,永兴材料,2025-09-23 09:30:03,34.13,6500,34.16,D
sz002756,永兴材料,2025-09-23 09:30:09,34.11,19100,34.12,D
sz002756,永兴材料,2025-09-23 09:30:12,34.04,12100,34.11,D
sz002756,永兴材料,2025-09-23 09:30:24,34.01,10800,34.02,D
sz002756,永兴材料,2025-09-23 09:30:36,34.0,14900,34.01,D
sz002756,永兴材料,2025-09-23 09:30:51,33.97,8200,33.95,U
sz002756,永兴材料,2025-09-23 09:31:09,33.95,9400,33.93,D
sz002756,永兴材料,2025-09-23 09:31:12,34.0,36600,33.95,U
sz002756,永兴材料,2025-09-23 09:31:15,34.01,9000,34.0,U
sz002756,永兴材料,2025-09-23 09:31:27,34.0,5900,33.98,E
sz002756,永兴材料,2025-09-23 09:31:42,33.93,24200,33.92,E
sz002756,永兴材料,2025-09-23 09:31:57,33.93,7600,33.93,D
sz002756,永兴材料,2025-09-23 09:32:45,33.97,15300,33.93,U
sz002756,永兴材料,2025-09-23 09:33:03,33.97,18500,33.97,D
sz002756,永兴材料,2025-09-23 09:34:06,33.94,50100,33.95,D
sz002756,永兴材料,2025-09-23 09:34:27,33.93,6900,33.95,D
sz002756,永兴材料,2025-09-23 09:34:30,33.92,9800,33.93,D
sz002756,永兴材料,2025-09-23 09:34:42,33.91,6700,33.92,D
sz002756,永兴材料,2025-09-23 09:35:12,33.93,8860,33.88,U
sz002756,永兴材料,2025-09-23 09:35:42,33.97,11600,33.95,U
sz002756,永兴材料,2025-09-23 09:36:09,33.93,12400,33.93,D
sz002756,永兴材料,2025-09-23 09:36:39,33.99,6010,33.94,U
sz002756,永兴材料,2025-09-23 09:36:42,33.99,11200,33.99,U
sz002756,永兴材料,2025-09-23 09:37:12,33.99,6400,34.0,D
sz002756,永兴材料,2025-09-23 09:37:18,33.97,17000,34.01,D
sz002756,永兴材料,2025-09-23 09:38:09,33.97,8400,33.95,U
sz002756,永兴材料,2025-09-23 09:38:18,33.99,42600,33.97,U
sz002756,永兴材料,2025-09-23 09:38:21,33.97,6900,33.99,D
sz002756,永兴材料,2025-09-23 09:38:57,34.0,7000,33.95,U
sz002756,永兴材料,2025-09-23 09:39:15,33.89,30000,33.91,D
sz002756,永兴材料,2025-09-23 09:39:27,33.88,6800,33.88,D
sz002756,永兴材料,2025-09-23 09:42:09,33.92,13900,33.92,U
sz002756,永兴材料,2025-09-23 09:42:15,33.96,5900,33.92,U
sz002756,永兴材料,2025-09-23 09:42:48,33.93,5900,33.92,E
sz002756,永兴材料,2025-09-23 09:43:03,33.96,6100,33.93,U
sz002756,永兴材料,2025-09-23 09:43:27,33.99,17400,33.99,D
sz002756,永兴材料,2025-09-23 09:43:57,34.03,10300,34.0,U
sz002756,永兴材料,2025-09-23 09:44:42,34.04,12600,34.01,U
sz002756,永兴材料,2025-09-23 09:44:54,34.07,7100,34.05,U
sz002756,永兴材料,2025-09-23 09:45:15,34.08,20900,34.07,E
sz002756,永兴材料,2025-09-23 09:46:27,34.08,6000,34.09,D
sz002756,永兴材料,2025-09-23 09:47:42,34.1,6900,34.09,U
sz002756,永兴材料,2025-09-23 09:48:00,34.1,13700,34.11,D
sz002756,永兴材料,2025-09-23 09:48:03,34.07,22236,34.1,D
sz002756,永兴材料,2025-09-23 09:48:06,34.04,26700,34.07,D
sz002756,永兴材料,2025-09-23 09:48:45,34.05,6400,34.05,U
sz002756,永兴材料,2025-09-23 09:49:18,34.05,11200,34.05,D
sz002756,永兴材料,2025-09-23 09:49:27,34.01,19800,34.06,D
sz002756,永兴材料,2025-09-23 09:49:42,34.0,8400,34.02,D
sz002756,永兴材料,2025-09-23 09:50:30,34.0,13200,34.0,U
sz002756,永兴材料,2025-09-23 09:50:39,34.03,79100,33.99,U
sz002756,永兴材料,2025-09-23 09:51:18,34.0,10900,34.0,D
sz002756,永兴材料,2025-09-23 09:52:12,33.98,13900,34.0,D
sz002756,永兴材料,2025-09-23 09:52:15,33.96,19000,33.98,D
sz002756,永兴材料,2025-09-23 09:52:45,33.96,15500,33.95,U
sz002756,永兴材料,2025-09-23 09:53:45,33.95,6300,33.93,U
sz002756,永兴材料,2025-09-23 09:54:03,33.94,7900,33.96,D
sz002756,永兴材料,2025-09-23 09:54:54,33.92,14400,33.95,D
sz002756,永兴材料,2025-09-23 09:55:00,33.92,6700,33.94,D
sz002756,永兴材料,2025-09-23 09:55:03,33.92,6380,33.92,D
sz002756,永兴材料,2025-09-23 09:55:09,33.9,12600,33.9,D
sz002756,永兴材料,2025-09-23 09:55:42,33.87,15200,33.89,D
sz002756,永兴材料,2025-09-23 09:55:54,33.87,10100,33.86,D
sz002756,永兴材料,2025-09-23 09:56:30,33.85,14700,33.9,D
sz002756,永兴材料,2025-09-23 09:56:39,33.86,8800,33.86,D
sz002756,永兴材料,2025-09-23 09:56:54,33.86,7500,33.86,E
sz002756,永兴材料,2025-09-23 09:57:00,33.82,8300,33.84,D
sz002756,永兴材料,2025-09-23 09:57:36,33.82,20000,33.83,D
sz002756,永兴材料,2025-09-23 09:57:39,33.81,6000,33.82,D
sz002756,永兴材料,2025-09-23 09:57:54,33.78,46800,33.8,D
sz002756,永兴材料,2025-09-23 09:58:30,33.81,19900,33.79,U
sz002756,永兴材料,2025-09-23 09:58:33,33.81,9800,33.81,U
sz002756,永兴材料,2025-09-23 09:59:36,33.78,7700,33.78,D
sz002756,永兴材料,2025-09-23 09:59:48,33.76,25000,33.78,D
sz002756,永兴材料,2025-09-23 10:00:18,33.73,6000,33.75,D
sz002756,永兴材料,2025-09-23 10:01:00,33.71,12100,33.73,D
sz002756,永兴材料,2025-09-23 10:01:27,33.71,16700,33.71,D
sz002756,永兴材料,2025-09-23 10:01:39,33.7,8100,33.7,D
sz002756,永兴材料,2025-09-23 10:01:48,33.71,6100,33.71,U
sz002756,永兴材料,2025-09-23 10:02:00,33.7,6900,33.71,D
sz002756,永兴材料,2025-09-23 10:02:18,33.7,8800,33.71,D
sz002756,永兴材料,2025-09-23 10:02:36,33.71,29300,33.71,U
sz002756,永兴材料,2025-09-23 10:03:00,33.72,6100,33.7,U
sz002756,永兴材料,2025-09-23 10:03:09,33.75,11300,33.74,U
sz002756,永兴材料,2025-09-23 10:03:12,33.76,10100,33.75,U
sz002756,永兴材料,2025-09-23 10:03:39,33.75,6000,33.76,D
sz002756,永兴材料,2025-09-23 10:04:03,33.77,9400,33.76,U
sz002756,永兴材料,2025-09-23 10:04:15,33.74,9100,33.77,D
sz002756,永兴材料,2025-09-23 10:05:18,33.73,8200,33.73,U
sz002756,永兴材料,2025-09-23 10:05:48,33.7,20500,33.71,D
sz002756,永兴材料,2025-09-23 10:05:54,33.7,6300,33.7,U
sz002756,永兴材料,2025-09-23 10:06:15,33.69,9500,33.68,U
sz002756,永兴材料,2025-09-23 10:06:27,33.7,13200,33.69,U
sz002756,永兴材料,2025-09-23 10:07:54,33.73,8900,33.72,U
sz002756,永兴材料,2025-09-23 10:08:27,33.71,12700,33.73,D
sz002756,永兴材料,2025-09-23 10:09:18,33.71,14700,33.71,U
sz002756,永兴材料,2025-09-23 10:09:27,33.71,11200,33.7,U
sz002756,永兴材料,2025-09-23 10:09:39,33.69,12700,33.7,D
sz002756,永兴材料,2025-09-23 10:09:42,33.68,31300,33.69,D
sz002756,永兴材料,2025-09-23 10:09:48,33.67,12200,33.69,D
sz002756,永兴材料,2025-09-23 10:10:12,33.67,6060,33.67,U
sz002756,永兴材料,2025-09-23 10:10:15,33.64,17640,33.67,D
sz002756,永兴材料,2025-09-23 10:10:24,33.66,6960,33.64,U
sz002756,永兴材料,2025-09-23 10:11:03,33.62,8500,33.62,D
sz002756,永兴材料,2025-09-23 10:11:09,33.61,10100,33.61,D
sz002756,永兴材料,2025-09-23 10:11:27,33.6,15400,33.6,D
sz002756,永兴材料,2025-09-23 10:11:39,33.59,6300,33.6,D
sz002756,永兴材料,2025-09-23 10:11:45,33.6,11700,33.59,U
sz002756,永兴材料,2025-09-23 10:12:15,33.57,6100,33.57,D
sz002756,永兴材料,2025-09-23 10:12:33,33.58,7000,33.57,U
sz002756,永兴材料,2025-09-23 10:12:36,33.56,6400,33.58,D
sz002756,永兴材料,2025-09-23 10:12:48,33.54,17100,33.56,D
sz002756,永兴材料,2025-09-23 10:13:06,33.51,25600,33.52,D
sz002756,永兴材料,2025-09-23 10:13:12,33.5,11400,33.51,D
sz002756,永兴材料,2025-09-23 10:13:15,33.5,7200,33.5,D
sz002756,永兴材料,2025-09-23 10:13:18,33.5,15100,33.5,D
sz002756,永兴材料,2025-09-23 10:13:45,33.47,35100,33.5,D
sz002756,永兴材料,2025-09-23 10:14:03,33.5,7300,33.49,U
sz002756,永兴材料,2025-09-23 10:14:21,33.5,6300,33.51,D
sz002756,永兴材料,2025-09-23 10:14:24,33.51,8000,33.5,D
sz002756,永兴材料,2025-09-23 10:14:39,33.56,8100,33.56,U
sz002756,永兴材料,2025-09-23 10:14:57,33.58,9300,33.58,D
sz002756,永兴材料,2025-09-23 10:15:09,33.57,6300,33.57,D
sz002756,永兴材料,2025-09-23 10:16:45,33.57,7400,33.56,U
sz002756,永兴材料,2025-09-23 10:16:51,33.57,17500,33.57,U
sz002756,永兴材料,2025-09-23 10:16:57,33.53,11390,33.54,D
sz002756,永兴材料,2025-09-23 10:17:33,33.5,7900,33.51,D
sz002756,永兴材料,2025-09-23 10:17:42,33.52,8400,33.51,U
sz002756,永兴材料,2025-09-23 10:17:45,33.52,20400,33.52,U
sz002756,永兴材料,2025-09-23 10:18:00,33.49,19800,33.52,D
sz002756,永兴材料,2025-09-23 10:18:06,33.46,17000,33.49,D
sz002756,永兴材料,2025-09-23 10:18:39,33.48,10250,33.46,U
sz002756,永兴材料,2025-09-23 10:18:45,33.48,8500,33.48,D
sz002756,永兴材料,2025-09-23 10:19:15,33.48,6000,33.49,D
sz002756,永兴材料,2025-09-23 10:19:30,33.49,6450,33.49,D
sz002756,永兴材料,2025-09-23 10:19:54,33.47,12600,33.48,D
sz002756,永兴材料,2025-09-23 10:20:03,33.47,9200,33.47,U
sz002756,永兴材料,2025-09-23 10:20:18,33.49,16150,33.48,U
sz002756,永兴材料,2025-09-23 10:22:24,33.49,7700,33.5,D
sz002756,永兴材料,2025-09-23 10:22:30,33.47,37900,33.49,D
sz002756,永兴材料,2025-09-23 10:23:48,33.48,41400,33.52,D
sz002756,永兴材料,2025-09-23 10:24:18,33.47,13400,33.48,D
sz002756,永兴材料,2025-09-23 10:24:33,33.46,22800,33.47,D
sz002756,永兴材料,2025-09-23 10:24:42,33.46,18840,33.46,D
sz002756,永兴材料,2025-09-23 10:24:45,33.43,30500,33.46,D
sz002756,永兴材料,2025-09-23 10:24:54,33.41,23600,33.43,D
sz002756,永兴材料,2025-09-23 10:25:00,33.39,26800,33.41,D
sz002756,永兴材料,2025-09-23 10:25:03,33.4,7000,33.39,U
sz002756,永兴材料,2025-09-23 10:25:18,33.34,8500,33.36,D
sz002756,永兴材料,2025-09-23 10:25:36,33.33,13800,33.33,D
sz002756,永兴材料,2025-09-23 10:25:39,33.33,19500,33.33,D
sz002756,永兴材料,2025-09-23 10:25:54,33.32,8200,33.32,D
sz002756,永兴材料,2025-09-23 10:25:57,33.3,21400,33.32,D
sz002756,永兴材料,2025-09-23 10:26:00,33.3,10600,33.3,D
sz002756,永兴材料,2025-09-23 10:26:03,33.3,10400,33.3,D
sz002756,永兴材料,2025-09-23 10:26:06,33.3,14200,33.3,D
sz002756,永兴材料,2025-09-23 10:26:24,33.3,8400,33.32,D
sz002756,永兴材料,2025-09-23 10:26:36,33.3,62400,33.28,U
sz002756,永兴材料,2025-09-23 10:27:30,33.31,12100,33.3,U
sz002756,永兴材料,2025-09-23 10:27:33,33.32,20400,33.31,U
sz002756,永兴材料,2025-09-23 10:27:45,33.32,19400,33.32,U
sz002756,永兴材料,2025-09-23 10:27:54,33.3,8100,33.31,D
sz002756,永兴材料,2025-09-23 10:27:57,33.3,26700,33.3,D
sz002756,永兴材料,2025-09-23 10:28:00,33.31,10200,33.3,U
sz002756,永兴材料,2025-09-23 10:28:03,33.34,18500,33.31,U
sz002756,永兴材料,2025-09-23 10:28:09,33.33,15200,33.36,D
sz002756,永兴材料,2025-09-23 10:28:39,33.33,8900,33.32,U
sz002756,永兴材料,2025-09-23 10:28:51,33.32,7600,33.33,D
sz002756,永兴材料,2025-09-23 10:29:03,33.31,7200,33.31,D
sz002756,永兴材料,2025-09-23 10:29:06,33.35,25800,33.31,U
sz002756,永兴材料,2025-09-23 10:29:21,33.35,8500,33.36,E
sz002756,永兴材料,2025-09-23 10:29:57,33.35,11500,33.37,D
sz002756,永兴材料,2025-09-23 10:30:00,33.35,6700,33.35,D
sz002756,永兴材料,2025-09-23 10:30:03,33.36,7100,33.35,U
sz002756,永兴材料,2025-09-23 10:30:09,33.33,6500,33.35,D
sz002756,永兴材料,2025-09-23 10:30:57,33.33,6200,33.34,D
sz002756,永兴材料,2025-09-23 10:31:15,33.33,12300,33.34,D
sz002756,永兴材料,2025-09-23 10:31:21,33.28,98300,33.33,D
sz002756,永兴材料,2025-09-23 10:31:24,33.3,11000,33.28,U
sz002756,永兴材料,2025-09-23 10:32:00,33.27,24100,33.3,D
sz002756,永兴材料,2025-09-23 10:32:15,33.28,7100,33.28,D
sz002756,永兴材料,2025-09-23 10:32:45,33.3,9000,33.28,U
sz002756,永兴材料,2025-09-23 10:32:54,33.27,8600,33.28,D
sz002756,永兴材料,2025-09-23 10:33:33,33.28,12100,33.29,D
sz002756,永兴材料,2025-09-23 10:33:48,33.28,10200,33.28,U
sz002756,永兴材料,2025-09-23 10:34:03,33.31,37700,33.28,U
sz002756,永兴材料,2025-09-23 10:34:12,33.33,9000,33.33,U
sz002756,永兴材料,2025-09-23 10:34:42,33.35,6200,33.37,D
sz002756,永兴材料,2025-09-23 10:35:09,33.42,6200,33.42,U
sz002756,永兴材料,2025-09-23 10:35:18,33.41,19300,33.42,D
sz002756,永兴材料,2025-09-23 10:35:57,33.41,8000,33.41,E
sz002756,永兴材料,2025-09-23 10:36:42,33.47,15100,33.48,D
sz002756,永兴材料,2025-09-23 10:37:36,33.45,12500,33.47,D
sz002756,永兴材料,2025-09-23 10:38:09,33.4,43700,33.44,D
sz002756,永兴材料,2025-09-23 10:38:12,33.38,11600,33.4,D
sz002756,永兴材料,2025-09-23 10:38:30,33.34,6900,33.37,D
sz002756,永兴材料,2025-09-23 10:40:00,33.31,8300,33.33,D
sz002756,永兴材料,2025-09-23 10:41:03,33.33,10400,33.33,D
sz002756,永兴材料,2025-09-23 10:41:15,33.3,13700,33.31,D
sz002756,永兴材料,2025-09-23 10:41:24,33.29,8200,33.3,D
sz002756,永兴材料,2025-09-23 10:41:42,33.28,6100,33.28,U
sz002756,永兴材料,2025-09-23 10:42:30,33.3,11700,33.29,U
sz002756,永兴材料,2025-09-23 10:42:57,33.39,18300,33.32,U
sz002756,永兴材料,2025-09-23 10:43:12,33.4,6000,33.33,U
sz002756,永兴材料,2025-09-23 10:43:42,33.41,6900,33.42,D
sz002756,永兴材料,2025-09-23 10:45:00,33.43,9300,33.47,D
sz002756,永兴材料,2025-09-23 10:50:09,33.39,57900,33.42,D
sz002756,永兴材料,2025-09-23 10:52:03,33.38,6300,33.4,D
sz002756,永兴材料,2025-09-23 10:53:06,33.33,20700,33.38,D
sz002756,永兴材料,2025-09-23 10:59:09,33.44,35800,33.39,U
sz002756,永兴材料,2025-09-23 11:01:15,33.41,7000,33.41,U
sz002756,永兴材料,2025-09-23 11:01:54,33.41,6600,33.4,U
sz002756,永兴材料,2025-09-23 11:04:18,33.4,7400,33.42,D
sz002756,永兴材料,2025-09-23 11:08:36,33.38,13600,33.4,D
sz002756,永兴材料,2025-09-23 11:08:39,33.38,8500,33.38,D
sz002756,永兴材料,2025-09-23 11:08:42,33.37,22800,33.38,D
sz002756,永兴材料,2025-09-23 11:16:21,33.34,7280,33.34,D
sz002756,永兴材料,2025-09-23 11:16:42,33.35,6200,33.35,U
sz002756,永兴材料,2025-09-23 11:16:51,33.32,8700,33.33,D
sz002756,永兴材料,2025-09-23 11:16:54,33.31,6200,33.32,D
sz002756,永兴材料,2025-09-23 11:17:18,33.31,18800,33.35,D
sz002756,永兴材料,2025-09-23 11:22:36,33.3,23600,33.32,D
sz002756,永兴材料,2025-09-23 11:22:42,33.3,10500,33.32,D
sz002756,永兴材料,2025-09-23 11:22:51,33.34,10000,33.31,U
sz002756,永兴材料,2025-09-23 11:23:06,33.31,6400,33.3,E
sz002756,永兴材料,2025-09-23 11:24:48,33.28,7000,33.29,D
sz002756,永兴材料,2025-09-23 11:25:00,33.27,6400,33.28,D
sz002756,永兴材料,2025-09-23 11:25:06,33.25,69300,33.27,D
sz002756,永兴材料,2025-09-23 11:25:30,33.24,7800,33.25,D
sz002756,永兴材料,2025-09-23 11:25:39,33.25,9900,33.24,U
sz002756,永兴材料,2025-09-23 11:25:45,33.25,20400,33.26,D
sz002756,永兴材料,2025-09-23 11:25:48,33.25,9100,33.25,D
sz002756,永兴材料,2025-09-23 11:28:51,33.24,14200,33.23,U
sz002756,永兴材料,2025-09-23 13:00:00,33.23,70000,33.23,U
sz002756,永兴材料,2025-09-23 13:00:03,33.24,29890,33.23,E
sz002756,永兴材料,2025-09-23 13:00:09,33.24,13600,33.24,D
sz002756,永兴材料,2025-09-23 13:00:12,33.21,17910,33.24,D
sz002756,永兴材料,2025-09-23 13:01:09,33.21,12700,33.23,D
sz002756,永兴材料,2025-09-23 13:01:48,33.25,8800,33.25,U
sz002756,永兴材料,2025-09-23 13:02:24,33.22,7200,33.22,D
sz002756,永兴材料,2025-09-23 13:02:48,33.2,6700,33.22,D
sz002756,永兴材料,2025-09-23 13:03:21,33.18,6100,33.18,D
sz002756,永兴材料,2025-09-23 13:04:42,33.19,6700,33.2,D
sz002756,永兴材料,2025-09-23 13:05:39,33.21,10000,33.21,U
sz002756,永兴材料,2025-09-23 13:05:54,33.18,7300,33.19,D
sz002756,永兴材料,2025-09-23 13:06:00,33.18,6300,33.19,D
sz002756,永兴材料,2025-09-23 13:06:27,33.16,7300,33.17,D
sz002756,永兴材料,2025-09-23 13:07:18,33.15,12200,33.15,E
sz002756,永兴材料,2025-09-23 13:08:27,33.2,10800,33.2,U
sz002756,永兴材料,2025-09-23 13:08:42,33.22,7900,33.22,U
sz002756,永兴材料,2025-09-23 13:09:06,33.22,11000,33.22,D
sz002756,永兴材料,2025-09-23 13:14:51,33.31,7430,33.3,U
sz002756,永兴材料,2025-09-23 13:15:00,33.31,7700,33.31,D
sz002756,永兴材料,2025-09-23 13:24:36,33.3,6700,33.3,U
sz002756,永兴材料,2025-09-23 13:30:03,33.32,6800,33.35,D
sz002756,永兴材料,2025-09-23 13:33:21,33.3,9200,33.3,U
sz002756,永兴材料,2025-09-23 13:34:36,33.29,18200,33.29,D
sz002756,永兴材料,2025-09-23 13:35:15,33.25,16800,33.25,D
sz002756,永兴材料,2025-09-23 13:40:48,33.23,7400,33.24,D
sz002756,永兴材料,2025-09-23 13:41:30,33.22,9000,33.23,D
sz002756,永兴材料,2025-09-23 13:41:39,33.2,13600,33.21,D
sz002756,永兴材料,2025-09-23 13:41:57,33.23,21620,33.2,U
sz002756,永兴材料,2025-09-23 13:43:33,33.19,6800,33.2,D
sz002756,永兴材料,2025-09-23 13:51:42,33.2,9080,33.21,D
sz002756,永兴材料,2025-09-23 13:55:24,33.28,6800,33.28,D
sz002756,永兴材料,2025-09-23 13:57:12,33.28,10000,33.3,D
sz002756,永兴材料,2025-09-23 13:57:24,33.29,23800,33.29,U
sz002756,永兴材料,2025-09-23 13:57:27,33.3,14400,33.29,U
sz002756,永兴材料,2025-09-23 13:57:33,33.3,12900,33.28,U
sz002756,永兴材料,2025-09-23 14:01:15,33.33,6700,33.31,U
sz002756,永兴材料,2025-09-23 14:02:30,33.28,9800,33.28,D
sz002756,永兴材料,2025-09-23 14:04:09,33.22,29300,33.23,D
sz002756,永兴材料,2025-09-23 14:07:42,33.19,8200,33.19,D
sz002756,永兴材料,2025-09-23 14:09:36,33.18,14000,33.18,D
sz002756,永兴材料,2025-09-23 14:09:42,33.17,8100,33.17,D
sz002756,永兴材料,2025-09-23 14:09:54,33.18,30100,33.18,U
sz002756,永兴材料,2025-09-23 14:10:12,33.17,6900,33.17,D
sz002756,永兴材料,2025-09-23 14:10:45,33.16,6200,33.16,D
sz002756,永兴材料,2025-09-23 14:11:00,33.16,14900,33.17,D
sz002756,永兴材料,2025-09-23 14:11:03,33.14,69800,33.16,D
sz002756,永兴材料,2025-09-23 14:12:36,33.15,9200,33.13,U
sz002756,永兴材料,2025-09-23 14:12:48,33.15,8700,33.14,U
sz002756,永兴材料,2025-09-23 14:12:57,33.15,8900,33.16,E
sz002756,永兴材料,2025-09-23 14:13:00,33.14,8800,33.15,D
sz002756,永兴材料,2025-09-23 14:14:12,33.14,9000,33.14,D
sz002756,永兴材料,2025-09-23 14:15:18,33.18,6400,33.16,U
sz002756,永兴材料,2025-09-23 14:16:33,33.18,7900,33.17,U
sz002756,永兴材料,2025-09-23 14:16:57,33.18,6500,33.19,D
sz002756,永兴材料,2025-09-23 14:17:36,33.2,10200,33.21,D
sz002756,永兴材料,2025-09-23 14:20:33,33.26,13100,33.25,U
sz002756,永兴材料,2025-09-23 14:21:48,33.26,24300,33.25,U
sz002756,永兴材料,2025-09-23 14:26:51,33.34,11100,33.32,U
sz002756,永兴材料,2025-09-23 14:27:57,33.4,9100,33.38,U
sz002756,永兴材料,2025-09-23 14:28:03,33.4,9800,33.39,U
sz002756,永兴材料,2025-09-23 14:28:39,33.41,7000,33.43,D
sz002756,永兴材料,2025-09-23 14:32:00,33.45,11600,33.44,U
sz002756,永兴材料,2025-09-23 14:34:51,33.44,13700,33.42,U
sz002756,永兴材料,2025-09-23 14:35:06,33.43,9300,33.44,D
sz002756,永兴材料,2025-09-23 14:35:24,33.47,6400,33.47,U
sz002756,永兴材料,2025-09-23 14:37:06,33.43,8500,33.44,D
sz002756,永兴材料,2025-09-23 14:37:21,33.43,7500,33.43,U
sz002756,永兴材料,2025-09-23 14:42:18,33.44,6200,33.43,U
sz002756,永兴材料,2025-09-23 14:42:45,33.44,26400,33.44,U
sz002756,永兴材料,2025-09-23 14:43:09,33.45,6300,33.45,U
sz002756,永兴材料,2025-09-23 14:45:36,33.45,18200,33.45,U
sz002756,永兴材料,2025-09-23 14:45:42,33.48,12800,33.46,U
sz002756,永兴材料,2025-09-23 14:45:45,33.5,41060,33.48,U
sz002756,永兴材料,2025-09-23 14:51:03,33.54,12500,33.57,D
sz002756,永兴材料,2025-09-23 14:51:06,33.56,13100,33.54,U
sz002756,永兴材料,2025-09-23 14:52:00,33.53,6900,33.54,D
sz002756,永兴材料,2025-09-23 14:52:09,33.54,8100,33.53,U
sz002756,永兴材料,2025-09-23 14:53:06,33.53,7100,33.53,U
sz002756,永兴材料,2025-09-23 14:53:09,33.54,7000,33.53,U
sz002756,永兴材料,2025-09-23 14:54:24,33.54,6600,33.55,D
sz002756,永兴材料,2025-09-23 14:55:03,33.54,10100,33.54,U
sz002756,永兴材料,2025-09-23 14:56:06,33.54,11300,33.53,U
sz002756,永兴材料,2025-09-23 14:56:27,33.54,11500,33.54,U
sz002756,永兴材料,2025-09-23 14:56:48,33.52,7300,33.52,D
sz002756,永兴材料,2025-09-23 15:00:00,33.55,89930,33.53,E
