symbol,name,ticktime,price,volume,prev_price,kind
sz002756,永兴材料,2025-10-14 09:25:00,40.2,75460,0.0,U
sz002756,永兴材料,2025-10-14 09:30:00,40.21,122500,40.2,U
sz002756,永兴材料,2025-10-14 09:30:03,40.21,64040,40.21,D
sz002756,永兴材料,2025-10-14 09:30:06,40.01,53500,40.21,D
sz002756,永兴材料,2025-10-14 09:30:09,40.01,30100,40.01,D
sz002756,永兴材料,2025-10-14 09:30:12,40.01,13000,40.01,U
sz002756,永兴材料,2025-10-14 09:30:15,39.87,6600,40.01,D
sz002756,永兴材料,2025-10-14 09:30:18,39.87,10400,39.87,D
sz002756,永兴材料,2025-10-14 09:30:21,39.84,7600,39.87,D
sz002756,永兴材料,2025-10-14 09:30:24,39.79,23600,39.84,D
sz002756,永兴材料,2025-10-14 09:30:27,39.76,11800,39.79,D
sz002756,永兴材料,2025-10-14 09:30:36,39.77,9700,39.71,U
sz002756,永兴材料,2025-10-14 09:30:39,39.71,9200,39.77,D
sz002756,永兴材料,2025-10-14 09:30:42,39.78,8500,39.71,U
sz002756,永兴材料,2025-10-14 09:30:45,39.84,23800,39.78,U
sz002756,永兴材料,2025-10-14 09:30:48,39.78,47400,39.84,D
sz002756,永兴材料,2025-10-14 09:30:51,39.61,28800,39.78,D
sz002756,永兴材料,2025-10-14 09:30:54,39.6,14000,39.61,D
sz002756,永兴材料,2025-10-14 09:30:57,39.68,6000,39.6,U
sz002756,永兴材料,2025-10-14 09:31:03,39.69,8300,39.68,E
sz002756,永兴材料,2025-10-14 09:31:06,39.84,11580,39.69,U
sz002756,永兴材料,2025-10-14 09:31:09,39.86,5300,39.84,E
sz002756,永兴材料,2025-10-14 09:31:12,39.91,6400,39.86,U
sz002756,永兴材料,2025-10-14 09:31:21,39.96,20800,39.98,D
sz002756,永兴材料,2025-10-14 09:31:24,39.93,31700,39.96,D
sz002756,永兴材料,2025-10-14 09:31:30,39.92,9500,39.94,E
sz002756,永兴材料,2025-10-14 09:31:33,39.94,17400,39.92,U
sz002756,永兴材料,2025-10-14 09:31:36,39.93,7500,39.94,D
sz002756,永兴材料,2025-10-14 09:31:45,39.85,9700,39.81,U
sz002756,永兴材料,2025-10-14 09:31:54,39.73,5400,39.73,D
sz002756,永兴材料,2025-10-14 09:32:00,39.81,5500,39.73,U
sz002756,永兴材料,2025-10-14 09:32:03,39.78,17300,39.81,D
sz002756,永兴材料,2025-10-14 09:32:09,39.74,6900,39.75,D
sz002756,永兴材料,2025-10-14 09:32:12,39.77,5700,39.74,E
sz002756,永兴材料,2025-10-14 09:32:24,39.74,5600,39.78,D
sz002756,永兴材料,2025-10-14 09:32:27,39.72,13500,39.74,D
sz002756,永兴材料,2025-10-14 09:32:30,39.72,12100,39.72,E
sz002756,永兴材料,2025-10-14 09:32:36,39.74,6900,39.75,E
sz002756,永兴材料,2025-10-14 09:32:45,39.73,13920,39.74,D
sz002756,永兴材料,2025-10-14 09:32:48,39.72,6500,39.73,D
sz002756,永兴材料,2025-10-14 09:32:51,39.74,24000,39.72,U
sz002756,永兴材料,2025-10-14 09:32:54,39.76,20580,39.74,U
sz002756,永兴材料,2025-10-14 09:32:57,39.77,5300,39.76,E
sz002756,永兴材料,2025-10-14 09:33:00,39.77,5900,39.77,U
sz002756,永兴材料,2025-10-14 09:33:06,39.77,8200,39.77,D
sz002756,永兴材料,2025-10-14 09:33:12,39.76,19300,39.74,U
sz002756,永兴材料,2025-10-14 09:33:15,39.7,31300,39.76,D
sz002756,永兴材料,2025-10-14 09:33:18,39.69,8100,39.7,D
sz002756,永兴材料,2025-10-14 09:33:24,39.7,10600,39.71,D
sz002756,永兴材料,2025-10-14 09:33:42,39.68,5300,39.72,D
sz002756,永兴材料,2025-10-14 09:33:57,39.65,5300,39.64,U
sz002756,永兴材料,2025-10-14 09:34:00,39.64,15500,39.65,E
sz002756,永兴材料,2025-10-14 09:34:03,39.63,7000,39.64,D
sz002756,永兴材料,2025-10-14 09:34:12,39.62,5400,39.62,D
sz002756,永兴材料,2025-10-14 09:34:15,39.6,6200,39.62,D
sz002756,永兴材料,2025-10-14 09:34:18,39.6,17700,39.6,D
sz002756,永兴材料,2025-10-14 09:34:21,39.6,7600,39.6,U
sz002756,永兴材料,2025-10-14 09:34:30,39.58,7300,39.59,D
sz002756,永兴材料,2025-10-14 09:34:36,39.63,25500,39.58,U
sz002756,永兴材料,2025-10-14 09:34:39,39.62,5300,39.63,D
sz002756,永兴材料,2025-10-14 09:34:45,39.64,6200,39.62,U
sz002756,永兴材料,2025-10-14 09:35:06,39.68,12000,39.68,U
sz002756,永兴材料,2025-10-14 09:35:09,39.67,5100,39.68,D
sz002756,永兴材料,2025-10-14 09:35:12,39.67,7300,39.67,D
sz002756,永兴材料,2025-10-14 09:35:21,39.67,6900,39.67,U
sz002756,永兴材料,2025-10-14 09:35:24,39.68,5600,39.67,U
sz002756,永兴材料,2025-10-14 09:35:30,39.68,9100,39.69,D
sz002756,永兴材料,2025-10-14 09:35:36,39.67,8100,39.67,E
sz002756,永兴材料,2025-10-14 09:35:39,39.62,24100,39.67,D
sz002756,永兴材料,2025-10-14 09:35:48,39.61,10200,39.64,D
sz002756,永兴材料,2025-10-14 09:35:51,39.6,13100,39.61,D
sz002756,永兴材料,2025-10-14 09:35:54,39.6,37000,39.6,D
sz002756,永兴材料,2025-10-14 09:36:03,39.57,17400,39.56,E
sz002756,永兴材料,2025-10-14 09:36:09,39.58,14400,39.56,U
sz002756,永兴材料,2025-10-14 09:36:12,39.59,8600,39.58,E
sz002756,永兴材料,2025-10-14 09:36:15,39.58,5400,39.59,D
sz002756,永兴材料,2025-10-14 09:36:18,39.6,8100,39.58,U
sz002756,永兴材料,2025-10-14 09:36:21,39.56,7800,39.6,D
sz002756,永兴材料,2025-10-14 09:36:27,39.59,10900,39.57,U
sz002756,永兴材料,2025-10-14 09:36:33,39.59,13300,39.58,U
sz002756,永兴材料,2025-10-14 09:36:36,39.6,12000,39.59,U
sz002756,永兴材料,2025-10-14 09:36:42,39.59,6700,39.59,D
sz002756,永兴材料,2025-10-14 09:36:45,39.58,27300,39.59,D
sz002756,永兴材料,2025-10-14 09:36:48,39.57,17400,39.58,D
sz002756,永兴材料,2025-10-14 09:36:54,39.6,21300,39.61,D
sz002756,永兴材料,2025-10-14 09:37:00,39.57,17200,39.58,D
sz002756,永兴材料,2025-10-14 09:37:03,39.54,15300,39.57,D
sz002756,永兴材料,2025-10-14 09:37:15,39.52,12800,39.52,D
sz002756,永兴材料,2025-10-14 09:37:21,39.52,10020,39.52,U
sz002756,永兴材料,2025-10-14 09:37:24,39.53,10500,39.52,U
sz002756,永兴材料,2025-10-14 09:37:30,39.52,5200,39.52,D
sz002756,永兴材料,2025-10-14 09:37:36,39.53,10100,39.52,U
sz002756,永兴材料,2025-10-14 09:37:45,39.51,18000,39.51,D
sz002756,永兴材料,2025-10-14 09:37:51,39.53,22900,39.51,U
sz002756,永兴材料,2025-10-14 09:37:54,39.54,11900,39.53,E
sz002756,永兴材料,2025-10-14 09:37:57,39.53,8100,39.54,D
sz002756,永兴材料,2025-10-14 09:38:00,39.53,12600,39.53,U
sz002756,永兴材料,2025-10-14 09:38:03,39.53,13200,39.53,U
sz002756,永兴材料,2025-10-14 09:38:09,39.56,8300,39.54,U
sz002756,永兴材料,2025-10-14 09:38:18,39.56,6600,39.58,D
sz002756,永兴材料,2025-10-14 09:38:21,39.61,19400,39.56,U
sz002756,永兴材料,2025-10-14 09:38:39,39.67,7700,39.64,U
sz002756,永兴材料,2025-10-14 09:38:45,39.65,9200,39.66,D
sz002756,永兴材料,2025-10-14 09:38:48,39.68,6800,39.65,U
sz002756,永兴材料,2025-10-14 09:39:03,39.72,6300,39.73,D
sz002756,永兴材料,2025-10-14 09:39:06,39.7,10900,39.72,D
sz002756,永兴材料,2025-10-14 09:39:15,39.67,20900,39.68,D
sz002756,永兴材料,2025-10-14 09:39:18,39.64,31100,39.67,D
sz002756,永兴材料,2025-10-14 09:39:21,39.64,9100,39.64,U
sz002756,永兴材料,2025-10-14 09:39:27,39.64,7200,39.65,U
sz002756,永兴材料,2025-10-14 09:39:33,39.66,8600,39.67,U
sz002756,永兴材料,2025-10-14 09:39:39,39.68,5100,39.66,U
sz002756,永兴材料,2025-10-14 09:39:45,39.7,7100,39.66,U
sz002756,永兴材料,2025-10-14 09:39:57,39.68,13900,39.71,D
sz002756,永兴材料,2025-10-14 09:40:00,39.65,9900,39.68,D
sz002756,永兴材料,2025-10-14 09:40:06,39.65,7500,39.64,U
sz002756,永兴材料,2025-10-14 09:40:09,39.64,25100,39.65,D
sz002756,永兴材料,2025-10-14 09:40:18,39.64,7600,39.61,U
sz002756,永兴材料,2025-10-14 09:40:30,39.68,5600,39.63,U
sz002756,永兴材料,2025-10-14 09:40:33,39.71,11500,39.68,U
sz002756,永兴材料,2025-10-14 09:40:36,39.75,5100,39.71,U
sz002756,永兴材料,2025-10-14 09:40:39,39.75,6200,39.75,D
sz002756,永兴材料,2025-10-14 09:40:42,39.77,6200,39.75,U
sz002756,永兴材料,2025-10-14 09:41:03,39.87,8300,39.85,U
sz002756,永兴材料,2025-10-14 09:41:09,39.91,8000,39.88,E
sz002756,永兴材料,2025-10-14 09:41:21,39.92,17600,39.92,U
sz002756,永兴材料,2025-10-14 09:41:30,39.92,13200,39.88,U
sz002756,永兴材料,2025-10-14 09:41:42,39.91,8600,39.92,E
sz002756,永兴材料,2025-10-14 09:41:48,39.83,6800,39.81,E
sz002756,永兴材料,2025-10-14 09:41:57,39.77,5100,39.77,D
sz002756,永兴材料,2025-10-14 09:42:03,39.87,27900,39.78,U
sz002756,永兴材料,2025-10-14 09:42:06,39.84,8600,39.87,E
sz002756,永兴材料,2025-10-14 09:42:15,39.79,7000,39.79,D
sz002756,永兴材料,2025-10-14 09:42:24,39.73,43000,39.8,D
sz002756,永兴材料,2025-10-14 09:42:27,39.71,6600,39.73,D
sz002756,永兴材料,2025-10-14 09:42:57,39.75,10900,39.75,D
sz002756,永兴材料,2025-10-14 09:43:06,39.76,5700,39.78,D
sz002756,永兴材料,2025-10-14 09:43:21,39.8,13600,39.77,U
sz002756,永兴材料,2025-10-14 09:43:30,39.82,11500,39.83,U
sz002756,永兴材料,2025-10-14 09:43:45,39.83,7600,39.83,D
sz002756,永兴材料,2025-10-14 09:44:18,39.84,11500,39.89,D
sz002756,永兴材料,2025-10-14 09:44:21,39.84,25600,39.84,U
sz002756,永兴材料,2025-10-14 09:44:30,39.83,10700,39.82,U
sz002756,永兴材料,2025-10-14 09:44:33,39.83,12800,39.83,U
sz002756,永兴材料,2025-10-14 09:44:51,39.83,7700,39.82,U
sz002756,永兴材料,2025-10-14 09:44:54,39.8,8900,39.83,D
sz002756,永兴材料,2025-10-14 09:45:00,39.75,28300,39.8,D
sz002756,永兴材料,2025-10-14 09:45:09,39.76,6700,39.75,E
sz002756,永兴材料,2025-10-14 09:45:15,39.76,9000,39.81,D
sz002756,永兴材料,2025-10-14 09:45:24,39.81,10200,39.81,U
sz002756,永兴材料,2025-10-14 09:45:54,39.82,5400,39.82,U
sz002756,永兴材料,2025-10-14 09:46:03,39.87,22311,39.82,U
sz002756,永兴材料,2025-10-14 09:46:48,39.86,5600,39.85,E
sz002756,永兴材料,2025-10-14 09:47:00,39.89,18100,39.87,U
sz002756,永兴材料,2025-10-14 09:47:09,39.89,14500,39.9,D
sz002756,永兴材料,2025-10-14 09:47:12,39.88,7200,39.89,D
sz002756,永兴材料,2025-10-14 09:47:15,39.88,7700,39.88,D
sz002756,永兴材料,2025-10-14 09:47:18,39.85,9200,39.88,D
sz002756,永兴材料,2025-10-14 09:47:21,39.85,22100,39.85,D
sz002756,永兴材料,2025-10-14 09:47:45,39.85,11500,39.87,D
sz002756,永兴材料,2025-10-14 09:47:48,39.83,6100,39.85,D
sz002756,永兴材料,2025-10-14 09:47:54,39.81,14600,39.85,D
sz002756,永兴材料,2025-10-14 09:47:57,39.81,5300,39.81,D
sz002756,永兴材料,2025-10-14 09:48:00,39.8,5400,39.81,D
sz002756,永兴材料,2025-10-14 09:48:03,39.8,5300,39.8,D
sz002756,永兴材料,2025-10-14 09:48:12,39.82,5700,39.81,U
sz002756,永兴材料,2025-10-14 09:48:15,39.79,18200,39.82,D
sz002756,永兴材料,2025-10-14 09:48:18,39.8,7500,39.79,E
sz002756,永兴材料,2025-10-14 09:48:30,39.78,5300,39.79,U
sz002756,永兴材料,2025-10-14 09:48:33,39.8,5700,39.78,U
sz002756,永兴材料,2025-10-14 09:48:36,39.84,6500,39.8,U
sz002756,永兴材料,2025-10-14 09:49:00,39.79,6200,39.8,E
sz002756,永兴材料,2025-10-14 09:49:12,39.79,9200,39.8,D
sz002756,永兴材料,2025-10-14 09:49:15,39.75,25900,39.79,D
sz002756,永兴材料,2025-10-14 09:49:18,39.76,11100,39.75,U
sz002756,永兴材料,2025-10-14 09:49:27,39.71,5200,39.72,D
sz002756,永兴材料,2025-10-14 09:49:33,39.7,5400,39.71,D
sz002756,永兴材料,2025-10-14 09:49:42,39.71,7700,39.71,U
sz002756,永兴材料,2025-10-14 09:49:48,39.68,9900,39.7,D
sz002756,永兴材料,2025-10-14 09:49:54,39.68,11300,39.68,U
sz002756,永兴材料,2025-10-14 09:49:57,39.66,6900,39.68,D
sz002756,永兴材料,2025-10-14 09:50:21,39.65,9600,39.66,D
sz002756,永兴材料,2025-10-14 09:50:57,39.77,7100,39.77,U
sz002756,永兴材料,2025-10-14 09:51:00,39.79,9800,39.77,U
sz002756,永兴材料,2025-10-14 09:51:27,39.86,7230,39.86,U
sz002756,永兴材料,2025-10-14 09:51:33,39.9,9900,39.88,U
sz002756,永兴材料,2025-10-14 09:51:36,39.91,8300,39.9,U
sz002756,永兴材料,2025-10-14 09:52:06,39.98,8300,39.97,U
sz002756,永兴材料,2025-10-14 09:52:18,39.94,11700,39.95,D
sz002756,永兴材料,2025-10-14 09:52:36,39.95,7800,39.93,U
sz002756,永兴材料,2025-10-14 09:52:54,39.96,6820,39.97,D
sz002756,永兴材料,2025-10-14 09:53:03,39.96,5580,39.95,U
sz002756,永兴材料,2025-10-14 09:53:06,39.93,9220,39.96,D
sz002756,永兴材料,2025-10-14 09:53:24,39.93,6000,39.93,U
sz002756,永兴材料,2025-10-14 09:53:42,39.97,17000,39.93,U
sz002756,永兴材料,2025-10-14 09:53:51,39.95,12600,39.96,U
sz002756,永兴材料,2025-10-14 09:53:54,39.93,10700,39.95,U
sz002756,永兴材料,2025-10-14 09:54:00,39.89,12900,39.92,D
sz002756,永兴材料,2025-10-14 09:54:51,39.85,5700,39.85,U
sz002756,永兴材料,2025-10-14 09:54:57,39.85,7200,39.84,E
sz002756,永兴材料,2025-10-14 09:55:27,39.91,32700,39.86,U
sz002756,永兴材料,2025-10-14 09:55:36,39.98,14800,39.94,U
sz002756,永兴材料,2025-10-14 09:55:54,40.0,56800,39.95,U
sz002756,永兴材料,2025-10-14 09:55:57,40.01,5700,40.0,D
sz002756,永兴材料,2025-10-14 09:56:09,40.0,23100,40.05,E
sz002756,永兴材料,2025-10-14 09:56:12,39.95,8000,40.0,D
sz002756,永兴材料,2025-10-14 09:56:15,39.96,18700,39.95,E
sz002756,永兴材料,2025-10-14 09:56:21,39.93,9900,39.92,U
sz002756,永兴材料,2025-10-14 09:56:24,39.9,11300,39.93,D
sz002756,永兴材料,2025-10-14 09:56:27,39.97,5200,39.9,U
sz002756,永兴材料,2025-10-14 09:56:30,39.9,9300,39.97,D
sz002756,永兴材料,2025-10-14 09:56:33,39.91,6700,39.9,E
sz002756,永兴材料,2025-10-14 09:56:45,40.0,11460,39.94,U
sz002756,永兴材料,2025-10-14 09:57:12,39.97,11300,40.03,D
sz002756,永兴材料,2025-10-14 09:57:21,39.97,9000,39.96,U
sz002756,永兴材料,2025-10-14 09:57:42,39.97,6800,39.97,D
sz002756,永兴材料,2025-10-14 09:57:51,39.97,10700,39.98,D
sz002756,永兴材料,2025-10-14 09:58:27,39.97,25600,39.9,U
sz002756,永兴材料,2025-10-14 09:58:30,39.97,7100,39.97,E
sz002756,永兴材料,2025-10-14 09:58:48,40.0,11900,39.96,U
sz002756,永兴材料,2025-10-14 09:58:51,39.98,8200,40.0,D
sz002756,永兴材料,2025-10-14 09:59:00,40.0,5400,39.97,U
sz002756,永兴材料,2025-10-14 09:59:09,40.01,5300,40.01,U
sz002756,永兴材料,2025-10-14 09:59:30,39.97,10200,39.97,D
sz002756,永兴材料,2025-10-14 09:59:33,39.98,10100,39.97,E
sz002756,永兴材料,2025-10-14 09:59:39,40.01,16800,39.98,U
sz002756,永兴材料,2025-10-14 09:59:48,39.99,8400,39.98,D
sz002756,永兴材料,2025-10-14 09:59:51,40.0,12600,39.99,U
sz002756,永兴材料,2025-10-14 10:00:06,39.95,8300,39.98,D
sz002756,永兴材料,2025-10-14 10:00:09,39.95,5600,39.95,U
sz002756,永兴材料,2025-10-14 10:00:12,39.95,5100,39.95,U
sz002756,永兴材料,2025-10-14 10:00:15,39.92,9700,39.95,D
sz002756,永兴材料,2025-10-14 10:00:21,39.88,14940,39.9,D
sz002756,永兴材料,2025-10-14 10:00:24,39.86,5300,39.88,D
sz002756,永兴材料,2025-10-14 10:00:27,39.82,10300,39.86,D
sz002756,永兴材料,2025-10-14 10:00:30,39.89,7400,39.82,U
sz002756,永兴材料,2025-10-14 10:00:42,39.85,11700,39.86,E
sz002756,永兴材料,2025-10-14 10:00:48,39.82,9600,39.83,D
sz002756,永兴材料,2025-10-14 10:01:03,39.79,18070,39.83,D
sz002756,永兴材料,2025-10-14 10:01:06,39.76,13500,39.79,D
sz002756,永兴材料,2025-10-14 10:01:09,39.8,6300,39.76,U
sz002756,永兴材料,2025-10-14 10:01:12,39.74,8100,39.8,D
sz002756,永兴材料,2025-10-14 10:01:27,39.75,5400,39.74,E
sz002756,永兴材料,2025-10-14 10:01:45,39.71,8300,39.71,D
sz002756,永兴材料,2025-10-14 10:01:48,39.7,5500,39.71,D
sz002756,永兴材料,2025-10-14 10:02:00,39.7,13100,39.7,D
sz002756,永兴材料,2025-10-14 10:02:06,39.7,10600,39.69,U
sz002756,永兴材料,2025-10-14 10:02:12,39.71,28000,39.66,U
sz002756,永兴材料,2025-10-14 10:02:15,39.69,9400,39.71,D
sz002756,永兴材料,2025-10-14 10:02:21,39.71,10900,39.69,U
sz002756,永兴材料,2025-10-14 10:02:39,39.66,19300,39.66,D
sz002756,永兴材料,2025-10-14 10:02:42,39.66,8200,39.66,U
sz002756,永兴材料,2025-10-14 10:02:54,39.62,17700,39.64,D
sz002756,永兴材料,2025-10-14 10:03:12,39.69,11600,39.64,U
sz002756,永兴材料,2025-10-14 10:03:24,39.69,21300,39.69,U
sz002756,永兴材料,2025-10-14 10:03:33,39.69,11700,39.68,U
sz002756,永兴材料,2025-10-14 10:03:48,39.7,7800,39.67,U
sz002756,永兴材料,2025-10-14 10:04:03,39.71,38200,39.67,U
sz002756,永兴材料,2025-10-14 10:04:39,39.75,7100,39.76,D
sz002756,永兴材料,2025-10-14 10:04:42,39.73,13500,39.75,D
sz002756,永兴材料,2025-10-14 10:04:48,39.74,12000,39.72,U
sz002756,永兴材料,2025-10-14 10:05:00,39.73,9600,39.71,U
sz002756,永兴材料,2025-10-14 10:05:03,39.73,11700,39.73,U
sz002756,永兴材料,2025-10-14 10:05:06,39.72,5100,39.73,E
sz002756,永兴材料,2025-10-14 10:05:36,39.75,10400,39.72,U
sz002756,永兴材料,2025-10-14 10:05:48,39.74,5300,39.73,U
sz002756,永兴材料,2025-10-14 10:06:00,39.69,11300,39.69,D
sz002756,永兴材料,2025-10-14 10:06:03,39.69,10300,39.69,D
sz002756,永兴材料,2025-10-14 10:06:09,39.69,6900,39.68,U
sz002756,永兴材料,2025-10-14 10:06:33,39.68,8400,39.69,D
sz002756,永兴材料,2025-10-14 10:07:00,39.61,76200,39.67,D
sz002756,永兴材料,2025-10-14 10:07:03,39.63,13000,39.61,U
sz002756,永兴材料,2025-10-14 10:07:21,39.61,22400,39.6,U
sz002756,永兴材料,2025-10-14 10:07:45,39.56,9500,39.55,U
sz002756,永兴材料,2025-10-14 10:07:48,39.55,5700,39.56,D
sz002756,永兴材料,2025-10-14 10:08:15,39.58,5200,39.6,D
sz002756,永兴材料,2025-10-14 10:08:24,39.56,7500,39.56,D
sz002756,永兴材料,2025-10-14 10:08:27,39.57,8700,39.56,E
sz002756,永兴材料,2025-10-14 10:08:30,39.57,6100,39.57,U
sz002756,永兴材料,2025-10-14 10:08:42,39.56,8600,39.57,D
sz002756,永兴材料,2025-10-14 10:08:45,39.57,14700,39.56,U
sz002756,永兴材料,2025-10-14 10:08:54,39.57,8700,39.56,U
sz002756,永兴材料,2025-10-14 10:09:03,39.57,8200,39.57,D
sz002756,永兴材料,2025-10-14 10:09:12,39.56,7200,39.57,E
sz002756,永兴材料,2025-10-14 10:09:15,39.55,8800,39.56,D
sz002756,永兴材料,2025-10-14 10:09:18,39.53,8800,39.55,D
sz002756,永兴材料,2025-10-14 10:09:24,39.53,5600,39.53,D
sz002756,永兴材料,2025-10-14 10:09:33,39.51,42200,39.54,D
sz002756,永兴材料,2025-10-14 10:09:51,39.51,17700,39.5,U
sz002756,永兴材料,2025-10-14 10:10:00,39.5,6100,39.54,D
sz002756,永兴材料,2025-10-14 10:10:15,39.54,16800,39.54,U
sz002756,永兴材料,2025-10-14 10:10:18,39.5,15000,39.54,D
sz002756,永兴材料,2025-10-14 10:10:21,39.47,6100,39.5,D
sz002756,永兴材料,2025-10-14 10:10:24,39.5,5200,39.47,U
sz002756,永兴材料,2025-10-14 10:10:27,39.5,11700,39.5,U
sz002756,永兴材料,2025-10-14 10:10:30,39.47,14300,39.5,D
sz002756,永兴材料,2025-10-14 10:10:33,39.47,16700,39.47,D
sz002756,永兴材料,2025-10-14 10:10:51,39.5,5700,39.47,U
sz002756,永兴材料,2025-10-14 10:11:15,39.45,6400,39.47,D
sz002756,永兴材料,2025-10-14 10:11:21,39.44,13800,39.45,D
sz002756,永兴材料,2025-10-14 10:11:24,39.44,5400,39.44,E
sz002756,永兴材料,2025-10-14 10:11:54,39.47,9100,39.45,U
sz002756,永兴材料,2025-10-14 10:11:57,39.46,7700,39.47,E
sz002756,永兴材料,2025-10-14 10:12:03,39.51,13600,39.49,U
sz002756,永兴材料,2025-10-14 10:12:06,39.48,6700,39.51,D
sz002756,永兴材料,2025-10-14 10:12:09,39.55,6700,39.48,U
sz002756,永兴材料,2025-10-14 10:12:39,39.51,8600,39.51,D
sz002756,永兴材料,2025-10-14 10:12:51,39.5,11400,39.47,U
sz002756,永兴材料,2025-10-14 10:12:54,39.5,5100,39.5,U
sz002756,永兴材料,2025-10-14 10:13:12,39.43,8600,39.46,D
sz002756,永兴材料,2025-10-14 10:13:33,39.41,13800,39.41,D
sz002756,永兴材料,2025-10-14 10:13:51,39.36,13600,39.4,D
sz002756,永兴材料,2025-10-14 10:13:54,39.39,6900,39.36,U
sz002756,永兴材料,2025-10-14 10:13:57,39.45,27700,39.39,U
sz002756,永兴材料,2025-10-14 10:14:00,39.43,11300,39.45,D
sz002756,永兴材料,2025-10-14 10:14:15,39.43,54400,39.42,U
sz002756,永兴材料,2025-10-14 10:14:27,39.48,5320,39.41,U
sz002756,永兴材料,2025-10-14 10:14:51,39.46,9900,39.5,D
sz002756,永兴材料,2025-10-14 10:14:54,39.5,6600,39.46,U
sz002756,永兴材料,2025-10-14 10:15:03,39.5,10000,39.5,U
sz002756,永兴材料,2025-10-14 10:15:27,39.5,5400,39.53,D
sz002756,永兴材料,2025-10-14 10:15:48,39.49,30000,39.51,D
sz002756,永兴材料,2025-10-14 10:16:03,39.56,8400,39.51,U
sz002756,永兴材料,2025-10-14 10:16:09,39.56,11900,39.56,U
sz002756,永兴材料,2025-10-14 10:16:24,39.59,20500,39.6,D
sz002756,永兴材料,2025-10-14 10:16:27,39.61,5600,39.59,E
sz002756,永兴材料,2025-10-14 10:16:36,39.61,17800,39.61,U
sz002756,永兴材料,2025-10-14 10:16:57,39.58,161700,39.58,U
sz002756,永兴材料,2025-10-14 10:17:12,39.58,6700,39.59,D
sz002756,永兴材料,2025-10-14 10:18:15,39.56,13500,39.52,U
sz002756,永兴材料,2025-10-14 10:19:12,39.63,14500,39.64,U
sz002756,永兴材料,2025-10-14 10:19:27,39.55,14800,39.58,D
sz002756,永兴材料,2025-10-14 10:21:30,39.64,12200,39.65,D
sz002756,永兴材料,2025-10-14 10:22:00,39.64,8900,39.62,U
sz002756,永兴材料,2025-10-14 10:22:21,39.61,6300,39.61,U
sz002756,永兴材料,2025-10-14 10:23:18,39.56,6400,39.58,D
sz002756,永兴材料,2025-10-14 10:23:33,39.51,9700,39.54,D
sz002756,永兴材料,2025-10-14 10:23:36,39.48,12700,39.51,D
sz002756,永兴材料,2025-10-14 10:23:48,39.46,27600,39.48,D
sz002756,永兴材料,2025-10-14 10:24:12,39.48,10600,39.46,U
sz002756,永兴材料,2025-10-14 10:24:15,39.47,5700,39.48,D
sz002756,永兴材料,2025-10-14 10:25:06,39.41,17400,39.42,D
sz002756,永兴材料,2025-10-14 10:25:12,39.41,5800,39.41,D
sz002756,永兴材料,2025-10-14 10:25:42,39.4,5700,39.4,D
sz002756,永兴材料,2025-10-14 10:25:51,39.4,6600,39.4,D
sz002756,永兴材料,2025-10-14 10:25:57,39.4,11600,39.41,D
sz002756,永兴材料,2025-10-14 10:26:00,39.36,28200,39.4,D
sz002756,永兴材料,2025-10-14 10:26:03,39.36,5900,39.36,U
sz002756,永兴材料,2025-10-14 10:26:24,39.35,55000,39.31,U
sz002756,永兴材料,2025-10-14 10:26:48,39.37,5500,39.34,U
sz002756,永兴材料,2025-10-14 10:26:54,39.41,5600,39.36,U
sz002756,永兴材料,2025-10-14 10:27:15,39.36,7200,39.36,D
sz002756,永兴材料,2025-10-14 10:27:48,39.3,42400,39.31,D
sz002756,永兴材料,2025-10-14 10:28:09,39.28,12400,39.29,D
sz002756,永兴材料,2025-10-14 10:28:12,39.27,8400,39.28,D
sz002756,永兴材料,2025-10-14 10:28:15,39.29,36200,39.27,U
sz002756,永兴材料,2025-10-14 10:28:42,39.28,6000,39.31,D
sz002756,永兴材料,2025-10-14 10:29:00,39.28,5700,39.29,D
sz002756,永兴材料,2025-10-14 10:29:03,39.3,5400,39.28,U
sz002756,永兴材料,2025-10-14 10:30:09,39.3,15700,39.31,D
sz002756,永兴材料,2025-10-14 10:30:24,39.29,8200,39.31,D
sz002756,永兴材料,2025-10-14 10:30:42,39.29,11300,39.31,D
sz002756,永兴材料,2025-10-14 10:30:45,39.3,10300,39.29,U
sz002756,永兴材料,2025-10-14 10:30:57,39.29,32100,39.31,D
sz002756,永兴材料,2025-10-14 10:31:00,39.26,28400,39.29,D
sz002756,永兴材料,2025-10-14 10:31:18,39.25,7600,39.25,U
sz002756,永兴材料,2025-10-14 10:31:42,39.21,5200,39.21,D
sz002756,永兴材料,2025-10-14 10:31:51,39.19,5600,39.2,D
sz002756,永兴材料,2025-10-14 10:31:54,39.22,28100,39.19,U
sz002756,永兴材料,2025-10-14 10:32:24,39.23,13500,39.23,D
sz002756,永兴材料,2025-10-14 10:32:42,39.28,8300,39.29,E
sz002756,永兴材料,2025-10-14 10:32:45,39.3,6700,39.28,U
sz002756,永兴材料,2025-10-14 10:33:12,39.3,7500,39.31,D
sz002756,永兴材料,2025-10-14 10:34:09,39.33,8800,39.35,D
sz002756,永兴材料,2025-10-14 10:34:27,39.28,7900,39.29,D
sz002756,永兴材料,2025-10-14 10:34:33,39.28,5100,39.25,U
sz002756,永兴材料,2025-10-14 10:35:06,39.25,6100,39.26,D
sz002756,永兴材料,2025-10-14 10:35:21,39.22,8100,39.23,D
sz002756,永兴材料,2025-10-14 10:35:30,39.2,5200,39.21,D
sz002756,永兴材料,2025-10-14 10:35:39,39.22,7100,39.2,U
sz002756,永兴材料,2025-10-14 10:36:12,39.24,28200,39.24,U
sz002756,永兴材料,2025-10-14 10:36:39,39.29,5800,39.29,D
sz002756,永兴材料,2025-10-14 10:36:54,39.35,5300,39.33,U
sz002756,永兴材料,2025-10-14 10:37:30,39.39,5900,39.35,U
sz002756,永兴材料,2025-10-14 10:37:39,39.36,24000,39.39,D
sz002756,永兴材料,2025-10-14 10:37:48,39.35,6800,39.35,D
sz002756,永兴材料,2025-10-14 10:37:51,39.35,5800,39.35,D
sz002756,永兴材料,2025-10-14 10:38:33,39.36,16300,39.36,D
sz002756,永兴材料,2025-10-14 10:38:45,39.36,7000,39.35,U
sz002756,永兴材料,2025-10-14 10:39:12,39.35,8200,39.34,U
sz002756,永兴材料,2025-10-14 10:39:24,39.36,5400,39.36,D
sz002756,永兴材料,2025-10-14 10:40:00,39.33,13900,39.37,D
sz002756,永兴材料,2025-10-14 10:40:33,39.32,9200,39.3,U
sz002756,永兴材料,2025-10-14 10:41:42,39.38,6100,39.33,U
sz002756,永兴材料,2025-10-14 10:42:42,39.38,5500,39.39,D
sz002756,永兴材料,2025-10-14 10:42:45,39.41,13000,39.38,U
sz002756,永兴材料,2025-10-14 10:42:48,39.41,25200,39.41,U
sz002756,永兴材料,2025-10-14 10:44:03,39.35,6600,39.37,D
sz002756,永兴材料,2025-10-14 10:44:06,39.36,5500,39.35,E
sz002756,永兴材料,2025-10-14 10:45:30,39.3,5600,39.31,D
sz002756,永兴材料,2025-10-14 10:46:03,39.28,6700,39.27,U
sz002756,永兴材料,2025-10-14 10:46:27,39.25,8900,39.25,D
sz002756,永兴材料,2025-10-14 10:46:45,39.22,7900,39.25,D
sz002756,永兴材料,2025-10-14 10:47:12,39.22,15000,39.23,D
sz002756,永兴材料,2025-10-14 10:47:30,39.21,7300,39.2,U
sz002756,永兴材料,2025-10-14 10:47:33,39.19,19700,39.21,D
sz002756,永兴材料,2025-10-14 10:48:03,39.18,5200,39.19,D
sz002756,永兴材料,2025-10-14 10:49:45,39.17,15000,39.17,D
sz002756,永兴材料,2025-10-14 10:49:54,39.16,9100,39.17,D
sz002756,永兴材料,2025-10-14 10:50:12,39.13,5700,39.13,D
sz002756,永兴材料,2025-10-14 10:50:18,39.16,11400,39.17,U
sz002756,永兴材料,2025-10-14 10:50:54,39.2,32300,39.16,U
sz002756,永兴材料,2025-10-14 10:52:18,39.19,7700,39.19,D
sz002756,永兴材料,2025-10-14 10:53:09,39.18,11000,39.18,D
sz002756,永兴材料,2025-10-14 10:53:15,39.14,6300,39.15,D
sz002756,永兴材料,2025-10-14 10:53:30,39.13,5900,39.13,D
sz002756,永兴材料,2025-10-14 10:53:33,39.12,5800,39.13,D
sz002756,永兴材料,2025-10-14 10:53:51,39.12,15400,39.1,U
sz002756,永兴材料,2025-10-14 10:55:03,39.16,22900,39.1,U
sz002756,永兴材料,2025-10-14 10:56:48,39.09,5400,39.09,D
sz002756,永兴材料,2025-10-14 10:56:51,39.1,10000,39.09,U
sz002756,永兴材料,2025-10-14 10:58:48,39.05,5600,39.07,D
sz002756,永兴材料,2025-10-14 10:59:00,39.09,22700,39.05,U
sz002756,永兴材料,2025-10-14 10:59:54,39.06,5300,39.08,D
sz002756,永兴材料,2025-10-14 11:00:18,39.1,12200,39.07,U
sz002756,永兴材料,2025-10-14 11:00:39,39.12,14100,39.09,U
sz002756,永兴材料,2025-10-14 11:01:09,39.18,5500,39.18,E
sz002756,永兴材料,2025-10-14 11:01:18,39.2,6800,39.18,U
sz002756,永兴材料,2025-10-14 11:01:51,39.18,9300,39.18,D
sz002756,永兴材料,2025-10-14 11:04:33,39.27,6900,39.27,U
sz002756,永兴材料,2025-10-14 11:05:00,39.25,8400,39.28,D
sz002756,永兴材料,2025-10-14 11:05:03,39.25,5200,39.25,D
sz002756,永兴材料,2025-10-14 11:06:06,39.17,12400,39.17,D
sz002756,永兴材料,2025-10-14 11:07:48,39.13,5600,39.14,D
sz002756,永兴材料,2025-10-14 11:09:00,39.1,6500,39.08,U
sz002756,永兴材料,2025-10-14 11:10:09,39.12,5900,39.13,D
sz002756,永兴材料,2025-10-14 11:10:21,39.12,9400,39.12,D
sz002756,永兴材料,2025-10-14 11:11:27,39.07,14140,39.07,D
sz002756,永兴材料,2025-10-14 11:11:36,39.06,5560,39.07,D
sz002756,永兴材料,2025-10-14 11:12:48,39.11,10500,39.08,U
sz002756,永兴材料,2025-10-14 11:13:03,39.14,8600,39.12,E
sz002756,永兴材料,2025-10-14 11:13:06,39.14,12900,39.14,D
sz002756,永兴材料,2025-10-14 11:14:15,39.15,9800,39.15,D
sz002756,永兴材料,2025-10-14 11:14:42,39.19,7000,39.17,U
sz002756,永兴材料,2025-10-14 11:14:45,39.2,8200,39.19,U
sz002756,永兴材料,2025-10-14 11:15:15,39.2,7500,39.21,D
sz002756,永兴材料,2025-10-14 11:16:21,39.19,9000,39.19,D
sz002756,永兴材料,2025-10-14 11:17:15,39.11,7400,39.1,U
sz002756,永兴材料,2025-10-14 11:17:27,39.06,8600,39.07,D
sz002756,永兴材料,2025-10-14 11:17:39,39.06,7300,39.06,D
sz002756,永兴材料,2025-10-14 11:17:42,39.05,5200,39.06,D
sz002756,永兴材料,2025-10-14 11:18:18,39.08,9600,39.08,D
sz002756,永兴材料,2025-10-14 11:18:24,39.06,11500,39.06,D
sz002756,永兴材料,2025-10-14 11:18:27,39.05,30402,39.06,D
sz002756,永兴材料,2025-10-14 11:18:45,39.05,42600,39.05,U
sz002756,永兴材料,2025-10-14 11:18:48,39.02,10500,39.05,D
sz002756,永兴材料,2025-10-14 11:18:54,39.01,11200,39.05,D
sz002756,永兴材料,2025-10-14 11:19:00,39.01,13800,39.04,D
sz002756,永兴材料,2025-10-14 11:19:06,39.02,9700,39.02,D
sz002756,永兴材料,2025-10-14 11:19:12,39.01,8200,39.02,D
sz002756,永兴材料,2025-10-14 11:19:42,39.02,9800,39.01,U
sz002756,永兴材料,2025-10-14 11:19:51,39.01,11700,39.01,D
sz002756,永兴材料,2025-10-14 11:20:48,39.05,5700,39.04,U
sz002756,永兴材料,2025-10-14 11:20:54,39.05,12700,39.05,U
sz002756,永兴材料,2025-10-14 11:22:33,39.03,8800,39.02,U
sz002756,永兴材料,2025-10-14 11:22:36,39.04,22600,39.03,U
sz002756,永兴材料,2025-10-14 11:22:39,39.04,12300,39.04,D
sz002756,永兴材料,2025-10-14 11:22:45,39.02,5200,39.04,D
sz002756,永兴材料,2025-10-14 11:23:03,39.04,16100,39.01,U
sz002756,永兴材料,2025-10-14 11:23:21,39.06,6300,39.04,U
sz002756,永兴材料,2025-10-14 11:24:00,39.07,10400,39.07,D
sz002756,永兴材料,2025-10-14 11:24:18,39.1,5600,39.07,U
sz002756,永兴材料,2025-10-14 11:25:36,39.15,10200,39.16,E
sz002756,永兴材料,2025-10-14 11:27:21,39.08,9000,39.07,U
sz002756,永兴材料,2025-10-14 11:27:24,39.08,10000,39.08,U
sz002756,永兴材料,2025-10-14 11:28:09,39.1,5500,39.07,U
sz002756,永兴材料,2025-10-14 11:28:36,39.09,9900,39.08,U
sz002756,永兴材料,2025-10-14 11:29:18,39.12,11300,39.12,U
sz002756,永兴材料,2025-10-14 11:29:30,39.15,11900,39.15,U
sz002756,永兴材料,2025-10-14 13:00:00,39.2,28200,39.21,D
sz002756,永兴材料,2025-10-14 13:00:03,39.21,12200,39.2,U
sz002756,永兴材料,2025-10-14 13:00:18,39.13,26600,39.14,D
sz002756,永兴材料,2025-10-14 13:00:36,39.12,8100,39.1,U
sz002756,永兴材料,2025-10-14 13:00:57,39.12,5900,39.13,D
sz002756,永兴材料,2025-10-14 13:01:21,39.11,11100,39.13,D
sz002756,永兴材料,2025-10-14 13:02:39,39.06,8100,39.07,D
sz002756,永兴材料,2025-10-14 13:03:03,39.04,8600,39.04,D
sz002756,永兴材料,2025-10-14 13:03:09,39.04,5700,39.04,D
sz002756,永兴材料,2025-10-14 13:03:12,39.01,6100,39.04,D
sz002756,永兴材料,2025-10-14 13:03:18,38.99,74000,39.01,D
sz002756,永兴材料,2025-10-14 13:03:27,38.95,10400,38.97,D
sz002756,永兴材料,2025-10-14 13:03:45,38.9,11100,38.93,D
sz002756,永兴材料,2025-10-14 13:04:00,38.92,9200,38.93,D
sz002756,永兴材料,2025-10-14 13:04:06,38.92,16000,38.91,U
sz002756,永兴材料,2025-10-14 13:04:09,38.92,11900,38.92,U
sz002756,永兴材料,2025-10-14 13:04:12,38.91,12300,38.92,D
sz002756,永兴材料,2025-10-14 13:04:15,38.91,5600,38.91,U
sz002756,永兴材料,2025-10-14 13:04:21,38.89,6600,38.91,D
sz002756,永兴材料,2025-10-14 13:04:36,38.88,11300,38.89,D
sz002756,永兴材料,2025-10-14 13:04:51,38.88,10300,38.89,D
sz002756,永兴材料,2025-10-14 13:05:00,38.88,7500,38.88,D
sz002756,永兴材料,2025-10-14 13:05:15,38.86,12000,38.87,D
sz002756,永兴材料,2025-10-14 13:05:27,38.85,10500,38.85,E
sz002756,永兴材料,2025-10-14 13:06:03,38.85,12900,38.84,U
sz002756,永兴材料,2025-10-14 13:06:06,38.84,8300,38.85,D
sz002756,永兴材料,2025-10-14 13:06:33,38.89,6300,38.87,U
sz002756,永兴材料,2025-10-14 13:06:36,38.86,42650,38.89,D
sz002756,永兴材料,2025-10-14 13:07:39,38.95,5900,38.95,U
sz002756,永兴材料,2025-10-14 13:07:45,38.88,6900,38.9,D
sz002756,永兴材料,2025-10-14 13:08:03,38.88,5500,38.89,D
sz002756,永兴材料,2025-10-14 13:08:06,38.88,5800,38.88,D
sz002756,永兴材料,2025-10-14 13:09:06,38.89,5200,38.89,D
sz002756,永兴材料,2025-10-14 13:09:09,38.88,11300,38.89,D
sz002756,永兴材料,2025-10-14 13:09:18,38.85,27150,38.86,D
sz002756,永兴材料,2025-10-14 13:09:36,38.84,6600,38.84,U
sz002756,永兴材料,2025-10-14 13:10:15,38.85,20350,38.87,D
sz002756,永兴材料,2025-10-14 13:10:21,38.84,11200,38.85,D
sz002756,永兴材料,2025-10-14 13:10:24,38.84,16600,38.84,D
sz002756,永兴材料,2025-10-14 13:10:45,38.85,27050,38.84,U
sz002756,永兴材料,2025-10-14 13:11:03,38.88,10900,38.86,U
sz002756,永兴材料,2025-10-14 13:11:09,38.88,13500,38.87,U
sz002756,永兴材料,2025-10-14 13:12:06,38.9,7400,38.91,D
sz002756,永兴材料,2025-10-14 13:12:09,38.91,30500,38.9,U
sz002756,永兴材料,2025-10-14 13:12:30,38.86,9000,38.86,D
sz002756,永兴材料,2025-10-14 13:13:00,38.88,7000,38.87,U
sz002756,永兴材料,2025-10-14 13:13:54,38.89,8400,38.91,D
sz002756,永兴材料,2025-10-14 13:14:00,38.88,8400,38.89,D
sz002756,永兴材料,2025-10-14 13:15:24,39.01,5200,38.98,U
sz002756,永兴材料,2025-10-14 13:15:39,38.99,6300,38.99,U
sz002756,永兴材料,2025-10-14 13:15:42,38.99,13300,38.99,U
sz002756,永兴材料,2025-10-14 13:16:03,38.96,7200,39.0,D
sz002756,永兴材料,2025-10-14 13:17:03,38.97,5200,38.99,D
sz002756,永兴材料,2025-10-14 13:17:42,38.95,6700,38.95,U
sz002756,永兴材料,2025-10-14 13:18:09,39.0,9300,38.98,U
sz002756,永兴材料,2025-10-14 13:18:39,39.05,7000,39.02,U
sz002756,永兴材料,2025-10-14 13:18:57,38.99,19100,39.03,D
sz002756,永兴材料,2025-10-14 13:19:06,39.0,6400,39.0,D
sz002756,永兴材料,2025-10-14 13:19:33,39.0,8900,39.0,U
sz002756,永兴材料,2025-10-14 13:22:33,39.2,10220,39.18,U
sz002756,永兴材料,2025-10-14 13:22:39,39.2,9880,39.21,D
sz002756,永兴材料,2025-10-14 13:22:54,39.16,7900,39.16,U
sz002756,永兴材料,2025-10-14 13:23:03,39.14,14200,39.18,D
sz002756,永兴材料,2025-10-14 13:23:12,39.11,8700,39.12,D
sz002756,永兴材料,2025-10-14 13:24:24,39.1,9100,39.06,U
sz002756,永兴材料,2025-10-14 13:24:30,39.1,5500,39.12,D
sz002756,永兴材料,2025-10-14 13:24:39,39.12,5200,39.09,U
sz002756,永兴材料,2025-10-14 13:25:00,39.09,6700,39.12,D
sz002756,永兴材料,2025-10-14 13:26:33,39.14,5300,39.12,U
sz002756,永兴材料,2025-10-14 13:26:42,39.11,10300,39.15,D
sz002756,永兴材料,2025-10-14 13:28:00,39.13,15700,39.15,D
sz002756,永兴材料,2025-10-14 13:29:30,39.09,7300,39.1,D
sz002756,永兴材料,2025-10-14 13:30:30,39.11,9700,39.09,U
sz002756,永兴材料,2025-10-14 13:31:03,39.15,11020,39.15,U
sz002756,永兴材料,2025-10-14 13:32:39,39.08,18600,39.09,D
sz002756,永兴材料,2025-10-14 13:33:15,39.0,13100,39.01,D
sz002756,永兴材料,2025-10-14 13:33:24,38.99,14100,39.0,D
sz002756,永兴材料,2025-10-14 13:34:03,38.98,5600,38.98,D
sz002756,永兴材料,2025-10-14 13:34:21,38.98,5900,38.98,D
sz002756,永兴材料,2025-10-14 13:35:15,38.96,12700,38.98,D
sz002756,永兴材料,2025-10-14 13:37:06,38.92,8400,38.94,D
sz002756,永兴材料,2025-10-14 13:38:30,38.88,7500,38.89,D
sz002756,永兴材料,2025-10-14 13:39:03,38.87,5400,38.86,U
sz002756,永兴材料,2025-10-14 13:40:12,38.85,10200,38.85,D
sz002756,永兴材料,2025-10-14 13:40:30,38.83,10000,38.84,D
sz002756,永兴材料,2025-10-14 13:41:00,38.82,7300,38.82,D
sz002756,永兴材料,2025-10-14 13:41:03,38.81,10200,38.82,D
sz002756,永兴材料,2025-10-14 13:41:09,38.8,10100,38.81,D
sz002756,永兴材料,2025-10-14 13:41:12,38.8,5400,38.8,D
sz002756,永兴材料,2025-10-14 13:41:15,38.8,7000,38.8,D
sz002756,永兴材料,2025-10-14 13:41:18,38.78,5900,38.8,D
sz002756,永兴材料,2025-10-14 13:41:21,38.77,6800,38.78,D
sz002756,永兴材料,2025-10-14 13:42:45,38.77,5900,38.78,D
sz002756,永兴材料,2025-10-14 13:42:57,38.77,21200,38.77,D
sz002756,永兴材料,2025-10-14 13:43:03,38.76,9700,38.77,D
sz002756,永兴材料,2025-10-14 13:43:30,38.72,6100,38.71,U
sz002756,永兴材料,2025-10-14 13:43:42,38.75,25300,38.71,U
sz002756,永兴材料,2025-10-14 13:43:45,38.72,9000,38.75,D
sz002756,永兴材料,2025-10-14 13:44:00,38.76,12700,38.75,D
sz002756,永兴材料,2025-10-14 13:44:15,38.69,9700,38.74,D
sz002756,永兴材料,2025-10-14 13:45:09,38.71,9500,38.73,D
sz002756,永兴材料,2025-10-14 13:45:18,38.68,11700,38.69,D
sz002756,永兴材料,2025-10-14 13:45:21,38.69,6600,38.68,U
sz002756,永兴材料,2025-10-14 13:45:24,38.68,8800,38.69,D
sz002756,永兴材料,2025-10-14 13:45:27,38.68,11100,38.68,U
sz002756,永兴材料,2025-10-14 13:45:45,38.69,5300,38.68,U
sz002756,永兴材料,2025-10-14 13:46:03,38.67,6000,38.67,D
sz002756,永兴材料,2025-10-14 13:46:06,38.66,5200,38.67,D
sz002756,永兴材料,2025-10-14 13:46:27,38.66,11500,38.66,D
sz002756,永兴材料,2025-10-14 13:46:30,38.65,62700,38.66,D
sz002756,永兴材料,2025-10-14 13:47:45,38.67,9900,38.68,D
sz002756,永兴材料,2025-10-14 13:47:48,38.67,7300,38.67,D
sz002756,永兴材料,2025-10-14 13:47:51,38.68,9500,38.67,D
sz002756,永兴材料,2025-10-14 13:47:57,38.67,18400,38.67,D
sz002756,永兴材料,2025-10-14 13:48:03,38.67,6900,38.67,D
sz002756,永兴材料,2025-10-14 13:48:27,38.66,11400,38.66,D
sz002756,永兴材料,2025-10-14 13:49:15,38.65,6600,38.65,D
sz002756,永兴材料,2025-10-14 13:49:18,38.7,41900,38.65,U
sz002756,永兴材料,2025-10-14 13:49:36,38.71,6400,38.72,E
sz002756,永兴材料,2025-10-14 13:49:45,38.7,10500,38.69,U
sz002756,永兴材料,2025-10-14 13:49:48,38.7,5800,38.7,D
sz002756,永兴材料,2025-10-14 13:50:09,38.65,14700,38.66,D
sz002756,永兴材料,2025-10-14 13:51:39,38.65,8100,38.65,D
sz002756,永兴材料,2025-10-14 13:51:45,38.66,7300,38.66,U
sz002756,永兴材料,2025-10-14 13:52:06,38.7,13400,38.66,U
sz002756,永兴材料,2025-10-14 13:52:45,38.75,11900,38.75,U
sz002756,永兴材料,2025-10-14 13:53:18,38.72,5400,38.73,D
sz002756,永兴材料,2025-10-14 13:54:15,38.74,6000,38.76,D
sz002756,永兴材料,2025-10-14 13:54:18,38.72,21700,38.74,D
sz002756,永兴材料,2025-10-14 13:54:24,38.7,22100,38.72,D
sz002756,永兴材料,2025-10-14 13:54:33,38.68,15300,38.67,U
sz002756,永兴材料,2025-10-14 13:55:12,38.67,5900,38.67,D
sz002756,永兴材料,2025-10-14 13:55:15,38.67,7400,38.67,U
sz002756,永兴材料,2025-10-14 13:55:18,38.66,12600,38.67,D
sz002756,永兴材料,2025-10-14 13:55:24,38.64,9600,38.65,D
sz002756,永兴材料,2025-10-14 13:55:51,38.66,6300,38.67,D
sz002756,永兴材料,2025-10-14 13:56:06,38.65,7800,38.65,D
sz002756,永兴材料,2025-10-14 13:56:09,38.64,14700,38.65,D
sz002756,永兴材料,2025-10-14 13:56:15,38.63,16500,38.64,D
sz002756,永兴材料,2025-10-14 13:56:18,38.64,7400,38.63,D
sz002756,永兴材料,2025-10-14 13:56:30,38.63,7200,38.63,D
sz002756,永兴材料,2025-10-14 13:56:51,38.62,18100,38.63,D
sz002756,永兴材料,2025-10-14 13:56:54,38.62,8100,38.62,D
sz002756,永兴材料,2025-10-14 13:56:57,38.6,10400,38.62,D
sz002756,永兴材料,2025-10-14 13:57:00,38.6,5600,38.6,D
sz002756,永兴材料,2025-10-14 13:57:03,38.59,39700,38.6,D
sz002756,永兴材料,2025-10-14 13:57:06,38.58,5600,38.59,D
sz002756,永兴材料,2025-10-14 13:57:15,38.56,5700,38.55,E
sz002756,永兴材料,2025-10-14 13:57:51,38.56,7500,38.58,D
sz002756,永兴材料,2025-10-14 13:58:00,38.57,5700,38.56,U
sz002756,永兴材料,2025-10-14 13:58:18,38.57,8500,38.57,U
sz002756,永兴材料,2025-10-14 13:58:27,38.56,16900,38.56,D
sz002756,永兴材料,2025-10-14 13:58:39,38.54,8700,38.56,D
sz002756,永兴材料,2025-10-14 13:58:51,38.52,5400,38.53,D
sz002756,永兴材料,2025-10-14 13:58:57,38.5,41200,38.52,D
sz002756,永兴材料,2025-10-14 13:59:00,38.52,16330,38.5,U
sz002756,永兴材料,2025-10-14 13:59:12,38.51,8400,38.51,D
sz002756,永兴材料,2025-10-14 13:59:21,38.52,13200,38.56,D
sz002756,永兴材料,2025-10-14 13:59:30,38.56,5260,38.55,U
sz002756,永兴材料,2025-10-14 13:59:48,38.52,9000,38.52,D
sz002756,永兴材料,2025-10-14 13:59:51,38.51,6100,38.52,D
sz002756,永兴材料,2025-10-14 13:59:54,38.51,5700,38.51,D
sz002756,永兴材料,2025-10-14 13:59:57,38.51,5700,38.51,D
sz002756,永兴材料,2025-10-14 14:00:15,38.5,32000,38.5,U
sz002756,永兴材料,2025-10-14 14:00:21,38.53,13400,38.52,U
sz002756,永兴材料,2025-10-14 14:00:39,38.54,5600,38.55,D
sz002756,永兴材料,2025-10-14 14:01:09,38.54,12100,38.52,U
sz002756,永兴材料,2025-10-14 14:01:12,38.58,27800,38.54,U
sz002756,永兴材料,2025-10-14 14:01:15,38.55,8000,38.58,D
sz002756,永兴材料,2025-10-14 14:02:06,38.56,6600,38.58,D
sz002756,永兴材料,2025-10-14 14:02:12,38.55,6000,38.56,D
sz002756,永兴材料,2025-10-14 14:02:21,38.51,12700,38.52,D
sz002756,永兴材料,2025-10-14 14:02:27,38.5,5700,38.5,D
sz002756,永兴材料,2025-10-14 14:02:33,38.51,12400,38.51,U
sz002756,永兴材料,2025-10-14 14:02:36,38.54,8000,38.51,U
sz002756,永兴材料,2025-10-14 14:02:48,38.54,20100,38.53,U
sz002756,永兴材料,2025-10-14 14:03:09,38.6,8100,38.57,U
sz002756,永兴材料,2025-10-14 14:03:12,38.54,11600,38.6,D
sz002756,永兴材料,2025-10-14 14:03:54,38.53,7500,38.54,D
sz002756,永兴材料,2025-10-14 14:04:21,38.6,8090,38.6,U
sz002756,永兴材料,2025-10-14 14:04:36,38.54,10800,38.58,D
sz002756,永兴材料,2025-10-14 14:04:51,38.55,5900,38.54,U
sz002756,永兴材料,2025-10-14 14:05:06,38.62,7258,38.57,U
sz002756,永兴材料,2025-10-14 14:05:18,38.57,5700,38.59,D
sz002756,永兴材料,2025-10-14 14:05:36,38.57,9300,38.57,U
sz002756,永兴材料,2025-10-14 14:06:33,38.52,11300,38.51,U
sz002756,永兴材料,2025-10-14 14:06:45,38.53,6300,38.54,D
sz002756,永兴材料,2025-10-14 14:07:00,38.52,11400,38.52,D
sz002756,永兴材料,2025-10-14 14:08:27,38.52,10600,38.52,D
sz002756,永兴材料,2025-10-14 14:09:06,38.51,7300,38.51,D
sz002756,永兴材料,2025-10-14 14:09:12,38.5,19500,38.5,D
sz002756,永兴材料,2025-10-14 14:09:15,38.49,7200,38.5,D
sz002756,永兴材料,2025-10-14 14:09:18,38.49,5770,38.49,D
sz002756,永兴材料,2025-10-14 14:09:39,38.48,6600,38.48,D
sz002756,永兴材料,2025-10-14 14:10:03,38.48,7900,38.46,U
sz002756,永兴材料,2025-10-14 14:10:30,38.49,5800,38.48,U
sz002756,永兴材料,2025-10-14 14:11:03,38.48,5200,38.47,U
sz002756,永兴材料,2025-10-14 14:11:48,38.45,5700,38.43,U
sz002756,永兴材料,2025-10-14 14:11:51,38.46,24100,38.45,U
sz002756,永兴材料,2025-10-14 14:12:00,38.48,27087,38.46,U
sz002756,永兴材料,2025-10-14 14:12:21,38.5,5900,38.49,U
sz002756,永兴材料,2025-10-14 14:12:30,38.51,13300,38.51,U
sz002756,永兴材料,2025-10-14 14:13:21,38.47,6200,38.45,U
sz002756,永兴材料,2025-10-14 14:14:06,38.52,36300,38.48,U
sz002756,永兴材料,2025-10-14 14:14:09,38.51,5300,38.52,D
sz002756,永兴材料,2025-10-14 14:14:18,38.5,8400,38.49,U
sz002756,永兴材料,2025-10-14 14:14:24,38.5,9800,38.51,D
sz002756,永兴材料,2025-10-14 14:14:33,38.48,6000,38.49,D
sz002756,永兴材料,2025-10-14 14:14:42,38.5,52700,38.48,U
sz002756,永兴材料,2025-10-14 14:14:45,38.49,7000,38.5,D
sz002756,永兴材料,2025-10-14 14:14:48,38.49,10000,38.49,U
sz002756,永兴材料,2025-10-14 14:15:03,38.48,8000,38.48,D
sz002756,永兴材料,2025-10-14 14:15:15,38.48,6700,38.49,D
sz002756,永兴材料,2025-10-14 14:15:33,38.45,5800,38.46,D
sz002756,永兴材料,2025-10-14 14:15:36,38.44,20500,38.45,D
sz002756,永兴材料,2025-10-14 14:15:42,38.41,10500,38.44,D
sz002756,永兴材料,2025-10-14 14:15:45,38.41,9500,38.41,D
sz002756,永兴材料,2025-10-14 14:16:03,38.4,5800,38.4,U
sz002756,永兴材料,2025-10-14 14:16:15,38.4,6700,38.42,D
sz002756,永兴材料,2025-10-14 14:16:42,38.4,11800,38.4,U
sz002756,永兴材料,2025-10-14 14:17:18,38.38,10100,38.4,D
sz002756,永兴材料,2025-10-14 14:17:36,38.35,5600,38.35,D
sz002756,永兴材料,2025-10-14 14:17:45,38.35,22900,38.34,U
sz002756,永兴材料,2025-10-14 14:18:09,38.34,12200,38.35,D
sz002756,永兴材料,2025-10-14 14:18:27,38.33,5700,38.31,U
sz002756,永兴材料,2025-10-14 14:18:30,38.33,10500,38.33,U
sz002756,永兴材料,2025-10-14 14:18:33,38.32,9300,38.33,D
sz002756,永兴材料,2025-10-14 14:18:36,38.33,17000,38.32,U
sz002756,永兴材料,2025-10-14 14:18:48,38.31,8000,38.31,D
sz002756,永兴材料,2025-10-14 14:18:57,38.31,6500,38.31,U
sz002756,永兴材料,2025-10-14 14:19:00,38.31,9700,38.31,U
sz002756,永兴材料,2025-10-14 14:19:03,38.29,10500,38.31,D
sz002756,永兴材料,2025-10-14 14:19:09,38.28,11000,38.29,D
sz002756,永兴材料,2025-10-14 14:19:21,38.32,14800,38.31,U
sz002756,永兴材料,2025-10-14 14:19:24,38.33,9200,38.32,E
sz002756,永兴材料,2025-10-14 14:19:48,38.28,6200,38.3,D
sz002756,永兴材料,2025-10-14 14:20:09,38.3,12900,38.29,U
sz002756,永兴材料,2025-10-14 14:20:18,38.31,6700,38.3,U
sz002756,永兴材料,2025-10-14 14:20:21,38.31,9300,38.31,U
sz002756,永兴材料,2025-10-14 14:20:42,38.31,12600,38.31,U
sz002756,永兴材料,2025-10-14 14:20:45,38.3,6600,38.31,E
sz002756,永兴材料,2025-10-14 14:20:54,38.29,8300,38.3,D
sz002756,永兴材料,2025-10-14 14:20:57,38.29,5700,38.29,D
sz002756,永兴材料,2025-10-14 14:21:00,38.36,19300,38.29,U
sz002756,永兴材料,2025-10-14 14:21:24,38.31,6500,38.31,U
sz002756,永兴材料,2025-10-14 14:21:45,38.3,9400,38.3,U
sz002756,永兴材料,2025-10-14 14:22:00,38.3,6100,38.3,D
sz002756,永兴材料,2025-10-14 14:22:03,38.32,12802,38.3,U
sz002756,永兴材料,2025-10-14 14:22:30,38.35,9100,38.33,U
sz002756,永兴材料,2025-10-14 14:22:42,38.39,19700,38.34,U
sz002756,永兴材料,2025-10-14 14:23:00,38.38,7200,38.37,U
sz002756,永兴材料,2025-10-14 14:23:09,38.37,18700,38.38,D
sz002756,永兴材料,2025-10-14 14:23:15,38.32,6000,38.35,D
sz002756,永兴材料,2025-10-14 14:23:30,38.31,12000,38.31,D
sz002756,永兴材料,2025-10-14 14:23:36,38.29,6500,38.31,D
sz002756,永兴材料,2025-10-14 14:23:54,38.32,14000,38.29,U
sz002756,永兴材料,2025-10-14 14:24:15,38.33,6700,38.32,D
sz002756,永兴材料,2025-10-14 14:24:27,38.29,6900,38.3,D
sz002756,永兴材料,2025-10-14 14:25:00,38.29,10000,38.29,U
sz002756,永兴材料,2025-10-14 14:25:15,38.27,9400,38.28,D
sz002756,永兴材料,2025-10-14 14:25:57,38.26,7600,38.27,D
sz002756,永兴材料,2025-10-14 14:26:00,38.25,7700,38.26,D
sz002756,永兴材料,2025-10-14 14:26:03,38.26,14900,38.25,U
sz002756,永兴材料,2025-10-14 14:26:24,38.27,5400,38.28,D
sz002756,永兴材料,2025-10-14 14:26:30,38.26,6100,38.26,U
sz002756,永兴材料,2025-10-14 14:26:51,38.24,5700,38.24,U
sz002756,永兴材料,2025-10-14 14:27:00,38.24,7600,38.24,U
sz002756,永兴材料,2025-10-14 14:27:09,38.23,6600,38.21,U
sz002756,永兴材料,2025-10-14 14:27:24,38.22,5800,38.22,D
sz002756,永兴材料,2025-10-14 14:27:27,38.21,11300,38.22,D
sz002756,永兴材料,2025-10-14 14:27:33,38.2,7700,38.21,D
sz002756,永兴材料,2025-10-14 14:27:36,38.2,17300,38.2,D
sz002756,永兴材料,2025-10-14 14:27:39,38.19,13300,38.2,D
sz002756,永兴材料,2025-10-14 14:27:42,38.2,6100,38.19,U
sz002756,永兴材料,2025-10-14 14:27:45,38.21,15300,38.2,E
sz002756,永兴材料,2025-10-14 14:27:51,38.19,14500,38.2,D
sz002756,永兴材料,2025-10-14 14:27:54,38.19,15200,38.19,U
sz002756,永兴材料,2025-10-14 14:28:00,38.18,6600,38.22,D
sz002756,永兴材料,2025-10-14 14:28:03,38.17,13800,38.18,D
sz002756,永兴材料,2025-10-14 14:28:06,38.17,6100,38.17,U
sz002756,永兴材料,2025-10-14 14:28:39,38.18,11000,38.17,U
sz002756,永兴材料,2025-10-14 14:28:42,38.17,18900,38.18,D
sz002756,永兴材料,2025-10-14 14:28:48,38.16,5500,38.17,D
sz002756,永兴材料,2025-10-14 14:28:51,38.17,33200,38.16,U
sz002756,永兴材料,2025-10-14 14:29:00,38.17,7200,38.17,U
sz002756,永兴材料,2025-10-14 14:29:03,38.22,39000,38.17,U
sz002756,永兴材料,2025-10-14 14:29:06,38.23,11230,38.22,U
sz002756,永兴材料,2025-10-14 14:29:09,38.23,8470,38.23,D
sz002756,永兴材料,2025-10-14 14:29:12,38.26,16330,38.23,U
sz002756,永兴材料,2025-10-14 14:29:18,38.28,9400,38.27,U
sz002756,永兴材料,2025-10-14 14:29:21,38.27,6700,38.28,D
sz002756,永兴材料,2025-10-14 14:29:24,38.27,14300,38.27,D
sz002756,永兴材料,2025-10-14 14:29:48,38.28,6200,38.26,U
sz002756,永兴材料,2025-10-14 14:29:51,38.27,8500,38.28,D
sz002756,永兴材料,2025-10-14 14:29:54,38.26,16400,38.27,D
sz002756,永兴材料,2025-10-14 14:30:09,38.23,12400,38.27,D
sz002756,永兴材料,2025-10-14 14:30:24,38.25,15600,38.25,U
sz002756,永兴材料,2025-10-14 14:30:33,38.23,13100,38.25,D
sz002756,永兴材料,2025-10-14 14:31:00,38.35,19700,38.28,U
sz002756,永兴材料,2025-10-14 14:31:06,38.29,8500,38.38,D
sz002756,永兴材料,2025-10-14 14:31:12,38.34,7300,38.34,U
sz002756,永兴材料,2025-10-14 14:31:15,38.34,13900,38.34,D
sz002756,永兴材料,2025-10-14 14:31:21,38.34,22000,38.36,D
sz002756,永兴材料,2025-10-14 14:31:39,38.38,6200,38.37,U
sz002756,永兴材料,2025-10-14 14:31:57,38.38,6400,38.38,D
sz002756,永兴材料,2025-10-14 14:32:03,38.36,5700,38.38,U
sz002756,永兴材料,2025-10-14 14:32:12,38.42,16300,38.36,U
sz002756,永兴材料,2025-10-14 14:32:30,38.4,6400,38.4,U
sz002756,永兴材料,2025-10-14 14:32:36,38.4,12600,38.38,E
sz002756,永兴材料,2025-10-14 14:32:39,38.46,8300,38.4,U
sz002756,永兴材料,2025-10-14 14:33:06,38.42,9500,38.43,D
sz002756,永兴材料,2025-10-14 14:33:09,38.39,7500,38.42,D
sz002756,永兴材料,2025-10-14 14:33:12,38.39,6000,38.39,U
sz002756,永兴材料,2025-10-14 14:33:18,38.36,9000,38.35,E
sz002756,永兴材料,2025-10-14 14:33:33,38.28,6100,38.28,U
sz002756,永兴材料,2025-10-14 14:33:39,38.27,13600,38.27,D
sz002756,永兴材料,2025-10-14 14:33:42,38.27,11480,38.27,D
sz002756,永兴材料,2025-10-14 14:33:51,38.28,18520,38.27,U
sz002756,永兴材料,2025-10-14 14:33:57,38.28,8300,38.3,D
sz002756,永兴材料,2025-10-14 14:34:06,38.26,15300,38.28,D
sz002756,永兴材料,2025-10-14 14:34:09,38.27,6600,38.26,E
sz002756,永兴材料,2025-10-14 14:34:12,38.26,26400,38.27,E
sz002756,永兴材料,2025-10-14 14:34:15,38.25,9000,38.26,D
sz002756,永兴材料,2025-10-14 14:34:27,38.23,10500,38.24,D
sz002756,永兴材料,2025-10-14 14:34:30,38.21,11700,38.23,D
sz002756,永兴材料,2025-10-14 14:34:33,38.21,5900,38.21,D
sz002756,永兴材料,2025-10-14 14:34:42,38.2,5600,38.21,D
sz002756,永兴材料,2025-10-14 14:34:54,38.2,18300,38.2,D
sz002756,永兴材料,2025-10-14 14:35:12,38.18,13300,38.18,U
sz002756,永兴材料,2025-10-14 14:35:24,38.19,8300,38.19,D
sz002756,永兴材料,2025-10-14 14:35:39,38.19,15400,38.18,U
sz002756,永兴材料,2025-10-14 14:35:45,38.17,18900,38.19,D
sz002756,永兴材料,2025-10-14 14:35:51,38.16,19800,38.18,D
sz002756,永兴材料,2025-10-14 14:35:54,38.14,22700,38.16,D
sz002756,永兴材料,2025-10-14 14:35:57,38.13,5900,38.14,D
sz002756,永兴材料,2025-10-14 14:36:00,38.13,21600,38.13,U
sz002756,永兴材料,2025-10-14 14:36:06,38.12,11300,38.12,D
sz002756,永兴材料,2025-10-14 14:36:12,38.12,13400,38.12,U
sz002756,永兴材料,2025-10-14 14:36:15,38.11,8100,38.12,D
sz002756,永兴材料,2025-10-14 14:36:18,38.15,16100,38.11,U
sz002756,永兴材料,2025-10-14 14:36:33,38.15,8100,38.11,U
sz002756,永兴材料,2025-10-14 14:36:45,38.11,21200,38.16,D
sz002756,永兴材料,2025-10-14 14:36:51,38.09,8200,38.11,D
sz002756,永兴材料,2025-10-14 14:36:54,38.07,8700,38.09,D
sz002756,永兴材料,2025-10-14 14:36:57,38.07,6400,38.07,U
sz002756,永兴材料,2025-10-14 14:37:00,38.09,20800,38.07,U
sz002756,永兴材料,2025-10-14 14:37:09,38.08,15200,38.09,D
sz002756,永兴材料,2025-10-14 14:37:12,38.11,5500,38.08,U
sz002756,永兴材料,2025-10-14 14:37:15,38.1,7300,38.11,D
sz002756,永兴材料,2025-10-14 14:37:21,38.15,10600,38.14,U
sz002756,永兴材料,2025-10-14 14:37:24,38.14,25000,38.15,E
sz002756,永兴材料,2025-10-14 14:37:30,38.12,13400,38.12,U
sz002756,永兴材料,2025-10-14 14:37:33,38.12,5600,38.12,U
sz002756,永兴材料,2025-10-14 14:37:51,38.1,6000,38.1,U
sz002756,永兴材料,2025-10-14 14:37:54,38.09,14700,38.1,E
sz002756,永兴材料,2025-10-14 14:38:15,38.08,11800,38.09,D
sz002756,永兴材料,2025-10-14 14:38:18,38.06,9100,38.08,D
sz002756,永兴材料,2025-10-14 14:38:27,38.05,5800,38.05,D
sz002756,永兴材料,2025-10-14 14:38:30,38.09,10900,38.05,U
sz002756,永兴材料,2025-10-14 14:38:33,38.06,13600,38.09,D
sz002756,永兴材料,2025-10-14 14:38:39,38.03,6800,38.07,D
sz002756,永兴材料,2025-10-14 14:38:45,38.06,6600,38.07,D
sz002756,永兴材料,2025-10-14 14:38:48,38.07,14300,38.06,U
sz002756,永兴材料,2025-10-14 14:39:09,38.07,84200,38.07,U
sz002756,永兴材料,2025-10-14 14:39:21,38.04,18200,38.06,D
sz002756,永兴材料,2025-10-14 14:39:24,38.04,14800,38.04,D
sz002756,永兴材料,2025-10-14 14:39:30,38.02,16000,38.02,D
sz002756,永兴材料,2025-10-14 14:39:33,38.04,16500,38.02,U
sz002756,永兴材料,2025-10-14 14:39:36,38.03,14800,38.04,D
sz002756,永兴材料,2025-10-14 14:40:06,38.02,32600,38.02,U
sz002756,永兴材料,2025-10-14 14:40:15,38.01,13500,38.02,D
sz002756,永兴材料,2025-10-14 14:40:21,38.01,7500,38.01,D
sz002756,永兴材料,2025-10-14 14:40:24,38.01,9300,38.01,U
sz002756,永兴材料,2025-10-14 14:40:27,38.02,6100,38.01,U
sz002756,永兴材料,2025-10-14 14:40:30,38.04,22600,38.02,U
sz002756,永兴材料,2025-10-14 14:40:36,38.04,11800,38.04,U
sz002756,永兴材料,2025-10-14 14:41:00,38.02,5300,38.03,D
sz002756,永兴材料,2025-10-14 14:41:06,38.02,18200,38.02,U
sz002756,永兴材料,2025-10-14 14:41:12,38.01,7600,38.01,D
sz002756,永兴材料,2025-10-14 14:41:18,38.02,11800,38.02,U
sz002756,永兴材料,2025-10-14 14:41:21,38.01,7400,38.02,D
sz002756,永兴材料,2025-10-14 14:41:24,38.01,17300,38.01,D
sz002756,永兴材料,2025-10-14 14:41:33,38.03,7600,38.0,U
sz002756,永兴材料,2025-10-14 14:41:36,38.02,19800,38.03,D
sz002756,永兴材料,2025-10-14 14:41:45,38.0,51900,38.01,D
sz002756,永兴材料,2025-10-14 14:41:48,38.0,7500,38.0,D
sz002756,永兴材料,2025-10-14 14:41:51,38.0,20600,38.0,D
sz002756,永兴材料,2025-10-14 14:41:57,37.99,10800,38.0,D
sz002756,永兴材料,2025-10-14 14:42:06,37.97,9300,37.97,D
sz002756,永兴材料,2025-10-14 14:42:09,37.97,16900,37.97,U
sz002756,永兴材料,2025-10-14 14:42:12,37.91,21600,37.97,D
sz002756,永兴材料,2025-10-14 14:42:15,37.98,16600,37.91,U
sz002756,永兴材料,2025-10-14 14:42:24,37.99,6200,37.93,U
sz002756,永兴材料,2025-10-14 14:42:33,37.99,6700,37.98,U
sz002756,永兴材料,2025-10-14 14:42:42,37.95,5800,37.95,U
sz002756,永兴材料,2025-10-14 14:42:51,37.91,25800,37.92,D
sz002756,永兴材料,2025-10-14 14:42:54,37.92,75700,37.91,E
sz002756,永兴材料,2025-10-14 14:42:57,37.91,40000,37.92,D
sz002756,永兴材料,2025-10-14 14:43:00,37.92,6000,37.91,D
sz002756,永兴材料,2025-10-14 14:43:03,37.95,39700,37.92,U
sz002756,永兴材料,2025-10-14 14:43:06,37.94,7200,37.95,D
sz002756,永兴材料,2025-10-14 14:43:21,37.93,15400,37.93,U
sz002756,永兴材料,2025-10-14 14:43:24,37.93,18400,37.93,U
sz002756,永兴材料,2025-10-14 14:43:27,37.93,10800,37.93,D
sz002756,永兴材料,2025-10-14 14:43:33,37.93,7700,37.95,D
sz002756,永兴材料,2025-10-14 14:43:36,37.97,14200,37.93,U
sz002756,永兴材料,2025-10-14 14:43:39,37.97,9400,37.97,U
sz002756,永兴材料,2025-10-14 14:43:42,38.0,32600,37.97,U
sz002756,永兴材料,2025-10-14 14:43:45,37.99,6200,38.0,D
sz002756,永兴材料,2025-10-14 14:43:51,38.0,13100,38.0,D
sz002756,永兴材料,2025-10-14 14:43:54,37.99,11300,38.0,D
sz002756,永兴材料,2025-10-14 14:43:57,37.98,7800,37.99,D
sz002756,永兴材料,2025-10-14 14:44:03,37.99,12100,37.98,U
sz002756,永兴材料,2025-10-14 14:44:06,37.99,8400,37.99,U
sz002756,永兴材料,2025-10-14 14:44:09,37.95,17200,37.99,E
sz002756,永兴材料,2025-10-14 14:44:12,37.95,5500,37.95,E
sz002756,永兴材料,2025-10-14 14:44:18,37.93,22200,37.94,D
sz002756,永兴材料,2025-10-14 14:44:36,37.91,15100,37.92,D
sz002756,永兴材料,2025-10-14 14:44:39,37.9,11000,37.91,D
sz002756,永兴材料,2025-10-14 14:44:42,37.9,8600,37.9,U
sz002756,永兴材料,2025-10-14 14:44:45,37.91,12100,37.9,U
sz002756,永兴材料,2025-10-14 14:45:03,37.89,11700,37.9,D
sz002756,永兴材料,2025-10-14 14:45:06,37.89,19500,37.89,U
sz002756,永兴材料,2025-10-14 14:45:12,37.9,11400,37.91,D
sz002756,永兴材料,2025-10-14 14:45:18,37.91,13400,37.89,U
sz002756,永兴材料,2025-10-14 14:45:30,37.91,15600,37.9,U
sz002756,永兴材料,2025-10-14 14:45:33,37.9,7200,37.91,D
sz002756,永兴材料,2025-10-14 14:45:36,37.9,9100,37.9,U
sz002756,永兴材料,2025-10-14 14:45:39,37.95,30700,37.9,U
sz002756,永兴材料,2025-10-14 14:45:45,37.93,6000,37.94,D
sz002756,永兴材料,2025-10-14 14:45:57,37.92,34100,37.92,U
sz002756,永兴材料,2025-10-14 14:46:51,37.9,7300,37.9,D
sz002756,永兴材料,2025-10-14 14:47:06,37.91,30700,37.89,U
sz002756,永兴材料,2025-10-14 14:47:09,37.94,7400,37.91,U
sz002756,永兴材料,2025-10-14 14:47:12,37.99,30500,37.94,U
sz002756,永兴材料,2025-10-14 14:47:18,37.97,11600,37.96,D
sz002756,永兴材料,2025-10-14 14:47:21,38.0,10100,37.97,U
sz002756,永兴材料,2025-10-14 14:47:27,38.0,11700,37.99,U
sz002756,永兴材料,2025-10-14 14:47:57,37.98,5300,37.98,U
sz002756,永兴材料,2025-10-14 14:48:03,38.0,9300,37.97,U
sz002756,永兴材料,2025-10-14 14:48:21,38.02,9800,38.01,U
sz002756,永兴材料,2025-10-14 14:48:27,38.02,26900,38.03,D
sz002756,永兴材料,2025-10-14 14:48:30,38.08,41900,38.02,U
sz002756,永兴材料,2025-10-14 14:48:39,38.08,11780,38.04,U
sz002756,永兴材料,2025-10-14 14:48:42,38.08,31400,38.08,U
sz002756,永兴材料,2025-10-14 14:49:00,38.08,20400,38.03,U
sz002756,永兴材料,2025-10-14 14:49:06,38.08,6600,38.04,E
sz002756,永兴材料,2025-10-14 14:49:21,38.04,11000,38.04,D
sz002756,永兴材料,2025-10-14 14:49:24,38.04,6200,38.04,U
sz002756,永兴材料,2025-10-14 14:49:45,38.07,16900,38.07,D
sz002756,永兴材料,2025-10-14 14:49:48,38.13,30200,38.07,U
sz002756,永兴材料,2025-10-14 14:50:00,38.1,21900,38.11,D
sz002756,永兴材料,2025-10-14 14:50:36,38.14,15300,38.15,D
sz002756,永兴材料,2025-10-14 14:50:39,38.14,7400,38.14,U
sz002756,永兴材料,2025-10-14 14:51:24,38.13,11100,38.12,U
sz002756,永兴材料,2025-10-14 14:51:33,38.11,15700,38.1,U
sz002756,永兴材料,2025-10-14 14:51:45,38.11,14900,38.13,D
sz002756,永兴材料,2025-10-14 14:51:54,38.13,11500,38.1,U
sz002756,永兴材料,2025-10-14 14:52:12,38.14,6300,38.12,U
sz002756,永兴材料,2025-10-14 14:52:36,38.13,5700,38.13,U
sz002756,永兴材料,2025-10-14 14:52:42,38.14,5500,38.13,U
sz002756,永兴材料,2025-10-14 14:53:03,38.14,8900,38.14,U
sz002756,永兴材料,2025-10-14 14:53:09,38.15,7400,38.14,U
sz002756,永兴材料,2025-10-14 14:53:30,38.1,9700,38.13,D
sz002756,永兴材料,2025-10-14 14:53:33,38.09,6000,38.1,D
sz002756,永兴材料,2025-10-14 14:53:42,38.1,10600,38.1,U
sz002756,永兴材料,2025-10-14 14:53:45,38.07,13500,38.1,D
sz002756,永兴材料,2025-10-14 14:53:48,38.07,6600,38.07,U
sz002756,永兴材料,2025-10-14 14:53:51,38.08,6800,38.07,U
sz002756,永兴材料,2025-10-14 14:54:00,38.11,17000,38.1,U
sz002756,永兴材料,2025-10-14 14:54:03,38.11,13000,38.11,D
sz002756,永兴材料,2025-10-14 14:54:06,38.15,8200,38.11,U
sz002756,永兴材料,2025-10-14 14:54:09,38.14,6300,38.15,D
sz002756,永兴材料,2025-10-14 14:54:12,38.14,5300,38.14,U
sz002756,永兴材料,2025-10-14 14:54:27,38.12,7400,38.14,D
sz002756,永兴材料,2025-10-14 14:54:30,38.14,9000,38.12,E
sz002756,永兴材料,2025-10-14 14:54:33,38.14,14800,38.14,U
sz002756,永兴材料,2025-10-14 14:54:45,38.11,7900,38.11,U
sz002756,永兴材料,2025-10-14 14:54:51,38.07,22200,38.13,D
sz002756,永兴材料,2025-10-14 14:54:54,38.05,10900,38.07,D
sz002756,永兴材料,2025-10-14 14:55:03,38.12,5500,38.1,U
sz002756,永兴材料,2025-10-14 14:55:12,38.1,16300,38.13,D
sz002756,永兴材料,2025-10-14 14:55:21,38.14,6600,38.11,U
sz002756,永兴材料,2025-10-14 14:55:30,38.13,6400,38.14,D
sz002756,永兴材料,2025-10-14 14:55:36,38.13,11100,38.13,U
sz002756,永兴材料,2025-10-14 14:55:45,38.13,7900,38.13,U
sz002756,永兴材料,2025-10-14 14:55:48,38.14,19100,38.13,U
sz002756,永兴材料,2025-10-14 14:56:03,38.15,41143,38.15,D
sz002756,永兴材料,2025-10-14 14:56:06,38.16,19800,38.15,U
sz002756,永兴材料,2025-10-14 14:56:09,38.12,6700,38.16,D
sz002756,永兴材料,2025-10-14 14:56:21,38.14,23300,38.13,E
sz002756,永兴材料,2025-10-14 14:56:33,38.13,13600,38.14,D
sz002756,永兴材料,2025-10-14 14:56:42,38.13,7700,38.13,U
sz002756,永兴材料,2025-10-14 15:00:00,38.14,84300,38.11,U
