symbol,name,ticktime,price,volume,prev_price,kind
sz002756,永兴材料,2025-10-10 09:25:00,39.92,119520,0.0,D
sz002756,永兴材料,2025-10-10 09:30:00,39.95,58580,39.92,E
sz002756,永兴材料,2025-10-10 09:30:03,39.86,61000,39.95,D
sz002756,永兴材料,2025-10-10 09:30:06,39.8,40800,39.86,D
sz002756,永兴材料,2025-10-10 09:30:09,39.6,35400,39.8,D
sz002756,永兴材料,2025-10-10 09:30:12,39.65,9600,39.6,E
sz002756,永兴材料,2025-10-10 09:30:15,39.6,28000,39.65,D
sz002756,永兴材料,2025-10-10 09:30:18,39.62,21600,39.6,D
sz002756,永兴材料,2025-10-10 09:30:21,39.6,7700,39.62,E
sz002756,永兴材料,2025-10-10 09:30:24,39.62,11600,39.6,U
sz002756,永兴材料,2025-10-10 09:30:27,39.64,12000,39.62,U
sz002756,永兴材料,2025-10-10 09:30:30,39.65,23300,39.64,U
sz002756,永兴材料,2025-10-10 09:30:33,39.85,13330,39.65,U
sz002756,永兴材料,2025-10-10 09:30:36,39.7,9700,39.85,D
sz002756,永兴材料,2025-10-10 09:30:39,39.72,14700,39.7,E
sz002756,永兴材料,2025-10-10 09:30:42,39.71,11700,39.72,D
sz002756,永兴材料,2025-10-10 09:30:45,39.67,10800,39.71,D
sz002756,永兴材料,2025-10-10 09:30:48,39.59,49200,39.67,D
sz002756,永兴材料,2025-10-10 09:30:51,39.56,14230,39.59,D
sz002756,永兴材料,2025-10-10 09:30:54,39.61,34500,39.56,U
sz002756,永兴材料,2025-10-10 09:30:57,39.58,15500,39.61,D
sz002756,永兴材料,2025-10-10 09:31:00,39.58,14900,39.58,U
sz002756,永兴材料,2025-10-10 09:31:03,39.56,37800,39.58,D
sz002756,永兴材料,2025-10-10 09:31:06,39.64,23160,39.56,E
sz002756,永兴材料,2025-10-10 09:31:09,39.56,13600,39.64,D
sz002756,永兴材料,2025-10-10 09:31:12,39.53,14400,39.56,D
sz002756,永兴材料,2025-10-10 09:31:15,39.52,12100,39.53,D
sz002756,永兴材料,2025-10-10 09:31:18,39.52,26800,39.52,D
sz002756,永兴材料,2025-10-10 09:31:21,39.51,26900,39.52,D
sz002756,永兴材料,2025-10-10 09:31:24,39.51,15000,39.51,U
sz002756,永兴材料,2025-10-10 09:31:27,39.5,15300,39.51,D
sz002756,永兴材料,2025-10-10 09:31:30,39.47,6100,39.5,E
sz002756,永兴材料,2025-10-10 09:31:33,39.53,46000,39.47,U
sz002756,永兴材料,2025-10-10 09:31:36,39.54,45200,39.53,U
sz002756,永兴材料,2025-10-10 09:31:39,39.57,11400,39.54,U
sz002756,永兴材料,2025-10-10 09:31:42,39.51,32300,39.57,D
sz002756,永兴材料,2025-10-10 09:31:45,39.58,10800,39.51,U
sz002756,永兴材料,2025-10-10 09:31:48,39.58,14700,39.58,D
sz002756,永兴材料,2025-10-10 09:31:51,39.58,16100,39.58,D
sz002756,永兴材料,2025-10-10 09:31:54,39.63,10100,39.58,U
sz002756,永兴材料,2025-10-10 09:31:57,39.58,16500,39.63,D
sz002756,永兴材料,2025-10-10 09:32:00,39.7,28500,39.58,U
sz002756,永兴材料,2025-10-10 09:32:03,39.7,23500,39.7,E
sz002756,永兴材料,2025-10-10 09:32:06,39.7,5200,39.7,D
sz002756,永兴材料,2025-10-10 09:32:09,39.76,5900,39.7,U
sz002756,永兴材料,2025-10-10 09:32:15,39.8,6800,39.77,U
sz002756,永兴材料,2025-10-10 09:32:18,39.8,8100,39.8,U
sz002756,永兴材料,2025-10-10 09:32:24,39.77,12500,39.81,D
sz002756,永兴材料,2025-10-10 09:32:27,39.72,5900,39.77,D
sz002756,永兴材料,2025-10-10 09:32:30,39.8,24800,39.72,U
sz002756,永兴材料,2025-10-10 09:32:36,39.86,5300,39.78,U
sz002756,永兴材料,2025-10-10 09:32:39,39.86,9100,39.86,U
sz002756,永兴材料,2025-10-10 09:32:42,39.85,8300,39.86,E
sz002756,永兴材料,2025-10-10 09:32:45,39.85,29600,39.85,D
sz002756,永兴材料,2025-10-10 09:32:48,39.89,14300,39.85,U
sz002756,永兴材料,2025-10-10 09:32:51,39.88,9300,39.89,E
sz002756,永兴材料,2025-10-10 09:33:00,39.9,12900,39.9,U
sz002756,永兴材料,2025-10-10 09:33:03,39.91,14000,39.9,U
sz002756,永兴材料,2025-10-10 09:33:06,39.88,53000,39.91,D
sz002756,永兴材料,2025-10-10 09:33:09,39.85,6100,39.88,E
sz002756,永兴材料,2025-10-10 09:33:12,40.0,109020,39.85,U
sz002756,永兴材料,2025-10-10 09:33:15,40.04,12600,40.0,U
sz002756,永兴材料,2025-10-10 09:33:18,40.01,7200,40.04,E
sz002756,永兴材料,2025-10-10 09:33:21,39.99,13100,40.01,D
sz002756,永兴材料,2025-10-10 09:33:24,40.04,60600,39.99,U
sz002756,永兴材料,2025-10-10 09:33:27,40.04,11900,40.04,U
sz002756,永兴材料,2025-10-10 09:33:33,40.04,7400,40.06,D
sz002756,永兴材料,2025-10-10 09:33:36,40.05,51550,40.04,U
sz002756,永兴材料,2025-10-10 09:33:42,40.07,8100,40.05,E
sz002756,永兴材料,2025-10-10 09:33:51,40.12,11700,40.09,U
sz002756,永兴材料,2025-10-10 09:33:54,40.12,5300,40.12,U
sz002756,永兴材料,2025-10-10 09:34:00,40.16,7400,40.14,U
sz002756,永兴材料,2025-10-10 09:34:03,40.13,12500,40.16,D
sz002756,永兴材料,2025-10-10 09:34:12,40.1,20100,40.11,E
sz002756,永兴材料,2025-10-10 09:34:18,40.12,22800,40.11,E
sz002756,永兴材料,2025-10-10 09:34:21,40.14,10500,40.12,E
sz002756,永兴材料,2025-10-10 09:34:27,40.14,8800,40.13,U
sz002756,永兴材料,2025-10-10 09:34:36,40.1,13500,40.14,D
sz002756,永兴材料,2025-10-10 09:34:42,40.09,8900,40.1,D
sz002756,永兴材料,2025-10-10 09:34:45,40.07,6000,40.09,D
sz002756,永兴材料,2025-10-10 09:34:48,40.03,29050,40.07,D
sz002756,永兴材料,2025-10-10 09:34:54,40.0,9000,40.03,D
sz002756,永兴材料,2025-10-10 09:34:57,40.0,13700,40.0,U
sz002756,永兴材料,2025-10-10 09:35:03,40.02,10000,40.01,E
sz002756,永兴材料,2025-10-10 09:35:06,40.09,18900,40.02,U
sz002756,永兴材料,2025-10-10 09:35:09,40.1,9500,40.09,E
sz002756,永兴材料,2025-10-10 09:35:15,40.14,14900,40.14,U
sz002756,永兴材料,2025-10-10 09:35:27,40.17,5100,40.18,D
sz002756,永兴材料,2025-10-10 09:35:30,40.18,6100,40.17,U
sz002756,永兴材料,2025-10-10 09:35:36,40.19,9000,40.22,E
sz002756,永兴材料,2025-10-10 09:35:39,40.23,21800,40.19,U
sz002756,永兴材料,2025-10-10 09:35:42,40.25,9000,40.23,U
sz002756,永兴材料,2025-10-10 09:35:45,40.25,10000,40.25,U
sz002756,永兴材料,2025-10-10 09:35:48,40.2,5900,40.25,D
sz002756,永兴材料,2025-10-10 09:35:51,40.2,22800,40.2,D
sz002756,永兴材料,2025-10-10 09:35:54,40.2,13700,40.2,D
sz002756,永兴材料,2025-10-10 09:35:57,40.22,10700,40.2,U
sz002756,永兴材料,2025-10-10 09:36:00,40.22,6300,40.22,U
sz002756,永兴材料,2025-10-10 09:36:03,40.21,6400,40.22,D
sz002756,永兴材料,2025-10-10 09:36:06,40.21,5800,40.21,D
sz002756,永兴材料,2025-10-10 09:36:09,40.18,24000,40.21,D
sz002756,永兴材料,2025-10-10 09:36:12,40.18,14400,40.18,D
sz002756,永兴材料,2025-10-10 09:36:15,40.18,7000,40.18,D
sz002756,永兴材料,2025-10-10 09:36:18,40.15,12200,40.18,D
sz002756,永兴材料,2025-10-10 09:36:21,40.17,14100,40.15,E
sz002756,永兴材料,2025-10-10 09:36:24,40.13,6850,40.17,D
sz002756,永兴材料,2025-10-10 09:36:27,40.09,9900,40.13,D
sz002756,永兴材料,2025-10-10 09:36:30,40.1,8300,40.09,E
sz002756,永兴材料,2025-10-10 09:36:33,40.09,8700,40.1,D
sz002756,永兴材料,2025-10-10 09:36:36,40.09,5300,40.09,D
sz002756,永兴材料,2025-10-10 09:36:42,40.1,17700,40.08,U
sz002756,永兴材料,2025-10-10 09:36:45,40.1,14900,40.1,D
sz002756,永兴材料,2025-10-10 09:36:48,40.08,10300,40.1,D
sz002756,永兴材料,2025-10-10 09:36:54,40.05,8400,40.08,D
sz002756,永兴材料,2025-10-10 09:37:03,40.07,6600,40.05,U
sz002756,永兴材料,2025-10-10 09:37:09,40.0,10300,40.0,D
sz002756,永兴材料,2025-10-10 09:37:12,40.01,8400,40.0,D
sz002756,永兴材料,2025-10-10 09:37:15,39.99,7900,40.01,D
sz002756,永兴材料,2025-10-10 09:37:27,39.92,6000,39.94,D
sz002756,永兴材料,2025-10-10 09:37:33,39.86,11400,39.88,D
sz002756,永兴材料,2025-10-10 09:37:36,39.87,11300,39.86,E
sz002756,永兴材料,2025-10-10 09:37:39,39.94,8600,39.87,U
sz002756,永兴材料,2025-10-10 09:37:51,39.89,13000,39.89,D
sz002756,永兴材料,2025-10-10 09:37:54,39.99,45200,39.89,U
sz002756,永兴材料,2025-10-10 09:37:57,39.99,36800,39.99,U
sz002756,永兴材料,2025-10-10 09:38:00,39.95,6700,39.99,D
sz002756,永兴材料,2025-10-10 09:38:06,39.96,17100,39.99,D
sz002756,永兴材料,2025-10-10 09:38:09,39.99,6800,39.96,U
sz002756,永兴材料,2025-10-10 09:38:12,39.99,27300,39.99,U
sz002756,永兴材料,2025-10-10 09:38:15,40.01,18200,39.99,U
sz002756,永兴材料,2025-10-10 09:38:33,40.02,15700,40.05,D
sz002756,永兴材料,2025-10-10 09:38:42,40.04,18000,40.01,U
sz002756,永兴材料,2025-10-10 09:38:45,40.04,6300,40.04,D
sz002756,永兴材料,2025-10-10 09:38:54,40.1,11600,40.13,E
sz002756,永兴材料,2025-10-10 09:39:00,40.04,6500,40.1,D
sz002756,永兴材料,2025-10-10 09:39:03,40.02,7400,40.04,E
sz002756,永兴材料,2025-10-10 09:39:09,40.04,5300,39.99,U
sz002756,永兴材料,2025-10-10 09:39:12,40.08,6100,40.04,U
sz002756,永兴材料,2025-10-10 09:39:18,40.04,28000,40.04,D
sz002756,永兴材料,2025-10-10 09:39:21,40.04,12600,40.04,D
sz002756,永兴材料,2025-10-10 09:39:24,40.08,5500,40.04,U
sz002756,永兴材料,2025-10-10 09:39:27,40.07,5800,40.08,E
sz002756,永兴材料,2025-10-10 09:39:30,40.13,54500,40.07,U
sz002756,永兴材料,2025-10-10 09:39:33,40.18,6400,40.13,U
sz002756,永兴材料,2025-10-10 09:39:36,40.17,13200,40.18,E
sz002756,永兴材料,2025-10-10 09:39:39,40.22,15700,40.17,U
sz002756,永兴材料,2025-10-10 09:39:42,40.17,10500,40.22,D
sz002756,永兴材料,2025-10-10 09:39:48,40.09,7500,40.15,D
sz002756,永兴材料,2025-10-10 09:40:03,40.07,6600,40.08,D
sz002756,永兴材料,2025-10-10 09:40:06,40.08,7900,40.07,U
sz002756,永兴材料,2025-10-10 09:40:12,40.01,31500,40.08,D
sz002756,永兴材料,2025-10-10 09:40:24,39.99,12100,40.01,D
sz002756,永兴材料,2025-10-10 09:40:27,39.99,11800,39.99,D
sz002756,永兴材料,2025-10-10 09:40:33,39.95,29300,39.99,D
sz002756,永兴材料,2025-10-10 09:40:42,39.89,12900,39.88,U
sz002756,永兴材料,2025-10-10 09:40:45,39.9,16400,39.89,E
sz002756,永兴材料,2025-10-10 09:40:48,39.88,20200,39.9,D
sz002756,永兴材料,2025-10-10 09:40:57,39.9,5900,39.9,U
sz002756,永兴材料,2025-10-10 09:41:03,39.91,28000,39.89,U
sz002756,永兴材料,2025-10-10 09:41:09,39.9,6000,39.92,D
sz002756,永兴材料,2025-10-10 09:41:42,39.95,23000,39.93,U
sz002756,永兴材料,2025-10-10 09:41:45,39.91,8100,39.95,D
sz002756,永兴材料,2025-10-10 09:41:54,40.0,12800,39.98,U
sz002756,永兴材料,2025-10-10 09:41:57,39.99,5500,40.0,D
sz002756,永兴材料,2025-10-10 09:42:06,39.98,25200,39.97,U
sz002756,永兴材料,2025-10-10 09:42:12,39.94,6200,39.97,D
sz002756,永兴材料,2025-10-10 09:42:15,39.92,6900,39.94,D
sz002756,永兴材料,2025-10-10 09:42:21,39.89,7100,39.89,D
sz002756,永兴材料,2025-10-10 09:42:24,39.88,6700,39.89,D
sz002756,永兴材料,2025-10-10 09:42:27,39.89,42900,39.88,U
sz002756,永兴材料,2025-10-10 09:42:30,39.91,25400,39.89,U
sz002756,永兴材料,2025-10-10 09:42:42,39.89,8700,39.89,D
sz002756,永兴材料,2025-10-10 09:42:48,39.94,37200,39.89,U
sz002756,永兴材料,2025-10-10 09:42:51,39.97,14300,39.94,U
sz002756,永兴材料,2025-10-10 09:43:03,39.99,19700,39.95,U
sz002756,永兴材料,2025-10-10 09:43:09,40.02,17500,40.0,U
sz002756,永兴材料,2025-10-10 09:43:15,39.98,5600,40.01,D
sz002756,永兴材料,2025-10-10 09:43:30,39.88,9400,39.89,D
sz002756,永兴材料,2025-10-10 09:43:42,39.86,9500,39.86,D
sz002756,永兴材料,2025-10-10 09:43:45,39.82,13900,39.86,D
sz002756,永兴材料,2025-10-10 09:43:48,39.8,6400,39.82,D
sz002756,永兴材料,2025-10-10 09:43:51,39.8,8200,39.8,D
sz002756,永兴材料,2025-10-10 09:43:54,39.77,8600,39.8,D
sz002756,永兴材料,2025-10-10 09:43:57,39.78,25000,39.77,E
sz002756,永兴材料,2025-10-10 09:44:03,39.78,67400,39.78,D
sz002756,永兴材料,2025-10-10 09:44:06,39.78,59000,39.78,D
sz002756,永兴材料,2025-10-10 09:44:12,39.82,6400,39.8,E
sz002756,永兴材料,2025-10-10 09:44:15,39.78,7400,39.82,D
sz002756,永兴材料,2025-10-10 09:44:18,39.8,10800,39.78,U
sz002756,永兴材料,2025-10-10 09:44:21,39.82,5400,39.8,U
sz002756,永兴材料,2025-10-10 09:44:24,39.82,18500,39.82,E
sz002756,永兴材料,2025-10-10 09:44:30,39.87,6000,39.86,U
sz002756,永兴材料,2025-10-10 09:45:00,39.8,15700,39.81,D
sz002756,永兴材料,2025-10-10 09:45:03,39.76,24100,39.8,D
sz002756,永兴材料,2025-10-10 09:45:06,39.79,42400,39.76,U
sz002756,永兴材料,2025-10-10 09:45:12,39.75,5500,39.74,U
sz002756,永兴材料,2025-10-10 09:45:24,39.71,7700,39.7,D
sz002756,永兴材料,2025-10-10 09:45:27,39.79,26100,39.71,U
sz002756,永兴材料,2025-10-10 09:45:30,39.75,10900,39.79,E
sz002756,永兴材料,2025-10-10 09:45:36,39.72,24000,39.73,D
sz002756,永兴材料,2025-10-10 09:45:39,39.75,8200,39.72,E
sz002756,永兴材料,2025-10-10 09:45:42,39.73,5800,39.75,D
sz002756,永兴材料,2025-10-10 09:45:45,39.8,6500,39.73,U
sz002756,永兴材料,2025-10-10 09:45:54,39.76,23500,39.78,D
sz002756,永兴材料,2025-10-10 09:46:00,39.78,11400,39.76,U
sz002756,永兴材料,2025-10-10 09:46:03,39.76,7500,39.78,D
sz002756,永兴材料,2025-10-10 09:46:06,39.76,11000,39.76,D
sz002756,永兴材料,2025-10-10 09:46:15,39.76,7800,39.72,U
sz002756,永兴材料,2025-10-10 09:46:18,39.77,17400,39.76,E
sz002756,永兴材料,2025-10-10 09:46:24,39.76,8900,39.73,U
sz002756,永兴材料,2025-10-10 09:46:36,39.71,9600,39.75,D
sz002756,永兴材料,2025-10-10 09:46:39,39.71,9400,39.71,D
sz002756,永兴材料,2025-10-10 09:46:45,39.7,11800,39.71,D
sz002756,永兴材料,2025-10-10 09:46:57,39.67,18100,39.66,E
sz002756,永兴材料,2025-10-10 09:47:00,39.69,23200,39.67,D
sz002756,永兴材料,2025-10-10 09:47:03,39.65,12400,39.69,D
sz002756,永兴材料,2025-10-10 09:47:12,39.68,17700,39.69,E
sz002756,永兴材料,2025-10-10 09:47:27,39.69,30300,39.72,E
sz002756,永兴材料,2025-10-10 09:47:33,39.63,6600,39.68,D
sz002756,永兴材料,2025-10-10 09:47:36,39.66,8000,39.63,E
sz002756,永兴材料,2025-10-10 09:47:39,39.63,9300,39.66,D
sz002756,永兴材料,2025-10-10 09:47:42,39.64,15900,39.63,E
sz002756,永兴材料,2025-10-10 09:47:51,39.66,16000,39.66,D
sz002756,永兴材料,2025-10-10 09:48:03,39.59,13800,39.62,D
sz002756,永兴材料,2025-10-10 09:48:09,39.59,9500,39.58,U
sz002756,永兴材料,2025-10-10 09:48:12,39.61,35400,39.59,U
sz002756,永兴材料,2025-10-10 09:48:15,39.6,21500,39.61,D
sz002756,永兴材料,2025-10-10 09:48:18,39.62,27600,39.6,U
sz002756,永兴材料,2025-10-10 09:48:21,39.62,9200,39.62,D
sz002756,永兴材料,2025-10-10 09:48:27,39.64,13200,39.68,D
sz002756,永兴材料,2025-10-10 09:48:30,39.64,6800,39.64,D
sz002756,永兴材料,2025-10-10 09:48:42,39.61,8300,39.61,D
sz002756,永兴材料,2025-10-10 09:48:48,39.61,12900,39.66,D
sz002756,永兴材料,2025-10-10 09:49:06,39.65,5100,39.65,D
sz002756,永兴材料,2025-10-10 09:49:09,39.68,12800,39.65,U
sz002756,永兴材料,2025-10-10 09:49:30,39.7,17800,39.71,D
sz002756,永兴材料,2025-10-10 09:49:33,39.7,12300,39.7,D
sz002756,永兴材料,2025-10-10 09:49:39,39.65,6100,39.67,D
sz002756,永兴材料,2025-10-10 09:49:42,39.66,7100,39.65,E
sz002756,永兴材料,2025-10-10 09:49:45,39.72,10800,39.66,U
sz002756,永兴材料,2025-10-10 09:50:03,39.74,6600,39.72,D
sz002756,永兴材料,2025-10-10 09:50:12,39.75,10000,39.75,D
sz002756,永兴材料,2025-10-10 09:50:21,39.79,8400,39.76,U
sz002756,永兴材料,2025-10-10 09:50:24,39.84,12440,39.79,U
sz002756,永兴材料,2025-10-10 09:50:27,39.83,7300,39.84,D
sz002756,永兴材料,2025-10-10 09:51:00,39.8,24210,39.83,D
sz002756,永兴材料,2025-10-10 09:51:15,39.81,6700,39.82,D
sz002756,永兴材料,2025-10-10 09:51:18,39.76,13400,39.81,D
sz002756,永兴材料,2025-10-10 09:51:30,39.81,9100,39.82,D
sz002756,永兴材料,2025-10-10 09:51:48,39.8,7900,39.8,U
sz002756,永兴材料,2025-10-10 09:51:51,39.78,16200,39.8,E
sz002756,永兴材料,2025-10-10 09:52:00,39.8,7500,39.8,U
sz002756,永兴材料,2025-10-10 09:52:06,39.8,6300,39.81,U
sz002756,永兴材料,2025-10-10 09:52:18,39.82,11800,39.79,U
sz002756,永兴材料,2025-10-10 09:52:24,39.86,20500,39.83,U
sz002756,永兴材料,2025-10-10 09:52:36,39.89,13800,39.89,U
sz002756,永兴材料,2025-10-10 09:53:15,40.02,36800,39.98,U
sz002756,永兴材料,2025-10-10 09:53:24,40.0,5800,40.02,D
sz002756,永兴材料,2025-10-10 09:53:27,40.01,13300,40.0,E
sz002756,永兴材料,2025-10-10 09:53:30,40.02,6300,40.01,U
sz002756,永兴材料,2025-10-10 09:53:39,40.06,7300,40.0,U
sz002756,永兴材料,2025-10-10 09:53:48,40.05,10300,40.03,E
sz002756,永兴材料,2025-10-10 09:54:12,39.99,10590,40.03,D
sz002756,永兴材料,2025-10-10 09:54:15,40.01,15600,39.99,U
sz002756,永兴材料,2025-10-10 09:54:21,40.0,5700,40.01,U
sz002756,永兴材料,2025-10-10 09:54:24,39.99,6000,40.0,U
sz002756,永兴材料,2025-10-10 09:54:33,39.96,6500,39.97,U
sz002756,永兴材料,2025-10-10 09:54:36,39.94,6600,39.96,D
sz002756,永兴材料,2025-10-10 09:54:45,39.93,7500,39.93,U
sz002756,永兴材料,2025-10-10 09:54:48,39.94,8600,39.93,U
sz002756,永兴材料,2025-10-10 09:54:54,39.96,16500,39.92,U
sz002756,永兴材料,2025-10-10 09:55:00,39.98,8500,39.95,U
sz002756,永兴材料,2025-10-10 09:55:06,39.95,6500,39.96,D
sz002756,永兴材料,2025-10-10 09:55:21,40.01,17600,39.98,U
sz002756,永兴材料,2025-10-10 09:55:27,40.06,9400,40.03,U
sz002756,永兴材料,2025-10-10 09:55:30,40.06,15930,40.06,U
sz002756,永兴材料,2025-10-10 09:55:36,40.07,6070,40.07,U
sz002756,永兴材料,2025-10-10 09:56:06,40.0,6400,40.0,U
sz002756,永兴材料,2025-10-10 09:56:12,40.02,10200,40.0,U
sz002756,永兴材料,2025-10-10 09:56:21,40.02,8700,40.02,D
sz002756,永兴材料,2025-10-10 09:56:33,40.02,5970,40.04,D
sz002756,永兴材料,2025-10-10 09:56:36,39.98,18500,40.02,D
sz002756,永兴材料,2025-10-10 09:56:54,39.99,5700,39.97,U
sz002756,永兴材料,2025-10-10 09:57:24,39.98,14600,39.95,E
sz002756,永兴材料,2025-10-10 09:57:39,39.92,10000,39.94,D
sz002756,永兴材料,2025-10-10 09:57:42,39.93,9000,39.92,U
sz002756,永兴材料,2025-10-10 09:57:45,39.93,5600,39.93,D
sz002756,永兴材料,2025-10-10 09:57:51,39.91,18700,39.91,D
sz002756,永兴材料,2025-10-10 09:57:57,39.88,6200,39.91,D
sz002756,永兴材料,2025-10-10 09:58:09,39.91,5900,39.91,U
sz002756,永兴材料,2025-10-10 09:58:36,39.87,10000,39.87,D
sz002756,永兴材料,2025-10-10 09:58:42,39.88,5400,39.87,U
sz002756,永兴材料,2025-10-10 09:58:45,39.91,5300,39.88,U
sz002756,永兴材料,2025-10-10 09:58:48,39.91,6100,39.91,E
sz002756,永兴材料,2025-10-10 09:58:57,39.87,6800,39.91,D
sz002756,永兴材料,2025-10-10 09:59:00,39.9,5600,39.87,U
sz002756,永兴材料,2025-10-10 09:59:03,39.88,27000,39.9,D
sz002756,永兴材料,2025-10-10 09:59:21,39.83,6400,39.86,E
sz002756,永兴材料,2025-10-10 09:59:30,39.77,7100,39.79,D
sz002756,永兴材料,2025-10-10 09:59:33,39.75,11700,39.77,D
sz002756,永兴材料,2025-10-10 09:59:39,39.72,5800,39.79,D
sz002756,永兴材料,2025-10-10 09:59:42,39.73,5600,39.72,U
sz002756,永兴材料,2025-10-10 09:59:48,39.72,7900,39.73,D
sz002756,永兴材料,2025-10-10 09:59:57,39.7,10000,39.71,D
sz002756,永兴材料,2025-10-10 10:00:00,39.73,8400,39.7,U
sz002756,永兴材料,2025-10-10 10:00:03,39.69,19300,39.73,D
sz002756,永兴材料,2025-10-10 10:00:15,39.71,7200,39.7,U
sz002756,永兴材料,2025-10-10 10:00:21,39.66,15000,39.67,D
sz002756,永兴材料,2025-10-10 10:00:24,39.66,6600,39.66,U
sz002756,永兴材料,2025-10-10 10:00:27,39.66,8000,39.66,U
sz002756,永兴材料,2025-10-10 10:00:30,39.64,6900,39.66,U
sz002756,永兴材料,2025-10-10 10:00:36,39.63,14300,39.63,U
sz002756,永兴材料,2025-10-10 10:00:39,39.65,14600,39.63,E
sz002756,永兴材料,2025-10-10 10:00:45,39.63,11700,39.64,D
sz002756,永兴材料,2025-10-10 10:00:48,39.62,9500,39.63,D
sz002756,永兴材料,2025-10-10 10:00:51,39.61,5300,39.62,D
sz002756,永兴材料,2025-10-10 10:00:54,39.62,11000,39.61,D
sz002756,永兴材料,2025-10-10 10:01:21,39.69,5200,39.69,D
sz002756,永兴材料,2025-10-10 10:01:57,39.69,20600,39.7,D
sz002756,永兴材料,2025-10-10 10:02:03,39.7,8500,39.69,U
sz002756,永兴材料,2025-10-10 10:02:15,39.66,9600,39.66,D
sz002756,永兴材料,2025-10-10 10:02:21,39.61,37900,39.67,D
sz002756,永兴材料,2025-10-10 10:02:48,39.61,33600,39.61,U
sz002756,永兴材料,2025-10-10 10:02:51,39.6,7700,39.61,D
sz002756,永兴材料,2025-10-10 10:02:54,39.6,7000,39.6,D
sz002756,永兴材料,2025-10-10 10:03:09,39.6,6700,39.6,D
sz002756,永兴材料,2025-10-10 10:03:15,39.6,7100,39.61,D
sz002756,永兴材料,2025-10-10 10:03:24,39.56,23300,39.59,D
sz002756,永兴材料,2025-10-10 10:03:39,39.55,12200,39.55,D
sz002756,永兴材料,2025-10-10 10:03:42,39.55,22300,39.55,D
sz002756,永兴材料,2025-10-10 10:03:48,39.55,11700,39.55,U
sz002756,永兴材料,2025-10-10 10:03:51,39.53,6100,39.55,D
sz002756,永兴材料,2025-10-10 10:03:54,39.53,6800,39.53,U
sz002756,永兴材料,2025-10-10 10:04:03,39.52,12400,39.54,D
sz002756,永兴材料,2025-10-10 10:04:12,39.56,12400,39.54,U
sz002756,永兴材料,2025-10-10 10:04:33,39.53,14400,39.55,D
sz002756,永兴材料,2025-10-10 10:04:45,39.53,9600,39.52,U
sz002756,永兴材料,2025-10-10 10:04:48,39.53,11500,39.53,U
sz002756,永兴材料,2025-10-10 10:04:51,39.53,16300,39.53,U
sz002756,永兴材料,2025-10-10 10:04:54,39.51,10000,39.53,D
sz002756,永兴材料,2025-10-10 10:04:57,39.52,5300,39.51,E
sz002756,永兴材料,2025-10-10 10:05:00,39.53,7200,39.52,U
sz002756,永兴材料,2025-10-10 10:05:03,39.54,6900,39.53,U
sz002756,永兴材料,2025-10-10 10:05:06,39.51,15400,39.54,D
sz002756,永兴材料,2025-10-10 10:05:15,39.51,19000,39.52,D
sz002756,永兴材料,2025-10-10 10:05:21,39.51,31800,39.53,U
sz002756,永兴材料,2025-10-10 10:05:24,39.51,9600,39.51,U
sz002756,永兴材料,2025-10-10 10:05:27,39.5,22900,39.51,D
sz002756,永兴材料,2025-10-10 10:05:30,39.47,29000,39.5,D
sz002756,永兴材料,2025-10-10 10:05:36,39.45,18300,39.47,D
sz002756,永兴材料,2025-10-10 10:05:57,39.41,25200,39.41,U
sz002756,永兴材料,2025-10-10 10:06:00,39.4,5300,39.41,U
sz002756,永兴材料,2025-10-10 10:06:06,39.39,10400,39.4,E
sz002756,永兴材料,2025-10-10 10:06:09,39.4,52400,39.39,U
sz002756,永兴材料,2025-10-10 10:06:15,39.4,7800,39.4,D
sz002756,永兴材料,2025-10-10 10:06:18,39.4,47800,39.4,D
sz002756,永兴材料,2025-10-10 10:06:21,39.44,102200,39.4,U
sz002756,永兴材料,2025-10-10 10:06:24,39.44,14000,39.44,U
sz002756,永兴材料,2025-10-10 10:06:33,39.41,6700,39.44,D
sz002756,永兴材料,2025-10-10 10:06:36,39.4,6300,39.41,D
sz002756,永兴材料,2025-10-10 10:06:42,39.41,5700,39.4,U
sz002756,永兴材料,2025-10-10 10:06:45,39.4,19100,39.41,D
sz002756,永兴材料,2025-10-10 10:07:00,39.4,7800,39.39,U
sz002756,永兴材料,2025-10-10 10:07:03,39.42,5100,39.4,U
sz002756,永兴材料,2025-10-10 10:07:09,39.45,7200,39.4,U
sz002756,永兴材料,2025-10-10 10:07:39,39.45,6791,39.46,D
sz002756,永兴材料,2025-10-10 10:07:45,39.46,6700,39.45,U
sz002756,永兴材料,2025-10-10 10:08:06,39.48,60800,39.48,U
sz002756,永兴材料,2025-10-10 10:08:57,39.47,8300,39.45,U
sz002756,永兴材料,2025-10-10 10:09:03,39.49,14700,39.49,U
sz002756,永兴材料,2025-10-10 10:09:06,39.53,9600,39.49,U
sz002756,永兴材料,2025-10-10 10:09:48,39.5,9600,39.48,U
sz002756,永兴材料,2025-10-10 10:09:54,39.47,6100,39.47,D
sz002756,永兴材料,2025-10-10 10:10:06,39.5,12500,39.48,U
sz002756,永兴材料,2025-10-10 10:10:42,39.5,7200,39.5,U
sz002756,永兴材料,2025-10-10 10:10:54,39.49,5200,39.5,D
sz002756,永兴材料,2025-10-10 10:11:06,39.49,9600,39.48,U
sz002756,永兴材料,2025-10-10 10:11:09,39.51,8500,39.49,U
sz002756,永兴材料,2025-10-10 10:11:36,39.5,7600,39.5,D
sz002756,永兴材料,2025-10-10 10:12:12,39.44,27800,39.48,D
sz002756,永兴材料,2025-10-10 10:12:15,39.44,9500,39.44,D
sz002756,永兴材料,2025-10-10 10:12:30,39.49,7000,39.48,U
sz002756,永兴材料,2025-10-10 10:12:51,39.52,5100,39.5,U
sz002756,永兴材料,2025-10-10 10:12:54,39.55,6300,39.52,U
sz002756,永兴材料,2025-10-10 10:13:39,39.54,10300,39.55,E
sz002756,永兴材料,2025-10-10 10:14:24,39.48,8800,39.49,D
sz002756,永兴材料,2025-10-10 10:14:39,39.49,7000,39.5,D
sz002756,永兴材料,2025-10-10 10:15:06,39.5,12300,39.5,U
sz002756,永兴材料,2025-10-10 10:15:09,39.51,14700,39.5,U
sz002756,永兴材料,2025-10-10 10:15:21,39.51,11100,39.51,D
sz002756,永兴材料,2025-10-10 10:16:12,39.45,11740,39.45,D
sz002756,永兴材料,2025-10-10 10:16:36,39.42,10300,39.43,D
sz002756,永兴材料,2025-10-10 10:16:39,39.41,7600,39.42,D
sz002756,永兴材料,2025-10-10 10:16:42,39.42,8910,39.41,U
sz002756,永兴材料,2025-10-10 10:16:48,39.4,18790,39.42,D
sz002756,永兴材料,2025-10-10 10:16:54,39.4,9000,39.39,U
sz002756,永兴材料,2025-10-10 10:17:06,39.41,22110,39.37,U
sz002756,永兴材料,2025-10-10 10:17:15,39.46,18500,39.42,U
sz002756,永兴材料,2025-10-10 10:17:33,39.5,12900,39.5,U
sz002756,永兴材料,2025-10-10 10:17:36,39.5,6200,39.5,D
sz002756,永兴材料,2025-10-10 10:17:39,39.5,6800,39.5,D
sz002756,永兴材料,2025-10-10 10:19:15,39.48,14600,39.46,U
sz002756,永兴材料,2025-10-10 10:19:27,39.47,6900,39.48,D
sz002756,永兴材料,2025-10-10 10:19:39,39.5,5500,39.47,U
sz002756,永兴材料,2025-10-10 10:20:00,39.46,10000,39.46,U
sz002756,永兴材料,2025-10-10 10:20:18,39.44,7400,39.44,U
sz002756,永兴材料,2025-10-10 10:21:03,39.47,22200,39.45,U
sz002756,永兴材料,2025-10-10 10:21:06,39.48,10200,39.47,U
sz002756,永兴材料,2025-10-10 10:21:33,39.5,19000,39.49,U
sz002756,永兴材料,2025-10-10 10:21:36,39.53,5100,39.5,U
sz002756,永兴材料,2025-10-10 10:21:48,39.53,6000,39.53,U
sz002756,永兴材料,2025-10-10 10:23:18,39.51,11100,39.48,U
sz002756,永兴材料,2025-10-10 10:25:03,39.6,7500,39.57,U
sz002756,永兴材料,2025-10-10 10:25:06,39.61,8000,39.6,U
sz002756,永兴材料,2025-10-10 10:25:21,39.68,21700,39.63,U
sz002756,永兴材料,2025-10-10 10:25:30,39.63,6600,39.63,D
sz002756,永兴材料,2025-10-10 10:25:33,39.63,23700,39.63,U
sz002756,永兴材料,2025-10-10 10:25:54,39.64,66100,39.66,D
sz002756,永兴材料,2025-10-10 10:27:09,39.59,12900,39.59,U
sz002756,永兴材料,2025-10-10 10:27:24,39.58,19800,39.59,D
sz002756,永兴材料,2025-10-10 10:27:54,39.58,30900,39.58,D
sz002756,永兴材料,2025-10-10 10:28:33,39.59,7100,39.57,U
sz002756,永兴材料,2025-10-10 10:28:36,39.61,8500,39.59,U
sz002756,永兴材料,2025-10-10 10:28:39,39.62,6800,39.61,U
sz002756,永兴材料,2025-10-10 10:29:36,39.6,8800,39.6,U
sz002756,永兴材料,2025-10-10 10:29:45,39.62,5600,39.61,U
sz002756,永兴材料,2025-10-10 10:29:54,39.63,10500,39.63,D
sz002756,永兴材料,2025-10-10 10:30:48,39.63,16800,39.63,D
sz002756,永兴材料,2025-10-10 10:30:51,39.66,38400,39.63,U
sz002756,永兴材料,2025-10-10 10:30:54,39.66,10700,39.66,D
sz002756,永兴材料,2025-10-10 10:31:24,39.71,5300,39.71,D
sz002756,永兴材料,2025-10-10 10:32:00,39.77,10900,39.75,U
sz002756,永兴材料,2025-10-10 10:32:24,39.8,5100,39.8,U
sz002756,永兴材料,2025-10-10 10:32:33,39.82,5700,39.8,U
sz002756,永兴材料,2025-10-10 10:32:42,39.83,12300,39.8,U
sz002756,永兴材料,2025-10-10 10:32:45,39.79,7100,39.83,D
sz002756,永兴材料,2025-10-10 10:35:00,39.78,5200,39.78,D
sz002756,永兴材料,2025-10-10 10:35:06,39.77,8500,39.79,D
sz002756,永兴材料,2025-10-10 10:35:09,39.78,6100,39.77,U
sz002756,永兴材料,2025-10-10 10:36:03,39.72,6500,39.72,D
sz002756,永兴材料,2025-10-10 10:36:12,39.7,19500,39.7,D
sz002756,永兴材料,2025-10-10 10:37:00,39.65,21700,39.64,U
sz002756,永兴材料,2025-10-10 10:37:06,39.64,46800,39.65,D
sz002756,永兴材料,2025-10-10 10:37:30,39.68,32400,39.63,U
sz002756,永兴材料,2025-10-10 10:37:36,39.65,12500,39.69,D
sz002756,永兴材料,2025-10-10 10:37:42,39.7,7000,39.7,U
sz002756,永兴材料,2025-10-10 10:37:51,39.72,9100,39.72,U
sz002756,永兴材料,2025-10-10 10:38:33,39.7,5200,39.7,D
sz002756,永兴材料,2025-10-10 10:38:39,39.7,5900,39.7,U
sz002756,永兴材料,2025-10-10 10:39:03,39.68,6500,39.69,D
sz002756,永兴材料,2025-10-10 10:39:39,39.73,19200,39.69,U
sz002756,永兴材料,2025-10-10 10:39:42,39.75,5300,39.73,U
sz002756,永兴材料,2025-10-10 10:39:57,39.77,5600,39.75,U
sz002756,永兴材料,2025-10-10 10:40:00,39.8,9700,39.77,U
sz002756,永兴材料,2025-10-10 10:40:03,39.79,6900,39.8,D
sz002756,永兴材料,2025-10-10 10:40:27,39.76,6100,39.78,D
sz002756,永兴材料,2025-10-10 10:41:30,39.73,5100,39.71,U
sz002756,永兴材料,2025-10-10 10:44:00,39.77,11400,39.75,U
sz002756,永兴材料,2025-10-10 10:46:21,39.77,17700,39.76,U
sz002756,永兴材料,2025-10-10 10:47:18,39.76,9500,39.75,U
sz002756,永兴材料,2025-10-10 10:47:21,39.77,5200,39.76,U
sz002756,永兴材料,2025-10-10 10:47:48,39.75,6500,39.76,D
sz002756,永兴材料,2025-10-10 10:48:18,39.75,7900,39.73,U
sz002756,永兴材料,2025-10-10 10:48:30,39.77,5300,39.76,U
sz002756,永兴材料,2025-10-10 10:49:18,39.75,9700,39.75,U
sz002756,永兴材料,2025-10-10 10:49:39,39.75,13900,39.74,U
sz002756,永兴材料,2025-10-10 10:50:06,39.77,37500,39.78,D
sz002756,永兴材料,2025-10-10 10:50:42,39.77,5500,39.77,D
sz002756,永兴材料,2025-10-10 10:51:42,39.76,35500,39.75,U
sz002756,永兴材料,2025-10-10 10:54:09,39.73,51500,39.71,E
sz002756,永兴材料,2025-10-10 10:54:33,39.74,7600,39.74,U
sz002756,永兴材料,2025-10-10 10:55:33,39.71,9500,39.7,U
sz002756,永兴材料,2025-10-10 10:56:54,39.7,5600,39.71,D
sz002756,永兴材料,2025-10-10 10:57:42,39.68,13100,39.72,D
sz002756,永兴材料,2025-10-10 10:58:09,39.67,12400,39.7,D
sz002756,永兴材料,2025-10-10 11:00:36,39.61,8300,39.6,U
sz002756,永兴材料,2025-10-10 11:02:54,39.65,5700,39.65,U
sz002756,永兴材料,2025-10-10 11:03:09,39.6,34100,39.63,D
sz002756,永兴材料,2025-10-10 11:03:12,39.6,6500,39.6,U
sz002756,永兴材料,2025-10-10 11:03:15,39.61,10600,39.6,U
sz002756,永兴材料,2025-10-10 11:03:18,39.65,18900,39.61,U
sz002756,永兴材料,2025-10-10 11:03:21,39.68,7700,39.65,U
sz002756,永兴材料,2025-10-10 11:03:27,39.71,9800,39.68,U
sz002756,永兴材料,2025-10-10 11:04:42,39.63,11000,39.62,U
sz002756,永兴材料,2025-10-10 11:04:57,39.6,6100,39.61,D
sz002756,永兴材料,2025-10-10 11:05:00,39.6,8000,39.6,U
sz002756,永兴材料,2025-10-10 11:05:03,39.59,6200,39.6,D
sz002756,永兴材料,2025-10-10 11:05:06,39.63,13500,39.59,U
sz002756,永兴材料,2025-10-10 11:05:09,39.67,5300,39.63,U
sz002756,永兴材料,2025-10-10 11:05:12,39.68,9200,39.67,U
sz002756,永兴材料,2025-10-10 11:05:24,39.68,8900,39.66,U
sz002756,永兴材料,2025-10-10 11:05:45,39.66,5200,39.65,U
sz002756,永兴材料,2025-10-10 11:05:48,39.69,15900,39.66,U
sz002756,永兴材料,2025-10-10 11:06:18,39.71,7700,39.72,D
sz002756,永兴材料,2025-10-10 11:07:33,39.6,5100,39.61,D
sz002756,永兴材料,2025-10-10 11:08:06,39.59,18500,39.6,E
sz002756,永兴材料,2025-10-10 11:08:12,39.6,15600,39.63,D
sz002756,永兴材料,2025-10-10 11:08:45,39.63,8100,39.64,D
sz002756,永兴材料,2025-10-10 11:09:12,39.66,19300,39.63,U
sz002756,永兴材料,2025-10-10 11:09:30,39.68,5700,39.71,D
sz002756,永兴材料,2025-10-10 11:10:18,39.66,10000,39.66,D
sz002756,永兴材料,2025-10-10 11:10:21,39.7,30800,39.66,U
sz002756,永兴材料,2025-10-10 11:11:03,39.7,5500,39.68,E
sz002756,永兴材料,2025-10-10 11:12:06,39.68,5100,39.67,U
sz002756,永兴材料,2025-10-10 11:12:42,39.67,14000,39.67,D
sz002756,永兴材料,2025-10-10 11:13:39,39.69,6200,39.68,U
sz002756,永兴材料,2025-10-10 11:14:21,39.68,7200,39.7,D
sz002756,永兴材料,2025-10-10 11:15:36,39.68,5700,39.68,D
sz002756,永兴材料,2025-10-10 11:16:24,39.68,7400,39.68,D
sz002756,永兴材料,2025-10-10 11:16:36,39.67,6500,39.67,D
sz002756,永兴材料,2025-10-10 11:16:39,39.66,5400,39.67,D
sz002756,永兴材料,2025-10-10 11:17:12,39.72,11600,39.73,D
sz002756,永兴材料,2025-10-10 11:17:27,39.75,19290,39.74,U
sz002756,永兴材料,2025-10-10 11:18:36,39.74,7400,39.73,U
sz002756,永兴材料,2025-10-10 11:18:42,39.73,15200,39.72,E
sz002756,永兴材料,2025-10-10 11:18:51,39.72,9300,39.73,D
sz002756,永兴材料,2025-10-10 11:19:00,39.73,8900,39.72,E
sz002756,永兴材料,2025-10-10 11:19:03,39.72,7800,39.73,D
sz002756,永兴材料,2025-10-10 11:19:30,39.7,6400,39.7,D
sz002756,永兴材料,2025-10-10 11:19:42,39.7,5300,39.7,D
sz002756,永兴材料,2025-10-10 11:20:06,39.7,9100,39.7,D
sz002756,永兴材料,2025-10-10 11:20:30,39.73,5300,39.72,U
sz002756,永兴材料,2025-10-10 11:21:21,39.7,8100,39.71,D
sz002756,永兴材料,2025-10-10 11:21:33,39.69,8000,39.7,D
sz002756,永兴材料,2025-10-10 11:21:57,39.68,5500,39.68,D
sz002756,永兴材料,2025-10-10 11:22:06,39.68,11000,39.7,D
sz002756,永兴材料,2025-10-10 11:22:39,39.69,7700,39.69,D
sz002756,永兴材料,2025-10-10 11:23:12,39.67,10500,39.68,D
sz002756,永兴材料,2025-10-10 11:23:42,39.67,12000,39.66,U
sz002756,永兴材料,2025-10-10 11:24:18,39.67,5200,39.67,U
sz002756,永兴材料,2025-10-10 11:24:24,39.69,7200,39.68,U
sz002756,永兴材料,2025-10-10 11:24:30,39.71,25600,39.7,U
sz002756,永兴材料,2025-10-10 11:26:24,39.72,13900,39.72,U
sz002756,永兴材料,2025-10-10 11:26:27,39.72,31000,39.72,U
sz002756,永兴材料,2025-10-10 11:26:36,39.77,36300,39.75,U
sz002756,永兴材料,2025-10-10 11:26:39,39.79,9260,39.77,U
sz002756,永兴材料,2025-10-10 11:26:42,39.84,33000,39.79,U
sz002756,永兴材料,2025-10-10 11:26:48,39.85,10400,39.84,U
sz002756,永兴材料,2025-10-10 11:26:54,39.87,23300,39.85,U
sz002756,永兴材料,2025-10-10 11:27:03,39.83,8400,39.85,D
sz002756,永兴材料,2025-10-10 11:27:06,39.83,19400,39.83,D
sz002756,永兴材料,2025-10-10 11:27:36,39.87,10000,39.85,U
sz002756,永兴材料,2025-10-10 11:28:57,39.84,11400,39.84,U
sz002756,永兴材料,2025-10-10 11:29:09,39.85,6200,39.87,E
sz002756,永兴材料,2025-10-10 11:29:30,39.91,19000,39.85,U
sz002756,永兴材料,2025-10-10 11:29:51,39.96,15400,39.95,U
sz002756,永兴材料,2025-10-10 11:29:57,39.95,10600,39.95,D
sz002756,永兴材料,2025-10-10 13:00:00,39.95,29960,39.95,D
sz002756,永兴材料,2025-10-10 13:00:03,39.94,17600,39.95,D
sz002756,永兴材料,2025-10-10 13:00:06,39.94,25000,39.94,D
sz002756,永兴材料,2025-10-10 13:00:09,39.97,64220,39.94,U
sz002756,永兴材料,2025-10-10 13:00:12,40.06,130540,39.97,U
sz002756,永兴材料,2025-10-10 13:00:15,40.01,8900,40.06,D
sz002756,永兴材料,2025-10-10 13:00:18,40.08,31000,40.01,U
sz002756,永兴材料,2025-10-10 13:00:33,40.02,29900,40.01,U
sz002756,永兴材料,2025-10-10 13:00:39,40.02,15100,40.02,D
sz002756,永兴材料,2025-10-10 13:00:42,39.99,40600,40.02,D
sz002756,永兴材料,2025-10-10 13:00:45,40.06,15600,39.99,U
sz002756,永兴材料,2025-10-10 13:00:51,40.06,6100,40.06,U
sz002756,永兴材料,2025-10-10 13:01:03,40.06,5500,40.04,U
sz002756,永兴材料,2025-10-10 13:01:06,40.05,15000,40.06,E
sz002756,永兴材料,2025-10-10 13:01:09,40.12,30500,40.05,U
sz002756,永兴材料,2025-10-10 13:01:15,40.04,7600,40.03,U
sz002756,永兴材料,2025-10-10 13:01:21,40.0,15300,40.03,D
sz002756,永兴材料,2025-10-10 13:01:36,39.98,5100,40.0,D
sz002756,永兴材料,2025-10-10 13:02:51,39.97,5500,39.97,U
sz002756,永兴材料,2025-10-10 13:03:03,39.97,5400,39.97,D
sz002756,永兴材料,2025-10-10 13:03:12,39.96,7000,39.95,E
sz002756,永兴材料,2025-10-10 13:04:18,39.92,6540,39.93,D
sz002756,永兴材料,2025-10-10 13:04:45,39.93,6440,39.92,U
sz002756,永兴材料,2025-10-10 13:05:21,39.9,9100,39.9,D
sz002756,永兴材料,2025-10-10 13:05:27,39.87,7400,39.89,D
sz002756,永兴材料,2025-10-10 13:05:54,39.88,57700,39.87,E
sz002756,永兴材料,2025-10-10 13:06:06,39.88,5800,39.87,U
sz002756,永兴材料,2025-10-10 13:06:18,39.86,17100,39.88,D
sz002756,永兴材料,2025-10-10 13:06:54,39.91,8600,39.87,U
sz002756,永兴材料,2025-10-10 13:07:18,39.92,5900,39.93,D
sz002756,永兴材料,2025-10-10 13:07:21,39.88,20600,39.92,D
sz002756,永兴材料,2025-10-10 13:07:54,39.87,8800,39.87,D
sz002756,永兴材料,2025-10-10 13:08:06,39.93,23700,39.87,U
sz002756,永兴材料,2025-10-10 13:08:21,39.91,17800,39.92,D
sz002756,永兴材料,2025-10-10 13:08:42,39.91,29700,39.91,U
sz002756,永兴材料,2025-10-10 13:08:45,39.92,10800,39.91,U
sz002756,永兴材料,2025-10-10 13:08:54,39.95,10200,39.91,U
sz002756,永兴材料,2025-10-10 13:09:09,39.96,7000,39.94,U
sz002756,永兴材料,2025-10-10 13:10:03,39.98,18100,39.98,D
sz002756,永兴材料,2025-10-10 13:10:36,39.97,13100,39.96,U
sz002756,永兴材料,2025-10-10 13:11:57,39.96,14900,39.95,U
sz002756,永兴材料,2025-10-10 13:13:18,39.9,13100,39.92,D
sz002756,永兴材料,2025-10-10 13:13:21,39.89,8000,39.9,D
sz002756,永兴材料,2025-10-10 13:14:42,39.88,10000,39.9,D
sz002756,永兴材料,2025-10-10 13:15:39,39.89,13600,39.9,D
sz002756,永兴材料,2025-10-10 13:15:51,39.88,5300,39.89,D
sz002756,永兴材料,2025-10-10 13:16:15,39.85,5100,39.86,D
sz002756,永兴材料,2025-10-10 13:16:21,39.85,5400,39.85,D
sz002756,永兴材料,2025-10-10 13:16:27,39.89,7500,39.85,U
sz002756,永兴材料,2025-10-10 13:17:09,39.89,5700,39.9,D
sz002756,永兴材料,2025-10-10 13:17:15,39.88,5100,39.89,D
sz002756,永兴材料,2025-10-10 13:17:18,39.88,5600,39.88,D
sz002756,永兴材料,2025-10-10 13:17:24,39.9,10300,39.88,U
sz002756,永兴材料,2025-10-10 13:17:36,39.88,5500,39.88,D
sz002756,永兴材料,2025-10-10 13:20:03,39.89,9200,39.87,U
sz002756,永兴材料,2025-10-10 13:20:06,39.92,8800,39.89,U
sz002756,永兴材料,2025-10-10 13:20:09,39.92,8300,39.92,U
sz002756,永兴材料,2025-10-10 13:20:33,39.91,14200,39.93,D
sz002756,永兴材料,2025-10-10 13:20:54,39.9,8500,39.91,D
sz002756,永兴材料,2025-10-10 13:21:15,39.92,8200,39.91,U
sz002756,永兴材料,2025-10-10 13:21:30,39.93,22100,39.92,D
sz002756,永兴材料,2025-10-10 13:21:36,39.93,20300,39.93,D
sz002756,永兴材料,2025-10-10 13:22:54,39.92,11700,39.92,D
sz002756,永兴材料,2025-10-10 13:24:27,39.86,18800,39.88,D
sz002756,永兴材料,2025-10-10 13:24:33,39.86,21000,39.85,U
sz002756,永兴材料,2025-10-10 13:24:36,39.86,7900,39.86,D
sz002756,永兴材料,2025-10-10 13:24:42,39.89,12000,39.86,U
sz002756,永兴材料,2025-10-10 13:25:06,39.88,25000,39.9,D
sz002756,永兴材料,2025-10-10 13:25:09,39.88,13900,39.88,U
sz002756,永兴材料,2025-10-10 13:25:45,39.91,10400,39.88,U
sz002756,永兴材料,2025-10-10 13:25:57,39.86,8900,39.88,D
sz002756,永兴材料,2025-10-10 13:26:27,39.86,6100,39.86,D
sz002756,永兴材料,2025-10-10 13:26:36,39.86,5100,39.86,D
sz002756,永兴材料,2025-10-10 13:26:42,39.85,8200,39.86,D
sz002756,永兴材料,2025-10-10 13:28:33,39.83,5400,39.84,D
sz002756,永兴材料,2025-10-10 13:29:21,39.83,11300,39.81,U
sz002756,永兴材料,2025-10-10 13:30:24,39.84,12250,39.83,U
sz002756,永兴材料,2025-10-10 13:31:18,39.9,12100,39.9,D
sz002756,永兴材料,2025-10-10 13:31:51,39.89,12800,39.89,U
sz002756,永兴材料,2025-10-10 13:32:09,39.92,15700,39.91,U
sz002756,永兴材料,2025-10-10 13:32:12,39.95,22200,39.92,U
sz002756,永兴材料,2025-10-10 13:32:21,39.95,5300,39.95,U
sz002756,永兴材料,2025-10-10 13:32:33,39.93,6500,39.93,D
sz002756,永兴材料,2025-10-10 13:34:03,39.99,53000,39.92,U
sz002756,永兴材料,2025-10-10 13:34:06,39.99,11000,39.99,U
sz002756,永兴材料,2025-10-10 13:34:15,40.0,7000,40.0,U
sz002756,永兴材料,2025-10-10 13:34:21,40.0,18800,40.0,U
sz002756,永兴材料,2025-10-10 13:36:03,39.97,7700,39.97,D
sz002756,永兴材料,2025-10-10 13:36:15,39.94,8900,39.97,D
sz002756,永兴材料,2025-10-10 13:36:39,39.91,6000,39.92,D
sz002756,永兴材料,2025-10-10 13:36:51,39.89,6000,39.9,D
sz002756,永兴材料,2025-10-10 13:37:03,39.87,6100,39.91,D
sz002756,永兴材料,2025-10-10 13:38:42,39.84,8300,39.84,D
sz002756,永兴材料,2025-10-10 13:38:51,39.84,10400,39.84,U
sz002756,永兴材料,2025-10-10 13:40:12,39.8,6600,39.81,D
sz002756,永兴材料,2025-10-10 13:41:21,39.78,5900,39.78,D
sz002756,永兴材料,2025-10-10 13:41:54,39.76,5600,39.76,D
sz002756,永兴材料,2025-10-10 13:42:30,39.72,7600,39.73,D
sz002756,永兴材料,2025-10-10 13:44:00,39.75,5200,39.75,U
sz002756,永兴材料,2025-10-10 13:44:03,39.73,15000,39.75,D
sz002756,永兴材料,2025-10-10 13:44:18,39.73,17700,39.75,D
sz002756,永兴材料,2025-10-10 13:44:24,39.74,11200,39.75,D
sz002756,永兴材料,2025-10-10 13:44:27,39.76,6200,39.74,U
sz002756,永兴材料,2025-10-10 13:44:30,39.77,9300,39.76,U
sz002756,永兴材料,2025-10-10 13:46:51,39.81,6700,39.81,D
sz002756,永兴材料,2025-10-10 13:50:36,39.75,5700,39.75,U
sz002756,永兴材料,2025-10-10 13:51:21,39.74,5600,39.72,U
sz002756,永兴材料,2025-10-10 13:51:33,39.78,34940,39.75,U
sz002756,永兴材料,2025-10-10 13:52:30,39.74,9800,39.73,U
sz002756,永兴材料,2025-10-10 13:52:54,39.74,20100,39.75,D
sz002756,永兴材料,2025-10-10 13:53:00,39.75,8600,39.73,U
sz002756,永兴材料,2025-10-10 13:53:06,39.75,5800,39.75,U
sz002756,永兴材料,2025-10-10 13:53:09,39.75,15700,39.75,U
sz002756,永兴材料,2025-10-10 13:53:12,39.76,9000,39.75,U
sz002756,永兴材料,2025-10-10 13:53:15,39.77,5200,39.76,U
sz002756,永兴材料,2025-10-10 13:53:27,39.78,5300,39.78,U
sz002756,永兴材料,2025-10-10 13:53:51,39.78,6500,39.77,U
sz002756,永兴材料,2025-10-10 13:54:03,39.78,8400,39.78,U
sz002756,永兴材料,2025-10-10 13:55:24,39.75,10000,39.78,D
sz002756,永兴材料,2025-10-10 13:56:42,39.79,11500,39.78,U
sz002756,永兴材料,2025-10-10 13:57:15,39.84,9300,39.84,U
sz002756,永兴材料,2025-10-10 13:59:24,39.88,8100,39.87,U
sz002756,永兴材料,2025-10-10 14:00:03,39.9,5400,39.9,U
sz002756,永兴材料,2025-10-10 14:00:54,39.93,6900,39.94,D
sz002756,永兴材料,2025-10-10 14:01:06,39.92,8700,39.93,D
sz002756,永兴材料,2025-10-10 14:01:21,39.86,24500,39.87,D
sz002756,永兴材料,2025-10-10 14:02:03,39.87,5700,39.88,D
sz002756,永兴材料,2025-10-10 14:02:48,39.88,12300,39.88,D
sz002756,永兴材料,2025-10-10 14:03:00,39.88,8500,39.87,U
sz002756,永兴材料,2025-10-10 14:03:03,39.79,6700,39.88,D
sz002756,永兴材料,2025-10-10 14:06:03,39.78,5900,39.8,D
sz002756,永兴材料,2025-10-10 14:07:03,39.75,7400,39.8,D
sz002756,永兴材料,2025-10-10 14:08:00,39.71,5400,39.75,D
sz002756,永兴材料,2025-10-10 14:08:03,39.7,8000,39.71,D
sz002756,永兴材料,2025-10-10 14:08:18,39.75,5700,39.71,U
sz002756,永兴材料,2025-10-10 14:08:48,39.7,5900,39.76,D
sz002756,永兴材料,2025-10-10 14:09:00,39.69,5200,39.69,D
sz002756,永兴材料,2025-10-10 14:09:15,39.69,5500,39.68,U
sz002756,永兴材料,2025-10-10 14:10:57,39.67,9900,39.67,D
sz002756,永兴材料,2025-10-10 14:11:15,39.65,11800,39.65,U
sz002756,永兴材料,2025-10-10 14:11:33,39.6,32000,39.65,D
sz002756,永兴材料,2025-10-10 14:12:03,39.6,6600,39.64,D
sz002756,永兴材料,2025-10-10 14:12:21,39.6,6700,39.63,D
sz002756,永兴材料,2025-10-10 14:14:36,39.68,5500,39.64,U
sz002756,永兴材料,2025-10-10 14:15:00,39.66,5200,39.65,U
sz002756,永兴材料,2025-10-10 14:15:45,39.62,7100,39.63,D
sz002756,永兴材料,2025-10-10 14:16:24,39.63,14400,39.63,U
sz002756,永兴材料,2025-10-10 14:17:03,39.6,5700,39.62,D
sz002756,永兴材料,2025-10-10 14:17:36,39.59,10593,39.59,U
sz002756,永兴材料,2025-10-10 14:18:09,39.54,21300,39.56,D
sz002756,永兴材料,2025-10-10 14:18:24,39.55,6900,39.56,D
sz002756,永兴材料,2025-10-10 14:18:27,39.55,13500,39.55,D
sz002756,永兴材料,2025-10-10 14:19:00,39.56,5600,39.57,D
sz002756,永兴材料,2025-10-10 14:19:03,39.54,6000,39.56,D
sz002756,永兴材料,2025-10-10 14:19:06,39.58,23200,39.54,U
sz002756,永兴材料,2025-10-10 14:19:18,39.58,6200,39.59,D
sz002756,永兴材料,2025-10-10 14:19:42,39.58,6300,39.58,D
sz002756,永兴材料,2025-10-10 14:19:51,39.57,6500,39.57,U
sz002756,永兴材料,2025-10-10 14:20:12,39.59,9800,39.59,U
sz002756,永兴材料,2025-10-10 14:20:15,39.6,9900,39.59,U
sz002756,永兴材料,2025-10-10 14:20:18,39.61,6700,39.6,U
sz002756,永兴材料,2025-10-10 14:20:39,39.63,6100,39.61,U
sz002756,永兴材料,2025-10-10 14:20:45,39.6,7500,39.63,D
sz002756,永兴材料,2025-10-10 14:20:54,39.59,5200,39.59,U
sz002756,永兴材料,2025-10-10 14:20:57,39.58,15500,39.59,D
sz002756,永兴材料,2025-10-10 14:21:15,39.59,5300,39.59,U
sz002756,永兴材料,2025-10-10 14:21:30,39.59,11000,39.59,U
sz002756,永兴材料,2025-10-10 14:21:36,39.59,5200,39.59,D
sz002756,永兴材料,2025-10-10 14:21:39,39.57,21400,39.59,D
sz002756,永兴材料,2025-10-10 14:21:51,39.56,9700,39.57,D
sz002756,永兴材料,2025-10-10 14:22:03,39.58,8800,39.6,D
sz002756,永兴材料,2025-10-10 14:22:18,39.58,47000,39.58,U
sz002756,永兴材料,2025-10-10 14:22:21,39.58,8000,39.58,U
sz002756,永兴材料,2025-10-10 14:23:00,39.55,34500,39.52,U
sz002756,永兴材料,2025-10-10 14:23:06,39.53,5600,39.56,D
sz002756,永兴材料,2025-10-10 14:23:12,39.56,21200,39.56,U
sz002756,永兴材料,2025-10-10 14:23:27,39.52,5800,39.52,U
sz002756,永兴材料,2025-10-10 14:23:33,39.5,9600,39.52,D
sz002756,永兴材料,2025-10-10 14:23:36,39.49,14700,39.5,D
sz002756,永兴材料,2025-10-10 14:23:45,39.48,10500,39.48,U
sz002756,永兴材料,2025-10-10 14:23:51,39.47,7700,39.48,D
sz002756,永兴材料,2025-10-10 14:24:00,39.4,50900,39.48,D
sz002756,永兴材料,2025-10-10 14:24:06,39.43,7400,39.47,D
sz002756,永兴材料,2025-10-10 14:24:09,39.42,11100,39.43,D
sz002756,永兴材料,2025-10-10 14:24:15,39.42,8800,39.42,U
sz002756,永兴材料,2025-10-10 14:24:27,39.41,9200,39.4,U
sz002756,永兴材料,2025-10-10 14:24:30,39.41,6300,39.41,U
sz002756,永兴材料,2025-10-10 14:24:36,39.4,14800,39.41,D
sz002756,永兴材料,2025-10-10 14:24:42,39.4,54600,39.4,U
sz002756,永兴材料,2025-10-10 14:24:54,39.4,25900,39.37,U
sz002756,永兴材料,2025-10-10 14:24:57,39.44,20400,39.4,U
sz002756,永兴材料,2025-10-10 14:25:06,39.43,7000,39.43,U
sz002756,永兴材料,2025-10-10 14:25:09,39.4,19800,39.43,D
sz002756,永兴材料,2025-10-10 14:25:12,39.4,8400,39.4,U
sz002756,永兴材料,2025-10-10 14:25:15,39.39,7700,39.4,D
sz002756,永兴材料,2025-10-10 14:25:21,39.38,13000,39.39,D
sz002756,永兴材料,2025-10-10 14:25:24,39.38,5800,39.38,U
sz002756,永兴材料,2025-10-10 14:25:36,39.35,5900,39.36,D
sz002756,永兴材料,2025-10-10 14:25:39,39.36,5600,39.35,D
sz002756,永兴材料,2025-10-10 14:25:45,39.35,9000,39.35,D
sz002756,永兴材料,2025-10-10 14:25:48,39.39,10400,39.35,U
sz002756,永兴材料,2025-10-10 14:25:51,39.37,9100,39.39,D
sz002756,永兴材料,2025-10-10 14:26:00,39.39,19800,39.37,U
sz002756,永兴材料,2025-10-10 14:26:06,39.39,12000,39.35,U
sz002756,永兴材料,2025-10-10 14:26:09,39.39,11100,39.39,U
sz002756,永兴材料,2025-10-10 14:26:12,39.39,16900,39.39,U
sz002756,永兴材料,2025-10-10 14:26:18,39.4,8500,39.4,D
sz002756,永兴材料,2025-10-10 14:26:21,39.4,5800,39.4,D
sz002756,永兴材料,2025-10-10 14:26:24,39.39,9700,39.4,D
sz002756,永兴材料,2025-10-10 14:26:33,39.4,7800,39.4,U
sz002756,永兴材料,2025-10-10 14:26:36,39.4,6200,39.4,D
sz002756,永兴材料,2025-10-10 14:26:51,39.4,6400,39.4,D
sz002756,永兴材料,2025-10-10 14:27:06,39.41,9700,39.42,E
sz002756,永兴材料,2025-10-10 14:27:27,39.45,6700,39.44,U
sz002756,永兴材料,2025-10-10 14:27:36,39.41,19800,39.44,D
sz002756,永兴材料,2025-10-10 14:28:21,39.42,8200,39.41,U
sz002756,永兴材料,2025-10-10 14:28:33,39.4,6500,39.4,D
sz002756,永兴材料,2025-10-10 14:28:36,39.4,6100,39.4,D
sz002756,永兴材料,2025-10-10 14:29:06,39.4,8000,39.39,U
sz002756,永兴材料,2025-10-10 14:29:12,39.39,20400,39.39,D
sz002756,永兴材料,2025-10-10 14:29:36,39.37,12000,39.38,D
sz002756,永兴材料,2025-10-10 14:29:42,39.36,8000,39.36,D
sz002756,永兴材料,2025-10-10 14:29:45,39.4,28730,39.36,U
sz002756,永兴材料,2025-10-10 14:30:36,39.39,51600,39.4,D
sz002756,永兴材料,2025-10-10 14:30:51,39.38,5500,39.38,D
sz002756,永兴材料,2025-10-10 14:31:00,39.36,31500,39.37,D
sz002756,永兴材料,2025-10-10 14:31:03,39.35,5100,39.36,D
sz002756,永兴材料,2025-10-10 14:31:06,39.36,7100,39.35,U
sz002756,永兴材料,2025-10-10 14:31:21,39.36,13500,39.36,D
sz002756,永兴材料,2025-10-10 14:31:27,39.36,14400,39.36,U
sz002756,永兴材料,2025-10-10 14:31:36,39.37,9500,39.36,D
sz002756,永兴材料,2025-10-10 14:31:39,39.39,5700,39.37,U
sz002756,永兴材料,2025-10-10 14:31:42,39.35,20200,39.39,D
sz002756,永兴材料,2025-10-10 14:31:51,39.32,8600,39.39,D
sz002756,永兴材料,2025-10-10 14:32:03,39.4,7700,39.39,U
sz002756,永兴材料,2025-10-10 14:32:06,39.43,13800,39.4,U
sz002756,永兴材料,2025-10-10 14:32:21,39.44,22600,39.44,D
sz002756,永兴材料,2025-10-10 14:32:24,39.44,10400,39.44,U
sz002756,永兴材料,2025-10-10 14:32:33,39.42,5700,39.42,U
sz002756,永兴材料,2025-10-10 14:32:36,39.42,5900,39.42,D
sz002756,永兴材料,2025-10-10 14:33:03,39.4,7600,39.39,U
sz002756,永兴材料,2025-10-10 14:33:06,39.39,14800,39.4,E
sz002756,永兴材料,2025-10-10 14:33:18,39.47,12700,39.4,U
sz002756,永兴材料,2025-10-10 14:33:21,39.41,5700,39.47,D
sz002756,永兴材料,2025-10-10 14:33:36,39.47,6900,39.46,U
sz002756,永兴材料,2025-10-10 14:34:03,39.47,6000,39.45,E
sz002756,永兴材料,2025-10-10 14:34:15,39.45,15000,39.48,D
sz002756,永兴材料,2025-10-10 14:34:21,39.46,32300,39.45,U
sz002756,永兴材料,2025-10-10 14:34:42,39.45,16800,39.55,D
sz002756,永兴材料,2025-10-10 14:35:21,39.54,5500,39.54,D
sz002756,永兴材料,2025-10-10 14:36:27,39.58,12400,39.58,U
sz002756,永兴材料,2025-10-10 14:36:30,39.6,7000,39.58,U
sz002756,永兴材料,2025-10-10 14:36:45,39.6,6000,39.6,U
sz002756,永兴材料,2025-10-10 14:36:54,39.62,7500,39.6,U
sz002756,永兴材料,2025-10-10 14:37:03,39.62,7800,39.62,D
sz002756,永兴材料,2025-10-10 14:38:57,39.59,10900,39.58,E
sz002756,永兴材料,2025-10-10 14:39:18,39.58,8600,39.58,D
sz002756,永兴材料,2025-10-10 14:39:30,39.58,6500,39.58,D
sz002756,永兴材料,2025-10-10 14:40:03,39.57,11400,39.59,D
sz002756,永兴材料,2025-10-10 14:40:15,39.56,8800,39.57,D
sz002756,永兴材料,2025-10-10 14:40:36,39.56,6000,39.57,D
sz002756,永兴材料,2025-10-10 14:40:48,39.58,8700,39.57,U
sz002756,永兴材料,2025-10-10 14:41:03,39.56,9400,39.6,D
sz002756,永兴材料,2025-10-10 14:41:21,39.61,6300,39.6,U
sz002756,永兴材料,2025-10-10 14:41:30,39.59,6800,39.59,D
sz002756,永兴材料,2025-10-10 14:41:54,39.6,6000,39.59,U
sz002756,永兴材料,2025-10-10 14:42:06,39.58,7700,39.6,D
sz002756,永兴材料,2025-10-10 14:42:15,39.6,6800,39.59,U
sz002756,永兴材料,2025-10-10 14:42:27,39.58,5300,39.59,D
sz002756,永兴材料,2025-10-10 14:42:48,39.56,8500,39.57,D
sz002756,永兴材料,2025-10-10 14:43:00,39.59,5200,39.57,U
sz002756,永兴材料,2025-10-10 14:43:09,39.57,8500,39.59,D
sz002756,永兴材料,2025-10-10 14:43:12,39.57,10700,39.57,U
sz002756,永兴材料,2025-10-10 14:43:15,39.57,7100,39.57,U
sz002756,永兴材料,2025-10-10 14:43:18,39.58,27600,39.57,U
sz002756,永兴材料,2025-10-10 14:43:21,39.57,6700,39.58,D
sz002756,永兴材料,2025-10-10 14:43:33,39.54,5600,39.54,D
sz002756,永兴材料,2025-10-10 14:43:42,39.52,16200,39.52,U
sz002756,永兴材料,2025-10-10 14:44:00,39.53,22700,39.52,U
sz002756,永兴材料,2025-10-10 14:44:06,39.54,7200,39.5,U
sz002756,永兴材料,2025-10-10 14:44:09,39.53,15200,39.54,D
sz002756,永兴材料,2025-10-10 14:44:12,39.48,22400,39.53,D
sz002756,永兴材料,2025-10-10 14:44:15,39.5,6600,39.48,U
sz002756,永兴材料,2025-10-10 14:44:30,39.51,5900,39.5,E
sz002756,永兴材料,2025-10-10 14:44:42,39.51,6000,39.52,D
sz002756,永兴材料,2025-10-10 14:44:48,39.53,6800,39.53,U
sz002756,永兴材料,2025-10-10 14:44:51,39.51,6000,39.53,D
sz002756,永兴材料,2025-10-10 14:45:00,39.51,7000,39.5,U
sz002756,永兴材料,2025-10-10 14:45:03,39.46,9000,39.51,D
sz002756,永兴材料,2025-10-10 14:45:12,39.48,31200,39.5,D
sz002756,永兴材料,2025-10-10 14:45:21,39.46,7500,39.45,E
sz002756,永兴材料,2025-10-10 14:45:39,39.49,7900,39.5,D
sz002756,永兴材料,2025-10-10 14:45:45,39.48,6200,39.49,D
sz002756,永兴材料,2025-10-10 14:46:00,39.46,15000,39.49,D
sz002756,永兴材料,2025-10-10 14:46:03,39.47,8300,39.46,U
sz002756,永兴材料,2025-10-10 14:46:06,39.47,15100,39.47,D
sz002756,永兴材料,2025-10-10 14:46:09,39.49,12770,39.47,U
sz002756,永兴材料,2025-10-10 14:46:12,39.5,19800,39.49,U
sz002756,永兴材料,2025-10-10 14:46:18,39.51,20830,39.5,U
sz002756,永兴材料,2025-10-10 14:46:24,39.5,29900,39.49,U
sz002756,永兴材料,2025-10-10 14:46:27,39.51,12930,39.5,U
sz002756,永兴材料,2025-10-10 14:46:36,39.53,6000,39.53,U
sz002756,永兴材料,2025-10-10 14:46:39,39.55,6300,39.53,U
sz002756,永兴材料,2025-10-10 14:46:54,39.54,14800,39.55,D
sz002756,永兴材料,2025-10-10 14:46:57,39.53,10300,39.54,D
sz002756,永兴材料,2025-10-10 14:47:03,39.5,18000,39.55,D
sz002756,永兴材料,2025-10-10 14:47:06,39.54,11500,39.5,U
sz002756,永兴材料,2025-10-10 14:47:12,39.54,6400,39.53,U
sz002756,永兴材料,2025-10-10 14:47:18,39.54,6700,39.53,U
sz002756,永兴材料,2025-10-10 14:47:24,39.53,6400,39.54,D
sz002756,永兴材料,2025-10-10 14:47:27,39.54,9200,39.53,U
sz002756,永兴材料,2025-10-10 14:47:30,39.53,7100,39.54,D
sz002756,永兴材料,2025-10-10 14:47:33,39.53,7300,39.53,U
sz002756,永兴材料,2025-10-10 14:47:36,39.54,8400,39.53,U
sz002756,永兴材料,2025-10-10 14:47:39,39.54,11300,39.54,U
sz002756,永兴材料,2025-10-10 14:47:57,39.55,11300,39.55,U
sz002756,永兴材料,2025-10-10 14:48:03,39.54,5800,39.55,D
sz002756,永兴材料,2025-10-10 14:48:06,39.55,8400,39.54,U
sz002756,永兴材料,2025-10-10 14:48:09,39.53,6800,39.55,D
sz002756,永兴材料,2025-10-10 14:48:18,39.54,6400,39.54,U
sz002756,永兴材料,2025-10-10 14:48:27,39.55,6300,39.54,U
sz002756,永兴材料,2025-10-10 14:48:42,39.56,9800,39.56,E
sz002756,永兴材料,2025-10-10 14:48:57,39.51,9400,39.54,D
sz002756,永兴材料,2025-10-10 14:49:03,39.48,13400,39.51,D
sz002756,永兴材料,2025-10-10 14:49:15,39.51,6700,39.51,D
sz002756,永兴材料,2025-10-10 14:49:33,39.51,5200,39.51,D
sz002756,永兴材料,2025-10-10 14:49:48,39.53,5800,39.52,U
sz002756,永兴材料,2025-10-10 14:49:57,39.47,26600,39.52,D
sz002756,永兴材料,2025-10-10 14:50:00,39.5,21200,39.47,U
sz002756,永兴材料,2025-10-10 14:50:03,39.47,7600,39.5,D
sz002756,永兴材料,2025-10-10 14:50:06,39.49,39900,39.47,E
sz002756,永兴材料,2025-10-10 14:50:09,39.52,8100,39.49,U
sz002756,永兴材料,2025-10-10 14:50:12,39.53,41396,39.52,U
sz002756,永兴材料,2025-10-10 14:50:15,39.55,15500,39.53,U
sz002756,永兴材料,2025-10-10 14:50:21,39.53,6200,39.55,E
sz002756,永兴材料,2025-10-10 14:50:27,39.53,10900,39.48,U
sz002756,永兴材料,2025-10-10 14:50:30,39.53,6200,39.53,U
sz002756,永兴材料,2025-10-10 14:50:45,39.53,9000,39.52,U
sz002756,永兴材料,2025-10-10 14:50:54,39.53,10100,39.53,D
sz002756,永兴材料,2025-10-10 14:51:03,39.52,14951,39.52,U
sz002756,永兴材料,2025-10-10 14:51:09,39.53,16600,39.53,U
sz002756,永兴材料,2025-10-10 14:51:12,39.55,12000,39.53,U
sz002756,永兴材料,2025-10-10 14:51:27,39.55,6500,39.54,U
sz002756,永兴材料,2025-10-10 14:51:42,39.55,18000,39.54,U
sz002756,永兴材料,2025-10-10 14:51:45,39.56,14400,39.55,U
sz002756,永兴材料,2025-10-10 14:52:00,39.56,17500,39.58,D
sz002756,永兴材料,2025-10-10 14:52:03,39.56,5500,39.56,D
sz002756,永兴材料,2025-10-10 14:52:06,39.57,7800,39.56,E
sz002756,永兴材料,2025-10-10 14:52:09,39.58,11500,39.57,U
sz002756,永兴材料,2025-10-10 14:52:12,39.58,7100,39.58,U
sz002756,永兴材料,2025-10-10 14:52:18,39.59,17900,39.58,U
sz002756,永兴材料,2025-10-10 14:52:21,39.58,9600,39.59,E
sz002756,永兴材料,2025-10-10 14:52:33,39.6,11200,39.59,U
sz002756,永兴材料,2025-10-10 14:52:39,39.61,7200,39.6,U
sz002756,永兴材料,2025-10-10 14:52:42,39.59,9400,39.61,D
sz002756,永兴材料,2025-10-10 14:52:45,39.6,8200,39.59,U
sz002756,永兴材料,2025-10-10 14:52:48,39.61,5500,39.6,U
sz002756,永兴材料,2025-10-10 14:52:54,39.6,9000,39.6,D
sz002756,永兴材料,2025-10-10 14:53:00,39.62,12200,39.61,U
sz002756,永兴材料,2025-10-10 14:53:03,39.6,17100,39.62,D
sz002756,永兴材料,2025-10-10 14:53:06,39.62,8000,39.6,U
sz002756,永兴材料,2025-10-10 14:53:09,39.64,7500,39.62,U
sz002756,永兴材料,2025-10-10 14:53:15,39.65,10400,39.62,U
sz002756,永兴材料,2025-10-10 14:53:18,39.64,9700,39.65,D
sz002756,永兴材料,2025-10-10 14:53:21,39.66,6000,39.64,U
sz002756,永兴材料,2025-10-10 14:53:30,39.7,15300,39.65,U
sz002756,永兴材料,2025-10-10 14:53:33,39.7,5600,39.7,U
sz002756,永兴材料,2025-10-10 14:53:39,39.72,7100,39.7,U
sz002756,永兴材料,2025-10-10 14:53:45,39.72,14200,39.7,U
sz002756,永兴材料,2025-10-10 14:53:48,39.72,18000,39.72,U
sz002756,永兴材料,2025-10-10 14:53:51,39.72,12300,39.72,U
sz002756,永兴材料,2025-10-10 14:53:57,39.72,14100,39.71,U
sz002756,永兴材料,2025-10-10 14:54:03,39.72,12000,39.72,U
sz002756,永兴材料,2025-10-10 14:54:06,39.71,14000,39.72,D
sz002756,永兴材料,2025-10-10 14:54:09,39.72,6400,39.71,U
sz002756,永兴材料,2025-10-10 14:54:12,39.74,18800,39.72,U
sz002756,永兴材料,2025-10-10 14:54:15,39.73,62100,39.74,D
sz002756,永兴材料,2025-10-10 14:54:21,39.75,14100,39.78,D
sz002756,永兴材料,2025-10-10 14:54:24,39.75,18500,39.75,D
sz002756,永兴材料,2025-10-10 14:54:30,39.8,9000,39.78,U
sz002756,永兴材料,2025-10-10 14:54:36,39.81,8800,39.81,U
sz002756,永兴材料,2025-10-10 14:54:39,39.81,16500,39.81,U
sz002756,永兴材料,2025-10-10 14:54:42,39.79,11000,39.81,D
sz002756,永兴材料,2025-10-10 14:54:51,39.76,8100,39.76,U
sz002756,永兴材料,2025-10-10 14:54:54,39.76,11500,39.76,E
sz002756,永兴材料,2025-10-10 14:55:03,39.74,26100,39.76,D
sz002756,永兴材料,2025-10-10 14:55:15,39.76,8300,39.73,U
sz002756,永兴材料,2025-10-10 14:55:21,39.74,6300,39.73,U
sz002756,永兴材料,2025-10-10 14:55:36,39.76,16700,39.73,U
sz002756,永兴材料,2025-10-10 14:55:54,39.72,5500,39.7,U
sz002756,永兴材料,2025-10-10 14:56:00,39.73,8630,39.72,U
sz002756,永兴材料,2025-10-10 14:56:03,39.72,9508,39.73,D
sz002756,永兴材料,2025-10-10 14:56:24,39.7,10000,39.72,D
sz002756,永兴材料,2025-10-10 14:56:27,39.7,5500,39.7,U
sz002756,永兴材料,2025-10-10 14:56:45,39.7,17100,39.71,D
sz002756,永兴材料,2025-10-10 15:00:00,39.7,155500,39.69,U
