symbol,name,ticktime,price,volume,prev_price,kind
sz002756,永兴材料,2025-09-25 09:25:00,34.54,59800,0.0,E
sz002756,永兴材料,2025-09-25 09:30:00,34.59,19700,34.54,U
sz002756,永兴材料,2025-09-25 09:30:03,34.6,10700,34.59,E
sz002756,永兴材料,2025-09-25 09:30:06,34.6,12300,34.6,U
sz002756,永兴材料,2025-09-25 09:30:09,34.71,9500,34.6,U
sz002756,永兴材料,2025-09-25 09:30:21,34.62,15100,34.65,D
sz002756,永兴材料,2025-09-25 09:30:27,34.66,6600,34.69,E
sz002756,永兴材料,2025-09-25 09:30:33,34.64,10300,34.68,D
sz002756,永兴材料,2025-09-25 09:30:51,34.6,7400,34.6,U
sz002756,永兴材料,2025-09-25 09:31:09,34.6,5800,34.59,U
sz002756,永兴材料,2025-09-25 09:31:12,34.57,34700,34.6,D
sz002756,永兴材料,2025-09-25 09:31:24,34.54,7900,34.55,D
sz002756,永兴材料,2025-09-25 09:31:30,34.54,12200,34.55,D
sz002756,永兴材料,2025-09-25 09:31:42,34.61,9200,34.55,U
sz002756,永兴材料,2025-09-25 09:32:03,34.66,32000,34.61,U
sz002756,永兴材料,2025-09-25 09:32:18,34.68,12000,34.69,D
sz002756,永兴材料,2025-09-25 09:32:30,34.65,7200,34.67,D
sz002756,永兴材料,2025-09-25 09:33:00,34.66,5800,34.66,U
sz002756,永兴材料,2025-09-25 09:33:06,34.68,12900,34.65,U
sz002756,永兴材料,2025-09-25 09:33:18,34.67,12500,34.68,D
sz002756,永兴材料,2025-09-25 09:33:27,34.73,10100,34.69,U
sz002756,永兴材料,2025-09-25 09:33:48,34.7,29800,34.71,D
sz002756,永兴材料,2025-09-25 09:34:03,34.7,14100,34.71,D
sz002756,永兴材料,2025-09-25 09:34:06,34.7,6200,34.7,E
sz002756,永兴材料,2025-09-25 09:34:12,34.74,7300,34.71,U
sz002756,永兴材料,2025-09-25 09:34:48,34.77,16200,34.74,U
sz002756,永兴材料,2025-09-25 09:34:51,34.79,17000,34.77,U
sz002756,永兴材料,2025-09-25 09:35:06,34.8,6400,34.76,U
sz002756,永兴材料,2025-09-25 09:35:09,34.78,8000,34.8,D
sz002756,永兴材料,2025-09-25 09:35:21,34.75,11200,34.79,D
sz002756,永兴材料,2025-09-25 09:35:24,34.78,14200,34.75,U
sz002756,永兴材料,2025-09-25 09:36:06,34.74,16600,34.77,D
sz002756,永兴材料,2025-09-25 09:36:18,34.73,13200,34.73,U
sz002756,永兴材料,2025-09-25 09:36:30,34.73,8900,34.76,D
sz002756,永兴材料,2025-09-25 09:36:33,34.76,5800,34.73,U
sz002756,永兴材料,2025-09-25 09:36:36,34.78,19700,34.76,U
sz002756,永兴材料,2025-09-25 09:36:39,34.77,18355,34.78,D
sz002756,永兴材料,2025-09-25 09:36:54,34.88,63200,34.82,U
sz002756,永兴材料,2025-09-25 09:36:57,34.88,6000,34.88,U
sz002756,永兴材料,2025-09-25 09:37:03,34.88,6900,34.88,D
sz002756,永兴材料,2025-09-25 09:37:09,34.89,16300,34.88,U
sz002756,永兴材料,2025-09-25 09:37:12,34.88,9900,34.89,D
sz002756,永兴材料,2025-09-25 09:37:15,34.84,7500,34.88,D
sz002756,永兴材料,2025-09-25 09:37:24,34.87,13100,34.88,U
sz002756,永兴材料,2025-09-25 09:37:30,34.85,10600,34.85,D
sz002756,永兴材料,2025-09-25 09:37:39,34.88,9300,34.88,U
sz002756,永兴材料,2025-09-25 09:38:12,34.87,15500,34.86,U
sz002756,永兴材料,2025-09-25 09:38:15,34.88,22500,34.87,U
sz002756,永兴材料,2025-09-25 09:38:18,34.88,8300,34.88,U
sz002756,永兴材料,2025-09-25 09:38:21,34.92,36600,34.88,U
sz002756,永兴材料,2025-09-25 09:38:42,34.93,8600,34.93,U
sz002756,永兴材料,2025-09-25 09:39:00,34.91,5800,34.91,D
sz002756,永兴材料,2025-09-25 09:39:15,34.92,8600,34.91,U
sz002756,永兴材料,2025-09-25 09:39:33,34.9,5800,34.91,D
sz002756,永兴材料,2025-09-25 09:39:36,34.92,19800,34.9,U
sz002756,永兴材料,2025-09-25 09:40:06,34.9,32100,34.88,U
sz002756,永兴材料,2025-09-25 09:40:09,34.9,7500,34.9,D
sz002756,永兴材料,2025-09-25 09:40:12,34.9,19300,34.9,U
sz002756,永兴材料,2025-09-25 09:40:15,34.95,121800,34.9,U
sz002756,永兴材料,2025-09-25 09:40:18,34.98,23200,34.95,U
sz002756,永兴材料,2025-09-25 09:40:21,34.96,7300,34.98,D
sz002756,永兴材料,2025-09-25 09:40:24,34.97,22400,34.96,U
sz002756,永兴材料,2025-09-25 09:40:27,35.04,119900,34.97,U
sz002756,永兴材料,2025-09-25 09:40:30,35.05,26700,35.04,U
sz002756,永兴材料,2025-09-25 09:40:36,35.1,13400,35.1,U
sz002756,永兴材料,2025-09-25 09:40:39,35.1,8400,35.1,D
sz002756,永兴材料,2025-09-25 09:40:42,35.07,10300,35.1,D
sz002756,永兴材料,2025-09-25 09:40:45,35.06,6300,35.07,D
sz002756,永兴材料,2025-09-25 09:41:00,35.09,13600,35.07,U
sz002756,永兴材料,2025-09-25 09:41:06,35.08,8400,35.09,D
sz002756,永兴材料,2025-09-25 09:41:09,35.08,6500,35.08,D
sz002756,永兴材料,2025-09-25 09:41:12,35.09,5800,35.08,U
sz002756,永兴材料,2025-09-25 09:41:15,35.14,45000,35.09,U
sz002756,永兴材料,2025-09-25 09:41:18,35.15,18200,35.14,U
sz002756,永兴材料,2025-09-25 09:41:21,35.15,13000,35.15,U
sz002756,永兴材料,2025-09-25 09:41:30,35.15,6500,35.15,U
sz002756,永兴材料,2025-09-25 09:41:33,35.12,6500,35.15,D
sz002756,永兴材料,2025-09-25 09:42:00,35.15,11100,35.15,U
sz002756,永兴材料,2025-09-25 09:42:03,35.15,16600,35.15,U
sz002756,永兴材料,2025-09-25 09:42:09,35.12,7700,35.15,D
sz002756,永兴材料,2025-09-25 09:42:18,35.14,6200,35.14,D
sz002756,永兴材料,2025-09-25 09:42:21,35.11,50700,35.14,D
sz002756,永兴材料,2025-09-25 09:42:24,35.12,9600,35.11,U
sz002756,永兴材料,2025-09-25 09:42:27,35.14,10000,35.12,U
sz002756,永兴材料,2025-09-25 09:42:48,35.13,11600,35.13,U
sz002756,永兴材料,2025-09-25 09:42:51,35.12,7600,35.13,E
sz002756,永兴材料,2025-09-25 09:43:12,35.1,9100,35.1,U
sz002756,永兴材料,2025-09-25 09:43:15,35.06,58900,35.1,D
sz002756,永兴材料,2025-09-25 09:43:21,35.03,6100,35.08,D
sz002756,永兴材料,2025-09-25 09:43:33,35.03,12400,35.03,D
sz002756,永兴材料,2025-09-25 09:43:36,35.05,9500,35.03,E
sz002756,永兴材料,2025-09-25 09:43:39,35.07,8900,35.05,E
sz002756,永兴材料,2025-09-25 09:43:57,35.07,21000,35.06,U
sz002756,永兴材料,2025-09-25 09:44:00,35.07,20800,35.07,U
sz002756,永兴材料,2025-09-25 09:44:09,35.09,13100,35.08,U
sz002756,永兴材料,2025-09-25 09:44:12,35.1,9100,35.09,U
sz002756,永兴材料,2025-09-25 09:44:15,35.1,19900,35.1,U
sz002756,永兴材料,2025-09-25 09:44:18,35.13,25400,35.1,U
sz002756,永兴材料,2025-09-25 09:44:21,35.18,89300,35.13,U
sz002756,永兴材料,2025-09-25 09:44:24,35.17,20800,35.18,D
sz002756,永兴材料,2025-09-25 09:44:39,35.1,10400,35.11,D
sz002756,永兴材料,2025-09-25 09:44:42,35.09,7700,35.1,D
sz002756,永兴材料,2025-09-25 09:45:00,35.09,10700,35.09,D
sz002756,永兴材料,2025-09-25 09:45:09,35.1,12800,35.1,U
sz002756,永兴材料,2025-09-25 09:45:12,35.1,8600,35.1,U
sz002756,永兴材料,2025-09-25 09:45:15,35.09,12200,35.1,D
sz002756,永兴材料,2025-09-25 09:45:21,35.09,13500,35.1,D
sz002756,永兴材料,2025-09-25 09:45:39,35.11,6900,35.11,D
sz002756,永兴材料,2025-09-25 09:45:42,35.15,36200,35.11,U
sz002756,永兴材料,2025-09-25 09:45:45,35.19,17600,35.15,U
sz002756,永兴材料,2025-09-25 09:45:48,35.2,47900,35.19,U
sz002756,永兴材料,2025-09-25 09:45:51,35.22,24600,35.2,U
sz002756,永兴材料,2025-09-25 09:45:54,35.22,9000,35.22,U
sz002756,永兴材料,2025-09-25 09:46:03,35.22,9300,35.22,U
sz002756,永兴材料,2025-09-25 09:46:06,35.21,22900,35.22,D
sz002756,永兴材料,2025-09-25 09:46:09,35.29,80000,35.21,U
sz002756,永兴材料,2025-09-25 09:46:12,35.3,23100,35.29,U
sz002756,永兴材料,2025-09-25 09:46:15,35.31,5800,35.3,E
sz002756,永兴材料,2025-09-25 09:46:18,35.28,16000,35.31,D
sz002756,永兴材料,2025-09-25 09:46:21,35.28,8000,35.28,E
sz002756,永兴材料,2025-09-25 09:46:24,35.26,11300,35.28,D
sz002756,永兴材料,2025-09-25 09:46:27,35.27,6600,35.26,U
sz002756,永兴材料,2025-09-25 09:46:33,35.26,8300,35.28,D
sz002756,永兴材料,2025-09-25 09:46:36,35.26,6200,35.26,U
sz002756,永兴材料,2025-09-25 09:46:39,35.26,20700,35.26,U
sz002756,永兴材料,2025-09-25 09:46:42,35.3,46700,35.26,U
sz002756,永兴材料,2025-09-25 09:46:45,35.38,78600,35.3,U
sz002756,永兴材料,2025-09-25 09:46:48,35.41,17500,35.38,U
sz002756,永兴材料,2025-09-25 09:46:54,35.4,10900,35.41,D
sz002756,永兴材料,2025-09-25 09:46:57,35.37,10600,35.4,D
sz002756,永兴材料,2025-09-25 09:47:00,35.37,8100,35.37,U
sz002756,永兴材料,2025-09-25 09:47:03,35.36,14900,35.37,D
sz002756,永兴材料,2025-09-25 09:47:06,35.35,17600,35.36,D
sz002756,永兴材料,2025-09-25 09:47:12,35.35,16600,35.35,U
sz002756,永兴材料,2025-09-25 09:47:15,35.37,9900,35.35,U
sz002756,永兴材料,2025-09-25 09:47:18,35.34,7800,35.37,U
sz002756,永兴材料,2025-09-25 09:47:24,35.27,6200,35.3,D
sz002756,永兴材料,2025-09-25 09:47:36,35.23,15700,35.26,D
sz002756,永兴材料,2025-09-25 09:47:39,35.25,28800,35.23,U
sz002756,永兴材料,2025-09-25 09:47:42,35.26,7800,35.25,U
sz002756,永兴材料,2025-09-25 09:47:45,35.23,11800,35.26,E
sz002756,永兴材料,2025-09-25 09:47:51,35.24,18800,35.24,U
sz002756,永兴材料,2025-09-25 09:47:54,35.25,27600,35.24,E
sz002756,永兴材料,2025-09-25 09:47:57,35.23,12300,35.25,D
sz002756,永兴材料,2025-09-25 09:48:03,35.21,7000,35.22,E
sz002756,永兴材料,2025-09-25 09:48:18,35.21,27500,35.18,U
sz002756,永兴材料,2025-09-25 09:48:21,35.19,7900,35.21,D
sz002756,永兴材料,2025-09-25 09:49:06,35.18,19100,35.19,D
sz002756,永兴材料,2025-09-25 09:49:12,35.2,5800,35.18,U
sz002756,永兴材料,2025-09-25 09:49:18,35.2,29600,35.2,U
sz002756,永兴材料,2025-09-25 09:49:27,35.19,28000,35.2,D
sz002756,永兴材料,2025-09-25 09:50:00,35.16,28700,35.19,D
sz002756,永兴材料,2025-09-25 09:50:48,35.1,7400,35.11,D
sz002756,永兴材料,2025-09-25 09:50:51,35.1,5800,35.1,D
sz002756,永兴材料,2025-09-25 09:51:15,35.04,13900,35.04,U
sz002756,永兴材料,2025-09-25 09:51:18,35.03,6600,35.04,D
sz002756,永兴材料,2025-09-25 09:51:30,35.01,6800,35.02,D
sz002756,永兴材料,2025-09-25 09:51:36,35.0,14200,35.01,D
sz002756,永兴材料,2025-09-25 09:51:39,35.01,19400,35.0,U
sz002756,永兴材料,2025-09-25 09:51:42,35.0,70400,35.01,D
sz002756,永兴材料,2025-09-25 09:51:45,35.0,27300,35.0,D
sz002756,永兴材料,2025-09-25 09:51:48,35.01,6800,35.0,U
sz002756,永兴材料,2025-09-25 09:51:51,35.01,11630,35.01,U
sz002756,永兴材料,2025-09-25 09:52:00,35.0,12070,35.0,D
sz002756,永兴材料,2025-09-25 09:52:15,35.04,57130,35.0,U
sz002756,永兴材料,2025-09-25 09:52:18,35.05,16500,35.04,U
sz002756,永兴材料,2025-09-25 09:52:42,35.1,7800,35.09,U
sz002756,永兴材料,2025-09-25 09:52:57,35.1,8900,35.1,D
sz002756,永兴材料,2025-09-25 09:53:12,35.03,12000,35.01,E
sz002756,永兴材料,2025-09-25 09:53:57,35.0,6800,35.0,D
sz002756,永兴材料,2025-09-25 09:54:15,35.02,12300,35.01,U
sz002756,永兴材料,2025-09-25 09:54:36,35.06,19600,35.03,U
sz002756,永兴材料,2025-09-25 09:54:42,35.08,9100,35.07,U
sz002756,永兴材料,2025-09-25 09:55:24,35.09,16500,35.08,U
sz002756,永兴材料,2025-09-25 09:56:15,35.14,9100,35.11,U
sz002756,永兴材料,2025-09-25 09:56:27,35.12,10100,35.15,D
sz002756,永兴材料,2025-09-25 09:57:18,35.12,22500,35.14,D
sz002756,永兴材料,2025-09-25 09:58:57,35.03,9800,35.03,D
sz002756,永兴材料,2025-09-25 09:59:00,35.02,8600,35.03,D
sz002756,永兴材料,2025-09-25 09:59:09,35.02,5800,35.01,U
sz002756,永兴材料,2025-09-25 10:00:12,35.0,42400,35.03,D
sz002756,永兴材料,2025-09-25 10:00:21,34.98,11500,35.01,D
sz002756,永兴材料,2025-09-25 10:00:36,34.96,15900,34.98,D
sz002756,永兴材料,2025-09-25 10:00:57,34.94,8700,34.95,D
sz002756,永兴材料,2025-09-25 10:01:03,34.95,26900,34.94,U
sz002756,永兴材料,2025-09-25 10:01:24,34.95,8400,34.95,D
sz002756,永兴材料,2025-09-25 10:02:33,34.94,11100,34.95,D
sz002756,永兴材料,2025-09-25 10:02:39,34.93,8500,34.96,D
sz002756,永兴材料,2025-09-25 10:02:54,34.91,21400,34.94,D
sz002756,永兴材料,2025-09-25 10:04:42,34.92,6300,34.92,D
sz002756,永兴材料,2025-09-25 10:04:45,34.92,52300,34.92,E
sz002756,永兴材料,2025-09-25 10:04:57,34.88,10200,34.9,D
sz002756,永兴材料,2025-09-25 10:05:06,34.88,9000,34.9,D
sz002756,永兴材料,2025-09-25 10:05:09,34.88,7300,34.88,D
sz002756,永兴材料,2025-09-25 10:05:24,34.88,12500,34.88,U
sz002756,永兴材料,2025-09-25 10:05:36,34.86,6300,34.88,D
sz002756,永兴材料,2025-09-25 10:06:06,34.83,7500,34.83,U
sz002756,永兴材料,2025-09-25 10:06:33,34.85,13500,34.83,U
sz002756,永兴材料,2025-09-25 10:07:33,34.83,7420,34.84,D
sz002756,永兴材料,2025-09-25 10:08:03,34.82,7200,34.82,D
sz002756,永兴材料,2025-09-25 10:09:09,34.81,8900,34.82,D
sz002756,永兴材料,2025-09-25 10:10:03,34.82,9900,34.83,D
sz002756,永兴材料,2025-09-25 10:10:42,34.82,5800,34.83,D
sz002756,永兴材料,2025-09-25 10:10:51,34.83,7600,34.81,U
sz002756,永兴材料,2025-09-25 10:12:45,34.83,24100,34.84,D
sz002756,永兴材料,2025-09-25 10:13:06,34.86,10100,34.85,U
sz002756,永兴材料,2025-09-25 10:13:09,34.87,19900,34.86,U
sz002756,永兴材料,2025-09-25 10:13:42,34.9,7200,34.91,D
sz002756,永兴材料,2025-09-25 10:14:06,34.93,7100,34.94,E
sz002756,永兴材料,2025-09-25 10:15:06,34.96,9200,34.95,U
sz002756,永兴材料,2025-09-25 10:15:12,35.0,13500,34.99,U
sz002756,永兴材料,2025-09-25 10:15:33,35.01,9000,34.99,U
sz002756,永兴材料,2025-09-25 10:18:42,34.95,7500,34.95,D
sz002756,永兴材料,2025-09-25 10:18:45,34.97,49800,34.95,U
sz002756,永兴材料,2025-09-25 10:19:03,34.93,33500,34.95,D
sz002756,永兴材料,2025-09-25 10:19:06,34.91,22100,34.93,D
sz002756,永兴材料,2025-09-25 10:20:15,34.92,11200,34.9,U
sz002756,永兴材料,2025-09-25 10:21:33,34.94,6400,34.92,U
sz002756,永兴材料,2025-09-25 10:22:03,34.99,7200,34.97,U
sz002756,永兴材料,2025-09-25 10:22:21,35.01,6000,35.0,U
sz002756,永兴材料,2025-09-25 10:23:33,35.07,16800,35.07,D
sz002756,永兴材料,2025-09-25 10:27:48,35.0,38300,35.03,D
sz002756,永兴材料,2025-09-25 10:29:00,34.98,5900,34.97,U
sz002756,永兴材料,2025-09-25 10:29:24,35.0,7600,35.0,D
sz002756,永兴材料,2025-09-25 10:31:06,35.03,7800,35.04,D
sz002756,永兴材料,2025-09-25 10:32:54,34.99,16800,35.02,D
sz002756,永兴材料,2025-09-25 10:34:42,34.99,10400,35.01,D
sz002756,永兴材料,2025-09-25 10:36:30,35.0,16200,34.99,U
sz002756,永兴材料,2025-09-25 10:37:15,35.0,7500,35.0,D
sz002756,永兴材料,2025-09-25 10:37:24,34.98,8300,34.99,D
sz002756,永兴材料,2025-09-25 10:39:51,34.98,6200,34.96,U
sz002756,永兴材料,2025-09-25 10:40:12,34.96,7100,34.99,D
sz002756,永兴材料,2025-09-25 10:41:51,34.87,10100,34.87,U
sz002756,永兴材料,2025-09-25 10:42:18,34.86,16800,34.87,D
sz002756,永兴材料,2025-09-25 10:42:24,34.88,7800,34.86,U
sz002756,永兴材料,2025-09-25 10:42:30,34.88,12600,34.88,U
sz002756,永兴材料,2025-09-25 10:43:57,34.9,13900,34.89,U
sz002756,永兴材料,2025-09-25 10:44:03,34.91,9100,34.9,U
sz002756,永兴材料,2025-09-25 10:45:27,34.92,12200,34.93,D
sz002756,永兴材料,2025-09-25 10:46:03,34.94,8900,34.94,U
sz002756,永兴材料,2025-09-25 10:46:06,34.95,11100,34.94,U
sz002756,永兴材料,2025-09-25 10:47:45,34.92,10000,34.93,D
sz002756,永兴材料,2025-09-25 10:50:39,34.9,6200,34.91,D
sz002756,永兴材料,2025-09-25 10:54:18,34.99,11100,34.96,U
sz002756,永兴材料,2025-09-25 10:54:21,35.02,16900,34.99,U
sz002756,永兴材料,2025-09-25 10:55:15,34.98,6000,34.97,D
sz002756,永兴材料,2025-09-25 10:55:18,35.0,6600,34.98,U
sz002756,永兴材料,2025-09-25 10:55:57,35.02,6700,35.02,U
sz002756,永兴材料,2025-09-25 10:56:03,35.06,10800,35.04,U
sz002756,永兴材料,2025-09-25 10:56:06,35.08,7100,35.06,U
sz002756,永兴材料,2025-09-25 10:56:45,35.06,10100,35.09,D
sz002756,永兴材料,2025-09-25 10:57:48,35.04,12200,35.0,U
sz002756,永兴材料,2025-09-25 10:57:54,35.01,6600,35.02,D
sz002756,永兴材料,2025-09-25 10:59:03,35.03,7000,35.05,D
sz002756,永兴材料,2025-09-25 11:00:00,35.05,9300,35.05,U
sz002756,永兴材料,2025-09-25 11:00:06,35.06,12500,35.05,U
sz002756,永兴材料,2025-09-25 11:00:42,35.07,6300,35.06,U
sz002756,永兴材料,2025-09-25 11:01:12,35.14,45200,35.08,U
sz002756,永兴材料,2025-09-25 11:02:00,35.17,6000,35.17,U
sz002756,永兴材料,2025-09-25 11:02:18,35.16,6900,35.16,D
sz002756,永兴材料,2025-09-25 11:02:24,35.15,6700,35.15,D
sz002756,永兴材料,2025-09-25 11:03:00,35.19,54700,35.13,U
sz002756,永兴材料,2025-09-25 11:03:06,35.2,13200,35.2,U
sz002756,永兴材料,2025-09-25 11:03:21,35.2,6200,35.2,U
sz002756,永兴材料,2025-09-25 11:03:33,35.2,9600,35.2,D
sz002756,永兴材料,2025-09-25 11:03:36,35.22,15466,35.2,U
sz002756,永兴材料,2025-09-25 11:03:39,35.26,20800,35.22,U
sz002756,永兴材料,2025-09-25 11:03:57,35.24,52400,35.25,E
sz002756,永兴材料,2025-09-25 11:04:27,35.19,22800,35.22,D
sz002756,永兴材料,2025-09-25 11:04:30,35.24,50400,35.19,U
sz002756,永兴材料,2025-09-25 11:04:57,35.24,55900,35.23,U
sz002756,永兴材料,2025-09-25 11:05:03,35.21,6600,35.21,D
sz002756,永兴材料,2025-09-25 11:05:06,35.25,7090,35.21,U
sz002756,永兴材料,2025-09-25 11:05:09,35.24,10910,35.25,D
sz002756,永兴材料,2025-09-25 11:05:12,35.24,8800,35.24,U
sz002756,永兴材料,2025-09-25 11:05:24,35.23,5900,35.25,D
sz002756,永兴材料,2025-09-25 11:05:36,35.22,13810,35.23,D
sz002756,永兴材料,2025-09-25 11:05:48,35.22,32300,35.22,U
sz002756,永兴材料,2025-09-25 11:05:51,35.2,10700,35.22,D
sz002756,永兴材料,2025-09-25 11:06:18,35.24,6600,35.24,D
sz002756,永兴材料,2025-09-25 11:06:27,35.24,10300,35.25,D
sz002756,永兴材料,2025-09-25 11:06:30,35.24,27700,35.24,D
sz002756,永兴材料,2025-09-25 11:06:36,35.24,14200,35.24,U
sz002756,永兴材料,2025-09-25 11:06:39,35.24,6000,35.24,U
sz002756,永兴材料,2025-09-25 11:06:57,35.23,8000,35.22,U
sz002756,永兴材料,2025-09-25 11:07:15,35.23,8600,35.22,U
sz002756,永兴材料,2025-09-25 11:07:27,35.25,57800,35.23,U
sz002756,永兴材料,2025-09-25 11:08:06,35.24,7800,35.25,D
sz002756,永兴材料,2025-09-25 11:08:45,35.23,21800,35.22,U
sz002756,永兴材料,2025-09-25 11:09:00,35.26,46200,35.23,U
sz002756,永兴材料,2025-09-25 11:09:03,35.27,19900,35.26,U
sz002756,永兴材料,2025-09-25 11:09:18,35.27,9800,35.28,D
sz002756,永兴材料,2025-09-25 11:09:36,35.27,8400,35.28,D
sz002756,永兴材料,2025-09-25 11:09:54,35.27,6800,35.26,U
sz002756,永兴材料,2025-09-25 11:09:57,35.26,6000,35.27,D
sz002756,永兴材料,2025-09-25 11:10:00,35.27,7700,35.26,U
sz002756,永兴材料,2025-09-25 11:10:30,35.25,6200,35.24,U
sz002756,永兴材料,2025-09-25 11:10:39,35.25,5800,35.25,D
sz002756,永兴材料,2025-09-25 11:10:42,35.29,102030,35.25,U
sz002756,永兴材料,2025-09-25 11:10:45,35.3,13600,35.29,U
sz002756,永兴材料,2025-09-25 11:10:54,35.3,20300,35.29,U
sz002756,永兴材料,2025-09-25 11:11:06,35.3,10200,35.3,U
sz002756,永兴材料,2025-09-25 11:11:09,35.3,7100,35.3,U
sz002756,永兴材料,2025-09-25 11:11:18,35.29,6600,35.29,D
sz002756,永兴材料,2025-09-25 11:12:00,35.29,8900,35.29,U
sz002756,永兴材料,2025-09-25 11:12:06,35.29,11700,35.29,U
sz002756,永兴材料,2025-09-25 11:12:21,35.28,6700,35.29,D
sz002756,永兴材料,2025-09-25 11:12:45,35.31,88700,35.28,U
sz002756,永兴材料,2025-09-25 11:14:00,35.28,10900,35.28,D
sz002756,永兴材料,2025-09-25 11:15:12,35.27,19400,35.27,D
sz002756,永兴材料,2025-09-25 11:15:39,35.25,8200,35.22,U
sz002756,永兴材料,2025-09-25 11:16:00,35.21,6100,35.24,D
sz002756,永兴材料,2025-09-25 11:16:54,35.2,7300,35.21,D
sz002756,永兴材料,2025-09-25 11:17:09,35.15,7500,35.18,D
sz002756,永兴材料,2025-09-25 11:17:30,35.16,6300,35.16,U
sz002756,永兴材料,2025-09-25 11:18:03,35.2,11800,35.18,U
sz002756,永兴材料,2025-09-25 11:19:09,35.23,23400,35.22,U
sz002756,永兴材料,2025-09-25 11:19:21,35.28,6000,35.26,U
sz002756,永兴材料,2025-09-25 11:21:33,35.24,6400,35.25,D
sz002756,永兴材料,2025-09-25 11:23:27,35.24,7700,35.24,U
sz002756,永兴材料,2025-09-25 11:23:36,35.23,5800,35.23,U
sz002756,永兴材料,2025-09-25 11:23:45,35.24,9100,35.24,U
sz002756,永兴材料,2025-09-25 11:24:03,35.26,11700,35.24,U
sz002756,永兴材料,2025-09-25 11:24:06,35.26,31400,35.26,U
sz002756,永兴材料,2025-09-25 11:24:09,35.27,7100,35.26,U
sz002756,永兴材料,2025-09-25 11:24:12,35.24,7500,35.27,D
sz002756,永兴材料,2025-09-25 11:24:15,35.28,6200,35.24,U
sz002756,永兴材料,2025-09-25 11:24:18,35.28,11800,35.28,U
sz002756,永兴材料,2025-09-25 11:24:21,35.27,8100,35.28,D
sz002756,永兴材料,2025-09-25 11:24:24,35.32,150630,35.27,U
sz002756,永兴材料,2025-09-25 11:24:27,35.33,9300,35.32,U
sz002756,永兴材料,2025-09-25 11:24:30,35.29,8600,35.33,D
sz002756,永兴材料,2025-09-25 11:24:39,35.3,6000,35.29,D
sz002756,永兴材料,2025-09-25 11:24:42,35.28,6700,35.3,D
sz002756,永兴材料,2025-09-25 11:25:48,35.31,13800,35.32,D
sz002756,永兴材料,2025-09-25 11:25:51,35.32,40200,35.31,U
sz002756,永兴材料,2025-09-25 11:26:21,35.33,8000,35.32,U
sz002756,永兴材料,2025-09-25 11:26:42,35.31,5700,35.32,D
sz002756,永兴材料,2025-09-25 11:26:48,35.31,15000,35.33,D
sz002756,永兴材料,2025-09-25 11:27:21,35.32,6800,35.32,U
sz002756,永兴材料,2025-09-25 11:27:27,35.27,14300,35.29,D
sz002756,永兴材料,2025-09-25 11:27:39,35.24,21200,35.28,D
sz002756,永兴材料,2025-09-25 11:29:03,35.25,5700,35.27,D
sz002756,永兴材料,2025-09-25 11:29:12,35.25,17000,35.28,D
sz002756,永兴材料,2025-09-25 13:00:00,35.26,12900,35.26,D
sz002756,永兴材料,2025-09-25 13:00:03,35.24,13500,35.26,D
sz002756,永兴材料,2025-09-25 13:00:06,35.26,32900,35.24,U
sz002756,永兴材料,2025-09-25 13:00:36,35.23,13500,35.24,D
sz002756,永兴材料,2025-09-25 13:01:54,35.23,38000,35.22,U
sz002756,永兴材料,2025-09-25 13:02:09,35.25,7000,35.28,D
sz002756,永兴材料,2025-09-25 13:02:24,35.24,7900,35.28,D
sz002756,永兴材料,2025-09-25 13:02:30,35.23,6200,35.23,D
sz002756,永兴材料,2025-09-25 13:02:42,35.2,8900,35.25,D
sz002756,永兴材料,2025-09-25 13:03:03,35.18,6300,35.19,D
sz002756,永兴材料,2025-09-25 13:03:06,35.2,6000,35.18,U
sz002756,永兴材料,2025-09-25 13:03:42,35.19,7500,35.17,U
sz002756,永兴材料,2025-09-25 13:03:48,35.21,33300,35.17,U
sz002756,永兴材料,2025-09-25 13:04:09,35.2,14300,35.2,D
sz002756,永兴材料,2025-09-25 13:04:30,35.2,6200,35.2,D
sz002756,永兴材料,2025-09-25 13:05:24,35.21,7500,35.23,E
sz002756,永兴材料,2025-09-25 13:05:48,35.23,13400,35.24,E
sz002756,永兴材料,2025-09-25 13:06:06,35.22,5800,35.24,D
sz002756,永兴材料,2025-09-25 13:06:24,35.22,28300,35.21,U
sz002756,永兴材料,2025-09-25 13:06:48,35.21,10000,35.23,D
sz002756,永兴材料,2025-09-25 13:08:42,35.22,8400,35.21,U
sz002756,永兴材料,2025-09-25 13:09:45,35.21,10600,35.23,D
sz002756,永兴材料,2025-09-25 13:10:00,35.19,6100,35.2,D
sz002756,永兴材料,2025-09-25 13:10:03,35.15,9600,35.19,D
sz002756,永兴材料,2025-09-25 13:10:27,35.18,24300,35.14,U
sz002756,永兴材料,2025-09-25 13:10:45,35.14,7500,35.14,U
sz002756,永兴材料,2025-09-25 13:12:03,35.12,6900,35.13,D
sz002756,永兴材料,2025-09-25 13:12:24,35.12,6200,35.12,U
sz002756,永兴材料,2025-09-25 13:13:54,35.05,6400,35.08,D
sz002756,永兴材料,2025-09-25 13:14:12,35.04,8400,35.04,D
sz002756,永兴材料,2025-09-25 13:14:30,35.06,8300,35.06,U
sz002756,永兴材料,2025-09-25 13:14:33,35.06,9900,35.06,U
sz002756,永兴材料,2025-09-25 13:15:18,35.08,9500,35.06,U
sz002756,永兴材料,2025-09-25 13:15:21,35.08,6300,35.08,U
sz002756,永兴材料,2025-09-25 13:15:42,35.08,8300,35.08,U
sz002756,永兴材料,2025-09-25 13:16:09,35.08,15900,35.06,U
sz002756,永兴材料,2025-09-25 13:16:54,35.07,7100,35.07,U
sz002756,永兴材料,2025-09-25 13:17:33,35.05,10400,35.09,D
sz002756,永兴材料,2025-09-25 13:19:39,35.07,7000,35.06,U
sz002756,永兴材料,2025-09-25 13:19:54,35.07,7000,35.07,U
sz002756,永兴材料,2025-09-25 13:20:39,35.1,16700,35.08,U
sz002756,永兴材料,2025-09-25 13:20:42,35.1,7100,35.1,U
sz002756,永兴材料,2025-09-25 13:22:36,35.14,40300,35.14,U
sz002756,永兴材料,2025-09-25 13:24:42,35.15,7200,35.15,U
sz002756,永兴材料,2025-09-25 13:25:03,35.13,5700,35.13,U
sz002756,永兴材料,2025-09-25 13:25:24,35.13,5900,35.15,D
sz002756,永兴材料,2025-09-25 13:27:03,35.11,14500,35.14,D
sz002756,永兴材料,2025-09-25 13:27:06,35.15,27900,35.11,U
sz002756,永兴材料,2025-09-25 13:28:03,35.16,10840,35.17,D
sz002756,永兴材料,2025-09-25 13:29:15,35.16,5800,35.16,U
sz002756,永兴材料,2025-09-25 13:31:21,35.17,11300,35.15,U
sz002756,永兴材料,2025-09-25 13:31:24,35.18,35800,35.17,U
sz002756,永兴材料,2025-09-25 13:31:27,35.19,11400,35.18,U
sz002756,永兴材料,2025-09-25 13:31:30,35.19,14400,35.19,U
sz002756,永兴材料,2025-09-25 13:31:33,35.2,15800,35.19,U
sz002756,永兴材料,2025-09-25 13:31:39,35.2,8100,35.2,U
sz002756,永兴材料,2025-09-25 13:31:42,35.2,7290,35.2,U
sz002756,永兴材料,2025-09-25 13:32:12,35.19,7900,35.21,D
sz002756,永兴材料,2025-09-25 13:32:15,35.2,5700,35.19,E
sz002756,永兴材料,2025-09-25 13:32:33,35.17,6000,35.2,D
sz002756,永兴材料,2025-09-25 13:33:54,35.09,12900,35.11,D
sz002756,永兴材料,2025-09-25 13:35:03,35.14,9100,35.13,U
sz002756,永兴材料,2025-09-25 13:35:09,35.17,22500,35.15,U
sz002756,永兴材料,2025-09-25 13:37:45,35.2,7400,35.18,U
sz002756,永兴材料,2025-09-25 13:39:48,35.2,9200,35.2,U
sz002756,永兴材料,2025-09-25 13:41:00,35.22,7000,35.23,D
sz002756,永兴材料,2025-09-25 13:41:51,35.21,6300,35.22,D
sz002756,永兴材料,2025-09-25 13:41:57,35.22,18730,35.21,U
sz002756,永兴材料,2025-09-25 13:42:33,35.24,10200,35.21,U
sz002756,永兴材料,2025-09-25 13:42:45,35.2,7170,35.23,D
sz002756,永兴材料,2025-09-25 13:42:48,35.2,12500,35.2,U
sz002756,永兴材料,2025-09-25 13:42:51,35.23,5730,35.2,U
sz002756,永兴材料,2025-09-25 13:43:06,35.21,7800,35.2,U
sz002756,永兴材料,2025-09-25 13:45:06,35.22,6900,35.24,D
sz002756,永兴材料,2025-09-25 13:45:42,35.24,5700,35.23,U
sz002756,永兴材料,2025-09-25 13:46:06,35.23,7800,35.24,D
sz002756,永兴材料,2025-09-25 13:46:18,35.21,6100,35.22,D
sz002756,永兴材料,2025-09-25 13:47:03,35.25,28960,35.23,U
sz002756,永兴材料,2025-09-25 13:47:06,35.25,6800,35.25,U
sz002756,永兴材料,2025-09-25 13:47:24,35.24,6000,35.25,D
sz002756,永兴材料,2025-09-25 13:49:18,35.24,9100,35.23,U
sz002756,永兴材料,2025-09-25 13:50:27,35.23,16000,35.24,D
sz002756,永兴材料,2025-09-25 13:51:03,35.22,9500,35.23,D
sz002756,永兴材料,2025-09-25 13:51:18,35.22,9400,35.22,D
sz002756,永兴材料,2025-09-25 13:51:45,35.2,13400,35.21,D
sz002756,永兴材料,2025-09-25 13:52:06,35.2,15500,35.18,U
sz002756,永兴材料,2025-09-25 13:53:54,35.24,5700,35.24,U
sz002756,永兴材料,2025-09-25 13:55:45,35.2,8700,35.2,U
sz002756,永兴材料,2025-09-25 13:56:03,35.2,6900,35.2,D
sz002756,永兴材料,2025-09-25 14:00:42,35.24,16500,35.24,U
sz002756,永兴材料,2025-09-25 14:00:45,35.24,6400,35.24,U
sz002756,永兴材料,2025-09-25 14:00:48,35.23,10200,35.24,D
sz002756,永兴材料,2025-09-25 14:00:51,35.25,6700,35.23,U
sz002756,永兴材料,2025-09-25 14:01:00,35.25,8300,35.25,U
sz002756,永兴材料,2025-09-25 14:01:27,35.25,8700,35.24,U
sz002756,永兴材料,2025-09-25 14:02:54,35.25,15000,35.24,E
sz002756,永兴材料,2025-09-25 14:03:54,35.24,13300,35.26,E
sz002756,永兴材料,2025-09-25 14:04:09,35.24,7500,35.24,D
sz002756,永兴材料,2025-09-25 14:04:51,35.24,6100,35.24,D
sz002756,永兴材料,2025-09-25 14:13:54,35.26,5800,35.25,U
sz002756,永兴材料,2025-09-25 14:14:03,35.26,5900,35.24,U
sz002756,永兴材料,2025-09-25 14:14:39,35.27,8990,35.25,U
sz002756,永兴材料,2025-09-25 14:17:15,35.26,18200,35.26,D
sz002756,永兴材料,2025-09-25 14:17:18,35.25,14000,35.26,D
sz002756,永兴材料,2025-09-25 14:18:00,35.24,6600,35.24,D
sz002756,永兴材料,2025-09-25 14:20:09,35.26,7100,35.25,U
sz002756,永兴材料,2025-09-25 14:21:36,35.26,7900,35.27,D
sz002756,永兴材料,2025-09-25 14:22:06,35.26,7356,35.27,D
sz002756,永兴材料,2025-09-25 14:22:21,35.28,8200,35.27,U
sz002756,永兴材料,2025-09-25 14:25:09,35.28,8200,35.28,U
sz002756,永兴材料,2025-09-25 14:25:12,35.27,7600,35.28,D
sz002756,永兴材料,2025-09-25 14:25:27,35.27,25900,35.28,D
sz002756,永兴材料,2025-09-25 14:26:09,35.31,77800,35.3,U
sz002756,永兴材料,2025-09-25 14:26:12,35.31,6600,35.31,U
sz002756,永兴材料,2025-09-25 14:26:39,35.33,5900,35.33,U
sz002756,永兴材料,2025-09-25 14:27:00,35.34,21000,35.33,U
sz002756,永兴材料,2025-09-25 14:27:06,35.35,6100,35.34,U
sz002756,永兴材料,2025-09-25 14:27:18,35.35,12600,35.35,U
sz002756,永兴材料,2025-09-25 14:27:30,35.34,6100,35.35,D
sz002756,永兴材料,2025-09-25 14:27:54,35.34,12800,35.34,U
sz002756,永兴材料,2025-09-25 14:28:00,35.34,13000,35.34,D
sz002756,永兴材料,2025-09-25 14:28:30,35.35,22500,35.35,U
sz002756,永兴材料,2025-09-25 14:28:48,35.34,9800,35.35,D
sz002756,永兴材料,2025-09-25 14:28:51,35.34,11600,35.34,D
sz002756,永兴材料,2025-09-25 14:29:21,35.33,16900,35.35,D
sz002756,永兴材料,2025-09-25 14:29:42,35.35,31300,35.35,D
sz002756,永兴材料,2025-09-25 14:30:03,35.36,51000,35.34,U
sz002756,永兴材料,2025-09-25 14:30:18,35.37,9200,35.37,U
sz002756,永兴材料,2025-09-25 14:30:21,35.38,17500,35.37,U
sz002756,永兴材料,2025-09-25 14:30:51,35.38,10600,35.38,U
sz002756,永兴材料,2025-09-25 14:31:36,35.38,6400,35.37,U
sz002756,永兴材料,2025-09-25 14:32:15,35.31,29200,35.38,D
sz002756,永兴材料,2025-09-25 14:32:24,35.34,6700,35.31,U
sz002756,永兴材料,2025-09-25 14:32:42,35.36,5800,35.35,U
sz002756,永兴材料,2025-09-25 14:33:00,35.34,12550,35.33,U
sz002756,永兴材料,2025-09-25 14:33:36,35.36,9500,35.32,U
sz002756,永兴材料,2025-09-25 14:34:42,35.35,6600,35.36,D
sz002756,永兴材料,2025-09-25 14:35:24,35.36,7600,35.35,U
sz002756,永兴材料,2025-09-25 14:36:09,35.34,8300,35.34,D
sz002756,永兴材料,2025-09-25 14:36:21,35.32,10500,35.35,D
sz002756,永兴材料,2025-09-25 14:36:39,35.31,10700,35.32,D
sz002756,永兴材料,2025-09-25 14:37:00,35.3,6370,35.29,U
sz002756,永兴材料,2025-09-25 14:37:09,35.29,11400,35.29,E
sz002756,永兴材料,2025-09-25 14:38:09,35.28,6900,35.29,D
sz002756,永兴材料,2025-09-25 14:38:45,35.28,8100,35.28,D
sz002756,永兴材料,2025-09-25 14:41:00,35.27,13500,35.29,D
sz002756,永兴材料,2025-09-25 14:41:06,35.26,5700,35.27,D
sz002756,永兴材料,2025-09-25 14:41:36,35.26,8300,35.26,D
sz002756,永兴材料,2025-09-25 14:41:57,35.25,6700,35.26,D
sz002756,永兴材料,2025-09-25 14:42:00,35.25,5800,35.25,U
sz002756,永兴材料,2025-09-25 14:42:27,35.24,10100,35.24,D
sz002756,永兴材料,2025-09-25 14:45:03,35.24,6500,35.24,D
sz002756,永兴材料,2025-09-25 14:45:42,35.24,6000,35.24,U
sz002756,永兴材料,2025-09-25 14:46:03,35.24,11100,35.24,U
sz002756,永兴材料,2025-09-25 14:46:45,35.24,6700,35.25,D
sz002756,永兴材料,2025-09-25 14:47:09,35.23,9700,35.25,D
sz002756,永兴材料,2025-09-25 14:47:21,35.25,6600,35.25,U
sz002756,永兴材料,2025-09-25 14:47:33,35.23,10100,35.23,D
sz002756,永兴材料,2025-09-25 14:48:12,35.26,5900,35.23,U
sz002756,永兴材料,2025-09-25 14:48:21,35.26,8400,35.24,U
sz002756,永兴材料,2025-09-25 14:48:27,35.24,8200,35.26,D
sz002756,永兴材料,2025-09-25 14:48:39,35.24,8320,35.26,D
sz002756,永兴材料,2025-09-25 14:48:48,35.25,10600,35.27,D
sz002756,永兴材料,2025-09-25 14:49:30,35.27,6200,35.27,U
sz002756,永兴材料,2025-09-25 14:49:33,35.25,11200,35.27,D
sz002756,永兴材料,2025-09-25 14:50:06,35.26,10200,35.27,D
sz002756,永兴材料,2025-09-25 14:50:09,35.26,6100,35.26,D
sz002756,永兴材料,2025-09-25 14:50:18,35.26,5700,35.26,D
sz002756,永兴材料,2025-09-25 14:51:09,35.25,6600,35.26,D
sz002756,永兴材料,2025-09-25 14:51:51,35.25,19500,35.27,D
sz002756,永兴材料,2025-09-25 14:52:12,35.24,12500,35.25,D
sz002756,永兴材料,2025-09-25 14:52:45,35.24,6300,35.24,U
sz002756,永兴材料,2025-09-25 14:52:48,35.26,19500,35.24,U
sz002756,永兴材料,2025-09-25 14:52:51,35.27,9900,35.26,U
sz002756,永兴材料,2025-09-25 14:53:03,35.26,6500,35.26,U
sz002756,永兴材料,2025-09-25 14:54:00,35.25,41500,35.27,D
sz002756,永兴材料,2025-09-25 14:54:03,35.26,7200,35.25,U
sz002756,永兴材料,2025-09-25 14:54:45,35.27,10200,35.27,U
sz002756,永兴材料,2025-09-25 14:54:51,35.26,15000,35.27,D
sz002756,永兴材料,2025-09-25 14:55:36,35.26,22900,35.26,U
sz002756,永兴材料,2025-09-25 14:55:45,35.24,7000,35.25,D
sz002756,永兴材料,2025-09-25 14:55:48,35.24,15000,35.24,D
sz002756,永兴材料,2025-09-25 14:55:51,35.23,9800,35.24,D
sz002756,永兴材料,2025-09-25 14:56:33,35.25,14900,35.25,U
sz002756,永兴材料,2025-09-25 14:57:00,35.29,86370,35.23,U
sz002756,永兴材料,2025-09-25 15:00:00,35.29,256300,35.29,U
