symbol,name,ticktime,price,volume,prev_price,kind
sz002756,永兴材料,2025-09-24 09:25:00,33.52,16300,0.0,D
sz002756,永兴材料,2025-09-24 09:30:03,33.37,12600,33.5,D
sz002756,永兴材料,2025-09-24 09:30:12,33.44,8900,33.45,E
sz002756,永兴材料,2025-09-24 09:30:48,33.55,57200,33.46,U
sz002756,永兴材料,2025-09-24 09:30:51,33.56,9000,33.55,U
sz002756,永兴材料,2025-09-24 09:30:57,33.61,19700,33.59,U
sz002756,永兴材料,2025-09-24 09:31:06,33.55,35000,33.64,D
sz002756,永兴材料,2025-09-24 09:31:57,33.55,6000,33.52,U
sz002756,永兴材料,2025-09-24 09:32:18,33.56,6600,33.59,D
sz002756,永兴材料,2025-09-24 09:32:42,33.62,6300,33.62,U
sz002756,永兴材料,2025-09-24 09:32:48,33.65,22000,33.62,U
sz002756,永兴材料,2025-09-24 09:33:27,33.78,6600,33.78,U
sz002756,永兴材料,2025-09-24 09:34:03,33.79,24800,33.77,U
sz002756,永兴材料,2025-09-24 09:34:06,33.8,9100,33.79,U
sz002756,永兴材料,2025-09-24 09:34:12,33.81,6500,33.81,U
sz002756,永兴材料,2025-09-24 09:34:15,33.83,11600,33.81,U
sz002756,永兴材料,2025-09-24 09:34:27,33.88,13700,33.87,U
sz002756,永兴材料,2025-09-24 09:35:42,33.87,55200,33.84,U
sz002756,永兴材料,2025-09-24 09:35:45,33.89,6200,33.87,E
sz002756,永兴材料,2025-09-24 09:35:57,33.93,19000,33.94,U
sz002756,永兴材料,2025-09-24 09:36:03,33.93,10000,33.92,E
sz002756,永兴材料,2025-09-24 09:36:27,33.91,59700,33.93,D
sz002756,永兴材料,2025-09-24 09:36:51,33.93,61930,33.88,U
sz002756,永兴材料,2025-09-24 09:36:54,33.93,7800,33.93,U
sz002756,永兴材料,2025-09-24 09:37:03,33.93,11600,33.93,E
sz002756,永兴材料,2025-09-24 09:37:15,33.94,15400,33.95,E
sz002756,永兴材料,2025-09-24 09:37:33,33.93,8900,33.9,U
sz002756,永兴材料,2025-09-24 09:37:48,33.94,10800,33.95,D
sz002756,永兴材料,2025-09-24 09:37:57,33.96,21500,33.95,U
sz002756,永兴材料,2025-09-24 09:38:00,33.98,9300,33.96,U
sz002756,永兴材料,2025-09-24 09:38:03,33.97,16900,33.98,E
sz002756,永兴材料,2025-09-24 09:38:09,33.99,19100,33.98,U
sz002756,永兴材料,2025-09-24 09:38:18,34.0,12100,33.98,U
sz002756,永兴材料,2025-09-24 09:38:39,33.95,8100,33.96,D
sz002756,永兴材料,2025-09-24 09:38:48,33.91,5900,33.94,D
sz002756,永兴材料,2025-09-24 09:39:03,33.88,6000,33.91,D
sz002756,永兴材料,2025-09-24 09:39:30,33.84,9500,33.87,D
sz002756,永兴材料,2025-09-24 09:40:12,33.85,6000,33.84,E
sz002756,永兴材料,2025-09-24 09:41:03,33.82,11500,33.86,D
sz002756,永兴材料,2025-09-24 09:41:06,33.8,13700,33.82,D
sz002756,永兴材料,2025-09-24 09:41:15,33.86,22600,33.82,U
sz002756,永兴材料,2025-09-24 09:41:48,33.84,21600,33.84,D
sz002756,永兴材料,2025-09-24 09:43:06,33.81,15300,33.8,U
sz002756,永兴材料,2025-09-24 09:44:42,33.7,57200,33.71,D
sz002756,永兴材料,2025-09-24 09:46:45,33.69,13300,33.7,D
sz002756,永兴材料,2025-09-24 09:46:54,33.7,10400,33.68,U
sz002756,永兴材料,2025-09-24 09:47:33,33.72,7600,33.71,U
sz002756,永兴材料,2025-09-24 09:47:42,33.7,8500,33.7,D
sz002756,永兴材料,2025-09-24 09:47:54,33.69,7800,33.7,D
sz002756,永兴材料,2025-09-24 09:48:12,33.71,9500,33.69,U
sz002756,永兴材料,2025-09-24 09:48:15,33.75,217300,33.71,U
sz002756,永兴材料,2025-09-24 09:49:12,33.78,15100,33.8,D
sz002756,永兴材料,2025-09-24 09:49:15,33.78,6100,33.78,E
sz002756,永兴材料,2025-09-24 09:49:18,33.79,6800,33.78,U
sz002756,永兴材料,2025-09-24 09:49:48,33.77,20800,33.79,D
sz002756,永兴材料,2025-09-24 09:49:54,33.76,8800,33.77,D
sz002756,永兴材料,2025-09-24 09:50:03,33.75,13350,33.76,D
sz002756,永兴材料,2025-09-24 09:50:06,33.76,7150,33.75,U
sz002756,永兴材料,2025-09-24 09:50:24,33.73,29000,33.72,E
sz002756,永兴材料,2025-09-24 09:50:27,33.71,44800,33.73,D
sz002756,永兴材料,2025-09-24 09:50:45,33.7,13600,33.71,D
sz002756,永兴材料,2025-09-24 09:51:00,33.76,52700,33.71,U
sz002756,永兴材料,2025-09-24 09:52:03,33.77,10400,33.77,D
sz002756,永兴材料,2025-09-24 09:53:00,33.77,17400,33.79,D
sz002756,永兴材料,2025-09-24 09:53:21,33.74,9670,33.77,D
sz002756,永兴材料,2025-09-24 09:53:42,33.7,23200,33.74,D
sz002756,永兴材料,2025-09-24 09:55:15,33.78,14810,33.78,D
sz002756,永兴材料,2025-09-24 09:56:51,33.77,8100,33.78,D
sz002756,永兴材料,2025-09-24 09:57:18,33.8,38980,33.77,U
sz002756,永兴材料,2025-09-24 09:57:54,33.84,7200,33.84,U
sz002756,永兴材料,2025-09-24 09:58:18,33.88,8200,33.85,U
sz002756,永兴材料,2025-09-24 09:59:54,33.86,6100,33.84,U
sz002756,永兴材料,2025-09-24 10:00:48,33.8,10900,33.81,D
sz002756,永兴材料,2025-09-24 10:01:42,33.76,6200,33.77,D
sz002756,永兴材料,2025-09-24 10:04:03,33.69,20700,33.72,D
sz002756,永兴材料,2025-09-24 10:04:06,33.68,8500,33.69,D
sz002756,永兴材料,2025-09-24 10:04:09,33.68,9300,33.68,D
sz002756,永兴材料,2025-09-24 10:04:18,33.66,7000,33.68,D
sz002756,永兴材料,2025-09-24 10:04:33,33.67,6900,33.65,U
sz002756,永兴材料,2025-09-24 10:05:15,33.69,6300,33.68,U
sz002756,永兴材料,2025-09-24 10:06:06,33.68,9800,33.65,U
sz002756,永兴材料,2025-09-24 10:07:27,33.65,9900,33.66,D
sz002756,永兴材料,2025-09-24 10:10:03,33.62,6600,33.63,D
sz002756,永兴材料,2025-09-24 10:11:06,33.58,6800,33.59,D
sz002756,永兴材料,2025-09-24 10:12:03,33.6,8100,33.58,U
sz002756,永兴材料,2025-09-24 10:12:54,33.61,6900,33.61,U
sz002756,永兴材料,2025-09-24 10:13:15,33.62,12700,33.61,U
sz002756,永兴材料,2025-09-24 10:13:42,33.61,6000,33.62,D
sz002756,永兴材料,2025-09-24 10:13:45,33.61,10100,33.61,D
sz002756,永兴材料,2025-09-24 10:13:48,33.61,8800,33.61,D
sz002756,永兴材料,2025-09-24 10:16:09,33.59,17600,33.6,D
sz002756,永兴材料,2025-09-24 10:18:30,33.65,8600,33.66,D
sz002756,永兴材料,2025-09-24 10:18:42,33.66,11000,33.65,U
sz002756,永兴材料,2025-09-24 10:19:30,33.66,10500,33.72,D
sz002756,永兴材料,2025-09-24 10:20:39,33.65,7800,33.65,D
sz002756,永兴材料,2025-09-24 10:27:15,33.58,15900,33.57,U
sz002756,永兴材料,2025-09-24 10:29:00,33.58,9000,33.59,D
sz002756,永兴材料,2025-09-24 10:31:42,33.6,8300,33.61,D
sz002756,永兴材料,2025-09-24 10:32:39,33.62,18800,33.6,U
sz002756,永兴材料,2025-09-24 10:33:54,33.65,13900,33.63,U
sz002756,永兴材料,2025-09-24 10:34:39,33.66,7900,33.67,D
sz002756,永兴材料,2025-09-24 10:40:54,33.64,6000,33.63,U
sz002756,永兴材料,2025-09-24 10:40:57,33.63,19200,33.64,D
sz002756,永兴材料,2025-09-24 10:42:15,33.62,11300,33.63,D
sz002756,永兴材料,2025-09-24 10:44:03,33.62,18300,33.59,U
sz002756,永兴材料,2025-09-24 10:46:12,33.67,23590,33.64,U
sz002756,永兴材料,2025-09-24 10:48:06,33.68,7800,33.68,U
sz002756,永兴材料,2025-09-24 10:48:57,33.72,19800,33.68,U
sz002756,永兴材料,2025-09-24 10:51:03,33.74,9100,33.73,U
sz002756,永兴材料,2025-09-24 10:52:09,33.78,35200,33.74,U
sz002756,永兴材料,2025-09-24 10:53:00,33.84,9700,33.79,U
sz002756,永兴材料,2025-09-24 10:59:57,33.85,9300,33.84,U
sz002756,永兴材料,2025-09-24 11:02:00,33.86,11200,33.84,U
sz002756,永兴材料,2025-09-24 11:02:12,33.87,7900,33.88,D
sz002756,永兴材料,2025-09-24 11:05:57,33.83,8100,33.84,D
sz002756,永兴材料,2025-09-24 11:08:45,33.84,31100,33.82,U
sz002756,永兴材料,2025-09-24 11:09:21,33.82,7300,33.85,D
sz002756,永兴材料,2025-09-24 11:10:12,33.9,53000,33.85,U
sz002756,永兴材料,2025-09-24 11:10:57,33.9,6100,33.9,D
sz002756,永兴材料,2025-09-24 11:11:24,33.9,9200,33.9,E
sz002756,永兴材料,2025-09-24 11:18:48,33.82,9400,33.83,D
sz002756,永兴材料,2025-09-24 11:18:51,33.81,8000,33.82,D
sz002756,永兴材料,2025-09-24 11:20:09,33.88,6900,33.86,U
sz002756,永兴材料,2025-09-24 11:28:51,33.92,44900,33.89,U
sz002756,永兴材料,2025-09-24 11:28:57,33.91,6000,33.92,E
sz002756,永兴材料,2025-09-24 13:00:00,33.95,14900,33.93,U
sz002756,永兴材料,2025-09-24 13:00:03,33.94,15600,33.95,D
sz002756,永兴材料,2025-09-24 13:00:06,33.95,6000,33.94,E
sz002756,永兴材料,2025-09-24 13:00:12,33.96,10800,33.96,U
sz002756,永兴材料,2025-09-24 13:00:15,34.0,119830,33.96,U
sz002756,永兴材料,2025-09-24 13:00:18,34.06,43500,34.0,U
sz002756,永兴材料,2025-09-24 13:00:54,34.07,16400,34.07,E
sz002756,永兴材料,2025-09-24 13:01:03,34.07,12900,34.08,D
sz002756,永兴材料,2025-09-24 13:01:15,34.07,37500,34.07,E
sz002756,永兴材料,2025-09-24 13:02:21,34.06,11800,34.04,U
sz002756,永兴材料,2025-09-24 13:03:09,34.05,6612,34.04,U
sz002756,永兴材料,2025-09-24 13:03:27,34.05,7088,34.03,U
sz002756,永兴材料,2025-09-24 13:03:30,34.1,40900,34.05,U
sz002756,永兴材料,2025-09-24 13:03:42,34.12,7900,34.1,U
sz002756,永兴材料,2025-09-24 13:03:45,34.07,10500,34.12,E
sz002756,永兴材料,2025-09-24 13:04:03,34.1,8800,34.09,U
sz002756,永兴材料,2025-09-24 13:04:06,34.1,23300,34.1,D
sz002756,永兴材料,2025-09-24 13:04:39,34.09,7700,34.09,D
sz002756,永兴材料,2025-09-24 13:05:06,34.08,31200,34.07,U
sz002756,永兴材料,2025-09-24 13:05:30,34.09,9100,34.08,U
sz002756,永兴材料,2025-09-24 13:05:33,34.11,20200,34.09,U
sz002756,永兴材料,2025-09-24 13:06:00,34.11,10700,34.09,U
sz002756,永兴材料,2025-09-24 13:06:03,34.1,14300,34.11,E
sz002756,永兴材料,2025-09-24 13:06:18,34.07,9100,34.08,D
sz002756,永兴材料,2025-09-24 13:07:00,34.05,11300,34.05,D
sz002756,永兴材料,2025-09-24 13:08:06,34.02,19600,34.01,U
sz002756,永兴材料,2025-09-24 13:09:00,34.04,42800,34.0,U
sz002756,永兴材料,2025-09-24 13:09:06,34.05,7600,34.04,U
sz002756,永兴材料,2025-09-24 13:10:00,34.09,6600,34.07,U
sz002756,永兴材料,2025-09-24 13:12:12,34.02,16500,34.0,U
sz002756,永兴材料,2025-09-24 13:13:12,33.96,10400,33.96,D
sz002756,永兴材料,2025-09-24 13:13:15,33.97,44900,33.96,D
sz002756,永兴材料,2025-09-24 13:13:18,33.97,12400,33.97,U
sz002756,永兴材料,2025-09-24 13:14:00,33.99,8800,33.96,U
sz002756,永兴材料,2025-09-24 13:14:30,33.97,10000,33.99,D
sz002756,永兴材料,2025-09-24 13:14:36,34.0,7800,33.97,U
sz002756,永兴材料,2025-09-24 13:15:42,33.99,9600,34.01,D
sz002756,永兴材料,2025-09-24 13:16:00,34.02,22700,34.0,U
sz002756,永兴材料,2025-09-24 13:16:09,34.04,7000,34.03,U
sz002756,永兴材料,2025-09-24 13:16:15,34.06,13000,34.05,U
sz002756,永兴材料,2025-09-24 13:17:00,34.07,8600,34.06,U
sz002756,永兴材料,2025-09-24 13:17:06,34.06,41400,34.07,D
sz002756,永兴材料,2025-09-24 13:18:03,34.08,8400,34.08,U
sz002756,永兴材料,2025-09-24 13:18:48,34.11,48910,34.08,U
sz002756,永兴材料,2025-09-24 13:19:00,34.12,8800,34.11,U
sz002756,永兴材料,2025-09-24 13:19:03,34.12,12400,34.12,U
sz002756,永兴材料,2025-09-24 13:19:06,34.11,8000,34.12,D
sz002756,永兴材料,2025-09-24 13:19:54,34.15,53040,34.12,U
sz002756,永兴材料,2025-09-24 13:20:00,34.16,12000,34.15,U
sz002756,永兴材料,2025-09-24 13:20:03,34.18,11300,34.16,U
sz002756,永兴材料,2025-09-24 13:20:21,34.19,6600,34.18,U
sz002756,永兴材料,2025-09-24 13:20:48,34.18,6100,34.18,D
sz002756,永兴材料,2025-09-24 13:20:51,34.18,7700,34.18,D
sz002756,永兴材料,2025-09-24 13:21:21,34.16,10800,34.17,D
sz002756,永兴材料,2025-09-24 13:21:27,34.18,21800,34.17,U
sz002756,永兴材料,2025-09-24 13:21:30,34.22,31600,34.18,U
sz002756,永兴材料,2025-09-24 13:21:33,34.21,10200,34.22,E
sz002756,永兴材料,2025-09-24 13:21:39,34.24,26200,34.21,U
sz002756,永兴材料,2025-09-24 13:21:42,34.24,9800,34.24,D
sz002756,永兴材料,2025-09-24 13:21:45,34.24,9100,34.24,D
sz002756,永兴材料,2025-09-24 13:21:54,34.25,7200,34.25,D
sz002756,永兴材料,2025-09-24 13:22:00,34.23,9000,34.25,D
sz002756,永兴材料,2025-09-24 13:22:03,34.22,8200,34.23,D
sz002756,永兴材料,2025-09-24 13:22:57,34.17,28200,34.17,U
sz002756,永兴材料,2025-09-24 13:23:24,34.18,6300,34.2,D
sz002756,永兴材料,2025-09-24 13:23:30,34.15,8900,34.18,D
sz002756,永兴材料,2025-09-24 13:23:39,34.13,51000,34.17,D
sz002756,永兴材料,2025-09-24 13:24:00,34.11,9500,34.12,D
sz002756,永兴材料,2025-09-24 13:25:03,34.12,17500,34.12,U
sz002756,永兴材料,2025-09-24 13:25:06,34.13,9100,34.12,U
sz002756,永兴材料,2025-09-24 13:26:03,34.14,10900,34.15,D
sz002756,永兴材料,2025-09-24 13:26:18,34.17,11300,34.15,U
sz002756,永兴材料,2025-09-24 13:26:39,34.16,14600,34.17,D
sz002756,永兴材料,2025-09-24 13:28:18,34.19,19200,34.18,U
sz002756,永兴材料,2025-09-24 13:28:21,34.19,20000,34.19,D
sz002756,永兴材料,2025-09-24 13:30:09,34.18,13500,34.18,D
sz002756,永兴材料,2025-09-24 13:31:00,34.14,13300,34.16,D
sz002756,永兴材料,2025-09-24 13:31:45,34.15,6200,34.15,U
sz002756,永兴材料,2025-09-24 13:31:54,34.16,8100,34.14,U
sz002756,永兴材料,2025-09-24 13:32:12,34.18,15800,34.16,U
sz002756,永兴材料,2025-09-24 13:32:39,34.2,13100,34.2,U
sz002756,永兴材料,2025-09-24 13:32:51,34.23,40200,34.21,U
sz002756,永兴材料,2025-09-24 13:33:24,34.25,10300,34.24,U
sz002756,永兴材料,2025-09-24 13:33:39,34.25,14900,34.24,U
sz002756,永兴材料,2025-09-24 13:33:42,34.25,18400,34.25,U
sz002756,永兴材料,2025-09-24 13:33:45,34.29,32700,34.25,U
sz002756,永兴材料,2025-09-24 13:33:54,34.29,18000,34.29,U
sz002756,永兴材料,2025-09-24 13:34:15,34.28,6700,34.28,D
sz002756,永兴材料,2025-09-24 13:34:54,34.27,7000,34.27,D
sz002756,永兴材料,2025-09-24 13:34:57,34.27,11600,34.27,D
sz002756,永兴材料,2025-09-24 13:35:24,34.27,11100,34.26,U
sz002756,永兴材料,2025-09-24 13:35:36,34.27,12200,34.27,D
sz002756,永兴材料,2025-09-24 13:36:03,34.29,7300,34.28,U
sz002756,永兴材料,2025-09-24 13:36:09,34.33,75800,34.29,U
sz002756,永兴材料,2025-09-24 13:36:12,34.35,35700,34.33,U
sz002756,永兴材料,2025-09-24 13:36:54,34.34,8000,34.34,D
sz002756,永兴材料,2025-09-24 13:38:18,34.32,10000,34.32,D
sz002756,永兴材料,2025-09-24 13:38:39,34.3,7900,34.3,D
sz002756,永兴材料,2025-09-24 13:39:03,34.31,7900,34.29,U
sz002756,永兴材料,2025-09-24 13:39:06,34.31,10500,34.31,U
sz002756,永兴材料,2025-09-24 13:39:15,34.32,8300,34.3,U
sz002756,永兴材料,2025-09-24 13:40:54,34.34,6300,34.33,U
sz002756,永兴材料,2025-09-24 13:41:39,34.33,6200,34.32,U
sz002756,永兴材料,2025-09-24 13:41:57,34.32,6600,34.33,D
sz002756,永兴材料,2025-09-24 13:42:21,34.33,19700,34.32,U
sz002756,永兴材料,2025-09-24 13:43:45,34.33,11000,34.34,D
sz002756,永兴材料,2025-09-24 13:44:12,34.34,6800,34.33,U
sz002756,永兴材料,2025-09-24 13:44:15,34.37,45300,34.34,U
sz002756,永兴材料,2025-09-24 13:44:18,34.35,9100,34.37,D
sz002756,永兴材料,2025-09-24 13:45:18,34.37,10300,34.37,U
sz002756,永兴材料,2025-09-24 13:46:03,34.39,16803,34.38,U
sz002756,永兴材料,2025-09-24 13:46:06,34.39,7800,34.39,U
sz002756,永兴材料,2025-09-24 13:46:09,34.43,31000,34.39,U
sz002756,永兴材料,2025-09-24 13:46:15,34.42,37500,34.42,D
sz002756,永兴材料,2025-09-24 13:47:45,34.44,7000,34.43,U
sz002756,永兴材料,2025-09-24 13:48:42,34.42,21300,34.43,D
sz002756,永兴材料,2025-09-24 13:49:09,34.43,15600,34.42,U
sz002756,永兴材料,2025-09-24 13:50:00,34.42,13800,34.42,U
sz002756,永兴材料,2025-09-24 13:50:21,34.43,8300,34.43,U
sz002756,永兴材料,2025-09-24 13:50:54,34.41,16800,34.42,D
sz002756,永兴材料,2025-09-24 13:50:57,34.41,11300,34.41,D
sz002756,永兴材料,2025-09-24 13:51:15,34.41,6000,34.4,U
sz002756,永兴材料,2025-09-24 13:51:57,34.41,8700,34.41,D
sz002756,永兴材料,2025-09-24 13:52:30,34.4,10200,34.4,U
sz002756,永兴材料,2025-09-24 13:52:42,34.43,34900,34.4,U
sz002756,永兴材料,2025-09-24 13:52:45,34.42,27000,34.43,D
sz002756,永兴材料,2025-09-24 13:52:48,34.42,5900,34.42,D
sz002756,永兴材料,2025-09-24 13:53:33,34.41,14900,34.41,D
sz002756,永兴材料,2025-09-24 13:53:36,34.42,12200,34.41,U
sz002756,永兴材料,2025-09-24 13:53:42,34.42,10700,34.42,U
sz002756,永兴材料,2025-09-24 13:54:15,34.39,8700,34.39,D
sz002756,永兴材料,2025-09-24 13:54:18,34.38,6800,34.39,D
sz002756,永兴材料,2025-09-24 13:54:24,34.39,9700,34.38,U
sz002756,永兴材料,2025-09-24 13:55:54,34.39,27900,34.39,U
sz002756,永兴材料,2025-09-24 13:57:18,34.35,9900,34.35,U
sz002756,永兴材料,2025-09-24 13:57:27,34.37,20100,34.37,U
sz002756,永兴材料,2025-09-24 13:58:33,34.37,9600,34.36,U
sz002756,永兴材料,2025-09-24 13:59:30,34.3,7100,34.33,D
sz002756,永兴材料,2025-09-24 14:00:03,34.36,14900,34.33,U
sz002756,永兴材料,2025-09-24 14:00:09,34.37,6200,34.36,U
sz002756,永兴材料,2025-09-24 14:00:39,34.38,10500,34.37,U
sz002756,永兴材料,2025-09-24 14:01:06,34.39,8500,34.38,U
sz002756,永兴材料,2025-09-24 14:01:09,34.41,60100,34.39,U
sz002756,永兴材料,2025-09-24 14:01:12,34.43,14200,34.41,U
sz002756,永兴材料,2025-09-24 14:03:30,34.4,6900,34.4,U
sz002756,永兴材料,2025-09-24 14:03:51,34.38,14800,34.39,D
sz002756,永兴材料,2025-09-24 14:04:42,34.38,8500,34.39,D
sz002756,永兴材料,2025-09-24 14:05:21,34.36,11300,34.37,D
sz002756,永兴材料,2025-09-24 14:06:21,34.41,11400,34.4,U
sz002756,永兴材料,2025-09-24 14:10:30,34.38,16000,34.36,U
sz002756,永兴材料,2025-09-24 14:11:15,34.38,26800,34.36,U
sz002756,永兴材料,2025-09-24 14:11:18,34.38,7700,34.38,D
sz002756,永兴材料,2025-09-24 14:12:18,34.4,14000,34.39,U
sz002756,永兴材料,2025-09-24 14:12:21,34.4,8800,34.4,U
sz002756,永兴材料,2025-09-24 14:12:24,34.4,16000,34.4,U
sz002756,永兴材料,2025-09-24 14:12:27,34.4,10700,34.4,U
sz002756,永兴材料,2025-09-24 14:13:57,34.4,6100,34.4,D
sz002756,永兴材料,2025-09-24 14:18:48,34.39,7700,34.4,D
sz002756,永兴材料,2025-09-24 14:21:30,34.43,83555,34.39,U
sz002756,永兴材料,2025-09-24 14:21:33,34.43,7300,34.43,U
sz002756,永兴材料,2025-09-24 14:21:39,34.42,8400,34.43,D
sz002756,永兴材料,2025-09-24 14:22:24,34.4,19645,34.42,D
sz002756,永兴材料,2025-09-24 14:22:30,34.42,8100,34.4,U
sz002756,永兴材料,2025-09-24 14:24:12,34.4,8700,34.41,D
sz002756,永兴材料,2025-09-24 14:26:06,34.4,11500,34.41,D
sz002756,永兴材料,2025-09-24 14:27:00,34.39,14100,34.4,D
sz002756,永兴材料,2025-09-24 14:27:24,34.38,23900,34.4,D
sz002756,永兴材料,2025-09-24 14:28:06,34.38,12900,34.38,D
sz002756,永兴材料,2025-09-24 14:28:54,34.35,12010,34.36,D
sz002756,永兴材料,2025-09-24 14:29:09,34.35,7290,34.35,U
sz002756,永兴材料,2025-09-24 14:30:42,34.37,10230,34.36,U
sz002756,永兴材料,2025-09-24 14:32:45,34.4,6300,34.39,U
sz002756,永兴材料,2025-09-24 14:37:24,34.4,11300,34.4,U
sz002756,永兴材料,2025-09-24 14:37:36,34.4,6500,34.4,D
sz002756,永兴材料,2025-09-24 14:38:18,34.4,15600,34.4,D
sz002756,永兴材料,2025-09-24 14:41:00,34.42,17000,34.41,U
sz002756,永兴材料,2025-09-24 14:43:33,34.43,10000,34.43,U
sz002756,永兴材料,2025-09-24 14:44:33,34.43,6500,34.43,U
sz002756,永兴材料,2025-09-24 14:44:42,34.43,7500,34.42,U
sz002756,永兴材料,2025-09-24 14:46:09,34.47,165260,34.43,U
sz002756,永兴材料,2025-09-24 14:46:12,34.49,29800,34.47,U
sz002756,永兴材料,2025-09-24 14:46:15,34.51,84030,34.49,U
sz002756,永兴材料,2025-09-24 14:46:27,34.56,24800,34.52,U
sz002756,永兴材料,2025-09-24 14:46:39,34.51,19500,34.54,D
sz002756,永兴材料,2025-09-24 14:47:03,34.53,6400,34.54,E
sz002756,永兴材料,2025-09-24 14:47:24,34.54,8800,34.53,U
sz002756,永兴材料,2025-09-24 14:47:36,34.54,11100,34.54,U
sz002756,永兴材料,2025-09-24 14:48:06,34.53,6400,34.54,D
sz002756,永兴材料,2025-09-24 14:48:09,34.53,6600,34.53,D
sz002756,永兴材料,2025-09-24 14:48:24,34.53,6300,34.53,U
sz002756,永兴材料,2025-09-24 14:48:36,34.53,6600,34.53,U
sz002756,永兴材料,2025-09-24 14:49:51,34.52,6100,34.52,D
sz002756,永兴材料,2025-09-24 14:50:03,34.53,18260,34.53,U
sz002756,永兴材料,2025-09-24 14:50:12,34.51,10600,34.51,D
sz002756,永兴材料,2025-09-24 14:50:27,34.5,6000,34.5,U
sz002756,永兴材料,2025-09-24 14:50:45,34.5,11600,34.49,U
sz002756,永兴材料,2025-09-24 14:51:39,34.52,10600,34.51,U
sz002756,永兴材料,2025-09-24 14:52:24,34.51,10160,34.52,D
sz002756,永兴材料,2025-09-24 14:53:21,34.52,8300,34.52,U
sz002756,永兴材料,2025-09-24 14:54:45,34.52,28400,34.52,U
sz002756,永兴材料,2025-09-24 14:54:54,34.51,21700,34.53,D
sz002756,永兴材料,2025-09-24 14:55:18,34.51,10800,34.51,U
sz002756,永兴材料,2025-09-24 14:55:30,34.51,7400,34.5,U
sz002756,永兴材料,2025-09-24 14:55:51,34.5,19411,34.51,D
sz002756,永兴材料,2025-09-24 14:56:03,34.51,23289,34.5,U
sz002756,永兴材料,2025-09-24 14:56:33,34.52,12400,34.53,D
sz002756,永兴材料,2025-09-24 14:56:36,34.52,6200,34.52,D
sz002756,永兴材料,2025-09-24 14:56:48,34.51,9600,34.53,D
sz002756,永兴材料,2025-09-24 15:00:00,34.52,63520,34.52,E
