symbol,name,ticktime,price,volume,prev_price,kind
sz002756,永兴材料,2025-09-26 09:25:00,35.1,33200,0.0,D
sz002756,永兴材料,2025-09-26 09:30:00,35.05,15100,35.1,D
sz002756,永兴材料,2025-09-26 09:30:03,35.0,34200,35.05,D
sz002756,永兴材料,2025-09-26 09:30:09,35.05,11000,34.98,U
sz002756,永兴材料,2025-09-26 09:30:12,35.05,12800,35.05,U
sz002756,永兴材料,2025-09-26 09:30:15,35.07,35400,35.05,U
sz002756,永兴材料,2025-09-26 09:30:18,35.13,8900,35.07,U
sz002756,永兴材料,2025-09-26 09:30:21,35.17,6300,35.13,U
sz002756,永兴材料,2025-09-26 09:30:30,35.2,10000,35.19,U
sz002756,永兴材料,2025-09-26 09:30:36,35.19,10500,35.2,D
sz002756,永兴材料,2025-09-26 09:30:39,35.17,17200,35.19,D
sz002756,永兴材料,2025-09-26 09:30:45,35.17,10300,35.23,D
sz002756,永兴材料,2025-09-26 09:30:57,35.08,5800,35.04,U
sz002756,永兴材料,2025-09-26 09:31:00,35.05,20900,35.08,E
sz002756,永兴材料,2025-09-26 09:31:18,35.06,6900,35.15,D
sz002756,永兴材料,2025-09-26 09:31:36,35.08,6500,35.07,U
sz002756,永兴材料,2025-09-26 09:31:54,35.06,7600,35.05,U
sz002756,永兴材料,2025-09-26 09:32:03,35.02,25400,35.04,D
sz002756,永兴材料,2025-09-26 09:32:15,34.93,35000,35.0,D
sz002756,永兴材料,2025-09-26 09:32:18,34.92,6000,34.93,D
sz002756,永兴材料,2025-09-26 09:32:21,34.9,22400,34.92,D
sz002756,永兴材料,2025-09-26 09:32:24,34.89,8600,34.9,D
sz002756,永兴材料,2025-09-26 09:32:30,34.94,6900,34.94,U
sz002756,永兴材料,2025-09-26 09:32:33,34.97,9500,34.94,U
sz002756,永兴材料,2025-09-26 09:32:36,34.97,14100,34.97,E
sz002756,永兴材料,2025-09-26 09:32:42,34.97,7500,34.96,E
sz002756,永兴材料,2025-09-26 09:32:54,34.99,9100,34.97,E
sz002756,永兴材料,2025-09-26 09:33:15,35.0,6400,35.0,U
sz002756,永兴材料,2025-09-26 09:33:33,35.0,13300,35.0,D
sz002756,永兴材料,2025-09-26 09:33:39,35.0,5800,35.0,D
sz002756,永兴材料,2025-09-26 09:33:57,34.95,7900,34.97,D
sz002756,永兴材料,2025-09-26 09:34:03,34.96,8300,34.91,U
sz002756,永兴材料,2025-09-26 09:34:09,34.9,16200,34.99,D
sz002756,永兴材料,2025-09-26 09:34:27,34.93,12400,34.93,D
sz002756,永兴材料,2025-09-26 09:34:33,34.97,16200,34.97,U
sz002756,永兴材料,2025-09-26 09:35:09,34.9,30600,34.9,D
sz002756,永兴材料,2025-09-26 09:35:12,34.9,11800,34.9,D
sz002756,永兴材料,2025-09-26 09:35:18,34.95,11300,34.9,U
sz002756,永兴材料,2025-09-26 09:35:21,34.98,6300,34.95,E
sz002756,永兴材料,2025-09-26 09:35:36,34.9,11600,34.95,D
sz002756,永兴材料,2025-09-26 09:35:54,34.89,35100,34.9,D
sz002756,永兴材料,2025-09-26 09:36:06,34.9,6400,34.85,U
sz002756,永兴材料,2025-09-26 09:36:24,34.94,6200,34.91,D
sz002756,永兴材料,2025-09-26 09:37:48,34.98,7100,34.97,U
sz002756,永兴材料,2025-09-26 09:37:54,34.98,10700,34.98,U
sz002756,永兴材料,2025-09-26 09:38:03,34.95,11000,34.98,D
sz002756,永兴材料,2025-09-26 09:38:09,34.98,7200,34.96,U
sz002756,永兴材料,2025-09-26 09:38:21,34.93,8100,34.97,D
sz002756,永兴材料,2025-09-26 09:38:36,34.98,17100,34.96,U
sz002756,永兴材料,2025-09-26 09:39:09,34.99,5800,34.98,U
sz002756,永兴材料,2025-09-26 09:39:27,35.0,10400,35.03,D
sz002756,永兴材料,2025-09-26 09:40:03,35.02,6200,35.03,D
sz002756,永兴材料,2025-09-26 09:40:51,35.03,10500,35.04,D
sz002756,永兴材料,2025-09-26 09:41:03,35.0,16000,35.02,D
sz002756,永兴材料,2025-09-26 09:41:06,35.02,12000,35.0,U
sz002756,永兴材料,2025-09-26 09:41:21,35.02,11000,35.01,U
sz002756,永兴材料,2025-09-26 09:41:45,35.02,6100,34.99,U
sz002756,永兴材料,2025-09-26 09:41:54,35.02,13500,35.03,E
sz002756,永兴材料,2025-09-26 09:42:21,35.02,8900,35.05,D
sz002756,永兴材料,2025-09-26 09:42:42,34.99,10000,35.02,D
sz002756,永兴材料,2025-09-26 09:43:03,35.03,6200,35.02,U
sz002756,永兴材料,2025-09-26 09:43:33,35.03,8100,35.05,D
sz002756,永兴材料,2025-09-26 09:43:36,35.03,7200,35.03,D
sz002756,永兴材料,2025-09-26 09:43:42,35.04,12400,35.06,D
sz002756,永兴材料,2025-09-26 09:43:48,35.08,7800,35.09,E
sz002756,永兴材料,2025-09-26 09:43:57,35.09,8300,35.08,U
sz002756,永兴材料,2025-09-26 09:44:06,35.08,6100,35.1,D
sz002756,永兴材料,2025-09-26 09:44:18,35.11,6100,35.1,U
sz002756,永兴材料,2025-09-26 09:44:48,35.06,21400,35.11,D
sz002756,永兴材料,2025-09-26 09:45:39,35.02,8500,35.03,D
sz002756,永兴材料,2025-09-26 09:45:45,35.02,11900,35.03,D
sz002756,永兴材料,2025-09-26 09:46:03,35.06,9000,35.06,U
sz002756,永兴材料,2025-09-26 09:46:33,35.12,5900,35.11,U
sz002756,永兴材料,2025-09-26 09:47:00,35.15,7700,35.14,U
sz002756,永兴材料,2025-09-26 09:48:06,35.13,5800,35.13,U
sz002756,永兴材料,2025-09-26 09:48:18,35.12,9100,35.11,U
sz002756,永兴材料,2025-09-26 09:48:21,35.1,5900,35.12,U
sz002756,永兴材料,2025-09-26 09:49:09,35.03,9100,35.04,D
sz002756,永兴材料,2025-09-26 09:49:12,35.03,20300,35.03,E
sz002756,永兴材料,2025-09-26 09:50:39,34.97,9400,34.98,D
sz002756,永兴材料,2025-09-26 09:51:00,34.95,6100,34.96,D
sz002756,永兴材料,2025-09-26 09:51:36,34.94,5900,34.94,D
sz002756,永兴材料,2025-09-26 09:51:42,34.93,7100,34.92,U
sz002756,永兴材料,2025-09-26 09:51:45,34.91,15500,34.93,D
sz002756,永兴材料,2025-09-26 09:51:48,34.9,12500,34.91,D
sz002756,永兴材料,2025-09-26 09:51:54,34.88,18500,34.9,D
sz002756,永兴材料,2025-09-26 09:52:03,34.91,10000,34.9,U
sz002756,永兴材料,2025-09-26 09:53:15,34.91,23200,34.9,U
sz002756,永兴材料,2025-09-26 09:53:54,34.88,7400,34.89,D
sz002756,永兴材料,2025-09-26 09:54:21,34.89,7800,34.88,U
sz002756,永兴材料,2025-09-26 09:55:21,34.89,9100,34.9,D
sz002756,永兴材料,2025-09-26 09:56:06,34.87,7000,34.88,D
sz002756,永兴材料,2025-09-26 09:56:12,34.86,24000,34.87,D
sz002756,永兴材料,2025-09-26 09:56:15,34.86,6600,34.86,U
sz002756,永兴材料,2025-09-26 09:56:18,34.85,27200,34.86,D
sz002756,永兴材料,2025-09-26 09:56:27,34.86,6900,34.84,U
sz002756,永兴材料,2025-09-26 09:56:30,34.83,8500,34.86,D
sz002756,永兴材料,2025-09-26 09:56:42,34.84,9100,34.83,U
sz002756,永兴材料,2025-09-26 09:57:03,34.8,51500,34.84,D
sz002756,永兴材料,2025-09-26 09:57:12,34.83,7000,34.83,U
sz002756,永兴材料,2025-09-26 09:57:15,34.83,6300,34.83,D
sz002756,永兴材料,2025-09-26 09:57:18,34.82,7700,34.83,D
sz002756,永兴材料,2025-09-26 09:57:39,34.78,15500,34.79,D
sz002756,永兴材料,2025-09-26 09:57:45,34.78,5900,34.79,D
sz002756,永兴材料,2025-09-26 09:57:48,34.77,28700,34.78,D
sz002756,永兴材料,2025-09-26 09:59:27,34.88,6100,34.87,U
sz002756,永兴材料,2025-09-26 09:59:39,34.87,7700,34.87,D
sz002756,永兴材料,2025-09-26 09:59:57,34.87,6900,34.88,D
sz002756,永兴材料,2025-09-26 10:00:00,34.88,7400,34.87,U
sz002756,永兴材料,2025-09-26 10:00:18,34.86,8200,34.88,D
sz002756,永兴材料,2025-09-26 10:00:21,34.88,6400,34.86,U
sz002756,永兴材料,2025-09-26 10:00:45,34.8,8200,34.81,D
sz002756,永兴材料,2025-09-26 10:00:48,34.85,7800,34.8,U
sz002756,永兴材料,2025-09-26 10:00:54,34.84,6400,34.8,U
sz002756,永兴材料,2025-09-26 10:01:48,34.82,7000,34.83,D
sz002756,永兴材料,2025-09-26 10:02:21,34.8,15000,34.79,U
sz002756,永兴材料,2025-09-26 10:02:39,34.8,11000,34.8,D
sz002756,永兴材料,2025-09-26 10:03:12,34.84,5800,34.8,U
sz002756,永兴材料,2025-09-26 10:03:21,34.78,6600,34.8,D
sz002756,永兴材料,2025-09-26 10:03:27,34.77,8400,34.8,D
sz002756,永兴材料,2025-09-26 10:03:42,34.75,15600,34.77,D
sz002756,永兴材料,2025-09-26 10:03:54,34.75,8100,34.75,D
sz002756,永兴材料,2025-09-26 10:04:06,34.71,24600,34.74,D
sz002756,永兴材料,2025-09-26 10:04:15,34.75,6200,34.75,U
sz002756,永兴材料,2025-09-26 10:04:18,34.75,8000,34.75,U
sz002756,永兴材料,2025-09-26 10:04:24,34.77,11700,34.75,U
sz002756,永兴材料,2025-09-26 10:04:27,34.77,6100,34.77,U
sz002756,永兴材料,2025-09-26 10:04:42,34.75,6700,34.75,D
sz002756,永兴材料,2025-09-26 10:05:15,34.72,8600,34.75,D
sz002756,永兴材料,2025-09-26 10:05:42,34.73,9900,34.75,D
sz002756,永兴材料,2025-09-26 10:05:48,34.75,7700,34.75,U
sz002756,永兴材料,2025-09-26 10:06:21,34.72,7300,34.75,D
sz002756,永兴材料,2025-09-26 10:06:39,34.73,9100,34.73,U
sz002756,永兴材料,2025-09-26 10:06:54,34.72,6100,34.71,U
sz002756,永兴材料,2025-09-26 10:08:39,34.84,7100,34.86,D
sz002756,永兴材料,2025-09-26 10:08:42,34.85,6000,34.84,U
sz002756,永兴材料,2025-09-26 10:09:15,34.87,13500,34.85,U
sz002756,永兴材料,2025-09-26 10:09:18,34.9,10200,34.87,U
sz002756,永兴材料,2025-09-26 10:09:24,34.92,16600,34.88,U
sz002756,永兴材料,2025-09-26 10:10:12,35.03,22700,34.98,U
sz002756,永兴材料,2025-09-26 10:10:33,34.95,5800,34.96,D
sz002756,永兴材料,2025-09-26 10:10:45,34.98,6000,34.98,U
sz002756,永兴材料,2025-09-26 10:11:00,34.92,10300,34.95,D
sz002756,永兴材料,2025-09-26 10:12:15,34.89,6500,34.91,D
sz002756,永兴材料,2025-09-26 10:13:30,34.87,9600,34.87,U
sz002756,永兴材料,2025-09-26 10:13:57,34.89,7300,34.88,U
sz002756,永兴材料,2025-09-26 10:14:00,34.92,5900,34.89,U
sz002756,永兴材料,2025-09-26 10:15:06,34.88,14900,34.88,D
sz002756,永兴材料,2025-09-26 10:15:09,34.88,9500,34.88,U
sz002756,永兴材料,2025-09-26 10:16:12,34.87,17600,34.89,D
sz002756,永兴材料,2025-09-26 10:17:48,34.85,6000,34.84,U
sz002756,永兴材料,2025-09-26 10:18:18,34.85,6600,34.86,D
sz002756,永兴材料,2025-09-26 10:19:15,34.85,9400,34.85,U
sz002756,永兴材料,2025-09-26 10:21:00,34.86,9500,34.9,D
sz002756,永兴材料,2025-09-26 10:21:39,34.8,6000,34.85,D
sz002756,永兴材料,2025-09-26 10:23:27,34.86,6100,34.85,U
sz002756,永兴材料,2025-09-26 10:25:42,34.88,11500,34.88,D
sz002756,永兴材料,2025-09-26 10:25:57,34.91,42300,34.87,U
sz002756,永兴材料,2025-09-26 10:26:15,34.94,19800,34.92,U
sz002756,永兴材料,2025-09-26 10:27:09,34.99,11600,34.94,U
sz002756,永兴材料,2025-09-26 10:27:57,35.01,9400,35.0,U
sz002756,永兴材料,2025-09-26 10:28:03,35.05,7100,35.0,U
sz002756,永兴材料,2025-09-26 10:28:15,35.06,16700,35.06,U
sz002756,永兴材料,2025-09-26 10:28:18,35.15,21200,35.06,U
sz002756,永兴材料,2025-09-26 10:28:21,35.14,6600,35.15,E
sz002756,永兴材料,2025-09-26 10:28:33,35.11,6900,35.14,E
sz002756,永兴材料,2025-09-26 10:28:48,35.11,8200,35.15,D
sz002756,永兴材料,2025-09-26 10:28:54,35.1,6200,35.15,D
sz002756,永兴材料,2025-09-26 10:29:06,35.12,10900,35.11,E
sz002756,永兴材料,2025-09-26 10:29:09,35.08,15100,35.12,D
sz002756,永兴材料,2025-09-26 10:29:24,35.07,8000,35.04,U
sz002756,永兴材料,2025-09-26 10:30:48,35.07,10800,35.08,E
sz002756,永兴材料,2025-09-26 10:31:21,35.1,10700,35.09,U
sz002756,永兴材料,2025-09-26 10:31:24,35.11,12300,35.1,U
sz002756,永兴材料,2025-09-26 10:31:48,35.19,59190,35.14,U
sz002756,永兴材料,2025-09-26 10:31:57,35.22,21200,35.2,U
sz002756,永兴材料,2025-09-26 10:32:15,35.22,5900,35.2,U
sz002756,永兴材料,2025-09-26 10:32:45,35.2,7900,35.19,U
sz002756,永兴材料,2025-09-26 10:33:03,35.27,26000,35.22,U
sz002756,永兴材料,2025-09-26 10:33:06,35.25,6800,35.27,D
sz002756,永兴材料,2025-09-26 10:33:21,35.25,31800,35.25,D
sz002756,永兴材料,2025-09-26 10:33:48,35.25,30900,35.26,D
sz002756,永兴材料,2025-09-26 10:33:54,35.25,20000,35.24,U
sz002756,永兴材料,2025-09-26 10:34:00,35.25,13400,35.22,U
sz002756,永兴材料,2025-09-26 10:34:09,35.25,6500,35.26,D
sz002756,永兴材料,2025-09-26 10:34:18,35.26,11700,35.25,U
sz002756,永兴材料,2025-09-26 10:34:21,35.31,26790,35.26,U
sz002756,永兴材料,2025-09-26 10:34:24,35.35,37100,35.31,U
sz002756,永兴材料,2025-09-26 10:34:27,35.36,6900,35.35,E
sz002756,永兴材料,2025-09-26 10:34:30,35.45,123000,35.36,U
sz002756,永兴材料,2025-09-26 10:34:33,35.46,12400,35.45,U
sz002756,永兴材料,2025-09-26 10:34:36,35.46,7400,35.46,U
sz002756,永兴材料,2025-09-26 10:34:42,35.51,75700,35.47,U
sz002756,永兴材料,2025-09-26 10:34:54,35.52,35500,35.51,U
sz002756,永兴材料,2025-09-26 10:34:57,35.51,20600,35.52,D
sz002756,永兴材料,2025-09-26 10:35:06,35.53,13700,35.54,D
sz002756,永兴材料,2025-09-26 10:35:12,35.48,49900,35.51,D
sz002756,永兴材料,2025-09-26 10:35:15,35.49,8100,35.48,E
sz002756,永兴材料,2025-09-26 10:35:18,35.5,27700,35.49,U
sz002756,永兴材料,2025-09-26 10:35:24,35.48,11300,35.48,U
sz002756,永兴材料,2025-09-26 10:35:27,35.49,11600,35.48,U
sz002756,永兴材料,2025-09-26 10:35:30,35.48,15400,35.49,D
sz002756,永兴材料,2025-09-26 10:35:33,35.48,6700,35.48,U
sz002756,永兴材料,2025-09-26 10:35:36,35.49,182170,35.48,U
sz002756,永兴材料,2025-09-26 10:35:48,35.46,8900,35.44,U
sz002756,永兴材料,2025-09-26 10:36:03,35.38,8700,35.42,D
sz002756,永兴材料,2025-09-26 10:36:09,35.44,6500,35.4,U
sz002756,永兴材料,2025-09-26 10:36:21,35.44,14100,35.44,U
sz002756,永兴材料,2025-09-26 10:36:30,35.46,10500,35.45,U
sz002756,永兴材料,2025-09-26 10:36:39,35.47,8100,35.46,U
sz002756,永兴材料,2025-09-26 10:36:51,35.49,6100,35.48,U
sz002756,永兴材料,2025-09-26 10:36:54,35.49,8200,35.49,U
sz002756,永兴材料,2025-09-26 10:37:03,35.5,14200,35.49,U
sz002756,永兴材料,2025-09-26 10:37:06,35.46,27200,35.5,D
sz002756,永兴材料,2025-09-26 10:37:09,35.48,13900,35.46,U
sz002756,永兴材料,2025-09-26 10:37:30,35.4,25300,35.43,D
sz002756,永兴材料,2025-09-26 10:37:39,35.4,8100,35.4,D
sz002756,永兴材料,2025-09-26 10:37:51,35.36,7600,35.36,D
sz002756,永兴材料,2025-09-26 10:37:54,35.41,22300,35.36,U
sz002756,永兴材料,2025-09-26 10:38:18,35.32,23300,35.37,D
sz002756,永兴材料,2025-09-26 10:38:21,35.3,46000,35.32,D
sz002756,永兴材料,2025-09-26 10:38:36,35.32,21400,35.3,U
sz002756,永兴材料,2025-09-26 10:38:39,35.3,10100,35.32,D
sz002756,永兴材料,2025-09-26 10:39:00,35.3,9600,35.31,D
sz002756,永兴材料,2025-09-26 10:39:12,35.3,5800,35.3,D
sz002756,永兴材料,2025-09-26 10:39:15,35.29,14500,35.3,D
sz002756,永兴材料,2025-09-26 10:39:18,35.29,8000,35.29,U
sz002756,永兴材料,2025-09-26 10:39:33,35.3,19300,35.29,U
sz002756,永兴材料,2025-09-26 10:39:36,35.33,21800,35.3,U
sz002756,永兴材料,2025-09-26 10:39:42,35.33,5900,35.33,D
sz002756,永兴材料,2025-09-26 10:39:45,35.34,6700,35.33,U
sz002756,永兴材料,2025-09-26 10:39:57,35.34,16800,35.35,D
sz002756,永兴材料,2025-09-26 10:40:00,35.34,32400,35.34,D
sz002756,永兴材料,2025-09-26 10:40:21,35.38,9399,35.38,U
sz002756,永兴材料,2025-09-26 10:40:33,35.39,10600,35.38,U
sz002756,永兴材料,2025-09-26 10:40:36,35.4,7300,35.39,U
sz002756,永兴材料,2025-09-26 10:40:45,35.39,26900,35.39,U
sz002756,永兴材料,2025-09-26 10:40:48,35.35,7600,35.39,D
sz002756,永兴材料,2025-09-26 10:40:57,35.39,46530,35.39,U
sz002756,永兴材料,2025-09-26 10:41:06,35.3,5750,35.3,D
sz002756,永兴材料,2025-09-26 10:41:24,35.26,18400,35.29,D
sz002756,永兴材料,2025-09-26 10:41:39,35.3,24950,35.28,U
sz002756,永兴材料,2025-09-26 10:42:00,35.28,6100,35.28,D
sz002756,永兴材料,2025-09-26 10:42:03,35.27,17100,35.28,D
sz002756,永兴材料,2025-09-26 10:43:18,35.25,8300,35.25,D
sz002756,永兴材料,2025-09-26 10:43:36,35.25,11500,35.24,U
sz002756,永兴材料,2025-09-26 10:43:51,35.22,39000,35.23,D
sz002756,永兴材料,2025-09-26 10:43:54,35.23,9200,35.22,U
sz002756,永兴材料,2025-09-26 10:45:21,35.21,6500,35.24,D
sz002756,永兴材料,2025-09-26 10:47:00,35.21,20900,35.22,D
sz002756,永兴材料,2025-09-26 10:51:03,35.22,5800,35.23,D
sz002756,永兴材料,2025-09-26 10:51:06,35.22,8700,35.22,D
sz002756,永兴材料,2025-09-26 10:52:30,35.21,10500,35.2,U
sz002756,永兴材料,2025-09-26 10:52:33,35.2,6400,35.21,D
sz002756,永兴材料,2025-09-26 10:53:12,35.19,7800,35.19,D
sz002756,永兴材料,2025-09-26 10:53:51,35.15,9200,35.16,D
sz002756,永兴材料,2025-09-26 10:54:18,35.2,6900,35.17,U
sz002756,永兴材料,2025-09-26 10:54:33,35.16,7000,35.16,D
sz002756,永兴材料,2025-09-26 10:55:51,35.2,6900,35.22,D
sz002756,永兴材料,2025-09-26 10:55:54,35.19,18900,35.2,D
sz002756,永兴材料,2025-09-26 10:58:51,35.16,6900,35.17,D
sz002756,永兴材料,2025-09-26 10:59:15,35.15,10700,35.15,D
sz002756,永兴材料,2025-09-26 11:00:06,35.15,15300,35.16,D
sz002756,永兴材料,2025-09-26 11:00:09,35.15,6000,35.15,D
sz002756,永兴材料,2025-09-26 11:00:54,35.16,27500,35.14,U
sz002756,永兴材料,2025-09-26 11:04:33,35.23,24400,35.21,U
sz002756,永兴材料,2025-09-26 11:04:54,35.25,10900,35.23,U
sz002756,永兴材料,2025-09-26 11:05:30,35.3,5950,35.29,U
sz002756,永兴材料,2025-09-26 11:06:00,35.31,7100,35.3,U
sz002756,永兴材料,2025-09-26 11:06:03,35.3,13450,35.31,D
sz002756,永兴材料,2025-09-26 11:06:06,35.28,7500,35.3,D
sz002756,永兴材料,2025-09-26 11:08:03,35.3,8300,35.3,D
sz002756,永兴材料,2025-09-26 11:09:00,35.28,6100,35.3,D
sz002756,永兴材料,2025-09-26 11:09:51,35.27,7400,35.3,D
sz002756,永兴材料,2025-09-26 11:09:57,35.3,6800,35.27,U
sz002756,永兴材料,2025-09-26 11:10:36,35.3,13000,35.29,U
sz002756,永兴材料,2025-09-26 11:11:12,35.28,15900,35.27,U
sz002756,永兴材料,2025-09-26 11:13:36,35.29,18000,35.3,D
sz002756,永兴材料,2025-09-26 11:13:39,35.28,9200,35.29,D
sz002756,永兴材料,2025-09-26 11:15:39,35.19,6600,35.21,D
sz002756,永兴材料,2025-09-26 11:18:15,35.15,6000,35.16,D
sz002756,永兴材料,2025-09-26 11:18:36,35.15,7200,35.15,D
sz002756,永兴材料,2025-09-26 11:20:24,35.1,11600,35.13,D
sz002756,永兴材料,2025-09-26 11:21:18,35.08,6000,35.1,D
sz002756,永兴材料,2025-09-26 11:22:27,35.08,7800,35.08,D
sz002756,永兴材料,2025-09-26 11:22:30,35.09,6101,35.08,U
sz002756,永兴材料,2025-09-26 11:22:57,35.06,8900,35.08,D
sz002756,永兴材料,2025-09-26 11:23:36,35.01,9000,35.05,D
sz002756,永兴材料,2025-09-26 11:23:39,35.0,10200,35.01,D
sz002756,永兴材料,2025-09-26 11:23:42,35.02,11100,35.0,E
sz002756,永兴材料,2025-09-26 11:24:09,35.02,8400,35.05,D
sz002756,永兴材料,2025-09-26 11:24:12,35.02,9100,35.02,U
sz002756,永兴材料,2025-09-26 11:25:33,34.99,8300,35.0,D
sz002756,永兴材料,2025-09-26 13:00:00,35.04,13830,35.01,U
sz002756,永兴材料,2025-09-26 13:01:09,34.98,22700,35.0,D
sz002756,永兴材料,2025-09-26 13:01:33,34.96,12500,34.98,D
sz002756,永兴材料,2025-09-26 13:01:45,34.94,6200,34.95,D
sz002756,永兴材料,2025-09-26 13:04:00,34.92,15000,34.95,D
sz002756,永兴材料,2025-09-26 13:04:03,34.9,11900,34.92,D
sz002756,永兴材料,2025-09-26 13:04:06,34.89,11400,34.9,D
sz002756,永兴材料,2025-09-26 13:06:42,34.9,6600,34.91,D
sz002756,永兴材料,2025-09-26 13:07:39,34.89,6000,34.9,D
sz002756,永兴材料,2025-09-26 13:08:39,34.86,24020,34.88,D
sz002756,永兴材料,2025-09-26 13:08:54,34.85,9100,34.86,D
sz002756,永兴材料,2025-09-26 13:09:27,34.86,6200,34.85,U
sz002756,永兴材料,2025-09-26 13:13:03,34.9,5900,34.92,D
sz002756,永兴材料,2025-09-26 13:18:51,34.88,6500,34.9,D
sz002756,永兴材料,2025-09-26 13:19:51,34.86,23740,34.89,D
sz002756,永兴材料,2025-09-26 13:21:21,34.94,7000,34.9,U
sz002756,永兴材料,2025-09-26 13:25:33,34.89,7800,34.88,U
sz002756,永兴材料,2025-09-26 13:27:45,34.92,6300,34.9,U
sz002756,永兴材料,2025-09-26 13:28:30,34.92,7100,34.92,U
sz002756,永兴材料,2025-09-26 13:30:33,34.91,11700,34.91,U
sz002756,永兴材料,2025-09-26 13:31:36,34.9,12500,34.91,D
sz002756,永兴材料,2025-09-26 13:32:27,34.86,9900,34.88,D
sz002756,永兴材料,2025-09-26 13:32:57,34.86,12500,34.86,D
sz002756,永兴材料,2025-09-26 13:34:57,34.88,6100,34.88,U
sz002756,永兴材料,2025-09-26 13:39:51,34.86,12600,34.87,D
sz002756,永兴材料,2025-09-26 13:40:03,34.83,31000,34.86,D
sz002756,永兴材料,2025-09-26 13:40:06,34.83,6600,34.83,D
sz002756,永兴材料,2025-09-26 13:40:57,34.83,11800,34.82,U
sz002756,永兴材料,2025-09-26 13:47:36,34.92,12700,34.9,U
sz002756,永兴材料,2025-09-26 13:47:45,34.93,6300,34.93,U
sz002756,永兴材料,2025-09-26 13:50:33,34.95,8300,34.98,D
sz002756,永兴材料,2025-09-26 13:52:09,34.9,22300,34.91,D
sz002756,永兴材料,2025-09-26 13:53:03,34.86,6400,34.88,D
sz002756,永兴材料,2025-09-26 13:53:06,34.85,6600,34.86,D
sz002756,永兴材料,2025-09-26 13:55:57,34.84,12400,34.85,D
sz002756,永兴材料,2025-09-26 13:57:18,34.82,9200,34.83,D
sz002756,永兴材料,2025-09-26 13:58:00,34.81,39500,34.82,D
sz002756,永兴材料,2025-09-26 13:58:03,34.8,31600,34.81,D
sz002756,永兴材料,2025-09-26 13:58:09,34.8,19200,34.8,D
sz002756,永兴材料,2025-09-26 13:59:03,34.78,6500,34.78,D
sz002756,永兴材料,2025-09-26 13:59:30,34.78,12600,34.79,D
sz002756,永兴材料,2025-09-26 13:59:36,34.77,11000,34.78,D
sz002756,永兴材料,2025-09-26 13:59:45,34.75,11100,34.76,D
sz002756,永兴材料,2025-09-26 13:59:54,34.73,7300,34.74,D
sz002756,永兴材料,2025-09-26 14:00:33,34.74,11000,34.75,D
sz002756,永兴材料,2025-09-26 14:00:57,34.75,6100,34.75,D
sz002756,永兴材料,2025-09-26 14:01:06,34.76,27050,34.75,U
sz002756,永兴材料,2025-09-26 14:08:39,34.78,6700,34.78,U
sz002756,永兴材料,2025-09-26 14:10:51,34.71,33500,34.73,D
sz002756,永兴材料,2025-09-26 14:10:54,34.7,22300,34.71,D
sz002756,永兴材料,2025-09-26 14:10:57,34.7,13100,34.7,D
sz002756,永兴材料,2025-09-26 14:11:00,34.68,36000,34.7,D
sz002756,永兴材料,2025-09-26 14:11:06,34.68,7200,34.68,D
sz002756,永兴材料,2025-09-26 14:11:18,34.65,18200,34.67,D
sz002756,永兴材料,2025-09-26 14:11:21,34.65,10700,34.65,D
sz002756,永兴材料,2025-09-26 14:11:24,34.65,6000,34.65,D
sz002756,永兴材料,2025-09-26 14:11:57,34.62,22000,34.65,D
sz002756,永兴材料,2025-09-26 14:12:00,34.65,18300,34.62,E
sz002756,永兴材料,2025-09-26 14:15:06,34.63,8300,34.63,D
sz002756,永兴材料,2025-09-26 14:15:12,34.63,9000,34.64,D
sz002756,永兴材料,2025-09-26 14:15:15,34.64,8300,34.63,E
sz002756,永兴材料,2025-09-26 14:15:57,34.7,10100,34.67,U
sz002756,永兴材料,2025-09-26 14:21:03,34.71,10500,34.69,U
sz002756,永兴材料,2025-09-26 14:22:48,34.68,8900,34.69,D
sz002756,永兴材料,2025-09-26 14:25:33,34.64,6000,34.62,U
sz002756,永兴材料,2025-09-26 14:25:51,34.62,6200,34.62,D
sz002756,永兴材料,2025-09-26 14:26:12,34.61,5800,34.61,D
sz002756,永兴材料,2025-09-26 14:26:21,34.62,15100,34.61,U
sz002756,永兴材料,2025-09-26 14:26:27,34.61,8020,34.62,D
sz002756,永兴材料,2025-09-26 14:26:45,34.63,6500,34.61,U
sz002756,永兴材料,2025-09-26 14:27:39,34.6,15000,34.61,D
sz002756,永兴材料,2025-09-26 14:28:00,34.61,6000,34.61,D
sz002756,永兴材料,2025-09-26 14:28:03,34.6,36500,34.61,D
sz002756,永兴材料,2025-09-26 14:28:06,34.58,29000,34.6,D
sz002756,永兴材料,2025-09-26 14:28:27,34.56,6100,34.57,D
sz002756,永兴材料,2025-09-26 14:28:42,34.59,14100,34.56,U
sz002756,永兴材料,2025-09-26 14:28:45,34.6,6600,34.59,U
sz002756,永兴材料,2025-09-26 14:29:00,34.61,18800,34.6,U
sz002756,永兴材料,2025-09-26 14:29:54,34.63,5900,34.64,D
sz002756,永兴材料,2025-09-26 14:29:57,34.63,10000,34.63,U
sz002756,永兴材料,2025-09-26 14:30:12,34.65,15590,34.63,U
sz002756,永兴材料,2025-09-26 14:30:18,34.7,6400,34.65,U
sz002756,永兴材料,2025-09-26 14:31:57,34.61,13800,34.64,D
sz002756,永兴材料,2025-09-26 14:34:06,34.59,8100,34.6,D
sz002756,永兴材料,2025-09-26 14:34:30,34.57,6100,34.59,D
sz002756,永兴材料,2025-09-26 14:34:39,34.58,10900,34.58,U
sz002756,永兴材料,2025-09-26 14:34:45,34.55,8000,34.56,D
sz002756,永兴材料,2025-09-26 14:35:21,34.55,9100,34.57,D
sz002756,永兴材料,2025-09-26 14:35:30,34.53,10200,34.56,D
sz002756,永兴材料,2025-09-26 14:35:39,34.56,12300,34.56,U
sz002756,永兴材料,2025-09-26 14:35:45,34.57,21700,34.55,U
sz002756,永兴材料,2025-09-26 14:35:48,34.59,9000,34.57,U
sz002756,永兴材料,2025-09-26 14:36:33,34.54,10000,34.56,D
sz002756,永兴材料,2025-09-26 14:36:48,34.6,23300,34.57,U
sz002756,永兴材料,2025-09-26 14:38:45,34.64,7000,34.63,U
sz002756,永兴材料,2025-09-26 14:39:27,34.6,6000,34.6,D
sz002756,永兴材料,2025-09-26 14:39:33,34.61,7180,34.6,U
sz002756,永兴材料,2025-09-26 14:40:03,34.58,6300,34.59,D
sz002756,永兴材料,2025-09-26 14:40:51,34.6,6600,34.59,U
sz002756,永兴材料,2025-09-26 14:41:51,34.58,12700,34.61,D
sz002756,永兴材料,2025-09-26 14:43:03,34.61,36700,34.61,U
sz002756,永兴材料,2025-09-26 14:44:51,34.68,19000,34.67,U
sz002756,永兴材料,2025-09-26 14:48:06,34.69,15400,34.68,U
sz002756,永兴材料,2025-09-26 14:50:00,34.68,9100,34.68,U
sz002756,永兴材料,2025-09-26 14:50:48,34.66,7600,34.68,D
sz002756,永兴材料,2025-09-26 14:51:03,34.66,6500,34.67,D
sz002756,永兴材料,2025-09-26 14:51:30,34.66,13900,34.66,D
sz002756,永兴材料,2025-09-26 14:53:30,34.63,5800,34.64,D
sz002756,永兴材料,2025-09-26 14:54:21,34.62,8200,34.63,D
sz002756,永兴材料,2025-09-26 14:54:45,34.62,16400,34.62,U
sz002756,永兴材料,2025-09-26 14:55:36,34.62,7900,34.61,U
sz002756,永兴材料,2025-09-26 14:55:54,34.62,6000,34.63,D
sz002756,永兴材料,2025-09-26 14:56:27,34.63,7000,34.62,U
sz002756,永兴材料,2025-09-26 14:56:51,34.61,10200,34.63,D
sz002756,永兴材料,2025-09-26 15:00:00,34.62,74100,34.63,E
