symbol,name,ticktime,price,volume,prev_price,kind
sz000021,深科技,2025-09-16 09:25:00,21.83,462600,0.0,U
sz000021,深科技,2025-09-16 09:30:00,21.84,61300,21.83,U
sz000021,深科技,2025-09-16 09:30:03,21.85,247957,21.84,E
sz000021,深科技,2025-09-16 09:30:06,21.86,120100,21.85,U
sz000021,深科技,2025-09-16 09:30:09,21.86,93365,21.86,D
sz000021,深科技,2025-09-16 09:30:12,21.83,59300,21.86,D
sz000021,深科技,2025-09-16 09:30:15,21.8,65000,21.83,D
sz000021,深科技,2025-09-16 09:30:18,21.78,99178,21.8,D
sz000021,深科技,2025-09-16 09:30:21,21.77,33000,21.78,D
sz000021,深科技,2025-09-16 09:30:24,21.78,60200,21.77,U
sz000021,深科技,2025-09-16 09:30:27,21.77,62400,21.78,D
sz000021,深科技,2025-09-16 09:30:30,21.76,36700,21.77,D
sz000021,深科技,2025-09-16 09:30:33,21.76,87600,21.76,U
sz000021,深科技,2025-09-16 09:30:36,21.78,17200,21.76,E
sz000021,深科技,2025-09-16 09:30:39,21.78,67000,21.78,D
sz000021,深科技,2025-09-16 09:30:42,21.8,28500,21.78,U
sz000021,深科技,2025-09-16 09:30:45,21.81,15400,21.8,U
sz000021,深科技,2025-09-16 09:30:48,21.82,12900,21.81,U
sz000021,深科技,2025-09-16 09:30:51,21.82,40200,21.82,D
sz000021,深科技,2025-09-16 09:30:54,21.8,51700,21.82,D
sz000021,深科技,2025-09-16 09:30:57,21.77,43700,21.8,D
sz000021,深科技,2025-09-16 09:31:03,21.72,67400,21.76,D
sz000021,深科技,2025-09-16 09:31:06,21.73,22500,21.72,E
sz000021,深科技,2025-09-16 09:31:09,21.73,38800,21.73,D
sz000021,深科技,2025-09-16 09:31:12,21.73,44100,21.73,D
sz000021,深科技,2025-09-16 09:31:15,21.73,19200,21.73,D
sz000021,深科技,2025-09-16 09:31:18,21.72,31800,21.73,D
sz000021,深科技,2025-09-16 09:31:21,21.72,20700,21.72,D
sz000021,深科技,2025-09-16 09:31:24,21.72,22900,21.72,D
sz000021,深科技,2025-09-16 09:31:27,21.72,39500,21.72,U
sz000021,深科技,2025-09-16 09:31:30,21.72,36900,21.72,D
sz000021,深科技,2025-09-16 09:31:33,21.71,23000,21.72,D
sz000021,深科技,2025-09-16 09:31:36,21.71,27800,21.71,D
sz000021,深科技,2025-09-16 09:31:39,21.74,223200,21.71,U
sz000021,深科技,2025-09-16 09:31:42,21.74,46400,21.74,D
sz000021,深科技,2025-09-16 09:31:45,21.71,57000,21.74,D
sz000021,深科技,2025-09-16 09:31:51,21.74,10000,21.74,D
sz000021,深科技,2025-09-16 09:31:54,21.74,55200,21.74,U
sz000021,深科技,2025-09-16 09:31:57,21.77,20500,21.74,U
sz000021,深科技,2025-09-16 09:32:00,21.78,27300,21.77,U
sz000021,深科技,2025-09-16 09:32:03,21.78,35500,21.78,U
sz000021,深科技,2025-09-16 09:32:09,21.81,32300,21.79,U
sz000021,深科技,2025-09-16 09:32:12,21.8,43500,21.81,D
sz000021,深科技,2025-09-16 09:32:15,21.81,21100,21.8,U
sz000021,深科技,2025-09-16 09:32:18,21.85,10200,21.81,U
sz000021,深科技,2025-09-16 09:32:27,21.92,30200,21.88,U
sz000021,深科技,2025-09-16 09:32:33,21.88,13100,21.88,D
sz000021,深科技,2025-09-16 09:32:36,21.84,48800,21.88,D
sz000021,深科技,2025-09-16 09:32:39,21.84,27800,21.84,U
sz000021,深科技,2025-09-16 09:32:42,21.83,12700,21.84,D
sz000021,深科技,2025-09-16 09:32:45,21.85,22400,21.83,U
sz000021,深科技,2025-09-16 09:32:51,21.86,40200,21.85,U
sz000021,深科技,2025-09-16 09:32:54,21.86,42700,21.86,D
sz000021,深科技,2025-09-16 09:32:57,21.92,258400,21.86,U
sz000021,深科技,2025-09-16 09:33:00,21.93,22900,21.92,U
sz000021,深科技,2025-09-16 09:33:03,21.92,18800,21.93,D
sz000021,深科技,2025-09-16 09:33:06,21.94,15200,21.92,E
sz000021,深科技,2025-09-16 09:33:09,21.9,32800,21.94,D
sz000021,深科技,2025-09-16 09:33:12,21.89,20300,21.9,E
sz000021,深科技,2025-09-16 09:33:15,21.88,24400,21.89,E
sz000021,深科技,2025-09-16 09:33:18,21.86,45800,21.88,D
sz000021,深科技,2025-09-16 09:33:21,21.86,17200,21.86,E
sz000021,深科技,2025-09-16 09:33:24,21.85,32000,21.86,D
sz000021,深科技,2025-09-16 09:33:27,21.87,48000,21.85,U
sz000021,深科技,2025-09-16 09:33:30,21.87,15900,21.87,U
sz000021,深科技,2025-09-16 09:33:39,21.84,23100,21.85,D
sz000021,深科技,2025-09-16 09:33:42,21.87,42108,21.84,U
sz000021,深科技,2025-09-16 09:33:45,21.87,39191,21.87,U
sz000021,深科技,2025-09-16 09:33:48,21.86,13700,21.87,D
sz000021,深科技,2025-09-16 09:33:51,21.86,23700,21.86,D
sz000021,深科技,2025-09-16 09:33:57,21.89,20500,21.88,U
sz000021,深科技,2025-09-16 09:34:00,21.89,9600,21.89,U
sz000021,深科技,2025-09-16 09:34:03,21.89,15000,21.89,U
sz000021,深科技,2025-09-16 09:34:06,21.89,46700,21.89,U
sz000021,深科技,2025-09-16 09:34:12,21.91,232200,21.88,U
sz000021,深科技,2025-09-16 09:34:15,21.91,10800,21.91,U
sz000021,深科技,2025-09-16 09:34:18,21.92,15700,21.91,U
sz000021,深科技,2025-09-16 09:34:21,21.92,22200,21.92,U
sz000021,深科技,2025-09-16 09:34:24,21.92,22000,21.92,D
sz000021,深科技,2025-09-16 09:34:27,21.93,70400,21.92,U
sz000021,深科技,2025-09-16 09:34:33,21.95,52000,21.95,U
sz000021,深科技,2025-09-16 09:34:36,21.96,25147,21.95,U
sz000021,深科技,2025-09-16 09:34:39,21.95,18453,21.96,D
sz000021,深科技,2025-09-16 09:34:42,21.95,22347,21.95,U
sz000021,深科技,2025-09-16 09:34:45,21.95,10400,21.95,U
sz000021,深科技,2025-09-16 09:34:48,21.96,18300,21.95,U
sz000021,深科技,2025-09-16 09:34:51,21.93,45800,21.96,D
sz000021,深科技,2025-09-16 09:34:54,21.94,26700,21.93,E
sz000021,深科技,2025-09-16 09:34:57,21.95,21900,21.94,U
sz000021,深科技,2025-09-16 09:35:00,21.95,37100,21.95,U
sz000021,深科技,2025-09-16 09:35:03,21.94,30800,21.95,D
sz000021,深科技,2025-09-16 09:35:06,21.94,15700,21.94,U
sz000021,深科技,2025-09-16 09:35:09,21.94,62600,21.94,D
sz000021,深科技,2025-09-16 09:35:12,21.93,26853,21.94,D
sz000021,深科技,2025-09-16 09:35:15,21.93,10500,21.93,U
sz000021,深科技,2025-09-16 09:35:18,21.92,31100,21.93,D
sz000021,深科技,2025-09-16 09:35:21,21.92,26000,21.92,E
sz000021,深科技,2025-09-16 09:35:24,21.91,17700,21.92,D
sz000021,深科技,2025-09-16 09:35:27,21.91,49500,21.91,U
sz000021,深科技,2025-09-16 09:35:30,21.9,25000,21.91,D
sz000021,深科技,2025-09-16 09:35:33,21.9,58500,21.9,D
sz000021,深科技,2025-09-16 09:35:36,21.9,50700,21.9,D
sz000021,深科技,2025-09-16 09:35:39,21.89,25600,21.9,D
sz000021,深科技,2025-09-16 09:35:42,21.89,35900,21.89,U
sz000021,深科技,2025-09-16 09:35:48,21.89,13000,21.88,U
sz000021,深科技,2025-09-16 09:35:51,21.89,9300,21.89,U
sz000021,深科技,2025-09-16 09:35:54,21.88,12000,21.89,D
sz000021,深科技,2025-09-16 09:35:57,21.89,103900,21.88,U
sz000021,深科技,2025-09-16 09:36:00,21.89,50900,21.89,U
sz000021,深科技,2025-09-16 09:36:03,21.9,14500,21.89,U
sz000021,深科技,2025-09-16 09:36:06,21.9,14400,21.9,D
sz000021,深科技,2025-09-16 09:36:12,21.9,13900,21.91,E
sz000021,深科技,2025-09-16 09:36:15,21.89,13200,21.9,D
sz000021,深科技,2025-09-16 09:36:18,21.9,15600,21.89,U
sz000021,深科技,2025-09-16 09:36:21,21.88,19100,21.9,D
sz000021,深科技,2025-09-16 09:36:27,21.9,36700,21.9,U
sz000021,深科技,2025-09-16 09:36:30,21.9,23200,21.9,U
sz000021,深科技,2025-09-16 09:36:33,21.9,21500,21.9,D
sz000021,深科技,2025-09-16 09:36:36,21.89,24200,21.9,D
sz000021,深科技,2025-09-16 09:36:39,21.9,15400,21.89,U
sz000021,深科技,2025-09-16 09:36:42,21.9,48600,21.9,U
sz000021,深科技,2025-09-16 09:36:45,21.9,33300,21.9,D
sz000021,深科技,2025-09-16 09:36:48,21.93,26100,21.9,U
sz000021,深科技,2025-09-16 09:36:54,21.92,21147,21.93,D
sz000021,深科技,2025-09-16 09:36:57,21.93,11200,21.92,E
sz000021,深科技,2025-09-16 09:37:06,21.93,50653,21.93,U
sz000021,深科技,2025-09-16 09:37:12,21.91,22000,21.92,D
sz000021,深科技,2025-09-16 09:37:15,21.9,25900,21.91,D
sz000021,深科技,2025-09-16 09:37:18,21.88,52500,21.9,D
sz000021,深科技,2025-09-16 09:37:21,21.88,34600,21.88,D
sz000021,深科技,2025-09-16 09:37:24,21.87,13500,21.88,D
sz000021,深科技,2025-09-16 09:37:27,21.88,11300,21.87,U
sz000021,深科技,2025-09-16 09:37:30,21.85,86400,21.88,D
sz000021,深科技,2025-09-16 09:37:36,21.86,21500,21.86,U
sz000021,深科技,2025-09-16 09:37:39,21.84,13600,21.86,D
sz000021,深科技,2025-09-16 09:37:42,21.87,45100,21.84,U
sz000021,深科技,2025-09-16 09:37:45,21.85,20600,21.87,D
sz000021,深科技,2025-09-16 09:37:48,21.87,14200,21.85,E
sz000021,深科技,2025-09-16 09:37:54,21.88,16700,21.86,U
sz000021,深科技,2025-09-16 09:37:57,21.87,14900,21.88,D
sz000021,深科技,2025-09-16 09:38:00,21.88,20300,21.87,U
sz000021,深科技,2025-09-16 09:38:03,21.9,159300,21.88,U
sz000021,深科技,2025-09-16 09:38:06,21.9,67700,21.9,D
sz000021,深科技,2025-09-16 09:38:12,21.94,59200,21.93,U
sz000021,深科技,2025-09-16 09:38:15,21.94,69447,21.94,U
sz000021,深科技,2025-09-16 09:38:24,21.94,16200,21.96,D
sz000021,深科技,2025-09-16 09:38:30,21.96,120700,21.95,U
sz000021,深科技,2025-09-16 09:38:33,21.97,15900,21.96,E
sz000021,深科技,2025-09-16 09:38:36,21.97,12300,21.97,U
sz000021,深科技,2025-09-16 09:38:39,21.98,11700,21.97,U
sz000021,深科技,2025-09-16 09:38:42,21.96,132200,21.98,D
sz000021,深科技,2025-09-16 09:38:45,21.96,12300,21.96,U
sz000021,深科技,2025-09-16 09:38:48,21.95,14100,21.96,D
sz000021,深科技,2025-09-16 09:38:51,21.95,12200,21.95,U
sz000021,深科技,2025-09-16 09:38:54,21.95,30000,21.95,U
sz000021,深科技,2025-09-16 09:38:57,21.96,36700,21.95,U
sz000021,深科技,2025-09-16 09:39:00,21.97,56700,21.96,U
sz000021,深科技,2025-09-16 09:39:06,21.95,30500,21.96,D
sz000021,深科技,2025-09-16 09:39:09,21.95,12100,21.95,U
sz000021,深科技,2025-09-16 09:39:15,21.95,12800,21.95,U
sz000021,深科技,2025-09-16 09:39:18,21.93,35900,21.95,D
sz000021,深科技,2025-09-16 09:39:21,21.92,17400,21.93,D
sz000021,深科技,2025-09-16 09:39:24,21.9,44600,21.92,D
sz000021,深科技,2025-09-16 09:39:27,21.92,11400,21.9,U
sz000021,深科技,2025-09-16 09:39:33,21.9,13100,21.9,U
sz000021,深科技,2025-09-16 09:39:42,21.91,27500,21.91,D
sz000021,深科技,2025-09-16 09:39:45,21.92,60300,21.91,U
sz000021,深科技,2025-09-16 09:39:48,21.92,11800,21.92,D
sz000021,深科技,2025-09-16 09:39:51,21.92,11300,21.92,U
sz000021,深科技,2025-09-16 09:39:54,21.91,34400,21.92,D
sz000021,深科技,2025-09-16 09:40:00,21.95,15600,21.93,U
sz000021,深科技,2025-09-16 09:40:09,21.94,13300,21.94,U
sz000021,深科技,2025-09-16 09:40:12,21.94,17100,21.94,D
sz000021,深科技,2025-09-16 09:40:15,21.92,64300,21.94,D
sz000021,深科技,2025-09-16 09:40:18,21.92,25300,21.92,U
sz000021,深科技,2025-09-16 09:40:24,21.93,72200,21.92,U
sz000021,深科技,2025-09-16 09:40:30,21.92,34000,21.91,D
sz000021,深科技,2025-09-16 09:40:42,21.9,14200,21.91,D
sz000021,深科技,2025-09-16 09:40:48,21.89,22500,21.9,D
sz000021,深科技,2025-09-16 09:40:51,21.88,43500,21.89,D
sz000021,深科技,2025-09-16 09:40:57,21.88,13600,21.88,D
sz000021,深科技,2025-09-16 09:41:06,21.89,118000,21.88,U
sz000021,深科技,2025-09-16 09:41:09,21.89,13700,21.89,D
sz000021,深科技,2025-09-16 09:41:18,21.93,56000,21.9,U
sz000021,深科技,2025-09-16 09:41:21,21.94,37400,21.93,U
sz000021,深科技,2025-09-16 09:41:24,21.95,23600,21.94,U
sz000021,深科技,2025-09-16 09:41:27,21.95,53100,21.95,U
sz000021,深科技,2025-09-16 09:41:30,21.93,25100,21.95,D
sz000021,深科技,2025-09-16 09:41:33,21.95,73100,21.93,U
sz000021,深科技,2025-09-16 09:41:36,21.96,25700,21.95,U
sz000021,深科技,2025-09-16 09:41:39,21.94,12200,21.96,D
sz000021,深科技,2025-09-16 09:41:42,21.96,29600,21.94,U
sz000021,深科技,2025-09-16 09:41:45,21.95,28200,21.96,D
sz000021,深科技,2025-09-16 09:41:48,21.94,22600,21.95,D
sz000021,深科技,2025-09-16 09:41:51,21.94,11400,21.94,D
sz000021,深科技,2025-09-16 09:41:54,21.94,24000,21.94,U
sz000021,深科技,2025-09-16 09:41:57,21.96,18200,21.94,U
sz000021,深科技,2025-09-16 09:42:03,21.94,34200,21.95,D
sz000021,深科技,2025-09-16 09:42:09,21.94,13700,21.93,U
sz000021,深科技,2025-09-16 09:42:12,21.92,27300,21.94,D
sz000021,深科技,2025-09-16 09:42:15,21.9,45000,21.92,D
sz000021,深科技,2025-09-16 09:42:18,21.9,9400,21.9,D
sz000021,深科技,2025-09-16 09:42:24,21.88,128600,21.91,D
sz000021,深科技,2025-09-16 09:42:27,21.88,21100,21.88,U
sz000021,深科技,2025-09-16 09:42:30,21.87,13500,21.88,D
sz000021,深科技,2025-09-16 09:42:33,21.86,11000,21.87,D
sz000021,深科技,2025-09-16 09:42:36,21.88,9800,21.86,U
sz000021,深科技,2025-09-16 09:42:39,21.86,12000,21.88,D
sz000021,深科技,2025-09-16 09:42:42,21.86,40400,21.86,D
sz000021,深科技,2025-09-16 09:42:45,21.87,34400,21.86,D
sz000021,深科技,2025-09-16 09:42:54,21.86,10500,21.86,D
sz000021,深科技,2025-09-16 09:42:57,21.88,23700,21.86,U
sz000021,深科技,2025-09-16 09:43:00,21.89,33200,21.88,U
sz000021,深科技,2025-09-16 09:43:03,21.87,29600,21.89,D
sz000021,深科技,2025-09-16 09:43:06,21.87,12400,21.87,U
sz000021,深科技,2025-09-16 09:43:09,21.86,52400,21.87,D
sz000021,深科技,2025-09-16 09:43:12,21.87,15900,21.86,U
sz000021,深科技,2025-09-16 09:43:21,21.88,28700,21.86,U
sz000021,深科技,2025-09-16 09:43:24,21.88,9500,21.88,D
sz000021,深科技,2025-09-16 09:43:27,21.89,12600,21.88,E
sz000021,深科技,2025-09-16 09:43:36,21.88,20300,21.89,D
sz000021,深科技,2025-09-16 09:43:39,21.89,13700,21.88,E
sz000021,深科技,2025-09-16 09:43:42,21.9,11500,21.89,U
sz000021,深科技,2025-09-16 09:43:51,21.87,15000,21.88,D
sz000021,深科技,2025-09-16 09:43:54,21.87,9500,21.87,D
sz000021,深科技,2025-09-16 09:44:03,21.86,23600,21.87,D
sz000021,深科技,2025-09-16 09:44:06,21.86,18000,21.86,U
sz000021,深科技,2025-09-16 09:44:09,21.86,41300,21.86,E
sz000021,深科技,2025-09-16 09:44:12,21.87,43400,21.86,U
sz000021,深科技,2025-09-16 09:44:15,21.86,28500,21.87,D
sz000021,深科技,2025-09-16 09:44:21,21.85,28600,21.85,D
sz000021,深科技,2025-09-16 09:44:24,21.85,10500,21.85,D
sz000021,深科技,2025-09-16 09:44:27,21.85,10600,21.85,D
sz000021,深科技,2025-09-16 09:44:33,21.87,33100,21.86,U
sz000021,深科技,2025-09-16 09:44:36,21.84,181500,21.87,D
sz000021,深科技,2025-09-16 09:44:39,21.86,24000,21.84,U
sz000021,深科技,2025-09-16 09:44:48,21.83,45100,21.84,D
sz000021,深科技,2025-09-16 09:44:51,21.83,17600,21.83,U
sz000021,深科技,2025-09-16 09:44:54,21.83,17800,21.83,D
sz000021,深科技,2025-09-16 09:45:00,21.81,11600,21.82,D
sz000021,深科技,2025-09-16 09:45:03,21.81,14700,21.81,D
sz000021,深科技,2025-09-16 09:45:12,21.81,16500,21.81,U
sz000021,深科技,2025-09-16 09:45:18,21.85,154800,21.8,U
sz000021,深科技,2025-09-16 09:45:21,21.83,13400,21.85,D
sz000021,深科技,2025-09-16 09:45:24,21.86,9500,21.83,U
sz000021,深科技,2025-09-16 09:45:39,21.86,10400,21.85,E
sz000021,深科技,2025-09-16 09:45:42,21.89,63100,21.86,U
sz000021,深科技,2025-09-16 09:45:45,21.9,24700,21.89,E
sz000021,深科技,2025-09-16 09:45:48,21.89,21000,21.9,D
sz000021,深科技,2025-09-16 09:45:51,21.9,15900,21.89,E
sz000021,深科技,2025-09-16 09:45:57,21.92,16500,21.92,D
sz000021,深科技,2025-09-16 09:46:00,21.97,135800,21.92,U
sz000021,深科技,2025-09-16 09:46:03,21.97,58100,21.97,D
sz000021,深科技,2025-09-16 09:46:06,21.98,34400,21.97,U
sz000021,深科技,2025-09-16 09:46:09,21.99,16700,21.98,U
sz000021,深科技,2025-09-16 09:46:12,21.98,24000,21.99,D
sz000021,深科技,2025-09-16 09:46:15,22.02,156900,21.98,U
sz000021,深科技,2025-09-16 09:46:18,22.02,52100,22.02,U
sz000021,深科技,2025-09-16 09:46:24,22.04,28500,22.03,U
sz000021,深科技,2025-09-16 09:46:27,22.03,61100,22.04,U
sz000021,深科技,2025-09-16 09:46:30,22.04,47700,22.03,E
sz000021,深科技,2025-09-16 09:46:33,22.03,39500,22.04,D
sz000021,深科技,2025-09-16 09:46:36,22.04,13100,22.03,U
sz000021,深科技,2025-09-16 09:46:39,22.02,18000,22.04,E
sz000021,深科技,2025-09-16 09:46:42,22.01,21400,22.02,E
sz000021,深科技,2025-09-16 09:46:45,22.02,13800,22.01,U
sz000021,深科技,2025-09-16 09:46:57,22.0,23700,22.0,U
sz000021,深科技,2025-09-16 09:47:06,22.0,35900,22.02,D
sz000021,深科技,2025-09-16 09:47:09,22.0,16200,22.0,D
sz000021,深科技,2025-09-16 09:47:12,22.03,154000,22.0,U
sz000021,深科技,2025-09-16 09:47:15,22.04,17200,22.03,E
sz000021,深科技,2025-09-16 09:47:18,22.06,12500,22.04,U
sz000021,深科技,2025-09-16 09:47:24,22.06,31600,22.05,U
sz000021,深科技,2025-09-16 09:47:27,22.05,39400,22.06,E
sz000021,深科技,2025-09-16 09:47:33,22.03,18900,22.04,D
sz000021,深科技,2025-09-16 09:47:36,22.04,46900,22.03,E
sz000021,深科技,2025-09-16 09:47:39,22.05,20500,22.04,U
sz000021,深科技,2025-09-16 09:47:45,22.05,36900,22.04,U
sz000021,深科技,2025-09-16 09:47:51,22.04,10200,22.04,U
sz000021,深科技,2025-09-16 09:47:54,22.04,33900,22.04,U
sz000021,深科技,2025-09-16 09:47:57,22.02,27600,22.04,D
sz000021,深科技,2025-09-16 09:48:00,22.03,17500,22.02,U
sz000021,深科技,2025-09-16 09:48:03,22.01,11100,22.03,D
sz000021,深科技,2025-09-16 09:48:06,22.03,82400,22.01,U
sz000021,深科技,2025-09-16 09:48:09,22.04,44700,22.03,U
sz000021,深科技,2025-09-16 09:48:12,22.04,17900,22.04,U
sz000021,深科技,2025-09-16 09:48:15,22.04,9200,22.04,U
sz000021,深科技,2025-09-16 09:48:18,22.04,44200,22.04,U
sz000021,深科技,2025-09-16 09:48:21,22.04,48000,22.04,U
sz000021,深科技,2025-09-16 09:48:24,22.05,15000,22.04,U
sz000021,深科技,2025-09-16 09:48:27,22.04,60100,22.05,D
sz000021,深科技,2025-09-16 09:48:30,22.04,29600,22.04,D
sz000021,深科技,2025-09-16 09:48:33,22.02,12900,22.04,D
sz000021,深科技,2025-09-16 09:48:36,22.02,53100,22.02,D
sz000021,深科技,2025-09-16 09:48:42,22.04,14100,22.03,U
sz000021,深科技,2025-09-16 09:48:45,22.04,23000,22.04,U
sz000021,深科技,2025-09-16 09:48:48,22.02,9500,22.04,E
sz000021,深科技,2025-09-16 09:48:51,22.03,10900,22.02,U
sz000021,深科技,2025-09-16 09:48:57,22.03,20600,22.03,U
sz000021,深科技,2025-09-16 09:49:00,22.02,23600,22.03,D
sz000021,深科技,2025-09-16 09:49:03,22.03,29800,22.02,U
sz000021,深科技,2025-09-16 09:49:06,22.03,15000,22.03,U
sz000021,深科技,2025-09-16 09:49:09,22.03,11600,22.03,U
sz000021,深科技,2025-09-16 09:49:12,22.03,9900,22.03,U
sz000021,深科技,2025-09-16 09:49:15,22.02,17600,22.03,D
sz000021,深科技,2025-09-16 09:49:18,22.03,21000,22.02,U
sz000021,深科技,2025-09-16 09:49:21,22.02,10400,22.03,D
sz000021,深科技,2025-09-16 09:49:27,22.01,11100,22.02,D
sz000021,深科技,2025-09-16 09:49:30,22.0,26500,22.01,D
sz000021,深科技,2025-09-16 09:49:33,22.02,43800,22.0,U
sz000021,深科技,2025-09-16 09:49:36,22.01,15100,22.02,D
sz000021,深科技,2025-09-16 09:49:39,22.02,39600,22.01,U
sz000021,深科技,2025-09-16 09:49:51,22.0,10900,22.0,D
sz000021,深科技,2025-09-16 09:49:54,22.01,28300,22.0,U
sz000021,深科技,2025-09-16 09:49:57,22.01,78700,22.01,D
sz000021,深科技,2025-09-16 09:50:00,22.03,14100,22.01,U
sz000021,深科技,2025-09-16 09:50:03,22.01,29600,22.03,D
sz000021,深科技,2025-09-16 09:50:09,22.02,9500,22.02,D
sz000021,深科技,2025-09-16 09:50:12,22.02,28900,22.02,D
sz000021,深科技,2025-09-16 09:50:15,22.04,35000,22.02,U
sz000021,深科技,2025-09-16 09:50:18,22.0,184300,22.04,D
sz000021,深科技,2025-09-16 09:50:24,22.0,20900,22.0,U
sz000021,深科技,2025-09-16 09:50:27,22.0,15400,22.0,U
sz000021,深科技,2025-09-16 09:50:30,22.0,9200,22.0,U
sz000021,深科技,2025-09-16 09:50:33,21.98,9700,22.0,D
sz000021,深科技,2025-09-16 09:50:36,21.99,21400,21.98,U
sz000021,深科技,2025-09-16 09:50:39,21.97,42400,21.99,D
sz000021,深科技,2025-09-16 09:50:48,21.99,59700,21.98,U
sz000021,深科技,2025-09-16 09:50:51,22.0,20400,21.99,U
sz000021,深科技,2025-09-16 09:50:54,22.0,45800,22.0,D
sz000021,深科技,2025-09-16 09:50:57,22.0,62100,22.0,D
sz000021,深科技,2025-09-16 09:51:00,22.01,13000,22.0,E
sz000021,深科技,2025-09-16 09:51:03,22.01,52900,22.01,U
sz000021,深科技,2025-09-16 09:51:06,22.01,17000,22.01,D
sz000021,深科技,2025-09-16 09:51:09,22.0,23700,22.01,D
sz000021,深科技,2025-09-16 09:51:12,22.0,17900,22.0,U
sz000021,深科技,2025-09-16 09:51:18,22.0,16700,22.0,U
sz000021,深科技,2025-09-16 09:51:27,22.0,16200,22.0,D
sz000021,深科技,2025-09-16 09:51:33,21.99,78100,22.0,D
sz000021,深科技,2025-09-16 09:51:42,21.99,15400,21.99,D
sz000021,深科技,2025-09-16 09:51:45,22.0,16500,21.99,U
sz000021,深科技,2025-09-16 09:51:48,21.99,10100,22.0,D
sz000021,深科技,2025-09-16 09:51:51,22.0,58700,21.99,U
sz000021,深科技,2025-09-16 09:51:54,21.98,10200,22.0,D
sz000021,深科技,2025-09-16 09:52:00,22.0,34100,21.99,U
sz000021,深科技,2025-09-16 09:52:03,21.99,36900,22.0,D
sz000021,深科技,2025-09-16 09:52:09,22.01,9700,22.0,U
sz000021,深科技,2025-09-16 09:52:12,21.99,24500,22.01,D
sz000021,深科技,2025-09-16 09:52:18,22.0,51400,22.0,U
sz000021,深科技,2025-09-16 09:52:24,22.0,31700,22.01,D
sz000021,深科技,2025-09-16 09:52:27,21.98,49400,22.0,D
sz000021,深科技,2025-09-16 09:52:30,21.99,14300,21.98,U
sz000021,深科技,2025-09-16 09:52:33,22.0,11000,21.99,U
sz000021,深科技,2025-09-16 09:52:48,21.97,15700,21.97,U
sz000021,深科技,2025-09-16 09:52:54,21.96,40900,21.96,D
sz000021,深科技,2025-09-16 09:53:06,21.97,12400,21.96,U
sz000021,深科技,2025-09-16 09:53:15,21.95,130200,21.97,D
sz000021,深科技,2025-09-16 09:53:27,21.94,15600,21.95,D
sz000021,深科技,2025-09-16 09:53:33,21.94,13400,21.93,U
sz000021,深科技,2025-09-16 09:53:36,21.94,16500,21.94,U
sz000021,深科技,2025-09-16 09:53:45,21.95,26600,21.94,U
sz000021,深科技,2025-09-16 09:53:51,21.96,15100,21.95,U
sz000021,深科技,2025-09-16 09:53:54,21.96,30500,21.96,D
sz000021,深科技,2025-09-16 09:54:00,21.98,27000,21.97,U
sz000021,深科技,2025-09-16 09:54:06,21.99,12600,21.97,U
sz000021,深科技,2025-09-16 09:54:15,22.0,26100,22.0,U
sz000021,深科技,2025-09-16 09:54:18,22.01,27400,22.0,U
sz000021,深科技,2025-09-16 09:54:21,22.01,14000,22.01,D
sz000021,深科技,2025-09-16 09:54:24,22.02,18600,22.01,U
sz000021,深科技,2025-09-16 09:54:30,22.03,17700,22.03,U
sz000021,深科技,2025-09-16 09:54:36,22.04,20000,22.04,U
sz000021,深科技,2025-09-16 09:54:39,22.03,43100,22.04,D
sz000021,深科技,2025-09-16 09:54:42,22.03,9800,22.03,U
sz000021,深科技,2025-09-16 09:54:45,22.01,11600,22.03,D
sz000021,深科技,2025-09-16 09:54:48,22.03,21900,22.01,U
sz000021,深科技,2025-09-16 09:54:51,22.01,10400,22.03,D
sz000021,深科技,2025-09-16 09:54:54,22.0,66400,22.01,D
sz000021,深科技,2025-09-16 09:54:57,22.02,38000,22.0,U
sz000021,深科技,2025-09-16 09:55:03,22.02,27700,22.01,U
sz000021,深科技,2025-09-16 09:55:06,21.99,151900,22.02,D
sz000021,深科技,2025-09-16 09:55:09,22.0,14800,21.99,U
sz000021,深科技,2025-09-16 09:55:12,22.0,58900,22.0,U
sz000021,深科技,2025-09-16 09:55:27,22.0,20000,22.0,D
sz000021,深科技,2025-09-16 09:55:36,21.99,31900,22.01,D
sz000021,深科技,2025-09-16 09:55:39,21.98,15000,21.99,D
sz000021,深科技,2025-09-16 09:55:42,21.98,16000,21.98,U
sz000021,深科技,2025-09-16 09:55:45,21.98,9900,21.98,D
sz000021,深科技,2025-09-16 09:55:48,21.98,20300,21.98,E
sz000021,深科技,2025-09-16 09:55:57,21.96,13200,21.97,E
sz000021,深科技,2025-09-16 09:56:03,21.94,55200,21.96,D
sz000021,深科技,2025-09-16 09:56:06,21.93,41000,21.94,D
sz000021,深科技,2025-09-16 09:56:15,21.94,12900,21.92,U
sz000021,深科技,2025-09-16 09:56:24,21.95,45200,21.93,U
sz000021,深科技,2025-09-16 09:56:27,21.94,17000,21.95,E
sz000021,深科技,2025-09-16 09:56:45,21.95,11200,21.95,U
sz000021,深科技,2025-09-16 09:56:51,21.95,19800,21.95,D
sz000021,深科技,2025-09-16 09:56:54,21.94,28300,21.95,D
sz000021,深科技,2025-09-16 09:57:00,21.94,22700,21.95,D
sz000021,深科技,2025-09-16 09:57:03,21.92,28000,21.94,D
sz000021,深科技,2025-09-16 09:57:09,21.91,111300,21.93,D
sz000021,深科技,2025-09-16 09:57:12,21.91,29800,21.91,U
sz000021,深科技,2025-09-16 09:57:21,21.9,21600,21.91,D
sz000021,深科技,2025-09-16 09:57:27,21.9,15900,21.9,D
sz000021,深科技,2025-09-16 09:57:30,21.9,23400,21.9,D
sz000021,深科技,2025-09-16 09:57:33,21.91,35100,21.9,U
sz000021,深科技,2025-09-16 09:57:36,21.9,22900,21.91,D
sz000021,深科技,2025-09-16 09:57:48,21.91,12700,21.9,U
sz000021,深科技,2025-09-16 09:57:54,21.9,42700,21.89,U
sz000021,深科技,2025-09-16 09:58:06,21.88,17000,21.89,D
sz000021,深科技,2025-09-16 09:58:09,21.88,40600,21.88,D
sz000021,深科技,2025-09-16 09:58:12,21.89,18200,21.88,E
sz000021,深科技,2025-09-16 09:58:15,21.88,23700,21.89,D
sz000021,深科技,2025-09-16 09:58:18,21.87,15100,21.88,D
sz000021,深科技,2025-09-16 09:58:21,21.87,11800,21.87,E
sz000021,深科技,2025-09-16 09:58:24,21.89,33500,21.87,U
sz000021,深科技,2025-09-16 09:58:27,21.86,16900,21.89,D
sz000021,深科技,2025-09-16 09:58:30,21.86,35000,21.86,U
sz000021,深科技,2025-09-16 09:58:33,21.85,49100,21.86,D
sz000021,深科技,2025-09-16 09:58:51,21.87,14500,21.86,U
sz000021,深科技,2025-09-16 09:58:54,21.88,23300,21.87,U
sz000021,深科技,2025-09-16 09:59:03,21.86,32100,21.87,D
sz000021,深科技,2025-09-16 09:59:12,21.88,11400,21.87,U
sz000021,深科技,2025-09-16 09:59:15,21.87,12300,21.88,D
sz000021,深科技,2025-09-16 09:59:42,21.88,10200,21.88,D
sz000021,深科技,2025-09-16 09:59:45,21.88,9700,21.88,E
sz000021,深科技,2025-09-16 09:59:48,21.89,148600,21.88,U
sz000021,深科技,2025-09-16 09:59:51,21.88,10600,21.89,E
sz000021,深科技,2025-09-16 09:59:54,21.88,44400,21.88,U
sz000021,深科技,2025-09-16 09:59:57,21.86,16500,21.88,D
sz000021,深科技,2025-09-16 10:00:00,21.87,13600,21.86,U
sz000021,深科技,2025-09-16 10:00:12,21.86,10600,21.86,D
sz000021,深科技,2025-09-16 10:00:18,21.87,16400,21.85,U
sz000021,深科技,2025-09-16 10:00:24,21.86,54100,21.85,D
sz000021,深科技,2025-09-16 10:00:27,21.86,17800,21.86,E
sz000021,深科技,2025-09-16 10:00:39,21.86,18800,21.85,U
sz000021,深科技,2025-09-16 10:00:45,21.85,10400,21.84,U
sz000021,深科技,2025-09-16 10:00:51,21.86,70100,21.85,U
sz000021,深科技,2025-09-16 10:00:57,21.86,22300,21.86,U
sz000021,深科技,2025-09-16 10:01:03,21.85,9800,21.86,D
sz000021,深科技,2025-09-16 10:01:09,21.86,24900,21.86,U
sz000021,深科技,2025-09-16 10:01:12,21.86,29800,21.86,U
sz000021,深科技,2025-09-16 10:01:24,21.85,24400,21.85,E
sz000021,深科技,2025-09-16 10:01:30,21.85,54500,21.85,D
sz000021,深科技,2025-09-16 10:01:33,21.85,20900,21.85,D
sz000021,深科技,2025-09-16 10:01:45,21.84,75100,21.85,U
sz000021,深科技,2025-09-16 10:01:48,21.83,15400,21.84,E
sz000021,深科技,2025-09-16 10:01:54,21.84,9700,21.83,U
sz000021,深科技,2025-09-16 10:01:57,21.85,11600,21.84,U
sz000021,深科技,2025-09-16 10:02:00,21.84,158800,21.85,D
sz000021,深科技,2025-09-16 10:02:03,21.88,16300,21.84,U
sz000021,深科技,2025-09-16 10:02:24,21.89,14500,21.89,D
sz000021,深科技,2025-09-16 10:02:39,21.9,22200,21.91,D
sz000021,深科技,2025-09-16 10:02:42,21.91,19500,21.9,U
sz000021,深科技,2025-09-16 10:02:57,21.91,48400,21.92,D
sz000021,深科技,2025-09-16 10:03:00,21.91,17300,21.91,D
sz000021,深科技,2025-09-16 10:03:03,21.88,42100,21.91,D
sz000021,深科技,2025-09-16 10:03:06,21.83,94300,21.88,D
sz000021,深科技,2025-09-16 10:03:09,21.85,39100,21.83,U
sz000021,深科技,2025-09-16 10:03:12,21.84,18700,21.85,E
sz000021,深科技,2025-09-16 10:03:33,21.85,13700,21.85,U
sz000021,深科技,2025-09-16 10:03:39,21.83,29100,21.86,D
sz000021,深科技,2025-09-16 10:03:45,21.83,16700,21.84,E
sz000021,深科技,2025-09-16 10:04:03,21.84,9300,21.86,D
sz000021,深科技,2025-09-16 10:04:12,21.84,9200,21.83,D
sz000021,深科技,2025-09-16 10:04:15,21.84,19000,21.84,U
sz000021,深科技,2025-09-16 10:04:18,21.83,276900,21.84,D
sz000021,深科技,2025-09-16 10:04:21,21.83,38700,21.83,U
sz000021,深科技,2025-09-16 10:04:27,21.83,23600,21.82,U
sz000021,深科技,2025-09-16 10:04:33,21.82,19900,21.83,D
sz000021,深科技,2025-09-16 10:04:36,21.84,64200,21.82,U
sz000021,深科技,2025-09-16 10:04:39,21.83,11400,21.84,E
sz000021,深科技,2025-09-16 10:05:00,21.82,15400,21.81,U
sz000021,深科技,2025-09-16 10:05:06,21.82,27600,21.81,U
sz000021,深科技,2025-09-16 10:05:09,21.82,35700,21.82,D
sz000021,深科技,2025-09-16 10:05:12,21.83,42600,21.82,U
sz000021,深科技,2025-09-16 10:05:15,21.81,9800,21.83,D
sz000021,深科技,2025-09-16 10:05:18,21.83,10900,21.81,U
sz000021,深科技,2025-09-16 10:05:21,21.82,11700,21.83,D
sz000021,深科技,2025-09-16 10:05:24,21.83,10600,21.82,D
sz000021,深科技,2025-09-16 10:05:39,21.84,35300,21.84,D
sz000021,深科技,2025-09-16 10:05:48,21.83,22400,21.84,D
sz000021,深科技,2025-09-16 10:06:12,21.82,32400,21.83,D
sz000021,深科技,2025-09-16 10:06:18,21.83,10300,21.83,D
sz000021,深科技,2025-09-16 10:06:21,21.84,31100,21.83,U
sz000021,深科技,2025-09-16 10:06:33,21.84,11800,21.82,U
sz000021,深科技,2025-09-16 10:06:36,21.84,50000,21.84,U
sz000021,深科技,2025-09-16 10:06:45,21.83,18900,21.83,U
sz000021,深科技,2025-09-16 10:06:51,21.83,26000,21.83,U
sz000021,深科技,2025-09-16 10:06:54,21.83,17300,21.83,E
sz000021,深科技,2025-09-16 10:07:00,21.83,11300,21.83,D
sz000021,深科技,2025-09-16 10:07:06,21.82,10900,21.83,D
sz000021,深科技,2025-09-16 10:07:12,21.81,11700,21.83,D
sz000021,深科技,2025-09-16 10:07:15,21.81,55500,21.81,D
sz000021,深科技,2025-09-16 10:07:18,21.8,127300,21.81,D
sz000021,深科技,2025-09-16 10:07:30,21.8,22600,21.8,U
sz000021,深科技,2025-09-16 10:07:36,21.79,23700,21.79,D
sz000021,深科技,2025-09-16 10:07:39,21.78,36700,21.79,D
sz000021,深科技,2025-09-16 10:07:42,21.79,34000,21.78,U
sz000021,深科技,2025-09-16 10:07:45,21.79,10500,21.79,E
sz000021,深科技,2025-09-16 10:07:48,21.8,58600,21.79,U
sz000021,深科技,2025-09-16 10:07:51,21.79,11900,21.8,D
sz000021,深科技,2025-09-16 10:07:54,21.81,46900,21.79,U
sz000021,深科技,2025-09-16 10:08:09,21.79,11700,21.8,D
sz000021,深科技,2025-09-16 10:08:12,21.79,10900,21.79,D
sz000021,深科技,2025-09-16 10:08:15,21.79,31300,21.79,E
sz000021,深科技,2025-09-16 10:08:18,21.81,38400,21.79,U
sz000021,深科技,2025-09-16 10:08:27,21.83,62400,21.83,D
sz000021,深科技,2025-09-16 10:08:36,21.84,9200,21.83,U
sz000021,深科技,2025-09-16 10:08:39,21.84,11500,21.84,U
sz000021,深科技,2025-09-16 10:08:48,21.82,11600,21.83,D
sz000021,深科技,2025-09-16 10:08:51,21.82,15300,21.82,U
sz000021,深科技,2025-09-16 10:08:54,21.82,10500,21.82,U
sz000021,深科技,2025-09-16 10:09:06,21.82,39000,21.81,U
sz000021,深科技,2025-09-16 10:09:15,21.84,9500,21.83,U
sz000021,深科技,2025-09-16 10:09:24,21.84,11700,21.84,U
sz000021,深科技,2025-09-16 10:09:51,21.84,10100,21.84,U
sz000021,深科技,2025-09-16 10:09:57,21.84,114300,21.84,U
sz000021,深科技,2025-09-16 10:10:21,21.84,11300,21.82,U
sz000021,深科技,2025-09-16 10:10:27,21.86,31900,21.85,U
sz000021,深科技,2025-09-16 10:10:36,21.85,19500,21.85,U
sz000021,深科技,2025-09-16 10:10:48,21.84,43621,21.85,D
sz000021,深科技,2025-09-16 10:10:57,21.83,22900,21.83,U
sz000021,深科技,2025-09-16 10:11:12,21.83,14100,21.82,U
sz000021,深科技,2025-09-16 10:11:18,21.84,9800,21.83,U
sz000021,深科技,2025-09-16 10:11:21,21.83,24900,21.84,D
sz000021,深科技,2025-09-16 10:11:30,21.83,11600,21.83,U
sz000021,深科技,2025-09-16 10:11:45,21.84,10300,21.84,D
sz000021,深科技,2025-09-16 10:11:57,21.84,19800,21.84,U
sz000021,深科技,2025-09-16 10:12:03,21.82,22900,21.83,D
sz000021,深科技,2025-09-16 10:12:09,21.79,163000,21.81,D
sz000021,深科技,2025-09-16 10:12:15,21.8,11100,21.8,U
sz000021,深科技,2025-09-16 10:12:24,21.8,11500,21.82,D
sz000021,深科技,2025-09-16 10:12:30,21.79,13700,21.79,D
sz000021,深科技,2025-09-16 10:12:33,21.8,18800,21.79,U
sz000021,深科技,2025-09-16 10:12:36,21.79,27800,21.8,D
sz000021,深科技,2025-09-16 10:12:39,21.79,15700,21.79,U
sz000021,深科技,2025-09-16 10:12:42,21.78,35100,21.79,D
sz000021,深科技,2025-09-16 10:12:48,21.78,31400,21.78,D
sz000021,深科技,2025-09-16 10:12:54,21.76,41100,21.78,D
sz000021,深科技,2025-09-16 10:12:57,21.76,9800,21.76,D
sz000021,深科技,2025-09-16 10:13:03,21.75,106400,21.77,D
sz000021,深科技,2025-09-16 10:13:09,21.74,13600,21.75,D
sz000021,深科技,2025-09-16 10:13:12,21.74,9800,21.74,D
sz000021,深科技,2025-09-16 10:13:15,21.74,13000,21.74,D
sz000021,深科技,2025-09-16 10:13:18,21.74,18100,21.74,D
sz000021,深科技,2025-09-16 10:13:24,21.74,22400,21.74,U
sz000021,深科技,2025-09-16 10:13:27,21.73,44100,21.74,D
sz000021,深科技,2025-09-16 10:13:30,21.75,35921,21.73,U
sz000021,深科技,2025-09-16 10:13:33,21.75,10900,21.75,U
sz000021,深科技,2025-09-16 10:13:36,21.74,18200,21.75,D
sz000021,深科技,2025-09-16 10:13:39,21.73,34500,21.74,D
sz000021,深科技,2025-09-16 10:13:42,21.73,14800,21.73,D
sz000021,深科技,2025-09-16 10:13:45,21.73,12500,21.73,D
sz000021,深科技,2025-09-16 10:13:48,21.73,59679,21.73,D
sz000021,深科技,2025-09-16 10:13:51,21.73,13021,21.73,U
sz000021,深科技,2025-09-16 10:13:54,21.75,27400,21.73,U
sz000021,深科技,2025-09-16 10:13:57,21.77,80500,21.75,U
sz000021,深科技,2025-09-16 10:14:00,21.77,30600,21.77,D
sz000021,深科技,2025-09-16 10:14:06,21.74,11600,21.77,D
sz000021,深科技,2025-09-16 10:14:18,21.75,59400,21.75,D
sz000021,深科技,2025-09-16 10:14:21,21.75,15400,21.75,D
sz000021,深科技,2025-09-16 10:14:30,21.75,20900,21.76,D
sz000021,深科技,2025-09-16 10:14:36,21.77,33900,21.77,U
sz000021,深科技,2025-09-16 10:14:39,21.76,27000,21.77,D
sz000021,深科技,2025-09-16 10:14:48,21.75,20100,21.75,D
sz000021,深科技,2025-09-16 10:14:51,21.76,35300,21.75,U
sz000021,深科技,2025-09-16 10:15:09,21.77,10500,21.77,U
sz000021,深科技,2025-09-16 10:15:18,21.75,9300,21.75,D
sz000021,深科技,2025-09-16 10:15:21,21.75,10200,21.75,D
sz000021,深科技,2025-09-16 10:15:24,21.76,22400,21.75,U
sz000021,深科技,2025-09-16 10:15:27,21.76,105200,21.76,U
sz000021,深科技,2025-09-16 10:15:30,21.75,20100,21.76,D
sz000021,深科技,2025-09-16 10:15:36,21.76,12000,21.75,U
sz000021,深科技,2025-09-16 10:15:39,21.75,44000,21.76,D
sz000021,深科技,2025-09-16 10:15:42,21.76,19100,21.75,U
sz000021,深科技,2025-09-16 10:15:51,21.75,26800,21.76,D
sz000021,深科技,2025-09-16 10:15:54,21.75,22100,21.75,U
sz000021,深科技,2025-09-16 10:16:00,21.75,15000,21.75,E
sz000021,深科技,2025-09-16 10:16:06,21.75,9200,21.75,D
sz000021,深科技,2025-09-16 10:16:09,21.75,40600,21.75,U
sz000021,深科技,2025-09-16 10:16:15,21.74,10100,21.75,D
sz000021,深科技,2025-09-16 10:16:21,21.74,12300,21.74,D
sz000021,深科技,2025-09-16 10:16:30,21.72,72179,21.74,D
sz000021,深科技,2025-09-16 10:16:33,21.72,23600,21.72,D
sz000021,深科技,2025-09-16 10:16:36,21.72,11900,21.72,D
sz000021,深科技,2025-09-16 10:16:39,21.72,40600,21.72,D
sz000021,深科技,2025-09-16 10:16:42,21.69,397100,21.72,D
sz000021,深科技,2025-09-16 10:16:51,21.71,67300,21.7,U
sz000021,深科技,2025-09-16 10:16:54,21.71,18500,21.71,U
sz000021,深科技,2025-09-16 10:16:57,21.7,39400,21.71,D
sz000021,深科技,2025-09-16 10:17:00,21.7,31500,21.7,D
sz000021,深科技,2025-09-16 10:17:03,21.7,61100,21.7,D
sz000021,深科技,2025-09-16 10:17:06,21.72,34100,21.7,U
sz000021,深科技,2025-09-16 10:17:12,21.73,11100,21.74,D
sz000021,深科技,2025-09-16 10:17:21,21.73,12800,21.74,D
sz000021,深科技,2025-09-16 10:17:33,21.74,28400,21.74,U
sz000021,深科技,2025-09-16 10:17:54,21.73,10300,21.73,D
sz000021,深科技,2025-09-16 10:18:03,21.72,25800,21.73,D
sz000021,深科技,2025-09-16 10:18:09,21.73,23600,21.73,U
sz000021,深科技,2025-09-16 10:18:12,21.72,19800,21.73,D
sz000021,深科技,2025-09-16 10:18:42,21.72,10100,21.73,D
sz000021,深科技,2025-09-16 10:18:54,21.72,25000,21.72,U
sz000021,深科技,2025-09-16 10:18:57,21.72,11900,21.72,U
sz000021,深科技,2025-09-16 10:19:12,21.72,22500,21.72,U
sz000021,深科技,2025-09-16 10:19:18,21.72,12300,21.72,D
sz000021,深科技,2025-09-16 10:19:21,21.73,11200,21.72,U
sz000021,深科技,2025-09-16 10:19:33,21.73,10500,21.73,D
sz000021,深科技,2025-09-16 10:19:45,21.74,16100,21.74,D
sz000021,深科技,2025-09-16 10:20:03,21.74,15100,21.74,D
sz000021,深科技,2025-09-16 10:20:09,21.75,10600,21.74,U
sz000021,深科技,2025-09-16 10:20:18,21.74,17600,21.74,D
sz000021,深科技,2025-09-16 10:20:21,21.74,26300,21.74,U
sz000021,深科技,2025-09-16 10:20:24,21.74,9500,21.74,U
sz000021,深科技,2025-09-16 10:20:33,21.74,13700,21.72,U
sz000021,深科技,2025-09-16 10:20:45,21.73,9600,21.72,U
sz000021,深科技,2025-09-16 10:20:51,21.72,24600,21.72,D
sz000021,深科技,2025-09-16 10:20:54,21.72,52300,21.72,E
sz000021,深科技,2025-09-16 10:20:57,21.71,9600,21.72,E
sz000021,深科技,2025-09-16 10:21:06,21.7,66600,21.7,D
sz000021,深科技,2025-09-16 10:21:18,21.69,23400,21.7,D
sz000021,深科技,2025-09-16 10:21:24,21.69,21000,21.71,D
sz000021,深科技,2025-09-16 10:21:27,21.7,147800,21.69,U
sz000021,深科技,2025-09-16 10:21:30,21.71,14600,21.7,E
sz000021,深科技,2025-09-16 10:21:33,21.7,12900,21.71,D
sz000021,深科技,2025-09-16 10:21:36,21.71,11400,21.7,E
sz000021,深科技,2025-09-16 10:22:03,21.72,14400,21.72,U
sz000021,深科技,2025-09-16 10:22:09,21.73,9900,21.73,U
sz000021,深科技,2025-09-16 10:22:12,21.73,10200,21.73,U
sz000021,深科技,2025-09-16 10:22:27,21.74,63000,21.72,U
sz000021,深科技,2025-09-16 10:23:06,21.72,13700,21.72,D
sz000021,深科技,2025-09-16 10:23:09,21.72,11900,21.72,U
sz000021,深科技,2025-09-16 10:23:24,21.74,30000,21.74,D
sz000021,深科技,2025-09-16 10:23:57,21.75,20800,21.75,U
sz000021,深科技,2025-09-16 10:24:30,21.78,15200,21.76,U
sz000021,深科技,2025-09-16 10:24:33,21.78,13900,21.78,U
sz000021,深科技,2025-09-16 10:24:45,21.79,26900,21.78,U
sz000021,深科技,2025-09-16 10:24:54,21.78,14500,21.79,D
sz000021,深科技,2025-09-16 10:24:57,21.77,13800,21.78,D
sz000021,深科技,2025-09-16 10:25:00,21.78,10400,21.77,U
sz000021,深科技,2025-09-16 10:25:06,21.77,10400,21.77,E
sz000021,深科技,2025-09-16 10:25:09,21.77,103300,21.77,D
sz000021,深科技,2025-09-16 10:25:21,21.79,17800,21.78,E
sz000021,深科技,2025-09-16 10:25:27,21.8,11200,21.8,U
sz000021,深科技,2025-09-16 10:25:30,21.8,16400,21.8,U
sz000021,深科技,2025-09-16 10:25:33,21.78,14700,21.8,D
sz000021,深科技,2025-09-16 10:25:36,21.77,23200,21.78,D
sz000021,深科技,2025-09-16 10:25:42,21.75,11000,21.77,D
sz000021,深科技,2025-09-16 10:25:48,21.76,9200,21.74,U
sz000021,深科技,2025-09-16 10:26:12,21.77,15100,21.77,U
sz000021,深科技,2025-09-16 10:26:27,21.77,20000,21.78,D
sz000021,深科技,2025-09-16 10:26:30,21.78,14300,21.77,E
sz000021,深科技,2025-09-16 10:26:54,21.75,15100,21.78,D
sz000021,深科技,2025-09-16 10:26:57,21.74,26100,21.75,D
sz000021,深科技,2025-09-16 10:27:03,21.75,18000,21.75,E
sz000021,深科技,2025-09-16 10:27:15,21.73,23900,21.73,D
sz000021,深科技,2025-09-16 10:27:21,21.76,19400,21.73,U
sz000021,深科技,2025-09-16 10:27:48,21.76,13100,21.75,U
sz000021,深科技,2025-09-16 10:28:06,21.75,12700,21.76,D
sz000021,深科技,2025-09-16 10:28:24,21.75,20000,21.74,U
sz000021,深科技,2025-09-16 10:28:27,21.74,14900,21.75,D
sz000021,深科技,2025-09-16 10:28:42,21.75,9600,21.75,U
sz000021,深科技,2025-09-16 10:28:48,21.74,14400,21.75,D
sz000021,深科技,2025-09-16 10:29:09,21.76,12500,21.76,D
sz000021,深科技,2025-09-16 10:29:21,21.77,17000,21.77,U
sz000021,深科技,2025-09-16 10:30:09,21.78,28000,21.79,D
sz000021,深科技,2025-09-16 10:30:27,21.78,15200,21.77,U
sz000021,深科技,2025-09-16 10:30:33,21.77,13000,21.78,D
sz000021,深科技,2025-09-16 10:30:45,21.78,10000,21.77,E
sz000021,深科技,2025-09-16 10:31:00,21.79,25300,21.79,U
sz000021,深科技,2025-09-16 10:31:03,21.79,11300,21.79,U
sz000021,深科技,2025-09-16 10:31:12,21.78,22700,21.78,D
sz000021,深科技,2025-09-16 10:31:18,21.77,30800,21.78,D
sz000021,深科技,2025-09-16 10:31:24,21.75,65300,21.77,D
sz000021,深科技,2025-09-16 10:31:36,21.75,16200,21.73,U
sz000021,深科技,2025-09-16 10:31:48,21.73,20300,21.73,D
sz000021,深科技,2025-09-16 10:31:51,21.73,103000,21.73,D
sz000021,深科技,2025-09-16 10:32:00,21.72,9700,21.72,D
sz000021,深科技,2025-09-16 10:32:03,21.71,39400,21.72,D
sz000021,深科技,2025-09-16 10:32:06,21.71,58100,21.71,D
sz000021,深科技,2025-09-16 10:32:09,21.7,11300,21.71,D
sz000021,深科技,2025-09-16 10:32:12,21.68,218000,21.7,D
sz000021,深科技,2025-09-16 10:32:15,21.67,47900,21.68,D
sz000021,深科技,2025-09-16 10:32:21,21.68,18200,21.68,U
sz000021,深科技,2025-09-16 10:32:24,21.69,15800,21.68,U
sz000021,深科技,2025-09-16 10:32:27,21.69,26600,21.69,D
sz000021,深科技,2025-09-16 10:32:30,21.7,26200,21.69,U
sz000021,深科技,2025-09-16 10:32:33,21.67,21900,21.7,D
sz000021,深科技,2025-09-16 10:32:39,21.68,21400,21.69,D
sz000021,深科技,2025-09-16 10:32:42,21.69,23400,21.68,U
sz000021,深科技,2025-09-16 10:32:45,21.69,16200,21.69,D
sz000021,深科技,2025-09-16 10:32:48,21.69,10700,21.69,D
sz000021,深科技,2025-09-16 10:32:51,21.69,36700,21.69,D
sz000021,深科技,2025-09-16 10:32:54,21.69,39500,21.69,D
sz000021,深科技,2025-09-16 10:32:57,21.67,9400,21.69,D
sz000021,深科技,2025-09-16 10:33:03,21.67,19400,21.67,D
sz000021,深科技,2025-09-16 10:33:06,21.68,30700,21.67,E
sz000021,深科技,2025-09-16 10:33:18,21.66,12100,21.67,D
sz000021,深科技,2025-09-16 10:33:21,21.66,15500,21.66,D
sz000021,深科技,2025-09-16 10:33:24,21.65,47700,21.66,D
sz000021,深科技,2025-09-16 10:33:27,21.65,31300,21.65,D
sz000021,深科技,2025-09-16 10:33:30,21.65,9400,21.65,D
sz000021,深科技,2025-09-16 10:33:33,21.67,74800,21.65,U
sz000021,深科技,2025-09-16 10:33:36,21.67,16600,21.67,D
sz000021,深科技,2025-09-16 10:33:39,21.67,10400,21.67,D
sz000021,深科技,2025-09-16 10:33:42,21.67,32200,21.67,D
sz000021,深科技,2025-09-16 10:33:48,21.67,48600,21.67,U
sz000021,深科技,2025-09-16 10:33:51,21.68,12500,21.67,U
sz000021,深科技,2025-09-16 10:33:54,21.67,17500,21.68,D
sz000021,深科技,2025-09-16 10:33:57,21.67,29300,21.67,D
sz000021,深科技,2025-09-16 10:34:09,21.67,20100,21.67,D
sz000021,深科技,2025-09-16 10:34:15,21.66,14100,21.67,D
sz000021,深科技,2025-09-16 10:34:27,21.65,17500,21.66,D
sz000021,深科技,2025-09-16 10:34:33,21.65,38500,21.66,D
sz000021,深科技,2025-09-16 10:34:36,21.65,10700,21.65,D
sz000021,深科技,2025-09-16 10:34:39,21.65,16300,21.65,D
sz000021,深科技,2025-09-16 10:34:42,21.65,57400,21.65,D
sz000021,深科技,2025-09-16 10:34:45,21.66,11100,21.65,U
sz000021,深科技,2025-09-16 10:34:51,21.65,30600,21.65,D
sz000021,深科技,2025-09-16 10:34:54,21.65,21300,21.65,D
sz000021,深科技,2025-09-16 10:35:03,21.65,9300,21.65,U
sz000021,深科技,2025-09-16 10:35:06,21.65,19100,21.65,U
sz000021,深科技,2025-09-16 10:35:12,21.64,15300,21.65,D
sz000021,深科技,2025-09-16 10:35:15,21.64,23200,21.64,U
sz000021,深科技,2025-09-16 10:35:18,21.63,53000,21.64,D
sz000021,深科技,2025-09-16 10:35:21,21.62,20200,21.63,D
sz000021,深科技,2025-09-16 10:35:24,21.63,15400,21.62,U
sz000021,深科技,2025-09-16 10:35:27,21.62,17700,21.63,D
sz000021,深科技,2025-09-16 10:35:30,21.62,13000,21.62,D
sz000021,深科技,2025-09-16 10:35:33,21.62,19800,21.62,D
sz000021,深科技,2025-09-16 10:35:36,21.62,41400,21.62,D
sz000021,深科技,2025-09-16 10:35:39,21.63,28700,21.62,U
sz000021,深科技,2025-09-16 10:35:54,21.62,26400,21.63,D
sz000021,深科技,2025-09-16 10:36:03,21.62,16800,21.62,U
sz000021,深科技,2025-09-16 10:36:06,21.62,19400,21.62,D
sz000021,深科技,2025-09-16 10:36:12,21.61,19600,21.62,D
sz000021,深科技,2025-09-16 10:36:18,21.61,13700,21.61,D
sz000021,深科技,2025-09-16 10:36:21,21.61,25100,21.61,D
sz000021,深科技,2025-09-16 10:36:24,21.62,52000,21.61,U
sz000021,深科技,2025-09-16 10:36:27,21.61,11400,21.62,D
sz000021,深科技,2025-09-16 10:36:30,21.62,54900,21.61,U
sz000021,深科技,2025-09-16 10:36:33,21.62,26500,21.62,D
sz000021,深科技,2025-09-16 10:36:36,21.62,90200,21.62,D
sz000021,深科技,2025-09-16 10:36:48,21.63,9400,21.64,D
sz000021,深科技,2025-09-16 10:37:00,21.64,14900,21.64,D
sz000021,深科技,2025-09-16 10:37:03,21.64,15100,21.64,D
sz000021,深科技,2025-09-16 10:37:06,21.64,11900,21.64,D
sz000021,深科技,2025-09-16 10:37:09,21.64,9900,21.64,D
sz000021,深科技,2025-09-16 10:37:18,21.64,9600,21.64,U
sz000021,深科技,2025-09-16 10:37:21,21.64,19900,21.64,U
sz000021,深科技,2025-09-16 10:37:51,21.64,24300,21.64,D
sz000021,深科技,2025-09-16 10:38:06,21.63,13900,21.63,D
sz000021,深科技,2025-09-16 10:38:09,21.63,15200,21.63,U
sz000021,深科技,2025-09-16 10:38:12,21.61,14600,21.63,D
sz000021,深科技,2025-09-16 10:38:18,21.61,61500,21.62,D
sz000021,深科技,2025-09-16 10:38:21,21.6,16100,21.61,D
sz000021,深科技,2025-09-16 10:38:24,21.61,17700,21.6,U
sz000021,深科技,2025-09-16 10:38:27,21.6,11200,21.61,D
sz000021,深科技,2025-09-16 10:38:30,21.59,211000,21.6,D
sz000021,深科技,2025-09-16 10:38:39,21.6,206900,21.59,U
sz000021,深科技,2025-09-16 10:38:45,21.58,20800,21.59,D
sz000021,深科技,2025-09-16 10:38:48,21.58,11200,21.58,D
sz000021,深科技,2025-09-16 10:38:51,21.58,33600,21.58,U
sz000021,深科技,2025-09-16 10:38:57,21.59,83600,21.58,U
sz000021,深科技,2025-09-16 10:39:03,21.59,21100,21.59,D
sz000021,深科技,2025-09-16 10:39:09,21.58,11000,21.58,D
sz000021,深科技,2025-09-16 10:39:12,21.58,23400,21.58,D
sz000021,深科技,2025-09-16 10:39:21,21.58,9500,21.58,U
sz000021,深科技,2025-09-16 10:39:24,21.57,11900,21.58,D
sz000021,深科技,2025-09-16 10:39:27,21.57,33800,21.57,D
sz000021,深科技,2025-09-16 10:39:30,21.58,31800,21.57,U
sz000021,深科技,2025-09-16 10:39:33,21.58,20400,21.58,D
sz000021,深科技,2025-09-16 10:39:36,21.58,11100,21.58,U
sz000021,深科技,2025-09-16 10:39:39,21.57,51400,21.58,D
sz000021,深科技,2025-09-16 10:39:42,21.57,10700,21.57,D
sz000021,深科技,2025-09-16 10:39:45,21.57,22400,21.57,D
sz000021,深科技,2025-09-16 10:39:54,21.58,54568,21.57,U
sz000021,深科技,2025-09-16 10:39:57,21.58,25300,21.58,D
sz000021,深科技,2025-09-16 10:40:00,21.59,28500,21.58,U
sz000021,深科技,2025-09-16 10:40:06,21.58,23800,21.58,U
sz000021,深科技,2025-09-16 10:40:09,21.58,12300,21.58,D
sz000021,深科技,2025-09-16 10:40:15,21.6,60300,21.59,U
sz000021,深科技,2025-09-16 10:40:18,21.6,52900,21.6,U
sz000021,深科技,2025-09-16 10:40:27,21.6,15800,21.6,D
sz000021,深科技,2025-09-16 10:40:33,21.6,16100,21.61,D
sz000021,深科技,2025-09-16 10:40:36,21.6,38500,21.6,U
sz000021,深科技,2025-09-16 10:40:48,21.6,26100,21.61,D
sz000021,深科技,2025-09-16 10:40:51,21.6,28600,21.6,U
sz000021,深科技,2025-09-16 10:41:09,21.61,17000,21.61,D
sz000021,深科技,2025-09-16 10:41:15,21.62,13300,21.62,U
sz000021,深科技,2025-09-16 10:41:21,21.63,15800,21.63,U
sz000021,深科技,2025-09-16 10:41:27,21.63,11900,21.63,U
sz000021,深科技,2025-09-16 10:41:45,21.64,16700,21.64,U
sz000021,深科技,2025-09-16 10:41:48,21.64,10200,21.64,U
sz000021,深科技,2025-09-16 10:41:51,21.63,63500,21.64,D
sz000021,深科技,2025-09-16 10:41:54,21.63,17400,21.63,D
sz000021,深科技,2025-09-16 10:42:12,21.64,14400,21.63,U
sz000021,深科技,2025-09-16 10:42:15,21.64,20000,21.64,U
sz000021,深科技,2025-09-16 10:42:27,21.64,15600,21.64,D
sz000021,深科技,2025-09-16 10:42:33,21.64,26200,21.65,D
sz000021,深科技,2025-09-16 10:42:42,21.65,18100,21.66,D
sz000021,深科技,2025-09-16 10:42:51,21.66,17100,21.65,U
sz000021,深科技,2025-09-16 10:42:54,21.66,23700,21.66,U
sz000021,深科技,2025-09-16 10:43:00,21.65,41400,21.66,D
sz000021,深科技,2025-09-16 10:43:03,21.66,9300,21.65,U
sz000021,深科技,2025-09-16 10:43:06,21.65,10100,21.66,E
sz000021,深科技,2025-09-16 10:43:30,21.63,10000,21.63,U
sz000021,深科技,2025-09-16 10:43:39,21.61,12000,21.62,D
sz000021,深科技,2025-09-16 10:43:42,21.62,9500,21.61,E
sz000021,深科技,2025-09-16 10:43:45,21.63,48700,21.62,U
sz000021,深科技,2025-09-16 10:43:48,21.61,11000,21.63,D
sz000021,深科技,2025-09-16 10:43:54,21.61,38800,21.62,D
sz000021,深科技,2025-09-16 10:44:12,21.6,27700,21.6,D
sz000021,深科技,2025-09-16 10:44:30,21.59,28000,21.59,D
sz000021,深科技,2025-09-16 10:44:45,21.58,18300,21.59,D
sz000021,深科技,2025-09-16 10:44:48,21.59,13000,21.58,U
sz000021,深科技,2025-09-16 10:44:51,21.58,14800,21.59,D
sz000021,深科技,2025-09-16 10:44:57,21.59,26900,21.58,U
sz000021,深科技,2025-09-16 10:45:03,21.57,18800,21.58,D
sz000021,深科技,2025-09-16 10:45:06,21.63,164300,21.57,U
sz000021,深科技,2025-09-16 10:45:24,21.62,11300,21.63,D
sz000021,深科技,2025-09-16 10:45:42,21.64,26100,21.63,U
sz000021,深科技,2025-09-16 10:46:00,21.62,14200,21.62,D
sz000021,深科技,2025-09-16 10:46:12,21.62,10500,21.62,D
sz000021,深科技,2025-09-16 10:46:15,21.64,12100,21.62,U
sz000021,深科技,2025-09-16 10:46:18,21.64,10200,21.64,D
sz000021,深科技,2025-09-16 10:46:21,21.64,18100,21.64,D
sz000021,深科技,2025-09-16 10:46:27,21.65,20800,21.65,U
sz000021,深科技,2025-09-16 10:46:48,21.64,17000,21.63,U
sz000021,深科技,2025-09-16 10:46:57,21.65,14100,21.64,U
sz000021,深科技,2025-09-16 10:47:24,21.65,13600,21.66,D
sz000021,深科技,2025-09-16 10:47:27,21.66,17500,21.65,U
sz000021,深科技,2025-09-16 10:47:39,21.67,9400,21.66,U
sz000021,深科技,2025-09-16 10:47:48,21.65,24300,21.67,D
sz000021,深科技,2025-09-16 10:47:54,21.64,10400,21.65,D
sz000021,深科技,2025-09-16 10:48:18,21.66,14400,21.66,U
sz000021,深科技,2025-09-16 10:48:30,21.66,13900,21.66,D
sz000021,深科技,2025-09-16 10:48:45,21.68,12700,21.68,U
sz000021,深科技,2025-09-16 10:48:48,21.68,10000,21.68,U
sz000021,深科技,2025-09-16 10:48:54,21.67,23500,21.67,D
sz000021,深科技,2025-09-16 10:48:57,21.67,14100,21.67,U
sz000021,深科技,2025-09-16 10:49:39,21.66,56000,21.69,D
sz000021,深科技,2025-09-16 10:50:00,21.68,33600,21.69,D
sz000021,深科技,2025-09-16 10:50:03,21.67,13400,21.68,E
sz000021,深科技,2025-09-16 10:50:21,21.67,14200,21.68,U
sz000021,深科技,2025-09-16 10:50:30,21.67,17900,21.67,E
sz000021,深科技,2025-09-16 10:50:39,21.66,20000,21.66,D
sz000021,深科技,2025-09-16 10:50:42,21.66,11500,21.66,D
sz000021,深科技,2025-09-16 10:50:45,21.67,10900,21.66,U
sz000021,深科技,2025-09-16 10:50:57,21.66,20000,21.66,D
sz000021,深科技,2025-09-16 10:51:03,21.66,28300,21.66,U
sz000021,深科技,2025-09-16 10:51:06,21.66,14200,21.66,U
sz000021,深科技,2025-09-16 10:51:39,21.66,10700,21.67,D
sz000021,深科技,2025-09-16 10:52:03,21.64,66400,21.66,D
sz000021,深科技,2025-09-16 10:52:06,21.63,11300,21.64,D
sz000021,深科技,2025-09-16 10:52:24,21.62,17400,21.64,D
sz000021,深科技,2025-09-16 10:53:06,21.63,21800,21.63,U
sz000021,深科技,2025-09-16 10:53:12,21.63,9600,21.63,D
sz000021,深科技,2025-09-16 10:53:18,21.62,20700,21.63,D
sz000021,深科技,2025-09-16 10:53:24,21.6,72300,21.62,D
sz000021,深科技,2025-09-16 10:53:27,21.61,17500,21.6,U
sz000021,深科技,2025-09-16 10:53:36,21.59,90500,21.6,D
sz000021,深科技,2025-09-16 10:53:45,21.57,22800,21.59,D
sz000021,深科技,2025-09-16 10:53:48,21.59,101400,21.57,E
sz000021,深科技,2025-09-16 10:54:12,21.59,15245,21.59,U
sz000021,深科技,2025-09-16 10:54:21,21.6,10900,21.6,U
sz000021,深科技,2025-09-16 10:54:30,21.6,10200,21.6,D
sz000021,深科技,2025-09-16 10:54:51,21.62,9600,21.62,D
sz000021,深科技,2025-09-16 10:54:57,21.62,20800,21.61,U
sz000021,深科技,2025-09-16 10:55:00,21.62,9900,21.62,D
sz000021,深科技,2025-09-16 10:55:12,21.62,18100,21.61,U
sz000021,深科技,2025-09-16 10:55:21,21.6,24400,21.61,D
sz000021,深科技,2025-09-16 10:55:27,21.6,12200,21.6,U
sz000021,深科技,2025-09-16 10:55:39,21.58,16700,21.59,D
sz000021,深科技,2025-09-16 10:55:42,21.57,16500,21.58,D
sz000021,深科技,2025-09-16 10:55:48,21.57,12900,21.56,U
sz000021,深科技,2025-09-16 10:55:51,21.56,10000,21.57,D
sz000021,深科技,2025-09-16 10:56:03,21.56,23100,21.57,D
sz000021,深科技,2025-09-16 10:56:12,21.55,11300,21.55,D
sz000021,深科技,2025-09-16 10:56:15,21.55,44400,21.55,D
sz000021,深科技,2025-09-16 10:56:30,21.55,13800,21.56,D
sz000021,深科技,2025-09-16 10:56:33,21.55,13200,21.55,D
sz000021,深科技,2025-09-16 10:56:45,21.55,23900,21.54,U
sz000021,深科技,2025-09-16 10:56:51,21.56,25900,21.55,U
sz000021,深科技,2025-09-16 10:57:00,21.56,26300,21.55,U
sz000021,深科技,2025-09-16 10:57:03,21.55,39000,21.56,D
sz000021,深科技,2025-09-16 10:57:15,21.55,15300,21.54,U
sz000021,深科技,2025-09-16 10:57:18,21.55,12400,21.55,U
sz000021,深科技,2025-09-16 10:57:24,21.53,15400,21.54,D
sz000021,深科技,2025-09-16 10:57:30,21.53,14300,21.54,D
sz000021,深科技,2025-09-16 10:57:39,21.53,17600,21.54,D
sz000021,深科技,2025-09-16 10:57:42,21.53,56500,21.53,D
sz000021,深科技,2025-09-16 10:57:45,21.54,48000,21.53,U
sz000021,深科技,2025-09-16 10:57:54,21.53,10800,21.53,U
sz000021,深科技,2025-09-16 10:58:00,21.53,46300,21.53,D
sz000021,深科技,2025-09-16 10:58:03,21.55,54800,21.53,U
sz000021,深科技,2025-09-16 10:58:06,21.54,36900,21.55,D
sz000021,深科技,2025-09-16 10:58:15,21.56,14100,21.56,D
sz000021,深科技,2025-09-16 10:58:33,21.56,10900,21.56,U
sz000021,深科技,2025-09-16 10:58:39,21.56,11000,21.55,U
sz000021,深科技,2025-09-16 10:59:06,21.56,24500,21.56,U
sz000021,深科技,2025-09-16 10:59:12,21.56,20900,21.55,U
sz000021,深科技,2025-09-16 10:59:15,21.56,14300,21.56,D
sz000021,深科技,2025-09-16 10:59:21,21.56,17500,21.57,D
sz000021,深科技,2025-09-16 10:59:30,21.58,11600,21.58,D
sz000021,深科技,2025-09-16 10:59:48,21.58,9500,21.57,U
sz000021,深科技,2025-09-16 11:00:45,21.57,12600,21.57,U
sz000021,深科技,2025-09-16 11:01:00,21.57,20000,21.57,U
sz000021,深科技,2025-09-16 11:01:06,21.59,11300,21.58,U
sz000021,深科技,2025-09-16 11:01:12,21.59,23900,21.58,U
sz000021,深科技,2025-09-16 11:01:24,21.6,10200,21.6,U
sz000021,深科技,2025-09-16 11:01:27,21.61,12600,21.6,U
sz000021,深科技,2025-09-16 11:01:33,21.6,29000,21.61,D
sz000021,深科技,2025-09-16 11:01:42,21.59,46900,21.6,D
sz000021,深科技,2025-09-16 11:01:48,21.57,31100,21.59,D
sz000021,深科技,2025-09-16 11:01:51,21.57,16600,21.57,D
sz000021,深科技,2025-09-16 11:01:54,21.57,9600,21.57,D
sz000021,深科技,2025-09-16 11:02:18,21.59,29900,21.58,U
sz000021,深科技,2025-09-16 11:03:00,21.59,14500,21.58,U
sz000021,深科技,2025-09-16 11:03:06,21.61,16100,21.6,U
sz000021,深科技,2025-09-16 11:03:09,21.61,14900,21.61,U
sz000021,深科技,2025-09-16 11:03:12,21.62,12200,21.61,U
sz000021,深科技,2025-09-16 11:03:39,21.63,28300,21.62,U
sz000021,深科技,2025-09-16 11:03:57,21.61,22600,21.63,D
sz000021,深科技,2025-09-16 11:04:00,21.6,21100,21.61,D
sz000021,深科技,2025-09-16 11:04:33,21.6,12300,21.62,D
sz000021,深科技,2025-09-16 11:04:36,21.59,21100,21.6,D
sz000021,深科技,2025-09-16 11:05:21,21.57,21400,21.58,D
sz000021,深科技,2025-09-16 11:05:27,21.57,11600,21.57,U
sz000021,深科技,2025-09-16 11:05:30,21.57,13400,21.57,U
sz000021,深科技,2025-09-16 11:05:48,21.58,9400,21.58,U
sz000021,深科技,2025-09-16 11:06:03,21.61,59800,21.58,U
sz000021,深科技,2025-09-16 11:06:12,21.59,10000,21.6,D
sz000021,深科技,2025-09-16 11:07:12,21.58,26500,21.6,D
sz000021,深科技,2025-09-16 11:08:51,21.62,23500,21.62,U
sz000021,深科技,2025-09-16 11:08:57,21.62,15200,21.62,U
sz000021,深科技,2025-09-16 11:09:06,21.62,43200,21.62,U
sz000021,深科技,2025-09-16 11:09:12,21.6,27300,21.61,D
sz000021,深科技,2025-09-16 11:10:36,21.61,29700,21.6,U
sz000021,深科技,2025-09-16 11:11:33,21.63,19300,21.63,D
sz000021,深科技,2025-09-16 11:11:39,21.65,41600,21.63,U
sz000021,深科技,2025-09-16 11:11:48,21.62,47000,21.64,D
sz000021,深科技,2025-09-16 11:11:51,21.65,53600,21.62,U
sz000021,深科技,2025-09-16 11:11:54,21.65,12200,21.65,U
sz000021,深科技,2025-09-16 11:12:00,21.66,11500,21.66,U
sz000021,深科技,2025-09-16 11:12:09,21.66,22600,21.67,D
sz000021,深科技,2025-09-16 11:12:15,21.64,31600,21.66,D
sz000021,深科技,2025-09-16 11:12:39,21.63,55700,21.65,D
sz000021,深科技,2025-09-16 11:12:45,21.64,21800,21.66,D
sz000021,深科技,2025-09-16 11:12:48,21.64,28000,21.64,D
sz000021,深科技,2025-09-16 11:12:54,21.65,45400,21.65,D
sz000021,深科技,2025-09-16 11:13:15,21.66,22400,21.65,U
sz000021,深科技,2025-09-16 11:13:39,21.64,10100,21.65,D
sz000021,深科技,2025-09-16 11:14:57,21.65,31700,21.67,D
sz000021,深科技,2025-09-16 11:15:00,21.66,15000,21.65,U
sz000021,深科技,2025-09-16 11:15:06,21.65,11100,21.65,D
sz000021,深科技,2025-09-16 11:15:09,21.65,11000,21.65,D
sz000021,深科技,2025-09-16 11:15:39,21.65,11800,21.65,D
sz000021,深科技,2025-09-16 11:15:57,21.64,32200,21.64,D
sz000021,深科技,2025-09-16 11:16:03,21.63,63400,21.63,D
sz000021,深科技,2025-09-16 11:16:18,21.61,9600,21.61,D
sz000021,深科技,2025-09-16 11:16:24,21.6,13700,21.6,D
sz000021,深科技,2025-09-16 11:16:30,21.61,50600,21.61,U
sz000021,深科技,2025-09-16 11:16:42,21.62,9600,21.62,D
sz000021,深科技,2025-09-16 11:16:45,21.63,24100,21.62,U
sz000021,深科技,2025-09-16 11:17:09,21.66,14300,21.66,U
sz000021,深科技,2025-09-16 11:17:12,21.66,10100,21.66,U
sz000021,深科技,2025-09-16 11:17:57,21.69,12900,21.66,U
sz000021,深科技,2025-09-16 11:18:42,21.68,22200,21.68,U
sz000021,深科技,2025-09-16 11:18:54,21.67,32600,21.68,D
sz000021,深科技,2025-09-16 11:19:00,21.7,50200,21.69,U
sz000021,深科技,2025-09-16 11:19:06,21.7,14500,21.69,U
sz000021,深科技,2025-09-16 11:19:30,21.72,16400,21.72,U
sz000021,深科技,2025-09-16 11:19:33,21.72,44300,21.72,D
sz000021,深科技,2025-09-16 11:19:36,21.73,16400,21.72,U
sz000021,深科技,2025-09-16 11:19:54,21.73,24400,21.72,U
sz000021,深科技,2025-09-16 11:20:00,21.71,14500,21.72,D
sz000021,深科技,2025-09-16 11:20:27,21.72,29100,21.72,D
sz000021,深科技,2025-09-16 11:20:51,21.73,10600,21.74,D
sz000021,深科技,2025-09-16 11:21:45,21.74,12900,21.74,U
sz000021,深科技,2025-09-16 11:22:03,21.73,38700,21.76,D
sz000021,深科技,2025-09-16 11:22:18,21.77,17900,21.76,U
sz000021,深科技,2025-09-16 11:22:39,21.77,38600,21.77,D
sz000021,深科技,2025-09-16 11:22:54,21.78,11800,21.78,U
sz000021,深科技,2025-09-16 11:22:57,21.78,11300,21.78,U
sz000021,深科技,2025-09-16 11:23:09,21.77,11200,21.78,D
sz000021,深科技,2025-09-16 11:23:15,21.78,15500,21.77,U
sz000021,深科技,2025-09-16 11:23:57,21.77,11000,21.77,D
sz000021,深科技,2025-09-16 11:24:06,21.77,25100,21.77,U
sz000021,深科技,2025-09-16 11:24:09,21.77,29300,21.77,U
sz000021,深科技,2025-09-16 11:24:36,21.75,10800,21.75,D
sz000021,深科技,2025-09-16 11:25:15,21.76,30600,21.75,U
sz000021,深科技,2025-09-16 11:25:18,21.77,9800,21.76,U
sz000021,深科技,2025-09-16 11:25:30,21.77,11200,21.77,U
sz000021,深科技,2025-09-16 11:25:51,21.78,27500,21.77,U
sz000021,深科技,2025-09-16 11:25:54,21.78,12700,21.78,U
sz000021,深科技,2025-09-16 11:25:57,21.78,14200,21.78,U
sz000021,深科技,2025-09-16 11:26:09,21.79,31600,21.79,U
sz000021,深科技,2025-09-16 11:26:12,21.78,22500,21.79,E
sz000021,深科技,2025-09-16 11:26:18,21.77,9400,21.78,E
sz000021,深科技,2025-09-16 11:26:24,21.78,62900,21.77,U
sz000021,深科技,2025-09-16 11:26:48,21.8,31100,21.79,U
sz000021,深科技,2025-09-16 11:26:54,21.81,12300,21.81,U
sz000021,深科技,2025-09-16 11:27:06,21.78,20800,21.8,D
sz000021,深科技,2025-09-16 11:27:45,21.79,13900,21.79,D
sz000021,深科技,2025-09-16 11:27:51,21.79,23000,21.8,D
sz000021,深科技,2025-09-16 11:27:54,21.79,40800,21.79,D
sz000021,深科技,2025-09-16 11:28:09,21.79,17500,21.8,D
sz000021,深科技,2025-09-16 11:28:27,21.79,37700,21.8,D
sz000021,深科技,2025-09-16 11:28:30,21.8,11400,21.79,U
sz000021,深科技,2025-09-16 11:29:06,21.8,13300,21.79,U
sz000021,深科技,2025-09-16 11:29:09,21.79,24900,21.8,D
sz000021,深科技,2025-09-16 11:29:18,21.8,17200,21.8,U
sz000021,深科技,2025-09-16 11:29:27,21.8,11200,21.8,U
sz000021,深科技,2025-09-16 11:29:33,21.81,43200,21.81,U
sz000021,深科技,2025-09-16 13:00:00,21.81,53700,21.81,U
sz000021,深科技,2025-09-16 13:00:03,21.82,87300,21.81,E
sz000021,深科技,2025-09-16 13:00:06,21.81,53600,21.82,D
sz000021,深科技,2025-09-16 13:00:09,21.84,112700,21.81,U
sz000021,深科技,2025-09-16 13:00:12,21.81,40700,21.84,D
sz000021,深科技,2025-09-16 13:00:15,21.88,184700,21.81,U
sz000021,深科技,2025-09-16 13:00:48,21.88,9800,21.88,U
sz000021,深科技,2025-09-16 13:00:51,21.88,13000,21.88,U
sz000021,深科技,2025-09-16 13:01:03,21.89,15400,21.88,U
sz000021,深科技,2025-09-16 13:01:12,21.91,46200,21.88,U
sz000021,深科技,2025-09-16 13:01:24,21.91,11500,21.91,U
sz000021,深科技,2025-09-16 13:01:33,21.91,52600,21.91,D
sz000021,深科技,2025-09-16 13:01:36,21.9,9500,21.91,E
sz000021,深科技,2025-09-16 13:01:48,21.89,10700,21.89,U
sz000021,深科技,2025-09-16 13:01:54,21.89,24000,21.89,E
sz000021,深科技,2025-09-16 13:02:00,21.89,31000,21.89,D
sz000021,深科技,2025-09-16 13:02:03,21.9,24300,21.89,U
sz000021,深科技,2025-09-16 13:02:36,21.89,29000,21.88,U
sz000021,深科技,2025-09-16 13:03:15,21.88,27400,21.88,U
sz000021,深科技,2025-09-16 13:03:24,21.87,21200,21.88,D
sz000021,深科技,2025-09-16 13:03:27,21.89,22400,21.87,U
sz000021,深科技,2025-09-16 13:03:30,21.88,46800,21.89,D
sz000021,深科技,2025-09-16 13:03:33,21.88,10100,21.88,D
sz000021,深科技,2025-09-16 13:03:36,21.88,21800,21.88,D
sz000021,深科技,2025-09-16 13:03:45,21.86,38500,21.89,D
sz000021,深科技,2025-09-16 13:03:48,21.84,11900,21.86,D
sz000021,深科技,2025-09-16 13:03:54,21.83,17000,21.83,U
sz000021,深科技,2025-09-16 13:04:12,21.85,19300,21.85,D
sz000021,深科技,2025-09-16 13:04:15,21.87,23100,21.85,U
sz000021,深科技,2025-09-16 13:04:54,21.85,15600,21.85,D
sz000021,深科技,2025-09-16 13:05:12,21.87,20000,21.85,U
sz000021,深科技,2025-09-16 13:05:15,21.85,23600,21.87,D
sz000021,深科技,2025-09-16 13:05:27,21.85,56400,21.86,D
sz000021,深科技,2025-09-16 13:05:33,21.83,27600,21.84,D
sz000021,深科技,2025-09-16 13:06:03,21.83,23500,21.84,D
sz000021,深科技,2025-09-16 13:06:06,21.83,14500,21.83,U
sz000021,深科技,2025-09-16 13:06:15,21.82,15200,21.83,D
sz000021,深科技,2025-09-16 13:06:18,21.81,11000,21.82,D
sz000021,深科技,2025-09-16 13:06:39,21.81,17700,21.81,D
sz000021,深科技,2025-09-16 13:06:45,21.81,13100,21.79,U
sz000021,深科技,2025-09-16 13:07:06,21.81,9400,21.81,D
sz000021,深科技,2025-09-16 13:07:15,21.8,13300,21.81,D
sz000021,深科技,2025-09-16 13:07:30,21.81,11900,21.81,D
sz000021,深科技,2025-09-16 13:07:36,21.81,12200,21.81,U
sz000021,深科技,2025-09-16 13:07:39,21.8,25100,21.81,D
sz000021,深科技,2025-09-16 13:07:42,21.81,11000,21.8,U
sz000021,深科技,2025-09-16 13:09:03,21.81,34200,21.81,D
sz000021,深科技,2025-09-16 13:09:12,21.82,31300,21.81,E
sz000021,深科技,2025-09-16 13:09:24,21.83,19500,21.84,D
sz000021,深科技,2025-09-16 13:09:39,21.83,10800,21.82,U
sz000021,深科技,2025-09-16 13:09:45,21.83,10500,21.83,U
sz000021,深科技,2025-09-16 13:09:54,21.82,9800,21.83,D
sz000021,深科技,2025-09-16 13:10:00,21.82,17200,21.83,D
sz000021,深科技,2025-09-16 13:10:15,21.8,13500,21.81,D
sz000021,深科技,2025-09-16 13:10:30,21.8,11700,21.81,D
sz000021,深科技,2025-09-16 13:10:57,21.8,12500,21.79,U
sz000021,深科技,2025-09-16 13:11:00,21.8,9900,21.8,U
sz000021,深科技,2025-09-16 13:11:06,21.82,21000,21.79,U
sz000021,深科技,2025-09-16 13:11:42,21.86,13400,21.87,D
sz000021,深科技,2025-09-16 13:11:45,21.86,9300,21.86,D
sz000021,深科技,2025-09-16 13:12:09,21.87,24600,21.87,D
sz000021,深科技,2025-09-16 13:12:12,21.86,10600,21.87,D
sz000021,深科技,2025-09-16 13:12:30,21.86,10700,21.86,U
sz000021,深科技,2025-09-16 13:12:48,21.85,18600,21.85,D
sz000021,深科技,2025-09-16 13:12:57,21.86,12200,21.85,E
sz000021,深科技,2025-09-16 13:13:18,21.85,10500,21.85,D
sz000021,深科技,2025-09-16 13:13:24,21.84,27800,21.85,D
sz000021,深科技,2025-09-16 13:14:00,21.83,12100,21.83,D
sz000021,深科技,2025-09-16 13:14:36,21.85,12200,21.85,U
sz000021,深科技,2025-09-16 13:14:54,21.86,16000,21.86,U
sz000021,深科技,2025-09-16 13:15:18,21.86,20400,21.85,U
sz000021,深科技,2025-09-16 13:15:21,21.85,14700,21.86,D
sz000021,深科技,2025-09-16 13:15:42,21.85,34800,21.85,D
sz000021,深科技,2025-09-16 13:15:51,21.85,12900,21.85,U
sz000021,深科技,2025-09-16 13:15:54,21.85,14800,21.85,U
sz000021,深科技,2025-09-16 13:16:06,21.84,30300,21.85,D
sz000021,深科技,2025-09-16 13:16:30,21.84,26700,21.84,D
sz000021,深科技,2025-09-16 13:16:39,21.85,9900,21.84,E
sz000021,深科技,2025-09-16 13:16:54,21.85,11000,21.85,U
sz000021,深科技,2025-09-16 13:17:09,21.85,72900,21.86,D
sz000021,深科技,2025-09-16 13:17:12,21.83,19000,21.85,D
sz000021,深科技,2025-09-16 13:17:27,21.84,36000,21.84,U
sz000021,深科技,2025-09-16 13:17:45,21.82,38400,21.84,D
sz000021,深科技,2025-09-16 13:18:12,21.82,14500,21.83,D
sz000021,深科技,2025-09-16 13:18:18,21.81,14200,21.82,D
sz000021,深科技,2025-09-16 13:18:24,21.8,29000,21.81,D
sz000021,深科技,2025-09-16 13:18:27,21.8,18200,21.8,D
sz000021,深科技,2025-09-16 13:18:30,21.8,23100,21.8,U
sz000021,深科技,2025-09-16 13:18:39,21.77,104900,21.8,D
sz000021,深科技,2025-09-16 13:18:54,21.79,14100,21.78,U
sz000021,深科技,2025-09-16 13:19:03,21.79,16000,21.77,U
sz000021,深科技,2025-09-16 13:19:06,21.8,21400,21.79,U
sz000021,深科技,2025-09-16 13:19:48,21.8,12500,21.8,D
sz000021,深科技,2025-09-16 13:19:54,21.8,12800,21.81,D
sz000021,深科技,2025-09-16 13:19:57,21.8,64600,21.8,U
sz000021,深科技,2025-09-16 13:20:06,21.8,12300,21.79,U
sz000021,深科技,2025-09-16 13:20:21,21.79,58300,21.79,D
sz000021,深科技,2025-09-16 13:20:39,21.78,10100,21.79,D
sz000021,深科技,2025-09-16 13:20:48,21.79,24300,21.79,U
sz000021,深科技,2025-09-16 13:21:00,21.8,11200,21.79,U
sz000021,深科技,2025-09-16 13:21:21,21.79,9200,21.79,D
sz000021,深科技,2025-09-16 13:21:24,21.79,13400,21.79,D
sz000021,深科技,2025-09-16 13:21:54,21.78,19200,21.78,U
sz000021,深科技,2025-09-16 13:22:12,21.76,9600,21.77,D
sz000021,深科技,2025-09-16 13:22:33,21.78,10100,21.78,E
sz000021,深科技,2025-09-16 13:22:57,21.77,50800,21.79,D
sz000021,深科技,2025-09-16 13:23:27,21.76,11700,21.76,D
sz000021,深科技,2025-09-16 13:23:39,21.76,12800,21.76,D
sz000021,深科技,2025-09-16 13:23:48,21.76,9200,21.75,U
sz000021,深科技,2025-09-16 13:23:51,21.76,22200,21.76,U
sz000021,深科技,2025-09-16 13:23:54,21.76,37500,21.76,D
sz000021,深科技,2025-09-16 13:24:00,21.76,11900,21.77,D
sz000021,深科技,2025-09-16 13:24:12,21.76,22500,21.76,U
sz000021,深科技,2025-09-16 13:24:15,21.76,12000,21.76,U
sz000021,深科技,2025-09-16 13:24:21,21.75,23500,21.76,D
sz000021,深科技,2025-09-16 13:24:24,21.75,13700,21.75,D
sz000021,深科技,2025-09-16 13:24:33,21.76,171900,21.75,U
sz000021,深科技,2025-09-16 13:24:36,21.76,22200,21.76,D
sz000021,深科技,2025-09-16 13:24:45,21.76,22800,21.75,U
sz000021,深科技,2025-09-16 13:24:54,21.75,15300,21.76,D
sz000021,深科技,2025-09-16 13:25:12,21.76,11700,21.76,D
sz000021,深科技,2025-09-16 13:25:48,21.75,15900,21.75,U
sz000021,深科技,2025-09-16 13:25:57,21.74,10100,21.74,D
sz000021,深科技,2025-09-16 13:26:36,21.75,10800,21.75,D
sz000021,深科技,2025-09-16 13:26:48,21.75,9400,21.74,U
sz000021,深科技,2025-09-16 13:27:12,21.75,11100,21.75,U
sz000021,深科技,2025-09-16 13:27:30,21.75,14400,21.75,D
sz000021,深科技,2025-09-16 13:27:42,21.75,12000,21.74,U
sz000021,深科技,2025-09-16 13:27:57,21.73,38500,21.74,D
sz000021,深科技,2025-09-16 13:28:12,21.72,26400,21.72,D
sz000021,深科技,2025-09-16 13:28:18,21.73,38000,21.72,U
sz000021,深科技,2025-09-16 13:28:30,21.71,14200,21.73,D
sz000021,深科技,2025-09-16 13:28:36,21.72,34000,21.71,U
sz000021,深科技,2025-09-16 13:28:45,21.71,14600,21.71,U
sz000021,深科技,2025-09-16 13:28:51,21.7,16900,21.7,D
sz000021,深科技,2025-09-16 13:28:54,21.72,9401,21.7,U
sz000021,深科技,2025-09-16 13:28:57,21.72,144200,21.72,U
sz000021,深科技,2025-09-16 13:29:03,21.71,14000,21.71,D
sz000021,深科技,2025-09-16 13:29:09,21.73,18100,21.71,U
sz000021,深科技,2025-09-16 13:29:12,21.71,10700,21.73,D
sz000021,深科技,2025-09-16 13:29:21,21.71,20700,21.71,U
sz000021,深科技,2025-09-16 13:29:33,21.7,39600,21.7,D
sz000021,深科技,2025-09-16 13:29:36,21.7,15800,21.7,U
sz000021,深科技,2025-09-16 13:29:45,21.7,15900,21.69,U
sz000021,深科技,2025-09-16 13:29:51,21.68,56900,21.69,D
sz000021,深科技,2025-09-16 13:30:15,21.7,169900,21.68,U
sz000021,深科技,2025-09-16 13:30:21,21.72,9400,21.72,U
sz000021,深科技,2025-09-16 13:30:27,21.71,22000,21.73,D
sz000021,深科技,2025-09-16 13:30:45,21.69,15100,21.71,D
sz000021,深科技,2025-09-16 13:30:51,21.7,20400,21.7,D
sz000021,深科技,2025-09-16 13:31:24,21.71,22200,21.72,D
sz000021,深科技,2025-09-16 13:31:27,21.71,10300,21.71,D
sz000021,深科技,2025-09-16 13:31:36,21.71,12700,21.71,D
sz000021,深科技,2025-09-16 13:32:03,21.72,20300,21.72,U
sz000021,深科技,2025-09-16 13:32:06,21.71,9400,21.72,D
sz000021,深科技,2025-09-16 13:32:12,21.7,12400,21.71,D
sz000021,深科技,2025-09-16 13:32:18,21.72,9800,21.71,U
sz000021,深科技,2025-09-16 13:32:24,21.72,10700,21.71,U
sz000021,深科技,2025-09-16 13:32:27,21.73,16400,21.72,U
sz000021,深科技,2025-09-16 13:32:39,21.73,24800,21.74,U
sz000021,深科技,2025-09-16 13:32:54,21.73,12400,21.73,U
sz000021,深科技,2025-09-16 13:33:00,21.73,14000,21.73,D
sz000021,深科技,2025-09-16 13:33:03,21.73,13800,21.73,U
sz000021,深科技,2025-09-16 13:33:39,21.73,9500,21.73,U
sz000021,深科技,2025-09-16 13:33:42,21.74,10600,21.73,U
sz000021,深科技,2025-09-16 13:34:03,21.75,22900,21.74,U
sz000021,深科技,2025-09-16 13:34:24,21.77,13300,21.76,U
sz000021,深科技,2025-09-16 13:34:45,21.77,12500,21.78,D
sz000021,深科技,2025-09-16 13:34:48,21.77,14200,21.77,D
sz000021,深科技,2025-09-16 13:35:36,21.76,43000,21.76,D
sz000021,深科技,2025-09-16 13:37:18,21.79,13900,21.78,U
sz000021,深科技,2025-09-16 13:37:45,21.8,9300,21.79,U
sz000021,深科技,2025-09-16 13:37:54,21.78,29700,21.79,D
sz000021,深科技,2025-09-16 13:38:06,21.8,11000,21.78,U
sz000021,深科技,2025-09-16 13:38:54,21.79,41700,21.78,U
sz000021,深科技,2025-09-16 13:39:03,21.76,20000,21.78,D
sz000021,深科技,2025-09-16 13:39:24,21.77,27000,21.79,D
sz000021,深科技,2025-09-16 13:39:27,21.79,22200,21.77,U
sz000021,深科技,2025-09-16 13:40:06,21.8,24100,21.79,U
sz000021,深科技,2025-09-16 13:40:18,21.78,70700,21.8,D
sz000021,深科技,2025-09-16 13:40:24,21.78,21500,21.8,D
sz000021,深科技,2025-09-16 13:40:36,21.79,16700,21.78,U
sz000021,深科技,2025-09-16 13:40:39,21.78,10100,21.79,D
sz000021,深科技,2025-09-16 13:41:03,21.79,19300,21.78,U
sz000021,深科技,2025-09-16 13:41:06,21.77,11700,21.79,D
sz000021,深科技,2025-09-16 13:41:09,21.76,13800,21.77,D
sz000021,深科技,2025-09-16 13:41:21,21.81,59600,21.78,U
sz000021,深科技,2025-09-16 13:41:54,21.82,13800,21.83,D
sz000021,深科技,2025-09-16 13:42:06,21.83,9900,21.83,U
sz000021,深科技,2025-09-16 13:42:09,21.84,49300,21.83,U
sz000021,深科技,2025-09-16 13:42:51,21.85,39900,21.83,U
sz000021,深科技,2025-09-16 13:43:18,21.86,102700,21.86,D
sz000021,深科技,2025-09-16 13:43:21,21.85,16300,21.86,D
sz000021,深科技,2025-09-16 13:43:24,21.86,14000,21.85,U
sz000021,深科技,2025-09-16 13:43:39,21.86,14200,21.86,U
sz000021,深科技,2025-09-16 13:43:51,21.87,31800,21.86,U
sz000021,深科技,2025-09-16 13:44:00,21.87,12200,21.86,U
sz000021,深科技,2025-09-16 13:44:06,21.87,9400,21.88,D
sz000021,深科技,2025-09-16 13:44:15,21.88,10900,21.88,U
sz000021,深科技,2025-09-16 13:44:18,21.87,15600,21.88,D
sz000021,深科技,2025-09-16 13:44:21,21.88,12000,21.87,U
sz000021,深科技,2025-09-16 13:44:24,21.88,19200,21.88,U
sz000021,深科技,2025-09-16 13:44:42,21.88,29000,21.87,U
sz000021,深科技,2025-09-16 13:45:00,21.9,65600,21.89,U
sz000021,深科技,2025-09-16 13:45:06,21.89,32600,21.89,D
sz000021,深科技,2025-09-16 13:45:09,21.88,20000,21.89,D
sz000021,深科技,2025-09-16 13:45:15,21.88,79600,21.88,U
sz000021,深科技,2025-09-16 13:45:33,21.88,12400,21.89,D
sz000021,深科技,2025-09-16 13:45:45,21.89,11100,21.89,D
sz000021,深科技,2025-09-16 13:45:57,21.88,15700,21.88,D
sz000021,深科技,2025-09-16 13:46:03,21.89,9500,21.89,U
sz000021,深科技,2025-09-16 13:46:24,21.89,9300,21.89,U
sz000021,深科技,2025-09-16 13:46:30,21.88,57900,21.88,D
sz000021,深科技,2025-09-16 13:46:36,21.88,11400,21.89,D
sz000021,深科技,2025-09-16 13:46:57,21.88,13300,21.88,D
sz000021,深科技,2025-09-16 13:47:03,21.87,40300,21.89,D
sz000021,深科技,2025-09-16 13:47:18,21.87,12000,21.87,U
sz000021,深科技,2025-09-16 13:47:36,21.88,10900,21.88,U
sz000021,深科技,2025-09-16 13:47:57,21.87,11800,21.87,D
sz000021,深科技,2025-09-16 13:48:15,21.86,9200,21.87,D
sz000021,深科技,2025-09-16 13:48:18,21.88,10200,21.86,U
sz000021,深科技,2025-09-16 13:48:42,21.85,17100,21.86,D
sz000021,深科技,2025-09-16 13:49:09,21.86,23800,21.86,D
sz000021,深科技,2025-09-16 13:49:15,21.87,10100,21.85,U
sz000021,深科技,2025-09-16 13:49:27,21.89,55700,21.88,U
sz000021,深科技,2025-09-16 13:49:39,21.9,9800,21.9,U
sz000021,深科技,2025-09-16 13:49:42,21.9,13400,21.9,U
sz000021,深科技,2025-09-16 13:49:54,21.89,10900,21.9,D
sz000021,深科技,2025-09-16 13:49:57,21.89,10600,21.89,D
sz000021,深科技,2025-09-16 13:50:00,21.89,15900,21.89,D
sz000021,深科技,2025-09-16 13:50:12,21.89,19600,21.89,U
sz000021,深科技,2025-09-16 13:50:27,21.89,16400,21.89,D
sz000021,深科技,2025-09-16 13:50:36,21.9,53200,21.89,U
sz000021,深科技,2025-09-16 13:50:39,21.91,18800,21.9,U
sz000021,深科技,2025-09-16 13:50:45,21.91,11300,21.91,U
sz000021,深科技,2025-09-16 13:51:03,21.91,11700,21.91,U
sz000021,深科技,2025-09-16 13:51:21,21.92,12200,21.91,U
sz000021,深科技,2025-09-16 13:51:24,21.92,42200,21.92,U
sz000021,深科技,2025-09-16 13:51:27,21.93,12800,21.92,U
sz000021,深科技,2025-09-16 13:51:30,21.93,42600,21.93,U
sz000021,深科技,2025-09-16 13:51:33,21.93,13400,21.93,U
sz000021,深科技,2025-09-16 13:51:39,21.94,11200,21.93,U
sz000021,深科技,2025-09-16 13:51:45,21.94,44700,21.94,U
sz000021,深科技,2025-09-16 13:51:48,21.95,12600,21.94,U
sz000021,深科技,2025-09-16 13:51:51,21.93,16300,21.95,D
sz000021,深科技,2025-09-16 13:51:54,21.94,14600,21.93,U
sz000021,深科技,2025-09-16 13:51:57,21.94,13200,21.94,U
sz000021,深科技,2025-09-16 13:52:00,21.94,31200,21.94,D
sz000021,深科技,2025-09-16 13:52:03,21.95,16700,21.94,U
sz000021,深科技,2025-09-16 13:52:06,21.95,41000,21.95,U
sz000021,深科技,2025-09-16 13:52:09,21.95,9200,21.95,D
sz000021,深科技,2025-09-16 13:52:12,21.96,9500,21.95,U
sz000021,深科技,2025-09-16 13:52:15,21.97,39500,21.96,U
sz000021,深科技,2025-09-16 13:52:24,21.97,39800,21.97,U
sz000021,深科技,2025-09-16 13:52:27,21.98,27700,21.97,U
sz000021,深科技,2025-09-16 13:52:30,21.98,15300,21.98,U
sz000021,深科技,2025-09-16 13:52:33,21.98,9900,21.98,U
sz000021,深科技,2025-09-16 13:52:36,21.97,13900,21.98,D
sz000021,深科技,2025-09-16 13:52:39,21.97,32100,21.97,D
sz000021,深科技,2025-09-16 13:52:42,21.95,62900,21.97,D
sz000021,深科技,2025-09-16 13:52:45,21.97,38700,21.95,U
sz000021,深科技,2025-09-16 13:52:51,21.96,24400,21.97,E
sz000021,深科技,2025-09-16 13:52:54,21.97,88300,21.96,U
sz000021,深科技,2025-09-16 13:53:06,21.98,18400,21.97,U
sz000021,深科技,2025-09-16 13:53:09,21.98,10600,21.98,U
sz000021,深科技,2025-09-16 13:53:12,21.98,34000,21.98,D
sz000021,深科技,2025-09-16 13:53:18,21.97,107800,21.98,D
sz000021,深科技,2025-09-16 13:53:21,21.98,11300,21.97,U
sz000021,深科技,2025-09-16 13:53:42,21.96,22500,21.98,D
sz000021,深科技,2025-09-16 13:53:51,21.97,79700,21.96,U
sz000021,深科技,2025-09-16 13:53:57,21.97,10100,21.95,U
sz000021,深科技,2025-09-16 13:54:03,21.96,41500,21.95,U
sz000021,深科技,2025-09-16 13:54:06,21.95,41300,21.96,U
sz000021,深科技,2025-09-16 13:54:09,21.92,9300,21.95,D
sz000021,深科技,2025-09-16 13:54:30,21.95,26200,21.94,U
sz000021,深科技,2025-09-16 13:54:54,21.94,17000,21.94,D
sz000021,深科技,2025-09-16 13:55:00,21.95,10200,21.94,U
sz000021,深科技,2025-09-16 13:55:12,21.95,9500,21.94,U
sz000021,深科技,2025-09-16 13:55:21,21.94,10900,21.95,D
sz000021,深科技,2025-09-16 13:55:36,21.94,27000,21.95,D
sz000021,深科技,2025-09-16 13:55:48,21.94,17400,21.95,E
sz000021,深科技,2025-09-16 13:56:12,21.94,14800,21.93,U
sz000021,深科技,2025-09-16 13:56:21,21.94,10000,21.94,D
sz000021,深科技,2025-09-16 13:56:24,21.94,11900,21.94,D
sz000021,深科技,2025-09-16 13:56:30,21.95,11100,21.95,U
sz000021,深科技,2025-09-16 13:56:33,21.95,12100,21.95,U
sz000021,深科技,2025-09-16 13:56:36,21.95,31000,21.95,U
sz000021,深科技,2025-09-16 13:56:42,21.96,91500,21.95,U
sz000021,深科技,2025-09-16 13:56:51,21.96,20300,21.96,U
sz000021,深科技,2025-09-16 13:57:12,21.96,9700,21.96,U
sz000021,深科技,2025-09-16 13:57:18,21.97,15200,21.96,U
sz000021,深科技,2025-09-16 13:57:27,21.96,31500,21.97,D
sz000021,深科技,2025-09-16 13:57:33,21.97,13300,21.96,U
sz000021,深科技,2025-09-16 13:57:36,21.97,9300,21.97,U
sz000021,深科技,2025-09-16 13:57:48,21.97,28300,21.97,U
sz000021,深科技,2025-09-16 13:58:03,21.97,59400,21.97,D
sz000021,深科技,2025-09-16 13:58:06,21.97,101400,21.97,U
sz000021,深科技,2025-09-16 13:58:21,21.97,19000,21.96,U
sz000021,深科技,2025-09-16 13:58:30,21.97,15200,21.97,U
sz000021,深科技,2025-09-16 13:58:33,21.97,39200,21.97,U
sz000021,深科技,2025-09-16 13:59:03,21.97,12900,21.96,U
sz000021,深科技,2025-09-16 13:59:06,21.97,29500,21.97,D
sz000021,深科技,2025-09-16 13:59:12,21.97,9200,21.97,U
sz000021,深科技,2025-09-16 13:59:21,21.97,10300,21.97,D
sz000021,深科技,2025-09-16 13:59:36,21.98,9600,21.98,U
sz000021,深科技,2025-09-16 13:59:39,21.98,21900,21.98,U
sz000021,深科技,2025-09-16 13:59:48,21.98,9200,21.97,U
sz000021,深科技,2025-09-16 13:59:51,21.97,41600,21.98,D
sz000021,深科技,2025-09-16 14:00:03,21.98,136200,21.98,D
sz000021,深科技,2025-09-16 14:00:09,22.02,538000,22.0,U
sz000021,深科技,2025-09-16 14:00:12,22.01,13500,22.02,D
sz000021,深科技,2025-09-16 14:00:21,22.02,19899,22.02,U
sz000021,深科技,2025-09-16 14:00:24,22.02,36500,22.02,U
sz000021,深科技,2025-09-16 14:00:27,22.02,33900,22.02,U
sz000021,深科技,2025-09-16 14:00:30,21.99,10900,22.02,D
sz000021,深科技,2025-09-16 14:00:33,22.0,24900,21.99,U
sz000021,深科技,2025-09-16 14:00:39,22.0,32000,22.0,U
sz000021,深科技,2025-09-16 14:00:42,21.98,26000,22.0,D
sz000021,深科技,2025-09-16 14:00:45,21.98,26600,21.98,D
sz000021,深科技,2025-09-16 14:01:00,21.99,22600,21.99,U
sz000021,深科技,2025-09-16 14:01:03,21.97,72800,21.99,D
sz000021,深科技,2025-09-16 14:01:06,21.98,28500,21.97,U
sz000021,深科技,2025-09-16 14:01:09,21.98,12700,21.98,U
sz000021,深科技,2025-09-16 14:01:12,21.97,27300,21.98,E
sz000021,深科技,2025-09-16 14:01:18,21.96,22500,21.98,D
sz000021,深科技,2025-09-16 14:01:21,21.97,22100,21.96,E
sz000021,深科技,2025-09-16 14:01:33,21.95,16700,21.97,D
sz000021,深科技,2025-09-16 14:01:42,21.96,18200,21.95,D
sz000021,深科技,2025-09-16 14:01:48,21.95,53900,21.96,D
sz000021,深科技,2025-09-16 14:01:54,21.95,11900,21.95,U
sz000021,深科技,2025-09-16 14:02:06,21.97,30200,21.95,U
sz000021,深科技,2025-09-16 14:02:09,21.97,9900,21.97,U
sz000021,深科技,2025-09-16 14:02:24,21.99,9900,21.97,U
sz000021,深科技,2025-09-16 14:02:30,21.99,16100,21.98,U
sz000021,深科技,2025-09-16 14:02:36,21.99,10600,21.98,U
sz000021,深科技,2025-09-16 14:02:39,21.98,11900,21.99,D
sz000021,深科技,2025-09-16 14:02:45,21.99,13200,21.99,D
sz000021,深科技,2025-09-16 14:02:54,21.98,9800,21.98,D
sz000021,深科技,2025-09-16 14:02:57,21.99,18100,21.98,U
sz000021,深科技,2025-09-16 14:03:03,21.98,12600,21.99,D
sz000021,深科技,2025-09-16 14:03:06,21.98,14800,21.98,D
sz000021,深科技,2025-09-16 14:03:12,21.97,11600,21.98,D
sz000021,深科技,2025-09-16 14:03:15,21.97,40700,21.97,D
sz000021,深科技,2025-09-16 14:03:24,21.98,12200,21.97,U
sz000021,深科技,2025-09-16 14:03:36,21.98,15900,21.98,U
sz000021,深科技,2025-09-16 14:03:57,21.97,26900,21.97,D
sz000021,深科技,2025-09-16 14:04:12,21.97,33500,21.96,U
sz000021,深科技,2025-09-16 14:04:15,21.97,11200,21.97,U
sz000021,深科技,2025-09-16 14:04:27,21.97,13000,21.97,D
sz000021,深科技,2025-09-16 14:04:33,21.97,17600,21.96,U
sz000021,深科技,2025-09-16 14:04:39,21.96,11000,21.96,D
sz000021,深科技,2025-09-16 14:04:42,21.97,13700,21.96,U
sz000021,深科技,2025-09-16 14:04:45,21.97,18100,21.97,U
sz000021,深科技,2025-09-16 14:04:57,21.97,26500,21.97,U
sz000021,深科技,2025-09-16 14:05:15,21.98,9300,21.98,U
sz000021,深科技,2025-09-16 14:05:24,21.97,11300,21.97,U
sz000021,深科技,2025-09-16 14:05:30,21.97,16500,21.97,D
sz000021,深科技,2025-09-16 14:05:36,21.97,11400,21.98,D
sz000021,深科技,2025-09-16 14:05:39,21.97,31400,21.97,D
sz000021,深科技,2025-09-16 14:05:54,21.97,11200,21.97,U
sz000021,深科技,2025-09-16 14:05:57,21.97,9400,21.97,U
sz000021,深科技,2025-09-16 14:06:09,21.96,93700,21.97,D
sz000021,深科技,2025-09-16 14:06:18,21.96,24600,21.96,U
sz000021,深科技,2025-09-16 14:06:27,21.95,9500,21.96,U
sz000021,深科技,2025-09-16 14:06:39,21.95,56600,21.94,U
sz000021,深科技,2025-09-16 14:06:54,21.95,51500,21.94,U
sz000021,深科技,2025-09-16 14:06:57,21.94,16100,21.95,E
sz000021,深科技,2025-09-16 14:07:03,21.93,16200,21.93,D
sz000021,深科技,2025-09-16 14:07:06,21.93,10700,21.93,U
sz000021,深科技,2025-09-16 14:07:18,21.95,45000,21.94,U
sz000021,深科技,2025-09-16 14:07:24,21.94,28000,21.95,D
sz000021,深科技,2025-09-16 14:07:27,21.96,12200,21.94,U
sz000021,深科技,2025-09-16 14:07:39,21.94,11300,21.95,D
sz000021,深科技,2025-09-16 14:07:42,21.95,10900,21.94,U
sz000021,深科技,2025-09-16 14:08:06,21.93,14300,21.93,D
sz000021,深科技,2025-09-16 14:08:18,21.91,49300,21.92,D
sz000021,深科技,2025-09-16 14:08:21,21.92,31700,21.91,U
sz000021,深科技,2025-09-16 14:08:24,21.91,14500,21.92,D
sz000021,深科技,2025-09-16 14:08:33,21.91,11300,21.9,U
sz000021,深科技,2025-09-16 14:08:42,21.9,16400,21.9,D
sz000021,深科技,2025-09-16 14:08:45,21.9,12600,21.9,D
sz000021,深科技,2025-09-16 14:08:51,21.91,15100,21.89,U
sz000021,深科技,2025-09-16 14:08:54,21.91,17200,21.91,U
sz000021,深科技,2025-09-16 14:08:57,21.9,11600,21.91,D
sz000021,深科技,2025-09-16 14:09:03,21.91,24000,21.9,U
sz000021,深科技,2025-09-16 14:09:06,21.94,72600,21.91,U
sz000021,深科技,2025-09-16 14:09:36,21.92,15600,21.92,U
sz000021,深科技,2025-09-16 14:09:39,21.92,10300,21.92,U
sz000021,深科技,2025-09-16 14:09:45,21.92,21300,21.92,D
sz000021,深科技,2025-09-16 14:09:51,21.93,13900,21.92,U
sz000021,深科技,2025-09-16 14:10:00,21.93,10000,21.93,U
sz000021,深科技,2025-09-16 14:10:18,21.95,11500,21.94,U
sz000021,深科技,2025-09-16 14:10:21,21.95,67400,21.95,U
sz000021,深科技,2025-09-16 14:10:42,21.92,14000,21.93,D
sz000021,深科技,2025-09-16 14:10:51,21.92,16900,21.92,D
sz000021,深科技,2025-09-16 14:11:03,21.91,66300,21.91,D
sz000021,深科技,2025-09-16 14:11:12,21.92,23500,21.91,U
sz000021,深科技,2025-09-16 14:11:24,21.9,11200,21.9,D
sz000021,深科技,2025-09-16 14:11:27,21.9,9600,21.9,D
sz000021,深科技,2025-09-16 14:11:30,21.9,30700,21.9,D
sz000021,深科技,2025-09-16 14:11:36,21.9,10400,21.9,D
sz000021,深科技,2025-09-16 14:11:39,21.89,13100,21.9,D
sz000021,深科技,2025-09-16 14:11:42,21.91,13000,21.89,U
sz000021,深科技,2025-09-16 14:12:00,21.9,9700,21.9,U
sz000021,深科技,2025-09-16 14:12:03,21.89,13300,21.9,D
sz000021,深科技,2025-09-16 14:12:12,21.88,19300,21.88,D
sz000021,深科技,2025-09-16 14:12:18,21.88,16400,21.88,D
sz000021,深科技,2025-09-16 14:12:21,21.88,34000,21.88,D
sz000021,深科技,2025-09-16 14:12:30,21.87,9400,21.88,D
sz000021,深科技,2025-09-16 14:12:33,21.89,56700,21.87,U
sz000021,深科技,2025-09-16 14:12:36,21.89,89000,21.89,U
sz000021,深科技,2025-09-16 14:13:03,21.88,13800,21.88,U
sz000021,深科技,2025-09-16 14:13:06,21.89,16700,21.88,U
sz000021,深科技,2025-09-16 14:13:15,21.9,15500,21.89,E
sz000021,深科技,2025-09-16 14:13:51,21.91,11400,21.91,D
sz000021,深科技,2025-09-16 14:14:03,21.9,26000,21.91,D
sz000021,深科技,2025-09-16 14:14:15,21.9,13200,21.91,D
sz000021,深科技,2025-09-16 14:14:27,21.92,61600,21.9,U
sz000021,深科技,2025-09-16 14:14:36,21.91,21300,21.92,D
sz000021,深科技,2025-09-16 14:14:57,21.92,17400,21.92,D
sz000021,深科技,2025-09-16 14:15:00,21.93,63400,21.92,U
sz000021,深科技,2025-09-16 14:15:15,21.92,17800,21.92,U
sz000021,深科技,2025-09-16 14:15:18,21.92,10000,21.92,D
sz000021,深科技,2025-09-16 14:15:21,21.92,10100,21.92,D
sz000021,深科技,2025-09-16 14:15:42,21.94,15100,21.93,U
sz000021,深科技,2025-09-16 14:16:00,21.94,29500,21.94,U
sz000021,深科技,2025-09-16 14:16:12,21.95,10300,21.94,U
sz000021,深科技,2025-09-16 14:16:21,21.95,10700,21.94,U
sz000021,深科技,2025-09-16 14:16:27,21.95,12400,21.94,U
sz000021,深科技,2025-09-16 14:16:30,21.95,16700,21.95,U
sz000021,深科技,2025-09-16 14:16:33,21.95,15900,21.95,U
sz000021,深科技,2025-09-16 14:16:39,21.94,20200,21.95,D
sz000021,深科技,2025-09-16 14:16:48,21.96,18000,21.96,U
sz000021,深科技,2025-09-16 14:17:00,21.97,46100,21.97,U
sz000021,深科技,2025-09-16 14:17:12,21.98,21600,21.97,U
sz000021,深科技,2025-09-16 14:17:15,21.97,13300,21.98,D
sz000021,深科技,2025-09-16 14:17:21,21.97,11400,21.97,U
sz000021,深科技,2025-09-16 14:17:24,21.96,14800,21.97,D
sz000021,深科技,2025-09-16 14:17:27,21.96,12200,21.96,D
sz000021,深科技,2025-09-16 14:17:36,21.97,10500,21.97,U
sz000021,深科技,2025-09-16 14:17:45,21.96,31500,21.97,D
sz000021,深科技,2025-09-16 14:17:48,21.96,9700,21.96,D
sz000021,深科技,2025-09-16 14:17:54,21.97,25700,21.96,U
sz000021,深科技,2025-09-16 14:18:00,21.97,12600,21.96,U
sz000021,深科技,2025-09-16 14:18:15,21.97,68700,21.96,U
sz000021,深科技,2025-09-16 14:18:39,21.96,25900,21.96,D
sz000021,深科技,2025-09-16 14:18:51,21.96,13600,21.96,D
sz000021,深科技,2025-09-16 14:20:00,21.96,10200,21.96,D
sz000021,深科技,2025-09-16 14:20:06,21.95,83100,21.96,D
sz000021,深科技,2025-09-16 14:20:33,21.93,40100,21.93,D
sz000021,深科技,2025-09-16 14:21:06,21.93,11000,21.93,D
sz000021,深科技,2025-09-16 14:21:18,21.93,121100,21.93,D
sz000021,深科技,2025-09-16 14:21:24,21.93,29800,21.94,D
sz000021,深科技,2025-09-16 14:21:45,21.93,12000,21.93,D
sz000021,深科技,2025-09-16 14:21:51,21.95,46000,21.93,U
sz000021,深科技,2025-09-16 14:21:57,21.92,32300,21.95,D
sz000021,深科技,2025-09-16 14:22:06,21.92,44000,21.94,D
sz000021,深科技,2025-09-16 14:22:21,21.94,15100,21.94,U
sz000021,深科技,2025-09-16 14:22:24,21.95,18500,21.94,U
sz000021,深科技,2025-09-16 14:22:27,21.95,49800,21.95,D
sz000021,深科技,2025-09-16 14:22:57,21.96,32300,21.96,U
sz000021,深科技,2025-09-16 14:23:03,21.96,14400,21.97,D
sz000021,深科技,2025-09-16 14:23:24,21.96,23400,21.95,U
sz000021,深科技,2025-09-16 14:23:27,21.96,58900,21.96,D
sz000021,深科技,2025-09-16 14:23:33,21.96,12000,21.96,D
sz000021,深科技,2025-09-16 14:23:51,21.94,272700,21.96,D
sz000021,深科技,2025-09-16 14:23:57,21.93,22700,21.93,D
sz000021,深科技,2025-09-16 14:24:15,21.93,11300,21.93,D
sz000021,深科技,2025-09-16 14:24:30,21.92,13500,21.93,D
sz000021,深科技,2025-09-16 14:24:39,21.91,11900,21.92,D
sz000021,深科技,2025-09-16 14:24:42,21.91,15500,21.91,D
sz000021,深科技,2025-09-16 14:24:45,21.94,77100,21.91,U
sz000021,深科技,2025-09-16 14:24:48,21.94,45800,21.94,D
sz000021,深科技,2025-09-16 14:24:54,21.95,76900,21.94,U
sz000021,深科技,2025-09-16 14:25:27,21.94,17000,21.95,D
sz000021,深科技,2025-09-16 14:25:39,21.94,76600,21.95,D
sz000021,深科技,2025-09-16 14:25:45,21.95,13800,21.96,D
sz000021,深科技,2025-09-16 14:26:03,21.94,9500,21.95,D
sz000021,深科技,2025-09-16 14:26:12,21.92,25300,21.93,D
sz000021,深科技,2025-09-16 14:26:51,21.91,25500,21.92,D
sz000021,深科技,2025-09-16 14:26:57,21.91,71000,21.91,U
sz000021,深科技,2025-09-16 14:27:03,21.92,69100,21.91,U
sz000021,深科技,2025-09-16 14:27:06,21.93,10600,21.92,U
sz000021,深科技,2025-09-16 14:27:09,21.95,33100,21.93,U
sz000021,深科技,2025-09-16 14:27:12,21.95,36600,21.95,U
sz000021,深科技,2025-09-16 14:27:15,21.94,12000,21.95,D
sz000021,深科技,2025-09-16 14:27:21,21.92,53900,21.95,D
sz000021,深科技,2025-09-16 14:27:30,21.93,84600,21.94,D
sz000021,深科技,2025-09-16 14:27:33,21.95,14500,21.93,U
sz000021,深科技,2025-09-16 14:27:39,21.96,30500,21.96,U
sz000021,深科技,2025-09-16 14:27:48,21.95,10300,21.95,U
sz000021,深科技,2025-09-16 14:28:24,21.93,10700,21.94,D
sz000021,深科技,2025-09-16 14:28:54,21.92,10300,21.93,D
sz000021,深科技,2025-09-16 14:29:06,21.91,28900,21.92,D
sz000021,深科技,2025-09-16 14:29:09,21.91,14400,21.91,D
sz000021,深科技,2025-09-16 14:29:12,21.91,11800,21.91,D
sz000021,深科技,2025-09-16 14:29:15,21.91,14100,21.91,D
sz000021,深科技,2025-09-16 14:29:30,21.92,147900,21.91,U
sz000021,深科技,2025-09-16 14:30:00,21.92,21500,21.92,D
sz000021,深科技,2025-09-16 14:30:09,21.9,37700,21.92,D
sz000021,深科技,2025-09-16 14:30:12,21.92,17200,21.9,U
sz000021,深科技,2025-09-16 14:30:15,21.91,197100,21.92,D
sz000021,深科技,2025-09-16 14:30:18,21.9,46800,21.91,D
sz000021,深科技,2025-09-16 14:30:21,21.9,16800,21.9,U
sz000021,深科技,2025-09-16 14:30:24,21.9,20700,21.9,U
sz000021,深科技,2025-09-16 14:30:33,21.89,17700,21.89,D
sz000021,深科技,2025-09-16 14:30:36,21.89,42600,21.89,D
sz000021,深科技,2025-09-16 14:30:42,21.89,119200,21.89,U
sz000021,深科技,2025-09-16 14:30:54,21.89,10500,21.9,D
sz000021,深科技,2025-09-16 14:31:03,21.89,15600,21.89,D
sz000021,深科技,2025-09-16 14:31:06,21.89,29400,21.89,U
sz000021,深科技,2025-09-16 14:31:09,21.91,37500,21.89,U
sz000021,深科技,2025-09-16 14:31:12,21.91,34300,21.91,U
sz000021,深科技,2025-09-16 14:31:21,21.91,10800,21.9,U
sz000021,深科技,2025-09-16 14:31:24,21.91,13400,21.91,U
sz000021,深科技,2025-09-16 14:31:27,21.91,21100,21.91,E
sz000021,深科技,2025-09-16 14:31:39,21.91,13600,21.9,U
sz000021,深科技,2025-09-16 14:31:42,21.91,23100,21.91,U
sz000021,深科技,2025-09-16 14:31:54,21.92,13600,21.92,U
sz000021,深科技,2025-09-16 14:32:06,21.93,9800,21.91,U
sz000021,深科技,2025-09-16 14:32:12,21.93,50700,21.93,U
sz000021,深科技,2025-09-16 14:32:15,21.95,10400,21.93,U
sz000021,深科技,2025-09-16 14:32:30,21.94,63700,21.94,U
sz000021,深科技,2025-09-16 14:32:36,21.94,9400,21.93,U
sz000021,深科技,2025-09-16 14:32:42,21.94,17500,21.94,U
sz000021,深科技,2025-09-16 14:32:51,21.94,38100,21.93,U
sz000021,深科技,2025-09-16 14:33:03,21.93,11200,21.93,D
sz000021,深科技,2025-09-16 14:33:06,21.91,99100,21.93,D
sz000021,深科技,2025-09-16 14:33:15,21.91,13200,21.91,D
sz000021,深科技,2025-09-16 14:33:18,21.91,19200,21.91,U
sz000021,深科技,2025-09-16 14:33:21,21.94,59300,21.91,U
sz000021,深科技,2025-09-16 14:33:27,21.9,11500,21.93,D
sz000021,深科技,2025-09-16 14:34:03,21.91,23000,21.92,D
sz000021,深科技,2025-09-16 14:34:15,21.93,14200,21.92,U
sz000021,深科技,2025-09-16 14:34:21,21.92,36900,21.91,U
sz000021,深科技,2025-09-16 14:34:36,21.9,86800,21.91,D
sz000021,深科技,2025-09-16 14:35:06,21.91,10000,21.91,U
sz000021,深科技,2025-09-16 14:35:12,21.91,10800,21.9,U
sz000021,深科技,2025-09-16 14:35:15,21.91,15300,21.91,U
sz000021,深科技,2025-09-16 14:35:21,21.9,101800,21.91,D
sz000021,深科技,2025-09-16 14:35:27,21.9,14900,21.9,U
sz000021,深科技,2025-09-16 14:35:30,21.92,19600,21.9,U
sz000021,深科技,2025-09-16 14:35:33,21.9,11000,21.92,D
sz000021,深科技,2025-09-16 14:35:51,21.91,16000,21.91,D
sz000021,深科技,2025-09-16 14:36:03,21.91,12500,21.91,D
sz000021,深科技,2025-09-16 14:36:12,21.91,11700,21.91,U
sz000021,深科技,2025-09-16 14:36:36,21.91,24900,21.91,U
sz000021,深科技,2025-09-16 14:36:39,21.9,21200,21.91,D
sz000021,深科技,2025-09-16 14:36:51,21.91,35400,21.92,D
sz000021,深科技,2025-09-16 14:37:06,21.92,38400,21.91,U
sz000021,深科技,2025-09-16 14:37:30,21.91,11600,21.91,D
sz000021,深科技,2025-09-16 14:37:33,21.91,14700,21.91,D
sz000021,深科技,2025-09-16 14:37:51,21.91,15800,21.92,D
sz000021,深科技,2025-09-16 14:38:06,21.92,15400,21.92,U
sz000021,深科技,2025-09-16 14:38:12,21.92,23100,21.92,U
sz000021,深科技,2025-09-16 14:38:33,21.92,11700,21.92,U
sz000021,深科技,2025-09-16 14:38:42,21.92,20500,21.92,U
sz000021,深科技,2025-09-16 14:38:45,21.92,10700,21.92,U
sz000021,深科技,2025-09-16 14:38:48,21.92,23900,21.92,U
sz000021,深科技,2025-09-16 14:38:51,21.91,17500,21.92,D
sz000021,深科技,2025-09-16 14:39:24,21.92,52500,21.92,D
sz000021,深科技,2025-09-16 14:39:57,21.92,10200,21.92,D
sz000021,深科技,2025-09-16 14:40:12,21.92,18200,21.92,D
sz000021,深科技,2025-09-16 14:40:15,21.93,42400,21.92,U
sz000021,深科技,2025-09-16 14:40:21,21.93,12000,21.92,U
sz000021,深科技,2025-09-16 14:40:30,21.92,16600,21.92,D
sz000021,深科技,2025-09-16 14:40:45,21.92,9600,21.93,D
sz000021,深科技,2025-09-16 14:40:54,21.91,50000,21.92,D
sz000021,深科技,2025-09-16 14:42:00,21.93,13400,21.92,U
sz000021,深科技,2025-09-16 14:42:09,21.92,16600,21.92,U
sz000021,深科技,2025-09-16 14:42:33,21.91,109400,21.91,D
sz000021,深科技,2025-09-16 14:42:36,21.91,13600,21.91,U
sz000021,深科技,2025-09-16 14:43:06,21.91,30800,21.91,D
sz000021,深科技,2025-09-16 14:43:15,21.91,10600,21.91,U
sz000021,深科技,2025-09-16 14:43:21,21.91,17500,21.9,U
sz000021,深科技,2025-09-16 14:43:27,21.91,25600,21.9,U
sz000021,深科技,2025-09-16 14:43:39,21.91,14800,21.91,D
sz000021,深科技,2025-09-16 14:43:45,21.91,10100,21.91,D
sz000021,深科技,2025-09-16 14:43:54,21.9,11500,21.9,D
sz000021,深科技,2025-09-16 14:44:06,21.91,17700,21.91,U
sz000021,深科技,2025-09-16 14:44:12,21.9,17500,21.9,D
sz000021,深科技,2025-09-16 14:44:18,21.91,10800,21.91,U
sz000021,深科技,2025-09-16 14:44:21,21.92,13000,21.91,U
sz000021,深科技,2025-09-16 14:44:33,21.91,39200,21.91,D
sz000021,深科技,2025-09-16 14:44:48,21.91,14900,21.92,D
sz000021,深科技,2025-09-16 14:44:51,21.91,18500,21.91,D
sz000021,深科技,2025-09-16 14:44:57,21.9,46600,21.91,D
sz000021,深科技,2025-09-16 14:45:03,21.91,14300,21.9,U
sz000021,深科技,2025-09-16 14:45:06,21.91,9900,21.91,U
sz000021,深科技,2025-09-16 14:45:09,21.9,9900,21.91,D
sz000021,深科技,2025-09-16 14:45:18,21.9,9900,21.91,D
sz000021,深科技,2025-09-16 14:45:27,21.91,10200,21.91,D
sz000021,深科技,2025-09-16 14:45:30,21.91,17000,21.91,D
sz000021,深科技,2025-09-16 14:45:33,21.91,13200,21.91,D
sz000021,深科技,2025-09-16 14:45:39,21.91,43800,21.91,D
sz000021,深科技,2025-09-16 14:45:54,21.91,9700,21.91,U
sz000021,深科技,2025-09-16 14:46:00,21.91,12700,21.91,U
sz000021,深科技,2025-09-16 14:46:03,21.9,11300,21.91,D
sz000021,深科技,2025-09-16 14:46:33,21.91,10300,21.91,D
sz000021,深科技,2025-09-16 14:46:39,21.91,15600,21.92,D
sz000021,深科技,2025-09-16 14:46:42,21.92,11900,21.91,U
sz000021,深科技,2025-09-16 14:46:54,21.91,18000,21.91,E
sz000021,深科技,2025-09-16 14:46:57,21.91,23500,21.91,U
sz000021,深科技,2025-09-16 14:47:00,21.9,22700,21.91,D
sz000021,深科技,2025-09-16 14:47:06,21.91,10400,21.9,U
sz000021,深科技,2025-09-16 14:47:12,21.91,18400,21.91,U
sz000021,深科技,2025-09-16 14:47:18,21.91,22300,21.91,U
sz000021,深科技,2025-09-16 14:47:24,21.92,9500,21.91,U
sz000021,深科技,2025-09-16 14:47:30,21.91,33500,21.92,D
sz000021,深科技,2025-09-16 14:47:33,21.91,21600,21.91,D
sz000021,深科技,2025-09-16 14:47:39,21.91,11200,21.91,D
sz000021,深科技,2025-09-16 14:47:42,21.91,17500,21.91,U
sz000021,深科技,2025-09-16 14:47:51,21.91,10700,21.92,D
sz000021,深科技,2025-09-16 14:48:03,21.91,13400,21.92,D
sz000021,深科技,2025-09-16 14:48:09,21.91,12900,21.92,D
sz000021,深科技,2025-09-16 14:48:18,21.91,19800,21.91,D
sz000021,深科技,2025-09-16 14:48:33,21.9,16800,21.91,D
sz000021,深科技,2025-09-16 14:48:36,21.9,12100,21.9,D
sz000021,深科技,2025-09-16 14:48:39,21.9,9500,21.9,D
sz000021,深科技,2025-09-16 14:48:42,21.9,45900,21.9,D
sz000021,深科技,2025-09-16 14:48:54,21.91,17100,21.9,U
sz000021,深科技,2025-09-16 14:49:00,21.91,44400,21.91,U
sz000021,深科技,2025-09-16 14:49:03,21.91,19700,21.91,D
sz000021,深科技,2025-09-16 14:49:06,21.92,10400,21.91,U
sz000021,深科技,2025-09-16 14:49:15,21.92,9500,21.91,U
sz000021,深科技,2025-09-16 14:49:45,21.91,17800,21.91,D
sz000021,深科技,2025-09-16 14:50:03,21.9,48800,21.9,D
sz000021,深科技,2025-09-16 14:50:06,21.9,11500,21.9,D
sz000021,深科技,2025-09-16 14:50:09,21.9,21700,21.9,D
sz000021,深科技,2025-09-16 14:50:21,21.9,11300,21.9,U
sz000021,深科技,2025-09-16 14:50:27,21.9,15300,21.9,U
sz000021,深科技,2025-09-16 14:50:30,21.9,20100,21.9,D
sz000021,深科技,2025-09-16 14:50:48,21.89,22400,21.89,D
sz000021,深科技,2025-09-16 14:50:54,21.89,15900,21.89,D
sz000021,深科技,2025-09-16 14:51:00,21.9,57300,21.89,U
sz000021,深科技,2025-09-16 14:51:03,21.89,20900,21.9,E
sz000021,深科技,2025-09-16 14:51:09,21.9,24300,21.89,U
sz000021,深科技,2025-09-16 14:51:12,21.9,73400,21.9,U
sz000021,深科技,2025-09-16 14:51:18,21.9,16000,21.89,U
sz000021,深科技,2025-09-16 14:51:33,21.9,9800,21.9,U
sz000021,深科技,2025-09-16 14:51:36,21.9,14200,21.9,U
sz000021,深科技,2025-09-16 14:51:39,21.9,17000,21.9,U
sz000021,深科技,2025-09-16 14:51:42,21.9,11400,21.9,U
sz000021,深科技,2025-09-16 14:51:45,21.9,11400,21.9,U
sz000021,深科技,2025-09-16 14:51:48,21.9,9900,21.9,D
sz000021,深科技,2025-09-16 14:51:57,21.9,9588,21.9,U
sz000021,深科技,2025-09-16 14:52:06,21.91,48800,21.9,U
sz000021,深科技,2025-09-16 14:52:21,21.9,12200,21.9,D
sz000021,深科技,2025-09-16 14:52:33,21.91,74300,21.9,U
sz000021,深科技,2025-09-16 14:52:36,21.91,11700,21.91,U
sz000021,深科技,2025-09-16 14:52:39,21.91,14400,21.91,U
sz000021,深科技,2025-09-16 14:52:42,21.9,38900,21.91,D
sz000021,深科技,2025-09-16 14:52:48,21.9,13700,21.91,D
sz000021,深科技,2025-09-16 14:53:00,21.9,27400,21.9,D
sz000021,深科技,2025-09-16 14:53:18,21.91,27600,21.9,U
sz000021,深科技,2025-09-16 14:53:27,21.91,10912,21.9,U
sz000021,深科技,2025-09-16 14:53:30,21.9,11700,21.91,D
sz000021,深科技,2025-09-16 14:53:45,21.9,15000,21.9,D
sz000021,深科技,2025-09-16 14:53:51,21.91,31500,21.91,U
sz000021,深科技,2025-09-16 14:53:54,21.91,20000,21.91,U
sz000021,深科技,2025-09-16 14:53:57,21.9,20000,21.91,D
sz000021,深科技,2025-09-16 14:54:00,21.91,26900,21.9,U
sz000021,深科技,2025-09-16 14:54:06,21.9,20900,21.91,D
sz000021,深科技,2025-09-16 14:54:09,21.91,36400,21.9,U
sz000021,深科技,2025-09-16 14:54:12,21.9,23100,21.91,D
sz000021,深科技,2025-09-16 14:54:15,21.91,26300,21.9,U
sz000021,深科技,2025-09-16 14:54:18,21.91,32700,21.91,U
sz000021,深科技,2025-09-16 14:54:21,21.91,104788,21.91,U
sz000021,深科技,2025-09-16 14:54:24,21.91,9600,21.91,U
sz000021,深科技,2025-09-16 14:54:30,21.91,13000,21.91,D
sz000021,深科技,2025-09-16 14:54:33,21.91,12100,21.91,D
sz000021,深科技,2025-09-16 14:54:36,21.91,22700,21.91,D
sz000021,深科技,2025-09-16 14:54:42,21.91,24900,21.91,U
sz000021,深科技,2025-09-16 14:54:45,21.91,18600,21.91,U
sz000021,深科技,2025-09-16 14:54:48,21.91,13400,21.91,U
sz000021,深科技,2025-09-16 14:54:51,21.91,13200,21.91,D
sz000021,深科技,2025-09-16 14:54:57,21.92,53600,21.91,U
sz000021,深科技,2025-09-16 14:55:03,21.92,17500,21.92,U
sz000021,深科技,2025-09-16 14:55:06,21.92,9800,21.92,U
sz000021,深科技,2025-09-16 14:55:09,21.91,13000,21.92,D
sz000021,深科技,2025-09-16 14:55:12,21.92,9800,21.91,U
sz000021,深科技,2025-09-16 14:55:18,21.92,49200,21.91,U
sz000021,深科技,2025-09-16 14:55:21,21.92,26900,21.92,U
sz000021,深科技,2025-09-16 14:55:24,21.92,21400,21.92,U
sz000021,深科技,2025-09-16 14:55:27,21.92,9200,21.92,U
sz000021,深科技,2025-09-16 14:55:30,21.92,9800,21.92,U
sz000021,深科技,2025-09-16 14:55:39,21.92,30100,21.92,U
sz000021,深科技,2025-09-16 14:55:42,21.92,46700,21.92,U
sz000021,深科技,2025-09-16 14:55:45,21.92,19300,21.92,U
sz000021,深科技,2025-09-16 14:55:48,21.91,10100,21.92,D
sz000021,深科技,2025-09-16 14:55:51,21.92,17700,21.91,U
sz000021,深科技,2025-09-16 14:55:54,21.92,17100,21.92,U
sz000021,深科技,2025-09-16 14:56:00,21.91,16000,21.91,D
sz000021,深科技,2025-09-16 14:56:03,21.91,53000,21.91,D
sz000021,深科技,2025-09-16 14:56:06,21.92,15100,21.91,U
sz000021,深科技,2025-09-16 14:56:09,21.92,12800,21.92,U
sz000021,深科技,2025-09-16 14:56:12,21.91,25400,21.92,D
sz000021,深科技,2025-09-16 14:56:15,21.92,25800,21.91,U
sz000021,深科技,2025-09-16 14:56:18,21.91,12300,21.92,D
sz000021,深科技,2025-09-16 14:56:24,21.91,18300,21.91,D
sz000021,深科技,2025-09-16 14:56:27,21.91,18400,21.91,U
sz000021,深科技,2025-09-16 14:56:33,21.92,19700,21.91,U
sz000021,深科技,2025-09-16 14:56:36,21.91,21800,21.92,D
sz000021,深科技,2025-09-16 14:56:39,21.91,9600,21.91,D
sz000021,深科技,2025-09-16 14:56:42,21.91,28600,21.91,D
sz000021,深科技,2025-09-16 14:56:45,21.92,32600,21.91,U
sz000021,深科技,2025-09-16 14:56:48,21.92,15400,21.92,D
sz000021,深科技,2025-09-16 14:57:00,21.92,11800,21.93,U
sz000021,深科技,2025-09-16 15:00:00,21.94,541368,21.92,E
