symbol,name,ticktime,price,volume,prev_price,kind
sz000021,深科技,2025-09-26 09:25:00,24.81,2283568,0.0,U
sz000021,深科技,2025-09-26 09:30:00,24.85,323500,24.81,U
sz000021,深科技,2025-09-26 09:30:03,24.8,1033501,24.85,D
sz000021,深科技,2025-09-26 09:30:06,24.85,230400,24.8,U
sz000021,深科技,2025-09-26 09:30:09,24.81,177300,24.85,D
sz000021,深科技,2025-09-26 09:30:12,24.85,113100,24.81,U
sz000021,深科技,2025-09-26 09:30:15,24.85,41700,24.85,U
sz000021,深科技,2025-09-26 09:30:18,24.86,83800,24.85,U
sz000021,深科技,2025-09-26 09:30:21,24.88,80300,24.86,U
sz000021,深科技,2025-09-26 09:30:24,24.9,24900,24.88,E
sz000021,深科技,2025-09-26 09:30:27,24.95,38600,24.9,U
sz000021,深科技,2025-09-26 09:30:30,24.96,31100,24.95,U
sz000021,深科技,2025-09-26 09:30:33,24.98,139700,24.96,U
sz000021,深科技,2025-09-26 09:30:36,25.0,74600,24.98,U
sz000021,深科技,2025-09-26 09:30:39,24.99,618800,25.0,D
sz000021,深科技,2025-09-26 09:30:42,24.91,384500,24.99,D
sz000021,深科技,2025-09-26 09:30:45,24.86,165700,24.91,D
sz000021,深科技,2025-09-26 09:30:48,24.85,63500,24.86,D
sz000021,深科技,2025-09-26 09:30:51,24.85,41600,24.85,D
sz000021,深科技,2025-09-26 09:30:54,24.85,156700,24.85,U
sz000021,深科技,2025-09-26 09:30:57,24.85,187100,24.85,D
sz000021,深科技,2025-09-26 09:31:00,24.88,86000,24.85,U
sz000021,深科技,2025-09-26 09:31:03,24.89,79300,24.88,U
sz000021,深科技,2025-09-26 09:31:06,24.96,48600,24.89,U
sz000021,深科技,2025-09-26 09:31:09,24.96,74300,24.96,D
sz000021,深科技,2025-09-26 09:31:12,24.96,41600,24.96,D
sz000021,深科技,2025-09-26 09:31:15,24.93,204500,24.96,D
sz000021,深科技,2025-09-26 09:31:18,24.96,87500,24.93,D
sz000021,深科技,2025-09-26 09:31:21,24.96,177000,24.96,U
sz000021,深科技,2025-09-26 09:31:24,24.99,171300,24.96,E
sz000021,深科技,2025-09-26 09:31:27,24.98,143200,24.99,D
sz000021,深科技,2025-09-26 09:31:30,24.97,135800,24.98,D
sz000021,深科技,2025-09-26 09:31:33,24.98,73800,24.97,U
sz000021,深科技,2025-09-26 09:31:36,24.97,95500,24.98,E
sz000021,深科技,2025-09-26 09:31:39,24.97,116500,24.97,U
sz000021,深科技,2025-09-26 09:31:42,24.95,72800,24.97,D
sz000021,深科技,2025-09-26 09:31:45,24.97,73800,24.95,U
sz000021,深科技,2025-09-26 09:31:48,24.95,81800,24.97,E
sz000021,深科技,2025-09-26 09:31:51,24.89,93000,24.95,D
sz000021,深科技,2025-09-26 09:31:54,24.91,62700,24.89,E
sz000021,深科技,2025-09-26 09:31:57,24.92,44300,24.91,U
sz000021,深科技,2025-09-26 09:32:00,24.94,145000,24.92,U
sz000021,深科技,2025-09-26 09:32:03,24.89,74200,24.94,D
sz000021,深科技,2025-09-26 09:32:06,24.9,67500,24.89,E
sz000021,深科技,2025-09-26 09:32:09,24.88,58400,24.9,D
sz000021,深科技,2025-09-26 09:32:12,24.88,53800,24.88,D
sz000021,深科技,2025-09-26 09:32:15,24.9,118181,24.88,U
sz000021,深科技,2025-09-26 09:32:18,24.94,166500,24.9,U
sz000021,深科技,2025-09-26 09:32:21,25.03,376300,24.94,U
sz000021,深科技,2025-09-26 09:32:24,25.05,174900,25.03,U
sz000021,深科技,2025-09-26 09:32:27,25.05,57500,25.05,D
sz000021,深科技,2025-09-26 09:32:30,25.08,106300,25.05,U
sz000021,深科技,2025-09-26 09:32:33,25.08,109000,25.08,U
sz000021,深科技,2025-09-26 09:32:36,25.08,192700,25.08,D
sz000021,深科技,2025-09-26 09:32:39,25.07,171400,25.08,D
sz000021,深科技,2025-09-26 09:32:42,25.07,111000,25.07,U
sz000021,深科技,2025-09-26 09:32:45,25.03,187400,25.07,D
sz000021,深科技,2025-09-26 09:32:48,25.05,98500,25.03,E
sz000021,深科技,2025-09-26 09:32:51,25.05,52600,25.05,U
sz000021,深科技,2025-09-26 09:32:54,25.05,58200,25.05,U
sz000021,深科技,2025-09-26 09:32:57,25.03,73200,25.05,D
sz000021,深科技,2025-09-26 09:33:00,25.01,37800,25.03,D
sz000021,深科技,2025-09-26 09:33:03,25.01,183600,25.01,D
sz000021,深科技,2025-09-26 09:33:06,24.97,73900,25.01,D
sz000021,深科技,2025-09-26 09:33:09,24.97,38200,24.97,D
sz000021,深科技,2025-09-26 09:33:12,24.94,133200,24.97,D
sz000021,深科技,2025-09-26 09:33:15,24.91,37600,24.94,D
sz000021,深科技,2025-09-26 09:33:18,24.9,57800,24.91,D
sz000021,深科技,2025-09-26 09:33:21,24.91,46000,24.9,U
sz000021,深科技,2025-09-26 09:33:24,24.9,73900,24.91,D
sz000021,深科技,2025-09-26 09:33:27,24.92,96400,24.9,E
sz000021,深科技,2025-09-26 09:33:30,24.9,220800,24.92,D
sz000021,深科技,2025-09-26 09:33:33,24.91,25300,24.9,U
sz000021,深科技,2025-09-26 09:33:36,24.91,50400,24.91,U
sz000021,深科技,2025-09-26 09:33:39,24.91,64200,24.91,D
sz000021,深科技,2025-09-26 09:33:42,24.96,53500,24.91,U
sz000021,深科技,2025-09-26 09:33:45,24.93,15000,24.96,D
sz000021,深科技,2025-09-26 09:33:48,24.96,31300,24.93,U
sz000021,深科技,2025-09-26 09:33:51,24.96,36100,24.96,D
sz000021,深科技,2025-09-26 09:33:54,24.91,138800,24.96,D
sz000021,深科技,2025-09-26 09:33:57,24.95,98600,24.91,U
sz000021,深科技,2025-09-26 09:34:00,24.9,130000,24.95,D
sz000021,深科技,2025-09-26 09:34:03,24.91,258100,24.9,U
sz000021,深科技,2025-09-26 09:34:06,24.94,28200,24.91,U
sz000021,深科技,2025-09-26 09:34:09,24.95,54500,24.94,U
sz000021,深科技,2025-09-26 09:34:12,24.91,145600,24.95,D
sz000021,深科技,2025-09-26 09:34:15,24.9,69400,24.91,D
sz000021,深科技,2025-09-26 09:34:18,24.9,84900,24.9,D
sz000021,深科技,2025-09-26 09:34:21,24.89,76000,24.9,D
sz000021,深科技,2025-09-26 09:34:24,24.88,89300,24.89,D
sz000021,深科技,2025-09-26 09:34:27,24.85,104419,24.88,D
sz000021,深科技,2025-09-26 09:34:30,24.82,57300,24.85,D
sz000021,深科技,2025-09-26 09:34:33,24.8,92000,24.82,D
sz000021,深科技,2025-09-26 09:34:36,24.76,65000,24.8,D
sz000021,深科技,2025-09-26 09:34:39,24.73,45900,24.76,D
sz000021,深科技,2025-09-26 09:34:42,24.73,96500,24.73,D
sz000021,深科技,2025-09-26 09:34:45,24.72,243900,24.73,E
sz000021,深科技,2025-09-26 09:34:48,24.75,119600,24.72,E
sz000021,深科技,2025-09-26 09:34:51,24.71,228500,24.75,D
sz000021,深科技,2025-09-26 09:34:54,24.7,139500,24.71,D
sz000021,深科技,2025-09-26 09:34:57,24.71,178300,24.7,D
sz000021,深科技,2025-09-26 09:35:00,24.71,205787,24.71,E
sz000021,深科技,2025-09-26 09:35:03,24.71,103500,24.71,D
sz000021,深科技,2025-09-26 09:35:06,24.71,190200,24.71,U
sz000021,深科技,2025-09-26 09:35:09,24.72,126300,24.71,U
sz000021,深科技,2025-09-26 09:35:12,24.72,67000,24.72,D
sz000021,深科技,2025-09-26 09:35:15,24.72,60096,24.72,D
sz000021,深科技,2025-09-26 09:35:18,24.72,52100,24.72,E
sz000021,深科技,2025-09-26 09:35:21,24.76,163200,24.72,E
sz000021,深科技,2025-09-26 09:35:24,24.74,82800,24.76,D
sz000021,深科技,2025-09-26 09:35:27,24.7,131600,24.74,D
sz000021,深科技,2025-09-26 09:35:30,24.7,55800,24.7,D
sz000021,深科技,2025-09-26 09:35:33,24.7,114400,24.7,D
sz000021,深科技,2025-09-26 09:35:36,24.7,70800,24.7,U
sz000021,深科技,2025-09-26 09:35:39,24.68,76600,24.7,D
sz000021,深科技,2025-09-26 09:35:42,24.68,135604,24.68,D
sz000021,深科技,2025-09-26 09:35:45,24.67,95196,24.68,D
sz000021,深科技,2025-09-26 09:35:48,24.7,105500,24.67,E
sz000021,深科技,2025-09-26 09:35:51,24.7,81300,24.7,D
sz000021,深科技,2025-09-26 09:35:54,24.7,105600,24.7,D
sz000021,深科技,2025-09-26 09:35:57,24.7,87200,24.7,U
sz000021,深科技,2025-09-26 09:36:00,24.69,81400,24.7,D
sz000021,深科技,2025-09-26 09:36:03,24.69,120500,24.69,D
sz000021,深科技,2025-09-26 09:36:06,24.69,66100,24.69,D
sz000021,深科技,2025-09-26 09:36:09,24.7,77600,24.69,U
sz000021,深科技,2025-09-26 09:36:12,24.7,110800,24.7,U
sz000021,深科技,2025-09-26 09:36:15,24.7,63900,24.7,D
sz000021,深科技,2025-09-26 09:36:18,24.76,142101,24.7,U
sz000021,深科技,2025-09-26 09:36:21,24.76,33400,24.76,D
sz000021,深科技,2025-09-26 09:36:24,24.75,12386,24.76,D
sz000021,深科技,2025-09-26 09:36:27,24.78,49600,24.75,U
sz000021,深科技,2025-09-26 09:36:30,24.75,36700,24.78,D
sz000021,深科技,2025-09-26 09:36:33,24.75,22100,24.75,U
sz000021,深科技,2025-09-26 09:36:36,24.76,39700,24.75,U
sz000021,深科技,2025-09-26 09:36:39,24.72,51400,24.76,D
sz000021,深科技,2025-09-26 09:36:42,24.73,51600,24.72,E
sz000021,深科技,2025-09-26 09:36:45,24.74,152200,24.73,U
sz000021,深科技,2025-09-26 09:36:48,24.75,67700,24.74,U
sz000021,深科技,2025-09-26 09:36:51,24.74,68600,24.75,D
sz000021,深科技,2025-09-26 09:36:54,24.75,59600,24.74,U
sz000021,深科技,2025-09-26 09:36:57,24.74,61300,24.75,D
sz000021,深科技,2025-09-26 09:37:00,24.74,74300,24.74,U
sz000021,深科技,2025-09-26 09:37:03,24.75,43100,24.74,D
sz000021,深科技,2025-09-26 09:37:06,24.75,119600,24.75,D
sz000021,深科技,2025-09-26 09:37:09,24.75,19400,24.75,U
sz000021,深科技,2025-09-26 09:37:12,24.73,47100,24.75,D
sz000021,深科技,2025-09-26 09:37:15,24.74,12900,24.73,U
sz000021,深科技,2025-09-26 09:37:18,24.73,96800,24.74,D
sz000021,深科技,2025-09-26 09:37:21,24.74,56000,24.73,D
sz000021,深科技,2025-09-26 09:37:24,24.72,44200,24.74,D
sz000021,深科技,2025-09-26 09:37:27,24.72,33900,24.72,D
sz000021,深科技,2025-09-26 09:37:30,24.73,38100,24.72,U
sz000021,深科技,2025-09-26 09:37:33,24.74,78000,24.73,U
sz000021,深科技,2025-09-26 09:37:36,24.73,49700,24.74,D
sz000021,深科技,2025-09-26 09:37:39,24.73,34800,24.73,U
sz000021,深科技,2025-09-26 09:37:42,24.73,53100,24.73,U
sz000021,深科技,2025-09-26 09:37:45,24.74,49700,24.73,U
sz000021,深科技,2025-09-26 09:37:48,24.73,68200,24.74,D
sz000021,深科技,2025-09-26 09:37:51,24.74,23300,24.73,U
sz000021,深科技,2025-09-26 09:37:54,24.77,31800,24.74,U
sz000021,深科技,2025-09-26 09:37:57,24.8,64100,24.77,U
sz000021,深科技,2025-09-26 09:38:03,24.8,10300,24.79,U
sz000021,深科技,2025-09-26 09:38:06,24.8,44300,24.8,D
sz000021,深科技,2025-09-26 09:38:09,24.82,35300,24.8,U
sz000021,深科技,2025-09-26 09:38:12,24.81,30300,24.82,D
sz000021,深科技,2025-09-26 09:38:15,24.85,17700,24.81,U
sz000021,深科技,2025-09-26 09:38:18,24.85,17200,24.85,U
sz000021,深科技,2025-09-26 09:38:21,24.84,25500,24.85,U
sz000021,深科技,2025-09-26 09:38:24,24.87,23500,24.84,U
sz000021,深科技,2025-09-26 09:38:27,24.89,25300,24.87,U
sz000021,深科技,2025-09-26 09:38:30,24.87,34800,24.89,D
sz000021,深科技,2025-09-26 09:38:33,24.87,34400,24.87,D
sz000021,深科技,2025-09-26 09:38:36,24.9,40800,24.87,U
sz000021,深科技,2025-09-26 09:38:39,24.92,32800,24.9,U
sz000021,深科技,2025-09-26 09:38:42,24.93,27400,24.92,U
sz000021,深科技,2025-09-26 09:38:45,24.93,26400,24.93,U
sz000021,深科技,2025-09-26 09:38:48,24.92,230000,24.93,D
sz000021,深科技,2025-09-26 09:38:51,24.94,244300,24.92,U
sz000021,深科技,2025-09-26 09:38:54,24.95,27900,24.94,U
sz000021,深科技,2025-09-26 09:38:57,25.04,264700,24.95,U
sz000021,深科技,2025-09-26 09:39:00,25.04,156300,25.04,U
sz000021,深科技,2025-09-26 09:39:03,25.0,103200,25.04,E
sz000021,深科技,2025-09-26 09:39:06,25.0,68100,25.0,U
sz000021,深科技,2025-09-26 09:39:09,25.0,46600,25.0,D
sz000021,深科技,2025-09-26 09:39:12,25.0,75900,25.0,D
sz000021,深科技,2025-09-26 09:39:15,25.0,233100,25.0,D
sz000021,深科技,2025-09-26 09:39:18,24.96,92700,25.0,D
sz000021,深科技,2025-09-26 09:39:21,25.0,170700,24.96,U
sz000021,深科技,2025-09-26 09:39:24,24.95,44000,25.0,D
sz000021,深科技,2025-09-26 09:39:27,24.94,125500,24.95,D
sz000021,深科技,2025-09-26 09:39:30,24.95,44000,24.94,U
sz000021,深科技,2025-09-26 09:39:33,24.92,20600,24.95,D
sz000021,深科技,2025-09-26 09:39:36,24.89,84200,24.92,D
sz000021,深科技,2025-09-26 09:39:39,24.88,24800,24.89,D
sz000021,深科技,2025-09-26 09:39:42,24.89,45700,24.88,E
sz000021,深科技,2025-09-26 09:39:45,24.88,29900,24.89,D
sz000021,深科技,2025-09-26 09:39:48,24.87,30700,24.88,D
sz000021,深科技,2025-09-26 09:39:51,24.87,39400,24.87,U
sz000021,深科技,2025-09-26 09:39:54,24.87,27100,24.87,U
sz000021,深科技,2025-09-26 09:39:57,24.9,77000,24.87,U
sz000021,深科技,2025-09-26 09:40:00,24.9,31100,24.9,D
sz000021,深科技,2025-09-26 09:40:03,24.92,19700,24.9,U
sz000021,深科技,2025-09-26 09:40:06,24.95,70900,24.92,U
sz000021,深科技,2025-09-26 09:40:09,24.95,77800,24.95,U
sz000021,深科技,2025-09-26 09:40:12,24.93,99600,24.95,E
sz000021,深科技,2025-09-26 09:40:15,24.94,36300,24.93,U
sz000021,深科技,2025-09-26 09:40:18,24.95,50700,24.94,U
sz000021,深科技,2025-09-26 09:40:21,25.0,208000,24.95,U
sz000021,深科技,2025-09-26 09:40:24,25.01,21100,25.0,U
sz000021,深科技,2025-09-26 09:40:27,24.99,139700,25.01,D
sz000021,深科技,2025-09-26 09:40:30,25.01,52600,24.99,U
sz000021,深科技,2025-09-26 09:40:33,25.0,18000,25.01,E
sz000021,深科技,2025-09-26 09:40:36,25.0,69800,25.0,D
sz000021,深科技,2025-09-26 09:40:39,25.02,45500,25.0,U
sz000021,深科技,2025-09-26 09:40:42,25.06,434800,25.02,U
sz000021,深科技,2025-09-26 09:40:45,25.13,329600,25.06,U
sz000021,深科技,2025-09-26 09:40:48,25.2,262000,25.13,U
sz000021,深科技,2025-09-26 09:40:51,25.2,133300,25.2,U
sz000021,深科技,2025-09-26 09:40:54,25.21,44300,25.2,U
sz000021,深科技,2025-09-26 09:40:57,25.21,64900,25.21,D
sz000021,深科技,2025-09-26 09:41:00,25.25,148900,25.21,U
sz000021,深科技,2025-09-26 09:41:03,25.25,181000,25.25,U
sz000021,深科技,2025-09-26 09:41:06,25.2,351800,25.25,D
sz000021,深科技,2025-09-26 09:41:09,25.24,138600,25.2,U
sz000021,深科技,2025-09-26 09:41:12,25.2,104300,25.24,D
sz000021,深科技,2025-09-26 09:41:15,25.24,126800,25.2,U
sz000021,深科技,2025-09-26 09:41:18,25.19,90900,25.24,D
sz000021,深科技,2025-09-26 09:41:21,25.16,97800,25.19,D
sz000021,深科技,2025-09-26 09:41:24,25.18,182700,25.16,U
sz000021,深科技,2025-09-26 09:41:27,25.21,103800,25.18,U
sz000021,深科技,2025-09-26 09:41:30,25.23,104800,25.21,U
sz000021,深科技,2025-09-26 09:41:33,25.24,75800,25.23,U
sz000021,深科技,2025-09-26 09:41:36,25.25,413000,25.24,U
sz000021,深科技,2025-09-26 09:41:39,25.25,271100,25.25,U
sz000021,深科技,2025-09-26 09:41:42,25.25,208100,25.25,D
sz000021,深科技,2025-09-26 09:41:45,25.26,71600,25.25,U
sz000021,深科技,2025-09-26 09:41:48,25.26,71400,25.26,D
sz000021,深科技,2025-09-26 09:41:51,25.32,647700,25.26,U
sz000021,深科技,2025-09-26 09:41:54,25.29,164400,25.32,D
sz000021,深科技,2025-09-26 09:41:57,25.29,336400,25.29,D
sz000021,深科技,2025-09-26 09:42:00,25.28,137200,25.29,E
sz000021,深科技,2025-09-26 09:42:03,25.29,153800,25.28,U
sz000021,深科技,2025-09-26 09:42:06,25.25,280600,25.29,D
sz000021,深科技,2025-09-26 09:42:09,25.26,322100,25.25,U
sz000021,深科技,2025-09-26 09:42:12,25.26,83200,25.26,U
sz000021,深科技,2025-09-26 09:42:15,25.24,115700,25.26,D
sz000021,深科技,2025-09-26 09:42:18,25.2,110100,25.24,D
sz000021,深科技,2025-09-26 09:42:21,25.2,159100,25.2,U
sz000021,深科技,2025-09-26 09:42:24,25.17,27700,25.2,D
sz000021,深科技,2025-09-26 09:42:27,25.2,41300,25.17,U
sz000021,深科技,2025-09-26 09:42:30,25.21,67700,25.2,U
sz000021,深科技,2025-09-26 09:42:33,25.17,70400,25.21,E
sz000021,深科技,2025-09-26 09:42:36,25.2,101000,25.17,U
sz000021,深科技,2025-09-26 09:42:39,25.18,62500,25.2,D
sz000021,深科技,2025-09-26 09:42:42,25.2,50900,25.18,U
sz000021,深科技,2025-09-26 09:42:45,25.2,94000,25.2,D
sz000021,深科技,2025-09-26 09:42:48,25.2,90400,25.2,D
sz000021,深科技,2025-09-26 09:42:51,25.23,51900,25.2,U
sz000021,深科技,2025-09-26 09:42:54,25.23,46000,25.23,D
sz000021,深科技,2025-09-26 09:42:57,25.25,226600,25.23,U
sz000021,深科技,2025-09-26 09:43:00,25.25,40200,25.25,U
sz000021,深科技,2025-09-26 09:43:03,25.25,113400,25.25,D
sz000021,深科技,2025-09-26 09:43:06,25.21,58100,25.25,D
sz000021,深科技,2025-09-26 09:43:09,25.22,65000,25.21,U
sz000021,深科技,2025-09-26 09:43:12,25.23,47400,25.22,U
sz000021,深科技,2025-09-26 09:43:15,25.25,35500,25.23,U
sz000021,深科技,2025-09-26 09:43:18,25.25,86772,25.25,U
sz000021,深科技,2025-09-26 09:43:21,25.28,66900,25.25,U
sz000021,深科技,2025-09-26 09:43:24,25.28,47600,25.28,U
sz000021,深科技,2025-09-26 09:43:27,25.28,51700,25.28,U
sz000021,深科技,2025-09-26 09:43:30,25.28,64200,25.28,D
sz000021,深科技,2025-09-26 09:43:33,25.29,113800,25.28,U
sz000021,深科技,2025-09-26 09:43:36,25.3,95784,25.29,U
sz000021,深科技,2025-09-26 09:43:39,25.38,446173,25.3,U
sz000021,深科技,2025-09-26 09:43:42,25.38,26100,25.38,U
sz000021,深科技,2025-09-26 09:43:45,25.38,101900,25.38,U
sz000021,深科技,2025-09-26 09:43:48,25.43,176600,25.38,U
sz000021,深科技,2025-09-26 09:43:51,25.45,61400,25.43,U
sz000021,深科技,2025-09-26 09:43:54,25.46,163600,25.45,U
sz000021,深科技,2025-09-26 09:43:57,25.44,209500,25.46,D
sz000021,深科技,2025-09-26 09:44:00,25.45,140900,25.44,U
sz000021,深科技,2025-09-26 09:44:03,25.44,207900,25.45,U
sz000021,深科技,2025-09-26 09:44:06,25.4,422100,25.44,E
sz000021,深科技,2025-09-26 09:44:09,25.39,300200,25.4,E
sz000021,深科技,2025-09-26 09:44:12,25.36,138900,25.39,E
sz000021,深科技,2025-09-26 09:44:15,25.35,69300,25.36,E
sz000021,深科技,2025-09-26 09:44:18,25.34,169400,25.35,E
sz000021,深科技,2025-09-26 09:44:21,25.3,114100,25.34,D
sz000021,深科技,2025-09-26 09:44:24,25.31,60700,25.3,E
sz000021,深科技,2025-09-26 09:44:27,25.3,110700,25.31,D
sz000021,深科技,2025-09-26 09:44:30,25.34,37200,25.3,U
sz000021,深科技,2025-09-26 09:44:33,25.34,35700,25.34,D
sz000021,深科技,2025-09-26 09:44:36,25.34,102600,25.34,U
sz000021,深科技,2025-09-26 09:44:39,25.32,191500,25.34,D
sz000021,深科技,2025-09-26 09:44:42,25.35,80500,25.32,U
sz000021,深科技,2025-09-26 09:44:45,25.33,153600,25.35,D
sz000021,深科技,2025-09-26 09:44:48,25.34,62100,25.33,U
sz000021,深科技,2025-09-26 09:44:51,25.33,233000,25.34,E
sz000021,深科技,2025-09-26 09:44:54,25.32,102500,25.33,U
sz000021,深科技,2025-09-26 09:44:57,25.35,275800,25.32,U
sz000021,深科技,2025-09-26 09:45:00,25.35,127000,25.35,D
sz000021,深科技,2025-09-26 09:45:03,25.32,112200,25.35,D
sz000021,深科技,2025-09-26 09:45:06,25.29,279100,25.32,D
sz000021,深科技,2025-09-26 09:45:09,25.3,89700,25.29,U
sz000021,深科技,2025-09-26 09:45:12,25.29,21900,25.3,E
sz000021,深科技,2025-09-26 09:45:15,25.26,31800,25.29,D
sz000021,深科技,2025-09-26 09:45:18,25.22,50500,25.26,D
sz000021,深科技,2025-09-26 09:45:21,25.22,50000,25.22,D
sz000021,深科技,2025-09-26 09:45:24,25.22,50128,25.22,D
sz000021,深科技,2025-09-26 09:45:27,25.25,82300,25.22,U
sz000021,深科技,2025-09-26 09:45:30,25.23,47372,25.25,D
sz000021,深科技,2025-09-26 09:45:33,25.25,53300,25.23,U
sz000021,深科技,2025-09-26 09:45:36,25.24,67900,25.25,D
sz000021,深科技,2025-09-26 09:45:39,25.21,90400,25.24,D
sz000021,深科技,2025-09-26 09:45:42,25.2,17900,25.21,D
sz000021,深科技,2025-09-26 09:45:45,25.21,15700,25.2,E
sz000021,深科技,2025-09-26 09:45:48,25.19,271028,25.21,D
sz000021,深科技,2025-09-26 09:45:51,25.18,43600,25.19,D
sz000021,深科技,2025-09-26 09:45:54,25.16,58100,25.18,D
sz000021,深科技,2025-09-26 09:45:57,25.15,20100,25.16,D
sz000021,深科技,2025-09-26 09:46:00,25.17,43700,25.15,U
sz000021,深科技,2025-09-26 09:46:03,25.15,49800,25.17,D
sz000021,深科技,2025-09-26 09:46:06,25.18,28700,25.15,U
sz000021,深科技,2025-09-26 09:46:09,25.18,68900,25.18,U
sz000021,深科技,2025-09-26 09:46:12,25.18,81100,25.18,D
sz000021,深科技,2025-09-26 09:46:15,25.18,95300,25.18,U
sz000021,深科技,2025-09-26 09:46:18,25.16,39700,25.18,D
sz000021,深科技,2025-09-26 09:46:21,25.18,32200,25.16,U
sz000021,深科技,2025-09-26 09:46:24,25.16,213100,25.18,D
sz000021,深科技,2025-09-26 09:46:27,25.16,35700,25.16,D
sz000021,深科技,2025-09-26 09:46:30,25.18,91000,25.16,U
sz000021,深科技,2025-09-26 09:46:33,25.18,18900,25.18,U
sz000021,深科技,2025-09-26 09:46:36,25.18,28000,25.18,D
sz000021,深科技,2025-09-26 09:46:39,25.16,154300,25.18,D
sz000021,深科技,2025-09-26 09:46:42,25.16,63600,25.16,U
sz000021,深科技,2025-09-26 09:46:45,25.14,45400,25.16,D
sz000021,深科技,2025-09-26 09:46:48,25.12,75400,25.14,D
sz000021,深科技,2025-09-26 09:46:51,25.1,52600,25.12,D
sz000021,深科技,2025-09-26 09:46:54,25.09,16200,25.1,E
sz000021,深科技,2025-09-26 09:46:57,25.08,21000,25.09,D
sz000021,深科技,2025-09-26 09:47:00,25.1,35000,25.08,U
sz000021,深科技,2025-09-26 09:47:03,25.06,77100,25.1,D
sz000021,深科技,2025-09-26 09:47:06,25.05,100500,25.06,E
sz000021,深科技,2025-09-26 09:47:09,25.03,36300,25.05,E
sz000021,深科技,2025-09-26 09:47:12,25.03,66200,25.03,D
sz000021,深科技,2025-09-26 09:47:15,25.03,95700,25.03,U
sz000021,深科技,2025-09-26 09:47:18,25.06,33500,25.03,D
sz000021,深科技,2025-09-26 09:47:21,25.08,9700,25.06,U
sz000021,深科技,2025-09-26 09:47:24,25.08,28100,25.08,U
sz000021,深科技,2025-09-26 09:47:27,25.09,146800,25.08,U
sz000021,深科技,2025-09-26 09:47:30,25.1,50200,25.09,U
sz000021,深科技,2025-09-26 09:47:33,25.11,23800,25.1,U
sz000021,深科技,2025-09-26 09:47:42,25.16,23200,25.15,U
sz000021,深科技,2025-09-26 09:47:45,25.14,96600,25.16,D
sz000021,深科技,2025-09-26 09:47:48,25.15,57900,25.14,U
sz000021,深科技,2025-09-26 09:47:51,25.15,22100,25.15,U
sz000021,深科技,2025-09-26 09:47:54,25.16,38500,25.15,U
sz000021,深科技,2025-09-26 09:47:57,25.15,54300,25.16,D
sz000021,深科技,2025-09-26 09:48:00,25.13,180600,25.15,D
sz000021,深科技,2025-09-26 09:48:03,25.22,470500,25.13,U
sz000021,深科技,2025-09-26 09:48:06,25.3,141500,25.22,U
sz000021,深科技,2025-09-26 09:48:09,25.3,29300,25.3,U
sz000021,深科技,2025-09-26 09:48:12,25.26,34600,25.3,D
sz000021,深科技,2025-09-26 09:48:15,25.3,48200,25.26,U
sz000021,深科技,2025-09-26 09:48:18,25.28,48500,25.3,E
sz000021,深科技,2025-09-26 09:48:21,25.3,70900,25.28,D
sz000021,深科技,2025-09-26 09:48:24,25.3,52400,25.3,U
sz000021,深科技,2025-09-26 09:48:27,25.32,15400,25.3,U
sz000021,深科技,2025-09-26 09:48:30,25.41,689200,25.32,U
sz000021,深科技,2025-09-26 09:48:33,25.41,64600,25.41,D
sz000021,深科技,2025-09-26 09:48:36,25.42,43000,25.41,U
sz000021,深科技,2025-09-26 09:48:39,25.4,96200,25.42,E
sz000021,深科技,2025-09-26 09:48:42,25.4,66100,25.4,D
sz000021,深科技,2025-09-26 09:48:45,25.4,29900,25.4,U
sz000021,深科技,2025-09-26 09:48:48,25.39,49500,25.4,E
sz000021,深科技,2025-09-26 09:48:51,25.34,23500,25.39,D
sz000021,深科技,2025-09-26 09:48:54,25.36,52600,25.34,U
sz000021,深科技,2025-09-26 09:48:57,25.37,54100,25.36,U
sz000021,深科技,2025-09-26 09:49:00,25.34,349700,25.37,D
sz000021,深科技,2025-09-26 09:49:03,25.34,35400,25.34,U
sz000021,深科技,2025-09-26 09:49:06,25.35,90300,25.34,U
sz000021,深科技,2025-09-26 09:49:09,25.34,90300,25.35,E
sz000021,深科技,2025-09-26 09:49:12,25.32,62600,25.34,D
sz000021,深科技,2025-09-26 09:49:15,25.31,49000,25.32,D
sz000021,深科技,2025-09-26 09:49:18,25.31,57400,25.31,D
sz000021,深科技,2025-09-26 09:49:21,25.31,133000,25.31,U
sz000021,深科技,2025-09-26 09:49:24,25.31,39200,25.31,E
sz000021,深科技,2025-09-26 09:49:27,25.31,46400,25.31,U
sz000021,深科技,2025-09-26 09:49:30,25.3,29000,25.31,D
sz000021,深科技,2025-09-26 09:49:33,25.3,26400,25.3,U
sz000021,深科技,2025-09-26 09:49:36,25.3,41200,25.3,U
sz000021,深科技,2025-09-26 09:49:39,25.29,23500,25.3,D
sz000021,深科技,2025-09-26 09:49:42,25.29,16700,25.29,U
sz000021,深科技,2025-09-26 09:49:45,25.26,34900,25.29,D
sz000021,深科技,2025-09-26 09:49:48,25.26,31200,25.26,D
sz000021,深科技,2025-09-26 09:49:51,25.27,44900,25.26,E
sz000021,深科技,2025-09-26 09:49:54,25.28,83500,25.27,U
sz000021,深科技,2025-09-26 09:49:57,25.28,32300,25.28,D
sz000021,深科技,2025-09-26 09:50:00,25.28,31900,25.28,D
sz000021,深科技,2025-09-26 09:50:03,25.28,36800,25.28,U
sz000021,深科技,2025-09-26 09:50:06,25.28,33900,25.28,U
sz000021,深科技,2025-09-26 09:50:09,25.28,54100,25.28,D
sz000021,深科技,2025-09-26 09:50:12,25.26,61600,25.28,D
sz000021,深科技,2025-09-26 09:50:15,25.26,35100,25.26,D
sz000021,深科技,2025-09-26 09:50:18,25.25,17900,25.26,D
sz000021,深科技,2025-09-26 09:50:21,25.26,20700,25.25,U
sz000021,深科技,2025-09-26 09:50:24,25.25,16900,25.26,E
sz000021,深科技,2025-09-26 09:50:27,25.23,9200,25.25,D
sz000021,深科技,2025-09-26 09:50:30,25.21,26100,25.23,D
sz000021,深科技,2025-09-26 09:50:33,25.2,31100,25.21,D
sz000021,深科技,2025-09-26 09:50:36,25.2,34400,25.2,U
sz000021,深科技,2025-09-26 09:50:39,25.19,79100,25.2,U
sz000021,深科技,2025-09-26 09:50:42,25.18,17800,25.19,D
sz000021,深科技,2025-09-26 09:50:48,25.19,50500,25.19,U
sz000021,深科技,2025-09-26 09:50:51,25.21,16400,25.19,E
sz000021,深科技,2025-09-26 09:50:54,25.19,40900,25.21,D
sz000021,深科技,2025-09-26 09:50:57,25.19,9700,25.19,D
sz000021,深科技,2025-09-26 09:51:00,25.2,46900,25.19,U
sz000021,深科技,2025-09-26 09:51:03,25.19,27200,25.2,D
sz000021,深科技,2025-09-26 09:51:06,25.19,43600,25.19,U
sz000021,深科技,2025-09-26 09:51:09,25.2,41700,25.19,U
sz000021,深科技,2025-09-26 09:51:12,25.2,18500,25.2,D
sz000021,深科技,2025-09-26 09:51:15,25.21,23400,25.2,D
sz000021,深科技,2025-09-26 09:51:18,25.23,33100,25.21,U
sz000021,深科技,2025-09-26 09:51:21,25.21,17200,25.23,D
sz000021,深科技,2025-09-26 09:51:24,25.22,38900,25.21,D
sz000021,深科技,2025-09-26 09:51:27,25.21,30100,25.22,D
sz000021,深科技,2025-09-26 09:51:30,25.21,39900,25.21,U
sz000021,深科技,2025-09-26 09:51:33,25.21,41200,25.21,U
sz000021,深科技,2025-09-26 09:51:36,25.21,19200,25.21,D
sz000021,深科技,2025-09-26 09:51:39,25.22,28800,25.21,U
sz000021,深科技,2025-09-26 09:51:42,25.23,13300,25.22,U
sz000021,深科技,2025-09-26 09:51:45,25.22,12800,25.23,D
sz000021,深科技,2025-09-26 09:51:48,25.23,12100,25.22,U
sz000021,深科技,2025-09-26 09:51:51,25.23,30000,25.23,D
sz000021,深科技,2025-09-26 09:51:54,25.24,22200,25.23,U
sz000021,深科技,2025-09-26 09:52:00,25.25,67500,25.24,U
sz000021,深科技,2025-09-26 09:52:03,25.26,38500,25.25,U
sz000021,深科技,2025-09-26 09:52:06,25.26,20600,25.26,D
sz000021,深科技,2025-09-26 09:52:09,25.27,20800,25.26,U
sz000021,深科技,2025-09-26 09:52:12,25.28,18800,25.27,U
sz000021,深科技,2025-09-26 09:52:15,25.27,25700,25.28,D
sz000021,深科技,2025-09-26 09:52:18,25.28,28700,25.27,U
sz000021,深科技,2025-09-26 09:52:21,25.28,32400,25.28,D
sz000021,深科技,2025-09-26 09:52:24,25.28,34300,25.28,D
sz000021,深科技,2025-09-26 09:52:27,25.28,70000,25.28,D
sz000021,深科技,2025-09-26 09:52:30,25.27,24500,25.28,D
sz000021,深科技,2025-09-26 09:52:33,25.25,80500,25.27,D
sz000021,深科技,2025-09-26 09:52:36,25.25,24000,25.25,U
sz000021,深科技,2025-09-26 09:52:39,25.24,15400,25.25,D
sz000021,深科技,2025-09-26 09:52:42,25.23,37300,25.24,D
sz000021,深科技,2025-09-26 09:52:45,25.2,192500,25.23,D
sz000021,深科技,2025-09-26 09:52:48,25.23,37600,25.2,U
sz000021,深科技,2025-09-26 09:52:51,25.2,43300,25.23,E
sz000021,深科技,2025-09-26 09:52:54,25.2,30700,25.2,D
sz000021,深科技,2025-09-26 09:52:57,25.2,39100,25.2,U
sz000021,深科技,2025-09-26 09:53:00,25.19,49300,25.2,D
sz000021,深科技,2025-09-26 09:53:03,25.18,29900,25.19,D
sz000021,深科技,2025-09-26 09:53:06,25.17,17700,25.18,D
sz000021,深科技,2025-09-26 09:53:09,25.18,27600,25.17,E
sz000021,深科技,2025-09-26 09:53:12,25.15,85200,25.18,D
sz000021,深科技,2025-09-26 09:53:15,25.15,50900,25.15,D
sz000021,深科技,2025-09-26 09:53:18,25.15,36200,25.15,U
sz000021,深科技,2025-09-26 09:53:21,25.14,12600,25.15,D
sz000021,深科技,2025-09-26 09:53:24,25.13,62800,25.14,D
sz000021,深科技,2025-09-26 09:53:27,25.1,15600,25.13,D
sz000021,深科技,2025-09-26 09:53:30,25.13,18800,25.1,U
sz000021,深科技,2025-09-26 09:53:33,25.11,21600,25.13,E
sz000021,深科技,2025-09-26 09:53:36,25.13,30300,25.11,U
sz000021,深科技,2025-09-26 09:53:39,25.13,45000,25.13,U
sz000021,深科技,2025-09-26 09:53:42,25.12,30900,25.13,D
sz000021,深科技,2025-09-26 09:53:45,25.1,58900,25.12,D
sz000021,深科技,2025-09-26 09:53:48,25.11,15000,25.1,U
sz000021,深科技,2025-09-26 09:53:51,25.1,29400,25.11,D
sz000021,深科技,2025-09-26 09:53:54,25.12,52400,25.1,U
sz000021,深科技,2025-09-26 09:53:57,25.12,42300,25.12,U
sz000021,深科技,2025-09-26 09:54:00,25.12,24900,25.12,D
sz000021,深科技,2025-09-26 09:54:03,25.13,29300,25.12,U
sz000021,深科技,2025-09-26 09:54:06,25.1,30000,25.13,D
sz000021,深科技,2025-09-26 09:54:09,25.1,44200,25.1,D
sz000021,深科技,2025-09-26 09:54:12,25.11,25400,25.1,E
sz000021,深科技,2025-09-26 09:54:15,25.13,61000,25.11,E
sz000021,深科技,2025-09-26 09:54:18,25.11,17800,25.13,D
sz000021,深科技,2025-09-26 09:54:21,25.12,32700,25.11,U
sz000021,深科技,2025-09-26 09:54:24,25.12,9800,25.12,D
sz000021,深科技,2025-09-26 09:54:27,25.12,12200,25.12,D
sz000021,深科技,2025-09-26 09:54:30,25.12,10300,25.12,U
sz000021,深科技,2025-09-26 09:54:33,25.12,11300,25.12,U
sz000021,深科技,2025-09-26 09:54:36,25.14,26000,25.12,U
sz000021,深科技,2025-09-26 09:54:39,25.12,21000,25.14,D
sz000021,深科技,2025-09-26 09:54:42,25.14,17200,25.12,U
sz000021,深科技,2025-09-26 09:54:45,25.14,22100,25.14,U
sz000021,深科技,2025-09-26 09:54:48,25.14,12000,25.14,D
sz000021,深科技,2025-09-26 09:54:51,25.13,21400,25.14,D
sz000021,深科技,2025-09-26 09:54:54,25.11,175600,25.13,D
sz000021,深科技,2025-09-26 09:54:57,25.09,284400,25.11,D
sz000021,深科技,2025-09-26 09:55:03,25.06,34500,25.09,D
sz000021,深科技,2025-09-26 09:55:06,25.09,47000,25.06,U
sz000021,深科技,2025-09-26 09:55:09,25.08,25800,25.09,E
sz000021,深科技,2025-09-26 09:55:12,25.09,22900,25.08,E
sz000021,深科技,2025-09-26 09:55:15,25.1,95300,25.09,U
sz000021,深科技,2025-09-26 09:55:18,25.1,9400,25.1,D
sz000021,深科技,2025-09-26 09:55:21,25.14,24200,25.1,U
sz000021,深科技,2025-09-26 09:55:24,25.13,24400,25.14,E
sz000021,深科技,2025-09-26 09:55:27,25.11,46100,25.13,D
sz000021,深科技,2025-09-26 09:55:30,25.13,29800,25.11,U
sz000021,深科技,2025-09-26 09:55:33,25.13,11100,25.13,D
sz000021,深科技,2025-09-26 09:55:36,25.12,44700,25.13,D
sz000021,深科技,2025-09-26 09:55:39,25.1,9100,25.12,D
sz000021,深科技,2025-09-26 09:55:42,25.1,50600,25.1,D
sz000021,深科技,2025-09-26 09:55:45,25.1,43900,25.1,U
sz000021,深科技,2025-09-26 09:55:48,25.08,19600,25.1,D
sz000021,深科技,2025-09-26 09:55:51,25.08,24600,25.08,D
sz000021,深科技,2025-09-26 09:55:54,25.1,29300,25.08,E
sz000021,深科技,2025-09-26 09:55:57,25.09,22300,25.1,D
sz000021,深科技,2025-09-26 09:56:00,25.1,11227,25.09,U
sz000021,深科技,2025-09-26 09:56:03,25.12,21000,25.1,U
sz000021,深科技,2025-09-26 09:56:06,25.1,15600,25.12,U
sz000021,深科技,2025-09-26 09:56:09,25.1,25800,25.1,U
sz000021,深科技,2025-09-26 09:56:12,25.1,20900,25.1,U
sz000021,深科技,2025-09-26 09:56:15,25.12,85400,25.1,U
sz000021,深科技,2025-09-26 09:56:21,25.11,45500,25.1,U
sz000021,深科技,2025-09-26 09:56:24,25.11,11100,25.11,U
sz000021,深科技,2025-09-26 09:56:30,25.15,116500,25.12,U
sz000021,深科技,2025-09-26 09:56:33,25.14,10900,25.15,D
sz000021,深科技,2025-09-26 09:56:36,25.16,11500,25.14,D
sz000021,深科技,2025-09-26 09:56:39,25.16,21800,25.16,D
sz000021,深科技,2025-09-26 09:56:42,25.16,27500,25.16,U
sz000021,深科技,2025-09-26 09:56:45,25.19,11600,25.16,U
sz000021,深科技,2025-09-26 09:56:48,25.2,14100,25.19,U
sz000021,深科技,2025-09-26 09:56:51,25.19,18700,25.2,D
sz000021,深科技,2025-09-26 09:56:54,25.19,61100,25.19,U
sz000021,深科技,2025-09-26 09:56:57,25.2,55200,25.19,U
sz000021,深科技,2025-09-26 09:57:00,25.2,36200,25.2,D
sz000021,深科技,2025-09-26 09:57:03,25.19,74000,25.2,D
sz000021,深科技,2025-09-26 09:57:06,25.17,34400,25.19,D
sz000021,深科技,2025-09-26 09:57:09,25.2,23200,25.17,U
sz000021,深科技,2025-09-26 09:57:12,25.19,11900,25.2,U
sz000021,深科技,2025-09-26 09:57:15,25.19,54400,25.19,D
sz000021,深科技,2025-09-26 09:57:18,25.18,82600,25.19,D
sz000021,深科技,2025-09-26 09:57:21,25.18,10600,25.18,D
sz000021,深科技,2025-09-26 09:57:24,25.16,73100,25.18,D
sz000021,深科技,2025-09-26 09:57:27,25.14,8400,25.16,D
sz000021,深科技,2025-09-26 09:57:30,25.14,24500,25.14,D
sz000021,深科技,2025-09-26 09:57:36,25.14,26598,25.13,U
sz000021,深科技,2025-09-26 09:57:39,25.12,8300,25.14,E
sz000021,深科技,2025-09-26 09:57:42,25.12,9000,25.12,U
sz000021,深科技,2025-09-26 09:57:45,25.12,23100,25.12,U
sz000021,深科技,2025-09-26 09:57:48,25.12,21800,25.12,U
sz000021,深科技,2025-09-26 09:57:51,25.14,19600,25.12,U
sz000021,深科技,2025-09-26 09:57:54,25.15,43700,25.14,U
sz000021,深科技,2025-09-26 09:58:00,25.14,12600,25.14,D
sz000021,深科技,2025-09-26 09:58:03,25.14,30800,25.14,D
sz000021,深科技,2025-09-26 09:58:06,25.14,14300,25.14,D
sz000021,深科技,2025-09-26 09:58:09,25.14,9600,25.14,D
sz000021,深科技,2025-09-26 09:58:15,25.13,30100,25.13,D
sz000021,深科技,2025-09-26 09:58:18,25.15,8200,25.13,U
sz000021,深科技,2025-09-26 09:58:21,25.14,10200,25.15,D
sz000021,深科技,2025-09-26 09:58:24,25.14,12800,25.14,U
sz000021,深科技,2025-09-26 09:58:27,25.15,29200,25.14,U
sz000021,深科技,2025-09-26 09:58:30,25.14,29000,25.15,D
sz000021,深科技,2025-09-26 09:58:36,25.14,38600,25.13,U
sz000021,深科技,2025-09-26 09:58:39,25.15,121600,25.14,U
sz000021,深科技,2025-09-26 09:58:42,25.14,13000,25.15,D
sz000021,深科技,2025-09-26 09:58:45,25.14,42400,25.14,D
sz000021,深科技,2025-09-26 09:58:51,25.14,11200,25.14,U
sz000021,深科技,2025-09-26 09:58:54,25.13,34500,25.14,D
sz000021,深科技,2025-09-26 09:58:57,25.13,27100,25.13,D
sz000021,深科技,2025-09-26 09:59:00,25.15,54000,25.13,U
sz000021,深科技,2025-09-26 09:59:03,25.13,14800,25.15,D
sz000021,深科技,2025-09-26 09:59:06,25.15,26500,25.13,U
sz000021,深科技,2025-09-26 09:59:12,25.17,116700,25.15,U
sz000021,深科技,2025-09-26 09:59:21,25.19,22600,25.18,E
sz000021,深科技,2025-09-26 09:59:24,25.2,67000,25.19,U
sz000021,深科技,2025-09-26 09:59:27,25.21,12200,25.2,U
sz000021,深科技,2025-09-26 09:59:30,25.25,61300,25.21,U
sz000021,深科技,2025-09-26 09:59:33,25.25,35800,25.25,U
sz000021,深科技,2025-09-26 09:59:36,25.25,73700,25.25,U
sz000021,深科技,2025-09-26 09:59:39,25.24,30600,25.25,D
sz000021,深科技,2025-09-26 09:59:42,25.26,53132,25.24,U
sz000021,深科技,2025-09-26 09:59:45,25.26,76500,25.26,U
sz000021,深科技,2025-09-26 09:59:48,25.24,56400,25.26,D
sz000021,深科技,2025-09-26 09:59:51,25.26,34900,25.24,U
sz000021,深科技,2025-09-26 09:59:54,25.26,62200,25.26,E
sz000021,深科技,2025-09-26 09:59:57,25.26,34000,25.26,U
sz000021,深科技,2025-09-26 10:00:00,25.28,63100,25.26,U
sz000021,深科技,2025-09-26 10:00:03,25.26,57700,25.28,D
sz000021,深科技,2025-09-26 10:00:06,25.24,30700,25.26,D
sz000021,深科技,2025-09-26 10:00:09,25.23,44600,25.24,D
sz000021,深科技,2025-09-26 10:00:12,25.24,16000,25.23,U
sz000021,深科技,2025-09-26 10:00:15,25.22,17900,25.24,D
sz000021,深科技,2025-09-26 10:00:18,25.2,53200,25.22,D
sz000021,深科技,2025-09-26 10:00:21,25.18,24568,25.2,D
sz000021,深科技,2025-09-26 10:00:24,25.15,81000,25.18,D
sz000021,深科技,2025-09-26 10:00:30,25.15,29900,25.15,U
sz000021,深科技,2025-09-26 10:00:36,25.14,23000,25.18,D
sz000021,深科技,2025-09-26 10:00:39,25.14,26145,25.14,U
sz000021,深科技,2025-09-26 10:00:42,25.15,16800,25.14,U
sz000021,深科技,2025-09-26 10:00:45,25.15,13600,25.15,D
sz000021,深科技,2025-09-26 10:00:48,25.13,34255,25.15,D
sz000021,深科技,2025-09-26 10:00:51,25.14,17800,25.13,U
sz000021,深科技,2025-09-26 10:00:54,25.14,13800,25.14,U
sz000021,深科技,2025-09-26 10:01:00,25.15,16200,25.15,U
sz000021,深科技,2025-09-26 10:01:06,25.17,32645,25.15,U
sz000021,深科技,2025-09-26 10:01:09,25.18,19400,25.17,U
sz000021,深科技,2025-09-26 10:01:18,25.19,26100,25.18,E
sz000021,深科技,2025-09-26 10:01:21,25.18,9500,25.19,E
sz000021,深科技,2025-09-26 10:01:24,25.19,8400,25.18,D
sz000021,深科技,2025-09-26 10:01:33,25.2,16900,25.2,D
sz000021,深科技,2025-09-26 10:01:36,25.19,28904,25.2,D
sz000021,深科技,2025-09-26 10:01:39,25.18,81100,25.19,D
sz000021,深科技,2025-09-26 10:01:42,25.18,18500,25.18,U
sz000021,深科技,2025-09-26 10:01:45,25.16,145200,25.18,D
sz000021,深科技,2025-09-26 10:01:54,25.19,15500,25.2,E
sz000021,深科技,2025-09-26 10:01:57,25.2,59300,25.19,U
sz000021,深科技,2025-09-26 10:02:03,25.22,17100,25.22,U
sz000021,深科技,2025-09-26 10:02:09,25.23,25700,25.23,U
sz000021,深科技,2025-09-26 10:02:12,25.23,37900,25.23,U
sz000021,深科技,2025-09-26 10:02:15,25.23,30900,25.23,D
sz000021,深科技,2025-09-26 10:02:18,25.26,172500,25.23,U
sz000021,深科技,2025-09-26 10:02:21,25.3,243400,25.26,U
sz000021,深科技,2025-09-26 10:02:24,25.37,131700,25.3,U
sz000021,深科技,2025-09-26 10:02:27,25.37,46000,25.37,U
sz000021,深科技,2025-09-26 10:02:30,25.36,108800,25.37,D
sz000021,深科技,2025-09-26 10:02:33,25.36,81600,25.36,U
sz000021,深科技,2025-09-26 10:02:36,25.35,37000,25.36,D
sz000021,深科技,2025-09-26 10:02:39,25.36,102900,25.35,U
sz000021,深科技,2025-09-26 10:02:42,25.35,57500,25.36,D
sz000021,深科技,2025-09-26 10:02:45,25.34,47000,25.35,U
sz000021,深科技,2025-09-26 10:02:48,25.33,67700,25.34,U
sz000021,深科技,2025-09-26 10:02:51,25.3,58100,25.33,D
sz000021,深科技,2025-09-26 10:02:54,25.3,280300,25.3,U
sz000021,深科技,2025-09-26 10:02:57,25.3,14000,25.3,U
sz000021,深科技,2025-09-26 10:03:00,25.26,25700,25.3,E
sz000021,深科技,2025-09-26 10:03:03,25.25,34200,25.26,D
sz000021,深科技,2025-09-26 10:03:09,25.22,15800,25.23,D
sz000021,深科技,2025-09-26 10:03:12,25.24,24100,25.22,U
sz000021,深科技,2025-09-26 10:03:15,25.24,111400,25.24,D
sz000021,深科技,2025-09-26 10:03:18,25.22,125000,25.24,D
sz000021,深科技,2025-09-26 10:03:21,25.24,16400,25.22,U
sz000021,深科技,2025-09-26 10:03:24,25.24,19100,25.24,U
sz000021,深科技,2025-09-26 10:03:27,25.22,56700,25.24,D
sz000021,深科技,2025-09-26 10:03:30,25.22,24700,25.22,D
sz000021,深科技,2025-09-26 10:03:33,25.22,26500,25.22,D
sz000021,深科技,2025-09-26 10:03:36,25.23,32200,25.22,U
sz000021,深科技,2025-09-26 10:03:39,25.2,46200,25.23,D
sz000021,深科技,2025-09-26 10:03:42,25.21,18100,25.2,U
sz000021,深科技,2025-09-26 10:03:45,25.21,9800,25.21,U
sz000021,深科技,2025-09-26 10:03:48,25.2,19400,25.21,D
sz000021,深科技,2025-09-26 10:03:51,25.2,35100,25.2,D
sz000021,深科技,2025-09-26 10:03:54,25.2,14400,25.2,U
sz000021,深科技,2025-09-26 10:03:57,25.2,45800,25.2,U
sz000021,深科技,2025-09-26 10:04:00,25.2,39900,25.2,U
sz000021,深科技,2025-09-26 10:04:03,25.21,22800,25.2,U
sz000021,深科技,2025-09-26 10:04:06,25.23,19300,25.21,U
sz000021,深科技,2025-09-26 10:04:18,25.24,24000,25.25,D
sz000021,深科技,2025-09-26 10:04:24,25.26,10800,25.25,U
sz000021,深科技,2025-09-26 10:04:30,25.27,10100,25.27,U
sz000021,深科技,2025-09-26 10:04:33,25.28,10000,25.27,U
sz000021,深科技,2025-09-26 10:04:36,25.28,65800,25.28,D
sz000021,深科技,2025-09-26 10:04:39,25.29,42100,25.28,U
sz000021,深科技,2025-09-26 10:04:42,25.28,197400,25.29,D
sz000021,深科技,2025-09-26 10:04:45,25.28,44800,25.28,U
sz000021,深科技,2025-09-26 10:04:48,25.29,29200,25.28,U
sz000021,深科技,2025-09-26 10:04:54,25.29,101700,25.3,D
sz000021,深科技,2025-09-26 10:04:57,25.28,108000,25.29,U
sz000021,深科技,2025-09-26 10:05:00,25.28,18500,25.28,U
sz000021,深科技,2025-09-26 10:05:03,25.26,129100,25.28,D
sz000021,深科技,2025-09-26 10:05:06,25.25,53300,25.26,E
sz000021,深科技,2025-09-26 10:05:09,25.23,53500,25.25,E
sz000021,深科技,2025-09-26 10:05:12,25.25,29600,25.23,U
sz000021,深科技,2025-09-26 10:05:15,25.25,11500,25.25,U
sz000021,深科技,2025-09-26 10:05:18,25.25,17100,25.25,U
sz000021,深科技,2025-09-26 10:05:21,25.23,24300,25.25,D
sz000021,深科技,2025-09-26 10:05:24,25.24,53400,25.23,U
sz000021,深科技,2025-09-26 10:05:27,25.25,19300,25.24,U
sz000021,深科技,2025-09-26 10:05:30,25.22,47300,25.25,D
sz000021,深科技,2025-09-26 10:05:33,25.23,15300,25.22,U
sz000021,深科技,2025-09-26 10:05:36,25.23,56900,25.23,U
sz000021,深科技,2025-09-26 10:05:39,25.25,16400,25.23,U
sz000021,深科技,2025-09-26 10:05:42,25.22,105300,25.25,D
sz000021,深科技,2025-09-26 10:05:45,25.2,94000,25.22,D
sz000021,深科技,2025-09-26 10:05:48,25.19,25900,25.2,D
sz000021,深科技,2025-09-26 10:05:51,25.18,12500,25.19,D
sz000021,深科技,2025-09-26 10:05:54,25.17,17200,25.18,D
sz000021,深科技,2025-09-26 10:06:00,25.18,33500,25.18,U
sz000021,深科技,2025-09-26 10:06:03,25.2,30000,25.18,U
sz000021,深科技,2025-09-26 10:06:06,25.2,30300,25.2,D
sz000021,深科技,2025-09-26 10:06:09,25.21,12100,25.2,U
sz000021,深科技,2025-09-26 10:06:15,25.21,10900,25.2,U
sz000021,深科技,2025-09-26 10:06:18,25.21,16200,25.21,U
sz000021,深科技,2025-09-26 10:06:21,25.21,10800,25.21,U
sz000021,深科技,2025-09-26 10:06:27,25.22,18000,25.21,U
sz000021,深科技,2025-09-26 10:06:30,25.23,12100,25.22,U
sz000021,深科技,2025-09-26 10:06:33,25.21,89800,25.23,D
sz000021,深科技,2025-09-26 10:06:36,25.23,18400,25.21,U
sz000021,深科技,2025-09-26 10:06:42,25.24,51100,25.23,U
sz000021,深科技,2025-09-26 10:06:45,25.22,14800,25.24,U
sz000021,深科技,2025-09-26 10:06:48,25.21,23500,25.22,D
sz000021,深科技,2025-09-26 10:06:51,25.2,136900,25.21,D
sz000021,深科技,2025-09-26 10:06:54,25.2,40200,25.2,U
sz000021,深科技,2025-09-26 10:06:57,25.2,29300,25.2,U
sz000021,深科技,2025-09-26 10:07:00,25.21,18500,25.2,U
sz000021,深科技,2025-09-26 10:07:03,25.2,61600,25.21,D
sz000021,深科技,2025-09-26 10:07:06,25.23,52400,25.2,U
sz000021,深科技,2025-09-26 10:07:09,25.23,32400,25.23,U
sz000021,深科技,2025-09-26 10:07:12,25.24,17100,25.23,E
sz000021,深科技,2025-09-26 10:07:15,25.23,18300,25.24,D
sz000021,深科技,2025-09-26 10:07:18,25.2,97500,25.23,D
sz000021,深科技,2025-09-26 10:07:21,25.2,50400,25.2,U
sz000021,深科技,2025-09-26 10:07:24,25.21,21900,25.2,E
sz000021,深科技,2025-09-26 10:07:27,25.22,16100,25.21,U
sz000021,深科技,2025-09-26 10:07:30,25.22,17700,25.22,U
sz000021,深科技,2025-09-26 10:07:33,25.21,12800,25.22,U
sz000021,深科技,2025-09-26 10:07:36,25.24,14200,25.21,U
sz000021,深科技,2025-09-26 10:07:39,25.22,13500,25.24,D
sz000021,深科技,2025-09-26 10:07:42,25.22,48800,25.22,D
sz000021,深科技,2025-09-26 10:07:45,25.25,39700,25.22,U
sz000021,深科技,2025-09-26 10:07:48,25.24,33800,25.25,D
sz000021,深科技,2025-09-26 10:07:51,25.24,15700,25.24,D
sz000021,深科技,2025-09-26 10:07:54,25.25,30000,25.24,D
sz000021,深科技,2025-09-26 10:07:57,25.26,22900,25.25,U
sz000021,深科技,2025-09-26 10:08:00,25.26,20000,25.26,U
sz000021,深科技,2025-09-26 10:08:03,25.23,96600,25.26,D
sz000021,深科技,2025-09-26 10:08:06,25.23,56000,25.23,E
sz000021,深科技,2025-09-26 10:08:09,25.2,146800,25.23,D
sz000021,深科技,2025-09-26 10:08:12,25.24,80100,25.2,U
sz000021,深科技,2025-09-26 10:08:15,25.22,35200,25.24,D
sz000021,深科技,2025-09-26 10:08:18,25.21,36700,25.22,U
sz000021,深科技,2025-09-26 10:08:21,25.21,14300,25.21,U
sz000021,深科技,2025-09-26 10:08:24,25.22,17700,25.21,U
sz000021,深科技,2025-09-26 10:08:27,25.22,10900,25.22,D
sz000021,深科技,2025-09-26 10:08:30,25.23,40400,25.22,U
sz000021,深科技,2025-09-26 10:08:33,25.22,65700,25.23,D
sz000021,深科技,2025-09-26 10:08:36,25.23,31400,25.22,D
sz000021,深科技,2025-09-26 10:08:39,25.23,54100,25.23,U
sz000021,深科技,2025-09-26 10:08:42,25.25,14400,25.23,U
sz000021,深科技,2025-09-26 10:08:45,25.25,33300,25.25,U
sz000021,深科技,2025-09-26 10:08:48,25.26,27400,25.25,U
sz000021,深科技,2025-09-26 10:08:51,25.28,77700,25.26,U
sz000021,深科技,2025-09-26 10:08:54,25.28,48200,25.28,U
sz000021,深科技,2025-09-26 10:08:57,25.3,109200,25.28,U
sz000021,深科技,2025-09-26 10:09:00,25.32,96000,25.3,U
sz000021,深科技,2025-09-26 10:09:03,25.36,164700,25.32,U
sz000021,深科技,2025-09-26 10:09:06,25.37,70100,25.36,U
sz000021,深科技,2025-09-26 10:09:09,25.38,163000,25.37,U
sz000021,深科技,2025-09-26 10:09:12,25.38,100500,25.38,U
sz000021,深科技,2025-09-26 10:09:15,25.39,88600,25.38,U
sz000021,深科技,2025-09-26 10:09:18,25.39,108000,25.39,U
sz000021,深科技,2025-09-26 10:09:21,25.41,183200,25.39,U
sz000021,深科技,2025-09-26 10:09:24,25.42,58500,25.41,U
sz000021,深科技,2025-09-26 10:09:27,25.44,66400,25.42,U
sz000021,深科技,2025-09-26 10:09:30,25.44,72900,25.44,U
sz000021,深科技,2025-09-26 10:09:33,25.45,113900,25.44,U
sz000021,深科技,2025-09-26 10:09:36,25.45,184504,25.45,U
sz000021,深科技,2025-09-26 10:09:39,25.45,165596,25.45,D
sz000021,深科技,2025-09-26 10:09:42,25.45,143800,25.45,U
sz000021,深科技,2025-09-26 10:09:45,25.45,125400,25.45,D
sz000021,深科技,2025-09-26 10:09:48,25.48,161100,25.45,U
sz000021,深科技,2025-09-26 10:09:51,25.47,159100,25.48,E
sz000021,深科技,2025-09-26 10:09:54,25.46,89000,25.47,E
sz000021,深科技,2025-09-26 10:09:57,25.44,410800,25.46,D
sz000021,深科技,2025-09-26 10:10:00,25.4,98200,25.44,D
sz000021,深科技,2025-09-26 10:10:03,25.4,86000,25.4,D
sz000021,深科技,2025-09-26 10:10:06,25.42,162800,25.4,U
sz000021,深科技,2025-09-26 10:10:09,25.38,62800,25.42,D
sz000021,深科技,2025-09-26 10:10:12,25.38,33900,25.38,U
sz000021,深科技,2025-09-26 10:10:15,25.35,83300,25.38,D
sz000021,深科技,2025-09-26 10:10:18,25.36,413500,25.35,U
sz000021,深科技,2025-09-26 10:10:21,25.38,26300,25.36,U
sz000021,深科技,2025-09-26 10:10:24,25.38,39700,25.38,D
sz000021,深科技,2025-09-26 10:10:27,25.38,100300,25.38,D
sz000021,深科技,2025-09-26 10:10:30,25.4,98700,25.38,U
sz000021,深科技,2025-09-26 10:10:33,25.39,54300,25.4,D
sz000021,深科技,2025-09-26 10:10:36,25.38,104200,25.39,D
sz000021,深科技,2025-09-26 10:10:39,25.38,42200,25.38,U
sz000021,深科技,2025-09-26 10:10:42,25.39,45900,25.38,D
sz000021,深科技,2025-09-26 10:10:45,25.39,59100,25.39,D
sz000021,深科技,2025-09-26 10:10:48,25.36,64200,25.39,D
sz000021,深科技,2025-09-26 10:10:51,25.38,71400,25.36,U
sz000021,深科技,2025-09-26 10:10:54,25.36,54600,25.38,D
sz000021,深科技,2025-09-26 10:10:57,25.36,17900,25.36,D
sz000021,深科技,2025-09-26 10:11:00,25.35,48500,25.36,U
sz000021,深科技,2025-09-26 10:11:03,25.35,54700,25.35,D
sz000021,深科技,2025-09-26 10:11:06,25.34,44100,25.35,D
sz000021,深科技,2025-09-26 10:11:09,25.33,41300,25.34,D
sz000021,深科技,2025-09-26 10:11:12,25.33,30700,25.33,U
sz000021,深科技,2025-09-26 10:11:15,25.33,16500,25.33,U
sz000021,深科技,2025-09-26 10:11:18,25.32,29300,25.33,U
sz000021,深科技,2025-09-26 10:11:21,25.32,31700,25.32,E
sz000021,深科技,2025-09-26 10:11:24,25.32,21900,25.32,D
sz000021,深科技,2025-09-26 10:11:27,25.33,164302,25.32,U
sz000021,深科技,2025-09-26 10:11:33,25.36,25200,25.35,U
sz000021,深科技,2025-09-26 10:11:36,25.35,24300,25.36,D
sz000021,深科技,2025-09-26 10:11:39,25.36,62700,25.35,U
sz000021,深科技,2025-09-26 10:11:42,25.34,42400,25.36,D
sz000021,深科技,2025-09-26 10:11:45,25.33,190900,25.34,D
sz000021,深科技,2025-09-26 10:11:48,25.36,86000,25.33,U
sz000021,深科技,2025-09-26 10:11:51,25.36,16000,25.36,U
sz000021,深科技,2025-09-26 10:11:54,25.36,13500,25.36,U
sz000021,深科技,2025-09-26 10:12:00,25.35,44400,25.35,U
sz000021,深科技,2025-09-26 10:12:03,25.35,99200,25.35,D
sz000021,深科技,2025-09-26 10:12:06,25.36,36400,25.35,U
sz000021,深科技,2025-09-26 10:12:09,25.36,13600,25.36,D
sz000021,深科技,2025-09-26 10:12:12,25.36,9800,25.36,D
sz000021,深科技,2025-09-26 10:12:15,25.37,12700,25.36,U
sz000021,深科技,2025-09-26 10:12:18,25.38,75500,25.37,U
sz000021,深科技,2025-09-26 10:12:21,25.34,218300,25.38,D
sz000021,深科技,2025-09-26 10:12:24,25.34,49800,25.34,U
sz000021,深科技,2025-09-26 10:12:27,25.35,10700,25.34,U
sz000021,深科技,2025-09-26 10:12:30,25.33,63400,25.35,D
sz000021,深科技,2025-09-26 10:12:33,25.32,47000,25.33,D
sz000021,深科技,2025-09-26 10:12:36,25.33,23800,25.32,U
sz000021,深科技,2025-09-26 10:12:39,25.34,37200,25.33,U
sz000021,深科技,2025-09-26 10:12:42,25.31,23400,25.34,D
sz000021,深科技,2025-09-26 10:12:45,25.31,51500,25.31,D
sz000021,深科技,2025-09-26 10:12:48,25.31,43800,25.31,D
sz000021,深科技,2025-09-26 10:12:51,25.31,181400,25.31,U
sz000021,深科技,2025-09-26 10:12:54,25.31,18900,25.31,U
sz000021,深科技,2025-09-26 10:12:57,25.32,35900,25.31,U
sz000021,深科技,2025-09-26 10:13:00,25.31,16900,25.32,D
sz000021,深科技,2025-09-26 10:13:03,25.31,12800,25.31,U
sz000021,深科技,2025-09-26 10:13:06,25.3,11700,25.31,D
sz000021,深科技,2025-09-26 10:13:09,25.31,188800,25.3,U
sz000021,深科技,2025-09-26 10:13:12,25.31,9300,25.31,D
sz000021,深科技,2025-09-26 10:13:15,25.31,25300,25.31,D
sz000021,深科技,2025-09-26 10:13:18,25.32,34000,25.31,U
sz000021,深科技,2025-09-26 10:13:21,25.31,16900,25.32,D
sz000021,深科技,2025-09-26 10:13:24,25.33,27500,25.31,U
sz000021,深科技,2025-09-26 10:13:27,25.34,78700,25.33,U
sz000021,深科技,2025-09-26 10:13:30,25.35,33100,25.34,U
sz000021,深科技,2025-09-26 10:13:33,25.35,19500,25.35,D
sz000021,深科技,2025-09-26 10:13:36,25.36,25900,25.35,U
sz000021,深科技,2025-09-26 10:13:39,25.34,25900,25.36,D
sz000021,深科技,2025-09-26 10:13:42,25.35,18500,25.34,U
sz000021,深科技,2025-09-26 10:13:45,25.35,8600,25.35,U
sz000021,深科技,2025-09-26 10:13:48,25.36,26600,25.35,U
sz000021,深科技,2025-09-26 10:13:51,25.36,17000,25.36,U
sz000021,深科技,2025-09-26 10:13:54,25.36,68800,25.36,E
sz000021,深科技,2025-09-26 10:13:57,25.37,28100,25.36,U
sz000021,深科技,2025-09-26 10:14:00,25.36,15500,25.37,D
sz000021,深科技,2025-09-26 10:14:03,25.36,13000,25.36,D
sz000021,深科技,2025-09-26 10:14:06,25.37,42700,25.36,U
sz000021,深科技,2025-09-26 10:14:09,25.36,23700,25.37,D
sz000021,深科技,2025-09-26 10:14:12,25.33,236700,25.36,D
sz000021,深科技,2025-09-26 10:14:15,25.31,13100,25.33,E
sz000021,深科技,2025-09-26 10:14:18,25.32,10400,25.31,U
sz000021,深科技,2025-09-26 10:14:21,25.3,27400,25.32,D
sz000021,深科技,2025-09-26 10:14:24,25.3,33900,25.3,D
sz000021,深科技,2025-09-26 10:14:27,25.3,35400,25.3,U
sz000021,深科技,2025-09-26 10:14:30,25.28,14700,25.3,D
sz000021,深科技,2025-09-26 10:14:33,25.27,23700,25.28,D
sz000021,深科技,2025-09-26 10:14:36,25.26,20800,25.27,D
sz000021,深科技,2025-09-26 10:14:39,25.25,35000,25.26,D
sz000021,深科技,2025-09-26 10:14:42,25.26,56500,25.25,U
sz000021,深科技,2025-09-26 10:14:45,25.26,21900,25.26,D
sz000021,深科技,2025-09-26 10:14:48,25.27,35000,25.26,U
sz000021,深科技,2025-09-26 10:14:51,25.26,22500,25.27,D
sz000021,深科技,2025-09-26 10:14:54,25.26,74200,25.26,D
sz000021,深科技,2025-09-26 10:14:57,25.28,160900,25.26,D
sz000021,深科技,2025-09-26 10:15:00,25.29,54600,25.28,D
sz000021,深科技,2025-09-26 10:15:03,25.37,239400,25.29,U
sz000021,深科技,2025-09-26 10:15:06,25.42,31000,25.37,U
sz000021,深科技,2025-09-26 10:15:12,25.39,12400,25.42,D
sz000021,深科技,2025-09-26 10:15:15,25.4,90800,25.39,U
sz000021,深科技,2025-09-26 10:15:18,25.4,26800,25.4,U
sz000021,深科技,2025-09-26 10:15:21,25.4,33800,25.4,U
sz000021,深科技,2025-09-26 10:15:24,25.42,29800,25.4,U
sz000021,深科技,2025-09-26 10:15:27,25.42,49900,25.42,D
sz000021,深科技,2025-09-26 10:15:30,25.43,24300,25.42,E
sz000021,深科技,2025-09-26 10:15:33,25.45,64000,25.43,U
sz000021,深科技,2025-09-26 10:15:36,25.45,89300,25.45,U
sz000021,深科技,2025-09-26 10:15:39,25.45,69900,25.45,D
sz000021,深科技,2025-09-26 10:15:42,25.45,86300,25.45,U
sz000021,深科技,2025-09-26 10:15:45,25.46,71000,25.45,U
sz000021,深科技,2025-09-26 10:15:48,25.47,80200,25.46,U
sz000021,深科技,2025-09-26 10:15:51,25.47,67600,25.47,D
sz000021,深科技,2025-09-26 10:15:54,25.47,167800,25.47,U
sz000021,深科技,2025-09-26 10:15:57,25.49,184100,25.47,U
sz000021,深科技,2025-09-26 10:16:00,25.49,466900,25.49,D
sz000021,深科技,2025-09-26 10:16:03,25.5,395100,25.49,U
sz000021,深科技,2025-09-26 10:16:06,25.51,576900,25.5,U
sz000021,深科技,2025-09-26 10:16:09,25.54,61400,25.51,U
sz000021,深科技,2025-09-26 10:16:12,25.55,79200,25.54,U
sz000021,深科技,2025-09-26 10:16:15,25.49,409800,25.55,D
sz000021,深科技,2025-09-26 10:16:18,25.46,241800,25.49,D
sz000021,深科技,2025-09-26 10:16:21,25.45,132200,25.46,E
sz000021,深科技,2025-09-26 10:16:24,25.4,115400,25.45,D
sz000021,深科技,2025-09-26 10:16:27,25.43,115300,25.4,U
sz000021,深科技,2025-09-26 10:16:30,25.43,30900,25.43,D
sz000021,深科技,2025-09-26 10:16:33,25.41,73100,25.43,D
sz000021,深科技,2025-09-26 10:16:36,25.39,23200,25.41,D
sz000021,深科技,2025-09-26 10:16:39,25.39,39500,25.39,U
sz000021,深科技,2025-09-26 10:16:42,25.37,26800,25.39,D
sz000021,深科技,2025-09-26 10:16:45,25.39,132600,25.37,U
sz000021,深科技,2025-09-26 10:16:48,25.39,21100,25.39,D
sz000021,深科技,2025-09-26 10:16:51,25.38,29500,25.39,D
sz000021,深科技,2025-09-26 10:16:54,25.37,73200,25.38,D
sz000021,深科技,2025-09-26 10:16:57,25.35,55300,25.37,D
sz000021,深科技,2025-09-26 10:17:00,25.33,63300,25.35,E
sz000021,深科技,2025-09-26 10:17:03,25.3,120600,25.33,D
sz000021,深科技,2025-09-26 10:17:06,25.29,97400,25.3,E
sz000021,深科技,2025-09-26 10:17:09,25.29,65400,25.29,U
sz000021,深科技,2025-09-26 10:17:12,25.29,33500,25.29,U
sz000021,深科技,2025-09-26 10:17:15,25.27,95100,25.29,D
sz000021,深科技,2025-09-26 10:17:18,25.25,79700,25.27,D
sz000021,深科技,2025-09-26 10:17:21,25.26,65500,25.25,U
sz000021,深科技,2025-09-26 10:17:24,25.24,31500,25.26,D
sz000021,深科技,2025-09-26 10:17:27,25.23,40400,25.24,E
sz000021,深科技,2025-09-26 10:17:30,25.23,77100,25.23,E
sz000021,深科技,2025-09-26 10:17:33,25.22,93100,25.23,E
sz000021,深科技,2025-09-26 10:17:36,25.23,43400,25.22,U
sz000021,深科技,2025-09-26 10:17:39,25.23,50900,25.23,D
sz000021,深科技,2025-09-26 10:17:42,25.24,51100,25.23,U
sz000021,深科技,2025-09-26 10:17:45,25.24,117200,25.24,D
sz000021,深科技,2025-09-26 10:17:48,25.24,41500,25.24,D
sz000021,深科技,2025-09-26 10:17:51,25.24,104100,25.24,E
sz000021,深科技,2025-09-26 10:17:54,25.25,66200,25.24,U
sz000021,深科技,2025-09-26 10:17:57,25.25,56200,25.25,U
sz000021,深科技,2025-09-26 10:18:00,25.23,146900,25.25,D
sz000021,深科技,2025-09-26 10:18:03,25.23,81900,25.23,U
sz000021,深科技,2025-09-26 10:18:06,25.23,44400,25.23,D
sz000021,深科技,2025-09-26 10:18:09,25.23,32100,25.23,U
sz000021,深科技,2025-09-26 10:18:12,25.22,37500,25.23,D
sz000021,深科技,2025-09-26 10:18:15,25.22,151000,25.22,U
sz000021,深科技,2025-09-26 10:18:18,25.21,29100,25.22,D
sz000021,深科技,2025-09-26 10:18:21,25.21,28100,25.21,U
sz000021,深科技,2025-09-26 10:18:24,25.2,14900,25.21,D
sz000021,深科技,2025-09-26 10:18:27,25.2,45500,25.2,D
sz000021,深科技,2025-09-26 10:18:33,25.19,16100,25.2,D
sz000021,深科技,2025-09-26 10:18:36,25.19,37900,25.19,D
sz000021,深科技,2025-09-26 10:18:39,25.19,30900,25.19,D
sz000021,深科技,2025-09-26 10:18:42,25.19,26400,25.19,U
sz000021,深科技,2025-09-26 10:18:45,25.19,69500,25.19,U
sz000021,深科技,2025-09-26 10:18:48,25.19,50900,25.19,U
sz000021,深科技,2025-09-26 10:18:51,25.2,85200,25.19,U
sz000021,深科技,2025-09-26 10:18:54,25.2,31300,25.2,D
sz000021,深科技,2025-09-26 10:18:57,25.2,24900,25.2,U
sz000021,深科技,2025-09-26 10:19:00,25.2,44000,25.2,U
sz000021,深科技,2025-09-26 10:19:03,25.2,22100,25.2,D
sz000021,深科技,2025-09-26 10:19:06,25.22,18400,25.2,U
sz000021,深科技,2025-09-26 10:19:09,25.22,13200,25.22,U
sz000021,深科技,2025-09-26 10:19:12,25.22,19000,25.22,U
sz000021,深科技,2025-09-26 10:19:15,25.22,73400,25.22,D
sz000021,深科技,2025-09-26 10:19:18,25.24,26300,25.22,U
sz000021,深科技,2025-09-26 10:19:21,25.22,76900,25.24,D
sz000021,深科技,2025-09-26 10:19:24,25.23,42800,25.22,U
sz000021,深科技,2025-09-26 10:19:27,25.24,33900,25.23,U
sz000021,深科技,2025-09-26 10:19:30,25.24,164900,25.24,U
sz000021,深科技,2025-09-26 10:19:33,25.24,15000,25.24,D
sz000021,深科技,2025-09-26 10:19:39,25.26,47000,25.25,U
sz000021,深科技,2025-09-26 10:19:45,25.27,19000,25.29,E
sz000021,深科技,2025-09-26 10:19:48,25.27,23400,25.27,U
sz000021,深科技,2025-09-26 10:19:51,25.26,97300,25.27,D
sz000021,深科技,2025-09-26 10:19:54,25.27,25200,25.26,U
sz000021,深科技,2025-09-26 10:19:57,25.27,16800,25.27,D
sz000021,深科技,2025-09-26 10:20:00,25.27,24900,25.27,U
sz000021,深科技,2025-09-26 10:20:03,25.28,53700,25.27,U
sz000021,深科技,2025-09-26 10:20:09,25.29,20700,25.28,U
sz000021,深科技,2025-09-26 10:20:12,25.3,18700,25.29,U
sz000021,深科技,2025-09-26 10:20:15,25.3,22800,25.3,U
sz000021,深科技,2025-09-26 10:20:18,25.31,17200,25.3,U
sz000021,深科技,2025-09-26 10:20:21,25.31,26000,25.31,U
sz000021,深科技,2025-09-26 10:20:24,25.32,27300,25.31,U
sz000021,深科技,2025-09-26 10:20:27,25.33,11000,25.32,U
sz000021,深科技,2025-09-26 10:20:33,25.35,61600,25.35,U
sz000021,深科技,2025-09-26 10:20:36,25.36,30200,25.35,U
sz000021,深科技,2025-09-26 10:20:39,25.36,96500,25.36,U
sz000021,深科技,2025-09-26 10:20:42,25.34,40600,25.36,D
sz000021,深科技,2025-09-26 10:20:45,25.35,23500,25.34,U
sz000021,深科技,2025-09-26 10:20:48,25.34,89300,25.35,D
sz000021,深科技,2025-09-26 10:20:51,25.35,22700,25.34,U
sz000021,深科技,2025-09-26 10:20:54,25.35,16100,25.35,D
sz000021,深科技,2025-09-26 10:20:57,25.35,50100,25.35,D
sz000021,深科技,2025-09-26 10:21:00,25.34,63500,25.35,D
sz000021,深科技,2025-09-26 10:21:03,25.31,20300,25.34,D
sz000021,深科技,2025-09-26 10:21:06,25.3,23600,25.31,D
sz000021,深科技,2025-09-26 10:21:09,25.31,16100,25.3,E
sz000021,深科技,2025-09-26 10:21:12,25.3,60500,25.31,D
sz000021,深科技,2025-09-26 10:21:15,25.3,80200,25.3,D
sz000021,深科技,2025-09-26 10:21:18,25.32,20300,25.3,U
sz000021,深科技,2025-09-26 10:21:21,25.31,32300,25.32,D
sz000021,深科技,2025-09-26 10:21:24,25.3,39350,25.31,D
sz000021,深科技,2025-09-26 10:21:27,25.3,12000,25.3,D
sz000021,深科技,2025-09-26 10:21:30,25.32,30800,25.3,U
sz000021,深科技,2025-09-26 10:21:33,25.3,12300,25.32,D
sz000021,深科技,2025-09-26 10:21:36,25.3,17350,25.3,D
sz000021,深科技,2025-09-26 10:21:39,25.3,43500,25.3,D
sz000021,深科技,2025-09-26 10:21:42,25.29,8600,25.3,D
sz000021,深科技,2025-09-26 10:21:45,25.28,13200,25.29,D
sz000021,深科技,2025-09-26 10:21:48,25.28,18300,25.28,D
sz000021,深科技,2025-09-26 10:21:51,25.29,62800,25.28,U
sz000021,深科技,2025-09-26 10:21:54,25.28,24100,25.29,U
sz000021,深科技,2025-09-26 10:21:57,25.26,36000,25.28,D
sz000021,深科技,2025-09-26 10:22:00,25.28,54100,25.26,U
sz000021,深科技,2025-09-26 10:22:03,25.3,35200,25.28,U
sz000021,深科技,2025-09-26 10:22:06,25.28,16500,25.3,D
sz000021,深科技,2025-09-26 10:22:09,25.3,38600,25.28,U
sz000021,深科技,2025-09-26 10:22:18,25.29,100000,25.3,D
sz000021,深科技,2025-09-26 10:22:27,25.32,21950,25.3,U
sz000021,深科技,2025-09-26 10:22:33,25.33,19000,25.33,U
sz000021,深科技,2025-09-26 10:22:39,25.34,19400,25.33,U
sz000021,深科技,2025-09-26 10:22:42,25.34,21600,25.34,E
sz000021,深科技,2025-09-26 10:22:45,25.34,22900,25.34,D
sz000021,深科技,2025-09-26 10:22:51,25.36,15800,25.35,U
sz000021,深科技,2025-09-26 10:22:54,25.37,102300,25.36,U
sz000021,深科技,2025-09-26 10:22:57,25.37,16500,25.37,U
sz000021,深科技,2025-09-26 10:23:00,25.37,57900,25.37,U
sz000021,深科技,2025-09-26 10:23:03,25.37,26500,25.37,D
sz000021,深科技,2025-09-26 10:23:06,25.37,39000,25.37,D
sz000021,深科技,2025-09-26 10:23:09,25.35,63900,25.37,D
sz000021,深科技,2025-09-26 10:23:12,25.37,148200,25.35,U
sz000021,深科技,2025-09-26 10:23:15,25.34,19600,25.37,D
sz000021,深科技,2025-09-26 10:23:18,25.35,24000,25.34,U
sz000021,深科技,2025-09-26 10:23:21,25.35,22700,25.35,D
sz000021,深科技,2025-09-26 10:23:24,25.34,58200,25.35,D
sz000021,深科技,2025-09-26 10:23:27,25.33,24700,25.34,D
sz000021,深科技,2025-09-26 10:23:30,25.33,33100,25.33,D
sz000021,深科技,2025-09-26 10:23:33,25.35,40400,25.33,U
sz000021,深科技,2025-09-26 10:23:39,25.33,8100,25.32,U
sz000021,深科技,2025-09-26 10:23:42,25.33,16700,25.33,U
sz000021,深科技,2025-09-26 10:23:45,25.33,10600,25.33,D
sz000021,深科技,2025-09-26 10:23:48,25.33,17102,25.33,D
sz000021,深科技,2025-09-26 10:23:51,25.31,21898,25.33,D
sz000021,深科技,2025-09-26 10:23:54,25.33,24900,25.31,U
sz000021,深科技,2025-09-26 10:24:00,25.32,15400,25.33,D
sz000021,深科技,2025-09-26 10:24:03,25.33,19200,25.32,U
sz000021,深科技,2025-09-26 10:24:06,25.33,14600,25.33,U
sz000021,深科技,2025-09-26 10:24:12,25.32,9000,25.32,U
sz000021,深科技,2025-09-26 10:24:18,25.31,12400,25.32,D
sz000021,深科技,2025-09-26 10:24:24,25.32,45800,25.32,D
sz000021,深科技,2025-09-26 10:24:27,25.31,10600,25.32,D
sz000021,深科技,2025-09-26 10:24:30,25.32,8300,25.31,U
sz000021,深科技,2025-09-26 10:24:33,25.31,12700,25.32,D
sz000021,深科技,2025-09-26 10:24:42,25.31,13000,25.31,U
sz000021,深科技,2025-09-26 10:24:45,25.31,22000,25.31,U
sz000021,深科技,2025-09-26 10:24:48,25.3,17400,25.31,D
sz000021,深科技,2025-09-26 10:24:51,25.3,115200,25.3,D
sz000021,深科技,2025-09-26 10:24:54,25.31,32200,25.3,E
sz000021,深科技,2025-09-26 10:24:57,25.32,35500,25.31,E
sz000021,深科技,2025-09-26 10:25:00,25.34,10100,25.32,U
sz000021,深科技,2025-09-26 10:25:03,25.32,329702,25.34,D
sz000021,深科技,2025-09-26 10:25:12,25.42,20400,25.4,U
sz000021,深科技,2025-09-26 10:25:15,25.42,11200,25.42,U
sz000021,深科技,2025-09-26 10:25:21,25.42,12900,25.42,U
sz000021,深科技,2025-09-26 10:25:24,25.41,32400,25.42,E
sz000021,深科技,2025-09-26 10:25:27,25.44,56200,25.41,U
sz000021,深科技,2025-09-26 10:25:30,25.42,14400,25.44,D
sz000021,深科技,2025-09-26 10:25:33,25.43,19300,25.42,E
sz000021,深科技,2025-09-26 10:25:36,25.41,17900,25.43,D
sz000021,深科技,2025-09-26 10:25:39,25.41,47600,25.41,D
sz000021,深科技,2025-09-26 10:25:42,25.4,17000,25.41,E
sz000021,深科技,2025-09-26 10:25:45,25.39,8700,25.4,D
sz000021,深科技,2025-09-26 10:25:48,25.39,40600,25.39,E
sz000021,深科技,2025-09-26 10:25:51,25.41,18000,25.39,U
sz000021,深科技,2025-09-26 10:25:54,25.41,22200,25.41,U
sz000021,深科技,2025-09-26 10:25:57,25.4,12300,25.41,E
sz000021,深科技,2025-09-26 10:26:00,25.4,23000,25.4,D
sz000021,深科技,2025-09-26 10:26:03,25.39,54500,25.4,D
sz000021,深科技,2025-09-26 10:26:06,25.39,48200,25.39,D
sz000021,深科技,2025-09-26 10:26:09,25.38,75100,25.39,D
sz000021,深科技,2025-09-26 10:26:12,25.37,21600,25.38,D
sz000021,深科技,2025-09-26 10:26:15,25.38,8500,25.37,U
sz000021,深科技,2025-09-26 10:26:18,25.38,58500,25.38,U
sz000021,深科技,2025-09-26 10:26:21,25.37,33700,25.38,E
sz000021,深科技,2025-09-26 10:26:24,25.37,17100,25.37,U
sz000021,深科技,2025-09-26 10:26:27,25.37,10300,25.37,U
sz000021,深科技,2025-09-26 10:26:30,25.36,10500,25.37,D
sz000021,深科技,2025-09-26 10:26:33,25.36,15700,25.36,D
sz000021,深科技,2025-09-26 10:26:39,25.36,17900,25.35,U
sz000021,深科技,2025-09-26 10:26:42,25.36,20200,25.36,U
sz000021,深科技,2025-09-26 10:26:45,25.36,12100,25.36,D
sz000021,深科技,2025-09-26 10:26:48,25.36,37100,25.36,D
sz000021,深科技,2025-09-26 10:26:51,25.36,26100,25.36,U
sz000021,深科技,2025-09-26 10:26:57,25.35,23800,25.35,D
sz000021,深科技,2025-09-26 10:27:00,25.36,27700,25.35,U
sz000021,深科技,2025-09-26 10:27:03,25.35,51200,25.36,U
sz000021,深科技,2025-09-26 10:27:09,25.34,11700,25.33,U
sz000021,深科技,2025-09-26 10:27:15,25.33,56800,25.33,D
sz000021,深科技,2025-09-26 10:27:21,25.33,17400,25.35,D
sz000021,深科技,2025-09-26 10:27:24,25.34,49200,25.33,D
sz000021,深科技,2025-09-26 10:27:30,25.35,47500,25.34,U
sz000021,深科技,2025-09-26 10:27:36,25.35,60200,25.35,D
sz000021,深科技,2025-09-26 10:27:39,25.36,12700,25.35,U
sz000021,深科技,2025-09-26 10:27:51,25.37,7900,25.37,U
sz000021,深科技,2025-09-26 10:27:54,25.37,17600,25.37,U
sz000021,深科技,2025-09-26 10:28:00,25.38,14900,25.37,U
sz000021,深科技,2025-09-26 10:28:06,25.39,27900,25.38,U
sz000021,深科技,2025-09-26 10:28:15,25.38,26200,25.39,D
sz000021,深科技,2025-09-26 10:28:18,25.38,33500,25.38,D
sz000021,深科技,2025-09-26 10:28:21,25.38,20800,25.38,U
sz000021,深科技,2025-09-26 10:28:24,25.36,29200,25.38,D
sz000021,深科技,2025-09-26 10:28:27,25.36,11800,25.36,D
sz000021,深科技,2025-09-26 10:28:30,25.4,166900,25.36,U
sz000021,深科技,2025-09-26 10:28:33,25.4,13000,25.4,D
sz000021,深科技,2025-09-26 10:28:36,25.4,9900,25.4,D
sz000021,深科技,2025-09-26 10:28:39,25.41,103000,25.4,U
sz000021,深科技,2025-09-26 10:28:42,25.4,25500,25.41,D
sz000021,深科技,2025-09-26 10:28:45,25.4,16200,25.4,D
sz000021,深科技,2025-09-26 10:28:48,25.42,18100,25.4,U
sz000021,深科技,2025-09-26 10:28:51,25.4,11000,25.42,D
sz000021,深科技,2025-09-26 10:28:54,25.4,32400,25.4,D
sz000021,深科技,2025-09-26 10:28:57,25.4,21200,25.4,D
sz000021,深科技,2025-09-26 10:29:00,25.4,21500,25.4,E
sz000021,深科技,2025-09-26 10:29:03,25.4,188100,25.4,U
sz000021,深科技,2025-09-26 10:29:09,25.38,11900,25.39,D
sz000021,深科技,2025-09-26 10:29:12,25.39,13400,25.38,U
sz000021,深科技,2025-09-26 10:29:15,25.39,18900,25.39,U
sz000021,深科技,2025-09-26 10:29:18,25.4,30200,25.39,U
sz000021,深科技,2025-09-26 10:29:24,25.4,19000,25.39,U
sz000021,深科技,2025-09-26 10:29:27,25.39,21800,25.4,D
sz000021,深科技,2025-09-26 10:29:30,25.39,58500,25.39,D
sz000021,深科技,2025-09-26 10:29:33,25.39,9700,25.39,U
sz000021,深科技,2025-09-26 10:29:51,25.37,11700,25.38,D
sz000021,深科技,2025-09-26 10:29:57,25.37,32600,25.38,D
sz000021,深科技,2025-09-26 10:30:06,25.37,19700,25.37,U
sz000021,深科技,2025-09-26 10:30:09,25.37,12000,25.37,U
sz000021,深科技,2025-09-26 10:30:12,25.36,15400,25.37,D
sz000021,深科技,2025-09-26 10:30:15,25.37,12500,25.36,U
sz000021,深科技,2025-09-26 10:30:18,25.38,16100,25.37,U
sz000021,深科技,2025-09-26 10:30:21,25.38,17100,25.38,U
sz000021,深科技,2025-09-26 10:30:24,25.4,115500,25.38,U
sz000021,深科技,2025-09-26 10:30:27,25.4,29700,25.4,U
sz000021,深科技,2025-09-26 10:30:30,25.4,28700,25.4,U
sz000021,深科技,2025-09-26 10:30:33,25.39,22400,25.4,D
sz000021,深科技,2025-09-26 10:30:39,25.39,24500,25.4,D
sz000021,深科技,2025-09-26 10:30:45,25.4,37200,25.39,U
sz000021,深科技,2025-09-26 10:30:48,25.4,35200,25.4,U
sz000021,深科技,2025-09-26 10:30:51,25.4,9100,25.4,D
sz000021,深科技,2025-09-26 10:30:54,25.41,18900,25.4,U
sz000021,深科技,2025-09-26 10:30:57,25.4,8400,25.41,D
sz000021,深科技,2025-09-26 10:31:03,25.39,68500,25.4,D
sz000021,深科技,2025-09-26 10:31:06,25.4,85300,25.39,U
sz000021,深科技,2025-09-26 10:31:09,25.4,11300,25.4,D
sz000021,深科技,2025-09-26 10:31:15,25.41,23400,25.4,U
sz000021,深科技,2025-09-26 10:31:18,25.4,46900,25.41,D
sz000021,深科技,2025-09-26 10:31:21,25.41,94400,25.4,U
sz000021,深科技,2025-09-26 10:31:27,25.42,21700,25.43,E
sz000021,深科技,2025-09-26 10:31:30,25.43,62700,25.42,U
sz000021,深科技,2025-09-26 10:31:33,25.42,46100,25.43,D
sz000021,深科技,2025-09-26 10:31:36,25.45,40900,25.42,U
sz000021,深科技,2025-09-26 10:31:39,25.5,280800,25.45,U
sz000021,深科技,2025-09-26 10:31:42,25.5,29200,25.5,U
sz000021,深科技,2025-09-26 10:31:45,25.5,44200,25.5,U
sz000021,深科技,2025-09-26 10:31:48,25.5,27100,25.5,U
sz000021,深科技,2025-09-26 10:31:51,25.5,49600,25.5,U
sz000021,深科技,2025-09-26 10:31:54,25.5,54700,25.5,U
sz000021,深科技,2025-09-26 10:31:57,25.48,25100,25.5,D
sz000021,深科技,2025-09-26 10:32:00,25.5,82700,25.48,U
sz000021,深科技,2025-09-26 10:32:03,25.5,55500,25.5,U
sz000021,深科技,2025-09-26 10:32:06,25.51,46800,25.5,U
sz000021,深科技,2025-09-26 10:32:09,25.52,30000,25.51,U
sz000021,深科技,2025-09-26 10:32:12,25.52,28900,25.52,U
sz000021,深科技,2025-09-26 10:32:15,25.52,45400,25.52,D
sz000021,深科技,2025-09-26 10:32:18,25.54,171800,25.52,U
sz000021,深科技,2025-09-26 10:32:21,25.54,25200,25.54,D
sz000021,深科技,2025-09-26 10:32:24,25.55,75900,25.54,U
sz000021,深科技,2025-09-26 10:32:27,25.54,124600,25.55,D
sz000021,深科技,2025-09-26 10:32:30,25.52,236700,25.54,D
sz000021,深科技,2025-09-26 10:32:33,25.54,127300,25.52,U
sz000021,深科技,2025-09-26 10:32:36,25.49,26300,25.54,D
sz000021,深科技,2025-09-26 10:32:39,25.49,30700,25.49,U
sz000021,深科技,2025-09-26 10:32:42,25.49,14800,25.49,U
sz000021,深科技,2025-09-26 10:32:45,25.5,96300,25.49,U
sz000021,深科技,2025-09-26 10:32:48,25.52,52700,25.5,U
sz000021,深科技,2025-09-26 10:32:51,25.53,22500,25.52,U
sz000021,深科技,2025-09-26 10:32:54,25.52,9500,25.53,D
sz000021,深科技,2025-09-26 10:32:57,25.53,76700,25.52,U
sz000021,深科技,2025-09-26 10:33:00,25.54,54900,25.53,U
sz000021,深科技,2025-09-26 10:33:03,25.54,38700,25.54,U
sz000021,深科技,2025-09-26 10:33:06,25.54,72700,25.54,D
sz000021,深科技,2025-09-26 10:33:09,25.54,98300,25.54,D
sz000021,深科技,2025-09-26 10:33:12,25.55,45700,25.54,U
sz000021,深科技,2025-09-26 10:33:15,25.55,26900,25.55,D
sz000021,深科技,2025-09-26 10:33:18,25.56,53100,25.55,U
sz000021,深科技,2025-09-26 10:33:21,25.48,550000,25.56,D
sz000021,深科技,2025-09-26 10:33:24,25.52,144700,25.48,E
sz000021,深科技,2025-09-26 10:33:27,25.52,50700,25.52,U
sz000021,深科技,2025-09-26 10:33:30,25.5,18800,25.52,D
sz000021,深科技,2025-09-26 10:33:33,25.49,12900,25.5,D
sz000021,深科技,2025-09-26 10:33:36,25.48,13300,25.49,D
sz000021,深科技,2025-09-26 10:33:39,25.48,84400,25.48,D
sz000021,深科技,2025-09-26 10:33:42,25.47,20100,25.48,D
sz000021,深科技,2025-09-26 10:33:45,25.48,27000,25.47,U
sz000021,深科技,2025-09-26 10:33:48,25.48,14600,25.48,U
sz000021,深科技,2025-09-26 10:33:51,25.47,20500,25.48,E
sz000021,深科技,2025-09-26 10:33:54,25.45,17400,25.47,D
sz000021,深科技,2025-09-26 10:33:57,25.46,20700,25.45,D
sz000021,深科技,2025-09-26 10:34:00,25.47,10100,25.46,U
sz000021,深科技,2025-09-26 10:34:03,25.47,21600,25.47,U
sz000021,深科技,2025-09-26 10:34:06,25.46,17400,25.47,E
sz000021,深科技,2025-09-26 10:34:09,25.47,34200,25.46,U
sz000021,深科技,2025-09-26 10:34:12,25.48,16400,25.47,U
sz000021,深科技,2025-09-26 10:34:15,25.5,160300,25.48,U
sz000021,深科技,2025-09-26 10:34:18,25.52,27600,25.5,U
sz000021,深科技,2025-09-26 10:34:21,25.54,8900,25.52,U
sz000021,深科技,2025-09-26 10:34:27,25.54,47600,25.54,U
sz000021,深科技,2025-09-26 10:34:30,25.54,33000,25.54,D
sz000021,深科技,2025-09-26 10:34:33,25.55,77100,25.54,U
sz000021,深科技,2025-09-26 10:34:36,25.55,64500,25.55,U
sz000021,深科技,2025-09-26 10:34:39,25.56,22200,25.55,U
sz000021,深科技,2025-09-26 10:34:42,25.56,69600,25.56,U
sz000021,深科技,2025-09-26 10:34:45,25.56,66300,25.56,U
sz000021,深科技,2025-09-26 10:34:48,25.56,105100,25.56,U
sz000021,深科技,2025-09-26 10:34:51,25.57,22300,25.56,U
sz000021,深科技,2025-09-26 10:34:54,25.57,53500,25.57,U
sz000021,深科技,2025-09-26 10:34:57,25.57,62800,25.57,U
sz000021,深科技,2025-09-26 10:35:00,25.57,22000,25.57,D
sz000021,深科技,2025-09-26 10:35:03,25.58,105700,25.57,U
sz000021,深科技,2025-09-26 10:35:06,25.59,146700,25.58,U
sz000021,深科技,2025-09-26 10:35:09,25.59,57100,25.59,U
sz000021,深科技,2025-09-26 10:35:12,25.56,426300,25.59,D
sz000021,深科技,2025-09-26 10:35:15,25.52,176500,25.56,D
sz000021,深科技,2025-09-26 10:35:18,25.55,55300,25.52,U
sz000021,深科技,2025-09-26 10:35:21,25.53,26100,25.55,D
sz000021,深科技,2025-09-26 10:35:24,25.54,47400,25.53,U
sz000021,深科技,2025-09-26 10:35:27,25.55,41500,25.54,U
sz000021,深科技,2025-09-26 10:35:30,25.54,56000,25.55,D
sz000021,深科技,2025-09-26 10:35:33,25.54,108700,25.54,D
sz000021,深科技,2025-09-26 10:35:36,25.55,83700,25.54,U
sz000021,深科技,2025-09-26 10:35:39,25.52,33100,25.55,D
sz000021,深科技,2025-09-26 10:35:42,25.54,18400,25.52,U
sz000021,深科技,2025-09-26 10:35:45,25.53,42200,25.54,D
sz000021,深科技,2025-09-26 10:35:48,25.53,44700,25.53,U
sz000021,深科技,2025-09-26 10:35:51,25.51,159500,25.53,D
sz000021,深科技,2025-09-26 10:35:54,25.49,36700,25.51,D
sz000021,深科技,2025-09-26 10:35:57,25.48,25400,25.49,D
sz000021,深科技,2025-09-26 10:36:00,25.46,56800,25.48,D
sz000021,深科技,2025-09-26 10:36:03,25.4,127700,25.46,D
sz000021,深科技,2025-09-26 10:36:06,25.37,182000,25.4,D
sz000021,深科技,2025-09-26 10:36:09,25.36,52000,25.37,D
sz000021,深科技,2025-09-26 10:36:12,25.4,13000,25.36,U
sz000021,深科技,2025-09-26 10:36:15,25.4,15500,25.4,U
sz000021,深科技,2025-09-26 10:36:18,25.4,31800,25.4,D
sz000021,深科技,2025-09-26 10:36:21,25.43,38800,25.4,U
sz000021,深科技,2025-09-26 10:36:24,25.41,29300,25.43,D
sz000021,深科技,2025-09-26 10:36:27,25.4,25800,25.41,D
sz000021,深科技,2025-09-26 10:36:30,25.41,17600,25.4,D
sz000021,深科技,2025-09-26 10:36:33,25.41,27700,25.41,D
sz000021,深科技,2025-09-26 10:36:36,25.41,26900,25.41,D
sz000021,深科技,2025-09-26 10:36:39,25.41,39700,25.41,U
sz000021,深科技,2025-09-26 10:36:42,25.41,21700,25.41,D
sz000021,深科技,2025-09-26 10:36:45,25.41,28700,25.41,U
sz000021,深科技,2025-09-26 10:36:48,25.41,48200,25.41,D
sz000021,深科技,2025-09-26 10:36:51,25.4,55900,25.41,D
sz000021,深科技,2025-09-26 10:36:54,25.41,14200,25.4,U
sz000021,深科技,2025-09-26 10:36:57,25.39,95200,25.41,D
sz000021,深科技,2025-09-26 10:37:00,25.39,67100,25.39,D
sz000021,深科技,2025-09-26 10:37:03,25.39,238300,25.39,D
sz000021,深科技,2025-09-26 10:37:06,25.37,10800,25.39,E
sz000021,深科技,2025-09-26 10:37:09,25.36,9400,25.37,E
sz000021,深科技,2025-09-26 10:37:15,25.38,45900,25.35,U
sz000021,深科技,2025-09-26 10:37:18,25.38,26700,25.38,D
sz000021,深科技,2025-09-26 10:37:21,25.37,18900,25.38,D
sz000021,深科技,2025-09-26 10:37:24,25.37,19500,25.37,U
sz000021,深科技,2025-09-26 10:37:27,25.37,19200,25.37,U
sz000021,深科技,2025-09-26 10:37:36,25.38,10800,25.38,D
sz000021,深科技,2025-09-26 10:37:39,25.38,15800,25.38,U
sz000021,深科技,2025-09-26 10:37:42,25.38,26600,25.38,D
sz000021,深科技,2025-09-26 10:37:45,25.37,63900,25.38,D
sz000021,深科技,2025-09-26 10:37:48,25.36,9600,25.37,D
sz000021,深科技,2025-09-26 10:37:51,25.36,62200,25.36,D
sz000021,深科技,2025-09-26 10:37:54,25.36,39500,25.36,D
sz000021,深科技,2025-09-26 10:37:57,25.35,34500,25.36,D
sz000021,深科技,2025-09-26 10:38:00,25.36,38700,25.35,U
sz000021,深科技,2025-09-26 10:38:03,25.34,122800,25.36,D
sz000021,深科技,2025-09-26 10:38:06,25.36,31500,25.34,U
sz000021,深科技,2025-09-26 10:38:09,25.34,10900,25.36,D
sz000021,深科技,2025-09-26 10:38:12,25.32,20100,25.34,D
sz000021,深科技,2025-09-26 10:38:15,25.32,8600,25.32,D
sz000021,深科技,2025-09-26 10:38:18,25.34,38300,25.32,U
sz000021,深科技,2025-09-26 10:38:21,25.32,11000,25.34,E
sz000021,深科技,2025-09-26 10:38:24,25.34,25400,25.32,U
sz000021,深科技,2025-09-26 10:38:27,25.34,11700,25.34,U
sz000021,深科技,2025-09-26 10:38:33,25.34,66400,25.34,U
sz000021,深科技,2025-09-26 10:38:36,25.35,17600,25.34,U
sz000021,深科技,2025-09-26 10:38:39,25.34,17600,25.35,D
sz000021,深科技,2025-09-26 10:38:42,25.34,7900,25.34,D
sz000021,深科技,2025-09-26 10:38:45,25.34,19100,25.34,D
sz000021,深科技,2025-09-26 10:38:48,25.34,59800,25.34,D
sz000021,深科技,2025-09-26 10:38:51,25.33,8100,25.34,D
sz000021,深科技,2025-09-26 10:38:54,25.34,11000,25.33,U
sz000021,深科技,2025-09-26 10:38:57,25.34,9600,25.34,U
sz000021,深科技,2025-09-26 10:39:03,25.35,31000,25.35,U
sz000021,深科技,2025-09-26 10:39:06,25.36,21200,25.35,U
sz000021,深科技,2025-09-26 10:39:09,25.42,86400,25.36,U
sz000021,深科技,2025-09-26 10:39:12,25.46,72200,25.42,U
sz000021,深科技,2025-09-26 10:39:15,25.47,38800,25.46,U
sz000021,深科技,2025-09-26 10:39:18,25.47,87700,25.47,U
sz000021,深科技,2025-09-26 10:39:21,25.43,49400,25.47,D
sz000021,深科技,2025-09-26 10:39:24,25.43,20500,25.43,D
sz000021,深科技,2025-09-26 10:39:27,25.4,11700,25.43,D
sz000021,深科技,2025-09-26 10:39:30,25.42,83900,25.4,U
sz000021,深科技,2025-09-26 10:39:33,25.4,8600,25.42,D
sz000021,深科技,2025-09-26 10:39:36,25.42,18400,25.4,U
sz000021,深科技,2025-09-26 10:39:39,25.45,23400,25.42,U
sz000021,深科技,2025-09-26 10:39:42,25.42,13300,25.45,D
sz000021,深科技,2025-09-26 10:39:48,25.43,43500,25.43,D
sz000021,深科技,2025-09-26 10:39:51,25.46,9000,25.43,U
sz000021,深科技,2025-09-26 10:39:54,25.45,9100,25.46,D
sz000021,深科技,2025-09-26 10:39:57,25.46,14000,25.45,U
sz000021,深科技,2025-09-26 10:40:00,25.46,44000,25.46,U
sz000021,深科技,2025-09-26 10:40:03,25.46,14500,25.46,U
sz000021,深科技,2025-09-26 10:40:06,25.47,18700,25.46,U
sz000021,深科技,2025-09-26 10:40:09,25.44,85700,25.47,D
sz000021,深科技,2025-09-26 10:40:12,25.44,44500,25.44,U
sz000021,深科技,2025-09-26 10:40:18,25.44,13900,25.44,U
sz000021,深科技,2025-09-26 10:40:21,25.45,24700,25.44,U
sz000021,深科技,2025-09-26 10:40:27,25.44,60200,25.44,D
sz000021,深科技,2025-09-26 10:40:39,25.41,21300,25.41,D
sz000021,深科技,2025-09-26 10:40:42,25.4,48800,25.41,D
sz000021,深科技,2025-09-26 10:40:45,25.43,49400,25.4,U
sz000021,深科技,2025-09-26 10:40:57,25.41,27700,25.41,D
sz000021,深科技,2025-09-26 10:41:03,25.4,13500,25.4,D
sz000021,深科技,2025-09-26 10:41:06,25.4,13900,25.4,U
sz000021,深科技,2025-09-26 10:41:09,25.38,10600,25.4,D
sz000021,深科技,2025-09-26 10:41:18,25.4,72100,25.38,U
sz000021,深科技,2025-09-26 10:41:27,25.38,25800,25.38,D
sz000021,深科技,2025-09-26 10:41:30,25.38,16500,25.38,D
sz000021,深科技,2025-09-26 10:41:42,25.38,8300,25.38,D
sz000021,深科技,2025-09-26 10:41:51,25.39,44200,25.38,U
sz000021,深科技,2025-09-26 10:41:54,25.39,18100,25.39,U
sz000021,深科技,2025-09-26 10:41:57,25.39,23600,25.39,U
sz000021,深科技,2025-09-26 10:42:00,25.39,8900,25.39,U
sz000021,深科技,2025-09-26 10:42:03,25.39,13700,25.39,U
sz000021,深科技,2025-09-26 10:42:06,25.38,59200,25.39,D
sz000021,深科技,2025-09-26 10:42:09,25.38,31700,25.38,U
sz000021,深科技,2025-09-26 10:42:12,25.37,16700,25.38,D
sz000021,深科技,2025-09-26 10:42:21,25.35,61600,25.37,D
sz000021,深科技,2025-09-26 10:42:24,25.33,62200,25.35,D
sz000021,深科技,2025-09-26 10:42:27,25.33,14200,25.33,D
sz000021,深科技,2025-09-26 10:42:33,25.33,24700,25.34,D
sz000021,深科技,2025-09-26 10:42:36,25.32,10000,25.33,D
sz000021,深科技,2025-09-26 10:42:39,25.33,27300,25.32,U
sz000021,深科技,2025-09-26 10:42:42,25.32,38700,25.33,D
sz000021,深科技,2025-09-26 10:42:45,25.32,32300,25.32,D
sz000021,深科技,2025-09-26 10:42:48,25.32,13500,25.32,D
sz000021,深科技,2025-09-26 10:42:51,25.32,8700,25.32,D
sz000021,深科技,2025-09-26 10:42:57,25.32,21300,25.32,U
sz000021,深科技,2025-09-26 10:43:00,25.31,141100,25.32,D
sz000021,深科技,2025-09-26 10:43:03,25.29,99000,25.31,D
sz000021,深科技,2025-09-26 10:43:06,25.27,68200,25.29,D
sz000021,深科技,2025-09-26 10:43:12,25.27,12800,25.27,D
sz000021,深科技,2025-09-26 10:43:15,25.27,18000,25.27,D
sz000021,深科技,2025-09-26 10:43:21,25.26,42400,25.26,D
sz000021,深科技,2025-09-26 10:43:24,25.26,53800,25.26,D
sz000021,深科技,2025-09-26 10:43:27,25.27,30400,25.26,E
sz000021,深科技,2025-09-26 10:43:30,25.29,21700,25.27,U
sz000021,深科技,2025-09-26 10:43:33,25.28,15100,25.29,E
sz000021,深科技,2025-09-26 10:43:36,25.29,16700,25.28,U
sz000021,深科技,2025-09-26 10:43:39,25.32,113600,25.29,U
sz000021,深科技,2025-09-26 10:43:51,25.35,9500,25.35,U
sz000021,深科技,2025-09-26 10:43:54,25.35,32500,25.35,U
sz000021,深科技,2025-09-26 10:43:57,25.33,14700,25.35,E
sz000021,深科技,2025-09-26 10:44:00,25.33,21800,25.33,U
sz000021,深科技,2025-09-26 10:44:03,25.34,53900,25.33,U
sz000021,深科技,2025-09-26 10:44:06,25.34,13600,25.34,D
sz000021,深科技,2025-09-26 10:44:09,25.35,8700,25.34,U
sz000021,深科技,2025-09-26 10:44:15,25.35,14900,25.34,U
sz000021,深科技,2025-09-26 10:44:18,25.34,9300,25.35,D
sz000021,深科技,2025-09-26 10:44:21,25.34,16000,25.34,U
sz000021,深科技,2025-09-26 10:44:24,25.34,9300,25.34,D
sz000021,深科技,2025-09-26 10:44:39,25.34,16900,25.33,D
sz000021,深科技,2025-09-26 10:44:42,25.35,11400,25.34,U
sz000021,深科技,2025-09-26 10:44:45,25.35,12500,25.35,U
sz000021,深科技,2025-09-26 10:44:48,25.34,57400,25.35,D
sz000021,深科技,2025-09-26 10:44:51,25.35,21600,25.34,D
sz000021,深科技,2025-09-26 10:44:54,25.35,17100,25.35,D
sz000021,深科技,2025-09-26 10:45:00,25.35,14600,25.35,U
sz000021,深科技,2025-09-26 10:45:03,25.35,8000,25.35,D
sz000021,深科技,2025-09-26 10:45:06,25.35,42100,25.35,D
sz000021,深科技,2025-09-26 10:45:09,25.35,21500,25.35,D
sz000021,深科技,2025-09-26 10:45:12,25.36,10000,25.35,U
sz000021,深科技,2025-09-26 10:45:18,25.36,12400,25.36,U
sz000021,深科技,2025-09-26 10:45:24,25.37,12100,25.36,U
sz000021,深科技,2025-09-26 10:45:27,25.37,8400,25.37,U
sz000021,深科技,2025-09-26 10:45:30,25.37,8000,25.37,U
sz000021,深科技,2025-09-26 10:45:33,25.36,38200,25.37,D
sz000021,深科技,2025-09-26 10:45:36,25.37,16900,25.36,U
sz000021,深科技,2025-09-26 10:45:42,25.37,14300,25.37,D
sz000021,深科技,2025-09-26 10:45:45,25.37,10300,25.37,D
sz000021,深科技,2025-09-26 10:45:51,25.36,17200,25.37,D
sz000021,深科技,2025-09-26 10:45:54,25.36,9700,25.36,U
sz000021,深科技,2025-09-26 10:45:57,25.37,20300,25.36,U
sz000021,深科技,2025-09-26 10:46:03,25.37,10500,25.36,U
sz000021,深科技,2025-09-26 10:46:06,25.38,19300,25.37,U
sz000021,深科技,2025-09-26 10:46:12,25.37,14500,25.37,U
sz000021,深科技,2025-09-26 10:46:18,25.38,13400,25.38,U
sz000021,深科技,2025-09-26 10:46:21,25.38,17500,25.38,U
sz000021,深科技,2025-09-26 10:46:24,25.39,43600,25.38,U
sz000021,深科技,2025-09-26 10:46:33,25.4,23500,25.4,U
sz000021,深科技,2025-09-26 10:46:42,25.39,13100,25.39,U
sz000021,深科技,2025-09-26 10:46:45,25.38,37500,25.39,D
sz000021,深科技,2025-09-26 10:46:48,25.39,8000,25.38,U
sz000021,深科技,2025-09-26 10:47:00,25.39,18600,25.39,D
sz000021,深科技,2025-09-26 10:47:03,25.39,57000,25.39,D
sz000021,深科技,2025-09-26 10:47:06,25.37,20500,25.39,U
sz000021,深科技,2025-09-26 10:47:09,25.36,9400,25.37,D
sz000021,深科技,2025-09-26 10:47:12,25.35,11900,25.36,D
sz000021,深科技,2025-09-26 10:47:15,25.36,34000,25.35,U
sz000021,深科技,2025-09-26 10:47:18,25.35,17900,25.36,D
sz000021,深科技,2025-09-26 10:47:21,25.34,70700,25.35,D
sz000021,深科技,2025-09-26 10:47:24,25.34,11900,25.34,D
sz000021,深科技,2025-09-26 10:47:30,25.33,9900,25.34,D
sz000021,深科技,2025-09-26 10:47:33,25.33,23500,25.33,D
sz000021,深科技,2025-09-26 10:47:39,25.35,26800,25.34,U
sz000021,深科技,2025-09-26 10:47:42,25.33,13200,25.35,D
sz000021,深科技,2025-09-26 10:47:45,25.33,10200,25.33,D
sz000021,深科技,2025-09-26 10:47:51,25.33,38900,25.35,D
sz000021,深科技,2025-09-26 10:48:06,25.33,17100,25.33,U
sz000021,深科技,2025-09-26 10:48:09,25.32,18300,25.33,D
sz000021,深科技,2025-09-26 10:48:12,25.34,9600,25.32,U
sz000021,深科技,2025-09-26 10:48:15,25.34,17800,25.34,U
sz000021,深科技,2025-09-26 10:48:18,25.34,8300,25.34,D
sz000021,深科技,2025-09-26 10:48:21,25.34,34200,25.34,D
sz000021,深科技,2025-09-26 10:48:36,25.36,18000,25.36,D
sz000021,深科技,2025-09-26 10:48:45,25.36,24300,25.37,D
sz000021,深科技,2025-09-26 10:48:54,25.38,36300,25.38,U
sz000021,深科技,2025-09-26 10:49:03,25.37,8700,25.36,E
sz000021,深科技,2025-09-26 10:49:09,25.37,17700,25.37,U
sz000021,深科技,2025-09-26 10:49:15,25.37,11200,25.37,U
sz000021,深科技,2025-09-26 10:49:21,25.36,8300,25.37,D
sz000021,深科技,2025-09-26 10:49:24,25.36,21100,25.36,D
sz000021,深科技,2025-09-26 10:49:27,25.37,44800,25.36,U
sz000021,深科技,2025-09-26 10:49:45,25.34,14700,25.34,D
sz000021,深科技,2025-09-26 10:49:48,25.34,13300,25.34,D
sz000021,深科技,2025-09-26 10:50:00,25.33,17200,25.33,D
sz000021,深科技,2025-09-26 10:50:03,25.33,18700,25.33,D
sz000021,深科技,2025-09-26 10:50:09,25.33,25300,25.32,U
sz000021,深科技,2025-09-26 10:50:12,25.33,11300,25.33,U
sz000021,深科技,2025-09-26 10:50:15,25.33,8600,25.33,D
sz000021,深科技,2025-09-26 10:50:18,25.32,14300,25.33,D
sz000021,深科技,2025-09-26 10:50:21,25.33,15100,25.32,U
sz000021,深科技,2025-09-26 10:50:24,25.33,15500,25.33,U
sz000021,深科技,2025-09-26 10:50:27,25.33,8400,25.33,U
sz000021,深科技,2025-09-26 10:50:30,25.33,8500,25.33,D
sz000021,深科技,2025-09-26 10:50:39,25.33,20800,25.34,D
sz000021,深科技,2025-09-26 10:50:42,25.33,9300,25.33,D
sz000021,深科技,2025-09-26 10:50:45,25.33,32000,25.33,D
sz000021,深科技,2025-09-26 10:50:54,25.33,9932,25.33,D
sz000021,深科技,2025-09-26 10:51:00,25.32,127600,25.33,D
sz000021,深科技,2025-09-26 10:51:03,25.31,42400,25.32,D
sz000021,深科技,2025-09-26 10:51:06,25.3,10200,25.31,D
sz000021,深科技,2025-09-26 10:51:09,25.32,13800,25.3,U
sz000021,深科技,2025-09-26 10:51:12,25.31,9700,25.32,E
sz000021,深科技,2025-09-26 10:51:15,25.32,11800,25.31,U
sz000021,深科技,2025-09-26 10:51:18,25.31,9900,25.32,D
sz000021,深科技,2025-09-26 10:51:21,25.3,21400,25.31,D
sz000021,深科技,2025-09-26 10:51:24,25.28,74600,25.3,D
sz000021,深科技,2025-09-26 10:51:27,25.28,15800,25.28,U
sz000021,深科技,2025-09-26 10:51:30,25.27,23800,25.28,D
sz000021,深科技,2025-09-26 10:51:39,25.24,124800,25.26,D
sz000021,深科技,2025-09-26 10:51:42,25.25,89700,25.24,U
sz000021,深科技,2025-09-26 10:51:45,25.26,39900,25.25,U
sz000021,深科技,2025-09-26 10:51:48,25.25,11200,25.26,D
sz000021,深科技,2025-09-26 10:51:54,25.25,24200,25.26,D
sz000021,深科技,2025-09-26 10:51:57,25.25,8700,25.25,D
sz000021,深科技,2025-09-26 10:52:00,25.27,17700,25.25,D
sz000021,深科技,2025-09-26 10:52:03,25.28,16700,25.27,U
sz000021,深科技,2025-09-26 10:52:09,25.28,21400,25.28,D
sz000021,深科技,2025-09-26 10:52:12,25.29,12500,25.28,U
sz000021,深科技,2025-09-26 10:52:18,25.29,20900,25.29,U
sz000021,深科技,2025-09-26 10:52:21,25.29,18400,25.29,U
sz000021,深科技,2025-09-26 10:52:30,25.29,31200,25.29,D
sz000021,深科技,2025-09-26 10:52:39,25.27,22400,25.27,U
sz000021,深科技,2025-09-26 10:52:45,25.27,13500,25.28,D
sz000021,深科技,2025-09-26 10:52:54,25.27,21200,25.28,D
sz000021,深科技,2025-09-26 10:52:57,25.25,60000,25.27,D
sz000021,深科技,2025-09-26 10:53:00,25.26,17400,25.25,U
sz000021,深科技,2025-09-26 10:53:03,25.25,75000,25.26,D
sz000021,深科技,2025-09-26 10:53:06,25.24,38000,25.25,D
sz000021,深科技,2025-09-26 10:53:09,25.24,22100,25.24,U
sz000021,深科技,2025-09-26 10:53:12,25.24,15300,25.24,U
sz000021,深科技,2025-09-26 10:53:15,25.24,8400,25.24,U
sz000021,深科技,2025-09-26 10:53:18,25.24,13900,25.24,U
sz000021,深科技,2025-09-26 10:53:21,25.23,29900,25.24,D
sz000021,深科技,2025-09-26 10:53:24,25.23,10700,25.23,D
sz000021,深科技,2025-09-26 10:53:27,25.21,173900,25.23,D
sz000021,深科技,2025-09-26 10:53:30,25.22,13600,25.21,U
sz000021,深科技,2025-09-26 10:53:33,25.21,32200,25.22,D
sz000021,深科技,2025-09-26 10:53:36,25.2,211800,25.21,D
sz000021,深科技,2025-09-26 10:53:39,25.21,12500,25.2,U
sz000021,深科技,2025-09-26 10:53:42,25.21,22500,25.21,U
sz000021,深科技,2025-09-26 10:53:45,25.2,67400,25.21,D
sz000021,深科技,2025-09-26 10:53:48,25.2,13000,25.2,U
sz000021,深科技,2025-09-26 10:53:51,25.19,23700,25.2,D
sz000021,深科技,2025-09-26 10:53:54,25.19,9200,25.19,D
sz000021,深科技,2025-09-26 10:53:57,25.18,60400,25.19,D
sz000021,深科技,2025-09-26 10:54:00,25.17,10200,25.18,D
sz000021,深科技,2025-09-26 10:54:03,25.16,50900,25.17,D
sz000021,深科技,2025-09-26 10:54:06,25.17,12300,25.16,U
sz000021,深科技,2025-09-26 10:54:09,25.16,12700,25.17,U
sz000021,深科技,2025-09-26 10:54:12,25.17,19500,25.16,U
sz000021,深科技,2025-09-26 10:54:15,25.16,11800,25.17,E
sz000021,深科技,2025-09-26 10:54:18,25.16,22800,25.16,D
sz000021,深科技,2025-09-26 10:54:24,25.16,23700,25.17,D
sz000021,深科技,2025-09-26 10:54:27,25.17,18800,25.16,U
sz000021,深科技,2025-09-26 10:54:30,25.17,19919,25.17,U
sz000021,深科技,2025-09-26 10:54:33,25.16,57400,25.17,D
sz000021,深科技,2025-09-26 10:54:36,25.15,38900,25.16,D
sz000021,深科技,2025-09-26 10:54:39,25.16,13000,25.15,U
sz000021,深科技,2025-09-26 10:54:42,25.16,16100,25.16,D
sz000021,深科技,2025-09-26 10:54:45,25.16,26200,25.16,D
sz000021,深科技,2025-09-26 10:54:48,25.17,13600,25.16,U
sz000021,深科技,2025-09-26 10:54:51,25.16,19500,25.17,D
sz000021,深科技,2025-09-26 10:54:54,25.17,21100,25.16,U
sz000021,深科技,2025-09-26 10:54:57,25.16,13000,25.17,D
sz000021,深科技,2025-09-26 10:55:00,25.16,16000,25.16,D
sz000021,深科技,2025-09-26 10:55:03,25.16,23700,25.16,U
sz000021,深科技,2025-09-26 10:55:06,25.16,29400,25.16,U
sz000021,深科技,2025-09-26 10:55:09,25.16,28100,25.16,U
sz000021,深科技,2025-09-26 10:55:12,25.17,21000,25.16,U
sz000021,深科技,2025-09-26 10:55:15,25.17,26300,25.17,U
sz000021,深科技,2025-09-26 10:55:18,25.18,14900,25.17,U
sz000021,深科技,2025-09-26 10:55:24,25.19,68800,25.18,U
sz000021,深科技,2025-09-26 10:55:27,25.19,36600,25.19,U
sz000021,深科技,2025-09-26 10:55:30,25.19,28900,25.19,E
sz000021,深科技,2025-09-26 10:55:33,25.19,45400,25.19,U
sz000021,深科技,2025-09-26 10:55:36,25.19,36600,25.19,U
sz000021,深科技,2025-09-26 10:55:39,25.19,11800,25.19,D
sz000021,深科技,2025-09-26 10:55:42,25.2,15800,25.19,U
sz000021,深科技,2025-09-26 10:55:45,25.19,12100,25.2,D
sz000021,深科技,2025-09-26 10:55:48,25.19,16200,25.19,U
sz000021,深科技,2025-09-26 10:55:51,25.19,80000,25.19,U
sz000021,深科技,2025-09-26 10:55:54,25.18,64800,25.19,D
sz000021,深科技,2025-09-26 10:56:00,25.18,23200,25.17,U
sz000021,深科技,2025-09-26 10:56:03,25.15,64400,25.18,D
sz000021,深科技,2025-09-26 10:56:06,25.17,21500,25.15,U
sz000021,深科技,2025-09-26 10:56:09,25.16,8000,25.17,U
sz000021,深科技,2025-09-26 10:56:12,25.17,9200,25.16,U
sz000021,深科技,2025-09-26 10:56:18,25.17,26500,25.18,D
sz000021,深科技,2025-09-26 10:56:21,25.18,19800,25.17,U
sz000021,深科技,2025-09-26 10:56:30,25.18,11700,25.18,U
sz000021,深科技,2025-09-26 10:56:33,25.18,9200,25.18,U
sz000021,深科技,2025-09-26 10:56:36,25.17,16200,25.18,D
sz000021,深科技,2025-09-26 10:56:39,25.17,17800,25.17,U
sz000021,深科技,2025-09-26 10:56:42,25.17,12600,25.17,D
sz000021,深科技,2025-09-26 10:56:45,25.17,9300,25.17,D
sz000021,深科技,2025-09-26 10:56:48,25.18,22000,25.17,U
sz000021,深科技,2025-09-26 10:56:54,25.18,19800,25.18,U
sz000021,深科技,2025-09-26 10:56:57,25.17,58800,25.18,E
sz000021,深科技,2025-09-26 10:57:00,25.18,20400,25.17,U
sz000021,深科技,2025-09-26 10:57:03,25.17,23000,25.18,D
sz000021,深科技,2025-09-26 10:57:06,25.17,11800,25.17,D
sz000021,深科技,2025-09-26 10:57:12,25.18,8200,25.17,U
sz000021,深科技,2025-09-26 10:57:15,25.18,10100,25.18,U
sz000021,深科技,2025-09-26 10:57:18,25.17,8300,25.18,D
sz000021,深科技,2025-09-26 10:57:21,25.18,9400,25.17,U
sz000021,深科技,2025-09-26 10:57:42,25.19,12200,25.19,U
sz000021,深科技,2025-09-26 10:57:48,25.19,12300,25.19,U
sz000021,深科技,2025-09-26 10:57:51,25.19,8600,25.19,U
sz000021,深科技,2025-09-26 10:57:57,25.19,15900,25.19,D
sz000021,深科技,2025-09-26 10:58:06,25.2,8400,25.2,U
sz000021,深科技,2025-09-26 10:58:12,25.2,13800,25.2,U
sz000021,深科技,2025-09-26 10:58:21,25.2,15000,25.2,U
sz000021,深科技,2025-09-26 10:58:27,25.19,11000,25.19,D
sz000021,深科技,2025-09-26 10:58:36,25.19,20900,25.2,D
sz000021,深科技,2025-09-26 10:58:39,25.2,11800,25.19,U
sz000021,深科技,2025-09-26 10:58:42,25.2,14700,25.2,U
sz000021,深科技,2025-09-26 10:58:45,25.2,65800,25.2,U
sz000021,深科技,2025-09-26 10:58:48,25.21,39700,25.2,U
sz000021,深科技,2025-09-26 10:59:06,25.22,22500,25.22,U
sz000021,深科技,2025-09-26 10:59:09,25.21,110700,25.22,D
sz000021,深科技,2025-09-26 10:59:15,25.2,11200,25.21,D
sz000021,深科技,2025-09-26 10:59:21,25.2,15000,25.21,D
sz000021,深科技,2025-09-26 10:59:24,25.2,8500,25.2,U
sz000021,深科技,2025-09-26 10:59:30,25.2,11400,25.2,U
sz000021,深科技,2025-09-26 10:59:39,25.19,10000,25.2,D
sz000021,深科技,2025-09-26 10:59:42,25.2,11500,25.19,U
sz000021,深科技,2025-09-26 10:59:45,25.19,19700,25.2,D
sz000021,深科技,2025-09-26 10:59:48,25.19,8300,25.19,D
sz000021,深科技,2025-09-26 10:59:51,25.17,72700,25.19,D
sz000021,深科技,2025-09-26 10:59:54,25.18,39500,25.17,U
sz000021,深科技,2025-09-26 11:00:03,25.17,9900,25.17,D
sz000021,深科技,2025-09-26 11:00:06,25.16,46000,25.17,D
sz000021,深科技,2025-09-26 11:00:12,25.16,54000,25.18,D
sz000021,深科技,2025-09-26 11:00:18,25.15,9200,25.15,D
sz000021,深科技,2025-09-26 11:00:21,25.15,38800,25.15,D
sz000021,深科技,2025-09-26 11:00:24,25.15,39600,25.15,D
sz000021,深科技,2025-09-26 11:00:27,25.14,19100,25.15,D
sz000021,深科技,2025-09-26 11:00:30,25.14,32981,25.14,D
sz000021,深科技,2025-09-26 11:00:33,25.14,16600,25.14,U
sz000021,深科技,2025-09-26 11:00:36,25.12,31600,25.14,D
sz000021,深科技,2025-09-26 11:00:39,25.12,12700,25.12,D
sz000021,深科技,2025-09-26 11:00:42,25.13,17400,25.12,U
sz000021,深科技,2025-09-26 11:00:45,25.12,31200,25.13,D
sz000021,深科技,2025-09-26 11:00:48,25.11,19300,25.12,D
sz000021,深科技,2025-09-26 11:00:51,25.12,32400,25.11,U
sz000021,深科技,2025-09-26 11:00:54,25.12,77000,25.12,U
sz000021,深科技,2025-09-26 11:00:57,25.13,37100,25.12,E
sz000021,深科技,2025-09-26 11:01:00,25.14,14700,25.13,U
sz000021,深科技,2025-09-26 11:01:03,25.13,13000,25.14,E
sz000021,深科技,2025-09-26 11:01:06,25.12,33300,25.13,D
sz000021,深科技,2025-09-26 11:01:09,25.14,8900,25.12,U
sz000021,深科技,2025-09-26 11:01:12,25.14,15300,25.14,U
sz000021,深科技,2025-09-26 11:01:21,25.12,9500,25.12,D
sz000021,深科技,2025-09-26 11:01:24,25.13,31700,25.12,U
sz000021,深科技,2025-09-26 11:01:27,25.14,23200,25.13,U
sz000021,深科技,2025-09-26 11:01:30,25.12,19600,25.14,D
sz000021,深科技,2025-09-26 11:01:33,25.12,10100,25.12,U
sz000021,深科技,2025-09-26 11:01:42,25.12,25000,25.12,D
sz000021,深科技,2025-09-26 11:01:45,25.11,8400,25.12,D
sz000021,深科技,2025-09-26 11:01:48,25.11,64900,25.11,D
sz000021,深科技,2025-09-26 11:01:51,25.11,8500,25.11,U
sz000021,深科技,2025-09-26 11:01:54,25.1,24800,25.11,D
sz000021,深科技,2025-09-26 11:01:57,25.1,19800,25.1,D
sz000021,深科技,2025-09-26 11:02:00,25.11,20787,25.1,U
sz000021,深科技,2025-09-26 11:02:03,25.11,31000,25.11,U
sz000021,深科技,2025-09-26 11:02:06,25.11,11300,25.11,D
sz000021,深科技,2025-09-26 11:02:09,25.1,15500,25.11,D
sz000021,深科技,2025-09-26 11:02:12,25.1,8300,25.1,D
sz000021,深科技,2025-09-26 11:02:15,25.11,18400,25.1,U
sz000021,深科技,2025-09-26 11:02:18,25.11,9200,25.11,D
sz000021,深科技,2025-09-26 11:02:24,25.11,8700,25.11,D
sz000021,深科技,2025-09-26 11:02:27,25.11,70500,25.11,D
sz000021,深科技,2025-09-26 11:02:30,25.11,15000,25.11,U
sz000021,深科技,2025-09-26 11:02:33,25.11,9500,25.11,U
sz000021,深科技,2025-09-26 11:02:36,25.11,40100,25.11,U
sz000021,深科技,2025-09-26 11:02:39,25.11,10000,25.11,D
sz000021,深科技,2025-09-26 11:02:42,25.12,19000,25.11,U
sz000021,深科技,2025-09-26 11:02:48,25.13,58200,25.12,U
sz000021,深科技,2025-09-26 11:02:57,25.14,18119,25.14,U
sz000021,深科技,2025-09-26 11:03:03,25.15,13800,25.15,U
sz000021,深科技,2025-09-26 11:03:06,25.13,38781,25.15,D
sz000021,深科技,2025-09-26 11:03:09,25.12,70900,25.13,D
sz000021,深科技,2025-09-26 11:03:12,25.11,43600,25.12,D
sz000021,深科技,2025-09-26 11:03:15,25.11,13300,25.11,D
sz000021,深科技,2025-09-26 11:03:18,25.13,54200,25.11,U
sz000021,深科技,2025-09-26 11:03:24,25.12,40300,25.12,U
sz000021,深科技,2025-09-26 11:03:33,25.11,21600,25.12,D
sz000021,深科技,2025-09-26 11:03:36,25.13,16500,25.11,U
sz000021,深科技,2025-09-26 11:03:39,25.12,28800,25.13,D
sz000021,深科技,2025-09-26 11:03:42,25.13,10000,25.12,U
sz000021,深科技,2025-09-26 11:03:45,25.12,21500,25.13,D
sz000021,深科技,2025-09-26 11:03:54,25.14,39200,25.13,U
sz000021,深科技,2025-09-26 11:04:12,25.12,9200,25.12,D
sz000021,深科技,2025-09-26 11:04:18,25.13,8400,25.13,U
sz000021,深科技,2025-09-26 11:04:27,25.14,26200,25.14,U
sz000021,深科技,2025-09-26 11:04:33,25.15,9900,25.14,U
sz000021,深科技,2025-09-26 11:04:39,25.16,13200,25.15,U
sz000021,深科技,2025-09-26 11:04:48,25.15,12700,25.15,D
sz000021,深科技,2025-09-26 11:04:51,25.16,21900,25.15,U
sz000021,深科技,2025-09-26 11:04:57,25.16,9600,25.16,U
sz000021,深科技,2025-09-26 11:05:00,25.16,8100,25.16,U
sz000021,深科技,2025-09-26 11:05:06,25.15,12700,25.16,D
sz000021,深科技,2025-09-26 11:05:12,25.14,38400,25.16,D
sz000021,深科技,2025-09-26 11:05:15,25.15,30100,25.14,U
sz000021,深科技,2025-09-26 11:05:18,25.15,11400,25.15,U
sz000021,深科技,2025-09-26 11:05:21,25.16,9200,25.15,U
sz000021,深科技,2025-09-26 11:05:27,25.15,12200,25.15,D
sz000021,深科技,2025-09-26 11:05:33,25.16,18600,25.16,U
sz000021,深科技,2025-09-26 11:05:45,25.16,13900,25.16,U
sz000021,深科技,2025-09-26 11:05:54,25.16,8100,25.16,U
sz000021,深科技,2025-09-26 11:05:57,25.14,121500,25.16,D
sz000021,深科技,2025-09-26 11:06:00,25.12,54700,25.14,D
sz000021,深科技,2025-09-26 11:06:03,25.11,105700,25.12,D
sz000021,深科技,2025-09-26 11:06:06,25.12,41800,25.11,U
sz000021,深科技,2025-09-26 11:06:09,25.15,42800,25.12,U
sz000021,深科技,2025-09-26 11:06:15,25.12,13500,25.12,U
sz000021,深科技,2025-09-26 11:06:18,25.13,28300,25.12,U
sz000021,深科技,2025-09-26 11:06:24,25.12,26900,25.12,D
sz000021,深科技,2025-09-26 11:06:27,25.12,12200,25.12,D
sz000021,深科技,2025-09-26 11:06:30,25.13,14600,25.12,U
sz000021,深科技,2025-09-26 11:06:39,25.11,10900,25.12,D
sz000021,深科技,2025-09-26 11:06:42,25.11,8200,25.11,D
sz000021,深科技,2025-09-26 11:06:45,25.12,15000,25.11,U
sz000021,深科技,2025-09-26 11:06:51,25.12,9700,25.12,D
sz000021,深科技,2025-09-26 11:06:54,25.1,178215,25.12,D
sz000021,深科技,2025-09-26 11:07:00,25.09,31400,25.1,D
sz000021,深科技,2025-09-26 11:07:03,25.08,119200,25.09,D
sz000021,深科技,2025-09-26 11:07:06,25.06,29200,25.08,D
sz000021,深科技,2025-09-26 11:07:12,25.05,28100,25.05,D
sz000021,深科技,2025-09-26 11:07:15,25.06,16900,25.05,E
sz000021,深科技,2025-09-26 11:07:18,25.05,15700,25.06,D
sz000021,深科技,2025-09-26 11:07:21,25.05,25600,25.05,D
sz000021,深科技,2025-09-26 11:07:24,25.05,13200,25.05,D
sz000021,深科技,2025-09-26 11:07:27,25.05,63900,25.05,U
sz000021,深科技,2025-09-26 11:07:30,25.04,11000,25.05,D
sz000021,深科技,2025-09-26 11:07:33,25.05,17000,25.04,U
sz000021,深科技,2025-09-26 11:07:36,25.04,9300,25.05,D
sz000021,深科技,2025-09-26 11:07:39,25.04,11300,25.04,D
sz000021,深科技,2025-09-26 11:07:42,25.04,22500,25.04,U
sz000021,深科技,2025-09-26 11:07:45,25.03,38600,25.04,D
sz000021,深科技,2025-09-26 11:07:48,25.03,9600,25.03,U
sz000021,深科技,2025-09-26 11:07:51,25.02,27600,25.03,D
sz000021,深科技,2025-09-26 11:07:54,25.02,33500,25.02,U
sz000021,深科技,2025-09-26 11:07:57,25.01,61100,25.02,D
sz000021,深科技,2025-09-26 11:08:00,25.0,51400,25.01,D
sz000021,深科技,2025-09-26 11:08:03,25.01,35000,25.0,U
sz000021,深科技,2025-09-26 11:08:06,25.0,55100,25.01,D
sz000021,深科技,2025-09-26 11:08:09,25.0,32200,25.0,D
sz000021,深科技,2025-09-26 11:08:12,25.0,130000,25.0,D
sz000021,深科技,2025-09-26 11:08:15,25.0,32200,25.0,D
sz000021,深科技,2025-09-26 11:08:18,25.01,39300,25.0,U
sz000021,深科技,2025-09-26 11:08:21,25.01,30100,25.01,U
sz000021,深科技,2025-09-26 11:08:24,25.01,50200,25.01,U
sz000021,深科技,2025-09-26 11:08:27,25.01,33000,25.01,D
sz000021,深科技,2025-09-26 11:08:30,25.0,30400,25.01,D
sz000021,深科技,2025-09-26 11:08:36,25.01,180685,25.01,D
sz000021,深科技,2025-09-26 11:08:39,25.0,43000,25.01,D
sz000021,深科技,2025-09-26 11:08:42,25.0,46200,25.0,D
sz000021,深科技,2025-09-26 11:08:45,25.0,27515,25.0,D
sz000021,深科技,2025-09-26 11:08:48,24.98,27000,25.0,D
sz000021,深科技,2025-09-26 11:08:51,24.98,32500,24.98,D
sz000021,深科技,2025-09-26 11:08:54,24.97,13600,24.98,D
sz000021,深科技,2025-09-26 11:08:57,24.98,14700,24.97,U
sz000021,深科技,2025-09-26 11:09:00,24.96,9800,24.98,D
sz000021,深科技,2025-09-26 11:09:03,24.96,9400,24.96,D
sz000021,深科技,2025-09-26 11:09:06,25.0,93900,24.96,U
sz000021,深科技,2025-09-26 11:09:09,25.02,55200,25.0,U
sz000021,深科技,2025-09-26 11:09:12,25.01,15600,25.02,E
sz000021,深科技,2025-09-26 11:09:15,25.02,10200,25.01,U
sz000021,深科技,2025-09-26 11:09:18,25.02,18600,25.02,D
sz000021,深科技,2025-09-26 11:09:24,25.03,11000,25.02,U
sz000021,深科技,2025-09-26 11:09:30,25.02,23000,25.03,D
sz000021,深科技,2025-09-26 11:09:33,25.04,34500,25.02,U
sz000021,深科技,2025-09-26 11:09:39,25.03,11200,25.04,D
sz000021,深科技,2025-09-26 11:09:48,25.01,47600,25.04,D
sz000021,深科技,2025-09-26 11:09:54,25.02,26100,25.0,U
sz000021,深科技,2025-09-26 11:10:03,25.02,18700,25.02,U
sz000021,深科技,2025-09-26 11:10:06,25.02,16000,25.02,D
sz000021,深科技,2025-09-26 11:10:09,25.02,11200,25.02,D
sz000021,深科技,2025-09-26 11:10:15,25.03,9800,25.01,U
sz000021,深科技,2025-09-26 11:10:30,25.02,15600,25.01,U
sz000021,深科技,2025-09-26 11:10:33,25.02,8985,25.02,D
sz000021,深科技,2025-09-26 11:10:36,25.01,9000,25.02,D
sz000021,深科技,2025-09-26 11:10:39,25.01,20115,25.01,D
sz000021,深科技,2025-09-26 11:10:42,25.01,11600,25.01,D
sz000021,深科技,2025-09-26 11:11:03,25.01,12800,25.01,D
sz000021,深科技,2025-09-26 11:11:06,25.0,105000,25.01,D
sz000021,深科技,2025-09-26 11:11:15,25.0,31000,25.01,D
sz000021,深科技,2025-09-26 11:11:18,25.0,15900,25.0,U
sz000021,深科技,2025-09-26 11:11:21,24.99,11700,25.0,D
sz000021,深科技,2025-09-26 11:11:24,24.99,12600,24.99,D
sz000021,深科技,2025-09-26 11:11:27,24.99,33100,24.99,U
sz000021,深科技,2025-09-26 11:11:33,24.98,60500,24.99,D
sz000021,深科技,2025-09-26 11:11:36,24.98,46400,24.98,U
sz000021,深科技,2025-09-26 11:11:51,25.02,23200,25.02,U
sz000021,深科技,2025-09-26 11:11:57,25.02,8300,25.03,D
sz000021,深科技,2025-09-26 11:12:00,25.03,9300,25.02,U
sz000021,深科技,2025-09-26 11:12:06,25.02,26600,25.03,D
sz000021,深科技,2025-09-26 11:12:18,25.0,12700,25.01,D
sz000021,深科技,2025-09-26 11:12:21,25.01,14400,25.0,D
sz000021,深科技,2025-09-26 11:12:27,25.02,30700,25.01,U
sz000021,深科技,2025-09-26 11:12:30,25.01,29800,25.02,D
sz000021,深科技,2025-09-26 11:12:33,25.01,52900,25.01,E
sz000021,深科技,2025-09-26 11:12:36,25.0,33900,25.01,E
sz000021,深科技,2025-09-26 11:12:42,24.97,116000,25.01,D
sz000021,深科技,2025-09-26 11:12:45,25.0,30900,24.97,U
sz000021,深科技,2025-09-26 11:12:48,24.95,47100,25.0,D
sz000021,深科技,2025-09-26 11:12:57,24.96,8900,24.96,D
sz000021,深科技,2025-09-26 11:13:03,24.95,20500,24.96,D
sz000021,深科技,2025-09-26 11:13:06,24.93,20700,24.95,D
sz000021,深科技,2025-09-26 11:13:12,24.92,21900,24.93,D
sz000021,深科技,2025-09-26 11:13:15,24.91,15500,24.92,D
sz000021,深科技,2025-09-26 11:13:18,24.93,22500,24.91,U
sz000021,深科技,2025-09-26 11:13:21,24.93,98000,24.93,D
sz000021,深科技,2025-09-26 11:13:24,24.93,27700,24.93,U
sz000021,深科技,2025-09-26 11:13:27,24.91,29100,24.93,D
sz000021,深科技,2025-09-26 11:13:30,24.92,9900,24.91,E
sz000021,深科技,2025-09-26 11:13:45,24.93,12000,24.95,D
sz000021,深科技,2025-09-26 11:13:48,24.94,12900,24.93,D
sz000021,深科技,2025-09-26 11:13:51,24.94,10700,24.94,U
sz000021,深科技,2025-09-26 11:13:54,24.94,30200,24.94,D
sz000021,深科技,2025-09-26 11:14:00,24.94,10200,24.94,D
sz000021,深科技,2025-09-26 11:14:06,24.93,12700,24.93,D
sz000021,深科技,2025-09-26 11:14:09,24.94,29100,24.93,U
sz000021,深科技,2025-09-26 11:14:15,24.94,19300,24.94,D
sz000021,深科技,2025-09-26 11:14:21,24.95,16100,24.94,U
sz000021,深科技,2025-09-26 11:14:24,24.95,13400,24.95,U
sz000021,深科技,2025-09-26 11:14:27,24.95,309000,24.95,U
sz000021,深科技,2025-09-26 11:14:30,24.95,9600,24.95,U
sz000021,深科技,2025-09-26 11:14:33,24.95,8900,24.95,D
sz000021,深科技,2025-09-26 11:14:51,24.95,20000,24.97,D
sz000021,深科技,2025-09-26 11:15:00,24.98,9500,24.98,U
sz000021,深科技,2025-09-26 11:15:06,24.98,15800,24.98,D
sz000021,深科技,2025-09-26 11:15:09,25.01,47300,24.98,U
sz000021,深科技,2025-09-26 11:15:21,25.02,109800,25.01,U
sz000021,深科技,2025-09-26 11:15:27,25.01,11300,25.0,U
sz000021,深科技,2025-09-26 11:15:39,25.0,10900,25.01,D
sz000021,深科技,2025-09-26 11:15:42,25.01,10300,25.0,U
sz000021,深科技,2025-09-26 11:15:45,25.01,9800,25.01,U
sz000021,深科技,2025-09-26 11:15:48,25.0,110900,25.01,D
sz000021,深科技,2025-09-26 11:15:51,24.98,59500,25.0,E
sz000021,深科技,2025-09-26 11:15:57,24.98,17200,24.96,U
sz000021,深科技,2025-09-26 11:16:00,24.97,13000,24.98,E
sz000021,深科技,2025-09-26 11:16:06,24.96,8200,24.96,D
sz000021,深科技,2025-09-26 11:16:09,24.97,9485,24.96,U
sz000021,深科技,2025-09-26 11:16:21,24.97,14815,24.97,D
sz000021,深科技,2025-09-26 11:16:24,24.96,18500,24.97,D
sz000021,深科技,2025-09-26 11:16:27,24.97,9600,24.96,U
sz000021,深科技,2025-09-26 11:16:30,24.97,8300,24.97,U
sz000021,深科技,2025-09-26 11:16:42,24.96,53600,24.97,D
sz000021,深科技,2025-09-26 11:16:45,24.95,8900,24.96,D
sz000021,深科技,2025-09-26 11:16:48,24.94,46700,24.95,D
sz000021,深科技,2025-09-26 11:16:54,24.93,14300,24.93,D
sz000021,深科技,2025-09-26 11:17:00,24.93,20600,24.93,D
sz000021,深科技,2025-09-26 11:17:03,24.93,32600,24.93,D
sz000021,深科技,2025-09-26 11:17:06,24.93,19300,24.93,D
sz000021,深科技,2025-09-26 11:17:09,24.92,19200,24.93,D
sz000021,深科技,2025-09-26 11:17:12,24.95,12100,24.92,U
sz000021,深科技,2025-09-26 11:17:18,24.93,23900,24.92,U
sz000021,深科技,2025-09-26 11:17:24,24.93,8900,24.92,D
sz000021,深科技,2025-09-26 11:17:27,24.93,8500,24.93,D
sz000021,深科技,2025-09-26 11:17:30,24.93,9700,24.93,D
sz000021,深科技,2025-09-26 11:17:33,24.93,19222,24.93,D
sz000021,深科技,2025-09-26 11:17:39,24.95,11900,24.94,U
sz000021,深科技,2025-09-26 11:17:45,24.96,10800,24.95,D
sz000021,深科技,2025-09-26 11:17:54,24.96,23400,24.96,D
sz000021,深科技,2025-09-26 11:18:09,24.95,9900,24.95,U
sz000021,深科技,2025-09-26 11:18:15,24.96,8500,24.95,U
sz000021,深科技,2025-09-26 11:18:21,24.96,8800,24.96,D
sz000021,深科技,2025-09-26 11:18:30,24.95,14200,24.96,D
sz000021,深科技,2025-09-26 11:18:33,24.93,24800,24.95,D
sz000021,深科技,2025-09-26 11:18:45,24.92,54500,24.93,D
sz000021,深科技,2025-09-26 11:18:48,24.91,23300,24.92,D
sz000021,深科技,2025-09-26 11:18:51,24.91,40200,24.91,D
sz000021,深科技,2025-09-26 11:18:54,24.91,58400,24.91,U
sz000021,深科技,2025-09-26 11:18:57,24.91,11000,24.91,U
sz000021,深科技,2025-09-26 11:19:00,24.9,14700,24.91,D
sz000021,深科技,2025-09-26 11:19:03,24.9,27500,24.9,U
sz000021,深科技,2025-09-26 11:19:06,24.9,13300,24.9,U
sz000021,深科技,2025-09-26 11:19:09,24.89,39600,24.9,D
sz000021,深科技,2025-09-26 11:19:12,24.89,14800,24.89,U
sz000021,深科技,2025-09-26 11:19:15,24.89,16300,24.89,U
sz000021,深科技,2025-09-26 11:19:18,24.89,17600,24.89,D
sz000021,深科技,2025-09-26 11:19:24,24.88,13900,24.89,D
sz000021,深科技,2025-09-26 11:19:27,24.88,13100,24.88,D
sz000021,深科技,2025-09-26 11:19:30,24.89,22000,24.88,U
sz000021,深科技,2025-09-26 11:19:33,24.88,29900,24.89,D
sz000021,深科技,2025-09-26 11:19:45,24.89,8900,24.89,D
sz000021,深科技,2025-09-26 11:19:51,24.89,13000,24.89,D
sz000021,深科技,2025-09-26 11:19:54,24.89,19400,24.89,D
sz000021,深科技,2025-09-26 11:20:03,24.89,10900,24.9,E
sz000021,深科技,2025-09-26 11:20:06,24.9,17700,24.89,U
sz000021,深科技,2025-09-26 11:20:09,24.89,8700,24.9,D
sz000021,深科技,2025-09-26 11:20:18,24.92,18800,24.91,U
sz000021,深科技,2025-09-26 11:20:36,24.94,9700,24.92,U
sz000021,深科技,2025-09-26 11:20:54,24.96,11100,24.96,U
sz000021,深科技,2025-09-26 11:20:57,24.96,11300,24.96,U
sz000021,深科技,2025-09-26 11:21:00,24.96,21300,24.96,U
sz000021,深科技,2025-09-26 11:21:03,24.96,16600,24.96,U
sz000021,深科技,2025-09-26 11:21:09,24.93,10900,24.94,E
sz000021,深科技,2025-09-26 11:21:24,24.91,16900,24.93,D
sz000021,深科技,2025-09-26 11:21:48,24.94,8500,24.93,U
sz000021,深科技,2025-09-26 11:22:15,24.94,49800,24.93,U
sz000021,深科技,2025-09-26 11:22:27,24.94,12400,24.94,D
sz000021,深科技,2025-09-26 11:22:30,24.94,13700,24.94,D
sz000021,深科技,2025-09-26 11:23:03,24.94,15500,24.95,D
sz000021,深科技,2025-09-26 11:23:12,24.93,19400,24.93,D
sz000021,深科技,2025-09-26 11:23:21,24.93,19900,24.92,U
sz000021,深科技,2025-09-26 11:23:24,24.92,12600,24.93,D
sz000021,深科技,2025-09-26 11:23:30,24.93,18600,24.92,U
sz000021,深科技,2025-09-26 11:23:36,24.93,13600,24.93,U
sz000021,深科技,2025-09-26 11:23:39,24.93,8200,24.93,D
sz000021,深科技,2025-09-26 11:23:42,24.93,9800,24.93,D
sz000021,深科技,2025-09-26 11:23:45,24.94,13900,24.93,U
sz000021,深科技,2025-09-26 11:23:48,24.94,13200,24.94,D
sz000021,深科技,2025-09-26 11:23:57,24.93,11200,24.93,U
sz000021,深科技,2025-09-26 11:24:03,24.92,10500,24.93,D
sz000021,深科技,2025-09-26 11:24:09,24.93,20800,24.92,U
sz000021,深科技,2025-09-26 11:24:27,24.92,8700,24.92,D
sz000021,深科技,2025-09-26 11:24:30,24.91,24100,24.92,D
sz000021,深科技,2025-09-26 11:24:36,24.92,14700,24.91,U
sz000021,深科技,2025-09-26 11:24:42,24.91,22200,24.91,D
sz000021,深科技,2025-09-26 11:24:48,24.91,19000,24.91,U
sz000021,深科技,2025-09-26 11:24:51,24.91,19300,24.91,D
sz000021,深科技,2025-09-26 11:25:12,24.92,8200,24.92,D
sz000021,深科技,2025-09-26 11:25:27,24.91,15300,24.91,D
sz000021,深科技,2025-09-26 11:25:30,24.91,87300,24.91,D
sz000021,深科技,2025-09-26 11:25:39,24.91,20000,24.9,U
sz000021,深科技,2025-09-26 11:25:45,24.91,20400,24.91,U
sz000021,深科技,2025-09-26 11:26:00,24.89,32100,24.89,D
sz000021,深科技,2025-09-26 11:26:06,24.89,17800,24.9,D
sz000021,深科技,2025-09-26 11:26:09,24.89,10500,24.89,D
sz000021,深科技,2025-09-26 11:26:12,24.89,21000,24.89,D
sz000021,深科技,2025-09-26 11:26:15,24.89,20800,24.89,U
sz000021,深科技,2025-09-26 11:26:21,24.91,15300,24.89,U
sz000021,深科技,2025-09-26 11:26:27,24.9,11500,24.91,D
sz000021,深科技,2025-09-26 11:26:45,24.91,11300,24.92,D
sz000021,深科技,2025-09-26 11:26:51,24.9,8200,24.9,D
sz000021,深科技,2025-09-26 11:27:12,24.92,25300,24.91,U
sz000021,深科技,2025-09-26 11:27:18,24.92,8500,24.92,D
sz000021,深科技,2025-09-26 11:27:21,24.92,27400,24.92,D
sz000021,深科技,2025-09-26 11:27:24,24.95,23900,24.92,U
sz000021,深科技,2025-09-26 11:27:27,24.97,28300,24.95,U
sz000021,深科技,2025-09-26 11:27:33,24.98,211100,24.98,U
sz000021,深科技,2025-09-26 11:27:36,24.99,51300,24.98,U
sz000021,深科技,2025-09-26 11:27:48,24.98,15100,24.99,D
sz000021,深科技,2025-09-26 11:27:51,24.98,35700,24.98,D
sz000021,深科技,2025-09-26 11:27:54,24.98,8200,24.98,U
sz000021,深科技,2025-09-26 11:27:57,24.96,45400,24.98,D
sz000021,深科技,2025-09-26 11:28:03,24.96,34900,24.96,D
