symbol,name,ticktime,price,volume,prev_price,kind
sz000021,深科技,2025-09-17 09:25:00,21.95,534000,0.0,U
sz000021,深科技,2025-09-17 09:30:00,21.98,54400,21.95,U
sz000021,深科技,2025-09-17 09:30:03,21.95,453800,21.98,D
sz000021,深科技,2025-09-17 09:30:06,21.91,100000,21.95,D
sz000021,深科技,2025-09-17 09:30:09,21.9,22400,21.91,D
sz000021,深科技,2025-09-17 09:30:12,21.9,18300,21.9,U
sz000021,深科技,2025-09-17 09:30:15,21.91,13300,21.9,E
sz000021,深科技,2025-09-17 09:30:18,21.91,52500,21.91,D
sz000021,深科技,2025-09-17 09:30:21,21.9,36800,21.91,D
sz000021,深科技,2025-09-17 09:30:24,21.94,45000,21.9,U
sz000021,深科技,2025-09-17 09:30:27,21.94,64000,21.94,D
sz000021,深科技,2025-09-17 09:30:30,21.98,67000,21.94,U
sz000021,深科技,2025-09-17 09:30:33,21.99,52700,21.98,U
sz000021,深科技,2025-09-17 09:30:36,22.01,152572,21.99,U
sz000021,深科技,2025-09-17 09:30:39,22.04,33200,22.01,U
sz000021,深科技,2025-09-17 09:30:42,22.05,74500,22.04,U
sz000021,深科技,2025-09-17 09:30:45,22.04,62400,22.05,D
sz000021,深科技,2025-09-17 09:30:48,22.0,521800,22.04,D
sz000021,深科技,2025-09-17 09:30:51,21.97,223500,22.0,D
sz000021,深科技,2025-09-17 09:30:54,22.02,15100,21.97,U
sz000021,深科技,2025-09-17 09:30:57,22.0,13300,22.02,D
sz000021,深科技,2025-09-17 09:31:03,21.99,37900,22.0,D
sz000021,深科技,2025-09-17 09:31:06,21.97,37700,21.99,D
sz000021,深科技,2025-09-17 09:31:09,21.98,59000,21.97,U
sz000021,深科技,2025-09-17 09:31:12,21.97,13000,21.98,E
sz000021,深科技,2025-09-17 09:31:15,21.95,25200,21.97,D
sz000021,深科技,2025-09-17 09:31:18,21.96,60500,21.95,D
sz000021,深科技,2025-09-17 09:31:21,21.95,45400,21.96,D
sz000021,深科技,2025-09-17 09:31:24,21.95,48900,21.95,U
sz000021,深科技,2025-09-17 09:31:27,21.93,9800,21.95,D
sz000021,深科技,2025-09-17 09:31:30,21.93,9900,21.93,D
sz000021,深科技,2025-09-17 09:31:33,21.92,18800,21.93,D
sz000021,深科技,2025-09-17 09:31:36,21.89,71500,21.92,D
sz000021,深科技,2025-09-17 09:31:42,21.86,16400,21.88,D
sz000021,深科技,2025-09-17 09:31:48,21.85,16100,21.85,D
sz000021,深科技,2025-09-17 09:31:51,21.83,12200,21.85,D
sz000021,深科技,2025-09-17 09:32:00,21.82,22000,21.81,U
sz000021,深科技,2025-09-17 09:32:03,21.81,18200,21.82,U
sz000021,深科技,2025-09-17 09:32:06,21.81,18600,21.81,U
sz000021,深科技,2025-09-17 09:32:09,21.81,10700,21.81,D
sz000021,深科技,2025-09-17 09:32:12,21.82,29000,21.81,U
sz000021,深科技,2025-09-17 09:32:15,21.81,41500,21.82,D
sz000021,深科技,2025-09-17 09:32:18,21.81,41100,21.81,U
sz000021,深科技,2025-09-17 09:32:21,21.82,19600,21.81,U
sz000021,深科技,2025-09-17 09:32:24,21.83,10200,21.82,U
sz000021,深科技,2025-09-17 09:32:27,21.87,27800,21.83,U
sz000021,深科技,2025-09-17 09:32:33,21.85,11700,21.85,D
sz000021,深科技,2025-09-17 09:32:36,21.84,16800,21.85,D
sz000021,深科技,2025-09-17 09:32:39,21.85,34200,21.84,E
sz000021,深科技,2025-09-17 09:32:42,21.82,73500,21.85,D
sz000021,深科技,2025-09-17 09:32:45,21.82,11900,21.82,U
sz000021,深科技,2025-09-17 09:32:48,21.82,25300,21.82,U
sz000021,深科技,2025-09-17 09:32:51,21.82,120300,21.82,U
sz000021,深科技,2025-09-17 09:32:54,21.84,11400,21.82,U
sz000021,深科技,2025-09-17 09:33:00,21.82,26500,21.83,D
sz000021,深科技,2025-09-17 09:33:03,21.81,65400,21.82,D
sz000021,深科技,2025-09-17 09:33:09,21.84,11900,21.83,E
sz000021,深科技,2025-09-17 09:33:12,21.83,9900,21.84,D
sz000021,深科技,2025-09-17 09:33:15,21.85,14800,21.83,U
sz000021,深科技,2025-09-17 09:33:18,21.83,85600,21.85,D
sz000021,深科技,2025-09-17 09:33:21,21.86,25100,21.83,U
sz000021,深科技,2025-09-17 09:33:24,21.88,22400,21.86,U
sz000021,深科技,2025-09-17 09:33:33,21.87,15600,21.87,E
sz000021,深科技,2025-09-17 09:33:36,21.88,96500,21.87,U
sz000021,深科技,2025-09-17 09:33:39,21.89,13900,21.88,E
sz000021,深科技,2025-09-17 09:33:48,21.9,96700,21.89,U
sz000021,深科技,2025-09-17 09:33:51,21.93,29000,21.9,U
sz000021,深科技,2025-09-17 09:33:57,21.93,9700,21.91,U
sz000021,深科技,2025-09-17 09:34:03,21.9,10000,21.91,D
sz000021,深科技,2025-09-17 09:34:06,21.89,47900,21.9,D
sz000021,深科技,2025-09-17 09:34:09,21.9,12800,21.89,E
sz000021,深科技,2025-09-17 09:34:12,21.9,17400,21.9,D
sz000021,深科技,2025-09-17 09:34:15,21.91,29200,21.9,U
sz000021,深科技,2025-09-17 09:34:18,21.92,22700,21.91,U
sz000021,深科技,2025-09-17 09:34:21,21.91,11200,21.92,D
sz000021,深科技,2025-09-17 09:34:24,21.91,25000,21.91,D
sz000021,深科技,2025-09-17 09:34:27,21.9,17600,21.91,D
sz000021,深科技,2025-09-17 09:34:30,21.91,16800,21.9,U
sz000021,深科技,2025-09-17 09:34:33,21.91,10300,21.91,E
sz000021,深科技,2025-09-17 09:34:45,21.89,10800,21.91,D
sz000021,深科技,2025-09-17 09:34:48,21.9,10800,21.89,D
sz000021,深科技,2025-09-17 09:34:51,21.9,12600,21.9,U
sz000021,深科技,2025-09-17 09:34:54,21.88,54400,21.9,D
sz000021,深科技,2025-09-17 09:35:00,21.88,160800,21.89,D
sz000021,深科技,2025-09-17 09:35:06,21.88,13600,21.89,D
sz000021,深科技,2025-09-17 09:35:09,21.88,11700,21.88,D
sz000021,深科技,2025-09-17 09:35:12,21.89,19700,21.88,D
sz000021,深科技,2025-09-17 09:35:24,21.89,10100,21.89,D
sz000021,深科技,2025-09-17 09:35:27,21.88,30800,21.89,D
sz000021,深科技,2025-09-17 09:35:30,21.89,15700,21.88,E
sz000021,深科技,2025-09-17 09:35:36,21.9,11300,21.88,U
sz000021,深科技,2025-09-17 09:35:42,21.9,17700,21.89,E
sz000021,深科技,2025-09-17 09:35:51,21.87,13500,21.88,D
sz000021,深科技,2025-09-17 09:35:54,21.89,27000,21.87,U
sz000021,深科技,2025-09-17 09:36:03,21.93,23100,21.89,U
sz000021,深科技,2025-09-17 09:36:06,21.91,10100,21.93,D
sz000021,深科技,2025-09-17 09:36:18,21.94,18400,21.92,U
sz000021,深科技,2025-09-17 09:36:27,21.93,12200,21.95,D
sz000021,深科技,2025-09-17 09:36:30,21.94,20100,21.93,U
sz000021,深科技,2025-09-17 09:36:39,21.96,9900,21.95,U
sz000021,深科技,2025-09-17 09:36:45,21.97,12400,21.96,U
sz000021,深科技,2025-09-17 09:36:57,21.98,43200,21.98,U
sz000021,深科技,2025-09-17 09:37:00,21.97,11400,21.98,D
sz000021,深科技,2025-09-17 09:37:03,21.98,33000,21.97,D
sz000021,深科技,2025-09-17 09:37:06,21.98,17700,21.98,D
sz000021,深科技,2025-09-17 09:37:09,21.97,29900,21.98,D
sz000021,深科技,2025-09-17 09:37:12,21.97,31700,21.97,U
sz000021,深科技,2025-09-17 09:37:15,21.97,22700,21.97,D
sz000021,深科技,2025-09-17 09:37:18,21.97,32600,21.97,D
sz000021,深科技,2025-09-17 09:37:21,21.97,28400,21.97,E
sz000021,深科技,2025-09-17 09:37:33,21.95,31000,21.95,D
sz000021,深科技,2025-09-17 09:37:36,21.96,11500,21.95,U
sz000021,深科技,2025-09-17 09:37:42,21.96,21800,21.96,U
sz000021,深科技,2025-09-17 09:37:45,21.95,13300,21.96,E
sz000021,深科技,2025-09-17 09:37:51,21.94,53500,21.95,D
sz000021,深科技,2025-09-17 09:38:00,21.93,11900,21.93,U
sz000021,深科技,2025-09-17 09:38:09,21.91,17500,21.92,D
sz000021,深科技,2025-09-17 09:38:18,21.92,22800,21.91,U
sz000021,深科技,2025-09-17 09:38:21,21.93,19600,21.92,U
sz000021,深科技,2025-09-17 09:38:33,21.91,17800,21.92,D
sz000021,深科技,2025-09-17 09:38:39,21.93,47200,21.92,U
sz000021,深科技,2025-09-17 09:38:54,21.97,83600,21.93,U
sz000021,深科技,2025-09-17 09:38:57,21.97,18000,21.97,U
sz000021,深科技,2025-09-17 09:39:03,21.99,86900,21.97,U
sz000021,深科技,2025-09-17 09:39:06,21.97,9500,21.99,D
sz000021,深科技,2025-09-17 09:39:09,21.99,79700,21.97,U
sz000021,深科技,2025-09-17 09:39:12,21.99,11500,21.99,U
sz000021,深科技,2025-09-17 09:39:15,21.98,20100,21.99,E
sz000021,深科技,2025-09-17 09:39:18,21.96,26900,21.98,D
sz000021,深科技,2025-09-17 09:39:21,21.97,15400,21.96,U
sz000021,深科技,2025-09-17 09:39:24,21.95,34300,21.97,E
sz000021,深科技,2025-09-17 09:39:30,21.94,77900,21.95,D
sz000021,深科技,2025-09-17 09:39:33,21.94,13400,21.94,E
sz000021,深科技,2025-09-17 09:39:36,21.94,13400,21.94,U
sz000021,深科技,2025-09-17 09:39:42,21.94,13000,21.94,U
sz000021,深科技,2025-09-17 09:39:45,21.94,15900,21.94,D
sz000021,深科技,2025-09-17 09:39:48,21.94,15600,21.94,U
sz000021,深科技,2025-09-17 09:39:57,21.95,39600,21.94,U
sz000021,深科技,2025-09-17 09:40:00,21.94,24600,21.95,D
sz000021,深科技,2025-09-17 09:40:03,21.94,12100,21.94,U
sz000021,深科技,2025-09-17 09:40:06,21.92,27900,21.94,D
sz000021,深科技,2025-09-17 09:40:09,21.92,29000,21.92,D
sz000021,深科技,2025-09-17 09:40:15,21.95,59700,21.94,U
sz000021,深科技,2025-09-17 09:40:27,21.96,15500,21.97,E
sz000021,深科技,2025-09-17 09:40:42,21.97,14000,21.97,U
sz000021,深科技,2025-09-17 09:40:45,21.97,16600,21.97,D
sz000021,深科技,2025-09-17 09:40:48,21.98,14300,21.97,U
sz000021,深科技,2025-09-17 09:40:51,21.98,22700,21.98,U
sz000021,深科技,2025-09-17 09:40:54,21.99,66500,21.98,U
sz000021,深科技,2025-09-17 09:40:57,22.0,12600,21.99,U
sz000021,深科技,2025-09-17 09:41:03,22.02,136200,22.0,U
sz000021,深科技,2025-09-17 09:41:09,22.01,25700,22.01,D
sz000021,深科技,2025-09-17 09:41:12,22.0,62400,22.01,D
sz000021,深科技,2025-09-17 09:41:15,22.01,23100,22.0,U
sz000021,深科技,2025-09-17 09:41:18,22.02,15700,22.01,U
sz000021,深科技,2025-09-17 09:41:24,22.02,45800,22.01,U
sz000021,深科技,2025-09-17 09:41:27,22.02,18900,22.02,D
sz000021,深科技,2025-09-17 09:41:30,22.03,28000,22.02,U
sz000021,深科技,2025-09-17 09:41:33,22.02,24900,22.03,D
sz000021,深科技,2025-09-17 09:41:36,22.01,64400,22.02,D
sz000021,深科技,2025-09-17 09:41:39,22.01,11900,22.01,U
sz000021,深科技,2025-09-17 09:41:42,22.01,23700,22.01,U
sz000021,深科技,2025-09-17 09:41:45,22.0,10200,22.01,D
sz000021,深科技,2025-09-17 09:41:48,22.0,36400,22.0,D
sz000021,深科技,2025-09-17 09:41:51,21.99,29600,22.0,D
sz000021,深科技,2025-09-17 09:41:54,21.99,26300,21.99,U
sz000021,深科技,2025-09-17 09:42:00,21.97,15400,21.97,D
sz000021,深科技,2025-09-17 09:42:03,21.97,9200,21.97,U
sz000021,深科技,2025-09-17 09:42:06,21.97,32100,21.97,U
sz000021,深科技,2025-09-17 09:42:12,21.96,21000,21.97,D
sz000021,深科技,2025-09-17 09:42:15,21.97,16700,21.96,U
sz000021,深科技,2025-09-17 09:42:18,21.98,143100,21.97,U
sz000021,深科技,2025-09-17 09:42:27,21.99,36600,21.99,U
sz000021,深科技,2025-09-17 09:42:30,21.99,14400,21.99,D
sz000021,深科技,2025-09-17 09:42:33,22.0,11900,21.99,U
sz000021,深科技,2025-09-17 09:42:36,22.0,14800,22.0,U
sz000021,深科技,2025-09-17 09:42:39,22.0,11400,22.0,U
sz000021,深科技,2025-09-17 09:42:42,22.0,16500,22.0,D
sz000021,深科技,2025-09-17 09:42:48,22.0,20800,22.0,U
sz000021,深科技,2025-09-17 09:42:51,22.0,28100,22.0,U
sz000021,深科技,2025-09-17 09:42:54,22.0,25800,22.0,U
sz000021,深科技,2025-09-17 09:42:57,21.99,21200,22.0,D
sz000021,深科技,2025-09-17 09:43:00,21.99,13000,21.99,U
sz000021,深科技,2025-09-17 09:43:03,21.99,15300,21.99,D
sz000021,深科技,2025-09-17 09:43:09,21.99,19400,21.99,U
sz000021,深科技,2025-09-17 09:43:12,21.97,20400,21.99,D
sz000021,深科技,2025-09-17 09:43:15,21.98,20600,21.97,U
sz000021,深科技,2025-09-17 09:43:21,21.97,13300,21.98,D
sz000021,深科技,2025-09-17 09:43:27,21.96,26000,21.97,D
sz000021,深科技,2025-09-17 09:43:30,21.97,22900,21.96,E
sz000021,深科技,2025-09-17 09:43:39,21.96,65100,21.96,U
sz000021,深科技,2025-09-17 09:43:42,21.95,33600,21.96,D
sz000021,深科技,2025-09-17 09:43:48,21.95,32200,21.94,U
sz000021,深科技,2025-09-17 09:43:51,21.97,31900,21.95,U
sz000021,深科技,2025-09-17 09:44:00,21.97,10700,21.97,U
sz000021,深科技,2025-09-17 09:44:03,21.96,36400,21.97,D
sz000021,深科技,2025-09-17 09:44:06,21.96,13900,21.96,U
sz000021,深科技,2025-09-17 09:44:09,21.96,21000,21.96,U
sz000021,深科技,2025-09-17 09:44:15,21.96,12500,21.96,U
sz000021,深科技,2025-09-17 09:44:27,21.96,11400,21.97,D
sz000021,深科技,2025-09-17 09:44:39,21.96,11500,21.97,D
sz000021,深科技,2025-09-17 09:44:42,21.99,43300,21.96,U
sz000021,深科技,2025-09-17 09:44:45,21.99,204800,21.99,U
sz000021,深科技,2025-09-17 09:44:51,21.98,16200,21.99,D
sz000021,深科技,2025-09-17 09:44:57,21.99,12100,21.98,U
sz000021,深科技,2025-09-17 09:45:00,21.98,48000,21.99,D
sz000021,深科技,2025-09-17 09:45:03,21.99,20700,21.98,U
sz000021,深科技,2025-09-17 09:45:15,22.0,70200,21.99,U
sz000021,深科技,2025-09-17 09:45:18,21.99,12800,22.0,D
sz000021,深科技,2025-09-17 09:45:21,21.99,25600,21.99,U
sz000021,深科技,2025-09-17 09:45:27,21.99,9300,21.98,U
sz000021,深科技,2025-09-17 09:45:39,21.98,42000,21.99,D
sz000021,深科技,2025-09-17 09:45:51,21.96,45000,21.97,D
sz000021,深科技,2025-09-17 09:45:57,21.95,26500,21.96,D
sz000021,深科技,2025-09-17 09:46:09,21.92,30100,21.93,D
sz000021,深科技,2025-09-17 09:46:15,21.94,37900,21.93,U
sz000021,深科技,2025-09-17 09:46:18,21.94,35300,21.94,U
sz000021,深科技,2025-09-17 09:46:21,21.94,77200,21.94,U
sz000021,深科技,2025-09-17 09:46:24,21.95,9400,21.94,E
sz000021,深科技,2025-09-17 09:46:27,21.96,12300,21.95,E
sz000021,深科技,2025-09-17 09:46:39,21.95,13800,21.94,U
sz000021,深科技,2025-09-17 09:46:45,21.95,12000,21.95,U
sz000021,深科技,2025-09-17 09:47:15,21.94,35200,21.94,U
sz000021,深科技,2025-09-17 09:47:24,21.95,15500,21.94,U
sz000021,深科技,2025-09-17 09:47:27,21.93,49900,21.95,D
sz000021,深科技,2025-09-17 09:47:33,21.92,35500,21.93,D
sz000021,深科技,2025-09-17 09:47:36,21.92,26400,21.92,D
sz000021,深科技,2025-09-17 09:47:39,21.92,15900,21.92,D
sz000021,深科技,2025-09-17 09:47:42,21.91,9800,21.92,D
sz000021,深科技,2025-09-17 09:47:45,21.92,11200,21.91,D
sz000021,深科技,2025-09-17 09:47:51,21.91,11100,21.92,D
sz000021,深科技,2025-09-17 09:47:54,21.92,17500,21.91,U
sz000021,深科技,2025-09-17 09:47:57,21.95,100400,21.92,U
sz000021,深科技,2025-09-17 09:48:00,21.95,49300,21.95,U
sz000021,深科技,2025-09-17 09:48:09,21.97,14000,21.97,U
sz000021,深科技,2025-09-17 09:48:12,21.97,29200,21.97,U
sz000021,深科技,2025-09-17 09:48:21,21.96,24700,21.97,D
sz000021,深科技,2025-09-17 09:48:24,21.95,9200,21.96,D
sz000021,深科技,2025-09-17 09:48:27,21.96,11900,21.95,U
sz000021,深科技,2025-09-17 09:48:33,21.96,27400,21.95,U
sz000021,深科技,2025-09-17 09:48:36,21.94,43400,21.96,D
sz000021,深科技,2025-09-17 09:48:42,21.94,16800,21.94,U
sz000021,深科技,2025-09-17 09:48:45,21.95,10100,21.94,U
sz000021,深科技,2025-09-17 09:48:54,21.94,19600,21.95,D
sz000021,深科技,2025-09-17 09:49:00,21.94,16400,21.95,D
sz000021,深科技,2025-09-17 09:49:03,21.93,12100,21.94,D
sz000021,深科技,2025-09-17 09:49:12,21.95,20000,21.93,U
sz000021,深科技,2025-09-17 09:49:27,21.96,66000,21.94,U
sz000021,深科技,2025-09-17 09:49:30,21.95,12800,21.96,D
sz000021,深科技,2025-09-17 09:49:33,21.96,14100,21.95,E
sz000021,深科技,2025-09-17 09:49:36,21.96,10200,21.96,U
sz000021,深科技,2025-09-17 09:49:39,21.96,15600,21.96,U
sz000021,深科技,2025-09-17 09:49:48,21.96,17700,21.97,D
sz000021,深科技,2025-09-17 09:49:57,21.98,70500,21.96,U
sz000021,深科技,2025-09-17 09:50:00,21.99,27600,21.98,U
sz000021,深科技,2025-09-17 09:50:03,21.99,32600,21.99,U
sz000021,深科技,2025-09-17 09:50:09,22.0,36000,22.0,U
sz000021,深科技,2025-09-17 09:50:12,22.0,48300,22.0,U
sz000021,深科技,2025-09-17 09:50:15,22.0,14000,22.0,D
sz000021,深科技,2025-09-17 09:50:18,22.01,34700,22.0,U
sz000021,深科技,2025-09-17 09:50:24,22.01,40100,22.02,D
sz000021,深科技,2025-09-17 09:50:30,22.01,42800,22.01,U
sz000021,深科技,2025-09-17 09:50:36,22.01,62400,22.02,D
sz000021,深科技,2025-09-17 09:50:39,22.02,18400,22.01,U
sz000021,深科技,2025-09-17 09:50:42,22.02,45200,22.02,D
sz000021,深科技,2025-09-17 09:50:45,22.02,15500,22.02,U
sz000021,深科技,2025-09-17 09:50:48,22.02,19300,22.02,D
sz000021,深科技,2025-09-17 09:50:51,22.04,47800,22.02,U
sz000021,深科技,2025-09-17 09:50:57,22.04,45100,22.03,U
sz000021,深科技,2025-09-17 09:51:00,22.05,19600,22.04,U
sz000021,深科技,2025-09-17 09:51:03,22.04,30600,22.05,U
sz000021,深科技,2025-09-17 09:51:06,22.03,41900,22.04,D
sz000021,深科技,2025-09-17 09:51:09,22.03,423700,22.03,D
sz000021,深科技,2025-09-17 09:51:12,22.04,10600,22.03,D
sz000021,深科技,2025-09-17 09:51:15,22.04,17100,22.04,D
sz000021,深科技,2025-09-17 09:51:18,22.04,19700,22.04,D
sz000021,深科技,2025-09-17 09:51:21,22.04,33200,22.04,D
sz000021,深科技,2025-09-17 09:51:24,22.04,75300,22.04,D
sz000021,深科技,2025-09-17 09:51:27,22.03,26000,22.04,D
sz000021,深科技,2025-09-17 09:51:30,22.02,31600,22.03,D
sz000021,深科技,2025-09-17 09:51:33,22.02,18900,22.02,D
sz000021,深科技,2025-09-17 09:51:36,22.02,29300,22.02,U
sz000021,深科技,2025-09-17 09:51:39,22.0,12800,22.02,D
sz000021,深科技,2025-09-17 09:51:42,22.01,9800,22.0,E
sz000021,深科技,2025-09-17 09:51:45,22.0,29700,22.01,D
sz000021,深科技,2025-09-17 09:51:54,22.02,14900,22.01,U
sz000021,深科技,2025-09-17 09:51:57,22.01,13800,22.02,D
sz000021,深科技,2025-09-17 09:52:00,22.01,16400,22.01,D
sz000021,深科技,2025-09-17 09:52:03,22.02,106000,22.01,U
sz000021,深科技,2025-09-17 09:52:12,22.07,960700,22.02,U
sz000021,深科技,2025-09-17 09:52:18,22.08,23700,22.07,U
sz000021,深科技,2025-09-17 09:52:24,22.09,43200,22.08,U
sz000021,深科技,2025-09-17 09:52:27,22.09,13300,22.09,U
sz000021,深科技,2025-09-17 09:52:30,22.09,51400,22.09,U
sz000021,深科技,2025-09-17 09:52:33,22.09,70600,22.09,U
sz000021,深科技,2025-09-17 09:52:36,22.09,22400,22.09,U
sz000021,深科技,2025-09-17 09:52:39,22.09,22100,22.09,D
sz000021,深科技,2025-09-17 09:52:42,22.09,40100,22.09,U
sz000021,深科技,2025-09-17 09:52:45,22.1,34600,22.09,U
sz000021,深科技,2025-09-17 09:52:48,22.09,50100,22.1,E
sz000021,深科技,2025-09-17 09:52:51,22.07,59600,22.09,D
sz000021,深科技,2025-09-17 09:52:54,22.07,67700,22.07,D
sz000021,深科技,2025-09-17 09:52:57,22.07,35700,22.07,E
sz000021,深科技,2025-09-17 09:53:00,22.07,47300,22.07,U
sz000021,深科技,2025-09-17 09:53:06,22.05,13700,22.06,E
sz000021,深科技,2025-09-17 09:53:09,22.06,17700,22.05,U
sz000021,深科技,2025-09-17 09:53:15,22.07,14000,22.06,U
sz000021,深科技,2025-09-17 09:53:18,22.06,14800,22.07,E
sz000021,深科技,2025-09-17 09:53:21,22.07,15500,22.06,U
sz000021,深科技,2025-09-17 09:53:24,22.07,41400,22.07,U
sz000021,深科技,2025-09-17 09:53:27,22.07,25600,22.07,U
sz000021,深科技,2025-09-17 09:53:30,22.07,30200,22.07,D
sz000021,深科技,2025-09-17 09:53:33,22.07,14500,22.07,D
sz000021,深科技,2025-09-17 09:53:36,22.05,70500,22.07,D
sz000021,深科技,2025-09-17 09:53:39,22.03,16300,22.05,D
sz000021,深科技,2025-09-17 09:53:48,22.05,12900,22.05,U
sz000021,深科技,2025-09-17 09:53:51,22.04,85600,22.05,D
sz000021,深科技,2025-09-17 09:53:54,22.04,67000,22.04,E
sz000021,深科技,2025-09-17 09:53:57,22.04,18700,22.04,U
sz000021,深科技,2025-09-17 09:54:09,22.02,69900,22.04,D
sz000021,深科技,2025-09-17 09:54:12,22.02,18200,22.02,U
sz000021,深科技,2025-09-17 09:54:15,22.02,32900,22.02,U
sz000021,深科技,2025-09-17 09:54:18,22.02,24800,22.02,U
sz000021,深科技,2025-09-17 09:54:27,22.02,30500,22.01,U
sz000021,深科技,2025-09-17 09:54:36,22.02,17000,22.02,D
sz000021,深科技,2025-09-17 09:54:39,22.02,14900,22.02,D
sz000021,深科技,2025-09-17 09:54:45,22.02,45600,22.03,D
sz000021,深科技,2025-09-17 09:54:48,22.03,11100,22.02,U
sz000021,深科技,2025-09-17 09:54:51,22.01,48200,22.03,D
sz000021,深科技,2025-09-17 09:55:03,22.01,24800,22.02,D
sz000021,深科技,2025-09-17 09:55:12,22.01,10300,22.01,U
sz000021,深科技,2025-09-17 09:55:15,22.0,19500,22.01,D
sz000021,深科技,2025-09-17 09:55:18,22.0,129100,22.0,D
sz000021,深科技,2025-09-17 09:55:24,21.99,36800,22.01,D
sz000021,深科技,2025-09-17 09:55:33,22.01,10600,22.0,U
sz000021,深科技,2025-09-17 09:55:36,22.01,11900,22.01,D
sz000021,深科技,2025-09-17 09:55:42,22.01,21500,22.02,D
sz000021,深科技,2025-09-17 09:55:45,22.01,12700,22.01,U
sz000021,深科技,2025-09-17 09:55:51,22.0,15500,22.01,D
sz000021,深科技,2025-09-17 09:56:00,22.0,24900,22.0,U
sz000021,深科技,2025-09-17 09:56:03,21.99,15200,22.0,D
sz000021,深科技,2025-09-17 09:56:06,21.99,35900,21.99,U
sz000021,深科技,2025-09-17 09:56:12,22.01,48300,21.99,U
sz000021,深科技,2025-09-17 09:56:21,22.0,14500,21.99,U
sz000021,深科技,2025-09-17 09:56:24,21.97,43500,22.0,D
sz000021,深科技,2025-09-17 09:56:30,21.97,9200,21.99,D
sz000021,深科技,2025-09-17 09:56:39,21.96,40500,21.96,D
sz000021,深科技,2025-09-17 09:56:45,21.97,12200,21.97,U
sz000021,深科技,2025-09-17 09:56:51,21.95,14400,21.96,D
sz000021,深科技,2025-09-17 09:56:54,21.96,33400,21.95,U
sz000021,深科技,2025-09-17 09:56:57,21.95,158100,21.96,D
sz000021,深科技,2025-09-17 09:57:00,21.95,14500,21.95,D
sz000021,深科技,2025-09-17 09:57:06,21.95,12100,21.95,U
sz000021,深科技,2025-09-17 09:57:12,21.94,30300,21.95,D
sz000021,深科技,2025-09-17 09:57:15,21.93,73800,21.94,D
sz000021,深科技,2025-09-17 09:57:21,21.93,23900,21.93,U
sz000021,深科技,2025-09-17 09:57:24,21.91,9600,21.93,D
sz000021,深科技,2025-09-17 09:57:27,21.91,16200,21.91,D
sz000021,深科技,2025-09-17 09:57:33,21.91,57270,21.91,D
sz000021,深科技,2025-09-17 09:57:36,21.91,43096,21.91,D
sz000021,深科技,2025-09-17 09:57:39,21.91,213504,21.91,U
sz000021,深科技,2025-09-17 09:57:45,21.92,102500,21.92,U
sz000021,深科技,2025-09-17 09:57:48,21.92,9400,21.92,U
sz000021,深科技,2025-09-17 09:58:00,21.93,15700,21.91,U
sz000021,深科技,2025-09-17 09:58:09,21.94,12700,21.93,U
sz000021,深科技,2025-09-17 09:58:21,21.94,99100,21.94,D
sz000021,深科技,2025-09-17 09:58:33,21.95,97100,21.94,E
sz000021,深科技,2025-09-17 09:58:36,21.95,12700,21.95,U
sz000021,深科技,2025-09-17 09:58:39,21.94,15200,21.95,D
sz000021,深科技,2025-09-17 09:58:42,21.94,58800,21.94,D
sz000021,深科技,2025-09-17 09:58:45,21.94,62900,21.94,U
sz000021,深科技,2025-09-17 09:58:48,21.93,28900,21.94,E
sz000021,深科技,2025-09-17 09:59:00,21.91,38100,21.91,D
sz000021,深科技,2025-09-17 09:59:18,21.93,217100,21.93,D
sz000021,深科技,2025-09-17 09:59:27,21.94,12100,21.94,U
sz000021,深科技,2025-09-17 09:59:30,21.93,14300,21.94,E
sz000021,深科技,2025-09-17 09:59:39,21.93,14700,21.94,D
sz000021,深科技,2025-09-17 09:59:42,21.92,15800,21.93,D
sz000021,深科技,2025-09-17 09:59:54,21.91,12200,21.91,D
sz000021,深科技,2025-09-17 09:59:57,21.9,59400,21.91,D
sz000021,深科技,2025-09-17 10:00:03,21.88,169400,21.9,D
sz000021,深科技,2025-09-17 10:00:06,21.89,9800,21.88,U
sz000021,深科技,2025-09-17 10:00:12,21.89,62000,21.88,U
sz000021,深科技,2025-09-17 10:00:18,21.88,38600,21.88,D
sz000021,深科技,2025-09-17 10:00:24,21.89,21700,21.89,U
sz000021,深科技,2025-09-17 10:00:30,21.88,12100,21.9,D
sz000021,深科技,2025-09-17 10:00:33,21.9,100700,21.88,U
sz000021,深科技,2025-09-17 10:00:36,21.91,15400,21.9,U
sz000021,深科技,2025-09-17 10:00:39,21.9,106100,21.91,D
sz000021,深科技,2025-09-17 10:00:42,21.91,31500,21.9,U
sz000021,深科技,2025-09-17 10:00:48,21.89,9200,21.9,D
sz000021,深科技,2025-09-17 10:01:00,21.93,44100,21.9,U
sz000021,深科技,2025-09-17 10:01:03,21.92,40800,21.93,D
sz000021,深科技,2025-09-17 10:01:06,21.94,24600,21.92,U
sz000021,深科技,2025-09-17 10:01:09,21.95,22600,21.94,U
sz000021,深科技,2025-09-17 10:01:24,21.95,19500,21.95,U
sz000021,深科技,2025-09-17 10:01:27,21.95,14900,21.95,U
sz000021,深科技,2025-09-17 10:01:30,21.96,20600,21.95,U
sz000021,深科技,2025-09-17 10:01:36,21.97,11900,21.96,U
sz000021,深科技,2025-09-17 10:01:39,21.96,35300,21.97,D
sz000021,深科技,2025-09-17 10:01:48,21.97,11200,21.97,D
sz000021,深科技,2025-09-17 10:01:51,21.98,76300,21.97,U
sz000021,深科技,2025-09-17 10:01:54,21.98,18500,21.98,D
sz000021,深科技,2025-09-17 10:01:57,21.98,10700,21.98,D
sz000021,深科技,2025-09-17 10:02:00,21.98,21300,21.98,U
sz000021,深科技,2025-09-17 10:02:03,21.95,190600,21.98,D
sz000021,深科技,2025-09-17 10:02:09,21.94,18300,21.95,D
sz000021,深科技,2025-09-17 10:02:12,21.94,24300,21.94,D
sz000021,深科技,2025-09-17 10:02:21,21.95,13900,21.94,U
sz000021,深科技,2025-09-17 10:03:06,21.91,201600,21.92,D
sz000021,深科技,2025-09-17 10:03:12,21.92,20100,21.92,D
sz000021,深科技,2025-09-17 10:03:18,21.92,11000,21.92,U
sz000021,深科技,2025-09-17 10:03:21,21.92,33300,21.92,U
sz000021,深科技,2025-09-17 10:03:24,21.91,21700,21.92,D
sz000021,深科技,2025-09-17 10:03:36,21.91,11900,21.91,U
sz000021,深科技,2025-09-17 10:04:06,21.92,22700,21.91,U
sz000021,深科技,2025-09-17 10:04:09,21.9,10400,21.92,D
sz000021,深科技,2025-09-17 10:04:18,21.9,15500,21.9,D
sz000021,深科技,2025-09-17 10:04:21,21.9,61900,21.9,D
sz000021,深科技,2025-09-17 10:04:24,21.91,12400,21.9,U
sz000021,深科技,2025-09-17 10:04:48,21.91,28400,21.91,D
sz000021,深科技,2025-09-17 10:04:54,21.91,57900,21.92,D
sz000021,深科技,2025-09-17 10:05:03,21.91,32100,21.91,U
sz000021,深科技,2025-09-17 10:05:33,21.9,9800,21.9,U
sz000021,深科技,2025-09-17 10:05:36,21.9,13600,21.9,D
sz000021,深科技,2025-09-17 10:05:48,21.89,23700,21.9,D
sz000021,深科技,2025-09-17 10:05:54,21.88,14500,21.89,D
sz000021,深科技,2025-09-17 10:05:57,21.89,9300,21.88,U
sz000021,深科技,2025-09-17 10:06:00,21.88,20700,21.89,D
sz000021,深科技,2025-09-17 10:06:03,21.88,21300,21.88,D
sz000021,深科技,2025-09-17 10:06:06,21.88,14700,21.88,D
sz000021,深科技,2025-09-17 10:06:15,21.88,16800,21.88,U
sz000021,深科技,2025-09-17 10:06:21,21.87,12300,21.88,D
sz000021,深科技,2025-09-17 10:06:24,21.88,10100,21.87,U
sz000021,深科技,2025-09-17 10:06:27,21.87,14300,21.88,D
sz000021,深科技,2025-09-17 10:06:36,21.87,33400,21.87,D
sz000021,深科技,2025-09-17 10:06:39,21.88,12500,21.87,U
sz000021,深科技,2025-09-17 10:06:42,21.87,9900,21.88,D
sz000021,深科技,2025-09-17 10:06:48,21.87,17400,21.87,D
sz000021,深科技,2025-09-17 10:06:54,21.86,31400,21.87,D
sz000021,深科技,2025-09-17 10:06:57,21.86,46100,21.86,D
sz000021,深科技,2025-09-17 10:07:06,21.86,21900,21.86,U
sz000021,深科技,2025-09-17 10:07:09,21.84,215400,21.86,D
sz000021,深科技,2025-09-17 10:07:18,21.83,10300,21.84,D
sz000021,深科技,2025-09-17 10:07:21,21.84,22700,21.83,U
sz000021,深科技,2025-09-17 10:07:24,21.83,25600,21.84,D
sz000021,深科技,2025-09-17 10:07:27,21.83,127700,21.83,D
sz000021,深科技,2025-09-17 10:07:30,21.83,27200,21.83,U
sz000021,深科技,2025-09-17 10:07:33,21.82,20700,21.83,D
sz000021,深科技,2025-09-17 10:07:36,21.83,71600,21.82,U
sz000021,深科技,2025-09-17 10:07:39,21.83,27100,21.83,U
sz000021,深科技,2025-09-17 10:07:42,21.83,92600,21.83,U
sz000021,深科技,2025-09-17 10:07:45,21.83,22900,21.83,D
sz000021,深科技,2025-09-17 10:07:48,21.83,9500,21.83,D
sz000021,深科技,2025-09-17 10:07:51,21.82,20000,21.83,D
sz000021,深科技,2025-09-17 10:07:54,21.83,21300,21.82,D
sz000021,深科技,2025-09-17 10:07:57,21.83,32100,21.83,U
sz000021,深科技,2025-09-17 10:08:03,21.85,131700,21.82,U
sz000021,深科技,2025-09-17 10:08:06,21.85,16100,21.85,U
sz000021,深科技,2025-09-17 10:08:09,21.85,16000,21.85,U
sz000021,深科技,2025-09-17 10:08:15,21.85,13700,21.84,U
sz000021,深科技,2025-09-17 10:08:18,21.85,9300,21.85,U
sz000021,深科技,2025-09-17 10:08:21,21.84,9800,21.85,D
sz000021,深科技,2025-09-17 10:08:24,21.85,31200,21.84,U
sz000021,深科技,2025-09-17 10:08:33,21.85,49300,21.84,E
sz000021,深科技,2025-09-17 10:08:39,21.85,15500,21.85,U
sz000021,深科技,2025-09-17 10:08:48,21.85,23300,21.85,D
sz000021,深科技,2025-09-17 10:08:51,21.85,11400,21.85,D
sz000021,深科技,2025-09-17 10:08:54,21.85,11500,21.85,D
sz000021,深科技,2025-09-17 10:08:57,21.85,11400,21.85,D
sz000021,深科技,2025-09-17 10:09:09,21.85,40500,21.86,D
sz000021,深科技,2025-09-17 10:09:12,21.83,54700,21.85,D
sz000021,深科技,2025-09-17 10:09:15,21.83,10500,21.83,D
sz000021,深科技,2025-09-17 10:09:21,21.83,31400,21.84,D
sz000021,深科技,2025-09-17 10:09:24,21.83,31100,21.83,D
sz000021,深科技,2025-09-17 10:09:30,21.83,54800,21.83,U
sz000021,深科技,2025-09-17 10:09:36,21.83,18300,21.82,U
sz000021,深科技,2025-09-17 10:09:39,21.83,9300,21.83,D
sz000021,深科技,2025-09-17 10:09:45,21.81,59000,21.82,D
sz000021,深科技,2025-09-17 10:09:57,21.82,52400,21.82,U
sz000021,深科技,2025-09-17 10:10:00,21.81,32200,21.82,D
sz000021,深科技,2025-09-17 10:10:03,21.82,60000,21.81,U
sz000021,深科技,2025-09-17 10:10:06,21.82,22100,21.82,U
sz000021,深科技,2025-09-17 10:10:18,21.81,10500,21.82,D
sz000021,深科技,2025-09-17 10:10:21,21.81,16200,21.81,D
sz000021,深科技,2025-09-17 10:10:27,21.81,24300,21.81,D
sz000021,深科技,2025-09-17 10:10:30,21.81,81000,21.81,D
sz000021,深科技,2025-09-17 10:10:33,21.8,14700,21.81,D
sz000021,深科技,2025-09-17 10:10:36,21.81,46100,21.8,U
sz000021,深科技,2025-09-17 10:10:39,21.8,13200,21.81,D
sz000021,深科技,2025-09-17 10:10:42,21.8,18600,21.8,D
sz000021,深科技,2025-09-17 10:10:45,21.8,11300,21.8,D
sz000021,深科技,2025-09-17 10:10:48,21.8,197100,21.8,D
sz000021,深科技,2025-09-17 10:10:57,21.79,16100,21.79,U
sz000021,深科技,2025-09-17 10:11:03,21.78,38800,21.78,D
sz000021,深科技,2025-09-17 10:11:06,21.78,27200,21.78,U
sz000021,深科技,2025-09-17 10:11:09,21.78,9200,21.78,D
sz000021,深科技,2025-09-17 10:11:15,21.77,9900,21.78,D
sz000021,深科技,2025-09-17 10:11:18,21.78,14200,21.77,E
sz000021,深科技,2025-09-17 10:11:24,21.78,22800,21.78,U
sz000021,深科技,2025-09-17 10:11:27,21.78,23100,21.78,U
sz000021,深科技,2025-09-17 10:11:36,21.8,30000,21.8,U
sz000021,深科技,2025-09-17 10:11:42,21.81,10600,21.8,U
sz000021,深科技,2025-09-17 10:11:45,21.8,13900,21.81,D
sz000021,深科技,2025-09-17 10:11:51,21.81,12700,21.81,U
sz000021,深科技,2025-09-17 10:11:57,21.81,15700,21.81,D
sz000021,深科技,2025-09-17 10:12:00,21.81,13400,21.81,D
sz000021,深科技,2025-09-17 10:12:06,21.81,10600,21.82,D
sz000021,深科技,2025-09-17 10:12:12,21.82,29600,21.82,D
sz000021,深科技,2025-09-17 10:12:18,21.82,35000,21.82,D
sz000021,深科技,2025-09-17 10:12:36,21.81,37600,21.82,D
sz000021,深科技,2025-09-17 10:12:45,21.8,64200,21.81,D
sz000021,深科技,2025-09-17 10:12:48,21.8,16800,21.8,U
sz000021,深科技,2025-09-17 10:12:51,21.79,9900,21.8,D
sz000021,深科技,2025-09-17 10:12:54,21.79,10200,21.79,D
sz000021,深科技,2025-09-17 10:12:57,21.79,10100,21.79,D
sz000021,深科技,2025-09-17 10:13:00,21.79,12500,21.79,D
sz000021,深科技,2025-09-17 10:13:12,21.78,11500,21.78,D
sz000021,深科技,2025-09-17 10:13:15,21.79,18200,21.78,U
sz000021,深科技,2025-09-17 10:13:21,21.79,60266,21.79,U
sz000021,深科技,2025-09-17 10:13:24,21.8,32000,21.79,U
sz000021,深科技,2025-09-17 10:13:30,21.79,22100,21.79,D
sz000021,深科技,2025-09-17 10:13:36,21.78,17500,21.79,D
sz000021,深科技,2025-09-17 10:13:39,21.78,17100,21.78,D
sz000021,深科技,2025-09-17 10:13:48,21.79,9800,21.78,U
sz000021,深科技,2025-09-17 10:13:57,21.79,12526,21.79,U
sz000021,深科技,2025-09-17 10:14:09,21.81,107700,21.8,U
sz000021,深科技,2025-09-17 10:14:15,21.81,29800,21.8,U
sz000021,深科技,2025-09-17 10:14:24,21.82,19600,21.81,U
sz000021,深科技,2025-09-17 10:14:30,21.81,13500,21.81,D
sz000021,深科技,2025-09-17 10:14:45,21.81,38250,21.82,D
sz000021,深科技,2025-09-17 10:14:51,21.82,10350,21.82,U
sz000021,深科技,2025-09-17 10:14:54,21.82,10200,21.82,D
sz000021,深科技,2025-09-17 10:15:03,21.83,48500,21.83,U
sz000021,深科技,2025-09-17 10:15:12,21.82,12300,21.83,D
sz000021,深科技,2025-09-17 10:15:15,21.82,20900,21.82,U
sz000021,深科技,2025-09-17 10:15:18,21.81,11150,21.82,D
sz000021,深科技,2025-09-17 10:15:21,21.8,31700,21.81,D
sz000021,深科技,2025-09-17 10:15:24,21.81,10600,21.8,U
sz000021,深科技,2025-09-17 10:15:27,21.8,26300,21.81,D
sz000021,深科技,2025-09-17 10:15:30,21.8,20800,21.8,U
sz000021,深科技,2025-09-17 10:15:36,21.8,20800,21.81,D
sz000021,深科技,2025-09-17 10:15:45,21.79,71700,21.8,D
sz000021,深科技,2025-09-17 10:15:48,21.79,11600,21.79,D
sz000021,深科技,2025-09-17 10:16:09,21.79,13700,21.8,D
sz000021,深科技,2025-09-17 10:16:12,21.8,19700,21.79,U
sz000021,深科技,2025-09-17 10:16:15,21.79,13800,21.8,D
sz000021,深科技,2025-09-17 10:16:27,21.78,13400,21.78,D
sz000021,深科技,2025-09-17 10:16:30,21.78,17400,21.78,D
sz000021,深科技,2025-09-17 10:16:42,21.79,27400,21.79,D
sz000021,深科技,2025-09-17 10:16:48,21.79,61900,21.79,U
sz000021,深科技,2025-09-17 10:16:51,21.79,87334,21.79,U
sz000021,深科技,2025-09-17 10:16:54,21.79,51766,21.79,U
sz000021,深科技,2025-09-17 10:16:57,21.79,12934,21.79,E
sz000021,深科技,2025-09-17 10:17:21,21.8,16366,21.79,U
sz000021,深科技,2025-09-17 10:17:30,21.79,9500,21.8,D
sz000021,深科技,2025-09-17 10:17:36,21.8,9400,21.8,U
sz000021,深科技,2025-09-17 10:17:48,21.8,23500,21.8,U
sz000021,深科技,2025-09-17 10:17:57,21.8,53600,21.8,U
sz000021,深科技,2025-09-17 10:18:03,21.79,24266,21.79,U
sz000021,深科技,2025-09-17 10:18:06,21.78,105300,21.79,D
sz000021,深科技,2025-09-17 10:18:09,21.77,222534,21.78,D
sz000021,深科技,2025-09-17 10:18:15,21.76,20668,21.77,D
sz000021,深科技,2025-09-17 10:18:18,21.76,54832,21.76,D
sz000021,深科技,2025-09-17 10:18:21,21.75,28000,21.76,D
sz000021,深科技,2025-09-17 10:18:27,21.75,11500,21.75,D
sz000021,深科技,2025-09-17 10:18:30,21.77,66900,21.75,U
sz000021,深科技,2025-09-17 10:18:45,21.76,24000,21.76,D
sz000021,深科技,2025-09-17 10:19:06,21.75,9300,21.76,D
sz000021,深科技,2025-09-17 10:19:09,21.76,19300,21.75,U
sz000021,深科技,2025-09-17 10:19:12,21.77,14000,21.76,U
sz000021,深科技,2025-09-17 10:19:18,21.77,12900,21.76,U
sz000021,深科技,2025-09-17 10:19:21,21.77,15500,21.77,U
sz000021,深科技,2025-09-17 10:19:24,21.76,10100,21.77,D
sz000021,深科技,2025-09-17 10:19:30,21.78,9600,21.77,U
sz000021,深科技,2025-09-17 10:19:33,21.77,22000,21.78,D
sz000021,深科技,2025-09-17 10:19:42,21.78,14900,21.78,U
sz000021,深科技,2025-09-17 10:19:48,21.77,22900,21.79,D
sz000021,深科技,2025-09-17 10:20:12,21.77,15400,21.77,D
sz000021,深科技,2025-09-17 10:20:18,21.77,24700,21.77,D
sz000021,深科技,2025-09-17 10:20:21,21.77,19300,21.77,D
sz000021,深科技,2025-09-17 10:20:24,21.76,20400,21.77,D
sz000021,深科技,2025-09-17 10:20:30,21.76,56600,21.77,D
sz000021,深科技,2025-09-17 10:20:42,21.75,110900,21.75,D
sz000021,深科技,2025-09-17 10:20:45,21.75,25600,21.75,D
sz000021,深科技,2025-09-17 10:20:51,21.74,13600,21.75,D
sz000021,深科技,2025-09-17 10:20:54,21.75,12300,21.74,U
sz000021,深科技,2025-09-17 10:21:12,21.75,12800,21.74,U
sz000021,深科技,2025-09-17 10:21:18,21.74,18500,21.74,D
sz000021,深科技,2025-09-17 10:21:21,21.73,68700,21.74,D
sz000021,深科技,2025-09-17 10:21:24,21.74,48800,21.73,U
sz000021,深科技,2025-09-17 10:21:30,21.74,215400,21.73,U
sz000021,深科技,2025-09-17 10:21:36,21.74,9600,21.74,D
sz000021,深科技,2025-09-17 10:21:42,21.74,9400,21.74,D
sz000021,深科技,2025-09-17 10:21:54,21.74,38700,21.74,D
sz000021,深科技,2025-09-17 10:21:57,21.74,28500,21.74,D
sz000021,深科技,2025-09-17 10:22:00,21.74,9500,21.74,D
sz000021,深科技,2025-09-17 10:22:03,21.73,37400,21.74,D
sz000021,深科技,2025-09-17 10:22:06,21.73,10300,21.73,D
sz000021,深科技,2025-09-17 10:22:09,21.73,9600,21.73,D
sz000021,深科技,2025-09-17 10:22:15,21.73,23100,21.73,D
sz000021,深科技,2025-09-17 10:22:21,21.72,9700,21.73,D
sz000021,深科技,2025-09-17 10:22:27,21.72,16200,21.73,D
sz000021,深科技,2025-09-17 10:22:30,21.73,20600,21.72,U
sz000021,深科技,2025-09-17 10:22:39,21.72,38500,21.72,D
sz000021,深科技,2025-09-17 10:22:51,21.71,9900,21.71,D
sz000021,深科技,2025-09-17 10:22:54,21.72,18400,21.71,U
sz000021,深科技,2025-09-17 10:22:57,21.7,98700,21.72,D
sz000021,深科技,2025-09-17 10:23:00,21.7,12300,21.7,D
sz000021,深科技,2025-09-17 10:23:06,21.7,18900,21.7,D
sz000021,深科技,2025-09-17 10:23:09,21.71,21800,21.7,U
sz000021,深科技,2025-09-17 10:23:12,21.7,11700,21.71,D
sz000021,深科技,2025-09-17 10:23:15,21.7,56300,21.7,D
sz000021,深科技,2025-09-17 10:23:18,21.7,16300,21.7,D
sz000021,深科技,2025-09-17 10:23:21,21.71,89200,21.7,U
sz000021,深科技,2025-09-17 10:23:24,21.7,20200,21.71,D
sz000021,深科技,2025-09-17 10:23:33,21.7,26400,21.7,U
sz000021,深科技,2025-09-17 10:23:51,21.7,37400,21.71,D
sz000021,深科技,2025-09-17 10:24:12,21.7,19000,21.7,D
sz000021,深科技,2025-09-17 10:24:15,21.72,115000,21.7,U
sz000021,深科技,2025-09-17 10:24:33,21.73,9600,21.73,U
sz000021,深科技,2025-09-17 10:24:45,21.73,18100,21.73,D
sz000021,深科技,2025-09-17 10:24:48,21.72,16100,21.73,D
sz000021,深科技,2025-09-17 10:24:51,21.72,22700,21.72,D
sz000021,深科技,2025-09-17 10:24:57,21.7,41700,21.72,D
sz000021,深科技,2025-09-17 10:25:03,21.7,23600,21.71,D
sz000021,深科技,2025-09-17 10:25:06,21.7,43500,21.7,D
sz000021,深科技,2025-09-17 10:25:09,21.7,16100,21.7,U
sz000021,深科技,2025-09-17 10:25:15,21.68,180800,21.71,D
sz000021,深科技,2025-09-17 10:25:18,21.68,93500,21.68,D
sz000021,深科技,2025-09-17 10:25:24,21.67,24500,21.68,D
sz000021,深科技,2025-09-17 10:25:27,21.66,237400,21.67,D
sz000021,深科技,2025-09-17 10:25:30,21.66,137900,21.66,D
sz000021,深科技,2025-09-17 10:25:36,21.65,49100,21.65,D
sz000021,深科技,2025-09-17 10:25:39,21.66,46100,21.65,U
sz000021,深科技,2025-09-17 10:25:42,21.65,13400,21.66,D
sz000021,深科技,2025-09-17 10:25:45,21.65,14200,21.65,D
sz000021,深科技,2025-09-17 10:25:48,21.65,11700,21.65,U
sz000021,深科技,2025-09-17 10:25:51,21.65,36300,21.65,U
sz000021,深科技,2025-09-17 10:25:54,21.64,32500,21.65,D
sz000021,深科技,2025-09-17 10:25:57,21.64,45600,21.64,D
sz000021,深科技,2025-09-17 10:26:00,21.64,39500,21.64,D
sz000021,深科技,2025-09-17 10:26:03,21.63,66300,21.64,D
sz000021,深科技,2025-09-17 10:26:06,21.62,17700,21.63,D
sz000021,深科技,2025-09-17 10:26:09,21.62,27100,21.62,D
sz000021,深科技,2025-09-17 10:26:12,21.62,12700,21.62,U
sz000021,深科技,2025-09-17 10:26:15,21.62,10800,21.62,U
sz000021,深科技,2025-09-17 10:26:18,21.61,25700,21.62,D
sz000021,深科技,2025-09-17 10:26:21,21.62,39100,21.61,U
sz000021,深科技,2025-09-17 10:26:24,21.62,14800,21.62,U
sz000021,深科技,2025-09-17 10:26:27,21.63,21300,21.62,U
sz000021,深科技,2025-09-17 10:26:30,21.62,27500,21.63,E
sz000021,深科技,2025-09-17 10:26:33,21.62,9800,21.62,U
sz000021,深科技,2025-09-17 10:26:36,21.62,33600,21.62,U
sz000021,深科技,2025-09-17 10:26:39,21.62,9800,21.62,D
sz000021,深科技,2025-09-17 10:26:45,21.63,15200,21.63,U
sz000021,深科技,2025-09-17 10:26:54,21.63,9400,21.63,U
sz000021,深科技,2025-09-17 10:26:57,21.63,19000,21.63,U
sz000021,深科技,2025-09-17 10:27:00,21.62,19800,21.63,D
sz000021,深科技,2025-09-17 10:27:09,21.62,12700,21.62,D
sz000021,深科技,2025-09-17 10:27:12,21.62,12200,21.62,D
sz000021,深科技,2025-09-17 10:27:21,21.63,12100,21.63,U
sz000021,深科技,2025-09-17 10:27:24,21.63,11500,21.63,U
sz000021,深科技,2025-09-17 10:27:30,21.63,29000,21.63,U
sz000021,深科技,2025-09-17 10:27:33,21.63,9500,21.63,U
sz000021,深科技,2025-09-17 10:27:36,21.62,20900,21.63,D
sz000021,深科技,2025-09-17 10:27:39,21.63,16400,21.62,E
sz000021,深科技,2025-09-17 10:27:45,21.63,45600,21.62,U
sz000021,深科技,2025-09-17 10:27:48,21.63,22700,21.63,U
sz000021,深科技,2025-09-17 10:27:54,21.63,10200,21.63,U
sz000021,深科技,2025-09-17 10:28:03,21.63,10500,21.62,U
sz000021,深科技,2025-09-17 10:28:06,21.62,21700,21.63,D
sz000021,深科技,2025-09-17 10:28:15,21.63,9800,21.62,U
sz000021,深科技,2025-09-17 10:28:24,21.62,20000,21.63,D
sz000021,深科技,2025-09-17 10:28:30,21.64,18900,21.63,U
sz000021,深科技,2025-09-17 10:28:36,21.63,13900,21.63,U
sz000021,深科技,2025-09-17 10:28:39,21.63,13400,21.63,U
sz000021,深科技,2025-09-17 10:28:48,21.64,25000,21.63,U
sz000021,深科技,2025-09-17 10:28:51,21.62,17400,21.64,D
sz000021,深科技,2025-09-17 10:29:06,21.63,146600,21.63,U
sz000021,深科技,2025-09-17 10:29:09,21.62,62600,21.63,D
sz000021,深科技,2025-09-17 10:29:12,21.62,14000,21.62,D
sz000021,深科技,2025-09-17 10:29:15,21.61,39200,21.62,D
sz000021,深科技,2025-09-17 10:29:18,21.61,56600,21.61,D
sz000021,深科技,2025-09-17 10:29:21,21.61,133900,21.61,D
sz000021,深科技,2025-09-17 10:29:24,21.61,12900,21.61,U
sz000021,深科技,2025-09-17 10:29:27,21.61,15400,21.61,U
sz000021,深科技,2025-09-17 10:29:30,21.61,16300,21.61,U
sz000021,深科技,2025-09-17 10:29:33,21.61,15900,21.61,U
sz000021,深科技,2025-09-17 10:29:36,21.61,18600,21.61,U
sz000021,深科技,2025-09-17 10:29:39,21.6,22000,21.61,D
sz000021,深科技,2025-09-17 10:29:42,21.6,19400,21.6,D
sz000021,深科技,2025-09-17 10:29:45,21.61,21000,21.6,U
sz000021,深科技,2025-09-17 10:29:48,21.61,12800,21.61,U
sz000021,深科技,2025-09-17 10:29:54,21.61,21000,21.61,D
sz000021,深科技,2025-09-17 10:29:57,21.6,10100,21.61,D
sz000021,深科技,2025-09-17 10:30:03,21.59,390900,21.61,D
sz000021,深科技,2025-09-17 10:30:06,21.59,10300,21.59,U
sz000021,深科技,2025-09-17 10:30:12,21.59,12200,21.59,U
sz000021,深科技,2025-09-17 10:30:15,21.58,67200,21.59,D
sz000021,深科技,2025-09-17 10:30:18,21.6,52900,21.58,U
sz000021,深科技,2025-09-17 10:30:24,21.58,46900,21.61,D
sz000021,深科技,2025-09-17 10:30:36,21.59,22800,21.59,D
sz000021,深科技,2025-09-17 10:30:39,21.59,19300,21.59,D
sz000021,深科技,2025-09-17 10:30:45,21.59,34200,21.58,U
sz000021,深科技,2025-09-17 10:30:48,21.6,34200,21.59,U
sz000021,深科技,2025-09-17 10:30:51,21.6,46900,21.6,U
sz000021,深科技,2025-09-17 10:31:00,21.59,15200,21.6,D
sz000021,深科技,2025-09-17 10:31:06,21.59,21400,21.6,D
sz000021,深科技,2025-09-17 10:31:12,21.62,50900,21.59,U
sz000021,深科技,2025-09-17 10:31:15,21.6,40500,21.62,D
sz000021,深科技,2025-09-17 10:31:24,21.61,19800,21.61,D
sz000021,深科技,2025-09-17 10:31:27,21.61,9400,21.61,U
sz000021,深科技,2025-09-17 10:31:33,21.61,10200,21.62,D
sz000021,深科技,2025-09-17 10:31:36,21.61,30700,21.61,D
sz000021,深科技,2025-09-17 10:31:39,21.61,15000,21.61,U
sz000021,深科技,2025-09-17 10:31:57,21.63,12100,21.63,U
sz000021,深科技,2025-09-17 10:32:12,21.65,15800,21.65,U
sz000021,深科技,2025-09-17 10:32:27,21.66,28400,21.66,U
sz000021,深科技,2025-09-17 10:32:30,21.65,43100,21.66,D
sz000021,深科技,2025-09-17 10:32:33,21.67,32800,21.65,U
sz000021,深科技,2025-09-17 10:32:36,21.66,32400,21.67,D
sz000021,深科技,2025-09-17 10:32:39,21.65,14600,21.66,D
sz000021,深科技,2025-09-17 10:32:42,21.67,67900,21.65,U
sz000021,深科技,2025-09-17 10:33:06,21.7,11400,21.69,U
sz000021,深科技,2025-09-17 10:33:15,21.68,51500,21.7,D
sz000021,深科技,2025-09-17 10:33:18,21.68,11000,21.68,U
sz000021,深科技,2025-09-17 10:33:21,21.67,93300,21.68,D
sz000021,深科技,2025-09-17 10:33:24,21.67,12500,21.67,U
sz000021,深科技,2025-09-17 10:33:27,21.67,9500,21.67,U
sz000021,深科技,2025-09-17 10:33:36,21.66,46700,21.67,D
sz000021,深科技,2025-09-17 10:33:42,21.64,12600,21.65,D
sz000021,深科技,2025-09-17 10:33:45,21.63,27000,21.64,D
sz000021,深科技,2025-09-17 10:33:48,21.63,15600,21.63,U
sz000021,深科技,2025-09-17 10:33:51,21.66,19800,21.63,U
sz000021,深科技,2025-09-17 10:34:24,21.63,18200,21.64,D
sz000021,深科技,2025-09-17 10:34:27,21.63,17200,21.63,D
sz000021,深科技,2025-09-17 10:34:33,21.63,15000,21.63,D
sz000021,深科技,2025-09-17 10:35:00,21.64,15800,21.64,D
sz000021,深科技,2025-09-17 10:35:03,21.63,83000,21.64,D
sz000021,深科技,2025-09-17 10:35:09,21.63,15100,21.62,U
sz000021,深科技,2025-09-17 10:35:21,21.63,21700,21.63,D
sz000021,深科技,2025-09-17 10:35:24,21.62,11200,21.63,D
sz000021,深科技,2025-09-17 10:35:27,21.63,11000,21.62,E
sz000021,深科技,2025-09-17 10:35:57,21.62,24400,21.63,D
sz000021,深科技,2025-09-17 10:36:09,21.62,40400,21.62,U
sz000021,深科技,2025-09-17 10:36:33,21.62,163300,21.64,D
sz000021,深科技,2025-09-17 10:36:36,21.64,12000,21.62,U
sz000021,深科技,2025-09-17 10:36:39,21.62,17500,21.64,D
sz000021,深科技,2025-09-17 10:36:42,21.62,11700,21.62,D
sz000021,深科技,2025-09-17 10:36:48,21.62,20400,21.62,U
sz000021,深科技,2025-09-17 10:36:54,21.63,31900,21.62,U
sz000021,深科技,2025-09-17 10:37:09,21.62,15600,21.62,D
sz000021,深科技,2025-09-17 10:37:15,21.62,9500,21.63,D
sz000021,深科技,2025-09-17 10:37:21,21.62,41800,21.62,U
sz000021,深科技,2025-09-17 10:37:24,21.63,9800,21.62,U
sz000021,深科技,2025-09-17 10:37:27,21.62,101000,21.63,D
sz000021,深科技,2025-09-17 10:37:36,21.61,20100,21.61,U
sz000021,深科技,2025-09-17 10:37:39,21.62,130600,21.61,U
sz000021,深科技,2025-09-17 10:37:45,21.62,21500,21.62,U
sz000021,深科技,2025-09-17 10:37:48,21.6,20900,21.62,D
sz000021,深科技,2025-09-17 10:38:09,21.63,11600,21.62,U
sz000021,深科技,2025-09-17 10:38:30,21.63,19800,21.62,U
sz000021,深科技,2025-09-17 10:38:33,21.63,28600,21.63,U
sz000021,深科技,2025-09-17 10:38:39,21.63,14400,21.63,U
sz000021,深科技,2025-09-17 10:38:51,21.62,54400,21.63,D
sz000021,深科技,2025-09-17 10:38:57,21.63,15400,21.63,U
sz000021,深科技,2025-09-17 10:39:03,21.63,9600,21.62,U
sz000021,深科技,2025-09-17 10:39:12,21.65,18000,21.63,U
sz000021,深科技,2025-09-17 10:39:30,21.65,13900,21.65,U
sz000021,深科技,2025-09-17 10:39:42,21.66,18100,21.66,U
sz000021,深科技,2025-09-17 10:39:45,21.67,14700,21.66,U
sz000021,深科技,2025-09-17 10:39:54,21.67,12300,21.67,E
sz000021,深科技,2025-09-17 10:40:06,21.67,13900,21.67,U
sz000021,深科技,2025-09-17 10:40:12,21.67,14400,21.67,U
sz000021,深科技,2025-09-17 10:40:36,21.67,9800,21.67,U
sz000021,深科技,2025-09-17 10:40:39,21.67,9600,21.67,U
sz000021,深科技,2025-09-17 10:40:42,21.68,41100,21.67,U
sz000021,深科技,2025-09-17 10:40:48,21.68,60500,21.68,D
sz000021,深科技,2025-09-17 10:41:03,21.67,11900,21.68,D
sz000021,深科技,2025-09-17 10:41:06,21.66,23000,21.67,D
sz000021,深科技,2025-09-17 10:41:18,21.66,9300,21.66,D
sz000021,深科技,2025-09-17 10:41:27,21.64,119300,21.66,D
sz000021,深科技,2025-09-17 10:41:39,21.64,18600,21.64,D
sz000021,深科技,2025-09-17 10:41:54,21.64,11800,21.64,U
sz000021,深科技,2025-09-17 10:42:06,21.64,10600,21.64,D
sz000021,深科技,2025-09-17 10:42:27,21.63,12100,21.65,D
sz000021,深科技,2025-09-17 10:42:39,21.65,14800,21.65,U
sz000021,深科技,2025-09-17 10:42:48,21.65,89600,21.64,U
sz000021,深科技,2025-09-17 10:43:06,21.65,20400,21.65,U
sz000021,深科技,2025-09-17 10:43:18,21.64,10500,21.63,U
sz000021,深科技,2025-09-17 10:43:21,21.64,10200,21.64,U
sz000021,深科技,2025-09-17 10:43:30,21.63,18000,21.63,D
sz000021,深科技,2025-09-17 10:43:45,21.62,17500,21.63,D
sz000021,深科技,2025-09-17 10:43:51,21.63,11700,21.63,D
sz000021,深科技,2025-09-17 10:44:00,21.63,10000,21.63,D
sz000021,深科技,2025-09-17 10:44:36,21.63,70100,21.63,D
sz000021,深科技,2025-09-17 10:45:24,21.63,16200,21.64,D
sz000021,深科技,2025-09-17 10:45:27,21.64,55700,21.63,U
sz000021,深科技,2025-09-17 10:45:30,21.62,31000,21.64,D
sz000021,深科技,2025-09-17 10:45:33,21.63,25100,21.62,D
sz000021,深科技,2025-09-17 10:46:00,21.65,36400,21.64,U
sz000021,深科技,2025-09-17 10:46:03,21.66,15800,21.65,U
sz000021,深科技,2025-09-17 10:46:06,21.65,26100,21.66,D
sz000021,深科技,2025-09-17 10:46:09,21.65,9500,21.65,U
sz000021,深科技,2025-09-17 10:46:15,21.65,10800,21.65,U
sz000021,深科技,2025-09-17 10:46:18,21.65,9500,21.65,U
sz000021,深科技,2025-09-17 10:46:39,21.66,9800,21.66,D
sz000021,深科技,2025-09-17 10:46:54,21.65,11600,21.66,D
sz000021,深科技,2025-09-17 10:47:03,21.65,16200,21.65,D
sz000021,深科技,2025-09-17 10:47:12,21.65,12300,21.66,D
sz000021,深科技,2025-09-17 10:47:30,21.64,9300,21.64,U
sz000021,深科技,2025-09-17 10:47:45,21.67,11600,21.66,U
sz000021,深科技,2025-09-17 10:48:09,21.68,21800,21.67,U
sz000021,深科技,2025-09-17 10:48:15,21.68,11700,21.68,U
sz000021,深科技,2025-09-17 10:48:33,21.7,12900,21.71,D
sz000021,深科技,2025-09-17 10:48:36,21.72,11100,21.7,U
sz000021,深科技,2025-09-17 10:48:42,21.72,20400,21.71,U
sz000021,深科技,2025-09-17 10:48:51,21.7,25000,21.72,D
sz000021,深科技,2025-09-17 10:48:54,21.7,12800,21.7,U
sz000021,深科技,2025-09-17 10:48:57,21.69,21000,21.7,D
sz000021,深科技,2025-09-17 10:49:18,21.72,9500,21.7,U
sz000021,深科技,2025-09-17 10:49:30,21.72,10900,21.71,D
sz000021,深科技,2025-09-17 10:49:51,21.7,33500,21.72,D
sz000021,深科技,2025-09-17 10:49:54,21.71,12000,21.7,E
sz000021,深科技,2025-09-17 10:50:09,21.72,10400,21.71,U
sz000021,深科技,2025-09-17 10:50:15,21.7,23600,21.72,D
sz000021,深科技,2025-09-17 10:50:18,21.71,67700,21.7,U
sz000021,深科技,2025-09-17 10:50:24,21.69,45100,21.69,D
sz000021,深科技,2025-09-17 10:50:33,21.68,12400,21.68,D
sz000021,深科技,2025-09-17 10:50:39,21.68,24400,21.68,U
sz000021,深科技,2025-09-17 10:50:42,21.68,17800,21.68,U
sz000021,深科技,2025-09-17 10:50:45,21.68,21000,21.68,U
sz000021,深科技,2025-09-17 10:50:51,21.68,17800,21.68,D
sz000021,深科技,2025-09-17 10:50:54,21.7,13100,21.68,U
sz000021,深科技,2025-09-17 10:51:24,21.71,21000,21.72,D
sz000021,深科技,2025-09-17 10:51:48,21.72,16800,21.73,E
sz000021,深科技,2025-09-17 10:52:03,21.73,11800,21.73,U
sz000021,深科技,2025-09-17 10:52:06,21.72,9600,21.73,D
sz000021,深科技,2025-09-17 10:52:12,21.72,15700,21.73,E
sz000021,深科技,2025-09-17 10:52:54,21.72,11800,21.72,U
sz000021,深科技,2025-09-17 10:52:57,21.71,39100,21.72,D
sz000021,深科技,2025-09-17 10:53:03,21.72,13600,21.72,E
sz000021,深科技,2025-09-17 10:53:12,21.7,15100,21.71,D
sz000021,深科技,2025-09-17 10:53:15,21.7,21900,21.7,D
sz000021,深科技,2025-09-17 10:53:18,21.7,10600,21.7,D
sz000021,深科技,2025-09-17 10:54:15,21.73,32000,21.73,U
sz000021,深科技,2025-09-17 10:54:48,21.72,14500,21.72,D
sz000021,深科技,2025-09-17 10:55:06,21.7,36000,21.7,D
sz000021,深科技,2025-09-17 10:55:51,21.72,97671,21.7,U
sz000021,深科技,2025-09-17 10:55:54,21.72,19600,21.72,U
sz000021,深科技,2025-09-17 10:56:06,21.72,21600,21.73,D
sz000021,深科技,2025-09-17 10:56:42,21.71,16000,21.7,U
sz000021,深科技,2025-09-17 10:56:51,21.71,10100,21.69,U
sz000021,深科技,2025-09-17 10:57:00,21.7,25900,21.7,D
sz000021,深科技,2025-09-17 10:57:12,21.69,31096,21.7,D
sz000021,深科技,2025-09-17 10:57:27,21.69,10100,21.69,U
sz000021,深科技,2025-09-17 10:57:45,21.7,10900,21.68,U
sz000021,深科技,2025-09-17 10:59:00,21.7,31300,21.7,U
sz000021,深科技,2025-09-17 10:59:03,21.72,58704,21.7,U
sz000021,深科技,2025-09-17 10:59:18,21.72,21500,21.72,U
sz000021,深科技,2025-09-17 10:59:30,21.73,11600,21.7,U
sz000021,深科技,2025-09-17 10:59:39,21.71,115000,21.72,D
sz000021,深科技,2025-09-17 10:59:51,21.71,11100,21.71,D
sz000021,深科技,2025-09-17 11:00:00,21.71,28800,21.71,U
sz000021,深科技,2025-09-17 11:00:09,21.72,53300,21.71,U
sz000021,深科技,2025-09-17 11:00:15,21.71,15600,21.72,D
sz000021,深科技,2025-09-17 11:00:21,21.71,15700,21.71,U
sz000021,深科技,2025-09-17 11:00:24,21.71,21600,21.71,U
sz000021,深科技,2025-09-17 11:00:27,21.72,11200,21.71,U
sz000021,深科技,2025-09-17 11:00:33,21.71,14200,21.71,D
sz000021,深科技,2025-09-17 11:00:48,21.71,37600,21.71,D
sz000021,深科技,2025-09-17 11:01:06,21.7,13000,21.71,D
sz000021,深科技,2025-09-17 11:01:42,21.72,13800,21.72,U
sz000021,深科技,2025-09-17 11:01:54,21.72,12600,21.71,U
sz000021,深科技,2025-09-17 11:02:06,21.72,14600,21.72,U
sz000021,深科技,2025-09-17 11:02:39,21.72,11000,21.72,D
sz000021,深科技,2025-09-17 11:03:12,21.73,18400,21.73,U
sz000021,深科技,2025-09-17 11:03:18,21.73,16200,21.75,D
sz000021,深科技,2025-09-17 11:03:36,21.73,18200,21.74,D
sz000021,深科技,2025-09-17 11:03:51,21.73,52300,21.73,U
sz000021,深科技,2025-09-17 11:04:48,21.75,27200,21.74,U
sz000021,深科技,2025-09-17 11:05:06,21.78,14100,21.78,U
sz000021,深科技,2025-09-17 11:05:21,21.8,11300,21.79,U
sz000021,深科技,2025-09-17 11:05:27,21.82,29400,21.8,U
sz000021,深科技,2025-09-17 11:05:30,21.81,9500,21.82,D
sz000021,深科技,2025-09-17 11:05:36,21.82,26500,21.81,U
sz000021,深科技,2025-09-17 11:05:39,21.81,22100,21.82,D
sz000021,深科技,2025-09-17 11:05:45,21.81,26200,21.82,E
sz000021,深科技,2025-09-17 11:05:48,21.8,99200,21.81,D
sz000021,深科技,2025-09-17 11:05:51,21.8,16200,21.8,D
sz000021,深科技,2025-09-17 11:07:03,21.79,10200,21.79,D
sz000021,深科技,2025-09-17 11:07:42,21.79,11400,21.79,U
sz000021,深科技,2025-09-17 11:07:54,21.79,15600,21.79,U
sz000021,深科技,2025-09-17 11:08:06,21.77,23500,21.78,D
sz000021,深科技,2025-09-17 11:08:15,21.76,54900,21.78,D
sz000021,深科技,2025-09-17 11:08:36,21.76,14700,21.77,D
sz000021,深科技,2025-09-17 11:08:54,21.75,15000,21.77,D
sz000021,深科技,2025-09-17 11:10:21,21.78,20000,21.78,D
sz000021,深科技,2025-09-17 11:10:30,21.78,16600,21.78,D
sz000021,深科技,2025-09-17 11:10:42,21.78,11700,21.79,D
sz000021,深科技,2025-09-17 11:10:54,21.8,20400,21.79,U
sz000021,深科技,2025-09-17 11:10:57,21.79,11300,21.8,D
sz000021,深科技,2025-09-17 11:11:36,21.78,19100,21.78,D
sz000021,深科技,2025-09-17 11:11:42,21.78,12500,21.78,U
sz000021,深科技,2025-09-17 11:11:48,21.77,12700,21.78,D
sz000021,深科技,2025-09-17 11:12:03,21.76,11500,21.76,D
sz000021,深科技,2025-09-17 11:12:06,21.74,20400,21.76,D
sz000021,深科技,2025-09-17 11:13:21,21.78,11400,21.76,U
sz000021,深科技,2025-09-17 11:13:48,21.78,21100,21.76,U
sz000021,深科技,2025-09-17 11:14:12,21.79,34800,21.76,U
sz000021,深科技,2025-09-17 11:14:24,21.8,15800,21.79,U
sz000021,深科技,2025-09-17 11:14:48,21.81,69100,21.79,U
sz000021,深科技,2025-09-17 11:15:12,21.8,12100,21.78,U
sz000021,深科技,2025-09-17 11:16:00,21.8,10300,21.77,U
sz000021,深科技,2025-09-17 11:16:21,21.75,178100,21.77,D
sz000021,深科技,2025-09-17 11:16:48,21.75,13000,21.76,D
sz000021,深科技,2025-09-17 11:17:21,21.77,13700,21.77,D
sz000021,深科技,2025-09-17 11:18:00,21.78,9500,21.77,U
sz000021,深科技,2025-09-17 11:18:03,21.79,11600,21.78,U
sz000021,深科技,2025-09-17 11:18:12,21.78,10400,21.78,D
sz000021,深科技,2025-09-17 11:18:36,21.79,12700,21.8,D
sz000021,深科技,2025-09-17 11:18:45,21.8,12600,21.8,U
sz000021,深科技,2025-09-17 11:20:06,21.77,28600,21.78,D
sz000021,深科技,2025-09-17 11:20:15,21.79,12900,21.78,U
sz000021,深科技,2025-09-17 11:20:24,21.78,15800,21.79,D
sz000021,深科技,2025-09-17 11:20:54,21.79,24800,21.79,U
sz000021,深科技,2025-09-17 11:20:57,21.82,169000,21.79,U
sz000021,深科技,2025-09-17 11:21:06,21.81,10500,21.82,D
sz000021,深科技,2025-09-17 11:21:21,21.82,14100,21.83,D
sz000021,深科技,2025-09-17 11:21:33,21.83,11600,21.83,U
sz000021,深科技,2025-09-17 11:22:09,21.81,19100,21.82,D
sz000021,深科技,2025-09-17 11:22:27,21.83,10100,21.83,U
sz000021,深科技,2025-09-17 11:22:45,21.84,42900,21.84,U
sz000021,深科技,2025-09-17 11:22:48,21.85,14400,21.84,U
sz000021,深科技,2025-09-17 11:22:57,21.85,13100,21.85,U
sz000021,深科技,2025-09-17 11:23:09,21.84,16300,21.85,D
sz000021,深科技,2025-09-17 11:23:21,21.83,9300,21.84,D
sz000021,深科技,2025-09-17 11:23:48,21.85,13000,21.84,U
sz000021,深科技,2025-09-17 11:24:09,21.83,37500,21.84,D
sz000021,深科技,2025-09-17 11:25:00,21.81,35400,21.81,U
sz000021,深科技,2025-09-17 11:25:27,21.8,15800,21.81,D
sz000021,深科技,2025-09-17 11:25:30,21.8,18400,21.8,U
sz000021,深科技,2025-09-17 11:25:36,21.8,15600,21.79,E
sz000021,深科技,2025-09-17 11:25:48,21.79,11300,21.79,D
sz000021,深科技,2025-09-17 11:25:54,21.79,9400,21.8,D
sz000021,深科技,2025-09-17 11:26:03,21.77,48400,21.79,D
sz000021,深科技,2025-09-17 11:26:24,21.77,11100,21.78,D
sz000021,深科技,2025-09-17 11:26:39,21.78,11100,21.79,D
sz000021,深科技,2025-09-17 11:26:48,21.78,10700,21.79,D
sz000021,深科技,2025-09-17 11:27:18,21.81,16400,21.8,U
sz000021,深科技,2025-09-17 11:28:06,21.79,10100,21.8,D
sz000021,深科技,2025-09-17 11:28:30,21.78,11200,21.79,D
sz000021,深科技,2025-09-17 11:28:42,21.78,9600,21.78,U
sz000021,深科技,2025-09-17 11:28:45,21.78,20500,21.78,U
sz000021,深科技,2025-09-17 11:29:09,21.76,17500,21.77,D
sz000021,深科技,2025-09-17 13:00:00,21.8,17400,21.79,U
sz000021,深科技,2025-09-17 13:00:03,21.79,104900,21.8,D
sz000021,深科技,2025-09-17 13:00:06,21.79,44300,21.79,D
sz000021,深科技,2025-09-17 13:00:09,21.78,35700,21.79,D
sz000021,深科技,2025-09-17 13:00:12,21.78,16900,21.78,U
sz000021,深科技,2025-09-17 13:00:21,21.77,15300,21.77,D
sz000021,深科技,2025-09-17 13:00:24,21.77,11900,21.77,D
sz000021,深科技,2025-09-17 13:00:30,21.79,9500,21.78,U
sz000021,深科技,2025-09-17 13:00:42,21.79,10200,21.79,D
sz000021,深科技,2025-09-17 13:01:12,21.8,43500,21.8,U
sz000021,深科技,2025-09-17 13:02:03,21.8,20315,21.79,U
sz000021,深科技,2025-09-17 13:02:12,21.79,195700,21.8,D
sz000021,深科技,2025-09-17 13:02:15,21.76,13300,21.79,D
sz000021,深科技,2025-09-17 13:02:18,21.76,27300,21.76,D
sz000021,深科技,2025-09-17 13:02:36,21.75,29400,21.78,D
sz000021,深科技,2025-09-17 13:02:39,21.77,35100,21.75,U
sz000021,深科技,2025-09-17 13:02:42,21.75,20400,21.77,D
sz000021,深科技,2025-09-17 13:02:51,21.74,29900,21.75,D
sz000021,深科技,2025-09-17 13:02:54,21.78,50100,21.74,U
sz000021,深科技,2025-09-17 13:03:03,21.78,23200,21.75,U
sz000021,深科技,2025-09-17 13:03:12,21.76,26500,21.78,D
sz000021,深科技,2025-09-17 13:03:18,21.76,13700,21.76,D
sz000021,深科技,2025-09-17 13:04:00,21.79,12900,21.79,U
sz000021,深科技,2025-09-17 13:04:30,21.8,18500,21.78,U
sz000021,深科技,2025-09-17 13:05:00,21.79,30200,21.79,D
sz000021,深科技,2025-09-17 13:05:03,21.78,11000,21.79,D
sz000021,深科技,2025-09-17 13:05:21,21.78,129200,21.77,U
sz000021,深科技,2025-09-17 13:05:42,21.78,55300,21.78,D
sz000021,深科技,2025-09-17 13:05:51,21.78,10600,21.78,U
sz000021,深科技,2025-09-17 13:05:54,21.77,11200,21.78,D
sz000021,深科技,2025-09-17 13:06:18,21.77,9400,21.76,U
sz000021,深科技,2025-09-17 13:06:24,21.76,16800,21.76,D
sz000021,深科技,2025-09-17 13:06:36,21.76,18700,21.76,D
sz000021,深科技,2025-09-17 13:06:51,21.78,14600,21.77,U
sz000021,深科技,2025-09-17 13:07:03,21.78,30200,21.78,D
sz000021,深科技,2025-09-17 13:07:15,21.76,48700,21.77,D
sz000021,深科技,2025-09-17 13:07:39,21.73,31000,21.73,D
sz000021,深科技,2025-09-17 13:08:03,21.74,17100,21.73,U
sz000021,深科技,2025-09-17 13:08:27,21.73,13300,21.73,U
sz000021,深科技,2025-09-17 13:08:33,21.72,19300,21.72,D
sz000021,深科技,2025-09-17 13:08:51,21.73,43400,21.73,U
sz000021,深科技,2025-09-17 13:09:27,21.71,24200,21.72,D
sz000021,深科技,2025-09-17 13:09:36,21.72,11100,21.71,U
sz000021,深科技,2025-09-17 13:09:42,21.71,31100,21.71,D
sz000021,深科技,2025-09-17 13:09:54,21.71,29600,21.71,D
sz000021,深科技,2025-09-17 13:10:51,21.73,69500,21.72,U
sz000021,深科技,2025-09-17 13:10:57,21.75,12400,21.73,U
sz000021,深科技,2025-09-17 13:11:15,21.75,10500,21.74,U
sz000021,深科技,2025-09-17 13:12:03,21.74,17300,21.74,D
sz000021,深科技,2025-09-17 13:12:36,21.73,14100,21.74,D
sz000021,深科技,2025-09-17 13:12:42,21.74,17700,21.74,U
sz000021,深科技,2025-09-17 13:13:03,21.76,83800,21.73,U
sz000021,深科技,2025-09-17 13:13:15,21.75,22300,21.76,D
sz000021,深科技,2025-09-17 13:13:21,21.75,9900,21.76,D
sz000021,深科技,2025-09-17 13:13:33,21.76,10700,21.76,E
sz000021,深科技,2025-09-17 13:13:48,21.77,13500,21.77,U
sz000021,深科技,2025-09-17 13:13:51,21.77,9700,21.77,D
sz000021,深科技,2025-09-17 13:13:54,21.76,16100,21.77,D
sz000021,深科技,2025-09-17 13:14:00,21.76,65300,21.76,D
sz000021,深科技,2025-09-17 13:14:03,21.76,15000,21.76,D
sz000021,深科技,2025-09-17 13:14:30,21.76,10500,21.75,U
sz000021,深科技,2025-09-17 13:15:09,21.74,58400,21.75,D
sz000021,深科技,2025-09-17 13:15:12,21.76,13300,21.74,U
sz000021,深科技,2025-09-17 13:15:18,21.76,12000,21.75,U
sz000021,深科技,2025-09-17 13:15:27,21.77,11800,21.78,D
sz000021,深科技,2025-09-17 13:15:33,21.78,11700,21.78,D
sz000021,深科技,2025-09-17 13:15:45,21.78,9700,21.79,D
sz000021,深科技,2025-09-17 13:15:51,21.75,11500,21.76,D
sz000021,深科技,2025-09-17 13:16:03,21.75,16700,21.76,D
sz000021,深科技,2025-09-17 13:16:33,21.76,13700,21.77,D
sz000021,深科技,2025-09-17 13:16:39,21.76,34100,21.77,D
sz000021,深科技,2025-09-17 13:16:42,21.74,10300,21.76,D
sz000021,深科技,2025-09-17 13:16:48,21.74,31000,21.76,E
sz000021,深科技,2025-09-17 13:16:57,21.73,12900,21.73,D
sz000021,深科技,2025-09-17 13:17:15,21.74,18900,21.74,U
sz000021,深科技,2025-09-17 13:17:21,21.75,12800,21.74,U
sz000021,深科技,2025-09-17 13:17:45,21.73,11900,21.73,D
sz000021,深科技,2025-09-17 13:17:48,21.73,10700,21.73,U
sz000021,深科技,2025-09-17 13:17:51,21.73,67500,21.73,U
sz000021,深科技,2025-09-17 13:18:12,21.74,16800,21.74,U
sz000021,深科技,2025-09-17 13:18:42,21.74,10700,21.74,U
sz000021,深科技,2025-09-17 13:19:00,21.75,17100,21.75,U
sz000021,深科技,2025-09-17 13:19:45,21.76,13900,21.77,D
sz000021,深科技,2025-09-17 13:19:57,21.78,15900,21.77,U
sz000021,深科技,2025-09-17 13:20:54,21.77,35000,21.78,D
sz000021,深科技,2025-09-17 13:21:45,21.8,14500,21.8,U
sz000021,深科技,2025-09-17 13:21:51,21.8,40800,21.79,U
sz000021,深科技,2025-09-17 13:22:06,21.81,11600,21.81,U
sz000021,深科技,2025-09-17 13:22:12,21.8,22800,21.81,D
sz000021,深科技,2025-09-17 13:22:30,21.81,13800,21.8,U
sz000021,深科技,2025-09-17 13:22:36,21.81,9600,21.8,U
sz000021,深科技,2025-09-17 13:22:48,21.8,19600,21.81,D
sz000021,深科技,2025-09-17 13:22:51,21.8,10100,21.8,D
sz000021,深科技,2025-09-17 13:23:00,21.8,22500,21.81,D
sz000021,深科技,2025-09-17 13:23:12,21.81,21700,21.81,U
sz000021,深科技,2025-09-17 13:23:24,21.79,21200,21.8,D
sz000021,深科技,2025-09-17 13:23:33,21.8,10900,21.79,U
sz000021,深科技,2025-09-17 13:24:03,21.79,21900,21.79,U
sz000021,深科技,2025-09-17 13:24:57,21.77,21100,21.78,D
sz000021,深科技,2025-09-17 13:25:39,21.77,10200,21.77,D
sz000021,深科技,2025-09-17 13:25:42,21.78,9300,21.77,U
sz000021,深科技,2025-09-17 13:25:51,21.76,30400,21.77,D
sz000021,深科技,2025-09-17 13:25:54,21.74,41900,21.76,D
sz000021,深科技,2025-09-17 13:26:51,21.76,35300,21.76,U
sz000021,深科技,2025-09-17 13:27:21,21.75,9800,21.74,U
sz000021,深科技,2025-09-17 13:27:45,21.72,126500,21.74,D
sz000021,深科技,2025-09-17 13:28:03,21.72,35600,21.74,D
sz000021,深科技,2025-09-17 13:28:06,21.73,10900,21.72,D
sz000021,深科技,2025-09-17 13:28:27,21.72,22700,21.72,D
sz000021,深科技,2025-09-17 13:28:45,21.72,30700,21.71,U
sz000021,深科技,2025-09-17 13:28:48,21.71,39400,21.72,D
sz000021,深科技,2025-09-17 13:28:51,21.71,12900,21.71,U
sz000021,深科技,2025-09-17 13:29:03,21.69,178500,21.72,D
sz000021,深科技,2025-09-17 13:29:15,21.68,60800,21.69,D
sz000021,深科技,2025-09-17 13:29:33,21.67,36700,21.68,D
sz000021,深科技,2025-09-17 13:29:39,21.68,52900,21.68,U
sz000021,深科技,2025-09-17 13:29:42,21.7,137700,21.68,U
sz000021,深科技,2025-09-17 13:29:48,21.68,35200,21.7,D
sz000021,深科技,2025-09-17 13:29:54,21.68,9600,21.69,D
sz000021,深科技,2025-09-17 13:30:00,21.68,19300,21.69,D
sz000021,深科技,2025-09-17 13:30:42,21.7,12500,21.7,D
sz000021,深科技,2025-09-17 13:30:57,21.7,12800,21.7,U
sz000021,深科技,2025-09-17 13:31:12,21.7,13900,21.7,U
sz000021,深科技,2025-09-17 13:31:27,21.7,10900,21.69,U
sz000021,深科技,2025-09-17 13:31:36,21.69,11000,21.69,D
sz000021,深科技,2025-09-17 13:32:03,21.69,32400,21.69,D
sz000021,深科技,2025-09-17 13:32:06,21.69,11700,21.69,U
sz000021,深科技,2025-09-17 13:32:30,21.68,9800,21.68,D
sz000021,深科技,2025-09-17 13:33:00,21.68,23800,21.68,D
sz000021,深科技,2025-09-17 13:33:06,21.69,48800,21.68,U
sz000021,深科技,2025-09-17 13:33:39,21.69,17000,21.68,U
sz000021,深科技,2025-09-17 13:33:57,21.71,42800,21.69,U
sz000021,深科技,2025-09-17 13:34:00,21.71,14600,21.71,U
sz000021,深科技,2025-09-17 13:35:06,21.68,37500,21.71,D
sz000021,深科技,2025-09-17 13:35:12,21.71,31000,21.71,D
sz000021,深科技,2025-09-17 13:35:24,21.71,12700,21.71,D
sz000021,深科技,2025-09-17 13:35:27,21.71,13400,21.71,D
sz000021,深科技,2025-09-17 13:36:03,21.7,12700,21.72,D
sz000021,深科技,2025-09-17 13:36:09,21.72,9600,21.72,U
sz000021,深科技,2025-09-17 13:37:09,21.71,24100,21.7,U
sz000021,深科技,2025-09-17 13:37:33,21.69,24300,21.69,D
sz000021,深科技,2025-09-17 13:37:45,21.71,43700,21.68,U
sz000021,深科技,2025-09-17 13:37:54,21.7,30200,21.7,U
sz000021,深科技,2025-09-17 13:38:06,21.69,33200,21.7,D
sz000021,深科技,2025-09-17 13:38:24,21.69,32900,21.7,D
sz000021,深科技,2025-09-17 13:38:36,21.68,18500,21.69,D
sz000021,深科技,2025-09-17 13:38:45,21.67,51600,21.68,D
sz000021,深科技,2025-09-17 13:39:00,21.67,84500,21.66,E
sz000021,深科技,2025-09-17 13:39:09,21.67,10000,21.67,D
sz000021,深科技,2025-09-17 13:39:18,21.68,25900,21.67,U
sz000021,深科技,2025-09-17 13:39:21,21.68,11700,21.68,D
sz000021,深科技,2025-09-17 13:39:24,21.69,30600,21.68,U
sz000021,深科技,2025-09-17 13:39:30,21.69,14300,21.69,U
sz000021,深科技,2025-09-17 13:39:54,21.69,15500,21.69,U
sz000021,深科技,2025-09-17 13:40:12,21.69,31300,21.69,U
sz000021,深科技,2025-09-17 13:40:30,21.69,30600,21.7,D
sz000021,深科技,2025-09-17 13:40:33,21.71,32300,21.69,U
sz000021,深科技,2025-09-17 13:40:54,21.7,30700,21.71,D
sz000021,深科技,2025-09-17 13:41:00,21.71,12900,21.71,D
sz000021,深科技,2025-09-17 13:41:21,21.71,17900,21.72,D
sz000021,深科技,2025-09-17 13:41:45,21.72,52100,21.7,U
sz000021,深科技,2025-09-17 13:41:51,21.73,20800,21.71,U
sz000021,深科技,2025-09-17 13:43:51,21.72,12200,21.72,U
sz000021,深科技,2025-09-17 13:45:00,21.71,10300,21.72,D
sz000021,深科技,2025-09-17 13:45:06,21.71,10900,21.72,D
sz000021,深科技,2025-09-17 13:45:57,21.72,39700,21.73,D
sz000021,深科技,2025-09-17 13:46:30,21.74,10000,21.74,D
sz000021,深科技,2025-09-17 13:46:39,21.75,13100,21.74,U
sz000021,深科技,2025-09-17 13:47:33,21.72,56400,21.73,D
sz000021,深科技,2025-09-17 13:47:54,21.71,13400,21.71,D
sz000021,深科技,2025-09-17 13:47:57,21.71,12700,21.71,U
sz000021,深科技,2025-09-17 13:48:00,21.72,36900,21.71,U
sz000021,深科技,2025-09-17 13:48:18,21.72,12100,21.72,U
sz000021,深科技,2025-09-17 13:48:51,21.72,17600,21.72,D
sz000021,深科技,2025-09-17 13:49:09,21.72,9900,21.72,U
sz000021,深科技,2025-09-17 13:49:12,21.72,35100,21.72,U
sz000021,深科技,2025-09-17 13:49:21,21.71,20600,21.72,D
sz000021,深科技,2025-09-17 13:50:06,21.71,20300,21.71,D
sz000021,深科技,2025-09-17 13:50:12,21.69,107500,21.71,D
sz000021,深科技,2025-09-17 13:50:48,21.7,33200,21.69,U
sz000021,深科技,2025-09-17 13:51:09,21.7,44800,21.7,U
sz000021,深科技,2025-09-17 13:52:36,21.71,11100,21.69,U
sz000021,深科技,2025-09-17 13:52:51,21.7,11000,21.7,D
sz000021,深科技,2025-09-17 13:53:15,21.7,14000,21.71,D
sz000021,深科技,2025-09-17 13:53:24,21.73,38500,21.72,U
sz000021,深科技,2025-09-17 13:53:33,21.72,10100,21.73,E
sz000021,深科技,2025-09-17 13:53:36,21.73,57200,21.72,U
sz000021,深科技,2025-09-17 13:53:51,21.73,41500,21.73,U
sz000021,深科技,2025-09-17 13:53:57,21.73,49300,21.72,U
sz000021,深科技,2025-09-17 13:54:03,21.72,21300,21.72,D
sz000021,深科技,2025-09-17 13:54:06,21.7,30300,21.72,D
sz000021,深科技,2025-09-17 13:54:15,21.7,21700,21.7,U
sz000021,深科技,2025-09-17 13:54:18,21.7,14300,21.7,U
sz000021,深科技,2025-09-17 13:54:33,21.69,64600,21.69,D
sz000021,深科技,2025-09-17 13:54:39,21.7,11400,21.69,U
sz000021,深科技,2025-09-17 13:55:39,21.69,51800,21.71,D
sz000021,深科技,2025-09-17 13:55:54,21.7,74700,21.7,D
sz000021,深科技,2025-09-17 13:56:21,21.72,9700,21.71,U
sz000021,深科技,2025-09-17 13:56:24,21.71,11800,21.72,D
sz000021,深科技,2025-09-17 13:56:27,21.71,16600,21.71,D
sz000021,深科技,2025-09-17 13:57:36,21.69,77500,21.7,D
sz000021,深科技,2025-09-17 13:57:57,21.67,100500,21.69,D
sz000021,深科技,2025-09-17 13:58:09,21.7,56500,21.7,U
sz000021,深科技,2025-09-17 13:58:24,21.67,102200,21.7,D
sz000021,深科技,2025-09-17 13:58:33,21.69,318500,21.7,D
sz000021,深科技,2025-09-17 13:59:15,21.7,13600,21.71,D
sz000021,深科技,2025-09-17 13:59:54,21.71,20500,21.71,U
sz000021,深科技,2025-09-17 14:00:03,21.7,12200,21.71,D
sz000021,深科技,2025-09-17 14:00:18,21.7,28000,21.71,D
sz000021,深科技,2025-09-17 14:00:21,21.7,23200,21.7,U
sz000021,深科技,2025-09-17 14:00:27,21.7,9800,21.7,D
sz000021,深科技,2025-09-17 14:01:00,21.7,23700,21.7,D
sz000021,深科技,2025-09-17 14:01:03,21.69,41800,21.7,D
sz000021,深科技,2025-09-17 14:01:09,21.69,32000,21.69,U
sz000021,深科技,2025-09-17 14:01:12,21.68,14700,21.69,D
sz000021,深科技,2025-09-17 14:01:15,21.67,256200,21.68,D
sz000021,深科技,2025-09-17 14:01:39,21.7,24000,21.68,U
sz000021,深科技,2025-09-17 14:01:42,21.7,10400,21.7,D
sz000021,深科技,2025-09-17 14:01:45,21.7,28800,21.7,D
sz000021,深科技,2025-09-17 14:02:00,21.68,10800,21.69,D
sz000021,深科技,2025-09-17 14:02:27,21.68,12100,21.68,D
sz000021,深科技,2025-09-17 14:02:36,21.67,64900,21.69,D
sz000021,深科技,2025-09-17 14:02:42,21.69,10800,21.69,U
sz000021,深科技,2025-09-17 14:02:57,21.68,21300,21.69,D
sz000021,深科技,2025-09-17 14:03:00,21.68,11300,21.68,U
sz000021,深科技,2025-09-17 14:03:03,21.69,31900,21.68,U
sz000021,深科技,2025-09-17 14:03:27,21.69,12500,21.69,U
sz000021,深科技,2025-09-17 14:03:45,21.7,16700,21.7,U
sz000021,深科技,2025-09-17 14:04:00,21.7,16100,21.69,U
sz000021,深科技,2025-09-17 14:04:09,21.7,17100,21.7,U
sz000021,深科技,2025-09-17 14:04:12,21.71,24000,21.7,U
sz000021,深科技,2025-09-17 14:04:18,21.7,10200,21.71,D
sz000021,深科技,2025-09-17 14:04:33,21.71,63800,21.7,U
sz000021,深科技,2025-09-17 14:04:54,21.69,42300,21.7,D
sz000021,深科技,2025-09-17 14:05:24,21.68,33800,21.69,D
sz000021,深科技,2025-09-17 14:05:33,21.68,26400,21.68,D
sz000021,深科技,2025-09-17 14:05:39,21.67,52300,21.68,D
sz000021,深科技,2025-09-17 14:05:42,21.67,18000,21.67,D
sz000021,深科技,2025-09-17 14:05:54,21.66,31400,21.66,D
sz000021,深科技,2025-09-17 14:06:00,21.66,23900,21.66,U
sz000021,深科技,2025-09-17 14:06:12,21.65,27300,21.66,D
sz000021,深科技,2025-09-17 14:06:24,21.66,11000,21.66,D
sz000021,深科技,2025-09-17 14:06:33,21.66,113700,21.67,D
sz000021,深科技,2025-09-17 14:07:03,21.66,27400,21.66,D
sz000021,深科技,2025-09-17 14:07:18,21.66,9400,21.66,U
sz000021,深科技,2025-09-17 14:07:42,21.67,9300,21.66,U
sz000021,深科技,2025-09-17 14:07:45,21.67,22700,21.67,U
sz000021,深科技,2025-09-17 14:07:57,21.67,9400,21.67,E
sz000021,深科技,2025-09-17 14:08:00,21.66,92800,21.67,D
sz000021,深科技,2025-09-17 14:08:06,21.66,38400,21.66,U
sz000021,深科技,2025-09-17 14:08:36,21.67,22200,21.66,U
sz000021,深科技,2025-09-17 14:08:45,21.67,42400,21.66,U
sz000021,深科技,2025-09-17 14:09:00,21.67,11500,21.67,D
sz000021,深科技,2025-09-17 14:09:06,21.69,83200,21.67,U
sz000021,深科技,2025-09-17 14:09:12,21.69,15600,21.7,D
sz000021,深科技,2025-09-17 14:09:21,21.7,14300,21.69,U
sz000021,深科技,2025-09-17 14:09:48,21.69,15300,21.7,D
sz000021,深科技,2025-09-17 14:10:00,21.69,40800,21.69,U
sz000021,深科技,2025-09-17 14:10:03,21.68,12700,21.69,D
sz000021,深科技,2025-09-17 14:10:06,21.69,9500,21.68,U
sz000021,深科技,2025-09-17 14:10:24,21.69,9600,21.7,D
sz000021,深科技,2025-09-17 14:10:57,21.71,26800,21.7,U
sz000021,深科技,2025-09-17 14:11:27,21.7,64400,21.71,D
sz000021,深科技,2025-09-17 14:11:36,21.69,9500,21.7,D
sz000021,深科技,2025-09-17 14:12:00,21.68,35200,21.69,D
sz000021,深科技,2025-09-17 14:12:03,21.69,15900,21.68,U
sz000021,深科技,2025-09-17 14:12:09,21.69,16700,21.69,U
sz000021,深科技,2025-09-17 14:12:24,21.69,10000,21.68,U
sz000021,深科技,2025-09-17 14:12:27,21.7,30300,21.69,U
sz000021,深科技,2025-09-17 14:12:42,21.69,33300,21.7,D
sz000021,深科技,2025-09-17 14:12:45,21.69,15400,21.69,U
sz000021,深科技,2025-09-17 14:12:51,21.69,21200,21.69,U
sz000021,深科技,2025-09-17 14:13:03,21.68,24600,21.68,D
sz000021,深科技,2025-09-17 14:13:18,21.68,29800,21.68,D
sz000021,深科技,2025-09-17 14:13:21,21.69,9900,21.68,U
sz000021,深科技,2025-09-17 14:13:30,21.68,44700,21.68,D
sz000021,深科技,2025-09-17 14:13:42,21.68,40400,21.68,U
sz000021,深科技,2025-09-17 14:14:09,21.67,20100,21.67,D
sz000021,深科技,2025-09-17 14:14:30,21.67,31700,21.67,D
sz000021,深科技,2025-09-17 14:14:33,21.67,14800,21.67,D
sz000021,深科技,2025-09-17 14:14:36,21.67,11300,21.67,D
sz000021,深科技,2025-09-17 14:14:51,21.68,62900,21.68,U
sz000021,深科技,2025-09-17 14:15:09,21.67,21900,21.68,D
sz000021,深科技,2025-09-17 14:15:30,21.69,9500,21.69,U
sz000021,深科技,2025-09-17 14:15:36,21.7,56600,21.69,U
sz000021,深科技,2025-09-17 14:15:48,21.7,36000,21.69,U
sz000021,深科技,2025-09-17 14:16:09,21.7,57200,21.7,U
sz000021,深科技,2025-09-17 14:16:21,21.69,20000,21.7,D
sz000021,深科技,2025-09-17 14:16:30,21.68,20200,21.69,D
sz000021,深科技,2025-09-17 14:16:39,21.68,37400,21.68,U
sz000021,深科技,2025-09-17 14:16:48,21.67,15100,21.67,D
sz000021,深科技,2025-09-17 14:16:51,21.69,13000,21.67,U
sz000021,深科技,2025-09-17 14:17:00,21.68,9600,21.67,E
sz000021,深科技,2025-09-17 14:17:06,21.68,13000,21.68,U
sz000021,深科技,2025-09-17 14:17:42,21.68,20500,21.68,U
sz000021,深科技,2025-09-17 14:17:45,21.67,12200,21.68,D
sz000021,深科技,2025-09-17 14:18:00,21.66,86400,21.68,D
sz000021,深科技,2025-09-17 14:18:03,21.68,12100,21.66,U
sz000021,深科技,2025-09-17 14:18:45,21.68,35400,21.68,D
sz000021,深科技,2025-09-17 14:19:24,21.7,25300,21.69,U
sz000021,深科技,2025-09-17 14:19:33,21.7,34700,21.7,U
sz000021,深科技,2025-09-17 14:19:48,21.7,13100,21.69,U
sz000021,深科技,2025-09-17 14:20:00,21.7,21100,21.7,U
sz000021,深科技,2025-09-17 14:20:03,21.7,38700,21.7,U
sz000021,深科技,2025-09-17 14:20:06,21.69,13200,21.7,D
sz000021,深科技,2025-09-17 14:20:18,21.71,10200,21.71,U
sz000021,深科技,2025-09-17 14:20:45,21.7,20900,21.7,E
sz000021,深科技,2025-09-17 14:21:12,21.71,32100,21.7,U
sz000021,深科技,2025-09-17 14:21:30,21.73,57400,21.71,U
sz000021,深科技,2025-09-17 14:21:54,21.71,17300,21.72,D
sz000021,深科技,2025-09-17 14:21:57,21.7,21200,21.71,D
sz000021,深科技,2025-09-17 14:22:06,21.71,13000,21.7,U
sz000021,深科技,2025-09-17 14:22:09,21.7,10200,21.71,D
sz000021,深科技,2025-09-17 14:22:15,21.7,11600,21.7,D
sz000021,深科技,2025-09-17 14:22:33,21.7,30100,21.72,D
sz000021,深科技,2025-09-17 14:22:39,21.72,13500,21.7,U
sz000021,深科技,2025-09-17 14:23:03,21.7,14100,21.71,D
sz000021,深科技,2025-09-17 14:23:06,21.7,25700,21.7,D
sz000021,深科技,2025-09-17 14:23:30,21.7,64800,21.72,D
sz000021,深科技,2025-09-17 14:23:39,21.72,26300,21.72,U
sz000021,深科技,2025-09-17 14:23:54,21.71,38500,21.73,D
sz000021,深科技,2025-09-17 14:23:57,21.73,18000,21.71,U
sz000021,深科技,2025-09-17 14:24:24,21.72,45500,21.73,D
sz000021,深科技,2025-09-17 14:24:27,21.73,15400,21.72,U
sz000021,深科技,2025-09-17 14:24:42,21.74,47600,21.73,U
sz000021,深科技,2025-09-17 14:24:51,21.73,15800,21.73,D
sz000021,深科技,2025-09-17 14:24:57,21.74,11000,21.74,U
sz000021,深科技,2025-09-17 14:25:00,21.75,35000,21.74,U
sz000021,深科技,2025-09-17 14:25:03,21.73,53400,21.75,D
sz000021,深科技,2025-09-17 14:25:18,21.75,82100,21.75,U
sz000021,深科技,2025-09-17 14:25:33,21.76,33700,21.75,U
sz000021,深科技,2025-09-17 14:25:42,21.77,61600,21.76,U
sz000021,深科技,2025-09-17 14:25:45,21.77,12900,21.77,D
sz000021,深科技,2025-09-17 14:25:51,21.77,120000,21.77,D
sz000021,深科技,2025-09-17 14:26:21,21.76,10400,21.76,D
sz000021,深科技,2025-09-17 14:26:27,21.76,13400,21.76,U
sz000021,深科技,2025-09-17 14:26:30,21.76,18800,21.76,U
sz000021,深科技,2025-09-17 14:26:45,21.75,33300,21.75,D
sz000021,深科技,2025-09-17 14:26:54,21.76,37200,21.75,U
sz000021,深科技,2025-09-17 14:27:03,21.76,71900,21.75,U
sz000021,深科技,2025-09-17 14:27:09,21.76,17000,21.75,U
sz000021,深科技,2025-09-17 14:27:15,21.76,9500,21.76,U
sz000021,深科技,2025-09-17 14:27:18,21.76,13300,21.76,U
sz000021,深科技,2025-09-17 14:27:21,21.77,40000,21.76,U
sz000021,深科技,2025-09-17 14:27:54,21.77,46600,21.77,U
sz000021,深科技,2025-09-17 14:27:57,21.75,57200,21.77,D
sz000021,深科技,2025-09-17 14:28:03,21.74,122900,21.76,D
sz000021,深科技,2025-09-17 14:28:30,21.74,11000,21.75,D
sz000021,深科技,2025-09-17 14:28:36,21.73,22100,21.74,D
sz000021,深科技,2025-09-17 14:28:39,21.72,22600,21.73,D
sz000021,深科技,2025-09-17 14:28:45,21.71,41300,21.72,D
sz000021,深科技,2025-09-17 14:28:54,21.7,45400,21.71,D
sz000021,深科技,2025-09-17 14:29:06,21.69,102700,21.7,D
sz000021,深科技,2025-09-17 14:29:15,21.69,10800,21.69,D
sz000021,深科技,2025-09-17 14:29:21,21.69,101000,21.69,U
sz000021,深科技,2025-09-17 14:29:45,21.69,12100,21.69,U
sz000021,深科技,2025-09-17 14:30:27,21.7,13500,21.71,D
sz000021,深科技,2025-09-17 14:30:42,21.7,12700,21.7,D
sz000021,深科技,2025-09-17 14:30:48,21.69,66200,21.69,D
sz000021,深科技,2025-09-17 14:30:51,21.68,16100,21.69,D
sz000021,深科技,2025-09-17 14:30:54,21.69,26400,21.68,U
sz000021,深科技,2025-09-17 14:31:00,21.69,22900,21.68,U
sz000021,深科技,2025-09-17 14:31:51,21.7,13100,21.69,U
sz000021,深科技,2025-09-17 14:32:06,21.69,16600,21.7,D
sz000021,深科技,2025-09-17 14:32:18,21.69,12800,21.69,D
sz000021,深科技,2025-09-17 14:32:51,21.68,10200,21.69,D
sz000021,深科技,2025-09-17 14:33:00,21.69,13600,21.69,D
sz000021,深科技,2025-09-17 14:33:06,21.69,52200,21.68,U
sz000021,深科技,2025-09-17 14:33:12,21.68,32700,21.68,U
sz000021,深科技,2025-09-17 14:33:27,21.68,16100,21.67,U
sz000021,深科技,2025-09-17 14:33:33,21.67,60200,21.68,D
sz000021,深科技,2025-09-17 14:33:42,21.65,106500,21.67,D
sz000021,深科技,2025-09-17 14:33:57,21.66,69900,21.67,D
sz000021,深科技,2025-09-17 14:34:03,21.66,13800,21.68,D
sz000021,深科技,2025-09-17 14:34:15,21.65,28500,21.65,D
sz000021,深科技,2025-09-17 14:34:21,21.65,15100,21.65,D
sz000021,深科技,2025-09-17 14:34:33,21.65,20500,21.65,U
sz000021,深科技,2025-09-17 14:34:39,21.65,34400,21.65,D
sz000021,深科技,2025-09-17 14:34:54,21.64,45900,21.66,D
sz000021,深科技,2025-09-17 14:35:09,21.65,26300,21.65,D
sz000021,深科技,2025-09-17 14:35:24,21.66,61000,21.66,U
sz000021,深科技,2025-09-17 14:35:48,21.66,16500,21.67,D
sz000021,深科技,2025-09-17 14:35:57,21.66,21000,21.66,U
sz000021,深科技,2025-09-17 14:36:09,21.66,42700,21.65,U
sz000021,深科技,2025-09-17 14:36:12,21.65,13600,21.66,D
sz000021,深科技,2025-09-17 14:36:30,21.65,15700,21.66,D
sz000021,深科技,2025-09-17 14:36:33,21.64,9400,21.65,D
sz000021,深科技,2025-09-17 14:36:54,21.64,80500,21.64,D
sz000021,深科技,2025-09-17 14:37:09,21.64,22500,21.64,U
sz000021,深科技,2025-09-17 14:37:15,21.63,25500,21.64,D
sz000021,深科技,2025-09-17 14:37:18,21.63,83600,21.63,D
sz000021,深科技,2025-09-17 14:37:24,21.62,10400,21.63,D
sz000021,深科技,2025-09-17 14:37:27,21.63,10900,21.62,U
sz000021,深科技,2025-09-17 14:37:33,21.62,18100,21.63,D
sz000021,深科技,2025-09-17 14:37:48,21.63,31700,21.62,U
sz000021,深科技,2025-09-17 14:37:51,21.63,22400,21.63,U
sz000021,深科技,2025-09-17 14:37:54,21.63,19000,21.63,U
sz000021,深科技,2025-09-17 14:38:09,21.63,9400,21.63,U
sz000021,深科技,2025-09-17 14:38:15,21.63,17500,21.63,U
sz000021,深科技,2025-09-17 14:38:27,21.63,32900,21.63,D
sz000021,深科技,2025-09-17 14:38:33,21.62,55100,21.63,D
sz000021,深科技,2025-09-17 14:38:57,21.62,13700,21.63,D
sz000021,深科技,2025-09-17 14:39:15,21.63,20800,21.63,D
sz000021,深科技,2025-09-17 14:39:33,21.63,21900,21.63,D
sz000021,深科技,2025-09-17 14:39:45,21.62,71100,21.63,D
sz000021,深科技,2025-09-17 14:39:51,21.61,12800,21.62,D
sz000021,深科技,2025-09-17 14:40:00,21.61,24600,21.61,D
sz000021,深科技,2025-09-17 14:40:03,21.61,517000,21.61,D
sz000021,深科技,2025-09-17 14:40:06,21.61,30000,21.61,U
sz000021,深科技,2025-09-17 14:40:09,21.6,12300,21.61,D
sz000021,深科技,2025-09-17 14:40:12,21.61,13700,21.6,U
sz000021,深科技,2025-09-17 14:40:15,21.61,11400,21.61,D
sz000021,深科技,2025-09-17 14:40:21,21.61,56800,21.6,U
sz000021,深科技,2025-09-17 14:40:27,21.6,12900,21.61,D
sz000021,深科技,2025-09-17 14:40:39,21.6,15300,21.6,D
sz000021,深科技,2025-09-17 14:40:45,21.61,21400,21.61,U
sz000021,深科技,2025-09-17 14:40:51,21.6,20900,21.61,D
sz000021,深科技,2025-09-17 14:40:54,21.6,14400,21.6,D
sz000021,深科技,2025-09-17 14:41:00,21.6,10600,21.6,D
sz000021,深科技,2025-09-17 14:41:06,21.6,31200,21.6,U
sz000021,深科技,2025-09-17 14:41:12,21.61,14600,21.6,U
sz000021,深科技,2025-09-17 14:41:42,21.62,14400,21.62,D
sz000021,深科技,2025-09-17 14:41:57,21.62,14400,21.63,D
sz000021,深科技,2025-09-17 14:42:09,21.63,52500,21.62,U
sz000021,深科技,2025-09-17 14:42:15,21.63,25500,21.63,D
sz000021,深科技,2025-09-17 14:42:27,21.62,20200,21.62,D
sz000021,深科技,2025-09-17 14:42:39,21.62,95400,21.62,D
sz000021,深科技,2025-09-17 14:42:51,21.63,29000,21.63,D
sz000021,深科技,2025-09-17 14:42:54,21.63,28900,21.63,U
sz000021,深科技,2025-09-17 14:42:57,21.62,9800,21.63,D
sz000021,深科技,2025-09-17 14:43:09,21.64,11700,21.64,U
sz000021,深科技,2025-09-17 14:43:12,21.64,12200,21.64,U
sz000021,深科技,2025-09-17 14:43:27,21.64,23900,21.64,U
sz000021,深科技,2025-09-17 14:43:36,21.64,16300,21.64,D
sz000021,深科技,2025-09-17 14:44:00,21.64,18400,21.64,U
sz000021,深科技,2025-09-17 14:44:03,21.64,13500,21.64,U
sz000021,深科技,2025-09-17 14:44:15,21.64,32100,21.63,U
sz000021,深科技,2025-09-17 14:44:21,21.64,11100,21.63,U
sz000021,深科技,2025-09-17 14:44:24,21.64,10700,21.64,U
sz000021,深科技,2025-09-17 14:44:33,21.63,16200,21.64,D
sz000021,深科技,2025-09-17 14:44:45,21.63,27100,21.63,D
sz000021,深科技,2025-09-17 14:44:51,21.63,14100,21.64,D
sz000021,深科技,2025-09-17 14:45:06,21.64,23900,21.64,U
sz000021,深科技,2025-09-17 14:45:09,21.64,13800,21.64,U
sz000021,深科技,2025-09-17 14:45:18,21.63,10200,21.64,D
sz000021,深科技,2025-09-17 14:45:21,21.64,12900,21.63,U
sz000021,深科技,2025-09-17 14:45:24,21.64,45300,21.64,U
sz000021,深科技,2025-09-17 14:45:27,21.64,31200,21.64,U
sz000021,深科技,2025-09-17 14:45:36,21.65,16300,21.64,U
sz000021,深科技,2025-09-17 14:45:42,21.64,33800,21.65,D
sz000021,深科技,2025-09-17 14:45:45,21.64,21900,21.64,D
sz000021,深科技,2025-09-17 14:45:48,21.64,22900,21.64,U
sz000021,深科技,2025-09-17 14:45:54,21.63,27100,21.63,D
sz000021,深科技,2025-09-17 14:46:06,21.64,9400,21.64,U
sz000021,深科技,2025-09-17 14:46:09,21.64,11200,21.64,U
sz000021,深科技,2025-09-17 14:46:18,21.64,10500,21.64,U
sz000021,深科技,2025-09-17 14:46:27,21.64,40200,21.64,U
sz000021,深科技,2025-09-17 14:46:39,21.65,17900,21.64,U
sz000021,深科技,2025-09-17 14:46:42,21.64,11100,21.65,D
sz000021,深科技,2025-09-17 14:46:48,21.64,25100,21.64,U
sz000021,深科技,2025-09-17 14:47:09,21.64,11300,21.65,D
sz000021,深科技,2025-09-17 14:47:21,21.65,21700,21.64,U
sz000021,深科技,2025-09-17 14:47:27,21.64,52900,21.64,D
sz000021,深科技,2025-09-17 14:47:36,21.65,30000,21.65,U
sz000021,深科技,2025-09-17 14:47:45,21.65,29400,21.64,U
sz000021,深科技,2025-09-17 14:47:57,21.64,11200,21.65,D
sz000021,深科技,2025-09-17 14:48:03,21.64,60500,21.64,D
sz000021,深科技,2025-09-17 14:48:24,21.66,12700,21.65,U
sz000021,深科技,2025-09-17 14:48:42,21.64,15200,21.64,D
sz000021,深科技,2025-09-17 14:48:48,21.64,24400,21.64,D
sz000021,深科技,2025-09-17 14:49:00,21.64,21900,21.64,D
sz000021,深科技,2025-09-17 14:49:03,21.65,19100,21.64,U
sz000021,深科技,2025-09-17 14:49:18,21.64,10200,21.64,D
sz000021,深科技,2025-09-17 14:49:33,21.65,11200,21.64,U
sz000021,深科技,2025-09-17 14:49:39,21.65,13500,21.64,U
sz000021,深科技,2025-09-17 14:49:42,21.64,11300,21.65,D
sz000021,深科技,2025-09-17 14:49:57,21.65,12700,21.64,U
sz000021,深科技,2025-09-17 14:50:00,21.65,12400,21.65,U
sz000021,深科技,2025-09-17 14:50:03,21.65,13000,21.65,U
sz000021,深科技,2025-09-17 14:50:09,21.65,28300,21.65,U
sz000021,深科技,2025-09-17 14:50:15,21.65,19600,21.65,U
sz000021,深科技,2025-09-17 14:50:18,21.66,27300,21.65,U
sz000021,深科技,2025-09-17 14:50:27,21.65,16100,21.66,D
sz000021,深科技,2025-09-17 14:50:30,21.65,23700,21.65,U
sz000021,深科技,2025-09-17 14:50:33,21.64,14300,21.65,D
sz000021,深科技,2025-09-17 14:50:36,21.65,41900,21.64,U
sz000021,深科技,2025-09-17 14:50:39,21.65,14600,21.65,U
sz000021,深科技,2025-09-17 14:50:45,21.66,16300,21.65,U
sz000021,深科技,2025-09-17 14:50:54,21.66,17100,21.65,U
sz000021,深科技,2025-09-17 14:50:57,21.65,14500,21.66,D
sz000021,深科技,2025-09-17 14:51:03,21.65,90000,21.65,U
sz000021,深科技,2025-09-17 14:51:06,21.66,12900,21.65,U
sz000021,深科技,2025-09-17 14:51:09,21.65,13600,21.66,D
sz000021,深科技,2025-09-17 14:51:12,21.65,16500,21.65,D
sz000021,深科技,2025-09-17 14:51:15,21.65,14500,21.65,D
sz000021,深科技,2025-09-17 14:51:18,21.65,31100,21.65,D
sz000021,深科技,2025-09-17 14:51:27,21.65,12100,21.65,D
sz000021,深科技,2025-09-17 14:51:33,21.66,19900,21.65,U
sz000021,深科技,2025-09-17 14:51:39,21.65,24000,21.65,D
sz000021,深科技,2025-09-17 14:51:42,21.66,11400,21.65,U
sz000021,深科技,2025-09-17 14:51:45,21.66,25800,21.66,U
sz000021,深科技,2025-09-17 14:51:48,21.66,14300,21.66,D
sz000021,深科技,2025-09-17 14:51:54,21.66,10100,21.65,U
sz000021,深科技,2025-09-17 14:52:06,21.65,14600,21.65,D
sz000021,深科技,2025-09-17 14:52:18,21.66,11300,21.66,U
sz000021,深科技,2025-09-17 14:52:21,21.66,16600,21.66,U
sz000021,深科技,2025-09-17 14:52:27,21.66,14800,21.66,U
sz000021,深科技,2025-09-17 14:52:39,21.66,11000,21.66,U
sz000021,深科技,2025-09-17 14:52:42,21.66,9700,21.66,U
sz000021,深科技,2025-09-17 14:53:00,21.66,22000,21.66,D
sz000021,深科技,2025-09-17 14:53:09,21.67,12100,21.67,U
sz000021,深科技,2025-09-17 14:53:12,21.66,24700,21.67,D
sz000021,深科技,2025-09-17 14:53:21,21.67,42500,21.66,U
sz000021,深科技,2025-09-17 14:53:24,21.65,19800,21.67,D
sz000021,深科技,2025-09-17 14:53:33,21.66,13600,21.65,U
sz000021,深科技,2025-09-17 14:53:36,21.66,14100,21.66,U
sz000021,深科技,2025-09-17 14:53:39,21.67,12400,21.66,U
sz000021,深科技,2025-09-17 14:53:42,21.67,11200,21.67,U
sz000021,深科技,2025-09-17 14:53:45,21.67,11100,21.67,U
sz000021,深科技,2025-09-17 14:53:48,21.67,14500,21.67,U
sz000021,深科技,2025-09-17 14:53:54,21.66,9400,21.66,D
sz000021,深科技,2025-09-17 14:53:57,21.66,11200,21.66,U
sz000021,深科技,2025-09-17 14:54:03,21.66,14100,21.66,D
sz000021,深科技,2025-09-17 14:54:09,21.66,28400,21.67,D
sz000021,深科技,2025-09-17 14:54:18,21.67,29600,21.67,U
sz000021,深科技,2025-09-17 14:54:21,21.66,11000,21.67,D
sz000021,深科技,2025-09-17 14:54:33,21.66,45900,21.67,D
sz000021,深科技,2025-09-17 14:54:48,21.67,22100,21.66,U
sz000021,深科技,2025-09-17 14:54:51,21.66,18400,21.67,D
sz000021,深科技,2025-09-17 14:54:57,21.67,16400,21.67,U
sz000021,深科技,2025-09-17 14:55:00,21.66,10900,21.67,D
sz000021,深科技,2025-09-17 14:55:03,21.67,10100,21.66,U
sz000021,深科技,2025-09-17 14:55:18,21.67,19500,21.67,D
sz000021,深科技,2025-09-17 14:55:21,21.67,27900,21.67,U
sz000021,深科技,2025-09-17 14:55:24,21.67,17000,21.67,U
sz000021,深科技,2025-09-17 14:55:30,21.67,15800,21.67,U
sz000021,深科技,2025-09-17 14:55:36,21.67,11600,21.67,D
sz000021,深科技,2025-09-17 14:55:39,21.67,16100,21.67,D
sz000021,深科技,2025-09-17 14:55:42,21.68,16800,21.67,U
sz000021,深科技,2025-09-17 14:55:48,21.67,12600,21.68,D
sz000021,深科技,2025-09-17 14:55:51,21.68,28700,21.67,U
sz000021,深科技,2025-09-17 14:55:54,21.67,14200,21.68,D
sz000021,深科技,2025-09-17 14:56:00,21.67,10500,21.68,D
sz000021,深科技,2025-09-17 14:56:09,21.67,11800,21.68,D
sz000021,深科技,2025-09-17 14:56:12,21.67,13100,21.67,D
sz000021,深科技,2025-09-17 14:56:18,21.67,21500,21.68,D
sz000021,深科技,2025-09-17 14:56:21,21.68,12400,21.67,U
sz000021,深科技,2025-09-17 14:56:24,21.68,10100,21.68,U
sz000021,深科技,2025-09-17 14:56:27,21.67,22000,21.68,D
sz000021,深科技,2025-09-17 14:56:30,21.67,16900,21.67,D
sz000021,深科技,2025-09-17 14:56:33,21.68,10300,21.67,U
sz000021,深科技,2025-09-17 14:56:39,21.67,48000,21.68,D
sz000021,深科技,2025-09-17 14:56:42,21.67,56600,21.67,U
sz000021,深科技,2025-09-17 14:56:45,21.67,48100,21.67,U
sz000021,深科技,2025-09-17 14:56:51,21.66,13700,21.66,D
sz000021,深科技,2025-09-17 14:56:54,21.66,31000,21.66,D
sz000021,深科技,2025-09-17 14:56:57,21.66,9300,21.66,D
sz000021,深科技,2025-09-17 14:57:00,21.67,17900,21.66,U
sz000021,深科技,2025-09-17 15:00:00,21.69,402900,21.67,E
