symbol,name,ticktime,price,volume,prev_price,kind
sz000021,深科技,2025-10-21 09:25:00,27.44,673900,0.0,U
sz000021,深科技,2025-10-21 09:30:00,27.43,393100,27.44,D
sz000021,深科技,2025-10-21 09:30:03,27.4,862000,27.43,E
sz000021,深科技,2025-10-21 09:30:06,27.39,337700,27.4,D
sz000021,深科技,2025-10-21 09:30:09,27.35,27000,27.39,D
sz000021,深科技,2025-10-21 09:30:12,27.32,60600,27.35,D
sz000021,深科技,2025-10-21 09:30:15,27.27,26600,27.32,D
sz000021,深科技,2025-10-21 09:30:18,27.24,28700,27.27,D
sz000021,深科技,2025-10-21 09:30:21,27.24,41400,27.24,D
sz000021,深科技,2025-10-21 09:30:24,27.23,45000,27.24,D
sz000021,深科技,2025-10-21 09:30:27,27.25,60100,27.23,U
sz000021,深科技,2025-10-21 09:30:30,27.3,68000,27.25,U
sz000021,深科技,2025-10-21 09:30:33,27.35,67200,27.3,U
sz000021,深科技,2025-10-21 09:30:36,27.49,102600,27.35,U
sz000021,深科技,2025-10-21 09:30:39,27.44,26700,27.49,E
sz000021,深科技,2025-10-21 09:30:42,27.44,92200,27.44,U
sz000021,深科技,2025-10-21 09:30:45,27.44,113600,27.44,U
sz000021,深科技,2025-10-21 09:30:48,27.52,83300,27.44,U
sz000021,深科技,2025-10-21 09:30:51,27.52,139100,27.52,D
sz000021,深科技,2025-10-21 09:30:54,27.52,65600,27.52,U
sz000021,深科技,2025-10-21 09:30:57,27.52,56100,27.52,U
sz000021,深科技,2025-10-21 09:31:00,27.5,65600,27.52,D
sz000021,深科技,2025-10-21 09:31:03,27.46,56700,27.5,D
sz000021,深科技,2025-10-21 09:31:06,27.39,87900,27.46,D
sz000021,深科技,2025-10-21 09:31:09,27.41,26300,27.39,E
sz000021,深科技,2025-10-21 09:31:12,27.41,54700,27.41,D
sz000021,深科技,2025-10-21 09:31:15,27.42,132700,27.41,D
sz000021,深科技,2025-10-21 09:31:18,27.44,39400,27.42,E
sz000021,深科技,2025-10-21 09:31:21,27.41,65300,27.44,D
sz000021,深科技,2025-10-21 09:31:24,27.41,122200,27.41,U
sz000021,深科技,2025-10-21 09:31:27,27.44,82600,27.41,U
sz000021,深科技,2025-10-21 09:31:30,27.54,351600,27.44,U
sz000021,深科技,2025-10-21 09:31:33,27.53,115500,27.54,D
sz000021,深科技,2025-10-21 09:31:36,27.55,63300,27.53,D
sz000021,深科技,2025-10-21 09:31:39,27.55,53500,27.55,E
sz000021,深科技,2025-10-21 09:31:42,27.5,74800,27.55,D
sz000021,深科技,2025-10-21 09:31:45,27.49,49700,27.5,E
sz000021,深科技,2025-10-21 09:31:48,27.57,300100,27.49,U
sz000021,深科技,2025-10-21 09:31:51,27.6,177400,27.57,U
sz000021,深科技,2025-10-21 09:31:54,27.66,67300,27.6,U
sz000021,深科技,2025-10-21 09:31:57,27.7,173700,27.66,U
sz000021,深科技,2025-10-21 09:32:00,27.74,156400,27.7,U
sz000021,深科技,2025-10-21 09:32:03,27.78,84200,27.74,U
sz000021,深科技,2025-10-21 09:32:06,27.77,127300,27.78,E
sz000021,深科技,2025-10-21 09:32:09,27.76,198900,27.77,E
sz000021,深科技,2025-10-21 09:32:12,27.76,85800,27.76,U
sz000021,深科技,2025-10-21 09:32:15,27.67,87400,27.76,D
sz000021,深科技,2025-10-21 09:32:18,27.74,68000,27.67,U
sz000021,深科技,2025-10-21 09:32:21,27.77,146700,27.74,U
sz000021,深科技,2025-10-21 09:32:24,27.76,162700,27.77,E
sz000021,深科技,2025-10-21 09:32:27,27.75,82100,27.76,D
sz000021,深科技,2025-10-21 09:32:30,27.7,62000,27.75,D
sz000021,深科技,2025-10-21 09:32:33,27.69,51900,27.7,D
sz000021,深科技,2025-10-21 09:32:36,27.7,181400,27.69,U
sz000021,深科技,2025-10-21 09:32:39,27.68,85100,27.7,D
sz000021,深科技,2025-10-21 09:32:42,27.68,54000,27.68,D
sz000021,深科技,2025-10-21 09:32:45,27.68,44900,27.68,U
sz000021,深科技,2025-10-21 09:32:48,27.68,100600,27.68,U
sz000021,深科技,2025-10-21 09:32:51,27.69,97100,27.68,E
sz000021,深科技,2025-10-21 09:32:54,27.69,93300,27.69,D
sz000021,深科技,2025-10-21 09:32:57,27.75,171100,27.69,U
sz000021,深科技,2025-10-21 09:33:00,27.71,171612,27.75,D
sz000021,深科技,2025-10-21 09:33:03,27.74,76100,27.71,E
sz000021,深科技,2025-10-21 09:33:06,27.77,133500,27.74,U
sz000021,深科技,2025-10-21 09:33:09,27.85,189000,27.77,U
sz000021,深科技,2025-10-21 09:33:12,27.8,120400,27.85,D
sz000021,深科技,2025-10-21 09:33:15,27.81,51000,27.8,U
sz000021,深科技,2025-10-21 09:33:18,27.81,178000,27.81,U
sz000021,深科技,2025-10-21 09:33:21,27.76,68700,27.81,D
sz000021,深科技,2025-10-21 09:33:24,27.75,64499,27.76,D
sz000021,深科技,2025-10-21 09:33:27,27.74,69301,27.75,D
sz000021,深科技,2025-10-21 09:33:30,27.73,59500,27.74,D
sz000021,深科技,2025-10-21 09:33:33,27.71,103800,27.73,D
sz000021,深科技,2025-10-21 09:33:36,27.72,89100,27.71,U
sz000021,深科技,2025-10-21 09:33:39,27.7,83200,27.72,E
sz000021,深科技,2025-10-21 09:33:42,27.69,59500,27.7,E
sz000021,深科技,2025-10-21 09:33:45,27.67,272700,27.69,D
sz000021,深科技,2025-10-21 09:33:48,27.68,56500,27.67,U
sz000021,深科技,2025-10-21 09:33:51,27.66,73300,27.68,D
sz000021,深科技,2025-10-21 09:33:54,27.66,37900,27.66,U
sz000021,深科技,2025-10-21 09:33:57,27.67,133200,27.66,U
sz000021,深科技,2025-10-21 09:34:00,27.65,50543,27.67,D
sz000021,深科技,2025-10-21 09:34:03,27.65,19400,27.65,D
sz000021,深科技,2025-10-21 09:34:06,27.65,24900,27.65,U
sz000021,深科技,2025-10-21 09:34:09,27.66,79700,27.65,U
sz000021,深科技,2025-10-21 09:34:12,27.66,48500,27.66,D
sz000021,深科技,2025-10-21 09:34:15,27.69,37400,27.66,U
sz000021,深科技,2025-10-21 09:34:18,27.69,109600,27.69,D
sz000021,深科技,2025-10-21 09:34:21,27.69,81400,27.69,U
sz000021,深科技,2025-10-21 09:34:24,27.69,18100,27.69,U
sz000021,深科技,2025-10-21 09:34:27,27.68,92700,27.69,D
sz000021,深科技,2025-10-21 09:34:30,27.67,24500,27.68,D
sz000021,深科技,2025-10-21 09:34:33,27.65,38700,27.67,D
sz000021,深科技,2025-10-21 09:34:36,27.66,29200,27.65,U
sz000021,深科技,2025-10-21 09:34:39,27.64,40300,27.66,D
sz000021,深科技,2025-10-21 09:34:42,27.65,49300,27.64,U
sz000021,深科技,2025-10-21 09:34:45,27.62,30600,27.65,D
sz000021,深科技,2025-10-21 09:34:48,27.62,37200,27.62,D
sz000021,深科技,2025-10-21 09:34:51,27.62,33700,27.62,E
sz000021,深科技,2025-10-21 09:34:54,27.61,23900,27.62,D
sz000021,深科技,2025-10-21 09:34:57,27.61,44200,27.61,D
sz000021,深科技,2025-10-21 09:35:00,27.61,41200,27.61,U
sz000021,深科技,2025-10-21 09:35:03,27.6,41500,27.61,D
sz000021,深科技,2025-10-21 09:35:06,27.59,33900,27.6,D
sz000021,深科技,2025-10-21 09:35:09,27.58,11400,27.59,D
sz000021,深科技,2025-10-21 09:35:12,27.62,162600,27.58,U
sz000021,深科技,2025-10-21 09:35:15,27.66,89700,27.62,U
sz000021,深科技,2025-10-21 09:35:18,27.66,13900,27.66,D
sz000021,深科技,2025-10-21 09:35:21,27.67,230300,27.66,U
sz000021,深科技,2025-10-21 09:35:24,27.67,64500,27.67,D
sz000021,深科技,2025-10-21 09:35:27,27.72,43000,27.67,E
sz000021,深科技,2025-10-21 09:35:30,27.68,30800,27.72,D
sz000021,深科技,2025-10-21 09:35:33,27.7,25857,27.68,E
sz000021,深科技,2025-10-21 09:35:36,27.69,33300,27.7,D
sz000021,深科技,2025-10-21 09:35:39,27.7,72900,27.69,U
sz000021,深科技,2025-10-21 09:35:42,27.67,78700,27.7,D
sz000021,深科技,2025-10-21 09:35:45,27.66,65500,27.67,D
sz000021,深科技,2025-10-21 09:35:48,27.66,47600,27.66,U
sz000021,深科技,2025-10-21 09:35:51,27.64,27400,27.66,D
sz000021,深科技,2025-10-21 09:35:54,27.59,77800,27.64,D
sz000021,深科技,2025-10-21 09:35:57,27.59,25300,27.59,E
sz000021,深科技,2025-10-21 09:36:00,27.57,14800,27.59,U
sz000021,深科技,2025-10-21 09:36:03,27.59,24700,27.57,U
sz000021,深科技,2025-10-21 09:36:06,27.57,43000,27.59,D
sz000021,深科技,2025-10-21 09:36:09,27.55,23500,27.57,D
sz000021,深科技,2025-10-21 09:36:12,27.58,120900,27.55,U
sz000021,深科技,2025-10-21 09:36:15,27.7,249321,27.58,U
sz000021,深科技,2025-10-21 09:36:18,27.69,62400,27.7,D
sz000021,深科技,2025-10-21 09:36:21,27.69,42800,27.69,U
sz000021,深科技,2025-10-21 09:36:24,27.69,23500,27.69,U
sz000021,深科技,2025-10-21 09:36:27,27.7,32500,27.69,U
sz000021,深科技,2025-10-21 09:36:30,27.69,85400,27.7,E
sz000021,深科技,2025-10-21 09:36:33,27.69,40900,27.69,U
sz000021,深科技,2025-10-21 09:36:36,27.68,88200,27.69,D
sz000021,深科技,2025-10-21 09:36:39,27.69,46600,27.68,U
sz000021,深科技,2025-10-21 09:36:42,27.68,37500,27.69,E
sz000021,深科技,2025-10-21 09:36:45,27.7,120100,27.68,U
sz000021,深科技,2025-10-21 09:36:48,27.73,124400,27.7,U
sz000021,深科技,2025-10-21 09:36:51,27.73,36300,27.73,D
sz000021,深科技,2025-10-21 09:36:54,27.77,79000,27.73,U
sz000021,深科技,2025-10-21 09:36:57,27.75,34100,27.77,D
sz000021,深科技,2025-10-21 09:37:00,27.7,109100,27.75,D
sz000021,深科技,2025-10-21 09:37:03,27.74,65400,27.7,U
sz000021,深科技,2025-10-21 09:37:06,27.74,136500,27.74,U
sz000021,深科技,2025-10-21 09:37:09,27.71,82300,27.74,D
sz000021,深科技,2025-10-21 09:37:12,27.7,26900,27.71,D
sz000021,深科技,2025-10-21 09:37:15,27.71,60900,27.7,U
sz000021,深科技,2025-10-21 09:37:18,27.69,33400,27.71,D
sz000021,深科技,2025-10-21 09:37:21,27.69,76400,27.69,D
sz000021,深科技,2025-10-21 09:37:24,27.69,40100,27.69,U
sz000021,深科技,2025-10-21 09:37:27,27.68,17700,27.69,E
sz000021,深科技,2025-10-21 09:37:30,27.67,41600,27.68,D
sz000021,深科技,2025-10-21 09:37:33,27.65,26300,27.67,D
sz000021,深科技,2025-10-21 09:37:36,27.64,45900,27.65,D
sz000021,深科技,2025-10-21 09:37:39,27.65,22900,27.64,U
sz000021,深科技,2025-10-21 09:37:42,27.65,25500,27.65,U
sz000021,深科技,2025-10-21 09:37:45,27.65,55900,27.65,U
sz000021,深科技,2025-10-21 09:37:48,27.64,20600,27.65,D
sz000021,深科技,2025-10-21 09:37:51,27.64,14900,27.64,U
sz000021,深科技,2025-10-21 09:37:54,27.64,40900,27.64,U
sz000021,深科技,2025-10-21 09:37:57,27.65,35200,27.64,U
sz000021,深科技,2025-10-21 09:38:00,27.67,43900,27.65,U
sz000021,深科技,2025-10-21 09:38:03,27.66,20100,27.67,D
sz000021,深科技,2025-10-21 09:38:06,27.68,12700,27.66,U
sz000021,深科技,2025-10-21 09:38:09,27.69,20500,27.68,U
sz000021,深科技,2025-10-21 09:38:12,27.69,33900,27.69,U
sz000021,深科技,2025-10-21 09:38:15,27.7,28400,27.69,U
sz000021,深科技,2025-10-21 09:38:18,27.7,33300,27.7,U
sz000021,深科技,2025-10-21 09:38:21,27.7,60800,27.7,U
sz000021,深科技,2025-10-21 09:38:24,27.71,47400,27.7,U
sz000021,深科技,2025-10-21 09:38:27,27.71,11600,27.71,U
sz000021,深科技,2025-10-21 09:38:30,27.71,80700,27.71,U
sz000021,深科技,2025-10-21 09:38:33,27.72,11300,27.71,U
sz000021,深科技,2025-10-21 09:38:36,27.72,32300,27.72,U
sz000021,深科技,2025-10-21 09:38:39,27.72,48300,27.72,U
sz000021,深科技,2025-10-21 09:38:42,27.71,125800,27.72,D
sz000021,深科技,2025-10-21 09:38:45,27.71,28300,27.71,D
sz000021,深科技,2025-10-21 09:38:48,27.7,13400,27.71,D
sz000021,深科技,2025-10-21 09:38:51,27.71,36100,27.7,U
sz000021,深科技,2025-10-21 09:38:54,27.7,76700,27.71,D
sz000021,深科技,2025-10-21 09:38:57,27.71,40200,27.7,U
sz000021,深科技,2025-10-21 09:39:00,27.72,17300,27.71,U
sz000021,深科技,2025-10-21 09:39:03,27.71,32700,27.72,D
sz000021,深科技,2025-10-21 09:39:06,27.72,112500,27.71,U
sz000021,深科技,2025-10-21 09:39:09,27.74,55300,27.72,U
sz000021,深科技,2025-10-21 09:39:12,27.72,16000,27.74,U
sz000021,深科技,2025-10-21 09:39:15,27.74,13400,27.72,U
sz000021,深科技,2025-10-21 09:39:18,27.74,35400,27.74,U
sz000021,深科技,2025-10-21 09:39:21,27.72,28000,27.74,D
sz000021,深科技,2025-10-21 09:39:24,27.75,31700,27.72,U
sz000021,深科技,2025-10-21 09:39:27,27.72,68708,27.75,D
sz000021,深科技,2025-10-21 09:39:30,27.73,87992,27.72,U
sz000021,深科技,2025-10-21 09:39:33,27.69,130300,27.73,D
sz000021,深科技,2025-10-21 09:39:36,27.72,35100,27.69,U
sz000021,深科技,2025-10-21 09:39:39,27.68,10600,27.72,D
sz000021,深科技,2025-10-21 09:39:42,27.68,126000,27.68,D
sz000021,深科技,2025-10-21 09:39:45,27.66,64300,27.68,D
sz000021,深科技,2025-10-21 09:39:48,27.66,16600,27.66,U
sz000021,深科技,2025-10-21 09:39:51,27.64,40000,27.66,D
sz000021,深科技,2025-10-21 09:39:54,27.6,73700,27.64,D
sz000021,深科技,2025-10-21 09:39:57,27.56,90700,27.6,D
sz000021,深科技,2025-10-21 09:40:00,27.52,24600,27.56,D
sz000021,深科技,2025-10-21 09:40:03,27.5,262200,27.52,D
sz000021,深科技,2025-10-21 09:40:06,27.48,55900,27.5,E
sz000021,深科技,2025-10-21 09:40:09,27.46,45900,27.48,D
sz000021,深科技,2025-10-21 09:40:12,27.47,32000,27.46,U
sz000021,深科技,2025-10-21 09:40:15,27.46,44700,27.47,U
sz000021,深科技,2025-10-21 09:40:18,27.42,495000,27.46,D
sz000021,深科技,2025-10-21 09:40:21,27.41,107900,27.42,D
sz000021,深科技,2025-10-21 09:40:24,27.41,53200,27.41,D
sz000021,深科技,2025-10-21 09:40:27,27.4,44900,27.41,D
sz000021,深科技,2025-10-21 09:40:30,27.41,100700,27.4,U
sz000021,深科技,2025-10-21 09:40:33,27.41,43600,27.41,D
sz000021,深科技,2025-10-21 09:40:36,27.4,43500,27.41,D
sz000021,深科技,2025-10-21 09:40:39,27.41,38300,27.4,U
sz000021,深科技,2025-10-21 09:40:42,27.42,20000,27.41,U
sz000021,深科技,2025-10-21 09:40:45,27.41,43300,27.42,D
sz000021,深科技,2025-10-21 09:40:48,27.4,78900,27.41,D
sz000021,深科技,2025-10-21 09:40:51,27.4,47400,27.4,D
sz000021,深科技,2025-10-21 09:40:54,27.4,70800,27.4,D
sz000021,深科技,2025-10-21 09:40:57,27.39,35800,27.4,D
sz000021,深科技,2025-10-21 09:41:00,27.39,45600,27.39,D
sz000021,深科技,2025-10-21 09:41:03,27.39,60800,27.39,U
sz000021,深科技,2025-10-21 09:41:06,27.39,20200,27.39,U
sz000021,深科技,2025-10-21 09:41:09,27.38,22100,27.39,D
sz000021,深科技,2025-10-21 09:41:12,27.47,237200,27.38,U
sz000021,深科技,2025-10-21 09:41:15,27.51,108200,27.47,U
sz000021,深科技,2025-10-21 09:41:18,27.49,32300,27.51,D
sz000021,深科技,2025-10-21 09:41:21,27.5,9200,27.49,E
sz000021,深科技,2025-10-21 09:41:24,27.49,48100,27.5,D
sz000021,深科技,2025-10-21 09:41:27,27.49,12800,27.49,U
sz000021,深科技,2025-10-21 09:41:30,27.47,27400,27.49,D
sz000021,深科技,2025-10-21 09:41:33,27.46,12000,27.47,E
sz000021,深科技,2025-10-21 09:41:36,27.46,28400,27.46,U
sz000021,深科技,2025-10-21 09:41:39,27.46,44200,27.46,D
sz000021,深科技,2025-10-21 09:41:42,27.45,34100,27.46,D
sz000021,深科技,2025-10-21 09:41:45,27.44,50100,27.45,D
sz000021,深科技,2025-10-21 09:41:48,27.44,19400,27.44,U
sz000021,深科技,2025-10-21 09:41:51,27.44,55800,27.44,U
sz000021,深科技,2025-10-21 09:41:54,27.46,20400,27.44,U
sz000021,深科技,2025-10-21 09:41:57,27.46,19100,27.46,U
sz000021,深科技,2025-10-21 09:42:00,27.45,21300,27.46,E
sz000021,深科技,2025-10-21 09:42:03,27.45,15400,27.45,D
sz000021,深科技,2025-10-21 09:42:06,27.44,35400,27.45,D
sz000021,深科技,2025-10-21 09:42:09,27.44,17300,27.44,U
sz000021,深科技,2025-10-21 09:42:12,27.42,30000,27.44,D
sz000021,深科技,2025-10-21 09:42:15,27.4,33300,27.42,D
sz000021,深科技,2025-10-21 09:42:18,27.41,26100,27.4,U
sz000021,深科技,2025-10-21 09:42:21,27.4,51500,27.41,D
sz000021,深科技,2025-10-21 09:42:24,27.41,39400,27.4,U
sz000021,深科技,2025-10-21 09:42:27,27.4,62400,27.41,D
sz000021,深科技,2025-10-21 09:42:30,27.4,34700,27.4,D
sz000021,深科技,2025-10-21 09:42:33,27.39,16900,27.4,D
sz000021,深科技,2025-10-21 09:42:36,27.39,38400,27.39,D
sz000021,深科技,2025-10-21 09:42:39,27.39,30200,27.39,D
sz000021,深科技,2025-10-21 09:42:45,27.38,46900,27.38,D
sz000021,深科技,2025-10-21 09:42:48,27.38,34700,27.38,U
sz000021,深科技,2025-10-21 09:42:51,27.37,52600,27.38,U
sz000021,深科技,2025-10-21 09:42:54,27.37,42400,27.37,D
sz000021,深科技,2025-10-21 09:42:57,27.44,154700,27.37,U
sz000021,深科技,2025-10-21 09:43:00,27.4,104800,27.44,D
sz000021,深科技,2025-10-21 09:43:03,27.44,29800,27.4,U
sz000021,深科技,2025-10-21 09:43:06,27.44,12500,27.44,E
sz000021,深科技,2025-10-21 09:43:09,27.48,36400,27.44,U
sz000021,深科技,2025-10-21 09:43:12,27.47,61400,27.48,D
sz000021,深科技,2025-10-21 09:43:15,27.51,26600,27.47,U
sz000021,深科技,2025-10-21 09:43:21,27.55,66200,27.52,U
sz000021,深科技,2025-10-21 09:43:24,27.55,25400,27.55,U
sz000021,深科技,2025-10-21 09:43:27,27.55,19400,27.55,E
sz000021,深科技,2025-10-21 09:43:30,27.55,26600,27.55,D
sz000021,深科技,2025-10-21 09:43:33,27.55,21600,27.55,D
sz000021,深科技,2025-10-21 09:43:36,27.58,34700,27.55,U
sz000021,深科技,2025-10-21 09:43:39,27.58,24900,27.58,U
sz000021,深科技,2025-10-21 09:43:42,27.58,13700,27.58,D
sz000021,深科技,2025-10-21 09:43:45,27.57,27300,27.58,E
sz000021,深科技,2025-10-21 09:43:48,27.57,11200,27.57,U
sz000021,深科技,2025-10-21 09:43:51,27.55,23600,27.57,D
sz000021,深科技,2025-10-21 09:43:54,27.55,16200,27.55,U
sz000021,深科技,2025-10-21 09:43:57,27.57,57200,27.55,U
sz000021,深科技,2025-10-21 09:44:00,27.56,53900,27.57,E
sz000021,深科技,2025-10-21 09:44:03,27.57,35700,27.56,U
sz000021,深科技,2025-10-21 09:44:06,27.6,45300,27.57,U
sz000021,深科技,2025-10-21 09:44:09,27.59,18700,27.6,D
sz000021,深科技,2025-10-21 09:44:12,27.61,58900,27.59,U
sz000021,深科技,2025-10-21 09:44:15,27.61,12400,27.61,U
sz000021,深科技,2025-10-21 09:44:18,27.59,18700,27.61,D
sz000021,深科技,2025-10-21 09:44:21,27.6,13600,27.59,U
sz000021,深科技,2025-10-21 09:44:24,27.6,49600,27.6,U
sz000021,深科技,2025-10-21 09:44:27,27.6,24100,27.6,U
sz000021,深科技,2025-10-21 09:44:30,27.6,14500,27.6,U
sz000021,深科技,2025-10-21 09:44:33,27.57,29000,27.6,D
sz000021,深科技,2025-10-21 09:44:36,27.58,36400,27.57,U
sz000021,深科技,2025-10-21 09:44:39,27.59,18500,27.58,U
sz000021,深科技,2025-10-21 09:44:42,27.6,44600,27.59,U
sz000021,深科技,2025-10-21 09:44:45,27.58,42100,27.6,D
sz000021,深科技,2025-10-21 09:44:48,27.59,26900,27.58,U
sz000021,深科技,2025-10-21 09:44:51,27.58,10600,27.59,D
sz000021,深科技,2025-10-21 09:44:54,27.58,16100,27.58,D
sz000021,深科技,2025-10-21 09:44:57,27.63,211500,27.58,U
sz000021,深科技,2025-10-21 09:45:00,27.65,46500,27.63,U
sz000021,深科技,2025-10-21 09:45:03,27.66,17400,27.65,U
sz000021,深科技,2025-10-21 09:45:06,27.66,16800,27.66,U
sz000021,深科技,2025-10-21 09:45:09,27.65,18600,27.66,D
sz000021,深科技,2025-10-21 09:45:12,27.6,58600,27.65,D
sz000021,深科技,2025-10-21 09:45:15,27.63,40500,27.6,U
sz000021,深科技,2025-10-21 09:45:18,27.63,22800,27.63,U
sz000021,深科技,2025-10-21 09:45:21,27.63,61000,27.63,U
sz000021,深科技,2025-10-21 09:45:24,27.62,57400,27.63,U
sz000021,深科技,2025-10-21 09:45:27,27.63,22300,27.62,U
sz000021,深科技,2025-10-21 09:45:30,27.62,23800,27.63,D
sz000021,深科技,2025-10-21 09:45:33,27.61,67100,27.62,D
sz000021,深科技,2025-10-21 09:45:39,27.58,13400,27.59,D
sz000021,深科技,2025-10-21 09:45:42,27.58,19700,27.58,U
sz000021,深科技,2025-10-21 09:45:45,27.59,110900,27.58,U
sz000021,深科技,2025-10-21 09:45:48,27.59,47300,27.59,D
sz000021,深科技,2025-10-21 09:45:51,27.6,41200,27.59,U
sz000021,深科技,2025-10-21 09:45:54,27.6,30600,27.6,U
sz000021,深科技,2025-10-21 09:45:57,27.63,128800,27.6,U
sz000021,深科技,2025-10-21 09:46:00,27.65,173708,27.63,U
sz000021,深科技,2025-10-21 09:46:03,27.65,37300,27.65,U
sz000021,深科技,2025-10-21 09:46:06,27.65,32100,27.65,U
sz000021,深科技,2025-10-21 09:46:09,27.66,29000,27.65,U
sz000021,深科技,2025-10-21 09:46:12,27.65,38700,27.66,D
sz000021,深科技,2025-10-21 09:46:15,27.65,49700,27.65,U
sz000021,深科技,2025-10-21 09:46:18,27.65,26900,27.65,U
sz000021,深科技,2025-10-21 09:46:21,27.64,21800,27.65,D
sz000021,深科技,2025-10-21 09:46:24,27.65,25300,27.64,D
sz000021,深科技,2025-10-21 09:46:27,27.64,62400,27.65,U
sz000021,深科技,2025-10-21 09:46:30,27.64,25500,27.64,D
sz000021,深科技,2025-10-21 09:46:33,27.64,15900,27.64,U
sz000021,深科技,2025-10-21 09:46:36,27.67,326000,27.64,U
sz000021,深科技,2025-10-21 09:46:39,27.71,32500,27.67,U
sz000021,深科技,2025-10-21 09:46:42,27.73,56800,27.71,U
sz000021,深科技,2025-10-21 09:46:45,27.74,30000,27.73,U
sz000021,深科技,2025-10-21 09:46:48,27.73,89500,27.74,D
sz000021,深科技,2025-10-21 09:46:51,27.74,43400,27.73,E
sz000021,深科技,2025-10-21 09:46:54,27.77,125600,27.74,U
sz000021,深科技,2025-10-21 09:46:57,27.75,53700,27.77,D
sz000021,深科技,2025-10-21 09:47:00,27.76,128218,27.75,U
sz000021,深科技,2025-10-21 09:47:03,27.78,71000,27.76,U
sz000021,深科技,2025-10-21 09:47:06,27.8,344600,27.78,U
sz000021,深科技,2025-10-21 09:47:09,27.82,60600,27.8,U
sz000021,深科技,2025-10-21 09:47:12,27.82,100800,27.82,D
sz000021,深科技,2025-10-21 09:47:15,27.81,47900,27.82,D
sz000021,深科技,2025-10-21 09:47:18,27.8,68500,27.81,D
sz000021,深科技,2025-10-21 09:47:21,27.82,43400,27.8,U
sz000021,深科技,2025-10-21 09:47:24,27.8,97300,27.82,D
sz000021,深科技,2025-10-21 09:47:27,27.8,52000,27.8,U
sz000021,深科技,2025-10-21 09:47:30,27.8,59200,27.8,U
sz000021,深科技,2025-10-21 09:47:33,27.8,133400,27.8,U
sz000021,深科技,2025-10-21 09:47:36,27.79,25500,27.8,U
sz000021,深科技,2025-10-21 09:47:39,27.79,32100,27.79,U
sz000021,深科技,2025-10-21 09:47:42,27.79,68500,27.79,U
sz000021,深科技,2025-10-21 09:47:45,27.78,55000,27.79,D
sz000021,深科技,2025-10-21 09:47:48,27.79,97800,27.78,U
sz000021,深科技,2025-10-21 09:47:51,27.78,47700,27.79,D
sz000021,深科技,2025-10-21 09:47:54,27.79,71800,27.78,U
sz000021,深科技,2025-10-21 09:47:57,27.79,66600,27.79,D
sz000021,深科技,2025-10-21 09:48:00,27.78,39000,27.79,D
sz000021,深科技,2025-10-21 09:48:03,27.81,550318,27.78,U
sz000021,深科技,2025-10-21 09:48:06,27.85,116400,27.81,U
sz000021,深科技,2025-10-21 09:48:09,27.87,192000,27.85,U
sz000021,深科技,2025-10-21 09:48:12,27.88,159700,27.87,U
sz000021,深科技,2025-10-21 09:48:15,27.88,178100,27.88,U
sz000021,深科技,2025-10-21 09:48:18,27.88,82500,27.88,U
sz000021,深科技,2025-10-21 09:48:21,27.87,265100,27.88,D
sz000021,深科技,2025-10-21 09:48:24,27.87,103100,27.87,D
sz000021,深科技,2025-10-21 09:48:27,27.88,95400,27.87,U
sz000021,深科技,2025-10-21 09:48:30,27.88,75900,27.88,U
sz000021,深科技,2025-10-21 09:48:33,27.91,383577,27.88,U
sz000021,深科技,2025-10-21 09:48:36,27.91,44900,27.91,D
sz000021,深科技,2025-10-21 09:48:39,27.91,20700,27.91,U
sz000021,深科技,2025-10-21 09:48:42,27.93,91700,27.91,U
sz000021,深科技,2025-10-21 09:48:45,27.99,643700,27.93,U
sz000021,深科技,2025-10-21 09:48:48,27.99,298100,27.99,U
sz000021,深科技,2025-10-21 09:48:51,28.0,149500,27.99,U
sz000021,深科技,2025-10-21 09:48:54,28.0,202300,28.0,U
sz000021,深科技,2025-10-21 09:48:57,28.0,237400,28.0,U
sz000021,深科技,2025-10-21 09:49:00,28.0,219500,28.0,U
sz000021,深科技,2025-10-21 09:49:03,28.0,179000,28.0,U
sz000021,深科技,2025-10-21 09:49:06,28.03,77700,28.0,U
sz000021,深科技,2025-10-21 09:49:09,28.02,228300,28.03,D
sz000021,深科技,2025-10-21 09:49:12,28.02,368600,28.02,E
sz000021,深科技,2025-10-21 09:49:15,28.03,114400,28.02,U
sz000021,深科技,2025-10-21 09:49:18,28.0,173800,28.03,D
sz000021,深科技,2025-10-21 09:49:21,27.99,101400,28.0,D
sz000021,深科技,2025-10-21 09:49:24,27.99,141500,27.99,U
sz000021,深科技,2025-10-21 09:49:27,27.96,62300,27.99,D
sz000021,深科技,2025-10-21 09:49:30,28.01,338567,27.96,U
sz000021,深科技,2025-10-21 09:49:33,28.08,339400,28.01,U
sz000021,深科技,2025-10-21 09:49:36,28.09,191900,28.08,U
sz000021,深科技,2025-10-21 09:49:39,28.14,284100,28.09,U
sz000021,深科技,2025-10-21 09:49:42,28.16,236400,28.14,U
sz000021,深科技,2025-10-21 09:49:45,28.22,139500,28.16,U
sz000021,深科技,2025-10-21 09:49:48,28.22,171400,28.22,U
sz000021,深科技,2025-10-21 09:49:51,28.23,248900,28.22,U
sz000021,深科技,2025-10-21 09:49:54,28.25,183400,28.23,U
sz000021,深科技,2025-10-21 09:49:57,28.25,148200,28.25,U
sz000021,深科技,2025-10-21 09:50:00,28.25,110900,28.25,U
sz000021,深科技,2025-10-21 09:50:03,28.22,227700,28.25,D
sz000021,深科技,2025-10-21 09:50:06,28.17,188600,28.22,D
sz000021,深科技,2025-10-21 09:50:09,28.17,66000,28.17,D
sz000021,深科技,2025-10-21 09:50:12,28.2,327000,28.17,U
sz000021,深科技,2025-10-21 09:50:15,28.2,104000,28.2,D
sz000021,深科技,2025-10-21 09:50:18,28.24,132000,28.2,U
sz000021,深科技,2025-10-21 09:50:21,28.2,162400,28.24,D
sz000021,深科技,2025-10-21 09:50:24,28.21,55700,28.2,U
sz000021,深科技,2025-10-21 09:50:27,28.21,73300,28.21,U
sz000021,深科技,2025-10-21 09:50:30,28.21,243100,28.21,D
sz000021,深科技,2025-10-21 09:50:33,28.2,72700,28.21,D
sz000021,深科技,2025-10-21 09:50:36,28.19,93000,28.2,D
sz000021,深科技,2025-10-21 09:50:39,28.19,114700,28.19,D
sz000021,深科技,2025-10-21 09:50:42,28.36,1695600,28.19,U
sz000021,深科技,2025-10-21 09:50:45,28.39,183600,28.36,U
sz000021,深科技,2025-10-21 09:50:48,28.36,124500,28.39,D
sz000021,深科技,2025-10-21 09:50:51,28.39,97400,28.36,U
sz000021,深科技,2025-10-21 09:50:54,28.43,213374,28.39,U
sz000021,深科技,2025-10-21 09:50:57,28.42,230100,28.43,D
sz000021,深科技,2025-10-21 09:51:00,28.4,119400,28.42,D
sz000021,深科技,2025-10-21 09:51:03,28.4,241026,28.4,U
sz000021,深科技,2025-10-21 09:51:06,28.42,150600,28.4,U
sz000021,深科技,2025-10-21 09:51:09,28.42,207400,28.42,U
sz000021,深科技,2025-10-21 09:51:12,28.46,156374,28.42,U
sz000021,深科技,2025-10-21 09:51:15,28.46,202700,28.46,U
sz000021,深科技,2025-10-21 09:51:18,28.5,326600,28.46,U
sz000021,深科技,2025-10-21 09:51:21,28.49,132100,28.5,D
sz000021,深科技,2025-10-21 09:51:24,28.48,486100,28.49,D
sz000021,深科技,2025-10-21 09:51:27,28.46,209800,28.48,E
sz000021,深科技,2025-10-21 09:51:30,28.46,168400,28.46,U
sz000021,深科技,2025-10-21 09:51:33,28.44,122000,28.46,D
sz000021,深科技,2025-10-21 09:51:36,28.45,223700,28.44,E
sz000021,深科技,2025-10-21 09:51:39,28.44,197700,28.45,D
sz000021,深科技,2025-10-21 09:51:42,28.49,710300,28.44,U
sz000021,深科技,2025-10-21 09:51:45,28.49,90500,28.49,D
sz000021,深科技,2025-10-21 09:51:48,28.49,65000,28.49,U
sz000021,深科技,2025-10-21 09:51:51,28.52,143900,28.49,U
sz000021,深科技,2025-10-21 09:51:54,28.52,103200,28.52,D
sz000021,深科技,2025-10-21 09:51:57,28.48,202600,28.52,D
sz000021,深科技,2025-10-21 09:52:00,28.46,127700,28.48,D
sz000021,深科技,2025-10-21 09:52:03,28.51,452400,28.46,U
sz000021,深科技,2025-10-21 09:52:06,28.45,168500,28.51,E
sz000021,深科技,2025-10-21 09:52:09,28.47,140400,28.45,E
sz000021,深科技,2025-10-21 09:52:12,28.38,245700,28.47,D
sz000021,深科技,2025-10-21 09:52:15,28.44,78000,28.38,U
sz000021,深科技,2025-10-21 09:52:18,28.4,83500,28.44,E
sz000021,深科技,2025-10-21 09:52:21,28.38,76500,28.4,D
sz000021,深科技,2025-10-21 09:52:24,28.35,106900,28.38,D
sz000021,深科技,2025-10-21 09:52:27,28.32,45800,28.35,D
sz000021,深科技,2025-10-21 09:52:30,28.32,165900,28.32,D
sz000021,深科技,2025-10-21 09:52:33,28.38,432067,28.32,U
sz000021,深科技,2025-10-21 09:52:36,28.49,208400,28.38,U
sz000021,深科技,2025-10-21 09:52:39,28.4,226800,28.49,D
sz000021,深科技,2025-10-21 09:52:42,28.43,89400,28.4,E
sz000021,深科技,2025-10-21 09:52:45,28.46,130000,28.43,U
sz000021,深科技,2025-10-21 09:52:48,28.49,156400,28.46,U
sz000021,深科技,2025-10-21 09:52:51,28.49,95900,28.49,D
sz000021,深科技,2025-10-21 09:52:54,28.46,127100,28.49,E
sz000021,深科技,2025-10-21 09:52:57,28.46,67700,28.46,U
sz000021,深科技,2025-10-21 09:53:00,28.48,375900,28.46,U
sz000021,深科技,2025-10-21 09:53:03,28.5,311080,28.48,U
sz000021,深科技,2025-10-21 09:53:06,28.57,420400,28.5,U
sz000021,深科技,2025-10-21 09:53:09,28.59,62100,28.57,U
sz000021,深科技,2025-10-21 09:53:12,28.6,142800,28.59,U
sz000021,深科技,2025-10-21 09:53:15,28.6,289700,28.6,U
sz000021,深科技,2025-10-21 09:53:18,28.61,131600,28.6,U
sz000021,深科技,2025-10-21 09:53:21,28.64,209500,28.61,U
sz000021,深科技,2025-10-21 09:53:24,28.66,163000,28.64,U
sz000021,深科技,2025-10-21 09:53:27,28.66,210600,28.66,D
sz000021,深科技,2025-10-21 09:53:30,28.66,302200,28.66,D
sz000021,深科技,2025-10-21 09:53:33,28.65,319500,28.66,E
sz000021,深科技,2025-10-21 09:53:36,28.62,293600,28.65,E
sz000021,深科技,2025-10-21 09:53:39,28.61,731500,28.62,U
sz000021,深科技,2025-10-21 09:53:42,28.58,88500,28.61,D
sz000021,深科技,2025-10-21 09:53:45,28.57,143900,28.58,D
sz000021,深科技,2025-10-21 09:53:48,28.57,161300,28.57,D
sz000021,深科技,2025-10-21 09:53:51,28.56,53200,28.57,D
sz000021,深科技,2025-10-21 09:53:54,28.62,273200,28.56,U
sz000021,深科技,2025-10-21 09:53:57,28.61,140500,28.62,D
sz000021,深科技,2025-10-21 09:54:00,28.65,76500,28.61,U
sz000021,深科技,2025-10-21 09:54:03,28.72,412912,28.65,U
sz000021,深科技,2025-10-21 09:54:06,28.72,271100,28.72,U
sz000021,深科技,2025-10-21 09:54:09,28.79,91300,28.72,U
sz000021,深科技,2025-10-21 09:54:12,28.8,149700,28.79,U
sz000021,深科技,2025-10-21 09:54:15,28.85,199300,28.8,U
sz000021,深科技,2025-10-21 09:54:18,28.79,374400,28.85,D
sz000021,深科技,2025-10-21 09:54:21,28.75,159100,28.79,D
sz000021,深科技,2025-10-21 09:54:24,28.75,258100,28.75,U
sz000021,深科技,2025-10-21 09:54:27,28.75,83000,28.75,D
sz000021,深科技,2025-10-21 09:54:30,28.75,118400,28.75,D
sz000021,深科技,2025-10-21 09:54:33,28.72,154000,28.75,D
sz000021,深科技,2025-10-21 09:54:36,28.7,113700,28.72,D
sz000021,深科技,2025-10-21 09:54:39,28.7,86800,28.7,U
sz000021,深科技,2025-10-21 09:54:42,28.69,187100,28.7,D
sz000021,深科技,2025-10-21 09:54:45,28.7,98900,28.69,U
sz000021,深科技,2025-10-21 09:54:48,28.7,107800,28.7,U
sz000021,深科技,2025-10-21 09:54:51,28.71,243200,28.7,E
sz000021,深科技,2025-10-21 09:54:54,28.69,101500,28.71,D
sz000021,深科技,2025-10-21 09:54:57,28.68,95500,28.69,D
sz000021,深科技,2025-10-21 09:55:00,28.68,213887,28.68,U
sz000021,深科技,2025-10-21 09:55:03,28.65,282501,28.68,D
sz000021,深科技,2025-10-21 09:55:06,28.6,126600,28.65,D
sz000021,深科技,2025-10-21 09:55:09,28.52,123900,28.6,D
sz000021,深科技,2025-10-21 09:55:12,28.48,68800,28.52,D
sz000021,深科技,2025-10-21 09:55:15,28.48,153800,28.48,D
sz000021,深科技,2025-10-21 09:55:18,28.51,141900,28.48,U
sz000021,深科技,2025-10-21 09:55:21,28.51,151300,28.51,U
sz000021,深科技,2025-10-21 09:55:24,28.48,64400,28.51,D
sz000021,深科技,2025-10-21 09:55:27,28.48,75900,28.48,U
sz000021,深科技,2025-10-21 09:55:30,28.47,71000,28.48,D
sz000021,深科技,2025-10-21 09:55:33,28.4,95700,28.47,D
sz000021,深科技,2025-10-21 09:55:36,28.4,120500,28.4,D
sz000021,深科技,2025-10-21 09:55:39,28.42,173700,28.4,U
sz000021,深科技,2025-10-21 09:55:42,28.42,132200,28.42,D
sz000021,深科技,2025-10-21 09:55:45,28.41,58500,28.42,D
sz000021,深科技,2025-10-21 09:55:48,28.4,136100,28.41,D
sz000021,深科技,2025-10-21 09:55:51,28.39,67700,28.4,D
sz000021,深科技,2025-10-21 09:55:54,28.39,35200,28.39,E
sz000021,深科技,2025-10-21 09:55:57,28.37,37000,28.39,D
sz000021,深科技,2025-10-21 09:56:00,28.4,146300,28.37,U
sz000021,深科技,2025-10-21 09:56:03,28.38,148600,28.4,D
sz000021,深科技,2025-10-21 09:56:06,28.4,124400,28.38,U
sz000021,深科技,2025-10-21 09:56:09,28.4,133000,28.4,U
sz000021,深科技,2025-10-21 09:56:12,28.4,53800,28.4,D
sz000021,深科技,2025-10-21 09:56:15,28.4,213400,28.4,D
sz000021,深科技,2025-10-21 09:56:18,28.4,58600,28.4,U
sz000021,深科技,2025-10-21 09:56:21,28.41,63700,28.4,U
sz000021,深科技,2025-10-21 09:56:24,28.4,65500,28.41,D
sz000021,深科技,2025-10-21 09:56:27,28.4,128736,28.4,D
sz000021,深科技,2025-10-21 09:56:30,28.37,137000,28.4,D
sz000021,深科技,2025-10-21 09:56:33,28.35,59264,28.37,D
sz000021,深科技,2025-10-21 09:56:36,28.31,102600,28.35,D
sz000021,深科技,2025-10-21 09:56:39,28.29,129700,28.31,D
sz000021,深科技,2025-10-21 09:56:42,28.29,31600,28.29,U
sz000021,深科技,2025-10-21 09:56:45,28.28,48900,28.29,D
sz000021,深科技,2025-10-21 09:56:48,28.26,110600,28.28,D
sz000021,深科技,2025-10-21 09:56:51,28.26,41100,28.26,D
sz000021,深科技,2025-10-21 09:56:54,28.24,57000,28.26,D
sz000021,深科技,2025-10-21 09:56:57,28.25,37800,28.24,E
sz000021,深科技,2025-10-21 09:57:00,28.26,70400,28.25,U
sz000021,深科技,2025-10-21 09:57:03,28.25,90000,28.26,D
sz000021,深科技,2025-10-21 09:57:06,28.25,74500,28.25,U
sz000021,深科技,2025-10-21 09:57:09,28.24,92500,28.25,D
sz000021,深科技,2025-10-21 09:57:12,28.24,126936,28.24,U
sz000021,深科技,2025-10-21 09:57:15,28.23,78500,28.24,U
sz000021,深科技,2025-10-21 09:57:18,28.21,76300,28.23,D
sz000021,深科技,2025-10-21 09:57:21,28.17,219264,28.21,D
sz000021,深科技,2025-10-21 09:57:24,28.16,64900,28.17,D
sz000021,深科技,2025-10-21 09:57:27,28.16,17800,28.16,D
sz000021,深科技,2025-10-21 09:57:30,28.16,33200,28.16,U
sz000021,深科技,2025-10-21 09:57:33,28.16,66500,28.16,U
sz000021,深科技,2025-10-21 09:57:36,28.24,109300,28.16,U
sz000021,深科技,2025-10-21 09:57:39,28.23,36000,28.24,D
sz000021,深科技,2025-10-21 09:57:42,28.23,47300,28.23,U
sz000021,深科技,2025-10-21 09:57:45,28.23,61200,28.23,U
sz000021,深科技,2025-10-21 09:57:48,28.24,33100,28.23,U
sz000021,深科技,2025-10-21 09:57:51,28.29,120600,28.24,U
sz000021,深科技,2025-10-21 09:57:54,28.27,42200,28.29,E
sz000021,深科技,2025-10-21 09:57:57,28.31,19400,28.27,U
sz000021,深科技,2025-10-21 09:58:00,28.28,69200,28.31,D
sz000021,深科技,2025-10-21 09:58:03,28.21,298500,28.28,D
sz000021,深科技,2025-10-21 09:58:06,28.24,90200,28.21,U
sz000021,深科技,2025-10-21 09:58:09,28.23,48700,28.24,E
sz000021,深科技,2025-10-21 09:58:12,28.23,45000,28.23,U
sz000021,深科技,2025-10-21 09:58:15,28.25,22100,28.23,U
sz000021,深科技,2025-10-21 09:58:18,28.2,184600,28.25,D
sz000021,深科技,2025-10-21 09:58:21,28.24,102600,28.2,U
sz000021,深科技,2025-10-21 09:58:24,28.21,30400,28.24,D
sz000021,深科技,2025-10-21 09:58:27,28.23,27700,28.21,E
sz000021,深科技,2025-10-21 09:58:30,28.22,65900,28.23,D
sz000021,深科技,2025-10-21 09:58:33,28.23,48499,28.22,U
sz000021,深科技,2025-10-21 09:58:36,28.23,51700,28.23,U
sz000021,深科技,2025-10-21 09:58:39,28.22,55600,28.23,D
sz000021,深科技,2025-10-21 09:58:42,28.23,23100,28.22,U
sz000021,深科技,2025-10-21 09:58:45,28.22,46200,28.23,D
sz000021,深科技,2025-10-21 09:58:48,28.21,72900,28.22,D
sz000021,深科技,2025-10-21 09:58:51,28.22,40500,28.21,U
sz000021,深科技,2025-10-21 09:58:54,28.21,33800,28.22,D
sz000021,深科技,2025-10-21 09:58:57,28.21,38800,28.21,D
sz000021,深科技,2025-10-21 09:59:00,28.2,31100,28.21,D
sz000021,深科技,2025-10-21 09:59:03,28.2,33701,28.2,D
sz000021,深科技,2025-10-21 09:59:06,28.2,25100,28.2,U
sz000021,深科技,2025-10-21 09:59:09,28.19,31500,28.2,D
sz000021,深科技,2025-10-21 09:59:12,28.19,26900,28.19,D
sz000021,深科技,2025-10-21 09:59:15,28.18,209500,28.19,D
sz000021,深科技,2025-10-21 09:59:18,28.18,16900,28.18,U
sz000021,深科技,2025-10-21 09:59:21,28.17,16700,28.18,U
sz000021,深科技,2025-10-21 09:59:24,28.17,35000,28.17,U
sz000021,深科技,2025-10-21 09:59:27,28.16,70400,28.17,D
sz000021,深科技,2025-10-21 09:59:30,28.16,26200,28.16,U
sz000021,深科技,2025-10-21 09:59:33,28.17,28500,28.16,U
sz000021,深科技,2025-10-21 09:59:36,28.18,21400,28.17,U
sz000021,深科技,2025-10-21 09:59:39,28.18,35200,28.18,U
sz000021,深科技,2025-10-21 09:59:42,28.2,26500,28.18,U
sz000021,深科技,2025-10-21 09:59:45,28.22,61500,28.2,U
sz000021,深科技,2025-10-21 09:59:48,28.22,24200,28.22,U
sz000021,深科技,2025-10-21 09:59:51,28.23,31900,28.22,U
sz000021,深科技,2025-10-21 09:59:54,28.24,37000,28.23,U
sz000021,深科技,2025-10-21 09:59:57,28.26,13499,28.24,U
sz000021,深科技,2025-10-21 10:00:03,28.23,134900,28.26,D
sz000021,深科技,2025-10-21 10:00:06,28.24,89300,28.23,U
sz000021,深科技,2025-10-21 10:00:09,28.24,20200,28.24,U
sz000021,深科技,2025-10-21 10:00:12,28.24,45600,28.24,U
sz000021,深科技,2025-10-21 10:00:15,28.25,19700,28.24,U
sz000021,深科技,2025-10-21 10:00:18,28.26,45500,28.25,U
sz000021,深科技,2025-10-21 10:00:21,28.24,64800,28.26,D
sz000021,深科技,2025-10-21 10:00:24,28.25,78900,28.24,U
sz000021,深科技,2025-10-21 10:00:27,28.22,77300,28.25,D
sz000021,深科技,2025-10-21 10:00:30,28.2,46400,28.22,D
sz000021,深科技,2025-10-21 10:00:33,28.21,96900,28.2,U
sz000021,深科技,2025-10-21 10:00:36,28.2,24500,28.21,D
sz000021,深科技,2025-10-21 10:00:39,28.2,69400,28.2,D
sz000021,深科技,2025-10-21 10:00:42,28.19,38000,28.2,D
sz000021,深科技,2025-10-21 10:00:45,28.2,43200,28.19,U
sz000021,深科技,2025-10-21 10:00:48,28.18,29500,28.2,D
sz000021,深科技,2025-10-21 10:00:51,28.18,30100,28.18,D
sz000021,深科技,2025-10-21 10:00:54,28.17,39000,28.18,D
sz000021,深科技,2025-10-21 10:00:57,28.17,133800,28.17,D
sz000021,深科技,2025-10-21 10:01:00,28.14,20800,28.17,D
sz000021,深科技,2025-10-21 10:01:03,28.14,42200,28.14,D
sz000021,深科技,2025-10-21 10:01:06,28.12,55200,28.14,D
sz000021,深科技,2025-10-21 10:01:09,28.13,76800,28.12,U
sz000021,深科技,2025-10-21 10:01:12,28.14,107000,28.13,U
sz000021,深科技,2025-10-21 10:01:15,28.15,50800,28.14,U
sz000021,深科技,2025-10-21 10:01:18,28.16,27200,28.15,U
sz000021,深科技,2025-10-21 10:01:21,28.15,33300,28.16,D
sz000021,深科技,2025-10-21 10:01:24,28.15,20300,28.15,U
sz000021,深科技,2025-10-21 10:01:27,28.14,23300,28.15,D
sz000021,深科技,2025-10-21 10:01:30,28.14,24500,28.14,D
sz000021,深科技,2025-10-21 10:01:33,28.14,15600,28.14,D
sz000021,深科技,2025-10-21 10:01:36,28.14,17800,28.14,U
sz000021,深科技,2025-10-21 10:01:39,28.14,36900,28.14,U
sz000021,深科技,2025-10-21 10:01:42,28.15,22400,28.14,U
sz000021,深科技,2025-10-21 10:01:45,28.14,38600,28.15,D
sz000021,深科技,2025-10-21 10:01:48,28.15,12800,28.14,U
sz000021,深科技,2025-10-21 10:01:51,28.15,36800,28.15,U
sz000021,深科技,2025-10-21 10:01:54,28.16,26900,28.15,U
sz000021,深科技,2025-10-21 10:01:57,28.14,25100,28.16,D
sz000021,深科技,2025-10-21 10:02:00,28.15,19600,28.14,D
sz000021,深科技,2025-10-21 10:02:03,28.14,99800,28.15,D
sz000021,深科技,2025-10-21 10:02:06,28.12,126000,28.14,D
sz000021,深科技,2025-10-21 10:02:09,28.12,35900,28.12,D
sz000021,深科技,2025-10-21 10:02:12,28.12,156700,28.12,D
sz000021,深科技,2025-10-21 10:02:15,28.1,35700,28.12,D
sz000021,深科技,2025-10-21 10:02:18,28.09,166400,28.1,D
sz000021,深科技,2025-10-21 10:02:21,28.09,26000,28.09,D
sz000021,深科技,2025-10-21 10:02:24,28.08,75200,28.09,D
sz000021,深科技,2025-10-21 10:02:27,28.07,16700,28.08,D
sz000021,深科技,2025-10-21 10:02:30,28.06,24100,28.07,D
sz000021,深科技,2025-10-21 10:02:33,28.05,18000,28.06,D
sz000021,深科技,2025-10-21 10:02:36,28.03,95100,28.05,D
sz000021,深科技,2025-10-21 10:02:39,28.04,38500,28.03,E
sz000021,深科技,2025-10-21 10:02:42,28.06,124300,28.04,U
sz000021,深科技,2025-10-21 10:02:45,28.06,39500,28.06,D
sz000021,深科技,2025-10-21 10:02:48,28.05,26800,28.06,E
sz000021,深科技,2025-10-21 10:02:51,28.07,74500,28.05,U
sz000021,深科技,2025-10-21 10:02:54,28.05,38568,28.07,D
sz000021,深科技,2025-10-21 10:02:57,28.07,27600,28.05,D
sz000021,深科技,2025-10-21 10:03:00,28.07,27400,28.07,D
sz000021,深科技,2025-10-21 10:03:03,28.07,34200,28.07,U
sz000021,深科技,2025-10-21 10:03:06,28.06,30900,28.07,D
sz000021,深科技,2025-10-21 10:03:09,28.07,20600,28.06,U
sz000021,深科技,2025-10-21 10:03:12,28.06,33400,28.07,D
sz000021,深科技,2025-10-21 10:03:15,28.07,17632,28.06,U
sz000021,深科技,2025-10-21 10:03:18,28.06,48600,28.07,D
sz000021,深科技,2025-10-21 10:03:21,28.07,37400,28.06,U
sz000021,深科技,2025-10-21 10:03:24,28.08,43100,28.07,U
sz000021,深科技,2025-10-21 10:03:27,28.09,78100,28.08,U
sz000021,深科技,2025-10-21 10:03:30,28.1,32800,28.09,U
sz000021,深科技,2025-10-21 10:03:33,28.09,17400,28.1,D
sz000021,深科技,2025-10-21 10:03:36,28.1,22800,28.09,U
sz000021,深科技,2025-10-21 10:03:39,28.1,34700,28.1,U
sz000021,深科技,2025-10-21 10:03:45,28.1,47700,28.1,U
sz000021,深科技,2025-10-21 10:03:48,28.1,16700,28.1,D
sz000021,深科技,2025-10-21 10:03:51,28.11,33600,28.1,U
sz000021,深科技,2025-10-21 10:03:54,28.1,23800,28.11,D
sz000021,深科技,2025-10-21 10:03:57,28.11,29100,28.1,U
sz000021,深科技,2025-10-21 10:04:00,28.12,16800,28.11,U
sz000021,深科技,2025-10-21 10:04:03,28.13,10783,28.12,U
sz000021,深科技,2025-10-21 10:04:06,28.13,28200,28.13,D
sz000021,深科技,2025-10-21 10:04:09,28.15,31600,28.13,U
sz000021,深科技,2025-10-21 10:04:12,28.16,44200,28.15,U
sz000021,深科技,2025-10-21 10:04:15,28.17,22500,28.16,U
sz000021,深科技,2025-10-21 10:04:18,28.17,23100,28.17,U
sz000021,深科技,2025-10-21 10:04:21,28.18,37300,28.17,U
sz000021,深科技,2025-10-21 10:04:24,28.18,58100,28.18,U
sz000021,深科技,2025-10-21 10:04:27,28.18,38800,28.18,U
sz000021,深科技,2025-10-21 10:04:30,28.2,13900,28.18,U
sz000021,深科技,2025-10-21 10:04:33,28.18,99000,28.2,D
sz000021,深科技,2025-10-21 10:04:36,28.18,45400,28.18,U
sz000021,深科技,2025-10-21 10:04:39,28.19,7700,28.18,U
sz000021,深科技,2025-10-21 10:04:42,28.19,28400,28.19,U
sz000021,深科技,2025-10-21 10:04:45,28.21,19200,28.19,U
sz000021,深科技,2025-10-21 10:04:48,28.19,52700,28.21,D
sz000021,深科技,2025-10-21 10:04:51,28.21,46500,28.19,U
sz000021,深科技,2025-10-21 10:04:54,28.21,25800,28.21,U
sz000021,深科技,2025-10-21 10:04:57,28.2,28900,28.21,E
sz000021,深科技,2025-10-21 10:05:00,28.19,131000,28.2,D
sz000021,深科技,2025-10-21 10:05:03,28.17,23600,28.19,E
sz000021,深科技,2025-10-21 10:05:06,28.19,28100,28.17,U
sz000021,深科技,2025-10-21 10:05:09,28.3,242617,28.19,U
sz000021,深科技,2025-10-21 10:05:12,28.33,80900,28.3,U
sz000021,深科技,2025-10-21 10:05:15,28.31,18400,28.33,E
sz000021,深科技,2025-10-21 10:05:18,28.35,21100,28.31,U
sz000021,深科技,2025-10-21 10:05:21,28.38,40800,28.35,U
sz000021,深科技,2025-10-21 10:05:24,28.38,102600,28.38,U
sz000021,深科技,2025-10-21 10:05:27,28.38,21300,28.38,D
sz000021,深科技,2025-10-21 10:05:30,28.36,43400,28.38,D
sz000021,深科技,2025-10-21 10:05:33,28.38,43000,28.36,U
sz000021,深科技,2025-10-21 10:05:36,28.37,27700,28.38,D
sz000021,深科技,2025-10-21 10:05:39,28.38,76100,28.37,U
sz000021,深科技,2025-10-21 10:05:42,28.39,41400,28.38,U
sz000021,深科技,2025-10-21 10:05:45,28.38,38800,28.39,D
sz000021,深科技,2025-10-21 10:05:48,28.38,56700,28.38,D
sz000021,深科技,2025-10-21 10:05:51,28.38,41700,28.38,D
sz000021,深科技,2025-10-21 10:05:54,28.4,66200,28.38,U
sz000021,深科技,2025-10-21 10:05:57,28.42,118700,28.4,U
sz000021,深科技,2025-10-21 10:06:00,28.44,77500,28.42,U
sz000021,深科技,2025-10-21 10:06:03,28.45,83300,28.44,U
sz000021,深科技,2025-10-21 10:06:06,28.44,15000,28.45,D
sz000021,深科技,2025-10-21 10:06:09,28.43,64200,28.44,D
sz000021,深科技,2025-10-21 10:06:12,28.42,50600,28.43,D
sz000021,深科技,2025-10-21 10:06:15,28.4,21200,28.42,D
sz000021,深科技,2025-10-21 10:06:18,28.4,30600,28.4,U
sz000021,深科技,2025-10-21 10:06:21,28.4,131800,28.4,D
sz000021,深科技,2025-10-21 10:06:24,28.39,36700,28.4,D
sz000021,深科技,2025-10-21 10:06:27,28.38,45900,28.39,D
sz000021,深科技,2025-10-21 10:06:30,28.37,38400,28.38,D
sz000021,深科技,2025-10-21 10:06:33,28.35,65900,28.37,D
sz000021,深科技,2025-10-21 10:06:36,28.33,22000,28.35,D
sz000021,深科技,2025-10-21 10:06:39,28.32,14000,28.33,D
sz000021,深科技,2025-10-21 10:06:42,28.32,33800,28.32,D
sz000021,深科技,2025-10-21 10:06:45,28.32,32437,28.32,U
sz000021,深科技,2025-10-21 10:06:48,28.31,24700,28.32,D
sz000021,深科技,2025-10-21 10:06:51,28.3,19700,28.31,D
sz000021,深科技,2025-10-21 10:06:54,28.29,35500,28.3,D
sz000021,深科技,2025-10-21 10:06:57,28.39,460968,28.29,U
sz000021,深科技,2025-10-21 10:07:00,28.39,46500,28.39,U
sz000021,深科技,2025-10-21 10:07:03,28.38,56900,28.39,E
sz000021,深科技,2025-10-21 10:07:06,28.39,72100,28.38,E
sz000021,深科技,2025-10-21 10:07:09,28.4,22500,28.39,E
sz000021,深科技,2025-10-21 10:07:12,28.42,52000,28.4,U
sz000021,深科技,2025-10-21 10:07:15,28.4,14200,28.42,D
sz000021,深科技,2025-10-21 10:07:18,28.41,30400,28.4,E
sz000021,深科技,2025-10-21 10:07:21,28.4,24600,28.41,D
sz000021,深科技,2025-10-21 10:07:24,28.4,34300,28.4,D
sz000021,深科技,2025-10-21 10:07:27,28.39,16400,28.4,D
sz000021,深科技,2025-10-21 10:07:30,28.36,59600,28.39,D
sz000021,深科技,2025-10-21 10:07:33,28.36,17300,28.36,D
sz000021,深科技,2025-10-21 10:07:36,28.36,28100,28.36,D
sz000021,深科技,2025-10-21 10:07:39,28.35,17600,28.36,D
sz000021,深科技,2025-10-21 10:07:42,28.37,73300,28.35,U
sz000021,深科技,2025-10-21 10:07:45,28.37,26100,28.37,D
sz000021,深科技,2025-10-21 10:07:48,28.37,20300,28.37,D
sz000021,深科技,2025-10-21 10:07:51,28.35,31800,28.37,D
sz000021,深科技,2025-10-21 10:07:54,28.35,39500,28.35,D
sz000021,深科技,2025-10-21 10:07:57,28.35,19200,28.35,D
sz000021,深科技,2025-10-21 10:08:00,28.39,286800,28.35,U
sz000021,深科技,2025-10-21 10:08:03,28.41,70500,28.39,U
sz000021,深科技,2025-10-21 10:08:06,28.4,107288,28.41,D
sz000021,深科技,2025-10-21 10:08:09,28.43,110300,28.4,E
sz000021,深科技,2025-10-21 10:08:12,28.46,55700,28.43,U
sz000021,深科技,2025-10-21 10:08:15,28.45,31400,28.46,E
sz000021,深科技,2025-10-21 10:08:18,28.45,57700,28.45,D
sz000021,深科技,2025-10-21 10:08:21,28.42,27400,28.45,D
sz000021,深科技,2025-10-21 10:08:24,28.44,14700,28.42,U
sz000021,深科技,2025-10-21 10:08:27,28.44,45600,28.44,U
sz000021,深科技,2025-10-21 10:08:30,28.38,21500,28.44,D
sz000021,深科技,2025-10-21 10:08:33,28.41,32900,28.38,U
sz000021,深科技,2025-10-21 10:08:36,28.39,21700,28.41,D
sz000021,深科技,2025-10-21 10:08:39,28.39,23200,28.39,U
sz000021,深科技,2025-10-21 10:08:42,28.39,27800,28.39,U
sz000021,深科技,2025-10-21 10:08:45,28.39,17000,28.39,D
sz000021,深科技,2025-10-21 10:08:48,28.38,29200,28.39,D
sz000021,深科技,2025-10-21 10:08:51,28.37,59800,28.38,D
sz000021,深科技,2025-10-21 10:08:54,28.38,18800,28.37,U
sz000021,深科技,2025-10-21 10:08:57,28.38,29100,28.38,D
sz000021,深科技,2025-10-21 10:09:00,28.4,60000,28.38,U
sz000021,深科技,2025-10-21 10:09:03,28.42,47300,28.4,U
sz000021,深科技,2025-10-21 10:09:06,28.42,35500,28.42,U
sz000021,深科技,2025-10-21 10:09:09,28.43,17700,28.42,U
sz000021,深科技,2025-10-21 10:09:12,28.43,15200,28.43,U
sz000021,深科技,2025-10-21 10:09:15,28.39,22300,28.43,D
sz000021,深科技,2025-10-21 10:09:18,28.4,128900,28.39,U
sz000021,深科技,2025-10-21 10:09:21,28.41,16178,28.4,U
sz000021,深科技,2025-10-21 10:09:24,28.4,24400,28.41,D
sz000021,深科技,2025-10-21 10:09:27,28.4,30300,28.4,D
sz000021,深科技,2025-10-21 10:09:30,28.39,59500,28.4,E
sz000021,深科技,2025-10-21 10:09:33,28.39,45500,28.39,D
sz000021,深科技,2025-10-21 10:09:36,28.36,21400,28.39,D
sz000021,深科技,2025-10-21 10:09:39,28.36,25900,28.36,U
sz000021,深科技,2025-10-21 10:09:42,28.35,28900,28.36,D
sz000021,深科技,2025-10-21 10:09:45,28.36,24300,28.35,U
sz000021,深科技,2025-10-21 10:09:48,28.36,26600,28.36,U
sz000021,深科技,2025-10-21 10:09:51,28.36,9300,28.36,E
sz000021,深科技,2025-10-21 10:09:54,28.35,15600,28.36,D
sz000021,深科技,2025-10-21 10:09:57,28.34,13000,28.35,D
sz000021,深科技,2025-10-21 10:10:00,28.34,36300,28.34,D
sz000021,深科技,2025-10-21 10:10:03,28.34,40600,28.34,D
sz000021,深科技,2025-10-21 10:10:09,28.32,12600,28.34,D
sz000021,深科技,2025-10-21 10:10:15,28.31,38200,28.32,D
sz000021,深科技,2025-10-21 10:10:18,28.33,40300,28.31,U
sz000021,深科技,2025-10-21 10:10:21,28.32,38100,28.33,D
sz000021,深科技,2025-10-21 10:10:27,28.31,22900,28.31,D
sz000021,深科技,2025-10-21 10:10:30,28.32,32900,28.31,U
sz000021,深科技,2025-10-21 10:10:33,28.37,155800,28.32,U
sz000021,深科技,2025-10-21 10:10:36,28.38,56000,28.37,U
sz000021,深科技,2025-10-21 10:10:39,28.38,33900,28.38,D
sz000021,深科技,2025-10-21 10:10:42,28.37,14100,28.38,D
sz000021,深科技,2025-10-21 10:10:45,28.37,23300,28.37,D
sz000021,深科技,2025-10-21 10:10:48,28.37,16800,28.37,U
sz000021,深科技,2025-10-21 10:10:51,28.37,43800,28.37,U
sz000021,深科技,2025-10-21 10:10:54,28.37,17400,28.37,D
sz000021,深科技,2025-10-21 10:11:00,28.35,16200,28.36,D
sz000021,深科技,2025-10-21 10:11:06,28.35,24600,28.34,U
sz000021,深科技,2025-10-21 10:11:09,28.36,35900,28.35,U
sz000021,深科技,2025-10-21 10:11:12,28.42,198500,28.36,U
sz000021,深科技,2025-10-21 10:11:15,28.41,34300,28.42,D
sz000021,深科技,2025-10-21 10:11:18,28.42,16600,28.41,U
sz000021,深科技,2025-10-21 10:11:21,28.4,7800,28.42,D
sz000021,深科技,2025-10-21 10:11:24,28.39,25500,28.4,D
sz000021,深科技,2025-10-21 10:11:27,28.41,54000,28.39,U
sz000021,深科技,2025-10-21 10:11:30,28.41,22400,28.41,U
sz000021,深科技,2025-10-21 10:11:33,28.39,22500,28.41,D
sz000021,深科技,2025-10-21 10:11:36,28.39,45200,28.39,D
sz000021,深科技,2025-10-21 10:11:39,28.37,34200,28.39,D
sz000021,深科技,2025-10-21 10:11:42,28.39,15200,28.37,U
sz000021,深科技,2025-10-21 10:11:48,28.39,28600,28.39,D
sz000021,深科技,2025-10-21 10:11:51,28.38,7800,28.39,D
sz000021,深科技,2025-10-21 10:11:54,28.39,60900,28.38,U
sz000021,深科技,2025-10-21 10:11:57,28.38,16200,28.39,D
sz000021,深科技,2025-10-21 10:12:00,28.38,19100,28.38,U
sz000021,深科技,2025-10-21 10:12:03,28.34,145600,28.38,D
sz000021,深科技,2025-10-21 10:12:06,28.36,56200,28.34,U
sz000021,深科技,2025-10-21 10:12:09,28.34,26800,28.36,D
sz000021,深科技,2025-10-21 10:12:12,28.37,10300,28.34,U
sz000021,深科技,2025-10-21 10:12:15,28.37,26200,28.37,U
sz000021,深科技,2025-10-21 10:12:18,28.35,10500,28.37,D
sz000021,深科技,2025-10-21 10:12:21,28.35,16400,28.35,D
sz000021,深科技,2025-10-21 10:12:24,28.4,244300,28.35,U
sz000021,深科技,2025-10-21 10:12:27,28.4,55200,28.4,U
sz000021,深科技,2025-10-21 10:12:30,28.35,19000,28.4,D
sz000021,深科技,2025-10-21 10:12:36,28.35,16400,28.38,D
sz000021,深科技,2025-10-21 10:12:39,28.35,8800,28.35,U
sz000021,深科技,2025-10-21 10:12:42,28.34,29600,28.35,D
sz000021,深科技,2025-10-21 10:12:45,28.33,53200,28.34,D
sz000021,深科技,2025-10-21 10:12:48,28.35,32800,28.33,U
sz000021,深科技,2025-10-21 10:12:51,28.37,21500,28.35,E
sz000021,深科技,2025-10-21 10:12:54,28.4,21600,28.37,U
sz000021,深科技,2025-10-21 10:12:57,28.4,40300,28.4,U
sz000021,深科技,2025-10-21 10:13:00,28.38,20800,28.4,D
sz000021,深科技,2025-10-21 10:13:03,28.4,14000,28.38,U
sz000021,深科技,2025-10-21 10:13:06,28.38,64400,28.4,U
sz000021,深科技,2025-10-21 10:13:09,28.39,94600,28.38,U
sz000021,深科技,2025-10-21 10:13:12,28.4,22800,28.39,U
sz000021,深科技,2025-10-21 10:13:18,28.39,17400,28.39,U
sz000021,深科技,2025-10-21 10:13:21,28.39,20200,28.39,U
sz000021,深科技,2025-10-21 10:13:24,28.39,42200,28.39,U
sz000021,深科技,2025-10-21 10:13:30,28.36,17400,28.36,D
sz000021,深科技,2025-10-21 10:13:33,28.38,17400,28.36,U
sz000021,深科技,2025-10-21 10:13:36,28.38,20900,28.38,D
sz000021,深科技,2025-10-21 10:13:39,28.38,18000,28.38,D
sz000021,深科技,2025-10-21 10:13:42,28.38,13000,28.38,U
sz000021,深科技,2025-10-21 10:13:45,28.37,27600,28.38,D
sz000021,深科技,2025-10-21 10:13:48,28.37,18400,28.37,U
sz000021,深科技,2025-10-21 10:13:51,28.36,12700,28.37,D
sz000021,深科技,2025-10-21 10:13:54,28.35,43600,28.36,D
sz000021,深科技,2025-10-21 10:13:57,28.34,36600,28.35,D
sz000021,深科技,2025-10-21 10:14:00,28.33,18100,28.34,D
sz000021,深科技,2025-10-21 10:14:03,28.33,10400,28.33,D
sz000021,深科技,2025-10-21 10:14:06,28.36,93200,28.33,U
sz000021,深科技,2025-10-21 10:14:09,28.36,14500,28.36,D
sz000021,深科技,2025-10-21 10:14:12,28.39,115700,28.36,U
sz000021,深科技,2025-10-21 10:14:15,28.41,57379,28.39,U
sz000021,深科技,2025-10-21 10:14:18,28.39,128521,28.41,D
sz000021,深科技,2025-10-21 10:14:21,28.39,10700,28.39,U
sz000021,深科技,2025-10-21 10:14:24,28.4,14100,28.39,U
sz000021,深科技,2025-10-21 10:14:27,28.4,35900,28.4,U
sz000021,深科技,2025-10-21 10:14:30,28.4,9150,28.4,U
sz000021,深科技,2025-10-21 10:14:33,28.41,20650,28.4,U
sz000021,深科技,2025-10-21 10:14:36,28.41,19500,28.41,U
sz000021,深科技,2025-10-21 10:14:39,28.41,38700,28.41,U
sz000021,深科技,2025-10-21 10:14:42,28.41,18350,28.41,U
sz000021,深科技,2025-10-21 10:14:45,28.41,63600,28.41,U
sz000021,深科技,2025-10-21 10:14:48,28.41,17500,28.41,U
sz000021,深科技,2025-10-21 10:14:51,28.42,12200,28.41,E
sz000021,深科技,2025-10-21 10:14:54,28.43,14800,28.42,U
sz000021,深科技,2025-10-21 10:15:00,28.42,7600,28.42,D
sz000021,深科技,2025-10-21 10:15:03,28.42,14300,28.42,D
sz000021,深科技,2025-10-21 10:15:06,28.41,27100,28.42,D
sz000021,深科技,2025-10-21 10:15:09,28.41,12300,28.41,D
sz000021,深科技,2025-10-21 10:15:12,28.4,9800,28.41,D
sz000021,深科技,2025-10-21 10:15:15,28.4,11700,28.4,D
sz000021,深科技,2025-10-21 10:15:18,28.37,52600,28.4,D
sz000021,深科技,2025-10-21 10:15:24,28.37,10450,28.38,D
sz000021,深科技,2025-10-21 10:15:27,28.33,43700,28.37,D
sz000021,深科技,2025-10-21 10:15:33,28.33,11900,28.34,D
sz000021,深科技,2025-10-21 10:15:36,28.34,16000,28.33,U
sz000021,深科技,2025-10-21 10:15:39,28.33,16200,28.34,D
sz000021,深科技,2025-10-21 10:15:42,28.34,10300,28.33,U
sz000021,深科技,2025-10-21 10:15:45,28.37,40953,28.34,U
sz000021,深科技,2025-10-21 10:15:48,28.38,22350,28.37,U
sz000021,深科技,2025-10-21 10:15:51,28.38,25500,28.38,D
sz000021,深科技,2025-10-21 10:15:54,28.39,45100,28.38,U
sz000021,深科技,2025-10-21 10:15:57,28.41,20300,28.39,U
sz000021,深科技,2025-10-21 10:16:00,28.41,23300,28.41,D
sz000021,深科技,2025-10-21 10:16:03,28.42,64600,28.41,U
sz000021,深科技,2025-10-21 10:16:06,28.42,31100,28.42,U
sz000021,深科技,2025-10-21 10:16:09,28.41,23600,28.42,D
sz000021,深科技,2025-10-21 10:16:12,28.41,11800,28.41,D
sz000021,深科技,2025-10-21 10:16:15,28.37,74000,28.41,D
sz000021,深科技,2025-10-21 10:16:18,28.34,44000,28.37,D
sz000021,深科技,2025-10-21 10:16:21,28.3,66700,28.34,D
sz000021,深科技,2025-10-21 10:16:24,28.29,23200,28.3,D
sz000021,深科技,2025-10-21 10:16:27,28.25,92500,28.29,D
sz000021,深科技,2025-10-21 10:16:30,28.27,42900,28.25,U
sz000021,深科技,2025-10-21 10:16:33,28.29,86400,28.27,U
sz000021,深科技,2025-10-21 10:16:36,28.29,49100,28.29,U
sz000021,深科技,2025-10-21 10:16:39,28.3,18100,28.29,E
sz000021,深科技,2025-10-21 10:16:42,28.3,44300,28.3,E
sz000021,深科技,2025-10-21 10:16:45,28.31,111300,28.3,U
sz000021,深科技,2025-10-21 10:16:48,28.34,23700,28.31,U
sz000021,深科技,2025-10-21 10:16:51,28.34,30900,28.34,U
sz000021,深科技,2025-10-21 10:16:54,28.34,9100,28.34,U
sz000021,深科技,2025-10-21 10:16:57,28.35,33100,28.34,U
sz000021,深科技,2025-10-21 10:17:00,28.34,45200,28.35,D
sz000021,深科技,2025-10-21 10:17:03,28.36,17800,28.34,U
sz000021,深科技,2025-10-21 10:17:06,28.36,21000,28.36,D
sz000021,深科技,2025-10-21 10:17:09,28.42,133200,28.36,U
sz000021,深科技,2025-10-21 10:17:12,28.43,60200,28.42,U
sz000021,深科技,2025-10-21 10:17:15,28.43,27400,28.43,U
sz000021,深科技,2025-10-21 10:17:18,28.42,60900,28.43,D
sz000021,深科技,2025-10-21 10:17:21,28.42,30300,28.42,D
sz000021,深科技,2025-10-21 10:17:24,28.41,14000,28.42,D
sz000021,深科技,2025-10-21 10:17:27,28.41,47400,28.41,U
sz000021,深科技,2025-10-21 10:17:33,28.42,15900,28.4,U
sz000021,深科技,2025-10-21 10:17:36,28.39,9500,28.42,D
sz000021,深科技,2025-10-21 10:17:39,28.4,39800,28.39,U
sz000021,深科技,2025-10-21 10:17:42,28.39,25000,28.4,D
sz000021,深科技,2025-10-21 10:17:48,28.4,27600,28.39,U
sz000021,深科技,2025-10-21 10:17:51,28.39,89200,28.4,D
sz000021,深科技,2025-10-21 10:17:54,28.4,12900,28.39,E
sz000021,深科技,2025-10-21 10:17:57,28.39,15800,28.4,D
sz000021,深科技,2025-10-21 10:18:00,28.39,24600,28.39,D
sz000021,深科技,2025-10-21 10:18:03,28.4,44400,28.39,U
sz000021,深科技,2025-10-21 10:18:06,28.38,10200,28.4,D
sz000021,深科技,2025-10-21 10:18:09,28.39,9700,28.38,U
sz000021,深科技,2025-10-21 10:18:12,28.38,10200,28.39,D
sz000021,深科技,2025-10-21 10:18:15,28.39,14700,28.38,U
sz000021,深科技,2025-10-21 10:18:18,28.39,17100,28.39,D
sz000021,深科技,2025-10-21 10:18:21,28.39,11100,28.39,D
sz000021,深科技,2025-10-21 10:18:24,28.39,13100,28.39,D
sz000021,深科技,2025-10-21 10:18:27,28.39,11800,28.39,D
sz000021,深科技,2025-10-21 10:18:30,28.35,141400,28.39,D
sz000021,深科技,2025-10-21 10:18:33,28.32,15000,28.35,D
sz000021,深科技,2025-10-21 10:18:39,28.31,53600,28.32,D
sz000021,深科技,2025-10-21 10:18:42,28.32,56100,28.31,U
sz000021,深科技,2025-10-21 10:18:45,28.3,35000,28.32,D
sz000021,深科技,2025-10-21 10:18:48,28.31,36300,28.3,U
sz000021,深科技,2025-10-21 10:18:51,28.34,13000,28.31,U
sz000021,深科技,2025-10-21 10:18:54,28.35,15700,28.34,U
sz000021,深科技,2025-10-21 10:18:57,28.35,9871,28.35,D
sz000021,深科技,2025-10-21 10:19:00,28.35,14400,28.35,D
sz000021,深科技,2025-10-21 10:19:06,28.38,15771,28.35,U
sz000021,深科技,2025-10-21 10:19:09,28.39,42500,28.38,U
sz000021,深科技,2025-10-21 10:19:12,28.38,43100,28.39,D
sz000021,深科技,2025-10-21 10:19:15,28.4,49700,28.38,U
sz000021,深科技,2025-10-21 10:19:18,28.37,10100,28.4,E
sz000021,深科技,2025-10-21 10:19:21,28.38,8300,28.37,U
sz000021,深科技,2025-10-21 10:19:24,28.38,38600,28.38,U
sz000021,深科技,2025-10-21 10:19:27,28.39,10300,28.38,U
sz000021,深科技,2025-10-21 10:19:33,28.38,26600,28.39,D
sz000021,深科技,2025-10-21 10:19:39,28.38,42300,28.38,U
sz000021,深科技,2025-10-21 10:19:42,28.37,10500,28.38,E
sz000021,深科技,2025-10-21 10:19:45,28.4,10700,28.37,U
sz000021,深科技,2025-10-21 10:19:48,28.4,24500,28.4,U
sz000021,深科技,2025-10-21 10:20:00,28.38,10400,28.39,D
sz000021,深科技,2025-10-21 10:20:03,28.38,9600,28.38,U
sz000021,深科技,2025-10-21 10:20:06,28.39,17300,28.38,U
sz000021,深科技,2025-10-21 10:20:09,28.41,192900,28.39,U
sz000021,深科技,2025-10-21 10:20:12,28.42,75500,28.41,U
sz000021,深科技,2025-10-21 10:20:15,28.41,32100,28.42,D
sz000021,深科技,2025-10-21 10:20:18,28.4,22100,28.41,D
sz000021,深科技,2025-10-21 10:20:21,28.39,163400,28.4,D
sz000021,深科技,2025-10-21 10:20:24,28.36,18900,28.39,E
sz000021,深科技,2025-10-21 10:20:27,28.36,9500,28.36,U
sz000021,深科技,2025-10-21 10:20:30,28.38,35100,28.36,U
sz000021,深科技,2025-10-21 10:20:36,28.39,16700,28.38,U
sz000021,深科技,2025-10-21 10:20:42,28.39,9100,28.39,U
sz000021,深科技,2025-10-21 10:20:45,28.36,64300,28.39,D
sz000021,深科技,2025-10-21 10:20:48,28.34,59600,28.36,D
sz000021,深科技,2025-10-21 10:20:54,28.31,9600,28.35,D
sz000021,深科技,2025-10-21 10:21:00,28.32,73300,28.35,D
sz000021,深科技,2025-10-21 10:21:03,28.33,9200,28.32,U
sz000021,深科技,2025-10-21 10:21:09,28.32,19300,28.33,D
sz000021,深科技,2025-10-21 10:21:12,28.32,28400,28.32,U
sz000021,深科技,2025-10-21 10:21:15,28.32,21200,28.32,D
sz000021,深科技,2025-10-21 10:21:18,28.34,13200,28.32,E
sz000021,深科技,2025-10-21 10:21:21,28.36,32500,28.34,U
sz000021,深科技,2025-10-21 10:21:27,28.35,7200,28.36,D
sz000021,深科技,2025-10-21 10:21:30,28.34,13100,28.35,D
sz000021,深科技,2025-10-21 10:21:39,28.34,11300,28.34,U
sz000021,深科技,2025-10-21 10:21:42,28.34,21300,28.34,U
sz000021,深科技,2025-10-21 10:21:45,28.35,13200,28.34,U
sz000021,深科技,2025-10-21 10:21:51,28.34,9700,28.35,D
sz000021,深科技,2025-10-21 10:21:54,28.34,22000,28.34,D
sz000021,深科技,2025-10-21 10:22:03,28.32,11500,28.34,E
sz000021,深科技,2025-10-21 10:22:06,28.33,16500,28.32,U
sz000021,深科技,2025-10-21 10:22:09,28.33,14400,28.33,D
sz000021,深科技,2025-10-21 10:22:12,28.33,14300,28.33,D
sz000021,深科技,2025-10-21 10:22:15,28.35,120400,28.33,U
sz000021,深科技,2025-10-21 10:22:18,28.37,12500,28.35,U
sz000021,深科技,2025-10-21 10:22:21,28.36,21400,28.37,D
sz000021,深科技,2025-10-21 10:22:36,28.34,8500,28.35,D
sz000021,深科技,2025-10-21 10:22:42,28.34,10700,28.34,U
sz000021,深科技,2025-10-21 10:22:51,28.35,8000,28.35,U
sz000021,深科技,2025-10-21 10:22:54,28.35,44400,28.35,U
sz000021,深科技,2025-10-21 10:22:57,28.37,8500,28.35,U
sz000021,深科技,2025-10-21 10:23:03,28.36,14400,28.36,D
sz000021,深科技,2025-10-21 10:23:06,28.36,8600,28.36,D
sz000021,深科技,2025-10-21 10:23:12,28.36,30300,28.36,U
sz000021,深科技,2025-10-21 10:23:15,28.4,108300,28.36,U
sz000021,深科技,2025-10-21 10:23:18,28.42,86700,28.4,U
sz000021,深科技,2025-10-21 10:23:21,28.42,18700,28.42,U
sz000021,深科技,2025-10-21 10:23:24,28.41,98300,28.42,D
sz000021,深科技,2025-10-21 10:23:33,28.4,15400,28.42,D
sz000021,深科技,2025-10-21 10:23:36,28.42,10400,28.4,U
sz000021,深科技,2025-10-21 10:23:39,28.42,13200,28.42,U
sz000021,深科技,2025-10-21 10:23:45,28.4,13700,28.41,D
sz000021,深科技,2025-10-21 10:23:54,28.4,11500,28.39,U
sz000021,深科技,2025-10-21 10:24:03,28.39,25700,28.39,U
sz000021,深科技,2025-10-21 10:24:09,28.4,23400,28.4,U
sz000021,深科技,2025-10-21 10:24:12,28.39,24100,28.4,D
sz000021,深科技,2025-10-21 10:24:15,28.4,14800,28.39,U
sz000021,深科技,2025-10-21 10:24:18,28.4,41800,28.4,U
sz000021,深科技,2025-10-21 10:24:21,28.41,13800,28.4,U
sz000021,深科技,2025-10-21 10:24:24,28.42,22300,28.41,U
sz000021,深科技,2025-10-21 10:24:27,28.42,26300,28.42,U
sz000021,深科技,2025-10-21 10:24:30,28.42,23600,28.42,U
sz000021,深科技,2025-10-21 10:24:33,28.42,32900,28.42,U
sz000021,深科技,2025-10-21 10:24:36,28.41,21400,28.42,D
sz000021,深科技,2025-10-21 10:24:39,28.42,27200,28.41,U
sz000021,深科技,2025-10-21 10:24:42,28.42,19300,28.42,U
sz000021,深科技,2025-10-21 10:24:45,28.42,13300,28.42,D
sz000021,深科技,2025-10-21 10:24:48,28.42,12700,28.42,D
sz000021,深科技,2025-10-21 10:24:51,28.42,17200,28.42,U
sz000021,深科技,2025-10-21 10:24:54,28.41,9600,28.42,D
sz000021,深科技,2025-10-21 10:24:57,28.43,21700,28.41,U
sz000021,深科技,2025-10-21 10:25:00,28.42,30600,28.43,D
sz000021,深科技,2025-10-21 10:25:03,28.45,337400,28.42,U
sz000021,深科技,2025-10-21 10:25:06,28.48,107900,28.45,U
sz000021,深科技,2025-10-21 10:25:09,28.49,9300,28.48,U
sz000021,深科技,2025-10-21 10:25:12,28.48,32100,28.49,D
sz000021,深科技,2025-10-21 10:25:15,28.49,23200,28.48,U
sz000021,深科技,2025-10-21 10:25:18,28.49,49500,28.49,U
sz000021,深科技,2025-10-21 10:25:21,28.48,73600,28.49,D
sz000021,深科技,2025-10-21 10:25:24,28.48,38400,28.48,U
sz000021,深科技,2025-10-21 10:25:27,28.48,34400,28.48,U
sz000021,深科技,2025-10-21 10:25:30,28.47,29800,28.48,D
sz000021,深科技,2025-10-21 10:25:33,28.47,32400,28.47,U
sz000021,深科技,2025-10-21 10:25:36,28.47,20900,28.47,U
sz000021,深科技,2025-10-21 10:25:39,28.47,27400,28.47,U
sz000021,深科技,2025-10-21 10:25:42,28.48,21900,28.47,U
sz000021,深科技,2025-10-21 10:25:45,28.47,15100,28.48,U
sz000021,深科技,2025-10-21 10:25:48,28.47,11000,28.47,U
sz000021,深科技,2025-10-21 10:25:51,28.48,23400,28.47,U
sz000021,深科技,2025-10-21 10:25:54,28.48,17400,28.48,U
sz000021,深科技,2025-10-21 10:25:57,28.48,17700,28.48,U
sz000021,深科技,2025-10-21 10:26:00,28.48,34300,28.48,D
sz000021,深科技,2025-10-21 10:26:03,28.49,32400,28.48,U
sz000021,深科技,2025-10-21 10:26:06,28.48,51200,28.49,D
sz000021,深科技,2025-10-21 10:26:09,28.49,51500,28.48,U
sz000021,深科技,2025-10-21 10:26:12,28.48,23300,28.49,E
sz000021,深科技,2025-10-21 10:26:15,28.49,14300,28.48,U
sz000021,深科技,2025-10-21 10:26:18,28.49,14800,28.49,D
sz000021,深科技,2025-10-21 10:26:21,28.54,399500,28.49,U
sz000021,深科技,2025-10-21 10:26:24,28.55,70100,28.54,U
sz000021,深科技,2025-10-21 10:26:27,28.55,14400,28.55,D
sz000021,深科技,2025-10-21 10:26:30,28.54,23100,28.55,D
sz000021,深科技,2025-10-21 10:26:33,28.57,22200,28.54,U
sz000021,深科技,2025-10-21 10:26:36,28.55,48100,28.57,E
sz000021,深科技,2025-10-21 10:26:39,28.57,33500,28.55,U
sz000021,深科技,2025-10-21 10:26:42,28.57,29100,28.57,D
sz000021,深科技,2025-10-21 10:26:45,28.57,22300,28.57,D
sz000021,深科技,2025-10-21 10:26:48,28.58,221500,28.57,U
sz000021,深科技,2025-10-21 10:26:51,28.6,57800,28.58,U
sz000021,深科技,2025-10-21 10:26:54,28.59,18500,28.6,D
sz000021,深科技,2025-10-21 10:26:57,28.6,14000,28.59,U
sz000021,深科技,2025-10-21 10:27:00,28.58,54100,28.6,D
sz000021,深科技,2025-10-21 10:27:03,28.58,29000,28.58,D
sz000021,深科技,2025-10-21 10:27:06,28.58,55300,28.58,U
sz000021,深科技,2025-10-21 10:27:09,28.57,14800,28.58,E
sz000021,深科技,2025-10-21 10:27:12,28.55,40000,28.57,D
sz000021,深科技,2025-10-21 10:27:15,28.55,207700,28.55,U
sz000021,深科技,2025-10-21 10:27:18,28.56,75500,28.55,E
sz000021,深科技,2025-10-21 10:27:21,28.57,55700,28.56,E
sz000021,深科技,2025-10-21 10:27:24,28.57,27900,28.57,D
sz000021,深科技,2025-10-21 10:27:27,28.58,13900,28.57,E
sz000021,深科技,2025-10-21 10:27:30,28.58,17000,28.58,D
sz000021,深科技,2025-10-21 10:27:33,28.57,44300,28.58,D
sz000021,深科技,2025-10-21 10:27:36,28.57,11700,28.57,D
sz000021,深科技,2025-10-21 10:27:39,28.58,15100,28.57,U
sz000021,深科技,2025-10-21 10:27:42,28.58,16100,28.58,U
sz000021,深科技,2025-10-21 10:27:45,28.57,22600,28.58,D
sz000021,深科技,2025-10-21 10:27:48,28.57,10600,28.57,D
sz000021,深科技,2025-10-21 10:27:51,28.57,45600,28.57,U
sz000021,深科技,2025-10-21 10:27:54,28.57,21800,28.57,U
sz000021,深科技,2025-10-21 10:27:57,28.56,24900,28.57,D
sz000021,深科技,2025-10-21 10:28:00,28.56,8000,28.56,U
sz000021,深科技,2025-10-21 10:28:03,28.55,37200,28.56,D
sz000021,深科技,2025-10-21 10:28:06,28.54,32400,28.55,D
sz000021,深科技,2025-10-21 10:28:09,28.61,418400,28.54,U
sz000021,深科技,2025-10-21 10:28:12,28.65,192100,28.61,U
sz000021,深科技,2025-10-21 10:28:15,28.65,90500,28.65,U
sz000021,深科技,2025-10-21 10:28:18,28.67,94100,28.65,U
sz000021,深科技,2025-10-21 10:28:21,28.67,100800,28.67,D
sz000021,深科技,2025-10-21 10:28:24,28.66,65900,28.67,D
sz000021,深科技,2025-10-21 10:28:27,28.68,43000,28.66,U
sz000021,深科技,2025-10-21 10:28:30,28.68,57500,28.68,D
sz000021,深科技,2025-10-21 10:28:33,28.69,22700,28.68,U
sz000021,深科技,2025-10-21 10:28:36,28.69,87500,28.69,U
sz000021,深科技,2025-10-21 10:28:39,28.69,65500,28.69,D
sz000021,深科技,2025-10-21 10:28:42,28.7,121634,28.69,U
sz000021,深科技,2025-10-21 10:28:45,28.72,16500,28.7,U
sz000021,深科技,2025-10-21 10:28:48,28.72,52600,28.72,U
sz000021,深科技,2025-10-21 10:28:51,28.72,88600,28.72,U
sz000021,深科技,2025-10-21 10:28:54,28.73,69500,28.72,U
sz000021,深科技,2025-10-21 10:28:57,28.73,42300,28.73,U
sz000021,深科技,2025-10-21 10:29:00,28.75,175600,28.73,U
sz000021,深科技,2025-10-21 10:29:03,28.76,44600,28.75,U
sz000021,深科技,2025-10-21 10:29:06,28.76,40800,28.76,D
sz000021,深科技,2025-10-21 10:29:09,28.76,43300,28.76,D
sz000021,深科技,2025-10-21 10:29:12,28.87,1533400,28.76,U
sz000021,深科技,2025-10-21 10:29:15,28.88,352800,28.87,U
sz000021,深科技,2025-10-21 10:29:18,28.88,388610,28.88,U
sz000021,深科技,2025-10-21 10:29:21,28.89,97990,28.88,U
sz000021,深科技,2025-10-21 10:29:24,28.89,107210,28.89,U
sz000021,深科技,2025-10-21 10:29:27,28.9,132200,28.89,U
sz000021,深科技,2025-10-21 10:29:30,28.89,172400,28.9,D
sz000021,深科技,2025-10-21 10:29:33,28.9,136600,28.89,U
sz000021,深科技,2025-10-21 10:29:36,28.94,87400,28.9,U
sz000021,深科技,2025-10-21 10:29:39,28.91,68600,28.94,D
sz000021,深科技,2025-10-21 10:29:42,28.92,156700,28.91,U
sz000021,深科技,2025-10-21 10:29:45,28.93,94000,28.92,U
sz000021,深科技,2025-10-21 10:29:48,28.92,94500,28.93,D
sz000021,深科技,2025-10-21 10:29:51,28.94,120000,28.92,U
sz000021,深科技,2025-10-21 10:29:54,28.94,139400,28.94,D
sz000021,深科技,2025-10-21 10:29:57,28.94,129000,28.94,D
sz000021,深科技,2025-10-21 10:30:00,28.92,165600,28.94,D
sz000021,深科技,2025-10-21 10:30:03,28.91,114100,28.92,D
sz000021,深科技,2025-10-21 10:30:06,28.9,60700,28.91,D
sz000021,深科技,2025-10-21 10:30:09,28.88,37900,28.9,D
sz000021,深科技,2025-10-21 10:30:12,28.88,198600,28.88,D
sz000021,深科技,2025-10-21 10:30:15,28.87,238409,28.88,D
sz000021,深科技,2025-10-21 10:30:18,28.87,51091,28.87,D
sz000021,深科技,2025-10-21 10:30:21,28.87,78100,28.87,U
sz000021,深科技,2025-10-21 10:30:24,28.9,493800,28.87,U
sz000021,深科技,2025-10-21 10:30:27,28.92,111000,28.9,U
sz000021,深科技,2025-10-21 10:30:30,28.96,162400,28.92,U
sz000021,深科技,2025-10-21 10:30:33,28.93,99400,28.96,U
sz000021,深科技,2025-10-21 10:30:36,28.92,60800,28.93,D
sz000021,深科技,2025-10-21 10:30:39,28.93,52300,28.92,U
sz000021,深科技,2025-10-21 10:30:42,28.92,74900,28.93,D
sz000021,深科技,2025-10-21 10:30:45,28.92,71200,28.92,U
sz000021,深科技,2025-10-21 10:30:48,28.91,39900,28.92,D
sz000021,深科技,2025-10-21 10:30:51,28.91,44200,28.91,U
sz000021,深科技,2025-10-21 10:30:54,28.9,101500,28.91,D
sz000021,深科技,2025-10-21 10:30:57,28.91,85900,28.9,U
sz000021,深科技,2025-10-21 10:31:00,28.89,21400,28.91,D
sz000021,深科技,2025-10-21 10:31:03,28.82,100400,28.89,D
sz000021,深科技,2025-10-21 10:31:06,28.85,25300,28.82,U
sz000021,深科技,2025-10-21 10:31:09,28.82,34900,28.85,E
sz000021,深科技,2025-10-21 10:31:12,28.81,22700,28.82,D
sz000021,深科技,2025-10-21 10:31:15,28.81,34200,28.81,D
sz000021,深科技,2025-10-21 10:31:18,28.82,110236,28.81,U
sz000021,深科技,2025-10-21 10:31:21,28.84,78200,28.82,U
sz000021,深科技,2025-10-21 10:31:24,28.8,50000,28.84,D
sz000021,深科技,2025-10-21 10:31:27,28.8,18500,28.8,D
sz000021,深科技,2025-10-21 10:31:30,28.79,69364,28.8,D
sz000021,深科技,2025-10-21 10:31:33,28.79,67800,28.79,U
sz000021,深科技,2025-10-21 10:31:36,28.78,107500,28.79,D
sz000021,深科技,2025-10-21 10:31:39,28.77,39000,28.78,E
sz000021,深科技,2025-10-21 10:31:42,28.8,143100,28.77,U
sz000021,深科技,2025-10-21 10:31:45,28.8,23000,28.8,U
sz000021,深科技,2025-10-21 10:31:48,28.77,24700,28.8,D
sz000021,深科技,2025-10-21 10:31:51,28.77,21900,28.77,D
sz000021,深科技,2025-10-21 10:31:54,28.77,39900,28.77,D
sz000021,深科技,2025-10-21 10:31:57,28.78,45000,28.77,U
sz000021,深科技,2025-10-21 10:32:00,28.78,15200,28.78,U
sz000021,深科技,2025-10-21 10:32:03,28.76,43900,28.78,D
sz000021,深科技,2025-10-21 10:32:06,28.77,37600,28.76,U
sz000021,深科技,2025-10-21 10:32:09,28.76,111800,28.77,D
sz000021,深科技,2025-10-21 10:32:12,28.76,16500,28.76,U
sz000021,深科技,2025-10-21 10:32:15,28.75,24600,28.76,D
sz000021,深科技,2025-10-21 10:32:18,28.75,20800,28.75,D
sz000021,深科技,2025-10-21 10:32:21,28.76,17000,28.75,U
sz000021,深科技,2025-10-21 10:32:24,28.74,57900,28.76,D
sz000021,深科技,2025-10-21 10:32:27,28.74,11600,28.74,U
sz000021,深科技,2025-10-21 10:32:30,28.74,12700,28.74,U
sz000021,深科技,2025-10-21 10:32:33,28.72,17200,28.74,D
sz000021,深科技,2025-10-21 10:32:36,28.73,67200,28.72,U
sz000021,深科技,2025-10-21 10:32:39,28.73,16700,28.73,U
sz000021,深科技,2025-10-21 10:32:42,28.73,26200,28.73,U
sz000021,深科技,2025-10-21 10:32:45,28.73,184500,28.73,U
sz000021,深科技,2025-10-21 10:32:48,28.71,42900,28.73,D
sz000021,深科技,2025-10-21 10:32:51,28.72,15100,28.71,U
sz000021,深科技,2025-10-21 10:32:54,28.73,113500,28.72,U
sz000021,深科技,2025-10-21 10:32:57,28.73,50800,28.73,D
sz000021,深科技,2025-10-21 10:33:00,28.73,20600,28.73,D
sz000021,深科技,2025-10-21 10:33:03,28.73,17500,28.73,U
sz000021,深科技,2025-10-21 10:33:06,28.71,81200,28.73,D
sz000021,深科技,2025-10-21 10:33:09,28.71,23500,28.71,D
sz000021,深科技,2025-10-21 10:33:12,28.7,14300,28.71,D
sz000021,深科技,2025-10-21 10:33:15,28.71,11100,28.7,U
sz000021,深科技,2025-10-21 10:33:18,28.71,31900,28.71,U
sz000021,深科技,2025-10-21 10:33:21,28.71,13700,28.71,D
sz000021,深科技,2025-10-21 10:33:24,28.71,16100,28.71,U
sz000021,深科技,2025-10-21 10:33:27,28.72,22900,28.71,U
sz000021,深科技,2025-10-21 10:33:30,28.73,39100,28.72,U
sz000021,深科技,2025-10-21 10:33:33,28.74,23100,28.73,U
sz000021,深科技,2025-10-21 10:33:36,28.75,25300,28.74,U
sz000021,深科技,2025-10-21 10:33:39,28.75,57000,28.75,U
sz000021,深科技,2025-10-21 10:33:42,28.74,31000,28.75,E
sz000021,深科技,2025-10-21 10:33:45,28.73,16000,28.74,D
sz000021,深科技,2025-10-21 10:33:48,28.74,59500,28.73,U
sz000021,深科技,2025-10-21 10:33:51,28.75,13222,28.74,U
sz000021,深科技,2025-10-21 10:33:54,28.73,30378,28.75,D
sz000021,深科技,2025-10-21 10:33:57,28.72,42500,28.73,D
sz000021,深科技,2025-10-21 10:34:00,28.72,10400,28.72,U
sz000021,深科技,2025-10-21 10:34:06,28.72,15200,28.71,U
sz000021,深科技,2025-10-21 10:34:09,28.72,8100,28.72,D
sz000021,深科技,2025-10-21 10:34:12,28.72,7100,28.72,D
sz000021,深科技,2025-10-21 10:34:15,28.69,71966,28.72,D
sz000021,深科技,2025-10-21 10:34:18,28.69,53700,28.69,D
sz000021,深科技,2025-10-21 10:34:21,28.68,11200,28.69,D
sz000021,深科技,2025-10-21 10:34:24,28.68,9000,28.68,U
sz000021,深科技,2025-10-21 10:34:30,28.66,55400,28.66,D
sz000021,深科技,2025-10-21 10:34:33,28.68,171222,28.66,U
sz000021,深科技,2025-10-21 10:34:36,28.69,27100,28.68,U
sz000021,深科技,2025-10-21 10:34:39,28.68,28700,28.69,D
sz000021,深科技,2025-10-21 10:34:42,28.71,47800,28.68,U
sz000021,深科技,2025-10-21 10:34:45,28.68,10100,28.71,D
sz000021,深科技,2025-10-21 10:34:48,28.7,9200,28.68,E
sz000021,深科技,2025-10-21 10:34:51,28.69,10800,28.7,D
sz000021,深科技,2025-10-21 10:34:54,28.7,43100,28.69,U
sz000021,深科技,2025-10-21 10:34:57,28.66,18600,28.7,D
sz000021,深科技,2025-10-21 10:35:00,28.66,23700,28.66,D
sz000021,深科技,2025-10-21 10:35:03,28.67,13200,28.66,U
sz000021,深科技,2025-10-21 10:35:06,28.7,14300,28.67,U
sz000021,深科技,2025-10-21 10:35:09,28.7,21634,28.7,U
sz000021,深科技,2025-10-21 10:35:12,28.7,11300,28.7,D
sz000021,深科技,2025-10-21 10:35:15,28.7,7900,28.7,U
sz000021,深科技,2025-10-21 10:35:18,28.7,17900,28.7,U
sz000021,深科技,2025-10-21 10:35:21,28.72,12800,28.7,U
sz000021,深科技,2025-10-21 10:35:24,28.72,9400,28.72,U
sz000021,深科技,2025-10-21 10:35:27,28.71,18900,28.72,D
sz000021,深科技,2025-10-21 10:35:30,28.73,33200,28.71,U
sz000021,深科技,2025-10-21 10:35:33,28.73,11400,28.73,U
sz000021,深科技,2025-10-21 10:35:36,28.73,15500,28.73,U
sz000021,深科技,2025-10-21 10:35:39,28.71,8400,28.73,D
sz000021,深科技,2025-10-21 10:35:42,28.72,15800,28.71,E
sz000021,深科技,2025-10-21 10:35:45,28.71,23700,28.72,D
sz000021,深科技,2025-10-21 10:35:48,28.72,9300,28.71,E
sz000021,深科技,2025-10-21 10:35:51,28.71,15600,28.72,D
sz000021,深科技,2025-10-21 10:35:54,28.71,10000,28.71,U
sz000021,深科技,2025-10-21 10:35:57,28.71,32200,28.71,U
sz000021,深科技,2025-10-21 10:36:00,28.71,44000,28.71,U
sz000021,深科技,2025-10-21 10:36:03,28.68,29766,28.71,D
sz000021,深科技,2025-10-21 10:36:06,28.68,43000,28.68,E
sz000021,深科技,2025-10-21 10:36:12,28.68,14500,28.67,U
sz000021,深科技,2025-10-21 10:36:15,28.7,29400,28.68,U
sz000021,深科技,2025-10-21 10:36:18,28.7,23100,28.7,U
sz000021,深科技,2025-10-21 10:36:21,28.68,12000,28.7,D
sz000021,深科技,2025-10-21 10:36:24,28.66,21200,28.68,D
sz000021,深科技,2025-10-21 10:36:27,28.68,11400,28.66,U
sz000021,深科技,2025-10-21 10:36:33,28.66,8700,28.68,D
sz000021,深科技,2025-10-21 10:36:39,28.65,16000,28.66,D
sz000021,深科技,2025-10-21 10:36:42,28.65,19200,28.65,D
sz000021,深科技,2025-10-21 10:36:45,28.66,118000,28.65,U
sz000021,深科技,2025-10-21 10:36:48,28.68,18100,28.66,U
sz000021,深科技,2025-10-21 10:36:51,28.67,15100,28.68,E
sz000021,深科技,2025-10-21 10:36:54,28.67,20000,28.67,D
sz000021,深科技,2025-10-21 10:36:57,28.67,12900,28.67,U
sz000021,深科技,2025-10-21 10:37:00,28.68,35577,28.67,U
sz000021,深科技,2025-10-21 10:37:03,28.68,29600,28.68,D
sz000021,深科技,2025-10-21 10:37:06,28.71,58000,28.68,U
sz000021,深科技,2025-10-21 10:37:09,28.72,13334,28.71,U
sz000021,深科技,2025-10-21 10:37:12,28.72,7700,28.72,U
sz000021,深科技,2025-10-21 10:37:15,28.73,17700,28.72,U
sz000021,深科技,2025-10-21 10:37:18,28.71,21300,28.73,D
sz000021,深科技,2025-10-21 10:37:24,28.71,18634,28.71,U
sz000021,深科技,2025-10-21 10:37:27,28.7,31566,28.71,D
sz000021,深科技,2025-10-21 10:37:30,28.71,23200,28.7,U
sz000021,深科技,2025-10-21 10:37:33,28.7,9500,28.71,D
sz000021,深科技,2025-10-21 10:37:36,28.71,7200,28.7,U
sz000021,深科技,2025-10-21 10:37:42,28.7,8400,28.71,D
sz000021,深科技,2025-10-21 10:37:45,28.7,30500,28.7,D
sz000021,深科技,2025-10-21 10:37:48,28.71,10800,28.7,U
sz000021,深科技,2025-10-21 10:37:51,28.72,9500,28.71,U
sz000021,深科技,2025-10-21 10:37:54,28.72,14500,28.72,U
sz000021,深科技,2025-10-21 10:37:57,28.72,24700,28.72,U
sz000021,深科技,2025-10-21 10:38:00,28.73,12100,28.72,U
sz000021,深科技,2025-10-21 10:38:03,28.72,20000,28.73,D
sz000021,深科技,2025-10-21 10:38:06,28.72,19900,28.72,D
sz000021,深科技,2025-10-21 10:38:09,28.73,19400,28.72,U
sz000021,深科技,2025-10-21 10:38:12,28.67,154200,28.73,D
sz000021,深科技,2025-10-21 10:38:15,28.65,22100,28.67,D
sz000021,深科技,2025-10-21 10:38:21,28.63,105900,28.65,E
sz000021,深科技,2025-10-21 10:38:24,28.63,10300,28.63,U
sz000021,深科技,2025-10-21 10:38:27,28.63,9500,28.63,D
sz000021,深科技,2025-10-21 10:38:30,28.62,21600,28.63,D
sz000021,深科技,2025-10-21 10:38:33,28.62,7100,28.62,U
sz000021,深科技,2025-10-21 10:38:36,28.61,10200,28.62,D
sz000021,深科技,2025-10-21 10:38:39,28.57,32700,28.61,D
sz000021,深科技,2025-10-21 10:38:45,28.54,12200,28.56,D
sz000021,深科技,2025-10-21 10:38:48,28.54,14100,28.54,D
sz000021,深科技,2025-10-21 10:38:51,28.54,16800,28.54,D
sz000021,深科技,2025-10-21 10:38:54,28.54,60100,28.54,U
sz000021,深科技,2025-10-21 10:38:57,28.53,67700,28.54,U
sz000021,深科技,2025-10-21 10:39:00,28.54,100600,28.53,U
sz000021,深科技,2025-10-21 10:39:03,28.56,46200,28.54,U
sz000021,深科技,2025-10-21 10:39:06,28.56,38100,28.56,U
sz000021,深科技,2025-10-21 10:39:09,28.56,30800,28.56,U
sz000021,深科技,2025-10-21 10:39:12,28.55,15700,28.56,D
sz000021,深科技,2025-10-21 10:39:15,28.56,17700,28.55,U
sz000021,深科技,2025-10-21 10:39:18,28.55,14100,28.56,D
sz000021,深科技,2025-10-21 10:39:21,28.55,23700,28.55,D
sz000021,深科技,2025-10-21 10:39:24,28.55,16000,28.55,U
sz000021,深科技,2025-10-21 10:39:27,28.55,9800,28.55,U
sz000021,深科技,2025-10-21 10:39:30,28.55,38900,28.55,U
sz000021,深科技,2025-10-21 10:39:33,28.55,34500,28.55,D
sz000021,深科技,2025-10-21 10:39:36,28.55,39500,28.55,D
sz000021,深科技,2025-10-21 10:39:39,28.56,11600,28.55,E
sz000021,深科技,2025-10-21 10:39:42,28.59,8700,28.56,U
sz000021,深科技,2025-10-21 10:39:45,28.58,20500,28.59,D
sz000021,深科技,2025-10-21 10:39:48,28.59,77300,28.58,D
sz000021,深科技,2025-10-21 10:39:51,28.59,8200,28.59,U
sz000021,深科技,2025-10-21 10:39:54,28.58,14900,28.59,D
sz000021,深科技,2025-10-21 10:39:57,28.6,8000,28.58,U
sz000021,深科技,2025-10-21 10:40:00,28.6,11400,28.6,U
sz000021,深科技,2025-10-21 10:40:09,28.61,13800,28.61,U
sz000021,深科技,2025-10-21 10:40:12,28.6,15500,28.61,D
sz000021,深科技,2025-10-21 10:40:15,28.61,14100,28.6,U
sz000021,深科技,2025-10-21 10:40:18,28.63,30700,28.61,U
sz000021,深科技,2025-10-21 10:40:21,28.63,18100,28.63,U
sz000021,深科技,2025-10-21 10:40:24,28.65,12600,28.63,U
sz000021,深科技,2025-10-21 10:40:27,28.65,14100,28.65,U
sz000021,深科技,2025-10-21 10:40:30,28.64,30000,28.65,E
sz000021,深科技,2025-10-21 10:40:33,28.65,12400,28.64,U
sz000021,深科技,2025-10-21 10:40:36,28.65,14200,28.65,U
sz000021,深科技,2025-10-21 10:40:42,28.63,17000,28.63,U
sz000021,深科技,2025-10-21 10:40:45,28.62,24100,28.63,D
sz000021,深科技,2025-10-21 10:40:48,28.64,10800,28.62,E
sz000021,深科技,2025-10-21 10:40:54,28.65,20800,28.65,U
sz000021,深科技,2025-10-21 10:40:57,28.65,20700,28.65,U
sz000021,深科技,2025-10-21 10:41:00,28.65,11200,28.65,U
sz000021,深科技,2025-10-21 10:41:03,28.66,20400,28.65,U
sz000021,深科技,2025-10-21 10:41:06,28.66,9700,28.66,U
sz000021,深科技,2025-10-21 10:41:09,28.67,21700,28.66,U
sz000021,深科技,2025-10-21 10:41:12,28.66,17500,28.67,D
sz000021,深科技,2025-10-21 10:41:15,28.67,18100,28.66,U
sz000021,深科技,2025-10-21 10:41:18,28.64,26400,28.67,D
sz000021,深科技,2025-10-21 10:41:21,28.65,29000,28.64,U
sz000021,深科技,2025-10-21 10:41:24,28.62,10900,28.65,D
sz000021,深科技,2025-10-21 10:41:30,28.61,96600,28.62,D
sz000021,深科技,2025-10-21 10:41:33,28.62,13500,28.61,U
sz000021,深科技,2025-10-21 10:41:36,28.62,26700,28.62,U
sz000021,深科技,2025-10-21 10:41:39,28.61,12600,28.62,U
sz000021,深科技,2025-10-21 10:41:45,28.6,10400,28.6,U
sz000021,深科技,2025-10-21 10:41:48,28.59,10600,28.6,U
sz000021,深科技,2025-10-21 10:41:54,28.57,17800,28.57,D
sz000021,深科技,2025-10-21 10:42:00,28.56,7800,28.56,D
sz000021,深科技,2025-10-21 10:42:03,28.56,25300,28.56,U
sz000021,深科技,2025-10-21 10:42:06,28.57,44600,28.56,U
sz000021,深科技,2025-10-21 10:42:09,28.55,20900,28.57,D
sz000021,深科技,2025-10-21 10:42:12,28.56,13600,28.55,U
sz000021,深科技,2025-10-21 10:42:15,28.56,7100,28.56,U
sz000021,深科技,2025-10-21 10:42:18,28.55,11600,28.56,D
sz000021,深科技,2025-10-21 10:42:24,28.55,8200,28.55,U
sz000021,深科技,2025-10-21 10:42:27,28.54,8700,28.55,D
sz000021,深科技,2025-10-21 10:42:30,28.53,7500,28.54,D
sz000021,深科技,2025-10-21 10:42:39,28.53,17700,28.53,D
sz000021,深科技,2025-10-21 10:42:45,28.52,18100,28.53,D
sz000021,深科技,2025-10-21 10:42:48,28.52,11500,28.52,D
sz000021,深科技,2025-10-21 10:42:51,28.52,34400,28.52,D
sz000021,深科技,2025-10-21 10:42:54,28.52,50300,28.52,U
sz000021,深科技,2025-10-21 10:42:57,28.51,21300,28.52,D
sz000021,深科技,2025-10-21 10:43:00,28.5,60800,28.51,D
sz000021,深科技,2025-10-21 10:43:03,28.52,14400,28.5,U
sz000021,深科技,2025-10-21 10:43:06,28.53,60723,28.52,U
sz000021,深科技,2025-10-21 10:43:09,28.54,25800,28.53,U
sz000021,深科技,2025-10-21 10:43:12,28.56,30536,28.54,U
sz000021,深科技,2025-10-21 10:43:15,28.56,7900,28.56,U
sz000021,深科技,2025-10-21 10:43:18,28.55,13600,28.56,D
sz000021,深科技,2025-10-21 10:43:21,28.56,26300,28.55,E
sz000021,深科技,2025-10-21 10:43:24,28.57,9400,28.56,D
sz000021,深科技,2025-10-21 10:43:27,28.57,7600,28.57,D
sz000021,深科技,2025-10-21 10:43:36,28.59,7200,28.58,U
sz000021,深科技,2025-10-21 10:43:39,28.58,26500,28.59,D
sz000021,深科技,2025-10-21 10:43:42,28.58,39100,28.58,U
sz000021,深科技,2025-10-21 10:43:45,28.58,8700,28.58,D
sz000021,深科技,2025-10-21 10:43:48,28.58,9000,28.58,U
sz000021,深科技,2025-10-21 10:43:51,28.58,18500,28.58,U
sz000021,深科技,2025-10-21 10:43:54,28.59,9800,28.58,U
sz000021,深科技,2025-10-21 10:43:57,28.59,11500,28.59,U
sz000021,深科技,2025-10-21 10:44:00,28.6,27300,28.59,U
sz000021,深科技,2025-10-21 10:44:03,28.63,37300,28.6,U
sz000021,深科技,2025-10-21 10:44:09,28.61,11900,28.62,D
sz000021,深科技,2025-10-21 10:44:12,28.61,11700,28.61,D
sz000021,深科技,2025-10-21 10:44:15,28.64,8400,28.61,U
sz000021,深科技,2025-10-21 10:44:18,28.62,10600,28.64,E
sz000021,深科技,2025-10-21 10:44:21,28.62,9200,28.62,U
sz000021,深科技,2025-10-21 10:44:24,28.62,40200,28.62,D
sz000021,深科技,2025-10-21 10:44:30,28.63,12700,28.63,D
sz000021,深科技,2025-10-21 10:44:33,28.62,8200,28.63,D
sz000021,深科技,2025-10-21 10:44:36,28.63,21000,28.62,U
sz000021,深科技,2025-10-21 10:44:48,28.61,28400,28.61,U
sz000021,深科技,2025-10-21 10:44:51,28.62,7400,28.61,U
sz000021,深科技,2025-10-21 10:44:54,28.63,13400,28.62,U
sz000021,深科技,2025-10-21 10:44:57,28.62,33700,28.63,D
sz000021,深科技,2025-10-21 10:45:00,28.62,32200,28.62,D
sz000021,深科技,2025-10-21 10:45:03,28.62,31700,28.62,U
sz000021,深科技,2025-10-21 10:45:06,28.61,7800,28.62,D
sz000021,深科技,2025-10-21 10:45:09,28.62,38600,28.61,U
sz000021,深科技,2025-10-21 10:45:12,28.59,57600,28.62,D
sz000021,深科技,2025-10-21 10:45:15,28.6,34700,28.59,U
sz000021,深科技,2025-10-21 10:45:24,28.57,12300,28.58,D
sz000021,深科技,2025-10-21 10:45:27,28.55,11500,28.57,D
sz000021,深科技,2025-10-21 10:45:36,28.55,8400,28.54,U
sz000021,深科技,2025-10-21 10:45:39,28.54,9100,28.55,D
sz000021,深科技,2025-10-21 10:45:42,28.6,14800,28.54,U
sz000021,深科技,2025-10-21 10:45:45,28.61,148000,28.6,U
sz000021,深科技,2025-10-21 10:45:48,28.63,23600,28.61,U
sz000021,深科技,2025-10-21 10:45:51,28.63,10600,28.63,U
sz000021,深科技,2025-10-21 10:45:54,28.62,41500,28.63,D
sz000021,深科技,2025-10-21 10:45:57,28.6,25100,28.62,D
sz000021,深科技,2025-10-21 10:46:00,28.6,7700,28.6,D
sz000021,深科技,2025-10-21 10:46:06,28.61,12600,28.62,E
sz000021,深科技,2025-10-21 10:46:09,28.6,18299,28.61,D
sz000021,深科技,2025-10-21 10:46:12,28.6,8300,28.6,U
sz000021,深科技,2025-10-21 10:46:18,28.6,7000,28.6,U
sz000021,深科技,2025-10-21 10:46:21,28.59,10200,28.6,D
sz000021,深科技,2025-10-21 10:46:24,28.59,22400,28.59,D
sz000021,深科技,2025-10-21 10:46:27,28.6,39000,28.59,U
sz000021,深科技,2025-10-21 10:46:30,28.61,14600,28.6,U
sz000021,深科技,2025-10-21 10:46:33,28.6,8100,28.61,D
sz000021,深科技,2025-10-21 10:46:36,28.6,9400,28.6,D
sz000021,深科技,2025-10-21 10:46:39,28.61,9000,28.6,U
sz000021,深科技,2025-10-21 10:46:45,28.61,24500,28.61,U
sz000021,深科技,2025-10-21 10:46:48,28.61,7200,28.61,D
sz000021,深科技,2025-10-21 10:46:51,28.6,11100,28.61,D
sz000021,深科技,2025-10-21 10:47:00,28.61,13200,28.6,U
sz000021,深科技,2025-10-21 10:47:06,28.61,47700,28.6,U
sz000021,深科技,2025-10-21 10:47:09,28.6,33600,28.61,D
sz000021,深科技,2025-10-21 10:47:15,28.62,15300,28.6,U
sz000021,深科技,2025-10-21 10:47:18,28.62,10500,28.62,U
sz000021,深科技,2025-10-21 10:47:21,28.61,12400,28.62,D
sz000021,深科技,2025-10-21 10:47:27,28.62,13500,28.62,U
sz000021,深科技,2025-10-21 10:47:30,28.63,17200,28.62,U
sz000021,深科技,2025-10-21 10:47:33,28.63,38900,28.63,U
sz000021,深科技,2025-10-21 10:47:36,28.64,13300,28.63,U
sz000021,深科技,2025-10-21 10:47:39,28.63,12800,28.64,D
sz000021,深科技,2025-10-21 10:47:42,28.65,26300,28.63,U
sz000021,深科技,2025-10-21 10:47:45,28.64,10200,28.65,D
sz000021,深科技,2025-10-21 10:47:51,28.64,30200,28.64,D
sz000021,深科技,2025-10-21 10:48:00,28.65,49200,28.65,U
sz000021,深科技,2025-10-21 10:48:03,28.65,9400,28.65,D
sz000021,深科技,2025-10-21 10:48:06,28.66,25100,28.65,U
sz000021,深科技,2025-10-21 10:48:09,28.64,14100,28.66,D
sz000021,深科技,2025-10-21 10:48:15,28.63,18300,28.63,D
sz000021,深科技,2025-10-21 10:48:18,28.62,12700,28.63,D
sz000021,深科技,2025-10-21 10:48:21,28.62,9500,28.62,D
sz000021,深科技,2025-10-21 10:48:24,28.62,7200,28.62,D
sz000021,深科技,2025-10-21 10:48:27,28.62,13400,28.62,U
sz000021,深科技,2025-10-21 10:48:30,28.62,32400,28.62,U
sz000021,深科技,2025-10-21 10:48:33,28.65,14700,28.62,U
sz000021,深科技,2025-10-21 10:48:36,28.65,18700,28.65,U
sz000021,深科技,2025-10-21 10:48:39,28.64,13100,28.65,U
sz000021,深科技,2025-10-21 10:48:42,28.63,7900,28.64,D
sz000021,深科技,2025-10-21 10:48:51,28.63,39800,28.63,D
sz000021,深科技,2025-10-21 10:48:57,28.68,47300,28.66,U
sz000021,深科技,2025-10-21 10:49:00,28.75,128000,28.68,U
sz000021,深科技,2025-10-21 10:49:03,28.76,28900,28.75,U
sz000021,深科技,2025-10-21 10:49:06,28.78,32700,28.76,U
sz000021,深科技,2025-10-21 10:49:09,28.76,16100,28.78,E
sz000021,深科技,2025-10-21 10:49:12,28.75,14500,28.76,D
sz000021,深科技,2025-10-21 10:49:15,28.74,10600,28.75,D
sz000021,深科技,2025-10-21 10:49:21,28.73,48700,28.73,U
sz000021,深科技,2025-10-21 10:49:27,28.7,18300,28.73,E
sz000021,深科技,2025-10-21 10:49:30,28.71,43100,28.7,U
sz000021,深科技,2025-10-21 10:49:33,28.72,15400,28.71,U
sz000021,深科技,2025-10-21 10:49:36,28.73,59300,28.72,U
sz000021,深科技,2025-10-21 10:49:39,28.8,107800,28.73,U
sz000021,深科技,2025-10-21 10:49:42,28.84,242200,28.8,U
sz000021,深科技,2025-10-21 10:49:45,28.84,33200,28.84,U
sz000021,深科技,2025-10-21 10:49:48,28.85,17400,28.84,U
sz000021,深科技,2025-10-21 10:49:51,28.84,26300,28.85,D
sz000021,深科技,2025-10-21 10:49:54,28.85,28936,28.84,U
sz000021,深科技,2025-10-21 10:49:57,28.85,60400,28.85,D
sz000021,深科技,2025-10-21 10:50:00,28.85,22864,28.85,U
sz000021,深科技,2025-10-21 10:50:03,28.84,17000,28.85,U
sz000021,深科技,2025-10-21 10:50:06,28.81,44600,28.84,D
sz000021,深科技,2025-10-21 10:50:09,28.8,12600,28.81,D
sz000021,深科技,2025-10-21 10:50:12,28.78,33100,28.8,D
sz000021,深科技,2025-10-21 10:50:15,28.78,9600,28.78,D
sz000021,深科技,2025-10-21 10:50:18,28.77,19500,28.78,D
sz000021,深科技,2025-10-21 10:50:21,28.78,42100,28.77,U
sz000021,深科技,2025-10-21 10:50:24,28.78,54500,28.78,E
sz000021,深科技,2025-10-21 10:50:27,28.81,117800,28.78,U
sz000021,深科技,2025-10-21 10:50:30,28.79,32800,28.81,E
sz000021,深科技,2025-10-21 10:50:33,28.79,13800,28.79,U
sz000021,深科技,2025-10-21 10:50:36,28.79,33400,28.79,U
sz000021,深科技,2025-10-21 10:50:39,28.78,21400,28.79,D
sz000021,深科技,2025-10-21 10:50:42,28.77,21700,28.78,D
sz000021,深科技,2025-10-21 10:50:45,28.76,10700,28.77,D
sz000021,深科技,2025-10-21 10:50:48,28.76,14600,28.76,D
sz000021,深科技,2025-10-21 10:50:51,28.76,32300,28.76,D
sz000021,深科技,2025-10-21 10:50:54,28.77,26900,28.76,D
sz000021,深科技,2025-10-21 10:50:57,28.76,19100,28.77,D
sz000021,深科技,2025-10-21 10:51:00,28.76,20000,28.76,D
sz000021,深科技,2025-10-21 10:51:06,28.75,37500,28.76,D
sz000021,深科技,2025-10-21 10:51:09,28.74,15200,28.75,D
sz000021,深科技,2025-10-21 10:51:12,28.73,25200,28.74,D
sz000021,深科技,2025-10-21 10:51:15,28.74,19200,28.73,E
sz000021,深科技,2025-10-21 10:51:18,28.71,15300,28.74,D
sz000021,深科技,2025-10-21 10:51:21,28.72,48500,28.71,U
sz000021,深科技,2025-10-21 10:51:24,28.71,15900,28.72,D
sz000021,深科技,2025-10-21 10:51:30,28.7,48100,28.71,D
sz000021,深科技,2025-10-21 10:51:33,28.7,41200,28.7,D
sz000021,深科技,2025-10-21 10:51:36,28.7,42200,28.7,D
sz000021,深科技,2025-10-21 10:51:39,28.69,54100,28.7,D
sz000021,深科技,2025-10-21 10:51:42,28.7,11100,28.69,U
sz000021,深科技,2025-10-21 10:51:45,28.69,28900,28.7,D
sz000021,深科技,2025-10-21 10:51:48,28.69,17200,28.69,D
sz000021,深科技,2025-10-21 10:51:51,28.68,11600,28.69,D
sz000021,深科技,2025-10-21 10:51:57,28.67,11800,28.68,D
sz000021,深科技,2025-10-21 10:52:00,28.66,9600,28.67,D
sz000021,深科技,2025-10-21 10:52:03,28.66,10200,28.66,D
sz000021,深科技,2025-10-21 10:52:06,28.66,22800,28.66,U
sz000021,深科技,2025-10-21 10:52:09,28.65,50000,28.66,D
sz000021,深科技,2025-10-21 10:52:12,28.67,49000,28.65,U
sz000021,深科技,2025-10-21 10:52:15,28.67,164800,28.67,U
sz000021,深科技,2025-10-21 10:52:18,28.67,28700,28.67,U
sz000021,深科技,2025-10-21 10:52:21,28.66,15500,28.67,D
sz000021,深科技,2025-10-21 10:52:24,28.66,12100,28.66,U
sz000021,深科技,2025-10-21 10:52:27,28.65,40300,28.66,D
sz000021,深科技,2025-10-21 10:52:30,28.64,8800,28.65,D
sz000021,深科技,2025-10-21 10:52:33,28.64,14800,28.64,D
sz000021,深科技,2025-10-21 10:52:36,28.64,8600,28.64,U
sz000021,深科技,2025-10-21 10:52:42,28.64,76200,28.64,U
sz000021,深科技,2025-10-21 10:52:45,28.63,18500,28.64,D
sz000021,深科技,2025-10-21 10:52:48,28.63,20000,28.63,U
sz000021,深科技,2025-10-21 10:52:51,28.62,22500,28.63,D
sz000021,深科技,2025-10-21 10:52:54,28.63,32700,28.62,D
sz000021,深科技,2025-10-21 10:52:57,28.65,37600,28.63,U
sz000021,深科技,2025-10-21 10:53:00,28.63,17200,28.65,E
sz000021,深科技,2025-10-21 10:53:03,28.63,18600,28.63,E
sz000021,深科技,2025-10-21 10:53:06,28.68,42400,28.63,U
sz000021,深科技,2025-10-21 10:53:09,28.68,16300,28.68,U
sz000021,深科技,2025-10-21 10:53:12,28.69,30800,28.68,U
sz000021,深科技,2025-10-21 10:53:15,28.67,43000,28.69,D
sz000021,深科技,2025-10-21 10:53:18,28.67,20400,28.67,U
sz000021,深科技,2025-10-21 10:53:24,28.69,9200,28.68,U
sz000021,深科技,2025-10-21 10:53:27,28.68,40300,28.69,D
sz000021,深科技,2025-10-21 10:53:33,28.69,18700,28.69,U
sz000021,深科技,2025-10-21 10:53:42,28.69,9900,28.69,D
sz000021,深科技,2025-10-21 10:53:45,28.7,19100,28.69,U
sz000021,深科技,2025-10-21 10:53:48,28.7,16000,28.7,U
sz000021,深科技,2025-10-21 10:53:51,28.71,14300,28.7,U
sz000021,深科技,2025-10-21 10:53:54,28.71,20900,28.71,D
sz000021,深科技,2025-10-21 10:53:57,28.72,9600,28.71,U
sz000021,深科技,2025-10-21 10:54:00,28.72,8500,28.72,U
sz000021,深科技,2025-10-21 10:54:03,28.72,16600,28.72,U
sz000021,深科技,2025-10-21 10:54:06,28.7,19800,28.72,D
sz000021,深科技,2025-10-21 10:54:09,28.7,12900,28.7,D
sz000021,深科技,2025-10-21 10:54:12,28.7,14500,28.7,U
sz000021,深科技,2025-10-21 10:54:18,28.7,11100,28.7,U
sz000021,深科技,2025-10-21 10:54:21,28.71,22400,28.7,U
sz000021,深科技,2025-10-21 10:54:24,28.71,9900,28.71,U
sz000021,深科技,2025-10-21 10:54:27,28.71,14800,28.71,U
sz000021,深科技,2025-10-21 10:54:30,28.71,7700,28.71,U
sz000021,深科技,2025-10-21 10:54:36,28.7,7000,28.7,D
sz000021,深科技,2025-10-21 10:54:39,28.7,12500,28.7,D
sz000021,深科技,2025-10-21 10:54:45,28.7,12000,28.7,U
sz000021,深科技,2025-10-21 10:54:51,28.71,33000,28.7,U
sz000021,深科技,2025-10-21 10:54:54,28.71,7400,28.71,U
sz000021,深科技,2025-10-21 10:55:03,28.71,8500,28.71,U
sz000021,深科技,2025-10-21 10:55:12,28.69,28100,28.69,D
sz000021,深科技,2025-10-21 10:55:15,28.69,11500,28.69,D
sz000021,深科技,2025-10-21 10:55:18,28.69,19100,28.69,D
sz000021,深科技,2025-10-21 10:55:21,28.7,19900,28.69,U
sz000021,深科技,2025-10-21 10:55:24,28.69,8800,28.7,D
sz000021,深科技,2025-10-21 10:55:27,28.69,8800,28.69,D
sz000021,深科技,2025-10-21 10:55:30,28.68,11000,28.69,D
sz000021,深科技,2025-10-21 10:55:33,28.67,9200,28.68,D
sz000021,深科技,2025-10-21 10:55:36,28.67,12400,28.67,D
sz000021,深科技,2025-10-21 10:55:39,28.66,21000,28.67,D
sz000021,深科技,2025-10-21 10:55:45,28.66,10700,28.65,U
sz000021,深科技,2025-10-21 10:55:48,28.69,35400,28.66,U
sz000021,深科技,2025-10-21 10:55:51,28.65,12500,28.69,D
sz000021,深科技,2025-10-21 10:55:54,28.68,15100,28.65,D
sz000021,深科技,2025-10-21 10:56:03,28.69,15200,28.67,U
sz000021,深科技,2025-10-21 10:56:06,28.68,8300,28.69,U
sz000021,深科技,2025-10-21 10:56:09,28.68,10500,28.68,D
sz000021,深科技,2025-10-21 10:56:12,28.68,12700,28.68,D
sz000021,深科技,2025-10-21 10:56:15,28.67,15200,28.68,D
sz000021,深科技,2025-10-21 10:56:27,28.67,12800,28.66,U
sz000021,深科技,2025-10-21 10:56:30,28.66,10200,28.67,D
sz000021,深科技,2025-10-21 10:56:36,28.66,10700,28.66,U
sz000021,深科技,2025-10-21 10:56:39,28.65,7000,28.66,D
sz000021,深科技,2025-10-21 10:56:42,28.63,20700,28.65,D
sz000021,深科技,2025-10-21 10:57:03,28.62,17400,28.63,D
sz000021,深科技,2025-10-21 10:57:06,28.62,17000,28.62,U
sz000021,深科技,2025-10-21 10:57:15,28.6,14200,28.61,D
sz000021,深科技,2025-10-21 10:57:18,28.6,8400,28.6,D
sz000021,深科技,2025-10-21 10:57:21,28.6,49100,28.6,D
sz000021,深科技,2025-10-21 10:57:24,28.61,15800,28.6,U
sz000021,深科技,2025-10-21 10:57:27,28.61,15600,28.61,D
sz000021,深科技,2025-10-21 10:57:30,28.61,12800,28.61,D
sz000021,深科技,2025-10-21 10:57:33,28.61,15900,28.61,D
sz000021,深科技,2025-10-21 10:57:36,28.61,35600,28.61,U
sz000021,深科技,2025-10-21 10:57:39,28.61,8100,28.61,U
sz000021,深科技,2025-10-21 10:57:42,28.61,10300,28.61,D
sz000021,深科技,2025-10-21 10:57:45,28.6,19700,28.61,D
sz000021,深科技,2025-10-21 10:57:48,28.6,10300,28.6,D
sz000021,深科技,2025-10-21 10:57:54,28.6,17900,28.6,D
sz000021,深科技,2025-10-21 10:57:57,28.61,28400,28.6,U
sz000021,深科技,2025-10-21 10:58:00,28.6,16100,28.61,D
sz000021,深科技,2025-10-21 10:58:03,28.6,25900,28.6,U
sz000021,深科技,2025-10-21 10:58:06,28.59,75600,28.6,D
sz000021,深科技,2025-10-21 10:58:09,28.58,10400,28.59,D
sz000021,深科技,2025-10-21 10:58:15,28.58,16500,28.58,D
sz000021,深科技,2025-10-21 10:58:18,28.58,29700,28.58,D
sz000021,深科技,2025-10-21 10:58:27,28.58,35000,28.58,U
sz000021,深科技,2025-10-21 10:58:30,28.58,24700,28.58,U
sz000021,深科技,2025-10-21 10:58:33,28.58,32200,28.58,E
sz000021,深科技,2025-10-21 10:58:36,28.59,21700,28.58,E
sz000021,深科技,2025-10-21 10:58:39,28.61,28100,28.59,U
sz000021,深科技,2025-10-21 10:58:42,28.6,10100,28.61,D
sz000021,深科技,2025-10-21 10:58:48,28.59,25400,28.6,D
sz000021,深科技,2025-10-21 10:58:54,28.6,22600,28.6,U
sz000021,深科技,2025-10-21 10:58:57,28.6,11500,28.6,D
sz000021,深科技,2025-10-21 10:59:00,28.59,30400,28.6,D
sz000021,深科技,2025-10-21 10:59:03,28.61,21900,28.59,U
sz000021,深科技,2025-10-21 10:59:06,28.59,8400,28.61,D
sz000021,深科技,2025-10-21 10:59:09,28.59,8400,28.59,D
sz000021,深科技,2025-10-21 10:59:18,28.6,15500,28.6,U
sz000021,深科技,2025-10-21 10:59:21,28.6,8700,28.6,D
sz000021,深科技,2025-10-21 10:59:24,28.6,7000,28.6,D
sz000021,深科技,2025-10-21 10:59:27,28.6,9100,28.6,D
sz000021,深科技,2025-10-21 10:59:30,28.59,8000,28.6,D
sz000021,深科技,2025-10-21 10:59:33,28.6,20800,28.59,U
sz000021,深科技,2025-10-21 10:59:36,28.6,19100,28.6,U
sz000021,深科技,2025-10-21 10:59:39,28.61,17000,28.6,U
sz000021,深科技,2025-10-21 10:59:42,28.64,23400,28.61,U
sz000021,深科技,2025-10-21 10:59:45,28.67,55300,28.64,U
sz000021,深科技,2025-10-21 10:59:48,28.68,39700,28.67,U
sz000021,深科技,2025-10-21 10:59:51,28.7,36300,28.68,U
sz000021,深科技,2025-10-21 11:00:00,28.7,23400,28.7,D
sz000021,深科技,2025-10-21 11:00:03,28.7,8000,28.7,D
sz000021,深科技,2025-10-21 11:00:06,28.71,27900,28.7,U
sz000021,深科技,2025-10-21 11:00:09,28.69,39800,28.71,D
sz000021,深科技,2025-10-21 11:00:12,28.72,35400,28.69,U
sz000021,深科技,2025-10-21 11:00:15,28.72,8900,28.72,U
sz000021,深科技,2025-10-21 11:00:18,28.72,26800,28.72,U
sz000021,深科技,2025-10-21 11:00:21,28.72,12800,28.72,D
sz000021,深科技,2025-10-21 11:00:24,28.73,24900,28.72,U
sz000021,深科技,2025-10-21 11:00:27,28.72,19300,28.73,D
sz000021,深科技,2025-10-21 11:00:30,28.71,17500,28.72,D
sz000021,深科技,2025-10-21 11:00:33,28.71,19200,28.71,D
sz000021,深科技,2025-10-21 11:00:36,28.71,14200,28.71,D
sz000021,深科技,2025-10-21 11:00:39,28.71,16300,28.71,D
sz000021,深科技,2025-10-21 11:00:45,28.7,17600,28.7,D
sz000021,深科技,2025-10-21 11:00:48,28.73,15300,28.7,U
sz000021,深科技,2025-10-21 11:00:54,28.72,25200,28.72,D
sz000021,深科技,2025-10-21 11:00:57,28.72,8700,28.72,U
sz000021,深科技,2025-10-21 11:01:00,28.72,13600,28.72,U
sz000021,深科技,2025-10-21 11:01:03,28.72,60700,28.72,U
sz000021,深科技,2025-10-21 11:01:06,28.76,158700,28.72,U
sz000021,深科技,2025-10-21 11:01:09,28.76,64500,28.76,U
sz000021,深科技,2025-10-21 11:01:12,28.77,26400,28.76,U
sz000021,深科技,2025-10-21 11:01:15,28.78,36936,28.77,U
sz000021,深科技,2025-10-21 11:01:18,28.77,13400,28.78,D
sz000021,深科技,2025-10-21 11:01:21,28.77,17800,28.77,D
sz000021,深科技,2025-10-21 11:01:24,28.77,12300,28.77,U
sz000021,深科技,2025-10-21 11:01:27,28.76,12500,28.77,D
sz000021,深科技,2025-10-21 11:01:30,28.77,25200,28.76,U
sz000021,深科技,2025-10-21 11:01:33,28.77,17400,28.77,D
sz000021,深科技,2025-10-21 11:01:36,28.77,55500,28.77,U
sz000021,深科技,2025-10-21 11:01:39,28.76,13000,28.77,D
sz000021,深科技,2025-10-21 11:01:45,28.76,10700,28.76,U
sz000021,深科技,2025-10-21 11:01:48,28.76,61900,28.76,D
sz000021,深科技,2025-10-21 11:01:51,28.76,9700,28.76,U
sz000021,深科技,2025-10-21 11:01:54,28.76,25000,28.76,U
sz000021,深科技,2025-10-21 11:01:57,28.76,7800,28.76,U
sz000021,深科技,2025-10-21 11:02:00,28.75,8400,28.76,D
sz000021,深科技,2025-10-21 11:02:06,28.74,9400,28.75,D
sz000021,深科技,2025-10-21 11:02:09,28.74,14100,28.74,D
sz000021,深科技,2025-10-21 11:02:15,28.73,10300,28.73,D
sz000021,深科技,2025-10-21 11:02:18,28.73,11300,28.73,D
sz000021,深科技,2025-10-21 11:02:21,28.74,38800,28.73,U
sz000021,深科技,2025-10-21 11:02:24,28.74,10900,28.74,D
sz000021,深科技,2025-10-21 11:02:33,28.73,21400,28.73,D
sz000021,深科技,2025-10-21 11:02:36,28.75,10000,28.73,U
sz000021,深科技,2025-10-21 11:02:42,28.74,9500,28.74,D
sz000021,深科技,2025-10-21 11:02:45,28.76,29000,28.74,U
sz000021,深科技,2025-10-21 11:02:48,28.76,24400,28.76,U
sz000021,深科技,2025-10-21 11:02:51,28.77,8400,28.76,U
sz000021,深科技,2025-10-21 11:02:54,28.76,10600,28.77,D
sz000021,深科技,2025-10-21 11:02:57,28.76,31700,28.76,D
sz000021,深科技,2025-10-21 11:03:00,28.76,40000,28.76,U
sz000021,深科技,2025-10-21 11:03:03,28.77,40500,28.76,U
sz000021,深科技,2025-10-21 11:03:06,28.78,13200,28.77,U
sz000021,深科技,2025-10-21 11:03:09,28.8,138400,28.78,U
sz000021,深科技,2025-10-21 11:03:12,28.8,15400,28.8,U
sz000021,深科技,2025-10-21 11:03:15,28.8,82000,28.8,U
sz000021,深科技,2025-10-21 11:03:18,28.79,12800,28.8,E
sz000021,深科技,2025-10-21 11:03:21,28.79,45500,28.79,U
sz000021,深科技,2025-10-21 11:03:24,28.78,12400,28.79,E
sz000021,深科技,2025-10-21 11:03:27,28.79,36600,28.78,U
sz000021,深科技,2025-10-21 11:03:30,28.79,14600,28.79,U
sz000021,深科技,2025-10-21 11:03:33,28.78,16100,28.79,D
sz000021,深科技,2025-10-21 11:03:36,28.79,10000,28.78,U
sz000021,深科技,2025-10-21 11:03:39,28.79,18400,28.79,U
sz000021,深科技,2025-10-21 11:03:42,28.78,17800,28.79,D
sz000021,深科技,2025-10-21 11:03:48,28.77,41400,28.78,D
sz000021,深科技,2025-10-21 11:03:51,28.77,18800,28.77,U
sz000021,深科技,2025-10-21 11:03:54,28.78,15400,28.77,U
sz000021,深科技,2025-10-21 11:03:57,28.79,32100,28.78,U
sz000021,深科技,2025-10-21 11:04:00,28.78,10900,28.79,D
sz000021,深科技,2025-10-21 11:04:03,28.79,13800,28.78,U
sz000021,深科技,2025-10-21 11:04:06,28.8,48500,28.79,U
sz000021,深科技,2025-10-21 11:04:09,28.8,21600,28.8,U
sz000021,深科技,2025-10-21 11:04:12,28.8,12400,28.8,U
sz000021,深科技,2025-10-21 11:04:15,28.8,36500,28.8,U
sz000021,深科技,2025-10-21 11:04:18,28.8,27700,28.8,U
sz000021,深科技,2025-10-21 11:04:21,28.8,9700,28.8,U
sz000021,深科技,2025-10-21 11:04:24,28.8,57800,28.8,U
sz000021,深科技,2025-10-21 11:04:27,28.79,30700,28.8,D
sz000021,深科技,2025-10-21 11:04:30,28.79,22000,28.79,D
sz000021,深科技,2025-10-21 11:04:33,28.79,12300,28.79,D
sz000021,深科技,2025-10-21 11:04:36,28.79,168800,28.79,D
sz000021,深科技,2025-10-21 11:04:39,28.81,17800,28.79,U
sz000021,深科技,2025-10-21 11:04:45,28.81,20700,28.8,U
sz000021,深科技,2025-10-21 11:04:48,28.82,24800,28.81,U
sz000021,深科技,2025-10-21 11:04:54,28.81,14100,28.8,U
sz000021,深科技,2025-10-21 11:04:57,28.81,10100,28.81,U
sz000021,深科技,2025-10-21 11:05:00,28.79,7500,28.81,D
sz000021,深科技,2025-10-21 11:05:06,28.79,14000,28.8,D
sz000021,深科技,2025-10-21 11:05:12,28.78,8800,28.79,D
sz000021,深科技,2025-10-21 11:05:15,28.77,15600,28.78,D
sz000021,深科技,2025-10-21 11:05:21,28.78,10600,28.75,U
sz000021,深科技,2025-10-21 11:05:24,28.77,9700,28.78,D
sz000021,深科技,2025-10-21 11:05:27,28.79,56500,28.77,U
sz000021,深科技,2025-10-21 11:05:30,28.79,74500,28.79,D
sz000021,深科技,2025-10-21 11:05:36,28.79,24700,28.79,D
sz000021,深科技,2025-10-21 11:05:39,28.78,58600,28.79,D
sz000021,深科技,2025-10-21 11:05:42,28.78,7400,28.78,D
sz000021,深科技,2025-10-21 11:05:48,28.78,7700,28.78,D
sz000021,深科技,2025-10-21 11:05:51,28.77,10700,28.78,D
sz000021,深科技,2025-10-21 11:05:54,28.79,12800,28.77,U
sz000021,深科技,2025-10-21 11:05:57,28.79,40000,28.79,U
sz000021,深科技,2025-10-21 11:06:00,28.77,8500,28.79,D
sz000021,深科技,2025-10-21 11:06:06,28.78,7900,28.77,U
sz000021,深科技,2025-10-21 11:06:09,28.78,7000,28.78,D
sz000021,深科技,2025-10-21 11:06:12,28.78,7300,28.78,U
sz000021,深科技,2025-10-21 11:06:18,28.78,21100,28.78,U
sz000021,深科技,2025-10-21 11:06:21,28.78,26700,28.78,U
sz000021,深科技,2025-10-21 11:06:24,28.78,30400,28.78,D
sz000021,深科技,2025-10-21 11:06:27,28.77,36600,28.78,D
sz000021,深科技,2025-10-21 11:06:36,28.77,9400,28.78,U
sz000021,深科技,2025-10-21 11:06:39,28.76,22700,28.77,D
sz000021,深科技,2025-10-21 11:06:45,28.76,11400,28.75,U
sz000021,深科技,2025-10-21 11:06:48,28.75,13300,28.76,D
sz000021,深科技,2025-10-21 11:06:54,28.75,18000,28.75,U
sz000021,深科技,2025-10-21 11:06:57,28.76,17200,28.75,U
sz000021,深科技,2025-10-21 11:07:03,28.73,49500,28.74,D
sz000021,深科技,2025-10-21 11:07:06,28.72,7500,28.73,D
sz000021,深科技,2025-10-21 11:07:30,28.71,31700,28.71,D
sz000021,深科技,2025-10-21 11:07:36,28.7,7800,28.7,D
sz000021,深科技,2025-10-21 11:07:39,28.7,10900,28.7,D
sz000021,深科技,2025-10-21 11:07:42,28.7,21400,28.7,D
sz000021,深科技,2025-10-21 11:07:45,28.71,14600,28.7,U
sz000021,深科技,2025-10-21 11:07:48,28.68,28900,28.71,D
sz000021,深科技,2025-10-21 11:07:54,28.68,11300,28.69,D
sz000021,深科技,2025-10-21 11:08:00,28.68,16600,28.69,D
sz000021,深科技,2025-10-21 11:08:15,28.68,12900,28.67,U
sz000021,深科技,2025-10-21 11:08:18,28.67,23800,28.68,D
sz000021,深科技,2025-10-21 11:08:21,28.66,18600,28.67,D
sz000021,深科技,2025-10-21 11:08:27,28.65,12500,28.66,D
sz000021,深科技,2025-10-21 11:08:33,28.63,8000,28.64,D
sz000021,深科技,2025-10-21 11:08:39,28.64,12200,28.64,D
sz000021,深科技,2025-10-21 11:08:45,28.64,11300,28.64,U
sz000021,深科技,2025-10-21 11:08:51,28.63,8800,28.63,U
sz000021,深科技,2025-10-21 11:08:54,28.65,12800,28.63,U
sz000021,深科技,2025-10-21 11:09:06,28.64,11100,28.66,D
sz000021,深科技,2025-10-21 11:09:12,28.67,10000,28.66,U
sz000021,深科技,2025-10-21 11:09:21,28.66,9100,28.66,D
sz000021,深科技,2025-10-21 11:09:24,28.66,8700,28.66,U
sz000021,深科技,2025-10-21 11:09:33,28.66,17500,28.65,U
sz000021,深科技,2025-10-21 11:09:36,28.65,8000,28.66,D
sz000021,深科技,2025-10-21 11:09:39,28.65,9900,28.65,U
sz000021,深科技,2025-10-21 11:09:48,28.64,26400,28.64,D
sz000021,深科技,2025-10-21 11:09:51,28.64,9700,28.64,U
sz000021,深科技,2025-10-21 11:09:54,28.63,7200,28.64,D
sz000021,深科技,2025-10-21 11:10:00,28.62,7400,28.63,D
sz000021,深科技,2025-10-21 11:10:03,28.62,22300,28.62,D
sz000021,深科技,2025-10-21 11:10:09,28.62,36400,28.62,D
sz000021,深科技,2025-10-21 11:10:15,28.66,187200,28.63,U
sz000021,深科技,2025-10-21 11:10:18,28.68,70436,28.66,U
sz000021,深科技,2025-10-21 11:10:21,28.68,10700,28.68,U
sz000021,深科技,2025-10-21 11:10:24,28.69,15300,28.68,U
sz000021,深科技,2025-10-21 11:10:30,28.7,8300,28.7,U
sz000021,深科技,2025-10-21 11:10:33,28.69,9200,28.7,D
sz000021,深科技,2025-10-21 11:10:36,28.68,16900,28.69,D
sz000021,深科技,2025-10-21 11:10:45,28.7,8100,28.69,U
sz000021,深科技,2025-10-21 11:10:48,28.69,7800,28.7,D
sz000021,深科技,2025-10-21 11:10:51,28.68,13100,28.69,D
sz000021,深科技,2025-10-21 11:10:54,28.69,33400,28.68,U
sz000021,深科技,2025-10-21 11:11:06,28.69,14000,28.68,U
sz000021,深科技,2025-10-21 11:11:18,28.69,9100,28.69,U
sz000021,深科技,2025-10-21 11:11:24,28.69,14700,28.69,U
sz000021,深科技,2025-10-21 11:11:27,28.69,9000,28.69,U
sz000021,深科技,2025-10-21 11:11:30,28.68,92800,28.69,D
sz000021,深科技,2025-10-21 11:11:51,28.69,39500,28.68,U
sz000021,深科技,2025-10-21 11:11:54,28.69,8600,28.69,U
sz000021,深科技,2025-10-21 11:12:03,28.69,9500,28.68,U
sz000021,深科技,2025-10-21 11:12:06,28.71,81400,28.69,U
sz000021,深科技,2025-10-21 11:12:18,28.7,8200,28.7,U
sz000021,深科技,2025-10-21 11:12:36,28.68,8354,28.68,D
sz000021,深科技,2025-10-21 11:12:48,28.68,11600,28.68,U
sz000021,深科技,2025-10-21 11:12:51,28.66,40000,28.68,D
sz000021,深科技,2025-10-21 11:12:54,28.65,8600,28.66,D
sz000021,深科技,2025-10-21 11:12:57,28.65,10300,28.65,D
sz000021,深科技,2025-10-21 11:13:12,28.64,37564,28.65,D
sz000021,深科技,2025-10-21 11:13:18,28.64,8400,28.64,U
sz000021,深科技,2025-10-21 11:13:24,28.63,8400,28.63,U
sz000021,深科技,2025-10-21 11:13:27,28.63,7400,28.63,U
sz000021,深科技,2025-10-21 11:13:30,28.64,17100,28.63,E
sz000021,深科技,2025-10-21 11:13:39,28.64,19000,28.63,U
sz000021,深科技,2025-10-21 11:13:45,28.63,12400,28.63,D
sz000021,深科技,2025-10-21 11:13:48,28.63,154300,28.63,U
sz000021,深科技,2025-10-21 11:13:54,28.63,7400,28.62,U
sz000021,深科技,2025-10-21 11:13:57,28.6,93100,28.63,D
sz000021,深科技,2025-10-21 11:14:00,28.61,10800,28.6,D
sz000021,深科技,2025-10-21 11:14:06,28.61,15300,28.61,U
sz000021,深科技,2025-10-21 11:14:09,28.61,40800,28.61,U
sz000021,深科技,2025-10-21 11:14:12,28.6,13200,28.61,D
sz000021,深科技,2025-10-21 11:14:15,28.65,51836,28.6,U
sz000021,深科技,2025-10-21 11:14:21,28.63,20800,28.63,D
sz000021,深科技,2025-10-21 11:14:24,28.63,34700,28.63,U
sz000021,深科技,2025-10-21 11:14:30,28.63,36100,28.64,D
sz000021,深科技,2025-10-21 11:14:36,28.62,76000,28.64,D
sz000021,深科技,2025-10-21 11:14:48,28.63,18600,28.63,D
sz000021,深科技,2025-10-21 11:14:54,28.62,20400,28.63,D
sz000021,深科技,2025-10-21 11:14:57,28.61,15300,28.62,D
sz000021,深科技,2025-10-21 11:15:03,28.61,18000,28.62,D
sz000021,深科技,2025-10-21 11:15:09,28.61,12800,28.61,U
sz000021,深科技,2025-10-21 11:15:18,28.61,9100,28.61,U
sz000021,深科技,2025-10-21 11:15:21,28.6,37400,28.61,D
sz000021,深科技,2025-10-21 11:15:24,28.6,11100,28.6,D
sz000021,深科技,2025-10-21 11:15:30,28.6,7400,28.6,D
sz000021,深科技,2025-10-21 11:15:36,28.61,58600,28.6,U
sz000021,深科技,2025-10-21 11:15:39,28.6,25000,28.61,D
sz000021,深科技,2025-10-21 11:15:54,28.61,25300,28.6,U
sz000021,深科技,2025-10-21 11:15:57,28.61,20300,28.61,U
sz000021,深科技,2025-10-21 11:16:06,28.6,10500,28.6,D
sz000021,深科技,2025-10-21 11:16:12,28.6,12400,28.6,U
sz000021,深科技,2025-10-21 11:16:21,28.6,9400,28.6,U
sz000021,深科技,2025-10-21 11:16:27,28.62,14400,28.6,U
sz000021,深科技,2025-10-21 11:16:30,28.62,24300,28.62,U
sz000021,深科技,2025-10-21 11:16:42,28.61,7300,28.62,D
sz000021,深科技,2025-10-21 11:16:45,28.62,7900,28.61,U
sz000021,深科技,2025-10-21 11:16:54,28.61,13000,28.61,D
sz000021,深科技,2025-10-21 11:17:12,28.62,14400,28.6,U
sz000021,深科技,2025-10-21 11:17:15,28.61,55300,28.62,D
sz000021,深科技,2025-10-21 11:17:18,28.62,10700,28.61,U
sz000021,深科技,2025-10-21 11:17:27,28.62,12900,28.61,U
sz000021,深科技,2025-10-21 11:17:33,28.58,54800,28.61,D
sz000021,深科技,2025-10-21 11:17:42,28.58,48700,28.59,D
sz000021,深科技,2025-10-21 11:17:54,28.59,8900,28.59,U
sz000021,深科技,2025-10-21 11:17:57,28.57,19200,28.59,D
sz000021,深科技,2025-10-21 11:18:12,28.57,16800,28.58,D
sz000021,深科技,2025-10-21 11:18:18,28.56,17900,28.57,D
sz000021,深科技,2025-10-21 11:18:21,28.57,9300,28.56,U
sz000021,深科技,2025-10-21 11:18:27,28.57,14600,28.56,U
sz000021,深科技,2025-10-21 11:18:36,28.57,9300,28.56,U
sz000021,深科技,2025-10-21 11:18:39,28.58,28400,28.57,U
sz000021,深科技,2025-10-21 11:18:42,28.58,18400,28.58,U
sz000021,深科技,2025-10-21 11:18:48,28.58,9800,28.57,U
sz000021,深科技,2025-10-21 11:18:57,28.57,10800,28.58,D
sz000021,深科技,2025-10-21 11:19:00,28.57,7600,28.57,U
sz000021,深科技,2025-10-21 11:19:03,28.57,12500,28.57,U
sz000021,深科技,2025-10-21 11:19:09,28.57,11900,28.56,U
