symbol,name,ticktime,price,volume,prev_price,kind
sz000021,深科技,2025-09-18 09:25:00,21.7,297700,0.0,D
sz000021,深科技,2025-09-18 09:30:00,21.72,63100,21.7,U
sz000021,深科技,2025-09-18 09:30:03,21.66,230800,21.72,D
sz000021,深科技,2025-09-18 09:30:06,21.66,54700,21.66,D
sz000021,深科技,2025-09-18 09:30:09,21.64,16700,21.66,D
sz000021,深科技,2025-09-18 09:30:15,21.66,42100,21.65,U
sz000021,深科技,2025-09-18 09:30:18,21.69,33700,21.66,U
sz000021,深科技,2025-09-18 09:30:21,21.68,62700,21.69,D
sz000021,深科技,2025-09-18 09:30:24,21.69,106300,21.68,D
sz000021,深科技,2025-09-18 09:30:27,21.7,24200,21.69,U
sz000021,深科技,2025-09-18 09:30:39,21.72,18100,21.74,D
sz000021,深科技,2025-09-18 09:30:42,21.72,14500,21.72,U
sz000021,深科技,2025-09-18 09:30:45,21.69,66200,21.72,D
sz000021,深科技,2025-09-18 09:30:48,21.68,34700,21.69,D
sz000021,深科技,2025-09-18 09:30:51,21.67,15200,21.68,D
sz000021,深科技,2025-09-18 09:30:54,21.66,13800,21.67,E
sz000021,深科技,2025-09-18 09:30:57,21.66,10500,21.66,U
sz000021,深科技,2025-09-18 09:31:00,21.66,10000,21.66,U
sz000021,深科技,2025-09-18 09:31:09,21.64,51400,21.65,D
sz000021,深科技,2025-09-18 09:31:12,21.64,52200,21.64,D
sz000021,深科技,2025-09-18 09:31:15,21.62,13100,21.64,E
sz000021,深科技,2025-09-18 09:31:18,21.62,21800,21.62,D
sz000021,深科技,2025-09-18 09:31:21,21.63,31100,21.62,E
sz000021,深科技,2025-09-18 09:31:24,21.62,17900,21.63,D
sz000021,深科技,2025-09-18 09:31:30,21.6,11300,21.62,D
sz000021,深科技,2025-09-18 09:31:33,21.65,115000,21.6,U
sz000021,深科技,2025-09-18 09:31:36,21.69,76100,21.65,U
sz000021,深科技,2025-09-18 09:31:39,21.7,12200,21.69,E
sz000021,深科技,2025-09-18 09:31:42,21.71,15700,21.7,U
sz000021,深科技,2025-09-18 09:31:45,21.7,25400,21.71,U
sz000021,深科技,2025-09-18 09:31:51,21.72,19400,21.72,E
sz000021,深科技,2025-09-18 09:31:54,21.73,132300,21.72,U
sz000021,深科技,2025-09-18 09:31:57,21.72,15400,21.73,D
sz000021,深科技,2025-09-18 09:32:00,21.73,20700,21.72,U
sz000021,深科技,2025-09-18 09:32:03,21.74,9500,21.73,U
sz000021,深科技,2025-09-18 09:32:06,21.73,13100,21.74,D
sz000021,深科技,2025-09-18 09:32:12,21.78,80000,21.74,U
sz000021,深科技,2025-09-18 09:32:15,21.78,37300,21.78,U
sz000021,深科技,2025-09-18 09:32:18,21.78,44300,21.78,U
sz000021,深科技,2025-09-18 09:32:24,21.79,40700,21.78,U
sz000021,深科技,2025-09-18 09:32:27,21.8,9800,21.79,U
sz000021,深科技,2025-09-18 09:32:30,21.8,13500,21.8,U
sz000021,深科技,2025-09-18 09:32:33,21.78,68600,21.8,D
sz000021,深科技,2025-09-18 09:32:36,21.78,21000,21.78,U
sz000021,深科技,2025-09-18 09:32:39,21.78,16600,21.78,U
sz000021,深科技,2025-09-18 09:32:42,21.77,15600,21.78,D
sz000021,深科技,2025-09-18 09:32:45,21.76,34900,21.77,D
sz000021,深科技,2025-09-18 09:32:48,21.77,64500,21.76,U
sz000021,深科技,2025-09-18 09:32:51,21.78,17200,21.77,U
sz000021,深科技,2025-09-18 09:32:54,21.78,58900,21.78,U
sz000021,深科技,2025-09-18 09:32:57,21.77,19400,21.78,D
sz000021,深科技,2025-09-18 09:33:00,21.77,22400,21.77,D
sz000021,深科技,2025-09-18 09:33:03,21.78,42000,21.77,U
sz000021,深科技,2025-09-18 09:33:06,21.79,12200,21.78,U
sz000021,深科技,2025-09-18 09:33:09,21.77,9800,21.79,D
sz000021,深科技,2025-09-18 09:33:12,21.78,13600,21.77,U
sz000021,深科技,2025-09-18 09:33:15,21.78,9200,21.78,U
sz000021,深科技,2025-09-18 09:33:18,21.78,13000,21.78,U
sz000021,深科技,2025-09-18 09:33:24,21.78,34100,21.77,U
sz000021,深科技,2025-09-18 09:33:27,21.76,109500,21.78,D
sz000021,深科技,2025-09-18 09:33:30,21.76,22500,21.76,U
sz000021,深科技,2025-09-18 09:33:33,21.76,16800,21.76,U
sz000021,深科技,2025-09-18 09:33:39,21.77,9300,21.77,U
sz000021,深科技,2025-09-18 09:33:42,21.77,13800,21.77,U
sz000021,深科技,2025-09-18 09:33:45,21.78,25800,21.77,U
sz000021,深科技,2025-09-18 09:33:48,21.8,198200,21.78,U
sz000021,深科技,2025-09-18 09:33:51,21.82,10800,21.8,U
sz000021,深科技,2025-09-18 09:33:54,21.81,13700,21.82,E
sz000021,深科技,2025-09-18 09:34:03,21.83,18000,21.83,D
sz000021,深科技,2025-09-18 09:34:06,21.81,32600,21.83,D
sz000021,深科技,2025-09-18 09:34:09,21.82,18500,21.81,U
sz000021,深科技,2025-09-18 09:34:12,21.8,29900,21.82,D
sz000021,深科技,2025-09-18 09:34:15,21.78,17400,21.8,D
sz000021,深科技,2025-09-18 09:34:18,21.78,14700,21.78,U
sz000021,深科技,2025-09-18 09:34:21,21.78,35500,21.78,D
sz000021,深科技,2025-09-18 09:34:30,21.77,12500,21.78,D
sz000021,深科技,2025-09-18 09:34:36,21.76,34800,21.78,D
sz000021,深科技,2025-09-18 09:34:42,21.76,29200,21.76,D
sz000021,深科技,2025-09-18 09:34:48,21.77,9900,21.76,U
sz000021,深科技,2025-09-18 09:34:54,21.78,11500,21.76,U
sz000021,深科技,2025-09-18 09:34:57,21.77,10800,21.78,D
sz000021,深科技,2025-09-18 09:35:00,21.78,27300,21.77,U
sz000021,深科技,2025-09-18 09:35:03,21.78,41100,21.78,D
sz000021,深科技,2025-09-18 09:35:06,21.78,15400,21.78,U
sz000021,深科技,2025-09-18 09:35:15,21.78,11200,21.78,U
sz000021,深科技,2025-09-18 09:35:18,21.77,20300,21.78,D
sz000021,深科技,2025-09-18 09:35:21,21.77,17500,21.77,D
sz000021,深科技,2025-09-18 09:35:36,21.77,16700,21.77,D
sz000021,深科技,2025-09-18 09:35:39,21.76,13300,21.77,D
sz000021,深科技,2025-09-18 09:35:42,21.76,24200,21.76,D
sz000021,深科技,2025-09-18 09:35:45,21.75,13700,21.76,D
sz000021,深科技,2025-09-18 09:35:51,21.77,34700,21.77,D
sz000021,深科技,2025-09-18 09:35:54,21.77,11000,21.77,D
sz000021,深科技,2025-09-18 09:35:57,21.76,14300,21.77,D
sz000021,深科技,2025-09-18 09:36:03,21.75,14100,21.76,D
sz000021,深科技,2025-09-18 09:36:06,21.76,13200,21.75,E
sz000021,深科技,2025-09-18 09:36:09,21.76,36400,21.76,U
sz000021,深科技,2025-09-18 09:36:12,21.76,12000,21.76,U
sz000021,深科技,2025-09-18 09:36:15,21.77,83400,21.76,U
sz000021,深科技,2025-09-18 09:36:18,21.77,21500,21.77,D
sz000021,深科技,2025-09-18 09:36:21,21.78,10400,21.77,E
sz000021,深科技,2025-09-18 09:36:24,21.79,12200,21.78,U
sz000021,深科技,2025-09-18 09:36:27,21.79,17300,21.79,U
sz000021,深科技,2025-09-18 09:36:30,21.79,16700,21.79,U
sz000021,深科技,2025-09-18 09:36:33,21.78,36200,21.79,E
sz000021,深科技,2025-09-18 09:36:39,21.78,10200,21.78,E
sz000021,深科技,2025-09-18 09:36:42,21.79,12700,21.78,U
sz000021,深科技,2025-09-18 09:36:48,21.79,50400,21.79,U
sz000021,深科技,2025-09-18 09:36:57,21.78,40000,21.78,U
sz000021,深科技,2025-09-18 09:37:03,21.77,27300,21.77,U
sz000021,深科技,2025-09-18 09:37:06,21.77,29900,21.77,U
sz000021,深科技,2025-09-18 09:37:09,21.76,16000,21.77,D
sz000021,深科技,2025-09-18 09:37:12,21.75,18100,21.76,D
sz000021,深科技,2025-09-18 09:37:15,21.73,19400,21.75,D
sz000021,深科技,2025-09-18 09:37:21,21.74,42900,21.73,U
sz000021,深科技,2025-09-18 09:37:24,21.73,28600,21.74,U
sz000021,深科技,2025-09-18 09:37:30,21.71,20800,21.71,D
sz000021,深科技,2025-09-18 09:37:33,21.67,73700,21.71,D
sz000021,深科技,2025-09-18 09:37:36,21.69,20400,21.67,U
sz000021,深科技,2025-09-18 09:37:45,21.69,10300,21.69,U
sz000021,深科技,2025-09-18 09:37:54,21.68,16300,21.68,D
sz000021,深科技,2025-09-18 09:37:57,21.67,29400,21.68,D
sz000021,深科技,2025-09-18 09:38:00,21.68,13100,21.67,U
sz000021,深科技,2025-09-18 09:38:03,21.66,10800,21.68,D
sz000021,深科技,2025-09-18 09:38:12,21.67,16900,21.67,D
sz000021,深科技,2025-09-18 09:38:18,21.66,16100,21.67,D
sz000021,深科技,2025-09-18 09:38:21,21.65,21000,21.66,D
sz000021,深科技,2025-09-18 09:38:24,21.65,10500,21.65,D
sz000021,深科技,2025-09-18 09:38:30,21.64,11200,21.65,D
sz000021,深科技,2025-09-18 09:38:33,21.64,36600,21.64,D
sz000021,深科技,2025-09-18 09:38:36,21.64,38700,21.64,D
sz000021,深科技,2025-09-18 09:38:39,21.64,18400,21.64,D
sz000021,深科技,2025-09-18 09:38:48,21.68,74300,21.64,U
sz000021,深科技,2025-09-18 09:38:51,21.66,51600,21.68,D
sz000021,深科技,2025-09-18 09:38:54,21.66,21200,21.66,D
sz000021,深科技,2025-09-18 09:38:57,21.67,41900,21.66,E
sz000021,深科技,2025-09-18 09:39:00,21.69,70300,21.67,U
sz000021,深科技,2025-09-18 09:39:06,21.66,49000,21.7,D
sz000021,深科技,2025-09-18 09:39:15,21.68,22700,21.68,D
sz000021,深科技,2025-09-18 09:39:24,21.68,9800,21.68,U
sz000021,深科技,2025-09-18 09:39:30,21.67,16500,21.68,D
sz000021,深科技,2025-09-18 09:39:36,21.66,35100,21.67,D
sz000021,深科技,2025-09-18 09:39:39,21.63,54600,21.66,D
sz000021,深科技,2025-09-18 09:39:42,21.63,31400,21.63,D
sz000021,深科技,2025-09-18 09:39:45,21.62,14300,21.63,D
sz000021,深科技,2025-09-18 09:39:48,21.63,11800,21.62,U
sz000021,深科技,2025-09-18 09:39:51,21.64,92900,21.63,U
sz000021,深科技,2025-09-18 09:39:54,21.64,77000,21.64,D
sz000021,深科技,2025-09-18 09:40:00,21.66,45800,21.64,E
sz000021,深科技,2025-09-18 09:40:03,21.65,41900,21.66,D
sz000021,深科技,2025-09-18 09:40:06,21.65,16400,21.65,D
sz000021,深科技,2025-09-18 09:40:15,21.64,10600,21.63,U
sz000021,深科技,2025-09-18 09:40:18,21.63,17500,21.64,D
sz000021,深科技,2025-09-18 09:40:21,21.65,101100,21.63,U
sz000021,深科技,2025-09-18 09:40:24,21.63,14800,21.65,D
sz000021,深科技,2025-09-18 09:40:27,21.66,104100,21.63,U
sz000021,深科技,2025-09-18 09:40:39,21.66,16400,21.67,D
sz000021,深科技,2025-09-18 09:40:42,21.67,99000,21.66,U
sz000021,深科技,2025-09-18 09:40:45,21.67,31900,21.67,D
sz000021,深科技,2025-09-18 09:40:48,21.68,9400,21.67,U
sz000021,深科技,2025-09-18 09:40:51,21.68,23700,21.68,U
sz000021,深科技,2025-09-18 09:40:54,21.71,47600,21.68,U
sz000021,深科技,2025-09-18 09:40:57,21.73,29200,21.71,U
sz000021,深科技,2025-09-18 09:41:06,21.74,27500,21.74,D
sz000021,深科技,2025-09-18 09:41:09,21.75,18500,21.74,U
sz000021,深科技,2025-09-18 09:41:12,21.73,15100,21.75,E
sz000021,深科技,2025-09-18 09:41:24,21.73,132100,21.71,U
sz000021,深科技,2025-09-18 09:41:27,21.73,37400,21.73,D
sz000021,深科技,2025-09-18 09:41:30,21.73,20000,21.73,U
sz000021,深科技,2025-09-18 09:41:33,21.73,14900,21.73,D
sz000021,深科技,2025-09-18 09:41:36,21.73,129000,21.73,D
sz000021,深科技,2025-09-18 09:41:39,21.73,15800,21.73,D
sz000021,深科技,2025-09-18 09:41:42,21.76,85300,21.73,U
sz000021,深科技,2025-09-18 09:41:45,21.75,15700,21.76,D
sz000021,深科技,2025-09-18 09:41:51,21.76,12100,21.76,U
sz000021,深科技,2025-09-18 09:41:57,21.76,13400,21.76,U
sz000021,深科技,2025-09-18 09:42:00,21.76,9300,21.76,U
sz000021,深科技,2025-09-18 09:42:06,21.76,33700,21.75,U
sz000021,深科技,2025-09-18 09:42:09,21.76,44200,21.76,D
sz000021,深科技,2025-09-18 09:42:15,21.72,101900,21.75,D
sz000021,深科技,2025-09-18 09:42:24,21.72,23500,21.73,D
sz000021,深科技,2025-09-18 09:42:27,21.72,13500,21.72,U
sz000021,深科技,2025-09-18 09:42:30,21.7,15600,21.72,D
sz000021,深科技,2025-09-18 09:42:36,21.69,32200,21.7,D
sz000021,深科技,2025-09-18 09:42:45,21.71,10200,21.7,U
sz000021,深科技,2025-09-18 09:42:51,21.71,59400,21.7,D
sz000021,深科技,2025-09-18 09:43:06,21.72,14500,21.72,D
sz000021,深科技,2025-09-18 09:43:09,21.72,10200,21.72,D
sz000021,深科技,2025-09-18 09:43:12,21.75,67400,21.72,U
sz000021,深科技,2025-09-18 09:43:15,21.81,231800,21.75,U
sz000021,深科技,2025-09-18 09:43:18,21.83,57700,21.81,U
sz000021,深科技,2025-09-18 09:43:21,21.82,10600,21.83,D
sz000021,深科技,2025-09-18 09:43:27,21.83,54800,21.82,U
sz000021,深科技,2025-09-18 09:43:30,21.83,16500,21.83,U
sz000021,深科技,2025-09-18 09:43:33,21.83,31000,21.83,U
sz000021,深科技,2025-09-18 09:43:36,21.83,25700,21.83,D
sz000021,深科技,2025-09-18 09:43:39,21.84,127500,21.83,U
sz000021,深科技,2025-09-18 09:43:42,21.83,11500,21.84,D
sz000021,深科技,2025-09-18 09:43:45,21.83,29100,21.83,D
sz000021,深科技,2025-09-18 09:43:48,21.83,21300,21.83,D
sz000021,深科技,2025-09-18 09:43:51,21.82,15000,21.83,D
sz000021,深科技,2025-09-18 09:43:54,21.83,85700,21.82,U
sz000021,深科技,2025-09-18 09:43:57,21.83,30500,21.83,D
sz000021,深科技,2025-09-18 09:44:00,21.83,22000,21.83,D
sz000021,深科技,2025-09-18 09:44:03,21.85,33300,21.83,U
sz000021,深科技,2025-09-18 09:44:09,21.83,34700,21.84,D
sz000021,深科技,2025-09-18 09:44:12,21.84,13000,21.83,U
sz000021,深科技,2025-09-18 09:44:15,21.84,58600,21.84,U
sz000021,深科技,2025-09-18 09:44:21,21.84,32400,21.84,D
sz000021,深科技,2025-09-18 09:44:24,21.84,16200,21.84,U
sz000021,深科技,2025-09-18 09:44:27,21.83,15000,21.84,D
sz000021,深科技,2025-09-18 09:44:30,21.81,35100,21.83,D
sz000021,深科技,2025-09-18 09:44:33,21.82,17900,21.81,U
sz000021,深科技,2025-09-18 09:44:48,21.8,19500,21.79,U
sz000021,深科技,2025-09-18 09:44:51,21.79,257700,21.8,D
sz000021,深科技,2025-09-18 09:44:54,21.79,13000,21.79,D
sz000021,深科技,2025-09-18 09:45:03,21.75,266400,21.78,D
sz000021,深科技,2025-09-18 09:45:06,21.76,22700,21.75,U
sz000021,深科技,2025-09-18 09:45:09,21.76,24600,21.76,U
sz000021,深科技,2025-09-18 09:45:27,21.75,10000,21.75,U
sz000021,深科技,2025-09-18 09:45:30,21.76,34300,21.75,U
sz000021,深科技,2025-09-18 09:45:36,21.77,23800,21.77,E
sz000021,深科技,2025-09-18 09:45:42,21.75,13100,21.75,D
sz000021,深科技,2025-09-18 09:45:45,21.75,34500,21.75,D
sz000021,深科技,2025-09-18 09:45:51,21.75,15900,21.75,U
sz000021,深科技,2025-09-18 09:46:00,21.74,12900,21.73,U
sz000021,深科技,2025-09-18 09:46:03,21.74,13100,21.74,D
sz000021,深科技,2025-09-18 09:46:06,21.76,26200,21.74,U
sz000021,深科技,2025-09-18 09:46:09,21.74,42400,21.76,D
sz000021,深科技,2025-09-18 09:46:15,21.79,53600,21.75,U
sz000021,深科技,2025-09-18 09:46:27,21.76,16900,21.77,D
sz000021,深科技,2025-09-18 09:46:30,21.77,17000,21.76,U
sz000021,深科技,2025-09-18 09:46:36,21.77,12800,21.76,D
sz000021,深科技,2025-09-18 09:46:39,21.77,35200,21.77,U
sz000021,深科技,2025-09-18 09:46:42,21.75,17300,21.77,D
sz000021,深科技,2025-09-18 09:46:45,21.72,135100,21.75,D
sz000021,深科技,2025-09-18 09:46:51,21.74,35200,21.71,U
sz000021,深科技,2025-09-18 09:47:00,21.72,14300,21.72,D
sz000021,深科技,2025-09-18 09:47:03,21.71,99900,21.72,D
sz000021,深科技,2025-09-18 09:47:06,21.71,18900,21.71,U
sz000021,深科技,2025-09-18 09:47:09,21.7,9900,21.71,E
sz000021,深科技,2025-09-18 09:47:15,21.7,9900,21.7,D
sz000021,深科技,2025-09-18 09:47:21,21.7,24300,21.7,U
sz000021,深科技,2025-09-18 09:47:30,21.68,47500,21.69,D
sz000021,深科技,2025-09-18 09:47:33,21.69,23300,21.68,U
sz000021,深科技,2025-09-18 09:47:39,21.69,11000,21.69,U
sz000021,深科技,2025-09-18 09:47:51,21.66,63000,21.67,D
sz000021,深科技,2025-09-18 09:47:54,21.66,20000,21.66,U
sz000021,深科技,2025-09-18 09:48:00,21.66,19100,21.66,U
sz000021,深科技,2025-09-18 09:48:03,21.65,9700,21.66,D
sz000021,深科技,2025-09-18 09:48:15,21.67,12400,21.66,U
sz000021,深科技,2025-09-18 09:48:18,21.67,16400,21.67,U
sz000021,深科技,2025-09-18 09:48:21,21.67,20700,21.67,U
sz000021,深科技,2025-09-18 09:48:27,21.68,10200,21.67,U
sz000021,深科技,2025-09-18 09:48:30,21.68,26400,21.68,D
sz000021,深科技,2025-09-18 09:48:33,21.69,11000,21.68,U
sz000021,深科技,2025-09-18 09:48:39,21.67,20100,21.7,D
sz000021,深科技,2025-09-18 09:48:42,21.7,54500,21.67,U
sz000021,深科技,2025-09-18 09:48:45,21.72,149800,21.7,U
sz000021,深科技,2025-09-18 09:48:48,21.83,154000,21.72,U
sz000021,深科技,2025-09-18 09:48:51,21.88,622200,21.83,U
sz000021,深科技,2025-09-18 09:48:54,21.89,156100,21.88,U
sz000021,深科技,2025-09-18 09:48:57,21.89,20600,21.89,D
sz000021,深科技,2025-09-18 09:49:00,21.88,22100,21.89,E
sz000021,深科技,2025-09-18 09:49:06,21.86,21500,21.87,D
sz000021,深科技,2025-09-18 09:49:09,21.85,13000,21.86,D
sz000021,深科技,2025-09-18 09:49:12,21.84,70600,21.85,D
sz000021,深科技,2025-09-18 09:49:15,21.83,29700,21.84,D
sz000021,深科技,2025-09-18 09:49:21,21.8,11600,21.8,U
sz000021,深科技,2025-09-18 09:49:24,21.79,18600,21.8,U
sz000021,深科技,2025-09-18 09:49:27,21.78,38700,21.79,E
sz000021,深科技,2025-09-18 09:49:30,21.8,139200,21.78,U
sz000021,深科技,2025-09-18 09:49:33,21.81,62000,21.8,U
sz000021,深科技,2025-09-18 09:49:36,21.8,14800,21.81,D
sz000021,深科技,2025-09-18 09:49:39,21.79,29600,21.8,E
sz000021,深科技,2025-09-18 09:49:42,21.8,57400,21.79,U
sz000021,深科技,2025-09-18 09:49:51,21.78,13400,21.78,U
sz000021,深科技,2025-09-18 09:49:54,21.78,32700,21.78,U
sz000021,深科技,2025-09-18 09:49:57,21.75,24400,21.78,D
sz000021,深科技,2025-09-18 09:50:03,21.75,20400,21.78,D
sz000021,深科技,2025-09-18 09:50:06,21.78,23400,21.75,U
sz000021,深科技,2025-09-18 09:50:09,21.8,35500,21.78,U
sz000021,深科技,2025-09-18 09:50:12,21.79,12700,21.8,D
sz000021,深科技,2025-09-18 09:50:18,21.81,13100,21.8,U
sz000021,深科技,2025-09-18 09:50:21,21.82,24200,21.81,U
sz000021,深科技,2025-09-18 09:50:24,21.83,31400,21.82,U
sz000021,深科技,2025-09-18 09:50:27,21.81,74300,21.83,D
sz000021,深科技,2025-09-18 09:50:30,21.81,17700,21.81,D
sz000021,深科技,2025-09-18 09:50:33,21.84,54200,21.81,U
sz000021,深科技,2025-09-18 09:50:36,21.81,9800,21.84,D
sz000021,深科技,2025-09-18 09:50:39,21.81,11400,21.81,D
sz000021,深科技,2025-09-18 09:50:45,21.81,20000,21.81,E
sz000021,深科技,2025-09-18 09:50:48,21.82,38900,21.81,U
sz000021,深科技,2025-09-18 09:50:51,21.83,123200,21.82,U
sz000021,深科技,2025-09-18 09:50:54,21.89,152100,21.83,U
sz000021,深科技,2025-09-18 09:50:57,21.89,15000,21.89,U
sz000021,深科技,2025-09-18 09:51:00,21.89,36800,21.89,D
sz000021,深科技,2025-09-18 09:51:03,21.91,124900,21.89,U
sz000021,深科技,2025-09-18 09:51:06,21.91,34600,21.91,D
sz000021,深科技,2025-09-18 09:51:09,21.91,32000,21.91,D
sz000021,深科技,2025-09-18 09:51:12,21.94,68400,21.91,U
sz000021,深科技,2025-09-18 09:51:15,22.03,927300,21.94,U
sz000021,深科技,2025-09-18 09:51:18,22.05,215000,22.03,U
sz000021,深科技,2025-09-18 09:51:21,22.06,161300,22.05,U
sz000021,深科技,2025-09-18 09:51:24,22.09,137900,22.06,U
sz000021,深科技,2025-09-18 09:51:27,22.07,103900,22.09,E
sz000021,深科技,2025-09-18 09:51:30,22.04,108100,22.07,D
sz000021,深科技,2025-09-18 09:51:33,22.01,24100,22.04,E
sz000021,深科技,2025-09-18 09:51:36,22.04,422000,22.01,U
sz000021,深科技,2025-09-18 09:51:39,22.04,65100,22.04,U
sz000021,深科技,2025-09-18 09:51:42,22.04,256800,22.04,U
sz000021,深科技,2025-09-18 09:51:45,22.07,223800,22.04,U
sz000021,深科技,2025-09-18 09:51:48,22.07,51300,22.07,U
sz000021,深科技,2025-09-18 09:51:51,22.05,171500,22.07,D
sz000021,深科技,2025-09-18 09:51:54,22.05,93300,22.05,U
sz000021,深科技,2025-09-18 09:51:57,22.05,111400,22.05,U
sz000021,深科技,2025-09-18 09:52:00,22.02,119800,22.05,D
sz000021,深科技,2025-09-18 09:52:03,22.08,255900,22.02,U
sz000021,深科技,2025-09-18 09:52:06,22.08,57700,22.08,U
sz000021,深科技,2025-09-18 09:52:09,22.07,285000,22.08,D
sz000021,深科技,2025-09-18 09:52:12,22.05,96500,22.07,D
sz000021,深科技,2025-09-18 09:52:15,22.18,565900,22.05,U
sz000021,深科技,2025-09-18 09:52:18,22.15,159100,22.18,D
sz000021,深科技,2025-09-18 09:52:21,22.13,108100,22.15,D
sz000021,深科技,2025-09-18 09:52:24,22.15,26000,22.13,E
sz000021,深科技,2025-09-18 09:52:27,22.15,45500,22.15,U
sz000021,深科技,2025-09-18 09:52:30,22.15,81300,22.15,U
sz000021,深科技,2025-09-18 09:52:33,22.1,724100,22.15,D
sz000021,深科技,2025-09-18 09:52:36,22.12,142250,22.1,U
sz000021,深科技,2025-09-18 09:52:39,22.11,51100,22.12,D
sz000021,深科技,2025-09-18 09:52:42,22.1,122850,22.11,D
sz000021,深科技,2025-09-18 09:52:45,22.11,52900,22.1,U
sz000021,深科技,2025-09-18 09:52:48,22.09,112200,22.11,E
sz000021,深科技,2025-09-18 09:52:51,22.1,103100,22.09,U
sz000021,深科技,2025-09-18 09:52:54,22.11,58500,22.1,U
sz000021,深科技,2025-09-18 09:52:57,22.11,90300,22.11,U
sz000021,深科技,2025-09-18 09:53:00,22.09,87000,22.11,D
sz000021,深科技,2025-09-18 09:53:03,22.09,61000,22.09,U
sz000021,深科技,2025-09-18 09:53:06,22.06,158800,22.09,D
sz000021,深科技,2025-09-18 09:53:09,22.06,73400,22.06,D
sz000021,深科技,2025-09-18 09:53:15,22.03,42800,22.05,D
sz000021,深科技,2025-09-18 09:53:18,22.03,22900,22.03,U
sz000021,深科技,2025-09-18 09:53:21,22.03,35800,22.03,D
sz000021,深科技,2025-09-18 09:53:24,22.03,17100,22.03,D
sz000021,深科技,2025-09-18 09:53:27,22.04,13100,22.03,E
sz000021,深科技,2025-09-18 09:53:30,22.05,30400,22.04,U
sz000021,深科技,2025-09-18 09:53:33,22.04,22300,22.05,D
sz000021,深科技,2025-09-18 09:53:36,22.02,76800,22.04,D
sz000021,深科技,2025-09-18 09:53:39,22.04,13700,22.02,E
sz000021,深科技,2025-09-18 09:53:45,22.06,49900,22.04,U
sz000021,深科技,2025-09-18 09:53:48,22.05,18900,22.06,D
sz000021,深科技,2025-09-18 09:53:51,22.05,20600,22.05,U
sz000021,深科技,2025-09-18 09:53:54,22.04,26100,22.05,D
sz000021,深科技,2025-09-18 09:53:57,22.0,183900,22.04,D
sz000021,深科技,2025-09-18 09:54:00,22.0,64000,22.0,U
sz000021,深科技,2025-09-18 09:54:03,21.99,23200,22.0,E
sz000021,深科技,2025-09-18 09:54:06,21.98,38800,21.99,D
sz000021,深科技,2025-09-18 09:54:09,22.11,528901,21.98,U
sz000021,深科技,2025-09-18 09:54:12,22.11,16100,22.11,D
sz000021,深科技,2025-09-18 09:54:15,22.11,43350,22.11,U
sz000021,深科技,2025-09-18 09:54:18,22.11,24900,22.11,D
sz000021,深科技,2025-09-18 09:54:21,22.11,113899,22.11,D
sz000021,深科技,2025-09-18 09:54:24,22.1,86200,22.11,U
sz000021,深科技,2025-09-18 09:54:27,22.08,35700,22.1,E
sz000021,深科技,2025-09-18 09:54:30,22.09,90300,22.08,U
sz000021,深科技,2025-09-18 09:54:33,22.08,41300,22.09,E
sz000021,深科技,2025-09-18 09:54:36,22.08,63800,22.08,D
sz000021,深科技,2025-09-18 09:54:39,22.07,36200,22.08,D
sz000021,深科技,2025-09-18 09:54:42,22.06,45200,22.07,U
sz000021,深科技,2025-09-18 09:54:45,22.05,26500,22.06,E
sz000021,深科技,2025-09-18 09:54:48,22.05,33500,22.05,U
sz000021,深科技,2025-09-18 09:54:51,22.04,15400,22.05,U
sz000021,深科技,2025-09-18 09:54:54,22.02,48800,22.04,D
sz000021,深科技,2025-09-18 09:54:57,22.04,45700,22.02,U
sz000021,深科技,2025-09-18 09:55:00,22.04,32200,22.04,U
sz000021,深科技,2025-09-18 09:55:03,22.04,40500,22.04,D
sz000021,深科技,2025-09-18 09:55:06,22.03,57000,22.04,E
sz000021,深科技,2025-09-18 09:55:09,22.02,33500,22.03,U
sz000021,深科技,2025-09-18 09:55:12,22.04,70300,22.02,U
sz000021,深科技,2025-09-18 09:55:15,22.04,13300,22.04,D
sz000021,深科技,2025-09-18 09:55:18,22.04,38000,22.04,D
sz000021,深科技,2025-09-18 09:55:24,22.04,23600,22.04,U
sz000021,深科技,2025-09-18 09:55:27,22.02,182200,22.04,D
sz000021,深科技,2025-09-18 09:55:30,21.99,111500,22.02,D
sz000021,深科技,2025-09-18 09:55:33,21.99,39100,21.99,D
sz000021,深科技,2025-09-18 09:55:36,21.99,35500,21.99,U
sz000021,深科技,2025-09-18 09:55:39,21.98,63100,21.99,D
sz000021,深科技,2025-09-18 09:55:42,22.0,87700,21.98,U
sz000021,深科技,2025-09-18 09:55:45,21.99,54500,22.0,D
sz000021,深科技,2025-09-18 09:55:48,21.98,15300,21.99,D
sz000021,深科技,2025-09-18 09:55:51,22.0,19300,21.98,U
sz000021,深科技,2025-09-18 09:55:54,22.0,16500,22.0,U
sz000021,深科技,2025-09-18 09:55:57,22.0,47900,22.0,U
sz000021,深科技,2025-09-18 09:56:00,21.99,64300,22.0,D
sz000021,深科技,2025-09-18 09:56:03,21.99,13300,21.99,D
sz000021,深科技,2025-09-18 09:56:06,21.98,57900,21.99,D
sz000021,深科技,2025-09-18 09:56:09,21.97,52000,21.98,D
sz000021,深科技,2025-09-18 09:56:12,21.97,83300,21.97,U
sz000021,深科技,2025-09-18 09:56:15,21.96,43600,21.97,D
sz000021,深科技,2025-09-18 09:56:18,21.96,84900,21.96,U
sz000021,深科技,2025-09-18 09:56:21,21.97,24900,21.96,U
sz000021,深科技,2025-09-18 09:56:24,21.97,14400,21.97,U
sz000021,深科技,2025-09-18 09:56:30,21.97,23200,21.97,U
sz000021,深科技,2025-09-18 09:56:36,21.97,30500,21.97,D
sz000021,深科技,2025-09-18 09:56:39,21.99,107600,21.97,U
sz000021,深科技,2025-09-18 09:56:45,21.98,32800,21.99,D
sz000021,深科技,2025-09-18 09:56:48,21.99,9700,21.98,E
sz000021,深科技,2025-09-18 09:56:51,21.99,36000,21.99,U
sz000021,深科技,2025-09-18 09:56:54,21.99,26700,21.99,D
sz000021,深科技,2025-09-18 09:56:57,21.98,118100,21.99,D
sz000021,深科技,2025-09-18 09:57:00,21.97,30700,21.98,D
sz000021,深科技,2025-09-18 09:57:03,22.02,144800,21.97,U
sz000021,深科技,2025-09-18 09:57:06,22.02,15300,22.02,D
sz000021,深科技,2025-09-18 09:57:09,22.01,11900,22.02,E
sz000021,深科技,2025-09-18 09:57:12,22.02,52400,22.01,U
sz000021,深科技,2025-09-18 09:57:18,22.03,15500,22.03,D
sz000021,深科技,2025-09-18 09:57:21,22.03,20000,22.03,D
sz000021,深科技,2025-09-18 09:57:24,22.03,10200,22.03,U
sz000021,深科技,2025-09-18 09:57:27,22.06,54100,22.03,U
sz000021,深科技,2025-09-18 09:57:30,22.05,42300,22.06,E
sz000021,深科技,2025-09-18 09:57:33,22.08,57800,22.05,U
sz000021,深科技,2025-09-18 09:57:36,22.07,27500,22.08,D
sz000021,深科技,2025-09-18 09:57:39,22.08,149100,22.07,U
sz000021,深科技,2025-09-18 09:57:42,22.09,11400,22.08,E
sz000021,深科技,2025-09-18 09:57:45,22.09,24600,22.09,D
sz000021,深科技,2025-09-18 09:57:48,22.08,23900,22.09,D
sz000021,深科技,2025-09-18 09:57:51,22.07,19600,22.08,D
sz000021,深科技,2025-09-18 09:57:54,22.06,43700,22.07,D
sz000021,深科技,2025-09-18 09:57:57,22.06,14000,22.06,E
sz000021,深科技,2025-09-18 09:58:03,22.05,16500,22.05,D
sz000021,深科技,2025-09-18 09:58:06,22.05,30900,22.05,D
sz000021,深科技,2025-09-18 09:58:09,22.05,31100,22.05,U
sz000021,深科技,2025-09-18 09:58:12,22.08,59300,22.05,U
sz000021,深科技,2025-09-18 09:58:15,22.07,11300,22.08,D
sz000021,深科技,2025-09-18 09:58:18,22.1,174200,22.07,U
sz000021,深科技,2025-09-18 09:58:21,22.09,60600,22.1,D
sz000021,深科技,2025-09-18 09:58:24,22.1,127600,22.09,U
sz000021,深科技,2025-09-18 09:58:27,22.12,879700,22.1,U
sz000021,深科技,2025-09-18 09:58:30,22.12,22400,22.12,U
sz000021,深科技,2025-09-18 09:58:33,22.12,42800,22.12,U
sz000021,深科技,2025-09-18 09:58:36,22.12,20200,22.12,U
sz000021,深科技,2025-09-18 09:58:39,22.11,75000,22.12,D
sz000021,深科技,2025-09-18 09:58:42,22.11,28800,22.11,U
sz000021,深科技,2025-09-18 09:58:45,22.11,30300,22.11,U
sz000021,深科技,2025-09-18 09:58:48,22.1,268500,22.11,D
sz000021,深科技,2025-09-18 09:58:51,22.1,31400,22.1,U
sz000021,深科技,2025-09-18 09:58:54,22.1,12600,22.1,U
sz000021,深科技,2025-09-18 09:58:57,22.11,57000,22.1,U
sz000021,深科技,2025-09-18 09:59:00,22.1,62700,22.11,U
sz000021,深科技,2025-09-18 09:59:03,22.09,11900,22.1,U
sz000021,深科技,2025-09-18 09:59:06,22.09,24500,22.09,U
sz000021,深科技,2025-09-18 09:59:09,22.08,47200,22.09,D
sz000021,深科技,2025-09-18 09:59:12,22.08,14000,22.08,U
sz000021,深科技,2025-09-18 09:59:15,22.08,36200,22.08,U
sz000021,深科技,2025-09-18 09:59:18,22.07,16700,22.08,U
sz000021,深科技,2025-09-18 09:59:21,22.07,117000,22.07,D
sz000021,深科技,2025-09-18 09:59:24,22.08,20500,22.07,E
sz000021,深科技,2025-09-18 09:59:27,22.07,25800,22.08,D
sz000021,深科技,2025-09-18 09:59:33,22.09,19000,22.09,U
sz000021,深科技,2025-09-18 09:59:36,22.07,12900,22.09,D
sz000021,深科技,2025-09-18 09:59:39,22.08,23000,22.07,U
sz000021,深科技,2025-09-18 09:59:45,22.07,11600,22.07,U
sz000021,深科技,2025-09-18 09:59:48,22.06,57900,22.07,D
sz000021,深科技,2025-09-18 09:59:54,22.06,286500,22.06,U
sz000021,深科技,2025-09-18 09:59:57,22.08,25900,22.06,E
sz000021,深科技,2025-09-18 10:00:00,22.06,54529,22.08,D
sz000021,深科技,2025-09-18 10:00:09,22.07,18300,22.07,D
sz000021,深科技,2025-09-18 10:00:12,22.07,12900,22.07,D
sz000021,深科技,2025-09-18 10:00:15,22.07,12000,22.07,D
sz000021,深科技,2025-09-18 10:00:18,22.08,23600,22.07,U
sz000021,深科技,2025-09-18 10:00:21,22.1,93456,22.08,U
sz000021,深科技,2025-09-18 10:00:24,22.06,16600,22.1,D
sz000021,深科技,2025-09-18 10:00:30,22.08,15500,22.09,D
sz000021,深科技,2025-09-18 10:00:33,22.08,17500,22.08,D
sz000021,深科技,2025-09-18 10:00:39,22.08,48400,22.07,U
sz000021,深科技,2025-09-18 10:00:42,22.07,13200,22.08,D
sz000021,深科技,2025-09-18 10:00:48,22.07,11400,22.07,U
sz000021,深科技,2025-09-18 10:00:51,22.07,16300,22.07,D
sz000021,深科技,2025-09-18 10:00:54,22.07,17800,22.07,D
sz000021,深科技,2025-09-18 10:00:57,22.08,34200,22.07,U
sz000021,深科技,2025-09-18 10:01:03,22.07,13400,22.08,D
sz000021,深科技,2025-09-18 10:01:06,22.08,24400,22.07,U
sz000021,深科技,2025-09-18 10:01:09,22.07,14900,22.08,D
sz000021,深科技,2025-09-18 10:01:12,22.07,17100,22.07,D
sz000021,深科技,2025-09-18 10:01:15,22.07,11200,22.07,U
sz000021,深科技,2025-09-18 10:01:18,22.08,31400,22.07,U
sz000021,深科技,2025-09-18 10:01:21,22.06,86300,22.08,D
sz000021,深科技,2025-09-18 10:01:24,22.06,13400,22.06,U
sz000021,深科技,2025-09-18 10:01:27,22.07,62300,22.06,U
sz000021,深科技,2025-09-18 10:01:30,22.08,11800,22.07,U
sz000021,深科技,2025-09-18 10:01:36,22.08,57000,22.08,U
sz000021,深科技,2025-09-18 10:01:42,22.1,153600,22.08,U
sz000021,深科技,2025-09-18 10:01:45,22.1,38600,22.1,U
sz000021,深科技,2025-09-18 10:01:48,22.12,194500,22.1,U
sz000021,深科技,2025-09-18 10:01:51,22.12,143900,22.12,U
sz000021,深科技,2025-09-18 10:01:57,22.13,38700,22.13,D
sz000021,深科技,2025-09-18 10:02:00,22.14,43600,22.13,U
sz000021,深科技,2025-09-18 10:02:03,22.13,30900,22.14,D
sz000021,深科技,2025-09-18 10:02:06,22.14,57800,22.13,U
sz000021,深科技,2025-09-18 10:02:09,22.14,24700,22.14,U
sz000021,深科技,2025-09-18 10:02:12,22.13,47200,22.14,D
sz000021,深科技,2025-09-18 10:02:15,22.14,18500,22.13,U
sz000021,深科技,2025-09-18 10:02:18,22.11,46400,22.14,D
sz000021,深科技,2025-09-18 10:02:21,22.13,14200,22.11,U
sz000021,深科技,2025-09-18 10:02:24,22.12,27100,22.13,E
sz000021,深科技,2025-09-18 10:02:27,22.12,19000,22.12,D
sz000021,深科技,2025-09-18 10:02:30,22.12,9600,22.12,D
sz000021,深科技,2025-09-18 10:02:33,22.19,905900,22.12,U
sz000021,深科技,2025-09-18 10:02:36,22.21,414100,22.19,U
sz000021,深科技,2025-09-18 10:02:39,22.22,175400,22.21,U
sz000021,深科技,2025-09-18 10:02:42,22.22,24600,22.22,D
sz000021,深科技,2025-09-18 10:02:45,22.22,17000,22.22,D
sz000021,深科技,2025-09-18 10:02:48,22.22,109100,22.22,U
sz000021,深科技,2025-09-18 10:02:51,22.24,19300,22.22,U
sz000021,深科技,2025-09-18 10:02:54,22.25,60400,22.24,U
sz000021,深科技,2025-09-18 10:02:57,22.25,33200,22.25,U
sz000021,深科技,2025-09-18 10:03:00,22.26,98000,22.25,U
sz000021,深科技,2025-09-18 10:03:03,22.26,213600,22.26,U
sz000021,深科技,2025-09-18 10:03:06,22.26,115700,22.26,D
sz000021,深科技,2025-09-18 10:03:09,22.28,54100,22.26,U
sz000021,深科技,2025-09-18 10:03:12,22.29,103300,22.28,U
sz000021,深科技,2025-09-18 10:03:15,22.28,95700,22.29,E
sz000021,深科技,2025-09-18 10:03:18,22.28,31300,22.28,D
sz000021,深科技,2025-09-18 10:03:21,22.28,24600,22.28,U
sz000021,深科技,2025-09-18 10:03:24,22.27,51300,22.28,D
sz000021,深科技,2025-09-18 10:03:27,22.27,56700,22.27,U
sz000021,深科技,2025-09-18 10:03:30,22.26,39700,22.27,D
sz000021,深科技,2025-09-18 10:03:33,22.27,52400,22.26,U
sz000021,深科技,2025-09-18 10:03:36,22.24,41300,22.27,D
sz000021,深科技,2025-09-18 10:03:39,22.25,19800,22.24,U
sz000021,深科技,2025-09-18 10:03:42,22.24,58100,22.25,E
sz000021,深科技,2025-09-18 10:03:45,22.23,51000,22.24,D
sz000021,深科技,2025-09-18 10:03:48,22.23,58800,22.23,D
sz000021,深科技,2025-09-18 10:03:51,22.25,139400,22.23,U
sz000021,深科技,2025-09-18 10:03:54,22.25,24500,22.25,D
sz000021,深科技,2025-09-18 10:03:57,22.27,56100,22.25,U
sz000021,深科技,2025-09-18 10:04:00,22.25,35200,22.27,D
sz000021,深科技,2025-09-18 10:04:03,22.27,33800,22.25,U
sz000021,深科技,2025-09-18 10:04:06,22.27,41300,22.27,U
sz000021,深科技,2025-09-18 10:04:09,22.28,195200,22.27,U
sz000021,深科技,2025-09-18 10:04:12,22.28,38500,22.28,D
sz000021,深科技,2025-09-18 10:04:15,22.27,160600,22.28,D
sz000021,深科技,2025-09-18 10:04:18,22.28,50200,22.27,U
sz000021,深科技,2025-09-18 10:04:21,22.28,31200,22.28,U
sz000021,深科技,2025-09-18 10:04:24,22.28,32000,22.28,E
sz000021,深科技,2025-09-18 10:04:27,22.28,36500,22.28,U
sz000021,深科技,2025-09-18 10:04:30,22.28,93200,22.28,U
sz000021,深科技,2025-09-18 10:04:33,22.25,211300,22.28,D
sz000021,深科技,2025-09-18 10:04:36,22.26,17100,22.25,U
sz000021,深科技,2025-09-18 10:04:39,22.24,101500,22.26,D
sz000021,深科技,2025-09-18 10:04:42,22.24,14500,22.24,U
sz000021,深科技,2025-09-18 10:04:45,22.22,32400,22.24,D
sz000021,深科技,2025-09-18 10:04:48,22.22,12100,22.22,U
sz000021,深科技,2025-09-18 10:04:51,22.21,14900,22.22,D
sz000021,深科技,2025-09-18 10:04:54,22.21,21000,22.21,D
sz000021,深科技,2025-09-18 10:04:57,22.22,64200,22.21,U
sz000021,深科技,2025-09-18 10:05:03,22.22,20700,22.22,U
sz000021,深科技,2025-09-18 10:05:06,22.21,25300,22.22,D
sz000021,深科技,2025-09-18 10:05:09,22.22,30500,22.21,U
sz000021,深科技,2025-09-18 10:05:12,22.22,16300,22.22,D
sz000021,深科技,2025-09-18 10:05:15,22.21,44000,22.22,D
sz000021,深科技,2025-09-18 10:05:18,22.21,19700,22.21,D
sz000021,深科技,2025-09-18 10:05:21,22.21,19000,22.21,U
sz000021,深科技,2025-09-18 10:05:24,22.2,77300,22.21,D
sz000021,深科技,2025-09-18 10:05:27,22.21,34300,22.2,U
sz000021,深科技,2025-09-18 10:05:33,22.19,14900,22.19,D
sz000021,深科技,2025-09-18 10:05:36,22.19,33400,22.19,D
sz000021,深科技,2025-09-18 10:05:39,22.19,13100,22.19,D
sz000021,深科技,2025-09-18 10:05:45,22.19,38600,22.19,U
sz000021,深科技,2025-09-18 10:05:48,22.19,21900,22.19,U
sz000021,深科技,2025-09-18 10:05:51,22.2,11600,22.19,U
sz000021,深科技,2025-09-18 10:05:54,22.19,25500,22.2,D
sz000021,深科技,2025-09-18 10:05:57,22.19,34100,22.19,U
sz000021,深科技,2025-09-18 10:06:00,22.19,10300,22.19,U
sz000021,深科技,2025-09-18 10:06:03,22.19,46200,22.19,U
sz000021,深科技,2025-09-18 10:06:06,22.19,9500,22.19,U
sz000021,深科技,2025-09-18 10:06:09,22.19,10200,22.19,U
sz000021,深科技,2025-09-18 10:06:12,22.17,25600,22.19,D
sz000021,深科技,2025-09-18 10:06:15,22.18,61000,22.17,U
sz000021,深科技,2025-09-18 10:06:18,22.16,20400,22.18,D
sz000021,深科技,2025-09-18 10:06:21,22.16,25300,22.16,U
sz000021,深科技,2025-09-18 10:06:24,22.17,9400,22.16,U
sz000021,深科技,2025-09-18 10:06:30,22.16,46000,22.16,D
sz000021,深科技,2025-09-18 10:06:33,22.17,73600,22.16,U
sz000021,深科技,2025-09-18 10:06:36,22.21,105500,22.17,U
sz000021,深科技,2025-09-18 10:06:42,22.2,15400,22.19,E
sz000021,深科技,2025-09-18 10:06:45,22.2,65900,22.2,E
sz000021,深科技,2025-09-18 10:06:48,22.21,10000,22.2,U
sz000021,深科技,2025-09-18 10:06:51,22.22,31600,22.21,D
sz000021,深科技,2025-09-18 10:06:54,22.24,42400,22.22,U
sz000021,深科技,2025-09-18 10:07:00,22.24,50000,22.23,U
sz000021,深科技,2025-09-18 10:07:03,22.23,35100,22.24,U
sz000021,深科技,2025-09-18 10:07:06,22.23,12000,22.23,D
sz000021,深科技,2025-09-18 10:07:09,22.22,22900,22.23,D
sz000021,深科技,2025-09-18 10:07:15,22.23,60400,22.22,U
sz000021,深科技,2025-09-18 10:07:18,22.26,139500,22.23,U
sz000021,深科技,2025-09-18 10:07:21,22.24,102600,22.26,D
sz000021,深科技,2025-09-18 10:07:27,22.26,44500,22.27,D
sz000021,深科技,2025-09-18 10:07:30,22.27,19500,22.26,U
sz000021,深科技,2025-09-18 10:07:33,22.27,18600,22.27,D
sz000021,深科技,2025-09-18 10:07:36,22.27,113300,22.27,D
sz000021,深科技,2025-09-18 10:07:39,22.27,41600,22.27,U
sz000021,深科技,2025-09-18 10:07:42,22.28,28800,22.27,U
sz000021,深科技,2025-09-18 10:07:45,22.27,20900,22.28,E
sz000021,深科技,2025-09-18 10:07:48,22.28,106600,22.27,U
sz000021,深科技,2025-09-18 10:07:51,22.29,31136,22.28,U
sz000021,深科技,2025-09-18 10:07:54,22.29,212100,22.29,U
sz000021,深科技,2025-09-18 10:07:57,22.29,63000,22.29,D
sz000021,深科技,2025-09-18 10:08:00,22.29,46200,22.29,D
sz000021,深科技,2025-09-18 10:08:03,22.29,28600,22.29,D
sz000021,深科技,2025-09-18 10:08:06,22.29,63900,22.29,D
sz000021,深科技,2025-09-18 10:08:09,22.29,10200,22.29,U
sz000021,深科技,2025-09-18 10:08:12,22.26,51864,22.29,D
sz000021,深科技,2025-09-18 10:08:15,22.27,64000,22.26,U
sz000021,深科技,2025-09-18 10:08:18,22.26,9200,22.27,E
sz000021,深科技,2025-09-18 10:08:21,22.27,33300,22.26,U
sz000021,深科技,2025-09-18 10:08:24,22.25,27000,22.27,D
sz000021,深科技,2025-09-18 10:08:27,22.27,192000,22.25,U
sz000021,深科技,2025-09-18 10:08:30,22.29,18400,22.27,U
sz000021,深科技,2025-09-18 10:08:39,22.27,44500,22.27,D
sz000021,深科技,2025-09-18 10:08:42,22.28,45500,22.27,U
sz000021,深科技,2025-09-18 10:08:45,22.29,27100,22.28,U
sz000021,深科技,2025-09-18 10:08:48,22.27,88700,22.29,D
sz000021,深科技,2025-09-18 10:08:51,22.28,24200,22.27,U
sz000021,深科技,2025-09-18 10:08:54,22.28,13400,22.28,U
sz000021,深科技,2025-09-18 10:08:57,22.27,26500,22.28,E
sz000021,深科技,2025-09-18 10:09:00,22.27,31000,22.27,U
sz000021,深科技,2025-09-18 10:09:03,22.27,14300,22.27,U
sz000021,深科技,2025-09-18 10:09:06,22.26,18100,22.27,D
sz000021,深科技,2025-09-18 10:09:09,22.29,323871,22.26,U
sz000021,深科技,2025-09-18 10:09:12,22.29,259500,22.29,D
sz000021,深科技,2025-09-18 10:09:15,22.29,214200,22.29,D
sz000021,深科技,2025-09-18 10:09:18,22.29,27900,22.29,D
sz000021,深科技,2025-09-18 10:09:21,22.3,246200,22.29,U
sz000021,深科技,2025-09-18 10:09:24,22.3,88900,22.3,U
sz000021,深科技,2025-09-18 10:09:27,22.29,40200,22.3,U
sz000021,深科技,2025-09-18 10:09:30,22.29,129900,22.29,D
sz000021,深科技,2025-09-18 10:09:33,22.29,41800,22.29,D
sz000021,深科技,2025-09-18 10:09:36,22.3,32100,22.29,U
sz000021,深科技,2025-09-18 10:09:39,22.3,71600,22.3,U
sz000021,深科技,2025-09-18 10:09:42,22.29,81900,22.3,U
sz000021,深科技,2025-09-18 10:09:45,22.29,147900,22.29,U
sz000021,深科技,2025-09-18 10:09:48,22.3,36000,22.29,U
sz000021,深科技,2025-09-18 10:09:51,22.29,23000,22.3,D
sz000021,深科技,2025-09-18 10:09:54,22.3,48100,22.29,U
sz000021,深科技,2025-09-18 10:09:57,22.3,26200,22.3,U
sz000021,深科技,2025-09-18 10:10:00,22.3,78300,22.3,U
sz000021,深科技,2025-09-18 10:10:03,22.29,55600,22.3,D
sz000021,深科技,2025-09-18 10:10:06,22.26,161429,22.29,D
sz000021,深科技,2025-09-18 10:10:12,22.25,11500,22.26,D
sz000021,深科技,2025-09-18 10:10:15,22.25,16800,22.25,D
sz000021,深科技,2025-09-18 10:10:18,22.26,195171,22.25,U
sz000021,深科技,2025-09-18 10:10:21,22.26,72500,22.26,D
sz000021,深科技,2025-09-18 10:10:24,22.28,18600,22.26,E
sz000021,深科技,2025-09-18 10:10:27,22.26,56700,22.28,D
sz000021,深科技,2025-09-18 10:10:30,22.26,59000,22.26,U
sz000021,深科技,2025-09-18 10:10:33,22.26,53400,22.26,U
sz000021,深科技,2025-09-18 10:10:36,22.26,54700,22.26,U
sz000021,深科技,2025-09-18 10:10:39,22.25,36900,22.26,D
sz000021,深科技,2025-09-18 10:10:45,22.26,70100,22.26,U
sz000021,深科技,2025-09-18 10:10:48,22.27,31000,22.26,U
sz000021,深科技,2025-09-18 10:10:51,22.27,19500,22.27,D
sz000021,深科技,2025-09-18 10:10:54,22.27,23200,22.27,D
sz000021,深科技,2025-09-18 10:10:57,22.28,15100,22.27,E
sz000021,深科技,2025-09-18 10:11:00,22.27,9800,22.28,D
sz000021,深科技,2025-09-18 10:11:03,22.28,9500,22.27,U
sz000021,深科技,2025-09-18 10:11:06,22.28,74700,22.28,U
sz000021,深科技,2025-09-18 10:11:09,22.28,17800,22.28,U
sz000021,深科技,2025-09-18 10:11:12,22.28,16500,22.28,U
sz000021,深科技,2025-09-18 10:11:15,22.27,27000,22.28,D
sz000021,深科技,2025-09-18 10:11:18,22.29,66300,22.27,U
sz000021,深科技,2025-09-18 10:11:21,22.29,175700,22.29,D
sz000021,深科技,2025-09-18 10:11:24,22.29,25600,22.29,D
sz000021,深科技,2025-09-18 10:11:27,22.29,18300,22.29,D
sz000021,深科技,2025-09-18 10:11:30,22.3,12500,22.29,U
sz000021,深科技,2025-09-18 10:11:33,22.3,44100,22.3,U
sz000021,深科技,2025-09-18 10:11:36,22.29,19800,22.3,E
sz000021,深科技,2025-09-18 10:11:39,22.29,84700,22.29,U
sz000021,深科技,2025-09-18 10:11:42,22.28,52200,22.29,D
sz000021,深科技,2025-09-18 10:11:45,22.28,39500,22.28,D
sz000021,深科技,2025-09-18 10:11:48,22.27,49800,22.28,D
sz000021,深科技,2025-09-18 10:11:51,22.27,25300,22.27,D
sz000021,深科技,2025-09-18 10:11:54,22.25,90900,22.27,D
sz000021,深科技,2025-09-18 10:12:00,22.25,19400,22.25,U
sz000021,深科技,2025-09-18 10:12:03,22.25,26900,22.25,U
sz000021,深科技,2025-09-18 10:12:06,22.25,14200,22.25,U
sz000021,深科技,2025-09-18 10:12:09,22.26,108000,22.25,U
sz000021,深科技,2025-09-18 10:12:12,22.26,9900,22.26,D
sz000021,深科技,2025-09-18 10:12:15,22.26,16900,22.26,D
sz000021,深科技,2025-09-18 10:12:18,22.27,41000,22.26,U
sz000021,深科技,2025-09-18 10:12:21,22.27,23900,22.27,U
sz000021,深科技,2025-09-18 10:12:24,22.28,18300,22.27,U
sz000021,深科技,2025-09-18 10:12:27,22.27,10800,22.28,D
sz000021,深科技,2025-09-18 10:12:30,22.26,12600,22.27,D
sz000021,深科技,2025-09-18 10:12:33,22.27,38500,22.26,U
sz000021,深科技,2025-09-18 10:12:36,22.28,17900,22.27,U
sz000021,深科技,2025-09-18 10:12:42,22.27,33000,22.27,D
sz000021,深科技,2025-09-18 10:12:45,22.28,21200,22.27,U
sz000021,深科技,2025-09-18 10:12:48,22.28,9400,22.28,U
sz000021,深科技,2025-09-18 10:12:51,22.28,17400,22.28,U
sz000021,深科技,2025-09-18 10:12:54,22.28,26800,22.28,U
sz000021,深科技,2025-09-18 10:13:00,22.28,11200,22.28,D
sz000021,深科技,2025-09-18 10:13:03,22.28,27400,22.28,D
sz000021,深科技,2025-09-18 10:13:06,22.28,33200,22.28,U
sz000021,深科技,2025-09-18 10:13:09,22.28,35200,22.28,U
sz000021,深科技,2025-09-18 10:13:12,22.27,30800,22.28,D
sz000021,深科技,2025-09-18 10:13:15,22.28,12600,22.27,U
sz000021,深科技,2025-09-18 10:13:18,22.27,29000,22.28,D
sz000021,深科技,2025-09-18 10:13:21,22.27,25400,22.27,D
sz000021,深科技,2025-09-18 10:13:27,22.28,45200,22.28,D
sz000021,深科技,2025-09-18 10:13:30,22.28,35200,22.28,U
sz000021,深科技,2025-09-18 10:13:33,22.33,699729,22.28,U
sz000021,深科技,2025-09-18 10:13:36,22.33,50300,22.33,D
sz000021,深科技,2025-09-18 10:13:39,22.32,32000,22.33,D
sz000021,深科技,2025-09-18 10:13:42,22.34,61600,22.32,U
sz000021,深科技,2025-09-18 10:13:45,22.33,16400,22.34,U
sz000021,深科技,2025-09-18 10:13:48,22.34,61800,22.33,U
sz000021,深科技,2025-09-18 10:13:54,22.34,13200,22.34,D
sz000021,深科技,2025-09-18 10:13:57,22.34,272400,22.34,D
sz000021,深科技,2025-09-18 10:14:00,22.33,67600,22.34,D
sz000021,深科技,2025-09-18 10:14:03,22.34,49200,22.33,U
sz000021,深科技,2025-09-18 10:14:06,22.33,38400,22.34,D
sz000021,深科技,2025-09-18 10:14:09,22.34,42300,22.33,U
sz000021,深科技,2025-09-18 10:14:12,22.34,61900,22.34,U
sz000021,深科技,2025-09-18 10:14:15,22.34,20000,22.34,U
sz000021,深科技,2025-09-18 10:14:18,22.33,101300,22.34,D
sz000021,深科技,2025-09-18 10:14:21,22.33,22400,22.33,U
sz000021,深科技,2025-09-18 10:14:24,22.35,37800,22.33,U
sz000021,深科技,2025-09-18 10:14:27,22.34,14000,22.35,U
sz000021,深科技,2025-09-18 10:14:30,22.34,23800,22.34,U
sz000021,深科技,2025-09-18 10:14:33,22.35,70400,22.34,U
sz000021,深科技,2025-09-18 10:14:36,22.35,59800,22.35,U
sz000021,深科技,2025-09-18 10:14:39,22.35,10600,22.35,U
sz000021,深科技,2025-09-18 10:14:42,22.35,21200,22.35,U
sz000021,深科技,2025-09-18 10:14:45,22.34,34900,22.35,D
sz000021,深科技,2025-09-18 10:14:48,22.34,23600,22.34,D
sz000021,深科技,2025-09-18 10:14:51,22.35,25400,22.34,U
sz000021,深科技,2025-09-18 10:14:54,22.34,36100,22.35,E
sz000021,深科技,2025-09-18 10:14:57,22.34,71800,22.34,U
sz000021,深科技,2025-09-18 10:15:00,22.33,69500,22.34,E
sz000021,深科技,2025-09-18 10:15:03,22.34,20100,22.33,U
sz000021,深科技,2025-09-18 10:15:06,22.32,26400,22.34,D
sz000021,深科技,2025-09-18 10:15:09,22.32,23900,22.32,D
sz000021,深科技,2025-09-18 10:15:12,22.31,85900,22.32,D
sz000021,深科技,2025-09-18 10:15:15,22.33,22400,22.31,U
sz000021,深科技,2025-09-18 10:15:18,22.32,20400,22.33,D
sz000021,深科技,2025-09-18 10:15:24,22.33,21400,22.32,U
sz000021,深科技,2025-09-18 10:15:27,22.33,38100,22.33,D
sz000021,深科技,2025-09-18 10:15:30,22.33,12000,22.33,D
sz000021,深科技,2025-09-18 10:15:33,22.32,30800,22.33,D
sz000021,深科技,2025-09-18 10:15:36,22.33,66300,22.32,U
sz000021,深科技,2025-09-18 10:15:42,22.34,38500,22.33,U
sz000021,深科技,2025-09-18 10:15:45,22.33,9500,22.34,D
sz000021,深科技,2025-09-18 10:15:48,22.34,12500,22.33,U
sz000021,深科技,2025-09-18 10:15:51,22.33,17100,22.34,D
sz000021,深科技,2025-09-18 10:15:54,22.33,12600,22.33,U
sz000021,深科技,2025-09-18 10:15:57,22.31,198600,22.33,D
sz000021,深科技,2025-09-18 10:16:00,22.31,14500,22.31,U
sz000021,深科技,2025-09-18 10:16:09,22.31,12400,22.31,U
sz000021,深科技,2025-09-18 10:16:12,22.3,15600,22.31,D
sz000021,深科技,2025-09-18 10:16:15,22.31,18200,22.3,U
sz000021,深科技,2025-09-18 10:16:24,22.32,51800,22.3,U
sz000021,深科技,2025-09-18 10:16:27,22.3,14000,22.32,D
sz000021,深科技,2025-09-18 10:16:36,22.3,9800,22.3,U
sz000021,深科技,2025-09-18 10:16:39,22.3,41700,22.3,U
sz000021,深科技,2025-09-18 10:16:45,22.28,87800,22.29,D
sz000021,深科技,2025-09-18 10:16:51,22.26,31600,22.28,D
sz000021,深科技,2025-09-18 10:16:54,22.27,17000,22.26,U
sz000021,深科技,2025-09-18 10:16:57,22.26,9800,22.27,D
sz000021,深科技,2025-09-18 10:17:00,22.26,63900,22.26,D
sz000021,深科技,2025-09-18 10:17:03,22.28,58900,22.26,U
sz000021,深科技,2025-09-18 10:17:06,22.3,24400,22.28,U
sz000021,深科技,2025-09-18 10:17:09,22.28,18500,22.3,D
sz000021,深科技,2025-09-18 10:17:27,22.29,10800,22.3,D
sz000021,深科技,2025-09-18 10:17:30,22.3,28300,22.29,U
sz000021,深科技,2025-09-18 10:17:33,22.3,26600,22.3,U
sz000021,深科技,2025-09-18 10:17:36,22.29,25300,22.3,D
sz000021,深科技,2025-09-18 10:17:39,22.3,14400,22.29,U
sz000021,深科技,2025-09-18 10:17:42,22.3,17800,22.3,U
sz000021,深科技,2025-09-18 10:17:45,22.29,28600,22.3,D
sz000021,深科技,2025-09-18 10:17:48,22.28,21700,22.29,D
sz000021,深科技,2025-09-18 10:17:51,22.3,29600,22.28,U
sz000021,深科技,2025-09-18 10:17:54,22.29,12000,22.3,D
sz000021,深科技,2025-09-18 10:17:57,22.29,24000,22.29,D
sz000021,深科技,2025-09-18 10:18:00,22.29,16800,22.29,D
sz000021,深科技,2025-09-18 10:18:03,22.3,38300,22.29,U
sz000021,深科技,2025-09-18 10:18:06,22.3,11100,22.3,U
sz000021,深科技,2025-09-18 10:18:09,22.31,10900,22.3,U
sz000021,深科技,2025-09-18 10:18:12,22.31,23400,22.31,U
sz000021,深科技,2025-09-18 10:18:21,22.3,21600,22.3,D
sz000021,深科技,2025-09-18 10:18:30,22.31,19800,22.31,D
sz000021,深科技,2025-09-18 10:18:36,22.3,16200,22.31,D
sz000021,深科技,2025-09-18 10:18:39,22.3,80100,22.3,D
sz000021,深科技,2025-09-18 10:18:42,22.3,19700,22.3,D
sz000021,深科技,2025-09-18 10:18:45,22.3,27300,22.3,U
sz000021,深科技,2025-09-18 10:18:48,22.28,24100,22.3,D
sz000021,深科技,2025-09-18 10:18:51,22.28,15200,22.28,D
sz000021,深科技,2025-09-18 10:18:54,22.27,19900,22.28,D
sz000021,深科技,2025-09-18 10:18:57,22.28,13600,22.27,D
sz000021,深科技,2025-09-18 10:19:03,22.29,11600,22.28,U
sz000021,深科技,2025-09-18 10:19:06,22.29,38600,22.29,D
sz000021,深科技,2025-09-18 10:19:09,22.29,14900,22.29,U
sz000021,深科技,2025-09-18 10:19:12,22.28,72600,22.29,D
sz000021,深科技,2025-09-18 10:19:15,22.3,22700,22.28,U
sz000021,深科技,2025-09-18 10:19:18,22.28,32700,22.3,E
sz000021,深科技,2025-09-18 10:19:21,22.28,13900,22.28,U
sz000021,深科技,2025-09-18 10:19:24,22.28,9300,22.28,U
sz000021,深科技,2025-09-18 10:19:27,22.27,19500,22.28,D
sz000021,深科技,2025-09-18 10:19:33,22.26,18600,22.27,D
sz000021,深科技,2025-09-18 10:19:36,22.26,71300,22.26,D
sz000021,深科技,2025-09-18 10:19:39,22.25,30900,22.26,D
sz000021,深科技,2025-09-18 10:19:42,22.25,21900,22.25,D
sz000021,深科技,2025-09-18 10:19:45,22.25,48000,22.25,D
sz000021,深科技,2025-09-18 10:19:48,22.25,114800,22.25,D
sz000021,深科技,2025-09-18 10:19:51,22.26,54100,22.25,U
sz000021,深科技,2025-09-18 10:19:54,22.24,35200,22.26,D
sz000021,深科技,2025-09-18 10:19:57,22.22,36400,22.24,D
sz000021,深科技,2025-09-18 10:20:00,22.24,23200,22.22,U
sz000021,深科技,2025-09-18 10:20:03,22.27,102500,22.24,U
sz000021,深科技,2025-09-18 10:20:06,22.28,9600,22.27,E
sz000021,深科技,2025-09-18 10:20:09,22.29,138400,22.28,U
sz000021,深科技,2025-09-18 10:20:15,22.3,64100,22.3,U
sz000021,深科技,2025-09-18 10:20:21,22.31,68500,22.3,U
sz000021,深科技,2025-09-18 10:20:24,22.31,20000,22.31,D
sz000021,深科技,2025-09-18 10:20:27,22.31,14800,22.31,D
sz000021,深科技,2025-09-18 10:20:30,22.32,38300,22.31,U
sz000021,深科技,2025-09-18 10:20:33,22.31,54000,22.32,E
sz000021,深科技,2025-09-18 10:20:36,22.3,28400,22.31,D
sz000021,深科技,2025-09-18 10:20:39,22.31,56700,22.3,U
sz000021,深科技,2025-09-18 10:20:45,22.3,21900,22.3,D
sz000021,深科技,2025-09-18 10:20:48,22.3,11800,22.3,U
sz000021,深科技,2025-09-18 10:20:54,22.31,202300,22.31,U
sz000021,深科技,2025-09-18 10:20:57,22.34,134100,22.31,U
sz000021,深科技,2025-09-18 10:21:00,22.34,21900,22.34,D
sz000021,深科技,2025-09-18 10:21:03,22.34,12200,22.34,D
sz000021,深科技,2025-09-18 10:21:06,22.35,272900,22.34,U
sz000021,深科技,2025-09-18 10:21:09,22.4,767300,22.35,U
sz000021,深科技,2025-09-18 10:21:12,22.42,12900,22.4,U
sz000021,深科技,2025-09-18 10:21:15,22.42,39000,22.42,D
sz000021,深科技,2025-09-18 10:21:18,22.43,13900,22.42,E
sz000021,深科技,2025-09-18 10:21:21,22.44,35100,22.43,U
sz000021,深科技,2025-09-18 10:21:24,22.43,47700,22.44,D
sz000021,深科技,2025-09-18 10:21:27,22.42,51100,22.43,D
sz000021,深科技,2025-09-18 10:21:30,22.42,40500,22.42,U
sz000021,深科技,2025-09-18 10:21:33,22.42,42400,22.42,U
sz000021,深科技,2025-09-18 10:21:36,22.4,33600,22.42,D
sz000021,深科技,2025-09-18 10:21:39,22.4,17300,22.4,D
sz000021,深科技,2025-09-18 10:21:42,22.41,27100,22.4,U
sz000021,深科技,2025-09-18 10:21:45,22.41,27100,22.41,D
sz000021,深科技,2025-09-18 10:21:48,22.41,28300,22.41,U
sz000021,深科技,2025-09-18 10:21:51,22.38,90200,22.41,D
sz000021,深科技,2025-09-18 10:21:54,22.4,27500,22.38,U
sz000021,深科技,2025-09-18 10:21:57,22.4,12700,22.4,E
sz000021,深科技,2025-09-18 10:22:00,22.4,14300,22.4,U
sz000021,深科技,2025-09-18 10:22:03,22.39,15800,22.4,E
sz000021,深科技,2025-09-18 10:22:06,22.39,54400,22.39,U
sz000021,深科技,2025-09-18 10:22:09,22.35,128100,22.39,D
sz000021,深科技,2025-09-18 10:22:12,22.38,50500,22.35,U
sz000021,深科技,2025-09-18 10:22:15,22.35,13500,22.38,D
sz000021,深科技,2025-09-18 10:22:18,22.35,12000,22.35,U
sz000021,深科技,2025-09-18 10:22:21,22.34,19200,22.35,D
sz000021,深科技,2025-09-18 10:22:24,22.34,21900,22.34,D
sz000021,深科技,2025-09-18 10:22:27,22.33,23300,22.34,D
sz000021,深科技,2025-09-18 10:22:30,22.33,70100,22.33,U
sz000021,深科技,2025-09-18 10:22:33,22.33,9600,22.33,U
sz000021,深科技,2025-09-18 10:22:36,22.35,24600,22.33,U
sz000021,深科技,2025-09-18 10:22:39,22.36,53600,22.35,U
sz000021,深科技,2025-09-18 10:22:42,22.38,30400,22.36,U
sz000021,深科技,2025-09-18 10:22:51,22.38,25900,22.38,U
sz000021,深科技,2025-09-18 10:22:54,22.37,83900,22.38,D
sz000021,深科技,2025-09-18 10:22:57,22.37,10900,22.37,U
sz000021,深科技,2025-09-18 10:23:03,22.36,150900,22.36,U
sz000021,深科技,2025-09-18 10:23:12,22.36,43400,22.35,U
sz000021,深科技,2025-09-18 10:23:15,22.35,11600,22.36,D
sz000021,深科技,2025-09-18 10:23:18,22.36,15800,22.35,U
sz000021,深科技,2025-09-18 10:23:24,22.36,29600,22.36,D
sz000021,深科技,2025-09-18 10:23:27,22.36,23600,22.36,U
sz000021,深科技,2025-09-18 10:23:30,22.36,183400,22.36,U
sz000021,深科技,2025-09-18 10:23:33,22.36,41900,22.36,U
sz000021,深科技,2025-09-18 10:23:36,22.35,25800,22.36,E
sz000021,深科技,2025-09-18 10:23:39,22.35,16200,22.35,D
sz000021,深科技,2025-09-18 10:23:42,22.36,15800,22.35,U
sz000021,深科技,2025-09-18 10:23:45,22.36,51700,22.36,D
sz000021,深科技,2025-09-18 10:23:48,22.36,22500,22.36,U
sz000021,深科技,2025-09-18 10:23:51,22.35,29000,22.36,D
sz000021,深科技,2025-09-18 10:23:57,22.35,14100,22.36,D
sz000021,深科技,2025-09-18 10:24:06,22.36,32100,22.36,D
sz000021,深科技,2025-09-18 10:24:09,22.34,116000,22.36,D
sz000021,深科技,2025-09-18 10:24:12,22.34,84900,22.34,U
sz000021,深科技,2025-09-18 10:24:18,22.34,10500,22.36,D
sz000021,深科技,2025-09-18 10:24:21,22.36,12900,22.34,U
sz000021,深科技,2025-09-18 10:24:27,22.36,18500,22.36,U
sz000021,深科技,2025-09-18 10:24:30,22.35,13900,22.36,D
sz000021,深科技,2025-09-18 10:24:33,22.35,36700,22.35,U
sz000021,深科技,2025-09-18 10:24:36,22.35,18500,22.35,U
sz000021,深科技,2025-09-18 10:24:39,22.35,13200,22.35,U
sz000021,深科技,2025-09-18 10:24:45,22.34,9700,22.35,D
sz000021,深科技,2025-09-18 10:24:48,22.34,12000,22.34,U
sz000021,深科技,2025-09-18 10:24:51,22.34,14400,22.34,U
sz000021,深科技,2025-09-18 10:24:57,22.34,60600,22.33,U
sz000021,深科技,2025-09-18 10:25:03,22.33,13600,22.34,D
sz000021,深科技,2025-09-18 10:25:06,22.33,54600,22.33,U
sz000021,深科技,2025-09-18 10:25:09,22.33,13900,22.33,U
sz000021,深科技,2025-09-18 10:25:15,22.34,21000,22.32,U
sz000021,深科技,2025-09-18 10:25:18,22.33,31500,22.34,D
sz000021,深科技,2025-09-18 10:25:21,22.35,30000,22.33,U
sz000021,深科技,2025-09-18 10:25:24,22.35,49200,22.35,U
sz000021,深科技,2025-09-18 10:25:27,22.38,15900,22.35,U
sz000021,深科技,2025-09-18 10:25:33,22.36,13700,22.37,D
sz000021,深科技,2025-09-18 10:25:36,22.38,11800,22.36,U
sz000021,深科技,2025-09-18 10:25:39,22.39,40100,22.38,U
sz000021,深科技,2025-09-18 10:25:42,22.38,24400,22.39,D
sz000021,深科技,2025-09-18 10:25:45,22.39,41700,22.38,U
sz000021,深科技,2025-09-18 10:25:48,22.38,12400,22.39,D
sz000021,深科技,2025-09-18 10:25:51,22.38,22500,22.38,D
sz000021,深科技,2025-09-18 10:25:54,22.39,68400,22.38,U
sz000021,深科技,2025-09-18 10:25:57,22.39,42400,22.39,U
sz000021,深科技,2025-09-18 10:26:00,22.39,317500,22.39,U
sz000021,深科技,2025-09-18 10:26:03,22.4,46900,22.39,U
sz000021,深科技,2025-09-18 10:26:09,22.37,88700,22.39,D
sz000021,深科技,2025-09-18 10:26:12,22.38,19700,22.37,U
sz000021,深科技,2025-09-18 10:26:15,22.38,71600,22.38,U
sz000021,深科技,2025-09-18 10:26:18,22.39,13000,22.38,U
sz000021,深科技,2025-09-18 10:26:21,22.39,71100,22.39,D
sz000021,深科技,2025-09-18 10:26:24,22.4,24100,22.39,U
sz000021,深科技,2025-09-18 10:26:27,22.39,15900,22.4,D
sz000021,深科技,2025-09-18 10:26:30,22.4,51900,22.39,U
sz000021,深科技,2025-09-18 10:26:33,22.39,217800,22.4,D
sz000021,深科技,2025-09-18 10:26:36,22.4,33200,22.39,U
sz000021,深科技,2025-09-18 10:26:39,22.4,25600,22.4,U
sz000021,深科技,2025-09-18 10:26:42,22.39,9500,22.4,D
sz000021,深科技,2025-09-18 10:26:45,22.4,478100,22.39,U
sz000021,深科技,2025-09-18 10:26:48,22.42,39300,22.4,U
sz000021,深科技,2025-09-18 10:27:00,22.41,19200,22.42,D
sz000021,深科技,2025-09-18 10:27:03,22.41,33000,22.41,D
sz000021,深科技,2025-09-18 10:27:06,22.39,149700,22.41,D
sz000021,深科技,2025-09-18 10:27:09,22.39,22200,22.39,U
sz000021,深科技,2025-09-18 10:27:15,22.37,20700,22.38,D
sz000021,深科技,2025-09-18 10:27:18,22.37,19500,22.37,U
sz000021,深科技,2025-09-18 10:27:21,22.37,26000,22.37,U
sz000021,深科技,2025-09-18 10:27:24,22.35,14100,22.37,D
sz000021,深科技,2025-09-18 10:27:30,22.35,22200,22.35,D
sz000021,深科技,2025-09-18 10:27:36,22.36,10500,22.35,U
sz000021,深科技,2025-09-18 10:27:39,22.35,25100,22.36,D
sz000021,深科技,2025-09-18 10:27:42,22.35,12200,22.35,D
sz000021,深科技,2025-09-18 10:27:45,22.35,24900,22.35,D
sz000021,深科技,2025-09-18 10:27:48,22.35,29300,22.35,U
sz000021,深科技,2025-09-18 10:27:51,22.36,19300,22.35,U
sz000021,深科技,2025-09-18 10:27:54,22.36,22600,22.36,D
sz000021,深科技,2025-09-18 10:27:57,22.35,63400,22.36,D
sz000021,深科技,2025-09-18 10:28:03,22.34,15600,22.35,D
sz000021,深科技,2025-09-18 10:28:06,22.35,20400,22.34,U
sz000021,深科技,2025-09-18 10:28:09,22.34,143500,22.35,D
sz000021,深科技,2025-09-18 10:28:12,22.33,52800,22.34,D
sz000021,深科技,2025-09-18 10:28:15,22.33,13100,22.33,D
sz000021,深科技,2025-09-18 10:28:24,22.33,27100,22.33,U
sz000021,深科技,2025-09-18 10:28:27,22.32,32100,22.33,D
sz000021,深科技,2025-09-18 10:28:30,22.32,13100,22.32,U
sz000021,深科技,2025-09-18 10:28:33,22.31,14800,22.32,D
sz000021,深科技,2025-09-18 10:28:36,22.31,12900,22.31,D
sz000021,深科技,2025-09-18 10:28:39,22.3,22900,22.31,D
sz000021,深科技,2025-09-18 10:28:42,22.31,24700,22.3,U
sz000021,深科技,2025-09-18 10:28:45,22.31,34600,22.31,U
sz000021,深科技,2025-09-18 10:28:48,22.3,39100,22.31,D
sz000021,深科技,2025-09-18 10:28:51,22.32,85800,22.3,U
sz000021,深科技,2025-09-18 10:28:54,22.3,12300,22.32,D
sz000021,深科技,2025-09-18 10:28:57,22.32,59700,22.3,U
sz000021,深科技,2025-09-18 10:29:00,22.31,11400,22.32,D
sz000021,深科技,2025-09-18 10:29:03,22.32,37400,22.31,U
sz000021,深科技,2025-09-18 10:29:06,22.32,155600,22.32,U
sz000021,深科技,2025-09-18 10:29:09,22.32,25200,22.32,D
sz000021,深科技,2025-09-18 10:29:12,22.31,10200,22.32,D
sz000021,深科技,2025-09-18 10:29:24,22.33,10600,22.32,U
sz000021,深科技,2025-09-18 10:29:30,22.34,9800,22.33,U
sz000021,深科技,2025-09-18 10:29:33,22.34,53900,22.34,U
sz000021,深科技,2025-09-18 10:29:36,22.35,11500,22.34,U
sz000021,深科技,2025-09-18 10:29:42,22.33,43300,22.34,D
sz000021,深科技,2025-09-18 10:29:45,22.33,23400,22.33,U
sz000021,深科技,2025-09-18 10:29:51,22.33,11600,22.33,U
sz000021,深科技,2025-09-18 10:30:00,22.33,12000,22.33,D
sz000021,深科技,2025-09-18 10:30:03,22.34,14100,22.33,U
sz000021,深科技,2025-09-18 10:30:06,22.34,11200,22.34,U
sz000021,深科技,2025-09-18 10:30:12,22.33,17100,22.33,D
sz000021,深科技,2025-09-18 10:30:21,22.32,13100,22.33,D
sz000021,深科技,2025-09-18 10:30:24,22.32,14400,22.32,D
sz000021,深科技,2025-09-18 10:30:30,22.32,17800,22.32,D
sz000021,深科技,2025-09-18 10:30:33,22.32,10500,22.32,D
sz000021,深科技,2025-09-18 10:30:36,22.32,12700,22.32,D
sz000021,深科技,2025-09-18 10:30:39,22.31,33600,22.32,D
sz000021,深科技,2025-09-18 10:30:45,22.31,37400,22.32,D
sz000021,深科技,2025-09-18 10:30:48,22.31,10800,22.31,D
sz000021,深科技,2025-09-18 10:30:51,22.31,33200,22.31,D
sz000021,深科技,2025-09-18 10:30:54,22.31,21500,22.31,D
sz000021,深科技,2025-09-18 10:30:57,22.32,37000,22.31,U
sz000021,深科技,2025-09-18 10:31:00,22.31,21600,22.32,D
sz000021,深科技,2025-09-18 10:31:03,22.3,21900,22.31,D
sz000021,深科技,2025-09-18 10:31:06,22.32,40600,22.3,U
sz000021,深科技,2025-09-18 10:31:09,22.3,28200,22.32,D
sz000021,深科技,2025-09-18 10:31:12,22.3,14200,22.3,D
sz000021,深科技,2025-09-18 10:31:15,22.3,125400,22.3,D
sz000021,深科技,2025-09-18 10:31:24,22.28,10200,22.29,D
sz000021,深科技,2025-09-18 10:31:27,22.28,14900,22.28,D
sz000021,深科技,2025-09-18 10:31:36,22.27,23600,22.28,D
sz000021,深科技,2025-09-18 10:31:39,22.28,25300,22.27,U
sz000021,深科技,2025-09-18 10:31:42,22.28,88500,22.28,U
sz000021,深科技,2025-09-18 10:31:45,22.28,13100,22.28,D
sz000021,深科技,2025-09-18 10:31:51,22.27,28600,22.28,D
sz000021,深科技,2025-09-18 10:31:54,22.26,29600,22.27,D
sz000021,深科技,2025-09-18 10:31:57,22.26,16100,22.26,D
sz000021,深科技,2025-09-18 10:32:00,22.26,21500,22.26,D
sz000021,深科技,2025-09-18 10:32:03,22.26,37100,22.26,D
sz000021,深科技,2025-09-18 10:32:09,22.26,24900,22.26,D
sz000021,深科技,2025-09-18 10:32:12,22.26,21900,22.26,D
sz000021,深科技,2025-09-18 10:32:15,22.26,75800,22.26,D
sz000021,深科技,2025-09-18 10:32:18,22.26,12600,22.26,D
sz000021,深科技,2025-09-18 10:32:21,22.26,40300,22.26,D
sz000021,深科技,2025-09-18 10:32:24,22.28,11000,22.26,U
sz000021,深科技,2025-09-18 10:32:27,22.28,12700,22.28,D
sz000021,深科技,2025-09-18 10:32:33,22.28,17700,22.28,D
sz000021,深科技,2025-09-18 10:32:36,22.28,10300,22.28,U
sz000021,深科技,2025-09-18 10:32:39,22.27,16400,22.28,D
sz000021,深科技,2025-09-18 10:32:48,22.26,13200,22.27,D
sz000021,深科技,2025-09-18 10:32:54,22.26,13000,22.26,D
sz000021,深科技,2025-09-18 10:32:57,22.26,18400,22.26,D
sz000021,深科技,2025-09-18 10:33:03,22.27,37600,22.26,U
sz000021,深科技,2025-09-18 10:33:12,22.26,12000,22.28,D
sz000021,深科技,2025-09-18 10:33:15,22.28,37816,22.26,U
sz000021,深科技,2025-09-18 10:33:27,22.27,15000,22.27,D
sz000021,深科技,2025-09-18 10:33:30,22.27,34600,22.27,U
sz000021,深科技,2025-09-18 10:33:33,22.28,11800,22.27,U
sz000021,深科技,2025-09-18 10:33:45,22.28,16200,22.27,U
sz000021,深科技,2025-09-18 10:33:48,22.27,18400,22.28,D
sz000021,深科技,2025-09-18 10:33:54,22.27,15600,22.27,U
sz000021,深科技,2025-09-18 10:33:57,22.26,20900,22.27,D
sz000021,深科技,2025-09-18 10:34:03,22.26,13800,22.27,U
sz000021,深科技,2025-09-18 10:34:06,22.27,10600,22.26,E
sz000021,深科技,2025-09-18 10:34:12,22.25,9100,22.26,D
sz000021,深科技,2025-09-18 10:34:15,22.26,18100,22.25,U
sz000021,深科技,2025-09-18 10:34:18,22.26,27700,22.26,U
sz000021,深科技,2025-09-18 10:34:21,22.24,74800,22.26,D
sz000021,深科技,2025-09-18 10:34:30,22.24,18200,22.25,D
sz000021,深科技,2025-09-18 10:34:33,22.24,19100,22.24,U
sz000021,深科技,2025-09-18 10:34:36,22.23,18900,22.24,D
sz000021,深科技,2025-09-18 10:34:39,22.24,13100,22.23,U
sz000021,深科技,2025-09-18 10:34:42,22.23,32100,22.24,D
sz000021,深科技,2025-09-18 10:34:48,22.22,54200,22.22,D
sz000021,深科技,2025-09-18 10:35:00,22.22,33400,22.21,U
sz000021,深科技,2025-09-18 10:35:03,22.21,77700,22.22,D
sz000021,深科技,2025-09-18 10:35:06,22.23,32700,22.21,U
sz000021,深科技,2025-09-18 10:35:15,22.25,405700,22.22,U
sz000021,深科技,2025-09-18 10:35:33,22.25,23500,22.24,U
sz000021,深科技,2025-09-18 10:35:36,22.24,22600,22.25,U
sz000021,深科技,2025-09-18 10:35:51,22.25,12000,22.24,U
sz000021,深科技,2025-09-18 10:35:57,22.24,47600,22.25,D
sz000021,深科技,2025-09-18 10:36:00,22.25,15200,22.24,U
sz000021,深科技,2025-09-18 10:36:06,22.26,12200,22.26,U
sz000021,深科技,2025-09-18 10:36:12,22.27,13200,22.26,U
sz000021,深科技,2025-09-18 10:36:27,22.28,43100,22.27,U
sz000021,深科技,2025-09-18 10:36:30,22.28,25700,22.28,U
sz000021,深科技,2025-09-18 10:36:33,22.27,32600,22.28,D
sz000021,深科技,2025-09-18 10:36:42,22.27,40500,22.26,U
sz000021,深科技,2025-09-18 10:36:48,22.24,13500,22.26,D
sz000021,深科技,2025-09-18 10:36:51,22.23,40600,22.24,D
sz000021,深科技,2025-09-18 10:37:03,22.22,207200,22.23,D
sz000021,深科技,2025-09-18 10:37:06,22.22,10100,22.22,U
sz000021,深科技,2025-09-18 10:37:12,22.2,41900,22.22,D
sz000021,深科技,2025-09-18 10:37:15,22.22,26300,22.2,U
sz000021,深科技,2025-09-18 10:37:18,22.22,15000,22.22,U
sz000021,深科技,2025-09-18 10:37:24,22.2,38500,22.2,D
sz000021,深科技,2025-09-18 10:37:27,22.2,31800,22.2,D
sz000021,深科技,2025-09-18 10:37:33,22.2,11100,22.2,U
sz000021,深科技,2025-09-18 10:37:36,22.19,19200,22.2,D
sz000021,深科技,2025-09-18 10:37:39,22.19,21500,22.19,D
sz000021,深科技,2025-09-18 10:37:42,22.2,20800,22.19,U
sz000021,深科技,2025-09-18 10:37:45,22.19,16700,22.2,D
sz000021,深科技,2025-09-18 10:37:48,22.19,10400,22.19,D
sz000021,深科技,2025-09-18 10:37:54,22.19,17500,22.19,U
sz000021,深科技,2025-09-18 10:37:57,22.18,13200,22.19,D
sz000021,深科技,2025-09-18 10:38:00,22.18,17900,22.18,D
sz000021,深科技,2025-09-18 10:38:03,22.2,78200,22.18,U
sz000021,深科技,2025-09-18 10:38:06,22.19,27200,22.2,D
sz000021,深科技,2025-09-18 10:38:09,22.2,14300,22.19,U
sz000021,深科技,2025-09-18 10:38:12,22.19,10000,22.2,D
sz000021,深科技,2025-09-18 10:38:18,22.19,21100,22.19,D
sz000021,深科技,2025-09-18 10:38:21,22.2,55600,22.19,U
sz000021,深科技,2025-09-18 10:38:30,22.22,13100,22.21,U
sz000021,深科技,2025-09-18 10:38:42,22.22,15800,22.22,U
sz000021,深科技,2025-09-18 10:38:45,22.21,9100,22.22,D
sz000021,深科技,2025-09-18 10:38:48,22.22,14200,22.21,U
sz000021,深科技,2025-09-18 10:38:54,22.22,42900,22.22,D
sz000021,深科技,2025-09-18 10:38:57,22.22,44600,22.22,D
sz000021,深科技,2025-09-18 10:39:09,22.22,20600,22.2,U
sz000021,深科技,2025-09-18 10:39:12,22.2,48500,22.22,D
sz000021,深科技,2025-09-18 10:39:21,22.2,51100,22.2,U
sz000021,深科技,2025-09-18 10:39:24,22.19,17200,22.2,D
sz000021,深科技,2025-09-18 10:39:27,22.19,23500,22.19,D
sz000021,深科技,2025-09-18 10:39:33,22.19,11400,22.19,D
sz000021,深科技,2025-09-18 10:39:39,22.19,10300,22.19,D
sz000021,深科技,2025-09-18 10:39:42,22.19,11000,22.19,D
sz000021,深科技,2025-09-18 10:39:45,22.19,14500,22.19,D
sz000021,深科技,2025-09-18 10:39:48,22.19,9600,22.19,D
sz000021,深科技,2025-09-18 10:39:51,22.19,14800,22.19,D
sz000021,深科技,2025-09-18 10:40:00,22.18,26400,22.18,D
sz000021,深科技,2025-09-18 10:40:03,22.19,11800,22.18,U
sz000021,深科技,2025-09-18 10:40:12,22.19,14600,22.18,U
sz000021,深科技,2025-09-18 10:40:15,22.21,47200,22.19,U
sz000021,深科技,2025-09-18 10:40:21,22.22,17600,22.21,U
sz000021,深科技,2025-09-18 10:40:24,22.22,66600,22.22,U
sz000021,深科技,2025-09-18 10:40:45,22.22,41400,22.22,U
sz000021,深科技,2025-09-18 10:40:51,22.22,9300,22.21,U
sz000021,深科技,2025-09-18 10:40:54,22.22,46900,22.22,U
sz000021,深科技,2025-09-18 10:41:03,22.21,28000,22.22,U
sz000021,深科技,2025-09-18 10:41:12,22.2,14700,22.22,D
sz000021,深科技,2025-09-18 10:41:24,22.21,9700,22.21,E
sz000021,深科技,2025-09-18 10:41:30,22.26,118200,22.21,U
sz000021,深科技,2025-09-18 10:41:33,22.26,46400,22.26,D
sz000021,深科技,2025-09-18 10:41:36,22.27,10700,22.26,U
sz000021,深科技,2025-09-18 10:41:45,22.28,15800,22.28,U
sz000021,深科技,2025-09-18 10:41:48,22.29,27200,22.28,U
sz000021,深科技,2025-09-18 10:41:51,22.28,11600,22.29,D
sz000021,深科技,2025-09-18 10:41:54,22.3,25000,22.28,U
sz000021,深科技,2025-09-18 10:41:57,22.3,22200,22.3,U
sz000021,深科技,2025-09-18 10:42:03,22.28,12200,22.28,D
sz000021,深科技,2025-09-18 10:42:06,22.29,18100,22.28,U
sz000021,深科技,2025-09-18 10:42:15,22.28,13800,22.28,U
sz000021,深科技,2025-09-18 10:42:18,22.27,173100,22.28,E
sz000021,深科技,2025-09-18 10:42:27,22.27,11000,22.26,U
sz000021,深科技,2025-09-18 10:42:42,22.28,9800,22.27,U
sz000021,深科技,2025-09-18 10:42:45,22.27,27300,22.28,D
sz000021,深科技,2025-09-18 10:42:48,22.27,12900,22.27,D
sz000021,深科技,2025-09-18 10:42:51,22.27,30000,22.27,D
sz000021,深科技,2025-09-18 10:42:54,22.27,33000,22.27,D
sz000021,深科技,2025-09-18 10:43:00,22.27,11500,22.27,U
sz000021,深科技,2025-09-18 10:43:18,22.26,29200,22.26,D
sz000021,深科技,2025-09-18 10:43:42,22.26,10900,22.25,U
sz000021,深科技,2025-09-18 10:43:45,22.26,17900,22.26,U
sz000021,深科技,2025-09-18 10:43:48,22.25,10100,22.26,D
sz000021,深科技,2025-09-18 10:43:54,22.26,19000,22.25,U
sz000021,深科技,2025-09-18 10:44:03,22.26,45500,22.26,U
sz000021,深科技,2025-09-18 10:44:09,22.27,22300,22.26,U
sz000021,深科技,2025-09-18 10:44:12,22.26,21200,22.27,D
sz000021,深科技,2025-09-18 10:44:15,22.26,22000,22.26,D
sz000021,深科技,2025-09-18 10:44:18,22.28,37100,22.26,U
sz000021,深科技,2025-09-18 10:44:24,22.29,32200,22.29,U
sz000021,深科技,2025-09-18 10:44:27,22.29,19300,22.29,U
sz000021,深科技,2025-09-18 10:44:30,22.29,10500,22.29,U
sz000021,深科技,2025-09-18 10:44:36,22.3,26200,22.29,U
sz000021,深科技,2025-09-18 10:44:39,22.3,55900,22.3,U
sz000021,深科技,2025-09-18 10:44:42,22.3,15600,22.3,U
sz000021,深科技,2025-09-18 10:44:45,22.3,31216,22.3,U
sz000021,深科技,2025-09-18 10:44:48,22.31,13000,22.3,U
sz000021,深科技,2025-09-18 10:44:57,22.31,36400,22.32,D
sz000021,深科技,2025-09-18 10:45:00,22.34,207800,22.31,U
sz000021,深科技,2025-09-18 10:45:03,22.32,14700,22.34,D
sz000021,深科技,2025-09-18 10:45:06,22.33,13800,22.32,E
sz000021,深科技,2025-09-18 10:45:09,22.35,103700,22.33,U
sz000021,深科技,2025-09-18 10:45:12,22.35,31200,22.35,U
sz000021,深科技,2025-09-18 10:45:15,22.33,9700,22.35,D
sz000021,深科技,2025-09-18 10:45:18,22.34,11300,22.33,U
sz000021,深科技,2025-09-18 10:45:21,22.35,205600,22.34,U
sz000021,深科技,2025-09-18 10:45:24,22.35,9800,22.35,D
sz000021,深科技,2025-09-18 10:45:27,22.38,208300,22.35,U
sz000021,深科技,2025-09-18 10:45:36,22.37,39400,22.36,U
sz000021,深科技,2025-09-18 10:45:39,22.37,10600,22.37,U
sz000021,深科技,2025-09-18 10:45:42,22.38,78300,22.37,U
sz000021,深科技,2025-09-18 10:45:48,22.37,230900,22.38,D
sz000021,深科技,2025-09-18 10:45:51,22.36,17900,22.37,D
sz000021,深科技,2025-09-18 10:45:57,22.38,218500,22.38,U
sz000021,深科技,2025-09-18 10:46:00,22.38,72500,22.38,D
sz000021,深科技,2025-09-18 10:46:03,22.41,211600,22.38,U
sz000021,深科技,2025-09-18 10:46:06,22.42,140700,22.41,U
sz000021,深科技,2025-09-18 10:46:09,22.43,27200,22.42,U
sz000021,深科技,2025-09-18 10:46:12,22.48,697900,22.43,U
sz000021,深科技,2025-09-18 10:46:15,22.48,113300,22.48,U
sz000021,深科技,2025-09-18 10:46:18,22.47,170800,22.48,E
sz000021,深科技,2025-09-18 10:46:21,22.48,28100,22.47,U
sz000021,深科技,2025-09-18 10:46:24,22.47,483100,22.48,U
sz000021,深科技,2025-09-18 10:46:27,22.47,40700,22.47,U
sz000021,深科技,2025-09-18 10:46:30,22.46,22900,22.47,D
sz000021,深科技,2025-09-18 10:46:33,22.44,76700,22.46,D
sz000021,深科技,2025-09-18 10:46:36,22.44,25200,22.44,D
sz000021,深科技,2025-09-18 10:46:39,22.43,24100,22.44,D
sz000021,深科技,2025-09-18 10:46:45,22.44,68500,22.44,U
sz000021,深科技,2025-09-18 10:46:48,22.43,226700,22.44,D
sz000021,深科技,2025-09-18 10:46:54,22.44,38500,22.44,D
sz000021,深科技,2025-09-18 10:46:57,22.43,60900,22.44,D
sz000021,深科技,2025-09-18 10:47:00,22.44,27000,22.43,U
sz000021,深科技,2025-09-18 10:47:03,22.44,14200,22.44,U
sz000021,深科技,2025-09-18 10:47:06,22.45,48600,22.44,U
sz000021,深科技,2025-09-18 10:47:09,22.44,514500,22.45,E
sz000021,深科技,2025-09-18 10:47:12,22.45,26600,22.44,E
sz000021,深科技,2025-09-18 10:47:15,22.46,12600,22.45,E
sz000021,深科技,2025-09-18 10:47:18,22.48,12100,22.46,U
sz000021,深科技,2025-09-18 10:47:21,22.46,30300,22.48,E
sz000021,深科技,2025-09-18 10:47:24,22.48,20500,22.46,U
sz000021,深科技,2025-09-18 10:47:27,22.46,61400,22.48,D
sz000021,深科技,2025-09-18 10:47:30,22.45,25500,22.46,D
sz000021,深科技,2025-09-18 10:47:33,22.46,9714,22.45,E
sz000021,深科技,2025-09-18 10:47:39,22.46,11600,22.46,D
sz000021,深科技,2025-09-18 10:47:45,22.45,30300,22.45,D
sz000021,深科技,2025-09-18 10:47:48,22.45,24800,22.45,U
sz000021,深科技,2025-09-18 10:47:51,22.44,17800,22.45,D
sz000021,深科技,2025-09-18 10:47:54,22.44,36800,22.44,D
sz000021,深科技,2025-09-18 10:47:57,22.44,14400,22.44,U
sz000021,深科技,2025-09-18 10:48:03,22.43,57200,22.44,E
sz000021,深科技,2025-09-18 10:48:06,22.42,21100,22.43,D
sz000021,深科技,2025-09-18 10:48:12,22.42,22200,22.44,D
sz000021,深科技,2025-09-18 10:48:15,22.44,9200,22.42,U
sz000021,深科技,2025-09-18 10:48:18,22.42,17700,22.44,D
sz000021,深科技,2025-09-18 10:48:21,22.43,14000,22.42,U
sz000021,深科技,2025-09-18 10:48:24,22.42,193700,22.43,U
sz000021,深科技,2025-09-18 10:48:27,22.41,50600,22.42,D
sz000021,深科技,2025-09-18 10:48:33,22.4,16500,22.4,D
sz000021,深科技,2025-09-18 10:48:36,22.4,18500,22.4,D
sz000021,深科技,2025-09-18 10:48:42,22.4,19300,22.4,D
sz000021,深科技,2025-09-18 10:48:54,22.39,12700,22.4,D
sz000021,深科技,2025-09-18 10:48:57,22.39,14800,22.39,U
sz000021,深科技,2025-09-18 10:49:00,22.39,10600,22.39,U
sz000021,深科技,2025-09-18 10:49:06,22.38,14000,22.38,D
sz000021,深科技,2025-09-18 10:49:12,22.39,11100,22.38,U
sz000021,深科技,2025-09-18 10:49:15,22.38,12600,22.39,D
sz000021,深科技,2025-09-18 10:49:27,22.37,11800,22.38,D
sz000021,深科技,2025-09-18 10:49:33,22.37,17500,22.37,U
sz000021,深科技,2025-09-18 10:49:36,22.37,13900,22.37,U
sz000021,深科技,2025-09-18 10:49:39,22.35,18000,22.37,D
sz000021,深科技,2025-09-18 10:49:51,22.35,16700,22.35,U
sz000021,深科技,2025-09-18 10:49:54,22.35,9000,22.35,D
sz000021,深科技,2025-09-18 10:50:03,22.35,9000,22.35,U
sz000021,深科技,2025-09-18 10:50:09,22.34,10700,22.35,D
sz000021,深科技,2025-09-18 10:50:12,22.34,20500,22.34,D
sz000021,深科技,2025-09-18 10:50:18,22.33,19900,22.34,D
sz000021,深科技,2025-09-18 10:50:24,22.34,43400,22.34,U
sz000021,深科技,2025-09-18 10:50:27,22.35,10600,22.34,U
sz000021,深科技,2025-09-18 10:50:30,22.35,35100,22.35,U
sz000021,深科技,2025-09-18 10:50:33,22.37,32100,22.35,U
sz000021,深科技,2025-09-18 10:50:36,22.38,9800,22.37,U
sz000021,深科技,2025-09-18 10:50:42,22.39,52300,22.38,U
sz000021,深科技,2025-09-18 10:50:51,22.39,27500,22.38,U
sz000021,深科技,2025-09-18 10:50:54,22.39,32900,22.39,D
sz000021,深科技,2025-09-18 10:50:57,22.4,11100,22.39,U
sz000021,深科技,2025-09-18 10:51:09,22.43,46700,22.41,U
sz000021,深科技,2025-09-18 10:51:12,22.43,9800,22.43,U
sz000021,深科技,2025-09-18 10:51:18,22.42,16800,22.43,D
sz000021,深科技,2025-09-18 10:51:21,22.43,40200,22.42,U
sz000021,深科技,2025-09-18 10:51:24,22.41,17200,22.43,D
sz000021,深科技,2025-09-18 10:51:30,22.43,17400,22.43,U
sz000021,深科技,2025-09-18 10:51:33,22.42,32900,22.43,D
sz000021,深科技,2025-09-18 10:51:42,22.43,18400,22.43,U
sz000021,深科技,2025-09-18 10:51:48,22.45,96567,22.43,U
sz000021,深科技,2025-09-18 10:51:51,22.45,9000,22.45,D
sz000021,深科技,2025-09-18 10:51:57,22.48,40914,22.46,U
sz000021,深科技,2025-09-18 10:52:00,22.47,13900,22.48,D
sz000021,深科技,2025-09-18 10:52:03,22.48,10800,22.47,U
sz000021,深科技,2025-09-18 10:52:06,22.48,80486,22.48,U
sz000021,深科技,2025-09-18 10:52:12,22.47,30100,22.46,U
sz000021,深科技,2025-09-18 10:52:15,22.47,26900,22.47,E
sz000021,深科技,2025-09-18 10:52:18,22.47,61300,22.47,D
sz000021,深科技,2025-09-18 10:52:21,22.48,154500,22.47,U
sz000021,深科技,2025-09-18 10:52:24,22.47,16900,22.48,D
sz000021,深科技,2025-09-18 10:52:27,22.47,21100,22.47,D
sz000021,深科技,2025-09-18 10:52:30,22.49,175614,22.47,U
sz000021,深科技,2025-09-18 10:52:33,22.5,19400,22.49,U
sz000021,深科技,2025-09-18 10:52:36,22.49,14000,22.5,D
sz000021,深科技,2025-09-18 10:52:39,22.48,33220,22.49,D
sz000021,深科技,2025-09-18 10:52:42,22.49,35800,22.48,U
sz000021,深科技,2025-09-18 10:52:45,22.48,33300,22.49,D
sz000021,深科技,2025-09-18 10:52:48,22.49,33800,22.48,U
sz000021,深科技,2025-09-18 10:52:51,22.5,328500,22.49,U
sz000021,深科技,2025-09-18 10:52:54,22.49,40000,22.5,D
sz000021,深科技,2025-09-18 10:52:57,22.49,20200,22.49,D
sz000021,深科技,2025-09-18 10:53:00,22.5,232600,22.49,U
sz000021,深科技,2025-09-18 10:53:03,22.5,95900,22.5,U
sz000021,深科技,2025-09-18 10:53:06,22.5,143500,22.5,U
sz000021,深科技,2025-09-18 10:53:09,22.5,68200,22.5,U
sz000021,深科技,2025-09-18 10:53:12,22.5,73100,22.5,U
sz000021,深科技,2025-09-18 10:53:15,22.49,247700,22.5,D
sz000021,深科技,2025-09-18 10:53:18,22.49,43100,22.49,U
sz000021,深科技,2025-09-18 10:53:21,22.48,15600,22.49,D
sz000021,深科技,2025-09-18 10:53:24,22.52,993600,22.48,U
sz000021,深科技,2025-09-18 10:53:27,22.54,209500,22.52,U
sz000021,深科技,2025-09-18 10:53:30,22.53,13900,22.54,D
sz000021,深科技,2025-09-18 10:53:33,22.55,51800,22.53,U
sz000021,深科技,2025-09-18 10:53:36,22.55,44500,22.55,U
sz000021,深科技,2025-09-18 10:53:39,22.55,44900,22.55,U
sz000021,深科技,2025-09-18 10:53:42,22.54,97800,22.55,E
sz000021,深科技,2025-09-18 10:53:45,22.55,73981,22.54,U
sz000021,深科技,2025-09-18 10:53:48,22.56,84200,22.55,U
sz000021,深科技,2025-09-18 10:53:51,22.56,16300,22.56,D
sz000021,深科技,2025-09-18 10:53:54,22.57,27500,22.56,U
sz000021,深科技,2025-09-18 10:53:57,22.56,63600,22.57,D
sz000021,深科技,2025-09-18 10:54:00,22.55,77100,22.56,D
sz000021,深科技,2025-09-18 10:54:03,22.55,56619,22.55,D
sz000021,深科技,2025-09-18 10:54:06,22.56,214081,22.55,U
sz000021,深科技,2025-09-18 10:54:09,22.56,40700,22.56,D
sz000021,深科技,2025-09-18 10:54:12,22.56,34600,22.56,D
sz000021,深科技,2025-09-18 10:54:15,22.55,44219,22.56,D
sz000021,深科技,2025-09-18 10:54:18,22.55,32800,22.55,D
sz000021,深科技,2025-09-18 10:54:21,22.55,35300,22.55,D
sz000021,深科技,2025-09-18 10:54:24,22.55,26300,22.55,U
sz000021,深科技,2025-09-18 10:54:27,22.56,55500,22.55,U
sz000021,深科技,2025-09-18 10:54:30,22.55,11100,22.56,E
sz000021,深科技,2025-09-18 10:54:33,22.54,9600,22.55,U
sz000021,深科技,2025-09-18 10:54:39,22.54,22800,22.54,U
sz000021,深科技,2025-09-18 10:54:42,22.53,24600,22.54,D
sz000021,深科技,2025-09-18 10:54:45,22.54,12900,22.53,D
sz000021,深科技,2025-09-18 10:54:48,22.53,38900,22.54,D
sz000021,深科技,2025-09-18 10:54:51,22.54,17200,22.53,U
sz000021,深科技,2025-09-18 10:55:00,22.53,108300,22.54,U
sz000021,深科技,2025-09-18 10:55:03,22.55,107400,22.53,U
sz000021,深科技,2025-09-18 10:55:06,22.56,101900,22.55,U
sz000021,深科技,2025-09-18 10:55:09,22.58,383281,22.56,U
sz000021,深科技,2025-09-18 10:55:12,22.57,46600,22.58,D
sz000021,深科技,2025-09-18 10:55:18,22.58,64000,22.58,D
sz000021,深科技,2025-09-18 10:55:21,22.59,54900,22.58,U
sz000021,深科技,2025-09-18 10:55:24,22.58,44800,22.59,D
sz000021,深科技,2025-09-18 10:55:27,22.58,42900,22.58,U
sz000021,深科技,2025-09-18 10:55:30,22.58,16100,22.58,U
sz000021,深科技,2025-09-18 10:55:33,22.58,55400,22.58,U
sz000021,深科技,2025-09-18 10:55:36,22.58,15700,22.58,U
sz000021,深科技,2025-09-18 10:55:39,22.57,70100,22.58,D
sz000021,深科技,2025-09-18 10:55:42,22.58,15900,22.57,U
sz000021,深科技,2025-09-18 10:55:45,22.57,9700,22.58,D
sz000021,深科技,2025-09-18 10:55:48,22.58,47600,22.57,U
sz000021,深科技,2025-09-18 10:55:51,22.57,113200,22.58,D
sz000021,深科技,2025-09-18 10:55:54,22.57,18900,22.57,D
sz000021,深科技,2025-09-18 10:55:57,22.57,11000,22.57,U
sz000021,深科技,2025-09-18 10:56:00,22.58,28300,22.57,U
sz000021,深科技,2025-09-18 10:56:03,22.53,76719,22.58,D
sz000021,深科技,2025-09-18 10:56:06,22.56,21200,22.53,U
sz000021,深科技,2025-09-18 10:56:18,22.53,35600,22.53,D
sz000021,深科技,2025-09-18 10:56:30,22.55,18600,22.54,U
sz000021,深科技,2025-09-18 10:56:33,22.56,17500,22.55,U
sz000021,深科技,2025-09-18 10:56:36,22.55,21200,22.56,D
sz000021,深科技,2025-09-18 10:56:39,22.55,36300,22.55,D
sz000021,深科技,2025-09-18 10:56:42,22.55,18600,22.55,U
sz000021,深科技,2025-09-18 10:56:45,22.53,72000,22.55,D
sz000021,深科技,2025-09-18 10:56:48,22.54,25300,22.53,U
sz000021,深科技,2025-09-18 10:56:51,22.53,26100,22.54,D
sz000021,深科技,2025-09-18 10:56:54,22.54,15600,22.53,U
sz000021,深科技,2025-09-18 10:57:06,22.51,15300,22.53,D
sz000021,深科技,2025-09-18 10:57:09,22.52,10600,22.51,U
sz000021,深科技,2025-09-18 10:57:12,22.51,13800,22.52,D
sz000021,深科技,2025-09-18 10:57:15,22.5,9000,22.51,D
sz000021,深科技,2025-09-18 10:57:18,22.51,13200,22.5,U
sz000021,深科技,2025-09-18 10:57:21,22.5,42900,22.51,D
sz000021,深科技,2025-09-18 10:57:33,22.5,71100,22.48,U
sz000021,深科技,2025-09-18 10:57:36,22.48,34300,22.5,D
sz000021,深科技,2025-09-18 10:57:42,22.49,8900,22.49,U
sz000021,深科技,2025-09-18 10:57:45,22.48,11900,22.49,D
sz000021,深科技,2025-09-18 10:57:51,22.48,21100,22.49,D
sz000021,深科技,2025-09-18 10:57:54,22.48,21300,22.48,U
sz000021,深科技,2025-09-18 10:58:00,22.47,16100,22.47,D
sz000021,深科技,2025-09-18 10:58:03,22.47,9900,22.47,D
sz000021,深科技,2025-09-18 10:58:06,22.47,18700,22.47,D
sz000021,深科技,2025-09-18 10:58:12,22.48,16600,22.47,U
sz000021,深科技,2025-09-18 10:58:21,22.48,14900,22.48,D
sz000021,深科技,2025-09-18 10:58:24,22.48,35200,22.48,D
sz000021,深科技,2025-09-18 10:58:27,22.48,17200,22.48,D
sz000021,深科技,2025-09-18 10:58:30,22.48,87600,22.48,U
sz000021,深科技,2025-09-18 10:58:33,22.46,55400,22.48,D
sz000021,深科技,2025-09-18 10:58:36,22.46,48800,22.46,D
sz000021,深科技,2025-09-18 10:58:39,22.46,9900,22.46,D
sz000021,深科技,2025-09-18 10:58:42,22.44,65400,22.46,D
sz000021,深科技,2025-09-18 10:58:48,22.44,22300,22.44,D
sz000021,深科技,2025-09-18 10:59:03,22.53,257400,22.45,U
sz000021,深科技,2025-09-18 10:59:18,22.53,9300,22.53,U
sz000021,深科技,2025-09-18 10:59:21,22.53,19500,22.53,U
sz000021,深科技,2025-09-18 10:59:24,22.52,10800,22.53,D
sz000021,深科技,2025-09-18 10:59:27,22.52,80200,22.52,U
sz000021,深科技,2025-09-18 10:59:39,22.53,30000,22.51,U
sz000021,深科技,2025-09-18 10:59:45,22.52,12500,22.53,E
sz000021,深科技,2025-09-18 10:59:54,22.51,10400,22.5,U
sz000021,深科技,2025-09-18 11:00:06,22.5,23000,22.5,D
sz000021,深科技,2025-09-18 11:00:09,22.5,69600,22.5,U
sz000021,深科技,2025-09-18 11:00:15,22.5,13600,22.5,D
sz000021,深科技,2025-09-18 11:00:36,22.5,13700,22.5,U
sz000021,深科技,2025-09-18 11:00:48,22.5,13200,22.5,D
sz000021,深科技,2025-09-18 11:00:51,22.51,56300,22.5,U
sz000021,深科技,2025-09-18 11:00:54,22.53,9200,22.51,U
sz000021,深科技,2025-09-18 11:01:00,22.51,23200,22.51,D
sz000021,深科技,2025-09-18 11:01:03,22.51,10000,22.51,U
sz000021,深科技,2025-09-18 11:01:06,22.5,20200,22.51,D
sz000021,深科技,2025-09-18 11:01:09,22.51,28300,22.5,U
sz000021,深科技,2025-09-18 11:01:18,22.5,12200,22.5,D
sz000021,深科技,2025-09-18 11:01:27,22.51,10700,22.51,U
sz000021,深科技,2025-09-18 11:01:30,22.51,13200,22.51,U
sz000021,深科技,2025-09-18 11:01:36,22.51,9500,22.51,U
sz000021,深科技,2025-09-18 11:01:54,22.5,24200,22.51,D
sz000021,深科技,2025-09-18 11:01:57,22.5,20100,22.5,D
sz000021,深科技,2025-09-18 11:02:00,22.51,12200,22.5,U
sz000021,深科技,2025-09-18 11:02:03,22.5,16200,22.51,D
sz000021,深科技,2025-09-18 11:02:06,22.5,17400,22.5,D
sz000021,深科技,2025-09-18 11:02:09,22.5,10900,22.5,U
sz000021,深科技,2025-09-18 11:02:15,22.49,16900,22.5,D
sz000021,深科技,2025-09-18 11:02:18,22.49,12700,22.49,D
sz000021,深科技,2025-09-18 11:02:33,22.49,18800,22.48,U
sz000021,深科技,2025-09-18 11:02:39,22.48,61000,22.49,D
sz000021,深科技,2025-09-18 11:02:45,22.47,11300,22.47,D
sz000021,深科技,2025-09-18 11:02:48,22.47,19700,22.47,D
sz000021,深科技,2025-09-18 11:02:51,22.45,121200,22.47,D
sz000021,深科技,2025-09-18 11:02:54,22.46,11900,22.45,U
sz000021,深科技,2025-09-18 11:02:57,22.44,10433,22.46,D
sz000021,深科技,2025-09-18 11:03:00,22.44,20000,22.44,U
sz000021,深科技,2025-09-18 11:03:03,22.47,57200,22.44,U
sz000021,深科技,2025-09-18 11:03:06,22.51,102600,22.47,U
sz000021,深科技,2025-09-18 11:03:09,22.53,71600,22.51,U
sz000021,深科技,2025-09-18 11:03:12,22.54,21700,22.53,U
sz000021,深科技,2025-09-18 11:03:15,22.54,9600,22.54,U
sz000021,深科技,2025-09-18 11:03:21,22.52,9300,22.51,U
sz000021,深科技,2025-09-18 11:03:24,22.51,11100,22.52,D
sz000021,深科技,2025-09-18 11:03:27,22.52,68900,22.51,U
sz000021,深科技,2025-09-18 11:03:45,22.53,9500,22.53,U
sz000021,深科技,2025-09-18 11:03:51,22.52,17900,22.53,D
sz000021,深科技,2025-09-18 11:03:54,22.52,9700,22.52,D
sz000021,深科技,2025-09-18 11:04:00,22.52,15600,22.52,U
sz000021,深科技,2025-09-18 11:04:06,22.5,31900,22.53,D
sz000021,深科技,2025-09-18 11:04:09,22.49,12200,22.5,D
sz000021,深科技,2025-09-18 11:04:18,22.49,18800,22.49,U
sz000021,深科技,2025-09-18 11:04:21,22.49,13000,22.49,U
sz000021,深科技,2025-09-18 11:04:33,22.47,18800,22.48,D
sz000021,深科技,2025-09-18 11:04:51,22.46,22100,22.46,D
sz000021,深科技,2025-09-18 11:04:57,22.45,11200,22.46,D
sz000021,深科技,2025-09-18 11:05:00,22.45,10800,22.45,U
sz000021,深科技,2025-09-18 11:05:03,22.44,12800,22.45,D
sz000021,深科技,2025-09-18 11:05:06,22.46,26600,22.44,U
sz000021,深科技,2025-09-18 11:05:09,22.47,65600,22.46,U
sz000021,深科技,2025-09-18 11:05:30,22.45,15100,22.46,D
sz000021,深科技,2025-09-18 11:05:39,22.45,11600,22.45,D
sz000021,深科技,2025-09-18 11:05:42,22.45,10200,22.45,D
sz000021,深科技,2025-09-18 11:05:45,22.45,13500,22.45,D
sz000021,深科技,2025-09-18 11:05:48,22.45,33600,22.45,U
sz000021,深科技,2025-09-18 11:06:03,22.5,70200,22.46,U
sz000021,深科技,2025-09-18 11:06:06,22.5,14700,22.5,U
sz000021,深科技,2025-09-18 11:06:09,22.53,120200,22.5,U
sz000021,深科技,2025-09-18 11:06:15,22.53,29700,22.5,U
sz000021,深科技,2025-09-18 11:06:18,22.52,33900,22.53,D
sz000021,深科技,2025-09-18 11:06:21,22.54,70700,22.52,U
sz000021,深科技,2025-09-18 11:06:24,22.54,20300,22.54,U
sz000021,深科技,2025-09-18 11:06:33,22.54,12700,22.54,U
sz000021,深科技,2025-09-18 11:06:39,22.53,41590,22.53,D
sz000021,深科技,2025-09-18 11:06:48,22.52,14600,22.53,U
sz000021,深科技,2025-09-18 11:07:03,22.5,15000,22.51,D
sz000021,深科技,2025-09-18 11:07:06,22.52,230400,22.5,U
sz000021,深科技,2025-09-18 11:07:09,22.53,26500,22.52,U
sz000021,深科技,2025-09-18 11:07:12,22.52,12600,22.53,U
sz000021,深科技,2025-09-18 11:07:15,22.55,18600,22.52,U
sz000021,深科技,2025-09-18 11:07:18,22.54,24200,22.55,D
sz000021,深科技,2025-09-18 11:07:21,22.54,18600,22.54,D
sz000021,深科技,2025-09-18 11:07:24,22.54,81800,22.54,D
sz000021,深科技,2025-09-18 11:07:27,22.55,42900,22.54,U
sz000021,深科技,2025-09-18 11:07:30,22.55,40500,22.55,U
sz000021,深科技,2025-09-18 11:07:33,22.55,9400,22.55,U
sz000021,深科技,2025-09-18 11:07:36,22.55,16100,22.55,U
sz000021,深科技,2025-09-18 11:07:39,22.55,13400,22.55,U
sz000021,深科技,2025-09-18 11:07:42,22.55,35700,22.55,U
sz000021,深科技,2025-09-18 11:07:45,22.55,22700,22.55,U
sz000021,深科技,2025-09-18 11:07:51,22.55,28500,22.55,U
sz000021,深科技,2025-09-18 11:07:54,22.55,13500,22.55,D
sz000021,深科技,2025-09-18 11:08:00,22.55,9700,22.55,D
sz000021,深科技,2025-09-18 11:08:03,22.54,111300,22.55,D
sz000021,深科技,2025-09-18 11:08:06,22.51,31300,22.54,D
sz000021,深科技,2025-09-18 11:08:09,22.51,81600,22.51,D
sz000021,深科技,2025-09-18 11:08:15,22.5,12700,22.5,D
sz000021,深科技,2025-09-18 11:08:21,22.5,16100,22.5,D
sz000021,深科技,2025-09-18 11:08:27,22.49,12800,22.5,D
sz000021,深科技,2025-09-18 11:08:30,22.51,36300,22.49,U
sz000021,深科技,2025-09-18 11:08:36,22.5,11500,22.5,D
sz000021,深科技,2025-09-18 11:08:39,22.5,28200,22.5,D
sz000021,深科技,2025-09-18 11:08:42,22.5,25400,22.5,D
sz000021,深科技,2025-09-18 11:08:45,22.49,29400,22.5,D
sz000021,深科技,2025-09-18 11:08:51,22.48,47700,22.5,D
sz000021,深科技,2025-09-18 11:08:57,22.51,159200,22.49,U
sz000021,深科技,2025-09-18 11:09:00,22.55,55200,22.51,U
sz000021,深科技,2025-09-18 11:09:03,22.53,10300,22.55,D
sz000021,深科技,2025-09-18 11:09:06,22.55,10800,22.53,U
sz000021,深科技,2025-09-18 11:09:12,22.55,43200,22.55,U
sz000021,深科技,2025-09-18 11:09:15,22.53,19000,22.55,D
sz000021,深科技,2025-09-18 11:09:21,22.5,28900,22.51,D
sz000021,深科技,2025-09-18 11:09:27,22.51,373200,22.5,U
sz000021,深科技,2025-09-18 11:09:30,22.5,20100,22.51,D
sz000021,深科技,2025-09-18 11:09:36,22.51,33500,22.51,D
sz000021,深科技,2025-09-18 11:09:42,22.52,12400,22.53,E
sz000021,深科技,2025-09-18 11:09:51,22.52,209100,22.52,D
sz000021,深科技,2025-09-18 11:10:00,22.5,52500,22.5,U
sz000021,深科技,2025-09-18 11:10:09,22.48,14000,22.48,D
sz000021,深科技,2025-09-18 11:10:15,22.48,10000,22.48,U
sz000021,深科技,2025-09-18 11:10:21,22.47,33700,22.48,D
sz000021,深科技,2025-09-18 11:10:24,22.45,64800,22.47,D
sz000021,深科技,2025-09-18 11:10:30,22.45,10100,22.46,D
sz000021,深科技,2025-09-18 11:10:33,22.45,15700,22.45,D
sz000021,深科技,2025-09-18 11:10:36,22.45,43400,22.45,D
sz000021,深科技,2025-09-18 11:10:42,22.45,14700,22.46,E
sz000021,深科技,2025-09-18 11:10:48,22.45,16500,22.45,D
sz000021,深科技,2025-09-18 11:10:51,22.44,19600,22.45,D
sz000021,深科技,2025-09-18 11:10:57,22.43,50800,22.45,D
sz000021,深科技,2025-09-18 11:11:00,22.45,13300,22.43,U
sz000021,深科技,2025-09-18 11:11:03,22.44,30300,22.45,U
sz000021,深科技,2025-09-18 11:11:06,22.43,11900,22.44,D
sz000021,深科技,2025-09-18 11:11:09,22.43,9800,22.43,D
sz000021,深科技,2025-09-18 11:11:15,22.43,10400,22.43,D
sz000021,深科技,2025-09-18 11:11:18,22.42,13800,22.43,D
sz000021,深科技,2025-09-18 11:11:21,22.44,25300,22.42,U
sz000021,深科技,2025-09-18 11:11:24,22.42,25600,22.44,D
sz000021,深科技,2025-09-18 11:11:27,22.43,13700,22.42,U
sz000021,深科技,2025-09-18 11:11:30,22.43,43500,22.43,U
sz000021,深科技,2025-09-18 11:11:33,22.42,36000,22.43,D
sz000021,深科技,2025-09-18 11:11:36,22.43,13200,22.42,U
sz000021,深科技,2025-09-18 11:11:39,22.43,11800,22.43,E
sz000021,深科技,2025-09-18 11:11:42,22.43,24800,22.43,E
sz000021,深科技,2025-09-18 11:11:45,22.45,147900,22.43,U
sz000021,深科技,2025-09-18 11:11:51,22.46,12300,22.46,U
sz000021,深科技,2025-09-18 11:11:57,22.45,20300,22.45,D
sz000021,深科技,2025-09-18 11:12:00,22.45,49000,22.45,D
sz000021,深科技,2025-09-18 11:12:03,22.45,36400,22.45,D
sz000021,深科技,2025-09-18 11:12:06,22.45,21000,22.45,D
sz000021,深科技,2025-09-18 11:12:09,22.48,55000,22.45,U
sz000021,深科技,2025-09-18 11:12:12,22.45,42200,22.48,D
sz000021,深科技,2025-09-18 11:12:18,22.48,12000,22.47,U
sz000021,深科技,2025-09-18 11:12:24,22.49,39300,22.47,U
sz000021,深科技,2025-09-18 11:12:27,22.47,26300,22.49,D
sz000021,深科技,2025-09-18 11:12:36,22.49,66000,22.48,U
sz000021,深科技,2025-09-18 11:12:42,22.48,14000,22.49,D
sz000021,深科技,2025-09-18 11:12:45,22.51,69900,22.48,U
sz000021,深科技,2025-09-18 11:12:51,22.49,13600,22.5,E
sz000021,深科技,2025-09-18 11:12:54,22.5,15800,22.49,U
sz000021,深科技,2025-09-18 11:12:57,22.5,250100,22.5,D
sz000021,深科技,2025-09-18 11:13:00,22.51,23200,22.5,U
sz000021,深科技,2025-09-18 11:13:06,22.5,22100,22.5,U
sz000021,深科技,2025-09-18 11:13:09,22.52,20500,22.5,U
sz000021,深科技,2025-09-18 11:13:12,22.53,42100,22.52,U
sz000021,深科技,2025-09-18 11:13:15,22.54,17700,22.53,U
sz000021,深科技,2025-09-18 11:13:21,22.54,49000,22.54,U
sz000021,深科技,2025-09-18 11:13:27,22.54,18900,22.54,U
sz000021,深科技,2025-09-18 11:13:30,22.54,28900,22.54,U
sz000021,深科技,2025-09-18 11:13:33,22.55,18400,22.54,U
sz000021,深科技,2025-09-18 11:13:36,22.55,12900,22.55,U
sz000021,深科技,2025-09-18 11:13:42,22.53,16300,22.55,D
sz000021,深科技,2025-09-18 11:13:45,22.53,12500,22.53,D
sz000021,深科技,2025-09-18 11:13:48,22.54,10200,22.53,U
sz000021,深科技,2025-09-18 11:13:54,22.54,23900,22.53,U
sz000021,深科技,2025-09-18 11:13:57,22.53,15200,22.54,E
sz000021,深科技,2025-09-18 11:14:00,22.54,9600,22.53,U
sz000021,深科技,2025-09-18 11:14:03,22.53,9200,22.54,E
sz000021,深科技,2025-09-18 11:14:09,22.54,32400,22.53,U
sz000021,深科技,2025-09-18 11:14:15,22.53,30300,22.53,D
sz000021,深科技,2025-09-18 11:14:18,22.54,77500,22.53,U
sz000021,深科技,2025-09-18 11:14:21,22.56,1131000,22.54,U
sz000021,深科技,2025-09-18 11:14:24,22.59,150481,22.56,U
sz000021,深科技,2025-09-18 11:14:27,22.59,106700,22.59,U
sz000021,深科技,2025-09-18 11:14:30,22.59,89800,22.59,U
sz000021,深科技,2025-09-18 11:14:33,22.58,41800,22.59,D
sz000021,深科技,2025-09-18 11:14:36,22.6,618400,22.58,U
sz000021,深科技,2025-09-18 11:14:39,22.6,210000,22.6,U
sz000021,深科技,2025-09-18 11:14:42,22.6,308200,22.6,U
sz000021,深科技,2025-09-18 11:14:45,22.6,172500,22.6,U
sz000021,深科技,2025-09-18 11:14:48,22.6,56900,22.6,U
sz000021,深科技,2025-09-18 11:14:51,22.6,69200,22.6,U
sz000021,深科技,2025-09-18 11:14:54,22.6,106500,22.6,U
sz000021,深科技,2025-09-18 11:14:57,22.6,88100,22.6,U
sz000021,深科技,2025-09-18 11:15:00,22.6,70700,22.6,U
sz000021,深科技,2025-09-18 11:15:03,22.6,35500,22.6,U
sz000021,深科技,2025-09-18 11:15:06,22.6,85000,22.6,U
sz000021,深科技,2025-09-18 11:15:09,22.59,149700,22.6,D
sz000021,深科技,2025-09-18 11:15:12,22.6,243200,22.59,U
sz000021,深科技,2025-09-18 11:15:15,22.6,29900,22.6,D
sz000021,深科技,2025-09-18 11:15:18,22.6,22400,22.6,D
sz000021,深科技,2025-09-18 11:15:21,22.6,51600,22.6,D
sz000021,深科技,2025-09-18 11:15:24,22.61,45100,22.6,U
sz000021,深科技,2025-09-18 11:15:27,22.61,37900,22.61,U
sz000021,深科技,2025-09-18 11:15:30,22.6,27800,22.61,D
sz000021,深科技,2025-09-18 11:15:36,22.61,23400,22.6,U
sz000021,深科技,2025-09-18 11:15:39,22.61,11500,22.61,U
sz000021,深科技,2025-09-18 11:15:42,22.61,22800,22.61,U
sz000021,深科技,2025-09-18 11:15:45,22.61,17700,22.61,D
sz000021,深科技,2025-09-18 11:15:48,22.61,23700,22.61,D
sz000021,深科技,2025-09-18 11:15:51,22.61,22500,22.61,D
sz000021,深科技,2025-09-18 11:15:54,22.61,26800,22.61,D
sz000021,深科技,2025-09-18 11:15:57,22.61,77600,22.61,U
sz000021,深科技,2025-09-18 11:16:00,22.61,20700,22.61,D
sz000021,深科技,2025-09-18 11:16:03,22.61,68600,22.61,D
sz000021,深科技,2025-09-18 11:16:06,22.62,20800,22.61,U
sz000021,深科技,2025-09-18 11:16:09,22.61,9900,22.62,D
sz000021,深科技,2025-09-18 11:16:12,22.61,12200,22.61,U
sz000021,深科技,2025-09-18 11:16:15,22.61,16800,22.61,U
sz000021,深科技,2025-09-18 11:16:18,22.61,11500,22.61,D
sz000021,深科技,2025-09-18 11:16:21,22.6,32200,22.61,D
sz000021,深科技,2025-09-18 11:16:24,22.6,73400,22.6,D
sz000021,深科技,2025-09-18 11:16:33,22.59,59700,22.6,D
sz000021,深科技,2025-09-18 11:16:36,22.59,22800,22.59,U
sz000021,深科技,2025-09-18 11:16:39,22.57,33100,22.59,D
sz000021,深科技,2025-09-18 11:16:45,22.56,28700,22.57,D
sz000021,深科技,2025-09-18 11:16:48,22.58,13700,22.56,U
sz000021,深科技,2025-09-18 11:17:03,22.56,9300,22.56,U
sz000021,深科技,2025-09-18 11:17:09,22.57,25800,22.55,U
sz000021,深科技,2025-09-18 11:17:12,22.56,9900,22.57,D
sz000021,深科技,2025-09-18 11:17:15,22.57,10800,22.56,U
sz000021,深科技,2025-09-18 11:17:18,22.56,18600,22.57,U
sz000021,深科技,2025-09-18 11:17:21,22.56,14500,22.56,D
sz000021,深科技,2025-09-18 11:17:33,22.57,10400,22.57,U
sz000021,深科技,2025-09-18 11:17:36,22.57,21300,22.57,U
sz000021,深科技,2025-09-18 11:17:39,22.56,14400,22.57,D
sz000021,深科技,2025-09-18 11:17:42,22.57,10700,22.56,U
sz000021,深科技,2025-09-18 11:17:48,22.56,21900,22.56,D
sz000021,深科技,2025-09-18 11:17:54,22.56,18500,22.56,D
sz000021,深科技,2025-09-18 11:18:03,22.55,24400,22.56,D
sz000021,深科技,2025-09-18 11:18:06,22.54,22800,22.55,D
sz000021,深科技,2025-09-18 11:18:15,22.56,15900,22.54,U
sz000021,深科技,2025-09-18 11:18:21,22.56,18100,22.54,U
sz000021,深科技,2025-09-18 11:18:24,22.56,15500,22.56,U
sz000021,深科技,2025-09-18 11:18:27,22.56,21000,22.56,U
sz000021,深科技,2025-09-18 11:18:30,22.56,12300,22.56,D
sz000021,深科技,2025-09-18 11:18:51,22.55,9300,22.56,D
sz000021,深科技,2025-09-18 11:18:54,22.55,12900,22.55,D
sz000021,深科技,2025-09-18 11:18:57,22.56,12500,22.55,U
sz000021,深科技,2025-09-18 11:19:03,22.55,10300,22.55,E
sz000021,深科技,2025-09-18 11:19:21,22.56,10900,22.55,U
sz000021,深科技,2025-09-18 11:19:24,22.55,12300,22.56,D
sz000021,深科技,2025-09-18 11:19:27,22.53,57500,22.55,D
sz000021,深科技,2025-09-18 11:19:30,22.55,23600,22.53,U
sz000021,深科技,2025-09-18 11:19:36,22.55,10100,22.55,U
sz000021,深科技,2025-09-18 11:19:45,22.53,12100,22.54,D
sz000021,深科技,2025-09-18 11:19:57,22.54,35100,22.54,U
sz000021,深科技,2025-09-18 11:20:00,22.54,16500,22.54,U
sz000021,深科技,2025-09-18 11:20:03,22.54,25800,22.54,U
sz000021,深科技,2025-09-18 11:20:06,22.55,15100,22.54,U
sz000021,深科技,2025-09-18 11:20:15,22.55,109900,22.55,U
sz000021,深科技,2025-09-18 11:20:21,22.56,10800,22.56,D
sz000021,深科技,2025-09-18 11:20:39,22.58,14300,22.57,U
sz000021,深科技,2025-09-18 11:20:42,22.57,15300,22.58,D
sz000021,深科技,2025-09-18 11:20:48,22.57,25100,22.57,U
sz000021,深科技,2025-09-18 11:20:51,22.57,9800,22.57,U
sz000021,深科技,2025-09-18 11:21:03,22.57,40500,22.57,U
sz000021,深科技,2025-09-18 11:21:06,22.57,25000,22.57,U
sz000021,深科技,2025-09-18 11:21:09,22.57,21000,22.57,D
sz000021,深科技,2025-09-18 11:21:12,22.58,50400,22.57,U
sz000021,深科技,2025-09-18 11:21:15,22.59,13900,22.58,U
sz000021,深科技,2025-09-18 11:21:30,22.69,1921937,22.58,U
sz000021,深科技,2025-09-18 11:21:33,22.69,254800,22.69,U
sz000021,深科技,2025-09-18 11:21:36,22.74,101900,22.69,U
sz000021,深科技,2025-09-18 11:21:39,22.78,289800,22.74,U
sz000021,深科技,2025-09-18 11:21:42,22.8,115100,22.78,U
sz000021,深科技,2025-09-18 11:21:45,22.8,111400,22.8,U
sz000021,深科技,2025-09-18 11:21:48,22.8,268100,22.8,U
sz000021,深科技,2025-09-18 11:21:51,22.85,189300,22.8,U
sz000021,深科技,2025-09-18 11:21:54,22.83,68656,22.85,D
sz000021,深科技,2025-09-18 11:21:57,22.85,69500,22.83,U
sz000021,深科技,2025-09-18 11:22:00,22.86,121700,22.85,U
sz000021,深科技,2025-09-18 11:22:03,22.86,125700,22.86,D
sz000021,深科技,2025-09-18 11:22:06,22.86,229900,22.86,U
sz000021,深科技,2025-09-18 11:22:09,22.86,52300,22.86,D
sz000021,深科技,2025-09-18 11:22:12,22.86,112200,22.86,D
sz000021,深科技,2025-09-18 11:22:15,22.86,93800,22.86,U
sz000021,深科技,2025-09-18 11:22:18,22.85,53700,22.86,U
sz000021,深科技,2025-09-18 11:22:21,22.83,67300,22.85,D
sz000021,深科技,2025-09-18 11:22:24,22.84,35700,22.83,U
sz000021,深科技,2025-09-18 11:22:27,22.83,58800,22.84,D
sz000021,深科技,2025-09-18 11:22:30,22.83,27800,22.83,U
sz000021,深科技,2025-09-18 11:22:36,22.83,25200,22.83,D
sz000021,深科技,2025-09-18 11:22:39,22.83,109400,22.83,D
sz000021,深科技,2025-09-18 11:22:42,22.83,50800,22.83,D
sz000021,深科技,2025-09-18 11:22:45,22.84,32900,22.83,U
sz000021,深科技,2025-09-18 11:22:48,22.85,59000,22.84,U
sz000021,深科技,2025-09-18 11:22:51,22.86,33800,22.85,U
sz000021,深科技,2025-09-18 11:22:54,22.85,15200,22.86,U
sz000021,深科技,2025-09-18 11:22:57,22.85,43200,22.85,U
sz000021,深科技,2025-09-18 11:23:00,22.85,20500,22.85,U
sz000021,深科技,2025-09-18 11:23:03,22.85,53900,22.85,D
sz000021,深科技,2025-09-18 11:23:06,22.85,24000,22.85,U
sz000021,深科技,2025-09-18 11:23:09,22.85,180200,22.85,U
sz000021,深科技,2025-09-18 11:23:12,22.86,48800,22.85,E
sz000021,深科技,2025-09-18 11:23:15,22.86,38700,22.86,D
sz000021,深科技,2025-09-18 11:23:18,22.87,20700,22.86,U
sz000021,深科技,2025-09-18 11:23:21,22.87,24000,22.87,U
sz000021,深科技,2025-09-18 11:23:24,22.86,59900,22.87,D
sz000021,深科技,2025-09-18 11:23:27,22.87,15900,22.86,E
sz000021,深科技,2025-09-18 11:23:30,22.87,67900,22.87,U
sz000021,深科技,2025-09-18 11:23:33,22.85,109100,22.87,D
sz000021,深科技,2025-09-18 11:23:36,22.85,47400,22.85,U
sz000021,深科技,2025-09-18 11:23:39,22.87,15400,22.85,U
sz000021,深科技,2025-09-18 11:23:42,22.87,20100,22.87,U
sz000021,深科技,2025-09-18 11:23:45,22.87,76800,22.87,U
sz000021,深科技,2025-09-18 11:23:48,22.86,12200,22.87,D
sz000021,深科技,2025-09-18 11:23:51,22.87,41800,22.86,U
sz000021,深科技,2025-09-18 11:23:54,22.87,60070,22.87,U
sz000021,深科技,2025-09-18 11:23:57,22.88,52900,22.87,U
sz000021,深科技,2025-09-18 11:24:00,22.88,60900,22.88,U
sz000021,深科技,2025-09-18 11:24:03,22.87,80600,22.88,D
sz000021,深科技,2025-09-18 11:24:06,22.88,30540,22.87,U
sz000021,深科技,2025-09-18 11:24:09,22.84,113060,22.88,D
sz000021,深科技,2025-09-18 11:24:12,22.84,11500,22.84,U
sz000021,深科技,2025-09-18 11:24:15,22.84,62700,22.84,U
sz000021,深科技,2025-09-18 11:24:21,22.84,20400,22.82,U
sz000021,深科技,2025-09-18 11:24:27,22.84,30700,22.82,U
sz000021,深科技,2025-09-18 11:24:30,22.83,51900,22.84,U
sz000021,深科技,2025-09-18 11:24:33,22.82,96100,22.83,D
sz000021,深科技,2025-09-18 11:24:36,22.8,67344,22.82,D
sz000021,深科技,2025-09-18 11:24:39,22.81,32800,22.8,U
sz000021,深科技,2025-09-18 11:24:42,22.8,30200,22.81,D
sz000021,深科技,2025-09-18 11:24:45,22.8,16700,22.8,D
sz000021,深科技,2025-09-18 11:24:48,22.8,40000,22.8,U
sz000021,深科技,2025-09-18 11:24:54,22.79,10400,22.8,D
sz000021,深科技,2025-09-18 11:24:57,22.79,17200,22.79,U
sz000021,深科技,2025-09-18 11:25:06,22.78,35900,22.79,D
sz000021,深科技,2025-09-18 11:25:09,22.78,13900,22.78,D
sz000021,深科技,2025-09-18 11:25:12,22.8,48500,22.78,U
sz000021,深科技,2025-09-18 11:25:15,22.81,18300,22.8,U
sz000021,深科技,2025-09-18 11:25:18,22.81,30100,22.81,U
sz000021,深科技,2025-09-18 11:25:21,22.8,54900,22.81,D
sz000021,深科技,2025-09-18 11:25:24,22.8,14700,22.8,U
sz000021,深科技,2025-09-18 11:25:30,22.81,15700,22.81,U
sz000021,深科技,2025-09-18 11:25:33,22.81,35300,22.81,U
sz000021,深科技,2025-09-18 11:25:36,22.81,47200,22.81,D
sz000021,深科技,2025-09-18 11:25:42,22.81,38600,22.82,D
sz000021,深科技,2025-09-18 11:25:45,22.8,92400,22.81,D
sz000021,深科技,2025-09-18 11:25:48,22.78,35000,22.8,D
sz000021,深科技,2025-09-18 11:25:51,22.8,18000,22.78,U
sz000021,深科技,2025-09-18 11:25:54,22.79,13200,22.8,E
sz000021,深科技,2025-09-18 11:26:00,22.8,32800,22.79,U
sz000021,深科技,2025-09-18 11:26:03,22.8,9000,22.8,D
sz000021,深科技,2025-09-18 11:26:06,22.79,118700,22.8,D
sz000021,深科技,2025-09-18 11:26:09,22.78,19200,22.79,D
sz000021,深科技,2025-09-18 11:26:12,22.79,45100,22.78,U
sz000021,深科技,2025-09-18 11:26:15,22.77,18700,22.79,D
sz000021,深科技,2025-09-18 11:26:18,22.79,18500,22.77,U
sz000021,深科技,2025-09-18 11:26:24,22.79,13500,22.78,U
sz000021,深科技,2025-09-18 11:26:27,22.78,18200,22.79,D
sz000021,深科技,2025-09-18 11:26:30,22.79,13600,22.78,U
sz000021,深科技,2025-09-18 11:26:33,22.79,17100,22.79,D
sz000021,深科技,2025-09-18 11:26:39,22.78,21700,22.79,D
sz000021,深科技,2025-09-18 11:26:45,22.78,18300,22.78,D
sz000021,深科技,2025-09-18 11:26:48,22.79,64200,22.78,U
sz000021,深科技,2025-09-18 11:26:54,22.78,11000,22.78,U
sz000021,深科技,2025-09-18 11:27:00,22.76,39200,22.77,D
sz000021,深科技,2025-09-18 11:27:03,22.77,101200,22.76,U
sz000021,深科技,2025-09-18 11:27:06,22.76,28900,22.77,E
sz000021,深科技,2025-09-18 11:27:18,22.76,10900,22.78,D
sz000021,深科技,2025-09-18 11:27:24,22.76,20300,22.77,D
sz000021,深科技,2025-09-18 11:27:27,22.76,11600,22.76,U
sz000021,深科技,2025-09-18 11:27:33,22.74,17100,22.76,D
sz000021,深科技,2025-09-18 11:27:54,22.74,21500,22.73,U
sz000021,深科技,2025-09-18 11:27:57,22.74,20000,22.74,U
sz000021,深科技,2025-09-18 11:28:00,22.74,28200,22.74,D
sz000021,深科技,2025-09-18 11:28:03,22.74,40400,22.74,D
sz000021,深科技,2025-09-18 11:28:06,22.75,12700,22.74,U
sz000021,深科技,2025-09-18 11:28:09,22.73,18100,22.75,D
sz000021,深科技,2025-09-18 11:28:15,22.74,11900,22.74,U
sz000021,深科技,2025-09-18 11:28:18,22.76,17800,22.74,U
sz000021,深科技,2025-09-18 11:28:21,22.76,9300,22.76,U
sz000021,深科技,2025-09-18 11:28:24,22.75,19600,22.76,D
sz000021,深科技,2025-09-18 11:28:30,22.74,33800,22.76,D
sz000021,深科技,2025-09-18 11:28:33,22.74,24900,22.74,U
sz000021,深科技,2025-09-18 11:28:39,22.74,16100,22.75,D
sz000021,深科技,2025-09-18 11:28:45,22.74,41200,22.75,D
sz000021,深科技,2025-09-18 11:28:51,22.75,16200,22.74,U
sz000021,深科技,2025-09-18 11:28:57,22.75,24800,22.75,D
sz000021,深科技,2025-09-18 11:29:03,22.74,9100,22.75,D
sz000021,深科技,2025-09-18 11:29:06,22.75,13100,22.74,U
sz000021,深科技,2025-09-18 11:29:09,22.76,125500,22.75,U
sz000021,深科技,2025-09-18 11:29:15,22.76,65700,22.76,D
sz000021,深科技,2025-09-18 11:29:27,22.77,15100,22.77,D
sz000021,深科技,2025-09-18 11:29:33,22.77,21800,22.78,D
sz000021,深科技,2025-09-18 11:29:36,22.77,24600,22.77,U
sz000021,深科技,2025-09-18 11:29:39,22.79,34700,22.77,U
sz000021,深科技,2025-09-18 11:29:45,22.78,21400,22.78,D
sz000021,深科技,2025-09-18 11:29:48,22.78,41800,22.78,U
sz000021,深科技,2025-09-18 11:29:54,22.76,11900,22.76,D
sz000021,深科技,2025-09-18 11:29:57,22.76,34400,22.76,D
sz000021,深科技,2025-09-18 11:30:00,22.76,11300,22.76,U
sz000021,深科技,2025-09-18 13:00:00,22.73,199300,22.76,D
sz000021,深科技,2025-09-18 13:00:03,22.76,417800,22.73,U
sz000021,深科技,2025-09-18 13:00:06,22.76,234400,22.76,D
sz000021,深科技,2025-09-18 13:00:09,22.76,34200,22.76,D
sz000021,深科技,2025-09-18 13:00:12,22.75,58800,22.76,D
sz000021,深科技,2025-09-18 13:00:15,22.69,116000,22.75,D
sz000021,深科技,2025-09-18 13:00:18,22.69,41900,22.69,U
sz000021,深科技,2025-09-18 13:00:21,22.68,12400,22.69,D
sz000021,深科技,2025-09-18 13:00:24,22.71,14300,22.68,U
sz000021,深科技,2025-09-18 13:00:27,22.71,17900,22.71,U
sz000021,深科技,2025-09-18 13:00:30,22.71,11500,22.71,U
sz000021,深科技,2025-09-18 13:00:36,22.71,9100,22.73,D
sz000021,深科技,2025-09-18 13:00:39,22.72,13700,22.71,E
sz000021,深科技,2025-09-18 13:00:48,22.72,14500,22.73,D
sz000021,深科技,2025-09-18 13:00:54,22.7,98800,22.73,D
sz000021,深科技,2025-09-18 13:00:57,22.69,19400,22.7,D
sz000021,深科技,2025-09-18 13:01:00,22.7,10700,22.69,U
sz000021,深科技,2025-09-18 13:01:03,22.67,28300,22.7,D
sz000021,深科技,2025-09-18 13:01:06,22.66,46200,22.67,D
sz000021,深科技,2025-09-18 13:01:18,22.69,24800,22.7,E
sz000021,深科技,2025-09-18 13:01:21,22.7,25300,22.69,E
sz000021,深科技,2025-09-18 13:01:24,22.7,13400,22.7,D
sz000021,深科技,2025-09-18 13:01:27,22.7,31300,22.7,D
sz000021,深科技,2025-09-18 13:01:30,22.69,20400,22.7,E
sz000021,深科技,2025-09-18 13:01:42,22.69,11800,22.69,D
sz000021,深科技,2025-09-18 13:01:45,22.69,48000,22.69,D
sz000021,深科技,2025-09-18 13:01:48,22.68,50600,22.69,D
sz000021,深科技,2025-09-18 13:01:51,22.69,14100,22.68,U
sz000021,深科技,2025-09-18 13:01:54,22.69,14500,22.69,U
sz000021,深科技,2025-09-18 13:02:00,22.68,30700,22.69,E
sz000021,深科技,2025-09-18 13:02:03,22.68,58100,22.68,D
sz000021,深科技,2025-09-18 13:02:06,22.68,47800,22.68,D
sz000021,深科技,2025-09-18 13:02:18,22.67,17100,22.67,D
sz000021,深科技,2025-09-18 13:02:24,22.66,45900,22.67,D
sz000021,深科技,2025-09-18 13:02:33,22.67,9900,22.68,D
sz000021,深科技,2025-09-18 13:02:39,22.67,9200,22.68,D
sz000021,深科技,2025-09-18 13:02:51,22.68,9100,22.67,U
sz000021,深科技,2025-09-18 13:02:54,22.68,18300,22.68,U
sz000021,深科技,2025-09-18 13:02:57,22.69,25200,22.68,U
sz000021,深科技,2025-09-18 13:03:03,22.64,189200,22.68,D
sz000021,深科技,2025-09-18 13:03:06,22.63,14300,22.64,D
sz000021,深科技,2025-09-18 13:03:12,22.63,19400,22.63,U
sz000021,深科技,2025-09-18 13:03:18,22.66,17100,22.66,D
sz000021,深科技,2025-09-18 13:03:36,22.67,13700,22.66,U
sz000021,深科技,2025-09-18 13:03:39,22.66,29800,22.67,D
sz000021,深科技,2025-09-18 13:03:45,22.66,17400,22.67,D
sz000021,深科技,2025-09-18 13:03:48,22.65,13400,22.66,D
sz000021,深科技,2025-09-18 13:04:03,22.66,33800,22.66,D
sz000021,深科技,2025-09-18 13:04:06,22.67,15700,22.66,D
sz000021,深科技,2025-09-18 13:04:33,22.66,10300,22.66,D
sz000021,深科技,2025-09-18 13:04:48,22.68,30100,22.67,U
sz000021,深科技,2025-09-18 13:04:51,22.68,13200,22.68,D
sz000021,深科技,2025-09-18 13:04:54,22.69,9400,22.68,U
sz000021,深科技,2025-09-18 13:05:03,22.69,26900,22.7,D
sz000021,深科技,2025-09-18 13:05:12,22.68,93600,22.7,D
sz000021,深科技,2025-09-18 13:05:15,22.66,27300,22.68,E
sz000021,深科技,2025-09-18 13:05:18,22.63,71500,22.66,D
sz000021,深科技,2025-09-18 13:05:24,22.7,56800,22.65,U
sz000021,深科技,2025-09-18 13:05:36,22.64,31200,22.65,D
sz000021,深科技,2025-09-18 13:05:39,22.64,11600,22.64,U
sz000021,深科技,2025-09-18 13:05:42,22.63,9200,22.64,D
sz000021,深科技,2025-09-18 13:05:45,22.63,18400,22.63,D
sz000021,深科技,2025-09-18 13:05:51,22.62,19000,22.63,D
sz000021,深科技,2025-09-18 13:05:54,22.63,40000,22.62,U
sz000021,深科技,2025-09-18 13:05:57,22.62,12600,22.63,U
sz000021,深科技,2025-09-18 13:06:12,22.64,11500,22.62,U
sz000021,深科技,2025-09-18 13:06:18,22.69,29700,22.65,U
sz000021,深科技,2025-09-18 13:06:21,22.7,30600,22.69,U
sz000021,深科技,2025-09-18 13:06:33,22.72,13500,22.71,U
sz000021,深科技,2025-09-18 13:06:36,22.73,24100,22.72,U
sz000021,深科技,2025-09-18 13:06:39,22.73,16600,22.73,U
sz000021,深科技,2025-09-18 13:06:48,22.73,45700,22.73,D
sz000021,深科技,2025-09-18 13:06:51,22.71,11600,22.73,D
sz000021,深科技,2025-09-18 13:06:57,22.73,31600,22.74,D
sz000021,深科技,2025-09-18 13:07:00,22.72,37400,22.73,U
sz000021,深科技,2025-09-18 13:07:03,22.72,22500,22.72,D
sz000021,深科技,2025-09-18 13:07:06,22.74,21300,22.72,U
sz000021,深科技,2025-09-18 13:07:12,22.75,12400,22.74,U
sz000021,深科技,2025-09-18 13:07:15,22.75,11400,22.75,U
sz000021,深科技,2025-09-18 13:07:18,22.75,64100,22.75,U
sz000021,深科技,2025-09-18 13:07:21,22.75,44500,22.75,U
sz000021,深科技,2025-09-18 13:07:24,22.74,42700,22.75,D
sz000021,深科技,2025-09-18 13:07:27,22.73,19400,22.74,D
sz000021,深科技,2025-09-18 13:07:30,22.74,26600,22.73,U
sz000021,深科技,2025-09-18 13:07:33,22.75,22500,22.74,U
sz000021,深科技,2025-09-18 13:07:36,22.72,40100,22.75,D
sz000021,深科技,2025-09-18 13:07:39,22.72,20000,22.72,D
sz000021,深科技,2025-09-18 13:07:48,22.73,27000,22.71,U
sz000021,深科技,2025-09-18 13:07:57,22.71,15800,22.71,D
sz000021,深科技,2025-09-18 13:08:00,22.71,17100,22.71,U
sz000021,深科技,2025-09-18 13:08:03,22.71,16800,22.71,D
sz000021,深科技,2025-09-18 13:08:06,22.69,44700,22.71,D
sz000021,深科技,2025-09-18 13:08:09,22.71,36300,22.69,U
sz000021,深科技,2025-09-18 13:08:18,22.68,28700,22.71,D
sz000021,深科技,2025-09-18 13:08:21,22.69,23900,22.68,U
sz000021,深科技,2025-09-18 13:08:27,22.68,21600,22.69,D
sz000021,深科技,2025-09-18 13:08:30,22.7,17600,22.68,D
sz000021,深科技,2025-09-18 13:08:36,22.7,37700,22.7,D
sz000021,深科技,2025-09-18 13:08:39,22.7,18900,22.7,D
sz000021,深科技,2025-09-18 13:08:45,22.73,9800,22.72,U
sz000021,深科技,2025-09-18 13:08:51,22.72,23500,22.72,U
sz000021,深科技,2025-09-18 13:09:03,22.72,18800,22.72,U
sz000021,深科技,2025-09-18 13:09:06,22.71,18000,22.72,E
sz000021,深科技,2025-09-18 13:09:09,22.71,21900,22.71,U
sz000021,深科技,2025-09-18 13:09:18,22.68,29200,22.7,D
sz000021,深科技,2025-09-18 13:09:21,22.69,29800,22.68,D
sz000021,深科技,2025-09-18 13:09:39,22.71,48900,22.71,D
sz000021,深科技,2025-09-18 13:09:48,22.7,26100,22.71,D
sz000021,深科技,2025-09-18 13:09:51,22.7,26600,22.7,D
sz000021,深科技,2025-09-18 13:09:54,22.68,56600,22.7,D
sz000021,深科技,2025-09-18 13:10:06,22.7,29900,22.68,U
sz000021,深科技,2025-09-18 13:10:15,22.66,19400,22.68,D
sz000021,深科技,2025-09-18 13:10:18,22.69,39000,22.66,U
sz000021,深科技,2025-09-18 13:10:21,22.65,34200,22.69,D
sz000021,深科技,2025-09-18 13:10:24,22.66,12600,22.65,U
sz000021,深科技,2025-09-18 13:10:27,22.65,20600,22.66,D
sz000021,深科技,2025-09-18 13:10:33,22.7,33500,22.66,U
sz000021,深科技,2025-09-18 13:10:42,22.65,18200,22.66,D
sz000021,深科技,2025-09-18 13:10:48,22.66,9500,22.66,D
sz000021,深科技,2025-09-18 13:10:51,22.68,14600,22.66,U
sz000021,深科技,2025-09-18 13:10:57,22.68,12000,22.66,U
sz000021,深科技,2025-09-18 13:11:06,22.67,14400,22.65,U
sz000021,深科技,2025-09-18 13:11:15,22.65,9000,22.64,E
