symbol,name,ticktime,price,volume,prev_price,kind
sz000021,深科技,2025-09-23 09:25:00,23.28,694900,0.0,U
sz000021,深科技,2025-09-23 09:30:00,23.26,512500,23.28,D
sz000021,深科技,2025-09-23 09:30:03,23.18,512300,23.26,D
sz000021,深科技,2025-09-23 09:30:06,23.08,137900,23.18,D
sz000021,深科技,2025-09-23 09:30:09,23.03,68200,23.08,D
sz000021,深科技,2025-09-23 09:30:12,23.01,171700,23.03,D
sz000021,深科技,2025-09-23 09:30:15,22.99,186300,23.01,D
sz000021,深科技,2025-09-23 09:30:18,22.97,35500,22.99,D
sz000021,深科技,2025-09-23 09:30:21,22.91,95300,22.97,D
sz000021,深科技,2025-09-23 09:30:24,22.9,180700,22.91,D
sz000021,深科技,2025-09-23 09:30:27,22.9,105800,22.9,D
sz000021,深科技,2025-09-23 09:30:30,22.89,151300,22.9,D
sz000021,深科技,2025-09-23 09:30:33,22.89,151800,22.89,U
sz000021,深科技,2025-09-23 09:30:36,22.87,85600,22.89,E
sz000021,深科技,2025-09-23 09:30:39,22.87,159000,22.87,D
sz000021,深科技,2025-09-23 09:30:42,22.82,73000,22.87,D
sz000021,深科技,2025-09-23 09:30:45,22.8,243200,22.82,D
sz000021,深科技,2025-09-23 09:30:48,22.81,263300,22.8,U
sz000021,深科技,2025-09-23 09:30:51,22.8,328900,22.81,D
sz000021,深科技,2025-09-23 09:30:54,22.79,251500,22.8,D
sz000021,深科技,2025-09-23 09:30:57,22.79,235100,22.79,U
sz000021,深科技,2025-09-23 09:31:00,22.79,127400,22.79,U
sz000021,深科技,2025-09-23 09:31:03,22.78,93500,22.79,D
sz000021,深科技,2025-09-23 09:31:06,22.79,98400,22.78,U
sz000021,深科技,2025-09-23 09:31:09,22.81,89300,22.79,U
sz000021,深科技,2025-09-23 09:31:12,22.83,204000,22.81,U
sz000021,深科技,2025-09-23 09:31:15,22.83,51100,22.83,D
sz000021,深科技,2025-09-23 09:31:18,22.86,110800,22.83,U
sz000021,深科技,2025-09-23 09:31:21,22.87,42500,22.86,E
sz000021,深科技,2025-09-23 09:31:24,22.89,49100,22.87,U
sz000021,深科技,2025-09-23 09:31:27,22.91,62700,22.89,U
sz000021,深科技,2025-09-23 09:31:30,22.93,47000,22.91,U
sz000021,深科技,2025-09-23 09:31:33,22.88,177800,22.93,D
sz000021,深科技,2025-09-23 09:31:36,22.87,182100,22.88,D
sz000021,深科技,2025-09-23 09:31:39,22.88,81600,22.87,U
sz000021,深科技,2025-09-23 09:31:42,22.9,49000,22.88,U
sz000021,深科技,2025-09-23 09:31:45,22.9,78600,22.9,D
sz000021,深科技,2025-09-23 09:31:48,22.91,258700,22.9,U
sz000021,深科技,2025-09-23 09:31:51,22.97,93100,22.91,U
sz000021,深科技,2025-09-23 09:31:54,22.99,185700,22.97,U
sz000021,深科技,2025-09-23 09:31:57,23.0,52800,22.99,U
sz000021,深科技,2025-09-23 09:32:00,23.01,34800,23.0,U
sz000021,深科技,2025-09-23 09:32:03,23.0,91500,23.01,D
sz000021,深科技,2025-09-23 09:32:06,23.02,49600,23.0,U
sz000021,深科技,2025-09-23 09:32:12,23.0,258300,23.01,D
sz000021,深科技,2025-09-23 09:32:15,22.99,101900,23.0,U
sz000021,深科技,2025-09-23 09:32:18,22.98,51200,22.99,U
sz000021,深科技,2025-09-23 09:32:21,22.97,150719,22.98,U
sz000021,深科技,2025-09-23 09:32:24,22.92,39200,22.97,D
sz000021,深科技,2025-09-23 09:32:27,22.92,34100,22.92,D
sz000021,深科技,2025-09-23 09:32:30,22.9,32800,22.92,D
sz000021,深科技,2025-09-23 09:32:33,22.87,212481,22.9,D
sz000021,深科技,2025-09-23 09:32:36,22.87,22700,22.87,D
sz000021,深科技,2025-09-23 09:32:39,22.88,92719,22.87,E
sz000021,深科技,2025-09-23 09:32:42,22.89,62200,22.88,E
sz000021,深科技,2025-09-23 09:32:45,22.89,197900,22.89,D
sz000021,深科技,2025-09-23 09:32:48,22.95,49489,22.89,U
sz000021,深科技,2025-09-23 09:32:51,22.95,35100,22.95,D
sz000021,深科技,2025-09-23 09:32:54,22.95,40200,22.95,D
sz000021,深科技,2025-09-23 09:32:57,22.97,35600,22.95,U
sz000021,深科技,2025-09-23 09:33:00,22.94,36200,22.97,D
sz000021,深科技,2025-09-23 09:33:03,22.95,61100,22.94,U
sz000021,深科技,2025-09-23 09:33:06,22.91,99011,22.95,D
sz000021,深科技,2025-09-23 09:33:09,22.91,48600,22.91,D
sz000021,深科技,2025-09-23 09:33:12,22.91,60800,22.91,U
sz000021,深科技,2025-09-23 09:33:15,22.9,155000,22.91,D
sz000021,深科技,2025-09-23 09:33:18,22.9,47600,22.9,U
sz000021,深科技,2025-09-23 09:33:21,22.9,53900,22.9,D
sz000021,深科技,2025-09-23 09:33:24,22.91,64000,22.9,U
sz000021,深科技,2025-09-23 09:33:27,22.9,36200,22.91,U
sz000021,深科技,2025-09-23 09:33:30,22.91,197600,22.9,U
sz000021,深科技,2025-09-23 09:33:33,22.88,91700,22.91,D
sz000021,深科技,2025-09-23 09:33:36,22.95,178500,22.88,U
sz000021,深科技,2025-09-23 09:33:39,22.92,39100,22.95,D
sz000021,深科技,2025-09-23 09:33:42,22.98,17700,22.92,U
sz000021,深科技,2025-09-23 09:33:45,22.96,57300,22.98,U
sz000021,深科技,2025-09-23 09:33:48,23.04,673100,22.96,U
sz000021,深科技,2025-09-23 09:33:51,23.05,70900,23.04,U
sz000021,深科技,2025-09-23 09:33:54,23.05,56100,23.05,U
sz000021,深科技,2025-09-23 09:33:57,23.05,44400,23.05,D
sz000021,深科技,2025-09-23 09:34:00,23.02,75800,23.05,D
sz000021,深科技,2025-09-23 09:34:03,23.04,43600,23.02,U
sz000021,深科技,2025-09-23 09:34:06,23.05,106400,23.04,U
sz000021,深科技,2025-09-23 09:34:09,23.05,44400,23.05,U
sz000021,深科技,2025-09-23 09:34:12,23.05,48000,23.05,U
sz000021,深科技,2025-09-23 09:34:15,23.05,12000,23.05,U
sz000021,深科技,2025-09-23 09:34:18,23.04,53000,23.05,D
sz000021,深科技,2025-09-23 09:34:21,23.05,43700,23.04,E
sz000021,深科技,2025-09-23 09:34:24,23.0,168700,23.05,D
sz000021,深科技,2025-09-23 09:34:27,23.0,85000,23.0,U
sz000021,深科技,2025-09-23 09:34:30,22.99,35800,23.0,D
sz000021,深科技,2025-09-23 09:34:33,22.96,62700,22.99,D
sz000021,深科技,2025-09-23 09:34:36,22.98,65739,22.96,E
sz000021,深科技,2025-09-23 09:34:39,22.98,21400,22.98,U
sz000021,深科技,2025-09-23 09:34:42,22.97,57100,22.98,D
sz000021,深科技,2025-09-23 09:34:45,22.98,61400,22.97,E
sz000021,深科技,2025-09-23 09:34:48,23.0,17800,22.98,U
sz000021,深科技,2025-09-23 09:34:51,22.98,25800,23.0,D
sz000021,深科技,2025-09-23 09:34:54,22.97,36800,22.98,D
sz000021,深科技,2025-09-23 09:34:57,22.97,161200,22.97,D
sz000021,深科技,2025-09-23 09:35:00,22.98,28200,22.97,D
sz000021,深科技,2025-09-23 09:35:03,22.97,42200,22.98,D
sz000021,深科技,2025-09-23 09:35:06,22.98,23200,22.97,U
sz000021,深科技,2025-09-23 09:35:09,22.97,20800,22.98,E
sz000021,深科技,2025-09-23 09:35:12,22.99,68500,22.97,U
sz000021,深科技,2025-09-23 09:35:15,22.98,36400,22.99,D
sz000021,深科技,2025-09-23 09:35:18,22.99,33200,22.98,U
sz000021,深科技,2025-09-23 09:35:21,22.99,33500,22.99,D
sz000021,深科技,2025-09-23 09:35:24,23.0,123000,22.99,U
sz000021,深科技,2025-09-23 09:35:27,22.99,40800,23.0,D
sz000021,深科技,2025-09-23 09:35:30,23.02,32100,22.99,U
sz000021,深科技,2025-09-23 09:35:33,23.0,31100,23.02,D
sz000021,深科技,2025-09-23 09:35:36,23.01,18700,23.0,U
sz000021,深科技,2025-09-23 09:35:39,23.02,73200,23.01,U
sz000021,深科技,2025-09-23 09:35:42,23.02,49300,23.02,U
sz000021,深科技,2025-09-23 09:35:45,23.0,71600,23.02,E
sz000021,深科技,2025-09-23 09:35:48,23.0,25900,23.0,U
sz000021,深科技,2025-09-23 09:35:51,23.02,13500,23.0,U
sz000021,深科技,2025-09-23 09:35:54,23.04,78100,23.02,U
sz000021,深科技,2025-09-23 09:35:57,23.04,67100,23.04,U
sz000021,深科技,2025-09-23 09:36:00,23.03,44600,23.04,E
sz000021,深科技,2025-09-23 09:36:03,23.03,173900,23.03,D
sz000021,深科技,2025-09-23 09:36:06,23.0,36800,23.03,D
sz000021,深科技,2025-09-23 09:36:09,22.99,238200,23.0,D
sz000021,深科技,2025-09-23 09:36:12,22.99,9600,22.99,E
sz000021,深科技,2025-09-23 09:36:15,22.97,172900,22.99,D
sz000021,深科技,2025-09-23 09:36:18,22.97,44900,22.97,U
sz000021,深科技,2025-09-23 09:36:21,22.95,46500,22.97,D
sz000021,深科技,2025-09-23 09:36:24,22.92,38761,22.95,D
sz000021,深科技,2025-09-23 09:36:27,22.93,24900,22.92,E
sz000021,深科技,2025-09-23 09:36:30,22.92,39400,22.93,D
sz000021,深科技,2025-09-23 09:36:33,22.91,66800,22.92,D
sz000021,深科技,2025-09-23 09:36:36,22.9,66200,22.91,D
sz000021,深科技,2025-09-23 09:36:39,22.91,128200,22.9,U
sz000021,深科技,2025-09-23 09:36:42,22.91,43900,22.91,D
sz000021,深科技,2025-09-23 09:36:45,22.9,97300,22.91,D
sz000021,深科技,2025-09-23 09:36:48,22.91,78500,22.9,U
sz000021,深科技,2025-09-23 09:36:51,22.92,62500,22.91,U
sz000021,深科技,2025-09-23 09:36:54,22.92,101739,22.92,U
sz000021,深科技,2025-09-23 09:36:57,22.92,36100,22.92,D
sz000021,深科技,2025-09-23 09:37:00,22.93,35400,22.92,E
sz000021,深科技,2025-09-23 09:37:03,22.91,50600,22.93,D
sz000021,深科技,2025-09-23 09:37:06,22.91,45600,22.91,U
sz000021,深科技,2025-09-23 09:37:09,22.92,66700,22.91,U
sz000021,深科技,2025-09-23 09:37:12,22.92,30600,22.92,D
sz000021,深科技,2025-09-23 09:37:15,22.92,79700,22.92,D
sz000021,深科技,2025-09-23 09:37:18,22.92,25000,22.92,D
sz000021,深科技,2025-09-23 09:37:21,22.9,190700,22.92,D
sz000021,深科技,2025-09-23 09:37:24,22.88,79600,22.9,D
sz000021,深科技,2025-09-23 09:37:27,22.9,28400,22.88,U
sz000021,深科技,2025-09-23 09:37:30,22.9,31000,22.9,D
sz000021,深科技,2025-09-23 09:37:33,22.88,39000,22.9,D
sz000021,深科技,2025-09-23 09:37:36,22.9,174000,22.88,U
sz000021,深科技,2025-09-23 09:37:39,22.9,43000,22.9,D
sz000021,深科技,2025-09-23 09:37:42,22.9,60400,22.9,U
sz000021,深科技,2025-09-23 09:37:45,22.92,30500,22.9,U
sz000021,深科技,2025-09-23 09:37:48,22.93,97600,22.92,U
sz000021,深科技,2025-09-23 09:37:51,22.93,13900,22.93,E
sz000021,深科技,2025-09-23 09:37:54,22.94,33800,22.93,U
sz000021,深科技,2025-09-23 09:37:57,22.94,10200,22.94,D
sz000021,深科技,2025-09-23 09:38:00,22.96,131200,22.94,U
sz000021,深科技,2025-09-23 09:38:03,22.95,14200,22.96,D
sz000021,深科技,2025-09-23 09:38:06,22.96,46300,22.95,D
sz000021,深科技,2025-09-23 09:38:12,22.94,27500,22.96,D
sz000021,深科技,2025-09-23 09:38:15,22.94,23200,22.94,D
sz000021,深科技,2025-09-23 09:38:18,22.94,97300,22.94,D
sz000021,深科技,2025-09-23 09:38:21,22.94,75200,22.94,U
sz000021,深科技,2025-09-23 09:38:24,22.93,39411,22.94,D
sz000021,深科技,2025-09-23 09:38:27,22.93,48400,22.93,D
sz000021,深科技,2025-09-23 09:38:30,22.92,24900,22.93,D
sz000021,深科技,2025-09-23 09:38:33,22.92,24900,22.92,D
sz000021,深科技,2025-09-23 09:38:36,22.91,17200,22.92,D
sz000021,深科技,2025-09-23 09:38:39,22.91,21800,22.91,D
sz000021,深科技,2025-09-23 09:38:42,22.91,24400,22.91,D
sz000021,深科技,2025-09-23 09:38:45,22.91,47900,22.91,D
sz000021,深科技,2025-09-23 09:38:48,22.9,140200,22.91,D
sz000021,深科技,2025-09-23 09:38:51,22.91,79500,22.9,U
sz000021,深科技,2025-09-23 09:38:54,22.93,58000,22.91,U
sz000021,深科技,2025-09-23 09:38:57,22.95,56300,22.93,U
sz000021,深科技,2025-09-23 09:39:00,22.93,72300,22.95,D
sz000021,深科技,2025-09-23 09:39:03,22.93,13100,22.93,D
sz000021,深科技,2025-09-23 09:39:06,22.93,20600,22.93,D
sz000021,深科技,2025-09-23 09:39:09,22.92,14700,22.93,D
sz000021,深科技,2025-09-23 09:39:12,22.93,24900,22.92,U
sz000021,深科技,2025-09-23 09:39:15,22.91,51700,22.93,D
sz000021,深科技,2025-09-23 09:39:18,22.91,19300,22.91,U
sz000021,深科技,2025-09-23 09:39:21,22.9,174200,22.91,D
sz000021,深科技,2025-09-23 09:39:24,22.88,10300,22.9,D
sz000021,深科技,2025-09-23 09:39:27,22.88,444881,22.88,D
sz000021,深科技,2025-09-23 09:39:30,22.86,31200,22.88,D
sz000021,深科技,2025-09-23 09:39:33,22.86,36600,22.86,D
sz000021,深科技,2025-09-23 09:39:36,22.86,44700,22.86,D
sz000021,深科技,2025-09-23 09:39:39,22.85,59400,22.86,D
sz000021,深科技,2025-09-23 09:39:42,22.85,125900,22.85,D
sz000021,深科技,2025-09-23 09:39:45,22.85,24500,22.85,U
sz000021,深科技,2025-09-23 09:39:48,22.88,158900,22.85,U
sz000021,深科技,2025-09-23 09:39:51,22.87,64300,22.88,D
sz000021,深科技,2025-09-23 09:39:54,22.86,46500,22.87,D
sz000021,深科技,2025-09-23 09:39:57,22.86,35700,22.86,D
sz000021,深科技,2025-09-23 09:40:00,22.88,256200,22.86,E
sz000021,深科技,2025-09-23 09:40:03,22.88,49600,22.88,U
sz000021,深科技,2025-09-23 09:40:06,22.88,30800,22.88,U
sz000021,深科技,2025-09-23 09:40:09,22.88,25200,22.88,U
sz000021,深科技,2025-09-23 09:40:12,22.87,9300,22.88,E
sz000021,深科技,2025-09-23 09:40:15,22.86,15000,22.87,D
sz000021,深科技,2025-09-23 09:40:18,22.87,36800,22.86,E
sz000021,深科技,2025-09-23 09:40:21,22.88,67200,22.87,D
sz000021,深科技,2025-09-23 09:40:24,22.9,49000,22.88,U
sz000021,深科技,2025-09-23 09:40:27,22.92,74000,22.9,U
sz000021,深科技,2025-09-23 09:40:30,22.9,98200,22.92,D
sz000021,深科技,2025-09-23 09:40:36,22.9,84500,22.9,D
sz000021,深科技,2025-09-23 09:40:39,22.9,15200,22.9,D
sz000021,深科技,2025-09-23 09:40:42,22.89,13700,22.9,D
sz000021,深科技,2025-09-23 09:40:45,22.89,29400,22.89,D
sz000021,深科技,2025-09-23 09:40:48,22.88,17900,22.89,D
sz000021,深科技,2025-09-23 09:40:51,22.88,44700,22.88,D
sz000021,深科技,2025-09-23 09:40:54,22.89,48600,22.88,U
sz000021,深科技,2025-09-23 09:40:57,22.89,23800,22.89,D
sz000021,深科技,2025-09-23 09:41:00,22.88,53500,22.89,D
sz000021,深科技,2025-09-23 09:41:03,22.88,40900,22.88,D
sz000021,深科技,2025-09-23 09:41:06,22.88,50900,22.88,U
sz000021,深科技,2025-09-23 09:41:09,22.87,13800,22.88,D
sz000021,深科技,2025-09-23 09:41:12,22.87,35900,22.87,D
sz000021,深科技,2025-09-23 09:41:15,22.87,132200,22.87,D
sz000021,深科技,2025-09-23 09:41:18,22.85,51800,22.87,D
sz000021,深科技,2025-09-23 09:41:21,22.85,34200,22.85,D
sz000021,深科技,2025-09-23 09:41:24,22.87,123700,22.85,U
sz000021,深科技,2025-09-23 09:41:27,22.87,155100,22.87,D
sz000021,深科技,2025-09-23 09:41:30,22.87,32000,22.87,D
sz000021,深科技,2025-09-23 09:41:36,22.87,11900,22.86,U
sz000021,深科技,2025-09-23 09:41:39,22.86,74500,22.87,D
sz000021,深科技,2025-09-23 09:41:42,22.86,60300,22.86,U
sz000021,深科技,2025-09-23 09:41:45,22.86,25600,22.86,U
sz000021,深科技,2025-09-23 09:41:48,22.86,16800,22.86,D
sz000021,深科技,2025-09-23 09:41:51,22.87,34700,22.86,U
sz000021,深科技,2025-09-23 09:41:54,22.85,32100,22.87,D
sz000021,深科技,2025-09-23 09:41:57,22.85,49800,22.85,D
sz000021,深科技,2025-09-23 09:42:00,22.87,56900,22.85,U
sz000021,深科技,2025-09-23 09:42:03,22.91,50500,22.87,U
sz000021,深科技,2025-09-23 09:42:06,22.92,16400,22.91,U
sz000021,深科技,2025-09-23 09:42:09,22.91,26800,22.92,D
sz000021,深科技,2025-09-23 09:42:12,22.9,75900,22.91,D
sz000021,深科技,2025-09-23 09:42:15,22.91,17700,22.9,U
sz000021,深科技,2025-09-23 09:42:18,22.92,41300,22.91,U
sz000021,深科技,2025-09-23 09:42:21,22.93,50100,22.92,U
sz000021,深科技,2025-09-23 09:42:24,22.93,25300,22.93,D
sz000021,深科技,2025-09-23 09:42:27,22.94,118300,22.93,U
sz000021,深科技,2025-09-23 09:42:30,22.93,14700,22.94,D
sz000021,深科技,2025-09-23 09:42:36,22.92,15900,22.93,D
sz000021,深科技,2025-09-23 09:42:39,22.91,12900,22.92,D
sz000021,深科技,2025-09-23 09:42:42,22.91,13600,22.91,U
sz000021,深科技,2025-09-23 09:42:45,22.91,9800,22.91,U
sz000021,深科技,2025-09-23 09:42:48,22.89,35600,22.91,D
sz000021,深科技,2025-09-23 09:42:51,22.91,40000,22.89,U
sz000021,深科技,2025-09-23 09:42:57,22.89,45000,22.9,D
sz000021,深科技,2025-09-23 09:43:00,22.91,24500,22.89,U
sz000021,深科技,2025-09-23 09:43:03,22.9,36500,22.91,D
sz000021,深科技,2025-09-23 09:43:06,22.93,73900,22.9,U
sz000021,深科技,2025-09-23 09:43:12,22.92,15600,22.93,D
sz000021,深科技,2025-09-23 09:43:21,22.92,22400,22.92,D
sz000021,深科技,2025-09-23 09:43:24,22.92,11400,22.92,D
sz000021,深科技,2025-09-23 09:43:27,22.92,31700,22.92,U
sz000021,深科技,2025-09-23 09:43:30,22.89,131900,22.92,D
sz000021,深科技,2025-09-23 09:43:39,22.89,31800,22.89,U
sz000021,深科技,2025-09-23 09:43:42,22.88,49700,22.89,E
sz000021,深科技,2025-09-23 09:43:45,22.87,54000,22.88,D
sz000021,深科技,2025-09-23 09:43:48,22.85,134800,22.87,D
sz000021,深科技,2025-09-23 09:43:54,22.83,42300,22.85,D
sz000021,深科技,2025-09-23 09:43:57,22.84,16100,22.83,E
sz000021,深科技,2025-09-23 09:44:00,22.84,71600,22.84,D
sz000021,深科技,2025-09-23 09:44:03,22.83,71700,22.84,D
sz000021,深科技,2025-09-23 09:44:06,22.82,60600,22.83,D
sz000021,深科技,2025-09-23 09:44:09,22.82,64200,22.82,D
sz000021,深科技,2025-09-23 09:44:12,22.82,133100,22.82,D
sz000021,深科技,2025-09-23 09:44:15,22.81,67500,22.82,D
sz000021,深科技,2025-09-23 09:44:18,22.76,611900,22.81,D
sz000021,深科技,2025-09-23 09:44:21,22.75,63100,22.76,D
sz000021,深科技,2025-09-23 09:44:24,22.76,80600,22.75,U
sz000021,深科技,2025-09-23 09:44:27,22.75,108900,22.76,E
sz000021,深科技,2025-09-23 09:44:30,22.74,32900,22.75,E
sz000021,深科技,2025-09-23 09:44:33,22.74,71392,22.74,D
sz000021,深科技,2025-09-23 09:44:36,22.73,141900,22.74,D
sz000021,深科技,2025-09-23 09:44:39,22.74,124100,22.73,U
sz000021,深科技,2025-09-23 09:44:42,22.74,152400,22.74,D
sz000021,深科技,2025-09-23 09:44:45,22.73,30200,22.74,D
sz000021,深科技,2025-09-23 09:44:48,22.73,58600,22.73,U
sz000021,深科技,2025-09-23 09:44:51,22.72,60100,22.73,D
sz000021,深科技,2025-09-23 09:44:54,22.73,66124,22.72,D
sz000021,深科技,2025-09-23 09:44:57,22.75,90800,22.73,U
sz000021,深科技,2025-09-23 09:45:00,22.73,113300,22.75,D
sz000021,深科技,2025-09-23 09:45:03,22.73,35300,22.73,D
sz000021,深科技,2025-09-23 09:45:06,22.73,108900,22.73,D
sz000021,深科技,2025-09-23 09:45:09,22.74,14000,22.73,D
sz000021,深科技,2025-09-23 09:45:12,22.74,103500,22.74,D
sz000021,深科技,2025-09-23 09:45:15,22.74,24500,22.74,U
sz000021,深科技,2025-09-23 09:45:18,22.73,45900,22.74,D
sz000021,深科技,2025-09-23 09:45:21,22.73,96300,22.73,D
sz000021,深科技,2025-09-23 09:45:24,22.74,71900,22.73,D
sz000021,深科技,2025-09-23 09:45:27,22.74,34600,22.74,D
sz000021,深科技,2025-09-23 09:45:30,22.74,60400,22.74,D
sz000021,深科技,2025-09-23 09:45:33,22.76,17900,22.74,U
sz000021,深科技,2025-09-23 09:45:36,22.76,34900,22.76,D
sz000021,深科技,2025-09-23 09:45:39,22.76,18600,22.76,D
sz000021,深科技,2025-09-23 09:45:42,22.78,10300,22.76,U
sz000021,深科技,2025-09-23 09:45:45,22.78,17500,22.78,U
sz000021,深科技,2025-09-23 09:45:48,22.78,22200,22.78,U
sz000021,深科技,2025-09-23 09:45:51,22.78,16700,22.78,D
sz000021,深科技,2025-09-23 09:45:54,22.78,49600,22.78,D
sz000021,深科技,2025-09-23 09:45:57,22.78,31500,22.78,U
sz000021,深科技,2025-09-23 09:46:00,22.78,15500,22.78,U
sz000021,深科技,2025-09-23 09:46:03,22.78,11900,22.78,U
sz000021,深科技,2025-09-23 09:46:06,22.8,232100,22.78,U
sz000021,深科技,2025-09-23 09:46:12,22.8,21800,22.79,D
sz000021,深科技,2025-09-23 09:46:18,22.81,18300,22.81,U
sz000021,深科技,2025-09-23 09:46:24,22.85,158300,22.8,U
sz000021,深科技,2025-09-23 09:46:27,22.86,9800,22.85,E
sz000021,深科技,2025-09-23 09:46:30,22.87,13200,22.86,U
sz000021,深科技,2025-09-23 09:46:33,22.86,17300,22.87,D
sz000021,深科技,2025-09-23 09:46:36,22.86,38100,22.86,U
sz000021,深科技,2025-09-23 09:46:39,22.85,15600,22.86,E
sz000021,深科技,2025-09-23 09:46:42,22.83,12600,22.85,D
sz000021,深科技,2025-09-23 09:46:45,22.84,20100,22.83,E
sz000021,深科技,2025-09-23 09:46:48,22.84,37800,22.84,U
sz000021,深科技,2025-09-23 09:46:51,22.85,17000,22.84,U
sz000021,深科技,2025-09-23 09:46:54,22.86,18609,22.85,U
sz000021,深科技,2025-09-23 09:46:57,22.86,65700,22.86,U
sz000021,深科技,2025-09-23 09:47:00,22.88,36500,22.86,U
sz000021,深科技,2025-09-23 09:47:03,22.89,10768,22.88,U
sz000021,深科技,2025-09-23 09:47:06,22.88,45591,22.89,E
sz000021,深科技,2025-09-23 09:47:09,22.89,64400,22.88,U
sz000021,深科技,2025-09-23 09:47:12,22.92,27500,22.89,U
sz000021,深科技,2025-09-23 09:47:15,22.93,30300,22.92,U
sz000021,深科技,2025-09-23 09:47:18,22.95,23100,22.93,U
sz000021,深科技,2025-09-23 09:47:21,22.96,12900,22.95,U
sz000021,深科技,2025-09-23 09:47:24,22.95,61600,22.96,D
sz000021,深科技,2025-09-23 09:47:27,22.95,27100,22.95,D
sz000021,深科技,2025-09-23 09:47:30,22.94,116200,22.95,D
sz000021,深科技,2025-09-23 09:47:33,22.92,41600,22.94,D
sz000021,深科技,2025-09-23 09:47:36,22.92,29600,22.92,D
sz000021,深科技,2025-09-23 09:47:39,22.89,57900,22.92,D
sz000021,深科技,2025-09-23 09:47:42,22.87,55800,22.89,D
sz000021,深科技,2025-09-23 09:47:48,22.85,60500,22.89,D
sz000021,深科技,2025-09-23 09:47:51,22.87,66900,22.85,U
sz000021,深科技,2025-09-23 09:47:54,22.84,22500,22.87,D
sz000021,深科技,2025-09-23 09:47:57,22.87,50600,22.84,U
sz000021,深科技,2025-09-23 09:48:00,22.87,25700,22.87,U
sz000021,深科技,2025-09-23 09:48:03,22.86,51300,22.87,D
sz000021,深科技,2025-09-23 09:48:06,22.86,15800,22.86,U
sz000021,深科技,2025-09-23 09:48:09,22.87,55500,22.86,U
sz000021,深科技,2025-09-23 09:48:12,22.87,16800,22.87,D
sz000021,深科技,2025-09-23 09:48:15,22.87,36100,22.87,D
sz000021,深科技,2025-09-23 09:48:18,22.86,10300,22.87,E
sz000021,深科技,2025-09-23 09:48:21,22.86,21900,22.86,U
sz000021,深科技,2025-09-23 09:48:24,22.86,11400,22.86,U
sz000021,深科技,2025-09-23 09:48:27,22.86,17000,22.86,D
sz000021,深科技,2025-09-23 09:48:30,22.85,64900,22.86,D
sz000021,深科技,2025-09-23 09:48:36,22.84,11800,22.85,D
sz000021,深科技,2025-09-23 09:48:39,22.84,41200,22.84,U
sz000021,深科技,2025-09-23 09:48:45,22.83,77600,22.83,U
sz000021,深科技,2025-09-23 09:48:48,22.83,53800,22.83,D
sz000021,深科技,2025-09-23 09:48:51,22.82,11400,22.83,D
sz000021,深科技,2025-09-23 09:48:54,22.82,10400,22.82,U
sz000021,深科技,2025-09-23 09:48:57,22.82,36500,22.82,D
sz000021,深科技,2025-09-23 09:49:00,22.85,65300,22.82,U
sz000021,深科技,2025-09-23 09:49:03,22.88,92300,22.85,U
sz000021,深科技,2025-09-23 09:49:06,22.91,30100,22.88,U
sz000021,深科技,2025-09-23 09:49:15,22.92,11500,22.91,D
sz000021,深科技,2025-09-23 09:49:18,22.93,42700,22.92,U
sz000021,深科技,2025-09-23 09:49:21,22.93,72600,22.93,U
sz000021,深科技,2025-09-23 09:49:24,22.93,11800,22.93,D
sz000021,深科技,2025-09-23 09:49:27,22.95,28600,22.93,U
sz000021,深科技,2025-09-23 09:49:30,22.93,17200,22.95,D
sz000021,深科技,2025-09-23 09:49:33,22.95,20100,22.93,E
sz000021,深科技,2025-09-23 09:49:36,22.95,42200,22.95,D
sz000021,深科技,2025-09-23 09:49:39,22.95,24700,22.95,U
sz000021,深科技,2025-09-23 09:49:45,22.93,15600,22.94,D
sz000021,深科技,2025-09-23 09:49:48,22.93,20300,22.93,D
sz000021,深科技,2025-09-23 09:49:51,22.95,46700,22.93,E
sz000021,深科技,2025-09-23 09:49:54,22.96,26300,22.95,U
sz000021,深科技,2025-09-23 09:50:00,22.93,18200,22.94,D
sz000021,深科技,2025-09-23 09:50:03,22.91,26900,22.93,D
sz000021,深科技,2025-09-23 09:50:06,22.9,37000,22.91,D
sz000021,深科技,2025-09-23 09:50:09,22.9,40400,22.9,D
sz000021,深科技,2025-09-23 09:50:12,22.9,9000,22.9,D
sz000021,深科技,2025-09-23 09:50:15,22.9,24500,22.9,U
sz000021,深科技,2025-09-23 09:50:18,22.93,72600,22.9,U
sz000021,深科技,2025-09-23 09:50:24,22.93,10200,22.93,U
sz000021,深科技,2025-09-23 09:50:27,22.92,33600,22.93,D
sz000021,深科技,2025-09-23 09:50:33,22.92,14300,22.91,U
sz000021,深科技,2025-09-23 09:50:36,22.9,40400,22.92,D
sz000021,深科技,2025-09-23 09:50:39,22.91,18000,22.9,U
sz000021,深科技,2025-09-23 09:50:42,22.9,14200,22.91,D
sz000021,深科技,2025-09-23 09:50:45,22.91,13100,22.9,U
sz000021,深科技,2025-09-23 09:50:48,22.9,34500,22.91,D
sz000021,深科技,2025-09-23 09:50:51,22.88,12700,22.9,D
sz000021,深科技,2025-09-23 09:50:54,22.9,21200,22.88,U
sz000021,深科技,2025-09-23 09:50:57,22.88,18400,22.9,D
sz000021,深科技,2025-09-23 09:51:03,22.87,18500,22.88,E
sz000021,深科技,2025-09-23 09:51:09,22.87,28500,22.86,U
sz000021,深科技,2025-09-23 09:51:12,22.84,10000,22.87,D
sz000021,深科技,2025-09-23 09:51:18,22.84,18600,22.84,U
sz000021,深科技,2025-09-23 09:51:21,22.83,13800,22.84,U
sz000021,深科技,2025-09-23 09:51:24,22.82,34100,22.83,D
sz000021,深科技,2025-09-23 09:51:27,22.82,45500,22.82,U
sz000021,深科技,2025-09-23 09:51:30,22.83,9200,22.82,U
sz000021,深科技,2025-09-23 09:51:39,22.83,30000,22.82,U
sz000021,深科技,2025-09-23 09:51:42,22.84,28800,22.83,U
sz000021,深科技,2025-09-23 09:51:45,22.84,26100,22.84,U
sz000021,深科技,2025-09-23 09:51:48,22.83,17200,22.84,D
sz000021,深科技,2025-09-23 09:51:51,22.83,45700,22.83,U
sz000021,深科技,2025-09-23 09:51:54,22.83,59800,22.83,U
sz000021,深科技,2025-09-23 09:51:57,22.83,15200,22.83,D
sz000021,深科技,2025-09-23 09:52:00,22.83,12300,22.83,D
sz000021,深科技,2025-09-23 09:52:03,22.78,416800,22.83,D
sz000021,深科技,2025-09-23 09:52:06,22.8,25500,22.78,U
sz000021,深科技,2025-09-23 09:52:12,22.79,27200,22.8,D
sz000021,深科技,2025-09-23 09:52:15,22.8,22800,22.79,U
sz000021,深科技,2025-09-23 09:52:18,22.8,9800,22.8,D
sz000021,深科技,2025-09-23 09:52:21,22.8,54300,22.8,D
sz000021,深科技,2025-09-23 09:52:24,22.82,23700,22.8,U
sz000021,深科技,2025-09-23 09:52:27,22.8,114500,22.82,D
sz000021,深科技,2025-09-23 09:52:30,22.8,23300,22.8,D
sz000021,深科技,2025-09-23 09:52:33,22.8,44800,22.8,D
sz000021,深科技,2025-09-23 09:52:36,22.83,113100,22.8,U
sz000021,深科技,2025-09-23 09:52:39,22.81,410700,22.83,D
sz000021,深科技,2025-09-23 09:52:42,22.85,36100,22.81,U
sz000021,深科技,2025-09-23 09:52:45,22.87,15600,22.85,U
sz000021,深科技,2025-09-23 09:52:48,22.88,12900,22.87,U
sz000021,深科技,2025-09-23 09:52:51,22.87,33600,22.88,D
sz000021,深科技,2025-09-23 09:52:54,22.85,18500,22.87,D
sz000021,深科技,2025-09-23 09:53:00,22.85,22500,22.84,E
sz000021,深科技,2025-09-23 09:53:03,22.85,13100,22.85,U
sz000021,深科技,2025-09-23 09:53:06,22.85,9200,22.85,D
sz000021,深科技,2025-09-23 09:53:09,22.9,143400,22.85,U
sz000021,深科技,2025-09-23 09:53:12,22.9,20900,22.9,U
sz000021,深科技,2025-09-23 09:53:24,22.88,56800,22.91,D
sz000021,深科技,2025-09-23 09:53:27,22.92,69500,22.88,U
sz000021,深科技,2025-09-23 09:53:33,22.9,11800,22.91,D
sz000021,深科技,2025-09-23 09:53:36,22.9,34300,22.9,U
sz000021,深科技,2025-09-23 09:53:39,22.89,10700,22.9,D
sz000021,深科技,2025-09-23 09:53:48,22.89,14800,22.89,U
sz000021,深科技,2025-09-23 09:53:51,22.9,19100,22.89,U
sz000021,深科技,2025-09-23 09:53:54,22.9,19700,22.9,U
sz000021,深科技,2025-09-23 09:53:57,22.9,16500,22.9,D
sz000021,深科技,2025-09-23 09:54:00,22.88,31800,22.9,D
sz000021,深科技,2025-09-23 09:54:03,22.92,24500,22.88,U
sz000021,深科技,2025-09-23 09:54:12,22.91,16800,22.91,U
sz000021,深科技,2025-09-23 09:54:15,22.91,17900,22.91,D
sz000021,深科技,2025-09-23 09:54:18,22.92,17300,22.91,U
sz000021,深科技,2025-09-23 09:54:21,22.92,42100,22.92,D
sz000021,深科技,2025-09-23 09:54:24,22.94,18200,22.92,U
sz000021,深科技,2025-09-23 09:54:27,22.93,13900,22.94,D
sz000021,深科技,2025-09-23 09:54:39,22.94,16900,22.93,U
sz000021,深科技,2025-09-23 09:54:42,22.94,11800,22.94,D
sz000021,深科技,2025-09-23 09:54:45,22.94,19300,22.94,U
sz000021,深科技,2025-09-23 09:54:48,22.92,11900,22.94,D
sz000021,深科技,2025-09-23 09:54:54,22.92,33400,22.92,D
sz000021,深科技,2025-09-23 09:54:57,22.9,22000,22.92,D
sz000021,深科技,2025-09-23 09:55:00,22.92,20800,22.9,U
sz000021,深科技,2025-09-23 09:55:03,22.91,15100,22.92,E
sz000021,深科技,2025-09-23 09:55:06,22.91,13400,22.91,U
sz000021,深科技,2025-09-23 09:55:18,22.9,10900,22.9,U
sz000021,深科技,2025-09-23 09:55:24,22.9,11500,22.9,U
sz000021,深科技,2025-09-23 09:55:30,22.91,15500,22.9,U
sz000021,深科技,2025-09-23 09:55:33,22.92,46400,22.91,U
sz000021,深科技,2025-09-23 09:55:36,22.92,12300,22.92,U
sz000021,深科技,2025-09-23 09:55:39,22.91,27200,22.92,D
sz000021,深科技,2025-09-23 09:55:42,22.92,23800,22.91,U
sz000021,深科技,2025-09-23 09:55:45,22.9,63400,22.92,D
sz000021,深科技,2025-09-23 09:55:54,22.9,10500,22.9,U
sz000021,深科技,2025-09-23 09:56:00,22.9,10700,22.9,U
sz000021,深科技,2025-09-23 09:56:03,22.9,15100,22.9,D
sz000021,深科技,2025-09-23 09:56:06,22.89,31800,22.9,D
sz000021,深科技,2025-09-23 09:56:09,22.89,16500,22.89,D
sz000021,深科技,2025-09-23 09:56:12,22.9,59200,22.89,U
sz000021,深科技,2025-09-23 09:56:15,22.9,21000,22.9,D
sz000021,深科技,2025-09-23 09:56:18,22.89,38900,22.9,D
sz000021,深科技,2025-09-23 09:56:21,22.9,31600,22.89,U
sz000021,深科技,2025-09-23 09:56:24,22.9,21300,22.9,U
sz000021,深科技,2025-09-23 09:56:27,22.89,11000,22.9,D
sz000021,深科技,2025-09-23 09:56:33,22.89,13900,22.89,D
sz000021,深科技,2025-09-23 09:56:39,22.89,12000,22.89,U
sz000021,深科技,2025-09-23 09:56:42,22.88,120900,22.89,D
sz000021,深科技,2025-09-23 09:56:48,22.86,20500,22.86,D
sz000021,深科技,2025-09-23 09:56:51,22.85,36000,22.86,D
sz000021,深科技,2025-09-23 09:56:54,22.84,26700,22.85,D
sz000021,深科技,2025-09-23 09:57:00,22.84,10400,22.84,D
sz000021,深科技,2025-09-23 09:57:12,22.86,54800,22.82,U
sz000021,深科技,2025-09-23 09:57:15,22.84,23500,22.86,D
sz000021,深科技,2025-09-23 09:57:18,22.86,29900,22.84,U
sz000021,深科技,2025-09-23 09:57:21,22.86,17500,22.86,D
sz000021,深科技,2025-09-23 09:57:27,22.86,27400,22.86,D
sz000021,深科技,2025-09-23 09:57:33,22.84,39900,22.86,D
sz000021,深科技,2025-09-23 09:57:36,22.84,15300,22.84,D
sz000021,深科技,2025-09-23 09:57:42,22.85,16942,22.84,U
sz000021,深科技,2025-09-23 09:57:45,22.83,17858,22.85,D
sz000021,深科技,2025-09-23 09:57:48,22.82,9700,22.83,D
sz000021,深科技,2025-09-23 09:57:51,22.83,38900,22.82,U
sz000021,深科技,2025-09-23 09:57:54,22.83,114000,22.83,U
sz000021,深科技,2025-09-23 09:57:57,22.82,63900,22.83,U
sz000021,深科技,2025-09-23 09:58:00,22.81,8800,22.82,D
sz000021,深科技,2025-09-23 09:58:03,22.81,16800,22.81,D
sz000021,深科技,2025-09-23 09:58:06,22.8,31500,22.81,D
sz000021,深科技,2025-09-23 09:58:12,22.8,11100,22.8,D
sz000021,深科技,2025-09-23 09:58:18,22.79,50100,22.79,D
sz000021,深科技,2025-09-23 09:58:21,22.78,61600,22.79,D
sz000021,深科技,2025-09-23 09:58:27,22.82,165100,22.78,U
sz000021,深科技,2025-09-23 09:58:30,22.78,504400,22.82,D
sz000021,深科技,2025-09-23 09:58:33,22.8,16600,22.78,E
sz000021,深科技,2025-09-23 09:58:36,22.79,13500,22.8,D
sz000021,深科技,2025-09-23 09:58:39,22.79,44400,22.79,D
sz000021,深科技,2025-09-23 09:58:42,22.79,12500,22.79,D
sz000021,深科技,2025-09-23 09:58:45,22.77,41400,22.79,D
sz000021,深科技,2025-09-23 09:58:48,22.77,318200,22.77,D
sz000021,深科技,2025-09-23 09:58:51,22.77,12500,22.77,U
sz000021,深科技,2025-09-23 09:58:54,22.77,11800,22.77,U
sz000021,深科技,2025-09-23 09:58:57,22.77,44700,22.77,U
sz000021,深科技,2025-09-23 09:59:00,22.77,69200,22.77,U
sz000021,深科技,2025-09-23 09:59:03,22.77,21800,22.77,D
sz000021,深科技,2025-09-23 09:59:06,22.8,49400,22.77,U
sz000021,深科技,2025-09-23 09:59:09,22.79,18400,22.8,D
sz000021,深科技,2025-09-23 09:59:12,22.8,26700,22.79,U
sz000021,深科技,2025-09-23 09:59:15,22.8,30200,22.8,D
sz000021,深科技,2025-09-23 09:59:18,22.8,37200,22.8,D
sz000021,深科技,2025-09-23 09:59:21,22.8,13600,22.8,D
sz000021,深科技,2025-09-23 09:59:24,22.8,22200,22.8,D
sz000021,深科技,2025-09-23 09:59:30,22.79,17900,22.8,D
sz000021,深科技,2025-09-23 09:59:36,22.79,38200,22.79,U
sz000021,深科技,2025-09-23 09:59:39,22.77,14300,22.79,D
sz000021,深科技,2025-09-23 09:59:45,22.78,15400,22.79,D
sz000021,深科技,2025-09-23 09:59:51,22.77,9700,22.78,D
sz000021,深科技,2025-09-23 09:59:57,22.78,23600,22.78,D
sz000021,深科技,2025-09-23 10:00:00,22.78,29500,22.78,D
sz000021,深科技,2025-09-23 10:00:03,22.78,25300,22.78,D
sz000021,深科技,2025-09-23 10:00:06,22.82,106800,22.78,U
sz000021,深科技,2025-09-23 10:00:12,22.8,25100,22.82,D
sz000021,深科技,2025-09-23 10:00:15,22.79,51000,22.8,D
sz000021,深科技,2025-09-23 10:00:18,22.82,19100,22.79,U
sz000021,深科技,2025-09-23 10:00:21,22.82,18200,22.82,U
sz000021,深科技,2025-09-23 10:00:24,22.81,30600,22.82,D
sz000021,深科技,2025-09-23 10:00:27,22.82,21300,22.81,U
sz000021,深科技,2025-09-23 10:00:30,22.81,17000,22.82,D
sz000021,深科技,2025-09-23 10:00:33,22.82,9000,22.81,U
sz000021,深科技,2025-09-23 10:00:36,22.81,49400,22.82,D
sz000021,深科技,2025-09-23 10:00:39,22.84,13200,22.81,U
sz000021,深科技,2025-09-23 10:00:42,22.83,37000,22.84,E
sz000021,深科技,2025-09-23 10:00:45,22.82,40100,22.83,U
sz000021,深科技,2025-09-23 10:00:48,22.8,74000,22.82,E
sz000021,深科技,2025-09-23 10:00:51,22.81,13000,22.8,U
sz000021,深科技,2025-09-23 10:00:54,22.81,13500,22.81,U
sz000021,深科技,2025-09-23 10:00:57,22.8,23900,22.81,D
sz000021,深科技,2025-09-23 10:01:00,22.8,64000,22.8,U
sz000021,深科技,2025-09-23 10:01:03,22.81,22400,22.8,U
sz000021,深科技,2025-09-23 10:01:06,22.83,10500,22.81,U
sz000021,深科技,2025-09-23 10:01:09,22.83,23900,22.83,D
sz000021,深科技,2025-09-23 10:01:12,22.82,10400,22.83,E
sz000021,深科技,2025-09-23 10:01:15,22.8,11000,22.82,D
sz000021,深科技,2025-09-23 10:01:18,22.81,36900,22.8,U
sz000021,深科技,2025-09-23 10:01:21,22.8,70800,22.81,D
sz000021,深科技,2025-09-23 10:01:24,22.8,56000,22.8,E
sz000021,深科技,2025-09-23 10:01:27,22.8,10400,22.8,U
sz000021,深科技,2025-09-23 10:01:30,22.8,17600,22.8,D
sz000021,深科技,2025-09-23 10:01:33,22.8,47300,22.8,U
sz000021,深科技,2025-09-23 10:01:36,22.8,10300,22.8,U
sz000021,深科技,2025-09-23 10:01:39,22.79,81900,22.8,D
sz000021,深科技,2025-09-23 10:01:42,22.81,9919,22.79,U
sz000021,深科技,2025-09-23 10:01:45,22.82,32200,22.81,U
sz000021,深科技,2025-09-23 10:01:48,22.8,13200,22.82,D
sz000021,深科技,2025-09-23 10:01:51,22.83,13700,22.8,U
sz000021,深科技,2025-09-23 10:01:54,22.85,90500,22.83,U
sz000021,深科技,2025-09-23 10:01:57,22.85,24300,22.85,U
sz000021,深科技,2025-09-23 10:02:00,22.83,23500,22.85,D
sz000021,深科技,2025-09-23 10:02:03,22.84,15500,22.83,U
sz000021,深科技,2025-09-23 10:02:06,22.83,10900,22.84,D
sz000021,深科技,2025-09-23 10:02:09,22.83,33000,22.83,E
sz000021,深科技,2025-09-23 10:02:12,22.81,18900,22.83,D
sz000021,深科技,2025-09-23 10:02:15,22.81,17000,22.81,D
sz000021,深科技,2025-09-23 10:02:21,22.8,39200,22.8,D
sz000021,深科技,2025-09-23 10:02:24,22.79,18700,22.8,D
sz000021,深科技,2025-09-23 10:02:27,22.79,19300,22.79,D
sz000021,深科技,2025-09-23 10:02:30,22.79,38200,22.79,D
sz000021,深科技,2025-09-23 10:02:33,22.79,40700,22.79,U
sz000021,深科技,2025-09-23 10:02:36,22.79,25000,22.79,U
sz000021,深科技,2025-09-23 10:02:39,22.79,15900,22.79,D
sz000021,深科技,2025-09-23 10:02:42,22.81,111300,22.79,U
sz000021,深科技,2025-09-23 10:02:45,22.8,21100,22.81,D
sz000021,深科技,2025-09-23 10:02:48,22.82,18700,22.8,U
sz000021,深科技,2025-09-23 10:02:51,22.8,111100,22.82,D
sz000021,深科技,2025-09-23 10:02:54,22.8,15500,22.8,D
sz000021,深科技,2025-09-23 10:03:00,22.79,21000,22.79,U
sz000021,深科技,2025-09-23 10:03:03,22.8,55800,22.79,U
sz000021,深科技,2025-09-23 10:03:06,22.8,55800,22.8,E
sz000021,深科技,2025-09-23 10:03:09,22.82,29000,22.8,U
sz000021,深科技,2025-09-23 10:03:12,22.82,22500,22.82,U
sz000021,深科技,2025-09-23 10:03:15,22.81,20100,22.82,D
sz000021,深科技,2025-09-23 10:03:18,22.82,12900,22.81,E
sz000021,深科技,2025-09-23 10:03:21,22.81,13700,22.82,D
sz000021,深科技,2025-09-23 10:03:24,22.81,19300,22.81,U
sz000021,深科技,2025-09-23 10:03:30,22.82,9100,22.81,U
sz000021,深科技,2025-09-23 10:03:39,22.8,25500,22.81,D
sz000021,深科技,2025-09-23 10:03:42,22.8,35800,22.8,U
sz000021,深科技,2025-09-23 10:03:45,22.79,10300,22.8,E
sz000021,深科技,2025-09-23 10:03:51,22.8,11200,22.79,U
sz000021,深科技,2025-09-23 10:03:54,22.81,20200,22.8,U
sz000021,深科技,2025-09-23 10:03:57,22.82,22500,22.81,U
sz000021,深科技,2025-09-23 10:04:00,22.83,16800,22.82,U
sz000021,深科技,2025-09-23 10:04:03,22.84,17600,22.83,U
sz000021,深科技,2025-09-23 10:04:06,22.83,17100,22.84,D
sz000021,深科技,2025-09-23 10:04:09,22.85,26300,22.83,U
sz000021,深科技,2025-09-23 10:04:12,22.85,24938,22.85,U
sz000021,深科技,2025-09-23 10:04:15,22.84,29562,22.85,D
sz000021,深科技,2025-09-23 10:04:18,22.83,21000,22.84,D
sz000021,深科技,2025-09-23 10:04:27,22.82,17700,22.82,D
sz000021,深科技,2025-09-23 10:04:30,22.81,21700,22.82,D
sz000021,深科技,2025-09-23 10:04:39,22.81,63400,22.81,U
sz000021,深科技,2025-09-23 10:05:03,22.85,10900,22.83,U
sz000021,深科技,2025-09-23 10:05:06,22.82,37700,22.85,D
sz000021,深科技,2025-09-23 10:05:09,22.82,22400,22.82,D
sz000021,深科技,2025-09-23 10:05:12,22.82,11900,22.82,D
sz000021,深科技,2025-09-23 10:05:15,22.79,117100,22.82,D
sz000021,深科技,2025-09-23 10:05:18,22.79,10600,22.79,D
sz000021,深科技,2025-09-23 10:05:21,22.8,11800,22.79,E
sz000021,深科技,2025-09-23 10:05:24,22.8,11600,22.8,E
sz000021,深科技,2025-09-23 10:05:27,22.79,21300,22.8,D
sz000021,深科技,2025-09-23 10:05:30,22.77,155600,22.79,D
sz000021,深科技,2025-09-23 10:05:42,22.76,19600,22.77,D
sz000021,深科技,2025-09-23 10:05:45,22.77,16700,22.76,D
sz000021,深科技,2025-09-23 10:05:48,22.78,100600,22.77,U
sz000021,深科技,2025-09-23 10:05:51,22.79,15200,22.78,U
sz000021,深科技,2025-09-23 10:05:54,22.79,26000,22.79,D
sz000021,深科技,2025-09-23 10:05:57,22.8,17200,22.79,U
sz000021,深科技,2025-09-23 10:06:00,22.81,13400,22.8,U
sz000021,深科技,2025-09-23 10:06:03,22.82,51800,22.81,U
sz000021,深科技,2025-09-23 10:06:06,22.83,10300,22.82,U
sz000021,深科技,2025-09-23 10:06:09,22.81,8900,22.83,D
sz000021,深科技,2025-09-23 10:06:12,22.8,26700,22.81,D
sz000021,深科技,2025-09-23 10:06:18,22.83,21600,22.82,U
sz000021,深科技,2025-09-23 10:06:21,22.83,91400,22.83,D
sz000021,深科技,2025-09-23 10:06:27,22.83,11100,22.83,D
sz000021,深科技,2025-09-23 10:06:33,22.84,19800,22.84,U
sz000021,深科技,2025-09-23 10:06:36,22.83,9800,22.84,D
sz000021,深科技,2025-09-23 10:06:39,22.83,19500,22.83,E
sz000021,深科技,2025-09-23 10:06:45,22.83,13600,22.83,U
sz000021,深科技,2025-09-23 10:06:48,22.83,16600,22.83,U
sz000021,深科技,2025-09-23 10:06:57,22.82,21200,22.82,D
sz000021,深科技,2025-09-23 10:07:00,22.82,37700,22.82,U
sz000021,深科技,2025-09-23 10:07:03,22.82,11400,22.82,D
sz000021,深科技,2025-09-23 10:07:06,22.82,9400,22.82,D
sz000021,深科技,2025-09-23 10:07:09,22.8,18600,22.82,D
sz000021,深科技,2025-09-23 10:07:12,22.8,23700,22.8,D
sz000021,深科技,2025-09-23 10:07:15,22.81,19900,22.8,U
sz000021,深科技,2025-09-23 10:07:18,22.81,16000,22.81,U
sz000021,深科技,2025-09-23 10:07:21,22.8,21400,22.81,D
sz000021,深科技,2025-09-23 10:07:24,22.79,79500,22.8,D
sz000021,深科技,2025-09-23 10:07:27,22.78,72900,22.79,D
sz000021,深科技,2025-09-23 10:07:30,22.77,25700,22.78,D
sz000021,深科技,2025-09-23 10:07:33,22.78,13000,22.77,U
sz000021,深科技,2025-09-23 10:07:36,22.77,20300,22.78,E
sz000021,深科技,2025-09-23 10:07:39,22.77,16100,22.77,D
sz000021,深科技,2025-09-23 10:07:42,22.79,33500,22.77,U
sz000021,深科技,2025-09-23 10:07:45,22.77,12100,22.79,D
sz000021,深科技,2025-09-23 10:07:48,22.78,56400,22.77,E
sz000021,深科技,2025-09-23 10:07:51,22.77,10600,22.78,D
sz000021,深科技,2025-09-23 10:07:57,22.77,110900,22.77,U
sz000021,深科技,2025-09-23 10:08:00,22.77,54500,22.77,D
sz000021,深科技,2025-09-23 10:08:03,22.77,39400,22.77,U
sz000021,深科技,2025-09-23 10:08:06,22.79,13000,22.77,U
sz000021,深科技,2025-09-23 10:08:09,22.8,60100,22.79,U
sz000021,深科技,2025-09-23 10:08:18,22.79,14200,22.81,D
sz000021,深科技,2025-09-23 10:08:21,22.8,10200,22.79,U
sz000021,深科技,2025-09-23 10:08:27,22.81,17200,22.81,U
sz000021,深科技,2025-09-23 10:08:33,22.8,20400,22.81,D
sz000021,深科技,2025-09-23 10:08:42,22.8,14400,22.8,U
sz000021,深科技,2025-09-23 10:08:45,22.79,18100,22.8,D
sz000021,深科技,2025-09-23 10:08:48,22.78,10600,22.79,D
sz000021,深科技,2025-09-23 10:08:54,22.77,9400,22.77,D
sz000021,深科技,2025-09-23 10:09:00,22.77,13400,22.77,D
sz000021,深科技,2025-09-23 10:09:03,22.77,22700,22.77,U
sz000021,深科技,2025-09-23 10:09:06,22.77,47000,22.77,U
sz000021,深科技,2025-09-23 10:09:09,22.77,37700,22.77,U
sz000021,深科技,2025-09-23 10:09:12,22.77,26000,22.77,D
sz000021,深科技,2025-09-23 10:09:15,22.75,23500,22.77,D
sz000021,深科技,2025-09-23 10:09:18,22.75,12700,22.75,D
sz000021,深科技,2025-09-23 10:09:21,22.76,33900,22.75,U
sz000021,深科技,2025-09-23 10:09:24,22.76,22200,22.76,U
sz000021,深科技,2025-09-23 10:09:27,22.76,10500,22.76,D
sz000021,深科技,2025-09-23 10:09:30,22.76,33100,22.76,U
sz000021,深科技,2025-09-23 10:09:33,22.75,76100,22.76,D
sz000021,深科技,2025-09-23 10:09:39,22.75,18100,22.74,U
sz000021,深科技,2025-09-23 10:09:42,22.74,30000,22.75,D
sz000021,深科技,2025-09-23 10:09:45,22.74,27500,22.74,U
sz000021,深科技,2025-09-23 10:09:48,22.74,50800,22.74,U
sz000021,深科技,2025-09-23 10:09:51,22.73,31900,22.74,D
sz000021,深科技,2025-09-23 10:09:54,22.73,29000,22.73,D
sz000021,深科技,2025-09-23 10:09:57,22.73,81000,22.73,D
sz000021,深科技,2025-09-23 10:10:00,22.73,35700,22.73,D
sz000021,深科技,2025-09-23 10:10:03,22.72,47100,22.73,D
sz000021,深科技,2025-09-23 10:10:06,22.72,76000,22.72,D
sz000021,深科技,2025-09-23 10:10:09,22.74,132600,22.72,U
sz000021,深科技,2025-09-23 10:10:12,22.73,39000,22.74,D
sz000021,深科技,2025-09-23 10:10:15,22.74,22900,22.73,E
sz000021,深科技,2025-09-23 10:10:18,22.73,65600,22.74,D
sz000021,深科技,2025-09-23 10:10:21,22.74,24300,22.73,U
sz000021,深科技,2025-09-23 10:10:24,22.73,44700,22.74,D
sz000021,深科技,2025-09-23 10:10:27,22.75,56100,22.73,U
sz000021,深科技,2025-09-23 10:10:30,22.75,10800,22.75,E
sz000021,深科技,2025-09-23 10:10:33,22.74,18000,22.75,D
sz000021,深科技,2025-09-23 10:10:36,22.74,18700,22.74,D
sz000021,深科技,2025-09-23 10:10:42,22.73,26100,22.74,D
sz000021,深科技,2025-09-23 10:10:48,22.72,41700,22.73,D
sz000021,深科技,2025-09-23 10:10:51,22.71,55476,22.72,D
sz000021,深科技,2025-09-23 10:11:00,22.72,122724,22.71,U
sz000021,深科技,2025-09-23 10:11:03,22.74,94500,22.72,U
sz000021,深科技,2025-09-23 10:11:06,22.77,38300,22.74,U
sz000021,深科技,2025-09-23 10:11:09,22.76,28300,22.77,D
sz000021,深科技,2025-09-23 10:11:15,22.76,21600,22.75,U
sz000021,深科技,2025-09-23 10:11:24,22.75,32800,22.75,U
sz000021,深科技,2025-09-23 10:11:27,22.75,9400,22.75,U
sz000021,深科技,2025-09-23 10:11:30,22.75,75000,22.75,U
sz000021,深科技,2025-09-23 10:11:33,22.74,11600,22.75,U
sz000021,深科技,2025-09-23 10:11:36,22.73,19200,22.74,E
sz000021,深科技,2025-09-23 10:11:39,22.74,13800,22.73,U
sz000021,深科技,2025-09-23 10:11:42,22.74,12900,22.74,U
sz000021,深科技,2025-09-23 10:11:45,22.74,27200,22.74,U
sz000021,深科技,2025-09-23 10:11:48,22.74,23800,22.74,U
sz000021,深科技,2025-09-23 10:11:51,22.74,46700,22.74,D
sz000021,深科技,2025-09-23 10:11:57,22.77,55800,22.76,U
sz000021,深科技,2025-09-23 10:12:03,22.74,20400,22.75,D
sz000021,深科技,2025-09-23 10:12:06,22.76,21700,22.74,U
sz000021,深科技,2025-09-23 10:12:09,22.78,58934,22.76,U
sz000021,深科技,2025-09-23 10:12:12,22.76,26166,22.78,D
sz000021,深科技,2025-09-23 10:12:15,22.74,39000,22.76,D
sz000021,深科技,2025-09-23 10:12:18,22.76,13600,22.74,E
sz000021,深科技,2025-09-23 10:12:24,22.74,25500,22.75,D
sz000021,深科技,2025-09-23 10:12:27,22.74,29000,22.74,D
sz000021,深科技,2025-09-23 10:12:36,22.73,21600,22.73,D
sz000021,深科技,2025-09-23 10:12:39,22.73,31500,22.73,D
sz000021,深科技,2025-09-23 10:12:45,22.73,23200,22.73,U
sz000021,深科技,2025-09-23 10:12:48,22.71,48600,22.73,D
sz000021,深科技,2025-09-23 10:12:51,22.71,20800,22.71,D
sz000021,深科技,2025-09-23 10:12:54,22.71,25200,22.71,D
sz000021,深科技,2025-09-23 10:12:57,22.72,36100,22.71,U
sz000021,深科技,2025-09-23 10:13:00,22.71,84984,22.72,D
sz000021,深科技,2025-09-23 10:13:03,22.7,310400,22.71,D
sz000021,深科技,2025-09-23 10:13:06,22.7,43900,22.7,U
sz000021,深科技,2025-09-23 10:13:09,22.68,53400,22.7,D
sz000021,深科技,2025-09-23 10:13:12,22.68,37400,22.68,D
sz000021,深科技,2025-09-23 10:13:15,22.66,144100,22.68,D
sz000021,深科技,2025-09-23 10:13:18,22.67,36900,22.66,U
sz000021,深科技,2025-09-23 10:13:21,22.66,35300,22.67,D
sz000021,深科技,2025-09-23 10:13:24,22.66,12404,22.66,U
sz000021,深科技,2025-09-23 10:13:27,22.66,195900,22.66,U
sz000021,深科技,2025-09-23 10:13:30,22.65,166800,22.66,D
sz000021,深科技,2025-09-23 10:13:33,22.66,137700,22.65,U
sz000021,深科技,2025-09-23 10:13:36,22.66,110700,22.66,D
sz000021,深科技,2025-09-23 10:13:39,22.66,80800,22.66,U
sz000021,深科技,2025-09-23 10:13:42,22.66,52200,22.66,D
sz000021,深科技,2025-09-23 10:13:45,22.65,168200,22.66,D
sz000021,深科技,2025-09-23 10:13:48,22.64,35500,22.65,D
sz000021,深科技,2025-09-23 10:13:51,22.65,47300,22.64,U
sz000021,深科技,2025-09-23 10:13:54,22.69,400700,22.65,U
sz000021,深科技,2025-09-23 10:13:57,22.64,88400,22.69,D
sz000021,深科技,2025-09-23 10:14:00,22.65,13600,22.64,E
sz000021,深科技,2025-09-23 10:14:03,22.66,303300,22.65,U
sz000021,深科技,2025-09-23 10:14:06,22.68,20400,22.66,U
sz000021,深科技,2025-09-23 10:14:09,22.66,57700,22.68,D
sz000021,深科技,2025-09-23 10:14:12,22.68,146700,22.66,U
sz000021,深科技,2025-09-23 10:14:15,22.67,45400,22.68,D
sz000021,深科技,2025-09-23 10:14:18,22.69,132400,22.67,U
sz000021,深科技,2025-09-23 10:14:21,22.67,80700,22.69,D
sz000021,深科技,2025-09-23 10:14:24,22.7,21200,22.67,U
sz000021,深科技,2025-09-23 10:14:27,22.7,8900,22.7,D
sz000021,深科技,2025-09-23 10:14:30,22.7,17700,22.7,E
sz000021,深科技,2025-09-23 10:14:33,22.7,25300,22.7,U
sz000021,深科技,2025-09-23 10:14:36,22.7,75700,22.7,U
sz000021,深科技,2025-09-23 10:14:39,22.7,34700,22.7,D
sz000021,深科技,2025-09-23 10:14:42,22.7,53500,22.7,U
sz000021,深科技,2025-09-23 10:14:45,22.7,33100,22.7,D
sz000021,深科技,2025-09-23 10:14:48,22.71,74700,22.7,E
sz000021,深科技,2025-09-23 10:14:51,22.73,10200,22.71,U
sz000021,深科技,2025-09-23 10:14:54,22.75,21100,22.73,U
sz000021,深科技,2025-09-23 10:14:57,22.73,9100,22.75,U
sz000021,深科技,2025-09-23 10:15:00,22.72,14200,22.73,D
sz000021,深科技,2025-09-23 10:15:03,22.72,26500,22.72,D
sz000021,深科技,2025-09-23 10:15:09,22.74,50300,22.73,U
sz000021,深科技,2025-09-23 10:15:15,22.7,26200,22.72,D
sz000021,深科技,2025-09-23 10:15:18,22.72,36500,22.7,U
sz000021,深科技,2025-09-23 10:15:21,22.73,30200,22.72,E
sz000021,深科技,2025-09-23 10:15:24,22.72,11300,22.73,D
sz000021,深科技,2025-09-23 10:15:27,22.73,16600,22.72,U
sz000021,深科技,2025-09-23 10:15:30,22.71,38500,22.73,D
sz000021,深科技,2025-09-23 10:15:33,22.71,31700,22.71,U
sz000021,深科技,2025-09-23 10:15:36,22.71,19900,22.71,U
sz000021,深科技,2025-09-23 10:15:39,22.71,10000,22.71,U
sz000021,深科技,2025-09-23 10:15:42,22.71,15200,22.71,D
sz000021,深科技,2025-09-23 10:15:45,22.71,34600,22.71,D
sz000021,深科技,2025-09-23 10:15:48,22.7,10600,22.71,D
sz000021,深科技,2025-09-23 10:15:51,22.7,40500,22.7,D
sz000021,深科技,2025-09-23 10:15:54,22.7,18200,22.7,U
sz000021,深科技,2025-09-23 10:15:57,22.7,29500,22.7,U
sz000021,深科技,2025-09-23 10:16:03,22.69,10400,22.69,U
sz000021,深科技,2025-09-23 10:16:06,22.68,22000,22.69,D
sz000021,深科技,2025-09-23 10:16:09,22.69,56100,22.68,U
sz000021,深科技,2025-09-23 10:16:12,22.68,30900,22.69,D
sz000021,深科技,2025-09-23 10:16:15,22.68,33900,22.68,D
sz000021,深科技,2025-09-23 10:16:18,22.68,10700,22.68,U
sz000021,深科技,2025-09-23 10:16:24,22.66,16600,22.67,D
sz000021,深科技,2025-09-23 10:16:27,22.67,9600,22.66,U
sz000021,深科技,2025-09-23 10:16:30,22.66,32800,22.67,D
sz000021,深科技,2025-09-23 10:16:33,22.66,12900,22.66,U
sz000021,深科技,2025-09-23 10:16:36,22.66,62100,22.66,U
sz000021,深科技,2025-09-23 10:16:39,22.65,9000,22.66,D
sz000021,深科技,2025-09-23 10:16:42,22.65,18200,22.65,D
sz000021,深科技,2025-09-23 10:16:45,22.65,63100,22.65,U
sz000021,深科技,2025-09-23 10:16:48,22.64,25600,22.65,D
sz000021,深科技,2025-09-23 10:16:51,22.61,56500,22.64,D
sz000021,深科技,2025-09-23 10:16:54,22.61,141000,22.61,D
sz000021,深科技,2025-09-23 10:16:57,22.62,377100,22.61,U
sz000021,深科技,2025-09-23 10:17:00,22.62,56300,22.62,U
sz000021,深科技,2025-09-23 10:17:06,22.61,12300,22.61,D
sz000021,深科技,2025-09-23 10:17:09,22.61,41400,22.61,D
sz000021,深科技,2025-09-23 10:17:12,22.61,21200,22.61,U
sz000021,深科技,2025-09-23 10:17:15,22.6,40400,22.61,D
sz000021,深科技,2025-09-23 10:17:18,22.6,45600,22.6,U
sz000021,深科技,2025-09-23 10:17:21,22.61,50100,22.6,U
sz000021,深科技,2025-09-23 10:17:24,22.6,30300,22.61,D
sz000021,深科技,2025-09-23 10:17:27,22.6,22900,22.6,D
sz000021,深科技,2025-09-23 10:17:30,22.61,34000,22.6,U
sz000021,深科技,2025-09-23 10:17:33,22.6,10700,22.61,D
sz000021,深科技,2025-09-23 10:17:36,22.6,11500,22.6,U
sz000021,深科技,2025-09-23 10:17:39,22.61,70200,22.6,U
sz000021,深科技,2025-09-23 10:17:42,22.61,38100,22.61,U
sz000021,深科技,2025-09-23 10:17:45,22.6,33300,22.61,D
sz000021,深科技,2025-09-23 10:17:48,22.61,56600,22.6,U
sz000021,深科技,2025-09-23 10:17:51,22.6,22300,22.61,D
sz000021,深科技,2025-09-23 10:17:54,22.61,52400,22.6,U
sz000021,深科技,2025-09-23 10:17:57,22.61,53600,22.61,D
sz000021,深科技,2025-09-23 10:18:00,22.61,79600,22.61,U
sz000021,深科技,2025-09-23 10:18:03,22.61,20600,22.61,D
sz000021,深科技,2025-09-23 10:18:06,22.61,11700,22.61,D
sz000021,深科技,2025-09-23 10:18:09,22.6,115800,22.61,D
sz000021,深科技,2025-09-23 10:18:12,22.61,42200,22.6,U
sz000021,深科技,2025-09-23 10:18:15,22.61,11300,22.61,D
sz000021,深科技,2025-09-23 10:18:18,22.61,99400,22.61,E
sz000021,深科技,2025-09-23 10:18:21,22.61,52700,22.61,D
sz000021,深科技,2025-09-23 10:18:24,22.6,23400,22.61,D
sz000021,深科技,2025-09-23 10:18:30,22.59,22634,22.6,D
sz000021,深科技,2025-09-23 10:18:33,22.6,15400,22.59,U
sz000021,深科技,2025-09-23 10:18:36,22.59,10500,22.6,E
sz000021,深科技,2025-09-23 10:18:42,22.58,25800,22.58,D
sz000021,深科技,2025-09-23 10:18:45,22.59,90200,22.58,U
sz000021,深科技,2025-09-23 10:18:48,22.59,40400,22.59,U
sz000021,深科技,2025-09-23 10:18:51,22.61,94200,22.59,U
sz000021,深科技,2025-09-23 10:18:54,22.6,115400,22.61,D
sz000021,深科技,2025-09-23 10:19:00,22.6,28000,22.61,E
sz000021,深科技,2025-09-23 10:19:06,22.61,17500,22.61,U
sz000021,深科技,2025-09-23 10:19:09,22.61,56000,22.61,D
sz000021,深科技,2025-09-23 10:19:12,22.63,107400,22.61,E
sz000021,深科技,2025-09-23 10:19:15,22.63,9400,22.63,D
sz000021,深科技,2025-09-23 10:19:18,22.63,37800,22.63,U
sz000021,深科技,2025-09-23 10:19:21,22.63,14300,22.63,U
sz000021,深科技,2025-09-23 10:19:24,22.61,11100,22.63,D
sz000021,深科技,2025-09-23 10:19:27,22.62,90900,22.61,U
sz000021,深科技,2025-09-23 10:19:33,22.62,10200,22.63,D
sz000021,深科技,2025-09-23 10:19:36,22.63,16200,22.62,U
sz000021,深科技,2025-09-23 10:19:39,22.64,9000,22.63,U
sz000021,深科技,2025-09-23 10:19:42,22.62,23600,22.64,D
sz000021,深科技,2025-09-23 10:19:45,22.63,33100,22.62,U
sz000021,深科技,2025-09-23 10:19:48,22.65,15100,22.63,U
sz000021,深科技,2025-09-23 10:19:51,22.62,10900,22.65,D
sz000021,深科技,2025-09-23 10:20:00,22.62,9000,22.62,D
sz000021,深科技,2025-09-23 10:20:03,22.62,10400,22.62,D
sz000021,深科技,2025-09-23 10:20:06,22.61,19200,22.62,D
sz000021,深科技,2025-09-23 10:20:09,22.61,56300,22.61,D
sz000021,深科技,2025-09-23 10:20:15,22.61,21700,22.61,D
sz000021,深科技,2025-09-23 10:20:18,22.62,12000,22.61,U
sz000021,深科技,2025-09-23 10:20:21,22.63,16800,22.62,U
sz000021,深科技,2025-09-23 10:20:24,22.63,14300,22.63,U
sz000021,深科技,2025-09-23 10:20:27,22.63,20500,22.63,U
sz000021,深科技,2025-09-23 10:20:30,22.63,13200,22.63,D
sz000021,深科技,2025-09-23 10:20:33,22.64,13800,22.63,U
sz000021,深科技,2025-09-23 10:20:39,22.63,15600,22.63,U
sz000021,深科技,2025-09-23 10:20:42,22.63,20300,22.63,U
sz000021,深科技,2025-09-23 10:20:45,22.62,9800,22.63,E
sz000021,深科技,2025-09-23 10:20:51,22.65,44300,22.62,U
sz000021,深科技,2025-09-23 10:20:57,22.63,8900,22.64,D
sz000021,深科技,2025-09-23 10:21:00,22.64,17800,22.63,U
sz000021,深科技,2025-09-23 10:21:03,22.66,65800,22.64,U
sz000021,深科技,2025-09-23 10:21:12,22.64,25300,22.65,D
sz000021,深科技,2025-09-23 10:21:24,22.64,19300,22.64,U
sz000021,深科技,2025-09-23 10:21:27,22.63,10400,22.64,D
sz000021,深科技,2025-09-23 10:21:30,22.63,12400,22.63,U
sz000021,深科技,2025-09-23 10:21:36,22.63,15500,22.63,U
sz000021,深科技,2025-09-23 10:21:39,22.64,16100,22.63,U
sz000021,深科技,2025-09-23 10:21:45,22.64,10900,22.63,U
sz000021,深科技,2025-09-23 10:21:48,22.64,26400,22.64,U
sz000021,深科技,2025-09-23 10:21:51,22.64,19100,22.64,U
sz000021,深科技,2025-09-23 10:22:00,22.65,30300,22.65,U
sz000021,深科技,2025-09-23 10:22:03,22.64,38900,22.65,D
sz000021,深科技,2025-09-23 10:22:09,22.65,14400,22.65,U
sz000021,深科技,2025-09-23 10:22:12,22.65,11200,22.65,U
sz000021,深科技,2025-09-23 10:22:18,22.65,12700,22.64,U
sz000021,深科技,2025-09-23 10:22:21,22.64,12600,22.65,D
sz000021,深科技,2025-09-23 10:22:24,22.62,48100,22.64,D
sz000021,深科技,2025-09-23 10:22:27,22.61,24400,22.62,D
sz000021,深科技,2025-09-23 10:22:30,22.6,23700,22.61,D
sz000021,深科技,2025-09-23 10:22:33,22.6,27900,22.6,D
sz000021,深科技,2025-09-23 10:22:36,22.6,92800,22.6,D
sz000021,深科技,2025-09-23 10:22:48,22.59,20000,22.6,U
sz000021,深科技,2025-09-23 10:22:51,22.58,33900,22.59,D
sz000021,深科技,2025-09-23 10:22:54,22.58,20000,22.58,U
sz000021,深科技,2025-09-23 10:22:57,22.57,56200,22.58,D
sz000021,深科技,2025-09-23 10:23:00,22.57,19300,22.57,D
sz000021,深科技,2025-09-23 10:23:03,22.57,72700,22.57,D
sz000021,深科技,2025-09-23 10:23:06,22.58,53500,22.57,E
sz000021,深科技,2025-09-23 10:23:09,22.59,19700,22.58,D
sz000021,深科技,2025-09-23 10:23:12,22.59,17300,22.59,D
sz000021,深科技,2025-09-23 10:23:21,22.59,61800,22.6,E
sz000021,深科技,2025-09-23 10:23:24,22.59,10400,22.59,U
sz000021,深科技,2025-09-23 10:23:30,22.59,16200,22.58,U
sz000021,深科技,2025-09-23 10:23:33,22.58,9900,22.59,D
sz000021,深科技,2025-09-23 10:23:39,22.58,18200,22.58,D
sz000021,深科技,2025-09-23 10:23:42,22.58,9300,22.58,D
sz000021,深科技,2025-09-23 10:23:45,22.59,19000,22.58,E
sz000021,深科技,2025-09-23 10:23:48,22.58,18500,22.59,D
sz000021,深科技,2025-09-23 10:23:51,22.58,9300,22.58,U
sz000021,深科技,2025-09-23 10:23:54,22.57,9000,22.58,D
sz000021,深科技,2025-09-23 10:23:57,22.58,11700,22.57,E
sz000021,深科技,2025-09-23 10:24:00,22.57,23100,22.58,D
sz000021,深科技,2025-09-23 10:24:06,22.56,42400,22.56,D
sz000021,深科技,2025-09-23 10:24:09,22.56,11100,22.56,D
sz000021,深科技,2025-09-23 10:24:12,22.55,17600,22.56,D
sz000021,深科技,2025-09-23 10:24:15,22.56,155200,22.55,U
sz000021,深科技,2025-09-23 10:24:18,22.56,27466,22.56,U
sz000021,深科技,2025-09-23 10:24:21,22.56,32200,22.56,U
sz000021,深科技,2025-09-23 10:24:24,22.55,20300,22.56,E
sz000021,深科技,2025-09-23 10:24:27,22.56,51600,22.55,U
sz000021,深科技,2025-09-23 10:24:30,22.55,9900,22.56,D
sz000021,深科技,2025-09-23 10:24:33,22.56,22000,22.55,U
sz000021,深科技,2025-09-23 10:24:36,22.55,28800,22.56,D
sz000021,深科技,2025-09-23 10:24:39,22.56,51334,22.55,U
sz000021,深科技,2025-09-23 10:24:42,22.55,17200,22.56,D
sz000021,深科技,2025-09-23 10:24:45,22.55,47900,22.55,D
sz000021,深科技,2025-09-23 10:24:48,22.53,21000,22.55,D
sz000021,深科技,2025-09-23 10:24:51,22.53,57800,22.53,D
sz000021,深科技,2025-09-23 10:24:54,22.53,324700,22.53,D
sz000021,深科技,2025-09-23 10:24:57,22.5,176200,22.53,D
sz000021,深科技,2025-09-23 10:25:00,22.5,202400,22.5,D
sz000021,深科技,2025-09-23 10:25:03,22.5,199500,22.5,D
sz000021,深科技,2025-09-23 10:25:06,22.49,41966,22.5,D
sz000021,深科技,2025-09-23 10:25:09,22.5,47700,22.49,U
sz000021,深科技,2025-09-23 10:25:12,22.49,18600,22.5,D
sz000021,深科技,2025-09-23 10:25:15,22.49,78200,22.49,D
sz000021,深科技,2025-09-23 10:25:18,22.49,13300,22.49,U
sz000021,深科技,2025-09-23 10:25:21,22.48,74300,22.49,D
sz000021,深科技,2025-09-23 10:25:24,22.49,122400,22.48,U
sz000021,深科技,2025-09-23 10:25:27,22.48,151800,22.49,D
sz000021,深科技,2025-09-23 10:25:30,22.48,25800,22.48,D
sz000021,深科技,2025-09-23 10:25:33,22.48,50800,22.48,U
sz000021,深科技,2025-09-23 10:25:36,22.47,42800,22.48,E
sz000021,深科技,2025-09-23 10:25:39,22.48,50502,22.47,U
sz000021,深科技,2025-09-23 10:25:42,22.47,30300,22.48,D
sz000021,深科技,2025-09-23 10:25:45,22.46,32300,22.47,D
sz000021,深科技,2025-09-23 10:25:48,22.46,41798,22.46,D
sz000021,深科技,2025-09-23 10:25:51,22.46,30000,22.46,U
sz000021,深科技,2025-09-23 10:25:54,22.46,84000,22.46,U
sz000021,深科技,2025-09-23 10:25:57,22.45,49300,22.46,D
sz000021,深科技,2025-09-23 10:26:00,22.45,188202,22.45,D
sz000021,深科技,2025-09-23 10:26:03,22.5,158500,22.45,U
sz000021,深科技,2025-09-23 10:26:06,22.5,42300,22.5,D
sz000021,深科技,2025-09-23 10:26:09,22.5,9900,22.5,U
sz000021,深科技,2025-09-23 10:26:12,22.48,23800,22.5,D
sz000021,深科技,2025-09-23 10:26:15,22.5,31100,22.48,U
sz000021,深科技,2025-09-23 10:26:18,22.5,34900,22.5,D
sz000021,深科技,2025-09-23 10:26:21,22.49,26300,22.5,D
sz000021,深科技,2025-09-23 10:26:24,22.5,21500,22.49,U
sz000021,深科技,2025-09-23 10:26:30,22.48,10500,22.48,U
sz000021,深科技,2025-09-23 10:26:33,22.49,16100,22.48,U
sz000021,深科技,2025-09-23 10:26:36,22.48,10900,22.49,D
sz000021,深科技,2025-09-23 10:26:39,22.48,90400,22.48,U
sz000021,深科技,2025-09-23 10:26:42,22.48,31600,22.48,U
sz000021,深科技,2025-09-23 10:26:45,22.47,19300,22.48,D
sz000021,深科技,2025-09-23 10:26:48,22.47,14900,22.47,D
sz000021,深科技,2025-09-23 10:26:51,22.47,10200,22.47,D
sz000021,深科技,2025-09-23 10:26:54,22.47,18900,22.47,D
sz000021,深科技,2025-09-23 10:26:57,22.47,15400,22.47,U
sz000021,深科技,2025-09-23 10:27:00,22.46,19000,22.47,D
sz000021,深科技,2025-09-23 10:27:03,22.46,17000,22.46,D
sz000021,深科技,2025-09-23 10:27:06,22.46,17900,22.46,D
sz000021,深科技,2025-09-23 10:27:09,22.46,12700,22.46,U
sz000021,深科技,2025-09-23 10:27:12,22.46,17100,22.46,U
sz000021,深科技,2025-09-23 10:27:15,22.45,34400,22.46,D
sz000021,深科技,2025-09-23 10:27:18,22.46,30800,22.45,U
sz000021,深科技,2025-09-23 10:27:21,22.45,27000,22.46,D
sz000021,深科技,2025-09-23 10:27:24,22.45,24400,22.45,U
sz000021,深科技,2025-09-23 10:27:27,22.45,22100,22.45,U
sz000021,深科技,2025-09-23 10:27:30,22.45,27200,22.45,U
sz000021,深科技,2025-09-23 10:27:33,22.44,63598,22.45,D
sz000021,深科技,2025-09-23 10:27:36,22.46,50502,22.44,U
sz000021,深科技,2025-09-23 10:27:39,22.43,44898,22.46,D
sz000021,深科技,2025-09-23 10:27:42,22.43,22500,22.43,U
sz000021,深科技,2025-09-23 10:27:45,22.43,48100,22.43,U
sz000021,深科技,2025-09-23 10:27:48,22.42,39000,22.43,D
sz000021,深科技,2025-09-23 10:27:54,22.4,100200,22.42,D
sz000021,深科技,2025-09-23 10:27:57,22.41,35400,22.4,U
sz000021,深科技,2025-09-23 10:28:00,22.4,165300,22.41,D
sz000021,深科技,2025-09-23 10:28:03,22.42,258102,22.4,U
sz000021,深科技,2025-09-23 10:28:06,22.45,35400,22.42,U
sz000021,深科技,2025-09-23 10:28:09,22.42,27900,22.45,D
sz000021,深科技,2025-09-23 10:28:12,22.45,10700,22.42,U
sz000021,深科技,2025-09-23 10:28:15,22.42,24200,22.45,D
sz000021,深科技,2025-09-23 10:28:18,22.41,18100,22.42,D
sz000021,深科技,2025-09-23 10:28:21,22.42,26300,22.41,U
sz000021,深科技,2025-09-23 10:28:24,22.41,67400,22.42,D
sz000021,深科技,2025-09-23 10:28:33,22.41,13200,22.42,D
sz000021,深科技,2025-09-23 10:28:36,22.41,16700,22.41,D
sz000021,深科技,2025-09-23 10:28:39,22.41,86600,22.41,D
sz000021,深科技,2025-09-23 10:28:42,22.41,27700,22.41,U
sz000021,深科技,2025-09-23 10:28:45,22.41,10800,22.41,U
sz000021,深科技,2025-09-23 10:28:48,22.41,17900,22.41,U
sz000021,深科技,2025-09-23 10:28:51,22.41,86100,22.41,U
sz000021,深科技,2025-09-23 10:28:54,22.39,15600,22.41,D
sz000021,深科技,2025-09-23 10:28:57,22.39,17900,22.39,U
sz000021,深科技,2025-09-23 10:29:03,22.39,46400,22.38,U
sz000021,深科技,2025-09-23 10:29:06,22.4,62000,22.39,U
sz000021,深科技,2025-09-23 10:29:09,22.39,41300,22.4,D
sz000021,深科技,2025-09-23 10:29:12,22.38,13000,22.39,D
sz000021,深科技,2025-09-23 10:29:15,22.4,75200,22.38,U
sz000021,深科技,2025-09-23 10:29:18,22.4,15575,22.4,D
sz000021,深科技,2025-09-23 10:29:21,22.4,41900,22.4,D
sz000021,深科技,2025-09-23 10:29:24,22.4,40000,22.4,D
sz000021,深科技,2025-09-23 10:29:27,22.4,121900,22.4,U
sz000021,深科技,2025-09-23 10:29:30,22.4,19000,22.4,U
sz000021,深科技,2025-09-23 10:29:33,22.41,29900,22.4,U
sz000021,深科技,2025-09-23 10:29:36,22.4,21200,22.41,D
sz000021,深科技,2025-09-23 10:29:39,22.41,17600,22.4,D
sz000021,深科技,2025-09-23 10:29:42,22.38,65600,22.41,D
sz000021,深科技,2025-09-23 10:29:45,22.4,21500,22.38,U
sz000021,深科技,2025-09-23 10:29:48,22.39,81500,22.4,D
sz000021,深科技,2025-09-23 10:29:51,22.39,14100,22.39,D
sz000021,深科技,2025-09-23 10:29:54,22.39,62600,22.39,D
sz000021,深科技,2025-09-23 10:29:57,22.38,58200,22.39,D
sz000021,深科技,2025-09-23 10:30:00,22.38,18200,22.38,D
sz000021,深科技,2025-09-23 10:30:03,22.36,132800,22.38,D
sz000021,深科技,2025-09-23 10:30:06,22.35,41100,22.36,D
sz000021,深科技,2025-09-23 10:30:09,22.35,12400,22.35,D
sz000021,深科技,2025-09-23 10:30:12,22.35,24800,22.35,D
sz000021,深科技,2025-09-23 10:30:15,22.35,56600,22.35,D
sz000021,深科技,2025-09-23 10:30:18,22.34,29300,22.35,D
sz000021,深科技,2025-09-23 10:30:21,22.34,33600,22.34,D
sz000021,深科技,2025-09-23 10:30:24,22.35,153900,22.34,U
sz000021,深科技,2025-09-23 10:30:27,22.34,161000,22.35,D
sz000021,深科技,2025-09-23 10:30:30,22.35,66000,22.34,E
sz000021,深科技,2025-09-23 10:30:33,22.34,37200,22.35,D
sz000021,深科技,2025-09-23 10:30:36,22.39,38700,22.34,U
sz000021,深科技,2025-09-23 10:30:39,22.36,125100,22.39,E
sz000021,深科技,2025-09-23 10:30:42,22.37,30900,22.36,E
sz000021,深科技,2025-09-23 10:30:45,22.39,57000,22.37,E
sz000021,深科技,2025-09-23 10:30:48,22.36,26700,22.39,D
sz000021,深科技,2025-09-23 10:30:51,22.36,16400,22.36,D
sz000021,深科技,2025-09-23 10:30:54,22.36,45200,22.36,D
sz000021,深科技,2025-09-23 10:30:57,22.37,17000,22.36,E
sz000021,深科技,2025-09-23 10:31:00,22.38,32500,22.37,E
sz000021,深科技,2025-09-23 10:31:03,22.36,44400,22.38,D
sz000021,深科技,2025-09-23 10:31:09,22.37,17600,22.38,D
sz000021,深科技,2025-09-23 10:31:12,22.37,25300,22.37,D
sz000021,深科技,2025-09-23 10:31:15,22.36,28000,22.37,D
sz000021,深科技,2025-09-23 10:31:18,22.36,12500,22.36,D
sz000021,深科技,2025-09-23 10:31:21,22.36,16800,22.36,D
sz000021,深科技,2025-09-23 10:31:27,22.35,75300,22.36,D
sz000021,深科技,2025-09-23 10:31:30,22.36,108000,22.35,U
sz000021,深科技,2025-09-23 10:31:33,22.37,38600,22.36,E
sz000021,深科技,2025-09-23 10:31:36,22.38,14500,22.37,U
sz000021,深科技,2025-09-23 10:31:39,22.37,64400,22.38,D
sz000021,深科技,2025-09-23 10:31:42,22.36,34100,22.37,D
sz000021,深科技,2025-09-23 10:31:45,22.36,31600,22.36,D
sz000021,深科技,2025-09-23 10:31:48,22.36,25600,22.36,D
sz000021,深科技,2025-09-23 10:31:54,22.36,23000,22.36,D
sz000021,深科技,2025-09-23 10:31:57,22.36,13500,22.36,D
sz000021,深科技,2025-09-23 10:32:00,22.36,12100,22.36,D
sz000021,深科技,2025-09-23 10:32:03,22.35,56700,22.36,D
sz000021,深科技,2025-09-23 10:32:06,22.35,21800,22.35,D
sz000021,深科技,2025-09-23 10:32:09,22.36,86800,22.35,E
sz000021,深科技,2025-09-23 10:32:12,22.37,14200,22.36,D
sz000021,深科技,2025-09-23 10:32:15,22.37,95600,22.37,E
sz000021,深科技,2025-09-23 10:32:18,22.36,37100,22.37,D
sz000021,深科技,2025-09-23 10:32:21,22.37,308727,22.36,U
sz000021,深科技,2025-09-23 10:32:33,22.36,32000,22.35,U
sz000021,深科技,2025-09-23 10:32:39,22.35,11400,22.36,D
sz000021,深科技,2025-09-23 10:32:42,22.35,16800,22.35,U
sz000021,深科技,2025-09-23 10:32:45,22.35,11200,22.35,U
sz000021,深科技,2025-09-23 10:32:48,22.34,60300,22.35,D
sz000021,深科技,2025-09-23 10:32:51,22.33,14400,22.34,D
sz000021,深科技,2025-09-23 10:32:54,22.33,62600,22.33,D
sz000021,深科技,2025-09-23 10:33:00,22.33,9500,22.33,U
sz000021,深科技,2025-09-23 10:33:03,22.32,41800,22.33,D
sz000021,深科技,2025-09-23 10:33:06,22.32,42700,22.32,D
sz000021,深科技,2025-09-23 10:33:09,22.32,48100,22.32,U
sz000021,深科技,2025-09-23 10:33:12,22.31,149200,22.32,D
sz000021,深科技,2025-09-23 10:33:15,22.3,41900,22.31,D
sz000021,深科技,2025-09-23 10:33:18,22.3,200573,22.3,D
sz000021,深科技,2025-09-23 10:33:21,22.29,98200,22.3,D
sz000021,深科技,2025-09-23 10:33:24,22.3,22600,22.29,U
sz000021,深科技,2025-09-23 10:33:27,22.29,20200,22.3,D
sz000021,深科技,2025-09-23 10:33:30,22.28,23900,22.29,D
sz000021,深科技,2025-09-23 10:33:33,22.27,48000,22.28,D
sz000021,深科技,2025-09-23 10:33:39,22.27,50327,22.28,D
sz000021,深科技,2025-09-23 10:33:42,22.26,19300,22.27,D
sz000021,深科技,2025-09-23 10:33:45,22.26,80773,22.26,D
sz000021,深科技,2025-09-23 10:33:48,22.26,89000,22.26,D
sz000021,深科技,2025-09-23 10:33:51,22.26,107900,22.26,D
sz000021,深科技,2025-09-23 10:33:54,22.27,43900,22.26,U
sz000021,深科技,2025-09-23 10:33:57,22.25,27400,22.27,D
sz000021,深科技,2025-09-23 10:34:00,22.26,19600,22.25,E
sz000021,深科技,2025-09-23 10:34:03,22.28,144400,22.26,U
sz000021,深科技,2025-09-23 10:34:06,22.33,51300,22.28,U
sz000021,深科技,2025-09-23 10:34:18,22.33,70700,22.33,D
sz000021,深科技,2025-09-23 10:34:21,22.33,16600,22.33,D
sz000021,深科技,2025-09-23 10:34:24,22.38,17800,22.33,U
sz000021,深科技,2025-09-23 10:34:27,22.38,21900,22.38,U
sz000021,深科技,2025-09-23 10:34:30,22.38,16900,22.38,U
sz000021,深科技,2025-09-23 10:34:33,22.38,52300,22.38,U
sz000021,深科技,2025-09-23 10:34:36,22.41,11600,22.38,U
sz000021,深科技,2025-09-23 10:34:39,22.39,43800,22.41,D
sz000021,深科技,2025-09-23 10:34:42,22.41,18600,22.39,U
sz000021,深科技,2025-09-23 10:34:45,22.41,56300,22.41,D
sz000021,深科技,2025-09-23 10:34:48,22.41,34600,22.41,D
sz000021,深科技,2025-09-23 10:34:57,22.44,17900,22.43,U
sz000021,深科技,2025-09-23 10:35:03,22.44,38200,22.45,D
sz000021,深科技,2025-09-23 10:35:06,22.43,94000,22.44,D
sz000021,深科技,2025-09-23 10:35:09,22.43,10600,22.43,U
sz000021,深科技,2025-09-23 10:35:12,22.45,44700,22.43,U
sz000021,深科技,2025-09-23 10:35:15,22.46,21600,22.45,U
sz000021,深科技,2025-09-23 10:35:21,22.43,44700,22.45,D
sz000021,深科技,2025-09-23 10:35:24,22.46,30800,22.43,U
sz000021,深科技,2025-09-23 10:35:27,22.45,38000,22.46,D
sz000021,深科技,2025-09-23 10:35:30,22.44,53400,22.45,D
sz000021,深科技,2025-09-23 10:35:33,22.47,32300,22.44,U
sz000021,深科技,2025-09-23 10:35:36,22.47,15400,22.47,U
sz000021,深科技,2025-09-23 10:35:39,22.48,23700,22.47,U
sz000021,深科技,2025-09-23 10:35:42,22.47,46900,22.48,D
sz000021,深科技,2025-09-23 10:35:45,22.46,45200,22.47,D
sz000021,深科技,2025-09-23 10:35:48,22.47,28300,22.46,U
sz000021,深科技,2025-09-23 10:35:51,22.47,15000,22.47,D
sz000021,深科技,2025-09-23 10:35:54,22.49,14400,22.47,U
sz000021,深科技,2025-09-23 10:36:00,22.49,20100,22.48,U
sz000021,深科技,2025-09-23 10:36:03,22.49,33700,22.49,U
sz000021,深科技,2025-09-23 10:36:06,22.49,13600,22.49,D
sz000021,深科技,2025-09-23 10:36:09,22.49,59900,22.49,U
sz000021,深科技,2025-09-23 10:36:12,22.49,33500,22.49,D
sz000021,深科技,2025-09-23 10:36:15,22.49,11700,22.49,D
sz000021,深科技,2025-09-23 10:36:18,22.5,15100,22.49,U
sz000021,深科技,2025-09-23 10:36:21,22.49,14100,22.5,D
sz000021,深科技,2025-09-23 10:36:24,22.5,41300,22.49,U
sz000021,深科技,2025-09-23 10:36:27,22.51,59600,22.5,U
sz000021,深科技,2025-09-23 10:36:36,22.51,9300,22.51,U
sz000021,深科技,2025-09-23 10:36:39,22.51,13900,22.51,D
sz000021,深科技,2025-09-23 10:36:42,22.52,18200,22.51,U
sz000021,深科技,2025-09-23 10:36:45,22.52,25900,22.52,U
sz000021,深科技,2025-09-23 10:36:51,22.52,9900,22.52,U
sz000021,深科技,2025-09-23 10:36:54,22.53,15300,22.52,U
sz000021,深科技,2025-09-23 10:36:57,22.53,12900,22.53,U
sz000021,深科技,2025-09-23 10:37:00,22.53,8900,22.53,U
sz000021,深科技,2025-09-23 10:37:06,22.53,30800,22.54,D
sz000021,深科技,2025-09-23 10:37:09,22.53,9700,22.53,D
sz000021,深科技,2025-09-23 10:37:15,22.55,33700,22.54,U
sz000021,深科技,2025-09-23 10:37:18,22.52,39000,22.55,D
sz000021,深科技,2025-09-23 10:37:24,22.52,21300,22.52,D
sz000021,深科技,2025-09-23 10:37:30,22.56,58300,22.53,U
sz000021,深科技,2025-09-23 10:37:33,22.54,21100,22.56,D
sz000021,深科技,2025-09-23 10:37:42,22.55,14800,22.54,U
sz000021,深科技,2025-09-23 10:37:45,22.53,11100,22.55,D
sz000021,深科技,2025-09-23 10:37:54,22.54,16600,22.54,U
sz000021,深科技,2025-09-23 10:37:57,22.54,9200,22.54,U
sz000021,深科技,2025-09-23 10:38:00,22.55,19500,22.54,U
sz000021,深科技,2025-09-23 10:38:06,22.53,105000,22.54,D
sz000021,深科技,2025-09-23 10:38:09,22.47,270400,22.53,D
sz000021,深科技,2025-09-23 10:38:12,22.5,18600,22.47,U
sz000021,深科技,2025-09-23 10:38:21,22.49,37500,22.49,U
sz000021,深科技,2025-09-23 10:38:27,22.45,18900,22.46,D
sz000021,深科技,2025-09-23 10:38:33,22.45,10200,22.44,E
sz000021,深科技,2025-09-23 10:38:36,22.44,9700,22.45,D
sz000021,深科技,2025-09-23 10:38:42,22.43,15000,22.44,D
sz000021,深科技,2025-09-23 10:38:45,22.44,68100,22.43,U
sz000021,深科技,2025-09-23 10:38:48,22.44,27700,22.44,U
sz000021,深科技,2025-09-23 10:38:54,22.44,107600,22.45,D
sz000021,深科技,2025-09-23 10:38:57,22.45,22900,22.44,U
sz000021,深科技,2025-09-23 10:39:03,22.46,33700,22.46,U
sz000021,深科技,2025-09-23 10:39:09,22.48,9600,22.46,U
sz000021,深科技,2025-09-23 10:39:15,22.48,17900,22.48,U
sz000021,深科技,2025-09-23 10:39:21,22.5,11300,22.5,U
sz000021,深科技,2025-09-23 10:39:27,22.49,37600,22.5,D
sz000021,深科技,2025-09-23 10:39:30,22.48,21700,22.49,D
sz000021,深科技,2025-09-23 10:39:33,22.48,9900,22.48,U
sz000021,深科技,2025-09-23 10:39:39,22.45,60000,22.48,D
sz000021,深科技,2025-09-23 10:39:45,22.47,10600,22.47,U
sz000021,深科技,2025-09-23 10:40:09,22.46,15300,22.47,D
sz000021,深科技,2025-09-23 10:40:18,22.46,30400,22.47,D
sz000021,深科技,2025-09-23 10:40:21,22.49,16000,22.46,U
sz000021,深科技,2025-09-23 10:40:24,22.45,24100,22.49,D
sz000021,深科技,2025-09-23 10:40:27,22.49,9200,22.45,U
sz000021,深科技,2025-09-23 10:40:30,22.49,33900,22.49,D
sz000021,深科技,2025-09-23 10:40:33,22.46,22500,22.49,D
sz000021,深科技,2025-09-23 10:40:39,22.48,13600,22.47,U
sz000021,深科技,2025-09-23 10:40:42,22.47,21600,22.48,E
sz000021,深科技,2025-09-23 10:40:45,22.47,27400,22.47,U
sz000021,深科技,2025-09-23 10:40:54,22.47,10000,22.48,D
sz000021,深科技,2025-09-23 10:40:57,22.45,104900,22.47,D
sz000021,深科技,2025-09-23 10:41:00,22.45,41800,22.45,D
sz000021,深科技,2025-09-23 10:41:03,22.44,35700,22.45,D
sz000021,深科技,2025-09-23 10:41:09,22.42,17800,22.44,E
sz000021,深科技,2025-09-23 10:41:12,22.38,68900,22.42,D
sz000021,深科技,2025-09-23 10:41:15,22.4,18400,22.38,U
sz000021,深科技,2025-09-23 10:41:21,22.38,22500,22.38,U
sz000021,深科技,2025-09-23 10:41:30,22.36,17400,22.36,U
sz000021,深科技,2025-09-23 10:41:33,22.37,17000,22.36,U
sz000021,深科技,2025-09-23 10:41:36,22.36,14400,22.37,E
sz000021,深科技,2025-09-23 10:41:39,22.37,24000,22.36,U
sz000021,深科技,2025-09-23 10:41:45,22.36,44800,22.37,D
sz000021,深科技,2025-09-23 10:41:51,22.41,10000,22.41,U
sz000021,深科技,2025-09-23 10:41:57,22.41,25400,22.43,D
sz000021,深科技,2025-09-23 10:42:00,22.4,21500,22.41,D
sz000021,深科技,2025-09-23 10:42:03,22.4,33600,22.4,D
sz000021,深科技,2025-09-23 10:42:06,22.4,18400,22.4,E
sz000021,深科技,2025-09-23 10:42:09,22.4,17400,22.4,U
sz000021,深科技,2025-09-23 10:42:12,22.4,9400,22.4,U
sz000021,深科技,2025-09-23 10:42:18,22.4,19800,22.39,U
sz000021,深科技,2025-09-23 10:42:21,22.38,11800,22.4,D
sz000021,深科技,2025-09-23 10:42:24,22.4,24200,22.38,U
sz000021,深科技,2025-09-23 10:42:30,22.4,9900,22.36,U
sz000021,深科技,2025-09-23 10:42:36,22.38,36100,22.41,D
sz000021,深科技,2025-09-23 10:42:39,22.42,15400,22.38,E
sz000021,深科技,2025-09-23 10:42:42,22.4,38100,22.42,D
sz000021,深科技,2025-09-23 10:42:54,22.42,9300,22.41,E
sz000021,深科技,2025-09-23 10:43:00,22.44,48400,22.45,D
sz000021,深科技,2025-09-23 10:43:03,22.47,55100,22.44,U
sz000021,深科技,2025-09-23 10:43:06,22.46,13600,22.47,D
sz000021,深科技,2025-09-23 10:43:09,22.49,20900,22.46,U
sz000021,深科技,2025-09-23 10:43:12,22.5,14000,22.49,U
sz000021,深科技,2025-09-23 10:43:15,22.5,9100,22.5,U
sz000021,深科技,2025-09-23 10:43:24,22.54,29300,22.51,U
sz000021,深科技,2025-09-23 10:43:27,22.54,27600,22.54,D
sz000021,深科技,2025-09-23 10:43:30,22.55,19700,22.54,U
sz000021,深科技,2025-09-23 10:43:33,22.55,9000,22.55,D
sz000021,深科技,2025-09-23 10:43:36,22.56,28125,22.55,U
sz000021,深科技,2025-09-23 10:43:42,22.58,54800,22.58,U
sz000021,深科技,2025-09-23 10:43:45,22.58,21400,22.58,U
sz000021,深科技,2025-09-23 10:43:48,22.59,13100,22.58,U
sz000021,深科技,2025-09-23 10:43:51,22.59,33000,22.59,D
sz000021,深科技,2025-09-23 10:43:54,22.59,20800,22.59,D
sz000021,深科技,2025-09-23 10:43:57,22.59,23900,22.59,D
sz000021,深科技,2025-09-23 10:44:00,22.58,55700,22.59,D
sz000021,深科技,2025-09-23 10:44:03,22.58,39200,22.58,D
sz000021,深科技,2025-09-23 10:44:06,22.58,20600,22.58,D
sz000021,深科技,2025-09-23 10:44:09,22.6,59400,22.58,U
sz000021,深科技,2025-09-23 10:44:12,22.59,15000,22.6,D
sz000021,深科技,2025-09-23 10:44:15,22.59,26400,22.59,U
sz000021,深科技,2025-09-23 10:44:18,22.6,28700,22.59,U
sz000021,深科技,2025-09-23 10:44:21,22.6,20300,22.6,U
sz000021,深科技,2025-09-23 10:44:24,22.6,14700,22.6,U
sz000021,深科技,2025-09-23 10:44:27,22.59,21500,22.6,D
sz000021,深科技,2025-09-23 10:44:33,22.6,15800,22.59,U
sz000021,深科技,2025-09-23 10:44:36,22.57,28800,22.6,D
sz000021,深科技,2025-09-23 10:44:39,22.59,19600,22.57,D
sz000021,深科技,2025-09-23 10:44:42,22.6,9200,22.59,U
sz000021,深科技,2025-09-23 10:44:51,22.6,12800,22.6,U
sz000021,深科技,2025-09-23 10:44:54,22.6,20100,22.6,D
sz000021,深科技,2025-09-23 10:44:57,22.61,10500,22.6,U
sz000021,深科技,2025-09-23 10:45:03,22.61,13100,22.6,U
sz000021,深科技,2025-09-23 10:45:06,22.6,30100,22.61,D
sz000021,深科技,2025-09-23 10:45:09,22.61,22600,22.6,E
sz000021,深科技,2025-09-23 10:45:12,22.6,18700,22.61,D
sz000021,深科技,2025-09-23 10:45:15,22.61,79300,22.6,U
sz000021,深科技,2025-09-23 10:45:18,22.62,12400,22.61,U
sz000021,深科技,2025-09-23 10:45:21,22.6,56800,22.62,D
sz000021,深科技,2025-09-23 10:45:24,22.6,10300,22.6,U
sz000021,深科技,2025-09-23 10:45:27,22.61,15200,22.6,U
sz000021,深科技,2025-09-23 10:45:33,22.55,71975,22.61,D
sz000021,深科技,2025-09-23 10:45:39,22.6,35200,22.58,U
sz000021,深科技,2025-09-23 10:45:42,22.58,9200,22.6,D
sz000021,深科技,2025-09-23 10:45:45,22.58,9900,22.58,D
sz000021,深科技,2025-09-23 10:45:51,22.59,31125,22.6,D
sz000021,深科技,2025-09-23 10:45:54,22.6,13700,22.59,U
sz000021,深科技,2025-09-23 10:45:57,22.6,37100,22.6,D
sz000021,深科技,2025-09-23 10:46:00,22.61,28400,22.6,U
sz000021,深科技,2025-09-23 10:46:09,22.63,29700,22.63,U
sz000021,深科技,2025-09-23 10:46:15,22.63,37300,22.63,E
sz000021,深科技,2025-09-23 10:46:18,22.6,13600,22.63,D
sz000021,深科技,2025-09-23 10:46:21,22.6,38500,22.6,D
sz000021,深科技,2025-09-23 10:46:24,22.62,20100,22.6,U
sz000021,深科技,2025-09-23 10:46:30,22.62,34100,22.6,U
sz000021,深科技,2025-09-23 10:46:33,22.6,34200,22.62,D
sz000021,深科技,2025-09-23 10:46:36,22.62,18800,22.6,U
sz000021,深科技,2025-09-23 10:46:39,22.61,17500,22.62,U
sz000021,深科技,2025-09-23 10:46:42,22.6,14700,22.61,D
sz000021,深科技,2025-09-23 10:46:45,22.6,36900,22.6,D
sz000021,深科技,2025-09-23 10:46:48,22.6,9700,22.6,D
sz000021,深科技,2025-09-23 10:46:51,22.6,12300,22.6,U
sz000021,深科技,2025-09-23 10:46:54,22.61,29600,22.6,U
sz000021,深科技,2025-09-23 10:46:57,22.6,34000,22.61,D
sz000021,深科技,2025-09-23 10:47:00,22.6,9500,22.6,U
sz000021,深科技,2025-09-23 10:47:03,22.6,12600,22.6,U
sz000021,深科技,2025-09-23 10:47:06,22.58,44200,22.6,D
sz000021,深科技,2025-09-23 10:47:09,22.6,18500,22.58,U
sz000021,深科技,2025-09-23 10:47:12,22.58,40175,22.6,D
sz000021,深科技,2025-09-23 10:47:27,22.58,20200,22.58,U
sz000021,深科技,2025-09-23 10:47:30,22.57,11000,22.58,E
sz000021,深科技,2025-09-23 10:47:33,22.58,20300,22.57,U
sz000021,深科技,2025-09-23 10:47:42,22.58,9200,22.56,U
sz000021,深科技,2025-09-23 10:47:54,22.58,15600,22.58,D
sz000021,深科技,2025-09-23 10:48:06,22.57,28400,22.58,D
sz000021,深科技,2025-09-23 10:48:15,22.61,69600,22.58,U
sz000021,深科技,2025-09-23 10:48:18,22.6,29100,22.61,D
sz000021,深科技,2025-09-23 10:48:21,22.62,22200,22.6,U
sz000021,深科技,2025-09-23 10:48:27,22.64,16700,22.63,U
sz000021,深科技,2025-09-23 10:48:30,22.63,14500,22.64,D
sz000021,深科技,2025-09-23 10:48:33,22.62,14800,22.63,D
sz000021,深科技,2025-09-23 10:48:39,22.64,10500,22.64,D
sz000021,深科技,2025-09-23 10:48:42,22.62,9000,22.64,D
sz000021,深科技,2025-09-23 10:48:45,22.64,26800,22.62,U
sz000021,深科技,2025-09-23 10:48:51,22.65,15300,22.65,U
sz000021,深科技,2025-09-23 10:48:54,22.65,23300,22.65,U
sz000021,深科技,2025-09-23 10:48:57,22.64,79400,22.65,D
sz000021,深科技,2025-09-23 10:49:00,22.63,9300,22.64,D
sz000021,深科技,2025-09-23 10:49:03,22.63,70500,22.63,D
sz000021,深科技,2025-09-23 10:49:09,22.59,13000,22.63,D
sz000021,深科技,2025-09-23 10:49:15,22.58,11800,22.59,D
sz000021,深科技,2025-09-23 10:49:18,22.58,17900,22.58,D
sz000021,深科技,2025-09-23 10:49:27,22.56,15000,22.58,D
sz000021,深科技,2025-09-23 10:49:33,22.56,14800,22.56,D
sz000021,深科技,2025-09-23 10:49:42,22.58,9200,22.56,U
sz000021,深科技,2025-09-23 10:49:51,22.57,10500,22.57,U
sz000021,深科技,2025-09-23 10:50:00,22.58,24900,22.56,U
sz000021,深科技,2025-09-23 10:50:09,22.57,21800,22.58,D
sz000021,深科技,2025-09-23 10:50:12,22.57,48300,22.57,E
sz000021,深科技,2025-09-23 10:50:18,22.58,14600,22.58,U
sz000021,深科技,2025-09-23 10:50:21,22.56,11000,22.58,D
sz000021,深科技,2025-09-23 10:50:27,22.56,41600,22.56,D
sz000021,深科技,2025-09-23 10:50:36,22.55,109800,22.56,D
sz000021,深科技,2025-09-23 10:50:39,22.55,9300,22.55,U
sz000021,深科技,2025-09-23 10:50:54,22.52,10000,22.51,U
sz000021,深科技,2025-09-23 10:50:57,22.53,18000,22.52,U
sz000021,深科技,2025-09-23 10:51:00,22.55,153300,22.53,U
sz000021,深科技,2025-09-23 10:51:03,22.56,28000,22.55,E
sz000021,深科技,2025-09-23 10:51:06,22.52,18800,22.56,D
sz000021,深科技,2025-09-23 10:51:09,22.51,14200,22.52,D
sz000021,深科技,2025-09-23 10:51:30,22.54,23100,22.54,D
sz000021,深科技,2025-09-23 10:51:39,22.54,13000,22.54,U
sz000021,深科技,2025-09-23 10:51:45,22.54,9000,22.53,U
sz000021,深科技,2025-09-23 10:51:48,22.52,23600,22.54,D
sz000021,深科技,2025-09-23 10:51:51,22.53,116700,22.52,U
sz000021,深科技,2025-09-23 10:51:54,22.52,16200,22.53,D
sz000021,深科技,2025-09-23 10:51:57,22.52,11200,22.52,U
sz000021,深科技,2025-09-23 10:52:00,22.52,11500,22.52,U
sz000021,深科技,2025-09-23 10:52:03,22.5,40400,22.52,D
sz000021,深科技,2025-09-23 10:52:06,22.51,13100,22.5,U
sz000021,深科技,2025-09-23 10:52:09,22.5,14600,22.51,D
sz000021,深科技,2025-09-23 10:52:12,22.49,27100,22.5,D
sz000021,深科技,2025-09-23 10:52:15,22.5,25400,22.49,U
sz000021,深科技,2025-09-23 10:52:18,22.5,46500,22.5,U
sz000021,深科技,2025-09-23 10:52:21,22.5,11100,22.5,D
sz000021,深科技,2025-09-23 10:52:39,22.5,9700,22.5,D
sz000021,深科技,2025-09-23 10:52:42,22.5,9600,22.5,U
sz000021,深科技,2025-09-23 10:52:54,22.46,30900,22.48,D
sz000021,深科技,2025-09-23 10:52:57,22.45,16900,22.46,D
sz000021,深科技,2025-09-23 10:53:03,22.45,9300,22.45,D
sz000021,深科技,2025-09-23 10:53:06,22.45,9100,22.45,D
sz000021,深科技,2025-09-23 10:53:09,22.42,24600,22.45,D
sz000021,深科技,2025-09-23 10:53:12,22.45,26900,22.42,U
sz000021,深科技,2025-09-23 10:53:24,22.44,10600,22.44,U
sz000021,深科技,2025-09-23 10:53:33,22.44,21900,22.43,U
sz000021,深科技,2025-09-23 10:53:36,22.44,9900,22.44,U
sz000021,深科技,2025-09-23 10:53:39,22.44,14900,22.44,D
sz000021,深科技,2025-09-23 10:53:42,22.45,9200,22.44,U
sz000021,深科技,2025-09-23 10:54:00,22.46,20900,22.48,D
sz000021,深科技,2025-09-23 10:54:03,22.47,17600,22.46,U
sz000021,深科技,2025-09-23 10:54:18,22.46,10300,22.48,D
sz000021,深科技,2025-09-23 10:54:24,22.51,12900,22.49,U
sz000021,深科技,2025-09-23 10:54:33,22.5,19600,22.49,U
sz000021,深科技,2025-09-23 10:54:36,22.52,10200,22.5,U
sz000021,深科技,2025-09-23 10:55:00,22.54,19000,22.52,U
sz000021,深科技,2025-09-23 10:55:03,22.52,29300,22.54,D
sz000021,深科技,2025-09-23 10:55:06,22.5,16300,22.52,D
sz000021,深科技,2025-09-23 10:55:09,22.52,11800,22.5,U
sz000021,深科技,2025-09-23 10:55:12,22.5,29500,22.52,D
sz000021,深科技,2025-09-23 10:55:15,22.52,16900,22.5,U
sz000021,深科技,2025-09-23 10:55:18,22.45,101200,22.52,D
sz000021,深科技,2025-09-23 10:55:21,22.45,22100,22.45,U
sz000021,深科技,2025-09-23 10:55:36,22.45,11500,22.44,U
sz000021,深科技,2025-09-23 10:55:57,22.46,22400,22.48,U
sz000021,深科技,2025-09-23 10:56:00,22.44,15200,22.46,D
sz000021,深科技,2025-09-23 10:56:03,22.44,76200,22.44,D
sz000021,深科技,2025-09-23 10:56:06,22.44,13200,22.44,U
sz000021,深科技,2025-09-23 10:56:09,22.41,9100,22.44,D
sz000021,深科技,2025-09-23 10:56:12,22.44,51700,22.41,U
sz000021,深科技,2025-09-23 10:56:15,22.42,28300,22.44,D
sz000021,深科技,2025-09-23 10:56:30,22.46,15300,22.45,U
sz000021,深科技,2025-09-23 10:56:39,22.47,14500,22.45,U
sz000021,深科技,2025-09-23 10:56:42,22.46,17400,22.47,D
sz000021,深科技,2025-09-23 10:56:48,22.47,10800,22.48,D
sz000021,深科技,2025-09-23 10:57:15,22.48,21200,22.48,D
sz000021,深科技,2025-09-23 10:57:30,22.48,10900,22.48,D
sz000021,深科技,2025-09-23 10:57:45,22.49,16100,22.46,U
sz000021,深科技,2025-09-23 10:58:03,22.48,14000,22.49,D
sz000021,深科技,2025-09-23 10:58:09,22.48,22900,22.48,U
sz000021,深科技,2025-09-23 10:58:12,22.46,9100,22.48,D
sz000021,深科技,2025-09-23 10:58:24,22.46,20500,22.47,D
sz000021,深科技,2025-09-23 10:58:30,22.46,24800,22.46,U
sz000021,深科技,2025-09-23 10:58:33,22.45,14500,22.46,D
sz000021,深科技,2025-09-23 10:58:51,22.42,22400,22.42,D
sz000021,深科技,2025-09-23 10:58:54,22.42,11500,22.42,U
sz000021,深科技,2025-09-23 10:59:00,22.43,41900,22.43,U
sz000021,深科技,2025-09-23 10:59:12,22.5,135600,22.47,U
sz000021,深科技,2025-09-23 10:59:15,22.5,25800,22.5,U
sz000021,深科技,2025-09-23 10:59:18,22.52,14800,22.5,U
sz000021,深科技,2025-09-23 10:59:21,22.51,17300,22.52,D
sz000021,深科技,2025-09-23 10:59:39,22.51,10100,22.54,D
sz000021,深科技,2025-09-23 10:59:42,22.5,24800,22.51,D
sz000021,深科技,2025-09-23 10:59:45,22.56,15300,22.5,U
sz000021,深科技,2025-09-23 10:59:54,22.52,21400,22.55,D
sz000021,深科技,2025-09-23 10:59:57,22.55,11100,22.52,U
sz000021,深科技,2025-09-23 11:00:00,22.55,11700,22.55,U
sz000021,深科技,2025-09-23 11:00:06,22.52,10000,22.51,E
sz000021,深科技,2025-09-23 11:00:09,22.55,26900,22.52,U
sz000021,深科技,2025-09-23 11:00:18,22.52,13000,22.55,D
sz000021,深科技,2025-09-23 11:00:24,22.51,41700,22.53,D
sz000021,深科技,2025-09-23 11:00:27,22.51,9200,22.51,U
sz000021,深科技,2025-09-23 11:01:03,22.45,14100,22.48,D
sz000021,深科技,2025-09-23 11:01:06,22.43,35100,22.45,D
sz000021,深科技,2025-09-23 11:01:39,22.43,14200,22.44,D
sz000021,深科技,2025-09-23 11:01:45,22.42,10800,22.43,D
sz000021,深科技,2025-09-23 11:02:00,22.42,15000,22.43,D
sz000021,深科技,2025-09-23 11:02:03,22.43,33900,22.42,U
sz000021,深科技,2025-09-23 11:02:06,22.47,17000,22.43,U
sz000021,深科技,2025-09-23 11:02:09,22.46,43600,22.47,D
sz000021,深科技,2025-09-23 11:02:30,22.46,84100,22.46,U
sz000021,深科技,2025-09-23 11:02:36,22.46,21000,22.42,U
sz000021,深科技,2025-09-23 11:02:42,22.45,10900,22.43,U
sz000021,深科技,2025-09-23 11:03:06,22.45,41800,22.44,U
sz000021,深科技,2025-09-23 11:03:09,22.43,52600,22.45,U
sz000021,深科技,2025-09-23 11:03:18,22.47,37000,22.46,U
sz000021,深科技,2025-09-23 11:03:24,22.46,17500,22.47,D
sz000021,深科技,2025-09-23 11:03:33,22.5,9400,22.48,U
sz000021,深科技,2025-09-23 11:03:42,22.48,9000,22.49,D
sz000021,深科技,2025-09-23 11:03:45,22.42,54300,22.48,D
sz000021,深科技,2025-09-23 11:03:51,22.43,16000,22.43,U
sz000021,深科技,2025-09-23 11:04:03,22.43,15600,22.44,D
sz000021,深科技,2025-09-23 11:04:06,22.44,19800,22.43,D
sz000021,深科技,2025-09-23 11:04:21,22.45,47300,22.45,D
sz000021,深科技,2025-09-23 11:04:39,22.44,28300,22.44,U
sz000021,深科技,2025-09-23 11:04:54,22.46,14100,22.45,U
sz000021,深科技,2025-09-23 11:04:57,22.44,10200,22.46,D
sz000021,深科技,2025-09-23 11:05:39,22.49,11400,22.49,D
sz000021,深科技,2025-09-23 11:05:48,22.49,18800,22.48,E
sz000021,深科技,2025-09-23 11:05:51,22.47,13000,22.49,D
sz000021,深科技,2025-09-23 11:05:54,22.45,25300,22.47,D
sz000021,深科技,2025-09-23 11:06:03,22.45,25300,22.47,D
sz000021,深科技,2025-09-23 11:06:42,22.46,15400,22.48,D
sz000021,深科技,2025-09-23 11:06:45,22.46,15500,22.46,D
sz000021,深科技,2025-09-23 11:07:39,22.49,23800,22.49,U
sz000021,深科技,2025-09-23 11:07:42,22.48,52200,22.49,D
sz000021,深科技,2025-09-23 11:07:48,22.5,9200,22.49,U
sz000021,深科技,2025-09-23 11:07:57,22.51,28700,22.51,U
sz000021,深科技,2025-09-23 11:08:00,22.49,71200,22.51,D
sz000021,深科技,2025-09-23 11:08:06,22.48,22800,22.48,D
sz000021,深科技,2025-09-23 11:08:09,22.48,52800,22.48,D
sz000021,深科技,2025-09-23 11:08:12,22.49,32100,22.48,U
sz000021,深科技,2025-09-23 11:08:39,22.47,10100,22.49,D
sz000021,深科技,2025-09-23 11:08:42,22.47,26800,22.47,D
sz000021,深科技,2025-09-23 11:08:45,22.47,13400,22.47,D
sz000021,深科技,2025-09-23 11:08:51,22.47,43400,22.47,U
sz000021,深科技,2025-09-23 11:09:03,22.44,11700,22.46,D
sz000021,深科技,2025-09-23 11:09:06,22.45,11500,22.44,U
sz000021,深科技,2025-09-23 11:10:15,22.48,21900,22.47,U
sz000021,深科技,2025-09-23 11:10:21,22.49,14200,22.49,U
sz000021,深科技,2025-09-23 11:10:24,22.5,110600,22.49,U
sz000021,深科技,2025-09-23 11:11:06,22.48,12400,22.47,E
sz000021,深科技,2025-09-23 11:11:12,22.47,12500,22.47,D
sz000021,深科技,2025-09-23 11:11:51,22.46,19300,22.46,D
sz000021,深科技,2025-09-23 11:12:03,22.45,9000,22.45,D
sz000021,深科技,2025-09-23 11:12:06,22.43,66600,22.45,D
sz000021,深科技,2025-09-23 11:12:12,22.45,11500,22.43,U
sz000021,深科技,2025-09-23 11:12:15,22.43,19400,22.45,E
sz000021,深科技,2025-09-23 11:12:18,22.42,25200,22.43,D
sz000021,深科技,2025-09-23 11:12:21,22.43,10000,22.42,U
sz000021,深科技,2025-09-23 11:12:24,22.4,138300,22.43,D
sz000021,深科技,2025-09-23 11:12:27,22.4,18300,22.4,U
sz000021,深科技,2025-09-23 11:12:30,22.39,10000,22.4,D
sz000021,深科技,2025-09-23 11:12:36,22.4,14600,22.4,U
sz000021,深科技,2025-09-23 11:12:39,22.4,117700,22.4,U
sz000021,深科技,2025-09-23 11:13:06,22.45,12500,22.44,U
sz000021,深科技,2025-09-23 11:13:15,22.44,13100,22.44,D
sz000021,深科技,2025-09-23 11:13:27,22.44,15400,22.44,D
sz000021,深科技,2025-09-23 11:13:39,22.44,11200,22.44,U
sz000021,深科技,2025-09-23 11:13:45,22.45,10300,22.45,U
sz000021,深科技,2025-09-23 11:14:00,22.4,49100,22.42,D
sz000021,深科技,2025-09-23 11:14:24,22.41,13300,22.42,D
sz000021,深科技,2025-09-23 11:14:39,22.39,10200,22.4,D
sz000021,深科技,2025-09-23 11:15:00,22.4,17000,22.4,U
sz000021,深科技,2025-09-23 11:15:15,22.4,14100,22.39,U
sz000021,深科技,2025-09-23 11:15:18,22.4,9000,22.4,U
sz000021,深科技,2025-09-23 11:15:33,22.39,14900,22.39,D
sz000021,深科技,2025-09-23 11:15:57,22.38,46200,22.39,D
sz000021,深科技,2025-09-23 11:16:24,22.38,12600,22.4,D
sz000021,深科技,2025-09-23 11:16:30,22.39,26100,22.38,U
sz000021,深科技,2025-09-23 11:16:33,22.39,12000,22.39,U
sz000021,深科技,2025-09-23 11:16:36,22.38,34100,22.39,D
sz000021,深科技,2025-09-23 11:16:48,22.4,15800,22.39,U
sz000021,深科技,2025-09-23 11:16:54,22.39,29400,22.4,D
sz000021,深科技,2025-09-23 11:16:57,22.4,19800,22.39,D
sz000021,深科技,2025-09-23 11:17:06,22.4,18500,22.4,U
sz000021,深科技,2025-09-23 11:17:09,22.4,16900,22.4,U
sz000021,深科技,2025-09-23 11:17:18,22.45,27600,22.42,U
sz000021,深科技,2025-09-23 11:17:21,22.41,21400,22.45,D
sz000021,深科技,2025-09-23 11:17:30,22.41,9800,22.41,D
sz000021,深科技,2025-09-23 11:17:45,22.41,36800,22.41,U
sz000021,深科技,2025-09-23 11:18:06,22.41,11300,22.4,E
sz000021,深科技,2025-09-23 11:18:21,22.43,10900,22.42,U
sz000021,深科技,2025-09-23 11:18:39,22.4,17700,22.44,D
sz000021,深科技,2025-09-23 11:19:15,22.4,15800,22.42,D
sz000021,深科技,2025-09-23 11:19:18,22.43,11600,22.4,U
sz000021,深科技,2025-09-23 11:19:21,22.4,25400,22.43,D
sz000021,深科技,2025-09-23 11:19:30,22.41,11600,22.4,U
sz000021,深科技,2025-09-23 11:19:39,22.4,21500,22.42,D
sz000021,深科技,2025-09-23 11:19:54,22.43,38200,22.41,E
sz000021,深科技,2025-09-23 11:20:06,22.41,10400,22.43,D
sz000021,深科技,2025-09-23 11:20:18,22.42,18900,22.44,D
sz000021,深科技,2025-09-23 11:20:33,22.43,9100,22.43,D
sz000021,深科技,2025-09-23 11:20:42,22.42,27600,22.43,D
sz000021,深科技,2025-09-23 11:20:48,22.41,11500,22.41,D
sz000021,深科技,2025-09-23 11:20:57,22.42,24100,22.41,U
sz000021,深科技,2025-09-23 11:21:03,22.4,32300,22.4,D
sz000021,深科技,2025-09-23 11:21:06,22.44,10200,22.4,U
sz000021,深科技,2025-09-23 11:21:24,22.41,17500,22.4,U
sz000021,深科技,2025-09-23 11:21:27,22.4,13100,22.41,D
sz000021,深科技,2025-09-23 11:21:36,22.38,49700,22.39,D
sz000021,深科技,2025-09-23 11:21:51,22.38,47800,22.38,D
sz000021,深科技,2025-09-23 11:22:00,22.37,82100,22.37,D
sz000021,深科技,2025-09-23 11:22:03,22.37,16800,22.37,U
sz000021,深科技,2025-09-23 11:22:12,22.37,54200,22.38,D
sz000021,深科技,2025-09-23 11:22:24,22.37,26300,22.37,D
sz000021,深科技,2025-09-23 11:22:30,22.35,52000,22.37,D
sz000021,深科技,2025-09-23 11:22:39,22.35,10600,22.36,D
sz000021,深科技,2025-09-23 11:22:45,22.35,14000,22.35,D
sz000021,深科技,2025-09-23 11:22:54,22.34,9100,22.35,D
sz000021,深科技,2025-09-23 11:22:57,22.34,39100,22.34,D
sz000021,深科技,2025-09-23 11:23:00,22.36,46700,22.34,U
sz000021,深科技,2025-09-23 11:23:12,22.35,39800,22.36,D
sz000021,深科技,2025-09-23 11:23:18,22.36,23700,22.34,U
sz000021,深科技,2025-09-23 11:23:21,22.36,46900,22.36,D
sz000021,深科技,2025-09-23 11:23:27,22.34,27600,22.35,D
sz000021,深科技,2025-09-23 11:23:33,22.34,13300,22.35,D
sz000021,深科技,2025-09-23 11:23:36,22.35,10600,22.34,U
sz000021,深科技,2025-09-23 11:23:42,22.34,19100,22.35,D
sz000021,深科技,2025-09-23 11:23:51,22.35,16300,22.34,U
sz000021,深科技,2025-09-23 11:23:54,22.33,13900,22.35,D
sz000021,深科技,2025-09-23 11:24:03,22.33,9100,22.33,D
sz000021,深科技,2025-09-23 11:24:09,22.33,19000,22.33,D
sz000021,深科技,2025-09-23 11:24:12,22.33,11700,22.33,D
sz000021,深科技,2025-09-23 11:24:15,22.34,55600,22.33,D
sz000021,深科技,2025-09-23 11:24:21,22.34,21100,22.34,D
sz000021,深科技,2025-09-23 11:24:27,22.31,75300,22.33,D
sz000021,深科技,2025-09-23 11:24:36,22.31,89200,22.33,D
sz000021,深科技,2025-09-23 11:24:39,22.3,196900,22.31,D
sz000021,深科技,2025-09-23 11:24:42,22.3,12800,22.3,U
sz000021,深科技,2025-09-23 11:24:45,22.3,18000,22.3,U
sz000021,深科技,2025-09-23 11:24:48,22.3,139400,22.3,U
sz000021,深科技,2025-09-23 11:24:51,22.3,19700,22.3,U
sz000021,深科技,2025-09-23 11:24:54,22.3,16600,22.3,D
sz000021,深科技,2025-09-23 11:24:57,22.3,32000,22.3,D
sz000021,深科技,2025-09-23 11:25:06,22.3,14000,22.29,U
sz000021,深科技,2025-09-23 11:25:12,22.28,19600,22.29,D
sz000021,深科技,2025-09-23 11:25:18,22.28,26000,22.29,D
sz000021,深科技,2025-09-23 11:25:24,22.28,11600,22.28,U
sz000021,深科技,2025-09-23 11:25:27,22.28,61200,22.28,U
sz000021,深科技,2025-09-23 11:25:30,22.27,17700,22.28,D
sz000021,深科技,2025-09-23 11:25:33,22.27,18200,22.27,U
sz000021,深科技,2025-09-23 11:25:39,22.28,134000,22.27,U
sz000021,深科技,2025-09-23 11:25:42,22.26,16100,22.28,D
sz000021,深科技,2025-09-23 11:25:45,22.28,65000,22.26,U
sz000021,深科技,2025-09-23 11:25:48,22.27,20200,22.28,D
sz000021,深科技,2025-09-23 11:25:54,22.26,14600,22.27,D
sz000021,深科技,2025-09-23 11:25:57,22.26,21000,22.26,D
sz000021,深科技,2025-09-23 11:26:00,22.26,17200,22.26,D
sz000021,深科技,2025-09-23 11:26:03,22.25,115700,22.26,D
sz000021,深科技,2025-09-23 11:26:06,22.25,37000,22.25,D
sz000021,深科技,2025-09-23 11:26:09,22.25,10100,22.25,D
sz000021,深科技,2025-09-23 11:26:15,22.25,10600,22.25,D
sz000021,深科技,2025-09-23 11:26:18,22.25,22100,22.25,D
sz000021,深科技,2025-09-23 11:26:21,22.27,17400,22.25,U
sz000021,深科技,2025-09-23 11:26:27,22.27,38500,22.26,U
sz000021,深科技,2025-09-23 11:26:30,22.27,10700,22.27,U
sz000021,深科技,2025-09-23 11:26:33,22.26,23900,22.27,D
sz000021,深科技,2025-09-23 11:26:36,22.27,12500,22.26,E
sz000021,深科技,2025-09-23 11:26:42,22.26,23200,22.28,D
sz000021,深科技,2025-09-23 11:26:45,22.28,9500,22.26,U
sz000021,深科技,2025-09-23 11:26:54,22.26,15300,22.27,D
sz000021,深科技,2025-09-23 11:26:57,22.28,36458,22.26,U
sz000021,深科技,2025-09-23 11:27:00,22.27,31000,22.28,D
sz000021,深科技,2025-09-23 11:27:03,22.27,20600,22.27,D
sz000021,深科技,2025-09-23 11:27:06,22.28,24200,22.27,U
sz000021,深科技,2025-09-23 11:27:09,22.28,9300,22.28,U
sz000021,深科技,2025-09-23 11:27:18,22.27,18642,22.27,D
sz000021,深科技,2025-09-23 11:27:21,22.27,32800,22.27,U
sz000021,深科技,2025-09-23 11:27:27,22.27,11900,22.27,U
sz000021,深科技,2025-09-23 11:27:30,22.26,43500,22.27,D
sz000021,深科技,2025-09-23 11:27:33,22.26,11000,22.26,U
sz000021,深科技,2025-09-23 11:27:42,22.27,166600,22.26,U
sz000021,深科技,2025-09-23 11:27:54,22.25,13600,22.25,D
sz000021,深科技,2025-09-23 11:28:00,22.25,18700,22.25,D
sz000021,深科技,2025-09-23 11:28:03,22.24,10700,22.25,D
sz000021,深科技,2025-09-23 11:28:15,22.24,9300,22.24,D
sz000021,深科技,2025-09-23 11:28:18,22.24,30200,22.24,D
sz000021,深科技,2025-09-23 11:28:21,22.22,266500,22.24,D
sz000021,深科技,2025-09-23 11:28:24,22.24,101700,22.22,E
sz000021,深科技,2025-09-23 11:28:27,22.23,27000,22.24,E
sz000021,深科技,2025-09-23 11:28:30,22.22,13100,22.23,D
sz000021,深科技,2025-09-23 11:28:33,22.23,11100,22.22,U
sz000021,深科技,2025-09-23 11:28:36,22.23,65600,22.23,U
sz000021,深科技,2025-09-23 11:28:39,22.22,18700,22.23,D
sz000021,深科技,2025-09-23 11:28:48,22.22,30300,22.23,D
sz000021,深科技,2025-09-23 11:28:57,22.23,23200,22.22,E
sz000021,深科技,2025-09-23 11:29:03,22.21,11100,22.22,D
sz000021,深科技,2025-09-23 11:29:06,22.21,9100,22.21,D
sz000021,深科技,2025-09-23 11:29:09,22.22,56600,22.21,U
sz000021,深科技,2025-09-23 11:29:12,22.21,40800,22.22,D
sz000021,深科技,2025-09-23 11:29:15,22.24,69200,22.21,U
sz000021,深科技,2025-09-23 11:29:21,22.25,25200,22.22,U
sz000021,深科技,2025-09-23 11:29:30,22.24,38800,22.25,D
sz000021,深科技,2025-09-23 11:29:33,22.25,31600,22.24,U
sz000021,深科技,2025-09-23 11:29:36,22.25,9000,22.25,U
sz000021,深科技,2025-09-23 11:29:45,22.23,12900,22.23,D
sz000021,深科技,2025-09-23 11:29:48,22.23,20400,22.23,U
sz000021,深科技,2025-09-23 11:29:54,22.24,28800,22.24,U
sz000021,深科技,2025-09-23 11:29:57,22.22,24100,22.24,D
sz000021,深科技,2025-09-23 13:00:00,22.21,100400,22.23,D
sz000021,深科技,2025-09-23 13:00:03,22.2,497100,22.21,D
sz000021,深科技,2025-09-23 13:00:06,22.22,99000,22.2,U
sz000021,深科技,2025-09-23 13:00:09,22.22,49000,22.22,U
sz000021,深科技,2025-09-23 13:00:12,22.25,80500,22.22,U
sz000021,深科技,2025-09-23 13:00:15,22.26,22600,22.25,U
sz000021,深科技,2025-09-23 13:00:21,22.25,17900,22.26,D
sz000021,深科技,2025-09-23 13:00:33,22.24,49900,22.25,D
sz000021,深科技,2025-09-23 13:00:42,22.26,80240,22.25,U
sz000021,深科技,2025-09-23 13:00:45,22.24,189942,22.26,D
sz000021,深科技,2025-09-23 13:00:51,22.26,77100,22.28,D
sz000021,深科技,2025-09-23 13:00:57,22.26,14800,22.26,D
sz000021,深科技,2025-09-23 13:01:00,22.27,11500,22.26,U
sz000021,深科技,2025-09-23 13:01:03,22.25,36300,22.27,D
sz000021,深科技,2025-09-23 13:01:06,22.27,22800,22.25,D
sz000021,深科技,2025-09-23 13:01:12,22.31,38900,22.29,U
sz000021,深科技,2025-09-23 13:01:15,22.28,14800,22.31,D
sz000021,深科技,2025-09-23 13:01:21,22.29,18300,22.29,D
sz000021,深科技,2025-09-23 13:01:39,22.33,10500,22.32,U
sz000021,深科技,2025-09-23 13:01:45,22.33,17300,22.32,U
sz000021,深科技,2025-09-23 13:01:57,22.31,27000,22.33,D
sz000021,深科技,2025-09-23 13:02:09,22.3,55600,22.31,D
sz000021,深科技,2025-09-23 13:02:12,22.29,13000,22.3,D
sz000021,深科技,2025-09-23 13:02:21,22.29,16100,22.28,E
sz000021,深科技,2025-09-23 13:02:27,22.28,46700,22.29,D
sz000021,深科技,2025-09-23 13:02:30,22.27,35000,22.28,D
sz000021,深科技,2025-09-23 13:02:33,22.27,13200,22.27,D
sz000021,深科技,2025-09-23 13:02:36,22.26,20300,22.27,D
sz000021,深科技,2025-09-23 13:02:39,22.26,19200,22.26,D
sz000021,深科技,2025-09-23 13:02:48,22.23,11600,22.25,D
sz000021,深科技,2025-09-23 13:02:57,22.23,11800,22.23,D
sz000021,深科技,2025-09-23 13:03:00,22.23,11100,22.23,D
sz000021,深科技,2025-09-23 13:03:06,22.25,30200,22.23,U
sz000021,深科技,2025-09-23 13:03:15,22.25,26300,22.26,D
sz000021,深科技,2025-09-23 13:03:21,22.25,12200,22.25,D
sz000021,深科技,2025-09-23 13:03:33,22.23,11000,22.24,D
sz000021,深科技,2025-09-23 13:03:48,22.24,35800,22.24,U
sz000021,深科技,2025-09-23 13:04:06,22.23,16100,22.23,D
sz000021,深科技,2025-09-23 13:04:15,22.23,20100,22.23,D
sz000021,深科技,2025-09-23 13:04:18,22.26,42000,22.23,U
sz000021,深科技,2025-09-23 13:04:21,22.23,11900,22.26,D
sz000021,深科技,2025-09-23 13:04:36,22.24,22300,22.25,D
sz000021,深科技,2025-09-23 13:04:39,22.24,12600,22.24,U
sz000021,深科技,2025-09-23 13:04:42,22.25,13500,22.24,U
sz000021,深科技,2025-09-23 13:04:45,22.24,9900,22.25,D
sz000021,深科技,2025-09-23 13:04:48,22.25,19000,22.24,U
sz000021,深科技,2025-09-23 13:04:51,22.25,11800,22.25,U
sz000021,深科技,2025-09-23 13:05:03,22.24,20800,22.24,D
sz000021,深科技,2025-09-23 13:05:15,22.25,11800,22.25,U
sz000021,深科技,2025-09-23 13:05:21,22.24,26000,22.24,D
sz000021,深科技,2025-09-23 13:05:24,22.24,17000,22.24,D
sz000021,深科技,2025-09-23 13:05:45,22.24,17200,22.23,U
sz000021,深科技,2025-09-23 13:05:51,22.23,15300,22.24,D
sz000021,深科技,2025-09-23 13:06:03,22.22,46100,22.23,D
sz000021,深科技,2025-09-23 13:06:09,22.21,43500,22.22,D
sz000021,深科技,2025-09-23 13:06:15,22.2,101900,22.21,D
sz000021,深科技,2025-09-23 13:06:21,22.2,24600,22.21,D
sz000021,深科技,2025-09-23 13:06:24,22.19,82727,22.2,D
sz000021,深科技,2025-09-23 13:06:27,22.18,45300,22.19,D
sz000021,深科技,2025-09-23 13:06:33,22.18,31100,22.18,D
sz000021,深科技,2025-09-23 13:06:36,22.16,40000,22.18,D
sz000021,深科技,2025-09-23 13:06:39,22.17,19800,22.16,U
sz000021,深科技,2025-09-23 13:06:45,22.17,10500,22.17,D
sz000021,深科技,2025-09-23 13:06:48,22.16,68100,22.17,D
sz000021,深科技,2025-09-23 13:06:51,22.17,23300,22.16,U
sz000021,深科技,2025-09-23 13:06:54,22.16,86200,22.17,D
sz000021,深科技,2025-09-23 13:06:57,22.16,55300,22.16,D
sz000021,深科技,2025-09-23 13:07:00,22.16,19900,22.16,U
sz000021,深科技,2025-09-23 13:07:03,22.15,9200,22.16,D
sz000021,深科技,2025-09-23 13:07:06,22.16,22500,22.15,U
sz000021,深科技,2025-09-23 13:07:09,22.17,84800,22.16,U
sz000021,深科技,2025-09-23 13:07:12,22.18,16600,22.17,U
sz000021,深科技,2025-09-23 13:07:15,22.21,127073,22.18,U
sz000021,深科技,2025-09-23 13:07:18,22.23,9000,22.21,U
sz000021,深科技,2025-09-23 13:07:21,22.23,21000,22.23,U
sz000021,深科技,2025-09-23 13:07:24,22.23,14800,22.23,D
sz000021,深科技,2025-09-23 13:07:27,22.23,13300,22.23,D
sz000021,深科技,2025-09-23 13:07:30,22.25,31300,22.23,U
sz000021,深科技,2025-09-23 13:07:33,22.24,9100,22.25,D
sz000021,深科技,2025-09-23 13:07:36,22.25,36800,22.24,U
sz000021,深科技,2025-09-23 13:07:39,22.25,15900,22.25,D
sz000021,深科技,2025-09-23 13:07:45,22.25,17400,22.25,D
sz000021,深科技,2025-09-23 13:07:48,22.26,11100,22.25,U
sz000021,深科技,2025-09-23 13:08:03,22.25,20200,22.25,D
sz000021,深科技,2025-09-23 13:08:09,22.26,34700,22.26,U
sz000021,深科技,2025-09-23 13:08:12,22.26,12700,22.26,D
sz000021,深科技,2025-09-23 13:08:24,22.25,14500,22.25,D
sz000021,深科技,2025-09-23 13:08:30,22.29,57800,22.28,U
sz000021,深科技,2025-09-23 13:08:42,22.3,51800,22.29,U
sz000021,深科技,2025-09-23 13:08:57,22.32,17991,22.32,D
sz000021,深科技,2025-09-23 13:09:03,22.3,18200,22.32,D
sz000021,深科技,2025-09-23 13:09:06,22.35,52700,22.3,U
sz000021,深科技,2025-09-23 13:09:09,22.31,11200,22.35,U
sz000021,深科技,2025-09-23 13:09:12,22.31,10900,22.31,U
sz000021,深科技,2025-09-23 13:09:18,22.28,13300,22.29,D
sz000021,深科技,2025-09-23 13:09:27,22.27,9400,22.29,D
sz000021,深科技,2025-09-23 13:09:51,22.26,28200,22.28,D
sz000021,深科技,2025-09-23 13:09:54,22.28,12000,22.26,D
sz000021,深科技,2025-09-23 13:10:03,22.28,9400,22.29,D
sz000021,深科技,2025-09-23 13:10:06,22.28,19200,22.28,U
sz000021,深科技,2025-09-23 13:10:12,22.28,9400,22.27,U
sz000021,深科技,2025-09-23 13:10:15,22.28,22200,22.28,D
sz000021,深科技,2025-09-23 13:10:18,22.29,61900,22.28,U
sz000021,深科技,2025-09-23 13:10:21,22.3,32500,22.29,U
sz000021,深科技,2025-09-23 13:10:30,22.29,10400,22.29,D
sz000021,深科技,2025-09-23 13:10:33,22.3,9000,22.29,U
sz000021,深科技,2025-09-23 13:10:48,22.29,15700,22.31,D
sz000021,深科技,2025-09-23 13:10:54,22.3,9200,22.29,U
sz000021,深科技,2025-09-23 13:11:00,22.3,40100,22.29,U
sz000021,深科技,2025-09-23 13:11:03,22.3,54500,22.3,U
sz000021,深科技,2025-09-23 13:11:06,22.31,21000,22.3,U
sz000021,深科技,2025-09-23 13:11:09,22.34,40600,22.31,U
sz000021,深科技,2025-09-23 13:11:15,22.37,60609,22.34,U
sz000021,深科技,2025-09-23 13:11:27,22.39,18500,22.39,U
sz000021,深科技,2025-09-23 13:11:33,22.37,19100,22.37,D
sz000021,深科技,2025-09-23 13:11:36,22.38,13200,22.37,U
sz000021,深科技,2025-09-23 13:11:39,22.38,14500,22.38,U
sz000021,深科技,2025-09-23 13:11:42,22.38,32700,22.38,E
sz000021,深科技,2025-09-23 13:11:45,22.39,53400,22.38,E
sz000021,深科技,2025-09-23 13:11:57,22.41,27300,22.4,U
sz000021,深科技,2025-09-23 13:12:06,22.4,11000,22.41,D
sz000021,深科技,2025-09-23 13:12:12,22.43,29900,22.4,U
sz000021,深科技,2025-09-23 13:12:18,22.43,45100,22.43,U
sz000021,深科技,2025-09-23 13:12:27,22.43,12400,22.45,D
sz000021,深科技,2025-09-23 13:12:30,22.44,13400,22.43,E
sz000021,深科技,2025-09-23 13:12:33,22.43,77600,22.44,D
sz000021,深科技,2025-09-23 13:12:36,22.42,17300,22.43,D
sz000021,深科技,2025-09-23 13:12:45,22.43,9300,22.42,U
sz000021,深科技,2025-09-23 13:12:54,22.43,9200,22.43,D
sz000021,深科技,2025-09-23 13:12:57,22.45,16100,22.43,U
sz000021,深科技,2025-09-23 13:13:03,22.43,21100,22.43,D
sz000021,深科技,2025-09-23 13:13:15,22.43,12800,22.43,D
sz000021,深科技,2025-09-23 13:13:21,22.43,20500,22.43,U
sz000021,深科技,2025-09-23 13:13:27,22.4,9900,22.42,D
sz000021,深科技,2025-09-23 13:13:30,22.4,15200,22.4,D
sz000021,深科技,2025-09-23 13:13:48,22.41,19700,22.38,U
sz000021,深科技,2025-09-23 13:13:57,22.41,11400,22.41,D
sz000021,深科技,2025-09-23 13:14:24,22.39,31300,22.39,D
sz000021,深科技,2025-09-23 13:14:42,22.41,14500,22.4,U
sz000021,深科技,2025-09-23 13:14:48,22.42,10100,22.4,U
sz000021,深科技,2025-09-23 13:14:57,22.42,10400,22.41,U
sz000021,深科技,2025-09-23 13:15:00,22.41,19000,22.42,D
sz000021,深科技,2025-09-23 13:15:03,22.42,80300,22.41,U
sz000021,深科技,2025-09-23 13:15:06,22.38,10800,22.42,D
sz000021,深科技,2025-09-23 13:15:21,22.41,20200,22.4,U
sz000021,深科技,2025-09-23 13:15:27,22.43,15438,22.42,U
sz000021,深科技,2025-09-23 13:15:30,22.45,29900,22.43,U
sz000021,深科技,2025-09-23 13:15:33,22.45,59000,22.45,U
sz000021,深科技,2025-09-23 13:15:36,22.46,33200,22.45,U
sz000021,深科技,2025-09-23 13:15:39,22.45,39400,22.46,D
sz000021,深科技,2025-09-23 13:15:45,22.44,22900,22.44,D
sz000021,深科技,2025-09-23 13:16:03,22.43,13400,22.43,U
sz000021,深科技,2025-09-23 13:16:06,22.43,92600,22.43,U
sz000021,深科技,2025-09-23 13:16:09,22.45,67800,22.43,U
sz000021,深科技,2025-09-23 13:16:12,22.45,26100,22.45,U
sz000021,深科技,2025-09-23 13:16:15,22.45,15200,22.45,D
sz000021,深科技,2025-09-23 13:16:21,22.44,35000,22.45,D
sz000021,深科技,2025-09-23 13:16:48,22.45,24300,22.43,U
sz000021,深科技,2025-09-23 13:17:00,22.43,12600,22.44,D
sz000021,深科技,2025-09-23 13:17:03,22.41,9000,22.43,D
sz000021,深科技,2025-09-23 13:17:06,22.4,37800,22.41,D
sz000021,深科技,2025-09-23 13:17:09,22.42,40400,22.4,U
sz000021,深科技,2025-09-23 13:17:12,22.42,31700,22.42,D
sz000021,深科技,2025-09-23 13:17:15,22.42,30000,22.42,D
sz000021,深科技,2025-09-23 13:17:21,22.4,12400,22.41,D
sz000021,深科技,2025-09-23 13:17:30,22.43,17600,22.42,U
sz000021,深科技,2025-09-23 13:17:45,22.44,90900,22.41,U
sz000021,深科技,2025-09-23 13:18:00,22.44,11500,22.44,D
sz000021,深科技,2025-09-23 13:18:03,22.42,28700,22.44,D
sz000021,深科技,2025-09-23 13:18:12,22.41,22800,22.41,E
sz000021,深科技,2025-09-23 13:18:18,22.4,23400,22.4,D
sz000021,深科技,2025-09-23 13:18:21,22.4,61500,22.4,D
sz000021,深科技,2025-09-23 13:18:24,22.4,14700,22.4,D
sz000021,深科技,2025-09-23 13:18:33,22.39,28400,22.4,D
sz000021,深科技,2025-09-23 13:18:51,22.36,9200,22.36,D
sz000021,深科技,2025-09-23 13:19:00,22.39,33100,22.38,U
sz000021,深科技,2025-09-23 13:19:12,22.41,10800,22.42,D
sz000021,深科技,2025-09-23 13:19:18,22.42,25800,22.41,U
sz000021,深科技,2025-09-23 13:19:21,22.41,11500,22.42,E
sz000021,深科技,2025-09-23 13:19:27,22.43,15400,22.42,U
sz000021,深科技,2025-09-23 13:19:30,22.42,26600,22.43,D
sz000021,深科技,2025-09-23 13:19:39,22.43,10200,22.43,D
sz000021,深科技,2025-09-23 13:19:42,22.43,26500,22.43,D
sz000021,深科技,2025-09-23 13:19:57,22.42,14800,22.42,U
sz000021,深科技,2025-09-23 13:20:09,22.43,14700,22.42,U
sz000021,深科技,2025-09-23 13:20:15,22.43,11900,22.43,U
sz000021,深科技,2025-09-23 13:20:18,22.43,12300,22.43,D
sz000021,深科技,2025-09-23 13:20:30,22.43,103200,22.42,U
sz000021,深科技,2025-09-23 13:20:33,22.43,9100,22.43,D
sz000021,深科技,2025-09-23 13:20:51,22.43,13800,22.43,D
sz000021,深科技,2025-09-23 13:20:54,22.44,14200,22.43,U
sz000021,深科技,2025-09-23 13:21:12,22.43,114400,22.43,D
sz000021,深科技,2025-09-23 13:21:15,22.44,43300,22.43,U
sz000021,深科技,2025-09-23 13:21:24,22.43,28100,22.44,D
sz000021,深科技,2025-09-23 13:21:33,22.43,22100,22.44,D
sz000021,深科技,2025-09-23 13:21:51,22.42,11200,22.43,D
sz000021,深科技,2025-09-23 13:22:03,22.43,12200,22.43,D
sz000021,深科技,2025-09-23 13:22:06,22.42,17000,22.43,D
sz000021,深科技,2025-09-23 13:22:12,22.4,15100,22.43,D
sz000021,深科技,2025-09-23 13:22:27,22.42,15900,22.42,D
sz000021,深科技,2025-09-23 13:22:30,22.43,148700,22.42,U
sz000021,深科技,2025-09-23 13:22:33,22.43,26300,22.43,D
sz000021,深科技,2025-09-23 13:22:36,22.44,62200,22.43,U
sz000021,深科技,2025-09-23 13:22:39,22.45,11000,22.44,U
sz000021,深科技,2025-09-23 13:22:42,22.44,37600,22.45,D
sz000021,深科技,2025-09-23 13:22:51,22.44,53600,22.45,D
sz000021,深科技,2025-09-23 13:22:57,22.44,17600,22.44,U
sz000021,深科技,2025-09-23 13:23:09,22.44,10100,22.45,D
sz000021,深科技,2025-09-23 13:23:21,22.44,10100,22.44,U
sz000021,深科技,2025-09-23 13:23:24,22.44,9600,22.44,D
sz000021,深科技,2025-09-23 13:23:33,22.45,54100,22.44,U
sz000021,深科技,2025-09-23 13:23:36,22.46,11200,22.45,U
sz000021,深科技,2025-09-23 13:23:48,22.45,13100,22.46,D
sz000021,深科技,2025-09-23 13:23:54,22.46,9800,22.45,U
sz000021,深科技,2025-09-23 13:23:57,22.47,20700,22.46,U
sz000021,深科技,2025-09-23 13:24:09,22.49,53800,22.47,U
sz000021,深科技,2025-09-23 13:24:12,22.5,35300,22.49,U
sz000021,深科技,2025-09-23 13:24:15,22.5,12800,22.5,U
sz000021,深科技,2025-09-23 13:24:18,22.49,25600,22.5,D
sz000021,深科技,2025-09-23 13:24:27,22.5,25100,22.5,U
sz000021,深科技,2025-09-23 13:24:30,22.5,22000,22.5,U
sz000021,深科技,2025-09-23 13:24:36,22.5,11400,22.5,U
sz000021,深科技,2025-09-23 13:24:39,22.5,21500,22.5,U
sz000021,深科技,2025-09-23 13:24:42,22.5,27200,22.5,U
sz000021,深科技,2025-09-23 13:24:45,22.5,42300,22.5,U
sz000021,深科技,2025-09-23 13:24:54,22.5,42400,22.52,D
sz000021,深科技,2025-09-23 13:25:00,22.52,10700,22.52,U
sz000021,深科技,2025-09-23 13:25:03,22.52,10600,22.52,U
sz000021,深科技,2025-09-23 13:25:12,22.51,11000,22.52,D
sz000021,深科技,2025-09-23 13:25:15,22.51,21200,22.51,D
sz000021,深科技,2025-09-23 13:25:18,22.51,19800,22.51,U
sz000021,深科技,2025-09-23 13:25:24,22.5,12500,22.5,D
sz000021,深科技,2025-09-23 13:25:27,22.51,12500,22.5,U
sz000021,深科技,2025-09-23 13:25:42,22.5,25800,22.49,U
sz000021,深科技,2025-09-23 13:25:48,22.51,9100,22.5,U
sz000021,深科技,2025-09-23 13:26:03,22.5,19800,22.5,U
sz000021,深科技,2025-09-23 13:26:06,22.49,29200,22.5,D
sz000021,深科技,2025-09-23 13:26:18,22.49,25300,22.49,U
sz000021,深科技,2025-09-23 13:26:33,22.48,24000,22.48,D
sz000021,深科技,2025-09-23 13:26:36,22.48,13100,22.48,D
sz000021,深科技,2025-09-23 13:26:42,22.48,11500,22.48,D
sz000021,深科技,2025-09-23 13:26:48,22.48,17700,22.49,D
sz000021,深科技,2025-09-23 13:26:57,22.47,12100,22.47,D
sz000021,深科技,2025-09-23 13:27:00,22.48,10800,22.47,U
sz000021,深科技,2025-09-23 13:27:06,22.5,23900,22.49,U
sz000021,深科技,2025-09-23 13:27:09,22.54,144200,22.5,U
sz000021,深科技,2025-09-23 13:27:21,22.55,16200,22.55,U
sz000021,深科技,2025-09-23 13:27:30,22.55,27400,22.54,U
sz000021,深科技,2025-09-23 13:27:36,22.56,24100,22.55,U
sz000021,深科技,2025-09-23 13:27:48,22.56,37900,22.56,D
sz000021,深科技,2025-09-23 13:27:57,22.58,23000,22.58,U
sz000021,深科技,2025-09-23 13:28:09,22.6,53700,22.58,U
sz000021,深科技,2025-09-23 13:28:24,22.6,87300,22.59,U
sz000021,深科技,2025-09-23 13:28:30,22.59,9000,22.59,D
sz000021,深科技,2025-09-23 13:28:33,22.59,21100,22.59,D
sz000021,深科技,2025-09-23 13:28:36,22.59,34000,22.59,U
sz000021,深科技,2025-09-23 13:28:42,22.59,13800,22.59,U
sz000021,深科技,2025-09-23 13:28:48,22.59,14600,22.59,U
sz000021,深科技,2025-09-23 13:28:51,22.58,13500,22.59,D
sz000021,深科技,2025-09-23 13:28:54,22.58,12700,22.58,D
