symbol,name,ticktime,price,volume,prev_price,kind
sz000021,深科技,2025-10-20 09:25:00,27.98,1977200,0.0,U
sz000021,深科技,2025-10-20 09:30:00,27.94,447300,27.98,D
sz000021,深科技,2025-10-20 09:30:03,28.0,2299900,27.94,U
sz000021,深科技,2025-10-20 09:30:06,28.1,427200,28.0,U
sz000021,深科技,2025-10-20 09:30:09,28.02,153100,28.1,D
sz000021,深科技,2025-10-20 09:30:12,27.97,296200,28.02,D
sz000021,深科技,2025-10-20 09:30:15,27.91,92300,27.97,D
sz000021,深科技,2025-10-20 09:30:18,27.89,94500,27.91,D
sz000021,深科技,2025-10-20 09:30:21,27.84,84400,27.89,D
sz000021,深科技,2025-10-20 09:30:24,27.78,74500,27.84,D
sz000021,深科技,2025-10-20 09:30:27,27.77,70000,27.78,D
sz000021,深科技,2025-10-20 09:30:30,27.71,170400,27.77,D
sz000021,深科技,2025-10-20 09:30:33,27.69,166800,27.71,D
sz000021,深科技,2025-10-20 09:30:36,27.69,460400,27.69,D
sz000021,深科技,2025-10-20 09:30:39,27.68,229700,27.69,E
sz000021,深科技,2025-10-20 09:30:42,27.7,643800,27.68,U
sz000021,深科技,2025-10-20 09:30:45,27.64,416600,27.7,D
sz000021,深科技,2025-10-20 09:30:48,27.62,215500,27.64,D
sz000021,深科技,2025-10-20 09:30:51,27.55,31400,27.62,D
sz000021,深科技,2025-10-20 09:30:54,27.54,123900,27.55,D
sz000021,深科技,2025-10-20 09:30:57,27.52,96700,27.54,D
sz000021,深科技,2025-10-20 09:31:00,27.5,139400,27.52,D
sz000021,深科技,2025-10-20 09:31:03,27.26,669600,27.5,D
sz000021,深科技,2025-10-20 09:31:06,27.3,93700,27.26,E
sz000021,深科技,2025-10-20 09:31:09,27.48,496400,27.3,U
sz000021,深科技,2025-10-20 09:31:12,27.53,108400,27.48,U
sz000021,深科技,2025-10-20 09:31:15,27.47,131400,27.53,D
sz000021,深科技,2025-10-20 09:31:18,27.49,150300,27.47,U
sz000021,深科技,2025-10-20 09:31:21,27.47,107500,27.49,D
sz000021,深科技,2025-10-20 09:31:24,27.42,74200,27.47,E
sz000021,深科技,2025-10-20 09:31:27,27.4,173500,27.42,D
sz000021,深科技,2025-10-20 09:31:30,27.4,93300,27.4,U
sz000021,深科技,2025-10-20 09:31:33,27.35,73400,27.4,D
sz000021,深科技,2025-10-20 09:31:36,27.33,49300,27.35,E
sz000021,深科技,2025-10-20 09:31:39,27.39,201000,27.33,U
sz000021,深科技,2025-10-20 09:31:42,27.41,45300,27.39,E
sz000021,深科技,2025-10-20 09:31:45,27.45,54600,27.41,E
sz000021,深科技,2025-10-20 09:31:48,27.47,76100,27.45,U
sz000021,深科技,2025-10-20 09:31:51,27.5,80600,27.47,U
sz000021,深科技,2025-10-20 09:31:54,27.52,37600,27.5,U
sz000021,深科技,2025-10-20 09:31:57,27.5,99700,27.52,D
sz000021,深科技,2025-10-20 09:32:00,27.46,108600,27.5,D
sz000021,深科技,2025-10-20 09:32:03,27.43,112000,27.46,D
sz000021,深科技,2025-10-20 09:32:06,27.41,91500,27.43,D
sz000021,深科技,2025-10-20 09:32:09,27.4,84100,27.41,D
sz000021,深科技,2025-10-20 09:32:12,27.41,135700,27.4,U
sz000021,深科技,2025-10-20 09:32:15,27.45,104700,27.41,U
sz000021,深科技,2025-10-20 09:32:18,27.44,33400,27.45,E
sz000021,深科技,2025-10-20 09:32:21,27.41,244000,27.44,D
sz000021,深科技,2025-10-20 09:32:24,27.43,231600,27.41,U
sz000021,深科技,2025-10-20 09:32:27,27.43,113400,27.43,U
sz000021,深科技,2025-10-20 09:32:30,27.41,111700,27.43,D
sz000021,深科技,2025-10-20 09:32:33,27.38,113600,27.41,D
sz000021,深科技,2025-10-20 09:32:36,27.37,155400,27.38,D
sz000021,深科技,2025-10-20 09:32:39,27.36,75200,27.37,D
sz000021,深科技,2025-10-20 09:32:42,27.35,160500,27.36,D
sz000021,深科技,2025-10-20 09:32:45,27.34,56000,27.35,D
sz000021,深科技,2025-10-20 09:32:48,27.34,143200,27.34,D
sz000021,深科技,2025-10-20 09:32:51,27.32,72500,27.34,D
sz000021,深科技,2025-10-20 09:32:54,27.31,86600,27.32,D
sz000021,深科技,2025-10-20 09:32:57,27.3,167800,27.31,D
sz000021,深科技,2025-10-20 09:33:00,27.31,72600,27.3,U
sz000021,深科技,2025-10-20 09:33:03,27.3,169600,27.31,D
sz000021,深科技,2025-10-20 09:33:06,27.28,189500,27.3,D
sz000021,深科技,2025-10-20 09:33:09,27.3,92200,27.28,U
sz000021,深科技,2025-10-20 09:33:12,27.31,116100,27.3,U
sz000021,深科技,2025-10-20 09:33:15,27.32,92000,27.31,U
sz000021,深科技,2025-10-20 09:33:18,27.33,208100,27.32,U
sz000021,深科技,2025-10-20 09:33:21,27.38,72500,27.33,U
sz000021,深科技,2025-10-20 09:33:24,27.37,173500,27.38,D
sz000021,深科技,2025-10-20 09:33:27,27.39,48700,27.37,U
sz000021,深科技,2025-10-20 09:33:30,27.39,96000,27.39,D
sz000021,深科技,2025-10-20 09:33:33,27.35,48500,27.39,D
sz000021,深科技,2025-10-20 09:33:36,27.33,75800,27.35,D
sz000021,深科技,2025-10-20 09:33:39,27.29,135600,27.33,D
sz000021,深科技,2025-10-20 09:33:42,27.27,93300,27.29,D
sz000021,深科技,2025-10-20 09:33:45,27.27,98000,27.27,D
sz000021,深科技,2025-10-20 09:33:48,27.27,115700,27.27,D
sz000021,深科技,2025-10-20 09:33:51,27.24,90600,27.27,D
sz000021,深科技,2025-10-20 09:33:54,27.25,55300,27.24,U
sz000021,深科技,2025-10-20 09:33:57,27.27,136300,27.25,U
sz000021,深科技,2025-10-20 09:34:00,27.26,117400,27.27,D
sz000021,深科技,2025-10-20 09:34:03,27.26,69779,27.26,U
sz000021,深科技,2025-10-20 09:34:06,27.24,104600,27.26,U
sz000021,深科技,2025-10-20 09:34:09,27.31,111500,27.24,U
sz000021,深科技,2025-10-20 09:34:12,27.28,101900,27.31,D
sz000021,深科技,2025-10-20 09:34:15,27.28,32000,27.28,D
sz000021,深科技,2025-10-20 09:34:18,27.26,52300,27.28,E
sz000021,深科技,2025-10-20 09:34:21,27.27,163800,27.26,E
sz000021,深科技,2025-10-20 09:34:24,27.26,56400,27.27,D
sz000021,深科技,2025-10-20 09:34:27,27.25,64200,27.26,D
sz000021,深科技,2025-10-20 09:34:30,27.25,53300,27.25,D
sz000021,深科技,2025-10-20 09:34:33,27.23,42800,27.25,D
sz000021,深科技,2025-10-20 09:34:36,27.22,28800,27.23,D
sz000021,深科技,2025-10-20 09:34:39,27.2,59000,27.22,D
sz000021,深科技,2025-10-20 09:34:42,27.2,111721,27.2,D
sz000021,深科技,2025-10-20 09:34:45,27.18,23600,27.2,D
sz000021,深科技,2025-10-20 09:34:48,27.15,35700,27.18,D
sz000021,深科技,2025-10-20 09:34:51,27.21,592400,27.15,U
sz000021,深科技,2025-10-20 09:34:54,27.22,346879,27.21,D
sz000021,深科技,2025-10-20 09:34:57,27.24,159300,27.22,U
sz000021,深科技,2025-10-20 09:35:00,27.21,44000,27.24,E
sz000021,深科技,2025-10-20 09:35:03,27.19,113600,27.21,D
sz000021,深科技,2025-10-20 09:35:06,27.19,75800,27.19,U
sz000021,深科技,2025-10-20 09:35:09,27.18,94700,27.19,D
sz000021,深科技,2025-10-20 09:35:12,27.19,107900,27.18,U
sz000021,深科技,2025-10-20 09:35:15,27.22,83300,27.19,U
sz000021,深科技,2025-10-20 09:35:18,27.19,158900,27.22,D
sz000021,深科技,2025-10-20 09:35:21,27.21,73400,27.19,U
sz000021,深科技,2025-10-20 09:35:24,27.34,605300,27.21,U
sz000021,深科技,2025-10-20 09:35:27,27.34,61600,27.34,D
sz000021,深科技,2025-10-20 09:35:30,27.38,101600,27.34,U
sz000021,深科技,2025-10-20 09:35:33,27.4,83500,27.38,U
sz000021,深科技,2025-10-20 09:35:36,27.38,69000,27.4,D
sz000021,深科技,2025-10-20 09:35:39,27.39,85400,27.38,U
sz000021,深科技,2025-10-20 09:35:42,27.4,39800,27.39,D
sz000021,深科技,2025-10-20 09:35:45,27.4,27400,27.4,D
sz000021,深科技,2025-10-20 09:35:48,27.44,106200,27.4,U
sz000021,深科技,2025-10-20 09:35:51,27.47,64200,27.44,U
sz000021,深科技,2025-10-20 09:35:54,27.49,18900,27.47,U
sz000021,深科技,2025-10-20 09:35:57,27.5,30200,27.49,U
sz000021,深科技,2025-10-20 09:36:00,27.46,124600,27.5,D
sz000021,深科技,2025-10-20 09:36:03,27.47,174200,27.46,U
sz000021,深科技,2025-10-20 09:36:06,27.49,112400,27.47,U
sz000021,深科技,2025-10-20 09:36:09,27.48,77500,27.49,E
sz000021,深科技,2025-10-20 09:36:12,27.43,201100,27.48,D
sz000021,深科技,2025-10-20 09:36:15,27.38,169100,27.43,D
sz000021,深科技,2025-10-20 09:36:18,27.37,38300,27.38,E
sz000021,深科技,2025-10-20 09:36:21,27.35,70700,27.37,E
sz000021,深科技,2025-10-20 09:36:24,27.32,48900,27.35,D
sz000021,深科技,2025-10-20 09:36:27,27.31,125100,27.32,D
sz000021,深科技,2025-10-20 09:36:30,27.31,80400,27.31,U
sz000021,深科技,2025-10-20 09:36:33,27.33,47500,27.31,U
sz000021,深科技,2025-10-20 09:36:36,27.33,33000,27.33,E
sz000021,深科技,2025-10-20 09:36:39,27.3,89200,27.33,D
sz000021,深科技,2025-10-20 09:36:42,27.3,28000,27.3,U
sz000021,深科技,2025-10-20 09:36:45,27.3,52700,27.3,D
sz000021,深科技,2025-10-20 09:36:48,27.3,62000,27.3,D
sz000021,深科技,2025-10-20 09:36:51,27.31,33700,27.3,D
sz000021,深科技,2025-10-20 09:36:54,27.3,59000,27.31,D
sz000021,深科技,2025-10-20 09:36:57,27.3,37600,27.3,U
sz000021,深科技,2025-10-20 09:37:00,27.27,49800,27.3,D
sz000021,深科技,2025-10-20 09:37:03,27.24,57300,27.27,D
sz000021,深科技,2025-10-20 09:37:06,27.26,172981,27.24,U
sz000021,深科技,2025-10-20 09:37:09,27.3,122200,27.26,U
sz000021,深科技,2025-10-20 09:37:12,27.26,51900,27.3,D
sz000021,深科技,2025-10-20 09:37:15,27.36,100100,27.26,U
sz000021,深科技,2025-10-20 09:37:18,27.36,97100,27.36,U
sz000021,深科技,2025-10-20 09:37:21,27.4,81600,27.36,U
sz000021,深科技,2025-10-20 09:37:24,27.41,62700,27.4,U
sz000021,深科技,2025-10-20 09:37:27,27.42,53300,27.41,U
sz000021,深科技,2025-10-20 09:37:30,27.38,52900,27.42,D
sz000021,深科技,2025-10-20 09:37:33,27.39,70600,27.38,D
sz000021,深科技,2025-10-20 09:37:36,27.36,128500,27.39,E
sz000021,深科技,2025-10-20 09:37:39,27.39,63300,27.36,U
sz000021,深科技,2025-10-20 09:37:42,27.35,38800,27.39,E
sz000021,深科技,2025-10-20 09:37:45,27.38,100700,27.35,U
sz000021,深科技,2025-10-20 09:37:48,27.35,84000,27.38,D
sz000021,深科技,2025-10-20 09:37:51,27.35,87100,27.35,U
sz000021,深科技,2025-10-20 09:37:54,27.36,68000,27.35,U
sz000021,深科技,2025-10-20 09:37:57,27.36,33600,27.36,U
sz000021,深科技,2025-10-20 09:38:00,27.35,50900,27.36,D
sz000021,深科技,2025-10-20 09:38:03,27.32,130900,27.35,D
sz000021,深科技,2025-10-20 09:38:06,27.32,80100,27.32,U
sz000021,深科技,2025-10-20 09:38:09,27.3,57200,27.32,E
sz000021,深科技,2025-10-20 09:38:12,27.28,54400,27.3,D
sz000021,深科技,2025-10-20 09:38:15,27.25,35400,27.28,D
sz000021,深科技,2025-10-20 09:38:18,27.25,190000,27.25,D
sz000021,深科技,2025-10-20 09:38:21,27.25,88300,27.25,D
sz000021,深科技,2025-10-20 09:38:24,27.24,54800,27.25,D
sz000021,深科技,2025-10-20 09:38:27,27.23,51100,27.24,D
sz000021,深科技,2025-10-20 09:38:30,27.23,173900,27.23,U
sz000021,深科技,2025-10-20 09:38:33,27.21,151900,27.23,D
sz000021,深科技,2025-10-20 09:38:36,27.24,158332,27.21,U
sz000021,深科技,2025-10-20 09:38:39,27.22,99100,27.24,D
sz000021,深科技,2025-10-20 09:38:42,27.2,77700,27.22,D
sz000021,深科技,2025-10-20 09:38:45,27.19,131868,27.2,D
sz000021,深科技,2025-10-20 09:38:48,27.18,86700,27.19,D
sz000021,深科技,2025-10-20 09:38:51,27.18,56600,27.18,D
sz000021,深科技,2025-10-20 09:38:54,27.16,41100,27.18,D
sz000021,深科技,2025-10-20 09:38:57,27.15,60900,27.16,D
sz000021,深科技,2025-10-20 09:39:00,27.15,123400,27.15,D
sz000021,深科技,2025-10-20 09:39:03,27.16,195900,27.15,U
sz000021,深科技,2025-10-20 09:39:06,27.23,307932,27.16,U
sz000021,深科技,2025-10-20 09:39:09,27.19,79600,27.23,D
sz000021,深科技,2025-10-20 09:39:12,27.18,18800,27.19,D
sz000021,深科技,2025-10-20 09:39:15,27.19,30300,27.18,U
sz000021,深科技,2025-10-20 09:39:18,27.19,54966,27.19,U
sz000021,深科技,2025-10-20 09:39:21,27.19,81000,27.19,D
sz000021,深科技,2025-10-20 09:39:24,27.18,43400,27.19,D
sz000021,深科技,2025-10-20 09:39:27,27.19,75434,27.18,U
sz000021,深科技,2025-10-20 09:39:30,27.18,74800,27.19,D
sz000021,深科技,2025-10-20 09:39:33,27.18,199168,27.18,D
sz000021,深科技,2025-10-20 09:39:36,27.24,212632,27.18,U
sz000021,深科技,2025-10-20 09:39:39,27.25,261900,27.24,U
sz000021,深科技,2025-10-20 09:39:42,27.24,89200,27.25,D
sz000021,深科技,2025-10-20 09:39:45,27.29,69100,27.24,U
sz000021,深科技,2025-10-20 09:39:48,27.28,49500,27.29,U
sz000021,深科技,2025-10-20 09:39:51,27.24,17100,27.28,D
sz000021,深科技,2025-10-20 09:39:54,27.26,15200,27.24,U
sz000021,深科技,2025-10-20 09:39:57,27.24,20600,27.26,E
sz000021,深科技,2025-10-20 09:40:00,27.2,58000,27.24,D
sz000021,深科技,2025-10-20 09:40:03,27.19,94600,27.2,D
sz000021,深科技,2025-10-20 09:40:06,27.18,47400,27.19,D
sz000021,深科技,2025-10-20 09:40:09,27.18,47700,27.18,D
sz000021,深科技,2025-10-20 09:40:12,27.17,27900,27.18,D
sz000021,深科技,2025-10-20 09:40:15,27.16,39000,27.17,D
sz000021,深科技,2025-10-20 09:40:18,27.14,251500,27.16,D
sz000021,深科技,2025-10-20 09:40:21,27.1,39800,27.14,D
sz000021,深科技,2025-10-20 09:40:24,27.12,159300,27.1,E
sz000021,深科技,2025-10-20 09:40:27,27.12,217800,27.12,U
sz000021,深科技,2025-10-20 09:40:30,27.08,70300,27.12,D
sz000021,深科技,2025-10-20 09:40:33,27.08,106600,27.08,D
sz000021,深科技,2025-10-20 09:40:36,27.08,159400,27.08,D
sz000021,深科技,2025-10-20 09:40:39,27.08,238100,27.08,D
sz000021,深科技,2025-10-20 09:40:42,27.08,58600,27.08,D
sz000021,深科技,2025-10-20 09:40:45,27.07,150000,27.08,D
sz000021,深科技,2025-10-20 09:40:48,27.07,91100,27.07,D
sz000021,深科技,2025-10-20 09:40:51,27.06,150000,27.07,D
sz000021,深科技,2025-10-20 09:40:54,27.08,208300,27.06,U
sz000021,深科技,2025-10-20 09:40:57,27.06,113300,27.08,D
sz000021,深科技,2025-10-20 09:41:00,27.06,148500,27.06,D
sz000021,深科技,2025-10-20 09:41:03,27.06,227600,27.06,D
sz000021,深科技,2025-10-20 09:41:06,27.08,134800,27.06,U
sz000021,深科技,2025-10-20 09:41:09,27.05,122800,27.08,D
sz000021,深科技,2025-10-20 09:41:12,27.08,95600,27.05,U
sz000021,深科技,2025-10-20 09:41:15,27.1,117100,27.08,U
sz000021,深科技,2025-10-20 09:41:18,27.1,53400,27.1,D
sz000021,深科技,2025-10-20 09:41:21,27.08,100600,27.1,D
sz000021,深科技,2025-10-20 09:41:24,27.08,25600,27.08,D
sz000021,深科技,2025-10-20 09:41:27,27.07,32500,27.08,D
sz000021,深科技,2025-10-20 09:41:30,27.08,53600,27.07,U
sz000021,深科技,2025-10-20 09:41:33,27.06,90700,27.08,D
sz000021,深科技,2025-10-20 09:41:36,27.07,35400,27.06,U
sz000021,深科技,2025-10-20 09:41:39,27.06,143100,27.07,D
sz000021,深科技,2025-10-20 09:41:42,27.07,84400,27.06,U
sz000021,深科技,2025-10-20 09:41:45,27.06,87400,27.07,D
sz000021,深科技,2025-10-20 09:41:48,27.07,65800,27.06,U
sz000021,深科技,2025-10-20 09:41:51,27.05,55000,27.07,D
sz000021,深科技,2025-10-20 09:41:54,27.05,57100,27.05,D
sz000021,深科技,2025-10-20 09:41:57,27.05,35200,27.05,U
sz000021,深科技,2025-10-20 09:42:00,27.05,63100,27.05,U
sz000021,深科技,2025-10-20 09:42:03,27.04,29900,27.05,D
sz000021,深科技,2025-10-20 09:42:06,27.03,50100,27.04,D
sz000021,深科技,2025-10-20 09:42:09,27.02,77200,27.03,D
sz000021,深科技,2025-10-20 09:42:12,27.02,36700,27.02,D
sz000021,深科技,2025-10-20 09:42:15,27.01,112900,27.02,D
sz000021,深科技,2025-10-20 09:42:18,27.05,607000,27.01,U
sz000021,深科技,2025-10-20 09:42:21,27.03,188100,27.05,D
sz000021,深科技,2025-10-20 09:42:24,27.03,76400,27.03,D
sz000021,深科技,2025-10-20 09:42:27,27.03,94800,27.03,U
sz000021,深科技,2025-10-20 09:42:30,27.03,77100,27.03,D
sz000021,深科技,2025-10-20 09:42:33,27.01,50100,27.03,D
sz000021,深科技,2025-10-20 09:42:36,27.0,79000,27.01,D
sz000021,深科技,2025-10-20 09:42:39,27.0,94700,27.0,D
sz000021,深科技,2025-10-20 09:42:42,27.0,116000,27.0,D
sz000021,深科技,2025-10-20 09:42:45,26.99,227300,27.0,D
sz000021,深科技,2025-10-20 09:42:48,26.98,15700,26.99,D
sz000021,深科技,2025-10-20 09:42:51,26.97,128700,26.98,D
sz000021,深科技,2025-10-20 09:42:54,26.96,29600,26.97,D
sz000021,深科技,2025-10-20 09:42:57,26.94,124700,26.96,D
sz000021,深科技,2025-10-20 09:43:00,26.94,154800,26.94,D
sz000021,深科技,2025-10-20 09:43:03,26.94,306600,26.94,D
sz000021,深科技,2025-10-20 09:43:06,26.98,413500,26.94,U
sz000021,深科技,2025-10-20 09:43:09,26.95,135400,26.98,D
sz000021,深科技,2025-10-20 09:43:12,26.98,117500,26.95,U
sz000021,深科技,2025-10-20 09:43:15,26.97,109600,26.98,D
sz000021,深科技,2025-10-20 09:43:18,26.97,150800,26.97,U
sz000021,深科技,2025-10-20 09:43:21,26.96,81600,26.97,D
sz000021,深科技,2025-10-20 09:43:24,26.98,73400,26.96,U
sz000021,深科技,2025-10-20 09:43:27,26.99,48200,26.98,D
sz000021,深科技,2025-10-20 09:43:30,26.99,166900,26.99,U
sz000021,深科技,2025-10-20 09:43:33,26.99,58200,26.99,U
sz000021,深科技,2025-10-20 09:43:36,26.99,122200,26.99,U
sz000021,深科技,2025-10-20 09:43:39,26.99,132000,26.99,D
sz000021,深科技,2025-10-20 09:43:42,26.99,66700,26.99,D
sz000021,深科技,2025-10-20 09:43:45,27.01,46000,26.99,U
sz000021,深科技,2025-10-20 09:43:48,27.08,172400,27.01,U
sz000021,深科技,2025-10-20 09:43:51,27.11,104600,27.08,U
sz000021,深科技,2025-10-20 09:43:54,27.11,36200,27.11,D
sz000021,深科技,2025-10-20 09:43:57,27.11,28400,27.11,U
sz000021,深科技,2025-10-20 09:44:00,27.09,34200,27.11,D
sz000021,深科技,2025-10-20 09:44:03,27.05,32500,27.09,D
sz000021,深科技,2025-10-20 09:44:06,27.06,52700,27.05,D
sz000021,深科技,2025-10-20 09:44:09,27.09,25200,27.06,U
sz000021,深科技,2025-10-20 09:44:12,27.06,30800,27.09,D
sz000021,深科技,2025-10-20 09:44:15,27.06,60800,27.06,U
sz000021,深科技,2025-10-20 09:44:18,27.04,38200,27.06,D
sz000021,深科技,2025-10-20 09:44:21,27.05,19500,27.04,U
sz000021,深科技,2025-10-20 09:44:24,27.06,40400,27.05,U
sz000021,深科技,2025-10-20 09:44:27,27.04,48500,27.06,D
sz000021,深科技,2025-10-20 09:44:30,27.05,29100,27.04,U
sz000021,深科技,2025-10-20 09:44:33,27.06,265500,27.05,U
sz000021,深科技,2025-10-20 09:44:36,27.09,186800,27.06,U
sz000021,深科技,2025-10-20 09:44:39,27.1,79600,27.09,E
sz000021,深科技,2025-10-20 09:44:42,27.13,65500,27.1,U
sz000021,深科技,2025-10-20 09:44:45,27.13,57500,27.13,U
sz000021,深科技,2025-10-20 09:44:48,27.22,91400,27.13,U
sz000021,深科技,2025-10-20 09:44:51,27.22,21000,27.22,U
sz000021,深科技,2025-10-20 09:44:54,27.22,26200,27.22,D
sz000021,深科技,2025-10-20 09:44:57,27.3,96600,27.22,U
sz000021,深科技,2025-10-20 09:45:00,27.3,46800,27.3,U
sz000021,深科技,2025-10-20 09:45:03,27.33,46600,27.3,U
sz000021,深科技,2025-10-20 09:45:06,27.34,17000,27.33,E
sz000021,深科技,2025-10-20 09:45:09,27.35,54666,27.34,U
sz000021,深科技,2025-10-20 09:45:12,27.33,99234,27.35,D
sz000021,深科技,2025-10-20 09:45:15,27.3,90800,27.33,D
sz000021,深科技,2025-10-20 09:45:18,27.3,30100,27.3,U
sz000021,深科技,2025-10-20 09:45:21,27.25,60300,27.3,E
sz000021,深科技,2025-10-20 09:45:24,27.23,24600,27.25,E
sz000021,深科技,2025-10-20 09:45:27,27.2,24200,27.23,D
sz000021,深科技,2025-10-20 09:45:30,27.2,20200,27.2,D
sz000021,深科技,2025-10-20 09:45:33,27.18,50300,27.2,D
sz000021,深科技,2025-10-20 09:45:36,27.2,113200,27.18,U
sz000021,深科技,2025-10-20 09:45:39,27.18,30800,27.2,D
sz000021,深科技,2025-10-20 09:45:42,27.2,105400,27.18,U
sz000021,深科技,2025-10-20 09:45:45,27.21,88700,27.2,U
sz000021,深科技,2025-10-20 09:45:48,27.21,70600,27.21,D
sz000021,深科技,2025-10-20 09:45:51,27.27,37100,27.21,U
sz000021,深科技,2025-10-20 09:45:54,27.3,33300,27.27,U
sz000021,深科技,2025-10-20 09:45:57,27.31,49000,27.3,U
sz000021,深科技,2025-10-20 09:46:00,27.22,56400,27.31,D
sz000021,深科技,2025-10-20 09:46:03,27.22,119200,27.22,D
sz000021,深科技,2025-10-20 09:46:06,27.15,105800,27.22,D
sz000021,深科技,2025-10-20 09:46:09,27.38,440953,27.15,U
sz000021,深科技,2025-10-20 09:46:12,27.31,55000,27.38,D
sz000021,深科技,2025-10-20 09:46:15,27.38,9300,27.31,E
sz000021,深科技,2025-10-20 09:46:18,27.44,38500,27.38,U
sz000021,深科技,2025-10-20 09:46:21,27.47,73200,27.44,U
sz000021,深科技,2025-10-20 09:46:24,27.47,45900,27.47,D
sz000021,深科技,2025-10-20 09:46:27,27.49,139100,27.47,U
sz000021,深科技,2025-10-20 09:46:30,27.49,39400,27.49,U
sz000021,深科技,2025-10-20 09:46:33,27.48,114000,27.49,E
sz000021,深科技,2025-10-20 09:46:36,27.49,74000,27.48,U
sz000021,深科技,2025-10-20 09:46:39,27.5,61300,27.49,U
sz000021,深科技,2025-10-20 09:46:42,27.49,55900,27.5,D
sz000021,深科技,2025-10-20 09:46:45,27.49,87400,27.49,U
sz000021,深科技,2025-10-20 09:46:48,27.49,51600,27.49,E
sz000021,深科技,2025-10-20 09:46:51,27.5,115800,27.49,U
sz000021,深科技,2025-10-20 09:46:54,27.49,72800,27.5,E
sz000021,深科技,2025-10-20 09:46:57,27.49,44800,27.49,U
sz000021,深科技,2025-10-20 09:47:00,27.46,81800,27.49,D
sz000021,深科技,2025-10-20 09:47:03,27.43,122700,27.46,D
sz000021,深科技,2025-10-20 09:47:06,27.42,34600,27.43,D
sz000021,深科技,2025-10-20 09:47:09,27.43,59900,27.42,U
sz000021,深科技,2025-10-20 09:47:12,27.43,24100,27.43,U
sz000021,深科技,2025-10-20 09:47:15,27.43,53300,27.43,U
sz000021,深科技,2025-10-20 09:47:18,27.44,157200,27.43,U
sz000021,深科技,2025-10-20 09:47:21,27.52,225900,27.44,U
sz000021,深科技,2025-10-20 09:47:24,27.59,29500,27.52,U
sz000021,深科技,2025-10-20 09:47:27,27.59,32100,27.59,U
sz000021,深科技,2025-10-20 09:47:30,27.58,279900,27.59,D
sz000021,深科技,2025-10-20 09:47:33,27.59,33500,27.58,U
sz000021,深科技,2025-10-20 09:47:36,27.59,86600,27.59,D
sz000021,深科技,2025-10-20 09:47:39,27.57,45800,27.59,D
sz000021,深科技,2025-10-20 09:47:42,27.58,61400,27.57,U
sz000021,深科技,2025-10-20 09:47:45,27.57,48900,27.58,D
sz000021,深科技,2025-10-20 09:47:48,27.58,113900,27.57,U
sz000021,深科技,2025-10-20 09:47:51,27.58,41100,27.58,D
sz000021,深科技,2025-10-20 09:47:54,27.58,81600,27.58,U
sz000021,深科技,2025-10-20 09:47:57,27.59,70100,27.58,U
sz000021,深科技,2025-10-20 09:48:00,27.6,23000,27.59,U
sz000021,深科技,2025-10-20 09:48:03,27.63,53000,27.6,U
sz000021,深科技,2025-10-20 09:48:06,27.63,44600,27.63,U
sz000021,深科技,2025-10-20 09:48:09,27.58,127500,27.63,D
sz000021,深科技,2025-10-20 09:48:12,27.63,71400,27.58,E
sz000021,深科技,2025-10-20 09:48:15,27.64,134600,27.63,U
sz000021,深科技,2025-10-20 09:48:18,27.6,117700,27.64,D
sz000021,深科技,2025-10-20 09:48:21,27.6,61600,27.6,U
sz000021,深科技,2025-10-20 09:48:24,27.6,39500,27.6,D
sz000021,深科技,2025-10-20 09:48:27,27.59,100000,27.6,D
sz000021,深科技,2025-10-20 09:48:30,27.61,76700,27.59,E
sz000021,深科技,2025-10-20 09:48:33,27.63,170100,27.61,U
sz000021,深科技,2025-10-20 09:48:36,27.64,29300,27.63,E
sz000021,深科技,2025-10-20 09:48:39,27.61,34100,27.64,D
sz000021,深科技,2025-10-20 09:48:42,27.63,35200,27.61,U
sz000021,深科技,2025-10-20 09:48:45,27.62,40000,27.63,D
sz000021,深科技,2025-10-20 09:48:48,27.63,36300,27.62,U
sz000021,深科技,2025-10-20 09:48:51,27.66,39300,27.63,U
sz000021,深科技,2025-10-20 09:48:54,27.66,249700,27.66,U
sz000021,深科技,2025-10-20 09:48:57,27.69,104223,27.66,U
sz000021,深科技,2025-10-20 09:49:00,27.72,52100,27.69,U
sz000021,深科技,2025-10-20 09:49:03,27.72,43800,27.72,D
sz000021,深科技,2025-10-20 09:49:06,27.75,53700,27.72,U
sz000021,深科技,2025-10-20 09:49:09,27.78,110600,27.75,U
sz000021,深科技,2025-10-20 09:49:12,27.78,89900,27.78,U
sz000021,深科技,2025-10-20 09:49:15,27.78,168800,27.78,U
sz000021,深科技,2025-10-20 09:49:18,27.77,228900,27.78,D
sz000021,深科技,2025-10-20 09:49:21,27.76,174500,27.77,E
sz000021,深科技,2025-10-20 09:49:24,27.72,224600,27.76,E
sz000021,深科技,2025-10-20 09:49:27,27.76,77900,27.72,U
sz000021,深科技,2025-10-20 09:49:30,27.76,77100,27.76,D
sz000021,深科技,2025-10-20 09:49:33,27.75,86500,27.76,D
sz000021,深科技,2025-10-20 09:49:36,27.78,64800,27.75,U
sz000021,深科技,2025-10-20 09:49:39,27.76,43100,27.78,D
sz000021,深科技,2025-10-20 09:49:42,27.7,241700,27.76,D
sz000021,深科技,2025-10-20 09:49:45,27.76,53400,27.7,U
sz000021,深科技,2025-10-20 09:49:48,27.75,26400,27.76,U
sz000021,深科技,2025-10-20 09:49:51,27.72,45900,27.75,E
sz000021,深科技,2025-10-20 09:49:54,27.7,32400,27.72,D
sz000021,深科技,2025-10-20 09:49:57,27.7,55000,27.7,D
sz000021,深科技,2025-10-20 09:50:00,27.73,153100,27.7,U
sz000021,深科技,2025-10-20 09:50:03,27.71,46700,27.73,D
sz000021,深科技,2025-10-20 09:50:06,27.74,49300,27.71,E
sz000021,深科技,2025-10-20 09:50:09,27.73,123900,27.74,D
sz000021,深科技,2025-10-20 09:50:12,27.9,465900,27.73,U
sz000021,深科技,2025-10-20 09:50:15,27.88,52000,27.9,D
sz000021,深科技,2025-10-20 09:50:18,27.9,93300,27.88,U
sz000021,深科技,2025-10-20 09:50:21,27.83,111300,27.9,D
sz000021,深科技,2025-10-20 09:50:24,27.87,380500,27.83,U
sz000021,深科技,2025-10-20 09:50:27,27.87,93000,27.87,U
sz000021,深科技,2025-10-20 09:50:30,27.86,155700,27.87,U
sz000021,深科技,2025-10-20 09:50:33,27.88,126300,27.86,U
sz000021,深科技,2025-10-20 09:50:36,27.85,84100,27.88,D
sz000021,深科技,2025-10-20 09:50:39,27.84,214200,27.85,D
sz000021,深科技,2025-10-20 09:50:42,27.84,213300,27.84,U
sz000021,深科技,2025-10-20 09:50:45,27.85,150500,27.84,U
sz000021,深科技,2025-10-20 09:50:48,27.81,65700,27.85,D
sz000021,深科技,2025-10-20 09:50:51,27.81,72600,27.81,D
sz000021,深科技,2025-10-20 09:50:54,27.82,97600,27.81,U
sz000021,深科技,2025-10-20 09:50:57,27.86,136400,27.82,U
sz000021,深科技,2025-10-20 09:51:00,27.87,206200,27.86,U
sz000021,深科技,2025-10-20 09:51:03,27.85,231100,27.87,D
sz000021,深科技,2025-10-20 09:51:06,27.82,144900,27.85,D
sz000021,深科技,2025-10-20 09:51:09,27.8,142500,27.82,D
sz000021,深科技,2025-10-20 09:51:12,27.81,66000,27.8,U
sz000021,深科技,2025-10-20 09:51:15,27.69,90000,27.81,D
sz000021,深科技,2025-10-20 09:51:18,27.68,72800,27.69,D
sz000021,深科技,2025-10-20 09:51:21,27.68,29900,27.68,D
sz000021,深科技,2025-10-20 09:51:24,27.68,24700,27.68,U
sz000021,深科技,2025-10-20 09:51:27,27.71,60700,27.68,U
sz000021,深科技,2025-10-20 09:51:30,27.7,35700,27.71,D
sz000021,深科技,2025-10-20 09:51:33,27.73,42800,27.7,D
sz000021,深科技,2025-10-20 09:51:36,27.73,33900,27.73,D
sz000021,深科技,2025-10-20 09:51:39,27.73,43800,27.73,U
sz000021,深科技,2025-10-20 09:51:42,27.72,44600,27.73,D
sz000021,深科技,2025-10-20 09:51:45,27.71,105300,27.72,D
sz000021,深科技,2025-10-20 09:51:48,27.67,135400,27.71,D
sz000021,深科技,2025-10-20 09:51:51,27.71,27000,27.67,U
sz000021,深科技,2025-10-20 09:51:54,27.67,40300,27.71,D
sz000021,深科技,2025-10-20 09:51:57,27.72,44400,27.67,U
sz000021,深科技,2025-10-20 09:52:00,27.7,29000,27.72,U
sz000021,深科技,2025-10-20 09:52:03,27.7,79100,27.7,U
sz000021,深科技,2025-10-20 09:52:06,27.7,34000,27.7,D
sz000021,深科技,2025-10-20 09:52:09,27.68,92200,27.7,D
sz000021,深科技,2025-10-20 09:52:12,27.7,30900,27.68,U
sz000021,深科技,2025-10-20 09:52:15,27.67,96100,27.7,D
sz000021,深科技,2025-10-20 09:52:18,27.7,67000,27.67,U
sz000021,深科技,2025-10-20 09:52:21,27.67,9900,27.7,D
sz000021,深科技,2025-10-20 09:52:24,27.67,42000,27.67,U
sz000021,深科技,2025-10-20 09:52:27,27.65,101500,27.67,D
sz000021,深科技,2025-10-20 09:52:30,27.65,19800,27.65,U
sz000021,深科技,2025-10-20 09:52:33,27.67,18800,27.65,U
sz000021,深科技,2025-10-20 09:52:36,27.64,79300,27.67,D
sz000021,深科技,2025-10-20 09:52:39,27.64,21000,27.64,U
sz000021,深科技,2025-10-20 09:52:42,27.63,181500,27.64,D
sz000021,深科技,2025-10-20 09:52:45,27.63,22400,27.63,U
sz000021,深科技,2025-10-20 09:52:48,27.62,40400,27.63,D
sz000021,深科技,2025-10-20 09:52:51,27.62,12600,27.62,U
sz000021,深科技,2025-10-20 09:52:54,27.61,17000,27.62,U
sz000021,深科技,2025-10-20 09:52:57,27.6,22800,27.61,D
sz000021,深科技,2025-10-20 09:53:00,27.62,124300,27.6,U
sz000021,深科技,2025-10-20 09:53:03,27.61,58200,27.62,D
sz000021,深科技,2025-10-20 09:53:06,27.6,35700,27.61,D
sz000021,深科技,2025-10-20 09:53:09,27.6,35100,27.6,D
sz000021,深科技,2025-10-20 09:53:12,27.6,54500,27.6,D
sz000021,深科技,2025-10-20 09:53:15,27.59,11300,27.6,D
sz000021,深科技,2025-10-20 09:53:18,27.58,22200,27.59,D
sz000021,深科技,2025-10-20 09:53:21,27.58,15900,27.58,D
sz000021,深科技,2025-10-20 09:53:24,27.57,20100,27.58,D
sz000021,深科技,2025-10-20 09:53:27,27.57,33200,27.57,D
sz000021,深科技,2025-10-20 09:53:30,27.56,15100,27.57,D
sz000021,深科技,2025-10-20 09:53:33,27.57,20400,27.56,U
sz000021,深科技,2025-10-20 09:53:36,27.57,36400,27.57,D
sz000021,深科技,2025-10-20 09:53:39,27.57,37600,27.57,D
sz000021,深科技,2025-10-20 09:53:42,27.58,38500,27.57,U
sz000021,深科技,2025-10-20 09:53:45,27.57,90000,27.58,D
sz000021,深科技,2025-10-20 09:53:48,27.58,46800,27.57,U
sz000021,深科技,2025-10-20 09:53:51,27.58,14600,27.58,D
sz000021,深科技,2025-10-20 09:53:54,27.56,50100,27.58,D
sz000021,深科技,2025-10-20 09:53:57,27.57,58700,27.56,U
sz000021,深科技,2025-10-20 09:54:00,27.57,27600,27.57,U
sz000021,深科技,2025-10-20 09:54:03,27.57,56400,27.57,D
sz000021,深科技,2025-10-20 09:54:06,27.55,12800,27.57,E
sz000021,深科技,2025-10-20 09:54:09,27.52,47000,27.55,D
sz000021,深科技,2025-10-20 09:54:12,27.52,18700,27.52,U
sz000021,深科技,2025-10-20 09:54:15,27.52,10800,27.52,D
sz000021,深科技,2025-10-20 09:54:18,27.5,26600,27.52,D
sz000021,深科技,2025-10-20 09:54:21,27.54,41200,27.5,U
sz000021,深科技,2025-10-20 09:54:24,27.6,64200,27.54,U
sz000021,深科技,2025-10-20 09:54:27,27.61,33500,27.6,U
sz000021,深科技,2025-10-20 09:54:30,27.6,22100,27.61,D
sz000021,深科技,2025-10-20 09:54:33,27.61,23800,27.6,U
sz000021,深科技,2025-10-20 09:54:36,27.63,69800,27.61,U
sz000021,深科技,2025-10-20 09:54:39,27.65,39100,27.63,U
sz000021,深科技,2025-10-20 09:54:45,27.67,41500,27.66,U
sz000021,深科技,2025-10-20 09:54:51,27.69,26700,27.69,U
sz000021,深科技,2025-10-20 09:54:54,27.68,37800,27.69,D
sz000021,深科技,2025-10-20 09:54:57,27.68,111500,27.68,D
sz000021,深科技,2025-10-20 09:55:00,27.67,82500,27.68,D
sz000021,深科技,2025-10-20 09:55:03,27.68,60100,27.67,U
sz000021,深科技,2025-10-20 09:55:06,27.67,10800,27.68,D
sz000021,深科技,2025-10-20 09:55:09,27.66,19500,27.67,D
sz000021,深科技,2025-10-20 09:55:12,27.67,36800,27.66,U
sz000021,深科技,2025-10-20 09:55:15,27.66,21200,27.67,D
sz000021,深科技,2025-10-20 09:55:18,27.67,77500,27.66,U
sz000021,深科技,2025-10-20 09:55:21,27.68,29300,27.67,U
sz000021,深科技,2025-10-20 09:55:24,27.67,16400,27.68,D
sz000021,深科技,2025-10-20 09:55:27,27.68,14800,27.67,U
sz000021,深科技,2025-10-20 09:55:30,27.68,35300,27.68,U
sz000021,深科技,2025-10-20 09:55:33,27.67,50200,27.68,D
sz000021,深科技,2025-10-20 09:55:36,27.7,63100,27.67,U
sz000021,深科技,2025-10-20 09:55:39,27.72,37300,27.7,U
sz000021,深科技,2025-10-20 09:55:42,27.73,34900,27.72,U
sz000021,深科技,2025-10-20 09:55:45,27.73,7700,27.73,U
sz000021,深科技,2025-10-20 09:55:48,27.7,98500,27.73,D
sz000021,深科技,2025-10-20 09:55:51,27.69,29400,27.7,E
sz000021,深科技,2025-10-20 09:55:54,27.73,33000,27.69,U
sz000021,深科技,2025-10-20 09:55:57,27.69,15000,27.73,D
sz000021,深科技,2025-10-20 09:56:00,27.72,24700,27.69,U
sz000021,深科技,2025-10-20 09:56:03,27.71,10200,27.72,D
sz000021,深科技,2025-10-20 09:56:06,27.71,18200,27.71,D
sz000021,深科技,2025-10-20 09:56:09,27.7,33500,27.71,D
sz000021,深科技,2025-10-20 09:56:12,27.71,22400,27.7,U
sz000021,深科技,2025-10-20 09:56:15,27.69,24500,27.71,D
sz000021,深科技,2025-10-20 09:56:18,27.7,32100,27.69,U
sz000021,深科技,2025-10-20 09:56:21,27.69,31700,27.7,E
sz000021,深科技,2025-10-20 09:56:24,27.68,37100,27.69,E
sz000021,深科技,2025-10-20 09:56:27,27.66,26800,27.68,D
sz000021,深科技,2025-10-20 09:56:30,27.65,11600,27.66,D
sz000021,深科技,2025-10-20 09:56:33,27.65,47400,27.65,D
sz000021,深科技,2025-10-20 09:56:36,27.65,12500,27.65,D
sz000021,深科技,2025-10-20 09:56:39,27.66,60300,27.65,U
sz000021,深科技,2025-10-20 09:56:42,27.68,10000,27.66,U
sz000021,深科技,2025-10-20 09:56:45,27.71,67300,27.68,U
sz000021,深科技,2025-10-20 09:56:48,27.72,26400,27.71,U
sz000021,深科技,2025-10-20 09:56:51,27.75,82600,27.72,U
sz000021,深科技,2025-10-20 09:56:54,27.8,211300,27.75,U
sz000021,深科技,2025-10-20 09:56:57,27.79,69400,27.8,D
sz000021,深科技,2025-10-20 09:57:00,27.79,14500,27.79,D
sz000021,深科技,2025-10-20 09:57:03,27.82,14200,27.79,D
sz000021,深科技,2025-10-20 09:57:06,27.8,14200,27.82,E
sz000021,深科技,2025-10-20 09:57:09,27.82,20700,27.8,U
sz000021,深科技,2025-10-20 09:57:12,27.82,9900,27.82,U
sz000021,深科技,2025-10-20 09:57:15,27.81,51700,27.82,E
sz000021,深科技,2025-10-20 09:57:18,27.81,59500,27.81,U
sz000021,深科技,2025-10-20 09:57:21,27.81,16200,27.81,U
sz000021,深科技,2025-10-20 09:57:24,27.78,70600,27.81,D
sz000021,深科技,2025-10-20 09:57:27,27.81,22300,27.78,E
sz000021,深科技,2025-10-20 09:57:30,27.82,47800,27.81,U
sz000021,深科技,2025-10-20 09:57:33,27.81,34300,27.82,D
sz000021,深科技,2025-10-20 09:57:36,27.81,46400,27.81,D
sz000021,深科技,2025-10-20 09:57:39,27.81,45300,27.81,D
sz000021,深科技,2025-10-20 09:57:42,27.81,26100,27.81,D
sz000021,深科技,2025-10-20 09:57:45,27.81,61000,27.81,U
sz000021,深科技,2025-10-20 09:57:48,27.81,26700,27.81,D
sz000021,深科技,2025-10-20 09:57:51,27.83,88200,27.81,U
sz000021,深科技,2025-10-20 09:57:54,27.82,116500,27.83,D
sz000021,深科技,2025-10-20 09:57:57,27.89,244300,27.82,U
sz000021,深科技,2025-10-20 09:58:00,27.9,136100,27.89,U
sz000021,深科技,2025-10-20 09:58:03,27.92,32500,27.9,U
sz000021,深科技,2025-10-20 09:58:06,27.93,18400,27.92,U
sz000021,深科技,2025-10-20 09:58:09,27.93,36200,27.93,U
sz000021,深科技,2025-10-20 09:58:12,27.93,48900,27.93,D
sz000021,深科技,2025-10-20 09:58:15,27.93,82300,27.93,D
sz000021,深科技,2025-10-20 09:58:18,27.95,97700,27.93,U
sz000021,深科技,2025-10-20 09:58:21,27.96,61400,27.95,E
sz000021,深科技,2025-10-20 09:58:24,27.96,60100,27.96,U
sz000021,深科技,2025-10-20 09:58:27,27.97,60700,27.96,E
sz000021,深科技,2025-10-20 09:58:30,27.97,50500,27.97,D
sz000021,深科技,2025-10-20 09:58:33,27.96,32100,27.97,D
sz000021,深科技,2025-10-20 09:58:36,27.97,135500,27.96,U
sz000021,深科技,2025-10-20 09:58:39,27.97,101176,27.97,U
sz000021,深科技,2025-10-20 09:58:42,27.97,77700,27.97,D
sz000021,深科技,2025-10-20 09:58:45,27.97,42224,27.97,U
sz000021,深科技,2025-10-20 09:58:48,27.94,71600,27.97,D
sz000021,深科技,2025-10-20 09:58:51,27.94,32179,27.94,U
sz000021,深科技,2025-10-20 09:58:54,27.96,62900,27.94,U
sz000021,深科技,2025-10-20 09:58:57,27.94,36400,27.96,D
sz000021,深科技,2025-10-20 09:59:00,27.95,43100,27.94,U
sz000021,深科技,2025-10-20 09:59:03,27.98,401300,27.95,U
sz000021,深科技,2025-10-20 09:59:06,28.0,125859,27.98,U
sz000021,深科技,2025-10-20 09:59:09,28.0,51700,28.0,U
sz000021,深科技,2025-10-20 09:59:12,27.99,62900,28.0,E
sz000021,深科技,2025-10-20 09:59:15,27.99,76200,27.99,D
sz000021,深科技,2025-10-20 09:59:18,27.99,51900,27.99,U
sz000021,深科技,2025-10-20 09:59:21,27.98,110900,27.99,D
sz000021,深科技,2025-10-20 09:59:24,27.98,42700,27.98,D
sz000021,深科技,2025-10-20 09:59:27,27.98,33800,27.98,D
sz000021,深科技,2025-10-20 09:59:30,27.97,37900,27.98,D
sz000021,深科技,2025-10-20 09:59:33,27.96,27100,27.97,D
sz000021,深科技,2025-10-20 09:59:36,27.95,24641,27.96,D
sz000021,深科技,2025-10-20 09:59:39,27.94,24800,27.95,D
sz000021,深科技,2025-10-20 09:59:42,27.94,33700,27.94,U
sz000021,深科技,2025-10-20 09:59:45,27.98,191659,27.94,U
sz000021,深科技,2025-10-20 09:59:48,27.96,114900,27.98,D
sz000021,深科技,2025-10-20 09:59:51,27.97,8100,27.96,E
sz000021,深科技,2025-10-20 09:59:54,27.96,21400,27.97,D
sz000021,深科技,2025-10-20 09:59:57,27.96,41500,27.96,D
sz000021,深科技,2025-10-20 10:00:00,27.96,49600,27.96,D
sz000021,深科技,2025-10-20 10:00:03,27.96,23200,27.96,U
sz000021,深科技,2025-10-20 10:00:06,27.96,32000,27.96,U
sz000021,深科技,2025-10-20 10:00:09,27.95,26600,27.96,D
sz000021,深科技,2025-10-20 10:00:12,28.03,452337,27.95,U
sz000021,深科技,2025-10-20 10:00:15,28.04,49421,28.03,U
sz000021,深科技,2025-10-20 10:00:18,28.03,31300,28.04,D
sz000021,深科技,2025-10-20 10:00:21,28.05,76600,28.03,U
sz000021,深科技,2025-10-20 10:00:24,28.05,37500,28.05,U
sz000021,深科技,2025-10-20 10:00:27,27.99,110079,28.05,D
sz000021,深科技,2025-10-20 10:00:30,28.0,26000,27.99,U
sz000021,深科技,2025-10-20 10:00:33,27.99,31100,28.0,D
sz000021,深科技,2025-10-20 10:00:36,28.0,45000,27.99,U
sz000021,深科技,2025-10-20 10:00:39,28.0,41200,28.0,U
sz000021,深科技,2025-10-20 10:00:42,28.0,83000,28.0,U
sz000021,深科技,2025-10-20 10:00:45,27.99,99700,28.0,D
sz000021,深科技,2025-10-20 10:00:48,27.99,35400,27.99,U
sz000021,深科技,2025-10-20 10:00:51,27.99,79800,27.99,D
sz000021,深科技,2025-10-20 10:00:54,28.0,61500,27.99,U
sz000021,深科技,2025-10-20 10:00:57,28.0,83600,28.0,U
sz000021,深科技,2025-10-20 10:01:00,27.99,59000,28.0,D
sz000021,深科技,2025-10-20 10:01:03,27.99,50700,27.99,U
sz000021,深科技,2025-10-20 10:01:06,27.98,55900,27.99,E
sz000021,深科技,2025-10-20 10:01:09,27.95,59500,27.98,D
sz000021,深科技,2025-10-20 10:01:12,27.93,56162,27.95,D
sz000021,深科技,2025-10-20 10:01:18,27.9,47200,27.92,D
sz000021,深科技,2025-10-20 10:01:21,27.89,9500,27.9,D
sz000021,深科技,2025-10-20 10:01:24,27.89,22500,27.89,U
sz000021,深科技,2025-10-20 10:01:27,27.9,51600,27.89,U
sz000021,深科技,2025-10-20 10:01:30,27.88,50600,27.9,D
sz000021,深科技,2025-10-20 10:01:33,27.9,79700,27.88,U
sz000021,深科技,2025-10-20 10:01:36,27.87,94000,27.9,D
sz000021,深科技,2025-10-20 10:01:39,27.9,22900,27.87,U
sz000021,深科技,2025-10-20 10:01:42,27.9,18600,27.9,U
sz000021,深科技,2025-10-20 10:01:45,27.89,30600,27.9,E
sz000021,深科技,2025-10-20 10:01:48,27.9,24900,27.89,U
sz000021,深科技,2025-10-20 10:01:51,27.89,68600,27.9,D
sz000021,深科技,2025-10-20 10:01:54,27.89,25200,27.89,U
sz000021,深科技,2025-10-20 10:01:57,27.88,108800,27.89,E
sz000021,深科技,2025-10-20 10:02:00,27.88,38700,27.88,U
sz000021,深科技,2025-10-20 10:02:03,27.87,19200,27.88,D
sz000021,深科技,2025-10-20 10:02:06,27.87,44700,27.87,D
sz000021,深科技,2025-10-20 10:02:09,27.95,144521,27.87,U
sz000021,深科技,2025-10-20 10:02:12,27.95,67400,27.95,U
sz000021,深科技,2025-10-20 10:02:15,27.94,151300,27.95,E
sz000021,深科技,2025-10-20 10:02:18,27.94,54400,27.94,D
sz000021,深科技,2025-10-20 10:02:21,27.95,20400,27.94,U
sz000021,深科技,2025-10-20 10:02:24,27.95,106600,27.95,U
sz000021,深科技,2025-10-20 10:02:27,27.95,23000,27.95,U
sz000021,深科技,2025-10-20 10:02:30,27.94,20800,27.95,D
sz000021,深科技,2025-10-20 10:02:33,27.95,25100,27.94,U
sz000021,深科技,2025-10-20 10:02:36,27.93,11000,27.95,D
sz000021,深科技,2025-10-20 10:02:39,27.94,16400,27.93,U
sz000021,深科技,2025-10-20 10:02:42,27.95,41800,27.94,U
sz000021,深科技,2025-10-20 10:02:45,27.94,23800,27.95,D
sz000021,深科技,2025-10-20 10:02:48,27.94,9900,27.94,D
sz000021,深科技,2025-10-20 10:02:51,27.92,69200,27.94,D
sz000021,深科技,2025-10-20 10:02:54,27.95,19900,27.92,U
sz000021,深科技,2025-10-20 10:02:57,28.0,261100,27.95,U
sz000021,深科技,2025-10-20 10:03:00,28.0,141700,28.0,U
sz000021,深科技,2025-10-20 10:03:03,28.01,133600,28.0,U
sz000021,深科技,2025-10-20 10:03:06,28.02,10200,28.01,U
sz000021,深科技,2025-10-20 10:03:09,28.01,21300,28.02,U
sz000021,深科技,2025-10-20 10:03:12,28.01,40400,28.01,U
sz000021,深科技,2025-10-20 10:03:15,28.01,30400,28.01,D
sz000021,深科技,2025-10-20 10:03:18,28.01,55500,28.01,D
sz000021,深科技,2025-10-20 10:03:21,28.01,38622,28.01,D
sz000021,深科技,2025-10-20 10:03:24,28.0,137478,28.01,D
sz000021,深科技,2025-10-20 10:03:27,27.96,42700,28.0,D
sz000021,深科技,2025-10-20 10:03:30,27.94,34700,27.96,D
sz000021,深科技,2025-10-20 10:03:33,27.91,24200,27.94,D
sz000021,深科技,2025-10-20 10:03:36,27.91,21979,27.91,D
sz000021,深科技,2025-10-20 10:03:39,27.9,9400,27.91,D
sz000021,深科技,2025-10-20 10:03:42,27.89,22100,27.9,D
sz000021,深科技,2025-10-20 10:03:45,27.89,25000,27.89,D
sz000021,深科技,2025-10-20 10:03:48,27.89,9000,27.89,D
sz000021,深科技,2025-10-20 10:03:51,27.89,12200,27.89,U
sz000021,深科技,2025-10-20 10:03:54,27.88,29100,27.89,D
sz000021,深科技,2025-10-20 10:03:57,27.89,23200,27.88,U
sz000021,深科技,2025-10-20 10:04:00,27.9,27600,27.89,U
sz000021,深科技,2025-10-20 10:04:03,27.89,49000,27.9,D
sz000021,深科技,2025-10-20 10:04:06,27.9,20100,27.89,U
sz000021,深科技,2025-10-20 10:04:09,27.91,22000,27.9,U
sz000021,深科技,2025-10-20 10:04:12,27.91,8400,27.91,D
sz000021,深科技,2025-10-20 10:04:15,27.93,9700,27.91,U
sz000021,深科技,2025-10-20 10:04:18,27.94,17800,27.93,U
sz000021,深科技,2025-10-20 10:04:21,27.93,9200,27.94,D
sz000021,深科技,2025-10-20 10:04:24,27.94,8821,27.93,U
sz000021,深科技,2025-10-20 10:04:27,27.96,267400,27.94,U
sz000021,深科技,2025-10-20 10:04:30,27.99,332500,27.96,U
sz000021,深科技,2025-10-20 10:04:33,27.98,49200,27.99,D
sz000021,深科技,2025-10-20 10:04:36,28.0,12200,27.98,U
sz000021,深科技,2025-10-20 10:04:39,28.0,50500,28.0,U
sz000021,深科技,2025-10-20 10:04:42,28.0,13800,28.0,D
sz000021,深科技,2025-10-20 10:04:45,28.02,63500,28.0,U
sz000021,深科技,2025-10-20 10:04:48,28.02,12200,28.02,D
sz000021,深科技,2025-10-20 10:04:51,28.03,42822,28.02,U
sz000021,深科技,2025-10-20 10:04:54,28.03,71900,28.03,D
sz000021,深科技,2025-10-20 10:04:57,28.02,48700,28.03,D
sz000021,深科技,2025-10-20 10:05:00,28.03,91000,28.02,U
sz000021,深科技,2025-10-20 10:05:03,28.03,70300,28.03,U
sz000021,深科技,2025-10-20 10:05:06,28.03,52878,28.03,U
sz000021,深科技,2025-10-20 10:05:09,28.03,48081,28.03,U
sz000021,深科技,2025-10-20 10:05:12,28.03,95700,28.03,D
sz000021,深科技,2025-10-20 10:05:15,28.03,57700,28.03,D
sz000021,深科技,2025-10-20 10:05:18,28.02,55719,28.03,D
sz000021,深科技,2025-10-20 10:05:21,28.01,76900,28.02,E
sz000021,深科技,2025-10-20 10:05:24,28.0,30200,28.01,D
sz000021,深科技,2025-10-20 10:05:27,27.99,66600,28.0,D
sz000021,深科技,2025-10-20 10:05:30,27.99,19100,27.99,D
sz000021,深科技,2025-10-20 10:05:33,28.0,49900,27.99,U
sz000021,深科技,2025-10-20 10:05:36,27.97,9500,28.0,D
sz000021,深科技,2025-10-20 10:05:39,27.98,40200,27.97,U
sz000021,深科技,2025-10-20 10:05:42,27.98,8500,27.98,D
sz000021,深科技,2025-10-20 10:05:45,27.98,43900,27.98,D
sz000021,深科技,2025-10-20 10:05:48,27.98,29700,27.98,U
sz000021,深科技,2025-10-20 10:05:51,27.98,22400,27.98,U
sz000021,深科技,2025-10-20 10:05:54,27.98,26400,27.98,D
sz000021,深科技,2025-10-20 10:05:57,27.99,13400,27.98,U
sz000021,深科技,2025-10-20 10:06:00,27.98,70900,27.99,D
sz000021,深科技,2025-10-20 10:06:03,27.97,10600,27.98,D
sz000021,深科技,2025-10-20 10:06:06,27.98,39200,27.97,U
sz000021,深科技,2025-10-20 10:06:09,27.99,39400,27.98,U
sz000021,深科技,2025-10-20 10:06:12,27.98,31000,27.99,D
sz000021,深科技,2025-10-20 10:06:15,28.0,150900,27.98,U
sz000021,深科技,2025-10-20 10:06:18,28.0,44900,28.0,U
sz000021,深科技,2025-10-20 10:06:21,28.0,16900,28.0,D
sz000021,深科技,2025-10-20 10:06:24,28.0,39700,28.0,D
sz000021,深科技,2025-10-20 10:06:27,28.0,24600,28.0,U
sz000021,深科技,2025-10-20 10:06:30,27.99,14800,28.0,D
sz000021,深科技,2025-10-20 10:06:33,27.99,41900,27.99,D
sz000021,深科技,2025-10-20 10:06:36,27.99,16700,27.99,U
sz000021,深科技,2025-10-20 10:06:39,27.98,27200,27.99,D
sz000021,深科技,2025-10-20 10:06:42,27.98,25300,27.98,D
sz000021,深科技,2025-10-20 10:06:45,27.97,22100,27.98,D
sz000021,深科技,2025-10-20 10:06:48,27.93,82179,27.97,D
sz000021,深科技,2025-10-20 10:06:51,27.91,24100,27.93,D
sz000021,深科技,2025-10-20 10:06:57,27.94,226100,27.91,U
sz000021,深科技,2025-10-20 10:07:00,27.93,18700,27.94,E
sz000021,深科技,2025-10-20 10:07:03,27.93,14900,27.93,D
sz000021,深科技,2025-10-20 10:07:06,27.93,12100,27.93,D
sz000021,深科技,2025-10-20 10:07:09,27.97,392400,27.93,U
sz000021,深科技,2025-10-20 10:07:12,27.98,78200,27.97,U
sz000021,深科技,2025-10-20 10:07:15,28.0,35600,27.98,U
sz000021,深科技,2025-10-20 10:07:18,28.0,39400,28.0,U
sz000021,深科技,2025-10-20 10:07:21,28.0,75000,28.0,U
sz000021,深科技,2025-10-20 10:07:24,28.01,81200,28.0,U
sz000021,深科技,2025-10-20 10:07:27,28.02,29800,28.01,U
sz000021,深科技,2025-10-20 10:07:30,28.02,12900,28.02,U
sz000021,深科技,2025-10-20 10:07:33,28.02,46800,28.02,D
sz000021,深科技,2025-10-20 10:07:36,28.03,17100,28.02,U
sz000021,深科技,2025-10-20 10:07:39,28.01,46900,28.03,D
sz000021,深科技,2025-10-20 10:07:42,28.01,24400,28.01,U
sz000021,深科技,2025-10-20 10:07:45,28.01,19900,28.01,U
sz000021,深科技,2025-10-20 10:07:48,28.01,31700,28.01,U
sz000021,深科技,2025-10-20 10:07:51,28.0,35400,28.01,D
sz000021,深科技,2025-10-20 10:07:54,28.02,48800,28.0,U
sz000021,深科技,2025-10-20 10:07:57,28.02,22200,28.02,D
sz000021,深科技,2025-10-20 10:08:00,28.01,174600,28.02,D
sz000021,深科技,2025-10-20 10:08:03,27.98,71500,28.01,D
sz000021,深科技,2025-10-20 10:08:06,28.0,34000,27.98,U
sz000021,深科技,2025-10-20 10:08:09,28.0,93700,28.0,U
sz000021,深科技,2025-10-20 10:08:12,28.0,29000,28.0,U
sz000021,深科技,2025-10-20 10:08:15,27.99,18200,28.0,E
sz000021,深科技,2025-10-20 10:08:18,27.99,15100,27.99,D
sz000021,深科技,2025-10-20 10:08:21,28.0,41500,27.99,U
sz000021,深科技,2025-10-20 10:08:24,28.0,19600,28.0,U
sz000021,深科技,2025-10-20 10:08:27,28.0,82500,28.0,U
sz000021,深科技,2025-10-20 10:08:30,27.99,18300,28.0,D
sz000021,深科技,2025-10-20 10:08:33,28.04,357000,27.99,U
sz000021,深科技,2025-10-20 10:08:36,28.04,44800,28.04,U
sz000021,深科技,2025-10-20 10:08:39,28.01,20100,28.04,D
sz000021,深科技,2025-10-20 10:08:42,28.04,12700,28.01,U
sz000021,深科技,2025-10-20 10:08:45,27.99,113400,28.04,D
sz000021,深科技,2025-10-20 10:08:48,27.98,13100,27.99,D
sz000021,深科技,2025-10-20 10:08:51,27.99,11100,27.98,U
sz000021,深科技,2025-10-20 10:08:54,27.98,31200,27.99,D
sz000021,深科技,2025-10-20 10:08:57,27.98,13500,27.98,D
sz000021,深科技,2025-10-20 10:09:00,27.98,8600,27.98,U
sz000021,深科技,2025-10-20 10:09:03,27.98,33200,27.98,U
sz000021,深科技,2025-10-20 10:09:06,27.99,38500,27.98,U
sz000021,深科技,2025-10-20 10:09:09,28.03,383300,27.99,U
sz000021,深科技,2025-10-20 10:09:12,28.03,46400,28.03,U
sz000021,深科技,2025-10-20 10:09:15,28.03,12200,28.03,U
sz000021,深科技,2025-10-20 10:09:18,28.0,82200,28.03,D
sz000021,深科技,2025-10-20 10:09:21,28.0,36200,28.0,U
sz000021,深科技,2025-10-20 10:09:24,27.99,17100,28.0,D
sz000021,深科技,2025-10-20 10:09:27,27.99,20900,27.99,D
sz000021,深科技,2025-10-20 10:09:30,28.01,421671,27.99,U
sz000021,深科技,2025-10-20 10:09:33,28.01,51500,28.01,U
sz000021,深科技,2025-10-20 10:09:36,28.02,24600,28.01,U
sz000021,深科技,2025-10-20 10:09:39,28.02,87300,28.02,U
sz000021,深科技,2025-10-20 10:09:42,28.04,42200,28.02,U
sz000021,深科技,2025-10-20 10:09:45,28.04,42400,28.04,U
sz000021,深科技,2025-10-20 10:09:48,28.03,93000,28.04,D
sz000021,深科技,2025-10-20 10:09:51,28.03,31000,28.03,D
sz000021,深科技,2025-10-20 10:09:54,28.02,36300,28.03,D
sz000021,深科技,2025-10-20 10:09:57,28.03,30800,28.02,U
sz000021,深科技,2025-10-20 10:10:00,28.03,28300,28.03,U
sz000021,深科技,2025-10-20 10:10:03,28.03,146931,28.03,D
sz000021,深科技,2025-10-20 10:10:06,28.03,135700,28.03,D
sz000021,深科技,2025-10-20 10:10:09,28.03,56700,28.03,D
sz000021,深科技,2025-10-20 10:10:12,28.03,8600,28.03,U
sz000021,深科技,2025-10-20 10:10:15,28.03,12300,28.03,U
sz000021,深科技,2025-10-20 10:10:18,28.02,21600,28.03,D
sz000021,深科技,2025-10-20 10:10:21,28.03,43800,28.02,U
sz000021,深科技,2025-10-20 10:10:24,28.04,33000,28.03,U
sz000021,深科技,2025-10-20 10:10:27,28.02,26900,28.04,D
sz000021,深科技,2025-10-20 10:10:30,28.03,9900,28.02,U
sz000021,深科技,2025-10-20 10:10:33,28.03,11500,28.03,U
sz000021,深科技,2025-10-20 10:10:36,28.03,84100,28.03,U
sz000021,深科技,2025-10-20 10:10:39,28.02,13300,28.03,D
sz000021,深科技,2025-10-20 10:10:42,28.02,12000,28.02,D
sz000021,深科技,2025-10-20 10:10:45,28.02,21700,28.02,D
sz000021,深科技,2025-10-20 10:10:48,28.01,124900,28.02,D
sz000021,深科技,2025-10-20 10:10:51,28.01,22700,28.01,U
sz000021,深科技,2025-10-20 10:10:54,28.0,8000,28.01,D
sz000021,深科技,2025-10-20 10:10:57,28.0,24400,28.0,D
sz000021,深科技,2025-10-20 10:11:00,28.0,13300,28.0,U
sz000021,深科技,2025-10-20 10:11:03,27.99,21000,28.0,D
sz000021,深科技,2025-10-20 10:11:06,27.98,25400,27.99,D
sz000021,深科技,2025-10-20 10:11:09,27.99,20900,27.98,U
sz000021,深科技,2025-10-20 10:11:12,27.98,57900,27.99,D
sz000021,深科技,2025-10-20 10:11:15,27.98,20100,27.98,U
sz000021,深科技,2025-10-20 10:11:18,27.98,42100,27.98,U
sz000021,深科技,2025-10-20 10:11:21,27.96,22900,27.98,D
sz000021,深科技,2025-10-20 10:11:24,27.96,13200,27.96,D
sz000021,深科技,2025-10-20 10:11:27,27.96,47500,27.96,D
sz000021,深科技,2025-10-20 10:11:33,27.95,25700,27.95,U
sz000021,深科技,2025-10-20 10:11:36,27.94,17200,27.95,D
sz000021,深科技,2025-10-20 10:11:39,27.94,33300,27.94,D
sz000021,深科技,2025-10-20 10:11:42,27.93,13000,27.94,D
sz000021,深科技,2025-10-20 10:11:45,27.91,44700,27.93,D
sz000021,深科技,2025-10-20 10:11:48,27.91,23700,27.91,U
sz000021,深科技,2025-10-20 10:11:51,27.9,59400,27.91,D
sz000021,深科技,2025-10-20 10:11:54,27.9,59600,27.9,D
sz000021,深科技,2025-10-20 10:11:57,27.89,27900,27.9,D
sz000021,深科技,2025-10-20 10:12:00,27.88,78900,27.89,D
sz000021,深科技,2025-10-20 10:12:03,27.86,17500,27.88,D
sz000021,深科技,2025-10-20 10:12:06,27.85,25300,27.86,D
sz000021,深科技,2025-10-20 10:12:09,27.85,32100,27.85,D
sz000021,深科技,2025-10-20 10:12:12,27.84,19400,27.85,D
sz000021,深科技,2025-10-20 10:12:15,27.85,104000,27.84,U
sz000021,深科技,2025-10-20 10:12:18,27.92,210000,27.85,U
sz000021,深科技,2025-10-20 10:12:21,27.95,85400,27.92,U
sz000021,深科技,2025-10-20 10:12:24,27.95,53700,27.95,D
sz000021,深科技,2025-10-20 10:12:27,27.95,9900,27.95,E
sz000021,深科技,2025-10-20 10:12:30,27.94,25400,27.95,D
sz000021,深科技,2025-10-20 10:12:33,27.9,40200,27.94,D
sz000021,深科技,2025-10-20 10:12:36,27.94,20400,27.9,U
sz000021,深科技,2025-10-20 10:12:42,27.92,15100,27.92,U
sz000021,深科技,2025-10-20 10:12:45,27.91,12700,27.92,D
sz000021,深科技,2025-10-20 10:12:51,27.89,20700,27.91,D
sz000021,深科技,2025-10-20 10:12:54,27.89,41500,27.89,U
sz000021,深科技,2025-10-20 10:12:57,27.87,21500,27.89,D
sz000021,深科技,2025-10-20 10:13:00,27.87,13500,27.87,D
sz000021,深科技,2025-10-20 10:13:03,27.87,9800,27.87,D
sz000021,深科技,2025-10-20 10:13:06,27.87,7400,27.87,U
sz000021,深科技,2025-10-20 10:13:09,27.86,23000,27.87,D
sz000021,深科技,2025-10-20 10:13:12,27.85,7700,27.86,D
sz000021,深科技,2025-10-20 10:13:15,27.85,26400,27.85,D
sz000021,深科技,2025-10-20 10:13:18,27.89,44500,27.85,U
sz000021,深科技,2025-10-20 10:13:21,27.89,23300,27.89,U
sz000021,深科技,2025-10-20 10:13:24,27.88,30600,27.89,D
sz000021,深科技,2025-10-20 10:13:27,27.89,19800,27.88,U
sz000021,深科技,2025-10-20 10:13:30,27.89,8900,27.89,U
sz000021,深科技,2025-10-20 10:13:33,27.88,44100,27.89,D
sz000021,深科技,2025-10-20 10:13:36,27.89,11500,27.88,U
sz000021,深科技,2025-10-20 10:13:39,27.88,54500,27.89,D
sz000021,深科技,2025-10-20 10:13:42,27.87,16800,27.88,E
sz000021,深科技,2025-10-20 10:13:45,27.86,18400,27.87,D
sz000021,深科技,2025-10-20 10:13:48,27.86,57800,27.86,D
sz000021,深科技,2025-10-20 10:13:51,27.85,10700,27.86,D
sz000021,深科技,2025-10-20 10:13:54,27.85,11400,27.85,U
sz000021,深科技,2025-10-20 10:13:57,27.84,17500,27.85,D
sz000021,深科技,2025-10-20 10:14:00,27.83,18500,27.84,D
sz000021,深科技,2025-10-20 10:14:03,27.82,50600,27.83,D
sz000021,深科技,2025-10-20 10:14:06,27.82,44800,27.82,D
sz000021,深科技,2025-10-20 10:14:09,27.81,32100,27.82,D
sz000021,深科技,2025-10-20 10:14:12,27.8,96000,27.81,D
sz000021,深科技,2025-10-20 10:14:15,27.79,56200,27.8,D
sz000021,深科技,2025-10-20 10:14:18,27.81,57100,27.79,U
sz000021,深科技,2025-10-20 10:14:21,27.81,77500,27.81,D
sz000021,深科技,2025-10-20 10:14:24,27.81,52100,27.81,D
sz000021,深科技,2025-10-20 10:14:27,27.82,17400,27.81,E
sz000021,深科技,2025-10-20 10:14:30,27.87,44700,27.82,E
sz000021,深科技,2025-10-20 10:14:33,27.85,21100,27.87,D
sz000021,深科技,2025-10-20 10:14:36,27.88,44300,27.85,E
sz000021,深科技,2025-10-20 10:14:39,27.89,52300,27.88,U
sz000021,深科技,2025-10-20 10:14:42,27.91,23700,27.89,U
sz000021,深科技,2025-10-20 10:14:48,27.98,45100,27.94,U
sz000021,深科技,2025-10-20 10:14:57,27.94,9500,27.94,D
sz000021,深科技,2025-10-20 10:15:03,27.93,15900,27.94,D
sz000021,深科技,2025-10-20 10:15:06,27.97,28700,27.93,U
sz000021,深科技,2025-10-20 10:15:09,27.93,9200,27.97,D
sz000021,深科技,2025-10-20 10:15:12,27.94,15700,27.93,U
sz000021,深科技,2025-10-20 10:15:18,27.9,28900,27.94,D
sz000021,深科技,2025-10-20 10:15:21,27.85,60900,27.9,D
sz000021,深科技,2025-10-20 10:15:24,27.87,44400,27.85,E
sz000021,深科技,2025-10-20 10:15:27,27.92,11900,27.87,U
sz000021,深科技,2025-10-20 10:15:30,27.91,19800,27.92,D
sz000021,深科技,2025-10-20 10:15:36,27.98,45200,27.9,U
sz000021,深科技,2025-10-20 10:15:39,28.05,546217,27.98,U
sz000021,深科技,2025-10-20 10:15:42,28.06,252319,28.05,U
sz000021,深科技,2025-10-20 10:15:45,28.0,23800,28.06,E
sz000021,深科技,2025-10-20 10:15:48,28.05,90800,28.0,U
sz000021,深科技,2025-10-20 10:15:51,27.96,16400,28.05,E
sz000021,深科技,2025-10-20 10:15:54,27.95,23700,27.96,D
sz000021,深科技,2025-10-20 10:16:00,28.0,15100,27.99,U
sz000021,深科技,2025-10-20 10:16:03,28.0,12300,28.0,U
sz000021,深科技,2025-10-20 10:16:06,28.0,18800,28.0,U
sz000021,深科技,2025-10-20 10:16:09,28.0,30800,28.0,U
sz000021,深科技,2025-10-20 10:16:12,27.99,13600,28.0,E
sz000021,深科技,2025-10-20 10:16:15,27.99,17300,27.99,U
sz000021,深科技,2025-10-20 10:16:18,27.98,13600,27.99,D
sz000021,深科技,2025-10-20 10:16:21,27.98,9200,27.98,U
sz000021,深科技,2025-10-20 10:16:24,27.98,14100,27.98,U
sz000021,深科技,2025-10-20 10:16:27,27.97,12500,27.98,D
sz000021,深科技,2025-10-20 10:16:36,27.96,11500,27.96,U
sz000021,深科技,2025-10-20 10:16:45,27.93,9900,27.94,D
sz000021,深科技,2025-10-20 10:16:57,27.89,12400,27.92,D
sz000021,深科技,2025-10-20 10:17:03,27.88,38400,27.88,U
sz000021,深科技,2025-10-20 10:17:06,27.89,22800,27.88,U
sz000021,深科技,2025-10-20 10:17:09,27.88,12000,27.89,D
sz000021,深科技,2025-10-20 10:17:12,27.89,8300,27.88,U
sz000021,深科技,2025-10-20 10:17:15,27.88,14000,27.89,D
sz000021,深科技,2025-10-20 10:17:18,27.88,49200,27.88,D
sz000021,深科技,2025-10-20 10:17:21,27.89,25700,27.88,U
sz000021,深科技,2025-10-20 10:17:24,27.89,18700,27.89,D
sz000021,深科技,2025-10-20 10:17:27,27.89,7600,27.89,E
sz000021,深科技,2025-10-20 10:17:30,27.88,9800,27.89,D
sz000021,深科技,2025-10-20 10:17:36,27.87,27100,27.88,D
sz000021,深科技,2025-10-20 10:17:39,27.87,7800,27.87,U
sz000021,深科技,2025-10-20 10:17:42,27.86,11900,27.87,D
sz000021,深科技,2025-10-20 10:17:45,27.87,29300,27.86,U
sz000021,深科技,2025-10-20 10:17:48,27.87,29300,27.87,D
sz000021,深科技,2025-10-20 10:17:51,27.87,8100,27.87,D
sz000021,深科技,2025-10-20 10:18:03,27.86,15600,27.87,D
sz000021,深科技,2025-10-20 10:18:06,27.84,48100,27.86,D
sz000021,深科技,2025-10-20 10:18:09,27.84,10600,27.84,D
sz000021,深科技,2025-10-20 10:18:12,27.87,45400,27.84,U
sz000021,深科技,2025-10-20 10:18:15,27.87,25800,27.87,U
sz000021,深科技,2025-10-20 10:18:18,27.88,13448,27.87,U
sz000021,深科技,2025-10-20 10:18:21,27.86,27400,27.88,D
sz000021,深科技,2025-10-20 10:18:30,27.87,74100,27.87,D
sz000021,深科技,2025-10-20 10:18:36,27.86,14200,27.87,D
sz000021,深科技,2025-10-20 10:18:39,27.86,8000,27.86,D
sz000021,深科技,2025-10-20 10:18:42,27.87,15800,27.86,U
sz000021,深科技,2025-10-20 10:18:45,27.87,15100,27.87,D
sz000021,深科技,2025-10-20 10:18:48,27.86,8300,27.87,D
sz000021,深科技,2025-10-20 10:18:51,27.87,23300,27.86,U
sz000021,深科技,2025-10-20 10:18:54,27.87,10600,27.87,D
sz000021,深科技,2025-10-20 10:18:57,27.88,42900,27.87,U
sz000021,深科技,2025-10-20 10:19:09,27.88,50800,27.88,D
sz000021,深科技,2025-10-20 10:19:12,27.88,10900,27.88,U
sz000021,深科技,2025-10-20 10:19:15,27.91,34100,27.88,U
sz000021,深科技,2025-10-20 10:19:18,27.92,8200,27.91,U
sz000021,深科技,2025-10-20 10:19:21,27.94,27800,27.92,U
sz000021,深科技,2025-10-20 10:19:24,27.95,18900,27.94,U
sz000021,深科技,2025-10-20 10:19:27,27.95,53500,27.95,D
sz000021,深科技,2025-10-20 10:19:33,27.94,7400,27.94,D
sz000021,深科技,2025-10-20 10:19:36,27.95,9600,27.94,U
sz000021,深科技,2025-10-20 10:19:39,27.94,17500,27.95,D
sz000021,深科技,2025-10-20 10:19:45,27.95,31400,27.94,U
sz000021,深科技,2025-10-20 10:19:48,27.95,11200,27.95,D
sz000021,深科技,2025-10-20 10:19:51,27.95,13000,27.95,D
sz000021,深科技,2025-10-20 10:19:54,27.95,13500,27.95,D
sz000021,深科技,2025-10-20 10:19:57,27.95,7700,27.95,U
sz000021,深科技,2025-10-20 10:20:00,27.94,11900,27.95,D
sz000021,深科技,2025-10-20 10:20:09,27.94,7500,27.94,U
sz000021,深科技,2025-10-20 10:20:15,27.92,9600,27.94,D
sz000021,深科技,2025-10-20 10:20:18,27.9,13400,27.92,D
sz000021,深科技,2025-10-20 10:20:30,27.91,12100,27.91,U
sz000021,深科技,2025-10-20 10:20:33,27.9,26300,27.91,D
sz000021,深科技,2025-10-20 10:20:36,27.9,10800,27.9,D
sz000021,深科技,2025-10-20 10:20:39,27.9,30800,27.9,D
sz000021,深科技,2025-10-20 10:20:42,27.9,26900,27.9,U
sz000021,深科技,2025-10-20 10:20:45,27.9,22900,27.9,U
sz000021,深科技,2025-10-20 10:20:48,27.9,19200,27.9,U
sz000021,深科技,2025-10-20 10:20:51,27.89,16400,27.9,D
sz000021,深科技,2025-10-20 10:20:54,27.87,141400,27.89,D
sz000021,深科技,2025-10-20 10:21:03,27.86,8252,27.86,D
sz000021,深科技,2025-10-20 10:21:06,27.86,25700,27.86,U
sz000021,深科技,2025-10-20 10:21:09,27.87,24400,27.86,U
sz000021,深科技,2025-10-20 10:21:12,27.87,45000,27.87,U
sz000021,深科技,2025-10-20 10:21:15,27.86,32900,27.87,D
sz000021,深科技,2025-10-20 10:21:18,27.86,8800,27.86,U
sz000021,深科技,2025-10-20 10:21:21,27.86,19200,27.86,U
sz000021,深科技,2025-10-20 10:21:24,27.87,22500,27.86,U
sz000021,深科技,2025-10-20 10:21:27,27.87,7400,27.87,U
sz000021,深科技,2025-10-20 10:21:30,27.87,8500,27.87,U
sz000021,深科技,2025-10-20 10:21:33,27.86,14100,27.87,D
sz000021,深科技,2025-10-20 10:21:36,27.86,15700,27.86,U
sz000021,深科技,2025-10-20 10:21:39,27.86,9800,27.86,U
sz000021,深科技,2025-10-20 10:21:42,27.86,15900,27.86,U
sz000021,深科技,2025-10-20 10:21:45,27.86,16500,27.86,U
sz000021,深科技,2025-10-20 10:21:48,27.86,9200,27.86,D
sz000021,深科技,2025-10-20 10:21:51,27.86,56400,27.86,D
sz000021,深科技,2025-10-20 10:21:54,27.85,8600,27.86,D
sz000021,深科技,2025-10-20 10:21:57,27.85,27000,27.85,D
sz000021,深科技,2025-10-20 10:22:00,27.85,7700,27.85,D
sz000021,深科技,2025-10-20 10:22:03,27.87,18800,27.85,U
sz000021,深科技,2025-10-20 10:22:06,27.86,12400,27.87,D
sz000021,深科技,2025-10-20 10:22:15,27.87,11900,27.86,U
sz000021,深科技,2025-10-20 10:22:18,27.88,12048,27.87,U
sz000021,深科技,2025-10-20 10:22:24,27.88,8300,27.88,U
sz000021,深科技,2025-10-20 10:22:27,27.9,11400,27.88,U
sz000021,深科技,2025-10-20 10:22:30,27.88,7700,27.9,D
sz000021,深科技,2025-10-20 10:22:33,27.89,7600,27.88,D
sz000021,深科技,2025-10-20 10:22:39,27.87,95100,27.89,D
sz000021,深科技,2025-10-20 10:22:42,27.85,34000,27.87,D
sz000021,深科技,2025-10-20 10:22:45,27.83,33000,27.85,D
sz000021,深科技,2025-10-20 10:22:48,27.85,20000,27.83,E
sz000021,深科技,2025-10-20 10:22:51,27.83,59500,27.85,E
sz000021,深科技,2025-10-20 10:22:54,27.8,35500,27.83,D
sz000021,深科技,2025-10-20 10:22:57,27.8,23500,27.8,D
sz000021,深科技,2025-10-20 10:23:00,27.82,7200,27.8,D
sz000021,深科技,2025-10-20 10:23:03,27.82,10100,27.82,U
sz000021,深科技,2025-10-20 10:23:06,27.8,36900,27.82,D
sz000021,深科技,2025-10-20 10:23:12,27.8,11000,27.79,U
sz000021,深科技,2025-10-20 10:23:15,27.78,10500,27.8,D
sz000021,深科技,2025-10-20 10:23:18,27.78,33100,27.78,D
sz000021,深科技,2025-10-20 10:23:21,27.78,10600,27.78,D
sz000021,深科技,2025-10-20 10:23:24,27.79,33800,27.78,U
sz000021,深科技,2025-10-20 10:23:27,27.78,11100,27.79,D
sz000021,深科技,2025-10-20 10:23:30,27.79,12400,27.78,E
sz000021,深科技,2025-10-20 10:23:33,27.79,12000,27.79,U
sz000021,深科技,2025-10-20 10:23:36,27.78,23300,27.79,D
sz000021,深科技,2025-10-20 10:23:42,27.77,9600,27.78,D
sz000021,深科技,2025-10-20 10:23:45,27.77,31700,27.77,D
sz000021,深科技,2025-10-20 10:23:48,27.76,12400,27.77,D
sz000021,深科技,2025-10-20 10:23:51,27.76,74100,27.76,D
sz000021,深科技,2025-10-20 10:23:54,27.75,9700,27.76,D
sz000021,深科技,2025-10-20 10:23:57,27.76,24400,27.75,U
sz000021,深科技,2025-10-20 10:24:00,27.75,46600,27.76,D
sz000021,深科技,2025-10-20 10:24:03,27.75,14500,27.75,E
sz000021,深科技,2025-10-20 10:24:06,27.74,22400,27.75,D
sz000021,深科技,2025-10-20 10:24:09,27.73,9300,27.74,D
sz000021,深科技,2025-10-20 10:24:12,27.73,22000,27.73,D
sz000021,深科技,2025-10-20 10:24:15,27.73,14500,27.73,U
sz000021,深科技,2025-10-20 10:24:18,27.72,20000,27.73,D
sz000021,深科技,2025-10-20 10:24:21,27.71,8900,27.72,D
sz000021,深科技,2025-10-20 10:24:27,27.71,18300,27.72,D
sz000021,深科技,2025-10-20 10:24:30,27.71,14100,27.71,U
sz000021,深科技,2025-10-20 10:24:33,27.71,21400,27.71,U
sz000021,深科技,2025-10-20 10:24:36,27.71,142300,27.71,U
sz000021,深科技,2025-10-20 10:24:39,27.7,31800,27.71,D
sz000021,深科技,2025-10-20 10:24:42,27.7,193000,27.7,D
sz000021,深科技,2025-10-20 10:24:45,27.7,43000,27.7,U
sz000021,深科技,2025-10-20 10:24:48,27.69,24400,27.7,D
sz000021,深科技,2025-10-20 10:24:51,27.69,42900,27.69,D
sz000021,深科技,2025-10-20 10:24:54,27.68,15300,27.69,D
sz000021,深科技,2025-10-20 10:24:57,27.68,31200,27.68,D
sz000021,深科技,2025-10-20 10:25:03,27.67,27800,27.68,D
sz000021,深科技,2025-10-20 10:25:06,27.69,105300,27.67,U
sz000021,深科技,2025-10-20 10:25:09,27.69,47800,27.69,D
sz000021,深科技,2025-10-20 10:25:12,27.7,17700,27.69,E
sz000021,深科技,2025-10-20 10:25:15,27.74,45000,27.7,U
sz000021,深科技,2025-10-20 10:25:18,27.75,12100,27.74,U
sz000021,深科技,2025-10-20 10:25:21,27.75,11600,27.75,U
sz000021,深科技,2025-10-20 10:25:24,27.75,14100,27.75,U
sz000021,深科技,2025-10-20 10:25:27,27.74,11700,27.75,D
sz000021,深科技,2025-10-20 10:25:30,27.75,18000,27.74,U
sz000021,深科技,2025-10-20 10:25:33,27.75,48200,27.75,U
sz000021,深科技,2025-10-20 10:25:36,27.77,11300,27.75,U
sz000021,深科技,2025-10-20 10:25:42,27.79,7500,27.78,U
sz000021,深科技,2025-10-20 10:25:48,27.8,10900,27.79,U
sz000021,深科技,2025-10-20 10:25:51,27.8,12200,27.8,U
sz000021,深科技,2025-10-20 10:25:57,27.82,8900,27.81,U
sz000021,深科技,2025-10-20 10:26:00,27.81,38100,27.82,D
sz000021,深科技,2025-10-20 10:26:03,27.8,25700,27.81,D
sz000021,深科技,2025-10-20 10:26:12,27.79,17900,27.8,D
sz000021,深科技,2025-10-20 10:26:15,27.78,9600,27.79,D
sz000021,深科技,2025-10-20 10:26:18,27.8,73400,27.78,U
sz000021,深科技,2025-10-20 10:26:21,27.8,22700,27.8,D
sz000021,深科技,2025-10-20 10:26:24,27.77,18800,27.8,D
sz000021,深科技,2025-10-20 10:26:27,27.77,9900,27.77,U
sz000021,深科技,2025-10-20 10:26:30,27.78,22500,27.77,U
sz000021,深科技,2025-10-20 10:26:33,27.76,10100,27.78,D
sz000021,深科技,2025-10-20 10:26:36,27.78,17900,27.76,U
sz000021,深科技,2025-10-20 10:26:39,27.78,7900,27.78,D
sz000021,深科技,2025-10-20 10:26:42,27.8,32200,27.78,U
sz000021,深科技,2025-10-20 10:26:45,27.79,23200,27.8,D
sz000021,深科技,2025-10-20 10:26:51,27.77,14900,27.77,D
sz000021,深科技,2025-10-20 10:26:54,27.77,7500,27.77,D
sz000021,深科技,2025-10-20 10:27:15,27.77,13000,27.77,D
sz000021,深科技,2025-10-20 10:27:21,27.77,12000,27.77,U
sz000021,深科技,2025-10-20 10:27:27,27.77,10200,27.77,U
sz000021,深科技,2025-10-20 10:27:30,27.77,21100,27.77,D
sz000021,深科技,2025-10-20 10:27:33,27.76,10700,27.77,D
sz000021,深科技,2025-10-20 10:27:36,27.76,60000,27.76,D
sz000021,深科技,2025-10-20 10:27:39,27.77,12000,27.76,U
sz000021,深科技,2025-10-20 10:27:42,27.77,31200,27.77,D
sz000021,深科技,2025-10-20 10:27:48,27.77,12400,27.77,U
sz000021,深科技,2025-10-20 10:27:54,27.77,9200,27.77,U
sz000021,深科技,2025-10-20 10:27:57,27.77,12700,27.77,U
sz000021,深科技,2025-10-20 10:28:00,27.76,10100,27.77,D
sz000021,深科技,2025-10-20 10:28:03,27.76,10100,27.76,U
sz000021,深科技,2025-10-20 10:28:06,27.75,7900,27.76,D
sz000021,深科技,2025-10-20 10:28:09,27.75,21600,27.75,D
sz000021,深科技,2025-10-20 10:28:12,27.78,99100,27.75,U
sz000021,深科技,2025-10-20 10:28:15,27.79,13000,27.78,U
sz000021,深科技,2025-10-20 10:28:18,27.79,16200,27.79,U
sz000021,深科技,2025-10-20 10:28:21,27.79,9300,27.79,D
sz000021,深科技,2025-10-20 10:28:24,27.79,10300,27.79,U
sz000021,深科技,2025-10-20 10:28:27,27.8,15000,27.79,U
sz000021,深科技,2025-10-20 10:28:30,27.8,10200,27.8,U
sz000021,深科技,2025-10-20 10:28:33,27.8,40400,27.8,U
sz000021,深科技,2025-10-20 10:28:36,27.8,14300,27.8,U
sz000021,深科技,2025-10-20 10:28:39,27.79,39500,27.8,D
sz000021,深科技,2025-10-20 10:28:42,27.79,7600,27.79,U
sz000021,深科技,2025-10-20 10:28:48,27.8,86700,27.79,U
sz000021,深科技,2025-10-20 10:28:51,27.82,9900,27.8,U
sz000021,深科技,2025-10-20 10:28:54,27.81,7200,27.82,E
sz000021,深科技,2025-10-20 10:29:03,27.84,26600,27.82,U
sz000021,深科技,2025-10-20 10:29:06,27.82,7700,27.84,D
sz000021,深科技,2025-10-20 10:29:12,27.84,16400,27.84,U
sz000021,深科技,2025-10-20 10:29:15,27.82,53900,27.84,D
sz000021,深科技,2025-10-20 10:29:18,27.82,23300,27.82,U
sz000021,深科技,2025-10-20 10:29:21,27.82,34100,27.82,E
sz000021,深科技,2025-10-20 10:29:24,27.83,10700,27.82,U
sz000021,深科技,2025-10-20 10:29:30,27.79,13600,27.79,D
sz000021,深科技,2025-10-20 10:29:33,27.79,9200,27.79,D
sz000021,深科技,2025-10-20 10:29:36,27.79,10400,27.79,D
sz000021,深科技,2025-10-20 10:29:39,27.79,15000,27.79,U
sz000021,深科技,2025-10-20 10:29:42,27.78,15500,27.79,D
sz000021,深科技,2025-10-20 10:29:45,27.78,17400,27.78,D
sz000021,深科技,2025-10-20 10:29:48,27.79,57200,27.78,U
sz000021,深科技,2025-10-20 10:29:57,27.78,9200,27.78,D
sz000021,深科技,2025-10-20 10:30:00,27.78,7500,27.78,U
sz000021,深科技,2025-10-20 10:30:03,27.8,9000,27.78,U
sz000021,深科技,2025-10-20 10:30:06,27.79,11600,27.8,E
sz000021,深科技,2025-10-20 10:30:09,27.78,8400,27.79,E
sz000021,深科技,2025-10-20 10:30:12,27.76,37400,27.78,D
sz000021,深科技,2025-10-20 10:30:15,27.76,26500,27.76,E
sz000021,深科技,2025-10-20 10:30:24,27.75,7800,27.77,D
sz000021,深科技,2025-10-20 10:30:27,27.76,10800,27.75,U
sz000021,深科技,2025-10-20 10:30:30,27.79,55600,27.76,U
sz000021,深科技,2025-10-20 10:30:39,27.79,22800,27.78,U
sz000021,深科技,2025-10-20 10:30:42,27.78,24100,27.79,D
sz000021,深科技,2025-10-20 10:30:48,27.78,9800,27.78,U
sz000021,深科技,2025-10-20 10:30:51,27.77,9800,27.78,D
sz000021,深科技,2025-10-20 10:31:03,27.76,23400,27.77,D
sz000021,深科技,2025-10-20 10:31:09,27.76,13400,27.76,U
sz000021,深科技,2025-10-20 10:31:12,27.73,44400,27.76,D
sz000021,深科技,2025-10-20 10:31:18,27.73,12000,27.74,D
sz000021,深科技,2025-10-20 10:31:24,27.73,11200,27.73,U
sz000021,深科技,2025-10-20 10:31:27,27.72,8300,27.73,D
sz000021,深科技,2025-10-20 10:31:33,27.71,39300,27.71,D
sz000021,深科技,2025-10-20 10:31:36,27.69,28900,27.71,D
sz000021,深科技,2025-10-20 10:31:39,27.67,34700,27.69,D
sz000021,深科技,2025-10-20 10:31:42,27.69,8600,27.67,D
sz000021,深科技,2025-10-20 10:31:45,27.69,13200,27.69,U
sz000021,深科技,2025-10-20 10:31:48,27.69,23700,27.69,U
sz000021,深科技,2025-10-20 10:31:54,27.69,20000,27.69,D
sz000021,深科技,2025-10-20 10:32:00,27.68,35800,27.69,D
sz000021,深科技,2025-10-20 10:32:03,27.68,11100,27.68,U
sz000021,深科技,2025-10-20 10:32:09,27.67,17100,27.67,U
sz000021,深科技,2025-10-20 10:32:12,27.65,26200,27.67,D
sz000021,深科技,2025-10-20 10:32:15,27.67,16000,27.65,U
sz000021,深科技,2025-10-20 10:32:18,27.65,32000,27.67,D
sz000021,深科技,2025-10-20 10:32:21,27.67,25300,27.65,U
sz000021,深科技,2025-10-20 10:32:24,27.68,92800,27.67,U
sz000021,深科技,2025-10-20 10:32:27,27.68,19500,27.68,U
sz000021,深科技,2025-10-20 10:32:30,27.7,13200,27.68,U
sz000021,深科技,2025-10-20 10:32:36,27.72,41400,27.71,U
sz000021,深科技,2025-10-20 10:32:48,27.74,51300,27.73,U
sz000021,深科技,2025-10-20 10:32:51,27.73,9700,27.74,D
sz000021,深科技,2025-10-20 10:32:57,27.75,25300,27.74,U
sz000021,深科技,2025-10-20 10:33:00,27.76,7400,27.75,U
sz000021,深科技,2025-10-20 10:33:03,27.78,7600,27.76,U
sz000021,深科技,2025-10-20 10:33:06,27.78,9500,27.78,U
sz000021,深科技,2025-10-20 10:33:09,27.77,19700,27.78,D
sz000021,深科技,2025-10-20 10:33:15,27.79,16700,27.79,U
sz000021,深科技,2025-10-20 10:33:18,27.78,27500,27.79,D
sz000021,深科技,2025-10-20 10:33:21,27.78,21000,27.78,D
sz000021,深科技,2025-10-20 10:33:24,27.77,35100,27.78,D
sz000021,深科技,2025-10-20 10:33:27,27.71,37300,27.77,D
sz000021,深科技,2025-10-20 10:33:30,27.72,23100,27.71,E
sz000021,深科技,2025-10-20 10:33:33,27.72,14800,27.72,D
sz000021,深科技,2025-10-20 10:33:36,27.72,18400,27.72,U
sz000021,深科技,2025-10-20 10:33:42,27.72,9100,27.72,D
sz000021,深科技,2025-10-20 10:33:45,27.72,13900,27.72,D
sz000021,深科技,2025-10-20 10:33:51,27.75,20300,27.75,U
sz000021,深科技,2025-10-20 10:33:54,27.76,7800,27.75,U
sz000021,深科技,2025-10-20 10:33:57,27.76,7600,27.76,D
sz000021,深科技,2025-10-20 10:34:00,27.76,19300,27.76,U
sz000021,深科技,2025-10-20 10:34:18,27.77,9400,27.78,D
sz000021,深科技,2025-10-20 10:34:24,27.78,8100,27.78,U
sz000021,深科技,2025-10-20 10:34:27,27.79,21900,27.78,U
sz000021,深科技,2025-10-20 10:34:30,27.77,22600,27.79,D
sz000021,深科技,2025-10-20 10:34:33,27.77,25200,27.77,U
sz000021,深科技,2025-10-20 10:34:36,27.78,8300,27.77,U
sz000021,深科技,2025-10-20 10:34:42,27.78,11200,27.78,U
sz000021,深科技,2025-10-20 10:34:45,27.78,8900,27.78,U
sz000021,深科技,2025-10-20 10:34:48,27.78,10500,27.78,U
sz000021,深科技,2025-10-20 10:34:51,27.79,15900,27.78,U
sz000021,深科技,2025-10-20 10:35:00,27.79,9700,27.79,D
sz000021,深科技,2025-10-20 10:35:03,27.77,15600,27.79,D
sz000021,深科技,2025-10-20 10:35:06,27.79,14800,27.77,U
sz000021,深科技,2025-10-20 10:35:12,27.78,8700,27.79,D
sz000021,深科技,2025-10-20 10:35:15,27.79,14700,27.78,U
sz000021,深科技,2025-10-20 10:35:21,27.76,15400,27.78,D
sz000021,深科技,2025-10-20 10:35:30,27.75,14300,27.76,D
sz000021,深科技,2025-10-20 10:35:33,27.75,14000,27.75,U
sz000021,深科技,2025-10-20 10:35:42,27.75,10500,27.75,D
sz000021,深科技,2025-10-20 10:35:45,27.75,11500,27.75,D
sz000021,深科技,2025-10-20 10:35:48,27.74,18300,27.75,D
sz000021,深科技,2025-10-20 10:35:51,27.75,14100,27.74,E
sz000021,深科技,2025-10-20 10:36:03,27.75,8500,27.75,D
sz000021,深科技,2025-10-20 10:36:06,27.75,10700,27.75,D
sz000021,深科技,2025-10-20 10:36:12,27.74,10000,27.75,D
sz000021,深科技,2025-10-20 10:36:15,27.75,18900,27.74,U
sz000021,深科技,2025-10-20 10:36:18,27.74,10400,27.75,D
sz000021,深科技,2025-10-20 10:36:21,27.74,8300,27.74,U
sz000021,深科技,2025-10-20 10:36:24,27.72,16248,27.74,D
sz000021,深科技,2025-10-20 10:36:33,27.72,11600,27.73,D
sz000021,深科技,2025-10-20 10:36:36,27.73,7700,27.72,E
sz000021,深科技,2025-10-20 10:36:42,27.73,7600,27.73,D
sz000021,深科技,2025-10-20 10:36:48,27.71,53600,27.73,D
sz000021,深科技,2025-10-20 10:36:51,27.73,8500,27.71,U
sz000021,深科技,2025-10-20 10:36:54,27.7,9700,27.73,D
sz000021,深科技,2025-10-20 10:36:57,27.7,9900,27.7,D
sz000021,深科技,2025-10-20 10:37:00,27.71,10100,27.7,U
sz000021,深科技,2025-10-20 10:37:03,27.69,45400,27.71,D
sz000021,深科技,2025-10-20 10:37:06,27.7,28700,27.69,U
sz000021,深科技,2025-10-20 10:37:09,27.65,117500,27.7,D
sz000021,深科技,2025-10-20 10:37:12,27.65,36200,27.65,U
sz000021,深科技,2025-10-20 10:37:15,27.65,8300,27.65,U
sz000021,深科技,2025-10-20 10:37:18,27.62,10300,27.65,E
sz000021,深科技,2025-10-20 10:37:21,27.62,20700,27.62,D
sz000021,深科技,2025-10-20 10:37:24,27.65,22400,27.62,U
sz000021,深科技,2025-10-20 10:37:27,27.63,28800,27.65,D
sz000021,深科技,2025-10-20 10:37:30,27.63,22300,27.63,E
sz000021,深科技,2025-10-20 10:37:33,27.64,31600,27.63,U
sz000021,深科技,2025-10-20 10:37:36,27.64,43100,27.64,E
sz000021,深科技,2025-10-20 10:37:39,27.63,13200,27.64,D
sz000021,深科技,2025-10-20 10:37:42,27.63,18400,27.63,U
sz000021,深科技,2025-10-20 10:37:45,27.62,22400,27.63,D
sz000021,深科技,2025-10-20 10:37:51,27.62,27400,27.62,U
sz000021,深科技,2025-10-20 10:37:54,27.61,25200,27.62,D
sz000021,深科技,2025-10-20 10:37:57,27.6,54900,27.61,D
sz000021,深科技,2025-10-20 10:38:00,27.61,35900,27.6,U
sz000021,深科技,2025-10-20 10:38:03,27.61,84000,27.61,U
sz000021,深科技,2025-10-20 10:38:06,27.6,35300,27.61,D
sz000021,深科技,2025-10-20 10:38:09,27.59,13700,27.6,D
sz000021,深科技,2025-10-20 10:38:12,27.58,60600,27.59,D
sz000021,深科技,2025-10-20 10:38:15,27.56,20100,27.58,D
sz000021,深科技,2025-10-20 10:38:18,27.57,11100,27.56,U
sz000021,深科技,2025-10-20 10:38:21,27.57,47600,27.57,U
sz000021,深科技,2025-10-20 10:38:24,27.56,74200,27.57,D
sz000021,深科技,2025-10-20 10:38:27,27.6,163600,27.56,U
sz000021,深科技,2025-10-20 10:38:30,27.61,87900,27.6,U
sz000021,深科技,2025-10-20 10:38:36,27.62,39300,27.61,U
sz000021,深科技,2025-10-20 10:38:39,27.63,8400,27.62,U
sz000021,深科技,2025-10-20 10:38:42,27.63,24800,27.63,U
sz000021,深科技,2025-10-20 10:38:45,27.64,7400,27.63,U
sz000021,深科技,2025-10-20 10:38:48,27.65,8800,27.64,U
sz000021,深科技,2025-10-20 10:38:51,27.66,22000,27.65,U
sz000021,深科技,2025-10-20 10:39:00,27.67,16600,27.68,D
sz000021,深科技,2025-10-20 10:39:03,27.68,16100,27.67,D
sz000021,深科技,2025-10-20 10:39:06,27.68,20000,27.68,U
sz000021,深科技,2025-10-20 10:39:09,27.69,12200,27.68,U
sz000021,深科技,2025-10-20 10:39:12,27.69,9200,27.69,D
sz000021,深科技,2025-10-20 10:39:15,27.69,8200,27.69,D
sz000021,深科技,2025-10-20 10:39:18,27.69,16500,27.69,D
sz000021,深科技,2025-10-20 10:39:21,27.69,11000,27.69,U
sz000021,深科技,2025-10-20 10:39:24,27.68,11500,27.69,D
sz000021,深科技,2025-10-20 10:39:27,27.68,13200,27.68,U
sz000021,深科技,2025-10-20 10:39:30,27.67,12300,27.68,D
sz000021,深科技,2025-10-20 10:39:36,27.67,13700,27.67,U
sz000021,深科技,2025-10-20 10:39:39,27.66,22400,27.67,D
sz000021,深科技,2025-10-20 10:39:45,27.65,26300,27.67,D
sz000021,深科技,2025-10-20 10:39:51,27.65,13400,27.66,D
sz000021,深科技,2025-10-20 10:39:54,27.66,25200,27.65,U
sz000021,深科技,2025-10-20 10:39:57,27.66,20600,27.66,D
sz000021,深科技,2025-10-20 10:40:00,27.67,17100,27.66,U
sz000021,深科技,2025-10-20 10:40:03,27.66,19100,27.67,D
sz000021,深科技,2025-10-20 10:40:09,27.65,12400,27.66,D
sz000021,深科技,2025-10-20 10:40:15,27.66,22800,27.66,U
sz000021,深科技,2025-10-20 10:40:18,27.66,50400,27.66,U
sz000021,深科技,2025-10-20 10:40:21,27.68,16900,27.66,U
sz000021,深科技,2025-10-20 10:40:24,27.7,57500,27.68,U
sz000021,深科技,2025-10-20 10:40:27,27.7,25600,27.7,U
sz000021,深科技,2025-10-20 10:40:39,27.73,12400,27.72,U
sz000021,深科技,2025-10-20 10:40:42,27.73,12900,27.73,U
sz000021,深科技,2025-10-20 10:40:45,27.72,36800,27.73,D
sz000021,深科技,2025-10-20 10:40:51,27.73,15000,27.72,D
sz000021,深科技,2025-10-20 10:40:57,27.73,10200,27.74,E
sz000021,深科技,2025-10-20 10:41:00,27.73,24000,27.73,U
sz000021,深科技,2025-10-20 10:41:06,27.7,7800,27.7,D
sz000021,深科技,2025-10-20 10:41:21,27.68,10000,27.69,D
sz000021,深科技,2025-10-20 10:41:24,27.68,24600,27.68,U
sz000021,深科技,2025-10-20 10:41:30,27.68,22600,27.67,U
sz000021,深科技,2025-10-20 10:41:42,27.66,9700,27.67,D
sz000021,深科技,2025-10-20 10:41:45,27.68,28500,27.66,U
sz000021,深科技,2025-10-20 10:41:48,27.68,13400,27.68,U
sz000021,深科技,2025-10-20 10:41:51,27.68,19900,27.68,U
sz000021,深科技,2025-10-20 10:41:54,27.68,10600,27.68,D
sz000021,深科技,2025-10-20 10:41:57,27.68,10700,27.68,D
sz000021,深科技,2025-10-20 10:42:00,27.69,38200,27.68,U
sz000021,深科技,2025-10-20 10:42:03,27.7,27800,27.69,U
sz000021,深科技,2025-10-20 10:42:06,27.7,98800,27.7,U
sz000021,深科技,2025-10-20 10:42:12,27.68,19400,27.68,D
sz000021,深科技,2025-10-20 10:42:18,27.68,8700,27.68,U
sz000021,深科技,2025-10-20 10:42:21,27.69,13600,27.68,D
sz000021,深科技,2025-10-20 10:42:27,27.7,12000,27.68,U
sz000021,深科技,2025-10-20 10:42:30,27.68,15100,27.7,D
sz000021,深科技,2025-10-20 10:42:42,27.69,22900,27.69,U
sz000021,深科技,2025-10-20 10:42:45,27.69,13500,27.69,D
sz000021,深科技,2025-10-20 10:42:48,27.72,90900,27.69,U
sz000021,深科技,2025-10-20 10:42:51,27.69,15900,27.72,D
sz000021,深科技,2025-10-20 10:42:54,27.7,24100,27.69,D
sz000021,深科技,2025-10-20 10:43:00,27.72,9500,27.7,U
sz000021,深科技,2025-10-20 10:43:03,27.7,11400,27.72,D
sz000021,深科技,2025-10-20 10:43:06,27.7,7500,27.7,U
sz000021,深科技,2025-10-20 10:43:09,27.71,15800,27.7,U
sz000021,深科技,2025-10-20 10:43:12,27.71,8900,27.71,D
sz000021,深科技,2025-10-20 10:43:15,27.72,19500,27.71,U
sz000021,深科技,2025-10-20 10:43:18,27.72,30200,27.72,U
sz000021,深科技,2025-10-20 10:43:21,27.72,8000,27.72,D
sz000021,深科技,2025-10-20 10:43:24,27.72,12100,27.72,D
sz000021,深科技,2025-10-20 10:43:27,27.72,19100,27.72,D
sz000021,深科技,2025-10-20 10:43:33,27.72,12300,27.72,U
sz000021,深科技,2025-10-20 10:43:39,27.73,8000,27.72,U
sz000021,深科技,2025-10-20 10:43:48,27.72,8000,27.72,D
sz000021,深科技,2025-10-20 10:43:51,27.73,12200,27.72,U
sz000021,深科技,2025-10-20 10:44:06,27.72,8600,27.73,D
sz000021,深科技,2025-10-20 10:44:12,27.71,15700,27.72,D
sz000021,深科技,2025-10-20 10:44:18,27.71,14400,27.7,U
sz000021,深科技,2025-10-20 10:44:21,27.7,19300,27.71,D
sz000021,深科技,2025-10-20 10:44:24,27.69,95300,27.7,D
sz000021,深科技,2025-10-20 10:44:27,27.69,14300,27.69,D
sz000021,深科技,2025-10-20 10:44:39,27.69,7800,27.69,D
sz000021,深科技,2025-10-20 10:44:42,27.69,15500,27.69,D
sz000021,深科技,2025-10-20 10:44:51,27.69,7300,27.69,U
sz000021,深科技,2025-10-20 10:44:54,27.69,7600,27.69,U
sz000021,深科技,2025-10-20 10:44:57,27.68,9900,27.69,D
sz000021,深科技,2025-10-20 10:45:03,27.68,17400,27.68,D
sz000021,深科技,2025-10-20 10:45:06,27.69,8300,27.68,E
sz000021,深科技,2025-10-20 10:45:09,27.69,11600,27.69,D
sz000021,深科技,2025-10-20 10:45:15,27.69,14900,27.69,D
sz000021,深科技,2025-10-20 10:45:33,27.69,12500,27.68,U
sz000021,深科技,2025-10-20 10:45:36,27.67,42600,27.69,D
sz000021,深科技,2025-10-20 10:45:39,27.68,17000,27.67,U
sz000021,深科技,2025-10-20 10:45:42,27.68,12700,27.68,U
sz000021,深科技,2025-10-20 10:45:45,27.66,8300,27.68,D
sz000021,深科技,2025-10-20 10:45:54,27.67,15800,27.68,D
sz000021,深科技,2025-10-20 10:45:57,27.68,48500,27.67,U
sz000021,深科技,2025-10-20 10:46:00,27.69,18900,27.68,U
sz000021,深科技,2025-10-20 10:46:12,27.68,61100,27.69,D
sz000021,深科技,2025-10-20 10:46:21,27.68,15100,27.68,U
sz000021,深科技,2025-10-20 10:46:24,27.69,22400,27.68,U
sz000021,深科技,2025-10-20 10:46:42,27.69,20500,27.68,U
sz000021,深科技,2025-10-20 10:46:48,27.69,9300,27.68,U
sz000021,深科技,2025-10-20 10:46:51,27.68,19000,27.69,D
sz000021,深科技,2025-10-20 10:46:54,27.68,16300,27.68,U
sz000021,深科技,2025-10-20 10:46:57,27.68,14600,27.68,D
sz000021,深科技,2025-10-20 10:47:00,27.73,175000,27.68,U
sz000021,深科技,2025-10-20 10:47:03,27.73,103100,27.73,U
sz000021,深科技,2025-10-20 10:47:06,27.75,58000,27.73,U
sz000021,深科技,2025-10-20 10:47:09,27.74,9900,27.75,D
sz000021,深科技,2025-10-20 10:47:15,27.76,25400,27.74,U
sz000021,深科技,2025-10-20 10:47:18,27.76,29900,27.76,U
sz000021,深科技,2025-10-20 10:47:24,27.74,19800,27.76,D
sz000021,深科技,2025-10-20 10:47:30,27.78,130900,27.73,U
sz000021,深科技,2025-10-20 10:47:33,27.78,10300,27.78,U
sz000021,深科技,2025-10-20 10:47:36,27.78,21800,27.78,U
sz000021,深科技,2025-10-20 10:47:39,27.77,18800,27.78,D
sz000021,深科技,2025-10-20 10:47:42,27.78,59900,27.77,U
sz000021,深科技,2025-10-20 10:47:45,27.78,8000,27.78,D
sz000021,深科技,2025-10-20 10:47:48,27.78,17000,27.78,U
sz000021,深科技,2025-10-20 10:47:57,27.77,58000,27.78,D
sz000021,深科技,2025-10-20 10:48:06,27.75,11800,27.75,D
sz000021,深科技,2025-10-20 10:48:18,27.76,54100,27.75,E
sz000021,深科技,2025-10-20 10:48:21,27.76,19000,27.76,U
sz000021,深科技,2025-10-20 10:48:24,27.76,8300,27.76,D
sz000021,深科技,2025-10-20 10:48:27,27.77,15500,27.76,U
sz000021,深科技,2025-10-20 10:48:30,27.77,13700,27.77,U
sz000021,深科技,2025-10-20 10:48:36,27.77,50500,27.76,U
sz000021,深科技,2025-10-20 10:48:39,27.78,25900,27.77,U
sz000021,深科技,2025-10-20 10:48:42,27.78,10500,27.78,U
sz000021,深科技,2025-10-20 10:48:51,27.78,10900,27.77,U
sz000021,深科技,2025-10-20 10:48:57,27.77,50600,27.77,D
sz000021,深科技,2025-10-20 10:49:00,27.77,17500,27.77,D
sz000021,深科技,2025-10-20 10:49:03,27.77,18100,27.77,D
sz000021,深科技,2025-10-20 10:49:06,27.77,26100,27.77,D
sz000021,深科技,2025-10-20 10:49:09,27.77,18600,27.77,D
sz000021,深科技,2025-10-20 10:49:18,27.77,12000,27.77,U
sz000021,深科技,2025-10-20 10:49:36,27.75,9300,27.74,U
sz000021,深科技,2025-10-20 10:49:48,27.73,11800,27.73,D
sz000021,深科技,2025-10-20 10:49:51,27.73,8900,27.73,D
sz000021,深科技,2025-10-20 10:49:54,27.73,8400,27.73,D
sz000021,深科技,2025-10-20 10:50:09,27.71,10300,27.73,D
sz000021,深科技,2025-10-20 10:50:30,27.73,19500,27.71,U
sz000021,深科技,2025-10-20 10:50:33,27.72,21400,27.73,D
sz000021,深科技,2025-10-20 10:50:36,27.72,7800,27.72,D
sz000021,深科技,2025-10-20 10:50:39,27.72,11800,27.72,D
sz000021,深科技,2025-10-20 10:51:00,27.7,13000,27.7,D
sz000021,深科技,2025-10-20 10:51:06,27.71,9000,27.7,U
sz000021,深科技,2025-10-20 10:51:09,27.71,38300,27.71,D
sz000021,深科技,2025-10-20 10:51:24,27.7,7800,27.7,D
sz000021,深科技,2025-10-20 10:51:27,27.71,7700,27.7,U
sz000021,深科技,2025-10-20 10:51:30,27.71,7300,27.71,U
sz000021,深科技,2025-10-20 10:51:39,27.7,33400,27.71,D
sz000021,深科技,2025-10-20 10:51:48,27.71,18100,27.71,D
sz000021,深科技,2025-10-20 10:52:00,27.7,11600,27.7,D
sz000021,深科技,2025-10-20 10:52:15,27.66,180700,27.7,D
sz000021,深科技,2025-10-20 10:52:24,27.64,15400,27.65,D
sz000021,深科技,2025-10-20 10:52:30,27.66,12900,27.64,U
sz000021,深科技,2025-10-20 10:52:33,27.66,12400,27.66,D
sz000021,深科技,2025-10-20 10:52:39,27.68,8200,27.68,U
sz000021,深科技,2025-10-20 10:52:42,27.67,13900,27.68,D
sz000021,深科技,2025-10-20 10:52:54,27.66,23800,27.66,D
sz000021,深科技,2025-10-20 10:53:06,27.65,19400,27.65,D
sz000021,深科技,2025-10-20 10:53:09,27.65,11200,27.65,U
sz000021,深科技,2025-10-20 10:53:12,27.65,37811,27.65,U
sz000021,深科技,2025-10-20 10:53:15,27.63,9900,27.65,D
sz000021,深科技,2025-10-20 10:53:21,27.63,9089,27.63,D
sz000021,深科技,2025-10-20 10:53:24,27.63,10800,27.63,U
sz000021,深科技,2025-10-20 10:53:27,27.63,30700,27.63,U
sz000021,深科技,2025-10-20 10:53:30,27.63,9000,27.63,D
sz000021,深科技,2025-10-20 10:53:39,27.63,20700,27.63,U
sz000021,深科技,2025-10-20 10:53:42,27.64,9500,27.63,U
sz000021,深科技,2025-10-20 10:53:45,27.63,16400,27.64,D
sz000021,深科技,2025-10-20 10:53:48,27.64,26189,27.63,U
sz000021,深科技,2025-10-20 10:53:51,27.63,17600,27.64,D
sz000021,深科技,2025-10-20 10:53:54,27.63,9600,27.63,D
sz000021,深科技,2025-10-20 10:53:57,27.61,88111,27.63,D
sz000021,深科技,2025-10-20 10:54:15,27.65,10500,27.64,U
sz000021,深科技,2025-10-20 10:54:18,27.64,10800,27.65,U
sz000021,深科技,2025-10-20 10:54:27,27.65,12200,27.65,D
sz000021,深科技,2025-10-20 10:54:36,27.66,10800,27.66,U
sz000021,深科技,2025-10-20 10:54:42,27.66,12600,27.66,U
sz000021,深科技,2025-10-20 10:55:12,27.65,34600,27.65,D
sz000021,深科技,2025-10-20 10:55:15,27.65,8900,27.65,D
sz000021,深科技,2025-10-20 10:55:21,27.64,11100,27.65,D
sz000021,深科技,2025-10-20 10:55:24,27.65,8300,27.64,U
sz000021,深科技,2025-10-20 10:55:27,27.65,13700,27.65,D
sz000021,深科技,2025-10-20 10:55:39,27.63,8100,27.64,D
sz000021,深科技,2025-10-20 10:55:42,27.63,9200,27.63,U
sz000021,深科技,2025-10-20 10:55:45,27.62,8400,27.63,D
sz000021,深科技,2025-10-20 10:55:48,27.62,8100,27.62,D
sz000021,深科技,2025-10-20 10:55:51,27.61,13100,27.62,D
sz000021,深科技,2025-10-20 10:55:54,27.62,33800,27.61,U
sz000021,深科技,2025-10-20 10:55:57,27.61,11100,27.62,D
sz000021,深科技,2025-10-20 10:56:00,27.61,14900,27.61,U
sz000021,深科技,2025-10-20 10:56:03,27.61,15800,27.61,D
sz000021,深科技,2025-10-20 10:56:09,27.61,12800,27.61,U
sz000021,深科技,2025-10-20 10:56:12,27.6,59800,27.61,D
sz000021,深科技,2025-10-20 10:56:18,27.59,19000,27.59,D
sz000021,深科技,2025-10-20 10:56:24,27.58,34300,27.58,D
sz000021,深科技,2025-10-20 10:56:27,27.58,21700,27.58,D
sz000021,深科技,2025-10-20 10:56:30,27.58,17900,27.58,D
sz000021,深科技,2025-10-20 10:56:33,27.57,11900,27.58,D
sz000021,深科技,2025-10-20 10:56:36,27.57,54700,27.57,D
sz000021,深科技,2025-10-20 10:56:39,27.56,14100,27.57,D
sz000021,深科技,2025-10-20 10:56:42,27.55,16400,27.56,D
sz000021,深科技,2025-10-20 10:56:45,27.55,41900,27.55,U
sz000021,深科技,2025-10-20 10:56:48,27.55,50200,27.55,D
sz000021,深科技,2025-10-20 10:56:51,27.53,76800,27.55,D
sz000021,深科技,2025-10-20 10:56:54,27.54,54000,27.53,U
sz000021,深科技,2025-10-20 10:56:57,27.53,30200,27.54,D
sz000021,深科技,2025-10-20 10:57:00,27.53,15300,27.53,D
sz000021,深科技,2025-10-20 10:57:03,27.53,14500,27.53,U
sz000021,深科技,2025-10-20 10:57:06,27.51,87100,27.53,D
sz000021,深科技,2025-10-20 10:57:12,27.5,26600,27.52,D
sz000021,深科技,2025-10-20 10:57:15,27.5,29800,27.5,D
sz000021,深科技,2025-10-20 10:57:18,27.5,46600,27.5,D
sz000021,深科技,2025-10-20 10:57:21,27.51,35700,27.5,U
sz000021,深科技,2025-10-20 10:57:24,27.51,13700,27.51,E
sz000021,深科技,2025-10-20 10:57:27,27.5,15500,27.51,D
sz000021,深科技,2025-10-20 10:57:30,27.52,27700,27.5,U
sz000021,深科技,2025-10-20 10:57:33,27.51,25600,27.52,D
sz000021,深科技,2025-10-20 10:57:36,27.5,66600,27.51,D
sz000021,深科技,2025-10-20 10:57:39,27.51,9100,27.5,U
sz000021,深科技,2025-10-20 10:57:42,27.5,33100,27.51,D
sz000021,深科技,2025-10-20 10:57:45,27.5,12100,27.5,U
sz000021,深科技,2025-10-20 10:57:48,27.51,13273,27.5,U
sz000021,深科技,2025-10-20 10:57:51,27.49,18400,27.51,D
sz000021,深科技,2025-10-20 10:57:54,27.49,22900,27.49,D
sz000021,深科技,2025-10-20 10:57:57,27.49,16700,27.49,D
sz000021,深科技,2025-10-20 10:58:00,27.5,87770,27.49,U
sz000021,深科技,2025-10-20 10:58:03,27.51,10300,27.5,E
sz000021,深科技,2025-10-20 10:58:06,27.54,46900,27.51,U
sz000021,深科技,2025-10-20 10:58:09,27.53,14100,27.54,D
sz000021,深科技,2025-10-20 10:58:12,27.55,26500,27.53,U
sz000021,深科技,2025-10-20 10:58:15,27.55,14200,27.55,D
sz000021,深科技,2025-10-20 10:58:18,27.56,43400,27.55,E
sz000021,深科技,2025-10-20 10:58:24,27.57,12400,27.58,D
sz000021,深科技,2025-10-20 10:58:27,27.55,17700,27.57,D
sz000021,深科技,2025-10-20 10:58:30,27.55,9800,27.55,U
sz000021,深科技,2025-10-20 10:58:33,27.54,10300,27.55,D
sz000021,深科技,2025-10-20 10:58:45,27.54,8500,27.53,U
sz000021,深科技,2025-10-20 10:58:48,27.54,12600,27.54,U
sz000021,深科技,2025-10-20 10:58:51,27.53,9800,27.54,D
sz000021,深科技,2025-10-20 10:58:57,27.52,11300,27.52,D
sz000021,深科技,2025-10-20 10:59:03,27.51,7900,27.52,D
sz000021,深科技,2025-10-20 10:59:09,27.51,16500,27.51,U
sz000021,深科技,2025-10-20 10:59:12,27.51,28300,27.51,U
sz000021,深科技,2025-10-20 10:59:18,27.49,13900,27.49,D
sz000021,深科技,2025-10-20 10:59:21,27.49,39200,27.49,D
sz000021,深科技,2025-10-20 10:59:24,27.48,29200,27.49,D
sz000021,深科技,2025-10-20 10:59:27,27.49,38030,27.48,U
sz000021,深科技,2025-10-20 10:59:30,27.47,26770,27.49,D
sz000021,深科技,2025-10-20 10:59:33,27.47,10600,27.47,D
sz000021,深科技,2025-10-20 10:59:36,27.47,156730,27.47,D
sz000021,深科技,2025-10-20 10:59:39,27.5,21900,27.47,E
sz000021,深科技,2025-10-20 10:59:42,27.51,12900,27.5,U
sz000021,深科技,2025-10-20 10:59:45,27.51,18900,27.51,E
sz000021,深科技,2025-10-20 10:59:48,27.5,16200,27.51,D
sz000021,深科技,2025-10-20 10:59:51,27.5,11900,27.5,U
sz000021,深科技,2025-10-20 10:59:54,27.47,9400,27.5,D
sz000021,深科技,2025-10-20 10:59:57,27.49,13400,27.47,D
sz000021,深科技,2025-10-20 11:00:00,27.49,11500,27.49,U
sz000021,深科技,2025-10-20 11:00:03,27.48,237600,27.49,D
sz000021,深科技,2025-10-20 11:00:09,27.47,19300,27.48,D
sz000021,深科技,2025-10-20 11:00:12,27.47,24500,27.47,D
sz000021,深科技,2025-10-20 11:00:15,27.47,17500,27.47,D
sz000021,深科技,2025-10-20 11:00:18,27.53,71700,27.47,U
sz000021,深科技,2025-10-20 11:00:21,27.53,17500,27.53,U
sz000021,深科技,2025-10-20 11:00:24,27.53,29000,27.53,E
sz000021,深科技,2025-10-20 11:00:27,27.55,9900,27.53,U
sz000021,深科技,2025-10-20 11:00:30,27.56,36000,27.55,U
sz000021,深科技,2025-10-20 11:00:39,27.57,8200,27.56,D
sz000021,深科技,2025-10-20 11:00:51,27.58,18300,27.56,U
sz000021,深科技,2025-10-20 11:00:54,27.57,11500,27.58,E
sz000021,深科技,2025-10-20 11:00:57,27.56,30200,27.57,D
sz000021,深科技,2025-10-20 11:01:00,27.57,9100,27.56,D
sz000021,深科技,2025-10-20 11:01:03,27.55,20200,27.57,D
sz000021,深科技,2025-10-20 11:01:06,27.56,9100,27.55,E
sz000021,深科技,2025-10-20 11:01:15,27.54,24100,27.54,U
sz000021,深科技,2025-10-20 11:01:27,27.5,9500,27.52,D
sz000021,深科技,2025-10-20 11:01:30,27.51,11600,27.5,E
sz000021,深科技,2025-10-20 11:01:33,27.52,12500,27.51,U
sz000021,深科技,2025-10-20 11:01:36,27.5,27500,27.52,D
sz000021,深科技,2025-10-20 11:01:39,27.5,63600,27.5,U
sz000021,深科技,2025-10-20 11:01:42,27.5,28600,27.5,U
sz000021,深科技,2025-10-20 11:01:45,27.5,16200,27.5,D
sz000021,深科技,2025-10-20 11:01:48,27.51,24100,27.5,D
sz000021,深科技,2025-10-20 11:01:51,27.52,18000,27.51,E
sz000021,深科技,2025-10-20 11:01:57,27.53,19100,27.52,U
sz000021,深科技,2025-10-20 11:02:00,27.52,7700,27.53,D
sz000021,深科技,2025-10-20 11:02:03,27.51,7400,27.52,D
sz000021,深科技,2025-10-20 11:02:06,27.51,40900,27.51,D
sz000021,深科技,2025-10-20 11:02:09,27.51,28300,27.51,U
sz000021,深科技,2025-10-20 11:02:18,27.5,8800,27.5,D
sz000021,深科技,2025-10-20 11:02:24,27.49,9400,27.49,D
sz000021,深科技,2025-10-20 11:02:27,27.49,9600,27.49,D
sz000021,深科技,2025-10-20 11:02:30,27.49,19900,27.49,D
sz000021,深科技,2025-10-20 11:02:33,27.48,9700,27.49,D
sz000021,深科技,2025-10-20 11:02:36,27.49,40200,27.48,U
sz000021,深科技,2025-10-20 11:02:39,27.49,22300,27.49,D
sz000021,深科技,2025-10-20 11:02:42,27.5,22700,27.49,U
sz000021,深科技,2025-10-20 11:02:45,27.49,48800,27.5,D
sz000021,深科技,2025-10-20 11:02:48,27.51,141700,27.49,U
sz000021,深科技,2025-10-20 11:02:51,27.5,58300,27.51,D
sz000021,深科技,2025-10-20 11:02:54,27.48,50800,27.5,D
sz000021,深科技,2025-10-20 11:03:00,27.54,10600,27.53,U
sz000021,深科技,2025-10-20 11:03:03,27.53,187500,27.54,D
sz000021,深科技,2025-10-20 11:03:06,27.54,29700,27.53,U
sz000021,深科技,2025-10-20 11:03:09,27.54,12300,27.54,U
sz000021,深科技,2025-10-20 11:03:12,27.53,23500,27.54,D
sz000021,深科技,2025-10-20 11:03:15,27.54,25700,27.53,U
sz000021,深科技,2025-10-20 11:03:18,27.54,12200,27.54,U
sz000021,深科技,2025-10-20 11:03:21,27.54,8700,27.54,U
sz000021,深科技,2025-10-20 11:03:27,27.54,11000,27.53,U
sz000021,深科技,2025-10-20 11:03:30,27.53,8300,27.54,D
sz000021,深科技,2025-10-20 11:03:33,27.54,13700,27.53,U
sz000021,深科技,2025-10-20 11:03:45,27.54,15300,27.53,U
sz000021,深科技,2025-10-20 11:03:48,27.53,52300,27.54,D
sz000021,深科技,2025-10-20 11:04:00,27.52,7500,27.52,D
sz000021,深科技,2025-10-20 11:04:03,27.52,13400,27.52,D
sz000021,深科技,2025-10-20 11:04:09,27.51,12600,27.52,D
sz000021,深科技,2025-10-20 11:04:12,27.51,11100,27.51,D
sz000021,深科技,2025-10-20 11:04:15,27.51,10200,27.51,U
sz000021,深科技,2025-10-20 11:04:24,27.5,12127,27.5,D
sz000021,深科技,2025-10-20 11:04:27,27.5,12300,27.5,D
sz000021,深科技,2025-10-20 11:04:30,27.49,16773,27.5,D
sz000021,深科技,2025-10-20 11:04:33,27.51,14600,27.49,U
sz000021,深科技,2025-10-20 11:04:36,27.51,13100,27.51,U
sz000021,深科技,2025-10-20 11:04:39,27.5,8900,27.51,D
sz000021,深科技,2025-10-20 11:04:42,27.5,26100,27.5,D
sz000021,深科技,2025-10-20 11:04:45,27.5,32300,27.5,D
sz000021,深科技,2025-10-20 11:04:57,27.49,7700,27.5,D
sz000021,深科技,2025-10-20 11:05:00,27.51,10200,27.49,U
sz000021,深科技,2025-10-20 11:05:03,27.49,7400,27.51,D
sz000021,深科技,2025-10-20 11:05:12,27.5,13600,27.49,D
sz000021,深科技,2025-10-20 11:05:15,27.5,8300,27.5,D
sz000021,深科技,2025-10-20 11:05:18,27.5,7900,27.5,U
sz000021,深科技,2025-10-20 11:05:21,27.5,10000,27.5,U
sz000021,深科技,2025-10-20 11:05:24,27.51,67000,27.5,U
sz000021,深科技,2025-10-20 11:05:27,27.53,59800,27.51,U
sz000021,深科技,2025-10-20 11:05:33,27.53,9400,27.53,U
sz000021,深科技,2025-10-20 11:05:36,27.54,25200,27.53,U
sz000021,深科技,2025-10-20 11:05:45,27.56,10800,27.55,U
sz000021,深科技,2025-10-20 11:05:48,27.56,8300,27.56,D
sz000021,深科技,2025-10-20 11:05:51,27.56,30300,27.56,D
sz000021,深科技,2025-10-20 11:06:06,27.56,8000,27.56,U
sz000021,深科技,2025-10-20 11:06:09,27.49,162000,27.56,D
sz000021,深科技,2025-10-20 11:06:12,27.49,8700,27.49,D
sz000021,深科技,2025-10-20 11:06:15,27.49,8400,27.49,D
sz000021,深科技,2025-10-20 11:06:24,27.48,52204,27.49,D
sz000021,深科技,2025-10-20 11:06:30,27.47,42596,27.5,D
sz000021,深科技,2025-10-20 11:06:33,27.47,18300,27.47,U
sz000021,深科技,2025-10-20 11:06:36,27.48,21504,27.47,U
sz000021,深科技,2025-10-20 11:06:39,27.47,16600,27.48,D
sz000021,深科技,2025-10-20 11:06:42,27.48,8227,27.47,U
sz000021,深科技,2025-10-20 11:06:45,27.47,18300,27.48,E
sz000021,深科技,2025-10-20 11:06:51,27.47,14300,27.46,D
sz000021,深科技,2025-10-20 11:06:54,27.45,28000,27.47,D
sz000021,深科技,2025-10-20 11:07:03,27.45,7831,27.45,U
sz000021,深科技,2025-10-20 11:07:06,27.44,14569,27.45,D
sz000021,深科技,2025-10-20 11:07:09,27.45,9331,27.44,U
sz000021,深科技,2025-10-20 11:07:18,27.44,55800,27.44,D
sz000021,深科技,2025-10-20 11:07:24,27.42,14300,27.44,D
sz000021,深科技,2025-10-20 11:07:27,27.42,18869,27.42,D
sz000021,深科技,2025-10-20 11:07:30,27.43,22431,27.42,E
sz000021,深科技,2025-10-20 11:07:33,27.46,57900,27.43,U
sz000021,深科技,2025-10-20 11:07:36,27.47,11700,27.46,U
sz000021,深科技,2025-10-20 11:07:39,27.47,10700,27.47,U
sz000021,深科技,2025-10-20 11:07:42,27.47,9200,27.47,U
sz000021,深科技,2025-10-20 11:07:45,27.47,8600,27.47,D
sz000021,深科技,2025-10-20 11:07:51,27.46,23300,27.46,D
sz000021,深科技,2025-10-20 11:07:54,27.48,25000,27.46,U
sz000021,深科技,2025-10-20 11:07:57,27.46,63200,27.48,D
sz000021,深科技,2025-10-20 11:08:03,27.48,8300,27.49,E
sz000021,深科技,2025-10-20 11:08:06,27.47,8700,27.48,D
sz000021,深科技,2025-10-20 11:08:09,27.46,11500,27.47,D
sz000021,深科技,2025-10-20 11:08:21,27.45,21300,27.47,D
sz000021,深科技,2025-10-20 11:08:24,27.45,11500,27.45,U
sz000021,深科技,2025-10-20 11:08:27,27.45,7700,27.45,E
sz000021,深科技,2025-10-20 11:08:39,27.46,12100,27.46,U
sz000021,深科技,2025-10-20 11:08:42,27.45,10400,27.46,D
sz000021,深科技,2025-10-20 11:08:45,27.46,8700,27.45,U
sz000021,深科技,2025-10-20 11:08:51,27.45,47600,27.46,D
sz000021,深科技,2025-10-20 11:09:00,27.46,18200,27.45,U
sz000021,深科技,2025-10-20 11:09:03,27.46,14800,27.46,U
sz000021,深科技,2025-10-20 11:09:06,27.48,23600,27.46,U
sz000021,深科技,2025-10-20 11:09:09,27.48,9600,27.48,U
sz000021,深科技,2025-10-20 11:09:12,27.48,10200,27.48,U
sz000021,深科技,2025-10-20 11:09:15,27.48,23000,27.48,U
sz000021,深科技,2025-10-20 11:09:18,27.48,34600,27.48,D
sz000021,深科技,2025-10-20 11:09:33,27.45,39100,27.46,D
sz000021,深科技,2025-10-20 11:09:36,27.44,8400,27.45,D
sz000021,深科技,2025-10-20 11:09:42,27.44,43700,27.44,D
sz000021,深科技,2025-10-20 11:09:45,27.44,21600,27.44,D
sz000021,深科技,2025-10-20 11:09:54,27.44,17000,27.43,U
sz000021,深科技,2025-10-20 11:09:57,27.43,8000,27.44,D
sz000021,深科技,2025-10-20 11:10:03,27.43,30300,27.43,U
sz000021,深科技,2025-10-20 11:10:06,27.47,247900,27.43,U
sz000021,深科技,2025-10-20 11:10:09,27.48,13400,27.47,E
sz000021,深科技,2025-10-20 11:10:12,27.49,13800,27.48,U
sz000021,深科技,2025-10-20 11:10:15,27.48,11700,27.49,D
sz000021,深科技,2025-10-20 11:10:18,27.5,66800,27.48,U
sz000021,深科技,2025-10-20 11:10:21,27.51,55100,27.5,U
sz000021,深科技,2025-10-20 11:10:24,27.54,27700,27.51,U
sz000021,深科技,2025-10-20 11:10:30,27.52,9700,27.54,D
sz000021,深科技,2025-10-20 11:10:39,27.53,9300,27.52,U
sz000021,深科技,2025-10-20 11:10:48,27.53,9800,27.53,U
sz000021,深科技,2025-10-20 11:11:00,27.53,8700,27.53,U
sz000021,深科技,2025-10-20 11:11:06,27.52,14200,27.52,D
sz000021,深科技,2025-10-20 11:11:09,27.51,7900,27.52,D
sz000021,深科技,2025-10-20 11:11:15,27.5,8400,27.52,D
sz000021,深科技,2025-10-20 11:11:30,27.51,9200,27.51,D
sz000021,深科技,2025-10-20 11:11:36,27.51,9700,27.51,U
sz000021,深科技,2025-10-20 11:11:42,27.5,7400,27.51,D
sz000021,深科技,2025-10-20 11:11:54,27.48,41100,27.5,D
sz000021,深科技,2025-10-20 11:12:15,27.46,33400,27.47,D
sz000021,深科技,2025-10-20 11:12:18,27.47,18500,27.46,U
sz000021,深科技,2025-10-20 11:12:21,27.47,11100,27.47,D
sz000021,深科技,2025-10-20 11:12:27,27.48,7600,27.48,U
sz000021,深科技,2025-10-20 11:12:33,27.49,27000,27.49,U
sz000021,深科技,2025-10-20 11:12:36,27.48,7800,27.49,D
sz000021,深科技,2025-10-20 11:12:42,27.49,20100,27.48,U
sz000021,深科技,2025-10-20 11:12:45,27.5,15800,27.49,E
sz000021,深科技,2025-10-20 11:12:48,27.51,9900,27.5,U
sz000021,深科技,2025-10-20 11:12:54,27.49,9400,27.49,D
sz000021,深科技,2025-10-20 11:12:57,27.51,12900,27.49,U
sz000021,深科技,2025-10-20 11:13:15,27.5,7400,27.49,U
sz000021,深科技,2025-10-20 11:13:30,27.49,13000,27.5,D
sz000021,深科技,2025-10-20 11:13:39,27.49,9900,27.49,U
sz000021,深科技,2025-10-20 11:13:48,27.48,10100,27.49,D
sz000021,深科技,2025-10-20 11:13:57,27.47,28700,27.49,D
sz000021,深科技,2025-10-20 11:14:00,27.47,12700,27.47,U
sz000021,深科技,2025-10-20 11:14:03,27.47,12500,27.47,D
sz000021,深科技,2025-10-20 11:14:06,27.47,12100,27.47,D
sz000021,深科技,2025-10-20 11:14:18,27.46,7600,27.47,D
sz000021,深科技,2025-10-20 11:14:21,27.48,20300,27.46,U
sz000021,深科技,2025-10-20 11:14:27,27.48,8400,27.49,D
sz000021,深科技,2025-10-20 11:14:30,27.49,11300,27.48,U
sz000021,深科技,2025-10-20 11:14:33,27.49,14500,27.49,U
sz000021,深科技,2025-10-20 11:14:36,27.48,34500,27.49,D
sz000021,深科技,2025-10-20 11:14:45,27.49,8900,27.49,U
sz000021,深科技,2025-10-20 11:14:51,27.49,9600,27.49,D
sz000021,深科技,2025-10-20 11:14:54,27.48,11200,27.49,D
sz000021,深科技,2025-10-20 11:15:03,27.49,8400,27.48,U
sz000021,深科技,2025-10-20 11:15:09,27.48,34600,27.48,D
sz000021,深科技,2025-10-20 11:15:15,27.47,16100,27.49,D
sz000021,深科技,2025-10-20 11:15:18,27.45,37000,27.47,D
sz000021,深科技,2025-10-20 11:15:27,27.44,11600,27.45,D
sz000021,深科技,2025-10-20 11:15:30,27.45,15700,27.44,U
sz000021,深科技,2025-10-20 11:15:33,27.47,12200,27.45,U
sz000021,深科技,2025-10-20 11:15:39,27.46,20500,27.46,D
sz000021,深科技,2025-10-20 11:15:42,27.46,19700,27.46,E
sz000021,深科技,2025-10-20 11:15:57,27.43,22900,27.46,D
sz000021,深科技,2025-10-20 11:16:00,27.44,9100,27.43,U
sz000021,深科技,2025-10-20 11:16:03,27.44,11300,27.44,D
sz000021,深科技,2025-10-20 11:16:06,27.42,31400,27.44,D
sz000021,深科技,2025-10-20 11:16:09,27.43,24700,27.42,U
sz000021,深科技,2025-10-20 11:16:12,27.44,7500,27.43,U
sz000021,深科技,2025-10-20 11:16:15,27.44,15900,27.44,U
sz000021,深科技,2025-10-20 11:16:21,27.46,10700,27.45,U
sz000021,深科技,2025-10-20 11:16:24,27.47,8100,27.46,U
sz000021,深科技,2025-10-20 11:16:39,27.47,8800,27.47,D
sz000021,深科技,2025-10-20 11:16:57,27.45,7400,27.45,D
sz000021,深科技,2025-10-20 11:17:09,27.45,12600,27.45,U
sz000021,深科技,2025-10-20 11:17:18,27.43,8600,27.44,D
sz000021,深科技,2025-10-20 11:17:21,27.44,10900,27.43,U
sz000021,深科技,2025-10-20 11:17:30,27.43,10100,27.43,D
sz000021,深科技,2025-10-20 11:17:36,27.42,23600,27.43,D
sz000021,深科技,2025-10-20 11:17:39,27.41,21500,27.42,D
sz000021,深科技,2025-10-20 11:17:42,27.42,40900,27.41,U
sz000021,深科技,2025-10-20 11:17:45,27.42,13200,27.42,U
sz000021,深科技,2025-10-20 11:17:48,27.41,16800,27.42,D
sz000021,深科技,2025-10-20 11:17:51,27.42,36900,27.41,U
sz000021,深科技,2025-10-20 11:17:54,27.41,15100,27.42,D
sz000021,深科技,2025-10-20 11:17:57,27.41,9600,27.41,D
sz000021,深科技,2025-10-20 11:18:03,27.41,25200,27.41,D
sz000021,深科技,2025-10-20 11:18:06,27.41,32700,27.41,U
sz000021,深科技,2025-10-20 11:18:09,27.41,34600,27.41,U
sz000021,深科技,2025-10-20 11:18:12,27.4,10400,27.41,D
sz000021,深科技,2025-10-20 11:18:15,27.4,20100,27.4,D
sz000021,深科技,2025-10-20 11:18:18,27.4,13300,27.4,D
sz000021,深科技,2025-10-20 11:18:21,27.4,34900,27.4,D
sz000021,深科技,2025-10-20 11:18:27,27.41,15000,27.4,U
sz000021,深科技,2025-10-20 11:18:30,27.4,10000,27.41,D
sz000021,深科技,2025-10-20 11:18:36,27.39,12000,27.4,D
sz000021,深科技,2025-10-20 11:18:39,27.39,14400,27.39,D
sz000021,深科技,2025-10-20 11:18:42,27.4,27200,27.39,U
sz000021,深科技,2025-10-20 11:18:45,27.39,19600,27.4,D
sz000021,深科技,2025-10-20 11:18:48,27.39,16900,27.39,D
sz000021,深科技,2025-10-20 11:18:51,27.4,12500,27.39,U
sz000021,深科技,2025-10-20 11:18:54,27.41,16400,27.4,U
sz000021,深科技,2025-10-20 11:18:57,27.43,112600,27.41,U
sz000021,深科技,2025-10-20 11:19:00,27.45,53600,27.43,U
sz000021,深科技,2025-10-20 11:19:03,27.43,20300,27.45,D
sz000021,深科技,2025-10-20 11:19:09,27.42,8900,27.43,D
sz000021,深科技,2025-10-20 11:19:15,27.42,11900,27.43,D
sz000021,深科技,2025-10-20 11:19:21,27.41,21900,27.42,D
sz000021,深科技,2025-10-20 11:19:30,27.42,8800,27.41,U
sz000021,深科技,2025-10-20 11:19:36,27.41,20500,27.42,D
sz000021,深科技,2025-10-20 11:19:39,27.43,15600,27.41,U
sz000021,深科技,2025-10-20 11:19:42,27.43,43100,27.43,U
sz000021,深科技,2025-10-20 11:19:54,27.45,30300,27.45,U
sz000021,深科技,2025-10-20 11:19:57,27.44,134600,27.45,U
sz000021,深科技,2025-10-20 11:20:03,27.43,11700,27.43,D
sz000021,深科技,2025-10-20 11:20:15,27.43,11600,27.42,U
sz000021,深科技,2025-10-20 11:20:18,27.43,37200,27.43,U
sz000021,深科技,2025-10-20 11:20:21,27.43,31000,27.43,D
sz000021,深科技,2025-10-20 11:20:30,27.43,7800,27.43,U
sz000021,深科技,2025-10-20 11:20:36,27.43,15600,27.43,U
sz000021,深科技,2025-10-20 11:20:42,27.43,18000,27.44,D
sz000021,深科技,2025-10-20 11:20:45,27.44,11800,27.43,U
sz000021,深科技,2025-10-20 11:20:48,27.45,48600,27.44,U
sz000021,深科技,2025-10-20 11:20:54,27.45,8800,27.47,D
sz000021,深科技,2025-10-20 11:21:03,27.46,45600,27.48,D
sz000021,深科技,2025-10-20 11:21:09,27.46,16000,27.46,U
sz000021,深科技,2025-10-20 11:21:15,27.45,13600,27.45,D
sz000021,深科技,2025-10-20 11:21:21,27.45,11700,27.45,D
sz000021,深科技,2025-10-20 11:21:24,27.45,8300,27.45,D
sz000021,深科技,2025-10-20 11:21:33,27.44,8500,27.45,D
sz000021,深科技,2025-10-20 11:21:39,27.44,7500,27.44,D
sz000021,深科技,2025-10-20 11:21:42,27.43,11500,27.44,D
sz000021,深科技,2025-10-20 11:21:45,27.44,11600,27.43,U
sz000021,深科技,2025-10-20 11:21:54,27.41,12700,27.42,D
sz000021,深科技,2025-10-20 11:22:09,27.4,10700,27.4,D
sz000021,深科技,2025-10-20 11:22:15,27.4,14000,27.41,D
sz000021,深科技,2025-10-20 11:22:18,27.4,12700,27.4,D
sz000021,深科技,2025-10-20 11:22:21,27.39,8100,27.4,D
sz000021,深科技,2025-10-20 11:22:24,27.4,22900,27.39,U
sz000021,深科技,2025-10-20 11:22:30,27.39,20000,27.4,D
sz000021,深科技,2025-10-20 11:22:33,27.4,8300,27.39,U
sz000021,深科技,2025-10-20 11:22:39,27.39,10800,27.39,U
sz000021,深科技,2025-10-20 11:22:42,27.39,37200,27.39,D
sz000021,深科技,2025-10-20 11:22:45,27.39,14800,27.39,D
sz000021,深科技,2025-10-20 11:22:57,27.4,13100,27.4,D
sz000021,深科技,2025-10-20 11:23:03,27.39,38300,27.4,D
sz000021,深科技,2025-10-20 11:23:06,27.39,15000,27.39,D
sz000021,深科技,2025-10-20 11:23:09,27.39,24800,27.39,D
sz000021,深科技,2025-10-20 11:23:12,27.42,107100,27.39,U
sz000021,深科技,2025-10-20 11:23:15,27.44,11800,27.42,U
sz000021,深科技,2025-10-20 11:23:33,27.43,7900,27.42,U
sz000021,深科技,2025-10-20 11:23:42,27.42,8100,27.42,D
sz000021,深科技,2025-10-20 11:23:51,27.41,9300,27.42,D
sz000021,深科技,2025-10-20 11:24:00,27.42,34400,27.41,U
sz000021,深科技,2025-10-20 11:24:03,27.42,10300,27.42,D
sz000021,深科技,2025-10-20 11:24:09,27.38,230600,27.42,D
sz000021,深科技,2025-10-20 11:24:21,27.35,8500,27.35,D
sz000021,深科技,2025-10-20 11:24:24,27.37,61102,27.35,E
sz000021,深科技,2025-10-20 11:24:27,27.35,16500,27.37,D
sz000021,深科技,2025-10-20 11:24:36,27.34,9600,27.36,D
sz000021,深科技,2025-10-20 11:24:39,27.34,48100,27.34,U
sz000021,深科技,2025-10-20 11:24:42,27.34,14800,27.34,D
sz000021,深科技,2025-10-20 11:24:45,27.34,16000,27.34,U
sz000021,深科技,2025-10-20 11:24:48,27.33,8600,27.34,D
sz000021,深科技,2025-10-20 11:24:51,27.33,23400,27.33,D
sz000021,深科技,2025-10-20 11:24:54,27.35,23100,27.33,U
sz000021,深科技,2025-10-20 11:24:57,27.36,16502,27.35,U
sz000021,深科技,2025-10-20 11:25:06,27.35,7800,27.35,U
sz000021,深科技,2025-10-20 11:25:09,27.36,17600,27.35,U
sz000021,深科技,2025-10-20 11:25:12,27.34,18800,27.36,D
sz000021,深科技,2025-10-20 11:25:18,27.35,10600,27.34,E
sz000021,深科技,2025-10-20 11:25:21,27.36,12600,27.35,U
sz000021,深科技,2025-10-20 11:25:24,27.35,22700,27.36,D
sz000021,深科技,2025-10-20 11:25:33,27.37,16700,27.36,E
sz000021,深科技,2025-10-20 11:25:42,27.36,10986,27.36,D
sz000021,深科技,2025-10-20 11:25:54,27.36,11100,27.35,U
sz000021,深科技,2025-10-20 11:25:57,27.35,18114,27.36,D
sz000021,深科技,2025-10-20 11:26:00,27.38,37200,27.35,U
sz000021,深科技,2025-10-20 11:26:03,27.37,14400,27.38,D
sz000021,深科技,2025-10-20 11:26:15,27.38,10300,27.38,U
sz000021,深科技,2025-10-20 11:26:18,27.38,8500,27.38,U
sz000021,深科技,2025-10-20 11:26:24,27.37,14900,27.37,D
sz000021,深科技,2025-10-20 11:26:27,27.38,11500,27.37,U
sz000021,深科技,2025-10-20 11:26:30,27.38,14800,27.38,U
sz000021,深科技,2025-10-20 11:26:39,27.41,19500,27.39,U
sz000021,深科技,2025-10-20 11:26:42,27.42,20800,27.41,U
sz000021,深科技,2025-10-20 11:26:51,27.42,8900,27.41,U
sz000021,深科技,2025-10-20 11:27:00,27.42,9700,27.42,U
sz000021,深科技,2025-10-20 11:27:03,27.41,14000,27.42,D
sz000021,深科技,2025-10-20 11:27:18,27.4,9900,27.4,U
sz000021,深科技,2025-10-20 11:27:24,27.4,28600,27.4,D
sz000021,深科技,2025-10-20 11:27:36,27.41,13900,27.4,U
sz000021,深科技,2025-10-20 11:27:42,27.4,11400,27.4,D
sz000021,深科技,2025-10-20 11:27:54,27.4,11900,27.4,U
sz000021,深科技,2025-10-20 11:28:03,27.42,24100,27.4,U
sz000021,深科技,2025-10-20 11:28:06,27.41,11200,27.42,D
sz000021,深科技,2025-10-20 11:28:09,27.42,11100,27.41,U
sz000021,深科技,2025-10-20 11:28:12,27.41,8900,27.42,D
sz000021,深科技,2025-10-20 11:28:15,27.41,7500,27.41,D
sz000021,深科技,2025-10-20 11:28:18,27.45,136400,27.41,U
sz000021,深科技,2025-10-20 11:28:21,27.44,22600,27.45,D
sz000021,深科技,2025-10-20 11:28:24,27.45,12500,27.44,D
sz000021,深科技,2025-10-20 11:28:33,27.47,24000,27.47,U
sz000021,深科技,2025-10-20 11:28:45,27.47,11800,27.48,D
sz000021,深科技,2025-10-20 11:28:48,27.47,12500,27.47,U
sz000021,深科技,2025-10-20 11:29:03,27.46,10300,27.48,D
sz000021,深科技,2025-10-20 11:29:06,27.47,20400,27.46,U
sz000021,深科技,2025-10-20 11:29:09,27.41,157200,27.47,D
sz000021,深科技,2025-10-20 11:29:12,27.41,7400,27.41,U
sz000021,深科技,2025-10-20 11:29:21,27.4,34000,27.41,D
sz000021,深科技,2025-10-20 11:29:33,27.41,7300,27.42,D
sz000021,深科技,2025-10-20 11:29:48,27.42,8000,27.42,D
sz000021,深科技,2025-10-20 11:30:00,27.42,9900,27.42,U
sz000021,深科技,2025-10-20 13:00:00,27.43,102700,27.42,U
sz000021,深科技,2025-10-20 13:00:03,27.45,156500,27.43,U
sz000021,深科技,2025-10-20 13:00:06,27.46,114500,27.45,U
sz000021,深科技,2025-10-20 13:00:09,27.45,67300,27.46,D
sz000021,深科技,2025-10-20 13:00:12,27.48,7400,27.45,U
sz000021,深科技,2025-10-20 13:00:18,27.46,13300,27.47,D
sz000021,深科技,2025-10-20 13:00:30,27.48,14600,27.46,U
sz000021,深科技,2025-10-20 13:00:33,27.45,29400,27.48,E
sz000021,深科技,2025-10-20 13:00:36,27.44,11600,27.45,D
sz000021,深科技,2025-10-20 13:00:51,27.44,20300,27.45,D
sz000021,深科技,2025-10-20 13:00:54,27.44,30100,27.44,U
sz000021,深科技,2025-10-20 13:00:57,27.44,7900,27.44,D
sz000021,深科技,2025-10-20 13:01:06,27.43,67000,27.46,D
sz000021,深科技,2025-10-20 13:01:09,27.42,29600,27.43,D
sz000021,深科技,2025-10-20 13:01:21,27.43,7700,27.42,U
sz000021,深科技,2025-10-20 13:01:24,27.42,14200,27.43,D
sz000021,深科技,2025-10-20 13:01:27,27.42,18800,27.42,D
sz000021,深科技,2025-10-20 13:01:36,27.44,13800,27.42,U
sz000021,深科技,2025-10-20 13:01:45,27.44,10500,27.44,U
sz000021,深科技,2025-10-20 13:01:48,27.46,21400,27.44,U
sz000021,深科技,2025-10-20 13:01:57,27.44,14300,27.46,D
sz000021,深科技,2025-10-20 13:02:15,27.47,10500,27.46,U
sz000021,深科技,2025-10-20 13:02:24,27.49,21800,27.48,U
sz000021,深科技,2025-10-20 13:02:33,27.47,39100,27.49,D
sz000021,深科技,2025-10-20 13:02:36,27.45,9400,27.47,D
sz000021,深科技,2025-10-20 13:02:57,27.46,8300,27.44,U
sz000021,深科技,2025-10-20 13:03:03,27.48,11100,27.46,U
sz000021,深科技,2025-10-20 13:03:06,27.49,7700,27.48,U
sz000021,深科技,2025-10-20 13:03:09,27.49,14000,27.49,U
sz000021,深科技,2025-10-20 13:03:12,27.49,15700,27.49,U
sz000021,深科技,2025-10-20 13:03:18,27.51,82400,27.5,U
sz000021,深科技,2025-10-20 13:03:21,27.53,22600,27.51,U
sz000021,深科技,2025-10-20 13:03:24,27.53,11500,27.53,U
sz000021,深科技,2025-10-20 13:03:27,27.52,48500,27.53,D
sz000021,深科技,2025-10-20 13:03:30,27.52,22700,27.52,U
sz000021,深科技,2025-10-20 13:03:33,27.49,17800,27.52,D
sz000021,深科技,2025-10-20 13:03:36,27.52,19900,27.49,U
sz000021,深科技,2025-10-20 13:03:45,27.49,11000,27.5,D
sz000021,深科技,2025-10-20 13:03:48,27.49,22700,27.49,D
sz000021,深科技,2025-10-20 13:03:51,27.43,33100,27.49,D
sz000021,深科技,2025-10-20 13:03:54,27.49,23400,27.43,U
