symbol,name,ticktime,price,volume,prev_price,kind
sz000021,深科技,2025-09-22 09:25:00,22.55,965500,0.0,U
sz000021,深科技,2025-09-22 09:30:00,22.48,69800,22.55,D
sz000021,深科技,2025-09-22 09:30:03,22.48,920300,22.48,U
sz000021,深科技,2025-09-22 09:30:06,22.41,130100,22.48,D
sz000021,深科技,2025-09-22 09:30:09,22.5,37900,22.41,E
sz000021,深科技,2025-09-22 09:30:12,22.48,54900,22.5,E
sz000021,深科技,2025-09-22 09:30:15,22.5,46000,22.48,U
sz000021,深科技,2025-09-22 09:30:18,22.55,216500,22.5,U
sz000021,深科技,2025-09-22 09:30:21,22.6,350000,22.55,U
sz000021,深科技,2025-09-22 09:30:24,22.6,65200,22.6,U
sz000021,深科技,2025-09-22 09:30:27,22.62,42600,22.6,U
sz000021,深科技,2025-09-22 09:30:30,22.62,245900,22.62,U
sz000021,深科技,2025-09-22 09:30:33,22.63,214300,22.62,U
sz000021,深科技,2025-09-22 09:30:36,22.6,309600,22.63,D
sz000021,深科技,2025-09-22 09:30:39,22.56,356500,22.6,D
sz000021,深科技,2025-09-22 09:30:42,22.57,311600,22.56,U
sz000021,深科技,2025-09-22 09:30:45,22.82,621200,22.57,U
sz000021,深科技,2025-09-22 09:30:48,22.76,330200,22.82,D
sz000021,深科技,2025-09-22 09:30:51,22.66,50000,22.76,D
sz000021,深科技,2025-09-22 09:30:54,22.67,106900,22.66,D
sz000021,深科技,2025-09-22 09:30:57,22.6,53500,22.67,D
sz000021,深科技,2025-09-22 09:31:00,22.56,102700,22.6,D
sz000021,深科技,2025-09-22 09:31:03,22.59,34800,22.56,U
sz000021,深科技,2025-09-22 09:31:06,22.56,74500,22.59,D
sz000021,深科技,2025-09-22 09:31:09,22.55,101300,22.56,D
sz000021,深科技,2025-09-22 09:31:12,22.52,95000,22.55,D
sz000021,深科技,2025-09-22 09:31:15,22.53,165300,22.52,E
sz000021,深科技,2025-09-22 09:31:18,22.5,109200,22.53,D
sz000021,深科技,2025-09-22 09:31:21,22.48,70100,22.5,D
sz000021,深科技,2025-09-22 09:31:24,22.48,59900,22.48,D
sz000021,深科技,2025-09-22 09:31:27,22.46,33600,22.48,D
sz000021,深科技,2025-09-22 09:31:30,22.46,49200,22.46,D
sz000021,深科技,2025-09-22 09:31:33,22.46,67000,22.46,D
sz000021,深科技,2025-09-22 09:31:36,22.46,44200,22.46,D
sz000021,深科技,2025-09-22 09:31:39,22.46,71000,22.46,U
sz000021,深科技,2025-09-22 09:31:42,22.48,70600,22.46,U
sz000021,深科技,2025-09-22 09:31:45,22.48,52200,22.48,D
sz000021,深科技,2025-09-22 09:31:48,22.53,68300,22.48,U
sz000021,深科技,2025-09-22 09:31:51,22.55,55500,22.53,D
sz000021,深科技,2025-09-22 09:31:54,22.56,45600,22.55,E
sz000021,深科技,2025-09-22 09:31:57,22.57,41300,22.56,U
sz000021,深科技,2025-09-22 09:32:00,22.56,30800,22.57,D
sz000021,深科技,2025-09-22 09:32:03,22.64,190300,22.56,U
sz000021,深科技,2025-09-22 09:32:06,22.72,196800,22.64,U
sz000021,深科技,2025-09-22 09:32:09,22.75,12500,22.72,U
sz000021,深科技,2025-09-22 09:32:12,22.76,112500,22.75,U
sz000021,深科技,2025-09-22 09:32:15,22.77,35400,22.76,U
sz000021,深科技,2025-09-22 09:32:18,22.79,59400,22.77,U
sz000021,深科技,2025-09-22 09:32:21,22.77,168600,22.79,D
sz000021,深科技,2025-09-22 09:32:24,22.76,213900,22.77,D
sz000021,深科技,2025-09-22 09:32:27,22.78,28100,22.76,U
sz000021,深科技,2025-09-22 09:32:30,22.75,77300,22.78,D
sz000021,深科技,2025-09-22 09:32:33,22.75,46500,22.75,D
sz000021,深科技,2025-09-22 09:32:36,22.75,40700,22.75,U
sz000021,深科技,2025-09-22 09:32:39,22.73,45900,22.75,E
sz000021,深科技,2025-09-22 09:32:42,22.7,54300,22.73,E
sz000021,深科技,2025-09-22 09:32:45,22.7,81900,22.7,U
sz000021,深科技,2025-09-22 09:32:48,22.65,25200,22.7,E
sz000021,深科技,2025-09-22 09:32:51,22.66,74200,22.65,U
sz000021,深科技,2025-09-22 09:32:54,22.7,51300,22.66,U
sz000021,深科技,2025-09-22 09:32:57,22.7,72500,22.7,U
sz000021,深科技,2025-09-22 09:33:00,22.7,29500,22.7,D
sz000021,深科技,2025-09-22 09:33:03,22.73,48500,22.7,U
sz000021,深科技,2025-09-22 09:33:06,22.72,60900,22.73,E
sz000021,深科技,2025-09-22 09:33:09,22.7,65800,22.72,U
sz000021,深科技,2025-09-22 09:33:12,22.69,25700,22.7,D
sz000021,深科技,2025-09-22 09:33:15,22.66,68400,22.69,D
sz000021,深科技,2025-09-22 09:33:18,22.66,39100,22.66,U
sz000021,深科技,2025-09-22 09:33:21,22.65,10100,22.66,D
sz000021,深科技,2025-09-22 09:33:24,22.65,29200,22.65,U
sz000021,深科技,2025-09-22 09:33:27,22.65,55100,22.65,U
sz000021,深科技,2025-09-22 09:33:30,22.65,85700,22.65,D
sz000021,深科技,2025-09-22 09:33:33,22.64,36200,22.65,D
sz000021,深科技,2025-09-22 09:33:36,22.67,45000,22.64,U
sz000021,深科技,2025-09-22 09:33:39,22.65,39200,22.67,D
sz000021,深科技,2025-09-22 09:33:42,22.66,39300,22.65,U
sz000021,深科技,2025-09-22 09:33:45,22.66,21700,22.66,U
sz000021,深科技,2025-09-22 09:33:48,22.64,19200,22.66,D
sz000021,深科技,2025-09-22 09:33:51,22.64,15900,22.64,U
sz000021,深科技,2025-09-22 09:33:54,22.64,42100,22.64,U
sz000021,深科技,2025-09-22 09:33:57,22.63,50400,22.64,E
sz000021,深科技,2025-09-22 09:34:00,22.61,19200,22.63,D
sz000021,深科技,2025-09-22 09:34:03,22.6,33000,22.61,D
sz000021,深科技,2025-09-22 09:34:06,22.56,52500,22.6,D
sz000021,深科技,2025-09-22 09:34:09,22.56,24300,22.56,U
sz000021,深科技,2025-09-22 09:34:12,22.55,10200,22.56,D
sz000021,深科技,2025-09-22 09:34:15,22.55,43800,22.55,U
sz000021,深科技,2025-09-22 09:34:18,22.52,67500,22.55,D
sz000021,深科技,2025-09-22 09:34:21,22.57,84800,22.52,U
sz000021,深科技,2025-09-22 09:34:24,22.56,45900,22.57,D
sz000021,深科技,2025-09-22 09:34:27,22.56,37100,22.56,D
sz000021,深科技,2025-09-22 09:34:30,22.55,21600,22.56,D
sz000021,深科技,2025-09-22 09:34:33,22.57,134300,22.55,U
sz000021,深科技,2025-09-22 09:34:36,22.52,38000,22.57,D
sz000021,深科技,2025-09-22 09:34:39,22.56,69500,22.52,U
sz000021,深科技,2025-09-22 09:34:42,22.57,108500,22.56,U
sz000021,深科技,2025-09-22 09:34:45,22.57,35100,22.57,D
sz000021,深科技,2025-09-22 09:34:48,22.59,25700,22.57,U
sz000021,深科技,2025-09-22 09:34:51,22.57,20600,22.59,D
sz000021,深科技,2025-09-22 09:34:54,22.57,30600,22.57,D
sz000021,深科技,2025-09-22 09:34:57,22.59,40500,22.57,U
sz000021,深科技,2025-09-22 09:35:00,22.58,28600,22.59,E
sz000021,深科技,2025-09-22 09:35:03,22.6,73300,22.58,U
sz000021,深科技,2025-09-22 09:35:06,22.62,86100,22.6,U
sz000021,深科技,2025-09-22 09:35:09,22.62,65800,22.62,U
sz000021,深科技,2025-09-22 09:35:12,22.63,65900,22.62,U
sz000021,深科技,2025-09-22 09:35:15,22.64,34000,22.63,U
sz000021,深科技,2025-09-22 09:35:18,22.63,18200,22.64,E
sz000021,深科技,2025-09-22 09:35:21,22.64,22000,22.63,U
sz000021,深科技,2025-09-22 09:35:24,22.65,49600,22.64,U
sz000021,深科技,2025-09-22 09:35:27,22.66,25800,22.65,U
sz000021,深科技,2025-09-22 09:35:30,22.67,44200,22.66,U
sz000021,深科技,2025-09-22 09:35:33,22.68,16900,22.67,U
sz000021,深科技,2025-09-22 09:35:36,22.67,62600,22.68,D
sz000021,深科技,2025-09-22 09:35:39,22.67,59200,22.67,U
sz000021,深科技,2025-09-22 09:35:42,22.65,69600,22.67,D
sz000021,深科技,2025-09-22 09:35:45,22.65,76700,22.65,U
sz000021,深科技,2025-09-22 09:35:48,22.65,136800,22.65,D
sz000021,深科技,2025-09-22 09:35:51,22.67,23900,22.65,E
sz000021,深科技,2025-09-22 09:35:54,22.68,27200,22.67,U
sz000021,深科技,2025-09-22 09:35:57,22.7,91100,22.68,U
sz000021,深科技,2025-09-22 09:36:00,22.7,32300,22.7,D
sz000021,深科技,2025-09-22 09:36:03,22.73,38400,22.7,U
sz000021,深科技,2025-09-22 09:36:06,22.72,21200,22.73,D
sz000021,深科技,2025-09-22 09:36:09,22.73,37100,22.72,D
sz000021,深科技,2025-09-22 09:36:12,22.73,55000,22.73,D
sz000021,深科技,2025-09-22 09:36:15,22.75,150600,22.73,U
sz000021,深科技,2025-09-22 09:36:18,22.81,558500,22.75,U
sz000021,深科技,2025-09-22 09:36:21,22.82,30300,22.81,E
sz000021,深科技,2025-09-22 09:36:24,22.83,74000,22.82,U
sz000021,深科技,2025-09-22 09:36:27,22.81,119700,22.83,U
sz000021,深科技,2025-09-22 09:36:30,22.84,77000,22.81,U
sz000021,深科技,2025-09-22 09:36:33,22.83,111500,22.84,D
sz000021,深科技,2025-09-22 09:36:36,22.81,89400,22.83,D
sz000021,深科技,2025-09-22 09:36:39,22.79,106600,22.81,D
sz000021,深科技,2025-09-22 09:36:42,22.75,80300,22.79,D
sz000021,深科技,2025-09-22 09:36:45,22.75,48000,22.75,D
sz000021,深科技,2025-09-22 09:36:48,22.75,136000,22.75,D
sz000021,深科技,2025-09-22 09:36:51,22.77,377500,22.75,U
sz000021,深科技,2025-09-22 09:36:54,22.79,60500,22.77,U
sz000021,深科技,2025-09-22 09:36:57,22.79,75400,22.79,E
sz000021,深科技,2025-09-22 09:37:00,22.79,51900,22.79,U
sz000021,深科技,2025-09-22 09:37:03,22.78,130100,22.79,U
sz000021,深科技,2025-09-22 09:37:06,22.77,41800,22.78,D
sz000021,深科技,2025-09-22 09:37:09,22.77,37200,22.77,U
sz000021,深科技,2025-09-22 09:37:12,22.76,18500,22.77,D
sz000021,深科技,2025-09-22 09:37:15,22.76,67800,22.76,U
sz000021,深科技,2025-09-22 09:37:18,22.78,63100,22.76,U
sz000021,深科技,2025-09-22 09:37:21,22.78,233400,22.78,U
sz000021,深科技,2025-09-22 09:37:24,22.77,39300,22.78,D
sz000021,深科技,2025-09-22 09:37:27,22.77,28123,22.77,U
sz000021,深科技,2025-09-22 09:37:30,22.76,29577,22.77,D
sz000021,深科技,2025-09-22 09:37:33,22.76,76800,22.76,U
sz000021,深科技,2025-09-22 09:37:36,22.75,17600,22.76,D
sz000021,深科技,2025-09-22 09:37:39,22.74,13400,22.75,D
sz000021,深科技,2025-09-22 09:37:42,22.75,43400,22.74,U
sz000021,深科技,2025-09-22 09:37:45,22.74,15500,22.75,E
sz000021,深科技,2025-09-22 09:37:48,22.74,23400,22.74,D
sz000021,深科技,2025-09-22 09:37:51,22.75,26700,22.74,E
sz000021,深科技,2025-09-22 09:37:54,22.76,29400,22.75,U
sz000021,深科技,2025-09-22 09:37:57,22.77,40600,22.76,U
sz000021,深科技,2025-09-22 09:38:00,22.76,31300,22.77,D
sz000021,深科技,2025-09-22 09:38:03,22.75,59700,22.76,D
sz000021,深科技,2025-09-22 09:38:06,22.76,23700,22.75,U
sz000021,深科技,2025-09-22 09:38:09,22.76,65500,22.76,U
sz000021,深科技,2025-09-22 09:38:12,22.74,60500,22.76,D
sz000021,深科技,2025-09-22 09:38:15,22.73,43100,22.74,E
sz000021,深科技,2025-09-22 09:38:18,22.74,18600,22.73,E
sz000021,深科技,2025-09-22 09:38:21,22.75,21600,22.74,U
sz000021,深科技,2025-09-22 09:38:24,22.75,22900,22.75,U
sz000021,深科技,2025-09-22 09:38:27,22.75,15000,22.75,U
sz000021,深科技,2025-09-22 09:38:30,22.76,131700,22.75,U
sz000021,深科技,2025-09-22 09:38:33,22.75,36500,22.76,D
sz000021,深科技,2025-09-22 09:38:36,22.76,23000,22.75,E
sz000021,深科技,2025-09-22 09:38:39,22.76,40900,22.76,D
sz000021,深科技,2025-09-22 09:38:42,22.77,51400,22.76,U
sz000021,深科技,2025-09-22 09:38:45,22.77,9600,22.77,D
sz000021,深科技,2025-09-22 09:38:48,22.79,44700,22.77,U
sz000021,深科技,2025-09-22 09:38:51,22.82,303200,22.79,U
sz000021,深科技,2025-09-22 09:38:54,22.82,20100,22.82,D
sz000021,深科技,2025-09-22 09:38:57,22.83,34200,22.82,U
sz000021,深科技,2025-09-22 09:39:00,22.82,88600,22.83,E
sz000021,深科技,2025-09-22 09:39:03,22.82,30200,22.82,U
sz000021,深科技,2025-09-22 09:39:06,22.84,44100,22.82,U
sz000021,深科技,2025-09-22 09:39:09,22.81,69300,22.84,D
sz000021,深科技,2025-09-22 09:39:12,22.81,37000,22.81,D
sz000021,深科技,2025-09-22 09:39:15,22.82,49600,22.81,U
sz000021,深科技,2025-09-22 09:39:18,22.81,49500,22.82,U
sz000021,深科技,2025-09-22 09:39:21,22.81,94600,22.81,U
sz000021,深科技,2025-09-22 09:39:24,22.81,48200,22.81,U
sz000021,深科技,2025-09-22 09:39:27,22.8,32000,22.81,E
sz000021,深科技,2025-09-22 09:39:30,22.8,15200,22.8,U
sz000021,深科技,2025-09-22 09:39:33,22.8,46700,22.8,U
sz000021,深科技,2025-09-22 09:39:36,22.8,32500,22.8,U
sz000021,深科技,2025-09-22 09:39:39,22.78,98800,22.8,E
sz000021,深科技,2025-09-22 09:39:42,22.77,16000,22.78,D
sz000021,深科技,2025-09-22 09:39:48,22.78,26300,22.78,U
sz000021,深科技,2025-09-22 09:39:51,22.79,30100,22.78,U
sz000021,深科技,2025-09-22 09:39:54,22.79,46900,22.79,U
sz000021,深科技,2025-09-22 09:39:57,22.8,62300,22.79,U
sz000021,深科技,2025-09-22 09:40:00,22.8,33400,22.8,D
sz000021,深科技,2025-09-22 09:40:03,22.81,100000,22.8,D
sz000021,深科技,2025-09-22 09:40:06,22.81,48101,22.81,U
sz000021,深科技,2025-09-22 09:40:09,22.8,118699,22.81,D
sz000021,深科技,2025-09-22 09:40:12,22.78,67200,22.8,D
sz000021,深科技,2025-09-22 09:40:15,22.78,33100,22.78,D
sz000021,深科技,2025-09-22 09:40:18,22.76,98600,22.78,D
sz000021,深科技,2025-09-22 09:40:21,22.71,53600,22.76,D
sz000021,深科技,2025-09-22 09:40:24,22.71,79300,22.71,D
sz000021,深科技,2025-09-22 09:40:27,22.71,9200,22.71,U
sz000021,深科技,2025-09-22 09:40:30,22.7,24400,22.71,U
sz000021,深科技,2025-09-22 09:40:33,22.71,25900,22.7,U
sz000021,深科技,2025-09-22 09:40:36,22.7,23600,22.71,D
sz000021,深科技,2025-09-22 09:40:39,22.69,52200,22.7,D
sz000021,深科技,2025-09-22 09:40:42,22.69,124600,22.69,D
sz000021,深科技,2025-09-22 09:40:48,22.68,85500,22.69,D
sz000021,深科技,2025-09-22 09:40:51,22.68,33400,22.68,D
sz000021,深科技,2025-09-22 09:40:54,22.68,37300,22.68,U
sz000021,深科技,2025-09-22 09:40:57,22.67,14000,22.68,D
sz000021,深科技,2025-09-22 09:41:00,22.67,64700,22.67,D
sz000021,深科技,2025-09-22 09:41:03,22.67,22300,22.67,U
sz000021,深科技,2025-09-22 09:41:06,22.67,37100,22.67,U
sz000021,深科技,2025-09-22 09:41:09,22.66,42300,22.67,E
sz000021,深科技,2025-09-22 09:41:12,22.64,31400,22.66,D
sz000021,深科技,2025-09-22 09:41:15,22.64,46400,22.64,U
sz000021,深科技,2025-09-22 09:41:18,22.64,36900,22.64,U
sz000021,深科技,2025-09-22 09:41:21,22.64,10200,22.64,D
sz000021,深科技,2025-09-22 09:41:24,22.64,54800,22.64,D
sz000021,深科技,2025-09-22 09:41:27,22.63,13000,22.64,U
sz000021,深科技,2025-09-22 09:41:30,22.61,19800,22.63,D
sz000021,深科技,2025-09-22 09:41:33,22.61,35000,22.61,D
sz000021,深科技,2025-09-22 09:41:36,22.61,13800,22.61,D
sz000021,深科技,2025-09-22 09:41:39,22.62,24800,22.61,U
sz000021,深科技,2025-09-22 09:41:42,22.62,29600,22.62,D
sz000021,深科技,2025-09-22 09:41:45,22.62,81000,22.62,D
sz000021,深科技,2025-09-22 09:41:48,22.62,27200,22.62,D
sz000021,深科技,2025-09-22 09:41:51,22.66,120200,22.62,U
sz000021,深科技,2025-09-22 09:41:54,22.66,20700,22.66,D
sz000021,深科技,2025-09-22 09:41:57,22.69,26000,22.66,E
sz000021,深科技,2025-09-22 09:42:00,22.68,21200,22.69,E
sz000021,深科技,2025-09-22 09:42:03,22.67,16400,22.68,E
sz000021,深科技,2025-09-22 09:42:06,22.67,38100,22.67,U
sz000021,深科技,2025-09-22 09:42:09,22.66,51900,22.67,D
sz000021,深科技,2025-09-22 09:42:12,22.66,16500,22.66,U
sz000021,深科技,2025-09-22 09:42:15,22.65,19000,22.66,D
sz000021,深科技,2025-09-22 09:42:18,22.66,33300,22.65,U
sz000021,深科技,2025-09-22 09:42:21,22.67,68600,22.66,U
sz000021,深科技,2025-09-22 09:42:24,22.69,54200,22.67,U
sz000021,深科技,2025-09-22 09:42:27,22.69,30700,22.69,U
sz000021,深科技,2025-09-22 09:42:30,22.7,43700,22.69,U
sz000021,深科技,2025-09-22 09:42:33,22.7,18700,22.7,D
sz000021,深科技,2025-09-22 09:42:36,22.7,14200,22.7,U
sz000021,深科技,2025-09-22 09:42:39,22.72,110100,22.7,U
sz000021,深科技,2025-09-22 09:42:42,22.72,121200,22.72,U
sz000021,深科技,2025-09-22 09:42:45,22.73,59000,22.72,U
sz000021,深科技,2025-09-22 09:42:48,22.74,32400,22.73,U
sz000021,深科技,2025-09-22 09:42:51,22.75,18900,22.74,U
sz000021,深科技,2025-09-22 09:42:54,22.75,20200,22.75,U
sz000021,深科技,2025-09-22 09:42:57,22.75,45700,22.75,U
sz000021,深科技,2025-09-22 09:43:00,22.75,58300,22.75,U
sz000021,深科技,2025-09-22 09:43:03,22.76,9400,22.75,U
sz000021,深科技,2025-09-22 09:43:06,22.78,31200,22.76,U
sz000021,深科技,2025-09-22 09:43:09,22.77,20600,22.78,D
sz000021,深科技,2025-09-22 09:43:15,22.77,39500,22.77,D
sz000021,深科技,2025-09-22 09:43:18,22.76,81200,22.77,D
sz000021,深科技,2025-09-22 09:43:21,22.73,24300,22.76,D
sz000021,深科技,2025-09-22 09:43:24,22.74,22600,22.73,U
sz000021,深科技,2025-09-22 09:43:30,22.73,20800,22.74,D
sz000021,深科技,2025-09-22 09:43:33,22.72,22500,22.73,D
sz000021,深科技,2025-09-22 09:43:36,22.72,14900,22.72,D
sz000021,深科技,2025-09-22 09:43:39,22.73,58300,22.72,U
sz000021,深科技,2025-09-22 09:43:42,22.71,79500,22.73,D
sz000021,深科技,2025-09-22 09:43:45,22.7,22800,22.71,D
sz000021,深科技,2025-09-22 09:43:48,22.7,13200,22.7,U
sz000021,深科技,2025-09-22 09:43:51,22.69,28900,22.7,D
sz000021,深科技,2025-09-22 09:43:54,22.69,17700,22.69,D
sz000021,深科技,2025-09-22 09:43:57,22.75,152700,22.69,U
sz000021,深科技,2025-09-22 09:44:00,22.74,39200,22.75,D
sz000021,深科技,2025-09-22 09:44:03,22.76,12700,22.74,U
sz000021,深科技,2025-09-22 09:44:06,22.75,17400,22.76,D
sz000021,深科技,2025-09-22 09:44:09,22.74,22100,22.75,E
sz000021,深科技,2025-09-22 09:44:12,22.73,22600,22.74,E
sz000021,深科技,2025-09-22 09:44:15,22.74,26200,22.73,U
sz000021,深科技,2025-09-22 09:44:18,22.74,11200,22.74,D
sz000021,深科技,2025-09-22 09:44:21,22.74,10900,22.74,U
sz000021,深科技,2025-09-22 09:44:24,22.73,80600,22.74,D
sz000021,深科技,2025-09-22 09:44:30,22.75,60000,22.74,U
sz000021,深科技,2025-09-22 09:44:33,22.74,15300,22.75,D
sz000021,深科技,2025-09-22 09:44:39,22.75,16700,22.75,U
sz000021,深科技,2025-09-22 09:44:42,22.76,12700,22.75,U
sz000021,深科技,2025-09-22 09:44:45,22.75,12500,22.76,E
sz000021,深科技,2025-09-22 09:44:48,22.76,22300,22.75,U
sz000021,深科技,2025-09-22 09:44:51,22.76,79700,22.76,U
sz000021,深科技,2025-09-22 09:44:54,22.75,16000,22.76,D
sz000021,深科技,2025-09-22 09:44:57,22.75,15500,22.75,U
sz000021,深科技,2025-09-22 09:45:00,22.75,12700,22.75,U
sz000021,深科技,2025-09-22 09:45:03,22.75,102600,22.75,U
sz000021,深科技,2025-09-22 09:45:06,22.75,33500,22.75,U
sz000021,深科技,2025-09-22 09:45:09,22.75,14400,22.75,U
sz000021,深科技,2025-09-22 09:45:12,22.75,31900,22.75,U
sz000021,深科技,2025-09-22 09:45:18,22.7,101000,22.71,D
sz000021,深科技,2025-09-22 09:45:21,22.69,69200,22.7,D
sz000021,深科技,2025-09-22 09:45:24,22.69,14100,22.69,U
sz000021,深科技,2025-09-22 09:45:27,22.68,11800,22.69,E
sz000021,深科技,2025-09-22 09:45:30,22.68,19100,22.68,U
sz000021,深科技,2025-09-22 09:45:33,22.69,46800,22.68,U
sz000021,深科技,2025-09-22 09:45:36,22.69,20800,22.69,E
sz000021,深科技,2025-09-22 09:45:39,22.69,12900,22.69,D
sz000021,深科技,2025-09-22 09:45:42,22.69,65000,22.69,D
sz000021,深科技,2025-09-22 09:45:48,22.69,31000,22.68,U
sz000021,深科技,2025-09-22 09:45:51,22.69,17500,22.69,D
sz000021,深科技,2025-09-22 09:45:54,22.7,25700,22.69,E
sz000021,深科技,2025-09-22 09:45:57,22.72,54800,22.7,U
sz000021,深科技,2025-09-22 09:46:00,22.74,23100,22.72,U
sz000021,深科技,2025-09-22 09:46:09,22.65,155100,22.72,D
sz000021,深科技,2025-09-22 09:46:12,22.66,69200,22.65,U
sz000021,深科技,2025-09-22 09:46:18,22.65,9400,22.67,D
sz000021,深科技,2025-09-22 09:46:21,22.65,13600,22.65,D
sz000021,深科技,2025-09-22 09:46:24,22.64,13900,22.65,D
sz000021,深科技,2025-09-22 09:46:27,22.63,28000,22.64,D
sz000021,深科技,2025-09-22 09:46:30,22.62,112700,22.63,D
sz000021,深科技,2025-09-22 09:46:33,22.63,10900,22.62,U
sz000021,深科技,2025-09-22 09:46:36,22.6,47600,22.63,D
sz000021,深科技,2025-09-22 09:46:39,22.6,79900,22.6,D
sz000021,深科技,2025-09-22 09:46:42,22.6,70600,22.6,D
sz000021,深科技,2025-09-22 09:46:45,22.6,116500,22.6,D
sz000021,深科技,2025-09-22 09:46:48,22.61,126200,22.6,U
sz000021,深科技,2025-09-22 09:46:51,22.62,49000,22.61,U
sz000021,深科技,2025-09-22 09:46:54,22.61,34900,22.62,D
sz000021,深科技,2025-09-22 09:46:57,22.61,30500,22.61,D
sz000021,深科技,2025-09-22 09:47:03,22.65,20800,22.65,U
sz000021,深科技,2025-09-22 09:47:06,22.64,21500,22.65,U
sz000021,深科技,2025-09-22 09:47:12,22.64,37500,22.65,D
sz000021,深科技,2025-09-22 09:47:18,22.62,41500,22.63,D
sz000021,深科技,2025-09-22 09:47:21,22.63,80200,22.62,U
sz000021,深科技,2025-09-22 09:47:24,22.65,16300,22.63,U
sz000021,深科技,2025-09-22 09:47:27,22.64,21700,22.65,D
sz000021,深科技,2025-09-22 09:47:30,22.65,21900,22.64,E
sz000021,深科技,2025-09-22 09:47:33,22.64,9700,22.65,E
sz000021,深科技,2025-09-22 09:47:39,22.63,21400,22.64,D
sz000021,深科技,2025-09-22 09:47:42,22.63,16300,22.63,D
sz000021,深科技,2025-09-22 09:47:45,22.64,11600,22.63,U
sz000021,深科技,2025-09-22 09:47:48,22.65,41400,22.64,U
sz000021,深科技,2025-09-22 09:47:51,22.65,23300,22.65,U
sz000021,深科技,2025-09-22 09:47:54,22.64,19900,22.65,D
sz000021,深科技,2025-09-22 09:47:57,22.65,16800,22.64,U
sz000021,深科技,2025-09-22 09:48:00,22.63,20500,22.65,D
sz000021,深科技,2025-09-22 09:48:03,22.63,38800,22.63,U
sz000021,深科技,2025-09-22 09:48:06,22.6,124000,22.63,D
sz000021,深科技,2025-09-22 09:48:09,22.58,38500,22.6,D
sz000021,深科技,2025-09-22 09:48:12,22.61,47400,22.58,U
sz000021,深科技,2025-09-22 09:48:15,22.63,29200,22.61,U
sz000021,深科技,2025-09-22 09:48:18,22.6,22700,22.63,E
sz000021,深科技,2025-09-22 09:48:21,22.59,23700,22.6,E
sz000021,深科技,2025-09-22 09:48:27,22.6,14300,22.58,U
sz000021,深科技,2025-09-22 09:48:30,22.6,49800,22.6,U
sz000021,深科技,2025-09-22 09:48:33,22.59,17000,22.6,E
sz000021,深科技,2025-09-22 09:48:36,22.58,36100,22.59,D
sz000021,深科技,2025-09-22 09:48:39,22.57,22100,22.58,D
sz000021,深科技,2025-09-22 09:48:42,22.58,54500,22.57,U
sz000021,深科技,2025-09-22 09:48:45,22.58,41900,22.58,D
sz000021,深科技,2025-09-22 09:48:48,22.58,78500,22.58,D
sz000021,深科技,2025-09-22 09:48:51,22.58,30700,22.58,D
sz000021,深科技,2025-09-22 09:48:54,22.58,46600,22.58,D
sz000021,深科技,2025-09-22 09:48:57,22.58,14500,22.58,U
sz000021,深科技,2025-09-22 09:49:00,22.55,33300,22.58,D
sz000021,深科技,2025-09-22 09:49:03,22.55,12500,22.55,D
sz000021,深科技,2025-09-22 09:49:06,22.55,27400,22.55,D
sz000021,深科技,2025-09-22 09:49:09,22.55,50900,22.55,D
sz000021,深科技,2025-09-22 09:49:12,22.54,21100,22.55,D
sz000021,深科技,2025-09-22 09:49:15,22.54,34400,22.54,D
sz000021,深科技,2025-09-22 09:49:18,22.55,34000,22.54,U
sz000021,深科技,2025-09-22 09:49:21,22.55,40600,22.55,D
sz000021,深科技,2025-09-22 09:49:24,22.55,169600,22.55,D
sz000021,深科技,2025-09-22 09:49:27,22.55,13900,22.55,U
sz000021,深科技,2025-09-22 09:49:30,22.55,18800,22.55,U
sz000021,深科技,2025-09-22 09:49:33,22.55,16000,22.55,U
sz000021,深科技,2025-09-22 09:49:36,22.53,24100,22.55,D
sz000021,深科技,2025-09-22 09:49:39,22.55,49500,22.53,U
sz000021,深科技,2025-09-22 09:49:42,22.53,22500,22.55,D
sz000021,深科技,2025-09-22 09:49:45,22.53,17300,22.53,D
sz000021,深科技,2025-09-22 09:49:48,22.53,27000,22.53,D
sz000021,深科技,2025-09-22 09:49:51,22.53,37700,22.53,D
sz000021,深科技,2025-09-22 09:49:54,22.53,49200,22.53,U
sz000021,深科技,2025-09-22 09:49:57,22.53,25500,22.53,D
sz000021,深科技,2025-09-22 09:50:00,22.53,25400,22.53,D
sz000021,深科技,2025-09-22 09:50:03,22.54,64600,22.53,U
sz000021,深科技,2025-09-22 09:50:06,22.53,47600,22.54,D
sz000021,深科技,2025-09-22 09:50:09,22.54,16600,22.53,U
sz000021,深科技,2025-09-22 09:50:12,22.53,46500,22.54,D
sz000021,深科技,2025-09-22 09:50:15,22.54,13200,22.53,U
sz000021,深科技,2025-09-22 09:50:18,22.53,30400,22.54,D
sz000021,深科技,2025-09-22 09:50:21,22.53,49500,22.53,U
sz000021,深科技,2025-09-22 09:50:30,22.52,105100,22.52,D
sz000021,深科技,2025-09-22 09:50:33,22.53,81400,22.52,E
sz000021,深科技,2025-09-22 09:50:36,22.52,52500,22.53,D
sz000021,深科技,2025-09-22 09:50:39,22.54,46900,22.52,U
sz000021,深科技,2025-09-22 09:50:42,22.55,51400,22.54,U
sz000021,深科技,2025-09-22 09:50:45,22.55,24800,22.55,U
sz000021,深科技,2025-09-22 09:50:48,22.55,10400,22.55,D
sz000021,深科技,2025-09-22 09:50:51,22.56,17400,22.55,U
sz000021,深科技,2025-09-22 09:50:54,22.55,46900,22.56,D
sz000021,深科技,2025-09-22 09:50:57,22.55,16700,22.55,U
sz000021,深科技,2025-09-22 09:51:03,22.56,23800,22.54,U
sz000021,深科技,2025-09-22 09:51:06,22.53,81200,22.56,D
sz000021,深科技,2025-09-22 09:51:09,22.55,20200,22.53,U
sz000021,深科技,2025-09-22 09:51:15,22.53,13300,22.55,D
sz000021,深科技,2025-09-22 09:51:18,22.55,19300,22.53,U
sz000021,深科技,2025-09-22 09:51:21,22.53,9400,22.55,D
sz000021,深科技,2025-09-22 09:51:24,22.53,15900,22.53,D
sz000021,深科技,2025-09-22 09:51:27,22.53,30900,22.53,U
sz000021,深科技,2025-09-22 09:51:30,22.52,23400,22.53,D
sz000021,深科技,2025-09-22 09:51:33,22.52,30000,22.52,D
sz000021,深科技,2025-09-22 09:51:36,22.51,29700,22.52,D
sz000021,深科技,2025-09-22 09:51:39,22.52,65500,22.51,D
sz000021,深科技,2025-09-22 09:51:42,22.52,12700,22.52,D
sz000021,深科技,2025-09-22 09:51:45,22.51,15900,22.52,D
sz000021,深科技,2025-09-22 09:51:51,22.51,23600,22.51,U
sz000021,深科技,2025-09-22 09:51:54,22.5,14500,22.51,D
sz000021,深科技,2025-09-22 09:51:57,22.51,44000,22.5,U
sz000021,深科技,2025-09-22 09:52:00,22.5,27200,22.51,D
sz000021,深科技,2025-09-22 09:52:06,22.49,15900,22.5,D
sz000021,深科技,2025-09-22 09:52:09,22.49,18900,22.49,U
sz000021,深科技,2025-09-22 09:52:12,22.48,29200,22.49,D
sz000021,深科技,2025-09-22 09:52:15,22.48,34100,22.48,D
sz000021,深科技,2025-09-22 09:52:18,22.47,21000,22.48,D
sz000021,深科技,2025-09-22 09:52:21,22.46,11400,22.47,D
sz000021,深科技,2025-09-22 09:52:24,22.46,12600,22.46,D
sz000021,深科技,2025-09-22 09:52:27,22.46,28000,22.46,U
sz000021,深科技,2025-09-22 09:52:30,22.45,27500,22.46,D
sz000021,深科技,2025-09-22 09:52:33,22.45,18400,22.45,U
sz000021,深科技,2025-09-22 09:52:36,22.45,59000,22.45,D
sz000021,深科技,2025-09-22 09:52:39,22.45,33300,22.45,D
sz000021,深科技,2025-09-22 09:52:42,22.46,13500,22.45,D
sz000021,深科技,2025-09-22 09:52:45,22.48,75600,22.46,U
sz000021,深科技,2025-09-22 09:52:48,22.47,13800,22.48,E
sz000021,深科技,2025-09-22 09:52:51,22.47,15701,22.47,U
sz000021,深科技,2025-09-22 09:52:54,22.46,63000,22.47,D
sz000021,深科技,2025-09-22 09:52:57,22.47,35600,22.46,D
sz000021,深科技,2025-09-22 09:53:00,22.47,13600,22.47,U
sz000021,深科技,2025-09-22 09:53:03,22.47,46100,22.47,D
sz000021,深科技,2025-09-22 09:53:06,22.47,15400,22.47,U
sz000021,深科技,2025-09-22 09:53:09,22.46,47800,22.47,D
sz000021,深科技,2025-09-22 09:53:12,22.46,20700,22.46,D
sz000021,深科技,2025-09-22 09:53:15,22.47,24300,22.46,D
sz000021,深科技,2025-09-22 09:53:21,22.47,39500,22.49,D
sz000021,深科技,2025-09-22 09:53:24,22.48,77700,22.47,D
sz000021,深科技,2025-09-22 09:53:27,22.48,69700,22.48,D
sz000021,深科技,2025-09-22 09:53:33,22.51,11100,22.5,U
sz000021,深科技,2025-09-22 09:53:36,22.5,16900,22.51,E
sz000021,深科技,2025-09-22 09:53:42,22.48,12700,22.5,D
sz000021,深科技,2025-09-22 09:53:48,22.5,15900,22.5,U
sz000021,深科技,2025-09-22 09:53:51,22.49,14200,22.5,E
sz000021,深科技,2025-09-22 09:53:54,22.49,11100,22.49,U
sz000021,深科技,2025-09-22 09:53:57,22.49,35100,22.49,U
sz000021,深科技,2025-09-22 09:54:03,22.48,27200,22.48,U
sz000021,深科技,2025-09-22 09:54:06,22.48,15500,22.48,D
sz000021,深科技,2025-09-22 09:54:09,22.49,22800,22.48,U
sz000021,深科技,2025-09-22 09:54:15,22.49,34900,22.49,D
sz000021,深科技,2025-09-22 09:54:18,22.49,13400,22.49,D
sz000021,深科技,2025-09-22 09:54:21,22.5,11200,22.49,D
sz000021,深科技,2025-09-22 09:54:24,22.49,38100,22.5,D
sz000021,深科技,2025-09-22 09:54:27,22.48,16300,22.49,D
sz000021,深科技,2025-09-22 09:54:30,22.5,42700,22.48,U
sz000021,深科技,2025-09-22 09:54:36,22.5,9500,22.49,U
sz000021,深科技,2025-09-22 09:54:39,22.5,24200,22.5,U
sz000021,深科技,2025-09-22 09:54:42,22.5,9700,22.5,U
sz000021,深科技,2025-09-22 09:54:45,22.5,112800,22.5,U
sz000021,深科技,2025-09-22 09:54:48,22.5,18500,22.5,D
sz000021,深科技,2025-09-22 09:54:54,22.52,11300,22.53,D
sz000021,深科技,2025-09-22 09:55:00,22.52,13400,22.52,U
sz000021,深科技,2025-09-22 09:55:03,22.53,9300,22.52,U
sz000021,深科技,2025-09-22 09:55:06,22.53,10400,22.53,D
sz000021,深科技,2025-09-22 09:55:09,22.53,12600,22.53,D
sz000021,深科技,2025-09-22 09:55:12,22.54,58900,22.53,U
sz000021,深科技,2025-09-22 09:55:24,22.58,14900,22.57,U
sz000021,深科技,2025-09-22 09:55:30,22.6,125300,22.59,U
sz000021,深科技,2025-09-22 09:55:39,22.62,23900,22.61,U
sz000021,深科技,2025-09-22 09:55:42,22.62,44300,22.62,U
sz000021,深科技,2025-09-22 09:55:45,22.64,26300,22.62,U
sz000021,深科技,2025-09-22 09:55:48,22.62,11700,22.64,U
sz000021,深科技,2025-09-22 09:55:51,22.64,44000,22.62,U
sz000021,深科技,2025-09-22 09:55:54,22.62,17300,22.64,E
sz000021,深科技,2025-09-22 09:55:57,22.62,26700,22.62,D
sz000021,深科技,2025-09-22 09:56:00,22.6,30000,22.62,D
sz000021,深科技,2025-09-22 09:56:03,22.62,270600,22.6,U
sz000021,深科技,2025-09-22 09:56:06,22.6,14900,22.62,D
sz000021,深科技,2025-09-22 09:56:09,22.58,23500,22.6,D
sz000021,深科技,2025-09-22 09:56:15,22.6,91300,22.6,E
sz000021,深科技,2025-09-22 09:56:18,22.6,27000,22.6,D
sz000021,深科技,2025-09-22 09:56:21,22.6,66500,22.6,U
sz000021,深科技,2025-09-22 09:56:27,22.57,22600,22.59,D
sz000021,深科技,2025-09-22 09:56:30,22.6,13200,22.57,U
sz000021,深科技,2025-09-22 09:56:33,22.59,17600,22.6,D
sz000021,深科技,2025-09-22 09:56:39,22.6,14600,22.6,D
sz000021,深科技,2025-09-22 09:56:42,22.6,25300,22.6,U
sz000021,深科技,2025-09-22 09:56:45,22.58,27100,22.6,D
sz000021,深科技,2025-09-22 09:56:48,22.6,31100,22.58,E
sz000021,深科技,2025-09-22 09:56:51,22.6,12300,22.6,U
sz000021,深科技,2025-09-22 09:56:54,22.61,24200,22.6,U
sz000021,深科技,2025-09-22 09:56:57,22.61,35000,22.61,U
sz000021,深科技,2025-09-22 09:57:00,22.6,52900,22.61,D
sz000021,深科技,2025-09-22 09:57:03,22.6,17500,22.6,U
sz000021,深科技,2025-09-22 09:57:06,22.6,13400,22.6,U
sz000021,深科技,2025-09-22 09:57:09,22.59,34500,22.6,D
sz000021,深科技,2025-09-22 09:57:12,22.59,24600,22.59,U
sz000021,深科技,2025-09-22 09:57:15,22.59,11300,22.59,U
sz000021,深科技,2025-09-22 09:57:18,22.59,38800,22.59,U
sz000021,深科技,2025-09-22 09:57:21,22.59,29800,22.59,U
sz000021,深科技,2025-09-22 09:57:24,22.6,75200,22.59,U
sz000021,深科技,2025-09-22 09:57:27,22.6,50988,22.6,D
sz000021,深科技,2025-09-22 09:57:30,22.61,51800,22.6,U
sz000021,深科技,2025-09-22 09:57:33,22.61,14700,22.61,U
sz000021,深科技,2025-09-22 09:57:39,22.59,23600,22.6,D
sz000021,深科技,2025-09-22 09:57:45,22.58,12801,22.59,D
sz000021,深科技,2025-09-22 09:57:48,22.6,59200,22.58,U
sz000021,深科技,2025-09-22 09:57:51,22.59,27200,22.6,D
sz000021,深科技,2025-09-22 09:57:54,22.59,15400,22.59,D
sz000021,深科技,2025-09-22 09:57:57,22.6,82900,22.59,D
sz000021,深科技,2025-09-22 09:58:00,22.6,18900,22.6,U
sz000021,深科技,2025-09-22 09:58:03,22.61,38500,22.6,U
sz000021,深科技,2025-09-22 09:58:06,22.6,130400,22.61,D
sz000021,深科技,2025-09-22 09:58:09,22.6,34600,22.6,D
sz000021,深科技,2025-09-22 09:58:12,22.6,56200,22.6,D
sz000021,深科技,2025-09-22 09:58:18,22.61,35438,22.61,U
sz000021,深科技,2025-09-22 09:58:21,22.61,13000,22.61,D
sz000021,深科技,2025-09-22 09:58:24,22.6,11281,22.61,D
sz000021,深科技,2025-09-22 09:58:27,22.6,14100,22.6,D
sz000021,深科技,2025-09-22 09:58:36,22.62,17300,22.61,U
sz000021,深科技,2025-09-22 09:58:39,22.63,57800,22.62,U
sz000021,深科技,2025-09-22 09:58:45,22.61,66600,22.63,D
sz000021,深科技,2025-09-22 09:58:48,22.6,65900,22.61,D
sz000021,深科技,2025-09-22 09:58:51,22.6,38500,22.6,D
sz000021,深科技,2025-09-22 09:58:54,22.6,11300,22.6,D
sz000021,深科技,2025-09-22 09:58:57,22.59,26181,22.6,D
sz000021,深科技,2025-09-22 09:59:00,22.6,31400,22.59,U
sz000021,深科技,2025-09-22 09:59:03,22.61,9219,22.6,U
sz000021,深科技,2025-09-22 09:59:06,22.61,32200,22.61,E
sz000021,深科技,2025-09-22 09:59:09,22.61,13100,22.61,U
sz000021,深科技,2025-09-22 09:59:12,22.6,48381,22.61,D
sz000021,深科技,2025-09-22 09:59:15,22.6,18419,22.6,U
sz000021,深科技,2025-09-22 09:59:18,22.61,21300,22.6,E
sz000021,深科技,2025-09-22 09:59:21,22.6,18281,22.61,D
sz000021,深科技,2025-09-22 09:59:24,22.6,27519,22.6,U
sz000021,深科技,2025-09-22 09:59:27,22.61,12900,22.6,U
sz000021,深科技,2025-09-22 09:59:30,22.61,20500,22.61,U
sz000021,深科技,2025-09-22 09:59:33,22.61,14700,22.61,D
sz000021,深科技,2025-09-22 09:59:39,22.6,30000,22.62,D
sz000021,深科技,2025-09-22 09:59:42,22.6,21900,22.6,D
sz000021,深科技,2025-09-22 09:59:45,22.61,15700,22.6,U
sz000021,深科技,2025-09-22 09:59:48,22.61,17700,22.61,U
sz000021,深科技,2025-09-22 09:59:51,22.6,12000,22.61,D
sz000021,深科技,2025-09-22 09:59:54,22.59,33100,22.6,D
sz000021,深科技,2025-09-22 09:59:57,22.54,60312,22.59,D
sz000021,深科技,2025-09-22 10:00:00,22.55,25000,22.54,U
sz000021,深科技,2025-09-22 10:00:03,22.53,52700,22.55,D
sz000021,深科技,2025-09-22 10:00:09,22.54,23700,22.53,U
sz000021,深科技,2025-09-22 10:00:15,22.55,15900,22.56,D
sz000021,深科技,2025-09-22 10:00:18,22.57,33000,22.55,U
sz000021,深科技,2025-09-22 10:00:21,22.55,10800,22.57,D
sz000021,深科技,2025-09-22 10:00:24,22.59,8900,22.55,U
sz000021,深科技,2025-09-22 10:00:30,22.59,62200,22.57,U
sz000021,深科技,2025-09-22 10:00:33,22.6,10900,22.59,E
sz000021,深科技,2025-09-22 10:00:39,22.6,49000,22.61,D
sz000021,深科技,2025-09-22 10:00:42,22.6,17800,22.6,U
sz000021,深科技,2025-09-22 10:00:45,22.6,15800,22.6,U
sz000021,深科技,2025-09-22 10:00:48,22.6,51400,22.6,U
sz000021,深科技,2025-09-22 10:00:51,22.6,12700,22.6,D
sz000021,深科技,2025-09-22 10:00:54,22.58,27700,22.6,D
sz000021,深科技,2025-09-22 10:00:57,22.57,23500,22.58,D
sz000021,深科技,2025-09-22 10:01:00,22.57,19900,22.57,D
sz000021,深科技,2025-09-22 10:01:03,22.56,70300,22.57,D
sz000021,深科技,2025-09-22 10:01:06,22.57,17700,22.56,U
sz000021,深科技,2025-09-22 10:01:09,22.55,31700,22.57,E
sz000021,深科技,2025-09-22 10:01:18,22.55,13600,22.55,D
sz000021,深科技,2025-09-22 10:01:21,22.56,35700,22.55,U
sz000021,深科技,2025-09-22 10:01:24,22.55,13300,22.56,D
sz000021,深科技,2025-09-22 10:01:27,22.55,13700,22.55,D
sz000021,深科技,2025-09-22 10:01:30,22.56,11000,22.55,U
sz000021,深科技,2025-09-22 10:01:33,22.55,10500,22.56,D
sz000021,深科技,2025-09-22 10:01:39,22.56,34100,22.55,U
sz000021,深科技,2025-09-22 10:01:48,22.53,15200,22.54,D
sz000021,深科技,2025-09-22 10:01:51,22.51,9100,22.53,D
sz000021,深科技,2025-09-22 10:01:54,22.5,159200,22.51,D
sz000021,深科技,2025-09-22 10:01:57,22.49,8900,22.5,D
sz000021,深科技,2025-09-22 10:02:00,22.5,32300,22.49,U
sz000021,深科技,2025-09-22 10:02:03,22.5,65700,22.5,U
sz000021,深科技,2025-09-22 10:02:06,22.5,59100,22.5,U
sz000021,深科技,2025-09-22 10:02:09,22.51,37200,22.5,U
sz000021,深科技,2025-09-22 10:02:15,22.51,27300,22.52,D
sz000021,深科技,2025-09-22 10:02:18,22.53,25600,22.51,U
sz000021,深科技,2025-09-22 10:02:21,22.54,57500,22.53,U
sz000021,深科技,2025-09-22 10:02:24,22.55,16800,22.54,U
sz000021,深科技,2025-09-22 10:02:30,22.56,55400,22.55,U
sz000021,深科技,2025-09-22 10:02:33,22.56,14100,22.56,E
sz000021,深科技,2025-09-22 10:02:36,22.58,58400,22.56,U
sz000021,深科技,2025-09-22 10:02:39,22.57,26700,22.58,D
sz000021,深科技,2025-09-22 10:02:45,22.6,21100,22.6,U
sz000021,深科技,2025-09-22 10:02:51,22.61,66700,22.6,U
sz000021,深科技,2025-09-22 10:02:54,22.62,28800,22.61,U
sz000021,深科技,2025-09-22 10:03:00,22.65,198500,22.61,U
sz000021,深科技,2025-09-22 10:03:03,22.66,11200,22.65,U
sz000021,深科技,2025-09-22 10:03:06,22.7,145500,22.66,U
sz000021,深科技,2025-09-22 10:03:09,22.74,103100,22.7,U
sz000021,深科技,2025-09-22 10:03:12,22.74,52600,22.74,U
sz000021,深科技,2025-09-22 10:03:15,22.74,12500,22.74,U
sz000021,深科技,2025-09-22 10:03:18,22.71,53000,22.74,D
sz000021,深科技,2025-09-22 10:03:21,22.73,59800,22.71,U
sz000021,深科技,2025-09-22 10:03:24,22.73,24700,22.73,U
sz000021,深科技,2025-09-22 10:03:27,22.73,72300,22.73,U
sz000021,深科技,2025-09-22 10:03:30,22.72,17500,22.73,D
sz000021,深科技,2025-09-22 10:03:33,22.72,28100,22.72,U
sz000021,深科技,2025-09-22 10:03:36,22.71,19300,22.72,E
sz000021,深科技,2025-09-22 10:03:39,22.7,20300,22.71,D
sz000021,深科技,2025-09-22 10:03:42,22.7,25900,22.7,D
sz000021,深科技,2025-09-22 10:03:45,22.7,22500,22.7,U
sz000021,深科技,2025-09-22 10:03:48,22.7,31100,22.7,U
sz000021,深科技,2025-09-22 10:03:51,22.7,16300,22.7,D
sz000021,深科技,2025-09-22 10:03:54,22.7,21800,22.7,D
sz000021,深科技,2025-09-22 10:03:57,22.7,17700,22.7,D
sz000021,深科技,2025-09-22 10:04:00,22.7,13900,22.7,U
sz000021,深科技,2025-09-22 10:04:03,22.71,26300,22.7,U
sz000021,深科技,2025-09-22 10:04:06,22.72,16800,22.71,U
sz000021,深科技,2025-09-22 10:04:09,22.72,60000,22.72,U
sz000021,深科技,2025-09-22 10:04:12,22.71,16000,22.72,D
sz000021,深科技,2025-09-22 10:04:15,22.72,10800,22.71,U
sz000021,深科技,2025-09-22 10:04:18,22.7,11500,22.72,D
sz000021,深科技,2025-09-22 10:04:24,22.71,9400,22.71,U
sz000021,深科技,2025-09-22 10:04:27,22.71,14400,22.71,U
sz000021,深科技,2025-09-22 10:04:30,22.72,55600,22.71,U
sz000021,深科技,2025-09-22 10:04:33,22.72,54700,22.72,U
sz000021,深科技,2025-09-22 10:04:36,22.73,62500,22.72,U
sz000021,深科技,2025-09-22 10:04:42,22.73,26900,22.71,U
sz000021,深科技,2025-09-22 10:04:45,22.72,26300,22.73,D
sz000021,深科技,2025-09-22 10:04:51,22.72,12900,22.71,U
sz000021,深科技,2025-09-22 10:04:54,22.71,20900,22.72,U
sz000021,深科技,2025-09-22 10:04:57,22.7,34800,22.71,D
sz000021,深科技,2025-09-22 10:05:03,22.69,36700,22.7,D
sz000021,深科技,2025-09-22 10:05:06,22.69,22000,22.69,D
sz000021,深科技,2025-09-22 10:05:15,22.7,29300,22.69,U
sz000021,深科技,2025-09-22 10:05:18,22.7,21400,22.7,E
sz000021,深科技,2025-09-22 10:05:21,22.69,14400,22.7,D
sz000021,深科技,2025-09-22 10:05:27,22.68,73100,22.7,D
sz000021,深科技,2025-09-22 10:05:30,22.71,28000,22.68,U
sz000021,深科技,2025-09-22 10:05:33,22.71,65400,22.71,U
sz000021,深科技,2025-09-22 10:05:36,22.72,9200,22.71,U
sz000021,深科技,2025-09-22 10:05:39,22.71,46300,22.72,D
sz000021,深科技,2025-09-22 10:05:42,22.71,17800,22.71,U
sz000021,深科技,2025-09-22 10:05:48,22.72,16300,22.72,U
sz000021,深科技,2025-09-22 10:05:51,22.71,37300,22.72,D
sz000021,深科技,2025-09-22 10:05:54,22.71,22700,22.71,U
sz000021,深科技,2025-09-22 10:05:57,22.7,17600,22.71,D
sz000021,深科技,2025-09-22 10:06:00,22.72,33100,22.7,U
sz000021,深科技,2025-09-22 10:06:06,22.71,25400,22.72,D
sz000021,深科技,2025-09-22 10:06:09,22.71,31700,22.71,D
sz000021,深科技,2025-09-22 10:06:15,22.72,15300,22.72,U
sz000021,深科技,2025-09-22 10:06:18,22.72,34600,22.72,U
sz000021,深科技,2025-09-22 10:06:21,22.72,11200,22.72,U
sz000021,深科技,2025-09-22 10:06:24,22.71,13000,22.72,D
sz000021,深科技,2025-09-22 10:06:27,22.72,40200,22.71,U
sz000021,深科技,2025-09-22 10:06:30,22.72,9100,22.72,U
sz000021,深科技,2025-09-22 10:06:36,22.72,31000,22.72,D
sz000021,深科技,2025-09-22 10:06:39,22.72,25300,22.72,U
sz000021,深科技,2025-09-22 10:06:45,22.71,10500,22.71,U
sz000021,深科技,2025-09-22 10:06:48,22.71,64300,22.71,D
sz000021,深科技,2025-09-22 10:06:51,22.72,11100,22.71,U
sz000021,深科技,2025-09-22 10:06:54,22.72,28400,22.72,U
sz000021,深科技,2025-09-22 10:06:57,22.71,59700,22.72,D
sz000021,深科技,2025-09-22 10:07:00,22.73,16600,22.71,U
sz000021,深科技,2025-09-22 10:07:03,22.73,76900,22.73,U
sz000021,深科技,2025-09-22 10:07:06,22.74,24200,22.73,U
sz000021,深科技,2025-09-22 10:07:09,22.74,20800,22.74,U
sz000021,深科技,2025-09-22 10:07:12,22.75,65200,22.74,U
sz000021,深科技,2025-09-22 10:07:18,22.75,26300,22.75,U
sz000021,深科技,2025-09-22 10:07:21,22.75,47200,22.75,U
sz000021,深科技,2025-09-22 10:07:24,22.75,16900,22.75,D
sz000021,深科技,2025-09-22 10:07:27,22.75,12800,22.75,D
sz000021,深科技,2025-09-22 10:07:30,22.75,19100,22.75,U
sz000021,深科技,2025-09-22 10:07:33,22.75,10200,22.75,D
sz000021,深科技,2025-09-22 10:07:36,22.75,36600,22.75,D
sz000021,深科技,2025-09-22 10:07:39,22.76,35600,22.75,U
sz000021,深科技,2025-09-22 10:07:42,22.75,74800,22.76,D
sz000021,深科技,2025-09-22 10:07:51,22.75,18100,22.73,U
sz000021,深科技,2025-09-22 10:07:57,22.74,19700,22.74,D
sz000021,深科技,2025-09-22 10:08:00,22.74,9300,22.74,U
sz000021,深科技,2025-09-22 10:08:03,22.73,27400,22.74,E
sz000021,深科技,2025-09-22 10:08:09,22.73,24800,22.74,E
sz000021,深科技,2025-09-22 10:08:12,22.74,60200,22.73,U
sz000021,深科技,2025-09-22 10:08:15,22.73,22700,22.74,D
sz000021,深科技,2025-09-22 10:08:18,22.71,21000,22.73,D
sz000021,深科技,2025-09-22 10:08:21,22.71,20400,22.71,U
sz000021,深科技,2025-09-22 10:08:24,22.71,9100,22.71,D
sz000021,深科技,2025-09-22 10:08:27,22.71,19000,22.71,U
sz000021,深科技,2025-09-22 10:08:30,22.72,19600,22.71,U
sz000021,深科技,2025-09-22 10:08:33,22.71,18700,22.72,D
sz000021,深科技,2025-09-22 10:08:39,22.7,21200,22.71,D
sz000021,深科技,2025-09-22 10:08:42,22.71,13000,22.7,U
sz000021,深科技,2025-09-22 10:08:48,22.7,15500,22.71,D
sz000021,深科技,2025-09-22 10:08:54,22.7,13100,22.7,U
sz000021,深科技,2025-09-22 10:09:03,22.69,26000,22.69,U
sz000021,深科技,2025-09-22 10:09:09,22.68,14400,22.68,D
sz000021,深科技,2025-09-22 10:09:12,22.7,35700,22.68,U
sz000021,深科技,2025-09-22 10:09:18,22.67,40100,22.69,D
sz000021,深科技,2025-09-22 10:09:30,22.7,17400,22.7,U
sz000021,深科技,2025-09-22 10:09:33,22.7,21000,22.7,U
sz000021,深科技,2025-09-22 10:09:36,22.7,37200,22.7,U
sz000021,深科技,2025-09-22 10:09:39,22.69,44500,22.7,D
sz000021,深科技,2025-09-22 10:09:42,22.7,9200,22.69,U
sz000021,深科技,2025-09-22 10:09:45,22.69,165300,22.7,D
sz000021,深科技,2025-09-22 10:09:51,22.69,18000,22.69,U
sz000021,深科技,2025-09-22 10:09:54,22.67,27600,22.69,D
sz000021,深科技,2025-09-22 10:09:57,22.66,22700,22.67,D
sz000021,深科技,2025-09-22 10:10:00,22.67,23700,22.66,U
sz000021,深科技,2025-09-22 10:10:03,22.65,39000,22.67,D
sz000021,深科技,2025-09-22 10:10:06,22.66,12400,22.65,U
sz000021,深科技,2025-09-22 10:10:15,22.65,30500,22.65,D
sz000021,深科技,2025-09-22 10:10:18,22.64,23700,22.65,D
sz000021,深科技,2025-09-22 10:10:21,22.65,22200,22.64,U
sz000021,深科技,2025-09-22 10:10:24,22.66,21900,22.65,U
sz000021,深科技,2025-09-22 10:10:30,22.66,16600,22.66,U
sz000021,深科技,2025-09-22 10:10:33,22.65,16800,22.66,D
sz000021,深科技,2025-09-22 10:10:39,22.68,23900,22.66,U
sz000021,深科技,2025-09-22 10:10:42,22.68,11600,22.68,U
sz000021,深科技,2025-09-22 10:10:45,22.68,47800,22.68,U
sz000021,深科技,2025-09-22 10:10:48,22.68,10700,22.68,U
sz000021,深科技,2025-09-22 10:10:57,22.7,26900,22.68,U
sz000021,深科技,2025-09-22 10:11:03,22.68,57600,22.68,U
sz000021,深科技,2025-09-22 10:11:06,22.68,10900,22.68,U
sz000021,深科技,2025-09-22 10:11:18,22.69,10900,22.69,D
sz000021,深科技,2025-09-22 10:11:21,22.68,20900,22.69,D
sz000021,深科技,2025-09-22 10:11:27,22.68,68600,22.68,U
sz000021,深科技,2025-09-22 10:11:30,22.68,55300,22.68,U
sz000021,深科技,2025-09-22 10:11:33,22.68,9100,22.68,D
sz000021,深科技,2025-09-22 10:11:36,22.67,10700,22.68,E
sz000021,深科技,2025-09-22 10:11:39,22.66,21900,22.67,D
sz000021,深科技,2025-09-22 10:11:42,22.68,32700,22.66,U
sz000021,深科技,2025-09-22 10:11:45,22.69,46000,22.68,U
sz000021,深科技,2025-09-22 10:11:48,22.73,401300,22.69,U
sz000021,深科技,2025-09-22 10:11:51,22.72,28000,22.73,D
sz000021,深科技,2025-09-22 10:12:03,22.73,10100,22.73,U
sz000021,深科技,2025-09-22 10:12:09,22.73,9400,22.73,D
sz000021,深科技,2025-09-22 10:12:12,22.75,9900,22.73,U
sz000021,深科技,2025-09-22 10:12:15,22.73,17600,22.75,D
sz000021,深科技,2025-09-22 10:12:18,22.73,26400,22.73,D
sz000021,深科技,2025-09-22 10:12:21,22.73,13400,22.73,U
sz000021,深科技,2025-09-22 10:12:27,22.73,17500,22.72,U
sz000021,深科技,2025-09-22 10:12:33,22.74,10800,22.73,U
sz000021,深科技,2025-09-22 10:12:39,22.74,24400,22.74,D
sz000021,深科技,2025-09-22 10:12:51,22.73,19300,22.74,D
sz000021,深科技,2025-09-22 10:12:54,22.74,29600,22.73,U
sz000021,深科技,2025-09-22 10:12:57,22.74,17700,22.74,D
sz000021,深科技,2025-09-22 10:13:03,22.73,126700,22.74,D
sz000021,深科技,2025-09-22 10:13:06,22.73,20800,22.73,U
sz000021,深科技,2025-09-22 10:13:09,22.74,145600,22.73,U
sz000021,深科技,2025-09-22 10:13:12,22.78,341600,22.74,U
sz000021,深科技,2025-09-22 10:13:15,22.78,13600,22.78,U
sz000021,深科技,2025-09-22 10:13:21,22.78,20100,22.78,U
sz000021,深科技,2025-09-22 10:13:24,22.78,56900,22.78,U
sz000021,深科技,2025-09-22 10:13:27,22.78,27900,22.78,U
sz000021,深科技,2025-09-22 10:13:30,22.78,23800,22.78,U
sz000021,深科技,2025-09-22 10:13:33,22.82,718889,22.78,U
sz000021,深科技,2025-09-22 10:13:36,22.82,15900,22.82,U
sz000021,深科技,2025-09-22 10:13:39,22.82,72400,22.82,U
sz000021,深科技,2025-09-22 10:13:42,22.83,26800,22.82,U
sz000021,深科技,2025-09-22 10:13:45,22.83,26900,22.83,U
sz000021,深科技,2025-09-22 10:13:48,22.83,239100,22.83,U
sz000021,深科技,2025-09-22 10:13:51,22.84,10800,22.83,U
sz000021,深科技,2025-09-22 10:13:54,22.84,70900,22.84,U
sz000021,深科技,2025-09-22 10:13:57,22.84,64000,22.84,U
sz000021,深科技,2025-09-22 10:14:00,22.85,51500,22.84,U
sz000021,深科技,2025-09-22 10:14:03,22.84,32300,22.85,D
sz000021,深科技,2025-09-22 10:14:06,22.84,315700,22.84,D
sz000021,深科技,2025-09-22 10:14:09,22.85,77600,22.84,U
sz000021,深科技,2025-09-22 10:14:12,22.86,143900,22.85,U
sz000021,深科技,2025-09-22 10:14:15,22.86,35800,22.86,U
sz000021,深科技,2025-09-22 10:14:18,22.86,29900,22.86,U
sz000021,深科技,2025-09-22 10:14:21,22.85,66500,22.86,D
sz000021,深科技,2025-09-22 10:14:24,22.86,113000,22.85,U
sz000021,深科技,2025-09-22 10:14:27,22.87,31800,22.86,U
sz000021,深科技,2025-09-22 10:14:30,22.87,90701,22.87,U
sz000021,深科技,2025-09-22 10:14:33,22.91,787600,22.87,U
sz000021,深科技,2025-09-22 10:14:36,22.93,67300,22.91,U
sz000021,深科技,2025-09-22 10:14:39,22.94,55900,22.93,U
sz000021,深科技,2025-09-22 10:14:42,23.0,1207800,22.94,U
sz000021,深科技,2025-09-22 10:14:45,22.97,273700,23.0,D
sz000021,深科技,2025-09-22 10:14:48,23.0,339000,22.97,U
sz000021,深科技,2025-09-22 10:14:51,23.0,998600,23.0,U
sz000021,深科技,2025-09-22 10:14:54,23.05,151400,23.0,U
sz000021,深科技,2025-09-22 10:14:57,23.05,116100,23.05,U
sz000021,深科技,2025-09-22 10:15:00,23.08,124400,23.05,U
sz000021,深科技,2025-09-22 10:15:03,23.1,102900,23.08,U
sz000021,深科技,2025-09-22 10:15:06,23.12,280200,23.1,U
sz000021,深科技,2025-09-22 10:15:09,23.13,117800,23.12,U
sz000021,深科技,2025-09-22 10:15:12,23.09,384700,23.13,D
sz000021,深科技,2025-09-22 10:15:15,23.08,174600,23.09,D
sz000021,深科技,2025-09-22 10:15:18,23.06,163100,23.08,E
sz000021,深科技,2025-09-22 10:15:21,23.03,198400,23.06,D
sz000021,深科技,2025-09-22 10:15:24,23.04,155200,23.03,U
sz000021,深科技,2025-09-22 10:15:27,23.04,48100,23.04,U
sz000021,深科技,2025-09-22 10:15:30,23.05,107600,23.04,U
sz000021,深科技,2025-09-22 10:15:33,23.06,97000,23.05,U
sz000021,深科技,2025-09-22 10:15:36,23.02,207800,23.06,D
sz000021,深科技,2025-09-22 10:15:39,23.04,98200,23.02,D
sz000021,深科技,2025-09-22 10:15:42,23.06,257300,23.04,U
sz000021,深科技,2025-09-22 10:15:45,23.05,31200,23.06,D
sz000021,深科技,2025-09-22 10:15:48,23.06,134800,23.05,U
sz000021,深科技,2025-09-22 10:15:51,23.05,114000,23.06,D
sz000021,深科技,2025-09-22 10:15:54,23.06,100100,23.05,U
sz000021,深科技,2025-09-22 10:15:57,23.05,77200,23.06,E
sz000021,深科技,2025-09-22 10:16:00,23.04,175200,23.05,E
sz000021,深科技,2025-09-22 10:16:03,23.05,82400,23.04,U
sz000021,深科技,2025-09-22 10:16:06,23.04,83500,23.05,E
sz000021,深科技,2025-09-22 10:16:09,23.04,91000,23.04,E
sz000021,深科技,2025-09-22 10:16:12,23.06,38200,23.04,U
sz000021,深科技,2025-09-22 10:16:15,23.07,83800,23.06,U
sz000021,深科技,2025-09-22 10:16:18,23.06,95600,23.07,E
sz000021,深科技,2025-09-22 10:16:21,23.06,85700,23.06,U
sz000021,深科技,2025-09-22 10:16:24,23.07,121000,23.06,U
sz000021,深科技,2025-09-22 10:16:27,23.08,143400,23.07,U
sz000021,深科技,2025-09-22 10:16:30,23.11,222400,23.08,U
sz000021,深科技,2025-09-22 10:16:33,23.12,86900,23.11,U
sz000021,深科技,2025-09-22 10:16:36,23.13,64500,23.12,U
sz000021,深科技,2025-09-22 10:16:39,23.13,97200,23.13,E
sz000021,深科技,2025-09-22 10:16:42,23.13,278800,23.13,U
sz000021,深科技,2025-09-22 10:16:45,23.14,926600,23.13,U
sz000021,深科技,2025-09-22 10:16:48,23.14,107100,23.14,U
sz000021,深科技,2025-09-22 10:16:51,23.18,114000,23.14,U
sz000021,深科技,2025-09-22 10:16:54,23.23,501800,23.18,U
sz000021,深科技,2025-09-22 10:16:57,23.23,149300,23.23,U
sz000021,深科技,2025-09-22 10:17:00,23.26,363600,23.23,U
sz000021,深科技,2025-09-22 10:17:03,23.29,86300,23.26,E
sz000021,深科技,2025-09-22 10:17:06,23.29,116600,23.29,U
sz000021,深科技,2025-09-22 10:17:09,23.3,180000,23.29,U
sz000021,深科技,2025-09-22 10:17:12,23.32,157600,23.3,U
sz000021,深科技,2025-09-22 10:17:15,23.33,473500,23.32,U
sz000021,深科技,2025-09-22 10:17:18,23.36,297800,23.33,U
sz000021,深科技,2025-09-22 10:17:21,23.38,188900,23.36,U
sz000021,深科技,2025-09-22 10:17:24,23.43,534400,23.38,U
sz000021,深科技,2025-09-22 10:17:27,23.53,839700,23.43,U
sz000021,深科技,2025-09-22 10:17:30,23.51,142900,23.53,D
sz000021,深科技,2025-09-22 10:17:33,23.48,269400,23.51,D
sz000021,深科技,2025-09-22 10:17:36,23.47,214200,23.48,D
sz000021,深科技,2025-09-22 10:17:39,23.45,194300,23.47,D
sz000021,深科技,2025-09-22 10:17:42,23.47,193100,23.45,U
sz000021,深科技,2025-09-22 10:17:45,23.47,141100,23.47,U
sz000021,深科技,2025-09-22 10:17:48,23.5,246100,23.47,U
sz000021,深科技,2025-09-22 10:17:51,23.51,223400,23.5,U
sz000021,深科技,2025-09-22 10:17:54,23.5,137700,23.51,D
sz000021,深科技,2025-09-22 10:17:57,23.5,263200,23.5,D
sz000021,深科技,2025-09-22 10:18:00,23.47,217300,23.5,D
sz000021,深科技,2025-09-22 10:18:03,23.47,191900,23.47,D
sz000021,深科技,2025-09-22 10:18:06,23.47,333200,23.47,D
sz000021,深科技,2025-09-22 10:18:09,23.46,328200,23.47,E
sz000021,深科技,2025-09-22 10:18:12,23.44,195000,23.46,D
sz000021,深科技,2025-09-22 10:18:15,23.5,274200,23.44,U
sz000021,深科技,2025-09-22 10:18:18,23.49,328500,23.5,D
sz000021,深科技,2025-09-22 10:18:21,23.58,496100,23.49,U
sz000021,深科技,2025-09-22 10:18:24,23.57,583700,23.58,D
sz000021,深科技,2025-09-22 10:18:27,23.58,182100,23.57,U
sz000021,深科技,2025-09-22 10:18:30,23.6,228800,23.58,U
sz000021,深科技,2025-09-22 10:18:33,23.59,234700,23.6,U
sz000021,深科技,2025-09-22 10:18:36,23.53,210800,23.59,D
sz000021,深科技,2025-09-22 10:18:39,23.56,278500,23.53,U
sz000021,深科技,2025-09-22 10:18:42,23.6,512600,23.56,U
sz000021,深科技,2025-09-22 10:18:45,23.58,30000,23.6,D
sz000021,深科技,2025-09-22 10:18:48,23.59,723900,23.58,U
sz000021,深科技,2025-09-22 10:18:51,23.56,190600,23.59,D
sz000021,深科技,2025-09-22 10:18:54,23.56,93800,23.56,D
sz000021,深科技,2025-09-22 10:18:57,23.56,74700,23.56,D
sz000021,深科技,2025-09-22 10:19:00,23.56,511300,23.56,U
sz000021,深科技,2025-09-22 10:19:03,23.58,64500,23.56,U
sz000021,深科技,2025-09-22 10:19:06,23.56,223400,23.58,D
sz000021,深科技,2025-09-22 10:19:09,23.55,100900,23.56,U
sz000021,深科技,2025-09-22 10:19:12,23.49,118900,23.55,D
sz000021,深科技,2025-09-22 10:19:15,23.47,39200,23.49,D
sz000021,深科技,2025-09-22 10:19:18,23.44,91600,23.47,D
sz000021,深科技,2025-09-22 10:19:21,23.44,63200,23.44,U
sz000021,深科技,2025-09-22 10:19:24,23.38,72300,23.44,D
sz000021,深科技,2025-09-22 10:19:27,23.4,173200,23.38,U
sz000021,深科技,2025-09-22 10:19:30,23.43,114700,23.4,U
sz000021,深科技,2025-09-22 10:19:33,23.49,430400,23.43,U
sz000021,深科技,2025-09-22 10:19:36,23.53,241249,23.49,U
sz000021,深科技,2025-09-22 10:19:39,23.53,59351,23.53,D
sz000021,深科技,2025-09-22 10:19:42,23.51,46600,23.53,U
sz000021,深科技,2025-09-22 10:19:45,23.45,95300,23.51,D
sz000021,深科技,2025-09-22 10:19:48,23.5,106800,23.45,U
sz000021,深科技,2025-09-22 10:19:51,23.5,53400,23.5,U
sz000021,深科技,2025-09-22 10:19:54,23.53,152200,23.5,U
sz000021,深科技,2025-09-22 10:19:57,23.51,95600,23.53,D
sz000021,深科技,2025-09-22 10:20:00,23.51,37300,23.51,D
sz000021,深科技,2025-09-22 10:20:03,23.5,63500,23.51,D
sz000021,深科技,2025-09-22 10:20:06,23.47,50000,23.5,D
sz000021,深科技,2025-09-22 10:20:09,23.45,130500,23.47,D
sz000021,深科技,2025-09-22 10:20:12,23.48,84600,23.45,U
sz000021,深科技,2025-09-22 10:20:15,23.54,383400,23.48,U
sz000021,深科技,2025-09-22 10:20:18,23.6,664200,23.54,U
sz000021,深科技,2025-09-22 10:20:21,23.5,133900,23.6,D
sz000021,深科技,2025-09-22 10:20:24,23.49,78100,23.5,D
sz000021,深科技,2025-09-22 10:20:27,23.49,84700,23.49,U
sz000021,深科技,2025-09-22 10:20:30,23.49,40400,23.49,U
sz000021,深科技,2025-09-22 10:20:33,23.49,91100,23.49,U
sz000021,深科技,2025-09-22 10:20:36,23.46,136100,23.49,D
sz000021,深科技,2025-09-22 10:20:39,23.46,63800,23.46,U
sz000021,深科技,2025-09-22 10:20:42,23.44,78900,23.46,D
sz000021,深科技,2025-09-22 10:20:45,23.43,158100,23.44,D
sz000021,深科技,2025-09-22 10:20:48,23.42,294000,23.43,E
sz000021,深科技,2025-09-22 10:20:51,23.4,145000,23.42,D
sz000021,深科技,2025-09-22 10:20:54,23.4,25000,23.4,D
sz000021,深科技,2025-09-22 10:20:57,23.39,28000,23.4,D
sz000021,深科技,2025-09-22 10:21:00,23.38,29300,23.39,D
sz000021,深科技,2025-09-22 10:21:03,23.37,113200,23.38,D
sz000021,深科技,2025-09-22 10:21:06,23.39,117500,23.37,E
sz000021,深科技,2025-09-22 10:21:09,23.41,73600,23.39,U
sz000021,深科技,2025-09-22 10:21:12,23.43,28300,23.41,U
sz000021,深科技,2025-09-22 10:21:15,23.41,19600,23.43,D
sz000021,深科技,2025-09-22 10:21:18,23.39,147200,23.41,D
sz000021,深科技,2025-09-22 10:21:21,23.39,131900,23.39,U
sz000021,深科技,2025-09-22 10:21:24,23.38,16100,23.39,E
sz000021,深科技,2025-09-22 10:21:27,23.36,32800,23.38,D
sz000021,深科技,2025-09-22 10:21:30,23.37,33900,23.36,U
sz000021,深科技,2025-09-22 10:21:33,23.36,29600,23.37,U
sz000021,深科技,2025-09-22 10:21:36,23.35,110400,23.36,D
sz000021,深科技,2025-09-22 10:21:39,23.34,33000,23.35,D
sz000021,深科技,2025-09-22 10:21:42,23.34,40100,23.34,U
sz000021,深科技,2025-09-22 10:21:45,23.34,52100,23.34,D
sz000021,深科技,2025-09-22 10:21:48,23.34,199700,23.34,D
sz000021,深科技,2025-09-22 10:21:51,23.34,40100,23.34,U
sz000021,深科技,2025-09-22 10:21:54,23.33,50500,23.34,E
sz000021,深科技,2025-09-22 10:21:57,23.32,65832,23.33,D
sz000021,深科技,2025-09-22 10:22:00,23.32,81100,23.32,D
sz000021,深科技,2025-09-22 10:22:03,23.34,48100,23.32,U
sz000021,深科技,2025-09-22 10:22:06,23.33,52200,23.34,D
sz000021,深科技,2025-09-22 10:22:09,23.33,37600,23.33,U
sz000021,深科技,2025-09-22 10:22:12,23.32,110468,23.33,D
sz000021,深科技,2025-09-22 10:22:15,23.32,257200,23.32,D
sz000021,深科技,2025-09-22 10:22:18,23.31,41600,23.32,D
sz000021,深科技,2025-09-22 10:22:21,23.33,199900,23.31,U
sz000021,深科技,2025-09-22 10:22:24,23.33,43132,23.33,U
sz000021,深科技,2025-09-22 10:22:27,23.35,41800,23.33,E
sz000021,深科技,2025-09-22 10:22:30,23.36,38600,23.35,U
sz000021,深科技,2025-09-22 10:22:33,23.36,31800,23.36,D
sz000021,深科技,2025-09-22 10:22:36,23.35,69100,23.36,D
sz000021,深科技,2025-09-22 10:22:39,23.36,27500,23.35,U
sz000021,深科技,2025-09-22 10:22:42,23.36,50600,23.36,U
sz000021,深科技,2025-09-22 10:22:45,23.36,80400,23.36,D
sz000021,深科技,2025-09-22 10:22:48,23.35,73400,23.36,D
sz000021,深科技,2025-09-22 10:22:51,23.33,115400,23.35,D
sz000021,深科技,2025-09-22 10:22:54,23.33,90500,23.33,D
sz000021,深科技,2025-09-22 10:22:57,23.33,47300,23.33,U
sz000021,深科技,2025-09-22 10:23:00,23.36,38400,23.33,U
sz000021,深科技,2025-09-22 10:23:03,23.4,93400,23.36,U
sz000021,深科技,2025-09-22 10:23:06,23.39,26200,23.4,D
sz000021,深科技,2025-09-22 10:23:09,23.4,23300,23.39,E
sz000021,深科技,2025-09-22 10:23:12,23.42,21100,23.4,U
sz000021,深科技,2025-09-22 10:23:15,23.44,21600,23.42,U
sz000021,深科技,2025-09-22 10:23:18,23.4,65700,23.44,D
sz000021,深科技,2025-09-22 10:23:21,23.42,21500,23.4,U
sz000021,深科技,2025-09-22 10:23:24,23.42,56500,23.42,D
sz000021,深科技,2025-09-22 10:23:27,23.42,36500,23.42,U
sz000021,深科技,2025-09-22 10:23:30,23.4,97800,23.42,D
sz000021,深科技,2025-09-22 10:23:33,23.38,26950,23.4,E
sz000021,深科技,2025-09-22 10:23:36,23.34,22400,23.38,D
sz000021,深科技,2025-09-22 10:23:39,23.34,47400,23.34,D
sz000021,深科技,2025-09-22 10:23:42,23.34,23300,23.34,D
sz000021,深科技,2025-09-22 10:23:48,23.35,16100,23.35,D
sz000021,深科技,2025-09-22 10:23:51,23.34,46200,23.35,D
sz000021,深科技,2025-09-22 10:23:54,23.35,32400,23.34,U
sz000021,深科技,2025-09-22 10:23:57,23.34,31900,23.35,D
sz000021,深科技,2025-09-22 10:24:00,23.35,16100,23.34,U
sz000021,深科技,2025-09-22 10:24:03,23.34,19400,23.35,D
sz000021,深科技,2025-09-22 10:24:06,23.34,15000,23.34,U
sz000021,深科技,2025-09-22 10:24:09,23.31,83900,23.34,D
sz000021,深科技,2025-09-22 10:24:12,23.31,123400,23.31,U
sz000021,深科技,2025-09-22 10:24:15,23.29,59200,23.31,D
sz000021,深科技,2025-09-22 10:24:18,23.26,25800,23.29,D
sz000021,深科技,2025-09-22 10:24:21,23.25,27600,23.26,D
sz000021,深科技,2025-09-22 10:24:24,23.23,60100,23.25,D
sz000021,深科技,2025-09-22 10:24:27,23.22,57500,23.23,D
sz000021,深科技,2025-09-22 10:24:30,23.23,44800,23.22,E
sz000021,深科技,2025-09-22 10:24:33,23.21,107000,23.23,D
sz000021,深科技,2025-09-22 10:24:36,23.22,12400,23.21,U
sz000021,深科技,2025-09-22 10:24:39,23.21,27800,23.22,D
sz000021,深科技,2025-09-22 10:24:42,23.2,42300,23.21,D
sz000021,深科技,2025-09-22 10:24:45,23.21,50800,23.2,U
sz000021,深科技,2025-09-22 10:24:48,23.2,9500,23.21,D
sz000021,深科技,2025-09-22 10:24:51,23.22,37300,23.2,U
sz000021,深科技,2025-09-22 10:24:54,23.21,30000,23.22,D
sz000021,深科技,2025-09-22 10:24:57,23.23,35900,23.21,U
sz000021,深科技,2025-09-22 10:25:00,23.23,17800,23.23,U
sz000021,深科技,2025-09-22 10:25:03,23.22,15100,23.23,D
sz000021,深科技,2025-09-22 10:25:09,23.23,16100,23.22,D
sz000021,深科技,2025-09-22 10:25:12,23.23,30500,23.23,D
sz000021,深科技,2025-09-22 10:25:15,23.23,11800,23.23,U
sz000021,深科技,2025-09-22 10:25:18,23.23,10400,23.23,U
sz000021,深科技,2025-09-22 10:25:21,23.23,52300,23.23,U
sz000021,深科技,2025-09-22 10:25:24,23.23,36900,23.23,U
sz000021,深科技,2025-09-22 10:25:27,23.24,19000,23.23,U
sz000021,深科技,2025-09-22 10:25:30,23.24,8900,23.24,U
sz000021,深科技,2025-09-22 10:25:33,23.24,13300,23.24,U
sz000021,深科技,2025-09-22 10:25:36,23.24,29300,23.24,U
sz000021,深科技,2025-09-22 10:25:39,23.23,33000,23.24,D
sz000021,深科技,2025-09-22 10:25:42,23.23,44000,23.23,U
sz000021,深科技,2025-09-22 10:25:45,23.22,32700,23.23,D
sz000021,深科技,2025-09-22 10:25:48,23.21,82800,23.22,D
sz000021,深科技,2025-09-22 10:25:51,23.21,37800,23.21,U
sz000021,深科技,2025-09-22 10:25:54,23.21,12200,23.21,U
sz000021,深科技,2025-09-22 10:25:57,23.19,26900,23.21,D
sz000021,深科技,2025-09-22 10:26:00,23.19,29100,23.19,D
sz000021,深科技,2025-09-22 10:26:03,23.2,28000,23.19,D
sz000021,深科技,2025-09-22 10:26:09,23.2,19800,23.2,D
sz000021,深科技,2025-09-22 10:26:12,23.21,15200,23.2,U
sz000021,深科技,2025-09-22 10:26:15,23.2,16900,23.21,D
sz000021,深科技,2025-09-22 10:26:18,23.21,15700,23.2,U
sz000021,深科技,2025-09-22 10:26:21,23.21,14500,23.21,U
sz000021,深科技,2025-09-22 10:26:24,23.21,24600,23.21,U
sz000021,深科技,2025-09-22 10:26:27,23.2,45200,23.21,D
sz000021,深科技,2025-09-22 10:26:30,23.19,39100,23.2,D
sz000021,深科技,2025-09-22 10:26:33,23.19,39700,23.19,U
sz000021,深科技,2025-09-22 10:26:39,23.18,18100,23.19,D
sz000021,深科技,2025-09-22 10:26:42,23.19,24600,23.18,U
sz000021,深科技,2025-09-22 10:26:45,23.18,11800,23.19,D
sz000021,深科技,2025-09-22 10:26:48,23.18,42600,23.18,D
sz000021,深科技,2025-09-22 10:26:51,23.18,27700,23.18,D
sz000021,深科技,2025-09-22 10:26:54,23.18,22400,23.18,D
sz000021,深科技,2025-09-22 10:26:57,23.2,35700,23.18,U
sz000021,深科技,2025-09-22 10:27:00,23.19,69068,23.2,U
sz000021,深科技,2025-09-22 10:27:03,23.2,44600,23.19,U
sz000021,深科技,2025-09-22 10:27:06,23.2,27800,23.2,U
sz000021,深科技,2025-09-22 10:27:09,23.22,13400,23.2,U
sz000021,深科技,2025-09-22 10:27:12,23.22,27700,23.22,U
sz000021,深科技,2025-09-22 10:27:15,23.23,14400,23.22,U
sz000021,深科技,2025-09-22 10:27:21,23.26,39500,23.24,U
sz000021,深科技,2025-09-22 10:27:27,23.28,10200,23.24,U
sz000021,深科技,2025-09-22 10:27:30,23.28,16000,23.28,U
sz000021,深科技,2025-09-22 10:27:33,23.3,22500,23.28,U
sz000021,深科技,2025-09-22 10:27:36,23.31,31000,23.3,U
sz000021,深科技,2025-09-22 10:27:42,23.28,148300,23.32,D
sz000021,深科技,2025-09-22 10:27:45,23.31,48800,23.28,U
sz000021,深科技,2025-09-22 10:27:48,23.32,38000,23.31,U
sz000021,深科技,2025-09-22 10:27:51,23.32,46300,23.32,U
sz000021,深科技,2025-09-22 10:27:54,23.32,24100,23.32,D
sz000021,深科技,2025-09-22 10:27:57,23.32,10400,23.32,D
sz000021,深科技,2025-09-22 10:28:00,23.32,44300,23.32,U
sz000021,深科技,2025-09-22 10:28:03,23.3,19700,23.32,D
sz000021,深科技,2025-09-22 10:28:06,23.31,20100,23.3,U
sz000021,深科技,2025-09-22 10:28:09,23.3,36000,23.31,E
sz000021,深科技,2025-09-22 10:28:12,23.31,24600,23.3,U
sz000021,深科技,2025-09-22 10:28:15,23.31,13800,23.31,D
sz000021,深科技,2025-09-22 10:28:18,23.31,23700,23.31,D
sz000021,深科技,2025-09-22 10:28:21,23.32,13000,23.31,U
sz000021,深科技,2025-09-22 10:28:24,23.32,29000,23.32,U
sz000021,深科技,2025-09-22 10:28:27,23.32,14900,23.32,U
sz000021,深科技,2025-09-22 10:28:30,23.32,11600,23.32,U
sz000021,深科技,2025-09-22 10:28:33,23.3,89700,23.32,D
sz000021,深科技,2025-09-22 10:28:36,23.3,43200,23.3,U
sz000021,深科技,2025-09-22 10:28:39,23.3,19400,23.3,U
sz000021,深科技,2025-09-22 10:28:42,23.28,12100,23.3,D
sz000021,深科技,2025-09-22 10:28:48,23.27,13400,23.28,D
sz000021,深科技,2025-09-22 10:28:54,23.25,20200,23.27,D
sz000021,深科技,2025-09-22 10:28:57,23.26,25211,23.25,U
sz000021,深科技,2025-09-22 10:29:00,23.25,12800,23.26,D
sz000021,深科技,2025-09-22 10:29:03,23.23,129889,23.25,D
sz000021,深科技,2025-09-22 10:29:06,23.22,13300,23.23,D
sz000021,深科技,2025-09-22 10:29:09,23.22,45300,23.22,D
sz000021,深科技,2025-09-22 10:29:12,23.22,17500,23.22,U
sz000021,深科技,2025-09-22 10:29:15,23.2,12100,23.22,D
sz000021,深科技,2025-09-22 10:29:18,23.22,34100,23.2,U
sz000021,深科技,2025-09-22 10:29:21,23.25,57500,23.22,U
sz000021,深科技,2025-09-22 10:29:24,23.25,29700,23.25,D
sz000021,深科技,2025-09-22 10:29:27,23.22,21500,23.25,D
sz000021,深科技,2025-09-22 10:29:30,23.25,8700,23.22,U
sz000021,深科技,2025-09-22 10:29:33,23.25,14700,23.25,U
sz000021,深科技,2025-09-22 10:29:42,23.23,11000,23.24,D
sz000021,深科技,2025-09-22 10:29:45,23.24,12700,23.23,U
sz000021,深科技,2025-09-22 10:29:48,23.25,12700,23.24,U
sz000021,深科技,2025-09-22 10:29:51,23.25,31500,23.25,U
sz000021,深科技,2025-09-22 10:29:54,23.25,55300,23.25,D
sz000021,深科技,2025-09-22 10:30:00,23.24,19500,23.24,D
sz000021,深科技,2025-09-22 10:30:03,23.23,80600,23.24,D
sz000021,深科技,2025-09-22 10:30:12,23.23,10100,23.23,U
sz000021,深科技,2025-09-22 10:30:15,23.24,17500,23.23,U
sz000021,深科技,2025-09-22 10:30:21,23.23,11500,23.23,U
sz000021,深科技,2025-09-22 10:30:24,23.23,25600,23.23,U
sz000021,深科技,2025-09-22 10:30:27,23.22,15200,23.23,D
sz000021,深科技,2025-09-22 10:30:30,23.21,34200,23.22,D
sz000021,深科技,2025-09-22 10:30:33,23.19,128900,23.21,D
sz000021,深科技,2025-09-22 10:30:36,23.18,22600,23.19,D
sz000021,深科技,2025-09-22 10:30:39,23.17,9000,23.18,D
sz000021,深科技,2025-09-22 10:30:45,23.19,24600,23.18,U
sz000021,深科技,2025-09-22 10:30:48,23.2,11200,23.19,U
sz000021,深科技,2025-09-22 10:30:51,23.19,10500,23.2,D
sz000021,深科技,2025-09-22 10:30:54,23.2,21200,23.19,U
sz000021,深科技,2025-09-22 10:31:00,23.19,44400,23.19,U
sz000021,深科技,2025-09-22 10:31:06,23.21,67400,23.19,U
sz000021,深科技,2025-09-22 10:31:09,23.21,16200,23.21,U
sz000021,深科技,2025-09-22 10:31:12,23.21,10900,23.21,U
sz000021,深科技,2025-09-22 10:31:18,23.2,12200,23.21,D
sz000021,深科技,2025-09-22 10:31:21,23.22,40000,23.2,U
sz000021,深科技,2025-09-22 10:31:24,23.21,12300,23.22,U
sz000021,深科技,2025-09-22 10:31:27,23.2,12600,23.21,D
sz000021,深科技,2025-09-22 10:31:30,23.21,11400,23.2,U
sz000021,深科技,2025-09-22 10:31:33,23.21,23200,23.21,U
sz000021,深科技,2025-09-22 10:31:36,23.22,14000,23.21,U
sz000021,深科技,2025-09-22 10:31:39,23.22,93800,23.22,D
sz000021,深科技,2025-09-22 10:31:45,23.23,9600,23.22,U
sz000021,深科技,2025-09-22 10:31:48,23.22,10800,23.23,D
sz000021,深科技,2025-09-22 10:31:51,23.22,21100,23.22,D
sz000021,深科技,2025-09-22 10:31:54,23.22,78500,23.22,D
sz000021,深科技,2025-09-22 10:31:57,23.21,57800,23.22,D
sz000021,深科技,2025-09-22 10:32:00,23.21,18600,23.21,U
sz000021,深科技,2025-09-22 10:32:03,23.19,40600,23.21,D
sz000021,深科技,2025-09-22 10:32:06,23.18,39200,23.19,D
sz000021,深科技,2025-09-22 10:32:09,23.18,43400,23.18,D
sz000021,深科技,2025-09-22 10:32:12,23.17,38600,23.18,D
sz000021,深科技,2025-09-22 10:32:15,23.16,28300,23.17,D
sz000021,深科技,2025-09-22 10:32:18,23.17,19900,23.16,U
sz000021,深科技,2025-09-22 10:32:21,23.17,61000,23.17,U
sz000021,深科技,2025-09-22 10:32:24,23.17,27400,23.17,U
sz000021,深科技,2025-09-22 10:32:27,23.2,77500,23.17,U
sz000021,深科技,2025-09-22 10:32:30,23.19,21900,23.2,D
sz000021,深科技,2025-09-22 10:32:33,23.19,103100,23.19,D
sz000021,深科技,2025-09-22 10:32:36,23.17,22900,23.19,D
sz000021,深科技,2025-09-22 10:32:39,23.18,29900,23.17,D
sz000021,深科技,2025-09-22 10:32:42,23.16,10700,23.18,D
sz000021,深科技,2025-09-22 10:32:48,23.17,43000,23.17,U
sz000021,深科技,2025-09-22 10:32:51,23.15,47600,23.17,D
sz000021,深科技,2025-09-22 10:32:54,23.16,12100,23.15,U
sz000021,深科技,2025-09-22 10:32:57,23.14,55900,23.16,D
sz000021,深科技,2025-09-22 10:33:00,23.18,45000,23.14,U
sz000021,深科技,2025-09-22 10:33:03,23.18,213200,23.18,D
sz000021,深科技,2025-09-22 10:33:06,23.18,49400,23.18,D
sz000021,深科技,2025-09-22 10:33:09,23.21,25900,23.18,U
sz000021,深科技,2025-09-22 10:33:12,23.21,12000,23.21,U
sz000021,深科技,2025-09-22 10:33:15,23.2,96500,23.21,D
sz000021,深科技,2025-09-22 10:33:18,23.21,27100,23.2,E
sz000021,深科技,2025-09-22 10:33:21,23.2,21700,23.21,D
sz000021,深科技,2025-09-22 10:33:24,23.2,11600,23.2,U
sz000021,深科技,2025-09-22 10:33:27,23.2,19100,23.2,U
sz000021,深科技,2025-09-22 10:33:30,23.19,29300,23.2,D
sz000021,深科技,2025-09-22 10:33:33,23.2,15100,23.19,U
sz000021,深科技,2025-09-22 10:33:39,23.2,13400,23.2,U
sz000021,深科技,2025-09-22 10:33:45,23.2,25900,23.2,D
sz000021,深科技,2025-09-22 10:33:48,23.2,21800,23.2,U
sz000021,深科技,2025-09-22 10:33:51,23.19,77400,23.2,D
sz000021,深科技,2025-09-22 10:33:54,23.19,20100,23.19,U
sz000021,深科技,2025-09-22 10:34:06,23.21,10500,23.21,U
sz000021,深科技,2025-09-22 10:34:18,23.22,42700,23.22,U
sz000021,深科技,2025-09-22 10:34:21,23.22,9300,23.22,D
sz000021,深科技,2025-09-22 10:34:24,23.23,15500,23.22,U
sz000021,深科技,2025-09-22 10:34:36,23.24,9600,23.23,U
sz000021,深科技,2025-09-22 10:34:42,23.24,11900,23.24,U
sz000021,深科技,2025-09-22 10:34:45,23.23,61899,23.24,D
sz000021,深科技,2025-09-22 10:34:48,23.24,39701,23.23,U
sz000021,深科技,2025-09-22 10:34:51,23.24,52300,23.24,D
sz000021,深科技,2025-09-22 10:34:54,23.24,43499,23.24,D
sz000021,深科技,2025-09-22 10:34:57,23.23,28500,23.24,D
sz000021,深科技,2025-09-22 10:35:00,23.24,17700,23.23,U
sz000021,深科技,2025-09-22 10:35:03,23.22,78700,23.24,D
sz000021,深科技,2025-09-22 10:35:06,23.23,32600,23.22,U
sz000021,深科技,2025-09-22 10:35:09,23.24,16600,23.23,U
sz000021,深科技,2025-09-22 10:35:12,23.23,14200,23.24,D
sz000021,深科技,2025-09-22 10:35:15,23.23,45600,23.23,D
sz000021,深科技,2025-09-22 10:35:18,23.24,10000,23.23,E
sz000021,深科技,2025-09-22 10:35:27,23.25,11100,23.25,U
sz000021,深科技,2025-09-22 10:35:30,23.27,38300,23.25,U
sz000021,深科技,2025-09-22 10:35:33,23.28,9900,23.27,U
sz000021,深科技,2025-09-22 10:35:36,23.28,8600,23.28,U
sz000021,深科技,2025-09-22 10:35:39,23.29,9600,23.28,U
sz000021,深科技,2025-09-22 10:35:45,23.29,55800,23.28,U
sz000021,深科技,2025-09-22 10:35:48,23.29,10000,23.29,D
sz000021,深科技,2025-09-22 10:35:51,23.3,18700,23.29,U
sz000021,深科技,2025-09-22 10:35:54,23.29,63200,23.3,D
sz000021,深科技,2025-09-22 10:35:57,23.28,36400,23.29,D
sz000021,深科技,2025-09-22 10:36:00,23.3,40900,23.28,U
sz000021,深科技,2025-09-22 10:36:03,23.28,35500,23.3,D
sz000021,深科技,2025-09-22 10:36:06,23.3,54700,23.28,U
sz000021,深科技,2025-09-22 10:36:09,23.3,21200,23.3,U
sz000021,深科技,2025-09-22 10:36:12,23.3,19100,23.3,U
sz000021,深科技,2025-09-22 10:36:15,23.3,24600,23.3,U
sz000021,深科技,2025-09-22 10:36:18,23.29,20300,23.3,D
sz000021,深科技,2025-09-22 10:36:21,23.3,9500,23.29,U
sz000021,深科技,2025-09-22 10:36:24,23.3,14400,23.3,U
sz000021,深科技,2025-09-22 10:36:27,23.29,55200,23.3,D
sz000021,深科技,2025-09-22 10:36:30,23.29,14700,23.29,U
sz000021,深科技,2025-09-22 10:36:33,23.28,63200,23.29,D
sz000021,深科技,2025-09-22 10:36:36,23.28,66100,23.28,U
sz000021,深科技,2025-09-22 10:36:39,23.26,15800,23.28,D
sz000021,深科技,2025-09-22 10:36:45,23.28,9100,23.28,U
sz000021,深科技,2025-09-22 10:36:51,23.29,67400,23.29,U
sz000021,深科技,2025-09-22 10:36:54,23.29,37800,23.29,U
sz000021,深科技,2025-09-22 10:36:57,23.3,12300,23.29,U
sz000021,深科技,2025-09-22 10:37:00,23.3,13000,23.3,U
sz000021,深科技,2025-09-22 10:37:03,23.29,12700,23.3,D
sz000021,深科技,2025-09-22 10:37:06,23.29,9700,23.29,U
sz000021,深科技,2025-09-22 10:37:09,23.29,20300,23.29,U
sz000021,深科技,2025-09-22 10:37:12,23.3,14600,23.29,U
sz000021,深科技,2025-09-22 10:37:15,23.29,18500,23.3,D
sz000021,深科技,2025-09-22 10:37:18,23.28,11400,23.29,D
sz000021,深科技,2025-09-22 10:37:21,23.29,13400,23.28,U
sz000021,深科技,2025-09-22 10:37:24,23.28,16800,23.29,D
sz000021,深科技,2025-09-22 10:37:30,23.29,10300,23.28,U
sz000021,深科技,2025-09-22 10:37:33,23.29,12700,23.29,U
sz000021,深科技,2025-09-22 10:37:36,23.28,14200,23.29,D
sz000021,深科技,2025-09-22 10:37:42,23.28,10700,23.29,D
sz000021,深科技,2025-09-22 10:37:45,23.29,29500,23.28,U
sz000021,深科技,2025-09-22 10:37:48,23.28,13400,23.29,U
sz000021,深科技,2025-09-22 10:37:51,23.27,18000,23.28,D
sz000021,深科技,2025-09-22 10:37:54,23.28,31900,23.27,U
sz000021,深科技,2025-09-22 10:37:57,23.27,15300,23.28,E
sz000021,深科技,2025-09-22 10:38:03,23.27,24500,23.28,D
sz000021,深科技,2025-09-22 10:38:06,23.27,12500,23.27,D
sz000021,深科技,2025-09-22 10:38:09,23.27,10500,23.27,U
sz000021,深科技,2025-09-22 10:38:12,23.27,8900,23.27,D
sz000021,深科技,2025-09-22 10:38:15,23.27,10300,23.27,U
sz000021,深科技,2025-09-22 10:38:18,23.28,30500,23.27,U
sz000021,深科技,2025-09-22 10:38:21,23.29,19000,23.28,U
sz000021,深科技,2025-09-22 10:38:24,23.29,14800,23.29,U
sz000021,深科技,2025-09-22 10:38:27,23.28,19600,23.29,D
sz000021,深科技,2025-09-22 10:38:33,23.29,12300,23.28,U
sz000021,深科技,2025-09-22 10:38:36,23.29,20500,23.29,U
sz000021,深科技,2025-09-22 10:38:39,23.28,9700,23.29,D
sz000021,深科技,2025-09-22 10:38:42,23.28,12200,23.28,U
sz000021,深科技,2025-09-22 10:38:45,23.29,9000,23.28,U
sz000021,深科技,2025-09-22 10:38:51,23.28,21800,23.28,D
sz000021,深科技,2025-09-22 10:38:54,23.29,11700,23.28,U
sz000021,深科技,2025-09-22 10:39:03,23.27,57400,23.3,D
sz000021,深科技,2025-09-22 10:39:06,23.27,34700,23.27,D
sz000021,深科技,2025-09-22 10:39:09,23.28,21900,23.27,U
sz000021,深科技,2025-09-22 10:39:12,23.28,12000,23.28,E
sz000021,深科技,2025-09-22 10:39:15,23.28,12000,23.28,U
sz000021,深科技,2025-09-22 10:39:18,23.29,9000,23.28,U
sz000021,深科技,2025-09-22 10:39:27,23.28,14000,23.29,D
sz000021,深科技,2025-09-22 10:39:30,23.27,13100,23.28,D
sz000021,深科技,2025-09-22 10:39:33,23.27,11800,23.27,U
sz000021,深科技,2025-09-22 10:39:36,23.26,12600,23.27,D
sz000021,深科技,2025-09-22 10:39:42,23.25,15500,23.26,D
sz000021,深科技,2025-09-22 10:39:45,23.25,13500,23.25,D
sz000021,深科技,2025-09-22 10:39:48,23.29,20500,23.25,U
sz000021,深科技,2025-09-22 10:39:54,23.27,21100,23.28,E
sz000021,深科技,2025-09-22 10:40:00,23.27,9100,23.26,U
sz000021,深科技,2025-09-22 10:40:06,23.27,10800,23.27,U
sz000021,深科技,2025-09-22 10:40:12,23.27,8700,23.28,D
sz000021,深科技,2025-09-22 10:40:15,23.25,35000,23.27,D
sz000021,深科技,2025-09-22 10:40:18,23.23,93200,23.25,D
sz000021,深科技,2025-09-22 10:40:21,23.21,49800,23.23,D
sz000021,深科技,2025-09-22 10:40:24,23.2,65500,23.21,D
sz000021,深科技,2025-09-22 10:40:27,23.19,21900,23.2,D
sz000021,深科技,2025-09-22 10:40:30,23.2,12400,23.19,U
sz000021,深科技,2025-09-22 10:40:36,23.17,48200,23.2,D
sz000021,深科技,2025-09-22 10:40:39,23.2,19700,23.17,U
sz000021,深科技,2025-09-22 10:40:42,23.2,8900,23.2,U
sz000021,深科技,2025-09-22 10:40:45,23.21,8700,23.2,U
sz000021,深科技,2025-09-22 10:40:51,23.19,18000,23.21,D
sz000021,深科技,2025-09-22 10:40:54,23.2,21600,23.19,U
sz000021,深科技,2025-09-22 10:40:57,23.19,19200,23.2,D
sz000021,深科技,2025-09-22 10:41:00,23.21,14200,23.19,U
sz000021,深科技,2025-09-22 10:41:03,23.2,12000,23.21,D
sz000021,深科技,2025-09-22 10:41:12,23.2,13300,23.2,D
sz000021,深科技,2025-09-22 10:41:15,23.2,11300,23.2,U
sz000021,深科技,2025-09-22 10:41:18,23.19,8900,23.2,E
sz000021,深科技,2025-09-22 10:41:21,23.19,11100,23.19,U
sz000021,深科技,2025-09-22 10:41:24,23.2,11800,23.19,U
sz000021,深科技,2025-09-22 10:41:30,23.2,9000,23.19,U
sz000021,深科技,2025-09-22 10:41:36,23.19,11700,23.2,D
sz000021,深科技,2025-09-22 10:41:45,23.19,15700,23.2,D
sz000021,深科技,2025-09-22 10:41:54,23.19,12100,23.2,D
sz000021,深科技,2025-09-22 10:41:57,23.18,9000,23.19,D
sz000021,深科技,2025-09-22 10:42:00,23.19,28400,23.18,U
sz000021,深科技,2025-09-22 10:42:06,23.18,8700,23.19,E
sz000021,深科技,2025-09-22 10:42:09,23.19,50600,23.18,U
sz000021,深科技,2025-09-22 10:42:21,23.23,58900,23.2,U
sz000021,深科技,2025-09-22 10:42:27,23.2,13400,23.22,D
sz000021,深科技,2025-09-22 10:42:33,23.22,9500,23.22,U
sz000021,深科技,2025-09-22 10:42:39,23.21,11300,23.23,D
sz000021,深科技,2025-09-22 10:42:42,23.2,34400,23.21,D
sz000021,深科技,2025-09-22 10:42:45,23.2,64300,23.2,D
sz000021,深科技,2025-09-22 10:42:51,23.19,13400,23.19,U
sz000021,深科技,2025-09-22 10:42:54,23.18,31700,23.19,D
sz000021,深科技,2025-09-22 10:42:57,23.17,47400,23.18,E
sz000021,深科技,2025-09-22 10:43:00,23.17,23000,23.17,U
sz000021,深科技,2025-09-22 10:43:03,23.16,60800,23.17,U
sz000021,深科技,2025-09-22 10:43:06,23.16,10100,23.16,U
sz000021,深科技,2025-09-22 10:43:09,23.15,15200,23.16,D
sz000021,深科技,2025-09-22 10:43:12,23.16,10000,23.15,U
sz000021,深科技,2025-09-22 10:43:18,23.16,9700,23.16,D
sz000021,深科技,2025-09-22 10:43:21,23.16,11400,23.16,U
sz000021,深科技,2025-09-22 10:43:24,23.16,9200,23.16,D
sz000021,深科技,2025-09-22 10:43:30,23.16,9400,23.16,D
sz000021,深科技,2025-09-22 10:43:33,23.16,26800,23.16,D
sz000021,深科技,2025-09-22 10:43:39,23.17,21900,23.17,U
sz000021,深科技,2025-09-22 10:43:45,23.16,9300,23.17,D
sz000021,深科技,2025-09-22 10:43:54,23.17,22600,23.16,D
sz000021,深科技,2025-09-22 10:44:03,23.18,20200,23.18,U
sz000021,深科技,2025-09-22 10:44:12,23.19,14000,23.18,U
sz000021,深科技,2025-09-22 10:44:27,23.19,57400,23.19,D
sz000021,深科技,2025-09-22 10:44:33,23.19,14900,23.2,D
sz000021,深科技,2025-09-22 10:44:36,23.18,17600,23.19,D
sz000021,深科技,2025-09-22 10:44:39,23.15,160200,23.18,D
sz000021,深科技,2025-09-22 10:44:42,23.14,27500,23.15,D
sz000021,深科技,2025-09-22 10:44:45,23.12,35200,23.14,D
sz000021,深科技,2025-09-22 10:44:48,23.12,29000,23.12,D
sz000021,深科技,2025-09-22 10:44:51,23.12,17000,23.12,D
sz000021,深科技,2025-09-22 10:44:54,23.13,82900,23.12,U
sz000021,深科技,2025-09-22 10:44:57,23.12,18000,23.13,D
sz000021,深科技,2025-09-22 10:45:03,23.12,10000,23.12,U
sz000021,深科技,2025-09-22 10:45:06,23.12,23500,23.12,U
sz000021,深科技,2025-09-22 10:45:15,23.12,60400,23.13,D
sz000021,深科技,2025-09-22 10:45:18,23.12,27900,23.12,D
sz000021,深科技,2025-09-22 10:45:27,23.13,17400,23.13,D
sz000021,深科技,2025-09-22 10:45:36,23.13,10300,23.13,U
sz000021,深科技,2025-09-22 10:45:42,23.13,36000,23.13,D
sz000021,深科技,2025-09-22 10:45:45,23.13,10700,23.13,D
sz000021,深科技,2025-09-22 10:45:48,23.12,61300,23.13,D
sz000021,深科技,2025-09-22 10:45:54,23.12,38700,23.13,D
sz000021,深科技,2025-09-22 10:46:00,23.12,14800,23.12,U
sz000021,深科技,2025-09-22 10:46:03,23.12,12500,23.12,D
sz000021,深科技,2025-09-22 10:46:06,23.12,34600,23.12,D
sz000021,深科技,2025-09-22 10:46:09,23.13,23300,23.12,U
sz000021,深科技,2025-09-22 10:46:12,23.13,10900,23.13,U
sz000021,深科技,2025-09-22 10:46:15,23.12,23600,23.13,D
sz000021,深科技,2025-09-22 10:46:18,23.14,36300,23.12,U
sz000021,深科技,2025-09-22 10:46:36,23.17,11400,23.17,D
sz000021,深科技,2025-09-22 10:46:51,23.17,17200,23.18,D
sz000021,深科技,2025-09-22 10:46:54,23.16,28100,23.17,D
sz000021,深科技,2025-09-22 10:46:57,23.18,57800,23.16,U
sz000021,深科技,2025-09-22 10:47:03,23.14,14700,23.15,D
sz000021,深科技,2025-09-22 10:47:06,23.15,18500,23.14,U
sz000021,深科技,2025-09-22 10:47:09,23.14,30200,23.15,U
sz000021,深科技,2025-09-22 10:47:12,23.12,92000,23.14,D
sz000021,深科技,2025-09-22 10:47:15,23.11,8800,23.12,D
sz000021,深科技,2025-09-22 10:47:18,23.1,77200,23.11,D
sz000021,深科技,2025-09-22 10:47:21,23.11,14800,23.1,U
sz000021,深科技,2025-09-22 10:47:24,23.1,11900,23.11,D
sz000021,深科技,2025-09-22 10:47:27,23.1,32900,23.1,D
sz000021,深科技,2025-09-22 10:47:30,23.1,64200,23.1,D
sz000021,深科技,2025-09-22 10:47:36,23.1,11200,23.09,U
sz000021,深科技,2025-09-22 10:47:42,23.08,8900,23.1,D
sz000021,深科技,2025-09-22 10:47:45,23.1,10100,23.08,U
sz000021,深科技,2025-09-22 10:47:51,23.1,12100,23.09,U
sz000021,深科技,2025-09-22 10:47:54,23.09,47900,23.1,D
sz000021,深科技,2025-09-22 10:48:03,23.09,9000,23.08,U
sz000021,深科技,2025-09-22 10:48:06,23.1,20400,23.09,U
sz000021,深科技,2025-09-22 10:48:09,23.1,22500,23.1,U
sz000021,深科技,2025-09-22 10:48:15,23.09,18400,23.09,U
sz000021,深科技,2025-09-22 10:48:24,23.09,15100,23.09,U
sz000021,深科技,2025-09-22 10:48:33,23.09,26500,23.09,U
sz000021,深科技,2025-09-22 10:48:36,23.09,9100,23.09,D
sz000021,深科技,2025-09-22 10:48:39,23.09,9500,23.09,D
sz000021,深科技,2025-09-22 10:48:42,23.09,27000,23.09,D
sz000021,深科技,2025-09-22 10:48:45,23.09,12100,23.09,D
sz000021,深科技,2025-09-22 10:48:54,23.08,8800,23.08,D
sz000021,深科技,2025-09-22 10:48:57,23.08,21400,23.08,D
sz000021,深科技,2025-09-22 10:49:03,23.08,10300,23.09,D
sz000021,深科技,2025-09-22 10:49:06,23.09,54200,23.08,U
sz000021,深科技,2025-09-22 10:49:09,23.08,9400,23.09,D
sz000021,深科技,2025-09-22 10:49:12,23.1,46000,23.08,U
sz000021,深科技,2025-09-22 10:49:18,23.07,13500,23.08,D
sz000021,深科技,2025-09-22 10:49:21,23.08,8800,23.07,U
sz000021,深科技,2025-09-22 10:49:24,23.07,15300,23.08,E
sz000021,深科技,2025-09-22 10:49:36,23.07,10700,23.07,U
sz000021,深科技,2025-09-22 10:49:39,23.07,16900,23.07,D
sz000021,深科技,2025-09-22 10:49:48,23.07,39200,23.08,D
sz000021,深科技,2025-09-22 10:49:51,23.09,89600,23.07,U
sz000021,深科技,2025-09-22 10:49:54,23.08,14900,23.09,D
sz000021,深科技,2025-09-22 10:49:57,23.08,18400,23.08,D
sz000021,深科技,2025-09-22 10:50:03,23.13,44200,23.09,U
sz000021,深科技,2025-09-22 10:50:15,23.11,11600,23.12,D
sz000021,深科技,2025-09-22 10:50:18,23.1,30100,23.11,D
sz000021,深科技,2025-09-22 10:50:21,23.09,68100,23.1,D
sz000021,深科技,2025-09-22 10:50:24,23.08,50700,23.09,D
sz000021,深科技,2025-09-22 10:50:27,23.07,21400,23.08,D
sz000021,深科技,2025-09-22 10:50:30,23.08,12700,23.07,U
sz000021,深科技,2025-09-22 10:50:33,23.07,17900,23.08,D
sz000021,深科技,2025-09-22 10:50:36,23.07,22200,23.07,D
sz000021,深科技,2025-09-22 10:50:39,23.07,68600,23.07,D
sz000021,深科技,2025-09-22 10:50:42,23.07,12100,23.07,U
sz000021,深科技,2025-09-22 10:50:48,23.08,17600,23.08,U
sz000021,深科技,2025-09-22 10:50:51,23.09,15800,23.08,U
sz000021,深科技,2025-09-22 10:50:54,23.08,24400,23.09,D
sz000021,深科技,2025-09-22 10:50:57,23.08,16800,23.08,D
sz000021,深科技,2025-09-22 10:51:00,23.09,16100,23.08,U
sz000021,深科技,2025-09-22 10:51:12,23.1,9000,23.1,U
sz000021,深科技,2025-09-22 10:51:15,23.1,20800,23.1,U
sz000021,深科技,2025-09-22 10:51:18,23.09,17700,23.1,D
sz000021,深科技,2025-09-22 10:51:27,23.1,16100,23.1,U
sz000021,深科技,2025-09-22 10:51:30,23.1,19600,23.1,U
sz000021,深科技,2025-09-22 10:51:33,23.1,18000,23.1,U
sz000021,深科技,2025-09-22 10:51:36,23.09,14000,23.1,D
sz000021,深科技,2025-09-22 10:51:39,23.08,26800,23.09,D
sz000021,深科技,2025-09-22 10:51:42,23.09,9700,23.08,U
sz000021,深科技,2025-09-22 10:52:12,23.13,15000,23.11,U
sz000021,深科技,2025-09-22 10:52:21,23.14,10700,23.13,U
sz000021,深科技,2025-09-22 10:52:30,23.15,13000,23.15,U
sz000021,深科技,2025-09-22 10:52:33,23.16,19800,23.15,U
sz000021,深科技,2025-09-22 10:52:39,23.16,36000,23.16,D
sz000021,深科技,2025-09-22 10:52:42,23.17,11100,23.16,E
sz000021,深科技,2025-09-22 10:52:45,23.16,14300,23.17,D
sz000021,深科技,2025-09-22 10:52:48,23.16,12700,23.16,U
sz000021,深科技,2025-09-22 10:52:51,23.17,11800,23.16,U
sz000021,深科技,2025-09-22 10:52:54,23.16,12600,23.17,D
sz000021,深科技,2025-09-22 10:52:57,23.17,29000,23.16,U
sz000021,深科技,2025-09-22 10:53:00,23.17,15200,23.17,D
sz000021,深科技,2025-09-22 10:53:03,23.19,12400,23.17,U
sz000021,深科技,2025-09-22 10:53:06,23.19,13500,23.19,U
sz000021,深科技,2025-09-22 10:53:09,23.2,19800,23.19,U
sz000021,深科技,2025-09-22 10:53:12,23.18,15100,23.2,D
sz000021,深科技,2025-09-22 10:53:15,23.18,10400,23.18,U
sz000021,深科技,2025-09-22 10:53:18,23.17,10500,23.18,D
sz000021,深科技,2025-09-22 10:53:21,23.18,30400,23.17,E
sz000021,深科技,2025-09-22 10:53:24,23.18,28300,23.18,U
sz000021,深科技,2025-09-22 10:53:27,23.18,10100,23.18,U
sz000021,深科技,2025-09-22 10:53:30,23.19,14500,23.18,U
sz000021,深科技,2025-09-22 10:53:33,23.19,9500,23.19,U
sz000021,深科技,2025-09-22 10:53:36,23.19,41200,23.19,U
sz000021,深科技,2025-09-22 10:53:39,23.18,18900,23.19,E
sz000021,深科技,2025-09-22 10:53:42,23.18,17500,23.18,D
sz000021,深科技,2025-09-22 10:53:45,23.18,9000,23.18,U
sz000021,深科技,2025-09-22 10:53:48,23.19,18400,23.18,U
sz000021,深科技,2025-09-22 10:54:03,23.18,15000,23.18,U
sz000021,深科技,2025-09-22 10:54:06,23.18,9200,23.18,D
sz000021,深科技,2025-09-22 10:54:09,23.19,17500,23.18,U
sz000021,深科技,2025-09-22 10:54:12,23.19,11100,23.19,U
sz000021,深科技,2025-09-22 10:54:33,23.2,9200,23.2,U
sz000021,深科技,2025-09-22 10:54:48,23.22,11900,23.2,U
sz000021,深科技,2025-09-22 10:54:51,23.21,12000,23.22,U
sz000021,深科技,2025-09-22 10:54:54,23.2,36798,23.21,D
sz000021,深科技,2025-09-22 10:54:57,23.19,28000,23.2,D
sz000021,深科技,2025-09-22 10:55:03,23.16,9400,23.17,D
sz000021,深科技,2025-09-22 10:55:09,23.17,48700,23.16,U
sz000021,深科技,2025-09-22 10:55:12,23.19,10100,23.17,U
sz000021,深科技,2025-09-22 10:55:15,23.18,13500,23.19,D
sz000021,深科技,2025-09-22 10:55:18,23.21,53700,23.18,U
sz000021,深科技,2025-09-22 10:55:21,23.24,44302,23.21,U
sz000021,深科技,2025-09-22 10:55:39,23.21,11800,23.22,U
sz000021,深科技,2025-09-22 10:55:51,23.2,23100,23.21,D
sz000021,深科技,2025-09-22 10:55:54,23.19,13800,23.2,D
sz000021,深科技,2025-09-22 10:56:03,23.18,9000,23.2,D
sz000021,深科技,2025-09-22 10:56:06,23.16,31400,23.18,D
sz000021,深科技,2025-09-22 10:56:09,23.17,24500,23.16,U
sz000021,深科技,2025-09-22 10:56:12,23.16,13800,23.17,E
sz000021,深科技,2025-09-22 10:56:21,23.15,9500,23.16,D
sz000021,深科技,2025-09-22 10:56:24,23.15,11700,23.15,D
sz000021,深科技,2025-09-22 10:56:27,23.15,19400,23.15,U
sz000021,深科技,2025-09-22 10:56:57,23.17,11800,23.17,U
sz000021,深科技,2025-09-22 10:57:00,23.15,40800,23.17,D
sz000021,深科技,2025-09-22 10:57:03,23.16,25400,23.15,U
sz000021,深科技,2025-09-22 10:57:06,23.14,8900,23.16,E
sz000021,深科技,2025-09-22 10:57:09,23.13,8900,23.14,D
sz000021,深科技,2025-09-22 10:57:12,23.13,34700,23.13,D
sz000021,深科技,2025-09-22 10:57:15,23.13,13100,23.13,D
sz000021,深科技,2025-09-22 10:57:18,23.13,12100,23.13,D
sz000021,深科技,2025-09-22 10:57:21,23.13,14100,23.13,D
sz000021,深科技,2025-09-22 10:57:24,23.13,14100,23.13,D
sz000021,深科技,2025-09-22 10:57:27,23.14,14300,23.13,U
sz000021,深科技,2025-09-22 10:57:33,23.12,19800,23.12,D
sz000021,深科技,2025-09-22 10:57:42,23.11,11800,23.12,U
sz000021,深科技,2025-09-22 10:57:51,23.1,13200,23.11,D
sz000021,深科技,2025-09-22 10:57:54,23.11,8800,23.1,U
sz000021,深科技,2025-09-22 10:57:57,23.11,16100,23.11,D
sz000021,深科技,2025-09-22 10:58:00,23.11,17312,23.11,D
sz000021,深科技,2025-09-22 10:58:03,23.08,12400,23.11,D
sz000021,深科技,2025-09-22 10:58:06,23.08,25488,23.08,D
sz000021,深科技,2025-09-22 10:58:09,23.08,28400,23.08,U
sz000021,深科技,2025-09-22 10:58:12,23.07,21500,23.08,D
sz000021,深科技,2025-09-22 10:58:15,23.08,13500,23.07,U
sz000021,深科技,2025-09-22 10:58:18,23.08,25712,23.08,U
sz000021,深科技,2025-09-22 10:58:24,23.09,17762,23.08,U
sz000021,深科技,2025-09-22 10:58:27,23.08,12100,23.09,D
sz000021,深科技,2025-09-22 10:58:33,23.11,14500,23.09,U
sz000021,深科技,2025-09-22 10:58:36,23.08,13400,23.11,D
sz000021,深科技,2025-09-22 10:58:39,23.11,11100,23.08,U
sz000021,深科技,2025-09-22 10:58:48,23.09,9400,23.1,D
sz000021,深科技,2025-09-22 10:58:54,23.09,9600,23.09,U
sz000021,深科技,2025-09-22 10:58:57,23.09,32200,23.09,U
sz000021,深科技,2025-09-22 10:59:00,23.11,69500,23.09,U
sz000021,深科技,2025-09-22 10:59:03,23.14,44700,23.11,U
sz000021,深科技,2025-09-22 10:59:24,23.12,11700,23.14,D
sz000021,深科技,2025-09-22 10:59:27,23.14,9400,23.12,U
sz000021,深科技,2025-09-22 10:59:30,23.13,10500,23.14,D
sz000021,深科技,2025-09-22 10:59:39,23.13,11000,23.15,D
sz000021,深科技,2025-09-22 10:59:42,23.13,15300,23.13,U
sz000021,深科技,2025-09-22 11:00:03,23.14,12700,23.15,D
sz000021,深科技,2025-09-22 11:00:09,23.15,9300,23.14,U
sz000021,深科技,2025-09-22 11:00:12,23.15,13300,23.15,U
sz000021,深科技,2025-09-22 11:00:18,23.14,11600,23.14,D
sz000021,深科技,2025-09-22 11:00:24,23.13,19900,23.15,D
sz000021,深科技,2025-09-22 11:00:27,23.12,13800,23.13,D
sz000021,深科技,2025-09-22 11:00:33,23.14,25300,23.12,U
sz000021,深科技,2025-09-22 11:00:45,23.13,13400,23.13,U
sz000021,深科技,2025-09-22 11:01:00,23.14,9200,23.14,E
sz000021,深科技,2025-09-22 11:01:15,23.15,41900,23.15,U
sz000021,深科技,2025-09-22 11:01:24,23.14,10400,23.14,D
sz000021,深科技,2025-09-22 11:01:27,23.15,15800,23.14,U
sz000021,深科技,2025-09-22 11:01:33,23.15,12200,23.15,U
sz000021,深科技,2025-09-22 11:01:39,23.15,17400,23.15,U
sz000021,深科技,2025-09-22 11:01:42,23.15,13100,23.15,U
sz000021,深科技,2025-09-22 11:01:45,23.15,51400,23.15,U
sz000021,深科技,2025-09-22 11:01:48,23.15,10900,23.15,U
sz000021,深科技,2025-09-22 11:01:54,23.14,109800,23.15,D
sz000021,深科技,2025-09-22 11:01:57,23.13,9900,23.14,D
sz000021,深科技,2025-09-22 11:02:03,23.11,9100,23.13,D
sz000021,深科技,2025-09-22 11:02:06,23.1,40600,23.11,D
sz000021,深科技,2025-09-22 11:02:09,23.1,41300,23.1,D
sz000021,深科技,2025-09-22 11:02:12,23.09,53900,23.1,D
sz000021,深科技,2025-09-22 11:02:18,23.09,11400,23.09,U
sz000021,深科技,2025-09-22 11:02:21,23.08,40300,23.09,D
sz000021,深科技,2025-09-22 11:02:24,23.08,15000,23.08,D
sz000021,深科技,2025-09-22 11:02:27,23.08,20700,23.08,U
sz000021,深科技,2025-09-22 11:02:36,23.09,37600,23.09,U
sz000021,深科技,2025-09-22 11:02:39,23.08,13100,23.09,D
sz000021,深科技,2025-09-22 11:02:42,23.09,36600,23.08,U
sz000021,深科技,2025-09-22 11:02:54,23.09,13700,23.09,D
sz000021,深科技,2025-09-22 11:02:57,23.11,29300,23.09,U
sz000021,深科技,2025-09-22 11:03:06,23.11,11300,23.12,D
sz000021,深科技,2025-09-22 11:03:15,23.12,11700,23.12,U
sz000021,深科技,2025-09-22 11:03:24,23.13,10600,23.13,U
sz000021,深科技,2025-09-22 11:03:30,23.13,10200,23.13,U
sz000021,深科技,2025-09-22 11:03:48,23.15,12900,23.15,U
sz000021,深科技,2025-09-22 11:04:15,23.15,19800,23.16,D
sz000021,深科技,2025-09-22 11:04:18,23.14,27300,23.15,D
sz000021,深科技,2025-09-22 11:04:24,23.14,19700,23.14,D
sz000021,深科技,2025-09-22 11:04:27,23.12,19400,23.14,D
sz000021,深科技,2025-09-22 11:04:42,23.12,22200,23.11,E
sz000021,深科技,2025-09-22 11:04:48,23.14,11600,23.13,U
sz000021,深科技,2025-09-22 11:04:54,23.14,10200,23.14,U
sz000021,深科技,2025-09-22 11:05:03,23.13,9700,23.13,D
sz000021,深科技,2025-09-22 11:05:09,23.11,13400,23.13,D
sz000021,深科技,2025-09-22 11:05:24,23.14,52000,23.13,U
sz000021,深科技,2025-09-22 11:05:39,23.11,10700,23.12,D
sz000021,深科技,2025-09-22 11:05:54,23.1,14100,23.1,D
sz000021,深科技,2025-09-22 11:05:57,23.1,23800,23.1,D
sz000021,深科技,2025-09-22 11:06:06,23.09,140700,23.1,D
sz000021,深科技,2025-09-22 11:06:09,23.09,20900,23.09,U
sz000021,深科技,2025-09-22 11:06:12,23.09,13800,23.09,U
sz000021,深科技,2025-09-22 11:06:21,23.1,19700,23.09,U
sz000021,深科技,2025-09-22 11:06:24,23.11,9100,23.1,U
sz000021,深科技,2025-09-22 11:06:36,23.1,8800,23.1,D
sz000021,深科技,2025-09-22 11:06:39,23.08,14500,23.1,D
sz000021,深科技,2025-09-22 11:06:42,23.09,23000,23.08,U
sz000021,深科技,2025-09-22 11:06:54,23.09,9300,23.09,U
sz000021,深科技,2025-09-22 11:07:12,23.1,9200,23.1,D
sz000021,深科技,2025-09-22 11:07:21,23.12,8900,23.11,U
sz000021,深科技,2025-09-22 11:07:30,23.12,24500,23.12,U
sz000021,深科技,2025-09-22 11:07:39,23.13,11400,23.13,U
sz000021,深科技,2025-09-22 11:07:42,23.13,9700,23.13,U
sz000021,深科技,2025-09-22 11:07:45,23.1,8800,23.13,D
sz000021,深科技,2025-09-22 11:07:54,23.09,16000,23.1,D
sz000021,深科技,2025-09-22 11:08:03,23.1,11700,23.1,U
sz000021,深科技,2025-09-22 11:08:06,23.09,21500,23.1,D
sz000021,深科技,2025-09-22 11:08:09,23.08,71900,23.09,D
sz000021,深科技,2025-09-22 11:08:12,23.07,13900,23.08,D
sz000021,深科技,2025-09-22 11:08:15,23.06,13700,23.07,D
sz000021,深科技,2025-09-22 11:08:24,23.07,19900,23.07,D
sz000021,深科技,2025-09-22 11:08:36,23.07,9400,23.07,D
sz000021,深科技,2025-09-22 11:08:39,23.07,12300,23.07,D
sz000021,深科技,2025-09-22 11:08:42,23.07,9100,23.07,D
sz000021,深科技,2025-09-22 11:08:45,23.07,13800,23.07,D
sz000021,深科技,2025-09-22 11:08:54,23.07,9600,23.06,U
sz000021,深科技,2025-09-22 11:08:57,23.07,16700,23.07,U
sz000021,深科技,2025-09-22 11:09:00,23.06,9200,23.07,D
sz000021,深科技,2025-09-22 11:09:03,23.06,32400,23.06,D
sz000021,深科技,2025-09-22 11:09:18,23.06,55100,23.06,D
sz000021,深科技,2025-09-22 11:09:24,23.06,14400,23.05,U
sz000021,深科技,2025-09-22 11:09:27,23.06,16400,23.06,U
sz000021,深科技,2025-09-22 11:09:33,23.06,28400,23.06,U
sz000021,深科技,2025-09-22 11:09:42,23.07,11600,23.06,U
sz000021,深科技,2025-09-22 11:09:45,23.07,201800,23.07,U
sz000021,深科技,2025-09-22 11:09:54,23.06,13800,23.05,D
sz000021,深科技,2025-09-22 11:09:57,23.06,14500,23.06,U
sz000021,深科技,2025-09-22 11:10:03,23.06,13300,23.06,U
sz000021,深科技,2025-09-22 11:10:09,23.07,18600,23.06,U
sz000021,深科技,2025-09-22 11:10:21,23.09,9300,23.08,D
sz000021,深科技,2025-09-22 11:10:24,23.08,11300,23.09,D
sz000021,深科技,2025-09-22 11:10:33,23.09,9700,23.1,D
sz000021,深科技,2025-09-22 11:10:39,23.1,18200,23.1,U
sz000021,深科技,2025-09-22 11:10:42,23.1,11200,23.1,U
sz000021,深科技,2025-09-22 11:10:45,23.1,24500,23.1,D
sz000021,深科技,2025-09-22 11:10:51,23.1,15000,23.1,U
sz000021,深科技,2025-09-22 11:10:54,23.1,10700,23.1,D
sz000021,深科技,2025-09-22 11:10:57,23.1,50500,23.1,D
sz000021,深科技,2025-09-22 11:11:00,23.11,13400,23.1,D
sz000021,深科技,2025-09-22 11:11:03,23.1,18700,23.11,D
sz000021,深科技,2025-09-22 11:11:06,23.1,20100,23.1,D
sz000021,深科技,2025-09-22 11:11:12,23.1,15600,23.09,U
sz000021,深科技,2025-09-22 11:11:18,23.1,10500,23.1,U
sz000021,深科技,2025-09-22 11:11:24,23.09,10600,23.09,U
sz000021,深科技,2025-09-22 11:11:27,23.09,11600,23.09,U
sz000021,深科技,2025-09-22 11:11:36,23.08,38500,23.08,D
sz000021,深科技,2025-09-22 11:11:39,23.08,20900,23.08,U
sz000021,深科技,2025-09-22 11:11:54,23.07,12200,23.08,D
sz000021,深科技,2025-09-22 11:11:57,23.07,13500,23.07,D
sz000021,深科技,2025-09-22 11:12:00,23.08,23600,23.07,D
sz000021,深科技,2025-09-22 11:12:06,23.05,143400,23.07,D
sz000021,深科技,2025-09-22 11:12:09,23.05,15800,23.05,U
sz000021,深科技,2025-09-22 11:12:12,23.05,10700,23.05,U
sz000021,深科技,2025-09-22 11:12:15,23.04,8800,23.05,E
sz000021,深科技,2025-09-22 11:12:18,23.04,83700,23.04,D
sz000021,深科技,2025-09-22 11:12:21,23.05,13500,23.04,U
sz000021,深科技,2025-09-22 11:12:24,23.05,11900,23.05,U
sz000021,深科技,2025-09-22 11:12:36,23.05,9800,23.06,D
sz000021,深科技,2025-09-22 11:12:45,23.05,10200,23.05,D
sz000021,深科技,2025-09-22 11:13:03,23.04,8800,23.05,D
sz000021,深科技,2025-09-22 11:13:06,23.05,16500,23.04,U
sz000021,深科技,2025-09-22 11:13:12,23.04,33200,23.05,D
sz000021,深科技,2025-09-22 11:13:18,23.05,12600,23.04,U
sz000021,深科技,2025-09-22 11:13:21,23.05,12500,23.05,D
sz000021,深科技,2025-09-22 11:13:27,23.04,53800,23.05,D
sz000021,深科技,2025-09-22 11:13:39,23.03,43200,23.05,D
sz000021,深科技,2025-09-22 11:13:42,23.02,123900,23.03,D
sz000021,深科技,2025-09-22 11:13:45,23.03,13500,23.02,U
sz000021,深科技,2025-09-22 11:13:48,23.02,20300,23.03,D
sz000021,深科技,2025-09-22 11:13:54,23.01,35300,23.02,D
sz000021,深科技,2025-09-22 11:13:57,23.03,10600,23.01,U
sz000021,深科技,2025-09-22 11:14:00,23.02,23500,23.03,U
sz000021,深科技,2025-09-22 11:14:06,23.02,40100,23.02,D
sz000021,深科技,2025-09-22 11:14:09,23.01,159600,23.02,D
sz000021,深科技,2025-09-22 11:14:12,23.0,25600,23.01,D
sz000021,深科技,2025-09-22 11:14:15,23.0,286000,23.0,D
sz000021,深科技,2025-09-22 11:14:18,23.0,18400,23.0,U
sz000021,深科技,2025-09-22 11:14:21,22.98,34400,23.0,D
sz000021,深科技,2025-09-22 11:14:24,22.98,21200,22.98,U
sz000021,深科技,2025-09-22 11:14:30,22.98,50600,22.98,U
sz000021,深科技,2025-09-22 11:14:33,22.98,15686,22.98,U
sz000021,深科技,2025-09-22 11:14:36,22.97,64614,22.98,D
sz000021,深科技,2025-09-22 11:14:39,22.96,27200,22.97,D
sz000021,深科技,2025-09-22 11:14:42,22.97,16000,22.96,U
sz000021,深科技,2025-09-22 11:14:45,22.96,20600,22.97,D
sz000021,深科技,2025-09-22 11:14:48,22.95,37400,22.96,D
sz000021,深科技,2025-09-22 11:15:00,22.94,15600,22.94,D
sz000021,深科技,2025-09-22 11:15:03,22.94,18100,22.94,U
sz000021,深科技,2025-09-22 11:15:06,22.95,16300,22.94,U
sz000021,深科技,2025-09-22 11:15:09,22.94,27800,22.95,D
sz000021,深科技,2025-09-22 11:15:12,22.93,39300,22.94,D
sz000021,深科技,2025-09-22 11:15:15,22.93,112800,22.93,U
sz000021,深科技,2025-09-22 11:15:18,22.94,12600,22.93,D
sz000021,深科技,2025-09-22 11:15:21,22.94,13900,22.94,D
sz000021,深科技,2025-09-22 11:15:24,22.97,17200,22.94,U
sz000021,深科技,2025-09-22 11:15:30,22.98,21800,22.96,U
sz000021,深科技,2025-09-22 11:15:33,22.98,32800,22.98,D
sz000021,深科技,2025-09-22 11:15:36,22.99,28986,22.98,U
sz000021,深科技,2025-09-22 11:15:39,22.99,8800,22.99,D
sz000021,深科技,2025-09-22 11:15:42,22.98,10514,22.99,D
sz000021,深科技,2025-09-22 11:15:45,23.0,21486,22.98,U
sz000021,深科技,2025-09-22 11:15:48,23.01,36200,23.0,U
sz000021,深科技,2025-09-22 11:15:54,23.02,14700,23.02,D
sz000021,深科技,2025-09-22 11:15:57,23.02,10100,23.02,D
sz000021,深科技,2025-09-22 11:16:03,23.02,13300,23.03,D
sz000021,深科技,2025-09-22 11:16:21,23.01,11000,23.01,U
sz000021,深科技,2025-09-22 11:16:24,23.0,17900,23.01,D
sz000021,深科技,2025-09-22 11:16:27,23.0,13200,23.0,D
sz000021,深科技,2025-09-22 11:16:33,23.01,9600,23.01,U
sz000021,深科技,2025-09-22 11:16:36,23.0,75700,23.01,D
sz000021,深科技,2025-09-22 11:16:39,23.01,51500,23.0,U
sz000021,深科技,2025-09-22 11:16:42,23.0,49100,23.01,D
sz000021,深科技,2025-09-22 11:16:45,23.0,13800,23.0,D
sz000021,深科技,2025-09-22 11:16:54,22.99,14800,23.0,D
sz000021,深科技,2025-09-22 11:17:00,22.99,11500,22.99,U
sz000021,深科技,2025-09-22 11:17:12,22.98,31200,22.98,U
sz000021,深科技,2025-09-22 11:17:18,23.0,42186,22.98,U
sz000021,深科技,2025-09-22 11:17:24,23.0,23900,23.01,D
sz000021,深科技,2025-09-22 11:17:30,23.0,13100,23.0,U
sz000021,深科技,2025-09-22 11:17:42,23.0,9400,23.0,U
sz000021,深科技,2025-09-22 11:17:57,23.0,14400,22.99,U
sz000021,深科技,2025-09-22 11:18:03,22.99,18300,23.0,D
sz000021,深科技,2025-09-22 11:18:06,23.0,12400,22.99,U
sz000021,深科技,2025-09-22 11:18:09,23.01,40100,23.0,U
sz000021,深科技,2025-09-22 11:18:18,23.01,31200,23.02,D
sz000021,深科技,2025-09-22 11:18:33,23.01,12000,23.02,D
sz000021,深科技,2025-09-22 11:18:48,23.02,9300,23.01,U
sz000021,深科技,2025-09-22 11:18:51,23.01,20500,23.02,D
sz000021,深科技,2025-09-22 11:18:57,23.0,39500,23.01,D
sz000021,深科技,2025-09-22 11:19:06,22.98,47100,23.0,D
sz000021,深科技,2025-09-22 11:19:24,22.97,14400,22.97,U
sz000021,深科技,2025-09-22 11:19:27,22.96,10700,22.97,D
sz000021,深科技,2025-09-22 11:19:36,22.95,235500,22.96,D
sz000021,深科技,2025-09-22 11:19:54,22.94,25100,22.94,D
sz000021,深科技,2025-09-22 11:19:57,22.94,10800,22.94,D
sz000021,深科技,2025-09-22 11:20:09,22.95,15700,22.95,U
sz000021,深科技,2025-09-22 11:20:15,22.94,19300,22.96,D
sz000021,深科技,2025-09-22 11:20:18,22.95,9200,22.94,U
sz000021,深科技,2025-09-22 11:20:21,22.96,16000,22.95,U
sz000021,深科技,2025-09-22 11:20:36,22.94,27800,22.95,D
sz000021,深科技,2025-09-22 11:20:45,22.93,11600,22.94,D
sz000021,深科技,2025-09-22 11:20:51,22.96,11800,22.95,U
sz000021,深科技,2025-09-22 11:21:03,22.95,19600,22.96,D
sz000021,深科技,2025-09-22 11:21:09,22.96,48600,22.96,U
sz000021,深科技,2025-09-22 11:21:15,22.96,11600,22.95,U
sz000021,深科技,2025-09-22 11:21:24,22.98,22100,22.98,D
sz000021,深科技,2025-09-22 11:21:27,22.98,13300,22.98,D
sz000021,深科技,2025-09-22 11:21:30,22.99,10700,22.98,U
sz000021,深科技,2025-09-22 11:21:33,22.99,11500,22.99,U
sz000021,深科技,2025-09-22 11:21:42,22.99,52300,22.99,U
sz000021,深科技,2025-09-22 11:21:48,23.01,65600,22.99,U
sz000021,深科技,2025-09-22 11:21:57,23.0,12500,23.02,D
sz000021,深科技,2025-09-22 11:22:24,23.05,33900,23.06,D
sz000021,深科技,2025-09-22 11:22:27,23.05,8900,23.05,D
sz000021,深科技,2025-09-22 11:22:33,23.07,11700,23.06,U
sz000021,深科技,2025-09-22 11:22:39,23.06,8700,23.06,E
sz000021,深科技,2025-09-22 11:22:42,23.05,21800,23.06,D
sz000021,深科技,2025-09-22 11:22:45,23.06,16200,23.05,U
sz000021,深科技,2025-09-22 11:22:51,23.05,9100,23.06,D
sz000021,深科技,2025-09-22 11:22:54,23.06,11900,23.05,U
sz000021,深科技,2025-09-22 11:22:57,23.09,45000,23.06,U
sz000021,深科技,2025-09-22 11:23:09,23.07,23200,23.06,U
sz000021,深科技,2025-09-22 11:23:30,23.07,12100,23.07,U
sz000021,深科技,2025-09-22 11:23:51,23.08,10400,23.07,U
sz000021,深科技,2025-09-22 11:23:54,23.08,14900,23.08,U
sz000021,深科技,2025-09-22 11:24:39,23.07,39599,23.07,D
sz000021,深科技,2025-09-22 11:24:42,23.06,12200,23.07,U
sz000021,深科技,2025-09-22 11:24:45,23.05,19000,23.06,E
sz000021,深科技,2025-09-22 11:25:18,23.04,23100,23.05,D
sz000021,深科技,2025-09-22 11:25:24,23.04,39300,23.04,U
sz000021,深科技,2025-09-22 11:25:48,23.06,41700,23.04,U
sz000021,深科技,2025-09-22 11:25:54,23.07,12500,23.06,U
sz000021,深科技,2025-09-22 11:26:03,23.07,17100,23.08,D
sz000021,深科技,2025-09-22 11:26:06,23.07,40400,23.07,D
sz000021,深科技,2025-09-22 11:26:12,23.04,22500,23.05,D
sz000021,深科技,2025-09-22 11:26:57,23.02,30400,23.02,U
sz000021,深科技,2025-09-22 11:27:24,23.05,21300,23.05,D
sz000021,深科技,2025-09-22 11:27:39,23.05,10800,23.06,D
sz000021,深科技,2025-09-22 11:27:42,23.05,16600,23.05,D
sz000021,深科技,2025-09-22 11:27:45,23.03,12100,23.05,D
sz000021,深科技,2025-09-22 11:28:03,23.02,14300,23.05,D
sz000021,深科技,2025-09-22 11:28:24,23.04,9500,23.04,U
sz000021,深科技,2025-09-22 11:28:36,23.05,12300,23.04,U
sz000021,深科技,2025-09-22 11:28:39,23.05,19600,23.05,U
sz000021,深科技,2025-09-22 11:28:48,23.06,26700,23.06,U
sz000021,深科技,2025-09-22 11:29:03,23.06,11500,23.07,D
sz000021,深科技,2025-09-22 11:29:06,23.06,22700,23.06,D
sz000021,深科技,2025-09-22 11:29:12,23.06,18900,23.06,U
sz000021,深科技,2025-09-22 11:29:30,23.04,11300,23.05,D
sz000021,深科技,2025-09-22 11:29:48,23.04,36400,23.04,D
sz000021,深科技,2025-09-22 11:29:57,23.03,20200,23.04,D
sz000021,深科技,2025-09-22 11:30:00,23.03,14100,23.03,D
sz000021,深科技,2025-09-22 13:00:00,23.02,67500,23.03,D
sz000021,深科技,2025-09-22 13:00:03,23.06,219400,23.02,U
sz000021,深科技,2025-09-22 13:00:06,23.03,127500,23.06,D
sz000021,深科技,2025-09-22 13:00:09,23.0,91500,23.03,D
sz000021,深科技,2025-09-22 13:00:12,22.98,54100,23.0,D
sz000021,深科技,2025-09-22 13:00:15,23.0,17800,22.98,U
sz000021,深科技,2025-09-22 13:00:18,23.0,11800,23.0,D
sz000021,深科技,2025-09-22 13:00:30,23.03,13700,23.02,U
sz000021,深科技,2025-09-22 13:00:36,23.03,25400,23.03,D
sz000021,深科技,2025-09-22 13:00:39,23.02,23100,23.03,D
sz000021,深科技,2025-09-22 13:00:54,23.05,9400,23.05,D
sz000021,深科技,2025-09-22 13:01:00,23.06,9400,23.06,U
sz000021,深科技,2025-09-22 13:01:09,23.07,56300,23.06,E
sz000021,深科技,2025-09-22 13:01:12,23.06,13500,23.07,U
sz000021,深科技,2025-09-22 13:01:18,23.07,12500,23.07,U
sz000021,深科技,2025-09-22 13:01:21,23.07,9800,23.07,U
sz000021,深科技,2025-09-22 13:01:24,23.06,17400,23.07,D
sz000021,深科技,2025-09-22 13:01:30,23.06,9000,23.07,D
sz000021,深科技,2025-09-22 13:01:33,23.07,15200,23.06,U
sz000021,深科技,2025-09-22 13:01:39,23.07,10900,23.07,U
sz000021,深科技,2025-09-22 13:01:42,23.08,25500,23.07,U
sz000021,深科技,2025-09-22 13:01:48,23.07,17800,23.08,D
sz000021,深科技,2025-09-22 13:01:51,23.08,34500,23.07,U
sz000021,深科技,2025-09-22 13:01:57,23.08,9700,23.08,U
sz000021,深科技,2025-09-22 13:02:00,23.08,16300,23.08,U
sz000021,深科技,2025-09-22 13:02:06,23.08,12400,23.08,U
sz000021,深科技,2025-09-22 13:02:09,23.07,16900,23.08,D
sz000021,深科技,2025-09-22 13:02:12,23.07,15800,23.07,E
sz000021,深科技,2025-09-22 13:02:15,23.05,27400,23.07,D
sz000021,深科技,2025-09-22 13:02:18,23.06,10900,23.05,U
sz000021,深科技,2025-09-22 13:02:21,23.06,9200,23.06,U
sz000021,深科技,2025-09-22 13:02:27,23.05,12800,23.04,U
sz000021,深科技,2025-09-22 13:02:51,23.06,30000,23.06,D
sz000021,深科技,2025-09-22 13:02:57,23.06,13200,23.04,U
sz000021,深科技,2025-09-22 13:03:06,23.06,32000,23.06,D
sz000021,深科技,2025-09-22 13:03:09,23.06,16100,23.06,D
sz000021,深科技,2025-09-22 13:03:12,23.06,11100,23.06,D
sz000021,深科技,2025-09-22 13:03:27,23.09,13500,23.09,U
sz000021,深科技,2025-09-22 13:03:33,23.1,15500,23.09,U
sz000021,深科技,2025-09-22 13:03:39,23.1,24112,23.1,U
sz000021,深科技,2025-09-22 13:03:45,23.1,27788,23.1,D
sz000021,深科技,2025-09-22 13:03:48,23.11,19600,23.1,U
sz000021,深科技,2025-09-22 13:03:51,23.08,18300,23.11,D
sz000021,深科技,2025-09-22 13:04:03,23.08,42100,23.08,D
sz000021,深科技,2025-09-22 13:04:24,23.06,20400,23.08,D
sz000021,深科技,2025-09-22 13:04:27,23.06,17600,23.06,U
sz000021,深科技,2025-09-22 13:04:30,23.07,11000,23.06,U
sz000021,深科技,2025-09-22 13:04:45,23.07,33400,23.08,D
sz000021,深科技,2025-09-22 13:05:12,23.07,17900,23.08,D
sz000021,深科技,2025-09-22 13:05:15,23.07,9400,23.07,U
sz000021,深科技,2025-09-22 13:05:18,23.08,11500,23.07,U
sz000021,深科技,2025-09-22 13:05:24,23.08,10200,23.07,U
sz000021,深科技,2025-09-22 13:05:33,23.07,9000,23.07,D
sz000021,深科技,2025-09-22 13:05:42,23.08,16100,23.07,U
sz000021,深科技,2025-09-22 13:05:54,23.09,9200,23.09,U
sz000021,深科技,2025-09-22 13:06:09,23.09,11400,23.1,D
sz000021,深科技,2025-09-22 13:06:12,23.03,97100,23.09,D
sz000021,深科技,2025-09-22 13:06:15,23.06,11100,23.03,E
sz000021,深科技,2025-09-22 13:06:21,23.0,25700,23.06,D
sz000021,深科技,2025-09-22 13:06:30,23.0,13500,23.0,D
sz000021,深科技,2025-09-22 13:06:33,23.0,30600,23.0,D
sz000021,深科技,2025-09-22 13:06:39,23.0,30800,23.0,D
sz000021,深科技,2025-09-22 13:07:03,23.05,10800,23.04,U
sz000021,深科技,2025-09-22 13:07:12,23.07,9200,23.08,D
sz000021,深科技,2025-09-22 13:07:18,23.09,14300,23.07,U
sz000021,深科技,2025-09-22 13:07:42,23.09,18600,23.08,U
sz000021,深科技,2025-09-22 13:07:51,23.09,30300,23.1,D
sz000021,深科技,2025-09-22 13:07:54,23.1,52400,23.09,D
sz000021,深科技,2025-09-22 13:07:57,23.1,12000,23.1,U
sz000021,深科技,2025-09-22 13:08:00,23.11,10200,23.1,U
sz000021,深科技,2025-09-22 13:08:09,23.1,10200,23.1,U
sz000021,深科技,2025-09-22 13:08:15,23.1,15700,23.1,U
sz000021,深科技,2025-09-22 13:08:27,23.11,16900,23.11,D
sz000021,深科技,2025-09-22 13:08:30,23.11,19000,23.11,D
sz000021,深科技,2025-09-22 13:08:33,23.1,60600,23.11,D
sz000021,深科技,2025-09-22 13:08:36,23.1,9800,23.1,U
sz000021,深科技,2025-09-22 13:08:39,23.1,24800,23.1,U
sz000021,深科技,2025-09-22 13:08:42,23.1,14800,23.1,U
sz000021,深科技,2025-09-22 13:08:48,23.1,21800,23.1,D
sz000021,深科技,2025-09-22 13:08:54,23.11,12500,23.11,U
sz000021,深科技,2025-09-22 13:08:57,23.11,9000,23.11,U
sz000021,深科技,2025-09-22 13:09:00,23.1,29700,23.11,D
sz000021,深科技,2025-09-22 13:09:03,23.1,29900,23.1,D
sz000021,深科技,2025-09-22 13:09:09,23.12,8700,23.11,U
sz000021,深科技,2025-09-22 13:09:12,23.12,24112,23.12,U
sz000021,深科技,2025-09-22 13:09:21,23.15,33600,23.13,U
sz000021,深科技,2025-09-22 13:09:33,23.11,53888,23.15,D
sz000021,深科技,2025-09-22 13:09:36,23.12,29500,23.11,U
sz000021,深科技,2025-09-22 13:09:39,23.12,12200,23.12,U
sz000021,深科技,2025-09-22 13:09:51,23.11,42300,23.12,D
sz000021,深科技,2025-09-22 13:09:54,23.11,43100,23.11,E
sz000021,深科技,2025-09-22 13:10:00,23.08,64100,23.11,D
sz000021,深科技,2025-09-22 13:10:03,23.05,30800,23.08,D
sz000021,深科技,2025-09-22 13:10:09,23.06,14900,23.05,U
sz000021,深科技,2025-09-22 13:10:21,23.03,24900,23.05,D
sz000021,深科技,2025-09-22 13:10:24,23.03,54300,23.03,E
sz000021,深科技,2025-09-22 13:10:27,23.02,65200,23.03,E
sz000021,深科技,2025-09-22 13:10:30,23.02,10600,23.02,U
sz000021,深科技,2025-09-22 13:10:36,23.02,10300,23.03,D
sz000021,深科技,2025-09-22 13:10:39,23.0,35000,23.02,D
sz000021,深科技,2025-09-22 13:10:45,23.0,9900,23.0,U
sz000021,深科技,2025-09-22 13:10:48,22.99,28500,23.0,D
sz000021,深科技,2025-09-22 13:10:51,23.02,22000,22.99,U
sz000021,深科技,2025-09-22 13:11:03,23.0,53400,23.01,D
sz000021,深科技,2025-09-22 13:11:06,22.99,15500,23.0,E
sz000021,深科技,2025-09-22 13:11:18,23.0,13500,23.0,U
sz000021,深科技,2025-09-22 13:11:21,23.02,72100,23.0,U
sz000021,深科技,2025-09-22 13:11:36,23.01,14000,23.02,D
sz000021,深科技,2025-09-22 13:11:54,23.02,11600,23.03,D
sz000021,深科技,2025-09-22 13:12:00,23.02,61300,23.04,D
sz000021,深科技,2025-09-22 13:12:03,23.01,13500,23.02,D
sz000021,深科技,2025-09-22 13:12:06,22.98,87000,23.01,D
sz000021,深科技,2025-09-22 13:12:09,22.99,13900,22.98,U
sz000021,深科技,2025-09-22 13:12:15,23.0,11700,22.99,U
sz000021,深科技,2025-09-22 13:12:33,22.99,12300,22.98,U
sz000021,深科技,2025-09-22 13:12:36,22.99,13500,22.99,U
sz000021,深科技,2025-09-22 13:12:54,23.0,13200,23.0,U
sz000021,深科技,2025-09-22 13:12:57,23.0,43200,23.0,U
sz000021,深科技,2025-09-22 13:13:24,22.98,11700,22.99,D
sz000021,深科技,2025-09-22 13:13:30,22.99,20500,22.98,U
sz000021,深科技,2025-09-22 13:13:36,22.98,39700,22.99,D
sz000021,深科技,2025-09-22 13:13:39,22.98,21600,22.98,D
sz000021,深科技,2025-09-22 13:13:51,22.98,23900,22.98,U
sz000021,深科技,2025-09-22 13:13:57,22.97,13800,22.97,U
sz000021,深科技,2025-09-22 13:14:00,22.96,19300,22.97,D
sz000021,深科技,2025-09-22 13:14:03,22.98,8900,22.96,U
sz000021,深科技,2025-09-22 13:14:06,22.99,20500,22.98,U
sz000021,深科技,2025-09-22 13:14:09,23.01,56800,22.99,U
sz000021,深科技,2025-09-22 13:14:12,23.03,20200,23.01,U
sz000021,深科技,2025-09-22 13:14:18,23.01,14600,23.03,D
sz000021,深科技,2025-09-22 13:14:27,22.99,18400,23.01,D
sz000021,深科技,2025-09-22 13:14:45,23.03,23100,23.03,U
sz000021,深科技,2025-09-22 13:14:54,22.99,22200,23.01,D
sz000021,深科技,2025-09-22 13:15:03,23.0,9100,23.0,D
sz000021,深科技,2025-09-22 13:15:06,23.01,49700,23.0,U
sz000021,深科技,2025-09-22 13:15:18,23.01,15300,23.01,U
sz000021,深科技,2025-09-22 13:15:33,23.0,21200,23.0,U
sz000021,深科技,2025-09-22 13:15:39,22.98,46300,22.99,D
sz000021,深科技,2025-09-22 13:15:42,22.98,16400,22.98,D
sz000021,深科技,2025-09-22 13:15:57,22.98,13600,22.99,D
sz000021,深科技,2025-09-22 13:16:03,22.98,62700,22.98,D
sz000021,深科技,2025-09-22 13:16:15,22.98,9300,22.98,U
sz000021,深科技,2025-09-22 13:16:18,22.98,13300,22.98,U
sz000021,深科技,2025-09-22 13:16:27,22.98,31400,22.99,D
sz000021,深科技,2025-09-22 13:16:33,23.0,41200,22.99,U
sz000021,深科技,2025-09-22 13:16:36,23.01,8700,23.0,U
sz000021,深科技,2025-09-22 13:16:39,23.04,65000,23.01,U
sz000021,深科技,2025-09-22 13:16:42,23.01,11600,23.04,D
sz000021,深科技,2025-09-22 13:16:57,23.04,64400,23.01,U
sz000021,深科技,2025-09-22 13:17:03,23.01,16000,23.01,U
sz000021,深科技,2025-09-22 13:17:36,23.03,81700,23.03,D
sz000021,深科技,2025-09-22 13:18:03,23.07,30500,23.07,D
sz000021,深科技,2025-09-22 13:18:06,23.05,15800,23.07,D
sz000021,深科技,2025-09-22 13:18:18,23.06,15800,23.05,U
sz000021,深科技,2025-09-22 13:18:30,23.08,14000,23.07,U
sz000021,深科技,2025-09-22 13:18:39,23.09,12100,23.09,U
sz000021,深科技,2025-09-22 13:18:42,23.09,12900,23.09,D
sz000021,深科技,2025-09-22 13:18:45,23.1,56700,23.09,U
sz000021,深科技,2025-09-22 13:18:48,23.09,24000,23.1,D
sz000021,深科技,2025-09-22 13:18:54,23.07,94600,23.09,D
sz000021,深科技,2025-09-22 13:18:57,23.1,52200,23.07,U
