symbol,name,ticktime,price,volume,prev_price,kind
sz000021,深科技,2025-09-24 09:25:00,22.59,341300,0.0,D
sz000021,深科技,2025-09-24 09:30:00,22.55,45100,22.59,D
sz000021,深科技,2025-09-24 09:30:03,22.51,208500,22.55,D
sz000021,深科技,2025-09-24 09:30:06,22.58,89200,22.51,U
sz000021,深科技,2025-09-24 09:30:09,22.55,17000,22.58,U
sz000021,深科技,2025-09-24 09:30:12,22.55,34700,22.55,U
sz000021,深科技,2025-09-24 09:30:15,22.58,221300,22.55,U
sz000021,深科技,2025-09-24 09:30:18,22.6,132200,22.58,U
sz000021,深科技,2025-09-24 09:30:21,22.62,80400,22.6,U
sz000021,深科技,2025-09-24 09:30:24,22.65,19800,22.62,U
sz000021,深科技,2025-09-24 09:30:27,22.65,49400,22.65,U
sz000021,深科技,2025-09-24 09:30:30,22.7,31300,22.65,U
sz000021,深科技,2025-09-24 09:30:33,22.68,59400,22.7,D
sz000021,深科技,2025-09-24 09:30:36,22.65,32500,22.68,D
sz000021,深科技,2025-09-24 09:30:39,22.62,33700,22.65,D
sz000021,深科技,2025-09-24 09:30:42,22.54,107700,22.62,D
sz000021,深科技,2025-09-24 09:30:45,22.53,26900,22.54,D
sz000021,深科技,2025-09-24 09:30:48,22.53,9400,22.53,U
sz000021,深科技,2025-09-24 09:30:51,22.52,61900,22.53,D
sz000021,深科技,2025-09-24 09:30:54,22.5,60300,22.52,D
sz000021,深科技,2025-09-24 09:30:57,22.47,63400,22.5,D
sz000021,深科技,2025-09-24 09:31:00,22.45,32700,22.47,D
sz000021,深科技,2025-09-24 09:31:03,22.45,47900,22.45,D
sz000021,深科技,2025-09-24 09:31:06,22.43,17900,22.45,D
sz000021,深科技,2025-09-24 09:31:09,22.44,33200,22.43,D
sz000021,深科技,2025-09-24 09:31:12,22.46,55400,22.44,U
sz000021,深科技,2025-09-24 09:31:15,22.49,83900,22.46,U
sz000021,深科技,2025-09-24 09:31:18,22.45,35600,22.49,D
sz000021,深科技,2025-09-24 09:31:21,22.46,26300,22.45,U
sz000021,深科技,2025-09-24 09:31:24,22.45,93200,22.46,D
sz000021,深科技,2025-09-24 09:31:27,22.45,30600,22.45,D
sz000021,深科技,2025-09-24 09:31:30,22.44,84100,22.45,D
sz000021,深科技,2025-09-24 09:31:33,22.45,129300,22.44,U
sz000021,深科技,2025-09-24 09:31:36,22.44,77400,22.45,D
sz000021,深科技,2025-09-24 09:31:39,22.48,154300,22.44,U
sz000021,深科技,2025-09-24 09:31:42,22.49,72201,22.48,U
sz000021,深科技,2025-09-24 09:31:45,22.54,28200,22.49,U
sz000021,深科技,2025-09-24 09:31:48,22.53,10900,22.54,D
sz000021,深科技,2025-09-24 09:31:54,22.55,19100,22.53,D
sz000021,深科技,2025-09-24 09:31:57,22.57,15500,22.55,U
sz000021,深科技,2025-09-24 09:32:00,22.57,34700,22.57,U
sz000021,深科技,2025-09-24 09:32:03,22.55,50500,22.57,D
sz000021,深科技,2025-09-24 09:32:09,22.5,66100,22.51,D
sz000021,深科技,2025-09-24 09:32:12,22.5,122300,22.5,U
sz000021,深科技,2025-09-24 09:32:15,22.47,45000,22.5,D
sz000021,深科技,2025-09-24 09:32:18,22.49,15000,22.47,U
sz000021,深科技,2025-09-24 09:32:21,22.5,17400,22.49,E
sz000021,深科技,2025-09-24 09:32:24,22.5,23600,22.5,U
sz000021,深科技,2025-09-24 09:32:27,22.5,22300,22.5,E
sz000021,深科技,2025-09-24 09:32:30,22.52,26400,22.5,U
sz000021,深科技,2025-09-24 09:32:33,22.53,10800,22.52,E
sz000021,深科技,2025-09-24 09:32:36,22.56,14100,22.53,U
sz000021,深科技,2025-09-24 09:32:39,22.55,32000,22.56,D
sz000021,深科技,2025-09-24 09:32:42,22.56,22600,22.55,U
sz000021,深科技,2025-09-24 09:32:48,22.54,80800,22.55,E
sz000021,深科技,2025-09-24 09:32:51,22.55,27800,22.54,U
sz000021,深科技,2025-09-24 09:32:54,22.53,17300,22.55,D
sz000021,深科技,2025-09-24 09:32:57,22.53,13400,22.53,U
sz000021,深科技,2025-09-24 09:33:00,22.52,64500,22.53,D
sz000021,深科技,2025-09-24 09:33:03,22.52,20600,22.52,U
sz000021,深科技,2025-09-24 09:33:06,22.5,26300,22.52,E
sz000021,深科技,2025-09-24 09:33:09,22.53,13600,22.5,U
sz000021,深科技,2025-09-24 09:33:12,22.55,15800,22.53,U
sz000021,深科技,2025-09-24 09:33:15,22.53,17200,22.55,D
sz000021,深科技,2025-09-24 09:33:18,22.52,39100,22.53,D
sz000021,深科技,2025-09-24 09:33:21,22.53,17700,22.52,D
sz000021,深科技,2025-09-24 09:33:24,22.53,57000,22.53,D
sz000021,深科技,2025-09-24 09:33:27,22.55,12400,22.53,E
sz000021,深科技,2025-09-24 09:33:30,22.6,31800,22.55,U
sz000021,深科技,2025-09-24 09:33:33,22.62,47900,22.6,E
sz000021,深科技,2025-09-24 09:33:36,22.62,37700,22.62,U
sz000021,深科技,2025-09-24 09:33:39,22.6,12400,22.62,E
sz000021,深科技,2025-09-24 09:33:42,22.59,67800,22.6,D
sz000021,深科技,2025-09-24 09:33:45,22.61,27900,22.59,U
sz000021,深科技,2025-09-24 09:33:51,22.64,66900,22.59,U
sz000021,深科技,2025-09-24 09:34:00,22.66,12000,22.65,U
sz000021,深科技,2025-09-24 09:34:03,22.78,509400,22.66,U
sz000021,深科技,2025-09-24 09:34:06,22.74,21200,22.78,D
sz000021,深科技,2025-09-24 09:34:09,22.78,44400,22.74,U
sz000021,深科技,2025-09-24 09:34:12,22.78,30500,22.78,D
sz000021,深科技,2025-09-24 09:34:15,22.8,32100,22.78,U
sz000021,深科技,2025-09-24 09:34:18,22.79,24200,22.8,D
sz000021,深科技,2025-09-24 09:34:21,22.8,86900,22.79,U
sz000021,深科技,2025-09-24 09:34:24,22.79,103000,22.8,E
sz000021,深科技,2025-09-24 09:34:27,22.82,73600,22.79,U
sz000021,深科技,2025-09-24 09:34:30,22.85,99100,22.82,U
sz000021,深科技,2025-09-24 09:34:33,22.95,198200,22.85,U
sz000021,深科技,2025-09-24 09:34:36,22.95,59800,22.95,U
sz000021,深科技,2025-09-24 09:34:39,22.98,28700,22.95,U
sz000021,深科技,2025-09-24 09:34:42,23.0,320500,22.98,U
sz000021,深科技,2025-09-24 09:34:45,23.01,47600,23.0,U
sz000021,深科技,2025-09-24 09:34:48,23.01,31200,23.01,D
sz000021,深科技,2025-09-24 09:34:51,23.05,30000,23.01,U
sz000021,深科技,2025-09-24 09:34:54,23.04,107600,23.05,D
sz000021,深科技,2025-09-24 09:34:57,23.04,98600,23.04,U
sz000021,深科技,2025-09-24 09:35:00,23.03,92700,23.04,D
sz000021,深科技,2025-09-24 09:35:03,22.97,217100,23.03,D
sz000021,深科技,2025-09-24 09:35:06,23.01,61600,22.97,U
sz000021,深科技,2025-09-24 09:35:09,22.98,69500,23.01,D
sz000021,深科技,2025-09-24 09:35:12,22.98,27800,22.98,D
sz000021,深科技,2025-09-24 09:35:15,22.96,194200,22.98,D
sz000021,深科技,2025-09-24 09:35:18,22.96,49700,22.96,D
sz000021,深科技,2025-09-24 09:35:21,22.96,33100,22.96,D
sz000021,深科技,2025-09-24 09:35:24,22.98,80600,22.96,U
sz000021,深科技,2025-09-24 09:35:27,22.98,37100,22.98,D
sz000021,深科技,2025-09-24 09:35:30,22.97,49300,22.98,D
sz000021,深科技,2025-09-24 09:35:33,22.98,118900,22.97,U
sz000021,深科技,2025-09-24 09:35:36,22.99,56100,22.98,E
sz000021,深科技,2025-09-24 09:35:39,22.98,87100,22.99,E
sz000021,深科技,2025-09-24 09:35:42,23.02,102200,22.98,U
sz000021,深科技,2025-09-24 09:35:45,23.0,58400,23.02,D
sz000021,深科技,2025-09-24 09:35:48,23.03,21000,23.0,U
sz000021,深科技,2025-09-24 09:35:51,23.03,43700,23.03,U
sz000021,深科技,2025-09-24 09:35:54,23.02,73400,23.03,D
sz000021,深科技,2025-09-24 09:35:57,23.01,30700,23.02,E
sz000021,深科技,2025-09-24 09:36:00,22.99,82800,23.01,D
sz000021,深科技,2025-09-24 09:36:03,22.97,115700,22.99,E
sz000021,深科技,2025-09-24 09:36:06,22.97,121000,22.97,U
sz000021,深科技,2025-09-24 09:36:09,22.98,89000,22.97,U
sz000021,深科技,2025-09-24 09:36:12,23.03,384400,22.98,U
sz000021,深科技,2025-09-24 09:36:15,23.01,33100,23.03,D
sz000021,深科技,2025-09-24 09:36:18,23.03,100900,23.01,U
sz000021,深科技,2025-09-24 09:36:21,23.03,28700,23.03,D
sz000021,深科技,2025-09-24 09:36:24,23.03,26300,23.03,U
sz000021,深科技,2025-09-24 09:36:27,22.98,217500,23.03,D
sz000021,深科技,2025-09-24 09:36:30,23.0,60800,22.98,U
sz000021,深科技,2025-09-24 09:36:33,22.96,63200,23.0,D
sz000021,深科技,2025-09-24 09:36:36,22.97,62900,22.96,E
sz000021,深科技,2025-09-24 09:36:39,22.98,44800,22.97,U
sz000021,深科技,2025-09-24 09:36:42,22.98,73300,22.98,D
sz000021,深科技,2025-09-24 09:36:45,23.0,107600,22.98,U
sz000021,深科技,2025-09-24 09:36:48,23.0,83500,23.0,U
sz000021,深科技,2025-09-24 09:36:51,22.99,23700,23.0,D
sz000021,深科技,2025-09-24 09:36:54,23.0,70900,22.99,U
sz000021,深科技,2025-09-24 09:36:57,22.97,78300,23.0,D
sz000021,深科技,2025-09-24 09:37:00,22.97,10900,22.97,U
sz000021,深科技,2025-09-24 09:37:03,22.97,84700,22.97,U
sz000021,深科技,2025-09-24 09:37:06,22.92,16000,22.97,D
sz000021,深科技,2025-09-24 09:37:09,22.92,10300,22.92,D
sz000021,深科技,2025-09-24 09:37:12,22.93,46300,22.92,U
sz000021,深科技,2025-09-24 09:37:15,22.97,96500,22.93,U
sz000021,深科技,2025-09-24 09:37:18,22.99,102300,22.97,U
sz000021,深科技,2025-09-24 09:37:21,23.0,9500,22.99,U
sz000021,深科技,2025-09-24 09:37:24,23.0,95300,23.0,D
sz000021,深科技,2025-09-24 09:37:27,23.0,52900,23.0,U
sz000021,深科技,2025-09-24 09:37:30,22.99,40300,23.0,E
sz000021,深科技,2025-09-24 09:37:33,23.0,234600,22.99,U
sz000021,深科技,2025-09-24 09:37:36,23.03,44300,23.0,U
sz000021,深科技,2025-09-24 09:37:39,23.03,40800,23.03,U
sz000021,深科技,2025-09-24 09:37:42,23.04,94200,23.03,U
sz000021,深科技,2025-09-24 09:37:45,23.04,38200,23.04,U
sz000021,深科技,2025-09-24 09:37:48,23.05,57800,23.04,U
sz000021,深科技,2025-09-24 09:37:51,23.06,90300,23.05,U
sz000021,深科技,2025-09-24 09:37:54,23.06,83300,23.06,D
sz000021,深科技,2025-09-24 09:37:57,23.08,21300,23.06,E
sz000021,深科技,2025-09-24 09:38:00,23.09,80500,23.08,U
sz000021,深科技,2025-09-24 09:38:03,23.13,164500,23.09,U
sz000021,深科技,2025-09-24 09:38:06,23.12,72800,23.13,E
sz000021,深科技,2025-09-24 09:38:09,23.15,41900,23.12,U
sz000021,深科技,2025-09-24 09:38:12,23.15,59400,23.15,U
sz000021,深科技,2025-09-24 09:38:15,23.18,93900,23.15,U
sz000021,深科技,2025-09-24 09:38:18,23.19,37100,23.18,U
sz000021,深科技,2025-09-24 09:38:21,23.19,179500,23.19,U
sz000021,深科技,2025-09-24 09:38:24,23.2,132000,23.19,E
sz000021,深科技,2025-09-24 09:38:27,23.2,59000,23.2,D
sz000021,深科技,2025-09-24 09:38:30,23.17,123300,23.2,D
sz000021,深科技,2025-09-24 09:38:33,23.16,45500,23.17,D
sz000021,深科技,2025-09-24 09:38:36,23.17,87900,23.16,U
sz000021,深科技,2025-09-24 09:38:39,23.15,59500,23.17,D
sz000021,深科技,2025-09-24 09:38:42,23.15,84400,23.15,D
sz000021,深科技,2025-09-24 09:38:45,23.13,167000,23.15,D
sz000021,深科技,2025-09-24 09:38:48,23.12,39200,23.13,E
sz000021,深科技,2025-09-24 09:38:51,23.11,51500,23.12,E
sz000021,深科技,2025-09-24 09:38:54,23.12,18500,23.11,U
sz000021,深科技,2025-09-24 09:38:57,23.13,18900,23.12,U
sz000021,深科技,2025-09-24 09:39:00,23.14,24200,23.13,E
sz000021,深科技,2025-09-24 09:39:03,23.11,167400,23.14,D
sz000021,深科技,2025-09-24 09:39:06,23.12,146800,23.11,E
sz000021,深科技,2025-09-24 09:39:09,23.14,116500,23.12,U
sz000021,深科技,2025-09-24 09:39:12,23.12,119200,23.14,D
sz000021,深科技,2025-09-24 09:39:15,23.12,26600,23.12,D
sz000021,深科技,2025-09-24 09:39:18,23.12,64300,23.12,U
sz000021,深科技,2025-09-24 09:39:21,23.12,62800,23.12,D
sz000021,深科技,2025-09-24 09:39:24,23.1,47500,23.12,D
sz000021,深科技,2025-09-24 09:39:27,23.11,80400,23.1,E
sz000021,深科技,2025-09-24 09:39:30,23.1,38500,23.11,D
sz000021,深科技,2025-09-24 09:39:33,23.13,65800,23.1,U
sz000021,深科技,2025-09-24 09:39:36,23.17,193700,23.13,U
sz000021,深科技,2025-09-24 09:39:39,23.15,15200,23.17,D
sz000021,深科技,2025-09-24 09:39:42,23.16,28800,23.15,E
sz000021,深科技,2025-09-24 09:39:45,23.14,25600,23.16,D
sz000021,深科技,2025-09-24 09:39:48,23.14,63200,23.14,D
sz000021,深科技,2025-09-24 09:39:51,23.14,15300,23.14,D
sz000021,深科技,2025-09-24 09:39:54,23.15,26900,23.14,U
sz000021,深科技,2025-09-24 09:39:57,23.15,49200,23.15,U
sz000021,深科技,2025-09-24 09:40:00,23.15,31900,23.15,D
sz000021,深科技,2025-09-24 09:40:03,23.16,51300,23.15,U
sz000021,深科技,2025-09-24 09:40:06,23.16,63100,23.16,D
sz000021,深科技,2025-09-24 09:40:09,23.17,32100,23.16,U
sz000021,深科技,2025-09-24 09:40:12,23.16,69400,23.17,D
sz000021,深科技,2025-09-24 09:40:15,23.17,26700,23.16,U
sz000021,深科技,2025-09-24 09:40:18,23.16,42100,23.17,D
sz000021,深科技,2025-09-24 09:40:21,23.15,57300,23.16,D
sz000021,深科技,2025-09-24 09:40:24,23.17,28800,23.15,U
sz000021,深科技,2025-09-24 09:40:27,23.17,26300,23.17,U
sz000021,深科技,2025-09-24 09:40:30,23.17,51400,23.17,U
sz000021,深科技,2025-09-24 09:40:33,23.17,20200,23.17,D
sz000021,深科技,2025-09-24 09:40:36,23.18,21700,23.17,U
sz000021,深科技,2025-09-24 09:40:39,23.19,238400,23.18,U
sz000021,深科技,2025-09-24 09:40:42,23.19,55900,23.19,D
sz000021,深科技,2025-09-24 09:40:45,23.19,41700,23.19,U
sz000021,深科技,2025-09-24 09:40:48,23.19,57900,23.19,U
sz000021,深科技,2025-09-24 09:40:51,23.16,44500,23.19,D
sz000021,深科技,2025-09-24 09:40:54,23.17,30500,23.16,U
sz000021,深科技,2025-09-24 09:40:57,23.17,39700,23.17,D
sz000021,深科技,2025-09-24 09:41:00,23.19,63800,23.17,U
sz000021,深科技,2025-09-24 09:41:03,23.18,117500,23.19,E
sz000021,深科技,2025-09-24 09:41:06,23.15,137300,23.18,E
sz000021,深科技,2025-09-24 09:41:09,23.18,41400,23.15,U
sz000021,深科技,2025-09-24 09:41:12,23.27,601000,23.18,U
sz000021,深科技,2025-09-24 09:41:15,23.28,24400,23.27,E
sz000021,深科技,2025-09-24 09:41:18,23.25,52600,23.28,D
sz000021,深科技,2025-09-24 09:41:21,23.2,34600,23.25,D
sz000021,深科技,2025-09-24 09:41:24,23.22,44200,23.2,E
sz000021,深科技,2025-09-24 09:41:27,23.22,68800,23.22,D
sz000021,深科技,2025-09-24 09:41:30,23.25,65100,23.22,U
sz000021,深科技,2025-09-24 09:41:33,23.25,261800,23.25,U
sz000021,深科技,2025-09-24 09:41:36,23.25,23800,23.25,D
sz000021,深科技,2025-09-24 09:41:39,23.27,70500,23.25,U
sz000021,深科技,2025-09-24 09:41:42,23.25,108700,23.27,E
sz000021,深科技,2025-09-24 09:41:45,23.25,57300,23.25,D
sz000021,深科技,2025-09-24 09:41:48,23.27,87300,23.25,E
sz000021,深科技,2025-09-24 09:41:51,23.28,125300,23.27,U
sz000021,深科技,2025-09-24 09:41:54,23.28,49900,23.28,U
sz000021,深科技,2025-09-24 09:41:57,23.27,78400,23.28,E
sz000021,深科技,2025-09-24 09:42:00,23.28,67600,23.27,U
sz000021,深科技,2025-09-24 09:42:03,23.27,143900,23.28,E
sz000021,深科技,2025-09-24 09:42:06,23.25,108300,23.27,E
sz000021,深科技,2025-09-24 09:42:09,23.25,70400,23.25,U
sz000021,深科技,2025-09-24 09:42:12,23.25,14800,23.25,D
sz000021,深科技,2025-09-24 09:42:15,23.25,23800,23.25,D
sz000021,深科技,2025-09-24 09:42:18,23.25,56200,23.25,D
sz000021,深科技,2025-09-24 09:42:21,23.25,127200,23.25,D
sz000021,深科技,2025-09-24 09:42:24,23.25,21500,23.25,U
sz000021,深科技,2025-09-24 09:42:27,23.24,56200,23.25,E
sz000021,深科技,2025-09-24 09:42:30,23.21,27900,23.24,D
sz000021,深科技,2025-09-24 09:42:33,23.25,31900,23.21,U
sz000021,深科技,2025-09-24 09:42:36,23.24,84800,23.25,E
sz000021,深科技,2025-09-24 09:42:39,23.25,29800,23.24,U
sz000021,深科技,2025-09-24 09:42:42,23.24,39500,23.25,D
sz000021,深科技,2025-09-24 09:42:45,23.22,37900,23.24,D
sz000021,深科技,2025-09-24 09:42:48,23.21,10500,23.22,D
sz000021,深科技,2025-09-24 09:42:51,23.21,76000,23.21,D
sz000021,深科技,2025-09-24 09:42:54,23.2,76000,23.21,D
sz000021,深科技,2025-09-24 09:42:57,23.2,53000,23.2,D
sz000021,深科技,2025-09-24 09:43:00,23.2,18700,23.2,D
sz000021,深科技,2025-09-24 09:43:03,23.2,30600,23.2,U
sz000021,深科技,2025-09-24 09:43:06,23.19,35300,23.2,D
sz000021,深科技,2025-09-24 09:43:09,23.21,118300,23.19,U
sz000021,深科技,2025-09-24 09:43:12,23.21,208100,23.21,D
sz000021,深科技,2025-09-24 09:43:15,23.29,338800,23.21,U
sz000021,深科技,2025-09-24 09:43:18,23.32,438200,23.29,U
sz000021,深科技,2025-09-24 09:43:21,23.35,38300,23.32,U
sz000021,深科技,2025-09-24 09:43:24,23.32,49300,23.35,E
sz000021,深科技,2025-09-24 09:43:27,23.3,27600,23.32,E
sz000021,深科技,2025-09-24 09:43:30,23.3,65000,23.3,U
sz000021,深科技,2025-09-24 09:43:33,23.28,34400,23.3,E
sz000021,深科技,2025-09-24 09:43:36,23.25,75300,23.28,E
sz000021,深科技,2025-09-24 09:43:39,23.25,49400,23.25,U
sz000021,深科技,2025-09-24 09:43:42,23.24,19900,23.25,U
sz000021,深科技,2025-09-24 09:43:45,23.22,80700,23.24,D
sz000021,深科技,2025-09-24 09:43:48,23.19,227300,23.22,E
sz000021,深科技,2025-09-24 09:43:51,23.23,25500,23.19,U
sz000021,深科技,2025-09-24 09:43:54,23.16,42300,23.23,D
sz000021,深科技,2025-09-24 09:43:57,23.18,53300,23.16,U
sz000021,深科技,2025-09-24 09:44:00,23.18,39500,23.18,D
sz000021,深科技,2025-09-24 09:44:03,23.16,54700,23.18,D
sz000021,深科技,2025-09-24 09:44:06,23.14,87100,23.16,D
sz000021,深科技,2025-09-24 09:44:09,23.12,49300,23.14,D
sz000021,深科技,2025-09-24 09:44:12,23.12,23100,23.12,D
sz000021,深科技,2025-09-24 09:44:15,23.12,58200,23.12,D
sz000021,深科技,2025-09-24 09:44:18,23.12,122700,23.12,E
sz000021,深科技,2025-09-24 09:44:21,23.08,8900,23.12,E
sz000021,深科技,2025-09-24 09:44:24,23.05,28500,23.08,D
sz000021,深科技,2025-09-24 09:44:27,23.02,13600,23.05,D
sz000021,深科技,2025-09-24 09:44:30,22.99,149000,23.02,D
sz000021,深科技,2025-09-24 09:44:33,23.0,40600,22.99,U
sz000021,深科技,2025-09-24 09:44:36,22.98,14600,23.0,D
sz000021,深科技,2025-09-24 09:44:39,23.0,14800,22.98,U
sz000021,深科技,2025-09-24 09:44:42,23.0,15400,23.0,U
sz000021,深科技,2025-09-24 09:44:45,23.02,42300,23.0,U
sz000021,深科技,2025-09-24 09:44:48,23.05,18000,23.02,U
sz000021,深科技,2025-09-24 09:44:51,23.05,11200,23.05,U
sz000021,深科技,2025-09-24 09:44:54,23.05,20800,23.05,U
sz000021,深科技,2025-09-24 09:44:57,23.05,53800,23.05,E
sz000021,深科技,2025-09-24 09:45:00,23.06,41400,23.05,D
sz000021,深科技,2025-09-24 09:45:03,23.08,63700,23.06,U
sz000021,深科技,2025-09-24 09:45:06,23.06,125300,23.08,D
sz000021,深科技,2025-09-24 09:45:09,23.05,86400,23.06,D
sz000021,深科技,2025-09-24 09:45:12,23.05,28700,23.05,D
sz000021,深科技,2025-09-24 09:45:15,23.04,93600,23.05,E
sz000021,深科技,2025-09-24 09:45:18,23.04,98100,23.04,D
sz000021,深科技,2025-09-24 09:45:21,23.01,88900,23.04,D
sz000021,深科技,2025-09-24 09:45:24,23.03,313600,23.01,E
sz000021,深科技,2025-09-24 09:45:27,23.01,59600,23.03,E
sz000021,深科技,2025-09-24 09:45:30,22.99,34100,23.01,E
sz000021,深科技,2025-09-24 09:45:33,22.98,49600,22.99,D
sz000021,深科技,2025-09-24 09:45:36,22.96,83800,22.98,D
sz000021,深科技,2025-09-24 09:45:39,22.94,50100,22.96,D
sz000021,深科技,2025-09-24 09:45:42,22.95,22500,22.94,U
sz000021,深科技,2025-09-24 09:45:45,22.95,28500,22.95,U
sz000021,深科技,2025-09-24 09:45:48,22.95,74200,22.95,U
sz000021,深科技,2025-09-24 09:45:51,22.96,36500,22.95,U
sz000021,深科技,2025-09-24 09:45:57,22.98,31500,22.96,U
sz000021,深科技,2025-09-24 09:46:00,22.99,8700,22.98,U
sz000021,深科技,2025-09-24 09:46:03,23.0,13700,22.99,U
sz000021,深科技,2025-09-24 09:46:06,22.99,39100,23.0,D
sz000021,深科技,2025-09-24 09:46:09,22.99,57100,22.99,U
sz000021,深科技,2025-09-24 09:46:12,22.98,17800,22.99,D
sz000021,深科技,2025-09-24 09:46:15,22.97,18600,22.98,D
sz000021,深科技,2025-09-24 09:46:18,22.96,49100,22.97,D
sz000021,深科技,2025-09-24 09:46:21,22.94,223800,22.96,D
sz000021,深科技,2025-09-24 09:46:24,22.93,14400,22.94,E
sz000021,深科技,2025-09-24 09:46:27,22.95,37200,22.93,U
sz000021,深科技,2025-09-24 09:46:30,22.94,48800,22.95,E
sz000021,深科技,2025-09-24 09:46:33,22.94,31900,22.94,E
sz000021,深科技,2025-09-24 09:46:36,22.89,86500,22.94,D
sz000021,深科技,2025-09-24 09:46:39,22.9,19300,22.89,D
sz000021,深科技,2025-09-24 09:46:42,22.91,20600,22.9,U
sz000021,深科技,2025-09-24 09:46:45,22.89,104100,22.91,D
sz000021,深科技,2025-09-24 09:46:48,22.89,94900,22.89,U
sz000021,深科技,2025-09-24 09:46:51,22.83,67800,22.89,D
sz000021,深科技,2025-09-24 09:46:54,22.89,12600,22.83,U
sz000021,深科技,2025-09-24 09:46:57,22.88,9000,22.89,E
sz000021,深科技,2025-09-24 09:47:00,22.85,59300,22.88,D
sz000021,深科技,2025-09-24 09:47:03,22.88,18800,22.85,U
sz000021,深科技,2025-09-24 09:47:06,22.84,99400,22.88,D
sz000021,深科技,2025-09-24 09:47:09,22.84,28100,22.84,U
sz000021,深科技,2025-09-24 09:47:12,22.83,29900,22.84,E
sz000021,深科技,2025-09-24 09:47:15,22.83,45700,22.83,D
sz000021,深科技,2025-09-24 09:47:18,22.84,38100,22.83,U
sz000021,深科技,2025-09-24 09:47:21,22.81,144200,22.84,D
sz000021,深科技,2025-09-24 09:47:24,22.81,40600,22.81,U
sz000021,深科技,2025-09-24 09:47:27,22.8,67600,22.81,D
sz000021,深科技,2025-09-24 09:47:30,22.79,24400,22.8,D
sz000021,深科技,2025-09-24 09:47:33,22.77,14000,22.79,D
sz000021,深科技,2025-09-24 09:47:36,22.78,29400,22.77,U
sz000021,深科技,2025-09-24 09:47:39,22.76,25000,22.78,D
sz000021,深科技,2025-09-24 09:47:42,22.78,22100,22.76,U
sz000021,深科技,2025-09-24 09:47:45,22.78,44600,22.78,U
sz000021,深科技,2025-09-24 09:47:48,22.77,29300,22.78,D
sz000021,深科技,2025-09-24 09:47:51,22.79,28500,22.77,U
sz000021,深科技,2025-09-24 09:47:54,22.78,32100,22.79,D
sz000021,深科技,2025-09-24 09:47:57,22.78,21200,22.78,U
sz000021,深科技,2025-09-24 09:48:00,22.8,17200,22.78,U
sz000021,深科技,2025-09-24 09:48:03,22.79,12000,22.8,D
sz000021,深科技,2025-09-24 09:48:06,22.79,14400,22.79,D
sz000021,深科技,2025-09-24 09:48:09,22.81,34500,22.79,U
sz000021,深科技,2025-09-24 09:48:12,22.81,54600,22.81,U
sz000021,深科技,2025-09-24 09:48:15,22.81,53300,22.81,D
sz000021,深科技,2025-09-24 09:48:18,22.85,27600,22.81,U
sz000021,深科技,2025-09-24 09:48:21,22.86,55800,22.85,U
sz000021,深科技,2025-09-24 09:48:24,22.84,30700,22.86,D
sz000021,深科技,2025-09-24 09:48:27,22.86,32200,22.84,U
sz000021,深科技,2025-09-24 09:48:33,22.89,22500,22.87,U
sz000021,深科技,2025-09-24 09:48:36,22.9,8900,22.89,U
sz000021,深科技,2025-09-24 09:48:39,22.86,159600,22.9,D
sz000021,深科技,2025-09-24 09:48:42,22.86,34900,22.86,U
sz000021,深科技,2025-09-24 09:48:45,22.88,58200,22.86,U
sz000021,深科技,2025-09-24 09:48:48,22.88,48600,22.88,U
sz000021,深科技,2025-09-24 09:48:51,22.9,65600,22.88,U
sz000021,深科技,2025-09-24 09:48:54,22.92,31100,22.9,U
sz000021,深科技,2025-09-24 09:49:00,22.97,48800,22.93,U
sz000021,深科技,2025-09-24 09:49:09,22.96,27300,22.97,D
sz000021,深科技,2025-09-24 09:49:12,22.97,27000,22.96,U
sz000021,深科技,2025-09-24 09:49:15,22.97,18500,22.97,U
sz000021,深科技,2025-09-24 09:49:18,22.97,34202,22.97,D
sz000021,深科技,2025-09-24 09:49:21,22.99,31400,22.97,U
sz000021,深科技,2025-09-24 09:49:24,23.01,17200,22.99,U
sz000021,深科技,2025-09-24 09:49:30,23.02,20600,23.0,U
sz000021,深科技,2025-09-24 09:49:33,23.01,83200,23.02,D
sz000021,深科技,2025-09-24 09:49:36,23.02,77900,23.01,U
sz000021,深科技,2025-09-24 09:49:39,23.0,21000,23.02,D
sz000021,深科技,2025-09-24 09:49:42,22.97,158098,23.0,D
sz000021,深科技,2025-09-24 09:49:45,22.94,31200,22.97,D
sz000021,深科技,2025-09-24 09:49:51,22.94,21800,22.93,U
sz000021,深科技,2025-09-24 09:49:54,22.93,9700,22.94,U
sz000021,深科技,2025-09-24 09:49:57,22.93,18400,22.93,U
sz000021,深科技,2025-09-24 09:50:00,22.93,22900,22.93,U
sz000021,深科技,2025-09-24 09:50:06,22.93,42700,22.93,D
sz000021,深科技,2025-09-24 09:50:09,22.95,17000,22.93,U
sz000021,深科技,2025-09-24 09:50:12,22.92,83500,22.95,D
sz000021,深科技,2025-09-24 09:50:15,22.91,34500,22.92,D
sz000021,深科技,2025-09-24 09:50:18,22.91,65700,22.91,D
sz000021,深科技,2025-09-24 09:50:21,22.82,144400,22.91,D
sz000021,深科技,2025-09-24 09:50:24,22.83,41800,22.82,D
sz000021,深科技,2025-09-24 09:50:27,22.83,18400,22.83,U
sz000021,深科技,2025-09-24 09:50:30,22.82,14200,22.83,D
sz000021,深科技,2025-09-24 09:50:33,22.83,19300,22.82,U
sz000021,深科技,2025-09-24 09:50:36,22.83,9700,22.83,U
sz000021,深科技,2025-09-24 09:50:39,22.82,24400,22.83,D
sz000021,深科技,2025-09-24 09:50:42,22.83,31700,22.82,U
sz000021,深科技,2025-09-24 09:50:48,22.84,9200,22.82,U
sz000021,深科技,2025-09-24 09:50:54,22.86,11900,22.85,U
sz000021,深科技,2025-09-24 09:50:57,22.87,8900,22.86,U
sz000021,深科技,2025-09-24 09:51:00,22.83,70900,22.87,D
sz000021,深科技,2025-09-24 09:51:03,22.88,31200,22.83,U
sz000021,深科技,2025-09-24 09:51:06,22.89,12900,22.88,U
sz000021,深科技,2025-09-24 09:51:09,22.88,24900,22.89,D
sz000021,深科技,2025-09-24 09:51:12,22.87,18900,22.88,E
sz000021,深科技,2025-09-24 09:51:15,22.86,23000,22.87,D
sz000021,深科技,2025-09-24 09:51:18,22.88,70600,22.86,U
sz000021,深科技,2025-09-24 09:51:30,22.92,22900,22.9,U
sz000021,深科技,2025-09-24 09:51:51,22.98,16700,22.99,D
sz000021,深科技,2025-09-24 09:51:54,22.98,28800,22.98,D
sz000021,深科技,2025-09-24 09:51:57,22.98,39800,22.98,D
sz000021,深科技,2025-09-24 09:52:00,22.98,49500,22.98,U
sz000021,深科技,2025-09-24 09:52:03,22.97,21100,22.98,D
sz000021,深科技,2025-09-24 09:52:06,22.97,23700,22.97,E
sz000021,深科技,2025-09-24 09:52:09,22.97,10400,22.97,D
sz000021,深科技,2025-09-24 09:52:12,22.97,35800,22.97,D
sz000021,深科技,2025-09-24 09:52:15,22.97,13400,22.97,U
sz000021,深科技,2025-09-24 09:52:21,22.95,14500,22.95,E
sz000021,深科技,2025-09-24 09:52:24,22.95,18800,22.95,U
sz000021,深科技,2025-09-24 09:52:27,22.93,10200,22.95,D
sz000021,深科技,2025-09-24 09:52:30,22.94,13400,22.93,U
sz000021,深科技,2025-09-24 09:52:33,22.92,9300,22.94,D
sz000021,深科技,2025-09-24 09:52:36,22.93,10000,22.92,E
sz000021,深科技,2025-09-24 09:52:39,22.92,11800,22.93,D
sz000021,深科技,2025-09-24 09:52:45,22.97,84000,22.94,U
sz000021,深科技,2025-09-24 09:52:48,22.99,36200,22.97,U
sz000021,深科技,2025-09-24 09:52:51,22.97,15600,22.99,E
sz000021,深科技,2025-09-24 09:52:54,22.99,27300,22.97,U
sz000021,深科技,2025-09-24 09:52:57,22.97,16200,22.99,E
sz000021,深科技,2025-09-24 09:53:03,22.97,42100,22.97,D
sz000021,深科技,2025-09-24 09:53:06,22.99,41500,22.97,U
sz000021,深科技,2025-09-24 09:53:18,22.98,64600,22.98,D
sz000021,深科技,2025-09-24 09:53:21,22.98,123600,22.98,D
sz000021,深科技,2025-09-24 09:53:24,22.97,27000,22.98,D
sz000021,深科技,2025-09-24 09:53:27,22.98,33300,22.97,U
sz000021,深科技,2025-09-24 09:53:30,22.98,10600,22.98,D
sz000021,深科技,2025-09-24 09:53:36,22.99,21200,22.98,U
sz000021,深科技,2025-09-24 09:53:39,22.97,182300,22.99,D
sz000021,深科技,2025-09-24 09:53:42,22.95,86300,22.97,D
sz000021,深科技,2025-09-24 09:53:45,22.94,32600,22.95,D
sz000021,深科技,2025-09-24 09:53:51,22.92,37800,22.94,D
sz000021,深科技,2025-09-24 09:53:54,22.91,14000,22.92,D
sz000021,深科技,2025-09-24 09:53:57,22.91,16500,22.91,D
sz000021,深科技,2025-09-24 09:54:00,22.91,9100,22.91,U
sz000021,深科技,2025-09-24 09:54:03,22.91,21400,22.91,D
sz000021,深科技,2025-09-24 09:54:06,22.9,18600,22.91,D
sz000021,深科技,2025-09-24 09:54:12,22.9,17800,22.89,U
sz000021,深科技,2025-09-24 09:54:15,22.92,37400,22.9,U
sz000021,深科技,2025-09-24 09:54:18,22.9,9700,22.92,D
sz000021,深科技,2025-09-24 09:54:27,22.9,21900,22.93,D
sz000021,深科技,2025-09-24 09:54:30,22.89,42800,22.9,D
sz000021,深科技,2025-09-24 09:54:33,22.9,25100,22.89,U
sz000021,深科技,2025-09-24 09:54:39,22.88,11100,22.9,D
sz000021,深科技,2025-09-24 09:54:42,22.89,34400,22.88,U
sz000021,深科技,2025-09-24 09:54:45,22.88,17300,22.89,D
sz000021,深科技,2025-09-24 09:54:54,22.89,11900,22.91,E
sz000021,深科技,2025-09-24 09:55:06,22.92,16700,22.91,U
sz000021,深科技,2025-09-24 09:55:09,22.88,10800,22.92,D
sz000021,深科技,2025-09-24 09:55:12,22.89,19700,22.88,E
sz000021,深科技,2025-09-24 09:55:21,22.89,26000,22.9,D
sz000021,深科技,2025-09-24 09:55:24,22.88,19800,22.89,D
sz000021,深科技,2025-09-24 09:55:30,22.89,13400,22.88,U
sz000021,深科技,2025-09-24 09:55:33,22.89,23200,22.89,U
sz000021,深科技,2025-09-24 09:55:39,22.9,27300,22.89,U
sz000021,深科技,2025-09-24 09:55:51,22.88,41100,22.88,D
sz000021,深科技,2025-09-24 09:55:54,22.91,72700,22.88,U
sz000021,深科技,2025-09-24 09:55:57,22.87,15400,22.91,D
sz000021,深科技,2025-09-24 09:56:03,22.88,11800,22.9,D
sz000021,深科技,2025-09-24 09:56:12,22.89,18600,22.9,U
sz000021,深科技,2025-09-24 09:56:15,22.89,42100,22.89,U
sz000021,深科技,2025-09-24 09:56:18,22.87,64400,22.89,D
sz000021,深科技,2025-09-24 09:56:21,22.85,46800,22.87,D
sz000021,深科技,2025-09-24 09:56:24,22.85,25000,22.85,D
sz000021,深科技,2025-09-24 09:56:27,22.85,16700,22.85,U
sz000021,深科技,2025-09-24 09:56:30,22.84,14000,22.85,D
sz000021,深科技,2025-09-24 09:56:33,22.84,19000,22.84,E
sz000021,深科技,2025-09-24 09:56:36,22.85,13600,22.84,U
sz000021,深科技,2025-09-24 09:56:39,22.84,18400,22.85,D
sz000021,深科技,2025-09-24 09:56:42,22.84,14600,22.84,U
sz000021,深科技,2025-09-24 09:56:48,22.83,72000,22.83,D
sz000021,深科技,2025-09-24 09:56:51,22.83,17600,22.83,D
sz000021,深科技,2025-09-24 09:56:54,22.84,18500,22.83,U
sz000021,深科技,2025-09-24 09:56:57,22.83,23300,22.84,E
sz000021,深科技,2025-09-24 09:57:00,22.84,29300,22.83,U
sz000021,深科技,2025-09-24 09:57:09,22.84,23500,22.84,D
sz000021,深科技,2025-09-24 09:57:12,22.86,15600,22.84,U
sz000021,深科技,2025-09-24 09:57:15,22.92,75200,22.86,U
sz000021,深科技,2025-09-24 09:57:21,22.92,13300,22.92,U
sz000021,深科技,2025-09-24 09:57:27,22.91,48500,22.92,D
sz000021,深科技,2025-09-24 09:57:33,22.92,42900,22.92,U
sz000021,深科技,2025-09-24 09:57:36,22.93,38500,22.92,U
sz000021,深科技,2025-09-24 09:57:39,22.95,9300,22.93,U
sz000021,深科技,2025-09-24 09:57:42,22.95,39500,22.95,U
sz000021,深科技,2025-09-24 09:57:48,22.95,15700,22.95,U
sz000021,深科技,2025-09-24 09:57:57,22.96,15800,22.95,U
sz000021,深科技,2025-09-24 09:58:03,22.96,37500,22.96,D
sz000021,深科技,2025-09-24 09:58:06,22.95,11800,22.96,U
sz000021,深科技,2025-09-24 09:58:09,22.97,15800,22.95,U
sz000021,深科技,2025-09-24 09:58:24,22.98,23300,22.98,U
sz000021,深科技,2025-09-24 09:58:30,22.99,12600,22.99,U
sz000021,深科技,2025-09-24 09:58:33,22.99,12900,22.99,U
sz000021,深科技,2025-09-24 09:58:36,22.99,22900,22.99,U
sz000021,深科技,2025-09-24 09:58:39,22.98,47500,22.99,D
sz000021,深科技,2025-09-24 09:58:42,22.98,81500,22.98,U
sz000021,深科技,2025-09-24 09:58:45,22.98,20400,22.98,D
sz000021,深科技,2025-09-24 09:58:51,22.98,12400,22.98,U
sz000021,深科技,2025-09-24 09:59:00,22.96,18500,22.97,D
sz000021,深科技,2025-09-24 09:59:06,22.97,13900,22.97,D
sz000021,深科技,2025-09-24 09:59:12,22.99,27400,22.98,U
sz000021,深科技,2025-09-24 09:59:15,22.99,13900,22.99,U
sz000021,深科技,2025-09-24 09:59:21,22.98,13100,22.97,U
sz000021,深科技,2025-09-24 09:59:24,22.99,9500,22.98,U
sz000021,深科技,2025-09-24 09:59:27,23.0,42500,22.99,U
sz000021,深科技,2025-09-24 09:59:30,22.99,9600,23.0,D
sz000021,深科技,2025-09-24 09:59:33,23.0,40600,22.99,U
sz000021,深科技,2025-09-24 09:59:36,23.01,39900,23.0,U
sz000021,深科技,2025-09-24 09:59:42,23.01,54200,23.01,U
sz000021,深科技,2025-09-24 09:59:45,23.04,18100,23.01,U
sz000021,深科技,2025-09-24 09:59:54,23.01,11700,23.01,U
sz000021,深科技,2025-09-24 10:00:00,23.03,15300,23.01,U
sz000021,深科技,2025-09-24 10:00:03,23.03,21100,23.03,U
sz000021,深科技,2025-09-24 10:00:06,22.98,169000,23.03,D
sz000021,深科技,2025-09-24 10:00:09,22.98,19100,22.98,U
sz000021,深科技,2025-09-24 10:00:12,23.0,16600,22.98,U
sz000021,深科技,2025-09-24 10:00:18,22.98,34400,22.97,U
sz000021,深科技,2025-09-24 10:00:21,22.98,9900,22.98,U
sz000021,深科技,2025-09-24 10:00:24,22.97,22400,22.98,D
sz000021,深科技,2025-09-24 10:00:30,22.98,30400,22.97,U
sz000021,深科技,2025-09-24 10:00:33,23.01,33500,22.98,U
sz000021,深科技,2025-09-24 10:00:36,22.97,16900,23.01,D
sz000021,深科技,2025-09-24 10:00:39,23.0,37800,22.97,U
sz000021,深科技,2025-09-24 10:00:45,22.98,42000,23.0,D
sz000021,深科技,2025-09-24 10:00:51,22.99,24000,22.99,U
sz000021,深科技,2025-09-24 10:00:57,22.98,11200,22.99,D
sz000021,深科技,2025-09-24 10:01:00,22.98,25900,22.98,D
sz000021,深科技,2025-09-24 10:01:03,22.98,15800,22.98,D
sz000021,深科技,2025-09-24 10:01:06,22.98,11600,22.98,D
sz000021,深科技,2025-09-24 10:01:09,22.96,23600,22.98,D
sz000021,深科技,2025-09-24 10:01:12,22.96,58500,22.96,D
sz000021,深科技,2025-09-24 10:01:15,22.98,12600,22.96,U
sz000021,深科技,2025-09-24 10:01:18,22.96,15700,22.98,D
sz000021,深科技,2025-09-24 10:01:21,22.98,26300,22.96,U
sz000021,深科技,2025-09-24 10:01:27,22.97,10200,22.96,U
sz000021,深科技,2025-09-24 10:01:30,22.97,26300,22.97,U
sz000021,深科技,2025-09-24 10:01:33,22.96,22700,22.97,D
sz000021,深科技,2025-09-24 10:01:36,22.95,13700,22.96,E
sz000021,深科技,2025-09-24 10:01:45,22.95,12900,22.95,U
sz000021,深科技,2025-09-24 10:01:51,22.97,38900,22.96,U
sz000021,深科技,2025-09-24 10:01:54,22.96,26900,22.97,D
sz000021,深科技,2025-09-24 10:02:00,22.97,10200,22.97,U
sz000021,深科技,2025-09-24 10:02:06,22.98,42000,22.96,U
sz000021,深科技,2025-09-24 10:02:09,22.96,15400,22.98,D
sz000021,深科技,2025-09-24 10:02:18,22.96,11000,22.97,E
sz000021,深科技,2025-09-24 10:02:21,22.97,21100,22.96,U
sz000021,深科技,2025-09-24 10:02:30,22.97,53300,22.98,D
sz000021,深科技,2025-09-24 10:02:33,22.95,24600,22.97,D
sz000021,深科技,2025-09-24 10:02:36,22.95,12100,22.95,D
sz000021,深科技,2025-09-24 10:02:39,22.95,13100,22.95,D
sz000021,深科技,2025-09-24 10:02:42,22.96,14000,22.95,U
sz000021,深科技,2025-09-24 10:02:48,22.97,13000,22.97,U
sz000021,深科技,2025-09-24 10:02:54,22.97,14900,22.96,U
sz000021,深科技,2025-09-24 10:03:03,22.96,17000,22.98,D
sz000021,深科技,2025-09-24 10:03:06,22.99,11600,22.96,U
sz000021,深科技,2025-09-24 10:03:12,22.97,23000,22.96,U
sz000021,深科技,2025-09-24 10:03:15,22.98,37000,22.97,U
sz000021,深科技,2025-09-24 10:03:18,23.0,59500,22.98,U
sz000021,深科技,2025-09-24 10:03:24,23.02,9300,23.0,U
sz000021,深科技,2025-09-24 10:03:27,23.02,12400,23.02,U
sz000021,深科技,2025-09-24 10:03:36,23.03,33300,23.02,U
sz000021,深科技,2025-09-24 10:03:39,22.99,46300,23.03,D
sz000021,深科技,2025-09-24 10:03:42,22.99,66400,22.99,D
sz000021,深科技,2025-09-24 10:03:45,23.0,16500,22.99,U
sz000021,深科技,2025-09-24 10:03:54,23.0,22800,23.01,D
sz000021,深科技,2025-09-24 10:04:00,23.0,37300,23.01,D
sz000021,深科技,2025-09-24 10:04:03,22.98,42000,23.0,D
sz000021,深科技,2025-09-24 10:04:09,22.96,26400,22.97,D
sz000021,深科技,2025-09-24 10:04:12,22.97,13000,22.96,U
sz000021,深科技,2025-09-24 10:04:15,22.96,39000,22.97,D
sz000021,深科技,2025-09-24 10:04:21,22.95,9300,22.95,U
sz000021,深科技,2025-09-24 10:04:24,22.93,20200,22.95,D
sz000021,深科技,2025-09-24 10:04:27,22.93,13100,22.93,D
sz000021,深科技,2025-09-24 10:04:30,22.93,26300,22.93,D
sz000021,深科技,2025-09-24 10:04:33,22.93,16400,22.93,U
sz000021,深科技,2025-09-24 10:04:36,22.93,105800,22.93,U
sz000021,深科技,2025-09-24 10:04:39,22.93,10500,22.93,D
sz000021,深科技,2025-09-24 10:04:42,22.93,18700,22.93,D
sz000021,深科技,2025-09-24 10:04:48,22.96,69500,22.91,U
sz000021,深科技,2025-09-24 10:04:51,22.91,59700,22.96,D
sz000021,深科技,2025-09-24 10:04:57,22.95,15800,22.95,D
sz000021,深科技,2025-09-24 10:05:06,22.92,20700,22.93,D
sz000021,深科技,2025-09-24 10:05:09,22.92,24800,22.92,D
sz000021,深科技,2025-09-24 10:05:15,22.93,19000,22.93,U
sz000021,深科技,2025-09-24 10:05:18,22.93,16200,22.93,D
sz000021,深科技,2025-09-24 10:05:21,22.94,58800,22.93,U
sz000021,深科技,2025-09-24 10:05:27,22.91,84600,22.92,D
sz000021,深科技,2025-09-24 10:05:30,22.9,22700,22.91,D
sz000021,深科技,2025-09-24 10:05:33,22.92,43600,22.9,U
sz000021,深科技,2025-09-24 10:05:39,22.92,15000,22.92,D
sz000021,深科技,2025-09-24 10:05:45,22.92,16000,22.93,D
sz000021,深科技,2025-09-24 10:05:48,22.95,43800,22.92,U
sz000021,深科技,2025-09-24 10:05:51,22.96,15900,22.95,U
sz000021,深科技,2025-09-24 10:05:57,22.96,135300,22.96,D
sz000021,深科技,2025-09-24 10:06:06,22.96,23800,22.94,U
sz000021,深科技,2025-09-24 10:06:09,22.99,69500,22.96,U
sz000021,深科技,2025-09-24 10:06:15,23.02,19600,23.01,U
sz000021,深科技,2025-09-24 10:06:18,23.04,63500,23.02,U
sz000021,深科技,2025-09-24 10:06:21,23.02,25500,23.04,D
sz000021,深科技,2025-09-24 10:06:24,23.04,63900,23.02,U
sz000021,深科技,2025-09-24 10:06:27,23.06,25100,23.04,U
sz000021,深科技,2025-09-24 10:06:30,23.06,10600,23.06,U
sz000021,深科技,2025-09-24 10:06:33,23.07,21800,23.06,U
sz000021,深科技,2025-09-24 10:06:36,23.05,49300,23.07,D
sz000021,深科技,2025-09-24 10:06:39,23.06,19700,23.05,E
sz000021,深科技,2025-09-24 10:06:42,23.04,110400,23.06,D
sz000021,深科技,2025-09-24 10:06:45,23.01,13000,23.04,D
sz000021,深科技,2025-09-24 10:06:51,23.01,16900,23.01,U
sz000021,深科技,2025-09-24 10:06:54,23.01,34000,23.01,U
sz000021,深科技,2025-09-24 10:06:57,23.01,29600,23.01,U
sz000021,深科技,2025-09-24 10:07:00,23.04,26500,23.01,U
sz000021,深科技,2025-09-24 10:07:03,23.0,77600,23.04,D
sz000021,深科技,2025-09-24 10:07:06,22.98,24900,23.0,D
sz000021,深科技,2025-09-24 10:07:09,22.98,94800,22.98,U
sz000021,深科技,2025-09-24 10:07:15,22.98,130900,22.98,U
sz000021,深科技,2025-09-24 10:07:18,22.98,17600,22.98,D
sz000021,深科技,2025-09-24 10:07:21,22.97,43700,22.98,D
sz000021,深科技,2025-09-24 10:07:24,22.97,32400,22.97,U
sz000021,深科技,2025-09-24 10:07:27,22.97,9100,22.97,D
sz000021,深科技,2025-09-24 10:07:30,22.98,472300,22.97,U
sz000021,深科技,2025-09-24 10:07:33,23.0,14500,22.98,U
sz000021,深科技,2025-09-24 10:07:36,23.01,22200,23.0,U
sz000021,深科技,2025-09-24 10:07:39,23.0,10900,23.01,D
sz000021,深科技,2025-09-24 10:07:42,23.0,20800,23.0,D
sz000021,深科技,2025-09-24 10:07:45,23.01,27700,23.0,U
sz000021,深科技,2025-09-24 10:07:48,23.01,9900,23.01,D
sz000021,深科技,2025-09-24 10:07:51,23.02,41200,23.01,U
sz000021,深科技,2025-09-24 10:07:54,23.01,92200,23.02,D
sz000021,深科技,2025-09-24 10:07:57,23.03,13300,23.01,E
sz000021,深科技,2025-09-24 10:08:00,23.02,10800,23.03,D
sz000021,深科技,2025-09-24 10:08:03,23.04,19300,23.02,U
sz000021,深科技,2025-09-24 10:08:06,23.06,101500,23.04,U
sz000021,深科技,2025-09-24 10:08:09,23.09,60600,23.06,E
sz000021,深科技,2025-09-24 10:08:12,23.13,18100,23.09,U
sz000021,深科技,2025-09-24 10:08:15,23.16,31500,23.13,U
sz000021,深科技,2025-09-24 10:08:18,23.14,46500,23.16,D
sz000021,深科技,2025-09-24 10:08:21,23.13,51000,23.14,E
sz000021,深科技,2025-09-24 10:08:24,23.1,17400,23.13,E
sz000021,深科技,2025-09-24 10:08:27,23.12,41600,23.1,U
sz000021,深科技,2025-09-24 10:08:30,23.11,67200,23.12,E
sz000021,深科技,2025-09-24 10:08:33,23.1,55700,23.11,D
sz000021,深科技,2025-09-24 10:08:36,23.1,33700,23.1,E
sz000021,深科技,2025-09-24 10:08:39,23.09,48900,23.1,E
sz000021,深科技,2025-09-24 10:08:42,23.13,67000,23.09,U
sz000021,深科技,2025-09-24 10:08:45,23.12,18500,23.13,U
sz000021,深科技,2025-09-24 10:08:48,23.11,17900,23.12,E
sz000021,深科技,2025-09-24 10:08:51,23.12,52200,23.11,U
sz000021,深科技,2025-09-24 10:08:54,23.12,49400,23.12,D
sz000021,深科技,2025-09-24 10:08:57,23.12,33600,23.12,U
sz000021,深科技,2025-09-24 10:09:00,23.12,20100,23.12,U
sz000021,深科技,2025-09-24 10:09:03,23.12,154300,23.12,U
sz000021,深科技,2025-09-24 10:09:06,23.11,24800,23.12,E
sz000021,深科技,2025-09-24 10:09:09,23.11,14700,23.11,U
sz000021,深科技,2025-09-24 10:09:12,23.09,24200,23.11,U
sz000021,深科技,2025-09-24 10:09:15,23.04,21200,23.09,D
sz000021,深科技,2025-09-24 10:09:18,23.05,23800,23.04,D
sz000021,深科技,2025-09-24 10:09:24,23.07,27900,23.06,U
sz000021,深科技,2025-09-24 10:09:27,23.05,29000,23.07,U
sz000021,深科技,2025-09-24 10:09:30,23.03,16700,23.05,D
sz000021,深科技,2025-09-24 10:09:33,23.05,35700,23.03,U
sz000021,深科技,2025-09-24 10:09:36,23.04,58900,23.05,U
sz000021,深科技,2025-09-24 10:09:39,23.02,11800,23.04,D
sz000021,深科技,2025-09-24 10:09:42,23.04,21100,23.02,U
sz000021,深科技,2025-09-24 10:09:45,23.02,61800,23.04,D
sz000021,深科技,2025-09-24 10:09:51,23.02,37100,23.02,D
sz000021,深科技,2025-09-24 10:09:54,23.02,72100,23.02,D
sz000021,深科技,2025-09-24 10:10:00,23.02,14100,23.01,U
sz000021,深科技,2025-09-24 10:10:03,22.98,71200,23.02,D
sz000021,深科技,2025-09-24 10:10:06,23.0,101700,22.98,U
sz000021,深科技,2025-09-24 10:10:09,23.0,16400,23.0,U
sz000021,深科技,2025-09-24 10:10:12,22.98,17900,23.0,E
sz000021,深科技,2025-09-24 10:10:15,22.98,9200,22.98,D
sz000021,深科技,2025-09-24 10:10:18,22.98,15500,22.98,E
sz000021,深科技,2025-09-24 10:10:21,23.0,51100,22.98,U
sz000021,深科技,2025-09-24 10:10:24,22.99,12300,23.0,D
sz000021,深科技,2025-09-24 10:10:27,23.0,30900,22.99,U
sz000021,深科技,2025-09-24 10:10:30,23.01,40900,23.0,U
sz000021,深科技,2025-09-24 10:10:33,23.01,78500,23.01,D
sz000021,深科技,2025-09-24 10:10:36,23.02,107600,23.01,U
sz000021,深科技,2025-09-24 10:10:39,23.02,55400,23.02,D
sz000021,深科技,2025-09-24 10:10:42,23.05,46000,23.02,U
sz000021,深科技,2025-09-24 10:10:45,23.05,12700,23.05,U
sz000021,深科技,2025-09-24 10:10:48,23.07,43900,23.05,U
sz000021,深科技,2025-09-24 10:10:51,23.07,11400,23.07,U
sz000021,深科技,2025-09-24 10:10:54,23.06,13200,23.07,E
sz000021,深科技,2025-09-24 10:10:57,23.06,97000,23.06,U
sz000021,深科技,2025-09-24 10:11:00,23.07,21400,23.06,U
sz000021,深科技,2025-09-24 10:11:03,23.09,37600,23.07,U
sz000021,深科技,2025-09-24 10:11:06,23.09,61000,23.09,U
sz000021,深科技,2025-09-24 10:11:09,23.09,10200,23.09,U
sz000021,深科技,2025-09-24 10:11:15,23.1,57600,23.09,U
sz000021,深科技,2025-09-24 10:11:18,23.12,114400,23.1,U
sz000021,深科技,2025-09-24 10:11:21,23.13,63700,23.12,U
sz000021,深科技,2025-09-24 10:11:24,23.14,43100,23.13,U
sz000021,深科技,2025-09-24 10:11:27,23.14,97400,23.14,D
sz000021,深科技,2025-09-24 10:11:30,23.13,62200,23.14,D
sz000021,深科技,2025-09-24 10:11:33,23.13,116100,23.13,U
sz000021,深科技,2025-09-24 10:11:36,23.12,37800,23.13,U
sz000021,深科技,2025-09-24 10:11:39,23.12,69300,23.12,E
sz000021,深科技,2025-09-24 10:11:42,23.12,42400,23.12,U
sz000021,深科技,2025-09-24 10:11:45,23.11,36400,23.12,E
sz000021,深科技,2025-09-24 10:11:48,23.08,18900,23.11,D
sz000021,深科技,2025-09-24 10:11:51,23.07,21200,23.08,D
sz000021,深科技,2025-09-24 10:11:54,23.09,27100,23.07,U
sz000021,深科技,2025-09-24 10:11:57,23.07,21200,23.09,D
sz000021,深科技,2025-09-24 10:12:00,23.08,60800,23.07,U
sz000021,深科技,2025-09-24 10:12:03,23.07,19600,23.08,E
sz000021,深科技,2025-09-24 10:12:06,23.09,14300,23.07,U
sz000021,深科技,2025-09-24 10:12:09,23.07,8900,23.09,D
sz000021,深科技,2025-09-24 10:12:12,23.06,54600,23.07,D
sz000021,深科技,2025-09-24 10:12:15,23.06,10400,23.06,U
sz000021,深科技,2025-09-24 10:12:18,23.06,17800,23.06,D
sz000021,深科技,2025-09-24 10:12:21,23.07,120200,23.06,U
sz000021,深科技,2025-09-24 10:12:24,23.09,25000,23.07,U
sz000021,深科技,2025-09-24 10:12:27,23.09,33400,23.09,U
sz000021,深科技,2025-09-24 10:12:30,23.12,80200,23.09,U
sz000021,深科技,2025-09-24 10:12:33,23.12,13700,23.12,U
sz000021,深科技,2025-09-24 10:12:36,23.12,32300,23.12,U
sz000021,深科技,2025-09-24 10:12:39,23.13,50000,23.12,U
sz000021,深科技,2025-09-24 10:12:42,23.13,39700,23.13,U
sz000021,深科技,2025-09-24 10:12:45,23.13,47500,23.13,U
sz000021,深科技,2025-09-24 10:12:48,23.14,89900,23.13,U
sz000021,深科技,2025-09-24 10:12:51,23.13,24000,23.14,D
sz000021,深科技,2025-09-24 10:12:54,23.12,111000,23.13,D
sz000021,深科技,2025-09-24 10:12:57,23.13,42500,23.12,U
sz000021,深科技,2025-09-24 10:13:00,23.11,18900,23.13,U
sz000021,深科技,2025-09-24 10:13:03,23.09,95300,23.11,D
sz000021,深科技,2025-09-24 10:13:06,23.08,39500,23.09,D
sz000021,深科技,2025-09-24 10:13:09,23.09,16200,23.08,E
sz000021,深科技,2025-09-24 10:13:12,23.08,76300,23.09,E
sz000021,深科技,2025-09-24 10:13:15,23.08,12300,23.08,U
sz000021,深科技,2025-09-24 10:13:18,23.07,9800,23.08,D
sz000021,深科技,2025-09-24 10:13:21,23.07,11300,23.07,U
sz000021,深科技,2025-09-24 10:13:24,23.05,31500,23.07,D
sz000021,深科技,2025-09-24 10:13:27,23.06,75600,23.05,U
sz000021,深科技,2025-09-24 10:13:33,23.05,21100,23.07,D
sz000021,深科技,2025-09-24 10:13:36,23.05,34400,23.05,U
sz000021,深科技,2025-09-24 10:13:39,23.04,13700,23.05,D
sz000021,深科技,2025-09-24 10:13:45,23.05,17500,23.05,D
sz000021,深科技,2025-09-24 10:13:48,23.09,51800,23.05,U
sz000021,深科技,2025-09-24 10:13:51,23.1,32400,23.09,U
sz000021,深科技,2025-09-24 10:13:54,23.1,10800,23.1,D
sz000021,深科技,2025-09-24 10:13:57,23.1,34800,23.1,D
sz000021,深科技,2025-09-24 10:14:00,23.09,16300,23.1,D
sz000021,深科技,2025-09-24 10:14:03,23.08,22600,23.09,D
sz000021,深科技,2025-09-24 10:14:06,23.1,57500,23.08,U
sz000021,深科技,2025-09-24 10:14:09,23.1,13500,23.1,U
sz000021,深科技,2025-09-24 10:14:12,23.11,59300,23.1,U
sz000021,深科技,2025-09-24 10:14:15,23.09,9500,23.11,D
sz000021,深科技,2025-09-24 10:14:18,23.1,8800,23.09,U
sz000021,深科技,2025-09-24 10:14:21,23.14,263066,23.1,U
sz000021,深科技,2025-09-24 10:14:24,23.13,15300,23.14,E
sz000021,深科技,2025-09-24 10:14:27,23.11,15500,23.13,D
sz000021,深科技,2025-09-24 10:14:30,23.12,9800,23.11,U
sz000021,深科技,2025-09-24 10:14:33,23.11,22600,23.12,D
sz000021,深科技,2025-09-24 10:14:36,23.12,38400,23.11,D
sz000021,深科技,2025-09-24 10:14:42,23.13,33800,23.12,U
sz000021,深科技,2025-09-24 10:14:45,23.12,14400,23.13,D
sz000021,深科技,2025-09-24 10:14:48,23.1,14600,23.12,D
sz000021,深科技,2025-09-24 10:14:51,23.08,41300,23.1,D
sz000021,深科技,2025-09-24 10:14:54,23.1,68800,23.08,E
sz000021,深科技,2025-09-24 10:15:00,23.09,12700,23.1,E
sz000021,深科技,2025-09-24 10:15:06,23.1,35100,23.09,D
sz000021,深科技,2025-09-24 10:15:09,23.1,37400,23.1,D
sz000021,深科技,2025-09-24 10:15:12,23.1,76700,23.1,U
sz000021,深科技,2025-09-24 10:15:21,23.08,15800,23.08,D
sz000021,深科技,2025-09-24 10:15:24,23.07,47884,23.08,D
sz000021,深科技,2025-09-24 10:15:27,23.06,84650,23.07,D
sz000021,深科技,2025-09-24 10:15:30,23.05,9900,23.06,D
sz000021,深科技,2025-09-24 10:15:33,23.06,45500,23.05,U
sz000021,深科技,2025-09-24 10:15:36,23.07,36100,23.06,U
sz000021,深科技,2025-09-24 10:15:39,23.07,23900,23.07,U
sz000021,深科技,2025-09-24 10:15:42,23.06,8800,23.07,E
sz000021,深科技,2025-09-24 10:15:48,23.06,12900,23.06,E
sz000021,深科技,2025-09-24 10:15:51,23.06,19700,23.06,D
sz000021,深科技,2025-09-24 10:15:57,23.05,42000,23.05,D
sz000021,深科技,2025-09-24 10:16:00,23.04,12800,23.05,D
sz000021,深科技,2025-09-24 10:16:03,23.05,62200,23.04,U
sz000021,深科技,2025-09-24 10:16:06,23.05,21300,23.05,E
sz000021,深科技,2025-09-24 10:16:09,23.04,21800,23.05,D
sz000021,深科技,2025-09-24 10:16:15,23.07,61900,23.04,U
sz000021,深科技,2025-09-24 10:16:18,23.05,11116,23.07,D
sz000021,深科技,2025-09-24 10:16:24,23.07,11400,23.06,U
sz000021,深科技,2025-09-24 10:16:27,23.07,12800,23.07,U
sz000021,深科技,2025-09-24 10:16:30,23.11,54000,23.07,U
sz000021,深科技,2025-09-24 10:16:33,23.1,14900,23.11,D
sz000021,深科技,2025-09-24 10:16:36,23.12,10700,23.1,U
sz000021,深科技,2025-09-24 10:16:39,23.12,17700,23.12,U
sz000021,深科技,2025-09-24 10:16:42,23.11,8700,23.12,D
sz000021,深科技,2025-09-24 10:16:45,23.12,16000,23.11,U
sz000021,深科技,2025-09-24 10:16:48,23.12,11900,23.12,U
sz000021,深科技,2025-09-24 10:16:54,23.11,35500,23.13,D
sz000021,深科技,2025-09-24 10:16:57,23.11,18100,23.11,E
sz000021,深科技,2025-09-24 10:17:00,23.1,20400,23.11,E
sz000021,深科技,2025-09-24 10:17:06,23.09,11100,23.1,D
sz000021,深科技,2025-09-24 10:17:09,23.11,17800,23.09,U
sz000021,深科技,2025-09-24 10:17:12,23.12,13600,23.11,U
sz000021,深科技,2025-09-24 10:17:18,23.12,50200,23.11,U
sz000021,深科技,2025-09-24 10:17:21,23.12,61900,23.12,U
sz000021,深科技,2025-09-24 10:17:27,23.13,61100,23.13,U
sz000021,深科技,2025-09-24 10:17:30,23.13,58200,23.13,U
sz000021,深科技,2025-09-24 10:17:33,23.13,20700,23.13,U
sz000021,深科技,2025-09-24 10:17:39,23.13,50400,23.12,U
sz000021,深科技,2025-09-24 10:17:45,23.14,11900,23.13,U
sz000021,深科技,2025-09-24 10:17:48,23.13,26900,23.14,D
sz000021,深科技,2025-09-24 10:17:51,23.14,44100,23.13,U
sz000021,深科技,2025-09-24 10:17:54,23.13,25800,23.14,D
sz000021,深科技,2025-09-24 10:17:57,23.14,19400,23.13,E
sz000021,深科技,2025-09-24 10:18:00,23.14,10400,23.14,D
sz000021,深科技,2025-09-24 10:18:03,23.14,9700,23.14,U
sz000021,深科技,2025-09-24 10:18:06,23.14,35800,23.14,U
sz000021,深科技,2025-09-24 10:18:15,23.14,46000,23.14,D
sz000021,深科技,2025-09-24 10:18:18,23.14,26200,23.14,U
sz000021,深科技,2025-09-24 10:18:24,23.15,56600,23.13,U
sz000021,深科技,2025-09-24 10:18:27,23.14,43400,23.15,D
sz000021,深科技,2025-09-24 10:18:30,23.14,26000,23.14,U
sz000021,深科技,2025-09-24 10:18:33,23.14,24700,23.14,U
sz000021,深科技,2025-09-24 10:18:36,23.14,14400,23.14,U
sz000021,深科技,2025-09-24 10:18:39,23.15,25200,23.14,U
sz000021,深科技,2025-09-24 10:18:42,23.15,10400,23.15,U
sz000021,深科技,2025-09-24 10:18:45,23.15,14100,23.15,U
sz000021,深科技,2025-09-24 10:18:51,23.15,18900,23.15,U
sz000021,深科技,2025-09-24 10:18:54,23.15,11500,23.15,U
sz000021,深科技,2025-09-24 10:18:57,23.15,12400,23.15,U
sz000021,深科技,2025-09-24 10:19:00,23.14,10000,23.15,D
sz000021,深科技,2025-09-24 10:19:03,23.15,23100,23.14,U
sz000021,深科技,2025-09-24 10:19:21,23.19,319000,23.14,U
sz000021,深科技,2025-09-24 10:19:24,23.19,101500,23.19,U
sz000021,深科技,2025-09-24 10:19:27,23.15,214500,23.19,D
sz000021,深科技,2025-09-24 10:19:33,23.17,13000,23.17,E
sz000021,深科技,2025-09-24 10:19:36,23.15,17600,23.17,D
sz000021,深科技,2025-09-24 10:19:39,23.15,20000,23.15,D
sz000021,深科技,2025-09-24 10:19:42,23.14,48400,23.15,D
sz000021,深科技,2025-09-24 10:19:45,23.17,45400,23.14,U
sz000021,深科技,2025-09-24 10:19:54,23.16,15200,23.17,D
sz000021,深科技,2025-09-24 10:19:57,23.16,19500,23.16,U
sz000021,深科技,2025-09-24 10:20:00,23.16,20300,23.16,U
sz000021,深科技,2025-09-24 10:20:03,23.15,41900,23.16,D
sz000021,深科技,2025-09-24 10:20:06,23.15,35000,23.15,U
sz000021,深科技,2025-09-24 10:20:12,23.15,64800,23.15,U
sz000021,深科技,2025-09-24 10:20:15,23.13,27300,23.15,D
sz000021,深科技,2025-09-24 10:20:18,23.14,9100,23.13,U
sz000021,深科技,2025-09-24 10:20:24,23.13,72100,23.14,D
sz000021,深科技,2025-09-24 10:20:27,23.14,104900,23.13,E
sz000021,深科技,2025-09-24 10:20:33,23.14,19600,23.14,D
sz000021,深科技,2025-09-24 10:20:36,23.14,11400,23.14,D
sz000021,深科技,2025-09-24 10:20:39,23.15,55700,23.14,U
sz000021,深科技,2025-09-24 10:20:45,23.15,9300,23.15,D
sz000021,深科技,2025-09-24 10:20:48,23.15,13600,23.15,D
sz000021,深科技,2025-09-24 10:20:51,23.15,16100,23.15,D
sz000021,深科技,2025-09-24 10:21:00,23.15,10900,23.15,U
sz000021,深科技,2025-09-24 10:21:03,23.17,51700,23.15,U
sz000021,深科技,2025-09-24 10:21:12,23.16,9400,23.17,D
sz000021,深科技,2025-09-24 10:21:15,23.16,10500,23.16,D
sz000021,深科技,2025-09-24 10:21:18,23.16,19400,23.16,D
sz000021,深科技,2025-09-24 10:21:21,23.16,57200,23.16,D
sz000021,深科技,2025-09-24 10:21:24,23.17,37700,23.16,U
sz000021,深科技,2025-09-24 10:21:27,23.17,67000,23.17,U
sz000021,深科技,2025-09-24 10:21:30,23.16,19300,23.17,D
sz000021,深科技,2025-09-24 10:21:39,23.18,82400,23.17,U
sz000021,深科技,2025-09-24 10:21:42,23.18,10000,23.18,U
sz000021,深科技,2025-09-24 10:21:51,23.17,12500,23.18,D
sz000021,深科技,2025-09-24 10:22:00,23.19,229000,23.18,U
sz000021,深科技,2025-09-24 10:22:03,23.19,109100,23.19,D
sz000021,深科技,2025-09-24 10:22:06,23.23,30600,23.19,U
sz000021,深科技,2025-09-24 10:22:09,23.23,21700,23.23,U
sz000021,深科技,2025-09-24 10:22:12,23.24,43600,23.23,U
sz000021,深科技,2025-09-24 10:22:15,23.26,83100,23.24,U
sz000021,深科技,2025-09-24 10:22:18,23.27,21800,23.26,U
sz000021,深科技,2025-09-24 10:22:21,23.27,44900,23.27,U
sz000021,深科技,2025-09-24 10:22:24,23.28,10900,23.27,U
sz000021,深科技,2025-09-24 10:22:27,23.3,221100,23.28,U
sz000021,深科技,2025-09-24 10:22:30,23.3,42200,23.3,U
sz000021,深科技,2025-09-24 10:22:33,23.3,121500,23.3,U
sz000021,深科技,2025-09-24 10:22:36,23.31,236400,23.3,U
sz000021,深科技,2025-09-24 10:22:39,23.31,36700,23.31,D
sz000021,深科技,2025-09-24 10:22:42,23.32,59000,23.31,U
sz000021,深科技,2025-09-24 10:22:45,23.3,115600,23.32,D
sz000021,深科技,2025-09-24 10:22:48,23.3,53600,23.3,D
sz000021,深科技,2025-09-24 10:22:51,23.32,127900,23.3,U
sz000021,深科技,2025-09-24 10:22:54,23.32,58600,23.32,U
sz000021,深科技,2025-09-24 10:22:57,23.33,44700,23.32,U
sz000021,深科技,2025-09-24 10:23:00,23.32,67500,23.33,D
sz000021,深科技,2025-09-24 10:23:03,23.33,41300,23.32,U
sz000021,深科技,2025-09-24 10:23:06,23.32,77200,23.33,D
sz000021,深科技,2025-09-24 10:23:09,23.33,42300,23.32,U
sz000021,深科技,2025-09-24 10:23:12,23.32,30800,23.33,D
sz000021,深科技,2025-09-24 10:23:15,23.32,61200,23.32,D
sz000021,深科技,2025-09-24 10:23:18,23.3,80300,23.32,D
sz000021,深科技,2025-09-24 10:23:21,23.29,56700,23.3,D
sz000021,深科技,2025-09-24 10:23:24,23.28,70300,23.29,D
sz000021,深科技,2025-09-24 10:23:27,23.29,40400,23.28,U
sz000021,深科技,2025-09-24 10:23:30,23.28,15100,23.29,E
sz000021,深科技,2025-09-24 10:23:33,23.27,70800,23.28,D
sz000021,深科技,2025-09-24 10:23:36,23.25,64600,23.27,D
sz000021,深科技,2025-09-24 10:23:42,23.25,12200,23.26,D
sz000021,深科技,2025-09-24 10:23:45,23.26,92100,23.25,U
sz000021,深科技,2025-09-24 10:23:48,23.29,17900,23.26,U
sz000021,深科技,2025-09-24 10:23:51,23.29,21100,23.29,D
sz000021,深科技,2025-09-24 10:23:54,23.28,18800,23.29,D
sz000021,深科技,2025-09-24 10:23:57,23.27,105800,23.28,D
sz000021,深科技,2025-09-24 10:24:03,23.27,21400,23.27,U
sz000021,深科技,2025-09-24 10:24:06,23.27,34800,23.27,U
sz000021,深科技,2025-09-24 10:24:12,23.32,304968,23.26,U
sz000021,深科技,2025-09-24 10:24:15,23.33,16400,23.32,U
sz000021,深科技,2025-09-24 10:24:18,23.32,8600,23.33,D
sz000021,深科技,2025-09-24 10:24:21,23.3,181900,23.32,D
sz000021,深科技,2025-09-24 10:24:24,23.34,53200,23.3,U
sz000021,深科技,2025-09-24 10:24:27,23.33,33500,23.34,D
sz000021,深科技,2025-09-24 10:24:30,23.34,141600,23.33,U
sz000021,深科技,2025-09-24 10:24:33,23.34,21300,23.34,U
sz000021,深科技,2025-09-24 10:24:36,23.35,172800,23.34,U
sz000021,深科技,2025-09-24 10:24:39,23.35,40000,23.35,U
sz000021,深科技,2025-09-24 10:24:42,23.35,146700,23.35,U
sz000021,深科技,2025-09-24 10:24:45,23.34,78800,23.35,D
sz000021,深科技,2025-09-24 10:24:48,23.35,44162,23.34,U
sz000021,深科技,2025-09-24 10:24:51,23.36,26700,23.35,U
sz000021,深科技,2025-09-24 10:24:54,23.36,64600,23.36,U
sz000021,深科技,2025-09-24 10:24:57,23.36,131000,23.36,U
sz000021,深科技,2025-09-24 10:25:00,23.37,97200,23.36,U
sz000021,深科技,2025-09-24 10:25:03,23.38,43000,23.37,U
sz000021,深科技,2025-09-24 10:25:06,23.38,82700,23.38,U
sz000021,深科技,2025-09-24 10:25:09,23.39,52700,23.38,U
sz000021,深科技,2025-09-24 10:25:12,23.39,13400,23.39,U
sz000021,深科技,2025-09-24 10:25:15,23.4,171000,23.39,U
sz000021,深科技,2025-09-24 10:25:18,23.4,41000,23.4,U
sz000021,深科技,2025-09-24 10:25:21,23.4,84100,23.4,U
sz000021,深科技,2025-09-24 10:25:24,23.4,195700,23.4,U
sz000021,深科技,2025-09-24 10:25:27,23.41,83400,23.4,U
sz000021,深科技,2025-09-24 10:25:30,23.42,60000,23.41,U
sz000021,深科技,2025-09-24 10:25:33,23.4,125600,23.42,D
sz000021,深科技,2025-09-24 10:25:36,23.42,78400,23.4,U
sz000021,深科技,2025-09-24 10:25:39,23.43,77600,23.42,U
sz000021,深科技,2025-09-24 10:25:42,23.43,95100,23.43,U
sz000021,深科技,2025-09-24 10:25:45,23.47,301600,23.43,U
sz000021,深科技,2025-09-24 10:25:48,23.47,18700,23.47,U
sz000021,深科技,2025-09-24 10:25:51,23.47,58600,23.47,U
sz000021,深科技,2025-09-24 10:25:54,23.46,92400,23.47,E
sz000021,深科技,2025-09-24 10:25:57,23.46,78600,23.46,U
sz000021,深科技,2025-09-24 10:26:00,23.4,97700,23.46,D
sz000021,深科技,2025-09-24 10:26:03,23.43,32000,23.4,U
sz000021,深科技,2025-09-24 10:26:06,23.43,74900,23.43,U
sz000021,深科技,2025-09-24 10:26:09,23.43,19300,23.43,U
sz000021,深科技,2025-09-24 10:26:12,23.41,54500,23.43,D
sz000021,深科技,2025-09-24 10:26:15,23.41,17500,23.41,D
sz000021,深科技,2025-09-24 10:26:18,23.4,42200,23.41,D
sz000021,深科技,2025-09-24 10:26:21,23.4,50100,23.4,U
sz000021,深科技,2025-09-24 10:26:24,23.39,130400,23.4,D
sz000021,深科技,2025-09-24 10:26:27,23.39,50900,23.39,U
sz000021,深科技,2025-09-24 10:26:30,23.38,23200,23.39,D
sz000021,深科技,2025-09-24 10:26:33,23.41,128100,23.38,U
sz000021,深科技,2025-09-24 10:26:36,23.45,132800,23.41,U
sz000021,深科技,2025-09-24 10:26:39,23.42,32900,23.45,D
sz000021,深科技,2025-09-24 10:26:42,23.49,391400,23.42,U
sz000021,深科技,2025-09-24 10:26:45,23.47,119500,23.49,D
sz000021,深科技,2025-09-24 10:26:48,23.46,15800,23.47,D
sz000021,深科技,2025-09-24 10:26:51,23.49,301300,23.46,U
sz000021,深科技,2025-09-24 10:26:54,23.63,1443700,23.49,U
sz000021,深科技,2025-09-24 10:26:57,23.68,663000,23.63,U
sz000021,深科技,2025-09-24 10:27:00,23.68,144500,23.68,D
sz000021,深科技,2025-09-24 10:27:03,23.7,183400,23.68,U
sz000021,深科技,2025-09-24 10:27:06,23.68,286900,23.7,D
sz000021,深科技,2025-09-24 10:27:09,23.69,147600,23.68,E
sz000021,深科技,2025-09-24 10:27:12,23.73,84500,23.69,U
sz000021,深科技,2025-09-24 10:27:15,23.7,151300,23.73,D
sz000021,深科技,2025-09-24 10:27:18,23.69,92300,23.7,D
sz000021,深科技,2025-09-24 10:27:21,23.69,206200,23.69,E
sz000021,深科技,2025-09-24 10:27:24,23.7,74400,23.69,E
sz000021,深科技,2025-09-24 10:27:27,23.69,98000,23.7,D
sz000021,深科技,2025-09-24 10:27:30,23.69,128300,23.69,U
sz000021,深科技,2025-09-24 10:27:33,23.66,148400,23.69,E
sz000021,深科技,2025-09-24 10:27:36,23.65,37700,23.66,E
sz000021,深科技,2025-09-24 10:27:39,23.61,64300,23.65,D
sz000021,深科技,2025-09-24 10:27:42,23.57,111400,23.61,D
sz000021,深科技,2025-09-24 10:27:45,23.58,74200,23.57,E
sz000021,深科技,2025-09-24 10:27:48,23.56,77600,23.58,D
sz000021,深科技,2025-09-24 10:27:51,23.6,27200,23.56,U
sz000021,深科技,2025-09-24 10:27:54,23.7,449600,23.6,U
sz000021,深科技,2025-09-24 10:27:57,23.76,506131,23.7,U
sz000021,深科技,2025-09-24 10:28:00,23.87,366700,23.76,U
sz000021,深科技,2025-09-24 10:28:03,23.87,133700,23.87,U
sz000021,深科技,2025-09-24 10:28:06,23.86,138000,23.87,E
sz000021,深科技,2025-09-24 10:28:09,23.85,227200,23.86,E
sz000021,深科技,2025-09-24 10:28:12,23.85,205200,23.85,U
sz000021,深科技,2025-09-24 10:28:15,23.83,130500,23.85,E
sz000021,深科技,2025-09-24 10:28:18,23.81,282900,23.83,D
sz000021,深科技,2025-09-24 10:28:21,23.82,176300,23.81,E
sz000021,深科技,2025-09-24 10:28:24,23.8,75300,23.82,D
sz000021,深科技,2025-09-24 10:28:27,23.82,239400,23.8,U
sz000021,深科技,2025-09-24 10:28:30,23.84,57500,23.82,E
sz000021,深科技,2025-09-24 10:28:33,23.84,150600,23.84,D
sz000021,深科技,2025-09-24 10:28:36,23.82,171500,23.84,D
sz000021,深科技,2025-09-24 10:28:39,23.81,87600,23.82,D
sz000021,深科技,2025-09-24 10:28:42,23.81,109600,23.81,U
sz000021,深科技,2025-09-24 10:28:45,23.78,91900,23.81,D
sz000021,深科技,2025-09-24 10:28:48,23.78,84500,23.78,D
sz000021,深科技,2025-09-24 10:28:51,23.77,72300,23.78,D
sz000021,深科技,2025-09-24 10:28:54,23.77,72200,23.77,U
sz000021,深科技,2025-09-24 10:28:57,23.75,58400,23.77,D
sz000021,深科技,2025-09-24 10:29:00,23.75,22200,23.75,U
sz000021,深科技,2025-09-24 10:29:03,23.75,59200,23.75,U
sz000021,深科技,2025-09-24 10:29:06,23.67,60800,23.75,D
sz000021,深科技,2025-09-24 10:29:09,23.7,51700,23.67,U
sz000021,深科技,2025-09-24 10:29:12,23.66,15700,23.7,D
sz000021,深科技,2025-09-24 10:29:15,23.63,22700,23.66,D
sz000021,深科技,2025-09-24 10:29:18,23.66,32400,23.63,U
sz000021,深科技,2025-09-24 10:29:21,23.61,23000,23.66,D
sz000021,深科技,2025-09-24 10:29:24,23.61,17700,23.61,U
sz000021,深科技,2025-09-24 10:29:27,23.61,160100,23.61,D
sz000021,深科技,2025-09-24 10:29:30,23.6,61500,23.61,E
sz000021,深科技,2025-09-24 10:29:33,23.62,56300,23.6,U
sz000021,深科技,2025-09-24 10:29:36,23.63,54200,23.62,U
sz000021,深科技,2025-09-24 10:29:39,23.61,45900,23.63,D
sz000021,深科技,2025-09-24 10:29:42,23.63,76700,23.61,D
sz000021,深科技,2025-09-24 10:29:45,23.62,69000,23.63,D
sz000021,深科技,2025-09-24 10:29:48,23.62,40200,23.62,U
sz000021,深科技,2025-09-24 10:29:51,23.61,35800,23.62,D
sz000021,深科技,2025-09-24 10:29:54,23.62,33000,23.61,U
sz000021,深科技,2025-09-24 10:29:57,23.62,34500,23.62,D
sz000021,深科技,2025-09-24 10:30:00,23.63,106300,23.62,U
sz000021,深科技,2025-09-24 10:30:03,23.64,80300,23.63,U
sz000021,深科技,2025-09-24 10:30:06,23.64,47300,23.64,U
sz000021,深科技,2025-09-24 10:30:09,23.64,145200,23.64,U
sz000021,深科技,2025-09-24 10:30:12,23.64,29200,23.64,U
sz000021,深科技,2025-09-24 10:30:15,23.65,35500,23.64,U
sz000021,深科技,2025-09-24 10:30:18,23.7,209600,23.65,U
sz000021,深科技,2025-09-24 10:30:21,23.7,30800,23.7,U
sz000021,深科技,2025-09-24 10:30:24,23.7,52200,23.7,U
sz000021,深科技,2025-09-24 10:30:27,23.7,117200,23.7,U
sz000021,深科技,2025-09-24 10:30:30,23.69,66300,23.7,D
sz000021,深科技,2025-09-24 10:30:33,23.68,51800,23.69,E
sz000021,深科技,2025-09-24 10:30:36,23.69,70200,23.68,U
sz000021,深科技,2025-09-24 10:30:39,23.7,56500,23.69,U
sz000021,深科技,2025-09-24 10:30:42,23.69,74700,23.7,E
sz000021,深科技,2025-09-24 10:30:45,23.7,83000,23.69,U
sz000021,深科技,2025-09-24 10:30:48,23.7,94000,23.7,D
sz000021,深科技,2025-09-24 10:30:51,23.68,173700,23.7,D
sz000021,深科技,2025-09-24 10:30:54,23.68,229300,23.68,U
sz000021,深科技,2025-09-24 10:30:57,23.68,39700,23.68,U
sz000021,深科技,2025-09-24 10:31:00,23.69,113700,23.68,E
sz000021,深科技,2025-09-24 10:31:03,23.68,36900,23.69,D
sz000021,深科技,2025-09-24 10:31:06,23.7,187900,23.68,U
sz000021,深科技,2025-09-24 10:31:09,23.68,44500,23.7,D
sz000021,深科技,2025-09-24 10:31:12,23.7,212400,23.68,U
sz000021,深科技,2025-09-24 10:31:15,23.7,113900,23.7,U
sz000021,深科技,2025-09-24 10:31:18,23.68,34200,23.7,D
sz000021,深科技,2025-09-24 10:31:21,23.69,42700,23.68,U
sz000021,深科技,2025-09-24 10:31:24,23.7,54000,23.69,U
sz000021,深科技,2025-09-24 10:31:27,23.65,73600,23.7,D
sz000021,深科技,2025-09-24 10:31:30,23.63,102000,23.65,D
sz000021,深科技,2025-09-24 10:31:33,23.63,47800,23.63,U
sz000021,深科技,2025-09-24 10:31:36,23.61,52700,23.63,D
sz000021,深科技,2025-09-24 10:31:39,23.61,53200,23.61,D
sz000021,深科技,2025-09-24 10:31:42,23.6,87200,23.61,D
sz000021,深科技,2025-09-24 10:31:45,23.6,34800,23.6,U
sz000021,深科技,2025-09-24 10:31:48,23.59,48900,23.6,D
sz000021,深科技,2025-09-24 10:31:51,23.57,45100,23.59,D
sz000021,深科技,2025-09-24 10:31:54,23.56,26900,23.57,D
sz000021,深科技,2025-09-24 10:31:57,23.56,34200,23.56,D
sz000021,深科技,2025-09-24 10:32:00,23.55,81100,23.56,D
sz000021,深科技,2025-09-24 10:32:03,23.55,45800,23.55,U
sz000021,深科技,2025-09-24 10:32:06,23.55,68000,23.55,U
sz000021,深科技,2025-09-24 10:32:09,23.53,21700,23.55,U
sz000021,深科技,2025-09-24 10:32:12,23.49,26400,23.53,D
sz000021,深科技,2025-09-24 10:32:15,23.5,15900,23.49,U
sz000021,深科技,2025-09-24 10:32:18,23.48,30500,23.5,D
sz000021,深科技,2025-09-24 10:32:21,23.48,16500,23.48,D
sz000021,深科技,2025-09-24 10:32:24,23.48,77200,23.48,U
sz000021,深科技,2025-09-24 10:32:27,23.49,49600,23.48,U
sz000021,深科技,2025-09-24 10:32:30,23.5,68300,23.49,U
sz000021,深科技,2025-09-24 10:32:33,23.49,32700,23.5,D
sz000021,深科技,2025-09-24 10:32:36,23.49,11700,23.49,D
sz000021,深科技,2025-09-24 10:32:39,23.49,16300,23.49,D
sz000021,深科技,2025-09-24 10:32:42,23.49,19500,23.49,U
sz000021,深科技,2025-09-24 10:32:45,23.49,55300,23.49,U
sz000021,深科技,2025-09-24 10:32:48,23.49,28300,23.49,U
sz000021,深科技,2025-09-24 10:32:51,23.49,34200,23.49,U
sz000021,深科技,2025-09-24 10:32:54,23.49,41300,23.49,U
sz000021,深科技,2025-09-24 10:32:57,23.49,12600,23.49,D
sz000021,深科技,2025-09-24 10:33:00,23.49,28600,23.49,D
sz000021,深科技,2025-09-24 10:33:03,23.5,37400,23.49,U
sz000021,深科技,2025-09-24 10:33:06,23.48,27200,23.5,D
sz000021,深科技,2025-09-24 10:33:09,23.49,18300,23.48,U
sz000021,深科技,2025-09-24 10:33:12,23.49,28700,23.49,D
sz000021,深科技,2025-09-24 10:33:15,23.49,10400,23.49,D
sz000021,深科技,2025-09-24 10:33:18,23.5,83041,23.49,U
sz000021,深科技,2025-09-24 10:33:21,23.51,22100,23.5,U
sz000021,深科技,2025-09-24 10:33:24,23.49,56400,23.51,D
sz000021,深科技,2025-09-24 10:33:27,23.51,103459,23.49,U
sz000021,深科技,2025-09-24 10:33:30,23.49,45300,23.51,D
sz000021,深科技,2025-09-24 10:33:33,23.49,16200,23.49,U
sz000021,深科技,2025-09-24 10:33:36,23.47,16000,23.49,D
sz000021,深科技,2025-09-24 10:33:39,23.49,60500,23.47,U
sz000021,深科技,2025-09-24 10:33:42,23.48,34000,23.49,D
sz000021,深科技,2025-09-24 10:33:45,23.48,27400,23.48,D
sz000021,深科技,2025-09-24 10:33:48,23.49,34900,23.48,E
sz000021,深科技,2025-09-24 10:33:51,23.49,15600,23.49,U
sz000021,深科技,2025-09-24 10:33:54,23.49,11200,23.49,D
sz000021,深科技,2025-09-24 10:33:57,23.48,34300,23.49,D
sz000021,深科技,2025-09-24 10:34:00,23.5,58500,23.48,U
sz000021,深科技,2025-09-24 10:34:03,23.5,42800,23.5,D
sz000021,深科技,2025-09-24 10:34:06,23.51,12700,23.5,U
sz000021,深科技,2025-09-24 10:34:09,23.51,21100,23.51,U
sz000021,深科技,2025-09-24 10:34:12,23.51,12800,23.51,D
sz000021,深科技,2025-09-24 10:34:15,23.52,51700,23.51,U
sz000021,深科技,2025-09-24 10:34:18,23.52,25200,23.52,U
sz000021,深科技,2025-09-24 10:34:21,23.52,52400,23.52,U
sz000021,深科技,2025-09-24 10:34:24,23.52,40300,23.52,D
sz000021,深科技,2025-09-24 10:34:27,23.53,42300,23.52,U
sz000021,深科技,2025-09-24 10:34:33,23.52,31700,23.52,D
sz000021,深科技,2025-09-24 10:34:36,23.53,52900,23.52,U
sz000021,深科技,2025-09-24 10:34:39,23.53,9300,23.53,U
sz000021,深科技,2025-09-24 10:34:42,23.55,69500,23.53,U
sz000021,深科技,2025-09-24 10:34:45,23.53,44600,23.55,D
sz000021,深科技,2025-09-24 10:34:48,23.54,27600,23.53,U
sz000021,深科技,2025-09-24 10:34:51,23.55,32900,23.54,U
sz000021,深科技,2025-09-24 10:34:54,23.55,35500,23.55,U
sz000021,深科技,2025-09-24 10:34:57,23.56,20800,23.55,U
sz000021,深科技,2025-09-24 10:35:00,23.56,50600,23.56,U
sz000021,深科技,2025-09-24 10:35:03,23.55,86200,23.56,D
sz000021,深科技,2025-09-24 10:35:06,23.54,31900,23.55,D
sz000021,深科技,2025-09-24 10:35:09,23.55,44594,23.54,U
sz000021,深科技,2025-09-24 10:35:12,23.54,15100,23.55,D
sz000021,深科技,2025-09-24 10:35:15,23.55,26900,23.54,U
sz000021,深科技,2025-09-24 10:35:18,23.52,121600,23.55,D
sz000021,深科技,2025-09-24 10:35:21,23.5,105900,23.52,D
sz000021,深科技,2025-09-24 10:35:24,23.5,120000,23.5,D
sz000021,深科技,2025-09-24 10:35:27,23.5,61900,23.5,U
sz000021,深科技,2025-09-24 10:35:30,23.48,10200,23.5,D
sz000021,深科技,2025-09-24 10:35:33,23.49,104700,23.48,U
sz000021,深科技,2025-09-24 10:35:36,23.48,18500,23.49,D
sz000021,深科技,2025-09-24 10:35:39,23.49,55600,23.48,U
sz000021,深科技,2025-09-24 10:35:42,23.49,31765,23.49,U
sz000021,深科技,2025-09-24 10:35:45,23.5,116200,23.49,U
sz000021,深科技,2025-09-24 10:35:51,23.51,23500,23.51,D
sz000021,深科技,2025-09-24 10:35:54,23.52,51000,23.51,U
sz000021,深科技,2025-09-24 10:36:00,23.52,31900,23.52,D
sz000021,深科技,2025-09-24 10:36:03,23.53,15900,23.52,U
sz000021,深科技,2025-09-24 10:36:06,23.52,10100,23.53,D
sz000021,深科技,2025-09-24 10:36:09,23.52,12100,23.52,U
sz000021,深科技,2025-09-24 10:36:12,23.54,25100,23.52,U
sz000021,深科技,2025-09-24 10:36:15,23.53,48900,23.54,U
sz000021,深科技,2025-09-24 10:36:18,23.53,8800,23.53,E
sz000021,深科技,2025-09-24 10:36:21,23.53,11700,23.53,D
sz000021,深科技,2025-09-24 10:36:27,23.52,42600,23.53,D
sz000021,深科技,2025-09-24 10:36:30,23.53,36800,23.52,U
sz000021,深科技,2025-09-24 10:36:36,23.56,176300,23.52,U
sz000021,深科技,2025-09-24 10:36:39,23.62,124000,23.56,U
sz000021,深科技,2025-09-24 10:36:42,23.62,18800,23.62,D
sz000021,深科技,2025-09-24 10:36:45,23.64,18900,23.62,E
sz000021,深科技,2025-09-24 10:36:48,23.64,66100,23.64,U
sz000021,深科技,2025-09-24 10:36:51,23.64,32100,23.64,U
sz000021,深科技,2025-09-24 10:36:54,23.64,16500,23.64,E
sz000021,深科技,2025-09-24 10:36:57,23.64,17000,23.64,D
sz000021,深科技,2025-09-24 10:37:00,23.62,59600,23.64,D
sz000021,深科技,2025-09-24 10:37:03,23.62,56200,23.62,U
sz000021,深科技,2025-09-24 10:37:06,23.63,23000,23.62,U
sz000021,深科技,2025-09-24 10:37:09,23.62,83000,23.63,D
sz000021,深科技,2025-09-24 10:37:12,23.63,48700,23.62,U
sz000021,深科技,2025-09-24 10:37:15,23.56,44200,23.63,D
sz000021,深科技,2025-09-24 10:37:18,23.62,20100,23.56,U
sz000021,深科技,2025-09-24 10:37:21,23.57,11700,23.62,D
sz000021,深科技,2025-09-24 10:37:24,23.55,219400,23.57,D
sz000021,深科技,2025-09-24 10:37:27,23.57,34300,23.55,D
sz000021,深科技,2025-09-24 10:37:30,23.56,22500,23.57,D
sz000021,深科技,2025-09-24 10:37:33,23.55,53600,23.56,E
sz000021,深科技,2025-09-24 10:37:36,23.56,25500,23.55,E
sz000021,深科技,2025-09-24 10:37:39,23.6,134300,23.56,U
sz000021,深科技,2025-09-24 10:37:42,23.6,11400,23.6,D
sz000021,深科技,2025-09-24 10:37:45,23.6,10400,23.6,D
sz000021,深科技,2025-09-24 10:37:48,23.61,37384,23.6,U
sz000021,深科技,2025-09-24 10:37:51,23.61,14500,23.61,D
sz000021,深科技,2025-09-24 10:37:54,23.66,135100,23.61,U
sz000021,深科技,2025-09-24 10:37:57,23.66,13400,23.66,U
sz000021,深科技,2025-09-24 10:38:00,23.65,31600,23.66,D
sz000021,深科技,2025-09-24 10:38:03,23.76,502600,23.65,U
sz000021,深科技,2025-09-24 10:38:06,23.77,37100,23.76,U
sz000021,深科技,2025-09-24 10:38:09,23.79,76200,23.77,U
sz000021,深科技,2025-09-24 10:38:12,23.77,49500,23.79,D
sz000021,深科技,2025-09-24 10:38:15,23.8,62900,23.77,U
sz000021,深科技,2025-09-24 10:38:18,23.78,50600,23.8,E
sz000021,深科技,2025-09-24 10:38:21,23.86,842901,23.78,U
sz000021,深科技,2025-09-24 10:38:24,23.87,157200,23.86,U
sz000021,深科技,2025-09-24 10:38:27,23.87,56300,23.87,D
sz000021,深科技,2025-09-24 10:38:30,23.89,269000,23.87,U
sz000021,深科技,2025-09-24 10:38:33,23.88,72100,23.89,D
sz000021,深科技,2025-09-24 10:38:36,23.89,228300,23.88,U
sz000021,深科技,2025-09-24 10:38:39,23.93,380700,23.89,U
sz000021,深科技,2025-09-24 10:38:42,23.93,77500,23.93,U
sz000021,深科技,2025-09-24 10:38:45,23.95,162900,23.93,U
sz000021,深科技,2025-09-24 10:38:48,23.95,153900,23.95,D
sz000021,深科技,2025-09-24 10:38:51,23.94,136700,23.95,E
sz000021,深科技,2025-09-24 10:38:54,23.92,79000,23.94,E
sz000021,深科技,2025-09-24 10:38:57,23.88,195300,23.92,D
sz000021,深科技,2025-09-24 10:39:00,23.91,152900,23.88,U
sz000021,深科技,2025-09-24 10:39:03,23.88,77000,23.91,D
sz000021,深科技,2025-09-24 10:39:06,23.86,89700,23.88,D
sz000021,深科技,2025-09-24 10:39:09,23.84,61000,23.86,E
sz000021,深科技,2025-09-24 10:39:12,23.84,34600,23.84,U
sz000021,深科技,2025-09-24 10:39:15,23.84,22100,23.84,U
sz000021,深科技,2025-09-24 10:39:18,23.83,58100,23.84,D
sz000021,深科技,2025-09-24 10:39:21,23.83,27900,23.83,U
sz000021,深科技,2025-09-24 10:39:24,23.82,59800,23.83,E
sz000021,深科技,2025-09-24 10:39:27,23.81,38600,23.82,D
sz000021,深科技,2025-09-24 10:39:33,23.81,63500,23.81,U
sz000021,深科技,2025-09-24 10:39:36,23.8,57300,23.81,D
sz000021,深科技,2025-09-24 10:39:39,23.79,19400,23.8,D
sz000021,深科技,2025-09-24 10:39:42,23.79,40900,23.79,D
sz000021,深科技,2025-09-24 10:39:45,23.79,27700,23.79,U
sz000021,深科技,2025-09-24 10:39:48,23.79,31000,23.79,U
sz000021,深科技,2025-09-24 10:39:51,23.77,24100,23.79,D
sz000021,深科技,2025-09-24 10:39:54,23.77,34300,23.77,D
sz000021,深科技,2025-09-24 10:39:57,23.78,12400,23.77,E
sz000021,深科技,2025-09-24 10:40:00,23.78,32200,23.78,E
sz000021,深科技,2025-09-24 10:40:03,23.75,25200,23.78,D
sz000021,深科技,2025-09-24 10:40:06,23.73,16800,23.75,D
sz000021,深科技,2025-09-24 10:40:09,23.72,27500,23.73,D
sz000021,深科技,2025-09-24 10:40:12,23.72,25800,23.72,D
sz000021,深科技,2025-09-24 10:40:15,23.72,24500,23.72,D
sz000021,深科技,2025-09-24 10:40:18,23.71,87000,23.72,D
sz000021,深科技,2025-09-24 10:40:21,23.7,44900,23.71,D
sz000021,深科技,2025-09-24 10:40:24,23.69,34900,23.7,D
sz000021,深科技,2025-09-24 10:40:30,23.68,76800,23.68,D
sz000021,深科技,2025-09-24 10:40:33,23.66,47100,23.68,D
sz000021,深科技,2025-09-24 10:40:36,23.66,12800,23.66,E
sz000021,深科技,2025-09-24 10:40:39,23.65,32400,23.66,D
sz000021,深科技,2025-09-24 10:40:42,23.65,47400,23.65,U
sz000021,深科技,2025-09-24 10:40:45,23.63,22800,23.65,D
sz000021,深科技,2025-09-24 10:40:48,23.63,17200,23.63,D
sz000021,深科技,2025-09-24 10:40:51,23.64,18500,23.63,U
sz000021,深科技,2025-09-24 10:40:54,23.64,24900,23.64,U
sz000021,深科技,2025-09-24 10:40:57,23.64,28100,23.64,U
sz000021,深科技,2025-09-24 10:41:00,23.65,35100,23.64,U
sz000021,深科技,2025-09-24 10:41:03,23.66,123000,23.65,U
sz000021,深科技,2025-09-24 10:41:06,23.67,19100,23.66,U
sz000021,深科技,2025-09-24 10:41:09,23.69,36000,23.67,U
sz000021,深科技,2025-09-24 10:41:12,23.7,8800,23.69,U
sz000021,深科技,2025-09-24 10:41:15,23.69,43100,23.7,D
sz000021,深科技,2025-09-24 10:41:18,23.66,106600,23.69,D
sz000021,深科技,2025-09-24 10:41:21,23.64,118500,23.66,D
sz000021,深科技,2025-09-24 10:41:24,23.69,28700,23.64,U
sz000021,深科技,2025-09-24 10:41:27,23.66,14900,23.69,U
sz000021,深科技,2025-09-24 10:41:30,23.68,17500,23.66,U
sz000021,深科技,2025-09-24 10:41:33,23.68,9400,23.68,D
sz000021,深科技,2025-09-24 10:41:36,23.68,8600,23.68,U
sz000021,深科技,2025-09-24 10:41:39,23.68,28700,23.68,U
sz000021,深科技,2025-09-24 10:41:42,23.68,17100,23.68,U
sz000021,深科技,2025-09-24 10:41:45,23.68,39000,23.68,U
sz000021,深科技,2025-09-24 10:41:48,23.68,30883,23.68,U
sz000021,深科技,2025-09-24 10:41:51,23.68,51917,23.68,D
sz000021,深科技,2025-09-24 10:41:54,23.68,60700,23.68,U
sz000021,深科技,2025-09-24 10:41:57,23.66,22600,23.68,D
sz000021,深科技,2025-09-24 10:42:00,23.65,62200,23.66,D
sz000021,深科技,2025-09-24 10:42:03,23.65,51900,23.65,D
sz000021,深科技,2025-09-24 10:42:06,23.63,39600,23.65,D
sz000021,深科技,2025-09-24 10:42:09,23.63,48000,23.63,D
sz000021,深科技,2025-09-24 10:42:12,23.63,18800,23.63,D
sz000021,深科技,2025-09-24 10:42:15,23.62,39700,23.63,D
sz000021,深科技,2025-09-24 10:42:18,23.61,28900,23.62,D
sz000021,深科技,2025-09-24 10:42:21,23.6,26700,23.61,D
sz000021,深科技,2025-09-24 10:42:24,23.6,22300,23.6,D
sz000021,深科技,2025-09-24 10:42:27,23.6,30000,23.6,D
sz000021,深科技,2025-09-24 10:42:30,23.61,27200,23.6,U
sz000021,深科技,2025-09-24 10:42:33,23.6,31500,23.61,D
sz000021,深科技,2025-09-24 10:42:36,23.59,10900,23.6,D
sz000021,深科技,2025-09-24 10:42:39,23.59,12000,23.59,D
sz000021,深科技,2025-09-24 10:42:42,23.59,18600,23.59,D
sz000021,深科技,2025-09-24 10:42:45,23.6,23400,23.59,U
sz000021,深科技,2025-09-24 10:42:48,23.59,19900,23.6,D
sz000021,深科技,2025-09-24 10:42:51,23.59,18400,23.59,U
sz000021,深科技,2025-09-24 10:42:54,23.6,35800,23.59,U
sz000021,深科技,2025-09-24 10:42:57,23.59,30000,23.6,D
sz000021,深科技,2025-09-24 10:43:00,23.6,47000,23.59,U
sz000021,深科技,2025-09-24 10:43:03,23.6,63100,23.6,U
sz000021,深科技,2025-09-24 10:43:06,23.6,24900,23.6,D
sz000021,深科技,2025-09-24 10:43:09,23.61,39300,23.6,U
sz000021,深科技,2025-09-24 10:43:12,23.61,29900,23.61,U
sz000021,深科技,2025-09-24 10:43:15,23.63,24200,23.61,U
sz000021,深科技,2025-09-24 10:43:21,23.63,60600,23.63,U
sz000021,深科技,2025-09-24 10:43:24,23.63,9600,23.63,U
sz000021,深科技,2025-09-24 10:43:30,23.61,60400,23.63,D
sz000021,深科技,2025-09-24 10:43:33,23.59,188700,23.61,D
sz000021,深科技,2025-09-24 10:43:36,23.6,18400,23.59,U
sz000021,深科技,2025-09-24 10:43:39,23.59,83800,23.6,D
sz000021,深科技,2025-09-24 10:43:42,23.59,45100,23.59,U
sz000021,深科技,2025-09-24 10:43:45,23.58,85000,23.59,D
sz000021,深科技,2025-09-24 10:43:51,23.57,18400,23.58,D
sz000021,深科技,2025-09-24 10:43:54,23.57,14800,23.57,U
sz000021,深科技,2025-09-24 10:43:57,23.57,11500,23.57,D
sz000021,深科技,2025-09-24 10:44:00,23.56,26200,23.57,D
sz000021,深科技,2025-09-24 10:44:03,23.58,27500,23.56,U
sz000021,深科技,2025-09-24 10:44:06,23.57,27400,23.58,D
sz000021,深科技,2025-09-24 10:44:09,23.57,83800,23.57,U
sz000021,深科技,2025-09-24 10:44:12,23.57,22900,23.57,D
sz000021,深科技,2025-09-24 10:44:15,23.59,44900,23.57,U
sz000021,深科技,2025-09-24 10:44:21,23.6,38800,23.59,U
sz000021,深科技,2025-09-24 10:44:24,23.6,60800,23.6,U
sz000021,深科技,2025-09-24 10:44:27,23.6,29600,23.6,D
sz000021,深科技,2025-09-24 10:44:36,23.62,11300,23.61,U
sz000021,深科技,2025-09-24 10:44:42,23.63,65000,23.62,U
sz000021,深科技,2025-09-24 10:44:45,23.63,10600,23.63,D
sz000021,深科技,2025-09-24 10:44:48,23.63,16600,23.63,U
sz000021,深科技,2025-09-24 10:44:51,23.64,15100,23.63,U
sz000021,深科技,2025-09-24 10:44:54,23.65,14200,23.64,U
sz000021,深科技,2025-09-24 10:44:57,23.65,14800,23.65,U
sz000021,深科技,2025-09-24 10:45:00,23.68,34900,23.65,U
sz000021,深科技,2025-09-24 10:45:06,23.69,18000,23.69,U
sz000021,深科技,2025-09-24 10:45:09,23.68,10300,23.69,D
sz000021,深科技,2025-09-24 10:45:12,23.69,30100,23.68,U
sz000021,深科技,2025-09-24 10:45:15,23.68,43300,23.69,D
sz000021,深科技,2025-09-24 10:45:18,23.68,47400,23.68,U
sz000021,深科技,2025-09-24 10:45:21,23.72,148000,23.68,U
sz000021,深科技,2025-09-24 10:45:24,23.72,188000,23.72,D
sz000021,深科技,2025-09-24 10:45:30,23.72,32600,23.71,U
sz000021,深科技,2025-09-24 10:45:33,23.74,38700,23.72,U
sz000021,深科技,2025-09-24 10:45:36,23.74,17500,23.74,U
sz000021,深科技,2025-09-24 10:45:39,23.74,31900,23.74,U
sz000021,深科技,2025-09-24 10:45:42,23.73,86800,23.74,U
sz000021,深科技,2025-09-24 10:45:45,23.74,15700,23.73,U
sz000021,深科技,2025-09-24 10:45:48,23.73,24400,23.74,D
sz000021,深科技,2025-09-24 10:45:51,23.72,154200,23.73,D
sz000021,深科技,2025-09-24 10:45:54,23.73,143000,23.72,U
sz000021,深科技,2025-09-24 10:45:57,23.74,33000,23.73,U
sz000021,深科技,2025-09-24 10:46:00,23.78,172800,23.74,U
sz000021,深科技,2025-09-24 10:46:03,23.76,42800,23.78,D
sz000021,深科技,2025-09-24 10:46:06,23.78,37600,23.76,U
sz000021,深科技,2025-09-24 10:46:09,23.77,17700,23.78,E
sz000021,深科技,2025-09-24 10:46:12,23.82,198700,23.77,U
sz000021,深科技,2025-09-24 10:46:15,23.79,17000,23.82,D
sz000021,深科技,2025-09-24 10:46:18,23.83,40200,23.79,U
sz000021,深科技,2025-09-24 10:46:21,23.84,34900,23.83,U
sz000021,深科技,2025-09-24 10:46:24,23.83,87200,23.84,D
sz000021,深科技,2025-09-24 10:46:27,23.84,48200,23.83,U
sz000021,深科技,2025-09-24 10:46:30,23.83,58400,23.84,E
sz000021,深科技,2025-09-24 10:46:33,23.78,15300,23.83,D
sz000021,深科技,2025-09-24 10:46:36,23.8,21300,23.78,U
sz000021,深科技,2025-09-24 10:46:39,23.79,47100,23.8,U
sz000021,深科技,2025-09-24 10:46:42,23.77,27800,23.79,D
sz000021,深科技,2025-09-24 10:46:45,23.79,64000,23.77,U
sz000021,深科技,2025-09-24 10:46:48,23.77,50100,23.79,D
sz000021,深科技,2025-09-24 10:46:51,23.77,19400,23.77,U
sz000021,深科技,2025-09-24 10:46:54,23.77,18200,23.77,U
sz000021,深科技,2025-09-24 10:46:57,23.74,46215,23.77,D
sz000021,深科技,2025-09-24 10:47:00,23.73,130985,23.74,D
sz000021,深科技,2025-09-24 10:47:03,23.73,31400,23.73,D
sz000021,深科技,2025-09-24 10:47:06,23.73,89800,23.73,U
sz000021,深科技,2025-09-24 10:47:09,23.73,13400,23.73,U
sz000021,深科技,2025-09-24 10:47:12,23.73,20400,23.73,D
sz000021,深科技,2025-09-24 10:47:15,23.73,22900,23.73,D
sz000021,深科技,2025-09-24 10:47:18,23.73,27300,23.73,U
sz000021,深科技,2025-09-24 10:47:21,23.73,31900,23.73,D
sz000021,深科技,2025-09-24 10:47:24,23.7,34500,23.73,D
sz000021,深科技,2025-09-24 10:47:27,23.74,77200,23.7,U
sz000021,深科技,2025-09-24 10:47:30,23.73,52900,23.74,D
sz000021,深科技,2025-09-24 10:47:33,23.77,31600,23.73,U
sz000021,深科技,2025-09-24 10:47:36,23.76,10200,23.77,E
sz000021,深科技,2025-09-24 10:47:39,23.76,22100,23.76,U
sz000021,深科技,2025-09-24 10:47:45,23.78,41000,23.77,U
sz000021,深科技,2025-09-24 10:47:48,23.78,59500,23.78,U
sz000021,深科技,2025-09-24 10:47:51,23.8,196500,23.78,U
sz000021,深科技,2025-09-24 10:47:54,23.85,110800,23.8,U
sz000021,深科技,2025-09-24 10:47:57,23.86,66200,23.85,U
sz000021,深科技,2025-09-24 10:48:03,23.92,820100,23.88,U
sz000021,深科技,2025-09-24 10:48:06,24.03,2344500,23.92,U
sz000021,深科技,2025-09-24 10:48:09,24.09,372000,24.03,U
sz000021,深科技,2025-09-24 10:48:12,24.12,128200,24.09,U
sz000021,深科技,2025-09-24 10:48:15,24.19,310615,24.12,U
sz000021,深科技,2025-09-24 10:48:18,24.28,302300,24.19,U
sz000021,深科技,2025-09-24 10:48:21,24.28,185800,24.28,U
sz000021,深科技,2025-09-24 10:48:24,24.2,411385,24.28,D
sz000021,深科技,2025-09-24 10:48:27,24.24,161200,24.2,U
sz000021,深科技,2025-09-24 10:48:30,24.19,171100,24.24,D
sz000021,深科技,2025-09-24 10:48:33,24.2,112500,24.19,U
sz000021,深科技,2025-09-24 10:48:36,24.23,172700,24.2,E
sz000021,深科技,2025-09-24 10:48:39,24.28,142600,24.23,U
sz000021,深科技,2025-09-24 10:48:42,24.27,151100,24.28,E
sz000021,深科技,2025-09-24 10:48:45,24.28,214500,24.27,U
sz000021,深科技,2025-09-24 10:48:48,24.31,217100,24.28,U
sz000021,深科技,2025-09-24 10:48:51,24.35,298000,24.31,U
sz000021,深科技,2025-09-24 10:48:54,24.33,142800,24.35,D
sz000021,深科技,2025-09-24 10:48:57,24.36,236400,24.33,U
sz000021,深科技,2025-09-24 10:49:00,24.39,209900,24.36,U
sz000021,深科技,2025-09-24 10:49:03,24.39,192300,24.39,U
sz000021,深科技,2025-09-24 10:49:06,24.32,345400,24.39,D
sz000021,深科技,2025-09-24 10:49:09,24.32,294100,24.32,D
sz000021,深科技,2025-09-24 10:49:12,24.36,174500,24.32,U
sz000021,深科技,2025-09-24 10:49:15,24.32,116600,24.36,E
sz000021,深科技,2025-09-24 10:49:18,24.36,556900,24.32,U
sz000021,深科技,2025-09-24 10:49:21,24.48,617400,24.36,U
sz000021,深科技,2025-09-24 10:49:24,24.41,257200,24.48,D
sz000021,深科技,2025-09-24 10:49:27,24.43,317700,24.41,E
sz000021,深科技,2025-09-24 10:49:30,24.43,158900,24.43,U
sz000021,深科技,2025-09-24 10:49:33,24.45,119600,24.43,U
sz000021,深科技,2025-09-24 10:49:36,24.45,185200,24.45,E
sz000021,深科技,2025-09-24 10:49:39,24.47,252000,24.45,U
sz000021,深科技,2025-09-24 10:49:42,24.5,370900,24.47,U
sz000021,深科技,2025-09-24 10:49:45,24.51,268900,24.5,U
sz000021,深科技,2025-09-24 10:49:48,24.61,430800,24.51,U
sz000021,深科技,2025-09-24 10:49:51,24.66,249200,24.61,U
sz000021,深科技,2025-09-24 10:49:54,24.6,514000,24.66,D
sz000021,深科技,2025-09-24 10:49:57,24.67,308500,24.6,U
sz000021,深科技,2025-09-24 10:50:00,24.71,669024,24.67,U
sz000021,深科技,2025-09-24 10:50:03,24.88,1320900,24.71,U
sz000021,深科技,2025-09-24 10:50:06,24.97,796500,24.88,U
sz000021,深科技,2025-09-24 10:50:09,24.93,1296300,24.97,E
sz000021,深科技,2025-09-24 10:50:12,24.72,374000,24.93,D
sz000021,深科技,2025-09-24 10:50:15,24.66,317800,24.72,D
sz000021,深科技,2025-09-24 10:50:18,24.81,289600,24.66,U
sz000021,深科技,2025-09-24 10:50:21,24.8,89400,24.81,E
sz000021,深科技,2025-09-24 10:50:24,24.81,124400,24.8,U
sz000021,深科技,2025-09-24 10:50:27,24.83,325300,24.81,E
sz000021,深科技,2025-09-24 10:50:30,24.78,125500,24.83,D
sz000021,深科技,2025-09-24 10:50:33,24.79,166800,24.78,U
sz000021,深科技,2025-09-24 10:50:36,24.73,95300,24.79,E
sz000021,深科技,2025-09-24 10:50:39,24.75,61700,24.73,U
sz000021,深科技,2025-09-24 10:50:42,24.76,45400,24.75,U
sz000021,深科技,2025-09-24 10:50:45,24.78,44900,24.76,U
sz000021,深科技,2025-09-24 10:50:48,24.74,86300,24.78,D
sz000021,深科技,2025-09-24 10:50:51,24.73,77600,24.74,D
sz000021,深科技,2025-09-24 10:50:54,24.75,222500,24.73,U
sz000021,深科技,2025-09-24 10:50:57,24.74,163500,24.75,D
sz000021,深科技,2025-09-24 10:51:00,24.76,67400,24.74,E
sz000021,深科技,2025-09-24 10:51:03,24.78,285700,24.76,U
sz000021,深科技,2025-09-24 10:51:06,24.75,275400,24.78,D
sz000021,深科技,2025-09-24 10:51:09,24.78,116800,24.75,U
sz000021,深科技,2025-09-24 10:51:12,24.78,81900,24.78,D
sz000021,深科技,2025-09-24 10:51:15,24.78,90600,24.78,U
sz000021,深科技,2025-09-24 10:51:18,24.75,186900,24.78,D
sz000021,深科技,2025-09-24 10:51:21,24.79,206900,24.75,U
sz000021,深科技,2025-09-24 10:51:24,24.76,91700,24.79,D
sz000021,深科技,2025-09-24 10:51:27,24.77,130800,24.76,U
sz000021,深科技,2025-09-24 10:51:30,24.76,103300,24.77,D
sz000021,深科技,2025-09-24 10:51:33,24.74,168500,24.76,D
sz000021,深科技,2025-09-24 10:51:36,24.74,67700,24.74,D
sz000021,深科技,2025-09-24 10:51:39,24.74,94400,24.74,D
sz000021,深科技,2025-09-24 10:51:42,24.73,56285,24.74,D
sz000021,深科技,2025-09-24 10:51:45,24.71,51400,24.73,D
sz000021,深科技,2025-09-24 10:51:48,24.77,484500,24.71,U
sz000021,深科技,2025-09-24 10:51:51,24.93,423800,24.77,U
sz000021,深科技,2025-09-24 10:51:54,25.0,9157036,24.93,U
sz000021,深科技,2025-09-24 10:51:57,25.0,425600,25.0,D
sz000021,深科技,2025-09-24 10:52:00,25.0,175900,25.0,D
sz000021,深科技,2025-09-24 10:52:03,25.0,131076,25.0,D
sz000021,深科技,2025-09-24 10:52:06,25.0,265200,25.0,D
sz000021,深科技,2025-09-24 10:52:09,25.0,259017,25.0,D
sz000021,深科技,2025-09-24 10:52:12,25.0,271900,25.0,D
sz000021,深科技,2025-09-24 10:52:15,25.0,131800,25.0,D
sz000021,深科技,2025-09-24 10:52:18,25.0,144300,25.0,D
sz000021,深科技,2025-09-24 10:52:21,25.0,236183,25.0,D
sz000021,深科技,2025-09-24 10:52:24,25.0,388300,25.0,D
sz000021,深科技,2025-09-24 10:52:27,25.0,154500,25.0,D
sz000021,深科技,2025-09-24 10:52:30,25.0,128159,25.0,D
sz000021,深科技,2025-09-24 10:52:33,25.0,94700,25.0,D
sz000021,深科技,2025-09-24 10:52:36,25.0,83200,25.0,D
sz000021,深科技,2025-09-24 10:52:39,25.0,137300,25.0,D
sz000021,深科技,2025-09-24 10:52:42,25.0,120700,25.0,D
sz000021,深科技,2025-09-24 10:52:45,25.0,109500,25.0,D
sz000021,深科技,2025-09-24 10:52:48,25.0,70908,25.0,D
sz000021,深科技,2025-09-24 10:52:51,25.0,102600,25.0,D
sz000021,深科技,2025-09-24 10:52:54,25.0,104000,25.0,D
sz000021,深科技,2025-09-24 10:52:57,25.0,54900,25.0,D
sz000021,深科技,2025-09-24 10:53:00,25.0,275600,25.0,D
sz000021,深科技,2025-09-24 10:53:03,25.0,255900,25.0,D
sz000021,深科技,2025-09-24 10:53:06,25.0,88000,25.0,D
sz000021,深科技,2025-09-24 10:53:09,25.0,110000,25.0,D
sz000021,深科技,2025-09-24 10:53:12,25.0,119300,25.0,D
sz000021,深科技,2025-09-24 10:53:15,25.0,50400,25.0,D
sz000021,深科技,2025-09-24 10:53:18,25.0,81700,25.0,D
sz000021,深科技,2025-09-24 10:53:21,25.0,47900,25.0,D
sz000021,深科技,2025-09-24 10:53:24,25.0,40400,25.0,D
sz000021,深科技,2025-09-24 10:53:27,25.0,189700,25.0,D
sz000021,深科技,2025-09-24 10:53:30,25.0,66400,25.0,D
sz000021,深科技,2025-09-24 10:53:33,25.0,152200,25.0,D
sz000021,深科技,2025-09-24 10:53:36,25.0,33400,25.0,D
sz000021,深科技,2025-09-24 10:53:39,25.0,35650,25.0,D
sz000021,深科技,2025-09-24 10:53:42,25.0,33000,25.0,D
sz000021,深科技,2025-09-24 10:53:45,25.0,67300,25.0,D
sz000021,深科技,2025-09-24 10:53:48,25.0,36100,25.0,D
sz000021,深科技,2025-09-24 10:53:51,25.0,51400,25.0,D
sz000021,深科技,2025-09-24 10:53:54,25.0,45600,25.0,D
sz000021,深科技,2025-09-24 10:53:57,25.0,59400,25.0,D
sz000021,深科技,2025-09-24 10:54:00,25.0,29200,25.0,D
sz000021,深科技,2025-09-24 10:54:03,25.0,76300,25.0,D
sz000021,深科技,2025-09-24 10:54:06,25.0,29000,25.0,D
sz000021,深科技,2025-09-24 10:54:09,25.0,32600,25.0,D
sz000021,深科技,2025-09-24 10:54:12,25.0,98900,25.0,D
sz000021,深科技,2025-09-24 10:54:15,25.0,52700,25.0,D
sz000021,深科技,2025-09-24 10:54:18,25.0,34368,25.0,D
sz000021,深科技,2025-09-24 10:54:21,25.0,37700,25.0,D
sz000021,深科技,2025-09-24 10:54:24,25.0,44800,25.0,D
sz000021,深科技,2025-09-24 10:54:27,25.0,90700,25.0,D
sz000021,深科技,2025-09-24 10:54:30,25.0,107200,25.0,D
sz000021,深科技,2025-09-24 10:54:33,25.0,193000,25.0,D
sz000021,深科技,2025-09-24 10:54:36,25.0,88000,25.0,D
sz000021,深科技,2025-09-24 10:54:39,25.0,49200,25.0,D
sz000021,深科技,2025-09-24 10:54:42,25.0,51600,25.0,D
sz000021,深科技,2025-09-24 10:54:45,25.0,81900,25.0,D
sz000021,深科技,2025-09-24 10:54:48,25.0,88300,25.0,D
sz000021,深科技,2025-09-24 10:54:51,25.0,43200,25.0,D
sz000021,深科技,2025-09-24 10:54:54,25.0,29500,25.0,D
sz000021,深科技,2025-09-24 10:54:57,25.0,88400,25.0,D
sz000021,深科技,2025-09-24 10:55:00,25.0,49600,25.0,D
sz000021,深科技,2025-09-24 10:55:03,25.0,67100,25.0,D
sz000021,深科技,2025-09-24 10:55:06,25.0,92700,25.0,D
sz000021,深科技,2025-09-24 10:55:09,25.0,48800,25.0,D
sz000021,深科技,2025-09-24 10:55:12,25.0,41200,25.0,D
sz000021,深科技,2025-09-24 10:55:15,25.0,42400,25.0,D
sz000021,深科技,2025-09-24 10:55:18,25.0,66600,25.0,D
sz000021,深科技,2025-09-24 10:55:21,25.0,63500,25.0,D
sz000021,深科技,2025-09-24 10:55:24,25.0,28200,25.0,D
sz000021,深科技,2025-09-24 10:55:27,25.0,72900,25.0,D
sz000021,深科技,2025-09-24 10:55:30,25.0,18800,25.0,D
sz000021,深科技,2025-09-24 10:55:33,25.0,93300,25.0,D
sz000021,深科技,2025-09-24 10:55:36,25.0,26100,25.0,D
sz000021,深科技,2025-09-24 10:55:39,25.0,66900,25.0,D
sz000021,深科技,2025-09-24 10:55:42,25.0,27500,25.0,D
sz000021,深科技,2025-09-24 10:55:45,25.0,72400,25.0,D
sz000021,深科技,2025-09-24 10:55:48,25.0,27300,25.0,D
sz000021,深科技,2025-09-24 10:55:51,25.0,41600,25.0,D
sz000021,深科技,2025-09-24 10:55:54,25.0,15300,25.0,D
sz000021,深科技,2025-09-24 10:55:57,25.0,12400,25.0,D
sz000021,深科技,2025-09-24 10:56:00,25.0,38400,25.0,D
sz000021,深科技,2025-09-24 10:56:03,25.0,28900,25.0,D
sz000021,深科技,2025-09-24 10:56:06,25.0,10900,25.0,D
sz000021,深科技,2025-09-24 10:56:09,25.0,40100,25.0,D
sz000021,深科技,2025-09-24 10:56:12,25.0,28700,25.0,D
sz000021,深科技,2025-09-24 10:56:15,25.0,52900,25.0,D
sz000021,深科技,2025-09-24 10:56:18,25.0,35200,25.0,D
sz000021,深科技,2025-09-24 10:56:21,25.0,54500,25.0,D
sz000021,深科技,2025-09-24 10:56:24,25.0,16000,25.0,D
sz000021,深科技,2025-09-24 10:56:27,25.0,10154,25.0,D
sz000021,深科技,2025-09-24 10:56:30,25.0,71000,25.0,D
sz000021,深科技,2025-09-24 10:56:33,25.0,25100,25.0,D
sz000021,深科技,2025-09-24 10:56:36,25.0,24600,25.0,D
sz000021,深科技,2025-09-24 10:56:39,25.0,43000,25.0,D
sz000021,深科技,2025-09-24 10:56:42,25.0,25900,25.0,D
sz000021,深科技,2025-09-24 10:56:45,25.0,34300,25.0,D
sz000021,深科技,2025-09-24 10:56:48,25.0,36300,25.0,D
sz000021,深科技,2025-09-24 10:56:51,25.0,10500,25.0,D
sz000021,深科技,2025-09-24 10:56:54,25.0,33400,25.0,D
sz000021,深科技,2025-09-24 10:56:57,25.0,46500,25.0,D
sz000021,深科技,2025-09-24 10:57:00,25.0,17300,25.0,D
sz000021,深科技,2025-09-24 10:57:03,25.0,24600,25.0,D
sz000021,深科技,2025-09-24 10:57:06,25.0,8700,25.0,D
sz000021,深科技,2025-09-24 10:57:09,25.0,13400,25.0,D
sz000021,深科技,2025-09-24 10:57:12,25.0,26800,25.0,D
sz000021,深科技,2025-09-24 10:57:15,25.0,41500,25.0,D
sz000021,深科技,2025-09-24 10:57:18,25.0,54100,25.0,D
sz000021,深科技,2025-09-24 10:57:21,25.0,21800,25.0,D
sz000021,深科技,2025-09-24 10:57:24,25.0,32800,25.0,D
sz000021,深科技,2025-09-24 10:57:27,25.0,15700,25.0,D
sz000021,深科技,2025-09-24 10:57:30,25.0,14200,25.0,D
sz000021,深科技,2025-09-24 10:57:33,25.0,11000,25.0,D
sz000021,深科技,2025-09-24 10:57:36,25.0,28000,25.0,D
sz000021,深科技,2025-09-24 10:57:39,25.0,15200,25.0,D
sz000021,深科技,2025-09-24 10:57:42,25.0,18900,25.0,D
sz000021,深科技,2025-09-24 10:57:45,25.0,8800,25.0,D
sz000021,深科技,2025-09-24 10:57:51,25.0,19000,25.0,D
sz000021,深科技,2025-09-24 10:57:54,25.0,32100,25.0,D
sz000021,深科技,2025-09-24 10:57:57,25.0,9600,25.0,D
sz000021,深科技,2025-09-24 10:58:00,25.0,180900,25.0,D
sz000021,深科技,2025-09-24 10:58:03,25.0,52950,25.0,D
sz000021,深科技,2025-09-24 10:58:06,25.0,19400,25.0,D
sz000021,深科技,2025-09-24 10:58:09,25.0,44900,25.0,D
sz000021,深科技,2025-09-24 10:58:12,25.0,92900,25.0,D
sz000021,深科技,2025-09-24 10:58:15,25.0,14200,25.0,D
sz000021,深科技,2025-09-24 10:58:18,25.0,18600,25.0,D
sz000021,深科技,2025-09-24 10:58:21,25.0,30900,25.0,D
sz000021,深科技,2025-09-24 10:58:24,25.0,26700,25.0,D
sz000021,深科技,2025-09-24 10:58:27,25.0,18900,25.0,D
sz000021,深科技,2025-09-24 10:58:30,25.0,18000,25.0,D
sz000021,深科技,2025-09-24 10:58:33,25.0,222749,25.0,D
sz000021,深科技,2025-09-24 10:58:36,25.0,15800,25.0,D
sz000021,深科技,2025-09-24 10:58:39,25.0,40100,25.0,D
sz000021,深科技,2025-09-24 10:58:42,25.0,136000,25.0,D
sz000021,深科技,2025-09-24 10:58:45,25.0,22700,25.0,D
sz000021,深科技,2025-09-24 10:58:48,25.0,24100,25.0,D
sz000021,深科技,2025-09-24 10:58:51,25.0,15200,25.0,D
sz000021,深科技,2025-09-24 10:58:57,25.0,26200,25.0,D
sz000021,深科技,2025-09-24 10:59:00,25.0,13500,25.0,D
sz000021,深科技,2025-09-24 10:59:03,25.0,12500,25.0,D
sz000021,深科技,2025-09-24 10:59:06,25.0,18800,25.0,D
sz000021,深科技,2025-09-24 10:59:09,25.0,69900,25.0,D
sz000021,深科技,2025-09-24 10:59:12,25.0,75600,25.0,D
sz000021,深科技,2025-09-24 10:59:15,25.0,15800,25.0,D
sz000021,深科技,2025-09-24 10:59:18,25.0,68400,25.0,D
sz000021,深科技,2025-09-24 10:59:24,25.0,52900,25.0,D
sz000021,深科技,2025-09-24 10:59:27,25.0,22400,25.0,D
sz000021,深科技,2025-09-24 10:59:30,25.0,13300,25.0,D
sz000021,深科技,2025-09-24 10:59:36,25.0,10800,25.0,D
sz000021,深科技,2025-09-24 10:59:39,25.0,87000,25.0,D
sz000021,深科技,2025-09-24 10:59:42,25.0,20800,25.0,D
sz000021,深科技,2025-09-24 10:59:45,25.0,18000,25.0,D
sz000021,深科技,2025-09-24 10:59:48,25.0,31800,25.0,D
sz000021,深科技,2025-09-24 10:59:57,25.0,20300,25.0,D
sz000021,深科技,2025-09-24 11:00:03,25.0,31400,25.0,D
sz000021,深科技,2025-09-24 11:00:06,25.0,17100,25.0,D
sz000021,深科技,2025-09-24 11:00:09,25.0,10400,25.0,D
sz000021,深科技,2025-09-24 11:00:12,25.0,11100,25.0,D
sz000021,深科技,2025-09-24 11:00:15,25.0,10200,25.0,D
sz000021,深科技,2025-09-24 11:00:18,25.0,11100,25.0,D
sz000021,深科技,2025-09-24 11:00:21,25.0,8800,25.0,D
sz000021,深科技,2025-09-24 11:00:24,25.0,9500,25.0,D
sz000021,深科技,2025-09-24 11:00:27,25.0,31100,25.0,D
sz000021,深科技,2025-09-24 11:00:30,25.0,47500,25.0,D
sz000021,深科技,2025-09-24 11:00:36,25.0,13100,25.0,D
sz000021,深科技,2025-09-24 11:00:39,25.0,11900,25.0,D
sz000021,深科技,2025-09-24 11:00:42,25.0,13900,25.0,D
sz000021,深科技,2025-09-24 11:00:48,25.0,14500,25.0,D
sz000021,深科技,2025-09-24 11:00:51,25.0,14700,25.0,D
sz000021,深科技,2025-09-24 11:00:54,25.0,9400,25.0,D
sz000021,深科技,2025-09-24 11:00:57,25.0,49100,25.0,D
sz000021,深科技,2025-09-24 11:01:00,25.0,17300,25.0,D
sz000021,深科技,2025-09-24 11:01:06,25.0,8800,25.0,D
sz000021,深科技,2025-09-24 11:01:09,25.0,27500,25.0,D
sz000021,深科技,2025-09-24 11:01:15,25.0,27900,25.0,D
sz000021,深科技,2025-09-24 11:01:21,25.0,114200,25.0,D
sz000021,深科技,2025-09-24 11:01:27,25.0,60500,25.0,D
sz000021,深科技,2025-09-24 11:01:30,25.0,10600,25.0,D
sz000021,深科技,2025-09-24 11:01:33,25.0,10100,25.0,D
sz000021,深科技,2025-09-24 11:01:36,25.0,30600,25.0,D
sz000021,深科技,2025-09-24 11:01:42,25.0,10300,25.0,D
sz000021,深科技,2025-09-24 11:01:45,25.0,45700,25.0,D
sz000021,深科技,2025-09-24 11:01:48,25.0,9700,25.0,D
sz000021,深科技,2025-09-24 11:01:51,25.0,23100,25.0,D
sz000021,深科技,2025-09-24 11:01:57,25.0,32400,25.0,D
sz000021,深科技,2025-09-24 11:02:00,25.0,9000,25.0,D
sz000021,深科技,2025-09-24 11:02:03,25.0,15400,25.0,D
sz000021,深科技,2025-09-24 11:02:06,25.0,49100,25.0,D
sz000021,深科技,2025-09-24 11:02:12,25.0,13500,25.0,D
sz000021,深科技,2025-09-24 11:02:15,25.0,10900,25.0,D
sz000021,深科技,2025-09-24 11:02:18,25.0,25000,25.0,D
sz000021,深科技,2025-09-24 11:02:24,25.0,12400,25.0,D
sz000021,深科技,2025-09-24 11:02:30,25.0,10900,25.0,D
sz000021,深科技,2025-09-24 11:02:36,25.0,19600,25.0,D
sz000021,深科技,2025-09-24 11:02:42,25.0,9700,25.0,D
sz000021,深科技,2025-09-24 11:02:48,25.0,11500,25.0,D
sz000021,深科技,2025-09-24 11:02:51,25.0,11800,25.0,D
sz000021,深科技,2025-09-24 11:03:00,25.0,26900,25.0,D
sz000021,深科技,2025-09-24 11:03:03,25.0,90900,25.0,D
sz000021,深科技,2025-09-24 11:03:09,25.0,36300,25.0,D
sz000021,深科技,2025-09-24 11:03:12,25.0,14300,25.0,D
sz000021,深科技,2025-09-24 11:03:24,25.0,24200,25.0,D
sz000021,深科技,2025-09-24 11:03:36,25.0,12000,25.0,D
sz000021,深科技,2025-09-24 11:03:39,25.0,27200,25.0,D
sz000021,深科技,2025-09-24 11:03:42,25.0,19200,25.0,D
sz000021,深科技,2025-09-24 11:03:51,25.0,23200,25.0,D
sz000021,深科技,2025-09-24 11:03:54,25.0,11300,25.0,D
sz000021,深科技,2025-09-24 11:04:00,25.0,43600,25.0,D
sz000021,深科技,2025-09-24 11:04:12,25.0,10500,25.0,D
sz000021,深科技,2025-09-24 11:04:15,25.0,145600,25.0,D
sz000021,深科技,2025-09-24 11:04:24,25.0,15500,25.0,D
sz000021,深科技,2025-09-24 11:04:30,25.0,22500,25.0,D
sz000021,深科技,2025-09-24 11:04:42,25.0,22200,25.0,D
sz000021,深科技,2025-09-24 11:04:48,25.0,33500,25.0,D
sz000021,深科技,2025-09-24 11:04:51,25.0,9400,25.0,D
sz000021,深科技,2025-09-24 11:04:57,25.0,12600,25.0,D
sz000021,深科技,2025-09-24 11:05:00,25.0,53700,25.0,D
sz000021,深科技,2025-09-24 11:05:09,25.0,8000,25.0,D
sz000021,深科技,2025-09-24 11:05:12,25.0,11400,25.0,D
sz000021,深科技,2025-09-24 11:05:15,25.0,13000,25.0,D
sz000021,深科技,2025-09-24 11:05:27,25.0,33200,25.0,D
sz000021,深科技,2025-09-24 11:05:33,25.0,9900,25.0,D
sz000021,深科技,2025-09-24 11:05:36,25.0,14200,25.0,D
sz000021,深科技,2025-09-24 11:05:39,25.0,11600,25.0,D
sz000021,深科技,2025-09-24 11:05:48,25.0,14500,25.0,D
sz000021,深科技,2025-09-24 11:06:03,25.0,12100,25.0,D
sz000021,深科技,2025-09-24 11:06:06,25.0,13900,25.0,D
sz000021,深科技,2025-09-24 11:06:09,25.0,9300,25.0,D
sz000021,深科技,2025-09-24 11:06:15,25.0,12600,25.0,D
sz000021,深科技,2025-09-24 11:06:33,25.0,15000,25.0,D
sz000021,深科技,2025-09-24 11:06:48,25.0,8600,25.0,D
sz000021,深科技,2025-09-24 11:06:51,25.0,8000,25.0,D
sz000021,深科技,2025-09-24 11:07:03,25.0,11400,25.0,D
sz000021,深科技,2025-09-24 11:07:06,25.0,11600,25.0,D
sz000021,深科技,2025-09-24 11:07:09,25.0,11500,25.0,D
sz000021,深科技,2025-09-24 11:07:12,25.0,17400,25.0,D
sz000021,深科技,2025-09-24 11:07:15,25.0,8400,25.0,D
sz000021,深科技,2025-09-24 11:07:18,25.0,20100,25.0,D
sz000021,深科技,2025-09-24 11:07:27,25.0,10800,25.0,D
sz000021,深科技,2025-09-24 11:07:30,25.0,22900,25.0,D
sz000021,深科技,2025-09-24 11:07:33,25.0,11334,25.0,D
sz000021,深科技,2025-09-24 11:07:36,25.0,10500,25.0,D
sz000021,深科技,2025-09-24 11:07:42,25.0,8600,25.0,D
sz000021,深科技,2025-09-24 11:07:48,25.0,12000,25.0,D
sz000021,深科技,2025-09-24 11:07:51,25.0,48700,25.0,D
sz000021,深科技,2025-09-24 11:07:54,25.0,36200,25.0,D
sz000021,深科技,2025-09-24 11:08:00,25.0,26900,25.0,D
sz000021,深科技,2025-09-24 11:08:03,25.0,16600,25.0,D
sz000021,深科技,2025-09-24 11:08:09,25.0,16400,25.0,D
sz000021,深科技,2025-09-24 11:08:12,25.0,13000,25.0,D
sz000021,深科技,2025-09-24 11:08:15,25.0,22700,25.0,D
sz000021,深科技,2025-09-24 11:08:21,25.0,60200,25.0,D
sz000021,深科技,2025-09-24 11:08:24,25.0,9200,25.0,D
sz000021,深科技,2025-09-24 11:08:27,25.0,13000,25.0,D
sz000021,深科技,2025-09-24 11:08:30,25.0,53200,25.0,D
sz000021,深科技,2025-09-24 11:08:36,25.0,18400,25.0,D
sz000021,深科技,2025-09-24 11:08:39,25.0,10000,25.0,D
sz000021,深科技,2025-09-24 11:08:42,25.0,22300,25.0,D
sz000021,深科技,2025-09-24 11:08:45,25.0,43300,25.0,D
sz000021,深科技,2025-09-24 11:08:48,25.0,23600,25.0,D
sz000021,深科技,2025-09-24 11:08:54,25.0,16000,25.0,D
sz000021,深科技,2025-09-24 11:08:57,25.0,9200,25.0,D
sz000021,深科技,2025-09-24 11:09:03,25.0,12900,25.0,D
sz000021,深科技,2025-09-24 11:09:06,25.0,79961,25.0,D
sz000021,深科技,2025-09-24 11:09:15,25.0,10000,25.0,D
sz000021,深科技,2025-09-24 11:09:21,25.0,52200,25.0,D
sz000021,深科技,2025-09-24 11:09:36,25.0,46200,25.0,D
sz000021,深科技,2025-09-24 11:09:42,25.0,12400,25.0,D
sz000021,深科技,2025-09-24 11:09:48,25.0,25800,25.0,D
sz000021,深科技,2025-09-24 11:09:51,25.0,13600,25.0,D
sz000021,深科技,2025-09-24 11:09:57,25.0,13100,25.0,D
sz000021,深科技,2025-09-24 11:10:00,25.0,52500,25.0,D
sz000021,深科技,2025-09-24 11:10:03,25.0,21300,25.0,D
sz000021,深科技,2025-09-24 11:10:09,25.0,8600,25.0,D
sz000021,深科技,2025-09-24 11:10:12,25.0,25100,25.0,D
sz000021,深科技,2025-09-24 11:10:18,25.0,47800,25.0,D
sz000021,深科技,2025-09-24 11:10:24,25.0,22200,25.0,D
sz000021,深科技,2025-09-24 11:10:27,25.0,16500,25.0,D
sz000021,深科技,2025-09-24 11:10:33,25.0,10600,25.0,D
sz000021,深科技,2025-09-24 11:10:36,25.0,113000,25.0,D
sz000021,深科技,2025-09-24 11:10:39,25.0,14100,25.0,D
sz000021,深科技,2025-09-24 11:10:45,25.0,11100,25.0,D
sz000021,深科技,2025-09-24 11:10:54,25.0,10400,25.0,D
sz000021,深科技,2025-09-24 11:10:57,25.0,20900,25.0,D
sz000021,深科技,2025-09-24 11:11:03,25.0,21000,25.0,D
sz000021,深科技,2025-09-24 11:11:09,25.0,8700,25.0,D
sz000021,深科技,2025-09-24 11:11:15,25.0,11900,25.0,D
sz000021,深科技,2025-09-24 11:11:18,25.0,9600,25.0,D
sz000021,深科技,2025-09-24 11:11:30,25.0,13300,25.0,D
sz000021,深科技,2025-09-24 11:11:39,25.0,39700,25.0,D
sz000021,深科技,2025-09-24 11:11:42,25.0,12300,25.0,D
sz000021,深科技,2025-09-24 11:11:45,25.0,40200,25.0,D
sz000021,深科技,2025-09-24 11:11:48,25.0,22000,25.0,D
sz000021,深科技,2025-09-24 11:11:54,25.0,12100,25.0,D
sz000021,深科技,2025-09-24 11:12:00,25.0,9400,25.0,D
sz000021,深科技,2025-09-24 11:12:06,25.0,11700,25.0,D
sz000021,深科技,2025-09-24 11:12:21,25.0,8900,25.0,D
sz000021,深科技,2025-09-24 11:12:24,25.0,11400,25.0,D
sz000021,深科技,2025-09-24 11:12:57,25.0,28500,25.0,D
sz000021,深科技,2025-09-24 11:13:06,25.0,16600,25.0,D
sz000021,深科技,2025-09-24 11:13:12,25.0,19700,25.0,D
sz000021,深科技,2025-09-24 11:13:15,25.0,10800,25.0,D
sz000021,深科技,2025-09-24 11:13:24,25.0,18300,25.0,D
sz000021,深科技,2025-09-24 11:13:30,25.0,9500,25.0,D
sz000021,深科技,2025-09-24 11:13:45,25.0,13100,25.0,D
sz000021,深科技,2025-09-24 11:13:54,25.0,8900,25.0,D
sz000021,深科技,2025-09-24 11:14:03,25.0,28800,25.0,D
sz000021,深科技,2025-09-24 11:14:12,25.0,24900,25.0,D
sz000021,深科技,2025-09-24 11:14:33,25.0,28100,25.0,D
sz000021,深科技,2025-09-24 11:14:39,25.0,12100,25.0,D
sz000021,深科技,2025-09-24 11:14:54,25.0,56300,25.0,D
sz000021,深科技,2025-09-24 11:15:06,25.0,16900,25.0,D
sz000021,深科技,2025-09-24 11:15:15,25.0,11000,25.0,D
sz000021,深科技,2025-09-24 11:15:27,25.0,22900,25.0,D
sz000021,深科技,2025-09-24 11:15:45,25.0,16100,25.0,D
sz000021,深科技,2025-09-24 11:16:24,25.0,86700,25.0,D
sz000021,深科技,2025-09-24 11:16:54,25.0,8400,25.0,D
sz000021,深科技,2025-09-24 11:17:00,25.0,14800,25.0,D
sz000021,深科技,2025-09-24 11:17:09,25.0,19500,25.0,D
sz000021,深科技,2025-09-24 11:17:36,25.0,14000,25.0,D
sz000021,深科技,2025-09-24 11:17:57,25.0,8900,25.0,D
sz000021,深科技,2025-09-24 11:18:12,25.0,15900,25.0,D
sz000021,深科技,2025-09-24 11:18:54,25.0,8700,25.0,D
sz000021,深科技,2025-09-24 11:19:42,25.0,24300,25.0,D
sz000021,深科技,2025-09-24 11:19:45,25.0,11600,25.0,D
sz000021,深科技,2025-09-24 11:20:03,25.0,10700,25.0,D
sz000021,深科技,2025-09-24 11:20:24,25.0,15700,25.0,D
sz000021,深科技,2025-09-24 11:21:06,25.0,41000,25.0,D
sz000021,深科技,2025-09-24 11:21:33,25.0,9000,25.0,D
sz000021,深科技,2025-09-24 11:21:36,25.0,19500,25.0,D
sz000021,深科技,2025-09-24 11:21:57,25.0,32000,25.0,D
sz000021,深科技,2025-09-24 11:22:12,25.0,13100,25.0,D
sz000021,深科技,2025-09-24 11:22:15,25.0,13400,25.0,D
sz000021,深科技,2025-09-24 11:22:21,25.0,41500,25.0,D
sz000021,深科技,2025-09-24 11:23:09,25.0,12200,25.0,D
sz000021,深科技,2025-09-24 11:23:18,25.0,12400,25.0,D
sz000021,深科技,2025-09-24 11:23:24,25.0,22450,25.0,D
sz000021,深科技,2025-09-24 11:23:30,25.0,12200,25.0,D
sz000021,深科技,2025-09-24 11:23:48,25.0,20500,25.0,D
sz000021,深科技,2025-09-24 11:23:51,25.0,18300,25.0,D
sz000021,深科技,2025-09-24 11:24:00,25.0,15600,25.0,D
sz000021,深科技,2025-09-24 11:24:09,25.0,14300,25.0,D
sz000021,深科技,2025-09-24 11:24:30,25.0,52800,25.0,D
sz000021,深科技,2025-09-24 11:24:45,25.0,9100,25.0,D
sz000021,深科技,2025-09-24 11:24:54,25.0,68500,25.0,D
sz000021,深科技,2025-09-24 11:25:06,25.0,20800,25.0,D
sz000021,深科技,2025-09-24 11:25:27,25.0,18200,25.0,D
sz000021,深科技,2025-09-24 11:26:15,25.0,34100,25.0,D
sz000021,深科技,2025-09-24 11:27:24,25.0,22300,25.0,D
sz000021,深科技,2025-09-24 11:27:45,25.0,10400,25.0,D
sz000021,深科技,2025-09-24 11:28:00,25.0,10300,25.0,D
sz000021,深科技,2025-09-24 11:28:42,25.0,20400,25.0,D
sz000021,深科技,2025-09-24 11:28:48,25.0,14800,25.0,D
sz000021,深科技,2025-09-24 11:28:51,25.0,10400,25.0,D
sz000021,深科技,2025-09-24 11:29:15,25.0,10600,25.0,D
sz000021,深科技,2025-09-24 11:29:21,25.0,84200,25.0,D
sz000021,深科技,2025-09-24 11:29:24,25.0,22500,25.0,D
sz000021,深科技,2025-09-24 11:29:57,25.0,14600,25.0,D
sz000021,深科技,2025-09-24 13:00:00,25.0,119800,25.0,D
sz000021,深科技,2025-09-24 13:00:03,25.0,678920,25.0,D
sz000021,深科技,2025-09-24 13:00:06,25.0,104650,25.0,D
sz000021,深科技,2025-09-24 13:01:03,25.0,50700,25.0,D
sz000021,深科技,2025-09-24 13:01:12,25.0,30400,25.0,D
sz000021,深科技,2025-09-24 13:01:21,25.0,8400,25.0,D
sz000021,深科技,2025-09-24 13:02:15,25.0,13400,25.0,D
sz000021,深科技,2025-09-24 13:02:27,25.0,10200,25.0,D
sz000021,深科技,2025-09-24 13:02:39,25.0,10100,25.0,D
sz000021,深科技,2025-09-24 13:02:48,25.0,15000,25.0,D
sz000021,深科技,2025-09-24 13:03:09,25.0,11500,25.0,D
sz000021,深科技,2025-09-24 13:03:18,25.0,9500,25.0,D
sz000021,深科技,2025-09-24 13:03:27,25.0,28800,25.0,D
sz000021,深科技,2025-09-24 13:03:42,25.0,19500,25.0,D
sz000021,深科技,2025-09-24 13:04:36,25.0,22700,25.0,D
sz000021,深科技,2025-09-24 13:04:48,25.0,10000,25.0,D
sz000021,深科技,2025-09-24 13:05:15,25.0,47600,25.0,D
sz000021,深科技,2025-09-24 13:05:24,25.0,10200,25.0,D
sz000021,深科技,2025-09-24 13:05:36,25.0,18300,25.0,D
sz000021,深科技,2025-09-24 13:06:15,25.0,19200,25.0,D
sz000021,深科技,2025-09-24 13:06:18,25.0,21500,25.0,D
sz000021,深科技,2025-09-24 13:06:27,25.0,9600,25.0,D
sz000021,深科技,2025-09-24 13:06:30,25.0,8200,25.0,D
sz000021,深科技,2025-09-24 13:06:36,25.0,17100,25.0,D
sz000021,深科技,2025-09-24 13:06:39,25.0,26400,25.0,D
sz000021,深科技,2025-09-24 13:06:45,25.0,34000,25.0,D
sz000021,深科技,2025-09-24 13:07:00,25.0,14600,25.0,D
sz000021,深科技,2025-09-24 13:07:09,25.0,12600,25.0,D
sz000021,深科技,2025-09-24 13:07:24,25.0,27500,25.0,D
sz000021,深科技,2025-09-24 13:07:27,25.0,16200,25.0,D
sz000021,深科技,2025-09-24 13:08:30,25.0,22700,25.0,D
sz000021,深科技,2025-09-24 13:08:45,25.0,11200,25.0,D
sz000021,深科技,2025-09-24 13:08:51,25.0,11200,25.0,D
sz000021,深科技,2025-09-24 13:08:57,25.0,21800,25.0,D
sz000021,深科技,2025-09-24 13:09:15,25.0,13800,25.0,D
sz000021,深科技,2025-09-24 13:09:18,25.0,12200,25.0,D
sz000021,深科技,2025-09-24 13:09:33,25.0,9300,25.0,D
sz000021,深科技,2025-09-24 13:09:39,25.0,11100,25.0,D
sz000021,深科技,2025-09-24 13:10:24,25.0,60100,25.0,D
sz000021,深科技,2025-09-24 13:11:00,25.0,8700,25.0,D
sz000021,深科技,2025-09-24 13:11:06,25.0,8200,25.0,D
sz000021,深科技,2025-09-24 13:11:42,25.0,10800,25.0,D
sz000021,深科技,2025-09-24 13:12:57,25.0,10500,25.0,D
sz000021,深科技,2025-09-24 13:13:30,25.0,9100,25.0,D
sz000021,深科技,2025-09-24 13:13:42,25.0,8700,25.0,D
sz000021,深科技,2025-09-24 13:14:24,25.0,25000,25.0,D
sz000021,深科技,2025-09-24 13:14:36,25.0,10000,25.0,D
sz000021,深科技,2025-09-24 13:15:30,25.0,9400,25.0,D
sz000021,深科技,2025-09-24 13:15:36,25.0,20400,25.0,D
sz000021,深科技,2025-09-24 13:15:39,25.0,24500,25.0,D
sz000021,深科技,2025-09-24 13:15:51,25.0,52500,25.0,D
sz000021,深科技,2025-09-24 13:15:54,25.0,23000,25.0,D
sz000021,深科技,2025-09-24 13:16:03,25.0,9000,25.0,D
sz000021,深科技,2025-09-24 13:16:09,25.0,17100,25.0,D
sz000021,深科技,2025-09-24 13:16:12,25.0,42300,25.0,D
sz000021,深科技,2025-09-24 13:16:15,25.0,10100,25.0,D
sz000021,深科技,2025-09-24 13:16:18,25.0,25300,25.0,D
sz000021,深科技,2025-09-24 13:16:24,25.0,11200,25.0,D
sz000021,深科技,2025-09-24 13:16:27,25.0,80900,25.0,D
sz000021,深科技,2025-09-24 13:16:30,25.0,108200,25.0,D
sz000021,深科技,2025-09-24 13:16:33,25.0,47800,25.0,D
sz000021,深科技,2025-09-24 13:16:36,25.0,11500,25.0,D
sz000021,深科技,2025-09-24 13:16:39,25.0,46700,25.0,D
sz000021,深科技,2025-09-24 13:16:42,25.0,64300,25.0,D
sz000021,深科技,2025-09-24 13:16:45,25.0,99700,25.0,D
sz000021,深科技,2025-09-24 13:16:51,25.0,32900,25.0,D
sz000021,深科技,2025-09-24 13:16:57,25.0,12500,25.0,D
sz000021,深科技,2025-09-24 13:17:00,25.0,17000,25.0,D
sz000021,深科技,2025-09-24 13:17:03,25.0,11300,25.0,D
sz000021,深科技,2025-09-24 13:17:06,25.0,134600,25.0,D
sz000021,深科技,2025-09-24 13:17:09,25.0,74500,25.0,D
sz000021,深科技,2025-09-24 13:17:12,25.0,15700,25.0,D
sz000021,深科技,2025-09-24 13:17:15,25.0,21700,25.0,D
sz000021,深科技,2025-09-24 13:17:18,25.0,10700,25.0,D
sz000021,深科技,2025-09-24 13:17:21,25.0,18700,25.0,D
sz000021,深科技,2025-09-24 13:17:24,25.0,32300,25.0,D
sz000021,深科技,2025-09-24 13:17:27,25.0,111500,25.0,D
sz000021,深科技,2025-09-24 13:17:30,25.0,66900,25.0,D
sz000021,深科技,2025-09-24 13:17:33,25.0,9300,25.0,D
sz000021,深科技,2025-09-24 13:17:39,25.0,77700,25.0,D
sz000021,深科技,2025-09-24 13:17:42,25.0,14300,25.0,D
sz000021,深科技,2025-09-24 13:17:45,25.0,62300,25.0,D
sz000021,深科技,2025-09-24 13:17:51,25.0,10700,25.0,D
sz000021,深科技,2025-09-24 13:17:54,25.0,25700,25.0,D
sz000021,深科技,2025-09-24 13:17:57,25.0,14000,25.0,D
sz000021,深科技,2025-09-24 13:18:03,25.0,17100,25.0,D
sz000021,深科技,2025-09-24 13:18:24,25.0,14300,25.0,D
sz000021,深科技,2025-09-24 13:18:30,25.0,10700,25.0,D
sz000021,深科技,2025-09-24 13:18:36,25.0,11600,25.0,D
sz000021,深科技,2025-09-24 13:19:06,25.0,45200,25.0,D
sz000021,深科技,2025-09-24 13:19:24,25.0,79100,25.0,D
sz000021,深科技,2025-09-24 13:19:30,25.0,15000,25.0,D
sz000021,深科技,2025-09-24 13:19:45,25.0,15900,25.0,D
