symbol,name,ticktime,price,volume,prev_price,kind
sz000021,深科技,2025-09-30 09:25:00,26.75,2885300,0.0,U
sz000021,深科技,2025-09-30 09:30:00,26.8,868483,26.75,U
sz000021,深科技,2025-09-30 09:30:03,26.75,3273382,26.8,D
sz000021,深科技,2025-09-30 09:30:06,26.76,825500,26.75,E
sz000021,深科技,2025-09-30 09:30:09,27.0,768700,26.76,U
sz000021,深科技,2025-09-30 09:30:12,27.04,591683,27.0,U
sz000021,深科技,2025-09-30 09:30:15,27.11,267900,27.04,U
sz000021,深科技,2025-09-30 09:30:18,27.27,357200,27.11,U
sz000021,深科技,2025-09-30 09:30:21,27.27,251000,27.27,U
sz000021,深科技,2025-09-30 09:30:24,27.29,398000,27.27,E
sz000021,深科技,2025-09-30 09:30:27,27.36,290100,27.29,E
sz000021,深科技,2025-09-30 09:30:30,27.45,503100,27.36,U
sz000021,深科技,2025-09-30 09:30:33,27.3,610800,27.45,D
sz000021,深科技,2025-09-30 09:30:36,27.27,667500,27.3,D
sz000021,深科技,2025-09-30 09:30:39,27.18,449775,27.27,E
sz000021,深科技,2025-09-30 09:30:42,27.12,485825,27.18,D
sz000021,深科技,2025-09-30 09:30:45,27.32,589775,27.12,U
sz000021,深科技,2025-09-30 09:30:48,27.53,885200,27.32,U
sz000021,深科技,2025-09-30 09:30:51,27.86,2184100,27.53,U
sz000021,深科技,2025-09-30 09:30:54,27.8,1781000,27.86,U
sz000021,深科技,2025-09-30 09:30:57,27.86,1652700,27.8,U
sz000021,深科技,2025-09-30 09:31:00,27.85,1387400,27.86,E
sz000021,深科技,2025-09-30 09:31:03,27.68,1068100,27.85,D
sz000021,深科技,2025-09-30 09:31:06,27.69,606200,27.68,U
sz000021,深科技,2025-09-30 09:31:09,27.68,573400,27.69,D
sz000021,深科技,2025-09-30 09:31:12,27.69,469400,27.68,E
sz000021,深科技,2025-09-30 09:31:15,27.67,573700,27.69,E
sz000021,深科技,2025-09-30 09:31:18,27.47,410400,27.67,D
sz000021,深科技,2025-09-30 09:31:21,27.47,609600,27.47,D
sz000021,深科技,2025-09-30 09:31:24,27.46,212100,27.47,E
sz000021,深科技,2025-09-30 09:31:27,27.39,194600,27.46,D
sz000021,深科技,2025-09-30 09:31:30,27.4,444500,27.39,U
sz000021,深科技,2025-09-30 09:31:33,27.44,342400,27.4,U
sz000021,深科技,2025-09-30 09:31:36,27.47,365800,27.44,U
sz000021,深科技,2025-09-30 09:31:39,27.47,340168,27.47,U
sz000021,深科技,2025-09-30 09:31:42,27.45,289100,27.47,E
sz000021,深科技,2025-09-30 09:31:45,27.44,372970,27.45,D
sz000021,深科技,2025-09-30 09:31:48,27.44,205530,27.44,D
sz000021,深科技,2025-09-30 09:31:51,27.44,154700,27.44,U
sz000021,深科技,2025-09-30 09:31:54,27.42,179000,27.44,D
sz000021,深科技,2025-09-30 09:31:57,27.39,156600,27.42,E
sz000021,深科技,2025-09-30 09:32:00,27.4,685000,27.39,E
sz000021,深科技,2025-09-30 09:32:03,27.43,690032,27.4,E
sz000021,深科技,2025-09-30 09:32:06,27.45,461957,27.43,U
sz000021,深科技,2025-09-30 09:32:09,27.44,232400,27.45,D
sz000021,深科技,2025-09-30 09:32:12,27.52,183200,27.44,U
sz000021,深科技,2025-09-30 09:32:15,27.56,182200,27.52,U
sz000021,深科技,2025-09-30 09:32:18,27.56,121100,27.56,D
sz000021,深科技,2025-09-30 09:32:21,27.56,330300,27.56,D
sz000021,深科技,2025-09-30 09:32:24,27.57,163100,27.56,U
sz000021,深科技,2025-09-30 09:32:27,27.57,294100,27.57,U
sz000021,深科技,2025-09-30 09:32:30,27.59,301100,27.57,U
sz000021,深科技,2025-09-30 09:32:33,27.57,298100,27.59,D
sz000021,深科技,2025-09-30 09:32:36,27.67,290600,27.57,U
sz000021,深科技,2025-09-30 09:32:39,27.73,249600,27.67,U
sz000021,深科技,2025-09-30 09:32:42,27.73,363300,27.73,U
sz000021,深科技,2025-09-30 09:32:45,27.78,314300,27.73,E
sz000021,深科技,2025-09-30 09:32:48,27.76,383900,27.78,D
sz000021,深科技,2025-09-30 09:32:51,27.77,285800,27.76,U
sz000021,深科技,2025-09-30 09:32:54,27.78,185100,27.77,U
sz000021,深科技,2025-09-30 09:32:57,27.78,262300,27.78,D
sz000021,深科技,2025-09-30 09:33:00,27.85,3087900,27.78,U
sz000021,深科技,2025-09-30 09:33:03,27.87,3425298,27.85,U
sz000021,深科技,2025-09-30 09:33:06,27.87,172900,27.87,D
sz000021,深科技,2025-09-30 09:33:09,27.87,305300,27.87,D
sz000021,深科技,2025-09-30 09:33:12,27.87,397000,27.87,D
sz000021,深科技,2025-09-30 09:33:15,27.87,553500,27.87,D
sz000021,深科技,2025-09-30 09:33:18,27.87,292400,27.87,D
sz000021,深科技,2025-09-30 09:33:21,27.87,176800,27.87,D
sz000021,深科技,2025-09-30 09:33:24,27.87,223400,27.87,D
sz000021,深科技,2025-09-30 09:33:27,27.87,294200,27.87,D
sz000021,深科技,2025-09-30 09:33:30,27.87,333600,27.87,D
sz000021,深科技,2025-09-30 09:33:33,27.87,164800,27.87,D
sz000021,深科技,2025-09-30 09:33:36,27.87,340000,27.87,D
sz000021,深科技,2025-09-30 09:33:39,27.87,182900,27.87,D
sz000021,深科技,2025-09-30 09:33:42,27.87,307040,27.87,D
sz000021,深科技,2025-09-30 09:33:45,27.87,246700,27.87,D
sz000021,深科技,2025-09-30 09:33:48,27.87,85000,27.87,D
sz000021,深科技,2025-09-30 09:33:51,27.87,183600,27.87,D
sz000021,深科技,2025-09-30 09:33:54,27.87,90900,27.87,D
sz000021,深科技,2025-09-30 09:33:57,27.87,122800,27.87,D
sz000021,深科技,2025-09-30 09:34:00,27.87,146100,27.87,D
sz000021,深科技,2025-09-30 09:34:03,27.87,132900,27.87,D
sz000021,深科技,2025-09-30 09:34:06,27.87,130300,27.87,D
sz000021,深科技,2025-09-30 09:34:09,27.87,37200,27.87,D
sz000021,深科技,2025-09-30 09:34:12,27.87,162400,27.87,D
sz000021,深科技,2025-09-30 09:34:15,27.87,151100,27.87,D
sz000021,深科技,2025-09-30 09:34:18,27.87,164653,27.87,D
sz000021,深科技,2025-09-30 09:34:21,27.87,49900,27.87,D
sz000021,深科技,2025-09-30 09:34:24,27.87,97900,27.87,D
sz000021,深科技,2025-09-30 09:34:27,27.87,124600,27.87,D
sz000021,深科技,2025-09-30 09:34:30,27.87,117500,27.87,D
sz000021,深科技,2025-09-30 09:34:33,27.87,313300,27.87,D
sz000021,深科技,2025-09-30 09:34:36,27.87,77000,27.87,D
sz000021,深科技,2025-09-30 09:34:39,27.87,26900,27.87,D
sz000021,深科技,2025-09-30 09:34:42,27.87,166500,27.87,D
sz000021,深科技,2025-09-30 09:34:45,27.87,62258,27.87,D
sz000021,深科技,2025-09-30 09:34:48,27.87,49000,27.87,D
sz000021,深科技,2025-09-30 09:34:51,27.87,44200,27.87,D
sz000021,深科技,2025-09-30 09:34:54,27.87,50600,27.87,D
sz000021,深科技,2025-09-30 09:34:57,27.87,71000,27.87,D
sz000021,深科技,2025-09-30 09:35:00,27.87,50300,27.87,D
sz000021,深科技,2025-09-30 09:35:03,27.87,79600,27.87,D
sz000021,深科技,2025-09-30 09:35:06,27.87,23800,27.87,D
sz000021,深科技,2025-09-30 09:35:09,27.87,34190,27.87,D
sz000021,深科技,2025-09-30 09:35:12,27.87,56100,27.87,D
sz000021,深科技,2025-09-30 09:35:15,27.87,109900,27.87,D
sz000021,深科技,2025-09-30 09:35:18,27.87,320000,27.87,D
sz000021,深科技,2025-09-30 09:35:21,27.87,41500,27.87,D
sz000021,深科技,2025-09-30 09:35:24,27.87,30400,27.87,D
sz000021,深科技,2025-09-30 09:35:27,27.87,37900,27.87,D
sz000021,深科技,2025-09-30 09:35:30,27.87,72800,27.87,D
sz000021,深科技,2025-09-30 09:35:33,27.87,33900,27.87,D
sz000021,深科技,2025-09-30 09:35:36,27.87,35100,27.87,D
sz000021,深科技,2025-09-30 09:35:39,27.87,43300,27.87,D
sz000021,深科技,2025-09-30 09:35:42,27.87,33000,27.87,D
sz000021,深科技,2025-09-30 09:35:45,27.87,26900,27.87,D
sz000021,深科技,2025-09-30 09:35:48,27.87,33300,27.87,D
sz000021,深科技,2025-09-30 09:35:51,27.87,133400,27.87,D
sz000021,深科技,2025-09-30 09:35:54,27.87,122700,27.87,D
sz000021,深科技,2025-09-30 09:35:57,27.87,21000,27.87,D
sz000021,深科技,2025-09-30 09:36:00,27.87,34800,27.87,D
sz000021,深科技,2025-09-30 09:36:03,27.87,21900,27.87,D
sz000021,深科技,2025-09-30 09:36:06,27.87,56300,27.87,D
sz000021,深科技,2025-09-30 09:36:09,27.87,47800,27.87,D
sz000021,深科技,2025-09-30 09:36:12,27.87,17900,27.87,D
sz000021,深科技,2025-09-30 09:36:15,27.87,43800,27.87,D
sz000021,深科技,2025-09-30 09:36:18,27.87,42700,27.87,D
sz000021,深科技,2025-09-30 09:36:21,27.87,23500,27.87,D
sz000021,深科技,2025-09-30 09:36:24,27.87,23200,27.87,D
sz000021,深科技,2025-09-30 09:36:27,27.87,22400,27.87,D
sz000021,深科技,2025-09-30 09:36:30,27.87,30200,27.87,D
sz000021,深科技,2025-09-30 09:36:33,27.87,53000,27.87,D
sz000021,深科技,2025-09-30 09:36:36,27.87,92100,27.87,D
sz000021,深科技,2025-09-30 09:36:39,27.87,25900,27.87,D
sz000021,深科技,2025-09-30 09:36:42,27.87,98468,27.87,D
sz000021,深科技,2025-09-30 09:36:45,27.87,25600,27.87,D
sz000021,深科技,2025-09-30 09:36:48,27.87,20400,27.87,D
sz000021,深科技,2025-09-30 09:36:51,27.87,23700,27.87,D
sz000021,深科技,2025-09-30 09:36:54,27.87,44400,27.87,D
sz000021,深科技,2025-09-30 09:36:57,27.87,15500,27.87,D
sz000021,深科技,2025-09-30 09:37:00,27.87,40700,27.87,D
sz000021,深科技,2025-09-30 09:37:03,27.87,176500,27.87,D
sz000021,深科技,2025-09-30 09:37:06,27.87,24200,27.87,D
sz000021,深科技,2025-09-30 09:37:09,27.87,29100,27.87,D
sz000021,深科技,2025-09-30 09:37:12,27.87,19500,27.87,D
sz000021,深科技,2025-09-30 09:37:15,27.87,24500,27.87,D
sz000021,深科技,2025-09-30 09:37:18,27.87,21400,27.87,D
sz000021,深科技,2025-09-30 09:37:21,27.87,27800,27.87,D
sz000021,深科技,2025-09-30 09:37:24,27.87,13000,27.87,D
sz000021,深科技,2025-09-30 09:37:27,27.87,104700,27.87,D
sz000021,深科技,2025-09-30 09:37:30,27.87,23100,27.87,D
sz000021,深科技,2025-09-30 09:37:33,27.87,122500,27.87,D
sz000021,深科技,2025-09-30 09:37:36,27.87,8300,27.87,D
sz000021,深科技,2025-09-30 09:37:39,27.87,15400,27.87,D
sz000021,深科技,2025-09-30 09:37:42,27.87,18700,27.87,D
sz000021,深科技,2025-09-30 09:37:45,27.87,28600,27.87,D
sz000021,深科技,2025-09-30 09:37:48,27.87,21200,27.87,D
sz000021,深科技,2025-09-30 09:37:51,27.87,18300,27.87,D
sz000021,深科技,2025-09-30 09:37:54,27.87,34400,27.87,D
sz000021,深科技,2025-09-30 09:37:57,27.87,38200,27.87,D
sz000021,深科技,2025-09-30 09:38:00,27.87,16900,27.87,D
sz000021,深科技,2025-09-30 09:38:03,27.87,32800,27.87,D
sz000021,深科技,2025-09-30 09:38:06,27.87,38900,27.87,D
sz000021,深科技,2025-09-30 09:38:09,27.87,26000,27.87,D
sz000021,深科技,2025-09-30 09:38:12,27.87,41000,27.87,D
sz000021,深科技,2025-09-30 09:38:15,27.87,34200,27.87,D
sz000021,深科技,2025-09-30 09:38:18,27.87,25500,27.87,D
sz000021,深科技,2025-09-30 09:38:21,27.87,25200,27.87,D
sz000021,深科技,2025-09-30 09:38:24,27.87,23400,27.87,D
sz000021,深科技,2025-09-30 09:38:27,27.87,70100,27.87,D
sz000021,深科技,2025-09-30 09:38:30,27.87,41400,27.87,D
sz000021,深科技,2025-09-30 09:38:33,27.87,43500,27.87,D
sz000021,深科技,2025-09-30 09:38:36,27.87,45501,27.87,D
sz000021,深科技,2025-09-30 09:38:39,27.87,58000,27.87,D
sz000021,深科技,2025-09-30 09:38:42,27.87,35200,27.87,D
sz000021,深科技,2025-09-30 09:38:45,27.87,33600,27.87,D
sz000021,深科技,2025-09-30 09:38:48,27.87,15700,27.87,D
sz000021,深科技,2025-09-30 09:38:51,27.87,25400,27.87,D
sz000021,深科技,2025-09-30 09:38:54,27.87,15600,27.87,D
sz000021,深科技,2025-09-30 09:38:57,27.87,16600,27.87,D
sz000021,深科技,2025-09-30 09:39:00,27.87,16500,27.87,D
sz000021,深科技,2025-09-30 09:39:03,27.87,42600,27.87,D
sz000021,深科技,2025-09-30 09:39:06,27.87,34800,27.87,D
sz000021,深科技,2025-09-30 09:39:09,27.87,60600,27.87,D
sz000021,深科技,2025-09-30 09:39:12,27.87,18000,27.87,D
sz000021,深科技,2025-09-30 09:39:15,27.87,8900,27.87,D
sz000021,深科技,2025-09-30 09:39:18,27.87,40400,27.87,D
sz000021,深科技,2025-09-30 09:39:21,27.87,14300,27.87,D
sz000021,深科技,2025-09-30 09:39:24,27.87,16600,27.87,D
sz000021,深科技,2025-09-30 09:39:27,27.87,8100,27.87,D
sz000021,深科技,2025-09-30 09:39:30,27.87,30700,27.87,D
sz000021,深科技,2025-09-30 09:39:36,27.87,10400,27.87,D
sz000021,深科技,2025-09-30 09:39:39,27.87,30100,27.87,D
sz000021,深科技,2025-09-30 09:39:42,27.87,17300,27.87,D
sz000021,深科技,2025-09-30 09:39:48,27.87,10100,27.87,D
sz000021,深科技,2025-09-30 09:39:51,27.87,20300,27.87,D
sz000021,深科技,2025-09-30 09:39:54,27.87,7900,27.87,D
sz000021,深科技,2025-09-30 09:39:57,27.87,28100,27.87,D
sz000021,深科技,2025-09-30 09:40:00,27.87,19100,27.87,D
sz000021,深科技,2025-09-30 09:40:03,27.87,14000,27.87,D
sz000021,深科技,2025-09-30 09:40:06,27.87,13600,27.87,D
sz000021,深科技,2025-09-30 09:40:09,27.87,20600,27.87,D
sz000021,深科技,2025-09-30 09:40:12,27.87,10800,27.87,D
sz000021,深科技,2025-09-30 09:40:15,27.87,26000,27.87,D
sz000021,深科技,2025-09-30 09:40:18,27.87,20500,27.87,D
sz000021,深科技,2025-09-30 09:40:21,27.87,16500,27.87,D
sz000021,深科技,2025-09-30 09:40:24,27.87,17000,27.87,D
sz000021,深科技,2025-09-30 09:40:27,27.87,8800,27.87,D
sz000021,深科技,2025-09-30 09:40:33,27.87,19900,27.87,D
sz000021,深科技,2025-09-30 09:40:36,27.87,20400,27.87,D
sz000021,深科技,2025-09-30 09:40:42,27.87,9000,27.87,D
sz000021,深科技,2025-09-30 09:40:48,27.87,11500,27.87,D
sz000021,深科技,2025-09-30 09:40:51,27.87,26800,27.87,D
sz000021,深科技,2025-09-30 09:40:54,27.87,18300,27.87,D
sz000021,深科技,2025-09-30 09:40:57,27.87,16600,27.87,D
sz000021,深科技,2025-09-30 09:41:00,27.87,58700,27.87,D
sz000021,深科技,2025-09-30 09:41:03,27.87,10100,27.87,D
sz000021,深科技,2025-09-30 09:41:06,27.87,10300,27.87,D
sz000021,深科技,2025-09-30 09:41:09,27.87,50500,27.87,D
sz000021,深科技,2025-09-30 09:41:12,27.87,21800,27.87,D
sz000021,深科技,2025-09-30 09:41:15,27.87,13200,27.87,D
sz000021,深科技,2025-09-30 09:41:24,27.87,9500,27.87,D
sz000021,深科技,2025-09-30 09:41:27,27.87,23700,27.87,D
sz000021,深科技,2025-09-30 09:41:33,27.87,39500,27.87,D
sz000021,深科技,2025-09-30 09:41:36,27.87,12700,27.87,D
sz000021,深科技,2025-09-30 09:41:39,27.87,18100,27.87,D
sz000021,深科技,2025-09-30 09:41:42,27.87,38900,27.87,D
sz000021,深科技,2025-09-30 09:41:45,27.87,30200,27.87,D
sz000021,深科技,2025-09-30 09:41:48,27.87,140700,27.87,D
sz000021,深科技,2025-09-30 09:41:51,27.87,27000,27.87,D
sz000021,深科技,2025-09-30 09:41:54,27.87,22600,27.87,D
sz000021,深科技,2025-09-30 09:41:57,27.87,65200,27.87,D
sz000021,深科技,2025-09-30 09:42:03,27.87,7400,27.87,D
sz000021,深科技,2025-09-30 09:42:06,27.87,42800,27.87,D
sz000021,深科技,2025-09-30 09:42:12,27.87,149900,27.87,D
sz000021,深科技,2025-09-30 09:42:15,27.87,16900,27.87,D
sz000021,深科技,2025-09-30 09:42:18,27.87,36800,27.87,D
sz000021,深科技,2025-09-30 09:42:24,27.87,26300,27.87,D
sz000021,深科技,2025-09-30 09:42:30,27.87,18900,27.87,D
sz000021,深科技,2025-09-30 09:42:33,27.87,23600,27.87,D
sz000021,深科技,2025-09-30 09:42:36,27.87,17800,27.87,D
sz000021,深科技,2025-09-30 09:42:39,27.87,14200,27.87,D
sz000021,深科技,2025-09-30 09:42:42,27.87,19300,27.87,D
sz000021,深科技,2025-09-30 09:42:45,27.87,12500,27.87,D
sz000021,深科技,2025-09-30 09:42:48,27.87,14100,27.87,D
sz000021,深科技,2025-09-30 09:42:51,27.87,13300,27.87,D
sz000021,深科技,2025-09-30 09:42:54,27.87,176900,27.87,D
sz000021,深科技,2025-09-30 09:42:57,27.87,22900,27.87,D
sz000021,深科技,2025-09-30 09:43:00,27.87,67000,27.87,D
sz000021,深科技,2025-09-30 09:43:03,27.87,11700,27.87,D
sz000021,深科技,2025-09-30 09:43:06,27.87,16200,27.87,D
sz000021,深科技,2025-09-30 09:43:09,27.87,47000,27.87,D
sz000021,深科技,2025-09-30 09:43:12,27.87,24500,27.87,D
sz000021,深科技,2025-09-30 09:43:15,27.87,9000,27.87,D
sz000021,深科技,2025-09-30 09:43:21,27.87,29100,27.87,D
sz000021,深科技,2025-09-30 09:43:24,27.87,79200,27.87,D
sz000021,深科技,2025-09-30 09:43:27,27.87,14700,27.87,D
sz000021,深科技,2025-09-30 09:43:33,27.87,33700,27.87,D
sz000021,深科技,2025-09-30 09:43:36,27.87,78200,27.87,D
sz000021,深科技,2025-09-30 09:43:45,27.87,38900,27.87,D
sz000021,深科技,2025-09-30 09:43:54,27.87,8400,27.87,D
sz000021,深科技,2025-09-30 09:43:57,27.87,20300,27.87,D
sz000021,深科技,2025-09-30 09:44:00,27.87,16200,27.87,D
sz000021,深科技,2025-09-30 09:44:03,27.87,7900,27.87,D
sz000021,深科技,2025-09-30 09:44:12,27.87,16100,27.87,D
sz000021,深科技,2025-09-30 09:44:15,27.87,10500,27.87,D
sz000021,深科技,2025-09-30 09:44:18,27.87,8200,27.87,D
sz000021,深科技,2025-09-30 09:44:21,27.87,12800,27.87,D
sz000021,深科技,2025-09-30 09:44:24,27.87,9600,27.87,D
sz000021,深科技,2025-09-30 09:44:27,27.87,11500,27.87,D
sz000021,深科技,2025-09-30 09:44:30,27.87,24100,27.87,D
sz000021,深科技,2025-09-30 09:44:33,27.87,8200,27.87,D
sz000021,深科技,2025-09-30 09:44:36,27.87,16200,27.87,D
sz000021,深科技,2025-09-30 09:44:42,27.87,42300,27.87,D
sz000021,深科技,2025-09-30 09:44:45,27.87,11900,27.87,D
sz000021,深科技,2025-09-30 09:44:48,27.87,10800,27.87,D
sz000021,深科技,2025-09-30 09:44:51,27.87,25400,27.87,D
sz000021,深科技,2025-09-30 09:45:00,27.87,12800,27.87,D
sz000021,深科技,2025-09-30 09:45:03,27.87,10200,27.87,D
sz000021,深科技,2025-09-30 09:45:09,27.87,9700,27.87,D
sz000021,深科技,2025-09-30 09:45:12,27.87,30400,27.87,D
sz000021,深科技,2025-09-30 09:45:18,27.87,7900,27.87,D
sz000021,深科技,2025-09-30 09:45:21,27.87,16400,27.87,D
sz000021,深科技,2025-09-30 09:45:24,27.87,8700,27.87,D
sz000021,深科技,2025-09-30 09:45:27,27.87,17416,27.87,D
sz000021,深科技,2025-09-30 09:45:30,27.87,7200,27.87,D
sz000021,深科技,2025-09-30 09:45:36,27.87,8500,27.87,D
sz000021,深科技,2025-09-30 09:45:39,27.87,9500,27.87,D
sz000021,深科技,2025-09-30 09:45:42,27.87,10400,27.87,D
sz000021,深科技,2025-09-30 09:45:45,27.87,14400,27.87,D
sz000021,深科技,2025-09-30 09:45:48,27.87,101200,27.87,D
sz000021,深科技,2025-09-30 09:45:51,27.87,105400,27.87,D
sz000021,深科技,2025-09-30 09:45:54,27.87,13000,27.87,D
sz000021,深科技,2025-09-30 09:45:57,27.87,18300,27.87,D
sz000021,深科技,2025-09-30 09:46:00,27.87,71800,27.87,D
sz000021,深科技,2025-09-30 09:46:03,27.87,9800,27.87,D
sz000021,深科技,2025-09-30 09:46:09,27.87,25800,27.87,D
sz000021,深科技,2025-09-30 09:46:21,27.87,11900,27.87,D
sz000021,深科技,2025-09-30 09:46:24,27.87,32500,27.87,D
sz000021,深科技,2025-09-30 09:46:30,27.87,43800,27.87,D
sz000021,深科技,2025-09-30 09:46:33,27.87,13100,27.87,D
sz000021,深科技,2025-09-30 09:46:42,27.87,31900,27.87,D
sz000021,深科技,2025-09-30 09:46:45,27.87,13200,27.87,D
sz000021,深科技,2025-09-30 09:46:48,27.87,10300,27.87,D
sz000021,深科技,2025-09-30 09:46:57,27.87,22800,27.87,D
sz000021,深科技,2025-09-30 09:47:03,27.87,9900,27.87,D
sz000021,深科技,2025-09-30 09:47:09,27.87,72900,27.87,D
sz000021,深科技,2025-09-30 09:47:12,27.87,12500,27.87,D
sz000021,深科技,2025-09-30 09:47:15,27.87,50700,27.87,D
sz000021,深科技,2025-09-30 09:47:18,27.87,17000,27.87,D
sz000021,深科技,2025-09-30 09:47:24,27.87,20800,27.87,D
sz000021,深科技,2025-09-30 09:47:27,27.87,16900,27.87,D
sz000021,深科技,2025-09-30 09:47:30,27.87,57800,27.87,D
sz000021,深科技,2025-09-30 09:47:33,27.87,21300,27.87,D
sz000021,深科技,2025-09-30 09:47:36,27.87,18000,27.87,D
sz000021,深科技,2025-09-30 09:47:42,27.87,12700,27.87,D
sz000021,深科技,2025-09-30 09:47:45,27.87,24000,27.87,D
sz000021,深科技,2025-09-30 09:47:48,27.87,16000,27.87,D
sz000021,深科技,2025-09-30 09:47:51,27.87,11400,27.87,D
sz000021,深科技,2025-09-30 09:47:57,27.87,8700,27.87,D
sz000021,深科技,2025-09-30 09:48:03,27.87,12900,27.87,D
sz000021,深科技,2025-09-30 09:48:06,27.87,7900,27.87,D
sz000021,深科技,2025-09-30 09:48:09,27.87,28300,27.87,D
sz000021,深科技,2025-09-30 09:48:12,27.87,11100,27.87,D
sz000021,深科技,2025-09-30 09:48:15,27.87,8100,27.87,D
sz000021,深科技,2025-09-30 09:48:18,27.87,8900,27.87,D
sz000021,深科技,2025-09-30 09:48:21,27.87,10600,27.87,D
sz000021,深科技,2025-09-30 09:48:24,27.87,11400,27.87,D
sz000021,深科技,2025-09-30 09:48:30,27.87,13900,27.87,D
sz000021,深科技,2025-09-30 09:48:39,27.87,22700,27.87,D
sz000021,深科技,2025-09-30 09:48:54,27.87,9100,27.87,D
sz000021,深科技,2025-09-30 09:49:00,27.87,11100,27.87,D
sz000021,深科技,2025-09-30 09:49:03,27.87,15900,27.87,D
sz000021,深科技,2025-09-30 09:49:21,27.87,11100,27.87,D
sz000021,深科技,2025-09-30 09:49:33,27.87,14900,27.87,D
sz000021,深科技,2025-09-30 09:49:39,27.87,8500,27.87,D
sz000021,深科技,2025-09-30 09:49:45,27.87,20500,27.87,D
sz000021,深科技,2025-09-30 09:49:48,27.87,10600,27.87,D
sz000021,深科技,2025-09-30 09:49:54,27.87,12200,27.87,D
sz000021,深科技,2025-09-30 09:50:00,27.87,59700,27.87,D
sz000021,深科技,2025-09-30 09:50:03,27.87,9600,27.87,D
sz000021,深科技,2025-09-30 09:50:09,27.87,7200,27.87,D
sz000021,深科技,2025-09-30 09:50:12,27.87,56600,27.87,D
sz000021,深科技,2025-09-30 09:50:18,27.87,32300,27.87,D
sz000021,深科技,2025-09-30 09:50:30,27.87,26400,27.87,D
sz000021,深科技,2025-09-30 09:50:36,27.87,10300,27.87,D
sz000021,深科技,2025-09-30 09:50:42,27.87,25400,27.87,D
sz000021,深科技,2025-09-30 09:50:48,27.87,7900,27.87,D
sz000021,深科技,2025-09-30 09:50:51,27.87,17800,27.87,D
sz000021,深科技,2025-09-30 09:50:57,27.87,42700,27.87,D
sz000021,深科技,2025-09-30 09:51:21,27.87,7700,27.87,D
sz000021,深科技,2025-09-30 09:51:24,27.87,7700,27.87,D
sz000021,深科技,2025-09-30 09:51:30,27.87,26500,27.87,D
sz000021,深科技,2025-09-30 09:51:39,27.87,15100,27.87,D
sz000021,深科技,2025-09-30 09:51:45,27.87,7600,27.87,D
sz000021,深科技,2025-09-30 09:51:48,27.87,10300,27.87,D
sz000021,深科技,2025-09-30 09:52:03,27.87,9700,27.87,D
sz000021,深科技,2025-09-30 09:52:09,27.87,19200,27.87,D
sz000021,深科技,2025-09-30 09:52:12,27.87,14900,27.87,D
sz000021,深科技,2025-09-30 09:52:15,27.87,9800,27.87,D
sz000021,深科技,2025-09-30 09:52:27,27.87,8700,27.87,D
sz000021,深科技,2025-09-30 09:52:30,27.87,13900,27.87,D
sz000021,深科技,2025-09-30 09:52:33,27.87,69400,27.87,D
sz000021,深科技,2025-09-30 09:52:36,27.87,30100,27.87,D
sz000021,深科技,2025-09-30 09:52:39,27.87,7600,27.87,D
sz000021,深科技,2025-09-30 09:52:42,27.87,9700,27.87,D
sz000021,深科技,2025-09-30 09:52:48,27.87,9900,27.87,D
sz000021,深科技,2025-09-30 09:52:51,27.87,21600,27.87,D
sz000021,深科技,2025-09-30 09:53:00,27.87,18600,27.87,D
sz000021,深科技,2025-09-30 09:53:21,27.87,11800,27.87,D
sz000021,深科技,2025-09-30 09:53:24,27.87,11200,27.87,D
sz000021,深科技,2025-09-30 09:53:27,27.87,10100,27.87,D
sz000021,深科技,2025-09-30 09:53:36,27.87,15900,27.87,D
sz000021,深科技,2025-09-30 09:53:39,27.87,8900,27.87,D
sz000021,深科技,2025-09-30 09:53:54,27.87,11000,27.87,D
sz000021,深科技,2025-09-30 09:53:57,27.87,8400,27.87,D
sz000021,深科技,2025-09-30 09:54:06,27.87,12600,27.87,D
sz000021,深科技,2025-09-30 09:54:15,27.87,15800,27.87,D
sz000021,深科技,2025-09-30 09:54:21,27.87,12600,27.87,D
sz000021,深科技,2025-09-30 09:54:24,27.87,8100,27.87,D
sz000021,深科技,2025-09-30 09:54:27,27.87,9200,27.87,D
sz000021,深科技,2025-09-30 09:54:33,27.87,41100,27.87,D
sz000021,深科技,2025-09-30 09:54:36,27.87,31000,27.87,D
sz000021,深科技,2025-09-30 09:54:39,27.87,11100,27.87,D
sz000021,深科技,2025-09-30 09:54:42,27.87,71900,27.87,D
sz000021,深科技,2025-09-30 09:54:48,27.87,48200,27.87,D
sz000021,深科技,2025-09-30 09:54:51,27.87,21500,27.87,D
sz000021,深科技,2025-09-30 09:54:54,27.87,11700,27.87,D
sz000021,深科技,2025-09-30 09:55:03,27.87,11000,27.87,D
sz000021,深科技,2025-09-30 09:55:24,27.87,25300,27.87,D
sz000021,深科技,2025-09-30 09:55:27,27.87,40100,27.87,D
sz000021,深科技,2025-09-30 09:55:36,27.87,8300,27.87,D
sz000021,深科技,2025-09-30 09:55:39,27.87,17400,27.87,D
sz000021,深科技,2025-09-30 09:55:42,27.87,28100,27.87,D
sz000021,深科技,2025-09-30 09:55:45,27.87,21600,27.87,D
sz000021,深科技,2025-09-30 09:55:51,27.87,8800,27.87,D
sz000021,深科技,2025-09-30 09:55:54,27.87,8000,27.87,D
sz000021,深科技,2025-09-30 09:55:57,27.87,26800,27.87,D
sz000021,深科技,2025-09-30 09:56:00,27.87,67900,27.87,D
sz000021,深科技,2025-09-30 09:56:06,27.87,255100,27.87,D
sz000021,深科技,2025-09-30 09:56:12,27.87,12900,27.87,D
sz000021,深科技,2025-09-30 09:56:15,27.87,7500,27.87,D
sz000021,深科技,2025-09-30 09:56:18,27.87,29900,27.87,D
sz000021,深科技,2025-09-30 09:56:21,27.87,17800,27.87,D
sz000021,深科技,2025-09-30 09:56:24,27.87,54900,27.87,D
sz000021,深科技,2025-09-30 09:56:27,27.87,37600,27.87,D
sz000021,深科技,2025-09-30 09:56:30,27.87,53200,27.87,D
sz000021,深科技,2025-09-30 09:56:33,27.87,9600,27.87,D
sz000021,深科技,2025-09-30 09:56:36,27.87,13800,27.87,D
sz000021,深科技,2025-09-30 09:56:39,27.87,12100,27.87,D
sz000021,深科技,2025-09-30 09:56:42,27.87,27900,27.87,D
sz000021,深科技,2025-09-30 09:56:45,27.87,46000,27.87,D
sz000021,深科技,2025-09-30 09:56:51,27.87,24200,27.87,D
sz000021,深科技,2025-09-30 09:57:00,27.87,8100,27.87,D
sz000021,深科技,2025-09-30 09:57:06,27.87,15600,27.87,D
sz000021,深科技,2025-09-30 09:57:12,27.87,11700,27.87,D
sz000021,深科技,2025-09-30 09:57:24,27.87,10800,27.87,D
sz000021,深科技,2025-09-30 09:57:27,27.87,17000,27.87,D
sz000021,深科技,2025-09-30 09:57:33,27.87,7500,27.87,D
sz000021,深科技,2025-09-30 09:57:45,27.87,22000,27.87,D
sz000021,深科技,2025-09-30 09:57:48,27.87,37900,27.87,D
sz000021,深科技,2025-09-30 09:57:51,27.87,22200,27.87,D
sz000021,深科技,2025-09-30 09:57:57,27.87,10700,27.87,D
sz000021,深科技,2025-09-30 09:58:03,27.87,11700,27.87,D
sz000021,深科技,2025-09-30 09:58:06,27.87,9600,27.87,D
sz000021,深科技,2025-09-30 09:58:09,27.87,9100,27.87,D
sz000021,深科技,2025-09-30 09:58:12,27.87,11300,27.87,D
sz000021,深科技,2025-09-30 09:58:15,27.87,7600,27.87,D
sz000021,深科技,2025-09-30 09:58:24,27.87,16700,27.87,D
sz000021,深科技,2025-09-30 09:58:30,27.87,51800,27.87,D
sz000021,深科技,2025-09-30 09:58:33,27.87,17400,27.87,D
sz000021,深科技,2025-09-30 09:59:06,27.87,16700,27.87,D
sz000021,深科技,2025-09-30 09:59:12,27.87,36000,27.87,D
sz000021,深科技,2025-09-30 09:59:24,27.87,29000,27.87,D
sz000021,深科技,2025-09-30 09:59:27,27.87,14800,27.87,D
sz000021,深科技,2025-09-30 09:59:36,27.87,51800,27.87,D
sz000021,深科技,2025-09-30 09:59:45,27.87,17500,27.87,D
sz000021,深科技,2025-09-30 09:59:51,27.87,21900,27.87,D
sz000021,深科技,2025-09-30 09:59:57,27.87,23500,27.87,D
sz000021,深科技,2025-09-30 10:00:00,27.87,20600,27.87,D
sz000021,深科技,2025-09-30 10:00:03,27.87,14200,27.87,D
sz000021,深科技,2025-09-30 10:00:09,27.87,52200,27.87,D
sz000021,深科技,2025-09-30 10:00:12,27.87,8600,27.87,D
sz000021,深科技,2025-09-30 10:00:18,27.87,34100,27.87,D
sz000021,深科技,2025-09-30 10:00:24,27.87,9200,27.87,D
sz000021,深科技,2025-09-30 10:00:33,27.87,11200,27.87,D
sz000021,深科技,2025-09-30 10:00:42,27.87,13400,27.87,D
sz000021,深科技,2025-09-30 10:00:51,27.87,54000,27.87,D
sz000021,深科技,2025-09-30 10:00:57,27.87,9300,27.87,D
sz000021,深科技,2025-09-30 10:01:03,27.87,17300,27.87,D
sz000021,深科技,2025-09-30 10:01:09,27.87,41700,27.87,D
sz000021,深科技,2025-09-30 10:01:12,27.87,36700,27.87,D
sz000021,深科技,2025-09-30 10:01:21,27.87,16400,27.87,D
sz000021,深科技,2025-09-30 10:01:24,27.87,13600,27.87,D
sz000021,深科技,2025-09-30 10:01:30,27.87,30800,27.87,D
sz000021,深科技,2025-09-30 10:01:36,27.87,7800,27.87,D
sz000021,深科技,2025-09-30 10:01:42,27.87,56900,27.87,D
sz000021,深科技,2025-09-30 10:01:51,27.87,59300,27.87,D
sz000021,深科技,2025-09-30 10:02:03,27.87,40800,27.87,D
sz000021,深科技,2025-09-30 10:02:06,27.87,8548,27.87,D
sz000021,深科技,2025-09-30 10:02:09,27.87,28100,27.87,D
sz000021,深科技,2025-09-30 10:02:12,27.87,14200,27.87,D
sz000021,深科技,2025-09-30 10:02:15,27.87,17000,27.87,D
sz000021,深科技,2025-09-30 10:02:18,27.87,9600,27.87,D
sz000021,深科技,2025-09-30 10:02:27,27.87,17300,27.87,D
sz000021,深科技,2025-09-30 10:02:30,27.87,24900,27.87,D
sz000021,深科技,2025-09-30 10:02:36,27.87,28600,27.87,D
sz000021,深科技,2025-09-30 10:02:42,27.87,39300,27.87,D
sz000021,深科技,2025-09-30 10:02:45,27.87,11700,27.87,D
sz000021,深科技,2025-09-30 10:02:51,27.87,30800,27.87,D
sz000021,深科技,2025-09-30 10:02:57,27.87,42900,27.87,D
sz000021,深科技,2025-09-30 10:03:06,27.87,31100,27.87,D
sz000021,深科技,2025-09-30 10:03:09,27.87,46100,27.87,D
sz000021,深科技,2025-09-30 10:03:12,27.87,12200,27.87,D
sz000021,深科技,2025-09-30 10:03:15,27.87,24900,27.87,D
sz000021,深科技,2025-09-30 10:03:30,27.87,14100,27.87,D
sz000021,深科技,2025-09-30 10:03:45,27.87,8100,27.87,D
sz000021,深科技,2025-09-30 10:03:51,27.87,10300,27.87,D
sz000021,深科技,2025-09-30 10:04:00,27.87,7400,27.87,D
sz000021,深科技,2025-09-30 10:04:09,27.87,37600,27.87,D
sz000021,深科技,2025-09-30 10:04:24,27.87,18600,27.87,D
sz000021,深科技,2025-09-30 10:04:45,27.87,26300,27.87,D
sz000021,深科技,2025-09-30 10:04:48,27.87,12700,27.87,D
sz000021,深科技,2025-09-30 10:04:54,27.87,7900,27.87,D
sz000021,深科技,2025-09-30 10:04:57,27.87,9100,27.87,D
sz000021,深科技,2025-09-30 10:05:03,27.87,7200,27.87,D
sz000021,深科技,2025-09-30 10:05:06,27.87,7200,27.87,D
sz000021,深科技,2025-09-30 10:05:27,27.87,22300,27.87,D
sz000021,深科技,2025-09-30 10:05:36,27.87,13700,27.87,D
sz000021,深科技,2025-09-30 10:05:51,27.87,7200,27.87,D
sz000021,深科技,2025-09-30 10:05:57,27.87,8100,27.87,D
sz000021,深科技,2025-09-30 10:06:09,27.87,8100,27.87,D
sz000021,深科技,2025-09-30 10:06:15,27.87,8400,27.87,D
sz000021,深科技,2025-09-30 10:06:48,27.87,20900,27.87,D
sz000021,深科技,2025-09-30 10:07:06,27.87,7400,27.87,D
sz000021,深科技,2025-09-30 10:07:12,27.87,17300,27.87,D
sz000021,深科技,2025-09-30 10:07:15,27.87,34100,27.87,D
sz000021,深科技,2025-09-30 10:07:18,27.87,9900,27.87,D
sz000021,深科技,2025-09-30 10:07:48,27.87,14600,27.87,D
sz000021,深科技,2025-09-30 10:07:54,27.87,38700,27.87,D
sz000021,深科技,2025-09-30 10:07:57,27.87,9100,27.87,D
sz000021,深科技,2025-09-30 10:08:06,27.87,20700,27.87,D
sz000021,深科技,2025-09-30 10:08:09,27.87,10200,27.87,D
sz000021,深科技,2025-09-30 10:08:15,27.87,11800,27.87,D
sz000021,深科技,2025-09-30 10:08:18,27.87,7300,27.87,D
sz000021,深科技,2025-09-30 10:08:24,27.87,17900,27.87,D
sz000021,深科技,2025-09-30 10:08:27,27.87,19300,27.87,D
sz000021,深科技,2025-09-30 10:08:30,27.87,11100,27.87,D
sz000021,深科技,2025-09-30 10:08:36,27.87,11600,27.87,D
sz000021,深科技,2025-09-30 10:08:39,27.87,7500,27.87,D
sz000021,深科技,2025-09-30 10:08:51,27.87,14500,27.87,D
sz000021,深科技,2025-09-30 10:08:54,27.87,33300,27.87,D
sz000021,深科技,2025-09-30 10:09:12,27.87,12800,27.87,D
sz000021,深科技,2025-09-30 10:09:15,27.87,10400,27.87,D
sz000021,深科技,2025-09-30 10:09:21,27.87,146600,27.87,D
sz000021,深科技,2025-09-30 10:09:24,27.87,18200,27.87,D
sz000021,深科技,2025-09-30 10:09:36,27.87,12500,27.87,D
sz000021,深科技,2025-09-30 10:09:51,27.87,9400,27.87,D
sz000021,深科技,2025-09-30 10:09:57,27.87,10800,27.87,D
sz000021,深科技,2025-09-30 10:10:00,27.87,8900,27.87,D
sz000021,深科技,2025-09-30 10:10:03,27.87,18900,27.87,D
sz000021,深科技,2025-09-30 10:10:06,27.87,43100,27.87,D
sz000021,深科技,2025-09-30 10:10:09,27.87,7400,27.87,D
sz000021,深科技,2025-09-30 10:10:12,27.87,15400,27.87,D
sz000021,深科技,2025-09-30 10:10:18,27.87,7300,27.87,D
sz000021,深科技,2025-09-30 10:10:24,27.87,16900,27.87,D
sz000021,深科技,2025-09-30 10:10:27,27.87,140500,27.87,D
sz000021,深科技,2025-09-30 10:10:30,27.87,13900,27.87,D
sz000021,深科技,2025-09-30 10:10:36,27.87,8600,27.87,D
sz000021,深科技,2025-09-30 10:10:42,27.87,15300,27.87,D
sz000021,深科技,2025-09-30 10:10:48,27.87,12500,27.87,D
sz000021,深科技,2025-09-30 10:10:57,27.87,7200,27.87,D
sz000021,深科技,2025-09-30 10:11:00,27.87,10900,27.87,D
sz000021,深科技,2025-09-30 10:11:03,27.87,20700,27.87,D
sz000021,深科技,2025-09-30 10:11:12,27.87,7300,27.87,D
sz000021,深科技,2025-09-30 10:11:24,27.87,18800,27.87,D
sz000021,深科技,2025-09-30 10:11:27,27.87,11400,27.87,D
sz000021,深科技,2025-09-30 10:11:30,27.87,8200,27.87,D
sz000021,深科技,2025-09-30 10:11:51,27.87,8000,27.87,D
sz000021,深科技,2025-09-30 10:12:00,27.87,12300,27.87,D
sz000021,深科技,2025-09-30 10:12:09,27.87,22000,27.87,D
sz000021,深科技,2025-09-30 10:12:15,27.87,25400,27.87,D
sz000021,深科技,2025-09-30 10:12:18,27.87,16000,27.87,D
sz000021,深科技,2025-09-30 10:12:39,27.87,102400,27.87,D
sz000021,深科技,2025-09-30 10:12:42,27.87,8200,27.87,D
sz000021,深科技,2025-09-30 10:12:48,27.87,10000,27.87,D
sz000021,深科技,2025-09-30 10:13:09,27.87,139700,27.87,D
sz000021,深科技,2025-09-30 10:13:18,27.87,10400,27.87,D
sz000021,深科技,2025-09-30 10:13:21,27.87,7200,27.87,D
sz000021,深科技,2025-09-30 10:13:39,27.87,10500,27.87,D
sz000021,深科技,2025-09-30 10:13:48,27.87,18700,27.87,D
sz000021,深科技,2025-09-30 10:13:57,27.87,12200,27.87,D
sz000021,深科技,2025-09-30 10:14:06,27.87,33200,27.87,D
sz000021,深科技,2025-09-30 10:14:18,27.87,8300,27.87,D
sz000021,深科技,2025-09-30 10:14:51,27.87,8300,27.87,D
sz000021,深科技,2025-09-30 10:15:09,27.87,100100,27.87,D
sz000021,深科技,2025-09-30 10:15:27,27.87,7700,27.87,D
sz000021,深科技,2025-09-30 10:15:51,27.87,11100,27.87,D
sz000021,深科技,2025-09-30 10:15:54,27.87,7400,27.87,D
sz000021,深科技,2025-09-30 10:16:00,27.87,10100,27.87,D
sz000021,深科技,2025-09-30 10:16:06,27.87,22300,27.87,D
sz000021,深科技,2025-09-30 10:16:33,27.87,24800,27.87,D
sz000021,深科技,2025-09-30 10:17:09,27.87,19800,27.87,D
sz000021,深科技,2025-09-30 10:17:15,27.87,8400,27.87,D
sz000021,深科技,2025-09-30 10:17:21,27.87,28800,27.87,D
sz000021,深科技,2025-09-30 10:17:33,27.87,9800,27.87,D
sz000021,深科技,2025-09-30 10:17:39,27.87,33900,27.87,D
sz000021,深科技,2025-09-30 10:18:15,27.87,10000,27.87,D
sz000021,深科技,2025-09-30 10:18:30,27.87,10600,27.87,D
sz000021,深科技,2025-09-30 10:18:48,27.87,26900,27.87,D
sz000021,深科技,2025-09-30 10:19:21,27.87,14400,27.87,D
sz000021,深科技,2025-09-30 10:19:30,27.87,7600,27.87,D
sz000021,深科技,2025-09-30 10:19:45,27.87,12000,27.87,D
sz000021,深科技,2025-09-30 10:20:42,27.87,22600,27.87,D
sz000021,深科技,2025-09-30 10:20:51,27.87,30000,27.87,D
sz000021,深科技,2025-09-30 10:20:57,27.87,8000,27.87,D
sz000021,深科技,2025-09-30 10:21:03,27.87,21300,27.87,D
sz000021,深科技,2025-09-30 10:21:12,27.87,18700,27.87,D
sz000021,深科技,2025-09-30 10:21:39,27.87,7400,27.87,D
sz000021,深科技,2025-09-30 10:21:54,27.87,19200,27.87,D
sz000021,深科技,2025-09-30 10:22:57,27.87,12000,27.87,D
sz000021,深科技,2025-09-30 10:23:27,27.87,7200,27.87,D
sz000021,深科技,2025-09-30 10:23:30,27.87,10200,27.87,D
sz000021,深科技,2025-09-30 10:23:33,27.87,16100,27.87,D
sz000021,深科技,2025-09-30 10:25:09,27.87,11100,27.87,D
sz000021,深科技,2025-09-30 10:25:36,27.87,9000,27.87,D
sz000021,深科技,2025-09-30 10:25:48,27.87,8100,27.87,D
sz000021,深科技,2025-09-30 10:25:57,27.87,10000,27.87,D
sz000021,深科技,2025-09-30 10:26:21,27.87,30900,27.87,D
sz000021,深科技,2025-09-30 10:26:36,27.87,47400,27.87,D
sz000021,深科技,2025-09-30 10:26:51,27.87,24500,27.87,D
sz000021,深科技,2025-09-30 10:26:54,27.87,11100,27.87,D
sz000021,深科技,2025-09-30 10:26:57,27.87,21700,27.87,D
sz000021,深科技,2025-09-30 10:27:15,27.87,8900,27.87,D
sz000021,深科技,2025-09-30 10:27:21,27.87,22200,27.87,D
sz000021,深科技,2025-09-30 10:27:39,27.87,27300,27.87,D
sz000021,深科技,2025-09-30 10:27:57,27.87,58600,27.87,D
sz000021,深科技,2025-09-30 10:28:03,27.87,33000,27.87,D
sz000021,深科技,2025-09-30 10:28:21,27.87,7800,27.87,D
sz000021,深科技,2025-09-30 10:28:33,27.87,16900,27.87,D
sz000021,深科技,2025-09-30 10:28:45,27.87,7600,27.87,D
sz000021,深科技,2025-09-30 10:29:54,27.87,8400,27.87,D
sz000021,深科技,2025-09-30 10:30:21,27.87,65200,27.87,D
sz000021,深科技,2025-09-30 10:30:24,27.87,54700,27.87,D
sz000021,深科技,2025-09-30 10:30:54,27.87,14400,27.87,D
sz000021,深科技,2025-09-30 10:30:57,27.87,23400,27.87,D
sz000021,深科技,2025-09-30 10:31:15,27.87,7400,27.87,D
sz000021,深科技,2025-09-30 10:31:36,27.87,40600,27.87,D
sz000021,深科技,2025-09-30 10:31:45,27.87,8500,27.87,D
sz000021,深科技,2025-09-30 10:31:48,27.87,10300,27.87,D
sz000021,深科技,2025-09-30 10:32:06,27.87,66500,27.87,D
sz000021,深科技,2025-09-30 10:33:00,27.87,14200,27.87,D
sz000021,深科技,2025-09-30 10:33:18,27.87,10600,27.87,D
sz000021,深科技,2025-09-30 10:33:21,27.87,9200,27.87,D
sz000021,深科技,2025-09-30 10:33:42,27.87,7200,27.87,D
sz000021,深科技,2025-09-30 10:33:48,27.87,10300,27.87,D
sz000021,深科技,2025-09-30 10:34:03,27.87,7900,27.87,D
sz000021,深科技,2025-09-30 10:34:06,27.87,12000,27.87,D
sz000021,深科技,2025-09-30 10:34:45,27.87,22200,27.87,D
sz000021,深科技,2025-09-30 10:34:48,27.87,8200,27.87,D
sz000021,深科技,2025-09-30 10:35:39,27.87,13000,27.87,D
sz000021,深科技,2025-09-30 10:36:03,27.87,15500,27.87,D
sz000021,深科技,2025-09-30 10:36:45,27.87,7700,27.87,D
sz000021,深科技,2025-09-30 10:37:27,27.87,59800,27.87,D
sz000021,深科技,2025-09-30 10:38:48,27.87,13800,27.87,D
sz000021,深科技,2025-09-30 10:40:12,27.87,43900,27.87,D
sz000021,深科技,2025-09-30 10:40:21,27.87,7400,27.87,D
sz000021,深科技,2025-09-30 10:40:39,27.87,13500,27.87,D
sz000021,深科技,2025-09-30 10:42:30,27.87,9800,27.87,D
sz000021,深科技,2025-09-30 10:43:00,27.87,9800,27.87,D
sz000021,深科技,2025-09-30 10:43:06,27.87,24500,27.87,D
sz000021,深科技,2025-09-30 10:45:39,27.87,8700,27.87,D
sz000021,深科技,2025-09-30 10:47:30,27.87,8500,27.87,D
sz000021,深科技,2025-09-30 10:48:12,27.87,20500,27.87,D
sz000021,深科技,2025-09-30 10:48:30,27.87,9900,27.87,D
sz000021,深科技,2025-09-30 10:49:24,27.87,188400,27.87,D
sz000021,深科技,2025-09-30 10:50:18,27.87,39000,27.87,D
sz000021,深科技,2025-09-30 10:50:54,27.87,8000,27.87,D
sz000021,深科技,2025-09-30 10:51:27,27.87,9000,27.87,D
sz000021,深科技,2025-09-30 10:51:57,27.87,12800,27.87,D
sz000021,深科技,2025-09-30 10:54:12,27.87,8500,27.87,D
sz000021,深科技,2025-09-30 10:56:36,27.87,13000,27.87,D
sz000021,深科技,2025-09-30 10:58:48,27.87,9300,27.87,D
sz000021,深科技,2025-09-30 11:01:39,27.87,10000,27.87,D
sz000021,深科技,2025-09-30 11:02:24,27.87,7200,27.87,D
sz000021,深科技,2025-09-30 11:03:15,27.87,8500,27.87,D
sz000021,深科技,2025-09-30 11:03:21,27.87,11000,27.87,D
sz000021,深科技,2025-09-30 11:06:45,27.87,9100,27.87,D
sz000021,深科技,2025-09-30 11:07:42,27.87,15700,27.87,D
sz000021,深科技,2025-09-30 11:09:45,27.87,57500,27.87,D
sz000021,深科技,2025-09-30 11:12:09,27.87,13500,27.87,D
sz000021,深科技,2025-09-30 11:12:48,27.87,11800,27.87,D
sz000021,深科技,2025-09-30 11:13:06,27.87,9300,27.87,D
sz000021,深科技,2025-09-30 11:13:27,27.87,8900,27.87,D
sz000021,深科技,2025-09-30 11:13:39,27.87,10300,27.87,D
sz000021,深科技,2025-09-30 11:14:09,27.87,20000,27.87,D
sz000021,深科技,2025-09-30 11:14:42,27.87,14700,27.87,D
sz000021,深科技,2025-09-30 11:17:27,27.87,20800,27.87,D
sz000021,深科技,2025-09-30 11:17:36,27.87,22100,27.87,D
sz000021,深科技,2025-09-30 11:19:21,27.87,8900,27.87,D
sz000021,深科技,2025-09-30 11:23:06,27.87,49200,27.87,D
sz000021,深科技,2025-09-30 13:00:00,27.87,49800,27.87,D
sz000021,深科技,2025-09-30 13:00:03,27.87,218900,27.87,D
sz000021,深科技,2025-09-30 13:00:06,27.87,10800,27.87,D
sz000021,深科技,2025-09-30 13:00:39,27.87,9300,27.87,D
sz000021,深科技,2025-09-30 13:00:45,27.87,7900,27.87,D
sz000021,深科技,2025-09-30 13:04:15,27.87,10500,27.87,D
sz000021,深科技,2025-09-30 13:04:18,27.87,13500,27.87,D
sz000021,深科技,2025-09-30 13:05:06,27.87,11400,27.87,D
sz000021,深科技,2025-09-30 13:05:15,27.87,9200,27.87,D
sz000021,深科技,2025-09-30 13:07:36,27.87,9500,27.87,D
sz000021,深科技,2025-09-30 13:07:39,27.87,22700,27.87,D
sz000021,深科技,2025-09-30 13:09:48,27.87,7300,27.87,D
sz000021,深科技,2025-09-30 13:12:51,27.87,32000,27.87,D
sz000021,深科技,2025-09-30 13:13:33,27.87,9200,27.87,D
sz000021,深科技,2025-09-30 13:15:21,27.87,30800,27.87,D
sz000021,深科技,2025-09-30 13:15:27,27.87,114300,27.87,D
sz000021,深科技,2025-09-30 13:18:33,27.87,96600,27.87,D
sz000021,深科技,2025-09-30 13:18:51,27.87,52500,27.87,D
sz000021,深科技,2025-09-30 13:19:30,27.87,9800,27.87,D
sz000021,深科技,2025-09-30 13:19:54,27.87,48000,27.87,D
sz000021,深科技,2025-09-30 13:21:39,27.87,9000,27.87,D
sz000021,深科技,2025-09-30 13:24:09,27.87,252000,27.87,D
sz000021,深科技,2025-09-30 13:24:18,27.87,15600,27.87,D
sz000021,深科技,2025-09-30 13:25:09,27.87,10000,27.87,D
sz000021,深科技,2025-09-30 13:25:39,27.87,66100,27.87,D
sz000021,深科技,2025-09-30 13:27:09,27.87,10200,27.87,D
sz000021,深科技,2025-09-30 13:27:42,27.87,7500,27.87,D
sz000021,深科技,2025-09-30 13:28:30,27.87,11800,27.87,D
sz000021,深科技,2025-09-30 13:29:21,27.87,8200,27.87,D
sz000021,深科技,2025-09-30 13:29:27,27.87,8000,27.87,D
sz000021,深科技,2025-09-30 13:29:57,27.87,30000,27.87,D
sz000021,深科技,2025-09-30 13:31:15,27.87,10200,27.87,D
sz000021,深科技,2025-09-30 13:32:21,27.87,75100,27.87,D
sz000021,深科技,2025-09-30 13:34:03,27.87,38600,27.87,D
sz000021,深科技,2025-09-30 13:35:12,27.87,10300,27.87,D
sz000021,深科技,2025-09-30 13:35:48,27.87,11000,27.87,D
sz000021,深科技,2025-09-30 13:37:00,27.87,88900,27.87,D
sz000021,深科技,2025-09-30 13:38:45,27.87,7200,27.87,D
sz000021,深科技,2025-09-30 13:40:42,27.87,20000,27.87,D
sz000021,深科技,2025-09-30 13:46:18,27.87,37700,27.87,D
sz000021,深科技,2025-09-30 13:46:36,27.87,16700,27.87,D
sz000021,深科技,2025-09-30 13:50:12,27.87,14400,27.87,D
sz000021,深科技,2025-09-30 13:50:36,27.87,10100,27.87,D
sz000021,深科技,2025-09-30 13:51:45,27.87,21300,27.87,D
sz000021,深科技,2025-09-30 13:53:54,27.87,8600,27.87,D
sz000021,深科技,2025-09-30 13:56:36,27.87,12800,27.87,D
sz000021,深科技,2025-09-30 13:58:00,27.87,7500,27.87,D
sz000021,深科技,2025-09-30 13:58:27,27.87,10500,27.87,D
sz000021,深科技,2025-09-30 14:01:06,27.87,28800,27.87,D
sz000021,深科技,2025-09-30 14:01:57,27.87,13500,27.87,D
sz000021,深科技,2025-09-30 14:02:09,27.87,11600,27.87,D
sz000021,深科技,2025-09-30 14:03:24,27.87,20200,27.87,D
sz000021,深科技,2025-09-30 14:03:27,27.87,11100,27.87,D
sz000021,深科技,2025-09-30 14:03:33,27.87,51700,27.87,D
sz000021,深科技,2025-09-30 14:03:36,27.87,26600,27.87,D
sz000021,深科技,2025-09-30 14:03:42,27.87,13300,27.87,D
sz000021,深科技,2025-09-30 14:03:51,27.87,14000,27.87,D
sz000021,深科技,2025-09-30 14:03:54,27.87,10000,27.87,D
sz000021,深科技,2025-09-30 14:04:00,27.87,7600,27.87,D
sz000021,深科技,2025-09-30 14:04:12,27.87,12600,27.87,D
sz000021,深科技,2025-09-30 14:04:21,27.87,13000,27.87,D
sz000021,深科技,2025-09-30 14:04:36,27.87,10100,27.87,D
sz000021,深科技,2025-09-30 14:05:03,27.87,20800,27.87,D
sz000021,深科技,2025-09-30 14:05:54,27.87,20000,27.87,D
sz000021,深科技,2025-09-30 14:06:15,27.87,12200,27.87,D
sz000021,深科技,2025-09-30 14:06:24,27.87,12800,27.87,D
sz000021,深科技,2025-09-30 14:06:30,27.87,10000,27.87,D
sz000021,深科技,2025-09-30 14:06:39,27.87,47100,27.87,D
sz000021,深科技,2025-09-30 14:06:57,27.87,10800,27.87,D
sz000021,深科技,2025-09-30 14:07:03,27.87,22000,27.87,D
sz000021,深科技,2025-09-30 14:07:21,27.87,15300,27.87,D
sz000021,深科技,2025-09-30 14:07:51,27.87,12900,27.87,D
sz000021,深科技,2025-09-30 14:08:00,27.87,10800,27.87,D
sz000021,深科技,2025-09-30 14:08:39,27.87,10200,27.87,D
sz000021,深科技,2025-09-30 14:09:09,27.87,13100,27.87,D
sz000021,深科技,2025-09-30 14:11:00,27.87,8000,27.87,D
sz000021,深科技,2025-09-30 14:16:57,27.87,8400,27.87,D
sz000021,深科技,2025-09-30 14:17:12,27.87,8700,27.87,D
sz000021,深科技,2025-09-30 14:18:03,27.87,13400,27.87,D
sz000021,深科技,2025-09-30 14:19:57,27.87,17300,27.87,D
sz000021,深科技,2025-09-30 14:20:48,27.87,20900,27.87,D
sz000021,深科技,2025-09-30 14:21:39,27.87,11100,27.87,D
sz000021,深科技,2025-09-30 14:25:45,27.87,13700,27.87,D
sz000021,深科技,2025-09-30 14:25:57,27.87,31000,27.87,D
sz000021,深科技,2025-09-30 14:27:03,27.87,8300,27.87,D
sz000021,深科技,2025-09-30 14:29:57,27.87,7200,27.87,D
sz000021,深科技,2025-09-30 14:34:15,27.87,17650,27.87,D
sz000021,深科技,2025-09-30 14:36:00,27.87,10100,27.87,D
sz000021,深科技,2025-09-30 14:37:09,27.87,8900,27.87,D
sz000021,深科技,2025-09-30 14:37:21,27.87,10200,27.87,D
sz000021,深科技,2025-09-30 14:39:30,27.87,16500,27.87,D
sz000021,深科技,2025-09-30 14:41:33,27.87,11000,27.87,D
sz000021,深科技,2025-09-30 14:42:51,27.87,12000,27.87,D
sz000021,深科技,2025-09-30 14:43:30,27.87,7900,27.87,D
sz000021,深科技,2025-09-30 14:44:06,27.87,10000,27.87,D
sz000021,深科技,2025-09-30 14:44:18,27.87,100000,27.87,D
sz000021,深科技,2025-09-30 14:44:45,27.87,7800,27.87,D
sz000021,深科技,2025-09-30 14:45:00,27.87,10000,27.87,D
sz000021,深科技,2025-09-30 14:45:51,27.87,84300,27.87,D
sz000021,深科技,2025-09-30 14:46:48,27.87,99000,27.87,D
sz000021,深科技,2025-09-30 14:47:03,27.87,10200,27.87,D
sz000021,深科技,2025-09-30 14:48:15,27.87,45100,27.87,D
sz000021,深科技,2025-09-30 14:48:27,27.87,12000,27.87,D
sz000021,深科技,2025-09-30 14:49:03,27.87,10200,27.87,D
sz000021,深科技,2025-09-30 14:49:39,27.87,9200,27.87,D
sz000021,深科技,2025-09-30 14:52:00,27.87,19500,27.87,D
sz000021,深科技,2025-09-30 14:52:03,27.87,13200,27.87,D
sz000021,深科技,2025-09-30 14:52:45,27.87,10200,27.87,D
sz000021,深科技,2025-09-30 14:53:54,27.87,7200,27.87,D
sz000021,深科技,2025-09-30 14:54:12,27.87,11100,27.87,D
sz000021,深科技,2025-09-30 14:55:27,27.87,10000,27.87,D
sz000021,深科技,2025-09-30 14:55:39,27.87,77200,27.87,D
sz000021,深科技,2025-09-30 14:55:54,27.87,45100,27.87,D
sz000021,深科技,2025-09-30 14:55:57,27.87,22600,27.87,D
sz000021,深科技,2025-09-30 14:56:06,27.87,12400,27.87,D
sz000021,深科技,2025-09-30 14:56:12,27.87,8100,27.87,D
sz000021,深科技,2025-09-30 14:57:00,27.87,32500,27.87,U
sz000021,深科技,2025-09-30 15:00:00,27.87,238600,27.87,U
